timestamp,elapsed_sec,up_bid_p1,up_bid_s1,up_bid_p2,up_bid_s2,up_ask_p1,up_ask_s1,up_ask_p2,up_ask_s2,down_bid_p1,down_bid_s1,down_bid_p2,down_bid_s2,down_ask_p1,down_ask_s1,down_ask_p2,down_ask_s2,up_spread,down_spread,doge_price,doge_oracle_ts
1776259800.574,0.574,0.41,37.0,0.4,33.0,0.49,5.0,0.59,37.0,0.48,5.0,0.47,31.0,0.52,5.0,0.53,31.0,0.08,0.04,0.093584,1776259799000
1776259805.259,5.259,0.45,11.0,0.44,5.0,0.47,4.46,0.48,5.0,0.51,5.0,0.41,37.0,0.59,37.0,0.6,33.0,0.02,0.08,0.093603,1776259803000
1776259806.391,6.391,0.45,11.0,0.4,5.0,0.46,15.0,0.47,4.46,0.53,4.46,0.52,5.0,0.55,11.0,0.56,5.0,0.01,0.02,0.093569,1776259804000
1776259806.979,6.979,0.45,8.87,0.4,5.0,0.46,20.0,0.47,4.46,0.54,15.0,0.53,4.46,0.55,11.0,0.6,5.0,0.01,0.01,0.093568,1776259805000
1776259809.11,9.11,0.29,5.0,0.28,5.0,0.41,41.13,0.46,69.0,0.54,20.0,0.53,4.46,0.55,8.87,0.6,5.0,0.12,0.01,0.093551,1776259807000
1776259812.255,12.255,0.26,5.0,0.25,5.0,0.28,5.0,0.29,5.0,0.59,41.13,0.54,69.0,0.71,5.0,0.72,5.0,0.02,0.12,0.093499,1776259811000
1776259814.695,14.695,0.23,3.7,0.22,5.0,0.24,5.0,0.25,5.0,0.72,5.0,0.71,5.0,0.74,5.0,0.75,5.0,0.01,0.02,0.093515,1776259813000
1776259821.519,21.519,0.32,5.0,0.31,55.0,0.34,5.0,0.35,5.0,0.76,5.0,0.75,5.0,0.77,3.7,0.78,5.0,0.02,0.01,0.093513,1776259820000
1776259825.059,25.059,0.33,5.0,0.32,5.0,0.35,5.0,0.36,5.0,0.66,5.0,0.65,5.0,0.68,5.0,0.69,55.0,0.02,0.02,0.09354,1776259823000
1776259825.488,25.488,0.32,10.0,0.31,41.21,0.34,5.0,0.35,5.0,0.65,5.0,0.64,5.0,0.69,36.21,0.7,5.0,0.02,0.04,0.093534,1776259824000
1776259831.878,31.878,0.31,45.0,0.3,10.0,0.32,5.0,0.33,5.0,0.66,5.0,0.65,5.0,0.68,10.0,0.69,41.21,0.01,0.02,0.093548,1776259830000
1776259832.202,32.202,0.31,30.28,0.26,5.0,0.32,5.0,0.33,5.0,0.68,5.0,0.67,5.0,0.69,45.0,0.7,10.0,0.01,0.01,0.093548,1776259830000
1776259832.504,32.504,0.26,5.0,0.25,5.0,0.32,5.0,0.33,5.0,0.68,5.0,0.67,5.0,0.69,30.28,0.74,5.0,0.06,0.01,0.093548,1776259830000
1776259839.824,39.824,0.3,10.0,0.29,15.0,0.33,2.42,0.34,5.0,0.68,5.0,0.67,5.0,0.74,5.0,0.75,5.0,0.03,0.06,0.093542,1776259838000
1776259858.92,58.92,0.43,5.0,0.42,5.0,0.45,5.0,0.46,5.0,0.67,2.42,0.66,5.0,0.7,10.0,0.71,15.0,0.02,0.03,0.09357,1776259857000
1776259867.669,67.669,0.29,5.0,0.28,5.0,0.34,5.0,0.35,5.0,0.54,5.0,0.53,4.46,0.57,5.0,0.58,5.0,0.05,0.03,0.09353,1776259866000
1776259874.564,74.564,0.26,13.5,0.25,13.9,0.28,5.0,0.29,39.0,0.66,5.0,0.65,5.0,0.71,5.0,0.72,5.0,0.02,0.05,0.093529,1776259872000
1776259876.165,76.165,0.24,5.0,0.23,19.7,0.26,54.0,0.27,5.0,0.72,5.0,0.71,39.0,0.74,13.5,0.75,13.9,0.02,0.02,0.093529,1776259874000
1776259879.087,79.087,0.19,11.89,0.18,17.6,0.2,61.0,0.21,10.0,0.74,54.0,0.73,5.0,0.76,5.0,0.77,19.7,0.01,0.02,0.093517,1776259877000
1776259879.56,79.56,0.19,6.89,0.18,17.6,0.2,61.0,0.21,10.0,0.8,61.0,0.79,10.0,0.81,11.89,0.82,17.6,0.01,0.01,0.093517,1776259877000
1776259891.497,91.497,0.17,12.97,0.16,19.3,0.18,49.0,0.19,5.0,0.8,61.0,0.79,10.0,0.81,6.89,0.82,17.6,0.01,0.01,0.093477,1776259890000
1776259894.538,94.538,0.17,0.79,0.16,19.3,0.18,49.0,0.19,5.0,0.82,49.0,0.81,5.0,0.83,12.97,0.84,19.3,0.01,0.01,0.093484,1776259893000
1776259894.838,94.838,0.17,0.79,0.16,19.3,0.18,30.11,0.19,5.0,0.82,49.0,0.81,5.0,0.83,0.79,0.84,19.3,0.01,0.01,0.093484,1776259893000
1776259900.7,100.7,0.11,26.6,0.1,28.9,0.12,58.66,0.13,5.0,0.82,30.11,0.81,5.0,0.83,0.79,0.84,19.3,0.01,0.01,0.093462,1776259899000
1776259903.724,103.724,0.09,18.68,0.08,35.29,0.1,72.0,0.11,5.0,0.88,58.66,0.87,5.0,0.89,26.6,0.9,28.9,0.01,0.01,0.093434,1776259902000
1776259904.533,104.533,0.08,19.14,0.07,44.9,0.1,72.0,0.11,5.0,0.9,72.0,0.89,5.0,0.91,5.66,0.92,35.29,0.02,0.01,0.09343,1776259903000
1776259906.525,106.525,0.08,5.0,0.06,51.1,0.09,62.0,0.1,25.0,0.9,72.0,0.89,5.0,0.92,19.14,0.93,44.9,0.01,0.02,0.09342,1776259905000
1776259906.908,106.908,0.06,51.1,0.05,59.7,0.08,15.0,0.09,67.0,0.91,62.0,0.9,25.0,0.92,5.0,0.94,51.1,0.02,0.01,0.09342,1776259905000
1776259910.408,110.408,0.04,77.7,0.03,94.3,0.05,982.3,0.08,30.0,0.92,15.0,0.91,67.0,0.94,51.1,0.95,59.7,0.01,0.02,0.093383,1776259908000
1776259916.585,116.585,0.04,10.0,0.03,94.3,0.05,975.04,0.06,5.0,0.95,982.3,0.92,30.0,0.96,77.7,0.97,94.3,0.01,0.01,0.093301,1776259915000
1776259918.024,118.024,0.03,92.35,0.02,152.69,0.05,975.04,0.06,10.0,0.95,975.04,0.94,5.0,0.96,10.0,0.97,94.3,0.02,0.01,0.093302,1776259916000
1776259919.559,119.559,0.03,3.05,0.02,152.69,0.05,980.04,0.06,10.0,0.95,975.04,0.94,10.0,0.97,92.35,0.98,152.69,0.02,0.02,0.093298,1776259918000
1776259920.374,120.374,0.03,3.05,0.02,152.69,0.05,960.04,0.06,10.0,0.95,980.04,0.94,10.0,0.97,3.05,0.98,152.69,0.02,0.02,0.093298,1776259918000
1776259923.945,123.945,0.02,18.93,0.01,392.6,0.05,1020.0,0.06,71.1,0.95,960.04,0.94,10.0,0.97,3.05,0.98,152.69,0.03,0.02,0.093301,1776259922000
1776259934.818,134.818,0.02,17.81,0.01,392.6,0.05,1014.74,0.06,51.1,0.95,1020.0,0.94,71.1,0.98,18.93,0.99,392.6,0.03,0.03,0.09328,1776259933000
1776259957.57,157.57,0.01,97.81,,,0.03,89.3,0.04,67.7,0.95,1014.74,0.94,51.1,0.98,17.81,0.99,392.6,0.02,0.03,0.093292,1776259956000
1776259958.737,158.737,0.01,78.21,,,0.03,94.3,0.04,67.7,0.97,89.3,0.96,67.7,0.99,97.81,,,0.02,0.02,0.093282,1776259957000
1776259959.041,159.041,0.01,58.61,,,0.03,94.3,0.04,67.7,0.97,94.3,0.96,67.7,0.99,78.21,,,0.02,0.02,0.093282,1776259957000
1776259959.444,159.444,0.01,158.61,,,0.03,94.3,0.04,67.7,0.97,94.3,0.96,67.7,0.99,58.61,,,0.02,0.02,0.093282,1776259958000
1776259960.646,160.646,0.01,48.49,,,0.02,137.69,0.03,94.3,0.97,94.3,0.96,67.7,0.99,158.61,,,0.01,0.02,0.093281,1776259959000
1776259974.992,174.992,0.01,42.23,,,0.02,137.69,0.03,94.3,0.98,137.69,0.97,94.3,0.99,48.49,,,0.01,0.01,0.093242,1776259973000
1776259975.645,175.645,0.01,34.14,,,0.02,137.69,0.03,94.3,0.98,137.69,0.97,94.3,0.99,42.23,,,0.01,0.01,0.093238,1776259974000
1776260024.905,224.905,0.03,89.3,0.02,137.69,0.04,67.7,0.05,1009.74,0.98,137.69,0.97,94.3,0.99,34.14,,,0.01,0.01,0.093451,1776260023000
1776260041.744,241.744,0.01,31.1,,,0.02,137.69,0.03,94.3,0.96,67.7,0.95,1009.74,0.97,84.3,0.98,137.69,0.01,0.01,0.093448,1776260040000
1776260042.037,242.037,0.01,11.3,,,0.02,137.69,0.03,94.3,0.98,137.69,0.97,94.3,0.99,31.1,,,0.01,0.01,0.093448,1776260040000
1776260043.463,243.463,0.01,5.28,,,0.02,137.69,0.03,94.3,0.98,137.69,0.97,94.3,0.99,6.3,,,0.01,0.01,0.093427,1776260042000
1776260045.855,245.855,,,,,0.01,9.72,0.02,137.69,0.98,137.69,0.97,94.3,0.99,5.28,,,,0.01,0.093403,1776260044000
1776260046.193,246.193,,,,,0.01,9.72,0.02,137.69,0.99,9.72,0.98,137.69,,,,,,,0.093403,1776260044000
1776260091.287,291.287,,,,,0.01,3397.67,0.02,5.0,0.99,9.72,0.98,137.69,,,,,,,0.093397,1776260090000

# RESULT,winner=Down,slug=doge-updown-5m-1776259800,ticks=49
