timestamp,elapsed_sec,up_bid_p1,up_bid_s1,up_bid_p2,up_bid_s2,up_ask_p1,up_ask_s1,up_ask_p2,up_ask_s2,down_bid_p1,down_bid_s1,down_bid_p2,down_bid_s2,down_ask_p1,down_ask_s1,down_ask_p2,down_ask_s2,up_spread,down_spread,doge_price,doge_oracle_ts
1776227401.207,1.207,,,,,,,,,,,,,,,,,,,0.09327,1776227400000
1776227401.424,1.424,0.39,10.0,0.36,10.0,0.47,5.0,0.61,10.0,0.53,5.0,0.39,10.0,0.61,10.0,0.64,10.0,0.08,0.08,0.09327,1776227400000
1776227401.806,1.806,0.39,10.0,0.36,10.0,0.47,5.0,0.61,10.0,0.53,5.0,0.39,10.0,0.61,10.0,0.64,10.0,0.08,0.08,0.09327,1776227400000
1776227402.616,2.616,0.39,10.0,0.36,10.0,0.47,5.0,0.61,10.0,0.53,5.0,0.39,10.0,0.61,10.0,0.64,10.0,0.08,0.08,0.093276,1776227401000
1776227403.185,3.185,0.39,10.0,0.36,10.0,0.47,5.0,0.61,10.0,0.53,5.0,0.39,10.0,0.61,10.0,0.64,10.0,0.08,0.08,0.093292,1776227402000
1776227404.336,4.336,0.39,10.0,0.36,10.0,0.47,5.0,0.61,10.0,0.53,5.0,0.39,10.0,0.61,10.0,0.64,10.0,0.08,0.08,0.093288,1776227403000
1776227405.329,5.329,0.39,10.0,0.36,10.0,0.47,5.0,0.61,10.0,0.53,5.0,0.39,10.0,0.61,10.0,0.64,10.0,0.08,0.08,0.093289,1776227404000
1776227405.85,5.85,0.46,5.0,0.41,50.0,0.57,5.0,0.58,5.0,0.53,5.0,0.39,10.0,0.61,10.0,0.64,10.0,0.11,0.08,0.093289,1776227404000
1776227406.437,6.437,0.46,5.0,0.41,50.0,0.57,5.0,0.58,5.0,0.43,5.0,0.42,5.0,0.54,5.0,0.59,50.0,0.11,0.11,0.093288,1776227405000
1776227407.028,7.028,0.46,5.0,0.41,50.0,0.57,5.0,0.58,5.0,0.43,5.0,0.42,5.0,0.54,5.0,0.59,50.0,0.11,0.11,0.093288,1776227406000
1776227407.992,7.992,0.46,10.0,0.43,10.0,0.53,5.0,0.69,8.4,0.43,5.0,0.42,5.0,0.54,5.0,0.59,50.0,0.07,0.11,0.093288,1776227406000
1776227408.492,8.492,0.46,10.0,0.43,10.0,0.53,5.0,0.69,8.4,0.47,5.0,0.31,8.4,0.54,10.0,0.57,10.0,0.07,0.07,0.093288,1776227407000
1776227409.077,9.077,0.46,10.0,0.43,10.0,0.53,5.0,0.69,8.4,0.47,5.0,0.31,8.4,0.54,10.0,0.57,10.0,0.07,0.07,0.093288,1776227408000
1776227410.748,10.748,0.46,10.0,0.43,10.0,0.53,5.0,0.69,8.4,0.47,5.0,0.31,8.4,0.54,10.0,0.57,10.0,0.07,0.07,0.093283,1776227409000
1776227411.204,11.204,0.46,10.0,0.43,10.0,0.53,5.0,0.69,8.4,0.47,5.0,0.31,8.4,0.54,10.0,0.57,10.0,0.07,0.07,0.093282,1776227410000
1776227412.307,12.307,0.46,10.0,0.43,10.0,0.53,5.0,0.69,8.4,0.47,5.0,0.31,8.4,0.54,10.0,0.57,10.0,0.07,0.07,0.093282,1776227411000
1776227413.365,13.365,0.46,10.0,0.43,10.0,0.53,5.0,0.69,8.4,0.47,5.0,0.31,8.4,0.54,10.0,0.57,10.0,0.07,0.07,0.093283,1776227412000
1776227414.321,14.321,0.46,10.0,0.43,10.0,0.53,5.0,0.69,8.4,0.47,5.0,0.31,8.4,0.54,10.0,0.57,10.0,0.07,0.07,0.093283,1776227413000
1776227415.407,15.407,0.46,10.0,0.43,10.0,0.53,5.0,0.69,8.4,0.47,5.0,0.31,8.4,0.54,10.0,0.57,10.0,0.07,0.07,0.093282,1776227414000
1776227415.891,15.891,0.46,10.0,0.43,10.0,0.53,5.0,0.69,8.4,0.47,5.0,0.31,8.4,0.54,10.0,0.57,10.0,0.07,0.07,0.093281,1776227415000
1776227417.083,17.083,0.46,10.0,0.43,10.0,0.53,5.0,0.69,8.4,0.47,5.0,0.31,8.4,0.54,10.0,0.57,10.0,0.07,0.07,0.093284,1776227416000
1776227418.038,18.038,0.46,10.0,0.43,10.0,0.53,5.0,0.69,8.4,0.47,5.0,0.31,8.4,0.54,10.0,0.57,10.0,0.07,0.07,0.093284,1776227417000
1776227419.116,19.116,0.46,10.0,0.43,10.0,0.53,5.0,0.69,8.4,0.47,5.0,0.31,8.4,0.54,10.0,0.57,10.0,0.07,0.07,0.093284,1776227418000
1776227420.302,20.302,0.46,10.0,0.43,10.0,0.53,5.0,0.69,8.4,0.47,5.0,0.31,8.4,0.54,10.0,0.57,10.0,0.07,0.07,0.093282,1776227419000
1776227421.327,21.327,0.46,10.0,0.43,10.0,0.53,5.0,0.69,8.4,0.47,5.0,0.31,8.4,0.54,10.0,0.57,10.0,0.07,0.07,0.093282,1776227420000
1776227421.887,21.887,0.46,10.0,0.43,10.0,0.53,5.0,0.69,8.4,0.47,5.0,0.31,8.4,0.54,10.0,0.57,10.0,0.07,0.07,0.093282,1776227421000
1776227423.063,23.063,0.41,5.0,0.39,20.0,0.47,5.0,0.59,10.0,0.53,5.0,0.41,10.0,0.59,5.0,0.61,20.0,0.06,0.06,0.093282,1776227422000
1776227425.793,25.793,0.41,5.0,0.39,20.0,0.47,5.0,0.59,10.0,0.53,5.0,0.41,10.0,0.59,5.0,0.61,20.0,0.06,0.06,0.093272,1776227424000
1776227426.396,26.396,0.41,5.0,0.39,20.0,0.47,5.0,0.59,10.0,0.53,5.0,0.41,10.0,0.59,5.0,0.61,20.0,0.06,0.06,0.093273,1776227425000
1776227426.911,26.911,0.41,5.0,0.39,20.0,0.47,5.0,0.59,10.0,0.53,5.0,0.41,10.0,0.59,5.0,0.61,20.0,0.06,0.06,0.093273,1776227426000
1776227427.792,27.792,0.41,5.0,0.39,20.0,0.47,5.0,0.59,10.0,0.53,5.0,0.41,10.0,0.59,5.0,0.61,20.0,0.06,0.06,0.093273,1776227427000
1776227428.894,28.894,0.41,5.0,0.39,20.0,0.47,5.0,0.59,10.0,0.53,5.0,0.41,10.0,0.59,5.0,0.61,20.0,0.06,0.06,0.093273,1776227428000
1776227429.858,29.858,0.41,5.0,0.39,20.0,0.47,5.0,0.59,10.0,0.53,5.0,0.41,10.0,0.59,5.0,0.61,20.0,0.06,0.06,0.093274,1776227429000
1776227430.86,30.86,0.41,5.0,0.39,20.0,0.47,5.0,0.59,10.0,0.53,5.0,0.41,10.0,0.59,5.0,0.61,20.0,0.06,0.06,0.093274,1776227430000
1776227431.788,31.788,0.41,5.0,0.39,20.0,0.47,5.0,0.59,10.0,0.53,5.0,0.41,10.0,0.59,5.0,0.61,20.0,0.06,0.06,0.093274,1776227431000
1776227433.264,33.264,0.41,5.0,0.39,20.0,0.47,5.0,0.59,10.0,0.53,5.0,0.41,10.0,0.59,5.0,0.61,20.0,0.06,0.06,0.093274,1776227432000
1776227434.278,34.278,0.41,5.0,0.39,20.0,0.47,5.0,0.59,10.0,0.53,5.0,0.41,10.0,0.59,5.0,0.61,20.0,0.06,0.06,0.093274,1776227433000
1776227435.274,35.274,0.41,5.0,0.39,20.0,0.47,5.0,0.59,10.0,0.53,5.0,0.41,10.0,0.59,5.0,0.61,20.0,0.06,0.06,0.093274,1776227434000
1776227436.281,36.281,0.41,5.0,0.39,20.0,0.47,5.0,0.59,10.0,0.53,5.0,0.41,10.0,0.59,5.0,0.61,20.0,0.06,0.06,0.093274,1776227435000
1776227437.25,37.25,0.41,5.0,0.39,20.0,0.47,5.0,0.59,10.0,0.53,5.0,0.41,10.0,0.59,5.0,0.61,20.0,0.06,0.06,0.093274,1776227436000
1776227438.733,38.733,0.41,5.0,0.39,20.0,0.47,5.0,0.59,10.0,0.53,5.0,0.41,10.0,0.59,5.0,0.61,20.0,0.06,0.06,0.093274,1776227437000
1776227439.28,39.28,0.41,5.0,0.39,20.0,0.47,5.0,0.59,10.0,0.53,5.0,0.41,10.0,0.59,5.0,0.61,20.0,0.06,0.06,0.093273,1776227438000
1776227440.315,40.315,0.41,5.0,0.39,20.0,0.47,5.0,0.59,10.0,0.53,5.0,0.41,10.0,0.59,5.0,0.61,20.0,0.06,0.06,0.093274,1776227439000
1776227441.399,41.399,0.41,5.0,0.39,20.0,0.47,5.0,0.59,10.0,0.53,5.0,0.41,10.0,0.59,5.0,0.61,20.0,0.06,0.06,0.093274,1776227440000
1776227441.933,41.933,0.41,5.0,0.39,20.0,0.47,5.0,0.59,10.0,0.53,5.0,0.41,10.0,0.59,5.0,0.61,20.0,0.06,0.06,0.093274,1776227441000
1776227443.023,43.023,0.41,5.0,0.39,20.0,0.47,5.0,0.59,10.0,0.53,5.0,0.41,10.0,0.59,5.0,0.61,20.0,0.06,0.06,0.093275,1776227442000
1776227444.035,44.035,0.41,5.0,0.39,20.0,0.47,5.0,0.59,10.0,0.53,5.0,0.41,10.0,0.59,5.0,0.61,20.0,0.06,0.06,0.093274,1776227443000
1776227445.033,45.033,0.41,5.0,0.39,20.0,0.47,5.0,0.59,10.0,0.53,5.0,0.41,10.0,0.59,5.0,0.61,20.0,0.06,0.06,0.093276,1776227444000
1776227446.175,46.175,0.41,5.0,0.39,20.0,0.47,5.0,0.59,10.0,0.53,5.0,0.41,10.0,0.59,5.0,0.61,20.0,0.06,0.06,0.093277,1776227445000
1776227447.232,47.232,0.41,5.0,0.39,20.0,0.47,5.0,0.59,10.0,0.53,5.0,0.41,10.0,0.59,5.0,0.61,20.0,0.06,0.06,0.093276,1776227446000
1776227448.316,48.316,0.41,5.0,0.39,20.0,0.47,5.0,0.59,10.0,0.53,5.0,0.41,10.0,0.59,5.0,0.61,20.0,0.06,0.06,0.093276,1776227447000
1776227448.846,48.846,0.41,5.0,0.39,20.0,0.47,5.0,0.59,10.0,0.53,5.0,0.41,10.0,0.59,5.0,0.61,20.0,0.06,0.06,0.093297,1776227448000
1776227449.901,49.901,0.41,5.0,0.39,20.0,0.47,5.0,0.59,10.0,0.53,5.0,0.41,10.0,0.59,5.0,0.61,20.0,0.06,0.06,0.093298,1776227449000
1776227450.884,50.884,0.41,5.0,0.39,20.0,0.47,5.0,0.59,10.0,0.53,5.0,0.41,10.0,0.59,5.0,0.61,20.0,0.06,0.06,0.093298,1776227450000
1776227452.5,52.5,0.41,5.0,0.39,20.0,0.47,5.0,0.59,10.0,0.53,5.0,0.41,10.0,0.59,5.0,0.61,20.0,0.06,0.06,0.093299,1776227451000
1776227453.031,53.031,0.41,5.0,0.39,20.0,0.47,5.0,0.59,10.0,0.53,5.0,0.41,10.0,0.59,5.0,0.61,20.0,0.06,0.06,0.093299,1776227452000
1776227454.323,54.323,0.41,5.0,0.39,20.0,0.47,5.0,0.59,10.0,0.53,5.0,0.41,10.0,0.59,5.0,0.61,20.0,0.06,0.06,0.093299,1776227453000
1776227455.525,55.525,0.41,5.0,0.39,20.0,0.47,5.0,0.59,10.0,0.53,5.0,0.41,10.0,0.59,5.0,0.61,20.0,0.06,0.06,0.093299,1776227454000
1776227456.103,56.103,0.41,5.0,0.39,20.0,0.47,5.0,0.59,10.0,0.53,5.0,0.41,10.0,0.59,5.0,0.61,20.0,0.06,0.06,0.093299,1776227455000
1776227457.284,57.284,0.41,5.0,0.39,20.0,0.47,5.0,0.59,10.0,0.53,5.0,0.41,10.0,0.59,5.0,0.61,20.0,0.06,0.06,0.093299,1776227456000
1776227458.514,58.514,0.41,5.0,0.39,20.0,0.47,5.0,0.59,10.0,0.53,5.0,0.41,10.0,0.59,5.0,0.61,20.0,0.06,0.06,0.093299,1776227457000
1776227459.185,59.185,0.41,5.0,0.39,20.0,0.47,5.0,0.59,10.0,0.53,5.0,0.41,10.0,0.59,5.0,0.61,20.0,0.06,0.06,0.093299,1776227458000
1776227459.748,59.748,0.52,3.81,0.49,10.0,0.53,5.0,0.7,31.0,0.53,5.0,0.41,10.0,0.59,5.0,0.61,20.0,0.01,0.06,0.093299,1776227458000
1776227459.966,59.966,0.49,8.81,0.46,10.0,0.53,5.0,0.55,5.0,0.3,11.0,0.29,62.6,0.48,3.81,0.51,10.0,0.04,0.18,0.093299,1776227458000
1776227460.299,60.299,0.49,8.81,0.46,10.0,0.53,5.0,0.55,5.0,0.47,5.0,0.45,5.0,0.51,8.81,0.54,10.0,0.04,0.04,0.093299,1776227459000
1776227460.554,60.554,0.39,20.0,0.37,11.2,0.49,5.0,0.58,10.0,0.47,5.0,0.45,5.0,0.51,8.81,0.54,10.0,0.1,0.04,0.093299,1776227459000
1776227460.921,60.921,0.39,20.0,0.37,11.2,0.49,5.0,0.58,10.0,0.51,5.0,0.42,10.0,0.61,20.0,0.63,11.2,0.1,0.1,0.093299,1776227460000
1776227462.078,62.078,0.39,20.0,0.37,11.2,0.49,5.0,0.58,10.0,0.51,5.0,0.42,10.0,0.61,20.0,0.63,11.2,0.1,0.1,0.093287,1776227461000
1776227463.434,63.434,0.39,20.0,0.37,11.2,0.49,5.0,0.58,10.0,0.51,5.0,0.42,10.0,0.61,20.0,0.63,11.2,0.1,0.1,0.093271,1776227462000
1776227463.998,63.998,0.39,20.0,0.37,11.2,0.49,5.0,0.58,10.0,0.51,5.0,0.42,10.0,0.61,20.0,0.63,11.2,0.1,0.1,0.093271,1776227463000
1776227465.197,65.197,0.39,20.0,0.37,11.2,0.49,5.0,0.58,10.0,0.51,5.0,0.42,10.0,0.61,20.0,0.63,11.2,0.1,0.1,0.093271,1776227464000
1776227466.564,66.564,0.39,20.0,0.37,11.2,0.49,5.0,0.58,10.0,0.51,5.0,0.42,10.0,0.61,20.0,0.63,11.2,0.1,0.1,0.093271,1776227465000
1776227467.052,67.052,0.39,20.0,0.37,11.2,0.49,5.0,0.58,10.0,0.51,5.0,0.42,10.0,0.61,20.0,0.63,11.2,0.1,0.1,0.093271,1776227466000
1776227468.215,68.215,0.39,20.0,0.37,11.2,0.49,5.0,0.58,10.0,0.51,5.0,0.42,10.0,0.61,20.0,0.63,11.2,0.1,0.1,0.093271,1776227467000
1776227469.565,69.565,0.39,20.0,0.37,11.2,0.49,5.0,0.58,10.0,0.51,5.0,0.42,10.0,0.61,20.0,0.63,11.2,0.1,0.1,0.093271,1776227468000
1776227470.204,70.204,0.39,20.0,0.37,11.2,0.49,5.0,0.58,10.0,0.51,5.0,0.42,10.0,0.61,20.0,0.63,11.2,0.1,0.1,0.093271,1776227469000
1776227471.613,71.613,0.39,20.0,0.37,11.2,0.49,5.0,0.58,10.0,0.51,5.0,0.42,10.0,0.61,20.0,0.63,11.2,0.1,0.1,0.093271,1776227470000
1776227472.204,72.204,0.39,20.0,0.37,11.2,0.49,5.0,0.58,10.0,0.51,5.0,0.42,10.0,0.61,20.0,0.63,11.2,0.1,0.1,0.093271,1776227471000
1776227473.537,73.537,0.39,20.0,0.37,11.2,0.49,5.0,0.58,10.0,0.51,5.0,0.42,10.0,0.61,20.0,0.63,11.2,0.1,0.1,0.093271,1776227472000
1776227474.236,74.236,0.39,20.0,0.37,11.2,0.49,5.0,0.58,10.0,0.51,5.0,0.42,10.0,0.61,20.0,0.63,11.2,0.1,0.1,0.093271,1776227473000
1776227475.515,75.515,0.39,20.0,0.37,11.2,0.49,5.0,0.58,10.0,0.51,5.0,0.42,10.0,0.61,20.0,0.63,11.2,0.1,0.1,0.093267,1776227474000
1776227476.138,76.138,0.39,20.0,0.37,11.2,0.49,5.0,0.58,10.0,0.51,5.0,0.42,10.0,0.61,20.0,0.63,11.2,0.1,0.1,0.093264,1776227475000
1776227477.273,77.273,0.39,20.0,0.37,11.2,0.49,5.0,0.58,10.0,0.51,5.0,0.42,10.0,0.61,20.0,0.63,11.2,0.1,0.1,0.093259,1776227476000
1776227478.468,78.468,0.39,20.0,0.37,11.2,0.49,5.0,0.58,10.0,0.51,5.0,0.42,10.0,0.61,20.0,0.63,11.2,0.1,0.1,0.093259,1776227477000
1776227479.095,79.095,0.39,20.0,0.37,11.2,0.49,5.0,0.58,10.0,0.51,5.0,0.42,10.0,0.61,20.0,0.63,11.2,0.1,0.1,0.093259,1776227478000
1776227479.643,79.643,0.35,5.0,0.33,20.0,0.36,25.0,0.44,10.0,0.51,5.0,0.42,10.0,0.61,20.0,0.63,11.2,0.01,0.1,0.093259,1776227478000
1776227480.306,80.306,0.35,5.0,0.33,20.0,0.36,25.0,0.44,10.0,0.64,25.0,0.56,10.0,0.65,5.0,0.67,20.0,0.01,0.01,0.093255,1776227479000
1776227480.863,80.863,0.35,5.0,0.33,20.0,0.36,25.0,0.44,10.0,0.64,25.0,0.56,10.0,0.65,5.0,0.67,20.0,0.01,0.01,0.093254,1776227480000
1776227482.035,82.035,0.35,5.0,0.33,20.0,0.36,25.0,0.44,10.0,0.64,25.0,0.56,10.0,0.65,5.0,0.67,20.0,0.01,0.01,0.093254,1776227481000
1776227483.186,83.186,0.35,5.0,0.33,20.0,0.36,25.0,0.44,10.0,0.64,25.0,0.56,10.0,0.65,5.0,0.67,20.0,0.01,0.01,0.093255,1776227482000
1776227484.247,84.247,0.35,5.0,0.33,20.0,0.36,25.0,0.44,10.0,0.64,25.0,0.56,10.0,0.65,5.0,0.67,20.0,0.01,0.01,0.093255,1776227483000
1776227485.166,85.166,0.35,5.0,0.33,20.0,0.36,25.0,0.44,10.0,0.64,25.0,0.56,10.0,0.65,5.0,0.67,20.0,0.01,0.01,0.093255,1776227484000
1776227486.242,86.242,0.35,5.0,0.33,20.0,0.36,25.0,0.44,10.0,0.64,25.0,0.56,10.0,0.65,5.0,0.67,20.0,0.01,0.01,0.093252,1776227485000
1776227487.292,87.292,0.35,5.0,0.33,20.0,0.36,25.0,0.44,10.0,0.64,25.0,0.56,10.0,0.65,5.0,0.67,20.0,0.01,0.01,0.093252,1776227486000
1776227488.467,88.467,0.35,5.0,0.33,20.0,0.36,25.0,0.44,10.0,0.64,25.0,0.56,10.0,0.65,5.0,0.67,20.0,0.01,0.01,0.093252,1776227487000
1776227489.002,89.002,0.35,5.0,0.33,20.0,0.36,25.0,0.44,10.0,0.64,25.0,0.56,10.0,0.65,5.0,0.67,20.0,0.01,0.01,0.093252,1776227488000
1776227490.118,90.118,0.35,5.0,0.33,20.0,0.36,25.0,0.44,10.0,0.64,25.0,0.56,10.0,0.65,5.0,0.67,20.0,0.01,0.01,0.093252,1776227489000
1776227491.121,91.121,0.35,5.0,0.33,20.0,0.36,25.0,0.44,10.0,0.64,25.0,0.56,10.0,0.65,5.0,0.67,20.0,0.01,0.01,0.093252,1776227490000
1776227492.281,92.281,0.35,5.0,0.33,20.0,0.36,25.0,0.44,10.0,0.64,25.0,0.56,10.0,0.65,5.0,0.67,20.0,0.01,0.01,0.093252,1776227491000
1776227493.401,93.401,0.34,6.34,0.33,11.8,0.36,25.0,0.44,10.0,0.64,25.0,0.56,10.0,0.66,6.34,0.67,11.8,0.02,0.02,0.093252,1776227492000
1776227493.857,93.857,0.25,19.43,0.24,14.3,0.26,5.0,0.32,10.0,0.64,25.0,0.56,10.0,0.66,6.34,0.67,11.8,0.01,0.02,0.093252,1776227492000
1776227494.276,94.276,0.25,19.43,0.24,14.3,0.31,5.0,0.32,10.0,0.74,5.0,0.68,10.0,0.75,19.43,0.76,14.3,0.06,0.01,0.093252,1776227492000
1776227494.915,94.915,0.27,20.0,0.25,12.43,0.34,5.82,0.36,20.0,0.69,5.0,0.68,10.0,0.75,19.43,0.76,14.3,0.07,0.06,0.09324,1776227493000
1776227495.169,95.169,0.26,33.5,0.25,12.43,0.34,0.82,0.36,20.0,0.66,5.82,0.64,20.0,0.73,20.0,0.75,12.43,0.08,0.07,0.093239,1776227494000
1776227496.034,96.034,0.26,33.5,0.25,12.43,0.34,0.82,0.36,20.0,0.66,0.82,0.64,20.0,0.74,33.5,0.75,12.43,0.08,0.08,0.09323,1776227495000
1776227497.157,97.157,0.26,33.5,0.25,12.43,0.34,0.82,0.36,20.0,0.66,0.82,0.64,20.0,0.74,33.5,0.75,12.43,0.08,0.08,0.093247,1776227496000
1776227498.194,98.194,0.26,33.5,0.25,12.43,0.34,0.82,0.36,20.0,0.66,0.82,0.64,20.0,0.74,33.5,0.75,12.43,0.08,0.08,0.093252,1776227497000
1776227499.246,99.246,0.26,33.5,0.25,12.43,0.34,0.82,0.36,20.0,0.66,0.82,0.64,20.0,0.74,33.5,0.75,12.43,0.08,0.08,0.093252,1776227498000
1776227500.351,100.351,0.26,33.5,0.25,12.43,0.34,0.82,0.36,20.0,0.66,0.82,0.64,20.0,0.74,33.5,0.75,12.43,0.08,0.08,0.093252,1776227499000
1776227500.878,100.878,0.26,33.5,0.25,12.43,0.34,0.82,0.36,20.0,0.66,0.82,0.64,20.0,0.74,33.5,0.75,12.43,0.08,0.08,0.093252,1776227500000
1776227502.003,102.003,0.26,33.5,0.25,12.43,0.34,0.82,0.36,20.0,0.66,0.82,0.64,20.0,0.74,33.5,0.75,12.43,0.08,0.08,0.093251,1776227501000
1776227503.142,103.142,0.26,33.5,0.25,12.43,0.34,0.82,0.36,20.0,0.66,0.82,0.64,20.0,0.74,33.5,0.75,12.43,0.08,0.08,0.093251,1776227502000
1776227503.741,103.741,0.35,4.4,0.34,11.6,0.36,20.0,0.43,10.0,0.66,0.82,0.64,20.0,0.74,33.5,0.75,12.43,0.01,0.08,0.093251,1776227502000
1776227504.111,104.111,0.35,4.4,0.34,11.6,0.36,20.0,0.43,10.0,0.64,20.0,0.57,10.0,0.65,4.4,0.66,11.6,0.01,0.01,0.093251,1776227503000
1776227505.303,105.303,0.35,4.4,0.34,11.6,0.36,20.0,0.43,10.0,0.64,20.0,0.57,10.0,0.65,4.4,0.66,11.6,0.01,0.01,0.093251,1776227504000
1776227505.89,105.89,0.35,4.4,0.34,11.6,0.36,20.0,0.43,10.0,0.64,20.0,0.57,10.0,0.65,4.4,0.66,11.6,0.01,0.01,0.093251,1776227505000
1776227507.017,107.017,0.35,4.4,0.34,11.6,0.36,20.0,0.43,10.0,0.64,20.0,0.57,10.0,0.65,4.4,0.66,11.6,0.01,0.01,0.093251,1776227506000
1776227508.156,108.156,0.35,4.4,0.34,11.6,0.36,20.0,0.43,10.0,0.64,20.0,0.57,10.0,0.65,4.4,0.66,11.6,0.01,0.01,0.093251,1776227507000
1776227509.394,109.394,0.35,4.4,0.34,11.6,0.36,20.0,0.43,10.0,0.64,20.0,0.57,10.0,0.65,4.4,0.66,11.6,0.01,0.01,0.093251,1776227508000
1776227510.416,110.416,0.35,4.4,0.34,11.6,0.36,20.0,0.43,10.0,0.64,20.0,0.57,10.0,0.65,4.4,0.66,11.6,0.01,0.01,0.093251,1776227509000
1776227511.011,111.011,0.35,4.4,0.34,11.6,0.36,20.0,0.43,10.0,0.64,20.0,0.57,10.0,0.65,4.4,0.66,11.6,0.01,0.01,0.093251,1776227510000
1776227513.005,113.005,0.35,4.4,0.34,11.6,0.36,20.0,0.43,10.0,0.64,20.0,0.57,10.0,0.65,4.4,0.66,11.6,0.01,0.01,0.093251,1776227511000
1776227513.919,113.919,0.35,4.4,0.34,11.6,0.36,20.0,0.43,10.0,0.64,20.0,0.57,10.0,0.65,4.4,0.66,11.6,0.01,0.01,0.093251,1776227512000
1776227514.552,114.552,0.35,4.4,0.34,11.6,0.36,20.0,0.43,10.0,0.64,20.0,0.57,10.0,0.65,4.4,0.66,11.6,0.01,0.01,0.09325,1776227513000
1776227515.341,115.341,0.35,4.4,0.34,11.6,0.36,20.0,0.43,10.0,0.64,20.0,0.57,10.0,0.65,4.4,0.66,11.6,0.01,0.01,0.09325,1776227514000
1776227516.74,116.74,0.35,4.4,0.34,11.6,0.36,20.0,0.43,10.0,0.64,20.0,0.57,10.0,0.65,4.4,0.66,11.6,0.01,0.01,0.09325,1776227515000
1776227517.38,117.38,0.35,4.4,0.34,11.6,0.36,20.0,0.43,10.0,0.64,20.0,0.57,10.0,0.65,4.4,0.66,11.6,0.01,0.01,0.09325,1776227516000
1776227517.981,117.981,0.35,4.4,0.34,11.6,0.36,20.0,0.43,10.0,0.64,20.0,0.57,10.0,0.65,4.4,0.66,11.6,0.01,0.01,0.093251,1776227517000
1776227519.41,119.41,0.35,4.4,0.34,11.6,0.36,20.0,0.43,10.0,0.64,20.0,0.57,10.0,0.65,4.4,0.66,11.6,0.01,0.01,0.093251,1776227518000
1776227520.005,120.005,0.35,4.4,0.34,11.6,0.36,20.0,0.43,10.0,0.64,20.0,0.57,10.0,0.65,4.4,0.66,11.6,0.01,0.01,0.093251,1776227519000
1776227521.356,121.356,0.35,4.4,0.34,11.6,0.36,20.0,0.43,10.0,0.64,20.0,0.57,10.0,0.65,4.4,0.66,11.6,0.01,0.01,0.093251,1776227520000
1776227522.697,122.697,0.35,4.4,0.34,11.6,0.36,20.0,0.43,10.0,0.64,20.0,0.57,10.0,0.65,4.4,0.66,11.6,0.01,0.01,0.093251,1776227521000
1776227523.511,123.511,0.35,4.4,0.34,11.6,0.36,20.0,0.43,10.0,0.64,20.0,0.57,10.0,0.65,4.4,0.66,11.6,0.01,0.01,0.09325,1776227522000
1776227524.524,124.524,0.35,4.4,0.34,11.6,0.36,20.0,0.43,10.0,0.64,20.0,0.57,10.0,0.65,4.4,0.66,11.6,0.01,0.01,0.09325,1776227523000
1776227525.251,125.251,0.35,4.4,0.34,11.6,0.36,20.0,0.43,10.0,0.64,20.0,0.57,10.0,0.65,4.4,0.66,11.6,0.01,0.01,0.09325,1776227524000
1776227526.952,126.952,0.35,4.4,0.34,11.6,0.36,20.0,0.43,10.0,0.64,20.0,0.57,10.0,0.65,4.4,0.66,11.6,0.01,0.01,0.09325,1776227525000
1776227527.791,127.791,0.35,4.4,0.34,11.6,0.36,20.0,0.43,10.0,0.64,20.0,0.57,10.0,0.65,4.4,0.66,11.6,0.01,0.01,0.09325,1776227526000
1776227528.561,128.561,0.35,4.4,0.34,11.6,0.36,20.0,0.43,10.0,0.64,20.0,0.57,10.0,0.65,4.4,0.66,11.6,0.01,0.01,0.09325,1776227527000
1776227529.226,129.226,0.35,4.4,0.34,11.6,0.36,20.0,0.43,10.0,0.64,20.0,0.57,10.0,0.65,4.4,0.66,11.6,0.01,0.01,0.09325,1776227528000
1776227531.146,131.146,0.35,4.4,0.34,11.6,0.36,20.0,0.43,10.0,0.64,20.0,0.57,10.0,0.65,4.4,0.66,11.6,0.01,0.01,0.09325,1776227529000
1776227532.375,132.375,0.35,4.4,0.34,11.6,0.36,20.0,0.43,10.0,0.64,20.0,0.57,10.0,0.65,4.4,0.66,11.6,0.01,0.01,0.09325,1776227531000
1776227532.95,132.95,0.35,4.4,0.34,11.6,0.36,20.0,0.43,10.0,0.64,20.0,0.57,10.0,0.65,4.4,0.66,11.6,0.01,0.01,0.09325,1776227532000
1776227534.699,134.699,0.35,4.4,0.34,11.6,0.36,20.0,0.43,10.0,0.64,20.0,0.57,10.0,0.65,4.4,0.66,11.6,0.01,0.01,0.09325,1776227533000
1776227535.306,135.306,0.35,4.4,0.34,11.6,0.36,20.0,0.43,10.0,0.64,20.0,0.57,10.0,0.65,4.4,0.66,11.6,0.01,0.01,0.093249,1776227534000
1776227536.904,136.904,0.35,4.4,0.34,11.6,0.36,20.0,0.43,10.0,0.64,20.0,0.57,10.0,0.65,4.4,0.66,11.6,0.01,0.01,0.093249,1776227535000
1776227537.62,137.62,0.35,4.4,0.34,11.6,0.36,20.0,0.43,10.0,0.64,20.0,0.57,10.0,0.65,4.4,0.66,11.6,0.01,0.01,0.093242,1776227536000
1776227538.319,138.319,0.35,4.4,0.34,11.6,0.36,20.0,0.43,10.0,0.64,20.0,0.57,10.0,0.65,4.4,0.66,11.6,0.01,0.01,0.093241,1776227537000
1776227539.107,139.107,0.29,11.0,0.26,12.0,0.36,50.0,0.41,50.0,0.64,50.0,0.59,50.0,0.71,11.0,0.74,12.0,0.07,0.07,0.093239,1776227538000
1776227540.654,140.654,0.29,11.0,0.26,12.0,0.36,50.0,0.41,50.0,0.64,50.0,0.59,50.0,0.71,11.0,0.74,12.0,0.07,0.07,0.093239,1776227539000
1776227541.317,141.317,0.29,11.0,0.26,12.0,0.36,50.0,0.41,50.0,0.64,50.0,0.59,50.0,0.71,11.0,0.74,12.0,0.07,0.07,0.093239,1776227540000
1776227542.115,142.115,0.29,11.0,0.26,12.0,0.36,50.0,0.41,50.0,0.64,50.0,0.59,50.0,0.71,11.0,0.74,12.0,0.07,0.07,0.093239,1776227541000
1776227543.443,143.443,0.29,11.0,0.26,12.0,0.36,50.0,0.41,50.0,0.64,50.0,0.59,50.0,0.71,11.0,0.74,12.0,0.07,0.07,0.093236,1776227542000
1776227544.114,144.114,0.29,11.0,0.26,12.0,0.36,50.0,0.41,50.0,0.64,50.0,0.59,50.0,0.71,11.0,0.74,12.0,0.07,0.07,0.093236,1776227543000
1776227545.452,145.452,0.29,11.0,0.26,12.0,0.36,50.0,0.41,50.0,0.64,50.0,0.59,50.0,0.71,11.0,0.74,12.0,0.07,0.07,0.093236,1776227544000
1776227546.168,146.168,0.29,11.0,0.26,12.0,0.36,50.0,0.41,50.0,0.64,50.0,0.59,50.0,0.71,11.0,0.74,12.0,0.07,0.07,0.093235,1776227545000
1776227547.584,147.584,0.29,11.0,0.26,12.0,0.36,50.0,0.41,50.0,0.64,50.0,0.59,50.0,0.71,11.0,0.74,12.0,0.07,0.07,0.093235,1776227546000
1776227548.289,148.289,0.29,11.0,0.26,12.0,0.36,50.0,0.41,50.0,0.64,50.0,0.59,50.0,0.71,11.0,0.74,12.0,0.07,0.07,0.093235,1776227547000
1776227549.717,149.717,0.29,11.0,0.26,12.0,0.36,50.0,0.41,50.0,0.64,50.0,0.59,50.0,0.71,11.0,0.74,12.0,0.07,0.07,0.093236,1776227548000
1776227550.876,150.876,0.29,11.0,0.26,12.0,0.36,50.0,0.41,50.0,0.64,50.0,0.59,50.0,0.71,11.0,0.74,12.0,0.07,0.07,0.093236,1776227549000
1776227551.77,151.77,0.29,11.0,0.26,12.0,0.36,50.0,0.41,50.0,0.64,50.0,0.59,50.0,0.71,11.0,0.74,12.0,0.07,0.07,0.093236,1776227550000
1776227552.461,152.461,0.29,11.0,0.26,12.0,0.36,50.0,0.41,50.0,0.64,50.0,0.59,50.0,0.71,11.0,0.74,12.0,0.07,0.07,0.093227,1776227551000
1776227553.053,153.053,0.29,11.0,0.26,12.0,0.36,50.0,0.41,50.0,0.64,50.0,0.59,50.0,0.71,11.0,0.74,12.0,0.07,0.07,0.093227,1776227552000
1776227554.256,154.256,0.29,11.0,0.26,12.0,0.36,50.0,0.41,50.0,0.64,50.0,0.59,50.0,0.71,11.0,0.74,12.0,0.07,0.07,0.093223,1776227553000
1776227555.674,155.674,0.29,11.0,0.26,12.0,0.36,50.0,0.41,50.0,0.64,50.0,0.59,50.0,0.71,11.0,0.74,12.0,0.07,0.07,0.093223,1776227554000
1776227556.492,156.492,0.29,11.0,0.26,12.0,0.36,50.0,0.41,50.0,0.64,50.0,0.59,50.0,0.71,11.0,0.74,12.0,0.07,0.07,0.093219,1776227555000
1776227557.182,157.182,0.29,11.0,0.26,12.0,0.36,50.0,0.41,50.0,0.64,50.0,0.59,50.0,0.71,11.0,0.74,12.0,0.07,0.07,0.093219,1776227556000
1776227558.483,158.483,0.29,11.0,0.26,12.0,0.36,50.0,0.41,50.0,0.64,50.0,0.59,50.0,0.71,11.0,0.74,12.0,0.07,0.07,0.093219,1776227557000
1776227559.346,159.346,0.29,11.0,0.26,12.0,0.36,50.0,0.41,50.0,0.64,50.0,0.59,50.0,0.71,11.0,0.74,12.0,0.07,0.07,0.093219,1776227558000
1776227560.201,160.201,0.29,11.0,0.26,12.0,0.36,50.0,0.41,50.0,0.64,50.0,0.59,50.0,0.71,11.0,0.74,12.0,0.07,0.07,0.093219,1776227559000
1776227561.687,161.687,0.29,11.0,0.26,12.0,0.36,50.0,0.41,50.0,0.64,50.0,0.59,50.0,0.71,11.0,0.74,12.0,0.07,0.07,0.093219,1776227560000
1776227562.236,162.236,0.29,11.0,0.26,12.0,0.36,50.0,0.41,50.0,0.64,50.0,0.59,50.0,0.71,11.0,0.74,12.0,0.07,0.07,0.093219,1776227561000
1776227563.491,163.491,0.29,11.0,0.26,12.0,0.36,50.0,0.41,50.0,0.64,50.0,0.59,50.0,0.71,11.0,0.74,12.0,0.07,0.07,0.093219,1776227562000
1776227564.25,164.25,0.29,11.0,0.26,12.0,0.36,50.0,0.41,50.0,0.64,50.0,0.59,50.0,0.71,11.0,0.74,12.0,0.07,0.07,0.093219,1776227563000
1776227565.341,165.341,0.29,11.0,0.26,12.0,0.36,50.0,0.41,50.0,0.64,50.0,0.59,50.0,0.71,11.0,0.74,12.0,0.07,0.07,0.093219,1776227564000
1776227565.802,165.802,0.29,11.0,0.26,12.0,0.36,50.0,0.41,50.0,0.64,50.0,0.59,50.0,0.71,11.0,0.74,12.0,0.07,0.07,0.093219,1776227565000
1776227566.924,166.924,0.29,11.0,0.26,12.0,0.36,50.0,0.41,50.0,0.64,50.0,0.59,50.0,0.71,11.0,0.74,12.0,0.07,0.07,0.093219,1776227566000
1776227568.868,168.868,0.29,11.0,0.26,12.0,0.36,50.0,0.41,50.0,0.64,50.0,0.59,50.0,0.71,11.0,0.74,12.0,0.07,0.07,0.093219,1776227567000
1776227569.465,169.465,0.29,11.0,0.26,12.0,0.36,50.0,0.41,50.0,0.64,50.0,0.59,50.0,0.71,11.0,0.74,12.0,0.07,0.07,0.093219,1776227568000
1776227569.97,169.97,0.29,11.0,0.26,12.0,0.36,50.0,0.41,50.0,0.64,50.0,0.59,50.0,0.71,11.0,0.74,12.0,0.07,0.07,0.093219,1776227569000
1776227570.914,170.914,0.14,3.65,0.11,23.0,0.21,86.0,0.25,38.9,0.64,50.0,0.59,50.0,0.71,11.0,0.74,12.0,0.07,0.07,0.093219,1776227569000
1776227572.033,172.033,0.14,3.65,0.11,23.0,0.21,86.0,0.25,38.9,0.79,86.0,0.75,38.9,0.86,3.65,0.89,23.0,0.07,0.07,0.093217,1776227571000
1776227572.306,172.306,0.11,23.0,0.09,31.7,0.21,86.0,0.23,14.7,0.79,86.0,0.75,38.9,0.86,3.65,0.89,23.0,0.1,0.07,0.093217,1776227571000
1776227573.086,173.086,0.11,23.0,0.09,31.7,0.21,86.0,0.23,14.7,0.79,86.0,0.77,14.7,0.89,23.0,0.91,31.7,0.1,0.1,0.093206,1776227572000
1776227574.166,174.166,0.11,23.0,0.09,31.7,0.21,86.0,0.23,14.7,0.79,86.0,0.77,14.7,0.89,23.0,0.91,31.7,0.1,0.1,0.093202,1776227573000
1776227574.842,174.842,0.07,52.9,0.06,46.1,0.18,41.6,0.19,16.89,0.79,86.0,0.77,14.7,0.89,23.0,0.91,31.7,0.11,0.1,0.093202,1776227573000
1776227575.116,175.116,0.07,52.9,0.06,46.1,0.18,41.6,0.19,16.89,0.82,41.6,0.81,16.89,0.93,52.9,0.94,46.1,0.11,0.11,0.093196,1776227574000
1776227576.141,176.141,0.07,52.9,0.06,46.1,0.18,41.6,0.19,16.89,0.82,41.6,0.81,16.89,0.93,52.9,0.94,46.1,0.11,0.11,0.093193,1776227575000
1776227577.185,177.185,0.07,52.9,0.06,46.1,0.18,41.6,0.19,16.89,0.82,41.6,0.81,16.89,0.93,52.9,0.94,46.1,0.11,0.11,0.093193,1776227576000
1776227578.228,178.228,0.07,52.9,0.06,46.1,0.18,41.6,0.19,16.89,0.82,41.6,0.81,16.89,0.93,52.9,0.94,46.1,0.11,0.11,0.093193,1776227577000
1776227578.881,178.881,0.08,34.2,0.07,52.9,0.14,21.6,0.15,39.39,0.82,41.6,0.81,16.89,0.93,52.9,0.94,46.1,0.06,0.11,0.093193,1776227577000
1776227579.241,179.241,0.08,34.2,0.07,52.9,0.14,21.6,0.15,39.39,0.86,21.6,0.85,39.39,0.92,34.2,0.93,52.9,0.06,0.06,0.093193,1776227578000
1776227580.199,180.199,0.08,34.2,0.07,52.9,0.14,21.6,0.15,39.39,0.86,21.6,0.85,39.39,0.92,34.2,0.93,52.9,0.06,0.06,0.093193,1776227579000
1776227581.198,181.198,0.08,34.2,0.07,52.9,0.14,21.6,0.15,39.39,0.86,21.6,0.85,39.39,0.92,34.2,0.93,52.9,0.06,0.06,0.093193,1776227580000
1776227582.482,182.482,0.08,34.2,0.07,52.9,0.14,21.6,0.15,39.39,0.86,21.6,0.85,39.39,0.92,34.2,0.93,52.9,0.06,0.06,0.093186,1776227581000
1776227583.091,183.091,0.06,32.68,0.04,55.0,0.08,68.29,0.09,31.7,0.92,68.29,0.91,31.7,0.94,32.68,0.96,55.0,0.02,0.02,0.093173,1776227582000
1776227584.292,184.292,0.04,55.0,0.03,160.3,0.07,39.9,0.08,68.29,0.93,39.9,0.92,68.29,0.96,55.0,0.97,160.3,0.03,0.03,0.093162,1776227583000
1776227584.528,184.528,0.03,160.3,0.02,247.69,0.06,24.0,0.07,39.9,0.93,39.9,0.92,68.29,0.96,55.0,0.97,160.3,0.03,0.03,0.093162,1776227583000
1776227585.0,185.0,0.03,160.3,0.02,247.69,0.06,24.0,0.07,39.9,0.94,24.0,0.93,39.9,0.97,160.3,0.98,247.69,0.03,0.03,0.093161,1776227584000
1776227585.801,185.801,0.03,20.0,0.02,247.69,0.05,54.7,0.06,70.1,0.94,24.0,0.93,39.9,0.97,160.3,0.98,247.69,0.02,0.03,0.093161,1776227584000
1776227586.068,186.068,0.03,20.0,0.02,247.69,0.05,54.7,0.06,70.1,0.95,54.7,0.94,70.1,0.97,20.0,0.98,247.69,0.02,0.02,0.093161,1776227585000
1776227587.191,187.191,0.03,20.0,0.02,247.69,0.05,54.7,0.06,70.1,0.95,54.7,0.94,70.1,0.97,20.0,0.98,247.69,0.02,0.02,0.093161,1776227586000
1776227588.538,188.538,0.03,20.0,0.02,247.69,0.05,54.7,0.06,70.1,0.95,54.7,0.94,70.1,0.97,20.0,0.98,247.69,0.02,0.02,0.093161,1776227587000
1776227589.103,189.103,0.03,20.0,0.02,247.69,0.05,54.7,0.06,70.1,0.95,54.7,0.94,70.1,0.97,20.0,0.98,247.69,0.02,0.02,0.093161,1776227588000
1776227590.263,190.263,0.03,20.0,0.02,247.69,0.05,54.7,0.06,70.1,0.95,54.7,0.94,70.1,0.97,20.0,0.98,247.69,0.02,0.02,0.09316,1776227589000
1776227593.769,193.769,0.03,20.0,0.02,247.69,0.05,54.7,0.06,70.1,0.95,54.7,0.94,70.1,0.97,20.0,0.98,247.69,0.02,0.02,0.09316,1776227592000
1776227594.344,194.344,0.03,20.0,0.02,247.69,0.05,54.7,0.06,70.1,0.95,54.7,0.94,70.1,0.97,20.0,0.98,247.69,0.02,0.02,0.09316,1776227593000
1776227595.294,195.294,0.03,20.0,0.02,247.69,0.05,54.7,0.06,70.1,0.95,54.7,0.94,70.1,0.97,20.0,0.98,247.69,0.02,0.02,0.09316,1776227594000
1776227596.408,196.408,0.03,20.0,0.02,247.69,0.05,54.7,0.06,70.1,0.95,54.7,0.94,70.1,0.97,20.0,0.98,247.69,0.02,0.02,0.09318,1776227595000
1776227597.339,197.339,0.03,20.0,0.02,247.69,0.05,54.7,0.06,70.1,0.95,54.7,0.94,70.1,0.97,20.0,0.98,247.69,0.02,0.02,0.093175,1776227596000
1776227597.906,197.906,0.03,20.0,0.02,247.69,0.05,54.7,0.06,70.1,0.95,54.7,0.94,70.1,0.97,20.0,0.98,247.69,0.02,0.02,0.093173,1776227597000
1776227598.961,198.961,0.03,20.0,0.02,247.69,0.05,54.7,0.06,70.1,0.95,54.7,0.94,70.1,0.97,20.0,0.98,247.69,0.02,0.02,0.093162,1776227598000
1776227600.056,200.056,0.03,20.0,0.02,247.69,0.05,54.7,0.06,70.1,0.95,54.7,0.94,70.1,0.97,20.0,0.98,247.69,0.02,0.02,0.093164,1776227599000
1776227600.964,200.964,0.03,20.0,0.02,247.69,0.05,54.7,0.06,70.1,0.95,54.7,0.94,70.1,0.97,20.0,0.98,247.69,0.02,0.02,0.093164,1776227600000
1776227601.968,201.968,0.03,20.0,0.02,247.69,0.05,54.7,0.06,70.1,0.95,54.7,0.94,70.1,0.97,20.0,0.98,247.69,0.02,0.02,0.093164,1776227601000
1776227602.648,202.648,0.05,14.7,0.04,67.7,0.09,61.7,0.1,28.9,0.95,54.7,0.94,70.1,0.97,20.0,0.98,247.69,0.04,0.02,0.093164,1776227601000
1776227602.874,202.874,0.05,14.7,0.04,67.7,0.09,61.7,0.1,28.9,0.91,61.7,0.9,28.9,0.95,14.7,0.96,67.7,0.04,0.04,0.093176,1776227602000
1776227603.919,203.919,0.05,7.35,0.04,67.7,0.09,61.7,0.1,28.9,0.91,61.7,0.9,28.9,0.95,7.35,0.96,67.7,0.04,0.04,0.093176,1776227603000
1776227604.865,204.865,0.04,67.7,0.03,89.3,0.09,56.7,0.1,28.9,0.91,61.7,0.9,28.9,0.95,7.35,0.96,67.7,0.05,0.04,0.093176,1776227603000
1776227606.053,206.053,0.04,67.7,0.03,89.3,0.09,56.7,0.1,28.9,0.91,56.7,0.9,28.9,0.96,67.7,0.97,89.3,0.05,0.05,0.093176,1776227605000
1776227606.955,206.955,0.04,67.7,0.03,89.3,0.09,56.7,0.1,28.9,0.91,56.7,0.9,28.9,0.96,67.7,0.97,89.3,0.05,0.05,0.093173,1776227606000
1776227608.104,208.104,0.04,67.7,0.03,89.3,0.09,56.7,0.1,28.9,0.91,56.7,0.9,28.9,0.96,67.7,0.97,89.3,0.05,0.05,0.093173,1776227607000
1776227609.238,209.238,0.04,67.7,0.03,89.3,0.09,56.7,0.1,28.9,0.91,56.7,0.9,28.9,0.96,67.7,0.97,89.3,0.05,0.05,0.093175,1776227608000
1776227610.339,210.339,0.04,67.7,0.03,89.3,0.09,56.7,0.1,28.9,0.91,56.7,0.9,28.9,0.96,67.7,0.97,89.3,0.05,0.05,0.093174,1776227609000
1776227610.86,210.86,0.04,67.7,0.03,89.3,0.09,56.7,0.1,28.9,0.91,56.7,0.9,28.9,0.96,67.7,0.97,89.3,0.05,0.05,0.093174,1776227610000
1776227611.194,211.194,0.05,45.09,0.04,67.7,0.06,24.0,0.1,28.9,0.91,56.7,0.9,28.9,0.96,67.7,0.97,89.3,0.01,0.05,0.093174,1776227610000
1776227611.98,211.98,0.05,40.15,0.04,67.7,0.06,24.0,0.1,28.9,0.94,24.0,0.9,28.9,0.95,40.15,0.96,67.7,0.01,0.01,0.093177,1776227611000
1776227613.021,213.021,0.05,40.15,0.04,67.7,0.06,24.0,0.1,28.9,0.94,24.0,0.9,28.9,0.95,40.15,0.96,67.7,0.01,0.01,0.093183,1776227612000
1776227614.178,214.178,0.05,40.15,0.04,67.7,0.06,24.0,0.1,28.9,0.94,24.0,0.9,28.9,0.95,40.15,0.96,67.7,0.01,0.01,0.093183,1776227613000
1776227615.266,215.266,0.05,40.15,0.04,67.7,0.06,24.0,0.1,28.9,0.94,24.0,0.9,28.9,0.95,40.15,0.96,67.7,0.01,0.01,0.093186,1776227614000
1776227616.324,216.324,0.05,40.15,0.04,67.7,0.06,24.0,0.1,28.9,0.94,24.0,0.9,28.9,0.95,40.15,0.96,67.7,0.01,0.01,0.093189,1776227615000
1776227617.462,217.462,0.05,40.15,0.04,67.7,0.06,24.0,0.1,28.9,0.94,24.0,0.9,28.9,0.95,40.15,0.96,67.7,0.01,0.01,0.093189,1776227616000
1776227617.979,217.979,0.05,40.15,0.04,67.7,0.06,24.0,0.1,28.9,0.94,24.0,0.9,28.9,0.95,40.15,0.96,67.7,0.01,0.01,0.093189,1776227617000
1776227619.132,219.132,0.05,40.15,0.04,67.7,0.06,24.0,0.1,28.9,0.94,24.0,0.9,28.9,0.95,40.15,0.96,67.7,0.01,0.01,0.09319,1776227618000
1776227620.215,220.215,0.05,40.15,0.04,67.7,0.06,24.0,0.1,28.9,0.94,24.0,0.9,28.9,0.95,40.15,0.96,67.7,0.01,0.01,0.093191,1776227619000
1776227621.656,221.656,0.05,40.15,0.04,67.7,0.06,24.0,0.1,28.9,0.94,24.0,0.9,28.9,0.95,40.15,0.96,67.7,0.01,0.01,0.093191,1776227620000
1776227622.382,222.382,0.05,40.15,0.04,67.7,0.06,24.0,0.1,28.9,0.94,24.0,0.9,28.9,0.95,40.15,0.96,67.7,0.01,0.01,0.093191,1776227621000
1776227623.101,223.101,0.05,40.15,0.04,67.7,0.06,24.0,0.1,28.9,0.94,24.0,0.9,28.9,0.95,40.15,0.96,67.7,0.01,0.01,0.093191,1776227622000
1776227624.148,224.148,0.05,11.1,0.04,67.7,0.06,24.0,0.11,26.6,0.94,24.0,0.9,28.9,0.95,40.15,0.96,67.7,0.01,0.01,0.093191,1776227622000
1776227624.72,224.72,0.05,11.1,0.04,67.7,0.06,24.0,0.11,26.6,0.94,24.0,0.89,26.6,0.95,11.1,0.96,67.7,0.01,0.01,0.093192,1776227623000
1776227625.579,225.579,0.05,11.1,0.04,67.7,0.06,24.0,0.11,26.6,0.94,24.0,0.89,26.6,0.95,11.1,0.96,67.7,0.01,0.01,0.093192,1776227624000
1776227626.174,226.174,0.05,11.1,0.04,67.7,0.06,24.0,0.11,26.6,0.94,24.0,0.89,26.6,0.95,11.1,0.96,67.7,0.01,0.01,0.093192,1776227625000
1776227626.57,226.57,0.04,63.52,0.03,89.3,0.06,24.0,0.1,28.9,0.94,24.0,0.89,26.6,0.95,11.1,0.96,67.7,0.02,0.01,0.093192,1776227625000
1776227627.494,227.494,0.04,63.52,0.03,89.3,0.06,24.0,0.1,28.9,0.94,24.0,0.9,28.9,0.96,63.52,0.97,89.3,0.02,0.02,0.093192,1776227626000
1776227628.086,228.086,0.04,63.52,0.03,89.3,0.06,24.0,0.1,28.9,0.94,24.0,0.9,28.9,0.96,63.52,0.97,89.3,0.02,0.02,0.093192,1776227627000
1776227629.429,229.429,0.04,63.52,0.03,89.3,0.06,24.0,0.1,28.9,0.94,24.0,0.9,28.9,0.96,63.52,0.97,89.3,0.02,0.02,0.093192,1776227628000
1776227630.093,230.093,0.04,63.52,0.03,89.3,0.06,24.0,0.1,28.9,0.94,24.0,0.9,28.9,0.96,63.52,0.97,89.3,0.02,0.02,0.093191,1776227629000
1776227631.446,231.446,0.04,63.52,0.03,89.3,0.06,24.0,0.1,28.9,0.94,24.0,0.9,28.9,0.96,63.52,0.97,89.3,0.02,0.02,0.093192,1776227630000
1776227632.046,232.046,0.04,67.7,0.03,89.3,0.06,28.0,0.11,26.6,0.94,28.0,0.89,26.6,0.96,67.7,0.97,89.3,0.02,0.02,0.093197,1776227631000
1776227633.567,233.567,0.04,67.7,0.03,89.3,0.06,28.0,0.11,26.6,0.94,28.0,0.89,26.6,0.96,67.7,0.97,89.3,0.02,0.02,0.093197,1776227632000
1776227634.138,234.138,0.04,67.7,0.03,89.3,0.06,28.0,0.11,26.6,0.94,28.0,0.89,26.6,0.96,67.7,0.97,89.3,0.02,0.02,0.093197,1776227633000
1776227635.653,235.653,0.04,67.7,0.03,89.3,0.06,28.0,0.11,26.6,0.94,28.0,0.89,26.6,0.96,67.7,0.97,89.3,0.02,0.02,0.093196,1776227634000
1776227636.227,236.227,0.04,67.7,0.03,89.3,0.06,28.0,0.11,26.6,0.94,28.0,0.89,26.6,0.96,67.7,0.97,89.3,0.02,0.02,0.093196,1776227635000
1776227637.542,237.542,0.04,67.7,0.03,89.3,0.06,28.0,0.11,26.6,0.94,28.0,0.89,26.6,0.96,67.7,0.97,89.3,0.02,0.02,0.093196,1776227636000
1776227638.288,238.288,0.04,67.7,0.03,89.3,0.06,28.0,0.11,26.6,0.94,28.0,0.89,26.6,0.96,67.7,0.97,89.3,0.02,0.02,0.093197,1776227637000
1776227639.38,239.38,0.04,67.7,0.03,89.3,0.06,28.0,0.11,26.6,0.94,28.0,0.89,26.6,0.96,67.7,0.97,89.3,0.02,0.02,0.093196,1776227638000
1776227639.934,239.934,0.04,67.7,0.03,89.3,0.06,28.0,0.11,26.6,0.94,28.0,0.89,26.6,0.96,67.7,0.97,89.3,0.02,0.02,0.093197,1776227639000
1776227641.074,241.074,0.04,67.7,0.03,89.3,0.06,28.0,0.11,26.6,0.94,28.0,0.89,26.6,0.96,67.7,0.97,89.3,0.02,0.02,0.0932,1776227640000
1776227642.172,242.172,0.04,67.7,0.03,89.3,0.06,28.0,0.11,26.6,0.94,28.0,0.89,26.6,0.96,67.7,0.97,89.3,0.02,0.02,0.093199,1776227641000
1776227643.178,243.178,0.04,67.7,0.03,89.3,0.06,28.0,0.11,26.6,0.94,28.0,0.89,26.6,0.96,67.7,0.97,89.3,0.02,0.02,0.093199,1776227642000
1776227644.219,244.219,0.04,67.7,0.03,89.3,0.06,28.0,0.11,26.6,0.94,28.0,0.89,26.6,0.96,67.7,0.97,89.3,0.02,0.02,0.093199,1776227643000
1776227645.332,245.332,0.04,67.7,0.03,89.3,0.06,28.0,0.11,26.6,0.94,28.0,0.89,26.6,0.96,67.7,0.97,89.3,0.02,0.02,0.093198,1776227644000
1776227646.235,246.235,0.04,67.7,0.03,89.3,0.06,28.0,0.11,26.6,0.94,28.0,0.89,26.6,0.96,67.7,0.97,89.3,0.02,0.02,0.093199,1776227645000
1776227647.269,247.269,0.04,67.7,0.03,89.3,0.06,28.0,0.11,26.6,0.94,28.0,0.89,26.6,0.96,67.7,0.97,89.3,0.02,0.02,0.093199,1776227646000
1776227648.311,248.311,0.04,67.7,0.03,89.3,0.06,28.0,0.11,26.6,0.94,28.0,0.89,26.6,0.96,67.7,0.97,89.3,0.02,0.02,0.093198,1776227647000
1776227649.436,249.436,0.04,67.7,0.03,89.3,0.06,28.0,0.11,26.6,0.94,28.0,0.89,26.6,0.96,67.7,0.97,89.3,0.02,0.02,0.093198,1776227648000
1776227649.928,249.928,0.04,67.7,0.03,89.3,0.06,28.0,0.11,26.6,0.94,28.0,0.89,26.6,0.96,67.7,0.97,89.3,0.02,0.02,0.093196,1776227649000
1776227651.008,251.008,0.04,67.7,0.03,89.3,0.06,28.0,0.11,26.6,0.94,28.0,0.89,26.6,0.96,67.7,0.97,89.3,0.02,0.02,0.093196,1776227650000
1776227652.088,252.088,0.04,67.7,0.03,89.3,0.06,28.0,0.11,26.6,0.94,28.0,0.89,26.6,0.96,67.7,0.97,89.3,0.02,0.02,0.093197,1776227651000
1776227653.302,253.302,0.04,67.7,0.03,89.3,0.06,28.0,0.11,26.6,0.94,28.0,0.89,26.6,0.96,67.7,0.97,89.3,0.02,0.02,0.093197,1776227652000
1776227655.035,255.035,0.04,67.7,0.03,89.3,0.06,28.0,0.11,26.6,0.94,28.0,0.89,26.6,0.96,67.7,0.97,89.3,0.02,0.02,0.093198,1776227653000
1776227655.763,255.763,0.04,67.7,0.03,89.3,0.06,28.0,0.11,26.6,0.94,28.0,0.89,26.6,0.96,67.7,0.97,89.3,0.02,0.02,0.093198,1776227654000
1776227656.452,256.452,0.04,67.7,0.03,89.3,0.06,28.0,0.11,26.6,0.94,28.0,0.89,26.6,0.96,67.7,0.97,89.3,0.02,0.02,0.093198,1776227655000
1776227657.112,257.112,0.04,67.7,0.03,89.3,0.06,28.0,0.11,26.6,0.94,28.0,0.89,26.6,0.96,67.7,0.97,89.3,0.02,0.02,0.093198,1776227656000
1776227657.891,257.891,0.01,687.6,,,0.04,72.7,0.05,59.7,0.94,28.0,0.89,26.6,0.96,67.7,0.97,89.3,0.03,0.02,0.093198,1776227656000
1776227658.197,258.197,0.01,682.6,,,0.04,72.7,0.05,59.7,0.96,72.7,0.95,59.7,0.99,687.6,,,0.03,0.03,0.093198,1776227656000
1776227658.688,258.688,0.01,682.6,,,0.04,72.7,0.05,59.7,0.96,72.7,0.95,59.7,0.99,682.6,,,0.03,0.03,0.093198,1776227657000
1776227659.472,259.472,0.01,682.6,,,0.04,72.7,0.05,59.7,0.96,72.7,0.95,59.7,0.99,682.6,,,0.03,0.03,0.093198,1776227658000
1776227660.144,260.144,0.01,682.6,,,0.04,72.7,0.05,59.7,0.96,72.7,0.95,59.7,0.99,682.6,,,0.03,0.03,0.093197,1776227659000
1776227661.648,261.648,0.01,682.6,,,0.04,72.7,0.05,59.7,0.96,72.7,0.95,59.7,0.99,682.6,,,0.03,0.03,0.093193,1776227660000
1776227662.476,262.476,0.01,682.6,,,0.04,72.7,0.05,59.7,0.96,72.7,0.95,59.7,0.99,682.6,,,0.03,0.03,0.093192,1776227661000
1776227663.346,263.346,0.01,682.6,,,0.04,72.7,0.05,59.7,0.96,72.7,0.95,59.7,0.99,682.6,,,0.03,0.03,0.093192,1776227662000
1776227664.364,264.364,0.01,198.98,,,0.03,94.3,0.04,72.7,0.96,72.7,0.95,59.7,0.99,682.6,,,0.02,0.03,0.093192,1776227662000
1776227664.811,264.811,0.01,198.98,,,0.03,94.3,0.04,72.7,0.97,94.3,0.96,72.7,0.99,198.98,,,0.02,0.02,0.093194,1776227663000
1776227665.652,265.652,0.01,198.98,,,0.03,94.3,0.04,72.7,0.97,94.3,0.96,72.7,0.99,198.98,,,0.02,0.02,0.093195,1776227664000
1776227666.434,266.434,0.01,198.98,,,0.03,94.3,0.04,72.7,0.97,94.3,0.96,72.7,0.99,198.98,,,0.02,0.02,0.093195,1776227665000
1776227667.193,267.193,0.01,198.98,,,0.03,94.3,0.04,72.7,0.97,94.3,0.96,72.7,0.99,198.98,,,0.02,0.02,0.093195,1776227666000
1776227668.611,268.611,0.01,198.98,,,0.03,94.3,0.04,72.7,0.97,94.3,0.96,72.7,0.99,198.98,,,0.02,0.02,0.093194,1776227667000
1776227669.342,269.342,0.01,198.98,,,0.03,94.3,0.04,72.7,0.97,94.3,0.96,72.7,0.99,198.98,,,0.02,0.02,0.093194,1776227668000
1776227670.046,270.046,0.01,198.98,,,0.03,94.3,0.04,72.7,0.97,94.3,0.96,72.7,0.99,198.98,,,0.02,0.02,0.093194,1776227669000
1776227671.404,271.404,0.01,198.98,,,0.03,94.3,0.04,72.7,0.97,94.3,0.96,72.7,0.99,198.98,,,0.02,0.02,0.093194,1776227670000
1776227672.413,272.413,0.01,198.98,,,0.03,94.3,0.04,72.7,0.97,94.3,0.96,72.7,0.99,198.98,,,0.02,0.02,0.093194,1776227671000
1776227672.942,272.942,0.01,198.98,,,0.03,94.3,0.04,72.7,0.97,94.3,0.96,72.7,0.99,198.98,,,0.02,0.02,0.093194,1776227672000
1776227674.027,274.027,0.01,197.96,,,0.02,132.69,0.03,89.3,0.98,132.69,0.97,89.3,0.99,197.96,,,0.01,0.01,0.093194,1776227673000
1776227675.156,275.156,0.01,197.96,,,0.02,132.69,0.03,89.3,0.98,132.69,0.97,89.3,0.99,197.96,,,0.01,0.01,0.093194,1776227674000
1776227675.828,275.828,0.01,101.94,,,0.02,5.0,0.06,25.0,0.98,132.69,0.97,89.3,0.99,197.96,,,0.01,0.01,0.093194,1776227674000
1776227676.295,276.295,0.01,101.94,,,0.02,5.0,0.06,25.0,0.98,5.0,0.94,25.0,0.99,101.94,,,0.01,0.01,0.093194,1776227675000
1776227677.401,277.401,0.01,101.94,,,0.02,5.0,0.06,25.0,0.98,5.0,0.94,25.0,0.99,101.94,,,0.01,0.01,0.093199,1776227676000
1776227677.985,277.985,0.01,101.94,,,0.02,5.0,0.06,25.0,0.98,5.0,0.94,25.0,0.99,101.94,,,0.01,0.01,0.093206,1776227677000
1776227679.139,279.139,0.01,101.94,,,0.02,5.0,0.06,25.0,0.98,5.0,0.94,25.0,0.99,101.94,,,0.01,0.01,0.093219,1776227678000
1776227680.329,280.329,0.01,101.94,,,0.02,5.0,0.06,25.0,0.98,5.0,0.94,25.0,0.99,101.94,,,0.01,0.01,0.093224,1776227679000
1776227681.48,281.48,0.01,101.94,,,0.02,5.0,0.06,25.0,0.98,5.0,0.94,25.0,0.99,101.94,,,0.01,0.01,0.093226,1776227680000
1776227681.998,281.998,0.01,101.94,,,0.02,5.0,0.06,25.0,0.98,5.0,0.94,25.0,0.99,101.94,,,0.01,0.01,0.093227,1776227681000
1776227683.115,283.115,0.01,101.94,,,0.02,5.0,0.06,25.0,0.98,5.0,0.94,25.0,0.99,101.94,,,0.01,0.01,0.093228,1776227682000
1776227684.223,284.223,0.01,101.94,,,0.02,5.0,0.06,25.0,0.98,5.0,0.94,25.0,0.99,101.94,,,0.01,0.01,0.093228,1776227683000
1776227684.595,284.595,0.01,201.94,,,0.06,5.0,0.11,50.0,0.98,5.0,0.94,25.0,0.99,101.94,,,0.05,0.01,0.093228,1776227683000
1776227685.343,285.343,0.01,201.94,,,0.06,5.0,0.11,50.0,0.94,5.0,0.89,50.0,0.99,201.94,,,0.05,0.05,0.093228,1776227684000
1776227687.15,287.15,0.01,201.94,,,0.06,5.0,0.11,50.0,0.94,5.0,0.89,50.0,0.99,201.94,,,0.05,0.05,0.093235,1776227686000
1776227688.122,288.122,0.11,45.0,0.01,246.94,0.25,5.0,0.36,20.0,0.94,5.0,0.89,50.0,0.99,201.94,,,0.14,0.05,0.093235,1776227686000
1776227689.408,289.408,0.01,246.94,,,0.31,46.39,0.36,54.97,0.69,46.39,0.64,54.97,0.99,246.94,,,0.3,0.3,0.093252,1776227688000
1776227689.963,289.963,0.01,246.94,,,0.31,46.39,0.36,54.97,0.69,46.39,0.64,54.97,0.99,246.94,,,0.3,0.3,0.093255,1776227689000
1776227690.49,290.49,0.01,244.51,,,0.31,50.0,0.36,6.97,0.69,46.39,0.64,54.97,0.99,246.94,,,0.3,0.3,0.093255,1776227689000
1776227691.092,291.092,0.01,244.51,,,0.31,50.0,0.36,6.97,0.69,50.0,0.64,6.97,0.99,244.51,,,0.3,0.3,0.09326,1776227690000
1776227692.417,292.417,0.01,244.51,,,0.31,50.0,0.36,6.97,0.69,50.0,0.64,6.97,0.99,244.51,,,0.3,0.3,0.093255,1776227691000
1776227693.479,293.479,0.01,1294.51,,,0.21,44.79,0.31,50.0,0.79,44.79,0.69,50.0,0.99,1294.51,,,0.2,0.2,0.093254,1776227692000
1776227693.946,293.946,0.11,50.0,0.01,244.51,0.41,48.87,0.51,50.0,0.79,44.79,0.69,50.0,0.99,1294.51,,,0.3,0.2,0.093254,1776227692000
1776227694.19,294.19,0.11,50.0,0.01,244.51,0.71,10.65,0.81,50.0,0.59,41.62,0.49,50.0,0.89,50.0,0.99,244.51,0.6,0.3,0.093255,1776227693000
1776227695.093,295.093,0.11,50.0,0.01,244.51,0.71,10.65,0.81,50.0,0.29,10.65,0.19,50.0,0.89,50.0,0.99,244.51,0.6,0.6,0.093258,1776227694000
1776227696.179,296.179,0.11,50.0,0.01,244.51,0.71,10.65,0.81,50.0,0.29,10.65,0.19,50.0,0.89,50.0,0.99,244.51,0.6,0.6,0.093264,1776227695000
1776227696.485,296.485,0.45,4.66,0.41,50.0,0.71,59.66,0.81,50.0,0.29,59.66,0.19,50.0,0.55,6.66,0.59,50.0,0.26,0.26,0.093264,1776227695000
1776227697.242,297.242,0.45,4.66,0.41,50.0,0.71,59.66,0.81,50.0,0.29,59.66,0.19,50.0,0.55,4.66,0.59,50.0,0.26,0.26,0.093264,1776227696000
1776227697.543,297.543,0.41,30.93,0.31,50.0,0.71,59.66,0.81,50.0,0.29,59.66,0.19,50.0,0.55,2.66,0.59,50.0,0.3,0.26,0.093264,1776227696000
1776227697.867,297.867,0.31,37.46,0.21,50.0,0.71,59.66,0.81,50.0,0.29,59.66,0.19,50.0,0.69,37.46,0.79,50.0,0.4,0.4,0.093264,1776227697000
1776227698.415,298.415,0.21,37.34,0.11,50.0,0.6,15.11,0.71,9.66,0.29,59.66,0.19,50.0,0.69,37.46,0.79,50.0,0.39,0.4,0.093264,1776227697000
1776227698.624,298.624,0.21,34.68,0.11,50.0,0.6,15.11,0.71,9.66,0.4,15.11,0.29,9.66,0.79,35.95,0.89,50.0,0.39,0.39,0.093264,1776227697000
1776227698.866,298.866,0.21,8.09,0.11,50.0,0.5,122.34,0.7,22.02,0.5,122.34,0.3,22.02,0.79,9.36,0.89,50.0,0.29,0.29,0.093264,1776227697000
1776227699.336,299.336,0.1,10.0,0.04,25.0,0.21,0.23,0.23,5.0,0.5,122.34,0.3,22.02,0.79,8.09,0.89,50.0,0.11,0.29,0.093265,1776227698000
1776227700.145,300.145,0.1,3.88,0.04,25.0,0.21,0.23,0.23,5.0,0.79,0.23,0.77,5.0,0.9,3.88,0.96,25.0,0.11,0.11,0.093265,1776227699000
1776227700.381,300.381,,,,,0.5,46.6,0.55,16.66,0.99,115.62,0.8,5.0,,,,,,,0.093265,1776227699000

# RESULT,winner=Down,slug=doge-updown-5m-1776227400,ticks=328
