timestamp,elapsed_sec,up_bid_p1,up_bid_s1,up_bid_p2,up_bid_s2,up_ask_p1,up_ask_s1,up_ask_p2,up_ask_s2,down_bid_p1,down_bid_s1,down_bid_p2,down_bid_s2,down_ask_p1,down_ask_s1,down_ask_p2,down_ask_s2,up_spread,down_spread,doge_price,doge_oracle_ts
1776341401.015,1.015,0.41,37.0,0.4,33.0,0.45,9.35,0.48,5.0,0.55,9.35,0.52,5.0,0.59,37.0,0.6,33.0,0.04,0.04,0.096772,1776341400000
1776341402.233,2.233,0.34,11.76,0.33,300.0,0.62,6.0,0.67,300.0,0.55,9.35,0.52,5.0,0.59,37.0,0.6,33.0,0.28,0.04,0.096773,1776341401000
1776341404.262,4.262,0.51,7.0,0.5,5.0,0.52,1.82,0.53,5.0,0.38,6.0,0.33,300.0,0.66,11.76,0.67,300.0,0.01,0.28,0.096806,1776341403000
1776341408.063,8.063,0.52,4.28,0.51,12.0,0.55,5.0,0.56,5.0,0.47,4.89,0.46,5.0,0.49,7.0,0.5,5.0,0.03,0.02,0.096791,1776341407000
1776341408.298,8.298,0.52,4.28,0.51,12.0,0.53,3.11,0.54,5.0,0.45,5.0,0.44,5.0,0.48,4.28,0.49,12.0,0.01,0.03,0.096791,1776341407000
1776341412.084,12.084,0.61,45.0,0.55,5.0,0.62,6.0,0.74,5.0,0.47,3.11,0.46,5.0,0.48,4.28,0.49,12.0,0.01,0.01,0.096797,1776341411000
1776341412.416,12.416,0.61,66.96,0.6,5.0,0.62,3.27,0.74,5.0,0.38,3.27,0.26,5.0,0.39,45.0,0.45,5.0,0.01,0.01,0.096797,1776341411000
1776341412.819,12.819,0.61,71.96,0.6,10.0,0.72,5.0,0.73,5.0,0.38,3.27,0.26,5.0,0.39,66.96,0.4,5.0,0.11,0.01,0.096797,1776341411000
1776341429.381,29.381,0.64,5.0,0.63,5.0,0.69,2.17,0.7,5.0,0.28,5.0,0.27,5.0,0.39,71.96,0.4,10.0,0.05,0.11,0.096856,1776341427000
1776341447.985,47.985,0.74,5.0,0.73,5.0,0.76,19.3,0.77,24.7,0.31,2.17,0.3,5.0,0.36,5.0,0.37,5.0,0.02,0.05,0.096846,1776341446000
1776341450.378,50.378,0.72,5.0,0.71,5.0,0.73,3.11,0.74,5.0,0.24,19.3,0.23,24.7,0.26,5.0,0.27,5.0,0.01,0.02,0.096848,1776341448000
1776341459.584,59.584,0.63,5.0,0.62,5.0,0.65,5.0,0.66,5.0,0.27,3.11,0.26,5.0,0.28,5.0,0.29,5.0,0.02,0.01,0.096856,1776341458000
1776341463.617,63.617,0.68,5.0,0.67,5.0,0.69,4.0,0.7,5.0,0.35,5.0,0.34,5.0,0.37,5.0,0.38,5.0,0.01,0.02,0.096834,1776341462000
1776341467.051,67.051,0.69,1.77,0.68,5.0,0.7,5.0,0.71,17.6,0.31,4.0,0.3,5.0,0.32,5.0,0.33,5.0,0.01,0.01,0.096832,1776341465000
1776341473.765,73.765,0.78,5.0,0.77,5.0,0.8,0.83,0.81,55.0,0.3,5.0,0.29,17.6,0.31,1.77,0.32,5.0,0.02,0.01,0.096899,1776341472000
1776341478.822,78.822,0.88,26.35,0.87,10.0,0.89,26.6,0.9,38.9,0.2,0.83,0.19,55.0,0.22,5.0,0.23,5.0,0.01,0.02,0.096876,1776341477000
1776341482.92,82.92,0.89,35.0,0.88,26.35,0.9,5.0,0.91,11.0,0.11,26.6,0.1,38.9,0.12,26.35,0.13,10.0,0.01,0.01,0.096961,1776341481000
1776341483.45,83.45,0.9,5.0,0.89,35.0,0.91,6.0,0.92,12.0,0.09,11.0,0.08,12.0,0.11,35.0,0.12,26.35,0.01,0.02,0.096964,1776341482000
1776341484.492,84.492,0.9,72.0,0.89,35.0,0.91,0.69,0.92,12.0,0.09,6.0,0.08,12.0,0.1,5.0,0.11,35.0,0.01,0.01,0.096962,1776341483000
1776341484.913,84.913,0.92,5.0,0.91,83.0,0.94,12.69,0.95,20.0,0.07,1.69,0.06,16.0,0.09,5.0,0.1,5.0,0.02,0.02,0.096962,1776341483000
1776341485.358,85.358,0.94,71.0,0.93,5.0,0.95,18.94,0.96,50.0,0.05,20.0,0.04,117.7,0.06,7.31,0.07,75.0,0.01,0.01,0.097077,1776341484000
1776341486.121,86.121,0.94,66.9,0.93,5.0,0.95,18.94,0.96,117.7,0.05,18.94,0.04,50.0,0.06,71.0,0.07,5.0,0.01,0.01,0.097085,1776341485000
1776341488.0,88.0,0.94,49.5,0.93,5.0,0.95,18.94,0.96,50.0,0.05,18.94,0.04,117.7,0.06,66.9,0.07,5.0,0.01,0.01,0.097205,1776341487000
1776341488.727,88.727,0.94,49.5,0.93,5.0,0.96,102.94,0.97,122.3,0.05,18.94,0.04,50.0,0.06,49.5,0.07,5.0,0.02,0.01,0.097205,1776341487000
1776341489.034,89.034,0.94,5.0,0.93,5.0,0.95,15.0,0.96,102.94,0.04,102.94,0.03,122.3,0.06,49.5,0.07,5.0,0.01,0.02,0.097205,1776341487000
1776341491.55,91.55,0.89,18.72,0.88,5.0,0.91,80.0,0.92,5.0,0.09,25.0,0.04,102.94,0.1,5.0,0.11,35.0,0.02,0.01,0.09707,1776341490000
1776341493.346,93.346,0.88,5.0,0.87,5.0,0.89,6.28,0.9,5.0,0.09,80.0,0.08,5.0,0.11,18.72,0.12,5.0,0.01,0.02,0.097006,1776341492000
1776341499.222,99.222,0.89,10.0,0.88,5.0,0.9,8.97,0.91,75.0,0.11,6.28,0.1,5.0,0.12,5.0,0.13,5.0,0.01,0.01,0.097056,1776341498000
1776341504.421,104.421,0.89,5.0,0.86,5.0,0.9,22.78,0.91,111.7,0.1,8.97,0.09,75.0,0.11,10.0,0.12,5.0,0.01,0.01,0.097003,1776341503000
1776341507.287,107.287,0.8,13.0,0.79,13.0,0.81,12.0,0.9,27.78,0.1,22.78,0.09,111.7,0.11,5.0,0.14,5.0,0.01,0.01,0.09697,1776341505000
1776341508.293,108.293,0.8,33.0,0.79,13.0,0.84,1.48,0.85,5.0,0.19,12.0,0.1,27.78,0.2,13.0,0.21,13.0,0.04,0.01,0.096968,1776341507000
1776341511.831,111.831,0.77,8.0,0.76,5.0,0.84,20.78,0.85,25.39,0.16,1.48,0.15,5.0,0.2,33.0,0.21,13.0,0.07,0.04,0.096949,1776341510000
1776341526.25,126.25,0.81,5.0,0.8,5.0,0.82,3.78,0.83,23.39,0.16,20.78,0.15,25.39,0.23,8.0,0.24,5.0,0.01,0.07,0.096935,1776341525000
1776341535.328,135.328,0.9,31.0,0.89,5.0,0.91,24.74,0.92,5.0,0.18,3.78,0.17,23.39,0.19,5.0,0.2,5.0,0.01,0.01,0.096992,1776341534000
1776341537.069,137.069,0.9,26.0,0.89,5.0,0.91,7.15,0.92,5.0,0.09,24.74,0.08,5.0,0.1,31.0,0.11,5.0,0.01,0.01,0.097026,1776341535000
1776341537.368,137.368,0.91,45.0,0.9,26.0,0.92,5.0,0.93,5.0,0.09,7.15,0.08,5.0,0.1,26.0,0.11,5.0,0.01,0.01,0.097026,1776341535000
1776341566.377,166.377,0.89,5.0,0.88,5.0,0.9,24.34,0.91,36.7,0.08,5.0,0.07,5.0,0.09,45.0,0.1,26.0,0.01,0.01,0.096928,1776341565000
1776341567.401,167.401,0.89,5.0,0.88,5.0,0.91,25.72,0.92,40.29,0.1,24.34,0.09,36.7,0.11,5.0,0.12,5.0,0.02,0.01,0.096935,1776341566000
1776341576.862,176.862,0.83,5.0,0.82,5.0,0.85,2.64,0.86,5.0,0.09,25.72,0.08,40.29,0.11,5.0,0.12,5.0,0.02,0.02,0.096936,1776341575000
1776341579.072,179.072,0.86,14.0,0.84,5.0,0.87,28.0,0.88,29.6,0.15,2.64,0.14,5.0,0.17,5.0,0.18,5.0,0.01,0.02,0.096925,1776341577000
1776341609.731,209.731,0.89,5.0,0.88,5.0,0.9,26.91,0.91,25.72,0.13,28.0,0.12,29.6,0.14,14.0,0.16,5.0,0.01,0.01,0.096899,1776341608000
1776341610.49,210.49,0.89,1.58,0.88,5.0,0.91,25.72,0.92,35.29,0.1,26.91,0.09,25.72,0.11,5.0,0.12,5.0,0.02,0.01,0.096899,1776341609000
1776341611.374,211.374,0.9,11.11,0.89,1.58,0.91,20.72,0.92,40.29,0.09,25.72,0.08,35.29,0.11,1.58,0.12,5.0,0.01,0.02,0.096903,1776341610000
1776341614.369,214.369,0.9,11.11,0.89,1.58,0.91,5.16,0.92,35.29,0.09,20.72,0.08,40.29,0.1,11.11,0.11,1.58,0.01,0.01,0.096904,1776341613000
1776341624.915,224.915,0.9,6.11,0.89,1.58,0.91,25.71,0.92,40.29,0.09,5.16,0.08,35.29,0.1,11.11,0.11,1.58,0.01,0.01,0.09689,1776341623000
1776341627.645,227.645,0.9,11.11,0.89,1.58,0.91,25.6,0.92,40.29,0.09,25.71,0.08,40.29,0.1,6.11,0.11,1.58,0.01,0.01,0.096884,1776341626000
1776341628.314,228.314,0.9,11.11,0.89,1.58,0.91,17.54,0.92,40.29,0.09,25.6,0.08,40.29,0.1,11.11,0.11,1.58,0.01,0.01,0.096884,1776341627000
1776341633.874,233.874,0.9,6.11,0.89,1.58,0.91,33.22,0.92,40.29,0.09,17.54,0.08,40.29,0.1,11.11,0.11,1.58,0.01,0.01,0.096866,1776341632000
1776341640.613,240.613,0.9,6.11,0.87,5.0,0.91,14.7,0.92,40.29,0.09,33.22,0.08,40.29,0.1,6.11,0.11,1.58,0.01,0.01,0.096864,1776341639000
1776341640.897,240.897,0.9,6.11,0.88,5.0,0.91,12.7,0.92,40.29,0.09,14.7,0.08,40.29,0.1,6.11,0.13,5.0,0.01,0.01,0.096864,1776341639000
1776341641.871,241.871,0.9,6.11,0.89,5.0,0.91,7.7,0.92,40.29,0.09,12.7,0.08,40.29,0.1,6.11,0.12,5.0,0.01,0.01,0.096862,1776341640000
1776341647.751,247.751,0.95,10.0,0.94,5.0,0.96,9.19,0.97,122.3,0.09,7.7,0.08,40.29,0.1,6.11,0.11,5.0,0.01,0.01,0.09692,1776341646000
1776341647.972,247.972,0.96,63.73,0.95,10.0,0.97,122.3,0.98,202.69,0.04,9.19,0.03,122.3,0.05,10.0,0.06,5.0,0.01,0.01,0.09692,1776341646000
1776341648.34,248.34,0.96,73.73,0.95,10.0,0.97,121.26,0.98,202.69,0.03,122.3,0.02,202.69,0.04,63.73,0.05,10.0,0.01,0.01,0.09692,1776341646000
1776341648.946,248.946,0.96,78.94,0.95,10.0,0.97,95.01,0.98,202.69,0.03,96.05,0.02,202.69,0.04,73.73,0.05,10.0,0.01,0.01,0.09692,1776341647000
1776341650.203,250.203,0.96,69.21,0.95,10.0,0.97,93.97,0.98,202.69,0.03,93.97,0.02,202.69,0.04,78.94,0.05,10.0,0.01,0.01,0.09692,1776341648000
1776341650.562,250.562,0.96,69.21,0.95,10.0,0.97,88.82,0.98,202.69,0.03,93.97,0.02,202.69,0.04,69.21,0.05,10.0,0.01,0.01,0.09692,1776341648000
1776341650.846,250.846,0.96,69.21,0.95,10.0,0.97,87.78,0.98,202.69,0.03,88.82,0.02,202.69,0.04,69.21,0.05,10.0,0.01,0.01,0.096915,1776341649000
1776341651.401,251.401,0.96,69.21,0.95,10.0,0.97,83.65,0.98,202.69,0.03,87.78,0.02,202.69,0.04,69.21,0.05,10.0,0.01,0.01,0.096918,1776341650000
1776341651.823,251.823,0.96,69.21,0.95,10.0,0.97,78.08,0.98,202.69,0.03,83.65,0.02,202.69,0.04,69.21,0.05,10.0,0.01,0.01,0.096918,1776341650000
1776341652.073,252.073,0.97,5.0,0.96,69.21,0.98,201.66,0.99,653.69,0.03,78.08,0.02,202.69,0.04,69.21,0.05,10.0,0.01,0.01,0.096911,1776341651000
1776341655.072,255.072,0.97,10.0,0.96,69.21,0.98,185.05,0.99,653.69,0.02,201.66,0.01,653.69,0.03,5.0,0.04,69.21,0.01,0.01,0.096915,1776341653000
1776341655.439,255.439,0.97,10.0,0.96,69.21,0.98,179.99,0.99,653.69,0.02,185.05,0.01,653.69,0.03,10.0,0.04,69.21,0.01,0.01,0.096926,1776341654000
1776341655.941,255.941,0.97,5.0,0.96,69.21,0.98,143.02,0.99,653.69,0.02,179.99,0.01,653.69,0.03,10.0,0.04,69.21,0.01,0.01,0.096926,1776341654000
1776341657.4,257.4,0.97,5.0,0.96,69.21,0.98,107.3,0.99,653.69,0.02,137.92,0.01,653.69,0.03,5.0,0.04,69.21,0.01,0.01,0.096902,1776341656000
1776341658.904,258.904,0.97,10.0,0.96,69.21,0.98,105.25,0.99,653.69,0.02,107.3,0.01,653.69,0.03,5.0,0.04,69.21,0.01,0.01,0.09688,1776341657000
1776341660.054,260.054,0.97,5.0,0.96,64.21,0.98,84.84,0.99,653.69,0.02,105.25,0.01,653.69,0.03,10.0,0.04,69.21,0.01,0.01,0.096881,1776341658000
1776341665.387,265.387,0.97,5.0,0.96,64.21,0.98,83.81,0.99,653.69,0.02,84.84,0.01,653.69,0.03,5.0,0.04,64.21,0.01,0.01,0.096853,1776341664000
1776341669.563,269.563,0.97,5.0,0.96,64.21,0.98,82.78,0.99,653.69,0.02,83.81,0.01,653.69,0.03,5.0,0.04,64.21,0.01,0.01,0.09686,1776341668000
1776341674.043,274.043,0.96,47.46,0.95,10.0,0.98,82.78,0.99,653.69,0.02,82.78,0.01,653.69,0.03,5.0,0.04,64.21,0.02,0.01,0.096858,1776341672000
1776341675.503,275.503,0.96,47.46,0.95,10.0,0.99,345.09,,,0.02,82.78,0.01,653.69,0.04,47.46,0.05,10.0,0.03,0.02,0.096863,1776341674000
1776341679.378,279.378,0.87,1.84,0.86,19.0,0.97,5.0,0.98,11.0,0.01,345.09,,,0.04,47.46,0.05,10.0,0.1,0.03,0.096864,1776341678000
1776341679.617,279.617,0.88,5.0,0.87,1.84,0.9,3.88,0.91,5.0,0.03,5.0,0.02,11.0,0.13,1.84,0.14,19.0,0.02,0.1,0.096864,1776341678000
1776341680.219,280.219,0.93,5.0,0.92,5.0,0.99,314.07,,,0.1,3.88,0.09,5.0,0.12,5.0,0.13,1.84,0.06,0.02,0.096864,1776341678000
1776341688.909,288.909,0.98,5.0,0.97,5.0,0.99,309.7,,,0.02,5.0,0.01,314.07,0.03,3.11,0.04,5.0,0.01,0.01,0.096822,1776341687000
1776341692.388,292.388,0.98,10.0,0.97,5.0,0.99,183.68,,,0.01,309.7,,,0.02,5.0,0.03,5.0,0.01,0.01,0.096822,1776341691000
1776341693.127,293.127,0.98,10.0,0.97,5.0,0.99,179.69,,,0.01,183.68,,,0.02,10.0,0.03,5.0,0.01,0.01,0.096822,1776341691000
1776341693.656,293.656,0.98,10.0,0.97,5.0,0.99,129.18,,,0.01,179.69,,,0.02,10.0,0.03,5.0,0.01,0.01,0.096824,1776341692000
1776341694.082,294.082,0.98,10.0,0.97,5.0,0.99,108.97,,,0.01,129.18,,,0.02,10.0,0.03,5.0,0.01,0.01,0.096825,1776341693000
1776341695.018,295.018,0.98,10.0,0.97,5.0,0.99,92.49,,,0.01,102.32,,,0.02,10.0,0.03,5.0,0.01,0.01,0.096823,1776341694000
1776341695.445,295.445,0.98,10.0,0.97,5.0,0.99,74.82,,,0.01,84.82,,,0.02,10.0,0.03,5.0,0.01,0.01,0.096823,1776341694000
1776341696.086,296.086,0.98,10.0,0.97,5.0,0.99,59.17,,,0.01,65.82,,,0.02,10.0,0.03,5.0,0.01,0.01,0.096823,1776341694000
1776341696.382,296.382,0.98,10.0,0.97,5.0,,,,,0.01,59.17,,,0.02,10.0,0.03,5.0,,0.01,0.096822,1776341695000

# RESULT,winner=Up,slug=doge-updown-5m-1776341400,ticks=83
