timestamp,elapsed_sec,up_bid_p1,up_bid_s1,up_bid_p2,up_bid_s2,up_ask_p1,up_ask_s1,up_ask_p2,up_ask_s2,down_bid_p1,down_bid_s1,down_bid_p2,down_bid_s2,down_ask_p1,down_ask_s1,down_ask_p2,down_ask_s2,up_spread,down_spread,doge_price,doge_oracle_ts
1776195001.329,1.329,,,,,,,,,,,,,,,,,,,0.092949,1776195000000
1776195001.705,1.705,0.51,5.0,0.5,10.0,0.67,300.0,0.69,375.0,0.33,300.0,0.31,375.0,0.49,5.0,0.5,10.0,0.16,0.16,0.092949,1776195000000
1776195002.165,2.165,0.51,5.0,0.5,10.0,0.67,300.0,0.69,375.0,0.33,300.0,0.31,375.0,0.49,5.0,0.5,10.0,0.16,0.16,0.092949,1776195000000
1776195003.463,3.463,0.51,5.0,0.5,10.0,0.67,300.0,0.69,375.0,0.33,300.0,0.31,375.0,0.49,5.0,0.5,10.0,0.16,0.16,0.092967,1776195002000
1776195004.384,4.384,0.51,5.0,0.5,10.0,0.67,300.0,0.69,375.0,0.33,300.0,0.31,375.0,0.49,5.0,0.5,10.0,0.16,0.16,0.092977,1776195003000
1776195005.242,5.242,0.51,5.0,0.5,10.0,0.67,300.0,0.69,375.0,0.33,300.0,0.31,375.0,0.49,5.0,0.5,10.0,0.16,0.16,0.092984,1776195004000
1776195006.623,6.623,0.51,5.0,0.5,10.0,0.67,300.0,0.69,375.0,0.33,300.0,0.31,375.0,0.49,5.0,0.5,10.0,0.16,0.16,0.092991,1776195005000
1776195007.249,7.249,0.51,5.0,0.5,10.0,0.67,300.0,0.69,375.0,0.33,300.0,0.31,375.0,0.49,5.0,0.5,10.0,0.16,0.16,0.092996,1776195006000
1776195010.222,10.222,0.51,5.0,0.5,10.0,0.67,300.0,0.69,375.0,0.33,300.0,0.31,375.0,0.49,5.0,0.5,10.0,0.16,0.16,0.093038,1776195009000
1776195011.663,11.663,0.51,5.0,0.5,10.0,0.67,300.0,0.69,375.0,0.33,300.0,0.31,375.0,0.49,5.0,0.5,10.0,0.16,0.16,0.093039,1776195010000
1776195012.475,12.475,0.51,5.0,0.5,10.0,0.67,300.0,0.69,375.0,0.33,300.0,0.31,375.0,0.49,5.0,0.5,10.0,0.16,0.16,0.093048,1776195011000
1776195013.197,13.197,0.51,5.0,0.5,10.0,0.67,300.0,0.69,375.0,0.33,300.0,0.31,375.0,0.49,5.0,0.5,10.0,0.16,0.16,0.093045,1776195012000
1776195014.549,14.549,0.51,5.0,0.5,10.0,0.67,300.0,0.69,375.0,0.33,300.0,0.31,375.0,0.49,5.0,0.5,10.0,0.16,0.16,0.093032,1776195013000
1776195015.462,15.462,0.51,5.0,0.5,10.0,0.67,300.0,0.69,375.0,0.33,300.0,0.31,375.0,0.49,5.0,0.5,10.0,0.16,0.16,0.093032,1776195014000
1776195016.263,16.263,0.51,5.0,0.5,10.0,0.67,300.0,0.69,375.0,0.33,300.0,0.31,375.0,0.49,5.0,0.5,10.0,0.16,0.16,0.093015,1776195015000
1776195017.86,17.86,0.51,5.0,0.5,10.0,0.67,300.0,0.69,375.0,0.33,300.0,0.31,375.0,0.49,5.0,0.5,10.0,0.16,0.16,0.093015,1776195016000
1776195018.575,18.575,0.51,5.0,0.5,10.0,0.67,300.0,0.69,375.0,0.33,300.0,0.31,375.0,0.49,5.0,0.5,10.0,0.16,0.16,0.093015,1776195017000
1776195019.342,19.342,0.51,5.0,0.5,10.0,0.67,300.0,0.69,375.0,0.33,300.0,0.31,375.0,0.49,5.0,0.5,10.0,0.16,0.16,0.093015,1776195018000
1776195020.82,20.82,0.51,5.0,0.5,10.0,0.67,300.0,0.69,375.0,0.33,300.0,0.31,375.0,0.49,5.0,0.5,10.0,0.16,0.16,0.093017,1776195019000
1776195021.617,21.617,0.51,5.0,0.5,10.0,0.67,300.0,0.69,375.0,0.33,300.0,0.31,375.0,0.49,5.0,0.5,10.0,0.16,0.16,0.093016,1776195020000
1776195022.868,22.868,0.51,5.0,0.5,10.0,0.67,300.0,0.69,375.0,0.33,300.0,0.31,375.0,0.49,5.0,0.5,10.0,0.16,0.16,0.093016,1776195021000
1776195023.637,23.637,0.51,5.0,0.5,10.0,0.67,300.0,0.69,375.0,0.33,300.0,0.31,375.0,0.49,5.0,0.5,10.0,0.16,0.16,0.093005,1776195022000
1776195024.217,24.217,0.51,5.0,0.5,10.0,0.67,300.0,0.69,375.0,0.33,300.0,0.31,375.0,0.49,5.0,0.5,10.0,0.16,0.16,0.093015,1776195023000
1776195025.02,25.02,0.51,5.0,0.5,10.0,0.67,300.0,0.69,375.0,0.33,300.0,0.31,375.0,0.49,5.0,0.5,10.0,0.16,0.16,0.093015,1776195024000
1776195026.279,26.279,0.51,5.0,0.5,10.0,0.67,300.0,0.69,375.0,0.33,300.0,0.31,375.0,0.49,5.0,0.5,10.0,0.16,0.16,0.093013,1776195025000
1776195027.362,27.362,0.51,5.0,0.5,10.0,0.67,300.0,0.69,375.0,0.33,300.0,0.31,375.0,0.49,5.0,0.5,10.0,0.16,0.16,0.093013,1776195026000
1776195027.765,27.765,0.58,3.18,0.57,9.0,0.64,9.0,0.66,5.0,0.33,300.0,0.31,375.0,0.49,5.0,0.5,10.0,0.06,0.16,0.093013,1776195026000
1776195027.969,27.969,0.58,3.18,0.57,9.0,0.64,9.0,0.66,5.0,0.36,9.0,0.34,5.0,0.42,3.18,0.43,9.0,0.06,0.06,0.093022,1776195027000
1776195028.322,28.322,0.57,7.83,0.56,15.0,0.64,9.0,0.67,5.0,0.36,9.0,0.34,5.0,0.42,3.18,0.43,9.0,0.07,0.06,0.093022,1776195027000
1776195029.201,29.201,0.57,7.83,0.56,15.0,0.64,9.0,0.67,5.0,0.36,9.0,0.33,5.0,0.43,7.83,0.44,15.0,0.07,0.07,0.093021,1776195028000
1776195030.353,30.353,0.57,7.83,0.56,15.0,0.64,9.0,0.67,5.0,0.36,9.0,0.33,5.0,0.43,7.83,0.44,15.0,0.07,0.07,0.093038,1776195029000
1776195031.005,31.005,0.57,7.83,0.56,15.0,0.64,9.0,0.67,5.0,0.36,9.0,0.33,5.0,0.43,7.83,0.44,15.0,0.07,0.07,0.093038,1776195030000
1776195032.005,32.005,0.57,7.83,0.56,15.0,0.64,9.0,0.67,5.0,0.36,9.0,0.33,5.0,0.43,7.83,0.44,15.0,0.07,0.07,0.093046,1776195031000
1776195033.069,33.069,0.57,7.83,0.56,15.0,0.64,9.0,0.67,5.0,0.36,9.0,0.33,5.0,0.43,7.83,0.44,15.0,0.07,0.07,0.093052,1776195032000
1776195034.248,34.248,0.57,7.83,0.56,15.0,0.64,9.0,0.67,5.0,0.36,9.0,0.33,5.0,0.43,7.83,0.44,15.0,0.07,0.07,0.093032,1776195033000
1776195035.402,35.402,0.57,7.83,0.56,15.0,0.64,9.0,0.67,5.0,0.36,9.0,0.33,5.0,0.43,7.83,0.44,15.0,0.07,0.07,0.093009,1776195034000
1776195035.966,35.966,0.57,7.83,0.56,15.0,0.64,9.0,0.67,5.0,0.36,9.0,0.33,5.0,0.43,7.83,0.44,15.0,0.07,0.07,0.093008,1776195035000
1776195037.083,37.083,0.57,7.83,0.56,15.0,0.64,9.0,0.67,5.0,0.36,9.0,0.33,5.0,0.43,7.83,0.44,15.0,0.07,0.07,0.092997,1776195036000
1776195038.394,38.394,0.57,7.83,0.56,15.0,0.64,9.0,0.67,5.0,0.36,9.0,0.33,5.0,0.43,7.83,0.44,15.0,0.07,0.07,0.093006,1776195037000
1776195039.133,39.133,0.57,7.83,0.56,15.0,0.64,9.0,0.67,5.0,0.36,9.0,0.33,5.0,0.43,7.83,0.44,15.0,0.07,0.07,0.093002,1776195038000
1776195040.338,40.338,0.57,7.83,0.56,15.0,0.64,9.0,0.67,5.0,0.36,9.0,0.33,5.0,0.43,7.83,0.44,15.0,0.07,0.07,0.092998,1776195039000
1776195041.005,41.005,0.57,7.83,0.56,15.0,0.64,9.0,0.67,5.0,0.36,9.0,0.33,5.0,0.43,7.83,0.44,15.0,0.07,0.07,0.092998,1776195040000
1776195042.315,42.315,0.57,7.83,0.56,15.0,0.64,9.0,0.67,5.0,0.36,9.0,0.33,5.0,0.43,7.83,0.44,15.0,0.07,0.07,0.093014,1776195041000
1776195043.512,43.512,0.57,7.83,0.56,15.0,0.64,9.0,0.67,5.0,0.36,9.0,0.33,5.0,0.43,7.83,0.44,15.0,0.07,0.07,0.093019,1776195042000
1776195044.133,44.133,0.57,7.83,0.56,15.0,0.64,9.0,0.67,5.0,0.36,9.0,0.33,5.0,0.43,7.83,0.44,15.0,0.07,0.07,0.093019,1776195043000
1776195045.463,45.463,0.57,7.83,0.56,15.0,0.64,9.0,0.67,5.0,0.36,9.0,0.33,5.0,0.43,7.83,0.44,15.0,0.07,0.07,0.093035,1776195044000
1776195046.185,46.185,0.57,7.83,0.56,15.0,0.64,9.0,0.67,5.0,0.36,9.0,0.33,5.0,0.43,7.83,0.44,15.0,0.07,0.07,0.093041,1776195045000
1776195047.191,47.191,0.59,10.0,0.58,15.0,0.7,5.0,0.8,16.2,0.36,9.0,0.33,5.0,0.43,7.83,0.44,15.0,0.11,0.07,0.093041,1776195045000
1776195047.527,47.527,0.59,10.0,0.58,15.0,0.7,5.0,0.8,16.2,0.3,5.0,0.2,16.2,0.41,10.0,0.42,15.0,0.11,0.11,0.093049,1776195046000
1776195048.174,48.174,0.59,10.0,0.58,15.0,0.7,5.0,0.8,16.2,0.3,5.0,0.2,16.2,0.41,10.0,0.42,15.0,0.11,0.11,0.093049,1776195047000
1776195049.544,49.544,0.59,10.0,0.58,15.0,0.7,5.0,0.8,16.2,0.3,5.0,0.2,16.2,0.41,10.0,0.42,15.0,0.11,0.11,0.093044,1776195048000
1776195050.202,50.202,0.59,10.0,0.58,15.0,0.7,5.0,0.8,16.2,0.3,5.0,0.2,16.2,0.41,10.0,0.42,15.0,0.11,0.11,0.093044,1776195049000
1776195051.094,51.094,0.59,10.0,0.58,15.0,0.72,5.0,0.76,24.3,0.3,5.0,0.2,16.2,0.41,10.0,0.42,15.0,0.13,0.11,0.093044,1776195049000
1776195051.639,51.639,0.59,10.0,0.58,15.0,0.72,5.0,0.76,24.3,0.28,5.0,0.24,24.3,0.41,10.0,0.42,15.0,0.13,0.13,0.093045,1776195050000
1776195052.311,52.311,0.59,10.0,0.58,15.0,0.72,5.0,0.76,24.3,0.28,5.0,0.24,24.3,0.41,10.0,0.42,15.0,0.13,0.13,0.093043,1776195051000
1776195053.53,53.53,0.59,10.0,0.58,15.0,0.72,5.0,0.76,24.3,0.28,5.0,0.24,24.3,0.41,10.0,0.42,15.0,0.13,0.13,0.09305,1776195052000
1776195054.232,54.232,0.59,10.0,0.58,15.0,0.72,5.0,0.76,24.3,0.28,5.0,0.24,24.3,0.41,10.0,0.42,15.0,0.13,0.13,0.093048,1776195053000
1776195055.387,55.387,0.59,10.0,0.58,15.0,0.72,5.0,0.76,24.3,0.28,5.0,0.24,24.3,0.41,10.0,0.42,15.0,0.13,0.13,0.093047,1776195054000
1776195056.031,56.031,0.59,10.0,0.58,15.0,0.72,5.0,0.76,24.3,0.28,5.0,0.24,24.3,0.41,10.0,0.42,15.0,0.13,0.13,0.09305,1776195055000
1776195057.203,57.203,0.59,10.0,0.58,15.0,0.72,5.0,0.76,24.3,0.28,5.0,0.24,24.3,0.41,10.0,0.42,15.0,0.13,0.13,0.093036,1776195056000
1776195058.404,58.404,0.59,10.0,0.58,15.0,0.72,5.0,0.76,24.3,0.28,5.0,0.24,24.3,0.41,10.0,0.42,15.0,0.13,0.13,0.093021,1776195057000
1776195059.035,59.035,0.59,10.0,0.58,15.0,0.72,5.0,0.76,24.3,0.28,5.0,0.24,24.3,0.41,10.0,0.42,15.0,0.13,0.13,0.093019,1776195058000
1776195060.235,60.235,0.59,10.0,0.58,15.0,0.72,5.0,0.76,24.3,0.28,5.0,0.24,24.3,0.41,10.0,0.42,15.0,0.13,0.13,0.093022,1776195059000
1776195061.427,61.427,0.59,10.0,0.58,15.0,0.72,5.0,0.76,24.3,0.28,5.0,0.24,24.3,0.41,10.0,0.42,15.0,0.13,0.13,0.093024,1776195060000
1776195061.999,61.999,0.59,10.0,0.58,15.0,0.72,5.0,0.76,24.3,0.28,5.0,0.24,24.3,0.41,10.0,0.42,15.0,0.13,0.13,0.093026,1776195061000
1776195063.256,63.256,0.59,10.0,0.58,15.0,0.72,5.0,0.76,24.3,0.28,5.0,0.24,24.3,0.41,10.0,0.42,15.0,0.13,0.13,0.093026,1776195062000
1776195064.32,64.32,0.59,10.0,0.58,15.0,0.72,5.0,0.76,24.3,0.28,5.0,0.24,24.3,0.41,10.0,0.42,15.0,0.13,0.13,0.093017,1776195063000
1776195065.311,65.311,0.59,10.0,0.58,15.0,0.72,5.0,0.76,24.3,0.28,5.0,0.24,24.3,0.41,10.0,0.42,15.0,0.13,0.13,0.093008,1776195064000
1776195065.975,65.975,0.59,10.0,0.58,15.0,0.72,5.0,0.76,24.3,0.28,5.0,0.24,24.3,0.41,10.0,0.42,15.0,0.13,0.13,0.093005,1776195065000
1776195067.093,67.093,0.59,10.0,0.58,15.0,0.72,5.0,0.76,24.3,0.28,5.0,0.24,24.3,0.41,10.0,0.42,15.0,0.13,0.13,0.093003,1776195066000
1776195068.141,68.141,0.59,10.0,0.58,15.0,0.72,5.0,0.76,24.3,0.28,5.0,0.24,24.3,0.41,10.0,0.42,15.0,0.13,0.13,0.09299,1776195067000
1776195069.173,69.173,0.59,10.0,0.58,15.0,0.72,5.0,0.76,24.3,0.28,5.0,0.24,24.3,0.41,10.0,0.42,15.0,0.13,0.13,0.092988,1776195068000
1776195069.488,69.488,0.52,2.16,0.51,5.0,0.56,5.0,0.59,5.0,0.44,5.0,0.41,5.0,0.48,7.16,0.49,5.0,0.04,0.04,0.092988,1776195068000
1776195070.376,70.376,0.52,2.16,0.51,5.0,0.56,5.0,0.59,5.0,0.44,5.0,0.41,5.0,0.48,2.16,0.49,5.0,0.04,0.04,0.092976,1776195069000
1776195070.851,70.851,0.51,1.8,0.5,30.0,0.56,5.0,0.59,5.0,0.44,5.0,0.41,5.0,0.48,2.16,0.49,5.0,0.05,0.04,0.092976,1776195069000
1776195071.222,71.222,0.51,1.8,0.5,30.0,0.56,5.0,0.59,5.0,0.44,5.0,0.41,5.0,0.49,1.8,0.5,30.0,0.05,0.05,0.092961,1776195070000
1776195072.327,72.327,0.51,1.8,0.5,30.0,0.56,5.0,0.59,5.0,0.44,5.0,0.41,5.0,0.49,1.8,0.5,30.0,0.05,0.05,0.092958,1776195071000
1776195072.963,72.963,0.51,1.8,0.5,30.0,0.56,5.0,0.59,5.0,0.44,5.0,0.41,5.0,0.49,1.8,0.5,30.0,0.05,0.05,0.092957,1776195072000
1776195073.536,73.536,0.5,30.0,0.48,11.25,0.51,48.2,0.52,26.0,0.44,5.0,0.41,5.0,0.49,1.8,0.5,30.0,0.01,0.05,0.092957,1776195072000
1776195074.287,74.287,0.35,5.0,0.33,6.7,0.41,4.13,0.44,5.0,0.59,9.13,0.49,53.2,0.67,6.7,0.68,11.9,0.06,0.08,0.092957,1776195072000
1776195074.879,74.879,0.35,5.0,0.33,6.7,0.41,4.13,0.44,5.0,0.59,4.13,0.56,5.0,0.65,5.0,0.67,6.7,0.06,0.06,0.092946,1776195073000
1776195075.511,75.511,0.35,5.0,0.33,6.7,0.41,4.13,0.44,5.0,0.59,4.13,0.56,5.0,0.65,5.0,0.67,6.7,0.06,0.06,0.092909,1776195074000
1776195076.292,76.292,0.35,5.0,0.33,6.7,0.41,4.13,0.44,5.0,0.59,4.13,0.56,5.0,0.65,5.0,0.67,6.7,0.06,0.06,0.0929,1776195075000
1776195077.597,77.597,0.35,5.0,0.33,6.7,0.41,4.13,0.44,5.0,0.59,4.13,0.56,5.0,0.65,5.0,0.67,6.7,0.06,0.06,0.092902,1776195076000
1776195080.492,80.492,0.37,11.2,0.36,11.3,0.41,4.13,0.49,5.0,0.59,4.13,0.56,5.0,0.65,5.0,0.67,6.7,0.04,0.06,0.092902,1776195076000
1776195081.492,81.492,0.37,11.2,0.36,11.3,0.41,4.13,0.49,5.0,0.59,4.13,0.51,5.0,0.63,11.2,0.64,11.3,0.04,0.04,0.092902,1776195077000
1776195082.634,82.634,0.37,11.2,0.36,11.3,0.41,4.13,0.49,5.0,0.59,4.13,0.51,5.0,0.63,11.2,0.64,11.3,0.04,0.04,0.092905,1776195079000
1776195083.756,83.756,0.37,8.73,0.36,11.3,0.41,4.13,0.49,5.0,0.59,4.13,0.51,5.0,0.63,11.2,0.64,11.3,0.04,0.04,0.092908,1776195081000
1776195084.838,84.838,0.37,8.73,0.36,11.3,0.41,4.13,0.49,5.0,0.59,4.13,0.51,5.0,0.63,8.73,0.64,11.3,0.04,0.04,0.092921,1776195082000
1776195085.18,85.18,0.37,8.73,0.36,11.3,0.41,4.13,0.49,5.0,0.59,4.13,0.51,5.0,0.63,8.73,0.64,11.3,0.04,0.04,0.092916,1776195084000
1776195086.363,86.363,0.37,8.73,0.36,11.3,0.41,4.13,0.49,5.0,0.59,4.13,0.51,5.0,0.63,8.73,0.64,11.3,0.04,0.04,0.092919,1776195085000
1776195087.423,87.423,0.37,8.73,0.36,11.3,0.41,4.13,0.49,5.0,0.59,4.13,0.51,5.0,0.63,8.73,0.64,11.3,0.04,0.04,0.092915,1776195086000
1776195088.019,88.019,0.37,8.73,0.36,11.3,0.41,4.13,0.49,5.0,0.59,4.13,0.51,5.0,0.63,8.73,0.64,11.3,0.04,0.04,0.092899,1776195087000
1776195089.152,89.152,0.37,8.73,0.36,11.3,0.41,4.13,0.49,5.0,0.59,4.13,0.51,5.0,0.63,8.73,0.64,11.3,0.04,0.04,0.092896,1776195088000
1776195090.471,90.471,0.37,8.73,0.36,11.3,0.41,4.13,0.49,5.0,0.59,4.13,0.51,5.0,0.63,8.73,0.64,11.3,0.04,0.04,0.092902,1776195089000
1776195091.03,91.03,0.37,8.73,0.36,11.3,0.41,4.13,0.49,5.0,0.59,4.13,0.51,5.0,0.63,8.73,0.64,11.3,0.04,0.04,0.0929,1776195090000
1776195092.147,92.147,0.37,8.73,0.36,11.3,0.41,4.13,0.49,5.0,0.59,4.13,0.51,5.0,0.63,8.73,0.64,11.3,0.04,0.04,0.09289,1776195091000
1776195093.322,93.322,0.37,8.73,0.36,11.3,0.41,4.13,0.49,5.0,0.59,4.13,0.51,5.0,0.63,8.73,0.64,11.3,0.04,0.04,0.092897,1776195092000
1776195094.344,94.344,0.37,8.73,0.36,11.3,0.41,4.13,0.49,5.0,0.59,4.13,0.51,5.0,0.63,8.73,0.64,11.3,0.04,0.04,0.092904,1776195093000
1776195094.946,94.946,0.37,8.73,0.36,11.3,0.41,4.13,0.49,5.0,0.59,4.13,0.51,5.0,0.63,8.73,0.64,11.3,0.04,0.04,0.092908,1776195094000
1776195096.107,96.107,0.45,5.69,0.37,11.2,0.48,5.0,0.49,5.0,0.52,5.0,0.51,5.0,0.55,5.69,0.63,11.2,0.03,0.03,0.092911,1776195095000
1776195097.134,97.134,0.45,5.69,0.37,11.2,0.48,5.0,0.49,5.0,0.52,5.0,0.51,5.0,0.55,5.69,0.63,11.2,0.03,0.03,0.092921,1776195096000
1776195098.328,98.328,0.45,5.69,0.37,11.2,0.48,5.0,0.49,5.0,0.52,5.0,0.51,5.0,0.55,5.69,0.63,11.2,0.03,0.03,0.092921,1776195097000
1776195099.469,99.469,0.45,5.69,0.37,11.2,0.48,5.0,0.49,5.0,0.52,5.0,0.51,5.0,0.55,5.69,0.63,11.2,0.03,0.03,0.09292,1776195098000
1776195100.016,100.016,0.45,5.69,0.37,11.2,0.48,5.0,0.49,5.0,0.52,5.0,0.51,5.0,0.55,5.69,0.63,11.2,0.03,0.03,0.09292,1776195099000
1776195101.199,101.199,0.45,5.69,0.37,11.2,0.48,5.0,0.49,5.0,0.52,5.0,0.51,5.0,0.55,5.69,0.63,11.2,0.03,0.03,0.092919,1776195100000
1776195102.132,102.132,0.45,5.69,0.37,11.2,0.48,5.0,0.49,5.0,0.52,5.0,0.51,5.0,0.55,5.69,0.63,11.2,0.03,0.03,0.092918,1776195101000
1776195102.662,102.662,0.45,0.69,0.31,50.0,0.46,5.0,0.49,5.0,0.52,5.0,0.51,5.0,0.55,5.69,0.63,11.2,0.01,0.03,0.092918,1776195101000
1776195103.314,103.314,0.45,0.69,0.31,50.0,0.46,5.0,0.49,5.0,0.54,5.0,0.51,5.0,0.55,0.69,0.69,50.0,0.01,0.01,0.092918,1776195102000
1776195103.964,103.964,0.45,0.69,0.31,50.0,0.46,5.0,0.49,5.0,0.54,5.0,0.51,5.0,0.55,0.69,0.69,50.0,0.01,0.01,0.092919,1776195103000
1776195104.416,104.416,0.31,50.0,0.3,32.4,0.46,15.0,0.49,5.0,0.54,5.0,0.51,5.0,0.55,0.69,0.69,50.0,0.15,0.01,0.092919,1776195103000
1776195105.231,105.231,0.31,50.0,0.3,32.4,0.46,15.0,0.49,5.0,0.54,15.0,0.51,5.0,0.69,50.0,0.7,32.4,0.15,0.15,0.092886,1776195104000
1776195106.267,106.267,0.31,50.0,0.3,32.4,0.46,15.0,0.49,5.0,0.54,15.0,0.51,5.0,0.69,50.0,0.7,32.4,0.15,0.15,0.092887,1776195105000
1776195107.776,107.776,0.31,50.0,0.3,32.4,0.46,15.0,0.49,5.0,0.54,15.0,0.51,5.0,0.69,50.0,0.7,32.4,0.15,0.15,0.092885,1776195106000
1776195108.321,108.321,0.31,50.0,0.3,32.4,0.46,15.0,0.49,5.0,0.54,15.0,0.51,5.0,0.69,50.0,0.7,32.4,0.15,0.15,0.092879,1776195107000
1776195109.499,109.499,0.31,50.0,0.3,32.4,0.46,15.0,0.49,5.0,0.54,15.0,0.51,5.0,0.69,50.0,0.7,32.4,0.15,0.15,0.092885,1776195108000
1776195110.137,110.137,0.31,50.0,0.3,32.4,0.46,15.0,0.49,5.0,0.54,15.0,0.51,5.0,0.69,50.0,0.7,32.4,0.15,0.15,0.092887,1776195109000
1776195111.162,111.162,0.31,50.0,0.3,32.4,0.46,15.0,0.49,5.0,0.54,15.0,0.51,5.0,0.69,50.0,0.7,32.4,0.15,0.15,0.092889,1776195110000
1776195112.277,112.277,0.31,50.0,0.3,32.4,0.46,15.0,0.49,5.0,0.54,15.0,0.51,5.0,0.69,50.0,0.7,32.4,0.15,0.15,0.092897,1776195111000
1776195113.411,113.411,0.31,50.0,0.3,32.4,0.46,15.0,0.49,5.0,0.54,15.0,0.51,5.0,0.69,50.0,0.7,32.4,0.15,0.15,0.092892,1776195112000
1776195114.019,114.019,0.31,50.0,0.3,32.4,0.46,15.0,0.49,5.0,0.54,15.0,0.51,5.0,0.69,50.0,0.7,32.4,0.15,0.15,0.092892,1776195113000
1776195115.196,115.196,0.31,50.0,0.3,32.4,0.46,15.0,0.49,5.0,0.54,15.0,0.51,5.0,0.69,50.0,0.7,32.4,0.15,0.15,0.092891,1776195114000
1776195116.26,116.26,0.31,50.0,0.3,32.4,0.46,15.0,0.49,5.0,0.54,15.0,0.51,5.0,0.69,50.0,0.7,32.4,0.15,0.15,0.092895,1776195115000
1776195117.471,117.471,0.31,50.0,0.3,32.4,0.46,15.0,0.49,5.0,0.54,15.0,0.51,5.0,0.69,50.0,0.7,32.4,0.15,0.15,0.092897,1776195116000
1776195118.054,118.054,0.31,50.0,0.3,32.4,0.46,15.0,0.49,5.0,0.54,15.0,0.51,5.0,0.69,50.0,0.7,32.4,0.15,0.15,0.092902,1776195117000
1776195119.254,119.254,0.31,50.0,0.3,32.4,0.46,15.0,0.49,5.0,0.54,15.0,0.51,5.0,0.69,50.0,0.7,32.4,0.15,0.15,0.0929,1776195118000
1776195120.325,120.325,0.31,50.0,0.3,32.4,0.46,15.0,0.49,5.0,0.54,15.0,0.51,5.0,0.69,50.0,0.7,32.4,0.15,0.15,0.092888,1776195119000
1776195120.961,120.961,0.31,50.0,0.3,32.4,0.46,15.0,0.49,5.0,0.54,15.0,0.51,5.0,0.69,50.0,0.7,32.4,0.15,0.15,0.092893,1776195120000
1776195122.16,122.16,0.31,50.0,0.3,32.4,0.46,15.0,0.49,5.0,0.54,15.0,0.51,5.0,0.69,50.0,0.7,32.4,0.15,0.15,0.092897,1776195121000
1776195123.406,123.406,0.31,50.0,0.3,32.4,0.46,15.0,0.49,5.0,0.54,15.0,0.51,5.0,0.69,50.0,0.7,32.4,0.15,0.15,0.0929,1776195122000
1776195124.083,124.083,0.31,50.0,0.3,32.4,0.46,15.0,0.49,5.0,0.54,15.0,0.51,5.0,0.69,50.0,0.7,32.4,0.15,0.15,0.092902,1776195123000
1776195125.24,125.24,0.31,50.0,0.3,32.4,0.46,15.0,0.49,5.0,0.54,15.0,0.51,5.0,0.69,50.0,0.7,32.4,0.15,0.15,0.092899,1776195124000
1776195126.523,126.523,0.31,50.0,0.3,32.4,0.46,15.0,0.49,5.0,0.54,15.0,0.51,5.0,0.69,50.0,0.7,32.4,0.15,0.15,0.092917,1776195125000
1776195127.142,127.142,0.31,50.0,0.3,32.4,0.46,15.0,0.49,5.0,0.54,15.0,0.51,5.0,0.69,50.0,0.7,32.4,0.15,0.15,0.092917,1776195126000
1776195128.302,128.302,0.31,50.0,0.3,32.4,0.46,15.0,0.49,5.0,0.54,15.0,0.51,5.0,0.69,50.0,0.7,32.4,0.15,0.15,0.09292,1776195127000
1776195129.023,129.023,0.51,35.0,0.43,5.0,0.55,22.0,0.59,5.0,0.54,15.0,0.51,5.0,0.69,50.0,0.7,32.4,0.04,0.15,0.09292,1776195127000
1776195129.611,129.611,0.51,35.0,0.43,5.0,0.55,22.0,0.59,5.0,0.45,22.0,0.41,5.0,0.49,35.0,0.57,5.0,0.04,0.04,0.092937,1776195128000
1776195129.843,129.843,0.61,28.0,0.51,40.0,0.62,5.0,0.64,11.94,0.45,22.0,0.41,5.0,0.49,35.0,0.57,5.0,0.01,0.04,0.092937,1776195128000
1776195130.169,130.169,0.61,28.0,0.51,40.0,0.62,5.0,0.64,11.94,0.38,5.0,0.36,11.94,0.39,28.0,0.49,40.0,0.01,0.01,0.092937,1776195129000
1776195130.775,130.775,0.51,29.28,0.5,5.0,0.64,6.94,0.67,5.0,0.38,5.0,0.36,11.94,0.39,28.0,0.49,40.0,0.13,0.01,0.092937,1776195129000
1776195131.291,131.291,0.51,28.36,0.5,5.0,0.64,6.94,0.67,5.0,0.36,6.94,0.33,5.0,0.49,28.36,0.5,5.0,0.13,0.13,0.092964,1776195130000
1776195131.975,131.975,0.51,28.36,0.5,5.0,0.64,6.94,0.67,5.0,0.36,6.94,0.33,5.0,0.49,28.36,0.5,5.0,0.13,0.13,0.09297,1776195131000
1776195132.959,132.959,0.51,28.36,0.5,5.0,0.64,6.94,0.67,5.0,0.36,6.94,0.33,5.0,0.49,28.36,0.5,5.0,0.13,0.13,0.092997,1776195132000
1776195134.136,134.136,0.51,28.36,0.5,5.0,0.64,6.94,0.67,5.0,0.36,6.94,0.33,5.0,0.49,28.36,0.5,5.0,0.13,0.13,0.092997,1776195133000
1776195135.303,135.303,0.51,28.36,0.5,5.0,0.64,6.94,0.67,5.0,0.36,6.94,0.33,5.0,0.49,28.36,0.5,5.0,0.13,0.13,0.093003,1776195134000
1776195136.508,136.508,0.51,28.36,0.5,5.0,0.64,6.94,0.67,5.0,0.36,6.94,0.33,5.0,0.49,28.36,0.5,5.0,0.13,0.13,0.093004,1776195135000
1776195137.249,137.249,0.51,28.36,0.5,5.0,0.64,6.94,0.67,5.0,0.36,6.94,0.33,5.0,0.49,28.36,0.5,5.0,0.13,0.13,0.093004,1776195136000
1776195138.243,138.243,0.51,28.36,0.5,5.0,0.64,6.94,0.67,5.0,0.36,6.94,0.33,5.0,0.49,28.36,0.5,5.0,0.13,0.13,0.092999,1776195137000
1776195139.035,139.035,0.41,5.66,0.4,10.8,0.56,5.0,0.61,50.0,0.36,6.94,0.33,5.0,0.49,28.36,0.5,5.0,0.15,0.13,0.092999,1776195137000
1776195139.429,139.429,0.41,5.66,0.4,10.8,0.56,4.73,0.61,50.0,0.44,4.73,0.39,50.0,0.59,5.66,0.6,10.8,0.15,0.15,0.092996,1776195138000
1776195140.038,140.038,0.41,5.66,0.4,10.8,0.56,4.73,0.61,50.0,0.44,4.73,0.39,50.0,0.59,5.66,0.6,10.8,0.15,0.15,0.092997,1776195139000
1776195141.13,141.13,0.41,5.66,0.4,10.8,0.56,4.73,0.61,50.0,0.44,4.73,0.39,50.0,0.59,5.66,0.6,10.8,0.15,0.15,0.092951,1776195140000
1776195142.273,142.273,0.41,5.66,0.4,10.8,0.56,4.73,0.61,50.0,0.44,4.73,0.39,50.0,0.59,5.66,0.6,10.8,0.15,0.15,0.092951,1776195141000
1776195143.407,143.407,0.41,5.66,0.4,10.8,0.56,4.73,0.61,50.0,0.44,4.73,0.39,50.0,0.59,5.66,0.6,10.8,0.15,0.15,0.092942,1776195142000
1776195144.075,144.075,0.41,5.66,0.4,10.8,0.56,4.73,0.61,50.0,0.44,4.73,0.39,50.0,0.59,5.66,0.6,10.8,0.15,0.15,0.092942,1776195143000
1776195145.24,145.24,0.41,5.66,0.4,10.8,0.56,4.73,0.61,50.0,0.44,4.73,0.39,50.0,0.59,5.66,0.6,10.8,0.15,0.15,0.092948,1776195144000
1776195146.377,146.377,0.41,5.66,0.4,10.8,0.56,4.73,0.61,50.0,0.44,4.73,0.39,50.0,0.59,5.66,0.6,10.8,0.15,0.15,0.092936,1776195145000
1776195147.019,147.019,0.41,5.66,0.4,10.8,0.56,4.73,0.61,50.0,0.44,4.73,0.39,50.0,0.59,5.66,0.6,10.8,0.15,0.15,0.092936,1776195146000
1776195148.033,148.033,0.41,5.66,0.4,10.8,0.56,4.73,0.61,50.0,0.44,4.73,0.39,50.0,0.59,5.66,0.6,10.8,0.15,0.15,0.092949,1776195147000
1776195149.137,149.137,0.41,5.66,0.4,10.8,0.56,4.73,0.61,50.0,0.44,4.73,0.39,50.0,0.59,5.66,0.6,10.8,0.15,0.15,0.092933,1776195148000
1776195150.269,150.269,0.41,5.66,0.4,10.8,0.56,4.73,0.61,50.0,0.44,4.73,0.39,50.0,0.59,5.66,0.6,10.8,0.15,0.15,0.092927,1776195149000
1776195151.5,151.5,0.41,5.66,0.4,10.8,0.56,4.73,0.61,50.0,0.44,4.73,0.39,50.0,0.59,5.66,0.6,10.8,0.15,0.15,0.092934,1776195150000
1776195151.997,151.997,0.41,5.66,0.4,10.8,0.56,4.73,0.61,50.0,0.44,4.73,0.39,50.0,0.59,5.66,0.6,10.8,0.15,0.15,0.092934,1776195151000
1776195153.085,153.085,0.41,5.66,0.4,10.8,0.56,4.73,0.61,50.0,0.44,4.73,0.39,50.0,0.59,5.66,0.6,10.8,0.15,0.15,0.092935,1776195152000
1776195154.151,154.151,0.41,5.66,0.4,10.8,0.56,4.73,0.61,50.0,0.44,4.73,0.39,50.0,0.59,5.66,0.6,10.8,0.15,0.15,0.092974,1776195153000
1776195154.897,154.897,0.57,5.76,0.46,5.0,0.64,1.64,0.65,5.0,0.44,4.73,0.39,50.0,0.59,5.66,0.6,10.8,0.07,0.15,0.092974,1776195153000
1776195155.376,155.376,0.57,5.76,0.46,5.0,0.64,1.64,0.65,5.0,0.36,1.64,0.35,5.0,0.43,5.76,0.54,5.0,0.07,0.07,0.092981,1776195154000
1776195156.407,156.407,0.57,5.76,0.46,5.0,0.64,1.64,0.65,5.0,0.36,1.64,0.35,5.0,0.43,5.76,0.54,5.0,0.07,0.07,0.092984,1776195155000
1776195157.087,157.087,0.57,5.76,0.46,5.0,0.64,1.64,0.65,5.0,0.36,1.64,0.35,5.0,0.43,5.76,0.54,5.0,0.07,0.07,0.092969,1776195156000
1776195158.173,158.173,0.57,5.76,0.48,5.0,0.65,8.46,0.68,11.9,0.35,8.46,0.32,11.9,0.43,5.76,0.52,5.0,0.08,0.08,0.092985,1776195157000
1776195159.273,159.273,0.57,5.76,0.48,5.0,0.65,8.46,0.68,11.9,0.35,8.46,0.32,11.9,0.43,5.76,0.52,5.0,0.08,0.08,0.092986,1776195158000
1776195160.366,160.366,0.57,5.76,0.48,5.0,0.65,8.46,0.68,11.9,0.35,8.46,0.32,11.9,0.43,5.76,0.52,5.0,0.08,0.08,0.092987,1776195159000
1776195160.922,160.922,0.57,5.76,0.48,5.0,0.65,8.46,0.68,11.9,0.35,8.46,0.32,11.9,0.43,5.76,0.52,5.0,0.08,0.08,0.092983,1776195160000
1776195163.382,163.382,0.57,5.76,0.48,5.0,0.65,8.46,0.68,11.9,0.35,8.46,0.32,11.9,0.43,5.76,0.52,5.0,0.08,0.08,0.092982,1776195161000
1776195164.272,164.272,0.54,9.65,0.45,10.5,0.6,5.0,0.61,55.0,0.35,8.46,0.32,11.9,0.43,5.76,0.52,5.0,0.06,0.08,0.092982,1776195161000
1776195165.381,165.381,0.54,9.65,0.45,10.5,0.6,5.0,0.61,55.0,0.4,5.0,0.39,55.0,0.46,9.65,0.55,10.5,0.06,0.06,0.092965,1776195164000
1776195166.24,166.24,0.54,9.65,0.45,10.5,0.6,5.0,0.61,55.0,0.4,5.0,0.39,55.0,0.46,9.65,0.55,10.5,0.06,0.06,0.092965,1776195165000
1776195167.361,167.361,0.54,9.65,0.45,10.5,0.6,5.0,0.61,55.0,0.4,5.0,0.39,55.0,0.46,9.65,0.55,10.5,0.06,0.06,0.092963,1776195166000
1776195168.362,168.362,0.54,9.65,0.45,10.5,0.6,5.0,0.61,55.0,0.4,5.0,0.39,55.0,0.46,9.65,0.55,10.5,0.06,0.06,0.092963,1776195167000
1776195169.508,169.508,0.54,9.65,0.45,10.5,0.6,5.0,0.61,55.0,0.4,5.0,0.39,55.0,0.46,9.65,0.55,10.5,0.06,0.06,0.092968,1776195168000
1776195170.402,170.402,0.54,9.65,0.45,10.5,0.6,5.0,0.61,55.0,0.4,5.0,0.39,55.0,0.46,9.65,0.55,10.5,0.06,0.06,0.092968,1776195169000
1776195171.356,171.356,0.54,9.65,0.45,10.5,0.6,5.0,0.61,55.0,0.4,5.0,0.39,55.0,0.46,9.65,0.55,10.5,0.06,0.06,0.092968,1776195170000
1776195172.396,172.396,0.54,9.65,0.45,10.5,0.6,5.0,0.61,55.0,0.4,5.0,0.39,55.0,0.46,9.65,0.55,10.5,0.06,0.06,0.092967,1776195171000
1776195173.539,173.539,0.54,9.65,0.45,10.5,0.6,5.0,0.61,55.0,0.4,5.0,0.39,55.0,0.46,9.65,0.55,10.5,0.06,0.06,0.092967,1776195172000
1776195174.656,174.656,0.54,9.65,0.45,10.5,0.6,5.0,0.61,55.0,0.4,5.0,0.39,55.0,0.46,9.65,0.55,10.5,0.06,0.06,0.092967,1776195173000
1776195175.724,175.724,0.54,9.65,0.45,10.5,0.6,5.0,0.61,55.0,0.4,5.0,0.39,55.0,0.46,9.65,0.55,10.5,0.06,0.06,0.092966,1776195174000
1776195176.61,176.61,0.54,9.65,0.45,10.5,0.6,5.0,0.61,55.0,0.4,5.0,0.39,55.0,0.46,9.65,0.55,10.5,0.06,0.06,0.092969,1776195175000
1776195177.683,177.683,0.54,9.65,0.45,10.5,0.6,5.0,0.61,55.0,0.4,5.0,0.39,55.0,0.46,9.65,0.55,10.5,0.06,0.06,0.09297,1776195176000
1776195178.471,178.471,0.54,9.65,0.45,10.5,0.6,5.0,0.61,55.0,0.4,5.0,0.39,55.0,0.46,9.65,0.55,10.5,0.06,0.06,0.092969,1776195177000
1776195179.236,179.236,0.54,9.65,0.45,10.5,0.6,5.0,0.61,55.0,0.4,5.0,0.39,55.0,0.46,9.65,0.55,10.5,0.06,0.06,0.092971,1776195178000
1776195180.812,180.812,0.54,9.65,0.45,10.5,0.6,5.0,0.61,55.0,0.4,5.0,0.39,55.0,0.46,9.65,0.55,10.5,0.06,0.06,0.092971,1776195179000
1776195181.553,181.553,0.54,9.65,0.45,10.5,0.6,5.0,0.61,55.0,0.4,5.0,0.39,55.0,0.46,9.65,0.55,10.5,0.06,0.06,0.092973,1776195180000
1776195181.963,181.963,0.54,9.65,0.38,11.0,0.61,60.0,0.62,14.0,0.4,5.0,0.39,55.0,0.46,9.65,0.55,10.5,0.07,0.06,0.092973,1776195180000
1776195182.437,182.437,0.38,11.0,0.37,16.2,0.55,10.0,0.56,5.0,0.45,10.0,0.44,5.0,0.62,11.0,0.63,16.2,0.17,0.17,0.092973,1776195181000
1776195183.246,183.246,0.38,11.0,0.37,16.2,0.55,10.0,0.56,5.0,0.45,10.0,0.44,5.0,0.62,11.0,0.63,16.2,0.17,0.17,0.092976,1776195182000
1776195184.148,184.148,0.38,11.0,0.37,16.2,0.55,10.0,0.56,5.0,0.45,10.0,0.44,5.0,0.62,11.0,0.63,16.2,0.17,0.17,0.092939,1776195183000
1776195185.819,185.819,0.38,11.0,0.37,16.2,0.55,10.0,0.56,5.0,0.45,10.0,0.44,5.0,0.62,11.0,0.63,16.2,0.17,0.17,0.092938,1776195184000
1776195187.019,187.019,0.38,11.0,0.37,16.2,0.55,10.0,0.56,5.0,0.45,10.0,0.44,5.0,0.62,11.0,0.63,16.2,0.17,0.17,0.092937,1776195186000
1776195188.241,188.241,0.38,11.0,0.37,16.2,0.55,10.0,0.56,5.0,0.45,10.0,0.44,5.0,0.62,11.0,0.63,16.2,0.17,0.17,0.092937,1776195187000
1776195189.417,189.417,0.38,11.0,0.37,16.2,0.55,10.0,0.56,5.0,0.45,10.0,0.44,5.0,0.62,11.0,0.63,16.2,0.17,0.17,0.092941,1776195188000
1776195189.98,189.98,0.38,11.0,0.37,16.2,0.55,10.0,0.56,5.0,0.45,10.0,0.44,5.0,0.62,11.0,0.63,16.2,0.17,0.17,0.092941,1776195189000
1776195191.191,191.191,0.38,11.0,0.37,16.2,0.55,10.0,0.56,5.0,0.45,10.0,0.44,5.0,0.62,11.0,0.63,16.2,0.17,0.17,0.092942,1776195190000
1776195192.457,192.457,0.38,11.0,0.37,16.2,0.55,10.0,0.56,5.0,0.45,10.0,0.44,5.0,0.62,11.0,0.63,16.2,0.17,0.17,0.092948,1776195191000
1776195193.073,193.073,0.38,11.0,0.37,16.2,0.55,10.0,0.56,5.0,0.45,10.0,0.44,5.0,0.62,11.0,0.63,16.2,0.17,0.17,0.092946,1776195192000
1776195194.359,194.359,0.37,6.2,0.36,11.3,0.43,5.0,0.53,5.0,0.57,5.0,0.47,5.0,0.63,6.2,0.64,11.3,0.06,0.06,0.092944,1776195193000
1776195195.013,195.013,0.37,6.2,0.36,11.3,0.43,5.0,0.53,5.0,0.57,5.0,0.47,5.0,0.63,6.2,0.64,11.3,0.06,0.06,0.092937,1776195194000
1776195196.323,196.323,0.37,6.2,0.36,11.3,0.43,5.0,0.53,5.0,0.57,5.0,0.47,5.0,0.63,6.2,0.64,11.3,0.06,0.06,0.092933,1776195195000
1776195197.037,197.037,0.37,6.2,0.36,11.3,0.43,5.0,0.53,5.0,0.57,5.0,0.47,5.0,0.63,6.2,0.64,11.3,0.06,0.06,0.092934,1776195196000
1776195198.125,198.125,0.37,6.2,0.36,11.3,0.43,5.0,0.53,5.0,0.57,5.0,0.47,5.0,0.63,6.2,0.64,11.3,0.06,0.06,0.092934,1776195197000
1776195199.23,199.23,0.37,6.2,0.36,11.3,0.43,5.0,0.53,5.0,0.57,5.0,0.47,5.0,0.63,6.2,0.64,11.3,0.06,0.06,0.092934,1776195198000
1776195200.7,200.7,0.37,6.2,0.36,11.3,0.43,5.0,0.53,5.0,0.57,5.0,0.47,5.0,0.63,6.2,0.64,11.3,0.06,0.06,0.092934,1776195199000
1776195201.276,201.276,0.37,6.2,0.36,11.3,0.43,5.0,0.53,5.0,0.57,5.0,0.47,5.0,0.63,6.2,0.64,11.3,0.06,0.06,0.092934,1776195200000
1776195202.032,202.032,0.37,6.2,0.36,11.3,0.43,5.0,0.53,5.0,0.57,5.0,0.47,5.0,0.63,6.2,0.64,11.3,0.06,0.06,0.092934,1776195201000
1776195203.046,203.046,0.37,6.2,0.36,11.3,0.43,5.0,0.53,5.0,0.57,5.0,0.47,5.0,0.63,6.2,0.64,11.3,0.06,0.06,0.092933,1776195202000
1776195203.984,203.984,0.37,6.2,0.36,11.3,0.43,5.0,0.53,5.0,0.57,5.0,0.47,5.0,0.63,6.2,0.64,11.3,0.06,0.06,0.092933,1776195203000
1776195205.058,205.058,0.37,6.2,0.36,11.3,0.43,5.0,0.53,5.0,0.57,5.0,0.47,5.0,0.63,6.2,0.64,11.3,0.06,0.06,0.092933,1776195204000
1776195206.047,206.047,0.37,6.2,0.36,11.3,0.43,5.0,0.53,5.0,0.57,5.0,0.47,5.0,0.63,6.2,0.64,11.3,0.06,0.06,0.092933,1776195205000
1776195207.046,207.046,0.37,6.2,0.36,11.3,0.43,5.0,0.53,5.0,0.57,5.0,0.47,5.0,0.63,6.2,0.64,11.3,0.06,0.06,0.092943,1776195206000
1776195208.106,208.106,0.37,6.2,0.36,11.3,0.43,5.0,0.53,5.0,0.57,5.0,0.47,5.0,0.63,6.2,0.64,11.3,0.06,0.06,0.092955,1776195207000
1776195209.072,209.072,0.37,6.2,0.36,11.3,0.43,5.0,0.53,5.0,0.57,5.0,0.47,5.0,0.63,6.2,0.64,11.3,0.06,0.06,0.092965,1776195208000
1776195210.061,210.061,0.37,6.2,0.36,11.3,0.43,5.0,0.53,5.0,0.57,5.0,0.47,5.0,0.63,6.2,0.64,11.3,0.06,0.06,0.092966,1776195209000
1776195211.114,211.114,0.37,6.2,0.36,11.3,0.43,5.0,0.53,5.0,0.57,5.0,0.47,5.0,0.63,6.2,0.64,11.3,0.06,0.06,0.092965,1776195210000
1776195212.073,212.073,0.37,6.2,0.36,11.3,0.43,5.0,0.53,5.0,0.57,5.0,0.47,5.0,0.63,6.2,0.64,11.3,0.06,0.06,0.092963,1776195211000
1776195213.019,213.019,0.37,6.2,0.36,11.3,0.43,5.0,0.53,5.0,0.57,5.0,0.47,5.0,0.63,6.2,0.64,11.3,0.06,0.06,0.092958,1776195212000
1776195214.099,214.099,0.37,6.2,0.36,11.3,0.43,5.0,0.53,5.0,0.57,5.0,0.47,5.0,0.63,6.2,0.64,11.3,0.06,0.06,0.092951,1776195213000
1776195215.067,215.067,0.37,6.2,0.36,11.3,0.43,5.0,0.53,5.0,0.57,5.0,0.47,5.0,0.63,6.2,0.64,11.3,0.06,0.06,0.092951,1776195214000
1776195216.083,216.083,0.37,6.2,0.36,11.3,0.43,5.0,0.53,5.0,0.57,5.0,0.47,5.0,0.63,6.2,0.64,11.3,0.06,0.06,0.092951,1776195215000
1776195217.146,217.146,0.37,6.2,0.36,11.3,0.43,5.0,0.53,5.0,0.57,5.0,0.47,5.0,0.63,6.2,0.64,11.3,0.06,0.06,0.09295,1776195216000
1776195218.317,218.317,0.37,6.2,0.36,11.3,0.43,5.0,0.53,5.0,0.57,5.0,0.47,5.0,0.63,6.2,0.64,11.3,0.06,0.06,0.09295,1776195217000
1776195219.343,219.343,0.37,6.2,0.36,11.3,0.43,5.0,0.53,5.0,0.57,5.0,0.47,5.0,0.63,6.2,0.64,11.3,0.06,0.06,0.092951,1776195218000
1776195220.316,220.316,0.37,6.2,0.36,11.3,0.43,5.0,0.53,5.0,0.57,5.0,0.47,5.0,0.63,6.2,0.64,11.3,0.06,0.06,0.092951,1776195219000
1776195221.286,221.286,0.46,5.5,0.45,10.5,0.47,5.0,0.54,7.0,0.53,5.0,0.46,7.0,0.54,5.5,0.55,10.5,0.01,0.01,0.092951,1776195220000
1776195221.996,221.996,0.51,80.0,0.41,50.0,0.54,2.0,0.55,5.0,0.53,5.0,0.46,7.0,0.54,5.5,0.55,10.5,0.03,0.01,0.092951,1776195220000
1776195222.306,222.306,0.51,80.0,0.41,50.0,0.54,2.0,0.55,5.0,0.46,2.0,0.45,5.0,0.49,80.0,0.59,50.0,0.03,0.03,0.09295,1776195221000
1776195223.323,223.323,0.51,80.0,0.41,50.0,0.54,2.0,0.55,5.0,0.46,2.0,0.45,5.0,0.49,80.0,0.59,50.0,0.03,0.03,0.09295,1776195222000
1776195224.043,224.043,0.51,30.0,0.41,60.7,0.55,2.17,0.62,14.0,0.46,2.0,0.45,5.0,0.49,80.0,0.59,50.0,0.04,0.03,0.09295,1776195222000
1776195224.425,224.425,0.51,30.0,0.41,60.7,0.55,2.17,0.62,14.0,0.45,2.17,0.38,14.0,0.49,30.0,0.59,60.7,0.04,0.04,0.092992,1776195223000
1776195225.384,225.384,0.51,30.0,0.41,60.7,0.55,2.17,0.62,14.0,0.45,2.17,0.38,14.0,0.49,30.0,0.59,60.7,0.04,0.04,0.092981,1776195224000
1776195226.34,226.34,0.51,30.0,0.41,60.7,0.55,2.17,0.62,14.0,0.45,2.17,0.38,14.0,0.49,30.0,0.59,60.7,0.04,0.04,0.09296,1776195225000
1776195226.85,226.85,0.51,30.0,0.41,60.7,0.55,2.17,0.62,14.0,0.45,2.17,0.38,14.0,0.49,30.0,0.59,60.7,0.04,0.04,0.09296,1776195226000
1776195227.915,227.915,0.51,30.0,0.41,60.7,0.55,2.17,0.62,14.0,0.45,2.17,0.38,14.0,0.49,30.0,0.59,60.7,0.04,0.04,0.092958,1776195227000
1776195229.403,229.403,0.51,30.0,0.41,60.7,0.55,2.17,0.62,14.0,0.45,2.17,0.38,14.0,0.49,30.0,0.59,60.7,0.04,0.04,0.092958,1776195228000
1776195230.365,230.365,0.51,30.0,0.41,60.7,0.55,2.17,0.62,14.0,0.45,2.17,0.38,14.0,0.49,30.0,0.59,60.7,0.04,0.04,0.092958,1776195229000
1776195230.942,230.942,0.51,30.0,0.41,60.7,0.55,2.17,0.62,14.0,0.45,2.17,0.38,14.0,0.49,30.0,0.59,60.7,0.04,0.04,0.092957,1776195230000
1776195232.054,232.054,0.51,30.0,0.41,60.7,0.55,2.17,0.62,14.0,0.45,2.17,0.38,14.0,0.49,30.0,0.59,60.7,0.04,0.04,0.092957,1776195231000
1776195233.173,233.173,0.51,30.0,0.41,60.7,0.55,2.17,0.62,14.0,0.45,2.17,0.38,14.0,0.49,30.0,0.59,60.7,0.04,0.04,0.092958,1776195232000
1776195233.472,233.472,0.33,8.82,0.32,11.9,0.46,5.0,0.51,50.0,0.45,2.17,0.38,14.0,0.49,30.0,0.59,60.7,0.13,0.04,0.092958,1776195232000
1776195234.334,234.334,0.33,8.82,0.32,11.9,0.46,5.0,0.51,50.0,0.54,5.0,0.49,50.0,0.67,8.82,0.68,11.9,0.13,0.13,0.092937,1776195233000
1776195234.638,234.638,0.33,8.82,0.32,11.9,0.46,0.83,0.51,50.0,0.54,5.0,0.49,50.0,0.67,8.82,0.68,11.9,0.13,0.13,0.092937,1776195233000
1776195235.806,235.806,0.33,8.82,0.32,11.9,0.46,0.83,0.51,50.0,0.54,0.83,0.49,50.0,0.67,8.82,0.68,11.9,0.13,0.13,0.092936,1776195234000
1776195236.415,236.415,0.33,8.82,0.32,11.9,0.46,0.83,0.51,50.0,0.54,0.83,0.49,50.0,0.67,8.82,0.68,11.9,0.13,0.13,0.092936,1776195235000
1776195237.201,237.201,0.33,8.82,0.32,11.9,0.46,0.83,0.51,50.0,0.54,0.83,0.49,50.0,0.67,8.82,0.68,11.9,0.13,0.13,0.092933,1776195236000
1776195238.319,238.319,0.33,8.82,0.32,11.9,0.46,0.83,0.51,50.0,0.54,0.83,0.49,50.0,0.67,8.82,0.68,11.9,0.13,0.13,0.092929,1776195237000
1776195239.458,239.458,0.33,8.82,0.32,11.9,0.46,0.83,0.51,50.0,0.54,0.83,0.49,50.0,0.67,8.82,0.68,11.9,0.13,0.13,0.092929,1776195238000
1776195240.084,240.084,0.33,8.82,0.32,11.9,0.46,0.83,0.51,50.0,0.54,0.83,0.49,50.0,0.67,8.82,0.68,11.9,0.13,0.13,0.092929,1776195239000
1776195241.151,241.151,0.33,8.82,0.32,11.9,0.46,0.83,0.51,50.0,0.54,0.83,0.49,50.0,0.67,8.82,0.68,11.9,0.13,0.13,0.092929,1776195240000
1776195242.25,242.25,0.33,8.82,0.32,11.9,0.46,0.83,0.51,50.0,0.54,0.83,0.49,50.0,0.67,8.82,0.68,11.9,0.13,0.13,0.092929,1776195241000
1776195243.391,243.391,0.33,8.82,0.32,11.9,0.46,0.83,0.51,50.0,0.54,0.83,0.49,50.0,0.67,8.82,0.68,11.9,0.13,0.13,0.092929,1776195242000
1776195244.072,244.072,0.33,8.82,0.32,11.9,0.46,0.83,0.51,50.0,0.54,0.83,0.49,50.0,0.67,8.82,0.68,11.9,0.13,0.13,0.092929,1776195243000
1776195245.362,245.362,0.33,8.82,0.32,11.9,0.46,0.83,0.51,50.0,0.54,0.83,0.49,50.0,0.67,8.82,0.68,11.9,0.13,0.13,0.092925,1776195244000
1776195246.61,246.61,0.33,8.82,0.32,11.9,0.46,0.83,0.51,50.0,0.54,0.83,0.49,50.0,0.67,8.82,0.68,11.9,0.13,0.13,0.09293,1776195245000
1776195247.183,247.183,0.33,8.82,0.32,11.9,0.46,0.83,0.51,50.0,0.54,0.83,0.49,50.0,0.67,8.82,0.68,11.9,0.13,0.13,0.092921,1776195246000
1776195248.495,248.495,0.33,8.82,0.32,11.9,0.46,0.83,0.51,50.0,0.54,0.83,0.49,50.0,0.67,8.82,0.68,11.9,0.13,0.13,0.092874,1776195247000
1776195249.084,249.084,0.33,8.82,0.32,11.9,0.46,0.83,0.51,50.0,0.54,0.83,0.49,50.0,0.67,8.82,0.68,11.9,0.13,0.13,0.092866,1776195248000
1776195250.306,250.306,0.33,8.82,0.32,11.9,0.46,0.83,0.51,50.0,0.54,0.83,0.49,50.0,0.67,8.82,0.68,11.9,0.13,0.13,0.092866,1776195249000
1776195251.006,251.006,0.33,8.82,0.32,11.9,0.46,0.83,0.51,50.0,0.54,0.83,0.49,50.0,0.67,8.82,0.68,11.9,0.13,0.13,0.09287,1776195250000
1776195252.137,252.137,0.33,8.82,0.32,11.9,0.46,0.83,0.51,50.0,0.54,0.83,0.49,50.0,0.67,8.82,0.68,11.9,0.13,0.13,0.092867,1776195251000
1776195253.419,253.419,0.33,8.82,0.32,11.9,0.46,0.83,0.51,50.0,0.54,0.83,0.49,50.0,0.67,8.82,0.68,11.9,0.13,0.13,0.092834,1776195252000
1776195253.967,253.967,0.33,8.82,0.32,11.9,0.46,0.83,0.51,50.0,0.54,0.83,0.49,50.0,0.67,8.82,0.68,11.9,0.13,0.13,0.092831,1776195253000
1776195255.162,255.162,0.33,8.82,0.32,11.9,0.46,0.83,0.51,50.0,0.54,0.83,0.49,50.0,0.67,8.82,0.68,11.9,0.13,0.13,0.092841,1776195254000
1776195255.505,255.505,0.08,33.11,0.07,39.9,0.16,5.0,0.17,5.0,0.54,0.83,0.49,50.0,0.67,8.82,0.68,11.9,0.08,0.13,0.092841,1776195254000
1776195256.421,256.421,0.08,33.11,0.07,39.9,0.16,5.0,0.17,5.0,0.84,5.0,0.83,5.0,0.92,33.11,0.93,39.9,0.08,0.08,0.092852,1776195255000
1776195257.444,257.444,0.07,34.9,0.06,46.1,0.21,50.0,0.28,10.0,0.84,5.0,0.83,5.0,0.92,33.11,0.93,39.9,0.14,0.08,0.092852,1776195255000
1776195258.107,258.107,0.07,34.9,0.06,46.1,0.21,50.0,0.28,10.0,0.79,50.0,0.72,10.0,0.93,34.9,0.94,46.1,0.14,0.14,0.09285,1776195257000
1776195259.391,259.391,0.07,34.9,0.06,46.1,0.21,50.0,0.28,10.0,0.79,50.0,0.72,10.0,0.93,34.9,0.94,46.1,0.14,0.14,0.092847,1776195258000
1776195260.913,260.913,0.07,34.9,0.06,46.1,0.21,50.0,0.28,10.0,0.79,50.0,0.72,10.0,0.93,34.9,0.94,46.1,0.14,0.14,0.092841,1776195259000
1776195261.451,261.451,0.07,34.9,0.06,46.1,0.21,50.0,0.28,10.0,0.79,50.0,0.72,10.0,0.93,34.9,0.94,46.1,0.14,0.14,0.092841,1776195260000
1776195262.189,262.189,0.07,34.9,0.06,46.1,0.21,50.0,0.28,10.0,0.79,50.0,0.72,10.0,0.93,34.9,0.94,46.1,0.14,0.14,0.09284,1776195261000
1776195262.71,262.71,0.03,84.3,0.02,137.69,0.12,5.0,0.13,5.0,0.79,50.0,0.72,10.0,0.93,34.9,0.94,46.1,0.09,0.14,0.09284,1776195261000
1776195263.405,263.405,0.03,84.3,0.02,137.69,0.12,5.0,0.13,5.0,0.88,5.0,0.87,5.0,0.97,84.3,0.98,137.69,0.09,0.09,0.092835,1776195262000
1776195264.053,264.053,0.03,84.3,0.02,137.69,0.12,5.0,0.13,5.0,0.88,5.0,0.87,5.0,0.97,84.3,0.98,137.69,0.09,0.09,0.092834,1776195263000
1776195265.411,265.411,0.03,84.3,0.02,137.69,0.12,5.0,0.13,5.0,0.88,5.0,0.87,5.0,0.97,84.3,0.98,137.69,0.09,0.09,0.092827,1776195264000
1776195265.879,265.879,0.03,84.3,0.02,137.69,0.12,5.0,0.13,5.0,0.88,5.0,0.87,5.0,0.97,84.3,0.98,137.69,0.09,0.09,0.092827,1776195265000
1776195267.122,267.122,0.03,84.3,0.02,137.69,0.12,5.0,0.13,5.0,0.88,5.0,0.87,5.0,0.97,84.3,0.98,137.69,0.09,0.09,0.092826,1776195266000
1776195268.288,268.288,0.02,132.69,0.01,5487.6,0.08,5.0,0.11,26.6,0.92,5.0,0.89,26.6,0.98,132.69,0.99,5487.6,0.06,0.06,0.092827,1776195267000
1776195269.329,269.329,0.01,5482.55,,,0.07,39.9,0.08,40.29,0.92,5.0,0.89,26.6,0.98,132.69,0.99,5487.6,0.06,0.06,0.092827,1776195267000
1776195269.962,269.962,0.01,5482.55,,,0.07,39.9,0.08,40.29,0.93,39.9,0.92,40.29,0.99,5482.55,,,0.06,0.06,0.092823,1776195269000
1776195270.788,270.788,0.01,5477.5,,,0.04,67.7,0.05,54.7,0.93,39.9,0.92,40.29,0.99,5482.55,,,0.03,0.06,0.092823,1776195269000
1776195271.062,271.062,0.01,5476.48,,,0.04,67.7,0.05,54.7,0.96,67.7,0.95,54.7,0.99,5476.48,,,0.03,0.03,0.092814,1776195270000
1776195271.519,271.519,0.01,5471.43,,,0.03,89.3,0.04,67.7,0.96,67.7,0.95,54.7,0.99,5476.48,,,0.02,0.03,0.092814,1776195270000
1776195271.744,271.744,0.01,5465.36,,,0.03,89.3,0.04,67.7,0.97,89.3,0.96,67.7,0.99,5471.43,,,0.02,0.02,0.092814,1776195270000
1776195272.048,272.048,0.01,5455.26,,,0.02,132.69,0.03,89.3,0.97,89.3,0.96,67.7,0.99,5465.36,,,0.01,0.02,0.092814,1776195270000
1776195273.08,273.08,0.02,181.66,0.01,5380.26,0.08,5.0,0.11,11.24,0.98,132.69,0.97,89.3,0.99,5455.26,,,0.06,0.01,0.092813,1776195271000
1776195273.304,273.304,0.03,33.96,0.02,181.66,0.08,5.0,0.11,11.24,0.92,5.0,0.89,11.24,0.97,42.92,0.98,181.66,0.05,0.05,0.092813,1776195271000
1776195273.995,273.995,0.03,33.96,0.02,181.66,0.08,5.0,0.11,11.24,0.92,5.0,0.89,11.24,0.97,33.96,0.98,181.66,0.05,0.05,0.092819,1776195273000
1776195274.731,274.731,0.05,13.01,0.04,67.7,0.11,11.24,0.22,15.2,0.92,5.0,0.89,11.24,0.97,33.96,0.98,181.66,0.06,0.05,0.092819,1776195273000
1776195275.166,275.166,0.05,13.01,0.04,67.7,0.11,11.24,0.22,15.2,0.89,11.24,0.78,15.2,0.95,13.01,0.96,67.7,0.06,0.06,0.092864,1776195274000
1776195276.16,276.16,0.05,13.01,0.04,67.7,0.11,11.24,0.22,15.2,0.89,11.24,0.78,15.2,0.95,13.01,0.96,67.7,0.06,0.06,0.092869,1776195275000
1776195277.543,277.543,0.05,13.01,0.04,67.7,0.11,11.24,0.22,15.2,0.89,11.24,0.78,15.2,0.95,13.01,0.96,67.7,0.06,0.06,0.092871,1776195276000
1776195278.294,278.294,0.01,5163.9,,,0.21,24.71,0.3,5.0,0.89,11.24,0.78,15.2,0.95,13.01,0.96,67.7,0.2,0.06,0.092871,1776195276000
1776195279.047,279.047,0.01,5163.9,,,0.21,24.71,0.3,5.0,0.79,24.71,0.7,5.0,0.99,5163.9,,,0.2,0.2,0.092867,1776195278000
1776195279.959,279.959,0.01,5163.9,,,0.21,68.66,0.3,5.0,0.79,24.71,0.7,5.0,0.99,5163.9,,,0.2,0.2,0.092867,1776195278000
1776195280.49,280.49,0.01,5163.9,,,0.21,68.66,0.3,5.0,0.79,68.66,0.7,5.0,0.99,5163.9,,,0.2,0.2,0.092869,1776195279000
1776195281.288,281.288,0.01,5163.9,,,0.21,68.66,0.3,5.0,0.79,68.66,0.7,5.0,0.99,5163.9,,,0.2,0.2,0.092868,1776195280000
1776195282.628,282.628,0.01,5163.9,,,0.21,68.66,0.3,5.0,0.79,68.66,0.7,5.0,0.99,5163.9,,,0.2,0.2,0.092868,1776195281000
1776195283.346,283.346,0.01,5163.9,,,0.21,68.66,0.3,5.0,0.79,68.66,0.7,5.0,0.99,5163.9,,,0.2,0.2,0.092868,1776195282000
1776195284.023,284.023,0.01,5206.06,,,0.21,31.66,0.3,5.0,0.79,68.66,0.7,5.0,0.99,5163.9,,,0.2,0.2,0.092868,1776195282000
1776195284.666,284.666,0.01,5206.06,,,0.21,31.66,0.3,5.0,0.79,31.66,0.7,5.0,0.99,5206.06,,,0.2,0.2,0.092874,1776195283000
1776195285.484,285.484,0.01,5201.06,,,0.21,105.66,0.24,10.0,0.79,31.66,0.7,5.0,0.99,5206.06,,,0.2,0.2,0.092874,1776195283000
1776195286.187,286.187,0.01,5201.06,,,0.21,105.66,0.24,10.0,0.79,105.66,0.76,10.0,0.99,5201.06,,,0.2,0.2,0.092872,1776195285000
1776195287.321,287.321,0.01,236.24,,,0.09,2.84,0.21,68.66,0.79,105.66,0.76,10.0,0.99,5201.06,,,0.08,0.2,0.092872,1776195285000
1776195287.653,287.653,0.01,185.24,,,0.09,33.0,0.12,10.0,0.91,33.0,0.88,10.0,0.99,185.24,,,0.08,0.08,0.092851,1776195286000
1776195288.296,288.296,0.01,185.24,,,0.09,33.0,0.12,10.0,0.91,33.0,0.88,10.0,0.99,185.24,,,0.08,0.08,0.092853,1776195287000
1776195289.073,289.073,0.01,185.24,,,0.09,33.0,0.12,10.0,0.91,33.0,0.88,10.0,0.99,185.24,,,0.08,0.08,0.092841,1776195288000
1776195289.552,289.552,0.01,83.21,,,0.09,61.0,0.14,10.0,0.91,33.0,0.88,10.0,0.99,185.24,,,0.08,0.08,0.092841,1776195288000
1776195290.56,290.56,0.01,22.61,,,0.09,61.0,0.15,10.0,0.91,61.0,0.85,10.0,0.99,22.61,,,0.08,0.08,0.092801,1776195289000
1776195291.334,291.334,0.01,22.61,,,0.09,61.0,0.15,10.0,0.91,61.0,0.85,10.0,0.99,22.61,,,0.08,0.08,0.092805,1776195290000
1776195292.585,292.585,,,,,0.01,2211.85,0.09,33.0,0.99,2211.85,0.91,33.0,,,,,,,0.092805,1776195291000
1776195293.288,293.288,,,,,0.01,2211.85,0.09,33.0,0.99,2211.85,0.91,33.0,,,,,,,0.092781,1776195292000
1776195294.403,294.403,,,,,0.01,2211.85,0.09,33.0,0.99,2211.85,0.91,33.0,,,,,,,0.092757,1776195293000
1776195294.942,294.942,,,,,0.01,2211.85,0.09,33.0,0.99,2211.85,0.91,33.0,,,,,,,0.092755,1776195294000
1776195296.093,296.093,,,,,0.01,2211.85,0.09,33.0,0.99,2211.85,0.91,33.0,,,,,,,0.092758,1776195295000
1776195297.27,297.27,,,,,0.01,2211.85,0.09,33.0,0.99,2211.85,0.91,33.0,,,,,,,0.092741,1776195296000
1776195298.41,298.41,,,,,0.01,2211.85,0.09,33.0,0.99,2211.85,0.91,33.0,,,,,,,0.092739,1776195297000
1776195299.431,299.431,,,,,0.01,2211.85,0.09,33.0,0.99,2211.85,0.91,33.0,,,,,,,0.092739,1776195298000
1776195300.007,300.007,,,,,0.01,2211.85,0.09,33.0,0.99,2211.85,0.91,33.0,,,,,,,0.092739,1776195299000
1776195301.07,301.07,,,,,0.01,2211.85,0.09,33.0,0.99,2211.85,0.91,33.0,,,,,,,0.092738,1776195300000
1776195302.3,302.3,,,,,0.01,2211.85,0.09,33.0,0.99,2211.85,0.91,33.0,,,,,,,0.092727,1776195301000
1776195302.922,302.922,,,,,0.01,2211.85,0.09,33.0,0.99,2211.85,0.91,33.0,,,,,,,0.092724,1776195302000

# RESULT,winner=Down,slug=doge-updown-5m-1776195000,ticks=329
