timestamp,elapsed_sec,up_bid_p1,up_bid_s1,up_bid_p2,up_bid_s2,up_bid_p3,up_bid_s3,up_bid_p4,up_bid_s4,up_bid_p5,up_bid_s5,up_ask_p1,up_ask_s1,up_ask_p2,up_ask_s2,up_ask_p3,up_ask_s3,up_ask_p4,up_ask_s4,up_ask_p5,up_ask_s5,down_bid_p1,down_bid_s1,down_bid_p2,down_bid_s2,down_bid_p3,down_bid_s3,down_bid_p4,down_bid_s4,down_bid_p5,down_bid_s5,down_ask_p1,down_ask_s1,down_ask_p2,down_ask_s2,down_ask_p3,down_ask_s3,down_ask_p4,down_ask_s4,down_ask_p5,down_ask_s5,up_spread,down_spread,doge_price,doge_oracle_ts
1776171011.45,11.45,0.55,10.0,0.54,15.0,0.53,10.0,0.52,10.0,0.51,65.0,0.65,5.0,0.67,5.0,0.69,10.0,0.72,6.0,0.73,18.0,0.35,5.0,0.33,5.0,0.31,10.0,0.28,6.0,0.27,18.0,0.45,10.0,0.46,15.0,0.47,10.0,0.48,10.0,0.49,65.0,0.1,0.1,0.093973,1776171010000
1776171011.891,11.891,0.55,10.0,0.54,15.0,0.53,10.0,0.52,10.0,0.51,65.0,0.65,5.0,0.67,5.0,0.69,10.0,0.72,6.0,0.73,18.0,0.35,5.0,0.33,5.0,0.31,10.0,0.28,6.0,0.27,18.0,0.45,10.0,0.46,15.0,0.47,10.0,0.48,10.0,0.49,65.0,0.1,0.1,0.093973,1776171010000
1776171013.089,13.089,0.55,10.0,0.54,15.0,0.53,10.0,0.52,10.0,0.51,65.0,0.65,5.0,0.67,5.0,0.69,10.0,0.72,6.0,0.73,18.0,0.35,5.0,0.33,5.0,0.31,10.0,0.28,6.0,0.27,18.0,0.45,10.0,0.46,15.0,0.47,10.0,0.48,10.0,0.49,65.0,0.1,0.1,0.093973,1776171012000
1776171014.228,14.228,0.55,10.0,0.54,15.0,0.53,10.0,0.52,10.0,0.51,65.0,0.65,5.0,0.67,5.0,0.69,10.0,0.72,6.0,0.73,18.0,0.35,5.0,0.33,5.0,0.31,10.0,0.28,6.0,0.27,18.0,0.45,10.0,0.46,15.0,0.47,10.0,0.48,10.0,0.49,65.0,0.1,0.1,0.093965,1776171013000
1776171015.357,15.357,0.55,10.0,0.54,15.0,0.53,10.0,0.52,10.0,0.51,65.0,0.65,5.0,0.67,5.0,0.69,10.0,0.72,6.0,0.73,18.0,0.35,5.0,0.33,5.0,0.31,10.0,0.28,6.0,0.27,18.0,0.45,10.0,0.46,15.0,0.47,10.0,0.48,10.0,0.49,65.0,0.1,0.1,0.093963,1776171014000
1776171016.275,16.275,0.55,10.0,0.54,15.0,0.53,10.0,0.52,10.0,0.51,65.0,0.65,5.0,0.67,5.0,0.69,10.0,0.72,6.0,0.73,18.0,0.35,5.0,0.33,5.0,0.31,10.0,0.28,6.0,0.27,18.0,0.45,10.0,0.46,15.0,0.47,10.0,0.48,10.0,0.49,65.0,0.1,0.1,0.093956,1776171015000
1776171016.966,16.966,0.51,5.0,0.49,5.0,0.48,10.0,0.47,10.0,0.46,10.0,0.61,5.0,0.66,10.0,0.67,15.0,0.71,50.0,0.72,10.0,0.35,5.0,0.33,5.0,0.31,10.0,0.28,6.0,0.27,18.0,0.45,10.0,0.46,15.0,0.47,10.0,0.48,10.0,0.49,65.0,0.1,0.1,0.093956,1776171015000
1776171017.181,17.181,0.51,5.0,0.49,5.0,0.48,10.0,0.47,10.0,0.46,10.0,0.67,11.64,0.71,50.0,0.72,10.0,0.73,10.0,0.74,10.0,0.39,5.0,0.34,10.0,0.33,15.0,0.29,50.0,0.28,10.0,0.49,5.0,0.51,5.0,0.52,10.0,0.53,10.0,0.54,10.0,0.16,0.1,0.093956,1776171015000
1776171017.902,17.902,0.51,5.0,0.49,5.0,0.48,10.0,0.47,10.0,0.46,10.0,0.67,11.64,0.71,50.0,0.72,10.0,0.73,10.0,0.74,10.0,0.33,11.64,0.29,50.0,0.28,10.0,0.27,10.0,0.26,10.0,0.49,5.0,0.51,5.0,0.52,10.0,0.53,10.0,0.54,10.0,0.16,0.16,0.093955,1776171017000
1776171019.011,19.011,0.51,5.0,0.49,5.0,0.48,10.0,0.47,10.0,0.46,10.0,0.67,11.64,0.71,50.0,0.72,10.0,0.73,10.0,0.74,10.0,0.33,11.64,0.29,50.0,0.28,10.0,0.27,10.0,0.26,10.0,0.49,5.0,0.51,5.0,0.52,10.0,0.53,10.0,0.54,10.0,0.16,0.16,0.093954,1776171018000
1776171019.932,19.932,0.51,5.0,0.49,5.0,0.48,10.0,0.47,10.0,0.46,10.0,0.67,11.64,0.71,50.0,0.72,10.0,0.73,10.0,0.74,10.0,0.33,11.64,0.29,50.0,0.28,10.0,0.27,10.0,0.26,10.0,0.49,5.0,0.51,5.0,0.52,10.0,0.53,10.0,0.54,10.0,0.16,0.16,0.093954,1776171019000
1776171021.064,21.064,0.51,5.0,0.49,5.0,0.48,10.0,0.47,10.0,0.46,10.0,0.67,11.64,0.71,50.0,0.72,10.0,0.73,10.0,0.74,10.0,0.33,11.64,0.29,50.0,0.28,10.0,0.27,10.0,0.26,10.0,0.49,5.0,0.51,5.0,0.52,10.0,0.53,10.0,0.54,10.0,0.16,0.16,0.093954,1776171020000
1776171022.501,22.501,0.51,5.0,0.49,5.0,0.48,10.0,0.47,10.0,0.46,10.0,0.67,11.64,0.71,50.0,0.72,10.0,0.73,10.0,0.74,10.0,0.33,11.64,0.29,50.0,0.28,10.0,0.27,10.0,0.26,10.0,0.49,5.0,0.51,5.0,0.52,10.0,0.53,10.0,0.54,10.0,0.16,0.16,0.093955,1776171021000
1776171023.107,23.107,0.51,5.0,0.49,5.0,0.48,10.0,0.47,10.0,0.46,10.0,0.67,11.64,0.71,50.0,0.72,10.0,0.73,10.0,0.74,10.0,0.33,11.64,0.29,50.0,0.28,10.0,0.27,10.0,0.26,10.0,0.49,5.0,0.51,5.0,0.52,10.0,0.53,10.0,0.54,10.0,0.16,0.16,0.093954,1776171022000
1776171023.974,23.974,0.51,5.0,0.49,5.0,0.48,10.0,0.47,10.0,0.46,10.0,0.67,11.64,0.71,50.0,0.72,10.0,0.73,10.0,0.74,10.0,0.33,11.64,0.29,50.0,0.28,10.0,0.27,10.0,0.26,10.0,0.49,5.0,0.51,5.0,0.52,10.0,0.53,10.0,0.54,10.0,0.16,0.16,0.093954,1776171023000
1776171024.935,24.935,0.51,5.0,0.49,5.0,0.48,10.0,0.47,10.0,0.46,10.0,0.67,11.64,0.71,50.0,0.72,10.0,0.73,10.0,0.74,10.0,0.33,11.64,0.29,50.0,0.28,10.0,0.27,10.0,0.26,10.0,0.49,5.0,0.51,5.0,0.52,10.0,0.53,10.0,0.54,10.0,0.16,0.16,0.093953,1776171024000
1776171026.026,26.026,0.51,5.0,0.49,5.0,0.48,10.0,0.47,10.0,0.46,10.0,0.67,11.64,0.71,50.0,0.72,10.0,0.73,10.0,0.74,10.0,0.33,11.64,0.29,50.0,0.28,10.0,0.27,10.0,0.26,10.0,0.49,5.0,0.51,5.0,0.52,10.0,0.53,10.0,0.54,10.0,0.16,0.16,0.093955,1776171025000
1776171026.933,26.933,0.51,5.0,0.49,5.0,0.48,10.0,0.47,10.0,0.46,10.0,0.67,11.64,0.71,50.0,0.72,10.0,0.73,10.0,0.74,10.0,0.33,11.64,0.29,50.0,0.28,10.0,0.27,10.0,0.26,10.0,0.49,5.0,0.51,5.0,0.52,10.0,0.53,10.0,0.54,10.0,0.16,0.16,0.093955,1776171026000
1776171027.89,27.89,0.51,5.0,0.49,5.0,0.48,10.0,0.47,10.0,0.46,10.0,0.67,11.64,0.71,50.0,0.72,10.0,0.73,10.0,0.74,10.0,0.33,11.64,0.29,50.0,0.28,10.0,0.27,10.0,0.26,10.0,0.49,5.0,0.51,5.0,0.52,10.0,0.53,10.0,0.54,10.0,0.16,0.16,0.093958,1776171027000
1776171028.91,28.91,0.51,5.0,0.49,5.0,0.48,10.0,0.47,10.0,0.46,10.0,0.67,11.64,0.71,50.0,0.72,10.0,0.73,10.0,0.74,10.0,0.33,11.64,0.29,50.0,0.28,10.0,0.27,10.0,0.26,10.0,0.49,5.0,0.51,5.0,0.52,10.0,0.53,10.0,0.54,10.0,0.16,0.16,0.093959,1776171028000
1776171029.827,29.827,0.51,5.0,0.49,5.0,0.48,10.0,0.47,10.0,0.46,10.0,0.67,11.64,0.71,50.0,0.72,10.0,0.73,10.0,0.74,10.0,0.33,11.64,0.29,50.0,0.28,10.0,0.27,10.0,0.26,10.0,0.49,5.0,0.51,5.0,0.52,10.0,0.53,10.0,0.54,10.0,0.16,0.16,0.093959,1776171029000
1776171031.251,31.251,0.51,5.0,0.49,5.0,0.48,10.0,0.47,10.0,0.46,10.0,0.67,11.64,0.71,50.0,0.72,10.0,0.73,10.0,0.74,10.0,0.33,11.64,0.29,50.0,0.28,10.0,0.27,10.0,0.26,10.0,0.49,5.0,0.51,5.0,0.52,10.0,0.53,10.0,0.54,10.0,0.16,0.16,0.093964,1776171030000
1776171032.266,32.266,0.51,5.0,0.49,5.0,0.48,10.0,0.47,10.0,0.46,10.0,0.67,11.64,0.71,50.0,0.72,10.0,0.73,10.0,0.74,10.0,0.33,11.64,0.29,50.0,0.28,10.0,0.27,10.0,0.26,10.0,0.49,5.0,0.51,5.0,0.52,10.0,0.53,10.0,0.54,10.0,0.16,0.16,0.093973,1776171031000
1776171033.197,33.197,0.51,5.0,0.49,5.0,0.48,10.0,0.47,10.0,0.46,10.0,0.67,11.64,0.71,50.0,0.72,10.0,0.73,10.0,0.74,10.0,0.33,11.64,0.29,50.0,0.28,10.0,0.27,10.0,0.26,10.0,0.49,5.0,0.51,5.0,0.52,10.0,0.53,10.0,0.54,10.0,0.16,0.16,0.093972,1776171032000
1776171034.662,34.662,0.51,5.0,0.49,5.0,0.48,10.0,0.47,10.0,0.46,10.0,0.67,11.64,0.71,50.0,0.72,10.0,0.73,10.0,0.74,10.0,0.33,11.64,0.29,50.0,0.28,10.0,0.27,10.0,0.26,10.0,0.49,5.0,0.51,5.0,0.52,10.0,0.53,10.0,0.54,10.0,0.16,0.16,0.093967,1776171033000
1776171035.51,35.51,0.51,5.0,0.49,5.0,0.48,10.0,0.47,10.0,0.46,10.0,0.67,11.64,0.71,50.0,0.72,10.0,0.73,10.0,0.74,10.0,0.33,11.64,0.29,50.0,0.28,10.0,0.27,10.0,0.26,10.0,0.49,5.0,0.51,5.0,0.52,10.0,0.53,10.0,0.54,10.0,0.16,0.16,0.093965,1776171034000
1776171036.117,36.117,0.51,5.0,0.49,5.0,0.48,10.0,0.47,10.0,0.46,10.0,0.67,11.64,0.71,50.0,0.72,10.0,0.73,10.0,0.74,10.0,0.33,11.64,0.29,50.0,0.28,10.0,0.27,10.0,0.26,10.0,0.49,5.0,0.51,5.0,0.52,10.0,0.53,10.0,0.54,10.0,0.16,0.16,0.093965,1776171035000
1776171037.932,37.932,0.51,5.0,0.49,5.0,0.48,10.0,0.47,10.0,0.46,10.0,0.67,11.64,0.71,50.0,0.72,10.0,0.73,10.0,0.74,10.0,0.33,11.64,0.29,50.0,0.28,10.0,0.27,10.0,0.26,10.0,0.49,5.0,0.51,5.0,0.52,10.0,0.53,10.0,0.54,10.0,0.16,0.16,0.093969,1776171036000
1776171038.597,38.597,0.51,5.0,0.49,5.0,0.48,10.0,0.47,10.0,0.46,10.0,0.67,11.64,0.71,50.0,0.72,10.0,0.73,10.0,0.74,10.0,0.33,11.64,0.29,50.0,0.28,10.0,0.27,10.0,0.26,10.0,0.49,5.0,0.51,5.0,0.52,10.0,0.53,10.0,0.54,10.0,0.16,0.16,0.093969,1776171037000
1776171039.188,39.188,0.51,5.0,0.49,5.0,0.48,10.0,0.47,10.0,0.46,10.0,0.67,11.64,0.71,50.0,0.72,10.0,0.73,10.0,0.74,10.0,0.33,11.64,0.29,50.0,0.28,10.0,0.27,10.0,0.26,10.0,0.49,5.0,0.51,5.0,0.52,10.0,0.53,10.0,0.54,10.0,0.16,0.16,0.093966,1776171038000
1776171040.45,40.45,0.51,5.0,0.49,5.0,0.48,10.0,0.47,10.0,0.46,10.0,0.67,11.64,0.71,50.0,0.72,10.0,0.73,10.0,0.74,10.0,0.33,11.64,0.29,50.0,0.28,10.0,0.27,10.0,0.26,10.0,0.49,5.0,0.51,5.0,0.52,10.0,0.53,10.0,0.54,10.0,0.16,0.16,0.093966,1776171039000
1776171041.092,41.092,0.51,5.0,0.49,5.0,0.48,10.0,0.47,10.0,0.46,10.0,0.67,11.64,0.71,50.0,0.72,10.0,0.73,10.0,0.74,10.0,0.33,11.64,0.29,50.0,0.28,10.0,0.27,10.0,0.26,10.0,0.49,5.0,0.51,5.0,0.52,10.0,0.53,10.0,0.54,10.0,0.16,0.16,0.093969,1776171040000
1776171042.563,42.563,0.51,5.0,0.49,5.0,0.48,10.0,0.47,10.0,0.46,10.0,0.67,11.64,0.71,50.0,0.72,10.0,0.73,10.0,0.74,10.0,0.33,11.64,0.29,50.0,0.28,10.0,0.27,10.0,0.26,10.0,0.49,5.0,0.51,5.0,0.52,10.0,0.53,10.0,0.54,10.0,0.16,0.16,0.093969,1776171041000
1776171043.274,43.274,0.51,5.0,0.49,5.0,0.48,10.0,0.47,10.0,0.46,10.0,0.67,11.64,0.71,50.0,0.72,10.0,0.73,10.0,0.74,10.0,0.33,11.64,0.29,50.0,0.28,10.0,0.27,10.0,0.26,10.0,0.49,5.0,0.51,5.0,0.52,10.0,0.53,10.0,0.54,10.0,0.16,0.16,0.093969,1776171042000
1776171044.653,44.653,0.51,5.0,0.49,5.0,0.48,10.0,0.47,10.0,0.46,10.0,0.67,11.64,0.71,50.0,0.72,10.0,0.73,10.0,0.74,10.0,0.33,11.64,0.29,50.0,0.28,10.0,0.27,10.0,0.26,10.0,0.49,5.0,0.51,5.0,0.52,10.0,0.53,10.0,0.54,10.0,0.16,0.16,0.093968,1776171043000
1776171045.148,45.148,0.51,5.0,0.49,5.0,0.48,10.0,0.47,10.0,0.46,10.0,0.67,11.64,0.71,50.0,0.72,10.0,0.73,10.0,0.74,10.0,0.33,11.64,0.29,50.0,0.28,10.0,0.27,10.0,0.26,10.0,0.49,5.0,0.51,5.0,0.52,10.0,0.53,10.0,0.54,10.0,0.16,0.16,0.093968,1776171044000
1776171046.457,46.457,0.51,5.0,0.49,5.0,0.48,10.0,0.47,10.0,0.46,10.0,0.67,11.64,0.71,50.0,0.72,10.0,0.73,10.0,0.74,10.0,0.33,11.64,0.29,50.0,0.28,10.0,0.27,10.0,0.26,10.0,0.49,5.0,0.51,5.0,0.52,10.0,0.53,10.0,0.54,10.0,0.16,0.16,0.09397,1776171045000
1776171047.21,47.21,0.51,5.0,0.49,5.0,0.48,10.0,0.47,10.0,0.46,10.0,0.67,11.64,0.71,50.0,0.72,10.0,0.73,10.0,0.74,10.0,0.33,11.64,0.29,50.0,0.28,10.0,0.27,10.0,0.26,10.0,0.49,5.0,0.51,5.0,0.52,10.0,0.53,10.0,0.54,10.0,0.16,0.16,0.093977,1776171046000
1776171048.32,48.32,0.51,5.0,0.49,5.0,0.48,10.0,0.47,10.0,0.46,10.0,0.67,11.64,0.71,50.0,0.72,10.0,0.73,10.0,0.74,10.0,0.33,11.64,0.29,50.0,0.28,10.0,0.27,10.0,0.26,10.0,0.49,5.0,0.51,5.0,0.52,10.0,0.53,10.0,0.54,10.0,0.16,0.16,0.093976,1776171047000
1776171049.035,49.035,0.51,5.0,0.49,5.0,0.48,10.0,0.47,10.0,0.46,10.0,0.67,11.64,0.71,50.0,0.72,10.0,0.73,10.0,0.74,10.0,0.33,11.64,0.29,50.0,0.28,10.0,0.27,10.0,0.26,10.0,0.49,5.0,0.51,5.0,0.52,10.0,0.53,10.0,0.54,10.0,0.16,0.16,0.093976,1776171048000
1776171050.309,50.309,0.51,5.0,0.49,5.0,0.48,10.0,0.47,10.0,0.46,10.0,0.67,11.64,0.71,50.0,0.72,10.0,0.73,10.0,0.74,10.0,0.33,11.64,0.29,50.0,0.28,10.0,0.27,10.0,0.26,10.0,0.49,5.0,0.51,5.0,0.52,10.0,0.53,10.0,0.54,10.0,0.16,0.16,0.093976,1776171049000
1776171051.881,51.881,0.51,5.0,0.49,5.0,0.48,10.0,0.47,10.0,0.46,10.0,0.67,11.64,0.71,50.0,0.72,10.0,0.73,10.0,0.74,10.0,0.33,11.64,0.29,50.0,0.28,10.0,0.27,10.0,0.26,10.0,0.49,5.0,0.51,5.0,0.52,10.0,0.53,10.0,0.54,10.0,0.16,0.16,0.093977,1776171050000
1776171052.458,52.458,0.51,5.0,0.49,5.0,0.48,10.0,0.47,10.0,0.46,10.0,0.67,11.64,0.71,50.0,0.72,10.0,0.73,10.0,0.74,10.0,0.33,11.64,0.29,50.0,0.28,10.0,0.27,10.0,0.26,10.0,0.49,5.0,0.51,5.0,0.52,10.0,0.53,10.0,0.54,10.0,0.16,0.16,0.093977,1776171051000
1776171053.17,53.17,0.51,5.0,0.49,5.0,0.48,10.0,0.47,10.0,0.46,10.0,0.67,11.64,0.71,50.0,0.72,10.0,0.73,10.0,0.74,10.0,0.33,11.64,0.29,50.0,0.28,10.0,0.27,10.0,0.26,10.0,0.49,5.0,0.51,5.0,0.52,10.0,0.53,10.0,0.54,10.0,0.16,0.16,0.093977,1776171052000
1776171054.239,54.239,0.51,5.0,0.49,5.0,0.48,10.0,0.47,10.0,0.46,10.0,0.67,11.64,0.71,50.0,0.72,10.0,0.73,10.0,0.74,10.0,0.33,11.64,0.29,50.0,0.28,10.0,0.27,10.0,0.26,10.0,0.49,5.0,0.51,5.0,0.52,10.0,0.53,10.0,0.54,10.0,0.16,0.16,0.093977,1776171053000
1776171055.949,55.949,0.51,5.0,0.49,5.0,0.48,10.0,0.47,10.0,0.46,10.0,0.67,11.64,0.71,50.0,0.72,10.0,0.73,10.0,0.74,10.0,0.33,11.64,0.29,50.0,0.28,10.0,0.27,10.0,0.26,10.0,0.49,5.0,0.51,5.0,0.52,10.0,0.53,10.0,0.54,10.0,0.16,0.16,0.093977,1776171054000
1776171056.448,56.448,0.51,5.0,0.49,5.0,0.48,10.0,0.47,10.0,0.46,10.0,0.67,11.64,0.71,50.0,0.72,10.0,0.73,10.0,0.74,10.0,0.33,11.64,0.29,50.0,0.28,10.0,0.27,10.0,0.26,10.0,0.49,5.0,0.51,5.0,0.52,10.0,0.53,10.0,0.54,10.0,0.16,0.16,0.093975,1776171055000
1776171057.047,57.047,0.51,5.0,0.49,5.0,0.48,10.0,0.47,10.0,0.46,10.0,0.67,11.64,0.71,50.0,0.72,10.0,0.73,10.0,0.74,10.0,0.33,11.64,0.29,50.0,0.28,10.0,0.27,10.0,0.26,10.0,0.49,5.0,0.51,5.0,0.52,10.0,0.53,10.0,0.54,10.0,0.16,0.16,0.093975,1776171056000
1776171058.276,58.276,0.51,5.0,0.49,5.0,0.48,10.0,0.47,10.0,0.46,10.0,0.67,11.64,0.71,50.0,0.72,10.0,0.73,10.0,0.74,10.0,0.33,11.64,0.29,50.0,0.28,10.0,0.27,10.0,0.26,10.0,0.49,5.0,0.51,5.0,0.52,10.0,0.53,10.0,0.54,10.0,0.16,0.16,0.093975,1776171057000
1776171059.61,59.61,0.51,5.0,0.49,5.0,0.48,10.0,0.47,10.0,0.46,10.0,0.67,11.64,0.71,50.0,0.72,10.0,0.73,10.0,0.74,10.0,0.33,11.64,0.29,50.0,0.28,10.0,0.27,10.0,0.26,10.0,0.49,5.0,0.51,5.0,0.52,10.0,0.53,10.0,0.54,10.0,0.16,0.16,0.093975,1776171058000
1776171060.173,60.173,0.51,5.0,0.49,5.0,0.48,10.0,0.47,10.0,0.46,10.0,0.67,11.64,0.71,50.0,0.72,10.0,0.73,10.0,0.74,10.0,0.33,11.64,0.29,50.0,0.28,10.0,0.27,10.0,0.26,10.0,0.49,5.0,0.51,5.0,0.52,10.0,0.53,10.0,0.54,10.0,0.16,0.16,0.093975,1776171059000
1776171061.406,61.406,0.51,5.0,0.49,5.0,0.48,10.0,0.47,10.0,0.46,10.0,0.67,11.64,0.71,50.0,0.72,10.0,0.73,10.0,0.74,10.0,0.33,11.64,0.29,50.0,0.28,10.0,0.27,10.0,0.26,10.0,0.49,5.0,0.51,5.0,0.52,10.0,0.53,10.0,0.54,10.0,0.16,0.16,0.093975,1776171060000
1776171061.969,61.969,0.51,5.0,0.49,5.0,0.48,10.0,0.47,10.0,0.46,10.0,0.67,11.64,0.71,50.0,0.72,10.0,0.73,10.0,0.74,10.0,0.33,11.64,0.29,50.0,0.28,10.0,0.27,10.0,0.26,10.0,0.49,5.0,0.51,5.0,0.52,10.0,0.53,10.0,0.54,10.0,0.16,0.16,0.093975,1776171061000
1776171063.177,63.177,0.51,5.0,0.49,5.0,0.48,10.0,0.47,10.0,0.46,10.0,0.67,11.64,0.71,50.0,0.72,10.0,0.73,10.0,0.74,10.0,0.33,11.64,0.29,50.0,0.28,10.0,0.27,10.0,0.26,10.0,0.49,5.0,0.51,5.0,0.52,10.0,0.53,10.0,0.54,10.0,0.16,0.16,0.093968,1776171062000
1776171064.338,64.338,0.51,5.0,0.49,5.0,0.48,10.0,0.47,10.0,0.46,10.0,0.67,11.64,0.71,50.0,0.72,10.0,0.73,10.0,0.74,10.0,0.33,11.64,0.29,50.0,0.28,10.0,0.27,10.0,0.26,10.0,0.49,5.0,0.51,5.0,0.52,10.0,0.53,10.0,0.54,10.0,0.16,0.16,0.093959,1776171063000
1776171064.956,64.956,0.51,5.0,0.49,5.0,0.48,10.0,0.47,10.0,0.46,10.0,0.67,11.64,0.71,50.0,0.72,10.0,0.73,10.0,0.74,10.0,0.33,11.64,0.29,50.0,0.28,10.0,0.27,10.0,0.26,10.0,0.49,5.0,0.51,5.0,0.52,10.0,0.53,10.0,0.54,10.0,0.16,0.16,0.093959,1776171064000
1776171066.143,66.143,0.51,5.0,0.49,5.0,0.48,10.0,0.47,10.0,0.46,10.0,0.67,11.64,0.71,50.0,0.72,10.0,0.73,10.0,0.74,10.0,0.33,11.64,0.29,50.0,0.28,10.0,0.27,10.0,0.26,10.0,0.49,5.0,0.51,5.0,0.52,10.0,0.53,10.0,0.54,10.0,0.16,0.16,0.093967,1776171065000
1776171067.612,67.612,0.51,5.0,0.49,5.0,0.48,10.0,0.47,10.0,0.46,10.0,0.67,11.64,0.71,50.0,0.72,10.0,0.73,10.0,0.74,10.0,0.33,11.64,0.29,50.0,0.28,10.0,0.27,10.0,0.26,10.0,0.49,5.0,0.51,5.0,0.52,10.0,0.53,10.0,0.54,10.0,0.16,0.16,0.093967,1776171066000
1776171068.084,68.084,0.51,5.0,0.49,5.0,0.48,10.0,0.47,10.0,0.46,10.0,0.67,11.64,0.71,50.0,0.72,10.0,0.73,10.0,0.74,10.0,0.33,11.64,0.29,50.0,0.28,10.0,0.27,10.0,0.26,10.0,0.49,5.0,0.51,5.0,0.52,10.0,0.53,10.0,0.54,10.0,0.16,0.16,0.093969,1776171067000
1776171069.214,69.214,0.51,5.0,0.49,5.0,0.48,10.0,0.47,10.0,0.46,10.0,0.67,11.64,0.71,50.0,0.72,10.0,0.73,10.0,0.74,10.0,0.33,11.64,0.29,50.0,0.28,10.0,0.27,10.0,0.26,10.0,0.49,5.0,0.51,5.0,0.52,10.0,0.53,10.0,0.54,10.0,0.16,0.16,0.093969,1776171068000
1776171070.261,70.261,0.51,5.0,0.49,5.0,0.48,10.0,0.47,10.0,0.46,10.0,0.67,11.64,0.71,50.0,0.72,10.0,0.73,10.0,0.74,10.0,0.33,11.64,0.29,50.0,0.28,10.0,0.27,10.0,0.26,10.0,0.49,5.0,0.51,5.0,0.52,10.0,0.53,10.0,0.54,10.0,0.16,0.16,0.093971,1776171069000
1776171071.272,71.272,0.51,5.0,0.49,5.0,0.48,10.0,0.47,10.0,0.46,10.0,0.67,11.64,0.71,50.0,0.72,10.0,0.73,10.0,0.74,10.0,0.33,11.64,0.29,50.0,0.28,10.0,0.27,10.0,0.26,10.0,0.49,5.0,0.51,5.0,0.52,10.0,0.53,10.0,0.54,10.0,0.16,0.16,0.093975,1776171070000
1776171072.295,72.295,0.51,5.0,0.49,5.0,0.48,10.0,0.47,10.0,0.46,10.0,0.67,11.64,0.71,50.0,0.72,10.0,0.73,10.0,0.74,10.0,0.33,11.64,0.29,50.0,0.28,10.0,0.27,10.0,0.26,10.0,0.49,5.0,0.51,5.0,0.52,10.0,0.53,10.0,0.54,10.0,0.16,0.16,0.093976,1776171071000
1776171073.339,73.339,0.51,5.0,0.49,5.0,0.48,10.0,0.47,10.0,0.46,10.0,0.67,11.64,0.71,50.0,0.72,10.0,0.73,10.0,0.74,10.0,0.33,11.64,0.29,50.0,0.28,10.0,0.27,10.0,0.26,10.0,0.49,5.0,0.51,5.0,0.52,10.0,0.53,10.0,0.54,10.0,0.16,0.16,0.093976,1776171072000
1776171074.292,74.292,0.51,5.0,0.49,5.0,0.48,10.0,0.47,10.0,0.46,10.0,0.67,11.64,0.71,50.0,0.72,10.0,0.73,10.0,0.74,10.0,0.33,11.64,0.29,50.0,0.28,10.0,0.27,10.0,0.26,10.0,0.49,5.0,0.51,5.0,0.52,10.0,0.53,10.0,0.54,10.0,0.16,0.16,0.093976,1776171073000
1776171074.904,74.904,0.51,5.0,0.49,5.0,0.48,10.0,0.47,10.0,0.46,10.0,0.67,11.64,0.71,50.0,0.72,10.0,0.73,10.0,0.74,10.0,0.33,11.64,0.29,50.0,0.28,10.0,0.27,10.0,0.26,10.0,0.49,5.0,0.51,5.0,0.52,10.0,0.53,10.0,0.54,10.0,0.16,0.16,0.093976,1776171074000
1776171075.949,75.949,0.51,5.0,0.49,5.0,0.48,10.0,0.47,10.0,0.46,10.0,0.67,11.64,0.71,50.0,0.72,10.0,0.73,10.0,0.74,10.0,0.33,11.64,0.29,50.0,0.28,10.0,0.27,10.0,0.26,10.0,0.49,5.0,0.51,5.0,0.52,10.0,0.53,10.0,0.54,10.0,0.16,0.16,0.093976,1776171075000
1776171077.056,77.056,0.51,5.0,0.49,5.0,0.48,10.0,0.47,10.0,0.46,10.0,0.67,11.64,0.71,50.0,0.72,10.0,0.73,10.0,0.74,10.0,0.33,11.64,0.29,50.0,0.28,10.0,0.27,10.0,0.26,10.0,0.49,5.0,0.51,5.0,0.52,10.0,0.53,10.0,0.54,10.0,0.16,0.16,0.093976,1776171076000
1776171078.158,78.158,0.51,5.0,0.49,5.0,0.48,10.0,0.47,10.0,0.46,10.0,0.67,11.64,0.71,50.0,0.72,10.0,0.73,10.0,0.74,10.0,0.33,11.64,0.29,50.0,0.28,10.0,0.27,10.0,0.26,10.0,0.49,5.0,0.51,5.0,0.52,10.0,0.53,10.0,0.54,10.0,0.16,0.16,0.093976,1776171077000
1776171079.109,79.109,0.51,5.0,0.49,5.0,0.48,10.0,0.47,10.0,0.46,10.0,0.67,11.64,0.71,50.0,0.72,10.0,0.73,10.0,0.74,10.0,0.33,11.64,0.29,50.0,0.28,10.0,0.27,10.0,0.26,10.0,0.49,5.0,0.51,5.0,0.52,10.0,0.53,10.0,0.54,10.0,0.16,0.16,0.093979,1776171078000
1776171080.219,80.219,0.51,5.0,0.49,5.0,0.48,10.0,0.47,10.0,0.46,10.0,0.67,11.64,0.71,50.0,0.72,10.0,0.73,10.0,0.74,10.0,0.33,11.64,0.29,50.0,0.28,10.0,0.27,10.0,0.26,10.0,0.49,5.0,0.51,5.0,0.52,10.0,0.53,10.0,0.54,10.0,0.16,0.16,0.093981,1776171079000
1776171081.211,81.211,0.51,5.0,0.49,5.0,0.48,10.0,0.47,10.0,0.46,10.0,0.67,11.64,0.71,50.0,0.72,10.0,0.73,10.0,0.74,10.0,0.33,11.64,0.29,50.0,0.28,10.0,0.27,10.0,0.26,10.0,0.49,5.0,0.51,5.0,0.52,10.0,0.53,10.0,0.54,10.0,0.16,0.16,0.093982,1776171080000
1776171082.161,82.161,0.51,5.0,0.49,5.0,0.48,10.0,0.47,10.0,0.46,10.0,0.67,11.64,0.71,50.0,0.72,10.0,0.73,10.0,0.74,10.0,0.33,11.64,0.29,50.0,0.28,10.0,0.27,10.0,0.26,10.0,0.49,5.0,0.51,5.0,0.52,10.0,0.53,10.0,0.54,10.0,0.16,0.16,0.093982,1776171081000
1776171083.138,83.138,0.51,5.0,0.49,5.0,0.48,10.0,0.47,10.0,0.46,10.0,0.67,11.64,0.71,50.0,0.72,10.0,0.73,10.0,0.74,10.0,0.33,11.64,0.29,50.0,0.28,10.0,0.27,10.0,0.26,10.0,0.49,5.0,0.51,5.0,0.52,10.0,0.53,10.0,0.54,10.0,0.16,0.16,0.093985,1776171082000
1776171084.132,84.132,0.51,5.0,0.49,5.0,0.48,10.0,0.47,10.0,0.46,10.0,0.67,11.64,0.71,50.0,0.72,10.0,0.73,10.0,0.74,10.0,0.33,11.64,0.29,50.0,0.28,10.0,0.27,10.0,0.26,10.0,0.49,5.0,0.51,5.0,0.52,10.0,0.53,10.0,0.54,10.0,0.16,0.16,0.093986,1776171083000
1776171085.057,85.057,0.51,5.0,0.49,5.0,0.48,10.0,0.47,10.0,0.46,10.0,0.67,11.64,0.71,50.0,0.72,10.0,0.73,10.0,0.74,10.0,0.33,11.64,0.29,50.0,0.28,10.0,0.27,10.0,0.26,10.0,0.49,5.0,0.51,5.0,0.52,10.0,0.53,10.0,0.54,10.0,0.16,0.16,0.093986,1776171084000
1776171086.068,86.068,0.51,5.0,0.49,5.0,0.48,10.0,0.47,10.0,0.46,10.0,0.67,11.64,0.71,50.0,0.72,10.0,0.73,10.0,0.74,10.0,0.33,11.64,0.29,50.0,0.28,10.0,0.27,10.0,0.26,10.0,0.49,5.0,0.51,5.0,0.52,10.0,0.53,10.0,0.54,10.0,0.16,0.16,0.09399,1776171085000
1776171087.004,87.004,0.51,5.0,0.49,5.0,0.48,10.0,0.47,10.0,0.46,10.0,0.67,11.64,0.71,50.0,0.72,10.0,0.73,10.0,0.74,10.0,0.33,11.64,0.29,50.0,0.28,10.0,0.27,10.0,0.26,10.0,0.49,5.0,0.51,5.0,0.52,10.0,0.53,10.0,0.54,10.0,0.16,0.16,0.093991,1776171086000
1776171088.02,88.02,0.51,5.0,0.49,5.0,0.48,10.0,0.47,10.0,0.46,10.0,0.67,11.64,0.71,50.0,0.72,10.0,0.73,10.0,0.74,10.0,0.33,11.64,0.29,50.0,0.28,10.0,0.27,10.0,0.26,10.0,0.49,5.0,0.51,5.0,0.52,10.0,0.53,10.0,0.54,10.0,0.16,0.16,0.093993,1776171087000
1776171088.999,88.999,0.51,5.0,0.49,5.0,0.48,10.0,0.47,10.0,0.46,10.0,0.67,11.64,0.71,50.0,0.72,10.0,0.73,10.0,0.74,10.0,0.33,11.64,0.29,50.0,0.28,10.0,0.27,10.0,0.26,10.0,0.49,5.0,0.51,5.0,0.52,10.0,0.53,10.0,0.54,10.0,0.16,0.16,0.093978,1776171088000
1776171089.975,89.975,0.51,5.0,0.49,5.0,0.48,10.0,0.47,10.0,0.46,10.0,0.67,11.64,0.71,50.0,0.72,10.0,0.73,10.0,0.74,10.0,0.33,11.64,0.29,50.0,0.28,10.0,0.27,10.0,0.26,10.0,0.49,5.0,0.51,5.0,0.52,10.0,0.53,10.0,0.54,10.0,0.16,0.16,0.093978,1776171089000
1776171090.973,90.973,0.51,5.0,0.49,5.0,0.48,10.0,0.47,10.0,0.46,10.0,0.67,11.64,0.71,50.0,0.72,10.0,0.73,10.0,0.74,10.0,0.33,11.64,0.29,50.0,0.28,10.0,0.27,10.0,0.26,10.0,0.49,5.0,0.51,5.0,0.52,10.0,0.53,10.0,0.54,10.0,0.16,0.16,0.093978,1776171090000
1776171091.929,91.929,0.51,5.0,0.49,5.0,0.48,10.0,0.47,10.0,0.46,10.0,0.67,11.64,0.71,50.0,0.72,10.0,0.73,10.0,0.74,10.0,0.33,11.64,0.29,50.0,0.28,10.0,0.27,10.0,0.26,10.0,0.49,5.0,0.51,5.0,0.52,10.0,0.53,10.0,0.54,10.0,0.16,0.16,0.093978,1776171091000
1776171092.865,92.865,0.51,5.0,0.49,5.0,0.48,10.0,0.47,10.0,0.46,10.0,0.67,11.64,0.71,50.0,0.72,10.0,0.73,10.0,0.74,10.0,0.33,11.64,0.29,50.0,0.28,10.0,0.27,10.0,0.26,10.0,0.49,5.0,0.51,5.0,0.52,10.0,0.53,10.0,0.54,10.0,0.16,0.16,0.093985,1776171092000
1776171094.279,94.279,0.51,5.0,0.49,5.0,0.48,10.0,0.47,10.0,0.46,10.0,0.67,11.64,0.71,50.0,0.72,10.0,0.73,10.0,0.74,10.0,0.33,11.64,0.29,50.0,0.28,10.0,0.27,10.0,0.26,10.0,0.49,5.0,0.51,5.0,0.52,10.0,0.53,10.0,0.54,10.0,0.16,0.16,0.093986,1776171093000
1776171094.8,94.8,0.51,5.0,0.49,5.0,0.48,10.0,0.47,10.0,0.46,10.0,0.67,11.64,0.71,50.0,0.72,10.0,0.73,10.0,0.74,10.0,0.33,11.64,0.29,50.0,0.28,10.0,0.27,10.0,0.26,10.0,0.49,5.0,0.51,5.0,0.52,10.0,0.53,10.0,0.54,10.0,0.16,0.16,0.093986,1776171094000
1776171096.278,96.278,0.51,5.0,0.49,5.0,0.48,10.0,0.47,10.0,0.46,10.0,0.67,11.64,0.71,50.0,0.72,10.0,0.73,10.0,0.74,10.0,0.33,11.64,0.29,50.0,0.28,10.0,0.27,10.0,0.26,10.0,0.49,5.0,0.51,5.0,0.52,10.0,0.53,10.0,0.54,10.0,0.16,0.16,0.093987,1776171095000
1776171097.19,97.19,0.51,5.0,0.49,5.0,0.48,10.0,0.47,10.0,0.46,10.0,0.67,11.64,0.71,50.0,0.72,10.0,0.73,10.0,0.74,10.0,0.33,11.64,0.29,50.0,0.28,10.0,0.27,10.0,0.26,10.0,0.49,5.0,0.51,5.0,0.52,10.0,0.53,10.0,0.54,10.0,0.16,0.16,0.093987,1776171096000
1776171098.075,98.075,0.51,5.0,0.49,5.0,0.48,10.0,0.47,10.0,0.46,10.0,0.67,11.64,0.71,50.0,0.72,10.0,0.73,10.0,0.74,10.0,0.33,11.64,0.29,50.0,0.28,10.0,0.27,10.0,0.26,10.0,0.49,5.0,0.51,5.0,0.52,10.0,0.53,10.0,0.54,10.0,0.16,0.16,0.093985,1776171097000
1776171099.007,99.007,0.51,5.0,0.49,5.0,0.48,10.0,0.47,10.0,0.46,10.0,0.67,11.64,0.71,50.0,0.72,10.0,0.73,10.0,0.74,10.0,0.33,11.64,0.29,50.0,0.28,10.0,0.27,10.0,0.26,10.0,0.49,5.0,0.51,5.0,0.52,10.0,0.53,10.0,0.54,10.0,0.16,0.16,0.093985,1776171098000
1776171099.933,99.933,0.51,5.0,0.49,5.0,0.48,10.0,0.47,10.0,0.46,10.0,0.67,11.64,0.71,50.0,0.72,10.0,0.73,10.0,0.74,10.0,0.33,11.64,0.29,50.0,0.28,10.0,0.27,10.0,0.26,10.0,0.49,5.0,0.51,5.0,0.52,10.0,0.53,10.0,0.54,10.0,0.16,0.16,0.093988,1776171099000
1776171100.899,100.899,0.51,5.0,0.49,5.0,0.48,10.0,0.47,10.0,0.46,10.0,0.67,11.64,0.71,50.0,0.72,10.0,0.73,10.0,0.74,10.0,0.33,11.64,0.29,50.0,0.28,10.0,0.27,10.0,0.26,10.0,0.49,5.0,0.51,5.0,0.52,10.0,0.53,10.0,0.54,10.0,0.16,0.16,0.093989,1776171100000
1776171101.924,101.924,0.51,5.0,0.49,5.0,0.48,10.0,0.47,10.0,0.46,10.0,0.67,11.64,0.71,50.0,0.72,10.0,0.73,10.0,0.74,10.0,0.33,11.64,0.29,50.0,0.28,10.0,0.27,10.0,0.26,10.0,0.49,5.0,0.51,5.0,0.52,10.0,0.53,10.0,0.54,10.0,0.16,0.16,0.09399,1776171101000
1776171102.809,102.809,0.51,5.0,0.49,5.0,0.48,10.0,0.47,10.0,0.46,10.0,0.67,11.64,0.71,50.0,0.72,10.0,0.73,10.0,0.74,10.0,0.33,11.64,0.29,50.0,0.28,10.0,0.27,10.0,0.26,10.0,0.49,5.0,0.51,5.0,0.52,10.0,0.53,10.0,0.54,10.0,0.16,0.16,0.093995,1776171102000
1776171103.875,103.875,0.51,5.0,0.49,5.0,0.48,10.0,0.47,10.0,0.46,10.0,0.67,11.64,0.71,50.0,0.72,10.0,0.73,10.0,0.74,10.0,0.33,11.64,0.29,50.0,0.28,10.0,0.27,10.0,0.26,10.0,0.49,5.0,0.51,5.0,0.52,10.0,0.53,10.0,0.54,10.0,0.16,0.16,0.093995,1776171103000
1776171104.819,104.819,0.51,5.0,0.49,5.0,0.48,10.0,0.47,10.0,0.46,10.0,0.67,11.64,0.71,50.0,0.72,10.0,0.73,10.0,0.74,10.0,0.33,11.64,0.29,50.0,0.28,10.0,0.27,10.0,0.26,10.0,0.49,5.0,0.51,5.0,0.52,10.0,0.53,10.0,0.54,10.0,0.16,0.16,0.093996,1776171104000
1776171106.428,106.428,0.51,5.0,0.49,5.0,0.48,10.0,0.47,10.0,0.46,10.0,0.67,11.64,0.71,50.0,0.72,10.0,0.73,10.0,0.74,10.0,0.33,11.64,0.29,50.0,0.28,10.0,0.27,10.0,0.26,10.0,0.49,5.0,0.51,5.0,0.52,10.0,0.53,10.0,0.54,10.0,0.16,0.16,0.094001,1776171105000
1776171106.728,106.728,0.7,5.0,0.69,15.0,0.68,10.0,0.67,36.8,0.66,28.6,0.8,16.2,0.81,21.89,0.82,17.6,0.83,18.39,0.84,19.3,0.33,11.64,0.29,50.0,0.28,10.0,0.27,10.0,0.26,10.0,0.49,5.0,0.51,5.0,0.52,10.0,0.53,10.0,0.54,10.0,0.1,0.16,0.094001,1776171105000
1776171107.496,107.496,0.7,5.0,0.69,15.0,0.68,10.0,0.67,36.8,0.66,28.6,0.8,16.2,0.81,21.89,0.82,17.6,0.83,18.39,0.84,19.3,0.2,16.2,0.19,21.89,0.18,17.6,0.17,18.39,0.16,19.3,0.3,5.0,0.31,15.0,0.32,10.0,0.33,36.8,0.34,28.6,0.1,0.1,0.094001,1776171106000
1776171108.118,108.118,0.7,5.0,0.69,15.0,0.68,10.0,0.67,36.8,0.66,28.6,0.8,16.2,0.81,21.89,0.82,17.6,0.83,18.39,0.84,19.3,0.2,16.2,0.19,21.89,0.18,17.6,0.17,18.39,0.16,19.3,0.3,5.0,0.31,15.0,0.32,10.0,0.33,36.8,0.34,28.6,0.1,0.1,0.094001,1776171107000
1776171117.421,117.421,0.67,7.0,0.65,20.0,0.61,10.9,0.6,10.8,0.59,10.7,0.78,3.71,0.81,50.0,0.82,17.6,0.83,18.39,0.84,19.3,0.2,16.2,0.19,21.89,0.18,17.6,0.17,18.39,0.16,19.3,0.3,5.0,0.31,15.0,0.32,10.0,0.33,36.8,0.34,28.6,0.11,0.1,0.094001,1776171107000
1776171117.662,117.662,0.67,7.0,0.65,20.0,0.61,10.9,0.6,10.8,0.59,10.7,0.78,3.71,0.81,50.0,0.82,17.6,0.83,18.39,0.84,19.3,0.22,3.71,0.19,50.0,0.18,17.6,0.17,18.39,0.16,19.3,0.33,7.0,0.35,20.0,0.39,10.9,0.4,10.8,0.41,10.7,0.11,0.11,0.09401,1776171116000
1776171118.372,118.372,0.67,7.0,0.65,20.0,0.61,10.9,0.6,10.8,0.59,10.7,0.78,3.71,0.81,50.0,0.82,17.6,0.83,18.39,0.84,19.3,0.22,3.71,0.19,50.0,0.18,17.6,0.17,18.39,0.16,19.3,0.33,7.0,0.35,20.0,0.39,10.9,0.4,10.8,0.41,10.7,0.11,0.11,0.09401,1776171117000
1776171119.1,119.1,0.67,7.0,0.65,20.0,0.61,10.9,0.6,10.8,0.59,10.7,0.78,3.71,0.81,50.0,0.82,17.6,0.83,18.39,0.84,19.3,0.22,3.71,0.19,50.0,0.18,17.6,0.17,18.39,0.16,19.3,0.33,7.0,0.35,20.0,0.39,10.9,0.4,10.8,0.41,10.7,0.11,0.11,0.094002,1776171118000
1776171119.38,119.38,0.74,5.0,0.67,17.0,0.66,5.0,0.65,5.0,0.61,60.9,0.78,15.2,0.79,25.7,0.8,16.2,0.81,66.89,0.82,17.6,0.22,3.71,0.19,50.0,0.18,17.6,0.17,18.39,0.16,19.3,0.33,7.0,0.35,20.0,0.39,10.9,0.4,10.8,0.41,10.7,0.04,0.11,0.094002,1776171118000
1776171120.484,120.484,0.74,5.0,0.67,17.0,0.66,5.0,0.65,5.0,0.61,60.9,0.78,15.2,0.79,25.7,0.8,16.2,0.81,66.89,0.82,17.6,0.22,15.2,0.21,25.7,0.2,16.2,0.19,66.89,0.18,17.6,0.26,5.0,0.33,17.0,0.34,5.0,0.35,5.0,0.39,60.9,0.04,0.04,0.093995,1776171119000
1776171121.144,121.144,0.74,5.0,0.67,17.0,0.66,5.0,0.65,5.0,0.61,60.9,0.78,15.2,0.79,25.7,0.8,16.2,0.81,66.89,0.82,17.6,0.22,15.2,0.21,25.7,0.2,16.2,0.19,66.89,0.18,17.6,0.26,5.0,0.33,17.0,0.34,5.0,0.35,5.0,0.39,60.9,0.04,0.04,0.093996,1776171120000
1776171121.444,121.444,0.74,5.0,0.66,7.0,0.64,10.0,0.62,5.0,0.61,65.9,0.76,13.9,0.77,14.7,0.78,15.2,0.79,20.7,0.8,16.2,0.22,15.2,0.21,25.7,0.2,16.2,0.19,66.89,0.18,17.6,0.26,5.0,0.33,17.0,0.34,5.0,0.35,5.0,0.39,60.9,0.02,0.04,0.093996,1776171120000
1776171122.545,122.545,0.74,5.0,0.66,7.0,0.64,10.0,0.62,5.0,0.61,65.9,0.76,13.9,0.77,14.7,0.78,15.2,0.79,20.7,0.8,16.2,0.24,13.9,0.23,14.7,0.22,15.2,0.21,20.7,0.2,16.2,0.26,5.0,0.34,7.0,0.36,10.0,0.38,5.0,0.39,65.9,0.02,0.02,0.093991,1776171121000
1776171123.279,123.279,0.74,5.0,0.66,7.0,0.64,10.0,0.62,5.0,0.61,65.9,0.76,13.9,0.77,14.7,0.78,15.2,0.79,20.7,0.8,16.2,0.24,13.9,0.23,14.7,0.22,15.2,0.21,20.7,0.2,16.2,0.26,5.0,0.34,7.0,0.36,10.0,0.38,5.0,0.39,65.9,0.02,0.02,0.093991,1776171122000
1776171125.493,125.493,0.74,5.0,0.66,7.0,0.64,10.0,0.62,5.0,0.61,65.9,0.76,13.9,0.77,14.7,0.78,15.2,0.79,20.7,0.8,16.2,0.24,13.9,0.23,14.7,0.22,15.2,0.21,20.7,0.2,16.2,0.26,5.0,0.34,7.0,0.36,10.0,0.38,5.0,0.39,65.9,0.02,0.02,0.093975,1776171124000
1776171126.073,126.073,0.74,5.0,0.66,7.0,0.64,10.0,0.62,5.0,0.61,65.9,0.76,13.9,0.77,14.7,0.78,15.2,0.79,20.7,0.8,16.2,0.24,13.9,0.23,14.7,0.22,15.2,0.21,20.7,0.2,16.2,0.26,5.0,0.34,7.0,0.36,10.0,0.38,5.0,0.39,65.9,0.02,0.02,0.093974,1776171125000
1776171126.309,126.309,0.59,10.0,0.57,8.0,0.54,20.5,0.53,10.4,0.52,20.4,0.75,23.9,0.76,13.9,0.77,14.7,0.78,15.2,0.79,20.7,0.24,13.9,0.23,14.7,0.22,15.2,0.21,20.7,0.2,16.2,0.26,5.0,0.34,7.0,0.36,10.0,0.38,5.0,0.39,65.9,0.16,0.02,0.093974,1776171125000
1776171127.229,127.229,0.59,10.0,0.57,8.0,0.54,20.5,0.53,10.4,0.52,20.4,0.75,23.9,0.76,13.9,0.77,14.7,0.78,15.2,0.79,20.7,0.25,23.9,0.24,13.9,0.23,14.7,0.22,15.2,0.21,20.7,0.41,10.0,0.43,8.0,0.46,20.5,0.47,10.4,0.48,20.4,0.16,0.16,0.09397,1776171126000
1776171128.512,128.512,0.59,10.0,0.57,8.0,0.54,20.5,0.53,10.4,0.52,20.4,0.75,23.9,0.76,13.9,0.77,14.7,0.78,15.2,0.79,20.7,0.25,23.9,0.24,13.9,0.23,14.7,0.22,15.2,0.21,20.7,0.41,10.0,0.43,8.0,0.46,20.5,0.47,10.4,0.48,20.4,0.16,0.16,0.09397,1776171127000
1776171129.002,129.002,0.59,10.0,0.57,8.0,0.54,20.5,0.53,10.4,0.52,20.4,0.75,23.9,0.76,13.9,0.77,14.7,0.78,15.2,0.79,20.7,0.25,23.9,0.24,13.9,0.23,14.7,0.22,15.2,0.21,20.7,0.41,10.0,0.43,8.0,0.46,20.5,0.47,10.4,0.48,20.4,0.16,0.16,0.09397,1776171128000
1776171130.187,130.187,0.59,10.0,0.57,8.0,0.54,20.5,0.53,10.4,0.52,20.4,0.75,23.9,0.76,13.9,0.77,14.7,0.78,15.2,0.79,20.7,0.25,23.9,0.24,13.9,0.23,14.7,0.22,15.2,0.21,20.7,0.41,10.0,0.43,8.0,0.46,20.5,0.47,10.4,0.48,20.4,0.16,0.16,0.09397,1776171129000
1776171131.242,131.242,0.59,10.0,0.57,8.0,0.54,20.5,0.53,10.4,0.52,20.4,0.75,23.9,0.76,13.9,0.77,14.7,0.78,15.2,0.79,20.7,0.25,23.9,0.24,13.9,0.23,14.7,0.22,15.2,0.21,20.7,0.41,10.0,0.43,8.0,0.46,20.5,0.47,10.4,0.48,20.4,0.16,0.16,0.09397,1776171130000
1776171132.479,132.479,0.59,10.0,0.57,8.0,0.54,20.5,0.53,10.4,0.52,20.4,0.75,23.9,0.76,13.9,0.77,14.7,0.78,15.2,0.79,20.7,0.25,23.9,0.24,13.9,0.23,14.7,0.22,15.2,0.21,20.7,0.41,10.0,0.43,8.0,0.46,20.5,0.47,10.4,0.48,20.4,0.16,0.16,0.09397,1776171131000
1776171133.109,133.109,0.59,10.0,0.57,8.0,0.54,20.5,0.53,10.4,0.52,20.4,0.75,23.9,0.76,13.9,0.77,14.7,0.78,15.2,0.79,20.7,0.25,23.9,0.24,13.9,0.23,14.7,0.22,15.2,0.21,20.7,0.41,10.0,0.43,8.0,0.46,20.5,0.47,10.4,0.48,20.4,0.16,0.16,0.09397,1776171132000
1776171134.266,134.266,0.59,10.0,0.57,8.0,0.54,20.5,0.53,10.4,0.52,20.4,0.75,23.9,0.76,13.9,0.77,14.7,0.78,15.2,0.79,20.7,0.25,23.9,0.24,13.9,0.23,14.7,0.22,15.2,0.21,20.7,0.41,10.0,0.43,8.0,0.46,20.5,0.47,10.4,0.48,20.4,0.16,0.16,0.09397,1776171133000
1776171135.484,135.484,0.59,10.0,0.57,8.0,0.54,20.5,0.53,10.4,0.52,20.4,0.75,23.9,0.76,13.9,0.77,14.7,0.78,15.2,0.79,20.7,0.25,23.9,0.24,13.9,0.23,14.7,0.22,15.2,0.21,20.7,0.41,10.0,0.43,8.0,0.46,20.5,0.47,10.4,0.48,20.4,0.16,0.16,0.09397,1776171134000
1776171136.081,136.081,0.59,10.0,0.57,8.0,0.54,20.5,0.53,10.4,0.52,20.4,0.75,23.9,0.76,13.9,0.77,14.7,0.78,15.2,0.79,20.7,0.25,23.9,0.24,13.9,0.23,14.7,0.22,15.2,0.21,20.7,0.41,10.0,0.43,8.0,0.46,20.5,0.47,10.4,0.48,20.4,0.16,0.16,0.093975,1776171135000
1776171137.29,137.29,0.59,10.0,0.57,8.0,0.54,20.5,0.53,10.4,0.52,20.4,0.75,23.9,0.76,13.9,0.77,14.7,0.78,15.2,0.79,20.7,0.25,23.9,0.24,13.9,0.23,14.7,0.22,15.2,0.21,20.7,0.41,10.0,0.43,8.0,0.46,20.5,0.47,10.4,0.48,20.4,0.16,0.16,0.093975,1776171136000
1776171138.696,138.696,0.59,10.0,0.57,8.0,0.54,20.5,0.53,10.4,0.52,20.4,0.75,23.9,0.76,13.9,0.77,14.7,0.78,15.2,0.79,20.7,0.25,23.9,0.24,13.9,0.23,14.7,0.22,15.2,0.21,20.7,0.41,10.0,0.43,8.0,0.46,20.5,0.47,10.4,0.48,20.4,0.16,0.16,0.093974,1776171137000
1776171139.101,139.101,0.59,10.0,0.57,8.0,0.54,20.5,0.53,10.4,0.52,20.4,0.75,23.9,0.76,13.9,0.77,14.7,0.78,15.2,0.79,20.7,0.25,23.9,0.24,13.9,0.23,14.7,0.22,15.2,0.21,20.7,0.41,10.0,0.43,8.0,0.46,20.5,0.47,10.4,0.48,20.4,0.16,0.16,0.093974,1776171138000
1776171140.851,140.851,0.59,10.0,0.57,8.0,0.54,20.5,0.53,10.4,0.52,20.4,0.75,23.9,0.76,13.9,0.77,14.7,0.78,15.2,0.79,20.7,0.25,23.9,0.24,13.9,0.23,14.7,0.22,15.2,0.21,20.7,0.41,10.0,0.43,8.0,0.46,20.5,0.47,10.4,0.48,20.4,0.16,0.16,0.093979,1776171139000
1776171141.509,141.509,0.59,10.0,0.57,8.0,0.54,20.5,0.53,10.4,0.52,20.4,0.75,23.9,0.76,13.9,0.77,14.7,0.78,15.2,0.79,20.7,0.25,23.9,0.24,13.9,0.23,14.7,0.22,15.2,0.21,20.7,0.41,10.0,0.43,8.0,0.46,20.5,0.47,10.4,0.48,20.4,0.16,0.16,0.093979,1776171140000
1776171142.171,142.171,0.59,10.0,0.57,8.0,0.54,20.5,0.53,10.4,0.52,20.4,0.75,23.9,0.76,13.9,0.77,14.7,0.78,15.2,0.79,20.7,0.25,23.9,0.24,13.9,0.23,14.7,0.22,15.2,0.21,20.7,0.41,10.0,0.43,8.0,0.46,20.5,0.47,10.4,0.48,20.4,0.16,0.16,0.093979,1776171141000
1776171143.537,143.537,0.59,10.0,0.57,8.0,0.54,20.5,0.53,10.4,0.52,20.4,0.75,23.9,0.76,13.9,0.77,14.7,0.78,15.2,0.79,20.7,0.25,23.9,0.24,13.9,0.23,14.7,0.22,15.2,0.21,20.7,0.41,10.0,0.43,8.0,0.46,20.5,0.47,10.4,0.48,20.4,0.16,0.16,0.093979,1776171142000
1776171144.127,144.127,0.59,10.0,0.57,8.0,0.54,20.5,0.53,10.4,0.52,20.4,0.75,23.9,0.76,13.9,0.77,14.7,0.78,15.2,0.79,20.7,0.25,23.9,0.24,13.9,0.23,14.7,0.22,15.2,0.21,20.7,0.41,10.0,0.43,8.0,0.46,20.5,0.47,10.4,0.48,20.4,0.16,0.16,0.093979,1776171143000
1776171145.259,145.259,0.59,10.0,0.57,8.0,0.54,20.5,0.53,10.4,0.52,20.4,0.75,23.9,0.76,13.9,0.77,14.7,0.78,15.2,0.79,20.7,0.25,23.9,0.24,13.9,0.23,14.7,0.22,15.2,0.21,20.7,0.41,10.0,0.43,8.0,0.46,20.5,0.47,10.4,0.48,20.4,0.16,0.16,0.093979,1776171144000
1776171146.647,146.647,0.59,10.0,0.57,8.0,0.54,20.5,0.53,10.4,0.52,20.4,0.75,23.9,0.76,13.9,0.77,14.7,0.78,15.2,0.79,20.7,0.25,23.9,0.24,13.9,0.23,14.7,0.22,15.2,0.21,20.7,0.41,10.0,0.43,8.0,0.46,20.5,0.47,10.4,0.48,20.4,0.16,0.16,0.093979,1776171145000
1776171147.316,147.316,0.59,10.0,0.57,8.0,0.54,20.5,0.53,10.4,0.52,20.4,0.75,23.9,0.76,13.9,0.77,14.7,0.78,15.2,0.79,20.7,0.25,23.9,0.24,13.9,0.23,14.7,0.22,15.2,0.21,20.7,0.41,10.0,0.43,8.0,0.46,20.5,0.47,10.4,0.48,20.4,0.16,0.16,0.093979,1776171146000
1776171148.057,148.057,0.59,10.0,0.57,8.0,0.54,20.5,0.53,10.4,0.52,20.4,0.75,23.9,0.76,13.9,0.77,14.7,0.78,15.2,0.79,20.7,0.25,23.9,0.24,13.9,0.23,14.7,0.22,15.2,0.21,20.7,0.41,10.0,0.43,8.0,0.46,20.5,0.47,10.4,0.48,20.4,0.16,0.16,0.093979,1776171147000
1776171149.398,149.398,0.59,10.0,0.57,8.0,0.54,20.5,0.53,10.4,0.52,20.4,0.75,23.9,0.76,13.9,0.77,14.7,0.78,15.2,0.79,20.7,0.25,23.9,0.24,13.9,0.23,14.7,0.22,15.2,0.21,20.7,0.41,10.0,0.43,8.0,0.46,20.5,0.47,10.4,0.48,20.4,0.16,0.16,0.093982,1776171148000
1776171150.117,150.117,0.59,10.0,0.57,8.0,0.54,20.5,0.53,10.4,0.52,20.4,0.75,23.9,0.76,13.9,0.77,14.7,0.78,15.2,0.79,20.7,0.25,23.9,0.24,13.9,0.23,14.7,0.22,15.2,0.21,20.7,0.41,10.0,0.43,8.0,0.46,20.5,0.47,10.4,0.48,20.4,0.16,0.16,0.093982,1776171149000
1776171151.375,151.375,0.59,10.0,0.57,8.0,0.54,20.5,0.53,10.4,0.52,20.4,0.75,23.9,0.76,13.9,0.77,14.7,0.78,15.2,0.79,20.7,0.25,23.9,0.24,13.9,0.23,14.7,0.22,15.2,0.21,20.7,0.41,10.0,0.43,8.0,0.46,20.5,0.47,10.4,0.48,20.4,0.16,0.16,0.093983,1776171150000
1776171152.801,152.801,0.59,10.0,0.57,8.0,0.54,20.5,0.53,10.4,0.52,20.4,0.75,23.9,0.76,13.9,0.77,14.7,0.78,15.2,0.79,20.7,0.25,23.9,0.24,13.9,0.23,14.7,0.22,15.2,0.21,20.7,0.41,10.0,0.43,8.0,0.46,20.5,0.47,10.4,0.48,20.4,0.16,0.16,0.093983,1776171151000
1776171153.443,153.443,0.59,10.0,0.57,8.0,0.54,20.5,0.53,10.4,0.52,20.4,0.75,23.9,0.76,13.9,0.77,14.7,0.78,15.2,0.79,20.7,0.25,23.9,0.24,13.9,0.23,14.7,0.22,15.2,0.21,20.7,0.41,10.0,0.43,8.0,0.46,20.5,0.47,10.4,0.48,20.4,0.16,0.16,0.093983,1776171152000
1776171154.389,154.389,0.59,10.0,0.57,8.0,0.54,20.5,0.53,10.4,0.52,20.4,0.75,23.9,0.76,13.9,0.77,14.7,0.78,15.2,0.79,20.7,0.25,23.9,0.24,13.9,0.23,14.7,0.22,15.2,0.21,20.7,0.41,10.0,0.43,8.0,0.46,20.5,0.47,10.4,0.48,20.4,0.16,0.16,0.093983,1776171153000
1776171155.538,155.538,0.59,10.0,0.57,8.0,0.54,20.5,0.53,10.4,0.52,20.4,0.75,23.9,0.76,13.9,0.77,14.7,0.78,15.2,0.79,20.7,0.25,23.9,0.24,13.9,0.23,14.7,0.22,15.2,0.21,20.7,0.41,10.0,0.43,8.0,0.46,20.5,0.47,10.4,0.48,20.4,0.16,0.16,0.093983,1776171154000
1776171156.346,156.346,0.59,10.0,0.57,8.0,0.54,20.5,0.53,10.4,0.52,20.4,0.75,23.9,0.76,13.9,0.77,14.7,0.78,15.2,0.79,20.7,0.25,23.9,0.24,13.9,0.23,14.7,0.22,15.2,0.21,20.7,0.41,10.0,0.43,8.0,0.46,20.5,0.47,10.4,0.48,20.4,0.16,0.16,0.093982,1776171155000
1776171158.06,158.06,0.59,10.0,0.57,8.0,0.54,20.5,0.53,10.4,0.52,20.4,0.75,23.9,0.76,13.9,0.77,14.7,0.78,15.2,0.79,20.7,0.25,23.9,0.24,13.9,0.23,14.7,0.22,15.2,0.21,20.7,0.41,10.0,0.43,8.0,0.46,20.5,0.47,10.4,0.48,20.4,0.16,0.16,0.093982,1776171156000
1776171158.476,158.476,0.59,10.0,0.57,8.0,0.54,20.5,0.53,10.4,0.52,20.4,0.75,23.9,0.76,13.9,0.77,14.7,0.78,15.2,0.79,20.7,0.25,23.9,0.24,13.9,0.23,14.7,0.22,15.2,0.21,20.7,0.41,10.0,0.43,8.0,0.46,20.5,0.47,10.4,0.48,20.4,0.16,0.16,0.093982,1776171157000
1776171159.023,159.023,0.59,10.0,0.57,8.0,0.54,20.5,0.53,10.4,0.52,20.4,0.75,23.9,0.76,13.9,0.77,14.7,0.78,15.2,0.79,20.7,0.25,23.9,0.24,13.9,0.23,14.7,0.22,15.2,0.21,20.7,0.41,10.0,0.43,8.0,0.46,20.5,0.47,10.4,0.48,20.4,0.16,0.16,0.093984,1776171158000
1776171159.991,159.991,0.59,10.0,0.57,8.0,0.54,20.5,0.53,10.4,0.52,20.4,0.75,23.9,0.76,13.9,0.77,14.7,0.78,15.2,0.79,20.7,0.25,23.9,0.24,13.9,0.23,14.7,0.22,15.2,0.21,20.7,0.41,10.0,0.43,8.0,0.46,20.5,0.47,10.4,0.48,20.4,0.16,0.16,0.093986,1776171159000
1776171161.118,161.118,0.59,10.0,0.57,8.0,0.54,20.5,0.53,10.4,0.52,20.4,0.75,23.9,0.76,13.9,0.77,14.7,0.78,15.2,0.79,20.7,0.25,23.9,0.24,13.9,0.23,14.7,0.22,15.2,0.21,20.7,0.41,10.0,0.43,8.0,0.46,20.5,0.47,10.4,0.48,20.4,0.16,0.16,0.093988,1776171160000
1776171161.665,161.665,0.72,5.0,0.71,77.6,0.7,12.4,0.69,27.2,0.68,18.9,0.87,21.85,0.88,24.6,0.89,26.6,0.9,28.9,0.91,31.7,0.25,23.9,0.24,13.9,0.23,14.7,0.22,15.2,0.21,20.7,0.41,10.0,0.43,8.0,0.46,20.5,0.47,10.4,0.48,20.4,0.15,0.16,0.093988,1776171160000
1776171162.067,162.067,0.72,5.0,0.71,77.6,0.7,12.4,0.69,27.2,0.68,18.9,0.87,21.85,0.88,24.6,0.89,26.6,0.9,28.9,0.91,31.7,0.13,21.85,0.12,24.6,0.11,26.6,0.1,28.9,0.09,31.7,0.28,5.0,0.29,77.6,0.3,12.4,0.31,27.2,0.32,18.9,0.15,0.15,0.093988,1776171161000
1776171163.104,163.104,0.72,5.0,0.71,77.6,0.7,12.4,0.69,27.2,0.68,18.9,0.87,21.85,0.88,24.6,0.89,26.6,0.9,28.9,0.91,31.7,0.13,21.85,0.12,24.6,0.11,26.6,0.1,28.9,0.09,31.7,0.28,5.0,0.29,77.6,0.3,12.4,0.31,27.2,0.32,18.9,0.15,0.15,0.094002,1776171162000
1776171164.067,164.067,0.72,5.0,0.71,77.6,0.7,12.4,0.69,27.2,0.68,18.9,0.87,21.85,0.88,24.6,0.89,26.6,0.9,28.9,0.91,31.7,0.13,21.85,0.12,24.6,0.11,26.6,0.1,28.9,0.09,31.7,0.28,5.0,0.29,77.6,0.3,12.4,0.31,27.2,0.32,18.9,0.15,0.15,0.094003,1776171163000
1776171165.016,165.016,0.72,5.0,0.71,77.6,0.7,12.4,0.69,27.2,0.68,18.9,0.87,21.85,0.88,24.6,0.89,26.6,0.9,28.9,0.91,31.7,0.13,21.85,0.12,24.6,0.11,26.6,0.1,28.9,0.09,31.7,0.28,5.0,0.29,77.6,0.3,12.4,0.31,27.2,0.32,18.9,0.15,0.15,0.093999,1776171164000
1776171165.96,165.96,0.72,5.0,0.71,77.6,0.7,12.4,0.69,27.2,0.68,18.9,0.87,21.85,0.88,24.6,0.89,26.6,0.9,28.9,0.91,31.7,0.13,21.85,0.12,24.6,0.11,26.6,0.1,28.9,0.09,31.7,0.28,5.0,0.29,77.6,0.3,12.4,0.31,27.2,0.32,18.9,0.15,0.15,0.093992,1776171165000
1776171167.168,167.168,0.72,5.0,0.71,77.6,0.7,12.4,0.69,27.2,0.68,18.9,0.87,21.85,0.88,24.6,0.89,26.6,0.9,28.9,0.91,31.7,0.13,21.85,0.12,24.6,0.11,26.6,0.1,28.9,0.09,31.7,0.28,5.0,0.29,77.6,0.3,12.4,0.31,27.2,0.32,18.9,0.15,0.15,0.093988,1776171166000
1776171167.979,167.979,0.72,5.0,0.71,77.6,0.7,12.4,0.69,27.2,0.68,18.9,0.87,21.85,0.88,24.6,0.89,26.6,0.9,28.9,0.91,31.7,0.13,21.85,0.12,24.6,0.11,26.6,0.1,28.9,0.09,31.7,0.28,5.0,0.29,77.6,0.3,12.4,0.31,27.2,0.32,18.9,0.15,0.15,0.093988,1776171167000
1776171168.983,168.983,0.72,5.0,0.71,77.6,0.7,12.4,0.69,27.2,0.68,18.9,0.87,21.85,0.88,24.6,0.89,26.6,0.9,28.9,0.91,31.7,0.13,21.85,0.12,24.6,0.11,26.6,0.1,28.9,0.09,31.7,0.28,5.0,0.29,77.6,0.3,12.4,0.31,27.2,0.32,18.9,0.15,0.15,0.093987,1776171168000
1776171170.083,170.083,0.72,5.0,0.71,77.6,0.7,12.4,0.69,27.2,0.68,18.9,0.87,21.85,0.88,24.6,0.89,26.6,0.9,28.9,0.91,31.7,0.13,21.85,0.12,24.6,0.11,26.6,0.1,28.9,0.09,31.7,0.28,5.0,0.29,77.6,0.3,12.4,0.31,27.2,0.32,18.9,0.15,0.15,0.093987,1776171169000
1776171171.233,171.233,0.72,5.0,0.71,77.6,0.7,12.4,0.69,27.2,0.68,18.9,0.87,21.85,0.88,24.6,0.89,26.6,0.9,28.9,0.91,31.7,0.13,21.85,0.12,24.6,0.11,26.6,0.1,28.9,0.09,31.7,0.28,5.0,0.29,77.6,0.3,12.4,0.31,27.2,0.32,18.9,0.15,0.15,0.093986,1776171170000
1776171171.992,171.992,0.72,5.0,0.71,77.6,0.7,12.4,0.69,27.2,0.68,18.9,0.87,21.85,0.88,24.6,0.89,26.6,0.9,28.9,0.91,31.7,0.13,21.85,0.12,24.6,0.11,26.6,0.1,28.9,0.09,31.7,0.28,5.0,0.29,77.6,0.3,12.4,0.31,27.2,0.32,18.9,0.15,0.15,0.093986,1776171171000
1776171173.337,173.337,0.72,5.0,0.71,77.6,0.7,12.4,0.69,27.2,0.68,18.9,0.87,21.85,0.88,24.6,0.89,26.6,0.9,28.9,0.91,31.7,0.13,21.85,0.12,24.6,0.11,26.6,0.1,28.9,0.09,31.7,0.28,5.0,0.29,77.6,0.3,12.4,0.31,27.2,0.32,18.9,0.15,0.15,0.093986,1776171172000
1776171173.891,173.891,0.72,5.0,0.71,77.6,0.7,12.4,0.69,27.2,0.68,18.9,0.87,21.85,0.88,24.6,0.89,26.6,0.9,28.9,0.91,31.7,0.13,21.85,0.12,24.6,0.11,26.6,0.1,28.9,0.09,31.7,0.28,5.0,0.29,77.6,0.3,12.4,0.31,27.2,0.32,18.9,0.15,0.15,0.093988,1776171173000
1776171175.077,175.077,0.72,5.0,0.71,77.6,0.7,12.4,0.69,27.2,0.68,18.9,0.87,21.85,0.88,24.6,0.89,26.6,0.9,28.9,0.91,31.7,0.13,21.85,0.12,24.6,0.11,26.6,0.1,28.9,0.09,31.7,0.28,5.0,0.29,77.6,0.3,12.4,0.31,27.2,0.32,18.9,0.15,0.15,0.093987,1776171174000
1776171176.159,176.159,0.72,5.0,0.71,77.6,0.7,12.4,0.69,27.2,0.68,18.9,0.87,21.85,0.88,24.6,0.89,26.6,0.9,28.9,0.91,31.7,0.13,21.85,0.12,24.6,0.11,26.6,0.1,28.9,0.09,31.7,0.28,5.0,0.29,77.6,0.3,12.4,0.31,27.2,0.32,18.9,0.15,0.15,0.093988,1776171175000
1776171177.264,177.264,0.72,5.0,0.71,77.6,0.7,12.4,0.69,27.2,0.68,18.9,0.87,21.85,0.88,24.6,0.89,26.6,0.9,28.9,0.91,31.7,0.13,21.85,0.12,24.6,0.11,26.6,0.1,28.9,0.09,31.7,0.28,5.0,0.29,77.6,0.3,12.4,0.31,27.2,0.32,18.9,0.15,0.15,0.093988,1776171176000
1776171178.46,178.46,0.72,5.0,0.71,77.6,0.7,12.4,0.69,27.2,0.68,18.9,0.87,21.85,0.88,24.6,0.89,26.6,0.9,28.9,0.91,31.7,0.13,21.85,0.12,24.6,0.11,26.6,0.1,28.9,0.09,31.7,0.28,5.0,0.29,77.6,0.3,12.4,0.31,27.2,0.32,18.9,0.15,0.15,0.093988,1776171177000
1776171179.039,179.039,0.72,5.0,0.71,77.6,0.7,12.4,0.69,27.2,0.68,18.9,0.87,21.85,0.88,24.6,0.89,26.6,0.9,28.9,0.91,31.7,0.13,21.85,0.12,24.6,0.11,26.6,0.1,28.9,0.09,31.7,0.28,5.0,0.29,77.6,0.3,12.4,0.31,27.2,0.32,18.9,0.15,0.15,0.093988,1776171178000
1776171180.023,180.023,0.72,5.0,0.71,77.6,0.7,12.4,0.69,27.2,0.68,18.9,0.87,21.85,0.88,24.6,0.89,26.6,0.9,28.9,0.91,31.7,0.13,21.85,0.12,24.6,0.11,26.6,0.1,28.9,0.09,31.7,0.28,5.0,0.29,77.6,0.3,12.4,0.31,27.2,0.32,18.9,0.15,0.15,0.093988,1776171179000
1776171181.154,181.154,0.72,5.0,0.71,77.6,0.7,12.4,0.69,27.2,0.68,18.9,0.87,21.85,0.88,24.6,0.89,26.6,0.9,28.9,0.91,31.7,0.13,21.85,0.12,24.6,0.11,26.6,0.1,28.9,0.09,31.7,0.28,5.0,0.29,77.6,0.3,12.4,0.31,27.2,0.32,18.9,0.15,0.15,0.093988,1776171180000
1776171182.319,182.319,0.72,5.0,0.71,77.6,0.7,12.4,0.69,27.2,0.68,18.9,0.87,21.85,0.88,24.6,0.89,26.6,0.9,28.9,0.91,31.7,0.13,21.85,0.12,24.6,0.11,26.6,0.1,28.9,0.09,31.7,0.28,5.0,0.29,77.6,0.3,12.4,0.31,27.2,0.32,18.9,0.15,0.15,0.093988,1776171181000
1776171183.343,183.343,0.72,5.0,0.71,77.6,0.7,12.4,0.69,27.2,0.68,18.9,0.87,21.85,0.88,24.6,0.89,26.6,0.9,28.9,0.91,31.7,0.13,21.85,0.12,24.6,0.11,26.6,0.1,28.9,0.09,31.7,0.28,5.0,0.29,77.6,0.3,12.4,0.31,27.2,0.32,18.9,0.15,0.15,0.093984,1776171182000
1776171183.917,183.917,0.72,5.0,0.71,77.6,0.7,12.4,0.69,27.2,0.68,18.9,0.87,21.85,0.88,24.6,0.89,26.6,0.9,28.9,0.91,31.7,0.13,21.85,0.12,24.6,0.11,26.6,0.1,28.9,0.09,31.7,0.28,5.0,0.29,77.6,0.3,12.4,0.31,27.2,0.32,18.9,0.15,0.15,0.093984,1776171183000
1776171185.074,185.074,0.72,5.0,0.71,77.6,0.7,12.4,0.69,27.2,0.68,18.9,0.87,21.85,0.88,24.6,0.89,26.6,0.9,28.9,0.91,31.7,0.13,21.85,0.12,24.6,0.11,26.6,0.1,28.9,0.09,31.7,0.28,5.0,0.29,77.6,0.3,12.4,0.31,27.2,0.32,18.9,0.15,0.15,0.093984,1776171184000
1776171186.305,186.305,0.72,5.0,0.71,77.6,0.7,12.4,0.69,27.2,0.68,18.9,0.87,21.85,0.88,24.6,0.89,26.6,0.9,28.9,0.91,31.7,0.13,21.85,0.12,24.6,0.11,26.6,0.1,28.9,0.09,31.7,0.28,5.0,0.29,77.6,0.3,12.4,0.31,27.2,0.32,18.9,0.15,0.15,0.093984,1776171185000
1776171187.424,187.424,0.72,5.0,0.71,77.6,0.7,12.4,0.69,27.2,0.68,18.9,0.87,21.85,0.88,24.6,0.89,26.6,0.9,28.9,0.91,31.7,0.13,21.85,0.12,24.6,0.11,26.6,0.1,28.9,0.09,31.7,0.28,5.0,0.29,77.6,0.3,12.4,0.31,27.2,0.32,18.9,0.15,0.15,0.093978,1776171186000
1776171188.077,188.077,0.72,5.0,0.71,77.6,0.7,12.4,0.69,27.2,0.68,18.9,0.87,21.85,0.88,24.6,0.89,26.6,0.9,28.9,0.91,31.7,0.13,21.85,0.12,24.6,0.11,26.6,0.1,28.9,0.09,31.7,0.28,5.0,0.29,77.6,0.3,12.4,0.31,27.2,0.32,18.9,0.15,0.15,0.093975,1776171187000
1776171189.169,189.169,0.72,5.0,0.71,77.6,0.7,12.4,0.69,27.2,0.68,18.9,0.87,21.85,0.88,24.6,0.89,26.6,0.9,28.9,0.91,31.7,0.13,21.85,0.12,24.6,0.11,26.6,0.1,28.9,0.09,31.7,0.28,5.0,0.29,77.6,0.3,12.4,0.31,27.2,0.32,18.9,0.15,0.15,0.093975,1776171188000
1776171190.441,190.441,0.72,5.0,0.71,77.6,0.7,12.4,0.69,27.2,0.68,18.9,0.87,21.85,0.88,24.6,0.89,26.6,0.9,28.9,0.91,31.7,0.13,21.85,0.12,24.6,0.11,26.6,0.1,28.9,0.09,31.7,0.28,5.0,0.29,77.6,0.3,12.4,0.31,27.2,0.32,18.9,0.15,0.15,0.093975,1776171189000
1776171191.474,191.474,0.72,5.0,0.71,77.6,0.7,12.4,0.69,27.2,0.68,18.9,0.87,21.85,0.88,24.6,0.89,26.6,0.9,28.9,0.91,31.7,0.13,21.85,0.12,24.6,0.11,26.6,0.1,28.9,0.09,31.7,0.28,5.0,0.29,77.6,0.3,12.4,0.31,27.2,0.32,18.9,0.15,0.15,0.093975,1776171190000
1776171192.018,192.018,0.72,5.0,0.71,77.6,0.7,12.4,0.69,27.2,0.68,18.9,0.87,21.85,0.88,24.6,0.89,26.6,0.9,28.9,0.91,31.7,0.13,21.85,0.12,24.6,0.11,26.6,0.1,28.9,0.09,31.7,0.28,5.0,0.29,77.6,0.3,12.4,0.31,27.2,0.32,18.9,0.15,0.15,0.093975,1776171191000
1776171193.125,193.125,0.72,5.0,0.71,77.6,0.7,12.4,0.69,27.2,0.68,18.9,0.87,21.85,0.88,24.6,0.89,26.6,0.9,28.9,0.91,31.7,0.13,21.85,0.12,24.6,0.11,26.6,0.1,28.9,0.09,31.7,0.28,5.0,0.29,77.6,0.3,12.4,0.31,27.2,0.32,18.9,0.15,0.15,0.093976,1776171192000
1776171194.165,194.165,0.72,5.0,0.71,77.6,0.7,12.4,0.69,27.2,0.68,18.9,0.87,21.85,0.88,24.6,0.89,26.6,0.9,28.9,0.91,31.7,0.13,21.85,0.12,24.6,0.11,26.6,0.1,28.9,0.09,31.7,0.28,5.0,0.29,77.6,0.3,12.4,0.31,27.2,0.32,18.9,0.15,0.15,0.093978,1776171193000
1776171195.458,195.458,0.72,5.0,0.71,77.6,0.7,12.4,0.69,27.2,0.68,18.9,0.87,21.85,0.88,24.6,0.89,26.6,0.9,28.9,0.91,31.7,0.13,21.85,0.12,24.6,0.11,26.6,0.1,28.9,0.09,31.7,0.28,5.0,0.29,77.6,0.3,12.4,0.31,27.2,0.32,18.9,0.15,0.15,0.093978,1776171194000
1776171195.99,195.99,0.72,5.0,0.71,77.6,0.7,12.4,0.69,27.2,0.68,18.9,0.87,21.85,0.88,24.6,0.89,26.6,0.9,28.9,0.91,31.7,0.13,21.85,0.12,24.6,0.11,26.6,0.1,28.9,0.09,31.7,0.28,5.0,0.29,77.6,0.3,12.4,0.31,27.2,0.32,18.9,0.15,0.15,0.093978,1776171195000
1776171197.111,197.111,0.72,5.0,0.71,77.6,0.7,12.4,0.69,27.2,0.68,18.9,0.87,21.85,0.88,24.6,0.89,26.6,0.9,28.9,0.91,31.7,0.13,21.85,0.12,24.6,0.11,26.6,0.1,28.9,0.09,31.7,0.28,5.0,0.29,77.6,0.3,12.4,0.31,27.2,0.32,18.9,0.15,0.15,0.093978,1776171196000
1776171198.181,198.181,0.72,5.0,0.71,77.6,0.7,12.4,0.69,27.2,0.68,18.9,0.87,21.85,0.88,24.6,0.89,26.6,0.9,28.9,0.91,31.7,0.13,21.85,0.12,24.6,0.11,26.6,0.1,28.9,0.09,31.7,0.28,5.0,0.29,77.6,0.3,12.4,0.31,27.2,0.32,18.9,0.15,0.15,0.093978,1776171197000
1776171199.301,199.301,0.72,5.0,0.71,77.6,0.7,12.4,0.69,27.2,0.68,18.9,0.87,21.85,0.88,24.6,0.89,26.6,0.9,28.9,0.91,31.7,0.13,21.85,0.12,24.6,0.11,26.6,0.1,28.9,0.09,31.7,0.28,5.0,0.29,77.6,0.3,12.4,0.31,27.2,0.32,18.9,0.15,0.15,0.093984,1776171198000
1776171199.921,199.921,0.72,5.0,0.71,77.6,0.7,12.4,0.69,27.2,0.68,18.9,0.87,21.85,0.88,24.6,0.89,26.6,0.9,28.9,0.91,31.7,0.13,21.85,0.12,24.6,0.11,26.6,0.1,28.9,0.09,31.7,0.28,5.0,0.29,77.6,0.3,12.4,0.31,27.2,0.32,18.9,0.15,0.15,0.093984,1776171199000
1776171201.361,201.361,0.72,5.0,0.71,77.6,0.7,12.4,0.69,27.2,0.68,18.9,0.87,21.85,0.88,24.6,0.89,26.6,0.9,28.9,0.91,31.7,0.13,21.85,0.12,24.6,0.11,26.6,0.1,28.9,0.09,31.7,0.28,5.0,0.29,77.6,0.3,12.4,0.31,27.2,0.32,18.9,0.15,0.15,0.093985,1776171200000
1776171202.209,202.209,0.72,5.0,0.71,77.6,0.7,12.4,0.69,27.2,0.68,18.9,0.87,21.85,0.88,24.6,0.89,26.6,0.9,28.9,0.91,31.7,0.13,21.85,0.12,24.6,0.11,26.6,0.1,28.9,0.09,31.7,0.28,5.0,0.29,77.6,0.3,12.4,0.31,27.2,0.32,18.9,0.15,0.15,0.093985,1776171201000
1776171203.415,203.415,0.72,5.0,0.71,77.6,0.7,12.4,0.69,27.2,0.68,18.9,0.87,21.85,0.88,24.6,0.89,26.6,0.9,28.9,0.91,31.7,0.13,21.85,0.12,24.6,0.11,26.6,0.1,28.9,0.09,31.7,0.28,5.0,0.29,77.6,0.3,12.4,0.31,27.2,0.32,18.9,0.15,0.15,0.093985,1776171202000
1776171204.074,204.074,0.72,5.0,0.71,77.6,0.7,12.4,0.69,27.2,0.68,18.9,0.87,21.85,0.88,24.6,0.89,26.6,0.9,28.9,0.91,31.7,0.13,21.85,0.12,24.6,0.11,26.6,0.1,28.9,0.09,31.7,0.28,5.0,0.29,77.6,0.3,12.4,0.31,27.2,0.32,18.9,0.15,0.15,0.09398,1776171203000
1776171205.13,205.13,0.72,5.0,0.71,77.6,0.7,12.4,0.69,27.2,0.68,18.9,0.87,21.85,0.88,24.6,0.89,26.6,0.9,28.9,0.91,31.7,0.13,21.85,0.12,24.6,0.11,26.6,0.1,28.9,0.09,31.7,0.28,5.0,0.29,77.6,0.3,12.4,0.31,27.2,0.32,18.9,0.15,0.15,0.09398,1776171204000
1776171206.18,206.18,0.72,5.0,0.71,77.6,0.7,12.4,0.69,27.2,0.68,18.9,0.87,21.85,0.88,24.6,0.89,26.6,0.9,28.9,0.91,31.7,0.13,21.85,0.12,24.6,0.11,26.6,0.1,28.9,0.09,31.7,0.28,5.0,0.29,77.6,0.3,12.4,0.31,27.2,0.32,18.9,0.15,0.15,0.09398,1776171205000
1776171206.962,206.962,0.71,33.44,0.69,12.2,0.68,11.9,0.67,11.8,0.66,11.6,0.82,17.6,0.83,18.39,0.84,19.3,0.85,20.39,0.86,21.6,0.13,21.85,0.12,24.6,0.11,26.6,0.1,28.9,0.09,31.7,0.28,5.0,0.29,77.6,0.3,12.4,0.31,27.2,0.32,18.9,0.11,0.15,0.09398,1776171205000
1776171207.172,207.172,0.71,33.44,0.69,12.2,0.68,11.9,0.67,11.8,0.66,11.6,0.82,17.6,0.83,18.39,0.84,19.3,0.85,20.39,0.86,21.6,0.18,17.6,0.17,18.39,0.16,19.3,0.15,20.39,0.14,21.6,0.29,33.44,0.31,12.2,0.32,11.9,0.33,11.8,0.34,11.6,0.11,0.11,0.093979,1776171206000
1776171208.781,208.781,0.71,33.44,0.69,12.2,0.68,11.9,0.67,11.8,0.66,11.6,0.82,17.6,0.83,18.39,0.84,19.3,0.85,20.39,0.86,21.6,0.18,17.6,0.17,18.39,0.16,19.3,0.15,20.39,0.14,21.6,0.29,33.44,0.31,12.2,0.32,11.9,0.33,11.8,0.34,11.6,0.11,0.11,0.093979,1776171207000
1776171209.477,209.477,0.71,33.44,0.69,12.2,0.68,11.9,0.67,11.8,0.66,11.6,0.82,17.6,0.83,18.39,0.84,19.3,0.85,20.39,0.86,21.6,0.18,17.6,0.17,18.39,0.16,19.3,0.15,20.39,0.14,21.6,0.29,33.44,0.31,12.2,0.32,11.9,0.33,11.8,0.34,11.6,0.11,0.11,0.093979,1776171208000
1776171210.063,210.063,0.71,33.44,0.69,12.2,0.68,11.9,0.67,11.8,0.66,11.6,0.82,17.6,0.83,18.39,0.84,19.3,0.85,20.39,0.86,21.6,0.18,17.6,0.17,18.39,0.16,19.3,0.15,20.39,0.14,21.6,0.29,33.44,0.31,12.2,0.32,11.9,0.33,11.8,0.34,11.6,0.11,0.11,0.093979,1776171209000
1776171211.064,211.064,0.71,33.44,0.69,12.2,0.68,11.9,0.67,11.8,0.66,11.6,0.82,17.6,0.83,18.39,0.84,19.3,0.85,20.39,0.86,21.6,0.18,17.6,0.17,18.39,0.16,19.3,0.15,20.39,0.14,21.6,0.29,33.44,0.31,12.2,0.32,11.9,0.33,11.8,0.34,11.6,0.11,0.11,0.093979,1776171210000
1776171212.292,212.292,0.71,33.44,0.69,12.2,0.68,11.9,0.67,11.8,0.66,11.6,0.82,17.6,0.83,18.39,0.84,19.3,0.85,20.39,0.86,21.6,0.18,17.6,0.17,18.39,0.16,19.3,0.15,20.39,0.14,21.6,0.29,33.44,0.31,12.2,0.32,11.9,0.33,11.8,0.34,11.6,0.11,0.11,0.093979,1776171211000
1776171212.981,212.981,0.71,33.44,0.69,12.2,0.68,11.9,0.67,11.8,0.66,11.6,0.82,17.6,0.83,18.39,0.84,19.3,0.85,20.39,0.86,21.6,0.18,17.6,0.17,18.39,0.16,19.3,0.15,20.39,0.14,21.6,0.29,33.44,0.31,12.2,0.32,11.9,0.33,11.8,0.34,11.6,0.11,0.11,0.093979,1776171212000
1776171214.138,214.138,0.71,33.44,0.69,12.2,0.68,11.9,0.67,11.8,0.66,11.6,0.82,17.6,0.83,18.39,0.84,19.3,0.85,20.39,0.86,21.6,0.18,17.6,0.17,18.39,0.16,19.3,0.15,20.39,0.14,21.6,0.29,33.44,0.31,12.2,0.32,11.9,0.33,11.8,0.34,11.6,0.11,0.11,0.093979,1776171213000
1776171215.698,215.698,0.71,33.44,0.69,12.2,0.68,11.9,0.67,11.8,0.66,11.6,0.82,17.6,0.83,18.39,0.84,19.3,0.85,20.39,0.86,21.6,0.18,17.6,0.17,18.39,0.16,19.3,0.15,20.39,0.14,21.6,0.29,33.44,0.31,12.2,0.32,11.9,0.33,11.8,0.34,11.6,0.11,0.11,0.093979,1776171214000
1776171216.185,216.185,0.71,33.44,0.69,12.2,0.68,11.9,0.67,11.8,0.66,11.6,0.82,17.6,0.83,18.39,0.84,19.3,0.85,20.39,0.86,21.6,0.18,17.6,0.17,18.39,0.16,19.3,0.15,20.39,0.14,21.6,0.29,33.44,0.31,12.2,0.32,11.9,0.33,11.8,0.34,11.6,0.11,0.11,0.093979,1776171215000
1776171217.276,217.276,0.71,33.44,0.69,12.2,0.68,11.9,0.67,11.8,0.66,11.6,0.82,17.6,0.83,18.39,0.84,19.3,0.85,20.39,0.86,21.6,0.18,17.6,0.17,18.39,0.16,19.3,0.15,20.39,0.14,21.6,0.29,33.44,0.31,12.2,0.32,11.9,0.33,11.8,0.34,11.6,0.11,0.11,0.093976,1776171216000
1776171218.224,218.224,0.66,11.6,0.65,11.4,0.64,21.3,0.63,11.2,0.62,11.0,0.8,13.14,0.81,16.89,0.82,17.6,0.83,18.39,0.84,19.3,0.18,17.6,0.17,18.39,0.16,19.3,0.15,20.39,0.14,21.6,0.29,33.44,0.31,12.2,0.32,11.9,0.33,11.8,0.34,11.6,0.14,0.11,0.093976,1776171216000
1776171219.176,219.176,0.66,11.6,0.65,11.4,0.64,21.3,0.63,11.2,0.62,11.0,0.8,13.14,0.81,16.89,0.82,17.6,0.83,18.39,0.84,19.3,0.2,13.14,0.19,16.89,0.18,17.6,0.17,18.39,0.16,19.3,0.34,11.6,0.35,11.4,0.36,21.3,0.37,11.2,0.38,11.0,0.14,0.14,0.093977,1776171218000
1776171220.242,220.242,0.66,11.6,0.65,11.4,0.64,21.3,0.63,11.2,0.62,11.0,0.8,13.14,0.81,16.89,0.82,17.6,0.83,18.39,0.84,19.3,0.2,13.14,0.19,16.89,0.18,17.6,0.17,18.39,0.16,19.3,0.34,11.6,0.35,11.4,0.36,21.3,0.37,11.2,0.38,11.0,0.14,0.14,0.093977,1776171219000
1776171221.267,221.267,0.66,11.6,0.65,11.4,0.64,21.3,0.63,11.2,0.62,11.0,0.8,13.14,0.81,16.89,0.82,17.6,0.83,18.39,0.84,19.3,0.2,13.14,0.19,16.89,0.18,17.6,0.17,18.39,0.16,19.3,0.34,11.6,0.35,11.4,0.36,21.3,0.37,11.2,0.38,11.0,0.14,0.14,0.093977,1776171220000
1776171222.199,222.199,0.66,11.6,0.65,11.4,0.64,21.3,0.63,11.2,0.62,11.0,0.8,13.14,0.81,16.89,0.82,17.6,0.83,18.39,0.84,19.3,0.2,13.14,0.19,16.89,0.18,17.6,0.17,18.39,0.16,19.3,0.34,11.6,0.35,11.4,0.36,21.3,0.37,11.2,0.38,11.0,0.14,0.14,0.093979,1776171221000
1776171223.233,223.233,0.66,11.6,0.65,11.4,0.64,21.3,0.63,11.2,0.62,11.0,0.8,13.14,0.81,16.89,0.82,17.6,0.83,18.39,0.84,19.3,0.2,13.14,0.19,16.89,0.18,17.6,0.17,18.39,0.16,19.3,0.34,11.6,0.35,11.4,0.36,21.3,0.37,11.2,0.38,11.0,0.14,0.14,0.093979,1776171222000
1776171224.195,224.195,0.66,11.6,0.65,11.4,0.64,21.3,0.63,11.2,0.62,11.0,0.8,13.14,0.81,16.89,0.82,17.6,0.83,18.39,0.84,19.3,0.2,13.14,0.19,16.89,0.18,17.6,0.17,18.39,0.16,19.3,0.34,11.6,0.35,11.4,0.36,21.3,0.37,11.2,0.38,11.0,0.14,0.14,0.093981,1776171223000
1776171225.176,225.176,0.66,11.6,0.65,11.4,0.64,21.3,0.63,11.2,0.62,11.0,0.8,13.14,0.81,16.89,0.82,17.6,0.83,18.39,0.84,19.3,0.2,13.14,0.19,16.89,0.18,17.6,0.17,18.39,0.16,19.3,0.34,11.6,0.35,11.4,0.36,21.3,0.37,11.2,0.38,11.0,0.14,0.14,0.093981,1776171224000
1776171226.079,226.079,0.66,11.6,0.65,11.4,0.64,21.3,0.63,11.2,0.62,11.0,0.8,13.14,0.81,16.89,0.82,17.6,0.83,18.39,0.84,19.3,0.2,13.14,0.19,16.89,0.18,17.6,0.17,18.39,0.16,19.3,0.34,11.6,0.35,11.4,0.36,21.3,0.37,11.2,0.38,11.0,0.14,0.14,0.093981,1776171225000
1776171227.083,227.083,0.66,11.6,0.65,11.4,0.64,21.3,0.63,11.2,0.62,11.0,0.8,13.14,0.81,16.89,0.82,17.6,0.83,18.39,0.84,19.3,0.2,13.14,0.19,16.89,0.18,17.6,0.17,18.39,0.16,19.3,0.34,11.6,0.35,11.4,0.36,21.3,0.37,11.2,0.38,11.0,0.14,0.14,0.093981,1776171226000
1776171228.481,228.481,0.66,11.6,0.65,11.4,0.64,21.3,0.63,11.2,0.62,11.0,0.8,13.14,0.81,16.89,0.82,17.6,0.83,18.39,0.84,19.3,0.2,13.14,0.19,16.89,0.18,17.6,0.17,18.39,0.16,19.3,0.34,11.6,0.35,11.4,0.36,21.3,0.37,11.2,0.38,11.0,0.14,0.14,0.093981,1776171227000
1776171229.009,229.009,0.66,11.6,0.65,11.4,0.64,21.3,0.63,11.2,0.62,11.0,0.8,13.14,0.81,16.89,0.82,17.6,0.83,18.39,0.84,19.3,0.2,13.14,0.19,16.89,0.18,17.6,0.17,18.39,0.16,19.3,0.34,11.6,0.35,11.4,0.36,21.3,0.37,11.2,0.38,11.0,0.14,0.14,0.093981,1776171228000
1776171230.001,230.001,0.66,11.6,0.65,11.4,0.64,21.3,0.63,11.2,0.62,11.0,0.8,13.14,0.81,16.89,0.82,17.6,0.83,18.39,0.84,19.3,0.2,13.14,0.19,16.89,0.18,17.6,0.17,18.39,0.16,19.3,0.34,11.6,0.35,11.4,0.36,21.3,0.37,11.2,0.38,11.0,0.14,0.14,0.093981,1776171229000
1776171231.014,231.014,0.66,11.6,0.65,11.4,0.64,21.3,0.63,11.2,0.62,11.0,0.8,13.14,0.81,16.89,0.82,17.6,0.83,18.39,0.84,19.3,0.2,13.14,0.19,16.89,0.18,17.6,0.17,18.39,0.16,19.3,0.34,11.6,0.35,11.4,0.36,21.3,0.37,11.2,0.38,11.0,0.14,0.14,0.093981,1776171230000
1776171232.051,232.051,0.66,11.6,0.65,11.4,0.64,21.3,0.63,11.2,0.62,11.0,0.8,13.14,0.81,16.89,0.82,17.6,0.83,18.39,0.84,19.3,0.2,13.14,0.19,16.89,0.18,17.6,0.17,18.39,0.16,19.3,0.34,11.6,0.35,11.4,0.36,21.3,0.37,11.2,0.38,11.0,0.14,0.14,0.093981,1776171231000
1776171233.001,233.001,0.66,11.6,0.65,11.4,0.64,21.3,0.63,11.2,0.62,11.0,0.8,13.14,0.81,16.89,0.82,17.6,0.83,18.39,0.84,19.3,0.2,13.14,0.19,16.89,0.18,17.6,0.17,18.39,0.16,19.3,0.34,11.6,0.35,11.4,0.36,21.3,0.37,11.2,0.38,11.0,0.14,0.14,0.093981,1776171232000
1776171233.334,233.334,0.61,5.0,0.55,5.0,0.51,5.0,0.5,10.4,0.49,10.4,0.71,50.0,0.81,66.89,0.82,17.6,0.83,18.39,0.84,19.3,0.2,13.14,0.19,16.89,0.18,17.6,0.17,18.39,0.16,19.3,0.34,11.6,0.35,11.4,0.36,21.3,0.37,11.2,0.38,11.0,0.1,0.14,0.093981,1776171232000
1776171234.014,234.014,0.61,5.0,0.55,5.0,0.51,5.0,0.5,10.4,0.49,10.4,0.71,50.0,0.81,66.89,0.82,17.6,0.83,18.39,0.84,19.3,0.29,50.0,0.19,66.89,0.18,17.6,0.17,18.39,0.16,19.3,0.39,5.0,0.45,5.0,0.49,5.0,0.5,10.4,0.51,10.4,0.1,0.1,0.093977,1776171233000
1776171235.026,235.026,0.61,5.0,0.55,5.0,0.51,5.0,0.5,10.4,0.49,10.4,0.71,50.0,0.81,66.89,0.82,17.6,0.83,18.39,0.84,19.3,0.29,50.0,0.19,66.89,0.18,17.6,0.17,18.39,0.16,19.3,0.39,5.0,0.45,5.0,0.49,5.0,0.5,10.4,0.51,10.4,0.1,0.1,0.093961,1776171234000
1776171236.078,236.078,0.61,5.0,0.55,5.0,0.51,5.0,0.5,10.4,0.49,10.4,0.71,50.0,0.81,66.89,0.82,17.6,0.83,18.39,0.84,19.3,0.29,50.0,0.19,66.89,0.18,17.6,0.17,18.39,0.16,19.3,0.39,5.0,0.45,5.0,0.49,5.0,0.5,10.4,0.51,10.4,0.1,0.1,0.093957,1776171235000
1776171236.401,236.401,0.81,65.0,0.72,6.0,0.71,50.0,0.69,5.0,0.61,50.0,0.91,28.43,0.92,35.29,0.93,239.9,0.94,46.1,0.95,54.7,0.29,50.0,0.19,66.89,0.18,17.6,0.17,18.39,0.16,19.3,0.39,5.0,0.45,5.0,0.49,5.0,0.5,10.4,0.51,10.4,0.1,0.1,0.093957,1776171235000
1776171236.656,236.656,0.71,50.0,0.61,50.0,0.55,5.0,0.52,10.4,0.51,65.4,0.81,18.87,0.91,25.16,0.92,35.29,0.93,239.9,0.94,46.1,0.09,25.16,0.08,35.29,0.07,239.9,0.06,46.1,0.05,54.7,0.19,65.0,0.28,6.0,0.29,50.0,0.31,5.0,0.39,50.0,0.1,0.1,0.093957,1776171235000
1776171236.862,236.862,0.71,50.0,0.61,50.0,0.55,5.0,0.52,10.4,0.51,65.4,0.81,18.87,0.91,25.16,0.92,35.29,0.93,239.9,0.94,46.1,0.19,18.87,0.09,25.16,0.08,35.29,0.07,239.9,0.06,46.1,0.29,50.0,0.39,50.0,0.45,5.0,0.48,10.4,0.49,65.4,0.1,0.1,0.093957,1776171236000
1776171237.246,237.246,0.8,31.0,0.73,10.0,0.71,50.0,0.61,50.0,0.55,5.0,0.81,3.3,0.91,25.16,0.92,48.29,0.93,239.9,0.94,46.1,0.19,8.3,0.09,25.16,0.08,48.29,0.07,239.9,0.06,46.1,0.2,5.0,0.26,10.0,0.29,50.0,0.39,50.0,0.45,5.0,0.01,0.01,0.093957,1776171236000
1776171237.449,237.449,0.8,31.0,0.71,60.0,0.61,50.0,0.55,5.0,0.53,10.4,0.81,2.08,0.91,25.16,0.92,35.29,0.93,239.9,0.94,46.1,0.19,3.3,0.09,25.16,0.08,48.29,0.07,239.9,0.06,46.1,0.2,31.0,0.27,10.0,0.29,50.0,0.39,50.0,0.45,5.0,0.01,0.01,0.093957,1776171236000
1776171237.777,237.777,0.8,31.0,0.71,60.0,0.61,50.0,0.55,5.0,0.54,10.5,0.81,0.86,0.9,5.0,0.91,25.16,0.92,35.29,0.93,239.9,0.19,2.08,0.09,25.16,0.08,35.29,0.07,239.9,0.06,46.1,0.2,31.0,0.29,60.0,0.39,50.0,0.45,5.0,0.47,10.4,0.01,0.01,0.093957,1776171236000
1776171238.096,238.096,0.8,1.18,0.71,60.0,0.61,50.0,0.55,5.0,0.54,10.5,0.81,0.86,0.9,5.0,0.91,25.16,0.92,35.29,0.93,239.9,0.19,0.86,0.1,5.0,0.09,25.16,0.08,35.29,0.07,239.9,0.2,31.0,0.29,60.0,0.39,50.0,0.45,5.0,0.46,10.5,0.01,0.01,0.093957,1776171237000
1776171238.822,238.822,0.8,1.18,0.71,60.0,0.61,50.0,0.55,5.0,0.54,10.5,0.81,0.86,0.9,5.0,0.91,25.16,0.92,35.29,0.93,239.9,0.19,0.86,0.1,5.0,0.09,25.16,0.08,35.29,0.07,239.9,0.2,1.18,0.29,60.0,0.39,50.0,0.45,5.0,0.46,10.5,0.01,0.01,0.094011,1776171238000
1776171239.215,239.215,0.71,50.0,0.61,50.0,0.57,10.6,0.56,10.6,0.55,15.5,0.91,25.16,0.92,35.29,0.93,239.9,0.94,46.1,0.95,54.7,0.19,0.86,0.1,5.0,0.09,25.16,0.08,35.29,0.07,239.9,0.2,1.18,0.29,60.0,0.39,50.0,0.45,5.0,0.46,10.5,0.2,0.01,0.094011,1776171238000
1776171240.288,240.288,0.71,50.0,0.61,50.0,0.57,10.6,0.56,10.6,0.55,15.5,0.91,25.16,0.92,35.29,0.93,239.9,0.94,46.1,0.95,54.7,0.09,25.16,0.08,35.29,0.07,239.9,0.06,46.1,0.05,54.7,0.29,50.0,0.39,50.0,0.43,10.6,0.44,10.6,0.45,15.5,0.2,0.2,0.094012,1776171239000
1776171241.051,241.051,0.82,5.0,0.71,50.0,0.7,10.0,0.69,7.0,0.61,50.0,0.93,71.0,0.94,46.1,0.95,54.7,0.96,67.7,0.97,89.3,0.09,25.16,0.08,35.29,0.07,239.9,0.06,46.1,0.05,54.7,0.29,50.0,0.39,50.0,0.43,10.6,0.44,10.6,0.45,15.5,0.11,0.2,0.094012,1776171239000
1776171241.384,241.384,0.82,5.0,0.71,50.0,0.7,10.0,0.69,7.0,0.61,50.0,0.93,71.0,0.94,46.1,0.95,54.7,0.96,67.7,0.97,89.3,0.07,71.0,0.06,46.1,0.05,54.7,0.04,67.7,0.03,89.3,0.18,5.0,0.29,50.0,0.3,10.0,0.31,7.0,0.39,50.0,0.11,0.11,0.09401,1776171240000
1776171242.143,242.143,0.82,5.0,0.71,50.0,0.7,10.0,0.69,7.0,0.61,50.0,0.93,71.0,0.94,46.1,0.95,54.7,0.96,67.7,0.97,89.3,0.07,71.0,0.06,46.1,0.05,54.7,0.04,67.7,0.03,89.3,0.18,5.0,0.29,50.0,0.3,10.0,0.31,7.0,0.39,50.0,0.11,0.11,0.094007,1776171241000
1776171243.821,243.821,0.82,5.0,0.71,50.0,0.7,10.0,0.69,7.0,0.61,50.0,0.93,71.0,0.94,46.1,0.95,54.7,0.96,67.7,0.97,89.3,0.07,71.0,0.06,46.1,0.05,54.7,0.04,67.7,0.03,89.3,0.18,5.0,0.29,50.0,0.3,10.0,0.31,7.0,0.39,50.0,0.11,0.11,0.094013,1776171242000
1776171244.402,244.402,0.82,5.0,0.71,50.0,0.7,10.0,0.69,7.0,0.61,50.0,0.93,71.0,0.94,46.1,0.95,54.7,0.96,67.7,0.97,89.3,0.07,71.0,0.06,46.1,0.05,54.7,0.04,67.7,0.03,89.3,0.18,5.0,0.29,50.0,0.3,10.0,0.31,7.0,0.39,50.0,0.11,0.11,0.094013,1776171243000
1776171245.103,245.103,0.82,5.0,0.71,50.0,0.7,10.0,0.69,7.0,0.61,50.0,0.93,71.0,0.94,46.1,0.95,54.7,0.96,67.7,0.97,89.3,0.07,71.0,0.06,46.1,0.05,54.7,0.04,67.7,0.03,89.3,0.18,5.0,0.29,50.0,0.3,10.0,0.31,7.0,0.39,50.0,0.11,0.11,0.094013,1776171244000
1776171246.34,246.34,0.82,5.0,0.71,50.0,0.7,10.0,0.69,7.0,0.61,50.0,0.93,71.0,0.94,46.1,0.95,54.7,0.96,67.7,0.97,89.3,0.07,71.0,0.06,46.1,0.05,54.7,0.04,67.7,0.03,89.3,0.18,5.0,0.29,50.0,0.3,10.0,0.31,7.0,0.39,50.0,0.11,0.11,0.094012,1776171245000
1776171247.756,247.756,0.82,5.0,0.71,50.0,0.7,10.0,0.69,7.0,0.61,50.0,0.93,71.0,0.94,46.1,0.95,54.7,0.96,67.7,0.97,89.3,0.07,71.0,0.06,46.1,0.05,54.7,0.04,67.7,0.03,89.3,0.18,5.0,0.29,50.0,0.3,10.0,0.31,7.0,0.39,50.0,0.11,0.11,0.094012,1776171246000
1776171248.354,248.354,0.82,5.0,0.71,50.0,0.7,10.0,0.69,7.0,0.61,50.0,0.93,71.0,0.94,46.1,0.95,54.7,0.96,67.7,0.97,89.3,0.07,71.0,0.06,46.1,0.05,54.7,0.04,67.7,0.03,89.3,0.18,5.0,0.29,50.0,0.3,10.0,0.31,7.0,0.39,50.0,0.11,0.11,0.094012,1776171247000
1776171248.88,248.88,0.85,5.0,0.84,5.0,0.83,5.0,0.82,5.0,0.81,84.0,0.98,142.64,0.99,608.69,,,,,,,0.07,71.0,0.06,46.1,0.05,54.7,0.04,67.7,0.03,89.3,0.18,5.0,0.29,50.0,0.3,10.0,0.31,7.0,0.39,50.0,0.13,0.11,0.094012,1776171247000
1776171249.194,249.194,0.85,2.0,0.84,5.0,0.83,5.0,0.82,5.0,0.81,84.0,0.98,142.64,0.99,608.69,,,,,,,0.02,142.64,0.01,608.69,,,,,,,0.15,2.0,0.16,5.0,0.17,5.0,0.18,5.0,0.19,84.0,0.13,0.13,0.094012,1776171248000
1776171250.557,250.557,0.85,2.0,0.84,5.0,0.83,5.0,0.82,5.0,0.81,84.0,0.98,142.64,0.99,608.69,,,,,,,0.02,142.64,0.01,608.69,,,,,,,0.15,2.0,0.16,5.0,0.17,5.0,0.18,5.0,0.19,84.0,0.13,0.13,0.094013,1776171249000
1776171251.12,251.12,0.85,2.0,0.84,5.0,0.83,5.0,0.82,5.0,0.81,84.0,0.98,142.64,0.99,608.69,,,,,,,0.02,142.64,0.01,608.69,,,,,,,0.15,2.0,0.16,5.0,0.17,5.0,0.18,5.0,0.19,84.0,0.13,0.13,0.094039,1776171250000
1776171252.262,252.262,0.93,5.0,0.86,5.0,0.82,10.0,0.81,66.89,0.8,22.3,0.98,122.23,0.99,508.69,,,,,,,0.02,142.64,0.01,608.69,,,,,,,0.15,2.0,0.16,5.0,0.17,5.0,0.18,5.0,0.19,84.0,0.05,0.13,0.094039,1776171250000
1776171253.025,253.025,0.93,5.0,0.86,5.0,0.82,10.0,0.81,66.89,0.8,22.3,0.98,122.23,0.99,508.69,,,,,,,0.02,122.23,0.01,508.69,,,,,,,0.07,5.0,0.14,5.0,0.18,10.0,0.19,66.89,0.2,22.3,0.05,0.05,0.094042,1776171252000
1776171254.02,254.02,0.95,5.26,0.93,5.0,0.84,19.3,0.83,18.39,0.82,27.6,0.98,112.12,0.99,508.69,,,,,,,0.02,122.23,0.01,508.69,,,,,,,0.07,5.0,0.14,5.0,0.18,10.0,0.19,66.89,0.2,22.3,0.03,0.05,0.094042,1776171252000
1776171254.382,254.382,0.95,5.26,0.93,5.0,0.84,19.3,0.83,18.39,0.82,27.6,0.98,112.12,0.99,508.69,,,,,,,0.02,112.12,0.01,508.69,,,,,,,0.05,5.26,0.07,5.0,0.16,19.3,0.17,18.39,0.18,27.6,0.03,0.03,0.094041,1776171253000
1776171255.608,255.608,0.95,5.26,0.93,5.0,0.84,19.3,0.83,18.39,0.82,27.6,0.98,112.12,0.99,508.69,,,,,,,0.02,112.12,0.01,508.69,,,,,,,0.05,5.26,0.07,5.0,0.16,19.3,0.17,18.39,0.18,27.6,0.03,0.03,0.09404,1776171254000
1776171256.272,256.272,0.95,5.26,0.93,5.0,0.84,19.3,0.83,18.39,0.82,27.6,0.98,112.12,0.99,508.69,,,,,,,0.02,112.12,0.01,508.69,,,,,,,0.05,5.26,0.07,5.0,0.16,19.3,0.17,18.39,0.18,27.6,0.03,0.03,0.09404,1776171255000
1776171257.729,257.729,0.95,5.26,0.93,5.0,0.84,19.3,0.83,18.39,0.82,27.6,0.98,112.12,0.99,508.69,,,,,,,0.02,112.12,0.01,508.69,,,,,,,0.05,5.26,0.07,5.0,0.16,19.3,0.17,18.39,0.18,27.6,0.03,0.03,0.09404,1776171256000
1776171258.945,258.945,0.95,5.26,0.93,5.0,0.84,19.3,0.83,18.39,0.82,27.6,0.98,112.12,0.99,508.69,,,,,,,0.02,112.12,0.01,508.69,,,,,,,0.05,5.26,0.07,5.0,0.16,19.3,0.17,18.39,0.18,27.6,0.03,0.03,0.09404,1776171257000
1776171259.587,259.587,0.95,5.26,0.93,5.0,0.84,19.3,0.83,18.39,0.82,27.6,0.98,112.12,0.99,508.69,,,,,,,0.02,112.12,0.01,508.69,,,,,,,0.05,5.26,0.07,5.0,0.16,19.3,0.17,18.39,0.18,27.6,0.03,0.03,0.094039,1776171258000
1776171260.244,260.244,0.95,5.26,0.93,5.0,0.84,19.3,0.83,18.39,0.82,27.6,0.98,112.12,0.99,508.69,,,,,,,0.02,112.12,0.01,508.69,,,,,,,0.05,5.26,0.07,5.0,0.16,19.3,0.17,18.39,0.18,27.6,0.03,0.03,0.09404,1776171259000
1776171261.045,261.045,0.97,89.3,0.96,67.7,0.95,54.7,0.94,46.1,0.93,39.9,0.99,498.64,,,,,,,,,0.01,503.64,,,,,,,,,0.04,67.7,0.05,54.7,0.06,46.1,0.07,39.9,0.08,35.29,0.02,0.03,0.09404,1776171259000
1776171261.372,261.372,0.97,89.3,0.96,67.7,0.95,54.7,0.94,46.1,0.93,39.9,0.99,496.87,,,,,,,,,0.01,496.87,,,,,,,,,0.03,89.3,0.04,67.7,0.05,54.7,0.06,46.1,0.07,39.9,0.02,0.02,0.094044,1776171260000
1776171262.038,262.038,0.96,67.7,0.95,54.7,0.94,46.1,0.93,39.9,0.92,35.29,0.99,445.87,,,,,,,,,0.01,496.87,,,,,,,,,0.03,89.3,0.04,67.7,0.05,54.7,0.06,46.1,0.07,39.9,0.03,0.02,0.094044,1776171260000
1776171262.573,262.573,0.96,67.7,0.95,54.7,0.94,46.1,0.93,39.9,0.92,35.29,0.99,445.87,,,,,,,,,0.01,445.87,,,,,,,,,0.04,67.7,0.05,54.7,0.06,46.1,0.07,39.9,0.08,35.29,0.03,0.03,0.094047,1776171261000
1776171263.025,263.025,0.96,67.7,0.95,54.7,0.94,46.1,0.93,39.9,0.92,35.29,0.99,445.87,,,,,,,,,0.01,445.87,,,,,,,,,0.04,67.7,0.05,54.7,0.06,46.1,0.07,39.9,0.08,35.29,0.03,0.03,0.094047,1776171262000
1776171264.18,264.18,0.96,67.7,0.95,54.7,0.94,46.1,0.93,39.9,0.92,35.29,0.99,445.87,,,,,,,,,0.01,445.87,,,,,,,,,0.04,67.7,0.05,54.7,0.06,46.1,0.07,39.9,0.08,35.29,0.03,0.03,0.094044,1776171263000
1776171264.4,264.4,0.98,132.69,0.97,89.3,0.96,67.7,0.95,54.7,0.94,46.1,0.99,102.25,,,,,,,,,0.01,445.87,,,,,,,,,0.04,67.7,0.05,54.7,0.06,46.1,0.07,39.9,0.08,35.29,0.01,0.03,0.094044,1776171263000
1776171265.446,265.446,0.98,132.69,0.97,89.3,0.96,67.7,0.95,54.7,0.94,46.1,0.99,102.25,,,,,,,,,0.01,102.25,,,,,,,,,0.02,132.69,0.03,89.3,0.04,67.7,0.05,54.7,0.06,46.1,0.01,0.01,0.094046,1776171264000
1776171265.76,265.76,0.98,132.69,0.97,89.3,0.96,67.7,0.95,54.7,0.94,56.1,0.99,91.49,,,,,,,,,0.01,102.25,,,,,,,,,0.02,132.69,0.03,89.3,0.04,67.7,0.05,54.7,0.06,46.1,0.01,0.01,0.094046,1776171264000
1776171266.127,266.127,0.99,908.51,0.98,132.69,0.97,89.3,0.96,67.7,0.95,64.7,,,,,,,,,,,0.01,91.49,,,,,,,,,0.02,132.69,0.03,89.3,0.04,67.7,0.05,54.7,0.06,56.1,,0.01,0.094046,1776171265000
1776171267.233,267.233,0.99,908.51,0.98,132.69,0.97,89.3,0.96,67.7,0.95,64.7,,,,,,,,,,,,,,,,,,,,,0.01,908.51,0.02,132.69,0.03,89.3,0.04,67.7,0.05,64.7,,,0.094063,1776171266000
1776171268.411,268.411,0.99,1196.39,0.98,132.69,0.97,89.3,0.96,67.7,0.95,64.7,,,,,,,,,,,,,,,,,,,,,0.01,1196.39,0.02,132.69,0.03,89.3,0.04,67.7,0.05,64.7,,,0.094078,1776171267000
1776171268.911,268.911,0.99,1196.39,0.98,132.69,0.97,89.3,0.96,67.7,0.95,64.7,,,,,,,,,,,,,,,,,,,,,0.01,1196.39,0.02,132.69,0.03,89.3,0.04,67.7,0.05,64.7,,,0.094078,1776171268000
1776171270.097,270.097,0.99,1196.39,0.98,132.69,0.97,89.3,0.96,67.7,0.95,64.7,,,,,,,,,,,,,,,,,,,,,0.01,1196.39,0.02,132.69,0.03,89.3,0.04,67.7,0.05,64.7,,,0.094077,1776171269000
1776171271.233,271.233,0.99,1196.39,0.98,132.69,0.97,89.3,0.96,67.7,0.95,64.7,,,,,,,,,,,,,,,,,,,,,0.01,1196.39,0.02,132.69,0.03,89.3,0.04,67.7,0.05,64.7,,,0.094107,1776171270000
1776171272.37,272.37,0.99,1196.39,0.98,132.69,0.97,89.3,0.96,67.7,0.95,64.7,,,,,,,,,,,,,,,,,,,,,0.01,1196.39,0.02,132.69,0.03,89.3,0.04,67.7,0.05,64.7,,,0.094112,1776171271000
1776171273.058,273.058,0.99,1196.39,0.98,132.69,0.97,89.3,0.96,67.7,0.95,64.7,,,,,,,,,,,,,,,,,,,,,0.01,1196.39,0.02,132.69,0.03,89.3,0.04,67.7,0.05,64.7,,,0.094115,1776171272000
1776171274.122,274.122,0.99,1196.39,0.98,132.69,0.97,89.3,0.96,67.7,0.95,64.7,,,,,,,,,,,,,,,,,,,,,0.01,1196.39,0.02,132.69,0.03,89.3,0.04,67.7,0.05,64.7,,,0.094114,1776171273000
1776171275.483,275.483,0.99,1196.39,0.98,132.69,0.97,89.3,0.96,67.7,0.95,64.7,,,,,,,,,,,,,,,,,,,,,0.01,1196.39,0.02,132.69,0.03,89.3,0.04,67.7,0.05,64.7,,,0.094109,1776171274000
1776171276.294,276.294,0.99,1196.39,0.98,132.69,0.97,89.3,0.96,67.7,0.95,64.7,,,,,,,,,,,,,,,,,,,,,0.01,1196.39,0.02,132.69,0.03,89.3,0.04,67.7,0.05,64.7,,,0.09411,1776171275000
1776171277.495,277.495,0.99,1196.39,0.98,132.69,0.97,89.3,0.96,67.7,0.95,64.7,,,,,,,,,,,,,,,,,,,,,0.01,1196.39,0.02,132.69,0.03,89.3,0.04,67.7,0.05,64.7,,,0.09411,1776171276000
1776171278.146,278.146,0.99,1196.39,0.98,132.69,0.97,89.3,0.96,67.7,0.95,64.7,,,,,,,,,,,,,,,,,,,,,0.01,1196.39,0.02,132.69,0.03,89.3,0.04,67.7,0.05,64.7,,,0.09411,1776171277000
1776171279.489,279.489,0.99,1196.39,0.98,132.69,0.97,89.3,0.96,67.7,0.95,64.7,,,,,,,,,,,,,,,,,,,,,0.01,1196.39,0.02,132.69,0.03,89.3,0.04,67.7,0.05,64.7,,,0.09411,1776171278000
1776171280.072,280.072,0.99,1196.39,0.98,132.69,0.97,89.3,0.96,67.7,0.95,64.7,,,,,,,,,,,,,,,,,,,,,0.01,1196.39,0.02,132.69,0.03,89.3,0.04,67.7,0.05,64.7,,,0.094113,1776171279000
1776171281.437,281.437,0.99,3536.09,0.88,5.0,0.81,50.0,0.71,50.0,0.61,50.0,,,,,,,,,,,,,,,,,,,,,0.01,3536.09,0.12,5.0,0.19,50.0,0.29,50.0,0.39,50.0,,,0.094116,1776171280000
1776171282.089,282.089,0.99,3536.09,0.88,5.0,0.81,50.0,0.71,50.0,0.61,50.0,,,,,,,,,,,,,,,,,,,,,0.01,3536.09,0.12,5.0,0.19,50.0,0.29,50.0,0.39,50.0,,,0.094119,1776171281000
1776171283.402,283.402,0.99,3536.09,0.88,5.0,0.81,50.0,0.71,50.0,0.61,50.0,,,,,,,,,,,,,,,,,,,,,0.01,3536.09,0.12,5.0,0.19,50.0,0.29,50.0,0.39,50.0,,,0.09412,1776171282000
1776171284.046,284.046,0.99,3536.09,0.88,5.0,0.81,50.0,0.71,50.0,0.61,50.0,,,,,,,,,,,,,,,,,,,,,0.01,3536.09,0.12,5.0,0.19,50.0,0.29,50.0,0.39,50.0,,,0.09412,1776171283000
1776171285.351,285.351,0.99,3536.09,0.88,5.0,0.81,50.0,0.71,50.0,0.61,50.0,,,,,,,,,,,,,,,,,,,,,0.01,3536.09,0.12,5.0,0.19,50.0,0.29,50.0,0.39,50.0,,,0.09412,1776171284000
1776171286.297,286.297,0.99,3536.09,0.88,5.0,0.81,50.0,0.71,50.0,0.61,50.0,,,,,,,,,,,,,,,,,,,,,0.01,3536.09,0.12,5.0,0.19,50.0,0.29,50.0,0.39,50.0,,,0.094123,1776171285000
1776171287.479,287.479,0.99,3536.09,0.88,5.0,0.81,50.0,0.71,50.0,0.61,50.0,,,,,,,,,,,,,,,,,,,,,0.01,3536.09,0.12,5.0,0.19,50.0,0.29,50.0,0.39,50.0,,,0.094123,1776171286000
1776171288.187,288.187,0.99,3536.09,0.88,5.0,0.81,50.0,0.71,50.0,0.61,50.0,,,,,,,,,,,,,,,,,,,,,0.01,3536.09,0.12,5.0,0.19,50.0,0.29,50.0,0.39,50.0,,,0.094123,1776171287000
1776171289.588,289.588,0.99,3536.09,0.88,5.0,0.81,50.0,0.71,50.0,0.61,50.0,,,,,,,,,,,,,,,,,,,,,0.01,3536.09,0.12,5.0,0.19,50.0,0.29,50.0,0.39,50.0,,,0.094125,1776171288000
1776171290.265,290.265,0.99,3536.09,0.88,5.0,0.81,50.0,0.71,50.0,0.61,50.0,,,,,,,,,,,,,,,,,,,,,0.01,3536.09,0.12,5.0,0.19,50.0,0.29,50.0,0.39,50.0,,,0.094127,1776171289000
1776171291.25,291.25,0.99,3536.09,0.88,5.0,0.81,50.0,0.71,50.0,0.61,50.0,,,,,,,,,,,,,,,,,,,,,0.01,3536.09,0.12,5.0,0.19,50.0,0.29,50.0,0.39,50.0,,,0.094132,1776171290000
1776171292.936,292.936,0.99,3536.09,0.88,5.0,0.81,50.0,0.71,50.0,0.61,50.0,,,,,,,,,,,,,,,,,,,,,0.01,3536.09,0.12,5.0,0.19,50.0,0.29,50.0,0.39,50.0,,,0.094135,1776171291000
1776171293.592,293.592,0.99,3536.09,0.88,5.0,0.81,50.0,0.71,50.0,0.61,50.0,,,,,,,,,,,,,,,,,,,,,0.01,3536.09,0.12,5.0,0.19,50.0,0.29,50.0,0.39,50.0,,,0.094135,1776171292000
1776171294.284,294.284,0.99,3536.09,0.88,5.0,0.81,50.0,0.71,50.0,0.61,50.0,,,,,,,,,,,,,,,,,,,,,0.01,3536.09,0.12,5.0,0.19,50.0,0.29,50.0,0.39,50.0,,,0.094132,1776171293000
1776171295.482,295.482,0.99,3536.09,0.88,5.0,0.81,50.0,0.71,50.0,0.61,50.0,,,,,,,,,,,,,,,,,,,,,0.01,3536.09,0.12,5.0,0.19,50.0,0.29,50.0,0.39,50.0,,,0.094131,1776171294000
1776171296.136,296.136,0.99,3536.09,0.88,5.0,0.81,50.0,0.71,50.0,0.61,50.0,,,,,,,,,,,,,,,,,,,,,0.01,3536.09,0.12,5.0,0.19,50.0,0.29,50.0,0.39,50.0,,,0.094133,1776171295000
1776171297.4,297.4,0.99,3536.09,0.88,5.0,0.81,50.0,0.71,50.0,0.61,50.0,,,,,,,,,,,,,,,,,,,,,0.01,3536.09,0.12,5.0,0.19,50.0,0.29,50.0,0.39,50.0,,,0.094136,1776171296000
1776171298.14,298.14,0.99,3536.09,0.88,5.0,0.81,50.0,0.71,50.0,0.61,50.0,,,,,,,,,,,,,,,,,,,,,0.01,3536.09,0.12,5.0,0.19,50.0,0.29,50.0,0.39,50.0,,,0.094135,1776171297000
1776171299.265,299.265,0.99,3536.09,0.88,5.0,0.81,50.0,0.71,50.0,0.61,50.0,,,,,,,,,,,,,,,,,,,,,0.01,3536.09,0.12,5.0,0.19,50.0,0.29,50.0,0.39,50.0,,,0.094141,1776171298000
1776171300.619,300.619,0.99,3536.09,0.88,5.0,0.81,50.0,0.71,50.0,0.61,50.0,,,,,,,,,,,,,,,,,,,,,0.01,3536.09,0.12,5.0,0.19,50.0,0.29,50.0,0.39,50.0,,,0.094138,1776171299000

# RESULT,winner=Up,slug=doge-updown-5m-1776171000,ticks=303
