timestamp,elapsed_sec,up_bid_p1,up_bid_s1,up_bid_p2,up_bid_s2,up_ask_p1,up_ask_s1,up_ask_p2,up_ask_s2,down_bid_p1,down_bid_s1,down_bid_p2,down_bid_s2,down_ask_p1,down_ask_s1,down_ask_p2,down_ask_s2,up_spread,down_spread,doge_price,doge_oracle_ts
1776206701.358,1.358,,,,,,,,,,,,,,,,,,,0.092728,1776206700000
1776206701.707,1.707,0.51,5.0,0.33,300.0,0.67,300.0,0.69,375.0,0.33,300.0,0.31,375.0,0.49,5.0,0.67,300.0,0.16,0.16,0.092728,1776206700000
1776206702.287,2.287,0.51,5.0,0.33,300.0,0.67,300.0,0.69,375.0,0.33,300.0,0.31,375.0,0.49,5.0,0.67,300.0,0.16,0.16,0.092728,1776206701000
1776206703.913,3.913,0.51,5.0,0.33,300.0,0.67,300.0,0.69,375.0,0.33,300.0,0.31,375.0,0.49,5.0,0.67,300.0,0.16,0.16,0.092729,1776206703000
1776206705.154,5.154,0.51,5.0,0.33,300.0,0.67,300.0,0.69,375.0,0.33,300.0,0.31,375.0,0.49,5.0,0.67,300.0,0.16,0.16,0.09273,1776206704000
1776206706.285,6.285,0.51,5.0,0.33,300.0,0.67,300.0,0.69,375.0,0.33,300.0,0.31,375.0,0.49,5.0,0.67,300.0,0.16,0.16,0.092728,1776206705000
1776206707.361,7.361,0.51,5.0,0.33,300.0,0.67,300.0,0.69,375.0,0.33,300.0,0.31,375.0,0.49,5.0,0.67,300.0,0.16,0.16,0.092729,1776206706000
1776206707.958,7.958,0.51,5.0,0.33,300.0,0.67,300.0,0.69,375.0,0.33,300.0,0.31,375.0,0.49,5.0,0.67,300.0,0.16,0.16,0.092729,1776206707000
1776206709.005,9.005,0.51,5.0,0.33,300.0,0.67,300.0,0.69,375.0,0.33,300.0,0.31,375.0,0.49,5.0,0.67,300.0,0.16,0.16,0.092729,1776206708000
1776206710.016,10.016,0.51,5.0,0.33,300.0,0.67,300.0,0.69,375.0,0.33,300.0,0.31,375.0,0.49,5.0,0.67,300.0,0.16,0.16,0.092729,1776206709000
1776206711.137,11.137,0.51,5.0,0.33,300.0,0.67,300.0,0.69,375.0,0.33,300.0,0.31,375.0,0.49,5.0,0.67,300.0,0.16,0.16,0.092728,1776206710000
1776206713.013,13.013,0.43,10.0,0.4,20.0,0.54,5.0,0.61,60.0,0.46,5.0,0.39,60.0,0.57,10.0,0.6,20.0,0.11,0.11,0.092729,1776206711000
1776206713.591,13.591,0.43,10.0,0.4,20.0,0.54,5.0,0.61,60.0,0.46,5.0,0.39,60.0,0.57,10.0,0.6,20.0,0.11,0.11,0.092729,1776206712000
1776206714.174,14.174,0.43,10.0,0.4,20.0,0.54,5.0,0.61,60.0,0.46,5.0,0.39,60.0,0.57,10.0,0.6,20.0,0.11,0.11,0.092729,1776206713000
1776206715.994,15.994,0.43,10.0,0.4,20.0,0.54,5.0,0.61,60.0,0.46,5.0,0.39,60.0,0.57,10.0,0.6,20.0,0.11,0.11,0.092729,1776206714000
1776206716.834,16.834,0.43,10.0,0.4,20.0,0.54,5.0,0.61,60.0,0.46,5.0,0.39,60.0,0.57,10.0,0.6,20.0,0.11,0.11,0.092729,1776206715000
1776206717.568,17.568,0.43,10.0,0.4,20.0,0.54,5.0,0.61,60.0,0.46,5.0,0.39,60.0,0.57,10.0,0.6,20.0,0.11,0.11,0.092729,1776206716000
1776206718.234,18.234,0.43,10.0,0.4,20.0,0.54,5.0,0.61,60.0,0.46,5.0,0.39,60.0,0.57,10.0,0.6,20.0,0.11,0.11,0.092729,1776206717000
1776206719.077,19.077,0.43,10.0,0.4,20.0,0.54,5.0,0.61,60.0,0.46,5.0,0.39,60.0,0.57,10.0,0.6,20.0,0.11,0.11,0.092729,1776206718000
1776206720.33,20.33,0.43,10.0,0.4,20.0,0.54,5.0,0.61,60.0,0.46,5.0,0.39,60.0,0.57,10.0,0.6,20.0,0.11,0.11,0.09274,1776206719000
1776206721.18,21.18,0.43,10.0,0.4,20.0,0.54,5.0,0.61,60.0,0.46,5.0,0.39,60.0,0.57,10.0,0.6,20.0,0.11,0.11,0.092752,1776206720000
1776206722.802,22.802,0.43,10.0,0.4,20.0,0.54,5.0,0.61,60.0,0.46,5.0,0.39,60.0,0.57,10.0,0.6,20.0,0.11,0.11,0.092756,1776206721000
1776206723.398,23.398,0.43,10.0,0.4,20.0,0.54,5.0,0.61,60.0,0.46,5.0,0.39,60.0,0.57,10.0,0.6,20.0,0.11,0.11,0.092759,1776206722000
1776206724.202,24.202,0.43,10.0,0.4,20.0,0.54,5.0,0.61,60.0,0.46,5.0,0.39,60.0,0.57,10.0,0.6,20.0,0.11,0.11,0.092763,1776206723000
1776206725.566,25.566,0.43,10.0,0.4,20.0,0.54,5.0,0.61,60.0,0.46,5.0,0.39,60.0,0.57,10.0,0.6,20.0,0.11,0.11,0.092777,1776206724000
1776206726.392,26.392,0.43,10.0,0.4,20.0,0.54,5.0,0.61,60.0,0.46,5.0,0.39,60.0,0.57,10.0,0.6,20.0,0.11,0.11,0.092785,1776206725000
1776206727.205,27.205,0.43,10.0,0.4,20.0,0.54,5.0,0.61,60.0,0.46,5.0,0.39,60.0,0.57,10.0,0.6,20.0,0.11,0.11,0.092788,1776206726000
1776206728.192,28.192,0.62,5.0,0.6,5.0,0.73,5.0,0.76,20.0,0.46,5.0,0.39,60.0,0.57,10.0,0.6,20.0,0.11,0.11,0.092788,1776206726000
1776206728.812,28.812,0.62,5.0,0.6,5.0,0.73,5.0,0.76,20.0,0.27,5.0,0.24,20.0,0.38,5.0,0.4,5.0,0.11,0.11,0.092789,1776206727000
1776206729.476,29.476,0.62,5.0,0.6,5.0,0.73,5.0,0.76,20.0,0.27,5.0,0.24,20.0,0.38,5.0,0.4,5.0,0.11,0.11,0.092788,1776206728000
1776206730.26,30.26,0.62,5.0,0.6,5.0,0.73,5.0,0.76,20.0,0.27,5.0,0.24,20.0,0.38,5.0,0.4,5.0,0.11,0.11,0.092788,1776206729000
1776206731.622,31.622,0.62,5.0,0.6,5.0,0.73,5.0,0.76,20.0,0.27,5.0,0.24,20.0,0.38,5.0,0.4,5.0,0.11,0.11,0.092783,1776206730000
1776206732.383,32.383,0.62,5.0,0.6,5.0,0.73,3.63,0.74,5.0,0.27,3.63,0.26,5.0,0.38,5.0,0.4,5.0,0.11,0.11,0.092783,1776206731000
1776206733.186,33.186,0.62,5.0,0.6,5.0,0.73,3.63,0.74,5.0,0.27,3.63,0.26,5.0,0.38,5.0,0.4,5.0,0.11,0.11,0.092786,1776206732000
1776206734.837,34.837,0.62,5.0,0.6,5.0,0.73,3.63,0.74,5.0,0.27,3.63,0.26,5.0,0.38,5.0,0.4,5.0,0.11,0.11,0.092788,1776206733000
1776206735.675,35.675,0.62,5.0,0.6,5.0,0.73,3.63,0.74,5.0,0.27,3.63,0.26,5.0,0.38,5.0,0.4,5.0,0.11,0.11,0.092788,1776206734000
1776206736.177,36.177,0.62,5.0,0.6,5.0,0.73,3.63,0.74,5.0,0.27,3.63,0.26,5.0,0.38,5.0,0.4,5.0,0.11,0.11,0.092788,1776206735000
1776206737.526,37.526,0.62,5.0,0.6,5.0,0.73,3.63,0.74,5.0,0.27,3.63,0.26,5.0,0.38,5.0,0.4,5.0,0.11,0.11,0.092787,1776206736000
1776206738.052,38.052,0.62,5.0,0.6,5.0,0.73,3.63,0.74,5.0,0.27,3.63,0.26,5.0,0.38,5.0,0.4,5.0,0.11,0.11,0.092788,1776206737000
1776206739.325,39.325,0.62,5.0,0.6,5.0,0.73,3.63,0.74,5.0,0.27,3.63,0.26,5.0,0.38,5.0,0.4,5.0,0.11,0.11,0.092789,1776206738000
1776206740.136,40.136,0.62,5.0,0.6,5.0,0.73,3.63,0.74,5.0,0.27,3.63,0.26,5.0,0.38,5.0,0.4,5.0,0.11,0.11,0.092789,1776206739000
1776206741.451,41.451,0.62,5.0,0.6,5.0,0.73,3.63,0.74,5.0,0.27,3.63,0.26,5.0,0.38,5.0,0.4,5.0,0.11,0.11,0.092789,1776206740000
1776206742.289,42.289,0.62,5.0,0.6,5.0,0.73,3.63,0.74,5.0,0.27,3.63,0.26,5.0,0.38,5.0,0.4,5.0,0.11,0.11,0.092788,1776206741000
1776206743.789,43.789,0.62,5.0,0.6,5.0,0.73,3.63,0.74,5.0,0.27,3.63,0.26,5.0,0.38,5.0,0.4,5.0,0.11,0.11,0.09279,1776206742000
1776206744.471,44.471,0.62,5.0,0.6,5.0,0.73,3.63,0.74,5.0,0.27,3.63,0.26,5.0,0.38,5.0,0.4,5.0,0.11,0.11,0.09279,1776206743000
1776206745.152,45.152,0.62,5.0,0.6,5.0,0.73,3.63,0.74,5.0,0.27,3.63,0.26,5.0,0.38,5.0,0.4,5.0,0.11,0.11,0.09279,1776206744000
1776206745.361,45.361,0.7,5.0,0.67,20.0,0.85,35.0,0.86,31.6,0.27,3.63,0.26,5.0,0.38,5.0,0.4,5.0,0.15,0.11,0.09279,1776206744000
1776206746.485,46.485,0.7,5.0,0.67,20.0,0.85,35.0,0.86,31.6,0.15,35.0,0.14,31.6,0.3,5.0,0.33,20.0,0.15,0.15,0.092831,1776206745000
1776206747.247,47.247,0.7,5.0,0.67,20.0,0.85,35.0,0.86,31.6,0.15,35.0,0.14,31.6,0.3,5.0,0.33,20.0,0.15,0.15,0.092831,1776206746000
1776206748.72,48.72,0.7,5.0,0.67,20.0,0.85,35.0,0.86,31.6,0.15,35.0,0.14,31.6,0.3,5.0,0.33,20.0,0.15,0.15,0.092826,1776206747000
1776206749.438,49.438,0.7,5.0,0.67,20.0,0.85,35.0,0.86,31.6,0.15,35.0,0.14,31.6,0.3,5.0,0.33,20.0,0.15,0.15,0.092828,1776206748000
1776206750.22,50.22,0.7,5.0,0.67,20.0,0.85,35.0,0.86,31.6,0.15,35.0,0.14,31.6,0.3,5.0,0.33,20.0,0.15,0.15,0.092827,1776206749000
1776206751.648,51.648,0.7,5.0,0.67,20.0,0.85,35.0,0.86,31.6,0.15,35.0,0.14,31.6,0.3,5.0,0.33,20.0,0.15,0.15,0.092817,1776206750000
1776206752.662,52.662,0.7,5.0,0.67,20.0,0.85,35.0,0.86,31.6,0.15,35.0,0.14,31.6,0.3,5.0,0.33,20.0,0.15,0.15,0.092821,1776206751000
1776206753.181,53.181,0.7,5.0,0.67,20.0,0.85,35.0,0.86,31.6,0.15,35.0,0.14,31.6,0.3,5.0,0.33,20.0,0.15,0.15,0.092826,1776206752000
1776206753.669,53.669,0.72,5.0,0.68,5.0,0.8,11.2,0.81,21.89,0.15,35.0,0.14,31.6,0.3,5.0,0.33,20.0,0.08,0.15,0.092826,1776206752000
1776206754.202,54.202,0.72,5.0,0.68,5.0,0.8,11.2,0.81,21.89,0.2,11.2,0.19,21.89,0.28,5.0,0.32,5.0,0.08,0.08,0.092826,1776206753000
1776206755.421,55.421,0.72,5.0,0.68,5.0,0.8,11.2,0.81,21.89,0.2,11.2,0.19,21.89,0.28,5.0,0.32,5.0,0.08,0.08,0.092826,1776206754000
1776206756.352,56.352,0.72,5.0,0.68,5.0,0.8,11.2,0.81,21.89,0.2,11.2,0.19,21.89,0.28,5.0,0.32,5.0,0.08,0.08,0.09282,1776206755000
1776206757.374,57.374,0.72,5.0,0.68,5.0,0.8,11.2,0.81,21.89,0.2,11.2,0.19,21.89,0.28,5.0,0.32,5.0,0.08,0.08,0.092823,1776206756000
1776206757.889,57.889,0.72,5.0,0.68,5.0,0.8,11.2,0.81,21.89,0.2,11.2,0.19,21.89,0.28,5.0,0.32,5.0,0.08,0.08,0.092824,1776206757000
1776206758.887,58.887,0.72,5.0,0.68,5.0,0.8,11.2,0.81,21.89,0.2,11.2,0.19,21.89,0.28,5.0,0.32,5.0,0.08,0.08,0.092822,1776206758000
1776206759.88,59.88,0.72,5.0,0.68,5.0,0.8,11.2,0.81,21.89,0.2,11.2,0.19,21.89,0.28,5.0,0.32,5.0,0.08,0.08,0.092822,1776206759000
1776206760.982,60.982,0.72,5.0,0.68,5.0,0.8,11.2,0.81,21.89,0.2,11.2,0.19,21.89,0.28,5.0,0.32,5.0,0.08,0.08,0.092822,1776206760000
1776206761.931,61.931,0.72,5.0,0.68,5.0,0.8,11.2,0.81,21.89,0.2,11.2,0.19,21.89,0.28,5.0,0.32,5.0,0.08,0.08,0.092821,1776206761000
1776206762.9,62.9,0.72,5.0,0.68,5.0,0.8,11.2,0.81,21.89,0.2,11.2,0.19,21.89,0.28,5.0,0.32,5.0,0.08,0.08,0.092816,1776206762000
1776206763.872,63.872,0.72,5.0,0.68,5.0,0.8,11.2,0.81,21.89,0.2,11.2,0.19,21.89,0.28,5.0,0.32,5.0,0.08,0.08,0.092808,1776206763000
1776206764.815,64.815,0.72,5.0,0.68,5.0,0.8,11.2,0.81,21.89,0.2,11.2,0.19,21.89,0.28,5.0,0.32,5.0,0.08,0.08,0.092797,1776206764000
1776206766.339,66.339,0.72,5.0,0.68,5.0,0.8,11.2,0.81,21.89,0.2,11.2,0.19,21.89,0.28,5.0,0.32,5.0,0.08,0.08,0.092812,1776206765000
1776206766.993,66.993,0.72,5.0,0.68,5.0,0.8,11.2,0.81,21.89,0.2,11.2,0.19,21.89,0.28,5.0,0.32,5.0,0.08,0.08,0.092812,1776206766000
1776206767.918,67.918,0.72,5.0,0.68,5.0,0.8,11.2,0.81,21.89,0.2,11.2,0.19,21.89,0.28,5.0,0.32,5.0,0.08,0.08,0.092811,1776206767000
1776206768.897,68.897,0.72,5.0,0.68,5.0,0.8,11.2,0.81,21.89,0.2,11.2,0.19,21.89,0.28,5.0,0.32,5.0,0.08,0.08,0.092807,1776206768000
1776206769.854,69.854,0.72,5.0,0.68,5.0,0.8,11.2,0.81,21.89,0.2,11.2,0.19,21.89,0.28,5.0,0.32,5.0,0.08,0.08,0.092802,1776206769000
1776206770.89,70.89,0.72,5.0,0.68,5.0,0.8,11.2,0.81,21.89,0.2,11.2,0.19,21.89,0.28,5.0,0.32,5.0,0.08,0.08,0.092802,1776206770000
1776206771.841,71.841,0.72,5.0,0.68,5.0,0.8,11.2,0.81,21.89,0.2,11.2,0.19,21.89,0.28,5.0,0.32,5.0,0.08,0.08,0.092802,1776206771000
1776206773.324,73.324,0.72,5.0,0.68,5.0,0.8,11.2,0.81,21.89,0.2,11.2,0.19,21.89,0.28,5.0,0.32,5.0,0.08,0.08,0.0928,1776206772000
1776206774.289,74.289,0.72,5.0,0.68,5.0,0.8,11.2,0.81,21.89,0.2,11.2,0.19,21.89,0.28,5.0,0.32,5.0,0.08,0.08,0.0928,1776206773000
1776206775.26,75.26,0.72,5.0,0.68,5.0,0.8,11.2,0.81,21.89,0.2,11.2,0.19,21.89,0.28,5.0,0.32,5.0,0.08,0.08,0.092796,1776206774000
1776206776.191,76.191,0.72,5.0,0.68,5.0,0.8,11.2,0.81,21.89,0.2,11.2,0.19,21.89,0.28,5.0,0.32,5.0,0.08,0.08,0.092796,1776206775000
1776206777.137,77.137,0.72,5.0,0.68,5.0,0.8,11.2,0.81,21.89,0.2,11.2,0.19,21.89,0.28,5.0,0.32,5.0,0.08,0.08,0.092796,1776206776000
1776206778.628,78.628,0.72,5.0,0.68,5.0,0.8,11.2,0.81,21.89,0.2,11.2,0.19,21.89,0.28,5.0,0.32,5.0,0.08,0.08,0.092795,1776206777000
1776206779.195,79.195,0.72,5.0,0.68,5.0,0.8,11.2,0.81,21.89,0.2,11.2,0.19,21.89,0.28,5.0,0.32,5.0,0.08,0.08,0.092796,1776206778000
1776206780.162,80.162,0.72,5.0,0.68,5.0,0.8,11.2,0.81,21.89,0.2,11.2,0.19,21.89,0.28,5.0,0.32,5.0,0.08,0.08,0.092797,1776206779000
1776206781.314,81.314,0.72,5.0,0.68,5.0,0.8,11.2,0.81,21.89,0.2,11.2,0.19,21.89,0.28,5.0,0.32,5.0,0.08,0.08,0.092798,1776206780000
1776206782.074,82.074,0.65,32.4,0.64,11.3,0.75,4.4,0.78,25.2,0.2,11.2,0.19,21.89,0.28,5.0,0.32,5.0,0.1,0.08,0.092798,1776206780000
1776206782.315,82.315,0.65,32.4,0.64,11.3,0.75,4.4,0.78,25.2,0.25,4.4,0.22,25.2,0.35,32.4,0.36,11.3,0.1,0.1,0.092798,1776206781000
1776206782.859,82.859,0.65,32.4,0.64,11.3,0.75,4.4,0.78,25.2,0.25,4.4,0.22,25.2,0.35,32.4,0.36,11.3,0.1,0.1,0.092798,1776206782000
1776206783.873,83.873,0.65,32.4,0.64,11.3,0.75,4.4,0.78,25.2,0.25,4.4,0.22,25.2,0.35,32.4,0.36,11.3,0.1,0.1,0.092798,1776206783000
1776206784.947,84.947,0.65,32.4,0.64,11.3,0.75,4.4,0.78,25.2,0.25,4.4,0.22,25.2,0.35,32.4,0.36,11.3,0.1,0.1,0.092798,1776206784000
1776206786.034,86.034,0.65,32.4,0.64,11.3,0.75,4.4,0.78,25.2,0.25,4.4,0.22,25.2,0.35,32.4,0.36,11.3,0.1,0.1,0.092797,1776206785000
1776206787.056,87.056,0.65,32.4,0.64,11.3,0.75,4.4,0.78,25.2,0.25,4.4,0.22,25.2,0.35,32.4,0.36,11.3,0.1,0.1,0.092797,1776206786000
1776206787.914,87.914,0.65,32.4,0.64,11.3,0.75,4.4,0.78,25.2,0.25,4.4,0.22,25.2,0.35,32.4,0.36,11.3,0.1,0.1,0.092798,1776206787000
1776206788.95,88.95,0.65,32.4,0.64,11.3,0.75,4.4,0.78,25.2,0.25,4.4,0.22,25.2,0.35,32.4,0.36,11.3,0.1,0.1,0.092797,1776206788000
1776206789.98,89.98,0.65,32.4,0.64,11.3,0.75,4.4,0.78,25.2,0.25,4.4,0.22,25.2,0.35,32.4,0.36,11.3,0.1,0.1,0.092797,1776206789000
1776206791.006,91.006,0.65,32.4,0.64,11.3,0.75,4.4,0.78,25.2,0.25,4.4,0.22,25.2,0.35,32.4,0.36,11.3,0.1,0.1,0.092797,1776206790000
1776206792.079,92.079,0.66,7.77,0.65,27.4,0.76,5.0,0.78,15.2,0.25,4.4,0.22,25.2,0.35,32.4,0.36,11.3,0.1,0.1,0.092797,1776206790000
1776206792.699,92.699,0.66,7.77,0.65,27.4,0.76,5.0,0.78,15.2,0.24,5.0,0.22,15.2,0.34,7.77,0.35,27.4,0.1,0.1,0.092797,1776206791000
1776206793.328,93.328,0.66,7.77,0.65,27.4,0.76,5.0,0.78,15.2,0.24,5.0,0.22,15.2,0.34,7.77,0.35,27.4,0.1,0.1,0.092797,1776206792000
1776206794.598,94.598,0.66,7.77,0.65,27.4,0.76,5.0,0.78,15.2,0.24,5.0,0.22,15.2,0.34,7.77,0.35,27.4,0.1,0.1,0.092797,1776206793000
1776206795.154,95.154,0.66,7.77,0.65,27.4,0.76,5.0,0.78,15.2,0.24,5.0,0.22,15.2,0.34,7.77,0.35,27.4,0.1,0.1,0.092805,1776206794000
1776206796.326,96.326,0.71,7.94,0.7,12.4,0.84,24.3,0.85,20.39,0.16,24.3,0.15,20.39,0.29,7.94,0.3,12.4,0.13,0.13,0.092822,1776206795000
1776206796.953,96.953,0.71,7.94,0.7,12.4,0.84,24.3,0.85,20.39,0.16,24.3,0.15,20.39,0.29,7.94,0.3,12.4,0.13,0.13,0.092822,1776206796000
1776206798.211,98.211,0.71,7.94,0.7,12.4,0.84,24.3,0.85,20.39,0.16,24.3,0.15,20.39,0.29,7.94,0.3,12.4,0.13,0.13,0.092819,1776206797000
1776206798.541,98.541,0.72,17.9,0.71,7.94,0.83,13.39,0.84,24.3,0.16,24.3,0.15,20.39,0.29,7.94,0.3,12.4,0.11,0.13,0.092819,1776206797000
1776206799.2,99.2,0.72,17.9,0.71,7.94,0.83,13.39,0.84,24.3,0.17,13.39,0.16,24.3,0.28,17.9,0.29,7.94,0.11,0.11,0.09282,1776206798000
1776206800.309,100.309,0.72,17.9,0.71,7.94,0.83,13.39,0.84,24.3,0.17,13.39,0.16,24.3,0.28,17.9,0.29,7.94,0.11,0.11,0.092817,1776206799000
1776206801.465,101.465,0.72,17.9,0.71,7.94,0.83,13.39,0.84,24.3,0.17,13.39,0.16,24.3,0.28,17.9,0.29,7.94,0.11,0.11,0.092816,1776206800000
1776206802.038,102.038,0.72,17.9,0.71,7.94,0.83,13.39,0.84,24.3,0.17,13.39,0.16,24.3,0.28,17.9,0.29,7.94,0.11,0.11,0.092816,1776206801000
1776206803.111,103.111,0.72,17.9,0.71,7.94,0.83,13.39,0.84,24.3,0.17,13.39,0.16,24.3,0.28,17.9,0.29,7.94,0.11,0.11,0.092817,1776206802000
1776206804.268,104.268,0.72,17.9,0.71,7.94,0.83,13.39,0.84,24.3,0.17,13.39,0.16,24.3,0.28,17.9,0.29,7.94,0.11,0.11,0.092816,1776206803000
1776206805.435,105.435,0.72,17.9,0.71,7.94,0.83,13.39,0.84,24.3,0.17,13.39,0.16,24.3,0.28,17.9,0.29,7.94,0.11,0.11,0.092816,1776206804000
1776206805.9,105.9,0.72,17.9,0.71,7.94,0.83,13.39,0.84,24.3,0.17,13.39,0.16,24.3,0.28,17.9,0.29,7.94,0.11,0.11,0.092815,1776206805000
1776206806.393,106.393,0.7,5.0,0.68,11.9,0.81,2.87,0.82,22.6,0.17,13.39,0.16,24.3,0.28,17.9,0.29,7.94,0.11,0.11,0.092815,1776206805000
1776206807.506,107.506,0.7,5.0,0.68,11.9,0.81,2.87,0.82,22.6,0.19,2.87,0.18,22.6,0.3,5.0,0.32,11.9,0.11,0.11,0.092807,1776206806000
1776206808.031,108.031,0.7,5.0,0.68,11.9,0.81,2.87,0.82,22.6,0.19,2.87,0.18,22.6,0.3,5.0,0.32,11.9,0.11,0.11,0.092807,1776206807000
1776206809.136,109.136,0.7,5.0,0.68,11.9,0.81,2.87,0.82,22.6,0.19,2.87,0.18,22.6,0.3,5.0,0.32,11.9,0.11,0.11,0.092807,1776206808000
1776206810.478,110.478,0.7,5.0,0.68,11.9,0.81,2.87,0.82,22.6,0.19,2.87,0.18,22.6,0.3,5.0,0.32,11.9,0.11,0.11,0.092807,1776206809000
1776206811.066,111.066,0.7,5.0,0.68,11.9,0.81,2.87,0.82,22.6,0.19,2.87,0.18,22.6,0.3,5.0,0.32,11.9,0.11,0.11,0.092807,1776206810000
1776206812.252,112.252,0.7,5.0,0.68,11.9,0.81,2.87,0.82,22.6,0.19,2.87,0.18,22.6,0.3,5.0,0.32,11.9,0.11,0.11,0.092807,1776206811000
1776206813.335,113.335,0.7,5.0,0.68,11.9,0.81,2.87,0.82,22.6,0.19,2.87,0.18,22.6,0.3,5.0,0.32,11.9,0.11,0.11,0.092807,1776206812000
1776206813.555,113.555,0.68,5.0,0.64,16.3,0.79,15.2,0.8,21.2,0.19,2.87,0.18,22.6,0.3,5.0,0.32,11.9,0.11,0.11,0.092807,1776206812000
1776206813.925,113.925,0.68,5.0,0.64,16.3,0.79,15.2,0.8,21.2,0.21,15.2,0.2,21.2,0.32,5.0,0.36,16.3,0.11,0.11,0.092806,1776206813000
1776206815.05,115.05,0.68,5.0,0.64,16.3,0.79,15.2,0.8,21.2,0.21,15.2,0.2,21.2,0.32,5.0,0.36,16.3,0.11,0.11,0.092799,1776206814000
1776206816.197,116.197,0.68,5.0,0.64,16.3,0.79,15.2,0.8,21.2,0.21,15.2,0.2,21.2,0.32,5.0,0.36,16.3,0.11,0.11,0.092795,1776206815000
1776206817.357,117.357,0.68,5.0,0.64,16.3,0.79,15.2,0.8,21.2,0.21,15.2,0.2,21.2,0.32,5.0,0.36,16.3,0.11,0.11,0.092792,1776206816000
1776206818.092,118.092,0.68,5.0,0.64,16.3,0.79,15.2,0.8,21.2,0.21,15.2,0.2,21.2,0.32,5.0,0.36,16.3,0.11,0.11,0.092791,1776206817000
1776206819.137,119.137,0.68,5.0,0.64,16.3,0.79,15.2,0.8,21.2,0.21,15.2,0.2,21.2,0.32,5.0,0.36,16.3,0.11,0.11,0.092792,1776206818000
1776206820.311,120.311,0.68,5.0,0.64,16.3,0.79,15.2,0.8,21.2,0.21,15.2,0.2,21.2,0.32,5.0,0.36,16.3,0.11,0.11,0.092792,1776206819000
1776206821.082,121.082,0.68,5.0,0.64,16.3,0.79,15.2,0.8,21.2,0.21,15.2,0.2,21.2,0.32,5.0,0.36,16.3,0.11,0.11,0.092792,1776206820000
1776206822.33,122.33,0.68,5.0,0.64,16.3,0.79,15.2,0.8,21.2,0.21,15.2,0.2,21.2,0.32,5.0,0.36,16.3,0.11,0.11,0.092792,1776206821000
1776206823.558,123.558,0.68,5.0,0.64,16.3,0.79,15.2,0.8,21.2,0.21,15.2,0.2,21.2,0.32,5.0,0.36,16.3,0.11,0.11,0.092792,1776206822000
1776206824.307,124.307,0.68,5.0,0.64,16.3,0.79,15.2,0.8,21.2,0.21,15.2,0.2,21.2,0.32,5.0,0.36,16.3,0.11,0.11,0.092792,1776206823000
1776206825.798,125.798,0.68,5.0,0.64,16.3,0.79,15.2,0.8,21.2,0.21,15.2,0.2,21.2,0.32,5.0,0.36,16.3,0.11,0.11,0.092791,1776206824000
1776206826.674,126.674,0.68,5.0,0.64,16.3,0.79,15.2,0.8,21.2,0.21,15.2,0.2,21.2,0.32,5.0,0.36,16.3,0.11,0.11,0.092791,1776206825000
1776206827.335,127.335,0.68,5.0,0.64,16.3,0.79,15.2,0.8,21.2,0.21,15.2,0.2,21.2,0.32,5.0,0.36,16.3,0.11,0.11,0.092791,1776206826000
1776206828.683,128.683,0.68,5.0,0.64,16.3,0.79,15.2,0.8,21.2,0.21,15.2,0.2,21.2,0.32,5.0,0.36,16.3,0.11,0.11,0.092797,1776206827000
1776206829.376,129.376,0.68,5.0,0.64,16.3,0.79,15.2,0.8,21.2,0.21,15.2,0.2,21.2,0.32,5.0,0.36,16.3,0.11,0.11,0.092797,1776206828000
1776206830.038,130.038,0.68,5.0,0.64,16.3,0.79,15.2,0.8,21.2,0.21,15.2,0.2,21.2,0.32,5.0,0.36,16.3,0.11,0.11,0.092797,1776206829000
1776206831.323,131.323,0.68,5.0,0.64,16.3,0.79,15.2,0.8,21.2,0.21,15.2,0.2,21.2,0.32,5.0,0.36,16.3,0.11,0.11,0.092797,1776206830000
1776206831.984,131.984,0.68,5.0,0.64,16.3,0.79,15.2,0.8,21.2,0.21,15.2,0.2,21.2,0.32,5.0,0.36,16.3,0.11,0.11,0.092798,1776206831000
1776206833.325,133.325,0.68,5.0,0.64,16.3,0.79,15.2,0.8,21.2,0.21,15.2,0.2,21.2,0.32,5.0,0.36,16.3,0.11,0.11,0.092798,1776206832000
1776206834.201,134.201,0.68,5.0,0.64,16.3,0.79,15.2,0.8,21.2,0.21,15.2,0.2,21.2,0.32,5.0,0.36,16.3,0.11,0.11,0.092798,1776206833000
1776206835.646,135.646,0.68,5.0,0.64,16.3,0.79,15.2,0.8,21.2,0.21,15.2,0.2,21.2,0.32,5.0,0.36,16.3,0.11,0.11,0.092802,1776206834000
1776206836.36,136.36,0.68,5.0,0.64,16.3,0.79,15.2,0.8,21.2,0.21,15.2,0.2,21.2,0.32,5.0,0.36,16.3,0.11,0.11,0.092803,1776206835000
1776206837.119,137.119,0.68,5.0,0.64,16.3,0.79,15.2,0.8,21.2,0.21,15.2,0.2,21.2,0.32,5.0,0.36,16.3,0.11,0.11,0.092803,1776206836000
1776206838.519,138.519,0.68,5.0,0.64,16.3,0.79,15.2,0.8,21.2,0.21,15.2,0.2,21.2,0.32,5.0,0.36,16.3,0.11,0.11,0.092803,1776206837000
1776206839.402,139.402,0.68,5.0,0.64,16.3,0.79,15.2,0.8,21.2,0.21,15.2,0.2,21.2,0.32,5.0,0.36,16.3,0.11,0.11,0.092809,1776206838000
1776206840.648,140.648,0.68,5.0,0.64,16.3,0.79,15.2,0.8,21.2,0.21,15.2,0.2,21.2,0.32,5.0,0.36,16.3,0.11,0.11,0.092809,1776206839000
1776206841.086,141.086,0.68,5.0,0.64,16.3,0.79,15.2,0.8,21.2,0.21,15.2,0.2,21.2,0.32,5.0,0.36,16.3,0.11,0.11,0.092809,1776206840000
1776206841.434,141.434,0.74,7.63,0.73,18.2,0.85,5.0,0.86,21.6,0.21,15.2,0.2,21.2,0.32,5.0,0.36,16.3,0.11,0.11,0.092809,1776206840000
1776206842.289,142.289,0.74,7.63,0.73,18.2,0.85,5.0,0.86,21.6,0.15,5.0,0.14,21.6,0.26,7.63,0.27,18.2,0.11,0.11,0.092809,1776206841000
1776206843.322,143.322,0.74,7.63,0.73,18.2,0.85,5.0,0.86,21.6,0.15,5.0,0.14,21.6,0.26,7.63,0.27,18.2,0.11,0.11,0.092809,1776206842000
1776206843.96,143.96,0.74,7.63,0.73,18.2,0.85,5.0,0.86,21.6,0.15,5.0,0.14,21.6,0.26,7.63,0.27,18.2,0.11,0.11,0.092809,1776206843000
1776206845.024,145.024,0.74,7.63,0.73,18.2,0.85,5.0,0.86,21.6,0.15,5.0,0.14,21.6,0.26,7.63,0.27,18.2,0.11,0.11,0.092809,1776206844000
1776206846.105,146.105,0.74,7.63,0.73,18.2,0.85,5.0,0.86,21.6,0.15,5.0,0.14,21.6,0.26,7.63,0.27,18.2,0.11,0.11,0.092795,1776206845000
1776206847.141,147.141,0.74,7.63,0.73,18.2,0.85,5.0,0.86,21.6,0.15,5.0,0.14,21.6,0.26,7.63,0.27,18.2,0.11,0.11,0.092796,1776206846000
1776206848.264,148.264,0.74,7.63,0.73,18.2,0.85,5.0,0.86,21.6,0.15,5.0,0.14,21.6,0.26,7.63,0.27,18.2,0.11,0.11,0.092801,1776206847000
1776206849.338,149.338,0.74,7.63,0.73,18.2,0.85,5.0,0.86,21.6,0.15,5.0,0.14,21.6,0.26,7.63,0.27,18.2,0.11,0.11,0.092801,1776206848000
1776206849.918,149.918,0.74,7.63,0.73,18.2,0.85,5.0,0.86,21.6,0.15,5.0,0.14,21.6,0.26,7.63,0.27,18.2,0.11,0.11,0.092804,1776206849000
1776206850.987,150.987,0.74,7.63,0.73,18.2,0.85,5.0,0.86,21.6,0.15,5.0,0.14,21.6,0.26,7.63,0.27,18.2,0.11,0.11,0.092804,1776206850000
1776206852.056,152.056,0.74,7.63,0.73,18.2,0.85,5.0,0.86,21.6,0.15,5.0,0.14,21.6,0.26,7.63,0.27,18.2,0.11,0.11,0.092803,1776206851000
1776206853.194,153.194,0.74,7.63,0.73,18.2,0.85,5.0,0.86,21.6,0.15,5.0,0.14,21.6,0.26,7.63,0.27,18.2,0.11,0.11,0.092803,1776206852000
1776206854.892,154.892,0.74,7.63,0.73,18.2,0.85,5.0,0.86,21.6,0.15,5.0,0.14,21.6,0.26,7.63,0.27,18.2,0.11,0.11,0.092803,1776206853000
1776206855.418,155.418,0.74,7.63,0.73,18.2,0.85,5.0,0.86,21.6,0.15,5.0,0.14,21.6,0.26,7.63,0.27,18.2,0.11,0.11,0.092803,1776206854000
1776206856.685,156.685,0.74,7.63,0.73,18.2,0.85,5.0,0.86,21.6,0.15,5.0,0.14,21.6,0.26,7.63,0.27,18.2,0.11,0.11,0.092803,1776206855000
1776206857.213,157.213,0.74,7.63,0.73,18.2,0.85,5.0,0.86,21.6,0.15,5.0,0.14,21.6,0.26,7.63,0.27,18.2,0.11,0.11,0.092808,1776206856000
1776206858.698,158.698,0.74,7.63,0.73,18.2,0.85,5.0,0.86,21.6,0.15,5.0,0.14,21.6,0.26,7.63,0.27,18.2,0.11,0.11,0.092811,1776206857000
1776206859.312,159.312,0.74,7.63,0.73,18.2,0.85,5.0,0.86,21.6,0.15,5.0,0.14,21.6,0.26,7.63,0.27,18.2,0.11,0.11,0.092811,1776206858000
1776206860.22,160.22,0.74,7.63,0.73,18.2,0.85,5.0,0.86,21.6,0.15,5.0,0.14,21.6,0.26,7.63,0.27,18.2,0.11,0.11,0.092811,1776206859000
1776206861.5,161.5,0.74,7.63,0.73,18.2,0.85,5.0,0.86,21.6,0.15,5.0,0.14,21.6,0.26,7.63,0.27,18.2,0.11,0.11,0.092812,1776206860000
1776206862.051,162.051,0.74,7.63,0.73,18.2,0.85,5.0,0.86,21.6,0.15,5.0,0.14,21.6,0.26,7.63,0.27,18.2,0.11,0.11,0.092812,1776206861000
1776206863.376,163.376,0.74,7.63,0.73,18.2,0.85,5.0,0.86,21.6,0.15,5.0,0.14,21.6,0.26,7.63,0.27,18.2,0.11,0.11,0.092813,1776206862000
1776206864.279,164.279,0.74,7.63,0.73,18.2,0.85,5.0,0.86,21.6,0.15,5.0,0.14,21.6,0.26,7.63,0.27,18.2,0.11,0.11,0.092813,1776206863000
1776206865.706,165.706,0.74,7.63,0.73,18.2,0.85,5.0,0.86,21.6,0.15,5.0,0.14,21.6,0.26,7.63,0.27,18.2,0.11,0.11,0.092825,1776206864000
1776206866.326,166.326,0.74,7.63,0.73,18.2,0.85,5.0,0.86,21.6,0.15,5.0,0.14,21.6,0.26,7.63,0.27,18.2,0.11,0.11,0.092826,1776206865000
1776206867.214,167.214,0.74,7.63,0.73,18.2,0.85,5.0,0.86,21.6,0.15,5.0,0.14,21.6,0.26,7.63,0.27,18.2,0.11,0.11,0.092827,1776206866000
1776206868.518,168.518,0.74,7.63,0.73,18.2,0.85,5.0,0.86,21.6,0.15,5.0,0.14,21.6,0.26,7.63,0.27,18.2,0.11,0.11,0.092858,1776206867000
1776206869.19,169.19,0.74,7.63,0.73,18.2,0.85,5.0,0.86,21.6,0.15,5.0,0.14,21.6,0.26,7.63,0.27,18.2,0.11,0.11,0.092862,1776206868000
1776206869.569,169.569,0.9,28.9,0.89,26.6,0.96,51.86,0.97,128.98,0.15,5.0,0.14,21.6,0.26,7.63,0.27,18.2,0.06,0.11,0.092862,1776206868000
1776206870.511,170.511,0.9,28.9,0.89,26.6,0.96,51.86,0.97,128.98,0.04,51.86,0.03,128.98,0.1,28.9,0.11,26.6,0.06,0.06,0.092863,1776206869000
1776206871.143,171.143,0.9,28.9,0.89,26.6,0.96,51.86,0.97,128.98,0.04,51.86,0.03,128.98,0.1,28.9,0.11,26.6,0.06,0.06,0.092864,1776206870000
1776206872.767,172.767,0.9,28.9,0.89,26.6,0.96,51.86,0.97,128.98,0.04,51.86,0.03,128.98,0.1,28.9,0.11,26.6,0.06,0.06,0.092864,1776206871000
1776206873.351,173.351,0.9,28.9,0.89,26.6,0.96,51.86,0.97,128.98,0.04,51.86,0.03,128.98,0.1,28.9,0.11,26.6,0.06,0.06,0.092864,1776206872000
1776206873.931,173.931,0.9,28.9,0.89,26.6,0.96,51.86,0.97,128.98,0.04,51.86,0.03,128.98,0.1,28.9,0.11,26.6,0.06,0.06,0.092851,1776206873000
1776206875.014,175.014,0.86,5.0,0.85,25.39,0.95,53.64,0.96,51.86,0.05,53.64,0.04,51.86,0.14,5.0,0.15,25.39,0.09,0.09,0.092844,1776206874000
1776206875.59,175.59,0.87,46.0,0.86,26.6,0.96,50.81,0.97,123.98,0.05,53.64,0.04,51.86,0.14,5.0,0.15,25.39,0.09,0.09,0.092844,1776206874000
1776206876.054,176.054,0.88,39.6,0.87,28.0,0.96,49.76,0.97,123.98,0.04,50.81,0.03,123.98,0.13,46.0,0.14,26.6,0.08,0.09,0.092844,1776206874000
1776206877.297,177.297,0.88,39.6,0.87,28.0,0.96,49.76,0.97,123.98,0.04,49.76,0.03,123.98,0.12,39.6,0.13,28.0,0.08,0.08,0.092866,1776206876000
1776206878.369,178.369,0.88,39.6,0.87,28.0,0.96,49.76,0.97,123.98,0.04,49.76,0.03,123.98,0.12,39.6,0.13,28.0,0.08,0.08,0.092866,1776206877000
1776206879.378,179.378,0.88,39.6,0.87,28.0,0.96,49.76,0.97,123.98,0.04,49.76,0.03,123.98,0.12,39.6,0.13,28.0,0.08,0.08,0.092877,1776206878000
1776206879.96,179.96,0.88,39.6,0.87,28.0,0.96,49.76,0.97,123.98,0.04,49.76,0.03,123.98,0.12,39.6,0.13,28.0,0.08,0.08,0.092877,1776206879000
1776206881.152,181.152,0.88,39.6,0.87,28.0,0.96,49.76,0.97,123.98,0.04,49.76,0.03,123.98,0.12,39.6,0.13,28.0,0.08,0.08,0.092878,1776206880000
1776206882.23,182.23,0.88,39.6,0.87,28.0,0.96,49.76,0.97,123.98,0.04,49.76,0.03,123.98,0.12,39.6,0.13,28.0,0.08,0.08,0.092877,1776206881000
1776206883.362,183.362,0.88,39.6,0.87,28.0,0.96,49.76,0.97,123.98,0.04,49.76,0.03,123.98,0.12,39.6,0.13,28.0,0.08,0.08,0.092866,1776206882000
1776206884.069,184.069,0.87,34.0,0.86,21.6,0.94,41.1,0.95,54.7,0.04,49.76,0.03,123.98,0.12,39.6,0.13,28.0,0.07,0.08,0.092866,1776206882000
1776206884.354,184.354,0.87,34.0,0.86,21.6,0.94,41.1,0.95,54.7,0.06,41.1,0.05,54.7,0.13,34.0,0.14,21.6,0.07,0.07,0.09285,1776206883000
1776206884.953,184.953,0.87,34.0,0.86,21.6,0.94,41.1,0.95,54.7,0.06,41.1,0.05,54.7,0.13,34.0,0.14,21.6,0.07,0.07,0.092849,1776206884000
1776206886.039,186.039,0.87,34.0,0.86,21.6,0.94,41.1,0.95,54.7,0.06,41.1,0.05,54.7,0.13,34.0,0.14,21.6,0.07,0.07,0.092848,1776206885000
1776206887.589,187.589,0.87,34.0,0.86,21.6,0.94,41.1,0.95,54.7,0.06,41.1,0.05,54.7,0.13,34.0,0.14,21.6,0.07,0.07,0.092847,1776206886000
1776206887.934,187.934,0.82,34.6,0.81,23.89,0.91,27.03,0.92,35.29,0.09,29.07,0.08,35.29,0.18,34.6,0.19,23.89,0.09,0.09,0.092847,1776206886000
1776206888.391,188.391,0.82,34.6,0.81,23.89,0.91,27.03,0.92,35.29,0.09,27.03,0.08,35.29,0.18,34.6,0.19,23.89,0.09,0.09,0.092833,1776206887000
1776206889.103,189.103,0.82,34.6,0.81,23.89,0.91,27.03,0.92,35.29,0.09,27.03,0.08,35.29,0.18,34.6,0.19,23.89,0.09,0.09,0.09283,1776206888000
1776206890.355,190.355,0.82,34.6,0.81,23.89,0.91,27.03,0.92,35.29,0.09,27.03,0.08,35.29,0.18,34.6,0.19,23.89,0.09,0.09,0.092827,1776206889000
1776206890.938,190.938,0.82,34.6,0.81,23.89,0.91,27.03,0.92,35.29,0.09,27.03,0.08,35.29,0.18,34.6,0.19,23.89,0.09,0.09,0.092827,1776206890000
1776206892.198,192.198,0.82,34.6,0.81,23.89,0.91,27.03,0.92,35.29,0.09,27.03,0.08,35.29,0.18,34.6,0.19,23.89,0.09,0.09,0.092827,1776206891000
1776206893.296,193.296,0.82,34.6,0.81,23.89,0.91,27.03,0.92,35.29,0.09,27.03,0.08,35.29,0.18,34.6,0.19,23.89,0.09,0.09,0.092827,1776206892000
1776206894.511,194.511,0.82,34.6,0.81,23.89,0.91,27.03,0.92,35.29,0.09,27.03,0.08,35.29,0.18,34.6,0.19,23.89,0.09,0.09,0.09282,1776206893000
1776206895.153,195.153,0.82,34.6,0.81,23.89,0.91,27.03,0.92,35.29,0.09,27.03,0.08,35.29,0.18,34.6,0.19,23.89,0.09,0.09,0.092818,1776206894000
1776206896.209,196.209,0.82,34.6,0.81,23.89,0.91,27.03,0.92,35.29,0.09,27.03,0.08,35.29,0.18,34.6,0.19,23.89,0.09,0.09,0.092818,1776206895000
1776206897.442,197.442,0.82,34.6,0.81,23.89,0.91,27.03,0.92,35.29,0.09,27.03,0.08,35.29,0.18,34.6,0.19,23.89,0.09,0.09,0.092817,1776206896000
1776206898.044,198.044,0.82,34.6,0.81,23.89,0.91,27.03,0.92,35.29,0.09,27.03,0.08,35.29,0.18,34.6,0.19,23.89,0.09,0.09,0.092817,1776206897000
1776206899.164,199.164,0.82,34.6,0.81,23.89,0.91,27.03,0.92,35.29,0.09,27.03,0.08,35.29,0.18,34.6,0.19,23.89,0.09,0.09,0.092817,1776206898000
1776206900.183,200.183,0.82,34.6,0.81,23.89,0.91,27.03,0.92,35.29,0.09,27.03,0.08,35.29,0.18,34.6,0.19,23.89,0.09,0.09,0.092816,1776206899000
1776206901.366,201.366,0.82,34.6,0.81,23.89,0.91,27.03,0.92,35.29,0.09,27.03,0.08,35.29,0.18,34.6,0.19,23.89,0.09,0.09,0.092816,1776206900000
1776206902.008,202.008,0.82,34.6,0.81,23.89,0.91,27.03,0.92,35.29,0.09,27.03,0.08,35.29,0.18,34.6,0.19,23.89,0.09,0.09,0.092816,1776206901000
1776206903.074,203.074,0.82,34.6,0.81,23.89,0.91,27.03,0.92,35.29,0.09,27.03,0.08,35.29,0.18,34.6,0.19,23.89,0.09,0.09,0.092817,1776206902000
1776206904.891,204.891,0.82,34.6,0.81,23.89,0.91,27.03,0.92,35.29,0.09,27.03,0.08,35.29,0.18,34.6,0.19,23.89,0.09,0.09,0.092817,1776206903000
1776206905.717,205.717,0.82,34.6,0.81,23.89,0.91,27.03,0.92,35.29,0.09,27.03,0.08,35.29,0.18,34.6,0.19,23.89,0.09,0.09,0.092817,1776206904000
1776206906.311,206.311,0.82,34.6,0.81,23.89,0.91,27.03,0.92,35.29,0.09,27.03,0.08,35.29,0.18,34.6,0.19,23.89,0.09,0.09,0.092817,1776206905000
1776206907.109,207.109,0.82,34.6,0.81,23.89,0.91,27.03,0.92,35.29,0.09,27.03,0.08,35.29,0.18,34.6,0.19,23.89,0.09,0.09,0.092817,1776206906000
1776206907.544,207.544,0.82,7.0,0.81,7.0,0.89,10.0,0.9,15.0,0.09,27.03,0.08,35.29,0.18,34.6,0.19,23.89,0.07,0.09,0.092817,1776206906000
1776206908.371,208.371,0.82,7.0,0.81,7.0,0.89,10.0,0.9,15.0,0.11,10.0,0.1,15.0,0.18,7.0,0.19,7.0,0.07,0.07,0.092817,1776206907000
1776206909.097,209.097,0.82,7.0,0.81,7.0,0.89,10.0,0.9,15.0,0.11,10.0,0.1,15.0,0.18,7.0,0.19,7.0,0.07,0.07,0.092815,1776206908000
1776206910.325,210.325,0.81,7.0,0.75,5.0,0.9,38.9,0.91,86.7,0.1,38.9,0.09,86.7,0.19,7.0,0.25,5.0,0.09,0.09,0.092799,1776206909000
1776206910.999,210.999,0.81,7.0,0.75,5.0,0.9,38.9,0.91,86.7,0.1,38.9,0.09,86.7,0.19,7.0,0.25,5.0,0.09,0.09,0.092799,1776206910000
1776206912.458,212.458,0.81,7.0,0.75,5.0,0.9,38.9,0.91,86.7,0.1,38.9,0.09,86.7,0.19,7.0,0.25,5.0,0.09,0.09,0.092798,1776206911000
1776206913.108,213.108,0.81,7.0,0.75,5.0,0.9,38.9,0.91,86.7,0.1,38.9,0.09,86.7,0.19,7.0,0.25,5.0,0.09,0.09,0.092798,1776206912000
1776206914.462,214.462,0.81,7.0,0.75,5.0,0.9,38.9,0.91,86.7,0.1,38.9,0.09,86.7,0.19,7.0,0.25,5.0,0.09,0.09,0.092797,1776206913000
1776206915.148,215.148,0.81,7.0,0.75,5.0,0.9,38.9,0.91,86.7,0.1,38.9,0.09,86.7,0.19,7.0,0.25,5.0,0.09,0.09,0.092797,1776206914000
1776206915.909,215.909,0.6,10.8,0.59,10.7,0.81,43.0,0.82,6.0,0.1,38.9,0.09,86.7,0.19,7.0,0.25,5.0,0.21,0.09,0.092797,1776206914000
1776206916.547,216.547,0.6,10.8,0.59,10.7,0.81,43.0,0.82,6.0,0.19,43.0,0.18,6.0,0.4,10.8,0.41,10.7,0.21,0.21,0.092797,1776206915000
1776206917.246,217.246,0.6,10.8,0.59,10.7,0.81,43.0,0.82,6.0,0.19,43.0,0.18,6.0,0.4,10.8,0.41,10.7,0.21,0.21,0.092797,1776206916000
1776206918.613,218.613,0.6,10.8,0.59,10.7,0.81,43.0,0.82,6.0,0.19,43.0,0.18,6.0,0.4,10.8,0.41,10.7,0.21,0.21,0.092767,1776206917000
1776206919.358,219.358,0.6,10.8,0.59,10.7,0.81,43.0,0.82,6.0,0.19,43.0,0.18,6.0,0.4,10.8,0.41,10.7,0.21,0.21,0.092766,1776206918000
1776206920.008,220.008,0.6,10.8,0.59,10.7,0.81,43.0,0.82,6.0,0.19,43.0,0.18,6.0,0.4,10.8,0.41,10.7,0.21,0.21,0.092772,1776206919000
1776206920.962,220.962,0.6,10.8,0.59,10.7,0.81,43.0,0.82,6.0,0.19,43.0,0.18,6.0,0.4,10.8,0.41,10.7,0.21,0.21,0.092779,1776206920000
1776206921.938,221.938,0.6,10.8,0.59,10.7,0.81,43.0,0.82,6.0,0.19,43.0,0.18,6.0,0.4,10.8,0.41,10.7,0.21,0.21,0.092779,1776206921000
1776206922.975,222.975,0.64,11.3,0.63,11.2,0.81,48.76,0.85,20.0,0.19,48.76,0.15,20.0,0.36,11.3,0.37,11.2,0.17,0.17,0.092779,1776206922000
1776206924.005,224.005,0.64,11.3,0.63,11.2,0.81,48.76,0.85,20.0,0.19,48.76,0.15,20.0,0.36,11.3,0.37,11.2,0.17,0.17,0.092772,1776206923000
1776206924.923,224.923,0.64,11.3,0.63,11.2,0.81,48.76,0.85,20.0,0.19,48.76,0.15,20.0,0.36,11.3,0.37,11.2,0.17,0.17,0.09278,1776206924000
1776206925.885,225.885,0.64,11.3,0.63,11.2,0.81,48.76,0.85,20.0,0.19,48.76,0.15,20.0,0.36,11.3,0.37,11.2,0.17,0.17,0.09278,1776206925000
1776206926.88,226.88,0.64,11.3,0.63,11.2,0.81,48.76,0.85,20.0,0.19,48.76,0.15,20.0,0.36,11.3,0.37,11.2,0.17,0.17,0.092794,1776206926000
1776206928.346,228.346,0.64,11.3,0.63,11.2,0.81,48.76,0.85,20.0,0.19,48.76,0.15,20.0,0.36,11.3,0.37,11.2,0.17,0.17,0.092792,1776206927000
1776206929.105,229.105,0.75,30.9,0.74,13.5,0.77,5.0,0.78,5.0,0.19,48.76,0.15,20.0,0.36,11.3,0.37,11.2,0.02,0.17,0.092792,1776206927000
1776206930.194,230.194,0.75,30.9,0.74,13.5,0.77,5.0,0.78,5.0,0.23,5.0,0.22,5.0,0.25,30.9,0.26,13.5,0.02,0.02,0.092788,1776206929000
1776206931.269,231.269,0.75,30.9,0.74,13.5,0.77,5.0,0.78,5.0,0.23,5.0,0.22,5.0,0.25,30.9,0.26,13.5,0.02,0.02,0.092787,1776206930000
1776206932.136,232.136,0.75,30.9,0.74,13.5,0.77,5.0,0.78,5.0,0.23,5.0,0.22,5.0,0.25,30.9,0.26,13.5,0.02,0.02,0.092767,1776206931000
1776206933.764,233.764,0.75,30.9,0.74,13.5,0.77,5.0,0.78,5.0,0.23,5.0,0.22,5.0,0.25,30.9,0.26,13.5,0.02,0.02,0.092763,1776206932000
1776206934.302,234.302,0.75,30.9,0.74,13.5,0.77,5.0,0.78,5.0,0.23,5.0,0.22,5.0,0.25,30.9,0.26,13.5,0.02,0.02,0.092769,1776206933000
1776206934.629,234.629,0.6,29.8,0.59,10.7,0.61,5.0,0.81,50.0,0.23,5.0,0.22,5.0,0.25,30.9,0.26,13.5,0.01,0.02,0.092769,1776206933000
1776206935.288,235.288,0.6,29.8,0.59,10.7,0.61,5.0,0.81,50.0,0.39,5.0,0.19,50.0,0.4,29.8,0.41,10.7,0.01,0.01,0.092769,1776206934000
1776206936.227,236.227,0.6,29.8,0.59,10.7,0.61,5.0,0.81,50.0,0.39,5.0,0.19,50.0,0.4,29.8,0.41,10.7,0.01,0.01,0.092769,1776206935000
1776206937.206,237.206,0.6,29.8,0.59,10.7,0.61,5.0,0.81,50.0,0.39,5.0,0.19,50.0,0.4,29.8,0.41,10.7,0.01,0.01,0.092761,1776206936000
1776206938.195,238.195,0.6,29.8,0.59,10.7,0.61,5.0,0.81,50.0,0.39,5.0,0.19,50.0,0.4,29.8,0.41,10.7,0.01,0.01,0.09276,1776206937000
1776206939.142,239.142,0.6,29.8,0.59,10.7,0.61,5.0,0.81,50.0,0.39,5.0,0.19,50.0,0.4,29.8,0.41,10.7,0.01,0.01,0.092759,1776206938000
1776206940.145,240.145,0.6,29.8,0.59,10.7,0.61,5.0,0.81,50.0,0.39,5.0,0.19,50.0,0.4,29.8,0.41,10.7,0.01,0.01,0.09276,1776206939000
1776206941.066,241.066,0.6,29.8,0.59,10.7,0.61,5.0,0.81,50.0,0.39,5.0,0.19,50.0,0.4,29.8,0.41,10.7,0.01,0.01,0.09276,1776206940000
1776206942.123,242.123,0.6,29.8,0.59,10.7,0.61,5.0,0.81,50.0,0.39,5.0,0.19,50.0,0.4,29.8,0.41,10.7,0.01,0.01,0.092763,1776206941000
1776206943.061,243.061,0.6,29.8,0.59,10.7,0.61,5.0,0.81,50.0,0.39,5.0,0.19,50.0,0.4,29.8,0.41,10.7,0.01,0.01,0.092762,1776206942000
1776206943.993,243.993,0.62,11.0,0.61,10.9,0.81,64.42,0.82,17.6,0.19,64.42,0.18,17.6,0.38,11.0,0.39,10.9,0.19,0.19,0.092761,1776206943000
1776206945.055,245.055,0.62,11.0,0.61,10.9,0.81,64.42,0.82,17.6,0.19,64.42,0.18,17.6,0.38,11.0,0.39,10.9,0.19,0.19,0.09276,1776206944000
1776206946.452,246.452,0.62,11.0,0.61,10.9,0.81,64.42,0.82,17.6,0.19,64.42,0.18,17.6,0.38,11.0,0.39,10.9,0.19,0.19,0.092756,1776206945000
1776206947.042,247.042,0.62,11.0,0.61,10.9,0.81,64.42,0.82,17.6,0.19,64.42,0.18,17.6,0.38,11.0,0.39,10.9,0.19,0.19,0.092755,1776206946000
1776206948.107,248.107,0.62,11.0,0.61,10.9,0.81,64.42,0.82,17.6,0.19,64.42,0.18,17.6,0.38,11.0,0.39,10.9,0.19,0.19,0.09276,1776206947000
1776206949.209,249.209,0.62,11.0,0.61,10.9,0.81,64.42,0.82,17.6,0.19,64.42,0.18,17.6,0.38,11.0,0.39,10.9,0.19,0.19,0.092761,1776206948000
1776206950.101,250.101,0.62,11.0,0.61,10.9,0.81,64.42,0.82,17.6,0.19,64.42,0.18,17.6,0.38,11.0,0.39,10.9,0.19,0.19,0.092764,1776206949000
1776206951.181,251.181,0.62,11.0,0.61,10.9,0.81,64.42,0.82,17.6,0.19,64.42,0.18,17.6,0.38,11.0,0.39,10.9,0.19,0.19,0.092764,1776206950000
1776206952.174,252.174,0.62,11.0,0.61,10.9,0.81,64.42,0.82,17.6,0.19,64.42,0.18,17.6,0.38,11.0,0.39,10.9,0.19,0.19,0.092774,1776206951000
1776206953.195,253.195,0.62,11.0,0.61,10.9,0.81,64.42,0.82,17.6,0.19,64.42,0.18,17.6,0.38,11.0,0.39,10.9,0.19,0.19,0.092785,1776206952000
1776206954.212,254.212,0.62,11.0,0.61,10.9,0.81,64.42,0.82,17.6,0.19,64.42,0.18,17.6,0.38,11.0,0.39,10.9,0.19,0.19,0.092784,1776206953000
1776206955.217,255.217,0.62,11.0,0.61,10.9,0.81,64.42,0.82,17.6,0.19,64.42,0.18,17.6,0.38,11.0,0.39,10.9,0.19,0.19,0.092785,1776206954000
1776206956.193,256.193,0.62,11.0,0.61,10.9,0.81,64.42,0.82,17.6,0.19,64.42,0.18,17.6,0.38,11.0,0.39,10.9,0.19,0.19,0.092786,1776206955000
1776206957.229,257.229,0.72,12.9,0.71,93.6,0.96,42.71,0.97,89.3,0.19,64.42,0.18,17.6,0.38,11.0,0.39,10.9,0.24,0.19,0.092786,1776206955000
1776206958.23,258.23,0.72,12.9,0.71,93.6,0.96,42.71,0.97,89.3,0.04,42.71,0.03,89.3,0.28,12.9,0.29,93.6,0.24,0.24,0.092795,1776206957000
1776206959.603,259.603,0.72,12.9,0.71,93.6,0.96,42.71,0.97,89.3,0.04,42.71,0.03,89.3,0.28,12.9,0.29,93.6,0.24,0.24,0.092796,1776206958000
1776206960.12,260.12,0.72,12.9,0.71,93.6,0.96,42.71,0.97,89.3,0.04,42.71,0.03,89.3,0.28,12.9,0.29,93.6,0.24,0.24,0.092798,1776206959000
1776206961.179,261.179,0.72,12.9,0.71,93.6,0.96,42.71,0.97,89.3,0.04,42.71,0.03,89.3,0.28,12.9,0.29,93.6,0.24,0.24,0.092798,1776206960000
1776206962.176,262.176,0.72,12.9,0.71,93.6,0.96,42.71,0.97,89.3,0.04,42.71,0.03,89.3,0.28,12.9,0.29,93.6,0.24,0.24,0.092798,1776206961000
1776206963.249,263.249,0.72,12.9,0.71,93.6,0.96,42.71,0.97,89.3,0.04,42.71,0.03,89.3,0.28,12.9,0.29,93.6,0.24,0.24,0.092797,1776206962000
1776206964.328,264.328,0.72,12.9,0.71,93.6,0.96,42.71,0.97,89.3,0.04,42.71,0.03,89.3,0.28,12.9,0.29,93.6,0.24,0.24,0.092797,1776206963000
1776206964.861,264.861,0.72,12.9,0.71,93.6,0.96,42.71,0.97,89.3,0.04,42.71,0.03,89.3,0.28,12.9,0.29,93.6,0.24,0.24,0.092798,1776206964000
1776206965.947,265.947,0.72,12.9,0.71,93.6,0.96,42.71,0.97,89.3,0.04,42.71,0.03,89.3,0.28,12.9,0.29,93.6,0.24,0.24,0.092797,1776206965000
1776206966.937,266.937,0.72,12.9,0.71,93.6,0.96,42.71,0.97,89.3,0.04,42.71,0.03,89.3,0.28,12.9,0.29,93.6,0.24,0.24,0.092798,1776206966000
1776206967.975,267.975,0.72,12.9,0.71,93.6,0.96,42.71,0.97,89.3,0.04,42.71,0.03,89.3,0.28,12.9,0.29,93.6,0.24,0.24,0.092798,1776206967000
1776206969.019,269.019,0.72,12.9,0.71,93.6,0.96,42.71,0.97,89.3,0.04,42.71,0.03,89.3,0.28,12.9,0.29,93.6,0.24,0.24,0.092798,1776206968000
1776206970.047,270.047,0.72,12.9,0.71,93.6,0.96,42.71,0.97,89.3,0.04,42.71,0.03,89.3,0.28,12.9,0.29,93.6,0.24,0.24,0.092798,1776206969000
1776206971.022,271.022,0.72,12.9,0.71,93.6,0.96,42.71,0.97,89.3,0.04,42.71,0.03,89.3,0.28,12.9,0.29,93.6,0.24,0.24,0.092798,1776206970000
1776206972.154,272.154,0.72,12.9,0.71,93.6,0.96,42.71,0.97,89.3,0.04,42.71,0.03,89.3,0.28,12.9,0.29,93.6,0.24,0.24,0.092789,1776206971000
1776206973.183,273.183,0.72,12.9,0.71,93.6,0.96,42.71,0.97,89.3,0.04,42.71,0.03,89.3,0.28,12.9,0.29,93.6,0.24,0.24,0.092788,1776206972000
1776206975.206,275.206,0.72,12.9,0.71,93.6,0.96,42.71,0.97,89.3,0.04,42.71,0.03,89.3,0.28,12.9,0.29,93.6,0.24,0.24,0.092784,1776206973000
1776206975.712,275.712,0.72,12.9,0.71,93.6,0.96,42.71,0.97,89.3,0.04,42.71,0.03,89.3,0.28,12.9,0.29,93.6,0.24,0.24,0.092783,1776206974000
1776206976.542,276.542,0.72,12.9,0.71,93.6,0.96,42.71,0.97,89.3,0.04,42.71,0.03,89.3,0.28,12.9,0.29,93.6,0.24,0.24,0.092783,1776206975000
1776206977.201,277.201,0.72,12.9,0.71,93.6,0.96,42.71,0.97,89.3,0.04,42.71,0.03,89.3,0.28,12.9,0.29,93.6,0.24,0.24,0.092783,1776206976000
1776206978.771,278.771,0.72,12.9,0.71,93.6,0.96,42.71,0.97,89.3,0.04,42.71,0.03,89.3,0.28,12.9,0.29,93.6,0.24,0.24,0.09278,1776206977000
1776206979.427,279.427,0.72,12.9,0.71,93.6,0.96,42.71,0.97,89.3,0.04,42.71,0.03,89.3,0.28,12.9,0.29,93.6,0.24,0.24,0.09278,1776206978000
1776206980.083,280.083,0.72,12.9,0.71,93.6,0.96,42.71,0.97,89.3,0.04,42.71,0.03,89.3,0.28,12.9,0.29,93.6,0.24,0.24,0.09278,1776206979000
1776206981.581,281.581,0.72,12.9,0.71,93.6,0.96,42.71,0.97,89.3,0.04,42.71,0.03,89.3,0.28,12.9,0.29,93.6,0.24,0.24,0.092778,1776206980000
1776206982.286,282.286,0.72,12.9,0.71,93.6,0.96,42.71,0.97,89.3,0.04,42.71,0.03,89.3,0.28,12.9,0.29,93.6,0.24,0.24,0.092778,1776206981000
1776206983.635,283.635,0.72,12.9,0.71,93.6,0.96,42.71,0.97,89.3,0.04,42.71,0.03,89.3,0.28,12.9,0.29,93.6,0.24,0.24,0.092778,1776206982000
1776206984.323,284.323,0.72,12.9,0.71,93.6,0.96,42.71,0.97,89.3,0.04,42.71,0.03,89.3,0.28,12.9,0.29,93.6,0.24,0.24,0.092778,1776206983000
1776206985.149,285.149,0.72,12.9,0.71,93.6,0.96,42.71,0.97,89.3,0.04,42.71,0.03,89.3,0.28,12.9,0.29,93.6,0.24,0.24,0.092776,1776206984000
1776206986.463,286.463,0.72,12.9,0.71,93.6,0.96,42.71,0.97,89.3,0.04,42.71,0.03,89.3,0.28,12.9,0.29,93.6,0.24,0.24,0.092774,1776206985000
1776206987.163,287.163,0.72,12.9,0.71,93.6,0.96,42.71,0.97,89.3,0.04,42.71,0.03,89.3,0.28,12.9,0.29,93.6,0.24,0.24,0.092774,1776206986000
1776206988.547,288.547,0.72,12.9,0.71,93.6,0.96,42.71,0.97,89.3,0.04,42.71,0.03,89.3,0.28,12.9,0.29,93.6,0.24,0.24,0.092764,1776206987000
1776206989.21,289.21,0.72,12.9,0.71,93.6,0.96,42.71,0.97,89.3,0.04,42.71,0.03,89.3,0.28,12.9,0.29,93.6,0.24,0.24,0.09276,1776206988000
1776206990.712,290.712,0.72,12.9,0.71,93.6,0.96,42.71,0.97,89.3,0.04,42.71,0.03,89.3,0.28,12.9,0.29,93.6,0.24,0.24,0.092759,1776206989000
1776206991.205,291.205,0.81,50.0,0.71,50.0,0.96,2.91,0.98,15.0,0.04,42.71,0.03,89.3,0.28,12.9,0.29,93.6,0.15,0.24,0.092759,1776206989000
1776206991.67,291.67,0.81,50.0,0.71,50.0,0.96,2.91,0.98,15.0,0.04,2.91,0.02,15.0,0.19,50.0,0.29,50.0,0.15,0.15,0.092759,1776206990000
1776206992.204,292.204,0.81,50.0,0.71,50.0,0.96,2.91,0.98,15.0,0.04,2.91,0.02,15.0,0.19,50.0,0.29,50.0,0.15,0.15,0.092759,1776206991000
1776206993.138,293.138,0.81,50.0,0.71,50.0,0.96,2.91,0.98,15.0,0.04,2.91,0.02,15.0,0.19,50.0,0.29,50.0,0.15,0.15,0.092759,1776206992000
1776206994.825,294.825,0.81,50.0,0.71,50.0,0.96,2.91,0.98,15.0,0.04,2.91,0.02,15.0,0.19,50.0,0.29,50.0,0.15,0.15,0.092763,1776206993000
1776206995.428,295.428,0.81,50.0,0.71,50.0,0.96,2.91,0.98,15.0,0.04,2.91,0.02,15.0,0.19,50.0,0.29,50.0,0.15,0.15,0.092768,1776206994000
1776206995.64,295.64,0.81,50.0,0.71,50.0,0.96,1.86,0.98,15.0,0.04,2.91,0.02,15.0,0.19,50.0,0.29,50.0,0.15,0.15,0.092768,1776206994000
1776206995.947,295.947,0.81,50.0,0.71,50.0,0.96,1.86,0.98,15.0,0.04,1.86,0.02,15.0,0.19,50.0,0.29,50.0,0.15,0.15,0.092768,1776206995000
1776206996.387,296.387,0.81,50.0,0.71,50.0,0.98,15.0,0.99,120.0,0.04,1.86,0.02,15.0,0.19,50.0,0.29,50.0,0.17,0.15,0.092768,1776206995000
1776206996.751,296.751,0.81,50.0,0.71,50.0,0.99,120.0,,,0.02,13.86,0.01,120.0,0.19,50.0,0.29,50.0,0.18,0.17,0.092768,1776206995000
1776206997.008,297.008,0.81,50.0,0.71,50.0,0.99,114.0,,,0.01,114.0,,,0.19,50.0,0.29,50.0,0.18,0.18,0.092768,1776206996000
1776206997.329,297.329,0.81,50.0,0.71,50.0,0.99,97.19,,,0.01,109.32,,,0.19,50.0,0.29,50.0,0.18,0.18,0.092768,1776206996000
1776206997.692,297.692,0.81,50.0,0.71,50.0,0.99,82.61,,,0.01,83.63,,,0.19,50.0,0.29,50.0,0.18,0.18,0.092768,1776206996000
1776206998.033,298.033,0.81,50.0,0.71,50.0,0.99,20.11,,,0.01,20.11,,,0.19,50.0,0.29,50.0,0.18,0.18,0.092768,1776206997000
1776206998.253,298.253,0.99,86.34,0.81,50.0,,,,,0.01,13.66,,,0.19,50.0,0.29,50.0,,0.18,0.092768,1776206997000
1776206998.569,298.569,0.99,187.07,0.81,50.0,,,,,,,,,0.01,86.34,0.19,50.0,,,0.092768,1776206997000
1776206999.078,299.078,0.99,187.07,0.81,50.0,,,,,,,,,0.01,187.07,0.19,50.0,,,0.092769,1776206998000
1776207000.235,300.235,0.99,187.07,0.81,50.0,,,,,,,,,0.01,187.07,0.19,50.0,,,0.09277,1776206999000

# RESULT,winner=Up,slug=doge-updown-5m-1776206700,ticks=324
