timestamp,elapsed_sec,up_bid_p1,up_bid_s1,up_bid_p2,up_bid_s2,up_ask_p1,up_ask_s1,up_ask_p2,up_ask_s2,down_bid_p1,down_bid_s1,down_bid_p2,down_bid_s2,down_ask_p1,down_ask_s1,down_ask_p2,down_ask_s2,up_spread,down_spread,doge_price,doge_oracle_ts
1776201001.302,1.302,,,,,,,,,,,,,,,,,,,0.093069,1776201000000
1776201001.779,1.779,0.33,300.0,0.31,375.0,0.5,5.76,0.67,300.0,0.5,5.76,0.33,300.0,0.67,300.0,0.69,375.0,0.17,0.17,0.093069,1776201000000
1776201002.871,2.871,0.33,300.0,0.31,375.0,0.5,5.76,0.67,300.0,0.5,5.76,0.33,300.0,0.67,300.0,0.69,375.0,0.17,0.17,0.09306,1776201001000
1776201003.478,3.478,0.33,300.0,0.31,375.0,0.5,5.76,0.67,300.0,0.5,5.76,0.33,300.0,0.67,300.0,0.69,375.0,0.17,0.17,0.093045,1776201002000
1776201004.401,4.401,0.33,300.0,0.31,375.0,0.5,5.76,0.67,300.0,0.5,5.76,0.33,300.0,0.67,300.0,0.69,375.0,0.17,0.17,0.093046,1776201003000
1776201005.24,5.24,0.33,300.0,0.31,375.0,0.5,5.76,0.67,300.0,0.5,5.76,0.33,300.0,0.67,300.0,0.69,375.0,0.17,0.17,0.093046,1776201004000
1776201006.453,6.453,0.33,300.0,0.31,375.0,0.5,5.76,0.67,300.0,0.5,5.76,0.33,300.0,0.67,300.0,0.69,375.0,0.17,0.17,0.093046,1776201005000
1776201007.472,7.472,0.33,300.0,0.31,375.0,0.5,5.76,0.67,300.0,0.5,5.76,0.33,300.0,0.67,300.0,0.69,375.0,0.17,0.17,0.093043,1776201006000
1776201007.876,7.876,0.41,5.0,0.4,5.0,0.5,10.16,0.52,5.0,0.5,5.76,0.33,300.0,0.67,300.0,0.69,375.0,0.09,0.17,0.093043,1776201006000
1776201008.187,8.187,0.41,5.0,0.4,5.0,0.5,10.16,0.52,5.0,0.5,10.16,0.48,5.0,0.59,5.0,0.6,5.0,0.09,0.09,0.093045,1776201007000
1776201009.516,9.516,0.41,5.0,0.4,5.0,0.5,10.16,0.52,5.0,0.5,10.16,0.48,5.0,0.59,5.0,0.6,5.0,0.09,0.09,0.093045,1776201008000
1776201010.103,10.103,0.41,5.0,0.4,5.0,0.5,10.16,0.52,5.0,0.5,10.16,0.48,5.0,0.59,5.0,0.6,5.0,0.09,0.09,0.093046,1776201009000
1776201011.553,11.553,0.41,5.0,0.4,5.0,0.5,10.16,0.52,5.0,0.5,10.16,0.48,5.0,0.59,5.0,0.6,5.0,0.09,0.09,0.093047,1776201010000
1776201012.128,12.128,0.41,5.0,0.4,5.0,0.5,10.16,0.52,5.0,0.5,10.16,0.48,5.0,0.59,5.0,0.6,5.0,0.09,0.09,0.093047,1776201011000
1776201013.432,13.432,0.41,5.0,0.4,5.0,0.5,10.16,0.52,5.0,0.5,10.16,0.48,5.0,0.59,5.0,0.6,5.0,0.09,0.09,0.093046,1776201012000
1776201014.133,14.133,0.41,5.0,0.4,5.0,0.5,10.16,0.52,5.0,0.5,10.16,0.48,5.0,0.59,5.0,0.6,5.0,0.09,0.09,0.093046,1776201013000
1776201015.324,15.324,0.41,5.0,0.4,5.0,0.5,10.16,0.52,5.0,0.5,10.16,0.48,5.0,0.59,5.0,0.6,5.0,0.09,0.09,0.093046,1776201014000
1776201015.974,15.974,0.41,5.0,0.4,5.0,0.5,10.16,0.52,5.0,0.5,10.16,0.48,5.0,0.59,5.0,0.6,5.0,0.09,0.09,0.093046,1776201015000
1776201017.292,17.292,0.41,5.0,0.4,5.0,0.5,10.16,0.52,5.0,0.5,10.16,0.48,5.0,0.59,5.0,0.6,5.0,0.09,0.09,0.093046,1776201016000
1776201018.536,18.536,0.41,5.0,0.4,5.0,0.5,10.16,0.52,5.0,0.5,10.16,0.48,5.0,0.59,5.0,0.6,5.0,0.09,0.09,0.093046,1776201017000
1776201019.247,19.247,0.41,5.0,0.4,5.0,0.5,10.16,0.52,5.0,0.5,10.16,0.48,5.0,0.59,5.0,0.6,5.0,0.09,0.09,0.093046,1776201018000
1776201020.504,20.504,0.41,5.0,0.4,5.0,0.5,10.16,0.52,5.0,0.5,10.16,0.48,5.0,0.59,5.0,0.6,5.0,0.09,0.09,0.093047,1776201019000
1776201021.114,21.114,0.41,5.0,0.4,5.0,0.5,10.16,0.52,5.0,0.5,10.16,0.48,5.0,0.59,5.0,0.6,5.0,0.09,0.09,0.093051,1776201020000
1776201022.369,22.369,0.41,5.0,0.4,5.0,0.5,10.16,0.52,5.0,0.5,10.16,0.48,5.0,0.59,5.0,0.6,5.0,0.09,0.09,0.093051,1776201021000
1776201023.469,23.469,0.41,5.0,0.4,5.0,0.5,10.16,0.52,5.0,0.5,10.16,0.48,5.0,0.59,5.0,0.6,5.0,0.09,0.09,0.093051,1776201022000
1776201024.098,24.098,0.41,5.0,0.4,5.0,0.5,10.16,0.52,5.0,0.5,10.16,0.48,5.0,0.59,5.0,0.6,5.0,0.09,0.09,0.09305,1776201023000
1776201024.91,24.91,0.41,5.0,0.4,5.0,0.5,10.16,0.52,5.0,0.5,10.16,0.48,5.0,0.59,5.0,0.6,5.0,0.09,0.09,0.09305,1776201024000
1776201025.936,25.936,0.41,5.0,0.4,5.0,0.5,10.16,0.52,5.0,0.5,10.16,0.48,5.0,0.59,5.0,0.6,5.0,0.09,0.09,0.09305,1776201025000
1776201026.891,26.891,0.41,5.0,0.4,5.0,0.5,10.16,0.52,5.0,0.5,10.16,0.48,5.0,0.59,5.0,0.6,5.0,0.09,0.09,0.093051,1776201026000
1776201027.943,27.943,0.41,5.0,0.4,5.0,0.5,10.16,0.52,5.0,0.5,10.16,0.48,5.0,0.59,5.0,0.6,5.0,0.09,0.09,0.093051,1776201027000
1776201028.886,28.886,0.41,5.0,0.4,5.0,0.5,10.16,0.52,5.0,0.5,10.16,0.48,5.0,0.59,5.0,0.6,5.0,0.09,0.09,0.093048,1776201028000
1776201029.999,29.999,0.41,5.0,0.4,5.0,0.5,10.16,0.52,5.0,0.5,10.16,0.48,5.0,0.59,5.0,0.6,5.0,0.09,0.09,0.093047,1776201029000
1776201030.932,30.932,0.41,5.0,0.4,5.0,0.5,10.16,0.52,5.0,0.5,10.16,0.48,5.0,0.59,5.0,0.6,5.0,0.09,0.09,0.093047,1776201030000
1776201031.978,31.978,0.41,5.0,0.4,5.0,0.5,10.16,0.52,5.0,0.5,10.16,0.48,5.0,0.59,5.0,0.6,5.0,0.09,0.09,0.093047,1776201031000
1776201032.962,32.962,0.41,5.0,0.4,5.0,0.5,10.16,0.52,5.0,0.5,10.16,0.48,5.0,0.59,5.0,0.6,5.0,0.09,0.09,0.093047,1776201032000
1776201034.08,34.08,0.41,5.0,0.4,5.0,0.5,10.16,0.52,5.0,0.5,10.16,0.48,5.0,0.59,5.0,0.6,5.0,0.09,0.09,0.093041,1776201033000
1776201034.929,34.929,0.41,5.0,0.4,5.0,0.5,10.16,0.52,5.0,0.5,10.16,0.48,5.0,0.59,5.0,0.6,5.0,0.09,0.09,0.09304,1776201034000
1776201035.915,35.915,0.41,5.0,0.4,5.0,0.5,10.16,0.52,5.0,0.5,10.16,0.48,5.0,0.59,5.0,0.6,5.0,0.09,0.09,0.093039,1776201035000
1776201037.398,37.398,0.41,5.0,0.4,5.0,0.5,10.16,0.52,5.0,0.5,10.16,0.48,5.0,0.59,5.0,0.6,5.0,0.09,0.09,0.093039,1776201036000
1776201037.989,37.989,0.41,5.0,0.4,5.0,0.5,10.16,0.52,5.0,0.5,10.16,0.48,5.0,0.59,5.0,0.6,5.0,0.09,0.09,0.093039,1776201037000
1776201039.022,39.022,0.41,5.0,0.4,5.0,0.5,10.16,0.52,5.0,0.5,10.16,0.48,5.0,0.59,5.0,0.6,5.0,0.09,0.09,0.093039,1776201038000
1776201040.108,40.108,0.41,5.0,0.4,5.0,0.5,10.16,0.52,5.0,0.5,10.16,0.48,5.0,0.59,5.0,0.6,5.0,0.09,0.09,0.093039,1776201039000
1776201041.159,41.159,0.41,5.0,0.4,5.0,0.5,10.16,0.52,5.0,0.5,10.16,0.48,5.0,0.59,5.0,0.6,5.0,0.09,0.09,0.09304,1776201040000
1776201042.208,42.208,0.41,5.0,0.4,5.0,0.5,10.16,0.52,5.0,0.5,10.16,0.48,5.0,0.59,5.0,0.6,5.0,0.09,0.09,0.09304,1776201041000
1776201043.187,43.187,0.41,5.0,0.4,5.0,0.5,10.16,0.52,5.0,0.5,10.16,0.48,5.0,0.59,5.0,0.6,5.0,0.09,0.09,0.093039,1776201042000
1776201044.228,44.228,0.41,5.0,0.4,5.0,0.5,10.16,0.52,5.0,0.5,10.16,0.48,5.0,0.59,5.0,0.6,5.0,0.09,0.09,0.093035,1776201043000
1776201045.249,45.249,0.41,5.0,0.4,5.0,0.5,10.16,0.52,5.0,0.5,10.16,0.48,5.0,0.59,5.0,0.6,5.0,0.09,0.09,0.093039,1776201044000
1776201046.289,46.289,0.41,5.0,0.4,5.0,0.5,10.16,0.52,5.0,0.5,10.16,0.48,5.0,0.59,5.0,0.6,5.0,0.09,0.09,0.093039,1776201045000
1776201047.347,47.347,0.41,5.0,0.4,5.0,0.5,10.16,0.52,5.0,0.5,10.16,0.48,5.0,0.59,5.0,0.6,5.0,0.09,0.09,0.093033,1776201046000
1776201047.838,47.838,0.41,5.0,0.4,5.0,0.5,10.16,0.52,5.0,0.5,10.16,0.48,5.0,0.59,5.0,0.6,5.0,0.09,0.09,0.093033,1776201047000
1776201048.998,48.998,0.41,5.0,0.4,5.0,0.5,10.16,0.52,5.0,0.5,10.16,0.48,5.0,0.59,5.0,0.6,5.0,0.09,0.09,0.093033,1776201048000
1776201050.485,50.485,0.41,5.0,0.4,5.0,0.5,10.16,0.52,5.0,0.5,10.16,0.48,5.0,0.59,5.0,0.6,5.0,0.09,0.09,0.093033,1776201049000
1776201050.964,50.964,0.41,5.0,0.4,5.0,0.5,10.16,0.52,5.0,0.5,10.16,0.48,5.0,0.59,5.0,0.6,5.0,0.09,0.09,0.093033,1776201050000
1776201051.997,51.997,0.41,5.0,0.4,5.0,0.5,10.16,0.52,5.0,0.5,10.16,0.48,5.0,0.59,5.0,0.6,5.0,0.09,0.09,0.093026,1776201051000
1776201052.436,52.436,0.29,5.0,0.28,5.0,0.38,5.0,0.4,5.0,0.5,10.16,0.48,5.0,0.59,5.0,0.6,5.0,0.09,0.09,0.093026,1776201051000
1776201053.001,53.001,0.29,5.0,0.28,5.0,0.38,5.0,0.4,5.0,0.62,5.0,0.6,5.0,0.71,5.0,0.72,5.0,0.09,0.09,0.09301,1776201052000
1776201054.108,54.108,0.29,5.0,0.28,5.0,0.38,5.0,0.4,5.0,0.62,5.0,0.6,5.0,0.71,5.0,0.72,5.0,0.09,0.09,0.093015,1776201053000
1776201054.563,54.563,0.31,5.0,0.28,12.9,0.41,5.0,0.43,5.0,0.62,5.0,0.6,5.0,0.71,5.0,0.72,5.0,0.1,0.09,0.093015,1776201053000
1776201055.137,55.137,0.31,5.0,0.28,12.9,0.41,5.0,0.43,5.0,0.59,5.0,0.57,5.0,0.69,5.0,0.72,12.9,0.1,0.1,0.093028,1776201054000
1776201056.236,56.236,0.31,5.0,0.28,12.9,0.41,5.0,0.43,5.0,0.59,5.0,0.57,5.0,0.69,5.0,0.72,12.9,0.1,0.1,0.093022,1776201055000
1776201057.354,57.354,0.31,5.0,0.28,12.9,0.41,5.0,0.43,5.0,0.59,5.0,0.57,5.0,0.69,5.0,0.72,12.9,0.1,0.1,0.093022,1776201056000
1776201058.278,58.278,0.31,5.0,0.28,12.9,0.41,5.0,0.43,5.0,0.59,5.0,0.57,5.0,0.69,5.0,0.72,12.9,0.1,0.1,0.093022,1776201057000
1776201059.413,59.413,0.31,5.0,0.28,12.9,0.41,5.0,0.43,5.0,0.59,5.0,0.57,5.0,0.69,5.0,0.72,12.9,0.1,0.1,0.093023,1776201058000
1776201059.957,59.957,0.31,5.0,0.28,12.9,0.41,5.0,0.43,5.0,0.59,5.0,0.57,5.0,0.69,5.0,0.72,12.9,0.1,0.1,0.093028,1776201059000
1776201060.689,60.689,0.29,5.0,0.23,25.0,0.31,45.0,0.37,10.0,0.59,5.0,0.57,5.0,0.69,5.0,0.72,12.9,0.02,0.1,0.093028,1776201059000
1776201060.99,60.99,0.23,25.0,0.19,5.0,0.31,66.0,0.32,5.0,0.69,45.0,0.66,10.0,0.71,3.41,0.77,25.0,0.08,0.02,0.093028,1776201059000
1776201061.205,61.205,0.23,25.0,0.19,5.0,0.31,66.0,0.32,5.0,0.69,66.0,0.68,5.0,0.77,25.0,0.81,5.0,0.08,0.08,0.093019,1776201060000
1776201062.346,62.346,0.23,25.0,0.19,5.0,0.31,66.0,0.32,5.0,0.69,66.0,0.68,5.0,0.77,25.0,0.81,5.0,0.08,0.08,0.092999,1776201061000
1776201063.338,63.338,0.23,25.0,0.19,5.0,0.31,66.0,0.32,5.0,0.69,66.0,0.68,5.0,0.77,25.0,0.81,5.0,0.08,0.08,0.092985,1776201062000
1776201064.448,64.448,0.23,25.0,0.19,5.0,0.31,66.0,0.32,5.0,0.69,66.0,0.68,5.0,0.77,25.0,0.81,5.0,0.08,0.08,0.092985,1776201063000
1776201065.057,65.057,0.23,25.0,0.19,5.0,0.31,66.0,0.32,5.0,0.69,66.0,0.68,5.0,0.77,25.0,0.81,5.0,0.08,0.08,0.092985,1776201064000
1776201066.172,66.172,0.23,25.0,0.19,5.0,0.31,66.0,0.32,5.0,0.69,66.0,0.68,5.0,0.77,25.0,0.81,5.0,0.08,0.08,0.092985,1776201065000
1776201067.305,67.305,0.23,25.0,0.19,5.0,0.31,66.0,0.32,5.0,0.69,66.0,0.68,5.0,0.77,25.0,0.81,5.0,0.08,0.08,0.092985,1776201066000
1776201067.81,67.81,0.23,25.0,0.19,5.0,0.31,66.0,0.32,5.0,0.69,66.0,0.68,5.0,0.77,25.0,0.81,5.0,0.08,0.08,0.092985,1776201067000
1776201068.948,68.948,0.23,25.0,0.19,5.0,0.31,66.0,0.32,5.0,0.69,66.0,0.68,5.0,0.77,25.0,0.81,5.0,0.08,0.08,0.092987,1776201068000
1776201070.052,70.052,0.23,25.0,0.19,5.0,0.31,66.0,0.32,5.0,0.69,66.0,0.68,5.0,0.77,25.0,0.81,5.0,0.08,0.08,0.092987,1776201069000
1776201071.252,71.252,0.23,25.0,0.19,5.0,0.31,66.0,0.32,5.0,0.69,66.0,0.68,5.0,0.77,25.0,0.81,5.0,0.08,0.08,0.092982,1776201070000
1776201072.494,72.494,0.23,25.0,0.19,5.0,0.31,66.0,0.32,5.0,0.69,66.0,0.68,5.0,0.77,25.0,0.81,5.0,0.08,0.08,0.092982,1776201071000
1776201073.039,73.039,0.23,25.0,0.19,5.0,0.31,66.0,0.32,5.0,0.69,66.0,0.68,5.0,0.77,25.0,0.81,5.0,0.08,0.08,0.092987,1776201072000
1776201074.255,74.255,0.23,25.0,0.19,5.0,0.31,66.0,0.32,5.0,0.69,66.0,0.68,5.0,0.77,25.0,0.81,5.0,0.08,0.08,0.092986,1776201073000
1776201074.978,74.978,0.23,25.0,0.19,5.0,0.31,66.0,0.32,5.0,0.69,66.0,0.68,5.0,0.77,25.0,0.81,5.0,0.08,0.08,0.092986,1776201074000
1776201076.157,76.157,0.23,25.0,0.19,5.0,0.31,66.0,0.32,5.0,0.69,66.0,0.68,5.0,0.77,25.0,0.81,5.0,0.08,0.08,0.092986,1776201075000
1776201077.389,77.389,0.23,25.0,0.19,5.0,0.31,66.0,0.32,5.0,0.69,66.0,0.68,5.0,0.77,25.0,0.81,5.0,0.08,0.08,0.092987,1776201076000
1776201077.84,77.84,0.23,25.0,0.19,5.0,0.31,66.0,0.32,5.0,0.69,66.0,0.68,5.0,0.77,25.0,0.81,5.0,0.08,0.08,0.092987,1776201077000
1776201079.469,79.469,0.23,25.0,0.19,5.0,0.31,66.0,0.32,5.0,0.69,66.0,0.68,5.0,0.77,25.0,0.81,5.0,0.08,0.08,0.092992,1776201078000
1776201080.084,80.084,0.23,25.0,0.19,5.0,0.31,66.0,0.32,5.0,0.69,66.0,0.68,5.0,0.77,25.0,0.81,5.0,0.08,0.08,0.092992,1776201079000
1776201081.02,81.02,0.23,25.0,0.19,5.0,0.31,66.0,0.32,5.0,0.69,66.0,0.68,5.0,0.77,25.0,0.81,5.0,0.08,0.08,0.092993,1776201080000
1776201082.005,82.005,0.23,25.0,0.19,5.0,0.31,66.0,0.32,5.0,0.69,66.0,0.68,5.0,0.77,25.0,0.81,5.0,0.08,0.08,0.092993,1776201081000
1776201082.986,82.986,0.23,25.0,0.19,5.0,0.31,66.0,0.32,5.0,0.69,66.0,0.68,5.0,0.77,25.0,0.81,5.0,0.08,0.08,0.092993,1776201082000
1776201084.413,84.413,0.23,25.0,0.19,5.0,0.31,66.0,0.32,5.0,0.69,66.0,0.68,5.0,0.77,25.0,0.81,5.0,0.08,0.08,0.092993,1776201083000
1776201084.892,84.892,0.23,25.0,0.19,5.0,0.31,66.0,0.32,5.0,0.69,66.0,0.68,5.0,0.77,25.0,0.81,5.0,0.08,0.08,0.092993,1776201084000
1776201086.059,86.059,0.23,25.0,0.19,5.0,0.31,66.0,0.32,5.0,0.69,66.0,0.68,5.0,0.77,25.0,0.81,5.0,0.08,0.08,0.092991,1776201085000
1776201087.123,87.123,0.23,25.0,0.19,5.0,0.31,66.0,0.32,5.0,0.69,66.0,0.68,5.0,0.77,25.0,0.81,5.0,0.08,0.08,0.092991,1776201086000
1776201088.081,88.081,0.23,25.0,0.19,5.0,0.31,66.0,0.32,5.0,0.69,66.0,0.68,5.0,0.77,25.0,0.81,5.0,0.08,0.08,0.092995,1776201087000
1776201089.088,89.088,0.23,25.0,0.19,5.0,0.31,66.0,0.32,5.0,0.69,66.0,0.68,5.0,0.77,25.0,0.81,5.0,0.08,0.08,0.092987,1776201088000
1776201090.067,90.067,0.23,25.0,0.19,5.0,0.31,66.0,0.32,5.0,0.69,66.0,0.68,5.0,0.77,25.0,0.81,5.0,0.08,0.08,0.092987,1776201089000
1776201091.029,91.029,0.23,25.0,0.19,5.0,0.31,66.0,0.32,5.0,0.69,66.0,0.68,5.0,0.77,25.0,0.81,5.0,0.08,0.08,0.092995,1776201090000
1776201092.132,92.132,0.23,25.0,0.19,5.0,0.31,66.0,0.32,5.0,0.69,66.0,0.68,5.0,0.77,25.0,0.81,5.0,0.08,0.08,0.092995,1776201091000
1776201093.38,93.38,0.23,25.0,0.19,5.0,0.31,66.0,0.32,5.0,0.69,66.0,0.68,5.0,0.77,25.0,0.81,5.0,0.08,0.08,0.092995,1776201092000
1776201094.507,94.507,0.23,25.0,0.19,5.0,0.31,66.0,0.32,5.0,0.69,66.0,0.68,5.0,0.77,25.0,0.81,5.0,0.08,0.08,0.092995,1776201093000
1776201095.193,95.193,0.23,25.0,0.19,5.0,0.31,66.0,0.32,5.0,0.69,66.0,0.68,5.0,0.77,25.0,0.81,5.0,0.08,0.08,0.092995,1776201094000
1776201096.926,96.926,0.23,25.0,0.19,5.0,0.31,66.0,0.32,5.0,0.69,66.0,0.68,5.0,0.77,25.0,0.81,5.0,0.08,0.08,0.093004,1776201095000
1776201097.754,97.754,0.23,25.0,0.19,5.0,0.31,66.0,0.32,5.0,0.69,66.0,0.68,5.0,0.77,25.0,0.81,5.0,0.08,0.08,0.093004,1776201096000
1776201098.666,98.666,0.23,25.0,0.19,5.0,0.31,66.0,0.32,5.0,0.69,66.0,0.68,5.0,0.77,25.0,0.81,5.0,0.08,0.08,0.093004,1776201097000
1776201099.496,99.496,0.23,25.0,0.19,5.0,0.31,66.0,0.32,5.0,0.69,66.0,0.68,5.0,0.77,25.0,0.81,5.0,0.08,0.08,0.093004,1776201098000
1776201100.391,100.391,0.23,25.0,0.19,5.0,0.31,66.0,0.32,5.0,0.69,66.0,0.68,5.0,0.77,25.0,0.81,5.0,0.08,0.08,0.092996,1776201099000
1776201101.13,101.13,0.23,25.0,0.19,5.0,0.31,66.0,0.32,5.0,0.69,66.0,0.68,5.0,0.77,25.0,0.81,5.0,0.08,0.08,0.093003,1776201100000
1776201102.77,102.77,0.23,25.0,0.19,5.0,0.31,66.0,0.32,5.0,0.69,66.0,0.68,5.0,0.77,25.0,0.81,5.0,0.08,0.08,0.092998,1776201101000
1776201103.405,103.405,0.23,25.0,0.19,5.0,0.31,66.0,0.32,5.0,0.69,66.0,0.68,5.0,0.77,25.0,0.81,5.0,0.08,0.08,0.092996,1776201102000
1776201104.208,104.208,0.23,25.0,0.19,5.0,0.31,66.0,0.32,5.0,0.69,66.0,0.68,5.0,0.77,25.0,0.81,5.0,0.08,0.08,0.092996,1776201103000
1776201105.842,105.842,0.23,25.0,0.19,5.0,0.31,66.0,0.32,5.0,0.69,66.0,0.68,5.0,0.77,25.0,0.81,5.0,0.08,0.08,0.092998,1776201104000
1776201106.644,106.644,0.23,25.0,0.19,5.0,0.31,66.0,0.32,5.0,0.69,66.0,0.68,5.0,0.77,25.0,0.81,5.0,0.08,0.08,0.092998,1776201105000
1776201107.357,107.357,0.23,25.0,0.19,5.0,0.31,66.0,0.32,5.0,0.69,66.0,0.68,5.0,0.77,25.0,0.81,5.0,0.08,0.08,0.092998,1776201106000
1776201108.268,108.268,0.23,25.0,0.19,5.0,0.31,66.0,0.32,5.0,0.69,66.0,0.68,5.0,0.77,25.0,0.81,5.0,0.08,0.08,0.092998,1776201107000
1776201109.873,109.873,0.23,25.0,0.19,5.0,0.31,66.0,0.32,5.0,0.69,66.0,0.68,5.0,0.77,25.0,0.81,5.0,0.08,0.08,0.092999,1776201108000
1776201110.753,110.753,0.23,25.0,0.19,5.0,0.31,66.0,0.32,5.0,0.69,66.0,0.68,5.0,0.77,25.0,0.81,5.0,0.08,0.08,0.092999,1776201109000
1776201111.378,111.378,0.23,25.0,0.19,5.0,0.31,66.0,0.32,5.0,0.69,66.0,0.68,5.0,0.77,25.0,0.81,5.0,0.08,0.08,0.092999,1776201110000
1776201112.222,112.222,0.23,25.0,0.19,5.0,0.31,66.0,0.32,5.0,0.69,66.0,0.68,5.0,0.77,25.0,0.81,5.0,0.08,0.08,0.092999,1776201111000
1776201113.979,113.979,0.23,25.0,0.19,5.0,0.31,66.0,0.32,5.0,0.69,66.0,0.68,5.0,0.77,25.0,0.81,5.0,0.08,0.08,0.092998,1776201113000
1776201114.909,114.909,0.23,25.0,0.18,22.6,0.3,12.4,0.31,83.2,0.69,66.0,0.68,5.0,0.77,25.0,0.81,5.0,0.07,0.08,0.092998,1776201113000
1776201116.031,116.031,0.23,25.0,0.18,22.6,0.3,12.4,0.31,83.2,0.7,12.4,0.69,83.2,0.77,25.0,0.82,22.6,0.07,0.07,0.092996,1776201115000
1776201117.147,117.147,0.23,25.0,0.18,22.6,0.3,12.4,0.31,83.2,0.7,12.4,0.69,83.2,0.77,25.0,0.82,22.6,0.07,0.07,0.092997,1776201116000
1776201118.135,118.135,0.23,25.0,0.18,22.6,0.3,12.4,0.31,83.2,0.7,12.4,0.69,83.2,0.77,25.0,0.82,22.6,0.07,0.07,0.092997,1776201117000
1776201119.113,119.113,0.23,25.0,0.18,22.6,0.3,12.4,0.31,83.2,0.7,12.4,0.69,83.2,0.77,25.0,0.82,22.6,0.07,0.07,0.092998,1776201118000
1776201120.142,120.142,0.23,25.0,0.18,22.6,0.3,12.4,0.31,83.2,0.7,12.4,0.69,83.2,0.77,25.0,0.82,22.6,0.07,0.07,0.092995,1776201119000
1776201121.088,121.088,0.13,23.0,0.12,29.6,0.21,25.0,0.26,26.0,0.7,12.4,0.69,83.2,0.77,25.0,0.82,22.6,0.08,0.07,0.092995,1776201119000
1776201122.164,122.164,0.13,23.0,0.12,29.6,0.21,25.0,0.26,26.0,0.79,25.0,0.74,26.0,0.87,23.0,0.88,29.6,0.08,0.08,0.092998,1776201121000
1776201123.318,123.318,0.13,23.0,0.12,29.6,0.21,25.0,0.26,26.0,0.79,25.0,0.74,26.0,0.87,23.0,0.88,29.6,0.08,0.08,0.092985,1776201122000
1776201124.311,124.311,0.13,23.0,0.12,29.6,0.21,25.0,0.26,26.0,0.79,25.0,0.74,26.0,0.87,23.0,0.88,29.6,0.08,0.08,0.092985,1776201123000
1776201124.883,124.883,0.13,23.0,0.12,29.6,0.21,25.0,0.26,26.0,0.79,25.0,0.74,26.0,0.87,23.0,0.88,29.6,0.08,0.08,0.09298,1776201124000
1776201125.987,125.987,0.13,23.0,0.12,29.6,0.21,25.0,0.26,26.0,0.79,25.0,0.74,26.0,0.87,23.0,0.88,29.6,0.08,0.08,0.09298,1776201125000
1776201127.721,127.721,0.13,23.0,0.12,29.6,0.21,25.0,0.26,26.0,0.79,25.0,0.74,26.0,0.87,23.0,0.88,29.6,0.08,0.08,0.092976,1776201126000
1776201128.212,128.212,0.13,23.0,0.12,29.6,0.21,25.0,0.26,26.0,0.79,25.0,0.74,26.0,0.87,23.0,0.88,29.6,0.08,0.08,0.092976,1776201127000
1776201129.347,129.347,0.13,23.0,0.12,29.6,0.21,25.0,0.26,26.0,0.79,25.0,0.74,26.0,0.87,23.0,0.88,29.6,0.08,0.08,0.092972,1776201128000
1776201130.528,130.528,0.13,23.0,0.12,29.6,0.21,25.0,0.26,26.0,0.79,25.0,0.74,26.0,0.87,23.0,0.88,29.6,0.08,0.08,0.092972,1776201129000
1776201131.028,131.028,0.13,23.0,0.12,29.6,0.21,25.0,0.26,26.0,0.79,25.0,0.74,26.0,0.87,23.0,0.88,29.6,0.08,0.08,0.092976,1776201130000
1776201132.034,132.034,0.13,23.0,0.12,29.6,0.21,25.0,0.26,26.0,0.79,25.0,0.74,26.0,0.87,23.0,0.88,29.6,0.08,0.08,0.092976,1776201131000
1776201133.195,133.195,0.13,23.0,0.12,29.6,0.21,25.0,0.26,26.0,0.79,25.0,0.74,26.0,0.87,23.0,0.88,29.6,0.08,0.08,0.092976,1776201132000
1776201134.203,134.203,0.13,23.0,0.12,29.6,0.21,25.0,0.26,26.0,0.79,25.0,0.74,26.0,0.87,23.0,0.88,29.6,0.08,0.08,0.092981,1776201133000
1776201135.353,135.353,0.13,23.0,0.12,29.6,0.21,25.0,0.26,26.0,0.79,25.0,0.74,26.0,0.87,23.0,0.88,29.6,0.08,0.08,0.092982,1776201134000
1776201136.255,136.255,0.13,23.0,0.12,29.6,0.21,25.0,0.26,26.0,0.79,25.0,0.74,26.0,0.87,23.0,0.88,29.6,0.08,0.08,0.092982,1776201135000
1776201137.329,137.329,0.13,23.0,0.12,29.6,0.21,25.0,0.26,26.0,0.79,25.0,0.74,26.0,0.87,23.0,0.88,29.6,0.08,0.08,0.092984,1776201136000
1776201138.373,138.373,0.13,23.0,0.12,29.6,0.21,25.0,0.26,26.0,0.79,25.0,0.74,26.0,0.87,23.0,0.88,29.6,0.08,0.08,0.092984,1776201137000
1776201138.915,138.915,0.13,23.0,0.12,29.6,0.21,25.0,0.26,26.0,0.79,25.0,0.74,26.0,0.87,23.0,0.88,29.6,0.08,0.08,0.092984,1776201138000
1776201139.984,139.984,0.13,23.0,0.12,29.6,0.21,25.0,0.26,26.0,0.79,25.0,0.74,26.0,0.87,23.0,0.88,29.6,0.08,0.08,0.092984,1776201139000
1776201141.65,141.65,0.13,23.0,0.12,29.6,0.21,25.0,0.26,26.0,0.79,25.0,0.74,26.0,0.87,23.0,0.88,29.6,0.08,0.08,0.092986,1776201140000
1776201142.448,142.448,0.13,23.0,0.12,29.6,0.21,25.0,0.26,26.0,0.79,25.0,0.74,26.0,0.87,23.0,0.88,29.6,0.08,0.08,0.092982,1776201141000
1776201143.069,143.069,0.13,23.0,0.12,29.6,0.21,25.0,0.26,26.0,0.79,25.0,0.74,26.0,0.87,23.0,0.88,29.6,0.08,0.08,0.092985,1776201142000
1776201144.375,144.375,0.13,23.0,0.12,29.6,0.21,25.0,0.26,26.0,0.79,25.0,0.74,26.0,0.87,23.0,0.88,29.6,0.08,0.08,0.092986,1776201143000
1776201145.022,145.022,0.13,23.0,0.12,29.6,0.21,25.0,0.26,26.0,0.79,25.0,0.74,26.0,0.87,23.0,0.88,29.6,0.08,0.08,0.092986,1776201144000
1776201146.287,146.287,0.13,23.0,0.12,29.6,0.21,25.0,0.26,26.0,0.79,25.0,0.74,26.0,0.87,23.0,0.88,29.6,0.08,0.08,0.092986,1776201145000
1776201146.528,146.528,0.14,21.6,0.13,23.0,0.19,12.42,0.21,25.0,0.79,25.0,0.74,26.0,0.87,23.0,0.88,29.6,0.05,0.08,0.092986,1776201145000
1776201147.007,147.007,0.14,21.6,0.13,23.0,0.19,12.42,0.21,25.0,0.81,12.42,0.79,25.0,0.86,21.6,0.87,23.0,0.05,0.05,0.092986,1776201146000
1776201148.409,148.409,0.14,21.6,0.13,23.0,0.19,12.42,0.21,25.0,0.81,12.42,0.79,25.0,0.86,21.6,0.87,23.0,0.05,0.05,0.092986,1776201147000
1776201148.994,148.994,0.14,21.6,0.13,23.0,0.19,12.42,0.21,25.0,0.81,12.42,0.79,25.0,0.86,21.6,0.87,23.0,0.05,0.05,0.092986,1776201148000
1776201150.306,150.306,0.14,21.6,0.13,23.0,0.19,12.42,0.21,25.0,0.81,12.42,0.79,25.0,0.86,21.6,0.87,23.0,0.05,0.05,0.092981,1776201149000
1776201151.394,151.394,0.12,24.6,0.11,31.6,0.15,28.57,0.19,12.42,0.81,12.42,0.79,25.0,0.86,21.6,0.87,23.0,0.03,0.05,0.092981,1776201149000
1776201151.674,151.674,0.12,24.6,0.11,31.6,0.15,28.57,0.19,12.42,0.85,28.57,0.81,12.42,0.88,24.6,0.89,31.6,0.03,0.03,0.092987,1776201150000
1776201152.496,152.496,0.12,24.6,0.11,31.6,0.15,28.57,0.19,12.42,0.85,28.57,0.81,12.42,0.88,24.6,0.89,31.6,0.03,0.03,0.092986,1776201151000
1776201153.2,153.2,0.12,24.6,0.11,31.6,0.15,28.57,0.19,12.42,0.85,28.57,0.81,12.42,0.88,24.6,0.89,31.6,0.03,0.03,0.092986,1776201152000
1776201154.603,154.603,0.12,24.6,0.11,31.6,0.15,28.57,0.19,12.42,0.85,28.57,0.81,12.42,0.88,24.6,0.89,31.6,0.03,0.03,0.09297,1776201153000
1776201154.934,154.934,0.16,10.0,0.12,24.6,0.19,7.42,0.21,25.0,0.85,28.57,0.81,12.42,0.88,24.6,0.89,31.6,0.03,0.03,0.09297,1776201153000
1776201155.282,155.282,0.16,10.0,0.12,24.6,0.19,7.42,0.21,25.0,0.81,7.42,0.79,25.0,0.84,10.0,0.88,24.6,0.03,0.03,0.092983,1776201154000
1776201156.314,156.314,0.12,19.6,0.11,31.6,0.19,7.42,0.21,25.0,0.81,7.42,0.79,25.0,0.84,10.0,0.88,24.6,0.07,0.03,0.092983,1776201154000
1776201156.56,156.56,0.12,19.6,0.11,31.6,0.19,7.42,0.21,25.0,0.81,7.42,0.79,25.0,0.88,19.6,0.89,31.6,0.07,0.07,0.092989,1776201155000
1776201157.2,157.2,0.12,19.6,0.11,31.6,0.19,7.42,0.21,25.0,0.81,7.42,0.79,25.0,0.88,19.6,0.89,31.6,0.07,0.07,0.092991,1776201156000
1776201159.141,159.141,0.12,19.6,0.11,31.6,0.19,7.42,0.21,25.0,0.81,7.42,0.79,25.0,0.88,19.6,0.89,31.6,0.07,0.07,0.092981,1776201158000
1776201160.188,160.188,0.12,19.6,0.11,31.6,0.19,7.42,0.21,25.0,0.81,7.42,0.79,25.0,0.88,19.6,0.89,31.6,0.07,0.07,0.092982,1776201159000
1776201161.531,161.531,0.12,19.6,0.11,31.6,0.19,7.42,0.21,25.0,0.81,7.42,0.79,25.0,0.88,19.6,0.89,31.6,0.07,0.07,0.092981,1776201160000
1776201162.14,162.14,0.12,19.6,0.11,31.6,0.19,7.42,0.21,25.0,0.81,7.42,0.79,25.0,0.88,19.6,0.89,31.6,0.07,0.07,0.092981,1776201161000
1776201163.204,163.204,0.12,19.6,0.11,31.6,0.19,7.42,0.21,25.0,0.81,7.42,0.79,25.0,0.88,19.6,0.89,31.6,0.07,0.07,0.092972,1776201162000
1776201164.373,164.373,0.12,19.6,0.11,31.6,0.19,7.42,0.21,25.0,0.81,7.42,0.79,25.0,0.88,19.6,0.89,31.6,0.07,0.07,0.09296,1776201163000
1776201164.94,164.94,0.12,19.6,0.11,31.6,0.19,7.42,0.21,25.0,0.81,7.42,0.79,25.0,0.88,19.6,0.89,31.6,0.07,0.07,0.09296,1776201164000
1776201165.985,165.985,0.12,19.6,0.11,31.6,0.19,7.42,0.21,25.0,0.81,7.42,0.79,25.0,0.88,19.6,0.89,31.6,0.07,0.07,0.09296,1776201165000
1776201167.017,167.017,0.12,19.6,0.11,31.6,0.19,7.42,0.21,25.0,0.81,7.42,0.79,25.0,0.88,19.6,0.89,31.6,0.07,0.07,0.092956,1776201166000
1776201168.138,168.138,0.12,19.6,0.11,31.6,0.19,7.42,0.21,25.0,0.81,7.42,0.79,25.0,0.88,19.6,0.89,31.6,0.07,0.07,0.092956,1776201167000
1776201169.497,169.497,0.12,19.6,0.11,31.6,0.19,7.42,0.21,25.0,0.81,7.42,0.79,25.0,0.88,19.6,0.89,31.6,0.07,0.07,0.092956,1776201168000
1776201170.341,170.341,0.12,19.6,0.11,31.6,0.19,7.42,0.21,25.0,0.81,7.42,0.79,25.0,0.88,19.6,0.89,31.6,0.07,0.07,0.092956,1776201169000
1776201170.939,170.939,0.12,19.6,0.11,31.6,0.19,7.42,0.21,25.0,0.81,7.42,0.79,25.0,0.88,19.6,0.89,31.6,0.07,0.07,0.092955,1776201170000
1776201171.437,171.437,0.06,45.03,0.05,54.7,0.13,23.0,0.14,26.6,0.81,7.42,0.79,25.0,0.88,19.6,0.89,31.6,0.07,0.07,0.092955,1776201170000
1776201172.21,172.21,0.06,45.03,0.05,54.7,0.13,23.0,0.14,26.6,0.87,23.0,0.86,26.6,0.94,45.03,0.95,54.7,0.07,0.07,0.092956,1776201171000
1776201173.31,173.31,0.06,45.03,0.05,54.7,0.13,23.0,0.14,26.6,0.87,23.0,0.86,26.6,0.94,45.03,0.95,54.7,0.07,0.07,0.092956,1776201172000
1776201175.181,175.181,0.06,45.03,0.05,54.7,0.13,23.0,0.14,26.6,0.87,23.0,0.86,26.6,0.94,45.03,0.95,54.7,0.07,0.07,0.092956,1776201173000
1776201176.515,176.515,0.06,45.03,0.05,54.7,0.13,23.0,0.14,26.6,0.87,23.0,0.86,26.6,0.94,45.03,0.95,54.7,0.07,0.07,0.092956,1776201174000
1776201177.564,177.564,0.06,45.03,0.05,54.7,0.13,23.0,0.14,26.6,0.87,23.0,0.86,26.6,0.94,45.03,0.95,54.7,0.07,0.07,0.092956,1776201176000
1776201178.704,178.704,0.06,45.03,0.05,54.7,0.13,23.0,0.14,26.6,0.87,23.0,0.86,26.6,0.94,45.03,0.95,54.7,0.07,0.07,0.092956,1776201177000
1776201179.697,179.697,0.06,45.03,0.05,54.7,0.13,23.0,0.14,26.6,0.87,23.0,0.86,26.6,0.94,45.03,0.95,54.7,0.07,0.07,0.092956,1776201178000
1776201180.623,180.623,0.02,146.69,0.01,652.6,0.1,10.0,0.11,26.6,0.87,23.0,0.86,26.6,0.94,45.03,0.95,54.7,0.08,0.07,0.092956,1776201178000
1776201180.838,180.838,0.02,146.69,0.01,652.6,0.1,10.0,0.11,26.6,0.9,10.0,0.89,26.6,0.98,146.69,0.99,652.6,0.08,0.08,0.092956,1776201179000
1776201181.76,181.76,0.02,146.69,0.01,652.6,0.1,10.0,0.11,26.6,0.9,10.0,0.89,26.6,0.98,146.69,0.99,652.6,0.08,0.08,0.092956,1776201180000
1776201182.654,182.654,0.02,146.69,0.01,652.6,0.1,10.0,0.11,26.6,0.9,10.0,0.89,26.6,0.98,146.69,0.99,652.6,0.08,0.08,0.092934,1776201181000
1776201183.656,183.656,0.02,146.69,0.01,652.6,0.1,10.0,0.11,26.6,0.9,10.0,0.89,26.6,0.98,146.69,0.99,652.6,0.08,0.08,0.092912,1776201182000
1776201184.799,184.799,0.02,146.69,0.01,652.6,0.1,10.0,0.11,26.6,0.9,10.0,0.89,26.6,0.98,146.69,0.99,652.6,0.08,0.08,0.092913,1776201183000
1776201185.05,185.05,0.02,9.0,0.01,547.6,0.04,67.7,0.05,54.7,0.9,10.0,0.89,26.6,0.98,146.69,0.99,652.6,0.02,0.08,0.092913,1776201183000
1776201185.788,185.788,0.02,9.0,0.01,547.6,0.04,67.7,0.05,54.7,0.96,67.7,0.95,54.7,0.98,9.0,0.99,547.6,0.02,0.02,0.092913,1776201184000
1776201187.01,187.01,0.02,9.0,0.01,547.6,0.04,67.7,0.05,54.7,0.96,67.7,0.95,54.7,0.98,9.0,0.99,547.6,0.02,0.02,0.092913,1776201185000
1776201187.975,187.975,0.02,9.0,0.01,547.6,0.04,67.7,0.05,54.7,0.96,67.7,0.95,54.7,0.98,9.0,0.99,547.6,0.02,0.02,0.092846,1776201186000
1776201188.717,188.717,0.02,6.95,0.01,547.6,0.03,89.3,0.04,67.7,0.96,67.7,0.95,54.7,0.98,9.0,0.99,547.6,0.01,0.02,0.092846,1776201186000
1776201189.024,189.024,0.02,6.95,0.01,547.6,0.03,89.3,0.04,67.7,0.97,89.3,0.96,67.7,0.98,6.95,0.99,547.6,0.01,0.01,0.092845,1776201187000
1776201189.523,189.523,0.02,1.95,0.01,547.6,0.03,89.3,0.04,67.7,0.97,89.3,0.96,67.7,0.98,6.95,0.99,547.6,0.01,0.01,0.092845,1776201187000
1776201190.049,190.049,0.02,1.95,0.01,547.6,0.03,89.3,0.04,67.7,0.97,89.3,0.96,67.7,0.98,1.95,0.99,547.6,0.01,0.01,0.092851,1776201188000
1776201191.078,191.078,0.02,1.95,0.01,547.6,0.03,89.3,0.04,67.7,0.97,89.3,0.96,67.7,0.98,1.95,0.99,547.6,0.01,0.01,0.092848,1776201189000
1776201192.085,192.085,0.02,1.95,0.01,547.6,0.03,89.3,0.04,67.7,0.97,89.3,0.96,67.7,0.98,1.95,0.99,547.6,0.01,0.01,0.092856,1776201190000
1776201192.984,192.984,0.02,1.95,0.01,547.6,0.03,89.3,0.04,67.7,0.97,89.3,0.96,67.7,0.98,1.95,0.99,547.6,0.01,0.01,0.092853,1776201191000
1776201193.736,193.736,0.02,1.95,0.01,547.6,0.03,89.3,0.04,67.7,0.97,89.3,0.96,67.7,0.98,1.95,0.99,547.6,0.01,0.01,0.092852,1776201192000
1776201193.998,193.998,0.01,266.72,,,0.03,89.3,0.04,67.7,0.97,89.3,0.96,67.7,0.98,1.95,0.99,547.6,0.02,0.01,0.092852,1776201192000
1776201194.508,194.508,0.01,266.72,,,0.03,89.3,0.04,67.7,0.97,89.3,0.96,67.7,0.99,266.72,,,0.02,0.02,0.092852,1776201193000
1776201195.274,195.274,0.01,266.72,,,0.03,89.3,0.04,67.7,0.97,89.3,0.96,67.7,0.99,266.72,,,0.02,0.02,0.092847,1776201194000
1776201195.786,195.786,0.01,261.72,,,0.02,152.89,0.03,89.3,0.97,89.3,0.96,67.7,0.99,266.72,,,0.01,0.02,0.092847,1776201194000
1776201196.805,196.805,0.01,261.72,,,0.02,152.89,0.03,89.3,0.98,152.89,0.97,89.3,0.99,261.72,,,0.01,0.01,0.092836,1776201195000
1776201197.454,197.454,0.01,261.72,,,0.02,152.89,0.03,89.3,0.98,152.89,0.97,89.3,0.99,261.72,,,0.01,0.01,0.092835,1776201196000
1776201198.298,198.298,0.01,261.72,,,0.02,152.89,0.03,89.3,0.98,152.89,0.97,89.3,0.99,261.72,,,0.01,0.01,0.09284,1776201197000
1776201199.348,199.348,0.01,261.72,,,0.02,152.89,0.03,89.3,0.98,152.89,0.97,89.3,0.99,261.72,,,0.01,0.01,0.092847,1776201198000
1776201200.553,200.553,0.01,261.72,,,0.02,152.89,0.03,89.3,0.98,152.89,0.97,89.3,0.99,261.72,,,0.01,0.01,0.092853,1776201199000
1776201201.16,201.16,0.01,261.72,,,0.02,152.89,0.03,89.3,0.98,152.89,0.97,89.3,0.99,261.72,,,0.01,0.01,0.092853,1776201200000
1776201202.507,202.507,0.01,261.72,,,0.02,152.89,0.03,89.3,0.98,152.89,0.97,89.3,0.99,261.72,,,0.01,0.01,0.092854,1776201201000
1776201203.141,203.141,0.01,261.72,,,0.02,152.89,0.03,89.3,0.98,152.89,0.97,89.3,0.99,261.72,,,0.01,0.01,0.092855,1776201202000
1776201204.296,204.296,0.01,261.72,,,0.02,152.89,0.03,89.3,0.98,152.89,0.97,89.3,0.99,261.72,,,0.01,0.01,0.092857,1776201203000
1776201205.44,205.44,0.01,261.72,,,0.02,152.89,0.03,89.3,0.98,152.89,0.97,89.3,0.99,261.72,,,0.01,0.01,0.092857,1776201204000
1776201206.03,206.03,0.01,261.72,,,0.02,152.89,0.03,89.3,0.98,152.89,0.97,89.3,0.99,261.72,,,0.01,0.01,0.092855,1776201205000
1776201207.281,207.281,0.01,261.72,,,0.02,152.89,0.03,89.3,0.98,152.89,0.97,89.3,0.99,261.72,,,0.01,0.01,0.09285,1776201206000
1776201208.474,208.474,0.01,261.72,,,0.02,152.89,0.03,89.3,0.98,152.89,0.97,89.3,0.99,261.72,,,0.01,0.01,0.092849,1776201207000
1776201208.767,208.767,0.01,161.52,,,0.02,152.89,0.03,89.3,0.98,152.89,0.97,89.3,0.99,261.72,,,0.01,0.01,0.092849,1776201207000
1776201209.088,209.088,0.01,161.52,,,0.02,152.89,0.03,89.3,0.98,152.89,0.97,89.3,0.99,161.52,,,0.01,0.01,0.092857,1776201208000
1776201210.236,210.236,0.01,161.52,,,0.02,152.89,0.03,89.3,0.98,152.89,0.97,89.3,0.99,161.52,,,0.01,0.01,0.092867,1776201209000
1776201211.352,211.352,0.01,161.52,,,0.02,152.89,0.03,89.3,0.98,152.89,0.97,89.3,0.99,161.52,,,0.01,0.01,0.092867,1776201210000
1776201211.957,211.957,0.01,161.52,,,0.02,152.89,0.03,89.3,0.98,152.89,0.97,89.3,0.99,161.52,,,0.01,0.01,0.092868,1776201211000
1776201213.134,213.134,0.01,161.52,,,0.02,152.89,0.03,89.3,0.98,152.89,0.97,89.3,0.99,161.52,,,0.01,0.01,0.092868,1776201212000
1776201214.735,214.735,0.01,161.52,,,0.02,152.89,0.03,89.3,0.98,152.89,0.97,89.3,0.99,161.52,,,0.01,0.01,0.092869,1776201213000
1776201215.157,215.157,0.01,161.52,,,0.02,152.89,0.03,89.3,0.98,152.89,0.97,89.3,0.99,161.52,,,0.01,0.01,0.092864,1776201214000
1776201216.189,216.189,0.01,161.52,,,0.02,152.89,0.03,89.3,0.98,152.89,0.97,89.3,0.99,161.52,,,0.01,0.01,0.092877,1776201215000
1776201216.659,216.659,0.01,151.41,,,0.02,152.89,0.03,89.3,0.98,152.89,0.97,89.3,0.99,161.52,,,0.01,0.01,0.092877,1776201215000
1776201217.266,217.266,0.01,151.41,,,0.02,152.89,0.03,89.3,0.98,152.89,0.97,89.3,0.99,151.41,,,0.01,0.01,0.092877,1776201216000
1776201218.157,218.157,0.01,151.41,,,0.02,152.89,0.03,89.3,0.98,152.89,0.97,89.3,0.99,151.41,,,0.01,0.01,0.092877,1776201217000
1776201219.216,219.216,0.01,151.41,,,0.02,152.89,0.03,89.3,0.98,152.89,0.97,89.3,0.99,151.41,,,0.01,0.01,0.092877,1776201218000
1776201220.163,220.163,0.01,151.41,,,0.02,152.89,0.03,89.3,0.98,152.89,0.97,89.3,0.99,151.41,,,0.01,0.01,0.092877,1776201219000
1776201221.12,221.12,0.01,151.41,,,0.02,152.89,0.03,89.3,0.98,152.89,0.97,89.3,0.99,151.41,,,0.01,0.01,0.092887,1776201220000
1776201222.179,222.179,0.01,151.41,,,0.02,152.89,0.03,89.3,0.98,152.89,0.97,89.3,0.99,151.41,,,0.01,0.01,0.092887,1776201221000
1776201223.13,223.13,0.01,151.41,,,0.02,152.89,0.03,89.3,0.98,152.89,0.97,89.3,0.99,151.41,,,0.01,0.01,0.092901,1776201222000
1776201224.198,224.198,0.01,413.95,,,0.02,20.2,0.03,89.3,0.98,20.2,0.97,89.3,0.99,413.95,,,0.01,0.01,0.092906,1776201223000
1776201225.153,225.153,0.01,413.95,,,0.02,20.2,0.03,89.3,0.98,20.2,0.97,89.3,0.99,413.95,,,0.01,0.01,0.092891,1776201224000
1776201226.256,226.256,0.01,413.95,,,0.02,20.2,0.03,89.3,0.98,20.2,0.97,89.3,0.99,413.95,,,0.01,0.01,0.092906,1776201225000
1776201227.667,227.667,0.01,413.95,,,0.02,20.2,0.03,89.3,0.98,20.2,0.97,89.3,0.99,413.95,,,0.01,0.01,0.092896,1776201226000
1776201228.187,228.187,0.01,413.95,,,0.02,20.2,0.03,89.3,0.98,20.2,0.97,89.3,0.99,413.95,,,0.01,0.01,0.092896,1776201227000
1776201228.5,228.5,0.01,145.45,,,0.02,152.89,0.03,89.3,0.98,20.2,0.97,89.3,0.99,413.95,,,0.01,0.01,0.092896,1776201227000
1776201229.27,229.27,0.01,145.45,,,0.02,152.89,0.03,89.3,0.98,152.89,0.97,89.3,0.99,145.45,,,0.01,0.01,0.092896,1776201228000
1776201230.258,230.258,0.01,145.45,,,0.02,152.89,0.03,89.3,0.98,152.89,0.97,89.3,0.99,145.45,,,0.01,0.01,0.092904,1776201229000
1776201231.327,231.327,0.01,145.45,,,0.02,152.89,0.03,89.3,0.98,152.89,0.97,89.3,0.99,145.45,,,0.01,0.01,0.092901,1776201230000
1776201231.913,231.913,0.01,145.45,,,0.02,152.89,0.03,89.3,0.98,152.89,0.97,89.3,0.99,145.45,,,0.01,0.01,0.092904,1776201231000
1776201232.895,232.895,0.01,145.45,,,0.02,152.89,0.03,89.3,0.98,152.89,0.97,89.3,0.99,145.45,,,0.01,0.01,0.092901,1776201232000
1776201233.937,233.937,0.01,145.45,,,0.02,152.89,0.03,89.3,0.98,152.89,0.97,89.3,0.99,145.45,,,0.01,0.01,0.092901,1776201233000
1776201234.913,234.913,0.01,145.45,,,0.02,152.89,0.03,89.3,0.98,152.89,0.97,89.3,0.99,145.45,,,0.01,0.01,0.092899,1776201234000
1776201235.917,235.917,0.01,145.45,,,0.02,152.89,0.03,89.3,0.98,152.89,0.97,89.3,0.99,145.45,,,0.01,0.01,0.092901,1776201235000
1776201236.474,236.474,0.01,140.45,,,0.02,152.89,0.03,89.3,0.98,152.89,0.97,89.3,0.99,145.45,,,0.01,0.01,0.092901,1776201235000
1776201236.897,236.897,0.01,140.45,,,0.02,152.89,0.03,89.3,0.98,152.89,0.97,89.3,0.99,140.45,,,0.01,0.01,0.092901,1776201236000
1776201238.038,238.038,0.01,140.45,,,0.02,152.89,0.03,89.3,0.98,152.89,0.97,89.3,0.99,140.45,,,0.01,0.01,0.092901,1776201237000
1776201239.016,239.016,0.01,135.39,,,0.02,152.89,0.03,89.3,0.98,152.89,0.97,89.3,0.99,135.39,,,0.01,0.01,0.092901,1776201238000
1776201240.054,240.054,0.01,135.39,,,0.02,152.89,0.03,89.3,0.98,152.89,0.97,89.3,0.99,135.39,,,0.01,0.01,0.092901,1776201239000
1776201241.282,241.282,0.01,135.39,,,0.02,152.89,0.03,89.3,0.98,152.89,0.97,89.3,0.99,135.39,,,0.01,0.01,0.092901,1776201240000
1776201241.602,241.602,0.01,112.39,,,0.02,152.89,0.03,89.3,0.98,152.89,0.97,89.3,0.99,117.39,,,0.01,0.01,0.092901,1776201240000
1776201242.422,242.422,0.01,112.39,,,0.02,152.89,0.03,89.3,0.98,152.89,0.97,89.3,0.99,112.39,,,0.01,0.01,0.092901,1776201241000
1776201242.666,242.666,0.01,107.39,,,0.02,152.89,0.03,89.3,0.98,152.89,0.97,89.3,0.99,112.39,,,0.01,0.01,0.092901,1776201241000
1776201243.044,243.044,0.01,107.39,,,0.02,152.89,0.03,89.3,0.98,152.89,0.97,89.3,0.99,107.39,,,0.01,0.01,0.092901,1776201242000
1776201243.514,243.514,0.01,92.39,,,0.02,152.89,0.03,89.3,0.98,152.89,0.97,89.3,0.99,107.39,,,0.01,0.01,0.092901,1776201242000
1776201244.299,244.299,0.01,92.39,,,0.02,152.89,0.03,89.3,0.98,152.89,0.97,89.3,0.99,92.39,,,0.01,0.01,0.092901,1776201243000
1776201245.353,245.353,0.01,92.39,,,0.02,152.89,0.03,89.3,0.98,152.89,0.97,89.3,0.99,92.39,,,0.01,0.01,0.092902,1776201244000
1776201245.892,245.892,0.01,92.39,,,0.02,152.89,0.03,89.3,0.98,152.89,0.97,89.3,0.99,92.39,,,0.01,0.01,0.092902,1776201245000
1776201247.036,247.036,0.01,92.39,,,0.02,152.89,0.03,89.3,0.98,152.89,0.97,89.3,0.99,92.39,,,0.01,0.01,0.092902,1776201246000
1776201247.339,247.339,0.01,87.39,,,0.02,152.89,0.03,89.3,0.98,152.89,0.97,89.3,0.99,92.39,,,0.01,0.01,0.092902,1776201246000
1776201248.09,248.09,0.01,87.39,,,0.02,152.89,0.03,89.3,0.98,152.89,0.97,89.3,0.99,87.39,,,0.01,0.01,0.092906,1776201247000
1776201249.182,249.182,0.01,87.39,,,0.02,152.89,0.03,89.3,0.98,152.89,0.97,89.3,0.99,87.39,,,0.01,0.01,0.09291,1776201248000
1776201250.366,250.366,0.01,87.39,,,0.02,152.89,0.03,89.3,0.98,152.89,0.97,89.3,0.99,87.39,,,0.01,0.01,0.09291,1776201249000
1776201251.403,251.403,0.01,87.39,,,0.02,152.89,0.03,89.3,0.98,152.89,0.97,89.3,0.99,87.39,,,0.01,0.01,0.09291,1776201250000
1776201252.005,252.005,0.01,87.39,,,0.02,152.89,0.03,89.3,0.98,152.89,0.97,89.3,0.99,87.39,,,0.01,0.01,0.09291,1776201251000
1776201253.148,253.148,0.01,77.39,,,0.02,157.89,0.03,89.3,0.98,152.89,0.97,89.3,0.99,87.39,,,0.01,0.01,0.09291,1776201251000
1776201254.252,254.252,0.01,77.39,,,0.02,157.89,0.03,89.3,0.98,157.89,0.97,89.3,0.99,77.39,,,0.01,0.01,0.09291,1776201253000
1776201255.928,255.928,0.01,77.39,,,0.02,157.89,0.03,89.3,0.98,157.89,0.97,89.3,0.99,77.39,,,0.01,0.01,0.092911,1776201254000
1776201256.461,256.461,0.01,77.39,,,0.02,157.89,0.03,89.3,0.98,157.89,0.97,89.3,0.99,77.39,,,0.01,0.01,0.092911,1776201255000
1776201257.067,257.067,0.01,77.39,,,0.02,157.89,0.03,89.3,0.98,157.89,0.97,89.3,0.99,77.39,,,0.01,0.01,0.092911,1776201256000
1776201258.204,258.204,0.01,77.39,,,0.02,157.89,0.03,89.3,0.98,157.89,0.97,89.3,0.99,77.39,,,0.01,0.01,0.092923,1776201257000
1776201258.939,258.939,0.01,77.39,,,0.02,157.89,0.03,89.3,0.98,157.89,0.97,89.3,0.99,77.39,,,0.01,0.01,0.092923,1776201257000
1776201259.299,259.299,0.01,77.39,,,0.02,157.89,0.03,89.3,0.98,157.89,0.97,89.3,0.99,77.39,,,0.01,0.01,0.092926,1776201258000
1776201260.423,260.423,0.01,77.39,,,0.02,157.89,0.03,89.3,0.98,157.89,0.97,89.3,0.99,77.39,,,0.01,0.01,0.092946,1776201259000
1776201260.968,260.968,0.01,77.39,,,0.02,157.89,0.03,89.3,0.98,157.89,0.97,89.3,0.99,77.39,,,0.01,0.01,0.092946,1776201260000
1776201262.415,262.415,0.01,77.39,,,0.02,157.89,0.03,89.3,0.98,157.89,0.97,89.3,0.99,77.39,,,0.01,0.01,0.092947,1776201261000
1776201263.068,263.068,0.01,72.39,,,0.02,152.89,0.03,89.3,0.98,157.89,0.97,89.3,0.99,77.39,,,0.01,0.01,0.092947,1776201261000
1776201264.139,264.139,0.01,72.39,,,0.02,152.89,0.03,89.3,0.98,152.89,0.97,89.3,0.99,72.39,,,0.01,0.01,0.092951,1776201263000
1776201264.726,264.726,0.01,167.39,,,0.02,152.89,0.03,89.3,0.98,152.89,0.97,89.3,0.99,72.39,,,0.01,0.01,0.092951,1776201263000
1776201265.179,265.179,0.01,167.39,,,0.02,152.89,0.03,89.3,0.98,152.89,0.97,89.3,0.99,167.39,,,0.01,0.01,0.09295,1776201264000
1776201265.496,265.496,0.01,66.37,,,0.02,152.89,0.03,89.3,0.98,152.89,0.97,89.3,0.99,167.39,,,0.01,0.01,0.09295,1776201264000
1776201266.39,266.39,0.01,66.37,,,0.02,152.89,0.03,89.3,0.98,152.89,0.97,89.3,0.99,66.37,,,0.01,0.01,0.092951,1776201265000
1776201266.904,266.904,0.01,66.37,,,0.02,152.89,0.03,89.3,0.98,152.89,0.97,89.3,0.99,66.37,,,0.01,0.01,0.092956,1776201266000
1776201268.317,268.317,0.01,66.37,,,0.02,152.89,0.03,89.3,0.98,152.89,0.97,89.3,0.99,66.37,,,0.01,0.01,0.092957,1776201267000
1776201268.923,268.923,0.01,66.37,,,0.02,152.89,0.03,89.3,0.98,152.89,0.97,89.3,0.99,66.37,,,0.01,0.01,0.092958,1776201268000
1776201270.145,270.145,0.01,66.37,,,0.02,152.89,0.03,89.3,0.98,152.89,0.97,89.3,0.99,66.37,,,0.01,0.01,0.092959,1776201269000
1776201270.693,270.693,0.01,56.32,,,0.02,152.89,0.03,89.3,0.98,152.89,0.97,89.3,0.99,61.32,,,0.01,0.01,0.092959,1776201269000
1776201271.339,271.339,0.01,56.32,,,0.02,152.89,0.03,89.3,0.98,152.89,0.97,89.3,0.99,56.32,,,0.01,0.01,0.092964,1776201270000
1776201272.407,272.407,0.01,56.32,,,0.02,152.89,0.03,89.3,0.98,152.89,0.97,89.3,0.99,56.32,,,0.01,0.01,0.092959,1776201271000
1776201272.962,272.962,0.01,56.32,,,0.02,152.89,0.03,89.3,0.98,152.89,0.97,89.3,0.99,56.32,,,0.01,0.01,0.09296,1776201272000
1776201273.376,273.376,0.01,48.36,,,0.02,152.89,0.03,89.3,0.98,152.89,0.97,89.3,0.99,55.3,,,0.01,0.01,0.09296,1776201272000
1776201274.118,274.118,0.01,48.36,,,0.02,152.89,0.03,89.3,0.98,152.89,0.97,89.3,0.99,48.36,,,0.01,0.01,0.092959,1776201273000
1776201275.512,275.512,0.01,48.36,,,0.02,152.89,0.03,89.3,0.98,152.89,0.97,89.3,0.99,48.36,,,0.01,0.01,0.092959,1776201274000
1776201276.182,276.182,0.01,5.0,,,0.02,20.2,0.09,10.0,0.98,152.89,0.97,89.3,0.99,48.36,,,0.01,0.01,0.092959,1776201274000
1776201277.569,277.569,0.01,5.0,,,0.02,20.2,0.09,10.0,0.98,20.2,0.91,10.0,0.99,5.0,,,0.01,0.01,0.092958,1776201276000
1776201278.265,278.265,0.01,5.0,,,0.02,20.2,0.09,10.0,0.98,20.2,0.91,10.0,0.99,5.0,,,0.01,0.01,0.092958,1776201277000
1776201279.516,279.516,0.01,5.0,,,0.02,20.2,0.09,10.0,0.98,20.2,0.91,10.0,0.99,5.0,,,0.01,0.01,0.092964,1776201278000
1776201279.735,279.735,,,,,0.02,20.2,0.09,10.0,0.98,20.2,0.91,10.0,0.99,5.0,,,,0.01,0.092964,1776201278000
1776201280.169,280.169,,,,,0.02,20.2,0.09,10.0,0.98,20.2,0.91,10.0,,,,,,,0.092963,1776201279000
1776201281.447,281.447,,,,,0.02,20.2,0.09,10.0,0.98,20.2,0.91,10.0,,,,,,,0.092963,1776201280000
1776201282.137,282.137,,,,,0.02,20.2,0.09,10.0,0.98,20.2,0.91,10.0,,,,,,,0.092963,1776201281000
1776201283.514,283.514,,,,,0.02,20.2,0.09,10.0,0.98,20.2,0.91,10.0,,,,,,,0.092963,1776201282000
1776201284.167,284.167,,,,,0.02,20.2,0.09,10.0,0.98,20.2,0.91,10.0,,,,,,,0.092963,1776201283000
1776201285.396,285.396,,,,,0.02,20.2,0.09,10.0,0.98,20.2,0.91,10.0,,,,,,,0.092963,1776201284000
1776201286.257,286.257,0.001,235.0,,,0.02,20.2,0.084,10.0,0.98,20.2,0.916,10.0,0.999,235.0,,,0.019,0.019,0.092963,1776201285000
1776201287.547,287.547,0.001,235.0,,,0.02,20.2,0.084,10.0,0.98,20.2,0.916,10.0,0.999,235.0,,,0.019,0.019,0.092951,1776201286000
1776201288.479,288.479,0.001,235.0,,,0.02,20.2,0.084,10.0,0.98,20.2,0.916,10.0,0.999,235.0,,,0.019,0.019,0.092949,1776201287000
1776201289.469,289.469,0.001,235.0,,,0.02,20.2,0.084,10.0,0.98,20.2,0.916,10.0,0.999,235.0,,,0.019,0.019,0.09294,1776201288000
1776201289.689,289.689,0.001,230.0,,,0.01,2572.3,0.02,25.2,0.98,20.2,0.916,10.0,0.999,235.0,,,0.009,0.019,0.09294,1776201288000
1776201289.975,289.975,0.001,230.0,,,0.01,2572.3,0.02,25.2,0.99,2572.3,0.98,25.2,0.999,230.0,,,0.009,0.009,0.092944,1776201289000
1776201290.944,290.944,0.001,230.0,,,0.01,2572.3,0.02,25.2,0.99,2572.3,0.98,25.2,0.999,230.0,,,0.009,0.009,0.092944,1776201290000
1776201291.866,291.866,0.001,230.0,,,0.01,2572.3,0.02,25.2,0.99,2572.3,0.98,25.2,0.999,230.0,,,0.009,0.009,0.092943,1776201291000
1776201292.923,292.923,0.001,230.0,,,0.01,2572.3,0.02,25.2,0.99,2572.3,0.98,25.2,0.999,230.0,,,0.009,0.009,0.092943,1776201292000
1776201293.916,293.916,0.001,230.0,,,0.01,2572.3,0.02,25.2,0.99,2572.3,0.98,25.2,0.999,230.0,,,0.009,0.009,0.092943,1776201293000
1776201294.892,294.892,0.001,230.0,,,0.01,2572.3,0.02,25.2,0.99,2572.3,0.98,25.2,0.999,230.0,,,0.009,0.009,0.092936,1776201294000
1776201295.852,295.852,0.001,230.0,,,0.01,2572.3,0.02,25.2,0.99,2572.3,0.98,25.2,0.999,230.0,,,0.009,0.009,0.092935,1776201295000
1776201296.866,296.866,0.001,230.0,,,0.01,2572.3,0.02,25.2,0.99,2572.3,0.98,25.2,0.999,230.0,,,0.009,0.009,0.092935,1776201296000
1776201298.31,298.31,0.001,230.0,,,0.01,2572.3,0.02,25.2,0.99,2572.3,0.98,25.2,0.999,230.0,,,0.009,0.009,0.092935,1776201297000
1776201298.692,298.692,0.001,190.0,,,0.01,2798.95,0.02,25.2,0.99,2572.3,0.98,25.2,0.999,230.0,,,0.009,0.009,0.092935,1776201297000
1776201299.289,299.289,,,,,0.001,10.2,0.01,3304.0,0.999,10.2,0.99,3304.0,,,,,,,0.092935,1776201298000
1776201300.249,300.249,,,,,0.001,10.2,0.01,3304.0,0.999,10.2,0.99,3304.0,,,,,,,0.092941,1776201299000

# RESULT,winner=Down,slug=doge-updown-5m-1776201000,ticks=330
