timestamp,elapsed_sec,up_bid_p1,up_bid_s1,up_bid_p2,up_bid_s2,up_ask_p1,up_ask_s1,up_ask_p2,up_ask_s2,down_bid_p1,down_bid_s1,down_bid_p2,down_bid_s2,down_ask_p1,down_ask_s1,down_ask_p2,down_ask_s2,up_spread,down_spread,doge_price,doge_oracle_ts
1776184812.129,12.129,0.49,6.0,0.48,21.0,0.51,1.0,0.52,22.25,0.49,1.0,0.48,22.25,0.51,6.0,0.52,21.0,0.02,0.02,0.095676,1776184810000
1776184812.529,12.529,0.49,6.0,0.48,21.0,0.51,1.0,0.52,22.25,0.49,1.0,0.48,22.25,0.51,6.0,0.52,21.0,0.02,0.02,0.095676,1776184811000
1776184813.292,13.292,0.48,21.0,0.43,10.0,0.51,1.0,0.52,22.25,0.49,1.0,0.48,22.25,0.52,21.0,0.57,10.0,0.03,0.03,0.095676,1776184812000
1776184814.72,14.72,0.48,21.0,0.43,10.0,0.51,1.0,0.52,22.25,0.49,1.0,0.48,22.25,0.52,21.0,0.57,10.0,0.03,0.03,0.095676,1776184813000
1776184815.377,15.377,0.48,21.0,0.43,10.0,0.51,1.0,0.52,22.25,0.49,1.0,0.48,22.25,0.52,21.0,0.57,10.0,0.03,0.03,0.095677,1776184814000
1776184815.778,15.778,0.48,21.0,0.43,10.0,0.52,17.58,0.54,5.0,0.49,1.0,0.48,22.25,0.52,21.0,0.57,10.0,0.04,0.03,0.095677,1776184814000
1776184816.113,16.113,0.48,21.0,0.43,10.0,0.52,17.58,0.54,5.0,0.48,17.58,0.46,5.0,0.52,21.0,0.57,10.0,0.04,0.04,0.095676,1776184815000
1776184816.875,16.875,0.49,5.0,0.48,21.0,0.52,17.58,0.54,5.0,0.48,17.58,0.46,5.0,0.52,21.0,0.57,10.0,0.03,0.04,0.095676,1776184815000
1776184817.565,17.565,0.49,5.0,0.48,21.0,0.52,17.58,0.54,5.0,0.48,17.58,0.46,5.0,0.51,5.0,0.52,21.0,0.03,0.03,0.095677,1776184816000
1776184818.659,18.659,0.49,5.0,0.48,21.0,0.52,17.58,0.54,5.0,0.48,17.58,0.46,5.0,0.51,5.0,0.52,21.0,0.03,0.03,0.095678,1776184817000
1776184819.132,19.132,0.49,5.0,0.48,21.0,0.52,17.58,0.54,5.0,0.48,17.58,0.46,5.0,0.51,5.0,0.52,21.0,0.03,0.03,0.095679,1776184818000
1776184820.287,20.287,0.49,5.0,0.48,21.0,0.52,17.58,0.54,5.0,0.48,17.58,0.46,5.0,0.51,5.0,0.52,21.0,0.03,0.03,0.095678,1776184819000
1776184821.224,21.224,0.49,5.0,0.48,21.0,0.52,17.58,0.54,5.0,0.48,17.58,0.46,5.0,0.51,5.0,0.52,21.0,0.03,0.03,0.095677,1776184820000
1776184822.304,22.304,0.49,5.0,0.48,21.0,0.52,17.58,0.54,5.0,0.48,17.58,0.46,5.0,0.51,5.0,0.52,21.0,0.03,0.03,0.095676,1776184821000
1776184823.304,23.304,0.49,5.0,0.48,21.0,0.52,17.58,0.54,5.0,0.48,17.58,0.46,5.0,0.51,5.0,0.52,21.0,0.03,0.03,0.095676,1776184822000
1776184824.506,24.506,0.49,5.0,0.48,21.0,0.52,17.58,0.54,5.0,0.48,17.58,0.46,5.0,0.51,5.0,0.52,21.0,0.03,0.03,0.095676,1776184823000
1776184824.993,24.993,0.49,5.0,0.48,21.0,0.52,17.58,0.54,5.0,0.48,17.58,0.46,5.0,0.51,5.0,0.52,21.0,0.03,0.03,0.095676,1776184824000
1776184826.203,26.203,0.49,5.0,0.48,21.0,0.52,17.58,0.54,5.0,0.48,17.58,0.46,5.0,0.51,5.0,0.52,21.0,0.03,0.03,0.095675,1776184825000
1776184826.571,26.571,0.49,5.0,0.48,21.0,0.52,12.58,0.54,5.0,0.48,17.58,0.46,5.0,0.51,5.0,0.52,21.0,0.03,0.03,0.095675,1776184825000
1776184827.246,27.246,0.49,5.0,0.48,21.0,0.52,12.58,0.54,5.0,0.48,12.58,0.46,5.0,0.51,5.0,0.52,21.0,0.03,0.03,0.095676,1776184826000
1776184828.361,28.361,0.49,5.0,0.48,21.0,0.52,12.58,0.54,5.0,0.48,12.58,0.46,5.0,0.51,5.0,0.52,21.0,0.03,0.03,0.095677,1776184827000
1776184829.341,29.341,0.49,5.0,0.48,21.0,0.52,12.58,0.54,5.0,0.48,12.58,0.46,5.0,0.51,5.0,0.52,21.0,0.03,0.03,0.095678,1776184828000
1776184829.922,29.922,0.49,5.0,0.48,21.0,0.52,12.58,0.54,5.0,0.48,12.58,0.46,5.0,0.51,5.0,0.52,21.0,0.03,0.03,0.095677,1776184829000
1776184830.951,30.951,0.49,5.0,0.48,21.0,0.52,12.58,0.54,5.0,0.48,12.58,0.46,5.0,0.51,5.0,0.52,21.0,0.03,0.03,0.095677,1776184830000
1776184832.619,32.619,0.49,5.0,0.48,21.0,0.52,12.58,0.54,5.0,0.48,12.58,0.46,5.0,0.51,5.0,0.52,21.0,0.03,0.03,0.095685,1776184831000
1776184833.208,33.208,0.49,5.0,0.48,21.0,0.52,12.58,0.54,5.0,0.48,12.58,0.46,5.0,0.51,5.0,0.52,21.0,0.03,0.03,0.095685,1776184832000
1776184833.467,33.467,0.49,15.0,0.48,21.0,0.52,7.58,0.58,5.0,0.48,12.58,0.46,5.0,0.51,5.0,0.52,21.0,0.03,0.03,0.095685,1776184832000
1776184834.428,34.428,0.49,15.0,0.48,21.0,0.52,7.58,0.58,5.0,0.48,7.58,0.42,5.0,0.51,15.0,0.52,21.0,0.03,0.03,0.095684,1776184833000
1776184834.901,34.901,0.49,15.0,0.48,21.0,0.52,7.58,0.58,5.0,0.48,7.58,0.42,5.0,0.51,15.0,0.52,21.0,0.03,0.03,0.095684,1776184834000
1776184836.075,36.075,0.49,15.0,0.48,21.0,0.52,7.58,0.58,5.0,0.48,7.58,0.42,5.0,0.51,15.0,0.52,21.0,0.03,0.03,0.095688,1776184835000
1776184837.011,37.011,0.5,20.0,0.49,5.0,0.52,2.48,0.61,10.0,0.48,7.58,0.42,5.0,0.51,15.0,0.52,21.0,0.02,0.03,0.095688,1776184835000
1776184837.311,37.311,0.5,20.0,0.49,5.0,0.52,2.48,0.61,10.0,0.48,2.48,0.39,10.0,0.5,20.0,0.51,5.0,0.02,0.02,0.095703,1776184836000
1776184838.467,38.467,0.5,20.0,0.49,5.0,0.52,2.48,0.61,10.0,0.48,2.48,0.39,10.0,0.5,20.0,0.51,5.0,0.02,0.02,0.095706,1776184837000
1776184839.1,39.1,0.5,20.0,0.49,5.0,0.52,2.48,0.61,10.0,0.48,2.48,0.39,10.0,0.5,20.0,0.51,5.0,0.02,0.02,0.095706,1776184838000
1776184840.351,40.351,0.5,20.0,0.49,5.0,0.52,2.48,0.61,10.0,0.48,2.48,0.39,10.0,0.5,20.0,0.51,5.0,0.02,0.02,0.09568,1776184839000
1776184841.455,41.455,0.5,20.0,0.49,5.0,0.52,2.48,0.61,10.0,0.48,2.48,0.39,10.0,0.5,20.0,0.51,5.0,0.02,0.02,0.095686,1776184840000
1776184841.67,41.67,0.5,5.0,0.48,21.0,0.54,2.48,0.55,5.0,0.48,2.48,0.39,10.0,0.5,20.0,0.51,5.0,0.04,0.02,0.095686,1776184840000
1776184841.921,41.921,0.5,5.0,0.48,21.0,0.54,2.48,0.55,5.0,0.46,2.48,0.45,5.0,0.5,5.0,0.52,21.0,0.04,0.04,0.095686,1776184841000
1776184843.072,43.072,0.5,5.0,0.48,21.0,0.54,2.48,0.55,5.0,0.46,2.48,0.45,5.0,0.5,5.0,0.52,21.0,0.04,0.04,0.095681,1776184842000
1776184844.106,44.106,0.5,5.0,0.48,21.0,0.55,4.6,0.61,72.0,0.46,2.48,0.45,5.0,0.5,5.0,0.52,21.0,0.05,0.04,0.095681,1776184842000
1776184844.582,44.582,0.48,21.0,0.42,5.0,0.51,5.0,0.54,10.0,0.45,4.6,0.39,72.0,0.5,5.0,0.52,21.0,0.03,0.05,0.095669,1776184843000
1776184845.393,45.393,0.48,18.09,0.42,5.0,0.54,10.0,0.55,10.0,0.46,10.0,0.45,10.0,0.52,18.09,0.58,5.0,0.06,0.06,0.095665,1776184844000
1776184845.894,45.894,0.48,18.09,0.42,5.0,0.54,10.0,0.55,10.0,0.46,10.0,0.45,10.0,0.52,18.09,0.58,5.0,0.06,0.06,0.095665,1776184845000
1776184847.272,47.272,0.48,18.09,0.44,5.0,0.54,5.0,0.56,5.0,0.46,10.0,0.45,10.0,0.52,18.09,0.58,5.0,0.06,0.06,0.095665,1776184845000
1776184847.671,47.671,0.48,18.09,0.44,5.0,0.54,5.0,0.56,5.0,0.46,5.0,0.44,5.0,0.52,18.09,0.56,5.0,0.06,0.06,0.095642,1776184846000
1776184848.321,48.321,0.48,18.09,0.44,5.0,0.54,5.0,0.56,5.0,0.46,5.0,0.44,5.0,0.52,18.09,0.56,5.0,0.06,0.06,0.095649,1776184847000
1776184849.299,49.299,0.48,18.09,0.44,5.0,0.54,5.0,0.56,5.0,0.46,5.0,0.44,5.0,0.52,18.09,0.56,5.0,0.06,0.06,0.095668,1776184848000
1776184850.366,50.366,0.48,18.09,0.44,5.0,0.54,5.0,0.56,5.0,0.46,5.0,0.44,5.0,0.52,18.09,0.56,5.0,0.06,0.06,0.095669,1776184849000
1776184851.409,51.409,0.48,18.09,0.44,5.0,0.54,5.0,0.56,5.0,0.46,5.0,0.44,5.0,0.52,18.09,0.56,5.0,0.06,0.06,0.095666,1776184850000
1776184851.928,51.928,0.48,18.09,0.44,5.0,0.54,5.0,0.56,5.0,0.46,5.0,0.44,5.0,0.52,18.09,0.56,5.0,0.06,0.06,0.095666,1776184851000
1776184853.173,53.173,0.48,18.09,0.44,5.0,0.54,5.0,0.56,5.0,0.46,5.0,0.44,5.0,0.52,18.09,0.56,5.0,0.06,0.06,0.095666,1776184852000
1776184854.177,54.177,0.48,18.09,0.44,5.0,0.54,5.0,0.56,5.0,0.46,5.0,0.44,5.0,0.52,18.09,0.56,5.0,0.06,0.06,0.095667,1776184853000
1776184855.298,55.298,0.48,18.09,0.44,5.0,0.54,5.0,0.56,5.0,0.46,5.0,0.44,5.0,0.52,18.09,0.56,5.0,0.06,0.06,0.095665,1776184854000
1776184856.383,56.383,0.48,18.09,0.44,5.0,0.54,5.0,0.56,5.0,0.46,5.0,0.44,5.0,0.52,18.09,0.56,5.0,0.06,0.06,0.095662,1776184855000
1776184857.023,57.023,0.48,18.09,0.44,5.0,0.54,5.0,0.56,5.0,0.46,5.0,0.44,5.0,0.52,18.09,0.56,5.0,0.06,0.06,0.095657,1776184856000
1776184857.918,57.918,0.48,7.38,0.39,5.0,0.51,5.0,0.53,5.0,0.49,5.0,0.47,5.0,0.52,7.38,0.61,5.0,0.03,0.03,0.095651,1776184857000
1776184858.513,58.513,0.48,1.06,0.39,5.0,0.51,5.0,0.53,5.0,0.49,5.0,0.47,5.0,0.52,7.38,0.61,5.0,0.03,0.03,0.095651,1776184857000
1776184858.965,58.965,0.48,1.06,0.39,5.0,0.51,5.0,0.53,5.0,0.49,5.0,0.47,5.0,0.52,1.06,0.61,5.0,0.03,0.03,0.09565,1776184858000
1776184860.057,60.057,0.48,1.06,0.39,5.0,0.51,5.0,0.53,5.0,0.49,5.0,0.47,5.0,0.52,1.06,0.61,5.0,0.03,0.03,0.095647,1776184859000
1776184861.829,61.829,0.48,1.06,0.39,5.0,0.51,5.0,0.53,5.0,0.49,5.0,0.47,5.0,0.52,1.06,0.61,5.0,0.03,0.03,0.095651,1776184860000
1776184862.476,62.476,0.48,1.06,0.39,5.0,0.51,5.0,0.53,5.0,0.49,5.0,0.47,5.0,0.52,1.06,0.61,5.0,0.03,0.03,0.095647,1776184861000
1776184863.081,63.081,0.48,1.06,0.39,5.0,0.51,5.0,0.53,5.0,0.49,5.0,0.47,5.0,0.52,1.06,0.61,5.0,0.03,0.03,0.095648,1776184862000
1776184864.387,64.387,0.48,1.06,0.39,5.0,0.51,5.0,0.53,5.0,0.49,5.0,0.47,5.0,0.52,1.06,0.61,5.0,0.03,0.03,0.095649,1776184863000
1776184865.533,65.533,0.48,1.06,0.39,5.0,0.51,5.0,0.53,5.0,0.49,5.0,0.47,5.0,0.52,1.06,0.61,5.0,0.03,0.03,0.095648,1776184864000
1776184866.099,66.099,0.48,1.06,0.39,5.0,0.51,5.0,0.53,5.0,0.49,5.0,0.47,5.0,0.52,1.06,0.61,5.0,0.03,0.03,0.095647,1776184865000
1776184867.17,67.17,0.34,10.0,0.33,5.0,0.44,8.94,0.49,5.0,0.49,5.0,0.47,5.0,0.52,1.06,0.61,5.0,0.1,0.03,0.095647,1776184865000
1776184868.52,68.52,0.34,10.0,0.33,5.0,0.44,8.94,0.49,5.0,0.56,8.94,0.51,5.0,0.66,10.0,0.67,5.0,0.1,0.1,0.095649,1776184867000
1776184869.177,69.177,0.34,10.0,0.33,5.0,0.44,8.94,0.49,5.0,0.56,8.94,0.51,5.0,0.66,10.0,0.67,5.0,0.1,0.1,0.095635,1776184868000
1776184870.269,70.269,0.34,10.0,0.33,5.0,0.44,8.94,0.49,5.0,0.56,8.94,0.51,5.0,0.66,10.0,0.67,5.0,0.1,0.1,0.095603,1776184869000
1776184871.142,71.142,0.27,8.08,0.26,18.5,0.39,5.0,0.4,8.0,0.56,8.94,0.51,5.0,0.66,10.0,0.67,5.0,0.12,0.1,0.095603,1776184869000
1776184871.523,71.523,0.27,8.08,0.26,18.5,0.39,5.0,0.4,8.0,0.61,5.0,0.6,8.0,0.73,8.08,0.74,18.5,0.12,0.12,0.095603,1776184870000
1776184872.148,72.148,0.27,8.08,0.26,18.5,0.39,5.0,0.4,8.0,0.61,5.0,0.6,8.0,0.73,8.08,0.74,18.5,0.12,0.12,0.0956,1776184871000
1776184872.629,72.629,0.26,11.4,0.25,15.0,0.37,5.0,0.41,55.0,0.61,5.0,0.6,8.0,0.73,8.08,0.74,18.5,0.11,0.12,0.0956,1776184871000
1776184873.485,73.485,0.26,11.4,0.25,15.0,0.37,5.0,0.41,55.0,0.63,5.0,0.59,55.0,0.74,11.4,0.75,15.0,0.11,0.11,0.095599,1776184872000
1776184873.933,73.933,0.26,5.37,0.25,5.0,0.37,5.0,0.41,55.0,0.63,5.0,0.59,55.0,0.74,11.4,0.75,15.0,0.11,0.11,0.095599,1776184872000
1776184874.261,74.261,0.26,5.37,0.25,5.0,0.37,5.0,0.41,55.0,0.63,5.0,0.59,55.0,0.74,5.37,0.75,5.0,0.11,0.11,0.095598,1776184873000
1776184875.259,75.259,0.24,5.0,0.23,5.0,0.35,5.0,0.37,7.0,0.63,5.0,0.59,55.0,0.74,5.37,0.75,5.0,0.11,0.11,0.095598,1776184873000
1776184876.143,76.143,0.24,5.0,0.23,5.0,0.35,5.0,0.37,7.0,0.65,5.0,0.63,7.0,0.76,5.0,0.77,5.0,0.11,0.11,0.095597,1776184875000
1776184876.624,76.624,0.23,5.0,0.22,15.2,0.35,5.0,0.37,7.0,0.65,5.0,0.63,7.0,0.76,5.0,0.77,5.0,0.12,0.11,0.095597,1776184875000
1776184877.621,77.621,0.23,5.0,0.22,15.2,0.26,5.0,0.35,5.0,0.65,5.0,0.63,7.0,0.77,5.0,0.78,15.2,0.03,0.12,0.095597,1776184875000
1776184878.42,78.42,0.23,5.0,0.22,15.2,0.26,5.0,0.35,5.0,0.74,5.0,0.65,5.0,0.77,5.0,0.78,15.2,0.03,0.03,0.095593,1776184877000
1776184878.645,78.645,0.24,4.8,0.22,15.2,0.26,5.0,0.37,5.0,0.74,5.0,0.65,5.0,0.77,5.0,0.78,15.2,0.02,0.03,0.095593,1776184877000
1776184878.962,78.962,0.24,4.8,0.22,15.2,0.26,5.0,0.37,5.0,0.74,5.0,0.63,5.0,0.76,4.8,0.78,15.2,0.02,0.02,0.095593,1776184878000
1776184879.686,79.686,0.24,9.3,0.23,14.7,0.26,5.0,0.36,5.0,0.74,5.0,0.63,5.0,0.76,4.8,0.78,15.2,0.02,0.02,0.095593,1776184878000
1776184880.01,80.01,0.24,9.3,0.23,14.7,0.26,5.0,0.36,5.0,0.74,5.0,0.64,5.0,0.76,9.3,0.77,14.7,0.02,0.02,0.095595,1776184879000
1776184880.689,80.689,0.24,4.3,0.23,14.7,0.26,5.0,0.36,5.0,0.74,5.0,0.64,5.0,0.76,9.3,0.77,14.7,0.02,0.02,0.095595,1776184879000
1776184881.189,81.189,0.24,4.3,0.23,14.7,0.26,5.0,0.36,5.0,0.74,5.0,0.64,5.0,0.76,4.3,0.77,14.7,0.02,0.02,0.095603,1776184880000
1776184881.783,81.783,0.23,14.0,0.22,15.2,0.26,5.0,0.36,5.0,0.74,5.0,0.64,5.0,0.76,4.3,0.77,14.7,0.03,0.02,0.095603,1776184880000
1776184882.091,82.091,0.23,14.0,0.22,15.2,0.26,5.0,0.36,5.0,0.74,5.0,0.64,5.0,0.77,14.0,0.78,15.2,0.03,0.03,0.095605,1776184881000
1776184883.22,83.22,0.23,14.0,0.22,15.2,0.26,5.0,0.36,5.0,0.74,5.0,0.64,5.0,0.77,14.0,0.78,15.2,0.03,0.03,0.09561,1776184882000
1776184884.329,84.329,0.23,14.0,0.22,15.2,0.26,5.0,0.36,5.0,0.74,5.0,0.64,5.0,0.77,14.0,0.78,15.2,0.03,0.03,0.095607,1776184883000
1776184885.395,85.395,0.23,14.0,0.22,15.2,0.26,5.0,0.36,5.0,0.74,5.0,0.64,5.0,0.77,14.0,0.78,15.2,0.03,0.03,0.095605,1776184884000
1776184886.363,86.363,0.23,14.0,0.22,15.2,0.26,5.0,0.36,5.0,0.74,5.0,0.64,5.0,0.77,14.0,0.78,15.2,0.03,0.03,0.095604,1776184885000
1776184886.895,86.895,0.23,14.0,0.22,15.2,0.26,5.0,0.36,5.0,0.74,5.0,0.64,5.0,0.77,14.0,0.78,15.2,0.03,0.03,0.095577,1776184886000
1776184888.019,88.019,0.23,14.0,0.22,15.2,0.26,5.0,0.36,5.0,0.74,5.0,0.64,5.0,0.77,14.0,0.78,15.2,0.03,0.03,0.095579,1776184887000
1776184889.013,89.013,0.23,14.0,0.22,15.2,0.26,5.0,0.36,5.0,0.74,5.0,0.64,5.0,0.77,14.0,0.78,15.2,0.03,0.03,0.095578,1776184888000
1776184895.7,95.7,0.2,16.2,0.19,16.89,0.33,0.9,0.34,18.6,0.74,5.0,0.64,5.0,0.77,14.0,0.78,15.2,0.13,0.03,0.095578,1776184888000
1776184897.338,97.338,0.2,16.2,0.19,16.89,0.33,0.9,0.34,18.6,0.67,0.9,0.66,18.6,0.8,16.2,0.81,16.89,0.13,0.13,0.095591,1776184896000
1776184898.056,98.056,0.2,16.2,0.19,16.89,0.33,0.9,0.34,18.6,0.67,0.9,0.66,18.6,0.8,16.2,0.81,16.89,0.13,0.13,0.095587,1776184897000
1776184899.001,99.001,0.2,16.2,0.19,16.89,0.33,0.9,0.34,18.6,0.67,0.9,0.66,18.6,0.8,16.2,0.81,16.89,0.13,0.13,0.095588,1776184898000
1776184900.034,100.034,0.2,16.2,0.19,16.89,0.33,0.9,0.34,18.6,0.67,0.9,0.66,18.6,0.8,16.2,0.81,16.89,0.13,0.13,0.095594,1776184899000
1776184901.063,101.063,0.2,16.2,0.19,16.89,0.33,0.9,0.34,18.6,0.67,0.9,0.66,18.6,0.8,16.2,0.81,16.89,0.13,0.13,0.095595,1776184900000
1776184901.948,101.948,0.2,16.2,0.19,16.89,0.33,0.9,0.34,18.6,0.67,0.9,0.66,18.6,0.8,16.2,0.81,16.89,0.13,0.13,0.095596,1776184901000
1776184902.938,102.938,0.2,16.2,0.19,16.89,0.33,0.9,0.34,18.6,0.67,0.9,0.66,18.6,0.8,16.2,0.81,16.89,0.13,0.13,0.095594,1776184902000
1776184904.585,104.585,0.2,16.2,0.19,16.89,0.33,0.9,0.34,18.6,0.67,0.9,0.66,18.6,0.8,16.2,0.81,16.89,0.13,0.13,0.095598,1776184903000
1776184905.397,105.397,0.2,16.2,0.19,16.89,0.33,0.9,0.34,18.6,0.67,0.9,0.66,18.6,0.8,16.2,0.81,16.89,0.13,0.13,0.095598,1776184904000
1776184906.298,106.298,0.21,5.0,0.19,16.89,0.33,20.01,0.34,11.6,0.67,0.9,0.66,18.6,0.8,16.2,0.81,16.89,0.12,0.13,0.095598,1776184904000
1776184906.619,106.619,0.21,5.0,0.19,16.89,0.33,20.01,0.34,11.6,0.67,20.01,0.66,11.6,0.79,5.0,0.81,16.89,0.12,0.12,0.095599,1776184905000
1776184907.222,107.222,0.21,5.0,0.19,16.89,0.33,20.01,0.34,11.6,0.67,20.01,0.66,11.6,0.79,5.0,0.81,16.89,0.12,0.12,0.095599,1776184906000
1776184908.721,108.721,0.21,5.0,0.19,16.89,0.33,20.01,0.34,11.6,0.67,20.01,0.66,11.6,0.79,5.0,0.81,16.89,0.12,0.12,0.095597,1776184907000
1776184909.471,109.471,0.21,5.0,0.19,16.89,0.33,20.01,0.34,11.6,0.67,20.01,0.66,11.6,0.79,5.0,0.81,16.89,0.12,0.12,0.095596,1776184908000
1776184910.201,110.201,0.21,5.0,0.19,16.89,0.33,20.01,0.34,11.6,0.67,20.01,0.66,11.6,0.79,5.0,0.81,16.89,0.12,0.12,0.095593,1776184909000
1776184911.724,111.724,0.21,5.0,0.19,16.89,0.33,20.01,0.34,11.6,0.67,20.01,0.66,11.6,0.79,5.0,0.81,16.89,0.12,0.12,0.095594,1776184910000
1776184912.416,112.416,0.21,5.0,0.19,16.89,0.33,20.01,0.34,11.6,0.67,20.01,0.66,11.6,0.79,5.0,0.81,16.89,0.12,0.12,0.095594,1776184911000
1776184913.009,113.009,0.21,5.0,0.19,16.89,0.33,20.01,0.34,11.6,0.67,20.01,0.66,11.6,0.79,5.0,0.81,16.89,0.12,0.12,0.095589,1776184912000
1776184914.209,114.209,0.21,5.0,0.19,16.89,0.33,20.01,0.34,11.6,0.67,20.01,0.66,11.6,0.79,5.0,0.81,16.89,0.12,0.12,0.09559,1776184913000
1776184914.613,114.613,0.2,0.75,0.14,26.6,0.26,11.0,0.28,5.0,0.67,20.01,0.66,11.6,0.79,5.0,0.81,16.89,0.06,0.12,0.09559,1776184913000
1776184915.597,115.597,0.2,0.75,0.14,26.6,0.26,11.0,0.28,5.0,0.74,11.0,0.72,5.0,0.8,0.75,0.86,26.6,0.06,0.06,0.09559,1776184914000
1776184916.175,116.175,0.2,0.75,0.14,26.6,0.26,11.0,0.28,5.0,0.74,11.0,0.72,5.0,0.8,0.75,0.86,26.6,0.06,0.06,0.09559,1776184915000
1776184917.41,117.41,0.2,0.75,0.14,26.6,0.26,11.0,0.28,5.0,0.74,11.0,0.72,5.0,0.8,0.75,0.86,26.6,0.06,0.06,0.095571,1776184916000
1776184918.111,118.111,0.2,0.75,0.14,26.6,0.26,11.0,0.28,5.0,0.74,11.0,0.72,5.0,0.8,0.75,0.86,26.6,0.06,0.06,0.095572,1776184917000
1776184919.25,119.25,0.2,0.75,0.14,26.6,0.26,11.0,0.28,5.0,0.74,11.0,0.72,5.0,0.8,0.75,0.86,26.6,0.06,0.06,0.095567,1776184918000
1776184920.439,120.439,0.2,0.75,0.14,26.6,0.26,11.0,0.28,5.0,0.74,11.0,0.72,5.0,0.8,0.75,0.86,26.6,0.06,0.06,0.095568,1776184919000
1776184921.613,121.613,0.2,0.75,0.14,26.6,0.26,11.0,0.28,5.0,0.74,11.0,0.72,5.0,0.8,0.75,0.86,26.6,0.06,0.06,0.095569,1776184920000
1776184922.259,122.259,0.2,0.75,0.14,26.6,0.26,11.0,0.28,5.0,0.74,11.0,0.72,5.0,0.8,0.75,0.86,26.6,0.06,0.06,0.095568,1776184921000
1776184924.25,124.25,0.2,0.75,0.14,26.6,0.26,11.0,0.28,5.0,0.74,11.0,0.72,5.0,0.8,0.75,0.86,26.6,0.06,0.06,0.095569,1776184922000
1776184924.668,124.668,0.2,0.75,0.14,17.12,0.25,13.9,0.26,24.5,0.74,11.0,0.72,5.0,0.8,0.75,0.86,26.6,0.05,0.06,0.095569,1776184922000
1776184924.965,124.965,0.2,0.75,0.14,17.12,0.25,13.9,0.26,24.5,0.75,13.9,0.74,24.5,0.8,0.75,0.86,17.12,0.05,0.05,0.095569,1776184923000
1776184925.545,125.545,0.2,0.75,0.14,17.12,0.25,13.9,0.26,24.5,0.75,13.9,0.74,24.5,0.8,0.75,0.86,17.12,0.05,0.05,0.095569,1776184924000
1776184926.27,126.27,0.2,0.75,0.14,17.12,0.25,13.9,0.26,24.5,0.75,13.9,0.74,24.5,0.8,0.75,0.86,17.12,0.05,0.05,0.095572,1776184925000
1776184927.231,127.231,0.22,73.46,0.14,17.12,0.25,24.9,0.26,13.5,0.75,24.9,0.74,13.5,0.78,82.06,0.8,0.75,0.03,0.03,0.095572,1776184925000
1776184928.521,128.521,0.22,73.46,0.14,17.12,0.25,24.9,0.26,13.5,0.75,24.9,0.74,13.5,0.78,73.46,0.86,17.12,0.03,0.03,0.095572,1776184927000
1776184929.307,129.307,0.22,73.46,0.14,17.12,0.25,24.9,0.26,13.5,0.75,24.9,0.74,13.5,0.78,73.46,0.86,17.12,0.03,0.03,0.095572,1776184928000
1776184930.674,130.674,0.22,73.46,0.14,17.12,0.25,24.9,0.26,13.5,0.75,24.9,0.74,13.5,0.78,73.46,0.86,17.12,0.03,0.03,0.095556,1776184929000
1776184931.474,131.474,0.22,73.46,0.14,17.12,0.25,24.9,0.26,13.5,0.75,24.9,0.74,13.5,0.78,73.46,0.86,17.12,0.03,0.03,0.095588,1776184930000
1776184932.145,132.145,0.22,73.46,0.14,17.12,0.25,24.9,0.26,13.5,0.75,24.9,0.74,13.5,0.78,73.46,0.86,17.12,0.03,0.03,0.095588,1776184931000
1776184933.424,133.424,0.22,73.46,0.14,17.12,0.25,24.9,0.26,13.5,0.75,24.9,0.74,13.5,0.78,73.46,0.86,17.12,0.03,0.03,0.095598,1776184932000
1776184934.013,134.013,0.22,73.46,0.14,17.12,0.25,24.9,0.26,13.5,0.75,24.9,0.74,13.5,0.78,73.46,0.86,17.12,0.03,0.03,0.095598,1776184933000
1776184935.435,135.435,0.22,73.46,0.14,17.12,0.25,24.9,0.26,13.5,0.75,24.9,0.74,13.5,0.78,73.46,0.86,17.12,0.03,0.03,0.095599,1776184934000
1776184936.167,136.167,0.22,73.46,0.14,17.12,0.25,24.9,0.26,13.5,0.75,24.9,0.74,13.5,0.78,73.46,0.86,17.12,0.03,0.03,0.095599,1776184935000
1776184937.813,137.813,0.22,73.46,0.14,17.12,0.25,24.9,0.26,13.5,0.75,24.9,0.74,13.5,0.78,73.46,0.86,17.12,0.03,0.03,0.095598,1776184936000
1776184938.396,138.396,0.22,73.46,0.14,17.12,0.25,24.9,0.26,13.5,0.75,24.9,0.74,13.5,0.78,73.46,0.86,17.12,0.03,0.03,0.095598,1776184937000
1776184939.084,139.084,0.22,73.46,0.14,17.12,0.25,24.9,0.26,13.5,0.75,24.9,0.74,13.5,0.78,73.46,0.86,17.12,0.03,0.03,0.095598,1776184938000
1776184939.386,139.386,0.22,73.46,0.18,22.6,0.31,12.2,0.32,16.9,0.75,24.9,0.74,13.5,0.78,73.46,0.86,17.12,0.09,0.03,0.095598,1776184938000
1776184940.222,140.222,0.22,73.46,0.18,22.6,0.31,12.2,0.32,16.9,0.69,12.2,0.68,16.9,0.78,73.46,0.82,22.6,0.09,0.09,0.095601,1776184939000
1776184941.517,141.517,0.22,73.46,0.18,22.6,0.31,12.2,0.32,16.9,0.69,12.2,0.68,16.9,0.78,73.46,0.82,22.6,0.09,0.09,0.0956,1776184940000
1776184942.455,142.455,0.22,73.46,0.18,22.6,0.31,12.2,0.32,16.9,0.69,12.2,0.68,16.9,0.78,73.46,0.82,22.6,0.09,0.09,0.095597,1776184941000
1776184947.222,147.222,0.22,73.46,0.18,22.6,0.31,12.2,0.32,16.9,0.69,12.2,0.68,16.9,0.78,73.46,0.82,22.6,0.09,0.09,0.095599,1776184942000
1776184947.776,147.776,0.22,73.46,0.18,22.6,0.31,12.2,0.32,16.9,0.69,12.2,0.68,16.9,0.78,73.46,0.82,22.6,0.09,0.09,0.095601,1776184946000
1776184949.03,149.03,0.22,73.46,0.18,22.6,0.31,12.2,0.32,16.9,0.69,12.2,0.68,16.9,0.78,73.46,0.82,22.6,0.09,0.09,0.095602,1776184947000
1776184949.646,149.646,0.22,73.46,0.18,22.6,0.31,12.2,0.32,16.9,0.69,12.2,0.68,16.9,0.78,73.46,0.82,22.6,0.09,0.09,0.095596,1776184948000
1776184950.35,150.35,0.22,73.46,0.18,22.6,0.31,12.2,0.32,16.9,0.69,12.2,0.68,16.9,0.78,73.46,0.82,22.6,0.09,0.09,0.095598,1776184949000
1776184951.173,151.173,0.22,73.46,0.18,22.6,0.31,12.2,0.32,16.9,0.69,12.2,0.68,16.9,0.78,73.46,0.82,22.6,0.09,0.09,0.095598,1776184950000
1776184952.756,152.756,0.22,73.46,0.18,22.6,0.31,12.2,0.32,16.9,0.69,12.2,0.68,16.9,0.78,73.46,0.82,22.6,0.09,0.09,0.095597,1776184951000
1776184953.449,153.449,0.22,73.46,0.18,22.6,0.31,12.2,0.32,16.9,0.69,12.2,0.68,16.9,0.78,73.46,0.82,22.6,0.09,0.09,0.095597,1776184952000
1776184954.327,154.327,0.22,73.46,0.18,22.6,0.31,12.2,0.32,16.9,0.69,12.2,0.68,16.9,0.78,73.46,0.82,22.6,0.09,0.09,0.095597,1776184953000
1776184955.765,155.765,0.22,73.46,0.18,22.6,0.31,12.2,0.32,16.9,0.69,12.2,0.68,16.9,0.78,73.46,0.82,22.6,0.09,0.09,0.095601,1776184954000
1776184956.498,156.498,0.22,73.46,0.18,22.6,0.31,12.2,0.32,16.9,0.69,12.2,0.68,16.9,0.78,73.46,0.82,22.6,0.09,0.09,0.095604,1776184955000
1776184957.376,157.376,0.22,73.46,0.18,22.6,0.31,12.2,0.32,16.9,0.69,12.2,0.68,16.9,0.78,73.46,0.82,22.6,0.09,0.09,0.095604,1776184956000
1776184959.234,159.234,0.22,73.46,0.18,22.6,0.31,12.2,0.32,16.9,0.69,12.2,0.68,16.9,0.78,73.46,0.82,22.6,0.09,0.09,0.095603,1776184958000
1776184960.488,160.488,0.22,73.46,0.18,22.6,0.31,12.2,0.32,16.9,0.69,12.2,0.68,16.9,0.78,73.46,0.82,22.6,0.09,0.09,0.095602,1776184959000
1776184961.124,161.124,0.22,73.46,0.18,22.6,0.31,12.2,0.32,16.9,0.69,12.2,0.68,16.9,0.78,73.46,0.82,22.6,0.09,0.09,0.095601,1776184960000
1776184962.368,162.368,0.22,73.46,0.18,22.6,0.31,12.2,0.32,16.9,0.69,12.2,0.68,16.9,0.78,73.46,0.82,22.6,0.09,0.09,0.095602,1776184961000
1776184962.938,162.938,0.22,73.46,0.18,22.6,0.31,12.2,0.32,16.9,0.69,12.2,0.68,16.9,0.78,73.46,0.82,22.6,0.09,0.09,0.095602,1776184962000
1776184964.1,164.1,0.22,73.46,0.18,22.6,0.31,12.2,0.32,16.9,0.69,12.2,0.68,16.9,0.78,73.46,0.82,22.6,0.09,0.09,0.095604,1776184963000
1776184965.301,165.301,0.22,73.46,0.18,22.6,0.31,12.2,0.32,16.9,0.69,12.2,0.68,16.9,0.78,73.46,0.82,22.6,0.09,0.09,0.095604,1776184964000
1776184966.41,166.41,0.22,73.46,0.18,22.6,0.31,12.2,0.32,16.9,0.69,12.2,0.68,16.9,0.78,73.46,0.82,22.6,0.09,0.09,0.095603,1776184965000
1776184966.96,166.96,0.22,73.46,0.18,22.6,0.31,12.2,0.32,16.9,0.69,12.2,0.68,16.9,0.78,73.46,0.82,22.6,0.09,0.09,0.095603,1776184966000
1776184967.406,167.406,0.22,67.87,0.18,22.6,0.26,6.0,0.31,62.2,0.69,12.2,0.68,16.9,0.78,73.46,0.82,22.6,0.04,0.09,0.095603,1776184966000
1776184968.079,168.079,0.22,67.87,0.18,22.6,0.26,6.0,0.31,62.2,0.74,6.0,0.69,62.2,0.78,67.87,0.82,22.6,0.04,0.04,0.095601,1776184967000
1776184969.229,169.229,0.22,67.87,0.18,22.6,0.26,6.0,0.31,62.2,0.74,6.0,0.69,62.2,0.78,67.87,0.82,22.6,0.04,0.04,0.095599,1776184968000
1776184969.429,169.429,0.22,51.13,0.18,22.6,0.25,6.0,0.31,62.2,0.74,6.0,0.69,62.2,0.78,67.87,0.82,22.6,0.03,0.04,0.095599,1776184968000
1776184970.328,170.328,0.22,51.13,0.18,22.6,0.25,6.0,0.31,62.2,0.75,6.0,0.69,62.2,0.78,51.13,0.82,22.6,0.03,0.03,0.095597,1776184969000
1776184970.886,170.886,0.22,51.13,0.18,22.6,0.25,6.0,0.31,62.2,0.75,6.0,0.69,62.2,0.78,51.13,0.82,22.6,0.03,0.03,0.095599,1776184970000
1776184972.089,172.089,0.22,51.13,0.18,22.6,0.25,6.0,0.31,62.2,0.75,6.0,0.69,62.2,0.78,51.13,0.82,22.6,0.03,0.03,0.095599,1776184971000
1776184973.196,173.196,0.22,51.13,0.18,22.6,0.25,6.0,0.31,62.2,0.75,6.0,0.69,62.2,0.78,51.13,0.82,22.6,0.03,0.03,0.095596,1776184972000
1776184973.466,173.466,0.22,40.54,0.17,23.39,0.25,6.0,0.3,12.4,0.75,6.0,0.69,62.2,0.78,51.13,0.82,22.6,0.03,0.03,0.095596,1776184972000
1776184974.357,174.357,0.22,40.54,0.17,23.39,0.25,6.0,0.3,12.4,0.75,6.0,0.7,12.4,0.78,40.54,0.83,23.39,0.03,0.03,0.095597,1776184973000
1776184974.903,174.903,0.22,40.54,0.17,23.39,0.25,6.0,0.3,12.4,0.75,6.0,0.7,12.4,0.78,40.54,0.83,23.39,0.03,0.03,0.095597,1776184974000
1776184976.096,176.096,0.17,23.39,0.16,19.3,0.25,6.0,0.3,12.4,0.75,6.0,0.7,12.4,0.83,23.39,0.84,19.3,0.08,0.08,0.095601,1776184975000
1776184977.179,177.179,0.17,23.39,0.16,19.3,0.25,6.0,0.3,12.4,0.75,6.0,0.7,12.4,0.83,23.39,0.84,19.3,0.08,0.08,0.0956,1776184976000
1776184978.46,178.46,0.17,23.39,0.16,19.3,0.25,6.0,0.3,12.4,0.75,6.0,0.7,12.4,0.83,23.39,0.84,19.3,0.08,0.08,0.095601,1776184977000
1776184979.35,179.35,0.17,23.39,0.16,19.3,0.25,6.0,0.3,12.4,0.75,6.0,0.7,12.4,0.83,23.39,0.84,19.3,0.08,0.08,0.095613,1776184978000
1776184980.41,180.41,0.17,23.39,0.16,19.3,0.25,6.0,0.3,12.4,0.75,6.0,0.7,12.4,0.83,23.39,0.84,19.3,0.08,0.08,0.095613,1776184979000
1776184981.383,181.383,0.17,23.39,0.16,19.3,0.25,6.0,0.3,12.4,0.75,6.0,0.7,12.4,0.83,23.39,0.84,19.3,0.08,0.08,0.095614,1776184980000
1776184981.939,181.939,0.17,23.39,0.16,19.3,0.25,6.0,0.3,12.4,0.75,6.0,0.7,12.4,0.83,23.39,0.84,19.3,0.08,0.08,0.095614,1776184981000
1776184983.091,183.091,0.17,23.39,0.16,19.3,0.25,6.0,0.3,12.4,0.75,6.0,0.7,12.4,0.83,23.39,0.84,19.3,0.08,0.08,0.095632,1776184982000
1776184984.129,184.129,0.17,23.39,0.16,19.3,0.25,6.0,0.3,12.4,0.75,6.0,0.7,12.4,0.83,23.39,0.84,19.3,0.08,0.08,0.095654,1776184983000
1776184985.236,185.236,0.17,23.39,0.16,19.3,0.25,6.0,0.3,12.4,0.75,6.0,0.7,12.4,0.83,23.39,0.84,19.3,0.08,0.08,0.095662,1776184984000
1776184986.283,186.283,0.17,23.39,0.16,19.3,0.25,6.0,0.3,12.4,0.75,6.0,0.7,12.4,0.83,23.39,0.84,19.3,0.08,0.08,0.095663,1776184985000
1776184987.311,187.311,0.17,23.39,0.16,19.3,0.25,6.0,0.3,12.4,0.75,6.0,0.7,12.4,0.83,23.39,0.84,19.3,0.08,0.08,0.095662,1776184986000
1776184988.323,188.323,0.17,23.39,0.16,19.3,0.25,6.0,0.3,12.4,0.75,6.0,0.7,12.4,0.83,23.39,0.84,19.3,0.08,0.08,0.095664,1776184987000
1776184989.177,189.177,0.37,5.0,0.33,26.8,0.43,0.08,0.48,5.0,0.75,6.0,0.7,12.4,0.83,23.39,0.84,19.3,0.06,0.08,0.095664,1776184987000
1776184989.743,189.743,0.37,5.0,0.33,26.8,0.43,0.08,0.48,5.0,0.57,0.08,0.52,5.0,0.63,5.0,0.67,26.8,0.06,0.06,0.095664,1776184988000
1776184990.308,190.308,0.37,5.0,0.33,26.8,0.43,0.08,0.48,5.0,0.57,0.08,0.52,5.0,0.63,5.0,0.67,26.8,0.06,0.06,0.095665,1776184989000
1776184991.478,191.478,0.37,5.0,0.33,26.8,0.43,0.08,0.48,5.0,0.57,0.08,0.52,5.0,0.63,5.0,0.67,26.8,0.06,0.06,0.095667,1776184990000
1776184992.109,192.109,0.37,5.0,0.33,26.8,0.43,0.08,0.48,5.0,0.57,0.08,0.52,5.0,0.63,5.0,0.67,26.8,0.06,0.06,0.095665,1776184991000
1776184993.168,193.168,0.37,5.0,0.33,26.8,0.43,0.08,0.48,5.0,0.57,0.08,0.52,5.0,0.63,5.0,0.67,26.8,0.06,0.06,0.095668,1776184992000
1776184994.325,194.325,0.37,5.0,0.33,26.8,0.43,0.08,0.48,5.0,0.57,0.08,0.52,5.0,0.63,5.0,0.67,26.8,0.06,0.06,0.095668,1776184993000
1776184995.348,195.348,0.37,5.0,0.33,26.8,0.43,0.08,0.48,5.0,0.57,0.08,0.52,5.0,0.63,5.0,0.67,26.8,0.06,0.06,0.095668,1776184994000
1776184995.821,195.821,0.42,5.0,0.41,50.0,0.49,7.47,0.51,19.0,0.57,0.08,0.52,5.0,0.63,5.0,0.67,26.8,0.07,0.06,0.095668,1776184994000
1776184996.553,196.553,0.42,5.0,0.41,50.0,0.49,7.47,0.51,19.0,0.51,7.47,0.49,19.0,0.58,5.0,0.59,50.0,0.07,0.07,0.095667,1776184995000
1776184997.106,197.106,0.42,5.0,0.41,50.0,0.49,7.47,0.51,19.0,0.51,7.47,0.49,19.0,0.58,5.0,0.59,50.0,0.07,0.07,0.095667,1776184996000
1776184998.79,198.79,0.42,5.0,0.41,50.0,0.49,7.47,0.51,19.0,0.51,7.47,0.49,19.0,0.58,5.0,0.59,50.0,0.07,0.07,0.095689,1776184997000
1776184999.398,199.398,0.42,5.0,0.41,50.0,0.49,7.47,0.51,19.0,0.51,7.47,0.49,19.0,0.58,5.0,0.59,50.0,0.07,0.07,0.095677,1776184998000
1776185000.47,200.47,0.42,5.0,0.41,50.0,0.49,7.47,0.51,19.0,0.51,7.47,0.49,19.0,0.58,5.0,0.59,50.0,0.07,0.07,0.095668,1776184999000
1776185001.084,201.084,0.42,5.0,0.41,50.0,0.49,7.47,0.51,19.0,0.51,7.47,0.49,19.0,0.58,5.0,0.59,50.0,0.07,0.07,0.095668,1776185000000
1776185002.382,202.382,0.42,5.0,0.41,50.0,0.49,7.47,0.51,19.0,0.51,7.47,0.49,19.0,0.58,5.0,0.59,50.0,0.07,0.07,0.095665,1776185001000
1776185003.018,203.018,0.42,5.0,0.41,50.0,0.49,7.47,0.51,19.0,0.51,7.47,0.49,19.0,0.58,5.0,0.59,50.0,0.07,0.07,0.095666,1776185002000
1776185004.15,204.15,0.42,5.0,0.41,50.0,0.49,7.47,0.51,19.0,0.51,7.47,0.49,19.0,0.58,5.0,0.59,50.0,0.07,0.07,0.095666,1776185003000
1776185005.567,205.567,0.42,5.0,0.41,50.0,0.49,7.47,0.51,19.0,0.51,7.47,0.49,19.0,0.58,5.0,0.59,50.0,0.07,0.07,0.095669,1776185004000
1776185006.095,206.095,0.42,5.0,0.41,50.0,0.49,7.47,0.51,19.0,0.51,7.47,0.49,19.0,0.58,5.0,0.59,50.0,0.07,0.07,0.095669,1776185005000
1776185007.472,207.472,0.42,5.0,0.41,50.0,0.49,7.47,0.51,19.0,0.51,7.47,0.49,19.0,0.58,5.0,0.59,50.0,0.07,0.07,0.095677,1776185006000
1776185007.778,207.778,0.44,10.6,0.43,10.6,0.51,14.0,0.55,5.0,0.51,7.47,0.49,19.0,0.58,5.0,0.59,50.0,0.07,0.07,0.095677,1776185006000
1776185008.093,208.093,0.44,10.6,0.43,10.6,0.51,14.0,0.55,5.0,0.49,14.0,0.45,5.0,0.56,10.6,0.57,10.6,0.07,0.07,0.095679,1776185007000
1776185009.4,209.4,0.44,10.6,0.43,10.6,0.51,14.0,0.55,5.0,0.49,14.0,0.45,5.0,0.56,10.6,0.57,10.6,0.07,0.07,0.09568,1776185008000
1776185010.193,210.193,0.44,10.6,0.43,10.6,0.51,14.0,0.55,5.0,0.49,14.0,0.45,5.0,0.56,10.6,0.57,10.6,0.07,0.07,0.09568,1776185009000
1776185011.426,211.426,0.44,10.6,0.43,10.6,0.51,14.0,0.55,5.0,0.49,14.0,0.45,5.0,0.56,10.6,0.57,10.6,0.07,0.07,0.095676,1776185010000
1776185012.179,212.179,0.44,10.6,0.43,10.6,0.51,14.0,0.55,5.0,0.49,14.0,0.45,5.0,0.56,10.6,0.57,10.6,0.07,0.07,0.095676,1776185011000
1776185013.384,213.384,0.44,10.6,0.43,10.6,0.51,14.0,0.55,5.0,0.49,14.0,0.45,5.0,0.56,10.6,0.57,10.6,0.07,0.07,0.095676,1776185012000
1776185013.903,213.903,0.49,10.4,0.48,15.4,0.51,9.0,0.68,11.9,0.49,14.0,0.45,5.0,0.56,10.6,0.57,10.6,0.02,0.07,0.095676,1776185012000
1776185014.112,214.112,0.49,10.4,0.48,15.4,0.51,9.0,0.68,11.9,0.49,9.0,0.32,11.9,0.51,10.4,0.52,15.4,0.02,0.02,0.09568,1776185013000
1776185015.245,215.245,0.5,10.4,0.49,10.4,0.51,3.0,0.68,11.9,0.49,9.0,0.32,11.9,0.51,10.4,0.52,15.4,0.01,0.02,0.09568,1776185013000
1776185015.508,215.508,0.5,10.4,0.49,10.4,0.51,3.0,0.68,11.9,0.49,3.0,0.32,11.9,0.5,10.4,0.51,10.4,0.01,0.01,0.095686,1776185014000
1776185016.071,216.071,0.5,10.4,0.49,10.4,0.51,3.0,0.68,11.9,0.49,3.0,0.32,11.9,0.5,10.4,0.51,10.4,0.01,0.01,0.095685,1776185015000
1776185016.532,216.532,0.51,47.0,0.5,15.4,0.7,12.4,0.71,12.6,0.49,3.0,0.32,11.9,0.5,10.4,0.51,10.4,0.19,0.01,0.095685,1776185015000
1776185017.477,217.477,0.51,47.0,0.5,15.4,0.7,12.4,0.71,12.6,0.3,12.4,0.29,12.6,0.49,47.0,0.5,15.4,0.19,0.19,0.095688,1776185016000
1776185018.092,218.092,0.51,47.0,0.5,15.4,0.7,12.4,0.71,12.6,0.3,12.4,0.29,12.6,0.49,47.0,0.5,15.4,0.19,0.19,0.095688,1776185017000
1776185019.496,219.496,0.51,47.0,0.5,15.4,0.7,12.4,0.71,12.6,0.3,12.4,0.29,12.6,0.49,47.0,0.5,15.4,0.19,0.19,0.095691,1776185018000
1776185020.042,220.042,0.54,10.5,0.53,10.4,0.71,10.75,0.72,12.9,0.3,12.4,0.29,12.6,0.49,47.0,0.5,15.4,0.17,0.19,0.095691,1776185018000
1776185021.093,221.093,0.54,10.5,0.53,10.4,0.71,10.75,0.72,12.9,0.29,10.75,0.28,12.9,0.46,10.5,0.47,10.4,0.17,0.17,0.09569,1776185020000
1776185022.058,222.058,0.54,10.5,0.53,10.4,0.71,10.75,0.72,12.9,0.29,10.75,0.28,12.9,0.46,10.5,0.47,10.4,0.17,0.17,0.095691,1776185021000
1776185022.959,222.959,0.54,10.5,0.53,10.4,0.71,10.75,0.72,12.9,0.29,10.75,0.28,12.9,0.46,10.5,0.47,10.4,0.17,0.17,0.09569,1776185022000
1776185024.037,224.037,0.54,10.5,0.53,10.4,0.71,10.75,0.72,12.9,0.29,10.75,0.28,12.9,0.46,10.5,0.47,10.4,0.17,0.17,0.095691,1776185023000
1776185025.035,225.035,0.54,10.5,0.53,10.4,0.71,10.75,0.72,12.9,0.29,10.75,0.28,12.9,0.46,10.5,0.47,10.4,0.17,0.17,0.095691,1776185024000
1776185026.101,226.101,0.54,10.5,0.53,10.4,0.71,10.75,0.72,12.9,0.29,10.75,0.28,12.9,0.46,10.5,0.47,10.4,0.17,0.17,0.095692,1776185025000
1776185027.182,227.182,0.54,10.5,0.53,10.4,0.71,10.75,0.72,12.9,0.29,10.75,0.28,12.9,0.46,10.5,0.47,10.4,0.17,0.17,0.0957,1776185026000
1776185028.158,228.158,0.54,10.5,0.53,10.4,0.71,10.75,0.72,12.9,0.29,10.75,0.28,12.9,0.46,10.5,0.47,10.4,0.17,0.17,0.095701,1776185027000
1776185029.144,229.144,0.54,10.5,0.53,10.4,0.71,10.75,0.72,12.9,0.29,10.75,0.28,12.9,0.46,10.5,0.47,10.4,0.17,0.17,0.095701,1776185028000
1776185030.251,230.251,0.54,10.5,0.53,10.4,0.71,10.75,0.72,12.9,0.29,10.75,0.28,12.9,0.46,10.5,0.47,10.4,0.17,0.17,0.0957,1776185029000
1776185031.237,231.237,0.54,10.5,0.53,10.4,0.71,10.75,0.72,12.9,0.29,10.75,0.28,12.9,0.46,10.5,0.47,10.4,0.17,0.17,0.095703,1776185030000
1776185032.317,232.317,0.54,10.5,0.53,10.4,0.71,10.75,0.72,12.9,0.29,10.75,0.28,12.9,0.46,10.5,0.47,10.4,0.17,0.17,0.095703,1776185031000
1776185033.278,233.278,0.54,10.5,0.53,10.4,0.71,10.75,0.72,12.9,0.29,10.75,0.28,12.9,0.46,10.5,0.47,10.4,0.17,0.17,0.095696,1776185032000
1776185034.42,234.42,0.54,10.5,0.53,10.4,0.71,10.75,0.72,12.9,0.29,10.75,0.28,12.9,0.46,10.5,0.47,10.4,0.17,0.17,0.095696,1776185033000
1776185034.922,234.922,0.54,10.5,0.53,10.4,0.71,10.75,0.72,12.9,0.29,10.75,0.28,12.9,0.46,10.5,0.47,10.4,0.17,0.17,0.095697,1776185034000
1776185036.081,236.081,0.54,10.5,0.53,10.4,0.71,10.75,0.72,12.9,0.29,10.75,0.28,12.9,0.46,10.5,0.47,10.4,0.17,0.17,0.095696,1776185035000
1776185037.215,237.215,0.54,10.5,0.53,10.4,0.71,10.75,0.72,12.9,0.29,10.75,0.28,12.9,0.46,10.5,0.47,10.4,0.17,0.17,0.095689,1776185036000
1776185038.359,238.359,0.54,10.5,0.53,10.4,0.71,10.75,0.72,12.9,0.29,10.75,0.28,12.9,0.46,10.5,0.47,10.4,0.17,0.17,0.095689,1776185037000
1776185038.925,238.925,0.54,10.5,0.53,10.4,0.71,10.75,0.72,12.9,0.29,10.75,0.28,12.9,0.46,10.5,0.47,10.4,0.17,0.17,0.095691,1776185038000
1776185039.942,239.942,0.54,10.5,0.53,10.4,0.71,10.75,0.72,12.9,0.29,10.75,0.28,12.9,0.46,10.5,0.47,10.4,0.17,0.17,0.095691,1776185039000
1776185041.067,241.067,0.54,10.5,0.53,10.4,0.71,10.75,0.72,12.9,0.29,10.75,0.28,12.9,0.46,10.5,0.47,10.4,0.17,0.17,0.095689,1776185040000
1776185042.233,242.233,0.54,10.5,0.53,10.4,0.71,10.75,0.72,12.9,0.29,10.75,0.28,12.9,0.46,10.5,0.47,10.4,0.17,0.17,0.095685,1776185041000
1776185043.388,243.388,0.54,10.5,0.53,10.4,0.71,10.75,0.72,12.9,0.29,10.75,0.28,12.9,0.46,10.5,0.47,10.4,0.17,0.17,0.095697,1776185042000
1776185044.486,244.486,0.53,10.4,0.52,10.4,0.75,7.24,0.76,14.3,0.25,7.24,0.24,14.3,0.47,10.4,0.48,10.4,0.22,0.22,0.095693,1776185043000
1776185045.112,245.112,0.53,10.4,0.52,10.4,0.75,7.24,0.76,14.3,0.25,7.24,0.24,14.3,0.47,10.4,0.48,10.4,0.22,0.22,0.095695,1776185044000
1776185046.173,246.173,0.63,7.0,0.57,10.6,0.76,14.3,0.77,14.7,0.24,14.3,0.23,14.7,0.37,7.0,0.43,10.6,0.13,0.13,0.095694,1776185045000
1776185047.301,247.301,0.77,5.0,0.76,5.0,0.9,28.9,0.91,31.7,0.1,28.9,0.09,31.7,0.23,5.0,0.24,5.0,0.13,0.13,0.095695,1776185046000
1776185048.907,248.907,0.77,5.0,0.76,5.0,0.9,28.9,0.91,31.7,0.1,28.9,0.09,31.7,0.23,5.0,0.24,5.0,0.13,0.13,0.095724,1776185047000
1776185049.528,249.528,0.77,5.0,0.76,5.0,0.9,28.9,0.91,31.7,0.1,28.9,0.09,31.7,0.23,5.0,0.24,5.0,0.13,0.13,0.095735,1776185048000
1776185050.021,250.021,0.77,5.0,0.76,5.0,0.9,28.9,0.91,31.7,0.1,28.9,0.09,31.7,0.23,5.0,0.24,5.0,0.13,0.13,0.095735,1776185049000
1776185050.982,250.982,0.77,5.0,0.76,5.0,0.9,28.9,0.91,31.7,0.1,28.9,0.09,31.7,0.23,5.0,0.24,5.0,0.13,0.13,0.095735,1776185050000
1776185052.002,252.002,0.86,5.0,0.71,50.0,0.92,6.35,0.93,39.9,0.08,6.35,0.07,39.9,0.14,5.0,0.29,50.0,0.06,0.06,0.095741,1776185051000
1776185052.895,252.895,0.86,5.0,0.71,50.0,0.92,6.35,0.93,39.9,0.08,6.35,0.07,39.9,0.14,5.0,0.29,50.0,0.06,0.06,0.095738,1776185052000
1776185053.98,253.98,0.86,5.0,0.71,50.0,0.92,6.35,0.93,39.9,0.08,6.35,0.07,39.9,0.14,5.0,0.29,50.0,0.06,0.06,0.095738,1776185053000
1776185055.009,255.009,0.86,5.0,0.71,50.0,0.92,6.35,0.93,39.9,0.08,6.35,0.07,39.9,0.14,5.0,0.29,50.0,0.06,0.06,0.095737,1776185054000
1776185056.069,256.069,0.86,5.0,0.71,50.0,0.92,6.35,0.93,39.9,0.08,6.35,0.07,39.9,0.14,5.0,0.29,50.0,0.06,0.06,0.095737,1776185055000
1776185057.208,257.208,0.86,5.0,0.71,50.0,0.92,6.35,0.93,39.9,0.08,6.35,0.07,39.9,0.14,5.0,0.29,50.0,0.06,0.06,0.095734,1776185056000
1776185058.143,258.143,0.86,5.0,0.71,50.0,0.92,6.35,0.93,39.9,0.08,6.35,0.07,39.9,0.14,5.0,0.29,50.0,0.06,0.06,0.095736,1776185057000
1776185059.215,259.215,0.86,5.0,0.71,50.0,0.92,6.35,0.93,39.9,0.08,6.35,0.07,39.9,0.14,5.0,0.29,50.0,0.06,0.06,0.095737,1776185058000
1776185060.145,260.145,0.86,5.0,0.71,50.0,0.92,6.35,0.93,39.9,0.08,6.35,0.07,39.9,0.14,5.0,0.29,50.0,0.06,0.06,0.095746,1776185059000
1776185061.164,261.164,0.86,5.0,0.71,50.0,0.92,6.35,0.93,39.9,0.08,6.35,0.07,39.9,0.14,5.0,0.29,50.0,0.06,0.06,0.095746,1776185060000
1776185062.042,262.042,0.86,5.0,0.71,50.0,0.92,6.35,0.93,39.9,0.08,6.35,0.07,39.9,0.14,5.0,0.29,50.0,0.06,0.06,0.095746,1776185061000
1776185062.613,262.613,0.84,19.3,0.83,18.39,0.94,29.91,0.95,54.7,0.08,6.35,0.07,39.9,0.14,5.0,0.29,50.0,0.1,0.06,0.095746,1776185061000
1776185063.066,263.066,0.84,19.3,0.83,18.39,0.94,29.91,0.95,54.7,0.06,29.91,0.05,54.7,0.16,19.3,0.17,18.39,0.1,0.1,0.095746,1776185062000
1776185064.102,264.102,0.84,19.3,0.83,18.39,0.94,29.91,0.95,54.7,0.06,29.91,0.05,54.7,0.16,19.3,0.17,18.39,0.1,0.1,0.095744,1776185063000
1776185065.157,265.157,0.84,19.3,0.83,18.39,0.94,29.91,0.95,54.7,0.06,29.91,0.05,54.7,0.16,19.3,0.17,18.39,0.1,0.1,0.095731,1776185064000
1776185066.218,266.218,0.84,19.3,0.83,18.39,0.94,29.91,0.95,54.7,0.06,29.91,0.05,54.7,0.16,19.3,0.17,18.39,0.1,0.1,0.095731,1776185065000
1776185067.265,267.265,0.84,19.3,0.83,18.39,0.94,29.91,0.95,54.7,0.06,29.91,0.05,54.7,0.16,19.3,0.17,18.39,0.1,0.1,0.095731,1776185066000
1776185068.307,268.307,0.84,19.3,0.83,18.39,0.94,29.91,0.95,54.7,0.06,29.91,0.05,54.7,0.16,19.3,0.17,18.39,0.1,0.1,0.095734,1776185067000
1776185069.352,269.352,0.84,19.3,0.83,18.39,0.94,29.91,0.95,54.7,0.06,29.91,0.05,54.7,0.16,19.3,0.17,18.39,0.1,0.1,0.095734,1776185068000
1776185069.899,269.899,0.84,19.3,0.83,18.39,0.94,29.91,0.95,54.7,0.06,29.91,0.05,54.7,0.16,19.3,0.17,18.39,0.1,0.1,0.095735,1776185069000
1776185070.617,270.617,0.9,28.9,0.89,26.6,0.97,88.8,0.98,147.69,0.06,29.91,0.05,54.7,0.16,19.3,0.17,18.39,0.07,0.1,0.095735,1776185069000
1776185070.912,270.912,0.9,28.9,0.89,26.6,0.97,88.8,0.98,147.69,0.03,88.8,0.02,147.69,0.1,28.9,0.11,26.6,0.07,0.07,0.095735,1776185070000
1776185071.98,271.98,0.9,28.9,0.89,26.6,0.97,88.8,0.98,147.69,0.03,88.8,0.02,147.69,0.1,28.9,0.11,26.6,0.07,0.07,0.095735,1776185071000
1776185072.982,272.982,0.9,28.9,0.89,26.6,0.97,88.8,0.98,147.69,0.03,88.8,0.02,147.69,0.1,28.9,0.11,26.6,0.07,0.07,0.095737,1776185072000
1776185074.06,274.06,0.9,28.9,0.89,26.6,0.97,88.8,0.98,147.69,0.03,88.8,0.02,147.69,0.1,28.9,0.11,26.6,0.07,0.07,0.095738,1776185073000
1776185075.604,275.604,0.9,28.9,0.89,26.6,0.97,88.8,0.98,147.69,0.03,88.8,0.02,147.69,0.1,28.9,0.11,26.6,0.07,0.07,0.095741,1776185074000
1776185076.115,276.115,0.9,28.9,0.89,26.6,0.97,88.8,0.98,147.69,0.03,88.8,0.02,147.69,0.1,28.9,0.11,26.6,0.07,0.07,0.095741,1776185075000
1776185077.201,277.201,0.9,28.9,0.89,26.6,0.97,88.8,0.98,147.69,0.03,88.8,0.02,147.69,0.1,28.9,0.11,26.6,0.07,0.07,0.095741,1776185076000
1776185078.256,278.256,0.9,28.9,0.89,26.6,0.97,88.8,0.98,147.69,0.03,88.8,0.02,147.69,0.1,28.9,0.11,26.6,0.07,0.07,0.095739,1776185077000
1776185079.277,279.277,0.9,28.9,0.89,26.6,0.97,88.8,0.98,147.69,0.03,88.8,0.02,147.69,0.1,28.9,0.11,26.6,0.07,0.07,0.095745,1776185078000
1776185080.408,280.408,0.9,28.9,0.89,26.6,0.97,88.8,0.98,147.69,0.03,88.8,0.02,147.69,0.1,28.9,0.11,26.6,0.07,0.07,0.095741,1776185079000
1776185080.893,280.893,0.9,28.9,0.89,26.6,0.97,88.8,0.98,147.69,0.03,88.8,0.02,147.69,0.1,28.9,0.11,26.6,0.07,0.07,0.095741,1776185080000
1776185081.968,281.968,0.9,28.9,0.89,26.6,0.97,88.8,0.98,147.69,0.03,88.8,0.02,147.69,0.1,28.9,0.11,26.6,0.07,0.07,0.095754,1776185081000
1776185083.819,283.819,0.9,28.9,0.89,26.6,0.97,88.8,0.98,147.69,0.03,88.8,0.02,147.69,0.1,28.9,0.11,26.6,0.07,0.07,0.095756,1776185082000
1776185084.316,284.316,0.89,16.0,0.82,12.2,0.98,7.55,0.99,235.0,0.02,7.55,0.01,235.0,0.11,16.0,0.18,12.2,0.09,0.09,0.095756,1776185083000
1776185084.727,284.727,0.89,16.0,0.82,12.2,0.98,6.52,0.99,235.0,0.02,7.55,0.01,235.0,0.11,16.0,0.18,12.2,0.09,0.09,0.095756,1776185083000
1776185084.944,284.944,0.89,16.0,0.82,12.2,0.98,6.52,0.99,235.0,0.02,6.52,0.01,235.0,0.11,16.0,0.18,12.2,0.09,0.09,0.095756,1776185084000
1776185086.281,286.281,0.89,16.0,0.82,12.2,0.98,1.41,0.99,235.0,0.02,1.41,0.01,235.0,0.11,16.0,0.18,12.2,0.09,0.09,0.095754,1776185085000
1776185087.572,287.572,0.89,16.0,0.82,12.2,0.98,1.41,0.99,235.0,0.02,1.41,0.01,235.0,0.11,16.0,0.18,12.2,0.09,0.09,0.095751,1776185086000
1776185088.299,288.299,0.89,16.0,0.82,12.2,0.98,1.41,0.99,235.0,0.02,1.41,0.01,235.0,0.11,16.0,0.18,12.2,0.09,0.09,0.095753,1776185087000
1776185088.886,288.886,0.89,16.0,0.82,12.2,0.98,0.38,0.99,235.0,0.02,1.41,0.01,235.0,0.11,16.0,0.18,12.2,0.09,0.09,0.095753,1776185087000
1776185089.626,289.626,0.89,16.0,0.82,12.2,0.98,0.38,0.99,235.0,0.02,0.38,0.01,235.0,0.11,16.0,0.18,12.2,0.09,0.09,0.095753,1776185088000
1776185090.344,290.344,0.89,16.0,0.82,12.2,0.98,0.38,0.99,235.0,0.02,0.38,0.01,235.0,0.11,16.0,0.18,12.2,0.09,0.09,0.095754,1776185089000
1776185091.674,291.674,0.89,16.0,0.82,12.2,0.98,0.38,0.99,235.0,0.02,0.38,0.01,235.0,0.11,16.0,0.18,12.2,0.09,0.09,0.095754,1776185090000
1776185092.215,292.215,0.89,5.0,0.82,12.2,0.99,228.0,,,0.01,228.0,,,0.11,5.0,0.18,12.2,0.1,0.1,0.095753,1776185091000
1776185092.463,292.463,0.89,36.0,0.82,12.2,0.99,222.0,,,0.01,228.0,,,0.11,5.0,0.18,12.2,0.1,0.1,0.095753,1776185091000
1776185093.505,293.505,0.89,5.0,0.82,12.2,0.99,201.79,,,0.01,222.0,,,0.11,36.0,0.18,12.2,0.1,0.1,0.095753,1776185091000
1776185093.923,293.923,0.89,5.0,0.82,12.2,0.99,201.79,,,0.01,201.79,,,0.11,5.0,0.18,12.2,0.1,0.1,0.095754,1776185092000
1776185094.463,294.463,0.89,5.0,0.82,12.2,,,,,,,,,0.11,5.0,0.18,12.2,,,0.095754,1776185093000
1776185095.181,295.181,0.89,5.0,0.82,12.2,,,,,,,,,0.11,5.0,0.18,12.2,,,0.095754,1776185094000
1776185096.431,296.431,0.89,5.0,0.82,12.2,,,,,,,,,0.11,5.0,0.18,12.2,,,0.095755,1776185095000
1776185097.229,297.229,0.89,5.0,0.82,12.2,,,,,,,,,0.11,5.0,0.18,12.2,,,0.095755,1776185096000
1776185098.55,298.55,0.89,5.0,0.82,12.2,,,,,,,,,0.11,5.0,0.18,12.2,,,0.095758,1776185097000
1776185099.179,299.179,0.89,5.0,0.82,12.2,,,,,,,,,0.11,5.0,0.18,12.2,,,0.095758,1776185098000
1776185100.483,300.483,0.89,5.0,0.82,12.2,,,,,,,,,0.11,5.0,0.18,12.2,,,0.095746,1776185099000

# RESULT,winner=Up,slug=doge-updown-5m-1776184800,ticks=316
