timestamp,elapsed_sec,up_bid_p1,up_bid_s1,up_bid_p2,up_bid_s2,up_ask_p1,up_ask_s1,up_ask_p2,up_ask_s2,down_bid_p1,down_bid_s1,down_bid_p2,down_bid_s2,down_ask_p1,down_ask_s1,down_ask_p2,down_ask_s2,up_spread,down_spread,doge_price,doge_oracle_ts
1776354601.452,1.452,0.49,6.0,0.41,37.0,0.5,6.0,0.51,6.0,0.5,6.0,0.49,6.0,0.51,6.0,0.59,37.0,0.01,0.01,0.096827,1776354600000
1776354601.98,1.98,0.49,6.0,0.41,37.0,0.5,6.0,0.51,6.0,0.5,6.0,0.49,6.0,0.51,6.0,0.59,37.0,0.01,0.01,0.096835,1776354601000
1776354603.097,3.097,0.49,6.0,0.41,37.0,0.5,6.0,0.51,6.0,0.5,6.0,0.49,6.0,0.51,6.0,0.59,37.0,0.01,0.01,0.096844,1776354602000
1776354604.063,4.063,0.49,6.0,0.41,37.0,0.5,6.0,0.51,6.0,0.5,6.0,0.49,6.0,0.51,6.0,0.59,37.0,0.01,0.01,0.09685,1776354603000
1776354605.054,5.054,0.49,6.0,0.41,37.0,0.5,6.0,0.51,6.0,0.5,6.0,0.49,6.0,0.51,6.0,0.59,37.0,0.01,0.01,0.096848,1776354604000
1776354605.833,5.833,0.49,16.0,0.48,5.0,0.5,1.0,0.51,6.0,0.5,6.0,0.49,6.0,0.51,6.0,0.59,37.0,0.01,0.01,0.096848,1776354604000
1776354606.052,6.052,0.49,16.0,0.48,5.0,0.5,1.0,0.51,6.0,0.5,1.0,0.49,6.0,0.51,16.0,0.52,5.0,0.01,0.01,0.096843,1776354605000
1776354606.427,6.427,0.49,11.0,0.48,10.0,0.51,3.5,0.59,5.0,0.5,1.0,0.49,6.0,0.51,16.0,0.52,5.0,0.02,0.01,0.096843,1776354605000
1776354606.717,6.717,0.49,11.0,0.48,5.0,0.51,1.53,0.63,6.86,0.49,3.5,0.41,5.0,0.51,11.0,0.52,10.0,0.02,0.02,0.096843,1776354605000
1776354607.0,7.0,0.5,5.0,0.49,11.0,0.62,5.0,0.63,6.86,0.49,1.53,0.37,6.86,0.51,11.0,0.52,5.0,0.12,0.02,0.096843,1776354605000
1776354608.237,8.237,0.5,5.0,0.49,11.0,0.62,5.0,0.63,6.86,0.38,5.0,0.37,6.86,0.5,5.0,0.51,11.0,0.12,0.12,0.096887,1776354607000
1776354609.28,9.28,0.5,5.0,0.49,11.0,0.62,5.0,0.63,6.86,0.38,5.0,0.37,6.86,0.5,5.0,0.51,11.0,0.12,0.12,0.096904,1776354608000
1776354610.195,10.195,0.5,5.0,0.49,11.0,0.62,5.0,0.63,6.86,0.38,5.0,0.37,6.86,0.5,5.0,0.51,11.0,0.12,0.12,0.096915,1776354609000
1776354615.563,15.563,0.62,5.0,0.61,5.0,0.72,20.0,0.73,8.0,0.38,5.0,0.37,6.86,0.5,5.0,0.51,11.0,0.1,0.12,0.096929,1776354614000
1776354618.625,18.625,0.65,5.0,0.64,5.0,0.7,10.0,0.72,28.0,0.28,20.0,0.27,8.0,0.38,5.0,0.39,5.0,0.05,0.1,0.096932,1776354617000
1776354621.191,21.191,0.68,5.0,0.67,5.0,0.69,1.0,0.71,10.0,0.3,10.0,0.28,28.0,0.35,5.0,0.36,5.0,0.01,0.05,0.09693,1776354619000
1776354623.552,23.552,0.69,5.0,0.68,5.0,0.71,10.0,0.74,18.0,0.31,1.0,0.29,10.0,0.32,5.0,0.33,5.0,0.02,0.01,0.096933,1776354622000
1776354629.923,29.923,0.75,5.0,0.74,5.0,0.76,5.0,0.77,13.0,0.29,10.0,0.26,18.0,0.31,5.0,0.32,5.0,0.01,0.02,0.096934,1776354628000
1776354631.21,31.21,0.76,5.0,0.75,5.0,0.8,8.0,0.81,8.0,0.24,5.0,0.23,13.0,0.25,5.0,0.26,5.0,0.04,0.01,0.096956,1776354630000
1776354634.644,34.644,0.78,4.91,0.77,5.0,0.8,33.0,0.81,13.0,0.2,8.0,0.19,8.0,0.24,5.0,0.25,5.0,0.02,0.04,0.096989,1776354633000
1776354648.154,48.154,0.74,4.17,0.73,5.0,0.77,8.0,0.78,28.2,0.2,33.0,0.19,13.0,0.22,4.91,0.23,5.0,0.03,0.02,0.096965,1776354647000
1776354654.316,54.316,0.81,75.0,0.8,25.0,0.83,8.0,0.84,13.0,0.23,8.0,0.22,28.2,0.26,4.17,0.27,5.0,0.02,0.03,0.097001,1776354653000
1776354661.079,61.079,0.88,20.0,0.87,5.0,0.9,8.77,0.91,11.0,0.17,8.0,0.16,13.0,0.19,75.0,0.2,25.0,0.02,0.02,0.097112,1776354659000
1776354661.815,61.815,0.88,20.0,0.87,5.0,0.92,3.46,0.93,53.9,0.1,8.77,0.09,11.0,0.12,20.0,0.13,5.0,0.04,0.02,0.09712,1776354660000
1776354671.622,71.622,0.9,5.0,0.89,10.0,0.92,46.75,0.93,61.9,0.08,3.46,0.07,53.9,0.12,20.0,0.13,5.0,0.02,0.04,0.097116,1776354670000
1776354680.039,80.039,0.87,5.0,0.86,5.0,0.89,5.0,0.9,41.9,0.08,46.75,0.07,61.9,0.1,5.0,0.11,10.0,0.02,0.02,0.097067,1776354678000
1776354696.279,96.279,0.91,5.0,0.9,5.0,0.93,56.94,0.94,87.1,0.11,5.0,0.1,41.9,0.13,5.0,0.14,5.0,0.02,0.02,0.097147,1776354694000
1776354719.345,119.345,0.92,40.29,0.91,36.7,0.93,2.04,0.94,16.0,0.07,56.94,0.06,87.1,0.09,5.0,0.1,5.0,0.01,0.02,0.097185,1776354718000
1776354720.938,120.938,0.93,7.96,0.92,40.29,0.94,16.0,0.95,25.0,0.07,2.04,0.06,16.0,0.08,40.29,0.09,36.7,0.01,0.01,0.097195,1776354719000
1776354724.366,124.366,0.93,44.9,0.92,40.29,0.94,6.0,0.95,25.0,0.06,16.0,0.05,25.0,0.07,7.96,0.08,40.29,0.01,0.01,0.097208,1776354722000
1776354725.083,125.083,0.93,44.9,0.92,50.29,0.94,0.68,0.95,25.0,0.06,6.0,0.05,25.0,0.07,44.9,0.08,40.29,0.01,0.01,0.097213,1776354724000
1776354725.891,125.891,0.94,46.1,0.93,44.9,0.95,22.51,0.96,55.0,0.05,23.57,0.04,55.0,0.07,44.9,0.08,50.29,0.01,0.02,0.097213,1776354724000
1776354727.202,127.202,0.94,46.1,0.93,44.9,0.95,17.23,0.96,55.0,0.05,21.45,0.04,55.0,0.06,46.1,0.07,44.9,0.01,0.01,0.097218,1776354725000
1776354730.424,130.424,0.94,46.1,0.93,44.9,0.95,6.7,0.96,30.0,0.05,17.23,0.04,55.0,0.06,46.1,0.07,44.9,0.01,0.01,0.097182,1776354729000
1776354735.744,135.744,0.94,56.1,0.93,49.9,0.95,4.6,0.96,30.0,0.05,6.7,0.04,30.0,0.06,46.1,0.07,44.9,0.01,0.01,0.097261,1776354734000
1776354736.209,136.209,0.95,54.7,0.94,56.1,0.96,19.98,0.97,45.0,0.04,22.06,0.03,45.0,0.06,56.1,0.07,49.9,0.01,0.02,0.097261,1776354734000
1776354737.05,137.05,0.95,54.7,0.94,56.1,0.96,17.88,0.97,45.0,0.04,18.93,0.03,45.0,0.05,54.7,0.06,56.1,0.01,0.01,0.097284,1776354735000
1776354737.297,137.297,0.95,54.7,0.94,56.1,0.96,7.46,0.97,45.0,0.04,9.54,0.03,45.0,0.05,54.7,0.06,56.1,0.01,0.01,0.097284,1776354735000
1776354737.706,137.706,0.95,54.7,0.94,56.1,0.96,1.21,0.97,45.0,0.04,2.26,0.03,45.0,0.05,54.7,0.06,56.1,0.01,0.01,0.097283,1776354736000
1776354739.96,139.96,0.96,67.7,0.95,54.7,0.97,43.96,0.98,70.0,0.04,1.21,0.03,45.0,0.05,54.7,0.06,56.1,0.01,0.01,0.09729,1776354738000
1776354749.194,149.194,0.96,67.7,0.95,59.7,0.97,31.9,0.98,70.0,0.03,41.9,0.02,70.0,0.04,67.7,0.05,54.7,0.01,0.01,0.097254,1776354747000
1776354755.318,155.318,0.96,67.7,0.95,59.7,0.97,29.84,0.98,70.0,0.03,31.9,0.02,70.0,0.04,67.7,0.05,59.7,0.01,0.01,0.097257,1776354754000
1776354759.518,159.518,0.95,1.7,0.94,51.1,0.97,28.8,0.98,202.69,0.03,28.8,0.02,70.0,0.04,67.7,0.05,59.7,0.02,0.01,0.097192,1776354758000
1776354760.437,160.437,0.96,67.7,0.95,1.7,0.98,48.8,0.99,3077.6,0.03,28.8,0.02,202.69,0.05,1.7,0.06,51.1,0.02,0.02,0.097188,1776354759000
1776354762.544,162.544,0.96,67.7,0.95,1.7,0.97,0.1,0.98,181.49,0.02,48.8,0.01,3077.6,0.04,67.7,0.05,1.7,0.01,0.02,0.097179,1776354761000
1776354778.413,178.413,0.97,94.3,0.96,72.7,0.98,47.77,0.99,2815.0,0.03,0.1,0.02,181.49,0.04,67.7,0.05,1.7,0.01,0.01,0.097206,1776354777000
1776354779.29,179.29,0.97,94.3,0.96,72.7,0.99,2815.0,,,0.02,47.77,0.01,2815.0,0.03,94.3,0.04,72.7,0.02,0.01,0.097206,1776354777000
1776354780.582,180.582,0.98,5.0,0.97,94.3,0.99,3076.58,,,0.01,2815.0,,,0.03,94.3,0.04,72.7,0.01,0.02,0.097204,1776354779000
1776354782.025,182.025,0.98,5.0,0.97,94.3,0.99,3174.55,,,0.01,3076.58,,,0.02,5.0,0.03,94.3,0.01,0.01,0.097202,1776354780000
1776354783.309,183.309,0.98,5.0,0.97,5.0,0.99,3049.49,,,0.01,3174.55,,,0.02,5.0,0.03,94.3,0.01,0.01,0.097187,1776354781000
1776354787.513,187.513,0.97,5.0,0.96,5.0,0.98,127.59,0.99,2959.49,0.01,3049.49,,,0.02,5.0,0.03,5.0,0.01,0.01,0.097109,1776354786000
1776354793.033,193.033,0.97,5.0,0.96,72.7,0.99,2948.47,,,0.02,127.59,0.01,2959.49,0.03,5.0,0.04,5.0,0.02,0.01,0.097128,1776354791000
1776354794.063,194.063,0.97,5.0,0.96,72.7,0.99,2947.45,,,0.01,2948.47,,,0.03,5.0,0.04,72.7,0.02,0.02,0.097129,1776354792000
1776354795.454,195.454,0.98,5.0,0.97,5.0,0.99,2946.43,,,0.01,2947.45,,,0.03,5.0,0.04,72.7,0.01,0.02,0.09713,1776354794000
1776354797.001,197.001,0.98,5.0,0.97,5.0,0.99,2939.67,,,0.01,2946.43,,,0.02,5.0,0.03,5.0,0.01,0.01,0.097134,1776354795000
1776354808.994,208.994,0.97,5.0,0.96,5.0,0.98,172.49,0.99,2939.67,0.01,2939.67,,,0.02,5.0,0.03,5.0,0.01,0.01,0.097096,1776354808000
1776354813.06,213.06,0.97,5.0,0.96,5.0,0.98,71.46,0.99,2939.67,0.02,171.46,0.01,2939.67,0.03,5.0,0.04,5.0,0.01,0.01,0.097035,1776354811000
1776354821.766,221.766,0.97,5.0,0.96,5.0,0.98,66.4,0.99,2949.83,0.02,71.46,0.01,2939.67,0.03,5.0,0.04,5.0,0.01,0.01,0.097034,1776354820000
1776354840.562,240.562,0.97,5.0,0.96,5.0,0.98,60.34,0.99,2949.83,0.02,66.4,0.01,2949.83,0.03,5.0,0.04,5.0,0.01,0.01,0.097015,1776354839000
1776354841.538,241.538,0.97,5.0,0.96,5.0,0.98,55.34,0.99,2949.83,0.02,60.34,0.01,2949.83,0.03,5.0,0.04,5.0,0.01,0.01,0.097015,1776354839000
1776354842.514,242.514,0.97,5.0,0.96,5.0,0.98,51.34,0.99,2949.83,0.02,55.34,0.01,2949.83,0.03,5.0,0.04,5.0,0.01,0.01,0.097015,1776354840000
1776354843.182,243.182,0.97,5.0,0.96,5.0,0.98,50.31,0.99,2949.83,0.02,51.34,0.01,2949.83,0.03,5.0,0.04,5.0,0.01,0.01,0.09701,1776354841000
1776354848.758,248.758,0.98,136.68,0.97,94.3,0.99,187.23,,,0.02,50.31,0.01,2949.83,0.03,5.0,0.04,5.0,0.01,0.01,0.097057,1776354847000
1776354850.819,250.819,0.98,136.68,0.97,94.3,0.99,135.21,,,0.01,136.23,,,0.02,136.68,0.03,94.3,0.01,0.01,0.09707,1776354849000
1776354851.126,251.126,0.98,136.68,0.97,94.3,0.99,115.21,,,0.01,135.21,,,0.02,136.68,0.03,94.3,0.01,0.01,0.09707,1776354849000
1776354851.464,251.464,0.98,136.68,0.97,94.3,0.99,106.76,,,0.01,115.21,,,0.02,136.68,0.03,94.3,0.01,0.01,0.097084,1776354850000
1776354852.102,252.102,0.98,136.68,0.97,94.3,0.99,102.26,,,0.01,106.76,,,0.02,136.68,0.03,94.3,0.01,0.01,0.097084,1776354850000
1776354852.38,252.38,0.98,136.68,0.97,94.3,0.99,97.21,,,0.01,102.26,,,0.02,136.68,0.03,94.3,0.01,0.01,0.097084,1776354850000
1776354854.352,254.352,0.98,136.68,0.97,94.3,0.99,92.16,0.999,220.0,0.01,97.21,,,0.02,136.68,0.03,94.3,0.01,0.01,0.097078,1776354853000
1776354854.746,254.746,0.98,136.68,0.97,94.3,0.99,48.73,0.999,220.0,0.01,82.06,0.001,220.0,0.02,136.68,0.03,94.3,0.01,0.01,0.097078,1776354853000
1776354855.003,255.003,0.98,136.68,0.97,94.3,0.99,44.23,0.999,240.0,0.01,48.73,0.001,220.0,0.02,136.68,0.03,94.3,0.01,0.01,0.097078,1776354853000
1776354855.877,255.877,0.98,146.68,0.97,94.3,0.99,34.23,0.998,50.0,0.01,44.23,0.001,240.0,0.02,136.68,0.03,94.3,0.01,0.01,0.097085,1776354854000
1776354857.538,257.538,0.98,146.68,0.97,94.3,0.99,5.95,0.998,50.0,0.01,34.23,0.002,50.0,0.02,146.68,0.03,94.3,0.01,0.01,0.097084,1776354856000
1776354857.768,257.768,0.98,146.68,0.97,94.3,0.99,3.93,0.998,50.0,0.01,5.95,0.002,50.0,0.02,146.68,0.03,94.3,0.01,0.01,0.097084,1776354856000
1776354858.139,258.139,0.98,146.68,0.97,94.3,0.998,50.0,0.999,490.0,0.01,1.91,0.002,50.0,0.02,146.68,0.03,94.3,0.018,0.01,0.097084,1776354856000
1776354861.906,261.906,0.99,5.0,0.98,146.68,0.998,48.0,0.999,240.0,0.002,50.0,0.001,490.0,0.02,146.68,0.03,94.3,0.008,0.018,0.097055,1776354860000
1776354877.733,277.733,0.99,211.0,0.98,13.99,0.999,235.0,,,0.002,48.0,0.001,240.0,0.01,5.0,0.02,146.68,0.009,0.008,0.097078,1776354876000
1776354878.713,278.713,0.99,211.0,0.98,13.99,0.999,198.0,,,0.001,204.99,,,0.01,211.0,0.02,13.99,0.009,0.009,0.097078,1776354876000
1776354881.388,281.388,0.99,3120.0,0.98,13.99,0.999,191.01,,,0.001,198.0,,,0.01,211.0,0.02,13.99,0.009,0.009,0.097105,1776354880000
1776354885.478,285.478,0.99,3120.0,0.98,13.99,0.999,186.01,,,0.001,191.01,,,0.01,3120.0,0.02,13.99,0.009,0.009,0.097106,1776354881000

# RESULT,winner=Up,slug=doge-updown-5m-1776354600,ticks=80
