timestamp,elapsed_sec,up_bid_p1,up_bid_s1,up_bid_p2,up_bid_s2,up_ask_p1,up_ask_s1,up_ask_p2,up_ask_s2,down_bid_p1,down_bid_s1,down_bid_p2,down_bid_s2,down_ask_p1,down_ask_s1,down_ask_p2,down_ask_s2,up_spread,down_spread,doge_price,doge_oracle_ts
1776251101.551,1.551,0.5,53.42,0.33,300.0,0.58,6.0,0.67,300.0,0.42,6.0,0.33,300.0,0.5,53.42,0.67,300.0,0.08,0.08,0.093013,1776251099000
1776251101.901,1.901,0.5,53.42,0.33,300.0,0.58,6.0,0.67,300.0,0.42,6.0,0.33,300.0,0.5,53.42,0.67,300.0,0.08,0.08,0.093013,1776251100000
1776251102.373,2.373,0.5,53.42,0.33,300.0,0.58,6.0,0.67,300.0,0.42,6.0,0.33,300.0,0.5,53.42,0.67,300.0,0.08,0.08,0.09301,1776251101000
1776251102.624,2.624,0.5,53.42,0.45,11.0,0.55,9.0,0.57,6.0,0.42,6.0,0.33,300.0,0.5,53.42,0.67,300.0,0.05,0.08,0.09301,1776251101000
1776251103.187,3.187,0.5,53.42,0.45,11.0,0.55,9.0,0.57,6.0,0.45,9.0,0.43,6.0,0.5,53.42,0.55,11.0,0.05,0.05,0.093003,1776251102000
1776251104.621,4.621,0.5,53.42,0.45,11.0,0.55,9.0,0.57,6.0,0.45,9.0,0.43,6.0,0.5,53.42,0.55,11.0,0.05,0.05,0.093004,1776251103000
1776251105.525,5.525,0.5,53.42,0.45,11.0,0.55,9.0,0.57,6.0,0.45,9.0,0.43,6.0,0.5,53.42,0.55,11.0,0.05,0.05,0.093006,1776251104000
1776251106.152,6.152,0.5,53.42,0.45,11.0,0.55,9.0,0.57,6.0,0.45,9.0,0.43,6.0,0.5,53.42,0.55,11.0,0.05,0.05,0.093006,1776251105000
1776251107.24,7.24,0.5,53.42,0.47,5.0,0.52,10.0,0.53,5.0,0.45,9.0,0.43,6.0,0.5,53.42,0.55,11.0,0.02,0.05,0.093006,1776251105000
1776251108.036,8.036,0.5,53.42,0.47,5.0,0.52,10.0,0.53,5.0,0.48,10.0,0.47,5.0,0.5,53.42,0.53,5.0,0.02,0.02,0.093016,1776251106000
1776251108.79,8.79,0.5,53.42,0.47,5.0,0.52,10.0,0.53,5.0,0.48,10.0,0.47,5.0,0.5,53.42,0.53,5.0,0.02,0.02,0.093016,1776251107000
1776251109.436,9.436,0.5,53.42,0.47,5.0,0.52,10.0,0.53,5.0,0.48,10.0,0.47,5.0,0.5,53.42,0.53,5.0,0.02,0.02,0.093016,1776251108000
1776251110.053,10.053,0.5,53.42,0.47,5.0,0.52,10.0,0.53,5.0,0.48,10.0,0.47,5.0,0.5,53.42,0.53,5.0,0.02,0.02,0.093016,1776251109000
1776251110.731,10.731,0.54,5.0,0.53,5.0,0.55,4.0,0.56,5.0,0.48,10.0,0.47,5.0,0.5,53.42,0.53,5.0,0.01,0.02,0.093016,1776251109000
1776251111.41,11.41,0.54,5.0,0.53,5.0,0.55,4.0,0.56,5.0,0.45,4.0,0.44,5.0,0.46,5.0,0.47,5.0,0.01,0.01,0.093014,1776251110000
1776251112.026,12.026,0.54,5.0,0.53,5.0,0.55,4.0,0.56,5.0,0.45,4.0,0.44,5.0,0.46,5.0,0.47,5.0,0.01,0.01,0.093014,1776251111000
1776251112.522,12.522,0.56,10.0,0.55,5.0,0.58,6.0,0.65,5.0,0.42,6.0,0.38,5.0,0.46,5.0,0.47,5.0,0.02,0.04,0.093014,1776251111000
1776251113.407,13.407,0.56,10.0,0.55,5.0,0.58,6.0,0.65,5.0,0.42,6.0,0.35,5.0,0.44,10.0,0.45,5.0,0.02,0.02,0.093018,1776251112000
1776251113.67,13.67,0.57,5.0,0.56,5.0,0.58,4.27,0.6,5.0,0.42,6.0,0.35,5.0,0.44,10.0,0.45,5.0,0.01,0.02,0.093018,1776251112000
1776251114.505,14.505,0.57,5.0,0.56,5.0,0.58,4.27,0.6,5.0,0.42,4.27,0.4,5.0,0.43,5.0,0.44,5.0,0.01,0.01,0.093034,1776251113000
1776251115.209,15.209,0.57,5.0,0.56,5.0,0.58,4.27,0.6,5.0,0.42,4.27,0.4,5.0,0.43,5.0,0.44,5.0,0.01,0.01,0.093033,1776251114000
1776251116.332,16.332,0.57,5.0,0.56,5.0,0.58,4.27,0.6,5.0,0.42,4.27,0.4,5.0,0.43,5.0,0.44,5.0,0.01,0.01,0.093028,1776251115000
1776251116.93,16.93,0.6,5.0,0.59,5.0,0.62,5.0,0.64,5.0,0.42,4.27,0.4,5.0,0.43,5.0,0.44,5.0,0.02,0.01,0.093028,1776251115000
1776251117.57,17.57,0.6,5.0,0.59,5.0,0.62,5.0,0.64,5.0,0.38,5.0,0.36,5.0,0.4,5.0,0.41,5.0,0.02,0.02,0.093031,1776251116000
1776251118.098,18.098,0.6,5.0,0.59,5.0,0.62,5.0,0.64,5.0,0.38,5.0,0.36,5.0,0.4,5.0,0.41,5.0,0.02,0.02,0.093031,1776251117000
1776251119.347,19.347,0.6,5.0,0.59,5.0,0.62,5.0,0.64,5.0,0.38,5.0,0.36,5.0,0.4,5.0,0.41,5.0,0.02,0.02,0.093035,1776251118000
1776251119.884,19.884,0.6,5.0,0.59,5.0,0.62,5.0,0.64,5.0,0.38,5.0,0.36,5.0,0.4,5.0,0.41,5.0,0.02,0.02,0.093036,1776251119000
1776251120.897,20.897,0.62,5.0,0.61,5.0,0.65,5.0,0.66,10.0,0.38,5.0,0.36,5.0,0.4,5.0,0.41,5.0,0.03,0.02,0.093036,1776251119000
1776251121.134,21.134,0.62,5.0,0.61,5.0,0.65,5.0,0.66,10.0,0.35,5.0,0.34,10.0,0.38,5.0,0.39,5.0,0.03,0.03,0.093042,1776251120000
1776251122.333,22.333,0.62,5.0,0.61,5.0,0.65,5.0,0.66,10.0,0.35,5.0,0.34,10.0,0.38,5.0,0.39,5.0,0.03,0.03,0.093034,1776251121000
1776251124.261,24.261,0.62,5.0,0.61,5.0,0.65,5.0,0.66,10.0,0.35,5.0,0.34,10.0,0.38,5.0,0.39,5.0,0.03,0.03,0.093037,1776251123000
1776251125.514,25.514,0.62,5.0,0.61,5.0,0.65,5.0,0.66,10.0,0.35,5.0,0.34,10.0,0.38,5.0,0.39,5.0,0.03,0.03,0.093042,1776251124000
1776251126.031,26.031,0.62,5.0,0.61,5.0,0.65,5.0,0.66,10.0,0.35,5.0,0.34,10.0,0.38,5.0,0.39,5.0,0.03,0.03,0.093031,1776251125000
1776251127.226,27.226,0.62,5.0,0.61,5.0,0.65,5.0,0.66,10.0,0.35,5.0,0.34,10.0,0.38,5.0,0.39,5.0,0.03,0.03,0.093031,1776251126000
1776251128.326,28.326,0.62,5.0,0.61,5.0,0.65,5.0,0.66,10.0,0.35,5.0,0.34,10.0,0.38,5.0,0.39,5.0,0.03,0.03,0.093042,1776251127000
1776251129.053,29.053,0.62,5.0,0.61,5.0,0.65,5.0,0.66,10.0,0.35,5.0,0.34,10.0,0.38,5.0,0.39,5.0,0.03,0.03,0.093042,1776251128000
1776251130.139,30.139,0.62,5.0,0.61,5.0,0.65,5.0,0.66,10.0,0.35,5.0,0.34,10.0,0.38,5.0,0.39,5.0,0.03,0.03,0.093042,1776251129000
1776251131.25,31.25,0.62,5.0,0.61,5.0,0.65,5.0,0.66,10.0,0.35,5.0,0.34,10.0,0.38,5.0,0.39,5.0,0.03,0.03,0.093042,1776251130000
1776251132.348,32.348,0.62,5.0,0.61,5.0,0.65,5.0,0.66,10.0,0.35,5.0,0.34,10.0,0.38,5.0,0.39,5.0,0.03,0.03,0.093041,1776251131000
1776251132.898,32.898,0.62,5.0,0.61,5.0,0.65,5.0,0.66,10.0,0.35,5.0,0.34,10.0,0.38,5.0,0.39,5.0,0.03,0.03,0.093041,1776251132000
1776251134.249,34.249,0.62,5.0,0.61,5.0,0.65,5.0,0.66,10.0,0.35,5.0,0.34,10.0,0.38,5.0,0.39,5.0,0.03,0.03,0.093042,1776251133000
1776251135.473,35.473,0.62,5.0,0.61,5.0,0.65,5.0,0.66,10.0,0.35,5.0,0.34,10.0,0.38,5.0,0.39,5.0,0.03,0.03,0.093041,1776251134000
1776251136.139,36.139,0.62,5.0,0.61,5.0,0.65,5.0,0.66,10.0,0.35,5.0,0.34,10.0,0.38,5.0,0.39,5.0,0.03,0.03,0.093041,1776251135000
1776251137.963,37.963,0.62,5.0,0.61,5.0,0.65,5.0,0.66,10.0,0.35,5.0,0.34,10.0,0.38,5.0,0.39,5.0,0.03,0.03,0.093041,1776251136000
1776251138.52,38.52,0.62,5.0,0.61,5.0,0.65,5.0,0.66,10.0,0.35,5.0,0.34,10.0,0.38,5.0,0.39,5.0,0.03,0.03,0.093041,1776251137000
1776251139.176,39.176,0.62,5.0,0.61,5.0,0.65,5.0,0.66,10.0,0.35,5.0,0.34,10.0,0.38,5.0,0.39,5.0,0.03,0.03,0.093041,1776251138000
1776251140.187,40.187,0.62,5.0,0.61,5.0,0.65,5.0,0.66,10.0,0.35,5.0,0.34,10.0,0.38,5.0,0.39,5.0,0.03,0.03,0.09304,1776251139000
1776251141.175,41.175,0.62,5.0,0.61,5.0,0.65,5.0,0.66,10.0,0.35,5.0,0.34,10.0,0.38,5.0,0.39,5.0,0.03,0.03,0.09304,1776251140000
1776251142.428,42.428,0.62,5.0,0.61,5.0,0.65,5.0,0.66,10.0,0.35,5.0,0.34,10.0,0.38,5.0,0.39,5.0,0.03,0.03,0.093041,1776251141000
1776251143.371,43.371,0.62,5.0,0.61,5.0,0.65,5.0,0.66,10.0,0.35,5.0,0.34,10.0,0.38,5.0,0.39,5.0,0.03,0.03,0.093041,1776251142000
1776251143.699,43.699,0.64,5.0,0.63,5.0,0.66,11.0,0.68,5.0,0.35,5.0,0.34,10.0,0.38,5.0,0.39,5.0,0.02,0.03,0.093041,1776251142000
1776251145.039,45.039,0.64,5.0,0.63,5.0,0.66,11.0,0.68,5.0,0.34,11.0,0.32,5.0,0.36,5.0,0.37,5.0,0.02,0.02,0.09304,1776251144000
1776251146.076,46.076,0.64,5.0,0.63,5.0,0.66,11.0,0.68,5.0,0.34,11.0,0.32,5.0,0.36,5.0,0.37,5.0,0.02,0.02,0.093034,1776251145000
1776251147.101,47.101,0.64,5.0,0.63,5.0,0.66,11.0,0.68,5.0,0.34,11.0,0.32,5.0,0.36,5.0,0.37,5.0,0.02,0.02,0.093022,1776251146000
1776251148.281,48.281,0.64,5.0,0.63,5.0,0.66,11.0,0.68,5.0,0.34,11.0,0.32,5.0,0.36,5.0,0.37,5.0,0.02,0.02,0.093022,1776251147000
1776251148.6,48.6,0.64,5.0,0.63,5.0,0.66,11.0,0.68,5.0,0.34,11.0,0.32,5.0,0.36,5.0,0.37,5.0,0.02,0.02,0.093022,1776251147000
1776251149.309,49.309,0.64,5.0,0.63,5.0,0.66,11.0,0.68,5.0,0.34,11.0,0.32,5.0,0.36,5.0,0.37,5.0,0.02,0.02,0.093033,1776251148000
1776251150.459,50.459,0.64,5.0,0.63,5.0,0.66,11.0,0.68,5.0,0.34,11.0,0.32,5.0,0.36,5.0,0.37,5.0,0.02,0.02,0.093022,1776251149000
1776251150.91,50.91,0.63,5.0,0.62,5.0,0.65,5.0,0.66,11.0,0.35,5.0,0.34,11.0,0.37,5.0,0.38,5.0,0.02,0.02,0.093033,1776251150000
1776251151.949,51.949,0.63,5.0,0.62,5.0,0.65,5.0,0.66,11.0,0.35,5.0,0.34,11.0,0.37,5.0,0.38,5.0,0.02,0.02,0.093033,1776251151000
1776251152.992,52.992,0.63,5.0,0.62,5.0,0.65,5.0,0.66,11.0,0.35,5.0,0.34,11.0,0.37,5.0,0.38,5.0,0.02,0.02,0.093033,1776251152000
1776251154.242,54.242,0.63,5.0,0.62,5.0,0.65,5.0,0.66,11.0,0.35,5.0,0.34,11.0,0.37,5.0,0.38,5.0,0.02,0.02,0.093033,1776251153000
1776251155.328,55.328,0.63,5.0,0.62,5.0,0.65,5.0,0.66,11.0,0.35,5.0,0.34,11.0,0.37,5.0,0.38,5.0,0.02,0.02,0.093032,1776251154000
1776251155.95,55.95,0.63,5.0,0.62,5.0,0.65,5.0,0.66,11.0,0.35,5.0,0.34,11.0,0.37,5.0,0.38,5.0,0.02,0.02,0.093032,1776251155000
1776251157.012,57.012,0.63,5.0,0.62,5.0,0.65,5.0,0.66,11.0,0.35,5.0,0.34,11.0,0.37,5.0,0.38,5.0,0.02,0.02,0.093032,1776251156000
1776251158.153,58.153,0.63,5.0,0.62,5.0,0.65,5.0,0.66,11.0,0.35,5.0,0.34,11.0,0.37,5.0,0.38,5.0,0.02,0.02,0.093038,1776251157000
1776251158.374,58.374,0.62,5.0,0.61,5.0,0.64,5.0,0.65,16.4,0.35,5.0,0.34,11.0,0.37,5.0,0.38,5.0,0.02,0.02,0.093038,1776251157000
1776251159.284,59.284,0.62,5.0,0.61,5.0,0.64,5.0,0.65,16.4,0.36,5.0,0.35,16.4,0.38,5.0,0.39,5.0,0.02,0.02,0.093038,1776251158000
1776251160.392,60.392,0.62,5.0,0.61,5.0,0.64,5.0,0.65,16.4,0.36,5.0,0.35,16.4,0.38,5.0,0.39,5.0,0.02,0.02,0.093038,1776251159000
1776251160.965,60.965,0.62,5.0,0.61,5.0,0.64,5.0,0.65,16.4,0.36,5.0,0.35,16.4,0.38,5.0,0.39,5.0,0.02,0.02,0.093038,1776251160000
1776251161.444,61.444,0.5,48.6,0.49,5.0,0.52,5.0,0.53,5.0,0.36,5.0,0.35,16.4,0.38,5.0,0.39,5.0,0.02,0.02,0.093038,1776251160000
1776251161.844,61.844,0.5,48.6,0.49,5.0,0.53,5.0,0.54,5.0,0.48,5.0,0.47,5.0,0.5,48.6,0.51,5.0,0.03,0.02,0.093038,1776251160000
1776251162.214,62.214,0.51,5.0,0.5,48.6,0.53,3.28,0.54,5.0,0.47,5.0,0.46,5.0,0.5,48.6,0.51,5.0,0.02,0.03,0.093037,1776251161000
1776251163.206,63.206,0.51,5.0,0.5,48.6,0.54,5.0,0.55,5.0,0.46,5.0,0.45,5.0,0.49,5.0,0.5,48.6,0.03,0.03,0.093025,1776251162000
1776251164.222,64.222,0.51,5.0,0.5,48.6,0.54,5.0,0.55,5.0,0.46,5.0,0.45,5.0,0.49,5.0,0.5,48.6,0.03,0.03,0.09302,1776251163000
1776251165.395,65.395,0.51,5.0,0.5,48.6,0.54,5.0,0.55,5.0,0.46,5.0,0.45,5.0,0.49,5.0,0.5,48.6,0.03,0.03,0.093018,1776251164000
1776251166.036,66.036,0.51,5.0,0.5,48.6,0.54,5.0,0.55,5.0,0.46,5.0,0.45,5.0,0.49,5.0,0.5,48.6,0.03,0.03,0.093013,1776251165000
1776251167.108,67.108,0.51,5.0,0.5,48.6,0.54,5.0,0.55,5.0,0.46,5.0,0.45,5.0,0.49,5.0,0.5,48.6,0.03,0.03,0.093016,1776251166000
1776251168.589,68.589,0.51,5.0,0.5,48.6,0.54,5.0,0.55,5.0,0.46,5.0,0.45,5.0,0.49,5.0,0.5,48.6,0.03,0.03,0.093017,1776251167000
1776251169.367,69.367,0.51,5.0,0.5,48.6,0.54,5.0,0.55,5.0,0.46,5.0,0.45,5.0,0.49,5.0,0.5,48.6,0.03,0.03,0.093016,1776251168000
1776251169.568,69.568,0.53,3.33,0.52,5.0,0.54,5.0,0.55,5.0,0.46,5.0,0.45,5.0,0.49,5.0,0.5,48.6,0.01,0.03,0.093016,1776251168000
1776251170.4,70.4,0.53,3.33,0.52,5.0,0.54,5.0,0.55,5.0,0.46,5.0,0.45,5.0,0.47,3.33,0.48,5.0,0.01,0.01,0.093017,1776251169000
1776251170.89,70.89,0.53,3.33,0.52,5.0,0.54,5.0,0.55,5.0,0.46,5.0,0.45,5.0,0.47,3.33,0.48,5.0,0.01,0.01,0.093012,1776251170000
1776251171.999,71.999,0.53,3.33,0.52,5.0,0.54,5.0,0.55,5.0,0.46,5.0,0.45,5.0,0.47,3.33,0.48,5.0,0.01,0.01,0.093016,1776251171000
1776251173.006,73.006,0.53,3.33,0.52,5.0,0.54,5.0,0.55,5.0,0.46,5.0,0.45,5.0,0.47,3.33,0.48,5.0,0.01,0.01,0.093016,1776251172000
1776251174.042,74.042,0.53,3.33,0.52,5.0,0.54,5.0,0.55,5.0,0.46,5.0,0.45,5.0,0.47,3.33,0.48,5.0,0.01,0.01,0.093016,1776251173000
1776251175.147,75.147,0.53,3.33,0.52,5.0,0.54,5.0,0.55,5.0,0.46,5.0,0.45,5.0,0.47,3.33,0.48,5.0,0.01,0.01,0.093015,1776251174000
1776251176.223,76.223,0.53,3.33,0.52,5.0,0.54,5.0,0.55,5.0,0.46,5.0,0.45,5.0,0.47,3.33,0.48,5.0,0.01,0.01,0.093006,1776251175000
1776251176.442,76.442,0.5,27.15,0.49,5.0,0.52,11.0,0.53,5.0,0.46,5.0,0.45,5.0,0.47,3.33,0.48,5.0,0.02,0.01,0.093006,1776251175000
1776251177.292,77.292,0.5,27.15,0.49,5.0,0.52,11.0,0.53,5.0,0.48,11.0,0.47,5.0,0.5,27.15,0.51,5.0,0.02,0.02,0.093013,1776251176000
1776251178.456,78.456,0.5,27.15,0.49,5.0,0.52,11.0,0.53,5.0,0.48,11.0,0.47,5.0,0.5,27.15,0.51,5.0,0.02,0.02,0.093017,1776251177000
1776251179.045,79.045,0.51,5.0,0.5,27.15,0.54,5.0,0.55,5.0,0.46,5.0,0.45,5.0,0.49,5.0,0.5,27.15,0.03,0.03,0.093017,1776251178000
1776251179.946,79.946,0.51,5.0,0.5,27.15,0.54,5.0,0.55,5.0,0.46,5.0,0.45,5.0,0.49,5.0,0.5,27.15,0.03,0.03,0.093019,1776251179000
1776251181.011,81.011,0.51,5.0,0.5,27.15,0.54,5.0,0.55,5.0,0.46,5.0,0.45,5.0,0.49,5.0,0.5,27.15,0.03,0.03,0.093021,1776251180000
1776251181.363,81.363,0.5,27.15,0.49,5.0,0.53,5.0,0.54,5.0,0.46,5.0,0.45,5.0,0.49,5.0,0.5,27.15,0.03,0.03,0.093021,1776251180000
1776251182.562,82.562,0.5,27.15,0.49,5.0,0.53,5.0,0.54,5.0,0.47,5.0,0.46,5.0,0.5,27.15,0.51,5.0,0.03,0.03,0.09302,1776251181000
1776251183.059,83.059,0.5,27.15,0.49,5.0,0.53,5.0,0.54,5.0,0.47,5.0,0.46,5.0,0.5,27.15,0.51,5.0,0.03,0.03,0.093019,1776251182000
1776251184.212,84.212,0.5,27.15,0.49,5.0,0.53,5.0,0.54,5.0,0.47,5.0,0.46,5.0,0.5,27.15,0.51,5.0,0.03,0.03,0.093005,1776251183000
1776251185.513,85.513,0.5,27.15,0.49,5.0,0.53,5.0,0.54,5.0,0.47,5.0,0.46,5.0,0.5,27.15,0.51,5.0,0.03,0.03,0.093004,1776251184000
1776251186.094,86.094,0.5,27.15,0.49,5.0,0.53,5.0,0.54,5.0,0.47,5.0,0.46,5.0,0.5,27.15,0.51,5.0,0.03,0.03,0.09301,1776251185000
1776251187.244,87.244,0.5,27.15,0.49,5.0,0.53,5.0,0.54,5.0,0.47,5.0,0.46,5.0,0.5,27.15,0.51,5.0,0.03,0.03,0.093005,1776251186000
1776251187.458,87.458,0.5,16.74,0.49,5.0,0.51,5.0,0.52,11.0,0.47,5.0,0.46,5.0,0.5,27.15,0.51,5.0,0.01,0.03,0.093005,1776251186000
1776251188.336,88.336,0.5,16.74,0.49,5.0,0.51,5.0,0.52,11.0,0.49,5.0,0.48,11.0,0.5,16.74,0.51,5.0,0.01,0.01,0.093005,1776251187000
1776251189.496,89.496,0.5,16.74,0.49,5.0,0.51,5.0,0.52,11.0,0.49,5.0,0.48,11.0,0.5,16.74,0.51,5.0,0.01,0.01,0.09301,1776251188000
1776251190.053,90.053,0.5,16.74,0.49,5.0,0.51,5.0,0.52,11.0,0.49,5.0,0.48,11.0,0.5,16.74,0.51,5.0,0.01,0.01,0.093011,1776251189000
1776251191.161,91.161,0.5,16.74,0.49,5.0,0.51,5.0,0.52,11.0,0.49,5.0,0.48,11.0,0.5,16.74,0.51,5.0,0.01,0.01,0.09301,1776251190000
1776251192.36,92.36,0.5,16.74,0.49,5.0,0.51,5.0,0.52,11.0,0.49,5.0,0.48,11.0,0.5,16.74,0.51,5.0,0.01,0.01,0.093011,1776251191000
1776251192.991,92.991,0.5,16.74,0.49,5.0,0.51,5.0,0.52,11.0,0.49,5.0,0.48,11.0,0.5,16.74,0.51,5.0,0.01,0.01,0.093004,1776251192000
1776251193.219,93.219,0.5,5.26,0.45,11.0,0.51,61.0,0.52,10.0,0.49,5.0,0.48,5.0,0.5,11.65,0.55,11.0,0.01,0.01,0.093004,1776251192000
1776251193.441,93.441,0.5,0.16,0.45,11.0,0.51,66.0,0.52,5.0,0.49,61.0,0.48,10.0,0.5,5.26,0.55,11.0,0.01,0.01,0.093004,1776251192000
1776251194.192,94.192,0.45,11.0,0.37,5.0,0.51,66.0,0.52,5.0,0.49,66.0,0.48,5.0,0.55,11.0,0.63,5.0,0.06,0.06,0.093014,1776251193000
1776251194.558,94.558,0.45,5.9,0.36,5.0,0.47,10.0,0.48,5.0,0.54,5.0,0.53,10.0,0.55,5.9,0.64,5.0,0.02,0.01,0.093014,1776251193000
1776251195.389,95.389,0.45,5.9,0.36,5.0,0.47,10.0,0.48,5.0,0.53,10.0,0.52,5.0,0.55,5.9,0.64,5.0,0.02,0.02,0.093001,1776251194000
1776251196.185,96.185,0.45,5.9,0.36,5.0,0.47,10.0,0.48,5.0,0.53,10.0,0.52,5.0,0.55,5.9,0.64,5.0,0.02,0.02,0.092996,1776251195000
1776251197.751,97.751,0.38,5.0,0.37,5.0,0.46,20.0,0.47,10.0,0.54,20.0,0.53,10.0,0.62,5.0,0.63,5.0,0.08,0.08,0.093001,1776251196000
1776251198.134,98.134,0.4,3.33,0.39,5.0,0.41,5.0,0.42,5.0,0.54,20.0,0.53,10.0,0.62,5.0,0.63,5.0,0.01,0.08,0.093001,1776251196000
1776251199.441,99.441,0.4,3.33,0.39,5.0,0.41,5.0,0.42,5.0,0.59,5.0,0.58,5.0,0.6,3.33,0.61,5.0,0.01,0.01,0.093002,1776251198000
1776251200.005,100.005,0.4,3.33,0.39,5.0,0.41,5.0,0.42,5.0,0.59,5.0,0.58,5.0,0.6,3.33,0.61,5.0,0.01,0.01,0.093002,1776251199000
1776251201.082,101.082,0.4,3.33,0.39,5.0,0.41,5.0,0.42,5.0,0.59,5.0,0.58,5.0,0.6,3.33,0.61,5.0,0.01,0.01,0.093001,1776251200000
1776251202.126,102.126,0.4,3.33,0.39,5.0,0.41,5.0,0.42,5.0,0.59,5.0,0.58,5.0,0.6,3.33,0.61,5.0,0.01,0.01,0.092999,1776251201000
1776251203.16,103.16,0.4,3.33,0.39,5.0,0.41,5.0,0.42,5.0,0.59,5.0,0.58,5.0,0.6,3.33,0.61,5.0,0.01,0.01,0.092999,1776251202000
1776251204.253,104.253,0.4,3.33,0.39,5.0,0.41,5.0,0.42,5.0,0.59,5.0,0.58,5.0,0.6,3.33,0.61,5.0,0.01,0.01,0.092997,1776251203000
1776251204.957,104.957,0.4,3.33,0.39,5.0,0.41,5.0,0.42,5.0,0.59,5.0,0.58,5.0,0.6,3.33,0.61,5.0,0.01,0.01,0.092999,1776251204000
1776251206.041,106.041,0.4,3.33,0.39,5.0,0.41,5.0,0.42,5.0,0.59,5.0,0.58,5.0,0.6,3.33,0.61,5.0,0.01,0.01,0.092996,1776251205000
1776251207.081,107.081,0.4,3.33,0.39,5.0,0.41,5.0,0.42,5.0,0.59,5.0,0.58,5.0,0.6,3.33,0.61,5.0,0.01,0.01,0.092995,1776251206000
1776251208.164,108.164,0.4,3.33,0.39,5.0,0.41,5.0,0.42,5.0,0.59,5.0,0.58,5.0,0.6,3.33,0.61,5.0,0.01,0.01,0.092995,1776251207000
1776251209.218,109.218,0.4,3.33,0.39,5.0,0.41,5.0,0.42,5.0,0.59,5.0,0.58,5.0,0.6,3.33,0.61,5.0,0.01,0.01,0.092995,1776251208000
1776251210.325,110.325,0.4,3.33,0.39,5.0,0.41,5.0,0.42,5.0,0.59,5.0,0.58,5.0,0.6,3.33,0.61,5.0,0.01,0.01,0.09299,1776251209000
1776251211.922,111.922,0.4,3.33,0.39,5.0,0.41,5.0,0.42,5.0,0.59,5.0,0.58,5.0,0.6,3.33,0.61,5.0,0.01,0.01,0.09299,1776251210000
1776251212.488,112.488,0.4,3.33,0.39,5.0,0.41,5.0,0.42,5.0,0.59,5.0,0.58,5.0,0.6,3.33,0.61,5.0,0.01,0.01,0.092985,1776251211000
1776251213.822,113.822,0.4,3.33,0.39,5.0,0.41,5.0,0.42,5.0,0.59,5.0,0.58,5.0,0.6,3.33,0.61,5.0,0.01,0.01,0.092984,1776251212000
1776251214.471,114.471,0.4,3.33,0.39,5.0,0.41,5.0,0.42,5.0,0.59,5.0,0.58,5.0,0.6,3.33,0.61,5.0,0.01,0.01,0.092989,1776251213000
1776251215.358,115.358,0.4,3.33,0.39,5.0,0.41,5.0,0.42,5.0,0.59,5.0,0.58,5.0,0.6,3.33,0.61,5.0,0.01,0.01,0.092991,1776251214000
1776251216.083,116.083,0.4,3.33,0.39,5.0,0.41,5.0,0.42,5.0,0.59,5.0,0.58,5.0,0.6,3.33,0.61,5.0,0.01,0.01,0.092991,1776251215000
1776251217.574,117.574,0.4,3.33,0.39,5.0,0.41,5.0,0.42,5.0,0.59,5.0,0.58,5.0,0.6,3.33,0.61,5.0,0.01,0.01,0.092989,1776251216000
1776251218.192,118.192,0.4,3.33,0.39,5.0,0.41,5.0,0.42,5.0,0.59,5.0,0.58,5.0,0.6,3.33,0.61,5.0,0.01,0.01,0.092989,1776251217000
1776251219.578,119.578,0.4,3.33,0.39,5.0,0.41,5.0,0.42,5.0,0.59,5.0,0.58,5.0,0.6,3.33,0.61,5.0,0.01,0.01,0.092986,1776251218000
1776251220.293,120.293,0.4,3.33,0.39,5.0,0.41,5.0,0.42,5.0,0.59,5.0,0.58,5.0,0.6,3.33,0.61,5.0,0.01,0.01,0.092986,1776251219000
1776251221.752,121.752,0.4,3.33,0.39,5.0,0.41,5.0,0.42,5.0,0.59,5.0,0.58,5.0,0.6,3.33,0.61,5.0,0.01,0.01,0.092989,1776251220000
1776251222.383,122.383,0.4,3.33,0.39,5.0,0.41,5.0,0.42,5.0,0.59,5.0,0.58,5.0,0.6,3.33,0.61,5.0,0.01,0.01,0.092989,1776251221000
1776251223.156,123.156,0.4,3.33,0.39,5.0,0.41,5.0,0.42,5.0,0.59,5.0,0.58,5.0,0.6,3.33,0.61,5.0,0.01,0.01,0.092989,1776251222000
1776251224.512,124.512,0.4,3.33,0.39,5.0,0.41,5.0,0.42,5.0,0.59,5.0,0.58,5.0,0.6,3.33,0.61,5.0,0.01,0.01,0.092989,1776251223000
1776251225.196,125.196,0.4,3.33,0.39,5.0,0.41,5.0,0.42,5.0,0.59,5.0,0.58,5.0,0.6,3.33,0.61,5.0,0.01,0.01,0.092988,1776251224000
1776251226.163,126.163,0.45,5.0,0.44,5.0,0.56,5.0,0.57,10.0,0.54,3.54,0.48,5.0,0.55,5.0,0.56,5.0,0.11,0.01,0.092988,1776251224000
1776251226.818,126.818,0.45,5.0,0.44,5.0,0.56,5.0,0.57,10.0,0.44,5.0,0.43,10.0,0.55,5.0,0.56,5.0,0.11,0.11,0.09299,1776251225000
1776251227.551,127.551,0.5,5.0,0.49,5.0,0.52,3.39,0.53,5.0,0.48,3.39,0.47,5.0,0.5,5.0,0.51,5.0,0.02,0.02,0.092995,1776251226000
1776251228.308,128.308,0.5,5.0,0.49,5.0,0.52,3.39,0.53,5.0,0.48,3.39,0.47,5.0,0.5,5.0,0.51,5.0,0.02,0.02,0.093006,1776251227000
1776251229.107,129.107,0.5,5.0,0.49,5.0,0.52,3.39,0.53,5.0,0.48,3.39,0.47,5.0,0.5,5.0,0.51,5.0,0.02,0.02,0.093006,1776251228000
1776251230.937,130.937,0.5,5.0,0.49,5.0,0.52,3.39,0.53,5.0,0.48,3.39,0.47,5.0,0.5,5.0,0.51,5.0,0.02,0.02,0.093012,1776251230000
1776251231.906,131.906,0.5,5.0,0.49,5.0,0.52,3.39,0.53,5.0,0.48,3.39,0.47,5.0,0.5,5.0,0.51,5.0,0.02,0.02,0.093009,1776251231000
1776251232.855,132.855,0.5,5.0,0.49,5.0,0.52,3.39,0.53,5.0,0.48,3.39,0.47,5.0,0.5,5.0,0.51,5.0,0.02,0.02,0.093003,1776251232000
1776251233.902,133.902,0.5,5.0,0.49,5.0,0.52,3.39,0.53,5.0,0.48,3.39,0.47,5.0,0.5,5.0,0.51,5.0,0.02,0.02,0.093009,1776251233000
1776251235.304,135.304,0.5,5.0,0.49,5.0,0.52,3.39,0.53,5.0,0.48,3.39,0.47,5.0,0.5,5.0,0.51,5.0,0.02,0.02,0.093009,1776251234000
1776251236.217,136.217,0.5,5.0,0.49,5.0,0.52,3.39,0.53,5.0,0.48,3.39,0.47,5.0,0.5,5.0,0.51,5.0,0.02,0.02,0.093009,1776251235000
1776251237.268,137.268,0.5,5.0,0.49,5.0,0.52,3.39,0.53,5.0,0.48,3.39,0.47,5.0,0.5,5.0,0.51,5.0,0.02,0.02,0.09301,1776251236000
1776251237.844,137.844,0.54,5.0,0.53,5.0,0.55,6.0,0.56,5.0,0.48,3.39,0.47,5.0,0.5,5.0,0.51,5.0,0.01,0.02,0.09301,1776251236000
1776251238.2,138.2,0.54,5.0,0.53,5.0,0.55,6.0,0.56,5.0,0.45,6.0,0.44,5.0,0.46,5.0,0.47,5.0,0.01,0.01,0.093009,1776251237000
1776251239.754,139.754,0.54,5.0,0.53,5.0,0.55,6.0,0.56,5.0,0.45,6.0,0.44,5.0,0.46,5.0,0.47,5.0,0.01,0.01,0.093019,1776251238000
1776251240.278,140.278,0.54,5.0,0.53,5.0,0.55,6.0,0.56,5.0,0.45,6.0,0.44,5.0,0.46,5.0,0.47,5.0,0.01,0.01,0.093014,1776251239000
1776251241.366,141.366,0.54,5.0,0.53,5.0,0.55,6.0,0.56,5.0,0.45,6.0,0.44,5.0,0.46,5.0,0.47,5.0,0.01,0.01,0.093026,1776251240000
1776251242.393,142.393,0.54,5.0,0.53,5.0,0.55,6.0,0.56,5.0,0.45,6.0,0.44,5.0,0.46,5.0,0.47,5.0,0.01,0.01,0.093019,1776251241000
1776251243.122,143.122,0.54,5.0,0.53,5.0,0.55,6.0,0.56,5.0,0.45,6.0,0.44,5.0,0.46,5.0,0.47,5.0,0.01,0.01,0.09302,1776251242000
1776251244.81,144.81,0.54,5.0,0.53,5.0,0.55,6.0,0.56,5.0,0.45,6.0,0.44,5.0,0.46,5.0,0.47,5.0,0.01,0.01,0.093022,1776251243000
1776251245.34,145.34,0.54,5.0,0.53,5.0,0.55,6.0,0.56,5.0,0.45,6.0,0.44,5.0,0.46,5.0,0.47,5.0,0.01,0.01,0.093022,1776251244000
1776251246.092,146.092,0.54,5.0,0.53,5.0,0.55,6.0,0.56,5.0,0.45,6.0,0.44,5.0,0.46,5.0,0.47,5.0,0.01,0.01,0.09302,1776251245000
1776251246.955,146.955,0.54,5.0,0.53,5.0,0.55,6.0,0.56,5.0,0.45,6.0,0.44,5.0,0.46,5.0,0.47,5.0,0.01,0.01,0.093013,1776251246000
1776251247.978,147.978,0.54,5.0,0.53,5.0,0.55,6.0,0.56,5.0,0.45,6.0,0.44,5.0,0.46,5.0,0.47,5.0,0.01,0.01,0.09301,1776251247000
1776251249.014,149.014,0.54,5.0,0.53,5.0,0.55,6.0,0.56,5.0,0.45,6.0,0.44,5.0,0.46,5.0,0.47,5.0,0.01,0.01,0.093024,1776251248000
1776251249.348,149.348,0.54,5.0,0.53,5.0,0.56,5.0,0.57,5.0,0.45,6.0,0.44,5.0,0.46,5.0,0.47,5.0,0.02,0.01,0.093024,1776251248000
1776251249.984,149.984,0.54,5.0,0.53,5.0,0.56,5.0,0.57,5.0,0.44,5.0,0.43,5.0,0.46,5.0,0.47,5.0,0.02,0.02,0.093024,1776251249000
1776251251.073,151.073,0.54,5.0,0.53,5.0,0.56,5.0,0.57,5.0,0.44,5.0,0.43,5.0,0.46,5.0,0.47,5.0,0.02,0.02,0.093024,1776251250000
1776251251.782,151.782,0.57,1.58,0.56,5.0,0.59,10.0,0.6,5.0,0.44,5.0,0.43,5.0,0.46,5.0,0.47,5.0,0.02,0.02,0.093024,1776251250000
1776251252.048,152.048,0.57,1.58,0.56,5.0,0.59,10.0,0.6,5.0,0.41,10.0,0.4,5.0,0.43,1.58,0.44,5.0,0.02,0.02,0.093024,1776251251000
1776251253.084,153.084,0.57,1.58,0.56,5.0,0.59,10.0,0.6,5.0,0.41,10.0,0.4,5.0,0.43,1.58,0.44,5.0,0.02,0.02,0.093019,1776251252000
1776251254.239,154.239,0.57,1.58,0.56,5.0,0.59,10.0,0.6,5.0,0.41,10.0,0.4,5.0,0.43,1.58,0.44,5.0,0.02,0.02,0.093021,1776251253000
1776251255.284,155.284,0.57,1.58,0.56,5.0,0.59,10.0,0.6,5.0,0.41,10.0,0.4,5.0,0.43,1.58,0.44,5.0,0.02,0.02,0.093021,1776251254000
1776251256.3,156.3,0.57,1.58,0.56,5.0,0.59,10.0,0.6,5.0,0.41,10.0,0.4,5.0,0.43,1.58,0.44,5.0,0.02,0.02,0.09302,1776251255000
1776251257.341,157.341,0.57,1.58,0.56,5.0,0.59,10.0,0.6,5.0,0.41,10.0,0.4,5.0,0.43,1.58,0.44,5.0,0.02,0.02,0.093014,1776251256000
1776251258.337,158.337,0.57,1.58,0.56,5.0,0.59,10.0,0.6,5.0,0.41,10.0,0.4,5.0,0.43,1.58,0.44,5.0,0.02,0.02,0.09301,1776251257000
1776251259.329,159.329,0.57,1.58,0.56,5.0,0.59,10.0,0.6,5.0,0.41,10.0,0.4,5.0,0.43,1.58,0.44,5.0,0.02,0.02,0.09301,1776251258000
1776251260.704,160.704,0.57,1.58,0.56,5.0,0.59,10.0,0.6,5.0,0.41,10.0,0.4,5.0,0.43,1.58,0.44,5.0,0.02,0.02,0.093016,1776251259000
1776251261.448,161.448,0.57,1.58,0.56,5.0,0.59,10.0,0.6,5.0,0.41,10.0,0.4,5.0,0.43,1.58,0.44,5.0,0.02,0.02,0.093023,1776251260000
1776251261.915,161.915,0.57,1.58,0.56,5.0,0.59,10.0,0.6,5.0,0.41,10.0,0.4,5.0,0.43,1.58,0.44,5.0,0.02,0.02,0.093018,1776251261000
1776251262.241,162.241,0.58,5.0,0.57,5.0,0.68,5.0,0.69,5.0,0.41,10.0,0.4,5.0,0.43,1.58,0.44,5.0,0.1,0.02,0.093018,1776251261000
1776251263.244,163.244,0.58,5.0,0.57,5.0,0.68,5.0,0.69,5.0,0.32,5.0,0.31,5.0,0.42,5.0,0.43,5.0,0.1,0.1,0.093012,1776251262000
1776251264.743,164.743,0.58,5.0,0.57,5.0,0.68,5.0,0.69,5.0,0.32,5.0,0.31,5.0,0.42,5.0,0.43,5.0,0.1,0.1,0.093026,1776251263000
1776251265.383,165.383,0.58,5.0,0.57,5.0,0.68,5.0,0.69,5.0,0.32,5.0,0.31,5.0,0.42,5.0,0.43,5.0,0.1,0.1,0.093024,1776251264000
1776251265.966,165.966,0.58,5.0,0.57,5.0,0.68,5.0,0.69,5.0,0.32,5.0,0.31,5.0,0.42,5.0,0.43,5.0,0.1,0.1,0.093026,1776251265000
1776251267.269,167.269,0.58,5.0,0.57,5.0,0.68,5.0,0.69,5.0,0.32,5.0,0.31,5.0,0.42,5.0,0.43,5.0,0.1,0.1,0.093025,1776251266000
1776251268.518,168.518,0.58,5.0,0.57,5.0,0.68,5.0,0.69,5.0,0.32,5.0,0.31,5.0,0.42,5.0,0.43,5.0,0.1,0.1,0.09303,1776251267000
1776251269.12,169.12,0.58,5.0,0.57,5.0,0.68,5.0,0.69,5.0,0.32,5.0,0.31,5.0,0.42,5.0,0.43,5.0,0.1,0.1,0.093029,1776251268000
1776251270.591,170.591,0.58,5.0,0.57,5.0,0.68,5.0,0.69,5.0,0.32,5.0,0.31,5.0,0.42,5.0,0.43,5.0,0.1,0.1,0.093023,1776251269000
1776251271.285,171.285,0.58,5.0,0.57,5.0,0.68,5.0,0.69,5.0,0.32,5.0,0.31,5.0,0.42,5.0,0.43,5.0,0.1,0.1,0.093024,1776251270000
1776251272.721,172.721,0.58,5.0,0.57,5.0,0.68,5.0,0.69,5.0,0.32,5.0,0.31,5.0,0.42,5.0,0.43,5.0,0.1,0.1,0.093021,1776251271000
1776251273.307,173.307,0.58,5.0,0.57,5.0,0.68,5.0,0.69,5.0,0.32,5.0,0.31,5.0,0.42,5.0,0.43,5.0,0.1,0.1,0.093023,1776251272000
1776251274.566,174.566,0.58,5.0,0.57,5.0,0.68,5.0,0.69,5.0,0.32,5.0,0.31,5.0,0.42,5.0,0.43,5.0,0.1,0.1,0.093029,1776251273000
1776251275.612,175.612,0.58,5.0,0.57,5.0,0.68,5.0,0.69,5.0,0.32,5.0,0.31,5.0,0.42,5.0,0.43,5.0,0.1,0.1,0.093029,1776251274000
1776251276.242,176.242,0.58,5.0,0.57,5.0,0.68,5.0,0.69,5.0,0.32,5.0,0.31,5.0,0.42,5.0,0.43,5.0,0.1,0.1,0.093032,1776251275000
1776251277.553,177.553,0.58,5.0,0.57,5.0,0.68,5.0,0.69,5.0,0.32,5.0,0.31,5.0,0.42,5.0,0.43,5.0,0.1,0.1,0.093024,1776251276000
1776251278.174,178.174,0.58,5.0,0.57,5.0,0.68,5.0,0.69,5.0,0.32,5.0,0.31,5.0,0.42,5.0,0.43,5.0,0.1,0.1,0.093024,1776251277000
1776251279.332,179.332,0.58,5.0,0.57,5.0,0.68,5.0,0.69,5.0,0.32,5.0,0.31,5.0,0.42,5.0,0.43,5.0,0.1,0.1,0.093032,1776251278000
1776251279.955,179.955,0.57,5.0,0.56,5.0,0.61,5.0,0.62,5.0,0.39,5.0,0.38,5.0,0.43,5.0,0.44,5.0,0.04,0.04,0.093024,1776251279000
1776251281.049,181.049,0.57,5.0,0.56,5.0,0.61,5.0,0.62,5.0,0.39,5.0,0.38,5.0,0.43,5.0,0.44,5.0,0.04,0.04,0.093028,1776251280000
1776251282.322,182.322,0.57,5.0,0.56,5.0,0.61,5.0,0.62,5.0,0.39,5.0,0.38,5.0,0.43,5.0,0.44,5.0,0.04,0.04,0.093022,1776251281000
1776251283.465,183.465,0.57,5.0,0.56,5.0,0.61,5.0,0.62,5.0,0.39,5.0,0.38,5.0,0.43,5.0,0.44,5.0,0.04,0.04,0.093015,1776251282000
1776251284.019,184.019,0.56,3.08,0.55,5.0,0.57,6.0,0.58,10.0,0.43,6.0,0.42,10.0,0.44,3.08,0.45,5.0,0.01,0.01,0.093015,1776251283000
1776251285.135,185.135,0.56,3.08,0.55,5.0,0.57,6.0,0.58,10.0,0.43,6.0,0.42,10.0,0.44,3.08,0.45,5.0,0.01,0.01,0.093018,1776251284000
1776251286.545,186.545,0.56,3.08,0.55,5.0,0.57,6.0,0.58,10.0,0.43,6.0,0.42,10.0,0.44,3.08,0.45,5.0,0.01,0.01,0.09302,1776251285000
1776251287.189,187.189,0.56,3.08,0.55,5.0,0.57,6.0,0.58,10.0,0.43,6.0,0.42,10.0,0.44,3.08,0.45,5.0,0.01,0.01,0.093019,1776251286000
1776251288.543,188.543,0.56,3.08,0.55,5.0,0.57,6.0,0.58,10.0,0.43,6.0,0.42,10.0,0.44,3.08,0.45,5.0,0.01,0.01,0.093016,1776251287000
1776251289.156,189.156,0.49,3.0,0.48,5.0,0.51,5.0,0.52,10.0,0.49,5.0,0.48,10.0,0.51,3.0,0.52,5.0,0.02,0.02,0.093017,1776251288000
1776251290.382,190.382,0.49,3.0,0.48,5.0,0.51,5.0,0.52,10.0,0.49,5.0,0.48,10.0,0.51,3.0,0.52,5.0,0.02,0.02,0.093015,1776251289000
1776251291.932,191.932,0.49,5.0,0.48,5.0,0.51,3.03,0.52,10.0,0.49,3.03,0.48,10.0,0.51,5.0,0.52,5.0,0.02,0.02,0.093013,1776251290000
1776251292.624,192.624,0.49,5.0,0.48,5.0,0.51,3.03,0.52,10.0,0.49,3.03,0.48,10.0,0.51,5.0,0.52,5.0,0.02,0.02,0.093006,1776251291000
1776251293.112,193.112,0.49,5.0,0.48,5.0,0.51,3.03,0.52,10.0,0.49,3.03,0.48,10.0,0.51,5.0,0.52,5.0,0.02,0.02,0.093006,1776251292000
1776251294.31,194.31,0.49,5.0,0.48,5.0,0.51,3.03,0.52,10.0,0.49,3.03,0.48,10.0,0.51,5.0,0.52,5.0,0.02,0.02,0.093016,1776251293000
1776251294.542,194.542,0.47,5.0,0.45,5.0,0.49,5.0,0.5,5.0,0.49,3.03,0.48,10.0,0.51,5.0,0.52,5.0,0.02,0.02,0.093016,1776251293000
1776251294.974,194.974,0.47,5.0,0.45,5.0,0.49,5.0,0.5,5.0,0.51,5.0,0.5,5.0,0.53,5.0,0.55,5.0,0.02,0.02,0.093015,1776251294000
1776251296.107,196.107,0.47,5.0,0.45,5.0,0.49,5.0,0.5,5.0,0.51,5.0,0.5,5.0,0.53,5.0,0.55,5.0,0.02,0.02,0.093015,1776251295000
1776251297.261,197.261,0.47,5.0,0.45,5.0,0.49,5.0,0.5,5.0,0.51,5.0,0.5,5.0,0.53,5.0,0.55,5.0,0.02,0.02,0.093011,1776251296000
1776251298.135,198.135,0.51,87.0,0.5,5.0,0.76,5.0,0.78,15.2,0.51,5.0,0.5,5.0,0.53,5.0,0.55,5.0,0.25,0.02,0.093011,1776251296000
1776251299.378,199.378,0.75,5.0,0.73,5.0,0.8,13.52,0.81,16.89,0.2,13.52,0.19,16.89,0.25,5.0,0.27,5.0,0.05,0.05,0.09302,1776251298000
1776251299.65,199.65,0.78,5.0,0.77,5.0,0.8,13.52,0.81,66.89,0.2,13.52,0.19,16.89,0.25,5.0,0.27,5.0,0.02,0.05,0.09302,1776251298000
1776251299.916,199.916,0.78,5.0,0.77,5.0,0.8,13.52,0.81,66.89,0.2,13.52,0.19,66.89,0.22,5.0,0.23,5.0,0.02,0.02,0.093021,1776251299000
1776251301.073,201.073,0.78,5.0,0.77,5.0,0.8,9.8,0.81,66.89,0.2,9.8,0.19,66.89,0.22,5.0,0.23,5.0,0.02,0.02,0.093035,1776251300000
1776251302.08,202.08,0.78,5.0,0.77,5.0,0.8,9.8,0.81,66.89,0.2,9.8,0.19,66.89,0.22,5.0,0.23,5.0,0.02,0.02,0.093044,1776251301000
1776251302.485,202.485,0.79,5.0,0.78,5.0,0.81,66.89,0.82,22.6,0.2,9.8,0.19,66.89,0.22,5.0,0.23,5.0,0.02,0.02,0.093044,1776251301000
1776251303.373,203.373,0.79,5.0,0.78,5.0,0.81,66.89,0.82,22.6,0.19,66.89,0.18,22.6,0.21,5.0,0.22,5.0,0.02,0.02,0.093049,1776251302000
1776251303.93,203.93,0.79,5.0,0.78,5.0,0.81,66.89,0.82,22.6,0.19,66.89,0.18,22.6,0.21,5.0,0.22,5.0,0.02,0.02,0.093049,1776251303000
1776251305.069,205.069,0.79,5.0,0.78,5.0,0.81,66.89,0.82,22.6,0.19,66.89,0.18,22.6,0.21,5.0,0.22,5.0,0.02,0.02,0.093051,1776251304000
1776251307.556,207.556,0.79,5.0,0.78,5.0,0.81,66.89,0.82,22.6,0.19,66.89,0.18,22.6,0.21,5.0,0.22,5.0,0.02,0.02,0.093052,1776251305000
1776251308.792,208.792,0.79,5.0,0.78,5.0,0.81,66.89,0.82,22.6,0.19,66.89,0.18,22.6,0.21,5.0,0.22,5.0,0.02,0.02,0.093052,1776251307000
1776251309.692,209.692,0.79,5.0,0.78,5.0,0.81,66.89,0.82,22.6,0.19,66.89,0.18,22.6,0.21,5.0,0.22,5.0,0.02,0.02,0.093056,1776251308000
1776251310.673,210.673,0.79,5.0,0.78,5.0,0.81,66.89,0.82,22.6,0.19,66.89,0.18,22.6,0.21,5.0,0.22,5.0,0.02,0.02,0.093056,1776251309000
1776251311.79,211.79,0.79,5.0,0.78,5.0,0.81,66.89,0.82,22.6,0.19,66.89,0.18,22.6,0.21,5.0,0.22,5.0,0.02,0.02,0.093051,1776251310000
1776251312.718,212.718,0.79,5.0,0.78,5.0,0.81,66.89,0.82,22.6,0.19,66.89,0.18,22.6,0.21,5.0,0.22,5.0,0.02,0.02,0.09305,1776251311000
1776251313.593,213.593,0.79,5.0,0.78,5.0,0.81,66.89,0.82,22.6,0.19,66.89,0.18,22.6,0.21,5.0,0.22,5.0,0.02,0.02,0.093048,1776251312000
1776251314.489,214.489,0.79,5.0,0.78,5.0,0.81,66.89,0.82,22.6,0.19,66.89,0.18,22.6,0.21,5.0,0.22,5.0,0.02,0.02,0.093047,1776251313000
1776251315.544,215.544,0.79,5.0,0.78,5.0,0.81,66.89,0.82,22.6,0.19,66.89,0.18,22.6,0.21,5.0,0.22,5.0,0.02,0.02,0.093049,1776251314000
1776251316.45,216.45,0.79,5.0,0.78,5.0,0.81,66.89,0.82,22.6,0.19,66.89,0.18,22.6,0.21,5.0,0.22,5.0,0.02,0.02,0.093053,1776251315000
1776251317.483,217.483,0.79,5.0,0.78,5.0,0.81,66.89,0.82,22.6,0.19,66.89,0.18,22.6,0.21,5.0,0.22,5.0,0.02,0.02,0.093054,1776251316000
1776251318.237,218.237,0.79,5.0,0.78,5.0,0.81,66.89,0.82,22.6,0.19,66.89,0.18,22.6,0.21,5.0,0.22,5.0,0.02,0.02,0.093054,1776251317000
1776251319.918,219.918,0.79,5.0,0.78,5.0,0.81,66.89,0.82,22.6,0.19,66.89,0.18,22.6,0.21,5.0,0.22,5.0,0.02,0.02,0.093061,1776251318000
1776251320.477,220.477,0.87,5.0,0.86,5.0,0.88,13.23,0.89,26.6,0.19,66.89,0.18,22.6,0.21,5.0,0.22,5.0,0.01,0.02,0.093061,1776251318000
1776251320.779,220.779,0.87,5.0,0.86,5.0,0.88,13.23,0.89,26.6,0.12,13.23,0.11,26.6,0.13,5.0,0.14,5.0,0.01,0.01,0.093061,1776251319000
1776251321.824,221.824,0.87,5.0,0.86,5.0,0.88,13.23,0.89,26.6,0.12,13.23,0.11,26.6,0.13,5.0,0.14,5.0,0.01,0.01,0.093057,1776251320000
1776251322.736,222.736,0.87,5.0,0.86,5.0,0.88,13.23,0.89,26.6,0.12,13.23,0.11,26.6,0.13,5.0,0.14,5.0,0.01,0.01,0.093057,1776251321000
1776251323.794,223.794,0.87,5.0,0.86,5.0,0.88,13.23,0.89,26.6,0.12,13.23,0.11,26.6,0.13,5.0,0.14,5.0,0.01,0.01,0.093061,1776251322000
1776251324.813,224.813,0.87,5.0,0.86,5.0,0.88,13.23,0.89,26.6,0.12,13.23,0.11,26.6,0.13,5.0,0.14,5.0,0.01,0.01,0.093061,1776251323000
1776251325.894,225.894,0.87,5.0,0.86,5.0,0.88,13.23,0.89,26.6,0.12,13.23,0.11,26.6,0.13,5.0,0.14,5.0,0.01,0.01,0.093057,1776251324000
1776251326.94,226.94,0.87,5.0,0.86,5.0,0.88,13.23,0.89,26.6,0.12,13.23,0.11,26.6,0.13,5.0,0.14,5.0,0.01,0.01,0.093058,1776251325000
1776251328.021,228.021,0.87,5.0,0.86,5.0,0.88,13.23,0.89,26.6,0.12,13.23,0.11,26.6,0.13,5.0,0.14,5.0,0.01,0.01,0.093058,1776251326000
1776251329.046,229.046,0.87,5.0,0.86,5.0,0.88,13.23,0.89,26.6,0.12,13.23,0.11,26.6,0.13,5.0,0.14,5.0,0.01,0.01,0.093061,1776251327000
1776251330.026,230.026,0.87,5.0,0.86,5.0,0.88,13.23,0.89,26.6,0.12,13.23,0.11,26.6,0.13,5.0,0.14,5.0,0.01,0.01,0.093065,1776251328000
1776251331.034,231.034,0.87,5.0,0.86,5.0,0.88,13.23,0.89,26.6,0.12,13.23,0.11,26.6,0.13,5.0,0.14,5.0,0.01,0.01,0.093065,1776251329000
1776251331.646,231.646,0.88,5.0,0.87,5.0,0.89,25.47,0.9,28.9,0.12,13.23,0.11,26.6,0.13,5.0,0.14,5.0,0.01,0.01,0.093065,1776251329000
1776251332.336,232.336,0.88,5.0,0.87,5.0,0.89,25.47,0.9,28.9,0.11,25.47,0.1,28.9,0.12,5.0,0.13,5.0,0.01,0.01,0.093065,1776251331000
1776251332.953,232.953,0.88,5.0,0.87,5.0,0.89,19.85,0.9,28.9,0.11,19.85,0.1,28.9,0.12,5.0,0.13,5.0,0.01,0.01,0.093065,1776251332000
1776251333.979,233.979,0.88,5.0,0.87,5.0,0.89,19.85,0.9,28.9,0.11,19.85,0.1,28.9,0.12,5.0,0.13,5.0,0.01,0.01,0.093065,1776251333000
1776251334.549,234.549,0.89,5.0,0.88,5.0,0.9,5.27,0.91,31.7,0.11,19.85,0.1,28.9,0.12,5.0,0.13,5.0,0.01,0.01,0.093065,1776251333000
1776251335.149,235.149,0.89,5.0,0.88,5.0,0.9,5.27,0.91,31.7,0.1,5.27,0.09,31.7,0.11,5.0,0.12,5.0,0.01,0.01,0.093065,1776251334000
1776251336.151,236.151,0.89,5.0,0.88,5.0,0.9,5.27,0.91,31.7,0.1,5.27,0.09,31.7,0.11,5.0,0.12,5.0,0.01,0.01,0.093062,1776251335000
1776251337.432,237.432,0.89,5.0,0.88,5.0,0.9,5.27,0.91,31.7,0.1,5.27,0.09,31.7,0.11,5.0,0.12,5.0,0.01,0.01,0.093063,1776251336000
1776251337.819,237.819,0.89,5.0,0.88,5.0,0.9,3.04,0.91,31.7,0.1,5.27,0.09,31.7,0.11,5.0,0.12,5.0,0.01,0.01,0.093063,1776251336000
1776251338.967,238.967,0.89,5.0,0.88,5.0,0.9,3.04,0.91,31.7,0.1,3.04,0.09,31.7,0.11,5.0,0.12,5.0,0.01,0.01,0.093065,1776251338000
1776251340.204,240.204,0.89,5.0,0.88,5.0,0.9,3.04,0.91,31.7,0.1,3.04,0.09,31.7,0.11,5.0,0.12,5.0,0.01,0.01,0.093063,1776251339000
1776251340.637,240.637,0.9,5.0,0.89,5.0,0.91,30.6,0.92,35.29,0.1,3.04,0.09,31.7,0.11,5.0,0.12,5.0,0.01,0.01,0.093063,1776251339000
1776251340.876,240.876,0.9,5.0,0.89,5.0,0.91,22.91,0.92,35.29,0.09,29.5,0.08,35.29,0.1,5.0,0.11,5.0,0.01,0.01,0.093063,1776251339000
1776251341.288,241.288,0.9,5.0,0.89,5.0,0.91,17.42,0.92,35.29,0.09,17.42,0.08,35.29,0.1,5.0,0.11,5.0,0.01,0.01,0.093062,1776251340000
1776251342.352,242.352,0.9,5.0,0.89,5.0,0.91,17.42,0.92,35.29,0.09,17.42,0.08,35.29,0.1,5.0,0.11,5.0,0.01,0.01,0.093064,1776251341000
1776251342.949,242.949,0.9,5.0,0.89,5.0,0.91,20.22,0.92,35.29,0.09,20.22,0.08,35.29,0.1,5.0,0.11,5.0,0.01,0.01,0.093058,1776251342000
1776251344.121,244.121,0.9,5.0,0.89,5.0,0.91,20.22,0.92,35.29,0.09,20.22,0.08,35.29,0.1,5.0,0.11,5.0,0.01,0.01,0.093053,1776251343000
1776251345.157,245.157,0.9,5.0,0.89,5.0,0.91,20.22,0.92,35.29,0.09,20.22,0.08,35.29,0.1,5.0,0.11,5.0,0.01,0.01,0.093049,1776251344000
1776251346.777,246.777,0.9,5.0,0.89,5.0,0.91,20.22,0.92,35.29,0.09,20.22,0.08,35.29,0.1,5.0,0.11,5.0,0.01,0.01,0.093052,1776251345000
1776251347.431,247.431,0.9,5.0,0.89,5.0,0.91,20.22,0.92,35.29,0.09,20.22,0.08,35.29,0.1,5.0,0.11,5.0,0.01,0.01,0.093052,1776251346000
1776251348.385,248.385,0.9,5.0,0.89,5.0,0.91,20.22,0.92,35.29,0.09,20.22,0.08,35.29,0.1,5.0,0.11,5.0,0.01,0.01,0.093052,1776251347000
1776251348.99,248.99,0.9,5.0,0.89,5.0,0.91,20.22,0.92,35.29,0.09,20.22,0.08,35.29,0.1,5.0,0.11,5.0,0.01,0.01,0.093052,1776251348000
1776251350.036,250.036,0.9,5.0,0.89,5.0,0.91,20.22,0.92,35.29,0.09,20.22,0.08,35.29,0.1,5.0,0.11,5.0,0.01,0.01,0.093052,1776251349000
1776251351.185,251.185,0.9,5.0,0.89,5.0,0.91,20.22,0.92,35.29,0.09,20.22,0.08,35.29,0.1,5.0,0.11,5.0,0.01,0.01,0.093046,1776251350000
1776251352.314,252.314,0.9,5.0,0.89,5.0,0.91,20.22,0.92,35.29,0.09,20.22,0.08,35.29,0.1,5.0,0.11,5.0,0.01,0.01,0.093052,1776251351000
1776251353.337,253.337,0.9,5.0,0.89,5.0,0.91,20.22,0.92,35.29,0.09,20.22,0.08,35.29,0.1,5.0,0.11,5.0,0.01,0.01,0.093052,1776251352000
1776251354.417,254.417,0.9,5.0,0.89,5.0,0.91,20.22,0.92,35.29,0.09,20.22,0.08,35.29,0.1,5.0,0.11,5.0,0.01,0.01,0.093052,1776251353000
1776251354.89,254.89,0.9,5.0,0.89,5.0,0.91,20.22,0.92,35.29,0.09,20.22,0.08,35.29,0.1,5.0,0.11,5.0,0.01,0.01,0.093044,1776251354000
1776251355.901,255.901,0.9,5.0,0.89,5.0,0.91,20.22,0.92,35.29,0.09,20.22,0.08,35.29,0.1,5.0,0.11,5.0,0.01,0.01,0.093041,1776251355000
1776251356.996,256.996,0.9,5.0,0.89,5.0,0.91,20.22,0.92,35.29,0.09,20.22,0.08,35.29,0.1,5.0,0.11,5.0,0.01,0.01,0.093044,1776251356000
1776251357.969,257.969,0.9,5.0,0.89,5.0,0.91,20.22,0.92,35.29,0.09,20.22,0.08,35.29,0.1,5.0,0.11,5.0,0.01,0.01,0.09306,1776251357000
1776251358.517,258.517,0.9,24.0,0.89,5.0,0.96,5.0,0.97,89.3,0.09,20.22,0.08,35.29,0.1,5.0,0.11,5.0,0.06,0.01,0.09306,1776251357000
1776251359.002,259.002,0.9,24.0,0.89,5.0,0.96,5.0,0.97,89.3,0.04,5.0,0.03,89.3,0.1,24.0,0.11,5.0,0.06,0.06,0.093068,1776251358000
1776251360.6,260.6,0.9,24.0,0.89,5.0,0.96,5.0,0.97,89.3,0.04,5.0,0.03,89.3,0.1,24.0,0.11,5.0,0.06,0.06,0.093071,1776251359000
1776251361.103,261.103,0.95,10.0,0.94,5.0,0.96,3.95,0.98,147.69,0.04,3.95,0.02,147.69,0.05,10.0,0.06,5.0,0.01,0.01,0.093081,1776251360000
1776251362.164,262.164,0.95,10.0,0.94,5.0,0.96,3.95,0.98,147.69,0.04,3.95,0.02,147.69,0.05,10.0,0.06,5.0,0.01,0.01,0.093077,1776251361000
1776251363.143,263.143,0.95,10.0,0.94,5.0,0.96,3.95,0.98,147.69,0.04,3.95,0.02,147.69,0.05,10.0,0.06,5.0,0.01,0.01,0.093084,1776251362000
1776251364.279,264.279,0.95,10.0,0.94,5.0,0.96,3.95,0.98,147.69,0.04,3.95,0.02,147.69,0.05,10.0,0.06,5.0,0.01,0.01,0.093083,1776251363000
1776251365.274,265.274,0.95,64.7,0.94,51.1,0.96,2.41,0.98,15.0,0.04,3.95,0.02,147.69,0.05,10.0,0.06,5.0,0.01,0.01,0.093083,1776251363000
1776251366.316,266.316,0.95,64.7,0.94,51.1,0.96,2.41,0.98,15.0,0.04,2.41,0.02,15.0,0.05,64.7,0.06,51.1,0.01,0.01,0.093083,1776251365000
1776251367.046,267.046,0.95,64.7,0.94,51.1,0.98,12.25,0.99,562.6,0.04,2.41,0.02,15.0,0.05,64.7,0.06,51.1,0.03,0.01,0.093083,1776251365000
1776251367.548,267.548,0.95,64.7,0.94,51.1,0.98,12.25,0.99,562.6,0.02,12.25,0.01,562.6,0.05,64.7,0.06,51.1,0.03,0.03,0.093085,1776251366000
1776251367.967,267.967,0.95,64.7,0.94,51.1,0.98,12.25,0.99,562.6,0.02,12.25,0.01,562.6,0.05,64.7,0.06,51.1,0.03,0.03,0.093084,1776251367000
1776251369.015,269.015,0.95,64.7,0.94,51.1,0.98,12.25,0.99,562.6,0.02,12.25,0.01,562.6,0.05,64.7,0.06,51.1,0.03,0.03,0.093084,1776251368000
1776251370.09,270.09,0.95,64.7,0.94,51.1,0.98,12.25,0.99,562.6,0.02,12.25,0.01,562.6,0.05,64.7,0.06,51.1,0.03,0.03,0.093084,1776251369000
1776251371.106,271.106,0.95,64.7,0.94,51.1,0.98,12.25,0.99,562.6,0.02,12.25,0.01,562.6,0.05,64.7,0.06,51.1,0.03,0.03,0.093084,1776251370000
1776251372.207,272.207,0.95,64.7,0.94,51.1,0.98,12.25,0.99,562.6,0.02,12.25,0.01,562.6,0.05,64.7,0.06,51.1,0.03,0.03,0.093087,1776251371000
1776251373.222,273.222,0.95,64.7,0.94,51.1,0.98,12.25,0.99,562.6,0.02,12.25,0.01,562.6,0.05,64.7,0.06,51.1,0.03,0.03,0.093087,1776251372000
1776251374.391,274.391,0.95,64.7,0.94,51.1,0.98,12.25,0.99,562.6,0.02,12.25,0.01,562.6,0.05,64.7,0.06,51.1,0.03,0.03,0.093087,1776251373000
1776251375.391,275.391,0.95,64.7,0.94,51.1,0.98,12.25,0.99,562.6,0.02,12.25,0.01,562.6,0.05,64.7,0.06,51.1,0.03,0.03,0.093088,1776251374000
1776251375.892,275.892,0.95,64.7,0.94,51.1,0.98,12.25,0.99,562.6,0.02,12.25,0.01,562.6,0.05,64.7,0.06,51.1,0.03,0.03,0.093088,1776251375000
1776251376.841,276.841,0.95,64.7,0.94,51.1,0.98,12.25,0.99,562.6,0.02,12.25,0.01,562.6,0.05,64.7,0.06,51.1,0.03,0.03,0.093089,1776251376000
1776251377.153,277.153,0.97,5.0,0.96,5.0,0.98,6.13,0.99,300.0,0.02,12.25,0.01,562.6,0.05,64.7,0.06,51.1,0.01,0.03,0.093089,1776251376000
1776251377.503,277.503,0.99,693.87,0.97,5.0,,,,,0.02,6.13,0.01,300.0,0.03,5.0,0.04,5.0,,0.01,0.093089,1776251376000
1776251377.881,277.881,0.99,692.35,0.98,5.0,,,,,,,,,0.01,693.87,0.03,5.0,,,0.093089,1776251376000
1776251378.397,278.397,0.99,692.35,0.98,5.0,,,,,,,,,0.01,692.35,0.02,5.0,,,0.093091,1776251377000
1776251378.767,278.767,0.99,706.43,0.98,5.0,,,,,,,,,0.01,692.35,0.02,5.0,,,0.093091,1776251377000
1776251379.282,279.282,0.99,706.43,0.98,5.0,,,,,,,,,0.01,706.43,0.02,5.0,,,0.093102,1776251378000
1776251380.298,280.298,0.99,706.43,0.98,5.0,,,,,,,,,0.01,706.43,0.02,5.0,,,0.093104,1776251379000
1776251381.303,281.303,0.99,706.43,0.98,5.0,,,,,,,,,0.01,706.43,0.02,5.0,,,0.093104,1776251380000
1776251382.212,282.212,0.99,706.43,0.98,5.0,,,,,,,,,0.01,706.43,0.02,5.0,,,0.093104,1776251381000
1776251383.216,283.216,0.99,706.43,0.98,5.0,,,,,,,,,0.01,706.43,0.02,5.0,,,0.093099,1776251382000
1776251384.33,284.33,0.99,706.43,0.98,5.0,,,,,,,,,0.01,706.43,0.02,5.0,,,0.093104,1776251383000
1776251385.198,285.198,0.99,706.43,0.98,5.0,,,,,,,,,0.01,706.43,0.02,5.0,,,0.093107,1776251384000
1776251386.232,286.232,0.99,706.43,0.98,5.0,,,,,,,,,0.01,706.43,0.02,5.0,,,0.09311,1776251385000
1776251387.255,287.255,0.99,706.43,0.98,5.0,,,,,,,,,0.01,706.43,0.02,5.0,,,0.093116,1776251386000
1776251388.266,288.266,0.99,706.43,0.98,5.0,,,,,,,,,0.01,706.43,0.02,5.0,,,0.093116,1776251387000
1776251389.25,289.25,0.99,706.43,0.98,5.0,,,,,,,,,0.01,706.43,0.02,5.0,,,0.093115,1776251388000
1776251390.389,290.389,0.99,706.43,0.98,5.0,,,,,,,,,0.01,706.43,0.02,5.0,,,0.093114,1776251389000
1776251391.295,291.295,0.99,706.43,0.98,5.0,,,,,,,,,0.01,706.43,0.02,5.0,,,0.093115,1776251390000
1776251392.261,292.261,0.99,2714.31,0.98,5.0,,,,,,,,,0.01,706.43,0.02,5.0,,,0.093115,1776251390000
1776251393.179,293.179,0.99,2714.31,0.98,5.0,,,,,,,,,0.01,2714.31,0.02,5.0,,,0.093103,1776251392000
1776251394.174,294.174,0.99,2714.31,0.98,5.0,,,,,,,,,0.01,2714.31,0.02,5.0,,,0.093106,1776251393000
1776251395.138,295.138,0.99,2714.31,0.98,5.0,,,,,,,,,0.01,2714.31,0.02,5.0,,,0.093104,1776251394000
1776251396.155,296.155,0.99,2714.31,0.98,5.0,,,,,,,,,0.01,2714.31,0.02,5.0,,,0.093106,1776251395000
1776251397.053,297.053,0.99,2714.31,0.98,5.0,,,,,,,,,0.01,2714.31,0.02,5.0,,,0.093109,1776251396000
1776251398.082,298.082,0.99,2714.31,0.98,5.0,,,,,,,,,0.01,2714.31,0.02,5.0,,,0.093109,1776251397000
1776251399.049,299.049,0.99,2714.31,0.98,5.0,,,,,,,,,0.01,2714.31,0.02,5.0,,,0.093125,1776251398000
1776251400.166,300.166,0.99,2714.31,0.98,5.0,,,,,,,,,0.01,2714.31,0.02,5.0,,,0.09313,1776251399000
1776251401.149,301.149,0.99,2714.31,0.98,5.0,,,,,,,,,0.01,2714.31,0.02,5.0,,,0.093137,1776251400000
1776251402.239,302.239,0.99,2714.31,0.98,5.0,,,,,,,,,0.01,2714.31,0.02,5.0,,,0.093138,1776251401000
