timestamp,elapsed_sec,up_bid_p1,up_bid_s1,up_bid_p2,up_bid_s2,up_bid_p3,up_bid_s3,up_bid_p4,up_bid_s4,up_bid_p5,up_bid_s5,up_ask_p1,up_ask_s1,up_ask_p2,up_ask_s2,up_ask_p3,up_ask_s3,up_ask_p4,up_ask_s4,up_ask_p5,up_ask_s5,down_bid_p1,down_bid_s1,down_bid_p2,down_bid_s2,down_bid_p3,down_bid_s3,down_bid_p4,down_bid_s4,down_bid_p5,down_bid_s5,down_ask_p1,down_ask_s1,down_ask_p2,down_ask_s2,down_ask_p3,down_ask_s3,down_ask_p4,down_ask_s4,down_ask_p5,down_ask_s5,up_spread,down_spread,doge_price,doge_oracle_ts
1776170101.946,1.946,,,,,,,,,,,,,,,,,,,,,,,,,,,,,,,,,,,,,,,,,,,0.093996,1776170100000
1776170102.155,2.155,0.52,0.78,0.4,12.0,0.38,10.0,0.37,10.0,0.36,10.0,0.61,12.0,0.62,10.0,0.63,10.0,0.64,10.0,0.65,10.0,0.39,12.0,0.38,10.0,0.37,10.0,0.36,10.0,0.35,10.0,0.48,0.78,0.6,12.0,0.62,10.0,0.63,10.0,0.64,10.0,0.09,0.09,0.093996,1776170100000
1776170102.57,2.57,0.53,5.0,0.52,0.78,0.4,12.0,0.38,10.0,0.37,10.0,0.61,12.0,0.62,10.0,0.63,10.0,0.64,10.0,0.65,10.0,0.39,12.0,0.38,10.0,0.37,10.0,0.36,10.0,0.35,10.0,0.48,0.78,0.6,12.0,0.62,10.0,0.63,10.0,0.64,10.0,0.08,0.09,0.093996,1776170100000
1776170103.276,3.276,0.53,5.0,0.52,0.78,0.4,12.0,0.38,10.0,0.37,10.0,0.61,12.0,0.62,10.0,0.63,10.0,0.64,10.0,0.65,10.0,0.39,12.0,0.38,10.0,0.37,10.0,0.36,10.0,0.35,10.0,0.47,5.0,0.48,0.78,0.6,12.0,0.62,10.0,0.63,10.0,0.08,0.08,0.093996,1776170102000
1776170104.683,4.683,0.53,5.0,0.52,0.78,0.4,12.0,0.38,10.0,0.37,10.0,0.61,12.0,0.62,10.0,0.63,10.0,0.64,10.0,0.65,10.0,0.39,12.0,0.38,10.0,0.37,10.0,0.36,10.0,0.35,10.0,0.47,5.0,0.48,0.78,0.6,12.0,0.62,10.0,0.63,10.0,0.08,0.08,0.093998,1776170103000
1776170105.319,5.319,0.52,0.78,0.41,50.0,0.35,14.0,0.31,425.0,0.29,10.0,0.54,10.0,0.55,10.0,0.56,10.0,0.57,10.0,0.58,11.0,0.46,10.0,0.45,10.0,0.44,10.0,0.43,10.0,0.42,11.0,0.48,0.78,0.59,50.0,0.65,14.0,0.69,425.0,0.71,10.0,0.02,0.02,0.093998,1776170104000
1776170106.109,6.109,0.52,0.78,0.41,50.0,0.35,14.0,0.31,425.0,0.29,10.0,0.54,10.0,0.55,10.0,0.56,10.0,0.57,10.0,0.58,11.0,0.46,10.0,0.45,10.0,0.44,10.0,0.43,10.0,0.42,11.0,0.48,0.78,0.59,50.0,0.65,14.0,0.69,425.0,0.71,10.0,0.02,0.02,0.093996,1776170105000
1776170106.971,6.971,0.32,6.0,0.29,5.0,0.27,450.0,0.26,10.0,0.25,610.0,0.51,49.22,0.53,49.0,0.54,10.0,0.61,50.0,0.71,50.0,0.46,10.0,0.45,10.0,0.44,10.0,0.43,10.0,0.42,11.0,0.48,0.78,0.59,50.0,0.65,14.0,0.69,425.0,0.71,10.0,0.19,0.02,0.093996,1776170105000
1776170107.423,7.423,0.32,6.0,0.29,5.0,0.27,450.0,0.26,10.0,0.25,610.0,0.51,49.22,0.53,49.0,0.54,10.0,0.61,50.0,0.71,50.0,0.49,49.22,0.47,49.0,0.46,10.0,0.39,50.0,0.29,50.0,0.68,6.0,0.71,5.0,0.73,450.0,0.74,10.0,0.75,610.0,0.19,0.19,0.09399,1776170106000
1776170108.06,8.06,0.32,6.0,0.29,5.0,0.27,450.0,0.26,10.0,0.25,610.0,0.51,49.22,0.53,49.0,0.54,10.0,0.61,50.0,0.71,50.0,0.49,49.22,0.47,49.0,0.46,10.0,0.39,50.0,0.29,50.0,0.68,6.0,0.71,5.0,0.73,450.0,0.74,10.0,0.75,610.0,0.19,0.19,0.093981,1776170107000
1776170108.333,8.333,0.32,6.0,0.3,16.0,0.29,10.0,0.25,600.0,0.21,800.0,0.4,13.5,0.41,10.0,0.42,10.0,0.43,10.0,0.44,10.0,0.49,49.22,0.47,49.0,0.46,10.0,0.39,50.0,0.29,50.0,0.68,6.0,0.71,5.0,0.73,450.0,0.74,10.0,0.75,610.0,0.08,0.19,0.093981,1776170107000
1776170109.54,9.54,0.32,6.0,0.3,16.0,0.29,10.0,0.25,600.0,0.21,800.0,0.4,13.5,0.41,10.0,0.42,10.0,0.43,10.0,0.44,10.0,0.6,13.5,0.59,10.0,0.58,10.0,0.57,10.0,0.56,10.0,0.68,6.0,0.7,16.0,0.71,10.0,0.75,600.0,0.79,800.0,0.08,0.08,0.093949,1776170108000
1776170110.394,10.394,0.32,6.0,0.3,16.0,0.29,10.0,0.25,600.0,0.21,800.0,0.4,13.5,0.41,10.0,0.42,10.0,0.43,10.0,0.44,10.0,0.6,13.5,0.59,10.0,0.58,10.0,0.57,10.0,0.56,10.0,0.68,6.0,0.7,16.0,0.71,10.0,0.75,600.0,0.79,800.0,0.08,0.08,0.093941,1776170109000
1776170111.095,11.095,0.32,6.0,0.3,16.0,0.29,10.0,0.25,600.0,0.21,800.0,0.4,13.5,0.41,10.0,0.42,10.0,0.43,10.0,0.44,10.0,0.6,13.5,0.59,10.0,0.58,10.0,0.57,10.0,0.56,10.0,0.68,6.0,0.7,16.0,0.71,10.0,0.75,600.0,0.79,800.0,0.08,0.08,0.093941,1776170110000
1776170112.412,12.412,0.32,6.0,0.3,16.0,0.29,10.0,0.25,600.0,0.21,800.0,0.4,13.5,0.41,10.0,0.42,10.0,0.43,10.0,0.44,10.0,0.6,13.5,0.59,10.0,0.58,10.0,0.57,10.0,0.56,10.0,0.68,6.0,0.7,16.0,0.71,10.0,0.75,600.0,0.79,800.0,0.08,0.08,0.093941,1776170111000
1776170113.021,13.021,0.32,6.0,0.3,16.0,0.29,10.0,0.25,600.0,0.21,800.0,0.4,13.5,0.41,10.0,0.42,10.0,0.43,10.0,0.44,10.0,0.6,13.5,0.59,10.0,0.58,10.0,0.57,10.0,0.56,10.0,0.68,6.0,0.7,16.0,0.71,10.0,0.75,600.0,0.79,800.0,0.08,0.08,0.093941,1776170112000
1776170114.419,14.419,0.32,6.0,0.3,16.0,0.29,10.0,0.25,600.0,0.21,800.0,0.4,13.5,0.41,10.0,0.42,10.0,0.43,10.0,0.44,10.0,0.6,13.5,0.59,10.0,0.58,10.0,0.57,10.0,0.56,10.0,0.68,6.0,0.7,16.0,0.71,10.0,0.75,600.0,0.79,800.0,0.08,0.08,0.09394,1776170113000
1776170115.217,15.217,0.32,6.0,0.3,16.0,0.29,10.0,0.25,600.0,0.21,800.0,0.4,13.5,0.41,10.0,0.42,10.0,0.43,10.0,0.44,10.0,0.6,13.5,0.59,10.0,0.58,10.0,0.57,10.0,0.56,10.0,0.68,6.0,0.7,16.0,0.71,10.0,0.75,600.0,0.79,800.0,0.08,0.08,0.093939,1776170114000
1776170116.603,16.603,0.32,6.0,0.3,16.0,0.29,10.0,0.25,600.0,0.21,800.0,0.4,13.5,0.41,10.0,0.42,10.0,0.43,10.0,0.44,10.0,0.6,13.5,0.59,10.0,0.58,10.0,0.57,10.0,0.56,10.0,0.68,6.0,0.7,16.0,0.71,10.0,0.75,600.0,0.79,800.0,0.08,0.08,0.093939,1776170115000
1776170117.399,17.399,0.32,6.0,0.3,16.0,0.29,10.0,0.25,600.0,0.21,800.0,0.4,13.5,0.41,10.0,0.42,10.0,0.43,10.0,0.44,10.0,0.6,13.5,0.59,10.0,0.58,10.0,0.57,10.0,0.56,10.0,0.68,6.0,0.7,16.0,0.71,10.0,0.75,600.0,0.79,800.0,0.08,0.08,0.093939,1776170116000
1776170118.154,18.154,0.32,6.0,0.3,16.0,0.29,10.0,0.25,600.0,0.21,800.0,0.4,13.5,0.41,10.0,0.42,10.0,0.43,10.0,0.44,10.0,0.6,13.5,0.59,10.0,0.58,10.0,0.57,10.0,0.56,10.0,0.68,6.0,0.7,16.0,0.71,10.0,0.75,600.0,0.79,800.0,0.08,0.08,0.093937,1776170117000
1776170118.946,18.946,0.32,6.0,0.3,16.0,0.29,10.0,0.25,600.0,0.21,800.0,0.4,13.5,0.41,10.0,0.42,10.0,0.43,10.0,0.44,10.0,0.6,13.5,0.59,10.0,0.58,10.0,0.57,10.0,0.56,10.0,0.68,6.0,0.7,16.0,0.71,10.0,0.75,600.0,0.79,800.0,0.08,0.08,0.093931,1776170118000
1776170120.011,20.011,0.32,6.0,0.3,16.0,0.29,10.0,0.25,600.0,0.21,800.0,0.4,13.5,0.41,10.0,0.42,10.0,0.43,10.0,0.44,10.0,0.6,13.5,0.59,10.0,0.58,10.0,0.57,10.0,0.56,10.0,0.68,6.0,0.7,16.0,0.71,10.0,0.75,600.0,0.79,800.0,0.08,0.08,0.093923,1776170119000
1776170121.078,21.078,0.32,6.0,0.3,16.0,0.29,10.0,0.25,600.0,0.21,800.0,0.4,13.5,0.41,10.0,0.42,10.0,0.43,10.0,0.44,10.0,0.6,13.5,0.59,10.0,0.58,10.0,0.57,10.0,0.56,10.0,0.68,6.0,0.7,16.0,0.71,10.0,0.75,600.0,0.79,800.0,0.08,0.08,0.093922,1776170120000
1776170122.232,22.232,0.32,6.0,0.3,16.0,0.29,10.0,0.25,600.0,0.21,800.0,0.4,13.5,0.41,10.0,0.42,10.0,0.43,10.0,0.44,10.0,0.6,13.5,0.59,10.0,0.58,10.0,0.57,10.0,0.56,10.0,0.68,6.0,0.7,16.0,0.71,10.0,0.75,600.0,0.79,800.0,0.08,0.08,0.093922,1776170121000
1776170123.186,23.186,0.32,6.0,0.3,16.0,0.29,10.0,0.25,600.0,0.21,800.0,0.4,13.5,0.41,10.0,0.42,10.0,0.43,10.0,0.44,10.0,0.6,13.5,0.59,10.0,0.58,10.0,0.57,10.0,0.56,10.0,0.68,6.0,0.7,16.0,0.71,10.0,0.75,600.0,0.79,800.0,0.08,0.08,0.093922,1776170122000
1776170124.058,24.058,0.23,5.0,0.22,5.0,0.21,73.0,0.2,5.0,0.11,150.0,0.3,15.06,0.33,20.0,0.34,10.0,0.35,10.0,0.36,10.0,0.6,13.5,0.59,10.0,0.58,10.0,0.57,10.0,0.56,10.0,0.68,6.0,0.7,16.0,0.71,10.0,0.75,600.0,0.79,800.0,0.07,0.08,0.093922,1776170122000
1776170124.335,24.335,0.23,5.0,0.22,5.0,0.21,73.0,0.2,5.0,0.11,150.0,0.3,15.06,0.33,20.0,0.34,10.0,0.35,10.0,0.36,10.0,0.7,15.06,0.67,20.0,0.66,10.0,0.65,10.0,0.64,10.0,0.77,5.0,0.78,5.0,0.79,73.0,0.8,5.0,0.89,150.0,0.07,0.07,0.09392,1776170123000
1776170125.445,25.445,0.23,5.0,0.22,5.0,0.21,73.0,0.2,5.0,0.11,150.0,0.3,15.06,0.33,20.0,0.34,10.0,0.35,10.0,0.36,10.0,0.7,15.06,0.67,20.0,0.66,10.0,0.65,10.0,0.64,10.0,0.77,5.0,0.78,5.0,0.79,73.0,0.8,5.0,0.89,150.0,0.07,0.07,0.093918,1776170124000
1776170125.945,25.945,0.23,5.0,0.22,5.0,0.21,73.0,0.2,5.0,0.11,150.0,0.3,15.06,0.33,20.0,0.34,10.0,0.35,10.0,0.36,10.0,0.7,15.06,0.67,20.0,0.66,10.0,0.65,10.0,0.64,10.0,0.77,5.0,0.78,5.0,0.79,73.0,0.8,5.0,0.89,150.0,0.07,0.07,0.093918,1776170125000
1776170127.078,27.078,0.23,5.0,0.22,5.0,0.21,73.0,0.2,5.0,0.11,150.0,0.3,15.06,0.33,20.0,0.34,10.0,0.35,10.0,0.36,10.0,0.7,15.06,0.67,20.0,0.66,10.0,0.65,10.0,0.64,10.0,0.77,5.0,0.78,5.0,0.79,73.0,0.8,5.0,0.89,150.0,0.07,0.07,0.093918,1776170126000
1776170128.111,28.111,0.23,5.0,0.22,5.0,0.21,73.0,0.2,5.0,0.11,150.0,0.3,15.06,0.33,20.0,0.34,10.0,0.35,10.0,0.36,10.0,0.7,15.06,0.67,20.0,0.66,10.0,0.65,10.0,0.64,10.0,0.77,5.0,0.78,5.0,0.79,73.0,0.8,5.0,0.89,150.0,0.07,0.07,0.093918,1776170127000
1776170129.086,29.086,0.23,5.0,0.22,5.0,0.21,73.0,0.2,5.0,0.11,150.0,0.3,15.06,0.33,20.0,0.34,10.0,0.35,10.0,0.36,10.0,0.7,15.06,0.67,20.0,0.66,10.0,0.65,10.0,0.64,10.0,0.77,5.0,0.78,5.0,0.79,73.0,0.8,5.0,0.89,150.0,0.07,0.07,0.093918,1776170128000
1776170130.164,30.164,0.23,5.0,0.22,5.0,0.21,73.0,0.2,5.0,0.11,150.0,0.3,15.06,0.33,20.0,0.34,10.0,0.35,10.0,0.36,10.0,0.7,15.06,0.67,20.0,0.66,10.0,0.65,10.0,0.64,10.0,0.77,5.0,0.78,5.0,0.79,73.0,0.8,5.0,0.89,150.0,0.07,0.07,0.093904,1776170129000
1776170131.259,31.259,0.23,5.0,0.22,5.0,0.21,73.0,0.2,5.0,0.11,150.0,0.3,15.06,0.33,20.0,0.34,10.0,0.35,10.0,0.36,10.0,0.7,15.06,0.67,20.0,0.66,10.0,0.65,10.0,0.64,10.0,0.77,5.0,0.78,5.0,0.79,73.0,0.8,5.0,0.89,150.0,0.07,0.07,0.093905,1776170130000
1776170133.03,33.03,0.23,5.0,0.22,5.0,0.21,73.0,0.2,5.0,0.11,150.0,0.3,15.06,0.33,20.0,0.34,10.0,0.35,10.0,0.36,10.0,0.7,15.06,0.67,20.0,0.66,10.0,0.65,10.0,0.64,10.0,0.77,5.0,0.78,5.0,0.79,73.0,0.8,5.0,0.89,150.0,0.07,0.07,0.093928,1776170131000
1776170133.466,33.466,0.23,5.0,0.22,5.0,0.21,73.0,0.2,5.0,0.11,150.0,0.3,15.06,0.33,20.0,0.34,10.0,0.35,10.0,0.36,10.0,0.7,15.06,0.67,20.0,0.66,10.0,0.65,10.0,0.64,10.0,0.77,5.0,0.78,5.0,0.79,73.0,0.8,5.0,0.89,150.0,0.07,0.07,0.093937,1776170132000
1776170134.008,34.008,0.23,5.0,0.22,5.0,0.21,73.0,0.2,5.0,0.11,150.0,0.3,15.06,0.33,20.0,0.34,10.0,0.35,10.0,0.36,10.0,0.7,15.06,0.67,20.0,0.66,10.0,0.65,10.0,0.64,10.0,0.77,5.0,0.78,5.0,0.79,73.0,0.8,5.0,0.89,150.0,0.07,0.07,0.093948,1776170133000
1776170135.252,35.252,0.23,5.0,0.22,5.0,0.21,73.0,0.2,5.0,0.11,150.0,0.3,15.06,0.33,20.0,0.34,10.0,0.35,10.0,0.36,10.0,0.7,15.06,0.67,20.0,0.66,10.0,0.65,10.0,0.64,10.0,0.77,5.0,0.78,5.0,0.79,73.0,0.8,5.0,0.89,150.0,0.07,0.07,0.093961,1776170134000
1776170136.277,36.277,0.23,5.0,0.22,5.0,0.21,73.0,0.2,5.0,0.11,150.0,0.3,15.06,0.33,20.0,0.34,10.0,0.35,10.0,0.36,10.0,0.7,15.06,0.67,20.0,0.66,10.0,0.65,10.0,0.64,10.0,0.77,5.0,0.78,5.0,0.79,73.0,0.8,5.0,0.89,150.0,0.07,0.07,0.093937,1776170135000
1776170137.857,37.857,0.23,5.0,0.22,5.0,0.21,73.0,0.2,5.0,0.11,150.0,0.3,15.06,0.33,20.0,0.34,10.0,0.35,10.0,0.36,10.0,0.7,15.06,0.67,20.0,0.66,10.0,0.65,10.0,0.64,10.0,0.77,5.0,0.78,5.0,0.79,73.0,0.8,5.0,0.89,150.0,0.07,0.07,0.093929,1776170136000
1776170138.54,38.54,0.23,5.0,0.22,5.0,0.21,73.0,0.2,5.0,0.11,150.0,0.3,15.06,0.33,20.0,0.34,10.0,0.35,10.0,0.36,10.0,0.7,15.06,0.67,20.0,0.66,10.0,0.65,10.0,0.64,10.0,0.77,5.0,0.78,5.0,0.79,73.0,0.8,5.0,0.89,150.0,0.07,0.07,0.093934,1776170137000
1776170139.065,39.065,0.23,5.0,0.22,5.0,0.21,73.0,0.2,5.0,0.11,150.0,0.3,15.06,0.33,20.0,0.34,10.0,0.35,10.0,0.36,10.0,0.7,15.06,0.67,20.0,0.66,10.0,0.65,10.0,0.64,10.0,0.77,5.0,0.78,5.0,0.79,73.0,0.8,5.0,0.89,150.0,0.07,0.07,0.093935,1776170138000
1776170140.237,40.237,0.23,5.0,0.22,5.0,0.21,73.0,0.2,5.0,0.11,150.0,0.3,15.06,0.33,20.0,0.34,10.0,0.35,10.0,0.36,10.0,0.7,15.06,0.67,20.0,0.66,10.0,0.65,10.0,0.64,10.0,0.77,5.0,0.78,5.0,0.79,73.0,0.8,5.0,0.89,150.0,0.07,0.07,0.093935,1776170139000
1776170141.381,41.381,0.23,5.0,0.22,5.0,0.21,73.0,0.2,5.0,0.11,150.0,0.3,15.06,0.33,20.0,0.34,10.0,0.35,10.0,0.36,10.0,0.7,15.06,0.67,20.0,0.66,10.0,0.65,10.0,0.64,10.0,0.77,5.0,0.78,5.0,0.79,73.0,0.8,5.0,0.89,150.0,0.07,0.07,0.093935,1776170140000
1776170141.931,41.931,0.23,5.0,0.22,5.0,0.21,73.0,0.2,5.0,0.11,150.0,0.3,15.06,0.33,20.0,0.34,10.0,0.35,10.0,0.36,10.0,0.7,15.06,0.67,20.0,0.66,10.0,0.65,10.0,0.64,10.0,0.77,5.0,0.78,5.0,0.79,73.0,0.8,5.0,0.89,150.0,0.07,0.07,0.093935,1776170141000
1776170143.15,43.15,0.23,5.0,0.22,5.0,0.21,73.0,0.2,5.0,0.11,150.0,0.3,15.06,0.33,20.0,0.34,10.0,0.35,10.0,0.36,10.0,0.7,15.06,0.67,20.0,0.66,10.0,0.65,10.0,0.64,10.0,0.77,5.0,0.78,5.0,0.79,73.0,0.8,5.0,0.89,150.0,0.07,0.07,0.093935,1776170142000
1776170144.208,44.208,0.23,5.0,0.22,5.0,0.21,73.0,0.2,5.0,0.11,150.0,0.3,15.06,0.33,20.0,0.34,10.0,0.35,10.0,0.36,10.0,0.7,15.06,0.67,20.0,0.66,10.0,0.65,10.0,0.64,10.0,0.77,5.0,0.78,5.0,0.79,73.0,0.8,5.0,0.89,150.0,0.07,0.07,0.093928,1776170143000
1776170145.328,45.328,0.23,5.0,0.22,5.0,0.21,73.0,0.2,5.0,0.11,150.0,0.3,15.06,0.33,20.0,0.34,10.0,0.35,10.0,0.36,10.0,0.7,15.06,0.67,20.0,0.66,10.0,0.65,10.0,0.64,10.0,0.77,5.0,0.78,5.0,0.79,73.0,0.8,5.0,0.89,150.0,0.07,0.07,0.093925,1776170144000
1776170145.966,45.966,0.23,5.0,0.22,5.0,0.21,73.0,0.2,5.0,0.11,150.0,0.3,15.06,0.33,20.0,0.34,10.0,0.35,10.0,0.36,10.0,0.7,15.06,0.67,20.0,0.66,10.0,0.65,10.0,0.64,10.0,0.77,5.0,0.78,5.0,0.79,73.0,0.8,5.0,0.89,150.0,0.07,0.07,0.093925,1776170145000
1776170147.075,47.075,0.23,5.0,0.22,5.0,0.21,73.0,0.2,5.0,0.11,150.0,0.3,15.06,0.33,20.0,0.34,10.0,0.35,10.0,0.36,10.0,0.7,15.06,0.67,20.0,0.66,10.0,0.65,10.0,0.64,10.0,0.77,5.0,0.78,5.0,0.79,73.0,0.8,5.0,0.89,150.0,0.07,0.07,0.093925,1776170146000
1776170148.1,48.1,0.23,5.0,0.22,5.0,0.21,73.0,0.2,5.0,0.11,150.0,0.3,15.06,0.33,20.0,0.34,10.0,0.35,10.0,0.36,10.0,0.7,15.06,0.67,20.0,0.66,10.0,0.65,10.0,0.64,10.0,0.77,5.0,0.78,5.0,0.79,73.0,0.8,5.0,0.89,150.0,0.07,0.07,0.093925,1776170147000
1776170149.051,49.051,0.23,5.0,0.22,5.0,0.21,73.0,0.2,5.0,0.11,150.0,0.3,15.06,0.33,20.0,0.34,10.0,0.35,10.0,0.36,10.0,0.7,15.06,0.67,20.0,0.66,10.0,0.65,10.0,0.64,10.0,0.77,5.0,0.78,5.0,0.79,73.0,0.8,5.0,0.89,150.0,0.07,0.07,0.093924,1776170148000
1776170149.997,49.997,0.23,5.0,0.22,5.0,0.21,73.0,0.2,5.0,0.11,150.0,0.3,15.06,0.33,20.0,0.34,10.0,0.35,10.0,0.36,10.0,0.7,15.06,0.67,20.0,0.66,10.0,0.65,10.0,0.64,10.0,0.77,5.0,0.78,5.0,0.79,73.0,0.8,5.0,0.89,150.0,0.07,0.07,0.093925,1776170149000
1776170150.332,50.332,0.26,5.0,0.24,19.3,0.23,14.7,0.22,15.2,0.21,65.7,0.36,22.06,0.37,10.0,0.38,25.0,0.39,10.0,0.4,10.0,0.7,15.06,0.67,20.0,0.66,10.0,0.65,10.0,0.64,10.0,0.77,5.0,0.78,5.0,0.79,73.0,0.8,5.0,0.89,150.0,0.1,0.07,0.093925,1776170149000
1776170150.935,50.935,0.26,5.0,0.24,19.3,0.23,14.7,0.22,15.2,0.21,65.7,0.36,22.06,0.37,10.0,0.38,25.0,0.39,10.0,0.4,10.0,0.64,22.06,0.63,10.0,0.62,25.0,0.61,10.0,0.6,10.0,0.74,5.0,0.76,19.3,0.77,14.7,0.78,15.2,0.79,65.7,0.1,0.1,0.093924,1776170150000
1776170151.919,51.919,0.26,5.0,0.24,19.3,0.23,14.7,0.22,15.2,0.21,65.7,0.36,22.06,0.37,10.0,0.38,25.0,0.39,10.0,0.4,10.0,0.64,22.06,0.63,10.0,0.62,25.0,0.61,10.0,0.6,10.0,0.74,5.0,0.76,19.3,0.77,14.7,0.78,15.2,0.79,65.7,0.1,0.1,0.093924,1776170151000
1776170152.903,52.903,0.26,5.0,0.24,19.3,0.23,14.7,0.22,15.2,0.21,65.7,0.36,22.06,0.37,10.0,0.38,25.0,0.39,10.0,0.4,10.0,0.64,22.06,0.63,10.0,0.62,25.0,0.61,10.0,0.6,10.0,0.74,5.0,0.76,19.3,0.77,14.7,0.78,15.2,0.79,65.7,0.1,0.1,0.093924,1776170152000
1776170153.884,53.884,0.26,5.0,0.24,19.3,0.23,14.7,0.22,15.2,0.21,65.7,0.36,22.06,0.37,10.0,0.38,25.0,0.39,10.0,0.4,10.0,0.64,22.06,0.63,10.0,0.62,25.0,0.61,10.0,0.6,10.0,0.74,5.0,0.76,19.3,0.77,14.7,0.78,15.2,0.79,65.7,0.1,0.1,0.093923,1776170153000
1776170154.861,54.861,0.26,5.0,0.24,19.3,0.23,14.7,0.22,15.2,0.21,65.7,0.36,22.06,0.37,10.0,0.38,25.0,0.39,10.0,0.4,10.0,0.64,22.06,0.63,10.0,0.62,25.0,0.61,10.0,0.6,10.0,0.74,5.0,0.76,19.3,0.77,14.7,0.78,15.2,0.79,65.7,0.1,0.1,0.09392,1776170154000
1776170156.265,56.265,0.26,5.0,0.24,19.3,0.23,14.7,0.22,15.2,0.21,65.7,0.36,22.06,0.37,10.0,0.38,25.0,0.39,10.0,0.4,10.0,0.64,22.06,0.63,10.0,0.62,25.0,0.61,10.0,0.6,10.0,0.74,5.0,0.76,19.3,0.77,14.7,0.78,15.2,0.79,65.7,0.1,0.1,0.093921,1776170155000
1776170157.237,57.237,0.26,5.0,0.24,19.3,0.23,14.7,0.22,15.2,0.21,65.7,0.36,22.06,0.37,10.0,0.38,25.0,0.39,10.0,0.4,10.0,0.64,22.06,0.63,10.0,0.62,25.0,0.61,10.0,0.6,10.0,0.74,5.0,0.76,19.3,0.77,14.7,0.78,15.2,0.79,65.7,0.1,0.1,0.093921,1776170156000
1776170158.173,58.173,0.26,5.0,0.24,19.3,0.23,14.7,0.22,15.2,0.21,65.7,0.36,22.06,0.37,10.0,0.38,25.0,0.39,10.0,0.4,10.0,0.64,22.06,0.63,10.0,0.62,25.0,0.61,10.0,0.6,10.0,0.74,5.0,0.76,19.3,0.77,14.7,0.78,15.2,0.79,65.7,0.1,0.1,0.093926,1776170157000
1776170159.165,59.165,0.26,5.0,0.24,19.3,0.23,14.7,0.22,15.2,0.21,65.7,0.36,22.06,0.37,10.0,0.38,25.0,0.39,10.0,0.4,10.0,0.64,22.06,0.63,10.0,0.62,25.0,0.61,10.0,0.6,10.0,0.74,5.0,0.76,19.3,0.77,14.7,0.78,15.2,0.79,65.7,0.1,0.1,0.093927,1776170158000
1776170160.72,60.72,0.26,5.0,0.24,19.3,0.23,14.7,0.22,15.2,0.21,65.7,0.36,22.06,0.37,10.0,0.38,25.0,0.39,10.0,0.4,10.0,0.64,22.06,0.63,10.0,0.62,25.0,0.61,10.0,0.6,10.0,0.74,5.0,0.76,19.3,0.77,14.7,0.78,15.2,0.79,65.7,0.1,0.1,0.093931,1776170159000
1776170161.441,61.441,0.26,5.0,0.24,19.3,0.23,14.7,0.22,15.2,0.21,65.7,0.36,22.06,0.37,10.0,0.38,25.0,0.39,10.0,0.4,10.0,0.64,22.06,0.63,10.0,0.62,25.0,0.61,10.0,0.6,10.0,0.74,5.0,0.76,19.3,0.77,14.7,0.78,15.2,0.79,65.7,0.1,0.1,0.093928,1776170160000
1776170162.188,62.188,0.26,5.0,0.24,19.3,0.23,14.7,0.22,15.2,0.21,65.7,0.36,22.06,0.37,10.0,0.38,25.0,0.39,10.0,0.4,10.0,0.64,22.06,0.63,10.0,0.62,25.0,0.61,10.0,0.6,10.0,0.74,5.0,0.76,19.3,0.77,14.7,0.78,15.2,0.79,65.7,0.1,0.1,0.093931,1776170161000
1776170163.365,63.365,0.26,5.0,0.24,19.3,0.23,14.7,0.22,15.2,0.21,65.7,0.36,22.06,0.37,10.0,0.38,25.0,0.39,10.0,0.4,10.0,0.64,22.06,0.63,10.0,0.62,25.0,0.61,10.0,0.6,10.0,0.74,5.0,0.76,19.3,0.77,14.7,0.78,15.2,0.79,65.7,0.1,0.1,0.093928,1776170162000
1776170164.078,64.078,0.26,5.0,0.24,19.3,0.23,14.7,0.22,15.2,0.21,65.7,0.36,22.06,0.37,10.0,0.38,25.0,0.39,10.0,0.4,10.0,0.64,22.06,0.63,10.0,0.62,25.0,0.61,10.0,0.6,10.0,0.74,5.0,0.76,19.3,0.77,14.7,0.78,15.2,0.79,65.7,0.1,0.1,0.09393,1776170163000
1776170165.144,65.144,0.26,5.0,0.24,19.3,0.23,14.7,0.22,15.2,0.21,65.7,0.36,22.06,0.37,10.0,0.38,25.0,0.39,10.0,0.4,10.0,0.64,22.06,0.63,10.0,0.62,25.0,0.61,10.0,0.6,10.0,0.74,5.0,0.76,19.3,0.77,14.7,0.78,15.2,0.79,65.7,0.1,0.1,0.093931,1776170164000
1776170166.302,66.302,0.26,5.0,0.24,19.3,0.23,14.7,0.22,15.2,0.21,65.7,0.36,22.06,0.37,10.0,0.38,25.0,0.39,10.0,0.4,10.0,0.64,22.06,0.63,10.0,0.62,25.0,0.61,10.0,0.6,10.0,0.74,5.0,0.76,19.3,0.77,14.7,0.78,15.2,0.79,65.7,0.1,0.1,0.093928,1776170165000
1776170167.406,67.406,0.26,5.0,0.24,19.3,0.23,14.7,0.22,15.2,0.21,65.7,0.36,22.06,0.37,10.0,0.38,25.0,0.39,10.0,0.4,10.0,0.64,22.06,0.63,10.0,0.62,25.0,0.61,10.0,0.6,10.0,0.74,5.0,0.76,19.3,0.77,14.7,0.78,15.2,0.79,65.7,0.1,0.1,0.093928,1776170166000
1776170167.93,67.93,0.26,5.0,0.24,19.3,0.23,14.7,0.22,15.2,0.21,65.7,0.36,22.06,0.37,10.0,0.38,25.0,0.39,10.0,0.4,10.0,0.64,22.06,0.63,10.0,0.62,25.0,0.61,10.0,0.6,10.0,0.74,5.0,0.76,19.3,0.77,14.7,0.78,15.2,0.79,65.7,0.1,0.1,0.093929,1776170167000
1776170169.137,69.137,0.26,5.0,0.24,19.3,0.23,14.7,0.22,15.2,0.21,65.7,0.36,22.06,0.37,10.0,0.38,25.0,0.39,10.0,0.4,10.0,0.64,22.06,0.63,10.0,0.62,25.0,0.61,10.0,0.6,10.0,0.74,5.0,0.76,19.3,0.77,14.7,0.78,15.2,0.79,65.7,0.1,0.1,0.093928,1776170168000
1776170170.331,70.331,0.3,10.97,0.29,12.6,0.28,12.9,0.27,13.2,0.26,13.5,0.35,15.06,0.37,10.0,0.38,13.0,0.45,20.5,0.46,10.5,0.64,22.06,0.63,10.0,0.62,25.0,0.61,10.0,0.6,10.0,0.74,5.0,0.76,19.3,0.77,14.7,0.78,15.2,0.79,65.7,0.05,0.1,0.093928,1776170168000
1776170170.885,70.885,0.3,10.97,0.29,12.6,0.28,12.9,0.27,13.2,0.26,13.5,0.35,15.06,0.37,10.0,0.38,13.0,0.45,20.5,0.46,10.5,0.65,15.06,0.63,10.0,0.62,13.0,0.55,20.5,0.54,10.5,0.7,10.97,0.71,12.6,0.72,12.9,0.73,13.2,0.74,13.5,0.05,0.05,0.09393,1776170170000
1776170172.038,72.038,0.3,10.97,0.29,12.6,0.28,12.9,0.27,13.2,0.26,13.5,0.35,15.06,0.37,10.0,0.38,13.0,0.45,20.5,0.46,10.5,0.65,15.06,0.63,10.0,0.62,13.0,0.55,20.5,0.54,10.5,0.7,10.97,0.71,12.6,0.72,12.9,0.73,13.2,0.74,13.5,0.05,0.05,0.093931,1776170171000
1776170173.185,73.185,0.3,10.97,0.29,12.6,0.28,12.9,0.27,13.2,0.26,13.5,0.35,15.06,0.37,10.0,0.38,13.0,0.45,20.5,0.46,10.5,0.65,15.06,0.63,10.0,0.62,13.0,0.55,20.5,0.54,10.5,0.7,10.97,0.71,12.6,0.72,12.9,0.73,13.2,0.74,13.5,0.05,0.05,0.093931,1776170172000
1776170174.266,74.266,0.3,10.97,0.29,12.6,0.28,12.9,0.27,13.2,0.26,13.5,0.35,15.06,0.37,10.0,0.38,13.0,0.45,20.5,0.46,10.5,0.65,15.06,0.63,10.0,0.62,13.0,0.55,20.5,0.54,10.5,0.7,10.97,0.71,12.6,0.72,12.9,0.73,13.2,0.74,13.5,0.05,0.05,0.093931,1776170173000
1776170175.903,75.903,0.3,10.97,0.29,12.6,0.28,12.9,0.27,13.2,0.26,13.5,0.35,15.06,0.37,10.0,0.38,13.0,0.45,20.5,0.46,10.5,0.65,15.06,0.63,10.0,0.62,13.0,0.55,20.5,0.54,10.5,0.7,10.97,0.71,12.6,0.72,12.9,0.73,13.2,0.74,13.5,0.05,0.05,0.093922,1776170174000
1776170176.925,76.925,0.3,10.97,0.29,12.6,0.28,12.9,0.27,13.2,0.26,13.5,0.35,15.06,0.37,10.0,0.38,13.0,0.45,20.5,0.46,10.5,0.65,15.06,0.63,10.0,0.62,13.0,0.55,20.5,0.54,10.5,0.7,10.97,0.71,12.6,0.72,12.9,0.73,13.2,0.74,13.5,0.05,0.05,0.093921,1776170175000
1776170177.711,77.711,0.3,10.97,0.29,12.6,0.28,12.9,0.27,13.2,0.26,13.5,0.35,15.06,0.37,10.0,0.38,13.0,0.45,20.5,0.46,10.5,0.65,15.06,0.63,10.0,0.62,13.0,0.55,20.5,0.54,10.5,0.7,10.97,0.71,12.6,0.72,12.9,0.73,13.2,0.74,13.5,0.05,0.05,0.093919,1776170176000
1776170178.55,78.55,0.3,10.97,0.29,12.6,0.28,12.9,0.27,13.2,0.26,13.5,0.35,15.06,0.37,10.0,0.38,13.0,0.45,20.5,0.46,10.5,0.65,15.06,0.63,10.0,0.62,13.0,0.55,20.5,0.54,10.5,0.7,10.97,0.71,12.6,0.72,12.9,0.73,13.2,0.74,13.5,0.05,0.05,0.093919,1776170177000
1776170179.249,79.249,0.3,10.97,0.29,12.6,0.28,12.9,0.27,13.2,0.26,13.5,0.35,15.06,0.37,10.0,0.38,13.0,0.45,20.5,0.46,10.5,0.65,15.06,0.63,10.0,0.62,13.0,0.55,20.5,0.54,10.5,0.7,10.97,0.71,12.6,0.72,12.9,0.73,13.2,0.74,13.5,0.05,0.05,0.093918,1776170178000
1776170180.466,80.466,0.3,10.97,0.29,12.6,0.28,12.9,0.27,13.2,0.26,13.5,0.35,15.06,0.37,10.0,0.38,13.0,0.45,20.5,0.46,10.5,0.65,15.06,0.63,10.0,0.62,13.0,0.55,20.5,0.54,10.5,0.7,10.97,0.71,12.6,0.72,12.9,0.73,13.2,0.74,13.5,0.05,0.05,0.093918,1776170179000
1776170181.099,81.099,0.3,10.97,0.29,12.6,0.28,12.9,0.27,13.2,0.26,13.5,0.35,15.06,0.37,10.0,0.38,13.0,0.45,20.5,0.46,10.5,0.65,15.06,0.63,10.0,0.62,13.0,0.55,20.5,0.54,10.5,0.7,10.97,0.71,12.6,0.72,12.9,0.73,13.2,0.74,13.5,0.05,0.05,0.093918,1776170180000
1776170182.535,82.535,0.3,10.97,0.29,12.6,0.28,12.9,0.27,13.2,0.26,13.5,0.35,15.06,0.37,10.0,0.38,13.0,0.45,20.5,0.46,10.5,0.65,15.06,0.63,10.0,0.62,13.0,0.55,20.5,0.54,10.5,0.7,10.97,0.71,12.6,0.72,12.9,0.73,13.2,0.74,13.5,0.05,0.05,0.093914,1776170181000
1776170183.322,83.322,0.3,10.97,0.29,12.6,0.28,12.9,0.27,13.2,0.26,13.5,0.35,15.06,0.37,10.0,0.38,13.0,0.45,20.5,0.46,10.5,0.65,15.06,0.63,10.0,0.62,13.0,0.55,20.5,0.54,10.5,0.7,10.97,0.71,12.6,0.72,12.9,0.73,13.2,0.74,13.5,0.05,0.05,0.093911,1776170182000
1776170183.711,83.711,0.25,13.9,0.24,14.3,0.23,14.7,0.22,15.2,0.21,20.7,0.29,10.06,0.32,17.0,0.33,10.0,0.34,20.0,0.35,32.0,0.65,15.06,0.63,10.0,0.62,13.0,0.55,20.5,0.54,10.5,0.7,10.97,0.71,12.6,0.72,12.9,0.73,13.2,0.74,13.5,0.04,0.05,0.093911,1776170182000
1776170184.022,84.022,0.25,13.9,0.24,14.3,0.23,14.7,0.22,15.2,0.21,20.7,0.29,10.06,0.32,17.0,0.33,10.0,0.34,20.0,0.35,32.0,0.71,10.06,0.68,17.0,0.67,10.0,0.66,20.0,0.65,32.0,0.75,13.9,0.76,14.3,0.77,14.7,0.78,15.2,0.79,20.7,0.04,0.04,0.093911,1776170183000
1776170185.44,85.44,0.25,13.9,0.24,14.3,0.23,14.7,0.22,15.2,0.21,20.7,0.29,10.06,0.32,17.0,0.33,10.0,0.34,20.0,0.35,32.0,0.71,10.06,0.68,17.0,0.67,10.0,0.66,20.0,0.65,32.0,0.75,13.9,0.76,14.3,0.77,14.7,0.78,15.2,0.79,20.7,0.04,0.04,0.093911,1776170184000
1776170186.245,86.245,0.25,13.9,0.24,14.3,0.23,14.7,0.22,15.2,0.21,20.7,0.29,10.06,0.32,17.0,0.33,10.0,0.34,20.0,0.35,32.0,0.71,10.06,0.68,17.0,0.67,10.0,0.66,20.0,0.65,32.0,0.75,13.9,0.76,14.3,0.77,14.7,0.78,15.2,0.79,20.7,0.04,0.04,0.093921,1776170185000
1776170187.45,87.45,0.25,13.9,0.24,14.3,0.23,14.7,0.22,15.2,0.21,20.7,0.29,10.06,0.32,17.0,0.33,10.0,0.34,20.0,0.35,32.0,0.71,10.06,0.68,17.0,0.67,10.0,0.66,20.0,0.65,32.0,0.75,13.9,0.76,14.3,0.77,14.7,0.78,15.2,0.79,20.7,0.04,0.04,0.09392,1776170186000
1776170188.188,88.188,0.25,13.9,0.24,14.3,0.23,14.7,0.22,15.2,0.21,20.7,0.29,10.06,0.32,17.0,0.33,10.0,0.34,20.0,0.35,32.0,0.71,10.06,0.68,17.0,0.67,10.0,0.66,20.0,0.65,32.0,0.75,13.9,0.76,14.3,0.77,14.7,0.78,15.2,0.79,20.7,0.04,0.04,0.09392,1776170187000
1776170189.644,89.644,0.25,13.9,0.24,14.3,0.23,14.7,0.22,15.2,0.21,20.7,0.29,10.06,0.32,17.0,0.33,10.0,0.34,20.0,0.35,32.0,0.71,10.06,0.68,17.0,0.67,10.0,0.66,20.0,0.65,32.0,0.75,13.9,0.76,14.3,0.77,14.7,0.78,15.2,0.79,20.7,0.04,0.04,0.09392,1776170188000
1776170190.343,90.343,0.25,13.9,0.24,14.3,0.23,14.7,0.22,15.2,0.21,20.7,0.29,10.06,0.32,17.0,0.33,10.0,0.34,20.0,0.35,32.0,0.71,10.06,0.68,17.0,0.67,10.0,0.66,20.0,0.65,32.0,0.75,13.9,0.76,14.3,0.77,14.7,0.78,15.2,0.79,20.7,0.04,0.04,0.09392,1776170189000
1776170190.911,90.911,0.25,13.9,0.24,14.3,0.23,14.7,0.22,15.2,0.21,20.7,0.29,10.06,0.32,17.0,0.33,10.0,0.34,20.0,0.35,32.0,0.71,10.06,0.68,17.0,0.67,10.0,0.66,20.0,0.65,32.0,0.75,13.9,0.76,14.3,0.77,14.7,0.78,15.2,0.79,20.7,0.04,0.04,0.093919,1776170190000
1776170192.334,92.334,0.25,13.9,0.24,14.3,0.23,14.7,0.22,15.2,0.21,20.7,0.29,10.06,0.32,17.0,0.33,10.0,0.34,20.0,0.35,32.0,0.71,10.06,0.68,17.0,0.67,10.0,0.66,20.0,0.65,32.0,0.75,13.9,0.76,14.3,0.77,14.7,0.78,15.2,0.79,20.7,0.04,0.04,0.093919,1776170191000
1776170192.994,92.994,0.25,13.9,0.24,14.3,0.23,14.7,0.22,15.2,0.21,20.7,0.29,10.06,0.32,17.0,0.33,10.0,0.34,20.0,0.35,32.0,0.71,10.06,0.68,17.0,0.67,10.0,0.66,20.0,0.65,32.0,0.75,13.9,0.76,14.3,0.77,14.7,0.78,15.2,0.79,20.7,0.04,0.04,0.093919,1776170192000
1776170194.476,94.476,0.25,13.9,0.24,14.3,0.23,14.7,0.22,15.2,0.21,20.7,0.29,10.06,0.32,17.0,0.33,10.0,0.34,20.0,0.35,32.0,0.71,10.06,0.68,17.0,0.67,10.0,0.66,20.0,0.65,32.0,0.75,13.9,0.76,14.3,0.77,14.7,0.78,15.2,0.79,20.7,0.04,0.04,0.093919,1776170193000
1776170195.045,95.045,0.25,13.9,0.24,14.3,0.23,14.7,0.22,15.2,0.21,20.7,0.29,10.06,0.32,17.0,0.33,10.0,0.34,20.0,0.35,32.0,0.71,10.06,0.68,17.0,0.67,10.0,0.66,20.0,0.65,32.0,0.75,13.9,0.76,14.3,0.77,14.7,0.78,15.2,0.79,20.7,0.04,0.04,0.093919,1776170194000
1776170196.032,96.032,0.25,13.9,0.24,14.3,0.23,14.7,0.22,15.2,0.21,20.7,0.29,10.06,0.32,17.0,0.33,10.0,0.34,20.0,0.35,32.0,0.71,10.06,0.68,17.0,0.67,10.0,0.66,20.0,0.65,32.0,0.75,13.9,0.76,14.3,0.77,14.7,0.78,15.2,0.79,20.7,0.04,0.04,0.093919,1776170195000
1776170197.007,97.007,0.25,13.9,0.24,14.3,0.23,14.7,0.22,15.2,0.21,20.7,0.29,10.06,0.32,17.0,0.33,10.0,0.34,20.0,0.35,32.0,0.71,10.06,0.68,17.0,0.67,10.0,0.66,20.0,0.65,32.0,0.75,13.9,0.76,14.3,0.77,14.7,0.78,15.2,0.79,20.7,0.04,0.04,0.093919,1776170196000
1776170197.957,97.957,0.25,13.9,0.24,14.3,0.23,14.7,0.22,15.2,0.21,20.7,0.29,10.06,0.32,17.0,0.33,10.0,0.34,20.0,0.35,32.0,0.71,10.06,0.68,17.0,0.67,10.0,0.66,20.0,0.65,32.0,0.75,13.9,0.76,14.3,0.77,14.7,0.78,15.2,0.79,20.7,0.04,0.04,0.093919,1776170197000
1776170198.313,98.313,0.26,13.5,0.25,13.9,0.24,14.3,0.23,19.7,0.22,20.2,0.34,5.0,0.35,27.0,0.36,22.0,0.37,20.0,0.38,10.0,0.71,10.06,0.68,17.0,0.67,10.0,0.66,20.0,0.65,32.0,0.75,13.9,0.76,14.3,0.77,14.7,0.78,15.2,0.79,20.7,0.08,0.04,0.093919,1776170197000
1776170199.029,99.029,0.26,13.5,0.25,13.9,0.24,14.3,0.23,19.7,0.22,20.2,0.34,5.0,0.35,27.0,0.36,22.0,0.37,20.0,0.38,10.0,0.66,5.0,0.65,27.0,0.64,22.0,0.63,20.0,0.62,10.0,0.74,13.5,0.75,13.9,0.76,14.3,0.77,19.7,0.78,20.2,0.08,0.08,0.093919,1776170198000
1776170199.911,99.911,0.26,13.5,0.25,13.9,0.24,14.3,0.23,19.7,0.22,20.2,0.34,5.0,0.35,27.0,0.36,22.0,0.37,20.0,0.38,10.0,0.66,5.0,0.65,27.0,0.64,22.0,0.63,20.0,0.62,10.0,0.74,13.5,0.75,13.9,0.76,14.3,0.77,19.7,0.78,20.2,0.08,0.08,0.093919,1776170199000
1776170200.875,100.875,0.26,13.5,0.25,13.9,0.24,14.3,0.23,19.7,0.22,20.2,0.34,5.0,0.35,27.0,0.36,22.0,0.37,20.0,0.38,10.0,0.66,5.0,0.65,27.0,0.64,22.0,0.63,20.0,0.62,10.0,0.74,13.5,0.75,13.9,0.76,14.3,0.77,19.7,0.78,20.2,0.08,0.08,0.093927,1776170200000
1776170202.015,102.015,0.26,13.5,0.25,13.9,0.24,14.3,0.23,19.7,0.22,20.2,0.34,5.0,0.35,27.0,0.36,22.0,0.37,20.0,0.38,10.0,0.66,5.0,0.65,27.0,0.64,22.0,0.63,20.0,0.62,10.0,0.74,13.5,0.75,13.9,0.76,14.3,0.77,19.7,0.78,20.2,0.08,0.08,0.093931,1776170201000
1776170202.97,102.97,0.26,13.5,0.25,13.9,0.24,14.3,0.23,19.7,0.22,20.2,0.34,5.0,0.35,27.0,0.36,22.0,0.37,20.0,0.38,10.0,0.66,5.0,0.65,27.0,0.64,22.0,0.63,20.0,0.62,10.0,0.74,13.5,0.75,13.9,0.76,14.3,0.77,19.7,0.78,20.2,0.08,0.08,0.093931,1776170202000
1776170203.867,103.867,0.26,13.5,0.25,13.9,0.24,14.3,0.23,19.7,0.22,20.2,0.34,5.0,0.35,27.0,0.36,22.0,0.37,20.0,0.38,10.0,0.66,5.0,0.65,27.0,0.64,22.0,0.63,20.0,0.62,10.0,0.74,13.5,0.75,13.9,0.76,14.3,0.77,19.7,0.78,20.2,0.08,0.08,0.093931,1776170203000
1776170204.919,104.919,0.26,13.5,0.25,13.9,0.24,14.3,0.23,19.7,0.22,20.2,0.34,5.0,0.35,27.0,0.36,22.0,0.37,20.0,0.38,10.0,0.66,5.0,0.65,27.0,0.64,22.0,0.63,20.0,0.62,10.0,0.74,13.5,0.75,13.9,0.76,14.3,0.77,19.7,0.78,20.2,0.08,0.08,0.093931,1776170204000
1776170205.897,105.897,0.26,13.5,0.25,13.9,0.24,14.3,0.23,19.7,0.22,20.2,0.34,5.0,0.35,27.0,0.36,22.0,0.37,20.0,0.38,10.0,0.66,5.0,0.65,27.0,0.64,22.0,0.63,20.0,0.62,10.0,0.74,13.5,0.75,13.9,0.76,14.3,0.77,19.7,0.78,20.2,0.08,0.08,0.093931,1776170205000
1776170207.456,107.456,0.26,13.5,0.25,13.9,0.24,14.3,0.23,19.7,0.22,20.2,0.34,5.0,0.35,27.0,0.36,22.0,0.37,20.0,0.38,10.0,0.66,5.0,0.65,27.0,0.64,22.0,0.63,20.0,0.62,10.0,0.74,13.5,0.75,13.9,0.76,14.3,0.77,19.7,0.78,20.2,0.08,0.08,0.093949,1776170206000
1776170207.99,107.99,0.26,13.5,0.25,13.9,0.24,14.3,0.23,19.7,0.22,20.2,0.34,5.0,0.35,27.0,0.36,22.0,0.37,20.0,0.38,10.0,0.66,5.0,0.65,27.0,0.64,22.0,0.63,20.0,0.62,10.0,0.74,13.5,0.75,13.9,0.76,14.3,0.77,19.7,0.78,20.2,0.08,0.08,0.093946,1776170207000
1776170209.084,109.084,0.26,13.5,0.25,13.9,0.24,14.3,0.23,19.7,0.22,20.2,0.34,5.0,0.35,27.0,0.36,22.0,0.37,20.0,0.38,10.0,0.66,5.0,0.65,27.0,0.64,22.0,0.63,20.0,0.62,10.0,0.74,13.5,0.75,13.9,0.76,14.3,0.77,19.7,0.78,20.2,0.08,0.08,0.093946,1776170208000
1776170210.067,110.067,0.26,13.5,0.25,13.9,0.24,14.3,0.23,19.7,0.22,20.2,0.34,5.0,0.35,27.0,0.36,22.0,0.37,20.0,0.38,10.0,0.66,5.0,0.65,27.0,0.64,22.0,0.63,20.0,0.62,10.0,0.74,13.5,0.75,13.9,0.76,14.3,0.77,19.7,0.78,20.2,0.08,0.08,0.093955,1776170209000
1776170211.051,111.051,0.26,13.5,0.25,13.9,0.24,14.3,0.23,19.7,0.22,20.2,0.34,5.0,0.35,27.0,0.36,22.0,0.37,20.0,0.38,10.0,0.66,5.0,0.65,27.0,0.64,22.0,0.63,20.0,0.62,10.0,0.74,13.5,0.75,13.9,0.76,14.3,0.77,19.7,0.78,20.2,0.08,0.08,0.093955,1776170210000
1776170212.072,112.072,0.26,13.5,0.25,13.9,0.24,14.3,0.23,19.7,0.22,20.2,0.34,5.0,0.35,27.0,0.36,22.0,0.37,20.0,0.38,10.0,0.66,5.0,0.65,27.0,0.64,22.0,0.63,20.0,0.62,10.0,0.74,13.5,0.75,13.9,0.76,14.3,0.77,19.7,0.78,20.2,0.08,0.08,0.093983,1776170211000
1776170213.129,113.129,0.26,13.5,0.25,13.9,0.24,14.3,0.23,19.7,0.22,20.2,0.34,5.0,0.35,27.0,0.36,22.0,0.37,20.0,0.38,10.0,0.66,5.0,0.65,27.0,0.64,22.0,0.63,20.0,0.62,10.0,0.74,13.5,0.75,13.9,0.76,14.3,0.77,19.7,0.78,20.2,0.08,0.08,0.093987,1776170212000
1776170214.128,114.128,0.26,13.5,0.25,13.9,0.24,14.3,0.23,19.7,0.22,20.2,0.34,5.0,0.35,27.0,0.36,22.0,0.37,20.0,0.38,10.0,0.66,5.0,0.65,27.0,0.64,22.0,0.63,20.0,0.62,10.0,0.74,13.5,0.75,13.9,0.76,14.3,0.77,19.7,0.78,20.2,0.08,0.08,0.093987,1776170213000
1776170215.288,115.288,0.26,13.5,0.25,13.9,0.24,14.3,0.23,19.7,0.22,20.2,0.34,5.0,0.35,27.0,0.36,22.0,0.37,20.0,0.38,10.0,0.66,5.0,0.65,27.0,0.64,22.0,0.63,20.0,0.62,10.0,0.74,13.5,0.75,13.9,0.76,14.3,0.77,19.7,0.78,20.2,0.08,0.08,0.093986,1776170214000
1776170216.259,116.259,0.26,13.5,0.25,13.9,0.24,14.3,0.23,19.7,0.22,20.2,0.34,5.0,0.35,27.0,0.36,22.0,0.37,20.0,0.38,10.0,0.66,5.0,0.65,27.0,0.64,22.0,0.63,20.0,0.62,10.0,0.74,13.5,0.75,13.9,0.76,14.3,0.77,19.7,0.78,20.2,0.08,0.08,0.093985,1776170215000
1776170217.274,117.274,0.26,13.5,0.25,13.9,0.24,14.3,0.23,19.7,0.22,20.2,0.34,5.0,0.35,27.0,0.36,22.0,0.37,20.0,0.38,10.0,0.66,5.0,0.65,27.0,0.64,22.0,0.63,20.0,0.62,10.0,0.74,13.5,0.75,13.9,0.76,14.3,0.77,19.7,0.78,20.2,0.08,0.08,0.093986,1776170216000
1776170218.304,118.304,0.26,13.5,0.25,13.9,0.24,14.3,0.23,19.7,0.22,20.2,0.34,5.0,0.35,27.0,0.36,22.0,0.37,20.0,0.38,10.0,0.66,5.0,0.65,27.0,0.64,22.0,0.63,20.0,0.62,10.0,0.74,13.5,0.75,13.9,0.76,14.3,0.77,19.7,0.78,20.2,0.08,0.08,0.093985,1776170217000
1776170218.916,118.916,0.26,13.5,0.25,13.9,0.24,14.3,0.23,19.7,0.22,20.2,0.34,5.0,0.35,27.0,0.36,22.0,0.37,20.0,0.38,10.0,0.66,5.0,0.65,27.0,0.64,22.0,0.63,20.0,0.62,10.0,0.74,13.5,0.75,13.9,0.76,14.3,0.77,19.7,0.78,20.2,0.08,0.08,0.093985,1776170218000
1776170220.271,120.271,0.26,13.5,0.25,13.9,0.24,14.3,0.23,19.7,0.22,20.2,0.34,5.0,0.35,27.0,0.36,22.0,0.37,20.0,0.38,10.0,0.66,5.0,0.65,27.0,0.64,22.0,0.63,20.0,0.62,10.0,0.74,13.5,0.75,13.9,0.76,14.3,0.77,19.7,0.78,20.2,0.08,0.08,0.09399,1776170219000
1776170221.213,121.213,0.26,13.5,0.25,13.9,0.24,14.3,0.23,19.7,0.22,20.2,0.34,5.0,0.35,27.0,0.36,22.0,0.37,20.0,0.38,10.0,0.66,5.0,0.65,27.0,0.64,22.0,0.63,20.0,0.62,10.0,0.74,13.5,0.75,13.9,0.76,14.3,0.77,19.7,0.78,20.2,0.08,0.08,0.093992,1776170220000
1776170222.243,122.243,0.26,13.5,0.25,13.9,0.24,14.3,0.23,19.7,0.22,20.2,0.34,5.0,0.35,27.0,0.36,22.0,0.37,20.0,0.38,10.0,0.66,5.0,0.65,27.0,0.64,22.0,0.63,20.0,0.62,10.0,0.74,13.5,0.75,13.9,0.76,14.3,0.77,19.7,0.78,20.2,0.08,0.08,0.093992,1776170221000
1776170223.111,123.111,0.26,13.5,0.25,13.9,0.24,14.3,0.23,19.7,0.22,20.2,0.34,5.0,0.35,27.0,0.36,22.0,0.37,20.0,0.38,10.0,0.66,5.0,0.65,27.0,0.64,22.0,0.63,20.0,0.62,10.0,0.74,13.5,0.75,13.9,0.76,14.3,0.77,19.7,0.78,20.2,0.08,0.08,0.093991,1776170222000
1776170224.083,124.083,0.26,13.5,0.25,13.9,0.24,14.3,0.23,19.7,0.22,20.2,0.34,5.0,0.35,27.0,0.36,22.0,0.37,20.0,0.38,10.0,0.66,5.0,0.65,27.0,0.64,22.0,0.63,20.0,0.62,10.0,0.74,13.5,0.75,13.9,0.76,14.3,0.77,19.7,0.78,20.2,0.08,0.08,0.093979,1776170223000
1776170224.931,124.931,0.31,12.2,0.3,12.4,0.29,12.6,0.28,12.9,0.27,23.2,0.42,2.38,0.43,5.0,0.46,5.0,0.51,50.0,0.54,20.0,0.58,2.38,0.57,5.0,0.54,5.0,0.49,50.0,0.46,20.0,0.69,12.2,0.7,12.4,0.71,12.6,0.72,12.9,0.73,23.2,0.11,0.11,0.093956,1776170224000
1776170225.831,125.831,0.31,12.2,0.3,12.4,0.29,12.6,0.28,12.9,0.27,23.2,0.42,2.38,0.43,5.0,0.46,5.0,0.51,50.0,0.54,20.0,0.58,2.38,0.57,5.0,0.54,5.0,0.49,50.0,0.46,20.0,0.69,12.2,0.7,12.4,0.71,12.6,0.72,12.9,0.73,23.2,0.11,0.11,0.093955,1776170225000
1776170226.796,126.796,0.31,12.2,0.3,12.4,0.29,12.6,0.28,12.9,0.27,23.2,0.42,2.38,0.43,5.0,0.46,5.0,0.51,50.0,0.54,20.0,0.58,2.38,0.57,5.0,0.54,5.0,0.49,50.0,0.46,20.0,0.69,12.2,0.7,12.4,0.71,12.6,0.72,12.9,0.73,23.2,0.11,0.11,0.093955,1776170226000
1776170228.137,128.137,0.31,12.2,0.3,12.4,0.29,12.6,0.28,12.9,0.27,23.2,0.42,2.38,0.43,5.0,0.46,5.0,0.51,50.0,0.54,20.0,0.58,2.38,0.57,5.0,0.54,5.0,0.49,50.0,0.46,20.0,0.69,12.2,0.7,12.4,0.71,12.6,0.72,12.9,0.73,23.2,0.11,0.11,0.093955,1776170227000
1776170229.133,129.133,0.31,12.2,0.3,12.4,0.29,12.6,0.28,12.9,0.27,23.2,0.42,2.38,0.43,5.0,0.46,5.0,0.51,50.0,0.54,20.0,0.58,2.38,0.57,5.0,0.54,5.0,0.49,50.0,0.46,20.0,0.69,12.2,0.7,12.4,0.71,12.6,0.72,12.9,0.73,23.2,0.11,0.11,0.093953,1776170228000
1776170230.016,130.016,0.31,12.2,0.3,12.4,0.29,12.6,0.28,12.9,0.27,23.2,0.42,2.38,0.43,5.0,0.46,5.0,0.51,50.0,0.54,20.0,0.58,2.38,0.57,5.0,0.54,5.0,0.49,50.0,0.46,20.0,0.69,12.2,0.7,12.4,0.71,12.6,0.72,12.9,0.73,23.2,0.11,0.11,0.093952,1776170229000
1776170231.053,131.053,0.31,12.2,0.3,12.4,0.29,12.6,0.28,12.9,0.27,23.2,0.42,2.38,0.43,5.0,0.46,5.0,0.51,50.0,0.54,20.0,0.58,2.38,0.57,5.0,0.54,5.0,0.49,50.0,0.46,20.0,0.69,12.2,0.7,12.4,0.71,12.6,0.72,12.9,0.73,23.2,0.11,0.11,0.093952,1776170230000
1776170232.586,132.586,0.31,12.2,0.3,12.4,0.29,12.6,0.28,12.9,0.27,23.2,0.42,2.38,0.43,5.0,0.46,5.0,0.51,50.0,0.54,20.0,0.58,2.38,0.57,5.0,0.54,5.0,0.49,50.0,0.46,20.0,0.69,12.2,0.7,12.4,0.71,12.6,0.72,12.9,0.73,23.2,0.11,0.11,0.093962,1776170231000
1776170233.265,133.265,0.31,12.2,0.3,12.4,0.29,12.6,0.28,12.9,0.27,23.2,0.42,2.38,0.43,5.0,0.46,5.0,0.51,50.0,0.54,20.0,0.58,2.38,0.57,5.0,0.54,5.0,0.49,50.0,0.46,20.0,0.69,12.2,0.7,12.4,0.71,12.6,0.72,12.9,0.73,23.2,0.11,0.11,0.093964,1776170232000
1776170234.382,134.382,0.31,12.2,0.3,12.4,0.29,12.6,0.28,12.9,0.27,23.2,0.42,2.38,0.43,5.0,0.46,5.0,0.51,50.0,0.54,20.0,0.58,2.38,0.57,5.0,0.54,5.0,0.49,50.0,0.46,20.0,0.69,12.2,0.7,12.4,0.71,12.6,0.72,12.9,0.73,23.2,0.11,0.11,0.093962,1776170233000
1776170235.014,135.014,0.31,12.2,0.3,12.4,0.29,12.6,0.28,12.9,0.27,23.2,0.42,2.38,0.43,5.0,0.46,5.0,0.51,50.0,0.54,20.0,0.58,2.38,0.57,5.0,0.54,5.0,0.49,50.0,0.46,20.0,0.69,12.2,0.7,12.4,0.71,12.6,0.72,12.9,0.73,23.2,0.11,0.11,0.093962,1776170234000
1776170236.124,136.124,0.31,12.2,0.3,12.4,0.29,12.6,0.28,12.9,0.27,23.2,0.42,2.38,0.43,5.0,0.46,5.0,0.51,50.0,0.54,20.0,0.58,2.38,0.57,5.0,0.54,5.0,0.49,50.0,0.46,20.0,0.69,12.2,0.7,12.4,0.71,12.6,0.72,12.9,0.73,23.2,0.11,0.11,0.093979,1776170235000
1776170237.291,137.291,0.31,12.2,0.3,12.4,0.29,12.6,0.28,12.9,0.27,23.2,0.42,2.38,0.43,5.0,0.46,5.0,0.51,50.0,0.54,20.0,0.58,2.38,0.57,5.0,0.54,5.0,0.49,50.0,0.46,20.0,0.69,12.2,0.7,12.4,0.71,12.6,0.72,12.9,0.73,23.2,0.11,0.11,0.093983,1776170236000
1776170238.355,138.355,0.31,12.2,0.3,12.4,0.29,12.6,0.28,12.9,0.27,23.2,0.42,2.38,0.43,5.0,0.46,5.0,0.51,50.0,0.54,20.0,0.58,2.38,0.57,5.0,0.54,5.0,0.49,50.0,0.46,20.0,0.69,12.2,0.7,12.4,0.71,12.6,0.72,12.9,0.73,23.2,0.11,0.11,0.093991,1776170237000
1776170239.32,139.32,0.31,12.2,0.3,12.4,0.29,12.6,0.28,12.9,0.27,23.2,0.42,2.38,0.43,5.0,0.46,5.0,0.51,50.0,0.54,20.0,0.58,2.38,0.57,5.0,0.54,5.0,0.49,50.0,0.46,20.0,0.69,12.2,0.7,12.4,0.71,12.6,0.72,12.9,0.73,23.2,0.11,0.11,0.09399,1776170238000
1776170239.883,139.883,0.31,12.2,0.3,12.4,0.29,12.6,0.28,12.9,0.27,23.2,0.42,2.38,0.43,5.0,0.46,5.0,0.51,50.0,0.54,20.0,0.58,2.38,0.57,5.0,0.54,5.0,0.49,50.0,0.46,20.0,0.69,12.2,0.7,12.4,0.71,12.6,0.72,12.9,0.73,23.2,0.11,0.11,0.09399,1776170239000
1776170241.033,141.033,0.31,12.2,0.3,12.4,0.29,12.6,0.28,12.9,0.27,23.2,0.42,2.38,0.43,5.0,0.46,5.0,0.51,50.0,0.54,20.0,0.58,2.38,0.57,5.0,0.54,5.0,0.49,50.0,0.46,20.0,0.69,12.2,0.7,12.4,0.71,12.6,0.72,12.9,0.73,23.2,0.11,0.11,0.09399,1776170240000
1776170242.136,142.136,0.31,12.2,0.3,12.4,0.29,12.6,0.28,12.9,0.27,23.2,0.42,2.38,0.43,5.0,0.46,5.0,0.51,50.0,0.54,20.0,0.58,2.38,0.57,5.0,0.54,5.0,0.49,50.0,0.46,20.0,0.69,12.2,0.7,12.4,0.71,12.6,0.72,12.9,0.73,23.2,0.11,0.11,0.09399,1776170241000
1776170243.252,143.252,0.31,12.2,0.3,12.4,0.29,12.6,0.28,12.9,0.27,23.2,0.42,2.38,0.43,5.0,0.46,5.0,0.51,50.0,0.54,20.0,0.58,2.38,0.57,5.0,0.54,5.0,0.49,50.0,0.46,20.0,0.69,12.2,0.7,12.4,0.71,12.6,0.72,12.9,0.73,23.2,0.11,0.11,0.093988,1776170242000
1776170244.378,144.378,0.31,12.2,0.3,12.4,0.29,12.6,0.28,12.9,0.27,23.2,0.42,2.38,0.43,5.0,0.46,5.0,0.51,50.0,0.54,20.0,0.58,2.38,0.57,5.0,0.54,5.0,0.49,50.0,0.46,20.0,0.69,12.2,0.7,12.4,0.71,12.6,0.72,12.9,0.73,23.2,0.11,0.11,0.093988,1776170243000
1776170245.094,145.094,0.31,12.2,0.3,12.4,0.29,12.6,0.28,12.9,0.27,23.2,0.42,2.38,0.43,5.0,0.46,5.0,0.51,50.0,0.54,20.0,0.58,2.38,0.57,5.0,0.54,5.0,0.49,50.0,0.46,20.0,0.69,12.2,0.7,12.4,0.71,12.6,0.72,12.9,0.73,23.2,0.11,0.11,0.093988,1776170244000
1776170246.186,146.186,0.31,12.2,0.3,12.4,0.29,12.6,0.28,12.9,0.27,23.2,0.42,2.38,0.43,5.0,0.46,5.0,0.51,50.0,0.54,20.0,0.58,2.38,0.57,5.0,0.54,5.0,0.49,50.0,0.46,20.0,0.69,12.2,0.7,12.4,0.71,12.6,0.72,12.9,0.73,23.2,0.11,0.11,0.093988,1776170245000
1776170247.29,147.29,0.31,12.2,0.3,12.4,0.29,12.6,0.28,12.9,0.27,23.2,0.42,2.38,0.43,5.0,0.46,5.0,0.51,50.0,0.54,20.0,0.58,2.38,0.57,5.0,0.54,5.0,0.49,50.0,0.46,20.0,0.69,12.2,0.7,12.4,0.71,12.6,0.72,12.9,0.73,23.2,0.11,0.11,0.093987,1776170246000
1776170248.3,148.3,0.31,12.2,0.3,12.4,0.29,12.6,0.28,12.9,0.27,23.2,0.42,2.38,0.43,5.0,0.46,5.0,0.51,50.0,0.54,20.0,0.58,2.38,0.57,5.0,0.54,5.0,0.49,50.0,0.46,20.0,0.69,12.2,0.7,12.4,0.71,12.6,0.72,12.9,0.73,23.2,0.11,0.11,0.093988,1776170247000
1776170249.31,149.31,0.31,12.2,0.3,12.4,0.29,12.6,0.28,12.9,0.27,23.2,0.42,2.38,0.43,5.0,0.46,5.0,0.51,50.0,0.54,20.0,0.58,2.38,0.57,5.0,0.54,5.0,0.49,50.0,0.46,20.0,0.69,12.2,0.7,12.4,0.71,12.6,0.72,12.9,0.73,23.2,0.11,0.11,0.093988,1776170248000
1776170249.973,149.973,0.43,5.6,0.42,10.7,0.41,10.7,0.4,20.8,0.39,10.9,0.58,10.0,0.6,10.8,0.61,60.9,0.62,11.0,0.63,11.2,0.42,20.7,0.41,10.7,0.4,10.8,0.39,60.9,0.38,34.0,0.58,10.7,0.59,10.7,0.6,20.8,0.61,10.9,0.62,11.0,0.15,0.16,0.093988,1776170248000
1776170250.264,150.264,0.43,5.6,0.42,10.7,0.41,10.7,0.4,20.8,0.39,10.9,0.58,10.0,0.6,10.8,0.61,60.9,0.62,11.0,0.63,11.2,0.42,10.0,0.4,10.8,0.39,60.9,0.38,11.0,0.37,11.2,0.57,5.6,0.58,10.7,0.59,10.7,0.6,20.8,0.61,10.9,0.15,0.15,0.093988,1776170249000
1776170251.318,151.318,0.43,5.6,0.42,10.7,0.41,10.7,0.4,20.8,0.39,10.9,0.58,10.0,0.6,10.8,0.61,60.9,0.62,11.0,0.63,11.2,0.42,10.0,0.4,10.8,0.39,60.9,0.38,11.0,0.37,11.2,0.57,5.6,0.58,10.7,0.59,10.7,0.6,20.8,0.61,10.9,0.15,0.15,0.093988,1776170250000
1776170252.255,152.255,0.43,5.6,0.42,10.7,0.41,10.7,0.4,20.8,0.39,10.9,0.58,10.0,0.6,10.8,0.61,60.9,0.62,11.0,0.63,11.2,0.42,10.0,0.4,10.8,0.39,60.9,0.38,11.0,0.37,11.2,0.57,5.6,0.58,10.7,0.59,10.7,0.6,20.8,0.61,10.9,0.15,0.15,0.093992,1776170251000
1776170253.349,153.349,0.43,5.6,0.42,10.7,0.41,10.7,0.4,20.8,0.39,10.9,0.58,10.0,0.6,10.8,0.61,60.9,0.62,11.0,0.63,11.2,0.42,10.0,0.4,10.8,0.39,60.9,0.38,11.0,0.37,11.2,0.57,5.6,0.58,10.7,0.59,10.7,0.6,20.8,0.61,10.9,0.15,0.15,0.093995,1776170252000
1776170254.32,154.32,0.43,5.6,0.42,10.7,0.41,10.7,0.4,20.8,0.39,10.9,0.58,10.0,0.6,10.8,0.61,60.9,0.62,11.0,0.63,11.2,0.42,10.0,0.4,10.8,0.39,60.9,0.38,11.0,0.37,11.2,0.57,5.6,0.58,10.7,0.59,10.7,0.6,20.8,0.61,10.9,0.15,0.15,0.093997,1776170253000
1776170255.469,155.469,0.43,5.6,0.42,10.7,0.41,10.7,0.4,20.8,0.39,10.9,0.58,10.0,0.6,10.8,0.61,60.9,0.62,11.0,0.63,11.2,0.42,10.0,0.4,10.8,0.39,60.9,0.38,11.0,0.37,11.2,0.57,5.6,0.58,10.7,0.59,10.7,0.6,20.8,0.61,10.9,0.15,0.15,0.093997,1776170254000
1776170255.951,155.951,0.43,5.6,0.42,10.7,0.41,10.7,0.4,20.8,0.39,10.9,0.58,10.0,0.6,10.8,0.61,60.9,0.62,11.0,0.63,11.2,0.42,10.0,0.4,10.8,0.39,60.9,0.38,11.0,0.37,11.2,0.57,5.6,0.58,10.7,0.59,10.7,0.6,20.8,0.61,10.9,0.15,0.15,0.093997,1776170255000
1776170257.042,157.042,0.43,5.6,0.42,10.7,0.41,10.7,0.4,20.8,0.39,10.9,0.58,10.0,0.6,10.8,0.61,60.9,0.62,11.0,0.63,11.2,0.42,10.0,0.4,10.8,0.39,60.9,0.38,11.0,0.37,11.2,0.57,5.6,0.58,10.7,0.59,10.7,0.6,20.8,0.61,10.9,0.15,0.15,0.093985,1776170256000
1776170257.944,157.944,0.43,5.6,0.42,10.7,0.41,10.7,0.4,20.8,0.39,10.9,0.58,10.0,0.6,10.8,0.61,60.9,0.62,11.0,0.63,11.2,0.42,10.0,0.4,10.8,0.39,60.9,0.38,11.0,0.37,11.2,0.57,5.6,0.58,10.7,0.59,10.7,0.6,20.8,0.61,10.9,0.15,0.15,0.093985,1776170257000
1776170258.962,158.962,0.43,5.6,0.42,10.7,0.41,10.7,0.4,20.8,0.39,10.9,0.58,10.0,0.6,10.8,0.61,60.9,0.62,11.0,0.63,11.2,0.42,10.0,0.4,10.8,0.39,60.9,0.38,11.0,0.37,11.2,0.57,5.6,0.58,10.7,0.59,10.7,0.6,20.8,0.61,10.9,0.15,0.15,0.093985,1776170258000
1776170260.501,160.501,0.43,5.6,0.42,10.7,0.41,10.7,0.4,20.8,0.39,10.9,0.58,10.0,0.6,10.8,0.61,60.9,0.62,11.0,0.63,11.2,0.42,10.0,0.4,10.8,0.39,60.9,0.38,11.0,0.37,11.2,0.57,5.6,0.58,10.7,0.59,10.7,0.6,20.8,0.61,10.9,0.15,0.15,0.093985,1776170259000
1776170261.02,161.02,0.43,5.6,0.42,10.7,0.41,10.7,0.4,20.8,0.39,10.9,0.58,10.0,0.6,10.8,0.61,60.9,0.62,11.0,0.63,11.2,0.42,10.0,0.4,10.8,0.39,60.9,0.38,11.0,0.37,11.2,0.57,5.6,0.58,10.7,0.59,10.7,0.6,20.8,0.61,10.9,0.15,0.15,0.093986,1776170260000
1776170262.131,162.131,0.43,5.6,0.42,10.7,0.41,10.7,0.4,20.8,0.39,10.9,0.58,10.0,0.6,10.8,0.61,60.9,0.62,11.0,0.63,11.2,0.42,10.0,0.4,10.8,0.39,60.9,0.38,11.0,0.37,11.2,0.57,5.6,0.58,10.7,0.59,10.7,0.6,20.8,0.61,10.9,0.15,0.15,0.093986,1776170261000
1776170263.171,163.171,0.43,5.6,0.42,10.7,0.41,10.7,0.4,20.8,0.39,10.9,0.58,10.0,0.6,10.8,0.61,60.9,0.62,11.0,0.63,11.2,0.42,10.0,0.4,10.8,0.39,60.9,0.38,11.0,0.37,11.2,0.57,5.6,0.58,10.7,0.59,10.7,0.6,20.8,0.61,10.9,0.15,0.15,0.093984,1776170262000
1776170264.21,164.21,0.43,5.6,0.42,10.7,0.41,10.7,0.4,20.8,0.39,10.9,0.58,10.0,0.6,10.8,0.61,60.9,0.62,11.0,0.63,11.2,0.42,10.0,0.4,10.8,0.39,60.9,0.38,11.0,0.37,11.2,0.57,5.6,0.58,10.7,0.59,10.7,0.6,20.8,0.61,10.9,0.15,0.15,0.093984,1776170263000
1776170265.033,165.033,0.43,5.6,0.42,10.7,0.41,10.7,0.4,20.8,0.39,10.9,0.58,10.0,0.6,10.8,0.61,60.9,0.62,11.0,0.63,11.2,0.42,10.0,0.4,10.8,0.39,60.9,0.38,11.0,0.37,11.2,0.57,5.6,0.58,10.7,0.59,10.7,0.6,20.8,0.61,10.9,0.15,0.15,0.093984,1776170264000
1776170266.016,166.016,0.43,5.6,0.42,10.7,0.41,10.7,0.4,20.8,0.39,10.9,0.58,10.0,0.6,10.8,0.61,60.9,0.62,11.0,0.63,11.2,0.42,10.0,0.4,10.8,0.39,60.9,0.38,11.0,0.37,11.2,0.57,5.6,0.58,10.7,0.59,10.7,0.6,20.8,0.61,10.9,0.15,0.15,0.093984,1776170265000
1776170267.043,167.043,0.43,5.6,0.42,10.7,0.41,10.7,0.4,20.8,0.39,10.9,0.58,10.0,0.6,10.8,0.61,60.9,0.62,11.0,0.63,11.2,0.42,10.0,0.4,10.8,0.39,60.9,0.38,11.0,0.37,11.2,0.57,5.6,0.58,10.7,0.59,10.7,0.6,20.8,0.61,10.9,0.15,0.15,0.093984,1776170266000
1776170267.999,167.999,0.43,5.6,0.42,10.7,0.41,10.7,0.4,20.8,0.39,10.9,0.58,10.0,0.6,10.8,0.61,60.9,0.62,11.0,0.63,11.2,0.42,10.0,0.4,10.8,0.39,60.9,0.38,11.0,0.37,11.2,0.57,5.6,0.58,10.7,0.59,10.7,0.6,20.8,0.61,10.9,0.15,0.15,0.093981,1776170267000
1776170268.994,168.994,0.43,5.6,0.42,10.7,0.41,10.7,0.4,20.8,0.39,10.9,0.58,10.0,0.6,10.8,0.61,60.9,0.62,11.0,0.63,11.2,0.42,10.0,0.4,10.8,0.39,60.9,0.38,11.0,0.37,11.2,0.57,5.6,0.58,10.7,0.59,10.7,0.6,20.8,0.61,10.9,0.15,0.15,0.09398,1776170268000
1776170269.94,169.94,0.43,5.6,0.42,10.7,0.41,10.7,0.4,20.8,0.39,10.9,0.58,10.0,0.6,10.8,0.61,60.9,0.62,11.0,0.63,11.2,0.42,10.0,0.4,10.8,0.39,60.9,0.38,11.0,0.37,11.2,0.57,5.6,0.58,10.7,0.59,10.7,0.6,20.8,0.61,10.9,0.15,0.15,0.093979,1776170269000
1776170270.853,170.853,0.43,5.6,0.42,10.7,0.41,10.7,0.4,20.8,0.39,10.9,0.58,10.0,0.6,10.8,0.61,60.9,0.62,11.0,0.63,11.2,0.42,10.0,0.4,10.8,0.39,60.9,0.38,11.0,0.37,11.2,0.57,5.6,0.58,10.7,0.59,10.7,0.6,20.8,0.61,10.9,0.15,0.15,0.093977,1776170270000
1776170271.828,171.828,0.43,5.6,0.42,10.7,0.41,10.7,0.4,20.8,0.39,10.9,0.58,10.0,0.6,10.8,0.61,60.9,0.62,11.0,0.63,11.2,0.42,10.0,0.4,10.8,0.39,60.9,0.38,11.0,0.37,11.2,0.57,5.6,0.58,10.7,0.59,10.7,0.6,20.8,0.61,10.9,0.15,0.15,0.093975,1776170271000
1776170273.411,173.411,0.43,5.6,0.42,10.7,0.41,10.7,0.4,20.8,0.39,10.9,0.58,10.0,0.6,10.8,0.61,60.9,0.62,11.0,0.63,11.2,0.42,10.0,0.4,10.8,0.39,60.9,0.38,11.0,0.37,11.2,0.57,5.6,0.58,10.7,0.59,10.7,0.6,20.8,0.61,10.9,0.15,0.15,0.093977,1776170272000
1776170274.349,174.349,0.43,5.6,0.42,10.7,0.41,10.7,0.4,20.8,0.39,10.9,0.58,10.0,0.6,10.8,0.61,60.9,0.62,11.0,0.63,11.2,0.42,10.0,0.4,10.8,0.39,60.9,0.38,11.0,0.37,11.2,0.57,5.6,0.58,10.7,0.59,10.7,0.6,20.8,0.61,10.9,0.15,0.15,0.093977,1776170273000
1776170275.468,175.468,0.43,5.6,0.42,10.7,0.41,10.7,0.4,20.8,0.39,10.9,0.58,10.0,0.6,10.8,0.61,60.9,0.62,11.0,0.63,11.2,0.42,10.0,0.4,10.8,0.39,60.9,0.38,11.0,0.37,11.2,0.57,5.6,0.58,10.7,0.59,10.7,0.6,20.8,0.61,10.9,0.15,0.15,0.09397,1776170274000
1776170276.09,176.09,0.43,5.6,0.42,10.7,0.41,10.7,0.4,20.8,0.39,10.9,0.58,10.0,0.6,10.8,0.61,60.9,0.62,11.0,0.63,11.2,0.42,10.0,0.4,10.8,0.39,60.9,0.38,11.0,0.37,11.2,0.57,5.6,0.58,10.7,0.59,10.7,0.6,20.8,0.61,10.9,0.15,0.15,0.093965,1776170275000
1776170276.396,176.396,0.31,10.0,0.28,10.0,0.27,13.2,0.26,13.5,0.25,13.9,0.48,1.6,0.49,10.4,0.5,20.4,0.51,60.4,0.52,10.4,0.42,10.0,0.4,10.8,0.39,60.9,0.38,11.0,0.37,11.2,0.57,5.6,0.58,10.7,0.59,10.7,0.6,20.8,0.61,10.9,0.17,0.15,0.093965,1776170275000
1776170277.382,177.382,0.31,10.0,0.28,10.0,0.27,13.2,0.26,13.5,0.25,13.9,0.48,1.6,0.49,10.4,0.5,20.4,0.51,60.4,0.52,10.4,0.52,1.6,0.51,10.4,0.5,20.4,0.49,60.4,0.48,10.4,0.69,10.0,0.72,10.0,0.73,13.2,0.74,13.5,0.75,13.9,0.17,0.17,0.093954,1776170276000
1776170278.024,178.024,0.31,10.0,0.28,10.0,0.27,13.2,0.26,13.5,0.25,13.9,0.48,1.6,0.49,10.4,0.5,20.4,0.51,60.4,0.52,10.4,0.52,1.6,0.51,10.4,0.5,20.4,0.49,60.4,0.48,10.4,0.69,10.0,0.72,10.0,0.73,13.2,0.74,13.5,0.75,13.9,0.17,0.17,0.093971,1776170277000
1776170279.328,179.328,0.31,10.0,0.28,10.0,0.27,13.2,0.26,13.5,0.25,13.9,0.48,1.6,0.49,10.4,0.5,20.4,0.51,60.4,0.52,10.4,0.52,1.6,0.51,10.4,0.5,20.4,0.49,60.4,0.48,10.4,0.69,10.0,0.72,10.0,0.73,13.2,0.74,13.5,0.75,13.9,0.17,0.17,0.093985,1776170278000
1776170280.397,180.397,0.31,10.0,0.28,10.0,0.27,13.2,0.26,13.5,0.25,13.9,0.48,1.6,0.49,10.4,0.5,20.4,0.51,60.4,0.52,10.4,0.52,1.6,0.51,10.4,0.5,20.4,0.49,60.4,0.48,10.4,0.69,10.0,0.72,10.0,0.73,13.2,0.74,13.5,0.75,13.9,0.17,0.17,0.093986,1776170279000
1776170281.017,181.017,0.31,10.0,0.28,10.0,0.27,13.2,0.26,13.5,0.25,13.9,0.48,1.6,0.49,10.4,0.5,20.4,0.51,60.4,0.52,10.4,0.52,1.6,0.51,10.4,0.5,20.4,0.49,60.4,0.48,10.4,0.69,10.0,0.72,10.0,0.73,13.2,0.74,13.5,0.75,13.9,0.17,0.17,0.093987,1776170280000
1776170281.44,181.44,0.46,5.0,0.45,5.0,0.43,5.0,0.39,10.0,0.36,11.3,0.47,0.67,0.58,15.7,0.59,15.7,0.6,10.8,0.61,60.9,0.52,1.6,0.51,10.4,0.5,20.4,0.49,60.4,0.48,10.4,0.69,10.0,0.72,10.0,0.73,13.2,0.74,13.5,0.75,13.9,0.01,0.17,0.093987,1776170280000
1776170282.225,182.225,0.46,5.0,0.45,5.0,0.43,5.0,0.39,10.0,0.36,11.3,0.47,0.67,0.58,15.7,0.59,15.7,0.6,10.8,0.61,60.9,0.53,0.67,0.42,15.7,0.41,15.7,0.4,10.8,0.39,60.9,0.54,5.0,0.55,5.0,0.57,5.0,0.61,10.0,0.64,11.3,0.01,0.01,0.093987,1776170281000
1776170283.421,183.421,0.46,5.0,0.45,5.0,0.43,5.0,0.39,10.0,0.36,11.3,0.47,0.67,0.58,15.7,0.59,15.7,0.6,10.8,0.61,60.9,0.53,0.67,0.42,15.7,0.41,15.7,0.4,10.8,0.39,60.9,0.54,5.0,0.55,5.0,0.57,5.0,0.61,10.0,0.64,11.3,0.01,0.01,0.093989,1776170282000
1776170284.073,184.073,0.46,5.0,0.45,5.0,0.43,5.0,0.39,10.0,0.36,11.3,0.47,0.67,0.58,15.7,0.59,15.7,0.6,10.8,0.61,60.9,0.53,0.67,0.42,15.7,0.41,15.7,0.4,10.8,0.39,60.9,0.54,5.0,0.55,5.0,0.57,5.0,0.61,10.0,0.64,11.3,0.01,0.01,0.093988,1776170283000
1776170285.303,185.303,0.46,5.0,0.45,5.0,0.43,5.0,0.39,10.0,0.36,11.3,0.47,0.67,0.58,15.7,0.59,15.7,0.6,10.8,0.61,60.9,0.53,0.67,0.42,15.7,0.41,15.7,0.4,10.8,0.39,60.9,0.54,5.0,0.55,5.0,0.57,5.0,0.61,10.0,0.64,11.3,0.01,0.01,0.093989,1776170284000
1776170286.592,186.592,0.46,5.0,0.45,5.0,0.43,5.0,0.39,10.0,0.36,11.3,0.47,0.67,0.58,15.7,0.59,15.7,0.6,10.8,0.61,60.9,0.53,0.67,0.42,15.7,0.41,15.7,0.4,10.8,0.39,60.9,0.54,5.0,0.55,5.0,0.57,5.0,0.61,10.0,0.64,11.3,0.01,0.01,0.09399,1776170285000
1776170287.261,187.261,0.46,5.0,0.45,5.0,0.43,5.0,0.39,10.0,0.36,11.3,0.47,0.67,0.58,15.7,0.59,15.7,0.6,10.8,0.61,60.9,0.53,0.67,0.42,15.7,0.41,15.7,0.4,10.8,0.39,60.9,0.54,5.0,0.55,5.0,0.57,5.0,0.61,10.0,0.64,11.3,0.01,0.01,0.093991,1776170286000
1776170288.493,188.493,0.46,5.0,0.45,5.0,0.43,5.0,0.39,10.0,0.36,11.3,0.47,0.67,0.58,15.7,0.59,15.7,0.6,10.8,0.61,60.9,0.53,0.67,0.42,15.7,0.41,15.7,0.4,10.8,0.39,60.9,0.54,5.0,0.55,5.0,0.57,5.0,0.61,10.0,0.64,11.3,0.01,0.01,0.093991,1776170287000
1776170289.326,189.326,0.46,5.0,0.45,5.0,0.43,5.0,0.39,10.0,0.36,11.3,0.47,0.67,0.58,15.7,0.59,15.7,0.6,10.8,0.61,60.9,0.53,0.67,0.42,15.7,0.41,15.7,0.4,10.8,0.39,60.9,0.54,5.0,0.55,5.0,0.57,5.0,0.61,10.0,0.64,11.3,0.01,0.01,0.09399,1776170288000
1776170290.304,190.304,0.46,5.0,0.45,5.0,0.43,5.0,0.39,10.0,0.36,11.3,0.47,0.67,0.58,15.7,0.59,15.7,0.6,10.8,0.61,60.9,0.53,0.67,0.42,15.7,0.41,15.7,0.4,10.8,0.39,60.9,0.54,5.0,0.55,5.0,0.57,5.0,0.61,10.0,0.64,11.3,0.01,0.01,0.09399,1776170289000
1776170291.366,191.366,0.46,5.0,0.45,5.0,0.43,5.0,0.39,10.0,0.36,11.3,0.47,0.67,0.58,15.7,0.59,15.7,0.6,10.8,0.61,60.9,0.53,0.67,0.42,15.7,0.41,15.7,0.4,10.8,0.39,60.9,0.54,5.0,0.55,5.0,0.57,5.0,0.61,10.0,0.64,11.3,0.01,0.01,0.093991,1776170290000
1776170291.924,191.924,0.46,5.0,0.45,5.0,0.43,5.0,0.39,10.0,0.36,11.3,0.47,0.67,0.58,15.7,0.59,15.7,0.6,10.8,0.61,60.9,0.53,0.67,0.42,15.7,0.41,15.7,0.4,10.8,0.39,60.9,0.54,5.0,0.55,5.0,0.57,5.0,0.61,10.0,0.64,11.3,0.01,0.01,0.093994,1776170291000
1776170292.944,192.944,0.46,5.0,0.45,5.0,0.43,5.0,0.39,10.0,0.36,11.3,0.47,0.67,0.58,15.7,0.59,15.7,0.6,10.8,0.61,60.9,0.53,0.67,0.42,15.7,0.41,15.7,0.4,10.8,0.39,60.9,0.54,5.0,0.55,5.0,0.57,5.0,0.61,10.0,0.64,11.3,0.01,0.01,0.093995,1776170292000
1776170294.058,194.058,0.46,5.0,0.45,5.0,0.43,5.0,0.39,10.0,0.36,11.3,0.47,0.67,0.58,15.7,0.59,15.7,0.6,10.8,0.61,60.9,0.53,0.67,0.42,15.7,0.41,15.7,0.4,10.8,0.39,60.9,0.54,5.0,0.55,5.0,0.57,5.0,0.61,10.0,0.64,11.3,0.01,0.01,0.093998,1776170293000
1776170295.208,195.208,0.46,5.0,0.45,5.0,0.43,5.0,0.39,10.0,0.36,11.3,0.47,0.67,0.58,15.7,0.59,15.7,0.6,10.8,0.61,60.9,0.53,0.67,0.42,15.7,0.41,15.7,0.4,10.8,0.39,60.9,0.54,5.0,0.55,5.0,0.57,5.0,0.61,10.0,0.64,11.3,0.01,0.01,0.093997,1776170294000
1776170296.243,196.243,0.46,5.0,0.45,5.0,0.43,5.0,0.39,10.0,0.36,11.3,0.47,0.67,0.58,15.7,0.59,15.7,0.6,10.8,0.61,60.9,0.53,0.67,0.42,15.7,0.41,15.7,0.4,10.8,0.39,60.9,0.54,5.0,0.55,5.0,0.57,5.0,0.61,10.0,0.64,11.3,0.01,0.01,0.093996,1776170295000
1776170297.346,197.346,0.46,5.0,0.45,5.0,0.43,5.0,0.39,10.0,0.36,11.3,0.47,0.67,0.58,15.7,0.59,15.7,0.6,10.8,0.61,60.9,0.53,0.67,0.42,15.7,0.41,15.7,0.4,10.8,0.39,60.9,0.54,5.0,0.55,5.0,0.57,5.0,0.61,10.0,0.64,11.3,0.01,0.01,0.093997,1776170296000
1776170298.339,198.339,0.46,5.0,0.45,5.0,0.43,5.0,0.39,10.0,0.36,11.3,0.47,0.67,0.58,15.7,0.59,15.7,0.6,10.8,0.61,60.9,0.53,0.67,0.42,15.7,0.41,15.7,0.4,10.8,0.39,60.9,0.54,5.0,0.55,5.0,0.57,5.0,0.61,10.0,0.64,11.3,0.01,0.01,0.093997,1776170297000
1776170299.502,199.502,0.46,5.0,0.45,5.0,0.43,5.0,0.39,10.0,0.36,11.3,0.47,0.67,0.58,15.7,0.59,15.7,0.6,10.8,0.61,60.9,0.53,0.67,0.42,15.7,0.41,15.7,0.4,10.8,0.39,60.9,0.54,5.0,0.55,5.0,0.57,5.0,0.61,10.0,0.64,11.3,0.01,0.01,0.093996,1776170298000
1776170300.064,200.064,0.46,5.0,0.45,5.0,0.43,5.0,0.39,10.0,0.36,11.3,0.47,0.67,0.58,15.7,0.59,15.7,0.6,10.8,0.61,60.9,0.53,0.67,0.42,15.7,0.41,15.7,0.4,10.8,0.39,60.9,0.54,5.0,0.55,5.0,0.57,5.0,0.61,10.0,0.64,11.3,0.01,0.01,0.093997,1776170299000
1776170301.061,201.061,0.46,5.0,0.45,5.0,0.43,5.0,0.39,10.0,0.36,11.3,0.47,0.67,0.58,15.7,0.59,15.7,0.6,10.8,0.61,60.9,0.53,0.67,0.42,15.7,0.41,15.7,0.4,10.8,0.39,60.9,0.54,5.0,0.55,5.0,0.57,5.0,0.61,10.0,0.64,11.3,0.01,0.01,0.093997,1776170300000
1776170302.146,202.146,0.46,5.0,0.45,5.0,0.43,5.0,0.39,10.0,0.36,11.3,0.47,0.67,0.58,15.7,0.59,15.7,0.6,10.8,0.61,60.9,0.53,0.67,0.42,15.7,0.41,15.7,0.4,10.8,0.39,60.9,0.54,5.0,0.55,5.0,0.57,5.0,0.61,10.0,0.64,11.3,0.01,0.01,0.093997,1776170301000
1776170303.025,203.025,0.46,5.0,0.45,5.0,0.43,5.0,0.39,10.0,0.36,11.3,0.47,0.67,0.58,15.7,0.59,15.7,0.6,10.8,0.61,60.9,0.53,0.67,0.42,15.7,0.41,15.7,0.4,10.8,0.39,60.9,0.54,5.0,0.55,5.0,0.57,5.0,0.61,10.0,0.64,11.3,0.01,0.01,0.093997,1776170302000
1776170304.102,204.102,0.46,6.79,0.45,10.5,0.44,10.6,0.43,20.6,0.42,10.7,0.61,50.0,0.62,11.0,0.63,11.2,0.64,16.3,0.65,16.4,0.39,50.0,0.38,11.0,0.37,11.2,0.36,16.3,0.35,16.4,0.54,6.79,0.55,10.5,0.56,10.6,0.57,20.6,0.58,10.7,0.15,0.15,0.093997,1776170303000
1776170305.149,205.149,0.46,6.79,0.45,10.5,0.44,10.6,0.43,20.6,0.42,10.7,0.61,50.0,0.62,11.0,0.63,11.2,0.64,16.3,0.65,16.4,0.39,50.0,0.38,11.0,0.37,11.2,0.36,16.3,0.35,16.4,0.54,6.79,0.55,10.5,0.56,10.6,0.57,20.6,0.58,10.7,0.15,0.15,0.093996,1776170304000
1776170306.098,206.098,0.46,6.79,0.45,10.5,0.44,10.6,0.43,20.6,0.42,10.7,0.61,50.0,0.62,11.0,0.63,11.2,0.64,16.3,0.65,16.4,0.39,50.0,0.38,11.0,0.37,11.2,0.36,16.3,0.35,16.4,0.54,6.79,0.55,10.5,0.56,10.6,0.57,20.6,0.58,10.7,0.15,0.15,0.093996,1776170305000
1776170307.262,207.262,0.46,6.79,0.45,10.5,0.44,10.6,0.43,20.6,0.42,10.7,0.61,50.0,0.62,11.0,0.63,11.2,0.64,16.3,0.65,16.4,0.39,50.0,0.38,11.0,0.37,11.2,0.36,16.3,0.35,16.4,0.54,6.79,0.55,10.5,0.56,10.6,0.57,20.6,0.58,10.7,0.15,0.15,0.093996,1776170306000
1776170308.37,208.37,0.46,6.79,0.45,10.5,0.44,10.6,0.43,20.6,0.42,10.7,0.61,50.0,0.62,11.0,0.63,11.2,0.64,16.3,0.65,16.4,0.39,50.0,0.38,11.0,0.37,11.2,0.36,16.3,0.35,16.4,0.54,6.79,0.55,10.5,0.56,10.6,0.57,20.6,0.58,10.7,0.15,0.15,0.093996,1776170307000
1776170309.274,209.274,0.46,6.79,0.45,10.5,0.44,10.6,0.43,20.6,0.42,10.7,0.61,50.0,0.62,11.0,0.63,11.2,0.64,16.3,0.65,16.4,0.39,50.0,0.38,11.0,0.37,11.2,0.36,16.3,0.35,16.4,0.54,6.79,0.55,10.5,0.56,10.6,0.57,20.6,0.58,10.7,0.15,0.15,0.093997,1776170308000
1776170310.314,210.314,0.46,6.79,0.45,10.5,0.44,10.6,0.43,20.6,0.42,10.7,0.61,50.0,0.62,11.0,0.63,11.2,0.64,16.3,0.65,16.4,0.39,50.0,0.38,11.0,0.37,11.2,0.36,16.3,0.35,16.4,0.54,6.79,0.55,10.5,0.56,10.6,0.57,20.6,0.58,10.7,0.15,0.15,0.093997,1776170309000
1776170311.251,211.251,0.46,6.79,0.45,10.5,0.44,10.6,0.43,20.6,0.42,10.7,0.61,50.0,0.62,11.0,0.63,11.2,0.64,16.3,0.65,16.4,0.39,50.0,0.38,11.0,0.37,11.2,0.36,16.3,0.35,16.4,0.54,6.79,0.55,10.5,0.56,10.6,0.57,20.6,0.58,10.7,0.15,0.15,0.093996,1776170310000
1776170312.279,212.279,0.46,6.79,0.45,10.5,0.44,10.6,0.43,20.6,0.42,10.7,0.61,50.0,0.62,11.0,0.63,11.2,0.64,16.3,0.65,16.4,0.39,50.0,0.38,11.0,0.37,11.2,0.36,16.3,0.35,16.4,0.54,6.79,0.55,10.5,0.56,10.6,0.57,20.6,0.58,10.7,0.15,0.15,0.094001,1776170311000
1776170313.427,213.427,0.46,6.79,0.45,10.5,0.44,10.6,0.43,20.6,0.42,10.7,0.61,50.0,0.62,11.0,0.63,11.2,0.64,16.3,0.65,16.4,0.39,50.0,0.38,11.0,0.37,11.2,0.36,16.3,0.35,16.4,0.54,6.79,0.55,10.5,0.56,10.6,0.57,20.6,0.58,10.7,0.15,0.15,0.093996,1776170312000
1776170313.862,213.862,0.46,6.79,0.45,10.5,0.44,10.6,0.43,20.6,0.42,10.7,0.61,50.0,0.62,11.0,0.63,11.2,0.64,16.3,0.65,16.4,0.39,50.0,0.38,11.0,0.37,11.2,0.36,16.3,0.35,16.4,0.54,6.79,0.55,10.5,0.56,10.6,0.57,20.6,0.58,10.7,0.15,0.15,0.093996,1776170313000
1776170314.96,214.96,0.46,6.79,0.45,10.5,0.44,10.6,0.43,20.6,0.42,10.7,0.61,50.0,0.62,11.0,0.63,11.2,0.64,16.3,0.65,16.4,0.39,50.0,0.38,11.0,0.37,11.2,0.36,16.3,0.35,16.4,0.54,6.79,0.55,10.5,0.56,10.6,0.57,20.6,0.58,10.7,0.15,0.15,0.093997,1776170314000
1776170316.546,216.546,0.46,6.79,0.45,10.5,0.44,10.6,0.43,20.6,0.42,10.7,0.61,50.0,0.62,11.0,0.63,11.2,0.64,16.3,0.65,16.4,0.39,50.0,0.38,11.0,0.37,11.2,0.36,16.3,0.35,16.4,0.54,6.79,0.55,10.5,0.56,10.6,0.57,20.6,0.58,10.7,0.15,0.15,0.094019,1776170315000
1776170317.172,217.172,0.46,6.79,0.45,10.5,0.44,10.6,0.43,20.6,0.42,10.7,0.61,50.0,0.62,11.0,0.63,11.2,0.64,16.3,0.65,16.4,0.39,50.0,0.38,11.0,0.37,11.2,0.36,16.3,0.35,16.4,0.54,6.79,0.55,10.5,0.56,10.6,0.57,20.6,0.58,10.7,0.15,0.15,0.094014,1776170316000
1776170318.846,218.846,0.46,6.79,0.45,10.5,0.44,10.6,0.43,20.6,0.42,10.7,0.61,50.0,0.62,11.0,0.63,11.2,0.64,16.3,0.65,16.4,0.39,50.0,0.38,11.0,0.37,11.2,0.36,16.3,0.35,16.4,0.54,6.79,0.55,10.5,0.56,10.6,0.57,20.6,0.58,10.7,0.15,0.15,0.094003,1776170317000
1776170319.67,219.67,0.46,6.79,0.45,10.5,0.44,10.6,0.43,20.6,0.42,10.7,0.61,50.0,0.62,11.0,0.63,11.2,0.64,16.3,0.65,16.4,0.39,50.0,0.38,11.0,0.37,11.2,0.36,16.3,0.35,16.4,0.54,6.79,0.55,10.5,0.56,10.6,0.57,20.6,0.58,10.7,0.15,0.15,0.094004,1776170318000
1776170320.422,220.422,0.46,6.79,0.45,10.5,0.44,10.6,0.43,20.6,0.42,10.7,0.61,50.0,0.62,11.0,0.63,11.2,0.64,16.3,0.65,16.4,0.39,50.0,0.38,11.0,0.37,11.2,0.36,16.3,0.35,16.4,0.54,6.79,0.55,10.5,0.56,10.6,0.57,20.6,0.58,10.7,0.15,0.15,0.094,1776170319000
1776170321.067,221.067,0.46,6.79,0.45,10.5,0.44,10.6,0.43,20.6,0.42,10.7,0.61,50.0,0.62,11.0,0.63,11.2,0.64,16.3,0.65,16.4,0.39,50.0,0.38,11.0,0.37,11.2,0.36,16.3,0.35,16.4,0.54,6.79,0.55,10.5,0.56,10.6,0.57,20.6,0.58,10.7,0.15,0.15,0.093996,1776170320000
1776170322.36,222.36,0.46,6.79,0.45,10.5,0.44,10.6,0.43,20.6,0.42,10.7,0.61,50.0,0.62,11.0,0.63,11.2,0.64,16.3,0.65,16.4,0.39,50.0,0.38,11.0,0.37,11.2,0.36,16.3,0.35,16.4,0.54,6.79,0.55,10.5,0.56,10.6,0.57,20.6,0.58,10.7,0.15,0.15,0.093998,1776170321000
1776170323.026,223.026,0.46,6.79,0.45,10.5,0.44,10.6,0.43,20.6,0.42,10.7,0.61,50.0,0.62,11.0,0.63,11.2,0.64,16.3,0.65,16.4,0.39,50.0,0.38,11.0,0.37,11.2,0.36,16.3,0.35,16.4,0.54,6.79,0.55,10.5,0.56,10.6,0.57,20.6,0.58,10.7,0.15,0.15,0.093998,1776170322000
1776170324.737,224.737,0.46,6.79,0.45,10.5,0.44,10.6,0.43,20.6,0.42,10.7,0.61,50.0,0.62,11.0,0.63,11.2,0.64,16.3,0.65,16.4,0.39,50.0,0.38,11.0,0.37,11.2,0.36,16.3,0.35,16.4,0.54,6.79,0.55,10.5,0.56,10.6,0.57,20.6,0.58,10.7,0.15,0.15,0.094003,1776170323000
1776170325.21,225.21,0.55,0.99,0.54,10.0,0.52,10.4,0.51,60.4,0.5,10.4,0.71,12.6,0.72,12.9,0.73,13.2,0.74,13.5,0.75,13.9,0.39,50.0,0.38,11.0,0.37,11.2,0.36,16.3,0.35,16.4,0.54,6.79,0.55,10.5,0.56,10.6,0.57,20.6,0.58,10.7,0.16,0.15,0.094003,1776170323000
1776170325.585,225.585,0.55,0.99,0.54,10.0,0.52,10.4,0.51,60.4,0.5,10.4,0.71,12.6,0.72,12.9,0.73,13.2,0.74,13.5,0.75,13.9,0.29,12.6,0.28,12.9,0.27,13.2,0.26,13.5,0.25,13.9,0.45,0.99,0.46,10.0,0.48,10.4,0.49,60.4,0.5,10.4,0.16,0.16,0.094016,1776170324000
1776170326.289,226.289,0.55,0.99,0.54,10.0,0.52,10.4,0.51,60.4,0.5,10.4,0.71,12.6,0.72,12.9,0.73,13.2,0.74,13.5,0.75,13.9,0.29,12.6,0.28,12.9,0.27,13.2,0.26,13.5,0.25,13.9,0.45,0.99,0.46,10.0,0.48,10.4,0.49,60.4,0.5,10.4,0.16,0.16,0.094019,1776170325000
1776170327.042,227.042,0.54,15.5,0.53,10.4,0.52,10.4,0.51,60.4,0.5,10.4,0.71,9.83,0.72,12.9,0.73,13.2,0.74,13.5,0.75,13.9,0.29,9.83,0.28,12.9,0.27,13.2,0.26,13.5,0.25,13.9,0.46,15.5,0.47,10.4,0.48,10.4,0.49,60.4,0.5,10.4,0.17,0.17,0.094023,1776170326000
1776170328.114,228.114,0.57,15.6,0.56,10.6,0.55,10.5,0.54,10.5,0.53,10.4,0.72,8.71,0.73,13.2,0.74,13.5,0.75,23.9,0.76,14.3,0.29,9.83,0.28,12.9,0.27,13.2,0.26,13.5,0.25,13.9,0.46,15.5,0.47,10.4,0.48,10.4,0.49,60.4,0.5,10.4,0.15,0.17,0.094023,1776170326000
1776170328.569,228.569,0.57,15.6,0.56,10.6,0.55,10.5,0.54,10.5,0.53,10.4,0.72,8.71,0.73,13.2,0.74,13.5,0.75,23.9,0.76,14.3,0.28,8.71,0.27,13.2,0.26,13.5,0.25,23.9,0.24,14.3,0.43,15.6,0.44,10.6,0.45,10.5,0.46,10.5,0.47,10.4,0.15,0.15,0.094022,1776170327000
1776170329.215,229.215,0.57,15.6,0.56,10.6,0.55,10.5,0.54,10.5,0.53,10.4,0.72,8.71,0.73,13.2,0.74,13.5,0.75,23.9,0.76,14.3,0.28,8.71,0.27,13.2,0.26,13.5,0.25,23.9,0.24,14.3,0.43,15.6,0.44,10.6,0.45,10.5,0.46,10.5,0.47,10.4,0.15,0.15,0.094022,1776170328000
1776170330.978,230.978,0.57,15.6,0.56,10.6,0.55,10.5,0.54,10.5,0.53,10.4,0.72,8.71,0.73,13.2,0.74,13.5,0.75,23.9,0.76,14.3,0.28,8.71,0.27,13.2,0.26,13.5,0.25,23.9,0.24,14.3,0.43,15.6,0.44,10.6,0.45,10.5,0.46,10.5,0.47,10.4,0.15,0.15,0.094018,1776170329000
1776170331.771,231.771,0.57,15.6,0.56,10.6,0.55,10.5,0.54,10.5,0.53,10.4,0.72,8.71,0.73,13.2,0.74,13.5,0.75,23.9,0.76,14.3,0.28,8.71,0.27,13.2,0.26,13.5,0.25,23.9,0.24,14.3,0.43,15.6,0.44,10.6,0.45,10.5,0.46,10.5,0.47,10.4,0.15,0.15,0.094018,1776170330000
1776170332.417,232.417,0.57,15.6,0.56,10.6,0.55,10.5,0.54,10.5,0.53,10.4,0.72,8.71,0.73,13.2,0.74,13.5,0.75,23.9,0.76,14.3,0.28,8.71,0.27,13.2,0.26,13.5,0.25,23.9,0.24,14.3,0.43,15.6,0.44,10.6,0.45,10.5,0.46,10.5,0.47,10.4,0.15,0.15,0.094018,1776170331000
1776170333.172,233.172,0.57,15.6,0.56,10.6,0.55,10.5,0.54,10.5,0.53,10.4,0.72,8.71,0.73,13.2,0.74,13.5,0.75,23.9,0.76,14.3,0.28,8.71,0.27,13.2,0.26,13.5,0.25,23.9,0.24,14.3,0.43,15.6,0.44,10.6,0.45,10.5,0.46,10.5,0.47,10.4,0.15,0.15,0.094018,1776170332000
1776170334.568,234.568,0.57,15.6,0.56,10.6,0.55,10.5,0.54,10.5,0.53,10.4,0.72,8.71,0.73,13.2,0.74,13.5,0.75,23.9,0.76,14.3,0.28,8.71,0.27,13.2,0.26,13.5,0.25,23.9,0.24,14.3,0.43,15.6,0.44,10.6,0.45,10.5,0.46,10.5,0.47,10.4,0.15,0.15,0.094015,1776170333000
1776170335.62,235.62,0.57,15.6,0.56,10.6,0.55,10.5,0.54,10.5,0.53,10.4,0.72,8.71,0.73,13.2,0.74,13.5,0.75,23.9,0.76,14.3,0.28,8.71,0.27,13.2,0.26,13.5,0.25,23.9,0.24,14.3,0.43,15.6,0.44,10.6,0.45,10.5,0.46,10.5,0.47,10.4,0.15,0.15,0.094015,1776170334000
1776170336.15,236.15,0.57,15.6,0.56,10.6,0.55,10.5,0.54,10.5,0.53,10.4,0.72,8.71,0.73,13.2,0.74,13.5,0.75,23.9,0.76,14.3,0.28,8.71,0.27,13.2,0.26,13.5,0.25,23.9,0.24,14.3,0.43,15.6,0.44,10.6,0.45,10.5,0.46,10.5,0.47,10.4,0.15,0.15,0.094015,1776170335000
1776170337.1,237.1,0.57,15.6,0.56,10.6,0.55,10.5,0.54,10.5,0.53,10.4,0.72,8.71,0.73,13.2,0.74,13.5,0.75,23.9,0.76,14.3,0.28,8.71,0.27,13.2,0.26,13.5,0.25,23.9,0.24,14.3,0.43,15.6,0.44,10.6,0.45,10.5,0.46,10.5,0.47,10.4,0.15,0.15,0.094016,1776170336000
1776170337.994,237.994,0.57,15.6,0.56,10.6,0.55,10.5,0.54,10.5,0.53,10.4,0.72,8.71,0.73,13.2,0.74,13.5,0.75,23.9,0.76,14.3,0.28,8.71,0.27,13.2,0.26,13.5,0.25,23.9,0.24,14.3,0.43,15.6,0.44,10.6,0.45,10.5,0.46,10.5,0.47,10.4,0.15,0.15,0.094015,1776170337000
1776170339.178,239.178,0.57,15.6,0.56,10.6,0.55,10.5,0.54,10.5,0.53,10.4,0.72,8.71,0.73,13.2,0.74,13.5,0.75,23.9,0.76,14.3,0.28,8.71,0.27,13.2,0.26,13.5,0.25,23.9,0.24,14.3,0.43,15.6,0.44,10.6,0.45,10.5,0.46,10.5,0.47,10.4,0.15,0.15,0.094015,1776170338000
1776170340.048,240.048,0.57,15.6,0.56,10.6,0.55,10.5,0.54,10.5,0.53,10.4,0.72,8.71,0.73,13.2,0.74,13.5,0.75,23.9,0.76,14.3,0.28,8.71,0.27,13.2,0.26,13.5,0.25,23.9,0.24,14.3,0.43,15.6,0.44,10.6,0.45,10.5,0.46,10.5,0.47,10.4,0.15,0.15,0.094015,1776170339000
1776170340.996,240.996,0.57,15.6,0.56,10.6,0.55,10.5,0.54,10.5,0.53,10.4,0.72,8.71,0.73,13.2,0.74,13.5,0.75,23.9,0.76,14.3,0.28,8.71,0.27,13.2,0.26,13.5,0.25,23.9,0.24,14.3,0.43,15.6,0.44,10.6,0.45,10.5,0.46,10.5,0.47,10.4,0.15,0.15,0.094015,1776170340000
1776170341.951,241.951,0.57,15.6,0.56,10.6,0.55,10.5,0.54,10.5,0.53,10.4,0.72,8.71,0.73,13.2,0.74,13.5,0.75,23.9,0.76,14.3,0.28,8.71,0.27,13.2,0.26,13.5,0.25,23.9,0.24,14.3,0.43,15.6,0.44,10.6,0.45,10.5,0.46,10.5,0.47,10.4,0.15,0.15,0.094014,1776170341000
1776170343.02,243.02,0.57,15.6,0.56,10.6,0.55,10.5,0.54,10.5,0.53,10.4,0.72,8.71,0.73,13.2,0.74,13.5,0.75,23.9,0.76,14.3,0.28,8.71,0.27,13.2,0.26,13.5,0.25,23.9,0.24,14.3,0.43,15.6,0.44,10.6,0.45,10.5,0.46,10.5,0.47,10.4,0.15,0.15,0.094014,1776170342000
1776170344.102,244.102,0.57,15.6,0.56,10.6,0.55,10.5,0.54,10.5,0.53,10.4,0.72,8.71,0.73,13.2,0.74,13.5,0.75,23.9,0.76,14.3,0.28,8.71,0.27,13.2,0.26,13.5,0.25,23.9,0.24,14.3,0.43,15.6,0.44,10.6,0.45,10.5,0.46,10.5,0.47,10.4,0.15,0.15,0.094015,1776170343000
1776170345.021,245.021,0.57,15.6,0.56,10.6,0.55,10.5,0.54,10.5,0.53,10.4,0.72,8.71,0.73,13.2,0.74,13.5,0.75,23.9,0.76,14.3,0.28,8.71,0.27,13.2,0.26,13.5,0.25,23.9,0.24,14.3,0.43,15.6,0.44,10.6,0.45,10.5,0.46,10.5,0.47,10.4,0.15,0.15,0.09402,1776170344000
1776170346.083,246.083,0.57,15.6,0.56,10.6,0.55,10.5,0.54,10.5,0.53,10.4,0.72,8.71,0.73,13.2,0.74,13.5,0.75,23.9,0.76,14.3,0.28,8.71,0.27,13.2,0.26,13.5,0.25,23.9,0.24,14.3,0.43,15.6,0.44,10.6,0.45,10.5,0.46,10.5,0.47,10.4,0.15,0.15,0.094018,1776170345000
1776170347.086,247.086,0.57,15.6,0.56,10.6,0.55,10.5,0.54,10.5,0.53,10.4,0.72,8.71,0.73,13.2,0.74,13.5,0.75,23.9,0.76,14.3,0.28,8.71,0.27,13.2,0.26,13.5,0.25,23.9,0.24,14.3,0.43,15.6,0.44,10.6,0.45,10.5,0.46,10.5,0.47,10.4,0.15,0.15,0.094018,1776170346000
1776170348.685,248.685,0.57,15.6,0.56,10.6,0.55,10.5,0.54,10.5,0.53,10.4,0.72,8.71,0.73,13.2,0.74,13.5,0.75,23.9,0.76,14.3,0.28,8.71,0.27,13.2,0.26,13.5,0.25,23.9,0.24,14.3,0.43,15.6,0.44,10.6,0.45,10.5,0.46,10.5,0.47,10.4,0.15,0.15,0.094019,1776170347000
1776170349.224,249.224,0.57,15.6,0.56,10.6,0.55,10.5,0.54,10.5,0.53,10.4,0.72,8.71,0.73,13.2,0.74,13.5,0.75,23.9,0.76,14.3,0.28,8.71,0.27,13.2,0.26,13.5,0.25,23.9,0.24,14.3,0.43,15.6,0.44,10.6,0.45,10.5,0.46,10.5,0.47,10.4,0.15,0.15,0.094017,1776170348000
1776170350.296,250.296,0.57,15.6,0.56,10.6,0.55,10.5,0.54,10.5,0.53,10.4,0.72,8.71,0.73,13.2,0.74,13.5,0.75,23.9,0.76,14.3,0.28,8.71,0.27,13.2,0.26,13.5,0.25,23.9,0.24,14.3,0.43,15.6,0.44,10.6,0.45,10.5,0.46,10.5,0.47,10.4,0.15,0.15,0.094017,1776170349000
1776170351.435,251.435,0.57,15.6,0.56,10.6,0.55,10.5,0.54,10.5,0.53,10.4,0.72,8.71,0.73,13.2,0.74,13.5,0.75,23.9,0.76,14.3,0.28,8.71,0.27,13.2,0.26,13.5,0.25,23.9,0.24,14.3,0.43,15.6,0.44,10.6,0.45,10.5,0.46,10.5,0.47,10.4,0.15,0.15,0.094017,1776170350000
1776170351.947,251.947,0.57,15.6,0.56,10.6,0.55,10.5,0.54,10.5,0.53,10.4,0.72,8.71,0.73,13.2,0.74,13.5,0.75,23.9,0.76,14.3,0.28,8.71,0.27,13.2,0.26,13.5,0.25,23.9,0.24,14.3,0.43,15.6,0.44,10.6,0.45,10.5,0.46,10.5,0.47,10.4,0.15,0.15,0.094018,1776170351000
1776170353.065,253.065,0.57,15.6,0.56,10.6,0.55,10.5,0.54,10.5,0.53,10.4,0.72,8.71,0.73,13.2,0.74,13.5,0.75,23.9,0.76,14.3,0.28,8.71,0.27,13.2,0.26,13.5,0.25,23.9,0.24,14.3,0.43,15.6,0.44,10.6,0.45,10.5,0.46,10.5,0.47,10.4,0.15,0.15,0.094018,1776170352000
1776170354.095,254.095,0.61,10.9,0.6,10.8,0.59,10.7,0.58,10.7,0.57,10.6,0.8,14.95,0.81,66.89,0.82,17.6,0.83,28.39,0.84,19.3,0.28,8.71,0.27,13.2,0.26,13.5,0.25,23.9,0.24,14.3,0.43,15.6,0.44,10.6,0.45,10.5,0.46,10.5,0.47,10.4,0.19,0.15,0.094018,1776170352000
1776170355.133,255.133,0.61,10.9,0.6,10.8,0.59,10.7,0.58,10.7,0.57,10.6,0.8,14.95,0.81,66.89,0.82,17.6,0.83,28.39,0.84,19.3,0.2,14.95,0.19,66.89,0.18,17.6,0.17,28.39,0.16,19.3,0.39,10.9,0.4,10.8,0.41,10.7,0.42,10.7,0.43,10.6,0.19,0.19,0.09402,1776170354000
1776170355.613,255.613,0.64,36.3,0.63,11.2,0.62,11.0,0.61,60.9,0.6,10.8,0.74,0.98,0.75,5.0,0.76,5.0,0.77,5.0,0.78,5.0,0.2,14.95,0.19,66.89,0.18,17.6,0.17,28.39,0.16,19.3,0.39,10.9,0.4,10.8,0.41,10.7,0.42,10.7,0.43,10.6,0.1,0.19,0.09402,1776170354000
1776170356.249,256.249,0.64,36.3,0.63,11.2,0.62,11.0,0.61,60.9,0.6,10.8,0.74,0.98,0.75,5.0,0.76,5.0,0.77,5.0,0.78,5.0,0.26,0.98,0.25,5.0,0.24,5.0,0.23,5.0,0.22,5.0,0.36,36.3,0.37,11.2,0.38,11.0,0.39,60.9,0.4,10.8,0.1,0.1,0.09402,1776170355000
1776170357.267,257.267,0.64,36.3,0.63,11.2,0.62,11.0,0.61,60.9,0.6,10.8,0.74,0.98,0.75,5.0,0.76,5.0,0.77,5.0,0.78,5.0,0.26,0.98,0.25,5.0,0.24,5.0,0.23,5.0,0.22,5.0,0.36,36.3,0.37,11.2,0.38,11.0,0.39,60.9,0.4,10.8,0.1,0.1,0.09402,1776170356000
1776170358.431,258.431,0.64,36.3,0.63,11.2,0.62,11.0,0.61,60.9,0.6,10.8,0.74,0.98,0.75,5.0,0.76,5.0,0.77,5.0,0.78,5.0,0.26,0.98,0.25,5.0,0.24,5.0,0.23,5.0,0.22,5.0,0.36,36.3,0.37,11.2,0.38,11.0,0.39,60.9,0.4,10.8,0.1,0.1,0.094022,1776170357000
1776170358.924,258.924,0.7,12.4,0.69,12.2,0.68,16.9,0.67,11.8,0.66,11.6,0.84,16.91,0.85,30.39,0.86,21.6,0.87,23.0,0.88,24.6,0.26,0.98,0.25,5.0,0.24,5.0,0.23,5.0,0.22,5.0,0.36,36.3,0.37,11.2,0.38,11.0,0.39,60.9,0.4,10.8,0.14,0.1,0.094022,1776170357000
1776170360.017,260.017,0.7,12.4,0.69,12.2,0.68,16.9,0.67,11.8,0.66,11.6,0.84,16.91,0.85,30.39,0.86,21.6,0.87,23.0,0.88,24.6,0.16,16.91,0.15,30.39,0.14,21.6,0.13,23.0,0.12,24.6,0.3,12.4,0.31,12.2,0.32,16.9,0.33,11.8,0.34,11.6,0.14,0.14,0.094024,1776170359000
1776170361.079,261.079,0.7,12.4,0.69,12.2,0.68,16.9,0.67,11.8,0.66,11.6,0.84,16.91,0.85,30.39,0.86,21.6,0.87,23.0,0.88,24.6,0.16,16.91,0.15,30.39,0.14,21.6,0.13,23.0,0.12,24.6,0.3,12.4,0.31,12.2,0.32,16.9,0.33,11.8,0.34,11.6,0.14,0.14,0.094024,1776170360000
1776170362.803,262.803,0.7,12.4,0.69,12.2,0.68,16.9,0.67,11.8,0.66,11.6,0.84,16.91,0.85,30.39,0.86,21.6,0.87,23.0,0.88,24.6,0.16,16.91,0.15,30.39,0.14,21.6,0.13,23.0,0.12,24.6,0.3,12.4,0.31,12.2,0.32,16.9,0.33,11.8,0.34,11.6,0.14,0.14,0.094023,1776170361000
1776170363.438,263.438,0.33,7.36,0.32,11.9,0.31,62.2,0.3,12.4,0.29,12.6,0.58,5.0,0.61,50.0,0.65,28.0,0.71,60.0,0.81,50.0,0.49,50.0,0.42,5.0,0.41,5.0,0.39,55.0,0.35,28.0,0.64,5.99,0.65,11.4,0.66,11.6,0.67,11.8,0.68,11.9,0.25,0.15,0.094023,1776170361000
1776170363.85,263.85,0.33,2.92,0.32,11.9,0.31,62.2,0.3,12.4,0.29,12.6,0.61,50.0,0.65,28.0,0.71,50.0,0.81,66.89,0.82,17.6,0.42,5.0,0.39,50.0,0.35,28.0,0.29,60.0,0.19,50.0,0.67,7.36,0.68,11.9,0.69,62.2,0.7,12.4,0.71,12.6,0.28,0.25,0.094024,1776170362000
1776170365.181,265.181,0.33,2.92,0.32,11.9,0.31,62.2,0.3,12.4,0.29,12.6,0.61,50.0,0.65,28.0,0.71,50.0,0.81,66.89,0.82,17.6,0.39,50.0,0.35,28.0,0.29,50.0,0.19,66.89,0.18,17.6,0.67,2.92,0.68,11.9,0.69,62.2,0.7,12.4,0.71,12.6,0.28,0.28,0.093993,1776170364000
1776170366.291,266.291,0.33,2.92,0.32,11.9,0.31,62.2,0.3,12.4,0.29,12.6,0.61,50.0,0.65,28.0,0.71,50.0,0.81,66.89,0.82,17.6,0.39,50.0,0.35,28.0,0.29,50.0,0.19,66.89,0.18,17.6,0.67,2.92,0.68,11.9,0.69,62.2,0.7,12.4,0.71,12.6,0.28,0.28,0.093983,1776170365000
1776170367.529,267.529,0.33,2.92,0.32,11.9,0.31,62.2,0.3,12.4,0.29,12.6,0.61,50.0,0.65,28.0,0.71,50.0,0.81,66.89,0.82,17.6,0.39,50.0,0.35,28.0,0.29,50.0,0.19,66.89,0.18,17.6,0.67,2.92,0.68,11.9,0.69,62.2,0.7,12.4,0.71,12.6,0.28,0.28,0.093983,1776170366000
1776170368.042,268.042,0.33,2.92,0.32,11.9,0.31,62.2,0.3,12.4,0.29,12.6,0.61,50.0,0.65,28.0,0.71,50.0,0.81,66.89,0.82,17.6,0.39,50.0,0.35,28.0,0.29,50.0,0.19,66.89,0.18,17.6,0.67,2.92,0.68,11.9,0.69,62.2,0.7,12.4,0.71,12.6,0.28,0.28,0.093985,1776170367000
1776170369.258,269.258,0.33,2.92,0.32,11.9,0.31,62.2,0.3,12.4,0.29,12.6,0.61,50.0,0.65,28.0,0.71,50.0,0.81,66.89,0.82,17.6,0.39,50.0,0.35,28.0,0.29,50.0,0.19,66.89,0.18,17.6,0.67,2.92,0.68,11.9,0.69,62.2,0.7,12.4,0.71,12.6,0.28,0.28,0.094,1776170368000
1776170370.254,270.254,0.57,10.0,0.56,5.0,0.55,5.0,0.54,5.0,0.53,5.0,0.77,15.84,0.78,15.2,0.79,15.7,0.8,16.2,0.81,66.89,0.23,15.84,0.22,15.2,0.21,15.7,0.2,16.2,0.19,66.89,0.43,10.0,0.44,5.0,0.45,5.0,0.46,5.0,0.47,5.0,0.2,0.2,0.094,1776170369000
1776170370.925,270.925,0.57,10.0,0.56,5.0,0.55,5.0,0.54,5.0,0.53,5.0,0.77,15.84,0.78,15.2,0.79,15.7,0.8,16.2,0.81,66.89,0.23,15.84,0.22,15.2,0.21,15.7,0.2,16.2,0.19,66.89,0.43,10.0,0.44,5.0,0.45,5.0,0.46,5.0,0.47,5.0,0.2,0.2,0.094,1776170370000
1776170372.174,272.174,0.57,10.0,0.56,5.0,0.55,5.0,0.54,5.0,0.53,5.0,0.77,15.84,0.78,15.2,0.79,15.7,0.8,16.2,0.81,66.89,0.23,15.84,0.22,15.2,0.21,15.7,0.2,16.2,0.19,66.89,0.43,10.0,0.44,5.0,0.45,5.0,0.46,5.0,0.47,5.0,0.2,0.2,0.094016,1776170371000
1776170373.498,273.498,0.57,10.0,0.56,5.0,0.55,5.0,0.54,5.0,0.53,5.0,0.77,15.84,0.78,15.2,0.79,15.7,0.8,16.2,0.81,66.89,0.23,15.84,0.22,15.2,0.21,15.7,0.2,16.2,0.19,66.89,0.43,10.0,0.44,5.0,0.45,5.0,0.46,5.0,0.47,5.0,0.2,0.2,0.094018,1776170372000
1776170374.013,274.013,0.57,10.0,0.56,5.0,0.55,5.0,0.54,5.0,0.53,5.0,0.77,15.84,0.78,15.2,0.79,15.7,0.8,16.2,0.81,66.89,0.23,15.84,0.22,15.2,0.21,15.7,0.2,16.2,0.19,66.89,0.43,10.0,0.44,5.0,0.45,5.0,0.46,5.0,0.47,5.0,0.2,0.2,0.094018,1776170373000
1776170374.692,274.692,0.68,12.4,0.67,5.0,0.61,50.0,0.51,50.0,0.47,10.4,0.85,18.91,0.86,21.6,0.87,23.0,0.88,24.6,0.89,36.6,0.23,15.84,0.22,15.2,0.21,15.7,0.2,16.2,0.19,66.89,0.43,10.0,0.44,5.0,0.45,5.0,0.46,5.0,0.47,5.0,0.17,0.2,0.094018,1776170373000
1776170375.26,275.26,0.68,12.4,0.67,5.0,0.61,50.0,0.51,50.0,0.47,10.4,0.85,18.91,0.86,21.6,0.87,23.0,0.88,24.6,0.89,36.6,0.15,18.91,0.14,21.6,0.13,23.0,0.12,24.6,0.11,36.6,0.32,12.4,0.33,5.0,0.39,50.0,0.49,50.0,0.53,10.4,0.17,0.17,0.09402,1776170374000
1776170376.501,276.501,0.68,12.4,0.67,5.0,0.61,50.0,0.51,50.0,0.47,10.4,0.85,18.91,0.86,21.6,0.87,23.0,0.88,24.6,0.89,36.6,0.15,18.91,0.14,21.6,0.13,23.0,0.12,24.6,0.11,36.6,0.32,12.4,0.33,5.0,0.39,50.0,0.49,50.0,0.53,10.4,0.17,0.17,0.094021,1776170375000
1776170377.044,277.044,0.68,12.4,0.67,5.0,0.61,50.0,0.51,50.0,0.47,10.4,0.85,18.91,0.86,21.6,0.87,23.0,0.88,24.6,0.89,36.6,0.15,18.91,0.14,21.6,0.13,23.0,0.12,24.6,0.11,36.6,0.32,12.4,0.33,5.0,0.39,50.0,0.49,50.0,0.53,10.4,0.17,0.17,0.094021,1776170376000
1776170378.195,278.195,0.76,5.0,0.61,50.0,0.51,50.0,0.41,50.0,0.36,10.0,0.81,48.76,0.9,10.0,0.91,50.0,0.95,5.0,0.96,130.0,0.19,48.76,0.1,10.0,0.09,50.0,0.05,5.0,0.04,130.0,0.24,5.0,0.39,50.0,0.49,50.0,0.59,50.0,0.64,10.0,0.05,0.05,0.09402,1776170377000
1776170379.234,279.234,0.76,5.0,0.61,50.0,0.51,50.0,0.41,50.0,0.36,10.0,0.81,48.76,0.9,10.0,0.91,50.0,0.95,5.0,0.96,130.0,0.19,48.76,0.1,10.0,0.09,50.0,0.05,5.0,0.04,130.0,0.24,5.0,0.39,50.0,0.49,50.0,0.59,50.0,0.64,10.0,0.05,0.05,0.094021,1776170378000
1776170380.361,280.361,0.76,5.0,0.61,50.0,0.51,50.0,0.41,50.0,0.36,10.0,0.81,48.76,0.9,10.0,0.91,50.0,0.95,5.0,0.96,130.0,0.19,48.76,0.1,10.0,0.09,50.0,0.05,5.0,0.04,130.0,0.24,5.0,0.39,50.0,0.49,50.0,0.59,50.0,0.64,10.0,0.05,0.05,0.094018,1776170379000
1776170380.801,280.801,0.76,5.0,0.71,50.0,0.61,50.0,0.54,9.0,0.51,50.0,0.95,1.87,0.96,5.0,0.98,65.0,0.99,6956.09,,,0.19,48.76,0.1,10.0,0.09,50.0,0.05,5.0,0.04,130.0,0.24,5.0,0.39,50.0,0.49,50.0,0.59,50.0,0.64,10.0,0.19,0.05,0.094018,1776170379000
1776170381.55,281.55,0.76,5.0,0.71,50.0,0.61,50.0,0.54,9.0,0.51,50.0,0.95,1.87,0.96,5.0,0.98,65.0,0.99,6956.09,,,0.05,1.87,0.04,5.0,0.02,65.0,0.01,6956.09,,,0.24,5.0,0.29,50.0,0.39,50.0,0.46,9.0,0.49,50.0,0.19,0.19,0.094012,1776170380000
1776170381.895,281.895,0.76,5.0,0.71,50.0,0.69,5.0,0.61,50.0,0.54,9.0,0.95,0.81,0.96,5.0,0.98,165.0,0.99,6856.09,,,0.05,1.87,0.04,5.0,0.02,65.0,0.01,6956.09,,,0.24,5.0,0.29,50.0,0.39,50.0,0.46,9.0,0.49,50.0,0.19,0.19,0.094012,1776170380000
1776170383.142,283.142,0.76,5.0,0.71,50.0,0.69,5.0,0.61,50.0,0.54,9.0,0.95,0.81,0.96,5.0,0.98,165.0,0.99,6856.09,,,0.05,0.81,0.04,5.0,0.02,165.0,0.01,6856.09,,,0.24,5.0,0.29,50.0,0.31,5.0,0.39,50.0,0.46,9.0,0.19,0.19,0.094026,1776170382000
1776170384.222,284.222,0.76,5.0,0.71,50.0,0.69,5.0,0.61,50.0,0.54,9.0,0.95,0.81,0.96,5.0,0.98,165.0,0.99,6856.09,,,0.05,0.81,0.04,5.0,0.02,165.0,0.01,6856.09,,,0.24,5.0,0.29,50.0,0.31,5.0,0.39,50.0,0.46,9.0,0.19,0.19,0.094027,1776170383000
1776170384.587,284.587,0.61,45.46,0.51,50.0,0.41,50.0,0.4,10.0,0.31,50.0,0.91,50.0,0.95,0.81,0.96,130.0,0.98,65.0,0.99,5356.09,0.05,0.81,0.04,5.0,0.02,165.0,0.01,6856.09,,,0.24,5.0,0.29,50.0,0.31,5.0,0.39,50.0,0.46,9.0,0.3,0.19,0.094027,1776170383000
1776170385.46,285.46,0.61,45.46,0.51,50.0,0.41,50.0,0.4,10.0,0.31,50.0,0.91,50.0,0.95,0.81,0.96,130.0,0.98,65.0,0.99,5356.09,0.09,50.0,0.05,0.81,0.04,130.0,0.02,65.0,0.01,5356.09,0.39,45.46,0.49,50.0,0.59,50.0,0.6,10.0,0.69,50.0,0.3,0.3,0.094027,1776170384000
1776170386.056,286.056,0.61,45.46,0.51,50.0,0.41,50.0,0.4,10.0,0.31,50.0,0.91,50.0,0.95,0.81,0.96,130.0,0.98,65.0,0.99,5356.09,0.09,50.0,0.05,0.81,0.04,130.0,0.02,65.0,0.01,5356.09,0.39,45.46,0.49,50.0,0.59,50.0,0.6,10.0,0.69,50.0,0.3,0.3,0.094025,1776170385000
1776170387.188,287.188,0.61,45.46,0.51,50.0,0.41,50.0,0.4,10.0,0.31,50.0,0.91,50.0,0.95,0.81,0.96,130.0,0.98,65.0,0.99,5356.09,0.09,50.0,0.05,0.81,0.04,130.0,0.02,65.0,0.01,5356.09,0.39,45.46,0.49,50.0,0.59,50.0,0.6,10.0,0.69,50.0,0.3,0.3,0.094022,1776170386000
1776170388.602,288.602,0.61,45.46,0.51,50.0,0.41,50.0,0.4,10.0,0.31,50.0,0.91,50.0,0.95,0.81,0.96,130.0,0.98,65.0,0.99,5356.09,0.09,50.0,0.05,0.81,0.04,130.0,0.02,65.0,0.01,5356.09,0.39,45.46,0.49,50.0,0.59,50.0,0.6,10.0,0.69,50.0,0.3,0.3,0.094025,1776170387000
1776170389.231,289.231,0.61,45.46,0.51,50.0,0.41,50.0,0.4,10.0,0.31,50.0,0.91,50.0,0.95,0.81,0.96,130.0,0.98,65.0,0.99,5356.09,0.09,50.0,0.05,0.81,0.04,130.0,0.02,65.0,0.01,5356.09,0.39,45.46,0.49,50.0,0.59,50.0,0.6,10.0,0.69,50.0,0.3,0.3,0.094032,1776170388000
1776170390.21,290.21,0.81,56.0,0.71,50.0,0.61,45.46,0.59,10.0,0.51,50.0,0.96,5.0,0.98,65.0,0.99,356.09,,,,,0.09,50.0,0.05,0.81,0.04,130.0,0.02,65.0,0.01,5356.09,0.39,45.46,0.49,50.0,0.59,50.0,0.6,10.0,0.69,50.0,0.15,0.3,0.094032,1776170388000
1776170390.501,290.501,0.81,56.0,0.71,50.0,0.61,45.46,0.59,10.0,0.51,50.0,0.96,5.0,0.98,65.0,0.99,356.09,,,,,0.04,5.0,0.02,65.0,0.01,356.09,,,,,0.19,56.0,0.29,50.0,0.39,45.46,0.41,10.0,0.49,50.0,0.15,0.15,0.094038,1776170389000
1776170391.022,291.022,0.81,56.0,0.71,50.0,0.61,45.46,0.59,10.0,0.51,50.0,0.96,5.0,0.98,65.0,0.99,356.09,,,,,0.04,5.0,0.02,65.0,0.01,356.09,,,,,0.19,56.0,0.29,50.0,0.39,45.46,0.41,10.0,0.49,50.0,0.15,0.15,0.094038,1776170390000
1776170392.003,292.003,0.81,56.0,0.71,50.0,0.61,45.46,0.59,10.0,0.51,50.0,0.96,2.9,0.98,15.0,0.99,256.09,,,,,0.04,3.95,0.02,15.0,0.01,256.09,,,,,0.19,56.0,0.29,50.0,0.39,45.46,0.41,10.0,0.49,50.0,0.15,0.15,0.094038,1776170390000
1776170392.224,292.224,0.81,56.0,0.71,50.0,0.61,45.46,0.59,10.0,0.51,50.0,0.96,2.9,0.98,15.0,0.99,256.09,,,,,0.04,2.9,0.02,15.0,0.01,256.09,,,,,0.19,56.0,0.29,50.0,0.39,45.46,0.41,10.0,0.49,50.0,0.15,0.15,0.094036,1776170391000
1776170393.246,293.246,0.81,56.0,0.71,50.0,0.61,45.46,0.59,10.0,0.51,50.0,0.96,2.9,0.98,15.0,0.99,256.09,,,,,0.04,2.9,0.02,15.0,0.01,256.09,,,,,0.19,56.0,0.29,50.0,0.39,45.46,0.41,10.0,0.49,50.0,0.15,0.15,0.094036,1776170392000
1776170394.378,294.378,0.81,56.0,0.71,50.0,0.61,45.46,0.54,10.0,0.51,50.0,0.98,7.74,0.99,176.09,,,,,,,0.02,12.85,0.01,256.09,,,,,,,0.19,56.0,0.29,50.0,0.39,45.46,0.4,10.0,0.49,50.0,0.17,0.17,0.094036,1776170392000
1776170394.865,294.865,0.81,56.0,0.71,50.0,0.61,45.46,0.54,10.0,0.51,50.0,0.98,7.74,0.99,176.09,,,,,,,0.02,7.74,0.01,176.09,,,,,,,0.19,56.0,0.29,50.0,0.39,45.46,0.46,10.0,0.49,50.0,0.17,0.17,0.094034,1776170393000
1776170395.51,295.51,0.71,50.0,0.61,45.46,0.51,50.0,0.41,60.0,0.39,12.0,0.99,159.75,,,,,,,,,0.01,161.75,,,,,,,,,0.19,56.0,0.29,50.0,0.39,45.46,0.46,10.0,0.49,50.0,0.28,0.18,0.094034,1776170393000
1776170396.067,296.067,0.81,50.0,0.71,39.75,0.61,45.46,0.57,8.0,0.51,50.0,0.99,119.75,,,,,,,,,0.01,159.75,,,,,,,,,0.29,39.75,0.39,45.46,0.49,50.0,0.59,50.0,0.61,12.0,0.18,0.28,0.094034,1776170394000
1776170396.35,296.35,0.81,50.0,0.71,39.75,0.61,45.46,0.57,8.0,0.51,50.0,0.99,105.75,,,,,,,,,0.01,119.75,,,,,,,,,0.19,50.0,0.29,39.75,0.39,45.46,0.43,8.0,0.49,50.0,0.18,0.18,0.094032,1776170395000
1776170396.685,296.685,0.81,50.0,0.71,39.75,0.61,45.46,0.57,8.0,0.51,50.0,0.99,100.69,,,,,,,,,0.01,105.75,,,,,,,,,0.19,50.0,0.29,39.75,0.39,45.46,0.43,8.0,0.49,50.0,0.18,0.18,0.094032,1776170395000
1776170397.373,297.373,0.81,50.0,0.71,39.75,0.61,45.46,0.57,8.0,0.51,50.0,0.99,60.28,,,,,,,,,0.01,100.69,,,,,,,,,0.19,50.0,0.29,39.75,0.39,45.46,0.43,8.0,0.49,50.0,0.18,0.18,0.094032,1776170395000
1776170397.732,297.732,0.81,50.0,0.71,39.75,0.61,45.46,0.57,8.0,0.51,50.0,0.99,54.26,,,,,,,,,0.01,55.28,,,,,,,,,0.19,50.0,0.29,39.75,0.39,45.46,0.43,8.0,0.49,50.0,0.18,0.18,0.094028,1776170396000
1776170398.17,298.17,0.81,50.0,0.71,39.75,0.61,45.46,0.57,8.0,0.51,50.0,0.99,54.26,,,,,,,,,0.01,54.26,,,,,,,,,0.19,50.0,0.29,39.75,0.39,45.46,0.43,8.0,0.49,50.0,0.18,0.18,0.094021,1776170397000
1776170398.452,298.452,0.99,60.74,0.61,45.25,0.51,57.0,0.41,58.0,0.31,59.0,,,,,,,,,,,0.01,39.26,,,,,,,,,0.39,45.25,0.49,57.0,0.59,58.0,0.69,59.0,0.79,60.0,,0.38,0.094021,1776170397000
1776170399.688,299.688,0.99,659.53,0.61,6.0,0.51,7.0,0.5,124.54,0.41,8.0,,,,,,,,,,,,,,,,,,,,,0.01,60.74,0.39,45.25,0.49,57.0,0.59,58.0,0.69,59.0,,,0.094021,1776170397000
1776170400.405,300.405,0.99,659.53,0.61,6.0,0.51,7.0,0.5,124.54,0.41,8.0,,,,,,,,,,,,,,,,,,,,,0.01,659.53,0.39,6.0,0.49,7.0,0.5,124.54,0.59,8.0,,,0.094011,1776170399000
1776170401.151,301.151,0.99,659.53,0.61,6.0,0.51,7.0,0.5,124.54,0.41,8.0,,,,,,,,,,,,,,,,,,,,,0.01,659.53,0.39,6.0,0.49,7.0,0.5,124.54,0.59,8.0,,,0.094005,1776170400000
1776170402.559,302.559,0.99,659.53,0.61,6.0,0.51,7.0,0.5,124.54,0.41,8.0,,,,,,,,,,,,,,,,,,,,,0.01,659.53,0.39,6.0,0.49,7.0,0.5,124.54,0.59,8.0,,,0.094006,1776170401000

# RESULT,winner=Up,slug=doge-updown-5m-1776170100,ticks=325
