timestamp,elapsed_sec,up_bid_p1,up_bid_s1,up_bid_p2,up_bid_s2,up_ask_p1,up_ask_s1,up_ask_p2,up_ask_s2,down_bid_p1,down_bid_s1,down_bid_p2,down_bid_s2,down_ask_p1,down_ask_s1,down_ask_p2,down_ask_s2,up_spread,down_spread,doge_price,doge_oracle_ts
1776186601.373,1.373,,,,,,,,,,,,,,,,,,,0.095179,1776186600000
1776186601.779,1.779,0.5,7.88,0.48,6.0,0.52,6.0,0.55,6.66,0.48,6.0,0.45,6.66,0.5,17.88,0.52,6.0,0.02,0.02,0.095179,1776186600000
1776186601.979,1.979,0.5,7.88,0.48,6.0,0.52,6.0,0.55,6.66,0.48,6.0,0.45,6.66,0.5,17.88,0.52,6.0,0.02,0.02,0.095185,1776186601000
1776186602.377,2.377,0.51,9.0,0.5,7.88,0.52,6.0,0.55,6.66,0.48,6.0,0.45,6.66,0.5,17.88,0.52,6.0,0.01,0.02,0.095185,1776186601000
1776186603.032,3.032,0.51,9.0,0.5,7.88,0.55,6.66,0.67,300.0,0.48,6.0,0.45,6.66,0.49,9.0,0.5,7.88,0.04,0.01,0.095185,1776186601000
1776186603.396,3.396,0.5,7.88,0.48,6.0,0.69,375.0,0.71,50.0,0.45,6.66,0.33,300.0,0.49,9.0,0.5,7.88,0.19,0.04,0.095192,1776186602000
1776186604.556,4.556,0.5,7.88,0.48,6.0,0.69,375.0,0.71,50.0,0.31,375.0,0.29,50.0,0.5,7.88,0.52,6.0,0.19,0.19,0.09523,1776186603000
1776186604.954,4.954,0.5,7.88,0.48,6.0,0.69,375.0,0.71,50.0,0.31,375.0,0.29,50.0,0.5,7.88,0.52,6.0,0.19,0.19,0.095233,1776186604000
1776186605.867,5.867,0.5,7.88,0.48,6.0,0.69,375.0,0.71,50.0,0.31,375.0,0.29,50.0,0.5,7.88,0.52,6.0,0.19,0.19,0.095258,1776186605000
1776186606.357,6.357,0.54,5.0,0.52,5.0,0.63,10.0,0.71,50.0,0.31,375.0,0.29,50.0,0.5,7.88,0.52,6.0,0.09,0.19,0.095258,1776186605000
1776186606.861,6.861,0.54,5.0,0.52,5.0,0.63,10.0,0.71,50.0,0.37,10.0,0.29,50.0,0.46,5.0,0.48,5.0,0.09,0.09,0.095271,1776186606000
1776186608.386,8.386,0.54,5.0,0.52,5.0,0.63,10.0,0.71,50.0,0.37,10.0,0.29,50.0,0.46,5.0,0.48,5.0,0.09,0.09,0.095237,1776186607000
1776186609.336,9.336,0.54,5.0,0.52,5.0,0.63,10.0,0.71,50.0,0.37,10.0,0.29,50.0,0.46,5.0,0.48,5.0,0.09,0.09,0.095239,1776186608000
1776186610.268,10.268,0.54,5.0,0.52,5.0,0.63,10.0,0.71,50.0,0.37,10.0,0.29,50.0,0.46,5.0,0.48,5.0,0.09,0.09,0.095267,1776186609000
1776186611.303,11.303,0.56,3.8,0.55,9.0,0.65,10.0,0.76,20.0,0.37,10.0,0.29,50.0,0.46,5.0,0.48,5.0,0.09,0.09,0.095267,1776186609000
1776186612.233,12.233,0.56,3.8,0.55,9.0,0.65,10.0,0.76,20.0,0.35,10.0,0.24,20.0,0.44,3.8,0.45,9.0,0.09,0.09,0.095266,1776186611000
1776186613.227,13.227,0.56,3.8,0.55,9.0,0.65,10.0,0.76,20.0,0.35,10.0,0.24,20.0,0.44,3.8,0.45,9.0,0.09,0.09,0.095243,1776186612000
1776186614.148,14.148,0.56,3.8,0.55,9.0,0.65,10.0,0.76,20.0,0.35,10.0,0.24,20.0,0.44,3.8,0.45,9.0,0.09,0.09,0.095235,1776186613000
1776186615.228,15.228,0.56,3.8,0.55,9.0,0.65,10.0,0.76,20.0,0.35,10.0,0.24,20.0,0.44,3.8,0.45,9.0,0.09,0.09,0.095255,1776186614000
1776186616.234,16.234,0.56,3.8,0.55,9.0,0.65,10.0,0.76,20.0,0.35,10.0,0.24,20.0,0.44,3.8,0.45,9.0,0.09,0.09,0.095261,1776186615000
1776186617.462,17.462,0.56,3.8,0.55,9.0,0.65,10.0,0.76,20.0,0.35,10.0,0.24,20.0,0.44,3.8,0.45,9.0,0.09,0.09,0.095261,1776186616000
1776186618.073,18.073,0.56,3.8,0.55,9.0,0.65,10.0,0.76,20.0,0.35,10.0,0.24,20.0,0.44,3.8,0.45,9.0,0.09,0.09,0.09526,1776186617000
1776186619.239,19.239,0.56,3.8,0.55,9.0,0.65,10.0,0.76,20.0,0.35,10.0,0.24,20.0,0.44,3.8,0.45,9.0,0.09,0.09,0.09526,1776186618000
1776186620.518,20.518,0.56,3.8,0.55,9.0,0.65,10.0,0.76,20.0,0.35,10.0,0.24,20.0,0.44,3.8,0.45,9.0,0.09,0.09,0.09526,1776186619000
1776186621.12,21.12,0.56,3.8,0.55,9.0,0.65,10.0,0.76,20.0,0.35,10.0,0.24,20.0,0.44,3.8,0.45,9.0,0.09,0.09,0.09526,1776186620000
1776186621.554,21.554,0.62,8.0,0.59,5.0,0.69,2.68,0.76,10.0,0.35,10.0,0.24,20.0,0.44,3.8,0.45,9.0,0.07,0.09,0.09526,1776186620000
1776186622.356,22.356,0.62,8.0,0.59,5.0,0.69,2.68,0.76,10.0,0.31,2.68,0.24,10.0,0.38,8.0,0.41,5.0,0.07,0.07,0.09526,1776186621000
1776186622.993,22.993,0.62,8.0,0.59,5.0,0.69,2.68,0.76,10.0,0.31,2.68,0.24,10.0,0.38,8.0,0.41,5.0,0.07,0.07,0.095261,1776186622000
1776186624.249,24.249,0.62,8.0,0.59,5.0,0.69,2.68,0.76,10.0,0.31,2.68,0.24,10.0,0.38,8.0,0.41,5.0,0.07,0.07,0.095266,1776186623000
1776186625.384,25.384,0.62,8.0,0.59,5.0,0.69,2.68,0.76,10.0,0.31,2.68,0.24,10.0,0.38,8.0,0.41,5.0,0.07,0.07,0.09527,1776186624000
1776186626.005,26.005,0.62,8.0,0.59,5.0,0.69,2.68,0.76,10.0,0.31,2.68,0.24,10.0,0.38,8.0,0.41,5.0,0.07,0.07,0.09527,1776186625000
1776186627.232,27.232,0.62,8.0,0.59,5.0,0.69,2.68,0.76,10.0,0.31,2.68,0.24,10.0,0.38,8.0,0.41,5.0,0.07,0.07,0.095271,1776186626000
1776186628.402,28.402,0.62,8.0,0.59,5.0,0.69,2.68,0.76,10.0,0.31,2.68,0.24,10.0,0.38,8.0,0.41,5.0,0.07,0.07,0.095277,1776186627000
1776186629.035,29.035,0.62,8.0,0.59,5.0,0.69,2.68,0.76,10.0,0.31,2.68,0.24,10.0,0.38,8.0,0.41,5.0,0.07,0.07,0.095277,1776186628000
1776186630.394,30.394,0.62,8.0,0.59,5.0,0.69,2.68,0.76,10.0,0.31,2.68,0.24,10.0,0.38,8.0,0.41,5.0,0.07,0.07,0.095295,1776186629000
1776186630.914,30.914,0.6,3.85,0.57,8.0,0.68,5.0,0.69,5.0,0.31,2.68,0.24,10.0,0.38,8.0,0.41,5.0,0.08,0.07,0.095295,1776186629000
1776186632.308,32.308,0.6,3.85,0.57,8.0,0.68,5.0,0.69,5.0,0.32,5.0,0.31,5.0,0.4,3.85,0.43,8.0,0.08,0.08,0.095246,1776186631000
1776186633.264,33.264,0.6,3.85,0.57,8.0,0.68,5.0,0.69,5.0,0.32,5.0,0.31,5.0,0.4,3.85,0.43,8.0,0.08,0.08,0.095247,1776186632000
1776186634.389,34.389,0.6,3.85,0.57,8.0,0.68,5.0,0.69,5.0,0.32,5.0,0.31,5.0,0.4,3.85,0.43,8.0,0.08,0.08,0.095247,1776186633000
1776186635.024,35.024,0.6,3.85,0.57,8.0,0.68,5.0,0.69,5.0,0.32,5.0,0.31,5.0,0.4,3.85,0.43,8.0,0.08,0.08,0.095249,1776186634000
1776186636.141,36.141,0.6,3.85,0.57,8.0,0.68,5.0,0.69,5.0,0.32,5.0,0.31,5.0,0.4,3.85,0.43,8.0,0.08,0.08,0.095252,1776186635000
1776186637.339,37.339,0.6,3.85,0.57,8.0,0.68,5.0,0.69,5.0,0.32,5.0,0.31,5.0,0.4,3.85,0.43,8.0,0.08,0.08,0.095252,1776186636000
1776186637.966,37.966,0.6,3.85,0.57,8.0,0.68,5.0,0.69,5.0,0.32,5.0,0.31,5.0,0.4,3.85,0.43,8.0,0.08,0.08,0.095253,1776186637000
1776186639.0,39.0,0.65,12.0,0.62,5.0,0.74,5.0,0.82,17.6,0.32,5.0,0.31,5.0,0.4,3.85,0.43,8.0,0.09,0.08,0.095253,1776186637000
1776186640.328,40.328,0.65,12.0,0.62,5.0,0.74,5.0,0.82,17.6,0.26,5.0,0.18,17.6,0.35,12.0,0.38,5.0,0.09,0.09,0.09526,1776186639000
1776186640.902,40.902,0.65,12.0,0.62,5.0,0.74,5.0,0.82,17.6,0.26,5.0,0.18,17.6,0.35,12.0,0.38,5.0,0.09,0.09,0.095289,1776186640000
1776186642.051,42.051,0.65,12.0,0.62,5.0,0.74,5.0,0.82,17.6,0.26,5.0,0.18,17.6,0.35,12.0,0.38,5.0,0.09,0.09,0.095295,1776186641000
1776186643.23,43.23,0.65,12.0,0.62,5.0,0.74,5.0,0.82,17.6,0.26,5.0,0.18,17.6,0.35,12.0,0.38,5.0,0.09,0.09,0.095295,1776186642000
1776186644.406,44.406,0.65,12.0,0.62,5.0,0.74,5.0,0.82,17.6,0.26,5.0,0.18,17.6,0.35,12.0,0.38,5.0,0.09,0.09,0.095293,1776186643000
1776186645.007,45.007,0.65,12.0,0.62,5.0,0.74,5.0,0.82,17.6,0.26,5.0,0.18,17.6,0.35,12.0,0.38,5.0,0.09,0.09,0.095292,1776186644000
1776186646.117,46.117,0.65,12.0,0.62,5.0,0.74,5.0,0.82,17.6,0.26,5.0,0.18,17.6,0.35,12.0,0.38,5.0,0.09,0.09,0.095295,1776186645000
1776186647.354,47.354,0.65,12.0,0.62,5.0,0.74,5.0,0.82,17.6,0.26,5.0,0.18,17.6,0.35,12.0,0.38,5.0,0.09,0.09,0.095297,1776186646000
1776186648.256,48.256,0.65,12.0,0.62,5.0,0.74,5.0,0.82,17.6,0.26,5.0,0.18,17.6,0.35,12.0,0.38,5.0,0.09,0.09,0.095304,1776186647000
1776186649.234,49.234,0.65,12.0,0.62,5.0,0.74,5.0,0.82,17.6,0.26,5.0,0.18,17.6,0.35,12.0,0.38,5.0,0.09,0.09,0.095303,1776186648000
1776186650.372,50.372,0.72,7.42,0.67,5.0,0.79,5.0,0.83,18.39,0.21,5.0,0.17,18.39,0.28,7.42,0.33,5.0,0.07,0.07,0.095304,1776186649000
1776186651.337,51.337,0.72,7.42,0.67,5.0,0.79,5.0,0.83,18.39,0.21,5.0,0.17,18.39,0.28,7.42,0.33,5.0,0.07,0.07,0.095304,1776186650000
1776186651.894,51.894,0.72,7.42,0.67,5.0,0.79,5.0,0.83,18.39,0.21,5.0,0.17,18.39,0.28,7.42,0.33,5.0,0.07,0.07,0.095304,1776186651000
1776186652.998,52.998,0.72,7.42,0.67,5.0,0.79,5.0,0.83,18.39,0.21,5.0,0.17,18.39,0.28,7.42,0.33,5.0,0.07,0.07,0.095304,1776186652000
1776186654.002,54.002,0.72,7.42,0.67,5.0,0.79,5.0,0.83,18.39,0.21,5.0,0.17,18.39,0.28,7.42,0.33,5.0,0.07,0.07,0.095304,1776186653000
1776186655.123,55.123,0.72,7.42,0.67,5.0,0.79,5.0,0.83,18.39,0.21,5.0,0.17,18.39,0.28,7.42,0.33,5.0,0.07,0.07,0.095304,1776186654000
1776186656.205,56.205,0.72,7.42,0.67,5.0,0.79,5.0,0.83,18.39,0.21,5.0,0.17,18.39,0.28,7.42,0.33,5.0,0.07,0.07,0.095304,1776186655000
1776186657.239,57.239,0.72,7.42,0.67,5.0,0.79,5.0,0.83,18.39,0.21,5.0,0.17,18.39,0.28,7.42,0.33,5.0,0.07,0.07,0.095304,1776186656000
1776186658.211,58.211,0.72,7.42,0.67,5.0,0.79,5.0,0.83,18.39,0.21,5.0,0.17,18.39,0.28,7.42,0.33,5.0,0.07,0.07,0.095305,1776186657000
1776186659.225,59.225,0.72,7.42,0.67,5.0,0.79,5.0,0.83,18.39,0.21,5.0,0.17,18.39,0.28,7.42,0.33,5.0,0.07,0.07,0.095311,1776186658000
1776186660.217,60.217,0.72,7.42,0.67,5.0,0.79,5.0,0.83,18.39,0.21,5.0,0.17,18.39,0.28,7.42,0.33,5.0,0.07,0.07,0.095313,1776186659000
1776186660.977,60.977,0.77,6.0,0.74,5.0,0.81,3.65,0.82,5.0,0.21,5.0,0.17,18.39,0.28,7.42,0.33,5.0,0.04,0.07,0.095313,1776186659000
1776186661.654,61.654,0.77,6.0,0.74,5.0,0.81,3.65,0.82,5.0,0.19,3.65,0.18,5.0,0.23,6.0,0.26,5.0,0.04,0.04,0.095312,1776186660000
1776186662.202,62.202,0.77,6.0,0.74,5.0,0.81,3.65,0.82,5.0,0.19,3.65,0.18,5.0,0.23,6.0,0.26,5.0,0.04,0.04,0.095311,1776186661000
1776186663.178,63.178,0.77,6.0,0.74,5.0,0.81,3.65,0.82,5.0,0.19,3.65,0.18,5.0,0.23,6.0,0.26,5.0,0.04,0.04,0.095311,1776186662000
1776186664.248,64.248,0.77,6.0,0.74,5.0,0.81,3.65,0.82,5.0,0.19,3.65,0.18,5.0,0.23,6.0,0.26,5.0,0.04,0.04,0.095321,1776186663000
1776186665.433,65.433,0.77,6.0,0.74,5.0,0.81,3.65,0.82,5.0,0.19,3.65,0.18,5.0,0.23,6.0,0.26,5.0,0.04,0.04,0.095307,1776186664000
1776186666.018,66.018,0.77,6.0,0.74,5.0,0.81,3.65,0.82,5.0,0.19,3.65,0.18,5.0,0.23,6.0,0.26,5.0,0.04,0.04,0.095305,1776186665000
1776186666.919,66.919,0.77,6.0,0.74,5.0,0.81,3.65,0.82,5.0,0.19,3.65,0.18,5.0,0.23,6.0,0.26,5.0,0.04,0.04,0.095299,1776186666000
1776186667.949,67.949,0.77,6.0,0.74,5.0,0.81,3.65,0.82,5.0,0.19,3.65,0.18,5.0,0.23,6.0,0.26,5.0,0.04,0.04,0.095307,1776186667000
1776186668.772,68.772,0.78,1.0,0.74,5.0,0.82,5.0,0.83,5.0,0.19,3.65,0.18,5.0,0.23,6.0,0.26,5.0,0.04,0.04,0.095307,1776186667000
1776186668.975,68.975,0.78,1.0,0.74,5.0,0.82,5.0,0.83,5.0,0.18,5.0,0.17,5.0,0.22,1.0,0.26,5.0,0.04,0.04,0.095307,1776186668000
1776186669.973,69.973,0.78,1.0,0.74,5.0,0.82,5.0,0.83,5.0,0.18,5.0,0.17,5.0,0.22,1.0,0.26,5.0,0.04,0.04,0.095314,1776186669000
1776186670.975,70.975,0.78,1.0,0.74,5.0,0.82,5.0,0.83,5.0,0.18,5.0,0.17,5.0,0.22,1.0,0.26,5.0,0.04,0.04,0.095315,1776186670000
1776186671.973,71.973,0.78,1.0,0.74,5.0,0.82,5.0,0.83,5.0,0.18,5.0,0.17,5.0,0.22,1.0,0.26,5.0,0.04,0.04,0.095322,1776186671000
1776186673.073,73.073,0.78,1.0,0.74,5.0,0.82,5.0,0.83,5.0,0.18,5.0,0.17,5.0,0.22,1.0,0.26,5.0,0.04,0.04,0.095336,1776186672000
1776186673.405,73.405,0.84,5.0,0.81,5.0,0.85,0.51,0.89,5.0,0.18,5.0,0.17,5.0,0.22,1.0,0.26,5.0,0.01,0.04,0.095336,1776186672000
1776186674.043,74.043,0.84,5.0,0.81,5.0,0.85,0.51,0.89,5.0,0.15,0.51,0.11,5.0,0.16,5.0,0.19,5.0,0.01,0.01,0.095357,1776186673000
1776186674.978,74.978,0.84,5.0,0.81,5.0,0.85,0.51,0.89,5.0,0.15,0.51,0.11,5.0,0.16,5.0,0.19,5.0,0.01,0.01,0.095357,1776186674000
1776186676.184,76.184,0.84,5.0,0.81,5.0,0.85,0.51,0.89,5.0,0.15,0.51,0.11,5.0,0.16,5.0,0.19,5.0,0.01,0.01,0.095352,1776186675000
1776186677.246,77.246,0.84,5.0,0.81,5.0,0.85,0.51,0.89,5.0,0.15,0.51,0.11,5.0,0.16,5.0,0.19,5.0,0.01,0.01,0.095354,1776186676000
1776186678.318,78.318,0.84,5.0,0.81,5.0,0.85,0.51,0.89,5.0,0.15,0.51,0.11,5.0,0.16,5.0,0.19,5.0,0.01,0.01,0.095354,1776186677000
1776186679.322,79.322,0.84,5.0,0.81,5.0,0.85,0.51,0.89,5.0,0.15,0.51,0.11,5.0,0.16,5.0,0.19,5.0,0.01,0.01,0.095348,1776186678000
1776186680.401,80.401,0.8,22.3,0.79,20.7,0.87,2.32,0.88,5.0,0.13,2.32,0.12,5.0,0.2,22.3,0.21,20.7,0.07,0.07,0.095344,1776186679000
1776186680.95,80.95,0.8,22.3,0.79,20.7,0.87,2.32,0.88,5.0,0.13,2.32,0.12,5.0,0.2,22.3,0.21,20.7,0.07,0.07,0.095343,1776186680000
1776186682.034,82.034,0.8,22.3,0.79,20.7,0.87,2.32,0.88,5.0,0.13,2.32,0.12,5.0,0.2,22.3,0.21,20.7,0.07,0.07,0.095343,1776186681000
1776186683.181,83.181,0.8,22.3,0.79,20.7,0.87,2.32,0.88,5.0,0.13,2.32,0.12,5.0,0.2,22.3,0.21,20.7,0.07,0.07,0.095342,1776186682000
1776186684.223,84.223,0.8,22.3,0.79,20.7,0.87,2.32,0.88,5.0,0.13,2.32,0.12,5.0,0.2,22.3,0.21,20.7,0.07,0.07,0.095342,1776186683000
1776186685.155,85.155,0.8,22.3,0.79,20.7,0.87,2.32,0.88,5.0,0.13,2.32,0.12,5.0,0.2,22.3,0.21,20.7,0.07,0.07,0.0953,1776186684000
1776186686.243,86.243,0.8,22.3,0.79,20.7,0.87,2.32,0.88,5.0,0.13,2.32,0.12,5.0,0.2,22.3,0.21,20.7,0.07,0.07,0.09529,1776186685000
1776186687.324,87.324,0.8,22.3,0.79,20.7,0.87,2.32,0.88,5.0,0.13,2.32,0.12,5.0,0.2,22.3,0.21,20.7,0.07,0.07,0.095293,1776186686000
1776186688.023,88.023,0.8,22.3,0.79,20.7,0.87,2.32,0.88,5.0,0.13,2.32,0.12,5.0,0.2,22.3,0.21,20.7,0.07,0.07,0.095293,1776186687000
1776186689.203,89.203,0.8,22.3,0.79,20.7,0.87,2.32,0.88,5.0,0.13,2.32,0.12,5.0,0.2,22.3,0.21,20.7,0.07,0.07,0.095297,1776186688000
1776186690.493,90.493,0.8,22.3,0.79,20.7,0.87,2.32,0.88,5.0,0.13,2.32,0.12,5.0,0.2,22.3,0.21,20.7,0.07,0.07,0.095299,1776186689000
1776186691.033,91.033,0.8,22.3,0.79,20.7,0.87,2.32,0.88,5.0,0.13,2.32,0.12,5.0,0.2,22.3,0.21,20.7,0.07,0.07,0.095299,1776186690000
1776186692.349,92.349,0.8,22.3,0.79,20.7,0.87,2.32,0.88,5.0,0.13,2.32,0.12,5.0,0.2,22.3,0.21,20.7,0.07,0.07,0.095299,1776186691000
1776186693.552,93.552,0.8,22.3,0.79,20.7,0.87,2.32,0.88,5.0,0.13,2.32,0.12,5.0,0.2,22.3,0.21,20.7,0.07,0.07,0.095299,1776186692000
1776186694.157,94.157,0.8,22.3,0.79,20.7,0.87,2.32,0.88,5.0,0.13,2.32,0.12,5.0,0.2,22.3,0.21,20.7,0.07,0.07,0.095299,1776186693000
1776186695.283,95.283,0.8,22.3,0.79,20.7,0.87,2.32,0.88,5.0,0.13,2.32,0.12,5.0,0.2,22.3,0.21,20.7,0.07,0.07,0.09529,1776186694000
1776186696.599,96.599,0.68,0.5,0.63,5.0,0.73,5.0,0.76,10.0,0.13,2.32,0.12,5.0,0.2,22.3,0.21,20.7,0.05,0.07,0.09529,1776186694000
1776186697.277,97.277,0.68,0.5,0.63,5.0,0.73,5.0,0.76,10.0,0.27,5.0,0.24,10.0,0.32,0.5,0.37,5.0,0.05,0.05,0.09526,1776186696000
1776186698.09,98.09,0.68,0.5,0.63,5.0,0.73,5.0,0.76,10.0,0.27,5.0,0.24,10.0,0.32,0.5,0.37,5.0,0.05,0.05,0.095254,1776186697000
1776186699.679,99.679,0.68,0.5,0.63,5.0,0.73,5.0,0.76,10.0,0.27,5.0,0.24,10.0,0.32,0.5,0.37,5.0,0.05,0.05,0.095254,1776186698000
1776186700.362,100.362,0.68,0.5,0.63,5.0,0.73,5.0,0.76,10.0,0.27,5.0,0.24,10.0,0.32,0.5,0.37,5.0,0.05,0.05,0.095254,1776186699000
1776186701.098,101.098,0.68,0.5,0.63,5.0,0.73,5.0,0.76,10.0,0.27,5.0,0.24,10.0,0.32,0.5,0.37,5.0,0.05,0.05,0.095253,1776186700000
1776186702.11,102.11,0.63,9.2,0.62,19.0,0.75,5.0,0.77,14.7,0.27,5.0,0.24,10.0,0.32,0.5,0.37,5.0,0.12,0.05,0.095253,1776186700000
1776186702.467,102.467,0.63,9.2,0.62,19.0,0.75,5.0,0.77,14.7,0.25,5.0,0.23,14.7,0.37,9.2,0.38,19.0,0.12,0.12,0.095254,1776186701000
1776186703.048,103.048,0.63,9.2,0.62,19.0,0.75,5.0,0.77,14.7,0.25,5.0,0.23,14.7,0.37,9.2,0.38,19.0,0.12,0.12,0.095254,1776186702000
1776186704.47,104.47,0.63,9.2,0.62,19.0,0.75,5.0,0.77,14.7,0.25,5.0,0.23,14.7,0.37,9.2,0.38,19.0,0.12,0.12,0.095259,1776186703000
1776186705.132,105.132,0.63,9.2,0.62,19.0,0.75,5.0,0.77,14.7,0.25,5.0,0.23,14.7,0.37,9.2,0.38,19.0,0.12,0.12,0.09526,1776186704000
1776186706.33,106.33,0.63,9.2,0.62,19.0,0.75,5.0,0.77,14.7,0.25,5.0,0.23,14.7,0.37,9.2,0.38,19.0,0.12,0.12,0.09526,1776186705000
1776186707.401,107.401,0.63,9.2,0.62,19.0,0.75,5.0,0.77,14.7,0.25,5.0,0.23,14.7,0.37,9.2,0.38,19.0,0.12,0.12,0.09526,1776186706000
1776186708.043,108.043,0.63,9.2,0.62,19.0,0.75,5.0,0.77,14.7,0.25,5.0,0.23,14.7,0.37,9.2,0.38,19.0,0.12,0.12,0.09526,1776186707000
1776186709.23,109.23,0.63,9.2,0.62,19.0,0.75,5.0,0.77,14.7,0.25,5.0,0.23,14.7,0.37,9.2,0.38,19.0,0.12,0.12,0.09526,1776186708000
1776186710.351,110.351,0.63,9.2,0.62,19.0,0.75,5.0,0.77,14.7,0.25,5.0,0.23,14.7,0.37,9.2,0.38,19.0,0.12,0.12,0.09525,1776186709000
1776186710.896,110.896,0.63,9.2,0.62,19.0,0.75,5.0,0.77,14.7,0.25,5.0,0.23,14.7,0.37,9.2,0.38,19.0,0.12,0.12,0.095249,1776186710000
1776186711.74,111.74,0.65,0.49,0.61,5.0,0.71,15.0,0.73,13.2,0.25,5.0,0.23,14.7,0.37,9.2,0.38,19.0,0.06,0.12,0.095249,1776186710000
1776186712.15,112.15,0.65,0.49,0.61,5.0,0.71,15.0,0.73,13.2,0.29,15.0,0.27,13.2,0.35,0.49,0.39,5.0,0.06,0.06,0.095248,1776186711000
1776186712.419,112.419,0.58,8.0,0.5,7.88,0.61,5.0,0.7,10.0,0.29,15.0,0.27,13.2,0.35,0.49,0.39,5.0,0.03,0.06,0.095248,1776186711000
1776186712.632,112.632,0.58,8.0,0.5,12.88,0.61,5.0,0.68,10.0,0.39,5.0,0.3,10.0,0.42,8.0,0.5,7.88,0.03,0.03,0.095248,1776186711000
1776186713.28,113.28,0.58,8.0,0.5,12.88,0.61,5.0,0.68,10.0,0.39,5.0,0.32,10.0,0.42,8.0,0.5,12.88,0.03,0.03,0.095243,1776186712000
1776186714.397,114.397,0.58,8.0,0.5,12.88,0.61,5.0,0.68,10.0,0.39,5.0,0.32,10.0,0.42,8.0,0.5,12.88,0.03,0.03,0.095205,1776186713000
1776186715.01,115.01,0.58,8.0,0.5,12.88,0.61,5.0,0.68,10.0,0.39,5.0,0.32,10.0,0.42,8.0,0.5,12.88,0.03,0.03,0.095198,1776186714000
1776186715.284,115.284,0.58,2.43,0.5,12.88,0.61,5.0,0.66,10.0,0.39,5.0,0.32,10.0,0.42,8.0,0.5,12.88,0.03,0.03,0.095198,1776186714000
1776186716.068,116.068,0.58,2.43,0.5,12.88,0.61,5.0,0.66,10.0,0.39,5.0,0.34,10.0,0.42,2.43,0.5,12.88,0.03,0.03,0.095198,1776186715000
1776186717.113,117.113,0.5,18.77,0.49,5.0,0.64,4.68,0.65,11.4,0.39,5.0,0.34,10.0,0.42,2.43,0.5,12.88,0.14,0.03,0.095198,1776186715000
1776186717.369,117.369,0.64,7.05,0.5,18.77,0.65,11.4,0.66,21.6,0.35,11.4,0.34,21.6,0.36,7.05,0.5,18.77,0.01,0.01,0.095198,1776186716000
1776186718.528,118.528,0.64,31.4,0.5,13.77,0.65,11.4,0.66,21.6,0.35,11.4,0.34,21.6,0.36,31.4,0.5,13.77,0.01,0.01,0.095202,1776186717000
1776186719.104,119.104,0.64,31.4,0.5,13.77,0.65,11.4,0.66,21.6,0.35,11.4,0.34,21.6,0.36,31.4,0.5,13.77,0.01,0.01,0.095202,1776186718000
1776186720.204,120.204,0.64,31.4,0.5,13.77,0.65,11.4,0.66,21.6,0.35,11.4,0.34,21.6,0.36,31.4,0.5,13.77,0.01,0.01,0.095217,1776186719000
1776186721.17,121.17,0.64,31.4,0.5,13.77,0.65,11.4,0.66,21.6,0.35,11.4,0.34,21.6,0.36,31.4,0.5,13.77,0.01,0.01,0.095217,1776186720000
1776186721.452,121.452,0.64,26.09,0.54,5.0,0.65,5.89,0.68,11.9,0.35,11.4,0.34,21.6,0.36,31.4,0.5,13.77,0.01,0.01,0.095217,1776186720000
1776186722.585,122.585,0.64,26.09,0.54,5.0,0.65,5.89,0.68,11.9,0.35,5.89,0.32,11.9,0.36,26.09,0.46,5.0,0.01,0.01,0.095212,1776186721000
1776186723.303,123.303,0.64,26.09,0.54,5.0,0.65,5.89,0.68,11.9,0.35,5.89,0.32,11.9,0.36,26.09,0.46,5.0,0.01,0.01,0.095209,1776186722000
1776186724.595,124.595,0.64,25.37,0.61,50.0,0.78,15.2,0.79,15.7,0.22,15.2,0.21,15.7,0.36,25.37,0.39,50.0,0.14,0.14,0.095217,1776186723000
1776186725.383,125.383,0.64,25.37,0.61,50.0,0.78,15.2,0.79,15.7,0.22,15.2,0.21,15.7,0.36,25.37,0.39,50.0,0.14,0.14,0.095235,1776186724000
1776186726.016,126.016,0.64,25.37,0.61,50.0,0.78,15.2,0.79,15.7,0.22,15.2,0.21,15.7,0.36,25.37,0.39,50.0,0.14,0.14,0.095249,1776186725000
1776186727.246,127.246,0.64,25.37,0.61,50.0,0.78,15.2,0.79,15.7,0.22,15.2,0.21,15.7,0.36,25.37,0.39,50.0,0.14,0.14,0.095245,1776186726000
1776186728.366,128.366,0.64,25.37,0.61,50.0,0.78,15.2,0.79,15.7,0.22,15.2,0.21,15.7,0.36,25.37,0.39,50.0,0.14,0.14,0.095242,1776186727000
1776186729.061,129.061,0.64,25.37,0.61,50.0,0.78,15.2,0.79,15.7,0.22,15.2,0.21,15.7,0.36,25.37,0.39,50.0,0.14,0.14,0.095242,1776186728000
1776186730.213,130.213,0.64,25.37,0.61,50.0,0.78,15.2,0.79,15.7,0.22,15.2,0.21,15.7,0.36,25.37,0.39,50.0,0.14,0.14,0.095242,1776186729000
1776186731.454,131.454,0.64,25.37,0.61,50.0,0.78,15.2,0.79,15.7,0.22,15.2,0.21,15.7,0.36,25.37,0.39,50.0,0.14,0.14,0.095241,1776186730000
1776186732.055,132.055,0.64,25.37,0.61,50.0,0.78,15.2,0.79,15.7,0.22,15.2,0.21,15.7,0.36,25.37,0.39,50.0,0.14,0.14,0.095242,1776186731000
1776186733.182,133.182,0.65,5.0,0.64,20.37,0.78,11.4,0.79,15.7,0.22,15.2,0.21,15.7,0.36,25.37,0.39,50.0,0.13,0.14,0.095242,1776186731000
1776186734.518,134.518,0.65,5.0,0.64,20.37,0.78,11.4,0.79,15.7,0.22,11.4,0.21,15.7,0.35,5.0,0.36,20.37,0.13,0.13,0.095243,1776186733000
1776186735.147,135.147,0.65,5.0,0.64,20.37,0.78,11.4,0.79,15.7,0.22,11.4,0.21,15.7,0.35,5.0,0.36,20.37,0.13,0.13,0.095243,1776186734000
1776186736.19,136.19,0.64,15.37,0.5,18.77,0.68,51.0,0.71,50.0,0.22,11.4,0.21,15.7,0.35,5.0,0.36,20.37,0.04,0.13,0.095243,1776186734000
1776186736.745,136.745,0.64,10.23,0.5,18.77,0.65,45.0,0.68,20.0,0.32,51.0,0.29,50.0,0.36,15.37,0.5,18.77,0.01,0.04,0.095243,1776186735000
1776186737.031,137.031,0.64,2.23,0.5,18.77,0.65,45.0,0.68,20.0,0.35,45.0,0.32,20.0,0.36,10.23,0.5,18.77,0.01,0.01,0.095243,1776186735000
1776186737.377,137.377,0.5,18.77,0.48,11.0,0.65,45.0,0.68,20.0,0.35,45.0,0.32,20.0,0.5,18.77,0.52,11.0,0.15,0.15,0.09522,1776186736000
1776186738.036,138.036,0.5,18.77,0.48,11.0,0.65,45.0,0.68,20.0,0.35,45.0,0.32,20.0,0.5,18.77,0.52,11.0,0.15,0.15,0.095203,1776186737000
1776186739.353,139.353,0.5,18.77,0.48,11.0,0.65,45.0,0.68,20.0,0.35,45.0,0.32,20.0,0.5,18.77,0.52,11.0,0.15,0.15,0.095187,1776186738000
1776186740.064,140.064,0.5,18.77,0.48,11.0,0.65,45.0,0.68,20.0,0.35,45.0,0.32,20.0,0.5,18.77,0.52,11.0,0.15,0.15,0.095187,1776186739000
1776186741.307,141.307,0.5,18.77,0.48,11.0,0.65,45.0,0.68,20.0,0.35,45.0,0.32,20.0,0.5,18.77,0.52,11.0,0.15,0.15,0.095187,1776186740000
1776186742.875,142.875,0.5,18.77,0.48,11.0,0.65,45.0,0.68,20.0,0.35,45.0,0.32,20.0,0.5,18.77,0.52,11.0,0.15,0.15,0.095177,1776186741000
1776186743.617,143.617,0.5,15.85,0.48,6.0,0.59,12.0,0.61,50.0,0.41,12.0,0.39,50.0,0.5,15.85,0.52,6.0,0.09,0.09,0.095171,1776186742000
1776186744.142,144.142,0.5,15.85,0.48,6.0,0.59,12.0,0.61,50.0,0.41,12.0,0.39,50.0,0.5,15.85,0.52,6.0,0.09,0.09,0.095171,1776186743000
1776186745.387,145.387,0.5,15.85,0.48,6.0,0.59,12.0,0.61,50.0,0.41,12.0,0.39,50.0,0.5,15.85,0.52,6.0,0.09,0.09,0.095171,1776186744000
1776186746.321,146.321,0.5,15.85,0.48,6.0,0.59,12.0,0.61,50.0,0.41,12.0,0.39,50.0,0.5,15.85,0.52,6.0,0.09,0.09,0.095166,1776186745000
1776186747.165,147.165,0.5,15.85,0.48,6.0,0.59,12.0,0.61,50.0,0.41,12.0,0.39,50.0,0.5,15.85,0.52,6.0,0.09,0.09,0.095164,1776186746000
1776186748.592,148.592,0.5,15.85,0.48,6.0,0.59,12.0,0.61,50.0,0.41,12.0,0.39,50.0,0.5,15.85,0.52,6.0,0.09,0.09,0.095161,1776186747000
1776186749.379,149.379,0.5,10.85,0.48,6.0,0.52,10.4,0.53,10.4,0.41,12.0,0.39,50.0,0.5,15.85,0.52,6.0,0.02,0.09,0.095161,1776186747000
1776186749.983,149.983,0.5,0.85,0.48,6.0,0.52,10.4,0.53,10.4,0.48,10.4,0.47,10.4,0.5,10.85,0.52,6.0,0.02,0.02,0.095161,1776186748000
1776186750.831,150.831,0.48,6.0,0.39,5.0,0.52,10.4,0.53,10.4,0.48,10.4,0.47,10.4,0.5,0.85,0.52,6.0,0.04,0.02,0.095161,1776186749000
1776186751.606,151.606,0.48,6.0,0.39,5.0,0.52,10.4,0.53,10.4,0.48,10.4,0.47,10.4,0.52,6.0,0.61,5.0,0.04,0.04,0.095161,1776186750000
1776186752.339,152.339,0.48,6.0,0.39,5.0,0.52,10.4,0.53,10.4,0.48,10.4,0.47,10.4,0.52,6.0,0.61,5.0,0.04,0.04,0.095162,1776186751000
1776186753.737,153.737,0.48,6.0,0.39,5.0,0.52,10.4,0.53,10.4,0.48,10.4,0.47,10.4,0.52,6.0,0.61,5.0,0.04,0.04,0.095162,1776186752000
1776186754.393,154.393,0.48,6.0,0.39,5.0,0.52,10.4,0.53,10.4,0.48,10.4,0.47,10.4,0.52,6.0,0.61,5.0,0.04,0.04,0.095162,1776186753000
1776186755.338,155.338,0.48,6.0,0.39,5.0,0.52,10.4,0.53,10.4,0.48,10.4,0.47,10.4,0.52,6.0,0.61,5.0,0.04,0.04,0.095167,1776186754000
1776186756.393,156.393,0.48,6.0,0.39,5.0,0.52,10.4,0.53,10.4,0.48,10.4,0.47,10.4,0.52,6.0,0.61,5.0,0.04,0.04,0.095176,1776186755000
1776186756.914,156.914,0.48,6.0,0.39,5.0,0.52,10.4,0.53,10.4,0.48,10.4,0.47,10.4,0.52,6.0,0.61,5.0,0.04,0.04,0.095176,1776186756000
1776186757.999,157.999,0.48,6.0,0.39,5.0,0.52,10.4,0.53,10.4,0.48,10.4,0.47,10.4,0.52,6.0,0.61,5.0,0.04,0.04,0.09517,1776186757000
1776186758.69,158.69,0.48,11.0,0.43,15.6,0.55,43.16,0.61,62.0,0.48,10.4,0.47,10.4,0.52,6.0,0.61,5.0,0.07,0.04,0.09517,1776186757000
1776186759.109,159.109,0.48,11.0,0.43,15.6,0.55,43.16,0.61,62.0,0.45,43.16,0.39,62.0,0.52,11.0,0.57,15.6,0.07,0.07,0.095173,1776186758000
1776186760.17,160.17,0.48,11.0,0.43,15.6,0.55,43.16,0.61,62.0,0.45,43.16,0.39,62.0,0.52,11.0,0.57,15.6,0.07,0.07,0.095176,1776186759000
1776186761.204,161.204,0.48,11.0,0.43,15.6,0.55,43.16,0.61,62.0,0.45,43.16,0.39,62.0,0.52,11.0,0.57,15.6,0.07,0.07,0.095178,1776186760000
1776186762.22,162.22,0.48,11.0,0.43,15.6,0.55,43.16,0.61,62.0,0.45,43.16,0.39,62.0,0.52,11.0,0.57,15.6,0.07,0.07,0.095178,1776186761000
1776186763.278,163.278,0.48,11.0,0.43,15.6,0.55,43.16,0.61,62.0,0.45,43.16,0.39,62.0,0.52,11.0,0.57,15.6,0.07,0.07,0.095173,1776186762000
1776186764.433,164.433,0.48,11.0,0.43,15.6,0.55,43.16,0.61,62.0,0.45,43.16,0.39,62.0,0.52,11.0,0.57,15.6,0.07,0.07,0.095154,1776186763000
1776186765.039,165.039,0.48,11.0,0.43,15.6,0.55,43.16,0.61,62.0,0.45,43.16,0.39,62.0,0.52,11.0,0.57,15.6,0.07,0.07,0.095152,1776186764000
1776186766.081,166.081,0.48,11.0,0.43,15.6,0.55,43.16,0.61,62.0,0.45,43.16,0.39,62.0,0.52,11.0,0.57,15.6,0.07,0.07,0.095152,1776186765000
1776186767.168,167.168,0.48,11.0,0.43,15.6,0.55,43.16,0.61,62.0,0.45,43.16,0.39,62.0,0.52,11.0,0.57,15.6,0.07,0.07,0.095155,1776186766000
1776186768.256,168.256,0.48,11.0,0.43,15.6,0.55,43.16,0.61,62.0,0.45,43.16,0.39,62.0,0.52,11.0,0.57,15.6,0.07,0.07,0.095152,1776186767000
1776186768.457,168.457,0.35,5.0,0.33,16.8,0.5,10.4,0.51,10.4,0.45,43.16,0.39,62.0,0.52,11.0,0.57,15.6,0.15,0.07,0.095152,1776186767000
1776186769.317,169.317,0.35,5.0,0.33,16.8,0.5,10.4,0.51,10.4,0.5,10.4,0.49,10.4,0.65,5.0,0.67,16.8,0.15,0.15,0.095152,1776186768000
1776186770.257,170.257,0.35,5.0,0.33,16.8,0.5,10.4,0.51,10.4,0.5,10.4,0.49,10.4,0.65,5.0,0.67,16.8,0.15,0.15,0.095152,1776186769000
1776186771.336,171.336,0.35,5.0,0.33,16.8,0.5,10.4,0.51,10.4,0.5,10.4,0.49,10.4,0.65,5.0,0.67,16.8,0.15,0.15,0.095151,1776186770000
1776186772.38,172.38,0.35,5.0,0.33,16.8,0.5,10.4,0.51,10.4,0.5,10.4,0.49,10.4,0.65,5.0,0.67,16.8,0.15,0.15,0.095151,1776186771000
1776186772.847,172.847,0.35,5.0,0.33,16.8,0.5,10.4,0.51,10.4,0.5,10.4,0.49,10.4,0.65,5.0,0.67,16.8,0.15,0.15,0.095151,1776186772000
1776186773.863,173.863,0.35,5.0,0.33,16.8,0.5,10.4,0.51,10.4,0.5,10.4,0.49,10.4,0.65,5.0,0.67,16.8,0.15,0.15,0.095151,1776186773000
1776186775.0,175.0,0.35,5.0,0.33,16.8,0.5,10.4,0.51,10.4,0.5,10.4,0.49,10.4,0.65,5.0,0.67,16.8,0.15,0.15,0.095151,1776186774000
1776186775.414,175.414,0.41,5.0,0.38,5.0,0.5,4.22,0.55,21.16,0.5,10.4,0.49,10.4,0.65,5.0,0.67,16.8,0.09,0.15,0.095151,1776186774000
1776186775.822,175.822,0.41,5.0,0.38,5.0,0.5,4.22,0.55,21.16,0.5,4.22,0.45,21.16,0.59,5.0,0.62,5.0,0.09,0.09,0.09515,1776186775000
1776186777.299,177.299,0.41,5.0,0.38,5.0,0.5,4.22,0.55,21.16,0.5,4.22,0.45,21.16,0.59,5.0,0.62,5.0,0.09,0.09,0.09516,1776186776000
1776186778.247,178.247,0.41,5.0,0.38,5.0,0.5,4.22,0.55,21.16,0.5,4.22,0.45,21.16,0.59,5.0,0.62,5.0,0.09,0.09,0.095167,1776186777000
1776186778.637,178.637,0.41,5.0,0.4,10.8,0.5,0.22,0.55,32.16,0.5,4.22,0.45,21.16,0.59,5.0,0.62,5.0,0.09,0.09,0.095167,1776186777000
1776186779.186,179.186,0.41,5.0,0.4,10.8,0.5,0.22,0.55,32.16,0.5,0.22,0.45,32.16,0.59,5.0,0.6,10.8,0.09,0.09,0.095164,1776186778000
1776186780.367,180.367,0.41,5.0,0.4,10.8,0.5,0.22,0.55,32.16,0.5,0.22,0.45,32.16,0.59,5.0,0.6,10.8,0.09,0.09,0.095166,1776186779000
1776186781.361,181.361,0.41,5.0,0.4,10.8,0.5,0.22,0.55,32.16,0.5,0.22,0.45,32.16,0.59,5.0,0.6,10.8,0.09,0.09,0.095166,1776186780000
1776186782.351,182.351,0.41,5.0,0.4,10.8,0.5,0.22,0.55,32.16,0.5,0.22,0.45,32.16,0.59,5.0,0.6,10.8,0.09,0.09,0.095166,1776186781000
1776186783.306,183.306,0.41,5.0,0.4,10.8,0.5,0.22,0.55,32.16,0.5,0.22,0.45,32.16,0.59,5.0,0.6,10.8,0.09,0.09,0.095168,1776186782000
1776186783.865,183.865,0.41,5.0,0.4,10.8,0.5,0.22,0.55,32.16,0.5,0.22,0.45,32.16,0.59,5.0,0.6,10.8,0.09,0.09,0.095168,1776186783000
1776186784.703,184.703,0.41,5.0,0.39,10.9,0.55,14.92,0.57,10.6,0.5,0.22,0.45,32.16,0.59,5.0,0.6,10.8,0.14,0.09,0.095168,1776186783000
1776186784.934,184.934,0.41,5.0,0.39,10.9,0.55,14.92,0.57,10.6,0.45,14.92,0.43,10.6,0.59,5.0,0.61,10.9,0.14,0.14,0.095164,1776186784000
1776186785.973,185.973,0.41,5.0,0.39,10.9,0.55,14.92,0.57,10.6,0.45,14.92,0.43,10.6,0.59,5.0,0.61,10.9,0.14,0.14,0.095166,1776186785000
1776186787.011,187.011,0.41,5.0,0.39,10.9,0.55,14.92,0.57,10.6,0.45,14.92,0.43,10.6,0.59,5.0,0.61,10.9,0.14,0.14,0.095165,1776186786000
1776186788.095,188.095,0.41,5.0,0.39,10.9,0.55,14.92,0.57,10.6,0.45,14.92,0.43,10.6,0.59,5.0,0.61,10.9,0.14,0.14,0.095156,1776186787000
1776186789.008,189.008,0.41,5.0,0.39,10.9,0.55,14.92,0.57,10.6,0.45,14.92,0.43,10.6,0.59,5.0,0.61,10.9,0.14,0.14,0.095156,1776186788000
1776186790.049,190.049,0.41,5.0,0.39,10.9,0.55,14.92,0.57,10.6,0.45,14.92,0.43,10.6,0.59,5.0,0.61,10.9,0.14,0.14,0.095157,1776186789000
1776186791.021,191.021,0.41,5.0,0.39,10.9,0.55,14.92,0.57,10.6,0.45,14.92,0.43,10.6,0.59,5.0,0.61,10.9,0.14,0.14,0.095168,1776186790000
1776186792.03,192.03,0.41,5.0,0.39,10.9,0.55,14.92,0.57,10.6,0.45,14.92,0.43,10.6,0.59,5.0,0.61,10.9,0.14,0.14,0.095168,1776186791000
1776186793.179,193.179,0.41,5.0,0.39,10.9,0.55,14.92,0.57,10.6,0.45,14.92,0.43,10.6,0.59,5.0,0.61,10.9,0.14,0.14,0.095168,1776186792000
1776186794.245,194.245,0.41,5.0,0.39,10.9,0.55,14.92,0.57,10.6,0.45,14.92,0.43,10.6,0.59,5.0,0.61,10.9,0.14,0.14,0.095168,1776186793000
1776186795.964,195.964,0.41,5.0,0.39,10.9,0.55,14.92,0.57,10.6,0.45,14.92,0.43,10.6,0.59,5.0,0.61,10.9,0.14,0.14,0.095164,1776186794000
1776186796.579,196.579,0.41,5.0,0.39,10.9,0.55,14.92,0.57,10.6,0.45,14.92,0.43,10.6,0.59,5.0,0.61,10.9,0.14,0.14,0.095167,1776186795000
1776186797.082,197.082,0.41,5.0,0.39,10.9,0.55,14.92,0.57,10.6,0.45,14.92,0.43,10.6,0.59,5.0,0.61,10.9,0.14,0.14,0.095167,1776186796000
1776186798.092,198.092,0.41,5.0,0.39,10.9,0.55,14.92,0.57,10.6,0.45,14.92,0.43,10.6,0.59,5.0,0.61,10.9,0.14,0.14,0.095173,1776186797000
1776186799.181,199.181,0.41,5.0,0.39,10.9,0.55,14.92,0.57,10.6,0.45,14.92,0.43,10.6,0.59,5.0,0.61,10.9,0.14,0.14,0.095174,1776186798000
1776186800.36,200.36,0.41,5.0,0.39,10.9,0.55,14.92,0.57,10.6,0.45,14.92,0.43,10.6,0.59,5.0,0.61,10.9,0.14,0.14,0.095176,1776186799000
1776186801.374,201.374,0.41,5.0,0.39,10.9,0.55,14.92,0.57,10.6,0.45,14.92,0.43,10.6,0.59,5.0,0.61,10.9,0.14,0.14,0.095187,1776186800000
1776186801.89,201.89,0.41,5.0,0.39,10.9,0.55,14.92,0.57,10.6,0.45,14.92,0.43,10.6,0.59,5.0,0.61,10.9,0.14,0.14,0.095187,1776186801000
1776186803.028,203.028,0.41,5.0,0.39,10.9,0.55,14.92,0.57,10.6,0.45,14.92,0.43,10.6,0.59,5.0,0.61,10.9,0.14,0.14,0.095187,1776186802000
1776186804.036,204.036,0.41,5.0,0.39,10.9,0.55,14.92,0.57,10.6,0.45,14.92,0.43,10.6,0.59,5.0,0.61,10.9,0.14,0.14,0.095186,1776186803000
1776186805.145,205.145,0.41,5.0,0.39,10.9,0.55,14.92,0.57,10.6,0.45,14.92,0.43,10.6,0.59,5.0,0.61,10.9,0.14,0.14,0.095188,1776186804000
1776186806.161,206.161,0.41,5.0,0.39,10.9,0.55,14.92,0.57,10.6,0.45,14.92,0.43,10.6,0.59,5.0,0.61,10.9,0.14,0.14,0.095188,1776186805000
1776186807.364,207.364,0.41,5.0,0.39,10.9,0.55,14.92,0.57,10.6,0.45,14.92,0.43,10.6,0.59,5.0,0.61,10.9,0.14,0.14,0.095183,1776186806000
1776186808.341,208.341,0.41,5.0,0.39,10.9,0.55,14.92,0.57,10.6,0.45,14.92,0.43,10.6,0.59,5.0,0.61,10.9,0.14,0.14,0.095182,1776186807000
1776186809.903,209.903,0.41,5.0,0.39,10.9,0.55,14.92,0.57,10.6,0.45,14.92,0.43,10.6,0.59,5.0,0.61,10.9,0.14,0.14,0.095182,1776186808000
1776186811.042,211.042,0.41,5.0,0.39,10.9,0.55,14.92,0.57,10.6,0.45,14.92,0.43,10.6,0.59,5.0,0.61,10.9,0.14,0.14,0.095182,1776186809000
1776186811.632,211.632,0.41,5.0,0.39,10.9,0.55,14.92,0.57,10.6,0.45,14.92,0.43,10.6,0.59,5.0,0.61,10.9,0.14,0.14,0.095182,1776186810000
1776186812.401,212.401,0.41,5.0,0.39,10.9,0.55,14.92,0.57,10.6,0.45,14.92,0.43,10.6,0.59,5.0,0.61,10.9,0.14,0.14,0.095182,1776186811000
1776186814.029,214.029,0.41,5.0,0.39,10.9,0.55,14.92,0.57,10.6,0.45,14.92,0.43,10.6,0.59,5.0,0.61,10.9,0.14,0.14,0.095166,1776186813000
1776186815.425,215.425,0.41,5.0,0.39,10.9,0.55,14.92,0.57,10.6,0.45,14.92,0.43,10.6,0.59,5.0,0.61,10.9,0.14,0.14,0.095156,1776186814000
1776186816.058,216.058,0.41,5.0,0.39,10.9,0.55,14.92,0.57,10.6,0.45,14.92,0.43,10.6,0.59,5.0,0.61,10.9,0.14,0.14,0.095156,1776186815000
1776186817.344,217.344,0.41,5.0,0.39,10.9,0.55,14.92,0.57,10.6,0.45,14.92,0.43,10.6,0.59,5.0,0.61,10.9,0.14,0.14,0.095147,1776186816000
1776186819.057,219.057,0.41,5.0,0.39,10.9,0.55,14.92,0.57,10.6,0.45,14.92,0.43,10.6,0.59,5.0,0.61,10.9,0.14,0.14,0.095156,1776186818000
1776186820.311,220.311,0.41,5.0,0.39,10.9,0.55,14.92,0.57,10.6,0.45,14.92,0.43,10.6,0.59,5.0,0.61,10.9,0.14,0.14,0.095159,1776186819000
1776186821.661,221.661,0.41,5.0,0.39,10.9,0.55,14.92,0.57,10.6,0.45,14.92,0.43,10.6,0.59,5.0,0.61,10.9,0.14,0.14,0.095159,1776186820000
1776186822.431,222.431,0.41,5.0,0.39,10.9,0.55,14.92,0.57,10.6,0.45,14.92,0.43,10.6,0.59,5.0,0.61,10.9,0.14,0.14,0.095159,1776186821000
1776186823.077,223.077,0.41,5.0,0.39,10.9,0.55,14.92,0.57,10.6,0.45,14.92,0.43,10.6,0.59,5.0,0.61,10.9,0.14,0.14,0.095159,1776186822000
1776186824.333,224.333,0.41,5.0,0.39,10.9,0.55,14.92,0.57,10.6,0.45,14.92,0.43,10.6,0.59,5.0,0.61,10.9,0.14,0.14,0.095159,1776186823000
1776186825.616,225.616,0.41,5.0,0.39,10.9,0.55,14.92,0.57,10.6,0.45,14.92,0.43,10.6,0.59,5.0,0.61,10.9,0.14,0.14,0.095169,1776186824000
1776186826.352,226.352,0.41,5.0,0.39,10.9,0.55,14.92,0.57,10.6,0.45,14.92,0.43,10.6,0.59,5.0,0.61,10.9,0.14,0.14,0.095169,1776186825000
1776186828.265,228.265,0.41,5.0,0.39,10.9,0.55,14.92,0.57,10.6,0.45,14.92,0.43,10.6,0.59,5.0,0.61,10.9,0.14,0.14,0.095169,1776186827000
1776186829.386,229.386,0.41,5.0,0.39,10.9,0.55,14.92,0.57,10.6,0.45,14.92,0.43,10.6,0.59,5.0,0.61,10.9,0.14,0.14,0.095169,1776186828000
1776186830.53,230.53,0.41,5.0,0.39,10.9,0.55,14.92,0.57,10.6,0.45,14.92,0.43,10.6,0.59,5.0,0.61,10.9,0.14,0.14,0.095161,1776186829000
1776186831.137,231.137,0.41,5.0,0.39,10.9,0.55,14.92,0.57,10.6,0.45,14.92,0.43,10.6,0.59,5.0,0.61,10.9,0.14,0.14,0.095156,1776186830000
1776186832.195,232.195,0.41,5.0,0.39,10.9,0.55,14.92,0.57,10.6,0.45,14.92,0.43,10.6,0.59,5.0,0.61,10.9,0.14,0.14,0.095152,1776186831000
1776186833.299,233.299,0.41,5.0,0.39,10.9,0.55,14.92,0.57,10.6,0.45,14.92,0.43,10.6,0.59,5.0,0.61,10.9,0.14,0.14,0.09515,1776186832000
1776186834.468,234.468,0.41,5.0,0.39,10.9,0.55,14.92,0.57,10.6,0.45,14.92,0.43,10.6,0.59,5.0,0.61,10.9,0.14,0.14,0.09515,1776186833000
1776186835.155,235.155,0.41,5.0,0.39,10.9,0.55,14.92,0.57,10.6,0.45,14.92,0.43,10.6,0.59,5.0,0.61,10.9,0.14,0.14,0.09515,1776186834000
1776186836.1,236.1,0.41,5.0,0.39,10.9,0.55,14.92,0.57,10.6,0.45,14.92,0.43,10.6,0.59,5.0,0.61,10.9,0.14,0.14,0.095152,1776186835000
1776186837.221,237.221,0.41,5.0,0.39,10.9,0.55,14.92,0.57,10.6,0.45,14.92,0.43,10.6,0.59,5.0,0.61,10.9,0.14,0.14,0.095153,1776186836000
1776186838.418,238.418,0.41,5.0,0.39,10.9,0.55,14.92,0.57,10.6,0.45,14.92,0.43,10.6,0.59,5.0,0.61,10.9,0.14,0.14,0.095153,1776186837000
1776186838.982,238.982,0.41,5.0,0.39,10.9,0.55,14.92,0.57,10.6,0.45,14.92,0.43,10.6,0.59,5.0,0.61,10.9,0.14,0.14,0.095153,1776186838000
1776186840.038,240.038,0.41,5.0,0.39,10.9,0.55,14.92,0.57,10.6,0.45,14.92,0.43,10.6,0.59,5.0,0.61,10.9,0.14,0.14,0.095153,1776186839000
1776186840.431,240.431,0.3,19.0,0.29,12.6,0.46,5.0,0.5,10.4,0.45,14.92,0.43,10.6,0.59,5.0,0.61,10.9,0.16,0.14,0.095153,1776186839000
1776186841.176,241.176,0.3,19.0,0.29,12.6,0.46,5.0,0.5,10.4,0.54,5.0,0.5,10.4,0.7,19.0,0.71,12.6,0.16,0.16,0.09516,1776186840000
1776186842.668,242.668,0.3,19.0,0.29,12.6,0.46,5.0,0.5,10.4,0.54,5.0,0.5,10.4,0.7,19.0,0.71,12.6,0.16,0.16,0.095163,1776186841000
1776186843.212,243.212,0.3,19.0,0.29,12.6,0.46,5.0,0.5,10.4,0.54,5.0,0.5,10.4,0.7,19.0,0.71,12.6,0.16,0.16,0.095161,1776186842000
1776186844.385,244.385,0.3,19.0,0.29,12.6,0.46,5.0,0.5,10.4,0.54,5.0,0.5,10.4,0.7,19.0,0.71,12.6,0.16,0.16,0.095158,1776186843000
1776186845.301,245.301,0.43,5.0,0.33,11.8,0.55,19.92,0.61,50.0,0.54,5.0,0.5,10.4,0.7,19.0,0.71,12.6,0.12,0.16,0.095158,1776186843000
1776186845.534,245.534,0.43,5.0,0.33,11.8,0.55,19.92,0.61,50.0,0.45,19.92,0.39,50.0,0.57,5.0,0.67,11.8,0.12,0.12,0.09516,1776186844000
1776186846.154,246.154,0.43,5.0,0.33,11.8,0.55,19.92,0.61,50.0,0.45,19.92,0.39,50.0,0.57,5.0,0.67,11.8,0.12,0.12,0.09516,1776186845000
1776186847.099,247.099,0.51,50.0,0.45,5.0,0.55,9.92,0.69,10.01,0.45,19.92,0.39,50.0,0.57,5.0,0.67,11.8,0.04,0.12,0.09516,1776186845000
1776186847.805,247.805,0.51,50.0,0.41,50.0,0.55,0.28,0.69,10.01,0.45,9.92,0.31,10.01,0.49,50.0,0.55,5.0,0.04,0.04,0.09518,1776186846000
1776186848.47,248.47,0.51,50.0,0.41,50.0,0.55,0.28,0.69,10.01,0.45,0.28,0.31,10.01,0.49,50.0,0.59,50.0,0.04,0.04,0.095181,1776186847000
1776186849.1,249.1,0.51,50.0,0.41,50.0,0.55,0.28,0.69,10.01,0.45,0.28,0.31,10.01,0.49,50.0,0.59,50.0,0.04,0.04,0.095191,1776186848000
1776186849.518,249.518,0.51,50.0,0.41,50.0,0.69,10.01,0.75,13.9,0.45,0.28,0.31,10.01,0.49,50.0,0.59,50.0,0.18,0.04,0.095191,1776186848000
1776186850.207,250.207,0.51,50.0,0.41,50.0,0.69,10.01,0.75,13.9,0.31,10.01,0.25,13.9,0.49,50.0,0.59,50.0,0.18,0.18,0.095194,1776186849000
1776186851.383,251.383,0.51,50.0,0.41,50.0,0.69,10.01,0.75,13.9,0.31,10.01,0.25,13.9,0.49,50.0,0.59,50.0,0.18,0.18,0.095195,1776186850000
1776186852.468,252.468,0.51,50.0,0.41,50.0,0.69,10.01,0.75,13.9,0.31,10.01,0.25,13.9,0.49,50.0,0.59,50.0,0.18,0.18,0.095195,1776186851000
1776186853.057,253.057,0.51,50.0,0.41,50.0,0.69,10.01,0.75,13.9,0.31,10.01,0.25,13.9,0.49,50.0,0.59,50.0,0.18,0.18,0.095196,1776186852000
1776186854.351,254.351,0.51,50.0,0.41,50.0,0.69,10.01,0.75,13.9,0.31,10.01,0.25,13.9,0.49,50.0,0.59,50.0,0.18,0.18,0.095199,1776186853000
1776186855.308,255.308,0.51,50.0,0.41,50.0,0.69,10.01,0.75,13.9,0.31,10.01,0.25,13.9,0.49,50.0,0.59,50.0,0.18,0.18,0.095199,1776186854000
1776186856.491,256.491,0.51,50.0,0.41,50.0,0.69,10.01,0.75,13.9,0.31,10.01,0.25,13.9,0.49,50.0,0.59,50.0,0.18,0.18,0.095204,1776186855000
1776186857.534,257.534,0.51,50.0,0.41,50.0,0.69,10.01,0.75,13.9,0.31,10.01,0.25,13.9,0.49,50.0,0.59,50.0,0.18,0.18,0.095209,1776186856000
1776186858.104,258.104,0.51,50.0,0.41,50.0,0.69,10.01,0.75,13.9,0.31,10.01,0.25,13.9,0.49,50.0,0.59,50.0,0.18,0.18,0.095209,1776186857000
1776186859.121,259.121,0.51,50.0,0.41,50.0,0.69,10.01,0.75,13.9,0.31,10.01,0.25,13.9,0.49,50.0,0.59,50.0,0.18,0.18,0.095209,1776186858000
1776186860.099,260.099,0.51,50.0,0.41,50.0,0.69,10.01,0.75,13.9,0.31,10.01,0.25,13.9,0.49,50.0,0.59,50.0,0.18,0.18,0.095203,1776186859000
1776186861.11,261.11,0.51,50.0,0.41,50.0,0.69,10.01,0.75,13.9,0.31,10.01,0.25,13.9,0.49,50.0,0.59,50.0,0.18,0.18,0.095219,1776186860000
1776186862.662,262.662,0.51,50.0,0.41,50.0,0.69,10.01,0.75,13.9,0.31,10.01,0.25,13.9,0.49,50.0,0.59,50.0,0.18,0.18,0.095218,1776186861000
1776186863.314,263.314,0.51,50.0,0.41,50.0,0.69,10.01,0.75,13.9,0.31,10.01,0.25,13.9,0.49,50.0,0.59,50.0,0.18,0.18,0.09522,1776186862000
1776186864.556,264.556,0.51,50.0,0.41,50.0,0.69,10.01,0.75,13.9,0.31,10.01,0.25,13.9,0.49,50.0,0.59,50.0,0.18,0.18,0.095218,1776186863000
1776186865.146,265.146,0.51,50.0,0.41,50.0,0.69,10.01,0.75,13.9,0.31,10.01,0.25,13.9,0.49,50.0,0.59,50.0,0.18,0.18,0.095221,1776186864000
1776186866.413,266.413,0.51,50.0,0.41,50.0,0.69,10.01,0.75,13.9,0.31,10.01,0.25,13.9,0.49,50.0,0.59,50.0,0.18,0.18,0.09522,1776186865000
1776186867.063,267.063,0.51,50.0,0.41,50.0,0.69,10.01,0.75,13.9,0.31,10.01,0.25,13.9,0.49,50.0,0.59,50.0,0.18,0.18,0.095218,1776186866000
1776186868.154,268.154,0.74,13.5,0.73,13.2,0.76,1.31,0.77,5.0,0.31,10.01,0.25,13.9,0.49,50.0,0.59,50.0,0.02,0.18,0.095218,1776186866000
1776186869.043,269.043,0.74,13.5,0.73,13.2,0.76,1.31,0.77,5.0,0.24,1.31,0.23,5.0,0.26,13.5,0.27,13.2,0.02,0.02,0.095219,1776186868000
1776186870.208,270.208,0.74,13.5,0.73,13.2,0.76,1.31,0.77,5.0,0.24,1.31,0.23,5.0,0.26,13.5,0.27,13.2,0.02,0.02,0.095219,1776186869000
1776186871.424,271.424,0.74,13.5,0.73,13.2,0.76,1.31,0.77,5.0,0.24,1.31,0.23,5.0,0.26,13.5,0.27,13.2,0.02,0.02,0.095228,1776186870000
1776186872.093,272.093,0.74,13.5,0.73,13.2,0.76,1.31,0.77,5.0,0.24,1.31,0.23,5.0,0.26,13.5,0.27,13.2,0.02,0.02,0.095228,1776186871000
1776186874.404,274.404,0.74,13.5,0.73,13.2,0.76,1.31,0.77,5.0,0.24,1.31,0.23,5.0,0.26,13.5,0.27,13.2,0.02,0.02,0.095228,1776186873000
1776186874.914,274.914,0.74,13.5,0.73,13.2,0.76,1.31,0.77,5.0,0.24,1.31,0.23,5.0,0.26,13.5,0.27,13.2,0.02,0.02,0.095232,1776186874000
1776186875.872,275.872,0.74,13.5,0.73,13.2,0.76,1.31,0.77,5.0,0.24,1.31,0.23,5.0,0.26,13.5,0.27,13.2,0.02,0.02,0.095238,1776186875000
1776186876.805,276.805,0.74,13.5,0.73,13.2,0.76,1.31,0.77,5.0,0.24,1.31,0.23,5.0,0.26,13.5,0.27,13.2,0.02,0.02,0.095237,1776186876000
1776186877.893,277.893,0.74,13.5,0.73,13.2,0.76,1.31,0.77,5.0,0.24,1.31,0.23,5.0,0.26,13.5,0.27,13.2,0.02,0.02,0.095236,1776186877000
1776186878.932,278.932,0.74,13.5,0.73,13.2,0.76,1.31,0.77,5.0,0.24,1.31,0.23,5.0,0.26,13.5,0.27,13.2,0.02,0.02,0.095237,1776186878000
1776186880.051,280.051,0.74,13.5,0.73,13.2,0.76,1.31,0.77,5.0,0.24,1.31,0.23,5.0,0.26,13.5,0.27,13.2,0.02,0.02,0.095237,1776186879000
1776186881.005,281.005,0.74,13.5,0.73,13.2,0.76,1.31,0.77,5.0,0.24,1.31,0.23,5.0,0.26,13.5,0.27,13.2,0.02,0.02,0.095238,1776186880000
1776186881.61,281.61,0.88,5.0,0.81,50.0,0.93,5.0,0.98,5.0,0.24,1.31,0.23,5.0,0.26,13.5,0.27,13.2,0.05,0.02,0.095238,1776186880000
1776186881.944,281.944,0.88,5.0,0.81,50.0,0.93,5.0,0.98,5.0,0.07,5.0,0.02,5.0,0.12,5.0,0.19,50.0,0.05,0.05,0.095237,1776186881000
1776186883.014,283.014,0.88,5.0,0.81,50.0,0.93,5.0,0.98,5.0,0.07,5.0,0.02,5.0,0.12,5.0,0.19,50.0,0.05,0.05,0.095238,1776186882000
1776186883.903,283.903,0.88,5.0,0.81,50.0,0.93,5.0,0.98,5.0,0.07,5.0,0.02,5.0,0.12,5.0,0.19,50.0,0.05,0.05,0.095238,1776186883000
1776186884.389,284.389,0.81,50.0,0.71,50.0,0.98,0.16,0.99,5230.0,0.07,5.0,0.02,5.0,0.12,5.0,0.19,50.0,0.17,0.05,0.095238,1776186883000
1776186884.912,284.912,0.81,50.0,0.71,50.0,0.98,0.16,0.99,5230.0,0.02,0.16,0.01,5230.0,0.19,50.0,0.29,50.0,0.17,0.17,0.095232,1776186884000
1776186885.808,285.808,0.81,50.0,0.74,6.0,0.93,10.0,0.94,17.0,0.02,0.16,0.01,5230.0,0.19,50.0,0.29,50.0,0.12,0.17,0.095232,1776186884000
1776186887.702,287.702,0.81,50.0,0.74,6.0,0.93,10.0,0.94,17.0,0.07,10.0,0.06,17.0,0.19,50.0,0.26,6.0,0.12,0.12,0.095223,1776186886000
1776186888.354,288.354,0.81,50.0,0.74,6.0,0.93,10.0,0.94,17.0,0.07,10.0,0.06,17.0,0.19,50.0,0.26,6.0,0.12,0.12,0.09522,1776186887000
1776186888.962,288.962,0.81,50.0,0.74,6.0,0.93,10.0,0.94,17.0,0.07,10.0,0.06,17.0,0.19,50.0,0.26,6.0,0.12,0.12,0.09522,1776186888000
1776186890.304,290.304,0.81,50.0,0.74,6.0,0.93,10.0,0.94,17.0,0.07,10.0,0.06,17.0,0.19,50.0,0.26,6.0,0.12,0.12,0.095219,1776186889000
1776186890.827,290.827,0.85,5.0,0.81,50.0,0.99,228.13,,,0.07,10.0,0.06,17.0,0.19,50.0,0.26,6.0,0.14,0.12,0.095219,1776186889000
1776186891.58,291.58,0.85,5.0,0.81,50.0,,,,,0.01,228.13,,,0.15,5.0,0.19,50.0,,0.14,0.095219,1776186889000
1776186891.804,291.804,0.85,5.0,0.81,50.0,,,,,,,,,0.15,5.0,0.19,50.0,,,0.095218,1776186890000
1776186892.153,292.153,0.85,5.0,0.81,50.0,0.99,81.0,,,,,,,0.15,5.0,0.19,50.0,0.14,,0.095218,1776186890000
1776186892.771,292.771,0.85,5.0,0.81,50.0,0.99,81.0,,,0.01,81.0,,,0.15,5.0,0.19,50.0,0.14,0.14,0.095218,1776186891000
1776186893.485,293.485,0.85,5.0,0.81,50.0,0.99,81.0,,,0.01,81.0,,,0.15,5.0,0.19,50.0,0.14,0.14,0.095218,1776186892000
1776186894.14,294.14,0.85,5.0,0.81,50.0,0.99,81.0,,,0.01,81.0,,,0.15,5.0,0.19,50.0,0.14,0.14,0.095214,1776186893000
1776186895.343,295.343,0.85,5.0,0.81,50.0,0.99,78.0,,,0.01,81.0,,,0.15,5.0,0.19,50.0,0.14,0.14,0.095214,1776186893000
1776186895.566,295.566,0.85,5.0,0.81,50.0,0.99,78.0,,,0.01,78.0,,,0.15,5.0,0.19,50.0,0.14,0.14,0.095214,1776186894000
1776186896.251,296.251,0.85,5.0,0.81,50.0,0.99,52.98,,,0.01,52.98,,,0.15,5.0,0.19,50.0,0.14,0.14,0.095214,1776186895000
1776186897.031,297.031,0.85,5.0,0.81,50.0,0.99,32.77,,,0.01,52.98,,,0.15,5.0,0.19,50.0,0.14,0.14,0.095214,1776186895000
1776186897.402,297.402,0.85,5.0,0.81,50.0,,,,,0.01,26.77,,,0.15,5.0,0.19,50.0,,0.14,0.095214,1776186895000
1776186897.63,297.63,0.85,5.0,0.81,50.0,,,,,,,,,0.15,5.0,0.19,50.0,,,0.095214,1776186896000
1776186898.361,298.361,0.85,5.0,0.81,50.0,,,,,,,,,0.15,5.0,0.19,50.0,,,0.095214,1776186897000
1776186899.698,299.698,0.85,5.0,0.81,50.0,,,,,,,,,0.15,5.0,0.19,50.0,,,0.095214,1776186898000
1776186900.423,300.423,0.85,5.0,0.81,50.0,,,,,,,,,0.15,5.0,0.19,50.0,,,0.095214,1776186899000
1776186901.089,301.089,0.85,5.0,0.81,50.0,,,,,,,,,0.15,5.0,0.19,50.0,,,0.095214,1776186900000

# RESULT,winner=Up,slug=doge-updown-5m-1776186600,ticks=332
