timestamp,elapsed_sec,up_bid_p1,up_bid_s1,up_bid_p2,up_bid_s2,up_ask_p1,up_ask_s1,up_ask_p2,up_ask_s2,down_bid_p1,down_bid_s1,down_bid_p2,down_bid_s2,down_ask_p1,down_ask_s1,down_ask_p2,down_ask_s2,up_spread,down_spread,doge_price,doge_oracle_ts
1776183601.672,1.672,0.5,10.0,0.49,6.0,0.51,6.0,0.52,6.0,0.49,6.0,0.48,6.0,0.5,10.0,0.51,6.0,0.01,0.01,0.095483,1776183599000
1776183601.934,1.934,0.5,10.0,0.49,6.0,0.51,6.0,0.52,6.0,0.49,6.0,0.48,6.0,0.5,10.0,0.51,6.0,0.01,0.01,0.095485,1776183600000
1776183602.177,2.177,0.5,10.0,0.49,6.0,0.51,6.0,0.52,6.0,0.49,6.0,0.48,6.0,0.5,10.0,0.51,6.0,0.01,0.01,0.095485,1776183600000
1776183602.407,2.407,0.5,10.0,0.49,6.0,0.51,6.0,0.52,6.0,0.49,6.0,0.48,6.0,0.5,10.0,0.51,6.0,0.01,0.01,0.095487,1776183601000
1776183603.01,3.01,0.5,10.0,0.49,6.0,0.51,6.0,0.52,6.0,0.49,6.0,0.48,6.0,0.5,10.0,0.51,6.0,0.01,0.01,0.095488,1776183602000
1776183603.478,3.478,0.5,14.9,0.49,6.0,0.51,6.0,0.52,6.0,0.49,6.0,0.48,6.0,0.5,10.0,0.51,6.0,0.01,0.01,0.095488,1776183602000
1776183604.032,4.032,0.5,14.9,0.49,6.0,0.51,6.0,0.52,6.0,0.49,6.0,0.48,6.0,0.5,14.9,0.51,6.0,0.01,0.01,0.095445,1776183603000
1776183605.179,5.179,0.5,14.9,0.49,6.0,0.51,6.0,0.52,6.0,0.49,6.0,0.48,6.0,0.5,14.9,0.51,6.0,0.01,0.01,0.095443,1776183604000
1776183606.352,6.352,0.5,14.9,0.49,6.0,0.51,6.0,0.52,6.0,0.49,6.0,0.48,6.0,0.5,14.9,0.51,6.0,0.01,0.01,0.095444,1776183605000
1776183606.909,6.909,0.5,14.9,0.49,6.0,0.51,6.0,0.52,6.0,0.49,6.0,0.48,6.0,0.5,14.9,0.51,6.0,0.01,0.01,0.095444,1776183606000
1776183607.18,7.18,0.49,6.0,0.48,6.0,0.51,16.0,0.52,6.0,0.49,6.0,0.48,6.0,0.5,14.9,0.51,6.0,0.02,0.01,0.095444,1776183606000
1776183607.5,7.5,0.49,3.0,0.48,6.0,0.51,16.0,0.52,6.0,0.49,16.0,0.48,6.0,0.51,6.0,0.52,6.0,0.02,0.02,0.095444,1776183606000
1776183607.914,7.914,0.49,3.0,0.48,6.0,0.51,16.0,0.52,6.0,0.49,16.0,0.48,6.0,0.51,3.0,0.52,6.0,0.02,0.02,0.095452,1776183607000
1776183608.657,8.657,0.4,10.0,0.34,14.0,0.51,16.0,0.52,6.0,0.49,16.0,0.48,6.0,0.51,3.0,0.52,6.0,0.11,0.02,0.095452,1776183607000
1776183609.086,9.086,0.4,10.0,0.34,14.0,0.51,16.0,0.52,6.0,0.49,16.0,0.48,6.0,0.6,10.0,0.66,14.0,0.11,0.11,0.095461,1776183608000
1776183610.156,10.156,0.4,10.0,0.34,14.0,0.51,16.0,0.52,6.0,0.49,16.0,0.48,6.0,0.6,10.0,0.66,14.0,0.11,0.11,0.095456,1776183609000
1776183611.243,11.243,0.4,10.0,0.34,14.0,0.51,16.0,0.52,6.0,0.49,16.0,0.48,6.0,0.6,10.0,0.66,14.0,0.11,0.11,0.095459,1776183610000
1776183611.789,11.789,0.41,50.0,0.4,10.0,0.51,6.0,0.52,6.0,0.49,16.0,0.48,6.0,0.6,10.0,0.66,14.0,0.1,0.11,0.095459,1776183610000
1776183612.523,12.523,0.41,41.67,0.4,10.0,0.51,6.0,0.52,6.0,0.49,6.0,0.48,6.0,0.59,41.67,0.6,10.0,0.1,0.1,0.095463,1776183611000
1776183612.744,12.744,0.47,5.0,0.46,5.0,0.51,1.0,0.52,6.0,0.49,6.0,0.48,6.0,0.59,41.67,0.6,10.0,0.04,0.1,0.095463,1776183611000
1776183613.083,13.083,0.47,5.0,0.46,5.0,0.51,1.0,0.52,6.0,0.49,1.0,0.48,6.0,0.53,5.0,0.54,5.0,0.04,0.04,0.095467,1776183612000
1776183613.889,13.889,0.47,5.0,0.46,5.0,0.51,1.0,0.52,6.0,0.49,1.0,0.48,6.0,0.53,5.0,0.54,5.0,0.04,0.04,0.095489,1776183613000
1776183615.099,15.099,0.47,5.0,0.46,5.0,0.51,1.0,0.52,6.0,0.49,1.0,0.48,6.0,0.53,5.0,0.54,5.0,0.04,0.04,0.095499,1776183614000
1776183618.362,18.362,0.47,5.0,0.46,5.0,0.52,5.05,0.57,5.0,0.49,1.0,0.48,6.0,0.53,5.0,0.54,5.0,0.05,0.04,0.095499,1776183614000
1776183618.857,18.857,0.47,5.0,0.46,5.0,0.52,5.05,0.57,5.0,0.48,5.05,0.43,5.0,0.53,5.0,0.54,5.0,0.05,0.05,0.095505,1776183615000
1776183619.266,19.266,0.47,5.0,0.46,5.0,0.52,5.05,0.57,5.0,0.48,5.05,0.43,5.0,0.53,5.0,0.54,5.0,0.05,0.05,0.095506,1776183616000
1776183620.346,20.346,0.51,80.0,0.5,10.0,0.62,8.0,0.64,5.0,0.38,8.0,0.36,5.0,0.49,80.0,0.5,10.0,0.11,0.11,0.095513,1776183619000
1776183620.884,20.884,0.51,80.0,0.5,10.0,0.62,8.0,0.64,5.0,0.38,8.0,0.36,5.0,0.49,80.0,0.5,10.0,0.11,0.11,0.095513,1776183620000
1776183621.899,21.899,0.51,80.0,0.5,10.0,0.62,8.0,0.64,5.0,0.38,8.0,0.36,5.0,0.49,80.0,0.5,10.0,0.11,0.11,0.09555,1776183621000
1776183622.653,22.653,0.53,3.87,0.52,10.0,0.62,8.0,0.63,5.0,0.38,8.0,0.36,5.0,0.49,80.0,0.5,10.0,0.09,0.11,0.09555,1776183621000
1776183622.919,22.919,0.53,3.87,0.52,10.0,0.62,8.0,0.63,5.0,0.38,8.0,0.37,5.0,0.47,3.87,0.48,10.0,0.09,0.09,0.09554,1776183622000
1776183624.142,24.142,0.53,3.87,0.52,10.0,0.62,8.0,0.63,5.0,0.38,8.0,0.37,5.0,0.47,3.87,0.48,10.0,0.09,0.09,0.095533,1776183623000
1776183625.091,25.091,0.53,3.87,0.52,10.0,0.62,8.0,0.63,5.0,0.38,8.0,0.37,5.0,0.47,3.87,0.48,10.0,0.09,0.09,0.095533,1776183624000
1776183626.196,26.196,0.53,3.87,0.52,10.0,0.62,8.0,0.63,5.0,0.38,8.0,0.37,5.0,0.47,3.87,0.48,10.0,0.09,0.09,0.095533,1776183625000
1776183627.232,27.232,0.53,3.87,0.52,10.0,0.62,8.0,0.63,5.0,0.38,8.0,0.37,5.0,0.47,3.87,0.48,10.0,0.09,0.09,0.095533,1776183626000
1776183628.247,28.247,0.53,3.87,0.52,10.0,0.62,8.0,0.63,5.0,0.38,8.0,0.37,5.0,0.47,3.87,0.48,10.0,0.09,0.09,0.095527,1776183627000
1776183629.998,29.998,0.53,3.87,0.52,10.0,0.62,8.0,0.63,5.0,0.38,8.0,0.37,5.0,0.47,3.87,0.48,10.0,0.09,0.09,0.095528,1776183628000
1776183630.24,30.24,0.51,18.87,0.5,10.0,0.6,8.0,0.61,5.0,0.38,8.0,0.37,5.0,0.47,3.87,0.48,10.0,0.09,0.09,0.095528,1776183628000
1776183630.548,30.548,0.51,18.87,0.5,10.0,0.6,8.0,0.61,5.0,0.4,8.0,0.39,5.0,0.49,18.87,0.5,10.0,0.09,0.09,0.095524,1776183629000
1776183631.064,31.064,0.51,18.87,0.5,10.0,0.6,8.0,0.61,5.0,0.4,8.0,0.39,5.0,0.49,18.87,0.5,10.0,0.09,0.09,0.095528,1776183630000
1776183632.241,32.241,0.51,18.87,0.5,10.0,0.6,8.0,0.61,5.0,0.4,8.0,0.39,5.0,0.49,18.87,0.5,10.0,0.09,0.09,0.09553,1776183631000
1776183633.356,33.356,0.51,18.87,0.5,10.0,0.6,8.0,0.61,5.0,0.4,8.0,0.39,5.0,0.49,18.87,0.5,10.0,0.09,0.09,0.09553,1776183632000
1776183634.086,34.086,0.51,18.87,0.5,10.0,0.6,8.0,0.61,5.0,0.4,8.0,0.39,5.0,0.49,18.87,0.5,10.0,0.09,0.09,0.09553,1776183633000
1776183635.383,35.383,0.51,18.87,0.5,10.0,0.6,8.0,0.61,5.0,0.4,8.0,0.39,5.0,0.49,18.87,0.5,10.0,0.09,0.09,0.095529,1776183634000
1776183636.338,36.338,0.51,18.87,0.5,10.0,0.6,8.0,0.61,5.0,0.4,8.0,0.39,5.0,0.49,18.87,0.5,10.0,0.09,0.09,0.09553,1776183635000
1776183636.934,36.934,0.51,18.87,0.5,10.0,0.6,8.0,0.61,5.0,0.4,8.0,0.39,5.0,0.49,18.87,0.5,10.0,0.09,0.09,0.09553,1776183636000
1776183638.034,38.034,0.51,18.87,0.5,10.0,0.6,8.0,0.61,5.0,0.4,8.0,0.39,5.0,0.49,18.87,0.5,10.0,0.09,0.09,0.095541,1776183637000
1776183639.208,39.208,0.51,18.87,0.5,10.0,0.6,8.0,0.61,5.0,0.4,8.0,0.39,5.0,0.49,18.87,0.5,10.0,0.09,0.09,0.095547,1776183638000
1776183640.262,40.262,0.51,18.87,0.5,10.0,0.6,8.0,0.61,5.0,0.4,8.0,0.39,5.0,0.49,18.87,0.5,10.0,0.09,0.09,0.095539,1776183639000
1776183641.37,41.37,0.51,18.87,0.5,10.0,0.6,8.0,0.61,5.0,0.4,8.0,0.39,5.0,0.49,18.87,0.5,10.0,0.09,0.09,0.095538,1776183640000
1776183642.394,42.394,0.51,18.87,0.5,10.0,0.6,8.0,0.61,5.0,0.4,8.0,0.39,5.0,0.49,18.87,0.5,10.0,0.09,0.09,0.095541,1776183641000
1776183643.071,43.071,0.51,18.87,0.5,10.0,0.6,8.0,0.61,5.0,0.4,8.0,0.39,5.0,0.49,18.87,0.5,10.0,0.09,0.09,0.095548,1776183642000
1776183643.456,43.456,0.55,10.0,0.54,14.5,0.63,2.28,0.67,5.0,0.4,8.0,0.39,5.0,0.49,18.87,0.5,10.0,0.08,0.09,0.095548,1776183642000
1776183644.802,44.802,0.55,10.0,0.54,14.5,0.63,2.28,0.67,5.0,0.37,2.28,0.33,5.0,0.45,10.0,0.46,14.5,0.08,0.08,0.09555,1776183643000
1776183645.345,45.345,0.55,10.0,0.54,14.5,0.63,2.28,0.67,5.0,0.37,2.28,0.33,5.0,0.45,10.0,0.46,14.5,0.08,0.08,0.095557,1776183644000
1776183645.977,45.977,0.55,10.0,0.54,14.5,0.63,2.28,0.67,5.0,0.37,2.28,0.33,5.0,0.45,10.0,0.46,14.5,0.08,0.08,0.095557,1776183645000
1776183647.108,47.108,0.55,10.0,0.54,14.5,0.63,2.28,0.67,5.0,0.37,2.28,0.33,5.0,0.45,10.0,0.46,14.5,0.08,0.08,0.095541,1776183646000
1776183648.288,48.288,0.55,10.0,0.54,14.5,0.63,2.28,0.67,5.0,0.37,2.28,0.33,5.0,0.45,10.0,0.46,14.5,0.08,0.08,0.095538,1776183647000
1776183649.29,49.29,0.55,10.0,0.54,14.5,0.63,2.28,0.67,5.0,0.37,2.28,0.33,5.0,0.45,10.0,0.46,14.5,0.08,0.08,0.095553,1776183648000
1776183650.418,50.418,0.55,10.0,0.54,14.5,0.63,2.28,0.67,5.0,0.37,2.28,0.33,5.0,0.45,10.0,0.46,14.5,0.08,0.08,0.095557,1776183649000
1776183650.899,50.899,0.55,10.0,0.54,14.5,0.63,2.28,0.67,5.0,0.37,2.28,0.33,5.0,0.45,10.0,0.46,14.5,0.08,0.08,0.095559,1776183650000
1776183651.878,51.878,0.56,5.0,0.55,5.0,0.67,2.71,0.69,5.0,0.37,2.28,0.33,5.0,0.45,10.0,0.46,14.5,0.11,0.08,0.095559,1776183650000
1776183653.156,53.156,0.56,5.0,0.55,5.0,0.67,2.71,0.69,5.0,0.33,2.71,0.31,5.0,0.44,5.0,0.45,5.0,0.11,0.11,0.095557,1776183652000
1776183654.259,54.259,0.56,5.0,0.55,5.0,0.67,2.71,0.69,5.0,0.33,2.71,0.31,5.0,0.44,5.0,0.45,5.0,0.11,0.11,0.095555,1776183653000
1776183655.472,55.472,0.56,5.0,0.55,5.0,0.67,2.71,0.69,5.0,0.33,2.71,0.31,5.0,0.44,5.0,0.45,5.0,0.11,0.11,0.095555,1776183654000
1776183656.474,56.474,0.56,5.0,0.55,5.0,0.67,2.71,0.69,5.0,0.33,2.71,0.31,5.0,0.44,5.0,0.45,5.0,0.11,0.11,0.095556,1776183655000
1776183657.032,57.032,0.56,5.0,0.55,5.0,0.67,2.71,0.69,5.0,0.33,2.71,0.31,5.0,0.44,5.0,0.45,5.0,0.11,0.11,0.095556,1776183656000
1776183658.163,58.163,0.56,5.0,0.55,5.0,0.67,2.71,0.69,5.0,0.33,2.71,0.31,5.0,0.44,5.0,0.45,5.0,0.11,0.11,0.095556,1776183657000
1776183659.198,59.198,0.56,5.0,0.55,5.0,0.67,2.71,0.69,5.0,0.33,2.71,0.31,5.0,0.44,5.0,0.45,5.0,0.11,0.11,0.09556,1776183658000
1776183659.424,59.424,0.57,5.0,0.56,5.0,0.68,5.0,0.7,5.0,0.33,2.71,0.31,5.0,0.44,5.0,0.45,5.0,0.11,0.11,0.09556,1776183658000
1776183660.749,60.749,0.57,5.0,0.56,5.0,0.68,5.0,0.7,5.0,0.32,5.0,0.3,5.0,0.43,5.0,0.44,5.0,0.11,0.11,0.09556,1776183659000
1776183661.569,61.569,0.57,5.0,0.56,5.0,0.68,5.0,0.7,5.0,0.32,5.0,0.3,5.0,0.43,5.0,0.44,5.0,0.11,0.11,0.09555,1776183660000
1776183662.293,62.293,0.57,5.0,0.56,5.0,0.68,5.0,0.7,5.0,0.32,5.0,0.3,5.0,0.43,5.0,0.44,5.0,0.11,0.11,0.095538,1776183661000
1776183663.613,63.613,0.58,3.62,0.55,5.0,0.61,5.22,0.67,5.0,0.32,5.0,0.3,5.0,0.43,5.0,0.44,5.0,0.03,0.11,0.095538,1776183661000
1776183663.855,63.855,0.58,3.62,0.55,5.0,0.61,5.22,0.67,5.0,0.39,5.22,0.33,5.0,0.42,3.62,0.45,5.0,0.03,0.03,0.095536,1776183662000
1776183664.48,64.48,0.58,3.62,0.55,5.0,0.61,5.22,0.67,5.0,0.39,5.22,0.33,5.0,0.42,3.62,0.45,5.0,0.03,0.03,0.095529,1776183663000
1776183665.296,65.296,0.58,3.62,0.55,5.0,0.61,5.22,0.67,5.0,0.39,5.22,0.33,5.0,0.42,3.62,0.45,5.0,0.03,0.03,0.095529,1776183664000
1776183666.436,66.436,0.5,5.0,0.43,11.0,0.61,5.22,0.62,5.0,0.39,5.22,0.33,5.0,0.42,3.62,0.45,5.0,0.11,0.03,0.095529,1776183664000
1776183666.705,66.705,0.5,5.0,0.43,11.0,0.61,5.22,0.62,5.0,0.39,5.22,0.38,5.0,0.5,5.0,0.57,11.0,0.11,0.11,0.09553,1776183665000
1776183667.446,67.446,0.5,5.0,0.43,11.0,0.61,5.22,0.62,5.0,0.39,5.22,0.38,5.0,0.5,5.0,0.57,11.0,0.11,0.11,0.095528,1776183666000
1776183668.126,68.126,0.5,5.0,0.43,11.0,0.61,5.22,0.62,5.0,0.39,5.22,0.38,5.0,0.5,5.0,0.57,11.0,0.11,0.11,0.095505,1776183667000
1776183669.031,69.031,0.53,6.3,0.52,9.61,0.54,5.0,0.55,5.0,0.39,5.22,0.38,5.0,0.5,5.0,0.57,11.0,0.01,0.11,0.095505,1776183667000
1776183669.48,69.48,0.53,6.3,0.52,9.61,0.54,5.0,0.55,5.0,0.46,5.0,0.45,5.0,0.47,6.3,0.48,9.61,0.01,0.01,0.095477,1776183668000
1776183669.81,69.81,0.53,1.3,0.52,9.61,0.56,5.0,0.57,5.0,0.46,5.0,0.45,5.0,0.47,6.3,0.48,9.61,0.03,0.01,0.095477,1776183668000
1776183671.301,71.301,0.52,9.61,0.5,5.0,0.54,5.0,0.55,16.0,0.44,5.0,0.43,5.0,0.47,1.3,0.48,9.61,0.02,0.03,0.095477,1776183669000
1776183672.123,72.123,0.52,4.5,0.5,5.0,0.53,20.0,0.56,10.0,0.46,5.0,0.45,16.0,0.48,9.61,0.5,5.0,0.01,0.02,0.095475,1776183670000
1776183672.613,72.613,0.5,5.0,0.37,10.0,0.53,20.0,0.56,10.0,0.47,20.0,0.44,10.0,0.48,4.5,0.5,5.0,0.03,0.01,0.095475,1776183670000
1776183673.362,73.362,0.5,5.0,0.37,10.0,0.53,20.0,0.56,10.0,0.47,20.0,0.44,10.0,0.5,5.0,0.63,10.0,0.03,0.03,0.095471,1776183672000
1776183673.954,73.954,0.5,5.0,0.37,10.0,0.53,20.0,0.56,10.0,0.47,20.0,0.44,10.0,0.5,5.0,0.63,10.0,0.03,0.03,0.09546,1776183673000
1776183674.199,74.199,0.34,8.4,0.33,10.0,0.51,89.0,0.53,10.0,0.47,20.0,0.44,10.0,0.5,5.0,0.63,10.0,0.17,0.03,0.09546,1776183673000
1776183675.517,75.517,0.34,8.4,0.33,10.0,0.51,89.0,0.53,10.0,0.49,89.0,0.47,10.0,0.66,8.4,0.67,10.0,0.17,0.17,0.095446,1776183674000
1776183676.393,76.393,0.34,8.4,0.33,10.0,0.51,89.0,0.53,10.0,0.49,89.0,0.47,10.0,0.66,8.4,0.67,10.0,0.17,0.17,0.095436,1776183675000
1776183677.477,77.477,0.34,8.4,0.33,10.0,0.51,89.0,0.53,10.0,0.49,89.0,0.47,10.0,0.66,8.4,0.67,10.0,0.17,0.17,0.095414,1776183676000
1776183678.224,78.224,0.34,8.4,0.33,10.0,0.51,89.0,0.53,10.0,0.49,89.0,0.47,10.0,0.66,8.4,0.67,10.0,0.17,0.17,0.095427,1776183677000
1776183678.444,78.444,0.24,14.3,0.23,29.7,0.37,7.0,0.38,5.0,0.65,5.0,0.63,7.0,0.74,13.5,0.75,13.9,0.13,0.09,0.095427,1776183677000
1776183679.252,79.252,0.24,14.3,0.23,29.7,0.37,7.0,0.38,5.0,0.63,7.0,0.62,5.0,0.76,14.3,0.77,29.7,0.13,0.13,0.095409,1776183678000
1776183679.632,79.632,0.24,19.3,0.23,19.7,0.36,10.0,0.37,7.0,0.63,7.0,0.62,5.0,0.76,14.3,0.77,29.7,0.12,0.13,0.095409,1776183678000
1776183680.472,80.472,0.24,19.3,0.23,19.7,0.36,10.0,0.37,7.0,0.64,10.0,0.63,7.0,0.76,19.3,0.77,19.7,0.12,0.12,0.095386,1776183679000
1776183681.126,81.126,0.24,19.3,0.23,19.7,0.36,10.0,0.37,7.0,0.64,10.0,0.63,7.0,0.76,19.3,0.77,19.7,0.12,0.12,0.095382,1776183680000
1776183682.277,82.277,0.24,19.3,0.23,19.7,0.36,10.0,0.37,7.0,0.64,10.0,0.63,7.0,0.76,19.3,0.77,19.7,0.12,0.12,0.095376,1776183681000
1776183683.454,83.454,0.24,19.3,0.23,19.7,0.36,10.0,0.37,7.0,0.64,10.0,0.63,7.0,0.76,19.3,0.77,19.7,0.12,0.12,0.095359,1776183682000
1776183684.037,84.037,0.24,19.3,0.23,19.7,0.36,10.0,0.37,7.0,0.64,10.0,0.63,7.0,0.76,19.3,0.77,19.7,0.12,0.12,0.095334,1776183683000
1776183685.094,85.094,0.24,19.3,0.23,19.7,0.36,10.0,0.37,7.0,0.64,10.0,0.63,7.0,0.76,19.3,0.77,19.7,0.12,0.12,0.095331,1776183684000
1776183686.053,86.053,0.24,19.3,0.23,19.7,0.36,10.0,0.37,7.0,0.64,10.0,0.63,7.0,0.76,19.3,0.77,19.7,0.12,0.12,0.095317,1776183685000
1776183687.279,87.279,0.24,19.3,0.23,19.7,0.36,10.0,0.37,7.0,0.64,10.0,0.63,7.0,0.76,19.3,0.77,19.7,0.12,0.12,0.095308,1776183686000
1776183687.988,87.988,0.24,19.3,0.23,19.7,0.36,10.0,0.37,7.0,0.64,10.0,0.63,7.0,0.76,19.3,0.77,19.7,0.12,0.12,0.095309,1776183687000
1776183688.986,88.986,0.24,19.3,0.23,19.7,0.36,10.0,0.37,7.0,0.64,10.0,0.63,7.0,0.76,19.3,0.77,19.7,0.12,0.12,0.09532,1776183688000
1776183690.082,90.082,0.24,19.3,0.23,19.7,0.36,10.0,0.37,7.0,0.64,10.0,0.63,7.0,0.76,19.3,0.77,19.7,0.12,0.12,0.095329,1776183689000
1776183691.266,91.266,0.24,19.3,0.23,19.7,0.36,10.0,0.37,7.0,0.64,10.0,0.63,7.0,0.76,19.3,0.77,19.7,0.12,0.12,0.09533,1776183690000
1776183692.368,92.368,0.24,19.3,0.23,19.7,0.36,10.0,0.37,7.0,0.64,10.0,0.63,7.0,0.76,19.3,0.77,19.7,0.12,0.12,0.09532,1776183691000
1776183693.241,93.241,0.24,19.3,0.23,19.7,0.36,10.0,0.37,7.0,0.64,10.0,0.63,7.0,0.76,19.3,0.77,19.7,0.12,0.12,0.095317,1776183692000
1776183694.242,94.242,0.24,19.3,0.23,19.7,0.36,10.0,0.37,7.0,0.64,10.0,0.63,7.0,0.76,19.3,0.77,19.7,0.12,0.12,0.095316,1776183693000
1776183695.276,95.276,0.24,19.3,0.23,19.7,0.36,10.0,0.37,7.0,0.64,10.0,0.63,7.0,0.76,19.3,0.77,19.7,0.12,0.12,0.095317,1776183694000
1776183696.296,96.296,0.24,19.3,0.23,19.7,0.36,10.0,0.37,7.0,0.64,10.0,0.63,7.0,0.76,19.3,0.77,19.7,0.12,0.12,0.095321,1776183695000
1776183696.752,96.752,0.17,18.39,0.16,19.3,0.27,16.18,0.28,18.9,0.64,10.0,0.63,7.0,0.76,19.3,0.77,19.7,0.1,0.12,0.095321,1776183695000
1776183697.23,97.23,0.17,18.39,0.16,19.3,0.27,16.18,0.28,18.9,0.73,16.18,0.72,18.9,0.83,18.39,0.84,19.3,0.1,0.1,0.095318,1776183696000
1776183698.233,98.233,0.17,18.39,0.16,19.3,0.27,16.18,0.28,18.9,0.73,16.18,0.72,18.9,0.83,18.39,0.84,19.3,0.1,0.1,0.095327,1776183697000
1776183699.343,99.343,0.17,12.2,0.16,19.3,0.26,5.0,0.27,5.0,0.74,5.0,0.73,5.0,0.83,12.2,0.84,19.3,0.09,0.09,0.095327,1776183698000
1776183700.221,100.221,0.17,12.2,0.16,19.3,0.26,5.0,0.27,5.0,0.74,5.0,0.73,5.0,0.83,12.2,0.84,19.3,0.09,0.09,0.095328,1776183699000
1776183701.218,101.218,0.17,12.2,0.16,19.3,0.26,5.0,0.27,5.0,0.74,5.0,0.73,5.0,0.83,12.2,0.84,19.3,0.09,0.09,0.095324,1776183700000
1776183702.289,102.289,0.17,12.2,0.16,19.3,0.26,5.0,0.27,5.0,0.74,5.0,0.73,5.0,0.83,12.2,0.84,19.3,0.09,0.09,0.095326,1776183701000
1776183703.163,103.163,0.17,12.2,0.16,19.3,0.26,5.0,0.27,5.0,0.74,5.0,0.73,5.0,0.83,12.2,0.84,19.3,0.09,0.09,0.095323,1776183702000
1776183704.227,104.227,0.17,12.2,0.16,19.3,0.26,5.0,0.27,5.0,0.74,5.0,0.73,5.0,0.83,12.2,0.84,19.3,0.09,0.09,0.095325,1776183703000
1776183705.444,105.444,0.17,12.2,0.16,19.3,0.26,5.0,0.27,5.0,0.74,5.0,0.73,5.0,0.83,12.2,0.84,19.3,0.09,0.09,0.095315,1776183704000
1776183706.519,106.519,0.17,12.2,0.16,19.3,0.26,5.0,0.27,5.0,0.74,5.0,0.73,5.0,0.83,12.2,0.84,19.3,0.09,0.09,0.095315,1776183705000
1776183707.776,107.776,0.17,12.2,0.16,19.3,0.26,5.0,0.27,5.0,0.74,5.0,0.73,5.0,0.83,12.2,0.84,19.3,0.09,0.09,0.095335,1776183706000
1776183708.459,108.459,0.17,12.2,0.16,19.3,0.26,5.0,0.27,5.0,0.74,5.0,0.73,5.0,0.83,12.2,0.84,19.3,0.09,0.09,0.09536,1776183707000
1776183709.259,109.259,0.17,12.2,0.16,19.3,0.26,5.0,0.27,5.0,0.74,5.0,0.73,5.0,0.83,12.2,0.84,19.3,0.09,0.09,0.09536,1776183708000
1776183710.605,110.605,0.17,12.2,0.16,19.3,0.26,5.0,0.27,5.0,0.74,5.0,0.73,5.0,0.83,12.2,0.84,19.3,0.09,0.09,0.095357,1776183709000
1776183711.258,111.258,0.17,12.2,0.16,19.3,0.26,5.0,0.27,5.0,0.74,5.0,0.73,5.0,0.83,12.2,0.84,19.3,0.09,0.09,0.09535,1776183710000
1776183712.627,112.627,0.17,12.2,0.16,19.3,0.26,5.0,0.27,5.0,0.74,5.0,0.73,5.0,0.83,12.2,0.84,19.3,0.09,0.09,0.095349,1776183711000
1776183713.303,113.303,0.17,12.2,0.16,19.3,0.26,5.0,0.27,5.0,0.74,5.0,0.73,5.0,0.83,12.2,0.84,19.3,0.09,0.09,0.095341,1776183712000
1776183714.771,114.771,0.17,12.2,0.16,19.3,0.26,5.0,0.27,5.0,0.74,5.0,0.73,5.0,0.83,12.2,0.84,19.3,0.09,0.09,0.095339,1776183713000
1776183715.555,115.555,0.17,12.2,0.16,19.3,0.26,5.0,0.27,5.0,0.74,5.0,0.73,5.0,0.83,12.2,0.84,19.3,0.09,0.09,0.095344,1776183714000
1776183716.146,116.146,0.17,12.2,0.16,19.3,0.26,5.0,0.27,5.0,0.74,5.0,0.73,5.0,0.83,12.2,0.84,19.3,0.09,0.09,0.095345,1776183715000
1776183717.671,117.671,0.17,12.2,0.16,19.3,0.26,5.0,0.27,5.0,0.74,5.0,0.73,5.0,0.83,12.2,0.84,19.3,0.09,0.09,0.095344,1776183716000
1776183718.287,118.287,0.17,12.2,0.16,19.3,0.26,5.0,0.27,5.0,0.74,5.0,0.73,5.0,0.83,12.2,0.84,19.3,0.09,0.09,0.09537,1776183717000
1776183718.995,118.995,0.17,12.2,0.16,19.3,0.26,5.0,0.27,5.0,0.74,5.0,0.73,5.0,0.83,12.2,0.84,19.3,0.09,0.09,0.095375,1776183718000
1776183720.322,120.322,0.17,12.2,0.16,19.3,0.26,5.0,0.27,5.0,0.74,5.0,0.73,5.0,0.83,12.2,0.84,19.3,0.09,0.09,0.095411,1776183719000
1776183720.964,120.964,0.17,12.2,0.16,19.3,0.26,5.0,0.27,5.0,0.74,5.0,0.73,5.0,0.83,12.2,0.84,19.3,0.09,0.09,0.095408,1776183720000
1776183722.44,122.44,0.17,12.2,0.16,19.3,0.26,5.0,0.27,5.0,0.74,5.0,0.73,5.0,0.83,12.2,0.84,19.3,0.09,0.09,0.0954,1776183721000
1776183723.351,123.351,0.17,12.2,0.16,19.3,0.26,5.0,0.27,5.0,0.74,5.0,0.73,5.0,0.83,12.2,0.84,19.3,0.09,0.09,0.095401,1776183722000
1776183724.765,124.765,0.17,12.2,0.16,19.3,0.26,5.0,0.27,5.0,0.74,5.0,0.73,5.0,0.83,12.2,0.84,19.3,0.09,0.09,0.095439,1776183723000
1776183725.31,125.31,0.17,12.2,0.16,19.3,0.26,5.0,0.27,5.0,0.74,5.0,0.73,5.0,0.83,12.2,0.84,19.3,0.09,0.09,0.095454,1776183724000
1776183726.428,126.428,0.17,12.2,0.16,19.3,0.26,5.0,0.27,5.0,0.74,5.0,0.73,5.0,0.83,12.2,0.84,19.3,0.09,0.09,0.095437,1776183725000
1776183727.041,127.041,0.17,12.2,0.16,19.3,0.26,5.0,0.27,5.0,0.74,5.0,0.73,5.0,0.83,12.2,0.84,19.3,0.09,0.09,0.095433,1776183726000
1776183728.183,128.183,0.17,12.2,0.16,19.3,0.26,5.0,0.27,5.0,0.74,5.0,0.73,5.0,0.83,12.2,0.84,19.3,0.09,0.09,0.095443,1776183727000
1776183729.29,129.29,0.17,12.2,0.16,19.3,0.26,5.0,0.27,5.0,0.74,5.0,0.73,5.0,0.83,12.2,0.84,19.3,0.09,0.09,0.095465,1776183728000
1776183730.398,130.398,0.17,12.2,0.16,19.3,0.26,5.0,0.27,5.0,0.74,5.0,0.73,5.0,0.83,12.2,0.84,19.3,0.09,0.09,0.09545,1776183729000
1776183730.906,130.906,0.17,12.2,0.16,19.3,0.26,5.0,0.27,5.0,0.74,5.0,0.73,5.0,0.83,12.2,0.84,19.3,0.09,0.09,0.095448,1776183730000
1776183732.117,132.117,0.17,12.2,0.16,19.3,0.26,5.0,0.27,5.0,0.74,5.0,0.73,5.0,0.83,12.2,0.84,19.3,0.09,0.09,0.095419,1776183731000
1776183733.201,133.201,0.17,12.2,0.16,19.3,0.26,5.0,0.27,5.0,0.74,5.0,0.73,5.0,0.83,12.2,0.84,19.3,0.09,0.09,0.095423,1776183732000
1776183734.395,134.395,0.17,12.2,0.16,19.3,0.26,5.0,0.27,5.0,0.74,5.0,0.73,5.0,0.83,12.2,0.84,19.3,0.09,0.09,0.095441,1776183733000
1776183735.414,135.414,0.17,12.2,0.16,19.3,0.26,5.0,0.27,5.0,0.74,5.0,0.73,5.0,0.83,12.2,0.84,19.3,0.09,0.09,0.095448,1776183734000
1776183735.996,135.996,0.17,12.2,0.16,19.3,0.26,5.0,0.27,5.0,0.74,5.0,0.73,5.0,0.83,12.2,0.84,19.3,0.09,0.09,0.095453,1776183735000
1776183737.115,137.115,0.17,12.2,0.16,19.3,0.26,5.0,0.27,5.0,0.74,5.0,0.73,5.0,0.83,12.2,0.84,19.3,0.09,0.09,0.095453,1776183736000
1776183738.235,138.235,0.17,12.2,0.16,19.3,0.26,5.0,0.27,5.0,0.74,5.0,0.73,5.0,0.83,12.2,0.84,19.3,0.09,0.09,0.095454,1776183737000
1776183739.317,139.317,0.17,12.2,0.16,19.3,0.26,5.0,0.27,5.0,0.74,5.0,0.73,5.0,0.83,12.2,0.84,19.3,0.09,0.09,0.095454,1776183738000
1776183740.276,140.276,0.17,12.2,0.16,19.3,0.26,5.0,0.27,5.0,0.74,5.0,0.73,5.0,0.83,12.2,0.84,19.3,0.09,0.09,0.095455,1776183739000
1776183741.414,141.414,0.17,12.2,0.16,19.3,0.26,5.0,0.27,5.0,0.74,5.0,0.73,5.0,0.83,12.2,0.84,19.3,0.09,0.09,0.095453,1776183740000
1776183742.002,142.002,0.17,12.2,0.16,19.3,0.26,5.0,0.27,5.0,0.74,5.0,0.73,5.0,0.83,12.2,0.84,19.3,0.09,0.09,0.095452,1776183741000
1776183743.222,143.222,0.17,12.2,0.16,19.3,0.26,5.0,0.27,5.0,0.74,5.0,0.73,5.0,0.83,12.2,0.84,19.3,0.09,0.09,0.095455,1776183742000
1776183744.201,144.201,0.17,12.2,0.16,19.3,0.26,5.0,0.27,5.0,0.74,5.0,0.73,5.0,0.83,12.2,0.84,19.3,0.09,0.09,0.095456,1776183743000
1776183745.227,145.227,0.17,12.2,0.16,19.3,0.26,5.0,0.27,5.0,0.74,5.0,0.73,5.0,0.83,12.2,0.84,19.3,0.09,0.09,0.095458,1776183744000
1776183746.329,146.329,0.17,12.2,0.16,19.3,0.26,5.0,0.27,5.0,0.74,5.0,0.73,5.0,0.83,12.2,0.84,19.3,0.09,0.09,0.095455,1776183745000
1776183747.421,147.421,0.17,12.2,0.16,19.3,0.26,5.0,0.27,5.0,0.74,5.0,0.73,5.0,0.83,12.2,0.84,19.3,0.09,0.09,0.095454,1776183746000
1776183747.994,147.994,0.17,12.2,0.16,19.3,0.26,5.0,0.27,5.0,0.74,5.0,0.73,5.0,0.83,12.2,0.84,19.3,0.09,0.09,0.095451,1776183747000
1776183749.223,149.223,0.17,12.2,0.16,19.3,0.26,5.0,0.27,5.0,0.74,5.0,0.73,5.0,0.83,12.2,0.84,19.3,0.09,0.09,0.095441,1776183748000
1776183750.336,150.336,0.17,12.2,0.16,19.3,0.26,5.0,0.27,5.0,0.74,5.0,0.73,5.0,0.83,12.2,0.84,19.3,0.09,0.09,0.095453,1776183749000
1776183750.55,150.55,0.41,50.0,0.4,5.0,0.55,5.0,0.59,12.0,0.74,5.0,0.73,5.0,0.83,12.2,0.84,19.3,0.14,0.09,0.095453,1776183749000
1776183751.371,151.371,0.41,50.0,0.4,5.0,0.55,5.0,0.59,12.0,0.45,5.0,0.41,12.0,0.59,50.0,0.6,5.0,0.14,0.14,0.095453,1776183750000
1776183752.198,152.198,0.41,50.0,0.4,5.0,0.55,5.0,0.59,12.0,0.45,5.0,0.41,12.0,0.59,50.0,0.6,5.0,0.14,0.14,0.095458,1776183751000
1776183752.412,152.412,0.65,9.6,0.56,9.0,0.69,21.0,0.73,13.2,0.39,0.22,0.31,21.0,0.44,9.0,0.49,50.0,0.04,0.05,0.095458,1776183751000
1776183753.289,153.289,0.56,0.91,0.51,50.0,0.69,16.0,0.74,13.5,0.31,16.0,0.3,5.0,0.44,0.91,0.49,50.0,0.13,0.13,0.095486,1776183752000
1776183754.476,154.476,0.56,0.91,0.51,50.0,0.69,16.0,0.74,13.5,0.31,16.0,0.3,5.0,0.44,0.91,0.49,50.0,0.13,0.13,0.095529,1776183753000
1776183754.888,154.888,0.56,0.91,0.51,50.0,0.69,16.0,0.74,13.5,0.31,16.0,0.3,5.0,0.44,0.91,0.49,50.0,0.13,0.13,0.095536,1776183754000
1776183756.05,156.05,0.56,0.91,0.51,50.0,0.69,16.0,0.74,13.5,0.31,16.0,0.3,5.0,0.44,0.91,0.49,50.0,0.13,0.13,0.095546,1776183755000
1776183757.155,157.155,0.56,0.91,0.51,50.0,0.69,16.0,0.74,13.5,0.31,16.0,0.3,5.0,0.44,0.91,0.49,50.0,0.13,0.13,0.095549,1776183756000
1776183758.221,158.221,0.56,0.91,0.51,50.0,0.69,16.0,0.74,13.5,0.31,16.0,0.3,5.0,0.44,0.91,0.49,50.0,0.13,0.13,0.095552,1776183757000
1776183759.355,159.355,0.56,0.91,0.51,50.0,0.69,16.0,0.74,13.5,0.31,16.0,0.3,5.0,0.44,0.91,0.49,50.0,0.13,0.13,0.095557,1776183758000
1776183760.343,160.343,0.56,0.91,0.51,50.0,0.69,16.0,0.74,13.5,0.31,16.0,0.3,5.0,0.44,0.91,0.49,50.0,0.13,0.13,0.095568,1776183759000
1776183761.016,161.016,0.56,0.91,0.51,50.0,0.69,16.0,0.74,13.5,0.31,16.0,0.3,5.0,0.44,0.91,0.49,50.0,0.13,0.13,0.095556,1776183760000
1776183762.021,162.021,0.56,0.91,0.51,50.0,0.69,16.0,0.74,13.5,0.31,16.0,0.3,5.0,0.44,0.91,0.49,50.0,0.13,0.13,0.095554,1776183761000
1776183763.114,163.114,0.56,0.91,0.51,50.0,0.69,16.0,0.74,13.5,0.31,16.0,0.3,5.0,0.44,0.91,0.49,50.0,0.13,0.13,0.095554,1776183762000
1776183764.177,164.177,0.56,0.91,0.51,50.0,0.69,16.0,0.74,13.5,0.31,16.0,0.3,5.0,0.44,0.91,0.49,50.0,0.13,0.13,0.095539,1776183763000
1776183765.284,165.284,0.56,0.91,0.51,50.0,0.69,16.0,0.74,13.5,0.31,16.0,0.3,5.0,0.44,0.91,0.49,50.0,0.13,0.13,0.095537,1776183764000
1776183766.459,166.459,0.56,0.91,0.51,50.0,0.69,16.0,0.74,13.5,0.31,16.0,0.3,5.0,0.44,0.91,0.49,50.0,0.13,0.13,0.095532,1776183765000
1776183767.123,167.123,0.56,0.91,0.51,50.0,0.69,16.0,0.74,13.5,0.31,16.0,0.3,5.0,0.44,0.91,0.49,50.0,0.13,0.13,0.095522,1776183766000
1776183768.144,168.144,0.56,0.91,0.51,50.0,0.69,16.0,0.74,13.5,0.31,16.0,0.3,5.0,0.44,0.91,0.49,50.0,0.13,0.13,0.095525,1776183767000
1776183769.399,169.399,0.56,0.91,0.51,50.0,0.69,16.0,0.74,13.5,0.31,16.0,0.3,5.0,0.44,0.91,0.49,50.0,0.13,0.13,0.095524,1776183768000
1776183770.043,170.043,0.56,0.91,0.51,50.0,0.69,16.0,0.74,13.5,0.31,16.0,0.3,5.0,0.44,0.91,0.49,50.0,0.13,0.13,0.095524,1776183769000
1776183771.074,171.074,0.56,0.91,0.51,50.0,0.69,16.0,0.74,13.5,0.31,16.0,0.3,5.0,0.44,0.91,0.49,50.0,0.13,0.13,0.09553,1776183770000
1776183772.099,172.099,0.56,0.91,0.51,50.0,0.69,16.0,0.74,13.5,0.31,16.0,0.3,5.0,0.44,0.91,0.49,50.0,0.13,0.13,0.095533,1776183771000
1776183773.841,173.841,0.56,0.91,0.51,50.0,0.69,16.0,0.74,13.5,0.31,16.0,0.3,5.0,0.44,0.91,0.49,50.0,0.13,0.13,0.095533,1776183772000
1776183774.514,174.514,0.56,0.91,0.51,50.0,0.69,16.0,0.74,13.5,0.31,16.0,0.3,5.0,0.44,0.91,0.49,50.0,0.13,0.13,0.095533,1776183773000
1776183775.134,175.134,0.56,0.91,0.51,50.0,0.69,16.0,0.74,13.5,0.31,16.0,0.3,5.0,0.44,0.91,0.49,50.0,0.13,0.13,0.095527,1776183774000
1776183776.314,176.314,0.56,0.91,0.51,50.0,0.69,16.0,0.74,13.5,0.31,16.0,0.3,5.0,0.44,0.91,0.49,50.0,0.13,0.13,0.095539,1776183775000
1776183777.358,177.358,0.56,0.91,0.51,50.0,0.69,16.0,0.74,13.5,0.31,16.0,0.3,5.0,0.44,0.91,0.49,50.0,0.13,0.13,0.09554,1776183776000
1776183778.468,178.468,0.56,0.91,0.51,50.0,0.69,16.0,0.74,13.5,0.31,16.0,0.3,5.0,0.44,0.91,0.49,50.0,0.13,0.13,0.095527,1776183777000
1776183779.097,179.097,0.56,0.91,0.51,50.0,0.69,16.0,0.74,13.5,0.31,16.0,0.3,5.0,0.44,0.91,0.49,50.0,0.13,0.13,0.095522,1776183778000
1776183780.335,180.335,0.56,0.91,0.51,50.0,0.69,16.0,0.74,13.5,0.31,16.0,0.3,5.0,0.44,0.91,0.49,50.0,0.13,0.13,0.095524,1776183779000
1776183781.9,181.9,0.56,0.91,0.51,50.0,0.69,16.0,0.74,13.5,0.31,16.0,0.3,5.0,0.44,0.91,0.49,50.0,0.13,0.13,0.095522,1776183780000
1776183782.876,182.876,0.56,0.91,0.51,50.0,0.69,16.0,0.74,13.5,0.31,16.0,0.3,5.0,0.44,0.91,0.49,50.0,0.13,0.13,0.095522,1776183781000
1776183783.801,183.801,0.56,0.91,0.51,50.0,0.69,16.0,0.74,13.5,0.31,16.0,0.3,5.0,0.44,0.91,0.49,50.0,0.13,0.13,0.095526,1776183782000
1776183784.571,184.571,0.56,0.91,0.51,50.0,0.69,16.0,0.74,13.5,0.31,16.0,0.3,5.0,0.44,0.91,0.49,50.0,0.13,0.13,0.095539,1776183783000
1776183785.263,185.263,0.56,0.91,0.51,50.0,0.69,16.0,0.74,13.5,0.31,16.0,0.3,5.0,0.44,0.91,0.49,50.0,0.13,0.13,0.095538,1776183784000
1776183786.595,186.595,0.56,0.91,0.51,50.0,0.69,16.0,0.74,13.5,0.31,16.0,0.3,5.0,0.44,0.91,0.49,50.0,0.13,0.13,0.095537,1776183785000
1776183787.224,187.224,0.56,0.91,0.51,50.0,0.69,16.0,0.74,13.5,0.31,16.0,0.3,5.0,0.44,0.91,0.49,50.0,0.13,0.13,0.095537,1776183786000
1776183788.633,188.633,0.56,0.91,0.51,50.0,0.69,16.0,0.74,13.5,0.31,16.0,0.3,5.0,0.44,0.91,0.49,50.0,0.13,0.13,0.095544,1776183787000
1776183789.241,189.241,0.56,0.91,0.51,50.0,0.69,16.0,0.74,13.5,0.31,16.0,0.3,5.0,0.44,0.91,0.49,50.0,0.13,0.13,0.095539,1776183788000
1776183790.458,190.458,0.56,0.91,0.51,50.0,0.69,16.0,0.74,13.5,0.31,16.0,0.3,5.0,0.44,0.91,0.49,50.0,0.13,0.13,0.09554,1776183789000
1776183791.015,191.015,0.56,0.91,0.51,50.0,0.69,16.0,0.74,13.5,0.31,16.0,0.3,5.0,0.44,0.91,0.49,50.0,0.13,0.13,0.09554,1776183790000
1776183792.549,192.549,0.56,0.91,0.51,50.0,0.69,16.0,0.74,13.5,0.31,16.0,0.3,5.0,0.44,0.91,0.49,50.0,0.13,0.13,0.095539,1776183791000
1776183793.065,193.065,0.56,0.91,0.51,50.0,0.69,16.0,0.74,13.5,0.31,16.0,0.3,5.0,0.44,0.91,0.49,50.0,0.13,0.13,0.095537,1776183792000
1776183794.448,194.448,0.56,0.91,0.51,50.0,0.69,16.0,0.74,13.5,0.31,16.0,0.3,5.0,0.44,0.91,0.49,50.0,0.13,0.13,0.095534,1776183793000
1776183795.165,195.165,0.56,0.91,0.51,50.0,0.69,16.0,0.74,13.5,0.31,16.0,0.3,5.0,0.44,0.91,0.49,50.0,0.13,0.13,0.095537,1776183794000
1776183796.759,196.759,0.56,0.91,0.51,50.0,0.69,16.0,0.74,13.5,0.31,16.0,0.3,5.0,0.44,0.91,0.49,50.0,0.13,0.13,0.09554,1776183795000
1776183797.504,197.504,0.56,0.91,0.51,50.0,0.69,16.0,0.74,13.5,0.31,16.0,0.3,5.0,0.44,0.91,0.49,50.0,0.13,0.13,0.095541,1776183796000
1776183798.273,198.273,0.56,0.91,0.51,50.0,0.69,16.0,0.74,13.5,0.31,16.0,0.3,5.0,0.44,0.91,0.49,50.0,0.13,0.13,0.09554,1776183797000
1776183799.894,199.894,0.56,0.91,0.51,50.0,0.69,16.0,0.74,13.5,0.31,16.0,0.3,5.0,0.44,0.91,0.49,50.0,0.13,0.13,0.095539,1776183798000
1776183800.428,200.428,0.56,0.91,0.51,50.0,0.69,16.0,0.74,13.5,0.31,16.0,0.3,5.0,0.44,0.91,0.49,50.0,0.13,0.13,0.095536,1776183799000
1776183801.028,201.028,0.56,0.91,0.51,50.0,0.69,16.0,0.74,13.5,0.31,16.0,0.3,5.0,0.44,0.91,0.49,50.0,0.13,0.13,0.095538,1776183800000
1776183801.415,201.415,0.64,11.3,0.63,16.2,0.78,14.13,0.79,15.7,0.31,16.0,0.3,5.0,0.44,0.91,0.49,50.0,0.14,0.13,0.095538,1776183800000
1776183802.019,202.019,0.64,11.3,0.63,16.2,0.78,14.13,0.79,15.7,0.22,14.13,0.21,15.7,0.36,11.3,0.37,16.2,0.14,0.14,0.095538,1776183801000
1776183803.048,203.048,0.64,11.3,0.63,16.2,0.78,9.29,0.79,15.7,0.22,9.29,0.21,15.7,0.36,11.3,0.37,16.2,0.14,0.14,0.095538,1776183802000
1776183804.095,204.095,0.64,11.3,0.63,16.2,0.78,9.29,0.79,15.7,0.22,9.29,0.21,15.7,0.36,11.3,0.37,16.2,0.14,0.14,0.095537,1776183803000
1776183805.084,205.084,0.64,11.3,0.63,16.2,0.78,9.29,0.79,15.7,0.22,9.29,0.21,15.7,0.36,11.3,0.37,16.2,0.14,0.14,0.095538,1776183804000
1776183806.192,206.192,0.64,11.3,0.63,16.2,0.78,9.29,0.79,15.7,0.22,9.29,0.21,15.7,0.36,11.3,0.37,16.2,0.14,0.14,0.095539,1776183805000
1776183807.231,207.231,0.64,11.3,0.63,16.2,0.78,9.29,0.79,15.7,0.22,9.29,0.21,15.7,0.36,11.3,0.37,16.2,0.14,0.14,0.095538,1776183806000
1776183808.264,208.264,0.64,11.3,0.63,16.2,0.78,9.29,0.79,15.7,0.22,9.29,0.21,15.7,0.36,11.3,0.37,16.2,0.14,0.14,0.095536,1776183807000
1776183809.275,209.275,0.64,11.3,0.63,16.2,0.78,9.29,0.79,15.7,0.22,9.29,0.21,15.7,0.36,11.3,0.37,16.2,0.14,0.14,0.095537,1776183808000
1776183810.076,210.076,0.64,11.3,0.63,16.2,0.78,9.29,0.79,15.7,0.22,9.29,0.21,15.7,0.36,11.3,0.37,16.2,0.14,0.14,0.095537,1776183809000
1776183811.018,211.018,0.64,11.3,0.63,16.2,0.78,9.29,0.79,15.7,0.22,9.29,0.21,15.7,0.36,11.3,0.37,16.2,0.14,0.14,0.095538,1776183810000
1776183812.029,212.029,0.64,11.3,0.63,16.2,0.78,9.29,0.79,15.7,0.22,9.29,0.21,15.7,0.36,11.3,0.37,16.2,0.14,0.14,0.095538,1776183811000
1776183813.43,213.43,0.62,11.0,0.61,60.9,0.77,1.72,0.78,15.2,0.22,9.29,0.21,15.7,0.36,11.3,0.37,16.2,0.15,0.14,0.095538,1776183811000
1776183813.654,213.654,0.62,11.0,0.61,60.9,0.77,1.72,0.78,15.2,0.23,1.72,0.22,15.2,0.38,11.0,0.39,60.9,0.15,0.15,0.095539,1776183812000
1776183815.074,215.074,0.62,11.0,0.61,60.9,0.77,1.72,0.78,15.2,0.23,1.72,0.22,15.2,0.38,11.0,0.39,60.9,0.15,0.15,0.095535,1776183813000
1776183815.883,215.883,0.62,11.0,0.61,60.9,0.77,1.72,0.78,15.2,0.23,1.72,0.22,15.2,0.38,11.0,0.39,60.9,0.15,0.15,0.095531,1776183814000
1776183816.506,216.506,0.62,11.0,0.61,60.9,0.77,1.72,0.78,15.2,0.23,1.72,0.22,15.2,0.38,11.0,0.39,60.9,0.15,0.15,0.095536,1776183815000
1776183817.185,217.185,0.62,11.0,0.61,60.9,0.77,1.72,0.78,15.2,0.23,1.72,0.22,15.2,0.38,11.0,0.39,60.9,0.15,0.15,0.095541,1776183816000
1776183818.572,218.572,0.62,11.0,0.61,60.9,0.77,1.72,0.78,15.2,0.23,1.72,0.22,15.2,0.38,11.0,0.39,60.9,0.15,0.15,0.09557,1776183817000
1776183819.155,219.155,0.62,11.0,0.61,60.9,0.77,1.72,0.78,15.2,0.23,1.72,0.22,15.2,0.38,11.0,0.39,60.9,0.15,0.15,0.09557,1776183818000
1776183820.647,220.647,0.62,11.0,0.61,60.9,0.77,1.72,0.78,15.2,0.23,1.72,0.22,15.2,0.38,11.0,0.39,60.9,0.15,0.15,0.095574,1776183819000
1776183821.353,221.353,0.62,11.0,0.61,60.9,0.77,1.72,0.78,15.2,0.23,1.72,0.22,15.2,0.38,11.0,0.39,60.9,0.15,0.15,0.095574,1776183820000
1776183821.984,221.984,0.62,11.0,0.61,60.9,0.77,1.72,0.78,15.2,0.23,1.72,0.22,15.2,0.38,11.0,0.39,60.9,0.15,0.15,0.095571,1776183821000
1776183823.405,223.405,0.62,11.0,0.61,60.9,0.77,1.72,0.78,15.2,0.23,1.72,0.22,15.2,0.38,11.0,0.39,60.9,0.15,0.15,0.095576,1776183822000
1776183824.194,224.194,0.62,11.0,0.61,60.9,0.77,1.72,0.78,15.2,0.23,1.72,0.22,15.2,0.38,11.0,0.39,60.9,0.15,0.15,0.095578,1776183823000
1776183825.586,225.586,0.62,11.0,0.61,60.9,0.77,1.72,0.78,15.2,0.23,1.72,0.22,15.2,0.38,11.0,0.39,60.9,0.15,0.15,0.095575,1776183824000
1776183826.402,226.402,0.62,11.0,0.61,60.9,0.77,1.72,0.78,15.2,0.23,1.72,0.22,15.2,0.38,11.0,0.39,60.9,0.15,0.15,0.095566,1776183825000
1776183827.026,227.026,0.62,11.0,0.61,60.9,0.77,1.72,0.78,15.2,0.23,1.72,0.22,15.2,0.38,11.0,0.39,60.9,0.15,0.15,0.095569,1776183826000
1776183828.501,228.501,0.62,11.0,0.61,60.9,0.77,1.72,0.78,15.2,0.23,1.72,0.22,15.2,0.38,11.0,0.39,60.9,0.15,0.15,0.095568,1776183827000
1776183829.321,229.321,0.62,11.0,0.61,60.9,0.77,1.72,0.78,15.2,0.23,1.72,0.22,15.2,0.38,11.0,0.39,60.9,0.15,0.15,0.095571,1776183828000
1776183830.921,230.921,0.62,11.0,0.61,60.9,0.77,1.72,0.78,15.2,0.23,1.72,0.22,15.2,0.38,11.0,0.39,60.9,0.15,0.15,0.095573,1776183829000
1776183831.709,231.709,0.62,11.0,0.61,60.9,0.77,1.72,0.78,15.2,0.23,1.72,0.22,15.2,0.38,11.0,0.39,60.9,0.15,0.15,0.095573,1776183830000
1776183832.816,232.816,0.62,11.0,0.61,60.9,0.77,1.72,0.78,15.2,0.23,1.72,0.22,15.2,0.38,11.0,0.39,60.9,0.15,0.15,0.095572,1776183831000
1776183833.341,233.341,0.62,11.0,0.61,60.9,0.77,1.72,0.78,15.2,0.23,1.72,0.22,15.2,0.38,11.0,0.39,60.9,0.15,0.15,0.095575,1776183832000
1776183833.827,233.827,0.62,11.0,0.61,60.9,0.77,1.72,0.78,15.2,0.23,1.72,0.22,15.2,0.38,11.0,0.39,60.9,0.15,0.15,0.095575,1776183833000
1776183835.106,235.106,0.81,5.0,0.8,16.3,0.9,11.67,0.91,31.7,0.23,1.72,0.22,15.2,0.38,11.0,0.39,60.9,0.09,0.15,0.095575,1776183833000
1776183836.399,236.399,0.81,5.0,0.8,16.3,0.9,11.67,0.91,31.7,0.1,11.67,0.09,31.7,0.19,5.0,0.2,16.3,0.09,0.09,0.095574,1776183835000
1776183837.41,237.41,0.81,5.0,0.8,16.3,0.9,11.67,0.91,31.7,0.1,11.67,0.09,31.7,0.19,5.0,0.2,16.3,0.09,0.09,0.095574,1776183836000
1776183838.383,238.383,0.78,6.0,0.77,14.7,0.88,19.6,0.89,26.6,0.12,19.6,0.11,26.6,0.22,6.0,0.23,14.7,0.1,0.1,0.095571,1776183837000
1776183839.325,239.325,0.78,6.0,0.77,14.7,0.88,19.6,0.89,26.6,0.12,19.6,0.11,26.6,0.22,6.0,0.23,14.7,0.1,0.1,0.095571,1776183838000
1776183840.225,240.225,0.78,6.0,0.77,14.7,0.88,19.6,0.89,26.6,0.12,19.6,0.11,26.6,0.22,6.0,0.23,14.7,0.1,0.1,0.09557,1776183839000
1776183841.249,241.249,0.78,6.0,0.77,14.7,0.88,19.6,0.89,26.6,0.12,19.6,0.11,26.6,0.22,6.0,0.23,14.7,0.1,0.1,0.095571,1776183840000
1776183842.224,242.224,0.78,6.0,0.77,14.7,0.88,19.6,0.89,26.6,0.12,19.6,0.11,26.6,0.22,6.0,0.23,14.7,0.1,0.1,0.095568,1776183841000
1776183843.206,243.206,0.78,6.0,0.77,14.7,0.88,19.6,0.89,26.6,0.12,19.6,0.11,26.6,0.22,6.0,0.23,14.7,0.1,0.1,0.095569,1776183842000
1776183844.164,244.164,0.78,6.0,0.77,14.7,0.88,19.6,0.89,26.6,0.12,19.6,0.11,26.6,0.22,6.0,0.23,14.7,0.1,0.1,0.095568,1776183843000
1776183845.727,245.727,0.78,6.0,0.77,14.7,0.88,19.6,0.89,26.6,0.12,19.6,0.11,26.6,0.22,6.0,0.23,14.7,0.1,0.1,0.095569,1776183844000
1776183846.251,246.251,0.78,6.0,0.77,14.7,0.88,19.6,0.89,26.6,0.12,19.6,0.11,26.6,0.22,6.0,0.23,14.7,0.1,0.1,0.095569,1776183845000
1776183846.639,246.639,0.83,6.0,0.81,16.89,0.9,10.55,0.91,31.7,0.12,19.6,0.11,26.6,0.22,6.0,0.23,14.7,0.07,0.1,0.095569,1776183845000
1776183847.389,247.389,0.83,6.0,0.81,16.89,0.9,10.55,0.91,31.7,0.1,10.55,0.09,31.7,0.17,6.0,0.19,16.89,0.07,0.07,0.095573,1776183846000
1776183848.023,248.023,0.83,6.0,0.81,16.89,0.9,10.55,0.91,31.7,0.1,10.55,0.09,31.7,0.17,6.0,0.19,16.89,0.07,0.07,0.095571,1776183847000
1776183849.145,249.145,0.83,6.0,0.81,16.89,0.9,10.55,0.91,31.7,0.1,10.55,0.09,31.7,0.17,6.0,0.19,16.89,0.07,0.07,0.095569,1776183848000
1776183850.297,250.297,0.83,6.0,0.81,16.89,0.9,10.55,0.91,31.7,0.1,10.55,0.09,31.7,0.17,6.0,0.19,16.89,0.07,0.07,0.095569,1776183849000
1776183850.58,250.58,0.66,2.86,0.65,11.4,0.89,10.0,0.9,33.9,0.1,10.55,0.09,31.7,0.17,6.0,0.19,16.89,0.23,0.07,0.095569,1776183849000
1776183851.303,251.303,0.66,2.86,0.65,11.4,0.89,10.0,0.9,33.9,0.11,10.0,0.1,33.9,0.34,2.86,0.35,11.4,0.23,0.23,0.095566,1776183850000
1776183852.394,252.394,0.66,2.86,0.65,11.4,0.89,10.0,0.9,33.9,0.11,10.0,0.1,33.9,0.34,2.86,0.35,11.4,0.23,0.23,0.095545,1776183851000
1776183852.955,252.955,0.66,2.86,0.65,11.4,0.89,10.0,0.9,33.9,0.11,10.0,0.1,33.9,0.34,2.86,0.35,11.4,0.23,0.23,0.095539,1776183852000
1776183854.087,254.087,0.66,2.86,0.65,11.4,0.89,10.0,0.9,33.9,0.11,10.0,0.1,33.9,0.34,2.86,0.35,11.4,0.23,0.23,0.095531,1776183853000
1776183855.244,255.244,0.66,2.86,0.65,11.4,0.89,10.0,0.9,33.9,0.11,10.0,0.1,33.9,0.34,2.86,0.35,11.4,0.23,0.23,0.095535,1776183854000
1776183856.433,256.433,0.66,2.86,0.65,11.4,0.89,10.0,0.9,33.9,0.11,10.0,0.1,33.9,0.34,2.86,0.35,11.4,0.23,0.23,0.095537,1776183855000
1776183856.944,256.944,0.66,2.86,0.65,11.4,0.89,10.0,0.9,33.9,0.11,10.0,0.1,33.9,0.34,2.86,0.35,11.4,0.23,0.23,0.095536,1776183856000
1776183858.138,258.138,0.66,2.86,0.65,11.4,0.89,10.0,0.9,33.9,0.11,10.0,0.1,33.9,0.34,2.86,0.35,11.4,0.23,0.23,0.095533,1776183857000
1776183859.419,259.419,0.66,2.86,0.65,11.4,0.89,10.0,0.9,33.9,0.11,10.0,0.1,33.9,0.34,2.86,0.35,11.4,0.23,0.23,0.095533,1776183858000
1776183860.485,260.485,0.66,2.86,0.65,11.4,0.89,10.0,0.9,33.9,0.11,10.0,0.1,33.9,0.34,2.86,0.35,11.4,0.23,0.23,0.095534,1776183859000
1776183860.89,260.89,0.66,2.86,0.65,11.4,0.89,10.0,0.9,33.9,0.11,10.0,0.1,33.9,0.34,2.86,0.35,11.4,0.23,0.23,0.095533,1776183860000
1776183861.883,261.883,0.66,2.86,0.65,11.4,0.89,10.0,0.9,33.9,0.11,10.0,0.1,33.9,0.34,2.86,0.35,11.4,0.23,0.23,0.095533,1776183861000
1776183862.908,262.908,0.66,2.86,0.65,11.4,0.89,10.0,0.9,33.9,0.11,10.0,0.1,33.9,0.34,2.86,0.35,11.4,0.23,0.23,0.095533,1776183862000
1776183863.851,263.851,0.66,2.86,0.65,11.4,0.89,10.0,0.9,33.9,0.11,10.0,0.1,33.9,0.34,2.86,0.35,11.4,0.23,0.23,0.09553,1776183863000
1776183864.853,264.853,0.66,2.86,0.65,11.4,0.89,10.0,0.9,33.9,0.11,10.0,0.1,33.9,0.34,2.86,0.35,11.4,0.23,0.23,0.095531,1776183864000
1776183866.352,266.352,0.66,2.86,0.65,11.4,0.89,10.0,0.9,33.9,0.11,10.0,0.1,33.9,0.34,2.86,0.35,11.4,0.23,0.23,0.095532,1776183865000
1776183867.238,267.238,0.66,2.86,0.65,11.4,0.89,10.0,0.9,33.9,0.11,10.0,0.1,33.9,0.34,2.86,0.35,11.4,0.23,0.23,0.095532,1776183866000
1776183868.189,268.189,0.66,2.86,0.65,11.4,0.89,10.0,0.9,33.9,0.11,10.0,0.1,33.9,0.34,2.86,0.35,11.4,0.23,0.23,0.095532,1776183867000
1776183869.172,269.172,0.66,2.86,0.65,11.4,0.89,10.0,0.9,33.9,0.11,10.0,0.1,33.9,0.34,2.86,0.35,11.4,0.23,0.23,0.095534,1776183868000
1776183870.099,270.099,0.66,2.86,0.65,11.4,0.89,10.0,0.9,33.9,0.11,10.0,0.1,33.9,0.34,2.86,0.35,11.4,0.23,0.23,0.095532,1776183869000
1776183871.162,271.162,0.66,2.86,0.65,11.4,0.89,10.0,0.9,33.9,0.11,10.0,0.1,33.9,0.34,2.86,0.35,11.4,0.23,0.23,0.095529,1776183870000
1776183872.121,272.121,0.66,2.86,0.65,11.4,0.89,10.0,0.9,33.9,0.11,10.0,0.1,33.9,0.34,2.86,0.35,11.4,0.23,0.23,0.09553,1776183871000
1776183872.614,272.614,0.82,6.13,0.61,50.0,0.84,0.49,0.87,23.0,0.11,10.0,0.1,33.9,0.34,2.86,0.35,11.4,0.02,0.23,0.09553,1776183871000
1776183873.041,273.041,0.82,1.13,0.61,50.0,0.86,21.6,0.87,23.0,0.14,21.6,0.13,23.0,0.18,1.13,0.39,50.0,0.04,0.04,0.09553,1776183872000
1776183874.193,274.193,0.82,1.13,0.61,50.0,0.86,21.6,0.87,23.0,0.14,21.6,0.13,23.0,0.18,1.13,0.39,50.0,0.04,0.04,0.095528,1776183873000
1776183875.259,275.259,0.82,1.13,0.61,50.0,0.86,21.6,0.87,23.0,0.14,21.6,0.13,23.0,0.18,1.13,0.39,50.0,0.04,0.04,0.095509,1776183874000
1776183876.272,276.272,0.82,1.13,0.61,50.0,0.86,21.6,0.87,23.0,0.14,21.6,0.13,23.0,0.18,1.13,0.39,50.0,0.04,0.04,0.095512,1776183875000
1776183876.558,276.558,0.61,42.9,0.56,0.91,0.89,5.56,0.9,107.0,0.14,21.6,0.13,23.0,0.18,1.13,0.39,50.0,0.28,0.04,0.095512,1776183875000
1776183877.302,277.302,0.61,42.9,0.56,0.91,0.89,5.56,0.9,107.0,0.11,5.56,0.1,107.0,0.39,42.9,0.44,0.91,0.28,0.28,0.095507,1776183876000
1776183878.471,278.471,0.61,42.9,0.56,0.91,0.89,5.56,0.9,107.0,0.11,5.56,0.1,107.0,0.39,42.9,0.44,0.91,0.28,0.28,0.095501,1776183877000
1776183878.899,278.899,0.61,42.9,0.56,0.91,0.89,5.56,0.9,107.0,0.11,5.56,0.1,107.0,0.39,42.9,0.44,0.91,0.28,0.28,0.095504,1776183878000
1776183880.015,280.015,0.61,42.9,0.56,0.91,0.89,5.56,0.9,107.0,0.11,5.56,0.1,107.0,0.39,42.9,0.44,0.91,0.28,0.28,0.095504,1776183879000
1776183881.146,281.146,0.61,42.9,0.56,0.91,0.89,5.56,0.9,107.0,0.11,5.56,0.1,107.0,0.39,42.9,0.44,0.91,0.28,0.28,0.095501,1776183880000
1776183882.208,282.208,0.61,42.9,0.56,0.91,0.89,5.56,0.9,107.0,0.11,5.56,0.1,107.0,0.39,42.9,0.44,0.91,0.28,0.28,0.095499,1776183881000
1776183883.007,283.007,0.61,42.9,0.56,0.91,0.74,3.64,0.75,5.0,0.11,5.56,0.1,107.0,0.39,42.9,0.44,0.91,0.13,0.28,0.095499,1776183881000
1776183883.336,283.336,0.61,42.9,0.56,0.91,0.74,3.64,0.75,5.0,0.26,3.64,0.25,5.0,0.39,42.9,0.44,0.91,0.13,0.13,0.095497,1776183882000
1776183884.344,284.344,0.61,42.9,0.56,0.91,0.74,3.64,0.75,5.0,0.26,3.64,0.25,5.0,0.39,42.9,0.44,0.91,0.13,0.13,0.095496,1776183883000
1776183884.892,284.892,0.61,42.9,0.56,0.91,0.74,3.64,0.75,5.0,0.26,3.64,0.25,5.0,0.39,42.9,0.44,0.91,0.13,0.13,0.095496,1776183884000
1776183885.988,285.988,0.61,42.9,0.56,0.91,0.74,3.64,0.75,5.0,0.26,3.64,0.25,5.0,0.39,42.9,0.44,0.91,0.13,0.13,0.095494,1776183885000
1776183887.479,287.479,0.61,42.9,0.56,0.91,0.74,3.64,0.75,5.0,0.26,3.64,0.25,5.0,0.39,42.9,0.44,0.91,0.13,0.13,0.095489,1776183886000
1776183888.3,288.3,0.51,44.75,0.41,50.0,0.81,104.0,0.89,15.56,0.26,3.64,0.25,5.0,0.39,42.9,0.44,0.91,0.3,0.13,0.095489,1776183886000
1776183888.626,288.626,0.51,44.75,0.41,50.0,0.81,104.0,0.89,15.56,0.19,104.0,0.11,15.56,0.49,44.75,0.59,50.0,0.3,0.3,0.095491,1776183887000
1776183889.082,289.082,0.35,7.15,0.31,50.0,0.45,5.0,0.51,10.0,0.19,104.0,0.11,15.56,0.49,44.75,0.59,50.0,0.1,0.3,0.095491,1776183887000
1776183889.515,289.515,0.35,7.15,0.31,50.0,0.45,5.0,0.51,10.0,0.55,5.0,0.49,10.0,0.65,7.15,0.69,50.0,0.1,0.1,0.095489,1776183888000
1776183889.856,289.856,0.31,42.25,0.21,50.0,0.51,10.0,0.61,50.0,0.55,5.0,0.49,10.0,0.65,7.15,0.69,50.0,0.2,0.1,0.095489,1776183888000
1776183890.119,290.119,0.21,27.94,0.11,50.0,0.44,5.0,0.51,60.0,0.49,10.0,0.39,50.0,0.69,35.01,0.79,50.0,0.23,0.2,0.095489,1776183888000
1776183890.465,290.465,0.21,27.94,0.11,50.0,0.44,5.0,0.51,60.0,0.56,5.0,0.49,60.0,0.79,27.94,0.89,50.0,0.23,0.23,0.095484,1776183889000
1776183891.182,291.182,0.21,27.94,0.11,50.0,0.44,5.0,0.51,60.0,0.56,5.0,0.49,60.0,0.79,27.94,0.89,50.0,0.23,0.23,0.095468,1776183890000
1776183892.444,292.444,0.21,27.94,0.11,50.0,0.44,5.0,0.51,60.0,0.56,5.0,0.49,60.0,0.79,27.94,0.89,50.0,0.23,0.23,0.095472,1776183891000
1776183892.799,292.799,0.21,26.68,0.12,7.0,0.51,60.0,0.61,50.0,0.56,5.0,0.49,60.0,0.79,27.94,0.89,50.0,0.3,0.23,0.095472,1776183891000
1776183893.297,293.297,0.21,24.1,0.12,7.0,0.51,60.0,0.61,50.0,0.49,60.0,0.39,50.0,0.79,24.1,0.88,7.0,0.3,0.3,0.095469,1776183892000
1776183894.53,294.53,0.21,24.1,0.12,7.0,0.51,60.0,0.61,50.0,0.49,60.0,0.39,50.0,0.79,24.1,0.88,7.0,0.3,0.3,0.095468,1776183893000
1776183894.896,294.896,0.41,50.0,0.31,50.0,0.51,4.17,0.71,50.0,0.49,60.0,0.39,50.0,0.79,24.1,0.88,7.0,0.1,0.3,0.095468,1776183893000
1776183895.26,295.26,0.41,50.0,0.31,50.0,0.71,48.81,0.81,50.0,0.29,48.81,0.19,50.0,0.59,50.0,0.69,50.0,0.3,0.3,0.09547,1776183894000
1776183895.532,295.532,0.61,22.0,0.51,50.0,0.81,46.33,0.85,100.0,0.15,100.0,0.14,7.0,0.39,22.0,0.49,50.0,0.2,0.24,0.09547,1776183894000
1776183896.579,296.579,0.61,22.0,0.51,50.0,0.81,46.33,0.85,100.0,0.19,46.33,0.15,100.0,0.39,22.0,0.49,50.0,0.2,0.2,0.09547,1776183895000
1776183896.801,296.801,0.61,19.44,0.51,50.0,0.81,42.66,0.89,5.56,0.19,42.66,0.11,5.56,0.39,22.0,0.49,50.0,0.2,0.2,0.09547,1776183895000
1776183897.242,297.242,0.51,18.16,0.41,50.0,0.81,42.66,0.89,5.56,0.19,42.66,0.11,5.56,0.49,18.16,0.59,50.0,0.3,0.3,0.095475,1776183896000
1776183897.471,297.471,0.61,66.0,0.51,68.16,0.81,13.06,0.89,5.56,0.19,16.73,0.11,5.56,0.39,8.0,0.49,76.16,0.2,0.2,0.095475,1776183896000
1776183897.794,297.794,0.85,33.94,0.61,39.91,0.9,4.94,0.91,50.0,0.11,5.56,0.1,5.0,0.15,25.94,0.39,47.91,0.05,0.04,0.095475,1776183896000
1776183898.025,298.025,0.85,33.94,0.61,39.91,0.91,40.67,0.94,7.0,0.09,43.94,0.06,7.0,0.15,33.94,0.39,39.91,0.06,0.06,0.095475,1776183896000
1776183898.788,298.788,0.85,33.94,0.61,39.91,0.91,40.67,0.94,7.0,0.09,40.67,0.06,7.0,0.15,33.94,0.39,39.91,0.06,0.06,0.095486,1776183897000
1776183899.001,299.001,0.61,34.65,0.51,75.16,0.99,129.65,,,0.01,129.65,,,0.34,5.0,0.39,37.91,0.38,0.33,0.095486,1776183897000
1776183899.462,299.462,0.91,13.75,0.77,5.0,0.99,98.24,,,0.01,94.35,,,0.39,34.65,0.49,75.16,0.08,0.38,0.095486,1776183897000
1776183899.936,299.936,0.91,35.73,0.79,9.0,0.99,56.72,,,0.01,57.83,,,0.09,13.75,0.23,5.0,0.08,0.08,0.095494,1776183898000
1776183900.166,300.166,0.99,15.43,0.91,43.73,,,,,,,,,0.01,15.43,0.09,43.73,,,0.095508,1776183899000

# RESULT,winner=Up,slug=doge-updown-5m-1776183600,ticks=341
