timestamp,elapsed_sec,up_bid_p1,up_bid_s1,up_bid_p2,up_bid_s2,up_bid_p3,up_bid_s3,up_bid_p4,up_bid_s4,up_bid_p5,up_bid_s5,up_ask_p1,up_ask_s1,up_ask_p2,up_ask_s2,up_ask_p3,up_ask_s3,up_ask_p4,up_ask_s4,up_ask_p5,up_ask_s5,down_bid_p1,down_bid_s1,down_bid_p2,down_bid_s2,down_bid_p3,down_bid_s3,down_bid_p4,down_bid_s4,down_bid_p5,down_bid_s5,down_ask_p1,down_ask_s1,down_ask_p2,down_ask_s2,down_ask_p3,down_ask_s3,down_ask_p4,down_ask_s4,down_ask_p5,down_ask_s5,up_spread,down_spread,doge_price,doge_oracle_ts
1776159900.694,0.694,0.41,13.0,0.4,8.0,0.39,8.0,0.38,8.0,0.37,9.0,0.5,5.05,0.59,13.0,0.6,8.0,0.61,8.0,0.62,8.0,0.5,5.05,0.41,13.0,0.4,8.0,0.39,8.0,0.38,8.0,0.59,13.0,0.6,8.0,0.61,8.0,0.62,8.0,0.63,9.0,0.09,0.09,0.094378,1776159899000
1776159901.368,1.368,0.41,13.0,0.4,8.0,0.39,8.0,0.38,8.0,0.37,9.0,0.5,5.05,0.59,13.0,0.6,8.0,0.61,8.0,0.62,8.0,0.5,5.05,0.41,13.0,0.4,8.0,0.39,8.0,0.38,8.0,0.59,13.0,0.6,8.0,0.61,8.0,0.62,8.0,0.63,9.0,0.09,0.09,0.094378,1776159900000
1776159902.633,2.633,0.41,13.0,0.4,8.0,0.39,8.0,0.38,8.0,0.37,9.0,0.5,5.05,0.59,13.0,0.6,8.0,0.61,8.0,0.62,8.0,0.5,5.05,0.41,13.0,0.4,8.0,0.39,8.0,0.38,8.0,0.59,13.0,0.6,8.0,0.61,8.0,0.62,8.0,0.63,9.0,0.09,0.09,0.094374,1776159901000
1776159903.362,3.362,0.41,13.0,0.4,8.0,0.39,8.0,0.38,8.0,0.37,9.0,0.5,5.05,0.59,13.0,0.6,8.0,0.61,8.0,0.62,8.0,0.5,5.05,0.41,13.0,0.4,8.0,0.39,8.0,0.38,8.0,0.59,13.0,0.6,8.0,0.61,8.0,0.62,8.0,0.63,9.0,0.09,0.09,0.094375,1776159902000
1776159904.828,4.828,0.41,13.0,0.4,8.0,0.39,8.0,0.38,8.0,0.37,9.0,0.5,5.05,0.59,13.0,0.6,8.0,0.61,8.0,0.62,8.0,0.5,5.05,0.41,13.0,0.4,8.0,0.39,8.0,0.38,8.0,0.59,13.0,0.6,8.0,0.61,8.0,0.62,8.0,0.63,9.0,0.09,0.09,0.09438,1776159903000
1776159905.376,5.376,0.41,13.0,0.4,8.0,0.39,8.0,0.38,8.0,0.37,9.0,0.5,5.05,0.59,13.0,0.6,8.0,0.61,8.0,0.62,8.0,0.5,5.05,0.41,13.0,0.4,8.0,0.39,8.0,0.38,8.0,0.59,13.0,0.6,8.0,0.61,8.0,0.62,8.0,0.63,9.0,0.09,0.09,0.09438,1776159904000
1776159906.086,6.086,0.41,13.0,0.4,8.0,0.39,8.0,0.38,8.0,0.37,9.0,0.5,5.05,0.59,13.0,0.6,8.0,0.61,8.0,0.62,8.0,0.5,5.05,0.41,13.0,0.4,8.0,0.39,8.0,0.38,8.0,0.59,13.0,0.6,8.0,0.61,8.0,0.62,8.0,0.63,9.0,0.09,0.09,0.094379,1776159905000
1776159908.29,8.29,0.41,13.0,0.4,8.0,0.39,8.0,0.38,8.0,0.37,9.0,0.5,5.05,0.59,13.0,0.6,8.0,0.61,8.0,0.62,8.0,0.5,5.05,0.41,13.0,0.4,8.0,0.39,8.0,0.38,8.0,0.59,13.0,0.6,8.0,0.61,8.0,0.62,8.0,0.63,9.0,0.09,0.09,0.094384,1776159907000
1776159909.412,9.412,0.41,13.0,0.4,8.0,0.39,8.0,0.38,8.0,0.37,9.0,0.5,5.05,0.59,13.0,0.6,8.0,0.61,8.0,0.62,8.0,0.5,5.05,0.41,13.0,0.4,8.0,0.39,8.0,0.38,8.0,0.59,13.0,0.6,8.0,0.61,8.0,0.62,8.0,0.63,9.0,0.09,0.09,0.094381,1776159908000
1776159910.118,10.118,0.41,13.0,0.4,8.0,0.39,8.0,0.38,8.0,0.37,9.0,0.5,5.05,0.59,13.0,0.6,8.0,0.61,8.0,0.62,8.0,0.5,5.05,0.41,13.0,0.4,8.0,0.39,8.0,0.38,8.0,0.59,13.0,0.6,8.0,0.61,8.0,0.62,8.0,0.63,9.0,0.09,0.09,0.094381,1776159909000
1776159911.12,11.12,0.41,13.0,0.4,8.0,0.39,8.0,0.38,8.0,0.37,9.0,0.5,5.05,0.59,13.0,0.6,8.0,0.61,8.0,0.62,8.0,0.5,5.05,0.41,13.0,0.4,8.0,0.39,8.0,0.38,8.0,0.59,13.0,0.6,8.0,0.61,8.0,0.62,8.0,0.63,9.0,0.09,0.09,0.094381,1776159910000
1776159912.364,12.364,0.41,13.0,0.4,8.0,0.39,8.0,0.38,8.0,0.37,9.0,0.5,5.05,0.59,13.0,0.6,8.0,0.61,8.0,0.62,8.0,0.5,5.05,0.41,13.0,0.4,8.0,0.39,8.0,0.38,8.0,0.59,13.0,0.6,8.0,0.61,8.0,0.62,8.0,0.63,9.0,0.09,0.09,0.094379,1776159911000
1776159913.451,13.451,0.41,13.0,0.4,8.0,0.39,8.0,0.38,8.0,0.37,9.0,0.5,5.05,0.59,13.0,0.6,8.0,0.61,8.0,0.62,8.0,0.5,5.05,0.41,13.0,0.4,8.0,0.39,8.0,0.38,8.0,0.59,13.0,0.6,8.0,0.61,8.0,0.62,8.0,0.63,9.0,0.09,0.09,0.094379,1776159912000
1776159913.773,13.773,0.37,5.28,0.35,6.0,0.34,14.0,0.31,50.0,0.21,50.0,0.48,5.0,0.56,11.0,0.61,50.0,0.7,6.0,0.71,50.0,0.5,5.05,0.41,13.0,0.4,8.0,0.39,8.0,0.38,8.0,0.59,13.0,0.6,8.0,0.61,8.0,0.62,8.0,0.63,9.0,0.11,0.09,0.094379,1776159912000
1776159914.031,14.031,0.35,1.43,0.34,14.0,0.31,50.0,0.21,50.0,0.11,150.0,0.48,5.0,0.56,11.0,0.61,50.0,0.7,6.0,0.71,50.0,0.52,5.0,0.44,11.0,0.39,50.0,0.3,6.0,0.29,50.0,0.65,1.43,0.66,14.0,0.69,50.0,0.79,50.0,0.89,150.0,0.13,0.13,0.094379,1776159913000
1776159915.101,15.101,0.35,1.43,0.34,14.0,0.31,50.0,0.21,50.0,0.11,150.0,0.48,5.0,0.56,11.0,0.61,50.0,0.7,6.0,0.71,50.0,0.52,5.0,0.44,11.0,0.39,50.0,0.3,6.0,0.29,50.0,0.65,1.43,0.66,14.0,0.69,50.0,0.79,50.0,0.89,150.0,0.13,0.13,0.094381,1776159914000
1776159916.195,16.195,0.35,1.43,0.34,14.0,0.31,50.0,0.21,50.0,0.11,150.0,0.48,5.0,0.56,11.0,0.61,50.0,0.7,6.0,0.71,50.0,0.52,5.0,0.44,11.0,0.39,50.0,0.3,6.0,0.29,50.0,0.65,1.43,0.66,14.0,0.69,50.0,0.79,50.0,0.89,150.0,0.13,0.13,0.094372,1776159915000
1776159917.35,17.35,0.35,1.43,0.34,14.0,0.31,50.0,0.21,50.0,0.11,150.0,0.48,5.0,0.56,11.0,0.61,50.0,0.7,6.0,0.71,50.0,0.52,5.0,0.44,11.0,0.39,50.0,0.3,6.0,0.29,50.0,0.65,1.43,0.66,14.0,0.69,50.0,0.79,50.0,0.89,150.0,0.13,0.13,0.094348,1776159916000
1776159918.386,18.386,0.35,1.43,0.34,14.0,0.31,50.0,0.21,50.0,0.11,150.0,0.48,5.0,0.56,11.0,0.61,50.0,0.7,6.0,0.71,50.0,0.52,5.0,0.44,11.0,0.39,50.0,0.3,6.0,0.29,50.0,0.65,1.43,0.66,14.0,0.69,50.0,0.79,50.0,0.89,150.0,0.13,0.13,0.094338,1776159917000
1776159918.95,18.95,0.28,15.0,0.27,23.0,0.21,50.0,0.18,10.0,0.17,10.0,0.38,5.0,0.42,10.0,0.43,10.0,0.44,10.0,0.45,10.0,0.62,5.0,0.58,10.0,0.57,10.0,0.56,10.0,0.55,10.0,0.72,15.0,0.73,23.0,0.79,50.0,0.82,10.0,0.83,10.0,0.1,0.1,0.094328,1776159918000
1776159919.956,19.956,0.28,15.0,0.27,23.0,0.21,50.0,0.18,10.0,0.17,10.0,0.38,5.0,0.42,10.0,0.43,10.0,0.44,10.0,0.45,10.0,0.62,5.0,0.58,10.0,0.57,10.0,0.56,10.0,0.55,10.0,0.72,15.0,0.73,23.0,0.79,50.0,0.82,10.0,0.83,10.0,0.1,0.1,0.094326,1776159919000
1776159921.039,21.039,0.28,15.0,0.27,23.0,0.21,50.0,0.18,10.0,0.17,10.0,0.38,5.0,0.42,10.0,0.43,10.0,0.44,10.0,0.45,10.0,0.62,5.0,0.58,10.0,0.57,10.0,0.56,10.0,0.55,10.0,0.72,15.0,0.73,23.0,0.79,50.0,0.82,10.0,0.83,10.0,0.1,0.1,0.094322,1776159920000
1776159922.751,22.751,0.25,15.0,0.24,25.0,0.21,50.0,0.15,10.0,0.14,10.0,0.35,2.92,0.38,5.0,0.39,10.0,0.4,10.0,0.41,10.0,0.65,2.92,0.62,5.0,0.61,10.0,0.6,10.0,0.59,10.0,0.75,15.0,0.76,25.0,0.79,50.0,0.85,10.0,0.86,10.0,0.1,0.1,0.094315,1776159921000
1776159923.311,23.311,0.25,15.0,0.24,25.0,0.21,50.0,0.15,10.0,0.14,10.0,0.35,2.92,0.38,5.0,0.39,10.0,0.4,10.0,0.41,10.0,0.65,2.92,0.62,5.0,0.61,10.0,0.6,10.0,0.59,10.0,0.75,15.0,0.76,25.0,0.79,50.0,0.85,10.0,0.86,10.0,0.1,0.1,0.094315,1776159922000
1776159924.328,24.328,0.25,15.0,0.24,25.0,0.21,50.0,0.15,10.0,0.14,10.0,0.35,2.92,0.38,5.0,0.39,10.0,0.4,10.0,0.41,10.0,0.65,2.92,0.62,5.0,0.61,10.0,0.6,10.0,0.59,10.0,0.75,15.0,0.76,25.0,0.79,50.0,0.85,10.0,0.86,10.0,0.1,0.1,0.094315,1776159923000
1776159925.389,25.389,0.25,15.0,0.24,25.0,0.21,50.0,0.15,10.0,0.14,10.0,0.35,2.92,0.38,5.0,0.39,10.0,0.4,10.0,0.41,10.0,0.65,2.92,0.62,5.0,0.61,10.0,0.6,10.0,0.59,10.0,0.75,15.0,0.76,25.0,0.79,50.0,0.85,10.0,0.86,10.0,0.1,0.1,0.094315,1776159924000
1776159926.315,26.315,0.25,15.0,0.24,25.0,0.21,50.0,0.15,10.0,0.14,10.0,0.35,2.92,0.38,5.0,0.39,10.0,0.4,10.0,0.41,10.0,0.65,2.92,0.62,5.0,0.61,10.0,0.6,10.0,0.59,10.0,0.75,15.0,0.76,25.0,0.79,50.0,0.85,10.0,0.86,10.0,0.1,0.1,0.094315,1776159925000
1776159927.398,27.398,0.25,15.0,0.24,25.0,0.21,50.0,0.15,10.0,0.14,10.0,0.35,2.92,0.38,5.0,0.39,10.0,0.4,10.0,0.41,10.0,0.65,2.92,0.62,5.0,0.61,10.0,0.6,10.0,0.59,10.0,0.75,15.0,0.76,25.0,0.79,50.0,0.85,10.0,0.86,10.0,0.1,0.1,0.094315,1776159926000
1776159927.924,27.924,0.25,15.0,0.24,25.0,0.21,50.0,0.15,10.0,0.14,10.0,0.35,2.92,0.38,5.0,0.39,10.0,0.4,10.0,0.41,10.0,0.65,2.92,0.62,5.0,0.61,10.0,0.6,10.0,0.59,10.0,0.75,15.0,0.76,25.0,0.79,50.0,0.85,10.0,0.86,10.0,0.1,0.1,0.094315,1776159927000
1776159928.826,28.826,0.25,15.0,0.24,25.0,0.21,50.0,0.15,10.0,0.14,10.0,0.35,2.92,0.38,5.0,0.39,10.0,0.4,10.0,0.41,10.0,0.65,2.92,0.62,5.0,0.61,10.0,0.6,10.0,0.59,10.0,0.75,15.0,0.76,25.0,0.79,50.0,0.85,10.0,0.86,10.0,0.1,0.1,0.094315,1776159928000
1776159930.309,30.309,0.25,15.0,0.24,25.0,0.21,50.0,0.15,10.0,0.14,10.0,0.35,2.92,0.38,5.0,0.39,10.0,0.4,10.0,0.41,10.0,0.65,2.92,0.62,5.0,0.61,10.0,0.6,10.0,0.59,10.0,0.75,15.0,0.76,25.0,0.79,50.0,0.85,10.0,0.86,10.0,0.1,0.1,0.094308,1776159929000
1776159931.255,31.255,0.25,15.0,0.24,25.0,0.21,50.0,0.15,10.0,0.14,10.0,0.35,2.92,0.38,5.0,0.39,10.0,0.4,10.0,0.41,10.0,0.65,2.92,0.62,5.0,0.61,10.0,0.6,10.0,0.59,10.0,0.75,15.0,0.76,25.0,0.79,50.0,0.85,10.0,0.86,10.0,0.1,0.1,0.094308,1776159930000
1776159932.15,32.15,0.25,15.0,0.24,25.0,0.21,50.0,0.15,10.0,0.14,10.0,0.35,2.92,0.38,5.0,0.39,10.0,0.4,10.0,0.41,10.0,0.65,2.92,0.62,5.0,0.61,10.0,0.6,10.0,0.59,10.0,0.75,15.0,0.76,25.0,0.79,50.0,0.85,10.0,0.86,10.0,0.1,0.1,0.094309,1776159931000
1776159933.223,33.223,0.25,15.0,0.24,25.0,0.21,50.0,0.15,10.0,0.14,10.0,0.35,2.92,0.38,5.0,0.39,10.0,0.4,10.0,0.41,10.0,0.65,2.92,0.62,5.0,0.61,10.0,0.6,10.0,0.59,10.0,0.75,15.0,0.76,25.0,0.79,50.0,0.85,10.0,0.86,10.0,0.1,0.1,0.094309,1776159932000
1776159934.18,34.18,0.25,15.0,0.24,25.0,0.21,50.0,0.15,10.0,0.14,10.0,0.35,2.92,0.38,5.0,0.39,10.0,0.4,10.0,0.41,10.0,0.65,2.92,0.62,5.0,0.61,10.0,0.6,10.0,0.59,10.0,0.75,15.0,0.76,25.0,0.79,50.0,0.85,10.0,0.86,10.0,0.1,0.1,0.094305,1776159933000
1776159935.892,35.892,0.25,15.0,0.24,25.0,0.21,50.0,0.15,10.0,0.14,10.0,0.35,2.92,0.38,5.0,0.39,10.0,0.4,10.0,0.41,10.0,0.65,2.92,0.62,5.0,0.61,10.0,0.6,10.0,0.59,10.0,0.75,15.0,0.76,25.0,0.79,50.0,0.85,10.0,0.86,10.0,0.1,0.1,0.094331,1776159934000
1776159936.729,36.729,0.25,15.0,0.24,25.0,0.21,50.0,0.15,10.0,0.14,10.0,0.35,2.92,0.38,5.0,0.39,10.0,0.4,10.0,0.41,10.0,0.65,2.92,0.62,5.0,0.61,10.0,0.6,10.0,0.59,10.0,0.75,15.0,0.76,25.0,0.79,50.0,0.85,10.0,0.86,10.0,0.1,0.1,0.094337,1776159935000
1776159937.305,37.305,0.25,15.0,0.24,25.0,0.21,50.0,0.15,10.0,0.14,10.0,0.35,2.92,0.38,5.0,0.39,10.0,0.4,10.0,0.41,10.0,0.65,2.92,0.62,5.0,0.61,10.0,0.6,10.0,0.59,10.0,0.75,15.0,0.76,25.0,0.79,50.0,0.85,10.0,0.86,10.0,0.1,0.1,0.094338,1776159936000
1776159938.132,38.132,0.25,15.0,0.24,25.0,0.21,50.0,0.15,10.0,0.14,10.0,0.35,2.92,0.38,5.0,0.39,10.0,0.4,10.0,0.41,10.0,0.65,2.92,0.62,5.0,0.61,10.0,0.6,10.0,0.59,10.0,0.75,15.0,0.76,25.0,0.79,50.0,0.85,10.0,0.86,10.0,0.1,0.1,0.094334,1776159937000
1776159939.533,39.533,0.25,15.0,0.24,25.0,0.21,50.0,0.15,10.0,0.14,10.0,0.35,2.92,0.38,5.0,0.39,10.0,0.4,10.0,0.41,10.0,0.65,2.92,0.62,5.0,0.61,10.0,0.6,10.0,0.59,10.0,0.75,15.0,0.76,25.0,0.79,50.0,0.85,10.0,0.86,10.0,0.1,0.1,0.09433,1776159938000
1776159940.56,40.56,0.25,15.0,0.24,25.0,0.21,50.0,0.15,10.0,0.14,10.0,0.35,2.92,0.38,5.0,0.39,10.0,0.4,10.0,0.41,10.0,0.65,2.92,0.62,5.0,0.61,10.0,0.6,10.0,0.59,10.0,0.75,15.0,0.76,25.0,0.79,50.0,0.85,10.0,0.86,10.0,0.1,0.1,0.094337,1776159939000
1776159941.27,41.27,0.25,15.0,0.24,25.0,0.21,50.0,0.15,10.0,0.14,10.0,0.35,2.92,0.38,5.0,0.39,10.0,0.4,10.0,0.41,10.0,0.65,2.92,0.62,5.0,0.61,10.0,0.6,10.0,0.59,10.0,0.75,15.0,0.76,25.0,0.79,50.0,0.85,10.0,0.86,10.0,0.1,0.1,0.094334,1776159940000
1776159942.671,42.671,0.25,15.0,0.24,25.0,0.21,50.0,0.15,10.0,0.14,10.0,0.35,2.92,0.38,5.0,0.39,10.0,0.4,10.0,0.41,10.0,0.65,2.92,0.62,5.0,0.61,10.0,0.6,10.0,0.59,10.0,0.75,15.0,0.76,25.0,0.79,50.0,0.85,10.0,0.86,10.0,0.1,0.1,0.094334,1776159941000
1776159942.965,42.965,0.3,10.0,0.25,30.0,0.21,50.0,0.2,10.0,0.19,10.0,0.43,2.9,0.44,10.0,0.45,10.0,0.46,19.0,0.47,10.0,0.65,2.92,0.62,5.0,0.61,10.0,0.6,10.0,0.59,10.0,0.75,15.0,0.76,25.0,0.79,50.0,0.85,10.0,0.86,10.0,0.13,0.1,0.094334,1776159941000
1776159943.377,43.377,0.3,10.0,0.25,30.0,0.21,50.0,0.2,10.0,0.19,10.0,0.43,2.9,0.44,10.0,0.45,10.0,0.46,19.0,0.47,10.0,0.57,2.9,0.56,10.0,0.55,10.0,0.54,19.0,0.53,10.0,0.7,10.0,0.75,30.0,0.79,50.0,0.8,10.0,0.81,10.0,0.13,0.13,0.094334,1776159942000
1776159944.02,44.02,0.3,10.0,0.25,30.0,0.21,50.0,0.2,10.0,0.19,10.0,0.43,2.9,0.44,10.0,0.45,10.0,0.46,19.0,0.47,10.0,0.57,2.9,0.56,10.0,0.55,10.0,0.54,19.0,0.53,10.0,0.7,10.0,0.75,30.0,0.79,50.0,0.8,10.0,0.81,10.0,0.13,0.13,0.094334,1776159943000
1776159945.441,45.441,0.3,10.0,0.25,30.0,0.21,50.0,0.2,10.0,0.19,10.0,0.43,2.9,0.44,10.0,0.45,10.0,0.46,19.0,0.47,10.0,0.57,2.9,0.56,10.0,0.55,10.0,0.54,19.0,0.53,10.0,0.7,10.0,0.75,30.0,0.79,50.0,0.8,10.0,0.81,10.0,0.13,0.13,0.094331,1776159944000
1776159946.158,46.158,0.3,10.0,0.25,30.0,0.21,50.0,0.2,10.0,0.19,10.0,0.43,2.9,0.44,10.0,0.45,10.0,0.46,19.0,0.47,10.0,0.57,2.9,0.56,10.0,0.55,10.0,0.54,19.0,0.53,10.0,0.7,10.0,0.75,30.0,0.79,50.0,0.8,10.0,0.81,10.0,0.13,0.13,0.094331,1776159945000
1776159946.93,46.93,0.26,3.4,0.22,10.0,0.21,88.7,0.2,16.2,0.19,16.89,0.41,10.0,0.42,18.0,0.43,10.0,0.44,10.0,0.45,10.0,0.57,2.9,0.56,10.0,0.55,10.0,0.54,19.0,0.53,10.0,0.7,10.0,0.75,30.0,0.79,50.0,0.8,10.0,0.81,10.0,0.15,0.13,0.094331,1776159945000
1776159947.668,47.668,0.26,3.4,0.22,10.0,0.21,88.7,0.2,16.2,0.19,16.89,0.41,10.0,0.42,18.0,0.43,10.0,0.44,10.0,0.45,10.0,0.59,10.0,0.58,18.0,0.57,10.0,0.56,10.0,0.55,10.0,0.74,3.4,0.78,10.0,0.79,88.7,0.8,16.2,0.81,16.89,0.15,0.15,0.094331,1776159946000
1776159948.261,48.261,0.26,3.4,0.22,10.0,0.21,88.7,0.2,16.2,0.19,16.89,0.41,10.0,0.42,18.0,0.43,10.0,0.44,10.0,0.45,10.0,0.59,10.0,0.58,18.0,0.57,10.0,0.56,10.0,0.55,10.0,0.74,3.4,0.78,10.0,0.79,88.7,0.8,16.2,0.81,16.89,0.15,0.15,0.09433,1776159947000
1776159949.742,49.742,0.26,3.4,0.22,10.0,0.21,88.7,0.2,16.2,0.19,16.89,0.41,10.0,0.42,18.0,0.43,10.0,0.44,10.0,0.45,10.0,0.59,10.0,0.58,18.0,0.57,10.0,0.56,10.0,0.55,10.0,0.74,3.4,0.78,10.0,0.79,88.7,0.8,16.2,0.81,16.89,0.15,0.15,0.094322,1776159948000
1776159950.604,50.604,0.26,3.4,0.22,10.0,0.21,88.7,0.2,16.2,0.19,16.89,0.41,10.0,0.42,18.0,0.43,10.0,0.44,10.0,0.45,10.0,0.59,10.0,0.58,18.0,0.57,10.0,0.56,10.0,0.55,10.0,0.74,3.4,0.78,10.0,0.79,88.7,0.8,16.2,0.81,16.89,0.15,0.15,0.094315,1776159949000
1776159951.233,51.233,0.26,3.4,0.22,10.0,0.21,88.7,0.2,16.2,0.19,16.89,0.41,10.0,0.42,18.0,0.43,10.0,0.44,10.0,0.45,10.0,0.59,10.0,0.58,18.0,0.57,10.0,0.56,10.0,0.55,10.0,0.74,3.4,0.78,10.0,0.79,88.7,0.8,16.2,0.81,16.89,0.15,0.15,0.094314,1776159950000
1776159952.695,52.695,0.26,3.4,0.22,10.0,0.21,88.7,0.2,16.2,0.19,16.89,0.41,10.0,0.42,18.0,0.43,10.0,0.44,10.0,0.45,10.0,0.59,10.0,0.58,18.0,0.57,10.0,0.56,10.0,0.55,10.0,0.74,3.4,0.78,10.0,0.79,88.7,0.8,16.2,0.81,16.89,0.15,0.15,0.094301,1776159951000
1776159953.313,53.313,0.26,3.4,0.22,10.0,0.21,88.7,0.2,16.2,0.19,16.89,0.41,10.0,0.42,18.0,0.43,10.0,0.44,10.0,0.45,10.0,0.59,10.0,0.58,18.0,0.57,10.0,0.56,10.0,0.55,10.0,0.74,3.4,0.78,10.0,0.79,88.7,0.8,16.2,0.81,16.89,0.15,0.15,0.094301,1776159952000
1776159954.505,54.505,0.26,3.4,0.22,10.0,0.21,88.7,0.2,16.2,0.19,16.89,0.41,10.0,0.42,18.0,0.43,10.0,0.44,10.0,0.45,10.0,0.59,10.0,0.58,18.0,0.57,10.0,0.56,10.0,0.55,10.0,0.74,3.4,0.78,10.0,0.79,88.7,0.8,16.2,0.81,16.89,0.15,0.15,0.094301,1776159953000
1776159955.428,55.428,0.26,3.4,0.22,10.0,0.21,88.7,0.2,16.2,0.19,16.89,0.41,10.0,0.42,18.0,0.43,10.0,0.44,10.0,0.45,10.0,0.59,10.0,0.58,18.0,0.57,10.0,0.56,10.0,0.55,10.0,0.74,3.4,0.78,10.0,0.79,88.7,0.8,16.2,0.81,16.89,0.15,0.15,0.094301,1776159954000
1776159956.062,56.062,0.26,3.4,0.22,10.0,0.21,88.7,0.2,16.2,0.19,16.89,0.41,10.0,0.42,18.0,0.43,10.0,0.44,10.0,0.45,10.0,0.59,10.0,0.58,18.0,0.57,10.0,0.56,10.0,0.55,10.0,0.74,3.4,0.78,10.0,0.79,88.7,0.8,16.2,0.81,16.89,0.15,0.15,0.094301,1776159955000
1776159957.628,57.628,0.26,3.4,0.22,10.0,0.21,88.7,0.2,16.2,0.19,16.89,0.41,10.0,0.42,18.0,0.43,10.0,0.44,10.0,0.45,10.0,0.59,10.0,0.58,18.0,0.57,10.0,0.56,10.0,0.55,10.0,0.74,3.4,0.78,10.0,0.79,88.7,0.8,16.2,0.81,16.89,0.15,0.15,0.094291,1776159956000
1776159958.258,58.258,0.26,3.4,0.22,10.0,0.21,88.7,0.2,16.2,0.19,16.89,0.41,10.0,0.42,18.0,0.43,10.0,0.44,10.0,0.45,10.0,0.59,10.0,0.58,18.0,0.57,10.0,0.56,10.0,0.55,10.0,0.74,3.4,0.78,10.0,0.79,88.7,0.8,16.2,0.81,16.89,0.15,0.15,0.094286,1776159957000
1776159959.742,59.742,0.26,3.4,0.22,10.0,0.21,88.7,0.2,16.2,0.19,16.89,0.41,10.0,0.42,18.0,0.43,10.0,0.44,10.0,0.45,10.0,0.59,10.0,0.58,18.0,0.57,10.0,0.56,10.0,0.55,10.0,0.74,3.4,0.78,10.0,0.79,88.7,0.8,16.2,0.81,16.89,0.15,0.15,0.094283,1776159958000
1776159960.447,60.447,0.26,3.4,0.22,10.0,0.21,88.7,0.2,16.2,0.19,16.89,0.41,10.0,0.42,18.0,0.43,10.0,0.44,10.0,0.45,10.0,0.59,10.0,0.58,18.0,0.57,10.0,0.56,10.0,0.55,10.0,0.74,3.4,0.78,10.0,0.79,88.7,0.8,16.2,0.81,16.89,0.15,0.15,0.094283,1776159959000
1776159961.061,61.061,0.22,2.37,0.21,15.7,0.2,16.2,0.19,16.89,0.18,17.6,0.24,5.0,0.26,6.23,0.28,10.0,0.29,10.0,0.3,10.0,0.59,10.0,0.58,18.0,0.57,10.0,0.56,10.0,0.55,10.0,0.74,3.4,0.78,10.0,0.79,88.7,0.8,16.2,0.81,16.89,0.02,0.15,0.094283,1776159959000
1776159962.74,62.74,0.22,2.37,0.21,15.7,0.2,16.2,0.19,16.89,0.18,17.6,0.24,5.0,0.26,6.23,0.28,10.0,0.29,10.0,0.3,10.0,0.76,5.0,0.74,6.23,0.72,10.0,0.71,10.0,0.7,10.0,0.78,2.37,0.79,15.7,0.8,16.2,0.81,16.89,0.82,17.6,0.02,0.02,0.094279,1776159961000
1776159963.401,63.401,0.22,2.37,0.21,15.7,0.2,16.2,0.19,16.89,0.18,17.6,0.24,5.0,0.26,6.23,0.28,10.0,0.29,10.0,0.3,10.0,0.76,5.0,0.74,6.23,0.72,10.0,0.71,10.0,0.7,10.0,0.78,2.37,0.79,15.7,0.8,16.2,0.81,16.89,0.82,17.6,0.02,0.02,0.094277,1776159962000
1776159964.124,64.124,0.22,2.37,0.21,15.7,0.2,16.2,0.19,16.89,0.18,17.6,0.24,5.0,0.26,6.23,0.28,10.0,0.29,10.0,0.3,10.0,0.76,5.0,0.74,6.23,0.72,10.0,0.71,10.0,0.7,10.0,0.78,2.37,0.79,15.7,0.8,16.2,0.81,16.89,0.82,17.6,0.02,0.02,0.094277,1776159963000
1776159965.753,65.753,0.22,2.37,0.21,15.7,0.2,16.2,0.19,16.89,0.18,17.6,0.24,5.0,0.26,6.23,0.28,10.0,0.29,10.0,0.3,10.0,0.76,5.0,0.74,6.23,0.72,10.0,0.71,10.0,0.7,10.0,0.78,2.37,0.79,15.7,0.8,16.2,0.81,16.89,0.82,17.6,0.02,0.02,0.094277,1776159964000
1776159966.569,66.569,0.22,2.37,0.21,15.7,0.2,16.2,0.19,16.89,0.18,17.6,0.24,5.0,0.26,6.23,0.28,10.0,0.29,10.0,0.3,10.0,0.76,5.0,0.74,6.23,0.72,10.0,0.71,10.0,0.7,10.0,0.78,2.37,0.79,15.7,0.8,16.2,0.81,16.89,0.82,17.6,0.02,0.02,0.094277,1776159965000
1776159967.337,67.337,0.22,2.37,0.21,15.7,0.2,16.2,0.19,16.89,0.18,17.6,0.24,5.0,0.26,6.23,0.28,10.0,0.29,10.0,0.3,10.0,0.76,5.0,0.74,6.23,0.72,10.0,0.71,10.0,0.7,10.0,0.78,2.37,0.79,15.7,0.8,16.2,0.81,16.89,0.82,17.6,0.02,0.02,0.094277,1776159966000
1776159968.199,68.199,0.22,2.37,0.21,15.7,0.2,16.2,0.19,16.89,0.18,17.6,0.24,5.0,0.26,6.23,0.28,10.0,0.29,10.0,0.3,10.0,0.76,5.0,0.74,6.23,0.72,10.0,0.71,10.0,0.7,10.0,0.78,2.37,0.79,15.7,0.8,16.2,0.81,16.89,0.82,17.6,0.02,0.02,0.094276,1776159967000
1776159969.697,69.697,0.22,2.37,0.21,15.7,0.2,16.2,0.19,16.89,0.18,17.6,0.24,5.0,0.26,6.23,0.28,10.0,0.29,10.0,0.3,10.0,0.76,5.0,0.74,6.23,0.72,10.0,0.71,10.0,0.7,10.0,0.78,2.37,0.79,15.7,0.8,16.2,0.81,16.89,0.82,17.6,0.02,0.02,0.094276,1776159968000
1776159970.489,70.489,0.22,2.37,0.21,15.7,0.2,16.2,0.19,16.89,0.18,17.6,0.24,5.0,0.26,6.23,0.28,10.0,0.29,10.0,0.3,10.0,0.76,5.0,0.74,6.23,0.72,10.0,0.71,10.0,0.7,10.0,0.78,2.37,0.79,15.7,0.8,16.2,0.81,16.89,0.82,17.6,0.02,0.02,0.094276,1776159969000
1776159971.19,71.19,0.22,2.37,0.21,15.7,0.2,16.2,0.19,16.89,0.18,17.6,0.24,5.0,0.26,6.23,0.28,10.0,0.29,10.0,0.3,10.0,0.76,5.0,0.74,6.23,0.72,10.0,0.71,10.0,0.7,10.0,0.78,2.37,0.79,15.7,0.8,16.2,0.81,16.89,0.82,17.6,0.02,0.02,0.094275,1776159970000
1776159972.652,72.652,0.22,2.37,0.21,15.7,0.2,16.2,0.19,16.89,0.18,17.6,0.24,5.0,0.26,6.23,0.28,10.0,0.29,10.0,0.3,10.0,0.76,5.0,0.74,6.23,0.72,10.0,0.71,10.0,0.7,10.0,0.78,2.37,0.79,15.7,0.8,16.2,0.81,16.89,0.82,17.6,0.02,0.02,0.09427,1776159971000
1776159973.187,73.187,0.2,16.2,0.19,16.89,0.18,22.6,0.17,18.39,0.16,19.3,0.26,6.23,0.29,7.0,0.3,5.0,0.32,10.0,0.33,10.0,0.76,5.0,0.74,6.23,0.72,10.0,0.71,10.0,0.7,10.0,0.78,2.37,0.79,15.7,0.8,16.2,0.81,16.89,0.82,17.6,0.06,0.02,0.09427,1776159971000
1776159973.77,73.77,0.2,16.2,0.19,16.89,0.18,22.6,0.17,18.39,0.16,19.3,0.26,6.23,0.29,7.0,0.3,5.0,0.32,10.0,0.33,10.0,0.74,6.23,0.71,7.0,0.7,5.0,0.68,10.0,0.67,10.0,0.8,16.2,0.81,16.89,0.82,22.6,0.83,18.39,0.84,19.3,0.06,0.06,0.094268,1776159972000
1776159974.343,74.343,0.2,16.2,0.19,16.89,0.18,22.6,0.17,18.39,0.16,19.3,0.26,6.23,0.29,7.0,0.3,5.0,0.32,10.0,0.33,10.0,0.74,6.23,0.71,7.0,0.7,5.0,0.68,10.0,0.67,10.0,0.8,16.2,0.81,16.89,0.82,22.6,0.83,18.39,0.84,19.3,0.06,0.06,0.094268,1776159973000
1776159975.434,75.434,0.2,16.2,0.19,16.89,0.18,22.6,0.17,18.39,0.16,19.3,0.26,6.23,0.29,7.0,0.3,5.0,0.32,10.0,0.33,10.0,0.74,6.23,0.71,7.0,0.7,5.0,0.68,10.0,0.67,10.0,0.8,16.2,0.81,16.89,0.82,22.6,0.83,18.39,0.84,19.3,0.06,0.06,0.094292,1776159974000
1776159976.116,76.116,0.24,7.72,0.23,14.7,0.22,15.2,0.21,15.7,0.2,16.2,0.26,6.23,0.29,7.0,0.3,5.0,0.32,10.0,0.33,10.0,0.74,6.23,0.71,7.0,0.7,5.0,0.68,10.0,0.67,10.0,0.8,16.2,0.81,16.89,0.82,22.6,0.83,18.39,0.84,19.3,0.02,0.06,0.094292,1776159974000
1776159976.351,76.351,0.24,7.72,0.23,14.7,0.22,15.2,0.21,15.7,0.2,16.2,0.26,6.23,0.29,7.0,0.3,5.0,0.32,10.0,0.33,10.0,0.74,6.23,0.71,7.0,0.7,5.0,0.68,10.0,0.67,10.0,0.76,7.72,0.77,14.7,0.78,15.2,0.79,15.7,0.8,16.2,0.02,0.02,0.094292,1776159975000
1776159976.948,76.948,0.24,7.72,0.23,14.7,0.22,15.2,0.21,15.7,0.2,16.2,0.26,6.23,0.29,7.0,0.3,5.0,0.32,10.0,0.33,10.0,0.74,6.23,0.71,7.0,0.7,5.0,0.68,10.0,0.67,10.0,0.76,7.72,0.77,14.7,0.78,15.2,0.79,15.7,0.8,16.2,0.02,0.02,0.094291,1776159976000
1776159978.027,78.027,0.24,7.72,0.23,14.7,0.22,15.2,0.21,15.7,0.2,16.2,0.26,6.23,0.29,7.0,0.3,5.0,0.32,10.0,0.33,10.0,0.74,6.23,0.71,7.0,0.7,5.0,0.68,10.0,0.67,10.0,0.76,7.72,0.77,14.7,0.78,15.2,0.79,15.7,0.8,16.2,0.02,0.02,0.094292,1776159977000
1776159979.514,79.514,0.24,7.72,0.23,14.7,0.22,15.2,0.21,15.7,0.2,16.2,0.26,6.23,0.29,7.0,0.3,5.0,0.32,10.0,0.33,10.0,0.74,6.23,0.71,7.0,0.7,5.0,0.68,10.0,0.67,10.0,0.76,7.72,0.77,14.7,0.78,15.2,0.79,15.7,0.8,16.2,0.02,0.02,0.09429,1776159978000
1776159980.041,80.041,0.24,7.72,0.23,14.7,0.22,15.2,0.21,15.7,0.2,16.2,0.26,6.23,0.29,7.0,0.3,5.0,0.32,10.0,0.33,10.0,0.74,6.23,0.71,7.0,0.7,5.0,0.68,10.0,0.67,10.0,0.76,7.72,0.77,14.7,0.78,15.2,0.79,15.7,0.8,16.2,0.02,0.02,0.09429,1776159979000
1776159981.052,81.052,0.24,7.72,0.23,14.7,0.22,15.2,0.21,15.7,0.2,16.2,0.26,6.23,0.29,7.0,0.3,5.0,0.32,10.0,0.33,10.0,0.74,6.23,0.71,7.0,0.7,5.0,0.68,10.0,0.67,10.0,0.76,7.72,0.77,14.7,0.78,15.2,0.79,15.7,0.8,16.2,0.02,0.02,0.09429,1776159980000
1776159982.054,82.054,0.24,7.72,0.23,14.7,0.22,15.2,0.21,15.7,0.2,16.2,0.26,6.23,0.29,7.0,0.3,5.0,0.32,10.0,0.33,10.0,0.74,6.23,0.71,7.0,0.7,5.0,0.68,10.0,0.67,10.0,0.76,7.72,0.77,14.7,0.78,15.2,0.79,15.7,0.8,16.2,0.02,0.02,0.09429,1776159981000
1776159983.243,83.243,0.24,7.72,0.23,14.7,0.22,15.2,0.21,15.7,0.2,16.2,0.26,6.23,0.29,7.0,0.3,5.0,0.32,10.0,0.33,10.0,0.74,6.23,0.71,7.0,0.7,5.0,0.68,10.0,0.67,10.0,0.76,7.72,0.77,14.7,0.78,15.2,0.79,15.7,0.8,16.2,0.02,0.02,0.094292,1776159982000
1776159984.292,84.292,0.24,7.72,0.23,14.7,0.22,15.2,0.21,15.7,0.2,16.2,0.26,6.23,0.29,7.0,0.3,5.0,0.32,10.0,0.33,10.0,0.74,6.23,0.71,7.0,0.7,5.0,0.68,10.0,0.67,10.0,0.76,7.72,0.77,14.7,0.78,15.2,0.79,15.7,0.8,16.2,0.02,0.02,0.094279,1776159983000
1776159984.951,84.951,0.24,7.72,0.23,14.7,0.22,15.2,0.21,15.7,0.2,16.2,0.26,6.23,0.29,7.0,0.3,5.0,0.32,10.0,0.33,10.0,0.74,6.23,0.71,7.0,0.7,5.0,0.68,10.0,0.67,10.0,0.76,7.72,0.77,14.7,0.78,15.2,0.79,15.7,0.8,16.2,0.02,0.02,0.094279,1776159984000
1776159986.113,86.113,0.24,7.72,0.23,14.7,0.22,15.2,0.21,15.7,0.2,16.2,0.26,6.23,0.29,7.0,0.3,5.0,0.32,10.0,0.33,10.0,0.74,6.23,0.71,7.0,0.7,5.0,0.68,10.0,0.67,10.0,0.76,7.72,0.77,14.7,0.78,15.2,0.79,15.7,0.8,16.2,0.02,0.02,0.094279,1776159985000
1776159987.148,87.148,0.24,7.72,0.23,14.7,0.22,15.2,0.21,15.7,0.2,16.2,0.26,6.23,0.29,7.0,0.3,5.0,0.32,10.0,0.33,10.0,0.74,6.23,0.71,7.0,0.7,5.0,0.68,10.0,0.67,10.0,0.76,7.72,0.77,14.7,0.78,15.2,0.79,15.7,0.8,16.2,0.02,0.02,0.094278,1776159986000
1776159988.071,88.071,0.24,7.72,0.23,14.7,0.22,15.2,0.21,15.7,0.2,16.2,0.26,6.23,0.29,7.0,0.3,5.0,0.32,10.0,0.33,10.0,0.74,6.23,0.71,7.0,0.7,5.0,0.68,10.0,0.67,10.0,0.76,7.72,0.77,14.7,0.78,15.2,0.79,15.7,0.8,16.2,0.02,0.02,0.094278,1776159987000
1776159989.054,89.054,0.24,7.72,0.23,14.7,0.22,15.2,0.21,15.7,0.2,16.2,0.26,6.23,0.29,7.0,0.3,5.0,0.32,10.0,0.33,10.0,0.74,6.23,0.71,7.0,0.7,5.0,0.68,10.0,0.67,10.0,0.76,7.72,0.77,14.7,0.78,15.2,0.79,15.7,0.8,16.2,0.02,0.02,0.094277,1776159988000
1776159990.253,90.253,0.24,7.72,0.23,14.7,0.22,15.2,0.21,15.7,0.2,16.2,0.26,6.23,0.29,7.0,0.3,5.0,0.32,10.0,0.33,10.0,0.74,6.23,0.71,7.0,0.7,5.0,0.68,10.0,0.67,10.0,0.76,7.72,0.77,14.7,0.78,15.2,0.79,15.7,0.8,16.2,0.02,0.02,0.094277,1776159989000
1776159991.323,91.323,0.24,7.72,0.23,14.7,0.22,15.2,0.21,15.7,0.2,16.2,0.26,6.23,0.29,7.0,0.3,5.0,0.32,10.0,0.33,10.0,0.74,6.23,0.71,7.0,0.7,5.0,0.68,10.0,0.67,10.0,0.76,7.72,0.77,14.7,0.78,15.2,0.79,15.7,0.8,16.2,0.02,0.02,0.094279,1776159990000
1776159992.463,92.463,0.24,7.72,0.23,14.7,0.22,15.2,0.21,15.7,0.2,16.2,0.26,6.23,0.29,7.0,0.3,5.0,0.32,10.0,0.33,10.0,0.74,6.23,0.71,7.0,0.7,5.0,0.68,10.0,0.67,10.0,0.76,7.72,0.77,14.7,0.78,15.2,0.79,15.7,0.8,16.2,0.02,0.02,0.094279,1776159991000
1776159993.088,93.088,0.17,18.39,0.16,19.3,0.15,20.39,0.14,21.6,0.13,23.0,0.23,24.0,0.24,10.0,0.25,16.0,0.26,16.23,0.27,10.0,0.74,6.23,0.71,7.0,0.7,5.0,0.68,10.0,0.67,10.0,0.76,7.72,0.77,14.7,0.78,15.2,0.79,15.7,0.8,16.2,0.06,0.02,0.094279,1776159991000
1776159994.126,94.126,0.17,18.39,0.16,19.3,0.15,20.39,0.14,21.6,0.13,23.0,0.23,24.0,0.24,10.0,0.25,16.0,0.26,16.23,0.27,10.0,0.77,24.0,0.76,10.0,0.75,16.0,0.74,16.23,0.73,10.0,0.83,18.39,0.84,19.3,0.85,20.39,0.86,21.6,0.87,23.0,0.06,0.06,0.094279,1776159993000
1776159995.088,95.088,0.17,18.39,0.16,19.3,0.15,20.39,0.14,21.6,0.13,23.0,0.23,24.0,0.24,10.0,0.25,16.0,0.26,16.23,0.27,10.0,0.77,24.0,0.76,10.0,0.75,16.0,0.74,16.23,0.73,10.0,0.83,18.39,0.84,19.3,0.85,20.39,0.86,21.6,0.87,23.0,0.06,0.06,0.094275,1776159994000
1776159996.299,96.299,0.17,18.39,0.16,19.3,0.15,20.39,0.14,21.6,0.13,23.0,0.23,24.0,0.24,10.0,0.25,16.0,0.26,16.23,0.27,10.0,0.77,24.0,0.76,10.0,0.75,16.0,0.74,16.23,0.73,10.0,0.83,18.39,0.84,19.3,0.85,20.39,0.86,21.6,0.87,23.0,0.06,0.06,0.094282,1776159995000
1776159997.378,97.378,0.17,18.39,0.16,19.3,0.15,20.39,0.14,21.6,0.13,23.0,0.23,24.0,0.24,10.0,0.25,16.0,0.26,16.23,0.27,10.0,0.77,24.0,0.76,10.0,0.75,16.0,0.74,16.23,0.73,10.0,0.83,18.39,0.84,19.3,0.85,20.39,0.86,21.6,0.87,23.0,0.06,0.06,0.094282,1776159996000
1776159997.921,97.921,0.17,18.39,0.16,19.3,0.15,20.39,0.14,21.6,0.13,23.0,0.23,24.0,0.24,10.0,0.25,16.0,0.26,16.23,0.27,10.0,0.77,24.0,0.76,10.0,0.75,16.0,0.74,16.23,0.73,10.0,0.83,18.39,0.84,19.3,0.85,20.39,0.86,21.6,0.87,23.0,0.06,0.06,0.094282,1776159997000
1776159999.027,99.027,0.17,18.39,0.16,19.3,0.15,20.39,0.14,21.6,0.13,23.0,0.23,24.0,0.24,10.0,0.25,16.0,0.26,16.23,0.27,10.0,0.77,24.0,0.76,10.0,0.75,16.0,0.74,16.23,0.73,10.0,0.83,18.39,0.84,19.3,0.85,20.39,0.86,21.6,0.87,23.0,0.06,0.06,0.094282,1776159998000
1776160000.024,100.024,0.17,18.39,0.16,19.3,0.15,20.39,0.14,21.6,0.13,23.0,0.23,24.0,0.24,10.0,0.25,16.0,0.26,16.23,0.27,10.0,0.77,24.0,0.76,10.0,0.75,16.0,0.74,16.23,0.73,10.0,0.83,18.39,0.84,19.3,0.85,20.39,0.86,21.6,0.87,23.0,0.06,0.06,0.094282,1776159999000
1776160001.122,101.122,0.17,18.39,0.16,19.3,0.15,20.39,0.14,21.6,0.13,23.0,0.23,24.0,0.24,10.0,0.25,16.0,0.26,16.23,0.27,10.0,0.77,24.0,0.76,10.0,0.75,16.0,0.74,16.23,0.73,10.0,0.83,18.39,0.84,19.3,0.85,20.39,0.86,21.6,0.87,23.0,0.06,0.06,0.094282,1776160000000
1776160002.255,102.255,0.17,18.39,0.16,19.3,0.15,20.39,0.14,21.6,0.13,23.0,0.23,24.0,0.24,10.0,0.25,16.0,0.26,16.23,0.27,10.0,0.77,24.0,0.76,10.0,0.75,16.0,0.74,16.23,0.73,10.0,0.83,18.39,0.84,19.3,0.85,20.39,0.86,21.6,0.87,23.0,0.06,0.06,0.094281,1776160001000
1776160003.293,103.293,0.2,11.02,0.19,16.89,0.18,17.6,0.17,18.39,0.16,24.3,0.21,0.05,0.26,6.23,0.27,6.0,0.3,10.0,0.39,10.9,0.79,5.05,0.77,24.0,0.75,16.0,0.74,16.23,0.73,10.0,0.8,11.02,0.81,16.89,0.82,17.6,0.83,18.39,0.84,19.3,0.01,0.01,0.094281,1776160001000
1776160003.915,103.915,0.2,11.02,0.19,16.89,0.18,17.6,0.17,18.39,0.16,24.3,0.21,0.05,0.26,6.23,0.27,6.0,0.3,10.0,0.39,10.9,0.79,0.05,0.74,6.23,0.73,6.0,0.7,10.0,0.61,10.9,0.8,11.02,0.81,16.89,0.82,17.6,0.83,18.39,0.84,24.3,0.01,0.01,0.094282,1776160002000
1776160004.539,104.539,0.2,11.02,0.19,16.89,0.18,17.6,0.17,18.39,0.16,24.3,0.21,0.05,0.26,6.23,0.27,6.0,0.3,10.0,0.39,10.9,0.79,0.05,0.74,6.23,0.73,6.0,0.7,10.0,0.61,10.9,0.8,11.02,0.81,16.89,0.82,17.6,0.83,18.39,0.84,24.3,0.01,0.01,0.094282,1776160003000
1776160005.222,105.222,0.2,11.02,0.19,16.89,0.18,17.6,0.17,18.39,0.16,24.3,0.21,0.05,0.26,6.23,0.27,6.0,0.3,10.0,0.39,10.9,0.79,0.05,0.74,6.23,0.73,6.0,0.7,10.0,0.61,10.9,0.8,11.02,0.81,16.89,0.82,17.6,0.83,18.39,0.84,24.3,0.01,0.01,0.094288,1776160004000
1776160006.599,106.599,0.2,11.02,0.19,16.89,0.18,17.6,0.17,18.39,0.16,24.3,0.21,0.05,0.26,6.23,0.27,6.0,0.3,10.0,0.39,10.9,0.79,0.05,0.74,6.23,0.73,6.0,0.7,10.0,0.61,10.9,0.8,11.02,0.81,16.89,0.82,17.6,0.83,18.39,0.84,24.3,0.01,0.01,0.094291,1776160005000
1776160007.281,107.281,0.2,11.02,0.19,16.89,0.18,17.6,0.17,18.39,0.16,24.3,0.21,0.05,0.26,6.23,0.27,6.0,0.3,10.0,0.39,10.9,0.79,0.05,0.74,6.23,0.73,6.0,0.7,10.0,0.61,10.9,0.8,11.02,0.81,16.89,0.82,17.6,0.83,18.39,0.84,24.3,0.01,0.01,0.094291,1776160006000
1776160008.489,108.489,0.2,11.02,0.19,16.89,0.18,17.6,0.17,18.39,0.16,24.3,0.21,0.05,0.26,6.23,0.27,6.0,0.3,10.0,0.39,10.9,0.79,0.05,0.74,6.23,0.73,6.0,0.7,10.0,0.61,10.9,0.8,11.02,0.81,16.89,0.82,17.6,0.83,18.39,0.84,24.3,0.01,0.01,0.094292,1776160007000
1776160009.224,109.224,0.2,11.02,0.19,16.89,0.18,17.6,0.17,18.39,0.16,24.3,0.21,0.05,0.26,6.23,0.27,6.0,0.3,10.0,0.39,10.9,0.79,0.05,0.74,6.23,0.73,6.0,0.7,10.0,0.61,10.9,0.8,11.02,0.81,16.89,0.82,17.6,0.83,18.39,0.84,24.3,0.01,0.01,0.094292,1776160008000
1776160010.485,110.485,0.2,11.02,0.19,16.89,0.18,17.6,0.17,18.39,0.16,24.3,0.21,0.05,0.26,6.23,0.27,6.0,0.3,10.0,0.39,10.9,0.79,0.05,0.74,6.23,0.73,6.0,0.7,10.0,0.61,10.9,0.8,11.02,0.81,16.89,0.82,17.6,0.83,18.39,0.84,24.3,0.01,0.01,0.094292,1776160009000
1776160011.391,111.391,0.2,11.02,0.19,16.89,0.18,17.6,0.17,18.39,0.16,24.3,0.21,0.05,0.26,6.23,0.27,6.0,0.3,10.0,0.39,10.9,0.79,0.05,0.74,6.23,0.73,6.0,0.7,10.0,0.61,10.9,0.8,11.02,0.81,16.89,0.82,17.6,0.83,18.39,0.84,24.3,0.01,0.01,0.094291,1776160010000
1776160011.935,111.935,0.2,11.02,0.19,16.89,0.18,17.6,0.17,18.39,0.16,24.3,0.21,0.05,0.26,6.23,0.27,6.0,0.3,10.0,0.39,10.9,0.79,0.05,0.74,6.23,0.73,6.0,0.7,10.0,0.61,10.9,0.8,11.02,0.81,16.89,0.82,17.6,0.83,18.39,0.84,24.3,0.01,0.01,0.094291,1776160011000
1776160013.212,113.212,0.2,11.02,0.19,16.89,0.18,17.6,0.17,18.39,0.16,24.3,0.21,0.05,0.26,6.23,0.27,6.0,0.3,10.0,0.39,10.9,0.79,0.05,0.74,6.23,0.73,6.0,0.7,10.0,0.61,10.9,0.8,11.02,0.81,16.89,0.82,17.6,0.83,18.39,0.84,24.3,0.01,0.01,0.094291,1776160012000
1776160014.5,114.5,0.2,11.02,0.19,16.89,0.18,17.6,0.17,18.39,0.16,24.3,0.21,0.05,0.26,6.23,0.27,6.0,0.3,10.0,0.39,10.9,0.79,0.05,0.74,6.23,0.73,6.0,0.7,10.0,0.61,10.9,0.8,11.02,0.81,16.89,0.82,17.6,0.83,18.39,0.84,24.3,0.01,0.01,0.094292,1776160013000
1776160015.159,115.159,0.2,11.02,0.19,16.89,0.18,17.6,0.17,18.39,0.16,24.3,0.21,0.05,0.26,6.23,0.27,6.0,0.3,10.0,0.39,10.9,0.79,0.05,0.74,6.23,0.73,6.0,0.7,10.0,0.61,10.9,0.8,11.02,0.81,16.89,0.82,17.6,0.83,18.39,0.84,24.3,0.01,0.01,0.094292,1776160014000
1776160016.096,116.096,0.2,11.02,0.19,16.89,0.18,17.6,0.17,18.39,0.16,19.3,0.26,4.57,0.29,10.0,0.3,10.0,0.31,60.0,0.32,10.0,0.79,0.05,0.74,6.23,0.73,6.0,0.7,10.0,0.61,10.9,0.8,11.02,0.81,16.89,0.82,17.6,0.83,18.39,0.84,24.3,0.06,0.01,0.094292,1776160014000
1776160016.594,116.594,0.2,11.02,0.19,16.89,0.18,17.6,0.17,18.39,0.16,19.3,0.26,4.57,0.29,10.0,0.3,10.0,0.31,60.0,0.32,10.0,0.74,4.57,0.71,10.0,0.7,10.0,0.69,60.0,0.68,10.0,0.8,11.02,0.81,16.89,0.82,17.6,0.83,18.39,0.84,19.3,0.06,0.06,0.094294,1776160015000
1776160017.321,117.321,0.2,11.02,0.19,16.89,0.18,17.6,0.17,18.39,0.16,19.3,0.26,4.57,0.29,10.0,0.3,10.0,0.31,60.0,0.32,10.0,0.74,4.57,0.71,10.0,0.7,10.0,0.69,60.0,0.68,10.0,0.8,11.02,0.81,16.89,0.82,17.6,0.83,18.39,0.84,19.3,0.06,0.06,0.094293,1776160016000
1776160018.452,118.452,0.2,11.02,0.19,16.89,0.18,17.6,0.17,18.39,0.16,19.3,0.26,4.57,0.29,10.0,0.3,10.0,0.31,60.0,0.32,10.0,0.74,4.57,0.71,10.0,0.7,10.0,0.69,60.0,0.68,10.0,0.8,11.02,0.81,16.89,0.82,17.6,0.83,18.39,0.84,19.3,0.06,0.06,0.094292,1776160017000
1776160019.585,119.585,0.2,11.02,0.19,16.89,0.18,17.6,0.17,18.39,0.16,19.3,0.26,4.57,0.29,10.0,0.3,10.0,0.31,60.0,0.32,10.0,0.74,4.57,0.71,10.0,0.7,10.0,0.69,60.0,0.68,10.0,0.8,11.02,0.81,16.89,0.82,17.6,0.83,18.39,0.84,19.3,0.06,0.06,0.094286,1776160018000
1776160019.995,119.995,0.2,11.02,0.19,16.89,0.18,17.6,0.17,18.39,0.16,19.3,0.26,4.57,0.29,10.0,0.3,10.0,0.31,60.0,0.32,10.0,0.74,4.57,0.71,10.0,0.7,10.0,0.69,60.0,0.68,10.0,0.8,11.02,0.81,16.89,0.82,17.6,0.83,18.39,0.84,19.3,0.06,0.06,0.094284,1776160019000
1776160021.116,121.116,0.2,11.02,0.19,16.89,0.18,17.6,0.17,18.39,0.16,19.3,0.26,4.57,0.29,10.0,0.3,10.0,0.31,60.0,0.32,10.0,0.74,4.57,0.71,10.0,0.7,10.0,0.69,60.0,0.68,10.0,0.8,11.02,0.81,16.89,0.82,17.6,0.83,18.39,0.84,19.3,0.06,0.06,0.094284,1776160020000
1776160022.094,122.094,0.2,11.02,0.19,16.89,0.18,17.6,0.17,18.39,0.16,19.3,0.26,4.57,0.29,10.0,0.3,10.0,0.31,60.0,0.32,10.0,0.74,4.57,0.71,10.0,0.7,10.0,0.69,60.0,0.68,10.0,0.8,11.02,0.81,16.89,0.82,17.6,0.83,18.39,0.84,19.3,0.06,0.06,0.094284,1776160021000
1776160023.27,123.27,0.2,11.02,0.19,16.89,0.18,17.6,0.17,18.39,0.16,19.3,0.26,4.57,0.29,10.0,0.3,10.0,0.31,60.0,0.32,10.0,0.74,4.57,0.71,10.0,0.7,10.0,0.69,60.0,0.68,10.0,0.8,11.02,0.81,16.89,0.82,17.6,0.83,18.39,0.84,19.3,0.06,0.06,0.094282,1776160022000
1776160024.239,124.239,0.2,12.15,0.19,16.89,0.18,17.6,0.17,18.39,0.16,19.3,0.24,6.0,0.31,50.0,0.32,11.9,0.33,11.8,0.34,11.6,0.74,4.57,0.71,10.0,0.7,10.0,0.69,60.0,0.68,10.0,0.8,11.02,0.81,16.89,0.82,17.6,0.83,18.39,0.84,19.3,0.04,0.06,0.094282,1776160022000
1776160025.508,125.508,0.2,12.15,0.19,16.89,0.18,17.6,0.17,18.39,0.16,19.3,0.24,6.0,0.31,50.0,0.32,11.9,0.33,11.8,0.34,11.6,0.76,6.0,0.69,50.0,0.68,11.9,0.67,11.8,0.66,11.6,0.8,12.15,0.81,16.89,0.82,17.6,0.83,18.39,0.84,19.3,0.04,0.04,0.094287,1776160024000
1776160025.92,125.92,0.2,12.15,0.19,16.89,0.18,17.6,0.17,18.39,0.16,19.3,0.24,6.0,0.31,50.0,0.32,11.9,0.33,11.8,0.34,11.6,0.76,6.0,0.69,50.0,0.68,11.9,0.67,11.8,0.66,11.6,0.8,12.15,0.81,16.89,0.82,17.6,0.83,18.39,0.84,19.3,0.04,0.04,0.094286,1776160025000
1776160027.199,127.199,0.2,12.15,0.19,16.89,0.18,17.6,0.17,18.39,0.16,19.3,0.24,6.0,0.31,50.0,0.32,11.9,0.33,11.8,0.34,11.6,0.76,6.0,0.69,50.0,0.68,11.9,0.67,11.8,0.66,11.6,0.8,12.15,0.81,16.89,0.82,17.6,0.83,18.39,0.84,19.3,0.04,0.04,0.094286,1776160026000
1776160028.308,128.308,0.2,12.15,0.19,16.89,0.18,17.6,0.17,18.39,0.16,19.3,0.24,6.0,0.31,50.0,0.32,11.9,0.33,11.8,0.34,11.6,0.76,6.0,0.69,50.0,0.68,11.9,0.67,11.8,0.66,11.6,0.8,12.15,0.81,16.89,0.82,17.6,0.83,18.39,0.84,19.3,0.04,0.04,0.094286,1776160027000
1776160029.352,129.352,0.2,12.15,0.19,16.89,0.18,17.6,0.17,18.39,0.16,19.3,0.24,6.0,0.31,50.0,0.32,11.9,0.33,11.8,0.34,11.6,0.76,6.0,0.69,50.0,0.68,11.9,0.67,11.8,0.66,11.6,0.8,12.15,0.81,16.89,0.82,17.6,0.83,18.39,0.84,19.3,0.04,0.04,0.094287,1776160028000
1776160029.916,129.916,0.2,12.15,0.19,16.89,0.18,17.6,0.17,18.39,0.16,19.3,0.24,6.0,0.31,50.0,0.32,11.9,0.33,11.8,0.34,11.6,0.76,6.0,0.69,50.0,0.68,11.9,0.67,11.8,0.66,11.6,0.8,12.15,0.81,16.89,0.82,17.6,0.83,18.39,0.84,19.3,0.04,0.04,0.094287,1776160029000
1776160030.931,130.931,0.2,12.15,0.19,16.89,0.18,17.6,0.17,18.39,0.16,19.3,0.24,6.0,0.31,50.0,0.32,11.9,0.33,11.8,0.34,11.6,0.76,6.0,0.69,50.0,0.68,11.9,0.67,11.8,0.66,11.6,0.8,12.15,0.81,16.89,0.82,17.6,0.83,18.39,0.84,19.3,0.04,0.04,0.094285,1776160030000
1776160032.013,132.013,0.2,12.15,0.19,16.89,0.18,17.6,0.17,18.39,0.16,19.3,0.24,6.0,0.31,50.0,0.32,11.9,0.33,11.8,0.34,11.6,0.76,6.0,0.69,50.0,0.68,11.9,0.67,11.8,0.66,11.6,0.8,12.15,0.81,16.89,0.82,17.6,0.83,18.39,0.84,19.3,0.04,0.04,0.094285,1776160031000
1776160033.391,133.391,0.18,17.6,0.17,18.39,0.16,19.3,0.15,20.39,0.14,21.6,0.21,1.0,0.3,12.4,0.31,72.2,0.32,11.9,0.33,11.8,0.76,6.0,0.69,50.0,0.68,11.9,0.67,11.8,0.66,11.6,0.8,12.15,0.81,16.89,0.82,17.6,0.83,18.39,0.84,19.3,0.03,0.04,0.094285,1776160031000
1776160033.915,133.915,0.18,17.6,0.17,18.39,0.16,19.3,0.15,20.39,0.14,21.6,0.21,1.0,0.3,12.4,0.31,72.2,0.32,11.9,0.33,11.8,0.79,1.0,0.7,12.4,0.69,72.2,0.68,11.9,0.67,11.8,0.82,17.6,0.83,18.39,0.84,19.3,0.85,20.39,0.86,21.6,0.03,0.03,0.094285,1776160032000
1776160034.563,134.563,0.18,17.6,0.17,18.39,0.16,19.3,0.15,20.39,0.14,21.6,0.21,1.0,0.3,12.4,0.31,72.2,0.32,11.9,0.33,11.8,0.79,1.0,0.7,12.4,0.69,72.2,0.68,11.9,0.67,11.8,0.82,17.6,0.83,18.39,0.84,19.3,0.85,20.39,0.86,21.6,0.03,0.03,0.094282,1776160033000
1776160035.02,135.02,0.18,17.6,0.17,18.39,0.16,19.3,0.15,20.39,0.14,21.6,0.21,1.0,0.3,12.4,0.31,72.2,0.32,11.9,0.33,11.8,0.79,1.0,0.7,12.4,0.69,72.2,0.68,11.9,0.67,11.8,0.82,17.6,0.83,18.39,0.84,19.3,0.85,20.39,0.86,21.6,0.03,0.03,0.094281,1776160034000
1776160035.277,135.277,0.18,17.6,0.17,18.39,0.16,19.3,0.15,20.39,0.14,21.6,0.29,12.6,0.3,12.4,0.31,62.2,0.32,11.9,0.33,21.8,0.79,1.0,0.7,12.4,0.69,72.2,0.68,11.9,0.67,11.8,0.82,17.6,0.83,18.39,0.84,19.3,0.85,20.39,0.86,21.6,0.11,0.03,0.094281,1776160034000
1776160036.139,136.139,0.18,17.6,0.17,18.39,0.16,19.3,0.15,20.39,0.14,21.6,0.29,12.6,0.3,12.4,0.31,62.2,0.32,11.9,0.33,21.8,0.71,12.6,0.7,12.4,0.69,62.2,0.68,11.9,0.67,21.8,0.82,17.6,0.83,18.39,0.84,19.3,0.85,20.39,0.86,21.6,0.11,0.11,0.094285,1776160035000
1776160037.274,137.274,0.18,17.6,0.17,18.39,0.16,19.3,0.15,20.39,0.14,21.6,0.29,12.6,0.3,12.4,0.31,62.2,0.32,11.9,0.33,21.8,0.71,12.6,0.7,12.4,0.69,62.2,0.68,11.9,0.67,21.8,0.82,17.6,0.83,18.39,0.84,19.3,0.85,20.39,0.86,21.6,0.11,0.11,0.094285,1776160036000
1776160038.27,138.27,0.18,17.6,0.17,18.39,0.16,19.3,0.15,20.39,0.14,21.6,0.29,12.6,0.3,12.4,0.31,62.2,0.32,11.9,0.33,21.8,0.71,12.6,0.7,12.4,0.69,62.2,0.68,11.9,0.67,21.8,0.82,17.6,0.83,18.39,0.84,19.3,0.85,20.39,0.86,21.6,0.11,0.11,0.094285,1776160037000
1776160039.28,139.28,0.18,17.6,0.17,18.39,0.16,19.3,0.15,20.39,0.14,21.6,0.29,12.6,0.3,12.4,0.31,62.2,0.32,11.9,0.33,21.8,0.71,12.6,0.7,12.4,0.69,62.2,0.68,11.9,0.67,21.8,0.82,17.6,0.83,18.39,0.84,19.3,0.85,20.39,0.86,21.6,0.11,0.11,0.094285,1776160038000
1776160040.428,140.428,0.18,17.6,0.17,18.39,0.16,19.3,0.15,20.39,0.14,21.6,0.29,12.6,0.3,12.4,0.31,62.2,0.32,11.9,0.33,21.8,0.71,12.6,0.7,12.4,0.69,62.2,0.68,11.9,0.67,21.8,0.82,17.6,0.83,18.39,0.84,19.3,0.85,20.39,0.86,21.6,0.11,0.11,0.094285,1776160039000
1776160040.941,140.941,0.18,17.6,0.17,18.39,0.16,19.3,0.15,20.39,0.14,21.6,0.29,12.6,0.3,12.4,0.31,62.2,0.32,11.9,0.33,21.8,0.71,12.6,0.7,12.4,0.69,62.2,0.68,11.9,0.67,21.8,0.82,17.6,0.83,18.39,0.84,19.3,0.85,20.39,0.86,21.6,0.11,0.11,0.094285,1776160040000
1776160042.264,142.264,0.18,17.6,0.17,18.39,0.16,19.3,0.15,20.39,0.14,21.6,0.29,12.6,0.3,12.4,0.31,62.2,0.32,11.9,0.33,21.8,0.71,12.6,0.7,12.4,0.69,62.2,0.68,11.9,0.67,21.8,0.82,17.6,0.83,18.39,0.84,19.3,0.85,20.39,0.86,21.6,0.11,0.11,0.094281,1776160041000
1776160042.792,142.792,0.15,20.39,0.14,21.6,0.13,23.0,0.12,24.6,0.11,26.6,0.18,1.0,0.26,13.5,0.27,13.2,0.28,12.9,0.29,36.6,0.71,12.6,0.7,12.4,0.69,62.2,0.68,11.9,0.67,21.8,0.82,17.6,0.83,18.39,0.84,19.3,0.85,20.39,0.86,21.6,0.03,0.11,0.094281,1776160041000
1776160043.296,143.296,0.15,20.39,0.14,21.6,0.13,23.0,0.12,24.6,0.11,26.6,0.18,1.0,0.26,13.5,0.27,13.2,0.28,12.9,0.29,36.6,0.82,1.0,0.74,13.5,0.73,13.2,0.72,12.9,0.71,36.6,0.85,20.39,0.86,21.6,0.87,23.0,0.88,24.6,0.89,26.6,0.03,0.03,0.094281,1776160042000
1776160044.134,144.134,0.15,20.39,0.14,21.6,0.13,23.0,0.12,24.6,0.11,26.6,0.18,1.0,0.26,13.5,0.27,13.2,0.28,12.9,0.29,36.6,0.82,1.0,0.74,13.5,0.73,13.2,0.72,12.9,0.71,36.6,0.85,20.39,0.86,21.6,0.87,23.0,0.88,24.6,0.89,26.6,0.03,0.03,0.094281,1776160043000
1776160045.286,145.286,0.15,20.39,0.14,21.6,0.13,23.0,0.12,24.6,0.11,26.6,0.18,1.0,0.26,13.5,0.27,13.2,0.28,12.9,0.29,36.6,0.82,1.0,0.74,13.5,0.73,13.2,0.72,12.9,0.71,36.6,0.85,20.39,0.86,21.6,0.87,23.0,0.88,24.6,0.89,26.6,0.03,0.03,0.094283,1776160044000
1776160046.018,146.018,0.15,20.39,0.14,21.6,0.13,23.0,0.12,24.6,0.11,26.6,0.18,1.0,0.26,13.5,0.27,13.2,0.28,12.9,0.29,36.6,0.82,1.0,0.74,13.5,0.73,13.2,0.72,12.9,0.71,36.6,0.85,20.39,0.86,21.6,0.87,23.0,0.88,24.6,0.89,26.6,0.03,0.03,0.094283,1776160045000
1776160047.184,147.184,0.15,20.39,0.14,21.6,0.13,23.0,0.12,24.6,0.11,26.6,0.18,1.0,0.26,13.5,0.27,13.2,0.28,12.9,0.29,36.6,0.82,1.0,0.74,13.5,0.73,13.2,0.72,12.9,0.71,36.6,0.85,20.39,0.86,21.6,0.87,23.0,0.88,24.6,0.89,26.6,0.03,0.03,0.094283,1776160046000
1776160047.899,147.899,0.15,20.39,0.14,21.6,0.13,23.0,0.12,24.6,0.11,26.6,0.18,1.0,0.26,13.5,0.27,13.2,0.28,12.9,0.29,36.6,0.82,1.0,0.74,13.5,0.73,13.2,0.72,12.9,0.71,36.6,0.85,20.39,0.86,21.6,0.87,23.0,0.88,24.6,0.89,26.6,0.03,0.03,0.094283,1776160047000
1776160049.256,149.256,0.15,20.39,0.14,21.6,0.13,23.0,0.12,24.6,0.11,26.6,0.18,1.0,0.26,13.5,0.27,13.2,0.28,12.9,0.29,36.6,0.82,1.0,0.74,13.5,0.73,13.2,0.72,12.9,0.71,36.6,0.85,20.39,0.86,21.6,0.87,23.0,0.88,24.6,0.89,26.6,0.03,0.03,0.094283,1776160048000
1776160050.179,150.179,0.15,20.39,0.14,21.6,0.13,23.0,0.12,24.6,0.11,26.6,0.18,1.0,0.26,13.5,0.27,13.2,0.28,12.9,0.29,36.6,0.82,1.0,0.74,13.5,0.73,13.2,0.72,12.9,0.71,36.6,0.85,20.39,0.86,21.6,0.87,23.0,0.88,24.6,0.89,26.6,0.03,0.03,0.094283,1776160049000
1776160051.014,151.014,0.17,12.76,0.16,19.3,0.15,20.39,0.14,21.6,0.13,23.0,0.18,1.0,0.28,12.9,0.29,36.6,0.3,12.4,0.31,72.2,0.82,1.0,0.74,13.5,0.73,13.2,0.72,12.9,0.71,36.6,0.85,20.39,0.86,21.6,0.87,23.0,0.88,24.6,0.89,26.6,0.01,0.03,0.094283,1776160049000
1776160052.198,152.198,0.17,12.76,0.16,19.3,0.15,20.39,0.14,21.6,0.13,23.0,0.18,1.0,0.28,12.9,0.29,36.6,0.3,12.4,0.31,72.2,0.82,1.0,0.72,12.9,0.71,36.6,0.7,12.4,0.69,72.2,0.83,12.76,0.84,19.3,0.85,20.39,0.86,21.6,0.87,23.0,0.01,0.01,0.094283,1776160051000
1776160053.139,153.139,0.17,12.76,0.16,19.3,0.15,20.39,0.14,21.6,0.13,23.0,0.18,1.0,0.28,12.9,0.29,36.6,0.3,12.4,0.31,72.2,0.82,1.0,0.72,12.9,0.71,36.6,0.7,12.4,0.69,72.2,0.83,12.76,0.84,19.3,0.85,20.39,0.86,21.6,0.87,23.0,0.01,0.01,0.094288,1776160052000
1776160054.077,154.077,0.17,12.76,0.16,19.3,0.15,20.39,0.14,21.6,0.13,23.0,0.18,1.0,0.28,12.9,0.29,36.6,0.3,12.4,0.31,72.2,0.82,1.0,0.72,12.9,0.71,36.6,0.7,12.4,0.69,72.2,0.83,12.76,0.84,19.3,0.85,20.39,0.86,21.6,0.87,23.0,0.01,0.01,0.094288,1776160053000
1776160054.974,154.974,0.17,12.76,0.16,19.3,0.15,20.39,0.14,21.6,0.13,23.0,0.18,1.0,0.28,12.9,0.29,36.6,0.3,12.4,0.31,72.2,0.82,1.0,0.72,12.9,0.71,36.6,0.7,12.4,0.69,72.2,0.83,12.76,0.84,19.3,0.85,20.39,0.86,21.6,0.87,23.0,0.01,0.01,0.094283,1776160054000
1776160055.98,155.98,0.17,12.76,0.16,19.3,0.15,20.39,0.14,21.6,0.13,23.0,0.18,1.0,0.28,12.9,0.29,36.6,0.3,12.4,0.31,72.2,0.82,1.0,0.72,12.9,0.71,36.6,0.7,12.4,0.69,72.2,0.83,12.76,0.84,19.3,0.85,20.39,0.86,21.6,0.87,23.0,0.01,0.01,0.094283,1776160055000
1776160056.945,156.945,0.17,12.76,0.16,19.3,0.15,20.39,0.14,21.6,0.13,23.0,0.18,1.0,0.28,12.9,0.29,36.6,0.3,12.4,0.31,72.2,0.82,1.0,0.72,12.9,0.71,36.6,0.7,12.4,0.69,72.2,0.83,12.76,0.84,19.3,0.85,20.39,0.86,21.6,0.87,23.0,0.01,0.01,0.094283,1776160056000
1776160057.956,157.956,0.17,12.76,0.16,19.3,0.15,20.39,0.14,21.6,0.13,23.0,0.18,1.0,0.28,12.9,0.29,36.6,0.3,12.4,0.31,72.2,0.82,1.0,0.72,12.9,0.71,36.6,0.7,12.4,0.69,72.2,0.83,12.76,0.84,19.3,0.85,20.39,0.86,21.6,0.87,23.0,0.01,0.01,0.094283,1776160057000
1776160058.889,158.889,0.17,12.76,0.16,19.3,0.15,20.39,0.14,21.6,0.13,23.0,0.18,1.0,0.28,12.9,0.29,36.6,0.3,12.4,0.31,72.2,0.82,1.0,0.72,12.9,0.71,36.6,0.7,12.4,0.69,72.2,0.83,12.76,0.84,19.3,0.85,20.39,0.86,21.6,0.87,23.0,0.01,0.01,0.094278,1776160058000
1776160059.888,159.888,0.17,12.76,0.16,19.3,0.15,20.39,0.14,21.6,0.13,23.0,0.18,1.0,0.28,12.9,0.29,36.6,0.3,12.4,0.31,72.2,0.82,1.0,0.72,12.9,0.71,36.6,0.7,12.4,0.69,72.2,0.83,12.76,0.84,19.3,0.85,20.39,0.86,21.6,0.87,23.0,0.01,0.01,0.094277,1776160059000
1776160061.341,161.341,0.17,12.76,0.16,19.3,0.15,20.39,0.14,21.6,0.13,23.0,0.18,1.0,0.28,12.9,0.29,36.6,0.3,12.4,0.31,72.2,0.82,1.0,0.72,12.9,0.71,36.6,0.7,12.4,0.69,72.2,0.83,12.76,0.84,19.3,0.85,20.39,0.86,21.6,0.87,23.0,0.01,0.01,0.094279,1776160060000
1776160062.244,162.244,0.17,12.76,0.16,19.3,0.15,20.39,0.14,21.6,0.13,23.0,0.18,1.0,0.28,12.9,0.29,36.6,0.3,12.4,0.31,72.2,0.82,1.0,0.72,12.9,0.71,36.6,0.7,12.4,0.69,72.2,0.83,12.76,0.84,19.3,0.85,20.39,0.86,21.6,0.87,23.0,0.01,0.01,0.094279,1776160061000
1776160063.246,163.246,0.17,12.76,0.16,19.3,0.15,20.39,0.14,21.6,0.13,23.0,0.18,1.0,0.28,12.9,0.29,36.6,0.3,12.4,0.31,72.2,0.82,1.0,0.72,12.9,0.71,36.6,0.7,12.4,0.69,72.2,0.83,12.76,0.84,19.3,0.85,20.39,0.86,21.6,0.87,23.0,0.01,0.01,0.094279,1776160062000
1776160064.165,164.165,0.17,12.76,0.16,19.3,0.15,20.39,0.14,21.6,0.13,23.0,0.18,1.0,0.28,12.9,0.29,36.6,0.3,12.4,0.31,72.2,0.82,1.0,0.72,12.9,0.71,36.6,0.7,12.4,0.69,72.2,0.83,12.76,0.84,19.3,0.85,20.39,0.86,21.6,0.87,23.0,0.01,0.01,0.094279,1776160063000
1776160065.161,165.161,0.17,12.76,0.16,19.3,0.15,20.39,0.14,21.6,0.13,23.0,0.18,1.0,0.28,12.9,0.29,36.6,0.3,12.4,0.31,72.2,0.82,1.0,0.72,12.9,0.71,36.6,0.7,12.4,0.69,72.2,0.83,12.76,0.84,19.3,0.85,20.39,0.86,21.6,0.87,23.0,0.01,0.01,0.094279,1776160064000
1776160066.075,166.075,0.17,12.76,0.16,19.3,0.15,20.39,0.14,21.6,0.13,23.0,0.18,1.0,0.28,12.9,0.29,36.6,0.3,12.4,0.31,72.2,0.82,1.0,0.72,12.9,0.71,36.6,0.7,12.4,0.69,72.2,0.83,12.76,0.84,19.3,0.85,20.39,0.86,21.6,0.87,23.0,0.01,0.01,0.094278,1776160065000
1776160067.069,167.069,0.17,12.76,0.16,19.3,0.15,20.39,0.14,21.6,0.13,23.0,0.18,1.0,0.28,12.9,0.29,36.6,0.3,12.4,0.31,72.2,0.82,1.0,0.72,12.9,0.71,36.6,0.7,12.4,0.69,72.2,0.83,12.76,0.84,19.3,0.85,20.39,0.86,21.6,0.87,23.0,0.01,0.01,0.094279,1776160066000
1776160068.04,168.04,0.17,12.76,0.16,19.3,0.15,20.39,0.14,21.6,0.13,23.0,0.18,1.0,0.28,12.9,0.29,36.6,0.3,12.4,0.31,72.2,0.82,1.0,0.72,12.9,0.71,36.6,0.7,12.4,0.69,72.2,0.83,12.76,0.84,19.3,0.85,20.39,0.86,21.6,0.87,23.0,0.01,0.01,0.094283,1776160067000
1776160068.939,168.939,0.17,12.76,0.16,19.3,0.15,20.39,0.14,21.6,0.13,23.0,0.18,1.0,0.28,12.9,0.29,36.6,0.3,12.4,0.31,72.2,0.82,1.0,0.72,12.9,0.71,36.6,0.7,12.4,0.69,72.2,0.83,12.76,0.84,19.3,0.85,20.39,0.86,21.6,0.87,23.0,0.01,0.01,0.094283,1776160068000
1776160069.922,169.922,0.17,12.76,0.16,19.3,0.15,20.39,0.14,21.6,0.13,23.0,0.18,1.0,0.28,12.9,0.29,36.6,0.3,12.4,0.31,72.2,0.82,1.0,0.72,12.9,0.71,36.6,0.7,12.4,0.69,72.2,0.83,12.76,0.84,19.3,0.85,20.39,0.86,21.6,0.87,23.0,0.01,0.01,0.094283,1776160069000
1776160070.855,170.855,0.17,12.76,0.16,19.3,0.15,20.39,0.14,21.6,0.13,23.0,0.18,1.0,0.28,12.9,0.29,36.6,0.3,12.4,0.31,72.2,0.82,1.0,0.72,12.9,0.71,36.6,0.7,12.4,0.69,72.2,0.83,12.76,0.84,19.3,0.85,20.39,0.86,21.6,0.87,23.0,0.01,0.01,0.094283,1776160070000
1776160071.867,171.867,0.17,12.76,0.16,19.3,0.15,20.39,0.14,21.6,0.13,23.0,0.18,1.0,0.28,12.9,0.29,36.6,0.3,12.4,0.31,72.2,0.82,1.0,0.72,12.9,0.71,36.6,0.7,12.4,0.69,72.2,0.83,12.76,0.84,19.3,0.85,20.39,0.86,21.6,0.87,23.0,0.01,0.01,0.094283,1776160071000
1776160072.811,172.811,0.17,12.76,0.16,19.3,0.15,20.39,0.14,21.6,0.13,23.0,0.18,1.0,0.28,12.9,0.29,36.6,0.3,12.4,0.31,72.2,0.82,1.0,0.72,12.9,0.71,36.6,0.7,12.4,0.69,72.2,0.83,12.76,0.84,19.3,0.85,20.39,0.86,21.6,0.87,23.0,0.01,0.01,0.094283,1776160072000
1776160074.956,174.956,0.17,12.76,0.16,19.3,0.15,20.39,0.14,21.6,0.13,23.0,0.18,1.0,0.28,12.9,0.29,36.6,0.3,12.4,0.31,72.2,0.82,1.0,0.72,12.9,0.71,36.6,0.7,12.4,0.69,72.2,0.83,12.76,0.84,19.3,0.85,20.39,0.86,21.6,0.87,23.0,0.01,0.01,0.094277,1776160073000
1776160075.621,175.621,0.17,12.76,0.16,19.3,0.15,20.39,0.14,21.6,0.13,23.0,0.18,1.0,0.28,12.9,0.29,36.6,0.3,12.4,0.31,72.2,0.82,1.0,0.72,12.9,0.71,36.6,0.7,12.4,0.69,72.2,0.83,12.76,0.84,19.3,0.85,20.39,0.86,21.6,0.87,23.0,0.01,0.01,0.094278,1776160074000
1776160076.223,176.223,0.17,12.76,0.16,19.3,0.15,20.39,0.14,21.6,0.13,23.0,0.18,1.0,0.28,12.9,0.29,36.6,0.3,12.4,0.31,72.2,0.82,1.0,0.72,12.9,0.71,36.6,0.7,12.4,0.69,72.2,0.83,12.76,0.84,19.3,0.85,20.39,0.86,21.6,0.87,23.0,0.01,0.01,0.094277,1776160075000
1776160077.598,177.598,0.17,12.76,0.16,19.3,0.15,20.39,0.14,21.6,0.13,23.0,0.18,1.0,0.28,12.9,0.29,36.6,0.3,12.4,0.31,72.2,0.82,1.0,0.72,12.9,0.71,36.6,0.7,12.4,0.69,72.2,0.83,12.76,0.84,19.3,0.85,20.39,0.86,21.6,0.87,23.0,0.01,0.01,0.094278,1776160076000
1776160078.38,178.38,0.17,12.76,0.16,19.3,0.15,20.39,0.14,21.6,0.13,23.0,0.18,1.0,0.28,12.9,0.29,36.6,0.3,12.4,0.31,72.2,0.82,1.0,0.72,12.9,0.71,36.6,0.7,12.4,0.69,72.2,0.83,12.76,0.84,19.3,0.85,20.39,0.86,21.6,0.87,23.0,0.01,0.01,0.094278,1776160077000
1776160079.078,179.078,0.17,12.76,0.16,19.3,0.15,20.39,0.14,21.6,0.13,23.0,0.18,1.0,0.28,12.9,0.29,36.6,0.3,12.4,0.31,72.2,0.82,1.0,0.72,12.9,0.71,36.6,0.7,12.4,0.69,72.2,0.83,12.76,0.84,19.3,0.85,20.39,0.86,21.6,0.87,23.0,0.01,0.01,0.094278,1776160078000
1776160080.303,180.303,0.17,12.76,0.16,19.3,0.15,20.39,0.14,21.6,0.13,23.0,0.18,1.0,0.28,12.9,0.29,36.6,0.3,12.4,0.31,72.2,0.82,1.0,0.72,12.9,0.71,36.6,0.7,12.4,0.69,72.2,0.83,12.76,0.84,19.3,0.85,20.39,0.86,21.6,0.87,23.0,0.01,0.01,0.094278,1776160079000
1776160081.534,181.534,0.17,12.76,0.16,19.3,0.15,20.39,0.14,21.6,0.13,23.0,0.18,1.0,0.28,12.9,0.29,36.6,0.3,12.4,0.31,72.2,0.82,1.0,0.72,12.9,0.71,36.6,0.7,12.4,0.69,72.2,0.83,12.76,0.84,19.3,0.85,20.39,0.86,21.6,0.87,23.0,0.01,0.01,0.094278,1776160080000
1776160081.989,181.989,0.14,21.6,0.13,28.0,0.12,24.6,0.11,26.6,0.1,28.9,0.18,0.05,0.2,6.0,0.27,23.0,0.29,12.6,0.3,12.4,0.82,1.0,0.72,12.9,0.71,36.6,0.7,12.4,0.69,72.2,0.83,12.76,0.84,19.3,0.85,20.39,0.86,21.6,0.87,23.0,0.04,0.01,0.094278,1776160080000
1776160082.228,182.228,0.14,21.6,0.13,28.0,0.12,24.6,0.11,26.6,0.1,28.9,0.18,0.05,0.2,6.0,0.27,23.0,0.29,12.6,0.3,12.4,0.82,0.05,0.8,6.0,0.73,23.0,0.71,12.6,0.7,12.4,0.86,21.6,0.87,28.0,0.88,24.6,0.89,26.6,0.9,28.9,0.04,0.04,0.094278,1776160081000
1776160083.316,183.316,0.14,21.6,0.13,28.0,0.12,24.6,0.11,26.6,0.1,28.9,0.18,0.05,0.2,6.0,0.27,23.0,0.29,12.6,0.3,12.4,0.82,0.05,0.8,6.0,0.73,23.0,0.71,12.6,0.7,12.4,0.86,21.6,0.87,28.0,0.88,24.6,0.89,26.6,0.9,28.9,0.04,0.04,0.094289,1776160082000
1776160083.931,183.931,0.14,21.6,0.13,28.0,0.12,24.6,0.11,26.6,0.1,28.9,0.18,0.05,0.2,6.0,0.27,23.0,0.29,12.6,0.3,12.4,0.82,0.05,0.8,6.0,0.73,23.0,0.71,12.6,0.7,12.4,0.86,21.6,0.87,28.0,0.88,24.6,0.89,26.6,0.9,28.9,0.04,0.04,0.094289,1776160083000
1776160084.992,184.992,0.16,16.91,0.15,20.39,0.14,21.6,0.13,28.0,0.12,24.6,0.18,0.05,0.2,6.0,0.22,5.13,0.27,13.2,0.28,12.9,0.82,0.05,0.8,6.0,0.73,23.0,0.71,12.6,0.7,12.4,0.86,21.6,0.87,28.0,0.88,24.6,0.89,26.6,0.9,28.9,0.02,0.04,0.094289,1776160083000
1776160085.558,185.558,0.16,16.91,0.15,20.39,0.14,21.6,0.13,28.0,0.12,24.6,0.18,0.05,0.2,6.0,0.21,5.07,0.27,13.2,0.28,12.9,0.82,0.05,0.8,6.0,0.78,5.13,0.73,13.2,0.72,12.9,0.84,16.91,0.85,20.39,0.86,21.6,0.87,28.0,0.88,24.6,0.02,0.02,0.09429,1776160084000
1776160086.364,186.364,0.16,16.91,0.15,20.39,0.14,21.6,0.13,28.0,0.12,24.6,0.18,0.05,0.2,6.0,0.21,5.07,0.27,13.2,0.28,12.9,0.82,0.05,0.8,6.0,0.79,5.07,0.73,13.2,0.72,12.9,0.84,16.91,0.85,20.39,0.86,21.6,0.87,28.0,0.88,24.6,0.02,0.02,0.094291,1776160085000
1776160087.04,187.04,0.16,16.91,0.15,20.39,0.14,21.6,0.13,28.0,0.12,24.6,0.18,0.05,0.2,6.0,0.21,5.07,0.27,13.2,0.28,12.9,0.82,0.05,0.8,6.0,0.79,5.07,0.73,13.2,0.72,12.9,0.84,16.91,0.85,20.39,0.86,21.6,0.87,28.0,0.88,24.6,0.02,0.02,0.094292,1776160086000
1776160088.276,188.276,0.16,16.91,0.15,20.39,0.14,21.6,0.13,28.0,0.12,24.6,0.18,0.05,0.2,6.0,0.21,5.07,0.27,13.2,0.28,12.9,0.82,0.05,0.8,6.0,0.79,5.07,0.73,13.2,0.72,12.9,0.84,16.91,0.85,20.39,0.86,21.6,0.87,28.0,0.88,24.6,0.02,0.02,0.094282,1776160087000
1776160089.52,189.52,0.16,16.91,0.15,20.39,0.14,21.6,0.13,28.0,0.12,24.6,0.18,0.05,0.2,6.0,0.21,5.07,0.27,13.2,0.28,12.9,0.82,0.05,0.8,6.0,0.79,5.07,0.73,13.2,0.72,12.9,0.84,16.91,0.85,20.39,0.86,21.6,0.87,28.0,0.88,24.6,0.02,0.02,0.09428,1776160088000
1776160090.572,190.572,0.16,16.91,0.15,20.39,0.14,21.6,0.13,28.0,0.12,24.6,0.18,0.05,0.2,6.0,0.21,5.07,0.27,13.2,0.28,12.9,0.82,0.05,0.8,6.0,0.79,5.07,0.73,13.2,0.72,12.9,0.84,16.91,0.85,20.39,0.86,21.6,0.87,28.0,0.88,24.6,0.02,0.02,0.09428,1776160089000
1776160091.41,191.41,0.16,16.91,0.15,20.39,0.14,21.6,0.13,28.0,0.12,24.6,0.18,0.05,0.2,6.0,0.21,5.07,0.27,13.2,0.28,12.9,0.82,0.05,0.8,6.0,0.79,5.07,0.73,13.2,0.72,12.9,0.84,16.91,0.85,20.39,0.86,21.6,0.87,28.0,0.88,24.6,0.02,0.02,0.09428,1776160090000
1776160091.97,191.97,0.16,16.91,0.15,20.39,0.14,21.6,0.13,28.0,0.12,24.6,0.18,0.05,0.2,6.0,0.21,5.07,0.27,13.2,0.28,12.9,0.82,0.05,0.8,6.0,0.79,5.07,0.73,13.2,0.72,12.9,0.84,16.91,0.85,20.39,0.86,21.6,0.87,28.0,0.88,24.6,0.02,0.02,0.09428,1776160091000
1776160093.225,193.225,0.16,16.91,0.15,20.39,0.14,21.6,0.13,28.0,0.12,24.6,0.18,0.05,0.2,6.0,0.21,5.07,0.27,13.2,0.28,12.9,0.82,0.05,0.8,6.0,0.79,5.07,0.73,13.2,0.72,12.9,0.84,16.91,0.85,20.39,0.86,21.6,0.87,28.0,0.88,24.6,0.02,0.02,0.09428,1776160092000
1776160094.33,194.33,0.16,16.91,0.15,20.39,0.14,21.6,0.13,28.0,0.12,24.6,0.18,0.05,0.2,6.0,0.21,5.07,0.27,13.2,0.28,12.9,0.82,0.05,0.8,6.0,0.79,5.07,0.73,13.2,0.72,12.9,0.84,16.91,0.85,20.39,0.86,21.6,0.87,28.0,0.88,24.6,0.02,0.02,0.09428,1776160093000
1776160095.058,195.058,0.16,16.91,0.15,20.39,0.14,21.6,0.13,28.0,0.12,24.6,0.18,0.05,0.2,6.0,0.21,5.07,0.27,13.2,0.28,12.9,0.82,0.05,0.8,6.0,0.79,5.07,0.73,13.2,0.72,12.9,0.84,16.91,0.85,20.39,0.86,21.6,0.87,28.0,0.88,24.6,0.02,0.02,0.09428,1776160094000
1776160095.434,195.434,0.09,31.7,0.08,35.29,0.07,39.9,0.06,46.1,0.05,59.7,0.18,37.65,0.19,16.89,0.2,27.3,0.21,65.7,0.22,15.2,0.82,0.05,0.8,6.0,0.79,5.07,0.73,13.2,0.72,12.9,0.84,16.91,0.85,20.39,0.86,21.6,0.87,28.0,0.88,24.6,0.09,0.02,0.09428,1776160094000
1776160096.151,196.151,0.09,31.7,0.08,35.29,0.07,39.9,0.06,46.1,0.05,59.7,0.18,37.65,0.19,16.89,0.2,27.3,0.21,65.7,0.22,15.2,0.82,37.65,0.81,16.89,0.8,27.3,0.79,65.7,0.78,15.2,0.91,31.7,0.92,35.29,0.93,39.9,0.94,46.1,0.95,59.7,0.09,0.09,0.094281,1776160095000
1776160097.31,197.31,0.09,31.7,0.08,35.29,0.07,39.9,0.06,46.1,0.05,59.7,0.18,37.65,0.19,16.89,0.2,27.3,0.21,65.7,0.22,15.2,0.82,37.65,0.81,16.89,0.8,27.3,0.79,65.7,0.78,15.2,0.91,31.7,0.92,35.29,0.93,39.9,0.94,46.1,0.95,59.7,0.09,0.09,0.094281,1776160096000
1776160098.459,198.459,0.09,31.7,0.08,35.29,0.07,39.9,0.06,46.1,0.05,59.7,0.18,37.65,0.19,16.89,0.2,27.3,0.21,65.7,0.22,15.2,0.82,37.65,0.81,16.89,0.8,27.3,0.79,65.7,0.78,15.2,0.91,31.7,0.92,35.29,0.93,39.9,0.94,46.1,0.95,59.7,0.09,0.09,0.094277,1776160097000
1776160099.067,199.067,0.09,31.7,0.08,35.29,0.07,39.9,0.06,46.1,0.05,59.7,0.18,37.65,0.19,16.89,0.2,27.3,0.21,65.7,0.22,15.2,0.82,37.65,0.81,16.89,0.8,27.3,0.79,65.7,0.78,15.2,0.91,31.7,0.92,35.29,0.93,39.9,0.94,46.1,0.95,59.7,0.09,0.09,0.094277,1776160098000
1776160100.187,200.187,0.09,31.7,0.08,35.29,0.07,39.9,0.06,46.1,0.05,59.7,0.18,37.65,0.19,16.89,0.2,27.3,0.21,65.7,0.22,15.2,0.82,37.65,0.81,16.89,0.8,27.3,0.79,65.7,0.78,15.2,0.91,31.7,0.92,35.29,0.93,39.9,0.94,46.1,0.95,59.7,0.09,0.09,0.094276,1776160099000
1776160101.594,201.594,0.09,31.7,0.08,35.29,0.07,39.9,0.06,46.1,0.05,59.7,0.18,37.65,0.19,16.89,0.2,27.3,0.21,65.7,0.22,15.2,0.82,37.65,0.81,16.89,0.8,27.3,0.79,65.7,0.78,15.2,0.91,31.7,0.92,35.29,0.93,39.9,0.94,46.1,0.95,59.7,0.09,0.09,0.094277,1776160100000
1776160102.035,202.035,0.06,35.0,0.05,59.7,0.04,72.7,0.03,89.3,0.02,137.69,0.15,20.39,0.16,19.3,0.17,18.39,0.18,22.65,0.19,16.89,0.82,37.65,0.81,16.89,0.8,27.3,0.79,65.7,0.78,15.2,0.91,31.7,0.92,35.29,0.93,39.9,0.94,46.1,0.95,59.7,0.09,0.09,0.094277,1776160100000
1776160103.3,203.3,0.06,35.0,0.05,59.7,0.04,72.7,0.03,89.3,0.02,137.69,0.15,20.39,0.16,19.3,0.17,18.39,0.18,22.65,0.19,16.89,0.85,20.39,0.84,19.3,0.83,18.39,0.82,22.65,0.81,16.89,0.94,35.0,0.95,59.7,0.96,72.7,0.97,89.3,0.98,137.69,0.09,0.09,0.094277,1776160102000
1776160104.401,204.401,0.06,35.0,0.05,59.7,0.04,72.7,0.03,89.3,0.02,137.69,0.15,20.39,0.16,19.3,0.17,18.39,0.18,22.65,0.19,16.89,0.85,20.39,0.84,19.3,0.83,18.39,0.82,22.65,0.81,16.89,0.94,35.0,0.95,59.7,0.96,72.7,0.97,89.3,0.98,137.69,0.09,0.09,0.094276,1776160103000
1776160104.908,204.908,0.06,35.0,0.05,59.7,0.04,72.7,0.03,89.3,0.02,137.69,0.15,20.39,0.16,19.3,0.17,18.39,0.18,22.65,0.19,16.89,0.85,20.39,0.84,19.3,0.83,18.39,0.82,22.65,0.81,16.89,0.94,35.0,0.95,59.7,0.96,72.7,0.97,89.3,0.98,137.69,0.09,0.09,0.094276,1776160104000
1776160106.118,206.118,0.06,35.0,0.05,59.7,0.04,72.7,0.03,89.3,0.02,137.69,0.15,20.39,0.16,19.3,0.17,18.39,0.18,22.65,0.19,16.89,0.85,20.39,0.84,19.3,0.83,18.39,0.82,22.65,0.81,16.89,0.94,35.0,0.95,59.7,0.96,72.7,0.97,89.3,0.98,137.69,0.09,0.09,0.094276,1776160105000
1776160107.255,207.255,0.06,35.0,0.05,59.7,0.04,72.7,0.03,89.3,0.02,137.69,0.15,20.39,0.16,19.3,0.17,18.39,0.18,22.65,0.19,16.89,0.85,20.39,0.84,19.3,0.83,18.39,0.82,22.65,0.81,16.89,0.94,35.0,0.95,59.7,0.96,72.7,0.97,89.3,0.98,137.69,0.09,0.09,0.094276,1776160106000
1776160107.835,207.835,0.06,35.0,0.05,59.7,0.04,72.7,0.03,89.3,0.02,137.69,0.15,20.39,0.16,19.3,0.17,18.39,0.18,22.65,0.19,16.89,0.85,20.39,0.84,19.3,0.83,18.39,0.82,22.65,0.81,16.89,0.94,35.0,0.95,59.7,0.96,72.7,0.97,89.3,0.98,137.69,0.09,0.09,0.094276,1776160107000
1776160108.996,208.996,0.06,35.0,0.05,59.7,0.04,72.7,0.03,89.3,0.02,137.69,0.15,20.39,0.16,19.3,0.17,18.39,0.18,22.65,0.19,16.89,0.85,20.39,0.84,19.3,0.83,18.39,0.82,22.65,0.81,16.89,0.94,35.0,0.95,59.7,0.96,72.7,0.97,89.3,0.98,137.69,0.09,0.09,0.094276,1776160108000
1776160110.092,210.092,0.06,35.0,0.05,59.7,0.04,72.7,0.03,89.3,0.02,137.69,0.15,20.39,0.16,19.3,0.17,18.39,0.18,22.65,0.19,16.89,0.85,20.39,0.84,19.3,0.83,18.39,0.82,22.65,0.81,16.89,0.94,35.0,0.95,59.7,0.96,72.7,0.97,89.3,0.98,137.69,0.09,0.09,0.094276,1776160109000
1776160111.173,211.173,0.06,35.0,0.05,59.7,0.04,72.7,0.03,89.3,0.02,137.69,0.15,20.39,0.16,19.3,0.17,18.39,0.18,22.65,0.19,16.89,0.85,20.39,0.84,19.3,0.83,18.39,0.82,22.65,0.81,16.89,0.94,35.0,0.95,59.7,0.96,72.7,0.97,89.3,0.98,137.69,0.09,0.09,0.094276,1776160110000
1776160112.108,212.108,0.05,3.94,0.04,72.7,0.03,89.3,0.02,137.69,0.01,588.69,0.11,26.6,0.12,24.6,0.13,42.0,0.14,21.6,0.15,20.39,0.85,20.39,0.84,19.3,0.83,18.39,0.82,22.65,0.81,16.89,0.94,35.0,0.95,59.7,0.96,72.7,0.97,89.3,0.98,137.69,0.06,0.09,0.094276,1776160110000
1776160113.243,213.243,0.05,3.94,0.04,72.7,0.03,89.3,0.02,137.69,0.01,588.69,0.11,26.6,0.12,24.6,0.13,42.0,0.14,21.6,0.15,20.39,0.89,26.6,0.88,24.6,0.87,42.0,0.86,21.6,0.85,20.39,0.95,3.94,0.96,72.7,0.97,89.3,0.98,137.69,0.99,588.69,0.06,0.06,0.094274,1776160112000
1776160114.382,214.382,0.05,3.94,0.04,72.7,0.03,89.3,0.02,137.69,0.01,588.69,0.11,26.6,0.12,24.6,0.13,42.0,0.14,21.6,0.15,20.39,0.89,26.6,0.88,24.6,0.87,42.0,0.86,21.6,0.85,20.39,0.95,3.94,0.96,72.7,0.97,89.3,0.98,137.69,0.99,588.69,0.06,0.06,0.094271,1776160113000
1776160114.67,214.67,0.05,3.94,0.04,72.7,0.03,89.3,0.02,137.69,0.01,493.69,0.09,27.7,0.1,28.9,0.11,26.6,0.12,24.6,0.13,42.0,0.89,26.6,0.88,24.6,0.87,42.0,0.86,21.6,0.85,20.39,0.95,3.94,0.96,72.7,0.97,89.3,0.98,137.69,0.99,588.69,0.04,0.06,0.094271,1776160113000
1776160114.921,214.921,0.04,72.7,0.03,89.3,0.02,137.69,0.01,493.69,,,0.09,27.7,0.1,28.9,0.11,26.6,0.12,24.6,0.13,42.0,0.91,27.7,0.9,28.9,0.89,26.6,0.88,24.6,0.87,42.0,0.96,72.7,0.97,89.3,0.98,137.69,0.99,493.69,,,0.05,0.05,0.094271,1776160114000
1776160116.04,216.04,0.04,72.7,0.03,89.3,0.02,137.69,0.01,493.69,,,0.09,27.7,0.1,28.9,0.11,26.6,0.12,24.6,0.13,42.0,0.91,27.7,0.9,28.9,0.89,26.6,0.88,24.6,0.87,42.0,0.96,72.7,0.97,89.3,0.98,137.69,0.99,493.69,,,0.05,0.05,0.094271,1776160115000
1776160117.218,217.218,0.04,72.7,0.03,89.3,0.02,137.69,0.01,493.69,,,0.09,27.7,0.1,28.9,0.11,26.6,0.12,24.6,0.13,42.0,0.91,27.7,0.9,28.9,0.89,26.6,0.88,24.6,0.87,42.0,0.96,72.7,0.97,89.3,0.98,137.69,0.99,493.69,,,0.05,0.05,0.094272,1776160116000
1776160118.248,218.248,0.04,72.7,0.03,89.3,0.02,137.69,0.01,493.69,,,0.09,27.7,0.1,28.9,0.11,26.6,0.12,24.6,0.13,42.0,0.91,27.7,0.9,28.9,0.89,26.6,0.88,24.6,0.87,42.0,0.96,72.7,0.97,89.3,0.98,137.69,0.99,493.69,,,0.05,0.05,0.094277,1776160117000
1776160119.475,219.475,0.04,72.7,0.03,89.3,0.02,137.69,0.01,493.69,,,0.09,27.7,0.1,28.9,0.11,26.6,0.12,24.6,0.13,42.0,0.91,27.7,0.9,28.9,0.89,26.6,0.88,24.6,0.87,42.0,0.96,72.7,0.97,89.3,0.98,137.69,0.99,493.69,,,0.05,0.05,0.09428,1776160118000
1776160120.64,220.64,0.04,72.7,0.03,89.3,0.02,137.69,0.01,493.69,,,0.09,27.7,0.1,28.9,0.11,26.6,0.12,24.6,0.13,42.0,0.91,27.7,0.9,28.9,0.89,26.6,0.88,24.6,0.87,42.0,0.96,72.7,0.97,89.3,0.98,137.69,0.99,493.69,,,0.05,0.05,0.09428,1776160119000
1776160121.122,221.122,0.04,72.7,0.03,89.3,0.02,137.69,0.01,493.69,,,0.09,27.7,0.1,28.9,0.11,26.6,0.12,24.6,0.13,42.0,0.91,27.7,0.9,28.9,0.89,26.6,0.88,24.6,0.87,42.0,0.96,72.7,0.97,89.3,0.98,137.69,0.99,493.69,,,0.05,0.05,0.09428,1776160120000
1776160122.129,222.129,0.04,72.7,0.03,89.3,0.02,137.69,0.01,493.69,,,0.09,27.7,0.1,28.9,0.11,26.6,0.12,24.6,0.13,42.0,0.91,27.7,0.9,28.9,0.89,26.6,0.88,24.6,0.87,42.0,0.96,72.7,0.97,89.3,0.98,137.69,0.99,493.69,,,0.05,0.05,0.09428,1776160121000
1776160123.268,223.268,0.04,72.7,0.03,89.3,0.02,137.69,0.01,493.69,,,0.09,27.7,0.1,28.9,0.11,26.6,0.12,24.6,0.13,42.0,0.91,27.7,0.9,28.9,0.89,26.6,0.88,24.6,0.87,42.0,0.96,72.7,0.97,89.3,0.98,137.69,0.99,493.69,,,0.05,0.05,0.09428,1776160122000
1776160124.169,224.169,0.04,72.7,0.03,89.3,0.02,137.69,0.01,493.69,,,0.09,27.7,0.1,28.9,0.11,26.6,0.12,24.6,0.13,42.0,0.91,27.7,0.9,28.9,0.89,26.6,0.88,24.6,0.87,42.0,0.96,72.7,0.97,89.3,0.98,137.69,0.99,493.69,,,0.05,0.05,0.094276,1776160123000
1776160125.337,225.337,0.04,72.7,0.03,89.3,0.02,137.69,0.01,493.69,,,0.09,27.7,0.1,28.9,0.11,26.6,0.12,24.6,0.13,42.0,0.91,27.7,0.9,28.9,0.89,26.6,0.88,24.6,0.87,42.0,0.96,72.7,0.97,89.3,0.98,137.69,0.99,493.69,,,0.05,0.05,0.094276,1776160124000
1776160126.255,226.255,0.04,72.7,0.03,89.3,0.02,137.69,0.01,493.69,,,0.09,27.7,0.1,28.9,0.11,26.6,0.12,24.6,0.13,42.0,0.91,27.7,0.9,28.9,0.89,26.6,0.88,24.6,0.87,42.0,0.96,72.7,0.97,89.3,0.98,137.69,0.99,493.69,,,0.05,0.05,0.094276,1776160125000
1776160127.207,227.207,0.04,72.7,0.03,89.3,0.02,137.69,0.01,493.69,,,0.09,27.7,0.1,28.9,0.11,26.6,0.12,24.6,0.13,42.0,0.91,27.7,0.9,28.9,0.89,26.6,0.88,24.6,0.87,42.0,0.96,72.7,0.97,89.3,0.98,137.69,0.99,493.69,,,0.05,0.05,0.094276,1776160126000
1776160128.206,228.206,0.04,72.7,0.03,89.3,0.02,137.69,0.01,493.69,,,0.09,27.7,0.1,28.9,0.11,26.6,0.12,24.6,0.13,42.0,0.91,27.7,0.9,28.9,0.89,26.6,0.88,24.6,0.87,42.0,0.96,72.7,0.97,89.3,0.98,137.69,0.99,493.69,,,0.05,0.05,0.094278,1776160127000
1776160129.192,229.192,0.04,72.7,0.03,89.3,0.02,137.69,0.01,493.69,,,0.09,27.7,0.1,28.9,0.11,26.6,0.12,24.6,0.13,42.0,0.91,27.7,0.9,28.9,0.89,26.6,0.88,24.6,0.87,42.0,0.96,72.7,0.97,89.3,0.98,137.69,0.99,493.69,,,0.05,0.05,0.09428,1776160128000
1776160130.225,230.225,0.04,72.7,0.03,89.3,0.02,137.69,0.01,493.69,,,0.09,27.7,0.1,28.9,0.11,26.6,0.12,24.6,0.13,42.0,0.91,27.7,0.9,28.9,0.89,26.6,0.88,24.6,0.87,42.0,0.96,72.7,0.97,89.3,0.98,137.69,0.99,493.69,,,0.05,0.05,0.09428,1776160129000
1776160131.16,231.16,0.04,72.7,0.03,89.3,0.02,137.69,0.01,493.69,,,0.09,27.7,0.1,28.9,0.11,26.6,0.12,24.6,0.13,42.0,0.91,27.7,0.9,28.9,0.89,26.6,0.88,24.6,0.87,42.0,0.96,72.7,0.97,89.3,0.98,137.69,0.99,493.69,,,0.05,0.05,0.09428,1776160130000
1776160131.748,231.748,0.05,54.7,0.04,72.7,0.03,89.3,0.02,137.69,0.01,493.69,0.11,26.6,0.12,24.6,0.13,42.0,0.14,21.6,0.15,20.39,0.91,27.7,0.9,28.9,0.89,26.6,0.88,24.6,0.87,42.0,0.96,72.7,0.97,89.3,0.98,137.69,0.99,493.69,,,0.06,0.05,0.09428,1776160130000
1776160132.118,232.118,0.05,54.7,0.04,72.7,0.03,89.3,0.02,137.69,0.01,493.69,0.11,26.6,0.12,24.6,0.13,42.0,0.14,21.6,0.15,20.39,0.89,26.6,0.88,24.6,0.87,42.0,0.86,21.6,0.85,20.39,0.95,54.7,0.96,72.7,0.97,89.3,0.98,137.69,0.99,493.69,0.06,0.06,0.09428,1776160131000
1776160133.981,233.981,0.05,54.7,0.04,72.7,0.03,89.3,0.02,137.69,0.01,493.69,0.11,26.6,0.12,24.6,0.13,42.0,0.14,21.6,0.15,20.39,0.89,26.6,0.88,24.6,0.87,42.0,0.86,21.6,0.85,20.39,0.95,54.7,0.96,72.7,0.97,89.3,0.98,137.69,0.99,493.69,0.06,0.06,0.09428,1776160132000
1776160134.433,234.433,0.05,54.7,0.04,72.7,0.03,89.3,0.02,137.69,0.01,493.69,0.11,26.6,0.12,24.6,0.13,42.0,0.14,21.6,0.15,20.39,0.89,26.6,0.88,24.6,0.87,42.0,0.86,21.6,0.85,20.39,0.95,54.7,0.96,72.7,0.97,89.3,0.98,137.69,0.99,493.69,0.06,0.06,0.09428,1776160133000
1776160134.939,234.939,0.05,54.7,0.04,72.7,0.03,89.3,0.02,137.69,0.01,493.69,0.11,26.6,0.12,24.6,0.13,42.0,0.14,21.6,0.15,20.39,0.89,26.6,0.88,24.6,0.87,42.0,0.86,21.6,0.85,20.39,0.95,54.7,0.96,72.7,0.97,89.3,0.98,137.69,0.99,493.69,0.06,0.06,0.09428,1776160134000
1776160135.893,235.893,0.05,54.7,0.04,72.7,0.03,89.3,0.02,137.69,0.01,493.69,0.11,26.6,0.12,24.6,0.13,42.0,0.14,21.6,0.15,20.39,0.89,26.6,0.88,24.6,0.87,42.0,0.86,21.6,0.85,20.39,0.95,54.7,0.96,72.7,0.97,89.3,0.98,137.69,0.99,493.69,0.06,0.06,0.09428,1776160135000
1776160136.807,236.807,0.05,54.7,0.04,72.7,0.03,89.3,0.02,137.69,0.01,493.69,0.11,26.6,0.12,24.6,0.13,42.0,0.14,21.6,0.15,20.39,0.89,26.6,0.88,24.6,0.87,42.0,0.86,21.6,0.85,20.39,0.95,54.7,0.96,72.7,0.97,89.3,0.98,137.69,0.99,493.69,0.06,0.06,0.094281,1776160136000
1776160137.272,237.272,0.03,77.0,0.02,137.69,0.01,493.69,,,,,0.12,24.6,0.13,45.0,0.14,21.6,0.15,20.39,0.16,19.3,0.89,26.6,0.88,24.6,0.87,42.0,0.86,21.6,0.85,20.39,0.95,54.7,0.96,72.7,0.97,89.3,0.98,137.69,0.99,493.69,0.09,0.06,0.094281,1776160136000
1776160138.283,238.283,0.03,77.0,0.02,137.69,0.01,493.69,,,,,0.12,24.6,0.13,45.0,0.14,21.6,0.15,20.39,0.16,19.3,0.88,24.6,0.87,45.0,0.86,21.6,0.85,20.39,0.84,19.3,0.97,77.0,0.98,137.69,0.99,493.69,,,,,0.09,0.09,0.094276,1776160137000
1776160139.363,239.363,0.03,77.0,0.02,137.69,0.01,493.69,,,,,0.12,24.6,0.13,45.0,0.14,21.6,0.15,20.39,0.16,19.3,0.88,24.6,0.87,45.0,0.86,21.6,0.85,20.39,0.84,19.3,0.97,77.0,0.98,137.69,0.99,493.69,,,,,0.09,0.09,0.094276,1776160138000
1776160140.334,240.334,0.03,77.0,0.02,137.69,0.01,493.69,,,,,0.12,24.6,0.13,45.0,0.14,21.6,0.15,20.39,0.16,19.3,0.88,24.6,0.87,45.0,0.86,21.6,0.85,20.39,0.84,19.3,0.97,77.0,0.98,137.69,0.99,493.69,,,,,0.09,0.09,0.094278,1776160139000
1776160141.247,241.247,0.03,77.0,0.02,137.69,0.01,493.69,,,,,0.12,24.6,0.13,45.0,0.14,21.6,0.15,20.39,0.16,19.3,0.88,24.6,0.87,45.0,0.86,21.6,0.85,20.39,0.84,19.3,0.97,77.0,0.98,137.69,0.99,493.69,,,,,0.09,0.09,0.094281,1776160140000
1776160142.184,242.184,0.03,77.0,0.02,137.69,0.01,493.69,,,,,0.12,24.6,0.13,45.0,0.14,21.6,0.15,20.39,0.16,19.3,0.88,24.6,0.87,45.0,0.86,21.6,0.85,20.39,0.84,19.3,0.97,77.0,0.98,137.69,0.99,493.69,,,,,0.09,0.09,0.09428,1776160141000
1776160143.128,243.128,0.03,77.0,0.02,137.69,0.01,493.69,,,,,0.12,24.6,0.13,45.0,0.14,21.6,0.15,20.39,0.16,19.3,0.88,24.6,0.87,45.0,0.86,21.6,0.85,20.39,0.84,19.3,0.97,77.0,0.98,137.69,0.99,493.69,,,,,0.09,0.09,0.094281,1776160142000
1776160144.303,244.303,0.03,77.0,0.02,137.69,0.01,493.69,,,,,0.12,24.6,0.13,45.0,0.14,21.6,0.15,20.39,0.16,19.3,0.88,24.6,0.87,45.0,0.86,21.6,0.85,20.39,0.84,19.3,0.97,77.0,0.98,137.69,0.99,493.69,,,,,0.09,0.09,0.09428,1776160143000
1776160145.124,245.124,0.03,77.0,0.02,137.69,0.01,493.69,,,,,0.12,24.6,0.13,45.0,0.14,21.6,0.15,20.39,0.16,19.3,0.88,24.6,0.87,45.0,0.86,21.6,0.85,20.39,0.84,19.3,0.97,77.0,0.98,137.69,0.99,493.69,,,,,0.09,0.09,0.09428,1776160144000
1776160146.568,246.568,0.03,46.07,0.02,137.69,0.01,493.69,,,,,0.11,26.6,0.12,24.6,0.13,45.0,0.14,21.6,0.15,20.39,0.89,26.6,0.88,24.6,0.87,45.0,0.86,21.6,0.85,20.39,0.97,46.07,0.98,137.69,0.99,493.69,,,,,0.08,0.08,0.094282,1776160145000
1776160147.152,247.152,0.03,46.07,0.02,137.69,0.01,493.69,,,,,0.11,26.6,0.12,24.6,0.13,45.0,0.14,21.6,0.15,20.39,0.89,26.6,0.88,24.6,0.87,45.0,0.86,21.6,0.85,20.39,0.97,46.07,0.98,137.69,0.99,493.69,,,,,0.08,0.08,0.094282,1776160146000
1776160147.998,247.998,0.03,46.07,0.02,137.69,0.01,493.69,,,,,0.11,26.6,0.12,24.6,0.13,45.0,0.14,21.6,0.15,20.39,0.89,26.6,0.88,24.6,0.87,45.0,0.86,21.6,0.85,20.39,0.97,46.07,0.98,137.69,0.99,493.69,,,,,0.08,0.08,0.094282,1776160147000
1776160149.053,249.053,0.03,46.07,0.02,137.69,0.01,493.69,,,,,0.11,26.6,0.12,24.6,0.13,45.0,0.14,21.6,0.15,20.39,0.89,26.6,0.88,24.6,0.87,45.0,0.86,21.6,0.85,20.39,0.97,46.07,0.98,137.69,0.99,493.69,,,,,0.08,0.08,0.094285,1776160148000
1776160149.99,249.99,0.03,46.07,0.02,137.69,0.01,493.69,,,,,0.11,26.6,0.12,24.6,0.13,45.0,0.14,21.6,0.15,20.39,0.89,26.6,0.88,24.6,0.87,45.0,0.86,21.6,0.85,20.39,0.97,46.07,0.98,137.69,0.99,493.69,,,,,0.08,0.08,0.094301,1776160149000
1776160150.944,250.944,0.03,46.07,0.02,137.69,0.01,493.69,,,,,0.11,26.6,0.12,24.6,0.13,45.0,0.14,21.6,0.15,20.39,0.89,26.6,0.88,24.6,0.87,45.0,0.86,21.6,0.85,20.39,0.97,46.07,0.98,137.69,0.99,493.69,,,,,0.08,0.08,0.094302,1776160150000
1776160151.977,251.977,0.03,46.07,0.02,137.69,0.01,493.69,,,,,0.11,26.6,0.12,24.6,0.13,45.0,0.14,21.6,0.15,20.39,0.89,26.6,0.88,24.6,0.87,45.0,0.86,21.6,0.85,20.39,0.97,46.07,0.98,137.69,0.99,493.69,,,,,0.08,0.08,0.0943,1776160151000
1776160153.094,253.094,0.03,46.07,0.02,137.69,0.01,493.69,,,,,0.11,26.6,0.12,24.6,0.13,45.0,0.14,21.6,0.15,20.39,0.89,26.6,0.88,24.6,0.87,45.0,0.86,21.6,0.85,20.39,0.97,46.07,0.98,137.69,0.99,493.69,,,,,0.08,0.08,0.094298,1776160152000
1776160154.02,254.02,0.03,46.07,0.02,137.69,0.01,493.69,,,,,0.11,26.6,0.12,24.6,0.13,45.0,0.14,21.6,0.15,20.39,0.89,26.6,0.88,24.6,0.87,45.0,0.86,21.6,0.85,20.39,0.97,46.07,0.98,137.69,0.99,493.69,,,,,0.08,0.08,0.0943,1776160153000
1776160154.979,254.979,0.03,46.07,0.02,137.69,0.01,493.69,,,,,0.11,26.6,0.12,24.6,0.13,45.0,0.14,21.6,0.15,20.39,0.89,26.6,0.88,24.6,0.87,45.0,0.86,21.6,0.85,20.39,0.97,46.07,0.98,137.69,0.99,493.69,,,,,0.08,0.08,0.0943,1776160154000
1776160155.99,255.99,0.03,46.07,0.02,137.69,0.01,493.69,,,,,0.11,26.6,0.12,24.6,0.13,45.0,0.14,21.6,0.15,20.39,0.89,26.6,0.88,24.6,0.87,45.0,0.86,21.6,0.85,20.39,0.97,46.07,0.98,137.69,0.99,493.69,,,,,0.08,0.08,0.094299,1776160155000
1776160157.048,257.048,0.03,46.07,0.02,137.69,0.01,493.69,,,,,0.11,26.6,0.12,24.6,0.13,45.0,0.14,21.6,0.15,20.39,0.89,26.6,0.88,24.6,0.87,45.0,0.86,21.6,0.85,20.39,0.97,46.07,0.98,137.69,0.99,493.69,,,,,0.08,0.08,0.094299,1776160156000
1776160158.056,258.056,0.03,46.07,0.02,137.69,0.01,493.69,,,,,0.11,26.6,0.12,24.6,0.13,45.0,0.14,21.6,0.15,20.39,0.89,26.6,0.88,24.6,0.87,45.0,0.86,21.6,0.85,20.39,0.97,46.07,0.98,137.69,0.99,493.69,,,,,0.08,0.08,0.094298,1776160157000
1776160159.509,259.509,0.03,46.07,0.02,137.69,0.01,493.69,,,,,0.11,26.6,0.12,24.6,0.13,45.0,0.14,21.6,0.15,20.39,0.89,26.6,0.88,24.6,0.87,45.0,0.86,21.6,0.85,20.39,0.97,46.07,0.98,137.69,0.99,493.69,,,,,0.08,0.08,0.094298,1776160158000
1776160160.077,260.077,0.03,46.07,0.02,137.69,0.01,493.69,,,,,0.11,26.6,0.12,24.6,0.13,45.0,0.14,21.6,0.15,20.39,0.89,26.6,0.88,24.6,0.87,45.0,0.86,21.6,0.85,20.39,0.97,46.07,0.98,137.69,0.99,493.69,,,,,0.08,0.08,0.094298,1776160159000
1776160161.145,261.145,0.03,46.07,0.02,137.69,0.01,493.69,,,,,0.11,26.6,0.12,24.6,0.13,45.0,0.14,21.6,0.15,20.39,0.89,26.6,0.88,24.6,0.87,45.0,0.86,21.6,0.85,20.39,0.97,46.07,0.98,137.69,0.99,493.69,,,,,0.08,0.08,0.094298,1776160160000
1776160162.229,262.229,0.03,46.07,0.02,137.69,0.01,493.69,,,,,0.11,26.6,0.12,24.6,0.13,45.0,0.14,21.6,0.15,20.39,0.89,26.6,0.88,24.6,0.87,45.0,0.86,21.6,0.85,20.39,0.97,46.07,0.98,137.69,0.99,493.69,,,,,0.08,0.08,0.094298,1776160161000
1776160162.569,262.569,0.01,220.78,,,,,,,,,0.06,5.0,0.08,35.29,0.09,31.7,0.1,28.9,0.11,76.6,0.89,26.6,0.88,24.6,0.87,45.0,0.86,21.6,0.85,20.39,0.97,46.07,0.98,137.69,0.99,493.69,,,,,0.05,0.08,0.094298,1776160161000
1776160163.339,263.339,0.01,220.78,,,,,,,,,0.06,5.0,0.08,35.29,0.09,31.7,0.1,28.9,0.11,76.6,0.94,5.0,0.92,35.29,0.91,31.7,0.9,28.9,0.89,76.6,0.99,220.78,,,,,,,,,0.05,0.05,0.094298,1776160162000
1776160163.994,263.994,0.01,220.78,,,,,,,,,0.06,5.0,0.08,35.29,0.09,31.7,0.1,28.9,0.11,76.6,0.94,5.0,0.92,35.29,0.91,31.7,0.9,28.9,0.89,76.6,0.99,220.78,,,,,,,,,0.05,0.05,0.094292,1776160163000
1776160165.053,265.053,0.01,220.78,,,,,,,,,0.06,5.0,0.08,35.29,0.09,31.7,0.1,28.9,0.11,76.6,0.94,5.0,0.92,35.29,0.91,31.7,0.9,28.9,0.89,76.6,0.99,220.78,,,,,,,,,0.05,0.05,0.094275,1776160164000
1776160165.448,265.448,0.01,448.38,,,,,,,,,0.04,67.7,0.05,70.55,0.06,51.1,0.07,39.9,0.08,35.29,0.94,5.0,0.92,35.29,0.91,31.7,0.9,28.9,0.89,76.6,0.99,220.78,,,,,,,,,0.03,0.05,0.094275,1776160164000
1776160165.775,265.775,0.01,447.36,,,,,,,,,0.04,72.91,0.05,54.7,0.06,51.1,0.07,39.9,0.08,35.29,0.96,67.7,0.95,70.55,0.94,51.1,0.93,39.9,0.92,35.29,0.99,448.38,,,,,,,,,0.03,0.03,0.094275,1776160164000
1776160166.175,266.175,0.01,447.36,,,,,,,,,0.04,72.91,0.05,54.7,0.06,51.1,0.07,39.9,0.08,35.29,0.96,72.91,0.95,54.7,0.94,51.1,0.93,39.9,0.92,35.29,0.99,447.36,,,,,,,,,0.03,0.03,0.094281,1776160165000
1776160167.388,267.388,0.01,447.36,,,,,,,,,0.04,72.91,0.05,54.7,0.06,51.1,0.07,39.9,0.08,35.29,0.96,72.91,0.95,54.7,0.94,51.1,0.93,39.9,0.92,35.29,0.99,447.36,,,,,,,,,0.03,0.03,0.094277,1776160166000
1776160168.135,268.135,0.01,340.27,,,,,,,,,0.03,5.16,0.04,5.0,0.05,54.7,0.06,51.1,0.07,39.9,0.97,5.16,0.96,5.0,0.95,54.7,0.94,51.1,0.93,39.9,0.99,441.29,,,,,,,,,0.02,0.02,0.094277,1776160166000
1776160168.557,268.557,0.01,340.27,,,,,,,,,0.03,5.16,0.04,5.0,0.05,54.7,0.06,51.1,0.07,39.9,0.97,5.16,0.96,5.0,0.95,54.7,0.94,51.1,0.93,39.9,0.99,340.27,,,,,,,,,0.02,0.02,0.094278,1776160167000
1776160169.103,269.103,0.01,340.27,,,,,,,,,0.03,5.16,0.04,5.0,0.05,54.7,0.06,51.1,0.07,39.9,0.97,5.16,0.96,5.0,0.95,54.7,0.94,51.1,0.93,39.9,0.99,340.27,,,,,,,,,0.02,0.02,0.094279,1776160168000
1776160170.118,270.118,0.01,340.27,,,,,,,,,0.03,5.16,0.04,5.0,0.05,54.7,0.06,51.1,0.07,39.9,0.97,5.16,0.96,5.0,0.95,54.7,0.94,51.1,0.93,39.9,0.99,340.27,,,,,,,,,0.02,0.02,0.094284,1776160169000
1776160171.232,271.232,0.01,340.27,,,,,,,,,0.03,5.16,0.04,5.0,0.05,54.7,0.06,51.1,0.07,39.9,0.97,5.16,0.96,5.0,0.95,54.7,0.94,51.1,0.93,39.9,0.99,340.27,,,,,,,,,0.02,0.02,0.094284,1776160170000
1776160172.336,272.336,0.01,344.25,,,,,,,,,0.02,5.11,0.04,72.7,0.05,54.7,0.06,51.1,0.07,39.9,0.97,5.16,0.96,5.0,0.95,54.7,0.94,51.1,0.93,39.9,0.99,340.27,,,,,,,,,0.01,0.02,0.094284,1776160170000
1776160172.762,272.762,0.01,333.25,,,,,,,,,0.02,10.11,0.04,72.7,0.05,54.7,0.06,51.1,0.07,39.9,0.98,5.11,0.96,72.7,0.95,54.7,0.94,51.1,0.93,39.9,0.99,344.25,,,,,,,,,0.01,0.01,0.094284,1776160171000
1776160172.972,272.972,0.01,333.25,,,,,,,,,0.02,10.11,0.04,72.7,0.05,54.7,0.06,51.1,0.07,39.9,0.98,10.11,0.96,72.7,0.95,54.7,0.94,51.1,0.93,39.9,0.99,333.25,,,,,,,,,0.01,0.01,0.094284,1776160172000
1776160173.4,273.4,0.01,322.25,,,,,,,,,0.02,10.11,0.04,72.7,0.05,54.7,0.06,51.1,0.07,39.9,0.98,10.11,0.96,72.7,0.95,54.7,0.94,51.1,0.93,39.9,0.99,333.25,,,,,,,,,0.01,0.01,0.094284,1776160172000
1776160174.087,274.087,0.01,311.25,,,,,,,,,0.02,10.11,0.04,72.7,0.05,54.7,0.06,51.1,0.07,39.9,0.98,10.11,0.96,72.7,0.95,54.7,0.94,51.1,0.93,39.9,0.99,311.25,,,,,,,,,0.01,0.01,0.094284,1776160173000
1776160174.428,274.428,0.01,300.25,,,,,,,,,0.02,5.0,0.04,72.7,0.05,54.7,0.06,51.1,0.07,39.9,0.98,10.11,0.96,72.7,0.95,54.7,0.94,51.1,0.93,39.9,0.99,311.25,,,,,,,,,0.01,0.01,0.094284,1776160173000
1776160175.029,275.029,0.01,295.2,,,,,,,,,0.02,5.0,0.04,72.7,0.05,54.7,0.06,51.1,0.07,39.9,0.98,5.0,0.96,72.7,0.95,54.7,0.94,51.1,0.93,39.9,0.99,300.25,,,,,,,,,0.01,0.01,0.094284,1776160173000
1776160175.783,275.783,0.01,295.2,,,,,,,,,0.02,5.0,0.04,72.7,0.05,54.7,0.06,51.1,0.07,39.9,0.98,5.0,0.96,72.7,0.95,54.7,0.94,51.1,0.93,39.9,0.99,295.2,,,,,,,,,0.01,0.01,0.094284,1776160174000
1776160176.962,276.962,0.01,295.2,,,,,,,,,0.02,5.0,0.04,72.7,0.05,54.7,0.06,51.1,0.07,39.9,0.98,5.0,0.96,72.7,0.95,54.7,0.94,51.1,0.93,39.9,0.99,295.2,,,,,,,,,0.01,0.01,0.094284,1776160175000
1776160177.608,277.608,0.01,295.2,,,,,,,,,0.02,5.0,0.04,72.7,0.05,54.7,0.06,51.1,0.07,39.9,0.98,5.0,0.96,72.7,0.95,54.7,0.94,51.1,0.93,39.9,0.99,295.2,,,,,,,,,0.01,0.01,0.094284,1776160176000
1776160178.4,278.4,0.01,295.2,,,,,,,,,0.02,5.0,0.04,72.7,0.05,54.7,0.06,51.1,0.07,39.9,0.98,5.0,0.96,72.7,0.95,54.7,0.94,51.1,0.93,39.9,0.99,295.2,,,,,,,,,0.01,0.01,0.094284,1776160177000
1776160179.137,279.137,0.01,295.2,,,,,,,,,0.02,5.0,0.04,72.7,0.05,54.7,0.06,51.1,0.07,39.9,0.98,5.0,0.96,72.7,0.95,54.7,0.94,51.1,0.93,39.9,0.99,295.2,,,,,,,,,0.01,0.01,0.094284,1776160178000
1776160180.662,280.662,0.01,295.2,,,,,,,,,0.02,5.0,0.04,72.7,0.05,54.7,0.06,51.1,0.07,39.9,0.98,5.0,0.96,72.7,0.95,54.7,0.94,51.1,0.93,39.9,0.99,295.2,,,,,,,,,0.01,0.01,0.094284,1776160179000
1776160181.333,281.333,0.01,295.2,,,,,,,,,0.02,5.0,0.04,72.7,0.05,54.7,0.06,51.1,0.07,39.9,0.98,5.0,0.96,72.7,0.95,54.7,0.94,51.1,0.93,39.9,0.99,295.2,,,,,,,,,0.01,0.01,0.094284,1776160180000
1776160182.131,282.131,0.01,295.2,,,,,,,,,0.02,5.0,0.04,72.7,0.05,54.7,0.06,51.1,0.07,39.9,0.98,5.0,0.96,72.7,0.95,54.7,0.94,51.1,0.93,39.9,0.99,295.2,,,,,,,,,0.01,0.01,0.094284,1776160181000
1776160183.709,283.709,0.01,295.2,,,,,,,,,0.02,5.0,0.04,72.7,0.05,54.7,0.06,51.1,0.07,39.9,0.98,5.0,0.96,72.7,0.95,54.7,0.94,51.1,0.93,39.9,0.99,295.2,,,,,,,,,0.01,0.01,0.094284,1776160182000
1776160184.412,284.412,0.01,295.2,,,,,,,,,0.02,5.0,0.04,72.7,0.05,54.7,0.06,51.1,0.07,39.9,0.98,5.0,0.96,72.7,0.95,54.7,0.94,51.1,0.93,39.9,0.99,295.2,,,,,,,,,0.01,0.01,0.094285,1776160183000
1776160185.191,285.191,0.01,24.69,,,,,,,,,0.02,5.0,0.04,5.0,0.06,5.0,0.11,50.0,0.16,10.0,0.98,5.0,0.96,5.0,0.94,5.0,0.89,50.0,0.84,10.0,0.99,24.69,,,,,,,,,0.01,0.01,0.094285,1776160184000
1776160185.468,285.468,0.01,14.69,,,,,,,,,0.02,5.0,0.04,5.0,0.06,5.0,0.09,5.0,0.11,50.0,0.98,5.0,0.96,5.0,0.94,5.0,0.89,50.0,0.84,10.0,0.99,24.69,,,,,,,,,0.01,0.01,0.094285,1776160184000
1776160186.099,286.099,0.01,9.69,,,,,,,,,0.02,5.0,0.04,5.0,0.06,5.0,0.11,50.0,0.12,10.0,0.98,5.0,0.96,5.0,0.94,5.0,0.91,5.0,0.89,50.0,0.99,14.69,,,,,,,,,0.01,0.01,0.094285,1776160184000
1776160186.459,286.459,0.01,9.69,,,,,,,,,0.02,5.0,0.04,5.0,0.06,5.0,0.11,50.0,0.12,10.0,0.98,5.0,0.96,5.0,0.94,5.0,0.89,50.0,0.88,10.0,0.99,9.69,,,,,,,,,0.01,0.01,0.094285,1776160185000
1776160187.256,287.256,0.01,9.69,,,,,,,,,0.02,5.0,0.04,5.0,0.06,5.0,0.11,50.0,0.12,10.0,0.98,5.0,0.96,5.0,0.94,5.0,0.89,50.0,0.88,10.0,0.99,9.69,,,,,,,,,0.01,0.01,0.094285,1776160186000
1776160188.707,288.707,0.01,9.69,,,,,,,,,0.02,5.0,0.04,5.0,0.06,5.0,0.11,50.0,0.12,10.0,0.98,5.0,0.96,5.0,0.94,5.0,0.89,50.0,0.88,10.0,0.99,9.69,,,,,,,,,0.01,0.01,0.094281,1776160187000
1776160189.418,289.418,0.01,9.69,,,,,,,,,0.02,5.0,0.04,5.0,0.06,5.0,0.11,50.0,0.12,10.0,0.98,5.0,0.96,5.0,0.94,5.0,0.89,50.0,0.88,10.0,0.99,9.69,,,,,,,,,0.01,0.01,0.094281,1776160188000
1776160190.217,290.217,,,,,,,,,,,0.01,492.31,0.02,5.0,0.04,5.0,0.06,5.0,0.1,10.0,0.99,492.31,0.98,5.0,0.96,5.0,0.94,5.0,0.9,10.0,,,,,,,,,,,,,0.094281,1776160189000
1776160191.709,291.709,,,,,,,,,,,0.01,492.31,0.02,5.0,0.04,5.0,0.06,5.0,0.1,10.0,0.99,492.31,0.98,5.0,0.96,5.0,0.94,5.0,0.9,10.0,,,,,,,,,,,,,0.094281,1776160190000
1776160192.55,292.55,,,,,,,,,,,0.01,492.31,0.02,5.0,0.04,5.0,0.06,5.0,0.1,10.0,0.99,492.31,0.98,5.0,0.96,5.0,0.94,5.0,0.9,10.0,,,,,,,,,,,,,0.094281,1776160191000
1776160193.378,293.378,,,,,,,,,,,0.01,492.31,0.02,5.0,0.04,5.0,0.06,5.0,0.1,10.0,0.99,492.31,0.98,5.0,0.96,5.0,0.94,5.0,0.9,10.0,,,,,,,,,,,,,0.094281,1776160192000
1776160194.491,294.491,,,,,,,,,,,0.01,492.31,0.02,5.0,0.04,5.0,0.06,5.0,0.1,10.0,0.99,492.31,0.98,5.0,0.96,5.0,0.94,5.0,0.9,10.0,,,,,,,,,,,,,0.094283,1776160193000
1776160195.068,295.068,,,,,,,,,,,0.01,492.31,0.02,5.0,0.04,5.0,0.06,5.0,0.1,10.0,0.99,492.31,0.98,5.0,0.96,5.0,0.94,5.0,0.9,10.0,,,,,,,,,,,,,0.094285,1776160194000
1776160196.151,296.151,,,,,,,,,,,0.01,492.31,0.02,5.0,0.04,5.0,0.06,5.0,0.1,10.0,0.99,492.31,0.98,5.0,0.96,5.0,0.94,5.0,0.9,10.0,,,,,,,,,,,,,0.094296,1776160195000
1776160197.344,297.344,,,,,,,,,,,0.01,492.31,0.02,5.0,0.04,5.0,0.06,5.0,0.1,10.0,0.99,492.31,0.98,5.0,0.96,5.0,0.94,5.0,0.9,10.0,,,,,,,,,,,,,0.094297,1776160196000
1776160198.359,298.359,,,,,,,,,,,0.01,2816.58,0.02,5.0,0.04,5.0,0.06,5.0,0.1,10.0,0.99,492.31,0.98,5.0,0.96,5.0,0.94,5.0,0.9,10.0,,,,,,,,,,,,,0.094297,1776160196000
1776160199.146,299.146,,,,,,,,,,,0.01,2816.58,0.02,5.0,0.04,5.0,0.06,5.0,0.1,10.0,0.99,2816.58,0.98,5.0,0.96,5.0,0.94,5.0,0.9,10.0,,,,,,,,,,,,,0.094297,1776160198000
1776160200.114,300.114,,,,,,,,,,,0.01,2816.58,0.02,5.0,0.04,5.0,0.06,5.0,0.1,10.0,0.99,2816.58,0.98,5.0,0.96,5.0,0.94,5.0,0.9,10.0,,,,,,,,,,,,,0.094297,1776160199000

# RESULT,winner=Down,slug=doge-updown-5m-1776159900,ticks=326
