timestamp,elapsed_sec,up_bid_p1,up_bid_s1,up_bid_p2,up_bid_s2,up_bid_p3,up_bid_s3,up_bid_p4,up_bid_s4,up_bid_p5,up_bid_s5,up_ask_p1,up_ask_s1,up_ask_p2,up_ask_s2,up_ask_p3,up_ask_s3,up_ask_p4,up_ask_s4,up_ask_p5,up_ask_s5,down_bid_p1,down_bid_s1,down_bid_p2,down_bid_s2,down_bid_p3,down_bid_s3,down_bid_p4,down_bid_s4,down_bid_p5,down_bid_s5,down_ask_p1,down_ask_s1,down_ask_p2,down_ask_s2,down_ask_p3,down_ask_s3,down_ask_p4,down_ask_s4,down_ask_p5,down_ask_s5,up_spread,down_spread,doge_price,doge_oracle_ts
1776164401.428,1.428,0.41,13.0,0.4,8.0,0.39,8.0,0.38,8.0,0.37,189.0,0.5,5.09,0.59,13.0,0.6,8.0,0.61,8.0,0.62,8.0,0.5,5.09,0.41,13.0,0.4,8.0,0.39,8.0,0.38,8.0,0.59,13.0,0.6,8.0,0.61,8.0,0.62,8.0,0.63,189.0,0.09,0.09,0.094442,1776164400000
1776164402.132,2.132,0.41,13.0,0.4,8.0,0.39,8.0,0.38,8.0,0.37,189.0,0.5,5.09,0.59,13.0,0.6,8.0,0.61,8.0,0.62,8.0,0.5,5.09,0.41,13.0,0.4,8.0,0.39,8.0,0.38,8.0,0.59,13.0,0.6,8.0,0.61,8.0,0.62,8.0,0.63,189.0,0.09,0.09,0.094442,1776164401000
1776164404.123,4.123,0.41,13.0,0.4,8.0,0.39,8.0,0.38,8.0,0.37,189.0,0.5,5.09,0.59,13.0,0.6,8.0,0.61,8.0,0.62,8.0,0.5,5.09,0.41,13.0,0.4,8.0,0.39,8.0,0.38,8.0,0.59,13.0,0.6,8.0,0.61,8.0,0.62,8.0,0.63,189.0,0.09,0.09,0.094405,1776164403000
1776164405.069,5.069,0.41,13.0,0.4,8.0,0.39,8.0,0.38,8.0,0.37,189.0,0.5,5.09,0.59,13.0,0.6,8.0,0.61,8.0,0.62,8.0,0.5,5.09,0.41,13.0,0.4,8.0,0.39,8.0,0.38,8.0,0.59,13.0,0.6,8.0,0.61,8.0,0.62,8.0,0.63,189.0,0.09,0.09,0.094405,1776164404000
1776164405.328,5.328,0.41,42.52,0.36,7.15,0.35,5.0,0.31,50.0,0.27,450.0,0.46,9.0,0.71,50.0,0.73,450.0,0.75,600.0,0.79,750.0,0.5,5.09,0.41,13.0,0.4,8.0,0.39,8.0,0.38,8.0,0.59,13.0,0.6,8.0,0.61,8.0,0.62,8.0,0.63,189.0,0.05,0.09,0.094405,1776164404000
1776164405.724,5.724,0.27,450.0,0.25,600.0,0.21,750.0,0.17,900.0,0.16,5.0,0.31,37.85,0.37,5.0,0.41,50.0,0.46,9.0,0.51,50.0,0.54,9.0,0.29,50.0,0.27,450.0,0.25,600.0,0.21,750.0,0.59,42.52,0.64,7.15,0.65,5.0,0.69,50.0,0.73,450.0,0.04,0.05,0.094405,1776164404000
1776164406.297,6.297,0.27,450.0,0.25,600.0,0.21,750.0,0.17,900.0,0.16,5.0,0.31,37.85,0.37,5.0,0.41,50.0,0.46,9.0,0.51,50.0,0.69,37.85,0.63,5.0,0.59,50.0,0.54,9.0,0.49,50.0,0.73,450.0,0.75,600.0,0.79,750.0,0.83,900.0,0.84,5.0,0.04,0.04,0.094396,1776164405000
1776164407.138,7.138,0.27,450.0,0.25,600.0,0.21,750.0,0.17,900.0,0.16,5.0,0.31,37.85,0.37,5.0,0.41,50.0,0.46,9.0,0.51,50.0,0.69,37.85,0.63,5.0,0.59,50.0,0.54,9.0,0.49,50.0,0.73,450.0,0.75,600.0,0.79,750.0,0.83,900.0,0.84,5.0,0.04,0.04,0.09436,1776164406000
1776164408.269,8.269,0.27,450.0,0.25,600.0,0.21,750.0,0.17,900.0,0.16,5.0,0.31,37.85,0.37,5.0,0.41,50.0,0.46,9.0,0.51,50.0,0.69,37.85,0.63,5.0,0.59,50.0,0.54,9.0,0.49,50.0,0.73,450.0,0.75,600.0,0.79,750.0,0.83,900.0,0.84,5.0,0.04,0.04,0.094343,1776164407000
1776164409.333,9.333,0.25,600.0,0.21,750.0,0.17,905.0,0.16,5.0,0.15,1050.0,0.27,3.04,0.31,37.85,0.34,7.0,0.41,50.0,0.51,50.0,0.73,3.04,0.69,37.85,0.66,7.0,0.59,50.0,0.49,50.0,0.75,600.0,0.79,750.0,0.83,905.0,0.84,5.0,0.85,1050.0,0.02,0.02,0.094342,1776164408000
1776164410.259,10.259,0.25,600.0,0.21,750.0,0.17,905.0,0.16,5.0,0.15,1050.0,0.27,3.04,0.31,37.85,0.34,7.0,0.41,50.0,0.51,50.0,0.73,3.04,0.69,37.85,0.66,7.0,0.59,50.0,0.49,50.0,0.75,600.0,0.79,750.0,0.83,905.0,0.84,5.0,0.85,1050.0,0.02,0.02,0.094338,1776164409000
1776164411.299,11.299,0.25,600.0,0.21,750.0,0.17,905.0,0.16,5.0,0.15,1050.0,0.27,3.04,0.31,37.85,0.34,7.0,0.41,50.0,0.51,50.0,0.73,3.04,0.69,37.85,0.66,7.0,0.59,50.0,0.49,50.0,0.75,600.0,0.79,750.0,0.83,905.0,0.84,5.0,0.85,1050.0,0.02,0.02,0.094338,1776164410000
1776164411.848,11.848,0.18,10.0,0.17,5.0,0.16,5.0,0.14,35.0,0.11,100.0,0.28,0.82,0.31,37.85,0.37,17.0,0.41,50.0,0.51,50.0,0.73,3.04,0.69,37.85,0.66,7.0,0.59,50.0,0.49,50.0,0.75,600.0,0.79,750.0,0.83,905.0,0.84,5.0,0.85,1050.0,0.1,0.02,0.094338,1776164410000
1776164412.282,12.282,0.18,10.0,0.17,5.0,0.16,5.0,0.14,35.0,0.11,100.0,0.28,0.82,0.31,37.85,0.37,17.0,0.41,50.0,0.51,50.0,0.72,0.82,0.69,37.85,0.63,17.0,0.59,50.0,0.49,50.0,0.82,10.0,0.83,5.0,0.84,5.0,0.86,35.0,0.89,100.0,0.1,0.1,0.09434,1776164411000
1776164413.396,13.396,0.18,10.0,0.17,5.0,0.16,5.0,0.14,35.0,0.11,100.0,0.28,0.82,0.31,37.85,0.37,17.0,0.41,50.0,0.51,50.0,0.72,0.82,0.69,37.85,0.63,17.0,0.59,50.0,0.49,50.0,0.82,10.0,0.83,5.0,0.84,5.0,0.86,35.0,0.89,100.0,0.1,0.1,0.09434,1776164412000
1776164414.328,14.328,0.18,10.0,0.17,5.0,0.16,5.0,0.14,35.0,0.11,100.0,0.28,0.82,0.31,37.85,0.37,17.0,0.41,50.0,0.51,50.0,0.72,0.82,0.69,37.85,0.63,17.0,0.59,50.0,0.49,50.0,0.82,10.0,0.83,5.0,0.84,5.0,0.86,35.0,0.89,100.0,0.1,0.1,0.09434,1776164413000
1776164415.46,15.46,0.18,10.0,0.17,5.0,0.16,5.0,0.14,35.0,0.11,100.0,0.28,0.82,0.31,37.85,0.37,17.0,0.41,50.0,0.51,50.0,0.72,0.82,0.69,37.85,0.63,17.0,0.59,50.0,0.49,50.0,0.82,10.0,0.83,5.0,0.84,5.0,0.86,35.0,0.89,100.0,0.1,0.1,0.094341,1776164414000
1776164416.117,16.117,0.18,10.0,0.17,5.0,0.16,5.0,0.14,35.0,0.11,100.0,0.28,0.82,0.31,37.85,0.37,17.0,0.41,50.0,0.51,50.0,0.72,0.82,0.69,37.85,0.63,17.0,0.59,50.0,0.49,50.0,0.82,10.0,0.83,5.0,0.84,5.0,0.86,35.0,0.89,100.0,0.1,0.1,0.094342,1776164415000
1776164416.883,16.883,0.21,20.02,0.11,150.0,0.07,20.0,0.06,20.0,0.05,6055.0,0.41,50.0,0.42,8.0,0.51,50.0,0.61,50.0,0.67,7.36,0.72,0.82,0.69,37.85,0.63,17.0,0.59,50.0,0.49,50.0,0.82,10.0,0.83,5.0,0.84,5.0,0.86,35.0,0.89,100.0,0.2,0.1,0.094342,1776164415000
1776164418.773,18.773,0.21,20.02,0.11,150.0,0.07,20.0,0.06,20.0,0.05,6055.0,0.41,50.0,0.42,8.0,0.51,50.0,0.61,50.0,0.67,7.36,0.59,50.0,0.58,8.0,0.49,50.0,0.39,50.0,0.33,7.36,0.79,20.02,0.89,150.0,0.93,20.0,0.94,20.0,0.95,6055.0,0.2,0.2,0.094356,1776164417000
1776164419.341,19.341,0.21,20.02,0.11,150.0,0.07,20.0,0.06,20.0,0.05,6055.0,0.41,50.0,0.42,8.0,0.51,50.0,0.61,50.0,0.67,7.36,0.59,50.0,0.58,8.0,0.49,50.0,0.39,50.0,0.33,7.36,0.79,20.02,0.89,150.0,0.93,20.0,0.94,20.0,0.95,6055.0,0.2,0.2,0.094348,1776164418000
1776164420.517,20.517,0.21,20.02,0.11,150.0,0.07,20.0,0.06,20.0,0.05,6055.0,0.41,50.0,0.42,8.0,0.51,50.0,0.61,50.0,0.67,7.36,0.59,50.0,0.58,8.0,0.49,50.0,0.39,50.0,0.33,7.36,0.79,20.02,0.89,150.0,0.93,20.0,0.94,20.0,0.95,6055.0,0.2,0.2,0.094309,1776164419000
1776164421.052,21.052,0.21,20.02,0.11,150.0,0.07,20.0,0.06,20.0,0.05,6055.0,0.41,50.0,0.42,8.0,0.51,50.0,0.61,50.0,0.67,7.36,0.59,50.0,0.58,8.0,0.49,50.0,0.39,50.0,0.33,7.36,0.79,20.02,0.89,150.0,0.93,20.0,0.94,20.0,0.95,6055.0,0.2,0.2,0.094309,1776164420000
1776164422.47,22.47,0.21,20.02,0.11,150.0,0.07,20.0,0.06,20.0,0.05,6055.0,0.41,50.0,0.42,8.0,0.51,50.0,0.61,50.0,0.67,7.36,0.59,50.0,0.58,8.0,0.49,50.0,0.39,50.0,0.33,7.36,0.79,20.02,0.89,150.0,0.93,20.0,0.94,20.0,0.95,6055.0,0.2,0.2,0.09431,1776164421000
1776164423.277,23.277,0.21,20.02,0.11,150.0,0.07,20.0,0.06,20.0,0.05,6055.0,0.41,50.0,0.42,8.0,0.51,50.0,0.61,50.0,0.67,7.36,0.59,50.0,0.58,8.0,0.49,50.0,0.39,50.0,0.33,7.36,0.79,20.02,0.89,150.0,0.93,20.0,0.94,20.0,0.95,6055.0,0.2,0.2,0.094318,1776164422000
1776164424.015,24.015,0.21,20.02,0.11,150.0,0.07,20.0,0.06,20.0,0.05,6055.0,0.41,50.0,0.42,8.0,0.51,50.0,0.61,50.0,0.67,7.36,0.59,50.0,0.58,8.0,0.49,50.0,0.39,50.0,0.33,7.36,0.79,20.02,0.89,150.0,0.93,20.0,0.94,20.0,0.95,6055.0,0.2,0.2,0.094323,1776164423000
1776164425.116,25.116,0.21,20.02,0.11,150.0,0.07,20.0,0.06,20.0,0.05,6055.0,0.41,50.0,0.42,8.0,0.51,50.0,0.61,50.0,0.67,7.36,0.59,50.0,0.58,8.0,0.49,50.0,0.39,50.0,0.33,7.36,0.79,20.02,0.89,150.0,0.93,20.0,0.94,20.0,0.95,6055.0,0.2,0.2,0.094326,1776164424000
1776164426.204,26.204,0.21,20.02,0.11,150.0,0.07,20.0,0.06,20.0,0.05,6055.0,0.41,50.0,0.42,8.0,0.51,50.0,0.61,50.0,0.67,7.36,0.59,50.0,0.58,8.0,0.49,50.0,0.39,50.0,0.33,7.36,0.79,20.02,0.89,150.0,0.93,20.0,0.94,20.0,0.95,6055.0,0.2,0.2,0.094327,1776164425000
1776164427.432,27.432,0.21,20.02,0.11,150.0,0.07,20.0,0.06,20.0,0.05,6055.0,0.41,50.0,0.42,8.0,0.51,50.0,0.61,50.0,0.67,7.36,0.59,50.0,0.58,8.0,0.49,50.0,0.39,50.0,0.33,7.36,0.79,20.02,0.89,150.0,0.93,20.0,0.94,20.0,0.95,6055.0,0.2,0.2,0.094336,1776164426000
1776164428.401,28.401,0.21,20.02,0.11,150.0,0.07,20.0,0.06,20.0,0.05,6055.0,0.41,50.0,0.42,8.0,0.51,50.0,0.61,50.0,0.67,7.36,0.59,50.0,0.58,8.0,0.49,50.0,0.39,50.0,0.33,7.36,0.79,20.02,0.89,150.0,0.93,20.0,0.94,20.0,0.95,6055.0,0.2,0.2,0.094336,1776164427000
1776164429.004,29.004,0.21,20.02,0.11,150.0,0.07,20.0,0.06,20.0,0.05,6055.0,0.41,50.0,0.42,8.0,0.51,50.0,0.61,50.0,0.67,7.36,0.59,50.0,0.58,8.0,0.49,50.0,0.39,50.0,0.33,7.36,0.79,20.02,0.89,150.0,0.93,20.0,0.94,20.0,0.95,6055.0,0.2,0.2,0.094333,1776164428000
1776164430.182,30.182,0.21,20.02,0.11,150.0,0.07,20.0,0.06,20.0,0.05,6055.0,0.41,50.0,0.42,8.0,0.51,50.0,0.61,50.0,0.67,7.36,0.59,50.0,0.58,8.0,0.49,50.0,0.39,50.0,0.33,7.36,0.79,20.02,0.89,150.0,0.93,20.0,0.94,20.0,0.95,6055.0,0.2,0.2,0.094318,1776164429000
1776164431.414,31.414,0.21,20.02,0.11,150.0,0.07,20.0,0.06,20.0,0.05,6055.0,0.41,50.0,0.42,8.0,0.51,50.0,0.61,50.0,0.67,7.36,0.59,50.0,0.58,8.0,0.49,50.0,0.39,50.0,0.33,7.36,0.79,20.02,0.89,150.0,0.93,20.0,0.94,20.0,0.95,6055.0,0.2,0.2,0.094318,1776164430000
1776164432.401,32.401,0.21,20.02,0.11,150.0,0.07,20.0,0.06,20.0,0.05,6055.0,0.41,50.0,0.42,8.0,0.51,50.0,0.61,50.0,0.67,7.36,0.59,50.0,0.58,8.0,0.49,50.0,0.39,50.0,0.33,7.36,0.79,20.02,0.89,150.0,0.93,20.0,0.94,20.0,0.95,6055.0,0.2,0.2,0.094317,1776164431000
1776164433.383,33.383,0.21,20.02,0.11,150.0,0.07,20.0,0.06,20.0,0.05,6055.0,0.41,50.0,0.42,8.0,0.51,50.0,0.61,50.0,0.67,7.36,0.59,50.0,0.58,8.0,0.49,50.0,0.39,50.0,0.33,7.36,0.79,20.02,0.89,150.0,0.93,20.0,0.94,20.0,0.95,6055.0,0.2,0.2,0.094319,1776164432000
1776164433.906,33.906,0.21,20.02,0.11,150.0,0.07,20.0,0.06,20.0,0.05,6055.0,0.41,50.0,0.42,8.0,0.51,50.0,0.61,50.0,0.67,7.36,0.59,50.0,0.58,8.0,0.49,50.0,0.39,50.0,0.33,7.36,0.79,20.02,0.89,150.0,0.93,20.0,0.94,20.0,0.95,6055.0,0.2,0.2,0.094319,1776164433000
1776164435.101,35.101,0.21,20.02,0.11,150.0,0.07,20.0,0.06,20.0,0.05,6055.0,0.41,50.0,0.42,8.0,0.51,50.0,0.61,50.0,0.67,7.36,0.59,50.0,0.58,8.0,0.49,50.0,0.39,50.0,0.33,7.36,0.79,20.02,0.89,150.0,0.93,20.0,0.94,20.0,0.95,6055.0,0.2,0.2,0.094319,1776164434000
1776164435.44,35.44,0.21,0.93,0.11,100.0,0.09,5.0,0.08,5.0,0.07,39.9,0.22,40.0,0.27,10.0,0.28,16.0,0.29,10.0,0.3,15.0,0.59,50.0,0.58,8.0,0.49,50.0,0.39,50.0,0.33,7.36,0.79,20.02,0.89,150.0,0.93,20.0,0.94,20.0,0.95,6055.0,0.01,0.2,0.094319,1776164434000
1776164436.312,36.312,0.21,0.93,0.11,100.0,0.09,5.0,0.08,5.0,0.07,39.9,0.22,40.0,0.27,10.0,0.28,16.0,0.29,10.0,0.3,15.0,0.78,40.0,0.73,10.0,0.72,16.0,0.71,10.0,0.7,15.0,0.79,0.93,0.89,100.0,0.91,5.0,0.92,5.0,0.93,39.9,0.01,0.01,0.094316,1776164435000
1776164437.308,37.308,0.21,0.93,0.11,100.0,0.09,5.0,0.08,5.0,0.07,39.9,0.22,40.0,0.27,10.0,0.28,16.0,0.29,10.0,0.3,15.0,0.78,40.0,0.73,10.0,0.72,16.0,0.71,10.0,0.7,15.0,0.79,0.93,0.89,100.0,0.91,5.0,0.92,5.0,0.93,39.9,0.01,0.01,0.094307,1776164436000
1776164438.416,38.416,0.21,0.93,0.11,100.0,0.09,5.0,0.08,5.0,0.07,39.9,0.22,40.0,0.27,10.0,0.28,16.0,0.29,10.0,0.3,15.0,0.78,40.0,0.73,10.0,0.72,16.0,0.71,10.0,0.7,15.0,0.79,0.93,0.89,100.0,0.91,5.0,0.92,5.0,0.93,39.9,0.01,0.01,0.094299,1776164437000
1776164439.011,39.011,0.21,0.93,0.11,100.0,0.09,5.0,0.08,5.0,0.07,39.9,0.22,40.0,0.27,10.0,0.28,16.0,0.29,10.0,0.3,15.0,0.78,40.0,0.73,10.0,0.72,16.0,0.71,10.0,0.7,15.0,0.79,0.93,0.89,100.0,0.91,5.0,0.92,5.0,0.93,39.9,0.01,0.01,0.094298,1776164438000
1776164440.205,40.205,0.21,0.93,0.11,100.0,0.09,5.0,0.08,5.0,0.07,39.9,0.22,40.0,0.27,10.0,0.28,16.0,0.29,10.0,0.3,15.0,0.78,40.0,0.73,10.0,0.72,16.0,0.71,10.0,0.7,15.0,0.79,0.93,0.89,100.0,0.91,5.0,0.92,5.0,0.93,39.9,0.01,0.01,0.094298,1776164439000
1776164441.266,41.266,0.21,0.93,0.11,100.0,0.09,5.0,0.08,5.0,0.07,39.9,0.22,40.0,0.27,10.0,0.28,16.0,0.29,10.0,0.3,15.0,0.78,40.0,0.73,10.0,0.72,16.0,0.71,10.0,0.7,15.0,0.79,0.93,0.89,100.0,0.91,5.0,0.92,5.0,0.93,39.9,0.01,0.01,0.094298,1776164440000
1776164442.487,42.487,0.21,0.93,0.11,100.0,0.09,5.0,0.08,5.0,0.07,39.9,0.22,40.0,0.27,10.0,0.28,16.0,0.29,10.0,0.3,15.0,0.78,40.0,0.73,10.0,0.72,16.0,0.71,10.0,0.7,15.0,0.79,0.93,0.89,100.0,0.91,5.0,0.92,5.0,0.93,39.9,0.01,0.01,0.094298,1776164441000
1776164443.128,43.128,0.21,0.93,0.11,100.0,0.09,5.0,0.08,5.0,0.07,39.9,0.22,40.0,0.27,10.0,0.28,16.0,0.29,10.0,0.3,15.0,0.78,40.0,0.73,10.0,0.72,16.0,0.71,10.0,0.7,15.0,0.79,0.93,0.89,100.0,0.91,5.0,0.92,5.0,0.93,39.9,0.01,0.01,0.094298,1776164442000
1776164444.219,44.219,0.21,0.93,0.11,100.0,0.09,5.0,0.08,5.0,0.07,39.9,0.22,40.0,0.27,10.0,0.28,16.0,0.29,10.0,0.3,15.0,0.78,40.0,0.73,10.0,0.72,16.0,0.71,10.0,0.7,15.0,0.79,0.93,0.89,100.0,0.91,5.0,0.92,5.0,0.93,39.9,0.01,0.01,0.094298,1776164443000
1776164445.381,45.381,0.21,0.93,0.17,18.39,0.16,19.3,0.15,20.39,0.14,21.6,0.22,40.0,0.29,10.0,0.3,15.0,0.31,67.0,0.41,50.0,0.78,40.0,0.71,10.0,0.7,15.0,0.69,67.0,0.59,50.0,0.79,0.93,0.83,18.39,0.84,19.3,0.85,20.39,0.86,21.6,0.01,0.01,0.094299,1776164444000
1776164445.972,45.972,0.21,0.93,0.17,18.39,0.16,19.3,0.15,20.39,0.14,21.6,0.22,40.0,0.29,10.0,0.3,15.0,0.31,67.0,0.41,50.0,0.78,40.0,0.71,10.0,0.7,15.0,0.69,67.0,0.59,50.0,0.79,0.93,0.83,18.39,0.84,19.3,0.85,20.39,0.86,21.6,0.01,0.01,0.094302,1776164445000
1776164447.166,47.166,0.21,0.93,0.17,18.39,0.16,19.3,0.15,20.39,0.14,21.6,0.22,40.0,0.29,10.0,0.3,15.0,0.31,67.0,0.41,50.0,0.78,40.0,0.71,10.0,0.7,15.0,0.69,67.0,0.59,50.0,0.79,0.93,0.83,18.39,0.84,19.3,0.85,20.39,0.86,21.6,0.01,0.01,0.094321,1776164446000
1776164448.103,48.103,0.21,0.93,0.17,18.39,0.16,19.3,0.15,20.39,0.14,21.6,0.22,40.0,0.29,10.0,0.3,15.0,0.31,67.0,0.41,50.0,0.78,40.0,0.71,10.0,0.7,15.0,0.69,67.0,0.59,50.0,0.79,0.93,0.83,18.39,0.84,19.3,0.85,20.39,0.86,21.6,0.01,0.01,0.09432,1776164447000
1776164449.112,49.112,0.21,0.93,0.17,18.39,0.16,19.3,0.15,20.39,0.14,21.6,0.22,40.0,0.29,10.0,0.3,15.0,0.31,67.0,0.41,50.0,0.78,40.0,0.71,10.0,0.7,15.0,0.69,67.0,0.59,50.0,0.79,0.93,0.83,18.39,0.84,19.3,0.85,20.39,0.86,21.6,0.01,0.01,0.094319,1776164448000
1776164450.296,50.296,0.21,10.93,0.2,16.2,0.19,16.89,0.18,17.6,0.17,18.39,0.22,4.77,0.3,5.0,0.34,15.0,0.35,10.0,0.36,10.0,0.78,4.77,0.7,5.0,0.66,15.0,0.65,10.0,0.64,10.0,0.79,10.93,0.8,16.2,0.81,16.89,0.82,17.6,0.83,18.39,0.01,0.01,0.094333,1776164449000
1776164451.36,51.36,0.21,26.63,0.2,16.2,0.19,16.89,0.18,17.6,0.17,18.39,0.3,5.0,0.39,10.0,0.4,15.0,0.41,60.0,0.42,10.0,0.78,4.77,0.7,5.0,0.66,15.0,0.65,10.0,0.64,10.0,0.79,10.93,0.8,16.2,0.81,16.89,0.82,17.6,0.83,18.39,0.09,0.01,0.094333,1776164449000
1776164451.983,51.983,0.21,26.63,0.2,16.2,0.19,16.89,0.18,17.6,0.17,18.39,0.3,5.0,0.39,10.0,0.4,15.0,0.41,60.0,0.42,10.0,0.7,5.0,0.61,10.0,0.6,15.0,0.59,60.0,0.58,10.0,0.79,26.63,0.8,16.2,0.81,16.89,0.82,17.6,0.83,18.39,0.09,0.09,0.094372,1776164451000
1776164453.089,53.089,0.21,26.63,0.2,16.2,0.19,16.89,0.18,17.6,0.17,18.39,0.3,5.0,0.39,10.0,0.4,15.0,0.41,60.0,0.42,10.0,0.7,5.0,0.61,10.0,0.6,15.0,0.59,60.0,0.58,10.0,0.79,26.63,0.8,16.2,0.81,16.89,0.82,17.6,0.83,18.39,0.09,0.09,0.094383,1776164452000
1776164454.166,54.166,0.29,10.0,0.26,39.0,0.25,10.0,0.24,10.0,0.23,24.7,0.46,5.0,0.49,9.0,0.5,10.0,0.51,60.0,0.52,20.0,0.54,5.0,0.51,9.0,0.5,10.0,0.49,60.0,0.48,20.0,0.71,10.0,0.74,39.0,0.75,10.0,0.76,10.0,0.77,24.7,0.17,0.17,0.094383,1776164453000
1776164455.293,55.293,0.29,10.0,0.26,39.0,0.25,10.0,0.24,10.0,0.23,24.7,0.46,5.0,0.49,9.0,0.5,10.0,0.51,60.0,0.52,20.0,0.54,5.0,0.51,9.0,0.5,10.0,0.49,60.0,0.48,20.0,0.71,10.0,0.74,39.0,0.75,10.0,0.76,10.0,0.77,24.7,0.17,0.17,0.094401,1776164454000
1776164456.379,56.379,0.29,10.0,0.26,39.0,0.25,10.0,0.24,10.0,0.23,24.7,0.46,5.0,0.49,9.0,0.5,10.0,0.51,60.0,0.52,20.0,0.54,5.0,0.51,9.0,0.5,10.0,0.49,60.0,0.48,20.0,0.71,10.0,0.74,39.0,0.75,10.0,0.76,10.0,0.77,24.7,0.17,0.17,0.094398,1776164455000
1776164457.485,57.485,0.29,10.0,0.26,39.0,0.25,10.0,0.24,10.0,0.23,24.7,0.46,5.0,0.49,9.0,0.5,10.0,0.51,60.0,0.52,20.0,0.54,5.0,0.51,9.0,0.5,10.0,0.49,60.0,0.48,20.0,0.71,10.0,0.74,39.0,0.75,10.0,0.76,10.0,0.77,24.7,0.17,0.17,0.094383,1776164456000
1776164457.994,57.994,0.29,10.0,0.26,39.0,0.25,10.0,0.24,10.0,0.23,24.7,0.46,5.0,0.49,9.0,0.5,10.0,0.51,60.0,0.52,20.0,0.54,5.0,0.51,9.0,0.5,10.0,0.49,60.0,0.48,20.0,0.71,10.0,0.74,39.0,0.75,10.0,0.76,10.0,0.77,24.7,0.17,0.17,0.094383,1776164457000
1776164459.588,59.588,0.29,10.0,0.26,39.0,0.25,10.0,0.24,10.0,0.23,24.7,0.46,5.0,0.49,9.0,0.5,10.0,0.51,60.0,0.52,20.0,0.54,5.0,0.51,9.0,0.5,10.0,0.49,60.0,0.48,20.0,0.71,10.0,0.74,39.0,0.75,10.0,0.76,10.0,0.77,24.7,0.17,0.17,0.094379,1776164458000
1776164460.263,60.263,0.29,10.0,0.26,39.0,0.25,10.0,0.24,10.0,0.23,24.7,0.46,5.0,0.49,9.0,0.5,10.0,0.51,60.0,0.52,20.0,0.54,5.0,0.51,9.0,0.5,10.0,0.49,60.0,0.48,20.0,0.71,10.0,0.74,39.0,0.75,10.0,0.76,10.0,0.77,24.7,0.17,0.17,0.094378,1776164459000
1776164461.317,61.317,0.29,10.0,0.26,39.0,0.25,10.0,0.24,10.0,0.23,24.7,0.46,5.0,0.49,9.0,0.5,10.0,0.51,60.0,0.52,20.0,0.54,5.0,0.51,9.0,0.5,10.0,0.49,60.0,0.48,20.0,0.71,10.0,0.74,39.0,0.75,10.0,0.76,10.0,0.77,24.7,0.17,0.17,0.094378,1776164460000
1776164462.365,62.365,0.29,10.0,0.26,39.0,0.25,10.0,0.24,10.0,0.23,24.7,0.46,5.0,0.49,9.0,0.5,10.0,0.51,60.0,0.52,20.0,0.54,5.0,0.51,9.0,0.5,10.0,0.49,60.0,0.48,20.0,0.71,10.0,0.74,39.0,0.75,10.0,0.76,10.0,0.77,24.7,0.17,0.17,0.094388,1776164461000
1776164463.52,63.52,0.29,10.0,0.26,39.0,0.25,10.0,0.24,10.0,0.23,24.7,0.46,5.0,0.49,9.0,0.5,10.0,0.51,60.0,0.52,20.0,0.54,5.0,0.51,9.0,0.5,10.0,0.49,60.0,0.48,20.0,0.71,10.0,0.74,39.0,0.75,10.0,0.76,10.0,0.77,24.7,0.17,0.17,0.094392,1776164462000
1776164464.286,64.286,0.29,10.0,0.26,39.0,0.25,10.0,0.24,10.0,0.23,24.7,0.46,5.0,0.49,9.0,0.5,10.0,0.51,60.0,0.52,20.0,0.54,5.0,0.51,9.0,0.5,10.0,0.49,60.0,0.48,20.0,0.71,10.0,0.74,39.0,0.75,10.0,0.76,10.0,0.77,24.7,0.17,0.17,0.094392,1776164463000
1776164465.64,65.64,0.29,10.0,0.26,39.0,0.25,10.0,0.24,10.0,0.23,24.7,0.46,5.0,0.49,9.0,0.5,10.0,0.51,60.0,0.52,20.0,0.54,5.0,0.51,9.0,0.5,10.0,0.49,60.0,0.48,20.0,0.71,10.0,0.74,39.0,0.75,10.0,0.76,10.0,0.77,24.7,0.17,0.17,0.094416,1776164464000
1776164466.276,66.276,0.29,10.0,0.26,39.0,0.25,10.0,0.24,10.0,0.23,24.7,0.46,5.0,0.49,9.0,0.5,10.0,0.51,60.0,0.52,20.0,0.54,5.0,0.51,9.0,0.5,10.0,0.49,60.0,0.48,20.0,0.71,10.0,0.74,39.0,0.75,10.0,0.76,10.0,0.77,24.7,0.17,0.17,0.094416,1776164465000
1776164467.873,67.873,0.29,10.0,0.26,39.0,0.25,10.0,0.24,10.0,0.23,24.7,0.46,5.0,0.49,9.0,0.5,10.0,0.51,60.0,0.52,20.0,0.54,5.0,0.51,9.0,0.5,10.0,0.49,60.0,0.48,20.0,0.71,10.0,0.74,39.0,0.75,10.0,0.76,10.0,0.77,24.7,0.17,0.17,0.094416,1776164466000
1776164468.45,68.45,0.29,10.0,0.26,39.0,0.25,10.0,0.24,10.0,0.23,24.7,0.46,5.0,0.49,9.0,0.5,10.0,0.51,60.0,0.52,20.0,0.54,5.0,0.51,9.0,0.5,10.0,0.49,60.0,0.48,20.0,0.71,10.0,0.74,39.0,0.75,10.0,0.76,10.0,0.77,24.7,0.17,0.17,0.094416,1776164467000
1776164469.331,69.331,0.29,10.0,0.26,39.0,0.25,10.0,0.24,10.0,0.23,24.7,0.46,5.0,0.49,9.0,0.5,10.0,0.51,60.0,0.52,20.0,0.54,5.0,0.51,9.0,0.5,10.0,0.49,60.0,0.48,20.0,0.71,10.0,0.74,39.0,0.75,10.0,0.76,10.0,0.77,24.7,0.17,0.17,0.094416,1776164468000
1776164470.611,70.611,0.29,10.0,0.26,39.0,0.25,10.0,0.24,10.0,0.23,24.7,0.46,5.0,0.49,9.0,0.5,10.0,0.51,60.0,0.52,20.0,0.54,5.0,0.51,9.0,0.5,10.0,0.49,60.0,0.48,20.0,0.71,10.0,0.74,39.0,0.75,10.0,0.76,10.0,0.77,24.7,0.17,0.17,0.094416,1776164469000
1776164471.197,71.197,0.29,10.0,0.26,39.0,0.25,10.0,0.24,10.0,0.23,24.7,0.46,5.0,0.49,9.0,0.5,10.0,0.51,60.0,0.52,20.0,0.54,5.0,0.51,9.0,0.5,10.0,0.49,60.0,0.48,20.0,0.71,10.0,0.74,39.0,0.75,10.0,0.76,10.0,0.77,24.7,0.17,0.17,0.094416,1776164470000
1776164472.237,72.237,0.29,10.0,0.26,39.0,0.25,10.0,0.24,10.0,0.23,24.7,0.46,5.0,0.49,9.0,0.5,10.0,0.51,60.0,0.52,20.0,0.54,5.0,0.51,9.0,0.5,10.0,0.49,60.0,0.48,20.0,0.71,10.0,0.74,39.0,0.75,10.0,0.76,10.0,0.77,24.7,0.17,0.17,0.094416,1776164471000
1776164473.619,73.619,0.29,10.0,0.26,39.0,0.25,10.0,0.24,10.0,0.23,24.7,0.46,5.0,0.49,9.0,0.5,10.0,0.51,60.0,0.52,20.0,0.54,5.0,0.51,9.0,0.5,10.0,0.49,60.0,0.48,20.0,0.71,10.0,0.74,39.0,0.75,10.0,0.76,10.0,0.77,24.7,0.17,0.17,0.094416,1776164472000
1776164474.428,74.428,0.29,10.0,0.26,39.0,0.25,10.0,0.24,10.0,0.23,24.7,0.46,5.0,0.49,9.0,0.5,10.0,0.51,60.0,0.52,20.0,0.54,5.0,0.51,9.0,0.5,10.0,0.49,60.0,0.48,20.0,0.71,10.0,0.74,39.0,0.75,10.0,0.76,10.0,0.77,24.7,0.17,0.17,0.094416,1776164473000
1776164475.142,75.142,0.29,10.0,0.26,39.0,0.25,10.0,0.24,10.0,0.23,24.7,0.46,5.0,0.49,9.0,0.5,10.0,0.51,60.0,0.52,20.0,0.54,5.0,0.51,9.0,0.5,10.0,0.49,60.0,0.48,20.0,0.71,10.0,0.74,39.0,0.75,10.0,0.76,10.0,0.77,24.7,0.17,0.17,0.094416,1776164474000
1776164476.408,76.408,0.29,10.0,0.26,39.0,0.25,10.0,0.24,10.0,0.23,24.7,0.46,5.0,0.49,9.0,0.5,10.0,0.51,60.0,0.52,20.0,0.54,5.0,0.51,9.0,0.5,10.0,0.49,60.0,0.48,20.0,0.71,10.0,0.74,39.0,0.75,10.0,0.76,10.0,0.77,24.7,0.17,0.17,0.094411,1776164475000
1776164477.127,77.127,0.29,10.0,0.26,39.0,0.25,10.0,0.24,10.0,0.23,24.7,0.46,5.0,0.49,9.0,0.5,10.0,0.51,60.0,0.52,20.0,0.54,5.0,0.51,9.0,0.5,10.0,0.49,60.0,0.48,20.0,0.71,10.0,0.74,39.0,0.75,10.0,0.76,10.0,0.77,24.7,0.17,0.17,0.094405,1776164476000
1776164478.64,78.64,0.29,10.0,0.26,39.0,0.25,10.0,0.24,10.0,0.23,24.7,0.46,5.0,0.49,9.0,0.5,10.0,0.51,60.0,0.52,20.0,0.54,5.0,0.51,9.0,0.5,10.0,0.49,60.0,0.48,20.0,0.71,10.0,0.74,39.0,0.75,10.0,0.76,10.0,0.77,24.7,0.17,0.17,0.094408,1776164477000
1776164479.673,79.673,0.29,10.0,0.26,39.0,0.25,10.0,0.24,10.0,0.23,24.7,0.46,5.0,0.49,9.0,0.5,10.0,0.51,60.0,0.52,20.0,0.54,5.0,0.51,9.0,0.5,10.0,0.49,60.0,0.48,20.0,0.71,10.0,0.74,39.0,0.75,10.0,0.76,10.0,0.77,24.7,0.17,0.17,0.094429,1776164478000
1776164480.129,80.129,0.47,10.0,0.45,5.0,0.43,21.0,0.42,10.0,0.41,10.0,0.48,1.62,0.61,50.0,0.62,16.0,0.63,11.2,0.64,11.3,0.54,5.0,0.51,9.0,0.5,10.0,0.49,60.0,0.48,20.0,0.71,10.0,0.74,39.0,0.75,10.0,0.76,10.0,0.77,24.7,0.01,0.17,0.094429,1776164478000
1776164481.117,81.117,0.47,10.0,0.45,5.0,0.43,21.0,0.42,10.0,0.41,10.0,0.61,50.0,0.62,16.0,0.63,11.2,0.64,11.3,0.65,32.34,0.39,50.0,0.38,16.0,0.37,11.2,0.36,11.3,0.35,32.34,0.53,10.0,0.55,5.0,0.57,21.0,0.58,10.0,0.59,10.0,0.14,0.14,0.094436,1776164480000
1776164482.022,82.022,0.47,10.0,0.45,5.0,0.43,21.0,0.42,10.0,0.41,10.0,0.61,50.0,0.62,16.0,0.63,11.2,0.64,11.3,0.65,32.34,0.39,50.0,0.38,16.0,0.37,11.2,0.36,11.3,0.35,32.34,0.53,10.0,0.55,5.0,0.57,21.0,0.58,10.0,0.59,10.0,0.14,0.14,0.094451,1776164481000
1776164482.977,82.977,0.47,10.0,0.45,5.0,0.43,21.0,0.42,10.0,0.41,10.0,0.61,50.0,0.62,16.0,0.63,11.2,0.64,11.3,0.65,32.34,0.39,50.0,0.38,16.0,0.37,11.2,0.36,11.3,0.35,32.34,0.53,10.0,0.55,5.0,0.57,21.0,0.58,10.0,0.59,10.0,0.14,0.14,0.094459,1776164482000
1776164483.924,83.924,0.47,10.0,0.45,5.0,0.43,21.0,0.42,10.0,0.41,10.0,0.61,50.0,0.62,16.0,0.63,11.2,0.64,11.3,0.65,32.34,0.39,50.0,0.38,16.0,0.37,11.2,0.36,11.3,0.35,32.34,0.53,10.0,0.55,5.0,0.57,21.0,0.58,10.0,0.59,10.0,0.14,0.14,0.094459,1776164483000
1776164484.912,84.912,0.47,10.0,0.45,5.0,0.43,21.0,0.42,10.0,0.41,10.0,0.61,50.0,0.62,16.0,0.63,11.2,0.64,11.3,0.65,32.34,0.39,50.0,0.38,16.0,0.37,11.2,0.36,11.3,0.35,32.34,0.53,10.0,0.55,5.0,0.57,21.0,0.58,10.0,0.59,10.0,0.14,0.14,0.094448,1776164484000
1776164485.883,85.883,0.47,10.0,0.45,5.0,0.43,21.0,0.42,10.0,0.41,10.0,0.61,50.0,0.62,16.0,0.63,11.2,0.64,11.3,0.65,32.34,0.39,50.0,0.38,16.0,0.37,11.2,0.36,11.3,0.35,32.34,0.53,10.0,0.55,5.0,0.57,21.0,0.58,10.0,0.59,10.0,0.14,0.14,0.094446,1776164485000
1776164487.203,87.203,0.47,10.0,0.45,5.0,0.43,21.0,0.42,10.0,0.41,10.0,0.61,50.0,0.62,16.0,0.63,11.2,0.64,11.3,0.65,32.34,0.39,50.0,0.38,16.0,0.37,11.2,0.36,11.3,0.35,32.34,0.53,10.0,0.55,5.0,0.57,21.0,0.58,10.0,0.59,10.0,0.14,0.14,0.094445,1776164486000
1776164488.26,88.26,0.47,10.0,0.45,5.0,0.43,21.0,0.42,10.0,0.41,10.0,0.61,50.0,0.62,16.0,0.63,11.2,0.64,11.3,0.65,32.34,0.39,50.0,0.38,16.0,0.37,11.2,0.36,11.3,0.35,32.34,0.53,10.0,0.55,5.0,0.57,21.0,0.58,10.0,0.59,10.0,0.14,0.14,0.094445,1776164487000
1776164489.194,89.194,0.47,10.0,0.45,5.0,0.43,21.0,0.42,10.0,0.41,10.0,0.61,50.0,0.62,16.0,0.63,11.2,0.64,11.3,0.65,32.34,0.39,50.0,0.38,16.0,0.37,11.2,0.36,11.3,0.35,32.34,0.53,10.0,0.55,5.0,0.57,21.0,0.58,10.0,0.59,10.0,0.14,0.14,0.094442,1776164488000
1776164490.138,90.138,0.47,10.0,0.45,5.0,0.43,21.0,0.42,10.0,0.41,10.0,0.61,50.0,0.62,16.0,0.63,11.2,0.64,11.3,0.65,32.34,0.39,50.0,0.38,16.0,0.37,11.2,0.36,11.3,0.35,32.34,0.53,10.0,0.55,5.0,0.57,21.0,0.58,10.0,0.59,10.0,0.14,0.14,0.094442,1776164489000
1776164491.054,91.054,0.47,10.0,0.45,5.0,0.43,21.0,0.42,10.0,0.41,10.0,0.61,50.0,0.62,16.0,0.63,11.2,0.64,11.3,0.65,32.34,0.39,50.0,0.38,16.0,0.37,11.2,0.36,11.3,0.35,32.34,0.53,10.0,0.55,5.0,0.57,21.0,0.58,10.0,0.59,10.0,0.14,0.14,0.094448,1776164490000
1776164492.216,92.216,0.47,10.0,0.45,5.0,0.43,21.0,0.42,10.0,0.41,10.0,0.61,50.0,0.62,16.0,0.63,11.2,0.64,11.3,0.65,32.34,0.39,50.0,0.38,16.0,0.37,11.2,0.36,11.3,0.35,32.34,0.53,10.0,0.55,5.0,0.57,21.0,0.58,10.0,0.59,10.0,0.14,0.14,0.094453,1776164491000
1776164493.495,93.495,0.47,10.0,0.45,5.0,0.43,21.0,0.42,10.0,0.41,10.0,0.61,50.0,0.62,16.0,0.63,11.2,0.64,11.3,0.65,32.34,0.39,50.0,0.38,16.0,0.37,11.2,0.36,11.3,0.35,32.34,0.53,10.0,0.55,5.0,0.57,21.0,0.58,10.0,0.59,10.0,0.14,0.14,0.094446,1776164492000
1776164494.201,94.201,0.47,10.0,0.45,5.0,0.43,21.0,0.42,10.0,0.41,10.0,0.61,50.0,0.62,16.0,0.63,11.2,0.64,11.3,0.65,32.34,0.39,50.0,0.38,16.0,0.37,11.2,0.36,11.3,0.35,32.34,0.53,10.0,0.55,5.0,0.57,21.0,0.58,10.0,0.59,10.0,0.14,0.14,0.094444,1776164493000
1776164495.735,95.735,0.47,10.0,0.45,5.0,0.43,21.0,0.42,10.0,0.41,10.0,0.61,50.0,0.62,16.0,0.63,11.2,0.64,11.3,0.65,32.34,0.39,50.0,0.38,16.0,0.37,11.2,0.36,11.3,0.35,32.34,0.53,10.0,0.55,5.0,0.57,21.0,0.58,10.0,0.59,10.0,0.14,0.14,0.094437,1776164494000
1776164496.357,96.357,0.47,10.0,0.45,5.0,0.43,21.0,0.42,10.0,0.41,10.0,0.61,50.0,0.62,16.0,0.63,11.2,0.64,11.3,0.65,32.34,0.39,50.0,0.38,16.0,0.37,11.2,0.36,11.3,0.35,32.34,0.53,10.0,0.55,5.0,0.57,21.0,0.58,10.0,0.59,10.0,0.14,0.14,0.094437,1776164495000
1776164497.084,97.084,0.47,10.0,0.45,5.0,0.43,21.0,0.42,10.0,0.41,10.0,0.61,50.0,0.62,16.0,0.63,11.2,0.64,11.3,0.65,32.34,0.39,50.0,0.38,16.0,0.37,11.2,0.36,11.3,0.35,32.34,0.53,10.0,0.55,5.0,0.57,21.0,0.58,10.0,0.59,10.0,0.14,0.14,0.094437,1776164496000
1776164498.398,98.398,0.47,10.0,0.45,5.0,0.43,21.0,0.42,10.0,0.41,10.0,0.61,50.0,0.62,16.0,0.63,11.2,0.64,11.3,0.65,32.34,0.39,50.0,0.38,16.0,0.37,11.2,0.36,11.3,0.35,32.34,0.53,10.0,0.55,5.0,0.57,21.0,0.58,10.0,0.59,10.0,0.14,0.14,0.094437,1776164497000
1776164498.973,98.973,0.47,10.0,0.45,5.0,0.43,21.0,0.42,10.0,0.41,10.0,0.61,50.0,0.62,16.0,0.63,11.2,0.64,11.3,0.65,32.34,0.39,50.0,0.38,16.0,0.37,11.2,0.36,11.3,0.35,32.34,0.53,10.0,0.55,5.0,0.57,21.0,0.58,10.0,0.59,10.0,0.14,0.14,0.094435,1776164498000
1776164500.154,100.154,0.41,10.7,0.4,10.8,0.39,10.9,0.38,21.0,0.37,24.2,0.56,10.0,0.57,20.6,0.58,31.7,0.59,20.7,0.6,20.8,0.39,50.0,0.38,16.0,0.37,11.2,0.36,11.3,0.35,32.34,0.53,10.0,0.55,5.0,0.57,21.0,0.58,10.0,0.59,10.0,0.15,0.14,0.094435,1776164498000
1776164500.908,100.908,0.41,10.7,0.4,10.8,0.39,10.9,0.38,21.0,0.37,24.2,0.56,10.0,0.57,20.6,0.58,31.7,0.59,20.7,0.6,20.8,0.44,10.0,0.43,20.6,0.42,31.7,0.41,20.7,0.4,20.8,0.59,10.7,0.6,10.8,0.61,10.9,0.62,21.0,0.63,24.2,0.15,0.15,0.094437,1776164500000
1776164501.998,101.998,0.41,10.7,0.4,10.8,0.39,10.9,0.38,21.0,0.37,24.2,0.56,10.0,0.57,20.6,0.58,31.7,0.59,20.7,0.6,20.8,0.44,10.0,0.43,20.6,0.42,31.7,0.41,20.7,0.4,20.8,0.59,10.7,0.6,10.8,0.61,10.9,0.62,21.0,0.63,24.2,0.15,0.15,0.094437,1776164501000
1776164503.204,103.204,0.41,10.7,0.4,10.8,0.39,10.9,0.38,21.0,0.37,24.2,0.56,10.0,0.57,20.6,0.58,31.7,0.59,20.7,0.6,20.8,0.44,10.0,0.43,20.6,0.42,31.7,0.41,20.7,0.4,20.8,0.59,10.7,0.6,10.8,0.61,10.9,0.62,21.0,0.63,24.2,0.15,0.15,0.094439,1776164502000
1776164504.338,104.338,0.41,10.7,0.4,10.8,0.39,10.9,0.38,21.0,0.37,24.2,0.56,10.0,0.57,20.6,0.58,31.7,0.59,20.7,0.6,20.8,0.44,10.0,0.43,20.6,0.42,31.7,0.41,20.7,0.4,20.8,0.59,10.7,0.6,10.8,0.61,10.9,0.62,21.0,0.63,24.2,0.15,0.15,0.094438,1776164503000
1776164505.286,105.286,0.41,10.7,0.4,10.8,0.39,10.9,0.38,21.0,0.37,24.2,0.56,10.0,0.57,20.6,0.58,31.7,0.59,20.7,0.6,20.8,0.44,10.0,0.43,20.6,0.42,31.7,0.41,20.7,0.4,20.8,0.59,10.7,0.6,10.8,0.61,10.9,0.62,21.0,0.63,24.2,0.15,0.15,0.094438,1776164504000
1776164506.387,106.387,0.41,10.7,0.4,10.8,0.39,10.9,0.38,21.0,0.37,24.2,0.56,10.0,0.57,20.6,0.58,31.7,0.59,20.7,0.6,20.8,0.44,10.0,0.43,20.6,0.42,31.7,0.41,20.7,0.4,20.8,0.59,10.7,0.6,10.8,0.61,10.9,0.62,21.0,0.63,24.2,0.15,0.15,0.094439,1776164505000
1776164506.892,106.892,0.41,10.7,0.4,10.8,0.39,10.9,0.38,21.0,0.37,24.2,0.56,10.0,0.57,20.6,0.58,31.7,0.59,20.7,0.6,20.8,0.44,10.0,0.43,20.6,0.42,31.7,0.41,20.7,0.4,20.8,0.59,10.7,0.6,10.8,0.61,10.9,0.62,21.0,0.63,24.2,0.15,0.15,0.094439,1776164506000
1776164508.398,108.398,0.41,10.7,0.4,10.8,0.39,10.9,0.38,21.0,0.37,24.2,0.56,10.0,0.57,20.6,0.58,31.7,0.59,20.7,0.6,20.8,0.44,10.0,0.43,20.6,0.42,31.7,0.41,20.7,0.4,20.8,0.59,10.7,0.6,10.8,0.61,10.9,0.62,21.0,0.63,24.2,0.15,0.15,0.094439,1776164507000
1776164508.851,108.851,0.41,10.7,0.4,10.8,0.39,10.9,0.38,21.0,0.37,24.2,0.56,10.0,0.57,20.6,0.58,31.7,0.59,20.7,0.6,20.8,0.44,10.0,0.43,20.6,0.42,31.7,0.41,20.7,0.4,20.8,0.59,10.7,0.6,10.8,0.61,10.9,0.62,21.0,0.63,24.2,0.15,0.15,0.094439,1776164508000
1776164509.967,109.967,0.41,10.7,0.4,10.8,0.39,10.9,0.38,21.0,0.37,24.2,0.56,10.0,0.57,20.6,0.58,31.7,0.59,20.7,0.6,20.8,0.44,10.0,0.43,20.6,0.42,31.7,0.41,20.7,0.4,20.8,0.59,10.7,0.6,10.8,0.61,10.9,0.62,21.0,0.63,24.2,0.15,0.15,0.094438,1776164509000
1776164510.988,110.988,0.41,10.7,0.4,10.8,0.39,10.9,0.38,21.0,0.37,24.2,0.56,10.0,0.57,20.6,0.58,31.7,0.59,20.7,0.6,20.8,0.44,10.0,0.43,20.6,0.42,31.7,0.41,20.7,0.4,20.8,0.59,10.7,0.6,10.8,0.61,10.9,0.62,21.0,0.63,24.2,0.15,0.15,0.094439,1776164510000
1776164512.151,112.151,0.41,10.7,0.4,10.8,0.39,10.9,0.38,21.0,0.37,24.2,0.56,10.0,0.57,20.6,0.58,31.7,0.59,20.7,0.6,20.8,0.44,10.0,0.43,20.6,0.42,31.7,0.41,20.7,0.4,20.8,0.59,10.7,0.6,10.8,0.61,10.9,0.62,21.0,0.63,24.2,0.15,0.15,0.094439,1776164511000
1776164513.245,113.245,0.41,10.7,0.4,10.8,0.39,10.9,0.38,21.0,0.37,24.2,0.56,10.0,0.57,20.6,0.58,31.7,0.59,20.7,0.6,20.8,0.44,10.0,0.43,20.6,0.42,31.7,0.41,20.7,0.4,20.8,0.59,10.7,0.6,10.8,0.61,10.9,0.62,21.0,0.63,24.2,0.15,0.15,0.094439,1776164512000
1776164514.144,114.144,0.41,10.7,0.4,10.8,0.39,10.9,0.38,21.0,0.37,24.2,0.56,10.0,0.57,20.6,0.58,31.7,0.59,20.7,0.6,20.8,0.44,10.0,0.43,20.6,0.42,31.7,0.41,20.7,0.4,20.8,0.59,10.7,0.6,10.8,0.61,10.9,0.62,21.0,0.63,24.2,0.15,0.15,0.094439,1776164513000
1776164515.102,115.102,0.41,10.7,0.4,10.8,0.39,10.9,0.38,21.0,0.37,24.2,0.56,10.0,0.57,20.6,0.58,31.7,0.59,20.7,0.6,20.8,0.44,10.0,0.43,20.6,0.42,31.7,0.41,20.7,0.4,20.8,0.59,10.7,0.6,10.8,0.61,10.9,0.62,21.0,0.63,24.2,0.15,0.15,0.094439,1776164514000
1776164516.173,116.173,0.41,10.7,0.4,10.8,0.39,10.9,0.38,21.0,0.37,24.2,0.56,10.0,0.57,20.6,0.58,31.7,0.59,20.7,0.6,20.8,0.44,10.0,0.43,20.6,0.42,31.7,0.41,20.7,0.4,20.8,0.59,10.7,0.6,10.8,0.61,10.9,0.62,21.0,0.63,24.2,0.15,0.15,0.094439,1776164515000
1776164517.228,117.228,0.41,10.7,0.4,10.8,0.39,10.9,0.38,21.0,0.37,24.2,0.56,10.0,0.57,20.6,0.58,31.7,0.59,20.7,0.6,20.8,0.44,10.0,0.43,20.6,0.42,31.7,0.41,20.7,0.4,20.8,0.59,10.7,0.6,10.8,0.61,10.9,0.62,21.0,0.63,24.2,0.15,0.15,0.094456,1776164516000
1776164518.403,118.403,0.41,10.7,0.4,10.8,0.39,10.9,0.38,21.0,0.37,24.2,0.56,10.0,0.57,20.6,0.58,31.7,0.59,20.7,0.6,20.8,0.44,10.0,0.43,20.6,0.42,31.7,0.41,20.7,0.4,20.8,0.59,10.7,0.6,10.8,0.61,10.9,0.62,21.0,0.63,24.2,0.15,0.15,0.094477,1776164517000
1776164518.914,118.914,0.41,10.7,0.4,10.8,0.39,10.9,0.38,21.0,0.37,24.2,0.56,10.0,0.57,20.6,0.58,31.7,0.59,20.7,0.6,20.8,0.44,10.0,0.43,20.6,0.42,31.7,0.41,20.7,0.4,20.8,0.59,10.7,0.6,10.8,0.61,10.9,0.62,21.0,0.63,24.2,0.15,0.15,0.094475,1776164518000
1776164520.067,120.067,0.41,10.7,0.4,10.8,0.39,10.9,0.38,21.0,0.37,24.2,0.56,10.0,0.57,20.6,0.58,31.7,0.59,20.7,0.6,20.8,0.44,10.0,0.43,20.6,0.42,31.7,0.41,20.7,0.4,20.8,0.59,10.7,0.6,10.8,0.61,10.9,0.62,21.0,0.63,24.2,0.15,0.15,0.094475,1776164519000
1776164521.625,121.625,0.41,10.7,0.4,10.8,0.39,10.9,0.38,21.0,0.37,24.2,0.56,10.0,0.57,20.6,0.58,31.7,0.59,20.7,0.6,20.8,0.44,10.0,0.43,20.6,0.42,31.7,0.41,20.7,0.4,20.8,0.59,10.7,0.6,10.8,0.61,10.9,0.62,21.0,0.63,24.2,0.15,0.15,0.094476,1776164520000
1776164522.021,122.021,0.41,10.7,0.4,10.8,0.39,10.9,0.38,21.0,0.37,24.2,0.56,10.0,0.57,20.6,0.58,31.7,0.59,20.7,0.6,20.8,0.44,10.0,0.43,20.6,0.42,31.7,0.41,20.7,0.4,20.8,0.59,10.7,0.6,10.8,0.61,10.9,0.62,21.0,0.63,24.2,0.15,0.15,0.094476,1776164521000
1776164523.101,123.101,0.41,10.7,0.4,10.8,0.39,10.9,0.38,21.0,0.37,24.2,0.56,10.0,0.57,20.6,0.58,31.7,0.59,20.7,0.6,20.8,0.44,10.0,0.43,20.6,0.42,31.7,0.41,20.7,0.4,20.8,0.59,10.7,0.6,10.8,0.61,10.9,0.62,21.0,0.63,24.2,0.15,0.15,0.094477,1776164522000
1776164524.178,124.178,0.41,10.7,0.4,10.8,0.39,10.9,0.38,21.0,0.37,24.2,0.56,10.0,0.57,20.6,0.58,31.7,0.59,20.7,0.6,20.8,0.44,10.0,0.43,20.6,0.42,31.7,0.41,20.7,0.4,20.8,0.59,10.7,0.6,10.8,0.61,10.9,0.62,21.0,0.63,24.2,0.15,0.15,0.094482,1776164523000
1776164525.089,125.089,0.41,10.7,0.4,10.8,0.39,10.9,0.38,21.0,0.37,24.2,0.56,10.0,0.57,20.6,0.58,31.7,0.59,20.7,0.6,20.8,0.44,10.0,0.43,20.6,0.42,31.7,0.41,20.7,0.4,20.8,0.59,10.7,0.6,10.8,0.61,10.9,0.62,21.0,0.63,24.2,0.15,0.15,0.094485,1776164524000
1776164526.119,126.119,0.41,10.7,0.4,10.8,0.39,10.9,0.38,21.0,0.37,24.2,0.56,10.0,0.57,20.6,0.58,31.7,0.59,20.7,0.6,20.8,0.44,10.0,0.43,20.6,0.42,31.7,0.41,20.7,0.4,20.8,0.59,10.7,0.6,10.8,0.61,10.9,0.62,21.0,0.63,24.2,0.15,0.15,0.094484,1776164525000
1776164527.113,127.113,0.41,10.7,0.4,10.8,0.39,10.9,0.38,21.0,0.37,24.2,0.56,10.0,0.57,20.6,0.58,31.7,0.59,20.7,0.6,20.8,0.44,10.0,0.43,20.6,0.42,31.7,0.41,20.7,0.4,20.8,0.59,10.7,0.6,10.8,0.61,10.9,0.62,21.0,0.63,24.2,0.15,0.15,0.094482,1776164526000
1776164528.082,128.082,0.41,10.7,0.4,10.8,0.39,10.9,0.38,21.0,0.37,24.2,0.56,10.0,0.57,20.6,0.58,31.7,0.59,20.7,0.6,20.8,0.44,10.0,0.43,20.6,0.42,31.7,0.41,20.7,0.4,20.8,0.59,10.7,0.6,10.8,0.61,10.9,0.62,21.0,0.63,24.2,0.15,0.15,0.094482,1776164527000
1776164529.071,129.071,0.41,10.7,0.4,10.8,0.39,10.9,0.38,21.0,0.37,24.2,0.56,10.0,0.57,20.6,0.58,31.7,0.59,20.7,0.6,20.8,0.44,10.0,0.43,20.6,0.42,31.7,0.41,20.7,0.4,20.8,0.59,10.7,0.6,10.8,0.61,10.9,0.62,21.0,0.63,24.2,0.15,0.15,0.094482,1776164528000
1776164530.112,130.112,0.41,10.7,0.4,10.8,0.39,10.9,0.38,21.0,0.37,24.2,0.56,10.0,0.57,20.6,0.58,31.7,0.59,20.7,0.6,20.8,0.44,10.0,0.43,20.6,0.42,31.7,0.41,20.7,0.4,20.8,0.59,10.7,0.6,10.8,0.61,10.9,0.62,21.0,0.63,24.2,0.15,0.15,0.094481,1776164529000
1776164531.07,131.07,0.41,10.7,0.4,10.8,0.39,10.9,0.38,21.0,0.37,24.2,0.56,10.0,0.57,20.6,0.58,31.7,0.59,20.7,0.6,20.8,0.44,10.0,0.43,20.6,0.42,31.7,0.41,20.7,0.4,20.8,0.59,10.7,0.6,10.8,0.61,10.9,0.62,21.0,0.63,24.2,0.15,0.15,0.094482,1776164530000
1776164532.096,132.096,0.41,10.7,0.4,10.8,0.39,10.9,0.38,21.0,0.37,24.2,0.56,10.0,0.57,20.6,0.58,31.7,0.59,20.7,0.6,20.8,0.44,10.0,0.43,20.6,0.42,31.7,0.41,20.7,0.4,20.8,0.59,10.7,0.6,10.8,0.61,10.9,0.62,21.0,0.63,24.2,0.15,0.15,0.094482,1776164531000
1776164533.116,133.116,0.41,10.7,0.4,10.8,0.39,10.9,0.38,21.0,0.37,24.2,0.56,10.0,0.57,20.6,0.58,31.7,0.59,20.7,0.6,20.8,0.44,10.0,0.43,20.6,0.42,31.7,0.41,20.7,0.4,20.8,0.59,10.7,0.6,10.8,0.61,10.9,0.62,21.0,0.63,24.2,0.15,0.15,0.094482,1776164532000
1776164534.565,134.565,0.41,10.7,0.4,10.8,0.39,10.9,0.38,21.0,0.37,24.2,0.56,10.0,0.57,20.6,0.58,31.7,0.59,20.7,0.6,20.8,0.44,10.0,0.43,20.6,0.42,31.7,0.41,20.7,0.4,20.8,0.59,10.7,0.6,10.8,0.61,10.9,0.62,21.0,0.63,24.2,0.15,0.15,0.094482,1776164533000
1776164535.064,135.064,0.41,10.7,0.4,10.8,0.39,10.9,0.38,21.0,0.37,24.2,0.56,10.0,0.57,20.6,0.58,31.7,0.59,20.7,0.6,20.8,0.44,10.0,0.43,20.6,0.42,31.7,0.41,20.7,0.4,20.8,0.59,10.7,0.6,10.8,0.61,10.9,0.62,21.0,0.63,24.2,0.15,0.15,0.094482,1776164534000
1776164536.121,136.121,0.41,10.7,0.4,10.8,0.39,10.9,0.38,21.0,0.37,24.2,0.56,10.0,0.57,20.6,0.58,31.7,0.59,20.7,0.6,20.8,0.44,10.0,0.43,20.6,0.42,31.7,0.41,20.7,0.4,20.8,0.59,10.7,0.6,10.8,0.61,10.9,0.62,21.0,0.63,24.2,0.15,0.15,0.094482,1776164535000
1776164537.416,137.416,0.41,10.7,0.4,10.8,0.39,10.9,0.38,21.0,0.37,24.2,0.56,10.0,0.57,20.6,0.58,31.7,0.59,20.7,0.6,20.8,0.44,10.0,0.43,20.6,0.42,31.7,0.41,20.7,0.4,20.8,0.59,10.7,0.6,10.8,0.61,10.9,0.62,21.0,0.63,24.2,0.15,0.15,0.094482,1776164536000
1776164538.308,138.308,0.41,10.7,0.4,10.8,0.39,10.9,0.38,21.0,0.37,24.2,0.56,10.0,0.57,20.6,0.58,31.7,0.59,20.7,0.6,20.8,0.44,10.0,0.43,20.6,0.42,31.7,0.41,20.7,0.4,20.8,0.59,10.7,0.6,10.8,0.61,10.9,0.62,21.0,0.63,24.2,0.15,0.15,0.094482,1776164537000
1776164539.574,139.574,0.41,10.7,0.4,10.8,0.39,10.9,0.38,21.0,0.37,24.2,0.56,10.0,0.57,20.6,0.58,31.7,0.59,20.7,0.6,20.8,0.44,10.0,0.43,20.6,0.42,31.7,0.41,20.7,0.4,20.8,0.59,10.7,0.6,10.8,0.61,10.9,0.62,21.0,0.63,24.2,0.15,0.15,0.094481,1776164538000
1776164540.2,140.2,0.41,10.7,0.4,10.8,0.39,10.9,0.38,21.0,0.37,24.2,0.56,10.0,0.57,20.6,0.58,31.7,0.59,20.7,0.6,20.8,0.44,10.0,0.43,20.6,0.42,31.7,0.41,20.7,0.4,20.8,0.59,10.7,0.6,10.8,0.61,10.9,0.62,21.0,0.63,24.2,0.15,0.15,0.094481,1776164539000
1776164541.353,141.353,0.41,10.7,0.4,10.8,0.39,10.9,0.38,21.0,0.37,24.2,0.56,10.0,0.57,20.6,0.58,31.7,0.59,20.7,0.6,20.8,0.44,10.0,0.43,20.6,0.42,31.7,0.41,20.7,0.4,20.8,0.59,10.7,0.6,10.8,0.61,10.9,0.62,21.0,0.63,24.2,0.15,0.15,0.094481,1776164540000
1776164542.065,142.065,0.41,10.7,0.4,10.8,0.39,10.9,0.38,21.0,0.37,24.2,0.56,10.0,0.57,20.6,0.58,31.7,0.59,20.7,0.6,20.8,0.44,10.0,0.43,20.6,0.42,31.7,0.41,20.7,0.4,20.8,0.59,10.7,0.6,10.8,0.61,10.9,0.62,21.0,0.63,24.2,0.15,0.15,0.094481,1776164541000
1776164543.252,143.252,0.41,10.7,0.4,10.8,0.39,10.9,0.38,21.0,0.37,24.2,0.56,10.0,0.57,20.6,0.58,31.7,0.59,20.7,0.6,20.8,0.44,10.0,0.43,20.6,0.42,31.7,0.41,20.7,0.4,20.8,0.59,10.7,0.6,10.8,0.61,10.9,0.62,21.0,0.63,24.2,0.15,0.15,0.094479,1776164542000
1776164544.298,144.298,0.41,10.7,0.4,10.8,0.39,10.9,0.38,21.0,0.37,24.2,0.56,10.0,0.57,20.6,0.58,31.7,0.59,20.7,0.6,20.8,0.44,10.0,0.43,20.6,0.42,31.7,0.41,20.7,0.4,20.8,0.59,10.7,0.6,10.8,0.61,10.9,0.62,21.0,0.63,24.2,0.15,0.15,0.094474,1776164543000
1776164545.562,145.562,0.41,10.7,0.4,10.8,0.39,10.9,0.38,21.0,0.37,24.2,0.56,10.0,0.57,20.6,0.58,31.7,0.59,20.7,0.6,20.8,0.44,10.0,0.43,20.6,0.42,31.7,0.41,20.7,0.4,20.8,0.59,10.7,0.6,10.8,0.61,10.9,0.62,21.0,0.63,24.2,0.15,0.15,0.094471,1776164544000
1776164546.131,146.131,0.41,10.7,0.4,10.8,0.39,10.9,0.38,21.0,0.37,24.2,0.56,10.0,0.57,20.6,0.58,31.7,0.59,20.7,0.6,20.8,0.44,10.0,0.43,20.6,0.42,31.7,0.41,20.7,0.4,20.8,0.59,10.7,0.6,10.8,0.61,10.9,0.62,21.0,0.63,24.2,0.15,0.15,0.094468,1776164545000
1776164547.227,147.227,0.33,15.56,0.32,5.0,0.27,5.0,0.26,13.5,0.25,13.9,0.51,50.0,0.6,12.0,0.61,127.0,0.62,11.0,0.63,11.2,0.44,10.0,0.43,20.6,0.42,31.7,0.41,20.7,0.4,20.8,0.59,10.7,0.6,10.8,0.61,10.9,0.62,21.0,0.63,24.2,0.18,0.15,0.094468,1776164545000
1776164547.935,147.935,0.33,11.12,0.32,5.0,0.27,5.0,0.26,13.5,0.25,13.9,0.51,50.0,0.6,12.0,0.61,127.0,0.62,11.0,0.63,11.2,0.49,50.0,0.4,12.0,0.39,127.0,0.38,11.0,0.37,11.2,0.67,11.12,0.68,5.0,0.73,5.0,0.74,13.5,0.75,13.9,0.18,0.18,0.094464,1776164547000
1776164549.095,149.095,0.33,11.12,0.32,5.0,0.27,5.0,0.26,13.5,0.25,13.9,0.51,50.0,0.6,12.0,0.61,127.0,0.62,11.0,0.63,11.2,0.49,50.0,0.4,12.0,0.39,127.0,0.38,11.0,0.37,11.2,0.67,11.12,0.68,5.0,0.73,5.0,0.74,13.5,0.75,13.9,0.18,0.18,0.094445,1776164548000
1776164549.939,149.939,0.33,11.12,0.32,5.0,0.27,5.0,0.26,13.5,0.25,13.9,0.51,50.0,0.6,12.0,0.61,127.0,0.62,11.0,0.63,11.2,0.49,50.0,0.4,12.0,0.39,127.0,0.38,11.0,0.37,11.2,0.67,11.12,0.68,5.0,0.73,5.0,0.74,13.5,0.75,13.9,0.18,0.18,0.094429,1776164549000
1776164550.887,150.887,0.33,11.12,0.32,5.0,0.27,5.0,0.26,13.5,0.25,13.9,0.51,50.0,0.6,12.0,0.61,127.0,0.62,11.0,0.63,11.2,0.49,50.0,0.4,12.0,0.39,127.0,0.38,11.0,0.37,11.2,0.67,11.12,0.68,5.0,0.73,5.0,0.74,13.5,0.75,13.9,0.18,0.18,0.094429,1776164550000
1776164551.959,151.959,0.37,5.0,0.36,5.0,0.35,14.0,0.32,10.0,0.31,50.0,0.53,2.45,0.58,10.7,0.59,10.7,0.6,10.8,0.61,70.9,0.47,2.45,0.42,10.7,0.41,10.7,0.4,10.8,0.39,70.9,0.63,5.0,0.64,5.0,0.65,14.0,0.68,10.0,0.69,50.0,0.16,0.16,0.094429,1776164551000
1776164552.933,152.933,0.37,5.0,0.36,5.0,0.35,14.0,0.32,10.0,0.31,50.0,0.53,2.45,0.58,10.7,0.59,10.7,0.6,10.8,0.61,70.9,0.47,2.45,0.42,10.7,0.41,10.7,0.4,10.8,0.39,70.9,0.63,5.0,0.64,5.0,0.65,14.0,0.68,10.0,0.69,50.0,0.16,0.16,0.094429,1776164552000
1776164553.67,153.67,0.33,5.0,0.31,17.2,0.3,28.4,0.29,12.6,0.28,22.9,0.45,6.0,0.51,50.0,0.53,2.45,0.55,10.5,0.56,31.6,0.47,2.45,0.42,10.7,0.41,10.7,0.4,10.8,0.39,70.9,0.63,5.0,0.64,5.0,0.65,14.0,0.68,10.0,0.69,50.0,0.12,0.16,0.094429,1776164552000
1776164553.909,153.909,0.33,5.0,0.31,17.2,0.3,28.4,0.29,12.6,0.28,22.9,0.45,6.0,0.51,50.0,0.53,2.45,0.55,10.5,0.56,31.6,0.55,6.0,0.49,50.0,0.47,2.45,0.45,10.5,0.44,31.6,0.67,5.0,0.69,17.2,0.7,28.4,0.71,12.6,0.72,22.9,0.12,0.12,0.094429,1776164553000
1776164555.257,155.257,0.33,5.0,0.31,17.2,0.3,28.4,0.29,12.6,0.28,22.9,0.45,6.0,0.51,50.0,0.53,2.45,0.55,10.5,0.56,31.6,0.55,6.0,0.49,50.0,0.47,2.45,0.45,10.5,0.44,31.6,0.67,5.0,0.69,17.2,0.7,28.4,0.71,12.6,0.72,22.9,0.12,0.12,0.094428,1776164554000
1776164556.112,156.112,0.33,5.0,0.31,17.2,0.3,28.4,0.29,12.6,0.28,22.9,0.45,6.0,0.51,50.0,0.53,2.45,0.55,10.5,0.56,31.6,0.55,6.0,0.49,50.0,0.47,2.45,0.45,10.5,0.44,31.6,0.67,5.0,0.69,17.2,0.7,28.4,0.71,12.6,0.72,22.9,0.12,0.12,0.09442,1776164555000
1776164557.137,157.137,0.33,5.0,0.31,17.2,0.3,28.4,0.29,12.6,0.28,22.9,0.45,6.0,0.51,50.0,0.53,2.45,0.55,10.5,0.56,31.6,0.55,6.0,0.49,50.0,0.47,2.45,0.45,10.5,0.44,31.6,0.67,5.0,0.69,17.2,0.7,28.4,0.71,12.6,0.72,22.9,0.12,0.12,0.094417,1776164556000
1776164558.202,158.202,0.33,5.0,0.31,17.2,0.3,28.4,0.29,12.6,0.28,22.9,0.45,6.0,0.51,50.0,0.53,2.45,0.55,10.5,0.56,31.6,0.55,6.0,0.49,50.0,0.47,2.45,0.45,10.5,0.44,31.6,0.67,5.0,0.69,17.2,0.7,28.4,0.71,12.6,0.72,22.9,0.12,0.12,0.094417,1776164557000
1776164559.165,159.165,0.33,5.0,0.31,17.2,0.3,28.4,0.29,12.6,0.28,22.9,0.45,6.0,0.51,50.0,0.53,2.45,0.55,10.5,0.56,31.6,0.55,6.0,0.49,50.0,0.47,2.45,0.45,10.5,0.44,31.6,0.67,5.0,0.69,17.2,0.7,28.4,0.71,12.6,0.72,22.9,0.12,0.12,0.094417,1776164558000
1776164560.083,160.083,0.33,5.0,0.31,17.2,0.3,28.4,0.29,12.6,0.28,22.9,0.45,6.0,0.51,50.0,0.53,2.45,0.55,10.5,0.56,31.6,0.55,6.0,0.49,50.0,0.47,2.45,0.45,10.5,0.44,31.6,0.67,5.0,0.69,17.2,0.7,28.4,0.71,12.6,0.72,22.9,0.12,0.12,0.094418,1776164559000
1776164561.115,161.115,0.33,5.0,0.31,17.2,0.3,28.4,0.29,12.6,0.28,22.9,0.45,6.0,0.51,50.0,0.53,2.45,0.55,10.5,0.56,31.6,0.55,6.0,0.49,50.0,0.47,2.45,0.45,10.5,0.44,31.6,0.67,5.0,0.69,17.2,0.7,28.4,0.71,12.6,0.72,22.9,0.12,0.12,0.094418,1776164560000
1776164562.728,162.728,0.33,5.0,0.31,17.2,0.3,28.4,0.29,12.6,0.28,22.9,0.45,6.0,0.51,50.0,0.53,2.45,0.55,10.5,0.56,31.6,0.55,6.0,0.49,50.0,0.47,2.45,0.45,10.5,0.44,31.6,0.67,5.0,0.69,17.2,0.7,28.4,0.71,12.6,0.72,22.9,0.12,0.12,0.094418,1776164561000
1776164563.26,163.26,0.33,5.0,0.31,17.2,0.3,28.4,0.29,12.6,0.28,22.9,0.45,6.0,0.51,50.0,0.53,2.45,0.55,10.5,0.56,31.6,0.55,6.0,0.49,50.0,0.47,2.45,0.45,10.5,0.44,31.6,0.67,5.0,0.69,17.2,0.7,28.4,0.71,12.6,0.72,22.9,0.12,0.12,0.094418,1776164562000
1776164563.995,163.995,0.33,5.0,0.31,17.2,0.3,28.4,0.29,12.6,0.28,22.9,0.45,6.0,0.51,50.0,0.53,2.45,0.55,10.5,0.56,31.6,0.55,6.0,0.49,50.0,0.47,2.45,0.45,10.5,0.44,31.6,0.67,5.0,0.69,17.2,0.7,28.4,0.71,12.6,0.72,22.9,0.12,0.12,0.094418,1776164563000
1776164565.047,165.047,0.33,5.0,0.31,17.2,0.3,28.4,0.29,12.6,0.28,22.9,0.45,6.0,0.51,50.0,0.53,2.45,0.55,10.5,0.56,31.6,0.55,6.0,0.49,50.0,0.47,2.45,0.45,10.5,0.44,31.6,0.67,5.0,0.69,17.2,0.7,28.4,0.71,12.6,0.72,22.9,0.12,0.12,0.094417,1776164564000
1776164566.225,166.225,0.33,5.0,0.31,17.2,0.3,28.4,0.29,12.6,0.28,22.9,0.45,6.0,0.51,50.0,0.53,2.45,0.55,10.5,0.56,31.6,0.55,6.0,0.49,50.0,0.47,2.45,0.45,10.5,0.44,31.6,0.67,5.0,0.69,17.2,0.7,28.4,0.71,12.6,0.72,22.9,0.12,0.12,0.094417,1776164565000
1776164567.682,167.682,0.33,5.0,0.31,17.2,0.3,28.4,0.29,12.6,0.28,22.9,0.45,6.0,0.51,50.0,0.53,2.45,0.55,10.5,0.56,31.6,0.55,6.0,0.49,50.0,0.47,2.45,0.45,10.5,0.44,31.6,0.67,5.0,0.69,17.2,0.7,28.4,0.71,12.6,0.72,22.9,0.12,0.12,0.094417,1776164566000
1776164568.125,168.125,0.33,5.0,0.31,17.2,0.3,28.4,0.29,12.6,0.28,22.9,0.45,6.0,0.51,50.0,0.53,2.45,0.55,10.5,0.56,31.6,0.55,6.0,0.49,50.0,0.47,2.45,0.45,10.5,0.44,31.6,0.67,5.0,0.69,17.2,0.7,28.4,0.71,12.6,0.72,22.9,0.12,0.12,0.094418,1776164567000
1776164569.187,169.187,0.33,5.0,0.31,17.2,0.3,28.4,0.29,12.6,0.28,22.9,0.45,6.0,0.51,50.0,0.53,2.45,0.55,10.5,0.56,31.6,0.55,6.0,0.49,50.0,0.47,2.45,0.45,10.5,0.44,31.6,0.67,5.0,0.69,17.2,0.7,28.4,0.71,12.6,0.72,22.9,0.12,0.12,0.094418,1776164568000
1776164570.524,170.524,0.33,5.0,0.31,17.2,0.3,28.4,0.29,12.6,0.28,22.9,0.45,6.0,0.51,50.0,0.53,2.45,0.55,10.5,0.56,31.6,0.55,6.0,0.49,50.0,0.47,2.45,0.45,10.5,0.44,31.6,0.67,5.0,0.69,17.2,0.7,28.4,0.71,12.6,0.72,22.9,0.12,0.12,0.094418,1776164569000
1776164571.058,171.058,0.33,5.0,0.31,17.2,0.3,28.4,0.29,12.6,0.28,22.9,0.45,6.0,0.51,50.0,0.53,2.45,0.55,10.5,0.56,31.6,0.55,6.0,0.49,50.0,0.47,2.45,0.45,10.5,0.44,31.6,0.67,5.0,0.69,17.2,0.7,28.4,0.71,12.6,0.72,22.9,0.12,0.12,0.094417,1776164570000
1776164572.361,172.361,0.33,5.0,0.31,17.2,0.3,28.4,0.29,12.6,0.28,22.9,0.45,6.0,0.51,50.0,0.53,2.45,0.55,10.5,0.56,31.6,0.55,6.0,0.49,50.0,0.47,2.45,0.45,10.5,0.44,31.6,0.67,5.0,0.69,17.2,0.7,28.4,0.71,12.6,0.72,22.9,0.12,0.12,0.094409,1776164571000
1776164572.991,172.991,0.33,5.0,0.31,17.2,0.3,28.4,0.29,12.6,0.28,22.9,0.45,6.0,0.51,50.0,0.53,2.45,0.55,10.5,0.56,31.6,0.55,6.0,0.49,50.0,0.47,2.45,0.45,10.5,0.44,31.6,0.67,5.0,0.69,17.2,0.7,28.4,0.71,12.6,0.72,22.9,0.12,0.12,0.094409,1776164572000
1776164574.069,174.069,0.33,5.0,0.31,17.2,0.3,28.4,0.29,12.6,0.28,22.9,0.45,6.0,0.51,50.0,0.53,2.45,0.55,10.5,0.56,31.6,0.55,6.0,0.49,50.0,0.47,2.45,0.45,10.5,0.44,31.6,0.67,5.0,0.69,17.2,0.7,28.4,0.71,12.6,0.72,22.9,0.12,0.12,0.094412,1776164573000
1776164575.251,175.251,0.33,5.0,0.31,17.2,0.3,28.4,0.29,12.6,0.28,22.9,0.45,6.0,0.51,50.0,0.53,2.45,0.55,10.5,0.56,31.6,0.55,6.0,0.49,50.0,0.47,2.45,0.45,10.5,0.44,31.6,0.67,5.0,0.69,17.2,0.7,28.4,0.71,12.6,0.72,22.9,0.12,0.12,0.094419,1776164574000
1776164576.225,176.225,0.33,5.0,0.31,17.2,0.3,28.4,0.29,12.6,0.28,22.9,0.45,6.0,0.51,50.0,0.53,2.45,0.55,10.5,0.56,31.6,0.55,6.0,0.49,50.0,0.47,2.45,0.45,10.5,0.44,31.6,0.67,5.0,0.69,17.2,0.7,28.4,0.71,12.6,0.72,22.9,0.12,0.12,0.094419,1776164575000
1776164577.356,177.356,0.33,5.0,0.31,17.2,0.3,28.4,0.29,12.6,0.28,22.9,0.45,6.0,0.51,50.0,0.53,2.45,0.55,10.5,0.56,31.6,0.55,6.0,0.49,50.0,0.47,2.45,0.45,10.5,0.44,31.6,0.67,5.0,0.69,17.2,0.7,28.4,0.71,12.6,0.72,22.9,0.12,0.12,0.09442,1776164576000
1776164578.442,178.442,0.33,5.0,0.31,17.2,0.3,28.4,0.29,12.6,0.28,22.9,0.45,6.0,0.51,50.0,0.53,2.45,0.55,10.5,0.56,31.6,0.55,6.0,0.49,50.0,0.47,2.45,0.45,10.5,0.44,31.6,0.67,5.0,0.69,17.2,0.7,28.4,0.71,12.6,0.72,22.9,0.12,0.12,0.094419,1776164577000
1776164578.962,178.962,0.33,5.0,0.31,17.2,0.3,28.4,0.29,12.6,0.28,22.9,0.45,6.0,0.51,50.0,0.53,2.45,0.55,10.5,0.56,31.6,0.55,6.0,0.49,50.0,0.47,2.45,0.45,10.5,0.44,31.6,0.67,5.0,0.69,17.2,0.7,28.4,0.71,12.6,0.72,22.9,0.12,0.12,0.094419,1776164578000
1776164580.049,180.049,0.33,5.0,0.31,17.2,0.3,28.4,0.29,12.6,0.28,22.9,0.45,6.0,0.51,50.0,0.53,2.45,0.55,10.5,0.56,31.6,0.55,6.0,0.49,50.0,0.47,2.45,0.45,10.5,0.44,31.6,0.67,5.0,0.69,17.2,0.7,28.4,0.71,12.6,0.72,22.9,0.12,0.12,0.094419,1776164579000
1776164580.941,180.941,0.33,5.0,0.31,17.2,0.3,28.4,0.29,12.6,0.28,22.9,0.45,6.0,0.51,50.0,0.53,2.45,0.55,10.5,0.56,31.6,0.55,6.0,0.49,50.0,0.47,2.45,0.45,10.5,0.44,31.6,0.67,5.0,0.69,17.2,0.7,28.4,0.71,12.6,0.72,22.9,0.12,0.12,0.094419,1776164580000
1776164581.982,181.982,0.33,5.0,0.31,17.2,0.3,28.4,0.29,12.6,0.28,22.9,0.45,6.0,0.51,50.0,0.53,2.45,0.55,10.5,0.56,31.6,0.55,6.0,0.49,50.0,0.47,2.45,0.45,10.5,0.44,31.6,0.67,5.0,0.69,17.2,0.7,28.4,0.71,12.6,0.72,22.9,0.12,0.12,0.09442,1776164581000
1776164583.023,183.023,0.33,5.0,0.31,17.2,0.3,28.4,0.29,12.6,0.28,22.9,0.45,6.0,0.51,50.0,0.53,2.45,0.55,10.5,0.56,31.6,0.55,6.0,0.49,50.0,0.47,2.45,0.45,10.5,0.44,31.6,0.67,5.0,0.69,17.2,0.7,28.4,0.71,12.6,0.72,22.9,0.12,0.12,0.094419,1776164582000
1776164583.932,183.932,0.33,5.0,0.31,17.2,0.3,28.4,0.29,12.6,0.28,22.9,0.45,6.0,0.51,50.0,0.53,2.45,0.55,10.5,0.56,31.6,0.55,6.0,0.49,50.0,0.47,2.45,0.45,10.5,0.44,31.6,0.67,5.0,0.69,17.2,0.7,28.4,0.71,12.6,0.72,22.9,0.12,0.12,0.09442,1776164583000
1776164584.936,184.936,0.33,5.0,0.31,17.2,0.3,28.4,0.29,12.6,0.28,22.9,0.45,6.0,0.51,50.0,0.53,2.45,0.55,10.5,0.56,31.6,0.55,6.0,0.49,50.0,0.47,2.45,0.45,10.5,0.44,31.6,0.67,5.0,0.69,17.2,0.7,28.4,0.71,12.6,0.72,22.9,0.12,0.12,0.09442,1776164584000
1776164585.97,185.97,0.33,5.0,0.31,17.2,0.3,28.4,0.29,12.6,0.28,22.9,0.45,6.0,0.51,50.0,0.53,2.45,0.55,10.5,0.56,31.6,0.55,6.0,0.49,50.0,0.47,2.45,0.45,10.5,0.44,31.6,0.67,5.0,0.69,17.2,0.7,28.4,0.71,12.6,0.72,22.9,0.12,0.12,0.09442,1776164585000
1776164587.038,187.038,0.33,5.0,0.31,17.2,0.3,28.4,0.29,12.6,0.28,22.9,0.45,6.0,0.51,50.0,0.53,2.45,0.55,10.5,0.56,31.6,0.55,6.0,0.49,50.0,0.47,2.45,0.45,10.5,0.44,31.6,0.67,5.0,0.69,17.2,0.7,28.4,0.71,12.6,0.72,22.9,0.12,0.12,0.09442,1776164586000
1776164588.103,188.103,0.33,5.0,0.31,17.2,0.3,28.4,0.29,12.6,0.28,22.9,0.45,6.0,0.51,50.0,0.53,2.45,0.55,10.5,0.56,31.6,0.55,6.0,0.49,50.0,0.47,2.45,0.45,10.5,0.44,31.6,0.67,5.0,0.69,17.2,0.7,28.4,0.71,12.6,0.72,22.9,0.12,0.12,0.094419,1776164587000
1776164589.247,189.247,0.33,5.0,0.31,17.2,0.3,28.4,0.29,12.6,0.28,22.9,0.45,6.0,0.51,50.0,0.53,2.45,0.55,10.5,0.56,31.6,0.55,6.0,0.49,50.0,0.47,2.45,0.45,10.5,0.44,31.6,0.67,5.0,0.69,17.2,0.7,28.4,0.71,12.6,0.72,22.9,0.12,0.12,0.094419,1776164588000
1776164590.1,190.1,0.33,5.0,0.31,17.2,0.3,28.4,0.29,12.6,0.28,22.9,0.45,6.0,0.51,50.0,0.53,2.45,0.55,10.5,0.56,31.6,0.55,6.0,0.49,50.0,0.47,2.45,0.45,10.5,0.44,31.6,0.67,5.0,0.69,17.2,0.7,28.4,0.71,12.6,0.72,22.9,0.12,0.12,0.094419,1776164589000
1776164591.653,191.653,0.33,5.0,0.31,17.2,0.3,28.4,0.29,12.6,0.28,22.9,0.45,6.0,0.51,50.0,0.53,2.45,0.55,10.5,0.56,31.6,0.55,6.0,0.49,50.0,0.47,2.45,0.45,10.5,0.44,31.6,0.67,5.0,0.69,17.2,0.7,28.4,0.71,12.6,0.72,22.9,0.12,0.12,0.094419,1776164590000
1776164592.598,192.598,0.33,5.0,0.31,17.2,0.3,28.4,0.29,12.6,0.28,22.9,0.45,6.0,0.51,50.0,0.53,2.45,0.55,10.5,0.56,31.6,0.55,6.0,0.49,50.0,0.47,2.45,0.45,10.5,0.44,31.6,0.67,5.0,0.69,17.2,0.7,28.4,0.71,12.6,0.72,22.9,0.12,0.12,0.094419,1776164591000
1776164593.228,193.228,0.33,5.0,0.31,17.2,0.3,28.4,0.29,12.6,0.28,22.9,0.45,6.0,0.51,50.0,0.53,2.45,0.55,10.5,0.56,31.6,0.55,6.0,0.49,50.0,0.47,2.45,0.45,10.5,0.44,31.6,0.67,5.0,0.69,17.2,0.7,28.4,0.71,12.6,0.72,22.9,0.12,0.12,0.094417,1776164592000
1776164594.784,194.784,0.33,5.0,0.31,17.2,0.3,28.4,0.29,12.6,0.28,22.9,0.45,6.0,0.51,50.0,0.53,2.45,0.55,10.5,0.56,31.6,0.55,6.0,0.49,50.0,0.47,2.45,0.45,10.5,0.44,31.6,0.67,5.0,0.69,17.2,0.7,28.4,0.71,12.6,0.72,22.9,0.12,0.12,0.094417,1776164593000
1776164595.493,195.493,0.33,5.0,0.31,17.2,0.3,28.4,0.29,12.6,0.28,22.9,0.45,6.0,0.51,50.0,0.53,2.45,0.55,10.5,0.56,31.6,0.55,6.0,0.49,50.0,0.47,2.45,0.45,10.5,0.44,31.6,0.67,5.0,0.69,17.2,0.7,28.4,0.71,12.6,0.72,22.9,0.12,0.12,0.094417,1776164594000
1776164596.293,196.293,0.33,5.0,0.31,17.2,0.3,28.4,0.29,12.6,0.28,22.9,0.45,6.0,0.51,50.0,0.53,2.45,0.55,10.5,0.56,31.6,0.55,6.0,0.49,50.0,0.47,2.45,0.45,10.5,0.44,31.6,0.67,5.0,0.69,17.2,0.7,28.4,0.71,12.6,0.72,22.9,0.12,0.12,0.094416,1776164595000
1776164596.98,196.98,0.33,5.0,0.31,17.2,0.3,28.4,0.29,12.6,0.28,22.9,0.45,6.0,0.51,50.0,0.53,2.45,0.55,10.5,0.56,31.6,0.55,6.0,0.49,50.0,0.47,2.45,0.45,10.5,0.44,31.6,0.67,5.0,0.69,17.2,0.7,28.4,0.71,12.6,0.72,22.9,0.12,0.12,0.094416,1776164596000
1776164598.619,198.619,0.33,5.0,0.31,17.2,0.3,28.4,0.29,12.6,0.28,22.9,0.45,6.0,0.51,50.0,0.53,2.45,0.55,10.5,0.56,31.6,0.55,6.0,0.49,50.0,0.47,2.45,0.45,10.5,0.44,31.6,0.67,5.0,0.69,17.2,0.7,28.4,0.71,12.6,0.72,22.9,0.12,0.12,0.094414,1776164597000
1776164599.247,199.247,0.33,5.0,0.31,17.2,0.3,28.4,0.29,12.6,0.28,22.9,0.45,6.0,0.51,50.0,0.53,2.45,0.55,10.5,0.56,31.6,0.55,6.0,0.49,50.0,0.47,2.45,0.45,10.5,0.44,31.6,0.67,5.0,0.69,17.2,0.7,28.4,0.71,12.6,0.72,22.9,0.12,0.12,0.094414,1776164598000
1776164600.797,200.797,0.33,5.0,0.31,17.2,0.3,28.4,0.29,12.6,0.28,22.9,0.45,6.0,0.51,50.0,0.53,2.45,0.55,10.5,0.56,31.6,0.55,6.0,0.49,50.0,0.47,2.45,0.45,10.5,0.44,31.6,0.67,5.0,0.69,17.2,0.7,28.4,0.71,12.6,0.72,22.9,0.12,0.12,0.094414,1776164599000
1776164601.501,201.501,0.33,5.0,0.31,17.2,0.3,28.4,0.29,12.6,0.28,22.9,0.45,6.0,0.51,50.0,0.53,2.45,0.55,10.5,0.56,31.6,0.55,6.0,0.49,50.0,0.47,2.45,0.45,10.5,0.44,31.6,0.67,5.0,0.69,17.2,0.7,28.4,0.71,12.6,0.72,22.9,0.12,0.12,0.094414,1776164600000
1776164602.256,202.256,0.33,5.0,0.31,17.2,0.3,28.4,0.29,12.6,0.28,22.9,0.45,6.0,0.51,50.0,0.53,2.45,0.55,10.5,0.56,31.6,0.55,6.0,0.49,50.0,0.47,2.45,0.45,10.5,0.44,31.6,0.67,5.0,0.69,17.2,0.7,28.4,0.71,12.6,0.72,22.9,0.12,0.12,0.094414,1776164601000
1776164603.683,203.683,0.33,5.0,0.31,17.2,0.3,28.4,0.29,12.6,0.28,22.9,0.45,6.0,0.51,50.0,0.53,2.45,0.55,10.5,0.56,31.6,0.55,6.0,0.49,50.0,0.47,2.45,0.45,10.5,0.44,31.6,0.67,5.0,0.69,17.2,0.7,28.4,0.71,12.6,0.72,22.9,0.12,0.12,0.094407,1776164602000
1776164604.344,204.344,0.33,5.0,0.31,17.2,0.3,28.4,0.29,12.6,0.28,22.9,0.45,6.0,0.51,50.0,0.53,2.45,0.55,10.5,0.56,31.6,0.55,6.0,0.49,50.0,0.47,2.45,0.45,10.5,0.44,31.6,0.67,5.0,0.69,17.2,0.7,28.4,0.71,12.6,0.72,22.9,0.12,0.12,0.094403,1776164603000
1776164605.191,205.191,0.33,5.0,0.31,17.2,0.3,28.4,0.29,12.6,0.28,22.9,0.45,6.0,0.51,50.0,0.53,2.45,0.55,10.5,0.56,31.6,0.55,6.0,0.49,50.0,0.47,2.45,0.45,10.5,0.44,31.6,0.67,5.0,0.69,17.2,0.7,28.4,0.71,12.6,0.72,22.9,0.12,0.12,0.094403,1776164604000
1776164606.579,206.579,0.33,5.0,0.31,17.2,0.3,28.4,0.29,12.6,0.28,22.9,0.45,6.0,0.51,50.0,0.53,2.45,0.55,10.5,0.56,31.6,0.55,6.0,0.49,50.0,0.47,2.45,0.45,10.5,0.44,31.6,0.67,5.0,0.69,17.2,0.7,28.4,0.71,12.6,0.72,22.9,0.12,0.12,0.094402,1776164605000
1776164607.317,207.317,0.33,5.0,0.31,17.2,0.3,28.4,0.29,12.6,0.28,22.9,0.45,6.0,0.51,50.0,0.53,2.45,0.55,10.5,0.56,31.6,0.55,6.0,0.49,50.0,0.47,2.45,0.45,10.5,0.44,31.6,0.67,5.0,0.69,17.2,0.7,28.4,0.71,12.6,0.72,22.9,0.12,0.12,0.094401,1776164606000
1776164608.171,208.171,0.33,5.0,0.31,17.2,0.3,28.4,0.29,12.6,0.28,22.9,0.45,6.0,0.51,50.0,0.53,2.45,0.55,10.5,0.56,31.6,0.55,6.0,0.49,50.0,0.47,2.45,0.45,10.5,0.44,31.6,0.67,5.0,0.69,17.2,0.7,28.4,0.71,12.6,0.72,22.9,0.12,0.12,0.094404,1776164607000
1776164609.508,209.508,0.33,5.0,0.31,17.2,0.3,28.4,0.29,12.6,0.28,22.9,0.45,6.0,0.51,50.0,0.53,2.45,0.55,10.5,0.56,31.6,0.55,6.0,0.49,50.0,0.47,2.45,0.45,10.5,0.44,31.6,0.67,5.0,0.69,17.2,0.7,28.4,0.71,12.6,0.72,22.9,0.12,0.12,0.094417,1776164608000
1776164610.413,210.413,0.33,5.0,0.31,17.2,0.3,28.4,0.29,12.6,0.28,22.9,0.45,6.0,0.51,50.0,0.53,2.45,0.55,10.5,0.56,31.6,0.55,6.0,0.49,50.0,0.47,2.45,0.45,10.5,0.44,31.6,0.67,5.0,0.69,17.2,0.7,28.4,0.71,12.6,0.72,22.9,0.12,0.12,0.094418,1776164609000
1776164610.954,210.954,0.33,5.0,0.31,17.2,0.3,28.4,0.29,12.6,0.28,22.9,0.45,6.0,0.51,50.0,0.53,2.45,0.55,10.5,0.56,31.6,0.55,6.0,0.49,50.0,0.47,2.45,0.45,10.5,0.44,31.6,0.67,5.0,0.69,17.2,0.7,28.4,0.71,12.6,0.72,22.9,0.12,0.12,0.094417,1776164610000
1776164612.005,212.005,0.33,5.0,0.31,17.2,0.3,28.4,0.29,12.6,0.28,22.9,0.45,6.0,0.51,50.0,0.53,2.45,0.55,10.5,0.56,31.6,0.55,6.0,0.49,50.0,0.47,2.45,0.45,10.5,0.44,31.6,0.67,5.0,0.69,17.2,0.7,28.4,0.71,12.6,0.72,22.9,0.12,0.12,0.094416,1776164611000
1776164613.157,213.157,0.33,5.0,0.31,17.2,0.3,28.4,0.29,12.6,0.28,22.9,0.45,6.0,0.51,50.0,0.53,2.45,0.55,10.5,0.56,31.6,0.55,6.0,0.49,50.0,0.47,2.45,0.45,10.5,0.44,31.6,0.67,5.0,0.69,17.2,0.7,28.4,0.71,12.6,0.72,22.9,0.12,0.12,0.094416,1776164612000
1776164614.186,214.186,0.33,5.0,0.31,17.2,0.3,28.4,0.29,12.6,0.28,22.9,0.45,6.0,0.51,50.0,0.53,2.45,0.55,10.5,0.56,31.6,0.55,6.0,0.49,50.0,0.47,2.45,0.45,10.5,0.44,31.6,0.67,5.0,0.69,17.2,0.7,28.4,0.71,12.6,0.72,22.9,0.12,0.12,0.094416,1776164613000
1776164615.232,215.232,0.33,5.0,0.31,17.2,0.3,28.4,0.29,12.6,0.28,22.9,0.45,6.0,0.51,50.0,0.53,2.45,0.55,10.5,0.56,31.6,0.55,6.0,0.49,50.0,0.47,2.45,0.45,10.5,0.44,31.6,0.67,5.0,0.69,17.2,0.7,28.4,0.71,12.6,0.72,22.9,0.12,0.12,0.094416,1776164614000
1776164616.293,216.293,0.33,5.0,0.31,17.2,0.3,28.4,0.29,12.6,0.28,22.9,0.45,6.0,0.51,50.0,0.53,2.45,0.55,10.5,0.56,31.6,0.55,6.0,0.49,50.0,0.47,2.45,0.45,10.5,0.44,31.6,0.67,5.0,0.69,17.2,0.7,28.4,0.71,12.6,0.72,22.9,0.12,0.12,0.094416,1776164615000
1776164617.319,217.319,0.33,5.0,0.31,17.2,0.3,28.4,0.29,12.6,0.28,22.9,0.45,6.0,0.51,50.0,0.53,2.45,0.55,10.5,0.56,31.6,0.55,6.0,0.49,50.0,0.47,2.45,0.45,10.5,0.44,31.6,0.67,5.0,0.69,17.2,0.7,28.4,0.71,12.6,0.72,22.9,0.12,0.12,0.094416,1776164616000
1776164617.951,217.951,0.33,5.0,0.31,17.2,0.3,28.4,0.29,12.6,0.28,22.9,0.45,6.0,0.51,50.0,0.53,2.45,0.55,10.5,0.56,31.6,0.55,6.0,0.49,50.0,0.47,2.45,0.45,10.5,0.44,31.6,0.67,5.0,0.69,17.2,0.7,28.4,0.71,12.6,0.72,22.9,0.12,0.12,0.094416,1776164617000
1776164619.034,219.034,0.33,5.0,0.31,17.2,0.3,28.4,0.29,12.6,0.28,22.9,0.45,6.0,0.51,50.0,0.53,2.45,0.55,10.5,0.56,31.6,0.55,6.0,0.49,50.0,0.47,2.45,0.45,10.5,0.44,31.6,0.67,5.0,0.69,17.2,0.7,28.4,0.71,12.6,0.72,22.9,0.12,0.12,0.094416,1776164618000
1776164620.065,220.065,0.33,5.0,0.31,17.2,0.3,28.4,0.29,12.6,0.28,22.9,0.45,6.0,0.51,50.0,0.53,2.45,0.55,10.5,0.56,31.6,0.55,6.0,0.49,50.0,0.47,2.45,0.45,10.5,0.44,31.6,0.67,5.0,0.69,17.2,0.7,28.4,0.71,12.6,0.72,22.9,0.12,0.12,0.094416,1776164619000
1776164621.103,221.103,0.33,5.0,0.31,17.2,0.3,28.4,0.29,12.6,0.28,22.9,0.45,6.0,0.51,50.0,0.53,2.45,0.55,10.5,0.56,31.6,0.55,6.0,0.49,50.0,0.47,2.45,0.45,10.5,0.44,31.6,0.67,5.0,0.69,17.2,0.7,28.4,0.71,12.6,0.72,22.9,0.12,0.12,0.094415,1776164620000
1776164622.098,222.098,0.27,18.2,0.26,13.5,0.25,13.9,0.24,14.3,0.23,14.7,0.41,17.45,0.42,10.7,0.43,10.6,0.44,16.6,0.45,10.5,0.55,6.0,0.49,50.0,0.47,2.45,0.45,10.5,0.44,31.6,0.67,5.0,0.69,17.2,0.7,28.4,0.71,12.6,0.72,22.9,0.14,0.12,0.094415,1776164620000
1776164623.16,223.16,0.27,18.2,0.26,13.5,0.25,13.9,0.24,14.3,0.23,14.7,0.41,17.45,0.42,10.7,0.43,10.6,0.44,16.6,0.45,10.5,0.59,17.45,0.58,10.7,0.57,10.6,0.56,16.6,0.55,10.5,0.73,18.2,0.74,13.5,0.75,13.9,0.76,14.3,0.77,14.7,0.14,0.14,0.094411,1776164622000
1776164624.002,224.002,0.27,18.2,0.26,13.5,0.25,13.9,0.24,14.3,0.23,14.7,0.41,17.45,0.42,10.7,0.43,10.6,0.44,16.6,0.45,10.5,0.59,17.45,0.58,10.7,0.57,10.6,0.56,16.6,0.55,10.5,0.73,18.2,0.74,13.5,0.75,13.9,0.76,14.3,0.77,14.7,0.14,0.14,0.094411,1776164623000
1776164625.013,225.013,0.26,9.26,0.25,13.9,0.24,14.3,0.23,14.7,0.22,15.2,0.41,17.45,0.42,10.7,0.43,10.6,0.44,16.6,0.45,10.5,0.59,17.45,0.58,10.7,0.57,10.6,0.56,16.6,0.55,10.5,0.74,9.26,0.75,13.9,0.76,14.3,0.77,14.7,0.78,15.2,0.15,0.15,0.094411,1776164624000
1776164625.835,225.835,0.22,15.2,0.21,15.7,0.2,16.2,0.19,16.89,0.18,17.6,0.39,2.41,0.4,5.0,0.41,63.23,0.42,10.7,0.43,10.6,0.59,17.45,0.58,10.7,0.57,10.6,0.56,16.6,0.55,10.5,0.74,9.26,0.75,13.9,0.76,14.3,0.77,14.7,0.78,15.2,0.17,0.15,0.094411,1776164624000
1776164626.918,226.918,0.22,15.2,0.21,15.7,0.2,16.2,0.19,16.89,0.18,17.6,0.39,2.41,0.4,5.0,0.41,63.23,0.42,10.7,0.43,10.6,0.61,2.41,0.6,5.0,0.59,63.23,0.58,10.7,0.57,10.6,0.79,15.7,0.8,16.2,0.81,16.89,0.82,17.6,0.83,18.39,0.17,0.18,0.094411,1776164626000
1776164627.885,227.885,0.22,15.2,0.21,15.7,0.2,16.2,0.19,16.89,0.18,17.6,0.39,2.41,0.4,5.0,0.41,63.23,0.42,10.7,0.43,10.6,0.61,2.41,0.6,5.0,0.59,63.23,0.58,10.7,0.57,10.6,0.79,15.7,0.8,16.2,0.81,16.89,0.82,17.6,0.83,18.39,0.17,0.18,0.094404,1776164627000
1776164628.889,228.889,0.22,15.2,0.21,15.7,0.2,16.2,0.19,16.89,0.18,17.6,0.39,2.41,0.4,5.0,0.41,63.23,0.42,10.7,0.43,10.6,0.61,2.41,0.6,5.0,0.59,63.23,0.58,10.7,0.57,10.6,0.79,15.7,0.8,16.2,0.81,16.89,0.82,17.6,0.83,18.39,0.17,0.18,0.094395,1776164628000
1776164629.935,229.935,0.22,15.2,0.21,15.7,0.2,16.2,0.19,16.89,0.18,17.6,0.39,2.41,0.4,5.0,0.41,63.23,0.42,10.7,0.43,10.6,0.61,2.41,0.6,5.0,0.59,63.23,0.58,10.7,0.57,10.6,0.79,15.7,0.8,16.2,0.81,16.89,0.82,17.6,0.83,18.39,0.17,0.18,0.094395,1776164629000
1776164630.758,230.758,0.22,15.2,0.21,15.7,0.2,16.2,0.19,16.89,0.18,17.6,0.39,2.41,0.4,5.0,0.41,63.23,0.42,10.7,0.43,10.6,0.61,2.41,0.6,5.0,0.59,63.23,0.58,10.7,0.57,10.6,0.79,15.7,0.8,16.2,0.81,16.89,0.82,17.6,0.83,18.39,0.17,0.18,0.094395,1776164630000
1776164632.204,232.204,0.22,15.2,0.21,15.7,0.2,16.2,0.19,16.89,0.18,17.6,0.39,2.41,0.4,5.0,0.41,63.23,0.42,10.7,0.43,10.6,0.61,2.41,0.6,5.0,0.59,63.23,0.58,10.7,0.57,10.6,0.79,15.7,0.8,16.2,0.81,16.89,0.82,17.6,0.83,18.39,0.17,0.18,0.094395,1776164631000
1776164633.14,233.14,0.22,15.2,0.21,15.7,0.2,16.2,0.19,16.89,0.18,17.6,0.39,2.41,0.4,5.0,0.41,63.23,0.42,10.7,0.43,10.6,0.61,2.41,0.6,5.0,0.59,63.23,0.58,10.7,0.57,10.6,0.79,15.7,0.8,16.2,0.81,16.89,0.82,17.6,0.83,18.39,0.17,0.18,0.094396,1776164632000
1776164634.128,234.128,0.22,15.2,0.21,15.7,0.2,16.2,0.19,16.89,0.18,17.6,0.39,2.41,0.4,5.0,0.41,63.23,0.42,10.7,0.43,10.6,0.61,2.41,0.6,5.0,0.59,63.23,0.58,10.7,0.57,10.6,0.79,15.7,0.8,16.2,0.81,16.89,0.82,17.6,0.83,18.39,0.17,0.18,0.094396,1776164633000
1776164635.133,235.133,0.22,15.2,0.21,15.7,0.2,16.2,0.19,16.89,0.18,17.6,0.39,2.41,0.4,5.0,0.41,63.23,0.42,10.7,0.43,10.6,0.61,2.41,0.6,5.0,0.59,63.23,0.58,10.7,0.57,10.6,0.79,15.7,0.8,16.2,0.81,16.89,0.82,17.6,0.83,18.39,0.17,0.18,0.094395,1776164634000
1776164636.695,236.695,0.22,15.2,0.21,15.7,0.2,16.2,0.19,16.89,0.18,17.6,0.39,2.41,0.4,5.0,0.41,63.23,0.42,10.7,0.43,10.6,0.61,2.41,0.6,5.0,0.59,63.23,0.58,10.7,0.57,10.6,0.79,15.7,0.8,16.2,0.81,16.89,0.82,17.6,0.83,18.39,0.17,0.18,0.094396,1776164635000
1776164637.255,237.255,0.22,15.2,0.21,15.7,0.2,16.2,0.19,16.89,0.18,17.6,0.39,2.41,0.4,5.0,0.41,63.23,0.42,10.7,0.43,10.6,0.61,2.41,0.6,5.0,0.59,63.23,0.58,10.7,0.57,10.6,0.79,15.7,0.8,16.2,0.81,16.89,0.82,17.6,0.83,18.39,0.17,0.18,0.094396,1776164636000
1776164638.455,238.455,0.22,15.2,0.21,15.7,0.2,16.2,0.19,16.89,0.18,17.6,0.39,2.41,0.4,5.0,0.41,63.23,0.42,10.7,0.43,10.6,0.61,2.41,0.6,5.0,0.59,63.23,0.58,10.7,0.57,10.6,0.79,15.7,0.8,16.2,0.81,16.89,0.82,17.6,0.83,18.39,0.17,0.18,0.094396,1776164637000
1776164639.091,239.091,0.22,15.2,0.21,15.7,0.2,16.2,0.19,16.89,0.18,17.6,0.39,2.41,0.4,5.0,0.41,63.23,0.42,10.7,0.43,10.6,0.61,2.41,0.6,5.0,0.59,63.23,0.58,10.7,0.57,10.6,0.79,15.7,0.8,16.2,0.81,16.89,0.82,17.6,0.83,18.39,0.17,0.18,0.094395,1776164638000
1776164640.107,240.107,0.2,13.7,0.19,16.89,0.18,17.6,0.17,18.39,0.16,19.3,0.31,59.22,0.34,11.6,0.35,11.4,0.36,18.3,0.37,11.2,0.69,59.22,0.66,11.6,0.65,11.4,0.64,18.3,0.63,11.2,0.8,13.7,0.81,16.89,0.82,17.6,0.83,18.39,0.84,19.3,0.11,0.11,0.094395,1776164639000
1776164641.316,241.316,0.2,13.7,0.19,16.89,0.18,17.6,0.17,18.39,0.16,19.3,0.31,59.22,0.34,11.6,0.35,11.4,0.36,18.3,0.37,11.2,0.69,59.22,0.66,11.6,0.65,11.4,0.64,18.3,0.63,11.2,0.8,13.7,0.81,16.89,0.82,17.6,0.83,18.39,0.84,19.3,0.11,0.11,0.094395,1776164640000
1776164642.569,242.569,0.2,13.7,0.19,16.89,0.18,17.6,0.17,18.39,0.16,19.3,0.31,59.22,0.34,11.6,0.35,11.4,0.36,18.3,0.37,11.2,0.69,59.22,0.66,11.6,0.65,11.4,0.64,18.3,0.63,11.2,0.8,13.7,0.81,16.89,0.82,17.6,0.83,18.39,0.84,19.3,0.11,0.11,0.094388,1776164641000
1776164643.024,243.024,0.2,13.7,0.19,16.89,0.18,17.6,0.17,18.39,0.16,19.3,0.31,59.22,0.34,11.6,0.35,11.4,0.36,18.3,0.37,11.2,0.69,59.22,0.66,11.6,0.65,11.4,0.64,18.3,0.63,11.2,0.8,13.7,0.81,16.89,0.82,17.6,0.83,18.39,0.84,19.3,0.11,0.11,0.094388,1776164642000
1776164644.168,244.168,0.2,13.7,0.19,16.89,0.18,17.6,0.17,18.39,0.16,19.3,0.31,59.22,0.34,11.6,0.35,11.4,0.36,18.3,0.37,11.2,0.69,59.22,0.66,11.6,0.65,11.4,0.64,18.3,0.63,11.2,0.8,13.7,0.81,16.89,0.82,17.6,0.83,18.39,0.84,19.3,0.11,0.11,0.094387,1776164643000
1776164645.217,245.217,0.2,13.7,0.19,16.89,0.18,17.6,0.17,18.39,0.16,19.3,0.31,59.22,0.34,11.6,0.35,11.4,0.36,18.3,0.37,11.2,0.69,59.22,0.66,11.6,0.65,11.4,0.64,18.3,0.63,11.2,0.8,13.7,0.81,16.89,0.82,17.6,0.83,18.39,0.84,19.3,0.11,0.11,0.094387,1776164644000
1776164646.507,246.507,0.2,13.7,0.19,16.89,0.18,17.6,0.17,18.39,0.16,19.3,0.31,59.22,0.34,11.6,0.35,11.4,0.36,18.3,0.37,11.2,0.69,59.22,0.66,11.6,0.65,11.4,0.64,18.3,0.63,11.2,0.8,13.7,0.81,16.89,0.82,17.6,0.83,18.39,0.84,19.3,0.11,0.11,0.094388,1776164645000
1776164646.999,246.999,0.2,13.7,0.19,16.89,0.18,17.6,0.17,18.39,0.16,19.3,0.31,59.22,0.34,11.6,0.35,11.4,0.36,18.3,0.37,11.2,0.69,59.22,0.66,11.6,0.65,11.4,0.64,18.3,0.63,11.2,0.8,13.7,0.81,16.89,0.82,17.6,0.83,18.39,0.84,19.3,0.11,0.11,0.094388,1776164646000
1776164648.182,248.182,0.2,13.7,0.19,16.89,0.18,17.6,0.17,18.39,0.16,19.3,0.31,59.22,0.34,11.6,0.35,11.4,0.36,18.3,0.37,11.2,0.69,59.22,0.66,11.6,0.65,11.4,0.64,18.3,0.63,11.2,0.8,13.7,0.81,16.89,0.82,17.6,0.83,18.39,0.84,19.3,0.11,0.11,0.094388,1776164647000
1776164649.284,249.284,0.2,13.7,0.19,16.89,0.18,17.6,0.17,18.39,0.16,19.3,0.31,59.22,0.34,11.6,0.35,11.4,0.36,18.3,0.37,11.2,0.69,59.22,0.66,11.6,0.65,11.4,0.64,18.3,0.63,11.2,0.8,13.7,0.81,16.89,0.82,17.6,0.83,18.39,0.84,19.3,0.11,0.11,0.094387,1776164648000
1776164650.529,250.529,0.2,13.7,0.19,16.89,0.18,17.6,0.17,18.39,0.16,19.3,0.31,59.22,0.34,11.6,0.35,11.4,0.36,18.3,0.37,11.2,0.69,59.22,0.66,11.6,0.65,11.4,0.64,18.3,0.63,11.2,0.8,13.7,0.81,16.89,0.82,17.6,0.83,18.39,0.84,19.3,0.11,0.11,0.094374,1776164649000
1776164651.741,251.741,0.2,13.7,0.19,16.89,0.18,17.6,0.17,18.39,0.16,19.3,0.31,59.22,0.34,11.6,0.35,11.4,0.36,18.3,0.37,11.2,0.69,59.22,0.66,11.6,0.65,11.4,0.64,18.3,0.63,11.2,0.8,13.7,0.81,16.89,0.82,17.6,0.83,18.39,0.84,19.3,0.11,0.11,0.094364,1776164650000
1776164652.567,252.567,0.2,13.7,0.19,16.89,0.18,17.6,0.17,18.39,0.16,19.3,0.31,59.22,0.34,11.6,0.35,11.4,0.36,18.3,0.37,11.2,0.69,59.22,0.66,11.6,0.65,11.4,0.64,18.3,0.63,11.2,0.8,13.7,0.81,16.89,0.82,17.6,0.83,18.39,0.84,19.3,0.11,0.11,0.094356,1776164651000
1776164653.916,253.916,0.2,13.7,0.19,16.89,0.18,17.6,0.17,18.39,0.16,19.3,0.31,59.22,0.34,11.6,0.35,11.4,0.36,18.3,0.37,11.2,0.69,59.22,0.66,11.6,0.65,11.4,0.64,18.3,0.63,11.2,0.8,13.7,0.81,16.89,0.82,17.6,0.83,18.39,0.84,19.3,0.11,0.11,0.094355,1776164652000
1776164654.576,254.576,0.2,13.7,0.19,16.89,0.18,17.6,0.17,18.39,0.16,19.3,0.31,59.22,0.34,11.6,0.35,11.4,0.36,18.3,0.37,11.2,0.69,59.22,0.66,11.6,0.65,11.4,0.64,18.3,0.63,11.2,0.8,13.7,0.81,16.89,0.82,17.6,0.83,18.39,0.84,19.3,0.11,0.11,0.094359,1776164653000
1776164655.421,255.421,0.2,13.7,0.19,16.89,0.18,17.6,0.17,18.39,0.16,19.3,0.31,59.22,0.34,11.6,0.35,11.4,0.36,18.3,0.37,11.2,0.69,59.22,0.66,11.6,0.65,11.4,0.64,18.3,0.63,11.2,0.8,13.7,0.81,16.89,0.82,17.6,0.83,18.39,0.84,19.3,0.11,0.11,0.094358,1776164654000
1776164656.103,256.103,0.2,13.7,0.19,16.89,0.18,17.6,0.17,18.39,0.16,19.3,0.31,59.22,0.34,11.6,0.35,11.4,0.36,18.3,0.37,11.2,0.69,59.22,0.66,11.6,0.65,11.4,0.64,18.3,0.63,11.2,0.8,13.7,0.81,16.89,0.82,17.6,0.83,18.39,0.84,19.3,0.11,0.11,0.094358,1776164655000
1776164657.469,257.469,0.2,13.7,0.19,16.89,0.18,17.6,0.17,18.39,0.16,19.3,0.31,59.22,0.34,11.6,0.35,11.4,0.36,18.3,0.37,11.2,0.69,59.22,0.66,11.6,0.65,11.4,0.64,18.3,0.63,11.2,0.8,13.7,0.81,16.89,0.82,17.6,0.83,18.39,0.84,19.3,0.11,0.11,0.094356,1776164656000
1776164658.157,258.157,0.2,13.7,0.19,16.89,0.18,17.6,0.17,18.39,0.16,19.3,0.31,59.22,0.34,11.6,0.35,11.4,0.36,18.3,0.37,11.2,0.69,59.22,0.66,11.6,0.65,11.4,0.64,18.3,0.63,11.2,0.8,13.7,0.81,16.89,0.82,17.6,0.83,18.39,0.84,19.3,0.11,0.11,0.094356,1776164657000
1776164658.396,258.396,0.05,6.52,0.04,72.7,0.03,89.3,0.02,147.69,0.01,5593.69,0.1,38.12,0.11,26.6,0.12,24.6,0.13,23.0,0.14,41.6,0.69,59.22,0.66,11.6,0.65,11.4,0.64,18.3,0.63,11.2,0.8,13.7,0.81,16.89,0.82,17.6,0.83,18.39,0.84,19.3,0.05,0.11,0.094356,1776164657000
1776164659.209,259.209,0.05,46.22,0.04,72.7,0.03,89.3,0.02,147.69,0.01,5593.69,0.09,14.71,0.1,28.9,0.11,26.6,0.12,24.6,0.13,23.0,0.9,38.12,0.89,26.6,0.88,24.6,0.87,23.0,0.86,41.6,0.95,6.52,0.96,72.7,0.97,89.3,0.98,147.69,0.99,5593.69,0.04,0.05,0.094356,1776164657000
1776164659.524,259.524,0.05,46.22,0.04,72.7,0.03,89.3,0.02,147.69,0.01,5593.69,0.09,14.71,0.1,28.9,0.11,26.6,0.12,24.6,0.13,23.0,0.91,14.71,0.9,28.9,0.89,26.6,0.88,24.6,0.87,23.0,0.95,46.22,0.96,72.7,0.97,89.3,0.98,147.69,0.99,5593.69,0.04,0.04,0.094356,1776164658000
1776164660.227,260.227,0.05,46.22,0.04,72.7,0.03,89.3,0.02,147.69,0.01,5593.69,0.09,14.71,0.1,28.9,0.11,26.6,0.12,24.6,0.13,23.0,0.91,14.71,0.9,28.9,0.89,26.6,0.88,24.6,0.87,23.0,0.95,46.22,0.96,72.7,0.97,89.3,0.98,147.69,0.99,5593.69,0.04,0.04,0.094356,1776164659000
1776164661.533,261.533,0.05,46.22,0.04,72.7,0.03,89.3,0.02,147.69,0.01,5593.69,0.09,14.71,0.1,28.9,0.11,26.6,0.12,24.6,0.13,23.0,0.91,14.71,0.9,28.9,0.89,26.6,0.88,24.6,0.87,23.0,0.95,46.22,0.96,72.7,0.97,89.3,0.98,147.69,0.99,5593.69,0.04,0.04,0.094356,1776164660000
1776164662.165,262.165,0.05,46.22,0.04,72.7,0.03,89.3,0.02,147.69,0.01,5593.69,0.09,14.71,0.1,28.9,0.11,26.6,0.12,24.6,0.13,23.0,0.91,14.71,0.9,28.9,0.89,26.6,0.88,24.6,0.87,23.0,0.95,46.22,0.96,72.7,0.97,89.3,0.98,147.69,0.99,5593.69,0.04,0.04,0.094356,1776164661000
1776164663.549,263.549,0.05,46.22,0.04,72.7,0.03,89.3,0.02,147.69,0.01,5593.69,0.09,14.71,0.1,28.9,0.11,26.6,0.12,24.6,0.13,23.0,0.91,14.71,0.9,28.9,0.89,26.6,0.88,24.6,0.87,23.0,0.95,46.22,0.96,72.7,0.97,89.3,0.98,147.69,0.99,5593.69,0.04,0.04,0.094356,1776164662000
1776164663.892,263.892,0.04,77.7,0.03,89.3,0.02,147.69,0.01,5643.69,,,0.27,1.15,0.28,12.9,0.29,12.6,0.3,12.4,0.31,62.2,0.91,14.71,0.9,28.9,0.89,26.6,0.88,24.6,0.87,23.0,0.95,46.22,0.96,72.7,0.97,89.3,0.98,147.69,0.99,5593.69,0.23,0.04,0.094356,1776164662000
1776164664.368,264.368,0.04,77.7,0.03,89.3,0.02,147.69,0.01,5643.69,,,0.27,1.15,0.28,12.9,0.29,12.6,0.3,12.4,0.31,62.2,0.73,1.15,0.72,12.9,0.71,12.6,0.7,12.4,0.69,62.2,0.96,77.7,0.97,89.3,0.98,147.69,0.99,5643.69,,,0.23,0.23,0.094356,1776164663000
1776164665.136,265.136,0.04,77.7,0.03,89.3,0.02,147.69,0.01,5643.69,,,0.27,1.15,0.28,12.9,0.29,12.6,0.3,12.4,0.31,62.2,0.73,1.15,0.72,12.9,0.71,12.6,0.7,12.4,0.69,62.2,0.96,77.7,0.97,89.3,0.98,147.69,0.99,5643.69,,,0.23,0.23,0.094358,1776164664000
1776164666.454,266.454,0.04,77.7,0.03,89.3,0.02,147.69,0.01,5643.69,,,0.27,1.15,0.28,12.9,0.29,12.6,0.3,12.4,0.31,62.2,0.73,1.15,0.72,12.9,0.71,12.6,0.7,12.4,0.69,62.2,0.96,77.7,0.97,89.3,0.98,147.69,0.99,5643.69,,,0.23,0.23,0.094396,1776164665000
1776164666.685,266.685,0.33,3.02,0.31,5.0,0.24,6.0,0.11,50.0,0.07,39.9,0.35,16.22,0.38,7.0,0.41,50.0,0.43,10.6,0.44,10.6,0.73,1.15,0.72,12.9,0.71,12.6,0.7,12.4,0.69,62.2,0.96,77.7,0.97,89.3,0.98,147.69,0.99,5643.69,,,0.02,0.23,0.094396,1776164665000
1776164667.265,267.265,0.24,6.0,0.11,50.0,0.08,35.29,0.07,39.9,0.06,46.1,0.34,9.91,0.38,7.0,0.41,50.0,0.43,10.6,0.44,18.6,0.65,16.22,0.62,7.0,0.59,50.0,0.57,10.6,0.56,10.6,0.67,3.02,0.69,5.0,0.76,6.0,0.89,50.0,0.93,39.9,0.1,0.02,0.094396,1776164665000
1776164668.434,268.434,0.24,3.63,0.11,50.0,0.1,28.9,0.09,31.7,0.08,35.29,0.34,9.91,0.38,7.0,0.41,50.0,0.43,15.6,0.44,18.6,0.66,9.91,0.62,7.0,0.59,50.0,0.57,10.6,0.56,18.6,0.76,6.0,0.89,50.0,0.92,35.29,0.93,39.9,0.94,46.1,0.1,0.1,0.094409,1776164666000
1776164668.752,268.752,0.24,3.63,0.11,50.0,0.1,28.9,0.09,31.7,0.08,35.29,0.34,9.91,0.38,7.0,0.41,50.0,0.43,15.6,0.44,18.6,0.66,9.91,0.62,7.0,0.59,50.0,0.57,15.6,0.56,18.6,0.76,3.63,0.89,50.0,0.9,28.9,0.91,31.7,0.92,35.29,0.1,0.1,0.094411,1776164667000
1776164669.167,269.167,0.24,3.63,0.12,24.6,0.11,76.6,0.1,28.9,0.09,31.7,0.41,40.31,0.43,10.6,0.44,18.6,0.45,10.5,0.46,10.5,0.66,9.91,0.62,7.0,0.59,50.0,0.57,15.6,0.56,18.6,0.76,3.63,0.89,50.0,0.9,28.9,0.91,31.7,0.92,35.29,0.17,0.1,0.094411,1776164667000
1776164670.335,270.335,0.24,3.63,0.12,24.6,0.11,76.6,0.1,28.9,0.09,31.7,0.41,40.31,0.43,10.6,0.44,18.6,0.45,10.5,0.46,10.5,0.59,40.31,0.57,10.6,0.56,18.6,0.55,10.5,0.54,10.5,0.76,3.63,0.88,24.6,0.89,76.6,0.9,28.9,0.91,31.7,0.17,0.17,0.094411,1776164669000
1776164670.859,270.859,0.24,3.63,0.12,24.6,0.11,76.6,0.1,28.9,0.09,31.7,0.41,40.31,0.43,10.6,0.44,18.6,0.45,10.5,0.46,10.5,0.59,40.31,0.57,10.6,0.56,18.6,0.55,10.5,0.54,10.5,0.76,3.63,0.88,24.6,0.89,76.6,0.9,28.9,0.91,31.7,0.17,0.17,0.094407,1776164670000
1776164672.073,272.073,0.24,3.63,0.12,24.6,0.11,76.6,0.1,28.9,0.09,31.7,0.41,40.31,0.43,10.6,0.44,18.6,0.45,10.5,0.46,10.5,0.59,40.31,0.57,10.6,0.56,18.6,0.55,10.5,0.54,10.5,0.76,3.63,0.88,24.6,0.89,76.6,0.9,28.9,0.91,31.7,0.17,0.17,0.094407,1776164671000
1776164673.125,273.125,0.24,3.63,0.12,24.6,0.11,76.6,0.1,28.9,0.09,31.7,0.41,40.31,0.43,10.6,0.44,18.6,0.45,10.5,0.46,10.5,0.59,40.31,0.57,10.6,0.56,18.6,0.55,10.5,0.54,10.5,0.76,3.63,0.88,24.6,0.89,76.6,0.9,28.9,0.91,31.7,0.17,0.17,0.094407,1776164672000
1776164674.349,274.349,0.24,3.63,0.12,24.6,0.11,76.6,0.1,28.9,0.09,31.7,0.41,40.31,0.43,10.6,0.44,18.6,0.45,10.5,0.46,10.5,0.59,40.31,0.57,10.6,0.56,18.6,0.55,10.5,0.54,10.5,0.76,3.63,0.88,24.6,0.89,76.6,0.9,28.9,0.91,31.7,0.17,0.17,0.094408,1776164673000
1776164674.88,274.88,0.24,3.63,0.12,24.6,0.11,76.6,0.1,28.9,0.09,31.7,0.41,40.31,0.43,10.6,0.44,18.6,0.45,10.5,0.46,10.5,0.59,40.31,0.57,10.6,0.56,18.6,0.55,10.5,0.54,10.5,0.76,3.63,0.88,24.6,0.89,76.6,0.9,28.9,0.91,31.7,0.17,0.17,0.094408,1776164674000
1776164675.965,275.965,0.24,3.63,0.12,24.6,0.11,76.6,0.1,28.9,0.09,31.7,0.41,40.31,0.43,10.6,0.44,18.6,0.45,10.5,0.46,10.5,0.59,40.31,0.57,10.6,0.56,18.6,0.55,10.5,0.54,10.5,0.76,3.63,0.88,24.6,0.89,76.6,0.9,28.9,0.91,31.7,0.17,0.17,0.09441,1776164675000
1776164676.787,276.787,0.24,1.79,0.11,50.0,0.04,10.0,0.02,15.0,0.01,6581.09,0.4,39.0,0.41,40.31,0.5,10.0,0.51,50.0,0.53,2.45,0.59,40.31,0.57,10.6,0.56,18.6,0.55,10.5,0.54,10.5,0.76,3.63,0.88,24.6,0.89,76.6,0.9,28.9,0.91,31.7,0.16,0.17,0.09441,1776164675000
1776164677.111,277.111,0.24,1.79,0.11,50.0,0.04,10.0,0.02,15.0,0.01,6581.09,0.4,39.0,0.41,40.31,0.5,10.0,0.51,50.0,0.53,2.45,0.6,39.0,0.59,40.31,0.5,10.0,0.49,50.0,0.47,2.45,0.76,1.79,0.89,50.0,0.96,10.0,0.98,15.0,0.99,6581.09,0.16,0.16,0.094409,1776164676000
1776164678.224,278.224,0.24,1.79,0.11,50.0,0.04,10.0,0.02,15.0,0.01,6581.09,0.4,39.0,0.41,40.31,0.5,10.0,0.51,50.0,0.53,2.45,0.6,39.0,0.59,40.31,0.5,10.0,0.49,50.0,0.47,2.45,0.76,1.79,0.89,50.0,0.96,10.0,0.98,15.0,0.99,6581.09,0.16,0.16,0.094409,1776164677000
1776164679.47,279.47,0.24,1.79,0.11,50.0,0.04,10.0,0.02,15.0,0.01,6581.09,0.4,39.0,0.41,40.31,0.5,10.0,0.51,50.0,0.53,2.45,0.6,39.0,0.59,40.31,0.5,10.0,0.49,50.0,0.47,2.45,0.76,1.79,0.89,50.0,0.96,10.0,0.98,15.0,0.99,6581.09,0.16,0.16,0.094413,1776164678000
1776164679.922,279.922,0.04,10.0,0.02,15.0,0.01,5481.09,,,,,0.26,38.0,0.27,5.0,0.31,50.0,0.37,7.0,0.41,40.31,0.6,39.0,0.59,40.31,0.5,10.0,0.49,50.0,0.47,2.45,0.76,1.79,0.89,50.0,0.96,10.0,0.98,15.0,0.99,6581.09,0.22,0.16,0.094413,1776164678000
1776164681.215,281.215,0.04,10.0,0.02,15.0,0.01,5481.09,,,,,0.26,38.0,0.27,5.0,0.31,50.0,0.37,7.0,0.41,40.31,0.74,38.0,0.73,5.0,0.69,50.0,0.63,7.0,0.59,40.31,0.96,10.0,0.98,15.0,0.99,5481.09,,,,,0.22,0.22,0.094411,1776164680000
1776164682.251,282.251,0.04,10.0,0.02,15.0,0.01,5481.09,,,,,0.26,38.0,0.27,5.0,0.31,50.0,0.37,7.0,0.41,40.31,0.74,38.0,0.73,5.0,0.69,50.0,0.63,7.0,0.59,40.31,0.96,10.0,0.98,15.0,0.99,5481.09,,,,,0.22,0.22,0.094411,1776164681000
1776164682.512,282.512,0.11,50.0,0.04,135.0,0.02,15.0,0.01,5481.09,,,0.41,30.65,0.5,10.0,0.51,50.0,0.53,2.45,0.61,50.0,0.74,38.0,0.73,5.0,0.69,50.0,0.63,7.0,0.59,40.31,0.96,10.0,0.98,15.0,0.99,5481.09,,,,,0.3,0.22,0.094411,1776164681000
1776164683.122,283.122,0.49,5.0,0.28,12.0,0.21,50.0,0.11,50.0,0.04,135.0,0.5,8.33,0.51,50.0,0.53,2.45,0.61,50.0,0.63,5.0,0.5,2.08,0.49,50.0,0.47,2.45,0.39,50.0,0.36,5.0,0.79,50.0,0.89,50.0,0.96,135.0,0.98,15.0,0.99,5481.09,0.01,0.29,0.094411,1776164681000
1776164683.504,283.504,0.49,2.88,0.28,12.0,0.21,50.0,0.11,50.0,0.04,135.0,0.5,8.33,0.51,50.0,0.53,2.45,0.61,50.0,0.63,5.0,0.5,8.33,0.49,50.0,0.47,2.45,0.39,50.0,0.37,5.0,0.51,2.88,0.72,12.0,0.79,50.0,0.89,50.0,0.96,135.0,0.01,0.01,0.094411,1776164682000
1776164684.085,284.085,0.49,2.88,0.28,12.0,0.21,50.0,0.11,50.0,0.04,135.0,0.5,8.33,0.51,50.0,0.53,2.45,0.61,50.0,0.63,5.0,0.5,8.33,0.49,50.0,0.47,2.45,0.39,50.0,0.37,5.0,0.51,2.88,0.72,12.0,0.79,50.0,0.89,50.0,0.96,135.0,0.01,0.01,0.094412,1776164683000
1776164684.856,284.856,0.21,31.0,0.11,50.0,0.04,10.0,0.02,265.0,0.01,5481.09,0.5,0.33,0.51,50.0,0.53,2.45,0.61,50.0,0.64,5.0,0.5,8.33,0.49,50.0,0.47,2.45,0.39,50.0,0.37,5.0,0.51,2.88,0.72,12.0,0.79,50.0,0.89,50.0,0.96,135.0,0.29,0.01,0.094412,1776164683000
1776164685.473,285.473,0.21,31.0,0.11,50.0,0.04,10.0,0.02,265.0,0.01,5481.09,0.5,0.33,0.51,50.0,0.53,2.45,0.61,50.0,0.64,5.0,0.5,0.33,0.49,50.0,0.47,2.45,0.39,50.0,0.36,5.0,0.79,31.0,0.89,50.0,0.96,10.0,0.98,265.0,0.99,5481.09,0.29,0.29,0.09443,1776164684000
1776164686.121,286.121,0.21,31.0,0.11,50.0,0.04,10.0,0.02,265.0,0.01,5481.09,0.5,0.33,0.51,50.0,0.53,2.45,0.61,50.0,0.64,5.0,0.5,0.33,0.49,50.0,0.47,2.45,0.39,50.0,0.36,5.0,0.79,31.0,0.89,50.0,0.96,10.0,0.98,265.0,0.99,5481.09,0.29,0.29,0.094432,1776164685000
1776164687.677,287.677,0.22,2.19,0.21,14.1,0.04,10.0,0.03,166.0,0.02,115.0,0.25,5.0,0.29,5.0,0.31,85.0,0.41,50.0,0.5,0.33,0.5,0.33,0.49,50.0,0.47,2.45,0.39,50.0,0.36,5.0,0.79,31.0,0.89,50.0,0.96,10.0,0.98,265.0,0.99,5481.09,0.03,0.29,0.094432,1776164685000
1776164687.904,287.904,0.21,12.5,0.04,10.0,0.03,166.0,0.02,115.0,0.01,6476.09,0.24,33.0,0.25,5.0,0.26,5.0,0.27,5.0,0.28,5.0,0.75,5.0,0.71,5.0,0.69,85.0,0.59,50.0,0.5,0.33,0.78,2.19,0.79,14.1,0.96,10.0,0.97,166.0,0.98,115.0,0.03,0.03,0.094432,1776164686000
1776164688.547,288.547,0.21,12.5,0.04,10.0,0.03,166.0,0.02,115.0,0.01,6476.09,0.24,33.0,0.25,5.0,0.26,5.0,0.27,5.0,0.28,5.0,0.76,33.0,0.75,5.0,0.74,5.0,0.73,5.0,0.72,5.0,0.79,12.5,0.96,10.0,0.97,166.0,0.98,115.0,0.99,6476.09,0.03,0.03,0.094432,1776164687000
1776164689.281,289.281,0.21,12.5,0.04,10.0,0.03,166.0,0.02,115.0,0.01,6476.09,0.24,33.0,0.25,5.0,0.26,5.0,0.27,5.0,0.28,5.0,0.76,33.0,0.75,5.0,0.74,5.0,0.73,5.0,0.72,5.0,0.79,12.5,0.96,10.0,0.97,166.0,0.98,115.0,0.99,6476.09,0.03,0.03,0.094432,1776164688000
1776164689.667,289.667,0.21,7.43,0.04,10.0,0.02,115.0,0.01,6476.09,,,0.22,5.0,0.23,5.0,0.31,50.0,0.41,50.0,0.5,0.33,0.76,33.0,0.75,5.0,0.74,5.0,0.73,5.0,0.72,5.0,0.79,12.5,0.96,10.0,0.97,166.0,0.98,115.0,0.99,6476.09,0.01,0.03,0.094432,1776164688000
1776164689.988,289.988,0.21,2.36,0.04,10.0,0.02,115.0,0.01,6476.09,,,0.22,34.0,0.31,50.0,0.41,50.0,0.5,0.33,0.51,50.0,0.78,5.0,0.77,5.0,0.69,50.0,0.59,50.0,0.5,0.33,0.79,7.43,0.96,10.0,0.98,115.0,0.99,6476.09,,,0.01,0.01,0.094432,1776164688000
1776164690.864,290.864,0.21,2.36,0.04,10.0,0.02,115.0,0.01,6476.09,,,0.22,34.0,0.31,50.0,0.41,50.0,0.5,0.33,0.51,50.0,0.78,34.0,0.69,50.0,0.59,50.0,0.5,0.33,0.49,50.0,0.79,2.36,0.96,10.0,0.98,115.0,0.99,6476.09,,,0.01,0.01,0.094412,1776164689000
1776164691.167,291.167,0.21,1.1,0.04,10.0,0.02,15.0,0.01,426.09,,,0.31,50.0,0.41,50.0,0.5,14.43,0.51,50.0,0.53,2.45,0.78,34.0,0.69,50.0,0.59,50.0,0.5,0.33,0.49,50.0,0.79,2.36,0.96,10.0,0.98,115.0,0.99,6476.09,,,0.1,0.01,0.094412,1776164689000
1776164691.489,291.489,0.04,10.0,0.02,15.0,0.01,426.09,,,,,0.21,48.9,0.31,50.0,0.41,50.0,0.5,14.43,0.51,50.0,0.79,48.9,0.69,50.0,0.59,50.0,0.5,14.43,0.49,50.0,0.96,10.0,0.98,15.0,0.99,426.09,,,,,0.17,0.17,0.094411,1776164690000
1776164692.378,292.378,0.04,10.0,0.02,15.0,0.01,426.09,,,,,0.21,48.9,0.31,50.0,0.41,50.0,0.5,14.43,0.51,50.0,0.79,48.9,0.69,50.0,0.59,50.0,0.5,14.43,0.49,50.0,0.96,10.0,0.98,15.0,0.99,426.09,,,,,0.17,0.17,0.094411,1776164691000
1776164693.817,293.817,0.04,10.0,0.02,15.0,0.01,426.09,,,,,0.21,48.9,0.31,50.0,0.41,50.0,0.5,14.43,0.51,50.0,0.79,48.9,0.69,50.0,0.59,50.0,0.5,14.43,0.49,50.0,0.96,10.0,0.98,15.0,0.99,426.09,,,,,0.17,0.17,0.094411,1776164692000
1776164694.347,294.347,0.02,15.0,0.01,346.09,,,,,,,0.21,48.9,0.31,50.0,0.41,50.0,0.49,22.82,0.5,0.33,0.79,48.9,0.69,50.0,0.59,50.0,0.5,14.43,0.49,50.0,0.96,10.0,0.98,15.0,0.99,426.09,,,,,0.19,0.17,0.094411,1776164692000
1776164695.068,295.068,0.02,15.0,0.01,346.09,,,,,,,0.21,48.9,0.31,50.0,0.41,50.0,0.49,22.82,0.5,0.33,0.79,48.9,0.69,50.0,0.59,50.0,0.51,22.82,0.5,0.33,0.98,15.0,0.99,346.09,,,,,,,0.19,0.19,0.094414,1776164694000
1776164696.481,296.481,0.02,15.0,0.01,346.09,,,,,,,0.21,48.9,0.31,50.0,0.41,50.0,0.49,22.82,0.5,0.33,0.79,48.9,0.69,50.0,0.59,50.0,0.51,22.82,0.5,0.33,0.98,15.0,0.99,346.09,,,,,,,0.19,0.19,0.094414,1776164695000
1776164697.206,297.206,0.02,15.0,0.01,346.09,,,,,,,0.21,48.9,0.31,50.0,0.41,50.0,0.49,22.82,0.5,0.33,0.79,48.9,0.69,50.0,0.59,50.0,0.51,22.82,0.5,0.33,0.98,15.0,0.99,346.09,,,,,,,0.19,0.19,0.094417,1776164696000
1776164697.416,297.416,0.01,156.09,,,,,,,,,0.11,5.0,0.21,48.9,0.31,50.0,0.41,50.0,0.48,13.56,0.89,5.0,0.79,48.9,0.69,50.0,0.59,50.0,0.52,13.56,0.98,8.87,0.99,156.09,,,,,,,0.1,0.09,0.094417,1776164696000
1776164697.662,297.662,0.01,155.07,,,,,,,,,0.11,5.0,0.21,48.9,0.31,50.0,0.41,50.0,0.48,13.56,0.89,5.0,0.79,48.9,0.69,50.0,0.59,50.0,0.52,13.56,0.99,156.09,,,,,,,,,0.1,0.1,0.094417,1776164696000
1776164697.99,297.99,0.01,83.49,,,,,,,,,0.11,5.0,0.21,48.9,0.31,50.0,0.39,6.0,0.41,50.0,0.89,5.0,0.79,48.9,0.69,50.0,0.59,50.0,0.52,13.56,0.99,84.51,,,,,,,,,0.1,0.1,0.094417,1776164696000
1776164698.228,298.228,0.01,73.49,,,,,,,,,0.11,13.0,0.21,48.9,0.31,50.0,0.39,6.0,0.41,50.0,0.89,5.0,0.79,48.9,0.69,50.0,0.61,6.0,0.59,50.0,0.99,83.49,,,,,,,,,0.1,0.1,0.094417,1776164696000
1776164698.632,298.632,0.01,48.49,,,,,,,,,0.11,5.0,0.21,48.9,0.31,50.0,0.39,6.0,0.41,50.0,0.89,13.0,0.79,48.9,0.69,50.0,0.61,6.0,0.59,50.0,0.99,58.49,,,,,,,,,0.1,0.1,0.094417,1776164696000
1776164699.387,299.387,,,,,,,,,,,0.01,31.62,0.11,5.0,0.21,48.9,0.31,50.0,0.39,6.0,0.99,31.62,0.89,5.0,0.79,48.9,0.69,50.0,0.61,6.0,,,,,,,,,,,,,0.094416,1776164698000
1776164700.912,300.912,,,,,,,,,,,0.01,31.62,0.11,5.0,0.21,48.9,0.31,50.0,0.39,6.0,0.99,31.62,0.89,5.0,0.79,48.9,0.69,50.0,0.61,6.0,,,,,,,,,,,,,0.094417,1776164699000

# RESULT,winner=Down,slug=doge-updown-5m-1776164400,ticks=321
