timestamp,elapsed_sec,up_bid_p1,up_bid_s1,up_bid_p2,up_bid_s2,up_bid_p3,up_bid_s3,up_bid_p4,up_bid_s4,up_bid_p5,up_bid_s5,up_ask_p1,up_ask_s1,up_ask_p2,up_ask_s2,up_ask_p3,up_ask_s3,up_ask_p4,up_ask_s4,up_ask_p5,up_ask_s5,down_bid_p1,down_bid_s1,down_bid_p2,down_bid_s2,down_bid_p3,down_bid_s3,down_bid_p4,down_bid_s4,down_bid_p5,down_bid_s5,down_ask_p1,down_ask_s1,down_ask_p2,down_ask_s2,down_ask_p3,down_ask_s3,down_ask_p4,down_ask_s4,down_ask_p5,down_ask_s5,up_spread,down_spread,doge_price,doge_oracle_ts
1776172501.462,1.462,0.47,6.0,0.41,13.0,0.4,8.0,0.39,8.0,0.38,8.0,0.51,5.1,0.53,6.0,0.59,13.0,0.6,8.0,0.61,8.0,0.49,5.1,0.47,6.0,0.41,13.0,0.4,8.0,0.39,8.0,0.53,6.0,0.59,13.0,0.6,8.0,0.61,8.0,0.62,8.0,0.04,0.04,0.094447,1776172500000
1776172502.211,2.211,0.47,6.0,0.41,13.0,0.4,8.0,0.39,8.0,0.38,8.0,0.51,5.1,0.53,6.0,0.59,13.0,0.6,8.0,0.61,8.0,0.49,5.1,0.47,6.0,0.41,13.0,0.4,8.0,0.39,8.0,0.53,6.0,0.59,13.0,0.6,8.0,0.61,8.0,0.62,8.0,0.04,0.04,0.094445,1776172501000
1776172503.792,3.792,0.47,6.0,0.41,13.0,0.4,8.0,0.39,8.0,0.38,8.0,0.51,5.1,0.53,6.0,0.59,13.0,0.6,8.0,0.61,8.0,0.49,5.1,0.47,6.0,0.41,13.0,0.4,8.0,0.39,8.0,0.53,6.0,0.59,13.0,0.6,8.0,0.61,8.0,0.62,8.0,0.04,0.04,0.094419,1776172502000
1776172504.396,4.396,0.47,6.0,0.41,13.0,0.4,8.0,0.39,8.0,0.38,8.0,0.51,5.1,0.53,6.0,0.59,13.0,0.6,8.0,0.61,8.0,0.49,5.1,0.47,6.0,0.41,13.0,0.4,8.0,0.39,8.0,0.53,6.0,0.59,13.0,0.6,8.0,0.61,8.0,0.62,8.0,0.04,0.04,0.094416,1776172503000
1776172505.214,5.214,0.35,14.0,0.31,425.0,0.27,450.0,0.25,600.0,0.21,800.0,0.53,6.0,0.57,11.0,0.61,50.0,0.69,375.0,0.71,50.0,0.47,6.0,0.43,11.0,0.39,50.0,0.31,375.0,0.29,50.0,0.65,14.0,0.69,425.0,0.73,450.0,0.75,600.0,0.79,800.0,0.18,0.18,0.094413,1776172504000
1776172506.468,6.468,0.32,5.0,0.27,450.0,0.26,19.0,0.25,600.0,0.21,800.0,0.42,2.61,0.48,9.0,0.51,50.0,0.53,6.0,0.61,50.0,0.47,6.0,0.43,11.0,0.39,50.0,0.31,375.0,0.29,50.0,0.65,14.0,0.69,425.0,0.73,450.0,0.75,600.0,0.79,800.0,0.1,0.18,0.094413,1776172504000
1776172506.972,6.972,0.32,3.52,0.27,450.0,0.25,600.0,0.24,20.0,0.23,10.0,0.43,5.0,0.47,10.0,0.48,19.0,0.49,10.0,0.5,10.0,0.58,2.61,0.52,9.0,0.49,50.0,0.47,6.0,0.39,50.0,0.68,5.0,0.73,450.0,0.74,19.0,0.75,600.0,0.79,800.0,0.11,0.1,0.094417,1776172505000
1776172507.438,7.438,0.32,3.52,0.27,450.0,0.25,600.0,0.24,20.0,0.23,10.0,0.43,5.0,0.47,10.0,0.48,19.0,0.49,10.0,0.5,10.0,0.57,5.0,0.53,10.0,0.52,19.0,0.51,10.0,0.5,10.0,0.68,3.52,0.73,450.0,0.75,600.0,0.76,20.0,0.77,10.0,0.11,0.11,0.094417,1776172506000
1776172508.384,8.384,0.32,3.52,0.27,450.0,0.25,600.0,0.24,20.0,0.23,10.0,0.43,5.0,0.47,10.0,0.48,19.0,0.49,10.0,0.5,10.0,0.57,5.0,0.53,10.0,0.52,19.0,0.51,10.0,0.5,10.0,0.68,3.52,0.73,450.0,0.75,600.0,0.76,20.0,0.77,10.0,0.11,0.11,0.094412,1776172507000
1776172508.997,8.997,0.32,3.52,0.27,450.0,0.25,600.0,0.24,20.0,0.23,10.0,0.43,5.0,0.47,10.0,0.48,19.0,0.49,10.0,0.5,10.0,0.57,5.0,0.53,10.0,0.52,19.0,0.51,10.0,0.5,10.0,0.68,3.52,0.73,450.0,0.75,600.0,0.76,20.0,0.77,10.0,0.11,0.11,0.094409,1776172508000
1776172509.993,9.993,0.32,3.52,0.27,450.0,0.25,600.0,0.24,20.0,0.23,10.0,0.43,5.0,0.47,10.0,0.48,19.0,0.49,10.0,0.5,10.0,0.57,5.0,0.53,10.0,0.52,19.0,0.51,10.0,0.5,10.0,0.68,3.52,0.73,450.0,0.75,600.0,0.76,20.0,0.77,10.0,0.11,0.11,0.094408,1776172509000
1776172511.034,11.034,0.32,3.52,0.27,450.0,0.25,600.0,0.24,20.0,0.23,10.0,0.43,5.0,0.47,10.0,0.48,19.0,0.49,10.0,0.5,10.0,0.57,5.0,0.53,10.0,0.52,19.0,0.51,10.0,0.5,10.0,0.68,3.52,0.73,450.0,0.75,600.0,0.76,20.0,0.77,10.0,0.11,0.11,0.09438,1776172510000
1776172512.052,12.052,0.32,3.52,0.27,450.0,0.25,600.0,0.24,20.0,0.23,10.0,0.43,5.0,0.47,10.0,0.48,19.0,0.49,10.0,0.5,10.0,0.57,5.0,0.53,10.0,0.52,19.0,0.51,10.0,0.5,10.0,0.68,3.52,0.73,450.0,0.75,600.0,0.76,20.0,0.77,10.0,0.11,0.11,0.094379,1776172511000
1776172513.686,13.686,0.32,3.52,0.27,450.0,0.25,600.0,0.24,20.0,0.23,10.0,0.43,5.0,0.47,10.0,0.48,19.0,0.49,10.0,0.5,10.0,0.57,5.0,0.53,10.0,0.52,19.0,0.51,10.0,0.5,10.0,0.68,3.52,0.73,450.0,0.75,600.0,0.76,20.0,0.77,10.0,0.11,0.11,0.094379,1776172512000
1776172514.218,14.218,0.23,10.0,0.22,5.0,0.19,26.0,0.14,10.0,0.13,10.0,0.38,0.2,0.39,10.0,0.4,18.0,0.41,60.0,0.42,10.0,0.57,5.0,0.53,10.0,0.52,19.0,0.51,10.0,0.5,10.0,0.68,3.52,0.73,450.0,0.75,600.0,0.76,20.0,0.77,10.0,0.15,0.11,0.094379,1776172512000
1776172515.036,15.036,0.23,10.0,0.22,5.0,0.19,26.0,0.14,10.0,0.13,10.0,0.39,5.2,0.4,18.0,0.41,60.0,0.42,10.0,0.43,10.0,0.62,0.2,0.61,10.0,0.6,18.0,0.59,60.0,0.58,10.0,0.77,10.0,0.78,5.0,0.81,26.0,0.86,10.0,0.87,10.0,0.16,0.15,0.094378,1776172513000
1776172515.529,15.529,0.23,10.0,0.22,5.0,0.19,26.0,0.14,10.0,0.13,10.0,0.39,5.2,0.4,18.0,0.41,60.0,0.42,10.0,0.43,10.0,0.61,5.2,0.6,18.0,0.59,60.0,0.58,10.0,0.57,10.0,0.77,10.0,0.78,5.0,0.81,26.0,0.86,10.0,0.87,10.0,0.16,0.16,0.094378,1776172514000
1776172516.468,16.468,0.23,10.0,0.22,5.0,0.19,26.0,0.14,10.0,0.13,10.0,0.39,5.2,0.4,18.0,0.41,60.0,0.42,10.0,0.43,10.0,0.61,5.2,0.6,18.0,0.59,60.0,0.58,10.0,0.57,10.0,0.77,10.0,0.78,5.0,0.81,26.0,0.86,10.0,0.87,10.0,0.16,0.16,0.094378,1776172515000
1776172516.921,16.921,0.22,15.0,0.19,31.0,0.14,10.0,0.13,10.0,0.12,10.0,0.39,4.31,0.4,18.0,0.41,60.0,0.42,20.0,0.51,55.0,0.61,5.2,0.6,18.0,0.59,60.0,0.58,10.0,0.57,10.0,0.77,10.0,0.78,5.0,0.81,26.0,0.86,10.0,0.87,10.0,0.17,0.16,0.094378,1776172515000
1776172518.308,18.308,0.22,15.0,0.19,31.0,0.14,10.0,0.13,10.0,0.12,10.0,0.39,4.31,0.4,18.0,0.41,60.0,0.42,20.0,0.51,55.0,0.61,4.31,0.6,18.0,0.59,60.0,0.58,20.0,0.49,55.0,0.78,15.0,0.81,31.0,0.86,10.0,0.87,10.0,0.88,10.0,0.17,0.17,0.094382,1776172517000
1776172519.736,19.736,0.22,15.0,0.19,31.0,0.14,10.0,0.13,10.0,0.12,10.0,0.39,4.31,0.4,18.0,0.41,60.0,0.42,20.0,0.51,55.0,0.61,4.31,0.6,18.0,0.59,60.0,0.58,20.0,0.49,55.0,0.78,15.0,0.81,31.0,0.86,10.0,0.87,10.0,0.88,10.0,0.17,0.17,0.09438,1776172518000
1776172520.264,20.264,0.22,15.0,0.19,31.0,0.14,10.0,0.13,10.0,0.12,10.0,0.39,4.31,0.4,18.0,0.41,60.0,0.42,20.0,0.51,55.0,0.61,4.31,0.6,18.0,0.59,60.0,0.58,20.0,0.49,55.0,0.78,15.0,0.81,31.0,0.86,10.0,0.87,10.0,0.88,10.0,0.17,0.17,0.09438,1776172519000
1776172521.586,21.586,0.22,15.0,0.19,31.0,0.14,10.0,0.13,10.0,0.12,10.0,0.39,4.31,0.4,18.0,0.41,60.0,0.42,20.0,0.51,55.0,0.61,4.31,0.6,18.0,0.59,60.0,0.58,20.0,0.49,55.0,0.78,15.0,0.81,31.0,0.86,10.0,0.87,10.0,0.88,10.0,0.17,0.17,0.094382,1776172520000
1776172522.093,22.093,0.22,15.0,0.19,31.0,0.14,10.0,0.13,10.0,0.12,10.0,0.39,4.31,0.4,18.0,0.41,60.0,0.42,20.0,0.51,55.0,0.61,4.31,0.6,18.0,0.59,60.0,0.58,20.0,0.49,55.0,0.78,15.0,0.81,31.0,0.86,10.0,0.87,10.0,0.88,10.0,0.17,0.17,0.094382,1776172521000
1776172523.402,23.402,0.22,15.0,0.19,31.0,0.14,10.0,0.13,10.0,0.12,10.0,0.39,4.31,0.4,18.0,0.41,60.0,0.42,20.0,0.51,55.0,0.61,4.31,0.6,18.0,0.59,60.0,0.58,20.0,0.49,55.0,0.78,15.0,0.81,31.0,0.86,10.0,0.87,10.0,0.88,10.0,0.17,0.17,0.094384,1776172522000
1776172524.249,24.249,0.22,15.0,0.19,31.0,0.14,10.0,0.13,10.0,0.12,10.0,0.39,4.31,0.4,18.0,0.41,60.0,0.42,20.0,0.51,55.0,0.61,4.31,0.6,18.0,0.59,60.0,0.58,20.0,0.49,55.0,0.78,15.0,0.81,31.0,0.86,10.0,0.87,10.0,0.88,10.0,0.17,0.17,0.094384,1776172523000
1776172525.273,25.273,0.22,15.0,0.19,31.0,0.14,10.0,0.13,10.0,0.12,10.0,0.39,4.31,0.4,18.0,0.41,60.0,0.42,20.0,0.51,55.0,0.61,4.31,0.6,18.0,0.59,60.0,0.58,20.0,0.49,55.0,0.78,15.0,0.81,31.0,0.86,10.0,0.87,10.0,0.88,10.0,0.17,0.17,0.094381,1776172524000
1776172526.2,26.2,0.22,15.0,0.19,31.0,0.14,10.0,0.13,10.0,0.12,10.0,0.39,4.31,0.4,18.0,0.41,60.0,0.42,20.0,0.51,55.0,0.61,4.31,0.6,18.0,0.59,60.0,0.58,20.0,0.49,55.0,0.78,15.0,0.81,31.0,0.86,10.0,0.87,10.0,0.88,10.0,0.17,0.17,0.094375,1776172525000
1776172527.187,27.187,0.22,15.0,0.19,31.0,0.14,10.0,0.13,10.0,0.12,10.0,0.39,4.31,0.4,18.0,0.41,60.0,0.42,20.0,0.51,55.0,0.61,4.31,0.6,18.0,0.59,60.0,0.58,20.0,0.49,55.0,0.78,15.0,0.81,31.0,0.86,10.0,0.87,10.0,0.88,10.0,0.17,0.17,0.094386,1776172526000
1776172527.625,27.625,0.28,5.0,0.26,10.0,0.24,20.0,0.23,5.0,0.21,50.0,0.31,5.0,0.45,9.0,0.47,10.0,0.51,55.0,0.53,6.0,0.61,4.31,0.6,18.0,0.59,60.0,0.58,20.0,0.49,55.0,0.78,15.0,0.81,31.0,0.86,10.0,0.87,10.0,0.88,10.0,0.03,0.17,0.094386,1776172526000
1776172528.151,28.151,0.28,5.0,0.26,10.0,0.24,20.0,0.23,5.0,0.21,50.0,0.31,5.0,0.45,9.0,0.47,10.0,0.51,55.0,0.53,6.0,0.69,5.0,0.55,9.0,0.53,10.0,0.49,55.0,0.47,6.0,0.72,5.0,0.74,10.0,0.76,20.0,0.77,5.0,0.79,50.0,0.03,0.03,0.094384,1776172527000
1776172529.079,29.079,0.28,5.0,0.26,10.0,0.24,20.0,0.23,5.0,0.21,50.0,0.31,5.0,0.45,9.0,0.47,10.0,0.51,55.0,0.53,6.0,0.69,5.0,0.55,9.0,0.53,10.0,0.49,55.0,0.47,6.0,0.72,5.0,0.74,10.0,0.76,20.0,0.77,5.0,0.79,50.0,0.03,0.03,0.094388,1776172528000
1776172530.111,30.111,0.28,5.0,0.26,10.0,0.24,20.0,0.23,5.0,0.21,50.0,0.31,5.0,0.45,9.0,0.47,10.0,0.51,55.0,0.53,6.0,0.69,5.0,0.55,9.0,0.53,10.0,0.49,55.0,0.47,6.0,0.72,5.0,0.74,10.0,0.76,20.0,0.77,5.0,0.79,50.0,0.03,0.03,0.094402,1776172529000
1776172531.051,31.051,0.28,5.0,0.26,10.0,0.24,20.0,0.23,5.0,0.21,50.0,0.31,5.0,0.45,9.0,0.47,10.0,0.51,55.0,0.53,6.0,0.69,5.0,0.55,9.0,0.53,10.0,0.49,55.0,0.47,6.0,0.72,5.0,0.74,10.0,0.76,20.0,0.77,5.0,0.79,50.0,0.03,0.03,0.094405,1776172530000
1776172532.105,32.105,0.28,5.0,0.26,10.0,0.24,20.0,0.23,5.0,0.21,50.0,0.31,5.0,0.45,9.0,0.47,10.0,0.51,55.0,0.53,6.0,0.69,5.0,0.55,9.0,0.53,10.0,0.49,55.0,0.47,6.0,0.72,5.0,0.74,10.0,0.76,20.0,0.77,5.0,0.79,50.0,0.03,0.03,0.09441,1776172531000
1776172532.999,32.999,0.28,5.0,0.26,10.0,0.24,20.0,0.23,5.0,0.21,50.0,0.31,5.0,0.45,9.0,0.47,10.0,0.51,55.0,0.53,6.0,0.69,5.0,0.55,9.0,0.53,10.0,0.49,55.0,0.47,6.0,0.72,5.0,0.74,10.0,0.76,20.0,0.77,5.0,0.79,50.0,0.03,0.03,0.094404,1776172532000
1776172534.027,34.027,0.28,5.0,0.26,10.0,0.24,20.0,0.23,5.0,0.21,50.0,0.31,5.0,0.45,9.0,0.47,10.0,0.51,55.0,0.53,6.0,0.69,5.0,0.55,9.0,0.53,10.0,0.49,55.0,0.47,6.0,0.72,5.0,0.74,10.0,0.76,20.0,0.77,5.0,0.79,50.0,0.03,0.03,0.094398,1776172533000
1776172535.103,35.103,0.28,5.0,0.26,10.0,0.24,20.0,0.23,5.0,0.21,50.0,0.31,5.0,0.45,9.0,0.47,10.0,0.51,55.0,0.53,6.0,0.69,5.0,0.55,9.0,0.53,10.0,0.49,55.0,0.47,6.0,0.72,5.0,0.74,10.0,0.76,20.0,0.77,5.0,0.79,50.0,0.03,0.03,0.094407,1776172534000
1776172536.223,36.223,0.28,5.0,0.26,10.0,0.24,20.0,0.23,5.0,0.21,50.0,0.31,5.0,0.45,9.0,0.47,10.0,0.51,55.0,0.53,6.0,0.69,5.0,0.55,9.0,0.53,10.0,0.49,55.0,0.47,6.0,0.72,5.0,0.74,10.0,0.76,20.0,0.77,5.0,0.79,50.0,0.03,0.03,0.094407,1776172535000
1776172536.498,36.498,0.21,5.0,0.19,5.0,0.14,21.6,0.13,33.0,0.12,34.6,0.3,2.0,0.31,5.0,0.34,15.0,0.36,10.0,0.41,50.0,0.69,5.0,0.55,9.0,0.53,10.0,0.49,55.0,0.47,6.0,0.72,5.0,0.74,10.0,0.76,20.0,0.77,5.0,0.79,50.0,0.09,0.03,0.094407,1776172535000
1776172537.315,37.315,0.21,5.0,0.19,5.0,0.14,21.6,0.13,33.0,0.12,34.6,0.3,2.0,0.31,5.0,0.34,15.0,0.36,10.0,0.41,50.0,0.7,2.0,0.69,5.0,0.66,15.0,0.64,10.0,0.59,50.0,0.79,5.0,0.81,5.0,0.86,21.6,0.87,33.0,0.88,34.6,0.09,0.09,0.094408,1776172536000
1776172538.643,38.643,0.21,5.0,0.19,5.0,0.14,21.6,0.13,33.0,0.12,34.6,0.3,2.0,0.31,5.0,0.34,15.0,0.36,10.0,0.41,50.0,0.7,2.0,0.69,5.0,0.66,15.0,0.64,10.0,0.59,50.0,0.79,5.0,0.81,5.0,0.86,21.6,0.87,33.0,0.88,34.6,0.09,0.09,0.09439,1776172537000
1776172539.216,39.216,0.21,5.0,0.19,5.0,0.14,21.6,0.13,33.0,0.12,34.6,0.3,2.0,0.31,5.0,0.34,15.0,0.36,10.0,0.41,50.0,0.7,2.0,0.69,5.0,0.66,15.0,0.64,10.0,0.59,50.0,0.79,5.0,0.81,5.0,0.86,21.6,0.87,33.0,0.88,34.6,0.09,0.09,0.094381,1776172538000
1776172540.194,40.194,0.16,5.99,0.15,25.39,0.14,21.6,0.13,23.0,0.12,29.6,0.23,6.0,0.24,18.0,0.26,5.0,0.29,10.0,0.3,10.0,0.7,2.0,0.69,5.0,0.66,15.0,0.64,10.0,0.59,50.0,0.79,5.0,0.81,5.0,0.86,21.6,0.87,33.0,0.88,34.6,0.07,0.09,0.094381,1776172538000
1776172540.8,40.8,0.16,5.99,0.15,25.39,0.14,21.6,0.13,23.0,0.12,29.6,0.23,6.0,0.24,18.0,0.26,5.0,0.29,10.0,0.3,10.0,0.77,6.0,0.76,18.0,0.74,5.0,0.71,10.0,0.7,10.0,0.84,5.99,0.85,25.39,0.86,21.6,0.87,23.0,0.88,29.6,0.07,0.07,0.094371,1776172539000
1776172541.344,41.344,0.16,5.99,0.15,25.39,0.14,21.6,0.13,23.0,0.12,29.6,0.23,6.0,0.24,18.0,0.26,5.0,0.29,10.0,0.3,10.0,0.77,6.0,0.76,18.0,0.74,5.0,0.71,10.0,0.7,10.0,0.84,5.99,0.85,25.39,0.86,21.6,0.87,23.0,0.88,29.6,0.07,0.07,0.094347,1776172540000
1776172542.015,42.015,0.16,5.99,0.15,25.39,0.14,21.6,0.13,23.0,0.12,29.6,0.23,6.0,0.24,18.0,0.26,5.0,0.29,10.0,0.3,10.0,0.77,6.0,0.76,18.0,0.74,5.0,0.71,10.0,0.7,10.0,0.84,5.99,0.85,25.39,0.86,21.6,0.87,23.0,0.88,29.6,0.07,0.07,0.094333,1776172541000
1776172542.417,42.417,0.15,20.39,0.14,21.6,0.13,23.0,0.12,24.6,0.11,126.6,0.16,3.57,0.22,10.0,0.26,21.0,0.27,10.0,0.28,10.0,0.77,6.0,0.76,18.0,0.74,5.0,0.71,10.0,0.7,10.0,0.84,5.99,0.85,25.39,0.86,21.6,0.87,23.0,0.88,29.6,0.01,0.07,0.094333,1776172541000
1776172543.314,43.314,0.15,20.39,0.14,21.6,0.13,23.0,0.12,24.6,0.11,126.6,0.16,3.57,0.22,10.0,0.26,21.0,0.27,10.0,0.28,10.0,0.84,3.57,0.78,10.0,0.74,21.0,0.73,10.0,0.72,10.0,0.85,20.39,0.86,21.6,0.87,23.0,0.88,24.6,0.89,126.6,0.01,0.01,0.094315,1776172542000
1776172544.058,44.058,0.15,20.39,0.14,21.6,0.13,23.0,0.12,24.6,0.11,126.6,0.16,3.57,0.22,10.0,0.26,21.0,0.27,10.0,0.28,10.0,0.84,3.57,0.78,10.0,0.74,21.0,0.73,10.0,0.72,10.0,0.85,20.39,0.86,21.6,0.87,23.0,0.88,24.6,0.89,126.6,0.01,0.01,0.094313,1776172543000
1776172545.562,45.562,0.15,20.39,0.14,21.6,0.13,23.0,0.12,24.6,0.11,126.6,0.16,3.57,0.22,10.0,0.26,21.0,0.27,10.0,0.28,10.0,0.84,3.57,0.78,10.0,0.74,21.0,0.73,10.0,0.72,10.0,0.85,20.39,0.86,21.6,0.87,23.0,0.88,24.6,0.89,126.6,0.01,0.01,0.094308,1776172544000
1776172546.257,46.257,0.15,20.39,0.14,21.6,0.13,23.0,0.12,24.6,0.11,126.6,0.16,3.57,0.22,10.0,0.26,21.0,0.27,10.0,0.28,10.0,0.84,3.57,0.78,10.0,0.74,21.0,0.73,10.0,0.72,10.0,0.85,20.39,0.86,21.6,0.87,23.0,0.88,24.6,0.89,126.6,0.01,0.01,0.094307,1776172545000
1776172547.837,47.837,0.15,20.39,0.14,21.6,0.13,23.0,0.12,24.6,0.11,126.6,0.16,3.57,0.22,10.0,0.26,21.0,0.27,10.0,0.28,10.0,0.84,3.57,0.78,10.0,0.74,21.0,0.73,10.0,0.72,10.0,0.85,20.39,0.86,21.6,0.87,23.0,0.88,24.6,0.89,126.6,0.01,0.01,0.094316,1776172546000
1776172548.631,48.631,0.15,20.39,0.14,21.6,0.13,23.0,0.12,24.6,0.11,126.6,0.16,3.57,0.22,10.0,0.26,21.0,0.27,10.0,0.28,10.0,0.84,3.57,0.78,10.0,0.74,21.0,0.73,10.0,0.72,10.0,0.85,20.39,0.86,21.6,0.87,23.0,0.88,24.6,0.89,126.6,0.01,0.01,0.094319,1776172547000
1776172549.206,49.206,0.15,20.39,0.14,21.6,0.13,23.0,0.12,24.6,0.11,126.6,0.16,3.57,0.22,10.0,0.26,21.0,0.27,10.0,0.28,10.0,0.84,3.57,0.78,10.0,0.74,21.0,0.73,10.0,0.72,10.0,0.85,20.39,0.86,21.6,0.87,23.0,0.88,24.6,0.89,126.6,0.01,0.01,0.094316,1776172548000
1776172550.634,50.634,0.15,20.39,0.14,21.6,0.13,23.0,0.12,24.6,0.11,126.6,0.16,3.57,0.22,10.0,0.26,21.0,0.27,10.0,0.28,10.0,0.84,3.57,0.78,10.0,0.74,21.0,0.73,10.0,0.72,10.0,0.85,20.39,0.86,21.6,0.87,23.0,0.88,24.6,0.89,126.6,0.01,0.01,0.094316,1776172549000
1776172551.355,51.355,0.15,20.39,0.14,21.6,0.13,23.0,0.12,24.6,0.11,126.6,0.16,3.57,0.22,10.0,0.26,21.0,0.27,10.0,0.28,10.0,0.84,3.57,0.78,10.0,0.74,21.0,0.73,10.0,0.72,10.0,0.85,20.39,0.86,21.6,0.87,23.0,0.88,24.6,0.89,126.6,0.01,0.01,0.09431,1776172550000
1776172552.096,52.096,0.15,20.39,0.14,21.6,0.13,23.0,0.12,24.6,0.11,126.6,0.16,3.57,0.22,10.0,0.26,21.0,0.27,10.0,0.28,10.0,0.84,3.57,0.78,10.0,0.74,21.0,0.73,10.0,0.72,10.0,0.85,20.39,0.86,21.6,0.87,23.0,0.88,24.6,0.89,126.6,0.01,0.01,0.094313,1776172551000
1776172553.625,53.625,0.15,20.39,0.14,21.6,0.13,23.0,0.12,24.6,0.11,126.6,0.16,3.57,0.22,10.0,0.26,21.0,0.27,10.0,0.28,10.0,0.84,3.57,0.78,10.0,0.74,21.0,0.73,10.0,0.72,10.0,0.85,20.39,0.86,21.6,0.87,23.0,0.88,24.6,0.89,126.6,0.01,0.01,0.094314,1776172552000
1776172554.243,54.243,0.15,20.39,0.14,21.6,0.13,23.0,0.12,24.6,0.11,126.6,0.16,3.57,0.22,10.0,0.26,21.0,0.27,10.0,0.28,10.0,0.84,3.57,0.78,10.0,0.74,21.0,0.73,10.0,0.72,10.0,0.85,20.39,0.86,21.6,0.87,23.0,0.88,24.6,0.89,126.6,0.01,0.01,0.094313,1776172553000
1776172555.069,55.069,0.15,20.39,0.14,21.6,0.13,23.0,0.12,24.6,0.11,126.6,0.16,3.57,0.22,10.0,0.26,21.0,0.27,10.0,0.28,10.0,0.84,3.57,0.78,10.0,0.74,21.0,0.73,10.0,0.72,10.0,0.85,20.39,0.86,21.6,0.87,23.0,0.88,24.6,0.89,126.6,0.01,0.01,0.094313,1776172554000
1776172556.105,56.105,0.15,20.39,0.14,21.6,0.13,23.0,0.12,24.6,0.11,126.6,0.16,3.57,0.22,10.0,0.26,21.0,0.27,10.0,0.28,10.0,0.84,3.57,0.78,10.0,0.74,21.0,0.73,10.0,0.72,10.0,0.85,20.39,0.86,21.6,0.87,23.0,0.88,24.6,0.89,126.6,0.01,0.01,0.094308,1776172555000
1776172557.633,57.633,0.15,20.39,0.14,21.6,0.13,23.0,0.12,24.6,0.11,126.6,0.16,3.57,0.22,10.0,0.26,21.0,0.27,10.0,0.28,10.0,0.84,3.57,0.78,10.0,0.74,21.0,0.73,10.0,0.72,10.0,0.85,20.39,0.86,21.6,0.87,23.0,0.88,24.6,0.89,126.6,0.01,0.01,0.09431,1776172556000
1776172558.263,58.263,0.15,20.39,0.14,21.6,0.13,23.0,0.12,24.6,0.11,126.6,0.16,3.57,0.22,10.0,0.26,21.0,0.27,10.0,0.28,10.0,0.84,3.57,0.78,10.0,0.74,21.0,0.73,10.0,0.72,10.0,0.85,20.39,0.86,21.6,0.87,23.0,0.88,24.6,0.89,126.6,0.01,0.01,0.094311,1776172557000
1776172559.595,59.595,0.15,20.39,0.14,21.6,0.13,23.0,0.12,24.6,0.11,126.6,0.16,3.57,0.22,10.0,0.26,21.0,0.27,10.0,0.28,10.0,0.84,3.57,0.78,10.0,0.74,21.0,0.73,10.0,0.72,10.0,0.85,20.39,0.86,21.6,0.87,23.0,0.88,24.6,0.89,126.6,0.01,0.01,0.0943,1776172558000
1776172560.285,60.285,0.15,20.39,0.14,21.6,0.13,23.0,0.12,24.6,0.11,126.6,0.16,3.57,0.22,10.0,0.26,21.0,0.27,10.0,0.28,10.0,0.84,3.57,0.78,10.0,0.74,21.0,0.73,10.0,0.72,10.0,0.85,20.39,0.86,21.6,0.87,23.0,0.88,24.6,0.89,126.6,0.01,0.01,0.09431,1776172559000
1776172561.587,61.587,0.15,20.39,0.14,21.6,0.13,23.0,0.12,24.6,0.11,126.6,0.16,3.57,0.22,10.0,0.26,21.0,0.27,10.0,0.28,10.0,0.84,3.57,0.78,10.0,0.74,21.0,0.73,10.0,0.72,10.0,0.85,20.39,0.86,21.6,0.87,23.0,0.88,24.6,0.89,126.6,0.01,0.01,0.094313,1776172560000
1776172562.182,62.182,0.15,20.39,0.14,21.6,0.13,23.0,0.12,24.6,0.11,126.6,0.16,3.57,0.22,10.0,0.26,21.0,0.27,10.0,0.28,10.0,0.84,3.57,0.78,10.0,0.74,21.0,0.73,10.0,0.72,10.0,0.85,20.39,0.86,21.6,0.87,23.0,0.88,24.6,0.89,126.6,0.01,0.01,0.094309,1776172561000
1776172563.451,63.451,0.15,20.39,0.14,21.6,0.13,23.0,0.12,24.6,0.11,126.6,0.16,3.57,0.22,10.0,0.26,21.0,0.27,10.0,0.28,10.0,0.84,3.57,0.78,10.0,0.74,21.0,0.73,10.0,0.72,10.0,0.85,20.39,0.86,21.6,0.87,23.0,0.88,24.6,0.89,126.6,0.01,0.01,0.094307,1776172562000
1776172564.025,64.025,0.15,20.39,0.14,21.6,0.13,23.0,0.12,24.6,0.11,126.6,0.16,3.57,0.22,10.0,0.26,21.0,0.27,10.0,0.28,10.0,0.84,3.57,0.78,10.0,0.74,21.0,0.73,10.0,0.72,10.0,0.85,20.39,0.86,21.6,0.87,23.0,0.88,24.6,0.89,126.6,0.01,0.01,0.094307,1776172563000
1776172565.374,65.374,0.15,20.39,0.14,21.6,0.13,23.0,0.12,24.6,0.11,126.6,0.16,3.57,0.22,10.0,0.26,21.0,0.27,10.0,0.28,10.0,0.84,3.57,0.78,10.0,0.74,21.0,0.73,10.0,0.72,10.0,0.85,20.39,0.86,21.6,0.87,23.0,0.88,24.6,0.89,126.6,0.01,0.01,0.094307,1776172564000
1776172566.563,66.563,0.15,20.39,0.14,21.6,0.13,23.0,0.12,24.6,0.11,126.6,0.16,3.57,0.22,10.0,0.26,21.0,0.27,10.0,0.28,10.0,0.84,3.57,0.78,10.0,0.74,21.0,0.73,10.0,0.72,10.0,0.85,20.39,0.86,21.6,0.87,23.0,0.88,24.6,0.89,126.6,0.01,0.01,0.094296,1776172565000
1776172567.305,67.305,0.15,20.39,0.14,21.6,0.13,23.0,0.12,24.6,0.11,126.6,0.16,3.57,0.22,10.0,0.26,21.0,0.27,10.0,0.28,10.0,0.84,3.57,0.78,10.0,0.74,21.0,0.73,10.0,0.72,10.0,0.85,20.39,0.86,21.6,0.87,23.0,0.88,24.6,0.89,126.6,0.01,0.01,0.094295,1776172566000
1776172568.64,68.64,0.09,31.7,0.08,35.29,0.07,39.9,0.06,46.1,0.05,54.7,0.19,10.0,0.21,60.0,0.22,16.0,0.23,10.0,0.24,10.0,0.81,10.0,0.79,60.0,0.78,16.0,0.77,10.0,0.76,10.0,0.91,31.7,0.92,35.29,0.93,39.9,0.94,46.1,0.95,54.7,0.1,0.1,0.094297,1776172567000
1776172569.177,69.177,0.09,31.7,0.08,35.29,0.07,39.9,0.06,46.1,0.05,54.7,0.19,10.0,0.21,60.0,0.22,16.0,0.23,10.0,0.24,10.0,0.81,10.0,0.79,60.0,0.78,16.0,0.77,10.0,0.76,10.0,0.91,31.7,0.92,35.29,0.93,39.9,0.94,46.1,0.95,54.7,0.1,0.1,0.094292,1776172568000
1776172570.46,70.46,0.09,31.7,0.08,35.29,0.07,39.9,0.06,46.1,0.05,54.7,0.19,10.0,0.21,60.0,0.22,16.0,0.23,10.0,0.24,10.0,0.81,10.0,0.79,60.0,0.78,16.0,0.77,10.0,0.76,10.0,0.91,31.7,0.92,35.29,0.93,39.9,0.94,46.1,0.95,54.7,0.1,0.1,0.094283,1776172569000
1776172571.166,71.166,0.09,31.7,0.08,35.29,0.07,39.9,0.06,46.1,0.05,54.7,0.19,10.0,0.21,60.0,0.22,16.0,0.23,10.0,0.24,10.0,0.81,10.0,0.79,60.0,0.78,16.0,0.77,10.0,0.76,10.0,0.91,31.7,0.92,35.29,0.93,39.9,0.94,46.1,0.95,54.7,0.1,0.1,0.094283,1776172570000
1776172572.815,72.815,0.09,31.7,0.08,35.29,0.07,39.9,0.06,46.1,0.05,54.7,0.19,10.0,0.21,60.0,0.22,16.0,0.23,10.0,0.24,10.0,0.81,10.0,0.79,60.0,0.78,16.0,0.77,10.0,0.76,10.0,0.91,31.7,0.92,35.29,0.93,39.9,0.94,46.1,0.95,54.7,0.1,0.1,0.094282,1776172571000
1776172573.363,73.363,0.09,31.7,0.08,35.29,0.07,39.9,0.06,46.1,0.05,54.7,0.19,10.0,0.21,60.0,0.22,16.0,0.23,10.0,0.24,10.0,0.81,10.0,0.79,60.0,0.78,16.0,0.77,10.0,0.76,10.0,0.91,31.7,0.92,35.29,0.93,39.9,0.94,46.1,0.95,54.7,0.1,0.1,0.094281,1776172572000
1776172573.977,73.977,0.09,31.7,0.08,35.29,0.07,39.9,0.06,46.1,0.05,54.7,0.19,10.0,0.21,60.0,0.22,16.0,0.23,10.0,0.24,10.0,0.81,10.0,0.79,60.0,0.78,16.0,0.77,10.0,0.76,10.0,0.91,31.7,0.92,35.29,0.93,39.9,0.94,46.1,0.95,54.7,0.1,0.1,0.094279,1776172573000
1776172574.94,74.94,0.09,31.7,0.08,35.29,0.07,39.9,0.06,46.1,0.05,54.7,0.19,10.0,0.21,60.0,0.22,16.0,0.23,10.0,0.24,10.0,0.81,10.0,0.79,60.0,0.78,16.0,0.77,10.0,0.76,10.0,0.91,31.7,0.92,35.29,0.93,39.9,0.94,46.1,0.95,54.7,0.1,0.1,0.094279,1776172574000
1776172575.931,75.931,0.09,31.7,0.08,35.29,0.07,39.9,0.06,46.1,0.05,54.7,0.19,10.0,0.21,60.0,0.22,16.0,0.23,10.0,0.24,10.0,0.81,10.0,0.79,60.0,0.78,16.0,0.77,10.0,0.76,10.0,0.91,31.7,0.92,35.29,0.93,39.9,0.94,46.1,0.95,54.7,0.1,0.1,0.094279,1776172575000
1776172576.145,76.145,0.07,34.53,0.06,46.1,0.05,54.7,0.04,80.7,0.03,94.3,0.15,20.39,0.16,40.3,0.17,18.39,0.18,27.6,0.19,26.89,0.81,10.0,0.79,60.0,0.78,16.0,0.77,10.0,0.76,10.0,0.91,31.7,0.92,35.29,0.93,39.9,0.94,46.1,0.95,54.7,0.08,0.1,0.094279,1776172575000
1776172577.016,77.016,0.07,34.53,0.06,46.1,0.05,54.7,0.04,80.7,0.03,94.3,0.15,20.39,0.16,40.3,0.17,18.39,0.18,27.6,0.19,26.89,0.85,20.39,0.84,40.3,0.83,18.39,0.82,27.6,0.81,26.89,0.93,34.53,0.94,46.1,0.95,54.7,0.96,80.7,0.97,94.3,0.08,0.08,0.09428,1776172576000
1776172577.946,77.946,0.07,34.53,0.06,46.1,0.05,54.7,0.04,80.7,0.03,94.3,0.15,20.39,0.16,40.3,0.17,18.39,0.18,27.6,0.19,26.89,0.85,20.39,0.84,40.3,0.83,18.39,0.82,27.6,0.81,26.89,0.93,34.53,0.94,46.1,0.95,54.7,0.96,80.7,0.97,94.3,0.08,0.08,0.09428,1776172577000
1776172578.65,78.65,0.07,33.45,0.06,46.1,0.05,54.7,0.04,80.7,0.03,94.3,0.14,39.6,0.15,20.39,0.16,19.3,0.17,28.39,0.18,17.6,0.85,20.39,0.84,40.3,0.83,18.39,0.82,27.6,0.81,26.89,0.93,34.53,0.94,46.1,0.95,54.7,0.96,80.7,0.97,94.3,0.07,0.08,0.09428,1776172577000
1776172578.998,78.998,0.07,33.45,0.06,46.1,0.05,54.7,0.04,80.7,0.03,94.3,0.14,39.6,0.15,20.39,0.16,19.3,0.17,28.39,0.18,17.6,0.86,39.6,0.85,20.39,0.84,19.3,0.83,28.39,0.82,17.6,0.93,33.45,0.94,46.1,0.95,54.7,0.96,80.7,0.97,94.3,0.07,0.07,0.09428,1776172578000
1776172579.948,79.948,0.07,33.45,0.06,46.1,0.05,54.7,0.04,80.7,0.03,94.3,0.14,39.6,0.15,20.39,0.16,19.3,0.17,28.39,0.18,17.6,0.86,39.6,0.85,20.39,0.84,19.3,0.83,28.39,0.82,17.6,0.93,33.45,0.94,46.1,0.95,54.7,0.96,80.7,0.97,94.3,0.07,0.07,0.09428,1776172579000
1776172580.907,80.907,0.07,33.45,0.06,46.1,0.05,54.7,0.04,80.7,0.03,94.3,0.14,39.6,0.15,20.39,0.16,19.3,0.17,28.39,0.18,17.6,0.86,39.6,0.85,20.39,0.84,19.3,0.83,28.39,0.82,17.6,0.93,33.45,0.94,46.1,0.95,54.7,0.96,80.7,0.97,94.3,0.07,0.07,0.094284,1776172580000
1776172581.856,81.856,0.07,33.45,0.06,46.1,0.05,54.7,0.04,80.7,0.03,94.3,0.14,39.6,0.15,20.39,0.16,19.3,0.17,28.39,0.18,17.6,0.86,39.6,0.85,20.39,0.84,19.3,0.83,28.39,0.82,17.6,0.93,33.45,0.94,46.1,0.95,54.7,0.96,80.7,0.97,94.3,0.07,0.07,0.094284,1776172581000
1776172582.96,82.96,0.07,33.45,0.06,46.1,0.05,54.7,0.04,80.7,0.03,94.3,0.14,39.6,0.15,20.39,0.16,19.3,0.17,28.39,0.18,17.6,0.86,39.6,0.85,20.39,0.84,19.3,0.83,28.39,0.82,17.6,0.93,33.45,0.94,46.1,0.95,54.7,0.96,80.7,0.97,94.3,0.07,0.07,0.094284,1776172582000
1776172583.873,83.873,0.07,33.45,0.06,46.1,0.05,54.7,0.04,80.7,0.03,94.3,0.14,39.6,0.15,20.39,0.16,19.3,0.17,28.39,0.18,17.6,0.86,39.6,0.85,20.39,0.84,19.3,0.83,28.39,0.82,17.6,0.93,33.45,0.94,46.1,0.95,54.7,0.96,80.7,0.97,94.3,0.07,0.07,0.094284,1776172583000
1776172584.877,84.877,0.07,33.45,0.06,46.1,0.05,54.7,0.04,80.7,0.03,94.3,0.14,39.6,0.15,20.39,0.16,19.3,0.17,28.39,0.18,17.6,0.86,39.6,0.85,20.39,0.84,19.3,0.83,28.39,0.82,17.6,0.93,33.45,0.94,46.1,0.95,54.7,0.96,80.7,0.97,94.3,0.07,0.07,0.094285,1776172584000
1776172586.431,86.431,0.07,33.45,0.06,46.1,0.05,54.7,0.04,80.7,0.03,94.3,0.14,39.6,0.15,20.39,0.16,19.3,0.17,28.39,0.18,17.6,0.86,39.6,0.85,20.39,0.84,19.3,0.83,28.39,0.82,17.6,0.93,33.45,0.94,46.1,0.95,54.7,0.96,80.7,0.97,94.3,0.07,0.07,0.094287,1776172585000
1776172586.966,86.966,0.07,33.45,0.06,46.1,0.05,54.7,0.04,80.7,0.03,94.3,0.14,39.6,0.15,20.39,0.16,19.3,0.17,28.39,0.18,17.6,0.86,39.6,0.85,20.39,0.84,19.3,0.83,28.39,0.82,17.6,0.93,33.45,0.94,46.1,0.95,54.7,0.96,80.7,0.97,94.3,0.07,0.07,0.094285,1776172586000
1776172588.107,88.107,0.07,33.45,0.06,46.1,0.05,54.7,0.04,80.7,0.03,94.3,0.14,39.6,0.15,20.39,0.16,19.3,0.17,28.39,0.18,17.6,0.86,39.6,0.85,20.39,0.84,19.3,0.83,28.39,0.82,17.6,0.93,33.45,0.94,46.1,0.95,54.7,0.96,80.7,0.97,94.3,0.07,0.07,0.094276,1776172587000
1776172589.012,89.012,0.07,33.45,0.06,46.1,0.05,54.7,0.04,80.7,0.03,94.3,0.14,39.6,0.15,20.39,0.16,19.3,0.17,28.39,0.18,17.6,0.86,39.6,0.85,20.39,0.84,19.3,0.83,28.39,0.82,17.6,0.93,33.45,0.94,46.1,0.95,54.7,0.96,80.7,0.97,94.3,0.07,0.07,0.094276,1776172588000
1776172590.002,90.002,0.07,33.45,0.06,46.1,0.05,54.7,0.04,80.7,0.03,94.3,0.14,39.6,0.15,20.39,0.16,19.3,0.17,28.39,0.18,17.6,0.86,39.6,0.85,20.39,0.84,19.3,0.83,28.39,0.82,17.6,0.93,33.45,0.94,46.1,0.95,54.7,0.96,80.7,0.97,94.3,0.07,0.07,0.094276,1776172589000
1776172591.142,91.142,0.07,33.45,0.06,46.1,0.05,54.7,0.04,80.7,0.03,94.3,0.14,39.6,0.15,20.39,0.16,19.3,0.17,28.39,0.18,17.6,0.86,39.6,0.85,20.39,0.84,19.3,0.83,28.39,0.82,17.6,0.93,33.45,0.94,46.1,0.95,54.7,0.96,80.7,0.97,94.3,0.07,0.07,0.094276,1776172590000
1776172592.034,92.034,0.07,33.45,0.06,46.1,0.05,54.7,0.04,80.7,0.03,94.3,0.14,39.6,0.15,20.39,0.16,19.3,0.17,28.39,0.18,17.6,0.86,39.6,0.85,20.39,0.84,19.3,0.83,28.39,0.82,17.6,0.93,33.45,0.94,46.1,0.95,54.7,0.96,80.7,0.97,94.3,0.07,0.07,0.094276,1776172591000
1776172593.072,93.072,0.07,33.45,0.06,46.1,0.05,54.7,0.04,80.7,0.03,94.3,0.14,39.6,0.15,20.39,0.16,19.3,0.17,28.39,0.18,17.6,0.86,39.6,0.85,20.39,0.84,19.3,0.83,28.39,0.82,17.6,0.93,33.45,0.94,46.1,0.95,54.7,0.96,80.7,0.97,94.3,0.07,0.07,0.094276,1776172592000
1776172594.057,94.057,0.07,33.45,0.06,46.1,0.05,54.7,0.04,80.7,0.03,94.3,0.14,39.6,0.15,20.39,0.16,19.3,0.17,28.39,0.18,17.6,0.86,39.6,0.85,20.39,0.84,19.3,0.83,28.39,0.82,17.6,0.93,33.45,0.94,46.1,0.95,54.7,0.96,80.7,0.97,94.3,0.07,0.07,0.094276,1776172593000
1776172594.997,94.997,0.07,33.45,0.06,46.1,0.05,54.7,0.04,80.7,0.03,94.3,0.14,39.6,0.15,20.39,0.16,19.3,0.17,28.39,0.18,17.6,0.86,39.6,0.85,20.39,0.84,19.3,0.83,28.39,0.82,17.6,0.93,33.45,0.94,46.1,0.95,54.7,0.96,80.7,0.97,94.3,0.07,0.07,0.094276,1776172594000
1776172596.059,96.059,0.07,33.45,0.06,46.1,0.05,54.7,0.04,80.7,0.03,94.3,0.14,39.6,0.15,20.39,0.16,19.3,0.17,28.39,0.18,17.6,0.86,39.6,0.85,20.39,0.84,19.3,0.83,28.39,0.82,17.6,0.93,33.45,0.94,46.1,0.95,54.7,0.96,80.7,0.97,94.3,0.07,0.07,0.094279,1776172595000
1776172597.022,97.022,0.07,33.45,0.06,46.1,0.05,54.7,0.04,80.7,0.03,94.3,0.14,39.6,0.15,20.39,0.16,19.3,0.17,28.39,0.18,17.6,0.86,39.6,0.85,20.39,0.84,19.3,0.83,28.39,0.82,17.6,0.93,33.45,0.94,46.1,0.95,54.7,0.96,80.7,0.97,94.3,0.07,0.07,0.094279,1776172596000
1776172597.94,97.94,0.07,33.45,0.06,46.1,0.05,54.7,0.04,80.7,0.03,94.3,0.14,39.6,0.15,20.39,0.16,19.3,0.17,28.39,0.18,17.6,0.86,39.6,0.85,20.39,0.84,19.3,0.83,28.39,0.82,17.6,0.93,33.45,0.94,46.1,0.95,54.7,0.96,80.7,0.97,94.3,0.07,0.07,0.094279,1776172597000
1776172599.317,99.317,0.07,33.45,0.06,46.1,0.05,54.7,0.04,80.7,0.03,94.3,0.14,39.6,0.15,20.39,0.16,19.3,0.17,28.39,0.18,17.6,0.86,39.6,0.85,20.39,0.84,19.3,0.83,28.39,0.82,17.6,0.93,33.45,0.94,46.1,0.95,54.7,0.96,80.7,0.97,94.3,0.07,0.07,0.094278,1776172598000
1776172600.293,100.293,0.07,33.45,0.06,46.1,0.05,54.7,0.04,80.7,0.03,94.3,0.14,39.6,0.15,20.39,0.16,19.3,0.17,28.39,0.18,17.6,0.86,39.6,0.85,20.39,0.84,19.3,0.83,28.39,0.82,17.6,0.93,33.45,0.94,46.1,0.95,54.7,0.96,80.7,0.97,94.3,0.07,0.07,0.094281,1776172599000
1776172601.209,101.209,0.07,33.45,0.06,46.1,0.05,54.7,0.04,80.7,0.03,94.3,0.14,39.6,0.15,20.39,0.16,19.3,0.17,28.39,0.18,17.6,0.86,39.6,0.85,20.39,0.84,19.3,0.83,28.39,0.82,17.6,0.93,33.45,0.94,46.1,0.95,54.7,0.96,80.7,0.97,94.3,0.07,0.07,0.094282,1776172600000
1776172602.233,102.233,0.07,33.45,0.06,46.1,0.05,54.7,0.04,80.7,0.03,94.3,0.14,39.6,0.15,20.39,0.16,19.3,0.17,28.39,0.18,17.6,0.86,39.6,0.85,20.39,0.84,19.3,0.83,28.39,0.82,17.6,0.93,33.45,0.94,46.1,0.95,54.7,0.96,80.7,0.97,94.3,0.07,0.07,0.094277,1776172601000
1776172603.197,103.197,0.07,33.45,0.06,46.1,0.05,54.7,0.04,80.7,0.03,94.3,0.14,39.6,0.15,20.39,0.16,19.3,0.17,28.39,0.18,17.6,0.86,39.6,0.85,20.39,0.84,19.3,0.83,28.39,0.82,17.6,0.93,33.45,0.94,46.1,0.95,54.7,0.96,80.7,0.97,94.3,0.07,0.07,0.094269,1776172602000
1776172604.129,104.129,0.07,33.45,0.06,46.1,0.05,54.7,0.04,80.7,0.03,94.3,0.14,39.6,0.15,20.39,0.16,19.3,0.17,28.39,0.18,17.6,0.86,39.6,0.85,20.39,0.84,19.3,0.83,28.39,0.82,17.6,0.93,33.45,0.94,46.1,0.95,54.7,0.96,80.7,0.97,94.3,0.07,0.07,0.094256,1776172603000
1776172605.203,105.203,0.07,33.45,0.06,46.1,0.05,54.7,0.04,80.7,0.03,94.3,0.14,39.6,0.15,20.39,0.16,19.3,0.17,28.39,0.18,17.6,0.86,39.6,0.85,20.39,0.84,19.3,0.83,28.39,0.82,17.6,0.93,33.45,0.94,46.1,0.95,54.7,0.96,80.7,0.97,94.3,0.07,0.07,0.094263,1776172604000
1776172606.131,106.131,0.07,33.45,0.06,46.1,0.05,54.7,0.04,80.7,0.03,94.3,0.14,39.6,0.15,20.39,0.16,19.3,0.17,28.39,0.18,17.6,0.86,39.6,0.85,20.39,0.84,19.3,0.83,28.39,0.82,17.6,0.93,33.45,0.94,46.1,0.95,54.7,0.96,80.7,0.97,94.3,0.07,0.07,0.094269,1776172605000
1776172607.059,107.059,0.07,33.45,0.06,46.1,0.05,54.7,0.04,80.7,0.03,94.3,0.14,39.6,0.15,20.39,0.16,19.3,0.17,28.39,0.18,17.6,0.86,39.6,0.85,20.39,0.84,19.3,0.83,28.39,0.82,17.6,0.93,33.45,0.94,46.1,0.95,54.7,0.96,80.7,0.97,94.3,0.07,0.07,0.094267,1776172606000
1776172608.005,108.005,0.07,33.45,0.06,46.1,0.05,54.7,0.04,80.7,0.03,94.3,0.14,39.6,0.15,20.39,0.16,19.3,0.17,28.39,0.18,17.6,0.86,39.6,0.85,20.39,0.84,19.3,0.83,28.39,0.82,17.6,0.93,33.45,0.94,46.1,0.95,54.7,0.96,80.7,0.97,94.3,0.07,0.07,0.094266,1776172607000
1776172608.892,108.892,0.07,33.45,0.06,46.1,0.05,54.7,0.04,80.7,0.03,94.3,0.14,39.6,0.15,20.39,0.16,19.3,0.17,28.39,0.18,17.6,0.86,39.6,0.85,20.39,0.84,19.3,0.83,28.39,0.82,17.6,0.93,33.45,0.94,46.1,0.95,54.7,0.96,80.7,0.97,94.3,0.07,0.07,0.094264,1776172608000
1776172609.88,109.88,0.07,33.45,0.06,46.1,0.05,54.7,0.04,80.7,0.03,94.3,0.14,39.6,0.15,20.39,0.16,19.3,0.17,28.39,0.18,17.6,0.86,39.6,0.85,20.39,0.84,19.3,0.83,28.39,0.82,17.6,0.93,33.45,0.94,46.1,0.95,54.7,0.96,80.7,0.97,94.3,0.07,0.07,0.094265,1776172609000
1776172611.335,111.335,0.07,33.45,0.06,46.1,0.05,54.7,0.04,80.7,0.03,94.3,0.14,39.6,0.15,20.39,0.16,19.3,0.17,28.39,0.18,17.6,0.86,39.6,0.85,20.39,0.84,19.3,0.83,28.39,0.82,17.6,0.93,33.45,0.94,46.1,0.95,54.7,0.96,80.7,0.97,94.3,0.07,0.07,0.094266,1776172610000
1776172612.172,112.172,0.07,33.45,0.06,46.1,0.05,54.7,0.04,80.7,0.03,94.3,0.14,39.6,0.15,20.39,0.16,19.3,0.17,28.39,0.18,17.6,0.86,39.6,0.85,20.39,0.84,19.3,0.83,28.39,0.82,17.6,0.93,33.45,0.94,46.1,0.95,54.7,0.96,80.7,0.97,94.3,0.07,0.07,0.094266,1776172611000
1776172613.227,113.227,0.07,33.45,0.06,46.1,0.05,54.7,0.04,80.7,0.03,94.3,0.14,39.6,0.15,20.39,0.16,19.3,0.17,28.39,0.18,17.6,0.86,39.6,0.85,20.39,0.84,19.3,0.83,28.39,0.82,17.6,0.93,33.45,0.94,46.1,0.95,54.7,0.96,80.7,0.97,94.3,0.07,0.07,0.094265,1776172612000
1776172614.134,114.134,0.07,33.45,0.06,46.1,0.05,54.7,0.04,80.7,0.03,94.3,0.14,39.6,0.15,20.39,0.16,19.3,0.17,28.39,0.18,17.6,0.86,39.6,0.85,20.39,0.84,19.3,0.83,28.39,0.82,17.6,0.93,33.45,0.94,46.1,0.95,54.7,0.96,80.7,0.97,94.3,0.07,0.07,0.094266,1776172613000
1776172615.023,115.023,0.07,33.45,0.06,46.1,0.05,54.7,0.04,80.7,0.03,94.3,0.14,39.6,0.15,20.39,0.16,19.3,0.17,28.39,0.18,17.6,0.86,39.6,0.85,20.39,0.84,19.3,0.83,28.39,0.82,17.6,0.93,33.45,0.94,46.1,0.95,54.7,0.96,80.7,0.97,94.3,0.07,0.07,0.094266,1776172614000
1776172615.995,115.995,0.07,33.45,0.06,46.1,0.05,54.7,0.04,80.7,0.03,94.3,0.14,39.6,0.15,20.39,0.16,19.3,0.17,28.39,0.18,17.6,0.86,39.6,0.85,20.39,0.84,19.3,0.83,28.39,0.82,17.6,0.93,33.45,0.94,46.1,0.95,54.7,0.96,80.7,0.97,94.3,0.07,0.07,0.094266,1776172615000
1776172616.973,116.973,0.07,33.45,0.06,46.1,0.05,54.7,0.04,80.7,0.03,94.3,0.14,39.6,0.15,20.39,0.16,19.3,0.17,28.39,0.18,17.6,0.86,39.6,0.85,20.39,0.84,19.3,0.83,28.39,0.82,17.6,0.93,33.45,0.94,46.1,0.95,54.7,0.96,80.7,0.97,94.3,0.07,0.07,0.094267,1776172616000
1776172617.939,117.939,0.07,33.45,0.06,46.1,0.05,54.7,0.04,80.7,0.03,94.3,0.14,39.6,0.15,20.39,0.16,19.3,0.17,28.39,0.18,17.6,0.86,39.6,0.85,20.39,0.84,19.3,0.83,28.39,0.82,17.6,0.93,33.45,0.94,46.1,0.95,54.7,0.96,80.7,0.97,94.3,0.07,0.07,0.094268,1776172617000
1776172618.878,118.878,0.04,78.42,0.03,89.3,0.02,147.69,0.01,5483.6,,,0.08,48.29,0.09,31.7,0.1,28.9,0.11,36.6,0.12,29.6,0.86,39.6,0.85,20.39,0.84,19.3,0.83,28.39,0.82,17.6,0.93,33.45,0.94,46.1,0.95,54.7,0.96,80.7,0.97,94.3,0.04,0.07,0.094268,1776172617000
1776172619.867,119.867,0.04,78.42,0.03,89.3,0.02,147.69,0.01,5483.6,,,0.08,48.29,0.09,31.7,0.1,28.9,0.11,36.6,0.12,29.6,0.92,48.29,0.91,31.7,0.9,28.9,0.89,36.6,0.88,29.6,0.96,78.42,0.97,89.3,0.98,147.69,0.99,5483.6,,,0.04,0.04,0.094262,1776172619000
1776172620.886,120.886,0.04,78.42,0.03,89.3,0.02,147.69,0.01,5483.6,,,0.08,48.29,0.09,31.7,0.1,28.9,0.11,36.6,0.12,29.6,0.92,48.29,0.91,31.7,0.9,28.9,0.89,36.6,0.88,29.6,0.96,78.42,0.97,89.3,0.98,147.69,0.99,5483.6,,,0.04,0.04,0.094264,1776172620000
1776172622.2,122.2,0.04,78.42,0.03,89.3,0.02,147.69,0.01,5483.6,,,0.08,48.29,0.09,31.7,0.1,28.9,0.11,36.6,0.12,29.6,0.92,48.29,0.91,31.7,0.9,28.9,0.89,36.6,0.88,29.6,0.96,78.42,0.97,89.3,0.98,147.69,0.99,5483.6,,,0.04,0.04,0.094266,1776172621000
1776172623.714,123.714,0.04,78.42,0.03,89.3,0.02,147.69,0.01,5483.6,,,0.08,48.29,0.09,31.7,0.1,28.9,0.11,36.6,0.12,29.6,0.92,48.29,0.91,31.7,0.9,28.9,0.89,36.6,0.88,29.6,0.96,78.42,0.97,89.3,0.98,147.69,0.99,5483.6,,,0.04,0.04,0.094267,1776172622000
1776172624.162,124.162,0.04,78.42,0.03,89.3,0.02,147.69,0.01,5483.6,,,0.08,48.29,0.09,31.7,0.1,28.9,0.11,36.6,0.12,29.6,0.92,48.29,0.91,31.7,0.9,28.9,0.89,36.6,0.88,29.6,0.96,78.42,0.97,89.3,0.98,147.69,0.99,5483.6,,,0.04,0.04,0.094267,1776172623000
1776172625.284,125.284,0.04,78.42,0.03,89.3,0.02,147.69,0.01,5483.6,,,0.08,48.29,0.09,31.7,0.1,28.9,0.11,36.6,0.12,29.6,0.92,48.29,0.91,31.7,0.9,28.9,0.89,36.6,0.88,29.6,0.96,78.42,0.97,89.3,0.98,147.69,0.99,5483.6,,,0.04,0.04,0.094287,1776172624000
1776172625.516,125.516,0.1,7.64,0.09,31.7,0.08,35.29,0.07,39.9,0.06,46.1,0.12,13.0,0.15,5.0,0.18,17.6,0.19,16.89,0.2,26.3,0.92,48.29,0.91,31.7,0.9,28.9,0.89,36.6,0.88,29.6,0.96,78.42,0.97,89.3,0.98,147.69,0.99,5483.6,,,0.02,0.04,0.094287,1776172624000
1776172626.33,126.33,0.1,7.64,0.09,31.7,0.08,35.29,0.07,39.9,0.06,46.1,0.12,13.0,0.15,5.0,0.18,17.6,0.19,16.89,0.2,26.3,0.88,13.0,0.85,5.0,0.82,17.6,0.81,16.89,0.8,26.3,0.9,7.64,0.91,31.7,0.92,35.29,0.93,39.9,0.94,46.1,0.02,0.02,0.094305,1776172625000
1776172627.34,127.34,0.1,7.64,0.09,31.7,0.08,35.29,0.07,39.9,0.06,46.1,0.12,13.0,0.15,5.0,0.18,17.6,0.19,16.89,0.2,26.3,0.88,13.0,0.85,5.0,0.82,17.6,0.81,16.89,0.8,26.3,0.9,7.64,0.91,31.7,0.92,35.29,0.93,39.9,0.94,46.1,0.02,0.02,0.094305,1776172626000
1776172627.897,127.897,0.1,7.64,0.09,31.7,0.08,35.29,0.07,39.9,0.06,46.1,0.12,13.0,0.15,5.0,0.18,17.6,0.19,16.89,0.2,26.3,0.88,13.0,0.85,5.0,0.82,17.6,0.81,16.89,0.8,26.3,0.9,7.64,0.91,31.7,0.92,35.29,0.93,39.9,0.94,46.1,0.02,0.02,0.094304,1776172627000
1776172628.973,128.973,0.1,7.64,0.09,31.7,0.08,35.29,0.07,39.9,0.06,46.1,0.12,13.0,0.15,5.0,0.18,17.6,0.19,16.89,0.2,26.3,0.88,13.0,0.85,5.0,0.82,17.6,0.81,16.89,0.8,26.3,0.9,7.64,0.91,31.7,0.92,35.29,0.93,39.9,0.94,46.1,0.02,0.02,0.094299,1776172628000
1776172629.979,129.979,0.1,7.64,0.09,31.7,0.08,35.29,0.07,39.9,0.06,46.1,0.12,13.0,0.15,5.0,0.18,17.6,0.19,16.89,0.2,26.3,0.88,13.0,0.85,5.0,0.82,17.6,0.81,16.89,0.8,26.3,0.9,7.64,0.91,31.7,0.92,35.29,0.93,39.9,0.94,46.1,0.02,0.02,0.094299,1776172629000
1776172631.066,131.066,0.1,7.64,0.09,31.7,0.08,35.29,0.07,39.9,0.06,46.1,0.12,13.0,0.15,5.0,0.18,17.6,0.19,16.89,0.2,26.3,0.88,13.0,0.85,5.0,0.82,17.6,0.81,16.89,0.8,26.3,0.9,7.64,0.91,31.7,0.92,35.29,0.93,39.9,0.94,46.1,0.02,0.02,0.09429,1776172630000
1776172632.095,132.095,0.1,7.64,0.09,31.7,0.08,35.29,0.07,39.9,0.06,46.1,0.12,13.0,0.15,5.0,0.18,17.6,0.19,16.89,0.2,26.3,0.88,13.0,0.85,5.0,0.82,17.6,0.81,16.89,0.8,26.3,0.9,7.64,0.91,31.7,0.92,35.29,0.93,39.9,0.94,46.1,0.02,0.02,0.094278,1776172631000
1776172633.028,133.028,0.05,54.7,0.04,83.42,0.03,89.3,0.02,147.69,0.01,5483.6,0.1,39.9,0.11,26.6,0.12,24.6,0.13,23.0,0.14,36.6,0.88,13.0,0.85,5.0,0.82,17.6,0.81,16.89,0.8,26.3,0.9,7.64,0.91,31.7,0.92,35.29,0.93,39.9,0.94,46.1,0.05,0.02,0.094278,1776172631000
1776172634.245,134.245,0.05,54.7,0.04,83.42,0.03,89.3,0.02,147.69,0.01,5483.6,0.1,39.9,0.11,26.6,0.12,24.6,0.13,23.0,0.14,36.6,0.9,39.9,0.89,26.6,0.88,24.6,0.87,23.0,0.86,36.6,0.95,54.7,0.96,83.42,0.97,89.3,0.98,147.69,0.99,5483.6,0.05,0.05,0.094275,1776172633000
1776172635.292,135.292,0.05,54.7,0.04,83.42,0.03,89.3,0.02,147.69,0.01,5483.6,0.1,39.9,0.11,26.6,0.12,24.6,0.13,23.0,0.14,36.6,0.9,39.9,0.89,26.6,0.88,24.6,0.87,23.0,0.86,36.6,0.95,54.7,0.96,83.42,0.97,89.3,0.98,147.69,0.99,5483.6,0.05,0.05,0.094272,1776172634000
1776172636.48,136.48,0.05,54.7,0.04,83.42,0.03,89.3,0.02,147.69,0.01,5483.6,0.1,39.9,0.11,26.6,0.12,24.6,0.13,23.0,0.14,36.6,0.9,39.9,0.89,26.6,0.88,24.6,0.87,23.0,0.86,36.6,0.95,54.7,0.96,83.42,0.97,89.3,0.98,147.69,0.99,5483.6,0.05,0.05,0.094278,1776172635000
1776172637.486,137.486,0.05,54.7,0.04,83.42,0.03,89.3,0.02,147.69,0.01,5483.6,0.1,39.9,0.11,26.6,0.12,24.6,0.13,23.0,0.14,36.6,0.9,39.9,0.89,26.6,0.88,24.6,0.87,23.0,0.86,36.6,0.95,54.7,0.96,83.42,0.97,89.3,0.98,147.69,0.99,5483.6,0.05,0.05,0.094278,1776172636000
1776172639.187,139.187,0.05,54.7,0.04,83.42,0.03,89.3,0.02,147.69,0.01,5483.6,0.1,39.9,0.11,26.6,0.12,24.6,0.13,23.0,0.14,36.6,0.9,39.9,0.89,26.6,0.88,24.6,0.87,23.0,0.86,36.6,0.95,54.7,0.96,83.42,0.97,89.3,0.98,147.69,0.99,5483.6,0.05,0.05,0.09428,1776172637000
1776172639.895,139.895,0.05,54.7,0.04,83.42,0.03,89.3,0.02,147.69,0.01,5483.6,0.1,39.9,0.11,26.6,0.12,24.6,0.13,23.0,0.14,36.6,0.9,39.9,0.89,26.6,0.88,24.6,0.87,23.0,0.86,36.6,0.95,54.7,0.96,83.42,0.97,89.3,0.98,147.69,0.99,5483.6,0.05,0.05,0.094277,1776172639000
1776172641.038,141.038,0.05,54.7,0.04,83.42,0.03,89.3,0.02,147.69,0.01,5483.6,0.1,39.9,0.11,26.6,0.12,24.6,0.13,23.0,0.14,36.6,0.9,39.9,0.89,26.6,0.88,24.6,0.87,23.0,0.86,36.6,0.95,54.7,0.96,83.42,0.97,89.3,0.98,147.69,0.99,5483.6,0.05,0.05,0.094268,1776172640000
1776172642.158,142.158,0.05,54.7,0.04,83.42,0.03,89.3,0.02,147.69,0.01,5483.6,0.1,39.9,0.11,26.6,0.12,24.6,0.13,23.0,0.14,36.6,0.9,39.9,0.89,26.6,0.88,24.6,0.87,23.0,0.86,36.6,0.95,54.7,0.96,83.42,0.97,89.3,0.98,147.69,0.99,5483.6,0.05,0.05,0.094268,1776172641000
1776172643.485,143.485,0.05,54.7,0.04,83.42,0.03,89.3,0.02,147.69,0.01,5483.6,0.1,39.9,0.11,26.6,0.12,24.6,0.13,23.0,0.14,36.6,0.9,39.9,0.89,26.6,0.88,24.6,0.87,23.0,0.86,36.6,0.95,54.7,0.96,83.42,0.97,89.3,0.98,147.69,0.99,5483.6,0.05,0.05,0.094268,1776172642000
1776172643.981,143.981,0.05,54.7,0.04,83.42,0.03,89.3,0.02,147.69,0.01,5483.6,0.1,39.9,0.11,26.6,0.12,24.6,0.13,23.0,0.14,36.6,0.9,39.9,0.89,26.6,0.88,24.6,0.87,23.0,0.86,36.6,0.95,54.7,0.96,83.42,0.97,89.3,0.98,147.69,0.99,5483.6,0.05,0.05,0.094272,1776172643000
1776172645.17,145.17,0.05,54.7,0.04,83.42,0.03,89.3,0.02,147.69,0.01,5483.6,0.1,39.9,0.11,26.6,0.12,24.6,0.13,23.0,0.14,36.6,0.9,39.9,0.89,26.6,0.88,24.6,0.87,23.0,0.86,36.6,0.95,54.7,0.96,83.42,0.97,89.3,0.98,147.69,0.99,5483.6,0.05,0.05,0.094274,1776172644000
1776172646.327,146.327,0.05,54.7,0.04,83.42,0.03,89.3,0.02,147.69,0.01,5483.6,0.1,39.9,0.11,26.6,0.12,24.6,0.13,23.0,0.14,36.6,0.9,39.9,0.89,26.6,0.88,24.6,0.87,23.0,0.86,36.6,0.95,54.7,0.96,83.42,0.97,89.3,0.98,147.69,0.99,5483.6,0.05,0.05,0.094273,1776172645000
1776172647.669,147.669,0.05,54.7,0.04,83.42,0.03,89.3,0.02,147.69,0.01,5483.6,0.1,39.9,0.11,26.6,0.12,24.6,0.13,23.0,0.14,36.6,0.9,39.9,0.89,26.6,0.88,24.6,0.87,23.0,0.86,36.6,0.95,54.7,0.96,83.42,0.97,89.3,0.98,147.69,0.99,5483.6,0.05,0.05,0.094273,1776172646000
1776172648.167,148.167,0.05,54.7,0.04,83.42,0.03,89.3,0.02,147.69,0.01,5483.6,0.1,39.9,0.11,26.6,0.12,24.6,0.13,23.0,0.14,36.6,0.9,39.9,0.89,26.6,0.88,24.6,0.87,23.0,0.86,36.6,0.95,54.7,0.96,83.42,0.97,89.3,0.98,147.69,0.99,5483.6,0.05,0.05,0.09428,1776172647000
1776172649.295,149.295,0.05,54.7,0.04,83.42,0.03,89.3,0.02,147.69,0.01,5483.6,0.1,39.9,0.11,26.6,0.12,24.6,0.13,23.0,0.14,36.6,0.9,39.9,0.89,26.6,0.88,24.6,0.87,23.0,0.86,36.6,0.95,54.7,0.96,83.42,0.97,89.3,0.98,147.69,0.99,5483.6,0.05,0.05,0.094292,1776172648000
1776172650.445,150.445,0.05,54.7,0.04,83.42,0.03,89.3,0.02,147.69,0.01,5483.6,0.1,39.9,0.11,26.6,0.12,24.6,0.13,23.0,0.14,36.6,0.9,39.9,0.89,26.6,0.88,24.6,0.87,23.0,0.86,36.6,0.95,54.7,0.96,83.42,0.97,89.3,0.98,147.69,0.99,5483.6,0.05,0.05,0.094297,1776172649000
1776172651.109,151.109,0.05,54.7,0.04,83.42,0.03,89.3,0.02,147.69,0.01,5483.6,0.1,39.9,0.11,26.6,0.12,24.6,0.13,23.0,0.14,36.6,0.9,39.9,0.89,26.6,0.88,24.6,0.87,23.0,0.86,36.6,0.95,54.7,0.96,83.42,0.97,89.3,0.98,147.69,0.99,5483.6,0.05,0.05,0.094297,1776172650000
1776172652.136,152.136,0.05,54.7,0.04,83.42,0.03,89.3,0.02,147.69,0.01,5483.6,0.1,39.9,0.11,26.6,0.12,24.6,0.13,23.0,0.14,36.6,0.9,39.9,0.89,26.6,0.88,24.6,0.87,23.0,0.86,36.6,0.95,54.7,0.96,83.42,0.97,89.3,0.98,147.69,0.99,5483.6,0.05,0.05,0.094294,1776172651000
1776172653.206,153.206,0.05,54.7,0.04,83.42,0.03,89.3,0.02,147.69,0.01,5483.6,0.1,39.9,0.11,26.6,0.12,24.6,0.13,23.0,0.14,36.6,0.9,39.9,0.89,26.6,0.88,24.6,0.87,23.0,0.86,36.6,0.95,54.7,0.96,83.42,0.97,89.3,0.98,147.69,0.99,5483.6,0.05,0.05,0.094291,1776172652000
1776172654.29,154.29,0.05,54.7,0.04,83.42,0.03,89.3,0.02,147.69,0.01,5483.6,0.1,39.9,0.11,26.6,0.12,24.6,0.13,23.0,0.14,36.6,0.9,39.9,0.89,26.6,0.88,24.6,0.87,23.0,0.86,36.6,0.95,54.7,0.96,83.42,0.97,89.3,0.98,147.69,0.99,5483.6,0.05,0.05,0.094291,1776172653000
1776172655.236,155.236,0.05,54.7,0.04,83.42,0.03,89.3,0.02,147.69,0.01,5483.6,0.1,39.9,0.11,26.6,0.12,24.6,0.13,23.0,0.14,36.6,0.9,39.9,0.89,26.6,0.88,24.6,0.87,23.0,0.86,36.6,0.95,54.7,0.96,83.42,0.97,89.3,0.98,147.69,0.99,5483.6,0.05,0.05,0.094295,1776172654000
1776172656.211,156.211,0.05,54.7,0.04,83.42,0.03,89.3,0.02,147.69,0.01,5483.6,0.1,39.9,0.11,26.6,0.12,24.6,0.13,23.0,0.14,36.6,0.9,39.9,0.89,26.6,0.88,24.6,0.87,23.0,0.86,36.6,0.95,54.7,0.96,83.42,0.97,89.3,0.98,147.69,0.99,5483.6,0.05,0.05,0.094295,1776172655000
1776172657.282,157.282,0.05,54.7,0.04,83.42,0.03,89.3,0.02,147.69,0.01,5483.6,0.1,39.9,0.11,26.6,0.12,24.6,0.13,23.0,0.14,36.6,0.9,39.9,0.89,26.6,0.88,24.6,0.87,23.0,0.86,36.6,0.95,54.7,0.96,83.42,0.97,89.3,0.98,147.69,0.99,5483.6,0.05,0.05,0.094295,1776172656000
1776172658.457,158.457,0.05,54.7,0.04,83.42,0.03,89.3,0.02,147.69,0.01,5483.6,0.1,39.9,0.11,26.6,0.12,24.6,0.13,23.0,0.14,36.6,0.9,39.9,0.89,26.6,0.88,24.6,0.87,23.0,0.86,36.6,0.95,54.7,0.96,83.42,0.97,89.3,0.98,147.69,0.99,5483.6,0.05,0.05,0.094295,1776172657000
1776172659.302,159.302,0.05,54.7,0.04,83.42,0.03,89.3,0.02,147.69,0.01,5483.6,0.1,39.9,0.11,26.6,0.12,24.6,0.13,23.0,0.14,36.6,0.9,39.9,0.89,26.6,0.88,24.6,0.87,23.0,0.86,36.6,0.95,54.7,0.96,83.42,0.97,89.3,0.98,147.69,0.99,5483.6,0.05,0.05,0.094295,1776172658000
1776172660.302,160.302,0.05,54.7,0.04,83.42,0.03,89.3,0.02,147.69,0.01,5483.6,0.1,39.9,0.11,26.6,0.12,24.6,0.13,23.0,0.14,36.6,0.9,39.9,0.89,26.6,0.88,24.6,0.87,23.0,0.86,36.6,0.95,54.7,0.96,83.42,0.97,89.3,0.98,147.69,0.99,5483.6,0.05,0.05,0.094295,1776172659000
1776172660.966,160.966,0.04,58.68,0.03,89.3,0.02,147.69,0.01,5483.6,,,0.07,16.0,0.09,31.7,0.1,18.9,0.11,26.6,0.12,24.6,0.93,16.0,0.91,31.7,0.9,18.9,0.89,26.6,0.88,24.6,0.96,68.79,0.97,89.3,0.98,147.69,0.99,5483.6,,,0.03,0.03,0.094295,1776172659000
1776172661.314,161.314,0.04,58.68,0.03,89.3,0.02,147.69,0.01,5483.6,,,0.07,16.0,0.09,31.7,0.1,18.9,0.11,26.6,0.12,24.6,0.93,16.0,0.91,31.7,0.9,18.9,0.89,26.6,0.88,24.6,0.96,58.68,0.97,89.3,0.98,147.69,0.99,5483.6,,,0.03,0.03,0.094295,1776172660000
1776172661.522,161.522,0.04,51.36,0.03,89.3,0.02,147.69,0.01,5483.6,,,0.07,16.0,0.09,31.7,0.1,18.9,0.11,26.6,0.12,24.6,0.93,16.0,0.91,31.7,0.9,18.9,0.89,26.6,0.88,24.6,0.96,58.68,0.97,89.3,0.98,147.69,0.99,5483.6,,,0.03,0.03,0.094295,1776172660000
1776172662.31,162.31,0.04,51.36,0.03,89.3,0.02,147.69,0.01,5483.6,,,0.07,16.0,0.09,31.7,0.1,18.9,0.11,26.6,0.12,24.6,0.93,16.0,0.91,31.7,0.9,18.9,0.89,26.6,0.88,24.6,0.96,51.36,0.97,89.3,0.98,147.69,0.99,5483.6,,,0.03,0.03,0.094295,1776172661000
1776172663.283,163.283,0.04,51.36,0.03,89.3,0.02,147.69,0.01,5483.6,,,0.07,16.0,0.09,31.7,0.1,18.9,0.11,26.6,0.12,24.6,0.93,16.0,0.91,31.7,0.9,18.9,0.89,26.6,0.88,24.6,0.96,51.36,0.97,89.3,0.98,147.69,0.99,5483.6,,,0.03,0.03,0.094296,1776172662000
1776172664.285,164.285,0.04,51.36,0.03,89.3,0.02,147.69,0.01,5483.6,,,0.07,16.0,0.09,31.7,0.1,18.9,0.11,26.6,0.12,24.6,0.93,16.0,0.91,31.7,0.9,18.9,0.89,26.6,0.88,24.6,0.96,51.36,0.97,89.3,0.98,147.69,0.99,5483.6,,,0.03,0.03,0.094306,1776172663000
1776172665.215,165.215,0.04,51.36,0.03,89.3,0.02,147.69,0.01,5483.6,,,0.07,16.0,0.09,31.7,0.1,18.9,0.11,26.6,0.12,24.6,0.93,16.0,0.91,31.7,0.9,18.9,0.89,26.6,0.88,24.6,0.96,51.36,0.97,89.3,0.98,147.69,0.99,5483.6,,,0.03,0.03,0.094306,1776172664000
1776172666.447,166.447,0.04,51.36,0.03,89.3,0.02,147.69,0.01,5483.6,,,0.07,16.0,0.09,31.7,0.1,18.9,0.11,26.6,0.12,24.6,0.93,16.0,0.91,31.7,0.9,18.9,0.89,26.6,0.88,24.6,0.96,51.36,0.97,89.3,0.98,147.69,0.99,5483.6,,,0.03,0.03,0.094307,1776172665000
1776172666.977,166.977,0.04,51.36,0.03,89.3,0.02,147.69,0.01,5483.6,,,0.07,16.0,0.09,31.7,0.1,18.9,0.11,26.6,0.12,24.6,0.93,16.0,0.91,31.7,0.9,18.9,0.89,26.6,0.88,24.6,0.96,51.36,0.97,89.3,0.98,147.69,0.99,5483.6,,,0.03,0.03,0.094305,1776172666000
1776172668.04,168.04,0.04,51.36,0.03,89.3,0.02,147.69,0.01,5483.6,,,0.07,16.0,0.09,31.7,0.1,18.9,0.11,26.6,0.12,24.6,0.93,16.0,0.91,31.7,0.9,18.9,0.89,26.6,0.88,24.6,0.96,51.36,0.97,89.3,0.98,147.69,0.99,5483.6,,,0.03,0.03,0.094305,1776172667000
1776172669.168,169.168,0.04,51.36,0.03,89.3,0.02,147.69,0.01,5483.6,,,0.07,16.0,0.09,31.7,0.1,18.9,0.11,26.6,0.12,24.6,0.93,16.0,0.91,31.7,0.9,18.9,0.89,26.6,0.88,24.6,0.96,51.36,0.97,89.3,0.98,147.69,0.99,5483.6,,,0.03,0.03,0.094306,1776172668000
1776172670.244,170.244,0.04,51.36,0.03,89.3,0.02,147.69,0.01,5483.6,,,0.07,16.0,0.09,31.7,0.1,18.9,0.11,26.6,0.12,24.6,0.93,16.0,0.91,31.7,0.9,18.9,0.89,26.6,0.88,24.6,0.96,51.36,0.97,89.3,0.98,147.69,0.99,5483.6,,,0.03,0.03,0.094332,1776172669000
1776172670.653,170.653,0.1,23.9,0.09,31.7,0.08,35.29,0.07,39.9,0.06,46.1,0.12,5.0,0.13,5.0,0.21,25.7,0.22,15.2,0.23,14.7,0.93,16.0,0.91,31.7,0.9,18.9,0.89,26.6,0.88,24.6,0.96,51.36,0.97,89.3,0.98,147.69,0.99,5483.6,,,0.02,0.03,0.094332,1776172669000
1776172670.938,170.938,0.1,23.9,0.09,31.7,0.08,35.29,0.07,39.9,0.06,46.1,0.12,5.0,0.13,5.0,0.21,25.7,0.22,15.2,0.23,14.7,0.88,5.0,0.87,5.0,0.79,25.7,0.78,15.2,0.77,14.7,0.9,23.9,0.91,31.7,0.92,35.29,0.93,39.9,0.94,46.1,0.02,0.02,0.094344,1776172670000
1776172671.967,171.967,0.1,23.9,0.09,31.7,0.08,35.29,0.07,39.9,0.06,46.1,0.12,5.0,0.13,5.0,0.21,25.7,0.22,15.2,0.23,14.7,0.88,5.0,0.87,5.0,0.79,25.7,0.78,15.2,0.77,14.7,0.9,23.9,0.91,31.7,0.92,35.29,0.93,39.9,0.94,46.1,0.02,0.02,0.094342,1776172671000
1776172672.973,172.973,0.1,23.9,0.09,31.7,0.08,35.29,0.07,39.9,0.06,46.1,0.12,5.0,0.13,5.0,0.21,25.7,0.22,15.2,0.23,14.7,0.88,5.0,0.87,5.0,0.79,25.7,0.78,15.2,0.77,14.7,0.9,23.9,0.91,31.7,0.92,35.29,0.93,39.9,0.94,46.1,0.02,0.02,0.09434,1776172672000
1776172673.68,173.68,0.11,26.6,0.1,23.9,0.09,31.7,0.08,35.29,0.07,39.9,0.2,5.0,0.21,15.7,0.22,25.2,0.23,14.7,0.24,14.3,0.88,5.0,0.87,5.0,0.79,25.7,0.78,15.2,0.77,14.7,0.9,23.9,0.91,31.7,0.92,35.29,0.93,39.9,0.94,46.1,0.09,0.02,0.09434,1776172672000
1776172674.253,174.253,0.11,26.6,0.1,23.9,0.09,31.7,0.08,35.29,0.07,39.9,0.2,5.0,0.21,15.7,0.22,25.2,0.23,14.7,0.24,14.3,0.8,5.0,0.79,15.7,0.78,25.2,0.77,14.7,0.76,14.3,0.89,26.6,0.9,23.9,0.91,31.7,0.92,35.29,0.93,39.9,0.09,0.09,0.094344,1776172673000
1776172675.452,175.452,0.11,26.6,0.1,23.9,0.09,31.7,0.08,35.29,0.07,39.9,0.2,5.0,0.21,15.7,0.22,25.2,0.23,14.7,0.24,14.3,0.8,5.0,0.79,15.7,0.78,25.2,0.77,14.7,0.76,14.3,0.89,26.6,0.9,23.9,0.91,31.7,0.92,35.29,0.93,39.9,0.09,0.09,0.094344,1776172674000
1776172675.904,175.904,0.11,26.6,0.1,23.9,0.09,31.7,0.08,35.29,0.07,39.9,0.2,5.0,0.21,15.7,0.22,25.2,0.23,14.7,0.24,14.3,0.8,5.0,0.79,15.7,0.78,25.2,0.77,14.7,0.76,14.3,0.89,26.6,0.9,23.9,0.91,31.7,0.92,35.29,0.93,39.9,0.09,0.09,0.094342,1776172675000
1776172677.006,177.006,0.11,26.6,0.1,23.9,0.09,31.7,0.08,35.29,0.07,39.9,0.2,5.0,0.21,15.7,0.22,25.2,0.23,14.7,0.24,14.3,0.8,5.0,0.79,15.7,0.78,25.2,0.77,14.7,0.76,14.3,0.89,26.6,0.9,23.9,0.91,31.7,0.92,35.29,0.93,39.9,0.09,0.09,0.094342,1776172676000
1776172678.12,178.12,0.11,26.6,0.1,23.9,0.09,31.7,0.08,35.29,0.07,39.9,0.2,5.0,0.21,15.7,0.22,25.2,0.23,14.7,0.24,14.3,0.8,5.0,0.79,15.7,0.78,25.2,0.77,14.7,0.76,14.3,0.89,26.6,0.9,23.9,0.91,31.7,0.92,35.29,0.93,39.9,0.09,0.09,0.09434,1776172677000
1776172679.242,179.242,0.11,26.6,0.1,23.9,0.09,31.7,0.08,35.29,0.07,39.9,0.2,5.0,0.21,15.7,0.22,25.2,0.23,14.7,0.24,14.3,0.8,5.0,0.79,15.7,0.78,25.2,0.77,14.7,0.76,14.3,0.89,26.6,0.9,23.9,0.91,31.7,0.92,35.29,0.93,39.9,0.09,0.09,0.094341,1776172678000
1776172680.791,180.791,0.11,26.6,0.1,23.9,0.09,31.7,0.08,35.29,0.07,39.9,0.2,5.0,0.21,15.7,0.22,25.2,0.23,14.7,0.24,14.3,0.8,5.0,0.79,15.7,0.78,25.2,0.77,14.7,0.76,14.3,0.89,26.6,0.9,23.9,0.91,31.7,0.92,35.29,0.93,39.9,0.09,0.09,0.094346,1776172679000
1776172681.86,181.86,0.11,26.6,0.1,23.9,0.09,31.7,0.08,35.29,0.07,39.9,0.2,5.0,0.21,15.7,0.22,25.2,0.23,14.7,0.24,14.3,0.8,5.0,0.79,15.7,0.78,25.2,0.77,14.7,0.76,14.3,0.89,26.6,0.9,23.9,0.91,31.7,0.92,35.29,0.93,39.9,0.09,0.09,0.094346,1776172680000
1776172682.453,182.453,0.11,26.6,0.1,23.9,0.09,31.7,0.08,35.29,0.07,39.9,0.2,5.0,0.21,15.7,0.22,25.2,0.23,14.7,0.24,14.3,0.8,5.0,0.79,15.7,0.78,25.2,0.77,14.7,0.76,14.3,0.89,26.6,0.9,23.9,0.91,31.7,0.92,35.29,0.93,39.9,0.09,0.09,0.094346,1776172681000
1776172683.154,183.154,0.11,26.6,0.1,23.9,0.09,31.7,0.08,35.29,0.07,39.9,0.2,5.0,0.21,15.7,0.22,25.2,0.23,14.7,0.24,14.3,0.8,5.0,0.79,15.7,0.78,25.2,0.77,14.7,0.76,14.3,0.89,26.6,0.9,23.9,0.91,31.7,0.92,35.29,0.93,39.9,0.09,0.09,0.094355,1776172682000
1776172684.468,184.468,0.11,26.6,0.1,23.9,0.09,31.7,0.08,35.29,0.07,39.9,0.2,5.0,0.21,15.7,0.22,25.2,0.23,14.7,0.24,14.3,0.8,5.0,0.79,15.7,0.78,25.2,0.77,14.7,0.76,14.3,0.89,26.6,0.9,23.9,0.91,31.7,0.92,35.29,0.93,39.9,0.09,0.09,0.094352,1776172683000
1776172685.206,185.206,0.11,26.6,0.1,23.9,0.09,31.7,0.08,35.29,0.07,39.9,0.2,5.0,0.21,15.7,0.22,25.2,0.23,14.7,0.24,14.3,0.8,5.0,0.79,15.7,0.78,25.2,0.77,14.7,0.76,14.3,0.89,26.6,0.9,23.9,0.91,31.7,0.92,35.29,0.93,39.9,0.09,0.09,0.094352,1776172684000
1776172686.529,186.529,0.11,26.6,0.1,23.9,0.09,31.7,0.08,35.29,0.07,39.9,0.2,5.0,0.21,15.7,0.22,25.2,0.23,14.7,0.24,14.3,0.8,5.0,0.79,15.7,0.78,25.2,0.77,14.7,0.76,14.3,0.89,26.6,0.9,23.9,0.91,31.7,0.92,35.29,0.93,39.9,0.09,0.09,0.094351,1776172685000
1776172687.156,187.156,0.11,26.6,0.1,23.9,0.09,31.7,0.08,35.29,0.07,39.9,0.2,5.0,0.21,15.7,0.22,25.2,0.23,14.7,0.24,14.3,0.8,5.0,0.79,15.7,0.78,25.2,0.77,14.7,0.76,14.3,0.89,26.6,0.9,23.9,0.91,31.7,0.92,35.29,0.93,39.9,0.09,0.09,0.094347,1776172686000
1776172688.403,188.403,0.11,26.6,0.1,23.9,0.09,31.7,0.08,35.29,0.07,39.9,0.2,5.0,0.21,15.7,0.22,25.2,0.23,14.7,0.24,14.3,0.8,5.0,0.79,15.7,0.78,25.2,0.77,14.7,0.76,14.3,0.89,26.6,0.9,23.9,0.91,31.7,0.92,35.29,0.93,39.9,0.09,0.09,0.094342,1776172687000
1776172689.088,189.088,0.11,26.6,0.1,23.9,0.09,31.7,0.08,35.29,0.07,39.9,0.2,5.0,0.21,15.7,0.22,25.2,0.23,14.7,0.24,14.3,0.8,5.0,0.79,15.7,0.78,25.2,0.77,14.7,0.76,14.3,0.89,26.6,0.9,23.9,0.91,31.7,0.92,35.29,0.93,39.9,0.09,0.09,0.094342,1776172688000
1776172690.402,190.402,0.11,26.6,0.1,23.9,0.09,31.7,0.08,35.29,0.07,39.9,0.2,5.0,0.21,15.7,0.22,25.2,0.23,14.7,0.24,14.3,0.8,5.0,0.79,15.7,0.78,25.2,0.77,14.7,0.76,14.3,0.89,26.6,0.9,23.9,0.91,31.7,0.92,35.29,0.93,39.9,0.09,0.09,0.094342,1776172689000
1776172691.01,191.01,0.11,26.6,0.1,23.9,0.09,31.7,0.08,35.29,0.07,39.9,0.2,5.0,0.21,15.7,0.22,25.2,0.23,14.7,0.24,14.3,0.8,5.0,0.79,15.7,0.78,25.2,0.77,14.7,0.76,14.3,0.89,26.6,0.9,23.9,0.91,31.7,0.92,35.29,0.93,39.9,0.09,0.09,0.094341,1776172690000
1776172692.207,192.207,0.08,35.29,0.07,39.9,0.06,46.1,0.05,54.7,0.04,46.36,0.16,2.94,0.17,18.39,0.18,17.6,0.19,16.89,0.2,16.3,0.8,5.0,0.79,15.7,0.78,25.2,0.77,14.7,0.76,14.3,0.89,26.6,0.9,23.9,0.91,31.7,0.92,35.29,0.93,39.9,0.08,0.09,0.094341,1776172690000
1776172693.502,193.502,0.08,35.29,0.07,39.9,0.06,46.1,0.05,54.7,0.04,46.36,0.16,2.94,0.17,18.39,0.18,17.6,0.19,16.89,0.2,16.3,0.84,2.94,0.83,18.39,0.82,17.6,0.81,16.89,0.8,16.3,0.92,35.29,0.93,39.9,0.94,46.1,0.95,54.7,0.96,46.36,0.08,0.08,0.094339,1776172692000
1776172694.065,194.065,0.08,35.29,0.07,39.9,0.06,46.1,0.05,54.7,0.04,46.36,0.16,2.94,0.17,18.39,0.18,17.6,0.19,16.89,0.2,16.3,0.84,2.94,0.83,18.39,0.82,17.6,0.81,16.89,0.8,16.3,0.92,35.29,0.93,39.9,0.94,46.1,0.95,54.7,0.96,46.36,0.08,0.08,0.094344,1776172693000
1776172695.334,195.334,0.08,35.29,0.07,39.9,0.06,46.1,0.05,54.7,0.04,46.36,0.16,2.94,0.17,18.39,0.18,17.6,0.19,16.89,0.2,16.3,0.84,2.94,0.83,18.39,0.82,17.6,0.81,16.89,0.8,16.3,0.92,35.29,0.93,39.9,0.94,46.1,0.95,54.7,0.96,46.36,0.08,0.08,0.094354,1776172694000
1776172695.966,195.966,0.08,35.29,0.07,39.9,0.06,46.1,0.05,54.7,0.04,46.36,0.16,2.94,0.17,18.39,0.18,17.6,0.19,16.89,0.2,16.3,0.84,2.94,0.83,18.39,0.82,17.6,0.81,16.89,0.8,16.3,0.92,35.29,0.93,39.9,0.94,46.1,0.95,54.7,0.96,46.36,0.08,0.08,0.094354,1776172695000
1776172697.871,197.871,0.08,35.29,0.07,39.9,0.06,46.1,0.05,54.7,0.04,46.36,0.16,2.94,0.17,18.39,0.18,17.6,0.19,16.89,0.2,16.3,0.84,2.94,0.83,18.39,0.82,17.6,0.81,16.89,0.8,16.3,0.92,35.29,0.93,39.9,0.94,46.1,0.95,54.7,0.96,46.36,0.08,0.08,0.094345,1776172696000
1776172698.842,198.842,0.08,35.29,0.07,39.9,0.06,46.1,0.05,54.7,0.04,46.36,0.16,2.94,0.17,18.39,0.18,17.6,0.19,16.89,0.2,16.3,0.84,2.94,0.83,18.39,0.82,17.6,0.81,16.89,0.8,16.3,0.92,35.29,0.93,39.9,0.94,46.1,0.95,54.7,0.96,46.36,0.08,0.08,0.094346,1776172697000
1776172699.789,199.789,0.08,35.29,0.07,39.9,0.06,46.1,0.05,54.7,0.04,46.36,0.16,2.94,0.17,18.39,0.18,17.6,0.19,16.89,0.2,16.3,0.84,2.94,0.83,18.39,0.82,17.6,0.81,16.89,0.8,16.3,0.92,35.29,0.93,39.9,0.94,46.1,0.95,54.7,0.96,46.36,0.08,0.08,0.09435,1776172698000
1776172700.436,200.436,0.08,35.29,0.07,39.9,0.06,46.1,0.05,54.7,0.04,46.36,0.16,2.94,0.17,18.39,0.18,17.6,0.19,16.89,0.2,16.3,0.84,2.94,0.83,18.39,0.82,17.6,0.81,16.89,0.8,16.3,0.92,35.29,0.93,39.9,0.94,46.1,0.95,54.7,0.96,46.36,0.08,0.08,0.094346,1776172699000
1776172701.112,201.112,0.08,35.29,0.07,39.9,0.06,46.1,0.05,54.7,0.04,46.36,0.16,2.94,0.17,18.39,0.18,17.6,0.19,16.89,0.2,16.3,0.84,2.94,0.83,18.39,0.82,17.6,0.81,16.89,0.8,16.3,0.92,35.29,0.93,39.9,0.94,46.1,0.95,54.7,0.96,46.36,0.08,0.08,0.094347,1776172700000
1776172702.818,202.818,0.08,35.29,0.07,39.9,0.06,46.1,0.05,54.7,0.04,46.36,0.16,2.94,0.17,18.39,0.18,17.6,0.19,16.89,0.2,16.3,0.84,2.94,0.83,18.39,0.82,17.6,0.81,16.89,0.8,16.3,0.92,35.29,0.93,39.9,0.94,46.1,0.95,54.7,0.96,46.36,0.08,0.08,0.094349,1776172701000
1776172703.225,203.225,0.15,7.0,0.14,8.0,0.1,28.9,0.09,31.7,0.08,35.29,0.18,9.0,0.19,16.89,0.2,16.3,0.21,65.7,0.22,15.2,0.84,2.94,0.83,18.39,0.82,17.6,0.81,16.89,0.8,16.3,0.92,35.29,0.93,39.9,0.94,46.1,0.95,54.7,0.96,46.36,0.03,0.08,0.094349,1776172701000
1776172703.554,203.554,0.1,28.9,0.09,31.7,0.08,35.29,0.07,39.9,0.06,46.1,0.18,9.0,0.19,16.89,0.2,16.3,0.21,65.7,0.22,15.2,0.82,9.0,0.81,16.89,0.8,16.3,0.79,65.7,0.78,15.2,0.85,7.0,0.86,8.0,0.9,28.9,0.91,31.7,0.92,35.29,0.08,0.03,0.094349,1776172702000
1776172704.069,204.069,0.1,28.9,0.09,31.7,0.08,35.29,0.07,39.9,0.06,46.1,0.18,9.0,0.19,16.89,0.2,16.3,0.21,65.7,0.22,15.2,0.82,9.0,0.81,16.89,0.8,16.3,0.79,65.7,0.78,15.2,0.9,28.9,0.91,31.7,0.92,35.29,0.93,39.9,0.94,46.1,0.08,0.08,0.094359,1776172703000
1776172705.637,205.637,0.1,28.9,0.09,31.7,0.08,35.29,0.07,39.9,0.06,46.1,0.18,9.0,0.19,16.89,0.2,16.3,0.21,65.7,0.22,15.2,0.82,9.0,0.81,16.89,0.8,16.3,0.79,65.7,0.78,15.2,0.9,28.9,0.91,31.7,0.92,35.29,0.93,39.9,0.94,46.1,0.08,0.08,0.094364,1776172704000
1776172706.379,206.379,0.1,28.9,0.09,31.7,0.08,35.29,0.07,39.9,0.06,46.1,0.18,9.0,0.19,16.89,0.2,16.3,0.21,65.7,0.22,15.2,0.82,9.0,0.81,16.89,0.8,16.3,0.79,65.7,0.78,15.2,0.9,28.9,0.91,31.7,0.92,35.29,0.93,39.9,0.94,46.1,0.08,0.08,0.094364,1776172705000
1776172707.185,207.185,0.1,28.9,0.09,31.7,0.08,35.29,0.07,39.9,0.06,46.1,0.18,9.0,0.19,16.89,0.2,16.3,0.21,65.7,0.22,15.2,0.82,9.0,0.81,16.89,0.8,16.3,0.79,65.7,0.78,15.2,0.9,28.9,0.91,31.7,0.92,35.29,0.93,39.9,0.94,46.1,0.08,0.08,0.094363,1776172706000
1776172708.85,208.85,0.1,28.9,0.09,31.7,0.08,35.29,0.07,39.9,0.06,46.1,0.18,9.0,0.19,16.89,0.2,16.3,0.21,65.7,0.22,15.2,0.82,9.0,0.81,16.89,0.8,16.3,0.79,65.7,0.78,15.2,0.9,28.9,0.91,31.7,0.92,35.29,0.93,39.9,0.94,46.1,0.08,0.08,0.09437,1776172707000
1776172709.131,209.131,0.31,45.0,0.21,138.0,0.2,25.0,0.15,20.39,0.14,26.6,0.39,26.67,0.5,5.0,0.51,5.31,0.53,6.0,0.54,10.5,0.82,9.0,0.81,16.89,0.8,16.3,0.79,65.7,0.78,15.2,0.9,28.9,0.91,31.7,0.92,35.29,0.93,39.9,0.94,46.1,0.08,0.08,0.09437,1776172707000
1776172709.563,209.563,0.31,45.0,0.21,138.0,0.2,25.0,0.15,20.39,0.14,26.6,0.39,26.67,0.5,5.0,0.51,5.31,0.53,6.0,0.54,10.5,0.61,26.67,0.5,5.0,0.49,5.31,0.47,6.0,0.46,10.5,0.69,45.0,0.79,138.0,0.8,25.0,0.85,20.39,0.86,26.6,0.08,0.08,0.094383,1776172708000
1776172710.381,210.381,0.31,45.0,0.21,138.0,0.2,25.0,0.15,20.39,0.14,26.6,0.39,26.67,0.5,5.0,0.51,5.31,0.53,6.0,0.54,10.5,0.61,26.67,0.5,5.0,0.49,5.31,0.47,6.0,0.46,10.5,0.69,45.0,0.79,138.0,0.8,25.0,0.85,20.39,0.86,26.6,0.08,0.08,0.094394,1776172709000
1776172710.855,210.855,0.41,15.99,0.33,80.0,0.31,45.0,0.27,10.0,0.21,50.0,0.5,5.0,0.51,5.31,0.53,6.0,0.61,50.0,0.63,11.2,0.5,5.0,0.49,5.31,0.47,6.0,0.39,50.0,0.37,11.2,0.59,18.33,0.67,80.0,0.69,45.0,0.73,10.0,0.79,50.0,0.09,0.09,0.094394,1776172709000
1776172711.13,211.13,0.41,15.99,0.33,80.0,0.31,45.0,0.27,10.0,0.21,50.0,0.5,5.0,0.51,5.31,0.53,6.0,0.61,50.0,0.63,11.2,0.5,5.0,0.49,5.31,0.47,6.0,0.39,50.0,0.37,11.2,0.59,15.99,0.67,80.0,0.69,45.0,0.73,10.0,0.79,50.0,0.09,0.09,0.094407,1776172710000
1776172712.776,212.776,0.41,15.99,0.33,80.0,0.31,45.0,0.27,10.0,0.21,50.0,0.5,5.0,0.51,5.31,0.53,6.0,0.61,50.0,0.63,11.2,0.5,5.0,0.49,5.31,0.47,6.0,0.39,50.0,0.37,11.2,0.59,15.99,0.67,80.0,0.69,45.0,0.73,10.0,0.79,50.0,0.09,0.09,0.094448,1776172711000
1776172713.561,213.561,0.41,15.99,0.33,80.0,0.31,45.0,0.27,10.0,0.21,50.0,0.5,5.0,0.51,5.31,0.53,6.0,0.61,50.0,0.63,11.2,0.5,5.0,0.49,5.31,0.47,6.0,0.39,50.0,0.37,11.2,0.59,15.99,0.67,80.0,0.69,45.0,0.73,10.0,0.79,50.0,0.09,0.09,0.094442,1776172712000
1776172714.368,214.368,0.41,15.99,0.33,80.0,0.31,45.0,0.27,10.0,0.21,50.0,0.5,5.0,0.51,5.31,0.53,6.0,0.61,50.0,0.63,11.2,0.5,5.0,0.49,5.31,0.47,6.0,0.39,50.0,0.37,11.2,0.59,15.99,0.67,80.0,0.69,45.0,0.73,10.0,0.79,50.0,0.09,0.09,0.094439,1776172713000
1776172715.165,215.165,0.41,15.99,0.33,80.0,0.31,45.0,0.27,10.0,0.21,50.0,0.5,5.0,0.51,5.31,0.53,6.0,0.61,50.0,0.63,11.2,0.5,5.0,0.49,5.31,0.47,6.0,0.39,50.0,0.37,11.2,0.59,15.99,0.67,80.0,0.69,45.0,0.73,10.0,0.79,50.0,0.09,0.09,0.094438,1776172714000
1776172716.689,216.689,0.41,15.99,0.33,80.0,0.31,45.0,0.27,10.0,0.21,50.0,0.5,5.0,0.51,5.31,0.53,6.0,0.61,50.0,0.63,11.2,0.5,5.0,0.49,5.31,0.47,6.0,0.39,50.0,0.37,11.2,0.59,15.99,0.67,80.0,0.69,45.0,0.73,10.0,0.79,50.0,0.09,0.09,0.094443,1776172715000
1776172717.747,217.747,0.41,15.99,0.33,80.0,0.31,45.0,0.27,10.0,0.21,50.0,0.5,5.0,0.51,5.31,0.53,6.0,0.61,50.0,0.63,11.2,0.5,5.0,0.49,5.31,0.47,6.0,0.39,50.0,0.37,11.2,0.59,15.99,0.67,80.0,0.69,45.0,0.73,10.0,0.79,50.0,0.09,0.09,0.094441,1776172716000
1776172718.431,218.431,0.41,15.99,0.33,80.0,0.31,45.0,0.27,10.0,0.21,50.0,0.5,5.0,0.51,5.31,0.53,6.0,0.61,50.0,0.63,11.2,0.5,5.0,0.49,5.31,0.47,6.0,0.39,50.0,0.37,11.2,0.59,15.99,0.67,80.0,0.69,45.0,0.73,10.0,0.79,50.0,0.09,0.09,0.094444,1776172717000
1776172719.101,219.101,0.41,15.99,0.33,80.0,0.31,45.0,0.27,10.0,0.21,50.0,0.5,5.0,0.51,5.31,0.53,6.0,0.61,50.0,0.63,11.2,0.5,5.0,0.49,5.31,0.47,6.0,0.39,50.0,0.37,11.2,0.59,15.99,0.67,80.0,0.69,45.0,0.73,10.0,0.79,50.0,0.09,0.09,0.094443,1776172718000
1776172719.337,219.337,0.47,9.0,0.41,15.99,0.33,80.0,0.28,12.9,0.27,13.2,0.51,55.31,0.53,6.0,0.55,5.0,0.57,10.6,0.58,10.7,0.5,5.0,0.49,5.31,0.47,6.0,0.39,50.0,0.37,11.2,0.59,15.99,0.67,80.0,0.69,45.0,0.73,10.0,0.79,50.0,0.04,0.09,0.094443,1776172718000
1776172720.298,220.298,0.47,9.0,0.41,15.99,0.33,80.0,0.28,12.9,0.27,13.2,0.51,55.31,0.53,6.0,0.55,5.0,0.57,10.6,0.58,10.7,0.49,55.31,0.47,6.0,0.45,5.0,0.43,10.6,0.42,10.7,0.53,9.0,0.59,15.99,0.67,80.0,0.72,12.9,0.73,13.2,0.04,0.04,0.094435,1776172719000
1776172721.328,221.328,0.47,9.0,0.41,15.99,0.33,80.0,0.28,12.9,0.27,13.2,0.51,55.31,0.53,6.0,0.55,5.0,0.57,10.6,0.58,10.7,0.49,55.31,0.47,6.0,0.45,5.0,0.43,10.6,0.42,10.7,0.53,9.0,0.59,15.99,0.67,80.0,0.72,12.9,0.73,13.2,0.04,0.04,0.094441,1776172720000
1776172721.949,221.949,0.47,9.0,0.41,15.99,0.33,80.0,0.28,12.9,0.27,13.2,0.51,55.31,0.53,6.0,0.55,5.0,0.57,10.6,0.58,10.7,0.49,55.31,0.47,6.0,0.45,5.0,0.43,10.6,0.42,10.7,0.53,9.0,0.59,15.99,0.67,80.0,0.72,12.9,0.73,13.2,0.04,0.04,0.094453,1776172721000
1776172723.288,223.288,0.47,9.0,0.41,15.99,0.33,80.0,0.28,12.9,0.27,13.2,0.51,55.31,0.53,6.0,0.55,5.0,0.57,10.6,0.58,10.7,0.49,55.31,0.47,6.0,0.45,5.0,0.43,10.6,0.42,10.7,0.53,9.0,0.59,15.99,0.67,80.0,0.72,12.9,0.73,13.2,0.04,0.04,0.094447,1776172722000
1776172724.387,224.387,0.47,9.0,0.41,15.99,0.33,80.0,0.28,12.9,0.27,13.2,0.51,55.31,0.53,6.0,0.55,5.0,0.57,10.6,0.58,10.7,0.49,55.31,0.47,6.0,0.45,5.0,0.43,10.6,0.42,10.7,0.53,9.0,0.59,15.99,0.67,80.0,0.72,12.9,0.73,13.2,0.04,0.04,0.094447,1776172723000
1776172725.053,225.053,0.47,9.0,0.41,15.99,0.33,80.0,0.28,12.9,0.27,13.2,0.51,55.31,0.53,6.0,0.55,5.0,0.57,10.6,0.58,10.7,0.49,55.31,0.47,6.0,0.45,5.0,0.43,10.6,0.42,10.7,0.53,9.0,0.59,15.99,0.67,80.0,0.72,12.9,0.73,13.2,0.04,0.04,0.094442,1776172724000
1776172726.176,226.176,0.47,9.0,0.41,15.99,0.33,80.0,0.28,12.9,0.27,13.2,0.51,55.31,0.53,6.0,0.55,5.0,0.57,10.6,0.58,10.7,0.49,55.31,0.47,6.0,0.45,5.0,0.43,10.6,0.42,10.7,0.53,9.0,0.59,15.99,0.67,80.0,0.72,12.9,0.73,13.2,0.04,0.04,0.094451,1776172725000
1776172727.419,227.419,0.47,9.0,0.41,15.99,0.33,80.0,0.28,12.9,0.27,13.2,0.51,55.31,0.53,6.0,0.55,5.0,0.57,10.6,0.58,10.7,0.49,55.31,0.47,6.0,0.45,5.0,0.43,10.6,0.42,10.7,0.53,9.0,0.59,15.99,0.67,80.0,0.72,12.9,0.73,13.2,0.04,0.04,0.094454,1776172726000
1776172727.919,227.919,0.47,9.0,0.41,15.99,0.33,80.0,0.28,12.9,0.27,13.2,0.51,55.31,0.53,6.0,0.55,5.0,0.57,10.6,0.58,10.7,0.49,55.31,0.47,6.0,0.45,5.0,0.43,10.6,0.42,10.7,0.53,9.0,0.59,15.99,0.67,80.0,0.72,12.9,0.73,13.2,0.04,0.04,0.094456,1776172727000
1776172729.113,229.113,0.47,9.0,0.41,15.99,0.33,80.0,0.28,12.9,0.27,13.2,0.51,55.31,0.53,6.0,0.55,5.0,0.57,10.6,0.58,10.7,0.49,55.31,0.47,6.0,0.45,5.0,0.43,10.6,0.42,10.7,0.53,9.0,0.59,15.99,0.67,80.0,0.72,12.9,0.73,13.2,0.04,0.04,0.094456,1776172728000
1776172730.22,230.22,0.47,9.0,0.41,15.99,0.33,80.0,0.28,12.9,0.27,13.2,0.51,55.31,0.53,6.0,0.55,5.0,0.57,10.6,0.58,10.7,0.49,55.31,0.47,6.0,0.45,5.0,0.43,10.6,0.42,10.7,0.53,9.0,0.59,15.99,0.67,80.0,0.72,12.9,0.73,13.2,0.04,0.04,0.094455,1776172729000
1776172731.427,231.427,0.47,9.0,0.41,15.99,0.33,80.0,0.28,12.9,0.27,13.2,0.51,55.31,0.53,6.0,0.55,5.0,0.57,10.6,0.58,10.7,0.49,55.31,0.47,6.0,0.45,5.0,0.43,10.6,0.42,10.7,0.53,9.0,0.59,15.99,0.67,80.0,0.72,12.9,0.73,13.2,0.04,0.04,0.094454,1776172730000
1776172731.886,231.886,0.47,9.0,0.41,15.99,0.33,80.0,0.28,12.9,0.27,13.2,0.51,55.31,0.53,6.0,0.55,5.0,0.57,10.6,0.58,10.7,0.49,55.31,0.47,6.0,0.45,5.0,0.43,10.6,0.42,10.7,0.53,9.0,0.59,15.99,0.67,80.0,0.72,12.9,0.73,13.2,0.04,0.04,0.094453,1776172731000
1776172733.219,233.219,0.47,9.0,0.41,15.99,0.33,80.0,0.28,12.9,0.27,13.2,0.51,55.31,0.53,6.0,0.55,5.0,0.57,10.6,0.58,10.7,0.49,55.31,0.47,6.0,0.45,5.0,0.43,10.6,0.42,10.7,0.53,9.0,0.59,15.99,0.67,80.0,0.72,12.9,0.73,13.2,0.04,0.04,0.094451,1776172732000
1776172734.282,234.282,0.47,9.0,0.41,15.99,0.33,80.0,0.28,12.9,0.27,13.2,0.51,55.31,0.53,6.0,0.55,5.0,0.57,10.6,0.58,10.7,0.49,55.31,0.47,6.0,0.45,5.0,0.43,10.6,0.42,10.7,0.53,9.0,0.59,15.99,0.67,80.0,0.72,12.9,0.73,13.2,0.04,0.04,0.094451,1776172733000
1776172734.525,234.525,0.5,49.0,0.47,19.4,0.46,10.5,0.45,21.5,0.44,10.6,0.51,0.31,0.53,6.0,0.65,11.4,0.66,11.6,0.67,11.8,0.49,55.31,0.47,6.0,0.45,5.0,0.43,10.6,0.42,10.7,0.53,9.0,0.59,15.99,0.67,80.0,0.72,12.9,0.73,13.2,0.01,0.04,0.094451,1776172733000
1776172735.237,235.237,0.5,44.0,0.47,9.0,0.46,10.5,0.45,21.5,0.44,10.6,0.53,6.0,0.61,50.0,0.65,11.4,0.66,11.6,0.67,11.8,0.49,0.31,0.47,6.0,0.35,11.4,0.34,11.6,0.33,11.8,0.5,49.0,0.53,19.4,0.54,10.5,0.55,21.5,0.56,10.6,0.03,0.01,0.094451,1776172733000
1776172736.169,236.169,0.5,44.0,0.47,9.0,0.46,10.5,0.45,21.5,0.44,10.6,0.53,2.22,0.61,50.0,0.63,11.2,0.64,11.3,0.65,11.4,0.47,6.0,0.39,50.0,0.35,11.4,0.34,11.6,0.33,11.8,0.5,44.0,0.53,9.0,0.54,10.5,0.55,21.5,0.56,10.6,0.03,0.03,0.094455,1776172734000
1776172737.256,237.256,0.5,44.0,0.47,9.0,0.46,10.5,0.45,21.5,0.44,10.6,0.53,2.22,0.61,50.0,0.63,11.2,0.64,11.3,0.65,11.4,0.47,2.22,0.39,50.0,0.37,11.2,0.36,11.3,0.35,11.4,0.5,44.0,0.53,9.0,0.54,10.5,0.55,21.5,0.56,10.6,0.03,0.03,0.094456,1776172736000
1776172738.146,238.146,0.5,34.0,0.47,9.0,0.46,10.5,0.45,21.5,0.44,10.6,0.53,2.22,0.61,50.0,0.62,11.0,0.63,11.2,0.64,11.3,0.47,2.22,0.39,50.0,0.38,11.0,0.37,11.2,0.36,11.3,0.5,34.0,0.53,9.0,0.54,10.5,0.55,21.5,0.56,10.6,0.03,0.03,0.094459,1776172737000
1776172739.21,239.21,0.5,34.0,0.47,9.0,0.46,10.5,0.45,21.5,0.44,10.6,0.53,2.22,0.61,50.0,0.62,11.0,0.63,11.2,0.64,11.3,0.47,2.22,0.39,50.0,0.38,11.0,0.37,11.2,0.36,11.3,0.5,34.0,0.53,9.0,0.54,10.5,0.55,21.5,0.56,10.6,0.03,0.03,0.094456,1776172738000
1776172740.876,240.876,0.52,29.7,0.51,5.0,0.5,39.0,0.47,19.4,0.46,10.5,0.61,50.0,0.63,11.2,0.64,11.3,0.65,11.4,0.66,11.6,0.47,2.22,0.39,50.0,0.38,11.0,0.37,11.2,0.36,11.3,0.5,34.0,0.53,9.0,0.54,10.5,0.55,21.5,0.56,10.6,0.09,0.03,0.094456,1776172738000
1776172741.337,241.337,0.47,9.0,0.45,11.0,0.41,26.69,0.4,10.8,0.39,10.9,0.51,20.3,0.61,55.0,0.63,11.2,0.64,11.3,0.65,25.4,0.39,50.0,0.37,11.2,0.36,11.3,0.35,11.4,0.34,11.6,0.48,29.7,0.49,5.0,0.5,39.0,0.53,19.4,0.54,10.5,0.04,0.09,0.094455,1776172739000
1776172741.643,241.643,0.47,9.0,0.45,11.0,0.41,15.99,0.31,50.0,0.3,12.4,0.51,15.3,0.61,50.0,0.62,13.0,0.63,11.2,0.64,11.3,0.49,20.3,0.39,55.0,0.37,11.2,0.36,11.3,0.35,25.4,0.53,9.0,0.55,11.0,0.59,26.69,0.6,10.8,0.61,10.9,0.04,0.04,0.094455,1776172739000
1776172742.23,242.23,0.47,9.0,0.45,11.0,0.41,15.99,0.31,50.0,0.3,12.4,0.51,15.3,0.61,50.0,0.62,13.0,0.63,11.2,0.64,11.3,0.49,15.3,0.39,50.0,0.38,13.0,0.37,11.2,0.36,11.3,0.53,9.0,0.55,11.0,0.59,15.99,0.69,50.0,0.7,12.4,0.04,0.04,0.094455,1776172741000
1776172742.489,242.489,0.47,9.0,0.45,11.0,0.41,15.99,0.31,50.0,0.3,12.4,0.61,60.9,0.62,24.0,0.63,11.2,0.64,11.3,0.65,11.4,0.49,15.3,0.39,50.0,0.38,13.0,0.37,11.2,0.36,11.3,0.53,9.0,0.55,11.0,0.59,15.99,0.69,50.0,0.7,12.4,0.14,0.04,0.094455,1776172741000
1776172743.241,243.241,0.47,9.0,0.45,11.0,0.41,15.99,0.31,50.0,0.3,12.4,0.61,60.9,0.62,24.0,0.63,11.2,0.64,11.3,0.65,11.4,0.39,60.9,0.38,24.0,0.37,11.2,0.36,11.3,0.35,11.4,0.53,9.0,0.55,11.0,0.59,15.99,0.69,50.0,0.7,12.4,0.14,0.14,0.09444,1776172742000
1776172744.015,244.015,0.47,9.0,0.45,11.0,0.41,15.99,0.31,50.0,0.3,12.4,0.59,10.6,0.6,10.8,0.61,60.9,0.62,24.0,0.63,11.2,0.39,60.9,0.38,24.0,0.37,11.2,0.36,11.3,0.35,11.4,0.53,9.0,0.55,11.0,0.59,15.99,0.69,50.0,0.7,12.4,0.12,0.14,0.09444,1776172742000
1776172744.279,244.279,0.47,9.0,0.45,11.0,0.41,15.99,0.31,50.0,0.3,12.4,0.59,10.6,0.6,10.8,0.61,60.9,0.62,24.0,0.63,11.2,0.41,10.6,0.4,10.8,0.39,60.9,0.38,24.0,0.37,11.2,0.53,9.0,0.55,11.0,0.59,15.99,0.69,50.0,0.7,12.4,0.12,0.12,0.094432,1776172743000
1776172745.315,245.315,0.47,9.0,0.45,11.0,0.41,15.99,0.31,50.0,0.3,12.4,0.59,10.6,0.6,10.8,0.61,60.9,0.62,24.0,0.63,11.2,0.41,10.6,0.4,10.8,0.39,60.9,0.38,24.0,0.37,11.2,0.53,9.0,0.55,11.0,0.59,15.99,0.69,50.0,0.7,12.4,0.12,0.12,0.094438,1776172744000
1776172746.469,246.469,0.47,9.0,0.45,11.0,0.41,15.99,0.31,50.0,0.3,12.4,0.59,10.6,0.6,10.8,0.61,60.9,0.62,24.0,0.63,11.2,0.41,10.6,0.4,10.8,0.39,60.9,0.38,24.0,0.37,11.2,0.53,9.0,0.55,11.0,0.59,15.99,0.69,50.0,0.7,12.4,0.12,0.12,0.09444,1776172745000
1776172747.498,247.498,0.47,9.0,0.45,11.0,0.41,15.99,0.31,50.0,0.3,12.4,0.59,10.6,0.6,10.8,0.61,60.9,0.62,24.0,0.63,11.2,0.41,10.6,0.4,10.8,0.39,60.9,0.38,24.0,0.37,11.2,0.53,9.0,0.55,11.0,0.59,15.99,0.69,50.0,0.7,12.4,0.12,0.12,0.094437,1776172746000
1776172748.257,248.257,0.47,9.0,0.45,11.0,0.41,15.99,0.31,50.0,0.3,12.4,0.59,10.6,0.6,10.8,0.61,60.9,0.62,24.0,0.63,11.2,0.41,10.6,0.4,10.8,0.39,60.9,0.38,24.0,0.37,11.2,0.53,9.0,0.55,11.0,0.59,15.99,0.69,50.0,0.7,12.4,0.12,0.12,0.094435,1776172747000
1776172749.466,249.466,0.47,4.0,0.45,11.0,0.41,15.99,0.31,50.0,0.3,12.4,0.49,10.4,0.5,10.4,0.51,10.4,0.52,10.4,0.53,10.4,0.41,10.6,0.4,10.8,0.39,60.9,0.38,24.0,0.37,11.2,0.53,9.0,0.55,11.0,0.59,15.99,0.69,50.0,0.7,12.4,0.02,0.12,0.094435,1776172747000
1776172750.171,250.171,0.47,4.0,0.45,11.0,0.41,15.99,0.31,50.0,0.3,12.4,0.49,10.4,0.5,10.4,0.51,10.4,0.52,10.4,0.53,10.4,0.51,10.4,0.5,10.4,0.49,10.4,0.48,10.4,0.47,10.4,0.53,4.0,0.55,11.0,0.59,15.99,0.69,50.0,0.7,12.4,0.02,0.02,0.094435,1776172749000
1776172751.409,251.409,0.52,8.0,0.45,11.0,0.41,65.99,0.34,11.6,0.33,11.8,0.65,8.37,0.66,11.6,0.67,11.8,0.68,11.9,0.69,12.2,0.51,10.4,0.5,10.4,0.49,10.4,0.48,10.4,0.47,10.4,0.53,4.0,0.55,11.0,0.59,15.99,0.69,50.0,0.7,12.4,0.13,0.02,0.094435,1776172749000
1776172752.054,252.054,0.52,8.0,0.45,11.0,0.41,65.99,0.34,11.6,0.33,11.8,0.65,8.37,0.66,11.6,0.67,11.8,0.68,11.9,0.69,12.2,0.35,8.37,0.34,11.6,0.33,11.8,0.32,11.9,0.31,12.2,0.48,8.0,0.55,11.0,0.59,65.99,0.66,11.6,0.67,11.8,0.13,0.13,0.094445,1776172751000
1776172753.233,253.233,0.52,8.0,0.45,11.0,0.41,65.99,0.34,11.6,0.33,11.8,0.65,8.37,0.66,11.6,0.67,11.8,0.68,11.9,0.69,12.2,0.35,8.37,0.34,11.6,0.33,11.8,0.32,11.9,0.31,12.2,0.48,8.0,0.55,11.0,0.59,65.99,0.66,11.6,0.67,11.8,0.13,0.13,0.094456,1776172752000
1776172754.225,254.225,0.62,5.0,0.52,34.0,0.51,50.0,0.45,11.0,0.43,11.0,0.73,12.22,0.74,13.5,0.75,13.9,0.76,14.3,0.77,14.7,0.35,8.37,0.34,11.6,0.33,11.8,0.32,11.9,0.31,12.2,0.48,8.0,0.55,11.0,0.59,65.99,0.66,11.6,0.67,11.8,0.11,0.13,0.094456,1776172752000
1776172755.458,255.458,0.62,5.0,0.52,34.0,0.51,50.0,0.45,11.0,0.43,11.0,0.73,12.22,0.74,13.5,0.75,13.9,0.76,14.3,0.77,14.7,0.27,12.22,0.26,13.5,0.25,13.9,0.24,14.3,0.23,14.7,0.38,5.0,0.48,34.0,0.49,50.0,0.55,11.0,0.57,11.0,0.11,0.11,0.094462,1776172754000
1776172755.823,255.823,0.52,30.93,0.51,50.0,0.45,11.0,0.42,10.7,0.41,76.69,0.61,5.0,0.73,12.22,0.74,13.5,0.75,13.9,0.76,14.3,0.27,12.22,0.26,13.5,0.25,13.9,0.24,14.3,0.23,14.7,0.38,5.0,0.48,34.0,0.49,50.0,0.55,11.0,0.57,11.0,0.09,0.11,0.094462,1776172754000
1776172757.253,257.253,0.52,30.93,0.51,50.0,0.45,11.0,0.42,10.7,0.41,76.69,0.61,5.0,0.73,12.22,0.74,13.5,0.75,13.9,0.76,14.3,0.39,5.0,0.27,12.22,0.26,13.5,0.25,13.9,0.24,14.3,0.48,30.93,0.49,50.0,0.55,11.0,0.58,10.7,0.59,76.69,0.09,0.09,0.094456,1776172756000
1776172758.302,258.302,0.52,30.93,0.51,50.0,0.45,11.0,0.42,10.7,0.41,76.69,0.61,5.0,0.73,12.22,0.74,13.5,0.75,13.9,0.76,14.3,0.39,5.0,0.27,12.22,0.26,13.5,0.25,13.9,0.24,14.3,0.48,30.93,0.49,50.0,0.55,11.0,0.58,10.7,0.59,76.69,0.09,0.09,0.094455,1776172757000
1776172759.425,259.425,0.52,30.93,0.51,50.0,0.45,11.0,0.42,10.7,0.41,76.69,0.61,5.0,0.73,12.22,0.74,13.5,0.75,13.9,0.76,14.3,0.39,5.0,0.27,12.22,0.26,13.5,0.25,13.9,0.24,14.3,0.48,30.93,0.49,50.0,0.55,11.0,0.58,10.7,0.59,76.69,0.09,0.09,0.09445,1776172758000
1776172759.633,259.633,0.52,4.93,0.45,11.0,0.43,10.6,0.42,10.7,0.41,26.69,0.54,5.0,0.61,55.0,0.69,12.2,0.7,12.4,0.71,62.6,0.39,5.0,0.27,12.22,0.26,13.5,0.25,13.9,0.24,14.3,0.48,30.93,0.49,50.0,0.55,11.0,0.58,10.7,0.59,76.69,0.02,0.09,0.09445,1776172758000
1776172760.005,260.005,0.45,11.0,0.43,10.6,0.42,10.7,0.41,26.69,0.4,10.8,0.48,5.07,0.61,55.0,0.69,12.2,0.7,12.4,0.71,62.6,0.52,5.07,0.39,55.0,0.31,12.2,0.3,12.4,0.29,62.6,0.55,11.0,0.57,10.6,0.58,10.7,0.59,26.69,0.6,10.8,0.03,0.03,0.094449,1776172759000
1776172760.384,260.384,0.45,11.0,0.43,10.6,0.42,10.7,0.41,26.69,0.4,10.8,0.48,0.9,0.61,55.0,0.68,11.9,0.69,12.2,0.7,12.4,0.52,5.07,0.39,55.0,0.31,12.2,0.3,12.4,0.29,62.6,0.55,11.0,0.57,10.6,0.58,10.7,0.59,26.69,0.6,10.8,0.03,0.03,0.094449,1776172759000
1776172761.134,261.134,0.45,11.0,0.43,10.6,0.42,10.7,0.41,26.69,0.4,10.8,0.48,0.9,0.61,55.0,0.68,11.9,0.69,12.2,0.7,12.4,0.52,0.9,0.39,55.0,0.32,11.9,0.31,12.2,0.3,12.4,0.55,11.0,0.57,10.6,0.58,10.7,0.59,26.69,0.6,10.8,0.03,0.03,0.094449,1776172760000
1776172763.11,263.11,0.45,11.0,0.43,10.6,0.42,10.7,0.41,26.69,0.4,10.8,0.48,0.9,0.61,55.0,0.68,11.9,0.69,12.2,0.7,12.4,0.52,0.9,0.39,55.0,0.32,11.9,0.31,12.2,0.3,12.4,0.55,11.0,0.57,10.6,0.58,10.7,0.59,26.69,0.6,10.8,0.03,0.03,0.09445,1776172762000
1776172764.438,264.438,0.45,11.0,0.43,10.6,0.42,10.7,0.41,26.69,0.4,10.8,0.48,0.9,0.61,55.0,0.68,11.9,0.69,12.2,0.7,12.4,0.52,0.9,0.39,55.0,0.32,11.9,0.31,12.2,0.3,12.4,0.55,11.0,0.57,10.6,0.58,10.7,0.59,26.69,0.6,10.8,0.03,0.03,0.09445,1776172763000
1776172765.122,265.122,0.45,11.0,0.43,10.6,0.42,10.7,0.41,26.69,0.4,10.8,0.48,0.9,0.61,55.0,0.68,11.9,0.69,12.2,0.7,12.4,0.52,0.9,0.39,55.0,0.32,11.9,0.31,12.2,0.3,12.4,0.55,11.0,0.57,10.6,0.58,10.7,0.59,26.69,0.6,10.8,0.03,0.03,0.094452,1776172764000
1776172766.838,266.838,0.45,11.0,0.43,10.6,0.42,10.7,0.41,26.69,0.4,10.8,0.48,0.9,0.61,55.0,0.68,11.9,0.69,12.2,0.7,12.4,0.52,0.9,0.39,55.0,0.32,11.9,0.31,12.2,0.3,12.4,0.55,11.0,0.57,10.6,0.58,10.7,0.59,26.69,0.6,10.8,0.03,0.03,0.094452,1776172765000
1776172767.595,267.595,0.45,11.0,0.43,10.6,0.42,10.7,0.41,26.69,0.4,10.8,0.48,0.9,0.61,55.0,0.68,11.9,0.69,12.2,0.7,12.4,0.52,0.9,0.39,55.0,0.32,11.9,0.31,12.2,0.3,12.4,0.55,11.0,0.57,10.6,0.58,10.7,0.59,26.69,0.6,10.8,0.03,0.03,0.094453,1776172766000
1776172768.586,268.586,0.45,11.0,0.43,10.6,0.42,10.7,0.41,26.69,0.4,10.8,0.48,0.9,0.61,55.0,0.68,11.9,0.69,12.2,0.7,12.4,0.52,0.9,0.39,55.0,0.32,11.9,0.31,12.2,0.3,12.4,0.55,11.0,0.57,10.6,0.58,10.7,0.59,26.69,0.6,10.8,0.03,0.03,0.094453,1776172767000
1776172768.99,268.99,0.51,49.1,0.47,22.0,0.45,79.5,0.44,10.6,0.43,10.6,0.61,5.0,0.76,19.3,0.77,14.7,0.78,15.2,0.79,15.7,0.52,0.9,0.39,55.0,0.32,11.9,0.31,12.2,0.3,12.4,0.55,11.0,0.57,10.6,0.58,10.7,0.59,26.69,0.6,10.8,0.1,0.03,0.094453,1776172767000
1776172769.409,269.409,0.51,49.1,0.47,22.0,0.45,79.5,0.44,10.6,0.43,10.6,0.76,15.49,0.77,14.7,0.78,15.2,0.79,15.7,0.8,16.2,0.24,15.49,0.23,14.7,0.22,15.2,0.21,15.7,0.2,16.2,0.49,49.1,0.53,22.0,0.55,79.5,0.56,10.6,0.57,10.6,0.25,0.25,0.094447,1776172768000
1776172770.627,270.627,0.51,49.1,0.47,22.0,0.45,79.5,0.44,10.6,0.43,10.6,0.76,15.49,0.77,14.7,0.78,15.2,0.79,15.7,0.8,16.2,0.24,15.49,0.23,14.7,0.22,15.2,0.21,15.7,0.2,16.2,0.49,49.1,0.53,22.0,0.55,79.5,0.56,10.6,0.57,10.6,0.25,0.25,0.094447,1776172769000
1776172771.244,271.244,0.51,49.1,0.47,22.0,0.45,79.5,0.44,10.6,0.43,10.6,0.76,15.49,0.77,14.7,0.78,15.2,0.79,15.7,0.8,16.2,0.24,15.49,0.23,14.7,0.22,15.2,0.21,15.7,0.2,16.2,0.49,49.1,0.53,22.0,0.55,79.5,0.56,10.6,0.57,10.6,0.25,0.25,0.094454,1776172770000
1776172771.846,271.846,0.51,85.06,0.49,10.4,0.48,10.4,0.47,32.4,0.46,10.5,0.76,12.72,0.77,14.7,0.78,15.2,0.79,15.7,0.8,16.2,0.24,15.49,0.23,14.7,0.22,15.2,0.21,15.7,0.2,16.2,0.49,49.1,0.53,22.0,0.55,79.5,0.56,10.6,0.57,10.6,0.25,0.25,0.094454,1776172770000
1776172772.671,272.671,0.51,85.06,0.49,10.4,0.48,10.4,0.47,32.4,0.46,10.5,0.76,12.72,0.77,14.7,0.78,15.2,0.79,15.7,0.8,16.2,0.24,12.72,0.23,14.7,0.22,15.2,0.21,15.7,0.2,16.2,0.49,85.06,0.51,10.4,0.52,10.4,0.53,32.4,0.54,10.5,0.25,0.25,0.094468,1776172771000
1776172773.374,273.374,0.51,85.06,0.49,10.4,0.48,10.4,0.47,32.4,0.46,10.5,0.76,12.72,0.77,14.7,0.78,15.2,0.79,15.7,0.8,16.2,0.24,12.72,0.23,14.7,0.22,15.2,0.21,15.7,0.2,16.2,0.49,85.06,0.51,10.4,0.52,10.4,0.53,32.4,0.54,10.5,0.25,0.25,0.094465,1776172772000
1776172774.621,274.621,0.51,85.06,0.49,10.4,0.48,10.4,0.47,32.4,0.46,10.5,0.76,12.72,0.77,14.7,0.78,15.2,0.79,15.7,0.8,16.2,0.24,12.72,0.23,14.7,0.22,15.2,0.21,15.7,0.2,16.2,0.49,85.06,0.51,10.4,0.52,10.4,0.53,32.4,0.54,10.5,0.25,0.25,0.094464,1776172773000
1776172775.152,275.152,0.51,85.06,0.49,10.4,0.48,10.4,0.47,32.4,0.46,10.5,0.76,12.72,0.77,14.7,0.78,15.2,0.79,15.7,0.8,16.2,0.24,12.72,0.23,14.7,0.22,15.2,0.21,15.7,0.2,16.2,0.49,85.06,0.51,10.4,0.52,10.4,0.53,32.4,0.54,10.5,0.25,0.25,0.094463,1776172774000
1776172776.679,276.679,0.51,85.06,0.49,10.4,0.48,10.4,0.47,32.4,0.46,10.5,0.76,12.72,0.77,14.7,0.78,15.2,0.79,15.7,0.8,16.2,0.24,12.72,0.23,14.7,0.22,15.2,0.21,15.7,0.2,16.2,0.49,85.06,0.51,10.4,0.52,10.4,0.53,32.4,0.54,10.5,0.25,0.25,0.094463,1776172775000
1776172777.495,277.495,0.51,85.06,0.49,10.4,0.48,10.4,0.47,32.4,0.46,10.5,0.76,12.72,0.77,14.7,0.78,15.2,0.79,15.7,0.8,16.2,0.24,12.72,0.23,14.7,0.22,15.2,0.21,15.7,0.2,16.2,0.49,85.06,0.51,10.4,0.52,10.4,0.53,32.4,0.54,10.5,0.25,0.25,0.094462,1776172776000
1776172778.17,278.17,0.51,85.06,0.49,10.4,0.48,10.4,0.47,32.4,0.46,10.5,0.76,12.72,0.77,14.7,0.78,15.2,0.79,15.7,0.8,16.2,0.24,12.72,0.23,14.7,0.22,15.2,0.21,15.7,0.2,16.2,0.49,85.06,0.51,10.4,0.52,10.4,0.53,32.4,0.54,10.5,0.25,0.25,0.094462,1776172777000
1776172779.489,279.489,0.51,85.06,0.49,10.4,0.48,10.4,0.47,32.4,0.46,10.5,0.76,12.72,0.77,14.7,0.78,15.2,0.79,15.7,0.8,16.2,0.24,12.72,0.23,14.7,0.22,15.2,0.21,15.7,0.2,16.2,0.49,85.06,0.51,10.4,0.52,10.4,0.53,32.4,0.54,10.5,0.25,0.25,0.094463,1776172778000
1776172780.205,280.205,0.51,85.06,0.49,10.4,0.48,10.4,0.47,32.4,0.46,10.5,0.76,12.72,0.77,14.7,0.78,15.2,0.79,15.7,0.8,16.2,0.24,12.72,0.23,14.7,0.22,15.2,0.21,15.7,0.2,16.2,0.49,85.06,0.51,10.4,0.52,10.4,0.53,32.4,0.54,10.5,0.25,0.25,0.094463,1776172779000
1776172780.822,280.822,0.45,5.6,0.41,15.99,0.31,50.0,0.21,60.0,0.11,100.0,0.61,50.0,0.71,50.0,0.81,100.0,0.82,6.0,0.89,45.0,0.24,12.72,0.23,14.7,0.22,15.2,0.21,15.7,0.2,16.2,0.49,85.06,0.51,10.4,0.52,10.4,0.53,32.4,0.54,10.5,0.16,0.25,0.094463,1776172779000
1776172781.22,281.22,0.45,5.6,0.41,15.99,0.31,50.0,0.21,60.0,0.11,100.0,0.61,50.0,0.71,50.0,0.81,100.0,0.82,6.0,0.89,45.0,0.39,50.0,0.29,50.0,0.19,100.0,0.18,6.0,0.11,45.0,0.55,5.6,0.59,15.99,0.69,50.0,0.79,60.0,0.89,100.0,0.16,0.16,0.094462,1776172780000
1776172782.244,282.244,0.45,5.6,0.41,15.99,0.31,50.0,0.21,60.0,0.11,100.0,0.61,50.0,0.71,50.0,0.81,100.0,0.82,6.0,0.89,45.0,0.39,50.0,0.29,50.0,0.19,100.0,0.18,6.0,0.11,45.0,0.55,5.6,0.59,15.99,0.69,50.0,0.79,60.0,0.89,100.0,0.16,0.16,0.094459,1776172781000
1776172783.224,283.224,0.45,5.6,0.41,15.99,0.31,50.0,0.21,60.0,0.11,100.0,0.61,50.0,0.71,50.0,0.81,100.0,0.82,6.0,0.89,45.0,0.39,50.0,0.29,50.0,0.19,100.0,0.18,6.0,0.11,45.0,0.55,5.6,0.59,15.99,0.69,50.0,0.79,60.0,0.89,100.0,0.16,0.16,0.09445,1776172782000
1776172784.256,284.256,0.45,5.6,0.41,15.99,0.31,50.0,0.21,50.0,0.16,5.0,0.58,3.27,0.59,5.0,0.6,5.0,0.61,55.0,0.71,50.0,0.39,50.0,0.29,50.0,0.19,100.0,0.18,6.0,0.11,45.0,0.55,5.6,0.59,15.99,0.69,50.0,0.79,60.0,0.89,100.0,0.13,0.16,0.09445,1776172782000
1776172784.911,284.911,0.45,5.6,0.41,15.99,0.31,50.0,0.21,50.0,0.16,5.0,0.61,41.8,0.71,50.0,0.81,50.0,0.86,10.0,0.91,50.0,0.39,41.8,0.29,50.0,0.19,50.0,0.14,10.0,0.09,50.0,0.55,5.6,0.59,15.99,0.69,50.0,0.79,50.0,0.84,5.0,0.16,0.16,0.094452,1776172784000
1776172785.917,285.917,0.69,13.2,0.45,5.6,0.41,15.99,0.31,50.0,0.21,50.0,0.71,50.0,0.81,50.0,0.91,50.0,0.95,50.0,0.96,105.0,0.39,41.8,0.29,50.0,0.19,50.0,0.14,10.0,0.09,50.0,0.55,5.6,0.59,15.99,0.69,50.0,0.79,50.0,0.84,5.0,0.02,0.16,0.094452,1776172784000
1776172786.889,286.889,0.69,13.2,0.45,5.6,0.41,15.99,0.31,50.0,0.21,50.0,0.71,50.0,0.81,50.0,0.91,50.0,0.95,50.0,0.96,105.0,0.29,50.0,0.19,50.0,0.09,50.0,0.05,50.0,0.04,105.0,0.31,13.2,0.55,5.6,0.59,15.99,0.69,50.0,0.79,50.0,0.02,0.02,0.094453,1776172786000
1776172787.993,287.993,0.69,13.2,0.45,5.6,0.41,15.99,0.31,50.0,0.21,50.0,0.71,50.0,0.81,50.0,0.91,50.0,0.95,50.0,0.96,105.0,0.29,50.0,0.19,50.0,0.09,50.0,0.05,50.0,0.04,105.0,0.31,13.2,0.55,5.6,0.59,15.99,0.69,50.0,0.79,50.0,0.02,0.02,0.094452,1776172787000
1776172788.986,288.986,0.69,13.2,0.45,5.6,0.41,15.99,0.31,50.0,0.21,50.0,0.71,50.0,0.81,50.0,0.91,50.0,0.95,50.0,0.96,105.0,0.29,50.0,0.19,50.0,0.09,50.0,0.05,50.0,0.04,105.0,0.31,13.2,0.55,5.6,0.59,15.99,0.69,50.0,0.79,50.0,0.02,0.02,0.094452,1776172788000
1776172789.837,289.837,0.69,13.2,0.45,5.6,0.41,65.99,0.31,50.0,0.21,50.0,0.71,43.83,0.81,50.0,0.9,10.0,0.91,50.0,0.95,50.0,0.29,50.0,0.19,50.0,0.09,50.0,0.05,50.0,0.04,105.0,0.31,13.2,0.55,5.6,0.59,15.99,0.69,50.0,0.79,50.0,0.02,0.02,0.094452,1776172788000
1776172790.171,290.171,0.45,0.2,0.41,15.99,0.31,50.0,0.21,50.0,0.12,5.0,0.61,50.0,0.69,13.2,0.71,124.83,0.81,50.0,0.85,10.0,0.29,43.83,0.19,50.0,0.1,10.0,0.09,50.0,0.05,50.0,0.31,13.2,0.55,5.6,0.59,65.99,0.69,50.0,0.79,50.0,0.16,0.02,0.094446,1776172789000
1776172790.976,290.976,0.41,11.14,0.31,50.0,0.21,50.0,0.12,5.0,0.11,50.0,0.61,50.0,0.71,43.83,0.81,50.0,0.91,50.0,0.95,150.0,0.39,50.0,0.29,43.83,0.19,50.0,0.09,50.0,0.05,150.0,0.59,11.14,0.69,50.0,0.79,50.0,0.88,5.0,0.89,50.0,0.2,0.2,0.094447,1776172790000
1776172791.994,291.994,0.41,11.14,0.31,50.0,0.21,50.0,0.12,5.0,0.11,50.0,0.61,50.0,0.71,43.83,0.81,50.0,0.91,50.0,0.95,150.0,0.39,50.0,0.29,43.83,0.19,50.0,0.09,50.0,0.05,150.0,0.59,11.14,0.69,50.0,0.79,50.0,0.88,5.0,0.89,50.0,0.2,0.2,0.094439,1776172791000
1776172793.018,293.018,0.41,11.14,0.31,50.0,0.21,50.0,0.12,5.0,0.11,50.0,0.61,50.0,0.71,43.83,0.81,50.0,0.91,50.0,0.95,150.0,0.39,50.0,0.29,43.83,0.19,50.0,0.09,50.0,0.05,150.0,0.59,11.14,0.69,50.0,0.79,50.0,0.88,5.0,0.89,50.0,0.2,0.2,0.09444,1776172792000
1776172793.413,293.413,0.41,4.71,0.21,50.0,0.11,50.0,0.1,10.0,0.04,25.0,0.51,50.0,0.61,50.0,0.71,43.83,0.81,50.0,0.9,110.0,0.39,50.0,0.29,43.83,0.19,50.0,0.09,50.0,0.05,150.0,0.59,11.14,0.69,50.0,0.79,50.0,0.88,5.0,0.89,50.0,0.1,0.2,0.09444,1776172792000
1776172794.513,294.513,0.41,4.71,0.21,50.0,0.11,50.0,0.1,10.0,0.04,25.0,0.51,50.0,0.61,50.0,0.71,43.83,0.81,50.0,0.9,110.0,0.49,50.0,0.39,50.0,0.29,43.83,0.19,50.0,0.1,110.0,0.59,4.71,0.79,50.0,0.89,50.0,0.9,10.0,0.96,25.0,0.1,0.1,0.094441,1776172793000
1776172795.084,295.084,0.41,4.71,0.21,50.0,0.11,50.0,0.1,10.0,0.04,25.0,0.51,50.0,0.61,50.0,0.71,43.83,0.81,50.0,0.9,110.0,0.49,50.0,0.39,50.0,0.29,43.83,0.19,50.0,0.1,110.0,0.59,4.71,0.79,50.0,0.89,50.0,0.9,10.0,0.96,25.0,0.1,0.1,0.094437,1776172794000
1776172796.101,296.101,0.41,4.71,0.21,50.0,0.11,50.0,0.1,10.0,0.04,25.0,0.51,50.0,0.61,50.0,0.71,43.83,0.81,50.0,0.9,110.0,0.49,50.0,0.39,50.0,0.29,43.83,0.19,50.0,0.1,110.0,0.59,4.71,0.79,50.0,0.89,50.0,0.9,10.0,0.96,25.0,0.1,0.1,0.094451,1776172795000
1776172796.894,296.894,0.21,40.85,0.11,50.0,0.1,10.0,0.04,25.0,0.02,15.0,0.51,37.62,0.61,50.0,0.71,43.83,0.81,50.0,0.9,10.0,0.49,37.62,0.39,50.0,0.29,43.83,0.19,50.0,0.1,10.0,0.59,4.71,0.79,50.0,0.89,50.0,0.9,10.0,0.96,25.0,0.3,0.1,0.094451,1776172795000
1776172797.33,297.33,0.21,16.79,0.11,50.0,0.1,10.0,0.04,25.0,0.02,15.0,0.41,50.0,0.51,37.62,0.61,50.0,0.71,43.83,0.81,50.0,0.49,37.62,0.39,50.0,0.29,43.83,0.19,50.0,0.1,10.0,0.79,40.85,0.89,50.0,0.9,10.0,0.96,25.0,0.98,15.0,0.2,0.3,0.09445,1776172796000
1776172797.534,297.534,0.46,15.03,0.21,66.79,0.11,50.0,0.1,10.0,0.04,25.0,0.51,37.62,0.61,50.0,0.71,43.83,0.81,50.0,0.9,10.0,0.59,50.0,0.49,37.62,0.39,50.0,0.29,43.83,0.19,50.0,0.79,16.79,0.89,50.0,0.9,10.0,0.96,25.0,0.98,15.0,0.05,0.2,0.09445,1776172796000
1776172798.185,298.185,0.46,9.38,0.31,50.0,0.21,66.79,0.11,50.0,0.1,10.0,0.51,37.62,0.61,50.0,0.71,43.83,0.81,50.0,0.9,10.0,0.49,37.62,0.39,50.0,0.29,43.83,0.19,50.0,0.1,10.0,0.54,9.38,0.69,50.0,0.79,66.79,0.89,50.0,0.9,10.0,0.05,0.05,0.094445,1776172797000
1776172798.402,298.402,0.11,26.17,0.1,10.0,0.04,25.0,0.02,15.0,0.01,179.0,0.51,37.62,0.61,50.0,0.71,43.83,0.81,50.0,0.9,10.0,0.49,37.62,0.39,50.0,0.29,43.83,0.19,50.0,0.1,10.0,0.54,9.38,0.69,50.0,0.79,66.79,0.89,50.0,0.9,10.0,0.4,0.05,0.094445,1776172797000
1776172798.996,298.996,0.5,124.54,0.1,17.0,0.04,25.0,0.02,15.0,0.01,179.0,0.6,6.86,0.61,50.0,0.71,43.83,0.81,50.0,0.9,60.0,0.49,37.62,0.39,50.0,0.29,43.83,0.19,50.0,0.1,10.0,0.89,26.17,0.9,10.0,0.96,25.0,0.98,15.0,0.99,179.0,0.1,0.4,0.094445,1776172797000
1776172799.423,299.423,0.5,83.43,0.1,10.0,0.04,25.0,0.02,15.0,0.01,129.0,0.89,54.5,0.9,10.0,0.95,50.0,0.96,30.0,0.98,15.0,0.4,6.86,0.1,10.0,0.05,50.0,0.04,30.0,0.02,15.0,0.5,84.54,0.9,17.0,0.96,25.0,0.98,15.0,0.99,129.0,0.39,0.1,0.094445,1776172798000
1776172799.928,299.928,0.5,96.19,0.1,10.0,0.05,300.0,0.04,25.0,0.02,15.0,0.89,54.5,0.9,10.0,0.95,50.0,0.96,30.0,0.98,15.0,0.11,54.5,0.1,10.0,0.05,50.0,0.04,30.0,0.02,15.0,0.5,83.43,0.9,10.0,0.96,25.0,0.98,15.0,0.99,129.0,0.39,0.39,0.094445,1776172798000
1776172800.23,300.23,0.5,82.23,0.1,10.0,0.04,25.0,0.02,15.0,0.01,124.0,0.57,5.0,0.9,10.0,0.95,50.0,0.96,30.0,0.98,15.0,0.11,45.71,0.1,10.0,0.05,50.0,0.04,30.0,0.02,15.0,0.5,96.19,0.9,10.0,0.95,300.0,0.96,25.0,0.98,15.0,0.07,0.39,0.094446,1776172799000
1776172800.802,300.802,0.63,4.11,0.5,65.23,0.1,10.0,0.04,25.0,0.02,15.0,0.9,10.0,0.95,50.0,0.96,30.0,0.98,15.0,0.99,111.0,0.1,10.0,0.05,50.0,0.04,30.0,0.02,15.0,0.01,124.0,0.37,3.57,0.5,72.23,0.9,10.0,0.96,25.0,0.98,15.0,0.27,0.27,0.094446,1776172799000
1776172801.005,301.005,0.63,4.11,0.5,65.23,0.1,10.0,0.04,25.0,0.02,15.0,0.9,10.0,0.95,50.0,0.96,30.0,0.98,15.0,0.99,111.0,0.1,10.0,0.05,50.0,0.04,30.0,0.02,15.0,0.01,111.0,0.37,4.11,0.5,65.23,0.9,10.0,0.96,25.0,0.98,15.0,0.27,0.27,0.094453,1776172800000
1776172802.049,302.049,0.63,4.11,0.5,65.23,0.1,10.0,0.04,25.0,0.02,15.0,0.9,10.0,0.95,50.0,0.96,30.0,0.98,15.0,0.99,111.0,0.1,10.0,0.05,50.0,0.04,30.0,0.02,15.0,0.01,111.0,0.37,4.11,0.5,65.23,0.9,10.0,0.96,25.0,0.98,15.0,0.27,0.27,0.094456,1776172801000

# RESULT,winner=Up,slug=doge-updown-5m-1776172500,ticks=334
