timestamp,elapsed_sec,up_bid_p1,up_bid_s1,up_bid_p2,up_bid_s2,up_ask_p1,up_ask_s1,up_ask_p2,up_ask_s2,down_bid_p1,down_bid_s1,down_bid_p2,down_bid_s2,down_ask_p1,down_ask_s1,down_ask_p2,down_ask_s2,up_spread,down_spread,doge_price,doge_oracle_ts
1776220811.193,11.193,,,,,,,,,,,,,,,,,,,0.0931,1776220810000
1776220811.709,11.709,0.5,27.84,0.32,5.0,0.51,110.0,0.52,10.0,0.49,110.0,0.48,10.0,0.5,27.84,0.68,5.0,0.01,0.01,0.0931,1776220810000
1776220812.307,12.307,0.5,27.84,0.32,5.0,0.51,110.0,0.52,10.0,0.49,110.0,0.48,10.0,0.5,27.84,0.68,5.0,0.01,0.01,0.093104,1776220811000
1776220812.578,12.578,0.32,5.0,0.31,11.0,0.51,110.0,0.52,10.0,0.49,110.0,0.48,10.0,0.5,27.84,0.68,5.0,0.19,0.01,0.093104,1776220811000
1776220812.936,12.936,0.32,5.0,0.31,11.0,0.51,110.0,0.52,10.0,0.49,110.0,0.48,10.0,0.68,5.0,0.69,11.0,0.19,0.19,0.093104,1776220812000
1776220813.954,13.954,0.32,5.0,0.31,11.0,0.51,110.0,0.52,10.0,0.49,110.0,0.48,10.0,0.68,5.0,0.69,11.0,0.19,0.19,0.093106,1776220813000
1776220815.048,15.048,0.32,5.0,0.31,11.0,0.51,110.0,0.52,10.0,0.49,110.0,0.48,10.0,0.68,5.0,0.69,11.0,0.19,0.19,0.093107,1776220814000
1776220816.143,16.143,0.32,5.0,0.31,11.0,0.51,110.0,0.52,10.0,0.49,110.0,0.48,10.0,0.68,5.0,0.69,11.0,0.19,0.19,0.093113,1776220815000
1776220817.232,17.232,0.32,5.0,0.31,11.0,0.51,110.0,0.52,10.0,0.49,110.0,0.48,10.0,0.68,5.0,0.69,11.0,0.19,0.19,0.093113,1776220816000
1776220818.209,18.209,0.32,5.0,0.31,11.0,0.51,110.0,0.52,10.0,0.49,110.0,0.48,10.0,0.68,5.0,0.69,11.0,0.19,0.19,0.093116,1776220817000
1776220819.264,19.264,0.32,5.0,0.31,11.0,0.51,110.0,0.52,10.0,0.49,110.0,0.48,10.0,0.68,5.0,0.69,11.0,0.19,0.19,0.093113,1776220818000
1776220819.784,19.784,0.32,5.0,0.31,11.0,0.51,110.0,0.52,10.0,0.49,110.0,0.48,10.0,0.68,5.0,0.69,11.0,0.19,0.19,0.093112,1776220819000
1776220820.976,20.976,0.32,5.0,0.31,11.0,0.51,110.0,0.52,10.0,0.49,110.0,0.48,10.0,0.68,5.0,0.69,11.0,0.19,0.19,0.093112,1776220820000
1776220822.023,22.023,0.32,5.0,0.31,11.0,0.51,110.0,0.52,10.0,0.49,110.0,0.48,10.0,0.68,5.0,0.69,11.0,0.19,0.19,0.093111,1776220821000
1776220823.104,23.104,0.32,5.0,0.31,11.0,0.51,110.0,0.52,10.0,0.49,110.0,0.48,10.0,0.68,5.0,0.69,11.0,0.19,0.19,0.093113,1776220822000
1776220824.127,24.127,0.32,5.0,0.31,11.0,0.51,110.0,0.52,10.0,0.49,110.0,0.48,10.0,0.68,5.0,0.69,11.0,0.19,0.19,0.093109,1776220823000
1776220825.312,25.312,0.32,5.0,0.31,11.0,0.51,110.0,0.52,10.0,0.49,110.0,0.48,10.0,0.68,5.0,0.69,11.0,0.19,0.19,0.093109,1776220824000
1776220826.232,26.232,0.32,5.0,0.31,11.0,0.51,110.0,0.52,10.0,0.49,110.0,0.48,10.0,0.68,5.0,0.69,11.0,0.19,0.19,0.093108,1776220825000
1776220827.24,27.24,0.32,5.0,0.31,11.0,0.51,110.0,0.52,10.0,0.49,110.0,0.48,10.0,0.68,5.0,0.69,11.0,0.19,0.19,0.09311,1776220826000
1776220828.321,28.321,0.32,5.0,0.31,11.0,0.51,110.0,0.52,10.0,0.49,110.0,0.48,10.0,0.68,5.0,0.69,11.0,0.19,0.19,0.093115,1776220827000
1776220829.185,29.185,0.32,5.0,0.31,11.0,0.51,110.0,0.52,10.0,0.49,110.0,0.48,10.0,0.68,5.0,0.69,11.0,0.19,0.19,0.093115,1776220828000
1776220830.001,30.001,0.32,5.0,0.31,11.0,0.51,110.0,0.52,10.0,0.49,110.0,0.48,10.0,0.68,5.0,0.69,11.0,0.19,0.19,0.093115,1776220829000
1776220831.007,31.007,0.32,5.0,0.31,11.0,0.51,110.0,0.52,10.0,0.49,110.0,0.48,10.0,0.68,5.0,0.69,11.0,0.19,0.19,0.093117,1776220830000
1776220831.958,31.958,0.32,5.0,0.31,11.0,0.51,110.0,0.52,10.0,0.49,110.0,0.48,10.0,0.68,5.0,0.69,11.0,0.19,0.19,0.093122,1776220831000
1776220833.585,33.585,0.32,5.0,0.31,11.0,0.51,110.0,0.52,10.0,0.49,110.0,0.48,10.0,0.68,5.0,0.69,11.0,0.19,0.19,0.093124,1776220832000
1776220834.268,34.268,0.32,5.0,0.31,11.0,0.51,110.0,0.52,10.0,0.49,110.0,0.48,10.0,0.68,5.0,0.69,11.0,0.19,0.19,0.093124,1776220833000
1776220835.391,35.391,0.32,5.0,0.31,11.0,0.51,110.0,0.52,10.0,0.49,110.0,0.48,10.0,0.68,5.0,0.69,11.0,0.19,0.19,0.093126,1776220834000
1776220836.074,36.074,0.32,5.0,0.31,11.0,0.51,110.0,0.52,10.0,0.49,110.0,0.48,10.0,0.68,5.0,0.69,11.0,0.19,0.19,0.093127,1776220835000
1776220837.184,37.184,0.32,5.0,0.31,11.0,0.51,110.0,0.52,10.0,0.49,110.0,0.48,10.0,0.68,5.0,0.69,11.0,0.19,0.19,0.093129,1776220836000
1776220837.732,37.732,0.5,5.0,0.43,10.0,0.55,10.0,0.58,10.0,0.49,5.0,0.45,10.0,0.52,12.0,0.53,5.0,0.05,0.03,0.093129,1776220836000
1776220838.314,38.314,0.5,5.0,0.43,10.0,0.55,10.0,0.58,10.0,0.45,10.0,0.42,10.0,0.5,5.0,0.57,10.0,0.05,0.05,0.093142,1776220837000
1776220839.458,39.458,0.5,5.0,0.43,10.0,0.55,10.0,0.58,10.0,0.45,10.0,0.42,10.0,0.5,5.0,0.57,10.0,0.05,0.05,0.093148,1776220838000
1776220839.752,39.752,0.53,5.0,0.51,50.0,0.55,5.0,0.58,10.0,0.45,10.0,0.42,10.0,0.5,5.0,0.57,10.0,0.02,0.05,0.093148,1776220838000
1776220839.963,39.963,0.53,5.0,0.51,50.0,0.55,5.0,0.58,10.0,0.45,5.0,0.42,10.0,0.47,5.0,0.49,50.0,0.02,0.02,0.093152,1776220839000
1776220841.095,41.095,0.53,5.0,0.51,50.0,0.55,5.0,0.58,10.0,0.45,5.0,0.42,10.0,0.47,5.0,0.49,50.0,0.02,0.02,0.093159,1776220840000
1776220842.162,42.162,0.53,5.0,0.51,50.0,0.55,5.0,0.58,10.0,0.45,5.0,0.42,10.0,0.47,5.0,0.49,50.0,0.02,0.02,0.09317,1776220841000
1776220843.28,43.28,0.53,5.0,0.51,50.0,0.55,5.0,0.58,10.0,0.45,5.0,0.42,10.0,0.47,5.0,0.49,50.0,0.02,0.02,0.093171,1776220842000
1776220844.376,44.376,0.53,5.0,0.51,50.0,0.55,5.0,0.58,10.0,0.45,5.0,0.42,10.0,0.47,5.0,0.49,50.0,0.02,0.02,0.09317,1776220843000
1776220844.844,44.844,0.53,5.0,0.51,50.0,0.55,5.0,0.58,10.0,0.45,5.0,0.42,10.0,0.47,5.0,0.49,50.0,0.02,0.02,0.093161,1776220844000
1776220845.913,45.913,0.53,5.0,0.51,50.0,0.55,5.0,0.58,10.0,0.45,5.0,0.42,10.0,0.47,5.0,0.49,50.0,0.02,0.02,0.093159,1776220845000
1776220847.661,47.661,0.53,5.0,0.51,50.0,0.55,5.0,0.58,10.0,0.45,5.0,0.42,10.0,0.47,5.0,0.49,50.0,0.02,0.02,0.093158,1776220846000
1776220848.27,48.27,0.53,5.0,0.51,50.0,0.55,5.0,0.58,10.0,0.45,5.0,0.42,10.0,0.47,5.0,0.49,50.0,0.02,0.02,0.09316,1776220847000
1776220849.486,49.486,0.53,5.0,0.51,50.0,0.55,5.0,0.58,10.0,0.45,5.0,0.42,10.0,0.47,5.0,0.49,50.0,0.02,0.02,0.093162,1776220848000
1776220850.234,50.234,0.53,5.0,0.51,50.0,0.55,5.0,0.58,10.0,0.45,5.0,0.42,10.0,0.47,5.0,0.49,50.0,0.02,0.02,0.093163,1776220849000
1776220850.611,50.611,0.5,5.0,0.47,15.0,0.57,5.0,0.58,5.0,0.45,5.0,0.42,10.0,0.47,5.0,0.49,50.0,0.07,0.02,0.093163,1776220849000
1776220851.18,51.18,0.5,5.0,0.47,15.0,0.57,5.0,0.58,5.0,0.43,5.0,0.42,5.0,0.5,5.0,0.53,15.0,0.07,0.07,0.093163,1776220850000
1776220852.527,52.527,0.5,5.0,0.47,15.0,0.57,5.0,0.58,5.0,0.43,5.0,0.42,5.0,0.5,5.0,0.53,15.0,0.07,0.07,0.093147,1776220851000
1776220853.255,53.255,0.5,5.0,0.47,15.0,0.57,5.0,0.58,5.0,0.43,5.0,0.42,5.0,0.5,5.0,0.53,15.0,0.07,0.07,0.093147,1776220852000
1776220854.786,54.786,0.5,5.0,0.47,15.0,0.57,5.0,0.58,5.0,0.43,5.0,0.42,5.0,0.5,5.0,0.53,15.0,0.07,0.07,0.093136,1776220853000
1776220855.381,55.381,0.5,5.0,0.47,15.0,0.57,5.0,0.58,5.0,0.43,5.0,0.42,5.0,0.5,5.0,0.53,15.0,0.07,0.07,0.093135,1776220854000
1776220856.257,56.257,0.5,5.0,0.47,15.0,0.57,5.0,0.58,5.0,0.43,5.0,0.42,5.0,0.5,5.0,0.53,15.0,0.07,0.07,0.093134,1776220855000
1776220857.486,57.486,0.5,5.0,0.47,15.0,0.57,5.0,0.58,5.0,0.43,5.0,0.42,5.0,0.5,5.0,0.53,15.0,0.07,0.07,0.093135,1776220856000
1776220858.047,58.047,0.5,5.0,0.47,15.0,0.57,5.0,0.58,5.0,0.43,5.0,0.42,5.0,0.5,5.0,0.53,15.0,0.07,0.07,0.093135,1776220857000
1776220859.197,59.197,0.5,5.0,0.47,15.0,0.57,5.0,0.58,5.0,0.43,5.0,0.42,5.0,0.5,5.0,0.53,15.0,0.07,0.07,0.093135,1776220858000
1776220860.328,60.328,0.5,5.0,0.47,15.0,0.57,5.0,0.58,5.0,0.43,5.0,0.42,5.0,0.5,5.0,0.53,15.0,0.07,0.07,0.093134,1776220859000
1776220860.961,60.961,0.5,5.0,0.47,15.0,0.57,5.0,0.58,5.0,0.43,5.0,0.42,5.0,0.5,5.0,0.53,15.0,0.07,0.07,0.093134,1776220860000
1776220862.177,62.177,0.5,5.0,0.47,15.0,0.57,5.0,0.58,5.0,0.43,5.0,0.42,5.0,0.5,5.0,0.53,15.0,0.07,0.07,0.093135,1776220861000
1776220863.328,63.328,0.5,5.0,0.47,15.0,0.57,5.0,0.58,5.0,0.43,5.0,0.42,5.0,0.5,5.0,0.53,15.0,0.07,0.07,0.093134,1776220862000
1776220864.442,64.442,0.5,5.0,0.47,15.0,0.57,5.0,0.58,5.0,0.43,5.0,0.42,5.0,0.5,5.0,0.53,15.0,0.07,0.07,0.093134,1776220863000
1776220864.91,64.91,0.5,5.0,0.47,15.0,0.57,5.0,0.58,5.0,0.43,5.0,0.42,5.0,0.5,5.0,0.53,15.0,0.07,0.07,0.093133,1776220864000
1776220866.024,66.024,0.5,5.0,0.47,15.0,0.57,5.0,0.58,5.0,0.43,5.0,0.42,5.0,0.5,5.0,0.53,15.0,0.07,0.07,0.093134,1776220865000
1776220866.975,66.975,0.5,5.0,0.47,15.0,0.57,5.0,0.58,5.0,0.43,5.0,0.42,5.0,0.5,5.0,0.53,15.0,0.07,0.07,0.093136,1776220866000
1776220868.121,68.121,0.5,5.0,0.47,15.0,0.57,5.0,0.58,5.0,0.43,5.0,0.42,5.0,0.5,5.0,0.53,15.0,0.07,0.07,0.093136,1776220867000
1776220869.105,69.105,0.5,5.0,0.47,15.0,0.57,5.0,0.58,5.0,0.43,5.0,0.42,5.0,0.5,5.0,0.53,15.0,0.07,0.07,0.093136,1776220868000
1776220870.214,70.214,0.5,5.0,0.47,15.0,0.57,5.0,0.58,5.0,0.43,5.0,0.42,5.0,0.5,5.0,0.53,15.0,0.07,0.07,0.093136,1776220869000
1776220871.288,71.288,0.5,5.0,0.47,15.0,0.57,5.0,0.58,5.0,0.43,5.0,0.42,5.0,0.5,5.0,0.53,15.0,0.07,0.07,0.093134,1776220870000
1776220872.24,72.24,0.5,5.0,0.47,15.0,0.57,5.0,0.58,5.0,0.43,5.0,0.42,5.0,0.5,5.0,0.53,15.0,0.07,0.07,0.093134,1776220871000
1776220873.323,73.323,0.5,5.0,0.47,15.0,0.57,5.0,0.58,5.0,0.43,5.0,0.42,5.0,0.5,5.0,0.53,15.0,0.07,0.07,0.093134,1776220872000
1776220874.354,74.354,0.5,5.0,0.47,15.0,0.57,5.0,0.58,5.0,0.43,5.0,0.42,5.0,0.5,5.0,0.53,15.0,0.07,0.07,0.093134,1776220873000
1776220874.958,74.958,0.5,5.0,0.47,15.0,0.57,5.0,0.58,5.0,0.43,5.0,0.42,5.0,0.5,5.0,0.53,15.0,0.07,0.07,0.093134,1776220874000
1776220876.059,76.059,0.5,5.0,0.47,15.0,0.57,5.0,0.58,5.0,0.43,5.0,0.42,5.0,0.5,5.0,0.53,15.0,0.07,0.07,0.093134,1776220875000
1776220877.095,77.095,0.5,5.0,0.47,15.0,0.57,5.0,0.58,5.0,0.43,5.0,0.42,5.0,0.5,5.0,0.53,15.0,0.07,0.07,0.093134,1776220876000
1776220878.306,78.306,0.5,5.0,0.47,15.0,0.57,5.0,0.58,5.0,0.43,5.0,0.42,5.0,0.5,5.0,0.53,15.0,0.07,0.07,0.093134,1776220877000
1776220879.001,79.001,0.5,5.0,0.47,15.0,0.57,5.0,0.58,5.0,0.43,5.0,0.42,5.0,0.5,5.0,0.53,15.0,0.07,0.07,0.093135,1776220878000
1776220880.055,80.055,0.5,5.0,0.47,15.0,0.57,5.0,0.58,5.0,0.43,5.0,0.42,5.0,0.5,5.0,0.53,15.0,0.07,0.07,0.093136,1776220879000
1776220881.174,81.174,0.5,5.0,0.47,15.0,0.57,5.0,0.58,5.0,0.43,5.0,0.42,5.0,0.5,5.0,0.53,15.0,0.07,0.07,0.093132,1776220880000
1776220882.318,82.318,0.5,5.0,0.47,15.0,0.57,5.0,0.58,5.0,0.43,5.0,0.42,5.0,0.5,5.0,0.53,15.0,0.07,0.07,0.093128,1776220881000
1776220883.466,83.466,0.5,5.0,0.47,15.0,0.57,5.0,0.58,5.0,0.43,5.0,0.42,5.0,0.5,5.0,0.53,15.0,0.07,0.07,0.093128,1776220882000
1776220884.047,84.047,0.5,5.0,0.47,15.0,0.57,5.0,0.58,5.0,0.43,5.0,0.42,5.0,0.5,5.0,0.53,15.0,0.07,0.07,0.093128,1776220883000
1776220885.284,85.284,0.5,5.0,0.47,15.0,0.57,5.0,0.58,5.0,0.43,5.0,0.42,5.0,0.5,5.0,0.53,15.0,0.07,0.07,0.093128,1776220884000
1776220886.282,86.282,0.5,5.0,0.47,15.0,0.57,5.0,0.58,5.0,0.43,5.0,0.42,5.0,0.5,5.0,0.53,15.0,0.07,0.07,0.093128,1776220885000
1776220886.907,86.907,0.5,5.0,0.47,15.0,0.57,5.0,0.58,5.0,0.43,5.0,0.42,5.0,0.5,5.0,0.53,15.0,0.07,0.07,0.093128,1776220886000
1776220888.007,88.007,0.5,5.0,0.47,15.0,0.57,5.0,0.58,5.0,0.43,5.0,0.42,5.0,0.5,5.0,0.53,15.0,0.07,0.07,0.093131,1776220887000
1776220889.165,89.165,0.5,5.0,0.47,15.0,0.57,5.0,0.58,5.0,0.43,5.0,0.42,5.0,0.5,5.0,0.53,15.0,0.07,0.07,0.093132,1776220888000
1776220890.336,90.336,0.5,5.0,0.47,15.0,0.57,5.0,0.58,5.0,0.43,5.0,0.42,5.0,0.5,5.0,0.53,15.0,0.07,0.07,0.093133,1776220889000
1776220890.94,90.94,0.5,5.0,0.47,15.0,0.57,5.0,0.58,5.0,0.43,5.0,0.42,5.0,0.5,5.0,0.53,15.0,0.07,0.07,0.093133,1776220890000
1776220892.201,92.201,0.5,5.0,0.47,15.0,0.57,5.0,0.58,5.0,0.43,5.0,0.42,5.0,0.5,5.0,0.53,15.0,0.07,0.07,0.093133,1776220891000
1776220893.053,93.053,0.5,5.0,0.47,15.0,0.57,5.0,0.58,5.0,0.43,5.0,0.42,5.0,0.5,5.0,0.53,15.0,0.07,0.07,0.093133,1776220892000
1776220894.186,94.186,0.5,5.0,0.47,15.0,0.57,5.0,0.58,5.0,0.43,5.0,0.42,5.0,0.5,5.0,0.53,15.0,0.07,0.07,0.093133,1776220893000
1776220895.224,95.224,0.5,5.0,0.47,15.0,0.57,5.0,0.58,5.0,0.43,5.0,0.42,5.0,0.5,5.0,0.53,15.0,0.07,0.07,0.093132,1776220894000
1776220896.328,96.328,0.5,5.0,0.47,15.0,0.57,5.0,0.58,5.0,0.43,5.0,0.42,5.0,0.5,5.0,0.53,15.0,0.07,0.07,0.093132,1776220895000
1776220897.458,97.458,0.5,5.0,0.47,15.0,0.57,5.0,0.58,5.0,0.43,5.0,0.42,5.0,0.5,5.0,0.53,15.0,0.07,0.07,0.093128,1776220896000
1776220897.911,97.911,0.43,5.0,0.42,10.7,0.47,5.0,0.5,5.0,0.43,5.0,0.42,5.0,0.5,5.0,0.53,15.0,0.04,0.07,0.093128,1776220896000
1776220899.147,99.147,0.43,5.0,0.42,10.7,0.47,5.0,0.5,5.0,0.53,5.0,0.5,5.0,0.57,5.0,0.58,10.7,0.04,0.04,0.093127,1776220898000
1776220900.205,100.205,0.43,5.0,0.42,10.7,0.47,5.0,0.5,5.0,0.53,5.0,0.5,5.0,0.57,5.0,0.58,10.7,0.04,0.04,0.093127,1776220899000
1776220901.283,101.283,0.43,5.0,0.42,10.7,0.47,5.0,0.5,5.0,0.53,5.0,0.5,5.0,0.57,5.0,0.58,10.7,0.04,0.04,0.093124,1776220900000
1776220902.411,102.411,0.43,5.0,0.42,10.7,0.47,5.0,0.5,5.0,0.53,5.0,0.5,5.0,0.57,5.0,0.58,10.7,0.04,0.04,0.093123,1776220901000
1776220902.942,102.942,0.43,5.0,0.42,10.7,0.47,5.0,0.5,5.0,0.53,5.0,0.5,5.0,0.57,5.0,0.58,10.7,0.04,0.04,0.093123,1776220902000
1776220904.1,104.1,0.4,1.32,0.39,20.9,0.47,5.0,0.5,5.0,0.53,5.0,0.5,5.0,0.6,1.32,0.61,20.9,0.07,0.07,0.093123,1776220903000
1776220905.233,105.233,0.4,1.32,0.39,20.9,0.47,5.0,0.5,5.0,0.53,5.0,0.5,5.0,0.6,1.32,0.61,20.9,0.07,0.07,0.093124,1776220904000
1776220906.232,106.232,0.4,1.32,0.39,20.9,0.47,5.0,0.5,5.0,0.53,5.0,0.5,5.0,0.6,1.32,0.61,20.9,0.07,0.07,0.093123,1776220905000
1776220907.125,107.125,0.4,1.32,0.39,20.9,0.47,5.0,0.5,5.0,0.53,5.0,0.5,5.0,0.6,1.32,0.61,20.9,0.07,0.07,0.093125,1776220906000
1776220908.294,108.294,0.4,1.32,0.39,20.9,0.47,5.0,0.5,5.0,0.53,5.0,0.5,5.0,0.6,1.32,0.61,20.9,0.07,0.07,0.093122,1776220907000
1776220909.29,109.29,0.4,1.32,0.39,20.9,0.47,5.0,0.5,5.0,0.53,5.0,0.5,5.0,0.6,1.32,0.61,20.9,0.07,0.07,0.093118,1776220908000
1776220910.369,110.369,0.4,1.32,0.39,20.9,0.47,5.0,0.5,5.0,0.53,5.0,0.5,5.0,0.6,1.32,0.61,20.9,0.07,0.07,0.093114,1776220909000
1776220910.949,110.949,0.4,1.32,0.39,20.9,0.47,5.0,0.5,5.0,0.53,5.0,0.5,5.0,0.6,1.32,0.61,20.9,0.07,0.07,0.093113,1776220910000
1776220911.502,111.502,0.38,5.0,0.35,10.0,0.42,5.0,0.45,5.0,0.53,5.0,0.5,5.0,0.6,1.32,0.61,20.9,0.04,0.07,0.093113,1776220910000
1776220912.06,112.06,0.38,5.0,0.35,10.0,0.42,5.0,0.45,5.0,0.58,5.0,0.55,5.0,0.62,5.0,0.65,10.0,0.04,0.04,0.093113,1776220911000
1776220913.086,113.086,0.38,5.0,0.35,10.0,0.42,5.0,0.45,5.0,0.58,5.0,0.55,5.0,0.62,5.0,0.65,10.0,0.04,0.04,0.093113,1776220912000
1776220914.178,114.178,0.38,5.0,0.35,10.0,0.42,5.0,0.45,5.0,0.58,5.0,0.55,5.0,0.62,5.0,0.65,10.0,0.04,0.04,0.093112,1776220913000
1776220915.282,115.282,0.38,5.0,0.35,10.0,0.42,5.0,0.45,5.0,0.58,5.0,0.55,5.0,0.62,5.0,0.65,10.0,0.04,0.04,0.093112,1776220914000
1776220916.348,116.348,0.38,5.0,0.35,10.0,0.42,5.0,0.45,5.0,0.58,5.0,0.55,5.0,0.62,5.0,0.65,10.0,0.04,0.04,0.093114,1776220915000
1776220916.912,116.912,0.38,5.0,0.35,10.0,0.42,5.0,0.45,5.0,0.58,5.0,0.55,5.0,0.62,5.0,0.65,10.0,0.04,0.04,0.093114,1776220916000
1776220917.974,117.974,0.38,5.0,0.35,10.0,0.42,5.0,0.45,5.0,0.58,5.0,0.55,5.0,0.62,5.0,0.65,10.0,0.04,0.04,0.093114,1776220917000
1776220918.972,118.972,0.38,5.0,0.35,10.0,0.42,5.0,0.45,5.0,0.58,5.0,0.55,5.0,0.62,5.0,0.65,10.0,0.04,0.04,0.093114,1776220918000
1776220919.988,119.988,0.38,5.0,0.35,10.0,0.42,5.0,0.45,5.0,0.58,5.0,0.55,5.0,0.62,5.0,0.65,10.0,0.04,0.04,0.093114,1776220919000
1776220921.364,121.364,0.38,5.0,0.35,10.0,0.42,5.0,0.45,5.0,0.58,5.0,0.55,5.0,0.62,5.0,0.65,10.0,0.04,0.04,0.093125,1776220920000
1776220921.901,121.901,0.38,5.0,0.35,10.0,0.42,5.0,0.45,5.0,0.58,5.0,0.55,5.0,0.62,5.0,0.65,10.0,0.04,0.04,0.093137,1776220921000
1776220923.093,123.093,0.38,5.0,0.35,10.0,0.42,5.0,0.45,5.0,0.58,5.0,0.55,5.0,0.62,5.0,0.65,10.0,0.04,0.04,0.093137,1776220922000
1776220924.206,124.206,0.38,5.0,0.35,10.0,0.42,5.0,0.45,5.0,0.58,5.0,0.55,5.0,0.62,5.0,0.65,10.0,0.04,0.04,0.093135,1776220923000
1776220925.379,125.379,0.38,5.0,0.35,10.0,0.42,5.0,0.45,5.0,0.58,5.0,0.55,5.0,0.62,5.0,0.65,10.0,0.04,0.04,0.093132,1776220924000
1776220926.174,126.174,0.38,5.0,0.35,10.0,0.42,5.0,0.45,5.0,0.58,5.0,0.55,5.0,0.62,5.0,0.65,10.0,0.04,0.04,0.093131,1776220925000
1776220927.473,127.473,0.38,5.0,0.35,10.0,0.42,5.0,0.45,5.0,0.58,5.0,0.55,5.0,0.62,5.0,0.65,10.0,0.04,0.04,0.093131,1776220926000
1776220928.175,128.175,0.38,5.0,0.35,10.0,0.42,5.0,0.45,5.0,0.58,5.0,0.55,5.0,0.62,5.0,0.65,10.0,0.04,0.04,0.093128,1776220927000
1776220929.565,129.565,0.38,5.0,0.35,10.0,0.42,5.0,0.45,5.0,0.58,5.0,0.55,5.0,0.62,5.0,0.65,10.0,0.04,0.04,0.093117,1776220928000
1776220930.199,130.199,0.38,5.0,0.35,10.0,0.42,5.0,0.45,5.0,0.58,5.0,0.55,5.0,0.62,5.0,0.65,10.0,0.04,0.04,0.09312,1776220929000
1776220933.891,133.891,0.38,5.0,0.35,10.0,0.42,5.0,0.45,5.0,0.58,5.0,0.55,5.0,0.62,5.0,0.65,10.0,0.04,0.04,0.093131,1776220932000
1776220934.444,134.444,0.38,5.0,0.35,10.0,0.42,5.0,0.45,5.0,0.58,5.0,0.55,5.0,0.62,5.0,0.65,10.0,0.04,0.04,0.093129,1776220933000
1776220934.995,134.995,0.38,5.0,0.35,10.0,0.42,5.0,0.45,5.0,0.58,5.0,0.55,5.0,0.62,5.0,0.65,10.0,0.04,0.04,0.093127,1776220934000
1776220935.986,135.986,0.38,5.0,0.35,10.0,0.42,5.0,0.45,5.0,0.58,5.0,0.55,5.0,0.62,5.0,0.65,10.0,0.04,0.04,0.093127,1776220935000
1776220937.117,137.117,0.38,5.0,0.35,10.0,0.42,5.0,0.45,5.0,0.58,5.0,0.55,5.0,0.62,5.0,0.65,10.0,0.04,0.04,0.093127,1776220936000
1776220938.128,138.128,0.38,5.0,0.35,10.0,0.42,5.0,0.45,5.0,0.58,5.0,0.55,5.0,0.62,5.0,0.65,10.0,0.04,0.04,0.093127,1776220937000
1776220939.152,139.152,0.38,5.0,0.35,10.0,0.42,5.0,0.45,5.0,0.58,5.0,0.55,5.0,0.62,5.0,0.65,10.0,0.04,0.04,0.093127,1776220938000
1776220940.24,140.24,0.38,5.0,0.35,10.0,0.42,5.0,0.45,5.0,0.58,5.0,0.55,5.0,0.62,5.0,0.65,10.0,0.04,0.04,0.093127,1776220939000
1776220941.271,141.271,0.38,5.0,0.35,10.0,0.42,5.0,0.45,5.0,0.58,5.0,0.55,5.0,0.62,5.0,0.65,10.0,0.04,0.04,0.093126,1776220940000
1776220942.287,142.287,0.38,5.0,0.35,10.0,0.42,5.0,0.45,5.0,0.58,5.0,0.55,5.0,0.62,5.0,0.65,10.0,0.04,0.04,0.093126,1776220941000
1776220943.409,143.409,0.38,5.0,0.35,10.0,0.42,5.0,0.45,5.0,0.58,5.0,0.55,5.0,0.62,5.0,0.65,10.0,0.04,0.04,0.093127,1776220942000
1776220944.058,144.058,0.38,5.0,0.35,10.0,0.42,5.0,0.45,5.0,0.58,5.0,0.55,5.0,0.62,5.0,0.65,10.0,0.04,0.04,0.093127,1776220943000
1776220944.978,144.978,0.38,5.0,0.35,10.0,0.42,5.0,0.45,5.0,0.58,5.0,0.55,5.0,0.62,5.0,0.65,10.0,0.04,0.04,0.093125,1776220944000
1776220946.131,146.131,0.38,5.0,0.35,10.0,0.42,5.0,0.45,5.0,0.58,5.0,0.55,5.0,0.62,5.0,0.65,10.0,0.04,0.04,0.093125,1776220945000
1776220947.544,147.544,0.38,5.0,0.35,10.0,0.42,5.0,0.45,5.0,0.58,5.0,0.55,5.0,0.62,5.0,0.65,10.0,0.04,0.04,0.093123,1776220946000
1776220948.112,148.112,0.38,5.0,0.35,10.0,0.42,5.0,0.45,5.0,0.58,5.0,0.55,5.0,0.62,5.0,0.65,10.0,0.04,0.04,0.093123,1776220947000
1776220948.95,148.95,0.36,5.0,0.33,11.0,0.39,5.0,0.49,20.0,0.58,5.0,0.55,5.0,0.62,5.0,0.65,10.0,0.03,0.04,0.093123,1776220947000
1776220950.104,150.104,0.36,5.0,0.33,11.0,0.39,5.0,0.49,20.0,0.61,5.0,0.51,20.0,0.64,5.0,0.67,11.0,0.03,0.03,0.093113,1776220949000
1776220951.121,151.121,0.36,5.0,0.33,11.0,0.39,5.0,0.49,20.0,0.61,5.0,0.51,20.0,0.64,5.0,0.67,11.0,0.03,0.03,0.093108,1776220950000
1776220952.205,152.205,0.36,5.0,0.33,11.0,0.39,5.0,0.49,20.0,0.61,5.0,0.51,20.0,0.64,5.0,0.67,11.0,0.03,0.03,0.093107,1776220951000
1776220953.23,153.23,0.36,5.0,0.33,11.0,0.39,5.0,0.49,20.0,0.61,5.0,0.51,20.0,0.64,5.0,0.67,11.0,0.03,0.03,0.093106,1776220952000
1776220953.856,153.856,0.26,11.31,0.25,18.9,0.36,17.0,0.37,5.0,0.61,5.0,0.51,20.0,0.64,5.0,0.67,11.0,0.1,0.03,0.093106,1776220952000
1776220954.226,154.226,0.26,11.31,0.25,18.9,0.36,17.0,0.37,5.0,0.64,17.0,0.63,5.0,0.74,11.31,0.75,18.9,0.1,0.1,0.093103,1776220953000
1776220954.435,154.435,0.26,6.31,0.25,18.9,0.37,5.0,0.39,5.0,0.64,17.0,0.63,5.0,0.74,11.31,0.75,18.9,0.11,0.1,0.093103,1776220953000
1776220955.366,155.366,0.26,6.31,0.25,18.9,0.37,5.0,0.39,5.0,0.63,5.0,0.61,5.0,0.74,6.31,0.75,18.9,0.11,0.11,0.093102,1776220954000
1776220955.934,155.934,0.26,6.31,0.25,18.9,0.37,5.0,0.39,5.0,0.63,5.0,0.61,5.0,0.74,6.31,0.75,18.9,0.11,0.11,0.093102,1776220955000
1776220956.917,156.917,0.26,6.31,0.25,18.9,0.37,5.0,0.39,5.0,0.63,5.0,0.61,5.0,0.74,6.31,0.75,18.9,0.11,0.11,0.093101,1776220956000
1776220958.045,158.045,0.26,6.31,0.25,18.9,0.37,5.0,0.39,5.0,0.63,5.0,0.61,5.0,0.74,6.31,0.75,18.9,0.11,0.11,0.093102,1776220957000
1776220959.151,159.151,0.26,6.31,0.25,18.9,0.37,5.0,0.39,5.0,0.63,5.0,0.61,5.0,0.74,6.31,0.75,18.9,0.11,0.11,0.093103,1776220958000
1776220960.161,160.161,0.26,6.31,0.25,18.9,0.37,5.0,0.39,5.0,0.63,5.0,0.61,5.0,0.74,6.31,0.75,18.9,0.11,0.11,0.093103,1776220959000
1776220961.385,161.385,0.26,6.31,0.25,18.9,0.37,5.0,0.39,5.0,0.63,5.0,0.61,5.0,0.74,6.31,0.75,18.9,0.11,0.11,0.093103,1776220960000
1776220961.948,161.948,0.26,6.31,0.25,18.9,0.37,5.0,0.39,5.0,0.63,5.0,0.61,5.0,0.74,6.31,0.75,18.9,0.11,0.11,0.093103,1776220961000
1776220962.89,162.89,0.26,6.31,0.25,18.9,0.37,5.0,0.39,5.0,0.63,5.0,0.61,5.0,0.74,6.31,0.75,18.9,0.11,0.11,0.093103,1776220962000
1776220963.9,163.9,0.26,6.31,0.25,18.9,0.37,5.0,0.39,5.0,0.63,5.0,0.61,5.0,0.74,6.31,0.75,18.9,0.11,0.11,0.093102,1776220963000
1776220964.822,164.822,0.26,6.31,0.25,18.9,0.37,5.0,0.39,5.0,0.63,5.0,0.61,5.0,0.74,6.31,0.75,18.9,0.11,0.11,0.0931,1776220964000
1776220965.834,165.834,0.26,6.31,0.25,18.9,0.37,5.0,0.39,5.0,0.63,5.0,0.61,5.0,0.74,6.31,0.75,18.9,0.11,0.11,0.0931,1776220965000
1776220966.836,166.836,0.26,6.31,0.25,18.9,0.37,5.0,0.39,5.0,0.63,5.0,0.61,5.0,0.74,6.31,0.75,18.9,0.11,0.11,0.093101,1776220966000
1776220968.274,168.274,0.26,6.31,0.25,18.9,0.37,5.0,0.39,5.0,0.63,5.0,0.61,5.0,0.74,6.31,0.75,18.9,0.11,0.11,0.0931,1776220967000
1776220969.291,169.291,0.26,6.31,0.25,18.9,0.37,5.0,0.39,5.0,0.63,5.0,0.61,5.0,0.74,6.31,0.75,18.9,0.11,0.11,0.0931,1776220968000
1776220970.255,170.255,0.26,6.31,0.25,18.9,0.37,5.0,0.39,5.0,0.63,5.0,0.61,5.0,0.74,6.31,0.75,18.9,0.11,0.11,0.0931,1776220969000
1776220971.239,171.239,0.26,6.31,0.25,18.9,0.37,5.0,0.39,5.0,0.63,5.0,0.61,5.0,0.74,6.31,0.75,18.9,0.11,0.11,0.0931,1776220970000
1776220972.333,172.333,0.26,6.31,0.25,18.9,0.37,5.0,0.39,5.0,0.63,5.0,0.61,5.0,0.74,6.31,0.75,18.9,0.11,0.11,0.093101,1776220971000
1776220973.219,173.219,0.26,6.31,0.25,18.9,0.37,5.0,0.39,5.0,0.63,5.0,0.61,5.0,0.74,6.31,0.75,18.9,0.11,0.11,0.093101,1776220972000
1776220974.236,174.236,0.26,6.31,0.25,18.9,0.37,5.0,0.39,5.0,0.63,5.0,0.61,5.0,0.74,6.31,0.75,18.9,0.11,0.11,0.093101,1776220973000
1776220975.198,175.198,0.26,6.31,0.25,18.9,0.37,5.0,0.39,5.0,0.63,5.0,0.61,5.0,0.74,6.31,0.75,18.9,0.11,0.11,0.093101,1776220974000
1776220976.342,176.342,0.26,6.31,0.25,18.9,0.37,5.0,0.39,5.0,0.63,5.0,0.61,5.0,0.74,6.31,0.75,18.9,0.11,0.11,0.093106,1776220975000
1776220976.813,176.813,0.26,6.31,0.25,18.9,0.37,5.0,0.39,5.0,0.63,5.0,0.61,5.0,0.74,6.31,0.75,18.9,0.11,0.11,0.093106,1776220976000
1776220977.929,177.929,0.26,6.31,0.25,18.9,0.37,5.0,0.39,5.0,0.63,5.0,0.61,5.0,0.74,6.31,0.75,18.9,0.11,0.11,0.093106,1776220977000
1776220978.959,178.959,0.26,6.31,0.25,18.9,0.37,5.0,0.39,5.0,0.63,5.0,0.61,5.0,0.74,6.31,0.75,18.9,0.11,0.11,0.093106,1776220978000
1776220980.009,180.009,0.26,6.31,0.25,18.9,0.37,5.0,0.39,5.0,0.63,5.0,0.61,5.0,0.74,6.31,0.75,18.9,0.11,0.11,0.093108,1776220979000
1776220980.934,180.934,0.26,6.31,0.25,18.9,0.37,5.0,0.39,5.0,0.63,5.0,0.61,5.0,0.74,6.31,0.75,18.9,0.11,0.11,0.093112,1776220980000
1776220982.005,182.005,0.26,6.31,0.25,18.9,0.37,5.0,0.39,5.0,0.63,5.0,0.61,5.0,0.74,6.31,0.75,18.9,0.11,0.11,0.093119,1776220981000
1776220983.031,183.031,0.26,6.31,0.25,18.9,0.37,5.0,0.39,5.0,0.63,5.0,0.61,5.0,0.74,6.31,0.75,18.9,0.11,0.11,0.093113,1776220982000
1776220983.894,183.894,0.29,9.61,0.28,12.9,0.41,15.0,0.42,5.0,0.63,5.0,0.61,5.0,0.74,6.31,0.75,18.9,0.12,0.11,0.093113,1776220982000
1776220985.032,185.032,0.29,9.61,0.28,12.9,0.41,15.0,0.42,5.0,0.59,15.0,0.58,5.0,0.71,9.61,0.72,12.9,0.12,0.12,0.093112,1776220984000
1776220986.146,186.146,0.29,9.61,0.28,12.9,0.41,15.0,0.42,5.0,0.59,15.0,0.58,5.0,0.71,9.61,0.72,12.9,0.12,0.12,0.093112,1776220985000
1776220987.681,187.681,0.29,9.61,0.28,12.9,0.41,15.0,0.42,5.0,0.59,15.0,0.58,5.0,0.71,9.61,0.72,12.9,0.12,0.12,0.093112,1776220986000
1776220988.23,188.23,0.29,9.61,0.28,12.9,0.41,15.0,0.42,5.0,0.59,15.0,0.58,5.0,0.71,9.61,0.72,12.9,0.12,0.12,0.093112,1776220987000
1776220989.319,189.319,0.29,9.61,0.28,12.9,0.41,15.0,0.42,5.0,0.59,15.0,0.58,5.0,0.71,9.61,0.72,12.9,0.12,0.12,0.093113,1776220988000
1776220989.952,189.952,0.29,9.61,0.28,12.9,0.41,15.0,0.42,5.0,0.59,15.0,0.58,5.0,0.71,9.61,0.72,12.9,0.12,0.12,0.093113,1776220989000
1776220991.058,191.058,0.29,9.61,0.28,12.9,0.41,15.0,0.42,5.0,0.59,15.0,0.58,5.0,0.71,9.61,0.72,12.9,0.12,0.12,0.093112,1776220990000
1776220992.314,192.314,0.29,9.61,0.28,12.9,0.41,15.0,0.42,5.0,0.59,15.0,0.58,5.0,0.71,9.61,0.72,12.9,0.12,0.12,0.093114,1776220991000
1776220993.537,193.537,0.29,9.61,0.28,12.9,0.41,15.0,0.42,5.0,0.59,15.0,0.58,5.0,0.71,9.61,0.72,12.9,0.12,0.12,0.093113,1776220992000
1776220994.127,194.127,0.29,9.61,0.28,12.9,0.41,15.0,0.42,5.0,0.59,15.0,0.58,5.0,0.71,9.61,0.72,12.9,0.12,0.12,0.093112,1776220993000
1776220995.261,195.261,0.29,9.61,0.28,12.9,0.41,15.0,0.42,5.0,0.59,15.0,0.58,5.0,0.71,9.61,0.72,12.9,0.12,0.12,0.093111,1776220994000
1776220996.354,196.354,0.29,9.61,0.28,12.9,0.41,15.0,0.42,5.0,0.59,15.0,0.58,5.0,0.71,9.61,0.72,12.9,0.12,0.12,0.093111,1776220995000
1776220996.943,196.943,0.29,9.61,0.28,12.9,0.41,15.0,0.42,5.0,0.59,15.0,0.58,5.0,0.71,9.61,0.72,12.9,0.12,0.12,0.093112,1776220996000
1776220998.094,198.094,0.29,9.61,0.28,12.9,0.41,15.0,0.42,5.0,0.59,15.0,0.58,5.0,0.71,9.61,0.72,12.9,0.12,0.12,0.093112,1776220997000
1776220999.263,199.263,0.29,9.61,0.28,12.9,0.41,15.0,0.42,5.0,0.59,15.0,0.58,5.0,0.71,9.61,0.72,12.9,0.12,0.12,0.093113,1776220998000
1776221000.41,200.41,0.29,9.61,0.28,12.9,0.41,15.0,0.42,5.0,0.59,15.0,0.58,5.0,0.71,9.61,0.72,12.9,0.12,0.12,0.093113,1776220999000
1776221000.959,200.959,0.29,9.61,0.28,12.9,0.41,15.0,0.42,5.0,0.59,15.0,0.58,5.0,0.71,9.61,0.72,12.9,0.12,0.12,0.093111,1776221000000
1776221003.048,203.048,0.29,9.61,0.28,12.9,0.41,15.0,0.42,5.0,0.59,15.0,0.58,5.0,0.71,9.61,0.72,12.9,0.12,0.12,0.093111,1776221002000
1776221004.252,204.252,0.29,9.61,0.28,12.9,0.41,15.0,0.42,5.0,0.59,15.0,0.58,5.0,0.71,9.61,0.72,12.9,0.12,0.12,0.093113,1776221003000
1776221005.72,205.72,0.29,9.61,0.28,12.9,0.41,15.0,0.42,5.0,0.59,15.0,0.58,5.0,0.71,9.61,0.72,12.9,0.12,0.12,0.093113,1776221004000
1776221006.33,206.33,0.29,9.61,0.28,12.9,0.41,15.0,0.42,5.0,0.59,15.0,0.58,5.0,0.71,9.61,0.72,12.9,0.12,0.12,0.093113,1776221005000
1776221007.072,207.072,0.29,9.61,0.28,12.9,0.41,15.0,0.42,5.0,0.59,15.0,0.58,5.0,0.71,9.61,0.72,12.9,0.12,0.12,0.093113,1776221006000
1776221008.569,208.569,0.29,9.61,0.28,12.9,0.41,15.0,0.42,5.0,0.59,15.0,0.58,5.0,0.71,9.61,0.72,12.9,0.12,0.12,0.093112,1776221007000
1776221009.176,209.176,0.29,9.61,0.28,12.9,0.41,15.0,0.42,5.0,0.59,15.0,0.58,5.0,0.71,9.61,0.72,12.9,0.12,0.12,0.093113,1776221008000
1776221010.633,210.633,0.29,9.61,0.28,12.9,0.41,15.0,0.42,5.0,0.59,15.0,0.58,5.0,0.71,9.61,0.72,12.9,0.12,0.12,0.093112,1776221009000
1776221011.362,211.362,0.29,9.61,0.28,12.9,0.41,15.0,0.42,5.0,0.59,15.0,0.58,5.0,0.71,9.61,0.72,12.9,0.12,0.12,0.093112,1776221010000
1776221012.093,212.093,0.29,9.61,0.28,12.9,0.41,15.0,0.42,5.0,0.59,15.0,0.58,5.0,0.71,9.61,0.72,12.9,0.12,0.12,0.093112,1776221011000
1776221013.493,213.493,0.29,9.61,0.28,12.9,0.41,15.0,0.42,5.0,0.59,15.0,0.58,5.0,0.71,9.61,0.72,12.9,0.12,0.12,0.093111,1776221012000
1776221014.178,214.178,0.29,9.61,0.28,12.9,0.41,15.0,0.42,5.0,0.59,15.0,0.58,5.0,0.71,9.61,0.72,12.9,0.12,0.12,0.093111,1776221013000
1776221015.645,215.645,0.29,9.61,0.28,12.9,0.41,15.0,0.42,5.0,0.59,15.0,0.58,5.0,0.71,9.61,0.72,12.9,0.12,0.12,0.09311,1776221014000
1776221016.149,216.149,0.29,9.61,0.28,12.9,0.41,15.0,0.42,5.0,0.59,15.0,0.58,5.0,0.71,9.61,0.72,12.9,0.12,0.12,0.09311,1776221015000
1776221017.453,217.453,0.29,9.61,0.28,12.9,0.41,15.0,0.42,5.0,0.59,15.0,0.58,5.0,0.71,9.61,0.72,12.9,0.12,0.12,0.093114,1776221016000
1776221018.184,218.184,0.29,9.61,0.28,12.9,0.41,15.0,0.42,5.0,0.59,15.0,0.58,5.0,0.71,9.61,0.72,12.9,0.12,0.12,0.093115,1776221017000
1776221019.446,219.446,0.29,9.61,0.28,12.9,0.41,15.0,0.42,5.0,0.59,15.0,0.58,5.0,0.71,9.61,0.72,12.9,0.12,0.12,0.093114,1776221018000
1776221020.519,220.519,0.29,9.61,0.28,12.9,0.41,15.0,0.42,5.0,0.59,15.0,0.58,5.0,0.71,9.61,0.72,12.9,0.12,0.12,0.093115,1776221019000
1776221020.853,220.853,0.29,9.61,0.28,12.9,0.41,15.0,0.42,5.0,0.59,15.0,0.58,5.0,0.71,9.61,0.72,12.9,0.12,0.12,0.093112,1776221020000
1776221021.918,221.918,0.29,9.61,0.28,12.9,0.41,15.0,0.42,5.0,0.59,15.0,0.58,5.0,0.71,9.61,0.72,12.9,0.12,0.12,0.093113,1776221021000
1776221022.949,222.949,0.29,9.61,0.28,12.9,0.41,15.0,0.42,5.0,0.59,15.0,0.58,5.0,0.71,9.61,0.72,12.9,0.12,0.12,0.093114,1776221022000
1776221023.859,223.859,0.29,9.61,0.28,12.9,0.41,15.0,0.42,5.0,0.59,15.0,0.58,5.0,0.71,9.61,0.72,12.9,0.12,0.12,0.093114,1776221023000
1776221025.229,225.229,0.29,9.61,0.28,12.9,0.41,15.0,0.42,5.0,0.59,15.0,0.58,5.0,0.71,9.61,0.72,12.9,0.12,0.12,0.093116,1776221024000
1776221026.347,226.347,0.29,9.61,0.28,12.9,0.41,15.0,0.42,5.0,0.59,15.0,0.58,5.0,0.71,9.61,0.72,12.9,0.12,0.12,0.093116,1776221025000
1776221026.948,226.948,0.29,9.61,0.28,12.9,0.41,15.0,0.42,5.0,0.59,15.0,0.58,5.0,0.71,9.61,0.72,12.9,0.12,0.12,0.093115,1776221026000
1776221028.032,228.032,0.29,9.61,0.28,12.9,0.41,15.0,0.42,5.0,0.59,15.0,0.58,5.0,0.71,9.61,0.72,12.9,0.12,0.12,0.093114,1776221027000
1776221029.429,229.429,0.29,9.61,0.28,12.9,0.41,15.0,0.42,5.0,0.59,15.0,0.58,5.0,0.71,9.61,0.72,12.9,0.12,0.12,0.093117,1776221028000
1776221029.85,229.85,0.29,9.61,0.28,12.9,0.41,15.0,0.42,5.0,0.59,15.0,0.58,5.0,0.71,9.61,0.72,12.9,0.12,0.12,0.093117,1776221029000
1776221031.06,231.06,0.29,9.61,0.28,12.9,0.41,15.0,0.42,5.0,0.59,15.0,0.58,5.0,0.71,9.61,0.72,12.9,0.12,0.12,0.093115,1776221030000
1776221032.179,232.179,0.29,9.61,0.28,12.9,0.41,15.0,0.42,5.0,0.59,15.0,0.58,5.0,0.71,9.61,0.72,12.9,0.12,0.12,0.093116,1776221031000
1776221033.401,233.401,0.29,9.61,0.28,12.9,0.41,15.0,0.42,5.0,0.59,15.0,0.58,5.0,0.71,9.61,0.72,12.9,0.12,0.12,0.093115,1776221032000
1776221033.931,233.931,0.29,9.61,0.28,12.9,0.41,15.0,0.42,5.0,0.59,15.0,0.58,5.0,0.71,9.61,0.72,12.9,0.12,0.12,0.093114,1776221033000
1776221035.414,235.414,0.29,9.61,0.28,12.9,0.41,15.0,0.42,5.0,0.59,15.0,0.58,5.0,0.71,9.61,0.72,12.9,0.12,0.12,0.093111,1776221034000
1776221036.373,236.373,0.29,9.61,0.28,12.9,0.41,15.0,0.42,5.0,0.59,15.0,0.58,5.0,0.71,9.61,0.72,12.9,0.12,0.12,0.09311,1776221035000
1776221037.338,237.338,0.29,9.61,0.28,12.9,0.41,15.0,0.42,5.0,0.59,15.0,0.58,5.0,0.71,9.61,0.72,12.9,0.12,0.12,0.093109,1776221036000
1776221038.355,238.355,0.29,9.61,0.28,12.9,0.41,15.0,0.42,5.0,0.59,15.0,0.58,5.0,0.71,9.61,0.72,12.9,0.12,0.12,0.093109,1776221037000
1776221039.278,239.278,0.29,9.61,0.28,12.9,0.41,15.0,0.42,5.0,0.59,15.0,0.58,5.0,0.71,9.61,0.72,12.9,0.12,0.12,0.093105,1776221038000
1776221040.257,240.257,0.29,9.61,0.28,12.9,0.41,15.0,0.42,5.0,0.59,15.0,0.58,5.0,0.71,9.61,0.72,12.9,0.12,0.12,0.093108,1776221039000
1776221041.172,241.172,0.29,9.61,0.28,12.9,0.41,15.0,0.42,5.0,0.59,15.0,0.58,5.0,0.71,9.61,0.72,12.9,0.12,0.12,0.093105,1776221040000
1776221042.205,242.205,0.29,9.61,0.28,12.9,0.41,15.0,0.42,5.0,0.59,15.0,0.58,5.0,0.71,9.61,0.72,12.9,0.12,0.12,0.093104,1776221041000
1776221043.15,243.15,0.29,9.61,0.28,12.9,0.41,15.0,0.42,5.0,0.59,15.0,0.58,5.0,0.71,9.61,0.72,12.9,0.12,0.12,0.093105,1776221042000
1776221044.177,244.177,0.29,9.61,0.28,12.9,0.41,15.0,0.42,5.0,0.59,15.0,0.58,5.0,0.71,9.61,0.72,12.9,0.12,0.12,0.093105,1776221043000
1776221045.137,245.137,0.29,9.61,0.28,12.9,0.41,15.0,0.42,5.0,0.59,15.0,0.58,5.0,0.71,9.61,0.72,12.9,0.12,0.12,0.093106,1776221044000
1776221046.091,246.091,0.29,9.61,0.28,12.9,0.41,15.0,0.42,5.0,0.59,15.0,0.58,5.0,0.71,9.61,0.72,12.9,0.12,0.12,0.093106,1776221045000
1776221047.925,247.925,0.29,9.61,0.28,12.9,0.41,15.0,0.42,5.0,0.59,15.0,0.58,5.0,0.71,9.61,0.72,12.9,0.12,0.12,0.093106,1776221046000
1776221048.7,248.7,0.29,9.61,0.28,12.9,0.41,15.0,0.42,5.0,0.59,15.0,0.58,5.0,0.71,9.61,0.72,12.9,0.12,0.12,0.093106,1776221047000
1776221049.375,249.375,0.29,9.61,0.28,12.9,0.41,15.0,0.42,5.0,0.59,15.0,0.58,5.0,0.71,9.61,0.72,12.9,0.12,0.12,0.093106,1776221048000
1776221050.032,250.032,0.29,9.61,0.28,12.9,0.41,15.0,0.42,5.0,0.59,15.0,0.58,5.0,0.71,9.61,0.72,12.9,0.12,0.12,0.093106,1776221049000
1776221051.36,251.36,0.29,9.61,0.28,12.9,0.41,15.0,0.42,5.0,0.59,15.0,0.58,5.0,0.71,9.61,0.72,12.9,0.12,0.12,0.093106,1776221050000
1776221051.927,251.927,0.29,9.61,0.28,12.9,0.41,15.0,0.42,5.0,0.59,15.0,0.58,5.0,0.71,9.61,0.72,12.9,0.12,0.12,0.093106,1776221051000
1776221053.219,253.219,0.29,9.61,0.28,12.9,0.41,15.0,0.42,5.0,0.59,15.0,0.58,5.0,0.71,9.61,0.72,12.9,0.12,0.12,0.093106,1776221052000
1776221054.493,254.493,0.29,9.61,0.28,12.9,0.41,15.0,0.42,5.0,0.59,15.0,0.58,5.0,0.71,9.61,0.72,12.9,0.12,0.12,0.093106,1776221053000
1776221055.054,255.054,0.29,9.61,0.28,12.9,0.41,15.0,0.42,5.0,0.59,15.0,0.58,5.0,0.71,9.61,0.72,12.9,0.12,0.12,0.093106,1776221054000
1776221056.204,256.204,0.29,9.61,0.28,12.9,0.41,15.0,0.42,5.0,0.59,15.0,0.58,5.0,0.71,9.61,0.72,12.9,0.12,0.12,0.093106,1776221055000
1776221057.49,257.49,0.29,9.61,0.28,12.9,0.41,15.0,0.42,5.0,0.59,15.0,0.58,5.0,0.71,9.61,0.72,12.9,0.12,0.12,0.093106,1776221056000
1776221058.042,258.042,0.29,9.61,0.28,12.9,0.41,15.0,0.42,5.0,0.59,15.0,0.58,5.0,0.71,9.61,0.72,12.9,0.12,0.12,0.093106,1776221057000
1776221059.232,259.232,0.29,9.61,0.28,12.9,0.41,15.0,0.42,5.0,0.59,15.0,0.58,5.0,0.71,9.61,0.72,12.9,0.12,0.12,0.093106,1776221058000
1776221060.498,260.498,0.29,9.61,0.28,12.9,0.41,15.0,0.42,5.0,0.59,15.0,0.58,5.0,0.71,9.61,0.72,12.9,0.12,0.12,0.093106,1776221059000
1776221061.109,261.109,0.29,9.61,0.28,12.9,0.41,15.0,0.42,5.0,0.59,15.0,0.58,5.0,0.71,9.61,0.72,12.9,0.12,0.12,0.093106,1776221060000
1776221062.408,262.408,0.29,9.61,0.28,12.9,0.41,15.0,0.42,5.0,0.59,15.0,0.58,5.0,0.71,9.61,0.72,12.9,0.12,0.12,0.093106,1776221061000
1776221063.041,263.041,0.29,9.61,0.28,12.9,0.41,15.0,0.42,5.0,0.59,15.0,0.58,5.0,0.71,9.61,0.72,12.9,0.12,0.12,0.093106,1776221062000
1776221064.219,264.219,0.29,9.61,0.28,12.9,0.41,15.0,0.42,5.0,0.59,15.0,0.58,5.0,0.71,9.61,0.72,12.9,0.12,0.12,0.093106,1776221063000
1776221065.661,265.661,0.29,9.61,0.28,12.9,0.41,15.0,0.42,5.0,0.59,15.0,0.58,5.0,0.71,9.61,0.72,12.9,0.12,0.12,0.093106,1776221064000
1776221066.301,266.301,0.29,9.61,0.28,12.9,0.41,15.0,0.42,5.0,0.59,15.0,0.58,5.0,0.71,9.61,0.72,12.9,0.12,0.12,0.093106,1776221065000
1776221067.009,267.009,0.29,9.61,0.28,12.9,0.41,15.0,0.42,5.0,0.59,15.0,0.58,5.0,0.71,9.61,0.72,12.9,0.12,0.12,0.093106,1776221066000
1776221068.535,268.535,0.29,9.61,0.28,12.9,0.41,15.0,0.42,5.0,0.59,15.0,0.58,5.0,0.71,9.61,0.72,12.9,0.12,0.12,0.093106,1776221067000
1776221069.236,269.236,0.29,9.61,0.28,12.9,0.41,15.0,0.42,5.0,0.59,15.0,0.58,5.0,0.71,9.61,0.72,12.9,0.12,0.12,0.093106,1776221068000
1776221070.501,270.501,0.29,9.61,0.28,12.9,0.41,15.0,0.42,5.0,0.59,15.0,0.58,5.0,0.71,9.61,0.72,12.9,0.12,0.12,0.093102,1776221069000
1776221071.074,271.074,0.29,9.61,0.28,12.9,0.41,15.0,0.42,5.0,0.59,15.0,0.58,5.0,0.71,9.61,0.72,12.9,0.12,0.12,0.093101,1776221070000
1776221072.273,272.273,0.29,9.61,0.28,12.9,0.41,15.0,0.42,5.0,0.59,15.0,0.58,5.0,0.71,9.61,0.72,12.9,0.12,0.12,0.093101,1776221071000
1776221073.697,273.697,0.29,9.61,0.28,12.9,0.41,15.0,0.42,5.0,0.59,15.0,0.58,5.0,0.71,9.61,0.72,12.9,0.12,0.12,0.093103,1776221072000
1776221074.31,274.31,0.29,9.61,0.28,12.9,0.41,15.0,0.42,5.0,0.59,15.0,0.58,5.0,0.71,9.61,0.72,12.9,0.12,0.12,0.093103,1776221073000
1776221075.609,275.609,0.29,9.61,0.28,12.9,0.41,15.0,0.42,5.0,0.59,15.0,0.58,5.0,0.71,9.61,0.72,12.9,0.12,0.12,0.093101,1776221074000
1776221076.23,276.23,0.29,9.61,0.28,12.9,0.41,15.0,0.42,5.0,0.59,15.0,0.58,5.0,0.71,9.61,0.72,12.9,0.12,0.12,0.093101,1776221075000
1776221077.643,277.643,0.29,9.61,0.28,12.9,0.41,15.0,0.42,5.0,0.59,15.0,0.58,5.0,0.71,9.61,0.72,12.9,0.12,0.12,0.093101,1776221076000
1776221078.257,278.257,0.29,9.61,0.28,12.9,0.41,15.0,0.42,5.0,0.59,15.0,0.58,5.0,0.71,9.61,0.72,12.9,0.12,0.12,0.093101,1776221077000
1776221079.695,279.695,0.29,9.61,0.28,12.9,0.41,15.0,0.42,5.0,0.59,15.0,0.58,5.0,0.71,9.61,0.72,12.9,0.12,0.12,0.093104,1776221078000
1776221080.294,280.294,0.29,9.61,0.28,12.9,0.41,15.0,0.42,5.0,0.59,15.0,0.58,5.0,0.71,9.61,0.72,12.9,0.12,0.12,0.093106,1776221079000
1776221081.433,281.433,0.29,9.61,0.28,12.9,0.41,15.0,0.42,5.0,0.59,15.0,0.58,5.0,0.71,9.61,0.72,12.9,0.12,0.12,0.093106,1776221080000
1776221082.524,282.524,0.29,9.61,0.28,12.9,0.41,15.0,0.42,5.0,0.59,15.0,0.58,5.0,0.71,9.61,0.72,12.9,0.12,0.12,0.093106,1776221081000
1776221083.152,283.152,0.03,100.0,0.02,15.0,0.21,50.0,0.31,50.0,0.79,50.0,0.69,50.0,0.97,100.0,0.98,15.0,0.18,0.18,0.093109,1776221082000
1776221084.887,284.887,0.03,100.0,0.02,15.0,0.21,50.0,0.31,50.0,0.79,50.0,0.69,50.0,0.97,100.0,0.98,15.0,0.18,0.18,0.093109,1776221083000
1776221085.729,285.729,0.03,100.0,0.02,15.0,0.21,50.0,0.31,50.0,0.79,50.0,0.69,50.0,0.97,100.0,0.98,15.0,0.18,0.18,0.09311,1776221084000
1776221086.403,286.403,0.03,100.0,0.02,15.0,0.21,50.0,0.31,50.0,0.79,50.0,0.69,50.0,0.97,100.0,0.98,15.0,0.18,0.18,0.093108,1776221085000
1776221087.065,287.065,0.03,100.0,0.02,15.0,0.21,50.0,0.31,50.0,0.79,50.0,0.69,50.0,0.97,100.0,0.98,15.0,0.18,0.18,0.093107,1776221086000
1776221088.147,288.147,0.11,50.0,0.03,80.0,0.41,42.75,0.51,50.0,0.79,63.0,0.69,50.0,0.97,80.0,0.98,15.0,0.3,0.18,0.093107,1776221086000
1776221088.964,288.964,0.11,50.0,0.03,80.0,0.41,35.5,0.51,50.0,0.59,35.5,0.49,50.0,0.89,50.0,0.97,80.0,0.3,0.3,0.093111,1776221088000
1776221089.488,289.488,0.11,50.0,0.03,80.0,0.41,21.0,0.51,50.0,0.59,28.25,0.49,50.0,0.89,50.0,0.97,80.0,0.3,0.3,0.093111,1776221088000
1776221090.304,290.304,0.11,50.0,0.03,80.0,0.41,21.0,0.51,50.0,0.59,21.0,0.49,50.0,0.89,50.0,0.97,80.0,0.3,0.3,0.093115,1776221089000
1776221090.569,290.569,0.11,48.74,0.03,80.0,0.41,71.0,0.51,50.0,0.59,21.0,0.49,50.0,0.79,45.0,0.89,50.0,0.3,0.2,0.093115,1776221089000
1776221091.249,291.249,0.11,48.74,0.03,80.0,0.41,71.0,0.51,50.0,0.59,71.0,0.49,50.0,0.89,48.74,0.97,80.0,0.3,0.3,0.093124,1776221090000
1776221091.899,291.899,0.11,45.4,0.03,80.0,0.41,71.0,0.51,50.0,0.59,71.0,0.49,50.0,0.89,48.74,0.97,80.0,0.3,0.3,0.093124,1776221090000
1776221092.441,292.441,0.11,45.4,0.03,80.0,0.41,71.0,0.51,50.0,0.59,71.0,0.49,50.0,0.89,45.4,0.97,80.0,0.3,0.3,0.093129,1776221091000
1776221093.246,293.246,0.11,45.4,0.03,80.0,0.41,71.0,0.51,50.0,0.59,71.0,0.49,50.0,0.89,45.4,0.97,80.0,0.3,0.3,0.093129,1776221092000
1776221094.752,294.752,0.11,45.4,0.03,80.0,0.41,71.0,0.51,50.0,0.59,71.0,0.49,50.0,0.89,45.4,0.97,80.0,0.3,0.3,0.093126,1776221093000
1776221095.591,295.591,0.11,45.4,0.03,80.0,0.41,71.0,0.51,50.0,0.59,71.0,0.49,50.0,0.89,45.4,0.97,80.0,0.3,0.3,0.093126,1776221094000
1776221096.313,296.313,0.11,45.4,0.03,80.0,0.41,71.0,0.51,50.0,0.59,71.0,0.49,50.0,0.89,45.4,0.97,80.0,0.3,0.3,0.093126,1776221095000
1776221097.063,297.063,0.1,8.78,0.04,25.0,0.31,50.0,0.41,71.0,0.69,50.0,0.59,71.0,0.9,8.78,0.96,25.0,0.21,0.21,0.093126,1776221096000
1776221097.315,297.315,0.1,2.11,0.04,25.0,0.31,50.0,0.41,71.0,0.69,50.0,0.59,71.0,0.9,8.78,0.96,25.0,0.21,0.21,0.093126,1776221096000
1776221098.008,298.008,0.04,14.89,0.03,80.0,0.31,50.0,0.41,71.0,0.69,50.0,0.59,71.0,0.9,0.89,0.96,25.0,0.27,0.21,0.093126,1776221096000
1776221098.421,298.421,0.04,13.75,0.03,80.0,0.31,50.0,0.41,71.0,0.69,50.0,0.59,71.0,0.96,14.89,0.97,80.0,0.27,0.27,0.093126,1776221096000
1776221098.772,298.772,0.03,68.86,0.02,15.0,0.31,50.0,0.41,71.0,0.69,50.0,0.59,71.0,0.96,9.58,0.97,80.0,0.28,0.27,0.093126,1776221097000
1776221099.257,299.257,0.03,58.7,0.02,15.0,0.04,5.87,0.81,5.0,0.69,50.0,0.59,71.0,0.97,68.86,0.98,15.0,0.01,0.28,0.093126,1776221097000
1776221099.835,299.835,0.03,52.54,0.02,15.0,0.04,5.87,0.2,5.0,0.96,5.87,0.19,5.0,0.97,54.61,0.98,15.0,0.01,0.01,0.093126,1776221098000
1776221100.038,300.038,,,,,0.01,94.47,0.04,5.87,0.96,5.87,0.8,5.0,0.97,52.54,0.98,15.0,,0.01,0.093126,1776221098000
1776221100.548,300.548,,,,,0.01,94.47,0.04,5.87,0.99,94.47,0.96,5.87,,,,,,,0.093127,1776221099000
1776221100.92,300.92,,,,,0.01,8080.76,0.04,5.87,0.99,94.47,0.96,5.87,,,,,,,0.093127,1776221099000

# RESULT,winner=Up,slug=doge-updown-5m-1776220800,ticks=304
