timestamp,elapsed_sec,up_bid_p1,up_bid_s1,up_bid_p2,up_bid_s2,up_ask_p1,up_ask_s1,up_ask_p2,up_ask_s2,down_bid_p1,down_bid_s1,down_bid_p2,down_bid_s2,down_ask_p1,down_ask_s1,down_ask_p2,down_ask_s2,up_spread,down_spread,doge_price,doge_oracle_ts
1776189611.43,11.43,0.36,5.0,0.35,5.0,0.45,5.0,0.46,5.0,0.55,5.0,0.54,5.0,0.64,5.0,0.65,5.0,0.09,0.09,0.094714,1776189609000
1776189611.913,11.913,0.36,5.0,0.35,5.0,0.45,5.0,0.46,5.0,0.55,5.0,0.54,5.0,0.64,5.0,0.65,5.0,0.09,0.09,0.094714,1776189609000
1776189612.694,12.694,0.36,5.0,0.35,5.0,0.45,5.0,0.46,5.0,0.55,5.0,0.54,5.0,0.64,5.0,0.65,5.0,0.09,0.09,0.094684,1776189611000
1776189613.25,13.25,0.36,5.0,0.35,5.0,0.45,5.0,0.46,5.0,0.55,5.0,0.54,5.0,0.64,5.0,0.65,5.0,0.09,0.09,0.094671,1776189612000
1776189614.383,14.383,0.36,5.0,0.35,5.0,0.45,5.0,0.46,5.0,0.55,5.0,0.54,5.0,0.64,5.0,0.65,5.0,0.09,0.09,0.094675,1776189613000
1776189614.997,14.997,0.36,5.0,0.35,5.0,0.45,5.0,0.46,5.0,0.55,5.0,0.54,5.0,0.64,5.0,0.65,5.0,0.09,0.09,0.094676,1776189614000
1776189616.16,16.16,0.36,5.0,0.35,5.0,0.45,5.0,0.46,5.0,0.55,5.0,0.54,5.0,0.64,5.0,0.65,5.0,0.09,0.09,0.09471,1776189615000
1776189617.144,17.144,0.36,5.0,0.35,5.0,0.45,5.0,0.46,5.0,0.55,5.0,0.54,5.0,0.64,5.0,0.65,5.0,0.09,0.09,0.094718,1776189616000
1776189618.315,18.315,0.36,5.0,0.35,5.0,0.45,5.0,0.46,5.0,0.55,5.0,0.54,5.0,0.64,5.0,0.65,5.0,0.09,0.09,0.094711,1776189617000
1776189619.349,19.349,0.36,5.0,0.35,5.0,0.45,5.0,0.46,5.0,0.55,5.0,0.54,5.0,0.64,5.0,0.65,5.0,0.09,0.09,0.094709,1776189618000
1776189620.004,20.004,0.36,5.0,0.35,5.0,0.45,5.0,0.46,5.0,0.55,5.0,0.54,5.0,0.64,5.0,0.65,5.0,0.09,0.09,0.094709,1776189619000
1776189621.137,21.137,0.36,5.0,0.35,5.0,0.45,5.0,0.46,5.0,0.55,5.0,0.54,5.0,0.64,5.0,0.65,5.0,0.09,0.09,0.094708,1776189620000
1776189621.65,21.65,0.5,5.0,0.46,10.0,0.56,5.0,0.57,5.0,0.55,5.0,0.54,5.0,0.64,5.0,0.65,5.0,0.06,0.09,0.094708,1776189620000
1776189622.268,22.268,0.5,5.0,0.46,10.0,0.56,5.0,0.57,5.0,0.44,5.0,0.43,5.0,0.5,5.0,0.54,10.0,0.06,0.06,0.094708,1776189621000
1776189623.407,23.407,0.5,5.0,0.46,10.0,0.56,5.0,0.57,5.0,0.44,5.0,0.43,5.0,0.5,5.0,0.54,10.0,0.06,0.06,0.094703,1776189622000
1776189623.98,23.98,0.5,5.0,0.46,10.0,0.56,5.0,0.57,5.0,0.44,5.0,0.43,5.0,0.5,5.0,0.54,10.0,0.06,0.06,0.094707,1776189623000
1776189625.063,25.063,0.44,5.0,0.43,5.0,0.53,5.0,0.54,5.0,0.44,5.0,0.43,5.0,0.5,5.0,0.54,10.0,0.09,0.06,0.094707,1776189623000
1776189626.828,26.828,0.44,5.0,0.43,5.0,0.53,5.0,0.54,5.0,0.47,5.0,0.46,5.0,0.56,5.0,0.57,5.0,0.09,0.09,0.094696,1776189625000
1776189627.254,27.254,0.44,5.0,0.43,5.0,0.53,5.0,0.54,5.0,0.47,5.0,0.46,5.0,0.56,5.0,0.57,5.0,0.09,0.09,0.094694,1776189626000
1776189628.332,28.332,0.44,5.0,0.43,5.0,0.53,5.0,0.54,5.0,0.47,5.0,0.46,5.0,0.56,5.0,0.57,5.0,0.09,0.09,0.094694,1776189627000
1776189629.049,29.049,0.44,5.0,0.43,5.0,0.53,5.0,0.54,5.0,0.47,5.0,0.46,5.0,0.56,5.0,0.57,5.0,0.09,0.09,0.094694,1776189628000
1776189630.066,30.066,0.44,5.0,0.43,5.0,0.53,5.0,0.54,5.0,0.47,5.0,0.46,5.0,0.56,5.0,0.57,5.0,0.09,0.09,0.094698,1776189629000
1776189631.147,31.147,0.44,5.0,0.43,5.0,0.53,5.0,0.54,5.0,0.47,5.0,0.46,5.0,0.56,5.0,0.57,5.0,0.09,0.09,0.094698,1776189630000
1776189632.242,32.242,0.44,5.0,0.43,5.0,0.53,5.0,0.54,5.0,0.47,5.0,0.46,5.0,0.56,5.0,0.57,5.0,0.09,0.09,0.094699,1776189631000
1776189633.357,33.357,0.44,5.0,0.43,5.0,0.53,5.0,0.54,5.0,0.47,5.0,0.46,5.0,0.56,5.0,0.57,5.0,0.09,0.09,0.094699,1776189632000
1776189634.431,34.431,0.44,5.0,0.43,5.0,0.53,5.0,0.54,5.0,0.47,5.0,0.46,5.0,0.56,5.0,0.57,5.0,0.09,0.09,0.094699,1776189633000
1776189635.423,35.423,0.44,5.0,0.43,5.0,0.53,5.0,0.54,5.0,0.47,5.0,0.46,5.0,0.56,5.0,0.57,5.0,0.09,0.09,0.094699,1776189634000
1776189635.992,35.992,0.44,5.0,0.43,5.0,0.53,5.0,0.54,5.0,0.47,5.0,0.46,5.0,0.56,5.0,0.57,5.0,0.09,0.09,0.094699,1776189635000
1776189637.057,37.057,0.44,5.0,0.43,5.0,0.53,5.0,0.54,5.0,0.47,5.0,0.46,5.0,0.56,5.0,0.57,5.0,0.09,0.09,0.094707,1776189636000
1776189638.229,38.229,0.44,5.0,0.43,5.0,0.53,5.0,0.54,5.0,0.47,5.0,0.46,5.0,0.56,5.0,0.57,5.0,0.09,0.09,0.0947,1776189637000
1776189639.194,39.194,0.44,5.0,0.43,5.0,0.53,5.0,0.54,5.0,0.47,5.0,0.46,5.0,0.56,5.0,0.57,5.0,0.09,0.09,0.0947,1776189638000
1776189640.735,40.735,0.44,5.0,0.43,5.0,0.53,5.0,0.54,5.0,0.47,5.0,0.46,5.0,0.56,5.0,0.57,5.0,0.09,0.09,0.0947,1776189639000
1776189641.657,41.657,0.44,5.0,0.43,5.0,0.53,5.0,0.54,5.0,0.47,5.0,0.46,5.0,0.56,5.0,0.57,5.0,0.09,0.09,0.0947,1776189640000
1776189642.339,42.339,0.44,5.0,0.43,5.0,0.53,5.0,0.54,5.0,0.47,5.0,0.46,5.0,0.56,5.0,0.57,5.0,0.09,0.09,0.0947,1776189641000
1776189643.745,43.745,0.44,5.0,0.43,5.0,0.53,5.0,0.54,5.0,0.47,5.0,0.46,5.0,0.56,5.0,0.57,5.0,0.09,0.09,0.0947,1776189642000
1776189644.32,44.32,0.44,5.0,0.43,5.0,0.53,5.0,0.54,5.0,0.47,5.0,0.46,5.0,0.56,5.0,0.57,5.0,0.09,0.09,0.0947,1776189643000
1776189645.022,45.022,0.44,5.0,0.43,5.0,0.53,5.0,0.54,5.0,0.47,5.0,0.46,5.0,0.56,5.0,0.57,5.0,0.09,0.09,0.0947,1776189644000
1776189646.291,46.291,0.44,5.0,0.43,5.0,0.53,5.0,0.54,5.0,0.47,5.0,0.46,5.0,0.56,5.0,0.57,5.0,0.09,0.09,0.0947,1776189645000
1776189647.186,47.186,0.44,5.0,0.43,5.0,0.53,5.0,0.54,5.0,0.47,5.0,0.46,5.0,0.56,5.0,0.57,5.0,0.09,0.09,0.0947,1776189646000
1776189648.237,48.237,0.44,5.0,0.43,5.0,0.53,5.0,0.54,5.0,0.47,5.0,0.46,5.0,0.56,5.0,0.57,5.0,0.09,0.09,0.0947,1776189647000
1776189649.367,49.367,0.44,5.0,0.43,5.0,0.53,5.0,0.54,5.0,0.47,5.0,0.46,5.0,0.56,5.0,0.57,5.0,0.09,0.09,0.0947,1776189648000
1776189650.945,50.945,0.44,5.0,0.43,5.0,0.53,5.0,0.54,5.0,0.47,5.0,0.46,5.0,0.56,5.0,0.57,5.0,0.09,0.09,0.0947,1776189649000
1776189651.7,51.7,0.44,5.0,0.43,5.0,0.53,5.0,0.54,5.0,0.47,5.0,0.46,5.0,0.56,5.0,0.57,5.0,0.09,0.09,0.094699,1776189650000
1776189652.356,52.356,0.44,5.0,0.43,5.0,0.53,5.0,0.54,5.0,0.47,5.0,0.46,5.0,0.56,5.0,0.57,5.0,0.09,0.09,0.094699,1776189651000
1776189653.099,53.099,0.44,5.0,0.43,5.0,0.53,5.0,0.54,5.0,0.47,5.0,0.46,5.0,0.56,5.0,0.57,5.0,0.09,0.09,0.094699,1776189652000
1776189654.453,54.453,0.44,5.0,0.43,5.0,0.53,5.0,0.54,5.0,0.47,5.0,0.46,5.0,0.56,5.0,0.57,5.0,0.09,0.09,0.094698,1776189653000
1776189655.1,55.1,0.44,5.0,0.43,5.0,0.53,5.0,0.54,5.0,0.47,5.0,0.46,5.0,0.56,5.0,0.57,5.0,0.09,0.09,0.094698,1776189654000
1776189656.644,56.644,0.44,5.0,0.43,5.0,0.53,5.0,0.54,5.0,0.47,5.0,0.46,5.0,0.56,5.0,0.57,5.0,0.09,0.09,0.094698,1776189655000
1776189657.238,57.238,0.44,5.0,0.43,5.0,0.53,5.0,0.54,5.0,0.47,5.0,0.46,5.0,0.56,5.0,0.57,5.0,0.09,0.09,0.094693,1776189656000
1776189658.228,58.228,0.44,5.0,0.43,5.0,0.53,5.0,0.54,5.0,0.47,5.0,0.46,5.0,0.56,5.0,0.57,5.0,0.09,0.09,0.094688,1776189657000
1776189658.87,58.87,0.44,5.0,0.43,5.0,0.53,5.0,0.54,5.0,0.47,5.0,0.46,5.0,0.56,5.0,0.57,5.0,0.09,0.09,0.094688,1776189658000
1776189660.262,60.262,0.44,5.0,0.43,5.0,0.53,5.0,0.54,5.0,0.47,5.0,0.46,5.0,0.56,5.0,0.57,5.0,0.09,0.09,0.094687,1776189659000
1776189661.29,61.29,0.44,5.0,0.43,5.0,0.53,5.0,0.54,5.0,0.47,5.0,0.46,5.0,0.56,5.0,0.57,5.0,0.09,0.09,0.094687,1776189660000
1776189661.889,61.889,0.44,5.0,0.43,5.0,0.53,5.0,0.54,5.0,0.47,5.0,0.46,5.0,0.56,5.0,0.57,5.0,0.09,0.09,0.094687,1776189661000
1776189663.029,63.029,0.44,5.0,0.43,5.0,0.53,5.0,0.54,5.0,0.47,5.0,0.46,5.0,0.56,5.0,0.57,5.0,0.09,0.09,0.094699,1776189662000
1776189664.219,64.219,0.44,5.0,0.43,5.0,0.53,5.0,0.54,5.0,0.47,5.0,0.46,5.0,0.56,5.0,0.57,5.0,0.09,0.09,0.09471,1776189663000
1776189665.664,65.664,0.44,5.0,0.43,5.0,0.53,5.0,0.54,5.0,0.47,5.0,0.46,5.0,0.56,5.0,0.57,5.0,0.09,0.09,0.094695,1776189664000
1776189666.227,66.227,0.44,5.0,0.43,5.0,0.53,5.0,0.54,5.0,0.47,5.0,0.46,5.0,0.56,5.0,0.57,5.0,0.09,0.09,0.094683,1776189665000
1776189667.245,67.245,0.44,5.0,0.43,5.0,0.53,5.0,0.54,5.0,0.47,5.0,0.46,5.0,0.56,5.0,0.57,5.0,0.09,0.09,0.094682,1776189666000
1776189668.362,68.362,0.44,5.0,0.43,5.0,0.53,5.0,0.54,5.0,0.47,5.0,0.46,5.0,0.56,5.0,0.57,5.0,0.09,0.09,0.094674,1776189667000
1776189669.027,69.027,0.44,5.0,0.43,5.0,0.53,5.0,0.54,5.0,0.47,5.0,0.46,5.0,0.56,5.0,0.57,5.0,0.09,0.09,0.094674,1776189668000
1776189670.142,70.142,0.44,5.0,0.43,5.0,0.53,5.0,0.54,5.0,0.47,5.0,0.46,5.0,0.56,5.0,0.57,5.0,0.09,0.09,0.094668,1776189669000
1776189671.385,71.385,0.44,5.0,0.43,5.0,0.53,5.0,0.54,5.0,0.47,5.0,0.46,5.0,0.56,5.0,0.57,5.0,0.09,0.09,0.094668,1776189670000
1776189671.975,71.975,0.44,5.0,0.43,5.0,0.53,5.0,0.54,5.0,0.47,5.0,0.46,5.0,0.56,5.0,0.57,5.0,0.09,0.09,0.094668,1776189671000
1776189673.772,73.772,0.44,5.0,0.43,5.0,0.53,5.0,0.54,5.0,0.47,5.0,0.46,5.0,0.56,5.0,0.57,5.0,0.09,0.09,0.09467,1776189672000
1776189674.262,74.262,0.44,5.0,0.43,5.0,0.53,5.0,0.54,5.0,0.47,5.0,0.46,5.0,0.56,5.0,0.57,5.0,0.09,0.09,0.094675,1776189673000
1776189675.79,75.79,0.44,5.0,0.43,5.0,0.53,5.0,0.54,5.0,0.47,5.0,0.46,5.0,0.56,5.0,0.57,5.0,0.09,0.09,0.094675,1776189674000
1776189676.424,76.424,0.44,5.0,0.43,5.0,0.53,5.0,0.54,5.0,0.47,5.0,0.46,5.0,0.56,5.0,0.57,5.0,0.09,0.09,0.094675,1776189675000
1776189677.0,77.0,0.44,5.0,0.43,5.0,0.53,5.0,0.54,5.0,0.47,5.0,0.46,5.0,0.56,5.0,0.57,5.0,0.09,0.09,0.094675,1776189676000
1776189678.134,78.134,0.44,5.0,0.43,5.0,0.53,5.0,0.54,5.0,0.47,5.0,0.46,5.0,0.56,5.0,0.57,5.0,0.09,0.09,0.094675,1776189677000
1776189679.406,79.406,0.44,5.0,0.43,5.0,0.53,5.0,0.54,5.0,0.47,5.0,0.46,5.0,0.56,5.0,0.57,5.0,0.09,0.09,0.094668,1776189678000
1776189680.033,80.033,0.44,5.0,0.43,5.0,0.53,5.0,0.54,5.0,0.47,5.0,0.46,5.0,0.56,5.0,0.57,5.0,0.09,0.09,0.094667,1776189679000
1776189681.204,81.204,0.44,5.0,0.43,5.0,0.53,5.0,0.54,5.0,0.47,5.0,0.46,5.0,0.56,5.0,0.57,5.0,0.09,0.09,0.094675,1776189680000
1776189684.063,84.063,0.44,5.0,0.43,5.0,0.53,5.0,0.54,5.0,0.47,5.0,0.46,5.0,0.56,5.0,0.57,5.0,0.09,0.09,0.094693,1776189681000
1776189684.391,84.391,0.44,5.0,0.43,5.0,0.53,5.0,0.54,5.0,0.47,5.0,0.46,5.0,0.56,5.0,0.57,5.0,0.09,0.09,0.094693,1776189683000
1776189685.342,85.342,0.44,5.0,0.43,5.0,0.53,5.0,0.54,5.0,0.47,5.0,0.46,5.0,0.56,5.0,0.57,5.0,0.09,0.09,0.094694,1776189684000
1776189685.947,85.947,0.44,5.0,0.43,5.0,0.53,5.0,0.54,5.0,0.47,5.0,0.46,5.0,0.56,5.0,0.57,5.0,0.09,0.09,0.094689,1776189685000
1776189687.245,87.245,0.4,15.8,0.39,15.9,0.5,1.16,0.52,5.0,0.5,1.16,0.48,5.0,0.6,15.8,0.61,15.9,0.1,0.1,0.094689,1776189686000
1776189688.317,88.317,0.4,15.8,0.39,15.9,0.5,1.16,0.52,5.0,0.5,1.16,0.48,5.0,0.6,15.8,0.61,15.9,0.1,0.1,0.09469,1776189687000
1776189689.441,89.441,0.4,15.8,0.39,15.9,0.5,1.16,0.52,5.0,0.5,1.16,0.48,5.0,0.6,15.8,0.61,15.9,0.1,0.1,0.09469,1776189688000
1776189690.07,90.07,0.4,15.8,0.39,15.9,0.5,1.16,0.52,5.0,0.5,1.16,0.48,5.0,0.6,15.8,0.61,15.9,0.1,0.1,0.094689,1776189689000
1776189691.307,91.307,0.4,15.8,0.39,15.9,0.5,1.16,0.52,5.0,0.5,1.16,0.48,5.0,0.6,15.8,0.61,15.9,0.1,0.1,0.094689,1776189690000
1776189692.329,92.329,0.4,15.8,0.39,15.9,0.5,1.16,0.52,5.0,0.5,1.16,0.48,5.0,0.6,15.8,0.61,15.9,0.1,0.1,0.094689,1776189691000
1776189692.935,92.935,0.4,15.8,0.39,15.9,0.5,1.16,0.52,5.0,0.5,1.16,0.48,5.0,0.6,15.8,0.61,15.9,0.1,0.1,0.094689,1776189692000
1776189694.016,94.016,0.4,15.8,0.39,15.9,0.5,1.16,0.52,5.0,0.5,1.16,0.48,5.0,0.6,15.8,0.61,15.9,0.1,0.1,0.094689,1776189693000
1776189695.154,95.154,0.4,15.8,0.39,15.9,0.5,1.16,0.52,5.0,0.5,1.16,0.48,5.0,0.6,15.8,0.61,15.9,0.1,0.1,0.094689,1776189694000
1776189696.206,96.206,0.4,15.8,0.39,15.9,0.5,1.16,0.52,5.0,0.5,1.16,0.48,5.0,0.6,15.8,0.61,15.9,0.1,0.1,0.094689,1776189695000
1776189697.333,97.333,0.4,15.8,0.39,15.9,0.5,1.16,0.52,5.0,0.5,1.16,0.48,5.0,0.6,15.8,0.61,15.9,0.1,0.1,0.094689,1776189696000
1776189698.464,98.464,0.4,15.8,0.39,15.9,0.5,1.16,0.52,5.0,0.5,1.16,0.48,5.0,0.6,15.8,0.61,15.9,0.1,0.1,0.094689,1776189697000
1776189698.928,98.928,0.4,15.8,0.39,15.9,0.5,1.16,0.52,5.0,0.5,1.16,0.48,5.0,0.6,15.8,0.61,15.9,0.1,0.1,0.094678,1776189698000
1776189699.917,99.917,0.4,15.8,0.39,15.9,0.5,1.16,0.52,5.0,0.5,1.16,0.48,5.0,0.6,15.8,0.61,15.9,0.1,0.1,0.094672,1776189699000
1776189700.128,100.128,0.4,0.51,0.33,5.0,0.45,10.0,0.49,10.4,0.5,1.16,0.48,5.0,0.6,15.8,0.61,15.9,0.05,0.1,0.094672,1776189699000
1776189700.946,100.946,0.4,0.51,0.33,5.0,0.45,10.0,0.49,10.4,0.55,10.0,0.51,10.4,0.6,0.51,0.67,5.0,0.05,0.05,0.094671,1776189700000
1776189701.616,101.616,0.4,0.51,0.33,16.8,0.45,10.0,0.48,10.4,0.55,10.0,0.51,10.4,0.6,0.51,0.67,5.0,0.05,0.05,0.094671,1776189700000
1776189701.937,101.937,0.4,0.51,0.33,16.8,0.45,10.0,0.48,10.4,0.55,10.0,0.52,10.4,0.6,0.51,0.67,16.8,0.05,0.05,0.094671,1776189701000
1776189703.73,103.73,0.4,0.51,0.33,16.8,0.45,10.0,0.48,10.4,0.55,10.0,0.52,10.4,0.6,0.51,0.67,16.8,0.05,0.05,0.094671,1776189702000
1776189704.449,104.449,0.4,0.51,0.34,7.46,0.45,10.0,0.5,20.4,0.55,10.0,0.52,10.4,0.6,0.51,0.67,16.8,0.05,0.05,0.094671,1776189702000
1776189705.298,105.298,0.4,0.51,0.34,7.46,0.45,10.0,0.5,20.4,0.55,10.0,0.5,20.4,0.6,0.51,0.66,7.46,0.05,0.05,0.094675,1776189704000
1776189706.646,106.646,0.4,0.51,0.34,7.46,0.45,10.0,0.5,20.4,0.55,10.0,0.5,20.4,0.6,0.51,0.66,7.46,0.05,0.05,0.094675,1776189705000
1776189707.411,107.411,0.4,0.51,0.34,7.46,0.45,10.0,0.5,20.4,0.55,10.0,0.5,20.4,0.6,0.51,0.66,7.46,0.05,0.05,0.094673,1776189706000
1776189708.192,108.192,0.4,0.51,0.34,7.46,0.45,10.0,0.5,20.4,0.55,10.0,0.5,20.4,0.6,0.51,0.66,7.46,0.05,0.05,0.094673,1776189707000
1776189709.05,109.05,0.38,11.0,0.37,11.2,0.4,3.88,0.48,5.0,0.55,10.0,0.5,20.4,0.6,0.51,0.66,7.46,0.02,0.05,0.094673,1776189707000
1776189709.429,109.429,0.38,11.0,0.37,11.2,0.4,3.88,0.48,5.0,0.6,3.88,0.52,5.0,0.62,11.0,0.63,11.2,0.02,0.02,0.094679,1776189708000
1776189710.055,110.055,0.38,11.0,0.37,11.2,0.4,3.88,0.48,5.0,0.6,3.88,0.52,5.0,0.62,11.0,0.63,11.2,0.02,0.02,0.094681,1776189709000
1776189711.407,111.407,0.38,11.0,0.37,11.2,0.4,3.88,0.48,5.0,0.6,3.88,0.52,5.0,0.62,11.0,0.63,11.2,0.02,0.02,0.094683,1776189710000
1776189712.098,112.098,0.38,11.0,0.37,11.2,0.4,3.88,0.48,5.0,0.6,3.88,0.52,5.0,0.62,11.0,0.63,11.2,0.02,0.02,0.094685,1776189711000
1776189713.381,113.381,0.38,11.0,0.37,11.2,0.4,3.88,0.48,5.0,0.6,3.88,0.52,5.0,0.62,11.0,0.63,11.2,0.02,0.02,0.094701,1776189712000
1776189713.975,113.975,0.38,11.0,0.37,11.2,0.4,3.88,0.48,5.0,0.6,3.88,0.52,5.0,0.62,11.0,0.63,11.2,0.02,0.02,0.094696,1776189713000
1776189715.327,115.327,0.38,11.0,0.37,11.2,0.4,3.88,0.48,5.0,0.6,3.88,0.52,5.0,0.62,11.0,0.63,11.2,0.02,0.02,0.094695,1776189714000
1776189716.194,116.194,0.38,11.0,0.37,11.2,0.4,3.88,0.48,5.0,0.6,3.88,0.52,5.0,0.62,11.0,0.63,11.2,0.02,0.02,0.094698,1776189715000
1776189717.346,117.346,0.38,11.0,0.37,11.2,0.4,3.88,0.48,5.0,0.6,3.88,0.52,5.0,0.62,11.0,0.63,11.2,0.02,0.02,0.094699,1776189716000
1776189718.186,118.186,0.38,11.0,0.37,11.2,0.4,3.88,0.48,5.0,0.6,3.88,0.52,5.0,0.62,11.0,0.63,11.2,0.02,0.02,0.0947,1776189717000
1776189719.422,119.422,0.38,11.0,0.37,11.2,0.4,3.88,0.48,5.0,0.6,3.88,0.52,5.0,0.62,11.0,0.63,11.2,0.02,0.02,0.094701,1776189718000
1776189720.208,120.208,0.38,11.0,0.37,11.2,0.4,3.88,0.48,5.0,0.6,3.88,0.52,5.0,0.62,11.0,0.63,11.2,0.02,0.02,0.094701,1776189719000
1776189721.359,121.359,0.38,11.0,0.37,11.2,0.4,3.88,0.48,5.0,0.6,3.88,0.52,5.0,0.62,11.0,0.63,11.2,0.02,0.02,0.094701,1776189720000
1776189721.994,121.994,0.38,11.0,0.37,11.2,0.4,3.88,0.48,5.0,0.6,3.88,0.52,5.0,0.62,11.0,0.63,11.2,0.02,0.02,0.094701,1776189721000
1776189723.209,123.209,0.38,11.0,0.37,11.2,0.4,3.88,0.48,5.0,0.6,3.88,0.52,5.0,0.62,11.0,0.63,11.2,0.02,0.02,0.0947,1776189722000
1776189724.096,124.096,0.44,5.0,0.35,5.0,0.51,39.8,0.55,10.5,0.6,3.88,0.52,5.0,0.62,11.0,0.63,11.2,0.07,0.02,0.0947,1776189722000
1776189724.312,124.312,0.44,5.0,0.35,5.0,0.51,39.8,0.55,10.5,0.49,39.8,0.45,10.5,0.56,5.0,0.65,5.0,0.07,0.07,0.094691,1776189723000
1776189725.328,125.328,0.44,5.0,0.35,5.0,0.51,39.8,0.55,10.5,0.49,39.8,0.45,10.5,0.56,5.0,0.65,5.0,0.07,0.07,0.094679,1776189724000
1776189726.519,126.519,0.44,5.0,0.35,5.0,0.51,39.8,0.55,10.5,0.49,39.8,0.45,10.5,0.56,5.0,0.65,5.0,0.07,0.07,0.09468,1776189725000
1776189726.75,126.75,0.28,5.0,0.27,18.2,0.41,45.0,0.45,5.0,0.49,39.8,0.45,10.5,0.56,5.0,0.65,5.0,0.13,0.07,0.09468,1776189725000
1776189727.085,127.085,0.28,5.0,0.27,18.2,0.41,45.0,0.45,5.0,0.59,45.0,0.55,5.0,0.72,5.0,0.73,18.2,0.13,0.13,0.09468,1776189726000
1776189727.678,127.678,0.29,10.0,0.27,13.2,0.4,2.5,0.41,45.0,0.59,45.0,0.55,5.0,0.72,5.0,0.73,18.2,0.11,0.13,0.09468,1776189726000
1776189728.141,128.141,0.29,10.0,0.27,13.2,0.4,2.5,0.41,45.0,0.6,2.5,0.59,45.0,0.71,10.0,0.73,13.2,0.11,0.11,0.094671,1776189727000
1776189729.198,129.198,0.29,10.0,0.27,13.2,0.4,2.5,0.41,45.0,0.6,2.5,0.59,45.0,0.71,10.0,0.73,13.2,0.11,0.11,0.094655,1776189728000
1776189730.388,130.388,0.29,10.0,0.27,13.2,0.4,2.5,0.41,45.0,0.6,2.5,0.59,45.0,0.71,10.0,0.73,13.2,0.11,0.11,0.09466,1776189729000
1776189731.326,131.326,0.29,10.0,0.27,13.2,0.4,2.5,0.41,45.0,0.6,2.5,0.59,45.0,0.71,10.0,0.73,13.2,0.11,0.11,0.094661,1776189730000
1776189732.374,132.374,0.29,10.0,0.27,13.2,0.4,2.5,0.41,45.0,0.6,2.5,0.59,45.0,0.71,10.0,0.73,13.2,0.11,0.11,0.094671,1776189731000
1776189732.904,132.904,0.29,10.0,0.27,13.2,0.4,2.5,0.41,45.0,0.6,2.5,0.59,45.0,0.71,10.0,0.73,13.2,0.11,0.11,0.094671,1776189732000
1776189734.033,134.033,0.29,10.0,0.27,13.2,0.4,2.5,0.41,45.0,0.6,2.5,0.59,45.0,0.71,10.0,0.73,13.2,0.11,0.11,0.094672,1776189733000
1776189735.543,135.543,0.29,10.0,0.27,13.2,0.4,2.5,0.41,45.0,0.6,2.5,0.59,45.0,0.71,10.0,0.73,13.2,0.11,0.11,0.094671,1776189734000
1776189736.22,136.22,0.29,10.0,0.27,13.2,0.4,2.5,0.41,45.0,0.6,2.5,0.59,45.0,0.71,10.0,0.73,13.2,0.11,0.11,0.094665,1776189735000
1776189737.252,137.252,0.29,10.0,0.27,13.2,0.4,2.5,0.41,45.0,0.6,2.5,0.59,45.0,0.71,10.0,0.73,13.2,0.11,0.11,0.094665,1776189736000
1776189738.38,138.38,0.29,10.0,0.27,13.2,0.4,2.5,0.41,45.0,0.6,2.5,0.59,45.0,0.71,10.0,0.73,13.2,0.11,0.11,0.094661,1776189737000
1776189739.325,139.325,0.29,10.0,0.27,13.2,0.4,2.5,0.41,45.0,0.6,2.5,0.59,45.0,0.71,10.0,0.73,13.2,0.11,0.11,0.094656,1776189738000
1776189740.433,140.433,0.29,10.0,0.27,13.2,0.4,2.5,0.41,45.0,0.6,2.5,0.59,45.0,0.71,10.0,0.73,13.2,0.11,0.11,0.094666,1776189739000
1776189740.961,140.961,0.29,10.0,0.27,13.2,0.4,2.5,0.41,45.0,0.6,2.5,0.59,45.0,0.71,10.0,0.73,13.2,0.11,0.11,0.094666,1776189740000
1776189742.104,142.104,0.29,10.0,0.27,13.2,0.4,2.5,0.41,45.0,0.6,2.5,0.59,45.0,0.71,10.0,0.73,13.2,0.11,0.11,0.094665,1776189741000
1776189743.196,143.196,0.29,10.0,0.27,13.2,0.4,2.5,0.41,45.0,0.6,2.5,0.59,45.0,0.71,10.0,0.73,13.2,0.11,0.11,0.094665,1776189742000
1776189744.254,144.254,0.29,10.0,0.27,13.2,0.4,2.5,0.41,45.0,0.6,2.5,0.59,45.0,0.71,10.0,0.73,13.2,0.11,0.11,0.094665,1776189743000
1776189745.338,145.338,0.29,10.0,0.27,13.2,0.4,2.5,0.41,45.0,0.6,2.5,0.59,45.0,0.71,10.0,0.73,13.2,0.11,0.11,0.094666,1776189744000
1776189746.404,146.404,0.29,10.0,0.27,13.2,0.4,2.5,0.41,45.0,0.6,2.5,0.59,45.0,0.71,10.0,0.73,13.2,0.11,0.11,0.094666,1776189745000
1776189746.981,146.981,0.29,10.0,0.27,13.2,0.4,2.5,0.41,45.0,0.6,2.5,0.59,45.0,0.71,10.0,0.73,13.2,0.11,0.11,0.094666,1776189746000
1776189748.174,148.174,0.29,10.0,0.27,13.2,0.4,2.5,0.41,45.0,0.6,2.5,0.59,45.0,0.71,10.0,0.73,13.2,0.11,0.11,0.094666,1776189747000
1776189749.87,149.87,0.29,10.0,0.27,13.2,0.4,2.5,0.41,45.0,0.6,2.5,0.59,45.0,0.71,10.0,0.73,13.2,0.11,0.11,0.094657,1776189748000
1776189750.465,150.465,0.29,10.0,0.27,13.2,0.4,2.5,0.41,45.0,0.6,2.5,0.59,45.0,0.71,10.0,0.73,13.2,0.11,0.11,0.094657,1776189749000
1776189750.959,150.959,0.29,10.0,0.27,13.2,0.4,2.5,0.41,45.0,0.6,2.5,0.59,45.0,0.71,10.0,0.73,13.2,0.11,0.11,0.094665,1776189750000
1776189752.084,152.084,0.29,10.0,0.27,13.2,0.4,2.5,0.41,45.0,0.6,2.5,0.59,45.0,0.71,10.0,0.73,13.2,0.11,0.11,0.094665,1776189751000
1776189753.362,153.362,0.29,10.0,0.27,13.2,0.4,2.5,0.41,45.0,0.6,2.5,0.59,45.0,0.71,10.0,0.73,13.2,0.11,0.11,0.094665,1776189752000
1776189754.154,154.154,0.29,10.0,0.27,13.2,0.4,2.5,0.41,45.0,0.6,2.5,0.59,45.0,0.71,10.0,0.73,13.2,0.11,0.11,0.094665,1776189753000
1776189755.027,155.027,0.29,10.0,0.27,13.2,0.4,2.5,0.41,45.0,0.6,2.5,0.59,45.0,0.71,10.0,0.73,13.2,0.11,0.11,0.094673,1776189754000
1776189756.115,156.115,0.29,10.0,0.27,13.2,0.4,2.5,0.41,45.0,0.6,2.5,0.59,45.0,0.71,10.0,0.73,13.2,0.11,0.11,0.094675,1776189755000
1776189757.117,157.117,0.29,10.0,0.27,13.2,0.4,2.5,0.41,45.0,0.6,2.5,0.59,45.0,0.71,10.0,0.73,13.2,0.11,0.11,0.094674,1776189756000
1776189758.262,158.262,0.29,10.0,0.27,13.2,0.4,2.5,0.41,45.0,0.6,2.5,0.59,45.0,0.71,10.0,0.73,13.2,0.11,0.11,0.094674,1776189757000
1776189759.355,159.355,0.29,10.0,0.27,13.2,0.4,2.5,0.41,45.0,0.6,2.5,0.59,45.0,0.71,10.0,0.73,13.2,0.11,0.11,0.094674,1776189758000
1776189759.943,159.943,0.29,10.0,0.27,13.2,0.4,2.5,0.41,45.0,0.6,2.5,0.59,45.0,0.71,10.0,0.73,13.2,0.11,0.11,0.094674,1776189759000
1776189761.025,161.025,0.29,10.0,0.27,13.2,0.4,2.5,0.41,45.0,0.6,2.5,0.59,45.0,0.71,10.0,0.73,13.2,0.11,0.11,0.094674,1776189760000
1776189762.144,162.144,0.29,10.0,0.27,13.2,0.4,2.5,0.41,45.0,0.6,2.5,0.59,45.0,0.71,10.0,0.73,13.2,0.11,0.11,0.094692,1776189761000
1776189763.225,163.225,0.29,10.0,0.27,13.2,0.4,2.5,0.41,45.0,0.6,2.5,0.59,45.0,0.71,10.0,0.73,13.2,0.11,0.11,0.094692,1776189762000
1776189764.178,164.178,0.45,5.95,0.44,10.6,0.6,10.8,0.61,72.9,0.6,2.5,0.59,45.0,0.71,10.0,0.73,13.2,0.15,0.11,0.094692,1776189762000
1776189764.428,164.428,0.45,5.95,0.44,10.6,0.6,10.8,0.61,72.9,0.4,10.8,0.39,72.9,0.55,5.95,0.56,10.6,0.15,0.15,0.094692,1776189763000
1776189765.038,165.038,0.45,5.95,0.44,10.6,0.6,10.8,0.61,72.9,0.4,10.8,0.39,72.9,0.55,5.95,0.56,10.6,0.15,0.15,0.094693,1776189764000
1776189766.254,166.254,0.45,5.95,0.44,10.6,0.6,10.8,0.61,72.9,0.4,10.8,0.39,72.9,0.55,5.95,0.56,10.6,0.15,0.15,0.094695,1776189765000
1776189768.089,168.089,0.45,5.95,0.44,10.6,0.6,10.8,0.61,72.9,0.4,10.8,0.39,72.9,0.55,5.95,0.56,10.6,0.15,0.15,0.094695,1776189767000
1776189769.588,169.588,0.45,5.95,0.44,10.6,0.6,10.8,0.61,72.9,0.4,10.8,0.39,72.9,0.55,5.95,0.56,10.6,0.15,0.15,0.094698,1776189768000
1776189770.328,170.328,0.45,5.95,0.44,10.6,0.6,10.8,0.61,72.9,0.4,10.8,0.39,72.9,0.55,5.95,0.56,10.6,0.15,0.15,0.094698,1776189769000
1776189771.097,171.097,0.45,5.95,0.44,10.6,0.6,10.8,0.61,72.9,0.4,10.8,0.39,72.9,0.55,5.95,0.56,10.6,0.15,0.15,0.094698,1776189770000
1776189772.496,172.496,0.45,5.95,0.44,10.6,0.6,10.8,0.61,72.9,0.4,10.8,0.39,72.9,0.55,5.95,0.56,10.6,0.15,0.15,0.094701,1776189771000
1776189773.264,173.264,0.45,5.95,0.44,10.6,0.6,10.8,0.61,72.9,0.4,10.8,0.39,72.9,0.55,5.95,0.56,10.6,0.15,0.15,0.094701,1776189772000
1776189774.596,174.596,0.45,5.95,0.44,10.6,0.6,10.8,0.61,72.9,0.4,10.8,0.39,72.9,0.55,5.95,0.56,10.6,0.15,0.15,0.094699,1776189773000
1776189775.276,175.276,0.45,5.95,0.44,10.6,0.6,10.8,0.61,72.9,0.4,10.8,0.39,72.9,0.55,5.95,0.56,10.6,0.15,0.15,0.094698,1776189774000
1776189776.664,176.664,0.45,5.95,0.44,10.6,0.6,10.8,0.61,72.9,0.4,10.8,0.39,72.9,0.55,5.95,0.56,10.6,0.15,0.15,0.094699,1776189775000
1776189777.484,177.484,0.45,5.95,0.44,10.6,0.6,10.8,0.61,72.9,0.4,10.8,0.39,72.9,0.55,5.95,0.56,10.6,0.15,0.15,0.094698,1776189776000
1776189778.137,178.137,0.52,9.0,0.51,50.0,0.71,0.81,0.74,13.5,0.4,10.8,0.39,72.9,0.55,5.95,0.56,10.6,0.19,0.15,0.094698,1776189776000
1776189778.497,178.497,0.61,5.0,0.52,9.0,0.71,0.81,0.74,13.5,0.29,0.81,0.26,13.5,0.48,9.0,0.49,50.0,0.1,0.19,0.094697,1776189777000
1776189779.648,179.648,0.61,5.0,0.52,9.0,0.71,0.81,0.74,13.5,0.29,0.81,0.26,13.5,0.39,5.0,0.48,9.0,0.1,0.1,0.094715,1776189778000
1776189780.387,180.387,0.61,5.0,0.52,9.0,0.71,0.81,0.74,13.5,0.29,0.81,0.26,13.5,0.39,5.0,0.48,9.0,0.1,0.1,0.094745,1776189779000
1776189781.098,181.098,0.61,5.0,0.52,9.0,0.71,0.81,0.74,13.5,0.29,0.81,0.26,13.5,0.39,5.0,0.48,9.0,0.1,0.1,0.094746,1776189780000
1776189782.908,182.908,0.61,5.0,0.52,9.0,0.71,0.81,0.74,13.5,0.29,0.81,0.26,13.5,0.39,5.0,0.48,9.0,0.1,0.1,0.094748,1776189781000
1776189783.584,183.584,0.61,5.0,0.52,9.0,0.71,0.81,0.74,13.5,0.29,0.81,0.26,13.5,0.39,5.0,0.48,9.0,0.1,0.1,0.094748,1776189782000
1776189784.207,184.207,0.61,5.0,0.52,9.0,0.71,0.81,0.74,13.5,0.29,0.81,0.26,13.5,0.39,5.0,0.48,9.0,0.1,0.1,0.094751,1776189783000
1776189785.409,185.409,0.61,5.0,0.52,9.0,0.71,0.81,0.74,13.5,0.29,0.81,0.26,13.5,0.39,5.0,0.48,9.0,0.1,0.1,0.094751,1776189784000
1776189786.022,186.022,0.61,5.0,0.52,9.0,0.71,0.81,0.74,13.5,0.29,0.81,0.26,13.5,0.39,5.0,0.48,9.0,0.1,0.1,0.094748,1776189785000
1776189787.201,187.201,0.61,5.0,0.52,9.0,0.71,0.81,0.74,13.5,0.29,0.81,0.26,13.5,0.39,5.0,0.48,9.0,0.1,0.1,0.094752,1776189786000
1776189788.504,188.504,0.61,5.0,0.52,9.0,0.71,0.81,0.74,13.5,0.29,0.81,0.26,13.5,0.39,5.0,0.48,9.0,0.1,0.1,0.094764,1776189787000
1776189788.97,188.97,0.61,5.0,0.52,9.0,0.71,0.81,0.74,13.5,0.29,0.81,0.26,13.5,0.39,5.0,0.48,9.0,0.1,0.1,0.094764,1776189788000
1776189790.151,190.151,0.61,5.0,0.52,9.0,0.71,0.81,0.74,13.5,0.29,0.81,0.26,13.5,0.39,5.0,0.48,9.0,0.1,0.1,0.094763,1776189789000
1776189790.469,190.469,0.62,5.0,0.59,5.0,0.79,15.7,0.8,16.2,0.29,0.81,0.26,13.5,0.39,5.0,0.48,9.0,0.17,0.1,0.094763,1776189789000
1776189791.24,191.24,0.62,5.0,0.59,5.0,0.79,15.7,0.8,16.2,0.21,15.7,0.2,16.2,0.38,5.0,0.41,5.0,0.17,0.17,0.094751,1776189790000
1776189792.354,192.354,0.62,5.0,0.59,5.0,0.79,15.7,0.8,16.2,0.21,15.7,0.2,16.2,0.38,5.0,0.41,5.0,0.17,0.17,0.094744,1776189791000
1776189792.926,192.926,0.62,5.0,0.59,5.0,0.79,15.7,0.8,16.2,0.21,15.7,0.2,16.2,0.38,5.0,0.41,5.0,0.17,0.17,0.094744,1776189792000
1776189794.156,194.156,0.62,5.0,0.59,5.0,0.79,15.7,0.8,16.2,0.21,15.7,0.2,16.2,0.38,5.0,0.41,5.0,0.17,0.17,0.094744,1776189793000
1776189795.304,195.304,0.62,5.0,0.59,5.0,0.79,15.7,0.8,16.2,0.21,15.7,0.2,16.2,0.38,5.0,0.41,5.0,0.17,0.17,0.094744,1776189794000
1776189796.376,196.376,0.62,5.0,0.59,5.0,0.79,15.7,0.8,16.2,0.21,15.7,0.2,16.2,0.38,5.0,0.41,5.0,0.17,0.17,0.094744,1776189795000
1776189797.0,197.0,0.62,5.0,0.59,5.0,0.79,15.7,0.8,16.2,0.21,15.7,0.2,16.2,0.38,5.0,0.41,5.0,0.17,0.17,0.094744,1776189796000
1776189798.45,198.45,0.62,5.0,0.59,5.0,0.79,15.7,0.8,16.2,0.21,15.7,0.2,16.2,0.38,5.0,0.41,5.0,0.17,0.17,0.094742,1776189797000
1776189799.057,199.057,0.62,5.0,0.59,5.0,0.79,15.7,0.8,16.2,0.21,15.7,0.2,16.2,0.38,5.0,0.41,5.0,0.17,0.17,0.094742,1776189798000
1776189799.928,199.928,0.62,5.0,0.59,5.0,0.79,15.7,0.8,16.2,0.21,15.7,0.2,16.2,0.38,5.0,0.41,5.0,0.17,0.17,0.094742,1776189799000
1776189801.007,201.007,0.62,5.0,0.59,5.0,0.79,15.7,0.8,16.2,0.21,15.7,0.2,16.2,0.38,5.0,0.41,5.0,0.17,0.17,0.094742,1776189800000
1776189802.074,202.074,0.62,5.0,0.59,5.0,0.79,15.7,0.8,16.2,0.21,15.7,0.2,16.2,0.38,5.0,0.41,5.0,0.17,0.17,0.094742,1776189801000
1776189803.056,203.056,0.62,5.0,0.59,5.0,0.79,15.7,0.8,16.2,0.21,15.7,0.2,16.2,0.38,5.0,0.41,5.0,0.17,0.17,0.094743,1776189802000
1776189804.004,204.004,0.62,5.0,0.59,5.0,0.79,15.7,0.8,16.2,0.21,15.7,0.2,16.2,0.38,5.0,0.41,5.0,0.17,0.17,0.094744,1776189803000
1776189805.106,205.106,0.62,5.0,0.59,5.0,0.79,15.7,0.8,16.2,0.21,15.7,0.2,16.2,0.38,5.0,0.41,5.0,0.17,0.17,0.094742,1776189804000
1776189806.076,206.076,0.62,5.0,0.59,5.0,0.79,15.7,0.8,16.2,0.21,15.7,0.2,16.2,0.38,5.0,0.41,5.0,0.17,0.17,0.094742,1776189805000
1776189806.989,206.989,0.62,5.0,0.59,5.0,0.79,15.7,0.8,16.2,0.21,15.7,0.2,16.2,0.38,5.0,0.41,5.0,0.17,0.17,0.094742,1776189806000
1776189807.259,207.259,0.61,10.9,0.6,15.8,0.66,5.0,0.75,13.9,0.21,15.7,0.2,16.2,0.38,5.0,0.41,5.0,0.05,0.17,0.094742,1776189806000
1776189807.941,207.941,0.61,10.9,0.6,15.8,0.66,5.0,0.75,13.9,0.34,5.0,0.25,13.9,0.39,10.9,0.4,15.8,0.05,0.05,0.094744,1776189807000
1776189808.977,208.977,0.61,10.9,0.6,15.8,0.66,5.0,0.75,13.9,0.34,5.0,0.25,13.9,0.39,10.9,0.4,15.8,0.05,0.05,0.094745,1776189808000
1776189809.972,209.972,0.61,10.9,0.6,15.8,0.66,5.0,0.75,13.9,0.34,5.0,0.25,13.9,0.39,10.9,0.4,15.8,0.05,0.05,0.094745,1776189809000
1776189811.024,211.024,0.61,10.9,0.6,15.8,0.66,5.0,0.75,13.9,0.34,5.0,0.25,13.9,0.39,10.9,0.4,15.8,0.05,0.05,0.094773,1776189810000
1776189812.238,212.238,0.61,10.9,0.6,15.8,0.66,5.0,0.75,13.9,0.34,5.0,0.25,13.9,0.39,10.9,0.4,15.8,0.05,0.05,0.094776,1776189811000
1776189813.357,213.357,0.61,10.9,0.6,15.8,0.66,5.0,0.75,13.9,0.34,5.0,0.25,13.9,0.39,10.9,0.4,15.8,0.05,0.05,0.094776,1776189812000
1776189813.621,213.621,0.76,6.0,0.75,5.0,0.85,26.99,0.86,21.6,0.34,5.0,0.25,13.9,0.39,10.9,0.4,15.8,0.09,0.05,0.094776,1776189812000
1776189814.023,214.023,0.76,6.0,0.75,5.0,0.85,26.99,0.86,21.6,0.15,26.99,0.14,21.6,0.24,6.0,0.25,5.0,0.09,0.09,0.094776,1776189813000
1776189815.222,215.222,0.76,6.0,0.75,5.0,0.85,26.99,0.86,21.6,0.15,26.99,0.14,21.6,0.24,6.0,0.25,5.0,0.09,0.09,0.094778,1776189814000
1776189816.297,216.297,0.76,6.0,0.75,5.0,0.85,26.99,0.86,21.6,0.15,26.99,0.14,21.6,0.24,6.0,0.25,5.0,0.09,0.09,0.094777,1776189815000
1776189817.626,217.626,0.76,6.0,0.75,5.0,0.85,26.99,0.86,21.6,0.15,26.99,0.14,21.6,0.24,6.0,0.25,5.0,0.09,0.09,0.094778,1776189816000
1776189818.18,218.18,0.79,6.0,0.77,14.7,0.81,6.0,0.82,6.0,0.19,6.0,0.18,6.0,0.21,6.0,0.23,14.7,0.02,0.02,0.094778,1776189817000
1776189819.45,219.45,0.79,6.0,0.77,14.7,0.81,6.0,0.82,6.0,0.19,6.0,0.18,6.0,0.21,6.0,0.23,14.7,0.02,0.02,0.094783,1776189818000
1776189820.044,220.044,0.79,6.0,0.77,14.7,0.81,6.0,0.82,6.0,0.19,6.0,0.18,6.0,0.21,6.0,0.23,14.7,0.02,0.02,0.094786,1776189819000
1776189821.123,221.123,0.79,6.0,0.77,14.7,0.81,6.0,0.82,6.0,0.19,6.0,0.18,6.0,0.21,6.0,0.23,14.7,0.02,0.02,0.094787,1776189820000
1776189821.66,221.66,0.83,6.0,0.8,16.3,0.89,26.6,0.9,28.9,0.19,6.0,0.18,6.0,0.21,6.0,0.23,14.7,0.06,0.02,0.094787,1776189820000
1776189822.325,222.325,0.83,6.0,0.8,16.3,0.89,26.6,0.9,28.9,0.11,26.6,0.1,28.9,0.17,6.0,0.2,16.3,0.06,0.06,0.094787,1776189821000
1776189823.574,223.574,0.83,6.0,0.8,16.3,0.89,26.6,0.9,28.9,0.11,26.6,0.1,28.9,0.17,6.0,0.2,16.3,0.06,0.06,0.094787,1776189822000
1776189824.147,224.147,0.83,6.0,0.8,16.3,0.89,26.6,0.9,28.9,0.11,26.6,0.1,28.9,0.17,6.0,0.2,16.3,0.06,0.06,0.094787,1776189823000
1776189825.32,225.32,0.83,6.0,0.8,16.3,0.89,26.6,0.9,28.9,0.11,26.6,0.1,28.9,0.17,6.0,0.2,16.3,0.06,0.06,0.094787,1776189824000
1776189826.366,226.366,0.83,6.0,0.8,16.3,0.89,26.6,0.9,28.9,0.11,26.6,0.1,28.9,0.17,6.0,0.2,16.3,0.06,0.06,0.094787,1776189825000
1776189826.989,226.989,0.83,6.0,0.8,16.3,0.89,26.6,0.9,28.9,0.11,26.6,0.1,28.9,0.17,6.0,0.2,16.3,0.06,0.06,0.094788,1776189826000
1776189828.227,228.227,0.83,6.0,0.8,16.3,0.89,26.6,0.9,28.9,0.11,26.6,0.1,28.9,0.17,6.0,0.2,16.3,0.06,0.06,0.094788,1776189827000
1776189829.334,229.334,0.83,6.0,0.8,16.3,0.89,26.6,0.9,28.9,0.11,26.6,0.1,28.9,0.17,6.0,0.2,16.3,0.06,0.06,0.094788,1776189828000
1776189830.394,230.394,0.83,6.0,0.8,16.3,0.89,26.6,0.9,28.9,0.11,26.6,0.1,28.9,0.17,6.0,0.2,16.3,0.06,0.06,0.094796,1776189829000
1776189830.915,230.915,0.83,6.0,0.8,16.3,0.89,26.6,0.9,28.9,0.11,26.6,0.1,28.9,0.17,6.0,0.2,16.3,0.06,0.06,0.094796,1776189830000
1776189832.156,232.156,0.83,6.0,0.8,16.3,0.89,26.6,0.9,28.9,0.11,26.6,0.1,28.9,0.17,6.0,0.2,16.3,0.06,0.06,0.094802,1776189831000
1776189833.423,233.423,0.83,6.0,0.8,16.3,0.89,26.6,0.9,28.9,0.11,26.6,0.1,28.9,0.17,6.0,0.2,16.3,0.06,0.06,0.094803,1776189832000
1776189833.937,233.937,0.83,6.0,0.8,16.3,0.89,26.6,0.9,28.9,0.11,26.6,0.1,28.9,0.17,6.0,0.2,16.3,0.06,0.06,0.094803,1776189833000
1776189835.053,235.053,0.83,6.0,0.8,16.3,0.89,26.6,0.9,28.9,0.11,26.6,0.1,28.9,0.17,6.0,0.2,16.3,0.06,0.06,0.094803,1776189834000
1776189836.196,236.196,0.83,6.0,0.8,16.3,0.89,26.6,0.9,28.9,0.11,26.6,0.1,28.9,0.17,6.0,0.2,16.3,0.06,0.06,0.094804,1776189835000
1776189836.595,236.595,0.84,4.84,0.83,18.39,0.92,35.29,0.93,39.9,0.11,26.6,0.1,28.9,0.17,6.0,0.2,16.3,0.08,0.06,0.094804,1776189835000
1776189837.384,237.384,0.84,4.84,0.83,18.39,0.92,35.29,0.93,39.9,0.08,35.29,0.07,39.9,0.16,4.84,0.17,18.39,0.08,0.08,0.094803,1776189836000
1776189837.94,237.94,0.84,4.84,0.83,18.39,0.92,35.29,0.93,39.9,0.08,35.29,0.07,39.9,0.16,4.84,0.17,18.39,0.08,0.08,0.094797,1776189837000
1776189839.11,239.11,0.84,4.84,0.83,18.39,0.92,35.29,0.93,39.9,0.08,35.29,0.07,39.9,0.16,4.84,0.17,18.39,0.08,0.08,0.094796,1776189838000
1776189840.227,240.227,0.84,4.84,0.83,18.39,0.92,35.29,0.93,39.9,0.08,35.29,0.07,39.9,0.16,4.84,0.17,18.39,0.08,0.08,0.094799,1776189839000
1776189841.804,241.804,0.84,4.84,0.83,18.39,0.92,35.29,0.93,39.9,0.08,35.29,0.07,39.9,0.16,4.84,0.17,18.39,0.08,0.08,0.094804,1776189840000
1776189842.318,242.318,0.92,35.29,0.91,31.7,0.98,86.69,0.99,502.6,0.08,35.29,0.07,39.9,0.16,4.84,0.17,18.39,0.06,0.08,0.094804,1776189840000
1776189842.826,242.826,0.93,39.9,0.92,35.29,0.98,81.69,0.99,502.6,0.02,86.69,0.01,502.6,0.08,35.29,0.09,31.7,0.05,0.06,0.094804,1776189840000
1776189843.027,243.027,0.93,39.9,0.92,35.29,0.98,81.69,0.99,502.6,0.02,81.69,0.01,502.6,0.07,39.9,0.08,35.29,0.05,0.05,0.094803,1776189841000
1776189843.521,243.521,0.99,368.01,0.94,46.1,,,,,0.02,81.69,0.01,502.6,0.07,39.9,0.08,35.29,,0.05,0.094803,1776189841000
1776189844.352,244.352,0.99,368.01,0.94,46.1,,,,,,,,,0.01,368.01,0.06,46.1,,,0.094819,1776189842000
1776189845.219,245.219,0.99,368.01,0.94,46.1,,,,,,,,,0.01,368.01,0.06,46.1,,,0.094848,1776189843000
1776189846.161,246.161,0.99,368.01,0.94,46.1,,,,,,,,,0.01,368.01,0.06,46.1,,,0.094903,1776189844000
1776189847.03,247.03,0.99,368.01,0.94,46.1,,,,,,,,,0.01,368.01,0.06,46.1,,,0.094905,1776189845000
1776189848.038,248.038,0.99,368.01,0.94,46.1,,,,,,,,,0.01,368.01,0.06,46.1,,,0.094899,1776189846000
1776189849.107,249.107,0.99,368.01,0.94,46.1,,,,,,,,,0.01,368.01,0.06,46.1,,,0.094901,1776189847000
1776189849.98,249.98,0.99,368.01,0.94,46.1,,,,,,,,,0.01,368.01,0.06,46.1,,,0.094903,1776189848000
1776189850.895,250.895,0.99,368.01,0.94,46.1,,,,,,,,,0.01,368.01,0.06,46.1,,,0.094909,1776189849000
1776189851.813,251.813,0.99,368.01,0.94,46.1,,,,,,,,,0.01,368.01,0.06,46.1,,,0.094909,1776189850000
1776189852.49,252.49,0.99,368.01,0.94,46.1,,,,,,,,,0.01,368.01,0.06,46.1,,,0.094904,1776189851000
1776189853.21,253.21,0.99,368.01,0.94,46.1,,,,,,,,,0.01,368.01,0.06,46.1,,,0.094907,1776189852000
1776189853.487,253.487,0.99,2307.8,0.98,132.69,,,,,,,,,0.01,368.01,0.06,46.1,,,0.094907,1776189852000
1776189854.796,254.796,0.99,2307.8,0.98,132.69,,,,,,,,,0.01,2307.8,0.02,132.69,,,0.094934,1776189853000
1776189855.428,255.428,0.99,2307.8,0.98,132.69,,,,,,,,,0.01,2307.8,0.02,132.69,,,0.094936,1776189854000
1776189856.436,256.436,0.99,2307.8,0.98,132.69,,,,,,,,,0.01,2307.8,0.02,132.69,,,0.094948,1776189855000
1776189856.982,256.982,0.99,2307.8,0.98,132.69,,,,,,,,,0.01,2307.8,0.02,132.69,,,0.094949,1776189856000
1776189858.705,258.705,0.99,2307.8,0.98,132.69,,,,,,,,,0.01,2307.8,0.02,132.69,,,0.094931,1776189857000
1776189859.441,259.441,0.99,2307.8,0.98,132.69,,,,,,,,,0.01,2307.8,0.02,132.69,,,0.094923,1776189858000
1776189860.275,260.275,0.99,2307.8,0.98,132.69,,,,,,,,,0.01,2307.8,0.02,132.69,,,0.094923,1776189859000
1776189861.683,261.683,0.99,2307.8,0.98,132.69,,,,,,,,,0.01,2307.8,0.02,132.69,,,0.094924,1776189860000
1776189862.317,262.317,0.99,2307.8,0.98,132.69,,,,,,,,,0.01,2307.8,0.02,132.69,,,0.094924,1776189861000
1776189863.729,263.729,0.99,2307.8,0.98,132.69,,,,,,,,,0.01,2307.8,0.02,132.69,,,0.094926,1776189862000
1776189864.274,264.274,0.99,2307.8,0.98,132.69,,,,,,,,,0.01,2307.8,0.02,132.69,,,0.094926,1776189863000
1776189865.29,265.29,0.99,2307.8,0.98,132.69,,,,,,,,,0.01,2307.8,0.02,132.69,,,0.094926,1776189864000
1776189866.299,266.299,0.99,2307.8,0.98,132.69,,,,,,,,,0.01,2307.8,0.02,132.69,,,0.094929,1776189865000
1776189867.259,267.259,0.99,2307.8,0.98,132.69,,,,,,,,,0.01,2307.8,0.02,132.69,,,0.094935,1776189866000
1776189868.332,268.332,0.99,2307.8,0.98,132.69,,,,,,,,,0.01,2307.8,0.02,132.69,,,0.094936,1776189867000
1776189869.295,269.295,0.99,2307.8,0.98,132.69,,,,,,,,,0.01,2307.8,0.02,132.69,,,0.094936,1776189868000
1776189870.342,270.342,0.99,2307.8,0.98,132.69,,,,,,,,,0.01,2307.8,0.02,132.69,,,0.094937,1776189869000
1776189871.054,271.054,0.99,2307.8,0.98,132.69,,,,,,,,,0.01,2307.8,0.02,132.69,,,0.094937,1776189870000
1776189871.922,271.922,0.99,2307.8,0.98,132.69,,,,,,,,,0.01,2307.8,0.02,132.69,,,0.094924,1776189871000
1776189873.014,273.014,0.99,2307.8,0.98,132.69,,,,,,,,,0.01,2307.8,0.02,132.69,,,0.094922,1776189872000
1776189873.981,273.981,0.99,2307.8,0.98,132.69,,,,,,,,,0.01,2307.8,0.02,132.69,,,0.094921,1776189873000
1776189875.102,275.102,0.99,2307.8,0.98,132.69,,,,,,,,,0.01,2307.8,0.02,132.69,,,0.09492,1776189874000
1776189876.009,276.009,0.99,2307.8,0.98,132.69,,,,,,,,,0.01,2307.8,0.02,132.69,,,0.094903,1776189875000
1776189877.258,277.258,0.99,2307.8,0.98,132.69,,,,,,,,,0.01,2307.8,0.02,132.69,,,0.094898,1776189876000
1776189878.397,278.397,0.99,2307.8,0.98,132.69,,,,,,,,,0.01,2307.8,0.02,132.69,,,0.094895,1776189877000
1776189878.986,278.986,0.99,2307.8,0.98,132.69,,,,,,,,,0.01,2307.8,0.02,132.69,,,0.094895,1776189878000
1776189880.324,280.324,0.99,2307.8,0.98,132.69,,,,,,,,,0.01,2307.8,0.02,132.69,,,0.094891,1776189879000
1776189881.487,281.487,0.99,2307.8,0.98,132.69,,,,,,,,,0.01,2307.8,0.02,132.69,,,0.094886,1776189880000
1776189882.001,282.001,0.99,2307.8,0.98,132.69,,,,,,,,,0.01,2307.8,0.02,132.69,,,0.094885,1776189881000
1776189883.247,283.247,0.99,2307.8,0.98,132.69,,,,,,,,,0.01,2307.8,0.02,132.69,,,0.094872,1776189882000
1776189884.385,284.385,0.99,2307.8,0.98,132.69,,,,,,,,,0.01,2307.8,0.02,132.69,,,0.094867,1776189883000
1776189884.951,284.951,0.99,2307.8,0.98,132.69,,,,,,,,,0.01,2307.8,0.02,132.69,,,0.094867,1776189884000
1776189886.14,286.14,0.99,2307.8,0.98,132.69,,,,,,,,,0.01,2307.8,0.02,132.69,,,0.094876,1776189885000
1776189887.283,287.283,0.99,2307.8,0.98,132.69,,,,,,,,,0.01,2307.8,0.02,132.69,,,0.094881,1776189886000
1776189888.452,288.452,0.99,2307.8,0.98,132.69,,,,,,,,,0.01,2307.8,0.02,132.69,,,0.094882,1776189887000
1776189889.007,289.007,0.99,2307.8,0.98,132.69,,,,,,,,,0.01,2307.8,0.02,132.69,,,0.094883,1776189888000
1776189890.161,290.161,0.99,2307.8,0.98,132.69,,,,,,,,,0.01,2307.8,0.02,132.69,,,0.094899,1776189889000
1776189891.373,291.373,0.99,2307.8,0.98,132.69,,,,,,,,,0.01,2307.8,0.02,132.69,,,0.094903,1776189890000
1776189892.458,292.458,0.99,2307.8,0.98,132.69,,,,,,,,,0.01,2307.8,0.02,132.69,,,0.094907,1776189891000
1776189892.903,292.903,0.99,2307.8,0.98,132.69,,,,,,,,,0.01,2307.8,0.02,132.69,,,0.094915,1776189892000
1776189894.04,294.04,0.99,2307.8,0.98,132.69,,,,,,,,,0.01,2307.8,0.02,132.69,,,0.094922,1776189893000
1776189894.927,294.927,0.99,2307.8,0.98,132.69,,,,,,,,,0.01,2307.8,0.02,132.69,,,0.094907,1776189894000
1776189895.993,295.993,0.99,2307.8,0.98,132.69,,,,,,,,,0.01,2307.8,0.02,132.69,,,0.0949,1776189895000
1776189897.013,297.013,0.99,2307.8,0.98,132.69,,,,,,,,,0.01,2307.8,0.02,132.69,,,0.094902,1776189896000
1776189897.924,297.924,0.99,2307.8,0.98,132.69,,,,,,,,,0.01,2307.8,0.02,132.69,,,0.094903,1776189897000
1776189898.991,298.991,0.99,2307.8,0.98,132.69,,,,,,,,,0.01,2307.8,0.02,132.69,,,0.094896,1776189898000
1776189899.979,299.979,0.99,2307.8,0.98,132.69,,,,,,,,,0.01,2307.8,0.02,132.69,,,0.094895,1776189899000
1776189901.012,301.012,0.99,2307.8,0.98,132.69,,,,,,,,,0.01,2307.8,0.02,132.69,,,0.094907,1776189900000
1776189902.268,302.268,0.99,2307.8,0.98,132.69,,,,,,,,,0.01,2307.8,0.02,132.69,,,0.094919,1776189901000

# RESULT,winner=Up,slug=doge-updown-5m-1776189600,ticks=309
