timestamp,elapsed_sec,up_bid_p1,up_bid_s1,up_bid_p2,up_bid_s2,up_ask_p1,up_ask_s1,up_ask_p2,up_ask_s2,down_bid_p1,down_bid_s1,down_bid_p2,down_bid_s2,down_ask_p1,down_ask_s1,down_ask_p2,down_ask_s2,up_spread,down_spread,doge_price,doge_oracle_ts
1776188701.369,1.369,,,,,,,,,,,,,,,,,,,0.094457,1776188700000
1776188701.686,1.686,0.49,6.0,0.48,6.0,0.51,6.0,0.52,13.28,0.49,6.0,0.48,13.28,0.51,6.0,0.52,6.0,0.02,0.02,0.094457,1776188700000
1776188701.914,1.914,0.49,6.0,0.48,6.0,0.51,6.0,0.52,13.28,0.49,6.0,0.48,13.28,0.51,6.0,0.52,6.0,0.02,0.02,0.094459,1776188701000
1776188702.196,2.196,0.49,6.0,0.48,6.0,0.51,6.0,0.52,13.28,0.49,6.0,0.48,13.28,0.51,6.0,0.52,6.0,0.02,0.02,0.094459,1776188701000
1776188703.051,3.051,0.49,6.0,0.48,6.0,0.51,6.0,0.52,13.28,0.49,6.0,0.48,13.28,0.51,6.0,0.52,6.0,0.02,0.02,0.094459,1776188702000
1776188704.298,4.298,0.49,6.0,0.48,6.0,0.51,6.0,0.52,13.28,0.49,6.0,0.48,13.28,0.51,6.0,0.52,6.0,0.02,0.02,0.094458,1776188703000
1776188705.455,5.455,0.49,6.0,0.48,6.0,0.51,6.0,0.52,13.28,0.49,6.0,0.48,13.28,0.51,6.0,0.52,6.0,0.02,0.02,0.094457,1776188704000
1776188706.043,6.043,0.49,6.0,0.48,6.0,0.51,6.0,0.52,13.28,0.49,6.0,0.48,13.28,0.51,6.0,0.52,6.0,0.02,0.02,0.094457,1776188705000
1776188707.247,7.247,0.49,6.0,0.48,6.0,0.51,6.0,0.52,13.28,0.49,6.0,0.48,13.28,0.51,6.0,0.52,6.0,0.02,0.02,0.09446,1776188706000
1776188708.311,8.311,0.49,6.0,0.48,6.0,0.51,6.0,0.52,13.28,0.49,6.0,0.48,13.28,0.51,6.0,0.52,6.0,0.02,0.02,0.094461,1776188707000
1776188709.424,9.424,0.49,6.0,0.48,6.0,0.51,6.0,0.52,13.28,0.49,6.0,0.48,13.28,0.51,6.0,0.52,6.0,0.02,0.02,0.094461,1776188708000
1776188710.053,10.053,0.49,6.0,0.48,6.0,0.51,6.0,0.52,13.28,0.49,6.0,0.48,13.28,0.51,6.0,0.52,6.0,0.02,0.02,0.094461,1776188709000
1776188710.263,10.263,0.49,3.17,0.48,6.0,0.51,6.0,0.52,13.28,0.49,6.0,0.48,13.28,0.51,6.0,0.52,6.0,0.02,0.02,0.094461,1776188709000
1776188711.123,11.123,0.49,3.17,0.48,6.0,0.51,6.0,0.52,13.28,0.49,6.0,0.48,13.28,0.51,3.17,0.52,6.0,0.02,0.02,0.094464,1776188710000
1776188712.219,12.219,0.49,3.17,0.48,6.0,0.51,6.0,0.52,13.28,0.49,6.0,0.48,13.28,0.51,3.17,0.52,6.0,0.02,0.02,0.094463,1776188711000
1776188713.999,13.999,0.49,3.17,0.48,6.0,0.51,6.0,0.52,13.28,0.49,6.0,0.48,13.28,0.51,3.17,0.52,6.0,0.02,0.02,0.094464,1776188712000
1776188714.56,14.56,0.49,3.17,0.48,6.0,0.51,6.0,0.52,13.28,0.49,6.0,0.48,13.28,0.51,3.17,0.52,6.0,0.02,0.02,0.094462,1776188713000
1776188715.173,15.173,0.49,3.17,0.48,6.0,0.51,6.0,0.52,13.28,0.49,6.0,0.48,13.28,0.51,3.17,0.52,6.0,0.02,0.02,0.094461,1776188714000
1776188716.373,16.373,0.49,3.17,0.48,6.0,0.51,6.0,0.52,13.28,0.49,6.0,0.48,13.28,0.51,3.17,0.52,6.0,0.02,0.02,0.094457,1776188715000
1776188717.03,17.03,0.49,3.17,0.48,6.0,0.51,6.0,0.52,13.28,0.49,6.0,0.48,13.28,0.51,3.17,0.52,6.0,0.02,0.02,0.094456,1776188716000
1776188718.102,18.102,0.49,3.17,0.48,6.0,0.51,6.0,0.52,13.28,0.49,6.0,0.48,13.28,0.51,3.17,0.52,6.0,0.02,0.02,0.094455,1776188717000
1776188719.179,19.179,0.49,3.17,0.48,6.0,0.51,6.0,0.52,13.28,0.49,6.0,0.48,13.28,0.51,3.17,0.52,6.0,0.02,0.02,0.094455,1776188718000
1776188719.776,19.776,0.48,6.0,0.42,5.0,0.51,11.0,0.52,13.28,0.49,6.0,0.48,13.28,0.51,3.17,0.52,6.0,0.03,0.02,0.094455,1776188718000
1776188720.297,20.297,0.48,1.0,0.42,5.0,0.51,11.0,0.52,13.28,0.49,11.0,0.48,13.28,0.52,1.0,0.58,5.0,0.03,0.03,0.094456,1776188719000
1776188720.716,20.716,0.4,10.0,0.37,10.0,0.51,11.0,0.52,13.28,0.51,5.0,0.49,11.0,0.6,10.0,0.63,10.0,0.11,0.09,0.094456,1776188719000
1776188721.344,21.344,0.4,10.0,0.37,10.0,0.51,11.0,0.52,13.28,0.49,11.0,0.48,13.28,0.6,10.0,0.63,10.0,0.11,0.11,0.094456,1776188720000
1776188721.715,21.715,0.4,5.0,0.37,10.0,0.51,21.0,0.52,13.28,0.49,11.0,0.48,13.28,0.6,10.0,0.63,10.0,0.11,0.11,0.094456,1776188720000
1776188722.838,22.838,0.37,10.0,0.34,8.4,0.51,21.0,0.52,13.28,0.49,21.0,0.48,13.28,0.63,10.0,0.66,8.4,0.14,0.14,0.094441,1776188722000
1776188723.837,23.837,0.37,10.0,0.34,8.4,0.51,21.0,0.52,13.28,0.49,21.0,0.48,13.28,0.63,10.0,0.66,8.4,0.14,0.14,0.094441,1776188723000
1776188725.098,25.098,0.37,10.0,0.34,8.4,0.51,21.0,0.52,13.28,0.49,21.0,0.48,13.28,0.63,10.0,0.66,8.4,0.14,0.14,0.094441,1776188724000
1776188726.061,26.061,0.37,10.0,0.34,8.4,0.51,21.0,0.52,13.28,0.49,21.0,0.48,13.28,0.63,10.0,0.66,8.4,0.14,0.14,0.094441,1776188725000
1776188727.154,27.154,0.37,10.0,0.34,8.4,0.51,21.0,0.52,13.28,0.49,21.0,0.48,13.28,0.63,10.0,0.66,8.4,0.14,0.14,0.094441,1776188726000
1776188727.992,27.992,0.46,5.0,0.41,50.0,0.51,6.0,0.52,13.28,0.49,21.0,0.48,13.28,0.63,10.0,0.66,8.4,0.05,0.14,0.094441,1776188726000
1776188728.534,28.534,0.46,5.0,0.41,50.0,0.51,6.0,0.52,13.28,0.49,6.0,0.48,13.28,0.54,5.0,0.59,50.0,0.05,0.05,0.094441,1776188727000
1776188729.286,29.286,0.46,5.0,0.41,50.0,0.51,6.0,0.52,13.28,0.49,6.0,0.48,13.28,0.54,5.0,0.59,50.0,0.05,0.05,0.094441,1776188728000
1776188730.563,30.563,0.46,5.0,0.41,50.0,0.51,6.0,0.52,13.28,0.49,6.0,0.48,13.28,0.54,5.0,0.59,50.0,0.05,0.05,0.094472,1776188729000
1776188731.377,31.377,0.46,5.0,0.41,50.0,0.51,6.0,0.52,13.28,0.49,6.0,0.48,13.28,0.54,5.0,0.59,50.0,0.05,0.05,0.094472,1776188730000
1776188732.225,32.225,0.46,5.0,0.41,50.0,0.51,6.0,0.52,13.28,0.49,6.0,0.48,13.28,0.54,5.0,0.59,50.0,0.05,0.05,0.094474,1776188731000
1776188733.481,33.481,0.46,5.0,0.41,50.0,0.51,6.0,0.52,13.28,0.49,6.0,0.48,13.28,0.54,5.0,0.59,50.0,0.05,0.05,0.094475,1776188732000
1776188734.071,34.071,0.46,5.0,0.41,50.0,0.51,6.0,0.52,13.28,0.49,6.0,0.48,13.28,0.54,5.0,0.59,50.0,0.05,0.05,0.094475,1776188733000
1776188735.314,35.314,0.46,5.0,0.41,50.0,0.51,6.0,0.52,13.28,0.49,6.0,0.48,13.28,0.54,5.0,0.59,50.0,0.05,0.05,0.09446,1776188734000
1776188735.996,35.996,0.46,5.0,0.41,50.0,0.51,6.0,0.52,13.28,0.49,6.0,0.48,13.28,0.54,5.0,0.59,50.0,0.05,0.05,0.094459,1776188735000
1776188737.335,37.335,0.46,5.0,0.41,50.0,0.51,6.0,0.52,13.28,0.49,6.0,0.48,13.28,0.54,5.0,0.59,50.0,0.05,0.05,0.094461,1776188736000
1776188738.607,38.607,0.46,5.0,0.41,50.0,0.51,6.0,0.52,13.28,0.49,6.0,0.48,13.28,0.54,5.0,0.59,50.0,0.05,0.05,0.094461,1776188737000
1776188739.462,39.462,0.47,5.16,0.46,5.0,0.53,8.03,0.55,5.0,0.49,6.0,0.48,13.28,0.54,5.0,0.59,50.0,0.06,0.05,0.094461,1776188737000
1776188739.698,39.698,0.47,5.16,0.46,5.0,0.53,8.03,0.55,5.0,0.47,8.03,0.45,5.0,0.53,5.16,0.54,5.0,0.06,0.06,0.094461,1776188738000
1776188740.31,40.31,0.47,5.16,0.46,5.0,0.53,8.03,0.55,5.0,0.47,8.03,0.45,5.0,0.53,5.16,0.54,5.0,0.06,0.06,0.094462,1776188739000
1776188741.166,41.166,0.47,5.16,0.46,5.0,0.53,8.03,0.55,5.0,0.47,8.03,0.45,5.0,0.53,5.16,0.54,5.0,0.06,0.06,0.094462,1776188740000
1776188742.775,42.775,0.47,5.16,0.46,5.0,0.53,8.03,0.55,5.0,0.47,8.03,0.45,5.0,0.53,5.16,0.54,5.0,0.06,0.06,0.094463,1776188741000
1776188743.63,43.63,0.47,5.16,0.46,5.0,0.53,8.03,0.55,5.0,0.47,8.03,0.45,5.0,0.53,5.16,0.54,5.0,0.06,0.06,0.094463,1776188742000
1776188744.225,44.225,0.47,5.16,0.46,5.0,0.53,8.03,0.55,5.0,0.47,8.03,0.45,5.0,0.53,5.16,0.54,5.0,0.06,0.06,0.094464,1776188743000
1776188745.722,45.722,0.47,5.16,0.46,5.0,0.53,8.03,0.55,5.0,0.47,8.03,0.45,5.0,0.53,5.16,0.54,5.0,0.06,0.06,0.094466,1776188744000
1776188746.83,46.83,0.44,5.0,0.41,5.0,0.53,8.46,0.55,5.0,0.47,8.46,0.45,5.0,0.56,5.0,0.59,5.0,0.09,0.09,0.094462,1776188745000
1776188747.404,47.404,0.44,5.0,0.41,5.0,0.53,8.46,0.55,5.0,0.47,8.46,0.45,5.0,0.56,5.0,0.59,5.0,0.09,0.09,0.094457,1776188746000
1776188748.019,48.019,0.44,5.0,0.41,5.0,0.53,8.46,0.55,5.0,0.47,8.46,0.45,5.0,0.56,5.0,0.59,5.0,0.09,0.09,0.094457,1776188747000
1776188749.238,49.238,0.44,5.0,0.41,5.0,0.53,8.46,0.55,5.0,0.47,8.46,0.45,5.0,0.56,5.0,0.59,5.0,0.09,0.09,0.094457,1776188748000
1776188750.288,50.288,0.44,5.0,0.41,5.0,0.53,8.46,0.55,5.0,0.47,8.46,0.45,5.0,0.56,5.0,0.59,5.0,0.09,0.09,0.094447,1776188749000
1776188751.45,51.45,0.44,5.0,0.41,5.0,0.53,8.46,0.55,5.0,0.47,8.46,0.45,5.0,0.56,5.0,0.59,5.0,0.09,0.09,0.094422,1776188750000
1776188751.964,51.964,0.44,5.0,0.41,5.0,0.53,8.46,0.55,5.0,0.47,8.46,0.45,5.0,0.56,5.0,0.59,5.0,0.09,0.09,0.094416,1776188751000
1776188753.028,53.028,0.44,5.0,0.41,5.0,0.53,8.46,0.55,5.0,0.47,8.46,0.45,5.0,0.56,5.0,0.59,5.0,0.09,0.09,0.094412,1776188752000
1776188753.701,53.701,0.35,9.33,0.34,11.6,0.42,5.0,0.45,5.0,0.47,8.46,0.45,5.0,0.56,5.0,0.59,5.0,0.07,0.09,0.094412,1776188752000
1776188754.196,54.196,0.35,9.33,0.34,11.6,0.42,5.0,0.45,5.0,0.58,5.0,0.55,5.0,0.65,9.33,0.66,11.6,0.07,0.07,0.094412,1776188753000
1776188755.475,55.475,0.35,9.33,0.34,11.6,0.42,5.0,0.45,5.0,0.58,5.0,0.55,5.0,0.65,9.33,0.66,11.6,0.07,0.07,0.094412,1776188754000
1776188755.94,55.94,0.35,9.33,0.34,11.6,0.42,5.0,0.45,5.0,0.58,5.0,0.55,5.0,0.65,9.33,0.66,11.6,0.07,0.07,0.094412,1776188755000
1776188757.075,57.075,0.35,9.33,0.34,11.6,0.42,5.0,0.45,5.0,0.58,5.0,0.55,5.0,0.65,9.33,0.66,11.6,0.07,0.07,0.094412,1776188756000
1776188758.088,58.088,0.36,7.26,0.35,9.33,0.42,5.0,0.45,5.0,0.58,5.0,0.55,5.0,0.65,9.33,0.66,11.6,0.06,0.07,0.094412,1776188756000
1776188759.335,59.335,0.36,7.26,0.35,9.33,0.42,5.0,0.45,5.0,0.58,5.0,0.55,5.0,0.64,7.26,0.65,9.33,0.06,0.06,0.094412,1776188758000
1776188759.912,59.912,0.34,9.52,0.33,11.8,0.42,5.0,0.45,5.0,0.58,5.0,0.55,5.0,0.66,9.52,0.67,11.8,0.08,0.08,0.094412,1776188759000
1776188761.628,61.628,0.34,9.52,0.33,11.8,0.42,5.0,0.45,5.0,0.58,5.0,0.55,5.0,0.66,9.52,0.67,11.8,0.08,0.08,0.094412,1776188760000
1776188762.146,62.146,0.34,9.52,0.33,11.8,0.42,5.0,0.45,5.0,0.58,5.0,0.55,5.0,0.66,9.52,0.67,11.8,0.08,0.08,0.094412,1776188761000
1776188763.224,63.224,0.34,9.52,0.33,11.8,0.42,5.0,0.45,5.0,0.58,5.0,0.55,5.0,0.66,9.52,0.67,11.8,0.08,0.08,0.094413,1776188762000
1776188764.334,64.334,0.34,9.52,0.33,11.8,0.42,5.0,0.45,5.0,0.58,5.0,0.55,5.0,0.66,9.52,0.67,11.8,0.08,0.08,0.094413,1776188763000
1776188765.325,65.325,0.34,9.52,0.33,11.8,0.42,5.0,0.45,5.0,0.58,5.0,0.55,5.0,0.66,9.52,0.67,11.8,0.08,0.08,0.094413,1776188764000
1776188766.343,66.343,0.34,9.52,0.33,11.8,0.42,5.0,0.45,5.0,0.58,5.0,0.55,5.0,0.66,9.52,0.67,11.8,0.08,0.08,0.094413,1776188765000
1776188767.33,67.33,0.34,9.52,0.33,11.8,0.42,5.0,0.45,5.0,0.58,5.0,0.55,5.0,0.66,9.52,0.67,11.8,0.08,0.08,0.094449,1776188766000
1776188767.907,67.907,0.34,9.52,0.33,11.8,0.42,5.0,0.45,5.0,0.58,5.0,0.55,5.0,0.66,9.52,0.67,11.8,0.08,0.08,0.094449,1776188767000
1776188768.938,68.938,0.34,9.52,0.33,11.8,0.42,5.0,0.45,5.0,0.58,5.0,0.55,5.0,0.66,9.52,0.67,11.8,0.08,0.08,0.094432,1776188768000
1776188770.13,70.13,0.34,9.52,0.33,11.8,0.42,5.0,0.45,5.0,0.58,5.0,0.55,5.0,0.66,9.52,0.67,11.8,0.08,0.08,0.094425,1776188769000
1776188771.194,71.194,0.34,9.52,0.33,11.8,0.42,5.0,0.45,5.0,0.58,5.0,0.55,5.0,0.66,9.52,0.67,11.8,0.08,0.08,0.094427,1776188770000
1776188772.101,72.101,0.34,9.52,0.33,11.8,0.42,5.0,0.45,5.0,0.58,5.0,0.55,5.0,0.66,9.52,0.67,11.8,0.08,0.08,0.094427,1776188771000
1776188773.109,73.109,0.34,9.52,0.33,11.8,0.42,5.0,0.45,5.0,0.58,5.0,0.55,5.0,0.66,9.52,0.67,11.8,0.08,0.08,0.094428,1776188772000
1776188774.145,74.145,0.34,9.52,0.33,11.8,0.42,5.0,0.45,5.0,0.58,5.0,0.55,5.0,0.66,9.52,0.67,11.8,0.08,0.08,0.094428,1776188773000
1776188775.172,75.172,0.34,9.52,0.33,11.8,0.42,5.0,0.45,5.0,0.58,5.0,0.55,5.0,0.66,9.52,0.67,11.8,0.08,0.08,0.094429,1776188774000
1776188776.259,76.259,0.34,9.52,0.33,11.8,0.42,5.0,0.45,5.0,0.58,5.0,0.55,5.0,0.66,9.52,0.67,11.8,0.08,0.08,0.094432,1776188775000
1776188777.26,77.26,0.34,9.52,0.33,11.8,0.42,5.0,0.45,5.0,0.58,5.0,0.55,5.0,0.66,9.52,0.67,11.8,0.08,0.08,0.09444,1776188776000
1776188778.362,78.362,0.34,9.52,0.33,11.8,0.42,5.0,0.45,5.0,0.58,5.0,0.55,5.0,0.66,9.52,0.67,11.8,0.08,0.08,0.094441,1776188777000
1776188779.327,79.327,0.34,9.52,0.33,11.8,0.42,5.0,0.45,5.0,0.58,5.0,0.55,5.0,0.66,9.52,0.67,11.8,0.08,0.08,0.09444,1776188778000
1776188780.33,80.33,0.34,9.52,0.33,11.8,0.42,5.0,0.45,5.0,0.58,5.0,0.55,5.0,0.66,9.52,0.67,11.8,0.08,0.08,0.094441,1776188779000
1776188781.275,81.275,0.34,9.52,0.33,11.8,0.42,5.0,0.45,5.0,0.58,5.0,0.55,5.0,0.66,9.52,0.67,11.8,0.08,0.08,0.094428,1776188780000
1776188782.31,82.31,0.34,9.52,0.33,11.8,0.42,5.0,0.45,5.0,0.58,5.0,0.55,5.0,0.66,9.52,0.67,11.8,0.08,0.08,0.094431,1776188781000
1776188783.303,83.303,0.34,9.52,0.33,11.8,0.42,5.0,0.45,5.0,0.58,5.0,0.55,5.0,0.66,9.52,0.67,11.8,0.08,0.08,0.09443,1776188782000
1776188784.309,84.309,0.34,9.52,0.33,11.8,0.42,5.0,0.45,5.0,0.58,5.0,0.55,5.0,0.66,9.52,0.67,11.8,0.08,0.08,0.094418,1776188783000
1776188785.267,85.267,0.34,9.52,0.33,11.8,0.42,5.0,0.45,5.0,0.58,5.0,0.55,5.0,0.66,9.52,0.67,11.8,0.08,0.08,0.094413,1776188784000
1776188786.354,86.354,0.34,9.52,0.33,11.8,0.42,5.0,0.45,5.0,0.58,5.0,0.55,5.0,0.66,9.52,0.67,11.8,0.08,0.08,0.094421,1776188785000
1776188787.334,87.334,0.34,9.52,0.33,11.8,0.42,5.0,0.45,5.0,0.58,5.0,0.55,5.0,0.66,9.52,0.67,11.8,0.08,0.08,0.094421,1776188786000
1776188788.628,88.628,0.34,9.52,0.33,11.8,0.42,5.0,0.45,5.0,0.58,5.0,0.55,5.0,0.66,9.52,0.67,11.8,0.08,0.08,0.094421,1776188787000
1776188789.538,89.538,0.34,9.52,0.33,11.8,0.42,5.0,0.45,5.0,0.58,5.0,0.55,5.0,0.66,9.52,0.67,11.8,0.08,0.08,0.094433,1776188788000
1776188790.094,90.094,0.34,9.52,0.33,11.8,0.42,5.0,0.45,5.0,0.58,5.0,0.55,5.0,0.66,9.52,0.67,11.8,0.08,0.08,0.094445,1776188789000
1776188791.7,91.7,0.34,9.52,0.33,11.8,0.42,5.0,0.45,5.0,0.58,5.0,0.55,5.0,0.66,9.52,0.67,11.8,0.08,0.08,0.094445,1776188790000
1776188792.372,92.372,0.34,9.52,0.33,11.8,0.42,5.0,0.45,5.0,0.58,5.0,0.55,5.0,0.66,9.52,0.67,11.8,0.08,0.08,0.094438,1776188791000
1776188793.724,93.724,0.34,9.52,0.33,11.8,0.42,5.0,0.45,5.0,0.58,5.0,0.55,5.0,0.66,9.52,0.67,11.8,0.08,0.08,0.094425,1776188792000
1776188794.291,94.291,0.34,9.52,0.33,11.8,0.42,5.0,0.45,5.0,0.58,5.0,0.55,5.0,0.66,9.52,0.67,11.8,0.08,0.08,0.094425,1776188793000
1776188795.525,95.525,0.34,9.52,0.33,11.8,0.42,5.0,0.45,5.0,0.58,5.0,0.55,5.0,0.66,9.52,0.67,11.8,0.08,0.08,0.094424,1776188794000
1776188795.753,95.753,0.36,11.3,0.35,16.4,0.48,4.27,0.51,60.0,0.58,5.0,0.55,5.0,0.66,9.52,0.67,11.8,0.12,0.08,0.094424,1776188794000
1776188796.214,96.214,0.36,11.3,0.35,16.4,0.48,4.27,0.51,60.0,0.52,4.27,0.49,60.0,0.64,11.3,0.65,16.4,0.12,0.12,0.094424,1776188795000
1776188797.438,97.438,0.36,11.3,0.35,16.4,0.48,4.27,0.51,60.0,0.52,4.27,0.49,60.0,0.64,11.3,0.65,16.4,0.12,0.12,0.094424,1776188796000
1776188798.039,98.039,0.36,11.3,0.35,16.4,0.48,4.27,0.51,60.0,0.52,4.27,0.49,60.0,0.64,11.3,0.65,16.4,0.12,0.12,0.094424,1776188797000
1776188799.427,99.427,0.36,11.3,0.35,16.4,0.48,4.27,0.51,60.0,0.52,4.27,0.49,60.0,0.64,11.3,0.65,16.4,0.12,0.12,0.094425,1776188798000
1776188799.993,99.993,0.36,11.3,0.35,16.4,0.48,4.27,0.51,60.0,0.52,4.27,0.49,60.0,0.64,11.3,0.65,16.4,0.12,0.12,0.094425,1776188799000
1776188801.27,101.27,0.36,11.3,0.35,16.4,0.48,4.27,0.51,60.0,0.52,4.27,0.49,60.0,0.64,11.3,0.65,16.4,0.12,0.12,0.094426,1776188800000
1776188802.537,102.537,0.36,11.3,0.35,16.4,0.48,4.27,0.51,60.0,0.52,4.27,0.49,60.0,0.64,11.3,0.65,16.4,0.12,0.12,0.094434,1776188801000
1776188803.188,103.188,0.36,11.3,0.35,16.4,0.48,4.27,0.51,60.0,0.52,4.27,0.49,60.0,0.64,11.3,0.65,16.4,0.12,0.12,0.09444,1776188802000
1776188804.517,104.517,0.36,11.3,0.35,16.4,0.48,4.27,0.51,60.0,0.52,4.27,0.49,60.0,0.64,11.3,0.65,16.4,0.12,0.12,0.094441,1776188803000
1776188805.533,105.533,0.36,11.3,0.35,16.4,0.48,4.27,0.51,60.0,0.52,4.27,0.49,60.0,0.64,11.3,0.65,16.4,0.12,0.12,0.094436,1776188804000
1776188806.024,106.024,0.36,11.3,0.35,16.4,0.48,4.27,0.51,60.0,0.52,4.27,0.49,60.0,0.64,11.3,0.65,16.4,0.12,0.12,0.094436,1776188805000
1776188807.687,107.687,0.36,11.3,0.35,16.4,0.48,4.27,0.51,60.0,0.52,4.27,0.49,60.0,0.64,11.3,0.65,16.4,0.12,0.12,0.094436,1776188806000
1776188808.206,108.206,0.36,11.3,0.35,16.4,0.48,4.27,0.51,60.0,0.52,4.27,0.49,60.0,0.64,11.3,0.65,16.4,0.12,0.12,0.094436,1776188807000
1776188809.396,109.396,0.36,11.3,0.35,16.4,0.48,4.27,0.51,60.0,0.52,4.27,0.49,60.0,0.64,11.3,0.65,16.4,0.12,0.12,0.094436,1776188808000
1776188810.024,110.024,0.36,11.3,0.35,16.4,0.48,4.27,0.51,60.0,0.52,4.27,0.49,60.0,0.64,11.3,0.65,16.4,0.12,0.12,0.094436,1776188809000
1776188810.988,110.988,0.36,11.3,0.35,16.4,0.48,4.27,0.51,60.0,0.52,4.27,0.49,60.0,0.64,11.3,0.65,16.4,0.12,0.12,0.094435,1776188810000
1776188811.583,111.583,0.37,8.73,0.36,11.3,0.51,10.0,0.53,3.46,0.52,4.27,0.49,60.0,0.64,11.3,0.65,16.4,0.14,0.12,0.094435,1776188810000
1776188812.129,112.129,0.37,8.73,0.36,11.3,0.51,10.0,0.53,3.46,0.49,10.0,0.47,3.46,0.63,8.73,0.64,11.3,0.14,0.14,0.094435,1776188811000
1776188813.224,113.224,0.37,8.73,0.36,11.3,0.51,10.0,0.53,3.46,0.49,10.0,0.47,3.46,0.63,8.73,0.64,11.3,0.14,0.14,0.094435,1776188812000
1776188814.254,114.254,0.37,8.73,0.36,11.3,0.51,10.0,0.53,3.46,0.49,10.0,0.47,3.46,0.63,8.73,0.64,11.3,0.14,0.14,0.094436,1776188813000
1776188815.503,115.503,0.37,8.73,0.36,11.3,0.51,10.0,0.53,3.46,0.49,10.0,0.47,3.46,0.63,8.73,0.64,11.3,0.14,0.14,0.094436,1776188814000
1776188816.075,116.075,0.37,8.73,0.36,11.3,0.51,10.0,0.53,3.46,0.49,10.0,0.47,3.46,0.63,8.73,0.64,11.3,0.14,0.14,0.094436,1776188815000
1776188817.192,117.192,0.37,8.73,0.36,11.3,0.51,10.0,0.53,3.46,0.49,10.0,0.47,3.46,0.63,8.73,0.64,11.3,0.14,0.14,0.094436,1776188816000
1776188818.35,118.35,0.37,8.73,0.36,11.3,0.51,10.0,0.53,3.46,0.49,10.0,0.47,3.46,0.63,8.73,0.64,11.3,0.14,0.14,0.09441,1776188817000
1776188818.914,118.914,0.37,8.73,0.36,11.3,0.51,10.0,0.53,3.46,0.49,10.0,0.47,3.46,0.63,8.73,0.64,11.3,0.14,0.14,0.094402,1776188818000
1776188820.503,120.503,0.37,8.73,0.36,11.3,0.51,10.0,0.53,3.46,0.49,10.0,0.47,3.46,0.63,8.73,0.64,11.3,0.14,0.14,0.094396,1776188819000
1776188821.026,121.026,0.37,8.73,0.36,11.3,0.51,10.0,0.53,3.46,0.49,10.0,0.47,3.46,0.63,8.73,0.64,11.3,0.14,0.14,0.094396,1776188820000
1776188822.257,122.257,0.37,8.73,0.36,11.3,0.51,10.0,0.53,3.46,0.49,10.0,0.47,3.46,0.63,8.73,0.64,11.3,0.14,0.14,0.094397,1776188821000
1776188823.363,123.363,0.37,8.73,0.36,11.3,0.51,10.0,0.53,3.46,0.49,10.0,0.47,3.46,0.63,8.73,0.64,11.3,0.14,0.14,0.094416,1776188822000
1776188823.911,123.911,0.37,8.73,0.36,11.3,0.51,10.0,0.53,3.46,0.49,10.0,0.47,3.46,0.63,8.73,0.64,11.3,0.14,0.14,0.094417,1776188823000
1776188825.101,125.101,0.37,8.73,0.36,11.3,0.51,10.0,0.53,3.46,0.49,10.0,0.47,3.46,0.63,8.73,0.64,11.3,0.14,0.14,0.094416,1776188824000
1776188826.185,126.185,0.37,8.73,0.36,11.3,0.51,10.0,0.53,3.46,0.49,10.0,0.47,3.46,0.63,8.73,0.64,11.3,0.14,0.14,0.094414,1776188825000
1776188827.401,127.401,0.37,8.73,0.36,11.3,0.51,10.0,0.53,3.46,0.49,10.0,0.47,3.46,0.63,8.73,0.64,11.3,0.14,0.14,0.094413,1776188826000
1776188828.403,128.403,0.37,8.73,0.36,11.3,0.51,10.0,0.53,3.46,0.49,10.0,0.47,3.46,0.63,8.73,0.64,11.3,0.14,0.14,0.094403,1776188827000
1776188828.973,128.973,0.37,8.73,0.36,11.3,0.51,10.0,0.53,3.46,0.49,10.0,0.47,3.46,0.63,8.73,0.64,11.3,0.14,0.14,0.094403,1776188828000
1776188830.034,130.034,0.37,8.73,0.36,11.3,0.51,10.0,0.53,3.46,0.49,10.0,0.47,3.46,0.63,8.73,0.64,11.3,0.14,0.14,0.094401,1776188829000
1776188831.047,131.047,0.37,8.73,0.36,11.3,0.51,10.0,0.53,3.46,0.49,10.0,0.47,3.46,0.63,8.73,0.64,11.3,0.14,0.14,0.094411,1776188830000
1776188832.155,132.155,0.37,8.73,0.36,11.3,0.51,10.0,0.53,3.46,0.49,10.0,0.47,3.46,0.63,8.73,0.64,11.3,0.14,0.14,0.094432,1776188831000
1776188832.75,132.75,0.37,5.0,0.35,11.4,0.56,7.38,0.57,10.6,0.49,10.0,0.47,3.46,0.63,8.73,0.64,11.3,0.19,0.14,0.094432,1776188831000
1776188833.277,133.277,0.37,5.0,0.35,11.4,0.56,7.38,0.57,10.6,0.44,7.38,0.43,10.6,0.63,5.0,0.65,11.4,0.19,0.19,0.094438,1776188832000
1776188834.919,134.919,0.37,5.0,0.35,11.4,0.56,7.38,0.57,10.6,0.44,7.38,0.43,10.6,0.63,5.0,0.65,11.4,0.19,0.19,0.094437,1776188833000
1776188835.401,135.401,0.37,5.0,0.35,11.4,0.56,7.38,0.57,10.6,0.44,7.38,0.43,10.6,0.63,5.0,0.65,11.4,0.19,0.19,0.094437,1776188834000
1776188836.095,136.095,0.37,5.0,0.35,11.4,0.56,7.38,0.57,10.6,0.44,7.38,0.43,10.6,0.63,5.0,0.65,11.4,0.19,0.19,0.094437,1776188835000
1776188837.143,137.143,0.37,5.0,0.35,11.4,0.56,7.38,0.57,10.6,0.44,7.38,0.43,10.6,0.63,5.0,0.65,11.4,0.19,0.19,0.094437,1776188836000
1776188838.285,138.285,0.37,5.0,0.35,11.4,0.56,7.38,0.57,10.6,0.44,7.38,0.43,10.6,0.63,5.0,0.65,11.4,0.19,0.19,0.094429,1776188837000
1776188839.468,139.468,0.37,5.0,0.35,11.4,0.56,7.38,0.57,10.6,0.44,7.38,0.43,10.6,0.63,5.0,0.65,11.4,0.19,0.19,0.094433,1776188838000
1776188839.976,139.976,0.37,5.0,0.35,11.4,0.56,7.38,0.57,10.6,0.44,7.38,0.43,10.6,0.63,5.0,0.65,11.4,0.19,0.19,0.094435,1776188839000
1776188841.181,141.181,0.37,5.0,0.35,11.4,0.56,7.38,0.57,10.6,0.44,7.38,0.43,10.6,0.63,5.0,0.65,11.4,0.19,0.19,0.094438,1776188840000
1776188842.283,142.283,0.37,5.0,0.35,11.4,0.56,7.38,0.57,10.6,0.44,7.38,0.43,10.6,0.63,5.0,0.65,11.4,0.19,0.19,0.094438,1776188841000
1776188843.487,143.487,0.37,5.0,0.35,11.4,0.56,7.38,0.57,10.6,0.44,7.38,0.43,10.6,0.63,5.0,0.65,11.4,0.19,0.19,0.094438,1776188842000
1776188844.024,144.024,0.37,5.0,0.35,11.4,0.56,7.38,0.57,10.6,0.44,7.38,0.43,10.6,0.63,5.0,0.65,11.4,0.19,0.19,0.094438,1776188843000
1776188845.149,145.149,0.37,5.0,0.35,11.4,0.56,7.38,0.57,10.6,0.44,7.38,0.43,10.6,0.63,5.0,0.65,11.4,0.19,0.19,0.094438,1776188844000
1776188846.342,146.342,0.37,5.0,0.35,11.4,0.56,7.38,0.57,10.6,0.44,7.38,0.43,10.6,0.63,5.0,0.65,11.4,0.19,0.19,0.094438,1776188845000
1776188847.362,147.362,0.37,5.0,0.35,11.4,0.56,7.38,0.57,10.6,0.44,7.38,0.43,10.6,0.63,5.0,0.65,11.4,0.19,0.19,0.094439,1776188846000
1776188847.974,147.974,0.37,5.0,0.35,11.4,0.56,7.38,0.57,10.6,0.44,7.38,0.43,10.6,0.63,5.0,0.65,11.4,0.19,0.19,0.094439,1776188847000
1776188849.61,149.61,0.37,5.0,0.35,11.4,0.56,7.38,0.57,10.6,0.44,7.38,0.43,10.6,0.63,5.0,0.65,11.4,0.19,0.19,0.09444,1776188848000
1776188850.264,150.264,0.37,5.0,0.35,11.4,0.56,7.38,0.57,10.6,0.44,7.38,0.43,10.6,0.63,5.0,0.65,11.4,0.19,0.19,0.094451,1776188849000
1776188851.239,151.239,0.37,5.0,0.35,11.4,0.56,7.38,0.57,10.6,0.44,7.38,0.43,10.6,0.63,5.0,0.65,11.4,0.19,0.19,0.094454,1776188850000
1776188852.205,152.205,0.37,5.0,0.35,11.4,0.56,7.38,0.57,10.6,0.44,7.38,0.43,10.6,0.63,5.0,0.65,11.4,0.19,0.19,0.094458,1776188851000
1776188853.288,153.288,0.37,5.0,0.35,11.4,0.56,7.38,0.57,10.6,0.44,7.38,0.43,10.6,0.63,5.0,0.65,11.4,0.19,0.19,0.094445,1776188852000
1776188854.273,154.273,0.37,5.0,0.35,11.4,0.56,7.38,0.57,10.6,0.44,7.38,0.43,10.6,0.63,5.0,0.65,11.4,0.19,0.19,0.094427,1776188853000
1776188855.334,155.334,0.37,5.0,0.35,11.4,0.56,7.38,0.57,10.6,0.44,7.38,0.43,10.6,0.63,5.0,0.65,11.4,0.19,0.19,0.094415,1776188854000
1776188856.41,156.41,0.37,5.0,0.35,11.4,0.56,7.38,0.57,10.6,0.44,7.38,0.43,10.6,0.63,5.0,0.65,11.4,0.19,0.19,0.094417,1776188855000
1776188856.974,156.974,0.37,5.0,0.35,11.4,0.56,7.38,0.57,10.6,0.44,7.38,0.43,10.6,0.63,5.0,0.65,11.4,0.19,0.19,0.094417,1776188856000
1776188857.955,157.955,0.37,5.0,0.35,11.4,0.56,7.38,0.57,10.6,0.44,7.38,0.43,10.6,0.63,5.0,0.65,11.4,0.19,0.19,0.094417,1776188857000
1776188859.095,159.095,0.37,5.0,0.35,11.4,0.56,7.38,0.57,10.6,0.44,7.38,0.43,10.6,0.63,5.0,0.65,11.4,0.19,0.19,0.094417,1776188858000
1776188860.133,160.133,0.37,5.0,0.35,11.4,0.56,7.38,0.57,10.6,0.44,7.38,0.43,10.6,0.63,5.0,0.65,11.4,0.19,0.19,0.094434,1776188859000
1776188861.059,161.059,0.37,5.0,0.35,11.4,0.56,7.38,0.57,10.6,0.44,7.38,0.43,10.6,0.63,5.0,0.65,11.4,0.19,0.19,0.094437,1776188860000
1776188862.136,162.136,0.37,5.0,0.35,11.4,0.56,7.38,0.57,10.6,0.44,7.38,0.43,10.6,0.63,5.0,0.65,11.4,0.19,0.19,0.094437,1776188861000
1776188863.002,163.002,0.37,5.0,0.35,11.4,0.56,7.38,0.57,10.6,0.44,7.38,0.43,10.6,0.63,5.0,0.65,11.4,0.19,0.19,0.094424,1776188862000
1776188864.056,164.056,0.37,5.0,0.35,11.4,0.56,7.38,0.57,10.6,0.44,7.38,0.43,10.6,0.63,5.0,0.65,11.4,0.19,0.19,0.094414,1776188863000
1776188865.084,165.084,0.37,5.0,0.35,11.4,0.56,7.38,0.57,10.6,0.44,7.38,0.43,10.6,0.63,5.0,0.65,11.4,0.19,0.19,0.094411,1776188864000
1776188866.187,166.187,0.37,5.0,0.35,11.4,0.56,7.38,0.57,10.6,0.44,7.38,0.43,10.6,0.63,5.0,0.65,11.4,0.19,0.19,0.094413,1776188865000
1776188867.09,167.09,0.37,5.0,0.35,11.4,0.56,7.38,0.57,10.6,0.44,7.38,0.43,10.6,0.63,5.0,0.65,11.4,0.19,0.19,0.094413,1776188866000
1776188868.184,168.184,0.37,5.0,0.35,11.4,0.56,7.38,0.57,10.6,0.44,7.38,0.43,10.6,0.63,5.0,0.65,11.4,0.19,0.19,0.094432,1776188867000
1776188869.188,169.188,0.37,5.0,0.35,11.4,0.56,7.38,0.57,10.6,0.44,7.38,0.43,10.6,0.63,5.0,0.65,11.4,0.19,0.19,0.094433,1776188868000
1776188870.218,170.218,0.37,5.0,0.35,11.4,0.56,7.38,0.57,10.6,0.44,7.38,0.43,10.6,0.63,5.0,0.65,11.4,0.19,0.19,0.094433,1776188869000
1776188871.291,171.291,0.37,5.0,0.35,11.4,0.56,7.38,0.57,10.6,0.44,7.38,0.43,10.6,0.63,5.0,0.65,11.4,0.19,0.19,0.094434,1776188870000
1776188872.331,172.331,0.37,5.0,0.35,11.4,0.56,7.38,0.57,10.6,0.44,7.38,0.43,10.6,0.63,5.0,0.65,11.4,0.19,0.19,0.094433,1776188871000
1776188873.415,173.415,0.37,5.0,0.35,11.4,0.56,7.38,0.57,10.6,0.44,7.38,0.43,10.6,0.63,5.0,0.65,11.4,0.19,0.19,0.094436,1776188872000
1776188873.929,173.929,0.37,5.0,0.35,11.4,0.56,7.38,0.57,10.6,0.44,7.38,0.43,10.6,0.63,5.0,0.65,11.4,0.19,0.19,0.094437,1776188873000
1776188874.999,174.999,0.37,5.0,0.35,11.4,0.56,7.38,0.57,10.6,0.44,7.38,0.43,10.6,0.63,5.0,0.65,11.4,0.19,0.19,0.094437,1776188874000
1776188876.768,176.768,0.37,5.0,0.35,11.4,0.56,7.38,0.57,10.6,0.44,7.38,0.43,10.6,0.63,5.0,0.65,11.4,0.19,0.19,0.094436,1776188875000
1776188877.44,177.44,0.37,5.0,0.35,11.4,0.56,7.38,0.57,10.6,0.44,7.38,0.43,10.6,0.63,5.0,0.65,11.4,0.19,0.19,0.094434,1776188876000
1776188878.044,178.044,0.37,5.0,0.35,11.4,0.56,7.38,0.57,10.6,0.44,7.38,0.43,10.6,0.63,5.0,0.65,11.4,0.19,0.19,0.09443,1776188877000
1776188879.085,179.085,0.37,5.0,0.35,11.4,0.56,7.38,0.57,10.6,0.44,7.38,0.43,10.6,0.63,5.0,0.65,11.4,0.19,0.19,0.094421,1776188878000
1776188880.19,180.19,0.37,5.0,0.35,11.4,0.56,7.38,0.57,10.6,0.44,7.38,0.43,10.6,0.63,5.0,0.65,11.4,0.19,0.19,0.094417,1776188879000
1776188881.538,181.538,0.37,5.0,0.35,11.4,0.56,7.38,0.57,10.6,0.44,7.38,0.43,10.6,0.63,5.0,0.65,11.4,0.19,0.19,0.094417,1776188880000
1776188882.166,182.166,0.37,5.0,0.35,11.4,0.56,7.38,0.57,10.6,0.44,7.38,0.43,10.6,0.63,5.0,0.65,11.4,0.19,0.19,0.094417,1776188881000
1776188883.352,183.352,0.37,5.0,0.35,11.4,0.56,7.38,0.57,10.6,0.44,7.38,0.43,10.6,0.63,5.0,0.65,11.4,0.19,0.19,0.094417,1776188882000
1776188884.43,184.43,0.37,5.0,0.35,11.4,0.56,7.38,0.57,10.6,0.44,7.38,0.43,10.6,0.63,5.0,0.65,11.4,0.19,0.19,0.094417,1776188883000
1776188884.988,184.988,0.37,5.0,0.35,11.4,0.56,7.38,0.57,10.6,0.44,7.38,0.43,10.6,0.63,5.0,0.65,11.4,0.19,0.19,0.094417,1776188884000
1776188886.287,186.287,0.37,5.0,0.35,11.4,0.56,7.38,0.57,10.6,0.44,7.38,0.43,10.6,0.63,5.0,0.65,11.4,0.19,0.19,0.094417,1776188885000
1776188887.113,187.113,0.37,5.0,0.35,11.4,0.56,7.38,0.57,10.6,0.44,7.38,0.43,10.6,0.63,5.0,0.65,11.4,0.19,0.19,0.094419,1776188886000
1776188888.31,188.31,0.37,5.0,0.35,11.4,0.56,7.38,0.57,10.6,0.44,7.38,0.43,10.6,0.63,5.0,0.65,11.4,0.19,0.19,0.094418,1776188887000
1776188888.976,188.976,0.37,5.0,0.35,11.4,0.56,7.38,0.57,10.6,0.44,7.38,0.43,10.6,0.63,5.0,0.65,11.4,0.19,0.19,0.094418,1776188888000
1776188890.087,190.087,0.37,5.0,0.35,11.4,0.56,7.38,0.57,10.6,0.44,7.38,0.43,10.6,0.63,5.0,0.65,11.4,0.19,0.19,0.094418,1776188889000
1776188891.181,191.181,0.37,5.0,0.35,11.4,0.56,7.38,0.57,10.6,0.44,7.38,0.43,10.6,0.63,5.0,0.65,11.4,0.19,0.19,0.094418,1776188890000
1776188892.273,192.273,0.37,5.0,0.35,11.4,0.56,7.38,0.57,10.6,0.44,7.38,0.43,10.6,0.63,5.0,0.65,11.4,0.19,0.19,0.094425,1776188891000
1776188893.477,193.477,0.37,5.0,0.35,11.4,0.56,7.38,0.57,10.6,0.44,7.38,0.43,10.6,0.63,5.0,0.65,11.4,0.19,0.19,0.09444,1776188892000
1776188893.854,193.854,0.37,5.0,0.35,11.4,0.56,7.38,0.57,10.6,0.44,7.38,0.43,10.6,0.63,5.0,0.65,11.4,0.19,0.19,0.09444,1776188893000
1776188894.928,194.928,0.37,5.0,0.35,11.4,0.56,7.38,0.57,10.6,0.44,7.38,0.43,10.6,0.63,5.0,0.65,11.4,0.19,0.19,0.09444,1776188894000
1776188895.632,195.632,0.44,5.0,0.43,5.0,0.61,5.0,0.63,13.0,0.44,7.38,0.43,10.6,0.63,5.0,0.65,11.4,0.17,0.19,0.09444,1776188894000
1776188895.995,195.995,0.44,5.0,0.43,5.0,0.61,5.0,0.63,13.0,0.39,5.0,0.37,13.0,0.56,5.0,0.57,5.0,0.17,0.17,0.094441,1776188895000
1776188897.009,197.009,0.44,5.0,0.43,5.0,0.61,5.0,0.63,13.0,0.39,5.0,0.37,13.0,0.56,5.0,0.57,5.0,0.17,0.17,0.094448,1776188896000
1776188897.982,197.982,0.44,5.0,0.43,5.0,0.61,5.0,0.63,13.0,0.39,5.0,0.37,13.0,0.56,5.0,0.57,5.0,0.17,0.17,0.094464,1776188897000
1776188898.528,198.528,0.61,5.0,0.53,5.0,0.68,0.63,0.73,5.0,0.39,5.0,0.37,13.0,0.56,5.0,0.57,5.0,0.07,0.17,0.094464,1776188897000
1776188898.952,198.952,0.61,5.0,0.53,5.0,0.73,1.51,0.75,13.9,0.27,1.51,0.25,13.9,0.39,5.0,0.47,5.0,0.12,0.12,0.094464,1776188898000
1776188899.989,199.989,0.61,5.0,0.53,5.0,0.73,1.51,0.75,13.9,0.27,1.51,0.25,13.9,0.39,5.0,0.47,5.0,0.12,0.12,0.094464,1776188899000
1776188900.974,200.974,0.61,5.0,0.53,5.0,0.73,1.51,0.75,13.9,0.27,1.51,0.25,13.9,0.39,5.0,0.47,5.0,0.12,0.12,0.094488,1776188900000
1776188902.022,202.022,0.61,5.0,0.53,5.0,0.73,1.51,0.75,13.9,0.27,1.51,0.25,13.9,0.39,5.0,0.47,5.0,0.12,0.12,0.094487,1776188901000
1776188902.99,202.99,0.61,5.0,0.53,5.0,0.73,1.51,0.75,13.9,0.27,1.51,0.25,13.9,0.39,5.0,0.47,5.0,0.12,0.12,0.094473,1776188902000
1776188904.034,204.034,0.61,5.0,0.53,5.0,0.73,1.51,0.75,13.9,0.27,1.51,0.25,13.9,0.39,5.0,0.47,5.0,0.12,0.12,0.094466,1776188903000
1776188905.577,205.577,0.61,5.0,0.53,5.0,0.73,1.51,0.75,13.9,0.27,1.51,0.25,13.9,0.39,5.0,0.47,5.0,0.12,0.12,0.094464,1776188904000
1776188906.116,206.116,0.61,5.0,0.53,5.0,0.73,1.51,0.75,13.9,0.27,1.51,0.25,13.9,0.39,5.0,0.47,5.0,0.12,0.12,0.094467,1776188905000
1776188907.204,207.204,0.61,5.0,0.53,5.0,0.73,1.51,0.75,13.9,0.27,1.51,0.25,13.9,0.39,5.0,0.47,5.0,0.12,0.12,0.094465,1776188906000
1776188908.408,208.408,0.61,5.0,0.53,5.0,0.73,1.51,0.75,13.9,0.27,1.51,0.25,13.9,0.39,5.0,0.47,5.0,0.12,0.12,0.094476,1776188907000
1776188909.367,209.367,0.61,5.0,0.53,5.0,0.73,1.51,0.75,13.9,0.27,1.51,0.25,13.9,0.39,5.0,0.47,5.0,0.12,0.12,0.094487,1776188908000
1776188909.927,209.927,0.61,5.0,0.53,5.0,0.73,1.51,0.75,13.9,0.27,1.51,0.25,13.9,0.39,5.0,0.47,5.0,0.12,0.12,0.094489,1776188909000
1776188910.921,210.921,0.71,50.0,0.7,5.0,0.82,7.0,0.83,18.39,0.18,7.0,0.17,18.39,0.29,50.0,0.3,5.0,0.11,0.11,0.094501,1776188910000
1776188911.986,211.986,0.71,50.0,0.7,5.0,0.82,7.0,0.83,18.39,0.18,7.0,0.17,18.39,0.29,50.0,0.3,5.0,0.11,0.11,0.094521,1776188911000
1776188913.185,213.185,0.71,50.0,0.7,5.0,0.82,7.0,0.83,18.39,0.18,7.0,0.17,18.39,0.29,50.0,0.3,5.0,0.11,0.11,0.094521,1776188912000
1776188913.736,213.736,0.53,8.97,0.52,10.4,0.73,5.0,0.74,5.0,0.18,7.0,0.17,18.39,0.29,50.0,0.3,5.0,0.2,0.11,0.094521,1776188912000
1776188914.054,214.054,0.61,5.0,0.6,5.0,0.73,3.63,0.81,50.0,0.27,5.0,0.26,5.0,0.47,2.65,0.48,10.4,0.12,0.2,0.094521,1776188912000
1776188915.145,215.145,0.61,5.0,0.6,5.0,0.73,3.63,0.81,50.0,0.27,3.63,0.19,50.0,0.39,5.0,0.4,5.0,0.12,0.12,0.094523,1776188914000
1776188916.264,216.264,0.61,5.0,0.6,5.0,0.73,3.63,0.81,50.0,0.27,3.63,0.19,50.0,0.39,5.0,0.4,5.0,0.12,0.12,0.094499,1776188915000
1776188916.563,216.563,0.53,2.65,0.52,10.4,0.8,3.71,0.81,66.89,0.27,3.63,0.19,50.0,0.39,5.0,0.4,5.0,0.27,0.12,0.094499,1776188915000
1776188917.328,217.328,0.53,2.65,0.52,10.4,0.8,3.71,0.81,66.89,0.2,3.71,0.19,66.89,0.47,2.65,0.48,10.4,0.27,0.27,0.094491,1776188916000
1776188918.48,218.48,0.53,2.65,0.52,10.4,0.8,3.71,0.81,66.89,0.2,3.71,0.19,66.89,0.47,2.65,0.48,10.4,0.27,0.27,0.09449,1776188917000
1776188919.687,219.687,0.53,2.65,0.52,10.4,0.8,3.71,0.81,66.89,0.2,3.71,0.19,66.89,0.47,2.65,0.48,10.4,0.27,0.27,0.094491,1776188918000
1776188920.365,220.365,0.53,2.65,0.52,10.4,0.8,3.71,0.81,66.89,0.2,3.71,0.19,66.89,0.47,2.65,0.48,10.4,0.27,0.27,0.094498,1776188919000
1776188921.292,221.292,0.53,2.65,0.52,10.4,0.8,3.71,0.81,66.89,0.2,3.71,0.19,66.89,0.47,2.65,0.48,10.4,0.27,0.27,0.0945,1776188920000
1776188922.543,222.543,0.53,2.65,0.52,10.4,0.8,3.71,0.81,66.89,0.2,3.71,0.19,66.89,0.47,2.65,0.48,10.4,0.27,0.27,0.094502,1776188921000
1776188923.294,223.294,0.53,2.65,0.52,10.4,0.8,3.71,0.81,66.89,0.2,3.71,0.19,66.89,0.47,2.65,0.48,10.4,0.27,0.27,0.094502,1776188922000
1776188924.647,224.647,0.53,2.65,0.52,10.4,0.8,3.71,0.81,66.89,0.2,3.71,0.19,66.89,0.47,2.65,0.48,10.4,0.27,0.27,0.0945,1776188923000
1776188925.41,225.41,0.53,2.65,0.52,10.4,0.8,3.71,0.81,66.89,0.2,3.71,0.19,66.89,0.47,2.65,0.48,10.4,0.27,0.27,0.0945,1776188924000
1776188926.589,226.589,0.53,2.65,0.52,10.4,0.8,3.71,0.81,66.89,0.2,3.71,0.19,66.89,0.47,2.65,0.48,10.4,0.27,0.27,0.0945,1776188925000
1776188927.502,227.502,0.53,2.65,0.52,10.4,0.8,3.71,0.81,66.89,0.2,3.71,0.19,66.89,0.47,2.65,0.48,10.4,0.27,0.27,0.094505,1776188926000
1776188928.152,228.152,0.53,2.65,0.52,10.4,0.8,3.71,0.81,66.89,0.2,3.71,0.19,66.89,0.47,2.65,0.48,10.4,0.27,0.27,0.094507,1776188927000
1776188929.629,229.629,0.53,2.65,0.52,10.4,0.8,3.71,0.81,66.89,0.2,3.71,0.19,66.89,0.47,2.65,0.48,10.4,0.27,0.27,0.094508,1776188928000
1776188930.41,230.41,0.53,2.65,0.52,10.4,0.8,3.71,0.81,66.89,0.2,3.71,0.19,66.89,0.47,2.65,0.48,10.4,0.27,0.27,0.09451,1776188929000
1776188931.209,231.209,0.53,2.65,0.52,10.4,0.8,3.71,0.81,66.89,0.2,3.71,0.19,66.89,0.47,2.65,0.48,10.4,0.27,0.27,0.094517,1776188930000
1776188932.09,232.09,0.51,54.33,0.5,10.4,0.78,5.0,0.81,50.0,0.2,3.71,0.19,66.89,0.47,2.65,0.48,10.4,0.27,0.27,0.094517,1776188930000
1776188932.716,232.716,0.51,48.26,0.5,10.4,0.81,50.0,0.83,18.39,0.22,5.0,0.19,50.0,0.49,54.33,0.5,10.4,0.3,0.27,0.094517,1776188930000
1776188933.881,233.881,0.51,48.26,0.5,10.4,0.81,50.0,0.83,18.39,0.19,50.0,0.17,18.39,0.49,48.26,0.5,10.4,0.3,0.3,0.094502,1776188932000
1776188934.738,234.738,0.51,48.26,0.5,10.4,0.81,50.0,0.83,18.39,0.19,50.0,0.17,18.39,0.49,48.26,0.5,10.4,0.3,0.3,0.094486,1776188933000
1776188935.334,235.334,0.51,48.26,0.5,10.4,0.81,50.0,0.83,18.39,0.19,50.0,0.17,18.39,0.49,48.26,0.5,10.4,0.3,0.3,0.094484,1776188934000
1776188936.132,236.132,0.51,48.26,0.5,10.4,0.81,50.0,0.83,18.39,0.19,50.0,0.17,18.39,0.49,48.26,0.5,10.4,0.3,0.3,0.094484,1776188935000
1776188937.646,237.646,0.51,48.26,0.5,10.4,0.81,50.0,0.83,18.39,0.19,50.0,0.17,18.39,0.49,48.26,0.5,10.4,0.3,0.3,0.094489,1776188936000
1776188938.848,238.848,0.51,48.26,0.5,10.4,0.81,50.0,0.83,18.39,0.19,50.0,0.17,18.39,0.49,48.26,0.5,10.4,0.3,0.3,0.09449,1776188937000
1776188939.29,239.29,0.51,48.26,0.5,10.4,0.81,50.0,0.83,18.39,0.19,50.0,0.17,18.39,0.49,48.26,0.5,10.4,0.3,0.3,0.09449,1776188938000
1776188940.288,240.288,0.51,48.26,0.5,10.4,0.81,50.0,0.83,18.39,0.19,50.0,0.17,18.39,0.49,48.26,0.5,10.4,0.3,0.3,0.09449,1776188939000
1776188941.351,241.351,0.51,48.26,0.5,10.4,0.81,50.0,0.83,18.39,0.19,50.0,0.17,18.39,0.49,48.26,0.5,10.4,0.3,0.3,0.09449,1776188940000
1776188942.405,242.405,0.51,48.26,0.5,10.4,0.81,50.0,0.83,18.39,0.19,50.0,0.17,18.39,0.49,48.26,0.5,10.4,0.3,0.3,0.09449,1776188941000
1776188942.84,242.84,0.51,48.26,0.5,10.4,0.81,50.0,0.83,18.39,0.19,50.0,0.17,18.39,0.49,48.26,0.5,10.4,0.3,0.3,0.09449,1776188942000
1776188943.928,243.928,0.51,48.26,0.5,10.4,0.81,50.0,0.83,18.39,0.19,50.0,0.17,18.39,0.49,48.26,0.5,10.4,0.3,0.3,0.094495,1776188943000
1776188944.995,244.995,0.51,48.26,0.5,10.4,0.81,50.0,0.83,18.39,0.19,50.0,0.17,18.39,0.49,48.26,0.5,10.4,0.3,0.3,0.094497,1776188944000
1776188945.978,245.978,0.51,48.26,0.5,10.4,0.81,50.0,0.83,18.39,0.19,50.0,0.17,18.39,0.49,48.26,0.5,10.4,0.3,0.3,0.094502,1776188945000
1776188946.333,246.333,0.69,7.0,0.66,11.6,0.84,19.3,0.85,26.99,0.19,50.0,0.17,18.39,0.49,48.26,0.5,10.4,0.15,0.3,0.094502,1776188945000
1776188946.687,246.687,0.69,7.0,0.66,11.6,0.84,18.1,0.85,26.99,0.16,19.3,0.15,26.99,0.31,7.0,0.34,11.6,0.15,0.15,0.094502,1776188945000
1776188947.006,247.006,0.69,7.0,0.66,11.6,0.84,18.1,0.85,26.99,0.16,18.1,0.15,26.99,0.31,7.0,0.34,11.6,0.15,0.15,0.094503,1776188946000
1776188948.018,248.018,0.69,7.0,0.66,11.6,0.84,18.1,0.85,26.99,0.16,18.1,0.15,26.99,0.31,7.0,0.34,11.6,0.15,0.15,0.094503,1776188947000
1776188949.079,249.079,0.69,7.0,0.66,11.6,0.84,18.1,0.85,26.99,0.16,18.1,0.15,26.99,0.31,7.0,0.34,11.6,0.15,0.15,0.094503,1776188948000
1776188950.087,250.087,0.69,7.0,0.66,11.6,0.84,18.1,0.85,26.99,0.16,18.1,0.15,26.99,0.31,7.0,0.34,11.6,0.15,0.15,0.094506,1776188949000
1776188951.211,251.211,0.69,7.0,0.66,11.6,0.84,18.1,0.85,26.99,0.16,18.1,0.15,26.99,0.31,7.0,0.34,11.6,0.15,0.15,0.094509,1776188950000
1776188952.11,252.11,0.69,7.0,0.66,11.6,0.84,18.1,0.85,26.99,0.16,18.1,0.15,26.99,0.31,7.0,0.34,11.6,0.15,0.15,0.094509,1776188951000
1776188953.375,253.375,0.69,7.0,0.66,11.6,0.84,18.1,0.85,26.99,0.16,18.1,0.15,26.99,0.31,7.0,0.34,11.6,0.15,0.15,0.094509,1776188952000
1776188953.941,253.941,0.69,7.0,0.66,11.6,0.84,18.1,0.85,26.99,0.16,18.1,0.15,26.99,0.31,7.0,0.34,11.6,0.15,0.15,0.094509,1776188953000
1776188955.107,255.107,0.69,7.0,0.66,11.6,0.84,18.1,0.85,26.99,0.16,18.1,0.15,26.99,0.31,7.0,0.34,11.6,0.15,0.15,0.094509,1776188954000
1776188956.131,256.131,0.69,7.0,0.66,11.6,0.84,18.1,0.85,26.99,0.16,18.1,0.15,26.99,0.31,7.0,0.34,11.6,0.15,0.15,0.094515,1776188955000
1776188957.342,257.342,0.69,7.0,0.66,11.6,0.84,18.1,0.85,26.99,0.16,18.1,0.15,26.99,0.31,7.0,0.34,11.6,0.15,0.15,0.094515,1776188956000
1776188957.936,257.936,0.69,7.0,0.66,11.6,0.84,18.1,0.85,26.99,0.16,18.1,0.15,26.99,0.31,7.0,0.34,11.6,0.15,0.15,0.094515,1776188957000
1776188958.964,258.964,0.69,7.0,0.66,11.6,0.84,18.1,0.85,26.99,0.16,18.1,0.15,26.99,0.31,7.0,0.34,11.6,0.15,0.15,0.094515,1776188958000
1776188959.175,259.175,0.63,2.83,0.52,10.4,0.71,50.0,0.81,60.0,0.16,18.1,0.15,26.99,0.31,7.0,0.34,11.6,0.08,0.15,0.094515,1776188958000
1776188960.095,260.095,0.52,1.39,0.51,60.4,0.71,8.0,0.81,50.0,0.29,8.0,0.19,50.0,0.48,1.39,0.49,60.4,0.19,0.19,0.094514,1776188959000
1776188961.134,261.134,0.7,5.0,0.61,67.0,0.71,5.23,0.85,6.6,0.29,8.0,0.19,50.0,0.48,1.39,0.49,60.4,0.01,0.19,0.094514,1776188959000
1776188962.49,262.49,0.7,5.0,0.61,67.0,0.71,5.23,0.85,6.6,0.29,5.23,0.15,6.6,0.3,5.0,0.39,67.0,0.01,0.01,0.094496,1776188961000
1776188963.073,263.073,0.7,5.0,0.61,67.0,0.71,5.23,0.85,6.6,0.29,5.23,0.15,6.6,0.3,5.0,0.39,67.0,0.01,0.01,0.094498,1776188962000
1776188964.199,264.199,0.7,5.0,0.61,67.0,0.71,5.23,0.85,6.6,0.29,5.23,0.15,6.6,0.3,5.0,0.39,67.0,0.01,0.01,0.094498,1776188963000
1776188964.869,264.869,0.71,44.77,0.7,5.0,0.85,6.6,0.88,49.2,0.29,5.23,0.15,6.6,0.3,5.0,0.39,67.0,0.14,0.01,0.094498,1776188963000
1776188965.465,265.465,0.71,44.77,0.7,5.0,0.85,6.6,0.88,49.2,0.15,6.6,0.12,49.2,0.29,44.77,0.3,5.0,0.14,0.14,0.094498,1776188964000
1776188965.979,265.979,0.71,44.77,0.7,5.0,0.85,6.6,0.88,49.2,0.15,6.6,0.12,49.2,0.29,44.77,0.3,5.0,0.14,0.14,0.094498,1776188965000
1776188967.613,267.613,0.71,44.77,0.7,5.0,0.85,6.6,0.88,49.2,0.15,6.6,0.12,49.2,0.29,44.77,0.3,5.0,0.14,0.14,0.094511,1776188966000
1776188967.821,267.821,0.63,6.98,0.62,11.0,0.85,6.6,0.87,10.0,0.15,6.6,0.12,49.2,0.29,44.77,0.3,5.0,0.22,0.14,0.094511,1776188966000
1776188968.39,268.39,0.62,9.98,0.61,60.9,0.85,6.6,0.87,10.0,0.15,6.6,0.13,10.0,0.38,9.98,0.39,60.9,0.23,0.23,0.094517,1776188967000
1776188969.369,269.369,0.84,31.0,0.81,50.0,0.85,3.1,0.88,24.6,0.15,6.6,0.13,10.0,0.38,9.98,0.39,60.9,0.01,0.23,0.094517,1776188967000
1776188969.63,269.63,0.84,31.0,0.81,50.0,0.88,24.6,0.96,67.7,0.15,3.1,0.12,24.6,0.16,31.0,0.19,50.0,0.04,0.01,0.094505,1776188968000
1776188970.196,270.196,0.84,31.0,0.81,50.0,0.88,24.6,0.96,67.7,0.12,24.6,0.04,67.7,0.16,31.0,0.19,50.0,0.04,0.04,0.094503,1776188969000
1776188971.392,271.392,0.84,31.0,0.81,50.0,0.88,24.6,0.96,67.7,0.12,24.6,0.04,67.7,0.16,31.0,0.19,50.0,0.04,0.04,0.094511,1776188970000
1776188971.621,271.621,0.85,32.42,0.81,50.0,0.88,24.6,0.97,89.3,0.12,24.6,0.04,67.7,0.16,31.0,0.19,50.0,0.03,0.04,0.094511,1776188970000
1776188971.96,271.96,0.85,32.42,0.81,50.0,0.88,24.6,0.97,89.3,0.12,24.6,0.03,89.3,0.15,32.42,0.19,50.0,0.03,0.03,0.09454,1776188971000
1776188972.455,272.455,0.86,5.0,0.85,32.42,0.88,14.44,0.97,89.3,0.12,24.6,0.03,89.3,0.15,32.42,0.19,50.0,0.02,0.03,0.09454,1776188971000
1776188973.356,273.356,0.92,12.88,0.86,5.0,0.97,89.3,0.98,137.69,0.03,89.3,0.02,137.69,0.08,12.88,0.14,5.0,0.05,0.05,0.094547,1776188972000
1776188973.868,273.868,0.92,12.88,0.89,5.0,0.99,542.6,,,0.03,89.3,0.02,137.69,0.08,12.88,0.14,5.0,0.07,0.05,0.094547,1776188972000
1776188975.365,275.365,0.92,12.88,0.89,5.0,0.99,542.6,,,0.01,542.6,,,0.08,12.88,0.11,5.0,0.07,0.07,0.09456,1776188974000
1776188976.119,276.119,0.92,12.88,0.89,5.0,0.99,542.6,,,0.01,542.6,,,0.08,12.88,0.11,5.0,0.07,0.07,0.09456,1776188975000
1776188976.705,276.705,0.92,12.88,0.89,5.0,0.99,229.0,,,0.01,542.6,,,0.08,12.88,0.11,5.0,0.07,0.07,0.09456,1776188975000
1776188976.997,276.997,0.92,12.88,0.89,5.0,0.99,212.63,,,0.01,223.0,,,0.08,12.88,0.11,5.0,0.07,0.07,0.09456,1776188975000
1776188977.468,277.468,0.92,12.88,0.89,5.0,0.99,212.63,,,0.01,212.63,,,0.08,12.88,0.11,5.0,0.07,0.07,0.094562,1776188976000
1776188977.872,277.872,0.92,12.88,0.89,10.0,0.99,211.61,,,0.01,212.63,,,0.08,12.88,0.11,5.0,0.07,0.07,0.094562,1776188976000
1776188978.107,278.107,0.92,12.88,0.89,10.0,0.99,211.61,,,0.01,211.61,,,0.08,12.88,0.11,10.0,0.07,0.07,0.094568,1776188977000
1776188979.502,279.502,0.92,12.88,0.89,10.0,0.99,211.61,,,0.01,211.61,,,0.08,12.88,0.11,10.0,0.07,0.07,0.094569,1776188978000
1776188979.809,279.809,0.92,12.88,0.89,10.0,,,,,0.01,106.26,,,0.08,12.88,0.11,10.0,,0.07,0.094569,1776188978000
1776188980.223,280.223,0.92,12.88,0.89,10.0,,,,,,,,,0.08,12.88,0.11,10.0,,,0.094572,1776188979000
1776188981.534,281.534,0.92,12.88,0.89,10.0,,,,,,,,,0.08,12.88,0.11,10.0,,,0.09458,1776188980000
1776188982.203,282.203,0.92,12.88,0.89,10.0,,,,,,,,,0.08,12.88,0.11,10.0,,,0.094585,1776188981000
1776188982.516,282.516,0.97,5.15,0.92,12.88,,,,,,,,,0.08,12.88,0.11,10.0,,,0.094585,1776188981000
1776188984.19,284.19,0.97,5.15,0.92,12.88,,,,,,,,,0.03,5.15,0.08,12.88,,,0.094566,1776188983000
1776188986.351,286.351,0.97,5.15,0.92,12.88,,,,,,,,,0.03,5.15,0.08,12.88,,,0.094566,1776188984000
1776188987.056,287.056,0.97,5.15,0.92,12.88,,,,,,,,,0.03,5.15,0.08,12.88,,,0.094561,1776188986000
1776188988.469,288.469,0.97,5.15,0.92,12.88,,,,,,,,,0.03,5.15,0.08,12.88,,,0.094559,1776188987000
1776188989.327,289.327,0.97,5.15,0.92,12.88,,,,,,,,,0.03,5.15,0.08,12.88,,,0.094559,1776188988000
1776188990.103,290.103,0.97,5.15,0.92,12.88,,,,,,,,,0.03,5.15,0.08,12.88,,,0.094559,1776188989000
1776188991.609,291.609,0.97,5.15,0.92,12.88,,,,,,,,,0.03,5.15,0.08,12.88,,,0.094566,1776188990000
1776188992.377,292.377,0.97,5.15,0.92,12.88,,,,,,,,,0.03,5.15,0.08,12.88,,,0.094565,1776188991000
1776188993.072,293.072,0.97,5.15,0.92,12.88,,,,,,,,,0.03,5.15,0.08,12.88,,,0.094557,1776188992000
1776188994.526,294.526,0.97,5.15,0.92,12.88,,,,,,,,,0.03,5.15,0.08,12.88,,,0.094559,1776188993000
1776188995.301,295.301,0.97,5.15,0.92,12.88,,,,,,,,,0.03,5.15,0.08,12.88,,,0.094559,1776188994000
1776188999.035,299.035,0.97,5.15,0.92,12.88,,,,,,,,,0.03,5.15,0.08,12.88,,,0.094596,1776188995000
1776189000.576,300.576,0.97,5.15,0.92,12.88,,,,,,,,,0.03,5.15,0.08,12.88,,,0.094595,1776188999000

# RESULT,winner=Up,slug=doge-updown-5m-1776188700,ticks=324
