timestamp,elapsed_sec,up_bid_p1,up_bid_s1,up_bid_p2,up_bid_s2,up_ask_p1,up_ask_s1,up_ask_p2,up_ask_s2,down_bid_p1,down_bid_s1,down_bid_p2,down_bid_s2,down_ask_p1,down_ask_s1,down_ask_p2,down_ask_s2,up_spread,down_spread,doge_price,doge_oracle_ts
1776329101.362,1.362,0.51,5.88,0.41,37.0,0.59,37.0,0.6,33.0,0.41,37.0,0.4,33.0,0.49,5.88,0.59,37.0,0.08,0.08,0.096099,1776329100000
1776329101.955,1.955,0.51,5.88,0.41,37.0,0.59,37.0,0.6,33.0,0.41,37.0,0.4,33.0,0.49,5.88,0.59,37.0,0.08,0.08,0.096098,1776329101000
1776329103.542,3.542,0.51,5.88,0.41,37.0,0.59,37.0,0.6,33.0,0.41,37.0,0.4,33.0,0.49,5.88,0.59,37.0,0.08,0.08,0.096091,1776329102000
1776329104.071,4.071,0.51,5.88,0.41,37.0,0.59,37.0,0.6,33.0,0.41,37.0,0.4,33.0,0.49,5.88,0.59,37.0,0.08,0.08,0.096101,1776329103000
1776329105.264,5.264,0.51,5.88,0.41,37.0,0.59,37.0,0.6,33.0,0.41,37.0,0.4,33.0,0.49,5.88,0.59,37.0,0.08,0.08,0.096112,1776329104000
1776329106.451,6.451,0.51,5.88,0.41,37.0,0.59,37.0,0.6,33.0,0.41,37.0,0.4,33.0,0.49,5.88,0.59,37.0,0.08,0.08,0.096112,1776329105000
1776329107.207,7.207,0.51,5.88,0.41,37.0,0.59,37.0,0.6,33.0,0.41,37.0,0.4,33.0,0.49,5.88,0.59,37.0,0.08,0.08,0.096112,1776329106000
1776329107.893,7.893,0.61,1.15,0.6,5.0,0.63,5.0,0.64,5.0,0.41,37.0,0.4,33.0,0.49,5.88,0.59,37.0,0.02,0.08,0.096112,1776329106000
1776329108.22,8.22,0.61,1.15,0.6,5.0,0.63,5.0,0.64,5.0,0.37,5.0,0.36,5.0,0.39,1.15,0.4,5.0,0.02,0.02,0.096112,1776329107000
1776329109.687,9.687,0.61,1.15,0.6,5.0,0.63,5.0,0.64,5.0,0.37,5.0,0.36,5.0,0.39,1.15,0.4,5.0,0.02,0.02,0.096117,1776329108000
1776329110.18,10.18,0.61,1.15,0.6,5.0,0.63,5.0,0.64,5.0,0.37,5.0,0.36,5.0,0.39,1.15,0.4,5.0,0.02,0.02,0.096125,1776329109000
1776329110.475,10.475,0.64,5.0,0.63,5.0,0.66,5.0,0.68,5.0,0.37,5.0,0.36,5.0,0.39,1.15,0.4,5.0,0.02,0.02,0.096125,1776329109000
1776329111.202,11.202,0.64,5.0,0.63,5.0,0.66,5.0,0.68,5.0,0.34,5.0,0.32,5.0,0.36,5.0,0.37,5.0,0.02,0.02,0.096137,1776329110000
1776329112.479,12.479,0.64,5.0,0.63,5.0,0.66,11.0,0.68,5.0,0.34,5.0,0.32,5.0,0.36,5.0,0.37,5.0,0.02,0.02,0.096135,1776329111000
1776329114.368,14.368,0.67,5.0,0.66,5.0,0.69,5.0,0.7,5.0,0.34,11.0,0.32,5.0,0.36,5.0,0.37,5.0,0.02,0.02,0.096135,1776329113000
1776329116.364,16.364,0.67,5.0,0.66,5.0,0.69,11.0,0.71,5.0,0.31,5.0,0.3,5.0,0.33,5.0,0.34,5.0,0.02,0.02,0.09614,1776329115000
1776329123.285,23.285,0.72,5.0,0.71,5.0,0.75,11.0,0.76,5.0,0.31,11.0,0.29,5.0,0.33,5.0,0.34,5.0,0.03,0.02,0.096144,1776329122000
1776329144.945,44.945,0.8,8.0,0.79,5.0,0.81,56.0,0.82,30.0,0.25,11.0,0.24,5.0,0.28,5.0,0.29,5.0,0.01,0.03,0.096161,1776329143000
1776329145.328,45.328,0.8,3.0,0.79,5.0,0.81,56.0,0.82,52.6,0.19,56.0,0.18,30.0,0.2,3.0,0.21,5.0,0.01,0.01,0.096162,1776329144000
1776329147.584,47.584,0.78,5.0,0.77,5.0,0.79,25.7,0.8,21.2,0.19,56.0,0.18,52.6,0.2,3.0,0.21,5.0,0.01,0.01,0.096166,1776329145000
1776329162.418,62.418,0.75,5.0,0.74,5.0,0.76,5.61,0.77,14.7,0.21,20.7,0.2,21.2,0.22,0.45,0.23,5.0,0.01,0.01,0.096162,1776329161000
1776329174.397,74.397,0.69,5.0,0.68,5.0,0.7,16.25,0.71,17.6,0.24,5.61,0.23,14.7,0.25,5.0,0.26,5.0,0.01,0.01,0.096141,1776329173000
1776329212.322,112.322,0.71,3.02,0.7,5.0,0.73,11.0,0.74,18.5,0.3,16.25,0.29,17.6,0.31,5.0,0.32,5.0,0.02,0.01,0.096159,1776329211000
1776329220.846,120.846,0.76,5.0,0.75,5.0,0.77,13.4,0.78,15.2,0.27,11.0,0.26,18.5,0.29,3.02,0.3,5.0,0.01,0.02,0.096163,1776329219000
1776329222.218,122.218,0.78,5.0,0.77,5.0,0.79,20.31,0.8,16.2,0.23,13.4,0.22,15.2,0.24,5.0,0.25,5.0,0.01,0.01,0.09616,1776329221000
1776329238.541,138.541,0.84,5.0,0.83,5.0,0.86,21.6,0.87,28.0,0.21,20.31,0.2,16.2,0.22,5.0,0.23,5.0,0.02,0.01,0.096182,1776329237000
1776329242.877,142.877,0.84,5.0,0.83,5.0,0.85,8.69,0.86,5.0,0.14,21.6,0.13,28.0,0.16,5.0,0.17,5.0,0.01,0.02,0.096185,1776329241000
1776329250.512,150.512,0.83,5.0,0.82,5.0,0.84,10.26,0.85,20.39,0.15,8.69,0.14,5.0,0.16,5.0,0.17,5.0,0.01,0.01,0.096176,1776329249000
1776329255.989,155.989,0.81,5.0,0.8,5.0,0.83,4.97,0.84,15.26,0.16,10.26,0.15,20.39,0.17,5.0,0.18,5.0,0.02,0.01,0.096168,1776329254000
1776329262.299,162.299,0.84,5.0,0.83,5.0,0.85,10.2,0.86,26.6,0.17,4.97,0.16,15.26,0.19,5.0,0.2,5.0,0.01,0.02,0.096179,1776329261000
1776329264.333,164.333,0.84,58.0,0.83,5.0,0.9,15.0,0.91,16.0,0.15,10.2,0.14,26.6,0.16,5.0,0.17,5.0,0.06,0.01,0.09617,1776329263000
1776329266.406,166.406,0.88,5.0,0.87,10.0,0.9,10.0,0.91,16.0,0.1,15.0,0.09,16.0,0.16,58.0,0.17,5.0,0.02,0.06,0.096182,1776329265000
1776329267.339,167.339,0.89,5.0,0.88,5.0,0.91,16.0,0.92,52.29,0.1,10.0,0.09,16.0,0.12,5.0,0.13,10.0,0.02,0.02,0.096205,1776329266000
1776329269.232,169.232,0.9,5.0,0.89,10.0,0.92,17.0,0.93,19.0,0.09,16.0,0.08,52.29,0.11,5.0,0.12,5.0,0.02,0.02,0.096209,1776329268000
1776329270.536,170.536,0.9,5.0,0.89,10.0,0.93,19.0,0.94,67.1,0.08,17.0,0.07,19.0,0.1,5.0,0.11,10.0,0.03,0.02,0.096209,1776329269000
1776329272.324,172.324,0.91,5.0,0.9,5.0,0.92,39.2,0.93,58.9,0.07,19.0,0.06,67.1,0.1,5.0,0.11,10.0,0.01,0.03,0.096221,1776329271000
1776329276.58,176.58,0.9,5.0,0.89,5.0,0.92,0.57,0.93,58.9,0.08,0.57,0.07,58.9,0.09,5.0,0.1,5.0,0.02,0.01,0.096213,1776329275000
1776329340.211,240.211,0.92,40.29,0.91,36.7,0.93,9.5,0.94,21.0,0.08,0.57,0.07,58.9,0.1,5.0,0.11,5.0,0.01,0.02,0.096194,1776329339000
1776329340.533,240.533,0.92,40.29,0.91,36.7,0.93,3.12,0.94,21.0,0.07,9.5,0.06,21.0,0.08,40.29,0.09,36.7,0.01,0.01,0.096194,1776329339000
1776329341.016,241.016,0.92,40.29,0.91,36.7,0.93,1.12,0.94,21.0,0.07,3.12,0.06,21.0,0.08,40.29,0.09,36.7,0.01,0.01,0.096196,1776329340000
1776329341.497,241.497,0.93,39.9,0.92,40.29,0.96,25.0,0.97,132.3,0.07,1.12,0.06,21.0,0.08,40.29,0.09,36.7,0.03,0.01,0.096196,1776329340000
1776329344.769,244.769,0.95,59.7,0.94,51.1,0.96,23.95,0.97,43.0,0.04,25.0,0.03,132.3,0.07,39.9,0.08,40.29,0.01,0.03,0.096196,1776329343000
1776329351.006,251.006,0.95,54.7,0.94,51.1,0.96,22.41,0.97,43.0,0.04,23.95,0.03,43.0,0.05,59.7,0.06,51.1,0.01,0.01,0.0962,1776329349000
1776329352.922,252.922,0.95,54.7,0.94,51.1,0.96,17.2,0.97,77.0,0.04,22.41,0.03,43.0,0.05,54.7,0.06,51.1,0.01,0.01,0.096195,1776329351000
1776329354.775,254.775,0.95,54.7,0.94,51.1,0.96,9.2,0.97,43.0,0.04,17.2,0.03,77.0,0.05,54.7,0.06,51.1,0.01,0.01,0.096194,1776329353000
1776329355.114,255.114,0.95,54.7,0.94,51.1,0.96,2.95,0.97,43.0,0.04,8.15,0.03,43.0,0.05,54.7,0.06,51.1,0.01,0.01,0.096195,1776329354000
1776329355.393,255.393,0.95,59.7,0.94,51.1,0.97,40.81,0.98,65.0,0.04,2.95,0.03,43.0,0.05,54.7,0.06,51.1,0.02,0.01,0.096195,1776329354000
1776329360.252,260.252,0.96,67.7,0.95,59.7,0.97,30.04,0.98,65.0,0.03,40.81,0.02,65.0,0.05,59.7,0.06,51.1,0.01,0.02,0.096202,1776329358000
1776329363.736,263.736,0.96,67.7,0.95,59.7,0.97,18.98,0.98,65.0,0.03,30.04,0.02,65.0,0.04,67.7,0.05,59.7,0.01,0.01,0.096202,1776329362000
1776329365.358,265.358,0.96,67.7,0.95,59.7,0.98,36.0,0.99,677.6,0.03,17.94,0.02,65.0,0.04,67.7,0.05,59.7,0.02,0.01,0.096202,1776329363000
1776329366.129,266.129,0.96,93.53,0.95,59.7,0.98,15.8,0.99,677.6,0.02,36.0,0.01,677.6,0.04,67.7,0.05,59.7,0.02,0.02,0.096202,1776329365000
1776329368.389,268.389,0.97,89.3,0.96,93.53,0.98,14.77,0.99,677.6,0.02,15.8,0.01,677.6,0.04,93.53,0.05,59.7,0.01,0.02,0.096191,1776329367000
1776329368.662,268.662,0.97,89.3,0.96,93.53,0.98,4.41,0.99,677.6,0.02,14.77,0.01,677.6,0.03,89.3,0.04,93.53,0.01,0.01,0.096191,1776329367000
1776329370.104,270.104,0.97,94.3,0.96,93.53,0.98,3.38,0.99,415.0,0.02,4.41,0.01,677.6,0.03,89.3,0.04,93.53,0.01,0.01,0.096191,1776329368000
1776329370.9,270.9,0.97,94.3,0.96,93.53,0.99,398.14,,,0.02,3.38,0.01,415.0,0.03,94.3,0.04,93.53,0.02,0.01,0.096192,1776329369000
1776329371.469,271.469,0.98,132.69,0.97,94.3,0.99,393.85,,,0.01,398.14,,,0.03,94.3,0.04,93.53,0.01,0.02,0.096192,1776329370000
1776329374.249,274.249,0.97,94.3,0.96,93.53,0.99,386.75,,,0.01,393.85,,,0.02,132.69,0.03,94.3,0.02,0.01,0.096192,1776329373000
1776329374.744,274.744,0.98,132.69,0.97,94.3,0.99,371.59,,,0.01,386.75,,,0.03,94.3,0.04,93.53,0.01,0.02,0.096192,1776329373000
1776329377.102,277.102,0.97,5.0,0.96,25.83,0.99,249.56,,,0.01,371.59,,,0.02,132.69,0.03,94.3,0.02,0.01,0.096186,1776329375000
1776329377.523,277.523,0.97,5.0,0.96,25.83,0.99,247.53,,,0.01,249.56,,,0.03,5.0,0.04,25.83,0.02,0.02,0.096186,1776329375000
1776329377.932,277.932,0.97,5.0,0.96,25.83,0.99,236.02,,,0.01,237.43,,,0.03,5.0,0.04,25.83,0.02,0.02,0.096188,1776329376000
1776329378.606,278.606,0.97,5.0,0.96,25.83,0.99,335.0,,,0.01,236.02,,,0.03,5.0,0.04,25.83,0.02,0.02,0.096188,1776329377000
1776329380.26,280.26,0.97,5.0,0.96,25.83,0.99,233.98,,,0.01,335.0,,,0.03,5.0,0.04,25.83,0.02,0.02,0.096183,1776329378000
1776329381.652,281.652,0.97,5.0,0.96,25.83,0.99,223.98,,,0.01,233.98,,,0.03,5.0,0.04,25.83,0.02,0.02,0.096184,1776329380000
1776329385.798,285.798,0.99,776.02,0.97,40.0,,,,,0.01,223.98,,,0.03,5.0,0.04,25.83,,0.02,0.096193,1776329384000
1776329386.226,286.226,0.99,775.01,0.98,5.0,,,,,,,,,0.01,776.02,0.03,40.0,,,0.096193,1776329385000

# RESULT,winner=Up,slug=doge-updown-5m-1776329100,ticks=66
