timestamp,elapsed_sec,up_bid_p1,up_bid_s1,up_bid_p2,up_bid_s2,up_ask_p1,up_ask_s1,up_ask_p2,up_ask_s2,down_bid_p1,down_bid_s1,down_bid_p2,down_bid_s2,down_ask_p1,down_ask_s1,down_ask_p2,down_ask_s2,up_spread,down_spread,doge_price,doge_oracle_ts
1776207911.14,11.14,,,,,,,,,,,,,,,,,,,0.092966,1776207910000
1776207911.646,11.646,0.43,10.0,0.39,20.0,0.52,5.0,0.54,5.0,0.48,5.0,0.46,5.0,0.57,10.0,0.61,20.0,0.09,0.09,0.092966,1776207910000
1776207912.087,12.087,0.43,10.0,0.39,20.0,0.52,5.0,0.54,5.0,0.48,5.0,0.46,5.0,0.57,10.0,0.61,20.0,0.09,0.09,0.092966,1776207911000
1776207913.054,13.054,0.43,10.0,0.39,20.0,0.52,5.0,0.54,5.0,0.48,5.0,0.46,5.0,0.57,10.0,0.61,20.0,0.09,0.09,0.092966,1776207912000
1776207914.02,14.02,0.43,10.0,0.39,20.0,0.52,5.0,0.54,5.0,0.48,5.0,0.46,5.0,0.57,10.0,0.61,20.0,0.09,0.09,0.092966,1776207913000
1776207915.042,15.042,0.43,10.0,0.39,20.0,0.52,5.0,0.54,5.0,0.48,5.0,0.46,5.0,0.57,10.0,0.61,20.0,0.09,0.09,0.092963,1776207914000
1776207916.058,16.058,0.43,10.0,0.39,20.0,0.52,5.0,0.54,5.0,0.48,5.0,0.46,5.0,0.57,10.0,0.61,20.0,0.09,0.09,0.09296,1776207915000
1776207916.958,16.958,0.43,10.0,0.39,20.0,0.52,5.0,0.54,5.0,0.48,5.0,0.46,5.0,0.57,10.0,0.61,20.0,0.09,0.09,0.09296,1776207916000
1776207917.964,17.964,0.43,10.0,0.39,20.0,0.52,5.0,0.54,5.0,0.48,5.0,0.46,5.0,0.57,10.0,0.61,20.0,0.09,0.09,0.092972,1776207917000
1776207919.048,19.048,0.43,10.0,0.39,20.0,0.52,5.0,0.54,5.0,0.48,5.0,0.46,5.0,0.57,10.0,0.61,20.0,0.09,0.09,0.092977,1776207918000
1776207920.082,20.082,0.43,10.0,0.39,20.0,0.52,5.0,0.54,5.0,0.48,5.0,0.46,5.0,0.57,10.0,0.61,20.0,0.09,0.09,0.09298,1776207919000
1776207921.829,21.829,0.43,10.0,0.39,20.0,0.52,5.0,0.54,5.0,0.48,5.0,0.46,5.0,0.57,10.0,0.61,20.0,0.09,0.09,0.09298,1776207920000
1776207922.642,22.642,0.43,10.0,0.39,20.0,0.52,5.0,0.54,5.0,0.48,5.0,0.46,5.0,0.57,10.0,0.61,20.0,0.09,0.09,0.092985,1776207921000
1776207923.45,23.45,0.43,10.0,0.39,20.0,0.52,5.0,0.54,5.0,0.48,5.0,0.46,5.0,0.57,10.0,0.61,20.0,0.09,0.09,0.092988,1776207922000
1776207924.28,24.28,0.43,10.0,0.39,20.0,0.52,5.0,0.54,5.0,0.48,5.0,0.46,5.0,0.57,10.0,0.61,20.0,0.09,0.09,0.092988,1776207923000
1776207925.857,25.857,0.43,10.0,0.39,20.0,0.52,5.0,0.54,5.0,0.48,5.0,0.46,5.0,0.57,10.0,0.61,20.0,0.09,0.09,0.092989,1776207924000
1776207926.645,26.645,0.43,10.0,0.39,20.0,0.52,5.0,0.54,5.0,0.48,5.0,0.46,5.0,0.57,10.0,0.61,20.0,0.09,0.09,0.092987,1776207925000
1776207927.421,27.421,0.43,10.0,0.39,20.0,0.52,5.0,0.54,5.0,0.48,5.0,0.46,5.0,0.57,10.0,0.61,20.0,0.09,0.09,0.092987,1776207926000
1776207928.227,28.227,0.43,10.0,0.39,20.0,0.52,5.0,0.54,5.0,0.48,5.0,0.46,5.0,0.57,10.0,0.61,20.0,0.09,0.09,0.092996,1776207927000
1776207929.012,29.012,0.55,5.0,0.54,5.0,0.65,5.0,0.71,50.0,0.48,5.0,0.46,5.0,0.57,10.0,0.61,20.0,0.1,0.09,0.092996,1776207927000
1776207929.867,29.867,0.55,5.0,0.54,5.0,0.65,5.0,0.71,50.0,0.35,5.0,0.29,50.0,0.45,5.0,0.46,5.0,0.1,0.1,0.092986,1776207928000
1776207931.418,31.418,0.55,5.0,0.54,5.0,0.65,5.0,0.71,50.0,0.35,5.0,0.29,50.0,0.45,5.0,0.46,5.0,0.1,0.1,0.092985,1776207930000
1776207932.217,32.217,0.55,5.0,0.54,5.0,0.65,5.0,0.71,50.0,0.35,5.0,0.29,50.0,0.45,5.0,0.46,5.0,0.1,0.1,0.092986,1776207931000
1776207933.705,33.705,0.55,5.0,0.54,5.0,0.65,5.0,0.71,50.0,0.35,5.0,0.29,50.0,0.45,5.0,0.46,5.0,0.1,0.1,0.092985,1776207932000
1776207934.56,34.56,0.55,5.0,0.54,5.0,0.65,5.0,0.71,50.0,0.35,5.0,0.29,50.0,0.45,5.0,0.46,5.0,0.1,0.1,0.092986,1776207933000
1776207935.44,35.44,0.55,5.0,0.54,5.0,0.65,5.0,0.71,50.0,0.35,5.0,0.29,50.0,0.45,5.0,0.46,5.0,0.1,0.1,0.092986,1776207934000
1776207936.156,36.156,0.55,5.0,0.54,5.0,0.65,5.0,0.71,50.0,0.35,5.0,0.29,50.0,0.45,5.0,0.46,5.0,0.1,0.1,0.093,1776207935000
1776207937.636,37.636,0.55,5.0,0.54,5.0,0.65,5.0,0.71,50.0,0.35,5.0,0.29,50.0,0.45,5.0,0.46,5.0,0.1,0.1,0.093002,1776207936000
1776207938.5,38.5,0.55,5.0,0.54,5.0,0.65,5.0,0.71,50.0,0.35,5.0,0.29,50.0,0.45,5.0,0.46,5.0,0.1,0.1,0.093002,1776207937000
1776207939.219,39.219,0.55,5.0,0.54,5.0,0.65,5.0,0.71,50.0,0.35,5.0,0.29,50.0,0.45,5.0,0.46,5.0,0.1,0.1,0.093002,1776207938000
1776207940.086,40.086,0.59,5.0,0.57,5.0,0.7,2.85,0.75,20.0,0.35,5.0,0.29,50.0,0.45,5.0,0.46,5.0,0.11,0.1,0.093002,1776207938000
1776207940.475,40.475,0.59,5.0,0.57,5.0,0.7,2.85,0.75,20.0,0.3,2.85,0.25,20.0,0.41,5.0,0.43,5.0,0.11,0.11,0.093001,1776207939000
1776207941.39,41.39,0.59,5.0,0.57,5.0,0.7,2.85,0.75,20.0,0.3,2.85,0.25,20.0,0.41,5.0,0.43,5.0,0.11,0.11,0.093,1776207940000
1776207942.048,42.048,0.59,5.0,0.57,5.0,0.7,2.85,0.75,20.0,0.3,2.85,0.25,20.0,0.41,5.0,0.43,5.0,0.11,0.11,0.092998,1776207941000
1776207943.556,43.556,0.59,5.0,0.57,5.0,0.7,2.85,0.75,20.0,0.3,2.85,0.25,20.0,0.41,5.0,0.43,5.0,0.11,0.11,0.092998,1776207942000
1776207944.36,44.36,0.59,5.0,0.57,5.0,0.7,2.85,0.75,20.0,0.3,2.85,0.25,20.0,0.41,5.0,0.43,5.0,0.11,0.11,0.092997,1776207943000
1776207945.053,45.053,0.59,5.0,0.57,5.0,0.7,2.85,0.75,20.0,0.3,2.85,0.25,20.0,0.41,5.0,0.43,5.0,0.11,0.11,0.092997,1776207944000
1776207946.315,46.315,0.59,5.0,0.57,5.0,0.79,26.43,0.8,26.2,0.21,26.43,0.2,26.2,0.41,5.0,0.43,5.0,0.2,0.2,0.092997,1776207945000
1776207947.681,47.681,0.59,5.0,0.57,5.0,0.79,26.43,0.8,26.2,0.21,26.43,0.2,26.2,0.41,5.0,0.43,5.0,0.2,0.2,0.092997,1776207946000
1776207948.466,48.466,0.59,5.0,0.57,5.0,0.79,26.43,0.8,26.2,0.21,26.43,0.2,26.2,0.41,5.0,0.43,5.0,0.2,0.2,0.092998,1776207947000
1776207949.09,49.09,0.59,5.0,0.57,5.0,0.79,26.43,0.8,26.2,0.21,26.43,0.2,26.2,0.41,5.0,0.43,5.0,0.2,0.2,0.092998,1776207948000
1776207950.412,50.412,0.59,5.0,0.57,5.0,0.79,26.43,0.8,26.2,0.21,26.43,0.2,26.2,0.41,5.0,0.43,5.0,0.2,0.2,0.092989,1776207949000
1776207951.049,51.049,0.59,5.0,0.57,5.0,0.79,26.43,0.8,26.2,0.21,26.43,0.2,26.2,0.41,5.0,0.43,5.0,0.2,0.2,0.092989,1776207950000
1776207952.338,52.338,0.59,5.0,0.57,5.0,0.79,26.43,0.8,26.2,0.21,26.43,0.2,26.2,0.41,5.0,0.43,5.0,0.2,0.2,0.09299,1776207951000
1776207953.028,53.028,0.59,5.0,0.57,5.0,0.79,26.43,0.8,26.2,0.21,26.43,0.2,26.2,0.41,5.0,0.43,5.0,0.2,0.2,0.092991,1776207952000
1776207954.412,54.412,0.59,5.0,0.57,5.0,0.79,26.43,0.8,26.2,0.21,26.43,0.2,26.2,0.41,5.0,0.43,5.0,0.2,0.2,0.09299,1776207953000
1776207955.023,55.023,0.59,5.0,0.57,5.0,0.79,26.43,0.8,26.2,0.21,26.43,0.2,26.2,0.41,5.0,0.43,5.0,0.2,0.2,0.09299,1776207954000
1776207956.412,56.412,0.59,5.0,0.57,5.0,0.79,26.43,0.8,26.2,0.21,26.43,0.2,26.2,0.41,5.0,0.43,5.0,0.2,0.2,0.09299,1776207955000
1776207957.058,57.058,0.59,5.0,0.57,5.0,0.79,26.43,0.8,26.2,0.21,26.43,0.2,26.2,0.41,5.0,0.43,5.0,0.2,0.2,0.09299,1776207956000
1776207958.149,58.149,0.59,5.0,0.57,5.0,0.79,26.43,0.8,26.2,0.21,26.43,0.2,26.2,0.41,5.0,0.43,5.0,0.2,0.2,0.092989,1776207957000
1776207959.185,59.185,0.59,5.0,0.57,5.0,0.79,26.43,0.8,26.2,0.21,26.43,0.2,26.2,0.41,5.0,0.43,5.0,0.2,0.2,0.092989,1776207958000
1776207960.205,60.205,0.59,5.0,0.57,5.0,0.79,26.43,0.8,26.2,0.21,26.43,0.2,26.2,0.41,5.0,0.43,5.0,0.2,0.2,0.092989,1776207959000
1776207961.12,61.12,0.59,5.0,0.57,5.0,0.79,26.43,0.8,26.2,0.21,26.43,0.2,26.2,0.41,5.0,0.43,5.0,0.2,0.2,0.092988,1776207960000
1776207962.12,62.12,0.59,5.0,0.57,5.0,0.79,26.43,0.8,26.2,0.21,26.43,0.2,26.2,0.41,5.0,0.43,5.0,0.2,0.2,0.092988,1776207961000
1776207963.127,63.127,0.59,5.0,0.57,5.0,0.79,26.43,0.8,26.2,0.21,26.43,0.2,26.2,0.41,5.0,0.43,5.0,0.2,0.2,0.092988,1776207962000
1776207964.123,64.123,0.59,5.0,0.57,5.0,0.79,26.43,0.8,26.2,0.21,26.43,0.2,26.2,0.41,5.0,0.43,5.0,0.2,0.2,0.092989,1776207963000
1776207965.135,65.135,0.59,5.0,0.57,5.0,0.79,26.43,0.8,26.2,0.21,26.43,0.2,26.2,0.41,5.0,0.43,5.0,0.2,0.2,0.092989,1776207964000
1776207966.057,66.057,0.59,5.0,0.57,5.0,0.79,26.43,0.8,26.2,0.21,26.43,0.2,26.2,0.41,5.0,0.43,5.0,0.2,0.2,0.092989,1776207965000
1776207967.126,67.126,0.59,5.0,0.57,5.0,0.79,26.43,0.8,26.2,0.21,26.43,0.2,26.2,0.41,5.0,0.43,5.0,0.2,0.2,0.092982,1776207966000
1776207967.507,67.507,0.46,2.96,0.41,10.0,0.6,10.8,0.61,60.9,0.21,26.43,0.2,26.2,0.41,5.0,0.43,5.0,0.14,0.2,0.092982,1776207966000
1776207968.023,68.023,0.41,5.92,0.4,10.0,0.6,10.8,0.61,60.9,0.4,10.8,0.39,60.9,0.59,5.92,0.6,10.0,0.19,0.19,0.092974,1776207967000
1776207969.04,69.04,0.41,5.92,0.4,10.0,0.6,10.8,0.61,60.9,0.4,10.8,0.39,60.9,0.59,5.92,0.6,10.0,0.19,0.19,0.092969,1776207968000
1776207970.073,70.073,0.41,5.92,0.4,10.0,0.6,10.8,0.61,60.9,0.4,10.8,0.39,60.9,0.59,5.92,0.6,10.0,0.19,0.19,0.092969,1776207969000
1776207971.141,71.141,0.41,5.92,0.4,10.0,0.6,10.8,0.61,60.9,0.4,10.8,0.39,60.9,0.59,5.92,0.6,10.0,0.19,0.19,0.092968,1776207970000
1776207973.223,73.223,0.41,5.92,0.4,10.0,0.6,10.8,0.61,60.9,0.4,10.8,0.39,60.9,0.59,5.92,0.6,10.0,0.19,0.19,0.092968,1776207971000
1776207973.914,73.914,0.41,5.92,0.4,10.0,0.6,10.8,0.61,60.9,0.4,10.8,0.39,60.9,0.59,5.92,0.6,10.0,0.19,0.19,0.092968,1776207972000
1776207974.809,74.809,0.41,5.92,0.4,10.0,0.6,10.8,0.61,60.9,0.4,10.8,0.39,60.9,0.59,5.92,0.6,10.0,0.19,0.19,0.092968,1776207973000
1776207975.267,75.267,0.41,5.92,0.4,10.0,0.6,10.8,0.61,60.9,0.4,10.8,0.39,60.9,0.59,5.92,0.6,10.0,0.19,0.19,0.092966,1776207974000
1776207975.985,75.985,0.41,5.92,0.4,10.0,0.6,10.8,0.61,60.9,0.4,10.8,0.39,60.9,0.59,5.92,0.6,10.0,0.19,0.19,0.092966,1776207975000
1776207977.315,77.315,0.41,5.92,0.4,10.0,0.6,10.8,0.61,60.9,0.4,10.8,0.39,60.9,0.59,5.92,0.6,10.0,0.19,0.19,0.092958,1776207976000
1776207977.921,77.921,0.42,8.27,0.38,11.0,0.53,5.0,0.54,10.5,0.4,10.8,0.39,60.9,0.59,5.92,0.6,10.0,0.11,0.19,0.092958,1776207976000
1776207979.324,79.324,0.42,8.27,0.38,11.0,0.53,5.0,0.54,10.5,0.47,5.0,0.46,10.5,0.58,8.27,0.62,11.0,0.11,0.11,0.092958,1776207978000
1776207980.001,80.001,0.42,8.27,0.38,11.0,0.53,5.0,0.54,10.5,0.47,5.0,0.46,10.5,0.58,8.27,0.62,11.0,0.11,0.11,0.092958,1776207979000
1776207981.307,81.307,0.42,8.27,0.38,11.0,0.53,5.0,0.54,10.5,0.47,5.0,0.46,10.5,0.58,8.27,0.62,11.0,0.11,0.11,0.092958,1776207980000
1776207982.022,82.022,0.42,8.27,0.38,11.0,0.53,5.0,0.54,10.5,0.47,5.0,0.46,10.5,0.58,8.27,0.62,11.0,0.11,0.11,0.092959,1776207981000
1776207983.351,83.351,0.42,8.27,0.38,11.0,0.53,5.0,0.54,10.5,0.47,5.0,0.46,10.5,0.58,8.27,0.62,11.0,0.11,0.11,0.09296,1776207982000
1776207984.072,84.072,0.42,8.27,0.38,11.0,0.53,5.0,0.54,10.5,0.47,5.0,0.46,10.5,0.58,8.27,0.62,11.0,0.11,0.11,0.09296,1776207983000
1776207985.559,85.559,0.42,8.27,0.38,11.0,0.53,5.0,0.54,10.5,0.47,5.0,0.46,10.5,0.58,8.27,0.62,11.0,0.11,0.11,0.092959,1776207984000
1776207986.293,86.293,0.42,8.27,0.38,11.0,0.53,5.0,0.54,10.5,0.47,5.0,0.46,10.5,0.58,8.27,0.62,11.0,0.11,0.11,0.092959,1776207985000
1776207986.981,86.981,0.42,8.27,0.38,11.0,0.53,5.0,0.54,10.5,0.47,5.0,0.46,10.5,0.58,8.27,0.62,11.0,0.11,0.11,0.092959,1776207986000
1776207988.285,88.285,0.42,8.27,0.38,11.0,0.53,5.0,0.54,10.5,0.47,5.0,0.46,10.5,0.58,8.27,0.62,11.0,0.11,0.11,0.092952,1776207987000
1776207989.45,89.45,0.42,8.27,0.38,11.0,0.53,5.0,0.54,10.5,0.47,5.0,0.46,10.5,0.58,8.27,0.62,11.0,0.11,0.11,0.092951,1776207988000
1776207989.95,89.95,0.42,8.27,0.38,11.0,0.53,5.0,0.54,10.5,0.47,5.0,0.46,10.5,0.58,8.27,0.62,11.0,0.11,0.11,0.092952,1776207989000
1776207991.068,91.068,0.42,8.27,0.38,11.0,0.53,5.0,0.54,10.5,0.47,5.0,0.46,10.5,0.58,8.27,0.62,11.0,0.11,0.11,0.092953,1776207990000
1776207992.329,92.329,0.42,8.27,0.38,11.0,0.53,5.0,0.54,10.5,0.47,5.0,0.46,10.5,0.58,8.27,0.62,11.0,0.11,0.11,0.092953,1776207991000
1776207992.895,92.895,0.42,8.27,0.38,11.0,0.53,5.0,0.54,10.5,0.47,5.0,0.46,10.5,0.58,8.27,0.62,11.0,0.11,0.11,0.092953,1776207992000
1776207994.261,94.261,0.42,8.27,0.38,11.0,0.53,5.0,0.54,10.5,0.47,5.0,0.46,10.5,0.58,8.27,0.62,11.0,0.11,0.11,0.092952,1776207993000
1776207995.347,95.347,0.42,8.27,0.38,11.0,0.53,5.0,0.54,10.5,0.47,5.0,0.46,10.5,0.58,8.27,0.62,11.0,0.11,0.11,0.092949,1776207994000
1776207995.881,95.881,0.42,8.27,0.38,11.0,0.53,5.0,0.54,10.5,0.47,5.0,0.46,10.5,0.58,8.27,0.62,11.0,0.11,0.11,0.092946,1776207995000
1776207997.1,97.1,0.42,8.27,0.38,11.0,0.53,5.0,0.54,10.5,0.47,5.0,0.46,10.5,0.58,8.27,0.62,11.0,0.11,0.11,0.092943,1776207996000
1776207998.128,98.128,0.42,8.27,0.38,11.0,0.53,5.0,0.54,10.5,0.47,5.0,0.46,10.5,0.58,8.27,0.62,11.0,0.11,0.11,0.092942,1776207997000
1776207999.366,99.366,0.42,8.27,0.38,11.0,0.53,5.0,0.54,10.5,0.47,5.0,0.46,10.5,0.58,8.27,0.62,11.0,0.11,0.11,0.092942,1776207998000
1776207999.863,99.863,0.42,8.27,0.38,11.0,0.53,5.0,0.54,10.5,0.47,5.0,0.46,10.5,0.58,8.27,0.62,11.0,0.11,0.11,0.092942,1776207999000
1776208000.377,100.377,0.37,6.82,0.35,11.4,0.48,5.0,0.51,60.4,0.47,5.0,0.46,10.5,0.58,8.27,0.62,11.0,0.11,0.11,0.092942,1776207999000
1776208000.984,100.984,0.37,6.82,0.35,11.4,0.48,5.0,0.51,60.4,0.52,5.0,0.49,60.4,0.63,6.82,0.65,11.4,0.11,0.11,0.092941,1776208000000
1776208002.216,102.216,0.37,6.82,0.35,11.4,0.48,5.0,0.51,60.4,0.52,5.0,0.49,60.4,0.63,6.82,0.65,11.4,0.11,0.11,0.092942,1776208001000
1776208003.44,103.44,0.37,6.82,0.35,11.4,0.48,5.0,0.51,60.4,0.52,5.0,0.49,60.4,0.63,6.82,0.65,11.4,0.11,0.11,0.092946,1776208002000
1776208004.348,104.348,0.37,6.82,0.35,11.4,0.48,5.0,0.51,60.4,0.52,5.0,0.49,60.4,0.63,6.82,0.65,11.4,0.11,0.11,0.092947,1776208003000
1776208005.288,105.288,0.37,6.82,0.35,11.4,0.48,5.0,0.51,60.4,0.52,5.0,0.49,60.4,0.63,6.82,0.65,11.4,0.11,0.11,0.092947,1776208004000
1776208006.425,106.425,0.38,11.0,0.37,21.2,0.51,4.6,0.53,10.0,0.49,4.6,0.47,10.0,0.62,11.0,0.63,21.2,0.13,0.13,0.092947,1776208005000
1776208007.356,107.356,0.38,11.0,0.37,21.2,0.51,4.6,0.53,10.0,0.49,4.6,0.47,10.0,0.62,11.0,0.63,21.2,0.13,0.13,0.09295,1776208006000
1776208007.895,107.895,0.38,11.0,0.37,21.2,0.51,4.6,0.53,10.0,0.49,4.6,0.47,10.0,0.62,11.0,0.63,21.2,0.13,0.13,0.09295,1776208007000
1776208008.946,108.946,0.38,11.0,0.37,21.2,0.51,4.6,0.53,10.0,0.49,4.6,0.47,10.0,0.62,11.0,0.63,21.2,0.13,0.13,0.092954,1776208008000
1776208010.206,110.206,0.38,11.0,0.37,21.2,0.51,4.6,0.53,10.0,0.49,4.6,0.47,10.0,0.62,11.0,0.63,21.2,0.13,0.13,0.092954,1776208009000
1776208011.147,111.147,0.38,11.0,0.37,21.2,0.51,4.6,0.53,10.0,0.49,4.6,0.47,10.0,0.62,11.0,0.63,21.2,0.13,0.13,0.092954,1776208010000
1776208012.247,112.247,0.38,11.0,0.37,21.2,0.51,4.6,0.53,10.0,0.49,4.6,0.47,10.0,0.62,11.0,0.63,21.2,0.13,0.13,0.092954,1776208011000
1776208012.922,112.922,0.38,11.0,0.37,21.2,0.51,4.6,0.53,10.0,0.49,4.6,0.47,10.0,0.62,11.0,0.63,21.2,0.13,0.13,0.092954,1776208012000
1776208014.089,114.089,0.38,11.0,0.37,21.2,0.51,4.6,0.53,10.0,0.49,4.6,0.47,10.0,0.62,11.0,0.63,21.2,0.13,0.13,0.092955,1776208013000
1776208015.173,115.173,0.38,11.0,0.37,21.2,0.51,4.6,0.53,10.0,0.49,4.6,0.47,10.0,0.62,11.0,0.63,21.2,0.13,0.13,0.092954,1776208014000
1776208016.347,116.347,0.45,5.0,0.41,60.0,0.6,5.0,0.64,11.3,0.4,5.0,0.36,11.3,0.55,5.0,0.59,60.0,0.15,0.15,0.092955,1776208015000
1776208016.947,116.947,0.45,5.0,0.41,60.0,0.6,5.0,0.64,11.3,0.4,5.0,0.36,11.3,0.55,5.0,0.59,60.0,0.15,0.15,0.092955,1776208016000
1776208018.666,118.666,0.45,5.0,0.43,10.6,0.58,5.0,0.6,5.0,0.42,5.0,0.4,5.0,0.55,5.0,0.57,10.6,0.13,0.13,0.092968,1776208017000
1776208019.231,119.231,0.45,5.0,0.43,10.6,0.58,5.0,0.6,5.0,0.42,5.0,0.4,5.0,0.55,5.0,0.57,10.6,0.13,0.13,0.092968,1776208018000
1776208020.236,120.236,0.45,5.0,0.43,10.6,0.58,5.0,0.6,5.0,0.42,5.0,0.4,5.0,0.55,5.0,0.57,10.6,0.13,0.13,0.092968,1776208019000
1776208021.313,121.313,0.45,5.0,0.43,10.6,0.58,5.0,0.6,5.0,0.42,5.0,0.4,5.0,0.55,5.0,0.57,10.6,0.13,0.13,0.092969,1776208020000
1776208022.255,122.255,0.45,5.0,0.43,10.6,0.58,5.0,0.6,5.0,0.42,5.0,0.4,5.0,0.55,5.0,0.57,10.6,0.13,0.13,0.092969,1776208021000
1776208023.209,123.209,0.45,5.0,0.43,10.6,0.58,5.0,0.6,5.0,0.42,5.0,0.4,5.0,0.55,5.0,0.57,10.6,0.13,0.13,0.092966,1776208022000
1776208024.245,124.245,0.45,5.0,0.43,10.6,0.58,5.0,0.6,5.0,0.42,5.0,0.4,5.0,0.55,5.0,0.57,10.6,0.13,0.13,0.092967,1776208023000
1776208025.323,125.323,0.45,5.0,0.43,10.6,0.58,5.0,0.6,5.0,0.42,5.0,0.4,5.0,0.55,5.0,0.57,10.6,0.13,0.13,0.092967,1776208024000
1776208026.362,126.362,0.45,5.0,0.43,10.6,0.58,5.0,0.6,5.0,0.42,5.0,0.4,5.0,0.55,5.0,0.57,10.6,0.13,0.13,0.092967,1776208025000
1776208026.965,126.965,0.45,5.0,0.43,10.6,0.58,5.0,0.6,5.0,0.42,5.0,0.4,5.0,0.55,5.0,0.57,10.6,0.13,0.13,0.092967,1776208026000
1776208027.971,127.971,0.45,5.0,0.43,10.6,0.58,5.0,0.6,5.0,0.42,5.0,0.4,5.0,0.55,5.0,0.57,10.6,0.13,0.13,0.092967,1776208027000
1776208028.93,128.93,0.45,5.0,0.43,10.6,0.58,5.0,0.6,5.0,0.42,5.0,0.4,5.0,0.55,5.0,0.57,10.6,0.13,0.13,0.092967,1776208028000
1776208029.95,129.95,0.45,5.0,0.43,10.6,0.58,5.0,0.6,5.0,0.42,5.0,0.4,5.0,0.55,5.0,0.57,10.6,0.13,0.13,0.092968,1776208029000
1776208030.968,130.968,0.45,5.0,0.43,10.6,0.58,5.0,0.6,5.0,0.42,5.0,0.4,5.0,0.55,5.0,0.57,10.6,0.13,0.13,0.092967,1776208030000
1776208032.045,132.045,0.45,5.0,0.43,10.6,0.58,5.0,0.6,5.0,0.42,5.0,0.4,5.0,0.55,5.0,0.57,10.6,0.13,0.13,0.092969,1776208031000
1776208033.728,133.728,0.45,5.0,0.43,10.6,0.58,5.0,0.6,5.0,0.42,5.0,0.4,5.0,0.55,5.0,0.57,10.6,0.13,0.13,0.092969,1776208032000
1776208034.334,134.334,0.45,5.0,0.43,10.6,0.58,5.0,0.6,5.0,0.42,5.0,0.4,5.0,0.55,5.0,0.57,10.6,0.13,0.13,0.092969,1776208033000
1776208035.615,135.615,0.45,5.0,0.43,10.6,0.58,5.0,0.6,5.0,0.42,5.0,0.4,5.0,0.55,5.0,0.57,10.6,0.13,0.13,0.092969,1776208034000
1776208036.354,136.354,0.45,5.0,0.43,10.6,0.58,5.0,0.6,5.0,0.42,5.0,0.4,5.0,0.55,5.0,0.57,10.6,0.13,0.13,0.092969,1776208035000
1776208036.976,136.976,0.45,5.0,0.43,10.6,0.58,5.0,0.6,5.0,0.42,5.0,0.4,5.0,0.55,5.0,0.57,10.6,0.13,0.13,0.092969,1776208036000
1776208038.164,138.164,0.45,5.0,0.43,10.6,0.58,5.0,0.6,5.0,0.42,5.0,0.4,5.0,0.55,5.0,0.57,10.6,0.13,0.13,0.092969,1776208037000
1776208039.378,139.378,0.45,5.0,0.43,10.6,0.58,5.0,0.6,5.0,0.42,5.0,0.4,5.0,0.55,5.0,0.57,10.6,0.13,0.13,0.092963,1776208038000
1776208039.951,139.951,0.45,5.0,0.43,10.6,0.58,5.0,0.6,5.0,0.42,5.0,0.4,5.0,0.55,5.0,0.57,10.6,0.13,0.13,0.092962,1776208039000
1776208041.285,141.285,0.45,5.0,0.43,10.6,0.58,5.0,0.6,5.0,0.42,5.0,0.4,5.0,0.55,5.0,0.57,10.6,0.13,0.13,0.092958,1776208040000
1776208042.561,142.561,0.45,5.0,0.43,10.6,0.58,5.0,0.6,5.0,0.42,5.0,0.4,5.0,0.55,5.0,0.57,10.6,0.13,0.13,0.092958,1776208041000
1776208043.255,143.255,0.45,5.0,0.43,10.6,0.58,5.0,0.6,5.0,0.42,5.0,0.4,5.0,0.55,5.0,0.57,10.6,0.13,0.13,0.092958,1776208042000
1776208044.571,144.571,0.45,5.0,0.43,10.6,0.58,5.0,0.6,5.0,0.42,5.0,0.4,5.0,0.55,5.0,0.57,10.6,0.13,0.13,0.092957,1776208043000
1776208045.136,145.136,0.45,5.0,0.43,10.6,0.58,5.0,0.6,5.0,0.42,5.0,0.4,5.0,0.55,5.0,0.57,10.6,0.13,0.13,0.092957,1776208044000
1776208046.264,146.264,0.45,5.0,0.43,10.6,0.58,5.0,0.6,5.0,0.42,5.0,0.4,5.0,0.55,5.0,0.57,10.6,0.13,0.13,0.092954,1776208045000
1776208047.019,147.019,0.45,5.0,0.43,10.6,0.58,5.0,0.6,5.0,0.42,5.0,0.4,5.0,0.55,5.0,0.57,10.6,0.13,0.13,0.092951,1776208046000
1776208048.948,148.948,0.45,5.0,0.43,10.6,0.58,5.0,0.6,5.0,0.42,5.0,0.4,5.0,0.55,5.0,0.57,10.6,0.13,0.13,0.092942,1776208047000
1776208049.587,149.587,0.45,5.0,0.43,10.6,0.58,5.0,0.6,5.0,0.42,5.0,0.4,5.0,0.55,5.0,0.57,10.6,0.13,0.13,0.092946,1776208048000
1776208050.844,150.844,0.45,5.0,0.43,10.6,0.58,5.0,0.6,5.0,0.42,5.0,0.4,5.0,0.55,5.0,0.57,10.6,0.13,0.13,0.092946,1776208049000
1776208051.69,151.69,0.45,5.0,0.43,10.6,0.58,5.0,0.6,5.0,0.42,5.0,0.4,5.0,0.55,5.0,0.57,10.6,0.13,0.13,0.092949,1776208050000
1776208052.336,152.336,0.45,5.0,0.43,10.6,0.58,5.0,0.6,5.0,0.42,5.0,0.4,5.0,0.55,5.0,0.57,10.6,0.13,0.13,0.092949,1776208051000
1776208053.639,153.639,0.45,5.0,0.43,10.6,0.58,5.0,0.6,5.0,0.42,5.0,0.4,5.0,0.55,5.0,0.57,10.6,0.13,0.13,0.092949,1776208052000
1776208054.341,154.341,0.45,5.0,0.43,10.6,0.58,5.0,0.6,5.0,0.42,5.0,0.4,5.0,0.55,5.0,0.57,10.6,0.13,0.13,0.092949,1776208053000
1776208055.585,155.585,0.45,5.0,0.43,10.6,0.58,5.0,0.6,5.0,0.42,5.0,0.4,5.0,0.55,5.0,0.57,10.6,0.13,0.13,0.092949,1776208054000
1776208056.427,156.427,0.45,5.0,0.43,10.6,0.58,5.0,0.6,5.0,0.42,5.0,0.4,5.0,0.55,5.0,0.57,10.6,0.13,0.13,0.092949,1776208055000
1776208057.429,157.429,0.45,5.0,0.43,10.6,0.58,5.0,0.6,5.0,0.42,5.0,0.4,5.0,0.55,5.0,0.57,10.6,0.13,0.13,0.092949,1776208056000
1776208058.246,158.246,0.45,5.0,0.43,10.6,0.58,5.0,0.6,5.0,0.42,5.0,0.4,5.0,0.55,5.0,0.57,10.6,0.13,0.13,0.09295,1776208057000
1776208059.881,159.881,0.45,5.0,0.43,10.6,0.58,5.0,0.6,5.0,0.42,5.0,0.4,5.0,0.55,5.0,0.57,10.6,0.13,0.13,0.092951,1776208058000
1776208060.761,160.761,0.45,5.0,0.43,10.6,0.58,5.0,0.6,5.0,0.42,5.0,0.4,5.0,0.55,5.0,0.57,10.6,0.13,0.13,0.09295,1776208059000
1776208061.584,161.584,0.45,5.0,0.43,10.6,0.58,5.0,0.6,5.0,0.42,5.0,0.4,5.0,0.55,5.0,0.57,10.6,0.13,0.13,0.09295,1776208060000
1776208062.445,162.445,0.45,5.0,0.43,10.6,0.58,5.0,0.6,5.0,0.42,5.0,0.4,5.0,0.55,5.0,0.57,10.6,0.13,0.13,0.09295,1776208061000
1776208063.173,163.173,0.45,5.0,0.43,10.6,0.58,5.0,0.6,5.0,0.42,5.0,0.4,5.0,0.55,5.0,0.57,10.6,0.13,0.13,0.09295,1776208062000
1776208064.763,164.763,0.45,5.0,0.43,10.6,0.58,5.0,0.6,5.0,0.42,5.0,0.4,5.0,0.55,5.0,0.57,10.6,0.13,0.13,0.09295,1776208063000
1776208065.494,165.494,0.45,5.0,0.43,10.6,0.58,5.0,0.6,5.0,0.42,5.0,0.4,5.0,0.55,5.0,0.57,10.6,0.13,0.13,0.09295,1776208064000
1776208066.175,166.175,0.45,5.0,0.43,10.6,0.58,5.0,0.6,5.0,0.42,5.0,0.4,5.0,0.55,5.0,0.57,10.6,0.13,0.13,0.092948,1776208065000
1776208067.616,167.616,0.45,5.0,0.43,10.6,0.58,5.0,0.6,5.0,0.42,5.0,0.4,5.0,0.55,5.0,0.57,10.6,0.13,0.13,0.092939,1776208066000
1776208068.847,168.847,0.45,5.0,0.43,10.6,0.58,5.0,0.6,5.0,0.42,5.0,0.4,5.0,0.55,5.0,0.57,10.6,0.13,0.13,0.092939,1776208067000
1776208069.438,169.438,0.45,5.0,0.43,10.6,0.58,5.0,0.6,5.0,0.42,5.0,0.4,5.0,0.55,5.0,0.57,10.6,0.13,0.13,0.092939,1776208068000
1776208070.598,170.598,0.45,5.0,0.43,10.6,0.58,5.0,0.6,5.0,0.42,5.0,0.4,5.0,0.55,5.0,0.57,10.6,0.13,0.13,0.092939,1776208069000
1776208071.545,171.545,0.45,5.0,0.43,10.6,0.58,5.0,0.6,5.0,0.42,5.0,0.4,5.0,0.55,5.0,0.57,10.6,0.13,0.13,0.092932,1776208070000
1776208072.265,172.265,0.45,5.0,0.43,10.6,0.58,5.0,0.6,5.0,0.42,5.0,0.4,5.0,0.55,5.0,0.57,10.6,0.13,0.13,0.092932,1776208071000
1776208073.563,173.563,0.45,5.0,0.43,10.6,0.58,5.0,0.6,5.0,0.42,5.0,0.4,5.0,0.55,5.0,0.57,10.6,0.13,0.13,0.092929,1776208072000
1776208074.136,174.136,0.45,5.0,0.43,10.6,0.58,5.0,0.6,5.0,0.42,5.0,0.4,5.0,0.55,5.0,0.57,10.6,0.13,0.13,0.092922,1776208073000
1776208075.5,175.5,0.45,5.0,0.43,10.6,0.58,5.0,0.6,5.0,0.42,5.0,0.4,5.0,0.55,5.0,0.57,10.6,0.13,0.13,0.09291,1776208074000
1776208076.208,176.208,0.45,5.0,0.43,10.6,0.58,5.0,0.6,5.0,0.42,5.0,0.4,5.0,0.55,5.0,0.57,10.6,0.13,0.13,0.092909,1776208075000
1776208077.552,177.552,0.45,5.0,0.43,10.6,0.58,5.0,0.6,5.0,0.42,5.0,0.4,5.0,0.55,5.0,0.57,10.6,0.13,0.13,0.092909,1776208076000
1776208078.212,178.212,0.45,5.0,0.43,10.6,0.58,5.0,0.6,5.0,0.42,5.0,0.4,5.0,0.55,5.0,0.57,10.6,0.13,0.13,0.092909,1776208077000
1776208079.769,179.769,0.45,5.0,0.43,10.6,0.58,5.0,0.6,5.0,0.42,5.0,0.4,5.0,0.55,5.0,0.57,10.6,0.13,0.13,0.092909,1776208078000
1776208080.444,180.444,0.45,5.0,0.43,10.6,0.58,5.0,0.6,5.0,0.42,5.0,0.4,5.0,0.55,5.0,0.57,10.6,0.13,0.13,0.092909,1776208079000
1776208081.277,181.277,0.45,5.0,0.43,10.6,0.58,5.0,0.6,5.0,0.42,5.0,0.4,5.0,0.55,5.0,0.57,10.6,0.13,0.13,0.092909,1776208080000
1776208082.551,182.551,0.45,5.0,0.43,10.6,0.58,5.0,0.6,5.0,0.42,5.0,0.4,5.0,0.55,5.0,0.57,10.6,0.13,0.13,0.0929,1776208081000
1776208083.348,183.348,0.45,5.0,0.43,10.6,0.58,5.0,0.6,5.0,0.42,5.0,0.4,5.0,0.55,5.0,0.57,10.6,0.13,0.13,0.0929,1776208082000
1776208083.955,183.955,0.45,5.0,0.43,10.6,0.58,5.0,0.6,5.0,0.42,5.0,0.4,5.0,0.55,5.0,0.57,10.6,0.13,0.13,0.0929,1776208083000
1776208085.431,185.431,0.45,5.0,0.43,10.6,0.58,5.0,0.6,5.0,0.42,5.0,0.4,5.0,0.55,5.0,0.57,10.6,0.13,0.13,0.092901,1776208084000
1776208086.105,186.105,0.45,5.0,0.43,10.6,0.58,5.0,0.6,5.0,0.42,5.0,0.4,5.0,0.55,5.0,0.57,10.6,0.13,0.13,0.092901,1776208085000
1776208086.327,186.327,0.14,3.77,0.13,23.0,0.2,5.0,0.24,14.3,0.42,5.0,0.4,5.0,0.55,5.0,0.57,10.6,0.06,0.13,0.092901,1776208085000
1776208087.095,187.095,0.14,3.77,0.13,23.0,0.2,5.0,0.24,14.3,0.8,5.0,0.76,14.3,0.86,3.77,0.87,23.0,0.06,0.06,0.092899,1776208086000
1776208088.119,188.119,0.14,3.77,0.13,23.0,0.2,5.0,0.24,14.3,0.8,5.0,0.76,14.3,0.86,3.77,0.87,23.0,0.06,0.06,0.092901,1776208087000
1776208089.106,189.106,0.14,3.77,0.13,23.0,0.2,5.0,0.24,14.3,0.8,5.0,0.76,14.3,0.86,3.77,0.87,23.0,0.06,0.06,0.0929,1776208088000
1776208090.172,190.172,0.14,3.77,0.13,23.0,0.2,5.0,0.24,14.3,0.8,5.0,0.76,14.3,0.86,3.77,0.87,23.0,0.06,0.06,0.092902,1776208089000
1776208091.152,191.152,0.14,3.77,0.13,23.0,0.2,5.0,0.24,14.3,0.8,5.0,0.76,14.3,0.86,3.77,0.87,23.0,0.06,0.06,0.092904,1776208090000
1776208092.158,192.158,0.14,3.77,0.13,23.0,0.2,5.0,0.24,14.3,0.8,5.0,0.76,14.3,0.86,3.77,0.87,23.0,0.06,0.06,0.092904,1776208091000
1776208093.132,193.132,0.14,3.77,0.13,23.0,0.2,5.0,0.24,14.3,0.8,5.0,0.76,14.3,0.86,3.77,0.87,23.0,0.06,0.06,0.092904,1776208092000
1776208093.994,193.994,0.13,21.77,0.12,24.6,0.19,5.0,0.24,14.3,0.8,5.0,0.76,14.3,0.86,3.77,0.87,23.0,0.06,0.06,0.092904,1776208092000
1776208095.134,195.134,0.13,21.77,0.12,24.6,0.19,5.0,0.24,14.3,0.81,5.0,0.76,14.3,0.87,21.77,0.88,24.6,0.06,0.06,0.092904,1776208094000
1776208096.109,196.109,0.13,21.77,0.12,24.6,0.19,5.0,0.24,14.3,0.81,5.0,0.76,14.3,0.87,21.77,0.88,24.6,0.06,0.06,0.0929,1776208095000
1776208096.507,196.507,0.12,24.6,0.11,26.6,0.19,5.0,0.24,19.3,0.81,5.0,0.76,14.3,0.87,21.77,0.88,24.6,0.07,0.06,0.0929,1776208095000
1776208097.198,197.198,0.12,24.6,0.11,26.6,0.19,5.0,0.24,19.3,0.81,5.0,0.76,19.3,0.88,24.6,0.89,26.6,0.07,0.07,0.0929,1776208096000
1776208098.217,198.217,0.12,24.6,0.11,26.6,0.19,5.0,0.24,19.3,0.81,5.0,0.76,19.3,0.88,24.6,0.89,26.6,0.07,0.07,0.0929,1776208097000
1776208099.266,199.266,0.12,23.0,0.11,26.6,0.18,5.0,0.2,5.0,0.82,5.0,0.8,5.0,0.88,23.0,0.89,26.6,0.06,0.06,0.0929,1776208098000
1776208100.499,200.499,0.12,23.0,0.11,26.6,0.18,5.0,0.2,5.0,0.82,5.0,0.8,5.0,0.88,23.0,0.89,26.6,0.06,0.06,0.092901,1776208099000
1776208100.776,200.776,0.09,26.7,0.08,40.29,0.18,5.0,0.21,50.0,0.82,5.0,0.8,5.0,0.88,23.0,0.89,26.6,0.09,0.06,0.092901,1776208099000
1776208101.054,201.054,0.09,26.7,0.08,40.29,0.18,5.0,0.21,50.0,0.82,5.0,0.79,50.0,0.91,26.7,0.92,40.29,0.09,0.09,0.0929,1776208100000
1776208102.273,202.273,0.09,26.7,0.08,40.29,0.18,5.0,0.21,50.0,0.82,5.0,0.79,50.0,0.91,26.7,0.92,40.29,0.09,0.09,0.092898,1776208101000
1776208103.35,203.35,0.09,26.7,0.08,40.29,0.18,5.0,0.21,50.0,0.82,5.0,0.79,50.0,0.91,26.7,0.92,40.29,0.09,0.09,0.092898,1776208102000
1776208103.922,203.922,0.09,26.7,0.08,40.29,0.18,5.0,0.21,50.0,0.82,5.0,0.79,50.0,0.91,26.7,0.92,40.29,0.09,0.09,0.092897,1776208103000
1776208104.488,204.488,0.06,45.03,0.05,54.7,0.09,5.0,0.15,5.0,0.82,5.0,0.79,50.0,0.91,26.7,0.92,40.29,0.03,0.09,0.092897,1776208103000
1776208104.845,204.845,0.05,54.7,0.04,72.7,0.18,17.6,0.19,16.89,0.91,5.0,0.85,5.0,0.94,45.03,0.95,54.7,0.13,0.03,0.092897,1776208103000
1776208105.227,205.227,0.05,53.64,0.04,72.7,0.12,5.0,0.17,23.39,0.82,17.6,0.81,16.89,0.95,54.7,0.96,72.7,0.07,0.13,0.092896,1776208104000
1776208106.043,206.043,0.05,53.64,0.04,72.7,0.12,5.0,0.17,23.39,0.88,5.0,0.83,23.39,0.95,53.64,0.96,72.7,0.07,0.07,0.092892,1776208105000
1776208106.422,206.422,0.03,37.11,0.02,147.69,0.09,5.0,0.15,20.39,0.91,5.0,0.86,5.0,0.97,43.3,0.98,147.69,0.06,0.06,0.092892,1776208105000
1776208107.296,207.296,0.03,37.11,0.02,147.69,0.09,5.0,0.15,20.39,0.91,5.0,0.85,20.39,0.97,37.11,0.98,147.69,0.06,0.06,0.09288,1776208106000
1776208108.307,208.307,0.03,37.11,0.02,147.69,0.09,5.0,0.15,20.39,0.91,5.0,0.85,20.39,0.97,37.11,0.98,147.69,0.06,0.06,0.092864,1776208107000
1776208108.625,208.625,0.04,19.3,0.03,37.11,0.05,6.31,0.1,5.0,0.91,5.0,0.85,20.39,0.97,37.11,0.98,147.69,0.01,0.06,0.092864,1776208107000
1776208108.958,208.958,0.04,19.3,0.03,37.11,0.05,6.31,0.1,5.0,0.95,6.31,0.9,5.0,0.96,19.3,0.97,37.11,0.01,0.01,0.092876,1776208108000
1776208109.174,209.174,0.04,14.35,0.03,37.11,0.05,6.31,0.1,5.0,0.95,6.31,0.9,5.0,0.96,19.3,0.97,37.11,0.01,0.01,0.092876,1776208108000
1776208109.988,209.988,0.04,14.35,0.03,37.11,0.05,6.31,0.1,5.0,0.95,6.31,0.9,5.0,0.96,14.35,0.97,37.11,0.01,0.01,0.092876,1776208109000
1776208110.223,210.223,0.05,53.64,0.04,14.35,0.13,23.0,0.14,21.6,0.95,6.31,0.9,5.0,0.96,14.35,0.97,37.11,0.08,0.01,0.092876,1776208109000
1776208111.137,211.137,0.05,47.39,0.04,14.35,0.13,23.0,0.14,21.6,0.87,23.0,0.86,21.6,0.95,47.39,0.96,14.35,0.08,0.08,0.092877,1776208110000
1776208112.219,212.219,0.05,47.39,0.04,14.35,0.13,23.0,0.14,21.6,0.87,23.0,0.86,21.6,0.95,47.39,0.96,14.35,0.08,0.08,0.092876,1776208111000
1776208112.917,212.917,0.05,47.39,0.04,14.35,0.13,23.0,0.14,21.6,0.87,23.0,0.86,21.6,0.95,47.39,0.96,14.35,0.08,0.08,0.092876,1776208112000
1776208114.026,214.026,0.05,47.39,0.04,14.35,0.13,23.0,0.14,21.6,0.87,23.0,0.86,21.6,0.95,47.39,0.96,14.35,0.08,0.08,0.092877,1776208113000
1776208114.305,214.305,0.05,47.39,0.04,14.35,0.12,24.6,0.13,23.0,0.87,23.0,0.86,21.6,0.95,47.39,0.96,14.35,0.07,0.08,0.092877,1776208113000
1776208115.554,215.554,0.05,47.39,0.04,14.35,0.12,24.6,0.13,23.0,0.88,24.6,0.87,23.0,0.95,47.39,0.96,14.35,0.07,0.07,0.092877,1776208114000
1776208116.127,216.127,0.05,47.39,0.04,14.35,0.12,24.6,0.13,23.0,0.88,24.6,0.87,23.0,0.95,47.39,0.96,14.35,0.07,0.07,0.092877,1776208115000
1776208117.159,217.159,0.05,47.39,0.04,14.35,0.12,24.6,0.13,23.0,0.88,24.6,0.87,23.0,0.95,47.39,0.96,14.35,0.07,0.07,0.092875,1776208116000
1776208118.098,218.098,0.05,47.39,0.04,14.35,0.12,24.6,0.13,23.0,0.88,24.6,0.87,23.0,0.95,47.39,0.96,14.35,0.07,0.07,0.092866,1776208117000
1776208119.199,219.199,0.05,47.39,0.04,14.35,0.12,24.6,0.13,23.0,0.88,24.6,0.87,23.0,0.95,47.39,0.96,14.35,0.07,0.07,0.092867,1776208118000
1776208120.26,220.26,0.05,47.39,0.04,14.35,0.12,24.6,0.13,23.0,0.88,24.6,0.87,23.0,0.95,47.39,0.96,14.35,0.07,0.07,0.092876,1776208119000
1776208120.522,220.522,0.06,39.9,0.05,54.7,0.16,19.3,0.17,18.39,0.88,24.6,0.87,23.0,0.95,47.39,0.96,14.35,0.1,0.07,0.092876,1776208119000
1776208121.265,221.265,0.06,39.9,0.05,54.7,0.16,19.3,0.17,18.39,0.84,19.3,0.83,18.39,0.94,39.9,0.95,54.7,0.1,0.1,0.092876,1776208120000
1776208122.219,222.219,0.06,39.9,0.05,54.7,0.16,19.3,0.17,18.39,0.84,19.3,0.83,18.39,0.94,39.9,0.95,54.7,0.1,0.1,0.092883,1776208121000
1776208123.196,223.196,0.06,39.9,0.05,54.7,0.16,19.3,0.17,18.39,0.84,19.3,0.83,18.39,0.94,39.9,0.95,54.7,0.1,0.1,0.092891,1776208122000
1776208124.208,224.208,0.05,44.17,0.04,67.7,0.15,20.39,0.16,19.3,0.85,20.39,0.84,19.3,0.95,44.17,0.96,67.7,0.1,0.1,0.092891,1776208123000
1776208125.29,225.29,0.05,44.17,0.04,67.7,0.15,20.39,0.16,19.3,0.85,20.39,0.84,19.3,0.95,44.17,0.96,67.7,0.1,0.1,0.092891,1776208124000
1776208126.342,226.342,0.05,44.17,0.04,67.7,0.15,20.39,0.16,19.3,0.85,20.39,0.84,19.3,0.95,44.17,0.96,67.7,0.1,0.1,0.092893,1776208125000
1776208127.218,227.218,0.05,44.17,0.04,67.7,0.15,20.39,0.16,19.3,0.85,20.39,0.84,19.3,0.95,44.17,0.96,67.7,0.1,0.1,0.092893,1776208126000
1776208128.841,228.841,0.05,44.17,0.04,67.7,0.15,20.39,0.16,19.3,0.85,20.39,0.84,19.3,0.95,44.17,0.96,67.7,0.1,0.1,0.092893,1776208127000
1776208129.333,229.333,0.05,44.17,0.04,67.7,0.15,20.39,0.16,19.3,0.85,20.39,0.84,19.3,0.95,44.17,0.96,67.7,0.1,0.1,0.092893,1776208128000
1776208129.921,229.921,0.05,44.17,0.04,67.7,0.15,20.39,0.16,19.3,0.85,20.39,0.84,19.3,0.95,44.17,0.96,67.7,0.1,0.1,0.092893,1776208129000
1776208130.921,230.921,0.05,44.17,0.04,67.7,0.15,20.39,0.16,19.3,0.85,20.39,0.84,19.3,0.95,44.17,0.96,67.7,0.1,0.1,0.092893,1776208130000
1776208132.967,232.967,0.05,44.17,0.04,67.7,0.15,20.39,0.16,19.3,0.85,20.39,0.84,19.3,0.95,44.17,0.96,67.7,0.1,0.1,0.092893,1776208132000
1776208134.045,234.045,0.05,44.17,0.04,67.7,0.15,20.39,0.16,19.3,0.85,20.39,0.84,19.3,0.95,44.17,0.96,67.7,0.1,0.1,0.092896,1776208133000
1776208135.055,235.055,0.05,44.17,0.04,67.7,0.15,20.39,0.16,19.3,0.85,20.39,0.84,19.3,0.95,44.17,0.96,67.7,0.1,0.1,0.092897,1776208134000
1776208136.103,236.103,0.05,44.17,0.04,67.7,0.15,20.39,0.16,19.3,0.85,20.39,0.84,19.3,0.95,44.17,0.96,67.7,0.1,0.1,0.092898,1776208135000
1776208137.053,237.053,0.05,44.17,0.04,67.7,0.15,20.39,0.16,19.3,0.85,20.39,0.84,19.3,0.95,44.17,0.96,67.7,0.1,0.1,0.092898,1776208136000
1776208138.187,238.187,0.05,44.17,0.04,67.7,0.15,20.39,0.16,19.3,0.85,20.39,0.84,19.3,0.95,44.17,0.96,67.7,0.1,0.1,0.092898,1776208137000
1776208138.706,238.706,0.06,20.93,0.05,44.17,0.14,12.0,0.16,19.3,0.86,12.0,0.84,19.3,0.94,31.57,0.95,44.17,0.08,0.08,0.092898,1776208137000
1776208139.167,239.167,0.06,20.93,0.05,44.17,0.14,12.0,0.16,19.3,0.86,12.0,0.84,19.3,0.94,20.93,0.95,44.17,0.08,0.08,0.092897,1776208138000
1776208140.205,240.205,0.06,20.93,0.05,44.17,0.14,12.0,0.16,19.3,0.86,12.0,0.84,19.3,0.94,20.93,0.95,44.17,0.08,0.08,0.092895,1776208139000
1776208140.429,240.429,0.05,31.88,0.04,67.7,0.14,12.0,0.15,20.39,0.86,12.0,0.84,19.3,0.94,20.93,0.95,44.17,0.09,0.08,0.092895,1776208139000
1776208141.31,241.31,0.05,31.88,0.04,67.7,0.14,12.0,0.15,20.39,0.86,12.0,0.85,20.39,0.95,31.88,0.96,67.7,0.09,0.09,0.092895,1776208140000
1776208141.745,241.745,0.05,29.77,0.04,67.7,0.14,28.84,0.15,20.39,0.86,28.84,0.85,20.39,0.95,31.88,0.96,67.7,0.09,0.09,0.092895,1776208140000
1776208142.187,242.187,0.05,29.77,0.04,67.7,0.14,28.84,0.15,20.39,0.86,28.84,0.85,20.39,0.95,29.77,0.96,67.7,0.09,0.09,0.092896,1776208141000
1776208143.259,243.259,0.05,29.77,0.04,67.7,0.14,28.84,0.15,20.39,0.86,28.84,0.85,20.39,0.95,29.77,0.96,67.7,0.09,0.09,0.0929,1776208142000
1776208144.343,244.343,0.05,29.77,0.04,67.7,0.14,28.84,0.15,20.39,0.86,28.84,0.85,20.39,0.95,29.77,0.96,67.7,0.09,0.09,0.0929,1776208143000
1776208144.628,244.628,0.05,27.66,0.04,67.7,0.13,23.0,0.14,21.6,0.86,28.84,0.85,20.39,0.95,29.77,0.96,67.7,0.08,0.09,0.0929,1776208143000
1776208145.526,245.526,0.05,27.66,0.04,67.7,0.13,23.0,0.14,21.6,0.87,23.0,0.86,21.6,0.95,27.66,0.96,67.7,0.08,0.08,0.092899,1776208144000
1776208146.066,246.066,0.05,27.66,0.04,67.7,0.13,23.0,0.14,21.6,0.87,23.0,0.86,21.6,0.95,27.66,0.96,67.7,0.08,0.08,0.0929,1776208145000
1776208147.568,247.568,0.05,27.66,0.04,67.7,0.13,23.0,0.14,21.6,0.87,23.0,0.86,21.6,0.95,27.66,0.96,67.7,0.08,0.08,0.0929,1776208146000
1776208148.049,248.049,0.05,27.66,0.04,67.7,0.13,23.0,0.14,21.6,0.87,23.0,0.86,21.6,0.95,27.66,0.96,67.7,0.08,0.08,0.0929,1776208147000
1776208149.117,249.117,0.05,27.66,0.04,67.7,0.13,23.0,0.14,21.6,0.87,23.0,0.86,21.6,0.95,27.66,0.96,67.7,0.08,0.08,0.0929,1776208148000
1776208150.194,250.194,0.05,27.66,0.04,67.7,0.13,23.0,0.14,21.6,0.87,23.0,0.86,21.6,0.95,27.66,0.96,67.7,0.08,0.08,0.092901,1776208149000
1776208151.282,251.282,0.05,27.66,0.04,67.7,0.13,23.0,0.14,21.6,0.87,23.0,0.86,21.6,0.95,27.66,0.96,67.7,0.08,0.08,0.092898,1776208150000
1776208151.901,251.901,0.05,27.66,0.04,67.7,0.13,23.0,0.14,21.6,0.87,23.0,0.86,21.6,0.95,27.66,0.96,67.7,0.08,0.08,0.092898,1776208151000
1776208153.024,253.024,0.05,27.66,0.04,67.7,0.13,23.0,0.14,21.6,0.87,23.0,0.86,21.6,0.95,27.66,0.96,67.7,0.08,0.08,0.092896,1776208152000
1776208154.427,254.427,0.05,27.66,0.04,67.7,0.13,23.0,0.14,21.6,0.87,23.0,0.86,21.6,0.95,27.66,0.96,67.7,0.08,0.08,0.0929,1776208153000
1776208155.04,255.04,0.05,27.66,0.04,67.7,0.13,23.0,0.14,21.6,0.87,23.0,0.86,21.6,0.95,27.66,0.96,67.7,0.08,0.08,0.0929,1776208154000
1776208156.284,256.284,0.03,36.07,0.02,147.69,0.09,31.7,0.1,28.9,0.87,23.0,0.86,21.6,0.95,27.66,0.96,67.7,0.06,0.08,0.0929,1776208154000
1776208157.254,257.254,0.03,36.07,0.02,147.69,0.09,31.7,0.1,28.9,0.91,31.7,0.9,28.9,0.97,36.07,0.98,147.69,0.06,0.06,0.0929,1776208156000
1776208158.172,258.172,0.03,36.07,0.02,147.69,0.09,31.7,0.1,28.9,0.91,31.7,0.9,28.9,0.97,36.07,0.98,147.69,0.06,0.06,0.092899,1776208157000
1776208159.225,259.225,0.03,36.07,0.02,147.69,0.09,31.7,0.1,28.9,0.91,31.7,0.9,28.9,0.97,36.07,0.98,147.69,0.06,0.06,0.0929,1776208158000
1776208160.262,260.262,0.03,36.07,0.02,147.69,0.09,31.7,0.1,28.9,0.91,31.7,0.9,28.9,0.97,36.07,0.98,147.69,0.06,0.06,0.092898,1776208159000
1776208161.186,261.186,0.03,36.07,0.02,147.69,0.09,31.7,0.1,28.9,0.91,31.7,0.9,28.9,0.97,36.07,0.98,147.69,0.06,0.06,0.092898,1776208160000
1776208161.977,261.977,0.04,62.7,0.03,36.07,0.12,24.6,0.13,23.0,0.91,31.7,0.9,28.9,0.97,36.07,0.98,147.69,0.08,0.06,0.092898,1776208160000
1776208163.059,263.059,0.04,62.7,0.03,36.07,0.12,24.6,0.13,23.0,0.88,24.6,0.87,23.0,0.96,62.7,0.97,36.07,0.08,0.08,0.0929,1776208162000
1776208164.114,264.114,0.04,62.7,0.03,36.07,0.12,24.6,0.13,23.0,0.88,24.6,0.87,23.0,0.96,62.7,0.97,36.07,0.08,0.08,0.092901,1776208163000
1776208165.101,265.101,0.04,62.7,0.03,36.07,0.12,24.6,0.13,23.0,0.88,24.6,0.87,23.0,0.96,62.7,0.97,36.07,0.08,0.08,0.092902,1776208164000
1776208166.024,266.024,0.04,62.7,0.03,36.07,0.12,24.6,0.13,23.0,0.88,24.6,0.87,23.0,0.96,62.7,0.97,36.07,0.08,0.08,0.092902,1776208165000
1776208167.059,267.059,0.04,62.7,0.03,36.07,0.12,24.6,0.13,23.0,0.88,24.6,0.87,23.0,0.96,62.7,0.97,36.07,0.08,0.08,0.092903,1776208166000
1776208168.045,268.045,0.04,62.7,0.03,36.07,0.12,24.6,0.13,23.0,0.88,24.6,0.87,23.0,0.96,62.7,0.97,36.07,0.08,0.08,0.092902,1776208167000
1776208169.043,269.043,0.04,62.7,0.03,36.07,0.12,24.6,0.13,23.0,0.88,24.6,0.87,23.0,0.96,62.7,0.97,36.07,0.08,0.08,0.092902,1776208168000
1776208170.437,270.437,0.04,62.7,0.03,36.07,0.12,24.6,0.13,23.0,0.88,24.6,0.87,23.0,0.96,62.7,0.97,36.07,0.08,0.08,0.092904,1776208169000
1776208170.985,270.985,0.04,62.7,0.03,36.07,0.12,24.6,0.13,23.0,0.88,24.6,0.87,23.0,0.96,62.7,0.97,36.07,0.08,0.08,0.092904,1776208170000
1776208172.15,272.15,0.04,62.7,0.03,36.07,0.12,24.6,0.13,23.0,0.88,24.6,0.87,23.0,0.96,62.7,0.97,36.07,0.08,0.08,0.092904,1776208171000
1776208173.116,273.116,0.03,58.37,0.02,147.69,0.13,23.0,0.14,21.6,0.87,23.0,0.86,21.6,0.97,58.37,0.98,147.69,0.1,0.1,0.092904,1776208172000
1776208173.557,273.557,0.04,67.7,0.03,58.37,0.18,32.6,0.19,16.89,0.82,32.6,0.81,16.89,0.83,6.0,0.97,58.37,0.14,0.01,0.092904,1776208172000
1776208174.139,274.139,0.04,67.7,0.03,58.37,0.18,32.6,0.19,16.89,0.82,32.6,0.81,16.89,0.96,67.7,0.97,58.37,0.14,0.14,0.092912,1776208173000
1776208175.069,275.069,0.04,67.7,0.03,58.37,0.18,32.6,0.19,16.89,0.82,32.6,0.81,16.89,0.96,67.7,0.97,58.37,0.14,0.14,0.092921,1776208174000
1776208176.149,276.149,0.04,67.7,0.03,58.37,0.18,32.6,0.19,16.89,0.82,32.6,0.81,16.89,0.96,67.7,0.97,58.37,0.14,0.14,0.092926,1776208175000
1776208176.965,276.965,0.04,67.7,0.03,58.37,0.18,32.6,0.19,16.89,0.82,32.6,0.81,16.89,0.96,67.7,0.97,58.37,0.14,0.14,0.092934,1776208176000
1776208177.982,277.982,0.04,67.7,0.03,58.37,0.18,32.6,0.19,16.89,0.82,32.6,0.81,16.89,0.96,67.7,0.97,58.37,0.14,0.14,0.092937,1776208177000
1776208178.966,278.966,0.04,67.7,0.03,58.37,0.18,32.6,0.19,16.89,0.82,32.6,0.81,16.89,0.96,67.7,0.97,58.37,0.14,0.14,0.092934,1776208178000
1776208180.098,280.098,0.04,67.7,0.03,58.37,0.18,32.6,0.19,16.89,0.82,32.6,0.81,16.89,0.96,67.7,0.97,58.37,0.14,0.14,0.092933,1776208179000
1776208181.064,281.064,0.04,67.7,0.03,58.37,0.18,32.6,0.19,16.89,0.82,32.6,0.81,16.89,0.96,67.7,0.97,58.37,0.14,0.14,0.092933,1776208180000
1776208182.115,282.115,0.04,67.7,0.03,58.37,0.18,32.6,0.19,16.89,0.82,32.6,0.81,16.89,0.96,67.7,0.97,58.37,0.14,0.14,0.092933,1776208181000
1776208183.07,283.07,0.04,67.7,0.03,58.37,0.18,32.6,0.19,16.89,0.82,32.6,0.81,16.89,0.96,67.7,0.97,58.37,0.14,0.14,0.092937,1776208182000
1776208184.395,284.395,0.02,15.0,0.01,280.0,0.21,49.52,0.31,50.0,0.79,49.52,0.69,50.0,0.98,15.0,0.99,280.0,0.19,0.19,0.092933,1776208183000
1776208185.062,285.062,0.02,15.0,0.01,280.0,0.21,49.52,0.31,50.0,0.79,49.52,0.69,50.0,0.98,15.0,0.99,280.0,0.19,0.19,0.092933,1776208184000
1776208186.282,286.282,0.02,15.0,0.01,280.0,0.21,49.52,0.31,50.0,0.79,49.52,0.69,50.0,0.98,15.0,0.99,280.0,0.19,0.19,0.092933,1776208185000
1776208187.53,287.53,0.02,15.0,0.01,280.0,0.21,49.52,0.31,50.0,0.79,49.52,0.69,50.0,0.98,15.0,0.99,280.0,0.19,0.19,0.092934,1776208186000
1776208188.045,288.045,0.02,15.0,0.01,280.0,0.21,49.52,0.31,50.0,0.79,49.52,0.69,50.0,0.98,15.0,0.99,280.0,0.19,0.19,0.092934,1776208187000
1776208189.18,289.18,0.02,15.0,0.01,280.0,0.21,49.52,0.31,50.0,0.79,49.52,0.69,50.0,0.98,15.0,0.99,280.0,0.19,0.19,0.092932,1776208188000
1776208190.286,290.286,0.02,15.0,0.01,280.0,0.21,49.52,0.31,50.0,0.79,49.52,0.69,50.0,0.98,15.0,0.99,280.0,0.19,0.19,0.092932,1776208189000
1776208191.629,291.629,0.02,15.0,0.01,280.0,0.21,49.52,0.31,50.0,0.79,49.52,0.69,50.0,0.98,15.0,0.99,280.0,0.19,0.19,0.092933,1776208190000
1776208192.036,292.036,0.02,15.0,0.01,280.0,0.21,49.52,0.31,50.0,0.79,49.52,0.69,50.0,0.98,15.0,0.99,280.0,0.19,0.19,0.092933,1776208191000
1776208193.261,293.261,0.02,15.0,0.01,280.0,0.21,49.52,0.31,50.0,0.79,49.52,0.69,50.0,0.98,15.0,0.99,280.0,0.19,0.19,0.092932,1776208192000
1776208194.363,294.363,0.02,15.0,0.01,280.0,0.21,49.52,0.31,50.0,0.79,49.52,0.69,50.0,0.98,15.0,0.99,280.0,0.19,0.19,0.092932,1776208193000
1776208194.62,294.62,0.01,48.83,,,0.21,49.52,0.31,50.0,0.79,49.52,0.69,50.0,0.98,15.0,0.99,280.0,0.2,0.19,0.092932,1776208193000
1776208194.939,294.939,0.01,48.83,,,0.21,49.52,0.31,50.0,0.79,49.52,0.69,50.0,0.99,48.83,,,0.2,0.2,0.092932,1776208194000
1776208195.411,295.411,,,,,0.11,50.0,0.21,49.52,0.79,49.52,0.69,50.0,0.99,48.83,,,,0.2,0.092932,1776208194000
1776208196.035,296.035,,,,,0.11,50.0,0.21,49.52,0.89,50.0,0.79,49.52,,,,,,,0.092932,1776208195000
1776208197.307,297.307,,,,,0.11,50.0,0.21,49.52,0.89,50.0,0.79,49.52,,,,,,,0.092933,1776208196000
1776208198.32,298.32,,,,,0.01,273.53,0.11,50.0,0.99,273.53,0.89,50.0,,,,,,,0.092931,1776208197000
1776208199.272,299.272,,,,,0.01,273.53,0.11,50.0,0.99,273.53,0.89,50.0,,,,,,,0.09287,1776208198000
1776208200.327,300.327,,,,,0.01,273.53,0.11,50.0,0.99,273.53,0.89,50.0,,,,,,,0.092837,1776208199000

# RESULT,winner=Down,slug=doge-updown-5m-1776207900,ticks=311
