timestamp,elapsed_sec,up_bid_p1,up_bid_s1,up_bid_p2,up_bid_s2,up_ask_p1,up_ask_s1,up_ask_p2,up_ask_s2,down_bid_p1,down_bid_s1,down_bid_p2,down_bid_s2,down_ask_p1,down_ask_s1,down_ask_p2,down_ask_s2,up_spread,down_spread,doge_price,doge_oracle_ts
1776189301.339,1.339,,,,,,,,,,,,,,,,,,,0.094647,1776189300000
1776189301.658,1.658,0.49,1.09,0.46,6.52,0.51,6.0,0.54,6.52,0.49,6.0,0.46,6.52,0.51,1.09,0.54,6.52,0.02,0.02,0.094647,1776189300000
1776189302.024,2.024,0.49,1.09,0.46,6.52,0.51,6.0,0.54,6.52,0.49,6.0,0.46,6.52,0.51,1.09,0.54,6.52,0.02,0.02,0.094647,1776189301000
1776189303.183,3.183,0.49,1.09,0.46,6.52,0.51,6.0,0.54,6.52,0.49,6.0,0.46,6.52,0.51,1.09,0.54,6.52,0.02,0.02,0.094647,1776189302000
1776189304.349,4.349,0.49,1.09,0.46,6.52,0.51,6.0,0.54,6.52,0.49,6.0,0.46,6.52,0.51,1.09,0.54,6.52,0.02,0.02,0.094647,1776189303000
1776189305.079,5.079,0.49,1.09,0.46,6.52,0.51,6.0,0.54,6.52,0.49,6.0,0.46,6.52,0.51,1.09,0.54,6.52,0.02,0.02,0.094647,1776189304000
1776189306.389,6.389,0.49,1.09,0.46,6.52,0.51,6.0,0.54,6.52,0.49,6.0,0.46,6.52,0.51,1.09,0.54,6.52,0.02,0.02,0.094645,1776189305000
1776189307.044,7.044,0.49,1.09,0.46,6.52,0.51,1.0,0.53,5.0,0.49,6.0,0.46,6.52,0.51,1.09,0.54,6.52,0.02,0.02,0.094645,1776189305000
1776189308.342,8.342,0.49,1.09,0.46,6.52,0.51,1.0,0.53,5.0,0.49,1.0,0.47,5.0,0.51,1.09,0.54,6.52,0.02,0.02,0.094645,1776189307000
1776189309.078,9.078,0.49,1.09,0.46,6.52,0.51,1.0,0.53,5.0,0.49,1.0,0.47,5.0,0.51,1.09,0.54,6.52,0.02,0.02,0.094645,1776189308000
1776189310.284,10.284,0.49,1.09,0.46,6.52,0.51,1.0,0.53,5.0,0.49,1.0,0.47,5.0,0.51,1.09,0.54,6.52,0.02,0.02,0.094648,1776189309000
1776189311.699,11.699,0.49,1.09,0.46,6.52,0.51,1.0,0.53,5.0,0.49,1.0,0.47,5.0,0.51,1.09,0.54,6.52,0.02,0.02,0.094648,1776189310000
1776189312.358,12.358,0.49,1.09,0.46,6.52,0.51,1.0,0.53,5.0,0.49,1.0,0.47,5.0,0.51,1.09,0.54,6.52,0.02,0.02,0.094648,1776189311000
1776189313.996,13.996,0.49,1.09,0.46,6.52,0.51,1.0,0.53,5.0,0.49,1.0,0.47,5.0,0.51,1.09,0.54,6.52,0.02,0.02,0.094647,1776189313000
1776189314.969,14.969,0.49,1.09,0.46,6.52,0.51,1.0,0.53,5.0,0.49,1.0,0.47,5.0,0.51,1.09,0.54,6.52,0.02,0.02,0.094647,1776189314000
1776189315.51,15.51,0.46,6.52,0.44,5.0,0.51,6.0,0.53,5.0,0.49,1.0,0.47,5.0,0.51,1.09,0.54,6.52,0.05,0.02,0.094647,1776189314000
1776189315.949,15.949,0.46,6.52,0.44,5.0,0.51,6.0,0.53,5.0,0.49,6.0,0.47,5.0,0.54,6.52,0.56,5.0,0.05,0.05,0.094647,1776189315000
1776189316.451,16.451,0.48,5.0,0.46,16.52,0.51,1.0,0.54,6.52,0.49,6.0,0.47,5.0,0.54,6.52,0.56,5.0,0.03,0.05,0.094647,1776189315000
1776189317.092,17.092,0.48,5.0,0.46,16.52,0.51,1.0,0.54,6.52,0.49,1.0,0.46,6.52,0.52,5.0,0.54,16.52,0.03,0.03,0.094647,1776189316000
1776189318.121,18.121,0.61,43.48,0.53,25.0,0.7,8.4,0.72,5.0,0.46,6.52,0.39,5.0,0.5,5.0,0.52,10.0,0.09,0.04,0.094647,1776189316000
1776189319.134,19.134,0.61,43.48,0.53,25.0,0.7,8.4,0.72,5.0,0.3,8.4,0.28,5.0,0.39,43.48,0.47,25.0,0.09,0.09,0.094686,1776189318000
1776189320.086,20.086,0.61,43.48,0.53,25.0,0.7,8.4,0.72,5.0,0.3,8.4,0.28,5.0,0.39,43.48,0.47,25.0,0.09,0.09,0.094723,1776189319000
1776189321.148,21.148,0.61,43.48,0.53,25.0,0.7,8.4,0.72,5.0,0.3,8.4,0.28,5.0,0.39,43.48,0.47,25.0,0.09,0.09,0.094716,1776189320000
1776189322.096,22.096,0.61,43.48,0.53,25.0,0.7,8.4,0.72,5.0,0.3,8.4,0.28,5.0,0.39,43.48,0.47,25.0,0.09,0.09,0.094715,1776189321000
1776189322.479,22.479,0.59,5.0,0.58,18.0,0.69,5.0,0.7,5.0,0.3,8.4,0.28,5.0,0.39,43.48,0.47,25.0,0.1,0.09,0.094715,1776189321000
1776189323.082,23.082,0.59,5.0,0.58,18.0,0.69,5.0,0.7,5.0,0.31,5.0,0.3,5.0,0.41,5.0,0.42,18.0,0.1,0.1,0.094715,1776189322000
1776189324.286,24.286,0.59,5.0,0.58,18.0,0.69,5.0,0.7,5.0,0.31,5.0,0.3,5.0,0.41,5.0,0.42,18.0,0.1,0.1,0.094715,1776189323000
1776189325.188,25.188,0.59,5.0,0.58,18.0,0.69,5.0,0.7,5.0,0.31,5.0,0.3,5.0,0.41,5.0,0.42,18.0,0.1,0.1,0.094715,1776189324000
1776189326.152,26.152,0.59,5.0,0.58,18.0,0.69,5.0,0.7,5.0,0.31,5.0,0.3,5.0,0.41,5.0,0.42,18.0,0.1,0.1,0.094717,1776189325000
1776189327.374,27.374,0.59,5.0,0.58,18.0,0.69,5.0,0.7,5.0,0.31,5.0,0.3,5.0,0.41,5.0,0.42,18.0,0.1,0.1,0.094718,1776189326000
1776189328.186,28.186,0.59,5.0,0.58,18.0,0.69,5.0,0.7,5.0,0.31,5.0,0.3,5.0,0.41,5.0,0.42,18.0,0.1,0.1,0.094757,1776189327000
1776189329.405,29.405,0.59,5.0,0.58,18.0,0.69,5.0,0.7,5.0,0.31,5.0,0.3,5.0,0.41,5.0,0.42,18.0,0.1,0.1,0.094745,1776189328000
1776189330.651,30.651,0.59,5.0,0.58,18.0,0.69,5.0,0.7,5.0,0.31,5.0,0.3,5.0,0.41,5.0,0.42,18.0,0.1,0.1,0.094745,1776189329000
1776189331.21,31.21,0.59,5.0,0.58,18.0,0.69,5.0,0.7,5.0,0.31,5.0,0.3,5.0,0.41,5.0,0.42,18.0,0.1,0.1,0.094746,1776189330000
1776189332.561,32.561,0.59,5.0,0.58,18.0,0.69,5.0,0.7,5.0,0.31,5.0,0.3,5.0,0.41,5.0,0.42,18.0,0.1,0.1,0.09475,1776189331000
1776189333.359,33.359,0.59,5.0,0.58,18.0,0.69,5.0,0.7,5.0,0.31,5.0,0.3,5.0,0.41,5.0,0.42,18.0,0.1,0.1,0.09475,1776189332000
1776189334.106,34.106,0.59,5.0,0.58,18.0,0.69,5.0,0.7,5.0,0.31,5.0,0.3,5.0,0.41,5.0,0.42,18.0,0.1,0.1,0.094751,1776189333000
1776189335.822,35.822,0.59,5.0,0.58,18.0,0.69,5.0,0.7,5.0,0.31,5.0,0.3,5.0,0.41,5.0,0.42,18.0,0.1,0.1,0.09475,1776189334000
1776189336.438,36.438,0.59,5.0,0.58,18.0,0.69,5.0,0.7,5.0,0.31,5.0,0.3,5.0,0.41,5.0,0.42,18.0,0.1,0.1,0.094743,1776189335000
1776189337.2,37.2,0.59,5.0,0.58,18.0,0.69,5.0,0.7,5.0,0.31,5.0,0.3,5.0,0.41,5.0,0.42,18.0,0.1,0.1,0.094746,1776189336000
1776189338.522,38.522,0.59,5.0,0.58,18.0,0.69,5.0,0.7,5.0,0.31,5.0,0.3,5.0,0.41,5.0,0.42,18.0,0.1,0.1,0.094755,1776189337000
1776189339.293,39.293,0.59,5.0,0.58,18.0,0.69,5.0,0.7,5.0,0.31,5.0,0.3,5.0,0.41,5.0,0.42,18.0,0.1,0.1,0.094757,1776189338000
1776189340.589,40.589,0.59,5.0,0.58,18.0,0.69,5.0,0.7,5.0,0.31,5.0,0.3,5.0,0.41,5.0,0.42,18.0,0.1,0.1,0.094765,1776189339000
1776189341.232,41.232,0.59,5.0,0.58,18.0,0.69,5.0,0.7,5.0,0.31,5.0,0.3,5.0,0.41,5.0,0.42,18.0,0.1,0.1,0.094766,1776189340000
1776189342.753,42.753,0.59,5.0,0.58,18.0,0.69,5.0,0.7,5.0,0.31,5.0,0.3,5.0,0.41,5.0,0.42,18.0,0.1,0.1,0.094768,1776189341000
1776189343.601,43.601,0.59,5.0,0.58,18.0,0.69,5.0,0.7,5.0,0.31,5.0,0.3,5.0,0.41,5.0,0.42,18.0,0.1,0.1,0.094769,1776189342000
1776189344.334,44.334,0.59,5.0,0.58,18.0,0.69,5.0,0.7,5.0,0.31,5.0,0.3,5.0,0.41,5.0,0.42,18.0,0.1,0.1,0.094769,1776189343000
1776189346.537,46.537,0.59,5.0,0.58,18.0,0.69,5.0,0.7,5.0,0.31,5.0,0.3,5.0,0.41,5.0,0.42,18.0,0.1,0.1,0.09477,1776189345000
1776189346.998,46.998,0.59,5.0,0.58,18.0,0.69,5.0,0.7,5.0,0.31,5.0,0.3,5.0,0.41,5.0,0.42,18.0,0.1,0.1,0.09477,1776189346000
1776189348.248,48.248,0.59,5.0,0.58,18.0,0.69,5.0,0.7,5.0,0.31,5.0,0.3,5.0,0.41,5.0,0.42,18.0,0.1,0.1,0.094788,1776189347000
1776189348.951,48.951,0.59,5.0,0.58,18.0,0.69,5.0,0.7,5.0,0.31,5.0,0.3,5.0,0.41,5.0,0.42,18.0,0.1,0.1,0.094792,1776189348000
1776189350.244,50.244,0.59,5.0,0.58,18.0,0.69,5.0,0.7,5.0,0.31,5.0,0.3,5.0,0.41,5.0,0.42,18.0,0.1,0.1,0.094791,1776189349000
1776189351.558,51.558,0.59,5.0,0.58,18.0,0.69,5.0,0.7,5.0,0.31,5.0,0.3,5.0,0.41,5.0,0.42,18.0,0.1,0.1,0.094783,1776189350000
1776189352.102,52.102,0.59,5.0,0.58,18.0,0.69,5.0,0.7,5.0,0.31,5.0,0.3,5.0,0.41,5.0,0.42,18.0,0.1,0.1,0.094783,1776189351000
1776189353.528,53.528,0.59,5.0,0.58,18.0,0.69,5.0,0.7,5.0,0.31,5.0,0.3,5.0,0.41,5.0,0.42,18.0,0.1,0.1,0.094774,1776189352000
1776189354.115,54.115,0.59,5.0,0.58,18.0,0.69,5.0,0.7,5.0,0.31,5.0,0.3,5.0,0.41,5.0,0.42,18.0,0.1,0.1,0.094773,1776189353000
1776189355.36,55.36,0.59,5.0,0.58,18.0,0.69,5.0,0.7,5.0,0.31,5.0,0.3,5.0,0.41,5.0,0.42,18.0,0.1,0.1,0.094768,1776189354000
1776189356.07,56.07,0.59,5.0,0.58,18.0,0.69,5.0,0.7,5.0,0.31,5.0,0.3,5.0,0.41,5.0,0.42,18.0,0.1,0.1,0.094752,1776189355000
1776189357.248,57.248,0.59,5.0,0.58,18.0,0.69,5.0,0.7,5.0,0.31,5.0,0.3,5.0,0.41,5.0,0.42,18.0,0.1,0.1,0.094739,1776189356000
1776189358.434,58.434,0.59,5.0,0.58,18.0,0.69,5.0,0.7,5.0,0.31,5.0,0.3,5.0,0.41,5.0,0.42,18.0,0.1,0.1,0.09474,1776189357000
1776189359.108,59.108,0.59,5.0,0.58,18.0,0.69,5.0,0.7,5.0,0.31,5.0,0.3,5.0,0.41,5.0,0.42,18.0,0.1,0.1,0.09474,1776189358000
1776189360.319,60.319,0.59,5.0,0.58,18.0,0.69,5.0,0.7,5.0,0.31,5.0,0.3,5.0,0.41,5.0,0.42,18.0,0.1,0.1,0.09474,1776189359000
1776189360.798,60.798,0.69,5.0,0.6,5.0,0.72,8.48,0.77,5.0,0.31,5.0,0.3,5.0,0.41,5.0,0.42,18.0,0.03,0.1,0.09474,1776189359000
1776189361.045,61.045,0.69,5.0,0.6,5.0,0.72,8.48,0.77,5.0,0.28,8.48,0.23,5.0,0.31,5.0,0.4,5.0,0.03,0.03,0.09474,1776189360000
1776189362.749,62.749,0.63,6.89,0.62,10.0,0.74,5.0,0.75,5.0,0.28,5.0,0.27,5.0,0.4,5.0,0.41,10.0,0.11,0.12,0.09474,1776189360000
1776189363.405,63.405,0.63,6.89,0.62,10.0,0.74,5.0,0.75,5.0,0.26,5.0,0.25,5.0,0.37,6.89,0.38,10.0,0.11,0.11,0.094717,1776189362000
1776189364.041,64.041,0.63,6.89,0.62,10.0,0.74,5.0,0.75,5.0,0.26,5.0,0.25,5.0,0.37,6.89,0.38,10.0,0.11,0.11,0.09472,1776189363000
1776189365.195,65.195,0.63,6.89,0.62,10.0,0.74,5.0,0.75,5.0,0.26,5.0,0.25,5.0,0.37,6.89,0.38,10.0,0.11,0.11,0.094725,1776189364000
1776189366.291,66.291,0.63,6.89,0.62,10.0,0.74,5.0,0.75,5.0,0.26,5.0,0.25,5.0,0.37,6.89,0.38,10.0,0.11,0.11,0.094729,1776189365000
1776189367.439,67.439,0.63,6.89,0.62,10.0,0.74,5.0,0.75,5.0,0.26,5.0,0.25,5.0,0.37,6.89,0.38,10.0,0.11,0.11,0.094728,1776189366000
1776189367.997,67.997,0.63,6.89,0.62,10.0,0.74,5.0,0.75,5.0,0.26,5.0,0.25,5.0,0.37,6.89,0.38,10.0,0.11,0.11,0.094719,1776189367000
1776189369.212,69.212,0.63,6.89,0.62,10.0,0.74,5.0,0.75,5.0,0.26,5.0,0.25,5.0,0.37,6.89,0.38,10.0,0.11,0.11,0.094717,1776189368000
1776189369.577,69.577,0.58,5.0,0.56,10.6,0.71,2.5,0.75,23.9,0.26,5.0,0.25,5.0,0.37,6.89,0.38,10.0,0.13,0.11,0.094717,1776189368000
1776189370.414,70.414,0.58,5.0,0.56,10.6,0.71,2.5,0.75,23.9,0.29,2.5,0.25,23.9,0.42,5.0,0.44,10.6,0.13,0.13,0.094716,1776189369000
1776189370.934,70.934,0.58,5.0,0.56,10.6,0.71,2.5,0.75,23.9,0.29,2.5,0.25,23.9,0.42,5.0,0.44,10.6,0.13,0.13,0.094714,1776189370000
1776189371.232,71.232,0.6,5.0,0.59,10.7,0.72,5.0,0.75,13.9,0.29,2.5,0.25,23.9,0.42,5.0,0.44,10.6,0.12,0.13,0.094714,1776189370000
1776189372.032,72.032,0.6,5.0,0.59,10.7,0.72,5.0,0.75,13.9,0.28,5.0,0.25,13.9,0.4,5.0,0.41,10.7,0.12,0.12,0.094707,1776189371000
1776189373.316,73.316,0.6,5.0,0.59,10.7,0.72,5.0,0.75,13.9,0.28,5.0,0.25,13.9,0.4,5.0,0.41,10.7,0.12,0.12,0.094706,1776189372000
1776189374.384,74.384,0.6,5.0,0.59,10.7,0.72,5.0,0.75,13.9,0.28,5.0,0.25,13.9,0.4,5.0,0.41,10.7,0.12,0.12,0.094709,1776189373000
1776189374.943,74.943,0.6,5.0,0.59,10.7,0.72,5.0,0.75,13.9,0.28,5.0,0.25,13.9,0.4,5.0,0.41,10.7,0.12,0.12,0.09471,1776189374000
1776189376.129,76.129,0.6,5.0,0.59,10.7,0.72,5.0,0.75,13.9,0.28,5.0,0.25,13.9,0.4,5.0,0.41,10.7,0.12,0.12,0.09471,1776189375000
1776189377.873,77.873,0.6,5.0,0.59,10.7,0.72,5.0,0.75,13.9,0.28,5.0,0.25,13.9,0.4,5.0,0.41,10.7,0.12,0.12,0.094709,1776189376000
1776189378.471,78.471,0.6,5.0,0.59,10.7,0.72,5.0,0.75,13.9,0.28,5.0,0.25,13.9,0.4,5.0,0.41,10.7,0.12,0.12,0.094704,1776189377000
1776189379.031,79.031,0.6,5.0,0.59,10.7,0.72,5.0,0.75,13.9,0.28,5.0,0.25,13.9,0.4,5.0,0.41,10.7,0.12,0.12,0.094704,1776189378000
1776189380.082,80.082,0.6,5.0,0.59,10.7,0.72,5.0,0.75,13.9,0.28,5.0,0.25,13.9,0.4,5.0,0.41,10.7,0.12,0.12,0.094702,1776189379000
1776189381.132,81.132,0.6,5.0,0.59,10.7,0.72,5.0,0.75,13.9,0.28,5.0,0.25,13.9,0.4,5.0,0.41,10.7,0.12,0.12,0.094695,1776189380000
1776189382.234,82.234,0.6,5.0,0.59,10.7,0.72,5.0,0.75,13.9,0.28,5.0,0.25,13.9,0.4,5.0,0.41,10.7,0.12,0.12,0.094695,1776189381000
1776189382.74,82.74,0.59,10.7,0.58,15.7,0.7,5.12,0.72,17.0,0.28,5.0,0.25,13.9,0.4,5.0,0.41,10.7,0.11,0.12,0.094695,1776189381000
1776189390.525,90.525,0.59,10.7,0.58,15.7,0.7,5.12,0.72,17.0,0.3,5.12,0.28,17.0,0.41,10.7,0.42,15.7,0.11,0.11,0.094698,1776189389000
1776189392.232,92.232,0.59,10.7,0.58,15.7,0.7,5.12,0.72,17.0,0.3,5.12,0.28,17.0,0.41,10.7,0.42,15.7,0.11,0.11,0.094698,1776189390000
1776189392.63,92.63,0.59,10.7,0.58,15.7,0.7,5.12,0.72,17.0,0.3,5.12,0.28,17.0,0.41,10.7,0.42,15.7,0.11,0.11,0.094698,1776189391000
1776189394.014,94.014,0.59,10.7,0.58,15.7,0.7,5.12,0.72,17.0,0.3,5.12,0.28,17.0,0.41,10.7,0.42,15.7,0.11,0.11,0.094698,1776189393000
1776189395.11,95.11,0.59,10.7,0.58,15.7,0.7,5.12,0.72,17.0,0.3,5.12,0.28,17.0,0.41,10.7,0.42,15.7,0.11,0.11,0.094698,1776189394000
1776189396.17,96.17,0.59,10.7,0.58,15.7,0.7,5.12,0.72,17.0,0.3,5.12,0.28,17.0,0.41,10.7,0.42,15.7,0.11,0.11,0.094698,1776189395000
1776189397.366,97.366,0.59,10.7,0.58,15.7,0.7,5.12,0.72,17.0,0.3,5.12,0.28,17.0,0.41,10.7,0.42,15.7,0.11,0.11,0.094699,1776189396000
1776189397.905,97.905,0.59,10.7,0.58,15.7,0.7,5.12,0.72,17.0,0.3,5.12,0.28,17.0,0.41,10.7,0.42,15.7,0.11,0.11,0.094698,1776189397000
1776189399.142,99.142,0.59,10.7,0.58,15.7,0.7,5.12,0.72,17.0,0.3,5.12,0.28,17.0,0.41,10.7,0.42,15.7,0.11,0.11,0.094698,1776189398000
1776189400.204,100.204,0.59,10.7,0.58,15.7,0.7,5.12,0.72,17.0,0.3,5.12,0.28,17.0,0.41,10.7,0.42,15.7,0.11,0.11,0.094699,1776189399000
1776189401.322,101.322,0.59,10.7,0.58,15.7,0.7,5.12,0.72,17.0,0.3,5.12,0.28,17.0,0.41,10.7,0.42,15.7,0.11,0.11,0.094699,1776189400000
1776189401.922,101.922,0.59,10.7,0.58,15.7,0.7,5.12,0.72,17.0,0.3,5.12,0.28,17.0,0.41,10.7,0.42,15.7,0.11,0.11,0.094699,1776189401000
1776189403.086,103.086,0.59,10.7,0.58,15.7,0.7,5.12,0.72,17.0,0.3,5.12,0.28,17.0,0.41,10.7,0.42,15.7,0.11,0.11,0.0947,1776189402000
1776189404.249,104.249,0.59,10.7,0.58,15.7,0.7,5.12,0.72,17.0,0.3,5.12,0.28,17.0,0.41,10.7,0.42,15.7,0.11,0.11,0.0947,1776189403000
1776189405.395,105.395,0.59,10.7,0.58,15.7,0.7,5.12,0.72,17.0,0.3,5.12,0.28,17.0,0.41,10.7,0.42,15.7,0.11,0.11,0.0947,1776189404000
1776189406.049,106.049,0.59,10.7,0.58,15.7,0.7,5.12,0.72,17.0,0.3,5.12,0.28,17.0,0.41,10.7,0.42,15.7,0.11,0.11,0.094709,1776189405000
1776189407.398,107.398,0.59,10.7,0.58,15.7,0.7,5.12,0.72,17.0,0.3,5.12,0.28,17.0,0.41,10.7,0.42,15.7,0.11,0.11,0.094709,1776189406000
1776189407.963,107.963,0.59,10.7,0.58,15.7,0.7,5.12,0.72,17.0,0.3,5.12,0.28,17.0,0.41,10.7,0.42,15.7,0.11,0.11,0.094709,1776189407000
1776189409.124,109.124,0.59,10.7,0.58,15.7,0.7,5.12,0.72,17.0,0.3,5.12,0.28,17.0,0.41,10.7,0.42,15.7,0.11,0.11,0.0947,1776189408000
1776189409.609,109.609,0.55,4.0,0.52,5.0,0.66,5.0,0.71,50.0,0.3,5.12,0.28,17.0,0.41,10.7,0.42,15.7,0.11,0.11,0.0947,1776189408000
1776189410.198,110.198,0.55,4.0,0.52,5.0,0.66,5.0,0.71,50.0,0.34,5.0,0.29,50.0,0.45,4.0,0.48,5.0,0.11,0.11,0.094693,1776189409000
1776189411.184,111.184,0.55,4.0,0.52,5.0,0.66,5.0,0.71,50.0,0.34,5.0,0.29,50.0,0.45,4.0,0.48,5.0,0.11,0.11,0.094683,1776189410000
1776189412.359,112.359,0.55,4.0,0.52,5.0,0.66,5.0,0.71,50.0,0.34,5.0,0.29,50.0,0.45,4.0,0.48,5.0,0.11,0.11,0.094672,1776189411000
1776189413.366,113.366,0.55,4.0,0.52,5.0,0.66,5.0,0.71,50.0,0.34,5.0,0.29,50.0,0.45,4.0,0.48,5.0,0.11,0.11,0.094678,1776189412000
1776189414.4,114.4,0.55,4.0,0.52,5.0,0.66,5.0,0.71,50.0,0.34,5.0,0.29,50.0,0.45,4.0,0.48,5.0,0.11,0.11,0.094679,1776189413000
1776189414.986,114.986,0.55,4.0,0.52,5.0,0.66,5.0,0.71,50.0,0.34,5.0,0.29,50.0,0.45,4.0,0.48,5.0,0.11,0.11,0.094689,1776189414000
1776189416.013,116.013,0.55,4.0,0.52,5.0,0.66,5.0,0.71,50.0,0.34,5.0,0.29,50.0,0.45,4.0,0.48,5.0,0.11,0.11,0.094692,1776189415000
1776189417.132,117.132,0.55,4.0,0.52,5.0,0.66,5.0,0.71,50.0,0.34,5.0,0.29,50.0,0.45,4.0,0.48,5.0,0.11,0.11,0.094695,1776189416000
1776189418.204,118.204,0.55,4.0,0.52,5.0,0.66,5.0,0.71,50.0,0.34,5.0,0.29,50.0,0.45,4.0,0.48,5.0,0.11,0.11,0.094701,1776189417000
1776189418.964,118.964,0.63,11.2,0.62,11.0,0.65,0.46,0.67,5.0,0.34,5.0,0.29,50.0,0.45,4.0,0.48,5.0,0.02,0.11,0.094701,1776189417000
1776189419.26,119.26,0.63,11.2,0.62,11.0,0.65,0.46,0.67,5.0,0.35,0.46,0.33,5.0,0.37,11.2,0.38,11.0,0.02,0.02,0.0947,1776189418000
1776189420.312,120.312,0.63,11.2,0.62,11.0,0.65,0.46,0.67,5.0,0.35,0.46,0.33,5.0,0.37,11.2,0.38,11.0,0.02,0.02,0.0947,1776189419000
1776189421.784,121.784,0.63,11.2,0.62,11.0,0.65,0.46,0.67,5.0,0.35,0.46,0.33,5.0,0.37,11.2,0.38,11.0,0.02,0.02,0.094699,1776189420000
1776189422.478,122.478,0.63,11.2,0.62,11.0,0.65,0.46,0.67,5.0,0.35,0.46,0.33,5.0,0.37,11.2,0.38,11.0,0.02,0.02,0.094699,1776189421000
1776189423.103,123.103,0.63,11.2,0.62,11.0,0.65,0.46,0.67,5.0,0.35,0.46,0.33,5.0,0.37,11.2,0.38,11.0,0.02,0.02,0.094701,1776189422000
1776189423.489,123.489,0.63,11.2,0.62,11.0,0.67,5.0,0.72,5.0,0.35,0.46,0.33,5.0,0.37,11.2,0.38,11.0,0.04,0.02,0.094701,1776189422000
1776189424.7,124.7,0.63,11.2,0.62,11.0,0.67,5.0,0.72,5.0,0.33,5.0,0.28,5.0,0.37,11.2,0.38,11.0,0.04,0.04,0.094703,1776189423000
1776189425.324,125.324,0.63,11.2,0.62,11.0,0.67,5.0,0.72,5.0,0.33,5.0,0.28,5.0,0.37,11.2,0.38,11.0,0.04,0.04,0.094703,1776189424000
1776189426.069,126.069,0.63,11.2,0.62,11.0,0.67,5.0,0.72,5.0,0.33,5.0,0.28,5.0,0.37,11.2,0.38,11.0,0.04,0.04,0.094703,1776189425000
1776189427.462,127.462,0.63,11.2,0.62,11.0,0.67,5.0,0.72,5.0,0.33,5.0,0.28,5.0,0.37,11.2,0.38,11.0,0.04,0.04,0.094707,1776189426000
1776189428.055,128.055,0.63,11.2,0.62,11.0,0.67,5.0,0.72,5.0,0.33,5.0,0.28,5.0,0.37,11.2,0.38,11.0,0.04,0.04,0.094707,1776189427000
1776189429.748,129.748,0.63,11.2,0.62,11.0,0.67,5.0,0.72,5.0,0.33,5.0,0.28,5.0,0.37,11.2,0.38,11.0,0.04,0.04,0.094709,1776189428000
1776189430.485,130.485,0.63,11.2,0.62,11.0,0.67,5.0,0.72,5.0,0.33,5.0,0.28,5.0,0.37,11.2,0.38,11.0,0.04,0.04,0.094716,1776189429000
1776189431.001,131.001,0.63,11.2,0.62,11.0,0.67,5.0,0.72,5.0,0.33,5.0,0.28,5.0,0.37,11.2,0.38,11.0,0.04,0.04,0.094716,1776189430000
1776189432.549,132.549,0.66,16.6,0.65,11.4,0.77,5.0,0.78,5.0,0.23,5.0,0.22,5.0,0.34,16.6,0.35,11.4,0.11,0.11,0.094712,1776189431000
1776189433.222,133.222,0.66,16.6,0.65,11.4,0.77,5.0,0.78,5.0,0.23,5.0,0.22,5.0,0.34,16.6,0.35,11.4,0.11,0.11,0.094713,1776189432000
1776189434.723,134.723,0.66,16.6,0.65,11.4,0.77,5.0,0.78,5.0,0.23,5.0,0.22,5.0,0.34,16.6,0.35,11.4,0.11,0.11,0.094716,1776189433000
1776189435.501,135.501,0.66,16.6,0.65,11.4,0.77,5.0,0.78,5.0,0.23,5.0,0.22,5.0,0.34,16.6,0.35,11.4,0.11,0.11,0.094716,1776189434000
1776189436.292,136.292,0.66,16.6,0.65,11.4,0.77,5.0,0.78,5.0,0.23,5.0,0.22,5.0,0.34,16.6,0.35,11.4,0.11,0.11,0.094716,1776189435000
1776189438.162,138.162,0.66,16.6,0.65,11.4,0.77,5.0,0.78,5.0,0.23,5.0,0.22,5.0,0.34,16.6,0.35,11.4,0.11,0.11,0.094716,1776189436000
1776189438.878,138.878,0.66,16.6,0.65,11.4,0.77,5.0,0.78,5.0,0.23,5.0,0.22,5.0,0.34,16.6,0.35,11.4,0.11,0.11,0.094716,1776189437000
1776189439.618,139.618,0.66,16.6,0.65,11.4,0.77,5.0,0.78,5.0,0.23,5.0,0.22,5.0,0.34,16.6,0.35,11.4,0.11,0.11,0.094716,1776189438000
1776189440.666,140.666,0.66,16.6,0.65,11.4,0.77,5.0,0.78,5.0,0.23,5.0,0.22,5.0,0.34,16.6,0.35,11.4,0.11,0.11,0.094716,1776189439000
1776189441.32,141.32,0.66,16.6,0.65,11.4,0.77,5.0,0.78,5.0,0.23,5.0,0.22,5.0,0.34,16.6,0.35,11.4,0.11,0.11,0.094716,1776189440000
1776189442.505,142.505,0.66,16.6,0.65,11.4,0.77,5.0,0.78,5.0,0.23,5.0,0.22,5.0,0.34,16.6,0.35,11.4,0.11,0.11,0.094716,1776189441000
1776189443.031,143.031,0.66,16.6,0.65,11.4,0.77,5.0,0.78,5.0,0.23,5.0,0.22,5.0,0.34,16.6,0.35,11.4,0.11,0.11,0.094717,1776189442000
1776189444.082,144.082,0.66,16.6,0.65,11.4,0.77,5.0,0.78,5.0,0.23,5.0,0.22,5.0,0.34,16.6,0.35,11.4,0.11,0.11,0.094718,1776189443000
1776189445.159,145.159,0.66,16.6,0.65,11.4,0.77,5.0,0.78,5.0,0.23,5.0,0.22,5.0,0.34,16.6,0.35,11.4,0.11,0.11,0.094718,1776189444000
1776189446.332,146.332,0.66,16.6,0.65,11.4,0.77,5.0,0.78,5.0,0.23,5.0,0.22,5.0,0.34,16.6,0.35,11.4,0.11,0.11,0.094718,1776189445000
1776189447.357,147.357,0.66,16.6,0.65,11.4,0.77,5.0,0.78,5.0,0.23,5.0,0.22,5.0,0.34,16.6,0.35,11.4,0.11,0.11,0.094718,1776189446000
1776189447.883,147.883,0.66,16.6,0.65,11.4,0.77,5.0,0.78,5.0,0.23,5.0,0.22,5.0,0.34,16.6,0.35,11.4,0.11,0.11,0.094718,1776189447000
1776189448.948,148.948,0.66,16.6,0.65,11.4,0.77,5.0,0.78,5.0,0.23,5.0,0.22,5.0,0.34,16.6,0.35,11.4,0.11,0.11,0.094718,1776189448000
1776189450.001,150.001,0.66,16.6,0.65,11.4,0.77,5.0,0.78,5.0,0.23,5.0,0.22,5.0,0.34,16.6,0.35,11.4,0.11,0.11,0.094714,1776189449000
1776189451.119,151.119,0.66,16.6,0.65,11.4,0.77,5.0,0.78,5.0,0.23,5.0,0.22,5.0,0.34,16.6,0.35,11.4,0.11,0.11,0.094714,1776189450000
1776189452.237,152.237,0.66,16.6,0.65,11.4,0.77,5.0,0.78,5.0,0.23,5.0,0.22,5.0,0.34,16.6,0.35,11.4,0.11,0.11,0.094713,1776189451000
1776189453.164,153.164,0.66,16.6,0.65,11.4,0.77,5.0,0.78,5.0,0.23,5.0,0.22,5.0,0.34,16.6,0.35,11.4,0.11,0.11,0.094714,1776189452000
1776189453.718,153.718,0.75,6.0,0.71,12.6,0.77,3.7,0.8,5.0,0.23,5.0,0.22,5.0,0.34,16.6,0.35,11.4,0.02,0.11,0.094714,1776189452000
1776189454.773,154.773,0.75,6.0,0.71,12.6,0.77,3.7,0.8,5.0,0.23,3.7,0.2,5.0,0.25,6.0,0.29,12.6,0.02,0.02,0.094714,1776189453000
1776189455.229,155.229,0.75,6.0,0.71,12.6,0.77,3.7,0.8,5.0,0.23,3.7,0.2,5.0,0.25,6.0,0.29,12.6,0.02,0.02,0.094716,1776189454000
1776189456.549,156.549,0.75,6.0,0.71,12.6,0.77,3.7,0.8,5.0,0.23,3.7,0.2,5.0,0.25,6.0,0.29,12.6,0.02,0.02,0.094717,1776189455000
1776189457.102,157.102,0.75,6.0,0.71,12.6,0.77,3.7,0.8,5.0,0.23,3.7,0.2,5.0,0.25,6.0,0.29,12.6,0.02,0.02,0.094717,1776189456000
1776189458.145,158.145,0.75,6.0,0.71,12.6,0.77,3.7,0.8,5.0,0.23,3.7,0.2,5.0,0.25,6.0,0.29,12.6,0.02,0.02,0.094717,1776189457000
1776189459.644,159.644,0.75,6.0,0.71,12.6,0.77,3.7,0.8,5.0,0.23,3.7,0.2,5.0,0.25,6.0,0.29,12.6,0.02,0.02,0.094718,1776189458000
1776189460.296,160.296,0.75,6.0,0.71,12.6,0.77,3.7,0.8,5.0,0.23,3.7,0.2,5.0,0.25,6.0,0.29,12.6,0.02,0.02,0.094718,1776189459000
1776189461.364,161.364,0.75,6.0,0.71,12.6,0.77,3.7,0.8,5.0,0.23,3.7,0.2,5.0,0.25,6.0,0.29,12.6,0.02,0.02,0.094717,1776189460000
1776189461.898,161.898,0.75,6.0,0.71,12.6,0.77,3.7,0.8,5.0,0.23,3.7,0.2,5.0,0.25,6.0,0.29,12.6,0.02,0.02,0.094717,1776189461000
1776189462.938,162.938,0.75,6.0,0.71,12.6,0.77,3.7,0.8,5.0,0.23,3.7,0.2,5.0,0.25,6.0,0.29,12.6,0.02,0.02,0.094718,1776189462000
1776189464.122,164.122,0.75,6.0,0.71,12.6,0.77,3.7,0.8,5.0,0.23,3.7,0.2,5.0,0.25,6.0,0.29,12.6,0.02,0.02,0.094718,1776189463000
1776189465.342,165.342,0.75,6.0,0.71,12.6,0.77,3.7,0.8,5.0,0.23,3.7,0.2,5.0,0.25,6.0,0.29,12.6,0.02,0.02,0.094718,1776189464000
1776189465.983,165.983,0.75,6.0,0.71,12.6,0.77,3.7,0.8,5.0,0.23,3.7,0.2,5.0,0.25,6.0,0.29,12.6,0.02,0.02,0.094719,1776189465000
1776189467.062,167.062,0.75,6.0,0.71,12.6,0.77,3.7,0.8,5.0,0.23,3.7,0.2,5.0,0.25,6.0,0.29,12.6,0.02,0.02,0.094718,1776189466000
1776189467.847,167.847,0.74,6.0,0.73,13.2,0.82,5.0,0.84,19.3,0.23,3.7,0.2,5.0,0.25,6.0,0.29,12.6,0.08,0.02,0.094718,1776189466000
1776189468.274,168.274,0.74,6.0,0.73,13.2,0.82,5.0,0.84,19.3,0.18,5.0,0.16,19.3,0.26,6.0,0.27,13.2,0.08,0.08,0.094717,1776189467000
1776189470.062,170.062,0.74,6.0,0.73,13.2,0.82,5.0,0.84,19.3,0.18,5.0,0.16,19.3,0.26,6.0,0.27,13.2,0.08,0.08,0.094717,1776189468000
1776189470.768,170.768,0.74,6.0,0.73,13.2,0.82,5.0,0.84,19.3,0.18,5.0,0.16,19.3,0.26,6.0,0.27,13.2,0.08,0.08,0.094717,1776189469000
1776189471.345,171.345,0.74,6.0,0.73,13.2,0.82,5.0,0.84,19.3,0.18,5.0,0.16,19.3,0.26,6.0,0.27,13.2,0.08,0.08,0.094719,1776189470000
1776189471.613,171.613,0.8,6.0,0.73,13.2,0.84,19.3,0.85,26.99,0.18,5.0,0.16,19.3,0.26,6.0,0.27,13.2,0.04,0.08,0.094719,1776189470000
1776189471.964,171.964,0.8,6.0,0.73,13.2,0.84,19.3,0.85,26.99,0.16,19.3,0.15,26.99,0.2,6.0,0.27,13.2,0.04,0.04,0.094719,1776189471000
1776189473.68,173.68,0.8,6.0,0.73,13.2,0.84,19.3,0.85,26.99,0.16,19.3,0.15,26.99,0.2,6.0,0.27,13.2,0.04,0.04,0.094718,1776189472000
1776189474.336,174.336,0.8,6.0,0.73,13.2,0.84,19.3,0.85,26.99,0.16,19.3,0.15,26.99,0.2,6.0,0.27,13.2,0.04,0.04,0.094719,1776189473000
1776189475.262,175.262,0.75,6.0,0.73,13.2,0.84,18.1,0.85,26.99,0.16,19.3,0.15,26.99,0.2,6.0,0.27,13.2,0.09,0.04,0.094719,1776189473000
1776189475.804,175.804,0.75,6.0,0.73,13.2,0.84,18.1,0.85,26.99,0.16,18.1,0.15,26.99,0.25,6.0,0.27,13.2,0.09,0.09,0.094719,1776189474000
1776189476.733,176.733,0.75,6.0,0.73,13.2,0.84,18.1,0.85,26.99,0.16,18.1,0.15,26.99,0.25,6.0,0.27,13.2,0.09,0.09,0.094717,1776189475000
1776189477.324,177.324,0.75,6.0,0.73,13.2,0.84,18.1,0.85,26.99,0.16,18.1,0.15,26.99,0.25,6.0,0.27,13.2,0.09,0.09,0.094717,1776189476000
1776189478.71,178.71,0.75,6.0,0.73,13.2,0.84,18.1,0.85,26.99,0.16,18.1,0.15,26.99,0.25,6.0,0.27,13.2,0.09,0.09,0.094716,1776189477000
1776189479.423,179.423,0.75,6.0,0.73,13.2,0.84,18.1,0.85,26.99,0.16,18.1,0.15,26.99,0.25,6.0,0.27,13.2,0.09,0.09,0.094715,1776189478000
1776189480.188,180.188,0.75,6.0,0.73,13.2,0.84,18.1,0.85,26.99,0.16,18.1,0.15,26.99,0.25,6.0,0.27,13.2,0.09,0.09,0.094715,1776189479000
1776189481.614,181.614,0.75,6.0,0.73,13.2,0.84,18.1,0.85,26.99,0.16,18.1,0.15,26.99,0.25,6.0,0.27,13.2,0.09,0.09,0.094715,1776189480000
1776189482.282,182.282,0.75,6.0,0.73,13.2,0.84,18.1,0.85,26.99,0.16,18.1,0.15,26.99,0.25,6.0,0.27,13.2,0.09,0.09,0.094715,1776189481000
1776189483.734,183.734,0.75,6.0,0.73,13.2,0.84,18.1,0.85,26.99,0.16,18.1,0.15,26.99,0.25,6.0,0.27,13.2,0.09,0.09,0.094715,1776189482000
1776189484.296,184.296,0.75,19.9,0.74,13.5,0.85,26.99,0.86,21.6,0.15,26.99,0.14,21.6,0.25,19.9,0.26,13.5,0.1,0.1,0.094715,1776189483000
1776189485.653,185.653,0.75,19.9,0.74,13.5,0.85,26.99,0.86,21.6,0.15,26.99,0.14,21.6,0.25,19.9,0.26,13.5,0.1,0.1,0.094721,1776189484000
1776189486.314,186.314,0.75,19.9,0.74,13.5,0.85,26.99,0.86,21.6,0.15,26.99,0.14,21.6,0.25,19.9,0.26,13.5,0.1,0.1,0.094721,1776189485000
1776189487.057,187.057,0.75,19.9,0.74,13.5,0.85,26.99,0.86,21.6,0.15,26.99,0.14,21.6,0.25,19.9,0.26,13.5,0.1,0.1,0.094721,1776189486000
1776189488.271,188.271,0.75,19.9,0.74,13.5,0.85,26.99,0.86,21.6,0.15,26.99,0.14,21.6,0.25,19.9,0.26,13.5,0.1,0.1,0.09472,1776189487000
1776189489.412,189.412,0.75,19.9,0.74,13.5,0.85,26.99,0.86,21.6,0.15,26.99,0.14,21.6,0.25,19.9,0.26,13.5,0.1,0.1,0.094706,1776189488000
1776189490.046,190.046,0.75,19.9,0.74,13.5,0.85,26.99,0.86,21.6,0.15,26.99,0.14,21.6,0.25,19.9,0.26,13.5,0.1,0.1,0.094709,1776189489000
1776189491.091,191.091,0.75,19.9,0.74,13.5,0.85,26.99,0.86,21.6,0.15,26.99,0.14,21.6,0.25,19.9,0.26,13.5,0.1,0.1,0.094709,1776189490000
1776189492.216,192.216,0.75,19.9,0.74,13.5,0.85,26.99,0.86,21.6,0.15,26.99,0.14,21.6,0.25,19.9,0.26,13.5,0.1,0.1,0.094709,1776189491000
1776189493.395,193.395,0.75,19.9,0.74,13.5,0.85,26.99,0.86,21.6,0.15,26.99,0.14,21.6,0.25,19.9,0.26,13.5,0.1,0.1,0.09471,1776189492000
1776189493.98,193.98,0.75,19.9,0.74,13.5,0.85,26.99,0.86,21.6,0.15,26.99,0.14,21.6,0.25,19.9,0.26,13.5,0.1,0.1,0.094711,1776189493000
1776189495.066,195.066,0.75,19.9,0.74,13.5,0.85,26.99,0.86,21.6,0.15,26.99,0.14,21.6,0.25,19.9,0.26,13.5,0.1,0.1,0.094711,1776189494000
1776189496.098,196.098,0.75,19.9,0.74,13.5,0.85,26.99,0.86,21.6,0.15,26.99,0.14,21.6,0.25,19.9,0.26,13.5,0.1,0.1,0.09471,1776189495000
1776189497.297,197.297,0.75,19.9,0.74,13.5,0.85,26.99,0.86,21.6,0.15,26.99,0.14,21.6,0.25,19.9,0.26,13.5,0.1,0.1,0.094709,1776189496000
1776189498.405,198.405,0.75,19.9,0.74,13.5,0.85,26.99,0.86,21.6,0.15,26.99,0.14,21.6,0.25,19.9,0.26,13.5,0.1,0.1,0.094708,1776189497000
1776189498.915,198.915,0.75,19.9,0.74,13.5,0.85,26.99,0.86,21.6,0.15,26.99,0.14,21.6,0.25,19.9,0.26,13.5,0.1,0.1,0.094708,1776189498000
1776189500.031,200.031,0.75,19.9,0.74,13.5,0.85,26.99,0.86,21.6,0.15,26.99,0.14,21.6,0.25,19.9,0.26,13.5,0.1,0.1,0.094708,1776189499000
1776189500.416,200.416,0.78,6.0,0.75,13.9,0.85,26.99,0.86,21.6,0.15,26.99,0.14,21.6,0.25,19.9,0.26,13.5,0.07,0.1,0.094708,1776189499000
1776189501.133,201.133,0.78,6.0,0.75,13.9,0.85,26.99,0.86,21.6,0.15,26.99,0.14,21.6,0.22,6.0,0.25,13.9,0.07,0.07,0.094708,1776189500000
1776189502.936,202.936,0.78,6.0,0.75,13.9,0.85,26.99,0.86,21.6,0.15,26.99,0.14,21.6,0.22,6.0,0.25,13.9,0.07,0.07,0.094708,1776189501000
1776189503.539,203.539,0.78,6.0,0.75,13.9,0.85,26.99,0.86,21.6,0.15,26.99,0.14,21.6,0.22,6.0,0.25,13.9,0.07,0.07,0.094706,1776189502000
1776189504.302,204.302,0.78,6.0,0.75,13.9,0.85,26.99,0.86,21.6,0.15,26.99,0.14,21.6,0.22,6.0,0.25,13.9,0.07,0.07,0.094706,1776189503000
1776189505.538,205.538,0.78,6.0,0.75,13.9,0.85,26.99,0.86,21.6,0.15,26.99,0.14,21.6,0.22,6.0,0.25,13.9,0.07,0.07,0.094706,1776189504000
1776189506.317,206.317,0.84,5.0,0.75,13.9,0.85,1.6,0.88,24.6,0.15,1.6,0.12,24.6,0.16,5.0,0.25,13.9,0.01,0.01,0.094706,1776189505000
1776189507.577,207.577,0.84,5.0,0.75,13.9,0.85,1.6,0.88,24.6,0.15,1.6,0.12,24.6,0.16,5.0,0.25,13.9,0.01,0.01,0.094706,1776189506000
1776189508.374,208.374,0.84,5.0,0.75,13.9,0.85,1.6,0.88,24.6,0.15,1.6,0.12,24.6,0.16,5.0,0.25,13.9,0.01,0.01,0.094719,1776189507000
1776189509.01,209.01,0.84,5.0,0.75,13.9,0.85,1.6,0.88,24.6,0.15,1.6,0.12,24.6,0.16,5.0,0.25,13.9,0.01,0.01,0.094718,1776189508000
1776189510.512,210.512,0.84,5.0,0.75,13.9,0.85,1.6,0.88,24.6,0.15,1.6,0.12,24.6,0.16,5.0,0.25,13.9,0.01,0.01,0.094718,1776189509000
1776189511.297,211.297,0.84,5.0,0.75,13.9,0.85,1.6,0.88,24.6,0.15,1.6,0.12,24.6,0.16,5.0,0.25,13.9,0.01,0.01,0.094719,1776189510000
1776189511.786,211.786,0.81,16.89,0.8,16.3,0.89,26.6,0.9,28.9,0.15,1.6,0.12,24.6,0.16,5.0,0.25,13.9,0.08,0.01,0.094719,1776189510000
1776189512.011,212.011,0.81,16.89,0.8,16.3,0.89,26.6,0.9,28.9,0.11,26.6,0.1,28.9,0.19,16.89,0.2,16.3,0.08,0.08,0.094715,1776189511000
1776189513.346,213.346,0.81,16.89,0.8,16.3,0.89,26.6,0.9,28.9,0.11,26.6,0.1,28.9,0.19,16.89,0.2,16.3,0.08,0.08,0.094716,1776189512000
1776189514.048,214.048,0.81,16.89,0.8,16.3,0.89,26.6,0.9,28.9,0.11,26.6,0.1,28.9,0.19,16.89,0.2,16.3,0.08,0.08,0.094716,1776189513000
1776189515.438,215.438,0.81,16.89,0.8,16.3,0.89,26.6,0.9,28.9,0.11,26.6,0.1,28.9,0.19,16.89,0.2,16.3,0.08,0.08,0.094721,1776189514000
1776189516.06,216.06,0.81,16.89,0.8,16.3,0.89,26.6,0.9,28.9,0.11,26.6,0.1,28.9,0.19,16.89,0.2,16.3,0.08,0.08,0.094726,1776189515000
1776189517.612,217.612,0.81,16.89,0.8,16.3,0.89,26.6,0.9,28.9,0.11,26.6,0.1,28.9,0.19,16.89,0.2,16.3,0.08,0.08,0.094726,1776189516000
1776189518.34,218.34,0.81,16.89,0.8,16.3,0.89,26.6,0.9,28.9,0.11,26.6,0.1,28.9,0.19,16.89,0.2,16.3,0.08,0.08,0.094726,1776189517000
1776189519.054,219.054,0.81,16.89,0.8,16.3,0.89,26.6,0.9,28.9,0.11,26.6,0.1,28.9,0.19,16.89,0.2,16.3,0.08,0.08,0.094727,1776189518000
1776189520.81,220.81,0.81,16.89,0.8,16.3,0.89,26.6,0.9,28.9,0.11,26.6,0.1,28.9,0.19,16.89,0.2,16.3,0.08,0.08,0.094727,1776189519000
1776189521.321,221.321,0.81,16.89,0.8,16.3,0.89,26.6,0.9,28.9,0.11,26.6,0.1,28.9,0.19,16.89,0.2,16.3,0.08,0.08,0.094727,1776189520000
1776189522.492,222.492,0.81,16.89,0.8,16.3,0.89,26.6,0.9,28.9,0.11,26.6,0.1,28.9,0.19,16.89,0.2,16.3,0.08,0.08,0.094727,1776189521000
1776189523.08,223.08,0.7,2.79,0.66,7.0,0.78,5.0,0.79,5.0,0.11,26.6,0.1,28.9,0.19,16.89,0.2,16.3,0.08,0.08,0.094727,1776189521000
1776189524.312,224.312,0.6,6.6,0.59,10.7,0.78,5.0,0.79,5.0,0.22,5.0,0.21,5.0,0.4,6.6,0.41,10.7,0.18,0.18,0.094727,1776189523000
1776189525.405,225.405,0.6,6.6,0.59,10.7,0.78,5.0,0.79,5.0,0.22,5.0,0.21,5.0,0.4,6.6,0.41,10.7,0.18,0.18,0.094697,1776189524000
1776189525.914,225.914,0.6,6.6,0.59,10.7,0.78,5.0,0.79,5.0,0.22,5.0,0.21,5.0,0.4,6.6,0.41,10.7,0.18,0.18,0.094691,1776189525000
1776189527.011,227.011,0.6,6.6,0.59,10.7,0.78,5.0,0.79,5.0,0.22,5.0,0.21,5.0,0.4,6.6,0.41,10.7,0.18,0.18,0.094692,1776189526000
1776189528.253,228.253,0.6,6.6,0.59,10.7,0.78,5.0,0.79,5.0,0.22,5.0,0.21,5.0,0.4,6.6,0.41,10.7,0.18,0.18,0.094694,1776189527000
1776189528.538,228.538,0.69,7.0,0.64,11.3,0.78,5.0,0.79,5.0,0.22,5.0,0.21,5.0,0.4,6.6,0.41,10.7,0.09,0.18,0.094694,1776189527000
1776189529.324,229.324,0.69,7.0,0.64,11.3,0.78,5.0,0.79,5.0,0.22,5.0,0.21,5.0,0.31,7.0,0.36,11.3,0.09,0.09,0.0947,1776189528000
1776189530.332,230.332,0.69,7.0,0.64,11.3,0.78,5.0,0.79,5.0,0.22,5.0,0.21,5.0,0.31,7.0,0.36,11.3,0.09,0.09,0.094701,1776189529000
1776189530.999,230.999,0.69,7.0,0.64,11.3,0.78,5.0,0.79,5.0,0.22,5.0,0.21,5.0,0.31,7.0,0.36,11.3,0.09,0.09,0.094701,1776189530000
1776189532.124,232.124,0.69,7.0,0.64,11.3,0.78,5.0,0.79,5.0,0.22,5.0,0.21,5.0,0.31,7.0,0.36,11.3,0.09,0.09,0.094701,1776189531000
1776189533.255,233.255,0.69,7.0,0.64,11.3,0.78,5.0,0.79,5.0,0.22,5.0,0.21,5.0,0.31,7.0,0.36,11.3,0.09,0.09,0.094701,1776189532000
1776189534.498,234.498,0.69,7.0,0.64,11.3,0.78,5.0,0.79,5.0,0.22,5.0,0.21,5.0,0.31,7.0,0.36,11.3,0.09,0.09,0.094706,1776189533000
1776189535.389,235.389,0.69,7.0,0.64,11.3,0.78,5.0,0.79,5.0,0.22,5.0,0.21,5.0,0.31,7.0,0.36,11.3,0.09,0.09,0.094707,1776189534000
1776189535.905,235.905,0.69,7.0,0.64,11.3,0.78,5.0,0.79,5.0,0.22,5.0,0.21,5.0,0.31,7.0,0.36,11.3,0.09,0.09,0.094707,1776189535000
1776189537.142,237.142,0.69,7.0,0.64,11.3,0.78,5.0,0.79,5.0,0.22,5.0,0.21,5.0,0.31,7.0,0.36,11.3,0.09,0.09,0.094707,1776189536000
1776189538.281,238.281,0.69,7.0,0.64,11.3,0.78,5.0,0.79,5.0,0.22,5.0,0.21,5.0,0.31,7.0,0.36,11.3,0.09,0.09,0.094707,1776189537000
1776189539.321,239.321,0.69,7.0,0.64,11.3,0.78,5.0,0.79,5.0,0.22,5.0,0.21,5.0,0.31,7.0,0.36,11.3,0.09,0.09,0.094701,1776189538000
1776189540.44,240.44,0.69,7.0,0.64,11.3,0.78,5.0,0.79,5.0,0.22,5.0,0.21,5.0,0.31,7.0,0.36,11.3,0.09,0.09,0.094702,1776189539000
1776189541.05,241.05,0.69,7.0,0.64,11.3,0.78,5.0,0.79,5.0,0.22,5.0,0.21,5.0,0.31,7.0,0.36,11.3,0.09,0.09,0.094702,1776189540000
1776189542.262,242.262,0.69,7.0,0.64,11.3,0.78,5.0,0.79,5.0,0.22,5.0,0.21,5.0,0.31,7.0,0.36,11.3,0.09,0.09,0.094698,1776189541000
1776189543.427,243.427,0.69,7.0,0.64,11.3,0.78,5.0,0.79,5.0,0.22,5.0,0.21,5.0,0.31,7.0,0.36,11.3,0.09,0.09,0.094706,1776189542000
1776189543.985,243.985,0.69,7.0,0.64,11.3,0.78,5.0,0.79,5.0,0.22,5.0,0.21,5.0,0.31,7.0,0.36,11.3,0.09,0.09,0.094707,1776189543000
1776189545.191,245.191,0.69,7.0,0.64,11.3,0.78,5.0,0.79,5.0,0.22,5.0,0.21,5.0,0.31,7.0,0.36,11.3,0.09,0.09,0.094708,1776189544000
1776189546.416,246.416,0.69,7.0,0.64,11.3,0.78,5.0,0.79,5.0,0.22,5.0,0.21,5.0,0.31,7.0,0.36,11.3,0.09,0.09,0.094703,1776189545000
1776189547.027,247.027,0.69,7.0,0.64,11.3,0.78,5.0,0.79,5.0,0.22,5.0,0.21,5.0,0.31,7.0,0.36,11.3,0.09,0.09,0.094703,1776189546000
1776189548.32,248.32,0.69,7.0,0.64,11.3,0.78,5.0,0.79,5.0,0.22,5.0,0.21,5.0,0.31,7.0,0.36,11.3,0.09,0.09,0.094703,1776189547000
1776189549.662,249.662,0.69,7.0,0.64,11.3,0.78,5.0,0.79,5.0,0.22,5.0,0.21,5.0,0.31,7.0,0.36,11.3,0.09,0.09,0.094702,1776189548000
1776189550.726,250.726,0.69,7.0,0.64,11.3,0.78,5.0,0.79,5.0,0.22,5.0,0.21,5.0,0.31,7.0,0.36,11.3,0.09,0.09,0.094703,1776189549000
1776189551.367,251.367,0.69,7.0,0.64,11.3,0.78,5.0,0.79,5.0,0.22,5.0,0.21,5.0,0.31,7.0,0.36,11.3,0.09,0.09,0.094704,1776189550000
1776189552.285,252.285,0.69,7.0,0.64,11.3,0.78,5.0,0.79,5.0,0.22,5.0,0.21,5.0,0.31,7.0,0.36,11.3,0.09,0.09,0.094696,1776189551000
1776189553.292,253.292,0.69,7.0,0.64,11.3,0.78,5.0,0.79,5.0,0.22,5.0,0.21,5.0,0.31,7.0,0.36,11.3,0.09,0.09,0.094697,1776189552000
1776189554.488,254.488,0.69,7.0,0.64,11.3,0.78,5.0,0.79,5.0,0.22,5.0,0.21,5.0,0.31,7.0,0.36,11.3,0.09,0.09,0.094697,1776189553000
1776189555.012,255.012,0.69,7.0,0.64,11.3,0.78,5.0,0.79,5.0,0.22,5.0,0.21,5.0,0.31,7.0,0.36,11.3,0.09,0.09,0.094691,1776189554000
1776189556.075,256.075,0.69,7.0,0.64,11.3,0.78,5.0,0.79,5.0,0.22,5.0,0.21,5.0,0.31,7.0,0.36,11.3,0.09,0.09,0.094698,1776189555000
1776189556.407,256.407,0.8,22.3,0.79,15.7,0.89,15.36,0.9,28.9,0.22,5.0,0.21,5.0,0.31,7.0,0.36,11.3,0.09,0.09,0.094698,1776189555000
1776189557.089,257.089,0.8,22.3,0.79,15.7,0.89,15.36,0.9,28.9,0.11,15.36,0.1,28.9,0.2,22.3,0.21,15.7,0.09,0.09,0.094695,1776189556000
1776189558.248,258.248,0.8,22.3,0.79,15.7,0.89,15.36,0.9,28.9,0.11,15.36,0.1,28.9,0.2,22.3,0.21,15.7,0.09,0.09,0.094698,1776189557000
1776189559.33,259.33,0.8,22.3,0.79,15.7,0.89,15.36,0.9,28.9,0.11,15.36,0.1,28.9,0.2,22.3,0.21,15.7,0.09,0.09,0.094698,1776189558000
1776189560.393,260.393,0.8,22.3,0.79,15.7,0.89,15.36,0.9,28.9,0.11,15.36,0.1,28.9,0.2,22.3,0.21,15.7,0.09,0.09,0.094698,1776189559000
1776189560.89,260.89,0.8,22.3,0.79,15.7,0.89,15.36,0.9,28.9,0.11,15.36,0.1,28.9,0.2,22.3,0.21,15.7,0.09,0.09,0.094698,1776189560000
1776189561.934,261.934,0.8,22.3,0.79,15.7,0.89,15.36,0.9,28.9,0.11,15.36,0.1,28.9,0.2,22.3,0.21,15.7,0.09,0.09,0.094698,1776189561000
1776189563.057,263.057,0.86,5.0,0.82,17.6,0.9,24.5,0.91,31.7,0.1,24.5,0.09,31.7,0.14,5.0,0.18,17.6,0.04,0.04,0.094698,1776189562000
1776189564.594,264.594,0.86,5.0,0.82,17.6,0.9,24.5,0.91,31.7,0.1,24.5,0.09,31.7,0.14,5.0,0.18,17.6,0.04,0.04,0.094699,1776189563000
1776189565.053,265.053,0.86,5.0,0.82,17.6,0.9,24.5,0.91,31.7,0.1,24.5,0.09,31.7,0.14,5.0,0.18,17.6,0.04,0.04,0.094699,1776189564000
1776189566.136,266.136,0.86,5.0,0.82,17.6,0.9,24.5,0.91,31.7,0.1,24.5,0.09,31.7,0.14,5.0,0.18,17.6,0.04,0.04,0.094697,1776189565000
1776189567.246,267.246,0.86,5.0,0.82,17.6,0.9,24.5,0.91,31.7,0.1,24.5,0.09,31.7,0.14,5.0,0.18,17.6,0.04,0.04,0.094698,1776189566000
1776189568.279,268.279,0.86,5.0,0.82,17.6,0.9,24.5,0.91,31.7,0.1,24.5,0.09,31.7,0.14,5.0,0.18,17.6,0.04,0.04,0.094697,1776189567000
1776189569.427,269.427,0.86,5.0,0.82,17.6,0.9,24.5,0.91,31.7,0.1,24.5,0.09,31.7,0.14,5.0,0.18,17.6,0.04,0.04,0.094691,1776189568000
1776189569.881,269.881,0.86,5.0,0.82,17.6,0.9,24.5,0.91,31.7,0.1,24.5,0.09,31.7,0.14,5.0,0.18,17.6,0.04,0.04,0.094692,1776189569000
1776189570.938,270.938,0.86,5.0,0.82,17.6,0.9,24.5,0.91,31.7,0.1,24.5,0.09,31.7,0.14,5.0,0.18,17.6,0.04,0.04,0.094692,1776189570000
1776189572.023,272.023,0.86,5.0,0.82,17.6,0.9,24.5,0.91,31.7,0.1,24.5,0.09,31.7,0.14,5.0,0.18,17.6,0.04,0.04,0.09469,1776189571000
1776189573.106,273.106,0.86,5.0,0.82,17.6,0.9,24.5,0.91,31.7,0.1,24.5,0.09,31.7,0.14,5.0,0.18,17.6,0.04,0.04,0.09469,1776189572000
1776189574.154,274.154,0.86,5.0,0.82,17.6,0.9,24.5,0.91,31.7,0.1,24.5,0.09,31.7,0.14,5.0,0.18,17.6,0.04,0.04,0.094691,1776189573000
1776189575.228,275.228,0.86,5.0,0.82,17.6,0.9,24.5,0.91,31.7,0.1,24.5,0.09,31.7,0.14,5.0,0.18,17.6,0.04,0.04,0.09469,1776189574000
1776189576.342,276.342,0.86,5.0,0.82,17.6,0.9,24.5,0.91,31.7,0.1,24.5,0.09,31.7,0.14,5.0,0.18,17.6,0.04,0.04,0.09469,1776189575000
1776189577.256,277.256,0.86,5.0,0.82,17.6,0.9,24.5,0.91,31.7,0.1,24.5,0.09,31.7,0.14,5.0,0.18,17.6,0.04,0.04,0.094691,1776189576000
1776189579.031,279.031,0.86,5.0,0.82,17.6,0.9,24.5,0.91,31.7,0.1,24.5,0.09,31.7,0.14,5.0,0.18,17.6,0.04,0.04,0.094691,1776189578000
1776189580.0,280.0,0.86,5.0,0.82,17.6,0.9,24.5,0.91,31.7,0.1,24.5,0.09,31.7,0.14,5.0,0.18,17.6,0.04,0.04,0.094691,1776189579000
1776189581.06,281.06,0.86,5.0,0.82,17.6,0.9,24.5,0.91,31.7,0.1,24.5,0.09,31.7,0.14,5.0,0.18,17.6,0.04,0.04,0.094691,1776189580000
1776189582.123,282.123,0.86,5.0,0.82,17.6,0.9,24.5,0.91,31.7,0.1,24.5,0.09,31.7,0.14,5.0,0.18,17.6,0.04,0.04,0.09469,1776189581000
1776189583.2,283.2,0.86,5.0,0.82,17.6,0.9,24.5,0.91,31.7,0.1,24.5,0.09,31.7,0.14,5.0,0.18,17.6,0.04,0.04,0.094681,1776189582000
1776189584.244,284.244,0.86,5.0,0.82,17.6,0.9,24.5,0.91,31.7,0.1,24.5,0.09,31.7,0.14,5.0,0.18,17.6,0.04,0.04,0.094681,1776189583000
1776189585.23,285.23,0.86,5.0,0.82,17.6,0.9,24.5,0.91,31.7,0.1,24.5,0.09,31.7,0.14,5.0,0.18,17.6,0.04,0.04,0.094682,1776189584000
1776189586.281,286.281,0.86,5.0,0.82,17.6,0.9,24.5,0.91,31.7,0.1,24.5,0.09,31.7,0.14,5.0,0.18,17.6,0.04,0.04,0.094679,1776189585000
1776189586.878,286.878,0.83,5.0,0.81,6.0,0.91,45.0,0.92,5.0,0.1,24.5,0.09,31.7,0.14,5.0,0.18,17.6,0.08,0.04,0.094679,1776189585000
1776189587.322,287.322,0.83,5.0,0.81,6.0,0.91,45.0,0.92,5.0,0.09,45.0,0.08,5.0,0.17,5.0,0.19,6.0,0.08,0.08,0.094679,1776189586000
1776189588.349,288.349,0.83,5.0,0.81,6.0,0.91,45.0,0.92,5.0,0.09,45.0,0.08,5.0,0.17,5.0,0.19,6.0,0.08,0.08,0.094675,1776189587000
1776189589.247,289.247,0.83,5.0,0.81,6.0,0.91,45.0,0.92,5.0,0.09,45.0,0.08,5.0,0.17,5.0,0.19,6.0,0.08,0.08,0.094676,1776189588000
1776189590.327,290.327,0.83,5.0,0.81,6.0,0.91,45.0,0.92,5.0,0.09,45.0,0.08,5.0,0.17,5.0,0.19,6.0,0.08,0.08,0.094686,1776189589000
1776189591.417,291.417,0.83,5.0,0.81,6.0,0.91,45.0,0.92,5.0,0.09,45.0,0.08,5.0,0.17,5.0,0.19,6.0,0.08,0.08,0.094686,1776189590000
1776189592.56,292.56,0.83,5.0,0.81,6.0,0.91,45.0,0.92,5.0,0.09,45.0,0.08,5.0,0.17,5.0,0.19,6.0,0.08,0.08,0.094686,1776189591000
1776189593.83,293.83,0.83,5.0,0.81,6.0,0.91,45.0,0.92,5.0,0.09,45.0,0.08,5.0,0.17,5.0,0.19,6.0,0.08,0.08,0.094686,1776189592000
1776189594.57,294.57,0.83,5.0,0.81,6.0,0.91,45.0,0.92,5.0,0.09,45.0,0.08,5.0,0.17,5.0,0.19,6.0,0.08,0.08,0.094686,1776189593000
1776189594.878,294.878,0.81,56.0,0.71,50.0,0.98,4.69,0.99,155.0,0.09,45.0,0.08,5.0,0.17,5.0,0.19,6.0,0.17,0.08,0.094686,1776189593000
1776189595.332,295.332,0.81,56.0,0.71,50.0,0.99,134.64,,,0.01,134.64,,,0.19,56.0,0.29,50.0,0.18,0.18,0.094686,1776189594000
1776189596.52,296.52,0.81,56.0,0.71,50.0,0.99,93.64,,,0.01,134.64,,,0.19,56.0,0.29,50.0,0.18,0.18,0.094686,1776189594000
1776189596.797,296.797,0.81,56.0,0.71,50.0,0.99,93.64,,,0.01,93.64,,,0.19,56.0,0.29,50.0,0.18,0.18,0.094685,1776189595000
1776189597.321,297.321,0.81,56.0,0.71,50.0,0.99,84.54,,,0.01,93.64,,,0.19,56.0,0.29,50.0,0.18,0.18,0.094685,1776189595000
1776189597.53,297.53,0.81,56.0,0.71,50.0,0.99,44.13,,,0.01,44.13,,,0.19,56.0,0.29,50.0,0.18,0.18,0.094685,1776189596000
1776189597.859,297.859,0.81,56.0,0.71,50.0,0.99,34.13,,,0.01,44.13,,,0.19,56.0,0.29,50.0,0.18,0.18,0.094685,1776189596000
1776189598.113,298.113,0.81,56.0,0.71,50.0,0.99,19.1,,,0.01,21.13,,,0.19,56.0,0.29,50.0,0.18,0.18,0.094685,1776189596000
1776189598.434,298.434,0.99,206.05,0.81,56.0,,,,,,,,,0.19,56.0,0.29,50.0,,,0.094702,1776189597000
1776189599.728,299.728,0.99,206.05,0.81,56.0,,,,,,,,,0.01,206.05,0.19,56.0,,,0.094702,1776189598000
1776189600.496,300.496,0.99,206.05,0.81,56.0,,,,,,,,,0.01,206.05,0.19,56.0,,,0.094702,1776189599000
1776189601.255,301.255,0.99,206.05,0.81,56.0,,,,,,,,,0.01,206.05,0.19,56.0,,,0.094702,1776189600000
1776189602.685,302.685,0.99,206.05,0.81,56.0,,,,,,,,,0.01,206.05,0.19,56.0,,,0.094703,1776189601000

# RESULT,winner=Up,slug=doge-updown-5m-1776189300,ticks=316
