timestamp,elapsed_sec,up_bid_p1,up_bid_s1,up_bid_p2,up_bid_s2,up_ask_p1,up_ask_s1,up_ask_p2,up_ask_s2,down_bid_p1,down_bid_s1,down_bid_p2,down_bid_s2,down_ask_p1,down_ask_s1,down_ask_p2,down_ask_s2,up_spread,down_spread,doge_price,doge_oracle_ts
1776195911.332,11.332,,,,,,,,,,,,,,,,,,,0.092842,1776195910000
1776195912.271,12.271,,,,,,,,,,,,,,,,,,,0.092854,1776195911000
1776195912.742,12.742,0.57,5.0,0.56,5.0,0.66,5.0,0.67,5.0,0.34,5.0,0.33,5.0,0.43,5.0,0.44,5.0,0.09,0.09,0.092854,1776195911000
1776195913.205,13.205,0.57,5.0,0.56,5.0,0.66,5.0,0.67,5.0,0.34,5.0,0.33,5.0,0.43,5.0,0.44,5.0,0.09,0.09,0.092854,1776195911000
1776195914.383,14.383,0.57,5.0,0.56,5.0,0.66,5.0,0.67,5.0,0.34,5.0,0.33,5.0,0.43,5.0,0.44,5.0,0.09,0.09,0.092858,1776195913000
1776195914.95,14.95,0.57,5.0,0.56,5.0,0.66,5.0,0.67,5.0,0.34,5.0,0.33,5.0,0.43,5.0,0.44,5.0,0.09,0.09,0.092858,1776195914000
1776195916.137,16.137,0.57,5.0,0.56,5.0,0.66,5.0,0.67,5.0,0.34,5.0,0.33,5.0,0.43,5.0,0.44,5.0,0.09,0.09,0.092859,1776195915000
1776195917.033,17.033,0.57,5.0,0.56,5.0,0.66,5.0,0.67,5.0,0.34,5.0,0.33,5.0,0.43,5.0,0.44,5.0,0.09,0.09,0.092858,1776195916000
1776195918.232,18.232,0.57,5.0,0.56,5.0,0.66,5.0,0.67,5.0,0.34,5.0,0.33,5.0,0.43,5.0,0.44,5.0,0.09,0.09,0.092858,1776195917000
1776195919.163,19.163,0.57,5.0,0.56,5.0,0.66,5.0,0.67,5.0,0.34,5.0,0.33,5.0,0.43,5.0,0.44,5.0,0.09,0.09,0.092859,1776195918000
1776195920.287,20.287,0.57,5.0,0.56,5.0,0.66,5.0,0.67,5.0,0.34,5.0,0.33,5.0,0.43,5.0,0.44,5.0,0.09,0.09,0.09286,1776195919000
1776195921.395,21.395,0.57,5.0,0.56,5.0,0.66,5.0,0.67,5.0,0.34,5.0,0.33,5.0,0.43,5.0,0.44,5.0,0.09,0.09,0.092861,1776195920000
1776195921.968,21.968,0.57,5.0,0.56,5.0,0.66,5.0,0.67,5.0,0.34,5.0,0.33,5.0,0.43,5.0,0.44,5.0,0.09,0.09,0.092861,1776195921000
1776195923.448,23.448,0.57,5.0,0.56,5.0,0.66,5.0,0.67,5.0,0.34,5.0,0.33,5.0,0.43,5.0,0.44,5.0,0.09,0.09,0.09286,1776195922000
1776195923.911,23.911,0.56,5.0,0.52,10.0,0.66,5.0,0.67,5.0,0.34,5.0,0.33,5.0,0.43,5.0,0.44,5.0,0.1,0.09,0.09286,1776195922000
1776195925.098,25.098,0.56,5.0,0.52,10.0,0.66,5.0,0.67,5.0,0.34,5.0,0.33,5.0,0.44,5.0,0.48,10.0,0.1,0.1,0.09286,1776195924000
1776195926.071,26.071,0.56,5.0,0.52,10.0,0.66,5.0,0.67,5.0,0.34,5.0,0.33,5.0,0.44,5.0,0.48,10.0,0.1,0.1,0.09286,1776195925000
1776195927.128,27.128,0.56,5.0,0.52,10.0,0.66,5.0,0.67,5.0,0.34,5.0,0.33,5.0,0.44,5.0,0.48,10.0,0.1,0.1,0.092854,1776195926000
1776195928.198,28.198,0.56,5.0,0.52,10.0,0.66,5.0,0.67,5.0,0.34,5.0,0.33,5.0,0.44,5.0,0.48,10.0,0.1,0.1,0.092848,1776195927000
1776195929.331,29.331,0.56,5.0,0.52,10.0,0.66,5.0,0.67,5.0,0.34,5.0,0.33,5.0,0.44,5.0,0.48,10.0,0.1,0.1,0.092845,1776195928000
1776195930.381,30.381,0.56,5.0,0.52,10.0,0.66,5.0,0.67,5.0,0.34,5.0,0.33,5.0,0.44,5.0,0.48,10.0,0.1,0.1,0.092845,1776195929000
1776195930.872,30.872,0.56,5.0,0.52,10.0,0.66,5.0,0.67,5.0,0.34,5.0,0.33,5.0,0.44,5.0,0.48,10.0,0.1,0.1,0.092845,1776195930000
1776195931.92,31.92,0.56,5.0,0.52,10.0,0.66,5.0,0.67,5.0,0.34,5.0,0.33,5.0,0.44,5.0,0.48,10.0,0.1,0.1,0.092842,1776195931000
1776195932.915,32.915,0.56,5.0,0.52,10.0,0.66,5.0,0.67,5.0,0.34,5.0,0.33,5.0,0.44,5.0,0.48,10.0,0.1,0.1,0.09284,1776195932000
1776195933.895,33.895,0.56,5.0,0.52,10.0,0.66,5.0,0.67,5.0,0.34,5.0,0.33,5.0,0.44,5.0,0.48,10.0,0.1,0.1,0.092833,1776195933000
1776195934.956,34.956,0.56,5.0,0.52,10.0,0.66,5.0,0.67,5.0,0.34,5.0,0.33,5.0,0.44,5.0,0.48,10.0,0.1,0.1,0.092834,1776195934000
1776195936.613,36.613,0.56,5.0,0.52,10.0,0.66,5.0,0.67,5.0,0.34,5.0,0.33,5.0,0.44,5.0,0.48,10.0,0.1,0.1,0.092832,1776195935000
1776195937.119,37.119,0.56,5.0,0.52,10.0,0.66,5.0,0.67,5.0,0.34,5.0,0.33,5.0,0.44,5.0,0.48,10.0,0.1,0.1,0.092832,1776195936000
1776195938.215,38.215,0.56,5.0,0.52,10.0,0.66,5.0,0.67,5.0,0.34,5.0,0.33,5.0,0.44,5.0,0.48,10.0,0.1,0.1,0.092847,1776195937000
1776195939.787,39.787,0.56,5.0,0.52,10.0,0.66,5.0,0.67,5.0,0.34,5.0,0.33,5.0,0.44,5.0,0.48,10.0,0.1,0.1,0.09285,1776195938000
1776195940.284,40.284,0.56,5.0,0.52,10.0,0.66,5.0,0.67,5.0,0.34,5.0,0.33,5.0,0.44,5.0,0.48,10.0,0.1,0.1,0.092829,1776195939000
1776195941.431,41.431,0.56,5.0,0.52,10.0,0.66,5.0,0.67,5.0,0.34,5.0,0.33,5.0,0.44,5.0,0.48,10.0,0.1,0.1,0.092837,1776195940000
1776195942.063,42.063,0.56,5.0,0.52,10.0,0.66,5.0,0.67,5.0,0.34,5.0,0.33,5.0,0.44,5.0,0.48,10.0,0.1,0.1,0.092837,1776195941000
1776195943.467,43.467,0.56,5.0,0.52,10.0,0.66,5.0,0.67,5.0,0.34,5.0,0.33,5.0,0.44,5.0,0.48,10.0,0.1,0.1,0.092855,1776195942000
1776195944.192,44.192,0.56,5.0,0.52,10.0,0.66,5.0,0.67,5.0,0.34,5.0,0.33,5.0,0.44,5.0,0.48,10.0,0.1,0.1,0.092855,1776195943000
1776195945.326,45.326,0.56,5.0,0.52,10.0,0.66,5.0,0.67,5.0,0.34,5.0,0.33,5.0,0.44,5.0,0.48,10.0,0.1,0.1,0.092862,1776195944000
1776195946.488,46.488,0.56,5.0,0.52,10.0,0.66,5.0,0.67,5.0,0.34,5.0,0.33,5.0,0.44,5.0,0.48,10.0,0.1,0.1,0.092862,1776195945000
1776195947.084,47.084,0.56,5.0,0.52,10.0,0.66,5.0,0.67,5.0,0.34,5.0,0.33,5.0,0.44,5.0,0.48,10.0,0.1,0.1,0.092862,1776195946000
1776195948.236,48.236,0.56,5.0,0.52,10.0,0.66,5.0,0.67,5.0,0.34,5.0,0.33,5.0,0.44,5.0,0.48,10.0,0.1,0.1,0.092863,1776195947000
1776195949.509,49.509,0.56,5.0,0.52,10.0,0.66,5.0,0.67,5.0,0.34,5.0,0.33,5.0,0.44,5.0,0.48,10.0,0.1,0.1,0.092865,1776195948000
1776195950.016,50.016,0.56,5.0,0.52,10.0,0.66,5.0,0.67,5.0,0.34,5.0,0.33,5.0,0.44,5.0,0.48,10.0,0.1,0.1,0.092865,1776195949000
1776195950.682,50.682,0.61,50.0,0.6,10.0,0.71,5.0,0.77,14.7,0.34,5.0,0.33,5.0,0.44,5.0,0.48,10.0,0.1,0.1,0.092865,1776195949000
1776195951.125,51.125,0.61,50.0,0.6,10.0,0.71,5.0,0.77,14.7,0.29,5.0,0.23,14.7,0.39,50.0,0.4,10.0,0.1,0.1,0.092852,1776195950000
1776195952.475,52.475,0.61,50.0,0.6,10.0,0.71,5.0,0.77,14.7,0.29,5.0,0.23,14.7,0.39,50.0,0.4,10.0,0.1,0.1,0.092869,1776195951000
1776195953.211,53.211,0.61,50.0,0.6,10.0,0.71,5.0,0.77,14.7,0.29,5.0,0.23,14.7,0.39,50.0,0.4,10.0,0.1,0.1,0.092877,1776195952000
1776195954.709,54.709,0.61,50.0,0.6,10.0,0.71,5.0,0.77,14.7,0.29,5.0,0.23,14.7,0.39,50.0,0.4,10.0,0.1,0.1,0.092883,1776195953000
1776195955.434,55.434,0.61,50.0,0.6,10.0,0.71,5.0,0.77,14.7,0.29,5.0,0.23,14.7,0.39,50.0,0.4,10.0,0.1,0.1,0.092882,1776195954000
1776195956.263,56.263,0.61,50.0,0.6,10.0,0.71,5.0,0.77,14.7,0.29,5.0,0.23,14.7,0.39,50.0,0.4,10.0,0.1,0.1,0.092882,1776195955000
1776195957.676,57.676,0.61,50.0,0.6,10.0,0.71,5.0,0.77,14.7,0.29,5.0,0.23,14.7,0.39,50.0,0.4,10.0,0.1,0.1,0.092883,1776195956000
1776195958.411,58.411,0.61,50.0,0.6,10.0,0.71,5.0,0.77,14.7,0.29,5.0,0.23,14.7,0.39,50.0,0.4,10.0,0.1,0.1,0.092883,1776195957000
1776195959.097,59.097,0.61,50.0,0.6,10.0,0.71,5.0,0.77,14.7,0.29,5.0,0.23,14.7,0.39,50.0,0.4,10.0,0.1,0.1,0.092885,1776195958000
1776195959.458,59.458,0.71,5.0,0.62,10.0,0.73,2.0,0.75,5.0,0.29,5.0,0.23,14.7,0.39,50.0,0.4,10.0,0.02,0.1,0.092885,1776195958000
1776195960.422,60.422,0.61,55.0,0.6,5.0,0.72,5.0,0.74,5.0,0.27,2.0,0.25,5.0,0.29,5.0,0.38,10.0,0.11,0.02,0.092885,1776195958000
1776195960.862,60.862,0.61,55.0,0.6,5.0,0.72,3.48,0.74,5.0,0.28,5.0,0.26,5.0,0.39,55.0,0.4,5.0,0.11,0.11,0.092887,1776195959000
1776195961.359,61.359,0.61,55.0,0.6,5.0,0.72,3.48,0.74,5.0,0.28,3.48,0.26,5.0,0.39,55.0,0.4,5.0,0.11,0.11,0.092887,1776195960000
1776195962.796,62.796,0.61,55.0,0.6,5.0,0.72,3.48,0.74,5.0,0.28,3.48,0.26,5.0,0.39,55.0,0.4,5.0,0.11,0.11,0.092862,1776195961000
1776195963.653,63.653,0.61,55.0,0.6,5.0,0.72,3.48,0.74,5.0,0.28,3.48,0.26,5.0,0.39,55.0,0.4,5.0,0.11,0.11,0.092867,1776195962000
1776195964.418,64.418,0.61,55.0,0.6,5.0,0.72,3.48,0.74,5.0,0.28,3.48,0.26,5.0,0.39,55.0,0.4,5.0,0.11,0.11,0.092843,1776195963000
1776195964.787,64.787,0.55,5.0,0.52,5.0,0.65,1.92,0.67,5.0,0.28,3.48,0.26,5.0,0.39,55.0,0.4,5.0,0.1,0.11,0.092843,1776195963000
1776195965.15,65.15,0.55,2.6,0.52,5.0,0.67,5.0,0.72,10.0,0.33,5.0,0.28,10.0,0.45,2.6,0.48,5.0,0.12,0.12,0.092837,1776195964000
1776195966.795,66.795,0.55,2.6,0.52,5.0,0.67,5.0,0.72,10.0,0.33,5.0,0.28,10.0,0.45,2.6,0.48,5.0,0.12,0.12,0.092832,1776195965000
1776195967.529,67.529,0.55,2.6,0.52,5.0,0.67,5.0,0.72,10.0,0.33,5.0,0.28,10.0,0.45,2.6,0.48,5.0,0.12,0.12,0.09283,1776195966000
1776195968.348,68.348,0.55,2.6,0.52,5.0,0.67,5.0,0.72,10.0,0.33,5.0,0.28,10.0,0.45,2.6,0.48,5.0,0.12,0.12,0.092825,1776195967000
1776195969.862,69.862,0.55,2.6,0.52,5.0,0.67,5.0,0.72,10.0,0.33,5.0,0.28,10.0,0.45,2.6,0.48,5.0,0.12,0.12,0.092832,1776195968000
1776195970.539,70.539,0.55,2.6,0.52,5.0,0.67,5.0,0.72,10.0,0.33,5.0,0.28,10.0,0.45,2.6,0.48,5.0,0.12,0.12,0.092834,1776195969000
1776195971.708,71.708,0.55,2.6,0.52,5.0,0.67,5.0,0.72,10.0,0.33,5.0,0.28,10.0,0.45,2.6,0.48,5.0,0.12,0.12,0.092834,1776195970000
1776195972.567,72.567,0.55,2.6,0.52,5.0,0.67,5.0,0.72,10.0,0.33,5.0,0.28,10.0,0.45,2.6,0.48,5.0,0.12,0.12,0.092833,1776195971000
1776195973.812,73.812,0.55,2.6,0.52,5.0,0.67,5.0,0.72,10.0,0.33,5.0,0.28,10.0,0.45,2.6,0.48,5.0,0.12,0.12,0.092834,1776195972000
1776195974.404,74.404,0.55,2.6,0.52,5.0,0.67,5.0,0.72,10.0,0.33,5.0,0.28,10.0,0.45,2.6,0.48,5.0,0.12,0.12,0.092834,1776195973000
1776195975.543,75.543,0.55,2.6,0.52,5.0,0.67,5.0,0.72,10.0,0.33,5.0,0.28,10.0,0.45,2.6,0.48,5.0,0.12,0.12,0.092834,1776195974000
1776195976.32,76.32,0.55,2.6,0.52,5.0,0.67,5.0,0.72,10.0,0.33,5.0,0.28,10.0,0.45,2.6,0.48,5.0,0.12,0.12,0.092836,1776195975000
1776195977.843,77.843,0.55,2.6,0.52,5.0,0.67,5.0,0.72,10.0,0.33,5.0,0.28,10.0,0.45,2.6,0.48,5.0,0.12,0.12,0.092864,1776195976000
1776195978.489,78.489,0.55,2.6,0.52,5.0,0.67,5.0,0.72,10.0,0.33,5.0,0.28,10.0,0.45,2.6,0.48,5.0,0.12,0.12,0.092864,1776195977000
1776195979.151,79.151,0.55,2.6,0.52,5.0,0.67,5.0,0.72,10.0,0.33,5.0,0.28,10.0,0.45,2.6,0.48,5.0,0.12,0.12,0.092864,1776195978000
1776195980.601,80.601,0.55,2.6,0.52,5.0,0.67,5.0,0.72,10.0,0.33,5.0,0.28,10.0,0.45,2.6,0.48,5.0,0.12,0.12,0.092865,1776195979000
1776195981.228,81.228,0.55,2.6,0.52,5.0,0.67,5.0,0.72,10.0,0.33,5.0,0.28,10.0,0.45,2.6,0.48,5.0,0.12,0.12,0.092865,1776195980000
1776195982.078,82.078,0.55,2.6,0.52,5.0,0.67,5.0,0.72,10.0,0.33,5.0,0.28,10.0,0.45,2.6,0.48,5.0,0.12,0.12,0.092865,1776195981000
1776195983.396,83.396,0.55,2.6,0.52,5.0,0.67,5.0,0.72,10.0,0.33,5.0,0.28,10.0,0.45,2.6,0.48,5.0,0.12,0.12,0.092867,1776195982000
1776195984.208,84.208,0.55,2.6,0.52,5.0,0.67,5.0,0.72,10.0,0.33,5.0,0.28,10.0,0.45,2.6,0.48,5.0,0.12,0.12,0.092865,1776195983000
1776195985.519,85.519,0.55,2.6,0.52,5.0,0.67,5.0,0.72,10.0,0.33,5.0,0.28,10.0,0.45,2.6,0.48,5.0,0.12,0.12,0.092861,1776195984000
1776195986.353,86.353,0.55,2.6,0.52,5.0,0.67,5.0,0.72,10.0,0.33,5.0,0.28,10.0,0.45,2.6,0.48,5.0,0.12,0.12,0.092863,1776195985000
1776195987.625,87.625,0.55,2.6,0.52,5.0,0.67,5.0,0.72,10.0,0.33,5.0,0.28,10.0,0.45,2.6,0.48,5.0,0.12,0.12,0.092853,1776195986000
1776195988.41,88.41,0.55,2.6,0.52,5.0,0.67,5.0,0.72,10.0,0.33,5.0,0.28,10.0,0.45,2.6,0.48,5.0,0.12,0.12,0.092862,1776195987000
1776195989.072,89.072,0.55,2.6,0.52,5.0,0.67,5.0,0.72,10.0,0.33,5.0,0.28,10.0,0.45,2.6,0.48,5.0,0.12,0.12,0.092862,1776195988000
1776195991.028,91.028,0.55,2.6,0.52,5.0,0.67,5.0,0.72,10.0,0.33,5.0,0.28,10.0,0.45,2.6,0.48,5.0,0.12,0.12,0.092842,1776195989000
1776195991.532,91.532,0.55,2.6,0.52,5.0,0.67,5.0,0.72,10.0,0.33,5.0,0.28,10.0,0.45,2.6,0.48,5.0,0.12,0.12,0.092842,1776195990000
1776195992.181,92.181,0.55,2.6,0.52,5.0,0.67,5.0,0.72,10.0,0.33,5.0,0.28,10.0,0.45,2.6,0.48,5.0,0.12,0.12,0.092842,1776195991000
1776195993.447,93.447,0.55,2.6,0.52,5.0,0.67,5.0,0.72,10.0,0.33,5.0,0.28,10.0,0.45,2.6,0.48,5.0,0.12,0.12,0.092864,1776195992000
1776195994.124,94.124,0.55,2.6,0.52,5.0,0.67,5.0,0.72,10.0,0.33,5.0,0.28,10.0,0.45,2.6,0.48,5.0,0.12,0.12,0.092864,1776195993000
1776195995.248,95.248,0.55,2.6,0.52,5.0,0.67,5.0,0.72,10.0,0.33,5.0,0.28,10.0,0.45,2.6,0.48,5.0,0.12,0.12,0.092865,1776195994000
1776195996.452,96.452,0.55,2.6,0.52,5.0,0.67,5.0,0.72,10.0,0.33,5.0,0.28,10.0,0.45,2.6,0.48,5.0,0.12,0.12,0.092866,1776195995000
1776195997.017,97.017,0.55,2.6,0.52,5.0,0.67,5.0,0.72,10.0,0.33,5.0,0.28,10.0,0.45,2.6,0.48,5.0,0.12,0.12,0.092867,1776195996000
1776195998.24,98.24,0.55,2.6,0.52,5.0,0.67,5.0,0.72,10.0,0.33,5.0,0.28,10.0,0.45,2.6,0.48,5.0,0.12,0.12,0.092867,1776195997000
1776195999.394,99.394,0.55,2.6,0.52,5.0,0.67,5.0,0.72,10.0,0.33,5.0,0.28,10.0,0.45,2.6,0.48,5.0,0.12,0.12,0.092857,1776195998000
1776196000.119,100.119,0.55,2.6,0.52,5.0,0.67,5.0,0.72,10.0,0.33,5.0,0.28,10.0,0.45,2.6,0.48,5.0,0.12,0.12,0.092856,1776195999000
1776196001.168,101.168,0.55,2.6,0.52,5.0,0.67,5.0,0.72,10.0,0.33,5.0,0.28,10.0,0.45,2.6,0.48,5.0,0.12,0.12,0.092856,1776196000000
1776196002.453,102.453,0.62,25.0,0.61,60.9,0.7,5.0,0.72,5.0,0.3,5.0,0.28,5.0,0.38,25.0,0.39,60.9,0.08,0.08,0.092856,1776196001000
1776196003.005,103.005,0.62,25.0,0.61,60.9,0.7,5.0,0.72,5.0,0.3,5.0,0.28,5.0,0.38,25.0,0.39,60.9,0.08,0.08,0.092863,1776196002000
1776196004.249,104.249,0.62,25.0,0.61,60.9,0.7,5.0,0.72,5.0,0.3,5.0,0.28,5.0,0.38,25.0,0.39,60.9,0.08,0.08,0.092837,1776196003000
1776196005.451,105.451,0.62,25.0,0.61,60.9,0.7,5.0,0.72,5.0,0.3,5.0,0.28,5.0,0.38,25.0,0.39,60.9,0.08,0.08,0.092821,1776196004000
1776196006.326,106.326,0.62,25.0,0.61,60.9,0.7,5.0,0.72,5.0,0.3,5.0,0.28,5.0,0.38,25.0,0.39,60.9,0.08,0.08,0.092821,1776196005000
1776196007.391,107.391,0.62,25.0,0.61,60.9,0.7,5.0,0.72,5.0,0.3,5.0,0.28,5.0,0.38,25.0,0.39,60.9,0.08,0.08,0.092822,1776196006000
1776196008.002,108.002,0.62,25.0,0.61,60.9,0.7,5.0,0.72,5.0,0.3,5.0,0.28,5.0,0.38,25.0,0.39,60.9,0.08,0.08,0.092821,1776196007000
1776196008.299,108.299,0.51,14.78,0.5,20.4,0.64,5.0,0.67,5.0,0.3,5.0,0.28,5.0,0.38,25.0,0.39,60.9,0.13,0.08,0.092821,1776196007000
1776196009.132,109.132,0.51,14.78,0.5,20.4,0.64,5.0,0.67,5.0,0.36,5.0,0.33,5.0,0.49,14.78,0.5,20.4,0.13,0.13,0.092821,1776196008000
1776196010.181,110.181,0.51,14.78,0.5,20.4,0.64,5.0,0.67,5.0,0.36,5.0,0.33,5.0,0.49,14.78,0.5,20.4,0.13,0.13,0.092822,1776196009000
1776196010.431,110.431,0.51,19.76,0.5,20.4,0.64,5.0,0.67,16.8,0.36,5.0,0.33,16.8,0.49,19.76,0.5,20.4,0.13,0.13,0.092822,1776196009000
1776196011.183,111.183,0.51,19.76,0.5,20.4,0.64,5.0,0.67,16.8,0.36,5.0,0.33,16.8,0.49,19.76,0.5,20.4,0.13,0.13,0.092809,1776196010000
1776196012.234,112.234,0.51,19.76,0.5,20.4,0.64,5.0,0.67,16.8,0.36,5.0,0.33,16.8,0.49,19.76,0.5,20.4,0.13,0.13,0.092823,1776196011000
1776196013.41,113.41,0.51,19.76,0.5,20.4,0.64,5.0,0.67,16.8,0.36,5.0,0.33,16.8,0.49,19.76,0.5,20.4,0.13,0.13,0.092823,1776196012000
1776196013.937,113.937,0.51,19.76,0.5,20.4,0.64,5.0,0.67,16.8,0.36,5.0,0.33,16.8,0.49,19.76,0.5,20.4,0.13,0.13,0.092823,1776196013000
1776196014.324,114.324,0.5,7.38,0.46,10.0,0.59,5.0,0.63,5.0,0.36,5.0,0.33,16.8,0.49,19.76,0.5,20.4,0.09,0.13,0.092823,1776196013000
1776196015.237,115.237,0.5,2.49,0.46,10.0,0.59,5.0,0.63,5.0,0.41,5.0,0.37,5.0,0.5,2.49,0.54,10.0,0.09,0.09,0.092811,1776196014000
1776196016.268,116.268,0.5,2.49,0.46,10.0,0.59,5.0,0.63,5.0,0.41,5.0,0.37,5.0,0.5,2.49,0.54,10.0,0.09,0.09,0.092807,1776196015000
1776196017.322,117.322,0.5,2.49,0.46,10.0,0.59,5.0,0.63,5.0,0.41,5.0,0.37,5.0,0.5,2.49,0.54,10.0,0.09,0.09,0.092805,1776196016000
1776196018.432,118.432,0.5,2.49,0.46,10.0,0.59,5.0,0.63,5.0,0.41,5.0,0.37,5.0,0.5,2.49,0.54,10.0,0.09,0.09,0.092805,1776196017000
1776196018.922,118.922,0.5,2.49,0.46,10.0,0.59,5.0,0.63,5.0,0.41,5.0,0.37,5.0,0.5,2.49,0.54,10.0,0.09,0.09,0.092805,1776196018000
1776196020.04,120.04,0.5,0.37,0.46,10.0,0.59,5.0,0.62,11.0,0.41,5.0,0.37,5.0,0.5,2.49,0.54,10.0,0.09,0.09,0.092805,1776196018000
1776196020.539,120.539,0.5,0.37,0.46,10.0,0.59,5.0,0.62,11.0,0.41,5.0,0.38,11.0,0.5,0.37,0.54,10.0,0.09,0.09,0.092805,1776196019000
1776196021.286,121.286,0.5,0.37,0.46,10.0,0.59,5.0,0.62,11.0,0.41,5.0,0.38,11.0,0.5,0.37,0.54,10.0,0.09,0.09,0.092805,1776196020000
1776196022.689,122.689,0.5,0.37,0.46,10.0,0.59,5.0,0.62,11.0,0.41,5.0,0.38,11.0,0.5,0.37,0.54,10.0,0.09,0.09,0.092804,1776196021000
1776196023.269,123.269,0.5,0.37,0.46,10.0,0.59,5.0,0.62,11.0,0.41,5.0,0.38,11.0,0.5,0.37,0.54,10.0,0.09,0.09,0.092796,1776196022000
1776196024.435,124.435,0.5,0.37,0.46,10.0,0.59,5.0,0.62,11.0,0.41,5.0,0.38,11.0,0.5,0.37,0.54,10.0,0.09,0.09,0.092776,1776196023000
1776196025.003,125.003,0.45,5.56,0.4,5.0,0.51,5.0,0.56,5.0,0.49,5.0,0.44,5.0,0.55,5.56,0.6,5.0,0.06,0.06,0.092776,1776196024000
1776196026.258,126.258,0.45,5.56,0.4,5.0,0.51,5.0,0.56,5.0,0.49,5.0,0.44,5.0,0.55,5.56,0.6,5.0,0.06,0.06,0.092775,1776196025000
1776196026.878,126.878,0.45,1.92,0.39,15.9,0.46,5.0,0.51,5.0,0.49,5.0,0.44,5.0,0.55,5.56,0.6,5.0,0.01,0.06,0.092775,1776196025000
1776196027.353,127.353,0.45,1.92,0.39,15.9,0.46,5.0,0.51,5.0,0.54,5.0,0.49,5.0,0.55,1.92,0.61,15.9,0.01,0.01,0.092775,1776196026000
1776196028.016,128.016,0.45,1.92,0.39,15.9,0.46,5.0,0.51,5.0,0.54,5.0,0.49,5.0,0.55,1.92,0.61,15.9,0.01,0.01,0.092776,1776196027000
1776196029.098,129.098,0.45,1.92,0.39,15.9,0.46,5.0,0.51,5.0,0.54,5.0,0.49,5.0,0.55,1.92,0.61,15.9,0.01,0.01,0.092775,1776196028000
1776196030.224,130.224,0.45,1.92,0.39,15.9,0.46,5.0,0.51,5.0,0.54,5.0,0.49,5.0,0.55,1.92,0.61,15.9,0.01,0.01,0.092775,1776196029000
1776196031.35,131.35,0.45,1.92,0.39,15.9,0.46,5.0,0.51,5.0,0.54,5.0,0.49,5.0,0.55,1.92,0.61,15.9,0.01,0.01,0.092761,1776196030000
1776196032.459,132.459,0.45,1.92,0.39,15.9,0.46,5.0,0.51,5.0,0.54,5.0,0.49,5.0,0.55,1.92,0.61,15.9,0.01,0.01,0.092772,1776196031000
1776196033.035,133.035,0.45,1.92,0.39,15.9,0.46,5.0,0.51,5.0,0.54,5.0,0.49,5.0,0.55,1.92,0.61,15.9,0.01,0.01,0.092772,1776196032000
1776196034.158,134.158,0.45,1.92,0.39,15.9,0.46,5.0,0.51,5.0,0.54,5.0,0.49,5.0,0.55,1.92,0.61,15.9,0.01,0.01,0.092764,1776196033000
1776196035.832,135.832,0.45,1.92,0.39,15.9,0.46,5.0,0.51,5.0,0.54,5.0,0.49,5.0,0.55,1.92,0.61,15.9,0.01,0.01,0.092775,1776196034000
1776196036.309,136.309,0.45,1.92,0.39,15.9,0.46,5.0,0.51,5.0,0.54,5.0,0.49,5.0,0.55,1.92,0.61,15.9,0.01,0.01,0.092778,1776196035000
1776196037.519,137.519,0.45,1.92,0.39,15.9,0.46,5.0,0.51,5.0,0.54,5.0,0.49,5.0,0.55,1.92,0.61,15.9,0.01,0.01,0.092788,1776196036000
1776196037.866,137.866,0.45,1.92,0.44,10.6,0.46,1.8,0.54,5.0,0.54,5.0,0.49,5.0,0.55,1.92,0.61,15.9,0.01,0.01,0.092788,1776196036000
1776196038.089,138.089,0.45,1.92,0.44,10.6,0.46,1.8,0.54,5.0,0.54,1.8,0.46,5.0,0.55,1.92,0.56,10.6,0.01,0.01,0.092789,1776196037000
1776196039.232,139.232,0.45,1.92,0.44,10.6,0.46,1.8,0.54,5.0,0.54,1.8,0.46,5.0,0.55,1.92,0.56,10.6,0.01,0.01,0.092776,1776196038000
1776196040.411,140.411,0.45,1.92,0.44,10.6,0.46,1.8,0.54,5.0,0.54,1.8,0.46,5.0,0.55,1.92,0.56,10.6,0.01,0.01,0.09279,1776196039000
1776196040.968,140.968,0.45,1.92,0.44,10.6,0.46,1.8,0.54,5.0,0.54,1.8,0.46,5.0,0.55,1.92,0.56,10.6,0.01,0.01,0.09279,1776196040000
1776196041.22,141.22,0.37,1.96,0.32,11.9,0.46,1.8,0.51,50.0,0.54,1.8,0.46,5.0,0.55,1.92,0.56,10.6,0.09,0.01,0.09279,1776196040000
1776196042.157,142.157,0.32,7.53,0.31,18.2,0.41,50.0,0.46,1.8,0.59,50.0,0.54,1.8,0.68,7.53,0.69,18.2,0.09,0.09,0.09279,1776196041000
1776196043.365,143.365,0.32,7.53,0.31,18.2,0.41,50.0,0.46,1.8,0.59,50.0,0.54,1.8,0.68,7.53,0.69,18.2,0.09,0.09,0.092758,1776196042000
1776196044.547,144.547,0.32,7.53,0.31,18.2,0.41,50.0,0.46,1.8,0.59,50.0,0.54,1.8,0.68,7.53,0.69,18.2,0.09,0.09,0.092743,1776196043000
1776196045.029,145.029,0.32,7.53,0.31,18.2,0.41,50.0,0.46,1.8,0.59,50.0,0.54,1.8,0.68,7.53,0.69,18.2,0.09,0.09,0.092744,1776196044000
1776196046.324,146.324,0.32,7.53,0.31,18.2,0.41,50.0,0.46,1.8,0.59,50.0,0.54,1.8,0.68,7.53,0.69,18.2,0.09,0.09,0.09275,1776196045000
1776196047.447,147.447,0.32,7.53,0.31,18.2,0.41,50.0,0.46,1.8,0.59,50.0,0.54,1.8,0.68,7.53,0.69,18.2,0.09,0.09,0.092745,1776196046000
1776196048.05,148.05,0.32,7.53,0.31,18.2,0.41,50.0,0.46,1.8,0.59,50.0,0.54,1.8,0.68,7.53,0.69,18.2,0.09,0.09,0.092744,1776196047000
1776196049.287,149.287,0.32,7.53,0.31,18.2,0.41,50.0,0.46,1.8,0.59,50.0,0.54,1.8,0.68,7.53,0.69,18.2,0.09,0.09,0.092736,1776196048000
1776196050.961,150.961,0.32,7.53,0.31,18.2,0.41,50.0,0.46,1.8,0.59,50.0,0.54,1.8,0.68,7.53,0.69,18.2,0.09,0.09,0.092729,1776196049000
1776196051.782,151.782,0.32,7.53,0.31,18.2,0.41,50.0,0.46,1.8,0.59,50.0,0.54,1.8,0.68,7.53,0.69,18.2,0.09,0.09,0.092732,1776196050000
1776196052.203,152.203,0.32,7.53,0.31,18.2,0.41,50.0,0.46,1.8,0.59,50.0,0.54,1.8,0.68,7.53,0.69,18.2,0.09,0.09,0.092734,1776196051000
1776196053.487,153.487,0.32,7.53,0.31,18.2,0.41,50.0,0.46,1.8,0.59,50.0,0.54,1.8,0.68,7.53,0.69,18.2,0.09,0.09,0.092726,1776196052000
1776196053.964,153.964,0.26,11.67,0.25,13.9,0.37,5.0,0.41,50.0,0.63,5.0,0.59,50.0,0.74,11.67,0.75,13.9,0.11,0.11,0.092725,1776196053000
1776196055.105,155.105,0.26,11.67,0.25,13.9,0.37,5.0,0.41,50.0,0.63,5.0,0.59,50.0,0.74,11.67,0.75,13.9,0.11,0.11,0.09272,1776196054000
1776196056.235,156.235,0.26,11.67,0.25,13.9,0.37,5.0,0.41,50.0,0.63,5.0,0.59,50.0,0.74,11.67,0.75,13.9,0.11,0.11,0.092721,1776196055000
1776196057.272,157.272,0.26,11.67,0.25,13.9,0.37,5.0,0.41,50.0,0.63,5.0,0.59,50.0,0.74,11.67,0.75,13.9,0.11,0.11,0.09272,1776196056000
1776196058.326,158.326,0.26,11.67,0.25,13.9,0.37,5.0,0.41,50.0,0.63,5.0,0.59,50.0,0.74,11.67,0.75,13.9,0.11,0.11,0.092724,1776196057000
1776196059.422,159.422,0.26,11.67,0.25,13.9,0.37,5.0,0.41,50.0,0.63,5.0,0.59,50.0,0.74,11.67,0.75,13.9,0.11,0.11,0.092724,1776196058000
1776196060.1,160.1,0.26,11.67,0.25,13.9,0.37,5.0,0.41,50.0,0.63,5.0,0.59,50.0,0.74,11.67,0.75,13.9,0.11,0.11,0.092723,1776196059000
1776196061.248,161.248,0.26,11.67,0.25,13.9,0.37,5.0,0.41,50.0,0.63,5.0,0.59,50.0,0.74,11.67,0.75,13.9,0.11,0.11,0.092724,1776196060000
1776196062.322,162.322,0.26,11.67,0.25,13.9,0.37,5.0,0.41,50.0,0.63,5.0,0.59,50.0,0.74,11.67,0.75,13.9,0.11,0.11,0.092723,1776196061000
1776196063.388,163.388,0.26,11.67,0.25,13.9,0.37,5.0,0.41,50.0,0.63,5.0,0.59,50.0,0.74,11.67,0.75,13.9,0.11,0.11,0.092725,1776196062000
1776196063.973,163.973,0.26,11.67,0.25,13.9,0.37,5.0,0.41,50.0,0.63,5.0,0.59,50.0,0.74,11.67,0.75,13.9,0.11,0.11,0.092725,1776196063000
1776196064.809,164.809,0.25,0.08,0.24,19.3,0.36,5.0,0.41,65.7,0.63,5.0,0.59,50.0,0.74,11.67,0.75,13.9,0.11,0.11,0.092725,1776196063000
1776196065.707,165.707,0.25,0.08,0.24,19.3,0.36,5.0,0.41,65.7,0.64,5.0,0.59,65.7,0.75,0.08,0.76,19.3,0.11,0.11,0.092724,1776196064000
1776196066.671,166.671,0.25,0.08,0.24,19.3,0.36,5.0,0.41,65.7,0.64,5.0,0.59,65.7,0.75,0.08,0.76,19.3,0.11,0.11,0.092724,1776196065000
1776196067.387,167.387,0.25,0.08,0.24,19.3,0.36,5.0,0.41,65.7,0.64,5.0,0.59,65.7,0.75,0.08,0.76,19.3,0.11,0.11,0.092724,1776196066000
1776196068.319,168.319,0.25,0.08,0.24,19.3,0.36,5.0,0.41,65.7,0.64,5.0,0.59,65.7,0.75,0.08,0.76,19.3,0.11,0.11,0.092724,1776196067000
1776196069.047,169.047,0.25,0.08,0.24,19.3,0.36,5.0,0.41,65.7,0.64,5.0,0.59,65.7,0.75,0.08,0.76,19.3,0.11,0.11,0.092724,1776196068000
1776196069.289,169.289,0.24,19.3,0.23,14.7,0.41,64.01,0.42,10.7,0.64,5.0,0.59,65.7,0.75,0.08,0.76,19.3,0.17,0.11,0.092724,1776196068000
1776196070.448,170.448,0.24,19.3,0.23,14.7,0.41,64.01,0.42,10.7,0.59,64.01,0.58,10.7,0.76,19.3,0.77,14.7,0.17,0.17,0.092724,1776196069000
1776196071.173,171.173,0.24,19.3,0.23,14.7,0.41,64.01,0.42,10.7,0.59,64.01,0.58,10.7,0.76,19.3,0.77,14.7,0.17,0.17,0.092724,1776196070000
1776196072.626,172.626,0.24,19.3,0.23,14.7,0.41,64.01,0.42,10.7,0.59,64.01,0.58,10.7,0.76,19.3,0.77,14.7,0.17,0.17,0.092724,1776196071000
1776196073.427,173.427,0.24,19.3,0.23,14.7,0.41,64.01,0.42,10.7,0.59,64.01,0.58,10.7,0.76,19.3,0.77,14.7,0.17,0.17,0.092724,1776196072000
1776196074.07,174.07,0.24,19.3,0.23,14.7,0.41,64.01,0.42,10.7,0.59,64.01,0.58,10.7,0.76,19.3,0.77,14.7,0.17,0.17,0.092724,1776196073000
1776196075.466,175.466,0.24,19.3,0.23,14.7,0.41,64.01,0.42,10.7,0.59,64.01,0.58,10.7,0.76,19.3,0.77,14.7,0.17,0.17,0.092724,1776196074000
1776196076.209,176.209,0.24,19.3,0.23,14.7,0.41,64.01,0.42,10.7,0.59,64.01,0.58,10.7,0.76,19.3,0.77,14.7,0.17,0.17,0.092724,1776196075000
1776196077.651,177.651,0.24,19.3,0.23,14.7,0.41,64.01,0.42,10.7,0.59,64.01,0.58,10.7,0.76,19.3,0.77,14.7,0.17,0.17,0.092722,1776196076000
1776196078.377,178.377,0.24,19.3,0.23,14.7,0.41,64.01,0.42,10.7,0.59,64.01,0.58,10.7,0.76,19.3,0.77,14.7,0.17,0.17,0.092718,1776196077000
1776196079.324,179.324,0.24,19.3,0.23,14.7,0.41,64.01,0.42,10.7,0.59,64.01,0.58,10.7,0.76,19.3,0.77,14.7,0.17,0.17,0.092716,1776196078000
1776196080.629,180.629,0.24,19.3,0.23,14.7,0.41,64.01,0.42,10.7,0.59,64.01,0.58,10.7,0.76,19.3,0.77,14.7,0.17,0.17,0.092707,1776196079000
1776196081.321,181.321,0.24,19.3,0.23,14.7,0.41,64.01,0.42,10.7,0.59,64.01,0.58,10.7,0.76,19.3,0.77,14.7,0.17,0.17,0.092704,1776196080000
1776196082.158,182.158,0.24,19.3,0.23,14.7,0.41,64.01,0.42,10.7,0.59,64.01,0.58,10.7,0.76,19.3,0.77,14.7,0.17,0.17,0.092715,1776196081000
1776196083.5,183.5,0.24,19.3,0.23,14.7,0.41,64.01,0.42,10.7,0.59,64.01,0.58,10.7,0.76,19.3,0.77,14.7,0.17,0.17,0.092715,1776196082000
1776196084.676,184.676,0.24,19.3,0.23,14.7,0.41,64.01,0.42,10.7,0.59,64.01,0.58,10.7,0.76,19.3,0.77,14.7,0.17,0.17,0.09272,1776196083000
1776196085.354,185.354,0.24,19.3,0.23,14.7,0.41,64.01,0.42,10.7,0.59,64.01,0.58,10.7,0.76,19.3,0.77,14.7,0.17,0.17,0.092718,1776196084000
1776196086.2,186.2,0.24,19.3,0.23,14.7,0.41,64.01,0.42,10.7,0.59,64.01,0.58,10.7,0.76,19.3,0.77,14.7,0.17,0.17,0.092717,1776196085000
1776196087.434,187.434,0.24,19.3,0.23,14.7,0.41,64.01,0.42,10.7,0.59,64.01,0.58,10.7,0.76,19.3,0.77,14.7,0.17,0.17,0.092714,1776196086000
1776196088.003,188.003,0.24,19.3,0.23,14.7,0.41,64.01,0.42,10.7,0.59,64.01,0.58,10.7,0.76,19.3,0.77,14.7,0.17,0.17,0.092714,1776196087000
1776196089.044,189.044,0.24,19.3,0.23,14.7,0.41,64.01,0.42,10.7,0.59,64.01,0.58,10.7,0.76,19.3,0.77,14.7,0.17,0.17,0.092719,1776196088000
1776196089.318,189.318,0.33,5.0,0.32,5.0,0.35,5.0,0.4,5.0,0.59,64.01,0.58,10.7,0.76,19.3,0.77,14.7,0.02,0.17,0.092719,1776196088000
1776196090.202,190.202,0.33,5.0,0.32,5.0,0.35,5.0,0.4,5.0,0.65,5.0,0.6,5.0,0.67,5.0,0.68,5.0,0.02,0.02,0.092719,1776196089000
1776196091.023,191.023,0.33,5.0,0.32,5.0,0.35,5.0,0.4,5.0,0.65,5.0,0.6,5.0,0.67,5.0,0.68,5.0,0.02,0.02,0.092709,1776196090000
1776196092.152,192.152,0.33,5.0,0.32,5.0,0.35,5.0,0.4,5.0,0.65,5.0,0.6,5.0,0.67,5.0,0.68,5.0,0.02,0.02,0.092729,1776196091000
1776196093.285,193.285,0.33,5.0,0.32,5.0,0.35,5.0,0.4,5.0,0.65,5.0,0.6,5.0,0.67,5.0,0.68,5.0,0.02,0.02,0.092746,1776196092000
1776196093.864,193.864,0.33,5.0,0.32,5.0,0.35,5.0,0.4,5.0,0.65,5.0,0.6,5.0,0.67,5.0,0.68,5.0,0.02,0.02,0.092749,1776196093000
1776196094.957,194.957,0.33,5.0,0.32,5.0,0.35,5.0,0.4,5.0,0.65,5.0,0.6,5.0,0.67,5.0,0.68,5.0,0.02,0.02,0.092745,1776196094000
1776196096.233,196.233,0.33,5.0,0.32,5.0,0.35,5.0,0.4,5.0,0.65,5.0,0.6,5.0,0.67,5.0,0.68,5.0,0.02,0.02,0.092746,1776196095000
1776196097.328,197.328,0.33,5.0,0.32,5.0,0.35,5.0,0.4,5.0,0.65,5.0,0.6,5.0,0.67,5.0,0.68,5.0,0.02,0.02,0.092748,1776196096000
1776196098.342,198.342,0.33,5.0,0.32,5.0,0.35,5.0,0.4,5.0,0.65,5.0,0.6,5.0,0.67,5.0,0.68,5.0,0.02,0.02,0.092748,1776196097000
1776196098.907,198.907,0.33,6.8,0.32,11.9,0.45,20.0,0.48,5.0,0.55,20.0,0.52,5.0,0.67,6.8,0.68,11.9,0.12,0.12,0.09275,1776196098000
1776196100.813,200.813,0.33,6.8,0.32,11.9,0.45,20.0,0.48,5.0,0.55,20.0,0.52,5.0,0.67,6.8,0.68,11.9,0.12,0.12,0.092752,1776196099000
1776196101.611,201.611,0.33,6.8,0.32,11.9,0.45,20.0,0.48,5.0,0.55,20.0,0.52,5.0,0.67,6.8,0.68,11.9,0.12,0.12,0.092752,1776196100000
1776196102.229,202.229,0.33,6.8,0.32,11.9,0.45,20.0,0.48,5.0,0.55,20.0,0.52,5.0,0.67,6.8,0.68,11.9,0.12,0.12,0.092752,1776196101000
1776196103.559,203.559,0.33,6.8,0.32,11.9,0.45,20.0,0.48,5.0,0.55,20.0,0.52,5.0,0.67,6.8,0.68,11.9,0.12,0.12,0.09275,1776196102000
1776196104.121,204.121,0.33,6.8,0.32,11.9,0.45,20.0,0.48,5.0,0.55,20.0,0.52,5.0,0.67,6.8,0.68,11.9,0.12,0.12,0.09275,1776196103000
1776196105.477,205.477,0.33,6.8,0.32,11.9,0.45,20.0,0.48,5.0,0.55,20.0,0.52,5.0,0.67,6.8,0.68,11.9,0.12,0.12,0.092734,1776196104000
1776196106.172,206.172,0.33,6.8,0.32,11.9,0.45,20.0,0.48,5.0,0.55,20.0,0.52,5.0,0.67,6.8,0.68,11.9,0.12,0.12,0.092734,1776196105000
1776196107.411,207.411,0.33,6.8,0.32,11.9,0.45,20.0,0.48,5.0,0.55,20.0,0.52,5.0,0.67,6.8,0.68,11.9,0.12,0.12,0.092731,1776196106000
1776196107.957,207.957,0.33,6.8,0.32,11.9,0.45,20.0,0.48,5.0,0.55,20.0,0.52,5.0,0.67,6.8,0.68,11.9,0.12,0.12,0.09271,1776196107000
1776196109.211,209.211,0.33,6.8,0.32,11.9,0.45,20.0,0.48,5.0,0.55,20.0,0.52,5.0,0.67,6.8,0.68,11.9,0.12,0.12,0.092709,1776196108000
1776196110.498,210.498,0.33,6.8,0.32,11.9,0.45,20.0,0.48,5.0,0.55,20.0,0.52,5.0,0.67,6.8,0.68,11.9,0.12,0.12,0.092716,1776196109000
1776196111.207,211.207,0.33,6.8,0.32,11.9,0.45,20.0,0.48,5.0,0.55,20.0,0.52,5.0,0.67,6.8,0.68,11.9,0.12,0.12,0.092735,1776196110000
1776196112.467,212.467,0.33,6.8,0.32,11.9,0.45,20.0,0.48,5.0,0.55,20.0,0.52,5.0,0.67,6.8,0.68,11.9,0.12,0.12,0.092735,1776196111000
1776196113.182,213.182,0.33,6.8,0.32,11.9,0.45,20.0,0.48,5.0,0.55,20.0,0.52,5.0,0.67,6.8,0.68,11.9,0.12,0.12,0.092736,1776196112000
1776196114.447,214.447,0.33,6.8,0.32,11.9,0.45,20.0,0.48,5.0,0.55,20.0,0.52,5.0,0.67,6.8,0.68,11.9,0.12,0.12,0.092715,1776196113000
1776196115.083,215.083,0.33,6.8,0.32,11.9,0.45,20.0,0.48,5.0,0.55,20.0,0.52,5.0,0.67,6.8,0.68,11.9,0.12,0.12,0.092725,1776196114000
1776196116.705,216.705,0.33,6.8,0.32,11.9,0.45,20.0,0.48,5.0,0.55,20.0,0.52,5.0,0.67,6.8,0.68,11.9,0.12,0.12,0.092715,1776196115000
1776196117.787,217.787,0.33,6.8,0.32,11.9,0.45,20.0,0.48,5.0,0.55,20.0,0.52,5.0,0.67,6.8,0.68,11.9,0.12,0.12,0.092715,1776196116000
1776196118.39,218.39,0.33,6.8,0.32,11.9,0.45,20.0,0.48,5.0,0.55,20.0,0.52,5.0,0.67,6.8,0.68,11.9,0.12,0.12,0.092732,1776196117000
1776196119.212,219.212,0.33,6.8,0.32,11.9,0.45,20.0,0.48,5.0,0.55,20.0,0.52,5.0,0.67,6.8,0.68,11.9,0.12,0.12,0.092732,1776196118000
1776196120.706,220.706,0.33,6.8,0.32,11.9,0.45,20.0,0.48,5.0,0.55,20.0,0.52,5.0,0.67,6.8,0.68,11.9,0.12,0.12,0.092726,1776196119000
1776196121.367,221.367,0.33,6.8,0.32,11.9,0.45,20.0,0.48,5.0,0.55,20.0,0.52,5.0,0.67,6.8,0.68,11.9,0.12,0.12,0.092739,1776196120000
1776196122.088,222.088,0.33,6.8,0.32,11.9,0.45,20.0,0.48,5.0,0.55,20.0,0.52,5.0,0.67,6.8,0.68,11.9,0.12,0.12,0.092736,1776196121000
1776196123.428,223.428,0.33,6.8,0.32,11.9,0.45,20.0,0.48,5.0,0.55,20.0,0.52,5.0,0.67,6.8,0.68,11.9,0.12,0.12,0.092731,1776196122000
1776196124.048,224.048,0.33,6.8,0.32,11.9,0.45,20.0,0.48,5.0,0.55,20.0,0.52,5.0,0.67,6.8,0.68,11.9,0.12,0.12,0.092731,1776196123000
1776196125.347,225.347,0.33,6.8,0.32,11.9,0.45,20.0,0.48,5.0,0.55,20.0,0.52,5.0,0.67,6.8,0.68,11.9,0.12,0.12,0.092731,1776196124000
1776196126.566,226.566,0.27,2.34,0.23,14.7,0.34,5.0,0.36,5.0,0.66,5.0,0.64,5.0,0.73,2.34,0.77,14.7,0.07,0.07,0.092736,1776196125000
1776196127.367,227.367,0.27,2.34,0.23,14.7,0.34,5.0,0.36,5.0,0.66,5.0,0.64,5.0,0.73,2.34,0.77,14.7,0.07,0.07,0.092738,1776196126000
1776196128.025,228.025,0.27,2.34,0.23,14.7,0.34,5.0,0.36,5.0,0.66,5.0,0.64,5.0,0.73,2.34,0.77,14.7,0.07,0.07,0.092725,1776196127000
1776196129.455,229.455,0.27,2.34,0.23,14.7,0.34,5.0,0.36,5.0,0.66,5.0,0.64,5.0,0.73,2.34,0.77,14.7,0.07,0.07,0.092738,1776196128000
1776196130.163,230.163,0.27,2.34,0.23,14.7,0.34,5.0,0.36,5.0,0.66,5.0,0.64,5.0,0.73,2.34,0.77,14.7,0.07,0.07,0.092738,1776196129000
1776196131.563,231.563,0.27,2.34,0.23,14.7,0.34,5.0,0.36,5.0,0.66,5.0,0.64,5.0,0.73,2.34,0.77,14.7,0.07,0.07,0.092739,1776196130000
1776196132.29,232.29,0.27,2.34,0.23,14.7,0.34,5.0,0.36,5.0,0.66,5.0,0.64,5.0,0.73,2.34,0.77,14.7,0.07,0.07,0.092734,1776196131000
1776196133.606,233.606,0.27,2.34,0.23,14.7,0.34,5.0,0.36,5.0,0.66,5.0,0.64,5.0,0.73,2.34,0.77,14.7,0.07,0.07,0.092734,1776196132000
1776196134.629,234.629,0.27,2.34,0.23,14.7,0.34,5.0,0.36,5.0,0.66,5.0,0.64,5.0,0.73,2.34,0.77,14.7,0.07,0.07,0.092734,1776196133000
1776196135.239,235.239,0.27,2.34,0.23,14.7,0.34,5.0,0.36,5.0,0.66,5.0,0.64,5.0,0.73,2.34,0.77,14.7,0.07,0.07,0.092737,1776196134000
1776196136.421,236.421,0.27,2.34,0.23,14.7,0.34,5.0,0.36,5.0,0.66,5.0,0.64,5.0,0.73,2.34,0.77,14.7,0.07,0.07,0.092737,1776196135000
1776196136.628,236.628,0.22,5.08,0.21,15.7,0.27,6.65,0.31,50.0,0.66,5.0,0.64,5.0,0.73,2.34,0.77,14.7,0.05,0.07,0.092737,1776196135000
1776196137.039,237.039,0.22,5.08,0.21,15.7,0.27,6.65,0.31,50.0,0.73,6.65,0.69,50.0,0.78,5.08,0.79,15.7,0.05,0.05,0.09273,1776196136000
1776196138.145,238.145,0.22,5.08,0.21,15.7,0.27,6.65,0.31,50.0,0.73,6.65,0.69,50.0,0.78,5.08,0.79,15.7,0.05,0.05,0.09273,1776196137000
1776196139.131,239.131,0.22,5.08,0.21,15.7,0.27,6.65,0.31,50.0,0.73,6.65,0.69,50.0,0.78,5.08,0.79,15.7,0.05,0.05,0.09273,1776196138000
1776196140.425,240.425,0.21,4.42,0.2,16.2,0.27,6.65,0.31,55.0,0.73,6.65,0.69,55.0,0.79,4.42,0.8,16.2,0.06,0.06,0.092729,1776196139000
1776196141.109,241.109,0.21,4.42,0.2,16.2,0.27,6.65,0.31,55.0,0.73,6.65,0.69,55.0,0.79,4.42,0.8,16.2,0.06,0.06,0.092721,1776196140000
1776196142.281,242.281,0.21,4.42,0.2,16.2,0.27,6.65,0.31,55.0,0.73,6.65,0.69,55.0,0.79,4.42,0.8,16.2,0.06,0.06,0.092743,1776196141000
1776196143.234,243.234,0.21,4.42,0.2,16.2,0.27,6.65,0.31,55.0,0.73,6.65,0.69,55.0,0.79,4.42,0.8,16.2,0.06,0.06,0.09275,1776196142000
1776196144.268,244.268,0.21,4.42,0.2,16.2,0.27,6.65,0.31,55.0,0.73,6.65,0.69,55.0,0.79,4.42,0.8,16.2,0.06,0.06,0.092758,1776196143000
1776196145.372,245.372,0.21,4.42,0.2,16.2,0.27,6.65,0.31,55.0,0.73,6.65,0.69,55.0,0.79,4.42,0.8,16.2,0.06,0.06,0.092756,1776196144000
1776196146.474,246.474,0.21,4.42,0.2,16.2,0.27,6.65,0.31,55.0,0.73,6.65,0.69,55.0,0.79,4.42,0.8,16.2,0.06,0.06,0.092757,1776196145000
1776196147.204,247.204,0.21,4.42,0.2,16.2,0.27,6.65,0.31,55.0,0.73,6.65,0.69,55.0,0.79,4.42,0.8,16.2,0.06,0.06,0.092757,1776196146000
1776196148.447,248.447,0.21,4.42,0.2,16.2,0.27,6.65,0.31,55.0,0.73,6.65,0.69,55.0,0.79,4.42,0.8,16.2,0.06,0.06,0.092758,1776196147000
1776196149.494,249.494,0.21,4.42,0.2,16.2,0.27,6.65,0.31,55.0,0.73,6.65,0.69,55.0,0.79,4.42,0.8,16.2,0.06,0.06,0.092758,1776196148000
1776196150.128,250.128,0.21,4.42,0.2,16.2,0.27,6.65,0.31,55.0,0.73,6.65,0.69,55.0,0.79,4.42,0.8,16.2,0.06,0.06,0.092741,1776196149000
1776196151.273,251.273,0.21,4.42,0.2,16.2,0.27,6.65,0.31,55.0,0.73,6.65,0.69,55.0,0.79,4.42,0.8,16.2,0.06,0.06,0.09274,1776196150000
1776196152.389,252.389,0.21,4.42,0.2,16.2,0.27,6.65,0.31,55.0,0.73,6.65,0.69,55.0,0.79,4.42,0.8,16.2,0.06,0.06,0.092758,1776196151000
1776196153.442,253.442,0.21,4.42,0.2,16.2,0.27,6.65,0.31,55.0,0.73,6.65,0.69,55.0,0.79,4.42,0.8,16.2,0.06,0.06,0.092756,1776196152000
1776196154.173,254.173,0.21,4.42,0.2,16.2,0.27,6.65,0.31,55.0,0.73,6.65,0.69,55.0,0.79,4.42,0.8,16.2,0.06,0.06,0.092754,1776196153000
1776196155.376,255.376,0.21,4.42,0.2,16.2,0.27,6.65,0.31,55.0,0.73,6.65,0.69,55.0,0.79,4.42,0.8,16.2,0.06,0.06,0.092753,1776196154000
1776196156.424,256.424,0.21,4.42,0.2,16.2,0.27,6.65,0.31,55.0,0.73,6.65,0.69,55.0,0.79,4.42,0.8,16.2,0.06,0.06,0.092755,1776196155000
1776196156.921,256.921,0.21,4.42,0.2,16.2,0.27,6.65,0.31,55.0,0.73,6.65,0.69,55.0,0.79,4.42,0.8,16.2,0.06,0.06,0.092756,1776196156000
1776196158.077,258.077,0.21,4.42,0.2,16.2,0.27,6.65,0.31,55.0,0.73,6.65,0.69,55.0,0.79,4.42,0.8,16.2,0.06,0.06,0.092761,1776196157000
1776196159.203,259.203,0.21,4.42,0.2,16.2,0.27,6.65,0.31,55.0,0.73,6.65,0.69,55.0,0.79,4.42,0.8,16.2,0.06,0.06,0.092761,1776196158000
1776196160.185,260.185,0.21,4.42,0.2,16.2,0.27,6.65,0.31,55.0,0.73,6.65,0.69,55.0,0.79,4.42,0.8,16.2,0.06,0.06,0.092763,1776196159000
1776196161.224,261.224,0.21,4.42,0.2,16.2,0.27,6.65,0.31,55.0,0.73,6.65,0.69,55.0,0.79,4.42,0.8,16.2,0.06,0.06,0.092763,1776196160000
1776196162.273,262.273,0.21,4.42,0.2,16.2,0.27,6.65,0.31,55.0,0.73,6.65,0.69,55.0,0.79,4.42,0.8,16.2,0.06,0.06,0.092763,1776196161000
1776196163.867,263.867,0.21,4.42,0.2,16.2,0.27,6.65,0.31,55.0,0.73,6.65,0.69,55.0,0.79,4.42,0.8,16.2,0.06,0.06,0.092763,1776196162000
1776196164.464,264.464,0.21,4.42,0.2,16.2,0.27,6.65,0.31,55.0,0.73,6.65,0.69,55.0,0.79,4.42,0.8,16.2,0.06,0.06,0.092763,1776196163000
1776196165.032,265.032,0.21,4.42,0.2,16.2,0.27,6.65,0.31,55.0,0.73,6.65,0.69,55.0,0.79,4.42,0.8,16.2,0.06,0.06,0.092763,1776196164000
1776196165.544,265.544,0.24,58.3,0.23,14.7,0.27,1.65,0.34,5.0,0.73,6.65,0.69,55.0,0.79,4.42,0.8,16.2,0.03,0.06,0.092763,1776196164000
1776196166.11,266.11,0.24,58.3,0.23,14.7,0.27,1.65,0.34,5.0,0.73,1.65,0.66,5.0,0.76,58.3,0.77,14.7,0.03,0.03,0.092763,1776196165000
1776196166.814,266.814,0.26,45.74,0.25,18.9,0.27,1.65,0.34,5.0,0.73,1.65,0.66,5.0,0.76,58.3,0.77,14.7,0.01,0.03,0.092763,1776196165000
1776196167.252,267.252,0.26,45.74,0.25,18.9,0.27,1.65,0.34,5.0,0.73,1.65,0.66,5.0,0.74,45.74,0.75,18.9,0.01,0.01,0.092762,1776196166000
1776196168.473,268.473,0.26,45.74,0.25,18.9,0.27,1.65,0.34,5.0,0.73,1.65,0.66,5.0,0.74,45.74,0.75,18.9,0.01,0.01,0.09277,1776196167000
1776196168.955,268.955,0.26,45.74,0.25,18.9,0.27,1.65,0.34,5.0,0.73,1.65,0.66,5.0,0.74,45.74,0.75,18.9,0.01,0.01,0.09277,1776196168000
1776196170.05,270.05,0.26,45.74,0.25,18.9,0.27,1.65,0.34,5.0,0.73,1.65,0.66,5.0,0.74,45.74,0.75,18.9,0.01,0.01,0.092762,1776196169000
1776196170.279,270.279,0.26,28.81,0.21,4.42,0.27,1.65,0.34,5.0,0.73,1.65,0.66,5.0,0.74,45.74,0.75,18.9,0.01,0.01,0.092762,1776196169000
1776196171.217,271.217,0.26,28.81,0.21,4.42,0.27,1.65,0.34,5.0,0.73,1.65,0.66,5.0,0.74,28.81,0.79,4.42,0.01,0.01,0.09276,1776196170000
1776196171.621,271.621,0.26,13.64,0.21,4.42,0.27,1.65,0.34,5.0,0.73,1.65,0.66,5.0,0.74,28.81,0.79,4.42,0.01,0.01,0.09276,1776196170000
1776196172.463,272.463,0.26,13.64,0.21,4.42,0.27,1.65,0.34,5.0,0.73,1.65,0.66,5.0,0.74,13.64,0.79,4.42,0.01,0.01,0.09276,1776196171000
1776196173.088,273.088,0.26,13.64,0.21,4.42,0.27,1.65,0.34,5.0,0.73,1.65,0.66,5.0,0.74,13.64,0.79,4.42,0.01,0.01,0.092762,1776196172000
1776196174.366,274.366,0.26,13.64,0.21,4.42,0.27,1.65,0.34,5.0,0.73,1.65,0.66,5.0,0.74,13.64,0.79,4.42,0.01,0.01,0.092757,1776196173000
1776196175.301,275.301,0.25,5.0,0.22,10.0,0.36,2.7,0.45,5.0,0.73,1.65,0.66,5.0,0.74,13.64,0.79,4.42,0.11,0.01,0.092757,1776196173000
1776196176.081,276.081,0.25,5.0,0.22,10.0,0.45,0.56,0.61,50.0,0.55,0.56,0.39,50.0,0.75,5.0,0.78,10.0,0.2,0.2,0.092758,1776196175000
1776196176.383,276.383,0.31,76.0,0.22,10.0,0.61,40.67,0.71,50.0,0.39,45.54,0.29,50.0,0.69,76.0,0.77,10.0,0.3,0.3,0.092758,1776196175000
1776196177.021,277.021,0.31,76.0,0.21,50.0,0.61,34.04,0.71,50.0,0.39,40.67,0.29,50.0,0.69,76.0,0.78,10.0,0.3,0.3,0.092758,1776196175000
1776196178.686,278.686,0.31,76.0,0.21,50.0,0.61,34.04,0.71,50.0,0.39,34.04,0.29,50.0,0.69,76.0,0.79,50.0,0.3,0.3,0.092779,1776196177000
1776196179.226,279.226,0.31,76.0,0.21,50.0,0.61,34.04,0.71,50.0,0.39,34.04,0.29,50.0,0.69,76.0,0.79,50.0,0.3,0.3,0.092779,1776196178000
1776196180.245,280.245,0.31,76.0,0.21,50.0,0.61,34.04,0.71,50.0,0.39,34.04,0.29,50.0,0.69,76.0,0.79,50.0,0.3,0.3,0.092774,1776196179000
1776196181.272,281.272,0.31,76.0,0.21,50.0,0.61,34.04,0.71,50.0,0.39,34.04,0.29,50.0,0.69,76.0,0.79,50.0,0.3,0.3,0.092773,1776196180000
1776196182.432,282.432,0.31,76.0,0.21,50.0,0.61,34.04,0.71,50.0,0.39,34.04,0.29,50.0,0.69,76.0,0.79,50.0,0.3,0.3,0.092782,1776196181000
1776196182.992,282.992,0.31,76.0,0.21,50.0,0.61,34.04,0.71,50.0,0.39,34.04,0.29,50.0,0.69,76.0,0.79,50.0,0.3,0.3,0.092782,1776196182000
1776196184.04,284.04,0.31,76.0,0.21,50.0,0.61,34.04,0.71,50.0,0.39,34.04,0.29,50.0,0.69,76.0,0.79,50.0,0.3,0.3,0.092782,1776196183000
1776196185.079,285.079,0.31,76.0,0.21,50.0,0.61,34.04,0.71,50.0,0.39,34.04,0.29,50.0,0.69,76.0,0.79,50.0,0.3,0.3,0.092781,1776196184000
1776196186.069,286.069,0.31,76.0,0.21,50.0,0.61,34.04,0.71,50.0,0.39,34.04,0.29,50.0,0.69,76.0,0.79,50.0,0.3,0.3,0.092776,1776196185000
1776196187.052,287.052,0.31,76.0,0.21,50.0,0.61,34.04,0.71,50.0,0.39,34.04,0.29,50.0,0.69,76.0,0.79,50.0,0.3,0.3,0.092778,1776196186000
1776196188.03,288.03,0.31,76.0,0.21,50.0,0.61,34.04,0.71,50.0,0.39,34.04,0.29,50.0,0.69,76.0,0.79,50.0,0.3,0.3,0.092786,1776196187000
1776196189.153,289.153,0.31,76.0,0.21,50.0,0.61,34.04,0.71,50.0,0.39,34.04,0.29,50.0,0.69,76.0,0.79,50.0,0.3,0.3,0.092786,1776196188000
1776196189.971,289.971,0.62,5.0,0.61,5.0,0.81,45.0,0.9,5.0,0.39,34.04,0.29,50.0,0.69,76.0,0.79,50.0,0.19,0.3,0.092786,1776196188000
1776196190.211,290.211,0.62,5.0,0.61,5.0,0.81,45.0,0.9,5.0,0.19,45.0,0.1,5.0,0.38,5.0,0.39,5.0,0.19,0.19,0.092771,1776196189000
1776196190.954,290.954,0.51,50.0,0.41,50.0,0.81,41.33,0.9,5.0,0.19,45.0,0.1,5.0,0.38,5.0,0.39,5.0,0.3,0.19,0.092771,1776196189000
1776196191.172,291.172,0.51,50.0,0.41,50.0,0.81,41.33,0.9,5.0,0.19,41.33,0.1,5.0,0.49,50.0,0.59,50.0,0.3,0.3,0.092775,1776196190000
1776196192.55,292.55,0.51,50.0,0.41,50.0,0.81,41.33,0.9,5.0,0.19,41.33,0.1,5.0,0.49,50.0,0.59,50.0,0.3,0.3,0.092787,1776196191000
1776196193.253,293.253,0.51,50.0,0.41,50.0,0.81,41.33,0.9,5.0,0.19,41.33,0.1,5.0,0.49,50.0,0.59,50.0,0.3,0.3,0.092787,1776196192000
1776196194.569,294.569,0.61,50.0,0.51,50.0,0.9,8.88,0.91,50.0,0.1,8.88,0.09,50.0,0.39,50.0,0.49,50.0,0.29,0.29,0.092781,1776196193000
1776196195.287,295.287,0.61,50.0,0.51,50.0,0.9,8.88,0.91,50.0,0.1,8.88,0.09,50.0,0.39,50.0,0.49,50.0,0.29,0.29,0.092786,1776196194000
1776196196.434,296.434,0.71,50.0,0.61,50.0,0.9,7.66,0.96,25.0,0.1,8.88,0.09,50.0,0.39,50.0,0.49,50.0,0.19,0.29,0.092786,1776196194000
1776196196.703,296.703,0.71,50.0,0.61,50.0,0.9,7.66,0.96,25.0,0.1,7.66,0.04,25.0,0.29,50.0,0.39,50.0,0.19,0.19,0.092776,1776196195000
1776196197.277,297.277,0.71,50.0,0.61,50.0,0.9,5.43,0.95,5.0,0.1,7.66,0.04,25.0,0.29,50.0,0.39,50.0,0.19,0.19,0.092776,1776196195000
1776196197.541,297.541,0.61,39.0,0.51,50.0,0.9,5.43,0.91,50.0,0.1,5.43,0.05,5.0,0.29,46.21,0.39,50.0,0.29,0.19,0.092786,1776196196000
1776196197.87,297.87,0.51,50.0,0.41,50.0,0.52,20.82,0.81,50.0,0.48,22.86,0.1,5.43,0.49,50.0,0.59,50.0,0.01,0.01,0.092786,1776196196000
1776196198.249,298.249,0.51,50.0,0.41,50.0,0.89,9.77,0.9,5.43,0.19,50.0,0.11,11.0,0.49,50.0,0.59,50.0,0.38,0.3,0.092786,1776196197000
1776196198.458,298.458,0.51,45.0,0.41,50.0,0.95,75.65,0.96,25.0,0.09,39.28,0.05,55.0,0.49,45.0,0.59,50.0,0.44,0.4,0.092786,1776196197000
1776196198.674,298.674,0.51,40.0,0.41,50.0,0.95,29.1,0.96,25.0,0.05,50.16,0.04,25.0,0.49,40.0,0.59,50.0,0.44,0.44,0.092786,1776196197000
1776196199.062,299.062,0.51,40.0,0.5,130.48,0.95,19.76,0.96,25.0,0.05,29.1,0.04,25.0,0.49,40.0,0.59,50.0,0.44,0.44,0.092786,1776196197000
1776196199.306,299.306,0.5,133.48,0.43,5.0,0.95,19.76,0.96,25.0,0.05,19.76,0.04,25.0,0.45,3.0,0.5,135.48,0.45,0.4,0.092789,1776196198000
1776196200.075,300.075,0.99,55.59,0.79,9.0,,,,,0.05,19.76,0.04,25.0,0.5,133.48,0.57,5.0,,0.45,0.092789,1776196198000
1776196200.611,300.611,0.99,55.59,0.79,9.0,,,,,,,,,0.01,55.59,0.21,9.0,,,0.09279,1776196199000

# RESULT,winner=Down,slug=doge-updown-5m-1776195900,ticks=320
