timestamp,elapsed_sec,up_bid_p1,up_bid_s1,up_bid_p2,up_bid_s2,up_ask_p1,up_ask_s1,up_ask_p2,up_ask_s2,down_bid_p1,down_bid_s1,down_bid_p2,down_bid_s2,down_ask_p1,down_ask_s1,down_ask_p2,down_ask_s2,up_spread,down_spread,doge_price,doge_oracle_ts
1776224411.216,11.216,,,,,,,,,,,,,,,,,,,0.093224,1776224410000
1776224411.7,11.7,0.38,10.0,0.35,10.0,0.47,5.0,0.49,5.0,0.53,5.0,0.51,5.0,0.62,5.0,0.63,5.0,0.09,0.09,0.093224,1776224410000
1776224412.477,12.477,0.38,5.0,0.37,5.0,0.47,5.0,0.49,5.0,0.53,5.0,0.51,5.0,0.62,5.0,0.63,5.0,0.09,0.09,0.093225,1776224411000
1776224413.151,13.151,0.38,5.0,0.37,5.0,0.47,5.0,0.49,5.0,0.53,5.0,0.51,5.0,0.62,5.0,0.63,5.0,0.09,0.09,0.093225,1776224412000
1776224414.779,14.779,0.38,5.0,0.37,5.0,0.47,5.0,0.49,5.0,0.53,5.0,0.51,5.0,0.62,5.0,0.63,5.0,0.09,0.09,0.093232,1776224413000
1776224415.466,15.466,0.38,5.0,0.37,5.0,0.47,5.0,0.49,5.0,0.53,5.0,0.51,5.0,0.62,5.0,0.63,5.0,0.09,0.09,0.09323,1776224414000
1776224416.162,16.162,0.38,5.0,0.37,5.0,0.47,5.0,0.49,5.0,0.53,5.0,0.51,5.0,0.62,5.0,0.63,5.0,0.09,0.09,0.09323,1776224415000
1776224417.704,17.704,0.38,5.0,0.37,5.0,0.47,5.0,0.49,5.0,0.53,5.0,0.51,5.0,0.62,5.0,0.63,5.0,0.09,0.09,0.093231,1776224416000
1776224418.361,18.361,0.38,5.0,0.37,5.0,0.47,5.0,0.49,5.0,0.53,5.0,0.51,5.0,0.62,5.0,0.63,5.0,0.09,0.09,0.09323,1776224417000
1776224419.092,19.092,0.38,5.0,0.37,5.0,0.47,5.0,0.49,5.0,0.53,5.0,0.51,5.0,0.62,5.0,0.63,5.0,0.09,0.09,0.09323,1776224418000
1776224420.057,20.057,0.38,5.0,0.37,5.0,0.47,5.0,0.49,5.0,0.53,5.0,0.51,5.0,0.62,5.0,0.63,5.0,0.09,0.09,0.093232,1776224419000
1776224421.173,21.173,0.38,5.0,0.37,5.0,0.47,5.0,0.49,5.0,0.53,5.0,0.51,5.0,0.62,5.0,0.63,5.0,0.09,0.09,0.09323,1776224420000
1776224422.028,22.028,0.38,5.0,0.37,5.0,0.47,5.0,0.49,5.0,0.53,5.0,0.51,5.0,0.62,5.0,0.63,5.0,0.09,0.09,0.093233,1776224421000
1776224422.493,22.493,0.47,10.0,0.46,10.0,0.51,5.0,0.53,10.0,0.53,5.0,0.51,5.0,0.62,5.0,0.63,5.0,0.04,0.09,0.093233,1776224421000
1776224423.119,23.119,0.47,10.0,0.46,10.0,0.51,5.0,0.53,10.0,0.49,5.0,0.47,10.0,0.53,10.0,0.54,10.0,0.04,0.04,0.093232,1776224422000
1776224424.272,24.272,0.47,10.0,0.46,10.0,0.51,5.0,0.53,10.0,0.49,5.0,0.47,10.0,0.53,10.0,0.54,10.0,0.04,0.04,0.093234,1776224423000
1776224425.313,25.313,0.47,10.0,0.46,10.0,0.51,5.0,0.53,10.0,0.49,5.0,0.47,10.0,0.53,10.0,0.54,10.0,0.04,0.04,0.093237,1776224424000
1776224426.265,26.265,0.47,10.0,0.46,10.0,0.51,5.0,0.53,10.0,0.49,5.0,0.47,10.0,0.53,10.0,0.54,10.0,0.04,0.04,0.093238,1776224425000
1776224427.29,27.29,0.47,10.0,0.46,10.0,0.51,5.0,0.53,10.0,0.49,5.0,0.47,10.0,0.53,10.0,0.54,10.0,0.04,0.04,0.093238,1776224426000
1776224428.192,28.192,0.47,10.0,0.46,10.0,0.51,5.0,0.53,10.0,0.49,5.0,0.47,10.0,0.53,10.0,0.54,10.0,0.04,0.04,0.093238,1776224427000
1776224429.247,29.247,0.47,10.0,0.46,10.0,0.51,5.0,0.53,10.0,0.49,5.0,0.47,10.0,0.53,10.0,0.54,10.0,0.04,0.04,0.093238,1776224428000
1776224430.185,30.185,0.47,10.0,0.46,10.0,0.51,5.0,0.53,10.0,0.49,5.0,0.47,10.0,0.53,10.0,0.54,10.0,0.04,0.04,0.093241,1776224429000
1776224431.252,31.252,0.47,10.0,0.46,10.0,0.51,5.0,0.53,10.0,0.49,5.0,0.47,10.0,0.53,10.0,0.54,10.0,0.04,0.04,0.093241,1776224430000
1776224432.185,32.185,0.47,10.0,0.46,10.0,0.51,5.0,0.53,10.0,0.49,5.0,0.47,10.0,0.53,10.0,0.54,10.0,0.04,0.04,0.093237,1776224431000
1776224433.333,33.333,0.47,10.0,0.46,10.0,0.51,5.0,0.53,10.0,0.49,5.0,0.47,10.0,0.53,10.0,0.54,10.0,0.04,0.04,0.093231,1776224432000
1776224434.297,34.297,0.47,10.0,0.46,10.0,0.51,5.0,0.53,10.0,0.49,5.0,0.47,10.0,0.53,10.0,0.54,10.0,0.04,0.04,0.093226,1776224433000
1776224435.316,35.316,0.47,10.0,0.46,10.0,0.51,5.0,0.53,10.0,0.49,5.0,0.47,10.0,0.53,10.0,0.54,10.0,0.04,0.04,0.093227,1776224434000
1776224435.887,35.887,0.47,10.0,0.46,10.0,0.51,5.0,0.53,10.0,0.49,5.0,0.47,10.0,0.53,10.0,0.54,10.0,0.04,0.04,0.093227,1776224435000
1776224437.015,37.015,0.47,10.0,0.46,10.0,0.51,5.0,0.53,10.0,0.49,5.0,0.47,10.0,0.53,10.0,0.54,10.0,0.04,0.04,0.093228,1776224436000
1776224438.092,38.092,0.47,10.0,0.46,10.0,0.51,5.0,0.53,10.0,0.49,5.0,0.47,10.0,0.53,10.0,0.54,10.0,0.04,0.04,0.093229,1776224437000
1776224439.031,39.031,0.47,10.0,0.46,10.0,0.51,5.0,0.53,10.0,0.49,5.0,0.47,10.0,0.53,10.0,0.54,10.0,0.04,0.04,0.093229,1776224438000
1776224440.16,40.16,0.47,10.0,0.46,10.0,0.51,5.0,0.53,10.0,0.49,5.0,0.47,10.0,0.53,10.0,0.54,10.0,0.04,0.04,0.093229,1776224439000
1776224441.155,41.155,0.47,10.0,0.46,10.0,0.51,5.0,0.53,10.0,0.49,5.0,0.47,10.0,0.53,10.0,0.54,10.0,0.04,0.04,0.093229,1776224440000
1776224442.21,42.21,0.47,10.0,0.46,10.0,0.51,5.0,0.53,10.0,0.49,5.0,0.47,10.0,0.53,10.0,0.54,10.0,0.04,0.04,0.093229,1776224441000
1776224443.301,43.301,0.47,10.0,0.46,10.0,0.51,5.0,0.53,10.0,0.49,5.0,0.47,10.0,0.53,10.0,0.54,10.0,0.04,0.04,0.093231,1776224442000
1776224444.311,44.311,0.47,10.0,0.46,10.0,0.51,5.0,0.53,10.0,0.49,5.0,0.47,10.0,0.53,10.0,0.54,10.0,0.04,0.04,0.093231,1776224443000
1776224445.362,45.362,0.47,10.0,0.46,10.0,0.51,5.0,0.53,10.0,0.49,5.0,0.47,10.0,0.53,10.0,0.54,10.0,0.04,0.04,0.093231,1776224444000
1776224445.865,45.865,0.47,10.0,0.46,10.0,0.51,5.0,0.53,10.0,0.49,5.0,0.47,10.0,0.53,10.0,0.54,10.0,0.04,0.04,0.093231,1776224445000
1776224447.488,47.488,0.47,10.0,0.46,10.0,0.51,5.0,0.53,10.0,0.49,5.0,0.47,10.0,0.53,10.0,0.54,10.0,0.04,0.04,0.093231,1776224446000
1776224448.057,48.057,0.47,10.0,0.46,10.0,0.51,5.0,0.53,10.0,0.49,5.0,0.47,10.0,0.53,10.0,0.54,10.0,0.04,0.04,0.093231,1776224447000
1776224449.068,49.068,0.47,10.0,0.46,10.0,0.51,5.0,0.53,10.0,0.49,5.0,0.47,10.0,0.53,10.0,0.54,10.0,0.04,0.04,0.093231,1776224448000
1776224450.043,50.043,0.47,10.0,0.46,10.0,0.51,5.0,0.53,10.0,0.49,5.0,0.47,10.0,0.53,10.0,0.54,10.0,0.04,0.04,0.09323,1776224449000
1776224451.144,51.144,0.47,10.0,0.46,10.0,0.51,5.0,0.53,10.0,0.49,5.0,0.47,10.0,0.53,10.0,0.54,10.0,0.04,0.04,0.09323,1776224450000
1776224452.281,52.281,0.47,10.0,0.46,10.0,0.51,5.0,0.53,10.0,0.49,5.0,0.47,10.0,0.53,10.0,0.54,10.0,0.04,0.04,0.093231,1776224451000
1776224453.393,53.393,0.47,10.0,0.46,10.0,0.51,5.0,0.53,10.0,0.49,5.0,0.47,10.0,0.53,10.0,0.54,10.0,0.04,0.04,0.09323,1776224452000
1776224453.913,53.913,0.47,10.0,0.46,10.0,0.51,5.0,0.53,10.0,0.49,5.0,0.47,10.0,0.53,10.0,0.54,10.0,0.04,0.04,0.09323,1776224453000
1776224455.032,55.032,0.47,10.0,0.46,10.0,0.51,5.0,0.53,10.0,0.49,5.0,0.47,10.0,0.53,10.0,0.54,10.0,0.04,0.04,0.09323,1776224454000
1776224456.063,56.063,0.47,10.0,0.46,10.0,0.51,5.0,0.53,10.0,0.49,5.0,0.47,10.0,0.53,10.0,0.54,10.0,0.04,0.04,0.093231,1776224455000
1776224457.011,57.011,0.47,10.0,0.46,10.0,0.51,5.0,0.53,10.0,0.49,5.0,0.47,10.0,0.53,10.0,0.54,10.0,0.04,0.04,0.093231,1776224456000
1776224458.257,58.257,0.47,10.0,0.46,10.0,0.51,5.0,0.53,10.0,0.49,5.0,0.47,10.0,0.53,10.0,0.54,10.0,0.04,0.04,0.093229,1776224457000
1776224459.237,59.237,0.47,10.0,0.46,10.0,0.51,5.0,0.53,10.0,0.49,5.0,0.47,10.0,0.53,10.0,0.54,10.0,0.04,0.04,0.093228,1776224458000
1776224460.721,60.721,0.47,10.0,0.46,10.0,0.51,5.0,0.53,10.0,0.49,5.0,0.47,10.0,0.53,10.0,0.54,10.0,0.04,0.04,0.093226,1776224459000
1776224461.239,61.239,0.47,10.0,0.46,10.0,0.51,5.0,0.53,10.0,0.49,5.0,0.47,10.0,0.53,10.0,0.54,10.0,0.04,0.04,0.093224,1776224460000
1776224462.269,62.269,0.47,10.0,0.46,10.0,0.51,5.0,0.53,10.0,0.49,5.0,0.47,10.0,0.53,10.0,0.54,10.0,0.04,0.04,0.093214,1776224461000
1776224463.206,63.206,0.47,10.0,0.46,10.0,0.51,5.0,0.53,10.0,0.49,5.0,0.47,10.0,0.53,10.0,0.54,10.0,0.04,0.04,0.093211,1776224462000
1776224464.329,64.329,0.47,10.0,0.46,10.0,0.51,5.0,0.53,10.0,0.49,5.0,0.47,10.0,0.53,10.0,0.54,10.0,0.04,0.04,0.09321,1776224463000
1776224465.489,65.489,0.47,10.0,0.46,10.0,0.51,5.0,0.53,10.0,0.49,5.0,0.47,10.0,0.53,10.0,0.54,10.0,0.04,0.04,0.093211,1776224464000
1776224465.797,65.797,0.34,8.34,0.31,11.0,0.35,5.0,0.38,5.0,0.49,5.0,0.47,10.0,0.53,10.0,0.54,10.0,0.01,0.04,0.093211,1776224464000
1776224466.116,66.116,0.34,2.38,0.31,11.0,0.35,5.0,0.38,5.0,0.65,5.0,0.62,5.0,0.66,8.34,0.69,11.0,0.01,0.01,0.093211,1776224465000
1776224467.05,67.05,0.34,2.38,0.31,11.0,0.38,5.0,0.41,50.0,0.62,5.0,0.59,50.0,0.66,2.38,0.69,11.0,0.04,0.04,0.093209,1776224466000
1776224467.866,67.866,0.31,8.38,0.28,12.0,0.37,5.0,0.38,5.0,0.62,5.0,0.59,50.0,0.66,2.38,0.69,11.0,0.06,0.04,0.093209,1776224466000
1776224468.142,68.142,0.31,8.38,0.28,12.0,0.37,5.0,0.38,5.0,0.63,5.0,0.62,5.0,0.69,8.38,0.72,12.0,0.06,0.06,0.093199,1776224467000
1776224469.358,69.358,0.28,7.0,0.25,18.0,0.29,30.0,0.33,20.0,0.63,5.0,0.62,5.0,0.72,12.0,0.74,18.5,0.01,0.09,0.093199,1776224467000
1776224469.855,69.855,0.28,7.0,0.25,18.0,0.29,30.0,0.33,20.0,0.71,30.0,0.67,20.0,0.72,7.0,0.75,18.0,0.01,0.01,0.093196,1776224468000
1776224470.475,70.475,0.28,7.0,0.25,18.0,0.29,30.0,0.33,20.0,0.71,30.0,0.67,20.0,0.72,7.0,0.75,18.0,0.01,0.01,0.093193,1776224469000
1776224471.061,71.061,0.24,4.93,0.17,34.39,0.26,25.0,0.29,20.0,0.74,25.0,0.71,20.0,0.76,4.93,0.83,34.39,0.02,0.02,0.09318,1776224470000
1776224472.059,72.059,0.24,4.93,0.17,34.39,0.26,25.0,0.29,20.0,0.74,25.0,0.71,20.0,0.76,4.93,0.83,34.39,0.02,0.02,0.093171,1776224471000
1776224473.246,73.246,0.24,4.93,0.17,34.39,0.26,25.0,0.29,20.0,0.74,25.0,0.71,20.0,0.76,4.93,0.83,34.39,0.02,0.02,0.093164,1776224472000
1776224474.363,74.363,0.24,4.93,0.17,34.39,0.26,25.0,0.29,20.0,0.74,25.0,0.71,20.0,0.76,4.93,0.83,34.39,0.02,0.02,0.093169,1776224473000
1776224475.573,75.573,0.24,4.93,0.17,34.39,0.26,25.0,0.29,20.0,0.74,25.0,0.71,20.0,0.76,4.93,0.83,34.39,0.02,0.02,0.093184,1776224474000
1776224476.111,76.111,0.24,4.93,0.17,34.39,0.26,25.0,0.29,20.0,0.74,25.0,0.71,20.0,0.76,4.93,0.83,34.39,0.02,0.02,0.093184,1776224475000
1776224477.201,77.201,0.24,4.93,0.17,34.39,0.26,25.0,0.29,20.0,0.74,25.0,0.71,20.0,0.76,4.93,0.83,34.39,0.02,0.02,0.093177,1776224476000
1776224478.461,78.461,0.24,4.93,0.17,34.39,0.26,25.0,0.29,20.0,0.74,25.0,0.71,20.0,0.76,4.93,0.83,34.39,0.02,0.02,0.093177,1776224477000
1776224478.961,78.961,0.24,4.93,0.17,34.39,0.26,25.0,0.29,20.0,0.74,25.0,0.71,20.0,0.76,4.93,0.83,34.39,0.02,0.02,0.093176,1776224478000
1776224480.095,80.095,0.24,4.93,0.17,34.39,0.26,25.0,0.29,20.0,0.74,25.0,0.71,20.0,0.76,4.93,0.83,34.39,0.02,0.02,0.093173,1776224479000
1776224481.245,81.245,0.24,4.93,0.17,34.39,0.26,25.0,0.29,20.0,0.74,25.0,0.71,20.0,0.76,4.93,0.83,34.39,0.02,0.02,0.093172,1776224480000
1776224482.331,82.331,0.24,4.93,0.17,34.39,0.26,25.0,0.29,20.0,0.74,25.0,0.71,20.0,0.76,4.93,0.83,34.39,0.02,0.02,0.093161,1776224481000
1776224482.843,82.843,0.24,4.93,0.17,34.39,0.26,25.0,0.29,20.0,0.74,25.0,0.71,20.0,0.76,4.93,0.83,34.39,0.02,0.02,0.093165,1776224482000
1776224484.057,84.057,0.24,4.93,0.17,34.39,0.26,25.0,0.29,20.0,0.74,25.0,0.71,20.0,0.76,4.93,0.83,34.39,0.02,0.02,0.093165,1776224483000
1776224485.24,85.24,0.24,4.93,0.17,34.39,0.26,25.0,0.29,20.0,0.74,25.0,0.71,20.0,0.76,4.93,0.83,34.39,0.02,0.02,0.093164,1776224484000
1776224486.218,86.218,0.24,4.93,0.17,34.39,0.26,25.0,0.29,20.0,0.74,25.0,0.71,20.0,0.76,4.93,0.83,34.39,0.02,0.02,0.093164,1776224485000
1776224487.34,87.34,0.24,4.93,0.17,34.39,0.26,25.0,0.29,20.0,0.74,25.0,0.71,20.0,0.76,4.93,0.83,34.39,0.02,0.02,0.093165,1776224486000
1776224487.91,87.91,0.24,4.93,0.17,34.39,0.26,25.0,0.29,20.0,0.74,25.0,0.71,20.0,0.76,4.93,0.83,34.39,0.02,0.02,0.093165,1776224487000
1776224488.902,88.902,0.24,4.93,0.17,34.39,0.26,25.0,0.29,20.0,0.74,25.0,0.71,20.0,0.76,4.93,0.83,34.39,0.02,0.02,0.093167,1776224488000
1776224490.019,90.019,0.24,4.93,0.17,34.39,0.26,25.0,0.29,20.0,0.74,25.0,0.71,20.0,0.76,4.93,0.83,34.39,0.02,0.02,0.093164,1776224489000
1776224491.115,91.115,0.24,4.93,0.17,34.39,0.26,25.0,0.29,20.0,0.74,25.0,0.71,20.0,0.76,4.93,0.83,34.39,0.02,0.02,0.093166,1776224490000
1776224492.257,92.257,0.24,4.93,0.17,34.39,0.26,25.0,0.29,20.0,0.74,25.0,0.71,20.0,0.76,4.93,0.83,34.39,0.02,0.02,0.093165,1776224491000
1776224493.453,93.453,0.24,4.93,0.17,34.39,0.26,25.0,0.29,20.0,0.74,25.0,0.71,20.0,0.76,4.93,0.83,34.39,0.02,0.02,0.093166,1776224492000
1776224494.092,94.092,0.24,4.93,0.17,34.39,0.26,25.0,0.29,20.0,0.74,25.0,0.71,20.0,0.76,4.93,0.83,34.39,0.02,0.02,0.093166,1776224493000
1776224495.162,95.162,0.24,4.93,0.17,34.39,0.26,25.0,0.29,20.0,0.74,25.0,0.71,20.0,0.76,4.93,0.83,34.39,0.02,0.02,0.093166,1776224494000
1776224496.556,96.556,0.24,4.93,0.17,34.39,0.26,25.0,0.29,20.0,0.74,25.0,0.71,20.0,0.76,4.93,0.83,34.39,0.02,0.02,0.093166,1776224495000
1776224497.157,97.157,0.24,4.93,0.17,34.39,0.26,25.0,0.29,20.0,0.74,25.0,0.71,20.0,0.76,4.93,0.83,34.39,0.02,0.02,0.093165,1776224496000
1776224498.324,98.324,0.24,4.93,0.17,34.39,0.26,25.0,0.29,20.0,0.74,25.0,0.71,20.0,0.76,4.93,0.83,34.39,0.02,0.02,0.093165,1776224497000
1776224498.937,98.937,0.24,4.93,0.17,34.39,0.26,25.0,0.29,20.0,0.74,25.0,0.71,20.0,0.76,4.93,0.83,34.39,0.02,0.02,0.093165,1776224498000
1776224500.085,100.085,0.24,4.93,0.17,34.39,0.26,25.0,0.29,20.0,0.74,25.0,0.71,20.0,0.76,4.93,0.83,34.39,0.02,0.02,0.093165,1776224499000
1776224501.216,101.216,0.24,4.93,0.17,34.39,0.26,25.0,0.29,20.0,0.74,25.0,0.71,20.0,0.76,4.93,0.83,34.39,0.02,0.02,0.093165,1776224500000
1776224502.384,102.384,0.24,4.93,0.17,34.39,0.26,25.0,0.29,20.0,0.74,25.0,0.71,20.0,0.76,4.93,0.83,34.39,0.02,0.02,0.093165,1776224501000
1776224502.987,102.987,0.24,4.93,0.17,34.39,0.26,25.0,0.29,20.0,0.74,25.0,0.71,20.0,0.76,4.93,0.83,34.39,0.02,0.02,0.093165,1776224502000
1776224504.044,104.044,0.24,4.93,0.17,34.39,0.26,25.0,0.29,20.0,0.74,25.0,0.71,20.0,0.76,4.93,0.83,34.39,0.02,0.02,0.093165,1776224503000
1776224505.305,105.305,0.24,4.93,0.17,34.39,0.26,25.0,0.29,20.0,0.74,25.0,0.71,20.0,0.76,4.93,0.83,34.39,0.02,0.02,0.093162,1776224504000
1776224506.31,106.31,0.24,4.93,0.17,34.39,0.26,25.0,0.29,20.0,0.74,25.0,0.71,20.0,0.76,4.93,0.83,34.39,0.02,0.02,0.093159,1776224505000
1776224507.316,107.316,0.24,4.93,0.17,34.39,0.26,25.0,0.29,20.0,0.74,25.0,0.71,20.0,0.76,4.93,0.83,34.39,0.02,0.02,0.093154,1776224506000
1776224508.364,108.364,0.24,4.93,0.17,34.39,0.26,25.0,0.29,20.0,0.74,25.0,0.71,20.0,0.76,4.93,0.83,34.39,0.02,0.02,0.093158,1776224507000
1776224509.31,109.31,0.24,4.93,0.17,34.39,0.26,25.0,0.29,20.0,0.74,25.0,0.71,20.0,0.76,4.93,0.83,34.39,0.02,0.02,0.093158,1776224508000
1776224510.371,110.371,0.24,4.93,0.17,34.39,0.26,25.0,0.29,20.0,0.74,25.0,0.71,20.0,0.76,4.93,0.83,34.39,0.02,0.02,0.093165,1776224509000
1776224510.903,110.903,0.24,4.93,0.17,34.39,0.26,25.0,0.29,20.0,0.74,25.0,0.71,20.0,0.76,4.93,0.83,34.39,0.02,0.02,0.093181,1776224510000
1776224511.946,111.946,0.24,4.93,0.17,34.39,0.26,25.0,0.29,20.0,0.74,25.0,0.71,20.0,0.76,4.93,0.83,34.39,0.02,0.02,0.093189,1776224511000
1776224513.101,113.101,0.24,4.93,0.17,34.39,0.26,25.0,0.29,20.0,0.74,25.0,0.71,20.0,0.76,4.93,0.83,34.39,0.02,0.02,0.093189,1776224512000
1776224514.153,114.153,0.24,4.93,0.17,34.39,0.26,25.0,0.29,20.0,0.74,25.0,0.71,20.0,0.76,4.93,0.83,34.39,0.02,0.02,0.093189,1776224513000
1776224515.178,115.178,0.24,4.93,0.17,34.39,0.26,25.0,0.29,20.0,0.74,25.0,0.71,20.0,0.76,4.93,0.83,34.39,0.02,0.02,0.093189,1776224514000
1776224516.177,116.177,0.24,4.93,0.17,34.39,0.26,25.0,0.29,20.0,0.74,25.0,0.71,20.0,0.76,4.93,0.83,34.39,0.02,0.02,0.093189,1776224515000
1776224517.19,117.19,0.24,4.93,0.17,34.39,0.26,25.0,0.29,20.0,0.74,25.0,0.71,20.0,0.76,4.93,0.83,34.39,0.02,0.02,0.093188,1776224516000
1776224518.685,118.685,0.24,4.93,0.17,34.39,0.26,25.0,0.29,20.0,0.74,25.0,0.71,20.0,0.76,4.93,0.83,34.39,0.02,0.02,0.09319,1776224517000
1776224519.282,119.282,0.24,4.93,0.17,34.39,0.26,25.0,0.29,20.0,0.74,25.0,0.71,20.0,0.76,4.93,0.83,34.39,0.02,0.02,0.093189,1776224518000
1776224520.389,120.389,0.24,4.93,0.17,34.39,0.26,25.0,0.29,20.0,0.74,25.0,0.71,20.0,0.76,4.93,0.83,34.39,0.02,0.02,0.093189,1776224519000
1776224521.002,121.002,0.24,4.93,0.17,34.39,0.26,25.0,0.29,20.0,0.74,25.0,0.71,20.0,0.76,4.93,0.83,34.39,0.02,0.02,0.093189,1776224520000
1776224522.037,122.037,0.24,4.93,0.17,34.39,0.26,25.0,0.29,20.0,0.74,25.0,0.71,20.0,0.76,4.93,0.83,34.39,0.02,0.02,0.093189,1776224521000
1776224523.067,123.067,0.24,4.93,0.17,34.39,0.26,25.0,0.29,20.0,0.74,25.0,0.71,20.0,0.76,4.93,0.83,34.39,0.02,0.02,0.093191,1776224522000
1776224524.256,124.256,0.24,4.93,0.17,34.39,0.26,25.0,0.29,20.0,0.74,25.0,0.71,20.0,0.76,4.93,0.83,34.39,0.02,0.02,0.09319,1776224523000
1776224525.321,125.321,0.24,4.93,0.17,34.39,0.26,25.0,0.29,20.0,0.74,25.0,0.71,20.0,0.76,4.93,0.83,34.39,0.02,0.02,0.09319,1776224524000
1776224526.429,126.429,0.24,4.93,0.17,34.39,0.26,25.0,0.29,20.0,0.74,25.0,0.71,20.0,0.76,4.93,0.83,34.39,0.02,0.02,0.093188,1776224525000
1776224526.986,126.986,0.24,4.93,0.17,34.39,0.26,25.0,0.29,20.0,0.74,25.0,0.71,20.0,0.76,4.93,0.83,34.39,0.02,0.02,0.093188,1776224526000
1776224528.061,128.061,0.24,4.93,0.17,34.39,0.26,25.0,0.29,20.0,0.74,25.0,0.71,20.0,0.76,4.93,0.83,34.39,0.02,0.02,0.09319,1776224527000
1776224529.206,129.206,0.24,4.93,0.17,34.39,0.26,25.0,0.29,20.0,0.74,25.0,0.71,20.0,0.76,4.93,0.83,34.39,0.02,0.02,0.09319,1776224528000
1776224530.288,130.288,0.24,4.93,0.17,34.39,0.26,25.0,0.29,20.0,0.74,25.0,0.71,20.0,0.76,4.93,0.83,34.39,0.02,0.02,0.09319,1776224529000
1776224530.855,130.855,0.24,4.93,0.17,34.39,0.26,25.0,0.29,20.0,0.74,25.0,0.71,20.0,0.76,4.93,0.83,34.39,0.02,0.02,0.09319,1776224530000
1776224532.057,132.057,0.24,4.93,0.17,34.39,0.26,25.0,0.29,20.0,0.74,25.0,0.71,20.0,0.76,4.93,0.83,34.39,0.02,0.02,0.093189,1776224531000
1776224533.101,133.101,0.24,4.93,0.17,34.39,0.26,25.0,0.29,20.0,0.74,25.0,0.71,20.0,0.76,4.93,0.83,34.39,0.02,0.02,0.093189,1776224532000
1776224534.476,134.476,0.24,4.93,0.17,34.39,0.26,25.0,0.29,20.0,0.74,25.0,0.71,20.0,0.76,4.93,0.83,34.39,0.02,0.02,0.09319,1776224533000
1776224535.057,135.057,0.24,4.93,0.17,34.39,0.26,25.0,0.29,20.0,0.74,25.0,0.71,20.0,0.76,4.93,0.83,34.39,0.02,0.02,0.09319,1776224534000
1776224536.314,136.314,0.24,4.93,0.17,34.39,0.26,25.0,0.29,20.0,0.74,25.0,0.71,20.0,0.76,4.93,0.83,34.39,0.02,0.02,0.093189,1776224535000
1776224536.951,136.951,0.24,4.93,0.17,34.39,0.26,25.0,0.29,20.0,0.74,25.0,0.71,20.0,0.76,4.93,0.83,34.39,0.02,0.02,0.093189,1776224536000
1776224537.498,137.498,0.18,1.0,0.17,18.39,0.25,5.0,0.32,11.9,0.74,25.0,0.71,20.0,0.76,4.93,0.83,34.39,0.07,0.02,0.093189,1776224536000
1776224538.304,138.304,0.18,1.0,0.17,18.39,0.25,5.0,0.32,11.9,0.75,5.0,0.68,11.9,0.82,1.0,0.83,18.39,0.07,0.07,0.09319,1776224537000
1776224538.938,138.938,0.18,1.0,0.17,18.39,0.25,5.0,0.32,11.9,0.75,5.0,0.68,11.9,0.82,1.0,0.83,18.39,0.07,0.07,0.09319,1776224538000
1776224540.247,140.247,0.18,1.0,0.17,18.39,0.25,5.0,0.32,11.9,0.75,5.0,0.68,11.9,0.82,1.0,0.83,18.39,0.07,0.07,0.09318,1776224539000
1776224541.5,141.5,0.18,1.0,0.17,18.39,0.25,5.0,0.32,11.9,0.75,5.0,0.68,11.9,0.82,1.0,0.83,18.39,0.07,0.07,0.093176,1776224540000
1776224542.09,142.09,0.18,1.0,0.17,18.39,0.25,5.0,0.32,11.9,0.75,5.0,0.68,11.9,0.82,1.0,0.83,18.39,0.07,0.07,0.093176,1776224541000
1776224543.368,143.368,0.18,1.0,0.17,18.39,0.25,5.0,0.32,11.9,0.75,5.0,0.68,11.9,0.82,1.0,0.83,18.39,0.07,0.07,0.093175,1776224542000
1776224544.103,144.103,0.18,1.0,0.17,18.39,0.25,5.0,0.32,11.9,0.75,5.0,0.68,11.9,0.82,1.0,0.83,18.39,0.07,0.07,0.093175,1776224543000
1776224545.283,145.283,0.18,1.0,0.17,18.39,0.25,5.0,0.32,11.9,0.75,5.0,0.68,11.9,0.82,1.0,0.83,18.39,0.07,0.07,0.093174,1776224544000
1776224546.603,146.603,0.18,1.0,0.17,18.39,0.25,5.0,0.32,11.9,0.75,5.0,0.68,11.9,0.82,1.0,0.83,18.39,0.07,0.07,0.093173,1776224545000
1776224547.199,147.199,0.18,1.0,0.17,18.39,0.25,5.0,0.32,11.9,0.75,5.0,0.68,11.9,0.82,1.0,0.83,18.39,0.07,0.07,0.093173,1776224546000
1776224548.399,148.399,0.18,1.0,0.17,18.39,0.25,5.0,0.32,11.9,0.75,5.0,0.68,11.9,0.82,1.0,0.83,18.39,0.07,0.07,0.093173,1776224547000
1776224549.552,149.552,0.18,1.0,0.17,18.39,0.25,5.0,0.32,11.9,0.75,5.0,0.68,11.9,0.82,1.0,0.83,18.39,0.07,0.07,0.093173,1776224548000
1776224550.08,150.08,0.18,1.0,0.17,18.39,0.25,5.0,0.32,11.9,0.75,5.0,0.68,11.9,0.82,1.0,0.83,18.39,0.07,0.07,0.093173,1776224549000
1776224551.186,151.186,0.18,1.0,0.17,18.39,0.25,5.0,0.32,11.9,0.75,5.0,0.68,11.9,0.82,1.0,0.83,18.39,0.07,0.07,0.093173,1776224550000
1776224552.507,152.507,0.18,1.0,0.17,18.39,0.25,5.0,0.32,11.9,0.75,5.0,0.68,11.9,0.82,1.0,0.83,18.39,0.07,0.07,0.093173,1776224551000
1776224552.998,152.998,0.18,1.0,0.17,18.39,0.25,5.0,0.32,11.9,0.75,5.0,0.68,11.9,0.82,1.0,0.83,18.39,0.07,0.07,0.093173,1776224552000
1776224554.252,154.252,0.18,1.0,0.17,18.39,0.25,5.0,0.32,11.9,0.75,5.0,0.68,11.9,0.82,1.0,0.83,18.39,0.07,0.07,0.093173,1776224553000
1776224556.0,156.0,0.18,1.0,0.17,18.39,0.25,5.0,0.32,11.9,0.75,5.0,0.68,11.9,0.82,1.0,0.83,18.39,0.07,0.07,0.093173,1776224555000
1776224557.318,157.318,0.18,1.0,0.17,18.39,0.25,5.0,0.32,11.9,0.75,5.0,0.68,11.9,0.82,1.0,0.83,18.39,0.07,0.07,0.093173,1776224556000
1776224558.123,158.123,0.18,1.0,0.17,18.39,0.25,5.0,0.32,11.9,0.75,5.0,0.68,11.9,0.82,1.0,0.83,18.39,0.07,0.07,0.093173,1776224557000
1776224559.512,159.512,0.18,1.0,0.17,18.39,0.25,5.0,0.32,11.9,0.75,5.0,0.68,11.9,0.82,1.0,0.83,18.39,0.07,0.07,0.093173,1776224558000
1776224560.296,160.296,0.18,1.0,0.17,18.39,0.25,5.0,0.32,11.9,0.75,5.0,0.68,11.9,0.82,1.0,0.83,18.39,0.07,0.07,0.093173,1776224559000
1776224561.31,161.31,0.18,1.0,0.17,18.39,0.25,5.0,0.32,11.9,0.75,5.0,0.68,11.9,0.82,1.0,0.83,18.39,0.07,0.07,0.093187,1776224560000
1776224561.935,161.935,0.18,1.0,0.17,18.39,0.25,5.0,0.32,11.9,0.75,5.0,0.68,11.9,0.82,1.0,0.83,18.39,0.07,0.07,0.093188,1776224561000
1776224563.422,163.422,0.18,1.0,0.17,18.39,0.25,5.0,0.32,11.9,0.75,5.0,0.68,11.9,0.82,1.0,0.83,18.39,0.07,0.07,0.093193,1776224562000
1776224563.971,163.971,0.18,1.0,0.17,18.39,0.25,5.0,0.32,11.9,0.75,5.0,0.68,11.9,0.82,1.0,0.83,18.39,0.07,0.07,0.093193,1776224563000
1776224565.084,165.084,0.18,1.0,0.17,18.39,0.25,5.0,0.32,11.9,0.75,5.0,0.68,11.9,0.82,1.0,0.83,18.39,0.07,0.07,0.093194,1776224564000
1776224566.04,166.04,0.18,1.0,0.17,18.39,0.25,5.0,0.32,11.9,0.75,5.0,0.68,11.9,0.82,1.0,0.83,18.39,0.07,0.07,0.093195,1776224565000
1776224567.011,167.011,0.18,1.0,0.17,18.39,0.25,5.0,0.32,11.9,0.75,5.0,0.68,11.9,0.82,1.0,0.83,18.39,0.07,0.07,0.093194,1776224566000
1776224568.133,168.133,0.18,1.0,0.17,18.39,0.25,5.0,0.32,11.9,0.75,5.0,0.68,11.9,0.82,1.0,0.83,18.39,0.07,0.07,0.093194,1776224567000
1776224569.172,169.172,0.18,1.0,0.17,18.39,0.25,5.0,0.32,11.9,0.75,5.0,0.68,11.9,0.82,1.0,0.83,18.39,0.07,0.07,0.0932,1776224568000
1776224570.18,170.18,0.18,1.0,0.17,18.39,0.25,5.0,0.32,11.9,0.75,5.0,0.68,11.9,0.82,1.0,0.83,18.39,0.07,0.07,0.093202,1776224569000
1776224571.236,171.236,0.18,1.0,0.17,18.39,0.25,5.0,0.32,11.9,0.75,5.0,0.68,11.9,0.82,1.0,0.83,18.39,0.07,0.07,0.093202,1776224570000
1776224572.26,172.26,0.18,1.0,0.17,18.39,0.25,5.0,0.32,11.9,0.75,5.0,0.68,11.9,0.82,1.0,0.83,18.39,0.07,0.07,0.093203,1776224571000
1776224573.189,173.189,0.18,1.0,0.17,18.39,0.25,5.0,0.32,11.9,0.75,5.0,0.68,11.9,0.82,1.0,0.83,18.39,0.07,0.07,0.093201,1776224572000
1776224574.126,174.126,0.24,7.81,0.23,14.7,0.34,5.0,0.38,11.0,0.75,5.0,0.68,11.9,0.82,1.0,0.83,18.39,0.1,0.07,0.093201,1776224572000
1776224575.217,175.217,0.24,7.81,0.23,14.7,0.34,5.0,0.38,11.0,0.66,5.0,0.62,11.0,0.76,7.81,0.77,14.7,0.1,0.1,0.093201,1776224574000
1776224576.275,176.275,0.24,7.81,0.23,14.7,0.34,5.0,0.38,11.0,0.66,5.0,0.62,11.0,0.76,7.81,0.77,14.7,0.1,0.1,0.093202,1776224575000
1776224577.285,177.285,0.24,7.81,0.23,14.7,0.34,5.0,0.38,11.0,0.66,5.0,0.62,11.0,0.76,7.81,0.77,14.7,0.1,0.1,0.0932,1776224576000
1776224578.273,178.273,0.24,7.81,0.23,14.7,0.34,5.0,0.38,11.0,0.66,5.0,0.62,11.0,0.76,7.81,0.77,14.7,0.1,0.1,0.093201,1776224577000
1776224579.403,179.403,0.24,7.81,0.23,14.7,0.34,5.0,0.38,11.0,0.66,5.0,0.62,11.0,0.76,7.81,0.77,14.7,0.1,0.1,0.093201,1776224578000
1776224579.927,179.927,0.23,10.84,0.22,29.2,0.33,5.0,0.37,11.2,0.66,5.0,0.62,11.0,0.76,7.81,0.77,14.7,0.1,0.1,0.093201,1776224578000
1776224580.954,180.954,0.23,10.84,0.22,29.2,0.33,5.0,0.37,11.2,0.67,5.0,0.63,11.2,0.77,10.84,0.78,29.2,0.1,0.1,0.093201,1776224580000
1776224581.852,181.852,0.23,10.84,0.22,29.2,0.33,5.0,0.37,11.2,0.67,5.0,0.63,11.2,0.77,10.84,0.78,29.2,0.1,0.1,0.093199,1776224581000
1776224582.856,182.856,0.23,10.84,0.22,29.2,0.33,5.0,0.37,11.2,0.67,5.0,0.63,11.2,0.77,10.84,0.78,29.2,0.1,0.1,0.093198,1776224582000
1776224583.853,183.853,0.23,10.84,0.22,29.2,0.33,5.0,0.37,11.2,0.67,5.0,0.63,11.2,0.77,10.84,0.78,29.2,0.1,0.1,0.093198,1776224583000
1776224584.824,184.824,0.23,10.84,0.22,29.2,0.33,5.0,0.37,11.2,0.67,5.0,0.63,11.2,0.77,10.84,0.78,29.2,0.1,0.1,0.093198,1776224584000
1776224586.23,186.23,0.23,10.84,0.22,29.2,0.33,5.0,0.37,11.2,0.67,5.0,0.63,11.2,0.77,10.84,0.78,29.2,0.1,0.1,0.093195,1776224585000
1776224587.277,187.277,0.23,10.84,0.22,29.2,0.33,5.0,0.37,11.2,0.67,5.0,0.63,11.2,0.77,10.84,0.78,29.2,0.1,0.1,0.093195,1776224586000
1776224588.251,188.251,0.23,10.84,0.22,29.2,0.33,5.0,0.37,11.2,0.67,5.0,0.63,11.2,0.77,10.84,0.78,29.2,0.1,0.1,0.093195,1776224587000
1776224589.272,189.272,0.23,10.84,0.22,29.2,0.33,5.0,0.37,11.2,0.67,5.0,0.63,11.2,0.77,10.84,0.78,29.2,0.1,0.1,0.093195,1776224588000
1776224590.283,190.283,0.23,10.84,0.22,29.2,0.33,5.0,0.37,11.2,0.67,5.0,0.63,11.2,0.77,10.84,0.78,29.2,0.1,0.1,0.093195,1776224589000
1776224591.315,191.315,0.23,10.84,0.22,29.2,0.33,5.0,0.37,11.2,0.67,5.0,0.63,11.2,0.77,10.84,0.78,29.2,0.1,0.1,0.093195,1776224590000
1776224592.23,192.23,0.23,10.84,0.22,29.2,0.33,5.0,0.37,11.2,0.67,5.0,0.63,11.2,0.77,10.84,0.78,29.2,0.1,0.1,0.093195,1776224591000
1776224593.459,193.459,0.23,10.84,0.22,29.2,0.33,5.0,0.37,11.2,0.67,5.0,0.63,11.2,0.77,10.84,0.78,29.2,0.1,0.1,0.093195,1776224592000
1776224594.008,194.008,0.23,10.84,0.22,29.2,0.33,5.0,0.37,11.2,0.67,5.0,0.63,11.2,0.77,10.84,0.78,29.2,0.1,0.1,0.093195,1776224593000
1776224595.176,195.176,0.23,10.84,0.22,29.2,0.33,5.0,0.37,11.2,0.67,5.0,0.63,11.2,0.77,10.84,0.78,29.2,0.1,0.1,0.093195,1776224594000
1776224596.293,196.293,0.23,10.84,0.22,29.2,0.33,5.0,0.37,11.2,0.67,5.0,0.63,11.2,0.77,10.84,0.78,29.2,0.1,0.1,0.093195,1776224595000
1776224597.343,197.343,0.23,10.84,0.22,29.2,0.33,5.0,0.37,11.2,0.67,5.0,0.63,11.2,0.77,10.84,0.78,29.2,0.1,0.1,0.093195,1776224596000
1776224597.922,197.922,0.23,10.84,0.22,29.2,0.33,5.0,0.37,11.2,0.67,5.0,0.63,11.2,0.77,10.84,0.78,29.2,0.1,0.1,0.093195,1776224597000
1776224599.061,199.061,0.23,10.84,0.22,29.2,0.33,5.0,0.37,11.2,0.67,5.0,0.63,11.2,0.77,10.84,0.78,29.2,0.1,0.1,0.093195,1776224598000
1776224600.235,200.235,0.23,10.84,0.22,29.2,0.33,5.0,0.37,11.2,0.67,5.0,0.63,11.2,0.77,10.84,0.78,29.2,0.1,0.1,0.093195,1776224599000
1776224601.334,201.334,0.23,10.84,0.22,29.2,0.33,5.0,0.37,11.2,0.67,5.0,0.63,11.2,0.77,10.84,0.78,29.2,0.1,0.1,0.093196,1776224600000
1776224602.482,202.482,0.23,10.84,0.22,29.2,0.33,5.0,0.37,11.2,0.67,5.0,0.63,11.2,0.77,10.84,0.78,29.2,0.1,0.1,0.093196,1776224601000
1776224602.99,202.99,0.23,10.84,0.22,29.2,0.33,5.0,0.37,11.2,0.67,5.0,0.63,11.2,0.77,10.84,0.78,29.2,0.1,0.1,0.093196,1776224602000
1776224604.129,204.129,0.23,10.84,0.22,29.2,0.33,5.0,0.37,11.2,0.67,5.0,0.63,11.2,0.77,10.84,0.78,29.2,0.1,0.1,0.093199,1776224603000
1776224605.149,205.149,0.23,10.84,0.22,29.2,0.33,5.0,0.37,11.2,0.67,5.0,0.63,11.2,0.77,10.84,0.78,29.2,0.1,0.1,0.093203,1776224604000
1776224606.831,206.831,0.23,14.7,0.22,15.2,0.38,11.0,0.39,10.9,0.67,5.0,0.63,11.2,0.77,10.84,0.78,29.2,0.15,0.1,0.093203,1776224604000
1776224607.553,207.553,0.23,14.7,0.22,15.2,0.38,11.0,0.39,10.9,0.62,11.0,0.61,10.9,0.77,14.7,0.78,15.2,0.15,0.15,0.093214,1776224606000
1776224608.456,208.456,0.23,14.7,0.22,15.2,0.38,11.0,0.39,10.9,0.62,11.0,0.61,10.9,0.77,14.7,0.78,15.2,0.15,0.15,0.093212,1776224607000
1776224609.058,209.058,0.23,14.7,0.22,15.2,0.38,11.0,0.39,10.9,0.62,11.0,0.61,10.9,0.77,14.7,0.78,15.2,0.15,0.15,0.093212,1776224608000
1776224609.473,209.473,0.23,14.7,0.22,15.2,0.38,28.0,0.39,10.9,0.62,11.0,0.61,10.9,0.77,14.7,0.78,15.2,0.15,0.15,0.093212,1776224608000
1776224610.31,210.31,0.23,14.7,0.22,15.2,0.38,28.0,0.39,10.9,0.62,28.0,0.61,10.9,0.77,14.7,0.78,15.2,0.15,0.15,0.093212,1776224609000
1776224611.59,211.59,0.23,14.7,0.22,15.2,0.38,28.0,0.39,10.9,0.62,28.0,0.61,10.9,0.77,14.7,0.78,15.2,0.15,0.15,0.093212,1776224610000
1776224611.944,211.944,0.31,48.55,0.24,14.3,0.44,5.0,0.49,10.4,0.62,28.0,0.61,10.9,0.77,14.7,0.78,15.2,0.13,0.15,0.093212,1776224610000
1776224612.574,212.574,0.31,48.55,0.24,14.3,0.44,5.0,0.49,10.4,0.56,5.0,0.51,10.4,0.69,48.55,0.76,14.3,0.13,0.13,0.093212,1776224611000
1776224613.393,213.393,0.31,48.55,0.24,14.3,0.44,5.0,0.49,10.4,0.56,5.0,0.51,10.4,0.69,48.55,0.76,14.3,0.13,0.13,0.093221,1776224612000
1776224613.879,213.879,0.31,47.1,0.27,13.2,0.44,5.0,0.48,10.4,0.56,5.0,0.51,10.4,0.69,48.55,0.76,14.3,0.13,0.13,0.093221,1776224612000
1776224614.134,214.134,0.31,47.1,0.27,13.2,0.44,5.0,0.48,10.4,0.56,5.0,0.52,10.4,0.69,47.1,0.73,13.2,0.13,0.13,0.093221,1776224613000
1776224615.514,215.514,0.31,47.1,0.27,13.2,0.44,5.0,0.48,10.4,0.56,5.0,0.52,10.4,0.69,47.1,0.73,13.2,0.13,0.13,0.093219,1776224614000
1776224616.174,216.174,0.31,47.1,0.27,13.2,0.44,5.0,0.48,10.4,0.56,5.0,0.52,10.4,0.69,47.1,0.73,13.2,0.13,0.13,0.093219,1776224615000
1776224617.321,217.321,0.31,47.1,0.27,13.2,0.44,5.0,0.48,10.4,0.56,5.0,0.52,10.4,0.69,47.1,0.73,13.2,0.13,0.13,0.093219,1776224616000
1776224618.163,218.163,0.31,47.1,0.27,13.2,0.44,5.0,0.48,10.4,0.56,5.0,0.52,10.4,0.69,47.1,0.73,13.2,0.13,0.13,0.093222,1776224617000
1776224619.416,219.416,0.31,47.1,0.27,13.2,0.44,5.0,0.48,10.4,0.56,5.0,0.52,10.4,0.69,47.1,0.73,13.2,0.13,0.13,0.093222,1776224618000
1776224620.152,220.152,0.31,47.1,0.27,13.2,0.44,5.0,0.48,10.4,0.56,5.0,0.52,10.4,0.69,47.1,0.73,13.2,0.13,0.13,0.093222,1776224619000
1776224621.262,221.262,0.31,47.1,0.27,13.2,0.44,5.0,0.48,10.4,0.56,5.0,0.52,10.4,0.69,47.1,0.73,13.2,0.13,0.13,0.093222,1776224620000
1776224622.064,222.064,0.31,47.1,0.27,13.2,0.44,5.0,0.48,10.4,0.56,5.0,0.52,10.4,0.69,47.1,0.73,13.2,0.13,0.13,0.093222,1776224621000
1776224623.702,223.702,0.31,47.1,0.27,13.2,0.44,5.0,0.48,10.4,0.56,5.0,0.52,10.4,0.69,47.1,0.73,13.2,0.13,0.13,0.09322,1776224622000
1776224624.708,224.708,0.31,47.1,0.27,13.2,0.44,5.0,0.48,10.4,0.56,5.0,0.52,10.4,0.69,47.1,0.73,13.2,0.13,0.13,0.093213,1776224623000
1776224625.37,225.37,0.31,47.1,0.27,13.2,0.44,5.0,0.48,10.4,0.56,5.0,0.52,10.4,0.69,47.1,0.73,13.2,0.13,0.13,0.093203,1776224624000
1776224625.935,225.935,0.31,47.1,0.27,13.2,0.44,5.0,0.48,10.4,0.56,5.0,0.52,10.4,0.69,47.1,0.73,13.2,0.13,0.13,0.093203,1776224625000
1776224626.982,226.982,0.31,47.1,0.27,13.2,0.44,5.0,0.48,10.4,0.56,5.0,0.52,10.4,0.69,47.1,0.73,13.2,0.13,0.13,0.093201,1776224626000
1776224628.173,228.173,0.31,47.1,0.27,13.2,0.44,5.0,0.48,10.4,0.56,5.0,0.52,10.4,0.69,47.1,0.73,13.2,0.13,0.13,0.0932,1776224627000
1776224629.195,229.195,0.31,47.1,0.27,13.2,0.44,5.0,0.48,10.4,0.56,5.0,0.52,10.4,0.69,47.1,0.73,13.2,0.13,0.13,0.0932,1776224628000
1776224630.397,230.397,0.31,47.1,0.27,13.2,0.44,5.0,0.48,10.4,0.56,5.0,0.52,10.4,0.69,47.1,0.73,13.2,0.13,0.13,0.093201,1776224629000
1776224631.025,231.025,0.31,47.1,0.27,13.2,0.44,5.0,0.48,10.4,0.56,5.0,0.52,10.4,0.69,47.1,0.73,13.2,0.13,0.13,0.093201,1776224630000
1776224632.199,232.199,0.31,47.1,0.27,13.2,0.44,5.0,0.48,10.4,0.56,5.0,0.52,10.4,0.69,47.1,0.73,13.2,0.13,0.13,0.093201,1776224631000
1776224632.428,232.428,0.16,18.1,0.15,20.39,0.33,11.8,0.34,11.6,0.56,5.0,0.52,10.4,0.69,47.1,0.73,13.2,0.17,0.13,0.093201,1776224631000
1776224633.577,233.577,0.16,18.1,0.15,20.39,0.33,11.8,0.34,11.6,0.67,11.8,0.66,11.6,0.84,18.1,0.85,20.39,0.17,0.17,0.093201,1776224632000
1776224633.973,233.973,0.16,18.1,0.15,20.39,0.33,11.8,0.34,11.6,0.67,11.8,0.66,11.6,0.84,18.1,0.85,20.39,0.17,0.17,0.0932,1776224633000
1776224635.02,235.02,0.16,18.1,0.15,20.39,0.33,11.8,0.34,11.6,0.67,11.8,0.66,11.6,0.84,18.1,0.85,20.39,0.17,0.17,0.0932,1776224634000
1776224636.283,236.283,0.16,18.1,0.15,20.39,0.33,11.8,0.34,11.6,0.67,11.8,0.66,11.6,0.84,18.1,0.85,20.39,0.17,0.17,0.093194,1776224635000
1776224637.373,237.373,0.16,18.1,0.15,20.39,0.33,11.8,0.34,11.6,0.67,11.8,0.66,11.6,0.84,18.1,0.85,20.39,0.17,0.17,0.093192,1776224636000
1776224638.007,238.007,0.16,18.1,0.15,20.39,0.33,11.8,0.34,11.6,0.67,11.8,0.66,11.6,0.84,18.1,0.85,20.39,0.17,0.17,0.093188,1776224637000
1776224639.61,239.61,0.16,18.1,0.15,20.39,0.33,11.8,0.34,11.6,0.67,11.8,0.66,11.6,0.84,18.1,0.85,20.39,0.17,0.17,0.093186,1776224638000
1776224640.716,240.716,0.16,18.1,0.15,20.39,0.33,11.8,0.34,11.6,0.67,11.8,0.66,11.6,0.84,18.1,0.85,20.39,0.17,0.17,0.093185,1776224639000
1776224641.364,241.364,0.16,18.1,0.15,20.39,0.33,11.8,0.34,11.6,0.67,11.8,0.66,11.6,0.84,18.1,0.85,20.39,0.17,0.17,0.093188,1776224640000
1776224642.506,242.506,0.16,18.1,0.15,20.39,0.33,11.8,0.34,11.6,0.67,11.8,0.66,11.6,0.84,18.1,0.85,20.39,0.17,0.17,0.093186,1776224641000
1776224643.084,243.084,0.16,18.1,0.15,20.39,0.33,11.8,0.34,11.6,0.67,11.8,0.66,11.6,0.84,18.1,0.85,20.39,0.17,0.17,0.093186,1776224642000
1776224644.259,244.259,0.16,18.1,0.15,20.39,0.33,11.8,0.34,11.6,0.67,11.8,0.66,11.6,0.84,18.1,0.85,20.39,0.17,0.17,0.093187,1776224643000
1776224644.479,244.479,0.06,45.03,0.05,54.7,0.12,24.6,0.13,23.0,0.67,11.8,0.66,11.6,0.84,18.1,0.85,20.39,0.06,0.17,0.093187,1776224643000
1776224645.418,245.418,0.06,45.03,0.05,54.7,0.12,24.6,0.13,23.0,0.88,24.6,0.87,23.0,0.94,45.03,0.95,54.7,0.06,0.06,0.093183,1776224644000
1776224646.017,246.017,0.06,45.03,0.05,54.7,0.12,24.6,0.13,23.0,0.88,24.6,0.87,23.0,0.94,45.03,0.95,54.7,0.06,0.06,0.093183,1776224645000
1776224647.52,247.52,0.06,45.03,0.05,54.7,0.12,24.6,0.13,23.0,0.88,24.6,0.87,23.0,0.94,45.03,0.95,54.7,0.06,0.06,0.093182,1776224646000
1776224648.151,248.151,0.06,45.03,0.05,54.7,0.12,24.6,0.13,23.0,0.88,24.6,0.87,23.0,0.94,45.03,0.95,54.7,0.06,0.06,0.093184,1776224647000
1776224649.298,249.298,0.06,45.03,0.05,54.7,0.12,24.6,0.13,23.0,0.88,24.6,0.87,23.0,0.94,45.03,0.95,54.7,0.06,0.06,0.093186,1776224648000
1776224649.565,249.565,0.06,39.71,0.05,54.7,0.11,26.6,0.12,24.6,0.88,24.6,0.87,23.0,0.94,45.03,0.95,54.7,0.05,0.06,0.093186,1776224648000
1776224650.781,250.781,0.06,39.71,0.05,54.7,0.11,26.6,0.12,24.6,0.89,26.6,0.88,24.6,0.94,39.71,0.95,54.7,0.05,0.05,0.093184,1776224649000
1776224651.322,251.322,0.06,39.71,0.05,54.7,0.11,26.6,0.12,24.6,0.89,26.6,0.88,24.6,0.94,39.71,0.95,54.7,0.05,0.05,0.093185,1776224650000
1776224651.924,251.924,0.06,39.71,0.05,54.7,0.11,26.6,0.12,24.6,0.89,26.6,0.88,24.6,0.94,39.71,0.95,54.7,0.05,0.05,0.093185,1776224651000
1776224652.297,252.297,0.05,53.64,0.04,72.7,0.1,28.9,0.11,26.6,0.89,26.6,0.88,24.6,0.94,39.71,0.95,54.7,0.05,0.05,0.093185,1776224651000
1776224653.08,253.08,0.05,52.58,0.04,72.7,0.1,28.9,0.11,26.6,0.9,28.9,0.89,26.6,0.95,53.64,0.96,72.7,0.05,0.05,0.093185,1776224651000
1776224654.281,254.281,0.05,52.58,0.04,72.7,0.1,28.9,0.11,26.6,0.9,28.9,0.89,26.6,0.95,52.58,0.96,72.7,0.05,0.05,0.093184,1776224653000
1776224656.072,256.072,0.05,52.58,0.04,72.7,0.1,28.9,0.11,26.6,0.9,28.9,0.89,26.6,0.95,52.58,0.96,72.7,0.05,0.05,0.093184,1776224655000
1776224657.143,257.143,0.05,52.58,0.04,72.7,0.1,28.9,0.11,26.6,0.9,28.9,0.89,26.6,0.95,52.58,0.96,72.7,0.05,0.05,0.093186,1776224656000
1776224658.315,258.315,0.05,52.58,0.04,72.7,0.1,28.9,0.11,26.6,0.9,28.9,0.89,26.6,0.95,52.58,0.96,72.7,0.05,0.05,0.093186,1776224657000
1776224658.94,258.94,0.05,52.58,0.04,72.7,0.1,28.9,0.11,26.6,0.9,28.9,0.89,26.6,0.95,52.58,0.96,72.7,0.05,0.05,0.093186,1776224658000
1776224660.031,260.031,0.05,52.58,0.04,72.7,0.1,28.9,0.11,26.6,0.9,28.9,0.89,26.6,0.95,52.58,0.96,72.7,0.05,0.05,0.093186,1776224659000
1776224661.079,261.079,0.05,52.58,0.04,72.7,0.1,28.9,0.11,26.6,0.9,28.9,0.89,26.6,0.95,52.58,0.96,72.7,0.05,0.05,0.093185,1776224660000
1776224662.211,262.211,0.05,52.58,0.04,72.7,0.1,28.9,0.11,26.6,0.9,28.9,0.89,26.6,0.95,52.58,0.96,72.7,0.05,0.05,0.093186,1776224661000
1776224662.673,262.673,0.04,69.57,0.03,89.3,0.08,35.29,0.09,31.7,0.9,28.9,0.89,26.6,0.95,52.58,0.96,72.7,0.04,0.05,0.093186,1776224661000
1776224663.299,263.299,0.04,69.57,0.03,89.3,0.08,35.29,0.09,31.7,0.92,35.29,0.91,31.7,0.96,69.57,0.97,89.3,0.04,0.04,0.093186,1776224662000
1776224664.405,264.405,0.04,69.57,0.03,89.3,0.08,35.29,0.09,31.7,0.92,35.29,0.91,31.7,0.96,69.57,0.97,89.3,0.04,0.04,0.093186,1776224663000
1776224664.986,264.986,0.04,69.57,0.03,89.3,0.08,35.29,0.09,31.7,0.92,35.29,0.91,31.7,0.96,69.57,0.97,89.3,0.04,0.04,0.093189,1776224664000
1776224666.041,266.041,0.04,69.57,0.03,89.3,0.08,35.29,0.09,31.7,0.92,35.29,0.91,31.7,0.96,69.57,0.97,89.3,0.04,0.04,0.093206,1776224665000
1776224667.105,267.105,0.04,69.57,0.03,89.3,0.08,35.29,0.09,31.7,0.92,35.29,0.91,31.7,0.96,69.57,0.97,89.3,0.04,0.04,0.093206,1776224666000
1776224668.224,268.224,0.04,69.57,0.03,89.3,0.08,35.29,0.09,31.7,0.92,35.29,0.91,31.7,0.96,69.57,0.97,89.3,0.04,0.04,0.093205,1776224667000
1776224669.216,269.216,0.04,69.57,0.03,89.3,0.08,35.29,0.09,31.7,0.92,35.29,0.91,31.7,0.96,69.57,0.97,89.3,0.04,0.04,0.093205,1776224668000
1776224670.343,270.343,0.04,69.57,0.03,89.3,0.08,35.29,0.09,31.7,0.92,35.29,0.91,31.7,0.96,69.57,0.97,89.3,0.04,0.04,0.093205,1776224669000
1776224670.969,270.969,0.04,69.57,0.03,89.3,0.08,35.29,0.09,31.7,0.92,35.29,0.91,31.7,0.96,69.57,0.97,89.3,0.04,0.04,0.093205,1776224670000
1776224672.007,272.007,0.04,69.57,0.03,89.3,0.08,35.29,0.09,31.7,0.92,35.29,0.91,31.7,0.96,69.57,0.97,89.3,0.04,0.04,0.093205,1776224671000
1776224672.862,272.862,0.08,34.2,0.07,39.9,0.15,20.39,0.16,19.3,0.92,35.29,0.91,31.7,0.96,69.57,0.97,89.3,0.07,0.04,0.093205,1776224671000
1776224673.178,273.178,0.08,34.2,0.07,39.9,0.15,20.39,0.16,19.3,0.85,20.39,0.84,19.3,0.92,34.2,0.93,39.9,0.07,0.07,0.093205,1776224672000
1776224674.414,274.414,0.08,34.2,0.07,39.9,0.15,20.39,0.16,19.3,0.85,20.39,0.84,19.3,0.92,34.2,0.93,39.9,0.07,0.07,0.093205,1776224673000
1776224674.926,274.926,0.08,34.2,0.07,39.9,0.15,20.39,0.16,19.3,0.85,20.39,0.84,19.3,0.92,34.2,0.93,39.9,0.07,0.07,0.093205,1776224674000
1776224676.217,276.217,0.08,34.2,0.07,39.9,0.15,20.39,0.16,19.3,0.85,20.39,0.84,19.3,0.92,34.2,0.93,39.9,0.07,0.07,0.093205,1776224675000
1776224677.338,277.338,0.08,34.2,0.07,39.9,0.15,20.39,0.16,19.3,0.85,20.39,0.84,19.3,0.92,34.2,0.93,39.9,0.07,0.07,0.093205,1776224676000
1776224677.861,277.861,0.08,34.2,0.07,39.9,0.15,20.39,0.16,19.3,0.85,20.39,0.84,19.3,0.92,34.2,0.93,39.9,0.07,0.07,0.093205,1776224677000
1776224679.018,279.018,0.08,34.2,0.07,39.9,0.15,20.39,0.16,19.3,0.85,20.39,0.84,19.3,0.92,34.2,0.93,39.9,0.07,0.07,0.093205,1776224678000
1776224680.174,280.174,0.08,34.2,0.07,39.9,0.15,20.39,0.16,19.3,0.85,20.39,0.84,19.3,0.92,34.2,0.93,39.9,0.07,0.07,0.093205,1776224679000
1776224681.205,281.205,0.08,34.2,0.07,39.9,0.15,20.39,0.16,19.3,0.85,20.39,0.84,19.3,0.92,34.2,0.93,39.9,0.07,0.07,0.093205,1776224680000
1776224682.284,282.284,0.08,34.2,0.07,39.9,0.15,20.39,0.16,19.3,0.85,20.39,0.84,19.3,0.92,34.2,0.93,39.9,0.07,0.07,0.093205,1776224681000
1776224682.86,282.86,0.08,34.2,0.07,39.9,0.15,20.39,0.16,19.3,0.85,20.39,0.84,19.3,0.92,34.2,0.93,39.9,0.07,0.07,0.093205,1776224682000
1776224683.99,283.99,0.08,34.2,0.07,39.9,0.15,20.39,0.16,19.3,0.85,20.39,0.84,19.3,0.92,34.2,0.93,39.9,0.07,0.07,0.093205,1776224683000
1776224685.08,285.08,0.08,34.2,0.07,39.9,0.15,20.39,0.16,19.3,0.85,20.39,0.84,19.3,0.92,34.2,0.93,39.9,0.07,0.07,0.093205,1776224684000
1776224685.92,285.92,0.04,5.82,0.02,15.0,0.21,69.0,0.31,50.0,0.85,20.39,0.84,19.3,0.92,34.2,0.93,39.9,0.17,0.07,0.093205,1776224684000
1776224687.059,287.059,0.04,5.82,0.02,15.0,0.21,69.0,0.31,50.0,0.79,69.0,0.69,50.0,0.96,5.82,0.98,15.0,0.17,0.17,0.093204,1776224686000
1776224687.96,287.96,0.04,5.82,0.02,15.0,0.21,69.0,0.31,50.0,0.79,69.0,0.69,50.0,0.96,5.82,0.98,15.0,0.17,0.17,0.093204,1776224687000
1776224688.971,288.971,0.04,0.61,0.02,15.0,0.21,69.0,0.31,50.0,0.79,69.0,0.69,50.0,0.96,0.61,0.98,15.0,0.17,0.17,0.093204,1776224688000
1776224689.997,289.997,0.04,0.61,0.02,15.0,0.21,69.0,0.31,50.0,0.79,69.0,0.69,50.0,0.96,0.61,0.98,15.0,0.17,0.17,0.093204,1776224689000
1776224690.363,290.363,0.01,320.61,,,0.21,55.0,0.31,50.0,0.79,69.0,0.69,50.0,0.96,0.61,0.98,15.0,0.2,0.17,0.093204,1776224689000
1776224690.935,290.935,0.01,320.61,,,0.21,55.0,0.31,50.0,0.79,55.0,0.69,50.0,0.99,320.61,,,0.2,0.2,0.093204,1776224690000
1776224691.844,291.844,0.01,320.61,,,0.21,55.0,0.31,50.0,0.79,55.0,0.69,50.0,0.99,320.61,,,0.2,0.2,0.093204,1776224691000
1776224692.157,292.157,0.01,320.61,,,0.21,55.0,0.31,50.0,0.79,55.0,0.69,50.0,0.99,320.61,,,0.2,0.2,0.093204,1776224691000
1776224693.238,293.238,0.01,320.61,,,0.21,55.0,0.31,50.0,0.79,55.0,0.69,50.0,0.99,320.61,,,0.2,0.2,0.093204,1776224692000
1776224693.542,293.542,0.01,315.55,,,0.21,55.0,0.31,50.0,0.79,55.0,0.69,50.0,0.99,320.61,,,0.2,0.2,0.093204,1776224692000
1776224693.983,293.983,0.01,310.49,,,0.21,55.0,0.31,50.0,0.79,55.0,0.69,50.0,0.99,315.55,,,0.2,0.2,0.093204,1776224692000
1776224694.371,294.371,0.01,310.49,,,0.21,55.0,0.31,50.0,0.79,55.0,0.69,50.0,0.99,310.49,,,0.2,0.2,0.093204,1776224693000
1776224695.116,295.116,0.01,189.47,,,0.11,50.0,0.21,55.0,0.79,55.0,0.69,50.0,0.99,310.49,,,0.1,0.2,0.093204,1776224693000
1776224696.218,296.218,0.01,189.47,,,0.11,50.0,0.21,55.0,0.89,50.0,0.79,55.0,0.99,189.47,,,0.1,0.1,0.093204,1776224695000
1776224696.446,296.446,0.01,88.36,,,0.11,50.0,0.21,55.0,0.89,50.0,0.79,55.0,0.99,189.47,,,0.1,0.1,0.093204,1776224695000
1776224697.318,297.318,0.01,73.2,,,0.11,50.0,0.21,55.0,0.89,50.0,0.79,55.0,0.99,88.36,,,0.1,0.1,0.093204,1776224695000
1776224697.669,297.669,0.01,72.09,,,0.11,50.0,0.21,55.0,0.89,50.0,0.79,55.0,0.99,72.09,,,0.1,0.1,0.093204,1776224696000
1776224698.098,298.098,0.01,46.09,,,0.11,50.0,0.21,55.0,0.89,50.0,0.79,55.0,0.99,62.09,,,0.1,0.1,0.093204,1776224696000
1776224699.358,299.358,,,,,0.11,50.0,0.21,55.0,0.89,50.0,0.79,55.0,,,,,,,0.093204,1776224698000
1776224700.079,300.079,,,,,0.01,8799.39,0.2,5.0,0.89,50.0,0.79,55.0,,,,,,,0.093204,1776224698000
1776224700.317,300.317,,,,,0.01,8799.39,0.2,5.0,0.99,8799.39,0.8,5.0,,,,,,,0.093204,1776224699000

# RESULT,winner=Down,slug=doge-updown-5m-1776224400,ticks=310
