timestamp,elapsed_sec,up_bid_p1,up_bid_s1,up_bid_p2,up_bid_s2,up_ask_p1,up_ask_s1,up_ask_p2,up_ask_s2,down_bid_p1,down_bid_s1,down_bid_p2,down_bid_s2,down_ask_p1,down_ask_s1,down_ask_p2,down_ask_s2,up_spread,down_spread,doge_price,doge_oracle_ts
1776210911.32,11.32,0.47,10.0,0.46,30.0,0.65,20.0,0.66,8.4,0.35,20.0,0.34,8.4,0.53,10.0,0.54,30.0,0.18,0.18,0.093039,1776210909000
1776210911.635,11.635,0.47,10.0,0.46,30.0,0.64,20.0,0.66,8.4,0.35,20.0,0.34,8.4,0.53,10.0,0.54,30.0,0.17,0.18,0.093039,1776210910000
1776210912.786,12.786,0.47,10.0,0.46,30.0,0.64,20.0,0.66,8.4,0.36,20.0,0.34,8.4,0.53,10.0,0.54,30.0,0.17,0.17,0.093041,1776210911000
1776210914.864,14.864,0.47,10.0,0.46,30.0,0.64,20.0,0.66,8.4,0.36,20.0,0.34,8.4,0.53,10.0,0.54,30.0,0.17,0.17,0.093042,1776210914000
1776210915.909,15.909,0.47,10.0,0.46,30.0,0.64,20.0,0.66,8.4,0.36,20.0,0.34,8.4,0.53,10.0,0.54,30.0,0.17,0.17,0.093041,1776210915000
1776210916.912,16.912,0.47,10.0,0.46,30.0,0.64,20.0,0.66,8.4,0.36,20.0,0.34,8.4,0.53,10.0,0.54,30.0,0.17,0.17,0.093041,1776210916000
1776210917.985,17.985,0.47,10.0,0.46,30.0,0.64,20.0,0.66,8.4,0.36,20.0,0.34,8.4,0.53,10.0,0.54,30.0,0.17,0.17,0.093041,1776210917000
1776210919.167,19.167,0.47,10.0,0.46,30.0,0.64,20.0,0.66,8.4,0.36,20.0,0.34,8.4,0.53,10.0,0.54,30.0,0.17,0.17,0.09304,1776210918000
1776210920.271,20.271,0.47,10.0,0.46,30.0,0.64,20.0,0.66,8.4,0.36,20.0,0.34,8.4,0.53,10.0,0.54,30.0,0.17,0.17,0.093039,1776210919000
1776210921.356,21.356,0.47,10.0,0.46,30.0,0.64,20.0,0.66,8.4,0.36,20.0,0.34,8.4,0.53,10.0,0.54,30.0,0.17,0.17,0.09304,1776210920000
1776210921.962,21.962,0.47,10.0,0.46,30.0,0.64,20.0,0.66,8.4,0.36,20.0,0.34,8.4,0.53,10.0,0.54,30.0,0.17,0.17,0.09304,1776210921000
1776210922.941,22.941,0.47,10.0,0.46,30.0,0.64,20.0,0.66,8.4,0.36,20.0,0.34,8.4,0.53,10.0,0.54,30.0,0.17,0.17,0.093041,1776210922000
1776210923.932,23.932,0.47,10.0,0.46,30.0,0.64,20.0,0.66,8.4,0.36,20.0,0.34,8.4,0.53,10.0,0.54,30.0,0.17,0.17,0.093043,1776210923000
1776210924.97,24.97,0.47,10.0,0.46,30.0,0.64,20.0,0.66,8.4,0.36,20.0,0.34,8.4,0.53,10.0,0.54,30.0,0.17,0.17,0.093044,1776210924000
1776210926.754,26.754,0.47,10.0,0.46,30.0,0.64,20.0,0.66,8.4,0.36,20.0,0.34,8.4,0.53,10.0,0.54,30.0,0.17,0.17,0.093045,1776210925000
1776210927.791,27.791,0.47,10.0,0.46,30.0,0.64,20.0,0.66,8.4,0.36,20.0,0.34,8.4,0.53,10.0,0.54,30.0,0.17,0.17,0.093046,1776210926000
1776210928.482,28.482,0.55,5.0,0.53,5.0,0.64,5.0,0.67,20.0,0.36,20.0,0.34,8.4,0.53,10.0,0.54,30.0,0.09,0.17,0.093046,1776210926000
1776210929.234,29.234,0.55,5.0,0.53,5.0,0.64,5.0,0.67,20.0,0.36,5.0,0.33,20.0,0.45,5.0,0.47,5.0,0.09,0.09,0.093041,1776210928000
1776210930.495,30.495,0.55,5.0,0.53,5.0,0.64,5.0,0.67,20.0,0.36,5.0,0.33,20.0,0.45,5.0,0.47,5.0,0.09,0.09,0.09304,1776210929000
1776210931.154,31.154,0.55,5.0,0.53,5.0,0.64,5.0,0.67,20.0,0.36,5.0,0.33,20.0,0.45,5.0,0.47,5.0,0.09,0.09,0.093029,1776210930000
1776210932.523,32.523,0.55,5.0,0.53,5.0,0.64,5.0,0.67,20.0,0.36,5.0,0.33,20.0,0.45,5.0,0.47,5.0,0.09,0.09,0.093023,1776210931000
1776210933.123,33.123,0.55,5.0,0.53,5.0,0.64,5.0,0.67,20.0,0.36,5.0,0.33,20.0,0.45,5.0,0.47,5.0,0.09,0.09,0.093023,1776210932000
1776210934.43,34.43,0.55,5.0,0.53,5.0,0.64,5.0,0.67,20.0,0.36,5.0,0.33,20.0,0.45,5.0,0.47,5.0,0.09,0.09,0.093023,1776210933000
1776210935.03,35.03,0.55,5.0,0.53,5.0,0.64,5.0,0.67,20.0,0.36,5.0,0.33,20.0,0.45,5.0,0.47,5.0,0.09,0.09,0.093023,1776210934000
1776210936.254,36.254,0.55,5.0,0.53,5.0,0.64,5.0,0.67,20.0,0.36,5.0,0.33,20.0,0.45,5.0,0.47,5.0,0.09,0.09,0.093024,1776210935000
1776210936.996,36.996,0.55,5.0,0.53,5.0,0.64,5.0,0.67,20.0,0.36,5.0,0.33,20.0,0.45,5.0,0.47,5.0,0.09,0.09,0.093024,1776210936000
1776210938.441,38.441,0.55,5.0,0.53,5.0,0.64,5.0,0.67,20.0,0.36,5.0,0.33,20.0,0.45,5.0,0.47,5.0,0.09,0.09,0.093024,1776210937000
1776210939.304,39.304,0.55,5.0,0.53,5.0,0.64,5.0,0.67,20.0,0.36,5.0,0.33,20.0,0.45,5.0,0.47,5.0,0.09,0.09,0.093024,1776210938000
1776210940.693,40.693,0.55,5.0,0.53,5.0,0.64,5.0,0.67,20.0,0.36,5.0,0.33,20.0,0.45,5.0,0.47,5.0,0.09,0.09,0.093027,1776210939000
1776210941.285,41.285,0.55,5.0,0.53,5.0,0.64,5.0,0.67,20.0,0.36,5.0,0.33,20.0,0.45,5.0,0.47,5.0,0.09,0.09,0.093027,1776210940000
1776210942.72,42.72,0.55,5.0,0.53,5.0,0.64,5.0,0.67,20.0,0.36,5.0,0.33,20.0,0.45,5.0,0.47,5.0,0.09,0.09,0.093026,1776210941000
1776210943.573,43.573,0.55,5.0,0.53,5.0,0.64,5.0,0.67,20.0,0.36,5.0,0.33,20.0,0.45,5.0,0.47,5.0,0.09,0.09,0.093026,1776210942000
1776210944.567,44.567,0.48,10.0,0.47,5.0,0.57,1.22,0.58,5.0,0.43,1.22,0.42,5.0,0.52,10.0,0.53,5.0,0.09,0.09,0.093027,1776210943000
1776210945.184,45.184,0.48,10.0,0.47,5.0,0.57,1.22,0.58,5.0,0.43,1.22,0.42,5.0,0.52,10.0,0.53,5.0,0.09,0.09,0.093027,1776210944000
1776210946.484,46.484,0.48,10.0,0.47,5.0,0.57,1.22,0.58,5.0,0.43,1.22,0.42,5.0,0.52,10.0,0.53,5.0,0.09,0.09,0.093027,1776210945000
1776210947.121,47.121,0.48,10.0,0.47,5.0,0.57,1.22,0.58,5.0,0.43,1.22,0.42,5.0,0.52,10.0,0.53,5.0,0.09,0.09,0.093026,1776210946000
1776210948.384,48.384,0.48,10.0,0.47,5.0,0.57,1.22,0.58,5.0,0.43,1.22,0.42,5.0,0.52,10.0,0.53,5.0,0.09,0.09,0.093027,1776210947000
1776210948.957,48.957,0.48,10.0,0.47,5.0,0.57,1.22,0.58,5.0,0.43,1.22,0.42,5.0,0.52,10.0,0.53,5.0,0.09,0.09,0.093027,1776210948000
1776210950.11,50.11,0.48,10.0,0.47,5.0,0.57,1.22,0.58,5.0,0.43,1.22,0.42,5.0,0.52,10.0,0.53,5.0,0.09,0.09,0.093027,1776210949000
1776210951.315,51.315,0.48,10.0,0.47,5.0,0.57,1.22,0.58,5.0,0.43,1.22,0.42,5.0,0.52,10.0,0.53,5.0,0.09,0.09,0.093027,1776210950000
1776210951.861,51.861,0.48,10.0,0.47,5.0,0.57,1.22,0.58,5.0,0.43,1.22,0.42,5.0,0.52,10.0,0.53,5.0,0.09,0.09,0.093027,1776210951000
1776210952.983,52.983,0.48,10.0,0.47,5.0,0.57,1.22,0.58,5.0,0.43,1.22,0.42,5.0,0.52,10.0,0.53,5.0,0.09,0.09,0.093028,1776210952000
1776210954.184,54.184,0.48,10.0,0.47,5.0,0.57,1.22,0.58,5.0,0.43,1.22,0.42,5.0,0.52,10.0,0.53,5.0,0.09,0.09,0.093028,1776210953000
1776210955.317,55.317,0.48,10.0,0.47,5.0,0.57,1.22,0.58,5.0,0.43,1.22,0.42,5.0,0.52,10.0,0.53,5.0,0.09,0.09,0.093028,1776210954000
1776210955.938,55.938,0.48,10.0,0.47,5.0,0.57,1.22,0.58,5.0,0.43,1.22,0.42,5.0,0.52,10.0,0.53,5.0,0.09,0.09,0.093028,1776210955000
1776210957.054,57.054,0.48,10.0,0.47,5.0,0.57,1.22,0.58,5.0,0.43,1.22,0.42,5.0,0.52,10.0,0.53,5.0,0.09,0.09,0.093028,1776210956000
1776210958.224,58.224,0.48,10.0,0.47,5.0,0.57,1.22,0.58,5.0,0.43,1.22,0.42,5.0,0.52,10.0,0.53,5.0,0.09,0.09,0.093028,1776210957000
1776210960.076,60.076,0.48,10.0,0.47,5.0,0.57,1.22,0.58,5.0,0.43,1.22,0.42,5.0,0.52,10.0,0.53,5.0,0.09,0.09,0.093028,1776210958000
1776210960.879,60.879,0.49,4.33,0.48,10.0,0.57,1.22,0.61,5.0,0.43,1.22,0.42,5.0,0.52,10.0,0.53,5.0,0.08,0.09,0.093028,1776210958000
1776210961.201,61.201,0.49,4.33,0.48,10.0,0.57,1.22,0.61,5.0,0.43,1.22,0.39,5.0,0.51,4.33,0.52,10.0,0.08,0.08,0.093028,1776210959000
1776210961.946,61.946,0.49,4.33,0.48,10.0,0.57,1.22,0.61,5.0,0.43,1.22,0.39,5.0,0.51,4.33,0.52,10.0,0.08,0.08,0.093028,1776210960000
1776210962.801,62.801,0.49,4.33,0.48,10.0,0.57,1.22,0.61,5.0,0.43,1.22,0.39,5.0,0.51,4.33,0.52,10.0,0.08,0.08,0.093029,1776210961000
1776210963.697,63.697,0.49,4.33,0.48,10.0,0.57,1.22,0.61,5.0,0.43,1.22,0.39,5.0,0.51,4.33,0.52,10.0,0.08,0.08,0.093034,1776210962000
1776210964.393,64.393,0.49,4.33,0.48,10.0,0.57,1.22,0.61,5.0,0.43,1.22,0.39,5.0,0.51,4.33,0.52,10.0,0.08,0.08,0.093035,1776210963000
1776210965.144,65.144,0.49,4.33,0.48,10.0,0.57,1.22,0.61,5.0,0.43,1.22,0.39,5.0,0.51,4.33,0.52,10.0,0.08,0.08,0.093035,1776210964000
1776210966.589,66.589,0.49,4.33,0.48,10.0,0.57,1.22,0.61,5.0,0.43,1.22,0.39,5.0,0.51,4.33,0.52,10.0,0.08,0.08,0.093037,1776210965000
1776210967.305,67.305,0.49,4.33,0.48,10.0,0.57,1.22,0.61,5.0,0.43,1.22,0.39,5.0,0.51,4.33,0.52,10.0,0.08,0.08,0.093037,1776210966000
1776210968.159,68.159,0.49,4.33,0.48,10.0,0.57,1.22,0.61,5.0,0.43,1.22,0.39,5.0,0.51,4.33,0.52,10.0,0.08,0.08,0.093037,1776210967000
1776210969.8,69.8,0.49,4.33,0.48,10.0,0.57,1.22,0.61,5.0,0.43,1.22,0.39,5.0,0.51,4.33,0.52,10.0,0.08,0.08,0.093037,1776210968000
1776210970.493,70.493,0.49,4.33,0.48,10.0,0.57,1.22,0.61,5.0,0.43,1.22,0.39,5.0,0.51,4.33,0.52,10.0,0.08,0.08,0.093038,1776210969000
1776210971.251,71.251,0.49,4.33,0.48,10.0,0.57,1.22,0.61,5.0,0.43,1.22,0.39,5.0,0.51,4.33,0.52,10.0,0.08,0.08,0.093038,1776210970000
1776210972.788,72.788,0.49,4.33,0.48,10.0,0.57,1.22,0.61,5.0,0.43,1.22,0.39,5.0,0.51,4.33,0.52,10.0,0.08,0.08,0.093039,1776210971000
1776210973.509,73.509,0.49,4.33,0.48,10.0,0.57,1.22,0.61,5.0,0.43,1.22,0.39,5.0,0.51,4.33,0.52,10.0,0.08,0.08,0.09304,1776210972000
1776210974.271,74.271,0.49,4.33,0.48,10.0,0.57,1.22,0.61,5.0,0.43,1.22,0.39,5.0,0.51,4.33,0.52,10.0,0.08,0.08,0.09304,1776210973000
1776210975.779,75.779,0.49,4.33,0.48,10.0,0.57,1.22,0.61,5.0,0.43,1.22,0.39,5.0,0.51,4.33,0.52,10.0,0.08,0.08,0.093032,1776210974000
1776210976.488,76.488,0.49,4.33,0.48,10.0,0.57,1.22,0.61,5.0,0.43,1.22,0.39,5.0,0.51,4.33,0.52,10.0,0.08,0.08,0.09303,1776210975000
1776210977.15,77.15,0.49,4.33,0.48,10.0,0.57,1.22,0.61,5.0,0.43,1.22,0.39,5.0,0.51,4.33,0.52,10.0,0.08,0.08,0.093029,1776210976000
1776210978.682,78.682,0.49,4.33,0.48,10.0,0.57,1.22,0.61,5.0,0.43,1.22,0.39,5.0,0.51,4.33,0.52,10.0,0.08,0.08,0.093029,1776210977000
1776210979.792,79.792,0.49,4.33,0.48,10.0,0.57,1.22,0.61,5.0,0.43,1.22,0.39,5.0,0.51,4.33,0.52,10.0,0.08,0.08,0.093029,1776210978000
1776210980.162,80.162,0.49,4.33,0.48,10.0,0.57,1.22,0.61,5.0,0.43,1.22,0.39,5.0,0.51,4.33,0.52,10.0,0.08,0.08,0.093029,1776210979000
1776210981.199,81.199,0.49,4.33,0.48,10.0,0.57,1.22,0.61,5.0,0.43,1.22,0.39,5.0,0.51,4.33,0.52,10.0,0.08,0.08,0.093029,1776210980000
1776210982.184,82.184,0.49,4.33,0.48,10.0,0.57,1.22,0.61,5.0,0.43,1.22,0.39,5.0,0.51,4.33,0.52,10.0,0.08,0.08,0.093028,1776210981000
1776210983.044,83.044,0.49,5.0,0.48,10.0,0.57,1.22,0.6,10.8,0.43,1.22,0.39,5.0,0.51,4.33,0.52,10.0,0.08,0.08,0.093028,1776210981000
1776210984.149,84.149,0.49,5.0,0.48,10.0,0.57,1.22,0.6,10.8,0.43,1.22,0.4,10.8,0.51,5.0,0.52,10.0,0.08,0.08,0.093029,1776210983000
1776210985.04,85.04,0.49,5.0,0.48,10.0,0.57,1.22,0.6,10.8,0.43,1.22,0.4,10.8,0.51,5.0,0.52,10.0,0.08,0.08,0.093028,1776210984000
1776210986.06,86.06,0.49,5.0,0.48,10.0,0.57,1.22,0.6,10.8,0.43,1.22,0.4,10.8,0.51,5.0,0.52,10.0,0.08,0.08,0.093028,1776210985000
1776210987.158,87.158,0.49,5.0,0.48,10.0,0.57,1.22,0.6,10.8,0.43,1.22,0.4,10.8,0.51,5.0,0.52,10.0,0.08,0.08,0.093028,1776210986000
1776210988.229,88.229,0.49,5.0,0.48,10.0,0.57,1.22,0.6,10.8,0.43,1.22,0.4,10.8,0.51,5.0,0.52,10.0,0.08,0.08,0.093028,1776210987000
1776210989.081,89.081,0.49,5.0,0.48,10.0,0.57,1.22,0.6,10.8,0.43,1.22,0.4,10.8,0.51,5.0,0.52,10.0,0.08,0.08,0.093028,1776210988000
1776210990.048,90.048,0.49,5.0,0.48,10.0,0.57,1.22,0.6,10.8,0.43,1.22,0.4,10.8,0.51,5.0,0.52,10.0,0.08,0.08,0.093028,1776210989000
1776210990.98,90.98,0.49,5.0,0.48,10.0,0.57,1.22,0.6,10.8,0.43,1.22,0.4,10.8,0.51,5.0,0.52,10.0,0.08,0.08,0.093029,1776210990000
1776210992.379,92.379,0.49,5.0,0.48,10.0,0.57,1.22,0.6,10.8,0.43,1.22,0.4,10.8,0.51,5.0,0.52,10.0,0.08,0.08,0.09303,1776210991000
1776210992.927,92.927,0.49,5.0,0.48,10.0,0.57,1.22,0.6,10.8,0.43,1.22,0.4,10.8,0.51,5.0,0.52,10.0,0.08,0.08,0.093032,1776210992000
1776210993.966,93.966,0.49,5.0,0.48,10.0,0.57,1.22,0.6,10.8,0.43,1.22,0.4,10.8,0.51,5.0,0.52,10.0,0.08,0.08,0.093034,1776210993000
1776210994.244,94.244,0.54,5.0,0.53,5.0,0.65,11.4,0.66,21.6,0.43,1.22,0.4,10.8,0.51,5.0,0.52,10.0,0.11,0.08,0.093034,1776210993000
1776210995.054,95.054,0.53,5.0,0.48,30.4,0.65,11.4,0.66,21.6,0.35,11.4,0.34,21.6,0.47,5.0,0.52,30.4,0.12,0.12,0.093035,1776210994000
1776210996.268,96.268,0.53,5.0,0.48,30.4,0.65,11.4,0.66,21.6,0.35,11.4,0.34,21.6,0.47,5.0,0.52,30.4,0.12,0.12,0.093043,1776210995000
1776210997.353,97.353,0.53,5.0,0.48,30.4,0.65,11.4,0.66,21.6,0.35,11.4,0.34,21.6,0.47,5.0,0.52,30.4,0.12,0.12,0.093044,1776210996000
1776210998.356,98.356,0.53,5.0,0.48,30.4,0.65,11.4,0.66,21.6,0.35,11.4,0.34,21.6,0.47,5.0,0.52,30.4,0.12,0.12,0.093045,1776210997000
1776210998.925,98.925,0.53,5.0,0.48,30.4,0.65,11.4,0.66,21.6,0.35,11.4,0.34,21.6,0.47,5.0,0.52,30.4,0.12,0.12,0.093045,1776210998000
1776211000.025,100.025,0.53,5.0,0.48,30.4,0.65,11.4,0.66,21.6,0.35,11.4,0.34,21.6,0.47,5.0,0.52,30.4,0.12,0.12,0.093045,1776210999000
1776211001.119,101.119,0.53,5.0,0.48,30.4,0.65,11.4,0.66,21.6,0.35,11.4,0.34,21.6,0.47,5.0,0.52,30.4,0.12,0.12,0.093045,1776211000000
1776211002.247,102.247,0.53,5.0,0.48,30.4,0.65,11.4,0.66,21.6,0.35,11.4,0.34,21.6,0.47,5.0,0.52,30.4,0.12,0.12,0.093045,1776211001000
1776211003.242,103.242,0.53,5.0,0.48,30.4,0.65,11.4,0.66,21.6,0.35,11.4,0.34,21.6,0.47,5.0,0.52,30.4,0.12,0.12,0.093044,1776211002000
1776211004.289,104.289,0.53,5.0,0.48,30.4,0.65,11.4,0.66,21.6,0.35,11.4,0.34,21.6,0.47,5.0,0.52,30.4,0.12,0.12,0.093045,1776211003000
1776211005.447,105.447,0.53,5.0,0.48,30.4,0.65,11.4,0.66,21.6,0.35,11.4,0.34,21.6,0.47,5.0,0.52,30.4,0.12,0.12,0.093045,1776211004000
1776211006.37,106.37,0.53,5.0,0.48,30.4,0.65,11.4,0.66,21.6,0.35,11.4,0.34,21.6,0.47,5.0,0.52,30.4,0.12,0.12,0.093047,1776211005000
1776211006.942,106.942,0.53,5.0,0.48,30.4,0.65,11.4,0.66,21.6,0.35,11.4,0.34,21.6,0.47,5.0,0.52,30.4,0.12,0.12,0.093047,1776211006000
1776211007.933,107.933,0.53,5.0,0.48,30.4,0.65,11.4,0.66,21.6,0.35,11.4,0.34,21.6,0.47,5.0,0.52,30.4,0.12,0.12,0.093044,1776211007000
1776211008.958,108.958,0.53,5.0,0.48,30.4,0.65,11.4,0.66,21.6,0.35,11.4,0.34,21.6,0.47,5.0,0.52,30.4,0.12,0.12,0.093044,1776211008000
1776211010.035,110.035,0.53,5.0,0.48,30.4,0.65,11.4,0.66,21.6,0.35,11.4,0.34,21.6,0.47,5.0,0.52,30.4,0.12,0.12,0.093044,1776211009000
1776211011.025,111.025,0.53,5.0,0.48,30.4,0.65,11.4,0.66,21.6,0.35,11.4,0.34,21.6,0.47,5.0,0.52,30.4,0.12,0.12,0.093042,1776211010000
1776211011.976,111.976,0.53,5.0,0.48,30.4,0.65,11.4,0.66,21.6,0.35,11.4,0.34,21.6,0.47,5.0,0.52,30.4,0.12,0.12,0.093042,1776211011000
1776211013.054,113.054,0.53,5.0,0.48,30.4,0.65,11.4,0.66,21.6,0.35,11.4,0.34,21.6,0.47,5.0,0.52,30.4,0.12,0.12,0.093044,1776211012000
1776211013.986,113.986,0.53,5.0,0.48,30.4,0.65,11.4,0.66,21.6,0.35,11.4,0.34,21.6,0.47,5.0,0.52,30.4,0.12,0.12,0.093044,1776211013000
1776211014.932,114.932,0.53,5.0,0.48,30.4,0.65,11.4,0.66,21.6,0.35,11.4,0.34,21.6,0.47,5.0,0.52,30.4,0.12,0.12,0.093045,1776211014000
1776211015.685,115.685,0.53,5.0,0.52,10.4,0.67,2.53,0.68,11.9,0.35,11.4,0.34,21.6,0.47,5.0,0.52,30.4,0.14,0.12,0.093045,1776211014000
1776211016.021,116.021,0.53,5.0,0.52,10.4,0.67,2.53,0.68,11.9,0.33,2.53,0.32,11.9,0.47,5.0,0.48,10.4,0.14,0.14,0.093045,1776211015000
1776211017.038,117.038,0.53,5.0,0.52,10.4,0.67,2.53,0.68,11.9,0.33,2.53,0.32,11.9,0.47,5.0,0.48,10.4,0.14,0.14,0.093048,1776211016000
1776211018.002,118.002,0.53,5.0,0.52,10.4,0.67,2.53,0.68,11.9,0.33,2.53,0.32,11.9,0.47,5.0,0.48,10.4,0.14,0.14,0.093049,1776211017000
1776211019.39,119.39,0.53,5.0,0.52,10.4,0.67,2.53,0.68,11.9,0.33,2.53,0.32,11.9,0.47,5.0,0.48,10.4,0.14,0.14,0.09305,1776211018000
1776211019.946,119.946,0.53,5.0,0.52,10.4,0.67,2.53,0.68,11.9,0.33,2.53,0.32,11.9,0.47,5.0,0.48,10.4,0.14,0.14,0.093052,1776211019000
1776211021.104,121.104,0.58,10.0,0.57,10.6,0.72,4.44,0.73,13.2,0.28,4.44,0.27,13.2,0.42,10.0,0.43,10.6,0.14,0.14,0.093058,1776211020000
1776211022.338,122.338,0.58,10.0,0.57,10.6,0.72,4.44,0.73,13.2,0.28,4.44,0.27,13.2,0.42,10.0,0.43,10.6,0.14,0.14,0.093058,1776211021000
1776211022.598,122.598,0.48,5.0,0.34,11.6,0.51,5.0,0.56,5.0,0.28,4.44,0.27,13.2,0.42,10.0,0.43,10.6,0.03,0.14,0.093058,1776211021000
1776211022.86,122.86,0.48,5.0,0.34,11.6,0.51,5.0,0.56,5.0,0.49,5.0,0.44,5.0,0.52,5.0,0.66,11.6,0.03,0.03,0.093058,1776211022000
1776211023.791,123.791,0.48,5.0,0.34,11.6,0.51,5.0,0.56,5.0,0.49,5.0,0.44,5.0,0.52,5.0,0.66,11.6,0.03,0.03,0.09303,1776211023000
1776211024.894,124.894,0.48,5.0,0.34,11.6,0.51,5.0,0.56,5.0,0.49,5.0,0.44,5.0,0.52,5.0,0.66,11.6,0.03,0.03,0.093021,1776211024000
1776211026.265,126.265,0.48,5.0,0.34,11.6,0.51,5.0,0.56,5.0,0.49,5.0,0.44,5.0,0.52,5.0,0.66,11.6,0.03,0.03,0.093024,1776211025000
1776211027.027,127.027,0.47,5.0,0.45,5.0,0.51,5.0,0.56,5.0,0.49,5.0,0.44,5.0,0.52,5.0,0.66,11.6,0.04,0.03,0.093024,1776211025000
1776211027.319,127.319,0.47,5.0,0.45,5.0,0.51,5.0,0.56,5.0,0.49,5.0,0.44,5.0,0.53,5.0,0.55,5.0,0.04,0.04,0.093024,1776211026000
1776211028.176,128.176,0.45,5.0,0.37,11.2,0.51,5.0,0.56,5.0,0.49,5.0,0.44,5.0,0.55,5.0,0.63,11.2,0.06,0.06,0.093024,1776211027000
1776211029.486,129.486,0.45,5.0,0.37,11.2,0.51,5.0,0.56,5.0,0.49,5.0,0.44,5.0,0.55,5.0,0.63,11.2,0.06,0.06,0.093024,1776211028000
1776211030.152,130.152,0.45,5.0,0.37,11.2,0.51,5.0,0.56,5.0,0.49,5.0,0.44,5.0,0.55,5.0,0.63,11.2,0.06,0.06,0.093024,1776211029000
1776211030.514,130.514,0.45,5.0,0.41,10.7,0.51,5.0,0.56,5.0,0.49,5.0,0.44,5.0,0.55,5.0,0.63,11.2,0.06,0.06,0.093024,1776211029000
1776211031.304,131.304,0.45,5.0,0.41,10.7,0.51,5.0,0.56,5.0,0.49,5.0,0.44,5.0,0.55,5.0,0.59,10.7,0.06,0.06,0.093024,1776211030000
1776211032.233,132.233,0.45,5.0,0.41,10.7,0.51,5.0,0.56,5.0,0.49,5.0,0.44,5.0,0.55,5.0,0.59,10.7,0.06,0.06,0.093024,1776211031000
1776211033.212,133.212,0.45,5.0,0.41,10.7,0.51,5.0,0.56,5.0,0.49,5.0,0.44,5.0,0.55,5.0,0.59,10.7,0.06,0.06,0.093024,1776211032000
1776211034.329,134.329,0.45,5.0,0.41,10.7,0.51,5.0,0.56,5.0,0.49,5.0,0.44,5.0,0.55,5.0,0.59,10.7,0.06,0.06,0.093024,1776211033000
1776211035.457,135.457,0.45,5.0,0.41,10.7,0.51,5.0,0.56,5.0,0.49,5.0,0.44,5.0,0.55,5.0,0.59,10.7,0.06,0.06,0.093024,1776211034000
1776211036.072,136.072,0.45,5.0,0.41,10.7,0.51,5.0,0.56,5.0,0.49,5.0,0.44,5.0,0.55,5.0,0.59,10.7,0.06,0.06,0.093018,1776211035000
1776211037.337,137.337,0.45,5.0,0.41,10.7,0.51,5.0,0.56,5.0,0.49,5.0,0.44,5.0,0.55,5.0,0.59,10.7,0.06,0.06,0.093013,1776211036000
1776211038.22,138.22,0.45,5.0,0.41,10.7,0.51,5.0,0.56,5.0,0.49,5.0,0.44,5.0,0.55,5.0,0.59,10.7,0.06,0.06,0.093011,1776211037000
1776211039.308,139.308,0.45,5.0,0.41,10.7,0.51,5.0,0.56,5.0,0.49,5.0,0.44,5.0,0.55,5.0,0.59,10.7,0.06,0.06,0.092998,1776211038000
1776211040.032,140.032,0.45,5.0,0.41,10.7,0.51,5.0,0.56,5.0,0.49,5.0,0.44,5.0,0.55,5.0,0.59,10.7,0.06,0.06,0.092998,1776211039000
1776211041.206,141.206,0.45,5.0,0.41,10.7,0.51,5.0,0.56,5.0,0.49,5.0,0.44,5.0,0.55,5.0,0.59,10.7,0.06,0.06,0.093009,1776211040000
1776211042.478,142.478,0.45,5.0,0.41,10.7,0.51,5.0,0.56,5.0,0.49,5.0,0.44,5.0,0.55,5.0,0.59,10.7,0.06,0.06,0.093016,1776211041000
1776211043.085,143.085,0.45,5.0,0.41,10.7,0.51,5.0,0.56,5.0,0.49,5.0,0.44,5.0,0.55,5.0,0.59,10.7,0.06,0.06,0.093016,1776211042000
1776211043.318,143.318,0.38,5.0,0.34,11.6,0.51,5.0,0.53,5.0,0.49,5.0,0.44,5.0,0.55,5.0,0.59,10.7,0.13,0.06,0.093016,1776211042000
1776211044.407,144.407,0.38,5.0,0.34,11.6,0.51,5.0,0.53,5.0,0.49,5.0,0.47,5.0,0.62,5.0,0.66,11.6,0.13,0.13,0.093011,1776211043000
1776211044.962,144.962,0.38,5.0,0.34,11.6,0.51,5.0,0.53,5.0,0.49,5.0,0.47,5.0,0.62,5.0,0.66,11.6,0.13,0.13,0.09301,1776211044000
1776211046.254,146.254,0.38,5.0,0.34,11.6,0.51,5.0,0.53,5.0,0.49,5.0,0.47,5.0,0.62,5.0,0.66,11.6,0.13,0.13,0.093011,1776211045000
1776211047.624,147.624,0.38,5.0,0.34,11.6,0.51,5.0,0.53,5.0,0.49,5.0,0.47,5.0,0.62,5.0,0.66,11.6,0.13,0.13,0.093013,1776211046000
1776211048.271,148.271,0.38,5.0,0.34,11.6,0.51,5.0,0.53,5.0,0.49,5.0,0.47,5.0,0.62,5.0,0.66,11.6,0.13,0.13,0.093013,1776211047000
1776211050.063,150.063,0.38,5.0,0.34,11.6,0.51,5.0,0.53,5.0,0.49,5.0,0.47,5.0,0.62,5.0,0.66,11.6,0.13,0.13,0.093011,1776211049000
1776211051.437,151.437,0.38,5.0,0.34,11.6,0.51,5.0,0.53,5.0,0.49,5.0,0.47,5.0,0.62,5.0,0.66,11.6,0.13,0.13,0.093012,1776211050000
1776211052.076,152.076,0.38,5.0,0.34,11.6,0.51,5.0,0.53,5.0,0.49,5.0,0.47,5.0,0.62,5.0,0.66,11.6,0.13,0.13,0.093012,1776211051000
1776211052.438,152.438,0.38,10.5,0.37,11.2,0.51,5.0,0.53,5.0,0.49,5.0,0.47,5.0,0.62,5.0,0.66,11.6,0.13,0.13,0.093012,1776211051000
1776211053.705,153.705,0.38,10.5,0.37,11.2,0.51,5.0,0.53,5.0,0.49,5.0,0.47,5.0,0.62,10.5,0.63,11.2,0.13,0.13,0.093014,1776211052000
1776211054.307,154.307,0.38,10.5,0.37,11.2,0.51,5.0,0.53,5.0,0.49,5.0,0.47,5.0,0.62,10.5,0.63,11.2,0.13,0.13,0.093015,1776211053000
1776211054.961,154.961,0.38,10.5,0.37,11.2,0.51,5.0,0.53,5.0,0.49,5.0,0.47,5.0,0.62,10.5,0.63,11.2,0.13,0.13,0.093015,1776211054000
1776211056.411,156.411,0.38,10.5,0.37,11.2,0.51,5.0,0.53,5.0,0.49,5.0,0.47,5.0,0.62,10.5,0.63,11.2,0.13,0.13,0.093014,1776211055000
1776211057.103,157.103,0.38,10.5,0.37,11.2,0.51,5.0,0.53,5.0,0.49,5.0,0.47,5.0,0.62,10.5,0.63,11.2,0.13,0.13,0.093015,1776211056000
1776211058.46,158.46,0.38,10.5,0.37,11.2,0.51,5.0,0.53,5.0,0.49,5.0,0.47,5.0,0.62,10.5,0.63,11.2,0.13,0.13,0.093015,1776211057000
1776211059.152,159.152,0.38,10.5,0.37,11.2,0.51,5.0,0.53,5.0,0.49,5.0,0.47,5.0,0.62,10.5,0.63,11.2,0.13,0.13,0.093015,1776211058000
1776211060.524,160.524,0.38,10.5,0.37,11.2,0.51,5.0,0.53,5.0,0.49,5.0,0.47,5.0,0.62,10.5,0.63,11.2,0.13,0.13,0.093015,1776211059000
1776211061.242,161.242,0.38,10.5,0.37,11.2,0.51,5.0,0.53,5.0,0.49,5.0,0.47,5.0,0.62,10.5,0.63,11.2,0.13,0.13,0.093015,1776211060000
1776211062.672,162.672,0.38,10.5,0.37,11.2,0.51,5.0,0.53,5.0,0.49,5.0,0.47,5.0,0.62,10.5,0.63,11.2,0.13,0.13,0.093017,1776211061000
1776211063.442,163.442,0.38,10.5,0.37,11.2,0.51,5.0,0.53,5.0,0.49,5.0,0.47,5.0,0.62,10.5,0.63,11.2,0.13,0.13,0.093017,1776211062000
1776211064.222,164.222,0.38,10.5,0.37,11.2,0.51,5.0,0.53,5.0,0.49,5.0,0.47,5.0,0.62,10.5,0.63,11.2,0.13,0.13,0.093017,1776211063000
1776211065.725,165.725,0.38,10.5,0.37,11.2,0.51,5.0,0.53,5.0,0.49,5.0,0.47,5.0,0.62,10.5,0.63,11.2,0.13,0.13,0.093015,1776211064000
1776211066.391,166.391,0.38,10.5,0.37,11.2,0.51,5.0,0.53,5.0,0.49,5.0,0.47,5.0,0.62,10.5,0.63,11.2,0.13,0.13,0.093015,1776211065000
1776211066.698,166.698,0.37,11.2,0.36,11.3,0.51,5.0,0.52,10.4,0.49,5.0,0.47,5.0,0.62,10.5,0.63,11.2,0.14,0.13,0.093015,1776211065000
1776211067.105,167.105,0.37,11.2,0.36,11.3,0.51,5.0,0.52,10.4,0.49,5.0,0.48,10.4,0.63,11.2,0.64,11.3,0.14,0.14,0.093017,1776211066000
1776211068.084,168.084,0.37,11.2,0.36,11.3,0.51,5.0,0.52,10.4,0.49,5.0,0.48,10.4,0.63,11.2,0.64,11.3,0.14,0.14,0.093017,1776211067000
1776211069.546,169.546,0.36,4.08,0.35,11.4,0.51,5.0,0.52,10.4,0.49,5.0,0.48,10.4,0.63,11.2,0.64,11.3,0.15,0.14,0.093017,1776211067000
1776211070.363,170.363,0.36,4.08,0.35,11.4,0.51,5.0,0.52,10.4,0.49,5.0,0.48,10.4,0.64,4.08,0.65,11.4,0.15,0.15,0.093015,1776211069000
1776211071.071,171.071,0.36,4.08,0.35,11.4,0.51,5.0,0.52,10.4,0.49,5.0,0.48,10.4,0.64,4.08,0.65,11.4,0.15,0.15,0.093013,1776211070000
1776211072.352,172.352,0.36,4.08,0.35,11.4,0.51,5.0,0.52,10.4,0.49,5.0,0.48,10.4,0.64,4.08,0.65,11.4,0.15,0.15,0.093014,1776211071000
1776211073.249,173.249,0.36,4.08,0.35,11.4,0.51,5.0,0.52,10.4,0.49,5.0,0.48,10.4,0.64,4.08,0.65,11.4,0.15,0.15,0.093016,1776211072000
1776211074.737,174.737,0.36,4.08,0.35,11.4,0.51,5.0,0.52,10.4,0.49,5.0,0.48,10.4,0.64,4.08,0.65,11.4,0.15,0.15,0.093016,1776211073000
1776211075.417,175.417,0.36,4.08,0.35,11.4,0.51,5.0,0.52,10.4,0.49,5.0,0.48,10.4,0.64,4.08,0.65,11.4,0.15,0.15,0.093016,1776211074000
1776211076.099,176.099,0.36,4.08,0.35,11.4,0.51,5.0,0.52,10.4,0.49,5.0,0.48,10.4,0.64,4.08,0.65,11.4,0.15,0.15,0.093016,1776211075000
1776211077.381,177.381,0.36,4.08,0.35,11.4,0.51,5.0,0.52,10.4,0.49,5.0,0.48,10.4,0.64,4.08,0.65,11.4,0.15,0.15,0.093016,1776211076000
1776211078.259,178.259,0.36,4.08,0.35,11.4,0.51,5.0,0.52,10.4,0.49,5.0,0.48,10.4,0.64,4.08,0.65,11.4,0.15,0.15,0.093016,1776211077000
1776211079.566,179.566,0.36,4.08,0.35,11.4,0.51,5.0,0.52,10.4,0.49,5.0,0.48,10.4,0.64,4.08,0.65,11.4,0.15,0.15,0.093014,1776211078000
1776211080.233,180.233,0.36,4.08,0.35,11.4,0.51,5.0,0.52,10.4,0.49,5.0,0.48,10.4,0.64,4.08,0.65,11.4,0.15,0.15,0.093015,1776211079000
1776211081.526,181.526,0.36,4.08,0.35,11.4,0.51,5.0,0.52,10.4,0.49,5.0,0.48,10.4,0.64,4.08,0.65,11.4,0.15,0.15,0.093016,1776211080000
1776211082.212,182.212,0.36,4.08,0.35,11.4,0.51,5.0,0.52,10.4,0.49,5.0,0.48,10.4,0.64,4.08,0.65,11.4,0.15,0.15,0.093016,1776211081000
1776211083.593,183.593,0.36,4.08,0.35,11.4,0.51,5.0,0.52,10.4,0.49,5.0,0.48,10.4,0.64,4.08,0.65,11.4,0.15,0.15,0.093017,1776211082000
1776211084.249,184.249,0.36,4.08,0.35,11.4,0.51,5.0,0.52,10.4,0.49,5.0,0.48,10.4,0.64,4.08,0.65,11.4,0.15,0.15,0.093025,1776211083000
1776211085.954,185.954,0.36,4.08,0.35,11.4,0.51,5.0,0.52,10.4,0.49,5.0,0.48,10.4,0.64,4.08,0.65,11.4,0.15,0.15,0.093025,1776211084000
1776211086.415,186.415,0.36,4.08,0.35,11.4,0.51,5.0,0.52,10.4,0.49,5.0,0.48,10.4,0.64,4.08,0.65,11.4,0.15,0.15,0.093024,1776211085000
1776211086.903,186.903,0.36,4.08,0.35,11.4,0.51,5.0,0.52,10.4,0.49,5.0,0.48,10.4,0.64,4.08,0.65,11.4,0.15,0.15,0.093024,1776211086000
1776211087.97,187.97,0.36,4.08,0.35,11.4,0.51,5.0,0.52,10.4,0.49,5.0,0.48,10.4,0.64,4.08,0.65,11.4,0.15,0.15,0.093024,1776211087000
1776211089.076,189.076,0.36,4.08,0.35,11.4,0.51,5.0,0.52,10.4,0.49,5.0,0.48,10.4,0.64,4.08,0.65,11.4,0.15,0.15,0.093025,1776211088000
1776211090.026,190.026,0.36,4.08,0.35,11.4,0.51,5.0,0.52,10.4,0.49,5.0,0.48,10.4,0.64,4.08,0.65,11.4,0.15,0.15,0.093026,1776211089000
1776211091.063,191.063,0.36,4.08,0.35,11.4,0.51,5.0,0.52,10.4,0.49,5.0,0.48,10.4,0.64,4.08,0.65,11.4,0.15,0.15,0.093042,1776211090000
1776211092.038,192.038,0.36,4.08,0.35,11.4,0.51,5.0,0.52,10.4,0.49,5.0,0.48,10.4,0.64,4.08,0.65,11.4,0.15,0.15,0.093043,1776211091000
1776211093.089,193.089,0.36,4.08,0.35,11.4,0.51,5.0,0.52,10.4,0.49,5.0,0.48,10.4,0.64,4.08,0.65,11.4,0.15,0.15,0.093042,1776211092000
1776211094.054,194.054,0.36,4.08,0.35,11.4,0.51,5.0,0.52,10.4,0.49,5.0,0.48,10.4,0.64,4.08,0.65,11.4,0.15,0.15,0.093042,1776211093000
1776211095.064,195.064,0.36,4.08,0.35,11.4,0.51,5.0,0.52,10.4,0.49,5.0,0.48,10.4,0.64,4.08,0.65,11.4,0.15,0.15,0.093042,1776211094000
1776211096.027,196.027,0.36,4.08,0.35,11.4,0.51,5.0,0.52,10.4,0.49,5.0,0.48,10.4,0.64,4.08,0.65,11.4,0.15,0.15,0.093042,1776211095000
1776211097.04,197.04,0.36,4.08,0.35,11.4,0.51,5.0,0.52,10.4,0.49,5.0,0.48,10.4,0.64,4.08,0.65,11.4,0.15,0.15,0.093042,1776211096000
1776211097.953,197.953,0.36,4.08,0.35,11.4,0.51,5.0,0.52,10.4,0.49,5.0,0.48,10.4,0.64,4.08,0.65,11.4,0.15,0.15,0.093042,1776211097000
1776211099.356,199.356,0.36,4.08,0.35,11.4,0.51,5.0,0.52,10.4,0.49,5.0,0.48,10.4,0.64,4.08,0.65,11.4,0.15,0.15,0.093033,1776211098000
1776211099.919,199.919,0.36,4.08,0.35,11.4,0.51,5.0,0.52,10.4,0.49,5.0,0.48,10.4,0.64,4.08,0.65,11.4,0.15,0.15,0.093032,1776211099000
1776211100.913,200.913,0.36,4.08,0.35,11.4,0.51,5.0,0.52,10.4,0.49,5.0,0.48,10.4,0.64,4.08,0.65,11.4,0.15,0.15,0.093029,1776211100000
1776211101.953,201.953,0.36,4.08,0.35,11.4,0.51,5.0,0.52,10.4,0.49,5.0,0.48,10.4,0.64,4.08,0.65,11.4,0.15,0.15,0.09303,1776211101000
1776211103.042,203.042,0.36,4.08,0.35,11.4,0.51,5.0,0.52,10.4,0.49,5.0,0.48,10.4,0.64,4.08,0.65,11.4,0.15,0.15,0.09303,1776211102000
1776211104.158,204.158,0.36,4.08,0.35,11.4,0.51,5.0,0.52,10.4,0.49,5.0,0.48,10.4,0.64,4.08,0.65,11.4,0.15,0.15,0.09303,1776211103000
1776211105.304,205.304,0.36,4.08,0.35,11.4,0.51,5.0,0.52,10.4,0.49,5.0,0.48,10.4,0.64,4.08,0.65,11.4,0.15,0.15,0.09303,1776211104000
1776211106.299,206.299,0.36,4.08,0.35,11.4,0.51,5.0,0.52,10.4,0.49,5.0,0.48,10.4,0.64,4.08,0.65,11.4,0.15,0.15,0.093033,1776211105000
1776211106.836,206.836,0.36,4.08,0.35,11.4,0.51,5.0,0.52,10.4,0.49,5.0,0.48,10.4,0.64,4.08,0.65,11.4,0.15,0.15,0.093033,1776211106000
1776211107.923,207.923,0.36,4.08,0.35,11.4,0.51,5.0,0.52,10.4,0.49,5.0,0.48,10.4,0.64,4.08,0.65,11.4,0.15,0.15,0.093033,1776211107000
1776211108.967,208.967,0.36,4.08,0.35,11.4,0.51,5.0,0.52,10.4,0.49,5.0,0.48,10.4,0.64,4.08,0.65,11.4,0.15,0.15,0.093033,1776211108000
1776211110.038,210.038,0.36,4.08,0.35,11.4,0.51,5.0,0.52,10.4,0.49,5.0,0.48,10.4,0.64,4.08,0.65,11.4,0.15,0.15,0.093033,1776211109000
1776211111.183,211.183,0.36,4.08,0.35,11.4,0.51,5.0,0.52,10.4,0.49,5.0,0.48,10.4,0.64,4.08,0.65,11.4,0.15,0.15,0.093033,1776211110000
1776211112.863,212.863,0.36,4.08,0.35,11.4,0.51,5.0,0.52,10.4,0.49,5.0,0.48,10.4,0.64,4.08,0.65,11.4,0.15,0.15,0.093033,1776211111000
1776211113.355,213.355,0.36,4.08,0.35,11.4,0.51,5.0,0.52,10.4,0.49,5.0,0.48,10.4,0.64,4.08,0.65,11.4,0.15,0.15,0.093034,1776211112000
1776211114.07,214.07,0.36,4.08,0.35,11.4,0.51,5.0,0.52,10.4,0.49,5.0,0.48,10.4,0.64,4.08,0.65,11.4,0.15,0.15,0.093034,1776211113000
1776211115.428,215.428,0.36,4.08,0.35,11.4,0.51,5.0,0.52,10.4,0.49,5.0,0.48,10.4,0.64,4.08,0.65,11.4,0.15,0.15,0.093034,1776211114000
1776211116.07,216.07,0.36,4.08,0.35,11.4,0.51,5.0,0.52,10.4,0.49,5.0,0.48,10.4,0.64,4.08,0.65,11.4,0.15,0.15,0.093034,1776211115000
1776211117.39,217.39,0.36,4.08,0.35,11.4,0.51,5.0,0.52,10.4,0.49,5.0,0.48,10.4,0.64,4.08,0.65,11.4,0.15,0.15,0.093034,1776211116000
1776211118.04,218.04,0.36,4.08,0.35,11.4,0.51,5.0,0.52,10.4,0.49,5.0,0.48,10.4,0.64,4.08,0.65,11.4,0.15,0.15,0.093034,1776211117000
1776211119.401,219.401,0.36,4.08,0.35,11.4,0.51,5.0,0.52,10.4,0.49,5.0,0.48,10.4,0.64,4.08,0.65,11.4,0.15,0.15,0.093034,1776211118000
1776211120.477,220.477,0.36,4.08,0.35,11.4,0.51,5.0,0.52,10.4,0.49,5.0,0.48,10.4,0.64,4.08,0.65,11.4,0.15,0.15,0.093034,1776211119000
1776211121.166,221.166,0.36,4.08,0.35,11.4,0.51,5.0,0.52,10.4,0.49,5.0,0.48,10.4,0.64,4.08,0.65,11.4,0.15,0.15,0.093034,1776211120000
1776211122.493,222.493,0.36,4.08,0.35,11.4,0.51,5.0,0.52,10.4,0.49,5.0,0.48,10.4,0.64,4.08,0.65,11.4,0.15,0.15,0.093034,1776211121000
1776211123.051,223.051,0.36,4.08,0.35,11.4,0.51,5.0,0.52,10.4,0.49,5.0,0.48,10.4,0.64,4.08,0.65,11.4,0.15,0.15,0.093034,1776211122000
1776211124.362,224.362,0.36,4.08,0.35,11.4,0.51,5.0,0.52,10.4,0.49,5.0,0.48,10.4,0.64,4.08,0.65,11.4,0.15,0.15,0.093034,1776211123000
1776211125.506,225.506,0.36,4.08,0.35,11.4,0.51,5.0,0.52,10.4,0.49,5.0,0.48,10.4,0.64,4.08,0.65,11.4,0.15,0.15,0.093034,1776211124000
1776211126.176,226.176,0.36,4.08,0.35,11.4,0.51,5.0,0.52,10.4,0.49,5.0,0.48,10.4,0.64,4.08,0.65,11.4,0.15,0.15,0.093034,1776211125000
1776211127.304,227.304,0.36,4.08,0.35,11.4,0.51,5.0,0.52,10.4,0.49,5.0,0.48,10.4,0.64,4.08,0.65,11.4,0.15,0.15,0.093034,1776211126000
1776211129.114,229.114,0.36,4.08,0.35,11.4,0.51,5.0,0.52,10.4,0.49,5.0,0.48,10.4,0.64,4.08,0.65,11.4,0.15,0.15,0.093034,1776211128000
1776211131.352,231.352,0.36,4.08,0.35,11.4,0.51,5.0,0.52,10.4,0.49,5.0,0.48,10.4,0.64,4.08,0.65,11.4,0.15,0.15,0.093034,1776211129000
1776211131.921,231.921,0.36,4.08,0.35,11.4,0.51,5.0,0.52,10.4,0.49,5.0,0.48,10.4,0.64,4.08,0.65,11.4,0.15,0.15,0.093034,1776211130000
1776211132.57,232.57,0.36,4.08,0.35,11.4,0.51,5.0,0.52,10.4,0.49,5.0,0.48,10.4,0.64,4.08,0.65,11.4,0.15,0.15,0.093034,1776211131000
1776211133.357,233.357,0.36,4.08,0.35,11.4,0.51,5.0,0.52,10.4,0.49,5.0,0.48,10.4,0.64,4.08,0.65,11.4,0.15,0.15,0.093034,1776211132000
1776211134.063,234.063,0.36,4.08,0.35,11.4,0.51,5.0,0.52,10.4,0.49,5.0,0.48,10.4,0.64,4.08,0.65,11.4,0.15,0.15,0.093034,1776211133000
1776211135.596,235.596,0.36,4.08,0.35,11.4,0.51,5.0,0.52,10.4,0.49,5.0,0.48,10.4,0.64,4.08,0.65,11.4,0.15,0.15,0.093031,1776211134000
1776211135.82,235.82,0.51,10.4,0.5,10.4,0.66,6.44,0.67,11.8,0.34,6.44,0.33,11.8,0.49,10.4,0.5,10.4,0.15,0.15,0.093031,1776211134000
1776211136.295,236.295,0.51,10.4,0.5,10.4,0.66,6.44,0.67,11.8,0.34,6.44,0.33,11.8,0.49,10.4,0.5,10.4,0.15,0.15,0.093031,1776211135000
1776211137.085,237.085,0.51,10.4,0.5,10.4,0.66,6.44,0.67,11.8,0.34,6.44,0.33,11.8,0.49,10.4,0.5,10.4,0.15,0.15,0.093031,1776211136000
1776211138.121,238.121,0.26,9.48,0.25,13.9,0.51,5.0,0.61,50.0,0.34,6.44,0.33,11.8,0.49,10.4,0.5,10.4,0.25,0.15,0.093031,1776211136000
1776211138.466,238.466,0.26,5.46,0.25,13.9,0.51,55.0,0.61,50.0,0.49,55.0,0.39,50.0,0.74,5.46,0.75,13.9,0.25,0.25,0.093031,1776211137000
1776211139.132,239.132,0.26,5.46,0.25,13.9,0.51,55.0,0.61,50.0,0.49,55.0,0.39,50.0,0.74,5.46,0.75,13.9,0.25,0.25,0.093032,1776211138000
1776211140.585,240.585,0.26,5.46,0.25,13.9,0.51,55.0,0.61,50.0,0.49,55.0,0.39,50.0,0.74,5.46,0.75,13.9,0.25,0.25,0.093011,1776211139000
1776211141.241,241.241,0.26,5.46,0.25,13.9,0.51,55.0,0.61,50.0,0.49,55.0,0.39,50.0,0.74,5.46,0.75,13.9,0.25,0.25,0.093008,1776211140000
1776211142.831,242.831,0.26,5.46,0.25,13.9,0.51,55.0,0.61,50.0,0.49,55.0,0.39,50.0,0.74,5.46,0.75,13.9,0.25,0.25,0.093002,1776211141000
1776211143.541,243.541,0.26,5.46,0.25,13.9,0.51,55.0,0.61,50.0,0.49,55.0,0.39,50.0,0.74,5.46,0.75,13.9,0.25,0.25,0.092999,1776211142000
1776211144.317,244.317,0.26,5.46,0.25,13.9,0.51,55.0,0.61,50.0,0.49,55.0,0.39,50.0,0.74,5.46,0.75,13.9,0.25,0.25,0.093,1776211143000
1776211145.023,245.023,0.26,5.46,0.25,13.9,0.51,55.0,0.61,50.0,0.49,55.0,0.39,50.0,0.74,5.46,0.75,13.9,0.25,0.25,0.093008,1776211144000
1776211146.464,246.464,0.26,5.46,0.25,13.9,0.51,55.0,0.61,50.0,0.49,55.0,0.39,50.0,0.74,5.46,0.75,13.9,0.25,0.25,0.093011,1776211145000
1776211147.078,247.078,0.26,5.46,0.25,13.9,0.51,55.0,0.61,50.0,0.49,55.0,0.39,50.0,0.74,5.46,0.75,13.9,0.25,0.25,0.093012,1776211146000
1776211149.877,249.877,0.26,5.46,0.25,13.9,0.51,55.0,0.61,50.0,0.49,55.0,0.39,50.0,0.74,5.46,0.75,13.9,0.25,0.25,0.093012,1776211147000
1776211150.444,250.444,0.26,5.46,0.25,13.9,0.51,55.0,0.61,50.0,0.49,55.0,0.39,50.0,0.74,5.46,0.75,13.9,0.25,0.25,0.093012,1776211149000
1776211151.057,251.057,0.26,5.46,0.25,13.9,0.51,55.0,0.61,50.0,0.49,55.0,0.39,50.0,0.74,5.46,0.75,13.9,0.25,0.25,0.093012,1776211150000
1776211152.082,252.082,0.26,5.46,0.25,13.9,0.51,55.0,0.61,50.0,0.49,55.0,0.39,50.0,0.74,5.46,0.75,13.9,0.25,0.25,0.093012,1776211151000
1776211152.322,252.322,0.31,44.18,0.28,12.9,0.46,10.5,0.47,10.4,0.49,55.0,0.39,50.0,0.74,5.46,0.75,13.9,0.15,0.25,0.093012,1776211151000
1776211153.308,253.308,0.31,44.18,0.28,12.9,0.46,10.5,0.47,10.4,0.54,10.5,0.53,10.4,0.69,44.18,0.72,12.9,0.15,0.15,0.093012,1776211152000
1776211154.181,254.181,0.31,44.18,0.28,12.9,0.46,10.5,0.47,10.4,0.54,10.5,0.53,10.4,0.69,44.18,0.72,12.9,0.15,0.15,0.093011,1776211153000
1776211154.431,254.431,0.31,24.54,0.3,12.4,0.45,10.5,0.46,10.5,0.54,10.5,0.53,10.4,0.69,44.18,0.72,12.9,0.14,0.15,0.093011,1776211153000
1776211155.209,255.209,0.31,24.54,0.3,12.4,0.45,10.5,0.46,10.5,0.55,10.5,0.54,10.5,0.69,24.54,0.7,12.4,0.14,0.14,0.093012,1776211154000
1776211156.286,256.286,0.31,24.54,0.3,12.4,0.45,10.5,0.46,10.5,0.55,10.5,0.54,10.5,0.69,24.54,0.7,12.4,0.14,0.14,0.093012,1776211155000
1776211157.286,257.286,0.31,24.54,0.3,12.4,0.45,10.5,0.46,10.5,0.55,10.5,0.54,10.5,0.69,24.54,0.7,12.4,0.14,0.14,0.093012,1776211156000
1776211158.184,258.184,0.31,24.54,0.3,12.4,0.45,10.5,0.46,10.5,0.55,10.5,0.54,10.5,0.69,24.54,0.7,12.4,0.14,0.14,0.093015,1776211157000
1776211159.226,259.226,0.31,24.54,0.3,12.4,0.45,10.5,0.46,10.5,0.55,10.5,0.54,10.5,0.69,24.54,0.7,12.4,0.14,0.14,0.093017,1776211158000
1776211160.212,260.212,0.31,24.54,0.3,12.4,0.45,10.5,0.46,10.5,0.55,10.5,0.54,10.5,0.69,24.54,0.7,12.4,0.14,0.14,0.093017,1776211159000
1776211161.185,261.185,0.31,24.54,0.3,12.4,0.45,10.5,0.46,10.5,0.55,10.5,0.54,10.5,0.69,24.54,0.7,12.4,0.14,0.14,0.093018,1776211160000
1776211162.234,262.234,0.31,24.54,0.3,12.4,0.45,10.5,0.46,10.5,0.55,10.5,0.54,10.5,0.69,24.54,0.7,12.4,0.14,0.14,0.093019,1776211161000
1776211163.815,263.815,0.31,24.54,0.3,12.4,0.45,10.5,0.46,10.5,0.55,10.5,0.54,10.5,0.69,24.54,0.7,12.4,0.14,0.14,0.093018,1776211162000
1776211164.27,264.27,0.31,24.54,0.3,12.4,0.45,10.5,0.46,10.5,0.55,10.5,0.54,10.5,0.69,24.54,0.7,12.4,0.14,0.14,0.093018,1776211163000
1776211164.591,264.591,0.31,12.27,0.29,12.6,0.41,50.0,0.44,10.6,0.55,10.5,0.54,10.5,0.69,24.54,0.7,12.4,0.1,0.14,0.093018,1776211163000
1776211165.226,265.226,0.31,12.27,0.29,12.6,0.41,50.0,0.44,10.6,0.59,50.0,0.56,10.6,0.69,12.27,0.71,12.6,0.1,0.1,0.093018,1776211164000
1776211166.186,266.186,0.31,12.27,0.29,12.6,0.41,50.0,0.44,10.6,0.59,50.0,0.56,10.6,0.69,12.27,0.71,12.6,0.1,0.1,0.093019,1776211165000
1776211167.224,267.224,0.31,12.27,0.29,12.6,0.41,50.0,0.44,10.6,0.59,50.0,0.56,10.6,0.69,12.27,0.71,12.6,0.1,0.1,0.093023,1776211166000
1776211168.232,268.232,0.31,12.27,0.29,12.6,0.41,50.0,0.44,10.6,0.59,50.0,0.56,10.6,0.69,12.27,0.71,12.6,0.1,0.1,0.093023,1776211167000
1776211169.233,269.233,0.31,12.27,0.29,12.6,0.41,50.0,0.44,10.6,0.59,50.0,0.56,10.6,0.69,12.27,0.71,12.6,0.1,0.1,0.093022,1776211168000
1776211170.256,270.256,0.31,12.27,0.29,12.6,0.41,50.0,0.44,10.6,0.59,50.0,0.56,10.6,0.69,12.27,0.71,12.6,0.1,0.1,0.093022,1776211169000
1776211171.278,271.278,0.31,12.27,0.29,12.6,0.41,50.0,0.44,10.6,0.59,50.0,0.56,10.6,0.69,12.27,0.71,12.6,0.1,0.1,0.093022,1776211170000
1776211172.176,272.176,0.31,12.27,0.29,12.6,0.41,50.0,0.44,10.6,0.59,50.0,0.56,10.6,0.69,12.27,0.71,12.6,0.1,0.1,0.093023,1776211171000
1776211173.249,273.249,0.31,12.27,0.29,12.6,0.41,50.0,0.44,10.6,0.59,50.0,0.56,10.6,0.69,12.27,0.71,12.6,0.1,0.1,0.093022,1776211172000
1776211174.213,274.213,0.31,12.27,0.29,12.6,0.41,50.0,0.44,10.6,0.59,50.0,0.56,10.6,0.69,12.27,0.71,12.6,0.1,0.1,0.093021,1776211173000
1776211174.432,274.432,0.35,7.5,0.34,11.6,0.41,50.0,0.49,10.4,0.59,50.0,0.56,10.6,0.69,12.27,0.71,12.6,0.06,0.1,0.093021,1776211173000
1776211175.204,275.204,0.35,7.5,0.34,11.6,0.41,50.0,0.49,10.4,0.59,50.0,0.51,10.4,0.65,7.5,0.66,11.6,0.06,0.06,0.093021,1776211174000
1776211176.676,276.676,0.35,7.5,0.34,11.6,0.41,50.0,0.49,10.4,0.59,50.0,0.51,10.4,0.65,7.5,0.66,11.6,0.06,0.06,0.093021,1776211175000
1776211177.11,277.11,0.35,7.5,0.34,11.6,0.41,50.0,0.49,10.4,0.59,50.0,0.51,10.4,0.65,7.5,0.66,11.6,0.06,0.06,0.093022,1776211176000
1776211177.428,277.428,0.35,2.0,0.31,12.27,0.41,50.0,0.51,50.0,0.59,50.0,0.51,10.4,0.65,7.5,0.66,11.6,0.06,0.06,0.093022,1776211176000
1776211178.329,278.329,0.35,2.0,0.31,12.27,0.41,50.0,0.51,50.0,0.59,50.0,0.49,50.0,0.65,2.0,0.69,12.27,0.06,0.06,0.093021,1776211177000
1776211179.099,279.099,0.35,2.0,0.31,12.27,0.41,50.0,0.51,50.0,0.59,50.0,0.49,50.0,0.65,2.0,0.69,12.27,0.06,0.06,0.093022,1776211178000
1776211180.247,280.247,0.35,2.0,0.31,12.27,0.41,50.0,0.51,50.0,0.59,50.0,0.49,50.0,0.65,2.0,0.69,12.27,0.06,0.06,0.093021,1776211179000
1776211181.089,281.089,0.35,2.0,0.31,12.27,0.41,50.0,0.51,50.0,0.59,50.0,0.49,50.0,0.65,2.0,0.69,12.27,0.06,0.06,0.093021,1776211180000
1776211182.243,282.243,0.35,2.0,0.31,12.27,0.41,50.0,0.51,50.0,0.59,50.0,0.49,50.0,0.65,2.0,0.69,12.27,0.06,0.06,0.093021,1776211181000
1776211183.144,283.144,0.35,2.0,0.31,12.27,0.41,50.0,0.51,50.0,0.59,50.0,0.49,50.0,0.65,2.0,0.69,12.27,0.06,0.06,0.093021,1776211182000
1776211184.175,284.175,0.35,2.0,0.31,12.27,0.41,50.0,0.51,50.0,0.59,50.0,0.49,50.0,0.65,2.0,0.69,12.27,0.06,0.06,0.093021,1776211183000
1776211185.123,285.123,0.35,2.0,0.31,12.27,0.41,50.0,0.51,50.0,0.59,50.0,0.49,50.0,0.65,2.0,0.69,12.27,0.06,0.06,0.093021,1776211184000
1776211186.222,286.222,0.12,7.0,0.11,50.0,0.27,19.73,0.41,50.0,0.73,19.73,0.59,50.0,0.88,7.0,0.89,50.0,0.15,0.15,0.093019,1776211185000
1776211187.244,287.244,0.12,7.0,0.11,50.0,0.27,19.73,0.41,50.0,0.73,19.73,0.59,50.0,0.88,7.0,0.89,50.0,0.15,0.15,0.09302,1776211186000
1776211188.193,288.193,0.12,4.39,0.11,50.0,0.27,19.73,0.41,50.0,0.73,19.73,0.59,50.0,0.88,4.39,0.89,50.0,0.15,0.15,0.093019,1776211187000
1776211189.824,289.824,0.12,4.39,0.11,50.0,0.27,19.73,0.41,50.0,0.73,19.73,0.59,50.0,0.88,4.39,0.89,50.0,0.15,0.15,0.093021,1776211188000
1776211190.382,290.382,0.12,4.39,0.11,50.0,0.27,19.73,0.41,50.0,0.73,19.73,0.59,50.0,0.88,4.39,0.89,50.0,0.15,0.15,0.093021,1776211189000
1776211190.878,290.878,0.12,4.39,0.11,50.0,0.27,19.73,0.41,50.0,0.73,19.73,0.59,50.0,0.88,4.39,0.89,50.0,0.15,0.15,0.093021,1776211190000
1776211192.024,292.024,0.12,4.39,0.11,50.0,0.27,19.73,0.41,50.0,0.73,19.73,0.59,50.0,0.88,4.39,0.89,50.0,0.15,0.15,0.093021,1776211191000
1776211192.365,292.365,0.04,105.0,0.02,15.0,0.31,50.0,0.41,50.0,0.73,19.73,0.59,50.0,0.88,4.39,0.89,50.0,0.27,0.15,0.093021,1776211191000
1776211193.241,293.241,0.04,105.0,0.02,15.0,0.31,50.0,0.41,50.0,0.69,50.0,0.59,50.0,0.96,105.0,0.98,15.0,0.27,0.27,0.093022,1776211192000
1776211194.318,294.318,0.04,105.0,0.02,15.0,0.31,50.0,0.41,50.0,0.69,50.0,0.59,50.0,0.96,105.0,0.98,15.0,0.27,0.27,0.093021,1776211193000
1776211195.002,295.002,0.04,105.0,0.02,15.0,0.31,50.0,0.41,50.0,0.69,50.0,0.59,50.0,0.96,105.0,0.98,15.0,0.27,0.27,0.093021,1776211194000
1776211196.112,296.112,0.04,105.0,0.02,15.0,0.31,50.0,0.41,50.0,0.69,50.0,0.59,50.0,0.96,105.0,0.98,15.0,0.27,0.27,0.093022,1776211195000
1776211196.458,296.458,0.1,13.78,0.04,42.0,0.21,50.0,0.31,50.0,0.69,50.0,0.59,50.0,0.96,105.0,0.98,15.0,0.11,0.27,0.093022,1776211195000
1776211197.232,297.232,0.1,10.48,0.04,42.0,0.11,50.0,0.21,50.0,0.79,50.0,0.69,50.0,0.9,13.78,0.96,42.0,0.01,0.11,0.093022,1776211195000
1776211198.023,298.023,0.04,18.17,0.02,15.0,0.11,50.0,0.21,50.0,0.89,50.0,0.79,50.0,0.96,28.17,0.98,15.0,0.07,0.07,0.093021,1776211196000
1776211198.301,298.301,0.04,13.17,0.02,15.0,0.11,50.0,0.21,50.0,0.89,50.0,0.79,50.0,0.96,13.17,0.98,15.0,0.07,0.07,0.093021,1776211197000
1776211198.531,298.531,0.01,57.06,,,0.11,23.0,0.21,50.0,0.89,23.0,0.79,50.0,0.96,12.06,0.98,20.0,0.1,0.07,0.093021,1776211197000
1776211198.783,298.783,0.01,31.8,,,0.11,23.0,0.21,50.0,0.89,23.0,0.79,50.0,0.99,36.85,,,0.1,0.1,0.093021,1776211197000
1776211199.414,299.414,,,,,0.01,8.6,0.11,23.0,0.99,8.6,0.89,23.0,,,,,,,0.09301,1776211198000
1776211199.985,299.985,,,,,0.01,8.6,0.11,23.0,0.99,8.6,0.89,23.0,,,,,,,0.09301,1776211199000
1776211201.111,301.111,,,,,0.01,8558.99,0.2,5.0,0.99,8558.99,0.8,5.0,,,,,,,0.093013,1776211200000
1776211202.198,302.198,,,,,0.01,8558.99,0.2,5.0,0.99,8558.99,0.8,5.0,,,,,,,0.093015,1776211201000

# RESULT,winner=Down,slug=doge-updown-5m-1776210900,ticks=309
