timestamp,elapsed_sec,up_bid_p1,up_bid_s1,up_bid_p2,up_bid_s2,up_ask_p1,up_ask_s1,up_ask_p2,up_ask_s2,down_bid_p1,down_bid_s1,down_bid_p2,down_bid_s2,down_ask_p1,down_ask_s1,down_ask_p2,down_ask_s2,up_spread,down_spread,doge_price,doge_oracle_ts
1776231011.177,11.177,,,,,,,,,,,,,,,,,,,0.093348,1776231010000
1776231011.391,11.391,0.38,10.0,0.33,20.0,0.49,10.0,0.54,20.0,0.51,10.0,0.46,20.0,0.62,10.0,0.67,20.0,0.11,0.11,0.093348,1776231010000
1776231011.686,11.686,0.38,10.0,0.33,20.0,0.49,10.0,0.54,20.0,0.51,10.0,0.46,20.0,0.62,10.0,0.67,20.0,0.11,0.11,0.093348,1776231010000
1776231012.468,12.468,0.38,6.52,0.33,20.0,0.49,10.0,0.54,20.0,0.51,10.0,0.46,20.0,0.62,6.52,0.67,20.0,0.11,0.11,0.093348,1776231011000
1776231013.173,13.173,0.38,6.52,0.33,20.0,0.49,10.0,0.54,20.0,0.51,10.0,0.46,20.0,0.62,6.52,0.67,20.0,0.11,0.11,0.093348,1776231012000
1776231014.525,14.525,0.38,6.52,0.33,20.0,0.49,10.0,0.54,20.0,0.51,10.0,0.46,20.0,0.62,6.52,0.67,20.0,0.11,0.11,0.093347,1776231013000
1776231015.215,15.215,0.38,6.52,0.33,20.0,0.49,10.0,0.54,20.0,0.51,10.0,0.46,20.0,0.62,6.52,0.67,20.0,0.11,0.11,0.093347,1776231014000
1776231016.604,16.604,0.38,6.52,0.33,20.0,0.49,10.0,0.54,20.0,0.51,10.0,0.46,20.0,0.62,6.52,0.67,20.0,0.11,0.11,0.093347,1776231015000
1776231017.28,17.28,0.38,6.52,0.33,20.0,0.49,10.0,0.54,20.0,0.51,10.0,0.46,20.0,0.62,6.52,0.67,20.0,0.11,0.11,0.093347,1776231016000
1776231018.618,18.618,0.38,6.52,0.33,20.0,0.49,10.0,0.54,20.0,0.51,10.0,0.46,20.0,0.62,6.52,0.67,20.0,0.11,0.11,0.093348,1776231017000
1776231019.284,19.284,0.38,6.52,0.33,20.0,0.49,10.0,0.54,20.0,0.51,10.0,0.46,20.0,0.62,6.52,0.67,20.0,0.11,0.11,0.093348,1776231018000
1776231020.665,20.665,0.38,6.52,0.33,20.0,0.49,10.0,0.54,20.0,0.51,10.0,0.46,20.0,0.62,6.52,0.67,20.0,0.11,0.11,0.093347,1776231019000
1776231021.348,21.348,0.38,6.52,0.33,20.0,0.49,10.0,0.54,20.0,0.51,10.0,0.46,20.0,0.62,6.52,0.67,20.0,0.11,0.11,0.093347,1776231020000
1776231022.13,22.13,0.38,6.52,0.33,20.0,0.49,10.0,0.54,20.0,0.51,10.0,0.46,20.0,0.62,6.52,0.67,20.0,0.11,0.11,0.093346,1776231021000
1776231023.345,23.345,0.38,6.52,0.33,20.0,0.49,10.0,0.54,20.0,0.51,10.0,0.46,20.0,0.62,6.52,0.67,20.0,0.11,0.11,0.093343,1776231022000
1776231024.73,24.73,0.38,6.52,0.33,20.0,0.49,10.0,0.54,20.0,0.51,10.0,0.46,20.0,0.62,6.52,0.67,20.0,0.11,0.11,0.093341,1776231023000
1776231025.52,25.52,0.38,6.52,0.33,20.0,0.49,10.0,0.54,20.0,0.51,10.0,0.46,20.0,0.62,6.52,0.67,20.0,0.11,0.11,0.093342,1776231024000
1776231026.224,26.224,0.38,6.52,0.33,20.0,0.49,10.0,0.54,20.0,0.51,10.0,0.46,20.0,0.62,6.52,0.67,20.0,0.11,0.11,0.093342,1776231025000
1776231027.738,27.738,0.38,6.52,0.33,20.0,0.49,10.0,0.54,20.0,0.51,10.0,0.46,20.0,0.62,6.52,0.67,20.0,0.11,0.11,0.093352,1776231026000
1776231028.324,28.324,0.38,6.52,0.33,20.0,0.49,10.0,0.54,20.0,0.51,10.0,0.46,20.0,0.62,6.52,0.67,20.0,0.11,0.11,0.093347,1776231027000
1776231029.133,29.133,0.38,6.52,0.33,20.0,0.49,10.0,0.54,20.0,0.51,10.0,0.46,20.0,0.62,6.52,0.67,20.0,0.11,0.11,0.093348,1776231028000
1776231030.469,30.469,0.38,6.52,0.33,20.0,0.49,10.0,0.54,20.0,0.51,10.0,0.46,20.0,0.62,6.52,0.67,20.0,0.11,0.11,0.093349,1776231029000
1776231031.115,31.115,0.38,6.52,0.33,20.0,0.49,10.0,0.54,20.0,0.51,10.0,0.46,20.0,0.62,6.52,0.67,20.0,0.11,0.11,0.093349,1776231030000
1776231032.435,32.435,0.38,6.52,0.33,20.0,0.49,10.0,0.54,20.0,0.51,10.0,0.46,20.0,0.62,6.52,0.67,20.0,0.11,0.11,0.093353,1776231031000
1776231033.158,33.158,0.38,6.52,0.33,20.0,0.49,10.0,0.54,20.0,0.51,10.0,0.46,20.0,0.62,6.52,0.67,20.0,0.11,0.11,0.093354,1776231032000
1776231034.413,34.413,0.38,6.52,0.33,20.0,0.49,10.0,0.54,20.0,0.51,10.0,0.46,20.0,0.62,6.52,0.67,20.0,0.11,0.11,0.093354,1776231033000
1776231034.613,34.613,0.46,5.0,0.41,10.0,0.49,5.0,0.52,10.0,0.51,5.0,0.48,10.0,0.53,5.0,0.54,5.0,0.03,0.02,0.093354,1776231033000
1776231035.064,35.064,0.46,5.0,0.41,10.0,0.49,5.0,0.52,10.0,0.51,5.0,0.48,10.0,0.54,5.0,0.59,10.0,0.03,0.03,0.093354,1776231034000
1776231036.234,36.234,0.46,5.0,0.41,10.0,0.49,5.0,0.52,10.0,0.51,5.0,0.48,10.0,0.54,5.0,0.59,10.0,0.03,0.03,0.093364,1776231035000
1776231036.984,36.984,0.46,5.0,0.41,10.0,0.49,5.0,0.52,10.0,0.51,5.0,0.48,10.0,0.54,5.0,0.59,10.0,0.03,0.03,0.093365,1776231036000
1776231038.212,38.212,0.46,5.0,0.41,10.0,0.49,5.0,0.52,10.0,0.51,5.0,0.48,10.0,0.54,5.0,0.59,10.0,0.03,0.03,0.093367,1776231037000
1776231039.506,39.506,0.46,5.0,0.41,10.0,0.49,5.0,0.52,10.0,0.51,5.0,0.48,10.0,0.54,5.0,0.59,10.0,0.03,0.03,0.093367,1776231038000
1776231040.561,40.561,0.46,5.0,0.41,10.0,0.49,5.0,0.52,10.0,0.51,5.0,0.48,10.0,0.54,5.0,0.59,10.0,0.03,0.03,0.09337,1776231039000
1776231041.632,41.632,0.46,5.0,0.41,10.0,0.49,5.0,0.52,10.0,0.51,5.0,0.48,10.0,0.54,5.0,0.59,10.0,0.03,0.03,0.093373,1776231040000
1776231042.36,42.36,0.46,5.0,0.41,10.0,0.49,5.0,0.52,10.0,0.51,5.0,0.48,10.0,0.54,5.0,0.59,10.0,0.03,0.03,0.093373,1776231041000
1776231043.456,43.456,0.46,5.0,0.41,10.0,0.49,5.0,0.52,10.0,0.51,5.0,0.48,10.0,0.54,5.0,0.59,10.0,0.03,0.03,0.093379,1776231042000
1776231044.084,44.084,0.46,5.0,0.41,10.0,0.49,5.0,0.52,10.0,0.51,5.0,0.48,10.0,0.54,5.0,0.59,10.0,0.03,0.03,0.093381,1776231043000
1776231045.246,45.246,0.46,5.0,0.41,10.0,0.49,5.0,0.52,10.0,0.51,5.0,0.48,10.0,0.54,5.0,0.59,10.0,0.03,0.03,0.09338,1776231044000
1776231046.549,46.549,0.46,5.0,0.41,10.0,0.49,5.0,0.52,10.0,0.51,5.0,0.48,10.0,0.54,5.0,0.59,10.0,0.03,0.03,0.093381,1776231045000
1776231047.108,47.108,0.46,5.0,0.41,10.0,0.49,5.0,0.52,10.0,0.51,5.0,0.48,10.0,0.54,5.0,0.59,10.0,0.03,0.03,0.093381,1776231046000
1776231048.237,48.237,0.46,5.0,0.41,10.0,0.49,5.0,0.52,10.0,0.51,5.0,0.48,10.0,0.54,5.0,0.59,10.0,0.03,0.03,0.093382,1776231047000
1776231049.348,49.348,0.46,5.0,0.41,10.0,0.49,5.0,0.52,10.0,0.51,5.0,0.48,10.0,0.54,5.0,0.59,10.0,0.03,0.03,0.093383,1776231048000
1776231049.948,49.948,0.46,5.0,0.41,10.0,0.49,5.0,0.52,10.0,0.51,5.0,0.48,10.0,0.54,5.0,0.59,10.0,0.03,0.03,0.093384,1776231049000
1776231051.047,51.047,0.46,5.0,0.41,10.0,0.49,5.0,0.52,10.0,0.51,5.0,0.48,10.0,0.54,5.0,0.59,10.0,0.03,0.03,0.093383,1776231050000
1776231052.283,52.283,0.46,5.0,0.41,10.0,0.49,5.0,0.52,10.0,0.51,5.0,0.48,10.0,0.54,5.0,0.59,10.0,0.03,0.03,0.093383,1776231051000
1776231053.431,53.431,0.46,5.0,0.41,10.0,0.49,5.0,0.52,10.0,0.51,5.0,0.48,10.0,0.54,5.0,0.59,10.0,0.03,0.03,0.093381,1776231052000
1776231054.095,54.095,0.46,5.0,0.41,10.0,0.49,5.0,0.52,10.0,0.51,5.0,0.48,10.0,0.54,5.0,0.59,10.0,0.03,0.03,0.093381,1776231053000
1776231055.371,55.371,0.46,5.0,0.41,10.0,0.49,5.0,0.52,10.0,0.51,5.0,0.48,10.0,0.54,5.0,0.59,10.0,0.03,0.03,0.093374,1776231054000
1776231056.743,56.743,0.46,5.0,0.41,10.0,0.49,5.0,0.52,10.0,0.51,5.0,0.48,10.0,0.54,5.0,0.59,10.0,0.03,0.03,0.093371,1776231055000
1776231057.975,57.975,0.46,5.0,0.41,10.0,0.49,5.0,0.52,10.0,0.51,5.0,0.48,10.0,0.54,5.0,0.59,10.0,0.03,0.03,0.093371,1776231056000
1776231058.912,58.912,0.46,5.0,0.41,10.0,0.49,5.0,0.52,10.0,0.51,5.0,0.48,10.0,0.54,5.0,0.59,10.0,0.03,0.03,0.093372,1776231057000
1776231059.896,59.896,0.46,5.0,0.41,10.0,0.49,5.0,0.52,10.0,0.51,5.0,0.48,10.0,0.54,5.0,0.59,10.0,0.03,0.03,0.093372,1776231058000
1776231060.722,60.722,0.46,5.0,0.41,10.0,0.49,5.0,0.52,10.0,0.51,5.0,0.48,10.0,0.54,5.0,0.59,10.0,0.03,0.03,0.093371,1776231059000
1776231061.616,61.616,0.46,5.0,0.41,10.0,0.49,5.0,0.52,10.0,0.51,5.0,0.48,10.0,0.54,5.0,0.59,10.0,0.03,0.03,0.093371,1776231060000
1776231062.074,62.074,0.46,0.74,0.41,10.0,0.56,6.0,0.57,5.0,0.51,5.0,0.48,10.0,0.54,5.0,0.59,10.0,0.1,0.03,0.093371,1776231060000
1776231062.313,62.313,0.46,0.74,0.41,10.0,0.56,6.0,0.57,5.0,0.44,6.0,0.43,5.0,0.54,0.74,0.59,10.0,0.1,0.1,0.093372,1776231061000
1776231063.144,63.144,0.46,0.74,0.41,10.0,0.56,6.0,0.57,5.0,0.44,6.0,0.43,5.0,0.54,0.74,0.59,10.0,0.1,0.1,0.093372,1776231062000
1776231064.796,64.796,0.46,0.74,0.41,10.0,0.56,6.0,0.57,5.0,0.44,6.0,0.43,5.0,0.54,0.74,0.59,10.0,0.1,0.1,0.093371,1776231063000
1776231065.652,65.652,0.46,0.74,0.41,10.0,0.56,6.0,0.57,5.0,0.44,6.0,0.43,5.0,0.54,0.74,0.59,10.0,0.1,0.1,0.093368,1776231064000
1776231066.48,66.48,0.46,0.74,0.41,10.0,0.56,6.0,0.57,5.0,0.44,6.0,0.43,5.0,0.54,0.74,0.59,10.0,0.1,0.1,0.093359,1776231065000
1776231067.24,67.24,0.46,0.74,0.41,10.0,0.56,6.0,0.57,5.0,0.44,6.0,0.43,5.0,0.54,0.74,0.59,10.0,0.1,0.1,0.093359,1776231066000
1776231068.749,68.749,0.46,0.74,0.41,10.0,0.56,6.0,0.57,5.0,0.44,6.0,0.43,5.0,0.54,0.74,0.59,10.0,0.1,0.1,0.093362,1776231067000
1776231069.486,69.486,0.46,0.74,0.41,10.0,0.56,6.0,0.57,5.0,0.44,6.0,0.43,5.0,0.54,0.74,0.59,10.0,0.1,0.1,0.093361,1776231068000
1776231070.195,70.195,0.46,0.74,0.41,10.0,0.56,6.0,0.57,5.0,0.44,6.0,0.43,5.0,0.54,0.74,0.59,10.0,0.1,0.1,0.093361,1776231069000
1776231071.61,71.61,0.46,0.74,0.41,10.0,0.56,6.0,0.57,5.0,0.44,6.0,0.43,5.0,0.54,0.74,0.59,10.0,0.1,0.1,0.093366,1776231070000
1776231072.326,72.326,0.46,0.74,0.41,10.0,0.56,6.0,0.57,5.0,0.44,6.0,0.43,5.0,0.54,0.74,0.59,10.0,0.1,0.1,0.093355,1776231071000
1776231073.409,73.409,0.38,5.0,0.35,10.0,0.4,5.0,0.43,10.0,0.44,6.0,0.43,5.0,0.54,0.74,0.59,10.0,0.02,0.1,0.093355,1776231071000
1776231073.923,73.923,0.38,5.0,0.35,10.0,0.4,5.0,0.43,10.0,0.6,5.0,0.57,10.0,0.62,5.0,0.65,10.0,0.02,0.02,0.093347,1776231072000
1776231074.764,74.764,0.38,5.0,0.35,10.0,0.4,5.0,0.43,10.0,0.6,5.0,0.57,10.0,0.62,5.0,0.65,10.0,0.02,0.02,0.09334,1776231073000
1776231075.42,75.42,0.38,5.0,0.35,10.0,0.4,5.0,0.43,10.0,0.6,5.0,0.57,10.0,0.62,5.0,0.65,10.0,0.02,0.02,0.093332,1776231074000
1776231076.089,76.089,0.38,5.0,0.35,10.0,0.4,5.0,0.43,10.0,0.6,5.0,0.57,10.0,0.62,5.0,0.65,10.0,0.02,0.02,0.093328,1776231075000
1776231076.445,76.445,0.35,10.0,0.32,11.0,0.39,16.0,0.4,5.0,0.6,5.0,0.57,10.0,0.62,5.0,0.65,10.0,0.04,0.02,0.093328,1776231075000
1776231077.395,77.395,0.35,10.0,0.32,11.0,0.39,16.0,0.4,5.0,0.61,16.0,0.6,5.0,0.65,10.0,0.68,11.0,0.04,0.04,0.093328,1776231076000
1776231078.248,78.248,0.35,10.0,0.32,11.0,0.39,16.0,0.4,5.0,0.61,16.0,0.6,5.0,0.65,10.0,0.68,11.0,0.04,0.04,0.093327,1776231077000
1776231078.479,78.479,0.28,7.9,0.27,13.2,0.39,16.0,0.4,5.0,0.61,16.0,0.6,5.0,0.65,10.0,0.68,11.0,0.11,0.04,0.093327,1776231077000
1776231079.233,79.233,0.28,7.9,0.27,13.2,0.39,16.0,0.4,5.0,0.61,16.0,0.6,5.0,0.72,7.9,0.73,13.2,0.11,0.11,0.093327,1776231078000
1776231080.226,80.226,0.28,7.9,0.27,13.2,0.39,16.0,0.4,5.0,0.61,16.0,0.6,5.0,0.72,7.9,0.73,13.2,0.11,0.11,0.093325,1776231079000
1776231081.212,81.212,0.28,7.9,0.27,13.2,0.39,16.0,0.4,5.0,0.61,16.0,0.6,5.0,0.72,7.9,0.73,13.2,0.11,0.11,0.093325,1776231080000
1776231082.319,82.319,0.28,7.9,0.27,13.2,0.39,16.0,0.4,5.0,0.61,16.0,0.6,5.0,0.72,7.9,0.73,13.2,0.11,0.11,0.093325,1776231081000
1776231082.854,82.854,0.28,7.9,0.27,13.2,0.39,16.0,0.4,5.0,0.61,16.0,0.6,5.0,0.72,7.9,0.73,13.2,0.11,0.11,0.093325,1776231082000
1776231083.924,83.924,0.28,7.9,0.27,13.2,0.39,16.0,0.4,5.0,0.61,16.0,0.6,5.0,0.72,7.9,0.73,13.2,0.11,0.11,0.093325,1776231083000
1776231084.872,84.872,0.28,7.9,0.27,13.2,0.39,16.0,0.4,5.0,0.61,16.0,0.6,5.0,0.72,7.9,0.73,13.2,0.11,0.11,0.093325,1776231084000
1776231086.008,86.008,0.28,7.9,0.27,13.2,0.39,16.0,0.4,5.0,0.61,16.0,0.6,5.0,0.72,7.9,0.73,13.2,0.11,0.11,0.093326,1776231085000
1776231086.464,86.464,0.29,12.6,0.28,7.9,0.34,6.0,0.35,5.0,0.61,16.0,0.6,5.0,0.72,7.9,0.73,13.2,0.05,0.11,0.093326,1776231085000
1776231087.112,87.112,0.29,12.6,0.28,7.9,0.34,6.0,0.35,5.0,0.66,6.0,0.65,5.0,0.71,12.6,0.72,7.9,0.05,0.05,0.093329,1776231086000
1776231088.194,88.194,0.29,12.6,0.28,7.9,0.34,6.0,0.35,5.0,0.66,6.0,0.65,5.0,0.71,12.6,0.72,7.9,0.05,0.05,0.093331,1776231087000
1776231089.219,89.219,0.29,12.6,0.28,7.9,0.34,6.0,0.35,5.0,0.66,6.0,0.65,5.0,0.71,12.6,0.72,7.9,0.05,0.05,0.093329,1776231088000
1776231090.837,90.837,0.29,12.6,0.28,7.9,0.34,6.0,0.35,5.0,0.66,6.0,0.65,5.0,0.71,12.6,0.72,7.9,0.05,0.05,0.093327,1776231089000
1776231091.405,91.405,0.29,12.6,0.28,7.9,0.34,6.0,0.35,5.0,0.66,6.0,0.65,5.0,0.71,12.6,0.72,7.9,0.05,0.05,0.093328,1776231090000
1776231091.935,91.935,0.29,12.6,0.28,7.9,0.34,6.0,0.35,5.0,0.66,6.0,0.65,5.0,0.71,12.6,0.72,7.9,0.05,0.05,0.093328,1776231091000
1776231092.985,92.985,0.29,12.6,0.28,7.9,0.34,6.0,0.35,5.0,0.66,6.0,0.65,5.0,0.71,12.6,0.72,7.9,0.05,0.05,0.093328,1776231092000
1776231093.89,93.89,0.28,7.9,0.27,13.2,0.35,5.0,0.39,20.0,0.66,6.0,0.65,5.0,0.71,12.6,0.72,7.9,0.07,0.05,0.093328,1776231092000
1776231095.028,95.028,0.28,7.9,0.27,13.2,0.35,5.0,0.39,20.0,0.65,5.0,0.61,20.0,0.72,7.9,0.73,13.2,0.07,0.07,0.093328,1776231094000
1776231096.062,96.062,0.28,7.9,0.27,13.2,0.35,5.0,0.39,20.0,0.65,5.0,0.61,20.0,0.72,7.9,0.73,13.2,0.07,0.07,0.093328,1776231095000
1776231097.017,97.017,0.28,7.9,0.27,13.2,0.35,5.0,0.39,20.0,0.65,5.0,0.61,20.0,0.72,7.9,0.73,13.2,0.07,0.07,0.093328,1776231096000
1776231098.108,98.108,0.28,7.9,0.27,13.2,0.35,5.0,0.39,20.0,0.65,5.0,0.61,20.0,0.72,7.9,0.73,13.2,0.07,0.07,0.093328,1776231097000
1776231099.202,99.202,0.28,7.9,0.27,13.2,0.35,5.0,0.39,20.0,0.65,5.0,0.61,20.0,0.72,7.9,0.73,13.2,0.07,0.07,0.093329,1776231098000
1776231100.193,100.193,0.28,7.9,0.27,13.2,0.35,5.0,0.39,20.0,0.65,5.0,0.61,20.0,0.72,7.9,0.73,13.2,0.07,0.07,0.093328,1776231099000
1776231101.178,101.178,0.28,7.9,0.27,13.2,0.35,5.0,0.39,20.0,0.65,5.0,0.61,20.0,0.72,7.9,0.73,13.2,0.07,0.07,0.093327,1776231100000
1776231102.229,102.229,0.28,7.9,0.27,13.2,0.35,5.0,0.39,20.0,0.65,5.0,0.61,20.0,0.72,7.9,0.73,13.2,0.07,0.07,0.093328,1776231101000
1776231103.189,103.189,0.28,7.9,0.27,13.2,0.35,5.0,0.39,20.0,0.65,5.0,0.61,20.0,0.72,7.9,0.73,13.2,0.07,0.07,0.093329,1776231102000
1776231104.276,104.276,0.28,7.9,0.27,13.2,0.35,5.0,0.39,20.0,0.65,5.0,0.61,20.0,0.72,7.9,0.73,13.2,0.07,0.07,0.093329,1776231103000
1776231105.524,105.524,0.28,7.9,0.27,13.2,0.35,5.0,0.39,20.0,0.65,5.0,0.61,20.0,0.72,7.9,0.73,13.2,0.07,0.07,0.093329,1776231104000
1776231106.175,106.175,0.28,7.9,0.27,13.2,0.35,5.0,0.39,20.0,0.65,5.0,0.61,20.0,0.72,7.9,0.73,13.2,0.07,0.07,0.093331,1776231105000
1776231107.49,107.49,0.28,7.9,0.27,13.2,0.35,5.0,0.39,20.0,0.65,5.0,0.61,20.0,0.72,7.9,0.73,13.2,0.07,0.07,0.093331,1776231106000
1776231108.181,108.181,0.28,7.9,0.27,13.2,0.35,5.0,0.39,20.0,0.65,5.0,0.61,20.0,0.72,7.9,0.73,13.2,0.07,0.07,0.093331,1776231107000
1776231109.467,109.467,0.28,7.9,0.27,13.2,0.35,5.0,0.39,20.0,0.65,5.0,0.61,20.0,0.72,7.9,0.73,13.2,0.07,0.07,0.093331,1776231108000
1776231110.017,110.017,0.28,7.9,0.27,13.2,0.35,5.0,0.39,20.0,0.65,5.0,0.61,20.0,0.72,7.9,0.73,13.2,0.07,0.07,0.093331,1776231109000
1776231111.203,111.203,0.28,7.9,0.27,13.2,0.35,5.0,0.39,20.0,0.65,5.0,0.61,20.0,0.72,7.9,0.73,13.2,0.07,0.07,0.093331,1776231110000
1776231112.595,112.595,0.28,7.9,0.27,13.2,0.35,5.0,0.39,20.0,0.65,5.0,0.61,20.0,0.72,7.9,0.73,13.2,0.07,0.07,0.093331,1776231111000
1776231113.208,113.208,0.28,7.9,0.27,13.2,0.35,5.0,0.39,20.0,0.65,5.0,0.61,20.0,0.72,7.9,0.73,13.2,0.07,0.07,0.09333,1776231112000
1776231113.416,113.416,0.28,2.57,0.27,13.2,0.33,6.0,0.34,5.0,0.65,5.0,0.61,20.0,0.72,7.9,0.73,13.2,0.05,0.07,0.09333,1776231112000
1776231114.365,114.365,0.28,2.57,0.27,13.2,0.33,6.0,0.34,5.0,0.67,6.0,0.66,5.0,0.72,2.57,0.73,13.2,0.05,0.05,0.09333,1776231113000
1776231114.888,114.888,0.28,2.57,0.27,13.2,0.33,6.0,0.34,5.0,0.67,6.0,0.66,5.0,0.72,2.57,0.73,13.2,0.05,0.05,0.093331,1776231114000
1776231117.328,117.328,0.19,11.18,0.18,17.6,0.23,6.0,0.24,5.0,0.67,6.0,0.66,5.0,0.72,2.57,0.73,13.2,0.04,0.05,0.093331,1776231114000
1776231119.251,119.251,0.18,17.6,0.17,34.39,0.23,6.0,0.24,5.0,0.77,6.0,0.76,5.0,0.81,11.18,0.82,17.6,0.05,0.04,0.093331,1776231114000
1776231122.049,122.049,0.17,11.0,0.14,19.0,0.18,5.0,0.21,50.0,0.77,6.0,0.76,5.0,0.82,17.6,0.83,34.39,0.01,0.05,0.093331,1776231114000
1776231122.409,122.409,0.14,19.0,0.11,23.0,0.18,5.0,0.31,55.0,0.82,5.0,0.79,50.0,0.83,6.0,0.86,19.0,0.04,0.01,0.093331,1776231114000
1776231122.818,122.818,0.14,14.0,0.11,23.0,0.15,5.0,0.18,30.0,0.82,5.0,0.69,55.0,0.86,19.0,0.89,23.0,0.01,0.04,0.093331,1776231114000
1776231123.289,123.289,0.14,14.0,0.11,23.0,0.15,5.0,0.18,30.0,0.85,5.0,0.82,30.0,0.86,14.0,0.89,23.0,0.01,0.01,0.093302,1776231122000
1776231124.224,124.224,0.14,14.0,0.11,23.0,0.15,5.0,0.18,30.0,0.85,5.0,0.82,30.0,0.86,14.0,0.89,23.0,0.01,0.01,0.093264,1776231123000
1776231125.156,125.156,0.14,14.0,0.11,23.0,0.15,5.0,0.18,30.0,0.85,5.0,0.82,30.0,0.86,14.0,0.89,23.0,0.01,0.01,0.093271,1776231124000
1776231126.229,126.229,0.14,14.0,0.11,23.0,0.15,5.0,0.18,30.0,0.85,5.0,0.82,30.0,0.86,14.0,0.89,23.0,0.01,0.01,0.093281,1776231125000
1776231127.212,127.212,0.14,14.0,0.11,23.0,0.15,5.0,0.18,30.0,0.85,5.0,0.82,30.0,0.86,14.0,0.89,23.0,0.01,0.01,0.093286,1776231126000
1776231127.593,127.593,0.17,18.39,0.16,19.3,0.22,1.0,0.25,5.0,0.85,5.0,0.82,30.0,0.86,14.0,0.89,23.0,0.05,0.01,0.093286,1776231126000
1776231128.104,128.104,0.17,18.39,0.16,19.3,0.22,1.0,0.25,5.0,0.78,1.0,0.75,5.0,0.83,18.39,0.84,19.3,0.05,0.05,0.093297,1776231127000
1776231129.049,129.049,0.17,18.39,0.16,19.3,0.22,1.0,0.25,5.0,0.78,1.0,0.75,5.0,0.83,18.39,0.84,19.3,0.05,0.05,0.093303,1776231128000
1776231130.05,130.05,0.17,18.39,0.16,19.3,0.22,1.0,0.25,5.0,0.78,1.0,0.75,5.0,0.83,18.39,0.84,19.3,0.05,0.05,0.093303,1776231129000
1776231130.934,130.934,0.17,18.39,0.16,19.3,0.22,1.0,0.25,5.0,0.78,1.0,0.75,5.0,0.83,18.39,0.84,19.3,0.05,0.05,0.093303,1776231130000
1776231131.994,131.994,0.17,18.39,0.16,19.3,0.22,1.0,0.25,5.0,0.78,1.0,0.75,5.0,0.83,18.39,0.84,19.3,0.05,0.05,0.093303,1776231131000
1776231133.183,133.183,0.22,15.2,0.21,15.7,0.24,1.0,0.25,5.0,0.78,1.0,0.75,5.0,0.83,18.39,0.84,19.3,0.02,0.05,0.093303,1776231131000
1776231133.516,133.516,0.22,15.2,0.21,15.7,0.24,1.0,0.25,5.0,0.76,1.0,0.75,5.0,0.78,15.2,0.79,15.7,0.02,0.02,0.093313,1776231132000
1776231134.069,134.069,0.22,15.2,0.21,15.7,0.24,1.0,0.25,5.0,0.76,1.0,0.75,5.0,0.78,15.2,0.79,15.7,0.02,0.02,0.093315,1776231133000
1776231135.051,135.051,0.22,15.2,0.21,15.7,0.24,1.0,0.25,5.0,0.76,1.0,0.75,5.0,0.78,15.2,0.79,15.7,0.02,0.02,0.093316,1776231134000
1776231136.114,136.114,0.22,15.2,0.21,15.7,0.24,1.0,0.25,5.0,0.76,1.0,0.75,5.0,0.78,15.2,0.79,15.7,0.02,0.02,0.093319,1776231135000
1776231137.061,137.061,0.22,15.2,0.21,15.7,0.24,1.0,0.25,5.0,0.76,1.0,0.75,5.0,0.78,15.2,0.79,15.7,0.02,0.02,0.093297,1776231136000
1776231138.2,138.2,0.22,15.2,0.21,15.7,0.24,1.0,0.25,5.0,0.76,1.0,0.75,5.0,0.78,15.2,0.79,15.7,0.02,0.02,0.093285,1776231137000
1776231139.125,139.125,0.22,15.2,0.21,15.7,0.24,1.0,0.25,5.0,0.76,1.0,0.75,5.0,0.78,15.2,0.79,15.7,0.02,0.02,0.093276,1776231138000
1776231140.122,140.122,0.22,15.2,0.21,15.7,0.24,1.0,0.25,5.0,0.76,1.0,0.75,5.0,0.78,15.2,0.79,15.7,0.02,0.02,0.093256,1776231139000
1776231140.402,140.402,0.12,5.0,0.1,20.0,0.14,39.0,0.2,20.0,0.76,1.0,0.75,5.0,0.78,15.2,0.79,15.7,0.02,0.02,0.093256,1776231139000
1776231141.115,141.115,0.12,5.0,0.1,20.0,0.14,39.0,0.2,20.0,0.86,39.0,0.8,20.0,0.88,5.0,0.9,20.0,0.02,0.02,0.093256,1776231140000
1776231142.2,142.2,0.12,5.0,0.1,20.0,0.14,39.0,0.2,20.0,0.86,39.0,0.8,20.0,0.88,5.0,0.9,20.0,0.02,0.02,0.093262,1776231141000
1776231143.028,143.028,0.12,5.0,0.1,20.0,0.14,39.0,0.2,20.0,0.86,39.0,0.8,20.0,0.88,5.0,0.9,20.0,0.02,0.02,0.093262,1776231142000
1776231143.721,143.721,0.09,11.7,0.08,35.29,0.13,27.0,0.19,20.0,0.86,39.0,0.8,20.0,0.88,5.0,0.9,20.0,0.04,0.02,0.093262,1776231142000
1776231144.002,144.002,0.09,11.7,0.08,35.29,0.13,27.0,0.19,20.0,0.87,27.0,0.81,20.0,0.91,11.7,0.92,35.29,0.04,0.04,0.093264,1776231143000
1776231144.924,144.924,0.09,11.7,0.08,35.29,0.13,27.0,0.19,20.0,0.87,27.0,0.81,20.0,0.91,11.7,0.92,35.29,0.04,0.04,0.093264,1776231144000
1776231145.186,145.186,0.07,44.9,0.06,79.1,0.17,20.0,0.21,84.7,0.87,27.0,0.81,20.0,0.91,11.7,0.92,35.29,0.1,0.04,0.093264,1776231144000
1776231146.387,146.387,0.07,44.9,0.06,79.1,0.17,20.0,0.21,84.7,0.83,20.0,0.79,84.7,0.93,44.9,0.94,79.1,0.1,0.1,0.093252,1776231145000
1776231146.759,146.759,0.07,39.52,0.06,79.1,0.11,5.0,0.17,35.0,0.83,20.0,0.79,84.7,0.93,44.9,0.94,79.1,0.04,0.1,0.093252,1776231145000
1776231147.933,147.933,0.07,39.52,0.06,79.1,0.11,5.0,0.17,35.0,0.89,5.0,0.83,35.0,0.93,39.52,0.94,79.1,0.04,0.04,0.093258,1776231147000
1776231148.939,148.939,0.07,39.52,0.06,79.1,0.11,5.0,0.17,35.0,0.89,5.0,0.83,35.0,0.93,39.52,0.94,79.1,0.04,0.04,0.093253,1776231148000
1776231149.389,149.389,0.07,5.0,0.06,79.1,0.15,20.39,0.16,39.3,0.89,5.0,0.83,35.0,0.93,39.52,0.94,79.1,0.08,0.04,0.093253,1776231148000
1776231149.938,149.938,0.07,5.0,0.06,79.1,0.15,20.39,0.16,39.3,0.85,20.39,0.84,39.3,0.93,5.0,0.94,79.1,0.08,0.08,0.093254,1776231149000
1776231150.825,150.825,0.07,5.0,0.06,79.1,0.15,20.39,0.16,39.3,0.85,20.39,0.84,39.3,0.93,5.0,0.94,79.1,0.08,0.08,0.093248,1776231150000
1776231151.976,151.976,0.07,5.0,0.06,79.1,0.15,20.39,0.16,39.3,0.85,20.39,0.84,39.3,0.93,5.0,0.94,79.1,0.08,0.08,0.093245,1776231151000
1776231152.84,152.84,0.07,5.0,0.06,79.1,0.15,20.39,0.16,39.3,0.85,20.39,0.84,39.3,0.93,5.0,0.94,79.1,0.08,0.08,0.093239,1776231152000
1776231153.86,153.86,0.07,5.0,0.06,79.1,0.15,20.39,0.16,39.3,0.85,20.39,0.84,39.3,0.93,5.0,0.94,79.1,0.08,0.08,0.093235,1776231153000
1776231154.803,154.803,0.07,5.0,0.06,79.1,0.15,20.39,0.16,39.3,0.85,20.39,0.84,39.3,0.93,5.0,0.94,79.1,0.08,0.08,0.093231,1776231154000
1776231155.789,155.789,0.07,5.0,0.06,79.1,0.15,20.39,0.16,39.3,0.85,20.39,0.84,39.3,0.93,5.0,0.94,79.1,0.08,0.08,0.093235,1776231155000
1776231157.311,157.311,0.07,5.0,0.06,79.1,0.15,20.39,0.16,39.3,0.85,20.39,0.84,39.3,0.93,5.0,0.94,79.1,0.08,0.08,0.093233,1776231156000
1776231158.952,158.952,0.07,5.0,0.06,79.1,0.15,20.39,0.16,39.3,0.85,20.39,0.84,39.3,0.93,5.0,0.94,79.1,0.08,0.08,0.093215,1776231157000
1776231159.487,159.487,0.03,83.93,0.02,252.69,0.08,60.29,0.09,37.7,0.85,20.39,0.84,39.3,0.93,5.0,0.94,79.1,0.05,0.08,0.093215,1776231157000
1776231159.704,159.704,0.03,83.93,0.02,252.69,0.08,60.29,0.09,37.7,0.92,60.29,0.91,37.7,0.97,83.93,0.98,252.69,0.05,0.05,0.093213,1776231158000
1776231160.345,160.345,0.03,83.93,0.02,252.69,0.07,30.95,0.08,60.29,0.93,30.95,0.92,60.29,0.97,83.93,0.98,252.69,0.04,0.04,0.093213,1776231159000
1776231161.004,161.004,0.03,83.93,0.02,252.69,0.07,30.95,0.08,60.29,0.93,30.95,0.92,60.29,0.97,83.93,0.98,252.69,0.04,0.04,0.093207,1776231160000
1776231162.082,162.082,0.03,83.93,0.02,252.69,0.07,30.95,0.08,60.29,0.93,30.95,0.92,60.29,0.97,83.93,0.98,252.69,0.04,0.04,0.093197,1776231161000
1776231163.251,163.251,0.03,83.93,0.02,252.69,0.07,30.95,0.08,60.29,0.93,30.95,0.92,60.29,0.97,83.93,0.98,252.69,0.04,0.04,0.09321,1776231162000
1776231164.474,164.474,0.03,83.93,0.02,252.69,0.07,30.95,0.08,60.29,0.93,30.95,0.92,60.29,0.97,83.93,0.98,252.69,0.04,0.04,0.093207,1776231163000
1776231164.969,164.969,0.03,83.93,0.02,252.69,0.07,30.95,0.08,60.29,0.93,30.95,0.92,60.29,0.97,83.93,0.98,252.69,0.04,0.04,0.093203,1776231164000
1776231166.105,166.105,0.03,83.93,0.02,252.69,0.07,30.95,0.08,60.29,0.93,30.95,0.92,60.29,0.97,83.93,0.98,252.69,0.04,0.04,0.093208,1776231165000
1776231167.11,167.11,0.03,83.93,0.02,252.69,0.07,30.95,0.08,60.29,0.93,30.95,0.92,60.29,0.97,83.93,0.98,252.69,0.04,0.04,0.093208,1776231166000
1776231168.222,168.222,0.02,147.69,0.01,688.6,0.07,46.9,0.08,35.29,0.93,46.9,0.92,35.29,0.98,147.69,0.99,688.6,0.05,0.05,0.093206,1776231167000
1776231169.445,169.445,0.02,147.69,0.01,688.6,0.07,46.9,0.08,35.29,0.93,46.9,0.92,35.29,0.98,147.69,0.99,688.6,0.05,0.05,0.0932,1776231168000
1776231169.868,169.868,0.02,147.69,0.01,688.6,0.07,46.9,0.08,35.29,0.93,46.9,0.92,35.29,0.98,147.69,0.99,688.6,0.05,0.05,0.093198,1776231169000
1776231170.962,170.962,0.02,147.69,0.01,688.6,0.07,46.9,0.08,35.29,0.93,46.9,0.92,35.29,0.98,147.69,0.99,688.6,0.05,0.05,0.093198,1776231170000
1776231172.039,172.039,0.02,147.69,0.01,688.6,0.07,46.9,0.08,35.29,0.93,46.9,0.92,35.29,0.98,147.69,0.99,688.6,0.05,0.05,0.093205,1776231171000
1776231173.524,173.524,0.02,147.69,0.01,688.6,0.07,46.9,0.08,35.29,0.93,46.9,0.92,35.29,0.98,147.69,0.99,688.6,0.05,0.05,0.093206,1776231172000
1776231174.025,174.025,0.02,147.69,0.01,688.6,0.07,46.9,0.08,35.29,0.93,46.9,0.92,35.29,0.98,147.69,0.99,688.6,0.05,0.05,0.093207,1776231173000
1776231175.017,175.017,0.02,147.69,0.01,688.6,0.07,46.9,0.08,35.29,0.93,46.9,0.92,35.29,0.98,147.69,0.99,688.6,0.05,0.05,0.093211,1776231174000
1776231176.002,176.002,0.05,4.7,0.04,67.7,0.08,30.0,0.1,20.0,0.92,30.0,0.9,20.0,0.95,4.7,0.96,67.7,0.03,0.03,0.093221,1776231175000
1776231176.96,176.96,0.05,4.7,0.04,67.7,0.08,30.0,0.1,20.0,0.92,30.0,0.9,20.0,0.95,4.7,0.96,67.7,0.03,0.03,0.093233,1776231176000
1776231177.992,177.992,0.05,4.7,0.04,67.7,0.08,30.0,0.1,20.0,0.92,30.0,0.9,20.0,0.95,4.7,0.96,67.7,0.03,0.03,0.093227,1776231177000
1776231179.003,179.003,0.05,4.7,0.04,67.7,0.08,30.0,0.1,20.0,0.92,30.0,0.9,20.0,0.95,4.7,0.96,67.7,0.03,0.03,0.093218,1776231178000
1776231179.936,179.936,0.05,4.7,0.04,67.7,0.08,30.0,0.1,20.0,0.92,30.0,0.9,20.0,0.95,4.7,0.96,67.7,0.03,0.03,0.093215,1776231179000
1776231180.916,180.916,0.05,4.7,0.04,67.7,0.08,30.0,0.1,20.0,0.92,30.0,0.9,20.0,0.95,4.7,0.96,67.7,0.03,0.03,0.093215,1776231180000
1776231181.946,181.946,0.05,4.7,0.04,67.7,0.08,30.0,0.1,20.0,0.92,30.0,0.9,20.0,0.95,4.7,0.96,67.7,0.03,0.03,0.093213,1776231181000
1776231182.952,182.952,0.05,4.7,0.04,67.7,0.08,30.0,0.1,20.0,0.92,30.0,0.9,20.0,0.95,4.7,0.96,67.7,0.03,0.03,0.093213,1776231182000
1776231183.247,183.247,0.03,54.09,0.02,147.69,0.08,35.29,0.09,31.7,0.92,30.0,0.9,20.0,0.95,4.7,0.96,67.7,0.05,0.03,0.093213,1776231182000
1776231183.909,183.909,0.03,54.09,0.02,147.69,0.08,35.29,0.09,31.7,0.92,35.29,0.91,31.7,0.97,54.09,0.98,147.69,0.05,0.05,0.093212,1776231183000
1776231185.042,185.042,0.03,54.09,0.02,147.69,0.08,35.29,0.09,31.7,0.92,35.29,0.91,31.7,0.97,54.09,0.98,147.69,0.05,0.05,0.093224,1776231184000
1776231186.596,186.596,0.03,54.09,0.02,147.69,0.08,35.29,0.09,31.7,0.92,35.29,0.91,31.7,0.97,54.09,0.98,147.69,0.05,0.05,0.093207,1776231185000
1776231187.359,187.359,0.03,54.09,0.02,147.69,0.08,35.29,0.09,31.7,0.92,35.29,0.91,31.7,0.97,54.09,0.98,147.69,0.05,0.05,0.093203,1776231186000
1776231187.955,187.955,0.03,54.09,0.02,147.69,0.08,35.29,0.09,31.7,0.92,35.29,0.91,31.7,0.97,54.09,0.98,147.69,0.05,0.05,0.093207,1776231187000
1776231189.413,189.413,0.03,54.09,0.02,147.69,0.08,35.29,0.09,31.7,0.92,35.29,0.91,31.7,0.97,54.09,0.98,147.69,0.05,0.05,0.093213,1776231188000
1776231190.092,190.092,0.03,54.09,0.02,147.69,0.08,35.29,0.09,31.7,0.92,35.29,0.91,31.7,0.97,54.09,0.98,147.69,0.05,0.05,0.093213,1776231189000
1776231191.299,191.299,0.03,54.09,0.02,147.69,0.08,35.29,0.09,31.7,0.92,35.29,0.91,31.7,0.97,54.09,0.98,147.69,0.05,0.05,0.093215,1776231190000
1776231192.522,192.522,0.03,54.09,0.02,147.69,0.08,35.29,0.09,31.7,0.92,35.29,0.91,31.7,0.97,54.09,0.98,147.69,0.05,0.05,0.093218,1776231191000
1776231193.368,193.368,0.03,54.09,0.02,147.69,0.08,35.29,0.09,31.7,0.92,35.29,0.91,31.7,0.97,54.09,0.98,147.69,0.05,0.05,0.093221,1776231192000
1776231194.054,194.054,0.02,146.66,0.01,488.6,0.04,17.7,0.06,46.1,0.96,17.7,0.94,46.1,0.98,146.66,0.99,488.6,0.02,0.02,0.093221,1776231193000
1776231195.281,195.281,0.02,146.66,0.01,488.6,0.04,17.7,0.06,46.1,0.96,17.7,0.94,46.1,0.98,146.66,0.99,488.6,0.02,0.02,0.093224,1776231194000
1776231196.517,196.517,0.02,146.66,0.01,488.6,0.04,17.7,0.06,46.1,0.96,17.7,0.94,46.1,0.98,146.66,0.99,488.6,0.02,0.02,0.093225,1776231195000
1776231197.239,197.239,0.02,146.66,0.01,488.6,0.04,17.7,0.06,46.1,0.96,17.7,0.94,46.1,0.98,146.66,0.99,488.6,0.02,0.02,0.093222,1776231196000
1776231198.47,198.47,0.02,146.66,0.01,488.6,0.04,17.7,0.06,46.1,0.96,17.7,0.94,46.1,0.98,146.66,0.99,488.6,0.02,0.02,0.093222,1776231197000
1776231198.988,198.988,0.02,146.66,0.01,488.6,0.04,17.7,0.06,46.1,0.96,17.7,0.94,46.1,0.98,146.66,0.99,488.6,0.02,0.02,0.093222,1776231198000
1776231200.363,200.363,0.02,146.66,0.01,488.6,0.04,17.7,0.06,46.1,0.96,17.7,0.94,46.1,0.98,146.66,0.99,488.6,0.02,0.02,0.093222,1776231199000
1776231201.031,201.031,0.03,57.39,0.02,146.66,0.04,17.7,0.08,35.29,0.96,17.7,0.92,35.29,0.97,78.01,0.98,146.66,0.01,0.01,0.093222,1776231199000
1776231202.272,202.272,0.03,57.39,0.02,146.66,0.04,17.7,0.08,35.29,0.96,17.7,0.92,35.29,0.97,57.39,0.98,146.66,0.01,0.01,0.093239,1776231201000
1776231203.099,203.099,0.03,57.39,0.02,146.66,0.04,17.7,0.08,35.29,0.96,17.7,0.92,35.29,0.97,57.39,0.98,146.66,0.01,0.01,0.093239,1776231202000
1776231204.12,204.12,0.03,5.0,0.02,146.66,0.04,12.7,0.07,39.9,0.96,17.7,0.92,35.29,0.97,57.39,0.98,146.66,0.01,0.01,0.093239,1776231202000
1776231205.049,205.049,0.03,5.0,0.02,146.66,0.04,12.7,0.07,39.9,0.96,12.7,0.93,39.9,0.97,5.0,0.98,146.66,0.01,0.01,0.093239,1776231204000
1776231205.284,205.284,0.02,146.66,0.01,488.6,0.04,12.7,0.06,46.1,0.96,12.7,0.93,39.9,0.97,5.0,0.98,146.66,0.02,0.01,0.093239,1776231204000
1776231206.084,206.084,0.02,146.66,0.01,488.6,0.04,12.7,0.06,46.1,0.96,12.7,0.94,46.1,0.98,146.66,0.99,488.6,0.02,0.02,0.093239,1776231205000
1776231207.125,207.125,0.02,146.66,0.01,488.6,0.04,12.7,0.06,46.1,0.96,12.7,0.94,46.1,0.98,146.66,0.99,488.6,0.02,0.02,0.093245,1776231206000
1776231207.385,207.385,0.03,84.12,0.02,146.66,0.04,12.7,0.07,39.9,0.96,12.7,0.94,46.1,0.98,146.66,0.99,488.6,0.01,0.02,0.093245,1776231206000
1776231208.126,208.126,0.03,84.12,0.02,146.66,0.04,12.7,0.07,39.9,0.96,12.7,0.93,39.9,0.97,84.12,0.98,146.66,0.01,0.01,0.093244,1776231207000
1776231209.097,209.097,0.03,84.12,0.02,146.66,0.04,12.7,0.07,39.9,0.96,12.7,0.93,39.9,0.97,84.12,0.98,146.66,0.01,0.01,0.093244,1776231208000
1776231210.059,210.059,0.03,84.12,0.02,146.66,0.04,12.7,0.07,39.9,0.96,12.7,0.93,39.9,0.97,84.12,0.98,146.66,0.01,0.01,0.093248,1776231209000
1776231211.028,211.028,0.03,84.12,0.02,146.66,0.04,12.7,0.07,39.9,0.96,12.7,0.93,39.9,0.97,84.12,0.98,146.66,0.01,0.01,0.09325,1776231210000
1776231212.039,212.039,0.03,84.12,0.02,146.66,0.04,12.7,0.07,39.9,0.96,12.7,0.93,39.9,0.97,84.12,0.98,146.66,0.01,0.01,0.093249,1776231211000
1776231213.021,213.021,0.03,83.08,0.02,146.66,0.04,12.7,0.05,5.0,0.96,12.7,0.95,5.0,0.97,83.08,0.98,146.66,0.01,0.01,0.09325,1776231212000
1776231214.05,214.05,0.03,83.08,0.02,146.66,0.04,12.7,0.05,5.0,0.96,12.7,0.95,5.0,0.97,83.08,0.98,146.66,0.01,0.01,0.093251,1776231213000
1776231214.987,214.987,0.03,83.08,0.02,146.66,0.04,12.7,0.05,5.0,0.96,12.7,0.95,5.0,0.97,83.08,0.98,146.66,0.01,0.01,0.093249,1776231214000
1776231216.914,216.914,0.03,83.08,0.02,146.66,0.04,12.7,0.05,5.0,0.96,12.7,0.95,5.0,0.97,83.08,0.98,146.66,0.01,0.01,0.093249,1776231215000
1776231217.958,217.958,0.03,83.08,0.02,146.66,0.04,12.7,0.05,5.0,0.96,12.7,0.95,5.0,0.97,83.08,0.98,146.66,0.01,0.01,0.093245,1776231216000
1776231218.795,218.795,0.03,83.08,0.02,146.66,0.04,12.7,0.05,5.0,0.96,12.7,0.95,5.0,0.97,83.08,0.98,146.66,0.01,0.01,0.093249,1776231217000
1776231219.804,219.804,0.03,83.08,0.02,146.66,0.04,12.7,0.05,5.0,0.96,12.7,0.95,5.0,0.97,83.08,0.98,146.66,0.01,0.01,0.093256,1776231218000
1776231221.049,221.049,0.03,83.08,0.02,146.66,0.04,12.7,0.05,5.0,0.96,12.7,0.95,5.0,0.97,83.08,0.98,146.66,0.01,0.01,0.093256,1776231219000
1776231222.03,222.03,0.03,83.08,0.02,146.66,0.04,12.7,0.05,5.0,0.96,12.7,0.95,5.0,0.97,83.08,0.98,146.66,0.01,0.01,0.093257,1776231220000
1776231222.995,222.995,0.03,83.08,0.02,146.66,0.04,12.7,0.05,5.0,0.96,12.7,0.95,5.0,0.97,83.08,0.98,146.66,0.01,0.01,0.093257,1776231221000
1776231223.964,223.964,0.03,83.08,0.02,146.66,0.04,12.7,0.05,5.0,0.96,12.7,0.95,5.0,0.97,83.08,0.98,146.66,0.01,0.01,0.093256,1776231222000
1776231224.954,224.954,0.03,83.08,0.02,146.66,0.04,12.7,0.05,5.0,0.96,12.7,0.95,5.0,0.97,83.08,0.98,146.66,0.01,0.01,0.093257,1776231223000
1776231226.127,226.127,0.03,83.08,0.02,146.66,0.04,12.7,0.05,5.0,0.96,12.7,0.95,5.0,0.97,83.08,0.98,146.66,0.01,0.01,0.093257,1776231224000
1776231226.924,226.924,0.03,83.08,0.02,146.66,0.04,12.7,0.05,5.0,0.96,12.7,0.95,5.0,0.97,83.08,0.98,146.66,0.01,0.01,0.093258,1776231225000
1776231227.939,227.939,0.03,83.08,0.02,146.66,0.04,12.7,0.05,5.0,0.96,12.7,0.95,5.0,0.97,83.08,0.98,146.66,0.01,0.01,0.093263,1776231226000
1776231229.029,229.029,0.03,83.08,0.02,146.66,0.04,12.7,0.05,5.0,0.96,12.7,0.95,5.0,0.97,83.08,0.98,146.66,0.01,0.01,0.093264,1776231227000
1776231230.012,230.012,0.03,83.08,0.02,146.66,0.04,12.7,0.05,5.0,0.96,12.7,0.95,5.0,0.97,83.08,0.98,146.66,0.01,0.01,0.093264,1776231228000
1776231231.119,231.119,0.03,83.08,0.02,146.66,0.04,12.7,0.05,5.0,0.96,12.7,0.95,5.0,0.97,83.08,0.98,146.66,0.01,0.01,0.093264,1776231229000
1776231232.085,232.085,0.03,83.08,0.02,146.66,0.04,12.7,0.05,5.0,0.96,12.7,0.95,5.0,0.97,83.08,0.98,146.66,0.01,0.01,0.093264,1776231230000
1776231232.969,232.969,0.03,83.08,0.02,146.66,0.04,12.7,0.05,5.0,0.96,12.7,0.95,5.0,0.97,83.08,0.98,146.66,0.01,0.01,0.093265,1776231231000
1776231233.787,233.787,0.03,83.08,0.02,146.66,0.04,12.7,0.05,5.0,0.96,12.7,0.95,5.0,0.97,83.08,0.98,146.66,0.01,0.01,0.093265,1776231232000
1776231234.64,234.64,0.03,83.08,0.02,146.66,0.04,12.7,0.05,5.0,0.96,12.7,0.95,5.0,0.97,83.08,0.98,146.66,0.01,0.01,0.093265,1776231233000
1776231235.262,235.262,0.03,83.08,0.02,146.66,0.04,12.7,0.05,5.0,0.96,12.7,0.95,5.0,0.97,83.08,0.98,146.66,0.01,0.01,0.093265,1776231234000
1776231236.719,236.719,0.03,83.08,0.02,146.66,0.04,12.7,0.05,5.0,0.96,12.7,0.95,5.0,0.97,83.08,0.98,146.66,0.01,0.01,0.093264,1776231235000
1776231237.371,237.371,0.03,83.08,0.02,146.66,0.04,12.7,0.05,5.0,0.96,12.7,0.95,5.0,0.97,83.08,0.98,146.66,0.01,0.01,0.093263,1776231236000
1776231238.354,238.354,0.03,83.08,0.02,146.66,0.04,12.7,0.05,5.0,0.96,12.7,0.95,5.0,0.97,83.08,0.98,146.66,0.01,0.01,0.093263,1776231237000
1776231239.055,239.055,0.03,83.08,0.02,146.66,0.04,12.7,0.05,5.0,0.96,12.7,0.95,5.0,0.97,83.08,0.98,146.66,0.01,0.01,0.093267,1776231238000
1776231240.253,240.253,0.02,13.97,0.01,488.6,0.04,80.4,0.05,59.7,0.96,80.4,0.95,59.7,0.98,13.97,0.99,488.6,0.02,0.02,0.093271,1776231239000
1776231240.486,240.486,0.02,12.94,0.01,488.6,0.04,80.4,0.05,59.7,0.96,80.4,0.95,59.7,0.98,13.97,0.99,488.6,0.02,0.02,0.093271,1776231239000
1776231241.382,241.382,0.02,12.94,0.01,488.6,0.04,80.4,0.05,59.7,0.96,80.4,0.95,59.7,0.98,12.94,0.99,488.6,0.02,0.02,0.093271,1776231240000
1776231241.95,241.95,0.02,12.94,0.01,488.6,0.04,80.4,0.05,59.7,0.96,80.4,0.95,59.7,0.98,12.94,0.99,488.6,0.02,0.02,0.09327,1776231241000
1776231242.974,242.974,0.02,12.94,0.01,488.6,0.04,80.4,0.05,59.7,0.96,80.4,0.95,59.7,0.98,12.94,0.99,488.6,0.02,0.02,0.093265,1776231242000
1776231244.108,244.108,0.02,12.94,0.01,488.6,0.04,80.4,0.05,59.7,0.96,80.4,0.95,59.7,0.98,12.94,0.99,488.6,0.02,0.02,0.093253,1776231243000
1776231244.336,244.336,0.02,6.47,0.01,226.0,0.03,89.3,0.04,80.4,0.96,80.4,0.95,59.7,0.98,12.94,0.99,488.6,0.01,0.02,0.093253,1776231243000
1776231245.027,245.027,0.02,6.47,0.01,226.0,0.03,89.3,0.04,80.4,0.97,89.3,0.96,80.4,0.98,6.47,0.99,226.0,0.01,0.01,0.093246,1776231244000
1776231246.117,246.117,0.02,6.47,0.01,226.0,0.03,89.3,0.04,80.4,0.97,89.3,0.96,80.4,0.98,6.47,0.99,226.0,0.01,0.01,0.093246,1776231245000
1776231246.62,246.62,0.01,221.0,,,0.03,89.3,0.04,80.4,0.97,89.3,0.96,80.4,0.99,226.0,,,0.02,0.02,0.093246,1776231245000
1776231247.145,247.145,0.01,221.0,,,0.03,89.3,0.04,80.4,0.97,89.3,0.96,80.4,0.99,221.0,,,0.02,0.02,0.093234,1776231246000
1776231248.078,248.078,0.01,221.0,,,0.03,89.3,0.04,80.4,0.97,89.3,0.96,80.4,0.99,221.0,,,0.02,0.02,0.093234,1776231247000
1776231249.124,249.124,0.01,221.0,,,0.03,89.3,0.04,80.4,0.97,89.3,0.96,80.4,0.99,221.0,,,0.02,0.02,0.093234,1776231248000
1776231250.121,250.121,0.01,221.0,,,0.03,89.3,0.04,80.4,0.97,89.3,0.96,80.4,0.99,221.0,,,0.02,0.02,0.093234,1776231249000
1776231250.782,250.782,0.01,99.98,,,0.02,132.69,0.03,89.3,0.97,89.3,0.96,80.4,0.99,221.0,,,0.01,0.02,0.093234,1776231249000
1776231251.047,251.047,0.01,99.98,,,0.02,132.69,0.03,89.3,0.98,132.69,0.97,89.3,0.99,99.98,,,0.01,0.01,0.093238,1776231250000
1776231251.295,251.295,0.01,97.96,,,0.02,132.69,0.03,89.3,0.98,132.69,0.97,89.3,0.99,99.98,,,0.01,0.01,0.093238,1776231250000
1776231252.098,252.098,0.01,97.96,,,0.02,132.69,0.03,89.3,0.98,132.69,0.97,89.3,0.99,97.96,,,0.01,0.01,0.093238,1776231251000
1776231253.732,253.732,0.01,97.96,,,0.02,132.69,0.03,89.3,0.98,132.69,0.97,89.3,0.99,97.96,,,0.01,0.01,0.093236,1776231252000
1776231254.178,254.178,0.01,97.96,,,0.02,132.69,0.03,89.3,0.98,132.69,0.97,89.3,0.99,97.96,,,0.01,0.01,0.093236,1776231253000
1776231255.198,255.198,0.01,97.96,,,0.02,132.69,0.03,89.3,0.98,132.69,0.97,89.3,0.99,97.96,,,0.01,0.01,0.093236,1776231254000
1776231255.485,255.485,0.01,46.96,,,0.02,132.69,0.03,89.3,0.98,132.69,0.97,89.3,0.99,97.96,,,0.01,0.01,0.093236,1776231254000
1776231256.168,256.168,0.01,46.96,,,0.02,132.69,0.03,89.3,0.98,132.69,0.97,89.3,0.99,46.96,,,0.01,0.01,0.093237,1776231255000
1776231257.161,257.161,0.01,46.96,,,0.02,132.69,0.03,89.3,0.98,132.69,0.97,89.3,0.99,46.96,,,0.01,0.01,0.093241,1776231256000
1776231258.118,258.118,0.01,46.96,,,0.02,132.69,0.03,89.3,0.98,132.69,0.97,89.3,0.99,46.96,,,0.01,0.01,0.093244,1776231257000
1776231259.168,259.168,0.01,46.96,,,0.02,132.69,0.03,89.3,0.98,132.69,0.97,89.3,0.99,46.96,,,0.01,0.01,0.093239,1776231258000
1776231260.141,260.141,0.01,24.97,,,0.02,132.69,0.03,89.3,0.98,132.69,0.97,89.3,0.99,24.97,,,0.01,0.01,0.093239,1776231259000
1776231261.071,261.071,0.01,24.97,,,0.02,132.69,0.03,89.3,0.98,132.69,0.97,89.3,0.99,24.97,,,0.01,0.01,0.09324,1776231260000
1776231262.165,262.165,0.01,24.97,,,0.02,132.69,0.03,89.3,0.98,132.69,0.97,89.3,0.99,24.97,,,0.01,0.01,0.09324,1776231261000
1776231263.023,263.023,0.01,23.95,,,0.02,132.69,0.03,89.3,0.98,132.69,0.97,89.3,0.99,24.97,,,0.01,0.01,0.09324,1776231261000
1776231264.114,264.114,0.01,23.95,,,0.02,132.69,0.03,89.3,0.98,132.69,0.97,89.3,0.99,23.95,,,0.01,0.01,0.093241,1776231263000
1776231265.092,265.092,0.01,23.95,,,0.02,132.69,0.03,89.3,0.98,132.69,0.97,89.3,0.99,23.95,,,0.01,0.01,0.093238,1776231264000
1776231266.7,266.7,0.01,23.95,,,0.02,132.69,0.03,89.3,0.98,132.69,0.97,89.3,0.99,23.95,,,0.01,0.01,0.09324,1776231265000
1776231267.472,267.472,0.01,23.95,,,0.02,132.69,0.03,89.3,0.98,132.69,0.97,89.3,0.99,23.95,,,0.01,0.01,0.093244,1776231266000
1776231267.871,267.871,0.01,21.93,,,0.02,137.69,0.03,89.3,0.98,132.69,0.97,89.3,0.99,23.95,,,0.01,0.01,0.093244,1776231266000
1776231268.61,268.61,0.01,19.91,,,0.02,137.69,0.03,89.3,0.98,137.69,0.97,89.3,0.99,21.93,,,0.01,0.01,0.093243,1776231267000
1776231269.203,269.203,0.01,17.89,,,0.02,137.69,0.03,89.3,0.98,137.69,0.97,89.3,0.99,17.89,,,0.01,0.01,0.093238,1776231268000
1776231269.818,269.818,0.01,15.87,,,0.02,137.69,0.03,89.3,0.98,137.69,0.97,89.3,0.99,17.89,,,0.01,0.01,0.093238,1776231268000
1776231270.61,270.61,0.01,1.73,,,0.02,137.69,0.03,89.3,0.98,137.69,0.97,89.3,0.99,10.82,,,0.01,0.01,0.093238,1776231268000
1776231270.829,270.829,0.01,1.73,,,0.02,137.69,0.03,89.3,0.98,137.69,0.97,89.3,0.99,1.73,,,0.01,0.01,0.093234,1776231269000
1776231271.281,271.281,,,,,0.02,137.69,0.03,89.3,0.98,137.69,0.97,89.3,0.99,1.73,,,,0.01,0.093234,1776231269000
1776231271.636,271.636,,,,,0.02,132.76,0.03,94.45,0.98,137.69,0.97,89.3,,,,,,,0.09323,1776231270000
1776231272.062,272.062,,,,,0.02,132.76,0.03,94.45,0.98,132.76,0.97,94.45,,,,,,,0.093229,1776231271000
1776231273.328,273.328,,,,,0.02,132.76,0.03,94.45,0.98,132.76,0.97,94.45,,,,,,,0.093229,1776231272000
1776231274.657,274.657,,,,,0.02,132.76,0.03,94.45,0.98,132.76,0.97,94.45,,,,,,,0.093229,1776231273000
1776231275.225,275.225,,,,,0.02,132.76,0.03,94.45,0.98,132.76,0.97,94.45,,,,,,,0.093229,1776231274000
1776231276.514,276.514,,,,,0.02,132.76,0.03,94.45,0.98,132.76,0.97,94.45,,,,,,,0.093228,1776231275000
1776231277.122,277.122,,,,,0.02,132.76,0.03,94.45,0.98,132.76,0.97,94.45,,,,,,,0.093228,1776231276000
1776231278.499,278.499,,,,,0.02,132.76,0.03,94.45,0.98,132.76,0.97,94.45,,,,,,,0.093234,1776231277000
1776231279.176,279.176,,,,,0.02,132.76,0.03,94.45,0.98,132.76,0.97,94.45,,,,,,,0.093233,1776231278000
1776231280.463,280.463,,,,,0.02,132.76,0.03,94.45,0.98,132.76,0.97,94.45,,,,,,,0.093235,1776231279000
1776231281.188,281.188,,,,,0.02,132.76,0.03,94.45,0.98,132.76,0.97,94.45,,,,,,,0.093235,1776231280000
1776231282.359,282.359,,,,,0.02,132.76,0.03,94.45,0.98,132.76,0.97,94.45,,,,,,,0.093234,1776231281000
1776231283.351,283.351,,,,,0.02,132.76,0.03,94.45,0.98,132.76,0.97,94.45,,,,,,,0.093233,1776231282000
1776231283.852,283.852,,,,,0.02,132.76,0.03,94.45,0.98,132.76,0.97,94.45,,,,,,,0.093251,1776231283000
1776231284.921,284.921,,,,,0.02,132.76,0.03,94.45,0.98,132.76,0.97,94.45,,,,,,,0.093264,1776231284000
1776231285.911,285.911,,,,,0.02,132.76,0.03,94.45,0.98,132.76,0.97,94.45,,,,,,,0.093264,1776231285000
1776231286.942,286.942,,,,,0.02,132.76,0.03,94.45,0.98,132.76,0.97,94.45,,,,,,,0.093267,1776231286000
1776231287.917,287.917,,,,,0.02,132.76,0.03,94.45,0.98,132.76,0.97,94.45,,,,,,,0.093265,1776231287000
1776231288.935,288.935,,,,,0.02,132.76,0.03,94.45,0.98,132.76,0.97,94.45,,,,,,,0.093265,1776231288000
1776231289.884,289.884,,,,,0.02,132.76,0.03,94.45,0.98,132.76,0.97,94.45,,,,,,,0.093265,1776231289000
1776231290.982,290.982,,,,,0.02,132.76,0.03,94.45,0.98,132.76,0.97,94.45,,,,,,,0.093268,1776231290000
1776231292.053,292.053,,,,,0.02,132.76,0.03,94.45,0.98,132.76,0.97,94.45,,,,,,,0.093269,1776231291000
1776231292.971,292.971,,,,,0.02,132.76,0.03,94.45,0.98,132.76,0.97,94.45,,,,,,,0.093271,1776231292000
1776231293.989,293.989,,,,,0.02,132.76,0.03,94.45,0.98,132.76,0.97,94.45,,,,,,,0.09327,1776231293000
1776231294.881,294.881,,,,,0.02,132.76,0.03,94.45,0.98,132.76,0.97,94.45,,,,,,,0.09328,1776231294000
1776231296.443,296.443,,,,,0.02,132.76,0.03,94.45,0.98,132.76,0.97,94.45,,,,,,,0.093282,1776231295000
1776231297.012,297.012,,,,,0.02,132.76,0.03,94.45,0.98,132.76,0.97,94.45,,,,,,,0.093287,1776231296000
1776231298.262,298.262,,,,,0.02,132.76,0.03,94.45,0.98,132.76,0.97,94.45,,,,,,,0.093282,1776231297000
1776231299.323,299.323,,,,,0.01,436.85,0.03,5.15,0.99,436.85,0.97,5.15,,,,,,,0.093308,1776231298000
1776231300.437,300.437,,,,,0.01,436.85,0.03,5.15,0.99,436.85,0.97,5.15,,,,,,,0.09332,1776231299000
1776231301.031,301.031,,,,,0.01,436.85,0.03,5.15,0.99,436.85,0.97,5.15,,,,,,,0.09332,1776231300000
1776231302.126,302.126,,,,,0.01,436.85,0.03,5.15,0.99,436.85,0.97,5.15,,,,,,,0.093322,1776231301000

# RESULT,winner=Down,slug=doge-updown-5m-1776231000,ticks=319
