timestamp,elapsed_sec,up_bid_p1,up_bid_s1,up_bid_p2,up_bid_s2,up_ask_p1,up_ask_s1,up_ask_p2,up_ask_s2,down_bid_p1,down_bid_s1,down_bid_p2,down_bid_s2,down_ask_p1,down_ask_s1,down_ask_p2,down_ask_s2,up_spread,down_spread,doge_price,doge_oracle_ts
1776218111.383,11.383,0.56,5.0,0.54,5.0,0.57,10.0,0.6,10.0,0.43,10.0,0.4,10.0,0.44,5.0,0.46,5.0,0.01,0.01,0.093441,1776218110000
1776218111.724,11.724,0.56,5.0,0.54,5.0,0.57,5.0,0.6,10.0,0.43,10.0,0.4,10.0,0.44,5.0,0.46,5.0,0.01,0.01,0.093441,1776218110000
1776218112.248,12.248,0.56,5.0,0.54,5.0,0.6,10.0,0.63,10.0,0.43,5.0,0.4,10.0,0.44,5.0,0.46,5.0,0.04,0.01,0.093441,1776218110000
1776218113.504,13.504,0.56,5.0,0.54,5.0,0.6,10.0,0.63,10.0,0.4,10.0,0.37,10.0,0.44,5.0,0.46,5.0,0.04,0.04,0.093475,1776218112000
1776218114.163,14.163,0.56,5.0,0.54,5.0,0.6,10.0,0.63,10.0,0.4,10.0,0.37,10.0,0.44,5.0,0.46,5.0,0.04,0.04,0.093475,1776218113000
1776218114.406,14.406,0.54,5.0,0.51,50.0,0.6,15.0,0.63,10.0,0.4,10.0,0.37,10.0,0.44,5.0,0.46,5.0,0.06,0.04,0.093475,1776218113000
1776218115.06,15.06,0.54,5.0,0.51,50.0,0.6,15.0,0.63,10.0,0.4,15.0,0.37,10.0,0.46,5.0,0.49,50.0,0.06,0.06,0.093475,1776218113000
1776218115.354,15.354,0.54,5.0,0.51,50.0,0.6,15.0,0.63,10.0,0.4,15.0,0.37,10.0,0.46,5.0,0.49,50.0,0.06,0.06,0.093476,1776218114000
1776218115.686,15.686,0.52,5.0,0.51,50.0,0.6,15.0,0.63,10.0,0.4,15.0,0.37,10.0,0.46,5.0,0.49,50.0,0.08,0.06,0.093476,1776218114000
1776218116.521,16.521,0.52,5.0,0.51,50.0,0.6,15.0,0.63,10.0,0.4,15.0,0.37,10.0,0.48,5.0,0.49,50.0,0.08,0.08,0.093477,1776218115000
1776218117.086,17.086,0.52,5.0,0.51,50.0,0.6,15.0,0.63,10.0,0.4,15.0,0.37,10.0,0.48,5.0,0.49,50.0,0.08,0.08,0.093477,1776218116000
1776218118.29,18.29,0.52,5.0,0.51,50.0,0.6,15.0,0.63,10.0,0.4,15.0,0.37,10.0,0.48,5.0,0.49,50.0,0.08,0.08,0.093477,1776218117000
1776218119.355,19.355,0.52,5.0,0.51,50.0,0.6,15.0,0.63,10.0,0.4,15.0,0.37,10.0,0.48,5.0,0.49,50.0,0.08,0.08,0.093475,1776218118000
1776218119.872,19.872,0.52,5.0,0.51,50.0,0.6,15.0,0.63,10.0,0.4,15.0,0.37,10.0,0.48,5.0,0.49,50.0,0.08,0.08,0.093474,1776218119000
1776218121.043,21.043,0.52,5.0,0.51,50.0,0.6,15.0,0.63,10.0,0.4,15.0,0.37,10.0,0.48,5.0,0.49,50.0,0.08,0.08,0.093477,1776218120000
1776218122.216,22.216,0.52,5.0,0.51,50.0,0.6,15.0,0.63,10.0,0.4,15.0,0.37,10.0,0.48,5.0,0.49,50.0,0.08,0.08,0.093464,1776218121000
1776218123.45,23.45,0.52,5.0,0.51,50.0,0.6,15.0,0.63,10.0,0.4,15.0,0.37,10.0,0.48,5.0,0.49,50.0,0.08,0.08,0.09346,1776218122000
1776218124.063,24.063,0.52,5.0,0.51,50.0,0.6,15.0,0.63,10.0,0.4,15.0,0.37,10.0,0.48,5.0,0.49,50.0,0.08,0.08,0.093452,1776218123000
1776218125.387,25.387,0.52,5.0,0.51,50.0,0.6,15.0,0.63,10.0,0.4,15.0,0.37,10.0,0.48,5.0,0.49,50.0,0.08,0.08,0.093452,1776218124000
1776218126.091,26.091,0.52,5.0,0.51,50.0,0.6,15.0,0.63,10.0,0.4,15.0,0.37,10.0,0.48,5.0,0.49,50.0,0.08,0.08,0.093452,1776218125000
1776218127.705,27.705,0.52,5.0,0.51,50.0,0.6,15.0,0.63,10.0,0.4,15.0,0.37,10.0,0.48,5.0,0.49,50.0,0.08,0.08,0.093452,1776218126000
1776218128.389,28.389,0.52,5.0,0.51,50.0,0.6,15.0,0.63,10.0,0.4,15.0,0.37,10.0,0.48,5.0,0.49,50.0,0.08,0.08,0.093452,1776218127000
1776218129.145,29.145,0.52,5.0,0.51,50.0,0.6,15.0,0.63,10.0,0.4,15.0,0.37,10.0,0.48,5.0,0.49,50.0,0.08,0.08,0.093452,1776218128000
1776218130.606,30.606,0.52,5.0,0.51,50.0,0.6,15.0,0.63,10.0,0.4,15.0,0.37,10.0,0.48,5.0,0.49,50.0,0.08,0.08,0.093451,1776218129000
1776218131.303,31.303,0.52,5.0,0.51,50.0,0.6,15.0,0.63,10.0,0.4,15.0,0.37,10.0,0.48,5.0,0.49,50.0,0.08,0.08,0.09345,1776218130000
1776218132.52,32.52,0.52,5.0,0.51,50.0,0.6,15.0,0.63,10.0,0.4,15.0,0.37,10.0,0.48,5.0,0.49,50.0,0.08,0.08,0.09345,1776218131000
1776218133.229,33.229,0.52,5.0,0.51,50.0,0.6,15.0,0.63,10.0,0.4,15.0,0.37,10.0,0.48,5.0,0.49,50.0,0.08,0.08,0.09345,1776218132000
1776218134.494,34.494,0.52,5.0,0.51,50.0,0.6,15.0,0.63,10.0,0.4,15.0,0.37,10.0,0.48,5.0,0.49,50.0,0.08,0.08,0.09345,1776218133000
1776218135.148,35.148,0.52,5.0,0.51,50.0,0.6,15.0,0.63,10.0,0.4,15.0,0.37,10.0,0.48,5.0,0.49,50.0,0.08,0.08,0.09345,1776218134000
1776218136.526,36.526,0.52,5.0,0.51,50.0,0.6,15.0,0.63,10.0,0.4,15.0,0.37,10.0,0.48,5.0,0.49,50.0,0.08,0.08,0.093443,1776218135000
1776218137.092,37.092,0.52,5.0,0.51,50.0,0.6,15.0,0.63,10.0,0.4,15.0,0.37,10.0,0.48,5.0,0.49,50.0,0.08,0.08,0.093443,1776218136000
1776218138.313,38.313,0.52,5.0,0.51,50.0,0.6,15.0,0.63,10.0,0.4,15.0,0.37,10.0,0.48,5.0,0.49,50.0,0.08,0.08,0.093447,1776218137000
1776218139.489,39.489,0.52,5.0,0.51,50.0,0.6,15.0,0.63,10.0,0.4,15.0,0.37,10.0,0.48,5.0,0.49,50.0,0.08,0.08,0.093457,1776218138000
1776218140.069,40.069,0.52,5.0,0.51,50.0,0.6,15.0,0.63,10.0,0.4,15.0,0.37,10.0,0.48,5.0,0.49,50.0,0.08,0.08,0.093457,1776218139000
1776218141.383,41.383,0.52,5.0,0.51,50.0,0.6,15.0,0.63,10.0,0.4,15.0,0.37,10.0,0.48,5.0,0.49,50.0,0.08,0.08,0.093458,1776218140000
1776218142.741,42.741,0.52,5.0,0.51,50.0,0.6,15.0,0.63,10.0,0.4,15.0,0.37,10.0,0.48,5.0,0.49,50.0,0.08,0.08,0.093458,1776218141000
1776218143.323,43.323,0.52,5.0,0.51,50.0,0.6,15.0,0.63,10.0,0.4,15.0,0.37,10.0,0.48,5.0,0.49,50.0,0.08,0.08,0.093458,1776218142000
1776218144.514,44.514,0.52,5.0,0.51,50.0,0.6,15.0,0.63,10.0,0.4,15.0,0.37,10.0,0.48,5.0,0.49,50.0,0.08,0.08,0.093458,1776218143000
1776218145.198,45.198,0.52,5.0,0.51,50.0,0.6,15.0,0.63,10.0,0.4,15.0,0.37,10.0,0.48,5.0,0.49,50.0,0.08,0.08,0.093457,1776218144000
1776218146.614,46.614,0.52,5.0,0.51,50.0,0.6,15.0,0.63,10.0,0.4,15.0,0.37,10.0,0.48,5.0,0.49,50.0,0.08,0.08,0.093455,1776218145000
1776218147.298,47.298,0.52,5.0,0.51,50.0,0.6,15.0,0.63,10.0,0.4,15.0,0.37,10.0,0.48,5.0,0.49,50.0,0.08,0.08,0.093454,1776218146000
1776218148.001,48.001,0.52,5.0,0.51,50.0,0.6,15.0,0.63,10.0,0.4,15.0,0.37,10.0,0.48,5.0,0.49,50.0,0.08,0.08,0.093453,1776218147000
1776218149.305,49.305,0.52,5.0,0.51,50.0,0.6,15.0,0.63,10.0,0.4,15.0,0.37,10.0,0.48,5.0,0.49,50.0,0.08,0.08,0.093456,1776218148000
1776218150.005,50.005,0.52,5.0,0.51,50.0,0.6,15.0,0.63,10.0,0.4,15.0,0.37,10.0,0.48,5.0,0.49,50.0,0.08,0.08,0.093456,1776218149000
1776218151.183,51.183,0.5,2.76,0.4,5.0,0.54,10.0,0.55,10.0,0.4,15.0,0.37,10.0,0.48,5.0,0.49,50.0,0.04,0.08,0.093456,1776218149000
1776218151.797,51.797,0.4,5.0,0.34,5.0,0.51,5.0,0.54,36.0,0.49,5.0,0.46,36.0,0.6,5.0,0.66,5.0,0.11,0.11,0.093446,1776218150000
1776218152.038,52.038,0.34,5.0,0.31,61.0,0.45,5.0,0.49,5.0,0.49,5.0,0.46,36.0,0.6,5.0,0.66,5.0,0.11,0.11,0.093446,1776218150000
1776218152.594,52.594,0.34,5.0,0.31,61.0,0.45,5.0,0.49,5.0,0.55,5.0,0.51,5.0,0.66,5.0,0.69,61.0,0.11,0.11,0.093417,1776218151000
1776218153.202,53.202,0.34,5.0,0.31,61.0,0.45,5.0,0.49,5.0,0.55,5.0,0.51,5.0,0.66,5.0,0.69,61.0,0.11,0.11,0.093414,1776218152000
1776218154.677,54.677,0.34,5.0,0.31,61.0,0.45,5.0,0.49,5.0,0.55,5.0,0.51,5.0,0.66,5.0,0.69,61.0,0.11,0.11,0.093413,1776218153000
1776218155.552,55.552,0.34,5.0,0.31,61.0,0.45,5.0,0.49,5.0,0.55,5.0,0.51,5.0,0.66,5.0,0.69,61.0,0.11,0.11,0.093414,1776218154000
1776218156.305,56.305,0.34,5.0,0.31,61.0,0.45,5.0,0.49,5.0,0.55,5.0,0.51,5.0,0.66,5.0,0.69,61.0,0.11,0.11,0.093421,1776218155000
1776218157.031,57.031,0.34,5.0,0.31,61.0,0.45,5.0,0.49,5.0,0.55,5.0,0.51,5.0,0.66,5.0,0.69,61.0,0.11,0.11,0.093424,1776218156000
1776218158.607,58.607,0.34,5.0,0.31,61.0,0.45,5.0,0.49,5.0,0.55,5.0,0.51,5.0,0.66,5.0,0.69,61.0,0.11,0.11,0.093425,1776218157000
1776218159.528,59.528,0.34,5.0,0.31,61.0,0.45,5.0,0.49,5.0,0.55,5.0,0.51,5.0,0.66,5.0,0.69,61.0,0.11,0.11,0.093425,1776218158000
1776218160.364,60.364,0.34,5.0,0.31,61.0,0.45,5.0,0.49,5.0,0.55,5.0,0.51,5.0,0.66,5.0,0.69,61.0,0.11,0.11,0.093426,1776218159000
1776218161.238,61.238,0.34,5.0,0.31,61.0,0.45,5.0,0.49,5.0,0.55,5.0,0.51,5.0,0.66,5.0,0.69,61.0,0.11,0.11,0.093426,1776218160000
1776218162.189,62.189,0.34,5.0,0.31,61.0,0.45,5.0,0.49,5.0,0.55,5.0,0.51,5.0,0.66,5.0,0.69,61.0,0.11,0.11,0.09343,1776218161000
1776218163.193,63.193,0.34,5.0,0.31,61.0,0.45,5.0,0.49,5.0,0.55,5.0,0.51,5.0,0.66,5.0,0.69,61.0,0.11,0.11,0.093431,1776218162000
1776218164.185,64.185,0.34,5.0,0.31,61.0,0.45,5.0,0.49,5.0,0.55,5.0,0.51,5.0,0.66,5.0,0.69,61.0,0.11,0.11,0.093433,1776218163000
1776218165.218,65.218,0.34,5.0,0.31,61.0,0.45,5.0,0.49,5.0,0.55,5.0,0.51,5.0,0.66,5.0,0.69,61.0,0.11,0.11,0.093434,1776218164000
1776218166.244,66.244,0.34,5.0,0.31,61.0,0.45,5.0,0.49,5.0,0.55,5.0,0.51,5.0,0.66,5.0,0.69,61.0,0.11,0.11,0.093435,1776218165000
1776218167.338,67.338,0.34,5.0,0.31,61.0,0.45,5.0,0.49,5.0,0.55,5.0,0.51,5.0,0.66,5.0,0.69,61.0,0.11,0.11,0.093427,1776218166000
1776218168.254,68.254,0.34,5.0,0.31,61.0,0.45,5.0,0.49,5.0,0.55,5.0,0.51,5.0,0.66,5.0,0.69,61.0,0.11,0.11,0.093429,1776218167000
1776218169.228,69.228,0.34,5.0,0.31,61.0,0.45,5.0,0.49,5.0,0.55,5.0,0.51,5.0,0.66,5.0,0.69,61.0,0.11,0.11,0.093439,1776218168000
1776218170.284,70.284,0.34,5.0,0.31,61.0,0.45,5.0,0.49,5.0,0.55,5.0,0.51,5.0,0.66,5.0,0.69,61.0,0.11,0.11,0.093443,1776218169000
1776218171.193,71.193,0.34,5.0,0.31,61.0,0.45,5.0,0.49,5.0,0.55,5.0,0.51,5.0,0.66,5.0,0.69,61.0,0.11,0.11,0.093453,1776218170000
1776218172.216,72.216,0.34,5.0,0.31,61.0,0.45,5.0,0.49,5.0,0.55,5.0,0.51,5.0,0.66,5.0,0.69,61.0,0.11,0.11,0.093453,1776218171000
1776218173.201,73.201,0.34,5.0,0.31,61.0,0.45,5.0,0.49,5.0,0.55,5.0,0.51,5.0,0.66,5.0,0.69,61.0,0.11,0.11,0.093454,1776218172000
1776218174.17,74.17,0.34,5.0,0.31,61.0,0.45,5.0,0.49,5.0,0.55,5.0,0.51,5.0,0.66,5.0,0.69,61.0,0.11,0.11,0.093454,1776218173000
1776218175.24,75.24,0.34,5.0,0.31,61.0,0.45,5.0,0.49,5.0,0.55,5.0,0.51,5.0,0.66,5.0,0.69,61.0,0.11,0.11,0.093454,1776218174000
1776218176.287,76.287,0.34,5.0,0.31,61.0,0.45,5.0,0.49,5.0,0.55,5.0,0.51,5.0,0.66,5.0,0.69,61.0,0.11,0.11,0.093454,1776218175000
1776218176.971,76.971,0.34,5.0,0.31,61.0,0.45,5.0,0.49,5.0,0.55,5.0,0.51,5.0,0.66,5.0,0.69,61.0,0.11,0.11,0.093454,1776218176000
1776218178.198,78.198,0.34,5.0,0.31,61.0,0.45,5.0,0.49,5.0,0.55,5.0,0.51,5.0,0.66,5.0,0.69,61.0,0.11,0.11,0.093454,1776218177000
1776218179.331,79.331,0.34,5.0,0.31,61.0,0.45,5.0,0.49,5.0,0.55,5.0,0.51,5.0,0.66,5.0,0.69,61.0,0.11,0.11,0.093454,1776218178000
1776218179.969,79.969,0.34,5.0,0.31,61.0,0.45,5.0,0.49,5.0,0.55,5.0,0.51,5.0,0.66,5.0,0.69,61.0,0.11,0.11,0.093454,1776218179000
1776218181.038,81.038,0.34,5.0,0.31,61.0,0.45,5.0,0.49,5.0,0.55,5.0,0.51,5.0,0.66,5.0,0.69,61.0,0.11,0.11,0.093454,1776218180000
1776218182.179,82.179,0.34,5.0,0.31,61.0,0.45,5.0,0.49,5.0,0.55,5.0,0.51,5.0,0.66,5.0,0.69,61.0,0.11,0.11,0.093458,1776218181000
1776218183.32,83.32,0.34,5.0,0.31,61.0,0.45,5.0,0.49,5.0,0.55,5.0,0.51,5.0,0.66,5.0,0.69,61.0,0.11,0.11,0.093461,1776218182000
1776218183.906,83.906,0.34,5.0,0.31,61.0,0.45,5.0,0.49,5.0,0.55,5.0,0.51,5.0,0.66,5.0,0.69,61.0,0.11,0.11,0.093461,1776218183000
1776218184.961,84.961,0.34,5.0,0.31,61.0,0.45,5.0,0.49,5.0,0.55,5.0,0.51,5.0,0.66,5.0,0.69,61.0,0.11,0.11,0.093461,1776218184000
1776218186.019,86.019,0.34,5.0,0.31,61.0,0.45,5.0,0.49,5.0,0.55,5.0,0.51,5.0,0.66,5.0,0.69,61.0,0.11,0.11,0.093461,1776218185000
1776218187.127,87.127,0.34,5.0,0.31,61.0,0.45,5.0,0.49,5.0,0.55,5.0,0.51,5.0,0.66,5.0,0.69,61.0,0.11,0.11,0.093461,1776218186000
1776218188.222,88.222,0.34,5.0,0.31,61.0,0.45,5.0,0.49,5.0,0.55,5.0,0.51,5.0,0.66,5.0,0.69,61.0,0.11,0.11,0.093461,1776218187000
1776218189.834,89.834,0.34,5.0,0.31,61.0,0.45,5.0,0.49,5.0,0.55,5.0,0.51,5.0,0.66,5.0,0.69,61.0,0.11,0.11,0.093461,1776218188000
1776218190.589,90.589,0.34,5.0,0.31,61.0,0.45,5.0,0.49,5.0,0.55,5.0,0.51,5.0,0.66,5.0,0.69,61.0,0.11,0.11,0.093461,1776218189000
1776218191.345,91.345,0.34,5.0,0.31,61.0,0.45,5.0,0.49,5.0,0.55,5.0,0.51,5.0,0.66,5.0,0.69,61.0,0.11,0.11,0.093461,1776218190000
1776218192.201,92.201,0.34,5.0,0.31,61.0,0.45,5.0,0.49,5.0,0.55,5.0,0.51,5.0,0.66,5.0,0.69,61.0,0.11,0.11,0.093461,1776218191000
1776218193.346,93.346,0.34,5.0,0.31,61.0,0.45,5.0,0.49,5.0,0.55,5.0,0.51,5.0,0.66,5.0,0.69,61.0,0.11,0.11,0.093461,1776218192000
1776218193.834,93.834,0.34,5.0,0.31,61.0,0.45,5.0,0.49,5.0,0.55,5.0,0.51,5.0,0.66,5.0,0.69,61.0,0.11,0.11,0.093461,1776218193000
1776218195.023,95.023,0.34,5.0,0.31,61.0,0.45,5.0,0.49,5.0,0.55,5.0,0.51,5.0,0.66,5.0,0.69,61.0,0.11,0.11,0.093461,1776218194000
1776218196.464,96.464,0.34,5.0,0.31,61.0,0.45,5.0,0.49,5.0,0.55,5.0,0.51,5.0,0.66,5.0,0.69,61.0,0.11,0.11,0.093461,1776218195000
1776218197.232,97.232,0.34,5.0,0.31,61.0,0.45,5.0,0.49,5.0,0.55,5.0,0.51,5.0,0.66,5.0,0.69,61.0,0.11,0.11,0.093461,1776218196000
1776218198.604,98.604,0.34,5.0,0.31,61.0,0.45,5.0,0.49,5.0,0.55,5.0,0.51,5.0,0.66,5.0,0.69,61.0,0.11,0.11,0.093462,1776218197000
1776218199.45,99.45,0.34,5.0,0.31,61.0,0.45,5.0,0.49,5.0,0.55,5.0,0.51,5.0,0.66,5.0,0.69,61.0,0.11,0.11,0.093445,1776218198000
1776218200.172,100.172,0.34,5.0,0.31,61.0,0.45,5.0,0.49,5.0,0.55,5.0,0.51,5.0,0.66,5.0,0.69,61.0,0.11,0.11,0.093443,1776218199000
1776218201.397,101.397,0.34,5.0,0.31,61.0,0.45,5.0,0.49,5.0,0.55,5.0,0.51,5.0,0.66,5.0,0.69,61.0,0.11,0.11,0.093432,1776218200000
1776218201.982,101.982,0.34,5.0,0.31,61.0,0.45,5.0,0.49,5.0,0.55,5.0,0.51,5.0,0.66,5.0,0.69,61.0,0.11,0.11,0.093432,1776218201000
1776218202.249,102.249,0.44,10.0,0.41,10.0,0.53,5.0,0.55,5.0,0.55,5.0,0.51,5.0,0.66,5.0,0.69,61.0,0.09,0.11,0.093432,1776218201000
1776218203.103,103.103,0.44,10.0,0.41,10.0,0.53,5.0,0.55,5.0,0.47,5.0,0.45,5.0,0.56,10.0,0.59,10.0,0.09,0.09,0.093432,1776218202000
1776218204.205,104.205,0.44,10.0,0.41,10.0,0.53,5.0,0.55,5.0,0.47,5.0,0.45,5.0,0.56,10.0,0.59,10.0,0.09,0.09,0.093432,1776218203000
1776218205.519,105.519,0.44,10.0,0.41,10.0,0.53,5.0,0.55,5.0,0.47,5.0,0.45,5.0,0.56,10.0,0.59,10.0,0.09,0.09,0.093419,1776218204000
1776218206.729,106.729,0.44,10.0,0.41,10.0,0.53,5.0,0.55,5.0,0.47,5.0,0.45,5.0,0.56,10.0,0.59,10.0,0.09,0.09,0.093427,1776218205000
1776218207.391,107.391,0.44,10.0,0.41,10.0,0.53,5.0,0.55,5.0,0.47,5.0,0.45,5.0,0.56,10.0,0.59,10.0,0.09,0.09,0.09343,1776218206000
1776218207.916,107.916,0.44,10.0,0.41,10.0,0.53,5.0,0.55,5.0,0.47,5.0,0.45,5.0,0.56,10.0,0.59,10.0,0.09,0.09,0.093428,1776218207000
1776218209.183,109.183,0.44,10.0,0.41,10.0,0.53,5.0,0.55,5.0,0.47,5.0,0.45,5.0,0.56,10.0,0.59,10.0,0.09,0.09,0.093428,1776218208000
1776218210.236,110.236,0.44,10.0,0.41,10.0,0.53,5.0,0.55,5.0,0.47,5.0,0.45,5.0,0.56,10.0,0.59,10.0,0.09,0.09,0.093431,1776218209000
1776218211.208,111.208,0.44,10.0,0.41,10.0,0.53,5.0,0.55,5.0,0.47,5.0,0.45,5.0,0.56,10.0,0.59,10.0,0.09,0.09,0.093431,1776218210000
1776218212.328,112.328,0.44,10.0,0.41,10.0,0.53,5.0,0.55,5.0,0.47,5.0,0.45,5.0,0.56,10.0,0.59,10.0,0.09,0.09,0.09343,1776218211000
1776218212.974,112.974,0.44,10.0,0.41,10.0,0.53,5.0,0.55,5.0,0.47,5.0,0.45,5.0,0.56,10.0,0.59,10.0,0.09,0.09,0.09343,1776218212000
1776218214.065,114.065,0.44,10.0,0.41,10.0,0.53,5.0,0.55,5.0,0.47,5.0,0.45,5.0,0.56,10.0,0.59,10.0,0.09,0.09,0.09343,1776218213000
1776218215.092,115.092,0.44,10.0,0.41,10.0,0.53,5.0,0.55,5.0,0.47,5.0,0.45,5.0,0.56,10.0,0.59,10.0,0.09,0.09,0.093429,1776218214000
1776218216.154,116.154,0.44,10.0,0.41,10.0,0.53,5.0,0.55,5.0,0.47,5.0,0.45,5.0,0.56,10.0,0.59,10.0,0.09,0.09,0.09343,1776218215000
1776218217.1,117.1,0.44,10.0,0.41,10.0,0.53,5.0,0.55,5.0,0.47,5.0,0.45,5.0,0.56,10.0,0.59,10.0,0.09,0.09,0.09343,1776218216000
1776218218.117,118.117,0.44,10.0,0.41,10.0,0.53,5.0,0.55,5.0,0.47,5.0,0.45,5.0,0.56,10.0,0.59,10.0,0.09,0.09,0.093426,1776218217000
1776218219.146,119.146,0.44,10.0,0.41,10.0,0.53,5.0,0.55,5.0,0.47,5.0,0.45,5.0,0.56,10.0,0.59,10.0,0.09,0.09,0.093428,1776218218000
1776218219.824,119.824,0.44,10.0,0.41,10.0,0.53,5.0,0.55,5.0,0.47,5.0,0.45,5.0,0.56,10.0,0.59,10.0,0.09,0.09,0.093429,1776218219000
1776218221.457,121.457,0.44,10.0,0.41,10.0,0.53,5.0,0.55,5.0,0.47,5.0,0.45,5.0,0.56,10.0,0.59,10.0,0.09,0.09,0.093421,1776218220000
1776218222.098,122.098,0.44,10.0,0.41,10.0,0.53,5.0,0.55,5.0,0.47,5.0,0.45,5.0,0.56,10.0,0.59,10.0,0.09,0.09,0.093421,1776218221000
1776218223.144,123.144,0.44,10.0,0.41,10.0,0.53,5.0,0.55,5.0,0.47,5.0,0.45,5.0,0.56,10.0,0.59,10.0,0.09,0.09,0.093419,1776218222000
1776218224.258,124.258,0.44,10.0,0.41,10.0,0.53,5.0,0.55,5.0,0.47,5.0,0.45,5.0,0.56,10.0,0.59,10.0,0.09,0.09,0.093419,1776218223000
1776218225.207,125.207,0.44,10.0,0.41,10.0,0.53,5.0,0.55,5.0,0.47,5.0,0.45,5.0,0.56,10.0,0.59,10.0,0.09,0.09,0.09342,1776218224000
1776218226.345,126.345,0.44,10.0,0.41,10.0,0.53,5.0,0.55,5.0,0.47,5.0,0.45,5.0,0.56,10.0,0.59,10.0,0.09,0.09,0.09342,1776218225000
1776218227.041,127.041,0.44,10.0,0.41,10.0,0.53,5.0,0.55,5.0,0.47,5.0,0.45,5.0,0.56,10.0,0.59,10.0,0.09,0.09,0.09342,1776218226000
1776218227.417,127.417,0.35,5.0,0.32,11.9,0.47,4.76,0.48,15.4,0.47,5.0,0.45,5.0,0.56,10.0,0.59,10.0,0.12,0.09,0.09342,1776218226000
1776218228.075,128.075,0.35,5.0,0.32,11.9,0.47,4.76,0.48,15.4,0.53,4.76,0.52,15.4,0.65,5.0,0.68,11.9,0.12,0.12,0.093421,1776218227000
1776218229.092,129.092,0.35,5.0,0.32,11.9,0.47,4.76,0.48,15.4,0.53,4.76,0.52,15.4,0.65,5.0,0.68,11.9,0.12,0.12,0.093421,1776218228000
1776218230.201,130.201,0.35,5.0,0.32,11.9,0.47,4.76,0.48,15.4,0.53,4.76,0.52,15.4,0.65,5.0,0.68,11.9,0.12,0.12,0.093421,1776218229000
1776218231.324,131.324,0.35,5.0,0.32,11.9,0.47,4.76,0.48,15.4,0.53,4.76,0.52,15.4,0.65,5.0,0.68,11.9,0.12,0.12,0.093431,1776218230000
1776218232.416,132.416,0.35,5.0,0.32,11.9,0.47,4.76,0.48,15.4,0.53,4.76,0.52,15.4,0.65,5.0,0.68,11.9,0.12,0.12,0.093432,1776218231000
1776218232.903,132.903,0.35,5.0,0.32,11.9,0.47,4.76,0.48,15.4,0.53,4.76,0.52,15.4,0.65,5.0,0.68,11.9,0.12,0.12,0.093432,1776218232000
1776218233.925,133.925,0.35,5.0,0.32,11.9,0.47,4.76,0.48,15.4,0.53,4.76,0.52,15.4,0.65,5.0,0.68,11.9,0.12,0.12,0.093435,1776218233000
1776218235.515,135.515,0.35,5.0,0.32,11.9,0.47,4.76,0.48,15.4,0.53,4.76,0.52,15.4,0.65,5.0,0.68,11.9,0.12,0.12,0.093436,1776218234000
1776218236.001,136.001,0.35,5.0,0.32,11.9,0.47,4.76,0.48,15.4,0.53,4.76,0.52,15.4,0.65,5.0,0.68,11.9,0.12,0.12,0.093436,1776218235000
1776218237.028,137.028,0.35,5.0,0.32,11.9,0.47,4.76,0.48,15.4,0.53,4.76,0.52,15.4,0.65,5.0,0.68,11.9,0.12,0.12,0.093437,1776218236000
1776218238.13,138.13,0.35,5.0,0.32,11.9,0.47,4.76,0.48,15.4,0.53,4.76,0.52,15.4,0.65,5.0,0.68,11.9,0.12,0.12,0.093444,1776218237000
1776218239.105,139.105,0.35,5.0,0.32,11.9,0.47,4.76,0.48,15.4,0.53,4.76,0.52,15.4,0.65,5.0,0.68,11.9,0.12,0.12,0.093445,1776218238000
1776218240.148,140.148,0.35,5.0,0.32,11.9,0.47,4.76,0.48,15.4,0.53,4.76,0.52,15.4,0.65,5.0,0.68,11.9,0.12,0.12,0.093445,1776218239000
1776218241.19,141.19,0.35,5.0,0.32,11.9,0.47,4.76,0.48,15.4,0.53,4.76,0.52,15.4,0.65,5.0,0.68,11.9,0.12,0.12,0.093445,1776218240000
1776218242.254,142.254,0.35,5.0,0.32,11.9,0.47,4.76,0.48,15.4,0.53,4.76,0.52,15.4,0.65,5.0,0.68,11.9,0.12,0.12,0.093441,1776218241000
1776218243.244,143.244,0.35,5.0,0.32,11.9,0.47,4.76,0.48,15.4,0.53,4.76,0.52,15.4,0.65,5.0,0.68,11.9,0.12,0.12,0.093441,1776218242000
1776218244.253,144.253,0.35,5.0,0.32,11.9,0.47,4.76,0.48,15.4,0.53,4.76,0.52,15.4,0.65,5.0,0.68,11.9,0.12,0.12,0.093441,1776218243000
1776218245.203,145.203,0.35,5.0,0.32,11.9,0.47,4.76,0.48,15.4,0.53,4.76,0.52,15.4,0.65,5.0,0.68,11.9,0.12,0.12,0.093441,1776218244000
1776218246.212,146.212,0.35,5.0,0.32,11.9,0.47,4.76,0.48,15.4,0.53,4.76,0.52,15.4,0.65,5.0,0.68,11.9,0.12,0.12,0.093441,1776218245000
1776218247.255,147.255,0.35,5.0,0.32,11.9,0.47,4.76,0.48,15.4,0.53,4.76,0.52,15.4,0.65,5.0,0.68,11.9,0.12,0.12,0.093441,1776218246000
1776218248.149,148.149,0.35,5.0,0.32,11.9,0.47,4.76,0.48,15.4,0.53,4.76,0.52,15.4,0.65,5.0,0.68,11.9,0.12,0.12,0.093441,1776218247000
1776218249.185,149.185,0.35,5.0,0.32,11.9,0.47,4.76,0.48,15.4,0.53,4.76,0.52,15.4,0.65,5.0,0.68,11.9,0.12,0.12,0.093441,1776218248000
1776218250.274,150.274,0.35,5.0,0.32,11.9,0.47,4.76,0.48,15.4,0.53,4.76,0.52,15.4,0.65,5.0,0.68,11.9,0.12,0.12,0.093441,1776218249000
1776218251.418,151.418,0.35,5.0,0.32,11.9,0.47,4.76,0.48,15.4,0.53,4.76,0.52,15.4,0.65,5.0,0.68,11.9,0.12,0.12,0.093441,1776218250000
1776218251.917,151.917,0.35,5.0,0.32,11.9,0.47,4.76,0.48,15.4,0.53,4.76,0.52,15.4,0.65,5.0,0.68,11.9,0.12,0.12,0.093441,1776218251000
1776218253.04,153.04,0.35,5.0,0.32,11.9,0.47,4.76,0.48,15.4,0.53,4.76,0.52,15.4,0.65,5.0,0.68,11.9,0.12,0.12,0.093441,1776218252000
1776218254.123,154.123,0.35,5.0,0.32,11.9,0.47,4.76,0.48,15.4,0.53,4.76,0.52,15.4,0.65,5.0,0.68,11.9,0.12,0.12,0.093441,1776218253000
1776218255.2,155.2,0.35,5.0,0.32,11.9,0.47,4.76,0.48,15.4,0.53,4.76,0.52,15.4,0.65,5.0,0.68,11.9,0.12,0.12,0.093448,1776218254000
1776218256.338,156.338,0.35,5.0,0.32,11.9,0.47,4.76,0.48,15.4,0.53,4.76,0.52,15.4,0.65,5.0,0.68,11.9,0.12,0.12,0.093449,1776218255000
1776218257.278,157.278,0.35,5.0,0.32,11.9,0.47,4.76,0.48,15.4,0.53,4.76,0.52,15.4,0.65,5.0,0.68,11.9,0.12,0.12,0.09345,1776218256000
1776218258.305,158.305,0.35,5.0,0.32,11.9,0.47,4.76,0.48,15.4,0.53,4.76,0.52,15.4,0.65,5.0,0.68,11.9,0.12,0.12,0.093452,1776218257000
1776218258.892,158.892,0.35,5.0,0.32,11.9,0.47,4.76,0.48,15.4,0.53,4.76,0.52,15.4,0.65,5.0,0.68,11.9,0.12,0.12,0.093454,1776218258000
1776218259.954,159.954,0.35,5.0,0.32,11.9,0.47,4.76,0.48,15.4,0.53,4.76,0.52,15.4,0.65,5.0,0.68,11.9,0.12,0.12,0.093454,1776218259000
1776218261.147,161.147,0.35,5.0,0.32,11.9,0.47,4.76,0.48,15.4,0.53,4.76,0.52,15.4,0.65,5.0,0.68,11.9,0.12,0.12,0.093454,1776218260000
1776218262.207,162.207,0.35,5.0,0.32,11.9,0.47,4.76,0.48,15.4,0.53,4.76,0.52,15.4,0.65,5.0,0.68,11.9,0.12,0.12,0.09345,1776218261000
1776218263.681,163.681,0.35,5.0,0.32,11.9,0.47,4.76,0.48,15.4,0.53,4.76,0.52,15.4,0.65,5.0,0.68,11.9,0.12,0.12,0.09345,1776218262000
1776218264.216,164.216,0.35,5.0,0.32,11.9,0.47,4.76,0.48,15.4,0.53,4.76,0.52,15.4,0.65,5.0,0.68,11.9,0.12,0.12,0.09345,1776218263000
1776218265.333,165.333,0.35,5.0,0.32,11.9,0.47,4.76,0.48,15.4,0.53,4.76,0.52,15.4,0.65,5.0,0.68,11.9,0.12,0.12,0.09345,1776218264000
1776218266.293,166.293,0.35,5.0,0.32,11.9,0.47,4.76,0.48,15.4,0.53,4.76,0.52,15.4,0.65,5.0,0.68,11.9,0.12,0.12,0.09345,1776218265000
1776218267.569,167.569,0.35,5.0,0.32,11.9,0.47,4.76,0.48,15.4,0.53,4.76,0.52,15.4,0.65,5.0,0.68,11.9,0.12,0.12,0.093452,1776218266000
1776218268.082,168.082,0.35,5.0,0.32,11.9,0.47,4.76,0.48,15.4,0.53,4.76,0.52,15.4,0.65,5.0,0.68,11.9,0.12,0.12,0.093452,1776218267000
1776218269.569,169.569,0.35,5.0,0.32,11.9,0.47,4.76,0.48,15.4,0.53,4.76,0.52,15.4,0.65,5.0,0.68,11.9,0.12,0.12,0.093452,1776218268000
1776218270.167,170.167,0.35,5.0,0.32,11.9,0.47,4.76,0.48,15.4,0.53,4.76,0.52,15.4,0.65,5.0,0.68,11.9,0.12,0.12,0.093452,1776218269000
1776218271.192,171.192,0.35,5.0,0.32,11.9,0.47,4.76,0.48,15.4,0.53,4.76,0.52,15.4,0.65,5.0,0.68,11.9,0.12,0.12,0.093452,1776218270000
1776218272.453,172.453,0.35,5.0,0.32,11.9,0.47,4.76,0.48,15.4,0.53,4.76,0.52,15.4,0.65,5.0,0.68,11.9,0.12,0.12,0.093452,1776218271000
1776218272.976,172.976,0.35,5.0,0.32,11.9,0.47,4.76,0.48,15.4,0.53,4.76,0.52,15.4,0.65,5.0,0.68,11.9,0.12,0.12,0.093452,1776218272000
1776218274.107,174.107,0.35,5.0,0.32,11.9,0.47,4.76,0.48,15.4,0.53,4.76,0.52,15.4,0.65,5.0,0.68,11.9,0.12,0.12,0.093449,1776218273000
1776218275.116,175.116,0.35,5.0,0.32,11.9,0.47,4.76,0.48,15.4,0.53,4.76,0.52,15.4,0.65,5.0,0.68,11.9,0.12,0.12,0.09345,1776218274000
1776218276.456,176.456,0.35,5.0,0.32,11.9,0.47,4.76,0.48,15.4,0.53,4.76,0.52,15.4,0.65,5.0,0.68,11.9,0.12,0.12,0.093447,1776218275000
1776218277.044,177.044,0.35,5.0,0.32,11.9,0.47,4.76,0.48,15.4,0.53,4.76,0.52,15.4,0.65,5.0,0.68,11.9,0.12,0.12,0.093449,1776218276000
1776218278.218,178.218,0.35,5.0,0.32,11.9,0.47,4.76,0.48,15.4,0.53,4.76,0.52,15.4,0.65,5.0,0.68,11.9,0.12,0.12,0.093449,1776218277000
1776218279.899,179.899,0.35,5.0,0.32,11.9,0.47,4.76,0.48,15.4,0.53,4.76,0.52,15.4,0.65,5.0,0.68,11.9,0.12,0.12,0.09345,1776218278000
1776218280.6,180.6,0.35,5.0,0.32,11.9,0.47,4.76,0.48,15.4,0.53,4.76,0.52,15.4,0.65,5.0,0.68,11.9,0.12,0.12,0.09345,1776218279000
1776218281.633,181.633,0.35,5.0,0.32,11.9,0.47,4.76,0.48,15.4,0.53,4.76,0.52,15.4,0.65,5.0,0.68,11.9,0.12,0.12,0.09345,1776218280000
1776218282.391,182.391,0.35,5.0,0.32,11.9,0.47,4.76,0.48,15.4,0.53,4.76,0.52,15.4,0.65,5.0,0.68,11.9,0.12,0.12,0.093449,1776218281000
1776218283.166,183.166,0.35,5.0,0.32,11.9,0.47,4.76,0.48,15.4,0.53,4.76,0.52,15.4,0.65,5.0,0.68,11.9,0.12,0.12,0.093449,1776218282000
1776218284.561,184.561,0.35,5.0,0.32,11.9,0.47,4.76,0.48,15.4,0.53,4.76,0.52,15.4,0.65,5.0,0.68,11.9,0.12,0.12,0.093448,1776218283000
1776218285.312,185.312,0.35,5.0,0.32,11.9,0.47,4.76,0.48,15.4,0.53,4.76,0.52,15.4,0.65,5.0,0.68,11.9,0.12,0.12,0.093448,1776218284000
1776218286.696,186.696,0.35,5.0,0.32,11.9,0.47,4.76,0.48,15.4,0.53,4.76,0.52,15.4,0.65,5.0,0.68,11.9,0.12,0.12,0.09345,1776218285000
1776218287.438,187.438,0.35,5.0,0.32,11.9,0.47,4.76,0.48,15.4,0.53,4.76,0.52,15.4,0.65,5.0,0.68,11.9,0.12,0.12,0.09345,1776218286000
1776218288.213,188.213,0.35,5.0,0.32,11.9,0.47,4.76,0.48,15.4,0.53,4.76,0.52,15.4,0.65,5.0,0.68,11.9,0.12,0.12,0.093455,1776218287000
1776218289.587,189.587,0.35,5.0,0.32,11.9,0.47,4.76,0.48,15.4,0.53,4.76,0.52,15.4,0.65,5.0,0.68,11.9,0.12,0.12,0.093455,1776218288000
1776218290.31,190.31,0.35,5.0,0.32,11.9,0.47,4.76,0.48,15.4,0.53,4.76,0.52,15.4,0.65,5.0,0.68,11.9,0.12,0.12,0.093455,1776218289000
1776218291.464,191.464,0.58,10.7,0.57,10.6,0.7,5.0,0.71,5.0,0.53,4.76,0.52,15.4,0.65,5.0,0.68,11.9,0.12,0.12,0.093455,1776218289000
1776218292.365,192.365,0.58,10.7,0.57,10.6,0.7,5.0,0.71,5.0,0.3,5.0,0.29,5.0,0.42,10.7,0.43,10.6,0.12,0.12,0.09346,1776218291000
1776218293.151,193.151,0.58,10.7,0.57,10.6,0.7,5.0,0.71,5.0,0.3,5.0,0.29,5.0,0.42,10.7,0.43,10.6,0.12,0.12,0.093461,1776218292000
1776218294.423,194.423,0.58,10.7,0.57,10.6,0.7,5.0,0.71,5.0,0.3,5.0,0.29,5.0,0.42,10.7,0.43,10.6,0.12,0.12,0.093461,1776218293000
1776218294.974,194.974,0.57,10.6,0.56,10.6,0.71,5.0,0.72,17.9,0.3,5.0,0.29,5.0,0.42,10.7,0.43,10.6,0.14,0.12,0.093461,1776218293000
1776218297.091,197.091,0.57,10.6,0.56,10.6,0.71,5.0,0.72,17.9,0.29,5.0,0.28,17.9,0.43,10.6,0.44,10.6,0.14,0.14,0.093459,1776218295000
1776218297.635,197.635,0.57,10.6,0.56,10.6,0.71,5.0,0.72,17.9,0.29,5.0,0.28,17.9,0.43,10.6,0.44,10.6,0.14,0.14,0.093459,1776218296000
1776218298.253,198.253,0.57,10.6,0.56,10.6,0.71,5.0,0.72,17.9,0.29,5.0,0.28,17.9,0.43,10.6,0.44,10.6,0.14,0.14,0.093461,1776218297000
1776218299.329,199.329,0.57,10.6,0.56,10.6,0.71,5.0,0.72,17.9,0.29,5.0,0.28,17.9,0.43,10.6,0.44,10.6,0.14,0.14,0.093462,1776218298000
1776218299.865,199.865,0.57,10.6,0.56,10.6,0.71,5.0,0.72,17.9,0.29,5.0,0.28,17.9,0.43,10.6,0.44,10.6,0.14,0.14,0.093462,1776218299000
1776218301.047,201.047,0.57,10.6,0.56,10.6,0.71,5.0,0.72,17.9,0.29,5.0,0.28,17.9,0.43,10.6,0.44,10.6,0.14,0.14,0.093462,1776218300000
1776218302.11,202.11,0.57,10.6,0.56,10.6,0.71,5.0,0.72,17.9,0.29,5.0,0.28,17.9,0.43,10.6,0.44,10.6,0.14,0.14,0.093463,1776218301000
1776218303.309,203.309,0.57,10.6,0.56,10.6,0.71,5.0,0.72,17.9,0.29,5.0,0.28,17.9,0.43,10.6,0.44,10.6,0.14,0.14,0.093463,1776218302000
1776218303.882,203.882,0.57,10.6,0.56,10.6,0.71,5.0,0.72,17.9,0.29,5.0,0.28,17.9,0.43,10.6,0.44,10.6,0.14,0.14,0.093463,1776218303000
1776218304.981,204.981,0.57,10.6,0.56,10.6,0.71,5.0,0.72,17.9,0.29,5.0,0.28,17.9,0.43,10.6,0.44,10.6,0.14,0.14,0.093463,1776218304000
1776218305.486,205.486,0.66,8.62,0.65,11.4,0.77,5.0,0.79,5.0,0.29,5.0,0.28,17.9,0.43,10.6,0.44,10.6,0.11,0.14,0.093463,1776218304000
1776218306.082,206.082,0.66,8.62,0.65,11.4,0.77,5.0,0.79,5.0,0.23,5.0,0.21,5.0,0.34,8.62,0.35,11.4,0.11,0.11,0.093476,1776218305000
1776218307.267,207.267,0.56,3.85,0.55,10.5,0.67,5.0,0.68,5.0,0.33,5.0,0.32,5.0,0.44,3.85,0.45,10.5,0.11,0.11,0.093476,1776218306000
1776218308.35,208.35,0.56,3.85,0.55,10.5,0.67,5.0,0.68,5.0,0.33,5.0,0.32,5.0,0.44,3.85,0.45,10.5,0.11,0.11,0.093463,1776218307000
1776218308.951,208.951,0.56,3.85,0.55,10.5,0.67,5.0,0.68,5.0,0.33,5.0,0.32,5.0,0.44,3.85,0.45,10.5,0.11,0.11,0.093452,1776218308000
1776218310.023,210.023,0.56,3.85,0.55,10.5,0.67,5.0,0.68,5.0,0.33,5.0,0.32,5.0,0.44,3.85,0.45,10.5,0.11,0.11,0.093453,1776218309000
1776218311.642,211.642,0.56,3.85,0.55,10.5,0.67,5.0,0.68,5.0,0.33,5.0,0.32,5.0,0.44,3.85,0.45,10.5,0.11,0.11,0.093452,1776218310000
1776218312.157,212.157,0.56,3.85,0.55,10.5,0.67,5.0,0.68,5.0,0.33,5.0,0.32,5.0,0.44,3.85,0.45,10.5,0.11,0.11,0.093452,1776218311000
1776218313.109,213.109,0.56,3.85,0.55,10.5,0.67,5.0,0.68,5.0,0.33,5.0,0.32,5.0,0.44,3.85,0.45,10.5,0.11,0.11,0.093453,1776218312000
1776218314.078,214.078,0.56,3.85,0.55,10.5,0.67,5.0,0.68,5.0,0.33,5.0,0.32,5.0,0.44,3.85,0.45,10.5,0.11,0.11,0.093452,1776218313000
1776218315.087,215.087,0.56,3.85,0.55,10.5,0.67,5.0,0.68,5.0,0.33,5.0,0.32,5.0,0.44,3.85,0.45,10.5,0.11,0.11,0.093453,1776218314000
1776218316.071,216.071,0.56,3.85,0.55,10.5,0.67,5.0,0.68,5.0,0.33,5.0,0.32,5.0,0.44,3.85,0.45,10.5,0.11,0.11,0.093454,1776218315000
1776218317.028,217.028,0.56,3.85,0.55,10.5,0.67,5.0,0.68,5.0,0.33,5.0,0.32,5.0,0.44,3.85,0.45,10.5,0.11,0.11,0.093454,1776218316000
1776218318.119,218.119,0.56,3.85,0.55,10.5,0.67,5.0,0.68,5.0,0.33,5.0,0.32,5.0,0.44,3.85,0.45,10.5,0.11,0.11,0.093456,1776218317000
1776218319.089,219.089,0.56,3.85,0.55,10.5,0.67,5.0,0.68,5.0,0.33,5.0,0.32,5.0,0.44,3.85,0.45,10.5,0.11,0.11,0.093456,1776218318000
1776218320.102,220.102,0.56,3.85,0.55,10.5,0.67,5.0,0.68,5.0,0.33,5.0,0.32,5.0,0.44,3.85,0.45,10.5,0.11,0.11,0.093456,1776218319000
1776218321.035,221.035,0.56,3.85,0.55,10.5,0.67,5.0,0.68,5.0,0.33,5.0,0.32,5.0,0.44,3.85,0.45,10.5,0.11,0.11,0.093456,1776218320000
1776218322.095,222.095,0.56,3.85,0.55,10.5,0.67,5.0,0.68,5.0,0.33,5.0,0.32,5.0,0.44,3.85,0.45,10.5,0.11,0.11,0.093456,1776218321000
1776218323.044,223.044,0.56,3.85,0.55,10.5,0.67,5.0,0.68,5.0,0.33,5.0,0.32,5.0,0.44,3.85,0.45,10.5,0.11,0.11,0.093456,1776218322000
1776218324.452,224.452,0.56,3.85,0.55,10.5,0.67,5.0,0.68,5.0,0.33,5.0,0.32,5.0,0.44,3.85,0.45,10.5,0.11,0.11,0.093455,1776218323000
1776218325.029,225.029,0.56,3.85,0.55,10.5,0.67,5.0,0.68,5.0,0.33,5.0,0.32,5.0,0.44,3.85,0.45,10.5,0.11,0.11,0.093455,1776218324000
1776218326.081,226.081,0.56,3.85,0.55,10.5,0.67,5.0,0.68,5.0,0.33,5.0,0.32,5.0,0.44,3.85,0.45,10.5,0.11,0.11,0.093456,1776218325000
1776218327.342,227.342,0.56,3.85,0.55,10.5,0.67,5.0,0.68,5.0,0.33,5.0,0.32,5.0,0.44,3.85,0.45,10.5,0.11,0.11,0.093454,1776218326000
1776218328.321,228.321,0.56,3.85,0.55,10.5,0.67,5.0,0.68,5.0,0.33,5.0,0.32,5.0,0.44,3.85,0.45,10.5,0.11,0.11,0.093453,1776218327000
1776218329.325,229.325,0.56,3.85,0.55,10.5,0.67,5.0,0.68,5.0,0.33,5.0,0.32,5.0,0.44,3.85,0.45,10.5,0.11,0.11,0.093453,1776218328000
1776218330.293,230.293,0.56,3.85,0.55,10.5,0.67,5.0,0.68,5.0,0.33,5.0,0.32,5.0,0.44,3.85,0.45,10.5,0.11,0.11,0.093453,1776218329000
1776218331.418,231.418,0.56,3.85,0.55,10.5,0.67,5.0,0.68,5.0,0.33,5.0,0.32,5.0,0.44,3.85,0.45,10.5,0.11,0.11,0.093453,1776218330000
1776218331.988,231.988,0.56,3.85,0.55,10.5,0.67,5.0,0.68,5.0,0.33,5.0,0.32,5.0,0.44,3.85,0.45,10.5,0.11,0.11,0.093453,1776218331000
1776218332.987,232.987,0.56,3.85,0.55,10.5,0.67,5.0,0.68,5.0,0.33,5.0,0.32,5.0,0.44,3.85,0.45,10.5,0.11,0.11,0.093453,1776218332000
1776218334.021,234.021,0.56,3.85,0.55,10.5,0.67,5.0,0.68,5.0,0.33,5.0,0.32,5.0,0.44,3.85,0.45,10.5,0.11,0.11,0.093453,1776218333000
1776218335.039,235.039,0.56,3.85,0.55,10.5,0.67,5.0,0.68,5.0,0.33,5.0,0.32,5.0,0.44,3.85,0.45,10.5,0.11,0.11,0.093453,1776218334000
1776218336.017,236.017,0.56,3.85,0.55,10.5,0.67,5.0,0.68,5.0,0.33,5.0,0.32,5.0,0.44,3.85,0.45,10.5,0.11,0.11,0.093454,1776218335000
1776218336.374,236.374,0.71,2.99,0.61,50.0,0.8,5.0,0.82,22.6,0.33,5.0,0.32,5.0,0.44,3.85,0.45,10.5,0.09,0.11,0.093454,1776218335000
1776218336.963,236.963,0.71,2.99,0.61,50.0,0.8,5.0,0.82,22.6,0.2,5.0,0.18,22.6,0.29,2.99,0.39,50.0,0.09,0.09,0.093463,1776218336000
1776218338.013,238.013,0.71,2.99,0.61,50.0,0.8,5.0,0.82,22.6,0.2,5.0,0.18,22.6,0.29,2.99,0.39,50.0,0.09,0.09,0.093464,1776218337000
1776218339.021,239.021,0.71,2.99,0.61,50.0,0.8,5.0,0.82,22.6,0.2,5.0,0.18,22.6,0.29,2.99,0.39,50.0,0.09,0.09,0.093466,1776218338000
1776218340.128,240.128,0.71,2.99,0.61,50.0,0.8,5.0,0.82,22.6,0.2,5.0,0.18,22.6,0.29,2.99,0.39,50.0,0.09,0.09,0.093465,1776218339000
1776218340.999,240.999,0.71,2.99,0.61,50.0,0.8,5.0,0.82,22.6,0.2,5.0,0.18,22.6,0.29,2.99,0.39,50.0,0.09,0.09,0.093466,1776218340000
1776218342.054,242.054,0.71,2.99,0.61,50.0,0.8,5.0,0.82,22.6,0.2,5.0,0.18,22.6,0.29,2.99,0.39,50.0,0.09,0.09,0.093467,1776218341000
1776218343.08,243.08,0.71,2.99,0.61,50.0,0.8,5.0,0.82,22.6,0.2,5.0,0.18,22.6,0.29,2.99,0.39,50.0,0.09,0.09,0.093467,1776218342000
1776218344.077,244.077,0.71,2.99,0.61,50.0,0.8,5.0,0.82,22.6,0.2,5.0,0.18,22.6,0.29,2.99,0.39,50.0,0.09,0.09,0.093466,1776218343000
1776218345.167,245.167,0.71,2.99,0.61,50.0,0.8,5.0,0.82,22.6,0.2,5.0,0.18,22.6,0.29,2.99,0.39,50.0,0.09,0.09,0.093466,1776218344000
1776218346.139,246.139,0.71,2.99,0.61,50.0,0.8,5.0,0.82,22.6,0.2,5.0,0.18,22.6,0.29,2.99,0.39,50.0,0.09,0.09,0.093464,1776218345000
1776218347.164,247.164,0.71,2.99,0.61,50.0,0.8,5.0,0.82,22.6,0.2,5.0,0.18,22.6,0.29,2.99,0.39,50.0,0.09,0.09,0.093448,1776218346000
1776218348.101,248.101,0.71,2.99,0.61,50.0,0.8,5.0,0.82,22.6,0.2,5.0,0.18,22.6,0.29,2.99,0.39,50.0,0.09,0.09,0.093449,1776218347000
1776218349.176,249.176,0.71,2.99,0.61,50.0,0.8,5.0,0.82,22.6,0.2,5.0,0.18,22.6,0.29,2.99,0.39,50.0,0.09,0.09,0.093448,1776218348000
1776218350.173,250.173,0.71,2.99,0.61,50.0,0.8,5.0,0.82,22.6,0.2,5.0,0.18,22.6,0.29,2.99,0.39,50.0,0.09,0.09,0.093447,1776218349000
1776218351.483,251.483,0.71,2.99,0.61,50.0,0.8,5.0,0.82,22.6,0.2,5.0,0.18,22.6,0.29,2.99,0.39,50.0,0.09,0.09,0.093445,1776218350000
1776218352.363,252.363,0.71,2.99,0.37,11.2,0.72,11.51,0.73,28.2,0.2,5.0,0.18,22.6,0.29,2.99,0.39,50.0,0.01,0.09,0.093445,1776218350000
1776218352.707,252.707,0.71,2.99,0.37,11.2,0.72,11.51,0.73,28.2,0.28,11.51,0.27,28.2,0.29,2.99,0.63,11.2,0.01,0.01,0.093442,1776218351000
1776218353.448,253.448,0.71,2.99,0.37,11.2,0.72,11.51,0.73,28.2,0.28,11.51,0.27,28.2,0.29,2.99,0.63,11.2,0.01,0.01,0.093439,1776218352000
1776218354.088,254.088,0.71,2.99,0.37,11.2,0.72,11.51,0.73,28.2,0.28,11.51,0.27,28.2,0.29,2.99,0.63,11.2,0.01,0.01,0.09344,1776218353000
1776218355.65,255.65,0.71,2.99,0.37,11.2,0.72,11.51,0.73,28.2,0.28,11.51,0.27,28.2,0.29,2.99,0.63,11.2,0.01,0.01,0.093449,1776218354000
1776218356.184,256.184,0.71,2.99,0.37,11.2,0.72,11.51,0.73,28.2,0.28,11.51,0.27,28.2,0.29,2.99,0.63,11.2,0.01,0.01,0.093449,1776218355000
1776218357.685,257.685,0.71,2.99,0.37,11.2,0.72,11.51,0.73,28.2,0.28,11.51,0.27,28.2,0.29,2.99,0.63,11.2,0.01,0.01,0.093451,1776218356000
1776218358.523,258.523,0.71,2.99,0.37,11.2,0.72,11.51,0.73,28.2,0.28,11.51,0.27,28.2,0.29,2.99,0.63,11.2,0.01,0.01,0.093451,1776218357000
1776218359.1,259.1,0.71,2.99,0.37,11.2,0.72,11.51,0.73,28.2,0.28,11.51,0.27,28.2,0.29,2.99,0.63,11.2,0.01,0.01,0.093452,1776218358000
1776218360.62,260.62,0.71,2.99,0.37,11.2,0.72,11.51,0.73,28.2,0.28,11.51,0.27,28.2,0.29,2.99,0.63,11.2,0.01,0.01,0.093453,1776218359000
1776218361.191,261.191,0.71,66.0,0.69,20.0,0.73,0.86,0.8,5.0,0.27,6.86,0.2,5.0,0.32,20.0,0.39,62.0,0.02,0.05,0.093453,1776218359000
1776218361.431,261.431,0.71,66.0,0.68,20.0,0.8,2.07,0.81,5.0,0.2,2.07,0.19,5.0,0.29,66.0,0.32,20.0,0.09,0.09,0.093453,1776218360000
1776218362.164,262.164,0.71,66.0,0.68,20.0,0.8,2.07,0.81,5.0,0.2,2.07,0.19,5.0,0.29,66.0,0.32,20.0,0.09,0.09,0.093453,1776218361000
1776218363.861,263.861,0.71,66.0,0.68,20.0,0.8,2.07,0.81,5.0,0.2,2.07,0.19,5.0,0.29,66.0,0.32,20.0,0.09,0.09,0.093482,1776218362000
1776218364.684,264.684,0.71,66.0,0.68,20.0,0.8,2.07,0.81,5.0,0.2,2.07,0.19,5.0,0.29,66.0,0.32,20.0,0.09,0.09,0.093483,1776218363000
1776218365.354,265.354,0.71,66.0,0.68,20.0,0.8,2.07,0.81,5.0,0.2,2.07,0.19,5.0,0.29,66.0,0.32,20.0,0.09,0.09,0.093484,1776218364000
1776218365.983,265.983,0.71,66.0,0.68,20.0,0.8,2.07,0.81,5.0,0.2,2.07,0.19,5.0,0.29,66.0,0.32,20.0,0.09,0.09,0.093484,1776218365000
1776218367.566,267.566,0.71,66.0,0.68,20.0,0.8,2.07,0.81,5.0,0.2,2.07,0.19,5.0,0.29,66.0,0.32,20.0,0.09,0.09,0.093494,1776218366000
1776218368.259,268.259,0.71,66.0,0.68,20.0,0.8,2.07,0.81,5.0,0.2,2.07,0.19,5.0,0.29,66.0,0.32,20.0,0.09,0.09,0.093496,1776218367000
1776218368.78,268.78,0.74,7.0,0.71,55.0,0.8,0.82,0.9,5.0,0.2,2.07,0.19,5.0,0.29,66.0,0.32,20.0,0.06,0.09,0.093496,1776218367000
1776218369.549,269.549,0.74,7.0,0.71,55.0,0.9,5.0,0.96,5.0,0.2,0.82,0.1,5.0,0.26,7.0,0.29,55.0,0.16,0.06,0.093496,1776218367000
1776218370.439,270.439,0.86,58.14,0.71,55.0,0.96,5.0,0.97,89.3,0.1,5.0,0.04,5.0,0.26,7.0,0.29,55.0,0.1,0.16,0.093496,1776218368000
1776218370.789,270.789,0.86,58.14,0.71,55.0,0.96,5.0,0.97,89.3,0.04,5.0,0.03,89.3,0.14,58.14,0.29,55.0,0.1,0.1,0.093491,1776218369000
1776218371.283,271.283,0.86,58.14,0.71,55.0,0.96,5.0,0.97,89.3,0.04,5.0,0.03,89.3,0.14,58.14,0.29,55.0,0.1,0.1,0.093491,1776218370000
1776218372.417,272.417,0.86,58.14,0.71,55.0,0.96,5.0,0.97,89.3,0.04,5.0,0.03,89.3,0.14,58.14,0.29,55.0,0.1,0.1,0.093492,1776218371000
1776218373.019,273.019,0.86,58.14,0.71,55.0,0.96,5.0,0.97,89.3,0.04,5.0,0.03,89.3,0.14,58.14,0.29,55.0,0.1,0.1,0.093492,1776218372000
1776218373.496,273.496,0.86,65.14,0.79,5.0,0.99,5542.6,,,0.04,5.0,0.03,89.3,0.14,58.14,0.29,55.0,0.13,0.1,0.093492,1776218372000
1776218373.923,273.923,0.86,65.14,0.79,5.0,0.99,5541.58,,,0.01,5542.6,,,0.14,65.14,0.21,5.0,0.13,0.13,0.093492,1776218372000
1776218374.187,274.187,0.86,65.14,0.79,25.0,0.99,5540.56,,,0.01,5541.58,,,0.14,65.14,0.21,5.0,0.13,0.13,0.093496,1776218373000
1776218375.132,275.132,0.86,65.14,0.79,25.0,0.99,5540.56,,,0.01,5540.56,,,0.14,65.14,0.21,25.0,0.13,0.13,0.093503,1776218374000
1776218376.142,276.142,0.86,65.14,0.79,25.0,0.99,5540.56,,,0.01,5540.56,,,0.14,65.14,0.21,25.0,0.13,0.13,0.093504,1776218375000
1776218377.275,277.275,0.86,65.14,0.79,25.0,0.99,5540.56,,,0.01,5540.56,,,0.14,65.14,0.21,25.0,0.13,0.13,0.093504,1776218376000
1776218378.359,278.359,0.86,65.14,0.79,25.0,0.99,5540.56,,,0.01,5540.56,,,0.14,65.14,0.21,25.0,0.13,0.13,0.093504,1776218377000
1776218378.949,278.949,0.86,65.14,0.79,25.0,0.99,5540.56,,,0.01,5540.56,,,0.14,65.14,0.21,25.0,0.13,0.13,0.093504,1776218378000
1776218379.751,279.751,0.93,21.62,0.86,58.14,0.99,93.92,,,0.01,98.98,,,0.07,21.62,0.14,58.14,0.06,0.06,0.093504,1776218378000
1776218380.076,280.076,0.93,21.62,0.86,58.14,0.99,93.92,,,0.01,93.92,,,0.07,21.62,0.14,58.14,0.06,0.06,0.093504,1776218379000
1776218381.083,281.083,0.93,21.62,0.86,58.14,0.99,93.92,,,0.01,93.92,,,0.07,21.62,0.14,58.14,0.06,0.06,0.093498,1776218380000
1776218382.119,282.119,0.93,21.62,0.86,58.14,0.99,93.92,,,0.01,93.92,,,0.07,21.62,0.14,58.14,0.06,0.06,0.093499,1776218381000
1776218382.831,282.831,0.93,21.62,0.86,78.14,0.99,92.9,,,0.01,93.92,,,0.07,21.62,0.14,58.14,0.06,0.06,0.093499,1776218381000
1776218383.166,283.166,0.93,21.62,0.86,78.14,0.99,92.9,,,0.01,92.9,,,0.07,21.62,0.14,78.14,0.06,0.06,0.0935,1776218382000
1776218384.754,284.754,0.93,21.62,0.86,78.14,0.99,92.9,,,0.01,92.9,,,0.07,21.62,0.14,78.14,0.06,0.06,0.093501,1776218383000
1776218385.239,285.239,0.93,21.62,0.86,78.14,0.99,92.9,,,0.01,92.9,,,0.07,21.62,0.14,78.14,0.06,0.06,0.093501,1776218384000
1776218386.117,286.117,0.93,21.62,0.86,78.14,0.99,91.88,,,0.01,92.9,,,0.07,21.62,0.14,78.14,0.06,0.06,0.093501,1776218384000
1776218387.236,287.236,0.93,21.62,0.86,78.14,0.99,91.88,,,0.01,91.88,,,0.07,21.62,0.14,78.14,0.06,0.06,0.093502,1776218386000
1776218388.314,288.314,0.93,21.62,0.86,78.14,0.99,91.88,,,0.01,91.88,,,0.07,21.62,0.14,78.14,0.06,0.06,0.093502,1776218387000
1776218389.237,289.237,0.93,21.62,0.86,78.14,0.99,91.88,,,0.01,91.88,,,0.07,21.62,0.14,78.14,0.06,0.06,0.093501,1776218388000
1776218390.247,290.247,0.93,21.62,0.86,78.14,0.99,91.88,,,0.01,91.88,,,0.07,21.62,0.14,78.14,0.06,0.06,0.093501,1776218389000
1776218390.965,290.965,0.93,21.62,0.86,58.14,0.99,90.86,,,0.01,91.88,,,0.07,21.62,0.14,78.14,0.06,0.06,0.093501,1776218389000
1776218391.365,291.365,0.93,21.62,0.86,58.14,0.99,90.86,,,0.01,90.86,,,0.07,21.62,0.14,58.14,0.06,0.06,0.093501,1776218390000
1776218391.88,291.88,0.93,21.62,0.86,58.14,0.99,90.86,,,0.01,90.86,,,0.07,21.62,0.14,58.14,0.06,0.06,0.093501,1776218391000
1776218392.731,292.731,0.93,21.62,0.86,58.14,0.99,84.86,,,0.01,90.86,,,0.07,21.62,0.14,58.14,0.06,0.06,0.093501,1776218391000
1776218392.981,292.981,0.93,21.62,0.86,58.14,0.99,84.86,,,0.01,84.86,,,0.07,21.62,0.14,58.14,0.06,0.06,0.093501,1776218392000
1776218394.152,294.152,0.93,21.62,0.86,58.14,0.99,84.86,,,0.01,84.86,,,0.07,21.62,0.14,58.14,0.06,0.06,0.093501,1776218393000
1776218395.195,295.195,0.93,21.62,0.86,58.14,0.99,64.65,,,0.01,64.65,,,0.07,21.62,0.14,58.14,0.06,0.06,0.093501,1776218394000
1776218396.041,296.041,0.93,21.62,0.86,58.14,0.99,58.58,,,0.01,59.6,,,0.07,21.62,0.14,58.14,0.06,0.06,0.093501,1776218394000
1776218396.292,296.292,0.93,21.62,0.86,58.14,0.99,47.59,,,0.01,47.59,,,0.07,21.62,0.14,58.14,0.06,0.06,0.093501,1776218395000
1776218396.563,296.563,0.93,21.62,0.86,58.14,0.99,41.48,,,0.01,46.48,,,0.07,21.62,0.14,58.14,0.06,0.06,0.093501,1776218395000
1776218397.342,297.342,0.93,21.62,0.79,5.0,0.99,31.37,,,0.01,41.48,,,0.07,21.62,0.14,58.14,0.06,0.06,0.093501,1776218395000
1776218397.629,297.629,0.93,21.62,0.71,50.0,0.99,21.67,,,0.01,30.26,,,0.07,21.62,0.21,5.0,0.06,0.06,0.093501,1776218396000
1776218398.349,298.349,0.93,21.62,0.71,50.0,,,,,,,,,0.07,21.62,0.29,50.0,,,0.093501,1776218397000
1776218398.923,298.923,0.93,21.62,0.71,50.0,,,,,,,,,0.07,21.62,0.29,50.0,,,0.093501,1776218398000
1776218400.077,300.077,0.93,21.62,0.71,50.0,,,,,,,,,0.07,21.62,0.29,50.0,,,0.093503,1776218399000

# RESULT,winner=Up,slug=doge-updown-5m-1776218100,ticks=313
