timestamp,elapsed_sec,up_bid_p1,up_bid_s1,up_bid_p2,up_bid_s2,up_ask_p1,up_ask_s1,up_ask_p2,up_ask_s2,down_bid_p1,down_bid_s1,down_bid_p2,down_bid_s2,down_ask_p1,down_ask_s1,down_ask_p2,down_ask_s2,up_spread,down_spread,doge_price,doge_oracle_ts
1776204301.352,1.352,,,,,,,,,,,,,,,,,,,0.093099,1776204300000
1776204301.792,1.792,0.5,5.0,0.41,5.0,0.51,5.0,0.67,300.0,0.49,5.0,0.33,300.0,0.5,5.0,0.67,300.0,0.01,0.01,0.093099,1776204300000
1776204302.166,2.166,0.5,5.0,0.41,5.0,0.51,5.0,0.67,300.0,0.49,5.0,0.33,300.0,0.5,5.0,0.67,300.0,0.01,0.01,0.093082,1776204301000
1776204303.558,3.558,0.5,5.0,0.41,5.0,0.51,5.0,0.67,300.0,0.49,5.0,0.33,300.0,0.5,5.0,0.67,300.0,0.01,0.01,0.093091,1776204302000
1776204304.452,4.452,0.5,5.0,0.31,425.0,0.61,50.0,0.69,375.0,0.39,50.0,0.31,375.0,0.5,5.0,0.69,425.0,0.11,0.11,0.093091,1776204303000
1776204305.094,5.094,0.5,5.0,0.31,425.0,0.61,50.0,0.69,375.0,0.39,50.0,0.31,375.0,0.5,5.0,0.69,425.0,0.11,0.11,0.093091,1776204304000
1776204306.985,6.985,0.5,5.0,0.31,425.0,0.61,50.0,0.69,375.0,0.39,50.0,0.31,375.0,0.5,5.0,0.69,425.0,0.11,0.11,0.093113,1776204305000
1776204307.498,7.498,0.5,5.0,0.31,425.0,0.61,50.0,0.69,375.0,0.39,50.0,0.31,375.0,0.5,5.0,0.69,425.0,0.11,0.11,0.093109,1776204306000
1776204308.095,8.095,0.5,5.0,0.31,425.0,0.61,50.0,0.69,375.0,0.39,50.0,0.31,375.0,0.5,5.0,0.69,425.0,0.11,0.11,0.09311,1776204307000
1776204309.374,9.374,0.5,5.0,0.31,425.0,0.61,50.0,0.69,375.0,0.39,50.0,0.31,375.0,0.5,5.0,0.69,425.0,0.11,0.11,0.09311,1776204308000
1776204310.705,10.705,0.5,5.0,0.31,425.0,0.61,50.0,0.69,375.0,0.39,50.0,0.31,375.0,0.5,5.0,0.69,425.0,0.11,0.11,0.093107,1776204309000
1776204311.408,11.408,0.5,5.0,0.31,425.0,0.61,50.0,0.69,375.0,0.39,50.0,0.31,375.0,0.5,5.0,0.69,425.0,0.11,0.11,0.093107,1776204310000
1776204311.972,11.972,0.5,5.0,0.31,425.0,0.61,50.0,0.69,375.0,0.39,50.0,0.31,375.0,0.5,5.0,0.69,425.0,0.11,0.11,0.09311,1776204311000
1776204313.193,13.193,0.5,5.0,0.31,425.0,0.61,50.0,0.69,375.0,0.39,50.0,0.31,375.0,0.5,5.0,0.69,425.0,0.11,0.11,0.09311,1776204312000
1776204314.333,14.333,0.5,5.0,0.31,425.0,0.61,50.0,0.69,375.0,0.39,50.0,0.31,375.0,0.5,5.0,0.69,425.0,0.11,0.11,0.093106,1776204313000
1776204314.827,14.827,0.5,5.0,0.31,425.0,0.61,50.0,0.69,375.0,0.39,50.0,0.31,375.0,0.5,5.0,0.69,425.0,0.11,0.11,0.093106,1776204314000
1776204315.972,15.972,0.5,5.0,0.31,425.0,0.61,50.0,0.69,375.0,0.39,50.0,0.31,375.0,0.5,5.0,0.69,425.0,0.11,0.11,0.093115,1776204315000
1776204317.156,17.156,0.5,5.0,0.31,425.0,0.61,50.0,0.69,375.0,0.39,50.0,0.31,375.0,0.5,5.0,0.69,425.0,0.11,0.11,0.093118,1776204316000
1776204317.84,17.84,0.61,5.0,0.6,5.0,0.71,5.0,0.74,8.4,0.39,50.0,0.31,375.0,0.5,5.0,0.69,425.0,0.1,0.11,0.093118,1776204316000
1776204318.194,18.194,0.61,5.0,0.6,5.0,0.71,5.0,0.74,8.4,0.29,5.0,0.26,8.4,0.39,5.0,0.4,5.0,0.1,0.1,0.093122,1776204317000
1776204319.256,19.256,0.61,5.0,0.6,5.0,0.71,5.0,0.74,8.4,0.29,5.0,0.26,8.4,0.39,5.0,0.4,5.0,0.1,0.1,0.093122,1776204318000
1776204320.461,20.461,0.61,5.0,0.6,5.0,0.71,5.0,0.74,8.4,0.29,5.0,0.26,8.4,0.39,5.0,0.4,5.0,0.1,0.1,0.093134,1776204319000
1776204320.937,20.937,0.61,5.0,0.6,5.0,0.71,5.0,0.74,8.4,0.29,5.0,0.26,8.4,0.39,5.0,0.4,5.0,0.1,0.1,0.093135,1776204320000
1776204321.381,21.381,0.76,5.0,0.6,20.0,0.77,0.79,0.78,7.0,0.29,5.0,0.26,8.4,0.39,5.0,0.4,5.0,0.01,0.1,0.093135,1776204320000
1776204321.667,21.667,0.67,7.57,0.66,10.0,0.77,0.79,0.81,50.0,0.23,0.79,0.22,7.0,0.24,5.0,0.4,20.0,0.1,0.01,0.093135,1776204320000
1776204324.1,24.1,0.67,7.57,0.66,10.0,0.77,0.79,0.81,50.0,0.23,0.79,0.19,50.0,0.33,7.57,0.34,10.0,0.1,0.1,0.093151,1776204323000
1776204324.677,24.677,0.76,5.0,0.67,26.57,0.89,105.0,0.9,25.0,0.23,0.79,0.19,50.0,0.33,7.57,0.34,10.0,0.13,0.1,0.093151,1776204323000
1776204325.657,25.657,0.76,5.0,0.67,26.57,0.89,105.0,0.9,25.0,0.11,105.0,0.1,25.0,0.24,5.0,0.33,26.57,0.13,0.13,0.093158,1776204324000
1776204326.271,26.271,0.76,5.0,0.67,26.57,0.89,105.0,0.9,25.0,0.11,105.0,0.1,25.0,0.24,5.0,0.33,26.57,0.13,0.13,0.093172,1776204325000
1776204327.976,27.976,0.76,5.0,0.67,26.57,0.89,105.0,0.9,25.0,0.11,105.0,0.1,25.0,0.24,5.0,0.33,26.57,0.13,0.13,0.093184,1776204327000
1776204329.247,29.247,0.76,5.0,0.67,26.57,0.89,105.0,0.9,25.0,0.11,105.0,0.1,25.0,0.24,5.0,0.33,26.57,0.13,0.13,0.093185,1776204328000
1776204330.482,30.482,0.76,5.0,0.67,26.57,0.89,105.0,0.9,25.0,0.11,105.0,0.1,25.0,0.24,5.0,0.33,26.57,0.13,0.13,0.093185,1776204329000
1776204331.149,31.149,0.76,5.0,0.67,26.57,0.89,105.0,0.9,25.0,0.11,105.0,0.1,25.0,0.24,5.0,0.33,26.57,0.13,0.13,0.093185,1776204330000
1776204333.061,33.061,0.76,5.0,0.67,26.57,0.89,105.0,0.9,25.0,0.11,105.0,0.1,25.0,0.24,5.0,0.33,26.57,0.13,0.13,0.093185,1776204331000
1776204333.707,33.707,0.76,5.0,0.67,26.57,0.89,105.0,0.9,25.0,0.11,105.0,0.1,25.0,0.24,5.0,0.33,26.57,0.13,0.13,0.093185,1776204332000
1776204334.514,34.514,0.76,5.0,0.67,26.57,0.89,105.0,0.9,25.0,0.11,105.0,0.1,25.0,0.24,5.0,0.33,26.57,0.13,0.13,0.093176,1776204333000
1776204335.164,35.164,0.76,5.0,0.67,26.57,0.89,105.0,0.9,25.0,0.11,105.0,0.1,25.0,0.24,5.0,0.33,26.57,0.13,0.13,0.093176,1776204334000
1776204336.382,36.382,0.76,5.0,0.67,26.57,0.89,105.0,0.9,25.0,0.11,105.0,0.1,25.0,0.24,5.0,0.33,26.57,0.13,0.13,0.093175,1776204335000
1776204337.075,37.075,0.76,5.0,0.67,26.57,0.89,105.0,0.9,25.0,0.11,105.0,0.1,25.0,0.24,5.0,0.33,26.57,0.13,0.13,0.093184,1776204336000
1776204338.378,38.378,0.76,5.0,0.67,26.57,0.89,105.0,0.9,25.0,0.11,105.0,0.1,25.0,0.24,5.0,0.33,26.57,0.13,0.13,0.093185,1776204337000
1776204339.131,39.131,0.76,5.0,0.67,26.57,0.89,105.0,0.9,25.0,0.11,105.0,0.1,25.0,0.24,5.0,0.33,26.57,0.13,0.13,0.093185,1776204338000
1776204339.382,39.382,0.77,5.0,0.65,20.0,0.84,19.3,0.85,20.39,0.11,105.0,0.1,25.0,0.24,5.0,0.33,26.57,0.07,0.13,0.093185,1776204338000
1776204340.458,40.458,0.77,5.0,0.65,20.0,0.84,19.3,0.85,20.39,0.16,19.3,0.15,20.39,0.23,5.0,0.35,20.0,0.07,0.07,0.093188,1776204339000
1776204341.162,41.162,0.77,5.0,0.65,20.0,0.84,19.3,0.85,20.39,0.16,19.3,0.15,20.39,0.23,5.0,0.35,20.0,0.07,0.07,0.093184,1776204340000
1776204342.21,42.21,0.77,5.0,0.65,20.0,0.84,19.3,0.85,20.39,0.16,19.3,0.15,20.39,0.23,5.0,0.35,20.0,0.07,0.07,0.093179,1776204341000
1776204343.245,43.245,0.77,5.0,0.65,20.0,0.84,19.3,0.85,20.39,0.16,19.3,0.15,20.39,0.23,5.0,0.35,20.0,0.07,0.07,0.093177,1776204342000
1776204344.32,44.32,0.77,5.0,0.65,20.0,0.84,19.3,0.85,20.39,0.16,19.3,0.15,20.39,0.23,5.0,0.35,20.0,0.07,0.07,0.093175,1776204343000
1776204345.19,45.19,0.77,5.0,0.65,20.0,0.84,19.3,0.85,20.39,0.16,19.3,0.15,20.39,0.23,5.0,0.35,20.0,0.07,0.07,0.093176,1776204344000
1776204346.263,46.263,0.77,5.0,0.65,20.0,0.84,19.3,0.85,20.39,0.16,19.3,0.15,20.39,0.23,5.0,0.35,20.0,0.07,0.07,0.093179,1776204345000
1776204347.234,47.234,0.77,5.0,0.65,20.0,0.84,19.3,0.85,20.39,0.16,19.3,0.15,20.39,0.23,5.0,0.35,20.0,0.07,0.07,0.093192,1776204346000
1776204348.239,48.239,0.77,5.0,0.65,20.0,0.84,19.3,0.85,20.39,0.16,19.3,0.15,20.39,0.23,5.0,0.35,20.0,0.07,0.07,0.093193,1776204347000
1776204349.259,49.259,0.77,5.0,0.65,20.0,0.84,19.3,0.85,20.39,0.16,19.3,0.15,20.39,0.23,5.0,0.35,20.0,0.07,0.07,0.093193,1776204348000
1776204350.301,50.301,0.77,5.0,0.65,20.0,0.84,19.3,0.85,20.39,0.16,19.3,0.15,20.39,0.23,5.0,0.35,20.0,0.07,0.07,0.093193,1776204349000
1776204351.347,51.347,0.77,5.0,0.65,20.0,0.84,19.3,0.85,20.39,0.16,19.3,0.15,20.39,0.23,5.0,0.35,20.0,0.07,0.07,0.093193,1776204350000
1776204352.398,52.398,0.73,10.0,0.72,10.0,0.84,19.3,0.85,20.39,0.16,19.3,0.15,20.39,0.27,10.0,0.28,10.0,0.11,0.11,0.0932,1776204351000
1776204353.433,53.433,0.73,10.0,0.72,10.0,0.84,19.3,0.85,20.39,0.16,19.3,0.15,20.39,0.27,10.0,0.28,10.0,0.11,0.11,0.093194,1776204352000
1776204353.941,53.941,0.73,10.0,0.72,10.0,0.84,19.3,0.85,20.39,0.16,19.3,0.15,20.39,0.27,10.0,0.28,10.0,0.11,0.11,0.093194,1776204353000
1776204355.731,55.731,0.73,10.0,0.72,10.0,0.84,19.3,0.85,20.39,0.16,19.3,0.15,20.39,0.27,10.0,0.28,10.0,0.11,0.11,0.09319,1776204354000
1776204356.317,56.317,0.73,10.0,0.72,10.0,0.84,19.3,0.85,20.39,0.16,19.3,0.15,20.39,0.27,10.0,0.28,10.0,0.11,0.11,0.093193,1776204355000
1776204356.956,56.956,0.73,10.0,0.72,10.0,0.84,19.3,0.85,20.39,0.16,19.3,0.15,20.39,0.27,10.0,0.28,10.0,0.11,0.11,0.093193,1776204356000
1776204358.131,58.131,0.73,10.0,0.72,10.0,0.84,19.3,0.85,20.39,0.16,19.3,0.15,20.39,0.27,10.0,0.28,10.0,0.11,0.11,0.093193,1776204357000
1776204359.28,59.28,0.73,10.0,0.72,10.0,0.84,19.3,0.85,20.39,0.16,19.3,0.15,20.39,0.27,10.0,0.28,10.0,0.11,0.11,0.093189,1776204358000
1776204360.414,60.414,0.73,10.0,0.72,10.0,0.84,19.3,0.85,20.39,0.16,19.3,0.15,20.39,0.27,10.0,0.28,10.0,0.11,0.11,0.093179,1776204359000
1776204360.8,60.8,0.73,14.0,0.71,10.0,0.8,14.81,0.81,16.89,0.16,19.3,0.15,20.39,0.27,10.0,0.28,10.0,0.07,0.11,0.093179,1776204359000
1776204361.047,61.047,0.73,14.0,0.71,10.0,0.8,14.81,0.81,16.89,0.2,14.81,0.19,16.89,0.27,14.0,0.29,10.0,0.07,0.07,0.093179,1776204360000
1776204362.302,62.302,0.73,14.0,0.71,10.0,0.8,14.81,0.81,16.89,0.2,14.81,0.19,16.89,0.27,14.0,0.29,10.0,0.07,0.07,0.093182,1776204361000
1776204363.46,63.46,0.73,14.0,0.71,10.0,0.8,14.81,0.81,16.89,0.2,14.81,0.19,16.89,0.27,14.0,0.29,10.0,0.07,0.07,0.093188,1776204362000
1776204363.955,63.955,0.73,14.0,0.71,10.0,0.8,14.81,0.81,16.89,0.2,14.81,0.19,16.89,0.27,14.0,0.29,10.0,0.07,0.07,0.093189,1776204363000
1776204365.144,65.144,0.73,14.0,0.71,10.0,0.8,14.81,0.81,16.89,0.2,14.81,0.19,16.89,0.27,14.0,0.29,10.0,0.07,0.07,0.093189,1776204364000
1776204366.382,66.382,0.73,14.0,0.71,10.0,0.8,14.81,0.81,16.89,0.2,14.81,0.19,16.89,0.27,14.0,0.29,10.0,0.07,0.07,0.093188,1776204365000
1776204367.385,67.385,0.73,14.0,0.71,10.0,0.8,14.81,0.81,16.89,0.2,14.81,0.19,16.89,0.27,14.0,0.29,10.0,0.07,0.07,0.093188,1776204366000
1776204368.069,68.069,0.73,14.0,0.71,10.0,0.8,14.81,0.81,16.89,0.2,14.81,0.19,16.89,0.27,14.0,0.29,10.0,0.07,0.07,0.093185,1776204367000
1776204368.897,68.897,0.76,10.0,0.75,10.0,0.78,5.91,0.86,21.6,0.22,10.91,0.15,20.39,0.25,37.0,0.26,10.0,0.02,0.03,0.093185,1776204367000
1776204369.262,69.262,0.76,36.0,0.75,10.0,0.78,0.91,0.86,21.6,0.22,5.91,0.14,21.6,0.24,10.0,0.25,10.0,0.02,0.02,0.093185,1776204367000
1776204370.793,70.793,0.76,36.0,0.75,10.0,0.78,0.91,0.86,21.6,0.22,0.91,0.14,21.6,0.24,36.0,0.25,10.0,0.02,0.02,0.093205,1776204369000
1776204371.453,71.453,0.76,36.0,0.75,10.0,0.78,0.91,0.86,21.6,0.22,0.91,0.14,21.6,0.24,36.0,0.25,10.0,0.02,0.02,0.093212,1776204370000
1776204371.735,71.735,0.76,46.0,0.75,10.0,0.85,20.02,0.86,21.6,0.22,0.91,0.14,21.6,0.24,36.0,0.25,10.0,0.09,0.02,0.093212,1776204370000
1776204371.939,71.939,0.76,46.0,0.75,10.0,0.85,20.02,0.86,21.6,0.15,20.02,0.14,21.6,0.24,46.0,0.25,10.0,0.09,0.09,0.093211,1776204371000
1776204373.128,73.128,0.76,46.0,0.75,10.0,0.85,20.02,0.86,21.6,0.15,20.02,0.14,21.6,0.24,46.0,0.25,10.0,0.09,0.09,0.093202,1776204372000
1776204374.212,74.212,0.76,46.0,0.75,10.0,0.85,20.02,0.86,21.6,0.15,20.02,0.14,21.6,0.24,46.0,0.25,10.0,0.09,0.09,0.093207,1776204373000
1776204375.399,75.399,0.76,46.0,0.75,10.0,0.85,20.02,0.86,21.6,0.15,20.02,0.14,21.6,0.24,46.0,0.25,10.0,0.09,0.09,0.093208,1776204374000
1776204375.983,75.983,0.76,46.0,0.75,10.0,0.85,20.02,0.86,21.6,0.15,20.02,0.14,21.6,0.24,46.0,0.25,10.0,0.09,0.09,0.093207,1776204375000
1776204377.204,77.204,0.76,46.0,0.75,10.0,0.85,18.37,0.86,21.6,0.15,18.37,0.14,21.6,0.24,46.0,0.25,10.0,0.09,0.09,0.093212,1776204376000
1776204378.347,78.347,0.76,46.0,0.75,10.0,0.85,18.37,0.86,21.6,0.15,18.37,0.14,21.6,0.24,46.0,0.25,10.0,0.09,0.09,0.093211,1776204377000
1776204379.431,79.431,0.76,46.0,0.75,10.0,0.85,18.37,0.86,21.6,0.15,18.37,0.14,21.6,0.24,46.0,0.25,10.0,0.09,0.09,0.09321,1776204378000
1776204379.984,79.984,0.76,46.0,0.75,10.0,0.85,18.37,0.86,21.6,0.15,18.37,0.14,21.6,0.24,46.0,0.25,10.0,0.09,0.09,0.09321,1776204379000
1776204381.075,81.075,0.76,46.0,0.75,10.0,0.85,18.37,0.86,21.6,0.15,18.37,0.14,21.6,0.24,46.0,0.25,10.0,0.09,0.09,0.09321,1776204380000
1776204382.322,82.322,0.76,46.0,0.75,10.0,0.85,18.37,0.86,21.6,0.15,18.37,0.14,21.6,0.24,46.0,0.25,10.0,0.09,0.09,0.093209,1776204381000
1776204383.462,83.462,0.76,46.0,0.75,10.0,0.85,18.37,0.86,21.6,0.15,18.37,0.14,21.6,0.24,46.0,0.25,10.0,0.09,0.09,0.093214,1776204382000
1776204383.972,83.972,0.76,46.0,0.75,10.0,0.85,18.37,0.86,21.6,0.15,18.37,0.14,21.6,0.24,46.0,0.25,10.0,0.09,0.09,0.093219,1776204383000
1776204385.641,85.641,0.76,46.0,0.75,10.0,0.85,18.37,0.86,21.6,0.15,18.37,0.14,21.6,0.24,46.0,0.25,10.0,0.09,0.09,0.09322,1776204384000
1776204386.187,86.187,0.76,46.0,0.75,10.0,0.85,18.37,0.86,21.6,0.15,18.37,0.14,21.6,0.24,46.0,0.25,10.0,0.09,0.09,0.093221,1776204385000
1776204387.237,87.237,0.76,46.0,0.75,10.0,0.85,18.37,0.86,21.6,0.15,18.37,0.14,21.6,0.24,46.0,0.25,10.0,0.09,0.09,0.093225,1776204386000
1776204388.275,88.275,0.76,46.0,0.75,10.0,0.85,18.37,0.86,21.6,0.15,18.37,0.14,21.6,0.24,46.0,0.25,10.0,0.09,0.09,0.093225,1776204387000
1776204389.365,89.365,0.76,46.0,0.75,10.0,0.85,18.37,0.86,21.6,0.15,18.37,0.14,21.6,0.24,46.0,0.25,10.0,0.09,0.09,0.093234,1776204388000
1776204390.334,90.334,0.76,46.0,0.75,10.0,0.85,18.37,0.86,21.6,0.15,18.37,0.14,21.6,0.24,46.0,0.25,10.0,0.09,0.09,0.093235,1776204389000
1776204390.895,90.895,0.76,46.0,0.75,10.0,0.85,18.37,0.86,21.6,0.15,18.37,0.14,21.6,0.24,46.0,0.25,10.0,0.09,0.09,0.093235,1776204390000
1776204391.908,91.908,0.84,11.8,0.83,18.39,0.91,31.7,0.92,35.29,0.15,18.37,0.14,21.6,0.24,46.0,0.25,10.0,0.07,0.09,0.093235,1776204390000
1776204393.088,93.088,0.84,11.8,0.83,18.39,0.91,31.7,0.92,35.29,0.09,31.7,0.08,35.29,0.16,11.8,0.17,18.39,0.07,0.07,0.093231,1776204392000
1776204393.39,93.39,0.86,68.6,0.85,20.39,0.94,41.1,0.95,54.7,0.09,31.7,0.08,35.29,0.16,11.8,0.17,18.39,0.08,0.07,0.093231,1776204392000
1776204393.992,93.992,0.82,17.6,0.81,26.89,0.85,6.0,0.94,41.1,0.06,41.1,0.05,54.7,0.14,68.6,0.15,20.39,0.03,0.08,0.093231,1776204392000
1776204395.086,95.086,0.82,17.6,0.81,26.89,0.85,6.0,0.94,41.1,0.15,6.0,0.06,41.1,0.18,17.6,0.19,26.89,0.03,0.03,0.093274,1776204394000
1776204395.876,95.876,0.82,15.0,0.79,10.0,0.85,1.0,0.9,28.9,0.15,6.0,0.06,41.1,0.18,17.6,0.19,26.89,0.03,0.03,0.093274,1776204394000
1776204396.124,96.124,0.82,15.0,0.79,10.0,0.85,1.0,0.9,28.9,0.15,1.0,0.1,28.9,0.18,15.0,0.21,10.0,0.03,0.03,0.09325,1776204395000
1776204397.222,97.222,0.82,15.0,0.79,10.0,0.85,1.0,0.9,28.9,0.15,1.0,0.1,28.9,0.18,15.0,0.21,10.0,0.03,0.03,0.093231,1776204396000
1776204398.309,98.309,0.82,15.0,0.79,10.0,0.85,1.0,0.9,28.9,0.15,1.0,0.1,28.9,0.18,15.0,0.21,10.0,0.03,0.03,0.093222,1776204397000
1776204399.494,99.494,0.82,10.0,0.79,25.7,0.85,1.0,0.88,24.6,0.15,1.0,0.12,24.6,0.18,10.0,0.21,25.7,0.03,0.03,0.093225,1776204398000
1776204400.595,100.595,0.82,10.0,0.79,25.7,0.85,1.0,0.88,24.6,0.15,1.0,0.12,24.6,0.18,10.0,0.21,25.7,0.03,0.03,0.093225,1776204399000
1776204401.258,101.258,0.82,10.0,0.79,25.7,0.85,1.0,0.88,24.6,0.15,1.0,0.12,24.6,0.18,10.0,0.21,25.7,0.03,0.03,0.093217,1776204400000
1776204402.282,102.282,0.85,5.0,0.82,10.0,0.88,24.6,0.89,26.6,0.15,1.0,0.12,24.6,0.18,10.0,0.21,25.7,0.03,0.03,0.093217,1776204400000
1776204402.897,102.897,0.85,5.0,0.82,10.0,0.88,24.6,0.89,26.6,0.12,24.6,0.11,26.6,0.15,5.0,0.18,10.0,0.03,0.03,0.09322,1776204401000
1776204403.571,103.571,0.85,5.0,0.82,10.0,0.88,24.6,0.89,26.6,0.12,24.6,0.11,26.6,0.15,5.0,0.18,10.0,0.03,0.03,0.093221,1776204402000
1776204404.376,104.376,0.85,5.0,0.82,10.0,0.88,24.6,0.89,26.6,0.12,24.6,0.11,26.6,0.15,5.0,0.18,10.0,0.03,0.03,0.093223,1776204403000
1776204405.068,105.068,0.85,5.0,0.82,10.0,0.88,24.6,0.89,26.6,0.12,24.6,0.11,26.6,0.15,5.0,0.18,10.0,0.03,0.03,0.093221,1776204404000
1776204406.589,106.589,0.85,5.0,0.82,10.0,0.88,24.6,0.89,26.6,0.12,24.6,0.11,26.6,0.15,5.0,0.18,10.0,0.03,0.03,0.093224,1776204405000
1776204407.213,107.213,0.85,5.0,0.82,10.0,0.88,24.6,0.89,26.6,0.12,24.6,0.11,26.6,0.15,5.0,0.18,10.0,0.03,0.03,0.093224,1776204406000
1776204408.618,108.618,0.85,5.0,0.82,10.0,0.88,24.6,0.89,26.6,0.12,24.6,0.11,26.6,0.15,5.0,0.18,10.0,0.03,0.03,0.093224,1776204407000
1776204409.231,109.231,0.85,5.0,0.82,10.0,0.88,24.6,0.89,26.6,0.12,24.6,0.11,26.6,0.15,5.0,0.18,10.0,0.03,0.03,0.093224,1776204408000
1776204410.708,110.708,0.85,5.0,0.82,10.0,0.88,24.6,0.89,26.6,0.12,24.6,0.11,26.6,0.15,5.0,0.18,10.0,0.03,0.03,0.093224,1776204409000
1776204411.077,111.077,0.85,11.0,0.81,30.0,0.91,26.7,0.92,35.29,0.12,24.6,0.11,26.6,0.15,5.0,0.18,10.0,0.06,0.03,0.093224,1776204409000
1776204411.395,111.395,0.85,11.0,0.81,30.0,0.91,26.7,0.92,35.29,0.09,26.7,0.08,35.29,0.15,11.0,0.19,30.0,0.06,0.06,0.093223,1776204410000
1776204412.19,112.19,0.85,11.0,0.81,30.0,0.91,26.7,0.92,35.29,0.09,26.7,0.08,35.29,0.15,11.0,0.19,30.0,0.06,0.06,0.093223,1776204411000
1776204413.582,113.582,0.85,11.0,0.81,30.0,0.91,26.7,0.92,35.29,0.09,26.7,0.08,35.29,0.15,11.0,0.19,30.0,0.06,0.06,0.093227,1776204412000
1776204414.332,114.332,0.85,11.0,0.81,30.0,0.91,26.7,0.92,35.29,0.09,26.7,0.08,35.29,0.15,11.0,0.19,30.0,0.06,0.06,0.093231,1776204413000
1776204415.825,115.825,0.85,11.0,0.81,30.0,0.91,26.7,0.92,35.29,0.09,26.7,0.08,35.29,0.15,11.0,0.19,30.0,0.06,0.06,0.093229,1776204414000
1776204416.537,116.537,0.85,11.0,0.81,30.0,0.91,26.7,0.92,35.29,0.09,26.7,0.08,35.29,0.15,11.0,0.19,30.0,0.06,0.06,0.093229,1776204415000
1776204417.149,117.149,0.85,11.0,0.81,30.0,0.91,26.7,0.92,35.29,0.09,26.7,0.08,35.29,0.15,11.0,0.19,30.0,0.06,0.06,0.093234,1776204416000
1776204418.052,118.052,0.85,11.0,0.81,30.0,0.91,26.7,0.92,35.29,0.09,26.7,0.08,35.29,0.15,11.0,0.19,30.0,0.06,0.06,0.093234,1776204417000
1776204418.966,118.966,0.85,11.0,0.81,30.0,0.91,26.7,0.92,35.29,0.09,26.7,0.08,35.29,0.15,11.0,0.19,30.0,0.06,0.06,0.093239,1776204418000
1776204419.943,119.943,0.85,11.0,0.81,30.0,0.91,26.7,0.92,35.29,0.09,26.7,0.08,35.29,0.15,11.0,0.19,30.0,0.06,0.06,0.09324,1776204419000
1776204420.946,120.946,0.85,11.0,0.81,30.0,0.91,26.7,0.92,35.29,0.09,26.7,0.08,35.29,0.15,11.0,0.19,30.0,0.06,0.06,0.093243,1776204420000
1776204421.246,121.246,0.86,21.6,0.85,25.39,0.94,40.84,0.95,54.7,0.09,26.7,0.08,35.29,0.15,11.0,0.19,30.0,0.08,0.06,0.093243,1776204420000
1776204421.923,121.923,0.86,21.6,0.85,25.39,0.94,40.84,0.95,54.7,0.06,40.84,0.05,54.7,0.14,21.6,0.15,25.39,0.08,0.08,0.093243,1776204421000
1776204422.864,122.864,0.86,21.6,0.85,25.39,0.94,40.84,0.95,54.7,0.06,40.84,0.05,54.7,0.14,21.6,0.15,25.39,0.08,0.08,0.093246,1776204422000
1776204424.303,124.303,0.86,21.6,0.85,25.39,0.94,40.84,0.95,54.7,0.06,40.84,0.05,54.7,0.14,21.6,0.15,25.39,0.08,0.08,0.093238,1776204423000
1776204425.197,125.197,0.86,21.6,0.85,25.39,0.94,40.84,0.95,54.7,0.06,40.84,0.05,54.7,0.14,21.6,0.15,25.39,0.08,0.08,0.093238,1776204424000
1776204426.21,126.21,0.86,21.6,0.85,25.39,0.94,40.84,0.95,54.7,0.06,40.84,0.05,54.7,0.14,21.6,0.15,25.39,0.08,0.08,0.093232,1776204425000
1776204427.18,127.18,0.86,21.6,0.85,25.39,0.94,40.84,0.95,54.7,0.06,40.84,0.05,54.7,0.14,21.6,0.15,25.39,0.08,0.08,0.093225,1776204426000
1776204428.118,128.118,0.86,21.6,0.85,25.39,0.94,40.84,0.95,54.7,0.06,40.84,0.05,54.7,0.14,21.6,0.15,25.39,0.08,0.08,0.09322,1776204427000
1776204429.122,129.122,0.86,21.6,0.85,25.39,0.94,40.84,0.95,54.7,0.06,40.84,0.05,54.7,0.14,21.6,0.15,25.39,0.08,0.08,0.093221,1776204428000
1776204430.54,130.54,0.71,42.34,0.67,11.8,0.88,20.0,0.89,31.6,0.06,40.84,0.05,54.7,0.14,21.6,0.15,25.39,0.17,0.08,0.093221,1776204428000
1776204431.249,131.249,0.71,27.17,0.67,11.8,0.88,20.0,0.89,31.6,0.12,20.0,0.11,31.6,0.29,27.17,0.33,11.8,0.17,0.17,0.093221,1776204430000
1776204432.264,132.264,0.71,27.17,0.67,11.8,0.88,20.0,0.89,31.6,0.12,20.0,0.11,31.6,0.29,27.17,0.33,11.8,0.17,0.17,0.093194,1776204431000
1776204433.224,133.224,0.71,27.17,0.67,11.8,0.88,20.0,0.89,31.6,0.12,20.0,0.11,31.6,0.29,27.17,0.33,11.8,0.17,0.17,0.093188,1776204432000
1776204434.233,134.233,0.71,27.17,0.67,11.8,0.88,20.0,0.89,31.6,0.12,20.0,0.11,31.6,0.29,27.17,0.33,11.8,0.17,0.17,0.093177,1776204433000
1776204435.303,135.303,0.71,27.17,0.67,11.8,0.88,20.0,0.89,31.6,0.12,20.0,0.11,31.6,0.29,27.17,0.33,11.8,0.17,0.17,0.093168,1776204434000
1776204435.686,135.686,0.64,14.48,0.63,11.2,0.8,9.2,0.81,16.89,0.12,20.0,0.11,31.6,0.29,27.17,0.33,11.8,0.16,0.17,0.093168,1776204434000
1776204436.314,136.314,0.64,14.48,0.63,11.2,0.8,9.2,0.81,16.89,0.2,9.2,0.19,16.89,0.36,14.48,0.37,11.2,0.16,0.16,0.093163,1776204435000
1776204436.871,136.871,0.64,14.48,0.63,11.2,0.8,9.2,0.81,16.89,0.2,9.2,0.19,16.89,0.36,14.48,0.37,11.2,0.16,0.16,0.093163,1776204436000
1776204437.853,137.853,0.64,14.48,0.63,11.2,0.8,9.2,0.81,16.89,0.2,9.2,0.19,16.89,0.36,14.48,0.37,11.2,0.16,0.16,0.093163,1776204437000
1776204438.898,138.898,0.64,14.48,0.63,11.2,0.8,9.2,0.81,16.89,0.2,9.2,0.19,16.89,0.36,14.48,0.37,11.2,0.16,0.16,0.093164,1776204438000
1776204439.891,139.891,0.64,14.48,0.63,11.2,0.8,9.2,0.81,16.89,0.2,9.2,0.19,16.89,0.36,14.48,0.37,11.2,0.16,0.16,0.093158,1776204439000
1776204440.425,140.425,0.64,7.25,0.62,35.73,0.72,12.9,0.73,13.2,0.2,9.2,0.19,16.89,0.36,14.48,0.37,11.2,0.08,0.16,0.093158,1776204439000
1776204441.263,141.263,0.64,7.25,0.62,35.73,0.72,12.9,0.73,13.2,0.28,12.9,0.27,13.2,0.36,7.25,0.38,35.73,0.08,0.08,0.093147,1776204440000
1776204442.254,142.254,0.64,7.25,0.62,35.73,0.72,12.9,0.73,13.2,0.28,12.9,0.27,13.2,0.36,7.25,0.38,35.73,0.08,0.08,0.093143,1776204441000
1776204443.918,143.918,0.64,7.25,0.62,35.73,0.72,12.9,0.73,13.2,0.28,12.9,0.27,13.2,0.36,7.25,0.38,35.73,0.08,0.08,0.093143,1776204442000
1776204444.443,144.443,0.64,7.25,0.62,35.73,0.72,12.9,0.73,13.2,0.28,12.9,0.27,13.2,0.36,7.25,0.38,35.73,0.08,0.08,0.093143,1776204443000
1776204444.946,144.946,0.64,7.25,0.62,35.73,0.71,10.48,0.72,12.9,0.28,12.9,0.27,13.2,0.36,7.25,0.38,35.73,0.07,0.08,0.093143,1776204443000
1776204446.311,146.311,0.64,7.25,0.62,35.73,0.71,10.48,0.72,12.9,0.29,10.48,0.28,12.9,0.36,7.25,0.38,35.73,0.07,0.07,0.093137,1776204445000
1776204447.729,147.729,0.64,7.25,0.62,35.73,0.71,10.48,0.72,12.9,0.29,10.48,0.28,12.9,0.36,7.25,0.38,35.73,0.07,0.07,0.093134,1776204446000
1776204449.089,149.089,0.64,7.25,0.62,35.73,0.71,10.48,0.72,12.9,0.29,10.48,0.28,12.9,0.36,7.25,0.38,35.73,0.07,0.07,0.093132,1776204447000
1776204449.813,149.813,0.64,7.25,0.62,35.73,0.71,10.48,0.72,12.9,0.29,10.48,0.28,12.9,0.36,7.25,0.38,35.73,0.07,0.07,0.093134,1776204448000
1776204450.43,150.43,0.64,7.25,0.62,35.73,0.71,10.48,0.72,12.9,0.29,10.48,0.28,12.9,0.36,7.25,0.38,35.73,0.07,0.07,0.093145,1776204449000
1776204451.083,151.083,0.64,7.25,0.62,35.73,0.71,10.48,0.72,12.9,0.29,10.48,0.28,12.9,0.36,7.25,0.38,35.73,0.07,0.07,0.093145,1776204450000
1776204452.373,152.373,0.64,7.25,0.62,35.73,0.71,10.48,0.72,12.9,0.29,10.48,0.28,12.9,0.36,7.25,0.38,35.73,0.07,0.07,0.093155,1776204451000
1776204452.976,152.976,0.64,7.25,0.62,35.73,0.71,10.48,0.72,12.9,0.29,10.48,0.28,12.9,0.36,7.25,0.38,35.73,0.07,0.07,0.093156,1776204452000
1776204454.325,154.325,0.64,7.25,0.62,35.73,0.71,10.48,0.72,12.9,0.29,10.48,0.28,12.9,0.36,7.25,0.38,35.73,0.07,0.07,0.093153,1776204453000
1776204454.92,154.92,0.64,7.25,0.62,35.73,0.71,10.48,0.72,12.9,0.29,10.48,0.28,12.9,0.36,7.25,0.38,35.73,0.07,0.07,0.093153,1776204454000
1776204456.163,156.163,0.64,7.25,0.62,35.73,0.71,10.48,0.72,12.9,0.29,10.48,0.28,12.9,0.36,7.25,0.38,35.73,0.07,0.07,0.093155,1776204455000
1776204457.176,157.176,0.75,9.0,0.72,12.9,0.85,17.1,0.86,21.6,0.29,10.48,0.28,12.9,0.36,7.25,0.38,35.73,0.1,0.07,0.093155,1776204455000
1776204457.536,157.536,0.75,9.0,0.72,12.9,0.85,17.1,0.86,21.6,0.15,17.1,0.14,21.6,0.25,9.0,0.28,12.9,0.1,0.1,0.09317,1776204456000
1776204458.243,158.243,0.75,9.0,0.72,12.9,0.85,17.1,0.86,21.6,0.15,17.1,0.14,21.6,0.25,9.0,0.28,12.9,0.1,0.1,0.093171,1776204457000
1776204459.468,159.468,0.75,9.0,0.72,12.9,0.85,17.1,0.86,21.6,0.15,17.1,0.14,21.6,0.25,9.0,0.28,12.9,0.1,0.1,0.09317,1776204458000
1776204460.226,160.226,0.75,9.0,0.72,12.9,0.85,17.1,0.86,21.6,0.15,17.1,0.14,21.6,0.25,9.0,0.28,12.9,0.1,0.1,0.093163,1776204459000
1776204461.427,161.427,0.75,9.0,0.72,12.9,0.85,17.1,0.86,21.6,0.15,17.1,0.14,21.6,0.25,9.0,0.28,12.9,0.1,0.1,0.093149,1776204460000
1776204461.939,161.939,0.67,1.45,0.64,7.25,0.71,50.0,0.73,5.0,0.29,50.0,0.27,5.0,0.33,1.45,0.36,7.25,0.04,0.04,0.093128,1776204461000
1776204462.221,162.221,0.64,1.64,0.62,35.73,0.71,50.0,0.73,5.0,0.29,50.0,0.27,5.0,0.36,3.7,0.38,35.73,0.07,0.07,0.093128,1776204461000
1776204463.138,163.138,0.64,1.64,0.62,35.73,0.71,50.0,0.73,5.0,0.29,50.0,0.27,5.0,0.36,1.64,0.38,35.73,0.07,0.07,0.093118,1776204462000
1776204464.495,164.495,0.64,1.64,0.62,35.73,0.71,50.0,0.73,5.0,0.29,50.0,0.27,5.0,0.36,1.64,0.38,35.73,0.07,0.07,0.093108,1776204463000
1776204465.366,165.366,0.64,1.64,0.62,35.73,0.71,50.0,0.73,5.0,0.29,50.0,0.27,5.0,0.36,1.64,0.38,35.73,0.07,0.07,0.093108,1776204464000
1776204466.346,166.346,0.64,1.64,0.62,35.73,0.71,50.0,0.73,5.0,0.29,50.0,0.27,5.0,0.36,1.64,0.38,35.73,0.07,0.07,0.09311,1776204465000
1776204467.83,167.83,0.64,1.64,0.62,35.73,0.71,50.0,0.73,5.0,0.29,50.0,0.27,5.0,0.36,1.64,0.38,35.73,0.07,0.07,0.09311,1776204466000
1776204468.386,168.386,0.64,1.64,0.62,35.73,0.71,50.0,0.73,5.0,0.29,50.0,0.27,5.0,0.36,1.64,0.38,35.73,0.07,0.07,0.093114,1776204467000
1776204468.914,168.914,0.64,1.64,0.62,35.73,0.71,50.0,0.73,5.0,0.29,50.0,0.27,5.0,0.36,1.64,0.38,35.73,0.07,0.07,0.093116,1776204468000
1776204470.442,170.442,0.64,1.64,0.62,35.73,0.71,50.0,0.73,5.0,0.29,50.0,0.27,5.0,0.36,1.64,0.38,35.73,0.07,0.07,0.093126,1776204469000
1776204471.102,171.102,0.64,1.64,0.62,35.73,0.71,50.0,0.73,5.0,0.29,50.0,0.27,5.0,0.36,1.64,0.38,35.73,0.07,0.07,0.093126,1776204470000
1776204472.238,172.238,0.64,1.64,0.62,35.73,0.71,50.0,0.73,5.0,0.29,50.0,0.27,5.0,0.36,1.64,0.38,35.73,0.07,0.07,0.093125,1776204471000
1776204473.314,173.314,0.64,1.64,0.62,35.73,0.71,50.0,0.73,5.0,0.29,50.0,0.27,5.0,0.36,1.64,0.38,35.73,0.07,0.07,0.093123,1776204472000
1776204473.986,173.986,0.64,1.64,0.62,35.73,0.71,50.0,0.73,5.0,0.29,50.0,0.27,5.0,0.36,1.64,0.38,35.73,0.07,0.07,0.093126,1776204473000
1776204474.382,174.382,0.71,66.0,0.64,1.64,0.8,2.0,0.86,21.6,0.29,50.0,0.27,5.0,0.36,1.64,0.38,35.73,0.09,0.07,0.093126,1776204473000
1776204475.143,175.143,0.71,66.0,0.64,1.64,0.8,2.0,0.86,21.6,0.2,2.0,0.14,21.6,0.29,66.0,0.36,1.64,0.09,0.09,0.093134,1776204474000
1776204476.433,176.433,0.71,66.0,0.64,1.64,0.8,2.0,0.86,21.6,0.2,2.0,0.14,21.6,0.29,66.0,0.36,1.64,0.09,0.09,0.093167,1776204475000
1776204478.071,178.071,0.71,66.0,0.64,1.64,0.8,2.0,0.86,21.6,0.2,2.0,0.14,21.6,0.29,66.0,0.36,1.64,0.09,0.09,0.093182,1776204477000
1776204479.258,179.258,0.71,66.0,0.64,1.64,0.8,2.0,0.86,21.6,0.2,2.0,0.14,21.6,0.29,66.0,0.36,1.64,0.09,0.09,0.093184,1776204478000
1776204480.39,180.39,0.71,66.0,0.64,1.64,0.8,2.0,0.86,21.6,0.2,2.0,0.14,21.6,0.29,66.0,0.36,1.64,0.09,0.09,0.093182,1776204479000
1776204480.903,180.903,0.71,66.0,0.64,1.64,0.8,2.0,0.86,21.6,0.2,2.0,0.14,21.6,0.29,66.0,0.36,1.64,0.09,0.09,0.093178,1776204480000
1776204482.322,182.322,0.71,66.0,0.64,1.64,0.8,2.0,0.86,21.6,0.2,2.0,0.14,21.6,0.29,66.0,0.36,1.64,0.09,0.09,0.093183,1776204481000
1776204482.931,182.931,0.71,66.0,0.64,1.64,0.8,2.0,0.86,21.6,0.2,2.0,0.14,21.6,0.29,66.0,0.36,1.64,0.09,0.09,0.093192,1776204482000
1776204484.123,184.123,0.71,66.0,0.64,1.64,0.8,2.0,0.86,21.6,0.2,2.0,0.14,21.6,0.29,66.0,0.36,1.64,0.09,0.09,0.093199,1776204483000
1776204485.163,185.163,0.71,66.0,0.64,1.64,0.8,2.0,0.86,21.6,0.2,2.0,0.14,21.6,0.29,66.0,0.36,1.64,0.09,0.09,0.093197,1776204484000
1776204486.459,186.459,0.71,66.0,0.64,1.64,0.8,2.0,0.86,21.6,0.2,2.0,0.14,21.6,0.29,66.0,0.36,1.64,0.09,0.09,0.093192,1776204485000
1776204487.124,187.124,0.71,66.0,0.64,1.64,0.8,2.0,0.86,21.6,0.2,2.0,0.14,21.6,0.29,66.0,0.36,1.64,0.09,0.09,0.0932,1776204486000
1776204488.215,188.215,0.71,66.0,0.64,1.64,0.8,2.0,0.86,21.6,0.2,2.0,0.14,21.6,0.29,66.0,0.36,1.64,0.09,0.09,0.093201,1776204487000
1776204489.321,189.321,0.71,66.0,0.64,1.64,0.8,2.0,0.86,21.6,0.2,2.0,0.14,21.6,0.29,66.0,0.36,1.64,0.09,0.09,0.093195,1776204488000
1776204490.332,190.332,0.71,66.0,0.64,1.64,0.8,2.0,0.86,21.6,0.2,2.0,0.14,21.6,0.29,66.0,0.36,1.64,0.09,0.09,0.093181,1776204489000
1776204490.989,190.989,0.71,66.0,0.64,1.64,0.8,2.0,0.86,21.6,0.2,2.0,0.14,21.6,0.29,66.0,0.36,1.64,0.09,0.09,0.093182,1776204490000
1776204492.11,192.11,0.71,66.0,0.64,1.64,0.8,2.0,0.86,21.6,0.2,2.0,0.14,21.6,0.29,66.0,0.36,1.64,0.09,0.09,0.093184,1776204491000
1776204493.195,193.195,0.71,66.0,0.64,1.64,0.8,2.0,0.86,21.6,0.2,2.0,0.14,21.6,0.29,66.0,0.36,1.64,0.09,0.09,0.093184,1776204492000
1776204494.2,194.2,0.71,66.0,0.64,1.64,0.8,2.0,0.86,21.6,0.2,2.0,0.14,21.6,0.29,66.0,0.36,1.64,0.09,0.09,0.093186,1776204493000
1776204495.265,195.265,0.71,66.0,0.64,1.64,0.8,2.0,0.86,21.6,0.2,2.0,0.14,21.6,0.29,66.0,0.36,1.64,0.09,0.09,0.09318,1776204494000
1776204496.263,196.263,0.71,66.0,0.64,1.64,0.8,2.0,0.86,21.6,0.2,2.0,0.14,21.6,0.29,66.0,0.36,1.64,0.09,0.09,0.093185,1776204495000
1776204497.21,197.21,0.71,66.0,0.64,1.64,0.8,2.0,0.86,21.6,0.2,2.0,0.14,21.6,0.29,66.0,0.36,1.64,0.09,0.09,0.093189,1776204496000
1776204498.19,198.19,0.71,66.0,0.64,1.64,0.8,2.0,0.86,21.6,0.2,2.0,0.14,21.6,0.29,66.0,0.36,1.64,0.09,0.09,0.093192,1776204497000
1776204499.378,199.378,0.71,66.0,0.64,1.64,0.8,2.0,0.86,21.6,0.2,2.0,0.14,21.6,0.29,66.0,0.36,1.64,0.09,0.09,0.093181,1776204498000
1776204499.869,199.869,0.71,66.0,0.64,1.64,0.8,2.0,0.86,21.6,0.2,2.0,0.14,21.6,0.29,66.0,0.36,1.64,0.09,0.09,0.093174,1776204499000
1776204500.855,200.855,0.71,66.0,0.64,1.64,0.8,2.0,0.86,21.6,0.2,2.0,0.14,21.6,0.29,66.0,0.36,1.64,0.09,0.09,0.093202,1776204500000
1776204501.85,201.85,0.71,66.0,0.64,1.64,0.8,2.0,0.86,21.6,0.2,2.0,0.14,21.6,0.29,66.0,0.36,1.64,0.09,0.09,0.093226,1776204501000
1776204502.901,202.901,0.71,66.0,0.64,1.64,0.8,2.0,0.86,21.6,0.2,2.0,0.14,21.6,0.29,66.0,0.36,1.64,0.09,0.09,0.093226,1776204502000
1776204503.911,203.911,0.71,66.0,0.64,1.64,0.8,2.0,0.86,21.6,0.2,2.0,0.14,21.6,0.29,66.0,0.36,1.64,0.09,0.09,0.093223,1776204503000
1776204504.941,204.941,0.71,66.0,0.64,1.64,0.8,2.0,0.86,21.6,0.2,2.0,0.14,21.6,0.29,66.0,0.36,1.64,0.09,0.09,0.093224,1776204504000
1776204506.384,206.384,0.71,66.0,0.64,1.64,0.8,2.0,0.86,21.6,0.2,2.0,0.14,21.6,0.29,66.0,0.36,1.64,0.09,0.09,0.093225,1776204505000
1776204507.099,207.099,0.71,66.0,0.64,1.64,0.8,2.0,0.86,21.6,0.2,2.0,0.14,21.6,0.29,66.0,0.36,1.64,0.09,0.09,0.09322,1776204506000
1776204507.912,207.912,0.71,66.0,0.64,1.64,0.8,2.0,0.86,21.6,0.2,2.0,0.14,21.6,0.29,66.0,0.36,1.64,0.09,0.09,0.09322,1776204507000
1776204508.92,208.92,0.71,66.0,0.64,1.64,0.8,2.0,0.86,21.6,0.2,2.0,0.14,21.6,0.29,66.0,0.36,1.64,0.09,0.09,0.09322,1776204508000
1776204509.876,209.876,0.71,66.0,0.64,1.64,0.8,2.0,0.86,21.6,0.2,2.0,0.14,21.6,0.29,66.0,0.36,1.64,0.09,0.09,0.09322,1776204509000
1776204510.791,210.791,0.71,66.0,0.64,1.64,0.8,2.0,0.86,21.6,0.2,2.0,0.14,21.6,0.29,66.0,0.36,1.64,0.09,0.09,0.093231,1776204510000
1776204512.241,212.241,0.71,66.0,0.64,1.64,0.8,2.0,0.86,21.6,0.2,2.0,0.14,21.6,0.29,66.0,0.36,1.64,0.09,0.09,0.093232,1776204511000
1776204513.315,213.315,0.71,66.0,0.64,1.64,0.8,2.0,0.86,21.6,0.2,2.0,0.14,21.6,0.29,66.0,0.36,1.64,0.09,0.09,0.093237,1776204512000
1776204514.135,214.135,0.71,66.0,0.64,1.64,0.8,2.0,0.86,21.6,0.2,2.0,0.14,21.6,0.29,66.0,0.36,1.64,0.09,0.09,0.093237,1776204513000
1776204515.133,215.133,0.71,66.0,0.64,1.64,0.8,2.0,0.86,21.6,0.2,2.0,0.14,21.6,0.29,66.0,0.36,1.64,0.09,0.09,0.093235,1776204514000
1776204516.158,216.158,0.71,66.0,0.64,1.64,0.8,2.0,0.86,21.6,0.2,2.0,0.14,21.6,0.29,66.0,0.36,1.64,0.09,0.09,0.093242,1776204515000
1776204516.725,216.725,0.95,54.7,0.94,55.1,0.98,132.17,0.99,5502.75,0.2,2.0,0.14,21.6,0.29,66.0,0.36,1.64,0.03,0.09,0.093242,1776204515000
1776204517.214,217.214,0.95,54.7,0.94,55.1,0.98,132.17,0.99,5502.75,0.02,132.17,0.01,5502.75,0.05,54.7,0.06,55.1,0.03,0.03,0.093242,1776204516000
1776204518.145,218.145,0.95,54.7,0.94,55.1,0.98,132.17,0.99,5502.75,0.02,132.17,0.01,5502.75,0.05,54.7,0.06,55.1,0.03,0.03,0.093243,1776204517000
1776204519.002,219.002,0.95,54.7,0.94,55.1,0.98,132.17,0.99,5502.75,0.02,132.17,0.01,5502.75,0.05,54.7,0.06,55.1,0.03,0.03,0.093243,1776204518000
1776204519.994,219.994,0.95,54.7,0.94,55.1,0.98,132.17,0.99,5502.75,0.02,132.17,0.01,5502.75,0.05,54.7,0.06,55.1,0.03,0.03,0.093255,1776204519000
1776204521.101,221.101,0.95,54.7,0.94,55.1,0.98,132.17,0.99,5502.75,0.02,132.17,0.01,5502.75,0.05,54.7,0.06,55.1,0.03,0.03,0.093263,1776204520000
1776204522.115,222.115,0.95,54.7,0.94,55.1,0.98,132.17,0.99,5502.75,0.02,132.17,0.01,5502.75,0.05,54.7,0.06,55.1,0.03,0.03,0.093264,1776204521000
1776204523.055,223.055,0.95,54.7,0.94,55.1,0.98,132.17,0.99,5502.75,0.02,132.17,0.01,5502.75,0.05,54.7,0.06,55.1,0.03,0.03,0.093269,1776204522000
1776204524.068,224.068,0.95,54.7,0.94,55.1,0.98,132.17,0.99,5502.75,0.02,132.17,0.01,5502.75,0.05,54.7,0.06,55.1,0.03,0.03,0.093282,1776204523000
1776204525.241,225.241,0.95,54.7,0.94,55.1,0.98,132.17,0.99,5502.75,0.02,132.17,0.01,5502.75,0.05,54.7,0.06,55.1,0.03,0.03,0.093282,1776204524000
1776204526.188,226.188,0.95,54.7,0.94,55.1,0.98,132.17,0.99,5502.75,0.02,132.17,0.01,5502.75,0.05,54.7,0.06,55.1,0.03,0.03,0.093276,1776204525000
1776204527.171,227.171,0.95,54.7,0.94,55.1,0.98,132.17,0.99,5502.75,0.02,132.17,0.01,5502.75,0.05,54.7,0.06,55.1,0.03,0.03,0.093274,1776204526000
1776204528.134,228.134,0.95,54.7,0.94,55.1,0.98,132.17,0.99,5502.75,0.02,132.17,0.01,5502.75,0.05,54.7,0.06,55.1,0.03,0.03,0.093274,1776204527000
1776204529.128,229.128,0.95,54.7,0.94,55.1,0.98,132.17,0.99,5502.75,0.02,132.17,0.01,5502.75,0.05,54.7,0.06,55.1,0.03,0.03,0.093273,1776204528000
1776204530.118,230.118,0.95,54.7,0.94,55.1,0.98,132.17,0.99,5502.75,0.02,132.17,0.01,5502.75,0.05,54.7,0.06,55.1,0.03,0.03,0.093269,1776204529000
1776204531.02,231.02,0.95,54.7,0.94,55.1,0.98,132.17,0.99,5502.75,0.02,132.17,0.01,5502.75,0.05,54.7,0.06,55.1,0.03,0.03,0.093272,1776204530000
1776204532.265,232.265,0.95,54.7,0.94,55.1,0.98,132.17,0.99,5502.75,0.02,132.17,0.01,5502.75,0.05,54.7,0.06,55.1,0.03,0.03,0.093272,1776204531000
1776204534.389,234.389,0.95,54.7,0.94,55.1,0.98,132.17,0.99,5502.75,0.02,132.17,0.01,5502.75,0.05,54.7,0.06,55.1,0.03,0.03,0.093265,1776204532000
1776204535.146,235.146,0.95,54.7,0.94,55.1,0.98,132.17,0.99,5502.75,0.02,132.17,0.01,5502.75,0.05,54.7,0.06,55.1,0.03,0.03,0.093264,1776204534000
1776204536.491,236.491,0.95,54.7,0.94,55.1,0.98,132.17,0.99,5502.75,0.02,132.17,0.01,5502.75,0.05,54.7,0.06,55.1,0.03,0.03,0.093265,1776204535000
1776204537.317,237.317,0.95,54.7,0.94,55.1,0.98,132.17,0.99,5502.75,0.02,132.17,0.01,5502.75,0.05,54.7,0.06,55.1,0.03,0.03,0.093273,1776204536000
1776204537.607,237.607,0.98,137.69,0.97,94.3,0.99,189.15,,,0.02,132.17,0.01,5502.75,0.05,54.7,0.06,55.1,0.01,0.03,0.093273,1776204536000
1776204538.025,238.025,0.98,137.69,0.97,94.3,0.99,189.15,,,0.01,189.15,,,0.02,137.69,0.03,94.3,0.01,0.01,0.093274,1776204537000
1776204539.444,239.444,0.98,137.69,0.97,94.3,0.99,189.15,,,0.01,189.15,,,0.02,137.69,0.03,94.3,0.01,0.01,0.093281,1776204538000
1776204540.004,240.004,0.98,137.69,0.97,94.3,0.99,114.1,,,0.01,114.1,,,0.02,137.69,0.03,94.3,0.01,0.01,0.093281,1776204539000
1776204540.35,240.35,0.98,137.69,0.97,94.3,0.99,103.99,,,0.01,114.1,,,0.02,137.69,0.03,94.3,0.01,0.01,0.093281,1776204539000
1776204541.39,241.39,0.98,137.69,0.97,94.3,0.99,88.89,,,0.01,93.89,,,0.02,137.69,0.03,94.3,0.01,0.01,0.093281,1776204539000
1776204541.629,241.629,0.98,137.69,0.97,94.3,0.99,88.89,,,0.01,88.89,,,0.02,137.69,0.03,94.3,0.01,0.01,0.093279,1776204540000
1776204542.241,242.241,0.98,137.69,0.97,94.3,0.99,88.89,,,0.01,88.89,,,0.02,137.69,0.03,94.3,0.01,0.01,0.093277,1776204541000
1776204543.707,243.707,0.98,137.69,0.97,94.3,0.99,88.89,,,0.01,88.89,,,0.02,137.69,0.03,94.3,0.01,0.01,0.093282,1776204542000
1776204544.004,244.004,0.98,137.69,0.97,89.3,0.99,73.89,,,0.01,88.89,,,0.02,137.69,0.03,94.3,0.01,0.01,0.093282,1776204542000
1776204544.413,244.413,0.98,137.69,0.97,89.3,0.99,73.89,,,0.01,73.89,,,0.02,137.69,0.03,89.3,0.01,0.01,0.093282,1776204543000
1776204545.108,245.108,0.98,137.69,0.97,89.3,0.99,73.89,,,0.01,73.89,,,0.02,137.69,0.03,89.3,0.01,0.01,0.093282,1776204544000
1776204546.079,246.079,0.98,137.69,0.97,89.3,0.99,68.89,,,0.01,73.89,,,0.02,137.69,0.03,89.3,0.01,0.01,0.093282,1776204544000
1776204546.612,246.612,0.98,137.69,0.97,89.3,0.99,68.89,,,0.01,68.89,,,0.02,137.69,0.03,89.3,0.01,0.01,0.093283,1776204545000
1776204547.359,247.359,0.98,137.69,0.97,89.3,0.99,68.89,,,0.01,68.89,,,0.02,137.69,0.03,89.3,0.01,0.01,0.093285,1776204546000
1776204548.025,248.025,0.98,137.69,0.97,89.3,0.99,66.87,,,0.01,66.87,,,0.02,137.69,0.03,89.3,0.01,0.01,0.093285,1776204547000
1776204549.27,249.27,0.98,137.69,0.97,89.3,0.99,64.85,,,0.01,66.87,,,0.02,137.69,0.03,89.3,0.01,0.01,0.093285,1776204547000
1776204549.591,249.591,0.98,137.69,0.97,89.3,0.99,64.85,,,0.01,64.85,,,0.02,137.69,0.03,89.3,0.01,0.01,0.093284,1776204548000
1776204550.277,250.277,0.98,137.69,0.97,89.3,0.99,64.85,,,0.01,64.85,,,0.02,137.69,0.03,89.3,0.01,0.01,0.093282,1776204549000
1776204551.375,251.375,0.98,137.69,0.97,89.3,0.99,64.85,,,0.01,64.85,,,0.02,137.69,0.03,89.3,0.01,0.01,0.093282,1776204550000
1776204551.9,251.9,0.98,137.69,0.97,89.3,0.99,64.85,,,0.01,64.85,,,0.02,137.69,0.03,89.3,0.01,0.01,0.09328,1776204551000
1776204552.821,252.821,0.98,137.69,0.97,89.3,0.99,64.85,,,0.01,64.85,,,0.02,137.69,0.03,89.3,0.01,0.01,0.093279,1776204552000
1776204553.909,253.909,0.98,137.69,0.97,89.3,0.99,64.85,,,0.01,64.85,,,0.02,137.69,0.03,89.3,0.01,0.01,0.093279,1776204553000
1776204555.112,255.112,0.99,935.15,0.98,137.69,,,,,0.01,64.85,,,0.02,137.69,0.03,89.3,,0.01,0.093279,1776204553000
1776204555.392,255.392,0.99,2408.85,0.98,137.69,,,,,,,,,0.01,935.15,0.02,137.69,,,0.093279,1776204553000
1776204555.603,255.603,0.99,2408.85,0.98,137.69,,,,,,,,,0.01,2408.85,0.02,137.69,,,0.093283,1776204554000
1776204556.211,256.211,0.99,2407.6,0.98,137.69,,,,,,,,,0.01,2407.6,0.02,137.69,,,0.093283,1776204555000
1776204557.346,257.346,0.99,2407.6,0.98,137.69,,,,,,,,,0.01,2407.6,0.02,137.69,,,0.093299,1776204556000
1776204558.5,258.5,0.99,2407.6,0.98,137.69,,,,,,,,,0.01,2407.6,0.02,137.69,,,0.093311,1776204557000
1776204558.969,258.969,0.99,2407.6,0.98,137.69,,,,,,,,,0.01,2407.6,0.02,137.69,,,0.093311,1776204558000
1776204560.402,260.402,0.99,2407.6,0.98,137.69,,,,,,,,,0.01,2407.6,0.02,137.69,,,0.093317,1776204559000
1776204561.532,261.532,0.99,2407.6,0.98,137.69,,,,,,,,,0.01,2407.6,0.02,137.69,,,0.093321,1776204560000
1776204562.101,262.101,0.99,2407.6,0.98,137.69,,,,,,,,,0.01,2407.6,0.02,137.69,,,0.093321,1776204561000
1776204563.194,263.194,0.99,2407.6,0.98,137.69,,,,,,,,,0.01,2407.6,0.02,137.69,,,0.093322,1776204562000
1776204564.374,264.374,0.99,2407.6,0.98,137.69,,,,,,,,,0.01,2407.6,0.02,137.69,,,0.093323,1776204563000
1776204564.979,264.979,0.99,2407.6,0.98,137.69,,,,,,,,,0.01,2407.6,0.02,137.69,,,0.093323,1776204564000
1776204566.547,266.547,0.99,2407.6,0.98,137.69,,,,,,,,,0.01,2407.6,0.02,137.69,,,0.093322,1776204565000
1776204567.063,267.063,0.99,2407.6,0.98,137.69,,,,,,,,,0.01,2407.6,0.02,137.69,,,0.093321,1776204566000
1776204568.092,268.092,0.99,2407.6,0.98,137.69,,,,,,,,,0.01,2407.6,0.02,137.69,,,0.09332,1776204567000
1776204569.079,269.079,0.99,2407.6,0.98,137.69,,,,,,,,,0.01,2407.6,0.02,137.69,,,0.09332,1776204568000
1776204570.104,270.104,0.99,2407.6,0.98,137.69,,,,,,,,,0.01,2407.6,0.02,137.69,,,0.093332,1776204569000
1776204571.083,271.083,0.99,2407.6,0.98,137.69,,,,,,,,,0.01,2407.6,0.02,137.69,,,0.093332,1776204570000
1776204572.114,272.114,0.99,2407.6,0.98,137.69,,,,,,,,,0.01,2407.6,0.02,137.69,,,0.093375,1776204571000
1776204573.09,273.09,0.99,2407.6,0.98,137.69,,,,,,,,,0.01,2407.6,0.02,137.69,,,0.093367,1776204572000
1776204574.092,274.092,0.99,2407.6,0.98,137.69,,,,,,,,,0.01,2407.6,0.02,137.69,,,0.093356,1776204573000
1776204575.05,275.05,0.99,2407.6,0.98,137.69,,,,,,,,,0.01,2407.6,0.02,137.69,,,0.093334,1776204574000
1776204576.093,276.093,0.99,2407.6,0.98,137.69,,,,,,,,,0.01,2407.6,0.02,137.69,,,0.093325,1776204575000
1776204576.98,276.98,0.99,2407.6,0.98,137.69,,,,,,,,,0.01,2407.6,0.02,137.69,,,0.093325,1776204576000
1776204578.007,278.007,0.99,2407.6,0.98,137.69,,,,,,,,,0.01,2407.6,0.02,137.69,,,0.093321,1776204577000
1776204579.329,279.329,0.99,2407.6,0.98,137.69,,,,,,,,,0.01,2407.6,0.02,137.69,,,0.093315,1776204578000
1776204580.231,280.231,0.99,2407.6,0.98,137.69,,,,,,,,,0.01,2407.6,0.02,137.69,,,0.093315,1776204579000
1776204581.25,281.25,0.99,2407.6,0.98,137.69,,,,,,,,,0.01,2407.6,0.02,137.69,,,0.093315,1776204580000
1776204582.157,282.157,0.99,2407.6,0.98,137.69,,,,,,,,,0.01,2407.6,0.02,137.69,,,0.093315,1776204581000
1776204583.015,283.015,0.99,2407.6,0.98,137.69,,,,,,,,,0.01,2407.6,0.02,137.69,,,0.093334,1776204582000
1776204584.044,284.044,0.99,2407.6,0.98,137.69,,,,,,,,,0.01,2407.6,0.02,137.69,,,0.093336,1776204583000
1776204584.973,284.973,0.99,2407.6,0.98,137.69,,,,,,,,,0.01,2407.6,0.02,137.69,,,0.093336,1776204584000
1776204586.038,286.038,0.99,2407.6,0.98,137.69,,,,,,,,,0.01,2407.6,0.02,137.69,,,0.093337,1776204585000
1776204586.98,286.98,0.99,2407.6,0.98,137.69,,,,,,,,,0.01,2407.6,0.02,137.69,,,0.09338,1776204586000
1776204587.956,287.956,0.99,2407.6,0.98,137.69,,,,,,,,,0.01,2407.6,0.02,137.69,,,0.09338,1776204587000
1776204588.901,288.901,0.99,2407.6,0.98,137.69,,,,,,,,,0.01,2407.6,0.02,137.69,,,0.09338,1776204588000
1776204589.835,289.835,0.99,2407.6,0.98,137.69,,,,,,,,,0.01,2407.6,0.02,137.69,,,0.093381,1776204589000
1776204590.807,290.807,0.99,2407.6,0.98,137.69,,,,,,,,,0.01,2407.6,0.02,137.69,,,0.09338,1776204590000
1776204592.584,292.584,0.99,2407.6,0.98,137.69,,,,,,,,,0.01,2407.6,0.02,137.69,,,0.093382,1776204591000
1776204593.169,293.169,0.99,2407.6,0.98,137.69,,,,,,,,,0.01,2407.6,0.02,137.69,,,0.093382,1776204592000
1776204594.215,294.215,0.99,2407.6,0.98,137.69,,,,,,,,,0.01,2407.6,0.02,137.69,,,0.093399,1776204593000
1776204595.348,295.348,0.99,2407.6,0.98,137.69,,,,,,,,,0.01,2407.6,0.02,137.69,,,0.093401,1776204594000
1776204595.887,295.887,0.99,2407.6,0.98,137.69,,,,,,,,,0.01,2407.6,0.02,137.69,,,0.093401,1776204595000
1776204597.016,297.016,0.99,2407.6,0.98,137.69,,,,,,,,,0.01,2407.6,0.02,137.69,,,0.09341,1776204596000
1776204598.183,298.183,0.99,2407.6,0.98,137.69,,,,,,,,,0.01,2407.6,0.02,137.69,,,0.093405,1776204597000
1776204599.225,299.225,0.99,2407.6,0.98,137.69,,,,,,,,,0.01,2407.6,0.02,137.69,,,0.093405,1776204598000
1776204600.43,300.43,0.99,2407.6,0.98,137.69,,,,,,,,,0.01,2407.6,0.02,137.69,,,0.093393,1776204599000
1776204600.955,300.955,0.99,2407.6,0.98,137.69,,,,,,,,,0.01,2407.6,0.02,137.69,,,0.093393,1776204600000
1776204602.01,302.01,0.99,2407.6,0.98,137.69,,,,,,,,,0.01,2407.6,0.02,137.69,,,0.093391,1776204601000

# RESULT,winner=Up,slug=doge-updown-5m-1776204300,ticks=325
