timestamp,elapsed_sec,up_bid_p1,up_bid_s1,up_bid_p2,up_bid_s2,up_ask_p1,up_ask_s1,up_ask_p2,up_ask_s2,down_bid_p1,down_bid_s1,down_bid_p2,down_bid_s2,down_ask_p1,down_ask_s1,down_ask_p2,down_ask_s2,up_spread,down_spread,doge_price,doge_oracle_ts
1776223801.377,1.377,0.33,300.0,0.31,375.0,0.46,5.0,0.67,300.0,0.54,5.0,0.33,300.0,0.67,300.0,0.69,375.0,0.13,0.13,0.093307,1776223800000
1776223801.734,1.734,0.33,300.0,0.31,375.0,0.46,5.0,0.67,300.0,0.54,5.0,0.33,300.0,0.67,300.0,0.69,375.0,0.13,0.13,0.093307,1776223800000
1776223802.266,2.266,0.33,300.0,0.31,375.0,0.46,5.0,0.67,300.0,0.54,5.0,0.33,300.0,0.67,300.0,0.69,375.0,0.13,0.13,0.093307,1776223801000
1776223802.929,2.929,0.33,289.4,0.31,375.0,0.46,5.0,0.67,300.0,0.54,5.0,0.33,300.0,0.67,289.4,0.69,375.0,0.13,0.13,0.093305,1776223802000
1776223804.078,4.078,0.33,289.4,0.31,375.0,0.46,5.0,0.67,300.0,0.54,5.0,0.33,300.0,0.67,289.4,0.69,375.0,0.13,0.13,0.093299,1776223803000
1776223805.188,5.188,0.33,289.4,0.31,375.0,0.46,5.0,0.67,300.0,0.54,5.0,0.33,300.0,0.67,289.4,0.69,375.0,0.13,0.13,0.09329,1776223804000
1776223805.88,5.88,0.45,5.0,0.31,50.0,0.58,5.0,0.61,50.0,0.54,5.0,0.33,300.0,0.67,289.4,0.69,375.0,0.13,0.13,0.09329,1776223804000
1776223806.331,6.331,0.45,5.0,0.31,50.0,0.58,5.0,0.61,50.0,0.42,5.0,0.39,50.0,0.55,5.0,0.69,50.0,0.13,0.13,0.093294,1776223805000
1776223806.88,6.88,0.45,5.0,0.31,50.0,0.58,5.0,0.61,50.0,0.42,5.0,0.39,50.0,0.55,5.0,0.69,50.0,0.13,0.13,0.093306,1776223806000
1776223807.992,7.992,0.45,5.0,0.31,50.0,0.58,5.0,0.61,50.0,0.42,5.0,0.39,50.0,0.55,5.0,0.69,50.0,0.13,0.13,0.093313,1776223807000
1776223809.152,9.152,0.45,5.0,0.31,50.0,0.58,5.0,0.61,50.0,0.42,5.0,0.39,50.0,0.55,5.0,0.69,50.0,0.13,0.13,0.093313,1776223808000
1776223810.335,10.335,0.45,5.0,0.31,50.0,0.58,5.0,0.61,50.0,0.42,5.0,0.39,50.0,0.55,5.0,0.69,50.0,0.13,0.13,0.093313,1776223809000
1776223810.907,10.907,0.45,5.0,0.31,50.0,0.58,5.0,0.61,50.0,0.42,5.0,0.39,50.0,0.55,5.0,0.69,50.0,0.13,0.13,0.093314,1776223810000
1776223812.098,12.098,0.45,5.0,0.31,50.0,0.58,5.0,0.61,50.0,0.42,5.0,0.39,50.0,0.55,5.0,0.69,50.0,0.13,0.13,0.093314,1776223811000
1776223813.264,13.264,0.45,5.0,0.31,50.0,0.58,5.0,0.61,50.0,0.42,5.0,0.39,50.0,0.55,5.0,0.69,50.0,0.13,0.13,0.093317,1776223812000
1776223814.447,14.447,0.45,5.0,0.31,50.0,0.58,5.0,0.61,50.0,0.42,5.0,0.39,50.0,0.55,5.0,0.69,50.0,0.13,0.13,0.093314,1776223813000
1776223815.116,15.116,0.45,5.0,0.31,50.0,0.58,5.0,0.61,50.0,0.42,5.0,0.39,50.0,0.55,5.0,0.69,50.0,0.13,0.13,0.093314,1776223814000
1776223816.364,16.364,0.45,5.0,0.31,50.0,0.58,5.0,0.61,50.0,0.42,5.0,0.39,50.0,0.55,5.0,0.69,50.0,0.13,0.13,0.093314,1776223815000
1776223817.371,17.371,0.45,5.0,0.31,50.0,0.58,5.0,0.61,50.0,0.42,5.0,0.39,50.0,0.55,5.0,0.69,50.0,0.13,0.13,0.093314,1776223816000
1776223817.925,17.925,0.45,5.0,0.31,50.0,0.58,5.0,0.61,50.0,0.42,5.0,0.39,50.0,0.55,5.0,0.69,50.0,0.13,0.13,0.093314,1776223817000
1776223818.857,18.857,0.45,5.0,0.31,50.0,0.58,5.0,0.61,50.0,0.42,5.0,0.39,50.0,0.55,5.0,0.69,50.0,0.13,0.13,0.093314,1776223818000
1776223819.919,19.919,0.45,5.0,0.31,50.0,0.58,5.0,0.61,50.0,0.42,5.0,0.39,50.0,0.55,5.0,0.69,50.0,0.13,0.13,0.093314,1776223819000
1776223820.905,20.905,0.45,5.0,0.31,50.0,0.58,5.0,0.61,50.0,0.42,5.0,0.39,50.0,0.55,5.0,0.69,50.0,0.13,0.13,0.093314,1776223820000
1776223821.89,21.89,0.45,5.0,0.31,50.0,0.58,5.0,0.61,50.0,0.42,5.0,0.39,50.0,0.55,5.0,0.69,50.0,0.13,0.13,0.093314,1776223821000
1776223822.874,22.874,0.45,5.0,0.31,50.0,0.58,5.0,0.61,50.0,0.42,5.0,0.39,50.0,0.55,5.0,0.69,50.0,0.13,0.13,0.093315,1776223822000
1776223823.971,23.971,0.45,5.0,0.31,50.0,0.58,5.0,0.61,50.0,0.42,5.0,0.39,50.0,0.55,5.0,0.69,50.0,0.13,0.13,0.093325,1776223823000
1776223824.903,24.903,0.45,5.0,0.31,50.0,0.58,5.0,0.61,50.0,0.42,5.0,0.39,50.0,0.55,5.0,0.69,50.0,0.13,0.13,0.093335,1776223824000
1776223825.914,25.914,0.45,5.0,0.31,50.0,0.58,5.0,0.61,50.0,0.42,5.0,0.39,50.0,0.55,5.0,0.69,50.0,0.13,0.13,0.093335,1776223825000
1776223826.945,26.945,0.45,5.0,0.31,50.0,0.58,5.0,0.61,50.0,0.42,5.0,0.39,50.0,0.55,5.0,0.69,50.0,0.13,0.13,0.093337,1776223826000
1776223827.928,27.928,0.45,5.0,0.31,50.0,0.58,5.0,0.61,50.0,0.42,5.0,0.39,50.0,0.55,5.0,0.69,50.0,0.13,0.13,0.093344,1776223827000
1776223828.91,28.91,0.45,5.0,0.31,50.0,0.58,5.0,0.61,50.0,0.42,5.0,0.39,50.0,0.55,5.0,0.69,50.0,0.13,0.13,0.093344,1776223828000
1776223830.396,30.396,0.45,5.0,0.31,50.0,0.58,5.0,0.61,50.0,0.42,5.0,0.39,50.0,0.55,5.0,0.69,50.0,0.13,0.13,0.093338,1776223829000
1776223830.935,30.935,0.45,5.0,0.31,50.0,0.58,5.0,0.61,50.0,0.42,5.0,0.39,50.0,0.55,5.0,0.69,50.0,0.13,0.13,0.093337,1776223830000
1776223831.845,31.845,0.45,5.0,0.31,50.0,0.58,5.0,0.61,50.0,0.42,5.0,0.39,50.0,0.55,5.0,0.69,50.0,0.13,0.13,0.093336,1776223831000
1776223832.898,32.898,0.45,5.0,0.31,50.0,0.58,5.0,0.61,50.0,0.42,5.0,0.39,50.0,0.55,5.0,0.69,50.0,0.13,0.13,0.093336,1776223832000
1776223833.863,33.863,0.45,5.0,0.31,50.0,0.58,5.0,0.61,50.0,0.42,5.0,0.39,50.0,0.55,5.0,0.69,50.0,0.13,0.13,0.093336,1776223833000
1776223834.881,34.881,0.45,5.0,0.31,50.0,0.58,5.0,0.61,50.0,0.42,5.0,0.39,50.0,0.55,5.0,0.69,50.0,0.13,0.13,0.093336,1776223834000
1776223835.938,35.938,0.45,5.0,0.31,50.0,0.58,5.0,0.61,50.0,0.42,5.0,0.39,50.0,0.55,5.0,0.69,50.0,0.13,0.13,0.093336,1776223835000
1776223836.838,36.838,0.45,5.0,0.31,50.0,0.58,5.0,0.61,50.0,0.42,5.0,0.39,50.0,0.55,5.0,0.69,50.0,0.13,0.13,0.093336,1776223836000
1776223838.823,38.823,0.45,5.0,0.31,50.0,0.58,5.0,0.61,50.0,0.42,5.0,0.39,50.0,0.55,5.0,0.69,50.0,0.13,0.13,0.093335,1776223837000
1776223839.398,39.398,0.45,5.0,0.31,50.0,0.58,5.0,0.61,50.0,0.42,5.0,0.39,50.0,0.55,5.0,0.69,50.0,0.13,0.13,0.093335,1776223838000
1776223839.948,39.948,0.45,5.0,0.31,50.0,0.58,5.0,0.61,50.0,0.42,5.0,0.39,50.0,0.55,5.0,0.69,50.0,0.13,0.13,0.093336,1776223839000
1776223841.014,41.014,0.45,5.0,0.31,50.0,0.58,5.0,0.61,50.0,0.42,5.0,0.39,50.0,0.55,5.0,0.69,50.0,0.13,0.13,0.093337,1776223840000
1776223842.148,42.148,0.45,5.0,0.31,50.0,0.58,5.0,0.61,50.0,0.42,5.0,0.39,50.0,0.55,5.0,0.69,50.0,0.13,0.13,0.093337,1776223841000
1776223843.291,43.291,0.45,5.0,0.31,50.0,0.58,5.0,0.61,50.0,0.42,5.0,0.39,50.0,0.55,5.0,0.69,50.0,0.13,0.13,0.093338,1776223842000
1776223844.282,44.282,0.45,5.0,0.31,50.0,0.58,5.0,0.61,50.0,0.42,5.0,0.39,50.0,0.55,5.0,0.69,50.0,0.13,0.13,0.093337,1776223843000
1776223845.329,45.329,0.45,5.0,0.31,50.0,0.58,5.0,0.61,50.0,0.42,5.0,0.39,50.0,0.55,5.0,0.69,50.0,0.13,0.13,0.093337,1776223844000
1776223845.878,45.878,0.45,5.0,0.31,50.0,0.58,5.0,0.61,50.0,0.42,5.0,0.39,50.0,0.55,5.0,0.69,50.0,0.13,0.13,0.093337,1776223845000
1776223846.966,46.966,0.45,5.0,0.31,50.0,0.58,5.0,0.61,50.0,0.42,5.0,0.39,50.0,0.55,5.0,0.69,50.0,0.13,0.13,0.093337,1776223846000
1776223847.998,47.998,0.45,5.0,0.31,50.0,0.58,5.0,0.61,50.0,0.42,5.0,0.39,50.0,0.55,5.0,0.69,50.0,0.13,0.13,0.093336,1776223847000
1776223849.107,49.107,0.45,5.0,0.31,50.0,0.58,5.0,0.61,50.0,0.42,5.0,0.39,50.0,0.55,5.0,0.69,50.0,0.13,0.13,0.093337,1776223848000
1776223850.288,50.288,0.45,5.0,0.31,50.0,0.58,5.0,0.61,50.0,0.42,5.0,0.39,50.0,0.55,5.0,0.69,50.0,0.13,0.13,0.093337,1776223849000
1776223851.243,51.243,0.45,5.0,0.31,50.0,0.58,5.0,0.61,50.0,0.42,5.0,0.39,50.0,0.55,5.0,0.69,50.0,0.13,0.13,0.093336,1776223850000
1776223852.33,52.33,0.45,5.0,0.31,50.0,0.58,5.0,0.61,50.0,0.42,5.0,0.39,50.0,0.55,5.0,0.69,50.0,0.13,0.13,0.093336,1776223851000
1776223853.349,53.349,0.45,5.0,0.31,50.0,0.58,5.0,0.61,50.0,0.42,5.0,0.39,50.0,0.55,5.0,0.69,50.0,0.13,0.13,0.093335,1776223852000
1776223853.916,53.916,0.45,5.0,0.31,50.0,0.58,5.0,0.61,50.0,0.42,5.0,0.39,50.0,0.55,5.0,0.69,50.0,0.13,0.13,0.093335,1776223853000
1776223854.979,54.979,0.45,5.0,0.31,50.0,0.58,5.0,0.61,50.0,0.42,5.0,0.39,50.0,0.55,5.0,0.69,50.0,0.13,0.13,0.093326,1776223854000
1776223856.055,56.055,0.45,5.0,0.31,50.0,0.58,5.0,0.61,50.0,0.42,5.0,0.39,50.0,0.55,5.0,0.69,50.0,0.13,0.13,0.093317,1776223855000
1776223857.085,57.085,0.45,5.0,0.31,50.0,0.58,5.0,0.61,50.0,0.42,5.0,0.39,50.0,0.55,5.0,0.69,50.0,0.13,0.13,0.093317,1776223856000
1776223858.12,58.12,0.45,5.0,0.31,50.0,0.58,5.0,0.61,50.0,0.42,5.0,0.39,50.0,0.55,5.0,0.69,50.0,0.13,0.13,0.093317,1776223857000
1776223859.16,59.16,0.45,5.0,0.31,50.0,0.58,5.0,0.61,50.0,0.42,5.0,0.39,50.0,0.55,5.0,0.69,50.0,0.13,0.13,0.093317,1776223858000
1776223860.091,60.091,0.45,5.0,0.31,50.0,0.58,5.0,0.61,50.0,0.42,5.0,0.39,50.0,0.55,5.0,0.69,50.0,0.13,0.13,0.093317,1776223859000
1776223861.042,61.042,0.45,5.0,0.31,50.0,0.58,5.0,0.61,50.0,0.42,5.0,0.39,50.0,0.55,5.0,0.69,50.0,0.13,0.13,0.093317,1776223860000
1776223862.03,62.03,0.45,5.0,0.31,50.0,0.58,5.0,0.61,50.0,0.42,5.0,0.39,50.0,0.55,5.0,0.69,50.0,0.13,0.13,0.093317,1776223861000
1776223863.014,63.014,0.45,5.0,0.31,50.0,0.58,5.0,0.61,50.0,0.42,5.0,0.39,50.0,0.55,5.0,0.69,50.0,0.13,0.13,0.093317,1776223862000
1776223864.059,64.059,0.45,5.0,0.31,50.0,0.58,5.0,0.61,50.0,0.42,5.0,0.39,50.0,0.55,5.0,0.69,50.0,0.13,0.13,0.093308,1776223863000
1776223865.015,65.015,0.45,5.0,0.31,50.0,0.58,5.0,0.61,50.0,0.42,5.0,0.39,50.0,0.55,5.0,0.69,50.0,0.13,0.13,0.09329,1776223864000
1776223866.048,66.048,0.45,5.0,0.31,50.0,0.58,5.0,0.61,50.0,0.42,5.0,0.39,50.0,0.55,5.0,0.69,50.0,0.13,0.13,0.093286,1776223865000
1776223867.082,67.082,0.45,5.0,0.31,50.0,0.58,5.0,0.61,50.0,0.42,5.0,0.39,50.0,0.55,5.0,0.69,50.0,0.13,0.13,0.093296,1776223866000
1776223867.995,67.995,0.45,5.0,0.31,50.0,0.58,5.0,0.61,50.0,0.42,5.0,0.39,50.0,0.55,5.0,0.69,50.0,0.13,0.13,0.093294,1776223867000
1776223869.053,69.053,0.45,5.0,0.31,50.0,0.58,5.0,0.61,50.0,0.42,5.0,0.39,50.0,0.55,5.0,0.69,50.0,0.13,0.13,0.093294,1776223868000
1776223870.055,70.055,0.45,5.0,0.31,50.0,0.58,5.0,0.61,50.0,0.42,5.0,0.39,50.0,0.55,5.0,0.69,50.0,0.13,0.13,0.093295,1776223869000
1776223870.973,70.973,0.45,5.0,0.31,50.0,0.58,5.0,0.61,50.0,0.42,5.0,0.39,50.0,0.55,5.0,0.69,50.0,0.13,0.13,0.093295,1776223870000
1776223872.317,72.317,0.45,5.0,0.31,50.0,0.58,5.0,0.61,50.0,0.42,5.0,0.39,50.0,0.55,5.0,0.69,50.0,0.13,0.13,0.093295,1776223871000
1776223873.484,73.484,0.45,5.0,0.31,50.0,0.58,5.0,0.61,50.0,0.42,5.0,0.39,50.0,0.55,5.0,0.69,50.0,0.13,0.13,0.093304,1776223872000
1776223874.112,74.112,0.45,5.0,0.31,50.0,0.58,5.0,0.61,50.0,0.42,5.0,0.39,50.0,0.55,5.0,0.69,50.0,0.13,0.13,0.093304,1776223873000
1776223875.264,75.264,0.45,5.0,0.31,50.0,0.58,5.0,0.61,50.0,0.42,5.0,0.39,50.0,0.55,5.0,0.69,50.0,0.13,0.13,0.093304,1776223874000
1776223876.381,76.381,0.45,5.0,0.31,50.0,0.58,5.0,0.61,50.0,0.42,5.0,0.39,50.0,0.55,5.0,0.69,50.0,0.13,0.13,0.093305,1776223875000
1776223877.011,77.011,0.45,5.0,0.31,50.0,0.58,5.0,0.61,50.0,0.42,5.0,0.39,50.0,0.55,5.0,0.69,50.0,0.13,0.13,0.093306,1776223876000
1776223878.108,78.108,0.45,5.0,0.31,50.0,0.58,5.0,0.61,50.0,0.42,5.0,0.39,50.0,0.55,5.0,0.69,50.0,0.13,0.13,0.093311,1776223877000
1776223879.851,79.851,0.45,5.0,0.31,50.0,0.58,5.0,0.61,50.0,0.42,5.0,0.39,50.0,0.55,5.0,0.69,50.0,0.13,0.13,0.093321,1776223878000
1776223880.445,80.445,0.45,5.0,0.31,50.0,0.58,5.0,0.61,50.0,0.42,5.0,0.39,50.0,0.55,5.0,0.69,50.0,0.13,0.13,0.09332,1776223879000
1776223881.015,81.015,0.45,5.0,0.31,50.0,0.58,5.0,0.61,50.0,0.42,5.0,0.39,50.0,0.55,5.0,0.69,50.0,0.13,0.13,0.09332,1776223880000
1776223882.193,82.193,0.45,5.0,0.31,50.0,0.58,5.0,0.61,50.0,0.42,5.0,0.39,50.0,0.55,5.0,0.69,50.0,0.13,0.13,0.093321,1776223881000
1776223883.418,83.418,0.45,5.0,0.31,50.0,0.58,5.0,0.61,50.0,0.42,5.0,0.39,50.0,0.55,5.0,0.69,50.0,0.13,0.13,0.09332,1776223882000
1776223884.007,84.007,0.45,5.0,0.31,50.0,0.58,5.0,0.61,50.0,0.42,5.0,0.39,50.0,0.55,5.0,0.69,50.0,0.13,0.13,0.093319,1776223883000
1776223885.198,85.198,0.45,5.0,0.31,50.0,0.58,5.0,0.61,50.0,0.42,5.0,0.39,50.0,0.55,5.0,0.69,50.0,0.13,0.13,0.09332,1776223884000
1776223887.389,87.389,0.45,5.0,0.31,50.0,0.58,5.0,0.61,50.0,0.42,5.0,0.39,50.0,0.55,5.0,0.69,50.0,0.13,0.13,0.09332,1776223885000
1776223888.379,88.379,0.45,5.0,0.31,50.0,0.58,5.0,0.61,50.0,0.42,5.0,0.39,50.0,0.55,5.0,0.69,50.0,0.13,0.13,0.09332,1776223887000
1776223889.36,89.36,0.45,5.0,0.31,50.0,0.58,5.0,0.61,50.0,0.42,5.0,0.39,50.0,0.55,5.0,0.69,50.0,0.13,0.13,0.093319,1776223888000
1776223890.898,90.898,0.45,5.0,0.31,50.0,0.58,5.0,0.61,50.0,0.42,5.0,0.39,50.0,0.55,5.0,0.69,50.0,0.13,0.13,0.093319,1776223889000
1776223891.942,91.942,0.45,5.0,0.31,50.0,0.58,5.0,0.61,50.0,0.42,5.0,0.39,50.0,0.55,5.0,0.69,50.0,0.13,0.13,0.093319,1776223890000
1776223892.85,92.85,0.45,5.0,0.31,50.0,0.58,5.0,0.61,50.0,0.42,5.0,0.39,50.0,0.55,5.0,0.69,50.0,0.13,0.13,0.093319,1776223891000
1776223893.435,93.435,0.52,9.67,0.51,15.4,0.63,5.0,0.64,5.0,0.42,5.0,0.39,50.0,0.55,5.0,0.69,50.0,0.11,0.13,0.093319,1776223891000
1776223894.247,94.247,0.52,9.67,0.51,15.4,0.63,5.0,0.64,5.0,0.37,5.0,0.36,5.0,0.48,9.67,0.49,15.4,0.11,0.11,0.093323,1776223893000
1776223895.559,95.559,0.52,9.67,0.51,15.4,0.63,5.0,0.64,5.0,0.37,5.0,0.36,5.0,0.48,9.67,0.49,15.4,0.11,0.11,0.093322,1776223894000
1776223896.318,96.318,0.52,9.67,0.51,15.4,0.63,5.0,0.64,5.0,0.37,5.0,0.36,5.0,0.48,9.67,0.49,15.4,0.11,0.11,0.093322,1776223895000
1776223897.078,97.078,0.52,9.67,0.51,15.4,0.63,5.0,0.64,5.0,0.37,5.0,0.36,5.0,0.48,9.67,0.49,15.4,0.11,0.11,0.093322,1776223896000
1776223898.691,98.691,0.52,9.67,0.51,15.4,0.63,5.0,0.64,5.0,0.37,5.0,0.36,5.0,0.48,9.67,0.49,15.4,0.11,0.11,0.093322,1776223897000
1776223899.624,99.624,0.52,9.67,0.51,15.4,0.63,5.0,0.64,5.0,0.37,5.0,0.36,5.0,0.48,9.67,0.49,15.4,0.11,0.11,0.093322,1776223898000
1776223900.472,100.472,0.52,9.67,0.51,15.4,0.63,5.0,0.64,5.0,0.37,5.0,0.36,5.0,0.48,9.67,0.49,15.4,0.11,0.11,0.093322,1776223899000
1776223901.111,101.111,0.52,9.67,0.51,15.4,0.63,5.0,0.64,5.0,0.37,5.0,0.36,5.0,0.48,9.67,0.49,15.4,0.11,0.11,0.093322,1776223900000
1776223902.858,102.858,0.52,9.67,0.51,15.4,0.63,5.0,0.64,5.0,0.37,5.0,0.36,5.0,0.48,9.67,0.49,15.4,0.11,0.11,0.093322,1776223901000
1776223903.818,103.818,0.52,9.67,0.51,15.4,0.63,5.0,0.64,5.0,0.37,5.0,0.36,5.0,0.48,9.67,0.49,15.4,0.11,0.11,0.093322,1776223902000
1776223904.763,104.763,0.52,9.67,0.51,15.4,0.63,5.0,0.64,5.0,0.37,5.0,0.36,5.0,0.48,9.67,0.49,15.4,0.11,0.11,0.093321,1776223903000
1776223905.38,105.38,0.52,9.67,0.51,15.4,0.63,5.0,0.64,5.0,0.37,5.0,0.36,5.0,0.48,9.67,0.49,15.4,0.11,0.11,0.093319,1776223904000
1776223906.112,106.112,0.52,9.67,0.51,15.4,0.63,5.0,0.64,5.0,0.37,5.0,0.36,5.0,0.48,9.67,0.49,15.4,0.11,0.11,0.093313,1776223905000
1776223908.086,108.086,0.52,9.67,0.51,15.4,0.63,5.0,0.64,5.0,0.37,5.0,0.36,5.0,0.48,9.67,0.49,15.4,0.11,0.11,0.093313,1776223906000
1776223908.638,108.638,0.52,9.67,0.51,15.4,0.63,5.0,0.64,5.0,0.37,5.0,0.36,5.0,0.48,9.67,0.49,15.4,0.11,0.11,0.093314,1776223907000
1776223909.358,109.358,0.52,9.67,0.51,15.4,0.63,5.0,0.64,5.0,0.37,5.0,0.36,5.0,0.48,9.67,0.49,15.4,0.11,0.11,0.093314,1776223908000
1776223910.685,110.685,0.52,9.67,0.51,15.4,0.63,5.0,0.64,5.0,0.37,5.0,0.36,5.0,0.48,9.67,0.49,15.4,0.11,0.11,0.093314,1776223909000
1776223911.28,111.28,0.52,9.67,0.51,15.4,0.63,5.0,0.64,5.0,0.37,5.0,0.36,5.0,0.48,9.67,0.49,15.4,0.11,0.11,0.093315,1776223910000
1776223912.555,112.555,0.52,9.67,0.51,15.4,0.63,5.0,0.64,5.0,0.37,5.0,0.36,5.0,0.48,9.67,0.49,15.4,0.11,0.11,0.093317,1776223911000
1776223913.102,113.102,0.52,9.67,0.51,15.4,0.63,5.0,0.64,5.0,0.37,5.0,0.36,5.0,0.48,9.67,0.49,15.4,0.11,0.11,0.093317,1776223912000
1776223914.446,114.446,0.52,9.67,0.51,15.4,0.63,5.0,0.64,5.0,0.37,5.0,0.36,5.0,0.48,9.67,0.49,15.4,0.11,0.11,0.09332,1776223913000
1776223915.045,115.045,0.52,9.67,0.51,15.4,0.63,5.0,0.64,5.0,0.37,5.0,0.36,5.0,0.48,9.67,0.49,15.4,0.11,0.11,0.09332,1776223914000
1776223916.222,116.222,0.52,9.67,0.51,15.4,0.63,5.0,0.64,5.0,0.37,5.0,0.36,5.0,0.48,9.67,0.49,15.4,0.11,0.11,0.093318,1776223915000
1776223917.326,117.326,0.52,9.67,0.51,15.4,0.63,5.0,0.64,5.0,0.37,5.0,0.36,5.0,0.48,9.67,0.49,15.4,0.11,0.11,0.093318,1776223916000
1776223917.855,117.855,0.52,9.67,0.51,15.4,0.63,5.0,0.64,5.0,0.37,5.0,0.36,5.0,0.48,9.67,0.49,15.4,0.11,0.11,0.093315,1776223917000
1776223919.078,119.078,0.52,9.67,0.51,15.4,0.63,5.0,0.64,5.0,0.37,5.0,0.36,5.0,0.48,9.67,0.49,15.4,0.11,0.11,0.093315,1776223918000
1776223920.193,120.193,0.52,9.67,0.51,15.4,0.63,5.0,0.64,5.0,0.37,5.0,0.36,5.0,0.48,9.67,0.49,15.4,0.11,0.11,0.093315,1776223919000
1776223921.322,121.322,0.52,9.67,0.51,15.4,0.63,5.0,0.64,5.0,0.37,5.0,0.36,5.0,0.48,9.67,0.49,15.4,0.11,0.11,0.093316,1776223920000
1776223921.972,121.972,0.52,9.67,0.51,15.4,0.63,5.0,0.64,5.0,0.37,5.0,0.36,5.0,0.48,9.67,0.49,15.4,0.11,0.11,0.093316,1776223921000
1776223923.482,123.482,0.52,9.67,0.51,15.4,0.63,5.0,0.64,5.0,0.37,5.0,0.36,5.0,0.48,9.67,0.49,15.4,0.11,0.11,0.093315,1776223922000
1776223924.249,124.249,0.52,9.67,0.51,15.4,0.63,5.0,0.64,5.0,0.37,5.0,0.36,5.0,0.48,9.67,0.49,15.4,0.11,0.11,0.093315,1776223923000
1776223924.856,124.856,0.52,9.67,0.51,15.4,0.63,5.0,0.64,5.0,0.37,5.0,0.36,5.0,0.48,9.67,0.49,15.4,0.11,0.11,0.093315,1776223924000
1776223925.999,125.999,0.52,9.67,0.51,15.4,0.63,5.0,0.64,5.0,0.37,5.0,0.36,5.0,0.48,9.67,0.49,15.4,0.11,0.11,0.093316,1776223925000
1776223927.144,127.144,0.52,9.67,0.51,15.4,0.63,5.0,0.64,5.0,0.37,5.0,0.36,5.0,0.48,9.67,0.49,15.4,0.11,0.11,0.093316,1776223926000
1776223928.311,128.311,0.52,9.67,0.51,15.4,0.63,5.0,0.64,5.0,0.37,5.0,0.36,5.0,0.48,9.67,0.49,15.4,0.11,0.11,0.093322,1776223927000
1776223928.889,128.889,0.52,9.67,0.51,15.4,0.63,5.0,0.64,5.0,0.37,5.0,0.36,5.0,0.48,9.67,0.49,15.4,0.11,0.11,0.093328,1776223928000
1776223930.049,130.049,0.52,9.67,0.51,15.4,0.63,5.0,0.64,5.0,0.37,5.0,0.36,5.0,0.48,9.67,0.49,15.4,0.11,0.11,0.093328,1776223929000
1776223931.138,131.138,0.52,9.67,0.51,15.4,0.63,5.0,0.64,5.0,0.37,5.0,0.36,5.0,0.48,9.67,0.49,15.4,0.11,0.11,0.093328,1776223930000
1776223932.466,132.466,0.52,9.67,0.51,15.4,0.63,5.0,0.64,5.0,0.37,5.0,0.36,5.0,0.48,9.67,0.49,15.4,0.11,0.11,0.093327,1776223931000
1776223933.014,133.014,0.52,9.67,0.51,15.4,0.63,5.0,0.64,5.0,0.37,5.0,0.36,5.0,0.48,9.67,0.49,15.4,0.11,0.11,0.093327,1776223932000
1776223934.171,134.171,0.52,9.67,0.51,15.4,0.63,5.0,0.64,5.0,0.37,5.0,0.36,5.0,0.48,9.67,0.49,15.4,0.11,0.11,0.093325,1776223933000
1776223935.516,135.516,0.52,9.67,0.51,15.4,0.63,5.0,0.64,5.0,0.37,5.0,0.36,5.0,0.48,9.67,0.49,15.4,0.11,0.11,0.093325,1776223934000
1776223936.068,136.068,0.52,9.67,0.51,15.4,0.63,5.0,0.64,5.0,0.37,5.0,0.36,5.0,0.48,9.67,0.49,15.4,0.11,0.11,0.093325,1776223935000
1776223937.166,137.166,0.52,9.67,0.51,15.4,0.63,5.0,0.64,5.0,0.37,5.0,0.36,5.0,0.48,9.67,0.49,15.4,0.11,0.11,0.093326,1776223936000
1776223938.693,138.693,0.52,9.67,0.51,15.4,0.63,5.0,0.64,5.0,0.37,5.0,0.36,5.0,0.48,9.67,0.49,15.4,0.11,0.11,0.093325,1776223937000
1776223939.197,139.197,0.52,9.67,0.51,15.4,0.63,5.0,0.64,5.0,0.37,5.0,0.36,5.0,0.48,9.67,0.49,15.4,0.11,0.11,0.093325,1776223938000
1776223940.176,140.176,0.52,9.67,0.51,15.4,0.63,5.0,0.64,5.0,0.37,5.0,0.36,5.0,0.48,9.67,0.49,15.4,0.11,0.11,0.093326,1776223939000
1776223941.136,141.136,0.52,9.67,0.51,15.4,0.63,5.0,0.64,5.0,0.37,5.0,0.36,5.0,0.48,9.67,0.49,15.4,0.11,0.11,0.093326,1776223940000
1776223941.825,141.825,0.53,3.68,0.5,10.0,0.59,5.0,0.6,5.0,0.37,5.0,0.36,5.0,0.48,9.67,0.49,15.4,0.06,0.11,0.093326,1776223940000
1776223942.165,142.165,0.53,3.68,0.5,10.0,0.59,5.0,0.6,5.0,0.41,5.0,0.4,5.0,0.47,3.68,0.5,10.0,0.06,0.06,0.093325,1776223941000
1776223943.194,143.194,0.53,3.68,0.5,10.0,0.59,5.0,0.6,5.0,0.41,5.0,0.4,5.0,0.47,3.68,0.5,10.0,0.06,0.06,0.093325,1776223942000
1776223944.321,144.321,0.53,3.68,0.5,10.0,0.59,5.0,0.6,5.0,0.41,5.0,0.4,5.0,0.47,3.68,0.5,10.0,0.06,0.06,0.093314,1776223943000
1776223945.38,145.38,0.53,3.68,0.5,10.0,0.59,5.0,0.6,5.0,0.41,5.0,0.4,5.0,0.47,3.68,0.5,10.0,0.06,0.06,0.093309,1776223944000
1776223945.911,145.911,0.53,3.68,0.5,10.0,0.59,5.0,0.6,5.0,0.41,5.0,0.4,5.0,0.47,3.68,0.5,10.0,0.06,0.06,0.093309,1776223945000
1776223946.911,146.911,0.53,3.68,0.5,10.0,0.59,5.0,0.6,5.0,0.41,5.0,0.4,5.0,0.47,3.68,0.5,10.0,0.06,0.06,0.093309,1776223946000
1776223947.954,147.954,0.53,3.68,0.5,10.0,0.59,5.0,0.6,5.0,0.41,5.0,0.4,5.0,0.47,3.68,0.5,10.0,0.06,0.06,0.093309,1776223947000
1776223948.969,148.969,0.53,3.68,0.5,10.0,0.59,5.0,0.6,5.0,0.41,5.0,0.4,5.0,0.47,3.68,0.5,10.0,0.06,0.06,0.093309,1776223948000
1776223949.971,149.971,0.53,3.68,0.5,10.0,0.59,5.0,0.6,5.0,0.41,5.0,0.4,5.0,0.47,3.68,0.5,10.0,0.06,0.06,0.093311,1776223949000
1776223950.936,150.936,0.53,3.68,0.5,10.0,0.59,5.0,0.6,5.0,0.41,5.0,0.4,5.0,0.47,3.68,0.5,10.0,0.06,0.06,0.09331,1776223950000
1776223952.529,152.529,0.53,3.68,0.5,10.0,0.59,5.0,0.6,5.0,0.41,5.0,0.4,5.0,0.47,3.68,0.5,10.0,0.06,0.06,0.093328,1776223951000
1776223953.512,153.512,0.53,3.68,0.5,10.0,0.59,5.0,0.6,5.0,0.41,5.0,0.4,5.0,0.47,3.68,0.5,10.0,0.06,0.06,0.093329,1776223952000
1776223954.29,154.29,0.53,3.68,0.5,10.0,0.59,5.0,0.6,5.0,0.41,5.0,0.4,5.0,0.47,3.68,0.5,10.0,0.06,0.06,0.09333,1776223953000
1776223955.634,155.634,0.53,3.68,0.5,10.0,0.59,5.0,0.6,5.0,0.41,5.0,0.4,5.0,0.47,3.68,0.5,10.0,0.06,0.06,0.093326,1776223954000
1776223956.444,156.444,0.53,3.68,0.5,10.0,0.59,5.0,0.6,5.0,0.41,5.0,0.4,5.0,0.47,3.68,0.5,10.0,0.06,0.06,0.093327,1776223955000
1776223957.122,157.122,0.53,3.68,0.5,10.0,0.59,5.0,0.6,5.0,0.41,5.0,0.4,5.0,0.47,3.68,0.5,10.0,0.06,0.06,0.093327,1776223956000
1776223958.348,158.348,0.53,3.68,0.5,10.0,0.59,5.0,0.6,5.0,0.41,5.0,0.4,5.0,0.47,3.68,0.5,10.0,0.06,0.06,0.093327,1776223957000
1776223958.975,158.975,0.53,3.68,0.5,10.0,0.59,5.0,0.6,5.0,0.41,5.0,0.4,5.0,0.47,3.68,0.5,10.0,0.06,0.06,0.093327,1776223958000
1776223960.262,160.262,0.53,3.68,0.5,10.0,0.59,5.0,0.6,5.0,0.41,5.0,0.4,5.0,0.47,3.68,0.5,10.0,0.06,0.06,0.093327,1776223959000
1776223961.523,161.523,0.53,3.68,0.5,10.0,0.59,5.0,0.6,5.0,0.41,5.0,0.4,5.0,0.47,3.68,0.5,10.0,0.06,0.06,0.093327,1776223960000
1776223962.21,162.21,0.53,3.68,0.5,10.0,0.59,5.0,0.6,5.0,0.41,5.0,0.4,5.0,0.47,3.68,0.5,10.0,0.06,0.06,0.09333,1776223961000
1776223963.511,163.511,0.53,3.68,0.5,10.0,0.59,5.0,0.6,5.0,0.41,5.0,0.4,5.0,0.47,3.68,0.5,10.0,0.06,0.06,0.093331,1776223962000
1776223963.925,163.925,0.6,10.8,0.59,10.7,0.73,5.0,0.75,5.0,0.41,5.0,0.4,5.0,0.47,3.68,0.5,10.0,0.13,0.06,0.093331,1776223962000
1776223964.173,164.173,0.6,10.8,0.59,10.7,0.73,5.0,0.75,5.0,0.27,5.0,0.25,5.0,0.4,10.8,0.41,10.7,0.13,0.13,0.093337,1776223963000
1776223965.47,165.47,0.6,10.8,0.59,10.7,0.73,5.0,0.75,5.0,0.27,5.0,0.25,5.0,0.4,10.8,0.41,10.7,0.13,0.13,0.093339,1776223964000
1776223966.075,166.075,0.6,10.8,0.59,10.7,0.73,5.0,0.75,5.0,0.27,5.0,0.25,5.0,0.4,10.8,0.41,10.7,0.13,0.13,0.093341,1776223965000
1776223967.381,167.381,0.6,10.8,0.59,10.7,0.73,5.0,0.75,5.0,0.27,5.0,0.25,5.0,0.4,10.8,0.41,10.7,0.13,0.13,0.093341,1776223966000
1776223967.967,167.967,0.6,10.8,0.59,10.7,0.73,5.0,0.75,5.0,0.27,5.0,0.25,5.0,0.4,10.8,0.41,10.7,0.13,0.13,0.093342,1776223967000
1776223969.152,169.152,0.6,10.8,0.59,10.7,0.73,5.0,0.75,5.0,0.27,5.0,0.25,5.0,0.4,10.8,0.41,10.7,0.13,0.13,0.093342,1776223968000
1776223970.317,170.317,0.6,10.8,0.59,10.7,0.73,5.0,0.75,5.0,0.27,5.0,0.25,5.0,0.4,10.8,0.41,10.7,0.13,0.13,0.093339,1776223969000
1776223971.577,171.577,0.6,10.8,0.59,10.7,0.73,5.0,0.75,5.0,0.27,5.0,0.25,5.0,0.4,10.8,0.41,10.7,0.13,0.13,0.093338,1776223970000
1776223972.368,172.368,0.6,10.8,0.59,10.7,0.73,5.0,0.75,5.0,0.27,5.0,0.25,5.0,0.4,10.8,0.41,10.7,0.13,0.13,0.093338,1776223971000
1776223973.255,173.255,0.6,10.8,0.59,10.7,0.73,5.0,0.75,5.0,0.27,5.0,0.25,5.0,0.4,10.8,0.41,10.7,0.13,0.13,0.093339,1776223972000
1776223974.075,174.075,0.6,10.8,0.59,10.7,0.73,5.0,0.75,5.0,0.27,5.0,0.25,5.0,0.4,10.8,0.41,10.7,0.13,0.13,0.093339,1776223973000
1776223975.172,175.172,0.6,10.8,0.59,10.7,0.73,5.0,0.75,5.0,0.27,5.0,0.25,5.0,0.4,10.8,0.41,10.7,0.13,0.13,0.093339,1776223974000
1776223976.762,176.762,0.6,10.8,0.59,10.7,0.73,5.0,0.75,5.0,0.27,5.0,0.25,5.0,0.4,10.8,0.41,10.7,0.13,0.13,0.093338,1776223975000
1776223977.355,177.355,0.6,10.8,0.59,10.7,0.73,5.0,0.75,5.0,0.27,5.0,0.25,5.0,0.4,10.8,0.41,10.7,0.13,0.13,0.093339,1776223976000
1776223977.962,177.962,0.6,10.8,0.59,10.7,0.73,5.0,0.75,5.0,0.27,5.0,0.25,5.0,0.4,10.8,0.41,10.7,0.13,0.13,0.093339,1776223977000
1776223979.05,179.05,0.6,10.8,0.59,10.7,0.73,5.0,0.75,5.0,0.27,5.0,0.25,5.0,0.4,10.8,0.41,10.7,0.13,0.13,0.093339,1776223978000
1776223980.847,180.847,0.6,10.8,0.59,10.7,0.73,5.0,0.75,5.0,0.27,5.0,0.25,5.0,0.4,10.8,0.41,10.7,0.13,0.13,0.093339,1776223979000
1776223981.508,181.508,0.6,10.8,0.59,10.7,0.73,5.0,0.75,5.0,0.27,5.0,0.25,5.0,0.4,10.8,0.41,10.7,0.13,0.13,0.093339,1776223980000
1776223982.193,182.193,0.74,5.0,0.71,79.0,0.89,31.6,0.9,28.9,0.11,31.6,0.1,28.9,0.26,5.0,0.29,79.0,0.15,0.15,0.093339,1776223981000
1776223983.564,183.564,0.74,5.0,0.71,79.0,0.89,31.6,0.9,28.9,0.11,31.6,0.1,28.9,0.26,5.0,0.29,79.0,0.15,0.15,0.093352,1776223982000
1776223984.203,184.203,0.74,5.0,0.71,79.0,0.89,31.6,0.9,28.9,0.11,31.6,0.1,28.9,0.26,5.0,0.29,79.0,0.15,0.15,0.093366,1776223983000
1776223985.467,185.467,0.74,5.0,0.71,79.0,0.89,31.6,0.9,28.9,0.11,31.6,0.1,28.9,0.26,5.0,0.29,79.0,0.15,0.15,0.093369,1776223984000
1776223986.392,186.392,0.74,5.0,0.71,79.0,0.89,31.6,0.9,28.9,0.11,31.6,0.1,28.9,0.26,5.0,0.29,79.0,0.15,0.15,0.093369,1776223985000
1776223986.942,186.942,0.74,5.0,0.71,79.0,0.89,31.6,0.9,28.9,0.11,31.6,0.1,28.9,0.26,5.0,0.29,79.0,0.15,0.15,0.09337,1776223986000
1776223988.104,188.104,0.74,5.0,0.71,79.0,0.89,31.6,0.9,28.9,0.11,31.6,0.1,28.9,0.26,5.0,0.29,79.0,0.15,0.15,0.09337,1776223987000
1776223989.28,189.28,0.74,5.0,0.71,79.0,0.89,31.6,0.9,28.9,0.11,31.6,0.1,28.9,0.26,5.0,0.29,79.0,0.15,0.15,0.093369,1776223988000
1776223989.561,189.561,0.81,30.89,0.8,16.3,0.89,25.47,0.9,28.9,0.11,31.6,0.1,28.9,0.26,5.0,0.29,79.0,0.08,0.15,0.093369,1776223988000
1776223990.433,190.433,0.81,30.89,0.8,16.3,0.89,25.47,0.9,28.9,0.11,25.47,0.1,28.9,0.19,30.89,0.2,16.3,0.08,0.08,0.093369,1776223989000
1776223990.947,190.947,0.81,30.89,0.8,16.3,0.89,25.47,0.9,28.9,0.11,25.47,0.1,28.9,0.19,30.89,0.2,16.3,0.08,0.08,0.093369,1776223990000
1776223992.106,192.106,0.81,30.89,0.8,16.3,0.89,25.47,0.9,28.9,0.11,25.47,0.1,28.9,0.19,30.89,0.2,16.3,0.08,0.08,0.093369,1776223991000
1776223993.173,193.173,0.81,30.89,0.8,16.3,0.89,25.47,0.9,28.9,0.11,25.47,0.1,28.9,0.19,30.89,0.2,16.3,0.08,0.08,0.093371,1776223992000
1776223993.842,193.842,0.84,19.3,0.83,18.39,0.91,19.24,0.92,35.29,0.11,25.47,0.1,28.9,0.19,30.89,0.2,16.3,0.07,0.08,0.093371,1776223992000
1776223994.338,194.338,0.84,19.3,0.83,18.39,0.91,19.24,0.92,35.29,0.09,19.24,0.08,35.29,0.16,19.3,0.17,18.39,0.07,0.07,0.093371,1776223993000
1776223995.34,195.34,0.84,19.3,0.83,18.39,0.91,19.24,0.92,35.29,0.09,19.24,0.08,35.29,0.16,19.3,0.17,18.39,0.07,0.07,0.093371,1776223994000
1776223995.964,195.964,0.84,19.3,0.83,18.39,0.91,19.24,0.92,35.29,0.09,19.24,0.08,35.29,0.16,19.3,0.17,18.39,0.07,0.07,0.093373,1776223995000
1776223997.033,197.033,0.84,19.3,0.83,18.39,0.91,19.24,0.92,35.29,0.09,19.24,0.08,35.29,0.16,19.3,0.17,18.39,0.07,0.07,0.093373,1776223996000
1776223998.11,198.11,0.84,19.3,0.83,18.39,0.91,19.24,0.92,35.29,0.09,19.24,0.08,35.29,0.16,19.3,0.17,18.39,0.07,0.07,0.093373,1776223997000
1776223999.191,199.191,0.84,19.3,0.83,18.39,0.91,19.24,0.92,35.29,0.09,19.24,0.08,35.29,0.16,19.3,0.17,18.39,0.07,0.07,0.093373,1776223998000
1776224000.591,200.591,0.77,10.0,0.76,10.0,0.91,94.94,0.92,35.29,0.09,19.24,0.08,35.29,0.16,19.3,0.17,18.39,0.14,0.07,0.093373,1776223998000
1776224001.165,201.165,0.77,10.0,0.76,10.0,0.91,94.94,0.92,35.29,0.09,94.94,0.08,35.29,0.23,10.0,0.24,10.0,0.14,0.14,0.093358,1776224000000
1776224002.278,202.278,0.77,10.0,0.76,10.0,0.91,94.94,0.92,35.29,0.09,94.94,0.08,35.29,0.23,10.0,0.24,10.0,0.14,0.14,0.093356,1776224001000
1776224003.142,203.142,0.77,10.0,0.76,10.0,0.91,94.94,0.92,35.29,0.09,94.94,0.08,35.29,0.23,10.0,0.24,10.0,0.14,0.14,0.093357,1776224002000
1776224004.173,204.173,0.77,10.0,0.76,10.0,0.91,94.94,0.92,35.29,0.09,94.94,0.08,35.29,0.23,10.0,0.24,10.0,0.14,0.14,0.093357,1776224003000
1776224004.758,204.758,0.77,5.0,0.76,10.0,0.85,20.39,0.86,21.6,0.09,94.94,0.08,35.29,0.23,10.0,0.24,10.0,0.08,0.14,0.093357,1776224003000
1776224005.113,205.113,0.77,5.0,0.76,10.0,0.85,20.39,0.86,21.6,0.15,20.39,0.14,21.6,0.23,5.0,0.24,10.0,0.08,0.08,0.093357,1776224004000
1776224006.196,206.196,0.77,5.0,0.76,10.0,0.85,20.39,0.86,21.6,0.15,20.39,0.14,21.6,0.23,5.0,0.24,10.0,0.08,0.08,0.093357,1776224005000
1776224007.107,207.107,0.77,5.0,0.76,10.0,0.85,20.39,0.86,21.6,0.15,20.39,0.14,21.6,0.23,5.0,0.24,10.0,0.08,0.08,0.093358,1776224006000
1776224008.128,208.128,0.77,5.0,0.76,10.0,0.85,20.39,0.86,21.6,0.15,20.39,0.14,21.6,0.23,5.0,0.24,10.0,0.08,0.08,0.093358,1776224007000
1776224009.177,209.177,0.77,5.0,0.76,10.0,0.85,20.39,0.86,21.6,0.15,20.39,0.14,21.6,0.23,5.0,0.24,10.0,0.08,0.08,0.093353,1776224008000
1776224010.214,210.214,0.77,5.0,0.76,10.0,0.85,20.39,0.86,21.6,0.15,20.39,0.14,21.6,0.23,5.0,0.24,10.0,0.08,0.08,0.093352,1776224009000
1776224011.171,211.171,0.77,5.0,0.76,10.0,0.85,20.39,0.86,21.6,0.15,20.39,0.14,21.6,0.23,5.0,0.24,10.0,0.08,0.08,0.093353,1776224010000
1776224012.155,212.155,0.77,5.0,0.76,10.0,0.85,20.39,0.86,21.6,0.15,20.39,0.14,21.6,0.23,5.0,0.24,10.0,0.08,0.08,0.093353,1776224011000
1776224012.926,212.926,0.77,5.0,0.75,18.9,0.87,21.39,0.91,74.94,0.15,20.39,0.14,21.6,0.23,5.0,0.24,10.0,0.1,0.08,0.093353,1776224011000
1776224013.867,213.867,0.77,5.0,0.75,18.9,0.87,21.39,0.91,74.94,0.13,21.39,0.09,74.94,0.23,5.0,0.25,18.9,0.1,0.1,0.093353,1776224012000
1776224014.514,214.514,0.77,5.0,0.75,18.9,0.87,21.39,0.91,74.94,0.13,21.39,0.09,74.94,0.23,5.0,0.25,18.9,0.1,0.1,0.093353,1776224013000
1776224015.274,215.274,0.77,5.0,0.75,18.9,0.87,21.39,0.91,74.94,0.13,21.39,0.09,74.94,0.23,5.0,0.25,18.9,0.1,0.1,0.093353,1776224014000
1776224016.82,216.82,0.77,5.0,0.75,18.9,0.87,21.39,0.91,74.94,0.13,21.39,0.09,74.94,0.23,5.0,0.25,18.9,0.1,0.1,0.093349,1776224015000
1776224017.605,217.605,0.77,5.0,0.75,18.9,0.87,21.39,0.91,74.94,0.13,21.39,0.09,74.94,0.23,5.0,0.25,18.9,0.1,0.1,0.093348,1776224016000
1776224018.307,218.307,0.77,5.0,0.75,18.9,0.87,21.39,0.91,74.94,0.13,21.39,0.09,74.94,0.23,5.0,0.25,18.9,0.1,0.1,0.093345,1776224017000
1776224018.909,218.909,0.77,5.0,0.75,18.9,0.87,21.39,0.91,74.94,0.13,21.39,0.09,74.94,0.23,5.0,0.25,18.9,0.1,0.1,0.093345,1776224018000
1776224020.415,220.415,0.77,5.0,0.75,18.9,0.87,21.39,0.91,74.94,0.13,21.39,0.09,74.94,0.23,5.0,0.25,18.9,0.1,0.1,0.093344,1776224019000
1776224020.948,220.948,0.77,5.0,0.75,18.9,0.87,21.39,0.91,74.94,0.13,21.39,0.09,74.94,0.23,5.0,0.25,18.9,0.1,0.1,0.093344,1776224020000
1776224022.34,222.34,0.77,5.0,0.75,18.9,0.87,21.39,0.91,74.94,0.13,21.39,0.09,74.94,0.23,5.0,0.25,18.9,0.1,0.1,0.093342,1776224021000
1776224023.47,223.47,0.77,5.0,0.75,18.9,0.87,21.39,0.91,74.94,0.13,21.39,0.09,74.94,0.23,5.0,0.25,18.9,0.1,0.1,0.093338,1776224022000
1776224023.996,223.996,0.77,5.0,0.75,18.9,0.87,21.39,0.91,74.94,0.13,21.39,0.09,74.94,0.23,5.0,0.25,18.9,0.1,0.1,0.093338,1776224023000
1776224024.988,224.988,0.77,5.0,0.75,18.9,0.87,21.39,0.91,74.94,0.13,21.39,0.09,74.94,0.23,5.0,0.25,18.9,0.1,0.1,0.093338,1776224024000
1776224026.119,226.119,0.77,5.0,0.75,18.9,0.87,21.39,0.91,74.94,0.13,21.39,0.09,74.94,0.23,5.0,0.25,18.9,0.1,0.1,0.093338,1776224025000
1776224027.341,227.341,0.77,5.0,0.75,18.9,0.87,21.39,0.91,74.94,0.13,21.39,0.09,74.94,0.23,5.0,0.25,18.9,0.1,0.1,0.093338,1776224026000
1776224027.969,227.969,0.77,5.0,0.75,18.9,0.87,21.39,0.91,74.94,0.13,21.39,0.09,74.94,0.23,5.0,0.25,18.9,0.1,0.1,0.093338,1776224027000
1776224029.01,229.01,0.77,5.0,0.75,18.9,0.87,21.39,0.91,74.94,0.13,21.39,0.09,74.94,0.23,5.0,0.25,18.9,0.1,0.1,0.093338,1776224028000
1776224030.152,230.152,0.77,5.0,0.75,18.9,0.87,21.39,0.91,74.94,0.13,21.39,0.09,74.94,0.23,5.0,0.25,18.9,0.1,0.1,0.093338,1776224029000
1776224031.647,231.647,0.77,5.0,0.75,18.9,0.87,21.39,0.91,74.94,0.13,21.39,0.09,74.94,0.23,5.0,0.25,18.9,0.1,0.1,0.093334,1776224030000
1776224032.194,232.194,0.77,5.0,0.75,18.9,0.87,21.39,0.91,74.94,0.13,21.39,0.09,74.94,0.23,5.0,0.25,18.9,0.1,0.1,0.093334,1776224031000
1776224033.498,233.498,0.77,5.0,0.75,18.9,0.87,21.39,0.91,74.94,0.13,21.39,0.09,74.94,0.23,5.0,0.25,18.9,0.1,0.1,0.09333,1776224032000
1776224034.213,234.213,0.77,5.0,0.75,18.9,0.87,21.39,0.91,74.94,0.13,21.39,0.09,74.94,0.23,5.0,0.25,18.9,0.1,0.1,0.093329,1776224033000
1776224035.563,235.563,0.77,5.0,0.75,18.9,0.87,21.39,0.91,74.94,0.13,21.39,0.09,74.94,0.23,5.0,0.25,18.9,0.1,0.1,0.093329,1776224034000
1776224036.221,236.221,0.77,5.0,0.75,18.9,0.87,21.39,0.91,74.94,0.13,21.39,0.09,74.94,0.23,5.0,0.25,18.9,0.1,0.1,0.093329,1776224035000
1776224037.373,237.373,0.77,5.0,0.75,18.9,0.87,21.39,0.91,74.94,0.13,21.39,0.09,74.94,0.23,5.0,0.25,18.9,0.1,0.1,0.093329,1776224036000
1776224038.11,238.11,0.77,5.0,0.75,18.9,0.87,21.39,0.91,74.94,0.13,21.39,0.09,74.94,0.23,5.0,0.25,18.9,0.1,0.1,0.093328,1776224037000
1776224039.373,239.373,0.77,5.0,0.75,18.9,0.87,21.39,0.91,74.94,0.13,21.39,0.09,74.94,0.23,5.0,0.25,18.9,0.1,0.1,0.093328,1776224038000
1776224040.009,240.009,0.77,5.0,0.75,18.9,0.87,21.39,0.91,74.94,0.13,21.39,0.09,74.94,0.23,5.0,0.25,18.9,0.1,0.1,0.093329,1776224039000
1776224041.17,241.17,0.77,5.0,0.75,18.9,0.87,21.39,0.91,74.94,0.13,21.39,0.09,74.94,0.23,5.0,0.25,18.9,0.1,0.1,0.093329,1776224040000
1776224042.338,242.338,0.77,5.0,0.75,18.9,0.87,21.39,0.91,74.94,0.13,21.39,0.09,74.94,0.23,5.0,0.25,18.9,0.1,0.1,0.093329,1776224041000
1776224042.919,242.919,0.77,5.0,0.75,18.9,0.87,21.39,0.91,74.94,0.13,21.39,0.09,74.94,0.23,5.0,0.25,18.9,0.1,0.1,0.093329,1776224042000
1776224043.988,243.988,0.77,5.0,0.75,18.9,0.87,21.39,0.91,74.94,0.13,21.39,0.09,74.94,0.23,5.0,0.25,18.9,0.1,0.1,0.093329,1776224043000
1776224045.152,245.152,0.77,5.0,0.75,18.9,0.87,21.39,0.91,74.94,0.13,21.39,0.09,74.94,0.23,5.0,0.25,18.9,0.1,0.1,0.093329,1776224044000
1776224046.127,246.127,0.77,5.0,0.75,18.9,0.87,21.39,0.91,74.94,0.13,21.39,0.09,74.94,0.23,5.0,0.25,18.9,0.1,0.1,0.093327,1776224045000
1776224047.271,247.271,0.77,5.0,0.75,18.9,0.87,21.39,0.91,74.94,0.13,21.39,0.09,74.94,0.23,5.0,0.25,18.9,0.1,0.1,0.093329,1776224046000
1776224048.446,248.446,0.77,5.0,0.75,18.9,0.87,21.39,0.91,74.94,0.13,21.39,0.09,74.94,0.23,5.0,0.25,18.9,0.1,0.1,0.093329,1776224047000
1776224049.06,249.06,0.77,5.0,0.75,18.9,0.87,21.39,0.91,74.94,0.13,21.39,0.09,74.94,0.23,5.0,0.25,18.9,0.1,0.1,0.093329,1776224048000
1776224050.205,250.205,0.77,5.0,0.75,18.9,0.87,21.39,0.91,74.94,0.13,21.39,0.09,74.94,0.23,5.0,0.25,18.9,0.1,0.1,0.093329,1776224049000
1776224050.495,250.495,0.75,5.0,0.68,11.9,0.77,10.0,0.81,50.0,0.13,21.39,0.09,74.94,0.23,5.0,0.25,18.9,0.02,0.1,0.093329,1776224049000
1776224051.314,251.314,0.75,5.0,0.68,11.9,0.77,10.0,0.81,50.0,0.23,10.0,0.19,50.0,0.25,5.0,0.32,11.9,0.02,0.02,0.093329,1776224050000
1776224052.384,252.384,0.75,5.0,0.68,11.9,0.77,10.0,0.81,50.0,0.23,10.0,0.19,50.0,0.25,5.0,0.32,11.9,0.02,0.02,0.093336,1776224051000
1776224052.642,252.642,0.75,5.0,0.68,11.9,0.83,18.39,0.84,19.3,0.23,10.0,0.19,50.0,0.25,5.0,0.32,11.9,0.08,0.02,0.093336,1776224051000
1776224052.938,252.938,0.75,5.0,0.68,11.9,0.83,18.39,0.84,19.3,0.17,18.39,0.16,19.3,0.25,5.0,0.32,11.9,0.08,0.08,0.093336,1776224052000
1776224054.13,254.13,0.75,5.0,0.68,11.9,0.83,18.39,0.84,19.3,0.17,18.39,0.16,19.3,0.25,5.0,0.32,11.9,0.08,0.08,0.093335,1776224053000
1776224055.314,255.314,0.75,5.0,0.68,11.9,0.83,18.39,0.84,19.3,0.17,18.39,0.16,19.3,0.25,5.0,0.32,11.9,0.08,0.08,0.093335,1776224054000
1776224056.146,256.146,0.75,5.0,0.72,12.9,0.85,24.21,0.86,21.6,0.17,18.39,0.16,19.3,0.25,5.0,0.32,11.9,0.1,0.08,0.093335,1776224054000
1776224056.91,256.91,0.75,5.0,0.72,12.9,0.85,24.21,0.86,21.6,0.15,24.21,0.14,21.6,0.25,5.0,0.28,12.9,0.1,0.1,0.093334,1776224056000
1776224058.036,258.036,0.75,5.0,0.72,12.9,0.85,24.21,0.86,21.6,0.15,24.21,0.14,21.6,0.25,5.0,0.28,12.9,0.1,0.1,0.093334,1776224057000
1776224059.19,259.19,0.75,5.0,0.72,12.9,0.85,24.21,0.86,21.6,0.15,24.21,0.14,21.6,0.25,5.0,0.28,12.9,0.1,0.1,0.093334,1776224058000
1776224060.599,260.599,0.75,5.0,0.72,12.9,0.85,24.21,0.86,21.6,0.15,24.21,0.14,21.6,0.25,5.0,0.28,12.9,0.1,0.1,0.093334,1776224059000
1776224061.113,261.113,0.75,5.0,0.72,12.9,0.85,24.21,0.86,21.6,0.15,24.21,0.14,21.6,0.25,5.0,0.28,12.9,0.1,0.1,0.093334,1776224060000
1776224062.121,262.121,0.75,5.0,0.72,12.9,0.85,24.21,0.86,21.6,0.15,24.21,0.14,21.6,0.25,5.0,0.28,12.9,0.1,0.1,0.093334,1776224061000
1776224063.138,263.138,0.55,10.44,0.54,10.5,0.81,50.0,0.87,25.0,0.19,50.0,0.13,25.0,0.45,10.44,0.46,10.5,0.26,0.26,0.093331,1776224062000
1776224064.223,264.223,0.55,10.44,0.54,10.5,0.81,50.0,0.87,25.0,0.19,50.0,0.13,25.0,0.45,10.44,0.46,10.5,0.26,0.26,0.093322,1776224063000
1776224065.316,265.316,0.55,10.44,0.54,10.5,0.81,50.0,0.87,25.0,0.19,50.0,0.13,25.0,0.45,10.44,0.46,10.5,0.26,0.26,0.093321,1776224064000
1776224066.243,266.243,0.55,10.44,0.54,10.5,0.81,50.0,0.87,25.0,0.19,50.0,0.13,25.0,0.45,10.44,0.46,10.5,0.26,0.26,0.093321,1776224065000
1776224067.248,267.248,0.55,10.44,0.54,10.5,0.81,50.0,0.87,25.0,0.19,50.0,0.13,25.0,0.45,10.44,0.46,10.5,0.26,0.26,0.093322,1776224066000
1776224068.399,268.399,0.55,10.44,0.54,10.5,0.81,50.0,0.87,25.0,0.19,50.0,0.13,25.0,0.45,10.44,0.46,10.5,0.26,0.26,0.093323,1776224067000
1776224068.891,268.891,0.55,10.44,0.54,10.5,0.81,50.0,0.87,25.0,0.19,50.0,0.13,25.0,0.45,10.44,0.46,10.5,0.26,0.26,0.093323,1776224068000
1776224069.89,269.89,0.55,10.44,0.54,10.5,0.81,50.0,0.87,25.0,0.19,50.0,0.13,25.0,0.45,10.44,0.46,10.5,0.26,0.26,0.093319,1776224069000
1776224070.942,270.942,0.55,10.44,0.54,10.5,0.81,50.0,0.87,25.0,0.19,50.0,0.13,25.0,0.45,10.44,0.46,10.5,0.26,0.26,0.093318,1776224070000
1776224071.971,271.971,0.55,10.44,0.54,10.5,0.81,50.0,0.87,25.0,0.19,50.0,0.13,25.0,0.45,10.44,0.46,10.5,0.26,0.26,0.093318,1776224071000
1776224072.935,272.935,0.55,10.44,0.54,10.5,0.81,50.0,0.87,25.0,0.19,50.0,0.13,25.0,0.45,10.44,0.46,10.5,0.26,0.26,0.093318,1776224072000
1776224073.978,273.978,0.55,10.44,0.54,10.5,0.81,50.0,0.87,25.0,0.19,50.0,0.13,25.0,0.45,10.44,0.46,10.5,0.26,0.26,0.093318,1776224073000
1776224075.185,275.185,0.55,10.44,0.54,10.5,0.81,50.0,0.87,25.0,0.19,50.0,0.13,25.0,0.45,10.44,0.46,10.5,0.26,0.26,0.093319,1776224074000
1776224076.327,276.327,0.55,10.44,0.54,10.5,0.81,50.0,0.87,25.0,0.19,50.0,0.13,25.0,0.45,10.44,0.46,10.5,0.26,0.26,0.093319,1776224075000
1776224077.346,277.346,0.55,10.44,0.54,10.5,0.81,50.0,0.87,25.0,0.19,50.0,0.13,25.0,0.45,10.44,0.46,10.5,0.26,0.26,0.09332,1776224076000
1776224077.891,277.891,0.55,10.44,0.54,10.5,0.81,50.0,0.87,25.0,0.19,50.0,0.13,25.0,0.45,10.44,0.46,10.5,0.26,0.26,0.09332,1776224077000
1776224078.961,278.961,0.55,10.44,0.54,10.5,0.81,50.0,0.87,25.0,0.19,50.0,0.13,25.0,0.45,10.44,0.46,10.5,0.26,0.26,0.093321,1776224078000
1776224080.057,280.057,0.55,10.44,0.54,10.5,0.81,50.0,0.87,25.0,0.19,50.0,0.13,25.0,0.45,10.44,0.46,10.5,0.26,0.26,0.093322,1776224079000
1776224081.084,281.084,0.55,10.44,0.54,10.5,0.81,50.0,0.87,25.0,0.19,50.0,0.13,25.0,0.45,10.44,0.46,10.5,0.26,0.26,0.093323,1776224080000
1776224081.979,281.979,0.51,74.0,0.41,50.0,0.81,48.76,0.91,50.0,0.19,50.0,0.13,25.0,0.45,10.44,0.46,10.5,0.3,0.26,0.093323,1776224080000
1776224082.188,282.188,0.51,74.0,0.41,50.0,0.81,48.76,0.91,50.0,0.19,48.76,0.09,50.0,0.49,74.0,0.59,50.0,0.3,0.3,0.093323,1776224081000
1776224083.113,283.113,0.51,74.0,0.41,50.0,0.81,48.76,0.91,50.0,0.19,48.76,0.09,50.0,0.49,74.0,0.59,50.0,0.3,0.3,0.093323,1776224082000
1776224084.197,284.197,0.51,74.0,0.41,50.0,0.81,48.76,0.91,50.0,0.19,48.76,0.09,50.0,0.49,74.0,0.59,50.0,0.3,0.3,0.093323,1776224083000
1776224085.218,285.218,0.51,74.0,0.41,50.0,0.81,48.76,0.91,50.0,0.19,48.76,0.09,50.0,0.49,74.0,0.59,50.0,0.3,0.3,0.093322,1776224084000
1776224086.241,286.241,0.51,74.0,0.41,50.0,0.81,48.76,0.91,50.0,0.19,48.76,0.09,50.0,0.49,74.0,0.59,50.0,0.3,0.3,0.093321,1776224085000
1776224087.818,287.818,0.51,74.0,0.41,50.0,0.81,48.76,0.91,50.0,0.19,48.76,0.09,50.0,0.49,74.0,0.59,50.0,0.3,0.3,0.093321,1776224086000
1776224088.433,288.433,0.51,74.0,0.41,50.0,0.81,48.76,0.91,50.0,0.19,48.76,0.09,50.0,0.49,74.0,0.59,50.0,0.3,0.3,0.093323,1776224087000
1776224089.274,289.274,0.51,74.0,0.41,50.0,0.81,48.76,0.91,50.0,0.19,48.76,0.09,50.0,0.49,74.0,0.59,50.0,0.3,0.3,0.093323,1776224088000
1776224090.442,290.442,0.51,74.0,0.41,50.0,0.81,48.76,0.91,50.0,0.19,48.76,0.09,50.0,0.49,74.0,0.59,50.0,0.3,0.3,0.093323,1776224089000
1776224090.901,290.901,0.51,74.0,0.41,50.0,0.81,48.76,0.91,50.0,0.19,48.76,0.09,50.0,0.49,74.0,0.59,50.0,0.3,0.3,0.093323,1776224090000
1776224091.856,291.856,0.51,74.0,0.41,50.0,0.81,48.76,0.91,50.0,0.19,48.76,0.09,50.0,0.49,74.0,0.59,50.0,0.3,0.3,0.093323,1776224091000
1776224092.941,292.941,0.51,74.0,0.41,50.0,0.81,48.76,0.91,50.0,0.19,48.76,0.09,50.0,0.49,74.0,0.59,50.0,0.3,0.3,0.093323,1776224092000
1776224093.385,293.385,0.81,50.0,0.71,50.0,0.96,2.91,0.98,15.0,0.19,48.76,0.09,50.0,0.49,74.0,0.59,50.0,0.15,0.3,0.093323,1776224092000
1776224093.897,293.897,0.81,50.0,0.71,50.0,0.96,2.91,0.98,15.0,0.04,2.91,0.02,15.0,0.19,50.0,0.29,50.0,0.15,0.15,0.093323,1776224093000
1776224094.843,294.843,0.81,50.0,0.71,50.0,0.96,2.91,0.98,15.0,0.04,2.91,0.02,15.0,0.19,50.0,0.29,50.0,0.15,0.15,0.093324,1776224094000
1776224095.821,295.821,0.81,50.0,0.71,50.0,0.96,2.91,0.98,15.0,0.04,2.91,0.02,15.0,0.19,50.0,0.29,50.0,0.15,0.15,0.093324,1776224095000
1776224096.403,296.403,0.81,50.0,0.71,50.0,0.98,13.89,0.99,105.0,0.02,15.0,0.01,105.0,0.19,50.0,0.29,50.0,0.17,0.17,0.093324,1776224095000
1776224096.886,296.886,0.81,50.0,0.71,50.0,0.98,13.89,0.99,105.0,0.02,13.89,0.01,105.0,0.19,50.0,0.29,50.0,0.17,0.17,0.093323,1776224096000
1776224097.33,297.33,0.81,50.0,0.71,50.0,0.98,6.74,0.99,105.0,0.02,13.89,0.01,105.0,0.19,50.0,0.29,50.0,0.17,0.17,0.093323,1776224096000
1776224097.552,297.552,0.81,50.0,0.71,50.0,0.98,3.57,0.99,105.0,0.02,5.62,0.01,105.0,0.19,50.0,0.29,50.0,0.17,0.17,0.093323,1776224096000
1776224097.953,297.953,0.81,50.0,0.71,50.0,0.98,3.57,0.99,105.0,0.02,3.57,0.01,105.0,0.19,50.0,0.29,50.0,0.17,0.17,0.093324,1776224097000
1776224098.363,298.363,0.81,50.0,0.71,50.0,0.98,0.57,0.99,100.0,0.02,3.57,0.01,105.0,0.19,50.0,0.29,50.0,0.17,0.17,0.093324,1776224097000
1776224098.624,298.624,0.81,50.0,0.71,50.0,0.99,59.45,,,0.01,99.45,,,0.19,50.0,0.29,50.0,0.18,0.18,0.093324,1776224097000
1776224098.843,298.843,0.81,50.0,0.71,50.0,0.99,39.24,,,0.01,59.45,,,0.19,50.0,0.29,50.0,0.18,0.18,0.093324,1776224097000
1776224099.243,299.243,0.77,5.0,0.61,6.0,,,,,0.01,25.59,,,0.19,50.0,0.23,5.0,,0.18,0.093324,1776224098000
1776224099.56,299.56,0.99,279.1,0.77,5.0,,,,,,,,,0.23,5.0,0.39,6.0,,,0.093324,1776224098000
1776224100.057,300.057,0.99,279.1,0.77,5.0,,,,,,,,,0.01,279.1,0.23,5.0,,,0.093324,1776224099000
1776224101.234,301.234,0.99,279.1,0.77,5.0,,,,,,,,,0.01,279.1,0.23,5.0,,,0.093324,1776224100000
1776224102.861,302.861,0.99,279.1,0.77,5.0,,,,,,,,,0.01,279.1,0.23,5.0,,,0.093324,1776224101000

# RESULT,winner=Up,slug=doge-updown-5m-1776223800,ticks=320
