timestamp,elapsed_sec,up_bid_p1,up_bid_s1,up_bid_p2,up_bid_s2,up_ask_p1,up_ask_s1,up_ask_p2,up_ask_s2,down_bid_p1,down_bid_s1,down_bid_p2,down_bid_s2,down_ask_p1,down_ask_s1,down_ask_p2,down_ask_s2,up_spread,down_spread,doge_price,doge_oracle_ts
1776196801.492,1.492,,,,,,,,,,,,,,,,,,,0.092894,1776196800000
1776196802.163,2.163,0.5,2.88,0.33,300.0,0.67,300.0,0.69,375.0,0.33,300.0,0.31,375.0,0.5,2.88,0.67,300.0,0.17,0.17,0.092894,1776196800000
1776196803.547,3.547,0.5,2.88,0.33,300.0,0.67,300.0,0.69,375.0,0.33,300.0,0.31,375.0,0.5,2.88,0.67,300.0,0.17,0.17,0.092922,1776196802000
1776196804.22,4.22,0.5,2.88,0.33,300.0,0.67,300.0,0.69,375.0,0.33,300.0,0.31,375.0,0.5,2.88,0.67,300.0,0.17,0.17,0.092922,1776196803000
1776196805.515,5.515,0.5,2.88,0.33,300.0,0.67,300.0,0.69,375.0,0.33,300.0,0.31,375.0,0.5,2.88,0.67,300.0,0.17,0.17,0.092921,1776196804000
1776196806.258,6.258,0.5,2.88,0.33,300.0,0.67,300.0,0.69,375.0,0.33,300.0,0.31,375.0,0.5,2.88,0.67,300.0,0.17,0.17,0.092921,1776196805000
1776196807.47,7.47,0.5,2.88,0.33,300.0,0.67,300.0,0.69,375.0,0.33,300.0,0.31,375.0,0.5,2.88,0.67,300.0,0.17,0.17,0.092917,1776196806000
1776196808.234,8.234,0.5,2.88,0.33,300.0,0.67,300.0,0.69,375.0,0.33,300.0,0.31,375.0,0.5,2.88,0.67,300.0,0.17,0.17,0.092918,1776196807000
1776196810.523,10.523,0.5,2.88,0.44,5.0,0.53,5.0,0.54,5.0,0.33,300.0,0.31,375.0,0.5,2.88,0.67,300.0,0.03,0.17,0.092918,1776196807000
1776196811.279,11.279,0.5,2.88,0.44,5.0,0.53,5.0,0.54,5.0,0.47,5.0,0.46,5.0,0.5,2.88,0.56,5.0,0.03,0.03,0.09292,1776196810000
1776196811.955,11.955,0.37,5.0,0.35,10.0,0.51,55.0,0.61,50.0,0.49,55.0,0.39,50.0,0.63,5.0,0.65,10.0,0.14,0.14,0.092916,1776196811000
1776196813.182,13.182,0.37,5.0,0.35,10.0,0.51,55.0,0.61,50.0,0.49,55.0,0.39,50.0,0.63,5.0,0.65,10.0,0.14,0.14,0.092875,1776196812000
1776196814.371,14.371,0.37,5.0,0.35,10.0,0.51,55.0,0.61,50.0,0.49,55.0,0.39,50.0,0.63,5.0,0.65,10.0,0.14,0.14,0.092884,1776196813000
1776196814.933,14.933,0.37,5.0,0.35,10.0,0.51,55.0,0.61,50.0,0.49,55.0,0.39,50.0,0.63,5.0,0.65,10.0,0.14,0.14,0.092886,1776196814000
1776196816.105,16.105,0.37,5.0,0.35,10.0,0.51,55.0,0.61,50.0,0.49,55.0,0.39,50.0,0.63,5.0,0.65,10.0,0.14,0.14,0.092892,1776196815000
1776196817.318,17.318,0.37,5.0,0.35,10.0,0.51,55.0,0.61,50.0,0.49,55.0,0.39,50.0,0.63,5.0,0.65,10.0,0.14,0.14,0.092868,1776196816000
1776196818.686,18.686,0.37,5.0,0.35,10.0,0.51,55.0,0.61,50.0,0.49,55.0,0.39,50.0,0.63,5.0,0.65,10.0,0.14,0.14,0.092863,1776196817000
1776196819.313,19.313,0.37,5.0,0.35,10.0,0.51,55.0,0.61,50.0,0.49,55.0,0.39,50.0,0.63,5.0,0.65,10.0,0.14,0.14,0.092863,1776196818000
1776196820.435,20.435,0.37,5.0,0.35,10.0,0.51,55.0,0.61,50.0,0.49,55.0,0.39,50.0,0.63,5.0,0.65,10.0,0.14,0.14,0.092861,1776196819000
1776196820.928,20.928,0.37,5.0,0.35,10.0,0.51,55.0,0.61,50.0,0.49,55.0,0.39,50.0,0.63,5.0,0.65,10.0,0.14,0.14,0.092861,1776196820000
1776196822.072,22.072,0.37,5.0,0.35,10.0,0.51,55.0,0.61,50.0,0.49,55.0,0.39,50.0,0.63,5.0,0.65,10.0,0.14,0.14,0.092857,1776196821000
1776196823.13,23.13,0.37,5.0,0.35,10.0,0.51,55.0,0.61,50.0,0.49,55.0,0.39,50.0,0.63,5.0,0.65,10.0,0.14,0.14,0.09285,1776196822000
1776196824.252,24.252,0.37,5.0,0.35,10.0,0.51,55.0,0.61,50.0,0.49,55.0,0.39,50.0,0.63,5.0,0.65,10.0,0.14,0.14,0.092852,1776196823000
1776196825.396,25.396,0.37,5.0,0.35,10.0,0.51,55.0,0.61,50.0,0.49,55.0,0.39,50.0,0.63,5.0,0.65,10.0,0.14,0.14,0.092853,1776196824000
1776196826.446,26.446,0.37,5.0,0.35,10.0,0.51,55.0,0.61,50.0,0.49,55.0,0.39,50.0,0.63,5.0,0.65,10.0,0.14,0.14,0.092851,1776196825000
1776196826.994,26.994,0.37,5.0,0.35,10.0,0.51,55.0,0.61,50.0,0.49,55.0,0.39,50.0,0.63,5.0,0.65,10.0,0.14,0.14,0.092851,1776196826000
1776196827.979,27.979,0.37,5.0,0.35,10.0,0.51,55.0,0.61,50.0,0.49,55.0,0.39,50.0,0.63,5.0,0.65,10.0,0.14,0.14,0.092848,1776196827000
1776196828.271,28.271,0.24,5.0,0.22,5.0,0.33,10.0,0.38,10.0,0.49,55.0,0.39,50.0,0.63,5.0,0.65,10.0,0.09,0.14,0.092848,1776196827000
1776196828.486,28.486,0.22,5.0,0.14,10.0,0.33,10.0,0.38,20.0,0.67,10.0,0.62,10.0,0.76,5.0,0.78,5.0,0.11,0.09,0.092848,1776196827000
1776196829.021,29.021,0.22,5.0,0.14,10.0,0.33,10.0,0.38,20.0,0.67,10.0,0.62,20.0,0.78,5.0,0.86,10.0,0.11,0.11,0.092841,1776196828000
1776196829.993,29.993,0.22,5.0,0.14,10.0,0.33,10.0,0.38,20.0,0.67,10.0,0.62,20.0,0.78,5.0,0.86,10.0,0.11,0.11,0.092818,1776196829000
1776196830.949,30.949,0.22,5.0,0.14,10.0,0.33,10.0,0.38,20.0,0.67,10.0,0.62,20.0,0.78,5.0,0.86,10.0,0.11,0.11,0.092813,1776196830000
1776196832.002,32.002,0.22,5.0,0.14,10.0,0.33,10.0,0.38,20.0,0.67,10.0,0.62,20.0,0.78,5.0,0.86,10.0,0.11,0.11,0.092808,1776196831000
1776196833.03,33.03,0.22,5.0,0.14,10.0,0.33,10.0,0.38,20.0,0.67,10.0,0.62,20.0,0.78,5.0,0.86,10.0,0.11,0.11,0.092808,1776196832000
1776196833.984,33.984,0.22,5.0,0.14,10.0,0.33,10.0,0.38,20.0,0.67,10.0,0.62,20.0,0.78,5.0,0.86,10.0,0.11,0.11,0.092824,1776196833000
1776196834.923,34.923,0.22,5.0,0.14,10.0,0.33,10.0,0.38,20.0,0.67,10.0,0.62,20.0,0.78,5.0,0.86,10.0,0.11,0.11,0.092826,1776196834000
1776196835.99,35.99,0.22,5.0,0.14,10.0,0.33,10.0,0.38,20.0,0.67,10.0,0.62,20.0,0.78,5.0,0.86,10.0,0.11,0.11,0.092816,1776196835000
1776196837.004,37.004,0.22,5.0,0.14,10.0,0.33,10.0,0.38,20.0,0.67,10.0,0.62,20.0,0.78,5.0,0.86,10.0,0.11,0.11,0.092818,1776196836000
1776196838.078,38.078,0.22,5.0,0.14,10.0,0.33,10.0,0.38,20.0,0.67,10.0,0.62,20.0,0.78,5.0,0.86,10.0,0.11,0.11,0.09282,1776196837000
1776196839.533,39.533,0.22,5.0,0.14,10.0,0.33,10.0,0.38,20.0,0.67,10.0,0.62,20.0,0.78,5.0,0.86,10.0,0.11,0.11,0.09282,1776196838000
1776196840.178,40.178,0.22,5.0,0.14,10.0,0.33,10.0,0.38,20.0,0.67,10.0,0.62,20.0,0.78,5.0,0.86,10.0,0.11,0.11,0.092817,1776196839000
1776196841.187,41.187,0.22,5.0,0.14,10.0,0.33,10.0,0.38,20.0,0.67,10.0,0.62,20.0,0.78,5.0,0.86,10.0,0.11,0.11,0.092817,1776196840000
1776196842.26,42.26,0.22,5.0,0.14,10.0,0.33,10.0,0.38,20.0,0.67,10.0,0.62,20.0,0.78,5.0,0.86,10.0,0.11,0.11,0.092823,1776196841000
1776196843.215,43.215,0.22,5.0,0.14,10.0,0.33,10.0,0.38,20.0,0.67,10.0,0.62,20.0,0.78,5.0,0.86,10.0,0.11,0.11,0.092814,1776196842000
1776196844.432,44.432,0.22,5.0,0.14,10.0,0.33,10.0,0.38,20.0,0.67,10.0,0.62,20.0,0.78,5.0,0.86,10.0,0.11,0.11,0.092797,1776196843000
1776196844.911,44.911,0.22,5.0,0.14,10.0,0.33,10.0,0.38,20.0,0.67,10.0,0.62,20.0,0.78,5.0,0.86,10.0,0.11,0.11,0.092809,1776196844000
1776196845.919,45.919,0.22,5.0,0.14,10.0,0.33,10.0,0.38,20.0,0.67,10.0,0.62,20.0,0.78,5.0,0.86,10.0,0.11,0.11,0.092797,1776196845000
1776196846.988,46.988,0.22,5.0,0.14,10.0,0.33,10.0,0.38,20.0,0.67,10.0,0.62,20.0,0.78,5.0,0.86,10.0,0.11,0.11,0.092817,1776196846000
1776196848.07,48.07,0.22,5.0,0.14,10.0,0.33,10.0,0.38,20.0,0.67,10.0,0.62,20.0,0.78,5.0,0.86,10.0,0.11,0.11,0.092813,1776196847000
1776196849.069,49.069,0.22,5.0,0.14,10.0,0.33,10.0,0.38,20.0,0.67,10.0,0.62,20.0,0.78,5.0,0.86,10.0,0.11,0.11,0.092787,1776196848000
1776196849.927,49.927,0.23,12.7,0.22,15.2,0.25,5.0,0.26,5.0,0.67,10.0,0.62,20.0,0.78,5.0,0.86,10.0,0.02,0.11,0.092787,1776196848000
1776196850.471,50.471,0.23,0.56,0.22,15.2,0.25,5.0,0.26,5.0,0.75,5.0,0.74,5.0,0.77,12.7,0.78,15.2,0.02,0.02,0.092787,1776196849000
1776196850.996,50.996,0.22,10.76,0.21,15.7,0.25,5.0,0.26,5.0,0.75,5.0,0.74,5.0,0.77,0.56,0.78,15.2,0.03,0.02,0.092787,1776196849000
1776196852.219,52.219,0.22,10.76,0.21,15.7,0.25,5.0,0.26,5.0,0.75,5.0,0.74,5.0,0.78,10.76,0.79,15.7,0.03,0.03,0.092796,1776196851000
1776196853.316,53.316,0.22,10.76,0.21,15.7,0.25,5.0,0.26,5.0,0.75,5.0,0.74,5.0,0.78,10.76,0.79,15.7,0.03,0.03,0.092792,1776196852000
1776196854.275,54.275,0.22,10.76,0.21,15.7,0.25,5.0,0.26,5.0,0.75,5.0,0.74,5.0,0.78,10.76,0.79,15.7,0.03,0.03,0.092794,1776196853000
1776196855.306,55.306,0.22,10.76,0.21,15.7,0.25,5.0,0.26,5.0,0.75,5.0,0.74,5.0,0.78,10.76,0.79,15.7,0.03,0.03,0.092793,1776196854000
1776196856.303,56.303,0.22,10.76,0.21,15.7,0.25,5.0,0.26,5.0,0.75,5.0,0.74,5.0,0.78,10.76,0.79,15.7,0.03,0.03,0.092794,1776196855000
1776196857.393,57.393,0.22,10.76,0.21,15.7,0.25,5.0,0.26,5.0,0.75,5.0,0.74,5.0,0.78,10.76,0.79,15.7,0.03,0.03,0.092793,1776196856000
1776196858.327,58.327,0.22,10.76,0.21,15.7,0.25,5.0,0.26,5.0,0.75,5.0,0.74,5.0,0.78,10.76,0.79,15.7,0.03,0.03,0.092793,1776196857000
1776196859.29,59.29,0.22,10.76,0.21,15.7,0.25,5.0,0.26,5.0,0.75,5.0,0.74,5.0,0.78,10.76,0.79,15.7,0.03,0.03,0.09277,1776196858000
1776196860.333,60.333,0.22,10.76,0.21,15.7,0.25,5.0,0.26,5.0,0.75,5.0,0.74,5.0,0.78,10.76,0.79,15.7,0.03,0.03,0.092764,1776196859000
1776196860.898,60.898,0.22,10.76,0.21,15.7,0.25,5.0,0.26,5.0,0.75,5.0,0.74,5.0,0.78,10.76,0.79,15.7,0.03,0.03,0.092764,1776196860000
1776196861.886,61.886,0.22,10.76,0.21,15.7,0.25,5.0,0.26,5.0,0.75,5.0,0.74,5.0,0.78,10.76,0.79,15.7,0.03,0.03,0.092768,1776196861000
1776196862.833,62.833,0.22,10.76,0.21,15.7,0.25,5.0,0.26,5.0,0.75,5.0,0.74,5.0,0.78,10.76,0.79,15.7,0.03,0.03,0.092766,1776196862000
1776196863.183,63.183,0.17,21.58,0.16,19.3,0.23,5.0,0.24,5.0,0.75,5.0,0.74,5.0,0.78,10.76,0.79,15.7,0.06,0.03,0.092766,1776196862000
1776196863.78,63.78,0.17,21.58,0.16,19.3,0.23,5.0,0.24,5.0,0.77,5.0,0.76,5.0,0.83,21.58,0.84,19.3,0.06,0.06,0.092765,1776196863000
1776196865.288,65.288,0.17,21.58,0.16,19.3,0.23,5.0,0.24,5.0,0.77,5.0,0.76,5.0,0.83,21.58,0.84,19.3,0.06,0.06,0.092771,1776196864000
1776196866.438,66.438,0.17,21.58,0.16,19.3,0.23,5.0,0.24,5.0,0.77,5.0,0.76,5.0,0.83,21.58,0.84,19.3,0.06,0.06,0.092752,1776196865000
1776196866.956,66.956,0.17,21.58,0.16,19.3,0.23,5.0,0.24,5.0,0.77,5.0,0.76,5.0,0.83,21.58,0.84,19.3,0.06,0.06,0.092767,1776196866000
1776196868.084,68.084,0.17,21.58,0.16,19.3,0.23,5.0,0.24,5.0,0.77,5.0,0.76,5.0,0.83,21.58,0.84,19.3,0.06,0.06,0.092759,1776196867000
1776196869.451,69.451,0.17,21.58,0.16,19.3,0.23,5.0,0.24,5.0,0.77,5.0,0.76,5.0,0.83,21.58,0.84,19.3,0.06,0.06,0.092767,1776196868000
1776196869.93,69.93,0.17,21.58,0.16,19.3,0.23,5.0,0.24,5.0,0.77,5.0,0.76,5.0,0.83,21.58,0.84,19.3,0.06,0.06,0.092767,1776196869000
1776196871.226,71.226,0.17,21.58,0.16,19.3,0.23,5.0,0.24,5.0,0.77,5.0,0.76,5.0,0.83,21.58,0.84,19.3,0.06,0.06,0.092766,1776196870000
1776196872.394,72.394,0.17,21.58,0.16,19.3,0.23,5.0,0.24,5.0,0.77,5.0,0.76,5.0,0.83,21.58,0.84,19.3,0.06,0.06,0.092767,1776196871000
1776196872.927,72.927,0.17,21.58,0.16,19.3,0.23,5.0,0.24,5.0,0.77,5.0,0.76,5.0,0.83,21.58,0.84,19.3,0.06,0.06,0.092767,1776196872000
1776196873.132,73.132,0.17,35.92,0.16,19.3,0.23,5.0,0.28,10.0,0.77,5.0,0.76,5.0,0.83,21.58,0.84,19.3,0.06,0.06,0.092767,1776196872000
1776196874.189,74.189,0.17,35.92,0.16,19.3,0.31,50.32,0.32,10.0,0.69,50.32,0.68,10.0,0.83,35.92,0.84,19.3,0.14,0.14,0.09277,1776196873000
1776196875.342,75.342,0.17,35.92,0.16,19.3,0.31,50.32,0.32,10.0,0.69,50.32,0.68,10.0,0.83,35.92,0.84,19.3,0.14,0.14,0.092776,1776196874000
1776196876.041,76.041,0.17,35.92,0.16,19.3,0.31,50.32,0.32,10.0,0.69,50.32,0.68,10.0,0.83,35.92,0.84,19.3,0.14,0.14,0.092778,1776196875000
1776196877.257,77.257,0.17,35.92,0.16,19.3,0.31,50.32,0.32,10.0,0.69,50.32,0.68,10.0,0.83,35.92,0.84,19.3,0.14,0.14,0.09276,1776196876000
1776196878.493,78.493,0.17,35.92,0.16,19.3,0.31,50.32,0.32,10.0,0.69,50.32,0.68,10.0,0.83,35.92,0.84,19.3,0.14,0.14,0.092767,1776196877000
1776196879.146,79.146,0.17,35.92,0.16,19.3,0.31,50.32,0.32,10.0,0.69,50.32,0.68,10.0,0.83,35.92,0.84,19.3,0.14,0.14,0.092765,1776196878000
1776196880.326,80.326,0.17,35.92,0.16,19.3,0.31,50.32,0.32,10.0,0.69,50.32,0.68,10.0,0.83,35.92,0.84,19.3,0.14,0.14,0.092766,1776196879000
1776196880.837,80.837,0.17,30.92,0.16,19.3,0.25,5.0,0.29,10.0,0.69,50.32,0.68,10.0,0.83,35.92,0.84,19.3,0.08,0.14,0.092766,1776196879000
1776196881.798,81.798,0.17,30.92,0.16,19.3,0.25,5.0,0.29,10.0,0.75,5.0,0.71,10.0,0.83,30.92,0.84,19.3,0.08,0.08,0.092753,1776196880000
1776196882.386,82.386,0.17,30.92,0.16,19.3,0.25,5.0,0.29,10.0,0.75,5.0,0.71,10.0,0.83,30.92,0.84,19.3,0.08,0.08,0.092769,1776196881000
1776196883.118,83.118,0.17,30.92,0.16,19.3,0.25,5.0,0.29,10.0,0.75,5.0,0.71,10.0,0.83,30.92,0.84,19.3,0.08,0.08,0.092769,1776196882000
1776196884.386,84.386,0.17,30.92,0.16,19.3,0.25,5.0,0.29,10.0,0.75,5.0,0.71,10.0,0.83,30.92,0.84,19.3,0.08,0.08,0.092769,1776196883000
1776196885.163,85.163,0.17,30.92,0.16,19.3,0.25,5.0,0.29,10.0,0.75,5.0,0.71,10.0,0.83,30.92,0.84,19.3,0.08,0.08,0.092774,1776196884000
1776196886.456,86.456,0.17,30.92,0.16,19.3,0.25,5.0,0.29,10.0,0.75,5.0,0.71,10.0,0.83,30.92,0.84,19.3,0.08,0.08,0.092775,1776196885000
1776196887.044,87.044,0.17,30.92,0.16,19.3,0.25,5.0,0.29,10.0,0.75,5.0,0.71,10.0,0.83,30.92,0.84,19.3,0.08,0.08,0.092787,1776196886000
1776196888.219,88.219,0.17,30.92,0.16,19.3,0.25,5.0,0.29,10.0,0.75,5.0,0.71,10.0,0.83,30.92,0.84,19.3,0.08,0.08,0.092788,1776196887000
1776196889.387,89.387,0.17,30.92,0.16,19.3,0.25,5.0,0.29,10.0,0.75,5.0,0.71,10.0,0.83,30.92,0.84,19.3,0.08,0.08,0.092786,1776196888000
1776196889.978,89.978,0.17,30.92,0.16,19.3,0.25,5.0,0.29,10.0,0.75,5.0,0.71,10.0,0.83,30.92,0.84,19.3,0.08,0.08,0.092787,1776196889000
1776196891.277,91.277,0.17,30.92,0.16,19.3,0.25,5.0,0.29,10.0,0.75,5.0,0.71,10.0,0.83,30.92,0.84,19.3,0.08,0.08,0.092787,1776196890000
1776196892.508,92.508,0.17,30.92,0.16,19.3,0.25,5.0,0.29,10.0,0.75,5.0,0.71,10.0,0.83,30.92,0.84,19.3,0.08,0.08,0.092783,1776196891000
1776196893.143,93.143,0.17,30.92,0.16,19.3,0.25,5.0,0.29,10.0,0.75,5.0,0.71,10.0,0.83,30.92,0.84,19.3,0.08,0.08,0.092784,1776196892000
1776196894.41,94.41,0.17,30.92,0.16,19.3,0.25,5.0,0.29,10.0,0.75,5.0,0.71,10.0,0.83,30.92,0.84,19.3,0.08,0.08,0.092783,1776196893000
1776196895.123,95.123,0.17,30.92,0.16,19.3,0.25,5.0,0.29,10.0,0.75,5.0,0.71,10.0,0.83,30.92,0.84,19.3,0.08,0.08,0.092783,1776196894000
1776196896.312,96.312,0.17,30.92,0.16,19.3,0.25,5.0,0.29,10.0,0.75,5.0,0.71,10.0,0.83,30.92,0.84,19.3,0.08,0.08,0.092783,1776196895000
1776196898.171,98.171,0.17,30.92,0.16,19.3,0.25,5.0,0.29,10.0,0.75,5.0,0.71,10.0,0.83,30.92,0.84,19.3,0.08,0.08,0.092791,1776196897000
1776196899.492,99.492,0.17,30.92,0.16,19.3,0.25,5.0,0.29,10.0,0.75,5.0,0.71,10.0,0.83,30.92,0.84,19.3,0.08,0.08,0.092798,1776196898000
1776196900.149,100.149,0.17,30.92,0.16,19.3,0.25,5.0,0.29,10.0,0.75,5.0,0.71,10.0,0.83,30.92,0.84,19.3,0.08,0.08,0.0928,1776196899000
1776196901.376,101.376,0.17,30.92,0.16,19.3,0.25,5.0,0.29,10.0,0.75,5.0,0.71,10.0,0.83,30.92,0.84,19.3,0.08,0.08,0.092812,1776196900000
1776196901.944,101.944,0.17,30.92,0.16,19.3,0.25,5.0,0.29,10.0,0.75,5.0,0.71,10.0,0.83,30.92,0.84,19.3,0.08,0.08,0.092814,1776196901000
1776196903.036,103.036,0.17,30.92,0.16,19.3,0.25,5.0,0.29,10.0,0.75,5.0,0.71,10.0,0.83,30.92,0.84,19.3,0.08,0.08,0.092815,1776196902000
1776196904.226,104.226,0.17,30.92,0.16,19.3,0.25,5.0,0.29,10.0,0.75,5.0,0.71,10.0,0.83,30.92,0.84,19.3,0.08,0.08,0.092815,1776196903000
1776196905.424,105.424,0.17,30.92,0.16,19.3,0.25,5.0,0.29,10.0,0.75,5.0,0.71,10.0,0.83,30.92,0.84,19.3,0.08,0.08,0.092812,1776196904000
1776196905.953,105.953,0.17,30.92,0.16,19.3,0.25,5.0,0.29,10.0,0.75,5.0,0.71,10.0,0.83,30.92,0.84,19.3,0.08,0.08,0.092809,1776196905000
1776196907.183,107.183,0.17,30.92,0.16,19.3,0.25,5.0,0.29,10.0,0.75,5.0,0.71,10.0,0.83,30.92,0.84,19.3,0.08,0.08,0.09282,1776196906000
1776196908.408,108.408,0.17,30.92,0.16,19.3,0.25,5.0,0.29,10.0,0.75,5.0,0.71,10.0,0.83,30.92,0.84,19.3,0.08,0.08,0.092841,1776196907000
1776196909.02,109.02,0.17,30.92,0.16,19.3,0.25,5.0,0.29,10.0,0.75,5.0,0.71,10.0,0.83,30.92,0.84,19.3,0.08,0.08,0.092859,1776196908000
1776196910.199,110.199,0.17,30.92,0.16,19.3,0.25,5.0,0.29,10.0,0.75,5.0,0.71,10.0,0.83,30.92,0.84,19.3,0.08,0.08,0.092859,1776196909000
1776196911.421,111.421,0.17,30.92,0.16,19.3,0.25,5.0,0.29,10.0,0.75,5.0,0.71,10.0,0.83,30.92,0.84,19.3,0.08,0.08,0.092856,1776196910000
1776196911.982,111.982,0.17,30.92,0.16,19.3,0.25,5.0,0.29,10.0,0.75,5.0,0.71,10.0,0.83,30.92,0.84,19.3,0.08,0.08,0.092856,1776196911000
1776196913.765,113.765,0.17,30.92,0.16,19.3,0.25,5.0,0.29,10.0,0.75,5.0,0.71,10.0,0.83,30.92,0.84,19.3,0.08,0.08,0.092861,1776196912000
1776196914.336,114.336,0.17,30.92,0.16,19.3,0.25,5.0,0.29,10.0,0.75,5.0,0.71,10.0,0.83,30.92,0.84,19.3,0.08,0.08,0.092861,1776196913000
1776196914.939,114.939,0.17,30.92,0.16,19.3,0.25,5.0,0.29,10.0,0.75,5.0,0.71,10.0,0.83,30.92,0.84,19.3,0.08,0.08,0.09286,1776196914000
1776196916.334,116.334,0.17,30.92,0.16,19.3,0.25,5.0,0.29,10.0,0.75,5.0,0.71,10.0,0.83,30.92,0.84,19.3,0.08,0.08,0.09285,1776196915000
1776196916.987,116.987,0.17,30.92,0.16,19.3,0.25,5.0,0.29,10.0,0.75,5.0,0.71,10.0,0.83,30.92,0.84,19.3,0.08,0.08,0.092838,1776196916000
1776196918.177,118.177,0.17,30.92,0.16,19.3,0.25,5.0,0.29,10.0,0.75,5.0,0.71,10.0,0.83,30.92,0.84,19.3,0.08,0.08,0.092847,1776196917000
1776196919.282,119.282,0.31,12.2,0.3,12.4,0.41,45.24,0.43,10.0,0.75,5.0,0.71,10.0,0.83,30.92,0.84,19.3,0.1,0.08,0.092847,1776196917000
1776196920.508,120.508,0.31,12.2,0.3,12.4,0.41,45.24,0.43,10.0,0.59,45.24,0.57,10.0,0.69,12.2,0.7,12.4,0.1,0.1,0.092849,1776196919000
1776196921.239,121.239,0.31,12.2,0.3,12.4,0.41,45.24,0.43,10.0,0.59,45.24,0.57,10.0,0.69,12.2,0.7,12.4,0.1,0.1,0.092855,1776196920000
1776196922.438,122.438,0.31,12.2,0.3,12.4,0.41,45.24,0.43,10.0,0.59,45.24,0.57,10.0,0.69,12.2,0.7,12.4,0.1,0.1,0.09283,1776196921000
1776196923.041,123.041,0.31,12.2,0.3,12.4,0.41,45.24,0.43,10.0,0.59,45.24,0.57,10.0,0.69,12.2,0.7,12.4,0.1,0.1,0.092827,1776196922000
1776196924.357,124.357,0.31,12.2,0.3,12.4,0.41,45.24,0.43,10.0,0.59,45.24,0.57,10.0,0.69,12.2,0.7,12.4,0.1,0.1,0.092832,1776196923000
1776196925.467,125.467,0.31,12.2,0.3,12.4,0.41,45.24,0.43,10.0,0.59,45.24,0.57,10.0,0.69,12.2,0.7,12.4,0.1,0.1,0.092832,1776196924000
1776196925.994,125.994,0.31,12.2,0.3,12.4,0.41,45.24,0.43,10.0,0.59,45.24,0.57,10.0,0.69,12.2,0.7,12.4,0.1,0.1,0.092831,1776196925000
1776196927.135,127.135,0.31,12.2,0.3,12.4,0.41,45.24,0.43,10.0,0.59,45.24,0.57,10.0,0.69,12.2,0.7,12.4,0.1,0.1,0.092826,1776196926000
1776196928.297,128.297,0.31,12.2,0.3,12.4,0.41,45.24,0.43,10.0,0.59,45.24,0.57,10.0,0.69,12.2,0.7,12.4,0.1,0.1,0.092843,1776196927000
1776196929.526,129.526,0.31,12.2,0.3,12.4,0.41,45.24,0.43,10.0,0.59,45.24,0.57,10.0,0.69,12.2,0.7,12.4,0.1,0.1,0.092859,1776196928000
1776196930.339,130.339,0.31,12.2,0.3,12.4,0.41,45.24,0.43,10.0,0.59,45.24,0.57,10.0,0.69,12.2,0.7,12.4,0.1,0.1,0.092866,1776196929000
1776196930.97,130.97,0.34,11.6,0.33,11.8,0.36,5.0,0.44,5.0,0.59,45.24,0.57,10.0,0.69,12.2,0.7,12.4,0.02,0.1,0.092866,1776196929000
1776196931.97,131.97,0.34,11.6,0.33,11.8,0.36,5.0,0.44,5.0,0.64,5.0,0.56,5.0,0.66,11.6,0.67,11.8,0.02,0.02,0.092861,1776196930000
1776196932.713,132.713,0.34,11.6,0.33,11.8,0.36,5.0,0.44,5.0,0.64,5.0,0.56,5.0,0.66,11.6,0.67,11.8,0.02,0.02,0.092862,1776196931000
1776196933.42,133.42,0.34,11.6,0.33,11.8,0.36,5.0,0.44,5.0,0.64,5.0,0.56,5.0,0.66,11.6,0.67,11.8,0.02,0.02,0.092867,1776196932000
1776196934.027,134.027,0.34,11.6,0.33,11.8,0.46,5.0,0.51,55.0,0.64,5.0,0.56,5.0,0.66,11.6,0.67,11.8,0.12,0.02,0.092867,1776196932000
1776196935.715,135.715,0.34,11.6,0.33,11.8,0.46,5.0,0.51,55.0,0.54,5.0,0.49,55.0,0.66,11.6,0.67,11.8,0.12,0.12,0.092872,1776196934000
1776196936.451,136.451,0.34,11.6,0.33,11.8,0.46,5.0,0.51,55.0,0.54,5.0,0.49,55.0,0.66,11.6,0.67,11.8,0.12,0.12,0.09287,1776196935000
1776196937.265,137.265,0.34,11.6,0.33,11.8,0.46,5.0,0.51,55.0,0.54,5.0,0.49,55.0,0.66,11.6,0.67,11.8,0.12,0.12,0.09287,1776196936000
1776196938.803,138.803,0.34,11.6,0.33,11.8,0.46,5.0,0.51,55.0,0.54,5.0,0.49,55.0,0.66,11.6,0.67,11.8,0.12,0.12,0.092871,1776196937000
1776196939.537,139.537,0.34,11.6,0.33,11.8,0.46,5.0,0.51,55.0,0.54,5.0,0.49,55.0,0.66,11.6,0.67,11.8,0.12,0.12,0.092876,1776196938000
1776196940.326,140.326,0.34,11.6,0.33,11.8,0.46,5.0,0.51,55.0,0.54,5.0,0.49,55.0,0.66,11.6,0.67,11.8,0.12,0.12,0.092875,1776196939000
1776196941.642,141.642,0.34,11.6,0.33,11.8,0.46,5.0,0.51,55.0,0.54,5.0,0.49,55.0,0.66,11.6,0.67,11.8,0.12,0.12,0.092878,1776196940000
1776196942.501,142.501,0.34,11.6,0.33,11.8,0.46,5.0,0.51,55.0,0.54,5.0,0.49,55.0,0.66,11.6,0.67,11.8,0.12,0.12,0.092877,1776196941000
1776196943.024,143.024,0.45,17.0,0.36,11.3,0.49,5.0,0.51,55.0,0.54,5.0,0.49,55.0,0.66,11.6,0.67,11.8,0.04,0.12,0.092877,1776196941000
1776196944.535,144.535,0.45,17.0,0.36,11.3,0.49,5.0,0.51,55.0,0.51,5.0,0.49,55.0,0.55,17.0,0.64,11.3,0.04,0.04,0.092879,1776196943000
1776196945.36,145.36,0.45,17.0,0.36,11.3,0.49,5.0,0.51,55.0,0.51,5.0,0.49,55.0,0.55,17.0,0.64,11.3,0.04,0.04,0.092873,1776196944000
1776196945.969,145.969,0.3,5.0,0.29,5.0,0.41,33.0,0.46,32.0,0.51,5.0,0.49,55.0,0.55,17.0,0.64,11.3,0.11,0.04,0.092873,1776196944000
1776196946.781,146.781,0.3,5.0,0.29,5.0,0.41,33.0,0.46,32.0,0.59,33.0,0.54,32.0,0.7,5.0,0.71,5.0,0.11,0.11,0.092879,1776196945000
1776196947.513,147.513,0.3,5.0,0.29,5.0,0.41,33.0,0.46,32.0,0.59,33.0,0.54,32.0,0.7,5.0,0.71,5.0,0.11,0.11,0.092863,1776196946000
1776196948.578,148.578,0.3,5.0,0.29,5.0,0.41,33.0,0.46,32.0,0.59,33.0,0.54,32.0,0.7,5.0,0.71,5.0,0.11,0.11,0.092839,1776196947000
1776196949.13,149.13,0.3,5.0,0.29,5.0,0.41,33.0,0.46,32.0,0.59,33.0,0.54,32.0,0.7,5.0,0.71,5.0,0.11,0.11,0.092821,1776196948000
1776196950.184,150.184,0.3,5.0,0.29,5.0,0.41,33.0,0.46,32.0,0.59,33.0,0.54,32.0,0.7,5.0,0.71,5.0,0.11,0.11,0.092807,1776196949000
1776196951.271,151.271,0.3,5.0,0.29,5.0,0.41,33.0,0.46,32.0,0.59,33.0,0.54,32.0,0.7,5.0,0.71,5.0,0.11,0.11,0.092804,1776196950000
1776196952.44,152.44,0.3,5.0,0.29,5.0,0.41,33.0,0.46,32.0,0.59,33.0,0.54,32.0,0.7,5.0,0.71,5.0,0.11,0.11,0.092806,1776196951000
1776196952.927,152.927,0.3,5.0,0.29,5.0,0.41,33.0,0.46,32.0,0.59,33.0,0.54,32.0,0.7,5.0,0.71,5.0,0.11,0.11,0.092805,1776196952000
1776196953.897,153.897,0.3,5.0,0.29,5.0,0.41,33.0,0.46,32.0,0.59,33.0,0.54,32.0,0.7,5.0,0.71,5.0,0.11,0.11,0.092808,1776196953000
1776196954.875,154.875,0.3,5.0,0.29,5.0,0.41,33.0,0.46,32.0,0.59,33.0,0.54,32.0,0.7,5.0,0.71,5.0,0.11,0.11,0.092812,1776196954000
1776196955.962,155.962,0.3,5.0,0.29,5.0,0.41,33.0,0.46,32.0,0.59,33.0,0.54,32.0,0.7,5.0,0.71,5.0,0.11,0.11,0.092808,1776196955000
1776196957.083,157.083,0.3,5.0,0.29,5.0,0.41,33.0,0.46,32.0,0.59,33.0,0.54,32.0,0.7,5.0,0.71,5.0,0.11,0.11,0.092804,1776196956000
1776196958.044,158.044,0.3,5.0,0.29,5.0,0.41,33.0,0.46,32.0,0.59,33.0,0.54,32.0,0.7,5.0,0.71,5.0,0.11,0.11,0.092814,1776196957000
1776196959.209,159.209,0.3,5.0,0.29,5.0,0.41,33.0,0.46,32.0,0.59,33.0,0.54,32.0,0.7,5.0,0.71,5.0,0.11,0.11,0.092824,1776196958000
1776196960.157,160.157,0.3,5.0,0.29,5.0,0.41,33.0,0.46,32.0,0.59,33.0,0.54,32.0,0.7,5.0,0.71,5.0,0.11,0.11,0.092817,1776196959000
1776196961.133,161.133,0.3,5.0,0.29,5.0,0.41,33.0,0.46,32.0,0.59,33.0,0.54,32.0,0.7,5.0,0.71,5.0,0.11,0.11,0.092818,1776196960000
1776196962.215,162.215,0.3,5.0,0.29,5.0,0.41,33.0,0.46,32.0,0.59,33.0,0.54,32.0,0.7,5.0,0.71,5.0,0.11,0.11,0.092814,1776196961000
1776196963.347,163.347,0.3,5.0,0.29,5.0,0.41,33.0,0.46,32.0,0.59,33.0,0.54,32.0,0.7,5.0,0.71,5.0,0.11,0.11,0.092823,1776196962000
1776196963.897,163.897,0.3,5.0,0.29,5.0,0.41,33.0,0.46,32.0,0.59,33.0,0.54,32.0,0.7,5.0,0.71,5.0,0.11,0.11,0.092823,1776196963000
1776196965.009,165.009,0.3,5.0,0.29,5.0,0.41,33.0,0.46,32.0,0.59,33.0,0.54,32.0,0.7,5.0,0.71,5.0,0.11,0.11,0.092812,1776196964000
1776196966.316,166.316,0.3,5.0,0.29,5.0,0.41,33.0,0.46,32.0,0.59,33.0,0.54,32.0,0.7,5.0,0.71,5.0,0.11,0.11,0.092816,1776196965000
1776196967.463,167.463,0.3,5.0,0.29,5.0,0.41,33.0,0.46,32.0,0.59,33.0,0.54,32.0,0.7,5.0,0.71,5.0,0.11,0.11,0.09282,1776196966000
1776196967.947,167.947,0.3,5.0,0.29,5.0,0.41,33.0,0.46,32.0,0.59,33.0,0.54,32.0,0.7,5.0,0.71,5.0,0.11,0.11,0.092837,1776196967000
1776196969.127,169.127,0.3,5.0,0.29,5.0,0.41,33.0,0.46,32.0,0.59,33.0,0.54,32.0,0.7,5.0,0.71,5.0,0.11,0.11,0.092864,1776196968000
1776196970.116,170.116,0.51,45.0,0.46,36.34,0.55,6.4,0.69,12.2,0.59,33.0,0.54,32.0,0.7,5.0,0.71,5.0,0.04,0.11,0.092864,1776196968000
1776196971.467,171.467,0.46,66.23,0.45,16.0,0.69,8.2,0.7,12.4,0.31,8.2,0.3,12.4,0.54,66.23,0.55,16.0,0.23,0.23,0.09289,1776196970000
1776196972.035,172.035,0.46,66.23,0.45,6.0,0.51,14.0,0.54,5.0,0.49,14.0,0.46,5.0,0.54,66.23,0.55,6.0,0.05,0.05,0.092892,1776196971000
1776196973.152,173.152,0.46,66.23,0.45,6.0,0.51,14.0,0.54,5.0,0.49,14.0,0.46,5.0,0.54,66.23,0.55,6.0,0.05,0.05,0.092889,1776196972000
1776196974.254,174.254,0.46,66.23,0.45,6.0,0.51,14.0,0.54,5.0,0.49,14.0,0.46,5.0,0.54,66.23,0.55,6.0,0.05,0.05,0.092893,1776196973000
1776196975.621,175.621,0.46,66.23,0.45,6.0,0.51,14.0,0.54,5.0,0.49,14.0,0.46,5.0,0.54,66.23,0.55,6.0,0.05,0.05,0.09289,1776196974000
1776196976.17,176.17,0.46,66.23,0.45,6.0,0.51,14.0,0.54,5.0,0.49,14.0,0.46,5.0,0.54,66.23,0.55,6.0,0.05,0.05,0.092891,1776196975000
1776196977.174,177.174,0.46,66.23,0.45,6.0,0.51,14.0,0.54,5.0,0.49,14.0,0.46,5.0,0.54,66.23,0.55,6.0,0.05,0.05,0.09289,1776196976000
1776196978.424,178.424,0.46,61.23,0.45,6.0,0.51,14.0,0.53,5.0,0.49,14.0,0.46,5.0,0.54,66.23,0.55,6.0,0.05,0.05,0.09289,1776196976000
1776196979.259,179.259,0.46,61.23,0.45,6.0,0.51,14.0,0.53,5.0,0.49,14.0,0.47,5.0,0.54,61.23,0.55,6.0,0.05,0.05,0.092877,1776196978000
1776196980.594,180.594,0.46,56.23,0.45,6.0,0.47,5.0,0.51,14.0,0.53,5.0,0.49,14.0,0.54,56.23,0.55,6.0,0.01,0.01,0.092879,1776196979000
1776196981.156,181.156,0.46,56.23,0.45,6.0,0.47,5.0,0.51,14.0,0.53,5.0,0.49,14.0,0.54,56.23,0.55,6.0,0.01,0.01,0.09287,1776196980000
1776196982.386,182.386,0.46,56.23,0.45,6.0,0.47,5.0,0.51,14.0,0.53,5.0,0.49,14.0,0.54,56.23,0.55,6.0,0.01,0.01,0.092856,1776196981000
1776196982.993,182.993,0.46,56.23,0.45,6.0,0.47,5.0,0.51,14.0,0.53,5.0,0.49,14.0,0.54,56.23,0.55,6.0,0.01,0.01,0.092847,1776196982000
1776196983.531,183.531,0.46,32.75,0.45,6.0,0.47,30.0,0.51,64.0,0.53,30.0,0.49,64.0,0.54,37.75,0.55,6.0,0.01,0.01,0.092847,1776196982000
1776196983.821,183.821,0.46,27.65,0.45,6.0,0.47,30.0,0.51,64.0,0.53,30.0,0.49,64.0,0.54,32.75,0.55,6.0,0.01,0.01,0.092847,1776196982000
1776196984.308,184.308,0.46,27.65,0.45,6.0,0.47,30.0,0.51,64.0,0.53,30.0,0.49,64.0,0.54,27.65,0.55,6.0,0.01,0.01,0.092839,1776196983000
1776196984.537,184.537,0.46,20.22,0.45,6.0,0.47,30.0,0.51,64.0,0.53,30.0,0.49,64.0,0.54,27.65,0.55,6.0,0.01,0.01,0.092839,1776196983000
1776196984.819,184.819,0.46,15.12,0.45,6.0,0.47,30.0,0.51,64.0,0.53,30.0,0.49,64.0,0.54,20.22,0.55,6.0,0.01,0.01,0.092839,1776196983000
1776196985.489,185.489,0.46,15.12,0.45,6.0,0.47,30.0,0.51,64.0,0.53,30.0,0.49,64.0,0.54,15.12,0.55,6.0,0.01,0.01,0.092838,1776196984000
1776196986.161,186.161,0.46,15.12,0.45,6.0,0.47,30.0,0.51,64.0,0.53,30.0,0.49,64.0,0.54,15.12,0.55,6.0,0.01,0.01,0.092838,1776196985000
1776196986.724,186.724,0.46,10.12,0.45,6.0,0.47,30.0,0.51,74.4,0.53,30.0,0.49,64.0,0.54,15.12,0.55,6.0,0.01,0.01,0.092838,1776196985000
1776196987.162,187.162,0.46,7.69,0.45,6.0,0.47,82.83,0.5,10.4,0.53,30.0,0.49,74.4,0.54,10.12,0.55,6.0,0.01,0.01,0.092838,1776196985000
1776196987.527,187.527,0.46,5.83,0.45,6.0,0.47,82.83,0.5,10.4,0.53,82.83,0.5,10.4,0.54,7.69,0.55,6.0,0.01,0.01,0.092847,1776196986000
1776196988.199,188.199,0.22,10.0,0.19,16.89,0.41,38.17,0.47,82.83,0.53,82.83,0.5,10.4,0.54,5.83,0.55,6.0,0.19,0.01,0.092847,1776196986000
1776196988.474,188.474,0.22,10.0,0.19,16.89,0.41,38.17,0.47,82.83,0.59,38.17,0.53,82.83,0.78,10.0,0.81,16.89,0.19,0.19,0.092832,1776196987000
1776196989.082,189.082,0.22,10.0,0.19,16.89,0.41,38.17,0.47,82.83,0.59,38.17,0.53,82.83,0.78,10.0,0.81,16.89,0.19,0.19,0.092832,1776196988000
1776196990.243,190.243,0.22,10.0,0.19,16.89,0.41,38.17,0.47,82.83,0.59,38.17,0.53,82.83,0.78,10.0,0.81,16.89,0.19,0.19,0.09283,1776196989000
1776196991.548,191.548,0.22,10.0,0.19,16.89,0.41,38.17,0.47,82.83,0.59,38.17,0.53,82.83,0.78,10.0,0.81,16.89,0.19,0.19,0.092808,1776196990000
1776196992.137,192.137,0.22,10.0,0.19,16.89,0.41,38.17,0.47,82.83,0.59,38.17,0.53,82.83,0.78,10.0,0.81,16.89,0.19,0.19,0.092804,1776196991000
1776196992.953,192.953,0.17,12.53,0.13,23.0,0.24,6.62,0.39,10.0,0.59,38.17,0.53,82.83,0.78,10.0,0.81,16.89,0.07,0.19,0.092804,1776196991000
1776196994.26,194.26,0.17,12.53,0.13,23.0,0.24,6.62,0.39,10.0,0.76,6.62,0.61,10.0,0.83,12.53,0.87,23.0,0.07,0.07,0.09279,1776196993000
1776196995.27,195.27,0.17,12.53,0.13,23.0,0.24,6.62,0.39,10.0,0.76,6.62,0.61,10.0,0.83,12.53,0.87,23.0,0.07,0.07,0.092796,1776196994000
1776196996.312,196.312,0.17,12.53,0.13,23.0,0.24,6.62,0.39,10.0,0.76,6.62,0.61,10.0,0.83,12.53,0.87,23.0,0.07,0.07,0.092798,1776196995000
1776196997.385,197.385,0.17,12.53,0.13,23.0,0.24,6.62,0.39,10.0,0.76,6.62,0.61,10.0,0.83,12.53,0.87,23.0,0.07,0.07,0.092799,1776196996000
1776196998.323,198.323,0.17,12.53,0.13,23.0,0.24,6.62,0.39,10.0,0.76,6.62,0.61,10.0,0.83,12.53,0.87,23.0,0.07,0.07,0.0928,1776196997000
1776196998.932,198.932,0.17,12.53,0.13,23.0,0.24,6.62,0.39,10.0,0.76,6.62,0.61,10.0,0.83,12.53,0.87,23.0,0.07,0.07,0.0928,1776196998000
1776197000.047,200.047,0.17,12.53,0.13,23.0,0.24,6.62,0.39,10.0,0.76,6.62,0.61,10.0,0.83,12.53,0.87,23.0,0.07,0.07,0.092787,1776196999000
1776197001.036,201.036,0.17,12.53,0.13,23.0,0.24,6.62,0.39,10.0,0.76,6.62,0.61,10.0,0.83,12.53,0.87,23.0,0.07,0.07,0.092783,1776197000000
1776197002.151,202.151,0.17,12.53,0.13,23.0,0.24,6.62,0.39,10.0,0.76,6.62,0.61,10.0,0.83,12.53,0.87,23.0,0.07,0.07,0.092788,1776197001000
1776197003.235,203.235,0.11,25.47,0.1,28.9,0.23,14.7,0.24,14.3,0.77,14.7,0.76,14.3,0.89,25.47,0.9,28.9,0.12,0.12,0.092788,1776197002000
1776197004.367,204.367,0.11,25.47,0.1,28.9,0.23,14.7,0.24,14.3,0.77,14.7,0.76,14.3,0.89,25.47,0.9,28.9,0.12,0.12,0.09279,1776197003000
1776197005.374,205.374,0.11,25.47,0.1,28.9,0.23,14.7,0.24,14.3,0.77,14.7,0.76,14.3,0.89,25.47,0.9,28.9,0.12,0.12,0.092789,1776197004000
1776197006.909,206.909,0.11,25.47,0.1,28.9,0.23,14.7,0.24,14.3,0.77,14.7,0.76,14.3,0.89,25.47,0.9,28.9,0.12,0.12,0.092782,1776197005000
1776197007.351,207.351,0.11,25.47,0.1,28.9,0.23,14.7,0.24,14.3,0.77,14.7,0.76,14.3,0.89,25.47,0.9,28.9,0.12,0.12,0.092775,1776197006000
1776197007.986,207.986,0.11,25.47,0.1,28.9,0.23,14.7,0.24,14.3,0.77,14.7,0.76,14.3,0.89,25.47,0.9,28.9,0.12,0.12,0.09279,1776197007000
1776197009.086,209.086,0.11,25.47,0.1,28.9,0.23,14.7,0.24,14.3,0.77,14.7,0.76,14.3,0.89,25.47,0.9,28.9,0.12,0.12,0.092792,1776197008000
1776197010.033,210.033,0.11,25.47,0.1,28.9,0.23,14.7,0.24,14.3,0.77,14.7,0.76,14.3,0.89,25.47,0.9,28.9,0.12,0.12,0.092797,1776197009000
1776197011.119,211.119,0.11,25.47,0.1,28.9,0.23,14.7,0.24,14.3,0.77,14.7,0.76,14.3,0.89,25.47,0.9,28.9,0.12,0.12,0.092793,1776197010000
1776197012.192,212.192,0.11,25.47,0.1,28.9,0.23,14.7,0.24,14.3,0.77,14.7,0.76,14.3,0.89,25.47,0.9,28.9,0.12,0.12,0.092793,1776197011000
1776197013.241,213.241,0.11,25.47,0.1,28.9,0.23,14.7,0.24,14.3,0.77,14.7,0.76,14.3,0.89,25.47,0.9,28.9,0.12,0.12,0.09279,1776197012000
1776197014.37,214.37,0.11,25.47,0.1,28.9,0.23,14.7,0.24,14.3,0.77,14.7,0.76,14.3,0.89,25.47,0.9,28.9,0.12,0.12,0.092791,1776197013000
1776197014.945,214.945,0.11,25.47,0.1,28.9,0.23,14.7,0.24,14.3,0.77,14.7,0.76,14.3,0.89,25.47,0.9,28.9,0.12,0.12,0.09279,1776197014000
1776197016.031,216.031,0.11,25.47,0.1,28.9,0.23,14.7,0.24,14.3,0.77,14.7,0.76,14.3,0.89,25.47,0.9,28.9,0.12,0.12,0.09279,1776197015000
1776197017.047,217.047,0.1,23.9,0.09,31.7,0.2,16.3,0.21,15.7,0.8,16.3,0.79,15.7,0.9,23.9,0.91,31.7,0.1,0.1,0.092791,1776197016000
1776197018.103,218.103,0.1,23.9,0.09,31.7,0.2,16.3,0.21,15.7,0.8,16.3,0.79,15.7,0.9,23.9,0.91,31.7,0.1,0.1,0.092776,1776197017000
1776197019.14,219.14,0.1,23.9,0.09,31.7,0.2,16.3,0.21,15.7,0.8,16.3,0.79,15.7,0.9,23.9,0.91,31.7,0.1,0.1,0.092772,1776197018000
1776197020.737,220.737,0.1,23.9,0.09,31.7,0.2,16.3,0.21,15.7,0.8,16.3,0.79,15.7,0.9,23.9,0.91,31.7,0.1,0.1,0.092772,1776197019000
1776197021.314,221.314,0.1,23.9,0.09,31.7,0.2,16.3,0.21,15.7,0.8,16.3,0.79,15.7,0.9,23.9,0.91,31.7,0.1,0.1,0.092771,1776197020000
1776197021.876,221.876,0.1,23.9,0.09,31.7,0.2,16.3,0.21,15.7,0.8,16.3,0.79,15.7,0.9,23.9,0.91,31.7,0.1,0.1,0.092771,1776197021000
1776197022.948,222.948,0.1,23.9,0.09,31.7,0.2,16.3,0.21,15.7,0.8,16.3,0.79,15.7,0.9,23.9,0.91,31.7,0.1,0.1,0.092772,1776197022000
1776197024.032,224.032,0.1,23.9,0.09,31.7,0.2,16.3,0.21,15.7,0.8,16.3,0.79,15.7,0.9,23.9,0.91,31.7,0.1,0.1,0.092773,1776197023000
1776197025.178,225.178,0.1,23.9,0.09,31.7,0.2,16.3,0.21,15.7,0.8,16.3,0.79,15.7,0.9,23.9,0.91,31.7,0.1,0.1,0.092774,1776197024000
1776197026.222,226.222,0.1,23.9,0.09,31.7,0.2,16.3,0.21,15.7,0.8,16.3,0.79,15.7,0.9,23.9,0.91,31.7,0.1,0.1,0.09277,1776197025000
1776197027.266,227.266,0.1,23.9,0.09,31.7,0.2,16.3,0.21,15.7,0.8,16.3,0.79,15.7,0.9,23.9,0.91,31.7,0.1,0.1,0.092761,1776197026000
1776197028.52,228.52,0.1,23.9,0.09,31.7,0.2,16.3,0.21,15.7,0.8,16.3,0.79,15.7,0.9,23.9,0.91,31.7,0.1,0.1,0.092763,1776197027000
1776197029.01,229.01,0.1,23.9,0.09,31.7,0.2,16.3,0.21,15.7,0.8,16.3,0.79,15.7,0.9,23.9,0.91,31.7,0.1,0.1,0.092763,1776197028000
1776197030.08,230.08,0.1,23.9,0.09,31.7,0.2,16.3,0.21,15.7,0.8,16.3,0.79,15.7,0.9,23.9,0.91,31.7,0.1,0.1,0.092764,1776197029000
1776197031.218,231.218,0.1,23.9,0.09,31.7,0.2,16.3,0.21,15.7,0.8,16.3,0.79,15.7,0.9,23.9,0.91,31.7,0.1,0.1,0.092791,1776197030000
1776197032.369,232.369,0.1,23.9,0.09,31.7,0.2,16.3,0.21,15.7,0.8,16.3,0.79,15.7,0.9,23.9,0.91,31.7,0.1,0.1,0.092789,1776197031000
1776197032.91,232.91,0.1,23.9,0.09,31.7,0.2,16.3,0.21,15.7,0.8,16.3,0.79,15.7,0.9,23.9,0.91,31.7,0.1,0.1,0.09279,1776197032000
1776197033.973,233.973,0.1,23.9,0.09,31.7,0.2,16.3,0.21,15.7,0.8,16.3,0.79,15.7,0.9,23.9,0.91,31.7,0.1,0.1,0.092794,1776197033000
1776197035.26,235.26,0.1,23.9,0.09,31.7,0.2,16.3,0.21,15.7,0.8,16.3,0.79,15.7,0.9,23.9,0.91,31.7,0.1,0.1,0.092791,1776197034000
1776197036.393,236.393,0.11,44.66,0.1,28.9,0.26,13.5,0.27,13.2,0.8,16.3,0.79,15.7,0.9,23.9,0.91,31.7,0.15,0.1,0.092791,1776197034000
1776197037.279,237.279,0.11,44.66,0.1,28.9,0.26,13.5,0.27,13.2,0.74,13.5,0.73,13.2,0.89,44.66,0.9,28.9,0.15,0.15,0.092793,1776197036000
1776197037.737,237.737,0.11,20.98,0.1,28.9,0.21,13.0,0.22,5.0,0.74,13.5,0.73,13.2,0.89,44.66,0.9,28.9,0.1,0.15,0.092793,1776197036000
1776197039.013,239.013,0.11,20.98,0.1,28.9,0.21,13.0,0.22,5.0,0.79,13.0,0.78,5.0,0.89,20.98,0.9,28.9,0.1,0.1,0.092807,1776197037000
1776197039.66,239.66,0.11,20.98,0.1,28.9,0.21,13.0,0.22,5.0,0.79,13.0,0.78,5.0,0.89,20.98,0.9,28.9,0.1,0.1,0.092807,1776197038000
1776197040.526,240.526,0.11,20.98,0.1,28.9,0.21,13.0,0.22,5.0,0.79,13.0,0.78,5.0,0.89,20.98,0.9,28.9,0.1,0.1,0.092804,1776197039000
1776197041.202,241.202,0.11,20.98,0.1,28.9,0.21,13.0,0.22,5.0,0.79,13.0,0.78,5.0,0.89,20.98,0.9,28.9,0.1,0.1,0.092804,1776197040000
1776197042.781,242.781,0.11,21.6,0.1,28.9,0.21,15.7,0.22,15.2,0.79,15.7,0.78,15.2,0.89,21.6,0.9,28.9,0.1,0.1,0.092805,1776197041000
1776197043.573,243.573,0.11,21.6,0.1,28.9,0.21,15.7,0.22,15.2,0.79,15.7,0.78,15.2,0.89,21.6,0.9,28.9,0.1,0.1,0.09281,1776197042000
1776197044.36,244.36,0.11,21.6,0.1,28.9,0.21,15.7,0.22,15.2,0.79,15.7,0.78,15.2,0.89,21.6,0.9,28.9,0.1,0.1,0.092811,1776197043000
1776197045.155,245.155,0.11,21.6,0.1,28.9,0.21,15.7,0.22,15.2,0.79,15.7,0.78,15.2,0.89,21.6,0.9,28.9,0.1,0.1,0.092811,1776197044000
1776197046.778,246.778,0.11,21.6,0.1,28.9,0.21,15.7,0.22,15.2,0.79,15.7,0.78,15.2,0.89,21.6,0.9,28.9,0.1,0.1,0.092814,1776197045000
1776197047.557,247.557,0.11,21.6,0.1,28.9,0.21,15.7,0.22,15.2,0.79,15.7,0.78,15.2,0.89,21.6,0.9,28.9,0.1,0.1,0.092812,1776197046000
1776197048.312,248.312,0.11,21.6,0.1,28.9,0.21,15.7,0.22,15.2,0.79,15.7,0.78,15.2,0.89,21.6,0.9,28.9,0.1,0.1,0.092809,1776197047000
1776197049.03,249.03,0.11,21.6,0.1,28.9,0.21,15.7,0.22,15.2,0.79,15.7,0.78,15.2,0.89,21.6,0.9,28.9,0.1,0.1,0.092809,1776197048000
1776197050.546,250.546,0.11,21.6,0.1,28.9,0.21,15.7,0.22,15.2,0.79,15.7,0.78,15.2,0.89,21.6,0.9,28.9,0.1,0.1,0.092803,1776197049000
1776197051.274,251.274,0.11,21.6,0.1,28.9,0.21,15.7,0.22,15.2,0.79,15.7,0.78,15.2,0.89,21.6,0.9,28.9,0.1,0.1,0.092801,1776197050000
1776197051.779,251.779,0.05,49.7,0.04,72.7,0.11,5.0,0.27,13.2,0.79,15.7,0.78,15.2,0.89,21.6,0.9,28.9,0.06,0.1,0.092801,1776197050000
1776197052.75,252.75,0.11,45.0,0.06,46.1,0.35,11.4,0.36,11.3,0.65,11.4,0.64,11.3,0.89,45.0,0.94,46.1,0.24,0.24,0.092796,1776197051000
1776197053.397,253.397,0.11,45.0,0.06,46.1,0.35,11.4,0.36,11.3,0.65,11.4,0.64,11.3,0.89,45.0,0.94,46.1,0.24,0.24,0.092796,1776197052000
1776197054.257,254.257,0.11,45.0,0.06,46.1,0.35,11.4,0.36,11.3,0.65,11.4,0.64,11.3,0.89,45.0,0.94,46.1,0.24,0.24,0.092836,1776197053000
1776197055.524,255.524,0.11,45.0,0.06,46.1,0.35,11.4,0.36,11.3,0.65,11.4,0.64,11.3,0.89,45.0,0.94,46.1,0.24,0.24,0.092836,1776197054000
1776197056.039,256.039,0.11,45.0,0.06,46.1,0.35,11.4,0.36,11.3,0.65,11.4,0.64,11.3,0.89,45.0,0.94,46.1,0.24,0.24,0.092834,1776197055000
1776197056.346,256.346,0.36,2.27,0.35,5.0,0.41,38.17,0.48,10.4,0.65,11.4,0.64,11.3,0.89,45.0,0.94,46.1,0.05,0.24,0.092834,1776197055000
1776197056.629,256.629,0.18,10.0,0.14,21.6,0.41,33.17,0.48,10.4,0.59,38.17,0.52,10.4,0.64,2.27,0.65,5.0,0.23,0.05,0.092834,1776197055000
1776197057.176,257.176,0.18,10.0,0.14,21.6,0.41,33.17,0.48,10.4,0.59,33.17,0.52,10.4,0.82,10.0,0.86,21.6,0.23,0.23,0.092847,1776197056000
1776197058.242,258.242,0.18,10.0,0.14,21.6,0.41,33.17,0.48,10.4,0.59,33.17,0.52,10.4,0.82,10.0,0.86,21.6,0.23,0.23,0.092857,1776197057000
1776197059.386,259.386,0.18,10.0,0.14,21.6,0.41,33.17,0.48,10.4,0.59,33.17,0.52,10.4,0.82,10.0,0.86,21.6,0.23,0.23,0.092875,1776197058000
1776197059.954,259.954,0.18,10.0,0.14,21.6,0.41,33.17,0.48,10.4,0.59,33.17,0.52,10.4,0.82,10.0,0.86,21.6,0.23,0.23,0.092875,1776197059000
1776197061.125,261.125,0.18,10.0,0.14,21.6,0.41,33.17,0.48,10.4,0.59,33.17,0.52,10.4,0.82,10.0,0.86,21.6,0.23,0.23,0.092873,1776197060000
1776197062.158,262.158,0.18,10.0,0.14,21.6,0.41,33.17,0.48,10.4,0.59,33.17,0.52,10.4,0.82,10.0,0.86,21.6,0.23,0.23,0.09287,1776197061000
1776197063.175,263.175,0.18,10.0,0.14,21.6,0.41,33.17,0.48,10.4,0.59,33.17,0.52,10.4,0.82,10.0,0.86,21.6,0.23,0.23,0.092867,1776197062000
1776197064.212,264.212,0.18,10.0,0.14,21.6,0.41,33.17,0.48,10.4,0.59,33.17,0.52,10.4,0.82,10.0,0.86,21.6,0.23,0.23,0.092866,1776197063000
1776197065.254,265.254,0.18,10.0,0.14,21.6,0.41,33.17,0.48,10.4,0.59,33.17,0.52,10.4,0.82,10.0,0.86,21.6,0.23,0.23,0.092858,1776197064000
1776197066.305,266.305,0.21,13.92,0.2,16.2,0.39,20.9,0.4,15.8,0.59,33.17,0.52,10.4,0.82,10.0,0.86,21.6,0.18,0.23,0.092858,1776197064000
1776197067.337,267.337,0.21,13.92,0.2,16.2,0.39,20.9,0.4,15.8,0.61,20.9,0.6,15.8,0.79,13.92,0.8,16.2,0.18,0.18,0.092861,1776197066000
1776197067.615,267.615,0.21,7.59,0.2,16.2,0.23,5.0,0.3,7.14,0.61,20.9,0.6,15.8,0.79,13.92,0.8,16.2,0.02,0.18,0.092861,1776197066000
1776197067.876,267.876,0.21,7.59,0.2,16.2,0.23,5.0,0.3,7.14,0.77,5.0,0.7,7.14,0.79,7.59,0.8,16.2,0.02,0.02,0.092863,1776197067000
1776197069.511,269.511,0.21,7.59,0.2,16.2,0.23,5.0,0.3,7.14,0.77,5.0,0.7,7.14,0.79,7.59,0.8,16.2,0.02,0.02,0.09286,1776197068000
1776197070.322,270.322,0.21,7.59,0.2,16.2,0.23,5.0,0.3,7.14,0.77,5.0,0.7,7.14,0.79,7.59,0.8,16.2,0.02,0.02,0.092859,1776197069000
1776197071.161,271.161,0.17,3.39,0.16,19.3,0.2,5.0,0.3,14.14,0.77,5.0,0.7,7.14,0.79,7.59,0.8,16.2,0.03,0.02,0.092859,1776197069000
1776197071.739,271.739,0.14,21.6,0.13,23.0,0.3,7.47,0.31,50.0,0.7,7.47,0.69,50.0,0.86,21.6,0.87,23.0,0.16,0.16,0.09286,1776197070000
1776197072.509,272.509,0.14,21.6,0.13,23.0,0.3,7.47,0.31,50.0,0.7,7.47,0.69,50.0,0.86,21.6,0.87,23.0,0.16,0.16,0.09286,1776197071000
1776197073.158,273.158,0.14,21.6,0.13,23.0,0.3,7.47,0.31,50.0,0.7,7.47,0.69,50.0,0.86,21.6,0.87,23.0,0.16,0.16,0.092848,1776197072000
1776197074.503,274.503,0.14,21.6,0.13,23.0,0.3,7.47,0.31,50.0,0.7,7.47,0.69,50.0,0.86,21.6,0.87,23.0,0.16,0.16,0.092849,1776197073000
1776197075.071,275.071,0.14,21.6,0.13,23.0,0.3,7.47,0.31,50.0,0.7,7.47,0.69,50.0,0.86,21.6,0.87,23.0,0.16,0.16,0.092848,1776197074000
1776197076.23,276.23,0.14,21.6,0.13,23.0,0.3,7.47,0.31,50.0,0.7,7.47,0.69,50.0,0.86,21.6,0.87,23.0,0.16,0.16,0.092849,1776197075000
1776197077.52,277.52,0.14,21.6,0.13,23.0,0.3,7.47,0.31,50.0,0.7,7.47,0.69,50.0,0.86,21.6,0.87,23.0,0.16,0.16,0.092854,1776197076000
1776197077.909,277.909,0.2,12.75,0.04,5.0,0.23,5.0,0.3,0.47,0.7,7.47,0.69,50.0,0.86,21.6,0.87,23.0,0.03,0.16,0.092854,1776197076000
1776197078.197,278.197,0.2,6.51,0.04,5.0,0.23,5.0,0.3,0.47,0.77,5.0,0.7,0.47,0.8,12.75,0.96,5.0,0.03,0.03,0.092854,1776197077000
1776197079.354,279.354,0.04,5.0,0.02,15.0,0.23,5.0,0.3,0.47,0.77,5.0,0.7,0.47,0.96,5.0,0.98,15.0,0.19,0.19,0.092857,1776197078000
1776197080.047,280.047,0.04,5.0,0.02,15.0,0.23,5.0,0.3,0.47,0.77,5.0,0.7,0.47,0.96,5.0,0.98,15.0,0.19,0.19,0.092849,1776197079000
1776197080.518,280.518,0.02,15.0,0.01,5370.0,0.3,0.47,0.31,50.0,0.77,5.0,0.7,0.47,0.96,5.0,0.98,15.0,0.28,0.19,0.092849,1776197079000
1776197081.34,281.34,0.02,15.0,0.01,5370.0,0.3,0.47,0.31,50.0,0.7,0.47,0.69,50.0,0.98,15.0,0.99,5370.0,0.28,0.28,0.092855,1776197080000
1776197081.979,281.979,0.02,15.0,0.01,5370.0,0.3,0.47,0.31,50.0,0.7,0.47,0.69,50.0,0.98,15.0,0.99,5370.0,0.28,0.28,0.092855,1776197081000
1776197083.329,283.329,0.02,15.0,0.01,5370.0,0.3,0.47,0.31,50.0,0.7,0.47,0.69,50.0,0.98,15.0,0.99,5370.0,0.28,0.28,0.092855,1776197082000
1776197084.005,284.005,0.02,15.0,0.01,5370.0,0.3,0.47,0.31,50.0,0.7,0.47,0.69,50.0,0.98,15.0,0.99,5370.0,0.28,0.28,0.092855,1776197083000
1776197085.411,285.411,0.02,15.0,0.01,5370.0,0.3,0.47,0.31,50.0,0.7,0.47,0.69,50.0,0.98,15.0,0.99,5370.0,0.28,0.28,0.092851,1776197084000
1776197086.438,286.438,0.02,10.0,0.01,5370.0,0.12,5.0,0.13,5.0,0.7,0.47,0.69,50.0,0.98,15.0,0.99,5370.0,0.1,0.28,0.092851,1776197084000
1776197087.018,287.018,0.02,10.0,0.01,5370.0,0.12,5.0,0.13,5.0,0.88,5.0,0.87,5.0,0.98,10.0,0.99,5370.0,0.1,0.1,0.092851,1776197086000
1776197087.459,287.459,0.01,369.9,,,0.11,16.0,0.21,50.0,0.88,5.0,0.87,5.0,0.98,10.0,0.99,5370.0,0.1,0.1,0.092851,1776197086000
1776197087.827,287.827,0.01,318.9,,,0.1,10.0,0.11,16.0,0.89,16.0,0.79,50.0,0.99,369.9,,,0.09,0.1,0.092851,1776197086000
1776197088.039,288.039,0.01,318.9,,,0.1,10.0,0.11,16.0,0.9,10.0,0.89,16.0,0.99,318.9,,,0.09,0.09,0.092836,1776197087000
1776197089.028,289.028,0.01,156.87,,,0.09,10.0,0.1,5.0,0.91,10.0,0.9,5.0,0.99,156.87,,,0.08,0.08,0.092829,1776197088000
1776197089.963,289.963,0.01,151.82,,,0.07,30.0,0.09,10.0,0.93,30.0,0.91,10.0,0.99,151.82,,,0.06,0.06,0.092797,1776197089000
1776197090.949,290.949,0.01,151.82,,,0.07,30.0,0.09,10.0,0.93,30.0,0.91,10.0,0.99,151.82,,,0.06,0.06,0.092796,1776197090000
1776197091.533,291.533,0.01,141.72,,,0.16,10.0,0.21,50.0,0.93,30.0,0.91,10.0,0.99,151.82,,,0.15,0.06,0.092796,1776197090000
1776197091.867,291.867,0.01,141.72,,,0.16,10.0,0.21,50.0,0.84,10.0,0.79,50.0,0.99,141.72,,,0.15,0.15,0.092793,1776197091000
1776197092.37,292.37,0.01,133.8,,,0.19,10.0,0.21,50.0,0.84,10.0,0.79,50.0,0.99,141.72,,,0.18,0.15,0.092793,1776197091000
1776197092.645,292.645,0.01,128.75,,,0.21,60.0,0.3,0.47,0.81,10.0,0.79,50.0,0.99,133.8,,,0.2,0.18,0.092793,1776197091000
1776197093.254,293.254,0.01,63.1,,,0.21,50.0,0.25,10.0,0.79,50.0,0.78,10.0,0.99,68.15,,,0.2,0.2,0.092793,1776197091000
1776197093.856,293.856,0.01,61.5,,,0.21,50.0,0.28,10.0,0.79,50.0,0.75,10.0,0.99,63.1,,,0.2,0.2,0.092797,1776197092000
1776197094.309,294.309,0.01,36.5,,,0.21,50.0,0.28,10.0,0.79,50.0,0.72,10.0,0.99,36.5,,,0.2,0.2,0.092793,1776197093000
1776197095.11,295.11,,,,,0.11,50.0,0.21,50.0,0.89,50.0,0.79,50.0,0.99,0.5,,,,0.1,0.092793,1776197093000
1776197095.417,295.417,,,,,0.01,111.17,0.03,5.15,0.89,50.0,0.79,50.0,,,,,,,0.092798,1776197094000
1776197096.286,296.286,,,,,0.01,119.42,0.03,5.15,0.99,111.17,0.97,5.15,,,,,,,0.092798,1776197094000
1776197097.372,297.372,,,,,0.01,119.42,0.03,5.15,0.99,119.42,0.97,5.15,,,,,,,0.092799,1776197096000
1776197098.304,298.304,,,,,0.01,119.42,0.03,5.15,0.99,119.42,0.97,5.15,,,,,,,0.0928,1776197097000
1776197099.392,299.392,,,,,0.01,119.42,0.03,5.15,0.99,119.42,0.97,5.15,,,,,,,0.092785,1776197098000
1776197099.939,299.939,,,,,0.01,119.42,0.03,5.15,0.99,119.42,0.97,5.15,,,,,,,0.092784,1776197099000

# RESULT,winner=Down,slug=doge-updown-5m-1776196800,ticks=328
