timestamp,elapsed_sec,up_bid_p1,up_bid_s1,up_bid_p2,up_bid_s2,up_ask_p1,up_ask_s1,up_ask_p2,up_ask_s2,down_bid_p1,down_bid_s1,down_bid_p2,down_bid_s2,down_ask_p1,down_ask_s1,down_ask_p2,down_ask_s2,up_spread,down_spread,doge_price,doge_oracle_ts
1776191101.228,1.228,,,,,,,,,,,,,,,,,,,0.09397,1776191100000
1776191101.542,1.542,0.41,6.1,0.37,13.0,0.58,11.0,0.65,6.26,0.42,11.0,0.35,6.26,0.59,6.1,0.63,13.0,0.17,0.17,0.09397,1776191100000
1776191101.992,1.992,0.41,6.1,0.37,13.0,0.58,11.0,0.65,6.26,0.45,11.0,0.35,6.26,0.59,6.1,0.66,14.0,0.17,0.14,0.09397,1776191100000
1776191102.282,2.282,0.41,6.1,0.34,14.0,0.55,11.0,0.65,6.26,0.45,11.0,0.35,6.26,0.59,6.1,0.66,14.0,0.14,0.14,0.093971,1776191101000
1776191103.137,3.137,0.5,6.5,0.41,56.1,0.56,11.0,0.65,6.26,0.45,11.0,0.35,6.26,0.59,6.1,0.66,14.0,0.06,0.14,0.093971,1776191101000
1776191103.628,3.628,0.41,23.6,0.34,14.0,0.56,11.0,0.65,6.26,0.44,11.0,0.35,6.26,0.59,30.6,0.66,14.0,0.15,0.15,0.093956,1776191102000
1776191104.323,4.323,0.41,23.6,0.34,14.0,0.56,11.0,0.65,6.26,0.44,11.0,0.35,6.26,0.59,23.6,0.66,14.0,0.15,0.15,0.093941,1776191103000
1776191104.788,4.788,0.5,3.0,0.42,5.96,0.55,11.0,0.56,10.0,0.44,11.0,0.35,6.26,0.59,23.6,0.66,14.0,0.05,0.15,0.093941,1776191103000
1776191105.318,5.318,0.5,3.0,0.42,5.96,0.55,11.0,0.56,10.0,0.45,11.0,0.44,10.0,0.5,3.0,0.58,5.96,0.05,0.05,0.093941,1776191104000
1776191105.623,5.623,0.5,8.58,0.42,5.96,0.51,50.0,0.55,11.0,0.45,11.0,0.44,10.0,0.5,3.0,0.58,5.96,0.01,0.05,0.093941,1776191104000
1776191105.919,5.919,0.55,54.96,0.5,8.58,0.56,10.0,0.57,10.0,0.44,10.0,0.43,10.0,0.45,54.96,0.5,8.58,0.01,0.01,0.093941,1776191105000
1776191106.183,6.183,0.55,34.96,0.5,8.58,0.56,8.0,0.57,10.0,0.44,15.0,0.43,10.0,0.45,34.96,0.5,8.58,0.01,0.01,0.093941,1776191105000
1776191107.058,7.058,0.5,5.56,0.42,5.96,0.51,82.0,0.53,10.0,0.44,33.0,0.43,10.0,0.45,29.96,0.5,8.58,0.01,0.01,0.093941,1776191105000
1776191108.021,8.021,0.5,0.56,0.42,5.96,0.51,82.0,0.53,10.0,0.49,82.0,0.47,10.0,0.5,0.56,0.58,5.96,0.01,0.01,0.093939,1776191107000
1776191109.393,9.393,0.5,0.56,0.49,5.0,0.51,27.0,0.53,10.0,0.49,82.0,0.47,10.0,0.5,0.56,0.58,5.96,0.01,0.01,0.093939,1776191107000
1776191109.973,9.973,0.5,0.56,0.49,5.0,0.51,27.0,0.53,10.0,0.49,27.0,0.47,10.0,0.5,0.56,0.51,5.0,0.01,0.01,0.093932,1776191109000
1776191110.938,10.938,0.5,0.56,0.49,5.0,0.51,27.0,0.53,10.0,0.49,27.0,0.47,10.0,0.5,0.56,0.51,5.0,0.01,0.01,0.093932,1776191110000
1776191111.908,11.908,0.5,0.56,0.49,5.0,0.51,27.0,0.53,10.0,0.49,27.0,0.47,10.0,0.5,0.56,0.51,5.0,0.01,0.01,0.09393,1776191111000
1776191112.907,12.907,0.5,0.56,0.49,5.0,0.51,27.0,0.53,10.0,0.49,27.0,0.47,10.0,0.5,0.56,0.51,5.0,0.01,0.01,0.09393,1776191112000
1776191113.886,13.886,0.5,0.56,0.49,5.0,0.51,27.0,0.53,10.0,0.49,27.0,0.47,10.0,0.5,0.56,0.51,5.0,0.01,0.01,0.093931,1776191113000
1776191114.295,14.295,0.5,0.56,0.49,5.0,0.51,22.0,0.53,5.0,0.49,27.0,0.47,10.0,0.5,0.56,0.51,5.0,0.01,0.01,0.093931,1776191113000
1776191114.854,14.854,0.5,0.56,0.49,5.0,0.51,22.0,0.53,5.0,0.49,22.0,0.47,5.0,0.5,0.56,0.51,5.0,0.01,0.01,0.093931,1776191114000
1776191116.234,16.234,0.5,0.56,0.49,5.0,0.51,22.0,0.53,5.0,0.49,22.0,0.47,5.0,0.5,0.56,0.51,5.0,0.01,0.01,0.09394,1776191115000
1776191117.177,17.177,0.5,0.56,0.49,5.0,0.51,22.0,0.53,5.0,0.49,22.0,0.47,5.0,0.5,0.56,0.51,5.0,0.01,0.01,0.093937,1776191116000
1776191117.431,17.431,0.49,0.64,0.42,5.96,0.51,27.0,0.53,20.0,0.49,22.0,0.47,5.0,0.5,0.56,0.51,5.0,0.02,0.01,0.093937,1776191116000
1776191118.214,18.214,0.49,0.64,0.42,5.96,0.51,27.0,0.53,20.0,0.49,27.0,0.47,20.0,0.51,0.64,0.58,5.96,0.02,0.02,0.093936,1776191117000
1776191119.163,19.163,0.49,0.64,0.42,5.96,0.51,27.0,0.53,20.0,0.49,27.0,0.47,20.0,0.51,0.64,0.58,5.96,0.02,0.02,0.093936,1776191118000
1776191120.237,20.237,0.49,0.64,0.42,5.96,0.51,27.0,0.53,20.0,0.49,27.0,0.47,20.0,0.51,0.64,0.58,5.96,0.02,0.02,0.093946,1776191119000
1776191121.289,21.289,0.49,0.64,0.42,10.96,0.55,5.0,0.58,11.0,0.45,5.0,0.42,11.0,0.51,0.64,0.58,10.96,0.06,0.06,0.093952,1776191120000
1776191122.496,22.496,0.49,0.64,0.42,10.96,0.55,5.0,0.58,11.0,0.45,5.0,0.42,11.0,0.51,0.64,0.58,10.96,0.06,0.06,0.093963,1776191121000
1776191123.04,23.04,0.49,0.64,0.42,10.96,0.55,5.0,0.58,11.0,0.45,5.0,0.42,11.0,0.51,0.64,0.58,10.96,0.06,0.06,0.093961,1776191122000
1776191124.328,24.328,0.49,0.64,0.42,10.96,0.55,5.0,0.58,11.0,0.45,5.0,0.42,11.0,0.51,0.64,0.58,10.96,0.06,0.06,0.09396,1776191123000
1776191124.909,24.909,0.49,0.64,0.42,10.96,0.55,5.0,0.58,11.0,0.45,5.0,0.42,11.0,0.51,0.64,0.58,10.96,0.06,0.06,0.093975,1776191124000
1776191126.723,26.723,0.49,0.64,0.42,10.96,0.55,5.0,0.58,11.0,0.45,5.0,0.42,11.0,0.51,0.64,0.58,10.96,0.06,0.06,0.093988,1776191125000
1776191127.405,27.405,0.49,0.64,0.42,10.96,0.55,5.0,0.58,11.0,0.45,5.0,0.42,11.0,0.51,0.64,0.58,10.96,0.06,0.06,0.093988,1776191126000
1776191129.054,29.054,0.46,5.0,0.45,5.0,0.59,5.0,0.61,50.0,0.41,5.0,0.39,50.0,0.54,5.0,0.55,5.0,0.13,0.13,0.093981,1776191127000
1776191129.959,29.959,0.48,2.96,0.42,16.96,0.63,10.0,0.64,23.0,0.37,10.0,0.36,23.0,0.52,2.96,0.58,16.96,0.15,0.15,0.093974,1776191128000
1776191130.507,30.507,0.48,2.96,0.42,16.96,0.63,10.0,0.64,23.0,0.37,10.0,0.36,23.0,0.52,2.96,0.58,16.96,0.15,0.15,0.093976,1776191129000
1776191131.064,31.064,0.48,2.96,0.42,16.96,0.63,10.0,0.64,23.0,0.37,10.0,0.36,23.0,0.52,2.96,0.58,16.96,0.15,0.15,0.09398,1776191130000
1776191132.337,32.337,0.48,2.96,0.42,16.96,0.63,10.0,0.64,23.0,0.37,10.0,0.36,23.0,0.52,2.96,0.58,16.96,0.15,0.15,0.093984,1776191131000
1776191132.942,32.942,0.48,2.96,0.42,16.96,0.63,10.0,0.64,23.0,0.37,10.0,0.36,23.0,0.52,2.96,0.58,16.96,0.15,0.15,0.093983,1776191132000
1776191134.214,34.214,0.48,2.96,0.42,16.96,0.63,10.0,0.64,23.0,0.37,10.0,0.36,23.0,0.52,2.96,0.58,16.96,0.15,0.15,0.093983,1776191133000
1776191134.674,34.674,0.47,5.22,0.42,5.96,0.53,5.0,0.58,11.0,0.37,10.0,0.36,23.0,0.52,2.96,0.58,16.96,0.06,0.15,0.093983,1776191133000
1776191135.297,35.297,0.47,5.22,0.42,5.96,0.53,5.0,0.58,11.0,0.47,5.0,0.42,11.0,0.53,5.22,0.58,5.96,0.06,0.06,0.093983,1776191134000
1776191136.664,36.664,0.47,5.22,0.42,5.96,0.53,5.0,0.58,11.0,0.47,5.0,0.42,11.0,0.53,5.22,0.58,5.96,0.06,0.06,0.093959,1776191135000
1776191137.172,37.172,0.47,5.22,0.42,5.96,0.53,5.0,0.58,11.0,0.47,5.0,0.42,11.0,0.53,5.22,0.58,5.96,0.06,0.06,0.093955,1776191136000
1776191138.437,38.437,0.47,5.22,0.42,5.96,0.53,5.0,0.58,11.0,0.47,5.0,0.42,11.0,0.53,5.22,0.58,5.96,0.06,0.06,0.093946,1776191137000
1776191139.794,39.794,0.47,5.22,0.42,5.96,0.53,5.0,0.58,11.0,0.47,5.0,0.42,11.0,0.53,5.22,0.58,5.96,0.06,0.06,0.09397,1776191138000
1776191140.181,40.181,0.53,7.0,0.52,9.0,0.65,4.72,0.69,16.0,0.47,5.0,0.42,11.0,0.53,5.22,0.58,5.96,0.12,0.06,0.09397,1776191138000
1776191140.915,40.915,0.53,7.0,0.52,9.0,0.65,4.72,0.69,16.0,0.35,4.72,0.31,16.0,0.47,7.0,0.48,9.0,0.12,0.12,0.093978,1776191139000
1776191141.801,41.801,0.53,7.0,0.52,9.0,0.65,4.72,0.69,16.0,0.35,4.72,0.31,16.0,0.47,7.0,0.48,9.0,0.12,0.12,0.09402,1776191140000
1776191142.484,42.484,0.53,7.0,0.52,9.0,0.65,4.72,0.69,16.0,0.35,4.72,0.31,16.0,0.47,7.0,0.48,9.0,0.12,0.12,0.094029,1776191141000
1776191143.292,43.292,0.53,7.0,0.52,9.0,0.65,4.72,0.69,16.0,0.35,4.72,0.31,16.0,0.47,7.0,0.48,9.0,0.12,0.12,0.09404,1776191142000
1776191144.8,44.8,0.53,7.0,0.52,9.0,0.65,4.72,0.69,16.0,0.35,4.72,0.31,16.0,0.47,7.0,0.48,9.0,0.12,0.12,0.09404,1776191143000
1776191145.481,45.481,0.53,7.0,0.52,9.0,0.65,4.72,0.69,16.0,0.35,4.72,0.31,16.0,0.47,7.0,0.48,9.0,0.12,0.12,0.094045,1776191144000
1776191146.298,46.298,0.53,7.0,0.52,9.0,0.65,4.72,0.69,16.0,0.35,4.72,0.31,16.0,0.47,7.0,0.48,9.0,0.12,0.12,0.094047,1776191145000
1776191146.764,46.764,0.62,5.0,0.54,10.0,0.75,25.0,0.78,25.2,0.35,4.72,0.31,16.0,0.47,7.0,0.48,9.0,0.13,0.12,0.094047,1776191145000
1776191147.82,47.82,0.62,5.0,0.54,10.0,0.75,25.0,0.78,25.2,0.25,25.0,0.22,25.2,0.38,5.0,0.46,10.0,0.13,0.13,0.094046,1776191146000
1776191148.595,48.595,0.62,5.0,0.54,10.0,0.75,25.0,0.78,25.2,0.25,25.0,0.22,25.2,0.38,5.0,0.46,10.0,0.13,0.13,0.094047,1776191147000
1776191149.317,49.317,0.62,5.0,0.54,10.0,0.75,25.0,0.78,25.2,0.25,25.0,0.22,25.2,0.38,5.0,0.46,10.0,0.13,0.13,0.094047,1776191148000
1776191150.085,50.085,0.62,5.0,0.54,10.0,0.75,25.0,0.78,25.2,0.25,25.0,0.22,25.2,0.38,5.0,0.46,10.0,0.13,0.13,0.094058,1776191149000
1776191151.619,51.619,0.62,5.0,0.54,10.0,0.75,25.0,0.78,25.2,0.25,25.0,0.22,25.2,0.38,5.0,0.46,10.0,0.13,0.13,0.09406,1776191150000
1776191152.412,52.412,0.62,5.0,0.54,10.0,0.75,25.0,0.78,25.2,0.25,25.0,0.22,25.2,0.38,5.0,0.46,10.0,0.13,0.13,0.09406,1776191151000
1776191152.924,52.924,0.75,5.0,0.67,5.0,0.77,23.4,0.78,15.2,0.25,25.0,0.22,25.2,0.38,5.0,0.46,10.0,0.02,0.13,0.09406,1776191151000
1776191154.382,54.382,0.75,5.0,0.67,5.0,0.77,23.4,0.78,15.2,0.23,23.4,0.22,15.2,0.25,5.0,0.33,5.0,0.02,0.02,0.094066,1776191153000
1776191155.213,55.213,0.75,5.0,0.67,5.0,0.77,23.4,0.78,15.2,0.23,23.4,0.22,15.2,0.25,5.0,0.33,5.0,0.02,0.02,0.094065,1776191154000
1776191156.742,56.742,0.75,5.0,0.67,5.0,0.77,23.4,0.78,15.2,0.23,23.4,0.22,15.2,0.25,5.0,0.33,5.0,0.02,0.02,0.094069,1776191155000
1776191157.454,57.454,0.75,5.0,0.67,5.0,0.77,23.4,0.78,15.2,0.23,23.4,0.22,15.2,0.25,5.0,0.33,5.0,0.02,0.02,0.09407,1776191156000
1776191158.131,58.131,0.75,5.0,0.67,5.0,0.77,23.4,0.78,15.2,0.23,23.4,0.22,15.2,0.25,5.0,0.33,5.0,0.02,0.02,0.094072,1776191157000
1776191159.239,59.239,0.75,5.0,0.67,5.0,0.77,23.4,0.78,15.2,0.23,23.4,0.22,15.2,0.25,5.0,0.33,5.0,0.02,0.02,0.094065,1776191158000
1776191160.276,60.276,0.75,5.0,0.67,5.0,0.77,23.4,0.78,15.2,0.23,23.4,0.22,15.2,0.25,5.0,0.33,5.0,0.02,0.02,0.094056,1776191159000
1776191161.403,61.403,0.75,5.0,0.67,5.0,0.77,23.4,0.78,15.2,0.23,23.4,0.22,15.2,0.25,5.0,0.33,5.0,0.02,0.02,0.094049,1776191160000
1776191162.03,62.03,0.75,5.0,0.67,5.0,0.77,23.4,0.78,15.2,0.23,23.4,0.22,15.2,0.25,5.0,0.33,5.0,0.02,0.02,0.094049,1776191161000
1776191163.884,63.884,0.75,5.0,0.67,5.0,0.77,23.4,0.78,15.2,0.23,23.4,0.22,15.2,0.25,5.0,0.33,5.0,0.02,0.02,0.094069,1776191162000
1776191164.509,64.509,0.75,5.0,0.72,5.0,0.81,65.65,0.82,17.6,0.23,23.4,0.22,15.2,0.25,5.0,0.33,5.0,0.06,0.02,0.094069,1776191162000
1776191165.287,65.287,0.75,5.0,0.72,5.0,0.81,65.65,0.82,17.6,0.19,65.65,0.18,17.6,0.25,5.0,0.28,5.0,0.06,0.06,0.094093,1776191164000
1776191166.452,66.452,0.75,5.0,0.72,5.0,0.81,65.65,0.82,17.6,0.19,65.65,0.18,17.6,0.25,5.0,0.28,5.0,0.06,0.06,0.094096,1776191165000
1776191167.134,67.134,0.75,5.0,0.72,5.0,0.81,65.65,0.82,17.6,0.19,65.65,0.18,17.6,0.25,5.0,0.28,5.0,0.06,0.06,0.094097,1776191166000
1776191168.307,68.307,0.75,5.0,0.72,5.0,0.81,65.65,0.82,17.6,0.19,65.65,0.18,17.6,0.25,5.0,0.28,5.0,0.06,0.06,0.094098,1776191167000
1776191169.097,69.097,0.75,5.0,0.72,5.0,0.81,65.65,0.82,17.6,0.19,65.65,0.18,17.6,0.25,5.0,0.28,5.0,0.06,0.06,0.094098,1776191168000
1776191170.274,70.274,0.75,5.0,0.72,5.0,0.81,65.65,0.82,17.6,0.19,65.65,0.18,17.6,0.25,5.0,0.28,5.0,0.06,0.06,0.094098,1776191169000
1776191171.465,71.465,0.75,5.0,0.72,5.0,0.81,65.65,0.82,17.6,0.19,65.65,0.18,17.6,0.25,5.0,0.28,5.0,0.06,0.06,0.094098,1776191170000
1776191172.099,72.099,0.75,5.0,0.72,5.0,0.81,65.65,0.82,17.6,0.19,65.65,0.18,17.6,0.25,5.0,0.28,5.0,0.06,0.06,0.094099,1776191171000
1776191172.533,72.533,0.61,41.2,0.6,10.0,0.82,17.6,0.83,18.39,0.19,65.65,0.18,17.6,0.25,5.0,0.28,5.0,0.21,0.06,0.094099,1776191171000
1776191173.376,73.376,0.61,41.2,0.6,10.0,0.82,17.6,0.83,18.39,0.18,17.6,0.17,18.39,0.39,41.2,0.4,10.0,0.21,0.21,0.094099,1776191172000
1776191174.0,74.0,0.61,41.2,0.6,10.0,0.82,17.6,0.83,18.39,0.18,17.6,0.17,18.39,0.39,41.2,0.4,10.0,0.21,0.21,0.094099,1776191173000
1776191175.757,75.757,0.61,41.2,0.6,10.0,0.82,17.6,0.83,18.39,0.18,17.6,0.17,18.39,0.39,41.2,0.4,10.0,0.21,0.21,0.0941,1776191174000
1776191176.342,76.342,0.61,41.2,0.6,10.0,0.82,17.6,0.83,18.39,0.18,17.6,0.17,18.39,0.39,41.2,0.4,10.0,0.21,0.21,0.094101,1776191175000
1776191177.359,77.359,0.61,41.2,0.6,10.0,0.82,17.6,0.83,18.39,0.18,17.6,0.17,18.39,0.39,41.2,0.4,10.0,0.21,0.21,0.094103,1776191176000
1776191177.9,77.9,0.61,41.2,0.6,10.0,0.82,17.6,0.83,18.39,0.18,17.6,0.17,18.39,0.39,41.2,0.4,10.0,0.21,0.21,0.094103,1776191177000
1776191179.797,79.797,0.61,41.2,0.6,10.0,0.82,17.6,0.83,18.39,0.18,17.6,0.17,18.39,0.39,41.2,0.4,10.0,0.21,0.21,0.094104,1776191178000
1776191180.471,80.471,0.61,41.2,0.6,10.0,0.82,17.6,0.83,18.39,0.18,17.6,0.17,18.39,0.39,41.2,0.4,10.0,0.21,0.21,0.094103,1776191179000
1776191181.021,81.021,0.84,22.0,0.82,5.0,0.85,1.6,0.88,10.0,0.15,1.6,0.12,10.0,0.16,22.0,0.18,5.0,0.01,0.01,0.094105,1776191180000
1776191181.296,81.296,0.84,22.0,0.82,5.0,0.85,0.42,0.88,10.0,0.15,1.6,0.12,10.0,0.16,22.0,0.18,5.0,0.01,0.01,0.094105,1776191180000
1776191182.058,82.058,0.84,22.0,0.82,5.0,0.85,0.42,0.88,10.0,0.15,0.42,0.12,10.0,0.16,22.0,0.18,5.0,0.01,0.01,0.094163,1776191181000
1776191183.143,83.143,0.84,22.0,0.82,5.0,0.88,30.36,0.89,26.6,0.12,30.36,0.11,26.6,0.16,22.0,0.18,5.0,0.04,0.04,0.094163,1776191182000
1776191184.639,84.639,0.84,22.0,0.82,5.0,0.88,30.36,0.89,26.6,0.12,30.36,0.11,26.6,0.16,22.0,0.18,5.0,0.04,0.04,0.094142,1776191183000
1776191185.26,85.26,0.84,22.0,0.82,5.0,0.88,30.36,0.89,26.6,0.12,30.36,0.11,26.6,0.16,22.0,0.18,5.0,0.04,0.04,0.094135,1776191184000
1776191186.32,86.32,0.84,22.0,0.82,5.0,0.88,30.36,0.89,26.6,0.12,30.36,0.11,26.6,0.16,22.0,0.18,5.0,0.04,0.04,0.09413,1776191185000
1776191187.455,87.455,0.84,22.0,0.82,5.0,0.88,30.36,0.89,26.6,0.12,30.36,0.11,26.6,0.16,22.0,0.18,5.0,0.04,0.04,0.094133,1776191186000
1776191188.078,88.078,0.84,22.0,0.82,5.0,0.88,30.36,0.89,26.6,0.12,30.36,0.11,26.6,0.16,22.0,0.18,5.0,0.04,0.04,0.094127,1776191187000
1776191189.222,89.222,0.84,22.0,0.82,5.0,0.88,30.36,0.89,26.6,0.12,30.36,0.11,26.6,0.16,22.0,0.18,5.0,0.04,0.04,0.094123,1776191188000
1776191190.613,90.613,0.84,22.0,0.82,5.0,0.88,30.36,0.89,26.6,0.12,30.36,0.11,26.6,0.16,22.0,0.18,5.0,0.04,0.04,0.094107,1776191189000
1776191191.121,91.121,0.84,22.0,0.82,5.0,0.88,30.36,0.89,26.6,0.12,30.36,0.11,26.6,0.16,22.0,0.18,5.0,0.04,0.04,0.094106,1776191190000
1776191191.594,91.594,0.73,1.29,0.69,12.2,0.81,22.65,0.82,17.6,0.12,30.36,0.11,26.6,0.16,22.0,0.18,5.0,0.08,0.04,0.094106,1776191190000
1776191192.259,92.259,0.73,1.29,0.69,12.2,0.81,22.65,0.82,17.6,0.19,22.65,0.18,17.6,0.27,1.29,0.31,12.2,0.08,0.08,0.094102,1776191191000
1776191193.276,93.276,0.73,1.29,0.69,12.2,0.81,22.65,0.82,17.6,0.19,22.65,0.18,17.6,0.27,1.29,0.31,12.2,0.08,0.08,0.094102,1776191192000
1776191193.669,93.669,0.66,8.51,0.65,11.4,0.78,5.76,0.81,21.89,0.19,22.65,0.18,17.6,0.27,1.29,0.31,12.2,0.12,0.08,0.094102,1776191192000
1776191194.606,94.606,0.66,8.51,0.65,11.4,0.78,5.76,0.81,21.89,0.22,5.76,0.19,21.89,0.34,8.51,0.35,11.4,0.12,0.12,0.094102,1776191193000
1776191195.173,95.173,0.66,8.51,0.65,11.4,0.78,5.76,0.81,21.89,0.22,5.76,0.19,21.89,0.34,8.51,0.35,11.4,0.12,0.12,0.094099,1776191194000
1776191196.249,96.249,0.66,8.51,0.65,11.4,0.78,5.76,0.81,21.89,0.22,5.76,0.19,21.89,0.34,8.51,0.35,11.4,0.12,0.12,0.0941,1776191195000
1776191197.232,97.232,0.66,8.51,0.65,11.4,0.78,5.76,0.81,21.89,0.22,5.76,0.19,21.89,0.34,8.51,0.35,11.4,0.12,0.12,0.0941,1776191196000
1776191198.336,98.336,0.66,8.51,0.65,11.4,0.78,5.76,0.81,21.89,0.22,5.76,0.19,21.89,0.34,8.51,0.35,11.4,0.12,0.12,0.0941,1776191197000
1776191199.243,99.243,0.66,8.51,0.65,11.4,0.78,5.76,0.81,21.89,0.22,5.76,0.19,21.89,0.34,8.51,0.35,11.4,0.12,0.12,0.094099,1776191198000
1776191200.404,100.404,0.66,8.51,0.65,11.4,0.78,5.76,0.81,21.89,0.22,5.76,0.19,21.89,0.34,8.51,0.35,11.4,0.12,0.12,0.094099,1776191199000
1776191201.01,101.01,0.66,8.51,0.65,11.4,0.78,5.76,0.81,21.89,0.22,5.76,0.19,21.89,0.34,8.51,0.35,11.4,0.12,0.12,0.094099,1776191200000
1776191201.993,101.993,0.66,8.51,0.65,11.4,0.78,5.76,0.81,21.89,0.22,5.76,0.19,21.89,0.34,8.51,0.35,11.4,0.12,0.12,0.0941,1776191201000
1776191203.004,103.004,0.66,8.51,0.65,11.4,0.78,5.76,0.81,21.89,0.22,5.76,0.19,21.89,0.34,8.51,0.35,11.4,0.12,0.12,0.094082,1776191202000
1776191204.547,104.547,0.66,8.51,0.65,11.4,0.78,5.76,0.81,21.89,0.22,5.76,0.19,21.89,0.34,8.51,0.35,11.4,0.12,0.12,0.094083,1776191203000
1776191205.23,105.23,0.66,8.51,0.65,11.4,0.78,5.76,0.81,21.89,0.22,5.76,0.19,21.89,0.34,8.51,0.35,11.4,0.12,0.12,0.094083,1776191204000
1776191206.638,106.638,0.66,8.51,0.65,11.4,0.78,5.76,0.81,21.89,0.22,5.76,0.19,21.89,0.34,8.51,0.35,11.4,0.12,0.12,0.094084,1776191205000
1776191207.224,107.224,0.66,8.51,0.65,11.4,0.78,5.76,0.81,21.89,0.22,5.76,0.19,21.89,0.34,8.51,0.35,11.4,0.12,0.12,0.094086,1776191206000
1776191208.444,108.444,0.66,8.51,0.65,11.4,0.78,5.76,0.81,21.89,0.22,5.76,0.19,21.89,0.34,8.51,0.35,11.4,0.12,0.12,0.094085,1776191207000
1776191209.185,109.185,0.66,8.51,0.65,11.4,0.78,5.76,0.81,21.89,0.22,5.76,0.19,21.89,0.34,8.51,0.35,11.4,0.12,0.12,0.094085,1776191208000
1776191210.487,110.487,0.66,8.51,0.65,11.4,0.78,5.76,0.81,21.89,0.22,5.76,0.19,21.89,0.34,8.51,0.35,11.4,0.12,0.12,0.0941,1776191209000
1776191211.153,111.153,0.66,8.51,0.65,11.4,0.78,5.76,0.81,21.89,0.22,5.76,0.19,21.89,0.34,8.51,0.35,11.4,0.12,0.12,0.0941,1776191210000
1776191211.443,111.443,0.75,42.9,0.74,13.5,0.82,5.76,0.86,21.6,0.22,5.76,0.19,21.89,0.34,8.51,0.35,11.4,0.07,0.12,0.0941,1776191210000
1776191212.29,112.29,0.75,42.9,0.74,13.5,0.82,5.76,0.86,21.6,0.18,5.76,0.14,21.6,0.25,42.9,0.26,13.5,0.07,0.07,0.094114,1776191211000
1776191212.514,112.514,0.75,42.9,0.74,13.5,0.82,3.77,0.86,21.6,0.18,5.76,0.14,21.6,0.25,42.9,0.26,13.5,0.07,0.07,0.094114,1776191211000
1776191213.518,113.518,0.75,42.9,0.74,13.5,0.82,3.77,0.86,21.6,0.18,3.77,0.14,21.6,0.25,42.9,0.26,13.5,0.07,0.07,0.094118,1776191212000
1776191214.164,114.164,0.75,42.9,0.74,13.5,0.82,3.77,0.86,21.6,0.18,3.77,0.14,21.6,0.25,42.9,0.26,13.5,0.07,0.07,0.094118,1776191213000
1776191215.438,115.438,0.75,42.9,0.74,13.5,0.82,3.77,0.86,21.6,0.18,3.77,0.14,21.6,0.25,42.9,0.26,13.5,0.07,0.07,0.09412,1776191214000
1776191216.225,116.225,0.75,42.9,0.74,13.5,0.82,3.77,0.86,21.6,0.18,3.77,0.14,21.6,0.25,42.9,0.26,13.5,0.07,0.07,0.09412,1776191215000
1776191217.565,117.565,0.75,42.9,0.74,13.5,0.82,3.77,0.86,21.6,0.18,3.77,0.14,21.6,0.25,42.9,0.26,13.5,0.07,0.07,0.094122,1776191216000
1776191218.229,118.229,0.75,42.9,0.74,13.5,0.82,3.77,0.86,21.6,0.18,3.77,0.14,21.6,0.25,42.9,0.26,13.5,0.07,0.07,0.094121,1776191217000
1776191219.426,119.426,0.75,42.9,0.74,13.5,0.82,3.77,0.86,21.6,0.18,3.77,0.14,21.6,0.25,42.9,0.26,13.5,0.07,0.07,0.094122,1776191218000
1776191220.148,120.148,0.75,42.9,0.74,13.5,0.82,3.77,0.86,21.6,0.18,3.77,0.14,21.6,0.25,42.9,0.26,13.5,0.07,0.07,0.094123,1776191219000
1776191221.435,121.435,0.75,42.9,0.74,13.5,0.82,3.77,0.86,21.6,0.18,3.77,0.14,21.6,0.25,42.9,0.26,13.5,0.07,0.07,0.094123,1776191220000
1776191221.989,121.989,0.75,42.9,0.74,13.5,0.82,3.77,0.86,21.6,0.18,3.77,0.14,21.6,0.25,42.9,0.26,13.5,0.07,0.07,0.094123,1776191221000
1776191223.132,123.132,0.75,42.9,0.74,13.5,0.82,3.77,0.86,21.6,0.18,3.77,0.14,21.6,0.25,42.9,0.26,13.5,0.07,0.07,0.094123,1776191222000
1776191224.335,124.335,0.75,42.9,0.74,13.5,0.82,3.77,0.86,21.6,0.18,3.77,0.14,21.6,0.25,42.9,0.26,13.5,0.07,0.07,0.094123,1776191223000
1776191224.946,124.946,0.75,42.9,0.74,13.5,0.82,3.77,0.86,21.6,0.18,3.77,0.14,21.6,0.25,42.9,0.26,13.5,0.07,0.07,0.094118,1776191224000
1776191226.028,126.028,0.75,42.9,0.74,13.5,0.82,3.77,0.86,21.6,0.18,3.77,0.14,21.6,0.25,42.9,0.26,13.5,0.07,0.07,0.094123,1776191225000
1776191227.096,127.096,0.75,42.9,0.74,13.5,0.82,3.77,0.86,21.6,0.18,3.77,0.14,21.6,0.25,42.9,0.26,13.5,0.07,0.07,0.094115,1776191226000
1776191228.234,128.234,0.75,42.9,0.74,13.5,0.82,3.77,0.86,21.6,0.18,3.77,0.14,21.6,0.25,42.9,0.26,13.5,0.07,0.07,0.094119,1776191227000
1776191228.609,128.609,0.78,15.2,0.77,14.7,0.89,25.47,0.9,33.9,0.18,3.77,0.14,21.6,0.25,42.9,0.26,13.5,0.11,0.07,0.094119,1776191227000
1776191229.216,129.216,0.78,15.2,0.77,14.7,0.89,25.47,0.9,33.9,0.11,25.47,0.1,33.9,0.22,15.2,0.23,14.7,0.11,0.11,0.094116,1776191228000
1776191230.218,130.218,0.78,15.2,0.77,14.7,0.89,25.47,0.9,33.9,0.11,25.47,0.1,33.9,0.22,15.2,0.23,14.7,0.11,0.11,0.094129,1776191229000
1776191231.4,131.4,0.78,15.2,0.77,14.7,0.89,25.47,0.9,33.9,0.11,25.47,0.1,33.9,0.22,15.2,0.23,14.7,0.11,0.11,0.094132,1776191230000
1776191232.025,132.025,0.78,15.2,0.77,14.7,0.89,25.47,0.9,33.9,0.11,25.47,0.1,33.9,0.22,15.2,0.23,14.7,0.11,0.11,0.094143,1776191231000
1776191232.43,132.43,0.85,20.39,0.84,19.3,0.93,39.9,0.94,46.1,0.11,25.47,0.1,33.9,0.22,15.2,0.23,14.7,0.08,0.11,0.094143,1776191231000
1776191233.406,133.406,0.85,20.39,0.84,19.3,0.93,39.9,0.94,46.1,0.07,39.9,0.06,46.1,0.15,20.39,0.16,19.3,0.08,0.08,0.094153,1776191232000
1776191234.088,134.088,0.85,20.39,0.84,19.3,0.93,39.9,0.94,46.1,0.07,39.9,0.06,46.1,0.15,20.39,0.16,19.3,0.08,0.08,0.094153,1776191233000
1776191235.22,135.22,0.85,20.39,0.84,19.3,0.93,39.9,0.94,46.1,0.07,39.9,0.06,46.1,0.15,20.39,0.16,19.3,0.08,0.08,0.09416,1776191234000
1776191236.409,136.409,0.85,20.39,0.84,19.3,0.93,39.9,0.94,46.1,0.07,39.9,0.06,46.1,0.15,20.39,0.16,19.3,0.08,0.08,0.094168,1776191235000
1776191237.035,137.035,0.85,20.39,0.84,19.3,0.93,39.9,0.94,46.1,0.07,39.9,0.06,46.1,0.15,20.39,0.16,19.3,0.08,0.08,0.094168,1776191236000
1776191238.074,138.074,0.86,21.6,0.85,20.39,0.95,53.64,0.96,72.7,0.05,53.64,0.04,72.7,0.14,21.6,0.15,20.39,0.09,0.09,0.094175,1776191237000
1776191239.045,139.045,0.86,21.6,0.85,20.39,0.95,53.64,0.96,72.7,0.05,53.64,0.04,72.7,0.14,21.6,0.15,20.39,0.09,0.09,0.094165,1776191238000
1776191240.091,140.091,0.86,21.6,0.85,20.39,0.95,53.64,0.96,72.7,0.05,53.64,0.04,72.7,0.14,21.6,0.15,20.39,0.09,0.09,0.094163,1776191239000
1776191241.142,141.142,0.86,21.6,0.85,20.39,0.95,53.64,0.96,72.7,0.05,53.64,0.04,72.7,0.14,21.6,0.15,20.39,0.09,0.09,0.094166,1776191240000
1776191242.116,142.116,0.86,21.6,0.85,20.39,0.95,53.64,0.96,72.7,0.05,53.64,0.04,72.7,0.14,21.6,0.15,20.39,0.09,0.09,0.094168,1776191241000
1776191243.164,143.164,0.86,21.6,0.85,20.39,0.95,53.64,0.96,72.7,0.05,53.64,0.04,72.7,0.14,21.6,0.15,20.39,0.09,0.09,0.094168,1776191242000
1776191244.255,144.255,0.86,21.6,0.85,20.39,0.95,53.64,0.96,72.7,0.05,53.64,0.04,72.7,0.14,21.6,0.15,20.39,0.09,0.09,0.094165,1776191243000
1776191245.227,145.227,0.86,21.6,0.85,20.39,0.95,53.64,0.96,72.7,0.05,53.64,0.04,72.7,0.14,21.6,0.15,20.39,0.09,0.09,0.094164,1776191244000
1776191246.313,146.313,0.86,21.6,0.85,20.39,0.95,53.64,0.96,72.7,0.05,53.64,0.04,72.7,0.14,21.6,0.15,20.39,0.09,0.09,0.094172,1776191245000
1776191247.169,147.169,0.86,21.6,0.85,20.39,0.95,53.64,0.96,72.7,0.05,53.64,0.04,72.7,0.14,21.6,0.15,20.39,0.09,0.09,0.094166,1776191246000
1776191248.273,148.273,0.86,21.6,0.85,20.39,0.95,53.64,0.96,72.7,0.05,53.64,0.04,72.7,0.14,21.6,0.15,20.39,0.09,0.09,0.094151,1776191247000
1776191250.012,150.012,0.86,21.6,0.85,20.39,0.95,53.64,0.96,72.7,0.05,53.64,0.04,72.7,0.14,21.6,0.15,20.39,0.09,0.09,0.094162,1776191248000
1776191250.613,150.613,0.86,21.6,0.85,20.39,0.95,53.64,0.96,72.7,0.05,53.64,0.04,72.7,0.14,21.6,0.15,20.39,0.09,0.09,0.094162,1776191249000
1776191251.245,151.245,0.86,21.6,0.85,20.39,0.95,53.64,0.96,72.7,0.05,53.64,0.04,72.7,0.14,21.6,0.15,20.39,0.09,0.09,0.094162,1776191250000
1776191253.095,153.095,0.86,21.6,0.85,20.39,0.95,53.64,0.96,72.7,0.05,53.64,0.04,72.7,0.14,21.6,0.15,20.39,0.09,0.09,0.094173,1776191252000
1776191253.762,153.762,0.89,24.26,0.88,24.6,0.96,67.7,0.97,89.3,0.05,53.64,0.04,72.7,0.14,21.6,0.15,20.39,0.07,0.09,0.094173,1776191252000
1776191254.741,154.741,0.89,24.26,0.88,24.6,0.96,67.7,0.97,89.3,0.04,67.7,0.03,89.3,0.11,24.26,0.12,24.6,0.07,0.07,0.094173,1776191253000
1776191255.542,155.542,0.89,24.26,0.88,24.6,0.96,67.7,0.97,89.3,0.04,67.7,0.03,89.3,0.11,24.26,0.12,24.6,0.07,0.07,0.09418,1776191254000
1776191256.268,156.268,0.89,24.26,0.88,24.6,0.96,67.7,0.97,89.3,0.04,67.7,0.03,89.3,0.11,24.26,0.12,24.6,0.07,0.07,0.094172,1776191255000
1776191257.74,157.74,0.89,24.26,0.88,24.6,0.96,67.7,0.97,89.3,0.04,67.7,0.03,89.3,0.11,24.26,0.12,24.6,0.07,0.07,0.094171,1776191256000
1776191258.471,158.471,0.89,24.26,0.88,24.6,0.96,67.7,0.97,89.3,0.04,67.7,0.03,89.3,0.11,24.26,0.12,24.6,0.07,0.07,0.094167,1776191257000
1776191259.242,159.242,0.89,24.26,0.88,24.6,0.96,67.7,0.97,89.3,0.04,67.7,0.03,89.3,0.11,24.26,0.12,24.6,0.07,0.07,0.094166,1776191258000
1776191260.546,160.546,0.89,24.26,0.88,24.6,0.96,67.7,0.97,89.3,0.04,67.7,0.03,89.3,0.11,24.26,0.12,24.6,0.07,0.07,0.094162,1776191259000
1776191261.319,161.319,0.89,24.26,0.88,24.6,0.96,67.7,0.97,89.3,0.04,67.7,0.03,89.3,0.11,24.26,0.12,24.6,0.07,0.07,0.094162,1776191260000
1776191262.21,162.21,0.85,5.0,0.84,19.3,0.94,45.03,0.95,54.7,0.04,67.7,0.03,89.3,0.11,24.26,0.12,24.6,0.09,0.07,0.094162,1776191260000
1776191262.747,162.747,0.85,5.0,0.84,19.3,0.94,45.03,0.95,54.7,0.06,45.03,0.05,54.7,0.15,5.0,0.16,19.3,0.09,0.09,0.094163,1776191261000
1776191263.535,163.535,0.85,5.0,0.84,19.3,0.94,45.03,0.95,54.7,0.06,45.03,0.05,54.7,0.15,5.0,0.16,19.3,0.09,0.09,0.09416,1776191262000
1776191264.257,164.257,0.85,5.0,0.84,19.3,0.94,45.03,0.95,54.7,0.06,45.03,0.05,54.7,0.15,5.0,0.16,19.3,0.09,0.09,0.09416,1776191263000
1776191265.713,165.713,0.84,5.0,0.78,15.2,0.93,34.27,0.94,50.03,0.06,45.03,0.05,54.7,0.15,5.0,0.16,19.3,0.09,0.09,0.09416,1776191263000
1776191266.172,166.172,0.78,14.29,0.77,14.7,0.92,35.29,0.93,34.27,0.07,34.27,0.06,50.03,0.16,5.0,0.22,15.2,0.14,0.09,0.094155,1776191264000
1776191266.467,166.467,0.78,14.29,0.77,14.7,0.92,35.29,0.93,34.27,0.08,35.29,0.07,34.27,0.22,14.29,0.23,14.7,0.14,0.14,0.09415,1776191265000
1776191267.15,167.15,0.78,14.29,0.77,14.7,0.92,35.29,0.93,34.27,0.08,35.29,0.07,34.27,0.22,14.29,0.23,14.7,0.14,0.14,0.094149,1776191266000
1776191269.203,169.203,0.78,14.29,0.77,14.7,0.92,35.29,0.93,34.27,0.08,35.29,0.07,34.27,0.22,14.29,0.23,14.7,0.14,0.14,0.094114,1776191268000
1776191270.14,170.14,0.78,14.29,0.77,14.7,0.92,35.29,0.93,34.27,0.08,35.29,0.07,34.27,0.22,14.29,0.23,14.7,0.14,0.14,0.094107,1776191269000
1776191271.284,171.284,0.78,14.29,0.77,14.7,0.92,35.29,0.93,34.27,0.08,35.29,0.07,34.27,0.22,14.29,0.23,14.7,0.14,0.14,0.094105,1776191270000
1776191272.298,172.298,0.78,14.29,0.77,14.7,0.92,35.29,0.93,34.27,0.08,35.29,0.07,34.27,0.22,14.29,0.23,14.7,0.14,0.14,0.094105,1776191271000
1776191273.029,173.029,0.78,14.29,0.77,14.7,0.92,35.29,0.93,34.27,0.08,35.29,0.07,34.27,0.22,14.29,0.23,14.7,0.14,0.14,0.094104,1776191272000
1776191274.646,174.646,0.78,14.29,0.77,14.7,0.92,35.29,0.93,34.27,0.08,35.29,0.07,34.27,0.22,14.29,0.23,14.7,0.14,0.14,0.094115,1776191273000
1776191275.177,175.177,0.78,14.29,0.77,14.7,0.92,35.29,0.93,34.27,0.08,35.29,0.07,34.27,0.22,14.29,0.23,14.7,0.14,0.14,0.09411,1776191274000
1776191276.369,176.369,0.78,14.29,0.77,14.7,0.92,35.29,0.93,34.27,0.08,35.29,0.07,34.27,0.22,14.29,0.23,14.7,0.14,0.14,0.094109,1776191275000
1776191276.931,176.931,0.78,14.29,0.77,14.7,0.92,35.29,0.93,34.27,0.08,35.29,0.07,34.27,0.22,14.29,0.23,14.7,0.14,0.14,0.094109,1776191276000
1776191278.385,178.385,0.78,14.29,0.77,14.7,0.92,35.29,0.93,34.27,0.08,35.29,0.07,34.27,0.22,14.29,0.23,14.7,0.14,0.14,0.09411,1776191277000
1776191278.898,178.898,0.78,14.29,0.77,14.7,0.92,35.29,0.93,34.27,0.08,35.29,0.07,34.27,0.22,14.29,0.23,14.7,0.14,0.14,0.094112,1776191278000
1776191280.073,180.073,0.78,14.29,0.77,14.7,0.92,35.29,0.93,34.27,0.08,35.29,0.07,34.27,0.22,14.29,0.23,14.7,0.14,0.14,0.094111,1776191279000
1776191281.414,181.414,0.78,14.29,0.77,14.7,0.92,35.29,0.93,34.27,0.08,35.29,0.07,34.27,0.22,14.29,0.23,14.7,0.14,0.14,0.094097,1776191280000
1776191281.889,181.889,0.78,14.29,0.77,14.7,0.92,35.29,0.93,34.27,0.08,35.29,0.07,34.27,0.22,14.29,0.23,14.7,0.14,0.14,0.094102,1776191281000
1776191283.125,183.125,0.78,14.29,0.77,14.7,0.92,35.29,0.93,34.27,0.08,35.29,0.07,34.27,0.22,14.29,0.23,14.7,0.14,0.14,0.094102,1776191282000
1776191284.262,184.262,0.78,14.29,0.77,14.7,0.92,35.29,0.93,34.27,0.08,35.29,0.07,34.27,0.22,14.29,0.23,14.7,0.14,0.14,0.094113,1776191283000
1776191286.008,186.008,0.78,14.29,0.77,14.7,0.92,35.29,0.93,34.27,0.08,35.29,0.07,34.27,0.22,14.29,0.23,14.7,0.14,0.14,0.094113,1776191284000
1776191286.542,186.542,0.78,14.29,0.77,14.7,0.92,35.29,0.93,34.27,0.08,35.29,0.07,34.27,0.22,14.29,0.23,14.7,0.14,0.14,0.094116,1776191285000
1776191287.076,187.076,0.78,14.29,0.77,14.7,0.92,35.29,0.93,34.27,0.08,35.29,0.07,34.27,0.22,14.29,0.23,14.7,0.14,0.14,0.094116,1776191286000
1776191288.207,188.207,0.78,14.29,0.77,14.7,0.92,35.29,0.93,34.27,0.08,35.29,0.07,34.27,0.22,14.29,0.23,14.7,0.14,0.14,0.094115,1776191287000
1776191288.839,188.839,0.84,24.3,0.83,18.39,0.94,43.31,0.95,54.7,0.08,35.29,0.07,34.27,0.22,14.29,0.23,14.7,0.1,0.14,0.094115,1776191287000
1776191289.276,189.276,0.84,24.3,0.83,18.39,0.94,43.31,0.95,54.7,0.06,43.31,0.05,54.7,0.16,24.3,0.17,18.39,0.1,0.1,0.094119,1776191288000
1776191290.31,190.31,0.84,24.3,0.83,18.39,0.94,43.31,0.95,54.7,0.06,43.31,0.05,54.7,0.16,24.3,0.17,18.39,0.1,0.1,0.094124,1776191289000
1776191291.37,191.37,0.84,24.3,0.83,18.39,0.94,43.31,0.95,54.7,0.06,43.31,0.05,54.7,0.16,24.3,0.17,18.39,0.1,0.1,0.094121,1776191290000
1776191292.449,192.449,0.84,24.3,0.83,18.39,0.94,43.31,0.95,54.7,0.06,43.31,0.05,54.7,0.16,24.3,0.17,18.39,0.1,0.1,0.094121,1776191291000
1776191292.925,192.925,0.84,24.3,0.83,18.39,0.94,43.31,0.95,54.7,0.06,43.31,0.05,54.7,0.16,24.3,0.17,18.39,0.1,0.1,0.094123,1776191292000
1776191293.93,193.93,0.84,24.3,0.83,18.39,0.94,43.31,0.95,54.7,0.06,43.31,0.05,54.7,0.16,24.3,0.17,18.39,0.1,0.1,0.094124,1776191293000
1776191294.857,194.857,0.84,24.3,0.83,18.39,0.94,43.31,0.95,54.7,0.06,43.31,0.05,54.7,0.16,24.3,0.17,18.39,0.1,0.1,0.094123,1776191294000
1776191295.872,195.872,0.84,24.3,0.83,18.39,0.94,43.31,0.95,54.7,0.06,43.31,0.05,54.7,0.16,24.3,0.17,18.39,0.1,0.1,0.094123,1776191295000
1776191296.71,196.71,0.85,5.0,0.81,16.89,0.92,29.85,0.93,39.9,0.06,43.31,0.05,54.7,0.16,24.3,0.17,18.39,0.07,0.1,0.094123,1776191295000
1776191296.933,196.933,0.85,5.0,0.81,16.89,0.92,29.85,0.93,39.9,0.08,29.85,0.07,39.9,0.15,5.0,0.19,16.89,0.07,0.07,0.094126,1776191296000
1776191297.978,197.978,0.85,5.0,0.81,16.89,0.92,29.85,0.93,39.9,0.08,29.85,0.07,39.9,0.15,5.0,0.19,16.89,0.07,0.07,0.094125,1776191297000
1776191299.488,199.488,0.85,5.0,0.81,16.89,0.92,29.85,0.93,39.9,0.08,29.85,0.07,39.9,0.15,5.0,0.19,16.89,0.07,0.07,0.094111,1776191298000
1776191299.95,199.95,0.85,5.0,0.81,16.89,0.92,29.85,0.93,39.9,0.08,29.85,0.07,39.9,0.15,5.0,0.19,16.89,0.07,0.07,0.094111,1776191299000
1776191300.979,200.979,0.85,5.0,0.81,16.89,0.92,29.85,0.93,39.9,0.08,29.85,0.07,39.9,0.15,5.0,0.19,16.89,0.07,0.07,0.09412,1776191300000
1776191302.036,202.036,0.85,5.0,0.81,16.89,0.92,29.85,0.93,39.9,0.08,29.85,0.07,39.9,0.15,5.0,0.19,16.89,0.07,0.07,0.094115,1776191301000
1776191303.039,203.039,0.85,5.0,0.81,16.89,0.92,29.85,0.93,39.9,0.08,29.85,0.07,39.9,0.15,5.0,0.19,16.89,0.07,0.07,0.094117,1776191302000
1776191304.009,204.009,0.85,5.0,0.81,16.89,0.92,29.85,0.93,39.9,0.08,29.85,0.07,39.9,0.15,5.0,0.19,16.89,0.07,0.07,0.094123,1776191303000
1776191304.99,204.99,0.9,28.9,0.89,26.6,0.97,88.26,0.98,137.69,0.03,88.26,0.02,137.69,0.1,28.9,0.11,26.6,0.07,0.07,0.094128,1776191304000
1776191306.051,206.051,0.9,28.9,0.89,26.6,0.97,88.26,0.98,137.69,0.03,88.26,0.02,137.69,0.1,28.9,0.11,26.6,0.07,0.07,0.09413,1776191305000
1776191306.648,206.648,0.87,23.0,0.86,26.6,0.96,62.49,0.97,88.26,0.03,88.26,0.02,137.69,0.1,28.9,0.11,26.6,0.09,0.07,0.09413,1776191305000
1776191306.983,206.983,0.87,23.0,0.86,26.6,0.96,62.49,0.97,88.26,0.04,62.49,0.03,88.26,0.13,23.0,0.14,26.6,0.09,0.09,0.094137,1776191306000
1776191307.992,207.992,0.87,23.0,0.86,26.6,0.96,62.49,0.97,88.26,0.04,62.49,0.03,88.26,0.13,23.0,0.14,26.6,0.09,0.09,0.094136,1776191307000
1776191309.057,209.057,0.87,23.0,0.86,26.6,0.96,62.49,0.97,88.26,0.04,62.49,0.03,88.26,0.13,23.0,0.14,26.6,0.09,0.09,0.094131,1776191308000
1776191310.07,210.07,0.87,23.0,0.86,26.6,0.96,62.49,0.97,88.26,0.04,62.49,0.03,88.26,0.13,23.0,0.14,26.6,0.09,0.09,0.094125,1776191309000
1776191311.001,211.001,0.87,23.0,0.86,26.6,0.96,62.49,0.97,88.26,0.04,62.49,0.03,88.26,0.13,23.0,0.14,26.6,0.09,0.09,0.09412,1776191310000
1776191312.523,212.523,0.87,23.0,0.86,26.6,0.96,62.49,0.97,88.26,0.04,62.49,0.03,88.26,0.13,23.0,0.14,26.6,0.09,0.09,0.094119,1776191311000
1776191313.366,213.366,0.87,23.0,0.86,26.6,0.96,62.49,0.97,88.26,0.04,62.49,0.03,88.26,0.13,23.0,0.14,26.6,0.09,0.09,0.094119,1776191312000
1776191314.587,214.587,0.87,23.0,0.86,26.6,0.96,62.49,0.97,88.26,0.04,62.49,0.03,88.26,0.13,23.0,0.14,26.6,0.09,0.09,0.094118,1776191313000
1776191315.141,215.141,0.87,23.0,0.86,26.6,0.96,62.49,0.97,88.26,0.04,62.49,0.03,88.26,0.13,23.0,0.14,26.6,0.09,0.09,0.094118,1776191314000
1776191316.314,216.314,0.87,23.0,0.86,26.6,0.96,62.49,0.97,88.26,0.04,62.49,0.03,88.26,0.13,23.0,0.14,26.6,0.09,0.09,0.094119,1776191315000
1776191317.528,217.528,0.87,23.0,0.86,26.6,0.96,62.49,0.97,88.26,0.04,62.49,0.03,88.26,0.13,23.0,0.14,26.6,0.09,0.09,0.094119,1776191316000
1776191318.712,218.712,0.87,23.0,0.86,26.6,0.96,62.49,0.97,88.26,0.04,62.49,0.03,88.26,0.13,23.0,0.14,26.6,0.09,0.09,0.094118,1776191317000
1776191319.244,219.244,0.87,23.0,0.86,26.6,0.96,62.49,0.97,88.26,0.04,62.49,0.03,88.26,0.13,23.0,0.14,26.6,0.09,0.09,0.094118,1776191318000
1776191320.476,220.476,0.87,23.0,0.86,26.6,0.96,62.49,0.97,88.26,0.04,62.49,0.03,88.26,0.13,23.0,0.14,26.6,0.09,0.09,0.094118,1776191319000
1776191321.193,221.193,0.87,23.0,0.86,26.6,0.96,62.49,0.97,88.26,0.04,62.49,0.03,88.26,0.13,23.0,0.14,26.6,0.09,0.09,0.094118,1776191320000
1776191322.416,222.416,0.87,23.0,0.86,26.6,0.96,62.49,0.97,88.26,0.04,62.49,0.03,88.26,0.13,23.0,0.14,26.6,0.09,0.09,0.094119,1776191321000
1776191323.028,223.028,0.87,23.0,0.86,26.6,0.96,62.49,0.97,88.26,0.04,62.49,0.03,88.26,0.13,23.0,0.14,26.6,0.09,0.09,0.094119,1776191322000
1776191323.539,223.539,0.88,29.6,0.87,23.0,0.97,37.26,0.98,137.69,0.04,62.49,0.03,88.26,0.13,23.0,0.14,26.6,0.09,0.09,0.094119,1776191322000
1776191324.322,224.322,0.88,29.6,0.87,23.0,0.97,37.26,0.98,137.69,0.03,37.26,0.02,137.69,0.12,29.6,0.13,23.0,0.09,0.09,0.094115,1776191323000
1776191324.996,224.996,0.88,29.6,0.87,23.0,0.97,37.26,0.98,137.69,0.03,37.26,0.02,137.69,0.12,29.6,0.13,23.0,0.09,0.09,0.09412,1776191324000
1776191326.215,226.215,0.88,29.6,0.87,23.0,0.97,37.26,0.98,137.69,0.03,37.26,0.02,137.69,0.12,29.6,0.13,23.0,0.09,0.09,0.094126,1776191325000
1776191327.402,227.402,0.88,29.6,0.87,23.0,0.97,37.26,0.98,137.69,0.03,37.26,0.02,137.69,0.12,29.6,0.13,23.0,0.09,0.09,0.094129,1776191326000
1776191328.168,228.168,0.88,29.6,0.87,23.0,0.97,37.26,0.98,137.69,0.03,37.26,0.02,137.69,0.12,29.6,0.13,23.0,0.09,0.09,0.094129,1776191327000
1776191329.143,229.143,0.93,39.9,0.92,35.29,0.98,132.69,0.99,5467.6,0.02,132.69,0.01,5467.6,0.07,39.9,0.08,35.29,0.05,0.05,0.094127,1776191328000
1776191330.238,230.238,0.93,39.9,0.92,35.29,0.98,132.69,0.99,5467.6,0.02,132.69,0.01,5467.6,0.07,39.9,0.08,35.29,0.05,0.05,0.094127,1776191329000
1776191331.305,231.305,0.93,39.9,0.92,35.29,0.98,132.69,0.99,5467.6,0.02,132.69,0.01,5467.6,0.07,39.9,0.08,35.29,0.05,0.05,0.094129,1776191330000
1776191332.594,232.594,0.93,39.9,0.92,35.29,0.98,132.69,0.99,5467.6,0.02,132.69,0.01,5467.6,0.07,39.9,0.08,35.29,0.05,0.05,0.094131,1776191331000
1776191333.156,233.156,0.94,46.1,0.93,39.9,0.98,62.2,0.99,5467.6,0.02,62.2,0.01,5467.6,0.06,46.1,0.07,39.9,0.04,0.04,0.094131,1776191332000
1776191334.328,234.328,0.94,46.1,0.93,39.9,0.98,41.79,0.99,5467.6,0.02,62.2,0.01,5467.6,0.06,46.1,0.07,39.9,0.04,0.04,0.094131,1776191332000
1776191335.015,235.015,0.94,46.1,0.93,39.9,0.98,41.79,0.99,5467.6,0.02,41.79,0.01,5467.6,0.06,46.1,0.07,39.9,0.04,0.04,0.094132,1776191334000
1776191336.187,236.187,0.94,46.1,0.93,39.9,0.98,41.79,0.99,5467.6,0.02,41.79,0.01,5467.6,0.06,46.1,0.07,39.9,0.04,0.04,0.094132,1776191335000
1776191337.488,237.488,0.94,46.1,0.93,39.9,0.98,41.79,0.99,5467.6,0.02,41.79,0.01,5467.6,0.06,46.1,0.07,39.9,0.04,0.04,0.094132,1776191336000
1776191337.977,237.977,0.94,46.1,0.93,39.9,0.98,41.79,0.99,5467.6,0.02,41.79,0.01,5467.6,0.06,46.1,0.07,39.9,0.04,0.04,0.09413,1776191337000
1776191339.174,239.174,0.94,46.1,0.93,39.9,0.98,41.79,0.99,5467.6,0.02,41.79,0.01,5467.6,0.06,46.1,0.07,39.9,0.04,0.04,0.09413,1776191338000
1776191340.245,240.245,0.94,46.1,0.93,39.9,0.98,36.68,0.99,5467.6,0.02,41.79,0.01,5467.6,0.06,46.1,0.07,39.9,0.04,0.04,0.09413,1776191338000
1776191341.472,241.472,0.94,46.1,0.93,39.9,0.98,36.68,0.99,5467.6,0.02,36.68,0.01,5467.6,0.06,46.1,0.07,39.9,0.04,0.04,0.094131,1776191340000
1776191341.848,241.848,0.94,22.79,0.91,6.04,0.96,67.7,0.97,89.3,0.03,84.3,0.02,36.68,0.06,24.0,0.09,6.04,0.02,0.03,0.094131,1776191340000
1776191342.06,242.06,0.94,22.79,0.91,6.04,0.96,67.7,0.97,89.3,0.04,67.7,0.03,89.3,0.06,22.79,0.09,6.04,0.02,0.02,0.094133,1776191341000
1776191342.452,242.452,0.91,6.04,0.88,5.0,0.96,66.65,0.97,89.3,0.04,66.65,0.03,89.3,0.06,22.79,0.09,6.04,0.05,0.02,0.094133,1776191341000
1776191343.347,243.347,0.91,6.04,0.88,5.0,0.96,66.65,0.97,89.3,0.04,66.65,0.03,89.3,0.09,6.04,0.12,5.0,0.05,0.05,0.094123,1776191342000
1776191343.614,243.614,0.91,6.04,0.88,5.0,0.94,34.01,0.96,66.65,0.04,66.65,0.03,89.3,0.09,6.04,0.12,5.0,0.03,0.05,0.094123,1776191342000
1776191344.246,244.246,0.91,6.04,0.88,5.0,0.94,34.01,0.96,66.65,0.06,34.01,0.04,66.65,0.09,6.04,0.12,5.0,0.03,0.03,0.094104,1776191343000
1776191345.217,245.217,0.91,6.04,0.88,5.0,0.94,34.01,0.96,66.65,0.06,34.01,0.04,66.65,0.09,6.04,0.12,5.0,0.03,0.03,0.094091,1776191344000
1776191345.493,245.493,0.88,5.0,0.82,17.6,0.94,34.01,0.96,66.65,0.06,34.01,0.04,66.65,0.09,6.04,0.12,5.0,0.06,0.03,0.094091,1776191344000
1776191346.238,246.238,0.88,5.0,0.82,17.6,0.94,34.01,0.96,66.65,0.06,34.01,0.04,66.65,0.12,5.0,0.18,17.6,0.06,0.06,0.094087,1776191345000
1776191347.432,247.432,0.88,5.0,0.82,17.6,0.94,34.01,0.96,66.65,0.06,34.01,0.04,66.65,0.12,5.0,0.18,17.6,0.06,0.06,0.094083,1776191346000
1776191348.282,248.282,0.88,5.0,0.82,17.6,0.94,34.01,0.96,66.65,0.06,34.01,0.04,66.65,0.12,5.0,0.18,17.6,0.06,0.06,0.094085,1776191347000
1776191349.29,249.29,0.88,5.0,0.82,17.6,0.94,34.01,0.96,66.65,0.06,34.01,0.04,66.65,0.12,5.0,0.18,17.6,0.06,0.06,0.094087,1776191348000
1776191350.236,250.236,0.88,5.0,0.82,17.6,0.94,34.01,0.96,66.65,0.06,34.01,0.04,66.65,0.12,5.0,0.18,17.6,0.06,0.06,0.094086,1776191349000
1776191350.464,250.464,0.92,4.22,0.88,5.0,0.96,66.65,0.97,123.3,0.06,34.01,0.04,66.65,0.12,5.0,0.18,17.6,0.04,0.06,0.094086,1776191349000
1776191351.251,251.251,0.92,4.22,0.88,5.0,0.96,66.65,0.97,123.3,0.04,66.65,0.03,123.3,0.08,4.22,0.12,5.0,0.04,0.04,0.094085,1776191350000
1776191352.255,252.255,0.92,4.22,0.88,5.0,0.96,66.65,0.97,123.3,0.04,66.65,0.03,123.3,0.08,4.22,0.12,5.0,0.04,0.04,0.094085,1776191351000
1776191353.251,253.251,0.92,4.22,0.88,5.0,0.96,66.65,0.97,123.3,0.04,66.65,0.03,123.3,0.08,4.22,0.12,5.0,0.04,0.04,0.094084,1776191352000
1776191354.273,254.273,0.92,4.22,0.88,5.0,0.96,66.65,0.97,123.3,0.04,66.65,0.03,123.3,0.08,4.22,0.12,5.0,0.04,0.04,0.094084,1776191353000
1776191355.376,255.376,0.9,21.77,0.89,26.6,0.97,89.3,0.98,36.68,0.03,89.3,0.02,36.68,0.1,21.77,0.11,26.6,0.07,0.07,0.094093,1776191354000
1776191355.936,255.936,0.9,21.77,0.89,26.6,0.97,89.3,0.98,36.68,0.03,89.3,0.02,36.68,0.1,21.77,0.11,26.6,0.07,0.07,0.094095,1776191355000
1776191357.515,257.515,0.9,21.77,0.89,26.6,0.97,89.3,0.98,36.68,0.03,89.3,0.02,36.68,0.1,21.77,0.11,26.6,0.07,0.07,0.094096,1776191356000
1776191358.104,258.104,0.9,21.77,0.89,26.6,0.97,89.3,0.98,36.68,0.03,89.3,0.02,36.68,0.1,21.77,0.11,26.6,0.07,0.07,0.094096,1776191357000
1776191359.103,259.103,0.9,21.77,0.89,26.6,0.97,89.3,0.98,36.68,0.03,89.3,0.02,36.68,0.1,21.77,0.11,26.6,0.07,0.07,0.094096,1776191358000
1776191360.218,260.218,0.9,21.77,0.89,26.6,0.97,89.3,0.98,36.68,0.03,89.3,0.02,36.68,0.1,21.77,0.11,26.6,0.07,0.07,0.094094,1776191359000
1776191361.455,261.455,0.9,21.77,0.89,26.6,0.97,89.3,0.98,36.68,0.03,89.3,0.02,36.68,0.1,21.77,0.11,26.6,0.07,0.07,0.094092,1776191360000
1776191361.92,261.92,0.9,21.77,0.89,26.6,0.97,89.3,0.98,36.68,0.03,89.3,0.02,36.68,0.1,21.77,0.11,26.6,0.07,0.07,0.094092,1776191361000
1776191362.853,262.853,0.93,39.9,0.92,35.29,0.97,2.93,0.99,5467.6,0.03,89.3,0.02,36.68,0.1,21.77,0.11,26.6,0.04,0.07,0.094092,1776191361000
1776191363.066,263.066,0.93,39.9,0.92,35.29,0.97,2.93,0.99,5467.6,0.03,2.93,0.01,5467.6,0.07,39.9,0.08,35.29,0.04,0.04,0.094091,1776191362000
1776191364.145,264.145,0.93,39.9,0.92,35.29,0.97,2.93,0.99,5467.6,0.03,2.93,0.01,5467.6,0.07,39.9,0.08,35.29,0.04,0.04,0.094091,1776191363000
1776191365.32,265.32,0.93,39.9,0.92,35.29,0.97,2.93,0.99,5467.6,0.03,2.93,0.01,5467.6,0.07,39.9,0.08,35.29,0.04,0.04,0.094091,1776191364000
1776191366.453,266.453,0.93,39.9,0.92,35.29,0.97,2.93,0.99,5467.6,0.03,2.93,0.01,5467.6,0.07,39.9,0.08,35.29,0.04,0.04,0.094089,1776191365000
1776191366.988,266.988,0.93,39.9,0.92,35.29,0.97,2.93,0.99,5467.6,0.03,2.93,0.01,5467.6,0.07,39.9,0.08,35.29,0.04,0.04,0.094083,1776191366000
1776191368.244,268.244,0.93,39.9,0.92,35.29,0.97,2.93,0.99,5467.6,0.03,2.93,0.01,5467.6,0.07,39.9,0.08,35.29,0.04,0.04,0.094075,1776191367000
1776191369.381,269.381,0.93,39.9,0.92,35.29,0.97,2.93,0.99,5467.6,0.03,2.93,0.01,5467.6,0.07,39.9,0.08,35.29,0.04,0.04,0.094076,1776191368000
1776191370.456,270.456,0.93,39.9,0.92,35.29,0.97,2.93,0.99,5467.6,0.03,2.93,0.01,5467.6,0.07,39.9,0.08,35.29,0.04,0.04,0.094081,1776191369000
1776191371.08,271.08,0.93,39.9,0.92,35.29,0.97,2.93,0.99,5467.6,0.03,2.93,0.01,5467.6,0.07,39.9,0.08,35.29,0.04,0.04,0.094081,1776191370000
1776191372.105,272.105,0.93,39.9,0.92,35.29,0.97,2.93,0.99,5467.6,0.03,2.93,0.01,5467.6,0.07,39.9,0.08,35.29,0.04,0.04,0.094085,1776191371000
1776191372.395,272.395,0.96,67.7,0.95,54.7,0.99,5461.6,,,0.03,2.93,0.01,5467.6,0.07,39.9,0.08,35.29,0.03,0.04,0.094085,1776191371000
1776191372.704,272.704,0.96,67.7,0.95,54.7,0.99,5460.58,,,0.01,5461.6,,,0.04,67.7,0.05,54.7,0.03,0.03,0.094085,1776191371000
1776191373.316,273.316,0.96,67.7,0.95,54.7,0.99,5460.58,,,0.01,5460.58,,,0.04,67.7,0.05,54.7,0.03,0.03,0.094085,1776191372000
1776191374.46,274.46,0.96,72.7,0.95,54.7,0.99,459.56,,,0.01,459.56,,,0.04,72.7,0.05,54.7,0.03,0.03,0.094083,1776191373000
1776191374.984,274.984,0.96,72.7,0.95,54.7,0.99,454.51,,,0.01,454.51,,,0.04,72.7,0.05,54.7,0.03,0.03,0.094083,1776191374000
1776191376.148,276.148,0.96,72.7,0.95,54.7,0.99,454.51,,,0.01,454.51,,,0.04,72.7,0.05,54.7,0.03,0.03,0.094083,1776191375000
1776191377.251,277.251,0.96,72.7,0.95,54.7,0.99,454.51,,,0.01,454.51,,,0.04,72.7,0.05,54.7,0.03,0.03,0.094083,1776191376000
1776191378.364,278.364,0.96,72.7,0.95,54.7,0.99,454.51,,,0.01,454.51,,,0.04,72.7,0.05,54.7,0.03,0.03,0.094082,1776191377000
1776191378.918,278.918,0.96,72.7,0.95,54.7,0.99,454.51,,,0.01,454.51,,,0.04,72.7,0.05,54.7,0.03,0.03,0.094082,1776191378000
1776191380.069,280.069,0.96,72.7,0.95,54.7,0.99,454.51,,,0.01,454.51,,,0.04,72.7,0.05,54.7,0.03,0.03,0.094077,1776191379000
1776191381.233,281.233,0.96,72.7,0.95,54.7,0.99,454.51,,,0.01,454.51,,,0.04,72.7,0.05,54.7,0.03,0.03,0.094077,1776191380000
1776191381.89,281.89,0.96,3.04,0.9,5.0,0.99,111.91,,,0.01,454.51,,,0.04,72.7,0.05,54.7,0.03,0.03,0.094077,1776191380000
1776191382.327,282.327,0.96,3.04,0.9,5.0,0.99,111.91,,,0.01,111.91,,,0.04,3.04,0.1,5.0,0.03,0.03,0.094073,1776191381000
1776191383.395,283.395,0.96,3.04,0.9,5.0,0.99,111.91,,,0.01,111.91,,,0.04,3.04,0.1,5.0,0.03,0.03,0.094073,1776191382000
1776191383.974,283.974,0.96,3.04,0.9,5.0,0.99,111.91,,,0.01,111.91,,,0.04,3.04,0.1,5.0,0.03,0.03,0.094073,1776191383000
1776191385.096,285.096,0.96,3.04,0.9,5.0,0.99,111.91,,,0.01,111.91,,,0.04,3.04,0.1,5.0,0.03,0.03,0.094076,1776191384000
1776191386.713,286.713,0.96,3.04,0.9,5.0,0.99,111.91,,,0.01,111.91,,,0.04,3.04,0.1,5.0,0.03,0.03,0.094077,1776191385000
1776191387.172,287.172,0.96,3.04,0.88,5.0,0.99,0.79,,,0.01,10.89,,,0.04,3.04,0.12,5.0,0.03,0.03,0.094077,1776191385000
1776191388.296,288.296,0.96,3.04,0.88,5.0,0.99,0.79,,,0.01,0.79,,,0.04,3.04,0.12,5.0,0.03,0.03,0.094076,1776191387000
1776191388.945,288.945,0.96,3.04,0.88,5.0,0.99,0.79,,,0.01,0.79,,,0.04,3.04,0.12,5.0,0.03,0.03,0.094076,1776191388000
1776191390.106,290.106,0.96,3.04,0.88,5.0,0.99,0.79,,,0.01,0.79,,,0.04,3.04,0.12,5.0,0.03,0.03,0.094069,1776191389000
1776191391.248,291.248,0.96,3.04,0.88,5.0,0.99,0.79,,,0.01,0.79,,,0.04,3.04,0.12,5.0,0.03,0.03,0.094064,1776191390000
1776191391.46,291.46,0.96,3.04,0.88,5.0,,,,,0.01,0.79,,,0.04,3.04,0.12,5.0,,0.03,0.094064,1776191390000
1776191391.899,291.899,0.96,3.04,0.88,5.0,,,,,,,,,0.04,3.04,0.12,5.0,,,0.094064,1776191390000
1776191392.262,292.262,0.96,3.04,0.88,5.0,,,,,,,,,0.04,3.04,0.12,5.0,,,0.094062,1776191391000
1776191393.497,293.497,0.96,3.04,0.88,5.0,,,,,,,,,0.04,3.04,0.12,5.0,,,0.094046,1776191392000
1776191394.013,294.013,0.96,3.04,0.88,5.0,,,,,,,,,0.04,3.04,0.12,5.0,,,0.094046,1776191393000
1776191395.123,295.123,0.96,3.04,0.88,5.0,,,,,,,,,0.04,3.04,0.12,5.0,,,0.094051,1776191394000
1776191396.239,296.239,0.96,3.04,0.88,5.0,,,,,,,,,0.04,3.04,0.12,5.0,,,0.094055,1776191395000
1776191397.216,297.216,0.96,3.04,0.88,5.0,,,,,,,,,0.04,3.04,0.12,5.0,,,0.094051,1776191396000
1776191397.873,297.873,0.96,3.04,0.88,5.0,,,,,,,,,0.04,3.04,0.12,5.0,,,0.094051,1776191397000
1776191398.43,298.43,0.99,555.25,0.96,3.04,,,,,,,,,0.04,3.04,0.12,5.0,,,0.094051,1776191397000
1776191399.07,299.07,0.99,555.25,0.96,3.04,,,,,,,,,0.01,555.25,0.04,3.04,,,0.094049,1776191398000
1776191400.189,300.189,0.99,555.25,0.96,3.04,,,,,,,,,0.01,555.25,0.04,3.04,,,0.094048,1776191399000
1776191401.215,301.215,0.99,555.25,0.96,3.04,,,,,,,,,0.01,555.25,0.04,3.04,,,0.094048,1776191400000
1776191402.214,302.214,0.99,555.25,0.96,3.04,,,,,,,,,0.01,555.25,0.04,3.04,,,0.094045,1776191401000

# RESULT,winner=Up,slug=doge-updown-5m-1776191100,ticks=338
