timestamp,elapsed_sec,up_bid_p1,up_bid_s1,up_bid_p2,up_bid_s2,up_ask_p1,up_ask_s1,up_ask_p2,up_ask_s2,down_bid_p1,down_bid_s1,down_bid_p2,down_bid_s2,down_ask_p1,down_ask_s1,down_ask_p2,down_ask_s2,up_spread,down_spread,doge_price,doge_oracle_ts
1776226211.098,11.098,,,,,,,,,,,,,,,,,,,0.093234,1776226210000
1776226211.298,11.298,0.53,5.0,0.51,5.0,0.61,5.0,0.62,5.0,0.39,5.0,0.38,5.0,0.47,5.0,0.49,5.0,0.08,0.08,0.093234,1776226210000
1776226211.628,11.628,0.53,5.0,0.51,5.0,0.61,5.0,0.62,5.0,0.39,5.0,0.38,5.0,0.47,5.0,0.49,5.0,0.08,0.08,0.093234,1776226210000
1776226212.093,12.093,0.53,5.0,0.51,5.0,0.61,5.0,0.62,5.0,0.39,5.0,0.38,5.0,0.47,5.0,0.49,5.0,0.08,0.08,0.093234,1776226211000
1776226213.117,13.117,0.53,5.0,0.51,5.0,0.61,5.0,0.62,5.0,0.39,5.0,0.38,5.0,0.47,5.0,0.49,5.0,0.08,0.08,0.093242,1776226212000
1776226214.243,14.243,0.53,5.0,0.51,5.0,0.61,5.0,0.62,5.0,0.39,5.0,0.38,5.0,0.47,5.0,0.49,5.0,0.08,0.08,0.093246,1776226213000
1776226215.322,15.322,0.53,5.0,0.51,5.0,0.61,5.0,0.62,5.0,0.39,5.0,0.38,5.0,0.47,5.0,0.49,5.0,0.08,0.08,0.093244,1776226214000
1776226216.31,16.31,0.53,5.0,0.51,5.0,0.61,5.0,0.62,5.0,0.39,5.0,0.38,5.0,0.47,5.0,0.49,5.0,0.08,0.08,0.093246,1776226215000
1776226216.876,16.876,0.53,5.0,0.51,5.0,0.61,5.0,0.62,5.0,0.39,5.0,0.38,5.0,0.47,5.0,0.49,5.0,0.08,0.08,0.093246,1776226216000
1776226217.909,17.909,0.53,5.0,0.51,5.0,0.61,5.0,0.62,5.0,0.39,5.0,0.38,5.0,0.47,5.0,0.49,5.0,0.08,0.08,0.093246,1776226217000
1776226218.952,18.952,0.53,5.0,0.51,5.0,0.61,5.0,0.62,5.0,0.39,5.0,0.38,5.0,0.47,5.0,0.49,5.0,0.08,0.08,0.093246,1776226218000
1776226220.013,20.013,0.53,5.0,0.51,5.0,0.61,5.0,0.62,5.0,0.39,5.0,0.38,5.0,0.47,5.0,0.49,5.0,0.08,0.08,0.093232,1776226219000
1776226221.07,21.07,0.53,5.0,0.51,5.0,0.61,5.0,0.62,5.0,0.39,5.0,0.38,5.0,0.47,5.0,0.49,5.0,0.08,0.08,0.093233,1776226220000
1776226221.976,21.976,0.53,5.0,0.51,5.0,0.61,5.0,0.62,5.0,0.39,5.0,0.38,5.0,0.47,5.0,0.49,5.0,0.08,0.08,0.093233,1776226221000
1776226223.037,23.037,0.53,5.0,0.51,5.0,0.61,5.0,0.62,5.0,0.39,5.0,0.38,5.0,0.47,5.0,0.49,5.0,0.08,0.08,0.093233,1776226222000
1776226224.753,24.753,0.53,5.0,0.51,5.0,0.61,5.0,0.62,5.0,0.39,5.0,0.38,5.0,0.47,5.0,0.49,5.0,0.08,0.08,0.093233,1776226223000
1776226225.224,25.224,0.53,5.0,0.51,5.0,0.61,5.0,0.62,5.0,0.39,5.0,0.38,5.0,0.47,5.0,0.49,5.0,0.08,0.08,0.093233,1776226224000
1776226226.269,26.269,0.53,5.0,0.51,5.0,0.61,5.0,0.62,5.0,0.39,5.0,0.38,5.0,0.47,5.0,0.49,5.0,0.08,0.08,0.093233,1776226225000
1776226227.719,27.719,0.53,5.0,0.51,5.0,0.61,5.0,0.62,5.0,0.39,5.0,0.38,5.0,0.47,5.0,0.49,5.0,0.08,0.08,0.093232,1776226226000
1776226228.351,28.351,0.53,5.0,0.51,5.0,0.61,5.0,0.62,5.0,0.39,5.0,0.38,5.0,0.47,5.0,0.49,5.0,0.08,0.08,0.093231,1776226227000
1776226228.981,28.981,0.53,5.0,0.51,5.0,0.61,5.0,0.62,5.0,0.39,5.0,0.38,5.0,0.47,5.0,0.49,5.0,0.08,0.08,0.093229,1776226228000
1776226230.202,30.202,0.53,5.0,0.51,5.0,0.61,5.0,0.62,5.0,0.39,5.0,0.38,5.0,0.47,5.0,0.49,5.0,0.08,0.08,0.093228,1776226229000
1776226231.359,31.359,0.5,10.0,0.47,15.0,0.52,5.42,0.57,5.0,0.39,5.0,0.38,5.0,0.47,5.0,0.49,5.0,0.02,0.08,0.093228,1776226229000
1776226232.108,32.108,0.5,10.0,0.47,15.0,0.52,5.42,0.57,5.0,0.48,5.42,0.43,5.0,0.5,10.0,0.53,15.0,0.02,0.02,0.09323,1776226231000
1776226233.214,33.214,0.5,10.0,0.47,15.0,0.52,5.42,0.57,5.0,0.48,5.42,0.43,5.0,0.5,10.0,0.53,15.0,0.02,0.02,0.093228,1776226232000
1776226234.411,34.411,0.5,10.0,0.47,15.0,0.52,5.42,0.57,5.0,0.48,5.42,0.43,5.0,0.5,10.0,0.53,15.0,0.02,0.02,0.093228,1776226233000
1776226235.098,35.098,0.5,10.0,0.47,15.0,0.52,5.42,0.57,5.0,0.48,5.42,0.43,5.0,0.5,10.0,0.53,15.0,0.02,0.02,0.093228,1776226234000
1776226236.274,36.274,0.5,10.0,0.47,15.0,0.52,5.42,0.57,5.0,0.48,5.42,0.43,5.0,0.5,10.0,0.53,15.0,0.02,0.02,0.093228,1776226235000
1776226237.385,37.385,0.5,10.0,0.47,15.0,0.52,5.42,0.57,5.0,0.48,5.42,0.43,5.0,0.5,10.0,0.53,15.0,0.02,0.02,0.093228,1776226236000
1776226238.22,38.22,0.5,10.0,0.47,15.0,0.52,5.42,0.57,5.0,0.48,5.42,0.43,5.0,0.5,10.0,0.53,15.0,0.02,0.02,0.093228,1776226237000
1776226239.459,39.459,0.5,10.0,0.47,15.0,0.52,5.42,0.57,5.0,0.48,5.42,0.43,5.0,0.5,10.0,0.53,15.0,0.02,0.02,0.093228,1776226238000
1776226240.551,40.551,0.5,10.0,0.47,15.0,0.52,5.42,0.57,5.0,0.48,5.42,0.43,5.0,0.5,10.0,0.53,15.0,0.02,0.02,0.093228,1776226239000
1776226240.983,40.983,0.5,10.0,0.47,15.0,0.52,5.42,0.57,5.0,0.48,5.42,0.43,5.0,0.5,10.0,0.53,15.0,0.02,0.02,0.093228,1776226240000
1776226242.112,42.112,0.5,10.0,0.47,15.0,0.52,5.42,0.57,5.0,0.48,5.42,0.43,5.0,0.5,10.0,0.53,15.0,0.02,0.02,0.093228,1776226241000
1776226243.145,43.145,0.5,10.0,0.47,15.0,0.52,5.42,0.57,5.0,0.48,5.42,0.43,5.0,0.5,10.0,0.53,15.0,0.02,0.02,0.093228,1776226242000
1776226244.074,44.074,0.5,10.0,0.47,15.0,0.52,5.42,0.57,5.0,0.48,5.42,0.43,5.0,0.5,10.0,0.53,15.0,0.02,0.02,0.093228,1776226243000
1776226245.092,45.092,0.5,10.0,0.47,15.0,0.52,5.42,0.57,5.0,0.48,5.42,0.43,5.0,0.5,10.0,0.53,15.0,0.02,0.02,0.093228,1776226244000
1776226246.017,46.017,0.5,10.0,0.47,15.0,0.52,5.42,0.57,5.0,0.48,5.42,0.43,5.0,0.5,10.0,0.53,15.0,0.02,0.02,0.093228,1776226245000
1776226247.049,47.049,0.5,10.0,0.47,15.0,0.52,5.42,0.57,5.0,0.48,5.42,0.43,5.0,0.5,10.0,0.53,15.0,0.02,0.02,0.093227,1776226246000
1776226248.088,48.088,0.5,10.0,0.47,15.0,0.52,5.42,0.57,5.0,0.48,5.42,0.43,5.0,0.5,10.0,0.53,15.0,0.02,0.02,0.093227,1776226247000
1776226249.044,49.044,0.5,10.0,0.47,15.0,0.52,5.42,0.57,5.0,0.48,5.42,0.43,5.0,0.5,10.0,0.53,15.0,0.02,0.02,0.093227,1776226248000
1776226250.011,50.011,0.5,10.0,0.47,15.0,0.52,5.42,0.57,5.0,0.48,5.42,0.43,5.0,0.5,10.0,0.53,15.0,0.02,0.02,0.093227,1776226249000
1776226250.937,50.937,0.5,10.0,0.47,15.0,0.52,5.42,0.57,5.0,0.48,5.42,0.43,5.0,0.5,10.0,0.53,15.0,0.02,0.02,0.093228,1776226250000
1776226251.907,51.907,0.5,10.0,0.47,15.0,0.52,5.42,0.57,5.0,0.48,5.42,0.43,5.0,0.5,10.0,0.53,15.0,0.02,0.02,0.093229,1776226251000
1776226253.367,53.367,0.5,10.0,0.47,15.0,0.52,5.42,0.57,5.0,0.48,5.42,0.43,5.0,0.5,10.0,0.53,15.0,0.02,0.02,0.093229,1776226252000
1776226253.948,53.948,0.5,10.0,0.47,15.0,0.52,5.42,0.57,5.0,0.48,5.42,0.43,5.0,0.5,10.0,0.53,15.0,0.02,0.02,0.093229,1776226253000
1776226254.931,54.931,0.5,10.0,0.47,15.0,0.52,5.42,0.57,5.0,0.48,5.42,0.43,5.0,0.5,10.0,0.53,15.0,0.02,0.02,0.093229,1776226254000
1776226255.985,55.985,0.5,10.0,0.47,15.0,0.52,5.42,0.57,5.0,0.48,5.42,0.43,5.0,0.5,10.0,0.53,15.0,0.02,0.02,0.093229,1776226255000
1776226257.494,57.494,0.5,10.0,0.47,15.0,0.52,5.42,0.57,5.0,0.48,5.42,0.43,5.0,0.5,10.0,0.53,15.0,0.02,0.02,0.093229,1776226256000
1776226258.112,58.112,0.5,10.0,0.47,15.0,0.52,5.42,0.57,5.0,0.48,5.42,0.43,5.0,0.5,10.0,0.53,15.0,0.02,0.02,0.093229,1776226257000
1776226259.639,59.639,0.5,10.0,0.47,15.0,0.52,5.42,0.57,5.0,0.48,5.42,0.43,5.0,0.5,10.0,0.53,15.0,0.02,0.02,0.093229,1776226258000
1776226260.219,60.219,0.5,10.0,0.47,15.0,0.52,5.42,0.57,5.0,0.48,5.42,0.43,5.0,0.5,10.0,0.53,15.0,0.02,0.02,0.093229,1776226259000
1776226261.294,61.294,0.5,10.0,0.47,15.0,0.52,5.42,0.57,5.0,0.48,5.42,0.43,5.0,0.5,10.0,0.53,15.0,0.02,0.02,0.093229,1776226260000
1776226261.896,61.896,0.5,10.0,0.47,15.0,0.52,5.42,0.57,5.0,0.48,5.42,0.43,5.0,0.5,10.0,0.53,15.0,0.02,0.02,0.093229,1776226261000
1776226263.039,63.039,0.5,10.0,0.47,15.0,0.52,5.42,0.57,5.0,0.48,5.42,0.43,5.0,0.5,10.0,0.53,15.0,0.02,0.02,0.093229,1776226262000
1776226264.202,64.202,0.5,10.0,0.47,15.0,0.52,5.42,0.57,5.0,0.48,5.42,0.43,5.0,0.5,10.0,0.53,15.0,0.02,0.02,0.093229,1776226263000
1776226265.373,65.373,0.5,10.0,0.47,15.0,0.52,5.42,0.57,5.0,0.48,5.42,0.43,5.0,0.5,10.0,0.53,15.0,0.02,0.02,0.093229,1776226264000
1776226265.967,65.967,0.5,10.0,0.47,15.0,0.52,5.42,0.57,5.0,0.48,5.42,0.43,5.0,0.5,10.0,0.53,15.0,0.02,0.02,0.09323,1776226265000
1776226267.106,67.106,0.5,10.0,0.47,15.0,0.52,5.42,0.57,5.0,0.48,5.42,0.43,5.0,0.5,10.0,0.53,15.0,0.02,0.02,0.093231,1776226266000
1776226268.694,68.694,0.5,10.0,0.47,15.0,0.52,5.42,0.57,5.0,0.48,5.42,0.43,5.0,0.5,10.0,0.53,15.0,0.02,0.02,0.093232,1776226267000
1776226269.214,69.214,0.5,10.0,0.47,15.0,0.52,5.42,0.57,5.0,0.48,5.42,0.43,5.0,0.5,10.0,0.53,15.0,0.02,0.02,0.093232,1776226268000
1776226270.303,70.303,0.5,10.0,0.47,15.0,0.52,5.42,0.57,5.0,0.48,5.42,0.43,5.0,0.5,10.0,0.53,15.0,0.02,0.02,0.093232,1776226269000
1776226270.861,70.861,0.5,10.0,0.47,15.0,0.52,5.42,0.57,5.0,0.48,5.42,0.43,5.0,0.5,10.0,0.53,15.0,0.02,0.02,0.093232,1776226270000
1776226271.991,71.991,0.5,10.0,0.47,15.0,0.52,5.42,0.57,5.0,0.48,5.42,0.43,5.0,0.5,10.0,0.53,15.0,0.02,0.02,0.093232,1776226271000
1776226273.03,73.03,0.5,10.0,0.47,15.0,0.52,5.42,0.57,5.0,0.48,5.42,0.43,5.0,0.5,10.0,0.53,15.0,0.02,0.02,0.093232,1776226272000
1776226274.064,74.064,0.5,10.0,0.47,15.0,0.52,5.42,0.57,5.0,0.48,5.42,0.43,5.0,0.5,10.0,0.53,15.0,0.02,0.02,0.093232,1776226273000
1776226275.184,75.184,0.5,10.0,0.47,15.0,0.52,5.42,0.57,5.0,0.48,5.42,0.43,5.0,0.5,10.0,0.53,15.0,0.02,0.02,0.093239,1776226274000
1776226276.305,76.305,0.5,10.0,0.47,15.0,0.52,5.42,0.57,5.0,0.48,5.42,0.43,5.0,0.5,10.0,0.53,15.0,0.02,0.02,0.093239,1776226275000
1776226277.491,77.491,0.5,10.0,0.47,15.0,0.52,5.42,0.57,5.0,0.48,5.42,0.43,5.0,0.5,10.0,0.53,15.0,0.02,0.02,0.09324,1776226276000
1776226278.072,78.072,0.5,10.0,0.47,15.0,0.52,5.42,0.57,5.0,0.48,5.42,0.43,5.0,0.5,10.0,0.53,15.0,0.02,0.02,0.09324,1776226277000
1776226279.123,79.123,0.5,10.0,0.47,15.0,0.52,5.42,0.57,5.0,0.48,5.42,0.43,5.0,0.5,10.0,0.53,15.0,0.02,0.02,0.09324,1776226278000
1776226280.242,80.242,0.5,10.0,0.47,15.0,0.52,5.42,0.57,5.0,0.48,5.42,0.43,5.0,0.5,10.0,0.53,15.0,0.02,0.02,0.09324,1776226279000
1776226281.364,81.364,0.5,10.0,0.47,15.0,0.52,5.42,0.57,5.0,0.48,5.42,0.43,5.0,0.5,10.0,0.53,15.0,0.02,0.02,0.09324,1776226280000
1776226283.439,83.439,0.5,10.0,0.47,15.0,0.52,5.42,0.57,5.0,0.48,5.42,0.43,5.0,0.5,10.0,0.53,15.0,0.02,0.02,0.093239,1776226282000
1776226283.953,83.953,0.5,10.0,0.47,15.0,0.52,5.42,0.57,5.0,0.48,5.42,0.43,5.0,0.5,10.0,0.53,15.0,0.02,0.02,0.093239,1776226283000
1776226285.055,85.055,0.5,10.0,0.47,15.0,0.52,5.42,0.57,5.0,0.48,5.42,0.43,5.0,0.5,10.0,0.53,15.0,0.02,0.02,0.093239,1776226284000
1776226286.452,86.452,0.5,10.0,0.47,15.0,0.52,5.42,0.57,5.0,0.48,5.42,0.43,5.0,0.5,10.0,0.53,15.0,0.02,0.02,0.093239,1776226285000
1776226287.798,87.798,0.5,10.0,0.47,15.0,0.52,5.42,0.57,5.0,0.48,5.42,0.43,5.0,0.5,10.0,0.53,15.0,0.02,0.02,0.093245,1776226286000
1776226288.34,88.34,0.5,10.0,0.47,15.0,0.52,5.42,0.57,5.0,0.48,5.42,0.43,5.0,0.5,10.0,0.53,15.0,0.02,0.02,0.093244,1776226287000
1776226288.941,88.941,0.5,10.0,0.47,15.0,0.52,5.42,0.57,5.0,0.48,5.42,0.43,5.0,0.5,10.0,0.53,15.0,0.02,0.02,0.093244,1776226288000
1776226290.102,90.102,0.5,10.0,0.47,15.0,0.52,5.42,0.57,5.0,0.48,5.42,0.43,5.0,0.5,10.0,0.53,15.0,0.02,0.02,0.093248,1776226289000
1776226290.843,90.843,0.5,10.0,0.47,15.0,0.52,5.42,0.57,5.0,0.48,5.42,0.43,5.0,0.5,10.0,0.53,15.0,0.02,0.02,0.093248,1776226290000
1776226291.113,91.113,0.6,10.8,0.59,10.7,0.68,1.0,0.7,10.0,0.48,5.42,0.43,5.0,0.5,10.0,0.53,15.0,0.08,0.02,0.093248,1776226290000
1776226292.283,92.283,0.6,10.8,0.59,10.7,0.68,1.0,0.7,10.0,0.32,1.0,0.3,10.0,0.4,10.8,0.41,10.7,0.08,0.08,0.093247,1776226291000
1776226293.439,93.439,0.6,10.8,0.59,10.7,0.68,1.0,0.7,10.0,0.32,1.0,0.3,10.0,0.4,10.8,0.41,10.7,0.08,0.08,0.093247,1776226292000
1776226293.906,93.906,0.6,10.8,0.59,10.7,0.68,1.0,0.7,10.0,0.32,1.0,0.3,10.0,0.4,10.8,0.41,10.7,0.08,0.08,0.093247,1776226293000
1776226295.121,95.121,0.6,10.8,0.59,10.7,0.68,1.0,0.7,10.0,0.32,1.0,0.3,10.0,0.4,10.8,0.41,10.7,0.08,0.08,0.093247,1776226294000
1776226296.202,96.202,0.6,10.8,0.59,10.7,0.68,1.0,0.7,10.0,0.32,1.0,0.3,10.0,0.4,10.8,0.41,10.7,0.08,0.08,0.09325,1776226295000
1776226297.322,97.322,0.6,10.8,0.59,10.7,0.68,1.0,0.7,10.0,0.32,1.0,0.3,10.0,0.4,10.8,0.41,10.7,0.08,0.08,0.093253,1776226296000
1776226297.828,97.828,0.6,10.8,0.59,10.7,0.68,1.0,0.7,10.0,0.32,1.0,0.3,10.0,0.4,10.8,0.41,10.7,0.08,0.08,0.093253,1776226297000
1776226299.479,99.479,0.6,10.8,0.59,10.7,0.68,1.0,0.7,10.0,0.32,1.0,0.3,10.0,0.4,10.8,0.41,10.7,0.08,0.08,0.093252,1776226298000
1776226300.093,100.093,0.6,10.8,0.59,10.7,0.68,1.0,0.7,10.0,0.32,1.0,0.3,10.0,0.4,10.8,0.41,10.7,0.08,0.08,0.093252,1776226299000
1776226301.607,101.607,0.6,10.8,0.59,10.7,0.68,1.0,0.7,10.0,0.32,1.0,0.3,10.0,0.4,10.8,0.41,10.7,0.08,0.08,0.093251,1776226300000
1776226302.311,102.311,0.6,10.8,0.59,10.7,0.68,1.0,0.7,10.0,0.32,1.0,0.3,10.0,0.4,10.8,0.41,10.7,0.08,0.08,0.093248,1776226301000
1776226303.347,103.347,0.6,10.8,0.59,10.7,0.68,1.0,0.7,10.0,0.32,1.0,0.3,10.0,0.4,10.8,0.41,10.7,0.08,0.08,0.093248,1776226302000
1776226303.915,103.915,0.6,10.8,0.59,10.7,0.68,1.0,0.7,10.0,0.32,1.0,0.3,10.0,0.4,10.8,0.41,10.7,0.08,0.08,0.093248,1776226303000
1776226305.176,105.176,0.6,10.8,0.59,10.7,0.68,1.0,0.7,10.0,0.32,1.0,0.3,10.0,0.4,10.8,0.41,10.7,0.08,0.08,0.093246,1776226304000
1776226306.349,106.349,0.6,10.8,0.59,10.7,0.68,1.0,0.7,10.0,0.32,1.0,0.3,10.0,0.4,10.8,0.41,10.7,0.08,0.08,0.093248,1776226305000
1776226307.293,107.293,0.6,10.8,0.59,10.7,0.68,1.0,0.7,10.0,0.32,1.0,0.3,10.0,0.4,10.8,0.41,10.7,0.08,0.08,0.093247,1776226306000
1776226308.198,108.198,0.6,10.8,0.59,10.7,0.68,1.0,0.7,10.0,0.32,1.0,0.3,10.0,0.4,10.8,0.41,10.7,0.08,0.08,0.093244,1776226307000
1776226308.995,108.995,0.6,10.8,0.59,10.7,0.68,1.0,0.7,10.0,0.32,1.0,0.3,10.0,0.4,10.8,0.41,10.7,0.08,0.08,0.093233,1776226308000
1776226310.113,110.113,0.6,10.8,0.59,10.7,0.68,1.0,0.7,10.0,0.32,1.0,0.3,10.0,0.4,10.8,0.41,10.7,0.08,0.08,0.093234,1776226309000
1776226311.304,111.304,0.6,10.8,0.59,10.7,0.68,1.0,0.7,10.0,0.32,1.0,0.3,10.0,0.4,10.8,0.41,10.7,0.08,0.08,0.093234,1776226310000
1776226311.929,111.929,0.6,10.8,0.59,10.7,0.68,1.0,0.7,10.0,0.32,1.0,0.3,10.0,0.4,10.8,0.41,10.7,0.08,0.08,0.093236,1776226311000
1776226313.084,113.084,0.6,10.8,0.59,10.7,0.68,1.0,0.7,10.0,0.32,1.0,0.3,10.0,0.4,10.8,0.41,10.7,0.08,0.08,0.093236,1776226312000
1776226314.263,114.263,0.6,10.8,0.59,10.7,0.68,1.0,0.7,10.0,0.32,1.0,0.3,10.0,0.4,10.8,0.41,10.7,0.08,0.08,0.093236,1776226313000
1776226315.52,115.52,0.6,10.8,0.59,10.7,0.68,1.0,0.7,10.0,0.32,1.0,0.3,10.0,0.4,10.8,0.41,10.7,0.08,0.08,0.093236,1776226314000
1776226316.087,116.087,0.6,10.8,0.59,10.7,0.68,1.0,0.7,10.0,0.32,1.0,0.3,10.0,0.4,10.8,0.41,10.7,0.08,0.08,0.093236,1776226315000
1776226317.163,117.163,0.6,10.8,0.59,10.7,0.68,1.0,0.7,10.0,0.32,1.0,0.3,10.0,0.4,10.8,0.41,10.7,0.08,0.08,0.093236,1776226316000
1776226318.34,118.34,0.6,10.8,0.59,10.7,0.68,1.0,0.7,10.0,0.32,1.0,0.3,10.0,0.4,10.8,0.41,10.7,0.08,0.08,0.093236,1776226317000
1776226318.888,118.888,0.6,10.8,0.59,10.7,0.68,1.0,0.7,10.0,0.32,1.0,0.3,10.0,0.4,10.8,0.41,10.7,0.08,0.08,0.093236,1776226318000
1776226319.997,119.997,0.6,10.8,0.59,10.7,0.68,1.0,0.7,10.0,0.32,1.0,0.3,10.0,0.4,10.8,0.41,10.7,0.08,0.08,0.093238,1776226319000
1776226321.16,121.16,0.6,10.8,0.59,10.7,0.68,1.0,0.7,10.0,0.32,1.0,0.3,10.0,0.4,10.8,0.41,10.7,0.08,0.08,0.093241,1776226320000
1776226322.336,122.336,0.6,10.8,0.59,10.7,0.68,1.0,0.7,10.0,0.32,1.0,0.3,10.0,0.4,10.8,0.41,10.7,0.08,0.08,0.093243,1776226321000
1776226322.916,122.916,0.6,10.8,0.59,10.7,0.68,1.0,0.7,10.0,0.32,1.0,0.3,10.0,0.4,10.8,0.41,10.7,0.08,0.08,0.093243,1776226322000
1776226324.195,124.195,0.6,10.8,0.59,10.7,0.68,1.0,0.7,10.0,0.32,1.0,0.3,10.0,0.4,10.8,0.41,10.7,0.08,0.08,0.093242,1776226323000
1776226325.365,125.365,0.6,10.8,0.59,10.7,0.68,1.0,0.7,10.0,0.32,1.0,0.3,10.0,0.4,10.8,0.41,10.7,0.08,0.08,0.093241,1776226324000
1776226325.907,125.907,0.6,10.8,0.59,10.7,0.68,1.0,0.7,10.0,0.32,1.0,0.3,10.0,0.4,10.8,0.41,10.7,0.08,0.08,0.093241,1776226325000
1776226326.993,126.993,0.6,10.8,0.59,10.7,0.68,1.0,0.7,10.0,0.32,1.0,0.3,10.0,0.4,10.8,0.41,10.7,0.08,0.08,0.093241,1776226326000
1776226328.213,128.213,0.6,10.8,0.59,10.7,0.68,1.0,0.7,10.0,0.32,1.0,0.3,10.0,0.4,10.8,0.41,10.7,0.08,0.08,0.093241,1776226327000
1776226329.293,129.293,0.6,10.8,0.59,10.7,0.68,1.0,0.7,10.0,0.32,1.0,0.3,10.0,0.4,10.8,0.41,10.7,0.08,0.08,0.093241,1776226328000
1776226330.501,130.501,0.6,10.8,0.59,10.7,0.68,1.0,0.7,10.0,0.32,1.0,0.3,10.0,0.4,10.8,0.41,10.7,0.08,0.08,0.093241,1776226329000
1776226331.02,131.02,0.6,10.8,0.59,10.7,0.68,1.0,0.7,10.0,0.32,1.0,0.3,10.0,0.4,10.8,0.41,10.7,0.08,0.08,0.093241,1776226330000
1776226332.052,132.052,0.6,10.8,0.59,10.7,0.68,1.0,0.7,10.0,0.32,1.0,0.3,10.0,0.4,10.8,0.41,10.7,0.08,0.08,0.093241,1776226331000
1776226333.123,133.123,0.6,10.8,0.59,10.7,0.68,1.0,0.7,10.0,0.32,1.0,0.3,10.0,0.4,10.8,0.41,10.7,0.08,0.08,0.093241,1776226332000
1776226334.104,134.104,0.6,10.8,0.59,10.7,0.68,1.0,0.7,10.0,0.32,1.0,0.3,10.0,0.4,10.8,0.41,10.7,0.08,0.08,0.093242,1776226333000
1776226335.227,135.227,0.6,10.8,0.59,10.7,0.68,1.0,0.7,10.0,0.32,1.0,0.3,10.0,0.4,10.8,0.41,10.7,0.08,0.08,0.093242,1776226334000
1776226336.248,136.248,0.6,10.8,0.59,10.7,0.68,1.0,0.7,10.0,0.32,1.0,0.3,10.0,0.4,10.8,0.41,10.7,0.08,0.08,0.093242,1776226335000
1776226337.334,137.334,0.6,10.8,0.59,10.7,0.68,1.0,0.7,10.0,0.32,1.0,0.3,10.0,0.4,10.8,0.41,10.7,0.08,0.08,0.093242,1776226336000
1776226337.954,137.954,0.6,10.8,0.59,10.7,0.68,1.0,0.7,10.0,0.32,1.0,0.3,10.0,0.4,10.8,0.41,10.7,0.08,0.08,0.093242,1776226337000
1776226338.991,138.991,0.6,10.8,0.59,10.7,0.68,1.0,0.7,10.0,0.32,1.0,0.3,10.0,0.4,10.8,0.41,10.7,0.08,0.08,0.093242,1776226338000
1776226340.074,140.074,0.6,10.8,0.59,10.7,0.68,1.0,0.7,10.0,0.32,1.0,0.3,10.0,0.4,10.8,0.41,10.7,0.08,0.08,0.093243,1776226339000
1776226341.078,141.078,0.6,10.8,0.59,10.7,0.68,1.0,0.7,10.0,0.32,1.0,0.3,10.0,0.4,10.8,0.41,10.7,0.08,0.08,0.093243,1776226340000
1776226342.21,142.21,0.6,10.8,0.59,10.7,0.68,1.0,0.7,10.0,0.32,1.0,0.3,10.0,0.4,10.8,0.41,10.7,0.08,0.08,0.093243,1776226341000
1776226343.294,143.294,0.6,10.8,0.59,10.7,0.68,1.0,0.7,10.0,0.32,1.0,0.3,10.0,0.4,10.8,0.41,10.7,0.08,0.08,0.093243,1776226342000
1776226344.916,144.916,0.6,10.8,0.59,10.7,0.68,1.0,0.7,10.0,0.32,1.0,0.3,10.0,0.4,10.8,0.41,10.7,0.08,0.08,0.093243,1776226343000
1776226346.027,146.027,0.6,10.8,0.59,10.7,0.68,1.0,0.7,10.0,0.32,1.0,0.3,10.0,0.4,10.8,0.41,10.7,0.08,0.08,0.093242,1776226344000
1776226346.821,146.821,0.6,10.8,0.59,10.7,0.68,1.0,0.7,10.0,0.32,1.0,0.3,10.0,0.4,10.8,0.41,10.7,0.08,0.08,0.093241,1776226345000
1776226347.557,147.557,0.6,10.8,0.59,10.7,0.68,1.0,0.7,10.0,0.32,1.0,0.3,10.0,0.4,10.8,0.41,10.7,0.08,0.08,0.093241,1776226346000
1776226348.465,148.465,0.6,10.8,0.59,10.7,0.68,1.0,0.7,10.0,0.32,1.0,0.3,10.0,0.4,10.8,0.41,10.7,0.08,0.08,0.093241,1776226347000
1776226349.457,149.457,0.6,10.8,0.59,10.7,0.68,1.0,0.7,10.0,0.32,1.0,0.3,10.0,0.4,10.8,0.41,10.7,0.08,0.08,0.093241,1776226348000
1776226350.464,150.464,0.6,10.8,0.59,10.7,0.68,1.0,0.7,10.0,0.32,1.0,0.3,10.0,0.4,10.8,0.41,10.7,0.08,0.08,0.093242,1776226349000
1776226351.546,151.546,0.6,10.8,0.59,10.7,0.68,1.0,0.7,10.0,0.32,1.0,0.3,10.0,0.4,10.8,0.41,10.7,0.08,0.08,0.093243,1776226350000
1776226352.485,152.485,0.6,10.8,0.59,10.7,0.68,1.0,0.7,10.0,0.32,1.0,0.3,10.0,0.4,10.8,0.41,10.7,0.08,0.08,0.093244,1776226351000
1776226353.524,153.524,0.6,10.8,0.59,10.7,0.68,1.0,0.7,10.0,0.32,1.0,0.3,10.0,0.4,10.8,0.41,10.7,0.08,0.08,0.093244,1776226352000
1776226354.613,154.613,0.6,10.8,0.59,10.7,0.68,1.0,0.7,10.0,0.32,1.0,0.3,10.0,0.4,10.8,0.41,10.7,0.08,0.08,0.093244,1776226353000
1776226355.529,155.529,0.6,10.8,0.59,10.7,0.68,1.0,0.7,10.0,0.32,1.0,0.3,10.0,0.4,10.8,0.41,10.7,0.08,0.08,0.093245,1776226354000
1776226356.45,156.45,0.6,10.8,0.59,10.7,0.68,1.0,0.7,10.0,0.32,1.0,0.3,10.0,0.4,10.8,0.41,10.7,0.08,0.08,0.093244,1776226355000
1776226357.344,157.344,0.6,10.8,0.59,10.7,0.68,1.0,0.7,10.0,0.32,1.0,0.3,10.0,0.4,10.8,0.41,10.7,0.08,0.08,0.093244,1776226356000
1776226357.612,157.612,0.57,6.0,0.56,10.6,0.71,62.6,0.72,24.9,0.32,1.0,0.3,10.0,0.4,10.8,0.41,10.7,0.14,0.08,0.093244,1776226356000
1776226358.201,158.201,0.57,6.0,0.56,10.6,0.71,62.6,0.72,24.9,0.29,62.6,0.28,24.9,0.43,6.0,0.44,10.6,0.14,0.14,0.093244,1776226357000
1776226359.935,159.935,0.57,6.0,0.56,10.6,0.71,62.6,0.72,24.9,0.29,62.6,0.28,24.9,0.43,6.0,0.44,10.6,0.14,0.14,0.093244,1776226358000
1776226360.911,160.911,0.57,6.0,0.56,10.6,0.71,62.6,0.72,24.9,0.29,62.6,0.28,24.9,0.43,6.0,0.44,10.6,0.14,0.14,0.093244,1776226359000
1776226361.753,161.753,0.57,6.0,0.56,10.6,0.71,62.6,0.72,24.9,0.29,62.6,0.28,24.9,0.43,6.0,0.44,10.6,0.14,0.14,0.093245,1776226360000
1776226362.477,162.477,0.57,6.0,0.56,10.6,0.71,62.6,0.72,24.9,0.29,62.6,0.28,24.9,0.43,6.0,0.44,10.6,0.14,0.14,0.093245,1776226361000
1776226363.244,163.244,0.57,6.0,0.56,10.6,0.71,62.6,0.72,24.9,0.29,62.6,0.28,24.9,0.43,6.0,0.44,10.6,0.14,0.14,0.093245,1776226362000
1776226364.586,164.586,0.58,16.7,0.57,10.6,0.71,55.0,0.72,24.9,0.29,55.0,0.28,24.9,0.42,16.7,0.43,10.6,0.13,0.13,0.093244,1776226363000
1776226365.236,165.236,0.58,16.7,0.57,10.6,0.71,55.0,0.72,24.9,0.29,55.0,0.28,24.9,0.42,16.7,0.43,10.6,0.13,0.13,0.093244,1776226364000
1776226366.949,166.949,0.58,16.7,0.57,10.6,0.71,55.0,0.72,24.9,0.29,55.0,0.28,24.9,0.42,16.7,0.43,10.6,0.13,0.13,0.093248,1776226366000
1776226368.217,168.217,0.58,16.7,0.57,10.6,0.71,55.0,0.72,24.9,0.29,55.0,0.28,24.9,0.42,16.7,0.43,10.6,0.13,0.13,0.093243,1776226367000
1776226369.395,169.395,0.58,16.7,0.57,10.6,0.71,55.0,0.72,24.9,0.29,55.0,0.28,24.9,0.42,16.7,0.43,10.6,0.13,0.13,0.093244,1776226368000
1776226370.055,170.055,0.58,16.7,0.57,10.6,0.71,55.0,0.72,24.9,0.29,55.0,0.28,24.9,0.42,16.7,0.43,10.6,0.13,0.13,0.093244,1776226369000
1776226371.354,171.354,0.58,16.7,0.57,10.6,0.71,55.0,0.72,24.9,0.29,55.0,0.28,24.9,0.42,16.7,0.43,10.6,0.13,0.13,0.093244,1776226370000
1776226372.066,172.066,0.58,16.7,0.57,10.6,0.71,55.0,0.72,24.9,0.29,55.0,0.28,24.9,0.42,16.7,0.43,10.6,0.13,0.13,0.093244,1776226371000
1776226373.34,173.34,0.58,16.7,0.57,10.6,0.71,55.0,0.72,24.9,0.29,55.0,0.28,24.9,0.42,16.7,0.43,10.6,0.13,0.13,0.093246,1776226372000
1776226373.962,173.962,0.58,16.7,0.57,10.6,0.71,55.0,0.72,24.9,0.29,55.0,0.28,24.9,0.42,16.7,0.43,10.6,0.13,0.13,0.093246,1776226373000
1776226375.152,175.152,0.58,16.7,0.57,10.6,0.71,55.0,0.72,24.9,0.29,55.0,0.28,24.9,0.42,16.7,0.43,10.6,0.13,0.13,0.093247,1776226374000
1776226376.374,176.374,0.58,16.7,0.57,10.6,0.71,55.0,0.72,24.9,0.29,55.0,0.28,24.9,0.42,16.7,0.43,10.6,0.13,0.13,0.093246,1776226375000
1776226377.001,177.001,0.58,16.7,0.57,10.6,0.71,55.0,0.72,24.9,0.29,55.0,0.28,24.9,0.42,16.7,0.43,10.6,0.13,0.13,0.093246,1776226376000
1776226378.203,178.203,0.58,16.7,0.57,10.6,0.71,55.0,0.72,24.9,0.29,55.0,0.28,24.9,0.42,16.7,0.43,10.6,0.13,0.13,0.093247,1776226377000
1776226379.566,179.566,0.58,16.7,0.57,10.6,0.71,55.0,0.72,24.9,0.29,55.0,0.28,24.9,0.42,16.7,0.43,10.6,0.13,0.13,0.093244,1776226378000
1776226380.212,180.212,0.58,16.7,0.57,10.6,0.71,55.0,0.72,24.9,0.29,55.0,0.28,24.9,0.42,16.7,0.43,10.6,0.13,0.13,0.093244,1776226379000
1776226381.065,181.065,0.6,6.0,0.59,10.7,0.71,45.0,0.72,5.0,0.29,55.0,0.28,24.9,0.42,16.7,0.43,10.6,0.11,0.13,0.093244,1776226379000
1776226381.485,181.485,0.6,6.0,0.59,10.7,0.71,45.0,0.72,5.0,0.29,45.0,0.28,5.0,0.4,6.0,0.41,10.7,0.11,0.11,0.093244,1776226380000
1776226382.152,182.152,0.6,6.0,0.59,10.7,0.71,45.0,0.72,5.0,0.29,45.0,0.28,5.0,0.4,6.0,0.41,10.7,0.11,0.11,0.093244,1776226381000
1776226383.165,183.165,0.6,6.0,0.59,10.7,0.71,45.0,0.72,5.0,0.29,45.0,0.28,5.0,0.4,6.0,0.41,10.7,0.11,0.11,0.093244,1776226382000
1776226384.371,184.371,0.6,6.0,0.59,10.7,0.71,45.0,0.72,5.0,0.29,45.0,0.28,5.0,0.4,6.0,0.41,10.7,0.11,0.11,0.093245,1776226383000
1776226385.281,185.281,0.6,6.0,0.59,10.7,0.71,45.0,0.72,5.0,0.29,45.0,0.28,5.0,0.4,6.0,0.41,10.7,0.11,0.11,0.093246,1776226384000
1776226386.293,186.293,0.6,6.0,0.59,10.7,0.71,45.0,0.72,5.0,0.29,45.0,0.28,5.0,0.4,6.0,0.41,10.7,0.11,0.11,0.093246,1776226385000
1776226387.257,187.257,0.6,6.0,0.59,10.7,0.71,45.0,0.72,5.0,0.29,45.0,0.28,5.0,0.4,6.0,0.41,10.7,0.11,0.11,0.093246,1776226386000
1776226388.27,188.27,0.6,6.0,0.59,10.7,0.71,45.0,0.72,5.0,0.29,45.0,0.28,5.0,0.4,6.0,0.41,10.7,0.11,0.11,0.093245,1776226387000
1776226389.29,189.29,0.6,6.0,0.59,10.7,0.71,45.0,0.72,5.0,0.29,45.0,0.28,5.0,0.4,6.0,0.41,10.7,0.11,0.11,0.093246,1776226388000
1776226390.281,190.281,0.6,6.0,0.59,10.7,0.71,45.0,0.72,5.0,0.29,45.0,0.28,5.0,0.4,6.0,0.41,10.7,0.11,0.11,0.093246,1776226389000
1776226391.283,191.283,0.6,6.0,0.59,10.7,0.71,45.0,0.72,5.0,0.29,45.0,0.28,5.0,0.4,6.0,0.41,10.7,0.11,0.11,0.093246,1776226390000
1776226392.271,192.271,0.6,6.0,0.59,10.7,0.71,45.0,0.72,5.0,0.29,45.0,0.28,5.0,0.4,6.0,0.41,10.7,0.11,0.11,0.093246,1776226391000
1776226393.172,193.172,0.6,6.0,0.59,10.7,0.71,45.0,0.72,5.0,0.29,45.0,0.28,5.0,0.4,6.0,0.41,10.7,0.11,0.11,0.093247,1776226392000
1776226394.219,194.219,0.6,6.0,0.59,10.7,0.71,45.0,0.72,5.0,0.29,45.0,0.28,5.0,0.4,6.0,0.41,10.7,0.11,0.11,0.093247,1776226393000
1776226395.331,195.331,0.6,6.0,0.59,10.7,0.71,45.0,0.72,5.0,0.29,45.0,0.28,5.0,0.4,6.0,0.41,10.7,0.11,0.11,0.093247,1776226394000
1776226396.483,196.483,0.71,12.6,0.7,12.4,0.81,35.67,0.83,25.39,0.19,35.67,0.17,25.39,0.29,12.6,0.3,12.4,0.1,0.1,0.093247,1776226395000
1776226397.232,197.232,0.71,12.6,0.7,12.4,0.81,35.67,0.83,25.39,0.19,35.67,0.17,25.39,0.29,12.6,0.3,12.4,0.1,0.1,0.093247,1776226396000
1776226398.428,198.428,0.71,12.6,0.7,12.4,0.81,35.67,0.83,25.39,0.19,35.67,0.17,25.39,0.29,12.6,0.3,12.4,0.1,0.1,0.093247,1776226397000
1776226399.05,199.05,0.71,12.6,0.7,12.4,0.81,35.67,0.83,25.39,0.19,35.67,0.17,25.39,0.29,12.6,0.3,12.4,0.1,0.1,0.093247,1776226398000
1776226400.325,200.325,0.71,12.6,0.7,12.4,0.81,35.67,0.83,25.39,0.19,35.67,0.17,25.39,0.29,12.6,0.3,12.4,0.1,0.1,0.093246,1776226399000
1776226400.922,200.922,0.71,12.6,0.7,12.4,0.81,35.67,0.83,25.39,0.19,35.67,0.17,25.39,0.29,12.6,0.3,12.4,0.1,0.1,0.093246,1776226400000
1776226402.285,202.285,0.71,12.6,0.7,12.4,0.81,35.67,0.83,25.39,0.19,35.67,0.17,25.39,0.29,12.6,0.3,12.4,0.1,0.1,0.093245,1776226401000
1776226403.472,203.472,0.71,12.6,0.7,12.4,0.81,35.67,0.83,25.39,0.19,35.67,0.17,25.39,0.29,12.6,0.3,12.4,0.1,0.1,0.093245,1776226402000
1776226404.056,204.056,0.71,12.6,0.7,12.4,0.81,35.67,0.83,25.39,0.19,35.67,0.17,25.39,0.29,12.6,0.3,12.4,0.1,0.1,0.093245,1776226403000
1776226405.216,205.216,0.71,12.6,0.7,12.4,0.81,35.67,0.83,25.39,0.19,35.67,0.17,25.39,0.29,12.6,0.3,12.4,0.1,0.1,0.093245,1776226404000
1776226406.346,206.346,0.71,12.6,0.7,12.4,0.81,35.67,0.83,25.39,0.19,35.67,0.17,25.39,0.29,12.6,0.3,12.4,0.1,0.1,0.093247,1776226405000
1776226406.864,206.864,0.7,12.4,0.69,12.2,0.77,1.81,0.78,5.0,0.19,35.67,0.17,25.39,0.29,12.6,0.3,12.4,0.07,0.1,0.093247,1776226405000
1776226408.106,208.106,0.7,12.4,0.69,12.2,0.77,1.81,0.78,5.0,0.23,1.81,0.22,5.0,0.3,12.4,0.31,12.2,0.07,0.07,0.093246,1776226407000
1776226409.411,209.411,0.7,12.4,0.69,12.2,0.77,1.81,0.78,5.0,0.23,1.81,0.22,5.0,0.3,12.4,0.31,12.2,0.07,0.07,0.093246,1776226408000
1776226410.14,210.14,0.7,12.4,0.69,12.2,0.77,1.81,0.78,5.0,0.23,1.81,0.22,5.0,0.3,12.4,0.31,12.2,0.07,0.07,0.093246,1776226409000
1776226411.479,211.479,0.7,12.4,0.69,12.2,0.77,1.81,0.78,5.0,0.23,1.81,0.22,5.0,0.3,12.4,0.31,12.2,0.07,0.07,0.093246,1776226410000
1776226412.443,212.443,0.7,12.4,0.69,12.2,0.77,1.81,0.78,5.0,0.23,1.81,0.22,5.0,0.3,12.4,0.31,12.2,0.07,0.07,0.093246,1776226411000
1776226413.036,213.036,0.7,12.4,0.69,12.2,0.77,1.81,0.78,5.0,0.23,1.81,0.22,5.0,0.3,12.4,0.31,12.2,0.07,0.07,0.093246,1776226412000
1776226413.881,213.881,0.7,12.4,0.69,12.2,0.77,1.81,0.78,5.0,0.23,1.81,0.22,5.0,0.3,12.4,0.31,12.2,0.07,0.07,0.093246,1776226413000
1776226415.019,215.019,0.7,12.4,0.69,12.2,0.77,1.81,0.78,5.0,0.23,1.81,0.22,5.0,0.3,12.4,0.31,12.2,0.07,0.07,0.093246,1776226414000
1776226416.021,216.021,0.7,12.4,0.69,12.2,0.77,1.81,0.78,5.0,0.23,1.81,0.22,5.0,0.3,12.4,0.31,12.2,0.07,0.07,0.093246,1776226415000
1776226416.469,216.469,0.71,12.6,0.7,12.4,0.75,5.0,0.76,5.0,0.23,1.81,0.22,5.0,0.3,12.4,0.31,12.2,0.04,0.07,0.093246,1776226415000
1776226417.055,217.055,0.71,12.6,0.7,12.4,0.75,5.0,0.76,5.0,0.25,5.0,0.24,5.0,0.29,12.6,0.3,12.4,0.04,0.04,0.093246,1776226416000
1776226417.992,217.992,0.71,12.6,0.7,12.4,0.75,5.0,0.76,5.0,0.25,5.0,0.24,5.0,0.29,12.6,0.3,12.4,0.04,0.04,0.093246,1776226417000
1776226419.078,219.078,0.71,12.6,0.7,12.4,0.75,5.0,0.76,5.0,0.25,5.0,0.24,5.0,0.29,12.6,0.3,12.4,0.04,0.04,0.093246,1776226418000
1776226420.121,220.121,0.71,12.6,0.7,12.4,0.75,5.0,0.76,5.0,0.25,5.0,0.24,5.0,0.29,12.6,0.3,12.4,0.04,0.04,0.093246,1776226419000
1776226421.085,221.085,0.71,12.6,0.7,12.4,0.75,5.0,0.76,5.0,0.25,5.0,0.24,5.0,0.29,12.6,0.3,12.4,0.04,0.04,0.093245,1776226420000
1776226422.07,222.07,0.71,12.6,0.7,12.4,0.75,5.0,0.76,5.0,0.25,5.0,0.24,5.0,0.29,12.6,0.3,12.4,0.04,0.04,0.093246,1776226421000
1776226423.107,223.107,0.71,12.6,0.7,12.4,0.75,5.0,0.76,5.0,0.25,5.0,0.24,5.0,0.29,12.6,0.3,12.4,0.04,0.04,0.093244,1776226422000
1776226423.996,223.996,0.71,12.6,0.7,12.4,0.75,5.0,0.76,5.0,0.25,5.0,0.24,5.0,0.29,12.6,0.3,12.4,0.04,0.04,0.093245,1776226423000
1776226425.429,225.429,0.75,5.0,0.72,12.9,0.81,29.43,0.82,7.0,0.25,5.0,0.24,5.0,0.29,12.6,0.3,12.4,0.06,0.04,0.093245,1776226423000
1776226425.679,225.679,0.75,5.0,0.72,12.9,0.81,29.43,0.82,7.0,0.19,29.43,0.18,7.0,0.25,5.0,0.28,12.9,0.06,0.06,0.093245,1776226424000
1776226426.454,226.454,0.75,5.0,0.72,12.9,0.81,29.43,0.82,7.0,0.19,29.43,0.18,7.0,0.25,5.0,0.28,12.9,0.06,0.06,0.093246,1776226425000
1776226426.906,226.906,0.75,5.0,0.72,12.9,0.81,29.43,0.82,7.0,0.19,29.43,0.18,7.0,0.25,5.0,0.28,12.9,0.06,0.06,0.093246,1776226426000
1776226427.587,227.587,0.76,14.3,0.75,13.9,0.81,21.96,0.87,7.0,0.19,29.43,0.18,7.0,0.25,5.0,0.28,12.9,0.05,0.06,0.093246,1776226426000
1776226428.264,228.264,0.76,14.3,0.75,13.9,0.81,21.96,0.87,7.0,0.19,21.96,0.13,7.0,0.24,14.3,0.25,13.9,0.05,0.05,0.09325,1776226427000
1776226429.851,229.851,0.76,14.3,0.75,13.9,0.81,21.96,0.87,7.0,0.19,21.96,0.13,7.0,0.24,14.3,0.25,13.9,0.05,0.05,0.09325,1776226428000
1776226430.573,230.573,0.76,14.3,0.75,13.9,0.81,21.96,0.87,7.0,0.19,21.96,0.13,7.0,0.24,14.3,0.25,13.9,0.05,0.05,0.09325,1776226429000
1776226431.258,231.258,0.76,14.3,0.75,13.9,0.81,21.96,0.87,7.0,0.19,21.96,0.13,7.0,0.24,14.3,0.25,13.9,0.05,0.05,0.09325,1776226430000
1776226432.276,232.276,0.77,14.7,0.76,14.3,0.87,30.0,0.88,44.6,0.13,30.0,0.12,44.6,0.23,14.7,0.24,14.3,0.1,0.1,0.093254,1776226431000
1776226433.005,233.005,0.77,14.7,0.76,14.3,0.87,30.0,0.88,44.6,0.13,30.0,0.12,44.6,0.23,14.7,0.24,14.3,0.1,0.1,0.093253,1776226432000
1776226434.126,234.126,0.63,3.17,0.62,11.0,0.87,30.0,0.88,24.6,0.13,30.0,0.12,44.6,0.23,14.7,0.24,14.3,0.24,0.1,0.093253,1776226432000
1776226434.949,234.949,0.63,3.17,0.62,11.0,0.87,30.0,0.88,24.6,0.14,21.6,0.13,30.0,0.37,3.17,0.38,11.0,0.24,0.23,0.09325,1776226434000
1776226436.295,236.295,0.63,3.17,0.62,11.0,0.87,30.0,0.88,24.6,0.14,21.6,0.13,30.0,0.37,3.17,0.38,11.0,0.24,0.23,0.093242,1776226435000
1776226437.751,237.751,0.63,3.17,0.62,11.0,0.87,30.0,0.88,24.6,0.14,21.6,0.13,30.0,0.37,3.17,0.38,11.0,0.24,0.23,0.093239,1776226436000
1776226438.502,238.502,0.63,3.17,0.62,11.0,0.87,30.0,0.88,24.6,0.14,21.6,0.13,30.0,0.37,3.17,0.38,11.0,0.24,0.23,0.093238,1776226437000
1776226439.4,239.4,0.63,3.17,0.62,11.0,0.87,30.0,0.88,24.6,0.14,21.6,0.13,30.0,0.37,3.17,0.38,11.0,0.24,0.23,0.093238,1776226438000
1776226440.009,240.009,0.63,3.17,0.62,11.0,0.87,30.0,0.88,24.6,0.14,21.6,0.13,30.0,0.37,3.17,0.38,11.0,0.24,0.23,0.093239,1776226439000
1776226441.486,241.486,0.63,3.17,0.62,11.0,0.87,30.0,0.88,24.6,0.14,21.6,0.13,30.0,0.37,3.17,0.38,11.0,0.24,0.23,0.093239,1776226440000
1776226442.242,242.242,0.63,3.17,0.62,11.0,0.87,30.0,0.88,24.6,0.14,21.6,0.13,30.0,0.37,3.17,0.38,11.0,0.24,0.23,0.09324,1776226441000
1776226443.924,243.924,0.63,3.17,0.62,11.0,0.87,30.0,0.88,24.6,0.14,21.6,0.13,30.0,0.37,3.17,0.38,11.0,0.24,0.23,0.093239,1776226442000
1776226444.551,244.551,0.63,3.17,0.62,11.0,0.87,30.0,0.88,24.6,0.14,21.6,0.13,30.0,0.37,3.17,0.38,11.0,0.24,0.23,0.093239,1776226443000
1776226445.168,245.168,0.63,3.17,0.62,11.0,0.87,30.0,0.88,24.6,0.14,21.6,0.13,30.0,0.37,3.17,0.38,11.0,0.24,0.23,0.09324,1776226444000
1776226446.307,246.307,0.63,3.17,0.62,11.0,0.87,30.0,0.88,24.6,0.14,21.6,0.13,30.0,0.37,3.17,0.38,11.0,0.24,0.23,0.093239,1776226445000
1776226446.88,246.88,0.63,3.17,0.62,11.0,0.87,30.0,0.88,24.6,0.14,21.6,0.13,30.0,0.37,3.17,0.38,11.0,0.24,0.23,0.093239,1776226446000
1776226448.088,248.088,0.63,3.17,0.62,11.0,0.87,30.0,0.88,24.6,0.14,21.6,0.13,30.0,0.37,3.17,0.38,11.0,0.24,0.23,0.09324,1776226447000
1776226449.184,249.184,0.63,3.17,0.62,11.0,0.87,30.0,0.88,24.6,0.14,21.6,0.13,30.0,0.37,3.17,0.38,11.0,0.24,0.23,0.093239,1776226448000
1776226450.421,250.421,0.63,3.17,0.62,11.0,0.87,30.0,0.88,24.6,0.14,21.6,0.13,30.0,0.37,3.17,0.38,11.0,0.24,0.23,0.093239,1776226449000
1776226451.001,251.001,0.63,3.17,0.62,11.0,0.87,30.0,0.88,24.6,0.14,21.6,0.13,30.0,0.37,3.17,0.38,11.0,0.24,0.23,0.093239,1776226450000
1776226452.122,252.122,0.63,3.17,0.62,11.0,0.87,30.0,0.88,24.6,0.14,21.6,0.13,30.0,0.37,3.17,0.38,11.0,0.24,0.23,0.093239,1776226451000
1776226453.242,253.242,0.63,3.17,0.62,11.0,0.87,30.0,0.88,24.6,0.14,21.6,0.13,30.0,0.37,3.17,0.38,11.0,0.24,0.23,0.093239,1776226452000
1776226454.494,254.494,0.63,3.17,0.62,11.0,0.87,30.0,0.88,24.6,0.14,21.6,0.13,30.0,0.37,3.17,0.38,11.0,0.24,0.23,0.093239,1776226453000
1776226455.09,255.09,0.63,3.17,0.62,11.0,0.87,30.0,0.88,24.6,0.14,21.6,0.13,30.0,0.37,3.17,0.38,11.0,0.24,0.23,0.093242,1776226454000
1776226456.371,256.371,0.63,3.17,0.62,11.0,0.87,30.0,0.88,24.6,0.14,21.6,0.13,30.0,0.37,3.17,0.38,11.0,0.24,0.23,0.093242,1776226455000
1776226456.984,256.984,0.63,3.17,0.62,11.0,0.87,30.0,0.88,24.6,0.14,21.6,0.13,30.0,0.37,3.17,0.38,11.0,0.24,0.23,0.093242,1776226456000
1776226458.206,258.206,0.63,3.17,0.62,11.0,0.87,30.0,0.88,24.6,0.14,21.6,0.13,30.0,0.37,3.17,0.38,11.0,0.24,0.23,0.093245,1776226457000
1776226459.327,259.327,0.63,3.17,0.62,11.0,0.87,30.0,0.88,24.6,0.14,21.6,0.13,30.0,0.37,3.17,0.38,11.0,0.24,0.23,0.093244,1776226458000
1776226459.903,259.903,0.63,3.17,0.62,11.0,0.87,30.0,0.88,24.6,0.14,21.6,0.13,30.0,0.37,3.17,0.38,11.0,0.24,0.23,0.093244,1776226459000
1776226460.923,260.923,0.63,3.17,0.62,11.0,0.87,30.0,0.88,24.6,0.14,21.6,0.13,30.0,0.37,3.17,0.38,11.0,0.24,0.23,0.093246,1776226460000
1776226461.961,261.961,0.63,3.17,0.62,11.0,0.87,30.0,0.88,24.6,0.14,21.6,0.13,30.0,0.37,3.17,0.38,11.0,0.24,0.23,0.093246,1776226461000
1776226463.022,263.022,0.63,3.17,0.62,11.0,0.87,30.0,0.88,24.6,0.14,21.6,0.13,30.0,0.37,3.17,0.38,11.0,0.24,0.23,0.093246,1776226462000
1776226464.015,264.015,0.63,3.17,0.62,11.0,0.87,30.0,0.88,24.6,0.14,21.6,0.13,30.0,0.37,3.17,0.38,11.0,0.24,0.23,0.093246,1776226463000
1776226465.09,265.09,0.63,3.17,0.62,11.0,0.87,30.0,0.88,24.6,0.14,21.6,0.13,30.0,0.37,3.17,0.38,11.0,0.24,0.23,0.093248,1776226464000
1776226466.029,266.029,0.63,3.17,0.62,11.0,0.87,30.0,0.88,24.6,0.14,21.6,0.13,30.0,0.37,3.17,0.38,11.0,0.24,0.23,0.093248,1776226465000
1776226467.113,267.113,0.63,3.17,0.62,11.0,0.87,30.0,0.88,24.6,0.14,21.6,0.13,30.0,0.37,3.17,0.38,11.0,0.24,0.23,0.093247,1776226466000
1776226468.096,268.096,0.63,3.17,0.62,11.0,0.87,30.0,0.88,24.6,0.14,21.6,0.13,30.0,0.37,3.17,0.38,11.0,0.24,0.23,0.093247,1776226467000
1776226469.077,269.077,0.63,3.17,0.62,11.0,0.87,30.0,0.88,24.6,0.14,21.6,0.13,30.0,0.37,3.17,0.38,11.0,0.24,0.23,0.093248,1776226468000
1776226469.512,269.512,0.85,20.39,0.84,19.3,0.87,1.0,0.88,7.0,0.14,21.6,0.13,30.0,0.37,3.17,0.38,11.0,0.02,0.23,0.093248,1776226468000
1776226470.181,270.181,0.85,20.39,0.84,19.3,0.87,1.0,0.88,7.0,0.13,1.0,0.12,7.0,0.15,20.39,0.16,19.3,0.02,0.02,0.093254,1776226469000
1776226471.199,271.199,0.85,20.39,0.84,19.3,0.87,1.0,0.88,7.0,0.13,1.0,0.12,7.0,0.15,20.39,0.16,19.3,0.02,0.02,0.093254,1776226470000
1776226472.681,272.681,0.91,31.7,0.9,28.9,0.94,0.68,0.96,5.0,0.13,1.0,0.12,7.0,0.15,20.39,0.16,19.3,0.03,0.02,0.093254,1776226470000
1776226473.359,273.359,0.91,31.7,0.9,28.9,0.94,0.68,0.96,5.0,0.06,0.68,0.04,5.0,0.09,31.7,0.1,28.9,0.03,0.03,0.093253,1776226472000
1776226474.328,274.328,0.91,31.7,0.9,28.9,0.94,0.68,0.96,5.0,0.06,0.68,0.04,5.0,0.09,31.7,0.1,28.9,0.03,0.03,0.093253,1776226473000
1776226475.331,275.331,0.91,31.7,0.9,28.9,0.94,0.68,0.96,5.0,0.06,0.68,0.04,5.0,0.09,31.7,0.1,28.9,0.03,0.03,0.093253,1776226474000
1776226475.9,275.9,0.91,31.7,0.9,28.9,0.94,0.68,0.96,5.0,0.06,0.68,0.04,5.0,0.09,31.7,0.1,28.9,0.03,0.03,0.093252,1776226475000
1776226477.165,277.165,0.91,31.7,0.9,28.9,0.94,0.68,0.96,5.0,0.06,0.68,0.04,5.0,0.09,31.7,0.1,28.9,0.03,0.03,0.093253,1776226476000
1776226478.101,278.101,0.91,31.7,0.9,28.9,0.94,0.68,0.96,5.0,0.06,0.68,0.04,5.0,0.09,31.7,0.1,28.9,0.03,0.03,0.093253,1776226477000
1776226479.219,279.219,0.91,31.7,0.9,28.9,0.94,0.68,0.96,5.0,0.06,0.68,0.04,5.0,0.09,31.7,0.1,28.9,0.03,0.03,0.093253,1776226478000
1776226479.434,279.434,0.84,6.0,0.83,5.0,0.99,425.0,,,0.06,0.68,0.04,5.0,0.09,31.7,0.1,28.9,0.15,0.03,0.093253,1776226478000
1776226480.23,280.23,0.84,6.0,0.83,5.0,0.99,425.0,,,0.01,425.0,,,0.16,6.0,0.17,5.0,0.15,0.15,0.093251,1776226479000
1776226480.578,280.578,0.95,10.27,0.81,50.0,0.99,323.98,,,0.01,425.0,,,0.16,6.0,0.17,5.0,0.04,0.15,0.093251,1776226479000
1776226481.187,281.187,0.95,10.27,0.81,50.0,0.99,323.98,,,0.01,323.98,,,0.05,10.27,0.19,50.0,0.04,0.04,0.093254,1776226480000
1776226482.229,282.229,0.95,10.27,0.81,50.0,0.99,323.98,,,0.01,323.98,,,0.05,10.27,0.19,50.0,0.04,0.04,0.093254,1776226481000
1776226483.224,283.224,0.95,10.27,0.81,50.0,0.99,323.98,,,0.01,323.98,,,0.05,10.27,0.19,50.0,0.04,0.04,0.093254,1776226482000
1776226484.173,284.173,0.95,10.27,0.81,50.0,0.99,323.98,,,0.01,323.98,,,0.05,10.27,0.19,50.0,0.04,0.04,0.093254,1776226483000
1776226485.106,285.106,0.95,10.27,0.81,50.0,0.99,323.98,,,0.01,323.98,,,0.05,10.27,0.19,50.0,0.04,0.04,0.093254,1776226484000
1776226486.069,286.069,0.95,10.27,0.81,50.0,0.99,216.96,,,0.01,323.98,,,0.05,10.27,0.19,50.0,0.04,0.04,0.093254,1776226484000
1776226486.472,286.472,0.95,10.27,0.81,50.0,0.99,216.96,,,0.01,216.96,,,0.05,10.27,0.19,50.0,0.04,0.04,0.093254,1776226485000
1776226487.434,287.434,0.95,10.27,0.81,50.0,0.99,206.85,,,0.01,206.85,,,0.05,10.27,0.19,50.0,0.04,0.04,0.093254,1776226486000
1776226488.303,288.303,0.95,10.27,0.81,50.0,0.99,206.85,,,0.01,206.85,,,0.05,10.27,0.19,50.0,0.04,0.04,0.093255,1776226487000
1776226488.911,288.911,0.95,10.27,0.91,50.0,0.99,186.85,,,0.01,206.85,,,0.05,10.27,0.19,50.0,0.04,0.04,0.093255,1776226487000
1776226490.665,290.665,0.95,10.27,0.91,50.0,0.99,186.85,,,0.01,186.85,,,0.05,10.27,0.09,50.0,0.04,0.04,0.093255,1776226489000
1776226491.035,291.035,0.95,10.27,0.91,50.0,0.99,176.74,,,0.01,186.85,,,0.05,10.27,0.09,50.0,0.04,0.04,0.093255,1776226489000
1776226491.532,291.532,0.95,10.27,0.91,50.0,0.99,176.74,,,0.01,176.74,,,0.05,10.27,0.09,50.0,0.04,0.04,0.093255,1776226490000
1776226492.384,292.384,0.95,10.27,0.91,50.0,0.99,176.74,,,0.01,176.74,,,0.05,10.27,0.09,50.0,0.04,0.04,0.093254,1776226491000
1776226492.595,292.595,0.71,41.52,0.61,50.0,0.99,176.74,,,0.01,176.74,,,0.05,10.27,0.09,50.0,0.28,0.04,0.093254,1776226491000
1776226493.045,293.045,0.71,41.52,0.61,50.0,0.99,176.74,,,0.01,176.74,,,0.29,41.52,0.39,50.0,0.28,0.28,0.093254,1776226492000
1776226494.57,294.57,0.82,6.0,0.81,50.0,0.99,156.53,,,0.01,156.53,,,0.18,6.0,0.19,50.0,0.17,0.17,0.093253,1776226493000
1776226495.205,295.205,0.82,6.0,0.81,50.0,0.99,156.53,,,0.01,156.53,,,0.18,6.0,0.19,50.0,0.17,0.17,0.093247,1776226494000
1776226495.607,295.607,0.49,3.88,0.25,5.0,0.71,50.0,0.81,50.0,0.01,156.53,,,0.18,6.0,0.19,50.0,0.22,0.17,0.093247,1776226494000
1776226496.192,296.192,0.26,1.98,0.25,3.67,0.41,50.0,0.51,50.0,0.29,50.0,0.19,50.0,0.75,3.67,0.85,100.0,0.15,0.46,0.093247,1776226494000
1776226496.453,296.453,0.15,100.0,0.05,30.0,0.21,44.35,0.31,11.74,0.69,11.74,0.59,50.0,0.74,1.98,0.75,3.67,0.06,0.05,0.093247,1776226494000
1776226496.763,296.763,0.15,96.5,0.05,30.0,0.21,41.67,0.31,11.74,0.79,41.67,0.69,11.74,0.85,96.5,0.95,30.0,0.06,0.06,0.09324,1776226495000
1776226497.188,297.188,0.11,43.32,0.1,6.0,0.31,61.74,0.41,50.0,0.69,11.74,0.59,50.0,0.89,46.66,0.9,6.0,0.2,0.2,0.09324,1776226495000
1776226497.497,297.497,0.11,21.25,0.1,6.0,0.21,48.89,0.31,61.74,0.69,61.74,0.59,50.0,0.89,21.25,0.9,6.0,0.1,0.2,0.09324,1776226495000
1776226498.436,298.436,0.11,21.25,0.1,6.0,0.21,43.66,0.31,61.74,0.79,48.89,0.69,61.74,0.89,21.25,0.9,6.0,0.1,0.1,0.093235,1776226496000
1776226499.049,299.049,0.11,16.25,0.1,6.0,0.21,43.66,0.23,5.0,0.79,43.66,0.69,61.74,0.89,21.25,0.9,6.0,0.1,0.1,0.093219,1776226497000
1776226499.666,299.666,0.05,29.03,0.04,5.0,0.11,5.0,0.23,5.0,0.89,5.0,0.77,5.0,0.95,42.82,0.96,5.0,0.06,0.06,0.093216,1776226498000
1776226499.953,299.953,0.02,13.0,0.01,205.0,0.11,5.0,0.23,5.0,0.89,5.0,0.77,5.0,0.95,29.03,0.96,5.0,0.09,0.06,0.093216,1776226498000
1776226500.304,300.304,0.02,7.0,0.01,200.0,0.11,5.0,0.2,5.0,0.89,5.0,0.77,5.0,0.98,13.0,0.99,205.0,0.09,0.09,0.093216,1776226498000
1776226500.591,300.591,0.01,196.92,,,0.11,5.0,0.2,5.0,0.89,5.0,0.8,5.0,0.98,7.0,0.99,200.0,0.1,0.09,0.093215,1776226499000

# RESULT,winner=Down,slug=doge-updown-5m-1776226200,ticks=309
