timestamp,elapsed_sec,up_bid_p1,up_bid_s1,up_bid_p2,up_bid_s2,up_ask_p1,up_ask_s1,up_ask_p2,up_ask_s2,down_bid_p1,down_bid_s1,down_bid_p2,down_bid_s2,down_ask_p1,down_ask_s1,down_ask_p2,down_ask_s2,up_spread,down_spread,doge_price,doge_oracle_ts
1776201301.299,1.299,,,,,,,,,,,,,,,,,,,0.092955,1776201300000
1776201301.596,1.596,0.33,300.0,0.31,375.0,0.5,25.32,0.67,300.0,0.5,25.32,0.33,300.0,0.67,300.0,0.69,375.0,0.17,0.17,0.092955,1776201300000
1776201301.89,1.89,0.33,300.0,0.31,375.0,0.5,25.32,0.67,300.0,0.5,25.32,0.33,300.0,0.67,300.0,0.69,375.0,0.17,0.17,0.092955,1776201300000
1776201302.231,2.231,0.33,300.0,0.31,375.0,0.5,25.32,0.67,300.0,0.5,25.32,0.33,300.0,0.67,300.0,0.69,375.0,0.17,0.17,0.092955,1776201301000
1776201303.287,3.287,0.33,300.0,0.31,375.0,0.5,25.32,0.67,300.0,0.5,25.32,0.33,300.0,0.67,300.0,0.69,375.0,0.17,0.17,0.092958,1776201302000
1776201304.264,4.264,0.33,300.0,0.31,375.0,0.5,25.32,0.67,300.0,0.5,25.32,0.33,300.0,0.67,300.0,0.69,375.0,0.17,0.17,0.092959,1776201303000
1776201305.222,5.222,0.33,300.0,0.31,375.0,0.5,25.32,0.67,300.0,0.5,25.32,0.33,300.0,0.67,300.0,0.69,375.0,0.17,0.17,0.092959,1776201304000
1776201306.267,6.267,0.33,300.0,0.31,375.0,0.5,25.32,0.67,300.0,0.5,25.32,0.33,300.0,0.67,300.0,0.69,375.0,0.17,0.17,0.092959,1776201305000
1776201307.376,7.376,0.33,300.0,0.31,375.0,0.5,25.32,0.67,300.0,0.5,25.32,0.33,300.0,0.67,300.0,0.69,375.0,0.17,0.17,0.092959,1776201306000
1776201307.586,7.586,0.44,5.0,0.43,5.0,0.49,3.83,0.5,25.32,0.5,25.32,0.33,300.0,0.67,300.0,0.69,375.0,0.05,0.17,0.092959,1776201306000
1776201307.847,7.847,0.44,5.0,0.43,5.0,0.49,3.83,0.5,25.32,0.51,3.83,0.5,25.32,0.56,5.0,0.57,5.0,0.05,0.05,0.092956,1776201307000
1776201308.886,8.886,0.44,5.0,0.43,5.0,0.49,3.83,0.5,25.32,0.51,3.83,0.5,25.32,0.56,5.0,0.57,5.0,0.05,0.05,0.092956,1776201308000
1776201310.001,10.001,0.44,5.0,0.43,5.0,0.49,3.83,0.5,25.32,0.51,3.83,0.5,25.32,0.56,5.0,0.57,5.0,0.05,0.05,0.092956,1776201309000
1776201310.952,10.952,0.44,5.0,0.43,5.0,0.49,3.83,0.5,25.32,0.51,3.83,0.5,25.32,0.56,5.0,0.57,5.0,0.05,0.05,0.092956,1776201310000
1776201311.871,11.871,0.44,5.0,0.43,5.0,0.49,3.83,0.5,25.32,0.51,3.83,0.5,25.32,0.56,5.0,0.57,5.0,0.05,0.05,0.092957,1776201311000
1776201312.912,12.912,0.44,5.0,0.43,5.0,0.49,3.83,0.5,25.32,0.51,3.83,0.5,25.32,0.56,5.0,0.57,5.0,0.05,0.05,0.092966,1776201312000
1776201313.128,13.128,0.43,8.5,0.35,6.0,0.49,3.83,0.5,25.32,0.51,3.83,0.5,25.32,0.56,5.0,0.57,5.0,0.06,0.05,0.092966,1776201312000
1776201313.856,13.856,0.46,5.0,0.45,5.0,0.5,24.15,0.56,5.0,0.51,3.83,0.5,25.32,0.57,8.5,0.65,6.0,0.04,0.06,0.092966,1776201312000
1776201315.587,15.587,0.49,25.0,0.45,10.0,0.5,19.15,0.61,5.0,0.5,24.15,0.44,5.0,0.54,5.0,0.55,5.0,0.01,0.04,0.092967,1776201313000
1776201316.213,16.213,0.49,25.0,0.45,10.0,0.5,19.15,0.61,5.0,0.5,19.15,0.39,5.0,0.51,25.0,0.55,10.0,0.01,0.01,0.092972,1776201315000
1776201317.22,17.22,0.49,25.0,0.46,10.0,0.5,14.15,0.61,5.0,0.5,14.15,0.39,5.0,0.51,25.0,0.54,10.0,0.01,0.01,0.092982,1776201316000
1776201318.285,18.285,0.49,25.0,0.46,10.0,0.5,14.15,0.61,5.0,0.5,14.15,0.39,5.0,0.51,25.0,0.54,10.0,0.01,0.01,0.092984,1776201317000
1776201319.337,19.337,0.49,25.0,0.46,10.0,0.5,14.15,0.61,5.0,0.5,14.15,0.39,5.0,0.51,25.0,0.54,10.0,0.01,0.01,0.092991,1776201318000
1776201319.846,19.846,0.49,25.0,0.46,10.0,0.5,14.15,0.61,5.0,0.5,14.15,0.39,5.0,0.51,25.0,0.54,10.0,0.01,0.01,0.092991,1776201319000
1776201320.246,20.246,0.49,35.0,0.46,10.0,0.5,9.05,0.62,5.0,0.5,14.15,0.39,5.0,0.51,25.0,0.54,10.0,0.01,0.01,0.092991,1776201319000
1776201320.446,20.446,0.49,35.0,0.46,10.0,0.62,5.0,0.63,5.0,0.5,9.05,0.38,5.0,0.51,35.0,0.54,10.0,0.13,0.01,0.092991,1776201319000
1776201320.857,20.857,0.49,35.0,0.46,10.0,0.62,5.0,0.63,5.0,0.38,5.0,0.37,5.0,0.51,35.0,0.54,10.0,0.13,0.13,0.092991,1776201320000
1776201321.848,21.848,0.49,35.0,0.46,10.0,0.62,5.0,0.63,5.0,0.38,5.0,0.37,5.0,0.51,35.0,0.54,10.0,0.13,0.13,0.092992,1776201321000
1776201322.945,22.945,0.49,35.0,0.46,10.0,0.62,5.0,0.63,5.0,0.38,5.0,0.37,5.0,0.51,35.0,0.54,10.0,0.13,0.13,0.092992,1776201322000
1776201323.958,23.958,0.49,35.0,0.46,10.0,0.62,5.0,0.63,5.0,0.38,5.0,0.37,5.0,0.51,35.0,0.54,10.0,0.13,0.13,0.092992,1776201323000
1776201325.019,25.019,0.49,35.0,0.46,10.0,0.62,5.0,0.63,5.0,0.38,5.0,0.37,5.0,0.51,35.0,0.54,10.0,0.13,0.13,0.093002,1776201324000
1776201326.025,26.025,0.49,35.0,0.46,10.0,0.62,5.0,0.63,5.0,0.38,5.0,0.37,5.0,0.51,35.0,0.54,10.0,0.13,0.13,0.093007,1776201325000
1776201326.996,26.996,0.49,35.0,0.46,10.0,0.62,5.0,0.63,5.0,0.38,5.0,0.37,5.0,0.51,35.0,0.54,10.0,0.13,0.13,0.093007,1776201326000
1776201327.903,27.903,0.49,35.0,0.46,10.0,0.62,5.0,0.63,5.0,0.38,5.0,0.37,5.0,0.51,35.0,0.54,10.0,0.13,0.13,0.092997,1776201327000
1776201329.363,29.363,0.49,35.0,0.46,10.0,0.62,5.0,0.63,5.0,0.38,5.0,0.37,5.0,0.51,35.0,0.54,10.0,0.13,0.13,0.092996,1776201328000
1776201329.952,29.952,0.49,35.0,0.46,10.0,0.62,5.0,0.63,5.0,0.38,5.0,0.37,5.0,0.51,35.0,0.54,10.0,0.13,0.13,0.093003,1776201329000
1776201330.531,30.531,0.5,10.0,0.49,45.0,0.65,5.0,0.66,5.0,0.38,5.0,0.37,5.0,0.51,35.0,0.54,10.0,0.15,0.13,0.093003,1776201329000
1776201331.005,31.005,0.5,10.0,0.49,45.0,0.65,5.0,0.66,5.0,0.35,5.0,0.34,5.0,0.5,10.0,0.51,45.0,0.15,0.15,0.093001,1776201330000
1776201332.063,32.063,0.5,10.0,0.49,45.0,0.65,5.0,0.66,5.0,0.35,5.0,0.34,5.0,0.5,10.0,0.51,45.0,0.15,0.15,0.093001,1776201331000
1776201333.088,33.088,0.5,10.0,0.49,45.0,0.65,5.0,0.66,5.0,0.35,5.0,0.34,5.0,0.5,10.0,0.51,45.0,0.15,0.15,0.093001,1776201332000
1776201334.088,34.088,0.5,10.0,0.49,45.0,0.65,5.0,0.66,5.0,0.35,5.0,0.34,5.0,0.5,10.0,0.51,45.0,0.15,0.15,0.093004,1776201333000
1776201335.114,35.114,0.5,10.0,0.49,45.0,0.65,5.0,0.66,5.0,0.35,5.0,0.34,5.0,0.5,10.0,0.51,45.0,0.15,0.15,0.093004,1776201334000
1776201336.092,36.092,0.5,10.0,0.49,45.0,0.65,5.0,0.66,5.0,0.35,5.0,0.34,5.0,0.5,10.0,0.51,45.0,0.15,0.15,0.093004,1776201335000
1776201337.138,37.138,0.5,10.0,0.49,45.0,0.65,5.0,0.66,5.0,0.35,5.0,0.34,5.0,0.5,10.0,0.51,45.0,0.15,0.15,0.093004,1776201336000
1776201338.152,38.152,0.5,10.0,0.49,45.0,0.65,5.0,0.66,5.0,0.35,5.0,0.34,5.0,0.5,10.0,0.51,45.0,0.15,0.15,0.093004,1776201337000
1776201339.23,39.23,0.5,10.0,0.49,45.0,0.65,5.0,0.66,5.0,0.35,5.0,0.34,5.0,0.5,10.0,0.51,45.0,0.15,0.15,0.093004,1776201338000
1776201340.277,40.277,0.5,10.0,0.49,45.0,0.65,5.0,0.66,5.0,0.35,5.0,0.34,5.0,0.5,10.0,0.51,45.0,0.15,0.15,0.093004,1776201339000
1776201341.289,41.289,0.5,10.0,0.49,45.0,0.65,5.0,0.66,5.0,0.35,5.0,0.34,5.0,0.5,10.0,0.51,45.0,0.15,0.15,0.093004,1776201340000
1776201342.299,42.299,0.5,10.0,0.49,45.0,0.65,5.0,0.66,5.0,0.35,5.0,0.34,5.0,0.5,10.0,0.51,45.0,0.15,0.15,0.093004,1776201341000
1776201343.727,43.727,0.5,10.0,0.49,45.0,0.65,5.0,0.66,5.0,0.35,5.0,0.34,5.0,0.5,10.0,0.51,45.0,0.15,0.15,0.093004,1776201342000
1776201344.256,44.256,0.5,10.0,0.49,45.0,0.65,5.0,0.66,5.0,0.35,5.0,0.34,5.0,0.5,10.0,0.51,45.0,0.15,0.15,0.093004,1776201343000
1776201345.468,45.468,0.5,10.0,0.49,45.0,0.65,5.0,0.66,5.0,0.35,5.0,0.34,5.0,0.5,10.0,0.51,45.0,0.15,0.15,0.093004,1776201344000
1776201346.018,46.018,0.5,10.0,0.49,45.0,0.65,5.0,0.66,5.0,0.35,5.0,0.34,5.0,0.5,10.0,0.51,45.0,0.15,0.15,0.093004,1776201345000
1776201347.345,47.345,0.5,10.0,0.49,45.0,0.65,5.0,0.66,5.0,0.35,5.0,0.34,5.0,0.5,10.0,0.51,45.0,0.15,0.15,0.093004,1776201346000
1776201347.931,47.931,0.5,10.0,0.49,45.0,0.65,5.0,0.66,5.0,0.35,5.0,0.34,5.0,0.5,10.0,0.51,45.0,0.15,0.15,0.093004,1776201347000
1776201349.124,49.124,0.5,10.0,0.49,45.0,0.65,5.0,0.66,5.0,0.35,5.0,0.34,5.0,0.5,10.0,0.51,45.0,0.15,0.15,0.093003,1776201348000
1776201350.28,50.28,0.5,10.0,0.49,45.0,0.65,5.0,0.66,5.0,0.35,5.0,0.34,5.0,0.5,10.0,0.51,45.0,0.15,0.15,0.092993,1776201349000
1776201351.526,51.526,0.5,10.0,0.49,45.0,0.65,5.0,0.66,5.0,0.35,5.0,0.34,5.0,0.5,10.0,0.51,45.0,0.15,0.15,0.093004,1776201350000
1776201352.192,52.192,0.5,10.0,0.49,45.0,0.65,5.0,0.66,5.0,0.35,5.0,0.34,5.0,0.5,10.0,0.51,45.0,0.15,0.15,0.093004,1776201351000
1776201353.387,53.387,0.5,10.0,0.49,45.0,0.65,5.0,0.66,5.0,0.35,5.0,0.34,5.0,0.5,10.0,0.51,45.0,0.15,0.15,0.093005,1776201352000
1776201354.438,54.438,0.5,10.0,0.49,45.0,0.65,5.0,0.66,5.0,0.35,5.0,0.34,5.0,0.5,10.0,0.51,45.0,0.15,0.15,0.093005,1776201353000
1776201355.048,55.048,0.5,10.0,0.49,45.0,0.65,5.0,0.66,5.0,0.35,5.0,0.34,5.0,0.5,10.0,0.51,45.0,0.15,0.15,0.093005,1776201354000
1776201356.226,56.226,0.5,10.0,0.49,45.0,0.65,5.0,0.66,5.0,0.35,5.0,0.34,5.0,0.5,10.0,0.51,45.0,0.15,0.15,0.09299,1776201355000
1776201358.1,58.1,0.5,10.0,0.49,45.0,0.65,5.0,0.66,5.0,0.35,5.0,0.34,5.0,0.5,10.0,0.51,45.0,0.15,0.15,0.092969,1776201356000
1776201358.846,58.846,0.5,10.0,0.49,45.0,0.65,5.0,0.66,5.0,0.35,5.0,0.34,5.0,0.5,10.0,0.51,45.0,0.15,0.15,0.092968,1776201357000
1776201359.574,59.574,0.5,10.0,0.49,45.0,0.65,5.0,0.66,5.0,0.35,5.0,0.34,5.0,0.5,10.0,0.51,45.0,0.15,0.15,0.092967,1776201358000
1776201360.389,60.389,0.5,10.0,0.49,45.0,0.65,5.0,0.66,5.0,0.35,5.0,0.34,5.0,0.5,10.0,0.51,45.0,0.15,0.15,0.092969,1776201359000
1776201361.327,61.327,0.5,10.0,0.49,45.0,0.65,5.0,0.66,5.0,0.35,5.0,0.34,5.0,0.5,10.0,0.51,45.0,0.15,0.15,0.092969,1776201360000
1776201362.08,62.08,0.5,10.0,0.49,45.0,0.65,5.0,0.66,5.0,0.35,5.0,0.34,5.0,0.5,10.0,0.51,45.0,0.15,0.15,0.092968,1776201361000
1776201363.44,63.44,0.5,10.0,0.49,45.0,0.65,5.0,0.66,5.0,0.35,5.0,0.34,5.0,0.5,10.0,0.51,45.0,0.15,0.15,0.092968,1776201362000
1776201364.007,64.007,0.5,10.0,0.49,45.0,0.65,5.0,0.66,5.0,0.35,5.0,0.34,5.0,0.5,10.0,0.51,45.0,0.15,0.15,0.092967,1776201363000
1776201365.567,65.567,0.5,10.0,0.49,45.0,0.65,5.0,0.66,5.0,0.35,5.0,0.34,5.0,0.5,10.0,0.51,45.0,0.15,0.15,0.092967,1776201364000
1776201366.283,66.283,0.5,10.0,0.49,45.0,0.65,5.0,0.66,5.0,0.35,5.0,0.34,5.0,0.5,10.0,0.51,45.0,0.15,0.15,0.092967,1776201365000
1776201367.686,67.686,0.5,10.0,0.49,45.0,0.65,5.0,0.66,5.0,0.35,5.0,0.34,5.0,0.5,10.0,0.51,45.0,0.15,0.15,0.092967,1776201366000
1776201368.546,68.546,0.5,10.0,0.49,45.0,0.65,5.0,0.66,5.0,0.35,5.0,0.34,5.0,0.5,10.0,0.51,45.0,0.15,0.15,0.092968,1776201367000
1776201369.294,69.294,0.5,10.0,0.49,45.0,0.65,5.0,0.66,5.0,0.35,5.0,0.34,5.0,0.5,10.0,0.51,45.0,0.15,0.15,0.092967,1776201368000
1776201370.071,70.071,0.5,10.0,0.49,45.0,0.65,5.0,0.66,5.0,0.35,5.0,0.34,5.0,0.5,10.0,0.51,45.0,0.15,0.15,0.092967,1776201369000
1776201371.638,71.638,0.5,10.0,0.49,45.0,0.65,5.0,0.66,5.0,0.35,5.0,0.34,5.0,0.5,10.0,0.51,45.0,0.15,0.15,0.092967,1776201370000
1776201372.37,72.37,0.5,10.0,0.49,45.0,0.65,5.0,0.66,5.0,0.35,5.0,0.34,5.0,0.5,10.0,0.51,45.0,0.15,0.15,0.092968,1776201371000
1776201373.11,73.11,0.5,10.0,0.49,45.0,0.65,5.0,0.66,5.0,0.35,5.0,0.34,5.0,0.5,10.0,0.51,45.0,0.15,0.15,0.092962,1776201372000
1776201374.782,74.782,0.5,10.0,0.49,45.0,0.65,5.0,0.66,5.0,0.35,5.0,0.34,5.0,0.5,10.0,0.51,45.0,0.15,0.15,0.092962,1776201373000
1776201375.557,75.557,0.5,10.0,0.49,45.0,0.65,5.0,0.66,5.0,0.35,5.0,0.34,5.0,0.5,10.0,0.51,45.0,0.15,0.15,0.092959,1776201374000
1776201376.361,76.361,0.5,10.0,0.49,45.0,0.65,5.0,0.66,5.0,0.35,5.0,0.34,5.0,0.5,10.0,0.51,45.0,0.15,0.15,0.092962,1776201375000
1776201377.452,77.452,0.5,10.0,0.49,45.0,0.65,5.0,0.66,5.0,0.35,5.0,0.34,5.0,0.5,10.0,0.51,45.0,0.15,0.15,0.092957,1776201376000
1776201377.915,77.915,0.5,10.0,0.49,45.0,0.65,5.0,0.66,5.0,0.35,5.0,0.34,5.0,0.5,10.0,0.51,45.0,0.15,0.15,0.092964,1776201377000
1776201378.879,78.879,0.5,10.0,0.49,45.0,0.65,5.0,0.66,5.0,0.35,5.0,0.34,5.0,0.5,10.0,0.51,45.0,0.15,0.15,0.092964,1776201378000
1776201379.835,79.835,0.5,10.0,0.49,45.0,0.65,5.0,0.66,5.0,0.35,5.0,0.34,5.0,0.5,10.0,0.51,45.0,0.15,0.15,0.092965,1776201379000
1776201381.262,81.262,0.5,10.0,0.49,45.0,0.65,5.0,0.66,5.0,0.35,5.0,0.34,5.0,0.5,10.0,0.51,45.0,0.15,0.15,0.092966,1776201380000
1776201382.154,82.154,0.5,10.0,0.49,45.0,0.65,5.0,0.66,5.0,0.35,5.0,0.34,5.0,0.5,10.0,0.51,45.0,0.15,0.15,0.092966,1776201381000
1776201383.207,83.207,0.5,10.0,0.49,45.0,0.65,5.0,0.66,5.0,0.35,5.0,0.34,5.0,0.5,10.0,0.51,45.0,0.15,0.15,0.092966,1776201382000
1776201384.106,84.106,0.5,10.0,0.49,45.0,0.65,5.0,0.66,5.0,0.35,5.0,0.34,5.0,0.5,10.0,0.51,45.0,0.15,0.15,0.092966,1776201383000
1776201385.04,85.04,0.5,10.0,0.49,45.0,0.65,5.0,0.66,5.0,0.35,5.0,0.34,5.0,0.5,10.0,0.51,45.0,0.15,0.15,0.092966,1776201384000
1776201386.086,86.086,0.5,10.0,0.49,45.0,0.65,5.0,0.66,5.0,0.35,5.0,0.34,5.0,0.5,10.0,0.51,45.0,0.15,0.15,0.092973,1776201385000
1776201387.113,87.113,0.5,10.0,0.49,45.0,0.65,5.0,0.66,5.0,0.35,5.0,0.34,5.0,0.5,10.0,0.51,45.0,0.15,0.15,0.092971,1776201386000
1776201388.102,88.102,0.5,10.0,0.49,45.0,0.65,5.0,0.66,5.0,0.35,5.0,0.34,5.0,0.5,10.0,0.51,45.0,0.15,0.15,0.092978,1776201387000
1776201388.549,88.549,0.41,10.7,0.4,10.8,0.53,5.0,0.55,5.0,0.35,5.0,0.34,5.0,0.5,10.0,0.51,45.0,0.12,0.15,0.092978,1776201387000
1776201389.085,89.085,0.41,10.7,0.4,10.8,0.53,5.0,0.55,5.0,0.47,5.0,0.45,5.0,0.59,10.7,0.6,10.8,0.12,0.12,0.092971,1776201388000
1776201390.018,90.018,0.41,10.7,0.4,10.8,0.53,5.0,0.55,5.0,0.47,5.0,0.45,5.0,0.59,10.7,0.6,10.8,0.12,0.12,0.092962,1776201389000
1776201391.052,91.052,0.41,10.7,0.4,10.8,0.53,5.0,0.55,5.0,0.47,5.0,0.45,5.0,0.59,10.7,0.6,10.8,0.12,0.12,0.092962,1776201390000
1776201392.055,92.055,0.41,10.7,0.4,10.8,0.53,5.0,0.55,5.0,0.47,5.0,0.45,5.0,0.59,10.7,0.6,10.8,0.12,0.12,0.092962,1776201391000
1776201393.049,93.049,0.41,10.7,0.4,10.8,0.53,5.0,0.55,5.0,0.47,5.0,0.45,5.0,0.59,10.7,0.6,10.8,0.12,0.12,0.092953,1776201392000
1776201394.018,94.018,0.41,10.7,0.4,10.8,0.53,5.0,0.55,5.0,0.47,5.0,0.45,5.0,0.59,10.7,0.6,10.8,0.12,0.12,0.092962,1776201393000
1776201394.96,94.96,0.41,10.7,0.4,10.8,0.53,5.0,0.55,5.0,0.47,5.0,0.45,5.0,0.59,10.7,0.6,10.8,0.12,0.12,0.092962,1776201394000
1776201396.058,96.058,0.41,10.7,0.4,10.8,0.53,5.0,0.55,5.0,0.47,5.0,0.45,5.0,0.59,10.7,0.6,10.8,0.12,0.12,0.092962,1776201395000
1776201397.048,97.048,0.41,10.7,0.4,10.8,0.53,5.0,0.55,5.0,0.47,5.0,0.45,5.0,0.59,10.7,0.6,10.8,0.12,0.12,0.092956,1776201396000
1776201397.774,97.774,0.33,1.56,0.29,12.6,0.35,5.0,0.41,50.0,0.47,5.0,0.45,5.0,0.59,10.7,0.6,10.8,0.02,0.12,0.092956,1776201396000
1776201397.981,97.981,0.29,9.88,0.28,12.9,0.35,5.0,0.41,50.0,0.65,5.0,0.59,50.0,0.71,9.88,0.72,12.9,0.06,0.06,0.092957,1776201397000
1776201398.426,98.426,0.29,43.88,0.28,12.9,0.45,3.4,0.46,10.0,0.65,5.0,0.59,50.0,0.71,9.88,0.72,12.9,0.16,0.06,0.092957,1776201397000
1776201398.984,98.984,0.29,43.88,0.28,12.9,0.45,3.4,0.46,10.0,0.55,3.4,0.54,10.0,0.71,43.88,0.72,12.9,0.16,0.16,0.09294,1776201398000
1776201400.102,100.102,0.29,43.88,0.28,12.9,0.45,3.4,0.46,10.0,0.55,3.4,0.54,10.0,0.71,43.88,0.72,12.9,0.16,0.16,0.092935,1776201399000
1776201401.047,101.047,0.29,43.88,0.28,12.9,0.45,3.4,0.46,10.0,0.55,3.4,0.54,10.0,0.71,43.88,0.72,12.9,0.16,0.16,0.092948,1776201400000
1776201402.096,102.096,0.29,43.88,0.28,12.9,0.45,3.4,0.46,10.0,0.55,3.4,0.54,10.0,0.71,43.88,0.72,12.9,0.16,0.16,0.09295,1776201401000
1776201402.966,102.966,0.29,43.88,0.28,12.9,0.45,3.4,0.46,10.0,0.55,3.4,0.54,10.0,0.71,43.88,0.72,12.9,0.16,0.16,0.09295,1776201402000
1776201404.147,104.147,0.29,43.88,0.28,12.9,0.45,3.4,0.46,10.0,0.55,3.4,0.54,10.0,0.71,43.88,0.72,12.9,0.16,0.16,0.092945,1776201403000
1776201405.089,105.089,0.29,43.88,0.28,12.9,0.45,3.4,0.46,10.0,0.55,3.4,0.54,10.0,0.71,43.88,0.72,12.9,0.16,0.16,0.092946,1776201404000
1776201406.185,106.185,0.29,43.88,0.28,12.9,0.45,3.4,0.46,10.0,0.55,3.4,0.54,10.0,0.71,43.88,0.72,12.9,0.16,0.16,0.092945,1776201405000
1776201407.125,107.125,0.29,43.88,0.28,12.9,0.45,3.4,0.46,10.0,0.55,3.4,0.54,10.0,0.71,43.88,0.72,12.9,0.16,0.16,0.092945,1776201406000
1776201408.18,108.18,0.29,43.88,0.28,12.9,0.45,3.4,0.46,10.0,0.55,3.4,0.54,10.0,0.71,43.88,0.72,12.9,0.16,0.16,0.092945,1776201407000
1776201409.157,109.157,0.29,43.88,0.28,12.9,0.45,3.4,0.46,10.0,0.55,3.4,0.54,10.0,0.71,43.88,0.72,12.9,0.16,0.16,0.092945,1776201408000
1776201410.23,110.23,0.29,43.88,0.28,12.9,0.45,3.4,0.46,10.0,0.55,3.4,0.54,10.0,0.71,43.88,0.72,12.9,0.16,0.16,0.092945,1776201409000
1776201411.288,111.288,0.29,43.88,0.28,12.9,0.45,3.4,0.46,10.0,0.55,3.4,0.54,10.0,0.71,43.88,0.72,12.9,0.16,0.16,0.092945,1776201410000
1776201412.303,112.303,0.29,43.88,0.28,12.9,0.45,3.4,0.46,10.0,0.55,3.4,0.54,10.0,0.71,43.88,0.72,12.9,0.16,0.16,0.092948,1776201411000
1776201413.302,113.302,0.41,10.7,0.4,10.8,0.48,5.0,0.51,50.0,0.52,5.0,0.49,50.0,0.59,10.7,0.6,10.8,0.07,0.07,0.092948,1776201412000
1776201414.318,114.318,0.41,10.7,0.4,10.8,0.48,5.0,0.51,50.0,0.52,5.0,0.49,50.0,0.59,10.7,0.6,10.8,0.07,0.07,0.09295,1776201413000
1776201414.934,114.934,0.41,10.7,0.4,10.8,0.48,5.0,0.51,50.0,0.52,5.0,0.49,50.0,0.59,10.7,0.6,10.8,0.07,0.07,0.09295,1776201414000
1776201416.639,116.639,0.41,10.7,0.4,10.8,0.48,5.0,0.51,50.0,0.52,5.0,0.49,50.0,0.59,10.7,0.6,10.8,0.07,0.07,0.092959,1776201415000
1776201417.182,117.182,0.41,10.7,0.4,10.8,0.48,5.0,0.51,50.0,0.52,5.0,0.49,50.0,0.59,10.7,0.6,10.8,0.07,0.07,0.092962,1776201416000
1776201418.288,118.288,0.41,10.7,0.4,10.8,0.48,5.0,0.51,50.0,0.52,5.0,0.49,50.0,0.59,10.7,0.6,10.8,0.07,0.07,0.09297,1776201417000
1776201419.046,119.046,0.49,5.2,0.48,16.4,0.57,5.0,0.59,5.0,0.52,5.0,0.49,50.0,0.59,10.7,0.6,10.8,0.08,0.07,0.09297,1776201417000
1776201419.312,119.312,0.49,5.2,0.48,16.4,0.57,5.0,0.59,5.0,0.43,5.0,0.41,5.0,0.51,5.2,0.52,16.4,0.08,0.08,0.092976,1776201418000
1776201419.885,119.885,0.49,5.2,0.48,16.4,0.57,5.0,0.59,5.0,0.43,5.0,0.41,5.0,0.51,5.2,0.52,16.4,0.08,0.08,0.092976,1776201419000
1776201420.177,120.177,0.51,10.4,0.5,10.4,0.57,3.24,0.59,5.0,0.43,5.0,0.41,5.0,0.51,5.2,0.52,16.4,0.06,0.08,0.092976,1776201419000
1776201420.994,120.994,0.51,10.4,0.5,10.4,0.57,3.24,0.59,5.0,0.43,3.24,0.41,5.0,0.49,10.4,0.5,10.4,0.06,0.06,0.092976,1776201420000
1776201422.198,122.198,0.51,10.4,0.5,10.4,0.57,3.24,0.59,5.0,0.43,3.24,0.41,5.0,0.49,10.4,0.5,10.4,0.06,0.06,0.092976,1776201421000
1776201423.254,123.254,0.51,10.4,0.5,10.4,0.57,3.24,0.59,5.0,0.43,3.24,0.41,5.0,0.49,10.4,0.5,10.4,0.06,0.06,0.092976,1776201422000
1776201424.342,124.342,0.51,10.4,0.5,10.4,0.57,3.24,0.59,5.0,0.43,3.24,0.41,5.0,0.49,10.4,0.5,10.4,0.06,0.06,0.092977,1776201423000
1776201424.998,124.998,0.51,10.4,0.5,10.4,0.57,3.24,0.59,5.0,0.43,3.24,0.41,5.0,0.49,10.4,0.5,10.4,0.06,0.06,0.092977,1776201424000
1776201426.087,126.087,0.51,10.4,0.5,10.4,0.57,3.24,0.59,5.0,0.43,3.24,0.41,5.0,0.49,10.4,0.5,10.4,0.06,0.06,0.092976,1776201425000
1776201426.472,126.472,0.52,8.7,0.51,10.4,0.58,5.0,0.59,5.0,0.43,3.24,0.41,5.0,0.49,10.4,0.5,10.4,0.06,0.06,0.092976,1776201425000
1776201427.091,127.091,0.52,8.7,0.51,10.4,0.58,5.0,0.59,5.0,0.42,5.0,0.41,5.0,0.48,8.7,0.49,10.4,0.06,0.06,0.092972,1776201426000
1776201428.291,128.291,0.52,8.7,0.51,10.4,0.58,5.0,0.59,5.0,0.42,5.0,0.41,5.0,0.48,8.7,0.49,10.4,0.06,0.06,0.092972,1776201427000
1776201429.291,129.291,0.52,8.7,0.51,10.4,0.58,5.0,0.59,5.0,0.42,5.0,0.41,5.0,0.48,8.7,0.49,10.4,0.06,0.06,0.092956,1776201428000
1776201430.756,130.756,0.48,1.0,0.38,11.0,0.49,5.0,0.51,55.0,0.42,5.0,0.41,5.0,0.48,8.7,0.49,10.4,0.01,0.06,0.092956,1776201428000
1776201431.048,131.048,0.39,10.9,0.38,11.0,0.49,5.0,0.51,55.0,0.51,5.0,0.49,55.0,0.52,1.0,0.62,11.0,0.1,0.01,0.092964,1776201429000
1776201431.479,131.479,0.39,10.9,0.38,11.0,0.49,5.0,0.51,55.0,0.51,5.0,0.49,55.0,0.61,10.9,0.62,11.0,0.1,0.1,0.092962,1776201430000
1776201432.132,132.132,0.39,10.9,0.38,11.0,0.49,5.0,0.51,55.0,0.51,5.0,0.49,55.0,0.61,10.9,0.62,11.0,0.1,0.1,0.092944,1776201431000
1776201433.912,133.912,0.39,10.9,0.38,11.0,0.49,5.0,0.51,55.0,0.51,5.0,0.49,55.0,0.61,10.9,0.62,11.0,0.1,0.1,0.092943,1776201432000
1776201434.893,134.893,0.39,10.9,0.38,11.0,0.49,5.0,0.51,55.0,0.51,5.0,0.49,55.0,0.61,10.9,0.62,11.0,0.1,0.1,0.092947,1776201433000
1776201435.883,135.883,0.39,10.9,0.38,11.0,0.49,5.0,0.51,55.0,0.51,5.0,0.49,55.0,0.61,10.9,0.62,11.0,0.1,0.1,0.092926,1776201434000
1776201436.571,136.571,0.39,10.9,0.38,11.0,0.49,5.0,0.51,55.0,0.51,5.0,0.49,55.0,0.61,10.9,0.62,11.0,0.1,0.1,0.092923,1776201435000
1776201437.436,137.436,0.39,10.9,0.38,11.0,0.49,5.0,0.51,55.0,0.51,5.0,0.49,55.0,0.61,10.9,0.62,11.0,0.1,0.1,0.092923,1776201436000
1776201438.382,138.382,0.39,10.9,0.38,11.0,0.49,5.0,0.51,55.0,0.51,5.0,0.49,55.0,0.61,10.9,0.62,11.0,0.1,0.1,0.092923,1776201437000
1776201439.132,139.132,0.39,10.9,0.38,11.0,0.49,5.0,0.51,55.0,0.51,5.0,0.49,55.0,0.61,10.9,0.62,11.0,0.1,0.1,0.092923,1776201438000
1776201440.678,140.678,0.39,10.9,0.38,11.0,0.49,5.0,0.51,55.0,0.51,5.0,0.49,55.0,0.61,10.9,0.62,11.0,0.1,0.1,0.092923,1776201439000
1776201441.281,141.281,0.39,10.9,0.38,11.0,0.49,5.0,0.51,55.0,0.51,5.0,0.49,55.0,0.61,10.9,0.62,11.0,0.1,0.1,0.092923,1776201440000
1776201442.012,142.012,0.39,10.9,0.38,11.0,0.49,5.0,0.51,55.0,0.51,5.0,0.49,55.0,0.61,10.9,0.62,11.0,0.1,0.1,0.092925,1776201441000
1776201443.547,143.547,0.39,10.9,0.38,11.0,0.49,5.0,0.51,55.0,0.51,5.0,0.49,55.0,0.61,10.9,0.62,11.0,0.1,0.1,0.092926,1776201442000
1776201444.27,144.27,0.39,10.9,0.38,11.0,0.49,5.0,0.51,55.0,0.51,5.0,0.49,55.0,0.61,10.9,0.62,11.0,0.1,0.1,0.092926,1776201443000
1776201445.677,145.677,0.39,10.9,0.38,11.0,0.49,5.0,0.51,55.0,0.51,5.0,0.49,55.0,0.61,10.9,0.62,11.0,0.1,0.1,0.092926,1776201444000
1776201446.357,146.357,0.39,10.9,0.38,11.0,0.49,5.0,0.51,55.0,0.51,5.0,0.49,55.0,0.61,10.9,0.62,11.0,0.1,0.1,0.092926,1776201445000
1776201446.956,146.956,0.39,10.9,0.38,11.0,0.49,5.0,0.51,55.0,0.51,5.0,0.49,55.0,0.61,10.9,0.62,11.0,0.1,0.1,0.092927,1776201446000
1776201448.767,148.767,0.39,10.9,0.38,11.0,0.49,5.0,0.51,55.0,0.51,5.0,0.49,55.0,0.61,10.9,0.62,11.0,0.1,0.1,0.092927,1776201447000
1776201449.414,149.414,0.39,10.9,0.38,11.0,0.49,5.0,0.51,55.0,0.51,5.0,0.49,55.0,0.61,10.9,0.62,11.0,0.1,0.1,0.092945,1776201448000
1776201450.911,150.911,0.39,10.9,0.38,11.0,0.49,5.0,0.51,55.0,0.51,5.0,0.49,55.0,0.61,10.9,0.62,11.0,0.1,0.1,0.092954,1776201449000
1776201451.634,151.634,0.39,10.9,0.38,11.0,0.49,5.0,0.51,55.0,0.51,5.0,0.49,55.0,0.61,10.9,0.62,11.0,0.1,0.1,0.092955,1776201450000
1776201452.483,152.483,0.39,10.9,0.38,11.0,0.49,5.0,0.51,55.0,0.51,5.0,0.49,55.0,0.61,10.9,0.62,11.0,0.1,0.1,0.092955,1776201451000
1776201453.074,153.074,0.51,50.0,0.5,6.0,0.55,5.0,0.76,5.0,0.51,5.0,0.49,55.0,0.61,10.9,0.62,11.0,0.04,0.1,0.092955,1776201451000
1776201453.358,153.358,0.63,1.02,0.51,87.0,0.76,15.0,0.79,15.7,0.45,5.0,0.24,5.0,0.49,50.0,0.5,6.0,0.13,0.04,0.092955,1776201452000
1776201454.349,154.349,0.63,1.02,0.51,87.0,0.76,15.0,0.79,15.7,0.24,15.0,0.21,15.7,0.37,1.02,0.49,87.0,0.13,0.13,0.092956,1776201453000
1776201454.604,154.604,0.66,17.62,0.61,50.0,0.79,10.0,0.8,5.0,0.24,15.0,0.21,15.7,0.37,1.02,0.49,87.0,0.13,0.13,0.092956,1776201453000
1776201454.93,154.93,0.66,17.62,0.61,50.0,0.79,10.0,0.8,5.0,0.21,10.0,0.2,5.0,0.34,17.62,0.39,50.0,0.13,0.13,0.093007,1776201454000
1776201456.101,156.101,0.66,17.62,0.61,50.0,0.79,10.0,0.8,5.0,0.21,10.0,0.2,5.0,0.34,17.62,0.39,50.0,0.13,0.13,0.093006,1776201455000
1776201457.218,157.218,0.66,17.62,0.61,50.0,0.79,10.0,0.8,5.0,0.21,10.0,0.2,5.0,0.34,17.62,0.39,50.0,0.13,0.13,0.093017,1776201456000
1776201458.415,158.415,0.66,17.62,0.61,50.0,0.79,10.0,0.8,5.0,0.21,10.0,0.2,5.0,0.34,17.62,0.39,50.0,0.13,0.13,0.093017,1776201457000
1776201458.989,158.989,0.66,17.62,0.61,50.0,0.79,10.0,0.8,5.0,0.21,10.0,0.2,5.0,0.34,17.62,0.39,50.0,0.13,0.13,0.093017,1776201458000
1776201460.233,160.233,0.66,17.62,0.61,50.0,0.79,10.0,0.8,5.0,0.21,10.0,0.2,5.0,0.34,17.62,0.39,50.0,0.13,0.13,0.093017,1776201459000
1776201461.437,161.437,0.66,17.62,0.61,50.0,0.79,10.0,0.8,5.0,0.21,10.0,0.2,5.0,0.34,17.62,0.39,50.0,0.13,0.13,0.093016,1776201460000
1776201462.113,162.113,0.66,17.62,0.61,50.0,0.79,10.0,0.8,5.0,0.21,10.0,0.2,5.0,0.34,17.62,0.39,50.0,0.13,0.13,0.093015,1776201461000
1776201463.09,163.09,0.66,17.62,0.61,50.0,0.79,10.0,0.8,5.0,0.21,10.0,0.2,5.0,0.34,17.62,0.39,50.0,0.13,0.13,0.093011,1776201462000
1776201463.615,163.615,0.66,14.67,0.6,10.8,0.76,10.0,0.79,15.7,0.21,10.0,0.2,5.0,0.34,17.62,0.39,50.0,0.1,0.13,0.093011,1776201462000
1776201464.235,164.235,0.66,14.67,0.6,10.8,0.76,10.0,0.79,15.7,0.24,10.0,0.21,15.7,0.34,14.67,0.4,10.8,0.1,0.1,0.093007,1776201463000
1776201465.469,165.469,0.66,14.67,0.6,10.8,0.76,10.0,0.79,15.7,0.24,10.0,0.21,15.7,0.34,14.67,0.4,10.8,0.1,0.1,0.093009,1776201464000
1776201466.808,166.808,0.66,14.67,0.6,10.8,0.76,10.0,0.79,15.7,0.24,10.0,0.21,15.7,0.34,14.67,0.4,10.8,0.1,0.1,0.093005,1776201465000
1776201467.526,167.526,0.66,14.67,0.6,10.8,0.76,10.0,0.79,15.7,0.24,10.0,0.21,15.7,0.34,14.67,0.4,10.8,0.1,0.1,0.093005,1776201466000
1776201468.283,168.283,0.66,14.67,0.6,10.8,0.76,10.0,0.79,15.7,0.24,10.0,0.21,15.7,0.34,14.67,0.4,10.8,0.1,0.1,0.093005,1776201467000
1776201469.232,169.232,0.66,14.67,0.6,10.8,0.76,10.0,0.79,15.7,0.24,10.0,0.21,15.7,0.34,14.67,0.4,10.8,0.1,0.1,0.093005,1776201468000
1776201471.157,171.157,0.66,14.67,0.6,10.8,0.76,10.0,0.79,15.7,0.24,10.0,0.21,15.7,0.34,14.67,0.4,10.8,0.1,0.1,0.093009,1776201469000
1776201472.218,172.218,0.66,14.67,0.6,10.8,0.76,10.0,0.79,15.7,0.24,10.0,0.21,15.7,0.34,14.67,0.4,10.8,0.1,0.1,0.093011,1776201470000
1776201473.002,173.002,0.66,14.67,0.6,10.8,0.76,10.0,0.79,15.7,0.24,10.0,0.21,15.7,0.34,14.67,0.4,10.8,0.1,0.1,0.093009,1776201471000
1776201473.697,173.697,0.66,14.67,0.6,10.8,0.76,10.0,0.79,15.7,0.24,10.0,0.21,15.7,0.34,14.67,0.4,10.8,0.1,0.1,0.093007,1776201472000
1776201474.778,174.778,0.66,14.67,0.6,10.8,0.76,10.0,0.79,15.7,0.24,10.0,0.21,15.7,0.34,14.67,0.4,10.8,0.1,0.1,0.093006,1776201473000
1776201475.828,175.828,0.66,14.67,0.6,10.8,0.76,10.0,0.79,15.7,0.24,10.0,0.21,15.7,0.34,14.67,0.4,10.8,0.1,0.1,0.093006,1776201474000
1776201476.732,176.732,0.66,14.67,0.6,10.8,0.76,10.0,0.79,15.7,0.24,10.0,0.21,15.7,0.34,14.67,0.4,10.8,0.1,0.1,0.09301,1776201475000
1776201477.699,177.699,0.66,14.67,0.6,10.8,0.76,10.0,0.79,15.7,0.24,10.0,0.21,15.7,0.34,14.67,0.4,10.8,0.1,0.1,0.093006,1776201476000
1776201478.287,178.287,0.66,14.67,0.6,10.8,0.76,10.0,0.79,15.7,0.24,10.0,0.21,15.7,0.34,14.67,0.4,10.8,0.1,0.1,0.093006,1776201477000
1776201479.465,179.465,0.66,14.67,0.6,10.8,0.76,10.0,0.79,15.7,0.24,10.0,0.21,15.7,0.34,14.67,0.4,10.8,0.1,0.1,0.093006,1776201478000
1776201480.046,180.046,0.66,14.67,0.6,10.8,0.76,10.0,0.79,15.7,0.24,10.0,0.21,15.7,0.34,14.67,0.4,10.8,0.1,0.1,0.093009,1776201479000
1776201481.696,181.696,0.66,14.67,0.6,10.8,0.76,10.0,0.79,15.7,0.24,10.0,0.21,15.7,0.34,14.67,0.4,10.8,0.1,0.1,0.093009,1776201480000
1776201493.937,193.937,0.71,12.6,0.7,12.4,0.8,8.75,0.81,50.0,0.24,10.0,0.21,15.7,0.34,14.67,0.4,10.8,0.09,0.1,0.093009,1776201480000
1776201500.235,200.235,0.51,14.33,0.5,16.4,0.66,5.0,0.67,5.0,0.2,8.75,0.19,50.0,0.29,12.6,0.3,12.4,0.15,0.09,0.093009,1776201480000
1776201505.5,205.5,0.52,8.1,0.51,10.4,0.61,50.0,0.64,5.0,0.34,5.0,0.33,5.0,0.49,8.26,0.5,16.4,0.09,0.15,0.093009,1776201480000
1776201513.254,213.254,0.6,10.8,0.59,10.7,0.81,50.0,0.83,18.39,0.39,50.0,0.36,5.0,0.48,8.1,0.49,10.4,0.21,0.09,0.093009,1776201480000
1776201529.946,229.946,0.74,13.5,0.73,13.2,0.86,16.6,0.87,23.0,0.19,50.0,0.17,18.39,0.4,10.8,0.41,10.7,0.12,0.21,0.093009,1776201480000
1776201539.897,239.897,0.78,15.2,0.77,14.7,0.9,27.77,0.91,81.7,0.14,16.6,0.13,23.0,0.26,13.5,0.27,13.2,0.12,0.12,0.093009,1776201480000
1776201565.407,265.407,0.89,26.6,0.88,24.6,0.95,49.7,0.96,72.7,0.1,27.77,0.09,81.7,0.22,15.2,0.23,14.7,0.06,0.12,0.093009,1776201480000
1776201569.815,269.815,0.95,54.7,0.94,51.42,0.98,147.69,0.99,5472.6,0.05,49.7,0.04,72.7,0.11,26.6,0.12,24.6,0.03,0.06,0.093009,1776201480000
1776201573.214,273.214,0.96,67.7,0.95,54.7,0.98,10.0,0.99,572.6,0.02,147.69,0.01,5472.6,0.05,54.7,0.06,51.42,0.02,0.03,0.093009,1776201480000
1776201576.619,276.619,0.94,5.32,0.86,10.0,0.98,5.0,0.99,210.0,0.02,10.0,0.01,572.6,0.04,67.7,0.05,54.7,0.04,0.02,0.093009,1776201480000
1776201579.954,279.954,0.98,15.2,0.94,5.32,0.99,205.0,,,0.01,210.0,,,0.02,15.2,0.06,5.32,0.01,0.01,0.093009,1776201480000
1776201583.79,283.79,0.98,15.2,0.94,5.32,0.99,135.0,,,0.01,198.98,,,0.02,15.2,0.06,5.32,0.01,0.01,0.093009,1776201480000
1776201587.543,287.543,0.98,15.2,0.94,5.32,0.99,130.0,,,0.01,135.0,,,0.02,15.2,0.06,5.32,0.01,0.01,0.093009,1776201480000
1776201591.361,291.361,0.98,15.2,0.94,5.32,0.99,125.0,,,0.01,130.0,,,0.02,15.2,0.06,5.32,0.01,0.01,0.093009,1776201480000
1776201592.401,292.401,0.98,15.2,0.94,5.32,0.99,118.93,,,0.01,125.0,,,0.02,15.2,0.06,5.32,0.01,0.01,0.093009,1776201480000

# RESULT,winner=Up,slug=doge-updown-5m-1776201300,ticks=213
