timestamp,elapsed_sec,up_bid_p1,up_bid_s1,up_bid_p2,up_bid_s2,up_ask_p1,up_ask_s1,up_ask_p2,up_ask_s2,down_bid_p1,down_bid_s1,down_bid_p2,down_bid_s2,down_ask_p1,down_ask_s1,down_ask_p2,down_ask_s2,up_spread,down_spread,doge_price,doge_oracle_ts
1776219601.509,1.509,,,,,,,,,,,,,,,,,,,0.093397,1776219600000
1776219601.946,1.946,0.33,300.0,0.31,375.0,0.49,5.0,0.67,300.0,0.51,5.0,0.33,300.0,0.67,300.0,0.69,375.0,0.16,0.16,0.093397,1776219600000
1776219602.241,2.241,0.33,300.0,0.31,375.0,0.49,5.0,0.67,300.0,0.51,5.0,0.33,300.0,0.67,300.0,0.69,375.0,0.16,0.16,0.093397,1776219601000
1776219603.464,3.464,0.33,300.0,0.31,375.0,0.49,5.0,0.67,300.0,0.51,5.0,0.33,300.0,0.67,300.0,0.69,375.0,0.16,0.16,0.093398,1776219602000
1776219604.331,4.331,0.33,300.0,0.31,375.0,0.49,5.0,0.67,300.0,0.51,5.0,0.33,300.0,0.67,300.0,0.69,375.0,0.16,0.16,0.093397,1776219603000
1776219605.8,5.8,0.33,300.0,0.31,375.0,0.49,5.0,0.67,300.0,0.51,5.0,0.33,300.0,0.67,300.0,0.69,375.0,0.16,0.16,0.093412,1776219604000
1776219606.469,6.469,0.33,300.0,0.31,375.0,0.49,5.0,0.67,300.0,0.51,5.0,0.33,300.0,0.67,300.0,0.69,375.0,0.16,0.16,0.093412,1776219605000
1776219607.097,7.097,0.33,300.0,0.31,375.0,0.49,5.0,0.67,300.0,0.51,5.0,0.33,300.0,0.67,300.0,0.69,375.0,0.16,0.16,0.093413,1776219606000
1776219608.575,8.575,0.47,27.0,0.44,10.0,0.48,0.17,0.49,5.0,0.52,0.17,0.51,5.0,0.53,27.0,0.56,10.0,0.01,0.01,0.093412,1776219607000
1776219609.264,9.264,0.47,26.4,0.44,10.0,0.48,0.17,0.49,5.0,0.52,0.17,0.51,5.0,0.53,26.4,0.56,10.0,0.01,0.01,0.093412,1776219608000
1776219610.125,10.125,0.47,26.4,0.44,10.0,0.48,0.17,0.49,5.0,0.52,0.17,0.51,5.0,0.53,26.4,0.56,10.0,0.01,0.01,0.093413,1776219609000
1776219610.713,10.713,0.47,24.92,0.44,10.0,0.48,0.17,0.49,5.0,0.52,0.17,0.51,5.0,0.53,26.4,0.56,10.0,0.01,0.01,0.093413,1776219609000
1776219611.408,11.408,0.47,24.92,0.44,10.0,0.48,0.17,0.49,5.0,0.52,0.17,0.51,5.0,0.53,24.92,0.56,10.0,0.01,0.01,0.093413,1776219610000
1776219612.14,12.14,0.51,49.83,0.47,34.92,0.62,10.0,0.64,20.0,0.52,0.17,0.51,5.0,0.53,24.92,0.56,10.0,0.11,0.01,0.093413,1776219610000
1776219612.952,12.952,0.51,49.83,0.47,34.92,0.62,10.0,0.64,20.0,0.38,10.0,0.36,20.0,0.49,49.83,0.53,34.92,0.11,0.11,0.093412,1776219612000
1776219615.727,15.727,0.51,49.83,0.47,34.92,0.62,10.0,0.64,20.0,0.38,10.0,0.36,20.0,0.49,49.83,0.53,34.92,0.11,0.11,0.093436,1776219614000
1776219615.977,15.977,0.61,86.0,0.58,10.0,0.62,5.0,0.65,10.0,0.38,10.0,0.36,20.0,0.49,49.83,0.53,34.92,0.01,0.11,0.093436,1776219614000
1776219616.226,16.226,0.61,86.0,0.58,10.0,0.62,5.0,0.65,10.0,0.38,5.0,0.35,10.0,0.39,86.0,0.42,10.0,0.01,0.01,0.093437,1776219615000
1776219617.257,17.257,0.61,36.0,0.58,10.0,0.65,10.0,0.68,11.0,0.35,10.0,0.32,11.0,0.39,36.0,0.42,10.0,0.04,0.04,0.093437,1776219616000
1776219618.301,18.301,0.61,36.0,0.58,10.0,0.65,10.0,0.68,11.0,0.35,10.0,0.32,11.0,0.39,36.0,0.42,10.0,0.04,0.04,0.093439,1776219617000
1776219618.657,18.657,0.61,65.0,0.58,15.0,0.73,20.0,0.75,13.0,0.35,10.0,0.32,11.0,0.39,36.0,0.42,10.0,0.12,0.04,0.093439,1776219617000
1776219619.253,19.253,0.61,65.0,0.58,15.0,0.73,20.0,0.75,13.0,0.27,20.0,0.25,13.0,0.39,65.0,0.42,15.0,0.12,0.12,0.093441,1776219618000
1776219620.155,20.155,0.61,65.0,0.58,15.0,0.73,20.0,0.75,13.0,0.27,20.0,0.25,13.0,0.39,65.0,0.42,15.0,0.12,0.12,0.093445,1776219619000
1776219621.152,21.152,0.61,65.0,0.58,15.0,0.73,20.0,0.75,13.0,0.27,20.0,0.25,13.0,0.39,65.0,0.42,15.0,0.12,0.12,0.093449,1776219620000
1776219622.227,22.227,0.61,65.0,0.58,15.0,0.73,20.0,0.75,13.0,0.27,20.0,0.25,13.0,0.39,65.0,0.42,15.0,0.12,0.12,0.093448,1776219621000
1776219623.196,23.196,0.61,65.0,0.58,15.0,0.73,20.0,0.75,13.0,0.27,20.0,0.25,13.0,0.39,65.0,0.42,15.0,0.12,0.12,0.093448,1776219622000
1776219624.184,24.184,0.61,65.0,0.58,15.0,0.73,20.0,0.75,13.0,0.27,20.0,0.25,13.0,0.39,65.0,0.42,15.0,0.12,0.12,0.093448,1776219623000
1776219625.235,25.235,0.61,65.0,0.58,15.0,0.73,20.0,0.75,13.0,0.27,20.0,0.25,13.0,0.39,65.0,0.42,15.0,0.12,0.12,0.093448,1776219624000
1776219626.172,26.172,0.61,65.0,0.58,15.0,0.73,20.0,0.75,13.0,0.27,20.0,0.25,13.0,0.39,65.0,0.42,15.0,0.12,0.12,0.093448,1776219625000
1776219627.162,27.162,0.61,65.0,0.58,15.0,0.73,20.0,0.75,13.0,0.27,20.0,0.25,13.0,0.39,65.0,0.42,15.0,0.12,0.12,0.093448,1776219626000
1776219628.698,28.698,0.61,65.0,0.58,15.0,0.73,20.0,0.75,13.0,0.27,20.0,0.25,13.0,0.39,65.0,0.42,15.0,0.12,0.12,0.093448,1776219627000
1776219629.215,29.215,0.61,65.0,0.58,15.0,0.73,20.0,0.75,13.0,0.27,20.0,0.25,13.0,0.39,65.0,0.42,15.0,0.12,0.12,0.093448,1776219628000
1776219630.361,30.361,0.61,65.0,0.58,15.0,0.73,20.0,0.75,13.0,0.27,20.0,0.25,13.0,0.39,65.0,0.42,15.0,0.12,0.12,0.093448,1776219629000
1776219630.935,30.935,0.61,65.0,0.58,15.0,0.73,20.0,0.75,13.0,0.27,20.0,0.25,13.0,0.39,65.0,0.42,15.0,0.12,0.12,0.093448,1776219630000
1776219632.174,32.174,0.61,65.0,0.58,15.0,0.73,20.0,0.75,13.0,0.27,20.0,0.25,13.0,0.39,65.0,0.42,15.0,0.12,0.12,0.093449,1776219631000
1776219633.175,33.175,0.61,65.0,0.58,15.0,0.73,20.0,0.75,13.0,0.27,20.0,0.25,13.0,0.39,65.0,0.42,15.0,0.12,0.12,0.093449,1776219632000
1776219634.254,34.254,0.61,65.0,0.58,15.0,0.73,20.0,0.75,13.0,0.27,20.0,0.25,13.0,0.39,65.0,0.42,15.0,0.12,0.12,0.093449,1776219633000
1776219635.311,35.311,0.61,65.0,0.58,15.0,0.73,20.0,0.75,13.0,0.27,20.0,0.25,13.0,0.39,65.0,0.42,15.0,0.12,0.12,0.093448,1776219634000
1776219636.411,36.411,0.61,65.0,0.58,15.0,0.73,20.0,0.75,13.0,0.27,20.0,0.25,13.0,0.39,65.0,0.42,15.0,0.12,0.12,0.093452,1776219635000
1776219637.01,37.01,0.61,65.0,0.58,15.0,0.73,20.0,0.75,13.0,0.27,20.0,0.25,13.0,0.39,65.0,0.42,15.0,0.12,0.12,0.093458,1776219636000
1776219638.121,38.121,0.61,65.0,0.58,15.0,0.73,20.0,0.75,13.0,0.27,20.0,0.25,13.0,0.39,65.0,0.42,15.0,0.12,0.12,0.093459,1776219637000
1776219639.239,39.239,0.61,65.0,0.58,15.0,0.73,20.0,0.75,13.0,0.27,20.0,0.25,13.0,0.39,65.0,0.42,15.0,0.12,0.12,0.093457,1776219638000
1776219640.175,40.175,0.67,20.0,0.66,10.0,0.84,3.98,0.85,38.0,0.27,20.0,0.25,13.0,0.39,65.0,0.42,15.0,0.17,0.12,0.093457,1776219638000
1776219641.338,41.338,0.67,20.0,0.66,10.0,0.84,3.98,0.85,38.0,0.16,3.98,0.15,38.0,0.33,20.0,0.34,10.0,0.17,0.17,0.093459,1776219640000
1776219641.895,41.895,0.67,20.0,0.66,10.0,0.84,3.98,0.85,38.0,0.16,3.98,0.15,38.0,0.33,20.0,0.34,10.0,0.17,0.17,0.093459,1776219641000
1776219643.049,43.049,0.67,20.0,0.66,10.0,0.84,3.98,0.85,38.0,0.16,3.98,0.15,38.0,0.33,20.0,0.34,10.0,0.17,0.17,0.093472,1776219642000
1776219645.332,45.332,0.67,20.0,0.66,10.0,0.84,3.98,0.85,38.0,0.16,3.98,0.15,38.0,0.33,20.0,0.34,10.0,0.17,0.17,0.093478,1776219644000
1776219646.059,46.059,0.67,20.0,0.66,10.0,0.84,3.98,0.85,38.0,0.16,3.98,0.15,38.0,0.33,20.0,0.34,10.0,0.17,0.17,0.093477,1776219645000
1776219647.288,47.288,0.67,20.0,0.66,10.0,0.84,3.98,0.85,38.0,0.16,3.98,0.15,38.0,0.33,20.0,0.34,10.0,0.17,0.17,0.093479,1776219646000
1776219648.653,48.653,0.67,20.0,0.66,10.0,0.84,3.98,0.85,38.0,0.16,3.98,0.15,38.0,0.33,20.0,0.34,10.0,0.17,0.17,0.093479,1776219647000
1776219649.146,49.146,0.67,20.0,0.66,10.0,0.84,3.98,0.85,38.0,0.16,3.98,0.15,38.0,0.33,20.0,0.34,10.0,0.17,0.17,0.093479,1776219648000
1776219650.671,50.671,0.67,20.0,0.66,10.0,0.84,3.98,0.85,38.0,0.16,3.98,0.15,38.0,0.33,20.0,0.34,10.0,0.17,0.17,0.093475,1776219649000
1776219651.418,51.418,0.67,20.0,0.66,10.0,0.84,3.98,0.85,38.0,0.16,3.98,0.15,38.0,0.33,20.0,0.34,10.0,0.17,0.17,0.093479,1776219650000
1776219652.007,52.007,0.67,20.0,0.66,10.0,0.84,3.98,0.85,38.0,0.16,3.98,0.15,38.0,0.33,20.0,0.34,10.0,0.17,0.17,0.09348,1776219651000
1776219653.454,53.454,0.67,20.0,0.66,10.0,0.84,3.98,0.85,38.0,0.16,3.98,0.15,38.0,0.33,20.0,0.34,10.0,0.17,0.17,0.093487,1776219652000
1776219654.081,54.081,0.67,20.0,0.66,10.0,0.84,3.98,0.85,38.0,0.16,3.98,0.15,38.0,0.33,20.0,0.34,10.0,0.17,0.17,0.093497,1776219653000
1776219655.323,55.323,0.67,20.0,0.66,10.0,0.84,3.98,0.85,38.0,0.16,3.98,0.15,38.0,0.33,20.0,0.34,10.0,0.17,0.17,0.093499,1776219654000
1776219655.924,55.924,0.67,20.0,0.66,10.0,0.84,3.98,0.85,38.0,0.16,3.98,0.15,38.0,0.33,20.0,0.34,10.0,0.17,0.17,0.0935,1776219655000
1776219657.274,57.274,0.67,20.0,0.66,10.0,0.84,3.98,0.85,38.0,0.16,3.98,0.15,38.0,0.33,20.0,0.34,10.0,0.17,0.17,0.093499,1776219656000
1776219658.517,58.517,0.67,20.0,0.66,10.0,0.84,3.98,0.85,38.0,0.16,3.98,0.15,38.0,0.33,20.0,0.34,10.0,0.17,0.17,0.093499,1776219657000
1776219659.17,59.17,0.67,20.0,0.66,10.0,0.84,3.98,0.85,38.0,0.16,3.98,0.15,38.0,0.33,20.0,0.34,10.0,0.17,0.17,0.093499,1776219658000
1776219660.72,60.72,0.67,20.0,0.66,10.0,0.84,3.98,0.85,38.0,0.16,3.98,0.15,38.0,0.33,20.0,0.34,10.0,0.17,0.17,0.0935,1776219659000
1776219661.243,61.243,0.67,20.0,0.66,10.0,0.84,3.98,0.85,38.0,0.16,3.98,0.15,38.0,0.33,20.0,0.34,10.0,0.17,0.17,0.0935,1776219660000
1776219662.445,62.445,0.67,20.0,0.66,10.0,0.84,3.98,0.85,38.0,0.16,3.98,0.15,38.0,0.33,20.0,0.34,10.0,0.17,0.17,0.0935,1776219661000
1776219662.932,62.932,0.67,20.0,0.66,10.0,0.84,3.98,0.85,38.0,0.16,3.98,0.15,38.0,0.33,20.0,0.34,10.0,0.17,0.17,0.093502,1776219662000
1776219664.197,64.197,0.67,20.0,0.66,10.0,0.84,3.98,0.85,38.0,0.16,3.98,0.15,38.0,0.33,20.0,0.34,10.0,0.17,0.17,0.093504,1776219663000
1776219665.29,65.29,0.67,20.0,0.66,10.0,0.84,3.98,0.85,38.0,0.16,3.98,0.15,38.0,0.33,20.0,0.34,10.0,0.17,0.17,0.093507,1776219664000
1776219666.512,66.512,0.67,20.0,0.66,10.0,0.84,3.98,0.85,38.0,0.16,3.98,0.15,38.0,0.33,20.0,0.34,10.0,0.17,0.17,0.093507,1776219665000
1776219667.267,67.267,0.67,20.0,0.66,10.0,0.84,3.98,0.85,38.0,0.16,3.98,0.15,38.0,0.33,20.0,0.34,10.0,0.17,0.17,0.093506,1776219666000
1776219668.258,68.258,0.67,20.0,0.66,10.0,0.84,3.98,0.85,38.0,0.16,3.98,0.15,38.0,0.33,20.0,0.34,10.0,0.17,0.17,0.093506,1776219667000
1776219668.918,68.918,0.67,20.0,0.66,10.0,0.84,3.98,0.85,38.0,0.16,3.98,0.15,38.0,0.33,20.0,0.34,10.0,0.17,0.17,0.093506,1776219668000
1776219670.116,70.116,0.67,20.0,0.66,10.0,0.84,3.98,0.85,38.0,0.16,3.98,0.15,38.0,0.33,20.0,0.34,10.0,0.17,0.17,0.093504,1776219669000
1776219671.165,71.165,0.67,20.0,0.66,10.0,0.84,3.98,0.85,38.0,0.16,3.98,0.15,38.0,0.33,20.0,0.34,10.0,0.17,0.17,0.093506,1776219670000
1776219672.27,72.27,0.67,20.0,0.66,10.0,0.84,3.98,0.85,38.0,0.16,3.98,0.15,38.0,0.33,20.0,0.34,10.0,0.17,0.17,0.093504,1776219671000
1776219673.342,73.342,0.67,20.0,0.66,10.0,0.84,3.98,0.85,38.0,0.16,3.98,0.15,38.0,0.33,20.0,0.34,10.0,0.17,0.17,0.093504,1776219672000
1776219673.978,73.978,0.67,20.0,0.66,10.0,0.84,3.98,0.85,38.0,0.16,3.98,0.15,38.0,0.33,20.0,0.34,10.0,0.17,0.17,0.093504,1776219673000
1776219675.456,75.456,0.67,20.0,0.66,10.0,0.84,3.98,0.85,38.0,0.16,3.98,0.15,38.0,0.33,20.0,0.34,10.0,0.17,0.17,0.093508,1776219674000
1776219675.976,75.976,0.67,20.0,0.66,10.0,0.84,3.98,0.85,38.0,0.16,3.98,0.15,38.0,0.33,20.0,0.34,10.0,0.17,0.17,0.093508,1776219675000
1776219677.061,77.061,0.67,20.0,0.66,10.0,0.84,3.98,0.85,38.0,0.16,3.98,0.15,38.0,0.33,20.0,0.34,10.0,0.17,0.17,0.093508,1776219676000
1776219678.284,78.284,0.67,20.0,0.66,10.0,0.84,3.98,0.85,38.0,0.16,3.98,0.15,38.0,0.33,20.0,0.34,10.0,0.17,0.17,0.093508,1776219677000
1776219679.304,79.304,0.67,20.0,0.66,10.0,0.84,3.98,0.85,38.0,0.16,3.98,0.15,38.0,0.33,20.0,0.34,10.0,0.17,0.17,0.093508,1776219678000
1776219679.898,79.898,0.67,20.0,0.66,10.0,0.84,3.98,0.85,38.0,0.16,3.98,0.15,38.0,0.33,20.0,0.34,10.0,0.17,0.17,0.093508,1776219679000
1776219681.003,81.003,0.67,20.0,0.66,10.0,0.84,3.98,0.85,38.0,0.16,3.98,0.15,38.0,0.33,20.0,0.34,10.0,0.17,0.17,0.093508,1776219680000
1776219682.088,82.088,0.67,20.0,0.66,10.0,0.84,3.98,0.85,38.0,0.16,3.98,0.15,38.0,0.33,20.0,0.34,10.0,0.17,0.17,0.093507,1776219681000
1776219682.641,82.641,0.85,5.0,0.84,38.3,0.91,29.17,0.92,35.29,0.16,3.98,0.15,38.0,0.33,20.0,0.34,10.0,0.06,0.17,0.093507,1776219681000
1776219683.196,83.196,0.85,5.0,0.84,38.3,0.91,29.17,0.92,35.29,0.09,29.17,0.08,35.29,0.15,5.0,0.16,38.3,0.06,0.06,0.093507,1776219682000
1776219684.311,84.311,0.85,5.0,0.84,38.3,0.91,29.17,0.92,35.29,0.09,29.17,0.08,35.29,0.15,5.0,0.16,38.3,0.06,0.06,0.093507,1776219683000
1776219684.97,84.97,0.85,5.0,0.84,38.3,0.91,29.17,0.92,35.29,0.09,29.17,0.08,35.29,0.15,5.0,0.16,38.3,0.06,0.06,0.093504,1776219684000
1776219686.042,86.042,0.85,5.0,0.83,16.0,0.86,2.18,0.88,24.6,0.14,2.18,0.12,24.6,0.15,5.0,0.17,16.0,0.01,0.01,0.093484,1776219685000
1776219687.141,87.141,0.85,5.0,0.83,16.0,0.86,2.18,0.88,24.6,0.14,2.18,0.12,24.6,0.15,5.0,0.17,16.0,0.01,0.01,0.09347,1776219686000
1776219688.205,88.205,0.83,16.0,0.8,15.0,0.86,28.78,0.87,28.0,0.14,28.78,0.13,28.0,0.17,16.0,0.2,15.0,0.03,0.03,0.093469,1776219687000
1776219688.651,88.651,0.83,9.23,0.8,15.0,0.84,19.3,0.85,20.39,0.14,28.78,0.13,28.0,0.17,16.0,0.2,15.0,0.01,0.03,0.093469,1776219687000
1776219689.761,89.761,0.83,9.23,0.8,15.0,0.84,19.3,0.85,20.39,0.16,19.3,0.15,20.39,0.17,9.23,0.2,15.0,0.01,0.01,0.093467,1776219688000
1776219690.211,90.211,0.83,9.23,0.8,15.0,0.84,19.3,0.85,20.39,0.16,19.3,0.15,20.39,0.17,9.23,0.2,15.0,0.01,0.01,0.093467,1776219689000
1776219691.188,91.188,0.83,9.23,0.8,15.0,0.84,19.3,0.85,20.39,0.16,19.3,0.15,20.39,0.17,9.23,0.2,15.0,0.01,0.01,0.093467,1776219690000
1776219692.295,92.295,0.83,9.23,0.8,15.0,0.84,19.3,0.85,20.39,0.16,19.3,0.15,20.39,0.17,9.23,0.2,15.0,0.01,0.01,0.093468,1776219691000
1776219693.409,93.409,0.83,9.23,0.8,15.0,0.84,19.3,0.85,20.39,0.16,19.3,0.15,20.39,0.17,9.23,0.2,15.0,0.01,0.01,0.093468,1776219692000
1776219693.888,93.888,0.83,9.23,0.8,15.0,0.84,19.3,0.85,20.39,0.16,19.3,0.15,20.39,0.17,9.23,0.2,15.0,0.01,0.01,0.093468,1776219693000
1776219694.986,94.986,0.83,9.23,0.8,15.0,0.84,19.3,0.85,20.39,0.16,19.3,0.15,20.39,0.17,9.23,0.2,15.0,0.01,0.01,0.093466,1776219694000
1776219695.924,95.924,0.83,9.23,0.8,15.0,0.84,19.3,0.85,20.39,0.16,19.3,0.15,20.39,0.17,9.23,0.2,15.0,0.01,0.01,0.093463,1776219695000
1776219696.928,96.928,0.83,9.23,0.8,15.0,0.84,19.3,0.85,20.39,0.16,19.3,0.15,20.39,0.17,9.23,0.2,15.0,0.01,0.01,0.093458,1776219696000
1776219697.983,97.983,0.83,9.23,0.8,15.0,0.84,19.3,0.85,20.39,0.16,19.3,0.15,20.39,0.17,9.23,0.2,15.0,0.01,0.01,0.093475,1776219697000
1776219698.912,98.912,0.83,9.23,0.8,15.0,0.84,19.3,0.85,20.39,0.16,19.3,0.15,20.39,0.17,9.23,0.2,15.0,0.01,0.01,0.093484,1776219698000
1776219699.9,99.9,0.83,9.23,0.8,15.0,0.84,19.3,0.85,20.39,0.16,19.3,0.15,20.39,0.17,9.23,0.2,15.0,0.01,0.01,0.093483,1776219699000
1776219700.87,100.87,0.83,9.23,0.8,15.0,0.84,19.3,0.85,20.39,0.16,19.3,0.15,20.39,0.17,9.23,0.2,15.0,0.01,0.01,0.093482,1776219700000
1776219701.935,101.935,0.83,9.23,0.8,15.0,0.84,19.3,0.85,20.39,0.16,19.3,0.15,20.39,0.17,9.23,0.2,15.0,0.01,0.01,0.093482,1776219701000
1776219703.092,103.092,0.83,9.23,0.8,15.0,0.84,19.3,0.85,20.39,0.16,19.3,0.15,20.39,0.17,9.23,0.2,15.0,0.01,0.01,0.093476,1776219702000
1776219704.33,104.33,0.83,9.23,0.8,15.0,0.84,19.3,0.85,20.39,0.16,19.3,0.15,20.39,0.17,9.23,0.2,15.0,0.01,0.01,0.093472,1776219703000
1776219705.15,105.15,0.83,9.23,0.8,15.0,0.84,19.3,0.85,20.39,0.16,19.3,0.15,20.39,0.17,9.23,0.2,15.0,0.01,0.01,0.093471,1776219704000
1776219706.33,106.33,0.83,9.23,0.8,15.0,0.84,19.3,0.85,20.39,0.16,19.3,0.15,20.39,0.17,9.23,0.2,15.0,0.01,0.01,0.093464,1776219705000
1776219707.307,107.307,0.83,9.23,0.8,15.0,0.84,19.3,0.85,20.39,0.16,19.3,0.15,20.39,0.17,9.23,0.2,15.0,0.01,0.01,0.09346,1776219706000
1776219708.9,108.9,0.83,9.23,0.8,15.0,0.84,19.3,0.85,20.39,0.16,19.3,0.15,20.39,0.17,9.23,0.2,15.0,0.01,0.01,0.09346,1776219708000
1776219710.313,110.313,0.83,9.23,0.8,15.0,0.84,19.3,0.85,20.39,0.16,19.3,0.15,20.39,0.17,9.23,0.2,15.0,0.01,0.01,0.093461,1776219709000
1776219711.673,111.673,0.83,9.23,0.8,15.0,0.84,19.3,0.85,20.39,0.16,19.3,0.15,20.39,0.17,9.23,0.2,15.0,0.01,0.01,0.093463,1776219710000
1776219712.283,112.283,0.83,9.23,0.8,15.0,0.84,19.3,0.85,20.39,0.16,19.3,0.15,20.39,0.17,9.23,0.2,15.0,0.01,0.01,0.093454,1776219711000
1776219713.748,113.748,0.83,9.23,0.8,15.0,0.84,19.3,0.85,20.39,0.16,19.3,0.15,20.39,0.17,9.23,0.2,15.0,0.01,0.01,0.093449,1776219712000
1776219714.33,114.33,0.83,9.23,0.8,15.0,0.84,19.3,0.85,20.39,0.16,19.3,0.15,20.39,0.17,9.23,0.2,15.0,0.01,0.01,0.09345,1776219713000
1776219715.552,115.552,0.83,9.23,0.8,15.0,0.84,19.3,0.85,20.39,0.16,19.3,0.15,20.39,0.17,9.23,0.2,15.0,0.01,0.01,0.09345,1776219714000
1776219716.173,116.173,0.83,9.23,0.8,15.0,0.84,19.3,0.85,20.39,0.16,19.3,0.15,20.39,0.17,9.23,0.2,15.0,0.01,0.01,0.093449,1776219715000
1776219717.5,117.5,0.83,9.23,0.8,15.0,0.84,19.3,0.85,20.39,0.16,19.3,0.15,20.39,0.17,9.23,0.2,15.0,0.01,0.01,0.093451,1776219716000
1776219718.202,118.202,0.83,9.23,0.8,15.0,0.84,19.3,0.85,20.39,0.16,19.3,0.15,20.39,0.17,9.23,0.2,15.0,0.01,0.01,0.093449,1776219717000
1776219719.475,119.475,0.83,9.23,0.8,15.0,0.84,19.3,0.85,20.39,0.16,19.3,0.15,20.39,0.17,9.23,0.2,15.0,0.01,0.01,0.093449,1776219718000
1776219720.166,120.166,0.83,9.23,0.8,15.0,0.84,19.3,0.85,20.39,0.16,19.3,0.15,20.39,0.17,9.23,0.2,15.0,0.01,0.01,0.093449,1776219719000
1776219721.292,121.292,0.83,9.23,0.8,15.0,0.84,19.3,0.85,20.39,0.16,19.3,0.15,20.39,0.17,9.23,0.2,15.0,0.01,0.01,0.093449,1776219720000
1776219722.642,122.642,0.83,9.23,0.8,15.0,0.84,19.3,0.85,20.39,0.16,19.3,0.15,20.39,0.17,9.23,0.2,15.0,0.01,0.01,0.093448,1776219721000
1776219723.278,123.278,0.83,9.23,0.8,15.0,0.84,19.3,0.85,20.39,0.16,19.3,0.15,20.39,0.17,9.23,0.2,15.0,0.01,0.01,0.093448,1776219722000
1776219724.693,124.693,0.83,9.23,0.8,15.0,0.84,19.3,0.85,20.39,0.16,19.3,0.15,20.39,0.17,9.23,0.2,15.0,0.01,0.01,0.093447,1776219723000
1776219725.362,125.362,0.83,9.23,0.8,15.0,0.84,19.3,0.85,20.39,0.16,19.3,0.15,20.39,0.17,9.23,0.2,15.0,0.01,0.01,0.093447,1776219724000
1776219726.761,126.761,0.83,9.23,0.8,15.0,0.84,19.3,0.85,20.39,0.16,19.3,0.15,20.39,0.17,9.23,0.2,15.0,0.01,0.01,0.093446,1776219725000
1776219727.385,127.385,0.83,9.23,0.8,15.0,0.84,19.3,0.85,20.39,0.16,19.3,0.15,20.39,0.17,9.23,0.2,15.0,0.01,0.01,0.093446,1776219726000
1776219728.034,128.034,0.83,9.23,0.8,15.0,0.84,19.3,0.85,20.39,0.16,19.3,0.15,20.39,0.17,9.23,0.2,15.0,0.01,0.01,0.093446,1776219727000
1776219729.425,129.425,0.83,9.23,0.8,15.0,0.84,19.3,0.85,20.39,0.16,19.3,0.15,20.39,0.17,9.23,0.2,15.0,0.01,0.01,0.093447,1776219728000
1776219730.529,130.529,0.83,9.23,0.8,15.0,0.84,19.3,0.85,20.39,0.16,19.3,0.15,20.39,0.17,9.23,0.2,15.0,0.01,0.01,0.093448,1776219729000
1776219731.088,131.088,0.83,9.23,0.8,15.0,0.84,19.3,0.85,20.39,0.16,19.3,0.15,20.39,0.17,9.23,0.2,15.0,0.01,0.01,0.093448,1776219730000
1776219732.286,132.286,0.83,9.23,0.8,15.0,0.84,19.3,0.85,20.39,0.16,19.3,0.15,20.39,0.17,9.23,0.2,15.0,0.01,0.01,0.093445,1776219731000
1776219733.429,133.429,0.83,9.23,0.8,15.0,0.84,19.3,0.85,20.39,0.16,19.3,0.15,20.39,0.17,9.23,0.2,15.0,0.01,0.01,0.093446,1776219732000
1776219733.998,133.998,0.83,9.23,0.8,15.0,0.84,19.3,0.85,20.39,0.16,19.3,0.15,20.39,0.17,9.23,0.2,15.0,0.01,0.01,0.093446,1776219733000
1776219735.122,135.122,0.83,9.23,0.8,15.0,0.84,19.3,0.85,20.39,0.16,19.3,0.15,20.39,0.17,9.23,0.2,15.0,0.01,0.01,0.093451,1776219734000
1776219736.357,136.357,0.83,9.23,0.8,15.0,0.84,19.3,0.85,20.39,0.16,19.3,0.15,20.39,0.17,9.23,0.2,15.0,0.01,0.01,0.093453,1776219735000
1776219737.53,137.53,0.83,9.23,0.8,15.0,0.84,19.3,0.85,20.39,0.16,19.3,0.15,20.39,0.17,9.23,0.2,15.0,0.01,0.01,0.093453,1776219736000
1776219737.928,137.928,0.83,9.23,0.8,15.0,0.84,19.3,0.85,20.39,0.16,19.3,0.15,20.39,0.17,9.23,0.2,15.0,0.01,0.01,0.093453,1776219737000
1776219738.163,138.163,0.84,20.0,0.75,13.9,0.85,13.0,0.88,21.0,0.16,19.3,0.15,20.39,0.17,9.23,0.2,15.0,0.01,0.01,0.093453,1776219737000
1776219738.374,138.374,0.76,14.3,0.75,13.9,0.84,7.26,0.85,13.0,0.15,13.0,0.12,21.0,0.16,4.96,0.24,14.3,0.08,0.01,0.093453,1776219737000
1776219738.632,138.632,0.83,5.0,0.76,14.3,0.84,2.26,0.85,13.0,0.16,7.26,0.15,13.0,0.24,14.3,0.25,13.9,0.01,0.08,0.093453,1776219737000
1776219738.959,138.959,0.83,5.0,0.76,14.3,0.84,2.26,0.85,13.0,0.16,2.26,0.15,13.0,0.17,5.0,0.24,14.3,0.01,0.01,0.09347,1776219738000
1776219740.53,140.53,0.83,5.0,0.76,14.3,0.84,2.26,0.85,13.0,0.16,2.26,0.15,13.0,0.17,5.0,0.24,14.3,0.01,0.01,0.093486,1776219739000
1776219741.252,141.252,0.83,5.0,0.76,14.3,0.84,2.26,0.85,13.0,0.16,2.26,0.15,13.0,0.17,5.0,0.24,14.3,0.01,0.01,0.093484,1776219740000
1776219742.362,142.362,0.83,5.0,0.76,14.3,0.84,2.26,0.85,13.0,0.16,2.26,0.15,13.0,0.17,5.0,0.24,14.3,0.01,0.01,0.093484,1776219741000
1776219742.811,142.811,0.83,42.39,0.82,17.6,0.91,5.0,0.93,272.9,0.16,2.26,0.15,13.0,0.17,5.0,0.24,14.3,0.08,0.01,0.093484,1776219741000
1776219743.19,143.19,0.83,42.39,0.82,17.6,0.91,5.0,0.93,272.9,0.09,5.0,0.07,272.9,0.17,42.39,0.18,17.6,0.08,0.08,0.093484,1776219742000
1776219744.428,144.428,0.83,42.39,0.82,17.6,0.91,5.0,0.93,272.9,0.09,5.0,0.07,272.9,0.17,42.39,0.18,17.6,0.08,0.08,0.093487,1776219743000
1776219745.016,145.016,0.83,42.39,0.82,17.6,0.91,5.0,0.93,272.9,0.09,5.0,0.07,272.9,0.17,42.39,0.18,17.6,0.08,0.08,0.093472,1776219744000
1776219746.212,146.212,0.83,42.39,0.82,17.6,0.91,5.0,0.93,272.9,0.09,5.0,0.07,272.9,0.17,42.39,0.18,17.6,0.08,0.08,0.093471,1776219745000
1776219747.346,147.346,0.83,42.39,0.82,17.6,0.91,5.0,0.93,272.9,0.09,5.0,0.07,272.9,0.17,42.39,0.18,17.6,0.08,0.08,0.093469,1776219746000
1776219748.048,148.048,0.83,42.39,0.82,17.6,0.91,5.0,0.93,272.9,0.09,5.0,0.07,272.9,0.17,42.39,0.18,17.6,0.08,0.08,0.093469,1776219747000
1776219749.309,149.309,0.83,42.39,0.82,17.6,0.91,5.0,0.93,272.9,0.09,5.0,0.07,272.9,0.17,42.39,0.18,17.6,0.08,0.08,0.093469,1776219748000
1776219750.382,150.382,0.83,42.39,0.82,17.6,0.91,5.0,0.93,272.9,0.09,5.0,0.07,272.9,0.17,42.39,0.18,17.6,0.08,0.08,0.09347,1776219749000
1776219750.957,150.957,0.83,42.39,0.82,17.6,0.91,5.0,0.93,272.9,0.09,5.0,0.07,272.9,0.17,42.39,0.18,17.6,0.08,0.08,0.09347,1776219750000
1776219752.095,152.095,0.83,42.39,0.82,17.6,0.91,5.0,0.93,272.9,0.09,5.0,0.07,272.9,0.17,42.39,0.18,17.6,0.08,0.08,0.093469,1776219751000
1776219753.388,153.388,0.83,42.39,0.82,17.6,0.91,5.0,0.93,272.9,0.09,5.0,0.07,272.9,0.17,42.39,0.18,17.6,0.08,0.08,0.093468,1776219752000
1776219753.897,153.897,0.8,16.3,0.79,29.7,0.89,26.6,0.9,28.9,0.11,26.6,0.1,28.9,0.2,16.3,0.21,29.7,0.09,0.09,0.093468,1776219753000
1776219755.027,155.027,0.8,16.3,0.79,29.7,0.89,26.6,0.9,28.9,0.11,26.6,0.1,28.9,0.2,16.3,0.21,29.7,0.09,0.09,0.093474,1776219754000
1776219756.094,156.094,0.8,16.3,0.79,29.7,0.89,26.6,0.9,28.9,0.11,26.6,0.1,28.9,0.2,16.3,0.21,29.7,0.09,0.09,0.093475,1776219755000
1776219757.28,157.28,0.8,16.3,0.79,29.7,0.89,26.6,0.9,28.9,0.11,26.6,0.1,28.9,0.2,16.3,0.21,29.7,0.09,0.09,0.093491,1776219756000
1776219758.411,158.411,0.8,16.3,0.79,29.7,0.89,26.6,0.9,28.9,0.11,26.6,0.1,28.9,0.2,16.3,0.21,29.7,0.09,0.09,0.093492,1776219757000
1776219759.122,159.122,0.8,16.3,0.79,29.7,0.89,26.6,0.9,28.9,0.11,26.6,0.1,28.9,0.2,16.3,0.21,29.7,0.09,0.09,0.093494,1776219758000
1776219760.175,160.175,0.8,16.3,0.79,29.7,0.89,26.6,0.9,28.9,0.11,26.6,0.1,28.9,0.2,16.3,0.21,29.7,0.09,0.09,0.093502,1776219759000
1776219761.19,161.19,0.8,16.3,0.79,29.7,0.89,26.6,0.9,28.9,0.11,26.6,0.1,28.9,0.2,16.3,0.21,29.7,0.09,0.09,0.093502,1776219760000
1776219761.975,161.975,0.89,31.6,0.88,24.6,0.91,3.9,0.94,38.0,0.11,26.6,0.1,28.9,0.2,16.3,0.21,29.7,0.02,0.09,0.093502,1776219760000
1776219762.435,162.435,0.89,31.6,0.88,24.6,0.91,3.9,0.94,38.0,0.09,3.9,0.06,38.0,0.11,31.6,0.12,24.6,0.02,0.02,0.093502,1776219761000
1776219763.021,163.021,0.89,31.6,0.88,24.6,0.91,3.9,0.94,38.0,0.09,3.9,0.06,38.0,0.11,31.6,0.12,24.6,0.02,0.02,0.093501,1776219762000
1776219764.132,164.132,0.89,31.6,0.88,24.6,0.91,3.9,0.94,38.0,0.09,3.9,0.06,38.0,0.11,31.6,0.12,24.6,0.02,0.02,0.093502,1776219763000
1776219765.207,165.207,0.89,31.6,0.88,24.6,0.91,3.9,0.94,38.0,0.09,3.9,0.06,38.0,0.11,31.6,0.12,24.6,0.02,0.02,0.093503,1776219764000
1776219766.343,166.343,0.89,31.6,0.88,24.6,0.91,3.9,0.94,38.0,0.09,3.9,0.06,38.0,0.11,31.6,0.12,24.6,0.02,0.02,0.093508,1776219765000
1776219766.973,166.973,0.89,31.6,0.88,24.6,0.91,3.9,0.94,38.0,0.09,3.9,0.06,38.0,0.11,31.6,0.12,24.6,0.02,0.02,0.093507,1776219766000
1776219768.334,168.334,0.89,31.6,0.88,24.6,0.91,3.9,0.94,38.0,0.09,3.9,0.06,38.0,0.11,31.6,0.12,24.6,0.02,0.02,0.093507,1776219767000
1776219769.428,169.428,0.89,31.6,0.88,24.6,0.91,3.9,0.94,38.0,0.09,3.9,0.06,38.0,0.11,31.6,0.12,24.6,0.02,0.02,0.093506,1776219768000
1776219770.24,170.24,0.89,31.6,0.88,24.6,0.91,3.9,0.94,38.0,0.09,3.9,0.06,38.0,0.11,31.6,0.12,24.6,0.02,0.02,0.093504,1776219769000
1776219771.198,171.198,0.89,31.6,0.88,24.6,0.91,3.9,0.94,38.0,0.09,3.9,0.06,38.0,0.11,31.6,0.12,24.6,0.02,0.02,0.093494,1776219770000
1776219772.23,172.23,0.89,31.6,0.88,24.6,0.91,3.9,0.94,38.0,0.09,3.9,0.06,38.0,0.11,31.6,0.12,24.6,0.02,0.02,0.093494,1776219771000
1776219773.346,173.346,0.89,31.6,0.88,24.6,0.91,3.9,0.94,38.0,0.09,3.9,0.06,38.0,0.11,31.6,0.12,24.6,0.02,0.02,0.093496,1776219772000
1776219774.303,174.303,0.89,31.6,0.88,24.6,0.91,3.9,0.94,38.0,0.09,3.9,0.06,38.0,0.11,31.6,0.12,24.6,0.02,0.02,0.093496,1776219773000
1776219774.909,174.909,0.89,31.6,0.88,24.6,0.91,3.9,0.94,38.0,0.09,3.9,0.06,38.0,0.11,31.6,0.12,24.6,0.02,0.02,0.093494,1776219774000
1776219775.817,175.817,0.89,31.6,0.88,24.6,0.91,3.9,0.94,38.0,0.09,3.9,0.06,38.0,0.11,31.6,0.12,24.6,0.02,0.02,0.093493,1776219775000
1776219777.279,177.279,0.89,31.6,0.88,24.6,0.91,3.9,0.94,38.0,0.09,3.9,0.06,38.0,0.11,31.6,0.12,24.6,0.02,0.02,0.093493,1776219776000
1776219777.54,177.54,0.89,31.6,0.88,24.6,0.91,2.8,0.95,74.7,0.09,3.9,0.06,38.0,0.11,31.6,0.12,24.6,0.02,0.02,0.093493,1776219776000
1776219778.236,178.236,0.89,31.6,0.88,24.6,0.91,2.8,0.95,74.7,0.09,2.8,0.05,74.7,0.11,31.6,0.12,24.6,0.02,0.02,0.093493,1776219777000
1776219779.301,179.301,0.89,31.6,0.88,24.6,0.95,57.5,0.96,127.7,0.05,57.5,0.04,127.7,0.11,31.6,0.12,24.6,0.06,0.06,0.093492,1776219778000
1776219780.704,180.704,0.89,31.6,0.88,24.6,0.95,57.5,0.96,127.7,0.05,57.5,0.04,127.7,0.11,31.6,0.12,24.6,0.06,0.06,0.093492,1776219779000
1776219781.37,181.37,0.89,31.6,0.88,24.6,0.95,57.5,0.96,127.7,0.05,57.5,0.04,127.7,0.11,31.6,0.12,24.6,0.06,0.06,0.093492,1776219780000
1776219782.082,182.082,0.89,31.6,0.88,24.6,0.95,57.5,0.96,127.7,0.05,57.5,0.04,127.7,0.11,31.6,0.12,24.6,0.06,0.06,0.093496,1776219781000
1776219783.354,183.354,0.89,31.6,0.88,24.6,0.95,57.5,0.96,127.7,0.05,57.5,0.04,127.7,0.11,31.6,0.12,24.6,0.06,0.06,0.093497,1776219782000
1776219784.007,184.007,0.89,31.6,0.88,24.6,0.95,57.5,0.96,127.7,0.05,57.5,0.04,127.7,0.11,31.6,0.12,24.6,0.06,0.06,0.093497,1776219783000
1776219785.033,185.033,0.89,31.6,0.88,24.6,0.95,57.5,0.96,127.7,0.05,57.5,0.04,127.7,0.11,31.6,0.12,24.6,0.06,0.06,0.093492,1776219784000
1776219786.179,186.179,0.89,31.6,0.88,24.6,0.95,57.5,0.96,127.7,0.05,57.5,0.04,127.7,0.11,31.6,0.12,24.6,0.06,0.06,0.09349,1776219785000
1776219787.402,187.402,0.89,31.6,0.88,24.6,0.95,57.5,0.96,127.7,0.05,57.5,0.04,127.7,0.11,31.6,0.12,24.6,0.06,0.06,0.093491,1776219786000
1776219787.957,187.957,0.89,31.6,0.88,24.6,0.95,57.5,0.96,127.7,0.05,57.5,0.04,127.7,0.11,31.6,0.12,24.6,0.06,0.06,0.093498,1776219787000
1776219789.291,189.291,0.89,31.6,0.88,24.6,0.95,57.5,0.96,127.7,0.05,57.5,0.04,127.7,0.11,31.6,0.12,24.6,0.06,0.06,0.093503,1776219788000
1776219790.409,190.409,0.89,31.6,0.88,24.6,0.95,57.5,0.96,127.7,0.05,57.5,0.04,127.7,0.11,31.6,0.12,24.6,0.06,0.06,0.093506,1776219789000
1776219790.933,190.933,0.89,31.6,0.88,24.6,0.95,57.5,0.96,127.7,0.05,57.5,0.04,127.7,0.11,31.6,0.12,24.6,0.06,0.06,0.09351,1776219790000
1776219792.16,192.16,0.89,31.6,0.88,24.6,0.95,57.5,0.96,127.7,0.05,57.5,0.04,127.7,0.11,31.6,0.12,24.6,0.06,0.06,0.09351,1776219791000
1776219793.214,193.214,0.89,31.6,0.88,24.6,0.95,57.5,0.96,127.7,0.05,57.5,0.04,127.7,0.11,31.6,0.12,24.6,0.06,0.06,0.093511,1776219792000
1776219794.309,194.309,0.89,31.6,0.88,24.6,0.95,57.5,0.96,127.7,0.05,57.5,0.04,127.7,0.11,31.6,0.12,24.6,0.06,0.06,0.093511,1776219793000
1776219796.081,196.081,0.89,31.6,0.88,24.6,0.95,57.5,0.96,127.7,0.05,57.5,0.04,127.7,0.11,31.6,0.12,24.6,0.06,0.06,0.093511,1776219794000
1776219796.522,196.522,0.89,31.6,0.88,24.6,0.95,57.5,0.96,127.7,0.05,57.5,0.04,127.7,0.11,31.6,0.12,24.6,0.06,0.06,0.093511,1776219795000
1776219797.114,197.114,0.89,31.6,0.88,24.6,0.95,57.5,0.96,127.7,0.05,57.5,0.04,127.7,0.11,31.6,0.12,24.6,0.06,0.06,0.093511,1776219796000
1776219798.241,198.241,0.89,31.6,0.88,24.6,0.95,57.5,0.96,127.7,0.05,57.5,0.04,127.7,0.11,31.6,0.12,24.6,0.06,0.06,0.093508,1776219797000
1776219799.289,199.289,0.89,31.6,0.88,24.6,0.95,57.5,0.96,127.7,0.05,57.5,0.04,127.7,0.11,31.6,0.12,24.6,0.06,0.06,0.093505,1776219798000
1776219800.213,200.213,0.89,31.6,0.88,24.6,0.95,57.5,0.96,127.7,0.05,57.5,0.04,127.7,0.11,31.6,0.12,24.6,0.06,0.06,0.093505,1776219799000
1776219801.213,201.213,0.89,31.6,0.88,24.6,0.95,57.5,0.96,127.7,0.05,57.5,0.04,127.7,0.11,31.6,0.12,24.6,0.06,0.06,0.093505,1776219800000
1776219802.362,202.362,0.89,31.6,0.88,24.6,0.95,57.5,0.96,127.7,0.05,57.5,0.04,127.7,0.11,31.6,0.12,24.6,0.06,0.06,0.093503,1776219801000
1776219802.914,202.914,0.89,31.6,0.88,24.6,0.95,57.5,0.96,127.7,0.05,57.5,0.04,127.7,0.11,31.6,0.12,24.6,0.06,0.06,0.093503,1776219802000
1776219803.872,203.872,0.89,31.6,0.88,24.6,0.95,57.5,0.96,127.7,0.05,57.5,0.04,127.7,0.11,31.6,0.12,24.6,0.06,0.06,0.093495,1776219803000
1776219804.326,204.326,0.94,46.1,0.93,39.9,0.95,2.86,0.96,5.0,0.05,57.5,0.04,127.7,0.11,31.6,0.12,24.6,0.01,0.06,0.093495,1776219803000
1776219804.929,204.929,0.94,46.1,0.93,39.9,0.95,2.86,0.96,5.0,0.05,2.86,0.04,5.0,0.06,46.1,0.07,39.9,0.01,0.01,0.093495,1776219804000
1776219805.873,205.873,0.94,46.1,0.93,39.9,0.95,2.86,0.96,5.0,0.05,2.86,0.04,5.0,0.06,46.1,0.07,39.9,0.01,0.01,0.093492,1776219805000
1776219806.931,206.931,0.94,46.1,0.93,39.9,0.95,2.86,0.96,5.0,0.05,2.86,0.04,5.0,0.06,46.1,0.07,39.9,0.01,0.01,0.093492,1776219806000
1776219807.848,207.848,0.94,46.1,0.93,39.9,0.95,2.86,0.96,5.0,0.05,2.86,0.04,5.0,0.06,46.1,0.07,39.9,0.01,0.01,0.093493,1776219807000
1776219809.638,209.638,0.94,46.1,0.93,39.9,0.95,2.86,0.96,5.0,0.05,2.86,0.04,5.0,0.06,46.1,0.07,39.9,0.01,0.01,0.093495,1776219808000
1776219810.216,210.216,0.94,46.1,0.93,39.9,0.95,2.86,0.96,5.0,0.05,2.86,0.04,5.0,0.06,46.1,0.07,39.9,0.01,0.01,0.093494,1776219809000
1776219811.579,211.579,0.94,46.1,0.93,39.9,0.95,2.86,0.96,5.0,0.05,2.86,0.04,5.0,0.06,46.1,0.07,39.9,0.01,0.01,0.093495,1776219810000
1776219812.131,212.131,0.94,54.1,0.93,44.9,0.95,1.31,0.96,5.0,0.05,1.31,0.04,5.0,0.06,54.1,0.07,44.9,0.01,0.01,0.093497,1776219811000
1776219813.328,213.328,0.94,54.1,0.93,44.9,0.95,1.31,0.96,5.0,0.05,1.31,0.04,5.0,0.06,54.1,0.07,44.9,0.01,0.01,0.093516,1776219812000
1776219813.913,213.913,0.94,54.1,0.93,44.9,0.95,1.31,0.96,5.0,0.05,1.31,0.04,5.0,0.06,54.1,0.07,44.9,0.01,0.01,0.093519,1776219813000
1776219814.129,214.129,0.94,54.1,0.93,44.9,0.97,27.49,0.98,15.0,0.03,55.31,0.02,15.0,0.06,54.1,0.07,44.9,0.03,0.03,0.093519,1776219813000
1776219814.6,214.6,0.95,54.7,0.94,54.1,0.97,25.41,0.98,15.0,0.03,26.45,0.02,15.0,0.06,54.1,0.07,44.9,0.02,0.03,0.093519,1776219813000
1776219814.831,214.831,0.95,54.7,0.94,46.1,0.97,23.35,0.98,15.0,0.03,25.41,0.02,15.0,0.05,54.7,0.06,54.1,0.02,0.02,0.093519,1776219813000
1776219815.255,215.255,0.95,54.7,0.94,46.1,0.97,22.31,0.98,15.0,0.03,22.31,0.02,15.0,0.05,54.7,0.06,46.1,0.02,0.02,0.093513,1776219814000
1776219815.704,215.704,0.96,67.7,0.95,54.7,0.97,21.27,0.98,15.0,0.03,22.31,0.02,15.0,0.05,54.7,0.06,46.1,0.01,0.02,0.093513,1776219814000
1776219816.219,216.219,0.96,67.7,0.95,54.7,0.97,10.96,0.98,15.0,0.03,21.27,0.02,15.0,0.04,67.7,0.05,54.7,0.01,0.01,0.093513,1776219814000
1776219816.519,216.519,0.96,67.7,0.95,54.7,0.97,10.96,0.98,15.0,0.03,10.96,0.02,15.0,0.04,67.7,0.05,54.7,0.01,0.01,0.093513,1776219815000
1776219817.062,217.062,0.96,67.7,0.95,54.7,0.97,10.96,0.98,15.0,0.03,10.96,0.02,15.0,0.04,67.7,0.05,54.7,0.01,0.01,0.093514,1776219816000
1776219818.371,218.371,0.96,67.7,0.95,54.7,0.97,10.96,0.98,15.0,0.03,10.96,0.02,15.0,0.04,67.7,0.05,54.7,0.01,0.01,0.093514,1776219817000
1776219818.861,218.861,0.96,67.7,0.95,54.7,0.97,10.96,0.98,15.0,0.03,10.96,0.02,15.0,0.04,67.7,0.05,54.7,0.01,0.01,0.093514,1776219818000
1776219820.041,220.041,0.96,67.7,0.95,54.7,0.97,10.96,0.98,15.0,0.03,10.96,0.02,15.0,0.04,67.7,0.05,54.7,0.01,0.01,0.093514,1776219819000
1776219821.205,221.205,0.96,67.7,0.95,54.7,0.97,10.96,0.98,15.0,0.03,10.96,0.02,15.0,0.04,67.7,0.05,54.7,0.01,0.01,0.093515,1776219820000
1776219822.36,222.36,0.96,67.7,0.95,54.7,0.97,10.96,0.98,15.0,0.03,10.96,0.02,15.0,0.04,67.7,0.05,54.7,0.01,0.01,0.093516,1776219821000
1776219822.875,222.875,0.96,67.7,0.95,54.7,0.97,10.96,0.98,15.0,0.03,10.96,0.02,15.0,0.04,67.7,0.05,54.7,0.01,0.01,0.093516,1776219822000
1776219823.884,223.884,0.93,44.9,0.92,35.29,0.97,99.22,0.98,147.69,0.03,10.96,0.02,15.0,0.04,67.7,0.05,54.7,0.04,0.01,0.093516,1776219822000
1776219825.235,225.235,0.93,44.9,0.92,35.29,0.97,99.22,0.98,147.69,0.03,99.22,0.02,147.69,0.07,44.9,0.08,35.29,0.04,0.04,0.093495,1776219824000
1776219826.345,226.345,0.93,44.9,0.92,35.29,0.97,99.22,0.98,147.69,0.03,99.22,0.02,147.69,0.07,44.9,0.08,35.29,0.04,0.04,0.093491,1776219825000
1776219827.414,227.414,0.93,44.9,0.92,35.29,0.97,99.22,0.98,147.69,0.03,99.22,0.02,147.69,0.07,44.9,0.08,35.29,0.04,0.04,0.093492,1776219826000
1776219827.98,227.98,0.94,46.1,0.93,44.9,0.97,8.88,0.98,147.69,0.03,99.22,0.02,147.69,0.07,44.9,0.08,35.29,0.03,0.04,0.093492,1776219826000
1776219829.227,229.227,0.94,46.1,0.93,44.9,0.97,8.88,0.98,147.69,0.03,8.88,0.02,147.69,0.06,46.1,0.07,44.9,0.03,0.03,0.093493,1776219828000
1776219829.562,229.562,0.94,0.8,0.93,44.9,0.97,8.88,0.98,147.69,0.03,8.88,0.02,147.69,0.06,46.1,0.07,44.9,0.03,0.03,0.093493,1776219828000
1776219830.536,230.536,0.92,35.29,0.91,31.7,0.93,54.3,0.97,8.88,0.07,54.3,0.03,8.88,0.08,35.29,0.09,31.7,0.01,0.01,0.093493,1776219829000
1776219830.739,230.739,0.94,20.0,0.91,60.7,0.98,11.88,0.99,165.0,0.07,54.3,0.03,8.88,0.08,35.29,0.09,31.7,0.04,0.01,0.093493,1776219829000
1776219831.18,231.18,0.94,20.0,0.91,60.7,0.98,11.88,0.99,165.0,0.02,11.88,0.01,165.0,0.06,20.0,0.09,60.7,0.04,0.04,0.093492,1776219830000
1776219832.257,232.257,0.94,20.0,0.91,60.7,0.98,11.88,0.99,165.0,0.02,11.88,0.01,165.0,0.06,20.0,0.09,60.7,0.04,0.04,0.093521,1776219831000
1776219833.368,233.368,0.94,20.0,0.91,60.7,0.98,11.88,0.99,165.0,0.02,11.88,0.01,165.0,0.06,20.0,0.09,60.7,0.04,0.04,0.093542,1776219832000
1776219834.031,234.031,0.94,20.0,0.91,60.7,0.98,11.88,0.99,165.0,0.02,11.88,0.01,165.0,0.06,20.0,0.09,60.7,0.04,0.04,0.093542,1776219833000
1776219835.193,235.193,0.94,20.0,0.91,60.7,0.98,11.88,0.99,165.0,0.02,11.88,0.01,165.0,0.06,20.0,0.09,60.7,0.04,0.04,0.093543,1776219834000
1776219836.309,236.309,0.94,20.0,0.91,60.7,0.98,11.88,0.99,165.0,0.02,11.88,0.01,165.0,0.06,20.0,0.09,60.7,0.04,0.04,0.093543,1776219835000
1776219836.784,236.784,0.97,89.3,0.96,67.7,0.98,10.85,0.99,165.0,0.02,11.88,0.01,165.0,0.06,20.0,0.09,60.7,0.01,0.04,0.093543,1776219835000
1776219837.031,237.031,0.97,89.3,0.96,67.7,0.98,3.71,0.99,165.0,0.02,5.75,0.01,165.0,0.03,89.3,0.04,67.7,0.01,0.01,0.093543,1776219835000
1776219838.339,238.339,0.97,89.3,0.96,67.7,0.99,164.62,,,0.02,0.64,0.01,165.0,0.03,89.3,0.04,67.7,0.02,0.01,0.093542,1776219836000
1776219839.125,239.125,0.97,89.3,0.96,67.7,0.99,160.54,,,0.01,160.54,,,0.03,89.3,0.04,67.7,0.02,0.02,0.093542,1776219838000
1776219839.408,239.408,0.98,132.69,0.97,89.3,0.99,157.5,,,0.01,159.52,,,0.02,132.69,0.03,89.3,0.01,0.01,0.093542,1776219838000
1776219839.641,239.641,0.98,132.69,0.97,89.3,0.99,155.48,,,0.01,157.5,,,0.02,132.69,0.03,89.3,0.01,0.01,0.093542,1776219838000
1776219840.158,240.158,0.98,132.69,0.97,89.3,0.99,130.23,,,0.01,155.48,,,0.02,132.69,0.03,89.3,0.01,0.01,0.093542,1776219838000
1776219840.719,240.719,0.97,89.3,0.96,67.7,0.99,99.92,,,0.01,130.23,,,0.02,132.69,0.03,89.3,0.02,0.01,0.093542,1776219838000
1776219840.969,240.969,0.97,89.3,0.96,67.7,0.99,97.9,,,0.01,99.92,,,0.03,89.3,0.04,67.7,0.02,0.02,0.093544,1776219839000
1776219841.436,241.436,0.97,89.3,0.96,67.7,0.99,22.9,,,0.01,97.9,,,0.03,89.3,0.04,67.7,0.02,0.02,0.093544,1776219839000
1776219841.677,241.677,0.97,89.3,0.96,67.7,0.99,20.88,,,0.01,22.9,,,0.03,89.3,0.04,67.7,0.02,0.02,0.093544,1776219839000
1776219841.966,241.966,0.97,89.3,0.96,67.7,0.99,20.88,,,0.01,20.88,,,0.03,89.3,0.04,67.7,0.02,0.02,0.093544,1776219840000
1776219842.464,242.464,0.97,89.3,0.96,67.7,0.99,23.93,,,0.01,20.88,,,0.03,89.3,0.04,67.7,0.02,0.02,0.093544,1776219840000
1776219843.138,243.138,0.97,89.3,0.96,67.7,0.99,22.91,,,0.01,23.93,,,0.03,89.3,0.04,67.7,0.02,0.02,0.093541,1776219841000
1776219843.801,243.801,0.97,89.3,0.96,67.7,0.99,22.91,,,0.01,22.91,,,0.03,89.3,0.04,67.7,0.02,0.02,0.093539,1776219842000
1776219844.625,244.625,0.97,89.3,0.96,67.7,0.99,7.91,,,0.01,7.91,,,0.03,89.3,0.04,67.7,0.02,0.02,0.093538,1776219843000
1776219845.284,245.284,0.97,89.3,0.96,67.7,0.99,7.91,,,0.01,7.91,,,0.03,89.3,0.04,67.7,0.02,0.02,0.093538,1776219844000
1776219846.664,246.664,0.97,89.3,0.96,67.7,0.99,7.91,,,0.01,7.91,,,0.03,89.3,0.04,67.7,0.02,0.02,0.093538,1776219845000
1776219847.456,247.456,0.97,89.3,0.96,67.7,0.99,7.91,,,0.01,7.91,,,0.03,89.3,0.04,67.7,0.02,0.02,0.093538,1776219846000
1776219848.271,248.271,0.97,89.3,0.96,67.7,0.99,7.91,,,0.01,7.91,,,0.03,89.3,0.04,67.7,0.02,0.02,0.093539,1776219847000
1776219849.652,249.652,0.97,89.3,0.96,67.7,0.99,7.91,,,0.01,7.91,,,0.03,89.3,0.04,67.7,0.02,0.02,0.093537,1776219848000
1776219850.355,250.355,0.97,89.3,0.96,67.7,0.99,7.91,,,0.01,7.91,,,0.03,89.3,0.04,67.7,0.02,0.02,0.093536,1776219849000
1776219851.112,251.112,0.97,89.3,0.96,67.7,0.99,7.91,,,0.01,7.91,,,0.03,89.3,0.04,67.7,0.02,0.02,0.093529,1776219850000
1776219852.432,252.432,0.97,89.3,0.96,67.7,0.99,7.91,,,0.01,7.91,,,0.03,89.3,0.04,67.7,0.02,0.02,0.093528,1776219851000
1776219853.173,253.173,0.97,89.3,0.96,67.7,0.99,7.91,,,0.01,7.91,,,0.03,89.3,0.04,67.7,0.02,0.02,0.093528,1776219852000
1776219853.583,253.583,0.98,132.69,0.97,89.3,0.99,6.89,,,0.01,7.91,,,0.03,89.3,0.04,67.7,0.01,0.02,0.093528,1776219852000
1776219854.639,254.639,0.98,132.69,0.97,89.3,0.99,6.89,,,0.01,6.89,,,0.02,132.69,0.03,89.3,0.01,0.01,0.093528,1776219853000
1776219855.306,255.306,0.98,132.69,0.97,89.3,0.99,6.89,,,0.01,6.89,,,0.02,132.69,0.03,89.3,0.01,0.01,0.093527,1776219854000
1776219855.6,255.6,0.99,993.11,0.98,132.69,,,,,0.01,6.89,,,0.02,132.69,0.03,89.3,,0.01,0.093527,1776219854000
1776219855.932,255.932,0.99,991.57,0.98,132.69,,,,,,,,,0.01,993.11,0.02,132.69,,,0.093527,1776219854000
1776219856.134,256.134,0.99,991.57,0.98,132.69,,,,,,,,,0.01,991.57,0.02,132.69,,,0.093527,1776219855000
1776219857.714,257.714,0.99,991.57,0.98,132.69,,,,,,,,,0.01,991.57,0.02,132.69,,,0.093527,1776219856000
1776219858.496,258.496,0.99,991.57,0.98,132.69,,,,,,,,,0.01,991.57,0.02,132.69,,,0.093527,1776219857000
1776219859.162,259.162,0.99,991.57,0.98,132.69,,,,,,,,,0.01,991.57,0.02,132.69,,,0.093527,1776219858000
1776219860.324,260.324,0.99,991.57,0.98,132.69,,,,,,,,,0.01,991.57,0.02,132.69,,,0.093527,1776219859000
1776219861.348,261.348,0.99,991.57,0.98,132.69,,,,,,,,,0.01,991.57,0.02,132.69,,,0.093527,1776219860000
1776219862.371,262.371,0.99,991.57,0.98,132.69,,,,,,,,,0.01,991.57,0.02,132.69,,,0.093524,1776219861000
1776219862.936,262.936,0.99,991.57,0.98,132.69,,,,,,,,,0.01,991.57,0.02,132.69,,,0.093527,1776219862000
1776219863.957,263.957,0.99,991.57,0.98,132.69,,,,,,,,,0.01,991.57,0.02,132.69,,,0.093516,1776219863000
1776219864.902,264.902,0.99,991.57,0.98,132.69,,,,,,,,,0.01,991.57,0.02,132.69,,,0.093508,1776219864000
1776219865.957,265.957,0.99,991.57,0.98,132.69,,,,,,,,,0.01,991.57,0.02,132.69,,,0.093506,1776219865000
1776219867.112,267.112,0.99,991.57,0.98,132.69,,,,,,,,,0.01,991.57,0.02,132.69,,,0.093503,1776219866000
1776219868.11,268.11,0.99,991.57,0.98,132.69,,,,,,,,,0.01,991.57,0.02,132.69,,,0.093484,1776219867000
1776219869.072,269.072,0.99,991.57,0.98,132.69,,,,,,,,,0.01,991.57,0.02,132.69,,,0.093479,1776219868000
1776219869.988,269.988,0.99,991.57,0.98,132.69,,,,,,,,,0.01,991.57,0.02,132.69,,,0.093478,1776219869000
1776219871.033,271.033,0.99,991.57,0.98,132.69,,,,,,,,,0.01,991.57,0.02,132.69,,,0.093478,1776219870000
1776219871.999,271.999,0.99,991.57,0.98,132.69,,,,,,,,,0.01,991.57,0.02,132.69,,,0.093477,1776219871000
1776219873.587,273.587,0.99,991.57,0.98,132.69,,,,,,,,,0.01,991.57,0.02,132.69,,,0.093477,1776219872000
1776219874.24,274.24,0.99,991.57,0.98,132.69,,,,,,,,,0.01,991.57,0.02,132.69,,,0.093477,1776219873000
1776219875.271,275.271,0.99,991.57,0.98,132.69,,,,,,,,,0.01,991.57,0.02,132.69,,,0.093477,1776219874000
1776219876.231,276.231,0.99,991.57,0.98,132.69,,,,,,,,,0.01,991.57,0.02,132.69,,,0.093488,1776219875000
1776219877.215,277.215,0.99,991.57,0.98,132.69,,,,,,,,,0.01,991.57,0.02,132.69,,,0.093495,1776219876000
1776219878.794,278.794,0.99,991.57,0.98,132.69,,,,,,,,,0.01,991.57,0.02,132.69,,,0.093493,1776219877000
1776219879.304,279.304,0.99,991.57,0.98,132.69,,,,,,,,,0.01,991.57,0.02,132.69,,,0.093497,1776219878000
1776219880.463,280.463,0.99,991.57,0.98,132.69,,,,,,,,,0.01,991.57,0.02,132.69,,,0.093496,1776219879000
1776219881.012,281.012,0.99,991.57,0.98,132.69,,,,,,,,,0.01,991.57,0.02,132.69,,,0.093493,1776219880000
1776219882.293,282.293,0.99,991.57,0.98,132.69,,,,,,,,,0.01,991.57,0.02,132.69,,,0.093495,1776219881000
1776219883.368,283.368,0.99,991.57,0.98,132.69,,,,,,,,,0.01,991.57,0.02,132.69,,,0.093496,1776219882000
1776219884.489,284.489,0.99,991.57,0.98,132.69,,,,,,,,,0.01,991.57,0.02,132.69,,,0.093496,1776219883000
1776219884.992,284.992,0.99,991.57,0.98,132.69,,,,,,,,,0.01,991.57,0.02,132.69,,,0.093498,1776219884000
1776219886.166,286.166,0.99,991.57,0.98,132.69,,,,,,,,,0.01,991.57,0.02,132.69,,,0.093499,1776219885000
1776219887.352,287.352,0.99,991.57,0.98,132.69,,,,,,,,,0.01,991.57,0.02,132.69,,,0.09349,1776219886000
1776219888.287,288.287,0.99,991.57,0.98,132.69,,,,,,,,,0.01,991.57,0.02,132.69,,,0.093489,1776219887000
1776219889.341,289.341,0.99,991.57,0.98,132.69,,,,,,,,,0.01,991.57,0.02,132.69,,,0.093483,1776219888000
1776219890.298,290.298,0.91,29.0,0.88,8.6,,,,,,,,,0.09,29.0,0.12,8.6,,,0.093483,1776219889000
1776219891.319,291.319,0.91,29.0,0.88,8.6,,,,,,,,,0.09,29.0,0.12,8.6,,,0.093473,1776219890000
1776219892.359,292.359,0.91,29.0,0.88,8.6,,,,,,,,,0.09,29.0,0.12,8.6,,,0.093461,1776219891000
1776219893.316,293.316,0.91,29.0,0.88,8.6,,,,,,,,,0.09,29.0,0.12,8.6,,,0.093463,1776219892000
1776219894.253,294.253,0.91,29.0,0.88,8.6,,,,,,,,,0.09,29.0,0.12,8.6,,,0.093464,1776219893000
1776219895.229,295.229,0.91,29.0,0.88,8.6,,,,,,,,,0.09,29.0,0.12,8.6,,,0.093465,1776219894000
1776219896.303,296.303,0.91,29.0,0.88,8.6,,,,,,,,,0.09,29.0,0.12,8.6,,,0.093471,1776219895000
1776219897.242,297.242,0.91,29.0,0.88,8.6,,,,,,,,,0.09,29.0,0.12,8.6,,,0.093473,1776219896000
1776219898.116,298.116,0.91,29.0,0.88,8.6,,,,,,,,,0.09,29.0,0.12,8.6,,,0.093473,1776219897000
1776219899.147,299.147,0.91,29.0,0.88,8.6,,,,,,,,,0.09,29.0,0.12,8.6,,,0.093475,1776219898000
1776219900.114,300.114,0.99,3861.4,0.98,8.0,0.999,39.8,,,0.001,39.8,,,0.01,3861.4,0.02,8.0,0.009,0.009,0.093474,1776219899000
1776219900.416,300.416,0.999,217.21,0.99,5584.26,,,,,0.001,39.8,,,0.01,3861.4,0.02,8.0,,0.009,0.093474,1776219899000
1776219901.105,301.105,0.999,217.21,0.99,5584.26,,,,,,,,,0.001,217.21,0.01,5584.26,,,0.093476,1776219900000

# RESULT,winner=Up,slug=doge-updown-5m-1776219600,ticks=330
