timestamp,elapsed_sec,up_bid_p1,up_bid_s1,up_bid_p2,up_bid_s2,up_bid_p3,up_bid_s3,up_bid_p4,up_bid_s4,up_bid_p5,up_bid_s5,up_ask_p1,up_ask_s1,up_ask_p2,up_ask_s2,up_ask_p3,up_ask_s3,up_ask_p4,up_ask_s4,up_ask_p5,up_ask_s5,down_bid_p1,down_bid_s1,down_bid_p2,down_bid_s2,down_bid_p3,down_bid_s3,down_bid_p4,down_bid_s4,down_bid_p5,down_bid_s5,down_ask_p1,down_ask_s1,down_ask_p2,down_ask_s2,down_ask_p3,down_ask_s3,down_ask_p4,down_ask_s4,down_ask_p5,down_ask_s5,up_spread,down_spread,doge_price,doge_oracle_ts
1776167411.321,11.321,0.37,5.0,0.33,10.0,0.31,26.0,0.3,10.0,0.29,10.0,0.48,5.0,0.5,5.0,0.51,50.0,0.55,10.0,0.56,31.0,0.52,5.0,0.5,5.0,0.49,50.0,0.45,10.0,0.44,31.0,0.62,5.0,0.63,5.0,0.67,10.0,0.69,26.0,0.7,10.0,0.11,0.1,0.094336,1776167410000
1776167411.587,11.587,0.38,5.0,0.37,5.0,0.33,10.0,0.31,26.0,0.3,10.0,0.48,5.0,0.5,5.0,0.51,50.0,0.55,10.0,0.56,31.0,0.52,5.0,0.5,5.0,0.49,50.0,0.45,10.0,0.44,31.0,0.62,5.0,0.63,5.0,0.67,10.0,0.69,26.0,0.7,10.0,0.1,0.1,0.094336,1776167410000
1776167412.444,12.444,0.38,5.0,0.37,5.0,0.33,10.0,0.31,26.0,0.3,10.0,0.48,5.0,0.5,5.0,0.51,50.0,0.55,10.0,0.56,31.0,0.52,5.0,0.5,5.0,0.49,50.0,0.45,10.0,0.44,31.0,0.62,5.0,0.63,5.0,0.67,10.0,0.69,26.0,0.7,10.0,0.1,0.1,0.094336,1776167411000
1776167413.024,13.024,0.38,5.0,0.37,5.0,0.33,10.0,0.31,26.0,0.3,10.0,0.48,5.0,0.5,5.0,0.51,50.0,0.55,10.0,0.56,31.0,0.52,5.0,0.5,5.0,0.49,50.0,0.45,10.0,0.44,31.0,0.62,5.0,0.63,5.0,0.67,10.0,0.69,26.0,0.7,10.0,0.1,0.1,0.094336,1776167412000
1776167414.086,14.086,0.38,5.0,0.37,5.0,0.33,10.0,0.31,26.0,0.3,10.0,0.48,5.0,0.5,5.0,0.51,50.0,0.55,10.0,0.56,31.0,0.52,5.0,0.5,5.0,0.49,50.0,0.45,10.0,0.44,31.0,0.62,5.0,0.63,5.0,0.67,10.0,0.69,26.0,0.7,10.0,0.1,0.1,0.094335,1776167413000
1776167415.274,15.274,0.38,5.0,0.37,5.0,0.33,10.0,0.31,26.0,0.3,10.0,0.48,5.0,0.5,5.0,0.51,50.0,0.55,10.0,0.56,31.0,0.52,5.0,0.5,5.0,0.49,50.0,0.45,10.0,0.44,31.0,0.62,5.0,0.63,5.0,0.67,10.0,0.69,26.0,0.7,10.0,0.1,0.1,0.094336,1776167414000
1776167415.736,15.736,0.42,11.9,0.38,5.0,0.37,5.0,0.34,10.0,0.31,26.0,0.44,3.92,0.48,5.0,0.5,5.0,0.51,50.0,0.55,10.0,0.52,5.0,0.5,5.0,0.49,50.0,0.45,10.0,0.44,31.0,0.62,5.0,0.63,5.0,0.67,10.0,0.69,26.0,0.7,10.0,0.02,0.1,0.094336,1776167414000
1776167416.89,16.89,0.42,11.9,0.38,5.0,0.37,5.0,0.34,10.0,0.31,26.0,0.44,3.92,0.48,5.0,0.5,5.0,0.51,50.0,0.55,10.0,0.56,3.92,0.52,5.0,0.5,5.0,0.49,50.0,0.45,10.0,0.58,11.9,0.62,5.0,0.63,5.0,0.66,10.0,0.69,26.0,0.02,0.02,0.094336,1776167416000
1776167418.068,18.068,0.42,11.9,0.38,5.0,0.37,5.0,0.34,10.0,0.31,26.0,0.44,3.92,0.48,5.0,0.5,5.0,0.51,50.0,0.55,10.0,0.56,3.92,0.52,5.0,0.5,5.0,0.49,50.0,0.45,10.0,0.58,11.9,0.62,5.0,0.63,5.0,0.66,10.0,0.69,26.0,0.02,0.02,0.094337,1776167417000
1776167419.366,19.366,0.42,11.9,0.38,5.0,0.37,5.0,0.34,10.0,0.31,26.0,0.44,3.92,0.48,5.0,0.5,5.0,0.51,50.0,0.55,10.0,0.56,3.92,0.52,5.0,0.5,5.0,0.49,50.0,0.45,10.0,0.58,11.9,0.62,5.0,0.63,5.0,0.66,10.0,0.69,26.0,0.02,0.02,0.094337,1776167418000
1776167419.851,19.851,0.42,11.9,0.38,5.0,0.37,5.0,0.34,10.0,0.31,26.0,0.44,3.92,0.48,5.0,0.5,5.0,0.51,50.0,0.55,10.0,0.56,3.92,0.52,5.0,0.5,5.0,0.49,50.0,0.45,10.0,0.58,11.9,0.62,5.0,0.63,5.0,0.66,10.0,0.69,26.0,0.02,0.02,0.094346,1776167419000
1776167421.004,21.004,0.42,11.9,0.38,5.0,0.37,5.0,0.34,10.0,0.31,26.0,0.44,3.92,0.48,5.0,0.5,5.0,0.51,50.0,0.55,10.0,0.56,3.92,0.52,5.0,0.5,5.0,0.49,50.0,0.45,10.0,0.58,11.9,0.62,5.0,0.63,5.0,0.66,10.0,0.69,26.0,0.02,0.02,0.094346,1776167420000
1776167421.532,21.532,0.42,11.9,0.4,5.0,0.39,5.0,0.35,10.0,0.34,10.0,0.5,5.0,0.51,55.0,0.55,11.0,0.58,20.0,0.59,10.0,0.56,3.92,0.52,5.0,0.5,5.0,0.49,50.0,0.45,10.0,0.58,11.9,0.62,5.0,0.63,5.0,0.66,10.0,0.69,26.0,0.08,0.02,0.094346,1776167420000
1776167422.104,22.104,0.42,11.9,0.4,5.0,0.39,5.0,0.35,10.0,0.34,10.0,0.5,5.0,0.51,55.0,0.55,11.0,0.58,20.0,0.59,10.0,0.5,5.0,0.49,55.0,0.45,11.0,0.42,20.0,0.41,10.0,0.58,11.9,0.6,5.0,0.61,5.0,0.65,10.0,0.66,10.0,0.08,0.08,0.094344,1776167421000
1776167423.177,23.177,0.42,11.9,0.4,5.0,0.39,5.0,0.35,10.0,0.34,10.0,0.5,5.0,0.51,55.0,0.55,11.0,0.58,20.0,0.59,10.0,0.5,5.0,0.49,55.0,0.45,11.0,0.42,20.0,0.41,10.0,0.58,11.9,0.6,5.0,0.61,5.0,0.65,10.0,0.66,10.0,0.08,0.08,0.094345,1776167422000
1776167424.307,24.307,0.42,11.9,0.4,5.0,0.39,5.0,0.35,10.0,0.34,10.0,0.5,5.0,0.51,55.0,0.55,11.0,0.58,20.0,0.59,10.0,0.5,5.0,0.49,55.0,0.45,11.0,0.42,20.0,0.41,10.0,0.58,11.9,0.6,5.0,0.61,5.0,0.65,10.0,0.66,10.0,0.08,0.08,0.094366,1776167423000
1776167425.32,25.32,0.42,11.9,0.4,5.0,0.39,5.0,0.35,10.0,0.34,10.0,0.5,5.0,0.51,55.0,0.55,11.0,0.58,20.0,0.59,10.0,0.5,5.0,0.49,55.0,0.45,11.0,0.42,20.0,0.41,10.0,0.58,11.9,0.6,5.0,0.61,5.0,0.65,10.0,0.66,10.0,0.08,0.08,0.094366,1776167424000
1776167426.412,26.412,0.42,11.9,0.4,5.0,0.39,5.0,0.35,10.0,0.34,10.0,0.5,5.0,0.51,55.0,0.55,11.0,0.58,20.0,0.59,10.0,0.5,5.0,0.49,55.0,0.45,11.0,0.42,20.0,0.41,10.0,0.58,11.9,0.6,5.0,0.61,5.0,0.65,10.0,0.66,10.0,0.08,0.08,0.094367,1776167425000
1776167426.963,26.963,0.42,11.9,0.4,5.0,0.39,5.0,0.35,10.0,0.34,10.0,0.5,5.0,0.51,55.0,0.55,11.0,0.58,20.0,0.59,10.0,0.5,5.0,0.49,55.0,0.45,11.0,0.42,20.0,0.41,10.0,0.58,11.9,0.6,5.0,0.61,5.0,0.65,10.0,0.66,10.0,0.08,0.08,0.094367,1776167426000
1776167428.257,28.257,0.42,11.9,0.4,5.0,0.39,5.0,0.35,10.0,0.34,10.0,0.5,5.0,0.51,55.0,0.55,11.0,0.58,20.0,0.59,10.0,0.5,5.0,0.49,55.0,0.45,11.0,0.42,20.0,0.41,10.0,0.58,11.9,0.6,5.0,0.61,5.0,0.65,10.0,0.66,10.0,0.08,0.08,0.094367,1776167427000
1776167428.825,28.825,0.45,7.27,0.42,21.9,0.41,10.0,0.4,10.0,0.39,10.0,0.51,50.0,0.56,5.0,0.57,5.0,0.58,11.0,0.61,50.0,0.5,5.0,0.49,55.0,0.45,11.0,0.42,20.0,0.41,10.0,0.58,11.9,0.6,5.0,0.61,5.0,0.65,10.0,0.66,10.0,0.06,0.08,0.094367,1776167427000
1776167429.138,29.138,0.45,7.27,0.42,21.9,0.41,10.0,0.4,10.0,0.39,10.0,0.51,50.0,0.56,5.0,0.57,5.0,0.58,11.0,0.61,50.0,0.49,50.0,0.44,5.0,0.43,5.0,0.42,11.0,0.39,50.0,0.55,7.27,0.58,21.9,0.59,10.0,0.6,10.0,0.61,10.0,0.06,0.06,0.094368,1776167428000
1776167430.196,30.196,0.45,7.27,0.42,21.9,0.41,10.0,0.4,10.0,0.39,10.0,0.51,50.0,0.56,5.0,0.57,5.0,0.58,11.0,0.61,50.0,0.49,50.0,0.44,5.0,0.43,5.0,0.42,11.0,0.39,50.0,0.55,7.27,0.58,21.9,0.59,10.0,0.6,10.0,0.61,10.0,0.06,0.06,0.094368,1776167429000
1776167431.101,31.101,0.45,7.27,0.42,21.9,0.41,10.0,0.4,10.0,0.39,10.0,0.51,50.0,0.56,5.0,0.57,5.0,0.58,11.0,0.61,50.0,0.49,50.0,0.44,5.0,0.43,5.0,0.42,11.0,0.39,50.0,0.55,7.27,0.58,21.9,0.59,10.0,0.6,10.0,0.61,10.0,0.06,0.06,0.094368,1776167430000
1776167432.101,32.101,0.45,7.27,0.42,21.9,0.41,10.0,0.4,10.0,0.39,10.0,0.51,50.0,0.56,5.0,0.57,5.0,0.58,11.0,0.61,50.0,0.49,50.0,0.44,5.0,0.43,5.0,0.42,11.0,0.39,50.0,0.55,7.27,0.58,21.9,0.59,10.0,0.6,10.0,0.61,10.0,0.06,0.06,0.094371,1776167431000
1776167433.112,33.112,0.45,7.27,0.42,21.9,0.41,10.0,0.4,10.0,0.39,10.0,0.51,50.0,0.56,5.0,0.57,5.0,0.58,11.0,0.61,50.0,0.49,50.0,0.44,5.0,0.43,5.0,0.42,11.0,0.39,50.0,0.55,7.27,0.58,21.9,0.59,10.0,0.6,10.0,0.61,10.0,0.06,0.06,0.094371,1776167432000
1776167434.022,34.022,0.45,7.27,0.42,21.9,0.41,10.0,0.4,10.0,0.39,10.0,0.51,50.0,0.56,5.0,0.57,5.0,0.58,11.0,0.61,50.0,0.49,50.0,0.44,5.0,0.43,5.0,0.42,11.0,0.39,50.0,0.55,7.27,0.58,21.9,0.59,10.0,0.6,10.0,0.61,10.0,0.06,0.06,0.094371,1776167433000
1776167434.98,34.98,0.45,7.27,0.42,21.9,0.41,10.0,0.4,10.0,0.39,10.0,0.51,50.0,0.56,5.0,0.57,5.0,0.58,11.0,0.61,50.0,0.49,50.0,0.44,5.0,0.43,5.0,0.42,11.0,0.39,50.0,0.55,7.27,0.58,21.9,0.59,10.0,0.6,10.0,0.61,10.0,0.06,0.06,0.094371,1776167434000
1776167435.933,35.933,0.45,2.27,0.44,5.0,0.42,21.9,0.41,10.0,0.4,10.0,0.56,5.0,0.57,5.0,0.58,11.0,0.61,50.0,0.62,10.0,0.44,5.0,0.43,5.0,0.42,11.0,0.39,50.0,0.38,10.0,0.55,2.27,0.56,5.0,0.58,21.9,0.59,10.0,0.6,10.0,0.11,0.11,0.094372,1776167435000
1776167436.923,36.923,0.45,2.27,0.44,5.0,0.42,21.9,0.41,10.0,0.4,10.0,0.56,5.0,0.57,5.0,0.58,11.0,0.61,50.0,0.62,10.0,0.44,5.0,0.43,5.0,0.42,11.0,0.39,50.0,0.38,10.0,0.55,2.27,0.56,5.0,0.58,21.9,0.59,10.0,0.6,10.0,0.11,0.11,0.094371,1776167436000
1776167437.912,37.912,0.45,2.27,0.44,5.0,0.42,21.9,0.41,10.0,0.4,10.0,0.56,5.0,0.57,5.0,0.58,11.0,0.61,50.0,0.62,10.0,0.44,5.0,0.43,5.0,0.42,11.0,0.39,50.0,0.38,10.0,0.55,2.27,0.56,5.0,0.58,21.9,0.59,10.0,0.6,10.0,0.11,0.11,0.094371,1776167437000
1776167439.306,39.306,0.45,2.27,0.44,5.0,0.42,21.9,0.41,10.0,0.4,10.0,0.56,5.0,0.57,5.0,0.58,11.0,0.61,50.0,0.62,10.0,0.44,5.0,0.43,5.0,0.42,11.0,0.39,50.0,0.38,10.0,0.55,2.27,0.56,5.0,0.58,21.9,0.59,10.0,0.6,10.0,0.11,0.11,0.094371,1776167438000
1776167439.959,39.959,0.45,2.27,0.44,5.0,0.42,21.9,0.41,10.0,0.4,10.0,0.56,5.0,0.57,5.0,0.58,11.0,0.61,50.0,0.62,10.0,0.44,5.0,0.43,5.0,0.42,11.0,0.39,50.0,0.38,10.0,0.55,2.27,0.56,5.0,0.58,21.9,0.59,10.0,0.6,10.0,0.11,0.11,0.094371,1776167439000
1776167441.051,41.051,0.45,2.27,0.44,5.0,0.42,21.9,0.41,10.0,0.4,10.0,0.56,5.0,0.57,5.0,0.58,11.0,0.61,50.0,0.62,10.0,0.44,5.0,0.43,5.0,0.42,11.0,0.39,50.0,0.38,10.0,0.55,2.27,0.56,5.0,0.58,21.9,0.59,10.0,0.6,10.0,0.11,0.11,0.094371,1776167440000
1776167442.042,42.042,0.45,2.27,0.44,5.0,0.42,21.9,0.41,10.0,0.4,10.0,0.56,5.0,0.57,5.0,0.58,11.0,0.61,50.0,0.62,10.0,0.44,5.0,0.43,5.0,0.42,11.0,0.39,50.0,0.38,10.0,0.55,2.27,0.56,5.0,0.58,21.9,0.59,10.0,0.6,10.0,0.11,0.11,0.094371,1776167441000
1776167443.194,43.194,0.45,2.27,0.44,5.0,0.42,21.9,0.41,10.0,0.4,10.0,0.56,5.0,0.57,5.0,0.58,11.0,0.61,50.0,0.62,10.0,0.44,5.0,0.43,5.0,0.42,11.0,0.39,50.0,0.38,10.0,0.55,2.27,0.56,5.0,0.58,21.9,0.59,10.0,0.6,10.0,0.11,0.11,0.094371,1776167442000
1776167444.427,44.427,0.45,2.27,0.44,5.0,0.42,21.9,0.41,10.0,0.4,10.0,0.56,5.0,0.57,5.0,0.58,11.0,0.61,50.0,0.62,10.0,0.44,5.0,0.43,5.0,0.42,11.0,0.39,50.0,0.38,10.0,0.55,2.27,0.56,5.0,0.58,21.9,0.59,10.0,0.6,10.0,0.11,0.11,0.094371,1776167443000
1776167444.896,44.896,0.45,2.27,0.44,5.0,0.42,21.9,0.41,10.0,0.4,10.0,0.56,5.0,0.57,5.0,0.58,11.0,0.61,50.0,0.62,10.0,0.44,5.0,0.43,5.0,0.42,11.0,0.39,50.0,0.38,10.0,0.55,2.27,0.56,5.0,0.58,21.9,0.59,10.0,0.6,10.0,0.11,0.11,0.094371,1776167444000
1776167445.968,45.968,0.45,2.27,0.44,5.0,0.42,21.9,0.41,10.0,0.4,10.0,0.56,5.0,0.57,5.0,0.58,11.0,0.61,50.0,0.62,10.0,0.44,5.0,0.43,5.0,0.42,11.0,0.39,50.0,0.38,10.0,0.55,2.27,0.56,5.0,0.58,21.9,0.59,10.0,0.6,10.0,0.11,0.11,0.094371,1776167445000
1776167447.03,47.03,0.45,2.27,0.44,5.0,0.42,21.9,0.41,10.0,0.4,10.0,0.56,5.0,0.57,5.0,0.58,11.0,0.61,50.0,0.62,10.0,0.44,5.0,0.43,5.0,0.42,11.0,0.39,50.0,0.38,10.0,0.55,2.27,0.56,5.0,0.58,21.9,0.59,10.0,0.6,10.0,0.11,0.11,0.094371,1776167446000
1776167448.179,48.179,0.45,2.27,0.44,5.0,0.42,21.9,0.41,10.0,0.4,10.0,0.56,5.0,0.57,5.0,0.58,11.0,0.61,50.0,0.62,10.0,0.44,5.0,0.43,5.0,0.42,11.0,0.39,50.0,0.38,10.0,0.55,2.27,0.56,5.0,0.58,21.9,0.59,10.0,0.6,10.0,0.11,0.11,0.094371,1776167447000
1776167449.311,49.311,0.45,2.27,0.44,5.0,0.42,21.9,0.41,10.0,0.4,10.0,0.56,5.0,0.57,5.0,0.58,11.0,0.61,50.0,0.62,10.0,0.44,5.0,0.43,5.0,0.42,11.0,0.39,50.0,0.38,10.0,0.55,2.27,0.56,5.0,0.58,21.9,0.59,10.0,0.6,10.0,0.11,0.11,0.09437,1776167448000
1776167449.972,49.972,0.45,2.27,0.44,5.0,0.42,21.9,0.41,10.0,0.4,10.0,0.56,5.0,0.57,5.0,0.58,11.0,0.61,50.0,0.62,10.0,0.44,5.0,0.43,5.0,0.42,11.0,0.39,50.0,0.38,10.0,0.55,2.27,0.56,5.0,0.58,21.9,0.59,10.0,0.6,10.0,0.11,0.11,0.09437,1776167449000
1776167450.968,50.968,0.45,2.27,0.44,5.0,0.42,21.9,0.41,10.0,0.4,10.0,0.56,5.0,0.57,5.0,0.58,11.0,0.61,50.0,0.62,10.0,0.44,5.0,0.43,5.0,0.42,11.0,0.39,50.0,0.38,10.0,0.55,2.27,0.56,5.0,0.58,21.9,0.59,10.0,0.6,10.0,0.11,0.11,0.09437,1776167450000
1776167452.131,52.131,0.45,2.27,0.44,5.0,0.42,21.9,0.41,10.0,0.4,10.0,0.56,5.0,0.57,5.0,0.58,11.0,0.61,50.0,0.62,10.0,0.44,5.0,0.43,5.0,0.42,11.0,0.39,50.0,0.38,10.0,0.55,2.27,0.56,5.0,0.58,21.9,0.59,10.0,0.6,10.0,0.11,0.11,0.094371,1776167451000
1776167453.033,53.033,0.45,2.27,0.44,5.0,0.42,21.9,0.41,10.0,0.4,10.0,0.56,5.0,0.57,5.0,0.58,11.0,0.61,50.0,0.62,10.0,0.44,5.0,0.43,5.0,0.42,11.0,0.39,50.0,0.38,10.0,0.55,2.27,0.56,5.0,0.58,21.9,0.59,10.0,0.6,10.0,0.11,0.11,0.094371,1776167452000
1776167454.056,54.056,0.45,2.27,0.44,5.0,0.42,21.9,0.41,10.0,0.4,10.0,0.56,5.0,0.57,5.0,0.58,11.0,0.61,50.0,0.62,10.0,0.44,5.0,0.43,5.0,0.42,11.0,0.39,50.0,0.38,10.0,0.55,2.27,0.56,5.0,0.58,21.9,0.59,10.0,0.6,10.0,0.11,0.11,0.094371,1776167453000
1776167455.154,55.154,0.45,2.27,0.44,5.0,0.42,21.9,0.41,10.0,0.4,10.0,0.56,5.0,0.57,5.0,0.58,11.0,0.61,50.0,0.62,10.0,0.44,5.0,0.43,5.0,0.42,11.0,0.39,50.0,0.38,10.0,0.55,2.27,0.56,5.0,0.58,21.9,0.59,10.0,0.6,10.0,0.11,0.11,0.094371,1776167454000
1776167456.175,56.175,0.45,2.27,0.44,5.0,0.42,21.9,0.41,10.0,0.4,10.0,0.56,5.0,0.57,5.0,0.58,11.0,0.61,50.0,0.62,10.0,0.44,5.0,0.43,5.0,0.42,11.0,0.39,50.0,0.38,10.0,0.55,2.27,0.56,5.0,0.58,21.9,0.59,10.0,0.6,10.0,0.11,0.11,0.094371,1776167455000
1776167457.272,57.272,0.45,2.27,0.44,5.0,0.42,21.9,0.41,10.0,0.4,10.0,0.56,5.0,0.57,5.0,0.58,11.0,0.61,50.0,0.62,10.0,0.44,5.0,0.43,5.0,0.42,11.0,0.39,50.0,0.38,10.0,0.55,2.27,0.56,5.0,0.58,21.9,0.59,10.0,0.6,10.0,0.11,0.11,0.094372,1776167456000
1776167458.413,58.413,0.45,2.27,0.44,5.0,0.42,21.9,0.41,10.0,0.4,10.0,0.56,5.0,0.57,5.0,0.58,11.0,0.61,50.0,0.62,10.0,0.44,5.0,0.43,5.0,0.42,11.0,0.39,50.0,0.38,10.0,0.55,2.27,0.56,5.0,0.58,21.9,0.59,10.0,0.6,10.0,0.11,0.11,0.094372,1776167457000
1776167459.3,59.3,0.45,2.27,0.44,5.0,0.42,21.9,0.41,10.0,0.4,10.0,0.56,5.0,0.57,5.0,0.58,11.0,0.61,50.0,0.62,10.0,0.44,5.0,0.43,5.0,0.42,11.0,0.39,50.0,0.38,10.0,0.55,2.27,0.56,5.0,0.58,21.9,0.59,10.0,0.6,10.0,0.11,0.11,0.094371,1776167458000
1776167459.923,59.923,0.45,2.27,0.44,5.0,0.42,21.9,0.41,10.0,0.4,10.0,0.56,5.0,0.57,5.0,0.58,11.0,0.61,50.0,0.62,10.0,0.44,5.0,0.43,5.0,0.42,11.0,0.39,50.0,0.38,10.0,0.55,2.27,0.56,5.0,0.58,21.9,0.59,10.0,0.6,10.0,0.11,0.11,0.094371,1776167459000
1776167461.323,61.323,0.45,2.27,0.44,5.0,0.42,21.9,0.41,10.0,0.4,10.0,0.56,5.0,0.57,5.0,0.58,11.0,0.61,50.0,0.62,10.0,0.44,5.0,0.43,5.0,0.42,11.0,0.39,50.0,0.38,10.0,0.55,2.27,0.56,5.0,0.58,21.9,0.59,10.0,0.6,10.0,0.11,0.11,0.094371,1776167460000
1776167462.432,62.432,0.45,2.27,0.44,5.0,0.42,21.9,0.41,10.0,0.4,10.0,0.56,5.0,0.57,5.0,0.58,11.0,0.61,50.0,0.62,10.0,0.44,5.0,0.43,5.0,0.42,11.0,0.39,50.0,0.38,10.0,0.55,2.27,0.56,5.0,0.58,21.9,0.59,10.0,0.6,10.0,0.11,0.11,0.09437,1776167461000
1776167463.04,63.04,0.45,2.27,0.44,5.0,0.42,21.9,0.41,10.0,0.4,10.0,0.56,5.0,0.57,5.0,0.58,11.0,0.61,50.0,0.62,10.0,0.44,5.0,0.43,5.0,0.42,11.0,0.39,50.0,0.38,10.0,0.55,2.27,0.56,5.0,0.58,21.9,0.59,10.0,0.6,10.0,0.11,0.11,0.09437,1776167462000
1776167463.921,63.921,0.45,2.27,0.44,5.0,0.42,21.9,0.41,10.0,0.4,10.0,0.56,5.0,0.57,5.0,0.58,11.0,0.61,50.0,0.62,10.0,0.44,5.0,0.43,5.0,0.42,11.0,0.39,50.0,0.38,10.0,0.55,2.27,0.56,5.0,0.58,21.9,0.59,10.0,0.6,10.0,0.11,0.11,0.09437,1776167463000
1776167464.962,64.962,0.45,2.27,0.44,5.0,0.42,21.9,0.41,10.0,0.4,10.0,0.56,5.0,0.57,5.0,0.58,11.0,0.61,50.0,0.62,10.0,0.44,5.0,0.43,5.0,0.42,11.0,0.39,50.0,0.38,10.0,0.55,2.27,0.56,5.0,0.58,21.9,0.59,10.0,0.6,10.0,0.11,0.11,0.094371,1776167464000
1776167466.012,66.012,0.45,2.27,0.44,5.0,0.42,21.9,0.41,10.0,0.4,10.0,0.56,5.0,0.57,5.0,0.58,11.0,0.61,50.0,0.62,10.0,0.44,5.0,0.43,5.0,0.42,11.0,0.39,50.0,0.38,10.0,0.55,2.27,0.56,5.0,0.58,21.9,0.59,10.0,0.6,10.0,0.11,0.11,0.09437,1776167465000
1776167467.044,67.044,0.45,2.27,0.44,5.0,0.42,21.9,0.41,10.0,0.4,10.0,0.56,5.0,0.57,5.0,0.58,11.0,0.61,50.0,0.62,10.0,0.44,5.0,0.43,5.0,0.42,11.0,0.39,50.0,0.38,10.0,0.55,2.27,0.56,5.0,0.58,21.9,0.59,10.0,0.6,10.0,0.11,0.11,0.09435,1776167466000
1776167468.363,68.363,0.45,2.27,0.44,5.0,0.42,21.9,0.41,10.0,0.4,10.0,0.56,5.0,0.57,5.0,0.58,11.0,0.61,50.0,0.62,10.0,0.44,5.0,0.43,5.0,0.42,11.0,0.39,50.0,0.38,10.0,0.55,2.27,0.56,5.0,0.58,21.9,0.59,10.0,0.6,10.0,0.11,0.11,0.094353,1776167467000
1776167469.068,69.068,0.45,2.27,0.44,5.0,0.42,21.9,0.41,10.0,0.4,10.0,0.56,5.0,0.57,5.0,0.58,11.0,0.61,50.0,0.62,10.0,0.44,5.0,0.43,5.0,0.42,11.0,0.39,50.0,0.38,10.0,0.55,2.27,0.56,5.0,0.58,21.9,0.59,10.0,0.6,10.0,0.11,0.11,0.094353,1776167468000
1776167470.119,70.119,0.45,2.27,0.44,5.0,0.42,21.9,0.41,10.0,0.4,10.0,0.56,5.0,0.57,5.0,0.58,11.0,0.61,50.0,0.62,10.0,0.44,5.0,0.43,5.0,0.42,11.0,0.39,50.0,0.38,10.0,0.55,2.27,0.56,5.0,0.58,21.9,0.59,10.0,0.6,10.0,0.11,0.11,0.094353,1776167469000
1776167471.669,71.669,0.45,2.27,0.44,5.0,0.42,21.9,0.41,10.0,0.4,10.0,0.56,5.0,0.57,5.0,0.58,11.0,0.61,50.0,0.62,10.0,0.44,5.0,0.43,5.0,0.42,11.0,0.39,50.0,0.38,10.0,0.55,2.27,0.56,5.0,0.58,21.9,0.59,10.0,0.6,10.0,0.11,0.11,0.094348,1776167470000
1776167472.193,72.193,0.45,2.27,0.44,5.0,0.42,21.9,0.41,10.0,0.4,10.0,0.56,5.0,0.57,5.0,0.58,11.0,0.61,50.0,0.62,10.0,0.44,5.0,0.43,5.0,0.42,11.0,0.39,50.0,0.38,10.0,0.55,2.27,0.56,5.0,0.58,21.9,0.59,10.0,0.6,10.0,0.11,0.11,0.094349,1776167471000
1776167473.166,73.166,0.45,2.27,0.44,5.0,0.42,21.9,0.41,10.0,0.4,10.0,0.56,5.0,0.57,5.0,0.58,11.0,0.61,50.0,0.62,10.0,0.44,5.0,0.43,5.0,0.42,11.0,0.39,50.0,0.38,10.0,0.55,2.27,0.56,5.0,0.58,21.9,0.59,10.0,0.6,10.0,0.11,0.11,0.094348,1776167472000
1776167473.404,73.404,0.4,5.0,0.39,15.9,0.38,11.0,0.37,21.2,0.36,21.3,0.48,5.0,0.51,50.0,0.52,5.0,0.53,5.0,0.55,10.5,0.44,5.0,0.43,5.0,0.42,11.0,0.39,50.0,0.38,10.0,0.55,2.27,0.56,5.0,0.58,21.9,0.59,10.0,0.6,10.0,0.08,0.11,0.094348,1776167472000
1776167474.299,74.299,0.4,5.0,0.39,15.9,0.38,11.0,0.37,21.2,0.36,21.3,0.48,5.0,0.51,50.0,0.52,5.0,0.53,5.0,0.55,10.5,0.52,5.0,0.49,50.0,0.48,5.0,0.47,5.0,0.45,10.5,0.6,5.0,0.61,15.9,0.62,11.0,0.63,21.2,0.64,21.3,0.08,0.08,0.094349,1776167473000
1776167475.423,75.423,0.4,5.0,0.39,15.9,0.38,11.0,0.37,21.2,0.36,21.3,0.48,5.0,0.51,50.0,0.52,5.0,0.53,5.0,0.55,10.5,0.52,5.0,0.49,50.0,0.48,5.0,0.47,5.0,0.45,10.5,0.6,5.0,0.61,15.9,0.62,11.0,0.63,21.2,0.64,21.3,0.08,0.08,0.094349,1776167474000
1776167476.014,76.014,0.43,5.0,0.41,10.7,0.4,10.8,0.39,20.9,0.38,31.0,0.51,50.0,0.57,10.0,0.61,50.0,0.62,23.0,0.63,11.2,0.52,5.0,0.49,50.0,0.48,5.0,0.47,5.0,0.45,10.5,0.6,5.0,0.61,15.9,0.62,11.0,0.63,21.2,0.64,21.3,0.08,0.08,0.094349,1776167474000
1776167476.415,76.415,0.43,5.0,0.41,10.7,0.4,10.8,0.39,20.9,0.38,31.0,0.51,50.0,0.57,10.0,0.61,50.0,0.62,23.0,0.63,11.2,0.49,50.0,0.43,10.0,0.39,50.0,0.38,23.0,0.37,11.2,0.57,5.0,0.59,10.7,0.6,10.8,0.61,20.9,0.62,31.0,0.08,0.08,0.094351,1776167475000
1776167476.99,76.99,0.43,5.0,0.41,10.7,0.4,10.8,0.39,20.9,0.38,31.0,0.51,50.0,0.57,10.0,0.61,50.0,0.62,23.0,0.63,11.2,0.49,50.0,0.43,10.0,0.39,50.0,0.38,23.0,0.37,11.2,0.57,5.0,0.59,10.7,0.6,10.8,0.61,20.9,0.62,31.0,0.08,0.08,0.094352,1776167476000
1776167478.065,78.065,0.43,5.0,0.41,10.7,0.4,10.8,0.39,20.9,0.38,31.0,0.51,50.0,0.57,10.0,0.61,50.0,0.62,23.0,0.63,11.2,0.49,50.0,0.43,10.0,0.39,50.0,0.38,23.0,0.37,11.2,0.57,5.0,0.59,10.7,0.6,10.8,0.61,20.9,0.62,31.0,0.08,0.08,0.094367,1776167477000
1776167479.068,79.068,0.43,5.0,0.41,10.7,0.4,10.8,0.39,20.9,0.38,31.0,0.51,50.0,0.57,10.0,0.61,50.0,0.62,23.0,0.63,11.2,0.49,50.0,0.43,10.0,0.39,50.0,0.38,23.0,0.37,11.2,0.57,5.0,0.59,10.7,0.6,10.8,0.61,20.9,0.62,31.0,0.08,0.08,0.094375,1776167478000
1776167480.031,80.031,0.43,5.0,0.41,10.7,0.4,10.8,0.39,20.9,0.38,31.0,0.51,50.0,0.57,10.0,0.61,50.0,0.62,23.0,0.63,11.2,0.49,50.0,0.43,10.0,0.39,50.0,0.38,23.0,0.37,11.2,0.57,5.0,0.59,10.7,0.6,10.8,0.61,20.9,0.62,31.0,0.08,0.08,0.094377,1776167479000
1776167481.139,81.139,0.43,5.0,0.41,10.7,0.4,10.8,0.39,20.9,0.38,31.0,0.51,50.0,0.57,10.0,0.61,50.0,0.62,23.0,0.63,11.2,0.49,50.0,0.43,10.0,0.39,50.0,0.38,23.0,0.37,11.2,0.57,5.0,0.59,10.7,0.6,10.8,0.61,20.9,0.62,31.0,0.08,0.08,0.094376,1776167480000
1776167482.169,82.169,0.43,5.0,0.41,10.7,0.4,10.8,0.39,20.9,0.38,31.0,0.51,50.0,0.57,10.0,0.61,50.0,0.62,23.0,0.63,11.2,0.49,50.0,0.43,10.0,0.39,50.0,0.38,23.0,0.37,11.2,0.57,5.0,0.59,10.7,0.6,10.8,0.61,20.9,0.62,31.0,0.08,0.08,0.094376,1776167481000
1776167483.308,83.308,0.43,5.0,0.41,10.7,0.4,10.8,0.39,20.9,0.38,31.0,0.51,50.0,0.57,10.0,0.61,50.0,0.62,23.0,0.63,11.2,0.49,50.0,0.43,10.0,0.39,50.0,0.38,23.0,0.37,11.2,0.57,5.0,0.59,10.7,0.6,10.8,0.61,20.9,0.62,31.0,0.08,0.08,0.094376,1776167482000
1776167483.895,83.895,0.43,5.0,0.41,10.7,0.4,10.8,0.39,20.9,0.38,31.0,0.51,50.0,0.57,10.0,0.61,50.0,0.62,23.0,0.63,11.2,0.49,50.0,0.43,10.0,0.39,50.0,0.38,23.0,0.37,11.2,0.57,5.0,0.59,10.7,0.6,10.8,0.61,20.9,0.62,31.0,0.08,0.08,0.094376,1776167483000
1776167485.011,85.011,0.43,5.0,0.41,10.7,0.4,10.8,0.39,20.9,0.38,31.0,0.51,50.0,0.57,10.0,0.61,50.0,0.62,23.0,0.63,11.2,0.49,50.0,0.43,10.0,0.39,50.0,0.38,23.0,0.37,11.2,0.57,5.0,0.59,10.7,0.6,10.8,0.61,20.9,0.62,31.0,0.08,0.08,0.094376,1776167484000
1776167486.235,86.235,0.43,5.0,0.41,10.7,0.4,10.8,0.39,20.9,0.38,31.0,0.51,50.0,0.57,10.0,0.61,50.0,0.62,23.0,0.63,11.2,0.49,50.0,0.43,10.0,0.39,50.0,0.38,23.0,0.37,11.2,0.57,5.0,0.59,10.7,0.6,10.8,0.61,20.9,0.62,31.0,0.08,0.08,0.094376,1776167485000
1776167487.31,87.31,0.43,5.0,0.41,10.7,0.4,10.8,0.39,20.9,0.38,31.0,0.51,50.0,0.57,10.0,0.61,50.0,0.62,23.0,0.63,11.2,0.49,50.0,0.43,10.0,0.39,50.0,0.38,23.0,0.37,11.2,0.57,5.0,0.59,10.7,0.6,10.8,0.61,20.9,0.62,31.0,0.08,0.08,0.094376,1776167486000
1776167488.541,88.541,0.43,5.0,0.41,10.7,0.4,10.8,0.39,20.9,0.38,31.0,0.51,50.0,0.57,10.0,0.61,50.0,0.62,23.0,0.63,11.2,0.49,50.0,0.43,10.0,0.39,50.0,0.38,23.0,0.37,11.2,0.57,5.0,0.59,10.7,0.6,10.8,0.61,20.9,0.62,31.0,0.08,0.08,0.094375,1776167487000
1776167489.025,89.025,0.43,5.0,0.41,10.7,0.4,10.8,0.39,20.9,0.38,31.0,0.51,50.0,0.57,10.0,0.61,50.0,0.62,23.0,0.63,11.2,0.49,50.0,0.43,10.0,0.39,50.0,0.38,23.0,0.37,11.2,0.57,5.0,0.59,10.7,0.6,10.8,0.61,20.9,0.62,31.0,0.08,0.08,0.094375,1776167488000
1776167490.048,90.048,0.43,5.0,0.41,10.7,0.4,10.8,0.39,20.9,0.38,31.0,0.51,50.0,0.57,10.0,0.61,50.0,0.62,23.0,0.63,11.2,0.49,50.0,0.43,10.0,0.39,50.0,0.38,23.0,0.37,11.2,0.57,5.0,0.59,10.7,0.6,10.8,0.61,20.9,0.62,31.0,0.08,0.08,0.094375,1776167489000
1776167491.102,91.102,0.43,5.0,0.41,10.7,0.4,10.8,0.39,20.9,0.38,31.0,0.51,50.0,0.57,10.0,0.61,50.0,0.62,23.0,0.63,11.2,0.49,50.0,0.43,10.0,0.39,50.0,0.38,23.0,0.37,11.2,0.57,5.0,0.59,10.7,0.6,10.8,0.61,20.9,0.62,31.0,0.08,0.08,0.094368,1776167490000
1776167492.396,92.396,0.43,5.0,0.41,10.7,0.4,10.8,0.39,20.9,0.38,31.0,0.51,50.0,0.57,10.0,0.61,50.0,0.62,23.0,0.63,11.2,0.49,50.0,0.43,10.0,0.39,50.0,0.38,23.0,0.37,11.2,0.57,5.0,0.59,10.7,0.6,10.8,0.61,20.9,0.62,31.0,0.08,0.08,0.094368,1776167491000
1776167492.956,92.956,0.43,5.0,0.41,10.7,0.4,10.8,0.39,20.9,0.38,31.0,0.51,50.0,0.57,10.0,0.61,50.0,0.62,23.0,0.63,11.2,0.49,50.0,0.43,10.0,0.39,50.0,0.38,23.0,0.37,11.2,0.57,5.0,0.59,10.7,0.6,10.8,0.61,20.9,0.62,31.0,0.08,0.08,0.094368,1776167492000
1776167494.046,94.046,0.43,5.0,0.41,10.7,0.4,10.8,0.39,20.9,0.38,31.0,0.51,50.0,0.57,10.0,0.61,50.0,0.62,23.0,0.63,11.2,0.49,50.0,0.43,10.0,0.39,50.0,0.38,23.0,0.37,11.2,0.57,5.0,0.59,10.7,0.6,10.8,0.61,20.9,0.62,31.0,0.08,0.08,0.094368,1776167493000
1776167495.567,95.567,0.43,5.0,0.41,10.7,0.4,10.8,0.39,20.9,0.38,31.0,0.51,50.0,0.57,10.0,0.61,50.0,0.62,23.0,0.63,11.2,0.49,50.0,0.43,10.0,0.39,50.0,0.38,23.0,0.37,11.2,0.57,5.0,0.59,10.7,0.6,10.8,0.61,20.9,0.62,31.0,0.08,0.08,0.094369,1776167494000
1776167496.022,96.022,0.43,5.0,0.41,10.7,0.4,10.8,0.39,20.9,0.38,31.0,0.51,50.0,0.57,10.0,0.61,50.0,0.62,23.0,0.63,11.2,0.49,50.0,0.43,10.0,0.39,50.0,0.38,23.0,0.37,11.2,0.57,5.0,0.59,10.7,0.6,10.8,0.61,20.9,0.62,31.0,0.08,0.08,0.094369,1776167495000
1776167497.012,97.012,0.43,5.0,0.41,10.7,0.4,10.8,0.39,20.9,0.38,31.0,0.51,50.0,0.57,10.0,0.61,50.0,0.62,23.0,0.63,11.2,0.49,50.0,0.43,10.0,0.39,50.0,0.38,23.0,0.37,11.2,0.57,5.0,0.59,10.7,0.6,10.8,0.61,20.9,0.62,31.0,0.08,0.08,0.094369,1776167496000
1776167497.987,97.987,0.43,5.0,0.41,10.7,0.4,10.8,0.39,20.9,0.38,31.0,0.51,50.0,0.57,10.0,0.61,50.0,0.62,23.0,0.63,11.2,0.49,50.0,0.43,10.0,0.39,50.0,0.38,23.0,0.37,11.2,0.57,5.0,0.59,10.7,0.6,10.8,0.61,20.9,0.62,31.0,0.08,0.08,0.094371,1776167497000
1776167498.949,98.949,0.43,5.0,0.41,10.7,0.4,10.8,0.39,20.9,0.38,31.0,0.51,50.0,0.57,10.0,0.61,50.0,0.62,23.0,0.63,11.2,0.49,50.0,0.43,10.0,0.39,50.0,0.38,23.0,0.37,11.2,0.57,5.0,0.59,10.7,0.6,10.8,0.61,20.9,0.62,31.0,0.08,0.08,0.09437,1776167498000
1776167500.097,100.097,0.43,5.0,0.41,10.7,0.4,10.8,0.39,20.9,0.38,31.0,0.51,50.0,0.57,10.0,0.61,50.0,0.62,23.0,0.63,11.2,0.49,50.0,0.43,10.0,0.39,50.0,0.38,23.0,0.37,11.2,0.57,5.0,0.59,10.7,0.6,10.8,0.61,20.9,0.62,31.0,0.08,0.08,0.09437,1776167499000
1776167500.976,100.976,0.43,5.0,0.41,10.7,0.4,10.8,0.39,20.9,0.38,31.0,0.51,50.0,0.57,10.0,0.61,50.0,0.62,23.0,0.63,11.2,0.49,50.0,0.43,10.0,0.39,50.0,0.38,23.0,0.37,11.2,0.57,5.0,0.59,10.7,0.6,10.8,0.61,20.9,0.62,31.0,0.08,0.08,0.09437,1776167500000
1776167501.954,101.954,0.43,5.0,0.41,10.7,0.4,10.8,0.39,20.9,0.38,31.0,0.51,50.0,0.57,10.0,0.61,50.0,0.62,23.0,0.63,11.2,0.49,50.0,0.43,10.0,0.39,50.0,0.38,23.0,0.37,11.2,0.57,5.0,0.59,10.7,0.6,10.8,0.61,20.9,0.62,31.0,0.08,0.08,0.09437,1776167501000
1776167503.004,103.004,0.43,5.0,0.41,10.7,0.4,10.8,0.39,20.9,0.38,31.0,0.51,50.0,0.57,10.0,0.61,50.0,0.62,23.0,0.63,11.2,0.49,50.0,0.43,10.0,0.39,50.0,0.38,23.0,0.37,11.2,0.57,5.0,0.59,10.7,0.6,10.8,0.61,20.9,0.62,31.0,0.08,0.08,0.09437,1776167502000
1776167503.909,103.909,0.43,5.0,0.41,10.7,0.4,10.8,0.39,20.9,0.38,31.0,0.51,50.0,0.57,10.0,0.61,50.0,0.62,23.0,0.63,11.2,0.49,50.0,0.43,10.0,0.39,50.0,0.38,23.0,0.37,11.2,0.57,5.0,0.59,10.7,0.6,10.8,0.61,20.9,0.62,31.0,0.08,0.08,0.094369,1776167503000
1776167504.806,104.806,0.43,5.0,0.41,10.7,0.4,10.8,0.39,20.9,0.38,31.0,0.51,50.0,0.57,10.0,0.61,50.0,0.62,23.0,0.63,11.2,0.49,50.0,0.43,10.0,0.39,50.0,0.38,23.0,0.37,11.2,0.57,5.0,0.59,10.7,0.6,10.8,0.61,20.9,0.62,31.0,0.08,0.08,0.094366,1776167504000
1776167505.837,105.837,0.43,5.0,0.41,10.7,0.4,10.8,0.39,20.9,0.38,31.0,0.51,50.0,0.57,10.0,0.61,50.0,0.62,23.0,0.63,11.2,0.49,50.0,0.43,10.0,0.39,50.0,0.38,23.0,0.37,11.2,0.57,5.0,0.59,10.7,0.6,10.8,0.61,20.9,0.62,31.0,0.08,0.08,0.094358,1776167505000
1776167506.871,106.871,0.43,5.0,0.41,10.7,0.4,10.8,0.39,20.9,0.38,31.0,0.51,50.0,0.57,10.0,0.61,50.0,0.62,23.0,0.63,11.2,0.49,50.0,0.43,10.0,0.39,50.0,0.38,23.0,0.37,11.2,0.57,5.0,0.59,10.7,0.6,10.8,0.61,20.9,0.62,31.0,0.08,0.08,0.094357,1776167506000
1776167508.202,108.202,0.43,5.0,0.41,10.7,0.4,10.8,0.39,20.9,0.38,31.0,0.51,50.0,0.57,10.0,0.61,50.0,0.62,23.0,0.63,11.2,0.49,50.0,0.43,10.0,0.39,50.0,0.38,23.0,0.37,11.2,0.57,5.0,0.59,10.7,0.6,10.8,0.61,20.9,0.62,31.0,0.08,0.08,0.094357,1776167507000
1776167509.265,109.265,0.43,5.0,0.41,10.7,0.4,10.8,0.39,20.9,0.38,31.0,0.51,50.0,0.57,10.0,0.61,50.0,0.62,23.0,0.63,11.2,0.49,50.0,0.43,10.0,0.39,50.0,0.38,23.0,0.37,11.2,0.57,5.0,0.59,10.7,0.6,10.8,0.61,20.9,0.62,31.0,0.08,0.08,0.094357,1776167508000
1776167510.313,110.313,0.43,5.0,0.41,10.7,0.4,10.8,0.39,20.9,0.38,31.0,0.51,50.0,0.57,10.0,0.61,50.0,0.62,23.0,0.63,11.2,0.49,50.0,0.43,10.0,0.39,50.0,0.38,23.0,0.37,11.2,0.57,5.0,0.59,10.7,0.6,10.8,0.61,20.9,0.62,31.0,0.08,0.08,0.094357,1776167509000
1776167511.529,111.529,0.43,5.0,0.41,10.7,0.4,10.8,0.39,20.9,0.38,31.0,0.51,50.0,0.57,10.0,0.61,50.0,0.62,23.0,0.63,11.2,0.49,50.0,0.43,10.0,0.39,50.0,0.38,23.0,0.37,11.2,0.57,5.0,0.59,10.7,0.6,10.8,0.61,20.9,0.62,31.0,0.08,0.08,0.094357,1776167510000
1776167512.071,112.071,0.43,5.0,0.41,10.7,0.4,10.8,0.39,20.9,0.38,31.0,0.51,50.0,0.57,10.0,0.61,50.0,0.62,23.0,0.63,11.2,0.49,50.0,0.43,10.0,0.39,50.0,0.38,23.0,0.37,11.2,0.57,5.0,0.59,10.7,0.6,10.8,0.61,20.9,0.62,31.0,0.08,0.08,0.094357,1776167511000
1776167513.305,113.305,0.43,5.0,0.41,10.7,0.4,10.8,0.39,20.9,0.38,31.0,0.51,50.0,0.57,10.0,0.61,50.0,0.62,23.0,0.63,11.2,0.49,50.0,0.43,10.0,0.39,50.0,0.38,23.0,0.37,11.2,0.57,5.0,0.59,10.7,0.6,10.8,0.61,20.9,0.62,31.0,0.08,0.08,0.094357,1776167512000
1776167514.404,114.404,0.43,5.0,0.41,10.7,0.4,10.8,0.39,20.9,0.38,31.0,0.51,50.0,0.57,10.0,0.61,50.0,0.62,23.0,0.63,11.2,0.49,50.0,0.43,10.0,0.39,50.0,0.38,23.0,0.37,11.2,0.57,5.0,0.59,10.7,0.6,10.8,0.61,20.9,0.62,31.0,0.08,0.08,0.094357,1776167513000
1776167514.914,114.914,0.43,5.0,0.41,10.7,0.4,10.8,0.39,20.9,0.38,31.0,0.51,50.0,0.57,10.0,0.61,50.0,0.62,23.0,0.63,11.2,0.49,50.0,0.43,10.0,0.39,50.0,0.38,23.0,0.37,11.2,0.57,5.0,0.59,10.7,0.6,10.8,0.61,20.9,0.62,31.0,0.08,0.08,0.094357,1776167514000
1776167515.997,115.997,0.43,5.0,0.41,10.7,0.4,10.8,0.39,20.9,0.38,31.0,0.51,50.0,0.57,10.0,0.61,50.0,0.62,23.0,0.63,11.2,0.49,50.0,0.43,10.0,0.39,50.0,0.38,23.0,0.37,11.2,0.57,5.0,0.59,10.7,0.6,10.8,0.61,20.9,0.62,31.0,0.08,0.08,0.094357,1776167515000
1776167517.011,117.011,0.43,5.0,0.41,10.7,0.4,10.8,0.39,20.9,0.38,31.0,0.51,50.0,0.57,10.0,0.61,50.0,0.62,23.0,0.63,11.2,0.49,50.0,0.43,10.0,0.39,50.0,0.38,23.0,0.37,11.2,0.57,5.0,0.59,10.7,0.6,10.8,0.61,20.9,0.62,31.0,0.08,0.08,0.094357,1776167516000
1776167518.121,118.121,0.43,5.0,0.41,10.7,0.4,10.8,0.39,20.9,0.38,31.0,0.51,50.0,0.57,10.0,0.61,50.0,0.62,23.0,0.63,11.2,0.49,50.0,0.43,10.0,0.39,50.0,0.38,23.0,0.37,11.2,0.57,5.0,0.59,10.7,0.6,10.8,0.61,20.9,0.62,31.0,0.08,0.08,0.094356,1776167517000
1776167519.261,119.261,0.43,5.0,0.41,10.7,0.4,10.8,0.39,20.9,0.38,31.0,0.51,50.0,0.57,10.0,0.61,50.0,0.62,23.0,0.63,11.2,0.49,50.0,0.43,10.0,0.39,50.0,0.38,23.0,0.37,11.2,0.57,5.0,0.59,10.7,0.6,10.8,0.61,20.9,0.62,31.0,0.08,0.08,0.094356,1776167518000
1776167520.364,120.364,0.43,5.0,0.41,10.7,0.4,10.8,0.39,20.9,0.38,31.0,0.51,50.0,0.57,10.0,0.61,50.0,0.62,23.0,0.63,11.2,0.49,50.0,0.43,10.0,0.39,50.0,0.38,23.0,0.37,11.2,0.57,5.0,0.59,10.7,0.6,10.8,0.61,20.9,0.62,31.0,0.08,0.08,0.094357,1776167519000
1776167521.372,121.372,0.43,5.0,0.41,10.7,0.4,10.8,0.39,20.9,0.38,31.0,0.51,50.0,0.57,10.0,0.61,50.0,0.62,23.0,0.63,11.2,0.49,50.0,0.43,10.0,0.39,50.0,0.38,23.0,0.37,11.2,0.57,5.0,0.59,10.7,0.6,10.8,0.61,20.9,0.62,31.0,0.08,0.08,0.094358,1776167520000
1776167522.37,122.37,0.43,5.0,0.41,10.7,0.4,10.8,0.39,20.9,0.38,31.0,0.51,50.0,0.57,10.0,0.61,50.0,0.62,23.0,0.63,11.2,0.49,50.0,0.43,10.0,0.39,50.0,0.38,23.0,0.37,11.2,0.57,5.0,0.59,10.7,0.6,10.8,0.61,20.9,0.62,31.0,0.08,0.08,0.094356,1776167521000
1776167522.879,122.879,0.43,5.0,0.41,10.7,0.4,10.8,0.39,20.9,0.38,31.0,0.51,50.0,0.57,10.0,0.61,50.0,0.62,23.0,0.63,11.2,0.49,50.0,0.43,10.0,0.39,50.0,0.38,23.0,0.37,11.2,0.57,5.0,0.59,10.7,0.6,10.8,0.61,20.9,0.62,31.0,0.08,0.08,0.094356,1776167522000
1776167523.873,123.873,0.43,5.0,0.41,10.7,0.4,10.8,0.39,20.9,0.38,31.0,0.51,50.0,0.57,10.0,0.61,50.0,0.62,23.0,0.63,11.2,0.49,50.0,0.43,10.0,0.39,50.0,0.38,23.0,0.37,11.2,0.57,5.0,0.59,10.7,0.6,10.8,0.61,20.9,0.62,31.0,0.08,0.08,0.094356,1776167523000
1776167525.098,125.098,0.43,5.0,0.41,10.7,0.4,10.8,0.39,20.9,0.38,31.0,0.51,50.0,0.57,10.0,0.61,50.0,0.62,23.0,0.63,11.2,0.49,50.0,0.43,10.0,0.39,50.0,0.38,23.0,0.37,11.2,0.57,5.0,0.59,10.7,0.6,10.8,0.61,20.9,0.62,31.0,0.08,0.08,0.094356,1776167524000
1776167526.103,126.103,0.43,5.0,0.41,10.7,0.4,10.8,0.39,20.9,0.38,31.0,0.51,50.0,0.57,10.0,0.61,50.0,0.62,23.0,0.63,11.2,0.49,50.0,0.43,10.0,0.39,50.0,0.38,23.0,0.37,11.2,0.57,5.0,0.59,10.7,0.6,10.8,0.61,20.9,0.62,31.0,0.08,0.08,0.094356,1776167525000
1776167527.198,127.198,0.4,2.5,0.39,10.9,0.38,11.0,0.37,11.2,0.36,11.3,0.51,50.0,0.55,15.5,0.56,15.6,0.57,10.6,0.58,10.7,0.49,50.0,0.45,15.5,0.44,15.6,0.43,10.6,0.42,10.7,0.6,2.5,0.61,10.9,0.62,11.0,0.63,11.2,0.64,11.3,0.11,0.11,0.094356,1776167526000
1776167528.258,128.258,0.4,2.5,0.39,10.9,0.38,11.0,0.37,11.2,0.36,11.3,0.51,50.0,0.55,15.5,0.56,15.6,0.57,10.6,0.58,10.7,0.49,50.0,0.45,15.5,0.44,15.6,0.43,10.6,0.42,10.7,0.6,2.5,0.61,10.9,0.62,11.0,0.63,11.2,0.64,11.3,0.11,0.11,0.094356,1776167527000
1776167529.342,129.342,0.4,2.5,0.39,10.9,0.38,11.0,0.37,11.2,0.36,11.3,0.51,50.0,0.55,15.5,0.56,15.6,0.57,10.6,0.58,10.7,0.49,50.0,0.45,15.5,0.44,15.6,0.43,10.6,0.42,10.7,0.6,2.5,0.61,10.9,0.62,11.0,0.63,11.2,0.64,11.3,0.11,0.11,0.09435,1776167528000
1776167530.291,130.291,0.4,2.5,0.39,10.9,0.38,11.0,0.37,11.2,0.36,11.3,0.51,50.0,0.55,15.5,0.56,15.6,0.57,10.6,0.58,10.7,0.49,50.0,0.45,15.5,0.44,15.6,0.43,10.6,0.42,10.7,0.6,2.5,0.61,10.9,0.62,11.0,0.63,11.2,0.64,11.3,0.11,0.11,0.094349,1776167529000
1776167531.346,131.346,0.4,2.5,0.39,10.9,0.38,11.0,0.37,11.2,0.36,11.3,0.51,50.0,0.55,15.5,0.56,15.6,0.57,10.6,0.58,10.7,0.49,50.0,0.45,15.5,0.44,15.6,0.43,10.6,0.42,10.7,0.6,2.5,0.61,10.9,0.62,11.0,0.63,11.2,0.64,11.3,0.11,0.11,0.094348,1776167530000
1776167531.849,131.849,0.4,2.5,0.39,10.9,0.38,11.0,0.37,11.2,0.36,11.3,0.51,50.0,0.55,15.5,0.56,15.6,0.57,10.6,0.58,10.7,0.49,50.0,0.45,15.5,0.44,15.6,0.43,10.6,0.42,10.7,0.6,2.5,0.61,10.9,0.62,11.0,0.63,11.2,0.64,11.3,0.11,0.11,0.094351,1776167531000
1776167532.533,132.533,0.36,11.3,0.35,11.4,0.34,11.6,0.33,11.8,0.32,11.9,0.41,45.0,0.51,50.0,0.52,10.4,0.53,15.4,0.54,15.5,0.49,50.0,0.45,15.5,0.44,15.6,0.43,10.6,0.42,10.7,0.6,2.5,0.61,10.9,0.62,11.0,0.63,11.2,0.64,11.3,0.05,0.11,0.094351,1776167531000
1776167532.794,132.794,0.36,11.3,0.35,11.4,0.34,11.6,0.33,11.8,0.32,11.9,0.41,45.0,0.51,50.0,0.52,10.4,0.53,15.4,0.54,15.5,0.59,45.0,0.49,50.0,0.48,10.4,0.47,15.4,0.46,15.5,0.64,11.3,0.65,11.4,0.66,11.6,0.67,11.8,0.68,11.9,0.05,0.05,0.094352,1776167532000
1776167533.915,133.915,0.36,11.3,0.35,11.4,0.34,11.6,0.33,11.8,0.32,11.9,0.41,45.0,0.51,50.0,0.52,10.4,0.53,15.4,0.54,15.5,0.59,45.0,0.49,50.0,0.48,10.4,0.47,15.4,0.46,15.5,0.64,11.3,0.65,11.4,0.66,11.6,0.67,11.8,0.68,11.9,0.05,0.05,0.09435,1776167533000
1776167534.884,134.884,0.36,11.3,0.35,11.4,0.34,11.6,0.33,11.8,0.32,11.9,0.41,45.0,0.51,50.0,0.52,10.4,0.53,15.4,0.54,15.5,0.59,45.0,0.49,50.0,0.48,10.4,0.47,15.4,0.46,15.5,0.64,11.3,0.65,11.4,0.66,11.6,0.67,11.8,0.68,11.9,0.05,0.05,0.09435,1776167534000
1776167537.092,137.092,0.36,11.3,0.35,11.4,0.34,11.6,0.33,11.8,0.32,11.9,0.41,45.0,0.51,50.0,0.52,10.4,0.53,15.4,0.54,15.5,0.59,45.0,0.49,50.0,0.48,10.4,0.47,15.4,0.46,15.5,0.64,11.3,0.65,11.4,0.66,11.6,0.67,11.8,0.68,11.9,0.05,0.05,0.094369,1776167535000
1776167537.841,137.841,0.36,11.3,0.35,11.4,0.34,11.6,0.33,11.8,0.32,11.9,0.41,45.0,0.51,50.0,0.52,10.4,0.53,15.4,0.54,15.5,0.59,45.0,0.49,50.0,0.48,10.4,0.47,15.4,0.46,15.5,0.64,11.3,0.65,11.4,0.66,11.6,0.67,11.8,0.68,11.9,0.05,0.05,0.094384,1776167536000
1776167538.659,138.659,0.36,11.3,0.35,11.4,0.34,11.6,0.33,11.8,0.32,11.9,0.41,45.0,0.51,50.0,0.52,10.4,0.53,15.4,0.54,15.5,0.59,45.0,0.49,50.0,0.48,10.4,0.47,15.4,0.46,15.5,0.64,11.3,0.65,11.4,0.66,11.6,0.67,11.8,0.68,11.9,0.05,0.05,0.094385,1776167537000
1776167539.167,139.167,0.36,11.3,0.35,11.4,0.34,11.6,0.33,11.8,0.32,11.9,0.41,45.0,0.51,50.0,0.52,10.4,0.53,15.4,0.54,15.5,0.59,45.0,0.49,50.0,0.48,10.4,0.47,15.4,0.46,15.5,0.64,11.3,0.65,11.4,0.66,11.6,0.67,11.8,0.68,11.9,0.05,0.05,0.094387,1776167538000
1776167540.957,140.957,0.36,11.3,0.35,11.4,0.34,11.6,0.33,11.8,0.32,11.9,0.41,45.0,0.51,50.0,0.52,10.4,0.53,15.4,0.54,15.5,0.59,45.0,0.49,50.0,0.48,10.4,0.47,15.4,0.46,15.5,0.64,11.3,0.65,11.4,0.66,11.6,0.67,11.8,0.68,11.9,0.05,0.05,0.094386,1776167539000
1776167541.413,141.413,0.36,11.3,0.35,11.4,0.34,11.6,0.33,11.8,0.32,11.9,0.41,45.0,0.51,50.0,0.52,10.4,0.53,15.4,0.54,15.5,0.59,45.0,0.49,50.0,0.48,10.4,0.47,15.4,0.46,15.5,0.64,11.3,0.65,11.4,0.66,11.6,0.67,11.8,0.68,11.9,0.05,0.05,0.094391,1776167540000
1776167542.1,142.1,0.36,11.3,0.35,11.4,0.34,11.6,0.33,11.8,0.32,11.9,0.41,45.0,0.51,50.0,0.52,10.4,0.53,15.4,0.54,15.5,0.59,45.0,0.49,50.0,0.48,10.4,0.47,15.4,0.46,15.5,0.64,11.3,0.65,11.4,0.66,11.6,0.67,11.8,0.68,11.9,0.05,0.05,0.094404,1776167541000
1776167543.584,143.584,0.36,11.3,0.35,11.4,0.34,11.6,0.33,11.8,0.32,11.9,0.41,45.0,0.51,50.0,0.52,10.4,0.53,15.4,0.54,15.5,0.59,45.0,0.49,50.0,0.48,10.4,0.47,15.4,0.46,15.5,0.64,11.3,0.65,11.4,0.66,11.6,0.67,11.8,0.68,11.9,0.05,0.05,0.094405,1776167542000
1776167544.403,144.403,0.36,11.3,0.35,11.4,0.34,11.6,0.33,11.8,0.32,11.9,0.41,45.0,0.51,50.0,0.52,10.4,0.53,15.4,0.54,15.5,0.59,45.0,0.49,50.0,0.48,10.4,0.47,15.4,0.46,15.5,0.64,11.3,0.65,11.4,0.66,11.6,0.67,11.8,0.68,11.9,0.05,0.05,0.094406,1776167543000
1776167545.705,145.705,0.36,11.3,0.35,11.4,0.34,11.6,0.33,11.8,0.32,11.9,0.41,45.0,0.51,50.0,0.52,10.4,0.53,15.4,0.54,15.5,0.59,45.0,0.49,50.0,0.48,10.4,0.47,15.4,0.46,15.5,0.64,11.3,0.65,11.4,0.66,11.6,0.67,11.8,0.68,11.9,0.05,0.05,0.094408,1776167544000
1776167546.268,146.268,0.36,11.3,0.35,11.4,0.34,11.6,0.33,11.8,0.32,11.9,0.41,45.0,0.51,50.0,0.52,10.4,0.53,15.4,0.54,15.5,0.59,45.0,0.49,50.0,0.48,10.4,0.47,15.4,0.46,15.5,0.64,11.3,0.65,11.4,0.66,11.6,0.67,11.8,0.68,11.9,0.05,0.05,0.094408,1776167545000
1776167547.625,147.625,0.36,11.3,0.35,11.4,0.34,11.6,0.33,11.8,0.32,11.9,0.41,45.0,0.51,50.0,0.52,10.4,0.53,15.4,0.54,15.5,0.59,45.0,0.49,50.0,0.48,10.4,0.47,15.4,0.46,15.5,0.64,11.3,0.65,11.4,0.66,11.6,0.67,11.8,0.68,11.9,0.05,0.05,0.094407,1776167546000
1776167548.302,148.302,0.36,11.3,0.35,11.4,0.34,11.6,0.33,11.8,0.32,11.9,0.41,45.0,0.51,50.0,0.52,10.4,0.53,15.4,0.54,15.5,0.59,45.0,0.49,50.0,0.48,10.4,0.47,15.4,0.46,15.5,0.64,11.3,0.65,11.4,0.66,11.6,0.67,11.8,0.68,11.9,0.05,0.05,0.094406,1776167547000
1776167549.661,149.661,0.36,11.3,0.35,11.4,0.34,11.6,0.33,11.8,0.32,11.9,0.41,45.0,0.51,50.0,0.52,10.4,0.53,15.4,0.54,15.5,0.59,45.0,0.49,50.0,0.48,10.4,0.47,15.4,0.46,15.5,0.64,11.3,0.65,11.4,0.66,11.6,0.67,11.8,0.68,11.9,0.05,0.05,0.0944,1776167548000
1776167550.331,150.331,0.36,11.3,0.35,11.4,0.34,11.6,0.33,11.8,0.32,11.9,0.41,45.0,0.51,50.0,0.52,10.4,0.53,15.4,0.54,15.5,0.59,45.0,0.49,50.0,0.48,10.4,0.47,15.4,0.46,15.5,0.64,11.3,0.65,11.4,0.66,11.6,0.67,11.8,0.68,11.9,0.05,0.05,0.0944,1776167549000
1776167551.667,151.667,0.36,11.3,0.35,11.4,0.34,11.6,0.33,11.8,0.32,11.9,0.41,45.0,0.51,50.0,0.52,10.4,0.53,15.4,0.54,15.5,0.59,45.0,0.49,50.0,0.48,10.4,0.47,15.4,0.46,15.5,0.64,11.3,0.65,11.4,0.66,11.6,0.67,11.8,0.68,11.9,0.05,0.05,0.094401,1776167550000
1776167552.515,152.515,0.36,11.3,0.35,11.4,0.34,11.6,0.33,11.8,0.32,11.9,0.41,45.0,0.51,50.0,0.52,10.4,0.53,15.4,0.54,15.5,0.59,45.0,0.49,50.0,0.48,10.4,0.47,15.4,0.46,15.5,0.64,11.3,0.65,11.4,0.66,11.6,0.67,11.8,0.68,11.9,0.05,0.05,0.094401,1776167551000
1776167553.191,153.191,0.36,11.3,0.35,11.4,0.34,11.6,0.33,11.8,0.32,11.9,0.41,45.0,0.51,50.0,0.52,10.4,0.53,15.4,0.54,15.5,0.59,45.0,0.49,50.0,0.48,10.4,0.47,15.4,0.46,15.5,0.64,11.3,0.65,11.4,0.66,11.6,0.67,11.8,0.68,11.9,0.05,0.05,0.094401,1776167552000
1776167554.386,154.386,0.36,11.3,0.35,11.4,0.34,11.6,0.33,11.8,0.32,11.9,0.41,45.0,0.51,50.0,0.52,10.4,0.53,15.4,0.54,15.5,0.59,45.0,0.49,50.0,0.48,10.4,0.47,15.4,0.46,15.5,0.64,11.3,0.65,11.4,0.66,11.6,0.67,11.8,0.68,11.9,0.05,0.05,0.094407,1776167553000
1776167554.934,154.934,0.36,11.3,0.35,11.4,0.34,11.6,0.33,11.8,0.32,11.9,0.41,45.0,0.51,50.0,0.52,10.4,0.53,15.4,0.54,15.5,0.59,45.0,0.49,50.0,0.48,10.4,0.47,15.4,0.46,15.5,0.64,11.3,0.65,11.4,0.66,11.6,0.67,11.8,0.68,11.9,0.05,0.05,0.094407,1776167554000
1776167556.131,156.131,0.36,11.3,0.35,11.4,0.34,11.6,0.33,11.8,0.32,11.9,0.41,45.0,0.51,50.0,0.52,10.4,0.53,15.4,0.54,15.5,0.59,45.0,0.49,50.0,0.48,10.4,0.47,15.4,0.46,15.5,0.64,11.3,0.65,11.4,0.66,11.6,0.67,11.8,0.68,11.9,0.05,0.05,0.094407,1776167555000
1776167557.388,157.388,0.36,11.3,0.35,11.4,0.34,11.6,0.33,11.8,0.32,11.9,0.41,45.0,0.51,50.0,0.52,10.4,0.53,15.4,0.54,15.5,0.59,45.0,0.49,50.0,0.48,10.4,0.47,15.4,0.46,15.5,0.64,11.3,0.65,11.4,0.66,11.6,0.67,11.8,0.68,11.9,0.05,0.05,0.094407,1776167556000
1776167558.163,158.163,0.36,11.3,0.35,11.4,0.34,11.6,0.33,11.8,0.32,11.9,0.41,45.0,0.51,50.0,0.52,10.4,0.53,15.4,0.54,15.5,0.59,45.0,0.49,50.0,0.48,10.4,0.47,15.4,0.46,15.5,0.64,11.3,0.65,11.4,0.66,11.6,0.67,11.8,0.68,11.9,0.05,0.05,0.094407,1776167557000
1776167559.583,159.583,0.36,11.3,0.35,11.4,0.34,11.6,0.33,11.8,0.32,11.9,0.41,45.0,0.51,50.0,0.52,10.4,0.53,15.4,0.54,15.5,0.59,45.0,0.49,50.0,0.48,10.4,0.47,15.4,0.46,15.5,0.64,11.3,0.65,11.4,0.66,11.6,0.67,11.8,0.68,11.9,0.05,0.05,0.094407,1776167558000
1776167560.191,160.191,0.36,11.3,0.35,11.4,0.34,11.6,0.33,11.8,0.32,11.9,0.41,45.0,0.51,50.0,0.52,10.4,0.53,15.4,0.54,15.5,0.59,45.0,0.49,50.0,0.48,10.4,0.47,15.4,0.46,15.5,0.64,11.3,0.65,11.4,0.66,11.6,0.67,11.8,0.68,11.9,0.05,0.05,0.094408,1776167559000
1776167561.477,161.477,0.36,11.3,0.35,11.4,0.34,11.6,0.33,11.8,0.32,11.9,0.41,45.0,0.51,50.0,0.52,10.4,0.53,15.4,0.54,15.5,0.59,45.0,0.49,50.0,0.48,10.4,0.47,15.4,0.46,15.5,0.64,11.3,0.65,11.4,0.66,11.6,0.67,11.8,0.68,11.9,0.05,0.05,0.094408,1776167560000
1776167562.192,162.192,0.36,11.3,0.35,11.4,0.34,11.6,0.33,11.8,0.32,11.9,0.41,45.0,0.51,50.0,0.52,10.4,0.53,15.4,0.54,15.5,0.59,45.0,0.49,50.0,0.48,10.4,0.47,15.4,0.46,15.5,0.64,11.3,0.65,11.4,0.66,11.6,0.67,11.8,0.68,11.9,0.05,0.05,0.094407,1776167561000
1776167563.387,163.387,0.36,11.3,0.35,11.4,0.34,11.6,0.33,11.8,0.32,11.9,0.41,45.0,0.51,50.0,0.52,10.4,0.53,15.4,0.54,15.5,0.59,45.0,0.49,50.0,0.48,10.4,0.47,15.4,0.46,15.5,0.64,11.3,0.65,11.4,0.66,11.6,0.67,11.8,0.68,11.9,0.05,0.05,0.094407,1776167562000
1776167563.926,163.926,0.36,11.3,0.35,11.4,0.34,11.6,0.33,11.8,0.32,11.9,0.41,45.0,0.51,50.0,0.52,10.4,0.53,15.4,0.54,15.5,0.59,45.0,0.49,50.0,0.48,10.4,0.47,15.4,0.46,15.5,0.64,11.3,0.65,11.4,0.66,11.6,0.67,11.8,0.68,11.9,0.05,0.05,0.094407,1776167563000
1776167565.2,165.2,0.36,11.3,0.35,11.4,0.34,11.6,0.33,11.8,0.32,11.9,0.41,45.0,0.51,50.0,0.52,10.4,0.53,15.4,0.54,15.5,0.59,45.0,0.49,50.0,0.48,10.4,0.47,15.4,0.46,15.5,0.64,11.3,0.65,11.4,0.66,11.6,0.67,11.8,0.68,11.9,0.05,0.05,0.094407,1776167564000
1776167566.48,166.48,0.36,11.3,0.35,11.4,0.34,11.6,0.33,11.8,0.32,11.9,0.41,45.0,0.51,50.0,0.52,10.4,0.53,15.4,0.54,15.5,0.59,45.0,0.49,50.0,0.48,10.4,0.47,15.4,0.46,15.5,0.64,11.3,0.65,11.4,0.66,11.6,0.67,11.8,0.68,11.9,0.05,0.05,0.094407,1776167565000
1776167566.98,166.98,0.36,11.3,0.35,11.4,0.34,11.6,0.33,11.8,0.32,11.9,0.41,45.0,0.51,50.0,0.52,10.4,0.53,15.4,0.54,15.5,0.59,45.0,0.49,50.0,0.48,10.4,0.47,15.4,0.46,15.5,0.64,11.3,0.65,11.4,0.66,11.6,0.67,11.8,0.68,11.9,0.05,0.05,0.094407,1776167566000
1776167568.249,168.249,0.36,11.3,0.35,11.4,0.34,11.6,0.33,11.8,0.32,11.9,0.41,45.0,0.51,50.0,0.52,10.4,0.53,15.4,0.54,15.5,0.59,45.0,0.49,50.0,0.48,10.4,0.47,15.4,0.46,15.5,0.64,11.3,0.65,11.4,0.66,11.6,0.67,11.8,0.68,11.9,0.05,0.05,0.094407,1776167567000
1776167569.452,169.452,0.36,11.3,0.35,11.4,0.34,11.6,0.33,11.8,0.32,11.9,0.41,45.0,0.51,50.0,0.52,10.4,0.53,15.4,0.54,15.5,0.59,45.0,0.49,50.0,0.48,10.4,0.47,15.4,0.46,15.5,0.64,11.3,0.65,11.4,0.66,11.6,0.67,11.8,0.68,11.9,0.05,0.05,0.094411,1776167568000
1776167570.489,170.489,0.36,11.3,0.35,11.4,0.34,11.6,0.33,11.8,0.32,11.9,0.41,45.0,0.51,50.0,0.52,10.4,0.53,15.4,0.54,15.5,0.59,45.0,0.49,50.0,0.48,10.4,0.47,15.4,0.46,15.5,0.64,11.3,0.65,11.4,0.66,11.6,0.67,11.8,0.68,11.9,0.05,0.05,0.094408,1776167569000
1776167570.989,170.989,0.36,11.3,0.35,11.4,0.34,11.6,0.33,11.8,0.32,11.9,0.41,45.0,0.51,50.0,0.52,10.4,0.53,15.4,0.54,15.5,0.59,45.0,0.49,50.0,0.48,10.4,0.47,15.4,0.46,15.5,0.64,11.3,0.65,11.4,0.66,11.6,0.67,11.8,0.68,11.9,0.05,0.05,0.094407,1776167570000
1776167572.013,172.013,0.36,11.3,0.35,11.4,0.34,11.6,0.33,11.8,0.32,11.9,0.41,45.0,0.51,50.0,0.52,10.4,0.53,15.4,0.54,15.5,0.59,45.0,0.49,50.0,0.48,10.4,0.47,15.4,0.46,15.5,0.64,11.3,0.65,11.4,0.66,11.6,0.67,11.8,0.68,11.9,0.05,0.05,0.094408,1776167571000
1776167572.991,172.991,0.36,11.3,0.35,11.4,0.34,11.6,0.33,11.8,0.32,11.9,0.41,45.0,0.51,50.0,0.52,10.4,0.53,15.4,0.54,15.5,0.59,45.0,0.49,50.0,0.48,10.4,0.47,15.4,0.46,15.5,0.64,11.3,0.65,11.4,0.66,11.6,0.67,11.8,0.68,11.9,0.05,0.05,0.094411,1776167572000
1776167573.894,173.894,0.36,11.3,0.35,11.4,0.34,11.6,0.33,11.8,0.32,11.9,0.41,45.0,0.51,50.0,0.52,10.4,0.53,15.4,0.54,15.5,0.59,45.0,0.49,50.0,0.48,10.4,0.47,15.4,0.46,15.5,0.64,11.3,0.65,11.4,0.66,11.6,0.67,11.8,0.68,11.9,0.05,0.05,0.094411,1776167573000
1776167574.922,174.922,0.36,11.3,0.35,11.4,0.34,11.6,0.33,11.8,0.32,11.9,0.41,45.0,0.51,50.0,0.52,10.4,0.53,15.4,0.54,15.5,0.59,45.0,0.49,50.0,0.48,10.4,0.47,15.4,0.46,15.5,0.64,11.3,0.65,11.4,0.66,11.6,0.67,11.8,0.68,11.9,0.05,0.05,0.094408,1776167574000
1776167575.821,175.821,0.36,11.3,0.35,11.4,0.34,11.6,0.33,11.8,0.32,11.9,0.41,45.0,0.51,50.0,0.52,10.4,0.53,15.4,0.54,15.5,0.59,45.0,0.49,50.0,0.48,10.4,0.47,15.4,0.46,15.5,0.64,11.3,0.65,11.4,0.66,11.6,0.67,11.8,0.68,11.9,0.05,0.05,0.094409,1776167575000
1776167577.231,177.231,0.36,11.3,0.35,11.4,0.34,11.6,0.33,11.8,0.32,11.9,0.41,45.0,0.51,50.0,0.52,10.4,0.53,15.4,0.54,15.5,0.59,45.0,0.49,50.0,0.48,10.4,0.47,15.4,0.46,15.5,0.64,11.3,0.65,11.4,0.66,11.6,0.67,11.8,0.68,11.9,0.05,0.05,0.094408,1776167576000
1776167578.267,178.267,0.36,11.3,0.35,11.4,0.34,11.6,0.33,11.8,0.32,11.9,0.41,45.0,0.51,50.0,0.52,10.4,0.53,15.4,0.54,15.5,0.59,45.0,0.49,50.0,0.48,10.4,0.47,15.4,0.46,15.5,0.64,11.3,0.65,11.4,0.66,11.6,0.67,11.8,0.68,11.9,0.05,0.05,0.094407,1776167577000
1776167579.214,179.214,0.36,11.3,0.35,11.4,0.34,11.6,0.33,11.8,0.32,11.9,0.41,45.0,0.51,50.0,0.52,10.4,0.53,15.4,0.54,15.5,0.59,45.0,0.49,50.0,0.48,10.4,0.47,15.4,0.46,15.5,0.64,11.3,0.65,11.4,0.66,11.6,0.67,11.8,0.68,11.9,0.05,0.05,0.094408,1776167578000
1776167580.195,180.195,0.36,11.3,0.35,11.4,0.34,11.6,0.33,11.8,0.32,11.9,0.41,45.0,0.51,50.0,0.52,10.4,0.53,15.4,0.54,15.5,0.59,45.0,0.49,50.0,0.48,10.4,0.47,15.4,0.46,15.5,0.64,11.3,0.65,11.4,0.66,11.6,0.67,11.8,0.68,11.9,0.05,0.05,0.094396,1776167579000
1776167581.157,181.157,0.36,11.3,0.35,11.4,0.34,11.6,0.33,11.8,0.32,11.9,0.41,45.0,0.51,50.0,0.52,10.4,0.53,15.4,0.54,15.5,0.59,45.0,0.49,50.0,0.48,10.4,0.47,15.4,0.46,15.5,0.64,11.3,0.65,11.4,0.66,11.6,0.67,11.8,0.68,11.9,0.05,0.05,0.094387,1776167580000
1776167582.126,182.126,0.36,11.3,0.35,11.4,0.34,11.6,0.33,11.8,0.32,11.9,0.41,45.0,0.51,50.0,0.52,10.4,0.53,15.4,0.54,15.5,0.59,45.0,0.49,50.0,0.48,10.4,0.47,15.4,0.46,15.5,0.64,11.3,0.65,11.4,0.66,11.6,0.67,11.8,0.68,11.9,0.05,0.05,0.094389,1776167581000
1776167583.076,183.076,0.36,11.3,0.35,11.4,0.34,11.6,0.33,11.8,0.32,11.9,0.41,45.0,0.51,50.0,0.52,10.4,0.53,15.4,0.54,15.5,0.59,45.0,0.49,50.0,0.48,10.4,0.47,15.4,0.46,15.5,0.64,11.3,0.65,11.4,0.66,11.6,0.67,11.8,0.68,11.9,0.05,0.05,0.094391,1776167582000
1776167584.364,184.364,0.36,11.3,0.35,11.4,0.34,11.6,0.33,11.8,0.32,11.9,0.41,45.0,0.51,50.0,0.52,10.4,0.53,15.4,0.54,15.5,0.59,45.0,0.49,50.0,0.48,10.4,0.47,15.4,0.46,15.5,0.64,11.3,0.65,11.4,0.66,11.6,0.67,11.8,0.68,11.9,0.05,0.05,0.094393,1776167583000
1776167584.978,184.978,0.36,11.3,0.35,11.4,0.34,11.6,0.33,11.8,0.32,11.9,0.41,45.0,0.51,50.0,0.52,10.4,0.53,15.4,0.54,15.5,0.59,45.0,0.49,50.0,0.48,10.4,0.47,15.4,0.46,15.5,0.64,11.3,0.65,11.4,0.66,11.6,0.67,11.8,0.68,11.9,0.05,0.05,0.094395,1776167584000
1776167586.268,186.268,0.36,11.3,0.35,11.4,0.34,11.6,0.33,11.8,0.32,11.9,0.41,45.0,0.51,50.0,0.52,10.4,0.53,15.4,0.54,15.5,0.59,45.0,0.49,50.0,0.48,10.4,0.47,15.4,0.46,15.5,0.64,11.3,0.65,11.4,0.66,11.6,0.67,11.8,0.68,11.9,0.05,0.05,0.094395,1776167585000
1776167587.581,187.581,0.36,11.3,0.35,11.4,0.34,11.6,0.33,11.8,0.32,11.9,0.41,45.0,0.51,50.0,0.52,10.4,0.53,15.4,0.54,15.5,0.59,45.0,0.49,50.0,0.48,10.4,0.47,15.4,0.46,15.5,0.64,11.3,0.65,11.4,0.66,11.6,0.67,11.8,0.68,11.9,0.05,0.05,0.094393,1776167586000
1776167588.171,188.171,0.36,11.3,0.35,11.4,0.34,11.6,0.33,11.8,0.32,11.9,0.41,45.0,0.51,50.0,0.52,10.4,0.53,15.4,0.54,15.5,0.59,45.0,0.49,50.0,0.48,10.4,0.47,15.4,0.46,15.5,0.64,11.3,0.65,11.4,0.66,11.6,0.67,11.8,0.68,11.9,0.05,0.05,0.094394,1776167587000
1776167589.495,189.495,0.36,11.3,0.35,11.4,0.34,11.6,0.33,11.8,0.32,11.9,0.41,45.0,0.51,50.0,0.52,10.4,0.53,15.4,0.54,15.5,0.59,45.0,0.49,50.0,0.48,10.4,0.47,15.4,0.46,15.5,0.64,11.3,0.65,11.4,0.66,11.6,0.67,11.8,0.68,11.9,0.05,0.05,0.094391,1776167588000
1776167590.159,190.159,0.36,11.3,0.35,11.4,0.34,11.6,0.33,11.8,0.32,11.9,0.41,45.0,0.51,50.0,0.52,10.4,0.53,15.4,0.54,15.5,0.59,45.0,0.49,50.0,0.48,10.4,0.47,15.4,0.46,15.5,0.64,11.3,0.65,11.4,0.66,11.6,0.67,11.8,0.68,11.9,0.05,0.05,0.094391,1776167589000
1776167591.251,191.251,0.36,11.3,0.35,11.4,0.34,11.6,0.33,11.8,0.32,11.9,0.41,45.0,0.51,50.0,0.52,10.4,0.53,15.4,0.54,15.5,0.59,45.0,0.49,50.0,0.48,10.4,0.47,15.4,0.46,15.5,0.64,11.3,0.65,11.4,0.66,11.6,0.67,11.8,0.68,11.9,0.05,0.05,0.094395,1776167590000
1776167592.67,192.67,0.36,11.3,0.35,11.4,0.34,11.6,0.33,11.8,0.32,11.9,0.41,45.0,0.51,50.0,0.52,10.4,0.53,15.4,0.54,15.5,0.59,45.0,0.49,50.0,0.48,10.4,0.47,15.4,0.46,15.5,0.64,11.3,0.65,11.4,0.66,11.6,0.67,11.8,0.68,11.9,0.05,0.05,0.094395,1776167591000
1776167593.221,193.221,0.36,11.3,0.35,11.4,0.34,11.6,0.33,11.8,0.32,11.9,0.41,45.0,0.51,50.0,0.52,10.4,0.53,15.4,0.54,15.5,0.59,45.0,0.49,50.0,0.48,10.4,0.47,15.4,0.46,15.5,0.64,11.3,0.65,11.4,0.66,11.6,0.67,11.8,0.68,11.9,0.05,0.05,0.094396,1776167592000
1776167594.493,194.493,0.36,11.3,0.35,11.4,0.34,11.6,0.33,11.8,0.32,11.9,0.41,45.0,0.51,50.0,0.52,10.4,0.53,15.4,0.54,15.5,0.59,45.0,0.49,50.0,0.48,10.4,0.47,15.4,0.46,15.5,0.64,11.3,0.65,11.4,0.66,11.6,0.67,11.8,0.68,11.9,0.05,0.05,0.094393,1776167593000
1776167595.127,195.127,0.36,11.3,0.35,11.4,0.34,11.6,0.33,11.8,0.32,11.9,0.41,45.0,0.51,50.0,0.52,10.4,0.53,15.4,0.54,15.5,0.59,45.0,0.49,50.0,0.48,10.4,0.47,15.4,0.46,15.5,0.64,11.3,0.65,11.4,0.66,11.6,0.67,11.8,0.68,11.9,0.05,0.05,0.094393,1776167594000
1776167596.394,196.394,0.36,11.3,0.35,11.4,0.34,11.6,0.33,11.8,0.32,11.9,0.41,45.0,0.51,50.0,0.52,10.4,0.53,15.4,0.54,15.5,0.59,45.0,0.49,50.0,0.48,10.4,0.47,15.4,0.46,15.5,0.64,11.3,0.65,11.4,0.66,11.6,0.67,11.8,0.68,11.9,0.05,0.05,0.094393,1776167595000
1776167597.168,197.168,0.36,11.3,0.35,11.4,0.34,11.6,0.33,11.8,0.32,11.9,0.41,45.0,0.51,50.0,0.52,10.4,0.53,15.4,0.54,15.5,0.59,45.0,0.49,50.0,0.48,10.4,0.47,15.4,0.46,15.5,0.64,11.3,0.65,11.4,0.66,11.6,0.67,11.8,0.68,11.9,0.05,0.05,0.094408,1776167596000
1776167598.452,198.452,0.36,11.3,0.35,11.4,0.34,11.6,0.33,11.8,0.32,11.9,0.41,45.0,0.51,50.0,0.52,10.4,0.53,15.4,0.54,15.5,0.59,45.0,0.49,50.0,0.48,10.4,0.47,15.4,0.46,15.5,0.64,11.3,0.65,11.4,0.66,11.6,0.67,11.8,0.68,11.9,0.05,0.05,0.09441,1776167597000
1776167599.344,199.344,0.36,11.3,0.35,11.4,0.34,11.6,0.33,11.8,0.32,11.9,0.41,45.0,0.51,50.0,0.52,10.4,0.53,15.4,0.54,15.5,0.59,45.0,0.49,50.0,0.48,10.4,0.47,15.4,0.46,15.5,0.64,11.3,0.65,11.4,0.66,11.6,0.67,11.8,0.68,11.9,0.05,0.05,0.094413,1776167598000
1776167599.875,199.875,0.36,11.3,0.35,11.4,0.34,11.6,0.33,11.8,0.32,11.9,0.41,45.0,0.51,50.0,0.52,10.4,0.53,15.4,0.54,15.5,0.59,45.0,0.49,50.0,0.48,10.4,0.47,15.4,0.46,15.5,0.64,11.3,0.65,11.4,0.66,11.6,0.67,11.8,0.68,11.9,0.05,0.05,0.094411,1776167599000
1776167601.3,201.3,0.36,11.3,0.35,11.4,0.34,11.6,0.33,11.8,0.32,11.9,0.41,45.0,0.51,50.0,0.52,10.4,0.53,15.4,0.54,15.5,0.59,45.0,0.49,50.0,0.48,10.4,0.47,15.4,0.46,15.5,0.64,11.3,0.65,11.4,0.66,11.6,0.67,11.8,0.68,11.9,0.05,0.05,0.09441,1776167600000
1776167602.54,202.54,0.36,11.3,0.35,11.4,0.34,11.6,0.33,11.8,0.32,11.9,0.41,45.0,0.51,50.0,0.52,10.4,0.53,15.4,0.54,15.5,0.59,45.0,0.49,50.0,0.48,10.4,0.47,15.4,0.46,15.5,0.64,11.3,0.65,11.4,0.66,11.6,0.67,11.8,0.68,11.9,0.05,0.05,0.09441,1776167601000
1776167603.055,203.055,0.36,11.3,0.35,11.4,0.34,11.6,0.33,11.8,0.32,11.9,0.41,45.0,0.51,50.0,0.52,10.4,0.53,15.4,0.54,15.5,0.59,45.0,0.49,50.0,0.48,10.4,0.47,15.4,0.46,15.5,0.64,11.3,0.65,11.4,0.66,11.6,0.67,11.8,0.68,11.9,0.05,0.05,0.09441,1776167602000
1776167604.214,204.214,0.36,11.3,0.35,11.4,0.34,11.6,0.33,11.8,0.32,11.9,0.41,45.0,0.51,50.0,0.52,10.4,0.53,15.4,0.54,15.5,0.59,45.0,0.49,50.0,0.48,10.4,0.47,15.4,0.46,15.5,0.64,11.3,0.65,11.4,0.66,11.6,0.67,11.8,0.68,11.9,0.05,0.05,0.09441,1776167603000
1776167605.287,205.287,0.36,11.3,0.35,11.4,0.34,11.6,0.33,11.8,0.32,11.9,0.41,45.0,0.51,50.0,0.52,10.4,0.53,15.4,0.54,15.5,0.59,45.0,0.49,50.0,0.48,10.4,0.47,15.4,0.46,15.5,0.64,11.3,0.65,11.4,0.66,11.6,0.67,11.8,0.68,11.9,0.05,0.05,0.09441,1776167604000
1776167606.437,206.437,0.36,11.3,0.35,11.4,0.34,11.6,0.33,11.8,0.32,11.9,0.41,45.0,0.51,50.0,0.52,10.4,0.53,15.4,0.54,15.5,0.59,45.0,0.49,50.0,0.48,10.4,0.47,15.4,0.46,15.5,0.64,11.3,0.65,11.4,0.66,11.6,0.67,11.8,0.68,11.9,0.05,0.05,0.09441,1776167605000
1776167606.915,206.915,0.36,11.3,0.35,11.4,0.34,11.6,0.33,11.8,0.32,11.9,0.41,45.0,0.51,50.0,0.52,10.4,0.53,15.4,0.54,15.5,0.59,45.0,0.49,50.0,0.48,10.4,0.47,15.4,0.46,15.5,0.64,11.3,0.65,11.4,0.66,11.6,0.67,11.8,0.68,11.9,0.05,0.05,0.09441,1776167606000
1776167608.141,208.141,0.36,11.3,0.35,11.4,0.34,11.6,0.33,11.8,0.32,11.9,0.41,45.0,0.51,50.0,0.52,10.4,0.53,15.4,0.54,15.5,0.59,45.0,0.49,50.0,0.48,10.4,0.47,15.4,0.46,15.5,0.64,11.3,0.65,11.4,0.66,11.6,0.67,11.8,0.68,11.9,0.05,0.05,0.09441,1776167607000
1776167609.224,209.224,0.36,11.3,0.35,11.4,0.34,11.6,0.33,11.8,0.32,11.9,0.41,45.0,0.51,50.0,0.52,10.4,0.53,15.4,0.54,15.5,0.59,45.0,0.49,50.0,0.48,10.4,0.47,15.4,0.46,15.5,0.64,11.3,0.65,11.4,0.66,11.6,0.67,11.8,0.68,11.9,0.05,0.05,0.094409,1776167608000
1776167610.339,210.339,0.36,11.3,0.35,11.4,0.34,11.6,0.33,11.8,0.32,11.9,0.41,45.0,0.51,50.0,0.52,10.4,0.53,15.4,0.54,15.5,0.59,45.0,0.49,50.0,0.48,10.4,0.47,15.4,0.46,15.5,0.64,11.3,0.65,11.4,0.66,11.6,0.67,11.8,0.68,11.9,0.05,0.05,0.094409,1776167609000
1776167610.876,210.876,0.64,11.3,0.63,16.2,0.62,11.0,0.61,10.9,0.6,10.8,0.77,12.2,0.78,15.2,0.79,15.7,0.8,16.2,0.81,66.89,0.59,45.0,0.49,50.0,0.48,10.4,0.47,15.4,0.46,15.5,0.64,11.3,0.65,11.4,0.66,11.6,0.67,11.8,0.68,11.9,0.13,0.05,0.094409,1776167609000
1776167611.365,211.365,0.64,11.3,0.63,16.2,0.62,11.0,0.61,10.9,0.6,10.8,0.77,12.2,0.78,15.2,0.79,15.7,0.8,16.2,0.81,66.89,0.23,12.2,0.22,15.2,0.21,15.7,0.2,16.2,0.19,66.89,0.36,11.3,0.37,16.2,0.38,11.0,0.39,10.9,0.4,10.8,0.13,0.13,0.094408,1776167610000
1776167611.907,211.907,0.65,11.4,0.64,11.3,0.63,11.2,0.62,11.0,0.61,10.9,0.78,12.48,0.79,15.7,0.8,16.2,0.81,66.89,0.82,17.6,0.22,12.48,0.21,15.7,0.2,16.2,0.19,66.89,0.18,17.6,0.35,11.4,0.36,11.3,0.37,11.2,0.38,11.0,0.39,10.9,0.13,0.13,0.094408,1776167611000
1776167613.067,213.067,0.65,11.4,0.64,11.3,0.63,11.2,0.62,11.0,0.61,10.9,0.78,12.48,0.79,15.7,0.8,16.2,0.81,66.89,0.82,17.6,0.22,12.48,0.21,15.7,0.2,16.2,0.19,66.89,0.18,17.6,0.35,11.4,0.36,11.3,0.37,11.2,0.38,11.0,0.39,10.9,0.13,0.13,0.094408,1776167612000
1776167613.922,213.922,0.65,11.4,0.64,11.3,0.63,11.2,0.62,11.0,0.61,10.9,0.78,12.48,0.79,15.7,0.8,16.2,0.81,66.89,0.82,17.6,0.22,12.48,0.21,15.7,0.2,16.2,0.19,66.89,0.18,17.6,0.35,11.4,0.36,11.3,0.37,11.2,0.38,11.0,0.39,10.9,0.13,0.13,0.094409,1776167613000
1776167614.957,214.957,0.65,11.4,0.64,11.3,0.63,11.2,0.62,11.0,0.61,10.9,0.78,12.48,0.79,15.7,0.8,16.2,0.81,66.89,0.82,17.6,0.22,12.48,0.21,15.7,0.2,16.2,0.19,66.89,0.18,17.6,0.35,11.4,0.36,11.3,0.37,11.2,0.38,11.0,0.39,10.9,0.13,0.13,0.094409,1776167614000
1776167615.914,215.914,0.65,11.4,0.64,11.3,0.63,11.2,0.62,11.0,0.61,10.9,0.78,12.48,0.79,15.7,0.8,16.2,0.81,66.89,0.82,17.6,0.22,12.48,0.21,15.7,0.2,16.2,0.19,66.89,0.18,17.6,0.35,11.4,0.36,11.3,0.37,11.2,0.38,11.0,0.39,10.9,0.13,0.13,0.094409,1776167615000
1776167616.952,216.952,0.65,11.4,0.64,11.3,0.63,11.2,0.62,11.0,0.61,10.9,0.78,12.48,0.79,15.7,0.8,16.2,0.81,66.89,0.82,17.6,0.22,12.48,0.21,15.7,0.2,16.2,0.19,66.89,0.18,17.6,0.35,11.4,0.36,11.3,0.37,11.2,0.38,11.0,0.39,10.9,0.13,0.13,0.094409,1776167616000
1776167617.313,217.313,0.49,7.53,0.48,10.4,0.47,10.4,0.46,10.5,0.45,10.5,0.71,85.0,0.77,24.7,0.78,12.48,0.79,15.7,0.8,16.2,0.22,12.48,0.21,15.7,0.2,16.2,0.19,66.89,0.18,17.6,0.35,11.4,0.36,11.3,0.37,11.2,0.38,11.0,0.39,10.9,0.22,0.13,0.094409,1776167616000
1776167617.942,217.942,0.48,10.16,0.47,10.4,0.46,10.5,0.45,10.5,0.44,10.6,0.61,32.76,0.71,85.0,0.77,24.7,0.78,12.48,0.79,15.7,0.39,32.76,0.29,85.0,0.23,24.7,0.22,12.48,0.21,15.7,0.52,10.16,0.53,10.4,0.54,10.5,0.55,10.5,0.56,10.6,0.13,0.13,0.094409,1776167617000
1776167618.214,218.214,0.58,5.0,0.47,10.4,0.46,10.5,0.45,10.5,0.44,10.6,0.61,29.54,0.71,85.0,0.76,14.3,0.77,24.7,0.78,12.48,0.39,32.76,0.29,85.0,0.23,24.7,0.22,12.48,0.21,15.7,0.52,10.16,0.53,10.4,0.54,10.5,0.55,10.5,0.56,10.6,0.03,0.13,0.094409,1776167617000
1776167618.955,218.955,0.58,5.0,0.47,10.4,0.46,10.5,0.45,10.5,0.44,10.6,0.61,29.54,0.71,85.0,0.76,14.3,0.77,24.7,0.78,12.48,0.39,29.54,0.29,85.0,0.24,14.3,0.23,24.7,0.22,12.48,0.42,5.0,0.53,10.4,0.54,10.5,0.55,10.5,0.56,10.6,0.03,0.03,0.094405,1776167618000
1776167619.961,219.961,0.58,5.0,0.47,10.4,0.46,10.5,0.45,10.5,0.44,10.6,0.61,29.54,0.71,85.0,0.76,14.3,0.77,24.7,0.78,12.48,0.39,29.54,0.29,85.0,0.24,14.3,0.23,24.7,0.22,12.48,0.42,5.0,0.53,10.4,0.54,10.5,0.55,10.5,0.56,10.6,0.03,0.03,0.09439,1776167619000
1776167620.942,220.942,0.58,5.0,0.47,10.4,0.46,10.5,0.45,10.5,0.44,10.6,0.61,29.54,0.71,85.0,0.76,14.3,0.77,24.7,0.78,12.48,0.39,29.54,0.29,85.0,0.24,14.3,0.23,24.7,0.22,12.48,0.42,5.0,0.53,10.4,0.54,10.5,0.55,10.5,0.56,10.6,0.03,0.03,0.094384,1776167620000
1776167621.936,221.936,0.58,5.0,0.47,10.4,0.46,10.5,0.45,10.5,0.44,10.6,0.61,29.54,0.71,85.0,0.76,14.3,0.77,24.7,0.78,12.48,0.39,29.54,0.29,85.0,0.24,14.3,0.23,24.7,0.22,12.48,0.42,5.0,0.53,10.4,0.54,10.5,0.55,10.5,0.56,10.6,0.03,0.03,0.094384,1776167621000
1776167622.988,222.988,0.58,5.0,0.47,10.4,0.46,10.5,0.45,10.5,0.44,10.6,0.61,29.54,0.71,85.0,0.76,14.3,0.77,24.7,0.78,12.48,0.39,29.54,0.29,85.0,0.24,14.3,0.23,24.7,0.22,12.48,0.42,5.0,0.53,10.4,0.54,10.5,0.55,10.5,0.56,10.6,0.03,0.03,0.094384,1776167622000
1776167623.914,223.914,0.58,5.0,0.47,10.4,0.46,10.5,0.45,10.5,0.44,10.6,0.61,29.54,0.71,85.0,0.76,14.3,0.77,24.7,0.78,12.48,0.39,29.54,0.29,85.0,0.24,14.3,0.23,24.7,0.22,12.48,0.42,5.0,0.53,10.4,0.54,10.5,0.55,10.5,0.56,10.6,0.03,0.03,0.094384,1776167623000
1776167624.864,224.864,0.58,5.0,0.47,10.4,0.46,10.5,0.45,10.5,0.44,10.6,0.61,29.54,0.71,85.0,0.76,14.3,0.77,24.7,0.78,12.48,0.39,29.54,0.29,85.0,0.24,14.3,0.23,24.7,0.22,12.48,0.42,5.0,0.53,10.4,0.54,10.5,0.55,10.5,0.56,10.6,0.03,0.03,0.094385,1776167624000
1776167625.817,225.817,0.58,5.0,0.47,10.4,0.46,10.5,0.45,10.5,0.44,10.6,0.61,29.54,0.71,85.0,0.76,14.3,0.77,24.7,0.78,12.48,0.39,29.54,0.29,85.0,0.24,14.3,0.23,24.7,0.22,12.48,0.42,5.0,0.53,10.4,0.54,10.5,0.55,10.5,0.56,10.6,0.03,0.03,0.094385,1776167625000
1776167627.868,227.868,0.58,5.0,0.47,10.4,0.46,10.5,0.45,10.5,0.44,10.6,0.61,29.54,0.71,85.0,0.76,14.3,0.77,24.7,0.78,12.48,0.39,29.54,0.29,85.0,0.24,14.3,0.23,24.7,0.22,12.48,0.42,5.0,0.53,10.4,0.54,10.5,0.55,10.5,0.56,10.6,0.03,0.03,0.094385,1776167626000
1776167628.766,228.766,0.58,5.0,0.47,10.4,0.46,10.5,0.45,10.5,0.44,10.6,0.61,29.54,0.71,85.0,0.76,14.3,0.77,24.7,0.78,12.48,0.39,29.54,0.29,85.0,0.24,14.3,0.23,24.7,0.22,12.48,0.42,5.0,0.53,10.4,0.54,10.5,0.55,10.5,0.56,10.6,0.03,0.03,0.094385,1776167627000
1776167629.585,229.585,0.32,7.53,0.31,62.2,0.3,12.4,0.29,12.6,0.28,12.9,0.55,5.0,0.56,5.0,0.61,50.0,0.63,11.2,0.64,11.3,0.39,29.54,0.29,85.0,0.24,14.3,0.23,24.7,0.22,12.48,0.42,5.0,0.53,10.4,0.54,10.5,0.55,10.5,0.56,10.6,0.23,0.03,0.094385,1776167627000
1776167629.913,229.913,0.32,7.53,0.31,62.2,0.3,12.4,0.29,12.6,0.28,12.9,0.55,5.0,0.56,5.0,0.61,50.0,0.63,11.2,0.64,11.3,0.45,5.0,0.44,5.0,0.39,50.0,0.37,11.2,0.36,11.3,0.68,7.53,0.69,62.2,0.7,12.4,0.71,12.6,0.72,12.9,0.23,0.23,0.094378,1776167628000
1776167630.801,230.801,0.32,7.53,0.31,62.2,0.3,12.4,0.29,12.6,0.28,12.9,0.55,5.0,0.56,5.0,0.61,50.0,0.63,11.2,0.64,11.3,0.45,5.0,0.44,5.0,0.39,50.0,0.37,11.2,0.36,11.3,0.68,7.53,0.69,62.2,0.7,12.4,0.71,12.6,0.72,12.9,0.23,0.23,0.094378,1776167629000
1776167631.688,231.688,0.32,7.53,0.31,62.2,0.3,12.4,0.29,12.6,0.28,12.9,0.55,5.0,0.56,5.0,0.61,50.0,0.63,11.2,0.64,11.3,0.45,5.0,0.44,5.0,0.39,50.0,0.37,11.2,0.36,11.3,0.68,7.53,0.69,62.2,0.7,12.4,0.71,12.6,0.72,12.9,0.23,0.23,0.094366,1776167630000
1776167632.596,232.596,0.32,7.53,0.31,62.2,0.3,12.4,0.29,12.6,0.28,12.9,0.55,5.0,0.56,5.0,0.61,50.0,0.63,11.2,0.64,11.3,0.45,5.0,0.44,5.0,0.39,50.0,0.37,11.2,0.36,11.3,0.68,7.53,0.69,62.2,0.7,12.4,0.71,12.6,0.72,12.9,0.23,0.23,0.094355,1776167631000
1776167633.654,233.654,0.32,7.53,0.31,62.2,0.3,12.4,0.29,12.6,0.28,12.9,0.55,5.0,0.56,5.0,0.61,50.0,0.63,11.2,0.64,11.3,0.45,5.0,0.44,5.0,0.39,50.0,0.37,11.2,0.36,11.3,0.68,7.53,0.69,62.2,0.7,12.4,0.71,12.6,0.72,12.9,0.23,0.23,0.094356,1776167632000
1776167634.478,234.478,0.32,7.53,0.31,62.2,0.3,12.4,0.29,12.6,0.28,12.9,0.55,5.0,0.56,5.0,0.61,50.0,0.63,11.2,0.64,11.3,0.45,5.0,0.44,5.0,0.39,50.0,0.37,11.2,0.36,11.3,0.68,7.53,0.69,62.2,0.7,12.4,0.71,12.6,0.72,12.9,0.23,0.23,0.094356,1776167633000
1776167635.158,235.158,0.28,11.45,0.27,13.2,0.26,13.5,0.25,13.9,0.24,14.3,0.51,50.0,0.54,10.5,0.55,10.5,0.56,10.6,0.57,10.6,0.45,5.0,0.44,5.0,0.39,50.0,0.37,11.2,0.36,11.3,0.68,7.53,0.69,62.2,0.7,12.4,0.71,12.6,0.72,12.9,0.23,0.23,0.094356,1776167633000
1776167636.937,236.937,0.28,11.45,0.27,13.2,0.26,13.5,0.25,13.9,0.24,14.3,0.51,50.0,0.54,10.5,0.55,10.5,0.56,10.6,0.57,10.6,0.49,50.0,0.46,10.5,0.45,10.5,0.44,10.6,0.43,10.6,0.72,11.45,0.73,13.2,0.74,13.5,0.75,13.9,0.76,14.3,0.23,0.23,0.094354,1776167635000
1776167637.844,237.844,0.28,11.45,0.27,13.2,0.26,13.5,0.25,13.9,0.24,14.3,0.51,50.0,0.54,10.5,0.55,10.5,0.56,10.6,0.57,10.6,0.49,50.0,0.46,10.5,0.45,10.5,0.44,10.6,0.43,10.6,0.72,11.45,0.73,13.2,0.74,13.5,0.75,13.9,0.76,14.3,0.23,0.23,0.094355,1776167636000
1776167638.658,238.658,0.28,11.45,0.27,13.2,0.26,13.5,0.25,13.9,0.24,14.3,0.51,50.0,0.54,10.5,0.55,10.5,0.56,10.6,0.57,10.6,0.49,50.0,0.46,10.5,0.45,10.5,0.44,10.6,0.43,10.6,0.72,11.45,0.73,13.2,0.74,13.5,0.75,13.9,0.76,14.3,0.23,0.23,0.094355,1776167637000
1776167639.413,239.413,0.28,11.45,0.27,13.2,0.26,13.5,0.25,13.9,0.24,14.3,0.51,50.0,0.54,10.5,0.55,10.5,0.56,10.6,0.57,10.6,0.49,50.0,0.46,10.5,0.45,10.5,0.44,10.6,0.43,10.6,0.72,11.45,0.73,13.2,0.74,13.5,0.75,13.9,0.76,14.3,0.23,0.23,0.094355,1776167638000
1776167640.15,240.15,0.28,11.45,0.27,13.2,0.26,13.5,0.25,13.9,0.24,14.3,0.51,50.0,0.54,10.5,0.55,10.5,0.56,10.6,0.57,10.6,0.49,50.0,0.46,10.5,0.45,10.5,0.44,10.6,0.43,10.6,0.72,11.45,0.73,13.2,0.74,13.5,0.75,13.9,0.76,14.3,0.23,0.23,0.094355,1776167639000
1776167641.682,241.682,0.28,11.45,0.27,13.2,0.26,13.5,0.25,13.9,0.24,14.3,0.51,50.0,0.54,10.5,0.55,10.5,0.56,10.6,0.57,10.6,0.49,50.0,0.46,10.5,0.45,10.5,0.44,10.6,0.43,10.6,0.72,11.45,0.73,13.2,0.74,13.5,0.75,13.9,0.76,14.3,0.23,0.23,0.094355,1776167640000
1776167642.416,242.416,0.28,11.45,0.27,13.2,0.26,13.5,0.25,13.9,0.24,14.3,0.51,50.0,0.54,10.5,0.55,10.5,0.56,10.6,0.57,10.6,0.49,50.0,0.46,10.5,0.45,10.5,0.44,10.6,0.43,10.6,0.72,11.45,0.73,13.2,0.74,13.5,0.75,13.9,0.76,14.3,0.23,0.23,0.094355,1776167641000
1776167643.097,243.097,0.28,11.45,0.27,13.2,0.26,13.5,0.25,13.9,0.24,14.3,0.51,50.0,0.54,10.5,0.55,10.5,0.56,10.6,0.57,10.6,0.49,50.0,0.46,10.5,0.45,10.5,0.44,10.6,0.43,10.6,0.72,11.45,0.73,13.2,0.74,13.5,0.75,13.9,0.76,14.3,0.23,0.23,0.094354,1776167642000
1776167644.682,244.682,0.28,11.45,0.27,13.2,0.26,13.5,0.25,13.9,0.24,14.3,0.51,50.0,0.54,10.5,0.55,10.5,0.56,10.6,0.57,10.6,0.49,50.0,0.46,10.5,0.45,10.5,0.44,10.6,0.43,10.6,0.72,11.45,0.73,13.2,0.74,13.5,0.75,13.9,0.76,14.3,0.23,0.23,0.094353,1776167643000
1776167645.359,245.359,0.28,11.45,0.27,13.2,0.26,13.5,0.25,13.9,0.24,14.3,0.51,50.0,0.54,10.5,0.55,10.5,0.56,10.6,0.57,10.6,0.49,50.0,0.46,10.5,0.45,10.5,0.44,10.6,0.43,10.6,0.72,11.45,0.73,13.2,0.74,13.5,0.75,13.9,0.76,14.3,0.23,0.23,0.094353,1776167644000
1776167646.265,246.265,0.28,11.45,0.27,13.2,0.26,13.5,0.25,13.9,0.24,14.3,0.51,50.0,0.54,10.5,0.55,10.5,0.56,10.6,0.57,10.6,0.49,50.0,0.46,10.5,0.45,10.5,0.44,10.6,0.43,10.6,0.72,11.45,0.73,13.2,0.74,13.5,0.75,13.9,0.76,14.3,0.23,0.23,0.094353,1776167645000
1776167647.632,247.632,0.28,11.45,0.27,13.2,0.26,13.5,0.25,13.9,0.24,14.3,0.51,50.0,0.54,10.5,0.55,10.5,0.56,10.6,0.57,10.6,0.49,50.0,0.46,10.5,0.45,10.5,0.44,10.6,0.43,10.6,0.72,11.45,0.73,13.2,0.74,13.5,0.75,13.9,0.76,14.3,0.23,0.23,0.094353,1776167646000
1776167648.47,248.47,0.28,11.45,0.27,13.2,0.26,13.5,0.25,13.9,0.24,14.3,0.51,50.0,0.54,10.5,0.55,10.5,0.56,10.6,0.57,10.6,0.49,50.0,0.46,10.5,0.45,10.5,0.44,10.6,0.43,10.6,0.72,11.45,0.73,13.2,0.74,13.5,0.75,13.9,0.76,14.3,0.23,0.23,0.094353,1776167647000
1776167648.967,248.967,0.28,11.45,0.27,13.2,0.26,13.5,0.25,13.9,0.24,14.3,0.51,50.0,0.54,10.5,0.55,10.5,0.56,10.6,0.57,10.6,0.49,50.0,0.46,10.5,0.45,10.5,0.44,10.6,0.43,10.6,0.72,11.45,0.73,13.2,0.74,13.5,0.75,13.9,0.76,14.3,0.23,0.23,0.09435,1776167648000
1776167649.84,249.84,0.28,11.45,0.27,13.2,0.26,13.5,0.25,13.9,0.24,14.3,0.51,50.0,0.54,10.5,0.55,10.5,0.56,10.6,0.57,10.6,0.49,50.0,0.46,10.5,0.45,10.5,0.44,10.6,0.43,10.6,0.72,11.45,0.73,13.2,0.74,13.5,0.75,13.9,0.76,14.3,0.23,0.23,0.09435,1776167649000
1776167650.887,250.887,0.28,11.45,0.27,13.2,0.26,13.5,0.25,13.9,0.24,14.3,0.51,50.0,0.54,10.5,0.55,10.5,0.56,10.6,0.57,10.6,0.49,50.0,0.46,10.5,0.45,10.5,0.44,10.6,0.43,10.6,0.72,11.45,0.73,13.2,0.74,13.5,0.75,13.9,0.76,14.3,0.23,0.23,0.09435,1776167650000
1776167651.239,251.239,0.41,50.0,0.31,50.0,0.29,12.6,0.28,12.9,0.27,13.2,0.71,58.41,0.72,12.9,0.73,13.2,0.74,13.5,0.75,13.9,0.49,50.0,0.46,10.5,0.45,10.5,0.44,10.6,0.43,10.6,0.72,11.45,0.73,13.2,0.74,13.5,0.75,13.9,0.76,14.3,0.3,0.23,0.09435,1776167650000
1776167651.843,251.843,0.56,5.0,0.31,50.0,0.3,12.4,0.29,12.6,0.28,12.9,0.61,45.0,0.68,5.0,0.71,54.22,0.72,12.9,0.73,13.2,0.29,54.22,0.28,12.9,0.27,13.2,0.26,13.5,0.25,13.9,0.59,33.25,0.69,50.0,0.71,12.6,0.72,69.9,0.73,13.2,0.05,0.3,0.09435,1776167650000
1776167652.241,252.241,0.56,5.0,0.31,50.0,0.3,12.4,0.29,12.6,0.28,12.9,0.61,45.0,0.68,5.0,0.71,54.22,0.72,12.9,0.73,13.2,0.39,45.0,0.32,5.0,0.29,54.22,0.28,12.9,0.27,13.2,0.44,5.0,0.69,50.0,0.7,12.4,0.71,12.6,0.72,12.9,0.05,0.05,0.09435,1776167651000
1776167652.508,252.508,0.31,95.2,0.3,12.4,0.29,12.6,0.28,12.9,0.27,13.2,0.61,40.13,0.71,54.22,0.72,12.9,0.73,13.2,0.74,13.5,0.39,45.0,0.32,5.0,0.29,54.22,0.28,12.9,0.27,13.2,0.44,5.0,0.69,50.0,0.7,12.4,0.71,12.6,0.72,12.9,0.3,0.05,0.09435,1776167651000
1776167653.066,253.066,0.41,50.0,0.31,95.2,0.3,12.4,0.29,12.6,0.28,12.9,0.71,50.03,0.72,12.9,0.73,13.2,0.74,13.5,0.75,13.9,0.29,50.03,0.28,12.9,0.27,13.2,0.26,13.5,0.25,13.9,0.59,50.0,0.69,95.2,0.7,12.4,0.71,12.6,0.72,12.9,0.3,0.3,0.094356,1776167652000
1776167653.941,253.941,0.41,50.0,0.31,95.2,0.3,12.4,0.29,12.6,0.28,12.9,0.71,50.03,0.72,12.9,0.73,13.2,0.74,13.5,0.75,13.9,0.29,50.03,0.28,12.9,0.27,13.2,0.26,13.5,0.25,13.9,0.59,50.0,0.69,95.2,0.7,12.4,0.71,12.6,0.72,12.9,0.3,0.3,0.09438,1776167653000
1776167654.967,254.967,0.41,50.0,0.31,95.2,0.3,12.4,0.29,12.6,0.28,12.9,0.71,50.03,0.72,12.9,0.73,13.2,0.74,13.5,0.75,13.9,0.29,50.03,0.28,12.9,0.27,13.2,0.26,13.5,0.25,13.9,0.59,50.0,0.69,95.2,0.7,12.4,0.71,12.6,0.72,12.9,0.3,0.3,0.09438,1776167654000
1776167655.828,255.828,0.41,50.0,0.31,95.2,0.3,12.4,0.29,12.6,0.28,12.9,0.71,50.03,0.72,12.9,0.73,13.2,0.74,13.5,0.75,13.9,0.29,50.03,0.28,12.9,0.27,13.2,0.26,13.5,0.25,13.9,0.59,50.0,0.69,95.2,0.7,12.4,0.71,12.6,0.72,12.9,0.3,0.3,0.09438,1776167655000
1776167657.181,257.181,0.41,50.0,0.31,95.2,0.3,12.4,0.29,12.6,0.28,12.9,0.71,50.03,0.72,12.9,0.73,13.2,0.74,13.5,0.75,13.9,0.29,50.03,0.28,12.9,0.27,13.2,0.26,13.5,0.25,13.9,0.59,50.0,0.69,95.2,0.7,12.4,0.71,12.6,0.72,12.9,0.3,0.3,0.094381,1776167656000
1776167658.135,258.135,0.41,50.0,0.31,95.2,0.3,12.4,0.29,12.6,0.28,12.9,0.71,50.03,0.72,12.9,0.73,13.2,0.74,13.5,0.75,13.9,0.29,50.03,0.28,12.9,0.27,13.2,0.26,13.5,0.25,13.9,0.59,50.0,0.69,95.2,0.7,12.4,0.71,12.6,0.72,12.9,0.3,0.3,0.094381,1776167657000
1776167659.114,259.114,0.41,50.0,0.31,95.2,0.3,12.4,0.29,12.6,0.28,12.9,0.71,50.03,0.72,12.9,0.73,13.2,0.74,13.5,0.75,13.9,0.29,50.03,0.28,12.9,0.27,13.2,0.26,13.5,0.25,13.9,0.59,50.0,0.69,95.2,0.7,12.4,0.71,12.6,0.72,12.9,0.3,0.3,0.094379,1776167658000
1776167660.593,260.593,0.41,50.0,0.31,95.2,0.3,12.4,0.29,12.6,0.28,12.9,0.71,50.03,0.72,12.9,0.73,13.2,0.74,13.5,0.75,13.9,0.29,50.03,0.28,12.9,0.27,13.2,0.26,13.5,0.25,13.9,0.59,50.0,0.69,95.2,0.7,12.4,0.71,12.6,0.72,12.9,0.3,0.3,0.094382,1776167659000
1776167661.118,261.118,0.41,50.0,0.31,95.2,0.3,12.4,0.29,12.6,0.28,12.9,0.71,50.03,0.72,12.9,0.73,13.2,0.74,13.5,0.75,13.9,0.29,50.03,0.28,12.9,0.27,13.2,0.26,13.5,0.25,13.9,0.59,50.0,0.69,95.2,0.7,12.4,0.71,12.6,0.72,12.9,0.3,0.3,0.094383,1776167660000
1776167661.468,261.468,0.51,50.0,0.47,10.4,0.46,10.5,0.45,10.5,0.44,10.6,0.78,15.0,0.79,15.7,0.8,16.2,0.81,66.89,0.82,17.6,0.29,50.03,0.28,12.9,0.27,13.2,0.26,13.5,0.25,13.9,0.59,50.0,0.69,95.2,0.7,12.4,0.71,12.6,0.72,12.9,0.27,0.3,0.094383,1776167660000
1776167662.041,262.041,0.51,50.0,0.47,10.4,0.46,10.5,0.45,10.5,0.44,10.6,0.78,15.0,0.79,15.7,0.8,16.2,0.81,66.89,0.82,17.6,0.22,15.0,0.21,15.7,0.2,16.2,0.19,66.89,0.18,17.6,0.49,50.0,0.53,10.4,0.54,10.5,0.55,10.5,0.56,10.6,0.27,0.27,0.094383,1776167661000
1776167663.003,263.003,0.51,50.0,0.47,10.4,0.46,10.5,0.45,10.5,0.44,10.6,0.78,15.0,0.79,15.7,0.8,16.2,0.81,66.89,0.82,17.6,0.22,15.0,0.21,15.7,0.2,16.2,0.19,66.89,0.18,17.6,0.49,50.0,0.53,10.4,0.54,10.5,0.55,10.5,0.56,10.6,0.27,0.27,0.094387,1776167662000
1776167663.971,263.971,0.51,50.0,0.47,10.4,0.46,10.5,0.45,10.5,0.44,10.6,0.78,15.0,0.79,15.7,0.8,16.2,0.81,66.89,0.82,17.6,0.22,15.0,0.21,15.7,0.2,16.2,0.19,66.89,0.18,17.6,0.49,50.0,0.53,10.4,0.54,10.5,0.55,10.5,0.56,10.6,0.27,0.27,0.094387,1776167663000
1776167664.973,264.973,0.51,50.0,0.47,10.4,0.46,10.5,0.45,10.5,0.44,10.6,0.78,15.0,0.79,15.7,0.8,16.2,0.81,66.89,0.82,17.6,0.22,15.0,0.21,15.7,0.2,16.2,0.19,66.89,0.18,17.6,0.49,50.0,0.53,10.4,0.54,10.5,0.55,10.5,0.56,10.6,0.27,0.27,0.094385,1776167664000
1776167665.191,265.191,0.65,5.0,0.64,5.0,0.63,5.0,0.62,5.0,0.61,5.0,0.71,34.84,0.75,13.9,0.76,14.3,0.77,14.7,0.78,56.0,0.29,36.25,0.25,13.9,0.24,14.3,0.23,14.7,0.22,56.0,0.5,10.4,0.51,10.4,0.52,10.4,0.53,10.4,0.54,10.5,0.06,0.21,0.094385,1776167664000
1776167665.989,265.989,0.65,5.0,0.64,5.0,0.63,5.0,0.62,5.0,0.61,5.0,0.71,34.84,0.75,13.9,0.76,14.3,0.77,14.7,0.78,56.0,0.29,34.84,0.25,13.9,0.24,14.3,0.23,14.7,0.22,56.0,0.35,5.0,0.36,5.0,0.37,5.0,0.38,5.0,0.39,5.0,0.06,0.06,0.094385,1776167665000
1776167666.997,266.997,0.65,5.0,0.64,5.0,0.63,5.0,0.62,5.0,0.61,5.0,0.71,34.84,0.75,13.9,0.76,14.3,0.77,14.7,0.78,56.0,0.29,34.84,0.25,13.9,0.24,14.3,0.23,14.7,0.22,56.0,0.35,5.0,0.36,5.0,0.37,5.0,0.38,5.0,0.39,5.0,0.06,0.06,0.094387,1776167666000
1776167667.982,267.982,0.65,5.0,0.64,5.0,0.63,5.0,0.62,5.0,0.61,5.0,0.71,34.84,0.75,13.9,0.76,14.3,0.77,14.7,0.78,56.0,0.29,34.84,0.25,13.9,0.24,14.3,0.23,14.7,0.22,56.0,0.35,5.0,0.36,5.0,0.37,5.0,0.38,5.0,0.39,5.0,0.06,0.06,0.094387,1776167667000
1776167668.935,268.935,0.65,5.0,0.64,5.0,0.63,5.0,0.62,5.0,0.61,5.0,0.71,34.84,0.75,13.9,0.76,14.3,0.77,14.7,0.78,56.0,0.29,34.84,0.25,13.9,0.24,14.3,0.23,14.7,0.22,56.0,0.35,5.0,0.36,5.0,0.37,5.0,0.38,5.0,0.39,5.0,0.06,0.06,0.094387,1776167668000
1776167670.028,270.028,0.65,5.0,0.64,5.0,0.63,5.0,0.62,5.0,0.61,5.0,0.71,34.84,0.75,13.9,0.76,14.3,0.77,14.7,0.78,56.0,0.29,34.84,0.25,13.9,0.24,14.3,0.23,14.7,0.22,56.0,0.35,5.0,0.36,5.0,0.37,5.0,0.38,5.0,0.39,5.0,0.06,0.06,0.094387,1776167669000
1776167670.922,270.922,0.65,5.0,0.64,5.0,0.63,5.0,0.62,5.0,0.61,5.0,0.71,34.84,0.75,13.9,0.76,14.3,0.77,14.7,0.78,56.0,0.29,34.84,0.25,13.9,0.24,14.3,0.23,14.7,0.22,56.0,0.35,5.0,0.36,5.0,0.37,5.0,0.38,5.0,0.39,5.0,0.06,0.06,0.094388,1776167670000
1776167671.999,271.999,0.65,5.0,0.64,5.0,0.63,5.0,0.62,5.0,0.61,5.0,0.71,34.84,0.75,13.9,0.76,14.3,0.77,14.7,0.78,56.0,0.29,34.84,0.25,13.9,0.24,14.3,0.23,14.7,0.22,56.0,0.35,5.0,0.36,5.0,0.37,5.0,0.38,5.0,0.39,5.0,0.06,0.06,0.09439,1776167671000
1776167673.403,273.403,0.65,5.0,0.64,5.0,0.63,5.0,0.62,5.0,0.61,5.0,0.71,34.84,0.75,13.9,0.76,14.3,0.77,14.7,0.78,56.0,0.29,34.84,0.25,13.9,0.24,14.3,0.23,14.7,0.22,56.0,0.35,5.0,0.36,5.0,0.37,5.0,0.38,5.0,0.39,5.0,0.06,0.06,0.094392,1776167672000
1776167673.89,273.89,0.65,5.0,0.64,5.0,0.63,5.0,0.62,5.0,0.61,5.0,0.71,34.84,0.75,13.9,0.76,14.3,0.77,14.7,0.78,56.0,0.29,34.84,0.25,13.9,0.24,14.3,0.23,14.7,0.22,56.0,0.35,5.0,0.36,5.0,0.37,5.0,0.38,5.0,0.39,5.0,0.06,0.06,0.094391,1776167673000
1776167674.818,274.818,0.65,5.0,0.64,5.0,0.63,5.0,0.62,5.0,0.61,5.0,0.71,34.84,0.75,13.9,0.76,14.3,0.77,14.7,0.78,56.0,0.29,34.84,0.25,13.9,0.24,14.3,0.23,14.7,0.22,56.0,0.35,5.0,0.36,5.0,0.37,5.0,0.38,5.0,0.39,5.0,0.06,0.06,0.094391,1776167674000
1776167675.815,275.815,0.65,5.0,0.64,5.0,0.63,5.0,0.62,5.0,0.61,5.0,0.71,34.84,0.75,13.9,0.76,14.3,0.77,14.7,0.78,56.0,0.29,34.84,0.25,13.9,0.24,14.3,0.23,14.7,0.22,56.0,0.35,5.0,0.36,5.0,0.37,5.0,0.38,5.0,0.39,5.0,0.06,0.06,0.09439,1776167675000
1776167677.195,277.195,0.65,5.0,0.64,5.0,0.63,5.0,0.62,5.0,0.61,5.0,0.71,34.84,0.75,13.9,0.76,14.3,0.77,14.7,0.78,56.0,0.29,34.84,0.25,13.9,0.24,14.3,0.23,14.7,0.22,56.0,0.35,5.0,0.36,5.0,0.37,5.0,0.38,5.0,0.39,5.0,0.06,0.06,0.094389,1776167676000
1776167678.155,278.155,0.65,5.0,0.64,5.0,0.63,5.0,0.62,5.0,0.61,5.0,0.71,34.84,0.75,13.9,0.76,14.3,0.77,14.7,0.78,56.0,0.29,34.84,0.25,13.9,0.24,14.3,0.23,14.7,0.22,56.0,0.35,5.0,0.36,5.0,0.37,5.0,0.38,5.0,0.39,5.0,0.06,0.06,0.094386,1776167677000
1776167679.151,279.151,0.65,5.0,0.64,5.0,0.63,5.0,0.62,5.0,0.61,5.0,0.71,34.84,0.75,13.9,0.76,14.3,0.77,14.7,0.78,56.0,0.29,34.84,0.25,13.9,0.24,14.3,0.23,14.7,0.22,56.0,0.35,5.0,0.36,5.0,0.37,5.0,0.38,5.0,0.39,5.0,0.06,0.06,0.094386,1776167678000
1776167680.138,280.138,0.65,5.0,0.64,5.0,0.63,5.0,0.62,5.0,0.61,5.0,0.71,34.84,0.75,13.9,0.76,14.3,0.77,14.7,0.78,56.0,0.29,34.84,0.25,13.9,0.24,14.3,0.23,14.7,0.22,56.0,0.35,5.0,0.36,5.0,0.37,5.0,0.38,5.0,0.39,5.0,0.06,0.06,0.094386,1776167679000
1776167681.036,281.036,0.65,5.0,0.64,5.0,0.63,5.0,0.62,5.0,0.61,5.0,0.71,34.84,0.75,13.9,0.76,14.3,0.77,14.7,0.78,56.0,0.29,34.84,0.25,13.9,0.24,14.3,0.23,14.7,0.22,56.0,0.35,5.0,0.36,5.0,0.37,5.0,0.38,5.0,0.39,5.0,0.06,0.06,0.094386,1776167680000
1776167682.017,282.017,0.65,5.0,0.64,5.0,0.63,5.0,0.62,5.0,0.61,5.0,0.71,34.84,0.75,13.9,0.76,14.3,0.77,14.7,0.78,56.0,0.29,34.84,0.25,13.9,0.24,14.3,0.23,14.7,0.22,56.0,0.35,5.0,0.36,5.0,0.37,5.0,0.38,5.0,0.39,5.0,0.06,0.06,0.094386,1776167681000
1776167682.919,282.919,0.61,50.0,0.51,50.0,0.41,50.0,0.31,50.0,0.21,50.0,0.65,50.83,0.91,50.0,0.95,5.0,0.96,5.0,0.98,365.0,0.35,50.83,0.09,50.0,0.05,5.0,0.04,5.0,0.02,365.0,0.39,50.0,0.49,50.0,0.59,50.0,0.69,50.0,0.79,50.0,0.04,0.04,0.094387,1776167682000
1776167683.882,283.882,0.61,50.0,0.51,50.0,0.41,50.0,0.31,50.0,0.21,50.0,0.65,50.83,0.91,50.0,0.95,5.0,0.96,5.0,0.98,365.0,0.35,50.83,0.09,50.0,0.05,5.0,0.04,5.0,0.02,365.0,0.39,50.0,0.49,50.0,0.59,50.0,0.69,50.0,0.79,50.0,0.04,0.04,0.094387,1776167683000
1776167684.837,284.837,0.64,5.0,0.63,5.0,0.62,5.0,0.61,55.0,0.51,50.0,0.65,16.83,0.91,50.0,0.95,5.0,0.96,5.0,0.98,15.0,0.35,50.83,0.09,50.0,0.05,5.0,0.04,5.0,0.02,365.0,0.39,50.0,0.49,50.0,0.59,50.0,0.69,50.0,0.79,50.0,0.01,0.04,0.094387,1776167683000
1776167685.123,285.123,0.61,50.0,0.51,50.0,0.41,50.0,0.31,50.0,0.21,50.0,0.65,11.75,0.91,50.0,0.95,5.0,0.96,5.0,0.98,15.0,0.35,16.83,0.09,50.0,0.05,5.0,0.04,5.0,0.02,15.0,0.36,5.0,0.37,5.0,0.38,5.0,0.39,55.0,0.49,50.0,0.04,0.01,0.094387,1776167684000
1776167686.399,286.399,0.61,50.0,0.51,50.0,0.41,50.0,0.31,50.0,0.21,50.0,0.65,11.75,0.91,50.0,0.95,5.0,0.96,5.0,0.98,15.0,0.35,11.75,0.09,50.0,0.05,5.0,0.04,5.0,0.02,15.0,0.39,50.0,0.49,50.0,0.59,50.0,0.69,50.0,0.79,50.0,0.04,0.04,0.094387,1776167685000
1776167686.959,286.959,0.61,50.0,0.51,50.0,0.41,50.0,0.31,50.0,0.21,50.0,0.65,11.75,0.91,50.0,0.95,5.0,0.96,5.0,0.98,15.0,0.35,11.75,0.09,50.0,0.05,5.0,0.04,5.0,0.02,15.0,0.39,50.0,0.49,50.0,0.59,50.0,0.69,50.0,0.79,50.0,0.04,0.04,0.094387,1776167686000
1776167687.313,287.313,0.71,38.25,0.61,73.36,0.51,50.0,0.41,50.0,0.31,50.0,0.72,5.0,0.92,62.0,0.95,5.0,0.96,5.0,0.98,15.0,0.35,11.75,0.09,50.0,0.05,5.0,0.04,5.0,0.02,15.0,0.39,50.0,0.49,50.0,0.59,50.0,0.69,50.0,0.79,50.0,0.01,0.04,0.094387,1776167686000
1776167687.937,287.937,0.71,38.25,0.61,50.0,0.6,5.0,0.51,50.0,0.41,50.0,0.92,62.0,0.95,5.0,0.96,5.0,0.98,15.0,0.99,6501.09,0.28,5.0,0.08,62.0,0.05,5.0,0.04,5.0,0.02,15.0,0.29,38.25,0.39,73.36,0.49,50.0,0.59,50.0,0.69,50.0,0.21,0.01,0.094387,1776167686000
1776167689.163,289.163,0.71,38.25,0.61,50.0,0.6,5.0,0.51,50.0,0.41,50.0,0.92,62.0,0.95,5.0,0.96,5.0,0.98,15.0,0.99,6501.09,0.08,62.0,0.05,5.0,0.04,5.0,0.02,15.0,0.01,6501.09,0.29,38.25,0.39,50.0,0.4,5.0,0.49,50.0,0.59,50.0,0.21,0.21,0.094386,1776167688000
1776167690.284,290.284,0.71,38.25,0.61,50.0,0.6,5.0,0.51,50.0,0.41,50.0,0.92,62.0,0.95,5.0,0.96,5.0,0.98,15.0,0.99,6501.09,0.08,62.0,0.05,5.0,0.04,5.0,0.02,15.0,0.01,6501.09,0.29,38.25,0.39,50.0,0.4,5.0,0.49,50.0,0.59,50.0,0.21,0.21,0.094386,1776167689000
1776167691.303,291.303,0.71,38.25,0.61,50.0,0.6,5.0,0.51,50.0,0.41,50.0,0.92,62.0,0.95,5.0,0.96,5.0,0.98,15.0,0.99,6501.09,0.08,62.0,0.05,5.0,0.04,5.0,0.02,15.0,0.01,6501.09,0.29,38.25,0.39,50.0,0.4,5.0,0.49,50.0,0.59,50.0,0.21,0.21,0.094386,1776167690000
1776167693.633,293.633,0.71,38.25,0.61,50.0,0.6,5.0,0.51,50.0,0.41,50.0,0.92,62.0,0.95,5.0,0.96,5.0,0.98,15.0,0.99,6501.09,0.08,62.0,0.05,5.0,0.04,5.0,0.02,15.0,0.01,6501.09,0.29,38.25,0.39,50.0,0.4,5.0,0.49,50.0,0.59,50.0,0.21,0.21,0.094387,1776167692000
1776167694.152,294.152,0.71,38.25,0.61,50.0,0.6,5.0,0.51,50.0,0.41,50.0,0.92,62.0,0.95,5.0,0.96,5.0,0.98,15.0,0.99,6501.09,0.08,62.0,0.05,5.0,0.04,5.0,0.02,15.0,0.01,6501.09,0.29,38.25,0.39,50.0,0.4,5.0,0.49,50.0,0.59,50.0,0.21,0.21,0.094387,1776167693000
1776167695.474,295.474,0.81,50.0,0.71,38.25,0.61,50.0,0.51,50.0,0.41,50.0,0.96,5.0,0.98,15.0,0.99,1421.09,,,,,0.04,5.0,0.02,15.0,0.01,1421.09,,,,,0.19,50.0,0.29,38.25,0.39,50.0,0.49,50.0,0.59,50.0,0.15,0.15,0.094387,1776167694000
1776167695.769,295.769,0.81,50.0,0.71,38.25,0.61,50.0,0.53,9.0,0.51,50.0,0.99,1420.58,,,,,,,,,0.04,5.0,0.02,15.0,0.01,1421.09,,,,,0.19,50.0,0.29,38.25,0.39,50.0,0.49,50.0,0.59,50.0,0.18,0.15,0.094387,1776167694000
1776167696.052,296.052,0.81,50.0,0.71,38.25,0.61,50.0,0.53,9.0,0.51,50.0,0.99,1420.58,,,,,,,,,0.01,1420.58,,,,,,,,,0.19,50.0,0.29,38.25,0.39,50.0,0.47,9.0,0.49,50.0,0.18,0.18,0.094387,1776167695000
1776167697.345,297.345,0.81,50.0,0.71,38.25,0.61,50.0,0.53,9.0,0.51,50.0,0.99,144.41,,,,,,,,,0.01,1420.58,,,,,,,,,0.19,50.0,0.29,38.25,0.39,50.0,0.47,9.0,0.49,50.0,0.18,0.18,0.094387,1776167695000
1776167697.911,297.911,0.81,50.0,0.71,38.25,0.61,50.0,0.53,9.0,0.51,50.0,0.99,101.0,,,,,,,,,0.01,104.0,,,,,,,,,0.19,50.0,0.29,38.25,0.39,50.0,0.47,9.0,0.49,50.0,0.18,0.18,0.094387,1776167695000
1776167698.225,298.225,0.81,50.0,0.71,38.25,0.61,56.0,0.53,9.0,0.51,57.0,0.99,89.98,,,,,,,,,0.01,94.98,,,,,,,,,0.19,50.0,0.29,38.25,0.39,56.0,0.47,9.0,0.49,57.0,0.18,0.18,0.094387,1776167696000
1776167698.425,298.425,0.71,38.25,0.61,56.0,0.53,9.0,0.51,57.0,0.41,58.0,0.99,57.98,,,,,,,,,0.01,79.98,,,,,,,,,0.19,29.15,0.29,38.25,0.39,56.0,0.47,9.0,0.49,57.0,0.28,0.18,0.094387,1776167696000
1776167698.635,298.635,0.71,46.25,0.61,56.0,0.53,9.0,0.51,57.0,0.41,58.0,0.99,29.35,,,,,,,,,0.01,39.35,,,,,,,,,0.29,38.25,0.39,56.0,0.47,9.0,0.49,57.0,0.59,58.0,0.28,0.28,0.094388,1776167697000
1776167699.1,299.1,0.71,46.25,0.61,56.0,0.53,9.0,0.51,57.0,0.41,58.0,0.99,29.35,,,,,,,,,0.01,29.35,,,,,,,,,0.29,46.25,0.39,56.0,0.47,9.0,0.49,57.0,0.59,58.0,0.28,0.28,0.094388,1776167698000
1776167700.262,300.262,0.99,770.65,0.71,8.0,0.61,6.0,0.53,9.0,0.51,7.0,,,,,,,,,,,,,,,,,,,,,0.01,770.65,0.29,8.0,0.39,6.0,0.47,9.0,0.49,7.0,,,0.094388,1776167699000
1776167700.914,300.914,0.99,10241.48,0.79,9.0,0.77,5.0,0.66,26.0,0.65,100.0,,,,,,,,,,,,,,,,,,,,,0.01,10241.48,0.21,9.0,0.23,5.0,0.34,26.0,0.35,100.0,,,0.094388,1776167700000
1776167702.115,302.115,0.99,10241.48,0.79,9.0,0.77,5.0,0.66,26.0,0.65,100.0,,,,,,,,,,,,,,,,,,,,,0.01,10241.48,0.21,9.0,0.23,5.0,0.34,26.0,0.35,100.0,,,0.094384,1776167701000

# RESULT,winner=Up,slug=doge-updown-5m-1776167400,ticks=312
