timestamp,elapsed_sec,up_bid_p1,up_bid_s1,up_bid_p2,up_bid_s2,up_ask_p1,up_ask_s1,up_ask_p2,up_ask_s2,down_bid_p1,down_bid_s1,down_bid_p2,down_bid_s2,down_ask_p1,down_ask_s1,down_ask_p2,down_ask_s2,up_spread,down_spread,doge_price,doge_oracle_ts
1776214511.321,11.321,,,,,,,,,,,,,,,,,,,0.093263,1776214510000
1776214511.649,11.649,0.43,10.0,0.41,50.0,0.53,15.0,0.54,5.0,0.47,15.0,0.46,5.0,0.57,10.0,0.59,50.0,0.1,0.1,0.093263,1776214510000
1776214511.856,11.856,0.43,10.0,0.41,50.0,0.53,15.0,0.54,5.0,0.47,15.0,0.46,5.0,0.57,10.0,0.59,50.0,0.1,0.1,0.093266,1776214511000
1776214513.419,13.419,0.43,10.0,0.41,50.0,0.53,15.0,0.54,5.0,0.47,15.0,0.46,5.0,0.57,10.0,0.59,50.0,0.1,0.1,0.093267,1776214512000
1776214513.963,13.963,0.43,10.0,0.41,50.0,0.53,15.0,0.54,5.0,0.47,15.0,0.46,5.0,0.57,10.0,0.59,50.0,0.1,0.1,0.093267,1776214513000
1776214514.997,14.997,0.43,10.0,0.41,50.0,0.53,15.0,0.54,5.0,0.47,15.0,0.46,5.0,0.57,10.0,0.59,50.0,0.1,0.1,0.093268,1776214514000
1776214515.263,15.263,0.43,9.4,0.41,50.0,0.53,5.0,0.54,5.0,0.47,15.0,0.46,5.0,0.57,10.0,0.59,50.0,0.1,0.1,0.093268,1776214514000
1776214515.991,15.991,0.43,9.4,0.41,50.0,0.53,5.0,0.54,5.0,0.47,5.0,0.46,5.0,0.57,9.4,0.59,50.0,0.1,0.1,0.093267,1776214515000
1776214517.06,17.06,0.43,9.4,0.41,50.0,0.53,5.0,0.54,5.0,0.47,5.0,0.46,5.0,0.57,9.4,0.59,50.0,0.1,0.1,0.093267,1776214516000
1776214518.05,18.05,0.43,9.4,0.41,50.0,0.53,5.0,0.54,5.0,0.47,5.0,0.46,5.0,0.57,9.4,0.59,50.0,0.1,0.1,0.093267,1776214517000
1776214519.019,19.019,0.43,9.4,0.41,50.0,0.53,5.0,0.54,5.0,0.47,5.0,0.46,5.0,0.57,9.4,0.59,50.0,0.1,0.1,0.093265,1776214518000
1776214520.046,20.046,0.43,9.4,0.41,50.0,0.53,5.0,0.54,5.0,0.47,5.0,0.46,5.0,0.57,9.4,0.59,50.0,0.1,0.1,0.093266,1776214519000
1776214521.118,21.118,0.43,9.4,0.41,50.0,0.53,5.0,0.54,5.0,0.47,5.0,0.46,5.0,0.57,9.4,0.59,50.0,0.1,0.1,0.093267,1776214520000
1776214522.059,22.059,0.43,9.4,0.41,50.0,0.53,5.0,0.54,5.0,0.47,5.0,0.46,5.0,0.57,9.4,0.59,50.0,0.1,0.1,0.093267,1776214521000
1776214523.041,23.041,0.43,9.4,0.41,50.0,0.53,5.0,0.54,5.0,0.47,5.0,0.46,5.0,0.57,9.4,0.59,50.0,0.1,0.1,0.093265,1776214522000
1776214524.036,24.036,0.43,9.4,0.41,50.0,0.53,5.0,0.54,5.0,0.47,5.0,0.46,5.0,0.57,9.4,0.59,50.0,0.1,0.1,0.093264,1776214523000
1776214525.061,25.061,0.43,9.4,0.41,50.0,0.53,5.0,0.54,5.0,0.47,5.0,0.46,5.0,0.57,9.4,0.59,50.0,0.1,0.1,0.093265,1776214524000
1776214526.017,26.017,0.43,9.4,0.41,50.0,0.53,5.0,0.54,5.0,0.47,5.0,0.46,5.0,0.57,9.4,0.59,50.0,0.1,0.1,0.093266,1776214525000
1776214527.041,27.041,0.43,9.4,0.41,50.0,0.53,5.0,0.54,5.0,0.47,5.0,0.46,5.0,0.57,9.4,0.59,50.0,0.1,0.1,0.093266,1776214526000
1776214527.955,27.955,0.43,9.4,0.41,50.0,0.53,5.0,0.54,5.0,0.47,5.0,0.46,5.0,0.57,9.4,0.59,50.0,0.1,0.1,0.093266,1776214527000
1776214528.948,28.948,0.43,9.4,0.41,50.0,0.53,5.0,0.54,5.0,0.47,5.0,0.46,5.0,0.57,9.4,0.59,50.0,0.1,0.1,0.093266,1776214528000
1776214529.889,29.889,0.43,9.4,0.41,50.0,0.53,5.0,0.54,5.0,0.47,5.0,0.46,5.0,0.57,9.4,0.59,50.0,0.1,0.1,0.093267,1776214529000
1776214530.834,30.834,0.43,9.4,0.41,50.0,0.53,5.0,0.54,5.0,0.47,5.0,0.46,5.0,0.57,9.4,0.59,50.0,0.1,0.1,0.093272,1776214530000
1776214532.235,32.235,0.43,9.4,0.41,50.0,0.53,5.0,0.54,5.0,0.47,5.0,0.46,5.0,0.57,9.4,0.59,50.0,0.1,0.1,0.093278,1776214531000
1776214533.131,33.131,0.43,9.4,0.41,50.0,0.53,5.0,0.54,5.0,0.47,5.0,0.46,5.0,0.57,9.4,0.59,50.0,0.1,0.1,0.093279,1776214532000
1776214534.041,34.041,0.43,9.4,0.41,50.0,0.53,5.0,0.54,5.0,0.47,5.0,0.46,5.0,0.57,9.4,0.59,50.0,0.1,0.1,0.093279,1776214533000
1776214535.149,35.149,0.43,9.4,0.41,50.0,0.53,5.0,0.54,5.0,0.47,5.0,0.46,5.0,0.57,9.4,0.59,50.0,0.1,0.1,0.093279,1776214534000
1776214536.022,36.022,0.43,9.4,0.41,50.0,0.53,5.0,0.54,5.0,0.47,5.0,0.46,5.0,0.57,9.4,0.59,50.0,0.1,0.1,0.093276,1776214535000
1776214537.047,37.047,0.43,9.4,0.41,50.0,0.53,5.0,0.54,5.0,0.47,5.0,0.46,5.0,0.57,9.4,0.59,50.0,0.1,0.1,0.09328,1776214536000
1776214538.442,38.442,0.43,9.4,0.41,50.0,0.53,5.0,0.54,5.0,0.47,5.0,0.46,5.0,0.57,9.4,0.59,50.0,0.1,0.1,0.093279,1776214537000
1776214539.078,39.078,0.43,9.4,0.41,50.0,0.53,5.0,0.54,5.0,0.47,5.0,0.46,5.0,0.57,9.4,0.59,50.0,0.1,0.1,0.093271,1776214538000
1776214540.132,40.132,0.43,9.4,0.41,50.0,0.53,5.0,0.54,5.0,0.47,5.0,0.46,5.0,0.57,9.4,0.59,50.0,0.1,0.1,0.093278,1776214539000
1776214541.168,41.168,0.43,9.4,0.41,50.0,0.53,5.0,0.54,5.0,0.47,5.0,0.46,5.0,0.57,9.4,0.59,50.0,0.1,0.1,0.093278,1776214540000
1776214542.232,42.232,0.43,9.4,0.41,50.0,0.53,5.0,0.54,5.0,0.47,5.0,0.46,5.0,0.57,9.4,0.59,50.0,0.1,0.1,0.093278,1776214541000
1776214543.204,43.204,0.43,9.4,0.41,50.0,0.53,5.0,0.54,5.0,0.47,5.0,0.46,5.0,0.57,9.4,0.59,50.0,0.1,0.1,0.093277,1776214542000
1776214544.293,44.293,0.43,9.4,0.41,50.0,0.53,5.0,0.54,5.0,0.47,5.0,0.46,5.0,0.57,9.4,0.59,50.0,0.1,0.1,0.093277,1776214543000
1776214544.904,44.904,0.43,9.4,0.41,50.0,0.53,5.0,0.54,5.0,0.47,5.0,0.46,5.0,0.57,9.4,0.59,50.0,0.1,0.1,0.093277,1776214544000
1776214545.945,45.945,0.43,9.4,0.41,50.0,0.53,5.0,0.54,5.0,0.47,5.0,0.46,5.0,0.57,9.4,0.59,50.0,0.1,0.1,0.093282,1776214545000
1776214546.982,46.982,0.43,9.4,0.41,50.0,0.53,5.0,0.54,5.0,0.47,5.0,0.46,5.0,0.57,9.4,0.59,50.0,0.1,0.1,0.093298,1776214546000
1776214548.093,48.093,0.43,9.4,0.41,50.0,0.53,5.0,0.54,5.0,0.47,5.0,0.46,5.0,0.57,9.4,0.59,50.0,0.1,0.1,0.093298,1776214547000
1776214549.043,49.043,0.43,9.4,0.41,50.0,0.53,5.0,0.54,5.0,0.47,5.0,0.46,5.0,0.57,9.4,0.59,50.0,0.1,0.1,0.0933,1776214548000
1776214550.046,50.046,0.43,9.4,0.41,50.0,0.53,5.0,0.54,5.0,0.47,5.0,0.46,5.0,0.57,9.4,0.59,50.0,0.1,0.1,0.093301,1776214549000
1776214551.227,51.227,0.43,9.4,0.41,50.0,0.53,5.0,0.54,5.0,0.47,5.0,0.46,5.0,0.57,9.4,0.59,50.0,0.1,0.1,0.093299,1776214550000
1776214552.063,52.063,0.43,9.4,0.41,50.0,0.53,5.0,0.54,5.0,0.47,5.0,0.46,5.0,0.57,9.4,0.59,50.0,0.1,0.1,0.093299,1776214551000
1776214553.158,53.158,0.43,9.4,0.41,50.0,0.53,5.0,0.54,5.0,0.47,5.0,0.46,5.0,0.57,9.4,0.59,50.0,0.1,0.1,0.093301,1776214552000
1776214554.313,54.313,0.43,9.4,0.41,50.0,0.53,5.0,0.54,5.0,0.47,5.0,0.46,5.0,0.57,9.4,0.59,50.0,0.1,0.1,0.093299,1776214553000
1776214555.562,55.562,0.43,9.4,0.41,50.0,0.53,5.0,0.54,5.0,0.47,5.0,0.46,5.0,0.57,9.4,0.59,50.0,0.1,0.1,0.093298,1776214554000
1776214556.104,56.104,0.43,9.4,0.41,50.0,0.53,5.0,0.54,5.0,0.47,5.0,0.46,5.0,0.57,9.4,0.59,50.0,0.1,0.1,0.093298,1776214555000
1776214557.161,57.161,0.43,9.4,0.41,50.0,0.53,5.0,0.54,5.0,0.47,5.0,0.46,5.0,0.57,9.4,0.59,50.0,0.1,0.1,0.093298,1776214556000
1776214558.294,58.294,0.43,9.4,0.41,50.0,0.53,5.0,0.54,5.0,0.47,5.0,0.46,5.0,0.57,9.4,0.59,50.0,0.1,0.1,0.093297,1776214557000
1776214558.841,58.841,0.43,9.4,0.41,50.0,0.53,5.0,0.54,5.0,0.47,5.0,0.46,5.0,0.57,9.4,0.59,50.0,0.1,0.1,0.093297,1776214558000
1776214559.963,59.963,0.43,9.4,0.41,50.0,0.53,5.0,0.54,5.0,0.47,5.0,0.46,5.0,0.57,9.4,0.59,50.0,0.1,0.1,0.093297,1776214559000
1776214561.141,61.141,0.43,9.4,0.41,50.0,0.53,5.0,0.54,5.0,0.47,5.0,0.46,5.0,0.57,9.4,0.59,50.0,0.1,0.1,0.093297,1776214560000
1776214562.272,62.272,0.43,9.4,0.41,50.0,0.53,5.0,0.54,5.0,0.47,5.0,0.46,5.0,0.57,9.4,0.59,50.0,0.1,0.1,0.093297,1776214561000
1776214563.336,63.336,0.43,9.4,0.41,50.0,0.53,5.0,0.54,5.0,0.47,5.0,0.46,5.0,0.57,9.4,0.59,50.0,0.1,0.1,0.093298,1776214562000
1776214563.957,63.957,0.43,9.4,0.41,50.0,0.53,5.0,0.54,5.0,0.47,5.0,0.46,5.0,0.57,9.4,0.59,50.0,0.1,0.1,0.093298,1776214563000
1776214565.048,65.048,0.43,9.4,0.41,50.0,0.53,5.0,0.54,5.0,0.47,5.0,0.46,5.0,0.57,9.4,0.59,50.0,0.1,0.1,0.093299,1776214564000
1776214566.818,66.818,0.43,9.4,0.41,50.0,0.53,5.0,0.54,5.0,0.47,5.0,0.46,5.0,0.57,9.4,0.59,50.0,0.1,0.1,0.093298,1776214565000
1776214574.985,74.985,0.43,9.4,0.41,50.0,0.53,5.0,0.54,5.0,0.47,5.0,0.46,5.0,0.57,9.4,0.59,50.0,0.1,0.1,0.093297,1776214574000
1776214576.572,76.572,0.43,9.4,0.41,50.0,0.53,5.0,0.54,5.0,0.47,5.0,0.46,5.0,0.57,9.4,0.59,50.0,0.1,0.1,0.093297,1776214575000
1776214577.445,77.445,0.43,9.4,0.41,50.0,0.53,5.0,0.54,5.0,0.47,5.0,0.46,5.0,0.57,9.4,0.59,50.0,0.1,0.1,0.093297,1776214576000
1776214578.159,78.159,0.43,9.4,0.41,50.0,0.53,5.0,0.54,5.0,0.47,5.0,0.46,5.0,0.57,9.4,0.59,50.0,0.1,0.1,0.093296,1776214577000
1776214579.584,79.584,0.43,9.4,0.41,50.0,0.53,5.0,0.54,5.0,0.47,5.0,0.46,5.0,0.57,9.4,0.59,50.0,0.1,0.1,0.093296,1776214578000
1776214580.108,80.108,0.54,11.15,0.53,15.4,0.65,10.0,0.69,12.2,0.47,5.0,0.46,5.0,0.57,9.4,0.59,50.0,0.11,0.1,0.093296,1776214578000
1776214580.909,80.909,0.54,11.15,0.53,15.4,0.65,10.0,0.69,12.2,0.35,10.0,0.31,12.2,0.46,11.15,0.47,15.4,0.11,0.11,0.093298,1776214580000
1776214582.589,82.589,0.54,11.15,0.53,15.4,0.65,10.0,0.69,12.2,0.35,10.0,0.31,12.2,0.46,11.15,0.47,15.4,0.11,0.11,0.093299,1776214581000
1776214583.285,83.285,0.54,11.15,0.53,15.4,0.65,10.0,0.69,12.2,0.35,10.0,0.31,12.2,0.46,11.15,0.47,15.4,0.11,0.11,0.093299,1776214582000
1776214584.047,84.047,0.54,11.15,0.53,15.4,0.65,10.0,0.69,12.2,0.35,10.0,0.31,12.2,0.46,11.15,0.47,15.4,0.11,0.11,0.093299,1776214583000
1776214586.159,86.159,0.54,11.15,0.53,15.4,0.65,10.0,0.69,12.2,0.35,10.0,0.31,12.2,0.46,11.15,0.47,15.4,0.11,0.11,0.093301,1776214584000
1776214587.329,87.329,0.54,11.15,0.53,15.4,0.65,10.0,0.69,12.2,0.35,10.0,0.31,12.2,0.46,11.15,0.47,15.4,0.11,0.11,0.093309,1776214585000
1776214587.743,87.743,0.61,60.9,0.6,10.8,0.69,5.0,0.73,12.0,0.35,10.0,0.31,12.2,0.46,11.15,0.47,15.4,0.08,0.11,0.093309,1776214585000
1776214588.673,88.673,0.61,60.9,0.6,10.8,0.69,5.0,0.73,12.0,0.31,5.0,0.27,12.0,0.39,60.9,0.4,10.8,0.08,0.08,0.09331,1776214586000
1776214589.635,89.635,0.61,60.9,0.6,10.8,0.69,5.0,0.73,12.0,0.31,5.0,0.27,12.0,0.39,60.9,0.4,10.8,0.08,0.08,0.093311,1776214588000
1776214590.768,90.768,0.61,60.9,0.6,10.8,0.69,5.0,0.73,12.0,0.31,5.0,0.27,12.0,0.39,60.9,0.4,10.8,0.08,0.08,0.093311,1776214589000
1776214591.818,91.818,0.61,60.9,0.6,10.8,0.69,5.0,0.73,12.0,0.31,5.0,0.27,12.0,0.39,60.9,0.4,10.8,0.08,0.08,0.093311,1776214590000
1776214592.973,92.973,0.61,60.9,0.6,10.8,0.69,5.0,0.73,12.0,0.31,5.0,0.27,12.0,0.39,60.9,0.4,10.8,0.08,0.08,0.093311,1776214591000
1776214593.943,93.943,0.61,60.9,0.6,10.8,0.69,5.0,0.73,12.0,0.31,5.0,0.27,12.0,0.39,60.9,0.4,10.8,0.08,0.08,0.093312,1776214592000
1776214594.943,94.943,0.61,60.9,0.6,10.8,0.69,5.0,0.73,12.0,0.31,5.0,0.27,12.0,0.39,60.9,0.4,10.8,0.08,0.08,0.093312,1776214593000
1776214595.813,95.813,0.61,60.9,0.6,10.8,0.69,5.0,0.73,12.0,0.31,5.0,0.27,12.0,0.39,60.9,0.4,10.8,0.08,0.08,0.093305,1776214594000
1776214596.74,96.74,0.61,60.9,0.6,10.8,0.69,5.0,0.73,12.0,0.31,5.0,0.27,12.0,0.39,60.9,0.4,10.8,0.08,0.08,0.093305,1776214595000
1776214597.73,97.73,0.61,60.9,0.6,10.8,0.69,5.0,0.73,12.0,0.31,5.0,0.27,12.0,0.39,60.9,0.4,10.8,0.08,0.08,0.093305,1776214596000
1776214598.53,98.53,0.61,60.9,0.6,10.8,0.69,5.0,0.73,12.0,0.31,5.0,0.27,12.0,0.39,60.9,0.4,10.8,0.08,0.08,0.093304,1776214597000
1776214599.536,99.536,0.61,60.9,0.6,10.8,0.69,5.0,0.73,12.0,0.31,5.0,0.27,12.0,0.39,60.9,0.4,10.8,0.08,0.08,0.093304,1776214598000
1776214600.228,100.228,0.61,60.9,0.6,10.8,0.69,5.0,0.73,12.0,0.31,5.0,0.27,12.0,0.39,60.9,0.4,10.8,0.08,0.08,0.093304,1776214599000
1776214601.304,101.304,0.61,60.9,0.6,10.8,0.69,5.0,0.73,12.0,0.31,5.0,0.27,12.0,0.39,60.9,0.4,10.8,0.08,0.08,0.093305,1776214600000
1776214602.318,102.318,0.61,60.9,0.6,10.8,0.69,5.0,0.73,12.0,0.31,5.0,0.27,12.0,0.39,60.9,0.4,10.8,0.08,0.08,0.093306,1776214601000
1776214603.256,103.256,0.61,60.9,0.6,10.8,0.69,5.0,0.73,12.0,0.31,5.0,0.27,12.0,0.39,60.9,0.4,10.8,0.08,0.08,0.093315,1776214602000
1776214604.918,104.918,0.61,60.9,0.6,10.8,0.69,5.0,0.73,12.0,0.31,5.0,0.27,12.0,0.39,60.9,0.4,10.8,0.08,0.08,0.093316,1776214603000
1776214605.714,105.714,0.61,60.9,0.6,10.8,0.69,5.0,0.73,12.0,0.31,5.0,0.27,12.0,0.39,60.9,0.4,10.8,0.08,0.08,0.093316,1776214604000
1776214606.364,106.364,0.61,60.9,0.6,10.8,0.69,5.0,0.73,12.0,0.31,5.0,0.27,12.0,0.39,60.9,0.4,10.8,0.08,0.08,0.093316,1776214605000
1776214607.109,107.109,0.61,60.9,0.6,10.8,0.69,5.0,0.73,12.0,0.31,5.0,0.27,12.0,0.39,60.9,0.4,10.8,0.08,0.08,0.093316,1776214606000
1776214608.684,108.684,0.61,60.9,0.6,10.8,0.69,5.0,0.73,12.0,0.31,5.0,0.27,12.0,0.39,60.9,0.4,10.8,0.08,0.08,0.093317,1776214607000
1776214609.762,109.762,0.61,60.9,0.6,10.8,0.69,5.0,0.73,12.0,0.31,5.0,0.27,12.0,0.39,60.9,0.4,10.8,0.08,0.08,0.093317,1776214608000
1776214610.859,110.859,0.61,60.9,0.6,10.8,0.69,5.0,0.73,12.0,0.31,5.0,0.27,12.0,0.39,60.9,0.4,10.8,0.08,0.08,0.093317,1776214609000
1776214611.611,111.611,0.61,60.9,0.6,10.8,0.69,5.0,0.73,12.0,0.31,5.0,0.27,12.0,0.39,60.9,0.4,10.8,0.08,0.08,0.093317,1776214610000
1776214612.447,112.447,0.61,60.9,0.6,10.8,0.69,5.0,0.73,12.0,0.31,5.0,0.27,12.0,0.39,60.9,0.4,10.8,0.08,0.08,0.093319,1776214611000
1776214612.8,112.8,0.65,11.4,0.64,16.3,0.74,5.0,0.76,13.0,0.31,5.0,0.27,12.0,0.39,60.9,0.4,10.8,0.09,0.08,0.093319,1776214611000
1776214613.155,113.155,0.65,11.4,0.64,16.3,0.74,5.0,0.76,13.0,0.26,5.0,0.24,13.0,0.35,11.4,0.36,16.3,0.09,0.09,0.093319,1776214612000
1776214614.461,114.461,0.65,11.4,0.64,16.3,0.74,5.0,0.76,13.0,0.26,5.0,0.24,13.0,0.35,11.4,0.36,16.3,0.09,0.09,0.09332,1776214613000
1776214615.093,115.093,0.65,11.4,0.64,16.3,0.74,5.0,0.76,13.0,0.26,5.0,0.24,13.0,0.35,11.4,0.36,16.3,0.09,0.09,0.09332,1776214614000
1776214616.452,116.452,0.65,11.4,0.64,16.3,0.76,18.0,0.78,15.2,0.24,18.0,0.22,15.2,0.35,11.4,0.36,16.3,0.11,0.11,0.093321,1776214615000
1776214617.072,117.072,0.65,11.4,0.64,16.3,0.76,18.0,0.78,15.2,0.24,18.0,0.22,15.2,0.35,11.4,0.36,16.3,0.11,0.11,0.093321,1776214616000
1776214618.276,118.276,0.65,11.4,0.64,16.3,0.76,18.0,0.78,15.2,0.24,18.0,0.22,15.2,0.35,11.4,0.36,16.3,0.11,0.11,0.09332,1776214617000
1776214618.916,118.916,0.65,11.4,0.64,16.3,0.76,18.0,0.78,15.2,0.24,18.0,0.22,15.2,0.35,11.4,0.36,16.3,0.11,0.11,0.09332,1776214618000
1776214620.121,120.121,0.65,11.4,0.64,16.3,0.76,18.0,0.78,15.2,0.24,18.0,0.22,15.2,0.35,11.4,0.36,16.3,0.11,0.11,0.093307,1776214619000
1776214621.915,121.915,0.65,11.4,0.64,16.3,0.76,18.0,0.78,15.2,0.24,18.0,0.22,15.2,0.35,11.4,0.36,16.3,0.11,0.11,0.093309,1776214620000
1776214622.506,122.506,0.65,11.4,0.64,16.3,0.76,18.0,0.78,15.2,0.24,18.0,0.22,15.2,0.35,11.4,0.36,16.3,0.11,0.11,0.093309,1776214621000
1776214623.12,123.12,0.65,11.4,0.64,16.3,0.76,18.0,0.78,15.2,0.24,18.0,0.22,15.2,0.35,11.4,0.36,16.3,0.11,0.11,0.093309,1776214622000
1776214624.457,124.457,0.65,11.4,0.64,16.3,0.76,18.0,0.78,15.2,0.24,18.0,0.22,15.2,0.35,11.4,0.36,16.3,0.11,0.11,0.093308,1776214623000
1776214625.126,125.126,0.65,11.4,0.64,16.3,0.76,18.0,0.78,15.2,0.24,18.0,0.22,15.2,0.35,11.4,0.36,16.3,0.11,0.11,0.093309,1776214624000
1776214626.481,126.481,0.65,11.4,0.64,16.3,0.76,18.0,0.78,15.2,0.24,18.0,0.22,15.2,0.35,11.4,0.36,16.3,0.11,0.11,0.093308,1776214625000
1776214627.399,127.399,0.65,11.4,0.64,16.3,0.76,18.0,0.78,15.2,0.24,18.0,0.22,15.2,0.35,11.4,0.36,16.3,0.11,0.11,0.093308,1776214626000
1776214628.014,128.014,0.65,11.4,0.64,16.3,0.76,18.0,0.78,15.2,0.24,18.0,0.22,15.2,0.35,11.4,0.36,16.3,0.11,0.11,0.093308,1776214627000
1776214629.095,129.095,0.65,11.4,0.64,16.3,0.76,18.0,0.78,15.2,0.24,18.0,0.22,15.2,0.35,11.4,0.36,16.3,0.11,0.11,0.093308,1776214628000
1776214630.175,130.175,0.65,11.4,0.64,16.3,0.76,18.0,0.78,15.2,0.24,18.0,0.22,15.2,0.35,11.4,0.36,16.3,0.11,0.11,0.093309,1776214629000
1776214631.233,131.233,0.65,11.4,0.64,16.3,0.76,18.0,0.78,15.2,0.24,18.0,0.22,15.2,0.35,11.4,0.36,16.3,0.11,0.11,0.093309,1776214630000
1776214632.366,132.366,0.65,11.4,0.64,16.3,0.76,18.0,0.78,15.2,0.24,18.0,0.22,15.2,0.35,11.4,0.36,16.3,0.11,0.11,0.093308,1776214631000
1776214632.994,132.994,0.65,11.4,0.64,16.3,0.76,18.0,0.78,15.2,0.24,18.0,0.22,15.2,0.35,11.4,0.36,16.3,0.11,0.11,0.093308,1776214632000
1776214634.035,134.035,0.65,11.4,0.64,16.3,0.76,18.0,0.78,15.2,0.24,18.0,0.22,15.2,0.35,11.4,0.36,16.3,0.11,0.11,0.093308,1776214633000
1776214635.115,135.115,0.65,11.4,0.64,16.3,0.76,18.0,0.78,15.2,0.24,18.0,0.22,15.2,0.35,11.4,0.36,16.3,0.11,0.11,0.093308,1776214634000
1776214636.193,136.193,0.65,11.4,0.64,16.3,0.76,18.0,0.78,15.2,0.24,18.0,0.22,15.2,0.35,11.4,0.36,16.3,0.11,0.11,0.093308,1776214635000
1776214637.501,137.501,0.65,11.4,0.64,16.3,0.76,18.0,0.78,15.2,0.24,18.0,0.22,15.2,0.35,11.4,0.36,16.3,0.11,0.11,0.093308,1776214636000
1776214637.982,137.982,0.65,11.4,0.64,16.3,0.76,18.0,0.78,15.2,0.24,18.0,0.22,15.2,0.35,11.4,0.36,16.3,0.11,0.11,0.093308,1776214637000
1776214639.122,139.122,0.65,11.4,0.64,16.3,0.76,18.0,0.78,15.2,0.24,18.0,0.22,15.2,0.35,11.4,0.36,16.3,0.11,0.11,0.093308,1776214638000
1776214640.139,140.139,0.65,11.4,0.64,16.3,0.76,18.0,0.78,15.2,0.24,18.0,0.22,15.2,0.35,11.4,0.36,16.3,0.11,0.11,0.093308,1776214639000
1776214641.8,141.8,0.65,11.4,0.64,16.3,0.76,18.0,0.78,15.2,0.24,18.0,0.22,15.2,0.35,11.4,0.36,16.3,0.11,0.11,0.093308,1776214640000
1776214642.36,142.36,0.65,11.4,0.64,16.3,0.76,18.0,0.78,15.2,0.24,18.0,0.22,15.2,0.35,11.4,0.36,16.3,0.11,0.11,0.093307,1776214641000
1776214643.45,143.45,0.65,11.4,0.64,16.3,0.76,18.0,0.78,15.2,0.24,18.0,0.22,15.2,0.35,11.4,0.36,16.3,0.11,0.11,0.093307,1776214642000
1776214644.909,144.909,0.65,11.4,0.64,16.3,0.76,18.0,0.78,15.2,0.24,18.0,0.22,15.2,0.35,11.4,0.36,16.3,0.11,0.11,0.093307,1776214643000
1776214645.465,145.465,0.65,11.4,0.64,16.3,0.76,18.0,0.78,15.2,0.24,18.0,0.22,15.2,0.35,11.4,0.36,16.3,0.11,0.11,0.093307,1776214644000
1776214646.186,146.186,0.65,11.4,0.64,16.3,0.76,18.0,0.78,15.2,0.24,18.0,0.22,15.2,0.35,11.4,0.36,16.3,0.11,0.11,0.093307,1776214645000
1776214647.294,147.294,0.65,11.4,0.64,16.3,0.76,18.0,0.78,15.2,0.24,18.0,0.22,15.2,0.35,11.4,0.36,16.3,0.11,0.11,0.093307,1776214646000
1776214648.497,148.497,0.65,11.4,0.64,16.3,0.76,18.0,0.78,15.2,0.24,18.0,0.22,15.2,0.35,11.4,0.36,16.3,0.11,0.11,0.093307,1776214647000
1776214649.005,149.005,0.65,11.4,0.64,16.3,0.76,18.0,0.78,15.2,0.24,18.0,0.22,15.2,0.35,11.4,0.36,16.3,0.11,0.11,0.093307,1776214648000
1776214649.286,149.286,0.7,5.0,0.66,5.0,0.77,12.77,0.8,15.0,0.24,18.0,0.22,15.2,0.35,11.4,0.36,16.3,0.07,0.11,0.093307,1776214648000
1776214649.783,149.783,0.71,50.0,0.7,5.0,0.77,7.77,0.8,15.0,0.23,12.77,0.2,15.0,0.3,5.0,0.34,5.0,0.06,0.07,0.093307,1776214648000
1776214650.223,150.223,0.71,50.0,0.7,5.0,0.77,7.77,0.8,15.0,0.23,7.77,0.2,15.0,0.29,50.0,0.3,5.0,0.06,0.06,0.093326,1776214649000
1776214650.469,150.469,0.74,5.0,0.71,50.0,0.8,15.0,0.83,16.0,0.23,7.77,0.2,15.0,0.29,50.0,0.3,5.0,0.06,0.06,0.093326,1776214649000
1776214651.411,151.411,0.74,5.0,0.71,50.0,0.8,15.0,0.83,16.0,0.2,15.0,0.17,16.0,0.26,5.0,0.29,50.0,0.06,0.06,0.093327,1776214650000
1776214651.877,151.877,0.74,5.0,0.71,50.0,0.8,15.0,0.83,16.0,0.2,15.0,0.17,16.0,0.26,5.0,0.29,50.0,0.06,0.06,0.093328,1776214651000
1776214653.031,153.031,0.74,5.0,0.71,50.0,0.8,15.0,0.83,16.0,0.2,15.0,0.17,16.0,0.26,5.0,0.29,50.0,0.06,0.06,0.093338,1776214652000
1776214653.369,153.369,0.78,5.0,0.74,25.0,0.88,1.39,0.89,26.6,0.2,15.0,0.17,16.0,0.26,5.0,0.29,50.0,0.1,0.06,0.093338,1776214652000
1776214654.59,154.59,0.78,5.0,0.74,25.0,0.88,1.39,0.89,26.6,0.12,1.39,0.11,26.6,0.22,5.0,0.26,25.0,0.1,0.1,0.093347,1776214653000
1776214655.188,155.188,0.78,5.0,0.74,25.0,0.88,1.39,0.89,26.6,0.12,1.39,0.11,26.6,0.22,5.0,0.26,25.0,0.1,0.1,0.093345,1776214654000
1776214656.284,156.284,0.78,5.0,0.74,25.0,0.88,1.39,0.89,26.6,0.12,1.39,0.11,26.6,0.22,5.0,0.26,25.0,0.1,0.1,0.093347,1776214655000
1776214657.798,157.798,0.78,5.0,0.74,25.0,0.88,1.39,0.89,26.6,0.12,1.39,0.11,26.6,0.22,5.0,0.26,25.0,0.1,0.1,0.093349,1776214656000
1776214658.329,158.329,0.78,5.0,0.74,25.0,0.88,1.39,0.89,26.6,0.12,1.39,0.11,26.6,0.22,5.0,0.26,25.0,0.1,0.1,0.093348,1776214657000
1776214658.972,158.972,0.78,5.0,0.74,25.0,0.88,1.39,0.89,26.6,0.12,1.39,0.11,26.6,0.22,5.0,0.26,25.0,0.1,0.1,0.093348,1776214658000
1776214659.432,159.432,0.83,1.73,0.82,17.6,0.9,33.9,0.91,36.7,0.12,1.39,0.11,26.6,0.22,5.0,0.26,25.0,0.07,0.1,0.093348,1776214658000
1776214659.973,159.973,0.82,1.73,0.81,16.89,0.9,33.9,0.91,36.7,0.1,33.9,0.09,36.7,0.18,1.73,0.19,16.89,0.08,0.08,0.093349,1776214659000
1776214661.121,161.121,0.82,1.73,0.81,16.89,0.9,33.9,0.91,36.7,0.1,33.9,0.09,36.7,0.18,1.73,0.19,16.89,0.08,0.08,0.093349,1776214660000
1776214662.097,162.097,0.82,1.73,0.81,16.89,0.9,33.9,0.91,36.7,0.1,33.9,0.09,36.7,0.18,1.73,0.19,16.89,0.08,0.08,0.093349,1776214661000
1776214663.119,163.119,0.82,1.73,0.81,16.89,0.9,33.9,0.91,36.7,0.1,33.9,0.09,36.7,0.18,1.73,0.19,16.89,0.08,0.08,0.093349,1776214662000
1776214664.159,164.159,0.82,1.73,0.81,16.89,0.9,33.9,0.91,36.7,0.1,33.9,0.09,36.7,0.18,1.73,0.19,16.89,0.08,0.08,0.093353,1776214663000
1776214665.202,165.202,0.82,1.73,0.81,16.89,0.9,33.9,0.91,36.7,0.1,33.9,0.09,36.7,0.18,1.73,0.19,16.89,0.08,0.08,0.093361,1776214664000
1776214666.516,166.516,0.82,1.73,0.81,16.89,0.9,33.9,0.91,36.7,0.1,33.9,0.09,36.7,0.18,1.73,0.19,16.89,0.08,0.08,0.093355,1776214665000
1776214666.902,166.902,0.82,1.73,0.81,16.89,0.9,33.9,0.91,36.7,0.1,33.9,0.09,36.7,0.18,1.73,0.19,16.89,0.08,0.08,0.093355,1776214666000
1776214668.052,168.052,0.82,1.73,0.81,16.89,0.9,33.9,0.91,36.7,0.1,33.9,0.09,36.7,0.18,1.73,0.19,16.89,0.08,0.08,0.093355,1776214667000
1776214669.061,169.061,0.82,1.73,0.81,16.89,0.9,33.9,0.91,36.7,0.1,33.9,0.09,36.7,0.18,1.73,0.19,16.89,0.08,0.08,0.093356,1776214668000
1776214670.115,170.115,0.82,1.73,0.81,16.89,0.9,33.9,0.91,36.7,0.1,33.9,0.09,36.7,0.18,1.73,0.19,16.89,0.08,0.08,0.093355,1776214669000
1776214671.962,171.962,0.82,1.73,0.81,16.89,0.9,33.9,0.91,36.7,0.1,33.9,0.09,36.7,0.18,1.73,0.19,16.89,0.08,0.08,0.093349,1776214670000
1776214672.474,172.474,0.82,1.73,0.81,16.89,0.9,33.9,0.91,36.7,0.1,33.9,0.09,36.7,0.18,1.73,0.19,16.89,0.08,0.08,0.093345,1776214671000
1776214673.063,173.063,0.82,1.73,0.81,16.89,0.9,33.9,0.91,36.7,0.1,33.9,0.09,36.7,0.18,1.73,0.19,16.89,0.08,0.08,0.093343,1776214672000
1776214674.24,174.24,0.82,1.73,0.81,16.89,0.9,33.9,0.91,36.7,0.1,33.9,0.09,36.7,0.18,1.73,0.19,16.89,0.08,0.08,0.093343,1776214673000
1776214675.21,175.21,0.82,1.73,0.81,16.89,0.9,33.9,0.91,36.7,0.1,33.9,0.09,36.7,0.18,1.73,0.19,16.89,0.08,0.08,0.093343,1776214674000
1776214675.998,175.998,0.8,21.07,0.79,15.7,0.9,28.9,0.91,31.7,0.1,33.9,0.09,36.7,0.18,1.73,0.19,16.89,0.1,0.08,0.093343,1776214674000
1776214676.421,176.421,0.8,21.07,0.79,15.7,0.9,28.9,0.91,31.7,0.1,28.9,0.09,31.7,0.2,21.07,0.21,15.7,0.1,0.1,0.093343,1776214675000
1776214676.828,176.828,0.8,21.07,0.79,15.7,0.9,28.9,0.91,31.7,0.1,28.9,0.09,31.7,0.2,21.07,0.21,15.7,0.1,0.1,0.093343,1776214676000
1776214677.985,177.985,0.8,21.07,0.79,15.7,0.9,28.9,0.91,31.7,0.1,28.9,0.09,31.7,0.2,21.07,0.21,15.7,0.1,0.1,0.093343,1776214677000
1776214678.981,178.981,0.8,21.07,0.79,15.7,0.9,28.9,0.91,31.7,0.1,28.9,0.09,31.7,0.2,21.07,0.21,15.7,0.1,0.1,0.093343,1776214678000
1776214680.093,180.093,0.8,21.07,0.79,15.7,0.9,28.9,0.91,31.7,0.1,28.9,0.09,31.7,0.2,21.07,0.21,15.7,0.1,0.1,0.093343,1776214679000
1776214681.119,181.119,0.8,21.07,0.79,15.7,0.9,28.9,0.91,31.7,0.1,28.9,0.09,31.7,0.2,21.07,0.21,15.7,0.1,0.1,0.093337,1776214680000
1776214682.248,182.248,0.8,21.07,0.79,15.7,0.9,28.9,0.91,31.7,0.1,28.9,0.09,31.7,0.2,21.07,0.21,15.7,0.1,0.1,0.093348,1776214681000
1776214683.378,183.378,0.8,21.07,0.79,15.7,0.9,28.9,0.91,31.7,0.1,28.9,0.09,31.7,0.2,21.07,0.21,15.7,0.1,0.1,0.093349,1776214682000
1776214683.955,183.955,0.8,21.07,0.79,15.7,0.9,28.9,0.91,31.7,0.1,28.9,0.09,31.7,0.2,21.07,0.21,15.7,0.1,0.1,0.093348,1776214683000
1776214684.991,184.991,0.8,21.07,0.79,15.7,0.9,28.9,0.91,31.7,0.1,28.9,0.09,31.7,0.2,21.07,0.21,15.7,0.1,0.1,0.093349,1776214684000
1776214685.901,185.901,0.8,21.07,0.79,15.7,0.9,28.9,0.91,31.7,0.1,28.9,0.09,31.7,0.2,21.07,0.21,15.7,0.1,0.1,0.09335,1776214685000
1776214686.98,186.98,0.8,21.07,0.79,15.7,0.9,28.9,0.91,31.7,0.1,28.9,0.09,31.7,0.2,21.07,0.21,15.7,0.1,0.1,0.093368,1776214686000
1776214688.071,188.071,0.8,21.07,0.79,15.7,0.9,28.9,0.91,31.7,0.1,28.9,0.09,31.7,0.2,21.07,0.21,15.7,0.1,0.1,0.093368,1776214687000
1776214689.051,189.051,0.8,21.07,0.79,15.7,0.9,28.9,0.91,31.7,0.1,28.9,0.09,31.7,0.2,21.07,0.21,15.7,0.1,0.1,0.093373,1776214688000
1776214690.642,190.642,0.92,35.29,0.91,31.7,0.96,71.65,0.97,189.3,0.1,28.9,0.09,31.7,0.2,21.07,0.21,15.7,0.04,0.1,0.093373,1776214688000
1776214690.853,190.853,0.92,35.29,0.91,31.7,0.96,71.65,0.97,189.3,0.04,71.65,0.03,189.3,0.08,35.29,0.09,31.7,0.04,0.04,0.093378,1776214689000
1776214691.496,191.496,0.92,35.29,0.91,31.7,0.96,71.65,0.97,189.3,0.04,71.65,0.03,189.3,0.08,35.29,0.09,31.7,0.04,0.04,0.093379,1776214690000
1776214692.069,192.069,0.92,35.29,0.91,31.7,0.96,71.65,0.97,189.3,0.04,71.65,0.03,189.3,0.08,35.29,0.09,31.7,0.04,0.04,0.093379,1776214691000
1776214693.295,193.295,0.92,35.29,0.91,31.7,0.96,71.65,0.97,189.3,0.04,71.65,0.03,189.3,0.08,35.29,0.09,31.7,0.04,0.04,0.093378,1776214692000
1776214694.369,194.369,0.92,35.29,0.91,31.7,0.96,71.65,0.97,189.3,0.04,71.65,0.03,189.3,0.08,35.29,0.09,31.7,0.04,0.04,0.093378,1776214693000
1776214695.019,195.019,0.92,35.29,0.91,31.7,0.96,71.65,0.97,189.3,0.04,71.65,0.03,189.3,0.08,35.29,0.09,31.7,0.04,0.04,0.093378,1776214694000
1776214696.075,196.075,0.92,35.29,0.91,31.7,0.96,71.65,0.97,189.3,0.04,71.65,0.03,189.3,0.08,35.29,0.09,31.7,0.04,0.04,0.09338,1776214695000
1776214697.09,197.09,0.92,35.29,0.91,31.7,0.96,71.65,0.97,189.3,0.04,71.65,0.03,189.3,0.08,35.29,0.09,31.7,0.04,0.04,0.093379,1776214696000
1776214698.098,198.098,0.92,35.29,0.91,31.7,0.96,71.65,0.97,189.3,0.04,71.65,0.03,189.3,0.08,35.29,0.09,31.7,0.04,0.04,0.093378,1776214697000
1776214699.709,199.709,0.92,35.29,0.91,31.7,0.96,71.65,0.97,189.3,0.04,71.65,0.03,189.3,0.08,35.29,0.09,31.7,0.04,0.04,0.093379,1776214698000
1776214699.997,199.997,0.92,35.29,0.91,31.7,0.97,189.3,0.98,147.69,0.04,71.65,0.03,189.3,0.08,35.29,0.09,31.7,0.05,0.04,0.093379,1776214698000
1776214700.381,200.381,0.92,35.29,0.91,31.7,0.97,189.3,0.98,147.69,0.03,189.3,0.02,147.69,0.08,35.29,0.09,31.7,0.05,0.05,0.093379,1776214699000
1776214701.303,201.303,0.92,35.29,0.91,31.7,0.97,189.3,0.98,147.69,0.03,189.3,0.02,147.69,0.08,35.29,0.09,31.7,0.05,0.05,0.093379,1776214700000
1776214701.922,201.922,0.92,35.29,0.91,31.7,0.97,189.3,0.98,147.69,0.03,189.3,0.02,147.69,0.08,35.29,0.09,31.7,0.05,0.05,0.093379,1776214701000
1776214702.948,202.948,0.92,35.29,0.91,31.7,0.97,189.3,0.98,147.69,0.03,189.3,0.02,147.69,0.08,35.29,0.09,31.7,0.05,0.05,0.093379,1776214702000
1776214703.91,203.91,0.92,35.29,0.91,31.7,0.97,189.3,0.98,147.69,0.03,189.3,0.02,147.69,0.08,35.29,0.09,31.7,0.05,0.05,0.09338,1776214703000
1776214704.957,204.957,0.92,35.29,0.91,31.7,0.97,189.3,0.98,147.69,0.03,189.3,0.02,147.69,0.08,35.29,0.09,31.7,0.05,0.05,0.093378,1776214704000
1776214706.023,206.023,0.92,35.29,0.91,31.7,0.97,189.3,0.98,147.69,0.03,189.3,0.02,147.69,0.08,35.29,0.09,31.7,0.05,0.05,0.093378,1776214705000
1776214706.914,206.914,0.92,35.29,0.91,31.7,0.97,189.3,0.98,147.69,0.03,189.3,0.02,147.69,0.08,35.29,0.09,31.7,0.05,0.05,0.093377,1776214706000
1776214707.541,207.541,0.93,39.9,0.92,35.29,0.97,178.99,0.98,147.69,0.03,189.3,0.02,147.69,0.08,35.29,0.09,31.7,0.04,0.05,0.093377,1776214706000
1776214707.949,207.949,0.93,39.9,0.92,35.29,0.97,178.99,0.98,147.69,0.03,178.99,0.02,147.69,0.07,39.9,0.08,35.29,0.04,0.04,0.093377,1776214707000
1776214708.934,208.934,0.93,39.9,0.92,35.29,0.97,178.99,0.98,147.69,0.03,178.99,0.02,147.69,0.07,39.9,0.08,35.29,0.04,0.04,0.093377,1776214708000
1776214709.819,209.819,0.93,39.9,0.92,35.29,0.97,178.99,0.98,147.69,0.03,178.99,0.02,147.69,0.07,39.9,0.08,35.29,0.04,0.04,0.093378,1776214709000
1776214710.839,210.839,0.93,39.9,0.92,35.29,0.97,178.99,0.98,147.69,0.03,178.99,0.02,147.69,0.07,39.9,0.08,35.29,0.04,0.04,0.093377,1776214710000
1776214711.239,211.239,0.96,29.4,0.95,5.0,0.97,189.3,0.98,147.69,0.03,178.99,0.02,147.69,0.07,39.9,0.08,35.29,0.01,0.04,0.093377,1776214710000
1776214711.799,211.799,0.96,29.4,0.95,5.0,0.97,189.3,0.98,147.69,0.03,189.3,0.02,147.69,0.04,29.4,0.05,5.0,0.01,0.01,0.093376,1776214711000
1776214713.211,213.211,0.96,29.4,0.95,5.0,0.97,189.3,0.98,147.69,0.03,189.3,0.02,147.69,0.04,29.4,0.05,5.0,0.01,0.01,0.093363,1776214712000
1776214714.819,214.819,0.96,29.4,0.95,5.0,0.97,189.3,0.98,147.69,0.03,189.3,0.02,147.69,0.04,29.4,0.05,5.0,0.01,0.01,0.093363,1776214713000
1776214715.559,215.559,0.96,29.4,0.95,5.0,0.97,189.3,0.98,147.69,0.03,189.3,0.02,147.69,0.04,29.4,0.05,5.0,0.01,0.01,0.093362,1776214714000
1776214716.306,216.306,0.96,29.4,0.95,5.0,0.97,189.3,0.98,147.69,0.03,189.3,0.02,147.69,0.04,29.4,0.05,5.0,0.01,0.01,0.093363,1776214715000
1776214717.046,217.046,0.96,29.4,0.95,5.0,0.97,189.3,0.98,147.69,0.03,189.3,0.02,147.69,0.04,29.4,0.05,5.0,0.01,0.01,0.093364,1776214716000
1776214718.482,218.482,0.96,29.4,0.95,5.0,0.97,189.3,0.98,147.69,0.03,189.3,0.02,147.69,0.04,29.4,0.05,5.0,0.01,0.01,0.093364,1776214717000
1776214719.041,219.041,0.96,29.4,0.95,5.0,0.97,189.3,0.98,147.69,0.03,189.3,0.02,147.69,0.04,29.4,0.05,5.0,0.01,0.01,0.093366,1776214718000
1776214720.183,220.183,0.96,29.4,0.95,5.0,0.97,189.3,0.98,147.69,0.03,189.3,0.02,147.69,0.04,29.4,0.05,5.0,0.01,0.01,0.093366,1776214719000
1776214721.379,221.379,0.96,29.4,0.95,5.0,0.97,189.3,0.98,147.69,0.03,189.3,0.02,147.69,0.04,29.4,0.05,5.0,0.01,0.01,0.093365,1776214720000
1776214721.897,221.897,0.96,29.4,0.95,5.0,0.97,189.3,0.98,147.69,0.03,189.3,0.02,147.69,0.04,29.4,0.05,5.0,0.01,0.01,0.093358,1776214721000
1776214723.025,223.025,0.96,29.4,0.95,5.0,0.97,189.3,0.98,147.69,0.03,189.3,0.02,147.69,0.04,29.4,0.05,5.0,0.01,0.01,0.093358,1776214722000
1776214724.149,224.149,0.96,29.4,0.95,5.0,0.97,189.3,0.98,147.69,0.03,189.3,0.02,147.69,0.04,29.4,0.05,5.0,0.01,0.01,0.093358,1776214723000
1776214725.15,225.15,0.92,35.29,0.91,31.7,0.93,60.6,0.97,194.3,0.03,189.3,0.02,147.69,0.04,29.4,0.05,5.0,0.01,0.01,0.093358,1776214723000
1776214725.455,225.455,0.92,35.29,0.91,31.7,0.93,100.0,0.97,194.3,0.07,60.6,0.03,194.3,0.08,35.29,0.09,31.7,0.01,0.01,0.093357,1776214724000
1776214726.438,226.438,0.9,28.9,0.89,26.6,0.93,84.34,0.97,194.3,0.07,84.34,0.03,194.3,0.1,28.9,0.11,26.6,0.03,0.03,0.093357,1776214725000
1776214727.013,227.013,0.9,28.9,0.89,26.6,0.93,84.34,0.97,194.3,0.07,84.34,0.03,194.3,0.1,28.9,0.11,26.6,0.03,0.03,0.093356,1776214726000
1776214727.44,227.44,0.9,28.9,0.89,26.6,0.96,67.7,0.97,194.3,0.07,84.34,0.03,194.3,0.1,28.9,0.11,26.6,0.06,0.03,0.093356,1776214726000
1776214728.179,228.179,0.9,28.9,0.89,26.6,0.96,67.7,0.97,194.3,0.04,67.7,0.03,194.3,0.1,28.9,0.11,26.6,0.06,0.06,0.093351,1776214727000
1776214729.208,229.208,0.9,28.9,0.89,26.6,0.96,67.7,0.97,194.3,0.04,67.7,0.03,194.3,0.1,28.9,0.11,26.6,0.06,0.06,0.093352,1776214728000
1776214730.355,230.355,0.9,28.9,0.89,26.6,0.96,67.7,0.97,194.3,0.04,67.7,0.03,194.3,0.1,28.9,0.11,26.6,0.06,0.06,0.093352,1776214729000
1776214730.921,230.921,0.9,28.9,0.89,26.6,0.96,67.7,0.97,194.3,0.04,67.7,0.03,194.3,0.1,28.9,0.11,26.6,0.06,0.06,0.093349,1776214730000
1776214731.804,231.804,0.85,20.39,0.84,19.3,0.93,29.14,0.94,46.1,0.04,67.7,0.03,194.3,0.1,28.9,0.11,26.6,0.08,0.06,0.093349,1776214730000
1776214732.016,232.016,0.85,20.39,0.84,19.3,0.93,29.14,0.94,46.1,0.07,29.14,0.06,46.1,0.15,20.39,0.16,19.3,0.08,0.08,0.093349,1776214731000
1776214733.083,233.083,0.85,20.39,0.84,19.3,0.93,29.14,0.94,46.1,0.07,29.14,0.06,46.1,0.15,20.39,0.16,19.3,0.08,0.08,0.093341,1776214732000
1776214734.098,234.098,0.85,20.39,0.84,19.3,0.93,29.14,0.94,46.1,0.07,29.14,0.06,46.1,0.15,20.39,0.16,19.3,0.08,0.08,0.093336,1776214733000
1776214735.184,235.184,0.85,20.39,0.84,19.3,0.93,29.14,0.94,46.1,0.07,29.14,0.06,46.1,0.15,20.39,0.16,19.3,0.08,0.08,0.093335,1776214734000
1776214736.291,236.291,0.85,20.39,0.84,19.3,0.93,29.14,0.94,46.1,0.07,29.14,0.06,46.1,0.15,20.39,0.16,19.3,0.08,0.08,0.093338,1776214735000
1776214737.321,237.321,0.85,20.39,0.84,19.3,0.93,29.14,0.94,46.1,0.07,29.14,0.06,46.1,0.15,20.39,0.16,19.3,0.08,0.08,0.093338,1776214736000
1776214737.875,237.875,0.85,20.39,0.84,19.3,0.93,29.14,0.94,46.1,0.07,29.14,0.06,46.1,0.15,20.39,0.16,19.3,0.08,0.08,0.093338,1776214737000
1776214738.9,238.9,0.85,20.39,0.84,19.3,0.93,29.14,0.94,46.1,0.07,29.14,0.06,46.1,0.15,20.39,0.16,19.3,0.08,0.08,0.093338,1776214738000
1776214739.953,239.953,0.85,20.39,0.84,19.3,0.93,29.14,0.94,46.1,0.07,29.14,0.06,46.1,0.15,20.39,0.16,19.3,0.08,0.08,0.093336,1776214739000
1776214740.88,240.88,0.85,20.39,0.84,19.3,0.93,29.14,0.94,46.1,0.07,29.14,0.06,46.1,0.15,20.39,0.16,19.3,0.08,0.08,0.093336,1776214740000
1776214741.949,241.949,0.85,20.39,0.84,19.3,0.93,29.14,0.94,46.1,0.07,29.14,0.06,46.1,0.15,20.39,0.16,19.3,0.08,0.08,0.093338,1776214741000
1776214742.991,242.991,0.85,20.39,0.84,19.3,0.93,29.14,0.94,46.1,0.07,29.14,0.06,46.1,0.15,20.39,0.16,19.3,0.08,0.08,0.093337,1776214742000
1776214744.416,244.416,0.85,20.39,0.84,19.3,0.93,29.14,0.94,46.1,0.07,29.14,0.06,46.1,0.15,20.39,0.16,19.3,0.08,0.08,0.093336,1776214743000
1776214744.91,244.91,0.85,20.39,0.84,19.3,0.93,29.14,0.94,46.1,0.07,29.14,0.06,46.1,0.15,20.39,0.16,19.3,0.08,0.08,0.093336,1776214744000
1776214745.939,245.939,0.85,20.39,0.84,19.3,0.93,29.14,0.94,46.1,0.07,29.14,0.06,46.1,0.15,20.39,0.16,19.3,0.08,0.08,0.093336,1776214745000
1776214746.92,246.92,0.85,20.39,0.84,19.3,0.93,29.14,0.94,46.1,0.07,29.14,0.06,46.1,0.15,20.39,0.16,19.3,0.08,0.08,0.093335,1776214746000
1776214747.838,247.838,0.85,20.39,0.84,19.3,0.93,29.14,0.94,46.1,0.07,29.14,0.06,46.1,0.15,20.39,0.16,19.3,0.08,0.08,0.093341,1776214747000
1776214748.785,248.785,0.85,20.39,0.84,19.3,0.93,29.14,0.94,46.1,0.07,29.14,0.06,46.1,0.15,20.39,0.16,19.3,0.08,0.08,0.093341,1776214748000
1776214750.258,250.258,0.85,20.39,0.84,19.3,0.93,29.14,0.94,46.1,0.07,29.14,0.06,46.1,0.15,20.39,0.16,19.3,0.08,0.08,0.093342,1776214749000
1776214751.241,251.241,0.85,20.39,0.84,19.3,0.93,29.14,0.94,46.1,0.07,29.14,0.06,46.1,0.15,20.39,0.16,19.3,0.08,0.08,0.093353,1776214750000
1776214751.809,251.809,0.96,67.7,0.95,59.7,0.97,49.0,0.98,15.0,0.07,29.14,0.06,46.1,0.15,20.39,0.16,19.3,0.01,0.08,0.093353,1776214750000
1776214752.228,252.228,0.96,67.7,0.95,59.7,0.97,49.0,0.98,15.0,0.03,49.0,0.02,15.0,0.04,67.7,0.05,59.7,0.01,0.01,0.093354,1776214751000
1776214753.148,253.148,0.96,67.7,0.95,59.7,0.97,49.0,0.98,15.0,0.03,49.0,0.02,15.0,0.04,67.7,0.05,59.7,0.01,0.01,0.093355,1776214752000
1776214754.16,254.16,0.96,67.7,0.95,59.7,0.97,49.0,0.98,15.0,0.03,49.0,0.02,15.0,0.04,67.7,0.05,59.7,0.01,0.01,0.093355,1776214753000
1776214755.156,255.156,0.96,67.7,0.95,59.7,0.97,49.0,0.98,15.0,0.03,49.0,0.02,15.0,0.04,67.7,0.05,59.7,0.01,0.01,0.093359,1776214754000
1776214756.537,256.537,0.96,67.7,0.95,59.7,0.97,49.0,0.98,15.0,0.03,49.0,0.02,15.0,0.04,67.7,0.05,59.7,0.01,0.01,0.093357,1776214755000
1776214757.061,257.061,0.96,67.7,0.95,59.7,0.97,49.0,0.98,15.0,0.03,49.0,0.02,15.0,0.04,67.7,0.05,59.7,0.01,0.01,0.093358,1776214756000
1776214758.145,258.145,0.96,67.7,0.95,59.7,0.97,49.0,0.98,15.0,0.03,49.0,0.02,15.0,0.04,67.7,0.05,59.7,0.01,0.01,0.093357,1776214757000
1776214758.586,258.586,0.96,67.7,0.95,59.7,0.97,29.0,0.98,15.0,0.03,49.0,0.02,15.0,0.04,67.7,0.05,59.7,0.01,0.01,0.093357,1776214757000
1776214759.207,259.207,0.96,67.7,0.95,59.7,0.97,29.0,0.98,15.0,0.03,29.0,0.02,15.0,0.04,67.7,0.05,59.7,0.01,0.01,0.093358,1776214758000
1776214759.869,259.869,0.96,88.53,0.95,59.7,0.97,27.96,0.98,15.0,0.03,29.0,0.02,15.0,0.04,67.7,0.05,59.7,0.01,0.01,0.093358,1776214758000
1776214760.188,260.188,0.96,88.53,0.95,59.7,0.97,27.96,0.98,15.0,0.03,27.96,0.02,15.0,0.04,88.53,0.05,59.7,0.01,0.01,0.093358,1776214759000
1776214761.184,261.184,0.96,88.53,0.95,59.7,0.97,27.96,0.98,15.0,0.03,27.96,0.02,15.0,0.04,88.53,0.05,59.7,0.01,0.01,0.093358,1776214760000
1776214762.214,262.214,0.96,88.53,0.95,59.7,0.97,27.96,0.98,15.0,0.03,27.96,0.02,15.0,0.04,88.53,0.05,59.7,0.01,0.01,0.093358,1776214761000
1776214763.164,263.164,0.96,88.53,0.95,59.7,0.97,27.96,0.98,15.0,0.03,27.96,0.02,15.0,0.04,88.53,0.05,59.7,0.01,0.01,0.093352,1776214762000
1776214764.124,264.124,0.96,88.53,0.95,59.7,0.97,22.8,0.98,15.0,0.03,22.8,0.02,15.0,0.04,88.53,0.05,59.7,0.01,0.01,0.093358,1776214763000
1776214765.093,265.093,0.96,88.53,0.95,59.7,0.97,22.8,0.98,15.0,0.03,22.8,0.02,15.0,0.04,88.53,0.05,59.7,0.01,0.01,0.093357,1776214764000
1776214766.096,266.096,0.96,88.53,0.95,59.7,0.97,22.8,0.98,15.0,0.03,22.8,0.02,15.0,0.04,88.53,0.05,59.7,0.01,0.01,0.093358,1776214765000
1776214767.035,267.035,0.96,88.53,0.95,59.7,0.97,2.08,0.98,15.0,0.03,2.08,0.02,15.0,0.04,88.53,0.05,59.7,0.01,0.01,0.093358,1776214766000
1776214768.07,268.07,0.96,88.53,0.95,59.7,0.97,2.08,0.98,15.0,0.03,2.08,0.02,15.0,0.04,88.53,0.05,59.7,0.01,0.01,0.093356,1776214767000
1776214769.783,269.783,0.96,88.53,0.95,59.7,0.97,2.08,0.98,15.0,0.03,2.08,0.02,15.0,0.04,88.53,0.05,59.7,0.01,0.01,0.093356,1776214768000
1776214770.736,270.736,0.96,88.53,0.95,59.7,0.97,2.08,0.98,15.0,0.03,2.08,0.02,15.0,0.04,88.53,0.05,59.7,0.01,0.01,0.093356,1776214769000
1776214771.584,271.584,0.96,88.53,0.95,59.7,0.97,2.08,0.98,15.0,0.03,2.08,0.02,15.0,0.04,88.53,0.05,59.7,0.01,0.01,0.093353,1776214770000
1776214772.199,272.199,0.96,88.53,0.95,59.7,0.97,2.08,0.98,15.0,0.03,2.08,0.02,15.0,0.04,88.53,0.05,59.7,0.01,0.01,0.093354,1776214771000
1776214773.631,273.631,0.96,88.53,0.95,59.7,0.97,2.08,0.98,15.0,0.03,2.08,0.02,15.0,0.04,88.53,0.05,59.7,0.01,0.01,0.093347,1776214772000
1776214774.3,274.3,0.96,88.53,0.95,59.7,0.97,2.08,0.98,15.0,0.03,2.08,0.02,15.0,0.04,88.53,0.05,59.7,0.01,0.01,0.093346,1776214773000
1776214774.776,274.776,0.96,88.53,0.95,54.7,0.97,1.04,0.98,15.0,0.03,2.08,0.02,15.0,0.04,88.53,0.05,59.7,0.01,0.01,0.093346,1776214773000
1776214774.987,274.987,0.96,88.53,0.95,54.7,0.97,1.04,0.98,15.0,0.03,1.04,0.02,15.0,0.04,88.53,0.05,54.7,0.01,0.01,0.093346,1776214774000
1776214776.349,276.349,0.96,88.53,0.95,54.7,0.97,1.04,0.98,15.0,0.03,1.04,0.02,15.0,0.04,88.53,0.05,54.7,0.01,0.01,0.093348,1776214775000
1776214777.009,277.009,0.96,88.53,0.95,54.7,0.97,1.04,0.98,15.0,0.03,1.04,0.02,15.0,0.04,88.53,0.05,54.7,0.01,0.01,0.093347,1776214776000
1776214777.997,277.997,0.96,20.83,0.88,20.0,0.98,10.92,0.99,200.0,0.03,1.04,0.02,15.0,0.04,88.53,0.05,54.7,0.02,0.01,0.093347,1776214776000
1776214778.337,278.337,0.96,20.83,0.88,20.0,0.98,10.92,0.99,200.0,0.02,10.92,0.01,200.0,0.04,20.83,0.12,20.0,0.02,0.02,0.093348,1776214777000
1776214779.0,279.0,0.96,20.83,0.88,20.0,0.98,10.92,0.99,200.0,0.02,10.92,0.01,200.0,0.04,20.83,0.12,20.0,0.02,0.02,0.093348,1776214778000
1776214780.338,280.338,0.96,20.83,0.88,20.0,0.98,10.92,0.99,200.0,0.02,10.92,0.01,200.0,0.04,20.83,0.12,20.0,0.02,0.02,0.093348,1776214779000
1776214780.983,280.983,0.96,20.83,0.88,20.0,0.98,10.92,0.99,200.0,0.02,10.92,0.01,200.0,0.04,20.83,0.12,20.0,0.02,0.02,0.093352,1776214780000
1776214782.397,282.397,0.96,20.83,0.88,20.0,0.98,10.92,0.99,200.0,0.02,10.92,0.01,200.0,0.04,20.83,0.12,20.0,0.02,0.02,0.093352,1776214781000
1776214783.122,283.122,0.96,20.83,0.88,20.0,0.98,10.92,0.99,200.0,0.02,10.92,0.01,200.0,0.04,20.83,0.12,20.0,0.02,0.02,0.09335,1776214782000
1776214784.358,284.358,0.96,20.83,0.88,20.0,0.98,10.92,0.99,200.0,0.02,10.92,0.01,200.0,0.04,20.83,0.12,20.0,0.02,0.02,0.093352,1776214783000
1776214785.095,285.095,0.96,20.83,0.88,20.0,0.98,10.92,0.99,200.0,0.02,10.92,0.01,200.0,0.04,20.83,0.12,20.0,0.02,0.02,0.093351,1776214784000
1776214786.373,286.373,0.96,20.83,0.88,20.0,0.98,1.74,0.99,200.0,0.02,1.74,0.01,200.0,0.04,20.83,0.12,20.0,0.02,0.02,0.093351,1776214785000
1776214786.732,286.732,0.96,20.83,0.85,20.0,0.99,193.89,,,0.02,1.74,0.01,200.0,0.04,20.83,0.12,20.0,0.03,0.02,0.093351,1776214785000
1776214787.686,287.686,0.96,20.83,0.85,20.0,0.99,193.89,,,0.01,193.89,,,0.04,20.83,0.15,20.0,0.03,0.03,0.093347,1776214786000
1776214788.189,288.189,0.96,20.83,0.85,20.0,0.99,193.89,,,0.01,193.89,,,0.04,20.83,0.15,20.0,0.03,0.03,0.093347,1776214787000
1776214788.813,288.813,0.96,20.83,0.85,20.0,0.99,192.87,,,0.01,193.89,,,0.04,20.83,0.15,20.0,0.03,0.03,0.093347,1776214787000
1776214789.24,289.24,0.96,20.83,0.85,20.0,0.99,196.97,,,0.01,192.87,,,0.04,20.83,0.15,20.0,0.03,0.03,0.093347,1776214787000
1776214789.958,289.958,0.96,20.83,0.85,20.0,0.99,196.97,,,0.01,196.97,,,0.04,20.83,0.15,20.0,0.03,0.03,0.093336,1776214789000
1776214791.023,291.023,0.96,20.83,0.85,20.0,0.99,196.97,,,0.01,196.97,,,0.04,20.83,0.15,20.0,0.03,0.03,0.093336,1776214790000
1776214791.75,291.75,0.96,20.83,0.83,20.0,0.99,116.75,,,0.01,196.97,,,0.04,20.83,0.15,20.0,0.03,0.03,0.093336,1776214790000
1776214792.195,292.195,0.96,20.83,0.83,20.0,0.99,116.75,,,0.01,116.75,,,0.04,20.83,0.17,20.0,0.03,0.03,0.093333,1776214791000
1776214792.478,292.478,0.96,20.83,0.83,20.0,0.99,113.92,,,0.01,116.75,,,0.04,20.83,0.17,20.0,0.03,0.03,0.093333,1776214791000
1776214792.753,292.753,0.96,20.83,0.83,20.0,0.99,107.92,,,0.01,113.92,,,0.04,20.83,0.17,20.0,0.03,0.03,0.093333,1776214791000
1776214793.221,293.221,0.96,20.83,0.83,20.0,0.99,102.87,,,0.01,107.92,,,0.04,20.83,0.17,20.0,0.03,0.03,0.093333,1776214791000
1776214793.601,293.601,0.96,20.83,0.83,20.0,0.99,82.66,,,0.01,102.87,,,0.04,20.83,0.17,20.0,0.03,0.03,0.093325,1776214792000
1776214793.874,293.874,0.96,20.83,0.83,20.0,0.99,82.66,,,0.01,82.66,,,0.04,20.83,0.17,20.0,0.03,0.03,0.093325,1776214793000
1776214794.971,294.971,0.96,20.83,0.83,20.0,0.99,82.66,,,0.01,82.66,,,0.04,20.83,0.17,20.0,0.03,0.03,0.093327,1776214794000
1776214795.195,295.195,0.97,80.72,0.96,20.83,0.99,73.26,,,0.01,82.66,,,0.04,20.83,0.17,20.0,0.02,0.03,0.093327,1776214794000
1776214795.538,295.538,0.98,12.0,0.96,20.83,0.99,70.26,,,0.01,73.26,,,0.03,80.72,0.04,20.83,0.01,0.02,0.093327,1776214794000
1776214796.419,296.419,0.98,12.0,0.96,20.83,0.99,69.15,,,0.01,70.26,,,0.02,12.0,0.04,20.83,0.01,0.01,0.093327,1776214794000
1776214797.057,297.057,0.98,12.0,0.96,20.83,0.99,69.15,,,0.01,69.15,,,0.02,12.0,0.04,20.83,0.01,0.01,0.093325,1776214796000
1776214797.312,297.312,0.98,17.0,0.96,20.83,0.99,60.05,,,0.01,69.15,,,0.02,12.0,0.04,20.83,0.01,0.01,0.093325,1776214796000
1776214797.561,297.561,0.98,17.0,0.96,20.83,0.99,48.94,,,0.01,58.94,,,0.02,17.0,0.04,20.83,0.01,0.01,0.093325,1776214796000
1776214798.02,298.02,0.98,17.0,0.96,20.83,0.99,25.94,,,0.01,48.94,,,0.02,17.0,0.04,20.83,0.01,0.01,0.093325,1776214796000
1776214798.246,298.246,0.99,47.19,0.98,17.0,,,,,,,,,0.01,10.5,0.02,17.0,,,0.093325,1776214796000
1776214798.904,298.904,0.99,42.28,0.98,17.0,,,,,,,,,0.01,42.28,0.02,17.0,,,0.09333,1776214798000
1776214799.209,299.209,0.99,575.52,0.98,17.0,,,,,,,,,0.01,42.28,0.02,17.0,,,0.09333,1776214798000
1776214800.075,300.075,0.99,575.52,0.98,17.0,,,,,,,,,0.01,575.52,0.02,17.0,,,0.093331,1776214799000

# RESULT,winner=Up,slug=doge-updown-5m-1776214500,ticks=315
