timestamp,elapsed_sec,up_bid_p1,up_bid_s1,up_bid_p2,up_bid_s2,up_bid_p3,up_bid_s3,up_bid_p4,up_bid_s4,up_bid_p5,up_bid_s5,up_ask_p1,up_ask_s1,up_ask_p2,up_ask_s2,up_ask_p3,up_ask_s3,up_ask_p4,up_ask_s4,up_ask_p5,up_ask_s5,down_bid_p1,down_bid_s1,down_bid_p2,down_bid_s2,down_bid_p3,down_bid_s3,down_bid_p4,down_bid_s4,down_bid_p5,down_bid_s5,down_ask_p1,down_ask_s1,down_ask_p2,down_ask_s2,down_ask_p3,down_ask_s3,down_ask_p4,down_ask_s4,down_ask_p5,down_ask_s5,up_spread,down_spread,doge_price,doge_oracle_ts
1776169801.136,1.136,0.41,13.0,0.4,8.0,0.39,8.0,0.38,8.0,0.37,189.0,0.59,13.0,0.6,8.0,0.61,8.0,0.62,8.0,0.63,189.0,0.41,13.0,0.4,8.0,0.39,8.0,0.38,8.0,0.37,189.0,0.59,13.0,0.6,8.0,0.61,8.0,0.62,8.0,0.63,189.0,0.18,0.18,0.093987,1776169800000
1776169802.225,2.225,0.41,13.0,0.4,8.0,0.39,8.0,0.38,8.0,0.37,189.0,0.59,13.0,0.6,8.0,0.61,8.0,0.62,8.0,0.63,189.0,0.41,13.0,0.4,8.0,0.39,8.0,0.38,8.0,0.37,189.0,0.59,13.0,0.6,8.0,0.61,8.0,0.62,8.0,0.63,189.0,0.18,0.18,0.093989,1776169801000
1776169803.108,3.108,0.32,15.0,0.31,425.0,0.27,450.0,0.25,600.0,0.21,800.0,0.61,50.0,0.69,375.0,0.71,50.0,0.73,450.0,0.75,600.0,0.41,13.0,0.4,8.0,0.39,8.0,0.38,8.0,0.37,189.0,0.59,13.0,0.6,8.0,0.61,8.0,0.62,8.0,0.63,189.0,0.29,0.18,0.093989,1776169801000
1776169804.135,4.135,0.49,10.0,0.31,425.0,0.27,450.0,0.25,600.0,0.21,800.0,0.61,42.0,0.69,375.0,0.71,50.0,0.73,450.0,0.75,600.0,0.39,50.0,0.31,375.0,0.29,50.0,0.27,450.0,0.25,600.0,0.68,15.0,0.69,425.0,0.73,450.0,0.75,600.0,0.79,800.0,0.12,0.29,0.09399,1776169802000
1776169805.161,5.161,0.51,50.0,0.41,50.0,0.31,50.0,0.27,450.0,0.25,600.0,0.73,400.0,0.75,600.0,0.79,750.0,0.83,900.0,0.85,1050.0,0.39,35.0,0.31,375.0,0.29,50.0,0.27,450.0,0.25,600.0,0.51,10.0,0.69,425.0,0.73,450.0,0.75,600.0,0.79,800.0,0.22,0.12,0.09407,1776169803000
1776169805.392,5.392,0.72,10.0,0.71,10.0,0.7,10.0,0.69,10.0,0.61,50.0,0.73,393.17,0.75,600.0,0.79,750.0,0.83,900.0,0.85,1050.0,0.27,400.0,0.25,600.0,0.21,750.0,0.17,900.0,0.15,1050.0,0.49,50.0,0.59,50.0,0.69,50.0,0.73,450.0,0.75,600.0,0.01,0.22,0.09407,1776169803000
1776169806.263,6.263,0.72,10.0,0.71,10.0,0.7,10.0,0.69,10.0,0.61,50.0,0.73,393.17,0.75,600.0,0.79,750.0,0.83,900.0,0.85,1050.0,0.27,393.17,0.25,600.0,0.21,750.0,0.17,900.0,0.15,1050.0,0.28,10.0,0.29,10.0,0.3,10.0,0.31,10.0,0.39,50.0,0.01,0.01,0.094162,1776169805000
1776169806.706,6.706,0.72,10.0,0.71,7.0,0.68,10.0,0.67,10.0,0.66,10.0,0.73,387.0,0.75,600.0,0.79,750.0,0.81,50.0,0.83,900.0,0.27,393.17,0.25,600.0,0.21,750.0,0.17,900.0,0.15,1050.0,0.28,10.0,0.29,10.0,0.3,10.0,0.31,10.0,0.39,50.0,0.01,0.01,0.094162,1776169805000
1776169807.202,7.202,0.72,10.0,0.71,7.0,0.68,10.0,0.67,10.0,0.66,10.0,0.73,387.0,0.75,600.0,0.79,750.0,0.81,50.0,0.83,900.0,0.27,387.0,0.25,600.0,0.21,750.0,0.19,50.0,0.17,900.0,0.28,10.0,0.29,7.0,0.32,10.0,0.33,10.0,0.34,10.0,0.01,0.01,0.094153,1776169806000
1776169807.818,7.818,0.74,10.24,0.69,10.0,0.68,10.0,0.67,10.0,0.66,10.0,0.75,600.0,0.77,21.0,0.79,750.0,0.83,900.0,0.85,1050.0,0.27,387.0,0.25,600.0,0.21,750.0,0.19,50.0,0.17,900.0,0.28,10.0,0.29,7.0,0.32,10.0,0.33,10.0,0.34,10.0,0.01,0.01,0.094153,1776169806000
1776169808.288,8.288,0.74,10.24,0.7,10.0,0.69,10.0,0.68,10.0,0.67,10.0,0.75,598.66,0.79,750.0,0.83,900.0,0.85,1050.0,0.87,1200.0,0.25,598.66,0.21,750.0,0.17,900.0,0.15,1050.0,0.13,1200.0,0.26,10.24,0.3,10.0,0.31,10.0,0.32,10.0,0.33,10.0,0.01,0.01,0.094135,1776169807000
1776169808.598,8.598,0.74,35.24,0.73,10.0,0.72,10.0,0.71,10.0,0.7,10.0,0.75,588.66,0.79,750.0,0.8,25.0,0.81,50.0,0.83,900.0,0.25,598.66,0.21,750.0,0.17,900.0,0.15,1050.0,0.13,1200.0,0.26,10.24,0.3,10.0,0.31,10.0,0.32,10.0,0.33,10.0,0.01,0.01,0.094135,1776169807000
1776169809.018,9.018,0.74,10.24,0.71,10.0,0.7,10.0,0.69,20.0,0.68,10.0,0.75,588.66,0.79,750.0,0.81,50.0,0.83,929.0,0.85,1050.0,0.25,588.66,0.21,750.0,0.2,25.0,0.19,50.0,0.17,900.0,0.26,35.24,0.27,10.0,0.28,10.0,0.29,10.0,0.3,10.0,0.01,0.01,0.094135,1776169807000
1776169809.314,9.314,0.74,10.24,0.71,10.0,0.7,10.0,0.69,20.0,0.68,10.0,0.75,588.66,0.79,750.0,0.81,50.0,0.83,929.0,0.85,1050.0,0.25,588.66,0.21,750.0,0.19,50.0,0.17,929.0,0.15,1050.0,0.26,10.24,0.29,10.0,0.3,10.0,0.31,20.0,0.32,10.0,0.01,0.01,0.094098,1776169808000
1776169811.022,11.022,0.69,10.0,0.68,10.0,0.67,10.0,0.66,20.0,0.65,10.0,0.71,39.76,0.79,750.0,0.81,50.0,0.83,929.0,0.85,1050.0,0.29,39.76,0.21,750.0,0.19,50.0,0.17,929.0,0.15,1050.0,0.31,10.0,0.32,10.0,0.33,10.0,0.34,20.0,0.35,10.0,0.02,0.02,0.094122,1776169809000
1776169811.563,11.563,0.69,10.0,0.68,10.0,0.67,10.0,0.66,20.0,0.65,10.0,0.71,39.76,0.79,750.0,0.81,50.0,0.83,929.0,0.85,1050.0,0.29,39.76,0.21,750.0,0.19,50.0,0.17,929.0,0.15,1050.0,0.31,10.0,0.32,10.0,0.33,10.0,0.34,20.0,0.35,10.0,0.02,0.02,0.094107,1776169810000
1776169812.244,12.244,0.69,10.0,0.68,10.0,0.67,10.0,0.66,20.0,0.65,10.0,0.71,39.76,0.79,750.0,0.81,50.0,0.83,929.0,0.85,1050.0,0.29,39.76,0.21,750.0,0.19,50.0,0.17,929.0,0.15,1050.0,0.31,10.0,0.32,10.0,0.33,10.0,0.34,20.0,0.35,10.0,0.02,0.02,0.094097,1776169811000
1776169813.307,13.307,0.69,10.0,0.68,10.0,0.67,10.0,0.66,20.0,0.65,10.0,0.71,39.76,0.79,750.0,0.81,50.0,0.83,929.0,0.85,1050.0,0.29,39.76,0.21,750.0,0.19,50.0,0.17,929.0,0.15,1050.0,0.31,10.0,0.32,10.0,0.33,10.0,0.34,20.0,0.35,10.0,0.02,0.02,0.094101,1776169812000
1776169814.46,14.46,0.69,10.0,0.68,10.0,0.67,10.0,0.66,20.0,0.65,10.0,0.71,39.76,0.79,750.0,0.81,50.0,0.83,929.0,0.85,1050.0,0.29,39.76,0.21,750.0,0.19,50.0,0.17,929.0,0.15,1050.0,0.31,10.0,0.32,10.0,0.33,10.0,0.34,20.0,0.35,10.0,0.02,0.02,0.094076,1776169813000
1776169815.104,15.104,0.69,10.0,0.68,10.0,0.67,10.0,0.66,20.0,0.65,10.0,0.71,39.76,0.79,750.0,0.81,50.0,0.83,929.0,0.85,1050.0,0.29,39.76,0.21,750.0,0.19,50.0,0.17,929.0,0.15,1050.0,0.31,10.0,0.32,10.0,0.33,10.0,0.34,20.0,0.35,10.0,0.02,0.02,0.094069,1776169814000
1776169816.436,16.436,0.69,10.0,0.68,10.0,0.67,10.0,0.66,20.0,0.65,10.0,0.71,39.76,0.79,750.0,0.81,50.0,0.83,929.0,0.85,1050.0,0.29,39.76,0.21,750.0,0.19,50.0,0.17,929.0,0.15,1050.0,0.31,10.0,0.32,10.0,0.33,10.0,0.34,20.0,0.35,10.0,0.02,0.02,0.094077,1776169815000
1776169817.132,17.132,0.69,10.0,0.68,10.0,0.67,10.0,0.66,20.0,0.65,10.0,0.71,39.76,0.79,750.0,0.81,50.0,0.83,929.0,0.85,1050.0,0.29,39.76,0.21,750.0,0.19,50.0,0.17,929.0,0.15,1050.0,0.31,10.0,0.32,10.0,0.33,10.0,0.34,20.0,0.35,10.0,0.02,0.02,0.094081,1776169816000
1776169818.359,18.359,0.69,10.0,0.68,10.0,0.67,10.0,0.66,20.0,0.65,10.0,0.71,39.76,0.79,750.0,0.81,50.0,0.83,929.0,0.85,1050.0,0.29,39.76,0.21,750.0,0.19,50.0,0.17,929.0,0.15,1050.0,0.31,10.0,0.32,10.0,0.33,10.0,0.34,20.0,0.35,10.0,0.02,0.02,0.094066,1776169817000
1776169819.081,19.081,0.69,10.0,0.68,10.0,0.67,10.0,0.66,20.0,0.65,10.0,0.71,39.76,0.79,750.0,0.81,50.0,0.83,929.0,0.85,1050.0,0.29,39.76,0.21,750.0,0.19,50.0,0.17,929.0,0.15,1050.0,0.31,10.0,0.32,10.0,0.33,10.0,0.34,20.0,0.35,10.0,0.02,0.02,0.094055,1776169818000
1776169820.285,20.285,0.69,10.0,0.68,10.0,0.67,10.0,0.66,20.0,0.65,10.0,0.71,39.76,0.79,750.0,0.81,50.0,0.83,929.0,0.85,1050.0,0.29,39.76,0.21,750.0,0.19,50.0,0.17,929.0,0.15,1050.0,0.31,10.0,0.32,10.0,0.33,10.0,0.34,20.0,0.35,10.0,0.02,0.02,0.094029,1776169819000
1776169821.62,21.62,0.69,10.0,0.68,10.0,0.67,10.0,0.66,20.0,0.65,10.0,0.71,39.76,0.79,750.0,0.81,50.0,0.83,929.0,0.85,1050.0,0.29,39.76,0.21,750.0,0.19,50.0,0.17,929.0,0.15,1050.0,0.31,10.0,0.32,10.0,0.33,10.0,0.34,20.0,0.35,10.0,0.02,0.02,0.094044,1776169820000
1776169822.152,22.152,0.61,10.0,0.55,5.0,0.53,10.0,0.52,10.0,0.51,10.0,0.67,15.0,0.68,10.0,0.7,7.0,0.71,50.0,0.73,10.0,0.29,39.76,0.21,750.0,0.19,50.0,0.17,929.0,0.15,1050.0,0.31,10.0,0.32,10.0,0.33,10.0,0.34,20.0,0.35,10.0,0.06,0.02,0.094044,1776169820000
1776169823.383,23.383,0.61,6.28,0.58,5.0,0.56,10.0,0.55,10.0,0.54,10.0,0.67,15.0,0.7,7.0,0.71,60.0,0.74,10.0,0.8,15.0,0.33,15.0,0.32,10.0,0.3,7.0,0.29,50.0,0.27,10.0,0.39,10.0,0.45,5.0,0.47,10.0,0.48,10.0,0.49,10.0,0.06,0.06,0.094044,1776169821000
1776169824.073,24.073,0.61,6.28,0.58,5.0,0.56,10.0,0.55,10.0,0.54,10.0,0.67,15.0,0.7,7.0,0.71,60.0,0.74,10.0,0.8,15.0,0.33,15.0,0.3,7.0,0.29,60.0,0.26,10.0,0.2,15.0,0.39,6.28,0.42,5.0,0.44,10.0,0.45,10.0,0.46,10.0,0.06,0.06,0.094018,1776169823000
1776169825.268,25.268,0.61,6.28,0.58,5.0,0.56,10.0,0.55,10.0,0.54,10.0,0.67,15.0,0.7,7.0,0.71,60.0,0.74,10.0,0.8,15.0,0.33,15.0,0.3,7.0,0.29,60.0,0.26,10.0,0.2,15.0,0.39,6.28,0.42,5.0,0.44,10.0,0.45,10.0,0.46,10.0,0.06,0.06,0.094019,1776169824000
1776169827.057,27.057,0.61,6.28,0.58,5.0,0.56,10.0,0.55,10.0,0.54,10.0,0.67,15.0,0.7,7.0,0.71,60.0,0.74,10.0,0.8,15.0,0.33,15.0,0.3,7.0,0.29,60.0,0.26,10.0,0.2,15.0,0.39,6.28,0.42,5.0,0.44,10.0,0.45,10.0,0.46,10.0,0.06,0.06,0.094028,1776169826000
1776169827.349,27.349,0.63,28.0,0.62,10.0,0.61,6.28,0.51,50.0,0.46,10.0,0.7,23.0,0.8,5.0,0.81,50.0,0.82,5.0,0.83,15.0,0.33,15.0,0.3,7.0,0.29,60.0,0.26,10.0,0.2,15.0,0.39,6.28,0.42,5.0,0.44,10.0,0.45,10.0,0.46,10.0,0.07,0.06,0.094028,1776169826000
1776169828.211,28.211,0.63,16.0,0.62,10.0,0.61,6.28,0.51,50.0,0.46,10.0,0.7,23.0,0.8,5.0,0.81,50.0,0.82,5.0,0.83,15.0,0.3,23.0,0.2,5.0,0.19,50.0,0.18,5.0,0.17,15.0,0.37,16.0,0.38,10.0,0.39,6.28,0.49,50.0,0.54,10.0,0.07,0.07,0.094052,1776169827000
1776169829.195,29.195,0.63,16.0,0.62,10.0,0.61,6.28,0.51,50.0,0.46,10.0,0.7,23.0,0.8,5.0,0.81,50.0,0.82,5.0,0.83,15.0,0.3,23.0,0.2,5.0,0.19,50.0,0.18,5.0,0.17,15.0,0.37,16.0,0.38,10.0,0.39,6.28,0.49,50.0,0.54,10.0,0.07,0.07,0.094069,1776169828000
1776169830.258,30.258,0.64,10.0,0.63,16.0,0.61,6.28,0.51,59.0,0.5,10.0,0.7,3.6,0.8,10.0,0.81,55.0,0.82,10.0,0.88,10.0,0.3,23.0,0.2,5.0,0.19,50.0,0.18,5.0,0.17,15.0,0.37,16.0,0.38,10.0,0.39,6.28,0.49,50.0,0.54,10.0,0.06,0.07,0.094069,1776169828000
1776169830.845,30.845,0.64,10.0,0.63,16.0,0.61,6.28,0.51,59.0,0.5,10.0,0.7,3.6,0.8,10.0,0.81,55.0,0.82,10.0,0.88,10.0,0.3,3.6,0.2,10.0,0.19,55.0,0.18,10.0,0.12,10.0,0.36,10.0,0.37,16.0,0.39,6.28,0.49,59.0,0.5,10.0,0.06,0.06,0.094062,1776169829000
1776169831.476,31.476,0.64,10.0,0.63,16.0,0.61,6.28,0.51,59.0,0.5,10.0,0.7,3.6,0.8,10.0,0.81,55.0,0.82,10.0,0.88,10.0,0.3,3.6,0.2,10.0,0.19,55.0,0.18,10.0,0.12,10.0,0.36,10.0,0.37,16.0,0.39,6.28,0.49,59.0,0.5,10.0,0.06,0.06,0.09406,1776169830000
1776169832.03,32.03,0.64,10.0,0.63,16.0,0.61,6.28,0.51,59.0,0.5,10.0,0.7,3.6,0.8,10.0,0.81,55.0,0.82,10.0,0.88,10.0,0.3,3.6,0.2,10.0,0.19,55.0,0.18,10.0,0.12,10.0,0.36,10.0,0.37,16.0,0.39,6.28,0.49,59.0,0.5,10.0,0.06,0.06,0.094061,1776169831000
1776169833.097,33.097,0.64,10.0,0.63,16.0,0.61,6.28,0.51,59.0,0.5,10.0,0.7,3.6,0.8,10.0,0.81,55.0,0.82,10.0,0.88,10.0,0.3,3.6,0.2,10.0,0.19,55.0,0.18,10.0,0.12,10.0,0.36,10.0,0.37,16.0,0.39,6.28,0.49,59.0,0.5,10.0,0.06,0.06,0.09406,1776169832000
1776169834.156,34.156,0.64,10.0,0.63,16.0,0.61,6.28,0.51,59.0,0.5,10.0,0.7,3.6,0.8,10.0,0.81,55.0,0.82,10.0,0.88,10.0,0.3,3.6,0.2,10.0,0.19,55.0,0.18,10.0,0.12,10.0,0.36,10.0,0.37,16.0,0.39,6.28,0.49,59.0,0.5,10.0,0.06,0.06,0.094058,1776169833000
1776169835.115,35.115,0.64,10.0,0.63,16.0,0.61,6.28,0.51,59.0,0.5,10.0,0.7,3.6,0.8,10.0,0.81,55.0,0.82,10.0,0.88,10.0,0.3,3.6,0.2,10.0,0.19,55.0,0.18,10.0,0.12,10.0,0.36,10.0,0.37,16.0,0.39,6.28,0.49,59.0,0.5,10.0,0.06,0.06,0.094064,1776169834000
1776169836.182,36.182,0.64,10.0,0.63,16.0,0.61,6.28,0.51,59.0,0.5,10.0,0.7,3.6,0.8,10.0,0.81,55.0,0.82,10.0,0.88,10.0,0.3,3.6,0.2,10.0,0.19,55.0,0.18,10.0,0.12,10.0,0.36,10.0,0.37,16.0,0.39,6.28,0.49,59.0,0.5,10.0,0.06,0.06,0.094086,1776169835000
1776169837.379,37.379,0.64,10.0,0.63,16.0,0.61,6.28,0.51,59.0,0.5,10.0,0.7,3.6,0.8,10.0,0.81,55.0,0.82,10.0,0.88,10.0,0.3,3.6,0.2,10.0,0.19,55.0,0.18,10.0,0.12,10.0,0.36,10.0,0.37,16.0,0.39,6.28,0.49,59.0,0.5,10.0,0.06,0.06,0.094086,1776169836000
1776169838.038,38.038,0.64,10.0,0.63,16.0,0.61,6.28,0.51,59.0,0.5,10.0,0.7,3.6,0.8,10.0,0.81,55.0,0.82,10.0,0.88,10.0,0.3,3.6,0.2,10.0,0.19,55.0,0.18,10.0,0.12,10.0,0.36,10.0,0.37,16.0,0.39,6.28,0.49,59.0,0.5,10.0,0.06,0.06,0.094086,1776169837000
1776169839.257,39.257,0.67,11.0,0.51,50.0,0.47,10.0,0.41,50.0,0.31,50.0,0.7,19.6,0.76,5.0,0.77,5.0,0.8,5.0,0.81,50.0,0.3,19.6,0.24,5.0,0.23,5.0,0.2,5.0,0.19,50.0,0.33,11.0,0.49,50.0,0.53,10.0,0.59,50.0,0.69,50.0,0.03,0.03,0.094085,1776169838000
1776169840.404,40.404,0.67,16.0,0.51,50.0,0.47,10.0,0.45,10.0,0.41,50.0,0.7,14.6,0.76,5.0,0.77,5.0,0.79,10.0,0.8,5.0,0.3,14.6,0.24,5.0,0.23,5.0,0.21,10.0,0.2,5.0,0.33,16.0,0.49,50.0,0.53,10.0,0.55,10.0,0.59,50.0,0.03,0.03,0.094041,1776169839000
1776169840.911,40.911,0.67,16.0,0.51,50.0,0.47,10.0,0.45,10.0,0.41,50.0,0.7,14.6,0.76,5.0,0.77,5.0,0.79,10.0,0.8,5.0,0.3,14.6,0.24,5.0,0.23,5.0,0.21,10.0,0.2,5.0,0.33,16.0,0.49,50.0,0.53,10.0,0.55,10.0,0.59,50.0,0.03,0.03,0.094041,1776169840000
1776169842.428,42.428,0.67,16.0,0.51,50.0,0.47,10.0,0.45,10.0,0.41,50.0,0.7,14.6,0.76,5.0,0.77,5.0,0.79,10.0,0.8,5.0,0.3,14.6,0.24,5.0,0.23,5.0,0.21,10.0,0.2,5.0,0.33,16.0,0.49,50.0,0.53,10.0,0.55,10.0,0.59,50.0,0.03,0.03,0.094063,1776169841000
1776169842.96,42.96,0.67,16.0,0.51,50.0,0.47,10.0,0.45,10.0,0.41,50.0,0.7,14.6,0.76,5.0,0.77,5.0,0.79,10.0,0.8,5.0,0.3,14.6,0.24,5.0,0.23,5.0,0.21,10.0,0.2,5.0,0.33,16.0,0.49,50.0,0.53,10.0,0.55,10.0,0.59,50.0,0.03,0.03,0.094063,1776169842000
1776169843.933,43.933,0.67,16.0,0.51,50.0,0.47,10.0,0.45,10.0,0.41,50.0,0.7,14.6,0.76,5.0,0.77,5.0,0.79,10.0,0.8,5.0,0.3,14.6,0.24,5.0,0.23,5.0,0.21,10.0,0.2,5.0,0.33,16.0,0.49,50.0,0.53,10.0,0.55,10.0,0.59,50.0,0.03,0.03,0.094058,1776169843000
1776169844.992,44.992,0.67,16.0,0.51,50.0,0.47,10.0,0.45,10.0,0.41,50.0,0.7,14.6,0.76,5.0,0.77,5.0,0.79,10.0,0.8,5.0,0.3,14.6,0.24,5.0,0.23,5.0,0.21,10.0,0.2,5.0,0.33,16.0,0.49,50.0,0.53,10.0,0.55,10.0,0.59,50.0,0.03,0.03,0.094054,1776169844000
1776169845.72,45.72,0.67,11.0,0.51,50.0,0.49,10.0,0.46,10.0,0.41,50.0,0.71,17.0,0.77,10.0,0.8,15.0,0.81,50.0,0.82,17.6,0.3,14.6,0.24,5.0,0.23,5.0,0.21,10.0,0.2,5.0,0.33,16.0,0.49,50.0,0.53,10.0,0.55,10.0,0.59,50.0,0.04,0.03,0.094054,1776169844000
1776169845.986,45.986,0.67,11.0,0.51,50.0,0.49,10.0,0.46,10.0,0.41,50.0,0.71,17.0,0.77,10.0,0.8,15.0,0.81,50.0,0.82,17.6,0.29,17.0,0.23,10.0,0.2,15.0,0.19,50.0,0.18,17.6,0.33,11.0,0.49,50.0,0.51,10.0,0.54,10.0,0.59,50.0,0.04,0.04,0.094055,1776169845000
1776169846.928,46.928,0.67,11.0,0.51,50.0,0.49,10.0,0.46,10.0,0.41,50.0,0.71,17.0,0.77,10.0,0.8,15.0,0.81,50.0,0.82,17.6,0.29,17.0,0.23,10.0,0.2,15.0,0.19,50.0,0.18,17.6,0.33,11.0,0.49,50.0,0.51,10.0,0.54,10.0,0.59,50.0,0.04,0.04,0.094046,1776169846000
1776169847.881,47.881,0.67,11.0,0.51,50.0,0.49,10.0,0.46,10.0,0.41,50.0,0.71,17.0,0.77,10.0,0.8,15.0,0.81,50.0,0.82,17.6,0.29,17.0,0.23,10.0,0.2,15.0,0.19,50.0,0.18,17.6,0.33,11.0,0.49,50.0,0.51,10.0,0.54,10.0,0.59,50.0,0.04,0.04,0.094039,1776169847000
1776169848.825,48.825,0.67,11.0,0.51,50.0,0.49,10.0,0.46,10.0,0.41,50.0,0.71,17.0,0.77,10.0,0.8,15.0,0.81,50.0,0.82,17.6,0.29,17.0,0.23,10.0,0.2,15.0,0.19,50.0,0.18,17.6,0.33,11.0,0.49,50.0,0.51,10.0,0.54,10.0,0.59,50.0,0.04,0.04,0.094038,1776169848000
1776169849.834,49.834,0.67,11.0,0.51,50.0,0.49,10.0,0.46,10.0,0.41,50.0,0.71,17.0,0.77,10.0,0.8,15.0,0.81,50.0,0.82,17.6,0.29,17.0,0.23,10.0,0.2,15.0,0.19,50.0,0.18,17.6,0.33,11.0,0.49,50.0,0.51,10.0,0.54,10.0,0.59,50.0,0.04,0.04,0.094042,1776169849000
1776169851.232,51.232,0.67,11.0,0.51,50.0,0.49,10.0,0.46,10.0,0.41,50.0,0.71,17.0,0.77,10.0,0.8,15.0,0.81,50.0,0.82,17.6,0.29,17.0,0.23,10.0,0.2,15.0,0.19,50.0,0.18,17.6,0.33,11.0,0.49,50.0,0.51,10.0,0.54,10.0,0.59,50.0,0.04,0.04,0.094047,1776169850000
1776169852.209,52.209,0.67,11.0,0.51,50.0,0.49,10.0,0.46,10.0,0.41,50.0,0.71,17.0,0.77,10.0,0.8,15.0,0.81,50.0,0.82,17.6,0.29,17.0,0.23,10.0,0.2,15.0,0.19,50.0,0.18,17.6,0.33,11.0,0.49,50.0,0.51,10.0,0.54,10.0,0.59,50.0,0.04,0.04,0.094046,1776169851000
1776169853.141,53.141,0.67,11.0,0.51,50.0,0.49,10.0,0.46,10.0,0.41,50.0,0.71,17.0,0.77,10.0,0.8,15.0,0.81,50.0,0.82,17.6,0.29,17.0,0.23,10.0,0.2,15.0,0.19,50.0,0.18,17.6,0.33,11.0,0.49,50.0,0.51,10.0,0.54,10.0,0.59,50.0,0.04,0.04,0.094046,1776169852000
1776169854.176,54.176,0.67,11.0,0.51,50.0,0.49,10.0,0.46,10.0,0.41,50.0,0.71,17.0,0.77,10.0,0.8,15.0,0.81,50.0,0.82,17.6,0.29,17.0,0.23,10.0,0.2,15.0,0.19,50.0,0.18,17.6,0.33,11.0,0.49,50.0,0.51,10.0,0.54,10.0,0.59,50.0,0.04,0.04,0.09405,1776169853000
1776169855.155,55.155,0.67,11.0,0.51,50.0,0.49,10.0,0.46,10.0,0.41,50.0,0.71,17.0,0.77,10.0,0.8,15.0,0.81,50.0,0.82,17.6,0.29,17.0,0.23,10.0,0.2,15.0,0.19,50.0,0.18,17.6,0.33,11.0,0.49,50.0,0.51,10.0,0.54,10.0,0.59,50.0,0.04,0.04,0.09405,1776169854000
1776169856.176,56.176,0.67,11.0,0.51,50.0,0.49,10.0,0.46,10.0,0.41,50.0,0.71,17.0,0.77,10.0,0.8,15.0,0.81,50.0,0.82,17.6,0.29,17.0,0.23,10.0,0.2,15.0,0.19,50.0,0.18,17.6,0.33,11.0,0.49,50.0,0.51,10.0,0.54,10.0,0.59,50.0,0.04,0.04,0.09405,1776169855000
1776169857.412,57.412,0.67,11.0,0.51,50.0,0.49,10.0,0.46,10.0,0.41,50.0,0.71,17.0,0.77,10.0,0.8,15.0,0.81,50.0,0.82,17.6,0.29,17.0,0.23,10.0,0.2,15.0,0.19,50.0,0.18,17.6,0.33,11.0,0.49,50.0,0.51,10.0,0.54,10.0,0.59,50.0,0.04,0.04,0.094063,1776169856000
1776169858.269,58.269,0.67,11.0,0.51,50.0,0.49,10.0,0.46,10.0,0.41,50.0,0.71,17.0,0.77,10.0,0.8,15.0,0.81,50.0,0.82,17.6,0.29,17.0,0.23,10.0,0.2,15.0,0.19,50.0,0.18,17.6,0.33,11.0,0.49,50.0,0.51,10.0,0.54,10.0,0.59,50.0,0.04,0.04,0.094063,1776169857000
1776169859.261,59.261,0.67,11.0,0.51,50.0,0.49,10.0,0.46,10.0,0.41,50.0,0.71,17.0,0.77,10.0,0.8,15.0,0.81,50.0,0.82,17.6,0.29,17.0,0.23,10.0,0.2,15.0,0.19,50.0,0.18,17.6,0.33,11.0,0.49,50.0,0.51,10.0,0.54,10.0,0.59,50.0,0.04,0.04,0.094063,1776169858000
1776169860.194,60.194,0.67,11.0,0.51,50.0,0.49,10.0,0.46,10.0,0.41,50.0,0.71,17.0,0.77,10.0,0.8,15.0,0.81,50.0,0.82,17.6,0.29,17.0,0.23,10.0,0.2,15.0,0.19,50.0,0.18,17.6,0.33,11.0,0.49,50.0,0.51,10.0,0.54,10.0,0.59,50.0,0.04,0.04,0.094059,1776169859000
1776169861.303,61.303,0.67,11.0,0.51,50.0,0.49,10.0,0.46,10.0,0.41,50.0,0.71,17.0,0.77,10.0,0.8,15.0,0.81,50.0,0.82,17.6,0.29,17.0,0.23,10.0,0.2,15.0,0.19,50.0,0.18,17.6,0.33,11.0,0.49,50.0,0.51,10.0,0.54,10.0,0.59,50.0,0.04,0.04,0.094065,1776169860000
1776169861.553,61.553,0.67,1.0,0.42,10.7,0.41,60.7,0.4,10.8,0.39,10.9,0.71,50.0,0.72,17.9,0.73,13.2,0.74,13.5,0.75,18.9,0.29,17.0,0.23,10.0,0.2,15.0,0.19,50.0,0.18,17.6,0.33,11.0,0.49,50.0,0.51,10.0,0.54,10.0,0.59,50.0,0.04,0.04,0.094065,1776169860000
1776169862.356,62.356,0.67,1.0,0.42,10.7,0.41,60.7,0.4,10.8,0.39,10.9,0.71,50.0,0.72,17.9,0.73,13.2,0.74,13.5,0.75,18.9,0.29,50.0,0.28,17.9,0.27,13.2,0.26,13.5,0.25,18.9,0.33,1.0,0.58,10.7,0.59,60.7,0.6,10.8,0.61,10.9,0.04,0.04,0.094059,1776169861000
1776169863.244,63.244,0.67,1.0,0.42,10.7,0.41,60.7,0.4,10.8,0.39,10.9,0.71,50.0,0.72,17.9,0.73,13.2,0.74,13.5,0.75,18.9,0.29,50.0,0.28,17.9,0.27,13.2,0.26,13.5,0.25,18.9,0.33,1.0,0.58,10.7,0.59,60.7,0.6,10.8,0.61,10.9,0.04,0.04,0.094031,1776169862000
1776169864.229,64.229,0.67,1.0,0.42,10.7,0.41,60.7,0.4,10.8,0.39,10.9,0.71,50.0,0.72,17.9,0.73,13.2,0.74,13.5,0.75,18.9,0.29,50.0,0.28,17.9,0.27,13.2,0.26,13.5,0.25,18.9,0.33,1.0,0.58,10.7,0.59,60.7,0.6,10.8,0.61,10.9,0.04,0.04,0.094008,1776169863000
1776169864.925,64.925,0.42,10.7,0.41,60.7,0.4,10.8,0.39,10.9,0.38,11.0,0.68,10.0,0.69,12.2,0.7,17.4,0.71,62.6,0.72,12.9,0.29,50.0,0.28,17.9,0.27,13.2,0.26,13.5,0.25,18.9,0.33,1.0,0.58,10.7,0.59,60.7,0.6,10.8,0.61,10.9,0.26,0.04,0.094008,1776169863000
1776169865.307,65.307,0.42,10.7,0.41,60.7,0.4,10.8,0.39,10.9,0.38,11.0,0.68,10.0,0.69,12.2,0.7,17.4,0.71,62.6,0.72,12.9,0.32,10.0,0.31,12.2,0.3,17.4,0.29,62.6,0.28,12.9,0.58,10.7,0.59,60.7,0.6,10.8,0.61,10.9,0.62,11.0,0.26,0.26,0.094029,1776169864000
1776169866.236,66.236,0.42,10.7,0.41,60.7,0.4,10.8,0.39,10.9,0.38,11.0,0.68,10.0,0.69,12.2,0.7,17.4,0.71,62.6,0.72,12.9,0.32,10.0,0.31,12.2,0.3,17.4,0.29,62.6,0.28,12.9,0.58,10.7,0.59,60.7,0.6,10.8,0.61,10.9,0.62,11.0,0.26,0.26,0.094021,1776169865000
1776169867.261,67.261,0.42,10.7,0.41,60.7,0.4,10.8,0.39,10.9,0.38,11.0,0.68,10.0,0.69,12.2,0.7,17.4,0.71,62.6,0.72,12.9,0.32,10.0,0.31,12.2,0.3,17.4,0.29,62.6,0.28,12.9,0.58,10.7,0.59,60.7,0.6,10.8,0.61,10.9,0.62,11.0,0.26,0.26,0.093996,1776169866000
1776169867.862,67.862,0.47,5.0,0.46,10.0,0.45,10.0,0.44,10.0,0.43,10.0,0.61,12.0,0.64,21.3,0.65,11.4,0.66,11.6,0.67,11.8,0.32,10.0,0.31,12.2,0.3,17.4,0.29,62.6,0.28,12.9,0.58,10.7,0.59,60.7,0.6,10.8,0.61,10.9,0.62,11.0,0.14,0.26,0.093996,1776169866000
1776169868.244,68.244,0.47,5.0,0.46,10.0,0.45,10.0,0.44,10.0,0.43,10.0,0.61,12.0,0.64,21.3,0.65,11.4,0.66,11.6,0.67,11.8,0.39,12.0,0.36,21.3,0.35,11.4,0.34,11.6,0.33,11.8,0.53,5.0,0.54,10.0,0.55,10.0,0.56,10.0,0.57,10.0,0.14,0.14,0.093987,1776169867000
1776169869.219,69.219,0.47,5.0,0.46,10.0,0.45,10.0,0.44,10.0,0.43,10.0,0.61,12.0,0.64,21.3,0.65,11.4,0.66,11.6,0.67,11.8,0.39,12.0,0.36,21.3,0.35,11.4,0.34,11.6,0.33,11.8,0.53,5.0,0.54,10.0,0.55,10.0,0.56,10.0,0.57,10.0,0.14,0.14,0.093987,1776169868000
1776169870.238,70.238,0.47,5.0,0.46,10.0,0.45,10.0,0.44,10.0,0.43,10.0,0.61,12.0,0.64,21.3,0.65,11.4,0.66,11.6,0.67,11.8,0.39,12.0,0.36,21.3,0.35,11.4,0.34,11.6,0.33,11.8,0.53,5.0,0.54,10.0,0.55,10.0,0.56,10.0,0.57,10.0,0.14,0.14,0.093987,1776169869000
1776169871.093,71.093,0.47,5.0,0.46,10.0,0.45,10.0,0.44,10.0,0.43,10.0,0.61,12.0,0.64,21.3,0.65,11.4,0.66,11.6,0.67,11.8,0.39,12.0,0.36,21.3,0.35,11.4,0.34,11.6,0.33,11.8,0.53,5.0,0.54,10.0,0.55,10.0,0.56,10.0,0.57,10.0,0.14,0.14,0.093987,1776169870000
1776169872.083,72.083,0.47,5.0,0.46,10.0,0.45,10.0,0.44,10.0,0.43,10.0,0.61,12.0,0.64,21.3,0.65,11.4,0.66,11.6,0.67,11.8,0.39,12.0,0.36,21.3,0.35,11.4,0.34,11.6,0.33,11.8,0.53,5.0,0.54,10.0,0.55,10.0,0.56,10.0,0.57,10.0,0.14,0.14,0.093987,1776169871000
1776169873.047,73.047,0.58,5.0,0.51,79.0,0.48,10.0,0.44,10.6,0.43,10.6,0.68,11.9,0.69,12.2,0.7,28.4,0.71,17.6,0.72,12.9,0.32,11.9,0.31,12.2,0.3,28.4,0.29,17.6,0.28,12.9,0.42,5.0,0.49,79.0,0.52,10.0,0.56,10.6,0.57,10.6,0.1,0.1,0.09399,1776169872000
1776169874.114,74.114,0.58,5.0,0.51,79.0,0.48,10.0,0.44,10.6,0.43,10.6,0.68,11.9,0.69,12.2,0.7,28.4,0.71,17.6,0.72,12.9,0.32,11.9,0.31,12.2,0.3,28.4,0.29,17.6,0.28,12.9,0.42,5.0,0.49,79.0,0.52,10.0,0.56,10.6,0.57,10.6,0.1,0.1,0.094032,1776169873000
1776169875.077,75.077,0.58,5.0,0.51,79.0,0.48,10.0,0.44,10.6,0.43,10.6,0.68,11.9,0.69,12.2,0.7,28.4,0.71,17.6,0.72,12.9,0.32,11.9,0.31,12.2,0.3,28.4,0.29,17.6,0.28,12.9,0.42,5.0,0.49,79.0,0.52,10.0,0.56,10.6,0.57,10.6,0.1,0.1,0.09404,1776169874000
1776169876.146,76.146,0.58,5.0,0.51,79.0,0.48,10.0,0.44,10.6,0.43,10.6,0.68,11.9,0.69,12.2,0.7,28.4,0.71,17.6,0.72,12.9,0.32,11.9,0.31,12.2,0.3,28.4,0.29,17.6,0.28,12.9,0.42,5.0,0.49,79.0,0.52,10.0,0.56,10.6,0.57,10.6,0.1,0.1,0.094039,1776169875000
1776169877.127,77.127,0.58,5.0,0.51,79.0,0.48,10.0,0.44,10.6,0.43,10.6,0.68,11.9,0.69,12.2,0.7,28.4,0.71,17.6,0.72,12.9,0.32,11.9,0.31,12.2,0.3,28.4,0.29,17.6,0.28,12.9,0.42,5.0,0.49,79.0,0.52,10.0,0.56,10.6,0.57,10.6,0.1,0.1,0.09404,1776169876000
1776169878.221,78.221,0.58,5.0,0.51,79.0,0.48,10.0,0.44,10.6,0.43,10.6,0.68,11.9,0.69,12.2,0.7,28.4,0.71,17.6,0.72,12.9,0.32,11.9,0.31,12.2,0.3,28.4,0.29,17.6,0.28,12.9,0.42,5.0,0.49,79.0,0.52,10.0,0.56,10.6,0.57,10.6,0.1,0.1,0.09404,1776169877000
1776169879.151,79.151,0.58,5.0,0.51,79.0,0.48,10.0,0.44,10.6,0.43,10.6,0.68,11.9,0.69,12.2,0.7,28.4,0.71,17.6,0.72,12.9,0.32,11.9,0.31,12.2,0.3,28.4,0.29,17.6,0.28,12.9,0.42,5.0,0.49,79.0,0.52,10.0,0.56,10.6,0.57,10.6,0.1,0.1,0.094031,1776169878000
1776169880.191,80.191,0.58,5.0,0.51,79.0,0.48,10.0,0.44,10.6,0.43,10.6,0.68,11.9,0.69,12.2,0.7,28.4,0.71,17.6,0.72,12.9,0.32,11.9,0.31,12.2,0.3,28.4,0.29,17.6,0.28,12.9,0.42,5.0,0.49,79.0,0.52,10.0,0.56,10.6,0.57,10.6,0.1,0.1,0.094026,1776169879000
1776169881.159,81.159,0.58,5.0,0.51,79.0,0.48,10.0,0.44,10.6,0.43,10.6,0.68,11.9,0.69,12.2,0.7,28.4,0.71,17.6,0.72,12.9,0.32,11.9,0.31,12.2,0.3,28.4,0.29,17.6,0.28,12.9,0.42,5.0,0.49,79.0,0.52,10.0,0.56,10.6,0.57,10.6,0.1,0.1,0.094025,1776169880000
1776169882.22,82.22,0.58,5.0,0.51,79.0,0.48,10.0,0.44,10.6,0.43,10.6,0.68,11.9,0.69,12.2,0.7,28.4,0.71,17.6,0.72,12.9,0.32,11.9,0.31,12.2,0.3,28.4,0.29,17.6,0.28,12.9,0.42,5.0,0.49,79.0,0.52,10.0,0.56,10.6,0.57,10.6,0.1,0.1,0.094025,1776169881000
1776169883.249,83.249,0.58,5.0,0.51,79.0,0.48,10.0,0.44,10.6,0.43,10.6,0.68,11.9,0.69,12.2,0.7,28.4,0.71,17.6,0.72,12.9,0.32,11.9,0.31,12.2,0.3,28.4,0.29,17.6,0.28,12.9,0.42,5.0,0.49,79.0,0.52,10.0,0.56,10.6,0.57,10.6,0.1,0.1,0.094041,1776169882000
1776169884.213,84.213,0.58,5.0,0.51,79.0,0.48,10.0,0.44,10.6,0.43,10.6,0.68,11.9,0.69,12.2,0.7,28.4,0.71,17.6,0.72,12.9,0.32,11.9,0.31,12.2,0.3,28.4,0.29,17.6,0.28,12.9,0.42,5.0,0.49,79.0,0.52,10.0,0.56,10.6,0.57,10.6,0.1,0.1,0.094065,1776169883000
1776169885.299,85.299,0.58,5.0,0.51,79.0,0.48,10.0,0.44,10.6,0.43,10.6,0.68,11.9,0.69,12.2,0.7,28.4,0.71,17.6,0.72,12.9,0.32,11.9,0.31,12.2,0.3,28.4,0.29,17.6,0.28,12.9,0.42,5.0,0.49,79.0,0.52,10.0,0.56,10.6,0.57,10.6,0.1,0.1,0.094065,1776169884000
1776169886.188,86.188,0.58,5.0,0.51,79.0,0.48,10.0,0.44,10.6,0.43,10.6,0.68,11.9,0.69,12.2,0.7,28.4,0.71,17.6,0.72,12.9,0.32,11.9,0.31,12.2,0.3,28.4,0.29,17.6,0.28,12.9,0.42,5.0,0.49,79.0,0.52,10.0,0.56,10.6,0.57,10.6,0.1,0.1,0.094067,1776169885000
1776169887.263,87.263,0.58,5.0,0.51,79.0,0.48,10.0,0.44,10.6,0.43,10.6,0.68,11.9,0.69,12.2,0.7,28.4,0.71,17.6,0.72,12.9,0.32,11.9,0.31,12.2,0.3,28.4,0.29,17.6,0.28,12.9,0.42,5.0,0.49,79.0,0.52,10.0,0.56,10.6,0.57,10.6,0.1,0.1,0.09407,1776169886000
1776169888.238,88.238,0.58,5.0,0.51,79.0,0.48,10.0,0.44,10.6,0.43,10.6,0.68,11.9,0.69,12.2,0.7,28.4,0.71,17.6,0.72,12.9,0.32,11.9,0.31,12.2,0.3,28.4,0.29,17.6,0.28,12.9,0.42,5.0,0.49,79.0,0.52,10.0,0.56,10.6,0.57,10.6,0.1,0.1,0.094084,1776169887000
1776169889.197,89.197,0.58,5.0,0.51,79.0,0.48,10.0,0.44,10.6,0.43,10.6,0.68,11.9,0.69,12.2,0.7,28.4,0.71,17.6,0.72,12.9,0.32,11.9,0.31,12.2,0.3,28.4,0.29,17.6,0.28,12.9,0.42,5.0,0.49,79.0,0.52,10.0,0.56,10.6,0.57,10.6,0.1,0.1,0.09408,1776169888000
1776169890.208,90.208,0.58,5.0,0.51,79.0,0.48,10.0,0.44,10.6,0.43,10.6,0.68,11.9,0.69,12.2,0.7,28.4,0.71,17.6,0.72,12.9,0.32,11.9,0.31,12.2,0.3,28.4,0.29,17.6,0.28,12.9,0.42,5.0,0.49,79.0,0.52,10.0,0.56,10.6,0.57,10.6,0.1,0.1,0.094068,1776169889000
1776169891.182,91.182,0.58,5.0,0.51,79.0,0.48,10.0,0.44,10.6,0.43,10.6,0.68,11.9,0.69,12.2,0.7,28.4,0.71,17.6,0.72,12.9,0.32,11.9,0.31,12.2,0.3,28.4,0.29,17.6,0.28,12.9,0.42,5.0,0.49,79.0,0.52,10.0,0.56,10.6,0.57,10.6,0.1,0.1,0.094071,1776169890000
1776169892.157,92.157,0.58,5.0,0.51,79.0,0.48,10.0,0.44,10.6,0.43,10.6,0.68,11.9,0.69,12.2,0.7,28.4,0.71,17.6,0.72,12.9,0.32,11.9,0.31,12.2,0.3,28.4,0.29,17.6,0.28,12.9,0.42,5.0,0.49,79.0,0.52,10.0,0.56,10.6,0.57,10.6,0.1,0.1,0.094068,1776169891000
1776169893.162,93.162,0.58,5.0,0.51,79.0,0.48,10.0,0.44,10.6,0.43,10.6,0.68,11.9,0.69,12.2,0.7,28.4,0.71,17.6,0.72,12.9,0.32,11.9,0.31,12.2,0.3,28.4,0.29,17.6,0.28,12.9,0.42,5.0,0.49,79.0,0.52,10.0,0.56,10.6,0.57,10.6,0.1,0.1,0.094059,1776169892000
1776169894.417,94.417,0.58,5.0,0.51,79.0,0.48,10.0,0.44,10.6,0.43,10.6,0.68,11.9,0.69,12.2,0.7,28.4,0.71,17.6,0.72,12.9,0.32,11.9,0.31,12.2,0.3,28.4,0.29,17.6,0.28,12.9,0.42,5.0,0.49,79.0,0.52,10.0,0.56,10.6,0.57,10.6,0.1,0.1,0.094053,1776169893000
1776169894.981,94.981,0.58,5.0,0.51,79.0,0.48,10.0,0.44,10.6,0.43,10.6,0.68,11.9,0.69,12.2,0.7,28.4,0.71,17.6,0.72,12.9,0.32,11.9,0.31,12.2,0.3,28.4,0.29,17.6,0.28,12.9,0.42,5.0,0.49,79.0,0.52,10.0,0.56,10.6,0.57,10.6,0.1,0.1,0.094053,1776169894000
1776169895.988,95.988,0.58,5.0,0.51,79.0,0.48,10.0,0.44,10.6,0.43,10.6,0.68,11.9,0.69,12.2,0.7,28.4,0.71,17.6,0.72,12.9,0.32,11.9,0.31,12.2,0.3,28.4,0.29,17.6,0.28,12.9,0.42,5.0,0.49,79.0,0.52,10.0,0.56,10.6,0.57,10.6,0.1,0.1,0.094051,1776169895000
1776169897.166,97.166,0.58,5.0,0.51,79.0,0.48,10.0,0.44,10.6,0.43,10.6,0.68,11.9,0.69,12.2,0.7,28.4,0.71,17.6,0.72,12.9,0.32,11.9,0.31,12.2,0.3,28.4,0.29,17.6,0.28,12.9,0.42,5.0,0.49,79.0,0.52,10.0,0.56,10.6,0.57,10.6,0.1,0.1,0.094048,1776169896000
1776169898.408,98.408,0.58,5.0,0.51,79.0,0.48,10.0,0.44,10.6,0.43,10.6,0.68,11.9,0.69,12.2,0.7,28.4,0.71,17.6,0.72,12.9,0.32,11.9,0.31,12.2,0.3,28.4,0.29,17.6,0.28,12.9,0.42,5.0,0.49,79.0,0.52,10.0,0.56,10.6,0.57,10.6,0.1,0.1,0.094048,1776169897000
1776169898.886,98.886,0.58,5.0,0.51,79.0,0.48,10.0,0.44,10.6,0.43,10.6,0.68,11.9,0.69,12.2,0.7,28.4,0.71,17.6,0.72,12.9,0.32,11.9,0.31,12.2,0.3,28.4,0.29,17.6,0.28,12.9,0.42,5.0,0.49,79.0,0.52,10.0,0.56,10.6,0.57,10.6,0.1,0.1,0.094048,1776169898000
1776169900.014,100.014,0.58,5.0,0.51,79.0,0.48,10.0,0.44,10.6,0.43,10.6,0.68,11.9,0.69,12.2,0.7,28.4,0.71,17.6,0.72,12.9,0.32,11.9,0.31,12.2,0.3,28.4,0.29,17.6,0.28,12.9,0.42,5.0,0.49,79.0,0.52,10.0,0.56,10.6,0.57,10.6,0.1,0.1,0.094048,1776169899000
1776169901.138,101.138,0.58,5.0,0.51,79.0,0.48,10.0,0.44,10.6,0.43,10.6,0.68,11.9,0.69,12.2,0.7,28.4,0.71,17.6,0.72,12.9,0.32,11.9,0.31,12.2,0.3,28.4,0.29,17.6,0.28,12.9,0.42,5.0,0.49,79.0,0.52,10.0,0.56,10.6,0.57,10.6,0.1,0.1,0.094043,1776169900000
1776169902.272,102.272,0.58,5.0,0.51,79.0,0.48,10.0,0.44,10.6,0.43,10.6,0.68,11.9,0.69,12.2,0.7,28.4,0.71,17.6,0.72,12.9,0.32,11.9,0.31,12.2,0.3,28.4,0.29,17.6,0.28,12.9,0.42,5.0,0.49,79.0,0.52,10.0,0.56,10.6,0.57,10.6,0.1,0.1,0.094041,1776169901000
1776169903.356,103.356,0.58,5.0,0.51,79.0,0.48,10.0,0.44,10.6,0.43,10.6,0.68,11.9,0.69,12.2,0.7,28.4,0.71,17.6,0.72,12.9,0.32,11.9,0.31,12.2,0.3,28.4,0.29,17.6,0.28,12.9,0.42,5.0,0.49,79.0,0.52,10.0,0.56,10.6,0.57,10.6,0.1,0.1,0.094041,1776169902000
1776169903.937,103.937,0.58,5.0,0.51,79.0,0.48,10.0,0.44,10.6,0.43,10.6,0.68,11.9,0.69,12.2,0.7,28.4,0.71,17.6,0.72,12.9,0.32,11.9,0.31,12.2,0.3,28.4,0.29,17.6,0.28,12.9,0.42,5.0,0.49,79.0,0.52,10.0,0.56,10.6,0.57,10.6,0.1,0.1,0.094045,1776169903000
1776169904.972,104.972,0.58,5.0,0.51,79.0,0.48,10.0,0.44,10.6,0.43,10.6,0.68,11.9,0.69,12.2,0.7,28.4,0.71,17.6,0.72,12.9,0.32,11.9,0.31,12.2,0.3,28.4,0.29,17.6,0.28,12.9,0.42,5.0,0.49,79.0,0.52,10.0,0.56,10.6,0.57,10.6,0.1,0.1,0.094044,1776169904000
1776169906.256,106.256,0.58,5.0,0.51,79.0,0.48,10.0,0.44,10.6,0.43,10.6,0.68,11.9,0.69,12.2,0.7,28.4,0.71,17.6,0.72,12.9,0.32,11.9,0.31,12.2,0.3,28.4,0.29,17.6,0.28,12.9,0.42,5.0,0.49,79.0,0.52,10.0,0.56,10.6,0.57,10.6,0.1,0.1,0.094047,1776169905000
1776169906.57,106.57,0.64,7.22,0.63,10.0,0.62,10.0,0.61,10.0,0.6,10.0,0.69,12.2,0.7,12.4,0.71,12.6,0.72,12.9,0.73,13.2,0.32,11.9,0.31,12.2,0.3,28.4,0.29,17.6,0.28,12.9,0.42,5.0,0.49,79.0,0.52,10.0,0.56,10.6,0.57,10.6,0.05,0.1,0.094047,1776169905000
1776169907.369,107.369,0.64,7.22,0.63,10.0,0.62,10.0,0.61,10.0,0.6,10.0,0.69,12.2,0.7,12.4,0.71,12.6,0.72,12.9,0.73,13.2,0.31,12.2,0.3,12.4,0.29,12.6,0.28,12.9,0.27,13.2,0.36,7.22,0.37,10.0,0.38,10.0,0.39,10.0,0.4,10.0,0.05,0.05,0.094044,1776169906000
1776169907.949,107.949,0.64,7.22,0.63,10.0,0.62,10.0,0.61,10.0,0.6,10.0,0.69,12.2,0.7,12.4,0.71,12.6,0.72,12.9,0.73,13.2,0.31,12.2,0.3,12.4,0.29,12.6,0.28,12.9,0.27,13.2,0.36,7.22,0.37,10.0,0.38,10.0,0.39,10.0,0.4,10.0,0.05,0.05,0.094041,1776169907000
1776169910.11,110.11,0.64,7.22,0.63,10.0,0.62,10.0,0.61,10.0,0.6,10.0,0.69,12.2,0.7,12.4,0.71,12.6,0.72,12.9,0.73,13.2,0.31,12.2,0.3,12.4,0.29,12.6,0.28,12.9,0.27,13.2,0.36,7.22,0.37,10.0,0.38,10.0,0.39,10.0,0.4,10.0,0.05,0.05,0.094042,1776169909000
1776169911.411,111.411,0.64,7.22,0.63,10.0,0.62,10.0,0.61,10.0,0.6,10.0,0.69,12.2,0.7,12.4,0.71,12.6,0.72,12.9,0.73,13.2,0.31,12.2,0.3,12.4,0.29,12.6,0.28,12.9,0.27,13.2,0.36,7.22,0.37,10.0,0.38,10.0,0.39,10.0,0.4,10.0,0.05,0.05,0.094067,1776169910000
1776169912.069,112.069,0.64,7.22,0.63,10.0,0.62,10.0,0.61,10.0,0.6,10.0,0.69,12.2,0.7,12.4,0.71,12.6,0.72,12.9,0.73,13.2,0.31,12.2,0.3,12.4,0.29,12.6,0.28,12.9,0.27,13.2,0.36,7.22,0.37,10.0,0.38,10.0,0.39,10.0,0.4,10.0,0.05,0.05,0.094067,1776169911000
1776169913.397,113.397,0.64,7.22,0.63,10.0,0.62,10.0,0.61,10.0,0.6,10.0,0.69,12.2,0.7,12.4,0.71,12.6,0.72,12.9,0.73,13.2,0.31,12.2,0.3,12.4,0.29,12.6,0.28,12.9,0.27,13.2,0.36,7.22,0.37,10.0,0.38,10.0,0.39,10.0,0.4,10.0,0.05,0.05,0.094065,1776169912000
1776169913.977,113.977,0.64,7.22,0.63,10.0,0.62,10.0,0.61,10.0,0.6,10.0,0.69,12.2,0.7,12.4,0.71,12.6,0.72,12.9,0.73,13.2,0.31,12.2,0.3,12.4,0.29,12.6,0.28,12.9,0.27,13.2,0.36,7.22,0.37,10.0,0.38,10.0,0.39,10.0,0.4,10.0,0.05,0.05,0.094048,1776169913000
1776169915.13,115.13,0.64,7.22,0.63,10.0,0.62,10.0,0.61,10.0,0.6,10.0,0.69,12.2,0.7,12.4,0.71,12.6,0.72,12.9,0.73,13.2,0.31,12.2,0.3,12.4,0.29,12.6,0.28,12.9,0.27,13.2,0.36,7.22,0.37,10.0,0.38,10.0,0.39,10.0,0.4,10.0,0.05,0.05,0.094042,1776169914000
1776169916.362,116.362,0.64,7.22,0.63,10.0,0.62,10.0,0.61,10.0,0.6,10.0,0.69,12.2,0.7,12.4,0.71,12.6,0.72,12.9,0.73,13.2,0.31,12.2,0.3,12.4,0.29,12.6,0.28,12.9,0.27,13.2,0.36,7.22,0.37,10.0,0.38,10.0,0.39,10.0,0.4,10.0,0.05,0.05,0.094038,1776169915000
1776169917.003,117.003,0.64,7.22,0.63,10.0,0.62,10.0,0.61,10.0,0.6,10.0,0.69,12.2,0.7,12.4,0.71,12.6,0.72,12.9,0.73,13.2,0.31,12.2,0.3,12.4,0.29,12.6,0.28,12.9,0.27,13.2,0.36,7.22,0.37,10.0,0.38,10.0,0.39,10.0,0.4,10.0,0.05,0.05,0.094038,1776169916000
1776169918.072,118.072,0.64,7.22,0.63,10.0,0.62,10.0,0.61,10.0,0.6,10.0,0.69,12.2,0.7,12.4,0.71,12.6,0.72,12.9,0.73,13.2,0.31,12.2,0.3,12.4,0.29,12.6,0.28,12.9,0.27,13.2,0.36,7.22,0.37,10.0,0.38,10.0,0.39,10.0,0.4,10.0,0.05,0.05,0.094033,1776169917000
1776169919.315,119.315,0.64,7.22,0.63,10.0,0.62,10.0,0.61,10.0,0.6,10.0,0.69,12.2,0.7,12.4,0.71,12.6,0.72,12.9,0.73,13.2,0.31,12.2,0.3,12.4,0.29,12.6,0.28,12.9,0.27,13.2,0.36,7.22,0.37,10.0,0.38,10.0,0.39,10.0,0.4,10.0,0.05,0.05,0.094032,1776169918000
1776169920.442,120.442,0.64,7.22,0.63,10.0,0.62,10.0,0.61,10.0,0.6,10.0,0.69,12.2,0.7,12.4,0.71,12.6,0.72,12.9,0.73,13.2,0.31,12.2,0.3,12.4,0.29,12.6,0.28,12.9,0.27,13.2,0.36,7.22,0.37,10.0,0.38,10.0,0.39,10.0,0.4,10.0,0.05,0.05,0.094034,1776169919000
1776169920.99,120.99,0.64,7.22,0.63,10.0,0.62,10.0,0.61,10.0,0.6,10.0,0.69,12.2,0.7,12.4,0.71,12.6,0.72,12.9,0.73,13.2,0.31,12.2,0.3,12.4,0.29,12.6,0.28,12.9,0.27,13.2,0.36,7.22,0.37,10.0,0.38,10.0,0.39,10.0,0.4,10.0,0.05,0.05,0.094036,1776169920000
1776169922.235,122.235,0.64,7.22,0.63,10.0,0.62,10.0,0.61,10.0,0.6,10.0,0.69,12.2,0.7,12.4,0.71,12.6,0.72,12.9,0.73,13.2,0.31,12.2,0.3,12.4,0.29,12.6,0.28,12.9,0.27,13.2,0.36,7.22,0.37,10.0,0.38,10.0,0.39,10.0,0.4,10.0,0.05,0.05,0.094037,1776169921000
1776169923.478,123.478,0.64,7.22,0.63,10.0,0.62,10.0,0.61,10.0,0.6,10.0,0.69,12.2,0.7,12.4,0.71,12.6,0.72,12.9,0.73,13.2,0.31,12.2,0.3,12.4,0.29,12.6,0.28,12.9,0.27,13.2,0.36,7.22,0.37,10.0,0.38,10.0,0.39,10.0,0.4,10.0,0.05,0.05,0.094037,1776169922000
1776169924.128,124.128,0.64,7.22,0.63,10.0,0.62,10.0,0.61,10.0,0.6,10.0,0.69,12.2,0.7,12.4,0.71,12.6,0.72,12.9,0.73,13.2,0.31,12.2,0.3,12.4,0.29,12.6,0.28,12.9,0.27,13.2,0.36,7.22,0.37,10.0,0.38,10.0,0.39,10.0,0.4,10.0,0.05,0.05,0.094039,1776169923000
1776169925.847,125.847,0.64,7.22,0.63,10.0,0.62,10.0,0.61,10.0,0.6,10.0,0.69,12.2,0.7,12.4,0.71,12.6,0.72,12.9,0.73,13.2,0.31,12.2,0.3,12.4,0.29,12.6,0.28,12.9,0.27,13.2,0.36,7.22,0.37,10.0,0.38,10.0,0.39,10.0,0.4,10.0,0.05,0.05,0.094039,1776169924000
1776169926.529,126.529,0.64,7.22,0.63,10.0,0.62,10.0,0.61,10.0,0.6,10.0,0.69,12.2,0.7,12.4,0.71,12.6,0.72,12.9,0.73,13.2,0.31,12.2,0.3,12.4,0.29,12.6,0.28,12.9,0.27,13.2,0.36,7.22,0.37,10.0,0.38,10.0,0.39,10.0,0.4,10.0,0.05,0.05,0.094035,1776169925000
1776169927.174,127.174,0.64,7.22,0.63,10.0,0.62,10.0,0.61,10.0,0.6,10.0,0.69,12.2,0.7,12.4,0.71,12.6,0.72,12.9,0.73,13.2,0.31,12.2,0.3,12.4,0.29,12.6,0.28,12.9,0.27,13.2,0.36,7.22,0.37,10.0,0.38,10.0,0.39,10.0,0.4,10.0,0.05,0.05,0.094035,1776169926000
1776169928.429,128.429,0.64,7.22,0.63,10.0,0.62,10.0,0.61,10.0,0.6,10.0,0.69,12.2,0.7,12.4,0.71,12.6,0.72,12.9,0.73,13.2,0.31,12.2,0.3,12.4,0.29,12.6,0.28,12.9,0.27,13.2,0.36,7.22,0.37,10.0,0.38,10.0,0.39,10.0,0.4,10.0,0.05,0.05,0.094033,1776169927000
1776169929.103,129.103,0.64,7.22,0.63,10.0,0.62,10.0,0.61,10.0,0.6,10.0,0.69,12.2,0.7,12.4,0.71,12.6,0.72,12.9,0.73,13.2,0.31,12.2,0.3,12.4,0.29,12.6,0.28,12.9,0.27,13.2,0.36,7.22,0.37,10.0,0.38,10.0,0.39,10.0,0.4,10.0,0.05,0.05,0.094033,1776169928000
1776169930.425,130.425,0.64,7.22,0.63,10.0,0.62,10.0,0.61,10.0,0.6,10.0,0.69,12.2,0.7,12.4,0.71,12.6,0.72,12.9,0.73,13.2,0.31,12.2,0.3,12.4,0.29,12.6,0.28,12.9,0.27,13.2,0.36,7.22,0.37,10.0,0.38,10.0,0.39,10.0,0.4,10.0,0.05,0.05,0.094033,1776169929000
1776169931.12,131.12,0.64,7.22,0.63,10.0,0.62,10.0,0.61,10.0,0.6,10.0,0.69,12.2,0.7,12.4,0.71,12.6,0.72,12.9,0.73,13.2,0.31,12.2,0.3,12.4,0.29,12.6,0.28,12.9,0.27,13.2,0.36,7.22,0.37,10.0,0.38,10.0,0.39,10.0,0.4,10.0,0.05,0.05,0.094033,1776169930000
1776169932.444,132.444,0.64,7.22,0.63,10.0,0.62,10.0,0.61,10.0,0.6,10.0,0.69,12.2,0.7,12.4,0.71,12.6,0.72,12.9,0.73,13.2,0.31,12.2,0.3,12.4,0.29,12.6,0.28,12.9,0.27,13.2,0.36,7.22,0.37,10.0,0.38,10.0,0.39,10.0,0.4,10.0,0.05,0.05,0.094032,1776169931000
1776169933.072,133.072,0.64,7.22,0.63,10.0,0.62,10.0,0.61,10.0,0.6,10.0,0.69,12.2,0.7,12.4,0.71,12.6,0.72,12.9,0.73,13.2,0.31,12.2,0.3,12.4,0.29,12.6,0.28,12.9,0.27,13.2,0.36,7.22,0.37,10.0,0.38,10.0,0.39,10.0,0.4,10.0,0.05,0.05,0.094024,1776169932000
1776169934.281,134.281,0.64,7.22,0.63,10.0,0.62,10.0,0.61,10.0,0.6,10.0,0.69,12.2,0.7,12.4,0.71,12.6,0.72,12.9,0.73,13.2,0.31,12.2,0.3,12.4,0.29,12.6,0.28,12.9,0.27,13.2,0.36,7.22,0.37,10.0,0.38,10.0,0.39,10.0,0.4,10.0,0.05,0.05,0.094014,1776169933000
1776169935.555,135.555,0.64,7.22,0.63,10.0,0.62,10.0,0.61,10.0,0.6,10.0,0.69,12.2,0.7,12.4,0.71,12.6,0.72,12.9,0.73,13.2,0.31,12.2,0.3,12.4,0.29,12.6,0.28,12.9,0.27,13.2,0.36,7.22,0.37,10.0,0.38,10.0,0.39,10.0,0.4,10.0,0.05,0.05,0.094026,1776169934000
1776169936.271,136.271,0.64,7.22,0.63,10.0,0.62,10.0,0.61,10.0,0.6,10.0,0.69,12.2,0.7,12.4,0.71,12.6,0.72,12.9,0.73,13.2,0.31,12.2,0.3,12.4,0.29,12.6,0.28,12.9,0.27,13.2,0.36,7.22,0.37,10.0,0.38,10.0,0.39,10.0,0.4,10.0,0.05,0.05,0.094036,1776169935000
1776169937.455,137.455,0.64,7.22,0.63,10.0,0.62,10.0,0.61,10.0,0.6,10.0,0.69,12.2,0.7,12.4,0.71,12.6,0.72,12.9,0.73,13.2,0.31,12.2,0.3,12.4,0.29,12.6,0.28,12.9,0.27,13.2,0.36,7.22,0.37,10.0,0.38,10.0,0.39,10.0,0.4,10.0,0.05,0.05,0.094039,1776169936000
1776169938.263,138.263,0.64,7.22,0.63,10.0,0.62,10.0,0.61,10.0,0.6,10.0,0.69,12.2,0.7,12.4,0.71,12.6,0.72,12.9,0.73,13.2,0.31,12.2,0.3,12.4,0.29,12.6,0.28,12.9,0.27,13.2,0.36,7.22,0.37,10.0,0.38,10.0,0.39,10.0,0.4,10.0,0.05,0.05,0.094039,1776169937000
1776169939.386,139.386,0.64,7.22,0.63,10.0,0.62,10.0,0.61,10.0,0.6,10.0,0.69,12.2,0.7,12.4,0.71,12.6,0.72,12.9,0.73,13.2,0.31,12.2,0.3,12.4,0.29,12.6,0.28,12.9,0.27,13.2,0.36,7.22,0.37,10.0,0.38,10.0,0.39,10.0,0.4,10.0,0.05,0.05,0.09404,1776169938000
1776169940.053,140.053,0.64,7.22,0.63,10.0,0.62,10.0,0.61,10.0,0.6,10.0,0.69,12.2,0.7,12.4,0.71,12.6,0.72,12.9,0.73,13.2,0.31,12.2,0.3,12.4,0.29,12.6,0.28,12.9,0.27,13.2,0.36,7.22,0.37,10.0,0.38,10.0,0.39,10.0,0.4,10.0,0.05,0.05,0.09404,1776169939000
1776169941.495,141.495,0.64,7.22,0.63,10.0,0.62,10.0,0.61,10.0,0.6,10.0,0.69,12.2,0.7,12.4,0.71,12.6,0.72,12.9,0.73,13.2,0.31,12.2,0.3,12.4,0.29,12.6,0.28,12.9,0.27,13.2,0.36,7.22,0.37,10.0,0.38,10.0,0.39,10.0,0.4,10.0,0.05,0.05,0.094036,1776169940000
1776169942.513,142.513,0.64,7.22,0.63,10.0,0.62,10.0,0.61,10.0,0.6,10.0,0.69,12.2,0.7,12.4,0.71,12.6,0.72,12.9,0.73,13.2,0.31,12.2,0.3,12.4,0.29,12.6,0.28,12.9,0.27,13.2,0.36,7.22,0.37,10.0,0.38,10.0,0.39,10.0,0.4,10.0,0.05,0.05,0.094036,1776169941000
1776169943.038,143.038,0.64,7.22,0.63,10.0,0.62,10.0,0.61,10.0,0.6,10.0,0.69,12.2,0.7,12.4,0.71,12.6,0.72,12.9,0.73,13.2,0.31,12.2,0.3,12.4,0.29,12.6,0.28,12.9,0.27,13.2,0.36,7.22,0.37,10.0,0.38,10.0,0.39,10.0,0.4,10.0,0.05,0.05,0.094036,1776169942000
1776169944.098,144.098,0.64,7.22,0.63,10.0,0.62,10.0,0.61,10.0,0.6,10.0,0.69,12.2,0.7,12.4,0.71,12.6,0.72,12.9,0.73,13.2,0.31,12.2,0.3,12.4,0.29,12.6,0.28,12.9,0.27,13.2,0.36,7.22,0.37,10.0,0.38,10.0,0.39,10.0,0.4,10.0,0.05,0.05,0.094038,1776169943000
1776169945.216,145.216,0.64,7.22,0.63,10.0,0.62,10.0,0.61,10.0,0.6,10.0,0.69,12.2,0.7,12.4,0.71,12.6,0.72,12.9,0.73,13.2,0.31,12.2,0.3,12.4,0.29,12.6,0.28,12.9,0.27,13.2,0.36,7.22,0.37,10.0,0.38,10.0,0.39,10.0,0.4,10.0,0.05,0.05,0.094038,1776169944000
1776169946.364,146.364,0.64,7.22,0.63,10.0,0.62,10.0,0.61,10.0,0.6,10.0,0.69,12.2,0.7,12.4,0.71,12.6,0.72,12.9,0.73,13.2,0.31,12.2,0.3,12.4,0.29,12.6,0.28,12.9,0.27,13.2,0.36,7.22,0.37,10.0,0.38,10.0,0.39,10.0,0.4,10.0,0.05,0.05,0.094038,1776169945000
1776169947.468,147.468,0.64,7.22,0.63,10.0,0.62,10.0,0.61,10.0,0.6,10.0,0.69,12.2,0.7,12.4,0.71,12.6,0.72,12.9,0.73,13.2,0.31,12.2,0.3,12.4,0.29,12.6,0.28,12.9,0.27,13.2,0.36,7.22,0.37,10.0,0.38,10.0,0.39,10.0,0.4,10.0,0.05,0.05,0.094038,1776169946000
1776169948.327,148.327,0.64,7.22,0.63,10.0,0.62,10.0,0.61,10.0,0.6,10.0,0.69,12.2,0.7,12.4,0.71,12.6,0.72,12.9,0.73,13.2,0.31,12.2,0.3,12.4,0.29,12.6,0.28,12.9,0.27,13.2,0.36,7.22,0.37,10.0,0.38,10.0,0.39,10.0,0.4,10.0,0.05,0.05,0.094038,1776169947000
1776169948.968,148.968,0.64,7.22,0.63,10.0,0.62,10.0,0.61,10.0,0.6,10.0,0.69,12.2,0.7,12.4,0.71,12.6,0.72,12.9,0.73,13.2,0.31,12.2,0.3,12.4,0.29,12.6,0.28,12.9,0.27,13.2,0.36,7.22,0.37,10.0,0.38,10.0,0.39,10.0,0.4,10.0,0.05,0.05,0.09404,1776169948000
1776169950.153,150.153,0.64,7.22,0.63,10.0,0.62,10.0,0.61,10.0,0.6,10.0,0.69,12.2,0.7,12.4,0.71,12.6,0.72,12.9,0.73,13.2,0.31,12.2,0.3,12.4,0.29,12.6,0.28,12.9,0.27,13.2,0.36,7.22,0.37,10.0,0.38,10.0,0.39,10.0,0.4,10.0,0.05,0.05,0.09404,1776169949000
1776169951.239,151.239,0.64,7.22,0.63,10.0,0.62,10.0,0.61,10.0,0.6,10.0,0.69,12.2,0.7,12.4,0.71,12.6,0.72,12.9,0.73,13.2,0.31,12.2,0.3,12.4,0.29,12.6,0.28,12.9,0.27,13.2,0.36,7.22,0.37,10.0,0.38,10.0,0.39,10.0,0.4,10.0,0.05,0.05,0.094043,1776169950000
1776169952.317,152.317,0.61,50.0,0.6,10.8,0.59,25.7,0.58,10.7,0.57,10.6,0.74,12.14,0.75,13.9,0.76,14.3,0.77,35.7,0.78,25.2,0.26,12.14,0.25,13.9,0.24,14.3,0.23,35.7,0.22,25.2,0.39,50.0,0.4,10.8,0.41,25.7,0.42,10.7,0.43,10.6,0.13,0.13,0.094044,1776169951000
1776169953.291,153.291,0.61,50.0,0.6,10.8,0.59,25.7,0.58,10.7,0.57,10.6,0.74,12.14,0.75,13.9,0.76,14.3,0.77,35.7,0.78,25.2,0.26,12.14,0.25,13.9,0.24,14.3,0.23,35.7,0.22,25.2,0.39,50.0,0.4,10.8,0.41,25.7,0.42,10.7,0.43,10.6,0.13,0.13,0.094041,1776169952000
1776169954.416,154.416,0.61,50.0,0.6,10.8,0.59,25.7,0.58,10.7,0.57,10.6,0.74,12.14,0.75,13.9,0.76,14.3,0.77,35.7,0.78,25.2,0.26,12.14,0.25,13.9,0.24,14.3,0.23,35.7,0.22,25.2,0.39,50.0,0.4,10.8,0.41,25.7,0.42,10.7,0.43,10.6,0.13,0.13,0.094039,1776169953000
1776169955.044,155.044,0.61,50.0,0.6,10.8,0.59,25.7,0.58,10.7,0.57,10.6,0.74,12.14,0.75,13.9,0.76,14.3,0.77,35.7,0.78,25.2,0.26,12.14,0.25,13.9,0.24,14.3,0.23,35.7,0.22,25.2,0.39,50.0,0.4,10.8,0.41,25.7,0.42,10.7,0.43,10.6,0.13,0.13,0.094039,1776169954000
1776169956.206,156.206,0.61,50.0,0.6,10.8,0.59,25.7,0.58,10.7,0.57,10.6,0.74,12.14,0.75,13.9,0.76,14.3,0.77,35.7,0.78,25.2,0.26,12.14,0.25,13.9,0.24,14.3,0.23,35.7,0.22,25.2,0.39,50.0,0.4,10.8,0.41,25.7,0.42,10.7,0.43,10.6,0.13,0.13,0.09404,1776169955000
1776169957.064,157.064,0.61,50.0,0.6,10.8,0.59,25.7,0.58,10.7,0.57,10.6,0.74,12.14,0.75,13.9,0.76,14.3,0.77,35.7,0.78,25.2,0.26,12.14,0.25,13.9,0.24,14.3,0.23,35.7,0.22,25.2,0.39,50.0,0.4,10.8,0.41,25.7,0.42,10.7,0.43,10.6,0.13,0.13,0.094044,1776169956000
1776169958.158,158.158,0.61,50.0,0.6,10.8,0.59,25.7,0.58,10.7,0.57,10.6,0.74,12.14,0.75,13.9,0.76,14.3,0.77,35.7,0.78,25.2,0.26,12.14,0.25,13.9,0.24,14.3,0.23,35.7,0.22,25.2,0.39,50.0,0.4,10.8,0.41,25.7,0.42,10.7,0.43,10.6,0.13,0.13,0.094047,1776169957000
1776169959.283,159.283,0.61,50.0,0.6,10.8,0.59,25.7,0.58,10.7,0.57,10.6,0.74,12.14,0.75,13.9,0.76,14.3,0.77,35.7,0.78,25.2,0.26,12.14,0.25,13.9,0.24,14.3,0.23,35.7,0.22,25.2,0.39,50.0,0.4,10.8,0.41,25.7,0.42,10.7,0.43,10.6,0.13,0.13,0.094047,1776169958000
1776169960.387,160.387,0.61,50.0,0.6,10.8,0.59,25.7,0.58,10.7,0.57,10.6,0.74,12.14,0.75,13.9,0.76,14.3,0.77,35.7,0.78,25.2,0.26,12.14,0.25,13.9,0.24,14.3,0.23,35.7,0.22,25.2,0.39,50.0,0.4,10.8,0.41,25.7,0.42,10.7,0.43,10.6,0.13,0.13,0.094047,1776169959000
1776169961.345,161.345,0.61,50.0,0.6,10.8,0.59,25.7,0.58,10.7,0.57,10.6,0.74,12.14,0.75,13.9,0.76,14.3,0.77,35.7,0.78,25.2,0.26,12.14,0.25,13.9,0.24,14.3,0.23,35.7,0.22,25.2,0.39,50.0,0.4,10.8,0.41,25.7,0.42,10.7,0.43,10.6,0.13,0.13,0.094048,1776169960000
1776169962.386,162.386,0.61,50.0,0.6,10.8,0.59,25.7,0.58,10.7,0.57,10.6,0.74,12.14,0.75,13.9,0.76,14.3,0.77,35.7,0.78,25.2,0.26,12.14,0.25,13.9,0.24,14.3,0.23,35.7,0.22,25.2,0.39,50.0,0.4,10.8,0.41,25.7,0.42,10.7,0.43,10.6,0.13,0.13,0.094048,1776169961000
1776169962.916,162.916,0.61,50.0,0.6,10.8,0.59,25.7,0.58,10.7,0.57,10.6,0.74,12.14,0.75,13.9,0.76,14.3,0.77,35.7,0.78,25.2,0.26,12.14,0.25,13.9,0.24,14.3,0.23,35.7,0.22,25.2,0.39,50.0,0.4,10.8,0.41,25.7,0.42,10.7,0.43,10.6,0.13,0.13,0.094046,1776169962000
1776169964.063,164.063,0.61,50.0,0.6,10.8,0.59,25.7,0.58,10.7,0.57,10.6,0.74,12.14,0.75,13.9,0.76,14.3,0.77,35.7,0.78,25.2,0.26,12.14,0.25,13.9,0.24,14.3,0.23,35.7,0.22,25.2,0.39,50.0,0.4,10.8,0.41,25.7,0.42,10.7,0.43,10.6,0.13,0.13,0.094046,1776169963000
1776169965.154,165.154,0.61,50.0,0.6,10.8,0.59,25.7,0.58,10.7,0.57,10.6,0.74,12.14,0.75,13.9,0.76,14.3,0.77,35.7,0.78,25.2,0.26,12.14,0.25,13.9,0.24,14.3,0.23,35.7,0.22,25.2,0.39,50.0,0.4,10.8,0.41,25.7,0.42,10.7,0.43,10.6,0.13,0.13,0.094043,1776169964000
1776169966.131,166.131,0.61,50.0,0.6,10.8,0.59,25.7,0.58,10.7,0.57,10.6,0.74,12.14,0.75,13.9,0.76,14.3,0.77,35.7,0.78,25.2,0.26,12.14,0.25,13.9,0.24,14.3,0.23,35.7,0.22,25.2,0.39,50.0,0.4,10.8,0.41,25.7,0.42,10.7,0.43,10.6,0.13,0.13,0.094043,1776169965000
1776169966.393,166.393,0.73,6.93,0.63,11.2,0.62,11.0,0.61,60.9,0.6,10.8,0.77,5.64,0.78,15.2,0.79,15.7,0.8,31.2,0.81,42.89,0.26,12.14,0.25,13.9,0.24,14.3,0.23,35.7,0.22,25.2,0.39,50.0,0.4,10.8,0.41,25.7,0.42,10.7,0.43,10.6,0.04,0.13,0.094043,1776169965000
1776169967.229,167.229,0.73,6.93,0.63,11.2,0.62,11.0,0.61,60.9,0.6,10.8,0.77,5.64,0.78,15.2,0.79,15.7,0.8,31.2,0.81,42.89,0.23,5.64,0.22,15.2,0.21,15.7,0.2,31.2,0.19,42.89,0.27,6.93,0.37,11.2,0.38,11.0,0.39,60.9,0.4,10.8,0.04,0.04,0.094043,1776169966000
1776169967.525,167.525,0.76,6.93,0.73,6.93,0.63,11.2,0.62,11.0,0.61,60.9,0.77,3.0,0.78,15.2,0.79,15.7,0.8,31.2,0.81,42.89,0.23,5.64,0.22,15.2,0.21,15.7,0.2,31.2,0.19,42.89,0.27,6.93,0.37,11.2,0.38,11.0,0.39,60.9,0.4,10.8,0.01,0.04,0.094043,1776169966000
1776169968.239,168.239,0.76,6.93,0.73,6.93,0.63,11.2,0.62,11.0,0.61,60.9,0.77,3.0,0.78,15.2,0.79,15.7,0.8,31.2,0.81,42.89,0.23,3.0,0.22,15.2,0.21,15.7,0.2,31.2,0.19,42.89,0.24,6.93,0.27,6.93,0.37,11.2,0.38,11.0,0.39,60.9,0.01,0.01,0.094043,1776169967000
1776169969.471,169.471,0.76,6.93,0.73,6.93,0.63,11.2,0.62,11.0,0.61,60.9,0.77,3.0,0.78,15.2,0.79,15.7,0.8,31.2,0.81,42.89,0.23,3.0,0.22,15.2,0.21,15.7,0.2,31.2,0.19,42.89,0.24,6.93,0.27,6.93,0.37,11.2,0.38,11.0,0.39,60.9,0.01,0.01,0.094043,1776169968000
1776169969.927,169.927,0.76,6.93,0.73,6.93,0.63,11.2,0.62,11.0,0.61,60.9,0.77,3.0,0.78,15.2,0.79,15.7,0.8,31.2,0.81,42.89,0.23,3.0,0.22,15.2,0.21,15.7,0.2,31.2,0.19,42.89,0.24,6.93,0.27,6.93,0.37,11.2,0.38,11.0,0.39,60.9,0.01,0.01,0.094043,1776169969000
1776169970.932,170.932,0.76,6.93,0.73,6.93,0.63,11.2,0.62,11.0,0.61,60.9,0.77,3.0,0.78,15.2,0.79,15.7,0.8,31.2,0.81,42.89,0.23,3.0,0.22,15.2,0.21,15.7,0.2,31.2,0.19,42.89,0.24,6.93,0.27,6.93,0.37,11.2,0.38,11.0,0.39,60.9,0.01,0.01,0.094043,1776169970000
1776169972.056,172.056,0.76,6.93,0.73,6.93,0.63,11.2,0.62,11.0,0.61,60.9,0.77,3.0,0.78,15.2,0.79,15.7,0.8,31.2,0.81,42.89,0.23,3.0,0.22,15.2,0.21,15.7,0.2,31.2,0.19,42.89,0.24,6.93,0.27,6.93,0.37,11.2,0.38,11.0,0.39,60.9,0.01,0.01,0.094043,1776169971000
1776169973.242,173.242,0.76,6.93,0.73,6.93,0.63,11.2,0.62,11.0,0.61,60.9,0.77,3.0,0.78,15.2,0.79,15.7,0.8,31.2,0.81,42.89,0.23,3.0,0.22,15.2,0.21,15.7,0.2,31.2,0.19,42.89,0.24,6.93,0.27,6.93,0.37,11.2,0.38,11.0,0.39,60.9,0.01,0.01,0.094042,1776169972000
1776169974.35,174.35,0.76,6.93,0.73,6.93,0.63,11.2,0.62,11.0,0.61,60.9,0.77,3.0,0.78,15.2,0.79,15.7,0.8,31.2,0.81,42.89,0.23,3.0,0.22,15.2,0.21,15.7,0.2,31.2,0.19,42.89,0.24,6.93,0.27,6.93,0.37,11.2,0.38,11.0,0.39,60.9,0.01,0.01,0.094042,1776169973000
1776169974.896,174.896,0.76,6.93,0.73,6.93,0.63,11.2,0.62,11.0,0.61,60.9,0.77,3.0,0.78,15.2,0.79,15.7,0.8,31.2,0.81,42.89,0.23,3.0,0.22,15.2,0.21,15.7,0.2,31.2,0.19,42.89,0.24,6.93,0.27,6.93,0.37,11.2,0.38,11.0,0.39,60.9,0.01,0.01,0.094043,1776169974000
1776169976.087,176.087,0.76,6.93,0.73,6.93,0.63,11.2,0.62,11.0,0.61,60.9,0.77,3.0,0.78,15.2,0.79,15.7,0.8,31.2,0.81,42.89,0.23,3.0,0.22,15.2,0.21,15.7,0.2,31.2,0.19,42.89,0.24,6.93,0.27,6.93,0.37,11.2,0.38,11.0,0.39,60.9,0.01,0.01,0.094044,1776169975000
1776169977.13,177.13,0.76,6.93,0.73,6.93,0.63,11.2,0.62,11.0,0.61,60.9,0.77,3.0,0.78,15.2,0.79,15.7,0.8,31.2,0.81,42.89,0.23,3.0,0.22,15.2,0.21,15.7,0.2,31.2,0.19,42.89,0.24,6.93,0.27,6.93,0.37,11.2,0.38,11.0,0.39,60.9,0.01,0.01,0.094046,1776169976000
1776169978.157,178.157,0.76,6.93,0.73,6.93,0.63,11.2,0.62,11.0,0.61,60.9,0.77,3.0,0.78,15.2,0.79,15.7,0.8,31.2,0.81,42.89,0.23,3.0,0.22,15.2,0.21,15.7,0.2,31.2,0.19,42.89,0.24,6.93,0.27,6.93,0.37,11.2,0.38,11.0,0.39,60.9,0.01,0.01,0.094046,1776169977000
1776169979.157,179.157,0.76,6.93,0.73,6.93,0.63,11.2,0.62,11.0,0.61,60.9,0.77,3.0,0.78,15.2,0.79,15.7,0.8,31.2,0.81,42.89,0.23,3.0,0.22,15.2,0.21,15.7,0.2,31.2,0.19,42.89,0.24,6.93,0.27,6.93,0.37,11.2,0.38,11.0,0.39,60.9,0.01,0.01,0.094046,1776169978000
1776169979.464,179.464,0.73,5.42,0.63,11.2,0.62,11.0,0.61,68.9,0.6,10.8,0.77,3.0,0.78,15.2,0.79,15.7,0.8,21.2,0.81,16.89,0.23,3.0,0.22,15.2,0.21,15.7,0.2,31.2,0.19,42.89,0.24,6.93,0.27,6.93,0.37,11.2,0.38,11.0,0.39,60.9,0.04,0.01,0.094046,1776169978000
1776169980.224,180.224,0.73,5.42,0.63,11.2,0.62,11.0,0.61,68.9,0.6,10.8,0.77,3.0,0.78,15.2,0.79,15.7,0.8,21.2,0.81,16.89,0.23,3.0,0.22,15.2,0.21,15.7,0.2,21.2,0.19,16.89,0.27,5.42,0.37,11.2,0.38,11.0,0.39,68.9,0.4,10.8,0.04,0.04,0.094047,1776169979000
1776169981.402,181.402,0.73,5.42,0.63,11.2,0.62,11.0,0.61,68.9,0.6,10.8,0.77,3.0,0.78,15.2,0.79,15.7,0.8,21.2,0.81,16.89,0.23,3.0,0.22,15.2,0.21,15.7,0.2,21.2,0.19,16.89,0.27,5.42,0.37,11.2,0.38,11.0,0.39,68.9,0.4,10.8,0.04,0.04,0.094047,1776169980000
1776169981.921,181.921,0.73,5.42,0.63,11.2,0.62,11.0,0.61,68.9,0.6,10.8,0.77,3.0,0.78,15.2,0.79,15.7,0.8,21.2,0.81,16.89,0.23,3.0,0.22,15.2,0.21,15.7,0.2,21.2,0.19,16.89,0.27,5.42,0.37,11.2,0.38,11.0,0.39,68.9,0.4,10.8,0.04,0.04,0.094047,1776169981000
1776169982.921,182.921,0.73,5.42,0.63,11.2,0.62,11.0,0.61,68.9,0.6,10.8,0.77,3.0,0.78,15.2,0.79,15.7,0.8,21.2,0.81,16.89,0.23,3.0,0.22,15.2,0.21,15.7,0.2,21.2,0.19,16.89,0.27,5.42,0.37,11.2,0.38,11.0,0.39,68.9,0.4,10.8,0.04,0.04,0.094047,1776169982000
1776169983.408,183.408,0.73,0.42,0.6,8.0,0.55,10.5,0.54,10.5,0.53,10.4,0.74,5.0,0.8,21.2,0.81,66.89,0.82,17.6,0.83,18.39,0.23,3.0,0.22,15.2,0.21,15.7,0.2,21.2,0.19,16.89,0.27,5.42,0.37,11.2,0.38,11.0,0.39,68.9,0.4,10.8,0.01,0.04,0.094047,1776169982000
1776169984.038,184.038,0.73,0.42,0.6,8.0,0.55,10.5,0.54,10.5,0.53,10.4,0.74,5.0,0.8,21.2,0.81,66.89,0.82,17.6,0.83,18.39,0.26,5.0,0.2,21.2,0.19,66.89,0.18,17.6,0.17,18.39,0.27,0.42,0.4,8.0,0.45,10.5,0.46,10.5,0.47,10.4,0.01,0.01,0.094047,1776169983000
1776169985.126,185.126,0.73,0.42,0.6,8.0,0.55,10.5,0.54,10.5,0.53,10.4,0.74,5.0,0.8,21.2,0.81,66.89,0.82,17.6,0.83,18.39,0.26,5.0,0.2,21.2,0.19,66.89,0.18,17.6,0.17,18.39,0.27,0.42,0.4,8.0,0.45,10.5,0.46,10.5,0.47,10.4,0.01,0.01,0.094043,1776169984000
1776169985.928,185.928,0.51,50.0,0.46,10.5,0.45,10.5,0.44,10.6,0.43,20.6,0.73,9.58,0.74,5.0,0.76,14.3,0.77,14.7,0.78,20.2,0.26,5.0,0.2,21.2,0.19,66.89,0.18,17.6,0.17,18.39,0.27,0.42,0.4,8.0,0.45,10.5,0.46,10.5,0.47,10.4,0.22,0.01,0.094043,1776169984000
1776169987.034,187.034,0.51,50.0,0.46,10.5,0.45,10.5,0.44,10.6,0.43,20.6,0.73,9.58,0.74,5.0,0.76,14.3,0.77,14.7,0.78,20.2,0.27,9.58,0.26,5.0,0.24,14.3,0.23,14.7,0.22,20.2,0.49,50.0,0.54,10.5,0.55,10.5,0.56,10.6,0.57,20.6,0.22,0.22,0.09402,1776169986000
1776169988.066,188.066,0.51,50.0,0.46,10.5,0.45,10.5,0.44,10.6,0.43,20.6,0.73,9.58,0.74,5.0,0.76,14.3,0.77,14.7,0.78,20.2,0.27,9.58,0.26,5.0,0.24,14.3,0.23,14.7,0.22,20.2,0.49,50.0,0.54,10.5,0.55,10.5,0.56,10.6,0.57,20.6,0.22,0.22,0.093997,1776169987000
1776169989.056,189.056,0.51,50.0,0.46,10.5,0.45,10.5,0.44,10.6,0.43,20.6,0.73,9.58,0.74,5.0,0.76,14.3,0.77,14.7,0.78,20.2,0.27,9.58,0.26,5.0,0.24,14.3,0.23,14.7,0.22,20.2,0.49,50.0,0.54,10.5,0.55,10.5,0.56,10.6,0.57,20.6,0.22,0.22,0.093978,1776169988000
1776169990.002,190.002,0.51,50.0,0.46,10.5,0.45,10.5,0.44,10.6,0.43,20.6,0.73,9.58,0.74,5.0,0.76,14.3,0.77,14.7,0.78,20.2,0.27,9.58,0.26,5.0,0.24,14.3,0.23,14.7,0.22,20.2,0.49,50.0,0.54,10.5,0.55,10.5,0.56,10.6,0.57,20.6,0.22,0.22,0.093976,1776169989000
1776169991.029,191.029,0.51,50.0,0.46,10.5,0.45,10.5,0.44,10.6,0.43,20.6,0.73,9.58,0.74,5.0,0.76,14.3,0.77,14.7,0.78,20.2,0.27,9.58,0.26,5.0,0.24,14.3,0.23,14.7,0.22,20.2,0.49,50.0,0.54,10.5,0.55,10.5,0.56,10.6,0.57,20.6,0.22,0.22,0.093986,1776169990000
1776169991.27,191.27,0.45,5.0,0.44,5.0,0.43,5.0,0.42,5.0,0.41,55.0,0.67,5.0,0.69,12.2,0.7,17.4,0.71,67.6,0.72,29.9,0.27,9.58,0.26,5.0,0.24,14.3,0.23,14.7,0.22,20.2,0.49,50.0,0.54,10.5,0.55,10.5,0.56,10.6,0.57,20.6,0.22,0.22,0.093986,1776169990000
1776169992.016,192.016,0.45,5.0,0.44,5.0,0.43,5.0,0.42,5.0,0.41,55.0,0.67,5.0,0.69,12.2,0.7,17.4,0.71,67.6,0.72,29.9,0.33,5.0,0.31,12.2,0.3,17.4,0.29,67.6,0.28,29.9,0.55,5.0,0.56,5.0,0.57,5.0,0.58,5.0,0.59,55.0,0.22,0.22,0.093988,1776169991000
1776169992.998,192.998,0.45,5.0,0.44,5.0,0.43,5.0,0.42,5.0,0.41,55.0,0.67,5.0,0.69,12.2,0.7,17.4,0.71,67.6,0.72,29.9,0.33,5.0,0.31,12.2,0.3,17.4,0.29,67.6,0.28,29.9,0.55,5.0,0.56,5.0,0.57,5.0,0.58,5.0,0.59,55.0,0.22,0.22,0.093988,1776169992000
1776169994.029,194.029,0.45,5.0,0.44,5.0,0.43,5.0,0.42,5.0,0.41,55.0,0.67,5.0,0.69,12.2,0.7,17.4,0.71,67.6,0.72,29.9,0.33,5.0,0.31,12.2,0.3,17.4,0.29,67.6,0.28,29.9,0.55,5.0,0.56,5.0,0.57,5.0,0.58,5.0,0.59,55.0,0.22,0.22,0.093988,1776169993000
1776169995.031,195.031,0.45,5.0,0.44,5.0,0.43,5.0,0.42,5.0,0.41,55.0,0.67,5.0,0.69,12.2,0.7,17.4,0.71,67.6,0.72,29.9,0.33,5.0,0.31,12.2,0.3,17.4,0.29,67.6,0.28,29.9,0.55,5.0,0.56,5.0,0.57,5.0,0.58,5.0,0.59,55.0,0.22,0.22,0.093987,1776169994000
1776169995.878,195.878,0.45,5.0,0.44,5.0,0.43,5.0,0.42,5.0,0.41,55.0,0.67,5.0,0.69,12.2,0.7,17.4,0.71,67.6,0.72,29.9,0.33,5.0,0.31,12.2,0.3,17.4,0.29,67.6,0.28,29.9,0.55,5.0,0.56,5.0,0.57,5.0,0.58,5.0,0.59,55.0,0.22,0.22,0.093988,1776169995000
1776169996.914,196.914,0.45,5.0,0.44,5.0,0.43,5.0,0.42,5.0,0.41,55.0,0.67,5.0,0.69,12.2,0.7,17.4,0.71,67.6,0.72,29.9,0.33,5.0,0.31,12.2,0.3,17.4,0.29,67.6,0.28,29.9,0.55,5.0,0.56,5.0,0.57,5.0,0.58,5.0,0.59,55.0,0.22,0.22,0.093988,1776169996000
1776169997.943,197.943,0.45,5.0,0.44,5.0,0.43,5.0,0.42,5.0,0.41,55.0,0.67,5.0,0.69,12.2,0.7,17.4,0.71,67.6,0.72,29.9,0.33,5.0,0.31,12.2,0.3,17.4,0.29,67.6,0.28,29.9,0.55,5.0,0.56,5.0,0.57,5.0,0.58,5.0,0.59,55.0,0.22,0.22,0.093987,1776169997000
1776169998.975,198.975,0.45,5.0,0.44,5.0,0.43,5.0,0.42,5.0,0.41,55.0,0.67,5.0,0.69,12.2,0.7,17.4,0.71,67.6,0.72,29.9,0.33,5.0,0.31,12.2,0.3,17.4,0.29,67.6,0.28,29.9,0.55,5.0,0.56,5.0,0.57,5.0,0.58,5.0,0.59,55.0,0.22,0.22,0.093987,1776169998000
1776169999.949,199.949,0.45,5.0,0.44,5.0,0.43,5.0,0.42,5.0,0.41,55.0,0.67,5.0,0.69,12.2,0.7,17.4,0.71,67.6,0.72,29.9,0.33,5.0,0.31,12.2,0.3,17.4,0.29,67.6,0.28,29.9,0.55,5.0,0.56,5.0,0.57,5.0,0.58,5.0,0.59,55.0,0.22,0.22,0.093987,1776169999000
1776170000.974,200.974,0.45,5.0,0.44,5.0,0.43,5.0,0.42,5.0,0.41,55.0,0.67,5.0,0.69,12.2,0.7,17.4,0.71,67.6,0.72,29.9,0.33,5.0,0.31,12.2,0.3,17.4,0.29,67.6,0.28,29.9,0.55,5.0,0.56,5.0,0.57,5.0,0.58,5.0,0.59,55.0,0.22,0.22,0.093975,1776170000000
1776170001.86,201.86,0.45,5.0,0.44,5.0,0.43,5.0,0.42,5.0,0.41,55.0,0.67,5.0,0.69,12.2,0.7,17.4,0.71,67.6,0.72,29.9,0.33,5.0,0.31,12.2,0.3,17.4,0.29,67.6,0.28,29.9,0.55,5.0,0.56,5.0,0.57,5.0,0.58,5.0,0.59,55.0,0.22,0.22,0.093987,1776170001000
1776170002.82,202.82,0.45,5.0,0.44,5.0,0.43,5.0,0.42,5.0,0.41,55.0,0.67,5.0,0.69,12.2,0.7,17.4,0.71,67.6,0.72,29.9,0.33,5.0,0.31,12.2,0.3,17.4,0.29,67.6,0.28,29.9,0.55,5.0,0.56,5.0,0.57,5.0,0.58,5.0,0.59,55.0,0.22,0.22,0.093987,1776170002000
1776170003.801,203.801,0.45,5.0,0.44,5.0,0.43,5.0,0.42,5.0,0.41,55.0,0.67,5.0,0.69,12.2,0.7,17.4,0.71,67.6,0.72,29.9,0.33,5.0,0.31,12.2,0.3,17.4,0.29,67.6,0.28,29.9,0.55,5.0,0.56,5.0,0.57,5.0,0.58,5.0,0.59,55.0,0.22,0.22,0.093987,1776170003000
1776170005.303,205.303,0.45,5.0,0.44,5.0,0.43,5.0,0.42,5.0,0.41,55.0,0.67,5.0,0.69,12.2,0.7,17.4,0.71,67.6,0.72,29.9,0.33,5.0,0.31,12.2,0.3,17.4,0.29,67.6,0.28,29.9,0.55,5.0,0.56,5.0,0.57,5.0,0.58,5.0,0.59,55.0,0.22,0.22,0.093987,1776170004000
1776170006.186,206.186,0.45,5.0,0.44,5.0,0.43,5.0,0.42,5.0,0.41,55.0,0.67,5.0,0.69,12.2,0.7,17.4,0.71,67.6,0.72,29.9,0.33,5.0,0.31,12.2,0.3,17.4,0.29,67.6,0.28,29.9,0.55,5.0,0.56,5.0,0.57,5.0,0.58,5.0,0.59,55.0,0.22,0.22,0.093988,1776170005000
1776170007.229,207.229,0.45,5.0,0.44,5.0,0.43,5.0,0.42,5.0,0.41,55.0,0.67,5.0,0.69,12.2,0.7,17.4,0.71,67.6,0.72,29.9,0.33,5.0,0.31,12.2,0.3,17.4,0.29,67.6,0.28,29.9,0.55,5.0,0.56,5.0,0.57,5.0,0.58,5.0,0.59,55.0,0.22,0.22,0.093988,1776170006000
1776170008.234,208.234,0.51,41.02,0.44,5.42,0.43,10.6,0.42,15.7,0.41,60.7,0.62,11.0,0.63,11.2,0.64,11.3,0.65,11.4,0.66,11.6,0.38,11.0,0.37,11.2,0.36,11.3,0.35,11.4,0.34,11.6,0.49,41.02,0.56,5.42,0.57,10.6,0.58,15.7,0.59,60.7,0.11,0.11,0.093987,1776170007000
1776170009.163,209.163,0.51,41.02,0.44,5.42,0.43,10.6,0.42,15.7,0.41,60.7,0.62,11.0,0.63,11.2,0.64,11.3,0.65,11.4,0.66,11.6,0.38,11.0,0.37,11.2,0.36,11.3,0.35,11.4,0.34,11.6,0.49,41.02,0.56,5.42,0.57,10.6,0.58,15.7,0.59,60.7,0.11,0.11,0.093989,1776170008000
1776170010.738,210.738,0.51,41.02,0.44,5.42,0.43,10.6,0.42,15.7,0.41,60.7,0.62,11.0,0.63,11.2,0.64,11.3,0.65,11.4,0.66,11.6,0.38,11.0,0.37,11.2,0.36,11.3,0.35,11.4,0.34,11.6,0.49,41.02,0.56,5.42,0.57,10.6,0.58,15.7,0.59,60.7,0.11,0.11,0.093999,1776170009000
1776170011.126,211.126,0.51,41.02,0.44,5.42,0.43,10.6,0.42,15.7,0.41,60.7,0.62,11.0,0.63,11.2,0.64,11.3,0.65,11.4,0.66,11.6,0.38,11.0,0.37,11.2,0.36,11.3,0.35,11.4,0.34,11.6,0.49,41.02,0.56,5.42,0.57,10.6,0.58,15.7,0.59,60.7,0.11,0.11,0.093993,1776170010000
1776170012.125,212.125,0.51,41.02,0.44,5.42,0.43,10.6,0.42,15.7,0.41,60.7,0.62,11.0,0.63,11.2,0.64,11.3,0.65,11.4,0.66,11.6,0.38,11.0,0.37,11.2,0.36,11.3,0.35,11.4,0.34,11.6,0.49,41.02,0.56,5.42,0.57,10.6,0.58,15.7,0.59,60.7,0.11,0.11,0.093981,1776170011000
1776170013.14,213.14,0.51,41.02,0.44,5.42,0.43,10.6,0.42,15.7,0.41,60.7,0.62,11.0,0.63,11.2,0.64,11.3,0.65,11.4,0.66,11.6,0.38,11.0,0.37,11.2,0.36,11.3,0.35,11.4,0.34,11.6,0.49,41.02,0.56,5.42,0.57,10.6,0.58,15.7,0.59,60.7,0.11,0.11,0.093984,1776170012000
1776170014.034,214.034,0.51,41.02,0.44,5.42,0.43,10.6,0.42,15.7,0.41,60.7,0.62,11.0,0.63,11.2,0.64,11.3,0.65,11.4,0.66,11.6,0.38,11.0,0.37,11.2,0.36,11.3,0.35,11.4,0.34,11.6,0.49,41.02,0.56,5.42,0.57,10.6,0.58,15.7,0.59,60.7,0.11,0.11,0.093978,1776170013000
1776170015.085,215.085,0.51,41.02,0.44,5.42,0.43,10.6,0.42,15.7,0.41,60.7,0.62,11.0,0.63,11.2,0.64,11.3,0.65,11.4,0.66,11.6,0.38,11.0,0.37,11.2,0.36,11.3,0.35,11.4,0.34,11.6,0.49,41.02,0.56,5.42,0.57,10.6,0.58,15.7,0.59,60.7,0.11,0.11,0.093981,1776170014000
1776170015.976,215.976,0.51,41.02,0.44,5.42,0.43,10.6,0.42,15.7,0.41,60.7,0.62,11.0,0.63,11.2,0.64,11.3,0.65,11.4,0.66,11.6,0.38,11.0,0.37,11.2,0.36,11.3,0.35,11.4,0.34,11.6,0.49,41.02,0.56,5.42,0.57,10.6,0.58,15.7,0.59,60.7,0.11,0.11,0.093981,1776170015000
1776170016.99,216.99,0.51,41.02,0.44,5.42,0.43,10.6,0.42,15.7,0.41,60.7,0.62,11.0,0.63,11.2,0.64,11.3,0.65,11.4,0.66,11.6,0.38,11.0,0.37,11.2,0.36,11.3,0.35,11.4,0.34,11.6,0.49,41.02,0.56,5.42,0.57,10.6,0.58,15.7,0.59,60.7,0.11,0.11,0.093981,1776170016000
1776170017.948,217.948,0.51,41.02,0.44,5.42,0.43,10.6,0.42,15.7,0.41,60.7,0.62,11.0,0.63,11.2,0.64,11.3,0.65,11.4,0.66,11.6,0.38,11.0,0.37,11.2,0.36,11.3,0.35,11.4,0.34,11.6,0.49,41.02,0.56,5.42,0.57,10.6,0.58,15.7,0.59,60.7,0.11,0.11,0.093981,1776170017000
1776170018.929,218.929,0.51,41.02,0.44,5.42,0.43,10.6,0.42,15.7,0.41,60.7,0.62,11.0,0.63,11.2,0.64,11.3,0.65,11.4,0.66,11.6,0.38,11.0,0.37,11.2,0.36,11.3,0.35,11.4,0.34,11.6,0.49,41.02,0.56,5.42,0.57,10.6,0.58,15.7,0.59,60.7,0.11,0.11,0.093981,1776170018000
1776170019.885,219.885,0.51,41.02,0.44,5.42,0.43,10.6,0.42,15.7,0.41,60.7,0.62,11.0,0.63,11.2,0.64,11.3,0.65,11.4,0.66,11.6,0.38,11.0,0.37,11.2,0.36,11.3,0.35,11.4,0.34,11.6,0.49,41.02,0.56,5.42,0.57,10.6,0.58,15.7,0.59,60.7,0.11,0.11,0.09398,1776170019000
1776170020.991,220.991,0.51,41.02,0.44,5.42,0.43,10.6,0.42,15.7,0.41,60.7,0.62,11.0,0.63,11.2,0.64,11.3,0.65,11.4,0.66,11.6,0.38,11.0,0.37,11.2,0.36,11.3,0.35,11.4,0.34,11.6,0.49,41.02,0.56,5.42,0.57,10.6,0.58,15.7,0.59,60.7,0.11,0.11,0.09398,1776170020000
1776170021.91,221.91,0.51,41.02,0.44,5.42,0.43,10.6,0.42,15.7,0.41,60.7,0.62,11.0,0.63,11.2,0.64,11.3,0.65,11.4,0.66,11.6,0.38,11.0,0.37,11.2,0.36,11.3,0.35,11.4,0.34,11.6,0.49,41.02,0.56,5.42,0.57,10.6,0.58,15.7,0.59,60.7,0.11,0.11,0.09398,1776170021000
1776170023.457,223.457,0.51,41.02,0.44,5.42,0.43,10.6,0.42,15.7,0.41,60.7,0.62,11.0,0.63,11.2,0.64,11.3,0.65,11.4,0.66,11.6,0.38,11.0,0.37,11.2,0.36,11.3,0.35,11.4,0.34,11.6,0.49,41.02,0.56,5.42,0.57,10.6,0.58,15.7,0.59,60.7,0.11,0.11,0.093982,1776170022000
1776170024.007,224.007,0.51,41.02,0.44,5.42,0.43,10.6,0.42,15.7,0.41,60.7,0.62,11.0,0.63,11.2,0.64,11.3,0.65,11.4,0.66,11.6,0.38,11.0,0.37,11.2,0.36,11.3,0.35,11.4,0.34,11.6,0.49,41.02,0.56,5.42,0.57,10.6,0.58,15.7,0.59,60.7,0.11,0.11,0.093988,1776170023000
1776170025.727,225.727,0.51,41.02,0.44,5.42,0.43,10.6,0.42,15.7,0.41,60.7,0.62,11.0,0.63,11.2,0.64,11.3,0.65,11.4,0.66,11.6,0.38,11.0,0.37,11.2,0.36,11.3,0.35,11.4,0.34,11.6,0.49,41.02,0.56,5.42,0.57,10.6,0.58,15.7,0.59,60.7,0.11,0.11,0.094005,1776170024000
1776170026.41,226.41,0.42,10.7,0.41,10.7,0.4,10.8,0.39,10.9,0.38,11.0,0.61,47.19,0.7,12.4,0.71,62.6,0.72,12.9,0.73,13.2,0.38,11.0,0.37,11.2,0.36,11.3,0.35,11.4,0.34,11.6,0.49,41.02,0.56,5.42,0.57,10.6,0.58,15.7,0.59,60.7,0.19,0.11,0.094005,1776170024000
1776170027.016,227.016,0.42,10.7,0.41,10.7,0.4,10.8,0.39,10.9,0.38,11.0,0.61,47.19,0.7,12.4,0.71,62.6,0.72,12.9,0.73,13.2,0.39,47.19,0.3,12.4,0.29,62.6,0.28,12.9,0.27,13.2,0.58,10.7,0.59,10.7,0.6,10.8,0.61,10.9,0.62,11.0,0.19,0.19,0.09401,1776170026000
1776170027.726,227.726,0.43,10.6,0.42,10.7,0.41,10.7,0.4,10.8,0.39,16.32,0.61,43.85,0.69,12.2,0.7,12.4,0.71,62.6,0.72,12.9,0.39,47.19,0.3,12.4,0.29,62.6,0.28,12.9,0.27,13.2,0.58,10.7,0.59,10.7,0.6,10.8,0.61,10.9,0.62,11.0,0.18,0.19,0.09401,1776170026000
1776170028.406,228.406,0.43,10.6,0.42,10.7,0.41,10.7,0.4,10.8,0.39,16.32,0.61,43.85,0.69,12.2,0.7,12.4,0.71,62.6,0.72,12.9,0.39,43.85,0.31,12.2,0.3,12.4,0.29,62.6,0.28,12.9,0.57,10.6,0.58,10.7,0.59,10.7,0.6,10.8,0.61,16.32,0.18,0.18,0.09399,1776170027000
1776170029.008,229.008,0.43,10.6,0.42,10.7,0.41,10.7,0.4,10.8,0.39,16.32,0.61,43.85,0.69,12.2,0.7,12.4,0.71,62.6,0.72,12.9,0.39,43.85,0.31,12.2,0.3,12.4,0.29,62.6,0.28,12.9,0.57,10.6,0.58,10.7,0.59,10.7,0.6,10.8,0.61,16.32,0.18,0.18,0.09399,1776170028000
1776170030.317,230.317,0.43,10.6,0.42,10.7,0.41,10.7,0.4,10.8,0.39,16.32,0.61,43.85,0.69,12.2,0.7,12.4,0.71,62.6,0.72,12.9,0.39,43.85,0.31,12.2,0.3,12.4,0.29,62.6,0.28,12.9,0.57,10.6,0.58,10.7,0.59,10.7,0.6,10.8,0.61,16.32,0.18,0.18,0.093989,1776170029000
1776170031.554,231.554,0.43,10.6,0.42,10.7,0.41,10.7,0.4,10.8,0.39,16.32,0.61,43.85,0.69,12.2,0.7,12.4,0.71,62.6,0.72,12.9,0.39,43.85,0.31,12.2,0.3,12.4,0.29,62.6,0.28,12.9,0.57,10.6,0.58,10.7,0.59,10.7,0.6,10.8,0.61,16.32,0.18,0.18,0.093994,1776170030000
1776170032.174,232.174,0.43,10.6,0.42,10.7,0.41,10.7,0.4,10.8,0.39,16.32,0.61,43.85,0.69,12.2,0.7,12.4,0.71,62.6,0.72,12.9,0.39,43.85,0.31,12.2,0.3,12.4,0.29,62.6,0.28,12.9,0.57,10.6,0.58,10.7,0.59,10.7,0.6,10.8,0.61,16.32,0.18,0.18,0.093997,1776170031000
1776170033.447,233.447,0.43,10.6,0.42,10.7,0.41,10.7,0.4,10.8,0.39,16.32,0.61,43.85,0.69,12.2,0.7,12.4,0.71,62.6,0.72,12.9,0.39,43.85,0.31,12.2,0.3,12.4,0.29,62.6,0.28,12.9,0.57,10.6,0.58,10.7,0.59,10.7,0.6,10.8,0.61,16.32,0.18,0.18,0.094001,1776170032000
1776170034.072,234.072,0.43,10.6,0.42,10.7,0.41,10.7,0.4,10.8,0.39,16.32,0.61,43.85,0.69,12.2,0.7,12.4,0.71,62.6,0.72,12.9,0.39,43.85,0.31,12.2,0.3,12.4,0.29,62.6,0.28,12.9,0.57,10.6,0.58,10.7,0.59,10.7,0.6,10.8,0.61,16.32,0.18,0.18,0.094001,1776170033000
1776170035.39,235.39,0.43,10.6,0.42,10.7,0.41,10.7,0.4,10.8,0.39,16.32,0.61,43.85,0.69,12.2,0.7,12.4,0.71,62.6,0.72,12.9,0.39,43.85,0.31,12.2,0.3,12.4,0.29,62.6,0.28,12.9,0.57,10.6,0.58,10.7,0.59,10.7,0.6,10.8,0.61,16.32,0.18,0.18,0.094003,1776170034000
1776170036.023,236.023,0.43,10.6,0.42,10.7,0.41,10.7,0.4,10.8,0.39,16.32,0.61,43.85,0.69,12.2,0.7,12.4,0.71,62.6,0.72,12.9,0.39,43.85,0.31,12.2,0.3,12.4,0.29,62.6,0.28,12.9,0.57,10.6,0.58,10.7,0.59,10.7,0.6,10.8,0.61,16.32,0.18,0.18,0.094003,1776170035000
1776170037.326,237.326,0.43,10.6,0.42,10.7,0.41,10.7,0.4,10.8,0.39,16.32,0.61,43.85,0.69,12.2,0.7,12.4,0.71,62.6,0.72,12.9,0.39,43.85,0.31,12.2,0.3,12.4,0.29,62.6,0.28,12.9,0.57,10.6,0.58,10.7,0.59,10.7,0.6,10.8,0.61,16.32,0.18,0.18,0.093998,1776170036000
1776170038.025,238.025,0.43,10.6,0.42,10.7,0.41,10.7,0.4,10.8,0.39,16.32,0.61,43.85,0.69,12.2,0.7,12.4,0.71,62.6,0.72,12.9,0.39,43.85,0.31,12.2,0.3,12.4,0.29,62.6,0.28,12.9,0.57,10.6,0.58,10.7,0.59,10.7,0.6,10.8,0.61,16.32,0.18,0.18,0.093998,1776170037000
1776170039.213,239.213,0.43,10.6,0.42,10.7,0.41,10.7,0.4,10.8,0.39,16.32,0.61,43.85,0.69,12.2,0.7,12.4,0.71,62.6,0.72,12.9,0.39,43.85,0.31,12.2,0.3,12.4,0.29,62.6,0.28,12.9,0.57,10.6,0.58,10.7,0.59,10.7,0.6,10.8,0.61,16.32,0.18,0.18,0.093998,1776170038000
1776170040.284,240.284,0.43,10.6,0.42,10.7,0.41,10.7,0.4,10.8,0.39,16.32,0.61,43.85,0.69,12.2,0.7,12.4,0.71,62.6,0.72,12.9,0.39,43.85,0.31,12.2,0.3,12.4,0.29,62.6,0.28,12.9,0.57,10.6,0.58,10.7,0.59,10.7,0.6,10.8,0.61,16.32,0.18,0.18,0.093998,1776170039000
1776170041.957,241.957,0.43,10.6,0.42,10.7,0.41,10.7,0.4,10.8,0.39,16.32,0.61,43.85,0.69,12.2,0.7,12.4,0.71,62.6,0.72,12.9,0.39,43.85,0.31,12.2,0.3,12.4,0.29,62.6,0.28,12.9,0.57,10.6,0.58,10.7,0.59,10.7,0.6,10.8,0.61,16.32,0.18,0.18,0.093998,1776170040000
1776170042.894,242.894,0.43,10.6,0.42,10.7,0.41,10.7,0.4,10.8,0.39,16.32,0.61,43.85,0.69,12.2,0.7,12.4,0.71,62.6,0.72,12.9,0.39,43.85,0.31,12.2,0.3,12.4,0.29,62.6,0.28,12.9,0.57,10.6,0.58,10.7,0.59,10.7,0.6,10.8,0.61,16.32,0.18,0.18,0.093999,1776170041000
1776170043.475,243.475,0.43,10.6,0.42,10.7,0.41,10.7,0.4,10.8,0.39,16.32,0.61,43.85,0.69,12.2,0.7,12.4,0.71,62.6,0.72,12.9,0.39,43.85,0.31,12.2,0.3,12.4,0.29,62.6,0.28,12.9,0.57,10.6,0.58,10.7,0.59,10.7,0.6,10.8,0.61,16.32,0.18,0.18,0.093997,1776170042000
1776170044.1,244.1,0.43,10.6,0.42,10.7,0.41,10.7,0.4,10.8,0.39,16.32,0.61,43.85,0.69,12.2,0.7,12.4,0.71,62.6,0.72,12.9,0.39,43.85,0.31,12.2,0.3,12.4,0.29,62.6,0.28,12.9,0.57,10.6,0.58,10.7,0.59,10.7,0.6,10.8,0.61,16.32,0.18,0.18,0.093997,1776170043000
1776170045.52,245.52,0.43,10.6,0.42,10.7,0.41,10.7,0.4,10.8,0.39,16.32,0.61,43.85,0.69,12.2,0.7,12.4,0.71,62.6,0.72,12.9,0.39,43.85,0.31,12.2,0.3,12.4,0.29,62.6,0.28,12.9,0.57,10.6,0.58,10.7,0.59,10.7,0.6,10.8,0.61,16.32,0.18,0.18,0.093997,1776170044000
1776170046.189,246.189,0.43,10.6,0.42,10.7,0.41,10.7,0.4,10.8,0.39,16.32,0.61,43.85,0.69,12.2,0.7,12.4,0.71,62.6,0.72,12.9,0.39,43.85,0.31,12.2,0.3,12.4,0.29,62.6,0.28,12.9,0.57,10.6,0.58,10.7,0.59,10.7,0.6,10.8,0.61,16.32,0.18,0.18,0.093998,1776170045000
1776170047.299,247.299,0.43,10.6,0.42,10.7,0.41,10.7,0.4,10.8,0.39,16.32,0.61,43.85,0.69,12.2,0.7,12.4,0.71,62.6,0.72,12.9,0.39,43.85,0.31,12.2,0.3,12.4,0.29,62.6,0.28,12.9,0.57,10.6,0.58,10.7,0.59,10.7,0.6,10.8,0.61,16.32,0.18,0.18,0.093998,1776170046000
1776170048.62,248.62,0.43,10.6,0.42,10.7,0.41,10.7,0.4,10.8,0.39,16.32,0.61,43.85,0.69,12.2,0.7,12.4,0.71,62.6,0.72,12.9,0.39,43.85,0.31,12.2,0.3,12.4,0.29,62.6,0.28,12.9,0.57,10.6,0.58,10.7,0.59,10.7,0.6,10.8,0.61,16.32,0.18,0.18,0.093999,1776170047000
1776170049.172,249.172,0.43,10.6,0.42,10.7,0.41,10.7,0.4,10.8,0.39,16.32,0.61,43.85,0.69,12.2,0.7,12.4,0.71,62.6,0.72,12.9,0.39,43.85,0.31,12.2,0.3,12.4,0.29,62.6,0.28,12.9,0.57,10.6,0.58,10.7,0.59,10.7,0.6,10.8,0.61,16.32,0.18,0.18,0.093998,1776170048000
1776170050.546,250.546,0.43,10.6,0.42,10.7,0.41,10.7,0.4,10.8,0.39,16.32,0.61,43.85,0.69,12.2,0.7,12.4,0.71,62.6,0.72,12.9,0.39,43.85,0.31,12.2,0.3,12.4,0.29,62.6,0.28,12.9,0.57,10.6,0.58,10.7,0.59,10.7,0.6,10.8,0.61,16.32,0.18,0.18,0.093998,1776170049000
1776170051.058,251.058,0.43,10.6,0.42,10.7,0.41,10.7,0.4,10.8,0.39,16.32,0.61,43.85,0.69,12.2,0.7,12.4,0.71,62.6,0.72,12.9,0.39,43.85,0.31,12.2,0.3,12.4,0.29,62.6,0.28,12.9,0.57,10.6,0.58,10.7,0.59,10.7,0.6,10.8,0.61,16.32,0.18,0.18,0.093998,1776170050000
1776170052.261,252.261,0.43,10.6,0.42,10.7,0.41,10.7,0.4,10.8,0.39,16.32,0.61,43.85,0.69,12.2,0.7,12.4,0.71,62.6,0.72,12.9,0.39,43.85,0.31,12.2,0.3,12.4,0.29,62.6,0.28,12.9,0.57,10.6,0.58,10.7,0.59,10.7,0.6,10.8,0.61,16.32,0.18,0.18,0.093998,1776170051000
1776170053.558,253.558,0.43,10.6,0.42,10.7,0.41,10.7,0.4,10.8,0.39,16.32,0.61,43.85,0.69,12.2,0.7,12.4,0.71,62.6,0.72,12.9,0.39,43.85,0.31,12.2,0.3,12.4,0.29,62.6,0.28,12.9,0.57,10.6,0.58,10.7,0.59,10.7,0.6,10.8,0.61,16.32,0.18,0.18,0.093998,1776170052000
1776170054.022,254.022,0.6,5.0,0.53,10.4,0.52,10.4,0.51,10.4,0.5,10.4,0.68,11.9,0.69,12.2,0.7,19.07,0.71,62.6,0.72,12.9,0.39,43.85,0.31,12.2,0.3,12.4,0.29,62.6,0.28,12.9,0.57,10.6,0.58,10.7,0.59,10.7,0.6,10.8,0.61,16.32,0.08,0.18,0.093998,1776170052000
1776170054.32,254.32,0.6,5.0,0.53,10.4,0.52,10.4,0.51,10.4,0.5,10.4,0.68,11.9,0.69,12.2,0.7,19.07,0.71,62.6,0.72,12.9,0.32,11.9,0.31,12.2,0.3,19.07,0.29,62.6,0.28,12.9,0.4,5.0,0.47,10.4,0.48,10.4,0.49,10.4,0.5,10.4,0.08,0.08,0.094003,1776170053000
1776170055.782,255.782,0.6,5.0,0.53,10.4,0.52,10.4,0.51,10.4,0.5,10.4,0.68,11.9,0.69,12.2,0.7,19.07,0.71,62.6,0.72,12.9,0.32,11.9,0.31,12.2,0.3,19.07,0.29,62.6,0.28,12.9,0.4,5.0,0.47,10.4,0.48,10.4,0.49,10.4,0.5,10.4,0.08,0.08,0.094002,1776170054000
1776170056.629,256.629,0.6,5.0,0.53,10.4,0.52,10.4,0.51,10.4,0.5,10.4,0.68,11.9,0.69,12.2,0.7,19.07,0.71,62.6,0.72,12.9,0.32,11.9,0.31,12.2,0.3,19.07,0.29,62.6,0.28,12.9,0.4,5.0,0.47,10.4,0.48,10.4,0.49,10.4,0.5,10.4,0.08,0.08,0.094002,1776170055000
1776170057.857,257.857,0.6,5.0,0.53,10.4,0.52,10.4,0.51,10.4,0.5,10.4,0.68,11.9,0.69,12.2,0.7,19.07,0.71,62.6,0.72,12.9,0.32,11.9,0.31,12.2,0.3,19.07,0.29,62.6,0.28,12.9,0.4,5.0,0.47,10.4,0.48,10.4,0.49,10.4,0.5,10.4,0.08,0.08,0.094003,1776170056000
1776170058.409,258.409,0.6,5.0,0.53,10.4,0.52,10.4,0.51,10.4,0.5,10.4,0.68,11.9,0.69,12.2,0.7,19.07,0.71,62.6,0.72,12.9,0.32,11.9,0.31,12.2,0.3,19.07,0.29,62.6,0.28,12.9,0.4,5.0,0.47,10.4,0.48,10.4,0.49,10.4,0.5,10.4,0.08,0.08,0.094003,1776170057000
1776170059.001,259.001,0.6,5.0,0.53,10.4,0.52,10.4,0.51,10.4,0.5,10.4,0.68,11.9,0.69,12.2,0.7,19.07,0.71,62.6,0.72,12.9,0.32,11.9,0.31,12.2,0.3,19.07,0.29,62.6,0.28,12.9,0.4,5.0,0.47,10.4,0.48,10.4,0.49,10.4,0.5,10.4,0.08,0.08,0.094003,1776170058000
1776170060.133,260.133,0.6,5.0,0.53,10.4,0.52,10.4,0.51,10.4,0.5,10.4,0.68,11.9,0.69,12.2,0.7,19.07,0.71,62.6,0.72,12.9,0.32,11.9,0.31,12.2,0.3,19.07,0.29,62.6,0.28,12.9,0.4,5.0,0.47,10.4,0.48,10.4,0.49,10.4,0.5,10.4,0.08,0.08,0.094004,1776170059000
1776170061.281,261.281,0.6,5.0,0.53,10.4,0.52,10.4,0.51,10.4,0.5,10.4,0.68,11.9,0.69,12.2,0.7,19.07,0.71,62.6,0.72,12.9,0.32,11.9,0.31,12.2,0.3,19.07,0.29,62.6,0.28,12.9,0.4,5.0,0.47,10.4,0.48,10.4,0.49,10.4,0.5,10.4,0.08,0.08,0.094004,1776170060000
1776170062.441,262.441,0.6,5.0,0.53,10.4,0.52,10.4,0.51,10.4,0.5,10.4,0.68,11.9,0.69,12.2,0.7,19.07,0.71,62.6,0.72,12.9,0.32,11.9,0.31,12.2,0.3,19.07,0.29,62.6,0.28,12.9,0.4,5.0,0.47,10.4,0.48,10.4,0.49,10.4,0.5,10.4,0.08,0.08,0.094003,1776170061000
1776170063.057,263.057,0.6,5.0,0.53,10.4,0.52,10.4,0.51,10.4,0.5,10.4,0.68,11.9,0.69,12.2,0.7,19.07,0.71,62.6,0.72,12.9,0.32,11.9,0.31,12.2,0.3,19.07,0.29,62.6,0.28,12.9,0.4,5.0,0.47,10.4,0.48,10.4,0.49,10.4,0.5,10.4,0.08,0.08,0.094003,1776170062000
1776170064.126,264.126,0.59,10.7,0.58,10.7,0.57,10.6,0.56,10.6,0.55,10.5,0.73,13.2,0.74,13.5,0.75,13.9,0.76,14.3,0.77,14.7,0.27,13.2,0.26,13.5,0.25,13.9,0.24,14.3,0.23,14.7,0.41,10.7,0.42,10.7,0.43,10.6,0.44,10.6,0.45,10.5,0.14,0.14,0.094002,1776170063000
1776170065.188,265.188,0.59,10.7,0.58,10.7,0.57,10.6,0.56,10.6,0.55,10.5,0.73,13.2,0.74,13.5,0.75,13.9,0.76,14.3,0.77,14.7,0.27,13.2,0.26,13.5,0.25,13.9,0.24,14.3,0.23,14.7,0.41,10.7,0.42,10.7,0.43,10.6,0.44,10.6,0.45,10.5,0.14,0.14,0.094,1776170064000
1776170066.354,266.354,0.59,10.7,0.58,10.7,0.57,10.6,0.56,10.6,0.55,10.5,0.73,13.2,0.74,13.5,0.75,13.9,0.76,14.3,0.77,14.7,0.27,13.2,0.26,13.5,0.25,13.9,0.24,14.3,0.23,14.7,0.41,10.7,0.42,10.7,0.43,10.6,0.44,10.6,0.45,10.5,0.14,0.14,0.094001,1776170065000
1776170067.03,267.03,0.59,10.7,0.58,10.7,0.57,10.6,0.56,10.6,0.55,10.5,0.73,13.2,0.74,13.5,0.75,13.9,0.76,14.3,0.77,14.7,0.27,13.2,0.26,13.5,0.25,13.9,0.24,14.3,0.23,14.7,0.41,10.7,0.42,10.7,0.43,10.6,0.44,10.6,0.45,10.5,0.14,0.14,0.093999,1776170066000
1776170068.056,268.056,0.59,10.7,0.58,10.7,0.57,10.6,0.56,10.6,0.55,10.5,0.73,13.2,0.74,13.5,0.75,13.9,0.76,14.3,0.77,14.7,0.27,13.2,0.26,13.5,0.25,13.9,0.24,14.3,0.23,14.7,0.41,10.7,0.42,10.7,0.43,10.6,0.44,10.6,0.45,10.5,0.14,0.14,0.093999,1776170067000
1776170069.279,269.279,0.59,10.7,0.58,10.7,0.57,10.6,0.56,10.6,0.55,10.5,0.73,13.2,0.74,13.5,0.75,13.9,0.76,14.3,0.77,14.7,0.27,13.2,0.26,13.5,0.25,13.9,0.24,14.3,0.23,14.7,0.41,10.7,0.42,10.7,0.43,10.6,0.44,10.6,0.45,10.5,0.14,0.14,0.094,1776170068000
1776170070.33,270.33,0.59,10.7,0.58,10.7,0.57,10.6,0.56,10.6,0.55,10.5,0.73,13.2,0.74,13.5,0.75,13.9,0.76,14.3,0.77,14.7,0.27,13.2,0.26,13.5,0.25,13.9,0.24,14.3,0.23,14.7,0.41,10.7,0.42,10.7,0.43,10.6,0.44,10.6,0.45,10.5,0.14,0.14,0.094,1776170069000
1776170070.849,270.849,0.59,10.7,0.58,10.7,0.57,10.6,0.56,10.6,0.55,10.5,0.73,13.2,0.74,13.5,0.75,13.9,0.76,14.3,0.77,14.7,0.27,13.2,0.26,13.5,0.25,13.9,0.24,14.3,0.23,14.7,0.41,10.7,0.42,10.7,0.43,10.6,0.44,10.6,0.45,10.5,0.14,0.14,0.094,1776170070000
1776170072.351,272.351,0.59,10.7,0.58,10.7,0.57,10.6,0.56,10.6,0.55,10.5,0.73,13.2,0.74,13.5,0.75,13.9,0.76,14.3,0.77,14.7,0.27,13.2,0.26,13.5,0.25,13.9,0.24,14.3,0.23,14.7,0.41,10.7,0.42,10.7,0.43,10.6,0.44,10.6,0.45,10.5,0.14,0.14,0.094001,1776170071000
1776170073.443,273.443,0.59,10.7,0.58,10.7,0.57,10.6,0.56,10.6,0.55,10.5,0.73,13.2,0.74,13.5,0.75,13.9,0.76,14.3,0.77,14.7,0.27,13.2,0.26,13.5,0.25,13.9,0.24,14.3,0.23,14.7,0.41,10.7,0.42,10.7,0.43,10.6,0.44,10.6,0.45,10.5,0.14,0.14,0.094001,1776170072000
1776170073.845,273.845,0.59,10.7,0.58,10.7,0.57,10.6,0.56,10.6,0.55,10.5,0.73,13.2,0.74,13.5,0.75,13.9,0.76,14.3,0.77,14.7,0.27,13.2,0.26,13.5,0.25,13.9,0.24,14.3,0.23,14.7,0.41,10.7,0.42,10.7,0.43,10.6,0.44,10.6,0.45,10.5,0.14,0.14,0.094,1776170073000
1776170074.837,274.837,0.59,10.7,0.58,10.7,0.57,10.6,0.56,10.6,0.55,10.5,0.73,13.2,0.74,13.5,0.75,13.9,0.76,14.3,0.77,14.7,0.27,13.2,0.26,13.5,0.25,13.9,0.24,14.3,0.23,14.7,0.41,10.7,0.42,10.7,0.43,10.6,0.44,10.6,0.45,10.5,0.14,0.14,0.093999,1776170074000
1776170075.822,275.822,0.59,10.7,0.58,10.7,0.57,10.6,0.56,10.6,0.55,10.5,0.73,13.2,0.74,13.5,0.75,13.9,0.76,14.3,0.77,14.7,0.27,13.2,0.26,13.5,0.25,13.9,0.24,14.3,0.23,14.7,0.41,10.7,0.42,10.7,0.43,10.6,0.44,10.6,0.45,10.5,0.14,0.14,0.093999,1776170075000
1776170076.799,276.799,0.59,10.7,0.58,10.7,0.57,10.6,0.56,10.6,0.55,10.5,0.73,13.2,0.74,13.5,0.75,13.9,0.76,14.3,0.77,14.7,0.27,13.2,0.26,13.5,0.25,13.9,0.24,14.3,0.23,14.7,0.41,10.7,0.42,10.7,0.43,10.6,0.44,10.6,0.45,10.5,0.14,0.14,0.093999,1776170076000
1776170078.243,278.243,0.59,10.7,0.58,10.7,0.57,10.6,0.56,10.6,0.55,10.5,0.73,13.2,0.74,13.5,0.75,13.9,0.76,14.3,0.77,14.7,0.27,13.2,0.26,13.5,0.25,13.9,0.24,14.3,0.23,14.7,0.41,10.7,0.42,10.7,0.43,10.6,0.44,10.6,0.45,10.5,0.14,0.14,0.093999,1776170077000
1776170079.175,279.175,0.59,10.7,0.58,10.7,0.57,10.6,0.56,10.6,0.55,10.5,0.73,13.2,0.74,13.5,0.75,13.9,0.76,14.3,0.77,14.7,0.27,13.2,0.26,13.5,0.25,13.9,0.24,14.3,0.23,14.7,0.41,10.7,0.42,10.7,0.43,10.6,0.44,10.6,0.45,10.5,0.14,0.14,0.094,1776170078000
1776170080.148,280.148,0.59,10.7,0.58,10.7,0.57,10.6,0.56,10.6,0.55,10.5,0.73,13.2,0.74,13.5,0.75,13.9,0.76,14.3,0.77,14.7,0.27,13.2,0.26,13.5,0.25,13.9,0.24,14.3,0.23,14.7,0.41,10.7,0.42,10.7,0.43,10.6,0.44,10.6,0.45,10.5,0.14,0.14,0.094,1776170079000
1776170081.069,281.069,0.59,10.7,0.58,10.7,0.57,10.6,0.56,10.6,0.55,10.5,0.73,13.2,0.74,13.5,0.75,13.9,0.76,14.3,0.77,14.7,0.27,13.2,0.26,13.5,0.25,13.9,0.24,14.3,0.23,14.7,0.41,10.7,0.42,10.7,0.43,10.6,0.44,10.6,0.45,10.5,0.14,0.14,0.094,1776170080000
1776170082.321,282.321,0.59,10.7,0.58,10.7,0.57,10.6,0.56,10.6,0.55,10.5,0.73,13.2,0.74,13.5,0.75,13.9,0.76,14.3,0.77,14.7,0.27,13.2,0.26,13.5,0.25,13.9,0.24,14.3,0.23,14.7,0.41,10.7,0.42,10.7,0.43,10.6,0.44,10.6,0.45,10.5,0.14,0.14,0.094001,1776170081000
1776170082.756,282.756,0.51,50.0,0.42,5.42,0.41,50.0,0.31,50.0,0.24,10.0,0.81,47.53,0.91,50.0,0.93,9.0,0.95,5.0,0.96,5.0,0.27,13.2,0.26,13.5,0.25,13.9,0.24,14.3,0.23,14.7,0.41,10.7,0.42,10.7,0.43,10.6,0.44,10.6,0.45,10.5,0.3,0.14,0.094001,1776170081000
1776170083.39,283.39,0.51,50.0,0.42,5.42,0.41,50.0,0.31,50.0,0.24,10.0,0.81,47.53,0.91,50.0,0.93,9.0,0.95,5.0,0.96,5.0,0.19,47.53,0.09,50.0,0.07,9.0,0.05,5.0,0.04,5.0,0.49,50.0,0.58,5.42,0.59,50.0,0.69,50.0,0.76,10.0,0.3,0.3,0.094002,1776170082000
1776170083.98,283.98,0.51,50.0,0.42,5.42,0.41,50.0,0.31,50.0,0.24,10.0,0.81,47.53,0.91,50.0,0.93,9.0,0.95,5.0,0.96,5.0,0.19,47.53,0.09,50.0,0.07,9.0,0.05,5.0,0.04,5.0,0.49,50.0,0.58,5.42,0.59,50.0,0.69,50.0,0.76,10.0,0.3,0.3,0.094002,1776170083000
1776170084.463,284.463,0.61,50.0,0.51,50.0,0.42,5.42,0.41,50.0,0.31,50.0,0.91,50.0,0.93,9.0,0.95,5.0,0.96,130.0,0.98,115.0,0.19,47.53,0.09,50.0,0.07,9.0,0.05,5.0,0.04,5.0,0.49,50.0,0.58,5.42,0.59,50.0,0.69,50.0,0.76,10.0,0.3,0.3,0.094002,1776170083000
1776170085.076,285.076,0.61,50.0,0.51,50.0,0.42,5.42,0.41,50.0,0.31,50.0,0.75,2.88,0.76,5.0,0.77,5.0,0.78,5.0,0.79,5.0,0.09,50.0,0.07,9.0,0.05,5.0,0.04,130.0,0.02,115.0,0.39,50.0,0.49,50.0,0.58,5.42,0.59,50.0,0.69,50.0,0.14,0.3,0.094002,1776170083000
1776170085.704,285.704,0.61,50.0,0.51,50.0,0.42,5.42,0.41,50.0,0.31,50.0,0.75,2.88,0.76,5.0,0.77,5.0,0.78,5.0,0.79,5.0,0.25,2.88,0.24,5.0,0.23,5.0,0.22,5.0,0.21,5.0,0.39,50.0,0.49,50.0,0.58,5.42,0.59,50.0,0.69,50.0,0.14,0.14,0.094001,1776170084000
1776170086.288,286.288,0.61,50.0,0.51,50.0,0.42,5.42,0.41,50.0,0.31,50.0,0.75,2.88,0.76,5.0,0.77,5.0,0.78,5.0,0.79,5.0,0.25,2.88,0.24,5.0,0.23,5.0,0.22,5.0,0.21,5.0,0.39,50.0,0.49,50.0,0.58,5.42,0.59,50.0,0.69,50.0,0.14,0.14,0.094,1776170085000
1776170087.512,287.512,0.61,50.0,0.51,50.0,0.42,5.42,0.41,50.0,0.31,50.0,0.75,2.88,0.76,5.0,0.77,5.0,0.78,5.0,0.79,5.0,0.25,2.88,0.24,5.0,0.23,5.0,0.22,5.0,0.21,5.0,0.39,50.0,0.49,50.0,0.58,5.42,0.59,50.0,0.69,50.0,0.14,0.14,0.093998,1776170086000
1776170088.252,288.252,0.61,50.0,0.51,50.0,0.42,5.42,0.41,50.0,0.31,50.0,0.75,2.88,0.76,5.0,0.77,5.0,0.78,5.0,0.79,5.0,0.25,2.88,0.24,5.0,0.23,5.0,0.22,5.0,0.21,5.0,0.39,50.0,0.49,50.0,0.58,5.42,0.59,50.0,0.69,50.0,0.14,0.14,0.093998,1776170087000
1776170089.471,289.471,0.61,50.0,0.51,50.0,0.42,5.42,0.41,50.0,0.31,50.0,0.75,2.88,0.76,5.0,0.77,5.0,0.78,5.0,0.79,5.0,0.25,2.88,0.24,5.0,0.23,5.0,0.22,5.0,0.21,5.0,0.39,50.0,0.49,50.0,0.58,5.42,0.59,50.0,0.69,50.0,0.14,0.14,0.093998,1776170088000
1776170089.974,289.974,0.61,50.0,0.51,50.0,0.42,5.42,0.41,50.0,0.31,50.0,0.75,2.88,0.76,5.0,0.77,5.0,0.78,5.0,0.79,5.0,0.25,2.88,0.24,5.0,0.23,5.0,0.22,5.0,0.21,5.0,0.39,50.0,0.49,50.0,0.58,5.42,0.59,50.0,0.69,50.0,0.14,0.14,0.093998,1776170089000
1776170091.183,291.183,0.61,50.0,0.51,50.0,0.42,5.42,0.41,50.0,0.31,50.0,0.75,2.88,0.76,5.0,0.77,5.0,0.78,5.0,0.79,5.0,0.25,2.88,0.24,5.0,0.23,5.0,0.22,5.0,0.21,5.0,0.39,50.0,0.49,50.0,0.58,5.42,0.59,50.0,0.69,50.0,0.14,0.14,0.093998,1776170090000
1776170092.247,292.247,0.61,50.0,0.51,50.0,0.42,5.42,0.41,50.0,0.31,50.0,0.75,2.88,0.76,5.0,0.77,5.0,0.78,5.0,0.79,5.0,0.25,2.88,0.24,5.0,0.23,5.0,0.22,5.0,0.21,5.0,0.39,50.0,0.49,50.0,0.58,5.42,0.59,50.0,0.69,50.0,0.14,0.14,0.093998,1776170091000
1776170092.677,292.677,0.61,50.0,0.51,50.0,0.41,50.0,0.39,5.42,0.31,50.0,0.91,50.67,0.93,9.0,0.95,5.0,0.96,5.0,0.98,115.0,0.25,2.88,0.24,5.0,0.23,5.0,0.22,5.0,0.21,5.0,0.39,50.0,0.49,50.0,0.58,5.42,0.59,50.0,0.69,50.0,0.3,0.14,0.093998,1776170091000
1776170093.368,293.368,0.61,50.0,0.51,50.0,0.41,50.0,0.39,5.42,0.31,50.0,0.91,50.67,0.93,9.0,0.95,5.0,0.96,5.0,0.98,115.0,0.09,50.67,0.07,9.0,0.05,5.0,0.04,5.0,0.02,115.0,0.39,50.0,0.49,50.0,0.59,50.0,0.61,5.42,0.69,50.0,0.3,0.3,0.093998,1776170092000
1776170093.9,293.9,0.61,50.0,0.51,50.0,0.41,50.0,0.39,5.42,0.31,50.0,0.91,50.67,0.93,9.0,0.95,5.0,0.96,5.0,0.98,115.0,0.09,50.67,0.07,9.0,0.05,5.0,0.04,5.0,0.02,115.0,0.39,50.0,0.49,50.0,0.59,50.0,0.61,5.42,0.69,50.0,0.3,0.3,0.093998,1776170093000
1776170095.0,295.0,0.61,50.0,0.51,50.0,0.41,50.0,0.39,5.42,0.31,50.0,0.91,50.67,0.93,9.0,0.95,5.0,0.96,5.0,0.98,115.0,0.09,50.67,0.07,9.0,0.05,5.0,0.04,5.0,0.02,115.0,0.39,50.0,0.49,50.0,0.59,50.0,0.61,5.42,0.69,50.0,0.3,0.3,0.093998,1776170094000
1776170096.058,296.058,0.61,50.0,0.51,50.0,0.41,50.0,0.39,5.42,0.31,50.0,0.91,50.67,0.93,9.0,0.95,5.0,0.96,5.0,0.98,115.0,0.09,50.67,0.07,9.0,0.05,5.0,0.04,5.0,0.02,115.0,0.39,50.0,0.49,50.0,0.59,50.0,0.61,5.42,0.69,50.0,0.3,0.3,0.093998,1776170095000
1776170097.201,297.201,0.61,50.0,0.51,50.0,0.41,50.0,0.39,5.42,0.31,50.0,0.91,50.67,0.93,9.0,0.95,5.0,0.96,5.0,0.98,115.0,0.09,50.67,0.07,9.0,0.05,5.0,0.04,5.0,0.02,115.0,0.39,50.0,0.49,50.0,0.59,50.0,0.61,5.42,0.69,50.0,0.3,0.3,0.093998,1776170096000
1776170097.677,297.677,0.81,5.0,0.71,50.0,0.61,50.0,0.51,50.0,0.41,50.0,0.96,1.73,0.98,15.0,0.99,96.0,,,,,0.04,1.73,0.02,15.0,0.01,96.0,,,,,0.19,50.0,0.29,50.0,0.39,50.0,0.49,50.0,0.59,50.0,0.15,0.15,0.093998,1776170096000
1776170098.182,298.182,0.81,55.0,0.71,50.0,0.61,50.0,0.51,50.0,0.41,50.0,0.99,91.0,,,,,,,,,0.02,15.0,0.01,96.0,,,,,,,0.19,55.0,0.29,50.0,0.39,50.0,0.49,50.0,0.59,50.0,0.18,0.17,0.093998,1776170096000
1776170098.41,298.41,0.81,55.0,0.71,50.0,0.61,50.0,0.51,50.0,0.41,50.0,0.99,89.98,,,,,,,,,0.01,91.0,,,,,,,,,0.19,55.0,0.29,50.0,0.39,50.0,0.49,50.0,0.59,50.0,0.18,0.18,0.093998,1776170097000
1776170099.003,299.003,0.81,55.0,0.71,50.0,0.61,50.0,0.51,50.0,0.41,50.0,0.99,56.1,,,,,,,,,0.01,66.1,,,,,,,,,0.19,55.0,0.29,50.0,0.39,50.0,0.49,50.0,0.59,50.0,0.18,0.18,0.093998,1776170097000
1776170099.425,299.425,0.81,55.0,0.71,50.0,0.61,50.0,0.51,50.0,0.41,50.0,0.99,56.1,,,,,,,,,0.01,56.1,,,,,,,,,0.19,55.0,0.29,50.0,0.39,50.0,0.49,50.0,0.59,50.0,0.18,0.18,0.093998,1776170098000
1776170099.733,299.733,0.5,124.54,0.31,48.38,0.3,15.0,0.2,15.0,0.05,5.0,0.99,46.1,,,,,,,,,0.01,56.1,,,,,,,,,0.19,55.0,0.29,50.0,0.39,50.0,0.49,50.0,0.59,50.0,0.49,0.18,0.093998,1776170098000
1776170099.951,299.951,0.77,5.0,0.6,6.0,0.55,5.0,0.5,129.54,0.43,5.0,0.99,44.99,,,,,,,,,0.01,46.1,,,,,,,,,0.5,124.54,0.69,48.38,0.7,15.0,0.8,15.0,0.95,5.0,0.22,0.49,0.093998,1776170099000
1776170100.286,300.286,0.79,9.0,0.77,5.0,0.66,26.0,0.65,100.0,0.6,6.0,0.99,42.86,,,,,,,,,0.01,43.88,,,,,,,,,0.21,9.0,0.23,5.0,0.34,26.0,0.35,100.0,0.4,6.0,0.2,0.2,0.093998,1776170099000
1776170100.497,300.497,0.79,9.0,0.77,5.0,0.66,26.0,0.65,100.0,0.6,6.0,0.99,37.76,,,,,,,,,0.01,38.78,,,,,,,,,0.21,9.0,0.23,5.0,0.34,26.0,0.35,100.0,0.4,6.0,0.2,0.2,0.093998,1776170099000
1776170100.796,300.796,0.99,16.9,0.77,5.0,0.65,200.0,0.6,6.0,0.55,305.0,,,,,,,,,,,0.01,37.76,,,,,,,,,0.21,9.0,0.23,5.0,0.34,26.0,0.35,100.0,0.4,6.0,,0.2,0.093998,1776170099000

# RESULT,winner=Up,slug=doge-updown-5m-1776169800,ticks=328
