timestamp,elapsed_sec,up_bid_p1,up_bid_s1,up_bid_p2,up_bid_s2,up_ask_p1,up_ask_s1,up_ask_p2,up_ask_s2,down_bid_p1,down_bid_s1,down_bid_p2,down_bid_s2,down_ask_p1,down_ask_s1,down_ask_p2,down_ask_s2,up_spread,down_spread,doge_price,doge_oracle_ts
1776218701.363,1.363,,,,,,,,,,,,,,,,,,,0.093525,1776218700000
1776218701.9,1.9,0.33,300.0,0.31,375.0,0.49,5.0,0.67,300.0,0.51,5.0,0.33,300.0,0.67,300.0,0.69,375.0,0.16,0.16,0.093525,1776218700000
1776218702.765,2.765,0.33,300.0,0.31,375.0,0.49,5.0,0.67,300.0,0.51,5.0,0.33,300.0,0.67,300.0,0.69,375.0,0.16,0.16,0.093525,1776218701000
1776218703.266,3.266,0.33,300.0,0.31,375.0,0.49,5.0,0.67,300.0,0.51,5.0,0.33,300.0,0.67,300.0,0.69,375.0,0.16,0.16,0.093524,1776218702000
1776218704.557,4.557,0.33,300.0,0.31,375.0,0.49,5.0,0.67,300.0,0.51,5.0,0.33,300.0,0.67,300.0,0.69,375.0,0.16,0.16,0.093524,1776218703000
1776218705.134,5.134,0.33,300.0,0.31,375.0,0.49,5.0,0.67,300.0,0.51,5.0,0.33,300.0,0.67,300.0,0.69,375.0,0.16,0.16,0.093524,1776218704000
1776218706.381,6.381,0.33,300.0,0.31,375.0,0.49,5.0,0.67,300.0,0.51,5.0,0.33,300.0,0.67,300.0,0.69,375.0,0.16,0.16,0.093521,1776218705000
1776218706.592,6.592,0.4,10.0,0.39,5.0,0.49,5.0,0.51,5.0,0.51,5.0,0.33,300.0,0.67,300.0,0.69,375.0,0.09,0.16,0.093521,1776218705000
1776218706.971,6.971,0.4,10.0,0.39,5.0,0.49,5.0,0.51,5.0,0.51,5.0,0.49,5.0,0.6,10.0,0.61,5.0,0.09,0.09,0.093521,1776218706000
1776218707.215,7.215,0.4,5.0,0.36,10.0,0.47,5.0,0.49,5.0,0.51,5.0,0.49,5.0,0.6,10.0,0.61,5.0,0.07,0.09,0.093521,1776218706000
1776218707.849,7.849,0.4,4.4,0.36,10.0,0.49,5.0,0.51,50.0,0.53,5.0,0.51,5.0,0.6,4.4,0.64,10.0,0.09,0.07,0.093521,1776218706000
1776218708.19,8.19,0.4,4.4,0.36,10.0,0.49,5.0,0.51,50.0,0.51,5.0,0.49,50.0,0.6,4.4,0.64,10.0,0.09,0.09,0.093515,1776218707000
1776218709.43,9.43,0.4,4.4,0.36,10.0,0.49,5.0,0.51,50.0,0.51,5.0,0.49,50.0,0.6,4.4,0.64,10.0,0.09,0.09,0.093509,1776218708000
1776218709.817,9.817,0.4,4.4,0.36,10.0,0.49,4.89,0.5,5.0,0.51,5.0,0.49,50.0,0.6,4.4,0.64,10.0,0.09,0.09,0.093509,1776218708000
1776218710.041,10.041,0.4,4.4,0.36,10.0,0.49,4.89,0.5,5.0,0.51,4.89,0.5,5.0,0.6,4.4,0.64,10.0,0.09,0.09,0.093508,1776218709000
1776218711.002,11.002,0.4,4.4,0.32,22.0,0.46,5.0,0.49,10.0,0.51,4.89,0.5,5.0,0.6,4.4,0.64,10.0,0.06,0.09,0.093508,1776218709000
1776218711.21,11.21,0.4,4.4,0.32,22.0,0.46,5.0,0.49,10.0,0.54,5.0,0.51,10.0,0.6,4.4,0.68,22.0,0.06,0.06,0.093507,1776218710000
1776218712.426,12.426,0.4,4.4,0.32,22.0,0.46,5.0,0.49,10.0,0.54,5.0,0.51,10.0,0.6,4.4,0.68,22.0,0.06,0.06,0.0935,1776218711000
1776218713.06,13.06,0.4,4.4,0.32,22.0,0.46,5.0,0.49,10.0,0.54,5.0,0.51,10.0,0.6,4.4,0.68,22.0,0.06,0.06,0.093498,1776218712000
1776218714.054,14.054,0.4,4.4,0.32,22.0,0.46,5.0,0.49,10.0,0.54,5.0,0.51,10.0,0.6,4.4,0.68,22.0,0.06,0.06,0.093496,1776218713000
1776218715.223,15.223,0.4,4.4,0.32,22.0,0.46,5.0,0.49,10.0,0.54,5.0,0.51,10.0,0.6,4.4,0.68,22.0,0.06,0.06,0.093492,1776218714000
1776218716.298,16.298,0.4,4.4,0.32,22.0,0.46,5.0,0.49,10.0,0.54,5.0,0.51,10.0,0.6,4.4,0.68,22.0,0.06,0.06,0.093493,1776218715000
1776218717.242,17.242,0.4,4.4,0.32,22.0,0.46,5.0,0.49,10.0,0.54,5.0,0.51,10.0,0.6,4.4,0.68,22.0,0.06,0.06,0.093492,1776218716000
1776218718.329,18.329,0.4,4.4,0.32,22.0,0.46,5.0,0.49,10.0,0.54,5.0,0.51,10.0,0.6,4.4,0.68,22.0,0.06,0.06,0.093494,1776218717000
1776218719.312,19.312,0.4,4.4,0.32,22.0,0.46,5.0,0.49,10.0,0.54,5.0,0.51,10.0,0.6,4.4,0.68,22.0,0.06,0.06,0.093495,1776218718000
1776218720.37,20.37,0.4,4.4,0.32,22.0,0.46,5.0,0.49,10.0,0.54,5.0,0.51,10.0,0.6,4.4,0.68,22.0,0.06,0.06,0.093495,1776218719000
1776218721.396,21.396,0.4,4.4,0.32,22.0,0.46,5.0,0.49,10.0,0.54,5.0,0.51,10.0,0.6,4.4,0.68,22.0,0.06,0.06,0.093495,1776218720000
1776218721.904,21.904,0.4,4.4,0.32,22.0,0.46,5.0,0.49,10.0,0.54,5.0,0.51,10.0,0.6,4.4,0.68,22.0,0.06,0.06,0.093495,1776218721000
1776218722.956,22.956,0.4,4.4,0.32,22.0,0.46,5.0,0.49,10.0,0.54,5.0,0.51,10.0,0.6,4.4,0.68,22.0,0.06,0.06,0.093495,1776218722000
1776218724.052,24.052,0.4,4.4,0.32,22.0,0.46,5.0,0.49,10.0,0.54,5.0,0.51,10.0,0.6,4.4,0.68,22.0,0.06,0.06,0.093495,1776218723000
1776218725.115,25.115,0.4,4.4,0.32,22.0,0.46,5.0,0.49,10.0,0.54,5.0,0.51,10.0,0.6,4.4,0.68,22.0,0.06,0.06,0.093496,1776218724000
1776218726.157,26.157,0.4,4.4,0.32,22.0,0.46,5.0,0.49,10.0,0.54,5.0,0.51,10.0,0.6,4.4,0.68,22.0,0.06,0.06,0.093496,1776218725000
1776218727.709,27.709,0.4,4.4,0.32,22.0,0.46,5.0,0.49,10.0,0.54,5.0,0.51,10.0,0.6,4.4,0.68,22.0,0.06,0.06,0.093499,1776218726000
1776218728.359,28.359,0.4,4.4,0.32,22.0,0.46,5.0,0.49,10.0,0.54,5.0,0.51,10.0,0.6,4.4,0.68,22.0,0.06,0.06,0.093499,1776218727000
1776218729.303,29.303,0.4,4.4,0.32,22.0,0.46,5.0,0.49,10.0,0.54,5.0,0.51,10.0,0.6,4.4,0.68,22.0,0.06,0.06,0.093515,1776218728000
1776218730.667,30.667,0.4,4.4,0.32,22.0,0.46,5.0,0.49,10.0,0.54,5.0,0.51,10.0,0.6,4.4,0.68,22.0,0.06,0.06,0.093515,1776218729000
1776218731.297,31.297,0.4,4.4,0.32,22.0,0.46,5.0,0.49,10.0,0.54,5.0,0.51,10.0,0.6,4.4,0.68,22.0,0.06,0.06,0.093516,1776218730000
1776218732.474,32.474,0.4,4.4,0.32,22.0,0.46,5.0,0.49,10.0,0.54,5.0,0.51,10.0,0.6,4.4,0.68,22.0,0.06,0.06,0.093518,1776218731000
1776218733.012,33.012,0.4,4.4,0.32,22.0,0.46,5.0,0.49,10.0,0.54,5.0,0.51,10.0,0.6,4.4,0.68,22.0,0.06,0.06,0.093522,1776218732000
1776218734.196,34.196,0.4,4.4,0.32,22.0,0.46,5.0,0.49,10.0,0.54,5.0,0.51,10.0,0.6,4.4,0.68,22.0,0.06,0.06,0.093521,1776218733000
1776218735.618,35.618,0.4,4.4,0.32,22.0,0.46,5.0,0.49,10.0,0.54,5.0,0.51,10.0,0.6,4.4,0.68,22.0,0.06,0.06,0.093521,1776218734000
1776218736.319,36.319,0.4,4.4,0.32,22.0,0.46,5.0,0.49,10.0,0.54,5.0,0.51,10.0,0.6,4.4,0.68,22.0,0.06,0.06,0.09352,1776218735000
1776218736.931,36.931,0.4,4.4,0.32,22.0,0.46,5.0,0.49,10.0,0.54,5.0,0.51,10.0,0.6,4.4,0.68,22.0,0.06,0.06,0.093524,1776218736000
1776218738.102,38.102,0.4,4.4,0.32,22.0,0.46,5.0,0.49,10.0,0.54,5.0,0.51,10.0,0.6,4.4,0.68,22.0,0.06,0.06,0.093526,1776218737000
1776218739.382,39.382,0.4,4.4,0.32,22.0,0.46,5.0,0.49,10.0,0.54,5.0,0.51,10.0,0.6,4.4,0.68,22.0,0.06,0.06,0.093518,1776218738000
1776218740.489,40.489,0.4,4.4,0.32,22.0,0.46,5.0,0.49,10.0,0.54,5.0,0.51,10.0,0.6,4.4,0.68,22.0,0.06,0.06,0.093513,1776218739000
1776218741.007,41.007,0.4,4.4,0.32,22.0,0.46,5.0,0.49,10.0,0.54,5.0,0.51,10.0,0.6,4.4,0.68,22.0,0.06,0.06,0.093512,1776218740000
1776218742.22,42.22,0.4,4.4,0.32,22.0,0.46,5.0,0.49,10.0,0.54,5.0,0.51,10.0,0.6,4.4,0.68,22.0,0.06,0.06,0.093512,1776218741000
1776218743.313,43.313,0.4,4.4,0.32,22.0,0.46,5.0,0.49,10.0,0.54,5.0,0.51,10.0,0.6,4.4,0.68,22.0,0.06,0.06,0.093508,1776218742000
1776218744.321,44.321,0.4,4.4,0.32,22.0,0.46,5.0,0.49,10.0,0.54,5.0,0.51,10.0,0.6,4.4,0.68,22.0,0.06,0.06,0.093508,1776218743000
1776218745.38,45.38,0.4,4.4,0.32,22.0,0.46,5.0,0.49,10.0,0.54,5.0,0.51,10.0,0.6,4.4,0.68,22.0,0.06,0.06,0.093509,1776218744000
1776218745.852,45.852,0.4,4.4,0.32,22.0,0.46,5.0,0.49,10.0,0.54,5.0,0.51,10.0,0.6,4.4,0.68,22.0,0.06,0.06,0.093509,1776218745000
1776218746.992,46.992,0.4,4.4,0.32,22.0,0.46,5.0,0.49,10.0,0.54,5.0,0.51,10.0,0.6,4.4,0.68,22.0,0.06,0.06,0.09351,1776218746000
1776218748.169,48.169,0.4,4.4,0.32,22.0,0.46,5.0,0.49,10.0,0.54,5.0,0.51,10.0,0.6,4.4,0.68,22.0,0.06,0.06,0.093511,1776218747000
1776218749.316,49.316,0.4,4.4,0.32,22.0,0.46,5.0,0.49,10.0,0.54,5.0,0.51,10.0,0.6,4.4,0.68,22.0,0.06,0.06,0.093511,1776218748000
1776218750.305,50.305,0.4,4.4,0.32,22.0,0.46,5.0,0.49,10.0,0.54,5.0,0.51,10.0,0.6,4.4,0.68,22.0,0.06,0.06,0.093512,1776218749000
1776218751.152,51.152,0.4,4.4,0.32,22.0,0.46,5.0,0.49,10.0,0.54,5.0,0.51,10.0,0.6,4.4,0.68,22.0,0.06,0.06,0.093512,1776218750000
1776218752.275,52.275,0.4,4.4,0.32,22.0,0.46,5.0,0.49,10.0,0.54,5.0,0.51,10.0,0.6,4.4,0.68,22.0,0.06,0.06,0.093512,1776218751000
1776218753.53,53.53,0.4,4.4,0.32,22.0,0.46,5.0,0.49,10.0,0.54,5.0,0.51,10.0,0.6,4.4,0.68,22.0,0.06,0.06,0.093512,1776218752000
1776218754.486,54.486,0.4,4.4,0.32,22.0,0.46,5.0,0.49,10.0,0.54,5.0,0.51,10.0,0.6,4.4,0.68,22.0,0.06,0.06,0.093512,1776218753000
1776218755.102,55.102,0.4,4.4,0.32,22.0,0.46,5.0,0.49,10.0,0.54,5.0,0.51,10.0,0.6,4.4,0.68,22.0,0.06,0.06,0.093516,1776218754000
1776218756.317,56.317,0.4,4.4,0.32,22.0,0.46,5.0,0.49,10.0,0.54,5.0,0.51,10.0,0.6,4.4,0.68,22.0,0.06,0.06,0.093516,1776218755000
1776218757.791,57.791,0.4,4.4,0.32,22.0,0.46,5.0,0.49,10.0,0.54,5.0,0.51,10.0,0.6,4.4,0.68,22.0,0.06,0.06,0.093515,1776218756000
1776218761.424,61.424,0.4,4.4,0.32,22.0,0.46,5.0,0.49,10.0,0.54,5.0,0.51,10.0,0.6,4.4,0.68,22.0,0.06,0.06,0.093516,1776218760000
1776218761.97,61.97,0.47,5.0,0.46,5.0,0.58,5.0,0.6,15.0,0.42,5.0,0.4,15.0,0.53,5.0,0.54,5.0,0.11,0.11,0.093516,1776218761000
1776218763.08,63.08,0.47,5.0,0.46,5.0,0.58,5.0,0.6,15.0,0.42,5.0,0.4,15.0,0.53,5.0,0.54,5.0,0.11,0.11,0.093531,1776218762000
1776218764.16,64.16,0.47,5.0,0.46,5.0,0.58,5.0,0.6,15.0,0.42,5.0,0.4,15.0,0.53,5.0,0.54,5.0,0.11,0.11,0.093535,1776218763000
1776218765.142,65.142,0.47,5.0,0.46,5.0,0.58,5.0,0.6,15.0,0.42,5.0,0.4,15.0,0.53,5.0,0.54,5.0,0.11,0.11,0.093535,1776218764000
1776218766.204,66.204,0.47,5.0,0.46,5.0,0.58,5.0,0.6,15.0,0.42,5.0,0.4,15.0,0.53,5.0,0.54,5.0,0.11,0.11,0.093537,1776218765000
1776218767.235,67.235,0.47,5.0,0.46,5.0,0.58,5.0,0.6,15.0,0.42,5.0,0.4,15.0,0.53,5.0,0.54,5.0,0.11,0.11,0.093537,1776218766000
1776218768.275,68.275,0.47,5.0,0.46,5.0,0.58,5.0,0.6,15.0,0.42,5.0,0.4,15.0,0.53,5.0,0.54,5.0,0.11,0.11,0.093537,1776218767000
1776218769.349,69.349,0.47,5.0,0.46,5.0,0.58,5.0,0.6,15.0,0.42,5.0,0.4,15.0,0.53,5.0,0.54,5.0,0.11,0.11,0.093536,1776218768000
1776218770.378,70.378,0.47,5.0,0.46,5.0,0.58,5.0,0.6,15.0,0.42,5.0,0.4,15.0,0.53,5.0,0.54,5.0,0.11,0.11,0.093536,1776218769000
1776218770.914,70.914,0.47,5.0,0.46,5.0,0.58,5.0,0.6,15.0,0.42,5.0,0.4,15.0,0.53,5.0,0.54,5.0,0.11,0.11,0.093536,1776218770000
1776218772.019,72.019,0.47,5.0,0.46,5.0,0.58,5.0,0.6,15.0,0.42,5.0,0.4,15.0,0.53,5.0,0.54,5.0,0.11,0.11,0.093536,1776218771000
1776218773.041,73.041,0.47,5.0,0.46,5.0,0.58,5.0,0.6,15.0,0.42,5.0,0.4,15.0,0.53,5.0,0.54,5.0,0.11,0.11,0.093536,1776218772000
1776218774.116,74.116,0.47,5.0,0.46,5.0,0.58,5.0,0.6,15.0,0.42,5.0,0.4,15.0,0.53,5.0,0.54,5.0,0.11,0.11,0.093536,1776218773000
1776218775.195,75.195,0.47,5.0,0.46,5.0,0.58,5.0,0.6,15.0,0.42,5.0,0.4,15.0,0.53,5.0,0.54,5.0,0.11,0.11,0.093536,1776218774000
1776218776.642,76.642,0.47,5.0,0.46,5.0,0.58,5.0,0.6,15.0,0.42,5.0,0.4,15.0,0.53,5.0,0.54,5.0,0.11,0.11,0.093536,1776218775000
1776218777.213,77.213,0.47,5.0,0.46,5.0,0.58,5.0,0.6,15.0,0.42,5.0,0.4,15.0,0.53,5.0,0.54,5.0,0.11,0.11,0.093536,1776218776000
1776218778.485,78.485,0.47,5.0,0.46,5.0,0.58,5.0,0.6,15.0,0.42,5.0,0.4,15.0,0.53,5.0,0.54,5.0,0.11,0.11,0.093536,1776218777000
1776218779.189,79.189,0.47,5.0,0.46,5.0,0.58,5.0,0.6,15.0,0.42,5.0,0.4,15.0,0.53,5.0,0.54,5.0,0.11,0.11,0.093537,1776218778000
1776218780.605,80.605,0.47,5.0,0.46,5.0,0.58,5.0,0.6,15.0,0.42,5.0,0.4,15.0,0.53,5.0,0.54,5.0,0.11,0.11,0.093533,1776218779000
1776218781.224,81.224,0.47,5.0,0.46,5.0,0.58,5.0,0.6,15.0,0.42,5.0,0.4,15.0,0.53,5.0,0.54,5.0,0.11,0.11,0.093527,1776218780000
1776218782.579,82.579,0.47,5.0,0.46,5.0,0.58,5.0,0.6,15.0,0.42,5.0,0.4,15.0,0.53,5.0,0.54,5.0,0.11,0.11,0.093524,1776218781000
1776218783.253,83.253,0.47,5.0,0.46,5.0,0.58,5.0,0.6,15.0,0.42,5.0,0.4,15.0,0.53,5.0,0.54,5.0,0.11,0.11,0.093523,1776218782000
1776218784.474,84.474,0.47,5.0,0.46,5.0,0.58,5.0,0.6,15.0,0.42,5.0,0.4,15.0,0.53,5.0,0.54,5.0,0.11,0.11,0.093525,1776218783000
1776218785.06,85.06,0.47,5.0,0.46,5.0,0.58,5.0,0.6,15.0,0.42,5.0,0.4,15.0,0.53,5.0,0.54,5.0,0.11,0.11,0.093525,1776218784000
1776218786.373,86.373,0.47,5.0,0.46,5.0,0.58,5.0,0.6,15.0,0.42,5.0,0.4,15.0,0.53,5.0,0.54,5.0,0.11,0.11,0.093524,1776218785000
1776218787.024,87.024,0.47,5.0,0.46,5.0,0.58,5.0,0.6,15.0,0.42,5.0,0.4,15.0,0.53,5.0,0.54,5.0,0.11,0.11,0.093525,1776218786000
1776218788.186,88.186,0.47,5.0,0.46,5.0,0.58,5.0,0.6,15.0,0.42,5.0,0.4,15.0,0.53,5.0,0.54,5.0,0.11,0.11,0.093525,1776218787000
1776218789.476,89.476,0.47,5.0,0.46,5.0,0.58,5.0,0.6,15.0,0.42,5.0,0.4,15.0,0.53,5.0,0.54,5.0,0.11,0.11,0.093525,1776218788000
1776218790.107,90.107,0.47,5.0,0.46,5.0,0.58,5.0,0.6,15.0,0.42,5.0,0.4,15.0,0.53,5.0,0.54,5.0,0.11,0.11,0.093525,1776218789000
1776218792.05,92.05,0.47,5.0,0.46,5.0,0.58,5.0,0.6,15.0,0.42,5.0,0.4,15.0,0.53,5.0,0.54,5.0,0.11,0.11,0.093525,1776218791000
1776218793.718,93.718,0.47,5.0,0.46,5.0,0.58,5.0,0.6,15.0,0.42,5.0,0.4,15.0,0.53,5.0,0.54,5.0,0.11,0.11,0.093525,1776218792000
1776218794.705,94.705,0.47,5.0,0.46,5.0,0.58,5.0,0.6,15.0,0.42,5.0,0.4,15.0,0.53,5.0,0.54,5.0,0.11,0.11,0.093525,1776218793000
1776218795.441,95.441,0.47,5.0,0.46,5.0,0.58,5.0,0.6,15.0,0.42,5.0,0.4,15.0,0.53,5.0,0.54,5.0,0.11,0.11,0.093525,1776218794000
1776218796.197,96.197,0.47,5.0,0.46,5.0,0.58,5.0,0.6,15.0,0.42,5.0,0.4,15.0,0.53,5.0,0.54,5.0,0.11,0.11,0.093525,1776218795000
1776218797.623,97.623,0.47,5.0,0.46,5.0,0.58,5.0,0.6,15.0,0.42,5.0,0.4,15.0,0.53,5.0,0.54,5.0,0.11,0.11,0.093524,1776218796000
1776218798.453,98.453,0.47,5.0,0.46,5.0,0.58,5.0,0.6,15.0,0.42,5.0,0.4,15.0,0.53,5.0,0.54,5.0,0.11,0.11,0.093524,1776218797000
1776218799.116,99.116,0.47,5.0,0.46,5.0,0.58,5.0,0.6,15.0,0.42,5.0,0.4,15.0,0.53,5.0,0.54,5.0,0.11,0.11,0.093524,1776218798000
1776218800.497,100.497,0.47,5.0,0.46,5.0,0.58,5.0,0.6,15.0,0.42,5.0,0.4,15.0,0.53,5.0,0.54,5.0,0.11,0.11,0.093524,1776218799000
1776218801.312,101.312,0.47,5.0,0.46,5.0,0.58,5.0,0.6,15.0,0.42,5.0,0.4,15.0,0.53,5.0,0.54,5.0,0.11,0.11,0.093524,1776218800000
1776218802.628,102.628,0.47,5.0,0.46,5.0,0.58,5.0,0.6,15.0,0.42,5.0,0.4,15.0,0.53,5.0,0.54,5.0,0.11,0.11,0.093524,1776218801000
1776218803.424,103.424,0.47,5.0,0.46,5.0,0.58,5.0,0.6,15.0,0.42,5.0,0.4,15.0,0.53,5.0,0.54,5.0,0.11,0.11,0.093524,1776218802000
1776218804.156,104.156,0.47,5.0,0.46,5.0,0.58,5.0,0.6,15.0,0.42,5.0,0.4,15.0,0.53,5.0,0.54,5.0,0.11,0.11,0.093524,1776218803000
1776218805.519,105.519,0.47,5.0,0.46,5.0,0.58,5.0,0.6,15.0,0.42,5.0,0.4,15.0,0.53,5.0,0.54,5.0,0.11,0.11,0.093525,1776218804000
1776218805.982,105.982,0.42,5.0,0.41,5.0,0.44,3.0,0.55,5.0,0.42,5.0,0.4,15.0,0.53,5.0,0.54,5.0,0.02,0.11,0.093525,1776218804000
1776218806.205,106.205,0.42,5.0,0.41,5.0,0.44,3.0,0.55,5.0,0.56,3.0,0.45,5.0,0.58,5.0,0.59,5.0,0.02,0.02,0.093525,1776218805000
1776218807.606,107.606,0.42,5.0,0.41,5.0,0.55,5.0,0.56,20.6,0.45,5.0,0.44,20.6,0.58,5.0,0.59,5.0,0.13,0.13,0.093524,1776218806000
1776218808.262,108.262,0.42,5.0,0.41,5.0,0.55,5.0,0.56,20.6,0.45,5.0,0.44,20.6,0.58,5.0,0.59,5.0,0.13,0.13,0.093523,1776218807000
1776218809.602,109.602,0.42,5.0,0.41,5.0,0.55,5.0,0.56,20.6,0.45,5.0,0.44,20.6,0.58,5.0,0.59,5.0,0.13,0.13,0.093522,1776218808000
1776218810.658,110.658,0.42,5.0,0.41,5.0,0.55,5.0,0.56,20.6,0.45,5.0,0.44,20.6,0.58,5.0,0.59,5.0,0.13,0.13,0.093522,1776218809000
1776218811.094,111.094,0.42,5.0,0.41,5.0,0.55,5.0,0.56,20.6,0.45,5.0,0.44,20.6,0.58,5.0,0.59,5.0,0.13,0.13,0.093522,1776218810000
1776218812.17,112.17,0.42,5.0,0.41,5.0,0.55,5.0,0.56,20.6,0.45,5.0,0.44,20.6,0.58,5.0,0.59,5.0,0.13,0.13,0.093523,1776218811000
1776218813.175,113.175,0.42,5.0,0.41,5.0,0.55,5.0,0.56,20.6,0.45,5.0,0.44,20.6,0.58,5.0,0.59,5.0,0.13,0.13,0.093522,1776218812000
1776218814.302,114.302,0.42,5.0,0.41,5.0,0.55,5.0,0.56,20.6,0.45,5.0,0.44,20.6,0.58,5.0,0.59,5.0,0.13,0.13,0.093523,1776218813000
1776218815.283,115.283,0.42,5.0,0.41,5.0,0.55,5.0,0.56,20.6,0.45,5.0,0.44,20.6,0.58,5.0,0.59,5.0,0.13,0.13,0.093523,1776218814000
1776218816.254,116.254,0.42,5.0,0.41,5.0,0.55,5.0,0.56,20.6,0.45,5.0,0.44,20.6,0.58,5.0,0.59,5.0,0.13,0.13,0.093524,1776218815000
1776218817.341,117.341,0.42,5.0,0.41,5.0,0.55,5.0,0.56,20.6,0.45,5.0,0.44,20.6,0.58,5.0,0.59,5.0,0.13,0.13,0.093524,1776218816000
1776218818.355,118.355,0.42,5.0,0.41,5.0,0.55,5.0,0.56,20.6,0.45,5.0,0.44,20.6,0.58,5.0,0.59,5.0,0.13,0.13,0.093523,1776218817000
1776218819.37,119.37,0.42,5.0,0.41,5.0,0.55,5.0,0.56,20.6,0.45,5.0,0.44,20.6,0.58,5.0,0.59,5.0,0.13,0.13,0.093522,1776218818000
1776218820.016,120.016,0.42,5.0,0.41,5.0,0.55,5.0,0.56,20.6,0.45,5.0,0.44,20.6,0.58,5.0,0.59,5.0,0.13,0.13,0.093523,1776218819000
1776218820.977,120.977,0.42,5.0,0.41,5.0,0.55,5.0,0.56,20.6,0.45,5.0,0.44,20.6,0.58,5.0,0.59,5.0,0.13,0.13,0.093523,1776218820000
1776218822.041,122.041,0.42,5.0,0.41,5.0,0.55,5.0,0.56,20.6,0.45,5.0,0.44,20.6,0.58,5.0,0.59,5.0,0.13,0.13,0.093521,1776218821000
1776218823.04,123.04,0.42,5.0,0.41,5.0,0.55,5.0,0.56,20.6,0.45,5.0,0.44,20.6,0.58,5.0,0.59,5.0,0.13,0.13,0.093515,1776218822000
1776218824.068,124.068,0.42,5.0,0.41,5.0,0.55,5.0,0.56,20.6,0.45,5.0,0.44,20.6,0.58,5.0,0.59,5.0,0.13,0.13,0.093514,1776218823000
1776218825.17,125.17,0.42,5.0,0.41,5.0,0.55,5.0,0.56,20.6,0.45,5.0,0.44,20.6,0.58,5.0,0.59,5.0,0.13,0.13,0.093514,1776218824000
1776218826.287,126.287,0.42,5.0,0.41,5.0,0.55,5.0,0.56,20.6,0.45,5.0,0.44,20.6,0.58,5.0,0.59,5.0,0.13,0.13,0.093514,1776218825000
1776218827.342,127.342,0.42,5.0,0.41,5.0,0.55,5.0,0.56,20.6,0.45,5.0,0.44,20.6,0.58,5.0,0.59,5.0,0.13,0.13,0.093514,1776218826000
1776218827.8,127.8,0.42,5.0,0.41,5.0,0.55,5.0,0.56,20.6,0.45,5.0,0.44,20.6,0.58,5.0,0.59,5.0,0.13,0.13,0.093514,1776218827000
1776218828.92,128.92,0.42,5.0,0.41,5.0,0.55,5.0,0.56,20.6,0.45,5.0,0.44,20.6,0.58,5.0,0.59,5.0,0.13,0.13,0.093514,1776218828000
1776218830.016,130.016,0.42,5.0,0.41,5.0,0.55,5.0,0.56,20.6,0.45,5.0,0.44,20.6,0.58,5.0,0.59,5.0,0.13,0.13,0.093513,1776218829000
1776218831.0,131.0,0.42,5.0,0.41,5.0,0.55,5.0,0.56,20.6,0.45,5.0,0.44,20.6,0.58,5.0,0.59,5.0,0.13,0.13,0.093512,1776218830000
1776218832.022,132.022,0.42,5.0,0.41,5.0,0.55,5.0,0.56,20.6,0.45,5.0,0.44,20.6,0.58,5.0,0.59,5.0,0.13,0.13,0.093512,1776218831000
1776218832.951,132.951,0.42,5.0,0.41,5.0,0.55,5.0,0.56,20.6,0.45,5.0,0.44,20.6,0.58,5.0,0.59,5.0,0.13,0.13,0.093513,1776218832000
1776218833.986,133.986,0.42,5.0,0.41,5.0,0.55,5.0,0.56,20.6,0.45,5.0,0.44,20.6,0.58,5.0,0.59,5.0,0.13,0.13,0.093514,1776218833000
1776218834.974,134.974,0.42,5.0,0.41,5.0,0.55,5.0,0.56,20.6,0.45,5.0,0.44,20.6,0.58,5.0,0.59,5.0,0.13,0.13,0.093517,1776218834000
1776218835.981,135.981,0.42,5.0,0.41,5.0,0.55,5.0,0.56,20.6,0.45,5.0,0.44,20.6,0.58,5.0,0.59,5.0,0.13,0.13,0.093517,1776218835000
1776218836.958,136.958,0.36,6.56,0.35,21.4,0.5,5.0,0.51,60.4,0.45,5.0,0.44,20.6,0.58,5.0,0.59,5.0,0.14,0.13,0.093517,1776218835000
1776218837.565,137.565,0.36,6.56,0.35,21.4,0.5,5.0,0.51,60.4,0.5,5.0,0.49,60.4,0.64,6.56,0.65,21.4,0.14,0.14,0.093516,1776218836000
1776218838.042,138.042,0.36,6.56,0.35,21.4,0.5,5.0,0.51,60.4,0.5,5.0,0.49,60.4,0.64,6.56,0.65,21.4,0.14,0.14,0.093516,1776218837000
1776218839.142,139.142,0.36,6.56,0.35,21.4,0.5,5.0,0.51,60.4,0.5,5.0,0.49,60.4,0.64,6.56,0.65,21.4,0.14,0.14,0.093516,1776218838000
1776218840.159,140.159,0.36,6.56,0.35,21.4,0.5,5.0,0.51,60.4,0.5,5.0,0.49,60.4,0.64,6.56,0.65,21.4,0.14,0.14,0.093516,1776218839000
1776218841.236,141.236,0.36,6.56,0.35,21.4,0.5,5.0,0.51,60.4,0.5,5.0,0.49,60.4,0.64,6.56,0.65,21.4,0.14,0.14,0.093516,1776218840000
1776218842.171,142.171,0.36,6.56,0.35,21.4,0.5,5.0,0.51,60.4,0.5,5.0,0.49,60.4,0.64,6.56,0.65,21.4,0.14,0.14,0.093516,1776218841000
1776218843.215,143.215,0.36,6.56,0.35,21.4,0.5,5.0,0.51,60.4,0.5,5.0,0.49,60.4,0.64,6.56,0.65,21.4,0.14,0.14,0.093516,1776218842000
1776218844.242,144.242,0.36,6.56,0.35,21.4,0.5,5.0,0.51,60.4,0.5,5.0,0.49,60.4,0.64,6.56,0.65,21.4,0.14,0.14,0.093512,1776218843000
1776218845.309,145.309,0.36,6.56,0.35,21.4,0.5,5.0,0.51,60.4,0.5,5.0,0.49,60.4,0.64,6.56,0.65,21.4,0.14,0.14,0.093513,1776218844000
1776218846.343,146.343,0.36,6.56,0.35,21.4,0.5,5.0,0.51,60.4,0.5,5.0,0.49,60.4,0.64,6.56,0.65,21.4,0.14,0.14,0.093513,1776218845000
1776218846.839,146.839,0.36,6.56,0.35,21.4,0.5,5.0,0.51,60.4,0.5,5.0,0.49,60.4,0.64,6.56,0.65,21.4,0.14,0.14,0.093513,1776218846000
1776218847.871,147.871,0.36,6.56,0.35,21.4,0.5,5.0,0.51,60.4,0.5,5.0,0.49,60.4,0.64,6.56,0.65,21.4,0.14,0.14,0.093511,1776218847000
1776218848.94,148.94,0.36,6.56,0.35,21.4,0.5,5.0,0.51,60.4,0.5,5.0,0.49,60.4,0.64,6.56,0.65,21.4,0.14,0.14,0.09351,1776218848000
1776218849.869,149.869,0.36,6.56,0.35,21.4,0.5,5.0,0.51,60.4,0.5,5.0,0.49,60.4,0.64,6.56,0.65,21.4,0.14,0.14,0.093511,1776218849000
1776218851.342,151.342,0.36,6.56,0.35,21.4,0.5,5.0,0.51,60.4,0.5,5.0,0.49,60.4,0.64,6.56,0.65,21.4,0.14,0.14,0.093511,1776218850000
1776218851.946,151.946,0.36,6.56,0.35,21.4,0.5,5.0,0.51,60.4,0.5,5.0,0.49,60.4,0.64,6.56,0.65,21.4,0.14,0.14,0.093512,1776218851000
1776218852.932,152.932,0.36,6.56,0.35,21.4,0.5,5.0,0.51,60.4,0.5,5.0,0.49,60.4,0.64,6.56,0.65,21.4,0.14,0.14,0.093512,1776218852000
1776218853.935,153.935,0.36,6.56,0.35,21.4,0.5,5.0,0.51,60.4,0.5,5.0,0.49,60.4,0.64,6.56,0.65,21.4,0.14,0.14,0.093511,1776218853000
1776218854.991,154.991,0.36,6.56,0.35,21.4,0.5,5.0,0.51,60.4,0.5,5.0,0.49,60.4,0.64,6.56,0.65,21.4,0.14,0.14,0.093512,1776218854000
1776218856.086,156.086,0.36,6.56,0.35,21.4,0.5,5.0,0.51,60.4,0.5,5.0,0.49,60.4,0.64,6.56,0.65,21.4,0.14,0.14,0.093511,1776218855000
1776218857.09,157.09,0.36,6.56,0.35,21.4,0.5,5.0,0.51,60.4,0.5,5.0,0.49,60.4,0.64,6.56,0.65,21.4,0.14,0.14,0.093511,1776218856000
1776218858.212,158.212,0.36,6.56,0.35,21.4,0.5,5.0,0.51,60.4,0.5,5.0,0.49,60.4,0.64,6.56,0.65,21.4,0.14,0.14,0.093512,1776218857000
1776218859.212,159.212,0.36,6.56,0.35,21.4,0.5,5.0,0.51,60.4,0.5,5.0,0.49,60.4,0.64,6.56,0.65,21.4,0.14,0.14,0.093514,1776218858000
1776218860.313,160.313,0.36,6.56,0.35,21.4,0.5,5.0,0.51,60.4,0.5,5.0,0.49,60.4,0.64,6.56,0.65,21.4,0.14,0.14,0.093514,1776218859000
1776218861.264,161.264,0.36,6.56,0.35,21.4,0.5,5.0,0.51,60.4,0.5,5.0,0.49,60.4,0.64,6.56,0.65,21.4,0.14,0.14,0.09351,1776218860000
1776218862.42,162.42,0.36,6.56,0.35,21.4,0.5,5.0,0.51,60.4,0.5,5.0,0.49,60.4,0.64,6.56,0.65,21.4,0.14,0.14,0.093508,1776218861000
1776218862.94,162.94,0.36,6.56,0.35,21.4,0.5,5.0,0.51,60.4,0.5,5.0,0.49,60.4,0.64,6.56,0.65,21.4,0.14,0.14,0.093508,1776218862000
1776218865.781,165.781,0.36,6.56,0.35,21.4,0.5,5.0,0.51,60.4,0.5,5.0,0.49,60.4,0.64,6.56,0.65,21.4,0.14,0.14,0.093512,1776218864000
1776218866.234,166.234,0.36,6.56,0.35,21.4,0.5,5.0,0.51,60.4,0.5,5.0,0.49,60.4,0.64,6.56,0.65,21.4,0.14,0.14,0.093512,1776218865000
1776218867.147,167.147,0.36,6.56,0.35,21.4,0.5,5.0,0.51,60.4,0.5,5.0,0.49,60.4,0.64,6.56,0.65,21.4,0.14,0.14,0.093513,1776218866000
1776218868.207,168.207,0.36,6.56,0.35,21.4,0.5,5.0,0.51,60.4,0.5,5.0,0.49,60.4,0.64,6.56,0.65,21.4,0.14,0.14,0.093514,1776218867000
1776218868.436,168.436,0.38,11.0,0.37,11.2,0.56,10.33,0.57,10.6,0.5,5.0,0.49,60.4,0.64,6.56,0.65,21.4,0.18,0.14,0.093514,1776218867000
1776218869.262,169.262,0.38,11.0,0.37,11.2,0.56,10.33,0.57,10.6,0.44,10.33,0.43,10.6,0.62,11.0,0.63,11.2,0.18,0.18,0.093514,1776218868000
1776218870.195,170.195,0.38,11.0,0.37,11.2,0.56,10.33,0.57,10.6,0.44,10.33,0.43,10.6,0.62,11.0,0.63,11.2,0.18,0.18,0.093514,1776218869000
1776218871.239,171.239,0.38,11.0,0.37,11.2,0.56,10.33,0.57,10.6,0.44,10.33,0.43,10.6,0.62,11.0,0.63,11.2,0.18,0.18,0.09351,1776218870000
1776218872.119,172.119,0.37,4.64,0.36,11.3,0.51,5.0,0.53,10.4,0.49,5.0,0.47,10.4,0.63,4.64,0.64,11.3,0.14,0.14,0.09351,1776218871000
1776218873.103,173.103,0.37,4.64,0.36,11.3,0.51,5.0,0.53,10.4,0.49,5.0,0.47,10.4,0.63,4.64,0.64,11.3,0.14,0.14,0.093511,1776218872000
1776218874.108,174.108,0.37,4.64,0.36,11.3,0.51,5.0,0.53,10.4,0.49,5.0,0.47,10.4,0.63,4.64,0.64,11.3,0.14,0.14,0.093512,1776218873000
1776218875.055,175.055,0.37,4.64,0.36,11.3,0.51,5.0,0.53,10.4,0.49,5.0,0.47,10.4,0.63,4.64,0.64,11.3,0.14,0.14,0.093511,1776218874000
1776218875.765,175.765,0.35,3.5,0.32,11.0,0.41,50.0,0.5,10.4,0.59,50.0,0.54,5.0,0.65,5.0,0.68,11.0,0.06,0.06,0.093511,1776218874000
1776218876.094,176.094,0.35,3.5,0.32,11.0,0.41,50.0,0.5,10.4,0.59,50.0,0.5,10.4,0.65,3.5,0.68,11.0,0.06,0.06,0.09351,1776218875000
1776218876.982,176.982,0.35,3.5,0.32,11.0,0.41,50.0,0.5,10.4,0.59,50.0,0.5,10.4,0.65,3.5,0.68,11.0,0.06,0.06,0.093496,1776218876000
1776218878.17,178.17,0.35,3.5,0.32,11.0,0.41,47.38,0.45,10.5,0.59,50.0,0.5,10.4,0.65,3.5,0.68,11.0,0.06,0.06,0.093496,1776218876000
1776218878.413,178.413,0.35,3.5,0.32,11.0,0.41,47.38,0.45,10.5,0.59,47.38,0.55,10.5,0.65,3.5,0.68,11.0,0.06,0.06,0.093493,1776218877000
1776218878.898,178.898,0.35,3.5,0.32,11.0,0.41,47.38,0.45,10.5,0.59,47.38,0.55,10.5,0.65,3.5,0.68,11.0,0.06,0.06,0.093494,1776218878000
1776218879.993,179.993,0.35,3.5,0.32,11.0,0.41,47.38,0.45,10.5,0.59,47.38,0.55,10.5,0.65,3.5,0.68,11.0,0.06,0.06,0.093494,1776218879000
1776218881.217,181.217,0.35,3.5,0.32,11.0,0.41,47.38,0.45,10.5,0.59,47.38,0.55,10.5,0.65,3.5,0.68,11.0,0.06,0.06,0.093492,1776218880000
1776218882.237,182.237,0.3,5.0,0.25,13.9,0.41,42.38,0.45,10.0,0.59,47.38,0.55,10.5,0.65,3.5,0.68,11.0,0.11,0.06,0.093492,1776218880000
1776218883.291,183.291,0.3,5.0,0.25,13.9,0.41,42.38,0.45,10.0,0.59,42.38,0.55,10.0,0.7,5.0,0.75,13.9,0.11,0.11,0.093494,1776218882000
1776218884.465,184.465,0.3,5.0,0.25,13.9,0.41,42.38,0.45,10.0,0.59,42.38,0.55,10.0,0.7,5.0,0.75,13.9,0.11,0.11,0.093505,1776218883000
1776218885.012,185.012,0.3,5.0,0.25,13.9,0.41,42.38,0.45,10.0,0.59,42.38,0.55,10.0,0.7,5.0,0.75,13.9,0.11,0.11,0.093505,1776218884000
1776218886.023,186.023,0.3,5.0,0.25,13.9,0.41,42.38,0.45,10.0,0.59,42.38,0.55,10.0,0.7,5.0,0.75,13.9,0.11,0.11,0.093511,1776218885000
1776218887.076,187.076,0.3,5.0,0.25,13.9,0.41,42.38,0.45,10.0,0.59,42.38,0.55,10.0,0.7,5.0,0.75,13.9,0.11,0.11,0.093521,1776218886000
1776218888.169,188.169,0.3,5.0,0.25,13.9,0.41,42.38,0.45,10.0,0.59,42.38,0.55,10.0,0.7,5.0,0.75,13.9,0.11,0.11,0.093521,1776218887000
1776218889.218,189.218,0.3,5.0,0.25,13.9,0.41,42.38,0.45,10.0,0.59,42.38,0.55,10.0,0.7,5.0,0.75,13.9,0.11,0.11,0.093514,1776218888000
1776218890.399,190.399,0.3,5.0,0.25,13.9,0.41,42.38,0.45,10.0,0.59,42.38,0.55,10.0,0.7,5.0,0.75,13.9,0.11,0.11,0.093512,1776218889000
1776218890.957,190.957,0.3,5.0,0.25,13.9,0.41,42.38,0.45,10.0,0.59,42.38,0.55,10.0,0.7,5.0,0.75,13.9,0.11,0.11,0.093513,1776218890000
1776218892.487,192.487,0.3,5.0,0.25,13.9,0.41,42.38,0.45,10.0,0.59,42.38,0.55,10.0,0.7,5.0,0.75,13.9,0.11,0.11,0.093513,1776218891000
1776218893.023,193.023,0.3,5.0,0.25,13.9,0.41,42.38,0.45,10.0,0.59,42.38,0.55,10.0,0.7,5.0,0.75,13.9,0.11,0.11,0.093509,1776218892000
1776218894.225,194.225,0.3,5.0,0.25,13.9,0.41,42.38,0.45,10.0,0.59,42.38,0.55,10.0,0.7,5.0,0.75,13.9,0.11,0.11,0.093502,1776218893000
1776218894.518,194.518,0.27,5.0,0.26,18.5,0.41,50.0,0.43,5.0,0.59,42.38,0.55,10.0,0.7,5.0,0.75,13.9,0.14,0.11,0.093502,1776218893000
1776218895.398,195.398,0.27,5.0,0.26,18.5,0.41,50.0,0.43,5.0,0.59,50.0,0.57,5.0,0.73,5.0,0.74,18.5,0.14,0.14,0.0935,1776218894000
1776218895.94,195.94,0.27,5.0,0.26,18.5,0.41,50.0,0.43,5.0,0.59,50.0,0.57,5.0,0.73,5.0,0.74,18.5,0.14,0.14,0.093503,1776218895000
1776218897.113,197.113,0.27,5.0,0.26,18.5,0.41,50.0,0.43,5.0,0.59,50.0,0.57,5.0,0.73,5.0,0.74,18.5,0.14,0.14,0.093503,1776218896000
1776218898.193,198.193,0.27,5.0,0.26,18.5,0.41,50.0,0.43,5.0,0.59,50.0,0.57,5.0,0.73,5.0,0.74,18.5,0.14,0.14,0.093504,1776218897000
1776218899.294,199.294,0.27,5.0,0.26,18.5,0.41,50.0,0.43,5.0,0.59,50.0,0.57,5.0,0.73,5.0,0.74,18.5,0.14,0.14,0.093503,1776218898000
1776218900.364,200.364,0.27,5.0,0.26,18.5,0.41,50.0,0.43,5.0,0.59,50.0,0.57,5.0,0.73,5.0,0.74,18.5,0.14,0.14,0.093504,1776218899000
1776218900.942,200.942,0.27,5.0,0.26,18.5,0.41,50.0,0.43,5.0,0.59,50.0,0.57,5.0,0.73,5.0,0.74,18.5,0.14,0.14,0.093504,1776218900000
1776218902.083,202.083,0.27,5.0,0.26,18.5,0.41,50.0,0.43,5.0,0.59,50.0,0.57,5.0,0.73,5.0,0.74,18.5,0.14,0.14,0.093504,1776218901000
1776218903.142,203.142,0.27,5.0,0.26,18.5,0.41,50.0,0.43,5.0,0.59,50.0,0.57,5.0,0.73,5.0,0.74,18.5,0.14,0.14,0.093505,1776218902000
1776218904.216,204.216,0.27,5.0,0.26,18.5,0.41,50.0,0.43,5.0,0.59,50.0,0.57,5.0,0.73,5.0,0.74,18.5,0.14,0.14,0.093505,1776218903000
1776218905.355,205.355,0.27,5.0,0.26,18.5,0.41,50.0,0.43,5.0,0.59,50.0,0.57,5.0,0.73,5.0,0.74,18.5,0.14,0.14,0.093505,1776218904000
1776218905.859,205.859,0.27,5.0,0.26,18.5,0.41,50.0,0.43,5.0,0.59,50.0,0.57,5.0,0.73,5.0,0.74,18.5,0.14,0.14,0.093504,1776218905000
1776218907.641,207.641,0.27,5.0,0.26,18.5,0.41,50.0,0.43,5.0,0.59,50.0,0.57,5.0,0.73,5.0,0.74,18.5,0.14,0.14,0.093504,1776218906000
1776218908.291,208.291,0.27,5.0,0.26,18.5,0.41,50.0,0.43,5.0,0.59,50.0,0.57,5.0,0.73,5.0,0.74,18.5,0.14,0.14,0.093504,1776218907000
1776218909.459,209.459,0.27,5.0,0.26,18.5,0.41,50.0,0.43,5.0,0.59,50.0,0.57,5.0,0.73,5.0,0.74,18.5,0.14,0.14,0.093504,1776218908000
1776218910.055,210.055,0.27,5.0,0.26,18.5,0.41,50.0,0.43,5.0,0.59,50.0,0.57,5.0,0.73,5.0,0.74,18.5,0.14,0.14,0.093504,1776218909000
1776218911.562,211.562,0.27,5.0,0.26,18.5,0.41,50.0,0.43,5.0,0.59,50.0,0.57,5.0,0.73,5.0,0.74,18.5,0.14,0.14,0.093505,1776218910000
1776218912.138,212.138,0.27,5.0,0.26,18.5,0.41,50.0,0.43,5.0,0.59,50.0,0.57,5.0,0.73,5.0,0.74,18.5,0.14,0.14,0.093505,1776218911000
1776218913.699,213.699,0.27,5.0,0.26,18.5,0.41,50.0,0.43,5.0,0.59,50.0,0.57,5.0,0.73,5.0,0.74,18.5,0.14,0.14,0.093505,1776218912000
1776218914.396,214.396,0.27,5.0,0.26,18.5,0.41,50.0,0.43,5.0,0.59,50.0,0.57,5.0,0.73,5.0,0.74,18.5,0.14,0.14,0.093505,1776218913000
1776218915.124,215.124,0.27,5.0,0.26,18.5,0.41,50.0,0.43,5.0,0.59,50.0,0.57,5.0,0.73,5.0,0.74,18.5,0.14,0.14,0.093505,1776218914000
1776218916.449,216.449,0.27,5.0,0.26,18.5,0.41,50.0,0.43,5.0,0.59,50.0,0.57,5.0,0.73,5.0,0.74,18.5,0.14,0.14,0.093505,1776218915000
1776218917.075,217.075,0.15,16.89,0.14,26.6,0.31,50.0,0.38,11.0,0.69,50.0,0.62,11.0,0.85,16.89,0.86,26.6,0.16,0.16,0.093505,1776218916000
1776218918.393,218.393,0.15,16.89,0.14,26.6,0.31,50.0,0.38,11.0,0.69,50.0,0.62,11.0,0.85,16.89,0.86,26.6,0.16,0.16,0.093494,1776218917000
1776218919.09,219.09,0.15,16.89,0.14,26.6,0.31,50.0,0.38,11.0,0.69,50.0,0.62,11.0,0.85,16.89,0.86,26.6,0.16,0.16,0.093487,1776218918000
1776218920.276,220.276,0.15,16.89,0.14,26.6,0.31,50.0,0.38,11.0,0.69,50.0,0.62,11.0,0.85,16.89,0.86,26.6,0.16,0.16,0.093485,1776218919000
1776218921.493,221.493,0.15,16.89,0.14,26.6,0.31,50.0,0.38,11.0,0.69,50.0,0.62,11.0,0.85,16.89,0.86,26.6,0.16,0.16,0.093506,1776218920000
1776218922.259,222.259,0.15,16.89,0.14,26.6,0.31,50.0,0.38,11.0,0.69,50.0,0.62,11.0,0.85,16.89,0.86,26.6,0.16,0.16,0.093509,1776218921000
1776218923.415,223.415,0.15,16.89,0.14,26.6,0.31,50.0,0.38,11.0,0.69,50.0,0.62,11.0,0.85,16.89,0.86,26.6,0.16,0.16,0.093508,1776218922000
1776218924.33,224.33,0.15,16.89,0.14,26.6,0.31,50.0,0.38,11.0,0.69,50.0,0.62,11.0,0.85,16.89,0.86,26.6,0.16,0.16,0.093508,1776218923000
1776218924.932,224.932,0.15,16.89,0.14,26.6,0.31,50.0,0.38,11.0,0.69,50.0,0.62,11.0,0.85,16.89,0.86,26.6,0.16,0.16,0.093509,1776218924000
1776218926.114,226.114,0.15,16.89,0.14,26.6,0.31,50.0,0.38,11.0,0.69,50.0,0.62,11.0,0.85,16.89,0.86,26.6,0.16,0.16,0.093512,1776218925000
1776218927.127,227.127,0.15,16.89,0.14,26.6,0.31,50.0,0.38,11.0,0.69,50.0,0.62,11.0,0.85,16.89,0.86,26.6,0.16,0.16,0.093515,1776218926000
1776218928.199,228.199,0.15,16.89,0.14,26.6,0.31,50.0,0.38,11.0,0.69,50.0,0.62,11.0,0.85,16.89,0.86,26.6,0.16,0.16,0.093517,1776218927000
1776218929.29,229.29,0.15,16.89,0.14,26.6,0.31,50.0,0.38,11.0,0.69,50.0,0.62,11.0,0.85,16.89,0.86,26.6,0.16,0.16,0.093517,1776218928000
1776218929.896,229.896,0.15,16.89,0.14,26.6,0.31,50.0,0.38,11.0,0.69,50.0,0.62,11.0,0.85,16.89,0.86,26.6,0.16,0.16,0.093517,1776218929000
1776218930.967,230.967,0.15,16.89,0.14,26.6,0.31,50.0,0.38,11.0,0.69,50.0,0.62,11.0,0.85,16.89,0.86,26.6,0.16,0.16,0.093517,1776218930000
1776218932.07,232.07,0.15,16.89,0.14,26.6,0.31,50.0,0.38,11.0,0.69,50.0,0.62,11.0,0.85,16.89,0.86,26.6,0.16,0.16,0.093517,1776218931000
1776218933.153,233.153,0.15,16.89,0.14,26.6,0.31,50.0,0.38,11.0,0.69,50.0,0.62,11.0,0.85,16.89,0.86,26.6,0.16,0.16,0.093526,1776218932000
1776218934.298,234.298,0.15,16.89,0.14,26.6,0.31,50.0,0.38,11.0,0.69,50.0,0.62,11.0,0.85,16.89,0.86,26.6,0.16,0.16,0.093511,1776218933000
1776218935.404,235.404,0.15,16.89,0.14,26.6,0.31,50.0,0.38,11.0,0.69,50.0,0.62,11.0,0.85,16.89,0.86,26.6,0.16,0.16,0.093507,1776218934000
1776218935.888,235.888,0.15,16.89,0.14,26.6,0.31,50.0,0.38,11.0,0.69,50.0,0.62,11.0,0.85,16.89,0.86,26.6,0.16,0.16,0.09351,1776218935000
1776218936.999,236.999,0.15,16.89,0.14,26.6,0.31,50.0,0.38,11.0,0.69,50.0,0.62,11.0,0.85,16.89,0.86,26.6,0.16,0.16,0.093509,1776218936000
1776218939.335,239.335,0.15,16.89,0.14,26.6,0.31,50.0,0.38,11.0,0.69,50.0,0.62,11.0,0.85,16.89,0.86,26.6,0.16,0.16,0.093509,1776218937000
1776218940.348,240.348,0.15,16.89,0.14,26.6,0.31,50.0,0.38,11.0,0.69,50.0,0.62,11.0,0.85,16.89,0.86,26.6,0.16,0.16,0.093511,1776218938000
1776218941.191,241.191,0.15,16.89,0.14,26.6,0.31,50.0,0.38,11.0,0.69,50.0,0.62,11.0,0.85,16.89,0.86,26.6,0.16,0.16,0.093509,1776218939000
1776218942.223,242.223,0.15,16.89,0.14,26.6,0.31,50.0,0.38,11.0,0.69,50.0,0.62,11.0,0.85,16.89,0.86,26.6,0.16,0.16,0.093506,1776218940000
1776218943.278,243.278,0.15,16.89,0.14,26.6,0.31,50.0,0.38,11.0,0.69,50.0,0.62,11.0,0.85,16.89,0.86,26.6,0.16,0.16,0.093504,1776218941000
1776218944.278,244.278,0.15,16.89,0.14,26.6,0.31,50.0,0.38,11.0,0.69,50.0,0.62,11.0,0.85,16.89,0.86,26.6,0.16,0.16,0.093504,1776218942000
1776218945.23,245.23,0.15,16.89,0.14,26.6,0.31,50.0,0.38,11.0,0.69,50.0,0.62,11.0,0.85,16.89,0.86,26.6,0.16,0.16,0.093504,1776218943000
1776218946.146,246.146,0.15,16.89,0.14,26.6,0.31,50.0,0.38,11.0,0.69,50.0,0.62,11.0,0.85,16.89,0.86,26.6,0.16,0.16,0.0935,1776218944000
1776218947.08,247.08,0.15,16.89,0.14,26.6,0.31,50.0,0.38,11.0,0.69,50.0,0.62,11.0,0.85,16.89,0.86,26.6,0.16,0.16,0.093499,1776218945000
1776218948.136,248.136,0.15,16.89,0.14,26.6,0.31,50.0,0.38,11.0,0.69,50.0,0.62,11.0,0.85,16.89,0.86,26.6,0.16,0.16,0.093501,1776218946000
1776218949.119,249.119,0.15,16.89,0.14,26.6,0.31,50.0,0.38,11.0,0.69,50.0,0.62,11.0,0.85,16.89,0.86,26.6,0.16,0.16,0.0935,1776218947000
1776218950.188,250.188,0.15,16.89,0.14,26.6,0.31,50.0,0.38,11.0,0.69,50.0,0.62,11.0,0.85,16.89,0.86,26.6,0.16,0.16,0.093496,1776218948000
1776218951.084,251.084,0.15,16.89,0.14,26.6,0.31,50.0,0.38,11.0,0.69,50.0,0.62,11.0,0.85,16.89,0.86,26.6,0.16,0.16,0.093496,1776218949000
1776218951.883,251.883,0.15,16.89,0.14,26.6,0.31,50.0,0.38,11.0,0.69,50.0,0.62,11.0,0.85,16.89,0.86,26.6,0.16,0.16,0.093495,1776218950000
1776218952.629,252.629,0.15,16.89,0.14,26.6,0.31,50.0,0.38,11.0,0.69,50.0,0.62,11.0,0.85,16.89,0.86,26.6,0.16,0.16,0.093492,1776218951000
1776218953.225,253.225,0.15,16.89,0.14,26.6,0.31,50.0,0.38,11.0,0.69,50.0,0.62,11.0,0.85,16.89,0.86,26.6,0.16,0.16,0.093491,1776218952000
1776218954.874,254.874,0.15,16.89,0.14,26.6,0.31,50.0,0.38,11.0,0.69,50.0,0.62,11.0,0.85,16.89,0.86,26.6,0.16,0.16,0.093488,1776218953000
1776218955.452,255.452,0.15,16.89,0.14,26.6,0.31,50.0,0.38,11.0,0.69,50.0,0.62,11.0,0.85,16.89,0.86,26.6,0.16,0.16,0.093488,1776218954000
1776218955.662,255.662,0.11,25.47,0.1,28.9,0.22,15.2,0.23,14.7,0.69,50.0,0.62,11.0,0.85,16.89,0.86,26.6,0.11,0.16,0.093488,1776218954000
1776218956.309,256.309,0.11,25.47,0.1,28.9,0.22,15.2,0.23,14.7,0.78,15.2,0.77,14.7,0.89,25.47,0.9,28.9,0.11,0.11,0.09349,1776218955000
1776218957.515,257.515,0.11,25.47,0.1,28.9,0.22,15.2,0.23,14.7,0.78,15.2,0.77,14.7,0.89,25.47,0.9,28.9,0.11,0.11,0.09349,1776218956000
1776218958.334,258.334,0.11,25.47,0.1,28.9,0.22,15.2,0.23,14.7,0.78,15.2,0.77,14.7,0.89,25.47,0.9,28.9,0.11,0.11,0.09349,1776218957000
1776218959.049,259.049,0.11,25.47,0.1,28.9,0.22,15.2,0.23,14.7,0.78,15.2,0.77,14.7,0.89,25.47,0.9,28.9,0.11,0.11,0.093482,1776218958000
1776218960.874,260.874,0.11,25.47,0.1,28.9,0.22,15.2,0.23,14.7,0.78,15.2,0.77,14.7,0.89,25.47,0.9,28.9,0.11,0.11,0.093475,1776218959000
1776218961.498,261.498,0.11,25.47,0.1,28.9,0.22,15.2,0.23,14.7,0.78,15.2,0.77,14.7,0.89,25.47,0.9,28.9,0.11,0.11,0.093475,1776218960000
1776218961.919,261.919,0.05,15.0,0.04,72.7,0.06,5.0,0.11,26.6,0.78,15.2,0.77,14.7,0.89,25.47,0.9,28.9,0.01,0.11,0.093475,1776218960000
1776218962.363,262.363,0.04,72.7,0.03,89.3,0.06,5.0,0.1,28.9,0.94,5.0,0.89,26.6,0.95,15.0,0.96,72.7,0.02,0.01,0.093477,1776218961000
1776218963.296,263.296,0.04,72.7,0.03,89.3,0.06,5.0,0.1,28.9,0.94,5.0,0.9,28.9,0.96,72.7,0.97,89.3,0.02,0.02,0.093476,1776218962000
1776218964.493,264.493,0.04,72.7,0.03,89.3,0.06,5.0,0.1,28.9,0.94,5.0,0.9,28.9,0.96,72.7,0.97,89.3,0.02,0.02,0.093476,1776218963000
1776218965.008,265.008,0.04,72.7,0.03,89.3,0.06,5.0,0.1,28.9,0.94,5.0,0.9,28.9,0.96,72.7,0.97,89.3,0.02,0.02,0.093476,1776218964000
1776218966.162,266.162,0.04,72.7,0.03,89.3,0.06,5.0,0.1,28.9,0.94,5.0,0.9,28.9,0.96,72.7,0.97,89.3,0.02,0.02,0.093476,1776218965000
1776218966.514,266.514,0.02,147.48,0.01,537.6,0.06,5.0,0.07,39.9,0.94,5.0,0.9,28.9,0.96,72.7,0.97,89.3,0.04,0.02,0.093476,1776218965000
1776218967.328,267.328,0.02,147.48,0.01,537.6,0.06,5.0,0.07,39.9,0.94,5.0,0.93,39.9,0.98,147.48,0.99,537.6,0.04,0.04,0.093476,1776218966000
1776218968.489,268.489,0.02,147.48,0.01,537.6,0.06,5.0,0.07,39.9,0.94,5.0,0.93,39.9,0.98,147.48,0.99,537.6,0.04,0.04,0.093463,1776218967000
1776218968.984,268.984,0.02,147.48,0.01,537.6,0.06,5.0,0.07,39.9,0.94,5.0,0.93,39.9,0.98,147.48,0.99,537.6,0.04,0.04,0.093459,1776218968000
1776218970.145,270.145,0.02,147.48,0.01,537.6,0.06,5.0,0.07,39.9,0.94,5.0,0.93,39.9,0.98,147.48,0.99,537.6,0.04,0.04,0.093461,1776218969000
1776218971.145,271.145,0.02,13.76,0.01,437.6,0.04,72.7,0.05,54.7,0.94,5.0,0.93,39.9,0.98,147.48,0.99,537.6,0.02,0.04,0.093461,1776218969000
1776218971.523,271.523,0.02,12.73,0.01,437.6,0.03,89.3,0.04,72.7,0.96,72.7,0.95,54.7,0.98,13.76,0.99,437.6,0.01,0.02,0.093461,1776218970000
1776218972.351,272.351,0.01,424.38,,,0.03,89.3,0.04,72.7,0.97,89.3,0.96,72.7,0.98,6.78,0.99,437.6,0.02,0.01,0.093461,1776218970000
1776218972.868,272.868,0.01,424.38,,,0.03,89.3,0.04,72.7,0.97,89.3,0.96,72.7,0.99,424.38,,,0.02,0.02,0.093458,1776218971000
1776218973.416,273.416,0.01,424.38,,,0.03,89.3,0.04,72.7,0.97,89.3,0.96,72.7,0.99,424.38,,,0.02,0.02,0.093451,1776218972000
1776218974.08,274.08,0.01,424.38,,,0.03,89.3,0.04,72.7,0.97,89.3,0.96,72.7,0.99,424.38,,,0.02,0.02,0.093451,1776218973000
1776218975.157,275.157,0.01,424.38,,,0.03,89.3,0.04,72.7,0.97,89.3,0.96,72.7,0.99,424.38,,,0.02,0.02,0.093452,1776218974000
1776218976.472,276.472,0.01,160.76,,,0.02,5.0,0.04,5.0,0.98,5.0,0.96,5.0,0.99,160.76,,,0.01,0.01,0.093449,1776218975000
1776218976.921,276.921,0.01,160.76,,,0.02,5.0,0.04,5.0,0.98,5.0,0.96,5.0,0.99,160.76,,,0.01,0.01,0.093449,1776218976000
1776218978.06,278.06,0.01,160.76,,,0.02,5.0,0.04,5.0,0.98,5.0,0.96,5.0,0.99,160.76,,,0.01,0.01,0.093449,1776218977000
1776218979.351,279.351,0.01,160.76,,,0.02,5.0,0.04,5.0,0.98,5.0,0.96,5.0,0.99,160.76,,,0.01,0.01,0.093447,1776218978000
1776218979.99,279.99,0.01,160.76,,,0.02,5.0,0.04,5.0,0.98,5.0,0.96,5.0,0.99,160.76,,,0.01,0.01,0.093446,1776218979000
1776218980.402,280.402,0.01,79.74,,,0.02,5.0,0.04,5.0,0.98,5.0,0.96,5.0,0.99,160.76,,,0.01,0.01,0.093446,1776218979000
1776218981.124,281.124,0.01,78.72,,,0.02,5.0,0.04,5.0,0.98,5.0,0.96,5.0,0.99,78.72,,,0.01,0.01,0.093447,1776218980000
1776218982.218,282.218,0.01,78.72,,,0.02,5.0,0.04,5.0,0.98,5.0,0.96,5.0,0.99,78.72,,,0.01,0.01,0.093449,1776218981000
1776218983.404,283.404,0.01,78.72,,,0.02,5.0,0.04,5.0,0.98,5.0,0.96,5.0,0.99,78.72,,,0.01,0.01,0.093449,1776218982000
1776218984.014,284.014,0.01,78.72,,,0.02,5.0,0.04,5.0,0.98,5.0,0.96,5.0,0.99,78.72,,,0.01,0.01,0.09345,1776218983000
1776218984.469,284.469,0.01,53.72,,,0.02,5.0,0.04,5.0,0.98,5.0,0.96,5.0,0.99,66.72,,,0.01,0.01,0.09345,1776218983000
1776218985.125,285.125,0.01,50.5,,,0.02,5.0,0.04,5.0,0.98,5.0,0.96,5.0,0.99,53.72,,,0.01,0.01,0.09345,1776218983000
1776218985.468,285.468,0.01,45.5,,,0.02,5.0,0.04,5.0,0.98,5.0,0.96,5.0,0.99,50.5,,,0.01,0.01,0.09345,1776218984000
1776218986.449,286.449,0.01,44.48,,,0.02,5.0,0.04,5.0,0.98,5.0,0.96,5.0,0.99,44.48,,,0.01,0.01,0.09345,1776218985000
1776218987.071,287.071,0.01,44.48,,,0.02,5.0,0.04,5.0,0.98,5.0,0.96,5.0,0.99,44.48,,,0.01,0.01,0.093466,1776218986000
1776218988.252,288.252,0.01,44.48,,,0.02,5.0,0.04,5.0,0.98,5.0,0.96,5.0,0.99,44.48,,,0.01,0.01,0.093467,1776218987000
1776218989.332,289.332,0.01,44.48,,,0.02,5.0,0.04,5.0,0.98,5.0,0.96,5.0,0.99,44.48,,,0.01,0.01,0.093469,1776218988000
1776218989.992,289.992,0.01,44.48,,,0.02,5.0,0.04,5.0,0.98,5.0,0.96,5.0,0.99,44.48,,,0.01,0.01,0.093469,1776218989000
1776218991.001,291.001,,,,,0.01,956.54,0.02,5.0,0.98,5.0,0.96,5.0,0.99,43.46,,,,0.01,0.093469,1776218989000
1776218991.346,291.346,,,,,0.01,1898.67,0.02,5.0,0.99,1903.54,0.98,5.0,,,,,,,0.093469,1776218989000
1776218991.645,291.645,,,,,0.01,1798.67,0.02,5.0,0.99,1898.67,0.98,5.0,,,,,,,0.093469,1776218989000
1776218991.878,291.878,,,,,0.01,1798.67,0.02,5.0,0.99,1798.67,0.98,5.0,,,,,,,0.093465,1776218990000
1776218992.379,292.379,,,,,0.01,1798.67,0.02,5.0,0.99,1798.67,0.98,5.0,,,,,,,0.093464,1776218991000
1776218992.852,292.852,,,,,0.01,1798.67,0.02,5.0,0.99,1798.67,0.98,5.0,,,,,,,0.093454,1776218992000
1776218993.768,293.768,,,,,0.01,1798.67,0.02,5.0,0.99,1798.67,0.98,5.0,,,,,,,0.09345,1776218993000
1776218994.839,294.839,,,,,0.01,1798.67,0.02,5.0,0.99,1798.67,0.98,5.0,,,,,,,0.09345,1776218994000
1776218996.258,296.258,,,,,0.01,1798.67,0.02,5.0,0.99,1798.67,0.98,5.0,,,,,,,0.09345,1776218995000
1776218997.289,297.289,,,,,0.01,1798.67,0.02,5.0,0.99,1798.67,0.98,5.0,,,,,,,0.093449,1776218996000
1776218998.31,298.31,,,,,0.01,1798.67,0.02,5.0,0.99,1798.67,0.98,5.0,,,,,,,0.09345,1776218997000
1776218999.202,299.202,,,,,0.01,1798.67,0.02,5.0,0.99,1798.67,0.98,5.0,,,,,,,0.09345,1776218998000
1776219000.171,300.171,,,,,0.01,1798.67,0.02,5.0,0.99,1798.67,0.98,5.0,,,,,,,0.093451,1776218999000
1776219001.137,301.137,,,,,0.01,1798.67,0.02,5.0,0.99,1798.67,0.98,5.0,,,,,,,0.093454,1776219000000
1776219002.11,302.11,,,,,0.01,1798.67,0.02,5.0,0.99,1798.67,0.98,5.0,,,,,,,0.093461,1776219001000

# RESULT,winner=Down,slug=doge-updown-5m-1776218700,ticks=320
