timestamp,elapsed_sec,up_bid_p1,up_bid_s1,up_bid_p2,up_bid_s2,up_ask_p1,up_ask_s1,up_ask_p2,up_ask_s2,down_bid_p1,down_bid_s1,down_bid_p2,down_bid_s2,down_ask_p1,down_ask_s1,down_ask_p2,down_ask_s2,up_spread,down_spread,doge_price,doge_oracle_ts
1776231601.473,1.473,0.52,11.93,0.47,21.0,0.53,21.0,0.54,21.0,0.47,21.0,0.46,21.0,0.48,11.93,0.53,21.0,0.01,0.01,0.093263,1776231600000
1776231601.757,1.757,0.52,11.93,0.47,21.0,0.53,21.0,0.54,21.0,0.47,21.0,0.46,21.0,0.48,11.93,0.53,21.0,0.01,0.01,0.093263,1776231600000
1776231602.899,2.899,0.52,11.93,0.47,21.0,0.53,21.0,0.54,21.0,0.47,21.0,0.46,21.0,0.48,11.93,0.53,21.0,0.01,0.01,0.093261,1776231602000
1776231603.814,3.814,0.52,11.93,0.47,21.0,0.53,21.0,0.54,21.0,0.47,21.0,0.46,21.0,0.48,11.93,0.53,21.0,0.01,0.01,0.093258,1776231603000
1776231605.876,5.876,0.52,11.93,0.47,21.0,0.53,22.0,0.54,21.0,0.47,22.0,0.46,21.0,0.48,11.93,0.53,21.0,0.01,0.01,0.093263,1776231604000
1776231606.396,6.396,0.52,11.93,0.47,21.0,0.53,22.0,0.54,21.0,0.47,22.0,0.46,21.0,0.48,11.93,0.53,21.0,0.01,0.01,0.093264,1776231605000
1776231607.0,7.0,0.52,11.93,0.47,21.0,0.53,22.0,0.54,21.0,0.47,22.0,0.46,21.0,0.48,11.93,0.53,21.0,0.01,0.01,0.093264,1776231606000
1776231608.109,8.109,0.52,11.93,0.47,21.0,0.53,22.0,0.54,21.0,0.47,22.0,0.46,21.0,0.48,11.93,0.53,21.0,0.01,0.01,0.093262,1776231607000
1776231609.251,9.251,0.52,11.93,0.47,21.0,0.53,22.0,0.54,21.0,0.47,22.0,0.46,21.0,0.48,11.93,0.53,21.0,0.01,0.01,0.093261,1776231608000
1776231610.198,10.198,0.52,11.93,0.47,21.0,0.53,22.0,0.54,21.0,0.47,22.0,0.46,21.0,0.48,11.93,0.53,21.0,0.01,0.01,0.093261,1776231609000
1776231611.282,11.282,0.52,11.93,0.47,21.0,0.53,22.0,0.54,21.0,0.47,22.0,0.46,21.0,0.48,11.93,0.53,21.0,0.01,0.01,0.093261,1776231610000
1776231611.693,11.693,0.47,20.69,0.46,31.0,0.53,55.0,0.54,21.0,0.47,36.0,0.46,21.0,0.48,1.93,0.53,21.0,0.06,0.01,0.093261,1776231610000
1776231611.989,11.989,0.47,15.69,0.46,31.0,0.5,6.0,0.51,80.0,0.47,55.0,0.46,21.0,0.53,20.69,0.54,31.0,0.03,0.06,0.093261,1776231610000
1776231612.293,12.293,0.47,15.69,0.46,31.0,0.5,6.0,0.51,80.0,0.5,6.0,0.49,80.0,0.53,15.69,0.54,31.0,0.03,0.03,0.093261,1776231611000
1776231612.793,12.793,0.47,10.69,0.46,31.0,0.48,5.0,0.5,6.0,0.5,6.0,0.49,80.0,0.53,15.69,0.54,31.0,0.01,0.03,0.093261,1776231611000
1776231613.879,13.879,0.47,10.69,0.46,31.0,0.48,5.0,0.5,6.0,0.52,5.0,0.5,6.0,0.53,10.69,0.54,31.0,0.01,0.01,0.09323,1776231613000
1776231614.999,14.999,0.47,10.69,0.46,31.0,0.48,5.0,0.5,6.0,0.52,5.0,0.5,6.0,0.53,10.69,0.54,31.0,0.01,0.01,0.093228,1776231614000
1776231616.114,16.114,0.47,10.69,0.46,31.0,0.48,5.0,0.5,6.0,0.52,5.0,0.5,6.0,0.53,10.69,0.54,31.0,0.01,0.01,0.09323,1776231615000
1776231617.075,17.075,0.47,10.69,0.46,31.0,0.48,5.0,0.5,6.0,0.52,5.0,0.5,6.0,0.53,10.69,0.54,31.0,0.01,0.01,0.09323,1776231616000
1776231618.121,18.121,0.47,10.69,0.46,31.0,0.48,5.0,0.5,6.0,0.52,5.0,0.5,6.0,0.53,10.69,0.54,31.0,0.01,0.01,0.093233,1776231617000
1776231619.635,19.635,0.47,10.69,0.46,31.0,0.48,5.0,0.5,6.0,0.52,5.0,0.5,6.0,0.53,10.69,0.54,31.0,0.01,0.01,0.093243,1776231618000
1776231620.183,20.183,0.47,10.69,0.46,31.0,0.48,5.0,0.5,6.0,0.52,5.0,0.5,6.0,0.53,10.69,0.54,31.0,0.01,0.01,0.093245,1776231619000
1776231620.468,20.468,0.46,21.0,0.45,15.0,0.48,31.0,0.5,5.0,0.52,5.0,0.5,6.0,0.53,10.69,0.54,31.0,0.02,0.01,0.093245,1776231619000
1776231621.161,21.161,0.46,21.0,0.45,15.0,0.48,31.0,0.5,5.0,0.52,31.0,0.5,5.0,0.54,21.0,0.55,15.0,0.02,0.02,0.093246,1776231620000
1776231622.219,22.219,0.46,21.0,0.45,15.0,0.48,31.0,0.5,5.0,0.52,31.0,0.5,5.0,0.54,21.0,0.55,15.0,0.02,0.02,0.093246,1776231621000
1776231623.207,23.207,0.46,21.0,0.45,15.0,0.48,31.0,0.5,5.0,0.52,31.0,0.5,5.0,0.54,21.0,0.55,15.0,0.02,0.02,0.093245,1776231622000
1776231624.201,24.201,0.46,21.0,0.45,15.0,0.48,31.0,0.5,5.0,0.52,31.0,0.5,5.0,0.54,21.0,0.55,15.0,0.02,0.02,0.093241,1776231623000
1776231624.583,24.583,0.46,7.88,0.45,5.0,0.47,35.0,0.51,50.0,0.53,11.0,0.52,25.0,0.54,12.88,0.55,5.0,0.01,0.01,0.093241,1776231623000
1776231625.247,25.247,0.46,2.78,0.45,5.0,0.47,35.0,0.51,50.0,0.53,35.0,0.49,50.0,0.54,2.78,0.55,5.0,0.01,0.01,0.093246,1776231624000
1776231626.14,26.14,0.46,2.78,0.45,5.0,0.47,35.0,0.51,50.0,0.53,35.0,0.49,50.0,0.54,2.78,0.55,5.0,0.01,0.01,0.093227,1776231625000
1776231627.173,27.173,0.46,2.78,0.45,5.0,0.47,35.0,0.51,50.0,0.53,35.0,0.49,50.0,0.54,2.78,0.55,5.0,0.01,0.01,0.09323,1776231626000
1776231628.17,28.17,0.46,2.78,0.45,5.0,0.47,35.0,0.51,50.0,0.53,35.0,0.49,50.0,0.54,2.78,0.55,5.0,0.01,0.01,0.093229,1776231627000
1776231629.116,29.116,0.46,2.78,0.45,5.0,0.47,35.0,0.51,50.0,0.53,35.0,0.49,50.0,0.54,2.78,0.55,5.0,0.01,0.01,0.093229,1776231628000
1776231630.117,30.117,0.46,2.78,0.45,5.0,0.47,35.0,0.51,50.0,0.53,35.0,0.49,50.0,0.54,2.78,0.55,5.0,0.01,0.01,0.093228,1776231629000
1776231631.058,31.058,0.46,2.78,0.45,5.0,0.47,35.0,0.51,50.0,0.53,35.0,0.49,50.0,0.54,2.78,0.55,5.0,0.01,0.01,0.093229,1776231630000
1776231632.61,32.61,0.46,2.78,0.45,5.0,0.47,35.0,0.51,50.0,0.53,35.0,0.49,50.0,0.54,2.78,0.55,5.0,0.01,0.01,0.093224,1776231631000
1776231633.05,33.05,0.46,2.78,0.45,5.0,0.47,35.0,0.51,50.0,0.53,35.0,0.49,50.0,0.54,2.78,0.55,5.0,0.01,0.01,0.093224,1776231632000
1776231634.116,34.116,0.45,2.78,0.32,11.0,0.47,40.0,0.49,10.0,0.53,40.0,0.51,10.0,0.55,2.78,0.68,11.0,0.02,0.02,0.093224,1776231633000
1776231634.688,34.688,0.32,11.0,0.29,11.0,0.41,47.22,0.46,38.0,0.53,40.0,0.51,10.0,0.55,2.78,0.68,11.0,0.09,0.02,0.093224,1776231633000
1776231635.086,35.086,0.32,11.0,0.29,11.0,0.41,47.22,0.46,38.0,0.59,47.22,0.54,38.0,0.68,11.0,0.71,11.0,0.09,0.09,0.093218,1776231634000
1776231636.072,36.072,0.32,11.0,0.29,11.0,0.41,47.22,0.46,38.0,0.59,47.22,0.54,38.0,0.68,11.0,0.71,11.0,0.09,0.09,0.093209,1776231635000
1776231636.374,36.374,0.32,5.5,0.29,11.0,0.33,5.0,0.35,10.0,0.59,47.22,0.54,38.0,0.68,11.0,0.71,11.0,0.01,0.09,0.093209,1776231635000
1776231636.982,36.982,0.32,5.5,0.29,11.0,0.33,5.0,0.35,10.0,0.67,5.0,0.65,10.0,0.68,5.5,0.71,11.0,0.01,0.01,0.093199,1776231636000
1776231638.022,38.022,0.19,5.0,0.12,24.6,0.31,5.0,0.35,10.0,0.69,5.0,0.65,10.0,0.81,5.0,0.88,24.6,0.12,0.12,0.093198,1776231637000
1776231638.987,38.987,0.19,5.0,0.12,24.6,0.31,5.0,0.35,10.0,0.69,5.0,0.65,10.0,0.81,5.0,0.88,24.6,0.12,0.12,0.093198,1776231638000
1776231640.023,40.023,0.19,5.0,0.12,24.6,0.31,5.0,0.35,10.0,0.69,5.0,0.65,10.0,0.81,5.0,0.88,24.6,0.12,0.12,0.093198,1776231639000
1776231641.005,41.005,0.19,5.0,0.12,24.6,0.31,5.0,0.35,10.0,0.69,5.0,0.65,10.0,0.81,5.0,0.88,24.6,0.12,0.12,0.09319,1776231640000
1776231641.989,41.989,0.19,5.0,0.12,24.6,0.31,5.0,0.35,10.0,0.69,5.0,0.65,10.0,0.81,5.0,0.88,24.6,0.12,0.12,0.093185,1776231641000
1776231642.93,42.93,0.19,5.0,0.12,24.6,0.31,5.0,0.35,10.0,0.69,5.0,0.65,10.0,0.81,5.0,0.88,24.6,0.12,0.12,0.093184,1776231642000
1776231643.987,43.987,0.19,5.0,0.12,24.6,0.31,5.0,0.35,10.0,0.69,5.0,0.65,10.0,0.81,5.0,0.88,24.6,0.12,0.12,0.093186,1776231643000
1776231645.471,45.471,0.19,5.0,0.12,24.6,0.31,5.0,0.35,10.0,0.69,5.0,0.65,10.0,0.81,5.0,0.88,24.6,0.12,0.12,0.093186,1776231644000
1776231646.162,46.162,0.19,5.0,0.12,24.6,0.31,5.0,0.35,10.0,0.69,5.0,0.65,10.0,0.81,5.0,0.88,24.6,0.12,0.12,0.093186,1776231645000
1776231647.54,47.54,0.19,5.0,0.12,24.6,0.31,5.0,0.35,10.0,0.69,5.0,0.65,10.0,0.81,5.0,0.88,24.6,0.12,0.12,0.093192,1776231646000
1776231648.257,48.257,0.19,5.0,0.12,24.6,0.31,5.0,0.35,10.0,0.69,5.0,0.65,10.0,0.81,5.0,0.88,24.6,0.12,0.12,0.093192,1776231647000
1776231649.526,49.526,0.19,5.0,0.12,24.6,0.31,5.0,0.35,10.0,0.69,5.0,0.65,10.0,0.81,5.0,0.88,24.6,0.12,0.12,0.09318,1776231648000
1776231649.966,49.966,0.19,5.0,0.12,24.6,0.31,5.0,0.35,10.0,0.69,5.0,0.65,10.0,0.81,5.0,0.88,24.6,0.12,0.12,0.09318,1776231649000
1776231651.221,51.221,0.19,5.0,0.12,24.6,0.31,5.0,0.35,10.0,0.69,5.0,0.65,10.0,0.81,5.0,0.88,24.6,0.12,0.12,0.093177,1776231650000
1776231652.584,52.584,0.19,5.0,0.12,24.6,0.31,5.0,0.35,10.0,0.69,5.0,0.65,10.0,0.81,5.0,0.88,24.6,0.12,0.12,0.093171,1776231651000
1776231653.177,53.177,0.19,5.0,0.12,24.6,0.31,5.0,0.35,10.0,0.69,5.0,0.65,10.0,0.81,5.0,0.88,24.6,0.12,0.12,0.093197,1776231652000
1776231654.368,54.368,0.19,5.0,0.12,24.6,0.31,5.0,0.35,10.0,0.69,5.0,0.65,10.0,0.81,5.0,0.88,24.6,0.12,0.12,0.093199,1776231653000
1776231654.972,54.972,0.19,5.0,0.12,24.6,0.31,5.0,0.35,10.0,0.69,5.0,0.65,10.0,0.81,5.0,0.88,24.6,0.12,0.12,0.093199,1776231654000
1776231656.16,56.16,0.19,5.0,0.12,24.6,0.31,5.0,0.35,10.0,0.69,5.0,0.65,10.0,0.81,5.0,0.88,24.6,0.12,0.12,0.093197,1776231655000
1776231657.277,57.277,0.19,5.0,0.12,24.6,0.31,5.0,0.35,10.0,0.69,5.0,0.65,10.0,0.81,5.0,0.88,24.6,0.12,0.12,0.093197,1776231656000
1776231658.362,58.362,0.19,5.0,0.12,24.6,0.31,5.0,0.35,10.0,0.69,5.0,0.65,10.0,0.81,5.0,0.88,24.6,0.12,0.12,0.093201,1776231657000
1776231658.872,58.872,0.19,5.0,0.12,24.6,0.31,5.0,0.35,10.0,0.69,5.0,0.65,10.0,0.81,5.0,0.88,24.6,0.12,0.12,0.093204,1776231658000
1776231660.042,60.042,0.19,5.0,0.12,24.6,0.31,5.0,0.35,10.0,0.69,5.0,0.65,10.0,0.81,5.0,0.88,24.6,0.12,0.12,0.093204,1776231659000
1776231660.762,60.762,0.24,12.88,0.23,14.7,0.33,6.0,0.34,5.0,0.69,5.0,0.65,10.0,0.81,5.0,0.88,24.6,0.09,0.12,0.093204,1776231659000
1776231661.953,61.953,0.24,12.88,0.23,14.7,0.33,6.0,0.34,5.0,0.67,6.0,0.66,5.0,0.76,12.88,0.77,14.7,0.09,0.09,0.093199,1776231661000
1776231662.985,62.985,0.24,12.88,0.23,14.7,0.33,6.0,0.34,5.0,0.67,6.0,0.66,5.0,0.76,12.88,0.77,14.7,0.09,0.09,0.093202,1776231662000
1776231663.988,63.988,0.24,12.88,0.23,14.7,0.33,6.0,0.34,5.0,0.67,6.0,0.66,5.0,0.76,12.88,0.77,14.7,0.09,0.09,0.093193,1776231663000
1776231664.96,64.96,0.24,12.88,0.23,14.7,0.33,6.0,0.34,5.0,0.67,6.0,0.66,5.0,0.76,12.88,0.77,14.7,0.09,0.09,0.093186,1776231664000
1776231665.899,65.899,0.24,12.88,0.23,14.7,0.33,6.0,0.34,5.0,0.67,6.0,0.66,5.0,0.76,12.88,0.77,14.7,0.09,0.09,0.093181,1776231665000
1776231666.89,66.89,0.24,12.88,0.23,14.7,0.33,6.0,0.34,5.0,0.67,6.0,0.66,5.0,0.76,12.88,0.77,14.7,0.09,0.09,0.093181,1776231666000
1776231667.87,67.87,0.24,12.88,0.23,14.7,0.33,6.0,0.34,5.0,0.67,6.0,0.66,5.0,0.76,12.88,0.77,14.7,0.09,0.09,0.093182,1776231667000
1776231668.806,68.806,0.24,12.88,0.23,14.7,0.33,6.0,0.34,5.0,0.67,6.0,0.66,5.0,0.76,12.88,0.77,14.7,0.09,0.09,0.093182,1776231668000
1776231670.287,70.287,0.24,12.88,0.23,14.7,0.33,6.0,0.34,5.0,0.67,6.0,0.66,5.0,0.76,12.88,0.77,14.7,0.09,0.09,0.093188,1776231669000
1776231671.179,71.179,0.24,12.88,0.23,14.7,0.33,6.0,0.34,5.0,0.67,6.0,0.66,5.0,0.76,12.88,0.77,14.7,0.09,0.09,0.093188,1776231670000
1776231672.173,72.173,0.24,12.88,0.23,14.7,0.33,6.0,0.34,5.0,0.67,6.0,0.66,5.0,0.76,12.88,0.77,14.7,0.09,0.09,0.093197,1776231671000
1776231673.584,73.584,0.31,50.0,0.29,5.0,0.41,10.0,0.42,15.0,0.67,6.0,0.66,5.0,0.76,12.88,0.77,14.7,0.1,0.09,0.093197,1776231671000
1776231674.119,74.119,0.31,50.0,0.29,5.0,0.41,10.0,0.42,15.0,0.59,10.0,0.58,15.0,0.69,50.0,0.71,5.0,0.1,0.1,0.093214,1776231673000
1776231675.181,75.181,0.31,50.0,0.29,5.0,0.41,10.0,0.42,15.0,0.59,10.0,0.58,15.0,0.69,50.0,0.71,5.0,0.1,0.1,0.093221,1776231674000
1776231676.201,76.201,0.31,50.0,0.29,5.0,0.41,10.0,0.42,15.0,0.59,10.0,0.58,15.0,0.69,50.0,0.71,5.0,0.1,0.1,0.093224,1776231675000
1776231677.186,77.186,0.31,50.0,0.29,5.0,0.41,10.0,0.42,15.0,0.59,10.0,0.58,15.0,0.69,50.0,0.71,5.0,0.1,0.1,0.093239,1776231676000
1776231678.175,78.175,0.31,50.0,0.29,5.0,0.41,10.0,0.42,15.0,0.59,10.0,0.58,15.0,0.69,50.0,0.71,5.0,0.1,0.1,0.093237,1776231677000
1776231679.118,79.118,0.31,50.0,0.29,5.0,0.41,10.0,0.42,15.0,0.59,10.0,0.58,15.0,0.69,50.0,0.71,5.0,0.1,0.1,0.093239,1776231678000
1776231680.095,80.095,0.31,50.0,0.29,5.0,0.41,10.0,0.42,15.0,0.59,10.0,0.58,15.0,0.69,50.0,0.71,5.0,0.1,0.1,0.093239,1776231679000
1776231681.065,81.065,0.31,50.0,0.29,5.0,0.41,10.0,0.42,15.0,0.59,10.0,0.58,15.0,0.69,50.0,0.71,5.0,0.1,0.1,0.093239,1776231680000
1776231681.991,81.991,0.31,50.0,0.29,5.0,0.41,10.0,0.42,15.0,0.59,10.0,0.58,15.0,0.69,50.0,0.71,5.0,0.1,0.1,0.093239,1776231681000
1776231683.057,83.057,0.31,50.0,0.29,5.0,0.41,10.0,0.42,15.0,0.59,10.0,0.58,15.0,0.69,50.0,0.71,5.0,0.1,0.1,0.093243,1776231682000
1776231684.056,84.056,0.31,50.0,0.29,5.0,0.41,10.0,0.42,15.0,0.59,10.0,0.58,15.0,0.69,50.0,0.71,5.0,0.1,0.1,0.093243,1776231683000
1776231684.943,84.943,0.31,50.0,0.29,5.0,0.41,10.0,0.42,15.0,0.59,10.0,0.58,15.0,0.69,50.0,0.71,5.0,0.1,0.1,0.093242,1776231684000
1776231686.472,86.472,0.31,50.0,0.29,5.0,0.41,10.0,0.42,15.0,0.59,10.0,0.58,15.0,0.69,50.0,0.71,5.0,0.1,0.1,0.093244,1776231685000
1776231687.117,87.117,0.31,50.0,0.29,5.0,0.41,10.0,0.42,15.0,0.59,10.0,0.58,15.0,0.69,50.0,0.71,5.0,0.1,0.1,0.093245,1776231686000
1776231688.123,88.123,0.31,50.0,0.29,5.0,0.41,10.0,0.42,15.0,0.59,10.0,0.58,15.0,0.69,50.0,0.71,5.0,0.1,0.1,0.093245,1776231687000
1776231689.156,89.156,0.31,50.0,0.29,5.0,0.41,10.0,0.42,15.0,0.59,10.0,0.58,15.0,0.69,50.0,0.71,5.0,0.1,0.1,0.093251,1776231688000
1776231690.315,90.315,0.31,50.0,0.29,5.0,0.41,10.0,0.42,15.0,0.59,10.0,0.58,15.0,0.69,50.0,0.71,5.0,0.1,0.1,0.093253,1776231689000
1776231690.621,90.621,0.44,16.6,0.43,15.6,0.53,16.0,0.54,26.0,0.59,10.0,0.58,15.0,0.69,50.0,0.71,5.0,0.09,0.1,0.093253,1776231689000
1776231691.293,91.293,0.44,16.6,0.43,15.6,0.53,16.0,0.54,26.0,0.47,16.0,0.46,26.0,0.56,16.6,0.57,15.6,0.09,0.09,0.093256,1776231690000
1776231692.334,92.334,0.44,16.6,0.43,15.6,0.53,16.0,0.54,26.0,0.47,16.0,0.46,26.0,0.56,16.6,0.57,15.6,0.09,0.09,0.093256,1776231691000
1776231692.928,92.928,0.44,16.6,0.43,15.6,0.53,16.0,0.54,26.0,0.47,16.0,0.46,26.0,0.56,16.6,0.57,15.6,0.09,0.09,0.093264,1776231692000
1776231693.146,93.146,0.47,3.09,0.46,10.5,0.53,16.0,0.54,31.0,0.47,16.0,0.46,26.0,0.56,16.6,0.57,15.6,0.06,0.09,0.093264,1776231692000
1776231693.891,93.891,0.47,3.09,0.46,10.5,0.53,16.0,0.54,31.0,0.47,16.0,0.46,31.0,0.53,3.09,0.54,10.5,0.06,0.06,0.093263,1776231693000
1776231694.901,94.901,0.52,6.93,0.48,5.0,0.53,16.0,0.54,31.0,0.47,16.0,0.46,31.0,0.48,6.93,0.52,5.0,0.01,0.01,0.093263,1776231694000
1776231695.855,95.855,0.52,6.93,0.48,5.0,0.53,16.0,0.54,31.0,0.47,16.0,0.46,31.0,0.48,6.93,0.52,5.0,0.01,0.01,0.093263,1776231695000
1776231696.596,96.596,0.52,30.0,0.51,50.0,0.53,11.0,0.54,31.0,0.47,16.0,0.46,31.0,0.48,6.93,0.52,5.0,0.01,0.01,0.093263,1776231695000
1776231696.878,96.878,0.52,30.0,0.51,50.0,0.53,5.33,0.54,31.0,0.47,5.33,0.46,31.0,0.48,30.0,0.49,50.0,0.01,0.01,0.093266,1776231696000
1776231697.228,97.228,0.52,51.0,0.51,60.4,0.54,16.32,0.55,10.0,0.47,0.33,0.46,21.0,0.48,36.0,0.49,60.4,0.02,0.01,0.093266,1776231696000
1776231697.729,97.729,0.53,42.0,0.52,46.4,0.61,1.32,0.64,10.0,0.46,16.32,0.45,10.0,0.48,51.0,0.49,60.4,0.08,0.02,0.093266,1776231696000
1776231698.24,98.24,0.6,23.0,0.54,10.0,0.61,7.32,0.64,10.0,0.39,1.32,0.36,10.0,0.47,42.0,0.48,46.4,0.01,0.08,0.093266,1776231697000
1776231698.669,98.669,0.6,23.0,0.57,10.0,0.61,2.23,0.64,10.0,0.39,7.32,0.36,10.0,0.4,23.0,0.46,10.0,0.01,0.01,0.093266,1776231697000
1776231698.952,98.952,0.6,23.0,0.57,10.0,0.61,2.23,0.64,10.0,0.39,2.23,0.36,10.0,0.4,23.0,0.43,10.0,0.01,0.01,0.093278,1776231698000
1776231700.473,100.473,0.6,23.0,0.57,10.0,0.61,2.23,0.64,10.0,0.39,2.23,0.36,10.0,0.4,23.0,0.43,10.0,0.01,0.01,0.093309,1776231699000
1776231700.935,100.935,0.6,23.0,0.57,10.0,0.61,2.23,0.64,10.0,0.39,2.23,0.36,10.0,0.4,23.0,0.43,10.0,0.01,0.01,0.093309,1776231700000
1776231701.952,101.952,0.6,23.0,0.57,10.0,0.61,2.23,0.64,10.0,0.39,2.23,0.36,10.0,0.4,23.0,0.43,10.0,0.01,0.01,0.093309,1776231701000
1776231702.987,102.987,0.6,23.0,0.57,10.0,0.61,2.23,0.64,10.0,0.39,2.23,0.36,10.0,0.4,23.0,0.43,10.0,0.01,0.01,0.093312,1776231702000
1776231703.981,103.981,0.6,29.0,0.59,10.7,0.64,3.32,0.67,11.0,0.36,3.32,0.33,11.0,0.4,29.0,0.41,10.7,0.04,0.04,0.093311,1776231703000
1776231705.05,105.05,0.6,29.0,0.59,10.7,0.64,3.32,0.67,11.0,0.36,3.32,0.33,11.0,0.4,29.0,0.41,10.7,0.04,0.04,0.093297,1776231704000
1776231705.984,105.984,0.6,29.0,0.59,10.7,0.64,3.32,0.67,11.0,0.36,3.32,0.33,11.0,0.4,29.0,0.41,10.7,0.04,0.04,0.093296,1776231705000
1776231706.906,106.906,0.6,29.0,0.59,10.7,0.64,3.32,0.67,11.0,0.36,3.32,0.33,11.0,0.4,29.0,0.41,10.7,0.04,0.04,0.0933,1776231706000
1776231707.988,107.988,0.6,29.0,0.59,10.7,0.64,3.32,0.67,11.0,0.36,3.32,0.33,11.0,0.4,29.0,0.41,10.7,0.04,0.04,0.093302,1776231707000
1776231709.007,109.007,0.6,29.0,0.59,10.7,0.64,3.32,0.67,11.0,0.36,3.32,0.33,11.0,0.4,29.0,0.41,10.7,0.04,0.04,0.093299,1776231708000
1776231709.974,109.974,0.6,29.0,0.59,10.7,0.64,3.32,0.67,11.0,0.36,3.32,0.33,11.0,0.4,29.0,0.41,10.7,0.04,0.04,0.093289,1776231709000
1776231711.027,111.027,0.6,29.0,0.59,10.7,0.64,3.32,0.67,11.0,0.36,3.32,0.33,11.0,0.4,29.0,0.41,10.7,0.04,0.04,0.093288,1776231710000
1776231712.076,112.076,0.6,29.0,0.59,10.7,0.64,3.32,0.67,11.0,0.36,3.32,0.33,11.0,0.4,29.0,0.41,10.7,0.04,0.04,0.093287,1776231711000
1776231713.252,113.252,0.6,29.0,0.59,10.7,0.64,3.32,0.67,11.0,0.36,3.32,0.33,11.0,0.4,29.0,0.41,10.7,0.04,0.04,0.093287,1776231712000
1776231714.742,114.742,0.6,29.0,0.59,10.7,0.64,3.32,0.67,11.0,0.36,3.32,0.33,11.0,0.4,29.0,0.41,10.7,0.04,0.04,0.093286,1776231713000
1776231715.368,115.368,0.6,29.0,0.59,10.7,0.64,3.32,0.67,11.0,0.36,3.32,0.33,11.0,0.4,29.0,0.41,10.7,0.04,0.04,0.093286,1776231714000
1776231716.061,116.061,0.6,29.0,0.59,10.7,0.64,3.32,0.67,11.0,0.36,3.32,0.33,11.0,0.4,29.0,0.41,10.7,0.04,0.04,0.093286,1776231715000
1776231717.447,117.447,0.6,29.0,0.59,10.7,0.64,3.32,0.67,11.0,0.36,3.32,0.33,11.0,0.4,29.0,0.41,10.7,0.04,0.04,0.09329,1776231716000
1776231718.184,118.184,0.6,29.0,0.59,10.7,0.64,3.32,0.67,11.0,0.36,3.32,0.33,11.0,0.4,29.0,0.41,10.7,0.04,0.04,0.093289,1776231717000
1776231719.474,119.474,0.6,29.0,0.59,10.7,0.64,3.32,0.67,11.0,0.36,3.32,0.33,11.0,0.4,29.0,0.41,10.7,0.04,0.04,0.093288,1776231718000
1776231720.256,120.256,0.6,29.0,0.59,10.7,0.64,3.32,0.67,11.0,0.36,3.32,0.33,11.0,0.4,29.0,0.41,10.7,0.04,0.04,0.09329,1776231719000
1776231721.635,121.635,0.6,29.0,0.59,10.7,0.64,3.32,0.67,11.0,0.36,3.32,0.33,11.0,0.4,29.0,0.41,10.7,0.04,0.04,0.09329,1776231720000
1776231722.215,122.215,0.6,29.0,0.59,10.7,0.64,3.32,0.67,11.0,0.36,3.32,0.33,11.0,0.4,29.0,0.41,10.7,0.04,0.04,0.093291,1776231721000
1776231723.591,123.591,0.6,29.0,0.59,10.7,0.64,3.32,0.67,11.0,0.36,3.32,0.33,11.0,0.4,29.0,0.41,10.7,0.04,0.04,0.09329,1776231722000
1776231724.212,124.212,0.6,29.0,0.59,10.7,0.64,3.32,0.67,11.0,0.36,3.32,0.33,11.0,0.4,29.0,0.41,10.7,0.04,0.04,0.09329,1776231723000
1776231725.673,125.673,0.6,29.0,0.59,10.7,0.64,3.32,0.67,11.0,0.36,3.32,0.33,11.0,0.4,29.0,0.41,10.7,0.04,0.04,0.093289,1776231724000
1776231726.387,126.387,0.6,29.0,0.59,10.7,0.64,3.32,0.67,11.0,0.36,3.32,0.33,11.0,0.4,29.0,0.41,10.7,0.04,0.04,0.093291,1776231725000
1776231727.007,127.007,0.67,22.9,0.58,10.7,0.69,17.9,0.71,6.0,0.36,3.32,0.33,11.0,0.4,29.0,0.41,10.7,0.02,0.04,0.093291,1776231725000
1776231728.35,128.35,0.67,22.9,0.58,10.7,0.69,17.9,0.71,6.0,0.31,17.9,0.29,6.0,0.33,22.9,0.42,10.7,0.02,0.02,0.093289,1776231727000
1776231729.049,129.049,0.67,22.9,0.58,10.7,0.69,17.9,0.71,6.0,0.31,17.9,0.29,6.0,0.33,22.9,0.42,10.7,0.02,0.02,0.093289,1776231728000
1776231730.396,130.396,0.67,39.9,0.63,20.0,0.69,12.9,0.81,55.0,0.31,17.9,0.29,6.0,0.33,22.9,0.42,10.7,0.02,0.02,0.093289,1776231728000
1776231730.759,130.759,0.67,39.9,0.63,20.0,0.69,12.9,0.81,55.0,0.31,12.9,0.19,55.0,0.33,39.9,0.37,20.0,0.02,0.02,0.093288,1776231729000
1776231731.274,131.274,0.67,39.9,0.63,20.0,0.69,12.9,0.81,55.0,0.31,12.9,0.19,55.0,0.33,39.9,0.37,20.0,0.02,0.02,0.093288,1776231730000
1776231732.288,132.288,0.67,39.9,0.63,20.0,0.69,12.9,0.81,55.0,0.31,12.9,0.19,55.0,0.33,39.9,0.37,20.0,0.02,0.02,0.093313,1776231731000
1776231732.501,132.501,0.69,5.99,0.68,16.0,0.81,65.0,0.82,17.6,0.31,12.9,0.19,55.0,0.33,39.9,0.37,20.0,0.12,0.02,0.093313,1776231731000
1776231733.497,133.497,0.69,5.99,0.68,16.0,0.81,65.0,0.82,17.6,0.19,65.0,0.18,17.6,0.31,5.99,0.32,16.0,0.12,0.12,0.093319,1776231732000
1776231733.994,133.994,0.69,5.99,0.68,16.0,0.81,65.0,0.82,17.6,0.19,65.0,0.18,17.6,0.31,5.99,0.32,16.0,0.12,0.12,0.093319,1776231733000
1776231735.035,135.035,0.69,5.99,0.68,16.0,0.81,65.0,0.82,17.6,0.19,65.0,0.18,17.6,0.31,5.99,0.32,16.0,0.12,0.12,0.093319,1776231734000
1776231736.445,136.445,0.69,5.99,0.68,16.0,0.81,65.0,0.82,17.6,0.19,65.0,0.18,17.6,0.31,5.99,0.32,16.0,0.12,0.12,0.093323,1776231735000
1776231737.003,137.003,0.69,5.99,0.68,16.0,0.81,65.0,0.82,17.6,0.19,65.0,0.18,17.6,0.31,5.99,0.32,16.0,0.12,0.12,0.093323,1776231736000
1776231738.149,138.149,0.69,5.99,0.68,16.0,0.81,65.0,0.82,17.6,0.19,65.0,0.18,17.6,0.31,5.99,0.32,16.0,0.12,0.12,0.093324,1776231737000
1776231739.346,139.346,0.69,5.99,0.68,16.0,0.81,65.0,0.82,17.6,0.19,65.0,0.18,17.6,0.31,5.99,0.32,16.0,0.12,0.12,0.093324,1776231738000
1776231740.371,140.371,0.69,5.99,0.68,16.0,0.81,65.0,0.82,17.6,0.19,65.0,0.18,17.6,0.31,5.99,0.32,16.0,0.12,0.12,0.093328,1776231739000
1776231741.058,141.058,0.69,5.99,0.68,16.0,0.81,65.0,0.82,17.6,0.19,65.0,0.18,17.6,0.31,5.99,0.32,16.0,0.12,0.12,0.093328,1776231740000
1776231742.142,142.142,0.69,5.99,0.68,16.0,0.81,65.0,0.82,17.6,0.19,65.0,0.18,17.6,0.31,5.99,0.32,16.0,0.12,0.12,0.093324,1776231741000
1776231743.66,143.66,0.69,5.99,0.68,16.0,0.81,65.0,0.82,17.6,0.19,65.0,0.18,17.6,0.31,5.99,0.32,16.0,0.12,0.12,0.093332,1776231742000
1776231744.198,144.198,0.69,5.99,0.68,16.0,0.81,65.0,0.82,17.6,0.19,65.0,0.18,17.6,0.31,5.99,0.32,16.0,0.12,0.12,0.093332,1776231743000
1776231745.967,145.967,0.69,5.99,0.68,16.0,0.81,65.0,0.82,17.6,0.19,65.0,0.18,17.6,0.31,5.99,0.32,16.0,0.12,0.12,0.09333,1776231744000
1776231747.429,147.429,0.69,5.99,0.68,16.0,0.81,65.0,0.82,17.6,0.19,65.0,0.18,17.6,0.31,5.99,0.32,16.0,0.12,0.12,0.09333,1776231745000
1776231748.283,148.283,0.69,5.99,0.68,16.0,0.81,65.0,0.82,17.6,0.19,65.0,0.18,17.6,0.31,5.99,0.32,16.0,0.12,0.12,0.09333,1776231747000
1776231749.76,149.76,0.69,5.99,0.68,16.0,0.81,65.0,0.82,17.6,0.19,65.0,0.18,17.6,0.31,5.99,0.32,16.0,0.12,0.12,0.093328,1776231748000
1776231750.398,150.398,0.69,5.99,0.68,16.0,0.81,65.0,0.82,17.6,0.19,65.0,0.18,17.6,0.31,5.99,0.32,16.0,0.12,0.12,0.093334,1776231749000
1776231751.163,151.163,0.69,5.99,0.68,16.0,0.81,65.0,0.82,17.6,0.19,65.0,0.18,17.6,0.31,5.99,0.32,16.0,0.12,0.12,0.093323,1776231750000
1776231752.497,152.497,0.69,5.99,0.68,16.0,0.81,65.0,0.82,17.6,0.19,65.0,0.18,17.6,0.31,5.99,0.32,16.0,0.12,0.12,0.093318,1776231751000
1776231753.253,153.253,0.69,5.99,0.68,16.0,0.81,65.0,0.82,17.6,0.19,65.0,0.18,17.6,0.31,5.99,0.32,16.0,0.12,0.12,0.09332,1776231752000
1776231754.569,154.569,0.69,5.99,0.68,16.0,0.81,65.0,0.82,17.6,0.19,65.0,0.18,17.6,0.31,5.99,0.32,16.0,0.12,0.12,0.093318,1776231753000
1776231755.283,155.283,0.69,5.99,0.68,16.0,0.81,65.0,0.82,17.6,0.19,65.0,0.18,17.6,0.31,5.99,0.32,16.0,0.12,0.12,0.093318,1776231754000
1776231756.515,156.515,0.69,5.99,0.68,16.0,0.81,65.0,0.82,17.6,0.19,65.0,0.18,17.6,0.31,5.99,0.32,16.0,0.12,0.12,0.093319,1776231755000
1776231757.232,157.232,0.69,5.99,0.68,16.0,0.81,65.0,0.82,17.6,0.19,65.0,0.18,17.6,0.31,5.99,0.32,16.0,0.12,0.12,0.093315,1776231756000
1776231758.643,158.643,0.69,5.99,0.68,16.0,0.81,65.0,0.82,17.6,0.19,65.0,0.18,17.6,0.31,5.99,0.32,16.0,0.12,0.12,0.093315,1776231757000
1776231759.301,159.301,0.69,5.99,0.68,16.0,0.81,65.0,0.82,17.6,0.19,65.0,0.18,17.6,0.31,5.99,0.32,16.0,0.12,0.12,0.093315,1776231758000
1776231759.947,159.947,0.69,5.99,0.68,16.0,0.81,65.0,0.82,17.6,0.19,65.0,0.18,17.6,0.31,5.99,0.32,16.0,0.12,0.12,0.093315,1776231759000
1776231761.343,161.343,0.69,5.99,0.68,16.0,0.81,65.0,0.82,17.6,0.19,65.0,0.18,17.6,0.31,5.99,0.32,16.0,0.12,0.12,0.093315,1776231760000
1776231762.601,162.601,0.69,5.99,0.68,16.0,0.81,65.0,0.82,17.6,0.19,65.0,0.18,17.6,0.31,5.99,0.32,16.0,0.12,0.12,0.093317,1776231761000
1776231763.295,163.295,0.69,5.99,0.68,16.0,0.81,65.0,0.82,17.6,0.19,65.0,0.18,17.6,0.31,5.99,0.32,16.0,0.12,0.12,0.093318,1776231762000
1776231764.155,164.155,0.69,5.99,0.68,16.0,0.81,65.0,0.82,17.6,0.19,65.0,0.18,17.6,0.31,5.99,0.32,16.0,0.12,0.12,0.093318,1776231763000
1776231765.192,165.192,0.69,5.99,0.68,16.0,0.81,65.0,0.82,17.6,0.19,65.0,0.18,17.6,0.31,5.99,0.32,16.0,0.12,0.12,0.093313,1776231764000
1776231766.274,166.274,0.69,5.99,0.68,16.0,0.81,65.0,0.82,17.6,0.19,65.0,0.18,17.6,0.31,5.99,0.32,16.0,0.12,0.12,0.093314,1776231765000
1776231767.347,167.347,0.69,5.99,0.68,16.0,0.81,65.0,0.82,17.6,0.19,65.0,0.18,17.6,0.31,5.99,0.32,16.0,0.12,0.12,0.093316,1776231766000
1776231768.378,168.378,0.69,5.99,0.68,16.0,0.81,65.0,0.82,17.6,0.19,65.0,0.18,17.6,0.31,5.99,0.32,16.0,0.12,0.12,0.093324,1776231767000
1776231768.929,168.929,0.69,5.99,0.68,16.0,0.81,65.0,0.82,17.6,0.19,65.0,0.18,17.6,0.31,5.99,0.32,16.0,0.12,0.12,0.093328,1776231768000
1776231770.025,170.025,0.69,5.99,0.68,16.0,0.81,65.0,0.82,17.6,0.19,65.0,0.18,17.6,0.31,5.99,0.32,16.0,0.12,0.12,0.093329,1776231769000
1776231771.061,171.061,0.69,5.99,0.68,16.0,0.81,65.0,0.82,17.6,0.19,65.0,0.18,17.6,0.31,5.99,0.32,16.0,0.12,0.12,0.093329,1776231770000
1776231772.203,172.203,0.69,5.99,0.68,16.0,0.81,65.0,0.82,17.6,0.19,65.0,0.18,17.6,0.31,5.99,0.32,16.0,0.12,0.12,0.093323,1776231771000
1776231773.188,173.188,0.69,5.99,0.68,16.0,0.81,65.0,0.82,17.6,0.19,65.0,0.18,17.6,0.31,5.99,0.32,16.0,0.12,0.12,0.093323,1776231772000
1776231774.473,174.473,0.69,5.99,0.68,16.0,0.81,65.0,0.82,17.6,0.19,65.0,0.18,17.6,0.31,5.99,0.32,16.0,0.12,0.12,0.093323,1776231773000
1776231775.11,175.11,0.69,5.99,0.68,16.0,0.81,65.0,0.82,17.6,0.19,65.0,0.18,17.6,0.31,5.99,0.32,16.0,0.12,0.12,0.093323,1776231774000
1776231776.158,176.158,0.83,18.39,0.82,17.6,0.9,4.88,0.91,77.0,0.1,4.88,0.09,77.0,0.17,18.39,0.18,17.6,0.07,0.07,0.093343,1776231775000
1776231777.219,177.219,0.83,18.39,0.82,17.6,0.9,4.88,0.91,77.0,0.1,4.88,0.09,77.0,0.17,18.39,0.18,17.6,0.07,0.07,0.093343,1776231776000
1776231778.303,178.303,0.83,18.39,0.82,17.6,0.9,4.88,0.91,77.0,0.1,4.88,0.09,77.0,0.17,18.39,0.18,17.6,0.07,0.07,0.093337,1776231777000
1776231779.672,179.672,0.83,18.39,0.82,17.6,0.9,4.88,0.91,77.0,0.1,4.88,0.09,77.0,0.17,18.39,0.18,17.6,0.07,0.07,0.093337,1776231778000
1776231780.481,180.481,0.83,18.39,0.82,17.6,0.9,4.88,0.91,77.0,0.1,4.88,0.09,77.0,0.17,18.39,0.18,17.6,0.07,0.07,0.093335,1776231779000
1776231781.103,181.103,0.83,18.39,0.82,17.6,0.9,4.88,0.91,77.0,0.1,4.88,0.09,77.0,0.17,18.39,0.18,17.6,0.07,0.07,0.093331,1776231780000
1776231782.325,182.325,0.83,18.39,0.82,17.6,0.9,4.88,0.91,77.0,0.1,4.88,0.09,77.0,0.17,18.39,0.18,17.6,0.07,0.07,0.093338,1776231781000
1776231783.225,183.225,0.83,18.39,0.82,17.6,0.9,4.88,0.91,77.0,0.1,4.88,0.09,77.0,0.17,18.39,0.18,17.6,0.07,0.07,0.093336,1776231782000
1776231784.034,184.034,0.89,29.0,0.75,13.9,0.91,86.7,0.92,35.29,0.1,4.88,0.09,77.0,0.17,18.39,0.18,17.6,0.02,0.07,0.093336,1776231782000
1776231784.437,184.437,0.89,29.0,0.75,13.9,0.91,86.7,0.92,35.29,0.09,86.7,0.08,35.29,0.11,29.0,0.25,13.9,0.02,0.02,0.093336,1776231783000
1776231785.068,185.068,0.89,29.0,0.75,13.9,0.91,86.7,0.92,35.29,0.09,86.7,0.08,35.29,0.11,29.0,0.25,13.9,0.02,0.02,0.093336,1776231784000
1776231786.33,186.33,0.89,29.0,0.75,13.9,0.91,86.7,0.92,35.29,0.09,86.7,0.08,35.29,0.11,29.0,0.25,13.9,0.02,0.02,0.093322,1776231785000
1776231787.224,187.224,0.89,29.0,0.75,13.9,0.91,86.7,0.92,35.29,0.09,86.7,0.08,35.29,0.11,29.0,0.25,13.9,0.02,0.02,0.093322,1776231786000
1776231788.548,188.548,0.89,18.35,0.82,5.0,0.9,38.9,0.91,86.7,0.1,38.9,0.09,86.7,0.11,18.35,0.18,5.0,0.01,0.01,0.093325,1776231787000
1776231789.105,189.105,0.89,18.35,0.82,5.0,0.9,38.9,0.91,86.7,0.1,38.9,0.09,86.7,0.11,18.35,0.18,5.0,0.01,0.01,0.093325,1776231788000
1776231790.366,190.366,0.89,18.35,0.82,5.0,0.9,38.9,0.91,86.7,0.1,38.9,0.09,86.7,0.11,18.35,0.18,5.0,0.01,0.01,0.093326,1776231789000
1776231791.051,191.051,0.89,18.35,0.82,5.0,0.9,38.9,0.91,86.7,0.1,38.9,0.09,86.7,0.11,18.35,0.18,5.0,0.01,0.01,0.093326,1776231790000
1776231792.259,192.259,0.89,18.35,0.82,5.0,0.9,38.9,0.91,86.7,0.1,38.9,0.09,86.7,0.11,18.35,0.18,5.0,0.01,0.01,0.093325,1776231791000
1776231793.632,193.632,0.89,18.35,0.82,5.0,0.9,38.9,0.91,86.7,0.1,38.9,0.09,86.7,0.11,18.35,0.18,5.0,0.01,0.01,0.093325,1776231792000
1776231794.143,194.143,0.89,18.35,0.82,5.0,0.9,38.9,0.91,86.7,0.1,38.9,0.09,86.7,0.11,18.35,0.18,5.0,0.01,0.01,0.093325,1776231793000
1776231795.546,195.546,0.89,18.35,0.82,5.0,0.9,38.9,0.91,86.7,0.1,38.9,0.09,86.7,0.11,18.35,0.18,5.0,0.01,0.01,0.093323,1776231794000
1776231796.099,196.099,0.89,18.35,0.82,5.0,0.9,38.9,0.91,86.7,0.1,38.9,0.09,86.7,0.11,18.35,0.18,5.0,0.01,0.01,0.09332,1776231795000
1776231797.322,197.322,0.89,18.35,0.82,5.0,0.9,38.9,0.91,86.7,0.1,38.9,0.09,86.7,0.11,18.35,0.18,5.0,0.01,0.01,0.09332,1776231796000
1776231798.447,198.447,0.89,18.35,0.82,5.0,0.9,38.9,0.91,86.7,0.1,38.9,0.09,86.7,0.11,18.35,0.18,5.0,0.01,0.01,0.093321,1776231797000
1776231799.274,199.274,0.89,18.35,0.82,5.0,0.9,38.9,0.91,86.7,0.1,38.9,0.09,86.7,0.11,18.35,0.18,5.0,0.01,0.01,0.093321,1776231798000
1776231800.32,200.32,0.89,18.35,0.82,5.0,0.9,38.9,0.91,86.7,0.1,38.9,0.09,86.7,0.11,18.35,0.18,5.0,0.01,0.01,0.09332,1776231799000
1776231800.96,200.96,0.89,18.35,0.82,5.0,0.9,38.9,0.91,86.7,0.1,38.9,0.09,86.7,0.11,18.35,0.18,5.0,0.01,0.01,0.09332,1776231800000
1776231801.939,201.939,0.89,18.35,0.82,5.0,0.9,38.9,0.91,86.7,0.1,38.9,0.09,86.7,0.11,18.35,0.18,5.0,0.01,0.01,0.09332,1776231801000
1776231803.101,203.101,0.89,18.35,0.82,5.0,0.9,38.9,0.91,86.7,0.1,38.9,0.09,86.7,0.11,18.35,0.18,5.0,0.01,0.01,0.09332,1776231802000
1776231804.319,204.319,0.89,18.35,0.82,5.0,0.9,38.9,0.91,86.7,0.1,38.9,0.09,86.7,0.11,18.35,0.18,5.0,0.01,0.01,0.093322,1776231803000
1776231805.322,205.322,0.89,18.35,0.82,5.0,0.9,38.9,0.91,86.7,0.1,38.9,0.09,86.7,0.11,18.35,0.18,5.0,0.01,0.01,0.093322,1776231804000
1776231805.872,205.872,0.89,18.35,0.82,5.0,0.9,38.9,0.91,86.7,0.1,38.9,0.09,86.7,0.11,18.35,0.18,5.0,0.01,0.01,0.093322,1776231805000
1776231807.11,207.11,0.89,18.35,0.82,5.0,0.9,38.9,0.91,86.7,0.1,38.9,0.09,86.7,0.11,18.35,0.18,5.0,0.01,0.01,0.093323,1776231806000
1776231808.333,208.333,0.89,18.35,0.82,5.0,0.9,38.9,0.91,86.7,0.1,38.9,0.09,86.7,0.11,18.35,0.18,5.0,0.01,0.01,0.093322,1776231807000
1776231808.872,208.872,0.89,18.35,0.82,5.0,0.9,38.9,0.91,86.7,0.1,38.9,0.09,86.7,0.11,18.35,0.18,5.0,0.01,0.01,0.093322,1776231808000
1776231810.38,210.38,0.89,18.35,0.82,5.0,0.9,38.9,0.91,86.7,0.1,38.9,0.09,86.7,0.11,18.35,0.18,5.0,0.01,0.01,0.093321,1776231809000
1776231810.962,210.962,0.89,18.35,0.82,5.0,0.9,38.9,0.91,86.7,0.1,38.9,0.09,86.7,0.11,18.35,0.18,5.0,0.01,0.01,0.093321,1776231810000
1776231812.028,212.028,0.89,18.35,0.82,5.0,0.9,38.9,0.91,86.7,0.1,38.9,0.09,86.7,0.11,18.35,0.18,5.0,0.01,0.01,0.093321,1776231811000
1776231813.04,213.04,0.89,18.35,0.82,5.0,0.9,38.9,0.91,86.7,0.1,38.9,0.09,86.7,0.11,18.35,0.18,5.0,0.01,0.01,0.093321,1776231812000
1776231814.153,214.153,0.89,18.35,0.82,5.0,0.9,38.9,0.91,86.7,0.1,38.9,0.09,86.7,0.11,18.35,0.18,5.0,0.01,0.01,0.093322,1776231813000
1776231815.259,215.259,0.89,18.35,0.82,5.0,0.9,38.9,0.91,86.7,0.1,38.9,0.09,86.7,0.11,18.35,0.18,5.0,0.01,0.01,0.093322,1776231814000
1776231816.32,216.32,0.89,18.35,0.82,5.0,0.9,38.9,0.91,86.7,0.1,38.9,0.09,86.7,0.11,18.35,0.18,5.0,0.01,0.01,0.093322,1776231815000
1776231817.312,217.312,0.89,18.35,0.82,5.0,0.9,38.9,0.91,86.7,0.1,38.9,0.09,86.7,0.11,18.35,0.18,5.0,0.01,0.01,0.093322,1776231816000
1776231817.872,217.872,0.89,18.35,0.82,5.0,0.9,38.9,0.91,86.7,0.1,38.9,0.09,86.7,0.11,18.35,0.18,5.0,0.01,0.01,0.093322,1776231817000
1776231818.928,218.928,0.89,18.35,0.82,5.0,0.9,38.9,0.91,86.7,0.1,38.9,0.09,86.7,0.11,18.35,0.18,5.0,0.01,0.01,0.093323,1776231818000
1776231820.052,220.052,0.89,18.35,0.82,5.0,0.9,38.9,0.91,86.7,0.1,38.9,0.09,86.7,0.11,18.35,0.18,5.0,0.01,0.01,0.093321,1776231819000
1776231821.198,221.198,0.89,18.35,0.82,5.0,0.9,38.9,0.91,86.7,0.1,38.9,0.09,86.7,0.11,18.35,0.18,5.0,0.01,0.01,0.09332,1776231820000
1776231822.155,222.155,0.89,18.35,0.82,5.0,0.9,38.9,0.91,86.7,0.1,38.9,0.09,86.7,0.11,18.35,0.18,5.0,0.01,0.01,0.093322,1776231821000
1776231823.2,223.2,0.89,18.35,0.82,5.0,0.9,38.9,0.91,86.7,0.1,38.9,0.09,86.7,0.11,18.35,0.18,5.0,0.01,0.01,0.093323,1776231822000
1776231824.335,224.335,0.89,18.35,0.82,5.0,0.9,38.9,0.91,86.7,0.1,38.9,0.09,86.7,0.11,18.35,0.18,5.0,0.01,0.01,0.093322,1776231823000
1776231824.941,224.941,0.89,18.35,0.82,5.0,0.9,38.9,0.91,86.7,0.1,38.9,0.09,86.7,0.11,18.35,0.18,5.0,0.01,0.01,0.093322,1776231824000
1776231826.144,226.144,0.89,18.35,0.82,5.0,0.9,38.9,0.91,86.7,0.1,38.9,0.09,86.7,0.11,18.35,0.18,5.0,0.01,0.01,0.093322,1776231825000
1776231827.172,227.172,0.89,18.35,0.82,5.0,0.9,38.9,0.91,86.7,0.1,38.9,0.09,86.7,0.11,18.35,0.18,5.0,0.01,0.01,0.093322,1776231826000
1776231827.482,227.482,0.89,18.35,0.82,17.6,0.9,1.0,0.91,31.7,0.1,38.9,0.09,86.7,0.11,18.35,0.18,5.0,0.01,0.01,0.093322,1776231826000
1776231828.275,228.275,0.89,18.35,0.82,17.6,0.9,1.0,0.91,31.7,0.1,1.0,0.09,31.7,0.11,18.35,0.18,17.6,0.01,0.01,0.093321,1776231827000
1776231829.422,229.422,0.89,18.35,0.83,18.39,0.91,6.3,0.92,35.29,0.1,1.0,0.09,31.7,0.11,18.35,0.18,17.6,0.02,0.01,0.093321,1776231827000
1776231830.003,230.003,0.89,18.35,0.83,18.39,0.92,32.33,0.93,239.9,0.08,32.33,0.07,239.9,0.11,18.35,0.17,18.39,0.03,0.03,0.093313,1776231829000
1776231831.175,231.175,0.89,18.35,0.83,18.39,0.92,32.33,0.93,239.9,0.08,32.33,0.07,239.9,0.11,18.35,0.17,18.39,0.03,0.03,0.093313,1776231830000
1776231832.19,232.19,0.89,18.35,0.83,18.39,0.92,32.33,0.93,239.9,0.08,32.33,0.07,239.9,0.11,18.35,0.17,18.39,0.03,0.03,0.093313,1776231831000
1776231833.239,233.239,0.89,18.35,0.83,18.39,0.92,32.33,0.93,239.9,0.08,32.33,0.07,239.9,0.11,18.35,0.17,18.39,0.03,0.03,0.093313,1776231832000
1776231833.566,233.566,0.89,18.35,0.87,23.0,0.93,180.0,0.96,5.0,0.08,32.33,0.07,239.9,0.11,18.35,0.17,18.39,0.04,0.03,0.093313,1776231832000
1776231834.326,234.326,0.89,18.35,0.87,23.0,0.93,180.0,0.96,5.0,0.07,180.0,0.04,5.0,0.11,18.35,0.13,23.0,0.04,0.04,0.093322,1776231833000
1776231834.86,234.86,0.89,18.35,0.87,23.0,0.93,180.0,0.96,5.0,0.07,180.0,0.04,5.0,0.11,18.35,0.13,23.0,0.04,0.04,0.093322,1776231834000
1776231836.07,236.07,0.89,18.35,0.87,23.0,0.93,180.0,0.96,5.0,0.07,180.0,0.04,5.0,0.11,18.35,0.13,23.0,0.04,0.04,0.093332,1776231835000
1776231836.287,236.287,0.92,35.29,0.91,31.7,0.93,99.61,0.96,5.0,0.07,180.0,0.04,5.0,0.11,18.35,0.13,23.0,0.01,0.04,0.093332,1776231835000
1776231837.25,237.25,0.92,35.29,0.91,31.7,0.93,99.61,0.96,5.0,0.07,99.61,0.04,5.0,0.08,35.29,0.09,31.7,0.01,0.01,0.093332,1776231836000
1776231838.821,238.821,0.92,35.29,0.91,31.7,0.93,99.61,0.96,5.0,0.07,99.61,0.04,5.0,0.08,35.29,0.09,31.7,0.01,0.01,0.093337,1776231837000
1776231839.388,239.388,0.92,35.29,0.91,31.7,0.93,99.61,0.96,5.0,0.07,99.61,0.04,5.0,0.08,35.29,0.09,31.7,0.01,0.01,0.093337,1776231838000
1776231840.31,240.31,0.92,35.29,0.91,31.7,0.93,61.14,0.96,5.0,0.07,61.14,0.04,5.0,0.08,35.29,0.09,31.7,0.01,0.01,0.093337,1776231839000
1776231841.305,241.305,0.92,35.29,0.91,31.7,0.93,61.14,0.96,5.0,0.07,61.14,0.04,5.0,0.08,35.29,0.09,31.7,0.01,0.01,0.093337,1776231840000
1776231842.368,242.368,0.92,35.29,0.91,31.7,0.93,61.14,0.96,5.0,0.07,61.14,0.04,5.0,0.08,35.29,0.09,31.7,0.01,0.01,0.093337,1776231841000
1776231842.874,242.874,0.92,35.29,0.91,31.7,0.93,61.14,0.96,5.0,0.07,61.14,0.04,5.0,0.08,35.29,0.09,31.7,0.01,0.01,0.093337,1776231842000
1776231844.389,244.389,0.92,35.29,0.91,31.7,0.93,61.14,0.96,5.0,0.07,61.14,0.04,5.0,0.08,35.29,0.09,31.7,0.01,0.01,0.093337,1776231843000
1776231845.234,245.234,0.92,35.29,0.91,31.7,0.93,61.14,0.96,5.0,0.07,61.14,0.04,5.0,0.08,35.29,0.09,31.7,0.01,0.01,0.093329,1776231844000
1776231846.176,246.176,0.92,35.29,0.91,31.7,0.93,61.14,0.96,5.0,0.07,61.14,0.04,5.0,0.08,35.29,0.09,31.7,0.01,0.01,0.093329,1776231845000
1776231847.193,247.193,0.92,35.29,0.91,31.7,0.93,61.14,0.96,5.0,0.07,61.14,0.04,5.0,0.08,35.29,0.09,31.7,0.01,0.01,0.093329,1776231846000
1776231848.149,248.149,0.92,35.29,0.91,31.7,0.93,61.14,0.96,5.0,0.07,61.14,0.04,5.0,0.08,35.29,0.09,31.7,0.01,0.01,0.09333,1776231847000
1776231849.189,249.189,0.92,35.29,0.91,31.7,0.93,61.14,0.96,5.0,0.07,61.14,0.04,5.0,0.08,35.29,0.09,31.7,0.01,0.01,0.093333,1776231848000
1776231850.122,250.122,0.92,35.29,0.91,31.7,0.93,61.14,0.96,5.0,0.07,61.14,0.04,5.0,0.08,35.29,0.09,31.7,0.01,0.01,0.093336,1776231849000
1776231851.831,251.831,0.92,35.29,0.91,31.7,0.93,61.14,0.96,5.0,0.07,61.14,0.04,5.0,0.08,35.29,0.09,31.7,0.01,0.01,0.093351,1776231850000
1776231852.351,252.351,0.92,35.29,0.91,31.7,0.93,61.14,0.96,5.0,0.07,61.14,0.04,5.0,0.08,35.29,0.09,31.7,0.01,0.01,0.093362,1776231851000
1776231852.711,252.711,0.95,59.7,0.94,51.1,0.99,230.09,,,0.07,61.14,0.04,5.0,0.08,35.29,0.09,31.7,0.04,0.01,0.093362,1776231851000
1776231852.934,252.934,0.95,59.7,0.94,51.1,0.99,230.09,,,0.01,230.09,,,0.05,59.7,0.06,51.1,0.04,0.04,0.093362,1776231852000
1776231855.011,255.011,0.95,54.7,0.94,51.1,0.99,179.09,,,0.01,179.09,,,0.05,54.7,0.06,51.1,0.04,0.04,0.093362,1776231853000
1776231855.77,255.77,0.95,54.7,0.94,51.1,0.99,179.09,,,0.01,179.09,,,0.05,54.7,0.06,51.1,0.04,0.04,0.093362,1776231854000
1776231856.396,256.396,0.95,54.7,0.94,51.1,0.99,179.09,,,0.01,179.09,,,0.05,54.7,0.06,51.1,0.04,0.04,0.09336,1776231855000
1776231857.046,257.046,0.95,54.7,0.94,51.1,0.99,179.09,,,0.01,179.09,,,0.05,54.7,0.06,51.1,0.04,0.04,0.093361,1776231856000
1776231858.217,258.217,0.95,54.7,0.94,51.1,0.99,179.09,,,0.01,179.09,,,0.05,54.7,0.06,51.1,0.04,0.04,0.093362,1776231857000
1776231859.545,259.545,0.98,119.81,0.97,94.3,0.99,99.09,,,0.01,99.09,,,0.02,119.81,0.03,94.3,0.01,0.01,0.093361,1776231858000
1776231860.217,260.217,0.98,119.81,0.97,94.3,0.99,99.09,,,0.01,99.09,,,0.02,119.81,0.03,94.3,0.01,0.01,0.093361,1776231859000
1776231861.536,261.536,0.98,119.81,0.97,94.3,0.99,99.09,,,0.01,99.09,,,0.02,119.81,0.03,94.3,0.01,0.01,0.093363,1776231860000
1776231862.196,262.196,0.98,119.81,0.97,94.3,0.99,99.09,,,0.01,99.09,,,0.02,119.81,0.03,94.3,0.01,0.01,0.093363,1776231861000
1776231863.468,263.468,0.98,119.81,0.97,94.3,0.99,99.09,,,0.01,99.09,,,0.02,119.81,0.03,94.3,0.01,0.01,0.093359,1776231862000
1776231864.038,264.038,0.98,119.81,0.97,94.3,0.99,99.09,,,0.01,99.09,,,0.02,119.81,0.03,94.3,0.01,0.01,0.093359,1776231863000
1776231864.377,264.377,0.98,119.81,0.97,94.3,0.99,93.07,,,0.01,94.09,,,0.02,119.81,0.03,94.3,0.01,0.01,0.093359,1776231863000
1776231865.28,265.28,0.98,119.81,0.97,94.3,0.99,93.07,,,0.01,93.07,,,0.02,119.81,0.03,94.3,0.01,0.01,0.093359,1776231864000
1776231866.66,266.66,0.98,119.81,0.97,94.3,0.99,93.07,,,0.01,93.07,,,0.02,119.81,0.03,94.3,0.01,0.01,0.093344,1776231865000
1776231867.416,267.416,0.98,119.81,0.97,94.3,0.99,93.07,,,0.01,93.07,,,0.02,119.81,0.03,94.3,0.01,0.01,0.093343,1776231866000
1776231868.099,268.099,0.98,119.81,0.97,94.3,0.99,93.07,,,0.01,93.07,,,0.02,119.81,0.03,94.3,0.01,0.01,0.093343,1776231867000
1776231868.447,268.447,0.98,90.83,0.97,94.3,0.99,93.07,,,0.01,93.07,,,0.02,119.81,0.03,94.3,0.01,0.01,0.093343,1776231867000
1776231869.033,269.033,0.98,90.83,0.97,94.3,0.99,93.07,,,0.01,93.07,,,0.02,90.83,0.03,94.3,0.01,0.01,0.093341,1776231868000
1776231870.015,270.015,0.98,90.83,0.97,94.3,0.99,93.07,,,0.01,93.07,,,0.02,90.83,0.03,94.3,0.01,0.01,0.093341,1776231869000
1776231871.053,271.053,0.98,90.83,0.97,94.3,0.99,93.07,,,0.01,93.07,,,0.02,90.83,0.03,94.3,0.01,0.01,0.093344,1776231870000
1776231872.002,272.002,0.98,90.83,0.97,94.3,0.99,93.07,,,0.01,93.07,,,0.02,90.83,0.03,94.3,0.01,0.01,0.093344,1776231871000
1776231873.01,273.01,0.98,90.83,0.97,94.3,0.99,93.07,,,0.01,93.07,,,0.02,90.83,0.03,94.3,0.01,0.01,0.093343,1776231872000
1776231873.392,273.392,0.98,90.83,0.97,89.3,0.99,92.05,,,0.01,93.07,,,0.02,90.83,0.03,94.3,0.01,0.01,0.093343,1776231872000
1776231873.943,273.943,0.98,90.83,0.97,89.3,0.99,92.05,,,0.01,92.05,,,0.02,90.83,0.03,89.3,0.01,0.01,0.093346,1776231873000
1776231874.917,274.917,0.98,90.83,0.97,89.3,0.99,92.05,,,0.01,92.05,,,0.02,90.83,0.03,89.3,0.01,0.01,0.093345,1776231874000
1776231875.971,275.971,0.98,90.83,0.97,89.3,0.99,92.05,,,0.01,92.05,,,0.02,90.83,0.03,89.3,0.01,0.01,0.093348,1776231875000
1776231877.051,277.051,0.98,90.83,0.97,89.3,0.99,92.05,,,0.01,92.05,,,0.02,90.83,0.03,89.3,0.01,0.01,0.093354,1776231876000
1776231877.87,277.87,0.98,90.83,0.97,89.3,0.99,92.05,,,0.01,92.05,,,0.02,90.83,0.03,89.3,0.01,0.01,0.093354,1776231877000
1776231878.804,278.804,0.98,90.83,0.97,89.3,0.99,92.05,,,0.01,92.05,,,0.02,90.83,0.03,89.3,0.01,0.01,0.093354,1776231878000
1776231879.406,279.406,0.98,5.0,0.95,27.85,0.99,91.03,,,0.01,92.05,,,0.02,90.83,0.03,89.3,0.01,0.01,0.093354,1776231878000
1776231879.809,279.809,0.98,5.0,0.95,27.85,0.99,91.03,,,0.01,91.03,,,0.02,5.0,0.05,27.85,0.01,0.01,0.093353,1776231879000
1776231881.665,281.665,0.98,5.0,0.95,27.85,0.99,91.03,,,0.01,91.03,,,0.02,5.0,0.05,27.85,0.01,0.01,0.093353,1776231880000
1776231882.158,282.158,0.98,5.0,0.95,27.85,0.99,91.03,,,0.01,91.03,,,0.02,5.0,0.05,27.85,0.01,0.01,0.093353,1776231881000
1776231883.078,283.078,0.98,5.0,0.95,27.85,0.99,91.03,,,0.01,91.03,,,0.02,5.0,0.05,27.85,0.01,0.01,0.093356,1776231882000
1776231883.708,283.708,0.99,908.97,0.98,5.0,,,,,0.01,91.03,,,0.02,5.0,0.05,27.85,,0.01,0.093356,1776231882000
1776231884.042,284.042,0.99,904.01,0.95,48.9,,,,,,,,,0.01,908.97,0.02,5.0,,,0.093356,1776231882000
1776231885.12,285.12,0.99,904.01,0.95,48.9,,,,,,,,,0.01,904.01,0.05,48.9,,,0.093356,1776231884000
1776231886.173,286.173,0.99,904.01,0.95,48.9,,,,,,,,,0.01,904.01,0.05,48.9,,,0.093355,1776231885000
1776231887.254,287.254,0.99,904.01,0.95,48.9,,,,,,,,,0.01,904.01,0.05,48.9,,,0.093356,1776231886000
1776231888.26,288.26,0.99,904.01,0.95,48.9,,,,,,,,,0.01,904.01,0.05,48.9,,,0.093356,1776231887000
1776231889.226,289.226,0.99,904.01,0.95,48.9,,,,,,,,,0.01,904.01,0.05,48.9,,,0.093364,1776231888000
1776231889.868,289.868,0.99,904.01,0.95,48.9,,,,,,,,,0.01,904.01,0.05,48.9,,,0.093363,1776231889000
1776231890.892,290.892,0.99,904.01,0.95,48.9,,,,,,,,,0.01,904.01,0.05,48.9,,,0.09336,1776231890000
1776231891.862,291.862,0.99,904.01,0.95,48.9,,,,,,,,,0.01,904.01,0.05,48.9,,,0.093357,1776231891000
1776231893.399,293.399,0.99,904.01,0.95,48.9,,,,,,,,,0.01,904.01,0.05,48.9,,,0.093341,1776231892000
1776231894.847,294.847,0.99,904.01,0.95,48.9,,,,,,,,,0.01,904.01,0.05,48.9,,,0.093337,1776231893000
1776231895.359,295.359,0.99,904.01,0.95,48.9,,,,,,,,,0.01,904.01,0.05,48.9,,,0.093337,1776231894000
1776231895.907,295.907,0.99,904.01,0.95,48.9,,,,,,,,,0.01,904.01,0.05,48.9,,,0.093337,1776231895000
1776231896.949,296.949,0.99,904.01,0.95,48.9,,,,,,,,,0.01,904.01,0.05,48.9,,,0.093341,1776231896000
1776231898.087,298.087,0.99,904.01,0.95,48.9,,,,,,,,,0.01,904.01,0.05,48.9,,,0.093341,1776231897000
1776231899.201,299.201,0.99,904.01,0.95,48.9,,,,,,,,,0.01,904.01,0.05,48.9,,,0.093341,1776231898000
1776231900.308,300.308,0.99,904.01,0.95,48.9,,,,,,,,,0.01,904.01,0.05,48.9,,,0.09335,1776231899000

# RESULT,winner=Up,slug=doge-updown-5m-1776231600,ticks=323
