timestamp,elapsed_sec,up_bid_p1,up_bid_s1,up_bid_p2,up_bid_s2,up_bid_p3,up_bid_s3,up_bid_p4,up_bid_s4,up_bid_p5,up_bid_s5,up_ask_p1,up_ask_s1,up_ask_p2,up_ask_s2,up_ask_p3,up_ask_s3,up_ask_p4,up_ask_s4,up_ask_p5,up_ask_s5,down_bid_p1,down_bid_s1,down_bid_p2,down_bid_s2,down_bid_p3,down_bid_s3,down_bid_p4,down_bid_s4,down_bid_p5,down_bid_s5,down_ask_p1,down_ask_s1,down_ask_p2,down_ask_s2,down_ask_p3,down_ask_s3,down_ask_p4,down_ask_s4,down_ask_p5,down_ask_s5,up_spread,down_spread,doge_price,doge_oracle_ts
1776165611.547,11.547,0.55,5.0,0.52,5.0,0.51,40.48,0.48,10.0,0.47,32.0,0.64,5.0,0.66,19.0,0.67,10.0,0.72,10.0,0.73,10.0,0.36,5.0,0.34,19.0,0.33,10.0,0.28,10.0,0.27,10.0,0.45,5.0,0.48,5.0,0.49,40.48,0.52,10.0,0.53,32.0,0.09,0.09,0.094971,1776165609000
1776165611.771,11.771,0.55,5.0,0.52,5.0,0.51,40.48,0.48,10.0,0.47,32.0,0.64,5.0,0.66,19.0,0.67,10.0,0.72,10.0,0.73,10.0,0.36,5.0,0.34,19.0,0.33,10.0,0.28,10.0,0.27,10.0,0.45,5.0,0.48,5.0,0.49,40.48,0.52,10.0,0.53,32.0,0.09,0.09,0.094972,1776165610000
1776165612.112,12.112,0.55,5.0,0.52,5.0,0.51,40.48,0.48,10.0,0.47,32.0,0.64,5.0,0.66,19.0,0.67,10.0,0.72,10.0,0.73,10.0,0.36,5.0,0.34,19.0,0.33,10.0,0.28,10.0,0.27,10.0,0.45,5.0,0.48,5.0,0.49,40.48,0.52,10.0,0.53,32.0,0.09,0.09,0.094972,1776165610000
1776165612.655,12.655,0.55,5.0,0.52,5.0,0.51,40.48,0.48,10.0,0.47,32.0,0.64,5.0,0.66,19.0,0.67,10.0,0.72,10.0,0.73,10.0,0.36,5.0,0.34,19.0,0.33,10.0,0.28,10.0,0.27,10.0,0.45,5.0,0.48,5.0,0.49,40.48,0.52,10.0,0.53,32.0,0.09,0.09,0.094972,1776165611000
1776165613.501,13.501,0.55,5.0,0.52,5.0,0.51,40.48,0.48,10.0,0.47,32.0,0.64,5.0,0.66,19.0,0.67,10.0,0.72,10.0,0.73,10.0,0.36,5.0,0.34,19.0,0.33,10.0,0.28,10.0,0.27,10.0,0.45,5.0,0.48,5.0,0.49,40.48,0.52,10.0,0.53,32.0,0.09,0.09,0.094997,1776165612000
1776165614.105,14.105,0.55,5.0,0.52,5.0,0.51,40.48,0.48,10.0,0.47,32.0,0.64,5.0,0.66,19.0,0.67,10.0,0.72,10.0,0.73,10.0,0.36,5.0,0.34,19.0,0.33,10.0,0.28,10.0,0.27,10.0,0.45,5.0,0.48,5.0,0.49,40.48,0.52,10.0,0.53,32.0,0.09,0.09,0.095011,1776165613000
1776165615.731,15.731,0.55,5.0,0.52,5.0,0.51,40.48,0.48,10.0,0.47,32.0,0.64,5.0,0.66,19.0,0.67,10.0,0.72,10.0,0.73,10.0,0.36,5.0,0.34,19.0,0.33,10.0,0.28,10.0,0.27,10.0,0.45,5.0,0.48,5.0,0.49,40.48,0.52,10.0,0.53,32.0,0.09,0.09,0.095017,1776165614000
1776165616.497,16.497,0.55,5.0,0.52,5.0,0.51,40.48,0.48,10.0,0.47,32.0,0.64,5.0,0.66,19.0,0.67,10.0,0.72,10.0,0.73,10.0,0.36,5.0,0.34,19.0,0.33,10.0,0.28,10.0,0.27,10.0,0.45,5.0,0.48,5.0,0.49,40.48,0.52,10.0,0.53,32.0,0.09,0.09,0.095016,1776165615000
1776165617.254,17.254,0.55,5.0,0.52,5.0,0.51,40.48,0.48,10.0,0.47,32.0,0.64,5.0,0.66,19.0,0.67,10.0,0.72,10.0,0.73,10.0,0.36,5.0,0.34,19.0,0.33,10.0,0.28,10.0,0.27,10.0,0.45,5.0,0.48,5.0,0.49,40.48,0.52,10.0,0.53,32.0,0.09,0.09,0.095016,1776165616000
1776165618.793,18.793,0.55,5.0,0.52,5.0,0.51,40.48,0.48,10.0,0.47,32.0,0.64,5.0,0.66,19.0,0.67,10.0,0.72,10.0,0.73,10.0,0.36,5.0,0.34,19.0,0.33,10.0,0.28,10.0,0.27,10.0,0.45,5.0,0.48,5.0,0.49,40.48,0.52,10.0,0.53,32.0,0.09,0.09,0.095016,1776165617000
1776165619.501,19.501,0.55,5.0,0.52,5.0,0.51,40.48,0.48,10.0,0.47,32.0,0.64,5.0,0.66,19.0,0.67,10.0,0.72,10.0,0.73,10.0,0.36,5.0,0.34,19.0,0.33,10.0,0.28,10.0,0.27,10.0,0.45,5.0,0.48,5.0,0.49,40.48,0.52,10.0,0.53,32.0,0.09,0.09,0.095016,1776165618000
1776165620.032,20.032,0.41,49.88,0.31,50.0,0.21,50.0,0.11,150.0,0.1,100.0,0.61,5.0,0.63,5.0,0.65,14.0,0.66,10.0,0.69,10.0,0.36,5.0,0.34,19.0,0.33,10.0,0.28,10.0,0.27,10.0,0.45,5.0,0.48,5.0,0.49,40.48,0.52,10.0,0.53,32.0,0.2,0.09,0.095016,1776165618000
1776165620.316,20.316,0.41,49.88,0.31,50.0,0.21,50.0,0.11,150.0,0.1,100.0,0.61,5.0,0.63,5.0,0.65,14.0,0.66,10.0,0.69,10.0,0.39,5.0,0.37,5.0,0.35,14.0,0.34,10.0,0.31,10.0,0.59,49.88,0.69,50.0,0.79,50.0,0.89,150.0,0.9,100.0,0.2,0.2,0.095015,1776165619000
1776165621.823,21.823,0.41,49.88,0.31,50.0,0.21,50.0,0.11,150.0,0.1,100.0,0.61,5.0,0.63,5.0,0.65,14.0,0.66,10.0,0.69,10.0,0.39,5.0,0.37,5.0,0.35,14.0,0.34,10.0,0.31,10.0,0.59,49.88,0.69,50.0,0.79,50.0,0.89,150.0,0.9,100.0,0.2,0.2,0.094994,1776165620000
1776165622.625,22.625,0.41,49.88,0.31,50.0,0.21,50.0,0.11,150.0,0.1,100.0,0.61,5.0,0.63,5.0,0.65,14.0,0.66,10.0,0.69,10.0,0.39,5.0,0.37,5.0,0.35,14.0,0.34,10.0,0.31,10.0,0.59,49.88,0.69,50.0,0.79,50.0,0.89,150.0,0.9,100.0,0.2,0.2,0.094996,1776165621000
1776165623.608,23.608,0.41,49.88,0.31,50.0,0.21,50.0,0.11,150.0,0.1,100.0,0.61,5.0,0.63,5.0,0.65,14.0,0.66,10.0,0.69,10.0,0.39,5.0,0.37,5.0,0.35,14.0,0.34,10.0,0.31,10.0,0.59,49.88,0.69,50.0,0.79,50.0,0.89,150.0,0.9,100.0,0.2,0.2,0.094998,1776165622000
1776165624.186,24.186,0.41,49.88,0.31,50.0,0.21,50.0,0.11,150.0,0.1,100.0,0.61,5.0,0.63,5.0,0.65,14.0,0.66,10.0,0.69,10.0,0.39,5.0,0.37,5.0,0.35,14.0,0.34,10.0,0.31,10.0,0.59,49.88,0.69,50.0,0.79,50.0,0.89,150.0,0.9,100.0,0.2,0.2,0.095016,1776165623000
1776165625.043,25.043,0.41,49.88,0.31,50.0,0.21,50.0,0.11,150.0,0.1,100.0,0.61,5.0,0.63,5.0,0.65,14.0,0.66,10.0,0.69,10.0,0.39,5.0,0.37,5.0,0.35,14.0,0.34,10.0,0.31,10.0,0.59,49.88,0.69,50.0,0.79,50.0,0.89,150.0,0.9,100.0,0.2,0.2,0.095019,1776165624000
1776165626.11,26.11,0.41,49.88,0.31,50.0,0.21,50.0,0.11,150.0,0.1,100.0,0.61,5.0,0.63,5.0,0.65,14.0,0.66,10.0,0.69,10.0,0.39,5.0,0.37,5.0,0.35,14.0,0.34,10.0,0.31,10.0,0.59,49.88,0.69,50.0,0.79,50.0,0.89,150.0,0.9,100.0,0.2,0.2,0.095018,1776165625000
1776165627.044,27.044,0.41,49.88,0.31,50.0,0.21,50.0,0.11,150.0,0.1,100.0,0.61,5.0,0.63,5.0,0.65,14.0,0.66,10.0,0.69,10.0,0.39,5.0,0.37,5.0,0.35,14.0,0.34,10.0,0.31,10.0,0.59,49.88,0.69,50.0,0.79,50.0,0.89,150.0,0.9,100.0,0.2,0.2,0.095005,1776165626000
1776165628.003,28.003,0.41,49.88,0.31,50.0,0.21,50.0,0.11,150.0,0.1,100.0,0.61,5.0,0.63,5.0,0.65,14.0,0.66,10.0,0.69,10.0,0.39,5.0,0.37,5.0,0.35,14.0,0.34,10.0,0.31,10.0,0.59,49.88,0.69,50.0,0.79,50.0,0.89,150.0,0.9,100.0,0.2,0.2,0.094993,1776165627000
1776165629.107,29.107,0.41,49.88,0.31,50.0,0.21,50.0,0.11,150.0,0.1,100.0,0.61,5.0,0.63,5.0,0.65,14.0,0.66,10.0,0.69,10.0,0.39,5.0,0.37,5.0,0.35,14.0,0.34,10.0,0.31,10.0,0.59,49.88,0.69,50.0,0.79,50.0,0.89,150.0,0.9,100.0,0.2,0.2,0.094986,1776165628000
1776165629.974,29.974,0.41,49.88,0.31,50.0,0.21,50.0,0.11,150.0,0.1,100.0,0.61,5.0,0.63,5.0,0.65,14.0,0.66,10.0,0.69,10.0,0.39,5.0,0.37,5.0,0.35,14.0,0.34,10.0,0.31,10.0,0.59,49.88,0.69,50.0,0.79,50.0,0.89,150.0,0.9,100.0,0.2,0.2,0.094985,1776165629000
1776165630.935,30.935,0.5,5.0,0.48,5.0,0.42,11.0,0.37,10.0,0.31,50.0,0.53,4.0,0.58,10.0,0.61,55.0,0.64,5.0,0.65,24.0,0.47,4.0,0.42,10.0,0.39,55.0,0.36,5.0,0.35,24.0,0.5,5.0,0.52,5.0,0.58,11.0,0.63,10.0,0.69,50.0,0.03,0.03,0.094984,1776165630000
1776165631.989,31.989,0.5,5.0,0.48,5.0,0.42,11.0,0.37,10.0,0.31,50.0,0.53,4.0,0.58,10.0,0.61,55.0,0.64,5.0,0.65,24.0,0.47,4.0,0.42,10.0,0.39,55.0,0.36,5.0,0.35,24.0,0.5,5.0,0.52,5.0,0.58,11.0,0.63,10.0,0.69,50.0,0.03,0.03,0.094989,1776165631000
1776165632.868,32.868,0.52,32.0,0.47,10.0,0.41,50.0,0.31,50.0,0.21,50.0,0.65,5.0,0.68,20.0,0.71,50.0,0.74,10.0,0.75,10.0,0.35,5.0,0.32,20.0,0.29,50.0,0.26,10.0,0.25,10.0,0.48,32.0,0.53,10.0,0.59,50.0,0.69,50.0,0.79,50.0,0.13,0.13,0.09499,1776165632000
1776165634.321,34.321,0.52,32.0,0.47,10.0,0.41,50.0,0.31,50.0,0.21,50.0,0.65,5.0,0.68,20.0,0.71,50.0,0.74,10.0,0.75,10.0,0.35,5.0,0.32,20.0,0.29,50.0,0.26,10.0,0.25,10.0,0.48,32.0,0.53,10.0,0.59,50.0,0.69,50.0,0.79,50.0,0.13,0.13,0.095022,1776165633000
1776165635.203,35.203,0.52,32.0,0.47,10.0,0.41,50.0,0.31,50.0,0.21,50.0,0.65,5.0,0.68,20.0,0.71,50.0,0.74,10.0,0.75,10.0,0.35,5.0,0.32,20.0,0.29,50.0,0.26,10.0,0.25,10.0,0.48,32.0,0.53,10.0,0.59,50.0,0.69,50.0,0.79,50.0,0.13,0.13,0.095022,1776165634000
1776165636.229,36.229,0.52,32.0,0.47,10.0,0.41,50.0,0.31,50.0,0.21,50.0,0.65,5.0,0.68,20.0,0.71,50.0,0.74,10.0,0.75,10.0,0.35,5.0,0.32,20.0,0.29,50.0,0.26,10.0,0.25,10.0,0.48,32.0,0.53,10.0,0.59,50.0,0.69,50.0,0.79,50.0,0.13,0.13,0.095021,1776165635000
1776165637.305,37.305,0.52,32.0,0.47,10.0,0.41,50.0,0.31,50.0,0.21,50.0,0.65,5.0,0.68,20.0,0.71,50.0,0.74,10.0,0.75,10.0,0.35,5.0,0.32,20.0,0.29,50.0,0.26,10.0,0.25,10.0,0.48,32.0,0.53,10.0,0.59,50.0,0.69,50.0,0.79,50.0,0.13,0.13,0.095023,1776165636000
1776165638.343,38.343,0.52,32.0,0.47,10.0,0.41,50.0,0.31,50.0,0.21,50.0,0.65,5.0,0.68,20.0,0.71,50.0,0.74,10.0,0.75,10.0,0.35,5.0,0.32,20.0,0.29,50.0,0.26,10.0,0.25,10.0,0.48,32.0,0.53,10.0,0.59,50.0,0.69,50.0,0.79,50.0,0.13,0.13,0.095026,1776165637000
1776165639.222,39.222,0.52,32.0,0.47,10.0,0.41,50.0,0.31,50.0,0.21,50.0,0.65,5.0,0.68,20.0,0.71,50.0,0.74,10.0,0.75,10.0,0.35,5.0,0.32,20.0,0.29,50.0,0.26,10.0,0.25,10.0,0.48,32.0,0.53,10.0,0.59,50.0,0.69,50.0,0.79,50.0,0.13,0.13,0.095025,1776165638000
1776165640.27,40.27,0.52,32.0,0.47,10.0,0.41,50.0,0.31,50.0,0.21,50.0,0.65,5.0,0.68,20.0,0.71,50.0,0.74,10.0,0.75,10.0,0.35,5.0,0.32,20.0,0.29,50.0,0.26,10.0,0.25,10.0,0.48,32.0,0.53,10.0,0.59,50.0,0.69,50.0,0.79,50.0,0.13,0.13,0.095012,1776165639000
1776165641.274,41.274,0.52,32.0,0.47,10.0,0.41,50.0,0.31,50.0,0.21,50.0,0.65,5.0,0.68,20.0,0.71,50.0,0.74,10.0,0.75,10.0,0.35,5.0,0.32,20.0,0.29,50.0,0.26,10.0,0.25,10.0,0.48,32.0,0.53,10.0,0.59,50.0,0.69,50.0,0.79,50.0,0.13,0.13,0.095008,1776165640000
1776165642.287,42.287,0.52,32.0,0.47,10.0,0.41,50.0,0.31,50.0,0.21,50.0,0.65,5.0,0.68,20.0,0.71,50.0,0.74,10.0,0.75,10.0,0.35,5.0,0.32,20.0,0.29,50.0,0.26,10.0,0.25,10.0,0.48,32.0,0.53,10.0,0.59,50.0,0.69,50.0,0.79,50.0,0.13,0.13,0.095008,1776165641000
1776165643.243,43.243,0.52,32.0,0.47,10.0,0.41,50.0,0.31,50.0,0.21,50.0,0.65,5.0,0.68,20.0,0.71,50.0,0.74,10.0,0.75,10.0,0.35,5.0,0.32,20.0,0.29,50.0,0.26,10.0,0.25,10.0,0.48,32.0,0.53,10.0,0.59,50.0,0.69,50.0,0.79,50.0,0.13,0.13,0.095003,1776165642000
1776165644.214,44.214,0.52,32.0,0.47,10.0,0.41,50.0,0.31,50.0,0.21,50.0,0.65,5.0,0.68,20.0,0.71,50.0,0.74,10.0,0.75,10.0,0.35,5.0,0.32,20.0,0.29,50.0,0.26,10.0,0.25,10.0,0.48,32.0,0.53,10.0,0.59,50.0,0.69,50.0,0.79,50.0,0.13,0.13,0.094992,1776165643000
1776165645.154,45.154,0.52,32.0,0.47,10.0,0.41,50.0,0.31,50.0,0.21,50.0,0.65,5.0,0.68,20.0,0.71,50.0,0.74,10.0,0.75,10.0,0.35,5.0,0.32,20.0,0.29,50.0,0.26,10.0,0.25,10.0,0.48,32.0,0.53,10.0,0.59,50.0,0.69,50.0,0.79,50.0,0.13,0.13,0.094992,1776165644000
1776165646.249,46.249,0.52,32.0,0.47,10.0,0.41,50.0,0.31,50.0,0.21,50.0,0.65,5.0,0.68,20.0,0.71,50.0,0.74,10.0,0.75,10.0,0.35,5.0,0.32,20.0,0.29,50.0,0.26,10.0,0.25,10.0,0.48,32.0,0.53,10.0,0.59,50.0,0.69,50.0,0.79,50.0,0.13,0.13,0.094991,1776165645000
1776165647.086,47.086,0.52,32.0,0.47,10.0,0.41,50.0,0.31,50.0,0.21,50.0,0.65,5.0,0.68,20.0,0.71,50.0,0.74,10.0,0.75,10.0,0.35,5.0,0.32,20.0,0.29,50.0,0.26,10.0,0.25,10.0,0.48,32.0,0.53,10.0,0.59,50.0,0.69,50.0,0.79,50.0,0.13,0.13,0.094991,1776165646000
1776165648.105,48.105,0.52,32.0,0.47,10.0,0.41,50.0,0.31,50.0,0.21,50.0,0.65,5.0,0.68,20.0,0.71,50.0,0.74,10.0,0.75,10.0,0.35,5.0,0.32,20.0,0.29,50.0,0.26,10.0,0.25,10.0,0.48,32.0,0.53,10.0,0.59,50.0,0.69,50.0,0.79,50.0,0.13,0.13,0.094991,1776165647000
1776165649.085,49.085,0.52,32.0,0.47,10.0,0.41,50.0,0.31,50.0,0.21,50.0,0.65,5.0,0.68,20.0,0.71,50.0,0.74,10.0,0.75,10.0,0.35,5.0,0.32,20.0,0.29,50.0,0.26,10.0,0.25,10.0,0.48,32.0,0.53,10.0,0.59,50.0,0.69,50.0,0.79,50.0,0.13,0.13,0.094991,1776165648000
1776165650.155,50.155,0.52,32.0,0.47,10.0,0.41,50.0,0.31,50.0,0.21,50.0,0.65,5.0,0.68,20.0,0.71,50.0,0.74,10.0,0.75,10.0,0.35,5.0,0.32,20.0,0.29,50.0,0.26,10.0,0.25,10.0,0.48,32.0,0.53,10.0,0.59,50.0,0.69,50.0,0.79,50.0,0.13,0.13,0.094987,1776165649000
1776165651.243,51.243,0.52,32.0,0.47,10.0,0.41,50.0,0.31,50.0,0.21,50.0,0.65,5.0,0.68,20.0,0.71,50.0,0.74,10.0,0.75,10.0,0.35,5.0,0.32,20.0,0.29,50.0,0.26,10.0,0.25,10.0,0.48,32.0,0.53,10.0,0.59,50.0,0.69,50.0,0.79,50.0,0.13,0.13,0.094968,1776165650000
1776165652.384,52.384,0.52,32.0,0.47,10.0,0.41,50.0,0.31,50.0,0.21,50.0,0.65,5.0,0.68,20.0,0.71,50.0,0.74,10.0,0.75,10.0,0.35,5.0,0.32,20.0,0.29,50.0,0.26,10.0,0.25,10.0,0.48,32.0,0.53,10.0,0.59,50.0,0.69,50.0,0.79,50.0,0.13,0.13,0.094964,1776165651000
1776165652.929,52.929,0.52,32.0,0.47,10.0,0.41,50.0,0.31,50.0,0.21,50.0,0.65,5.0,0.68,20.0,0.71,50.0,0.74,10.0,0.75,10.0,0.35,5.0,0.32,20.0,0.29,50.0,0.26,10.0,0.25,10.0,0.48,32.0,0.53,10.0,0.59,50.0,0.69,50.0,0.79,50.0,0.13,0.13,0.094962,1776165652000
1776165653.977,53.977,0.52,32.0,0.47,10.0,0.41,50.0,0.31,50.0,0.21,50.0,0.65,5.0,0.68,20.0,0.71,50.0,0.74,10.0,0.75,10.0,0.35,5.0,0.32,20.0,0.29,50.0,0.26,10.0,0.25,10.0,0.48,32.0,0.53,10.0,0.59,50.0,0.69,50.0,0.79,50.0,0.13,0.13,0.094956,1776165653000
1776165654.985,54.985,0.52,32.0,0.47,10.0,0.41,50.0,0.31,50.0,0.21,50.0,0.65,5.0,0.68,20.0,0.71,50.0,0.74,10.0,0.75,10.0,0.35,5.0,0.32,20.0,0.29,50.0,0.26,10.0,0.25,10.0,0.48,32.0,0.53,10.0,0.59,50.0,0.69,50.0,0.79,50.0,0.13,0.13,0.094954,1776165654000
1776165656.028,56.028,0.52,32.0,0.47,10.0,0.41,50.0,0.31,50.0,0.21,50.0,0.65,5.0,0.68,20.0,0.71,50.0,0.74,10.0,0.75,10.0,0.35,5.0,0.32,20.0,0.29,50.0,0.26,10.0,0.25,10.0,0.48,32.0,0.53,10.0,0.59,50.0,0.69,50.0,0.79,50.0,0.13,0.13,0.094954,1776165655000
1776165657.278,57.278,0.52,32.0,0.47,10.0,0.41,50.0,0.31,50.0,0.21,50.0,0.65,5.0,0.68,20.0,0.71,50.0,0.74,10.0,0.75,10.0,0.35,5.0,0.32,20.0,0.29,50.0,0.26,10.0,0.25,10.0,0.48,32.0,0.53,10.0,0.59,50.0,0.69,50.0,0.79,50.0,0.13,0.13,0.094953,1776165656000
1776165658.31,58.31,0.52,32.0,0.47,10.0,0.41,50.0,0.31,50.0,0.21,50.0,0.65,5.0,0.68,20.0,0.71,50.0,0.74,10.0,0.75,10.0,0.35,5.0,0.32,20.0,0.29,50.0,0.26,10.0,0.25,10.0,0.48,32.0,0.53,10.0,0.59,50.0,0.69,50.0,0.79,50.0,0.13,0.13,0.094952,1776165657000
1776165659.422,59.422,0.52,32.0,0.47,10.0,0.41,50.0,0.31,50.0,0.21,50.0,0.65,5.0,0.68,20.0,0.71,50.0,0.74,10.0,0.75,10.0,0.35,5.0,0.32,20.0,0.29,50.0,0.26,10.0,0.25,10.0,0.48,32.0,0.53,10.0,0.59,50.0,0.69,50.0,0.79,50.0,0.13,0.13,0.094953,1776165658000
1776165659.967,59.967,0.52,32.0,0.47,10.0,0.41,50.0,0.31,50.0,0.21,50.0,0.65,5.0,0.68,20.0,0.71,50.0,0.74,10.0,0.75,10.0,0.35,5.0,0.32,20.0,0.29,50.0,0.26,10.0,0.25,10.0,0.48,32.0,0.53,10.0,0.59,50.0,0.69,50.0,0.79,50.0,0.13,0.13,0.094952,1776165659000
1776165661.245,61.245,0.52,32.0,0.47,10.0,0.41,50.0,0.31,50.0,0.21,50.0,0.65,5.0,0.68,20.0,0.71,50.0,0.74,10.0,0.75,10.0,0.35,5.0,0.32,20.0,0.29,50.0,0.26,10.0,0.25,10.0,0.48,32.0,0.53,10.0,0.59,50.0,0.69,50.0,0.79,50.0,0.13,0.13,0.094938,1776165660000
1776165662.393,62.393,0.33,5.0,0.32,6.0,0.3,12.4,0.29,34.6,0.28,12.9,0.41,47.43,0.43,5.0,0.47,15.0,0.5,10.0,0.51,60.0,0.35,5.0,0.32,20.0,0.29,50.0,0.26,10.0,0.25,10.0,0.48,32.0,0.53,10.0,0.59,50.0,0.69,50.0,0.79,50.0,0.08,0.13,0.094938,1776165660000
1776165663.556,63.556,0.33,5.0,0.32,6.0,0.3,12.4,0.29,34.6,0.28,12.9,0.41,47.43,0.43,5.0,0.47,15.0,0.5,10.0,0.51,60.0,0.59,47.43,0.57,5.0,0.53,15.0,0.5,10.0,0.49,60.0,0.67,5.0,0.68,6.0,0.7,12.4,0.71,34.6,0.72,12.9,0.08,0.08,0.094899,1776165662000
1776165664.153,64.153,0.28,12.9,0.27,36.2,0.26,13.5,0.25,13.9,0.24,34.3,0.31,45.0,0.41,52.43,0.45,5.0,0.46,10.0,0.48,10.0,0.59,47.43,0.57,5.0,0.53,15.0,0.5,10.0,0.49,60.0,0.67,5.0,0.68,6.0,0.7,12.4,0.71,34.6,0.72,12.9,0.03,0.08,0.094899,1776165662000
1776165665.714,65.714,0.28,12.9,0.27,36.2,0.26,13.5,0.25,13.9,0.24,34.3,0.31,45.0,0.41,52.43,0.45,5.0,0.46,10.0,0.48,10.0,0.69,45.0,0.59,52.43,0.55,5.0,0.54,10.0,0.52,10.0,0.72,12.9,0.73,36.2,0.74,13.5,0.75,13.9,0.76,34.3,0.03,0.03,0.094883,1776165664000
1776165666.415,66.415,0.28,12.9,0.27,36.2,0.26,13.5,0.25,13.9,0.24,34.3,0.31,45.0,0.41,52.43,0.45,5.0,0.46,10.0,0.48,10.0,0.69,45.0,0.59,52.43,0.55,5.0,0.54,10.0,0.52,10.0,0.72,12.9,0.73,36.2,0.74,13.5,0.75,13.9,0.76,34.3,0.03,0.03,0.094875,1776165665000
1776165667.119,67.119,0.28,12.9,0.27,36.2,0.26,13.5,0.25,13.9,0.24,34.3,0.31,45.0,0.41,52.43,0.45,5.0,0.46,10.0,0.48,10.0,0.69,45.0,0.59,52.43,0.55,5.0,0.54,10.0,0.52,10.0,0.72,12.9,0.73,36.2,0.74,13.5,0.75,13.9,0.76,34.3,0.03,0.03,0.094864,1776165666000
1776165668.313,68.313,0.28,12.9,0.27,36.2,0.26,13.5,0.25,13.9,0.24,34.3,0.31,45.0,0.41,52.43,0.45,5.0,0.46,10.0,0.48,10.0,0.69,45.0,0.59,52.43,0.55,5.0,0.54,10.0,0.52,10.0,0.72,12.9,0.73,36.2,0.74,13.5,0.75,13.9,0.76,34.3,0.03,0.03,0.094864,1776165667000
1776165669.006,69.006,0.28,12.9,0.27,36.2,0.26,13.5,0.25,13.9,0.24,34.3,0.31,45.0,0.41,52.43,0.45,5.0,0.46,10.0,0.48,10.0,0.69,45.0,0.59,52.43,0.55,5.0,0.54,10.0,0.52,10.0,0.72,12.9,0.73,36.2,0.74,13.5,0.75,13.9,0.76,34.3,0.03,0.03,0.094863,1776165668000
1776165670.271,70.271,0.28,12.9,0.27,36.2,0.26,13.5,0.25,13.9,0.24,34.3,0.31,45.0,0.41,52.43,0.45,5.0,0.46,10.0,0.48,10.0,0.69,45.0,0.59,52.43,0.55,5.0,0.54,10.0,0.52,10.0,0.72,12.9,0.73,36.2,0.74,13.5,0.75,13.9,0.76,34.3,0.03,0.03,0.094852,1776165669000
1776165671.491,71.491,0.28,12.9,0.27,36.2,0.26,13.5,0.25,13.9,0.24,34.3,0.31,45.0,0.41,52.43,0.45,5.0,0.46,10.0,0.48,10.0,0.69,45.0,0.59,52.43,0.55,5.0,0.54,10.0,0.52,10.0,0.72,12.9,0.73,36.2,0.74,13.5,0.75,13.9,0.76,34.3,0.03,0.03,0.094848,1776165670000
1776165672.182,72.182,0.28,12.9,0.27,36.2,0.26,13.5,0.25,13.9,0.24,34.3,0.31,45.0,0.41,52.43,0.45,5.0,0.46,10.0,0.48,10.0,0.69,45.0,0.59,52.43,0.55,5.0,0.54,10.0,0.52,10.0,0.72,12.9,0.73,36.2,0.74,13.5,0.75,13.9,0.76,34.3,0.03,0.03,0.09485,1776165671000
1776165673.51,73.51,0.28,12.9,0.27,36.2,0.26,13.5,0.25,13.9,0.24,34.3,0.31,45.0,0.41,52.43,0.45,5.0,0.46,10.0,0.48,10.0,0.69,45.0,0.59,52.43,0.55,5.0,0.54,10.0,0.52,10.0,0.72,12.9,0.73,36.2,0.74,13.5,0.75,13.9,0.76,34.3,0.03,0.03,0.094849,1776165672000
1776165674.25,74.25,0.28,12.9,0.27,36.2,0.26,13.5,0.25,13.9,0.24,34.3,0.31,45.0,0.41,52.43,0.45,5.0,0.46,10.0,0.48,10.0,0.69,45.0,0.59,52.43,0.55,5.0,0.54,10.0,0.52,10.0,0.72,12.9,0.73,36.2,0.74,13.5,0.75,13.9,0.76,34.3,0.03,0.03,0.094844,1776165673000
1776165675.577,75.577,0.28,12.9,0.27,36.2,0.26,13.5,0.25,13.9,0.24,34.3,0.31,45.0,0.41,52.43,0.45,5.0,0.46,10.0,0.48,10.0,0.69,45.0,0.59,52.43,0.55,5.0,0.54,10.0,0.52,10.0,0.72,12.9,0.73,36.2,0.74,13.5,0.75,13.9,0.76,34.3,0.03,0.03,0.094841,1776165674000
1776165676.254,76.254,0.28,12.9,0.27,36.2,0.26,13.5,0.25,13.9,0.24,34.3,0.31,45.0,0.41,52.43,0.45,5.0,0.46,10.0,0.48,10.0,0.69,45.0,0.59,52.43,0.55,5.0,0.54,10.0,0.52,10.0,0.72,12.9,0.73,36.2,0.74,13.5,0.75,13.9,0.76,34.3,0.03,0.03,0.094841,1776165675000
1776165677.651,77.651,0.28,12.9,0.27,36.2,0.26,13.5,0.25,13.9,0.24,34.3,0.31,45.0,0.41,52.43,0.45,5.0,0.46,10.0,0.48,10.0,0.69,45.0,0.59,52.43,0.55,5.0,0.54,10.0,0.52,10.0,0.72,12.9,0.73,36.2,0.74,13.5,0.75,13.9,0.76,34.3,0.03,0.03,0.094833,1776165676000
1776165678.262,78.262,0.28,12.9,0.27,36.2,0.26,13.5,0.25,13.9,0.24,34.3,0.31,45.0,0.41,52.43,0.45,5.0,0.46,10.0,0.48,10.0,0.69,45.0,0.59,52.43,0.55,5.0,0.54,10.0,0.52,10.0,0.72,12.9,0.73,36.2,0.74,13.5,0.75,13.9,0.76,34.3,0.03,0.03,0.094833,1776165677000
1776165679.638,79.638,0.28,12.9,0.27,36.2,0.26,13.5,0.25,13.9,0.24,34.3,0.31,45.0,0.41,52.43,0.45,5.0,0.46,10.0,0.48,10.0,0.69,45.0,0.59,52.43,0.55,5.0,0.54,10.0,0.52,10.0,0.72,12.9,0.73,36.2,0.74,13.5,0.75,13.9,0.76,34.3,0.03,0.03,0.094833,1776165678000
1776165680.648,80.648,0.28,12.9,0.27,36.2,0.26,13.5,0.25,13.9,0.24,34.3,0.31,45.0,0.41,52.43,0.45,5.0,0.46,10.0,0.48,10.0,0.69,45.0,0.59,52.43,0.55,5.0,0.54,10.0,0.52,10.0,0.72,12.9,0.73,36.2,0.74,13.5,0.75,13.9,0.76,34.3,0.03,0.03,0.094833,1776165679000
1776165681.18,81.18,0.28,12.9,0.27,36.2,0.26,13.5,0.25,13.9,0.24,34.3,0.31,45.0,0.41,52.43,0.45,5.0,0.46,10.0,0.48,10.0,0.69,45.0,0.59,52.43,0.55,5.0,0.54,10.0,0.52,10.0,0.72,12.9,0.73,36.2,0.74,13.5,0.75,13.9,0.76,34.3,0.03,0.03,0.094832,1776165680000
1776165682.282,82.282,0.28,12.9,0.27,36.2,0.26,13.5,0.25,13.9,0.24,34.3,0.31,45.0,0.41,52.43,0.45,5.0,0.46,10.0,0.48,10.0,0.69,45.0,0.59,52.43,0.55,5.0,0.54,10.0,0.52,10.0,0.72,12.9,0.73,36.2,0.74,13.5,0.75,13.9,0.76,34.3,0.03,0.03,0.094831,1776165681000
1776165683.361,83.361,0.21,9.9,0.2,16.2,0.19,21.89,0.18,64.6,0.17,28.39,0.31,45.0,0.33,5.0,0.38,11.0,0.39,20.9,0.4,15.8,0.69,45.0,0.67,5.0,0.62,11.0,0.61,20.9,0.6,15.8,0.79,9.9,0.8,16.2,0.81,21.89,0.82,64.6,0.83,28.39,0.1,0.1,0.094831,1776165682000
1776165684.341,84.341,0.21,9.9,0.2,16.2,0.19,21.89,0.18,64.6,0.17,28.39,0.31,45.0,0.33,5.0,0.38,11.0,0.39,20.9,0.4,15.8,0.69,45.0,0.67,5.0,0.62,11.0,0.61,20.9,0.6,15.8,0.79,9.9,0.8,16.2,0.81,21.89,0.82,64.6,0.83,28.39,0.1,0.1,0.094831,1776165683000
1776165684.868,84.868,0.21,9.9,0.2,16.2,0.19,21.89,0.18,64.6,0.17,28.39,0.31,45.0,0.33,5.0,0.38,11.0,0.39,20.9,0.4,15.8,0.69,45.0,0.67,5.0,0.62,11.0,0.61,20.9,0.6,15.8,0.79,9.9,0.8,16.2,0.81,21.89,0.82,64.6,0.83,28.39,0.1,0.1,0.094831,1776165684000
1776165685.851,85.851,0.21,9.9,0.2,16.2,0.19,21.89,0.18,64.6,0.17,28.39,0.31,45.0,0.33,5.0,0.38,11.0,0.39,20.9,0.4,15.8,0.69,45.0,0.67,5.0,0.62,11.0,0.61,20.9,0.6,15.8,0.79,9.9,0.8,16.2,0.81,21.89,0.82,64.6,0.83,28.39,0.1,0.1,0.094831,1776165685000
1776165687.357,87.357,0.21,9.9,0.2,16.2,0.19,21.89,0.18,64.6,0.17,28.39,0.31,45.0,0.33,5.0,0.38,11.0,0.39,20.9,0.4,15.8,0.69,45.0,0.67,5.0,0.62,11.0,0.61,20.9,0.6,15.8,0.79,9.9,0.8,16.2,0.81,21.89,0.82,64.6,0.83,28.39,0.1,0.1,0.094831,1776165686000
1776165687.879,87.879,0.21,9.9,0.2,16.2,0.19,21.89,0.18,64.6,0.17,28.39,0.31,45.0,0.33,5.0,0.38,11.0,0.39,20.9,0.4,15.8,0.69,45.0,0.67,5.0,0.62,11.0,0.61,20.9,0.6,15.8,0.79,9.9,0.8,16.2,0.81,21.89,0.82,64.6,0.83,28.39,0.1,0.1,0.094831,1776165687000
1776165688.906,88.906,0.21,9.9,0.2,16.2,0.19,21.89,0.18,64.6,0.17,28.39,0.31,45.0,0.33,5.0,0.38,11.0,0.39,20.9,0.4,15.8,0.69,45.0,0.67,5.0,0.62,11.0,0.61,20.9,0.6,15.8,0.79,9.9,0.8,16.2,0.81,21.89,0.82,64.6,0.83,28.39,0.1,0.1,0.094831,1776165688000
1776165689.944,89.944,0.21,9.9,0.2,16.2,0.19,21.89,0.18,64.6,0.17,28.39,0.31,45.0,0.33,5.0,0.38,11.0,0.39,20.9,0.4,15.8,0.69,45.0,0.67,5.0,0.62,11.0,0.61,20.9,0.6,15.8,0.79,9.9,0.8,16.2,0.81,21.89,0.82,64.6,0.83,28.39,0.1,0.1,0.094821,1776165689000
1776165690.96,90.96,0.21,9.9,0.2,16.2,0.19,21.89,0.18,64.6,0.17,28.39,0.31,45.0,0.33,5.0,0.38,11.0,0.39,20.9,0.4,15.8,0.69,45.0,0.67,5.0,0.62,11.0,0.61,20.9,0.6,15.8,0.79,9.9,0.8,16.2,0.81,21.89,0.82,64.6,0.83,28.39,0.1,0.1,0.094819,1776165690000
1776165692.03,92.03,0.21,9.9,0.2,16.2,0.19,21.89,0.18,64.6,0.17,28.39,0.31,45.0,0.33,5.0,0.38,11.0,0.39,20.9,0.4,15.8,0.69,45.0,0.67,5.0,0.62,11.0,0.61,20.9,0.6,15.8,0.79,9.9,0.8,16.2,0.81,21.89,0.82,64.6,0.83,28.39,0.1,0.1,0.094818,1776165691000
1776165693.063,93.063,0.21,9.9,0.2,16.2,0.19,21.89,0.18,64.6,0.17,28.39,0.31,45.0,0.33,5.0,0.38,11.0,0.39,20.9,0.4,15.8,0.69,45.0,0.67,5.0,0.62,11.0,0.61,20.9,0.6,15.8,0.79,9.9,0.8,16.2,0.81,21.89,0.82,64.6,0.83,28.39,0.1,0.1,0.094815,1776165692000
1776165693.937,93.937,0.21,9.9,0.2,16.2,0.19,21.89,0.18,64.6,0.17,28.39,0.31,45.0,0.33,5.0,0.38,11.0,0.39,20.9,0.4,15.8,0.69,45.0,0.67,5.0,0.62,11.0,0.61,20.9,0.6,15.8,0.79,9.9,0.8,16.2,0.81,21.89,0.82,64.6,0.83,28.39,0.1,0.1,0.094814,1776165693000
1776165695.605,95.605,0.21,9.9,0.2,16.2,0.19,21.89,0.18,64.6,0.17,28.39,0.31,45.0,0.33,5.0,0.38,11.0,0.39,20.9,0.4,15.8,0.69,45.0,0.67,5.0,0.62,11.0,0.61,20.9,0.6,15.8,0.79,9.9,0.8,16.2,0.81,21.89,0.82,64.6,0.83,28.39,0.1,0.1,0.09481,1776165694000
1776165696.181,96.181,0.21,9.9,0.2,16.2,0.19,21.89,0.18,64.6,0.17,28.39,0.31,45.0,0.33,5.0,0.38,11.0,0.39,20.9,0.4,15.8,0.69,45.0,0.67,5.0,0.62,11.0,0.61,20.9,0.6,15.8,0.79,9.9,0.8,16.2,0.81,21.89,0.82,64.6,0.83,28.39,0.1,0.1,0.094806,1776165695000
1776165697.255,97.255,0.21,9.9,0.2,16.2,0.19,21.89,0.18,64.6,0.17,28.39,0.31,45.0,0.33,5.0,0.38,11.0,0.39,20.9,0.4,15.8,0.69,45.0,0.67,5.0,0.62,11.0,0.61,20.9,0.6,15.8,0.79,9.9,0.8,16.2,0.81,21.89,0.82,64.6,0.83,28.39,0.1,0.1,0.094807,1776165696000
1776165698.371,98.371,0.21,9.9,0.2,16.2,0.19,21.89,0.18,64.6,0.17,28.39,0.31,45.0,0.33,5.0,0.38,11.0,0.39,20.9,0.4,15.8,0.69,45.0,0.67,5.0,0.62,11.0,0.61,20.9,0.6,15.8,0.79,9.9,0.8,16.2,0.81,21.89,0.82,64.6,0.83,28.39,0.1,0.1,0.094801,1776165697000
1776165699.417,99.417,0.21,9.9,0.2,16.2,0.19,21.89,0.18,64.6,0.17,28.39,0.31,45.0,0.33,5.0,0.38,11.0,0.39,20.9,0.4,15.8,0.69,45.0,0.67,5.0,0.62,11.0,0.61,20.9,0.6,15.8,0.79,9.9,0.8,16.2,0.81,21.89,0.82,64.6,0.83,28.39,0.1,0.1,0.094783,1776165698000
1776165699.618,99.618,0.13,16.22,0.12,34.6,0.11,36.6,0.1,43.9,0.09,41.7,0.24,5.0,0.26,13.5,0.27,13.2,0.28,12.9,0.29,12.6,0.69,45.0,0.67,5.0,0.62,11.0,0.61,20.9,0.6,15.8,0.79,9.9,0.8,16.2,0.81,21.89,0.82,64.6,0.83,28.39,0.11,0.1,0.094783,1776165698000
1776165700.026,100.026,0.13,16.22,0.12,34.6,0.11,36.6,0.1,43.9,0.09,41.7,0.24,5.0,0.26,13.5,0.27,13.2,0.28,12.9,0.29,12.6,0.76,5.0,0.74,13.5,0.73,13.2,0.72,12.9,0.71,12.6,0.87,16.22,0.88,34.6,0.89,36.6,0.9,43.9,0.91,41.7,0.11,0.11,0.09478,1776165699000
1776165700.571,100.571,0.11,25.47,0.1,28.9,0.09,41.7,0.08,50.29,0.07,49.9,0.21,55.0,0.24,14.3,0.25,13.9,0.26,13.5,0.27,19.2,0.76,5.0,0.74,13.5,0.73,13.2,0.72,12.9,0.71,12.6,0.87,16.22,0.88,34.6,0.89,36.6,0.9,43.9,0.91,41.7,0.1,0.11,0.09478,1776165699000
1776165701.396,101.396,0.11,25.47,0.1,28.9,0.09,41.7,0.08,50.29,0.07,49.9,0.21,55.0,0.24,14.3,0.25,13.9,0.26,13.5,0.27,19.2,0.79,55.0,0.76,14.3,0.75,13.9,0.74,13.5,0.73,19.2,0.89,25.47,0.9,28.9,0.91,41.7,0.92,50.29,0.93,49.9,0.1,0.1,0.094782,1776165700000
1776165701.946,101.946,0.11,25.47,0.1,28.9,0.09,41.7,0.08,50.29,0.07,49.9,0.21,55.0,0.24,14.3,0.25,13.9,0.26,13.5,0.27,19.2,0.79,55.0,0.76,14.3,0.75,13.9,0.74,13.5,0.73,19.2,0.89,25.47,0.9,28.9,0.91,41.7,0.92,50.29,0.93,49.9,0.1,0.1,0.094778,1776165701000
1776165703.098,103.098,0.11,25.47,0.1,28.9,0.09,41.7,0.08,50.29,0.07,49.9,0.21,55.0,0.24,14.3,0.25,13.9,0.26,13.5,0.27,19.2,0.79,55.0,0.76,14.3,0.75,13.9,0.74,13.5,0.73,19.2,0.89,25.47,0.9,28.9,0.91,41.7,0.92,50.29,0.93,49.9,0.1,0.1,0.094766,1776165702000
1776165704.165,104.165,0.11,25.47,0.1,28.9,0.09,41.7,0.08,50.29,0.07,49.9,0.21,55.0,0.24,14.3,0.25,13.9,0.26,13.5,0.27,19.2,0.79,55.0,0.76,14.3,0.75,13.9,0.74,13.5,0.73,19.2,0.89,25.47,0.9,28.9,0.91,41.7,0.92,50.29,0.93,49.9,0.1,0.1,0.094766,1776165703000
1776165705.29,105.29,0.11,35.47,0.1,38.9,0.09,46.7,0.08,45.29,0.07,49.9,0.21,50.0,0.22,5.0,0.25,19.9,0.26,13.5,0.27,13.2,0.79,50.0,0.78,5.0,0.75,19.9,0.74,13.5,0.73,13.2,0.89,35.47,0.9,38.9,0.91,46.7,0.92,45.29,0.93,49.9,0.1,0.1,0.094756,1776165704000
1776165706.483,106.483,0.11,35.47,0.1,38.9,0.09,46.7,0.08,45.29,0.07,49.9,0.21,50.0,0.22,5.0,0.25,19.9,0.26,13.5,0.27,13.2,0.79,50.0,0.78,5.0,0.75,19.9,0.74,13.5,0.73,13.2,0.89,35.47,0.9,38.9,0.91,46.7,0.92,45.29,0.93,49.9,0.1,0.1,0.094765,1776165705000
1776165707.051,107.051,0.11,35.47,0.1,38.9,0.09,46.7,0.08,45.29,0.07,49.9,0.21,50.0,0.22,5.0,0.25,19.9,0.26,13.5,0.27,13.2,0.79,50.0,0.78,5.0,0.75,19.9,0.74,13.5,0.73,13.2,0.89,35.47,0.9,38.9,0.91,46.7,0.92,45.29,0.93,49.9,0.1,0.1,0.094765,1776165706000
1776165708.136,108.136,0.11,35.47,0.1,38.9,0.09,46.7,0.08,45.29,0.07,49.9,0.21,50.0,0.22,5.0,0.25,19.9,0.26,13.5,0.27,13.2,0.79,50.0,0.78,5.0,0.75,19.9,0.74,13.5,0.73,13.2,0.89,35.47,0.9,38.9,0.91,46.7,0.92,45.29,0.93,49.9,0.1,0.1,0.094767,1776165707000
1776165709.166,109.166,0.11,35.47,0.1,38.9,0.09,46.7,0.08,45.29,0.07,49.9,0.21,50.0,0.22,5.0,0.25,19.9,0.26,13.5,0.27,13.2,0.79,50.0,0.78,5.0,0.75,19.9,0.74,13.5,0.73,13.2,0.89,35.47,0.9,38.9,0.91,46.7,0.92,45.29,0.93,49.9,0.1,0.1,0.094767,1776165708000
1776165710.099,110.099,0.11,35.47,0.1,38.9,0.09,46.7,0.08,45.29,0.07,49.9,0.21,50.0,0.22,5.0,0.25,19.9,0.26,13.5,0.27,13.2,0.79,50.0,0.78,5.0,0.75,19.9,0.74,13.5,0.73,13.2,0.89,35.47,0.9,38.9,0.91,46.7,0.92,45.29,0.93,49.9,0.1,0.1,0.094765,1776165709000
1776165711.083,111.083,0.11,35.47,0.1,38.9,0.09,46.7,0.08,45.29,0.07,49.9,0.21,50.0,0.22,5.0,0.25,19.9,0.26,13.5,0.27,13.2,0.79,50.0,0.78,5.0,0.75,19.9,0.74,13.5,0.73,13.2,0.89,35.47,0.9,38.9,0.91,46.7,0.92,45.29,0.93,49.9,0.1,0.1,0.094764,1776165710000
1776165712.653,112.653,0.11,35.47,0.1,38.9,0.09,46.7,0.08,45.29,0.07,49.9,0.21,50.0,0.22,5.0,0.25,19.9,0.26,13.5,0.27,13.2,0.79,50.0,0.78,5.0,0.75,19.9,0.74,13.5,0.73,13.2,0.89,35.47,0.9,38.9,0.91,46.7,0.92,45.29,0.93,49.9,0.1,0.1,0.094764,1776165711000
1776165713.171,113.171,0.11,35.47,0.1,38.9,0.09,46.7,0.08,45.29,0.07,49.9,0.21,50.0,0.22,5.0,0.25,19.9,0.26,13.5,0.27,13.2,0.79,50.0,0.78,5.0,0.75,19.9,0.74,13.5,0.73,13.2,0.89,35.47,0.9,38.9,0.91,46.7,0.92,45.29,0.93,49.9,0.1,0.1,0.094764,1776165712000
1776165714.215,114.215,0.11,35.47,0.1,38.9,0.09,46.7,0.08,45.29,0.07,49.9,0.21,50.0,0.22,5.0,0.25,19.9,0.26,13.5,0.27,13.2,0.79,50.0,0.78,5.0,0.75,19.9,0.74,13.5,0.73,13.2,0.89,35.47,0.9,38.9,0.91,46.7,0.92,45.29,0.93,49.9,0.1,0.1,0.094763,1776165713000
1776165715.401,115.401,0.11,35.47,0.1,38.9,0.09,46.7,0.08,45.29,0.07,49.9,0.21,50.0,0.22,5.0,0.25,19.9,0.26,13.5,0.27,13.2,0.79,50.0,0.78,5.0,0.75,19.9,0.74,13.5,0.73,13.2,0.89,35.47,0.9,38.9,0.91,46.7,0.92,45.29,0.93,49.9,0.1,0.1,0.094764,1776165714000
1776165716.31,116.31,0.11,35.47,0.1,38.9,0.09,46.7,0.08,45.29,0.07,49.9,0.21,50.0,0.22,5.0,0.25,19.9,0.26,13.5,0.27,13.2,0.79,50.0,0.78,5.0,0.75,19.9,0.74,13.5,0.73,13.2,0.89,35.47,0.9,38.9,0.91,46.7,0.92,45.29,0.93,49.9,0.1,0.1,0.094764,1776165715000
1776165716.885,116.885,0.11,35.47,0.1,38.9,0.09,46.7,0.08,45.29,0.07,49.9,0.21,50.0,0.22,5.0,0.25,19.9,0.26,13.5,0.27,13.2,0.79,50.0,0.78,5.0,0.75,19.9,0.74,13.5,0.73,13.2,0.89,35.47,0.9,38.9,0.91,46.7,0.92,45.29,0.93,49.9,0.1,0.1,0.094764,1776165716000
1776165717.918,117.918,0.11,35.47,0.1,38.9,0.09,46.7,0.08,45.29,0.07,49.9,0.21,50.0,0.22,5.0,0.25,19.9,0.26,13.5,0.27,13.2,0.79,50.0,0.78,5.0,0.75,19.9,0.74,13.5,0.73,13.2,0.89,35.47,0.9,38.9,0.91,46.7,0.92,45.29,0.93,49.9,0.1,0.1,0.094751,1776165717000
1776165718.99,118.99,0.11,35.47,0.1,38.9,0.09,46.7,0.08,45.29,0.07,49.9,0.21,50.0,0.22,5.0,0.25,19.9,0.26,13.5,0.27,13.2,0.79,50.0,0.78,5.0,0.75,19.9,0.74,13.5,0.73,13.2,0.89,35.47,0.9,38.9,0.91,46.7,0.92,45.29,0.93,49.9,0.1,0.1,0.094739,1776165718000
1776165719.89,119.89,0.11,35.47,0.1,38.9,0.09,46.7,0.08,45.29,0.07,49.9,0.21,50.0,0.22,5.0,0.25,19.9,0.26,13.5,0.27,13.2,0.79,50.0,0.78,5.0,0.75,19.9,0.74,13.5,0.73,13.2,0.89,35.47,0.9,38.9,0.91,46.7,0.92,45.29,0.93,49.9,0.1,0.1,0.094739,1776165719000
1776165720.879,120.879,0.11,35.47,0.1,38.9,0.09,46.7,0.08,45.29,0.07,49.9,0.21,50.0,0.22,5.0,0.25,19.9,0.26,13.5,0.27,13.2,0.79,50.0,0.78,5.0,0.75,19.9,0.74,13.5,0.73,13.2,0.89,35.47,0.9,38.9,0.91,46.7,0.92,45.29,0.93,49.9,0.1,0.1,0.094739,1776165720000
1776165722.865,122.865,0.11,35.47,0.1,38.9,0.09,46.7,0.08,45.29,0.07,49.9,0.21,50.0,0.22,5.0,0.25,19.9,0.26,13.5,0.27,13.2,0.79,50.0,0.78,5.0,0.75,19.9,0.74,13.5,0.73,13.2,0.89,35.47,0.9,38.9,0.91,46.7,0.92,45.29,0.93,49.9,0.1,0.1,0.094732,1776165721000
1776165723.266,123.266,0.11,35.47,0.1,38.9,0.09,46.7,0.08,45.29,0.07,49.9,0.21,50.0,0.22,5.0,0.25,19.9,0.26,13.5,0.27,13.2,0.79,50.0,0.78,5.0,0.75,19.9,0.74,13.5,0.73,13.2,0.89,35.47,0.9,38.9,0.91,46.7,0.92,45.29,0.93,49.9,0.1,0.1,0.094731,1776165722000
1776165724.382,124.382,0.11,35.47,0.1,38.9,0.09,46.7,0.08,45.29,0.07,49.9,0.21,50.0,0.22,5.0,0.25,19.9,0.26,13.5,0.27,13.2,0.79,50.0,0.78,5.0,0.75,19.9,0.74,13.5,0.73,13.2,0.89,35.47,0.9,38.9,0.91,46.7,0.92,45.29,0.93,49.9,0.1,0.1,0.094731,1776165723000
1776165725.324,125.324,0.11,35.47,0.1,38.9,0.09,46.7,0.08,45.29,0.07,49.9,0.21,50.0,0.22,5.0,0.25,19.9,0.26,13.5,0.27,13.2,0.79,50.0,0.78,5.0,0.75,19.9,0.74,13.5,0.73,13.2,0.89,35.47,0.9,38.9,0.91,46.7,0.92,45.29,0.93,49.9,0.1,0.1,0.094721,1776165724000
1776165726.362,126.362,0.11,35.47,0.1,38.9,0.09,46.7,0.08,45.29,0.07,49.9,0.21,50.0,0.22,5.0,0.25,19.9,0.26,13.5,0.27,13.2,0.79,50.0,0.78,5.0,0.75,19.9,0.74,13.5,0.73,13.2,0.89,35.47,0.9,38.9,0.91,46.7,0.92,45.29,0.93,49.9,0.1,0.1,0.094719,1776165725000
1776165726.843,126.843,0.11,35.47,0.1,38.9,0.09,46.7,0.08,45.29,0.07,49.9,0.21,50.0,0.22,5.0,0.25,19.9,0.26,13.5,0.27,13.2,0.79,50.0,0.78,5.0,0.75,19.9,0.74,13.5,0.73,13.2,0.89,35.47,0.9,38.9,0.91,46.7,0.92,45.29,0.93,49.9,0.1,0.1,0.094719,1776165726000
1776165728.345,128.345,0.11,35.47,0.1,38.9,0.09,46.7,0.08,45.29,0.07,49.9,0.21,50.0,0.22,5.0,0.25,19.9,0.26,13.5,0.27,13.2,0.79,50.0,0.78,5.0,0.75,19.9,0.74,13.5,0.73,13.2,0.89,35.47,0.9,38.9,0.91,46.7,0.92,45.29,0.93,49.9,0.1,0.1,0.094712,1776165727000
1776165728.757,128.757,0.06,45.09,0.05,59.7,0.04,77.7,0.03,89.3,0.02,147.69,0.14,10.0,0.15,14.0,0.16,19.3,0.17,18.39,0.18,17.6,0.79,50.0,0.78,5.0,0.75,19.9,0.74,13.5,0.73,13.2,0.89,35.47,0.9,38.9,0.91,46.7,0.92,45.29,0.93,49.9,0.08,0.1,0.094712,1776165727000
1776165729.24,129.24,0.06,45.09,0.05,59.7,0.04,77.7,0.03,89.3,0.02,147.69,0.14,10.0,0.15,14.0,0.16,19.3,0.17,18.39,0.18,17.6,0.86,10.0,0.85,14.0,0.84,19.3,0.83,18.39,0.82,17.6,0.94,45.09,0.95,59.7,0.96,77.7,0.97,89.3,0.98,147.69,0.08,0.08,0.0947,1776165728000
1776165730.3,130.3,0.06,45.09,0.05,59.7,0.04,77.7,0.03,89.3,0.02,147.69,0.14,10.0,0.15,14.0,0.16,19.3,0.17,18.39,0.18,17.6,0.86,10.0,0.85,14.0,0.84,19.3,0.83,18.39,0.82,17.6,0.94,45.09,0.95,59.7,0.96,77.7,0.97,89.3,0.98,147.69,0.08,0.08,0.094703,1776165729000
1776165731.241,131.241,0.06,45.09,0.05,59.7,0.04,77.7,0.03,89.3,0.02,147.69,0.14,10.0,0.15,14.0,0.16,19.3,0.17,18.39,0.18,17.6,0.86,10.0,0.85,14.0,0.84,19.3,0.83,18.39,0.82,17.6,0.94,45.09,0.95,59.7,0.96,77.7,0.97,89.3,0.98,147.69,0.08,0.08,0.094705,1776165730000
1776165732.192,132.192,0.06,45.09,0.05,59.7,0.04,77.7,0.03,89.3,0.02,147.69,0.14,10.0,0.15,14.0,0.16,19.3,0.17,18.39,0.18,17.6,0.86,10.0,0.85,14.0,0.84,19.3,0.83,18.39,0.82,17.6,0.94,45.09,0.95,59.7,0.96,77.7,0.97,89.3,0.98,147.69,0.08,0.08,0.094715,1776165731000
1776165733.213,133.213,0.06,45.09,0.05,59.7,0.04,77.7,0.03,89.3,0.02,147.69,0.14,10.0,0.15,14.0,0.16,19.3,0.17,18.39,0.18,17.6,0.86,10.0,0.85,14.0,0.84,19.3,0.83,18.39,0.82,17.6,0.94,45.09,0.95,59.7,0.96,77.7,0.97,89.3,0.98,147.69,0.08,0.08,0.094708,1776165732000
1776165734.108,134.108,0.06,45.09,0.05,59.7,0.04,77.7,0.03,89.3,0.02,147.69,0.14,10.0,0.15,14.0,0.16,19.3,0.17,18.39,0.18,17.6,0.86,10.0,0.85,14.0,0.84,19.3,0.83,18.39,0.82,17.6,0.94,45.09,0.95,59.7,0.96,77.7,0.97,89.3,0.98,147.69,0.08,0.08,0.094708,1776165733000
1776165735.435,135.435,0.06,45.09,0.05,59.7,0.04,77.7,0.03,89.3,0.02,147.69,0.14,10.0,0.15,14.0,0.16,19.3,0.17,18.39,0.18,17.6,0.86,10.0,0.85,14.0,0.84,19.3,0.83,18.39,0.82,17.6,0.94,45.09,0.95,59.7,0.96,77.7,0.97,89.3,0.98,147.69,0.08,0.08,0.094702,1776165734000
1776165736.017,136.017,0.06,45.09,0.05,59.7,0.04,77.7,0.03,89.3,0.02,147.69,0.14,10.0,0.15,14.0,0.16,19.3,0.17,18.39,0.18,17.6,0.86,10.0,0.85,14.0,0.84,19.3,0.83,18.39,0.82,17.6,0.94,45.09,0.95,59.7,0.96,77.7,0.97,89.3,0.98,147.69,0.08,0.08,0.094702,1776165735000
1776165737.111,137.111,0.06,45.09,0.05,59.7,0.04,77.7,0.03,89.3,0.02,147.69,0.14,10.0,0.15,14.0,0.16,19.3,0.17,18.39,0.18,17.6,0.86,10.0,0.85,14.0,0.84,19.3,0.83,18.39,0.82,17.6,0.94,45.09,0.95,59.7,0.96,77.7,0.97,89.3,0.98,147.69,0.08,0.08,0.094706,1776165736000
1776165738.185,138.185,0.06,45.09,0.05,59.7,0.04,77.7,0.03,89.3,0.02,147.69,0.14,10.0,0.15,14.0,0.16,19.3,0.17,18.39,0.18,17.6,0.86,10.0,0.85,14.0,0.84,19.3,0.83,18.39,0.82,17.6,0.94,45.09,0.95,59.7,0.96,77.7,0.97,89.3,0.98,147.69,0.08,0.08,0.094711,1776165737000
1776165739.284,139.284,0.06,45.09,0.05,59.7,0.04,77.7,0.03,89.3,0.02,147.69,0.14,10.0,0.15,14.0,0.16,19.3,0.17,18.39,0.18,17.6,0.86,10.0,0.85,14.0,0.84,19.3,0.83,18.39,0.82,17.6,0.94,45.09,0.95,59.7,0.96,77.7,0.97,89.3,0.98,147.69,0.08,0.08,0.094711,1776165738000
1776165740.295,140.295,0.06,45.09,0.05,59.7,0.04,77.7,0.03,89.3,0.02,147.69,0.14,10.0,0.15,14.0,0.16,19.3,0.17,18.39,0.18,17.6,0.86,10.0,0.85,14.0,0.84,19.3,0.83,18.39,0.82,17.6,0.94,45.09,0.95,59.7,0.96,77.7,0.97,89.3,0.98,147.69,0.08,0.08,0.094737,1776165739000
1776165741.392,141.392,0.06,45.09,0.05,59.7,0.04,77.7,0.03,89.3,0.02,147.69,0.14,10.0,0.15,14.0,0.16,19.3,0.17,18.39,0.18,17.6,0.86,10.0,0.85,14.0,0.84,19.3,0.83,18.39,0.82,17.6,0.94,45.09,0.95,59.7,0.96,77.7,0.97,89.3,0.98,147.69,0.08,0.08,0.094749,1776165740000
1776165741.832,141.832,0.06,45.09,0.05,59.7,0.04,77.7,0.03,89.3,0.02,147.69,0.14,10.0,0.15,14.0,0.16,19.3,0.17,18.39,0.18,17.6,0.86,10.0,0.85,14.0,0.84,19.3,0.83,18.39,0.82,17.6,0.94,45.09,0.95,59.7,0.96,77.7,0.97,89.3,0.98,147.69,0.08,0.08,0.094749,1776165741000
1776165742.938,142.938,0.06,45.09,0.05,59.7,0.04,77.7,0.03,89.3,0.02,147.69,0.14,10.0,0.15,14.0,0.16,19.3,0.17,18.39,0.18,17.6,0.86,10.0,0.85,14.0,0.84,19.3,0.83,18.39,0.82,17.6,0.94,45.09,0.95,59.7,0.96,77.7,0.97,89.3,0.98,147.69,0.08,0.08,0.094749,1776165742000
1776165744.117,144.117,0.06,45.09,0.05,59.7,0.04,77.7,0.03,89.3,0.02,147.69,0.14,10.0,0.15,14.0,0.16,19.3,0.17,18.39,0.18,17.6,0.86,10.0,0.85,14.0,0.84,19.3,0.83,18.39,0.82,17.6,0.94,45.09,0.95,59.7,0.96,77.7,0.97,89.3,0.98,147.69,0.08,0.08,0.094748,1776165743000
1776165745.174,145.174,0.06,45.09,0.05,59.7,0.04,77.7,0.03,89.3,0.02,147.69,0.14,10.0,0.15,14.0,0.16,19.3,0.17,18.39,0.18,17.6,0.86,10.0,0.85,14.0,0.84,19.3,0.83,18.39,0.82,17.6,0.94,45.09,0.95,59.7,0.96,77.7,0.97,89.3,0.98,147.69,0.08,0.08,0.094743,1776165744000
1776165746.128,146.128,0.06,45.09,0.05,59.7,0.04,77.7,0.03,89.3,0.02,147.69,0.14,10.0,0.15,14.0,0.16,19.3,0.17,18.39,0.18,17.6,0.86,10.0,0.85,14.0,0.84,19.3,0.83,18.39,0.82,17.6,0.94,45.09,0.95,59.7,0.96,77.7,0.97,89.3,0.98,147.69,0.08,0.08,0.094743,1776165745000
1776165747.132,147.132,0.06,45.09,0.05,59.7,0.04,77.7,0.03,89.3,0.02,147.69,0.14,10.0,0.15,14.0,0.16,19.3,0.17,18.39,0.18,17.6,0.86,10.0,0.85,14.0,0.84,19.3,0.83,18.39,0.82,17.6,0.94,45.09,0.95,59.7,0.96,77.7,0.97,89.3,0.98,147.69,0.08,0.08,0.094743,1776165746000
1776165748.269,148.269,0.06,45.09,0.05,59.7,0.04,77.7,0.03,89.3,0.02,147.69,0.14,10.0,0.15,14.0,0.16,19.3,0.17,18.39,0.18,17.6,0.86,10.0,0.85,14.0,0.84,19.3,0.83,18.39,0.82,17.6,0.94,45.09,0.95,59.7,0.96,77.7,0.97,89.3,0.98,147.69,0.08,0.08,0.094743,1776165747000
1776165749.252,149.252,0.06,45.09,0.05,59.7,0.04,77.7,0.03,89.3,0.02,147.69,0.14,10.0,0.15,14.0,0.16,19.3,0.17,18.39,0.18,17.6,0.86,10.0,0.85,14.0,0.84,19.3,0.83,18.39,0.82,17.6,0.94,45.09,0.95,59.7,0.96,77.7,0.97,89.3,0.98,147.69,0.08,0.08,0.094751,1776165748000
1776165750.404,150.404,0.06,45.09,0.05,59.7,0.04,77.7,0.03,89.3,0.02,147.69,0.14,10.0,0.15,14.0,0.16,19.3,0.17,18.39,0.18,17.6,0.86,10.0,0.85,14.0,0.84,19.3,0.83,18.39,0.82,17.6,0.94,45.09,0.95,59.7,0.96,77.7,0.97,89.3,0.98,147.69,0.08,0.08,0.09476,1776165749000
1776165751.112,151.112,0.06,45.09,0.05,59.7,0.04,77.7,0.03,89.3,0.02,147.69,0.14,10.0,0.15,14.0,0.16,19.3,0.17,18.39,0.18,17.6,0.86,10.0,0.85,14.0,0.84,19.3,0.83,18.39,0.82,17.6,0.94,45.09,0.95,59.7,0.96,77.7,0.97,89.3,0.98,147.69,0.08,0.08,0.094766,1776165750000
1776165752.404,152.404,0.06,45.09,0.05,59.7,0.04,77.7,0.03,89.3,0.02,147.69,0.14,10.0,0.15,14.0,0.16,19.3,0.17,18.39,0.18,17.6,0.86,10.0,0.85,14.0,0.84,19.3,0.83,18.39,0.82,17.6,0.94,45.09,0.95,59.7,0.96,77.7,0.97,89.3,0.98,147.69,0.08,0.08,0.094772,1776165751000
1776165753.402,153.402,0.06,45.09,0.05,59.7,0.04,77.7,0.03,89.3,0.02,147.69,0.14,10.0,0.15,14.0,0.16,19.3,0.17,18.39,0.18,17.6,0.86,10.0,0.85,14.0,0.84,19.3,0.83,18.39,0.82,17.6,0.94,45.09,0.95,59.7,0.96,77.7,0.97,89.3,0.98,147.69,0.08,0.08,0.094773,1776165752000
1776165754.068,154.068,0.06,45.09,0.05,59.7,0.04,77.7,0.03,89.3,0.02,147.69,0.14,10.0,0.15,14.0,0.16,19.3,0.17,18.39,0.18,17.6,0.86,10.0,0.85,14.0,0.84,19.3,0.83,18.39,0.82,17.6,0.94,45.09,0.95,59.7,0.96,77.7,0.97,89.3,0.98,147.69,0.08,0.08,0.094771,1776165753000
1776165755.333,155.333,0.06,45.09,0.05,59.7,0.04,77.7,0.03,89.3,0.02,147.69,0.14,10.0,0.15,14.0,0.16,19.3,0.17,18.39,0.18,17.6,0.86,10.0,0.85,14.0,0.84,19.3,0.83,18.39,0.82,17.6,0.94,45.09,0.95,59.7,0.96,77.7,0.97,89.3,0.98,147.69,0.08,0.08,0.094733,1776165754000
1776165756.277,156.277,0.06,45.09,0.05,59.7,0.04,77.7,0.03,89.3,0.02,147.69,0.14,10.0,0.15,14.0,0.16,19.3,0.17,18.39,0.18,17.6,0.86,10.0,0.85,14.0,0.84,19.3,0.83,18.39,0.82,17.6,0.94,45.09,0.95,59.7,0.96,77.7,0.97,89.3,0.98,147.69,0.08,0.08,0.094709,1776165755000
1776165757.43,157.43,0.13,14.94,0.05,5.0,0.04,77.7,0.03,89.3,0.02,147.69,0.14,38.6,0.15,20.39,0.16,19.3,0.17,18.39,0.18,17.6,0.86,10.0,0.85,14.0,0.84,19.3,0.83,18.39,0.82,17.6,0.94,45.09,0.95,59.7,0.96,77.7,0.97,89.3,0.98,147.69,0.01,0.08,0.094709,1776165755000
1776165757.827,157.827,0.13,7.46,0.05,5.0,0.04,77.7,0.03,89.3,0.02,147.69,0.14,38.6,0.15,20.39,0.16,19.3,0.17,18.39,0.18,17.6,0.86,38.6,0.85,20.39,0.84,19.3,0.83,18.39,0.82,17.6,0.87,14.94,0.95,5.0,0.96,77.7,0.97,89.3,0.98,147.69,0.01,0.01,0.094709,1776165756000
1776165758.114,158.114,0.13,2.4,0.05,5.0,0.04,77.7,0.03,89.3,0.02,147.69,0.14,38.6,0.15,20.39,0.16,19.3,0.17,18.39,0.18,17.6,0.86,38.6,0.85,20.39,0.84,19.3,0.83,18.39,0.82,17.6,0.87,7.46,0.95,5.0,0.96,77.7,0.97,89.3,0.98,147.69,0.01,0.01,0.094709,1776165756000
1776165758.501,158.501,0.13,2.4,0.05,5.0,0.04,77.7,0.03,89.3,0.02,147.69,0.14,38.6,0.15,20.39,0.16,19.3,0.17,18.39,0.18,17.6,0.86,38.6,0.85,20.39,0.84,19.3,0.83,18.39,0.82,17.6,0.87,2.4,0.95,5.0,0.96,77.7,0.97,89.3,0.98,147.69,0.01,0.01,0.094708,1776165757000
1776165759.068,159.068,0.13,2.4,0.05,5.0,0.04,77.7,0.03,89.3,0.02,147.69,0.14,38.6,0.15,20.39,0.16,19.3,0.17,18.39,0.18,17.6,0.86,38.6,0.85,20.39,0.84,19.3,0.83,18.39,0.82,17.6,0.87,2.4,0.95,5.0,0.96,77.7,0.97,89.3,0.98,147.69,0.01,0.01,0.094708,1776165758000
1776165760.303,160.303,0.13,2.4,0.05,5.0,0.04,77.7,0.03,89.3,0.02,147.69,0.14,38.6,0.15,20.39,0.16,19.3,0.17,18.39,0.18,17.6,0.86,38.6,0.85,20.39,0.84,19.3,0.83,18.39,0.82,17.6,0.87,2.4,0.95,5.0,0.96,77.7,0.97,89.3,0.98,147.69,0.01,0.01,0.09471,1776165759000
1776165761.676,161.676,0.13,2.4,0.05,5.0,0.04,77.7,0.03,89.3,0.02,147.69,0.14,38.6,0.15,20.39,0.16,19.3,0.17,18.39,0.18,17.6,0.86,38.6,0.85,20.39,0.84,19.3,0.83,18.39,0.82,17.6,0.87,2.4,0.95,5.0,0.96,77.7,0.97,89.3,0.98,147.69,0.01,0.01,0.09471,1776165760000
1776165762.487,162.487,0.13,2.4,0.05,5.0,0.04,77.7,0.03,89.3,0.02,147.69,0.14,38.6,0.15,20.39,0.16,19.3,0.17,18.39,0.18,17.6,0.86,38.6,0.85,20.39,0.84,19.3,0.83,18.39,0.82,17.6,0.87,2.4,0.95,5.0,0.96,77.7,0.97,89.3,0.98,147.69,0.01,0.01,0.094711,1776165761000
1776165763.055,163.055,0.13,2.4,0.05,5.0,0.04,77.7,0.03,89.3,0.02,147.69,0.14,38.6,0.15,20.39,0.16,19.3,0.17,18.39,0.18,17.6,0.86,38.6,0.85,20.39,0.84,19.3,0.83,18.39,0.82,17.6,0.87,2.4,0.95,5.0,0.96,77.7,0.97,89.3,0.98,147.69,0.01,0.01,0.094711,1776165762000
1776165764.394,164.394,0.13,2.4,0.05,5.0,0.04,77.7,0.03,89.3,0.02,147.69,0.14,38.6,0.15,20.39,0.16,19.3,0.17,18.39,0.18,17.6,0.86,38.6,0.85,20.39,0.84,19.3,0.83,18.39,0.82,17.6,0.87,2.4,0.95,5.0,0.96,77.7,0.97,89.3,0.98,147.69,0.01,0.01,0.094712,1776165763000
1776165765.5,165.5,0.13,2.4,0.05,5.0,0.04,77.7,0.03,89.3,0.02,147.69,0.14,38.6,0.15,20.39,0.16,19.3,0.17,18.39,0.18,17.6,0.86,38.6,0.85,20.39,0.84,19.3,0.83,18.39,0.82,17.6,0.87,2.4,0.95,5.0,0.96,77.7,0.97,89.3,0.98,147.69,0.01,0.01,0.094712,1776165764000
1776165766.115,166.115,0.13,2.4,0.05,5.0,0.04,77.7,0.03,89.3,0.02,147.69,0.14,38.6,0.15,20.39,0.16,19.3,0.17,18.39,0.18,17.6,0.86,38.6,0.85,20.39,0.84,19.3,0.83,18.39,0.82,17.6,0.87,2.4,0.95,5.0,0.96,77.7,0.97,89.3,0.98,147.69,0.01,0.01,0.094712,1776165765000
1776165767.706,167.706,0.13,2.4,0.05,5.0,0.04,77.7,0.03,89.3,0.02,147.69,0.14,38.6,0.15,20.39,0.16,19.3,0.17,18.39,0.18,17.6,0.86,38.6,0.85,20.39,0.84,19.3,0.83,18.39,0.82,17.6,0.87,2.4,0.95,5.0,0.96,77.7,0.97,89.3,0.98,147.69,0.01,0.01,0.094713,1776165766000
1776165768.328,168.328,0.13,2.4,0.05,5.0,0.04,77.7,0.03,89.3,0.02,147.69,0.14,38.6,0.15,20.39,0.16,19.3,0.17,18.39,0.18,17.6,0.86,38.6,0.85,20.39,0.84,19.3,0.83,18.39,0.82,17.6,0.87,2.4,0.95,5.0,0.96,77.7,0.97,89.3,0.98,147.69,0.01,0.01,0.094713,1776165767000
1776165769.6,169.6,0.13,2.4,0.05,5.0,0.04,77.7,0.03,89.3,0.02,147.69,0.14,38.6,0.15,20.39,0.16,19.3,0.17,18.39,0.18,17.6,0.86,38.6,0.85,20.39,0.84,19.3,0.83,18.39,0.82,17.6,0.87,2.4,0.95,5.0,0.96,77.7,0.97,89.3,0.98,147.69,0.01,0.01,0.094716,1776165768000
1776165770.135,170.135,0.05,5.0,0.04,77.7,0.03,89.3,0.02,147.69,0.01,6636.41,0.14,38.6,0.15,20.39,0.16,19.3,0.17,18.39,0.18,17.6,0.86,38.6,0.85,20.39,0.84,19.3,0.83,18.39,0.82,17.6,0.87,2.4,0.95,5.0,0.96,77.7,0.97,89.3,0.98,147.69,0.09,0.01,0.094716,1776165768000
1776165771.598,171.598,0.05,5.0,0.04,77.7,0.03,89.3,0.02,147.69,0.01,6636.41,0.14,38.6,0.15,20.39,0.16,19.3,0.17,18.39,0.18,17.6,0.86,38.6,0.85,20.39,0.84,19.3,0.83,18.39,0.82,17.6,0.95,5.0,0.96,77.7,0.97,89.3,0.98,147.69,0.99,6636.41,0.09,0.09,0.094721,1776165770000
1776165772.154,172.154,0.05,5.0,0.04,77.7,0.03,89.3,0.02,147.69,0.01,6636.41,0.14,38.6,0.15,20.39,0.16,19.3,0.17,18.39,0.18,17.6,0.86,38.6,0.85,20.39,0.84,19.3,0.83,18.39,0.82,17.6,0.95,5.0,0.96,77.7,0.97,89.3,0.98,147.69,0.99,6636.41,0.09,0.09,0.094715,1776165771000
1776165773.484,173.484,0.05,5.0,0.04,77.7,0.03,89.3,0.02,147.69,0.01,6636.41,0.14,38.6,0.15,20.39,0.16,19.3,0.17,18.39,0.18,17.6,0.86,38.6,0.85,20.39,0.84,19.3,0.83,18.39,0.82,17.6,0.95,5.0,0.96,77.7,0.97,89.3,0.98,147.69,0.99,6636.41,0.09,0.09,0.094701,1776165772000
1776165774.041,174.041,0.05,5.0,0.04,77.7,0.03,89.3,0.02,147.69,0.01,6636.41,0.14,38.6,0.15,20.39,0.16,19.3,0.17,18.39,0.18,17.6,0.86,38.6,0.85,20.39,0.84,19.3,0.83,18.39,0.82,17.6,0.95,5.0,0.96,77.7,0.97,89.3,0.98,147.69,0.99,6636.41,0.09,0.09,0.09469,1776165773000
1776165775.535,175.535,0.05,5.0,0.04,77.7,0.03,89.3,0.02,147.69,0.01,6636.41,0.14,38.6,0.15,20.39,0.16,19.3,0.17,18.39,0.18,17.6,0.86,38.6,0.85,20.39,0.84,19.3,0.83,18.39,0.82,17.6,0.95,5.0,0.96,77.7,0.97,89.3,0.98,147.69,0.99,6636.41,0.09,0.09,0.094689,1776165774000
1776165776.017,176.017,0.02,147.69,0.01,5541.41,,,,,,,0.07,54.9,0.08,35.29,0.09,36.7,0.1,28.9,0.11,76.6,0.86,38.6,0.85,20.39,0.84,19.3,0.83,18.39,0.82,17.6,0.95,5.0,0.96,77.7,0.97,89.3,0.98,147.69,0.99,6636.41,0.05,0.09,0.094689,1776165774000
1776165777.314,177.314,0.02,147.69,0.01,5541.41,,,,,,,0.07,54.9,0.08,35.29,0.09,36.7,0.1,28.9,0.11,76.6,0.93,54.9,0.92,35.29,0.91,36.7,0.9,28.9,0.89,76.6,0.98,147.69,0.99,5541.41,,,,,,,0.05,0.05,0.094672,1776165776000
1776165778.398,178.398,0.02,147.69,0.01,5541.41,,,,,,,0.07,54.9,0.08,35.29,0.09,36.7,0.1,28.9,0.11,76.6,0.93,54.9,0.92,35.29,0.91,36.7,0.9,28.9,0.89,76.6,0.98,147.69,0.99,5541.41,,,,,,,0.05,0.05,0.094672,1776165777000
1776165779.086,179.086,0.02,147.69,0.01,5541.41,,,,,,,0.07,54.9,0.08,35.29,0.09,36.7,0.1,28.9,0.11,76.6,0.93,54.9,0.92,35.29,0.91,36.7,0.9,28.9,0.89,76.6,0.98,147.69,0.99,5541.41,,,,,,,0.05,0.05,0.09467,1776165778000
1776165780.244,180.244,0.02,147.69,0.01,5541.41,,,,,,,0.07,54.9,0.08,35.29,0.09,36.7,0.1,28.9,0.11,76.6,0.93,54.9,0.92,35.29,0.91,36.7,0.9,28.9,0.89,76.6,0.98,147.69,0.99,5541.41,,,,,,,0.05,0.05,0.09467,1776165779000
1776165781.12,181.12,0.02,12.95,0.01,5541.41,,,,,,,0.05,54.7,0.06,46.1,0.07,39.9,0.08,35.29,0.09,36.7,0.93,54.9,0.92,35.29,0.91,36.7,0.9,28.9,0.89,76.6,0.98,147.69,0.99,5541.41,,,,,,,0.03,0.05,0.09467,1776165779000
1776165781.986,181.986,0.02,12.95,0.01,5541.41,,,,,,,0.05,54.7,0.06,46.1,0.07,39.9,0.08,35.29,0.09,36.7,0.95,54.7,0.94,46.1,0.93,39.9,0.92,35.29,0.91,36.7,0.98,12.95,0.99,5541.41,,,,,,,0.03,0.03,0.094661,1776165780000
1776165782.668,182.668,0.02,12.95,0.01,5541.41,,,,,,,0.05,54.7,0.06,46.1,0.07,39.9,0.08,35.29,0.09,36.7,0.95,54.7,0.94,46.1,0.93,39.9,0.92,35.29,0.91,36.7,0.98,12.95,0.99,5541.41,,,,,,,0.03,0.03,0.09466,1776165781000
1776165783.154,183.154,0.02,12.95,0.01,5541.41,,,,,,,0.05,54.7,0.06,46.1,0.07,39.9,0.08,35.29,0.09,36.7,0.95,54.7,0.94,46.1,0.93,39.9,0.92,35.29,0.91,36.7,0.98,12.95,0.99,5541.41,,,,,,,0.03,0.03,0.09466,1776165782000
1776165784.056,184.056,0.02,12.95,0.01,5541.41,,,,,,,0.05,54.7,0.06,46.1,0.07,39.9,0.08,35.29,0.09,36.7,0.95,54.7,0.94,46.1,0.93,39.9,0.92,35.29,0.91,36.7,0.98,12.95,0.99,5541.41,,,,,,,0.03,0.03,0.094661,1776165783000
1776165784.66,184.66,0.01,5503.36,,,,,,,,,0.05,6.28,0.06,46.1,0.07,39.9,0.08,35.29,0.09,36.7,0.95,54.7,0.94,46.1,0.93,39.9,0.92,35.29,0.91,36.7,0.98,12.95,0.99,5541.41,,,,,,,0.04,0.03,0.094661,1776165783000
1776165785.091,185.091,0.01,5503.36,,,,,,,,,0.05,6.28,0.06,46.1,0.07,39.9,0.08,35.29,0.09,36.7,0.95,6.28,0.94,46.1,0.93,39.9,0.92,35.29,0.91,36.7,0.99,5503.36,,,,,,,,,0.04,0.04,0.094672,1776165784000
1776165786.171,186.171,0.01,5503.36,,,,,,,,,0.05,6.28,0.06,46.1,0.07,39.9,0.08,35.29,0.09,36.7,0.95,6.28,0.94,46.1,0.93,39.9,0.92,35.29,0.91,36.7,0.99,5503.36,,,,,,,,,0.04,0.04,0.094673,1776165785000
1776165787.235,187.235,0.01,5503.36,,,,,,,,,0.05,6.28,0.06,46.1,0.07,39.9,0.08,35.29,0.09,36.7,0.95,6.28,0.94,46.1,0.93,39.9,0.92,35.29,0.91,36.7,0.99,5503.36,,,,,,,,,0.04,0.04,0.094673,1776165786000
1776165788.193,188.193,0.01,5503.36,,,,,,,,,0.05,6.28,0.06,46.1,0.07,39.9,0.08,35.29,0.09,36.7,0.95,6.28,0.94,46.1,0.93,39.9,0.92,35.29,0.91,36.7,0.99,5503.36,,,,,,,,,0.04,0.04,0.094673,1776165787000
1776165789.261,189.261,0.01,5503.36,,,,,,,,,0.05,6.28,0.06,46.1,0.07,39.9,0.08,35.29,0.09,36.7,0.95,6.28,0.94,46.1,0.93,39.9,0.92,35.29,0.91,36.7,0.99,5503.36,,,,,,,,,0.04,0.04,0.094673,1776165788000
1776165790.311,190.311,0.01,5503.36,,,,,,,,,0.05,6.28,0.06,46.1,0.07,39.9,0.08,35.29,0.09,36.7,0.95,6.28,0.94,46.1,0.93,39.9,0.92,35.29,0.91,36.7,0.99,5503.36,,,,,,,,,0.04,0.04,0.094651,1776165789000
1776165791.355,191.355,0.01,5503.36,,,,,,,,,0.05,6.28,0.06,46.1,0.07,39.9,0.08,35.29,0.09,36.7,0.95,6.28,0.94,46.1,0.93,39.9,0.92,35.29,0.91,36.7,0.99,5503.36,,,,,,,,,0.04,0.04,0.094656,1776165790000
1776165791.899,191.899,0.01,5503.36,,,,,,,,,0.05,6.28,0.06,46.1,0.07,39.9,0.08,35.29,0.09,36.7,0.95,6.28,0.94,46.1,0.93,39.9,0.92,35.29,0.91,36.7,0.99,5503.36,,,,,,,,,0.04,0.04,0.094653,1776165791000
1776165792.969,192.969,0.01,5503.36,,,,,,,,,0.05,6.28,0.06,46.1,0.07,39.9,0.08,35.29,0.09,36.7,0.95,6.28,0.94,46.1,0.93,39.9,0.92,35.29,0.91,36.7,0.99,5503.36,,,,,,,,,0.04,0.04,0.094655,1776165792000
1776165793.985,193.985,0.01,5503.36,,,,,,,,,0.05,6.28,0.06,46.1,0.07,39.9,0.08,35.29,0.09,36.7,0.95,6.28,0.94,46.1,0.93,39.9,0.92,35.29,0.91,36.7,0.99,5503.36,,,,,,,,,0.04,0.04,0.094654,1776165793000
1776165794.961,194.961,0.01,403.36,,,,,,,,,0.04,67.7,0.05,54.7,0.06,46.1,0.07,39.9,0.08,40.29,0.95,6.28,0.94,46.1,0.93,39.9,0.92,35.29,0.91,36.7,0.99,5503.36,,,,,,,,,0.03,0.04,0.094654,1776165793000
1776165795.559,195.559,0.01,403.36,,,,,,,,,0.04,67.7,0.05,54.7,0.06,46.1,0.07,39.9,0.08,40.29,0.96,67.7,0.95,54.7,0.94,46.1,0.93,39.9,0.92,40.29,0.99,403.36,,,,,,,,,0.03,0.03,0.094655,1776165794000
1776165796.283,196.283,0.01,403.36,,,,,,,,,0.04,67.7,0.05,54.7,0.06,46.1,0.07,39.9,0.08,40.29,0.96,67.7,0.95,54.7,0.94,46.1,0.93,39.9,0.92,40.29,0.99,403.36,,,,,,,,,0.03,0.03,0.094654,1776165795000
1776165797.424,197.424,0.01,403.36,,,,,,,,,0.04,67.7,0.05,54.7,0.06,46.1,0.07,39.9,0.08,40.29,0.96,67.7,0.95,54.7,0.94,46.1,0.93,39.9,0.92,40.29,0.99,403.36,,,,,,,,,0.03,0.03,0.094649,1776165796000
1776165797.661,197.661,0.01,324.43,,,,,,,,,0.05,54.7,0.06,46.1,0.07,39.9,0.08,40.29,0.09,31.7,0.96,67.7,0.95,54.7,0.94,46.1,0.93,39.9,0.92,40.29,0.99,403.36,,,,,,,,,0.04,0.03,0.094649,1776165796000
1776165798.212,198.212,0.01,324.43,,,,,,,,,0.05,54.7,0.06,46.1,0.07,39.9,0.08,40.29,0.09,31.7,0.95,54.7,0.94,46.1,0.93,39.9,0.92,40.29,0.91,31.7,0.99,324.43,,,,,,,,,0.04,0.04,0.09465,1776165797000
1776165799.413,199.413,0.01,324.43,,,,,,,,,0.05,54.7,0.06,46.1,0.07,39.9,0.08,40.29,0.09,31.7,0.95,54.7,0.94,46.1,0.93,39.9,0.92,40.29,0.91,31.7,0.99,324.43,,,,,,,,,0.04,0.04,0.094664,1776165798000
1776165800.09,200.09,0.01,324.43,,,,,,,,,0.05,54.7,0.06,46.1,0.07,39.9,0.08,40.29,0.09,31.7,0.95,54.7,0.94,46.1,0.93,39.9,0.92,40.29,0.91,31.7,0.99,324.43,,,,,,,,,0.04,0.04,0.094664,1776165799000
1776165801.379,201.379,0.01,309.22,,,,,,,,,0.06,46.1,0.07,39.9,0.08,35.29,0.09,36.7,0.1,28.9,0.95,54.7,0.94,46.1,0.93,39.9,0.92,40.29,0.91,31.7,0.99,324.43,,,,,,,,,0.05,0.04,0.094664,1776165799000
1776165802.007,202.007,0.01,309.22,,,,,,,,,0.06,46.1,0.07,39.9,0.08,35.29,0.09,36.7,0.1,28.9,0.94,46.1,0.93,39.9,0.92,35.29,0.91,36.7,0.9,28.9,0.99,309.22,,,,,,,,,0.05,0.05,0.094668,1776165801000
1776165803.275,203.275,0.01,309.22,,,,,,,,,0.06,46.1,0.07,39.9,0.08,35.29,0.09,36.7,0.1,28.9,0.94,46.1,0.93,39.9,0.92,35.29,0.91,36.7,0.9,28.9,0.99,309.22,,,,,,,,,0.05,0.05,0.094689,1776165802000
1776165804.625,204.625,0.01,309.22,,,,,,,,,0.06,46.1,0.07,39.9,0.08,35.29,0.09,36.7,0.1,28.9,0.94,46.1,0.93,39.9,0.92,35.29,0.91,36.7,0.9,28.9,0.99,309.22,,,,,,,,,0.05,0.05,0.094689,1776165803000
1776165812.492,212.492,0.01,309.22,,,,,,,,,0.06,46.1,0.07,39.9,0.08,35.29,0.09,36.7,0.1,28.9,0.94,46.1,0.93,39.9,0.92,35.29,0.91,36.7,0.9,28.9,0.99,309.22,,,,,,,,,0.05,0.05,0.094669,1776165811000
1776165813.292,213.292,0.01,309.22,,,,,,,,,0.06,46.1,0.07,39.9,0.08,35.29,0.09,36.7,0.1,28.9,0.94,46.1,0.93,39.9,0.92,35.29,0.91,36.7,0.9,28.9,0.99,309.22,,,,,,,,,0.05,0.05,0.094669,1776165812000
1776165814.228,214.228,0.01,309.22,,,,,,,,,0.06,46.1,0.07,39.9,0.08,35.29,0.09,36.7,0.1,28.9,0.94,46.1,0.93,39.9,0.92,35.29,0.91,36.7,0.9,28.9,0.99,309.22,,,,,,,,,0.05,0.05,0.094667,1776165813000
1776165815.178,215.178,0.01,309.22,,,,,,,,,0.06,46.1,0.07,39.9,0.08,35.29,0.09,36.7,0.1,28.9,0.94,46.1,0.93,39.9,0.92,35.29,0.91,36.7,0.9,28.9,0.99,309.22,,,,,,,,,0.05,0.05,0.094665,1776165814000
1776165816.19,216.19,0.01,309.22,,,,,,,,,0.06,46.1,0.07,39.9,0.08,35.29,0.09,36.7,0.1,28.9,0.94,46.1,0.93,39.9,0.92,35.29,0.91,36.7,0.9,28.9,0.99,309.22,,,,,,,,,0.05,0.05,0.094665,1776165815000
1776165817.11,217.11,0.01,309.22,,,,,,,,,0.06,46.1,0.07,39.9,0.08,35.29,0.09,36.7,0.1,28.9,0.94,46.1,0.93,39.9,0.92,35.29,0.91,36.7,0.9,28.9,0.99,309.22,,,,,,,,,0.05,0.05,0.094665,1776165816000
1776165817.538,217.538,0.01,271.55,,,,,,,,,0.03,89.3,0.04,67.7,0.05,54.7,0.06,46.1,0.07,39.9,0.94,46.1,0.93,39.9,0.92,35.29,0.91,36.7,0.9,28.9,0.99,309.22,,,,,,,,,0.02,0.05,0.094665,1776165816000
1776165818.109,218.109,0.01,271.55,,,,,,,,,0.03,89.3,0.04,67.7,0.05,54.7,0.06,46.1,0.07,39.9,0.97,89.3,0.96,67.7,0.95,54.7,0.94,46.1,0.93,39.9,0.99,271.55,,,,,,,,,0.02,0.02,0.094666,1776165817000
1776165819.174,219.174,0.01,271.55,,,,,,,,,0.03,89.3,0.04,67.7,0.05,54.7,0.06,46.1,0.07,39.9,0.97,89.3,0.96,67.7,0.95,54.7,0.94,46.1,0.93,39.9,0.99,271.55,,,,,,,,,0.02,0.02,0.094666,1776165818000
1776165820.097,220.097,0.01,271.55,,,,,,,,,0.03,89.3,0.04,67.7,0.05,54.7,0.06,46.1,0.07,39.9,0.97,89.3,0.96,67.7,0.95,54.7,0.94,46.1,0.93,39.9,0.99,271.55,,,,,,,,,0.02,0.02,0.094665,1776165819000
1776165820.949,220.949,0.01,271.55,,,,,,,,,0.03,89.3,0.04,67.7,0.05,54.7,0.06,46.1,0.07,39.9,0.97,89.3,0.96,67.7,0.95,54.7,0.94,46.1,0.93,39.9,0.99,271.55,,,,,,,,,0.02,0.02,0.094654,1776165820000
1776165822.028,222.028,0.01,271.55,,,,,,,,,0.03,89.3,0.04,67.7,0.05,54.7,0.06,46.1,0.07,39.9,0.97,89.3,0.96,67.7,0.95,54.7,0.94,46.1,0.93,39.9,0.99,271.55,,,,,,,,,0.02,0.02,0.094654,1776165821000
1776165822.444,222.444,0.01,2.95,,,,,,,,,0.02,137.69,0.03,89.3,0.04,67.7,0.05,54.7,0.06,46.1,0.97,89.3,0.96,67.7,0.95,54.7,0.94,46.1,0.93,39.9,0.99,271.55,,,,,,,,,0.01,0.02,0.094654,1776165821000
1776165822.962,222.962,0.01,2.95,,,,,,,,,0.02,137.69,0.03,89.3,0.04,67.7,0.05,54.7,0.06,46.1,0.98,137.69,0.97,89.3,0.96,67.7,0.95,54.7,0.94,46.1,0.99,2.95,,,,,,,,,0.01,0.01,0.094653,1776165822000
1776165824.287,224.287,0.01,2.95,,,,,,,,,0.02,137.69,0.03,89.3,0.04,67.7,0.05,54.7,0.06,46.1,0.98,137.69,0.97,89.3,0.96,67.7,0.95,54.7,0.94,46.1,0.99,2.95,,,,,,,,,0.01,0.01,0.094652,1776165823000
1776165825.339,225.339,0.01,2.95,,,,,,,,,0.02,137.69,0.03,89.3,0.04,67.7,0.05,54.7,0.06,46.1,0.98,137.69,0.97,89.3,0.96,67.7,0.95,54.7,0.94,46.1,0.99,2.95,,,,,,,,,0.01,0.01,0.094644,1776165824000
1776165826.302,226.302,0.01,2.95,,,,,,,,,0.02,137.69,0.03,89.3,0.04,67.7,0.05,54.7,0.06,46.1,0.98,137.69,0.97,89.3,0.96,67.7,0.95,54.7,0.94,46.1,0.99,2.95,,,,,,,,,0.01,0.01,0.094645,1776165825000
1776165827.495,227.495,,,,,,,,,,,0.02,137.69,0.03,89.3,0.04,67.7,0.05,54.7,0.06,46.1,0.98,137.69,0.97,89.3,0.96,67.7,0.95,54.7,0.94,46.1,0.99,2.95,,,,,,,,,,0.01,0.094645,1776165825000
1776165827.801,227.801,,,,,,,,,,,0.02,137.69,0.03,89.3,0.04,67.7,0.05,54.7,0.06,46.1,0.98,137.69,0.97,89.3,0.96,67.7,0.95,54.7,0.94,46.1,,,,,,,,,,,,,0.094645,1776165826000
1776165828.315,228.315,,,,,,,,,,,0.02,137.69,0.03,89.3,0.04,67.7,0.05,54.7,0.06,46.1,0.98,137.69,0.97,89.3,0.96,67.7,0.95,54.7,0.94,46.1,,,,,,,,,,,,,0.094645,1776165827000
1776165828.955,228.955,,,,,,,,,,,0.02,137.69,0.03,89.3,0.04,67.7,0.05,54.7,0.06,46.1,0.98,137.69,0.97,89.3,0.96,67.7,0.95,54.7,0.94,46.1,,,,,,,,,,,,,0.094639,1776165828000
1776165830.049,230.049,,,,,,,,,,,0.02,137.69,0.03,89.3,0.04,67.7,0.05,54.7,0.06,46.1,0.98,137.69,0.97,89.3,0.96,67.7,0.95,54.7,0.94,46.1,,,,,,,,,,,,,0.094653,1776165829000
1776165831.042,231.042,,,,,,,,,,,0.02,137.69,0.03,89.3,0.04,67.7,0.05,54.7,0.06,46.1,0.98,137.69,0.97,89.3,0.96,67.7,0.95,54.7,0.94,46.1,,,,,,,,,,,,,0.094655,1776165830000
1776165831.942,231.942,,,,,,,,,,,0.02,137.69,0.03,89.3,0.04,67.7,0.05,54.7,0.06,46.1,0.98,137.69,0.97,89.3,0.96,67.7,0.95,54.7,0.94,46.1,,,,,,,,,,,,,0.094657,1776165831000
1776165833.688,233.688,,,,,,,,,,,0.02,137.69,0.03,89.3,0.04,67.7,0.05,54.7,0.06,46.1,0.98,137.69,0.97,89.3,0.96,67.7,0.95,54.7,0.94,46.1,,,,,,,,,,,,,0.09465,1776165832000
1776165834.234,234.234,,,,,,,,,,,0.02,137.69,0.03,89.3,0.04,67.7,0.05,54.7,0.06,46.1,0.98,137.69,0.97,89.3,0.96,67.7,0.95,54.7,0.94,46.1,,,,,,,,,,,,,0.09465,1776165833000
1776165835.572,235.572,,,,,,,,,,,0.02,137.69,0.03,89.3,0.04,67.7,0.05,54.7,0.06,46.1,0.98,137.69,0.97,89.3,0.96,67.7,0.95,54.7,0.94,46.1,,,,,,,,,,,,,0.094649,1776165834000
1776165836.087,236.087,,,,,,,,,,,0.02,137.69,0.03,89.3,0.04,67.7,0.05,54.7,0.06,46.1,0.98,137.69,0.97,89.3,0.96,67.7,0.95,54.7,0.94,46.1,,,,,,,,,,,,,0.094644,1776165835000
1776165837.26,237.26,,,,,,,,,,,0.02,137.69,0.03,89.3,0.04,67.7,0.05,54.7,0.06,46.1,0.98,137.69,0.97,89.3,0.96,67.7,0.95,54.7,0.94,46.1,,,,,,,,,,,,,0.09464,1776165836000
1776165838.377,238.377,,,,,,,,,,,0.02,137.69,0.03,89.3,0.04,67.7,0.05,54.7,0.06,46.1,0.98,137.69,0.97,89.3,0.96,67.7,0.95,54.7,0.94,46.1,,,,,,,,,,,,,0.09464,1776165837000
1776165839.624,239.624,,,,,,,,,,,0.02,137.69,0.03,89.3,0.04,67.7,0.05,54.7,0.06,46.1,0.98,137.69,0.97,89.3,0.96,67.7,0.95,54.7,0.94,46.1,,,,,,,,,,,,,0.094642,1776165838000
1776165840.625,240.625,,,,,,,,,,,0.02,137.69,0.03,89.3,0.04,67.7,0.05,54.7,0.06,46.1,0.98,137.69,0.97,89.3,0.96,67.7,0.95,54.7,0.94,46.1,,,,,,,,,,,,,0.09464,1776165839000
1776165841.329,241.329,,,,,,,,,,,0.02,137.69,0.03,89.3,0.04,67.7,0.05,54.7,0.06,46.1,0.98,137.69,0.97,89.3,0.96,67.7,0.95,54.7,0.94,46.1,,,,,,,,,,,,,0.094627,1776165840000
1776165843.156,243.156,,,,,,,,,,,0.02,137.69,0.03,89.3,0.04,67.7,0.05,54.7,0.06,46.1,0.98,137.69,0.97,89.3,0.96,67.7,0.95,54.7,0.94,46.1,,,,,,,,,,,,,0.094626,1776165841000
1776165843.926,243.926,,,,,,,,,,,0.02,137.69,0.03,89.3,0.04,67.7,0.05,54.7,0.06,46.1,0.98,137.69,0.97,89.3,0.96,67.7,0.95,54.7,0.94,46.1,,,,,,,,,,,,,0.094614,1776165842000
1776165844.52,244.52,,,,,,,,,,,0.02,137.69,0.03,89.3,0.04,67.7,0.05,54.7,0.06,46.1,0.98,137.69,0.97,89.3,0.96,67.7,0.95,54.7,0.94,46.1,,,,,,,,,,,,,0.094616,1776165843000
1776165845.002,245.002,,,,,,,,,,,0.02,137.69,0.03,89.3,0.04,67.7,0.05,54.7,0.06,46.1,0.98,137.69,0.97,89.3,0.96,67.7,0.95,54.7,0.94,46.1,,,,,,,,,,,,,0.094618,1776165844000
1776165846.709,246.709,,,,,,,,,,,0.02,137.69,0.03,89.3,0.04,67.7,0.05,54.7,0.06,46.1,0.98,137.69,0.97,89.3,0.96,67.7,0.95,54.7,0.94,46.1,,,,,,,,,,,,,0.094617,1776165845000
1776165847.421,247.421,,,,,,,,,,,0.02,137.69,0.03,89.3,0.04,67.7,0.05,54.7,0.06,46.1,0.98,137.69,0.97,89.3,0.96,67.7,0.95,54.7,0.94,46.1,,,,,,,,,,,,,0.094617,1776165846000
1776165848.088,248.088,,,,,,,,,,,0.02,137.69,0.03,89.3,0.04,67.7,0.05,54.7,0.06,46.1,0.98,137.69,0.97,89.3,0.96,67.7,0.95,54.7,0.94,46.1,,,,,,,,,,,,,0.094616,1776165847000
1776165849.589,249.589,,,,,,,,,,,0.02,137.69,0.03,89.3,0.04,67.7,0.05,54.7,0.06,46.1,0.98,137.69,0.97,89.3,0.96,67.7,0.95,54.7,0.94,46.1,,,,,,,,,,,,,0.094616,1776165848000
1776165850.307,250.307,,,,,,,,,,,0.02,137.69,0.03,89.3,0.04,67.7,0.05,54.7,0.06,46.1,0.98,137.69,0.97,89.3,0.96,67.7,0.95,54.7,0.94,46.1,,,,,,,,,,,,,0.094616,1776165849000
1776165851.837,251.837,,,,,,,,,,,0.02,137.69,0.03,89.3,0.04,67.7,0.05,54.7,0.06,46.1,0.98,137.69,0.97,89.3,0.96,67.7,0.95,54.7,0.94,46.1,,,,,,,,,,,,,0.094612,1776165850000
1776165852.501,252.501,,,,,,,,,,,0.02,137.69,0.03,89.3,0.04,67.7,0.05,54.7,0.06,46.1,0.98,137.69,0.97,89.3,0.96,67.7,0.95,54.7,0.94,46.1,,,,,,,,,,,,,0.094612,1776165851000
1776165853.602,253.602,,,,,,,,,,,0.02,137.69,0.03,89.3,0.04,67.7,0.05,54.7,0.06,46.1,0.98,137.69,0.97,89.3,0.96,67.7,0.95,54.7,0.94,46.1,,,,,,,,,,,,,0.094612,1776165852000
1776165854.152,254.152,,,,,,,,,,,0.02,137.69,0.03,89.3,0.04,67.7,0.05,54.7,0.06,46.1,0.98,137.69,0.97,89.3,0.96,67.7,0.95,54.7,0.94,46.1,,,,,,,,,,,,,0.094613,1776165853000
1776165855.697,255.697,,,,,,,,,,,0.02,137.69,0.03,89.3,0.04,67.7,0.05,54.7,0.06,46.1,0.98,137.69,0.97,89.3,0.96,67.7,0.95,54.7,0.94,46.1,,,,,,,,,,,,,0.094613,1776165854000
1776165856.323,256.323,,,,,,,,,,,0.02,137.69,0.03,89.3,0.04,67.7,0.05,54.7,0.06,46.1,0.98,137.69,0.97,89.3,0.96,67.7,0.95,54.7,0.94,46.1,,,,,,,,,,,,,0.094618,1776165855000
1776165857.761,257.761,,,,,,,,,,,0.02,137.69,0.03,89.3,0.04,67.7,0.05,54.7,0.06,46.1,0.98,137.69,0.97,89.3,0.96,67.7,0.95,54.7,0.94,46.1,,,,,,,,,,,,,0.094623,1776165856000
1776165858.68,258.68,,,,,,,,,,,0.02,137.69,0.03,89.3,0.04,67.7,0.05,54.7,0.06,46.1,0.98,137.69,0.97,89.3,0.96,67.7,0.95,54.7,0.94,46.1,,,,,,,,,,,,,0.094623,1776165857000
1776165860.552,260.552,,,,,,,,,,,0.02,137.69,0.03,89.3,0.04,67.7,0.05,54.7,0.06,46.1,0.98,137.69,0.97,89.3,0.96,67.7,0.95,54.7,0.94,46.1,,,,,,,,,,,,,0.09462,1776165859000
1776165861.128,261.128,,,,,,,,,,,0.02,137.69,0.03,89.3,0.04,67.7,0.05,54.7,0.06,46.1,0.98,137.69,0.97,89.3,0.96,67.7,0.95,54.7,0.94,46.1,,,,,,,,,,,,,0.09462,1776165860000
1776165862.326,262.326,,,,,,,,,,,0.02,137.69,0.03,89.3,0.04,67.7,0.05,54.7,0.06,46.1,0.98,137.69,0.97,89.3,0.96,67.7,0.95,54.7,0.94,46.1,,,,,,,,,,,,,0.094623,1776165861000
1776165863.348,263.348,,,,,,,,,,,0.02,137.69,0.03,89.3,0.04,67.7,0.05,54.7,0.06,46.1,0.98,137.69,0.97,89.3,0.96,67.7,0.95,54.7,0.94,46.1,,,,,,,,,,,,,0.094624,1776165862000
1776165863.627,263.627,0.001,412.01,,,,,,,,,0.01,304.8,0.02,132.69,0.026,10.0,0.03,89.3,0.04,93.7,0.98,137.69,0.97,89.3,0.96,67.7,0.95,54.7,0.94,46.1,,,,,,,,,,,0.009,,0.094624,1776165862000
1776165864.009,264.009,0.001,412.01,,,,,,,,,0.01,304.8,0.02,132.69,0.026,10.0,0.03,89.3,0.04,93.7,0.99,304.8,0.98,132.69,0.974,10.0,0.97,89.3,0.96,93.7,0.999,412.01,,,,,,,,,0.009,0.009,0.094624,1776165863000
1776165864.371,264.371,0.001,431.0,,,,,,,,,0.01,304.8,0.02,132.69,0.025,10.0,0.03,89.3,0.04,93.7,0.99,304.8,0.98,132.69,0.974,10.0,0.97,89.3,0.96,93.7,0.999,412.01,,,,,,,,,0.009,0.009,0.094624,1776165863000
1776165864.996,264.996,0.001,431.0,,,,,,,,,0.01,304.8,0.02,132.69,0.025,10.0,0.03,89.3,0.04,93.7,0.99,304.8,0.98,132.69,0.975,10.0,0.97,89.3,0.96,93.7,0.999,431.0,,,,,,,,,0.009,0.009,0.094624,1776165864000
1776165866.096,266.096,0.001,431.0,,,,,,,,,0.01,304.8,0.02,132.69,0.025,10.0,0.03,89.3,0.04,93.7,0.99,304.8,0.98,132.69,0.975,10.0,0.97,89.3,0.96,93.7,0.999,431.0,,,,,,,,,0.009,0.009,0.094624,1776165865000
1776165866.614,266.614,0.002,38.0,0.001,431.0,,,,,,,0.01,304.8,0.02,132.69,0.023,10.0,0.03,89.3,0.04,93.7,0.99,304.8,0.98,132.69,0.975,10.0,0.97,89.3,0.96,93.7,0.999,431.0,,,,,,,,,0.008,0.009,0.094624,1776165865000
1776165867.175,267.175,0.002,38.0,0.001,431.0,,,,,,,0.01,304.8,0.02,132.69,0.023,10.0,0.03,89.3,0.04,93.7,0.99,304.8,0.98,132.69,0.977,10.0,0.97,89.3,0.96,93.7,0.998,38.0,0.999,431.0,,,,,,,0.008,0.008,0.094624,1776165866000
1776165868.268,268.268,0.002,38.0,0.001,431.0,,,,,,,0.01,304.8,0.02,132.69,0.023,10.0,0.03,89.3,0.04,93.7,0.99,304.8,0.98,132.69,0.977,10.0,0.97,89.3,0.96,93.7,0.998,38.0,0.999,431.0,,,,,,,0.008,0.008,0.094626,1776165867000
1776165869.254,269.254,0.001,423.01,,,,,,,,,0.002,25.05,0.01,314.8,0.019,10.0,0.02,132.69,0.03,89.3,0.99,304.8,0.98,132.69,0.977,10.0,0.97,89.3,0.96,93.7,0.998,38.0,0.999,431.0,,,,,,,0.001,0.008,0.094626,1776165867000
1776165869.921,269.921,0.001,423.01,,,,,,,,,0.002,25.05,0.01,314.8,0.019,10.0,0.02,132.69,0.03,89.3,0.998,25.05,0.99,314.8,0.981,10.0,0.98,132.69,0.97,89.3,0.999,423.01,,,,,,,,,0.001,0.001,0.094624,1776165869000
1776165870.991,270.991,0.001,413.01,,,,,,,,,0.002,37.05,0.01,314.8,0.019,10.0,0.02,132.69,0.03,89.3,0.998,37.05,0.99,314.8,0.981,10.0,0.98,132.69,0.97,89.3,0.999,413.01,,,,,,,,,0.001,0.001,0.094622,1776165870000
1776165872.18,272.18,0.001,413.01,,,,,,,,,0.002,37.05,0.01,314.8,0.019,10.0,0.02,132.69,0.03,89.3,0.998,37.05,0.99,314.8,0.981,10.0,0.98,132.69,0.97,89.3,0.999,413.01,,,,,,,,,0.001,0.001,0.094622,1776165871000
1776165873.234,273.234,0.001,413.01,,,,,,,,,0.002,37.05,0.01,314.8,0.019,10.0,0.02,132.69,0.03,89.3,0.998,37.05,0.99,314.8,0.981,10.0,0.98,132.69,0.97,89.3,0.999,413.01,,,,,,,,,0.001,0.001,0.094622,1776165872000
1776165874.767,274.767,0.001,413.01,,,,,,,,,0.002,37.05,0.01,314.8,0.019,10.0,0.02,132.69,0.03,89.3,0.998,37.05,0.99,314.8,0.981,10.0,0.98,132.69,0.97,89.3,0.999,413.01,,,,,,,,,0.001,0.001,0.094568,1776165873000
1776165875.374,275.374,0.001,413.01,,,,,,,,,0.002,37.05,0.01,314.8,0.019,10.0,0.02,132.69,0.03,89.3,0.998,37.05,0.99,314.8,0.981,10.0,0.98,132.69,0.97,89.3,0.999,413.01,,,,,,,,,0.001,0.001,0.094548,1776165874000
1776165875.622,275.622,0.001,385.02,,,,,,,,,0.002,57.07,0.01,107.7,0.028,10.0,0.04,26.0,0.11,55.0,0.998,57.07,0.99,107.7,0.972,10.0,0.96,26.0,0.89,55.0,0.999,395.02,,,,,,,,,0.001,0.001,0.094548,1776165874000
1776165876.414,276.414,0.001,365.01,,,,,,,,,0.002,57.07,0.01,107.7,0.028,10.0,0.04,26.0,0.11,55.0,0.998,57.07,0.99,107.7,0.972,10.0,0.96,26.0,0.89,55.0,0.999,365.01,,,,,,,,,0.001,0.001,0.09454,1776165875000
1776165876.988,276.988,0.001,365.01,,,,,,,,,0.002,57.07,0.01,107.7,0.028,10.0,0.04,26.0,0.11,55.0,0.998,57.07,0.99,107.7,0.972,10.0,0.96,26.0,0.89,55.0,0.999,365.01,,,,,,,,,0.001,0.001,0.094536,1776165876000
1776165878.088,278.088,0.001,365.01,,,,,,,,,0.002,57.07,0.01,107.7,0.028,10.0,0.04,26.0,0.11,55.0,0.998,57.07,0.99,107.7,0.972,10.0,0.96,26.0,0.89,55.0,0.999,365.01,,,,,,,,,0.001,0.001,0.09453,1776165877000
1776165878.861,278.861,0.001,357.02,,,,,,,,,0.002,57.07,0.01,781.05,0.03,10.0,0.04,26.0,0.11,55.0,0.998,57.07,0.99,107.7,0.972,10.0,0.96,26.0,0.89,55.0,0.999,365.01,,,,,,,,,0.001,0.001,0.09453,1776165877000
1776165879.283,279.283,0.001,357.02,,,,,,,,,0.002,57.07,0.01,781.05,0.03,10.0,0.04,26.0,0.11,55.0,0.998,57.07,0.99,781.05,0.97,10.0,0.96,26.0,0.89,55.0,0.999,357.02,,,,,,,,,0.001,0.001,0.094552,1776165878000
1776165879.516,279.516,0.001,345.02,,,,,,,,,0.002,57.07,0.009,12.0,0.01,1781.05,0.029,10.0,0.04,26.0,0.998,57.07,0.99,781.05,0.97,10.0,0.96,26.0,0.89,55.0,0.999,357.02,,,,,,,,,0.001,0.001,0.094552,1776165878000
1776165880.179,280.179,0.001,335.02,,,,,,,,,0.002,47.07,0.009,12.0,0.01,1781.05,0.028,10.0,0.04,26.0,0.998,57.07,0.991,12.0,0.99,1781.05,0.971,10.0,0.96,26.0,0.999,345.02,,,,,,,,,0.001,0.001,0.094552,1776165878000
1776165880.416,280.416,0.001,335.02,,,,,,,,,0.002,47.07,0.009,12.0,0.01,1781.05,0.028,10.0,0.04,26.0,0.998,47.07,0.991,12.0,0.99,1781.05,0.972,10.0,0.96,26.0,0.999,335.02,,,,,,,,,0.001,0.001,0.094556,1776165879000
1776165880.981,280.981,0.001,335.02,,,,,,,,,0.002,47.07,0.009,12.0,0.01,1781.05,0.028,10.0,0.04,26.0,0.998,47.07,0.991,12.0,0.99,1781.05,0.972,10.0,0.96,26.0,0.999,335.02,,,,,,,,,0.001,0.001,0.094556,1776165880000
1776165882.106,282.106,0.001,335.02,,,,,,,,,0.002,47.07,0.009,12.0,0.01,1781.05,0.028,10.0,0.04,26.0,0.998,47.07,0.991,12.0,0.99,1781.05,0.972,10.0,0.96,26.0,0.999,335.02,,,,,,,,,0.001,0.001,0.094554,1776165881000
1776165882.51,282.51,0.001,328.03,,,,,,,,,0.002,47.07,0.009,12.0,0.01,2448.05,0.026,10.0,0.04,26.0,0.998,47.07,0.991,12.0,0.99,1781.05,0.972,10.0,0.96,26.0,0.999,335.02,,,,,,,,,0.001,0.001,0.094554,1776165881000
1776165883.331,283.331,0.001,328.03,,,,,,,,,0.002,47.07,0.009,12.0,0.01,2448.05,0.026,10.0,0.04,26.0,0.998,47.07,0.991,12.0,0.99,2448.05,0.974,10.0,0.96,26.0,0.999,328.03,,,,,,,,,0.001,0.001,0.094554,1776165882000
1776165884.369,284.369,0.001,316.03,,,,,,,,,0.002,47.07,0.009,12.0,0.01,2448.05,0.025,10.0,0.04,26.0,0.998,47.07,0.991,12.0,0.99,2448.05,0.975,10.0,0.96,26.0,0.999,316.03,,,,,,,,,0.001,0.001,0.094558,1776165883000
1776165885.431,285.431,0.001,316.03,,,,,,,,,0.002,47.07,0.009,12.0,0.01,2448.05,0.025,10.0,0.04,26.0,0.998,47.07,0.991,12.0,0.99,2448.05,0.975,10.0,0.96,26.0,0.999,316.03,,,,,,,,,0.001,0.001,0.09456,1776165884000
1776165886.087,286.087,0.001,299.03,,,,,,,,,0.002,47.07,0.01,2448.05,0.022,10.0,0.04,26.0,0.09,5.0,0.998,47.07,0.991,12.0,0.99,2448.05,0.975,10.0,0.96,26.0,0.999,311.03,,,,,,,,,0.001,0.001,0.09456,1776165884000
1776165887.243,287.243,0.001,299.03,,,,,,,,,0.002,47.07,0.01,2448.05,0.022,10.0,0.04,26.0,0.09,5.0,0.998,47.07,0.99,2448.05,0.978,10.0,0.96,26.0,0.91,5.0,0.999,299.03,,,,,,,,,0.001,0.001,0.094575,1776165886000
1776165888.359,288.359,0.001,299.03,,,,,,,,,0.002,47.07,0.01,2448.05,0.022,10.0,0.04,26.0,0.09,5.0,0.998,47.07,0.99,2448.05,0.978,10.0,0.96,26.0,0.91,5.0,0.999,299.03,,,,,,,,,0.001,0.001,0.094588,1776165887000
1776165889.485,289.485,0.001,299.03,,,,,,,,,0.002,47.07,0.01,2448.05,0.022,10.0,0.04,26.0,0.09,5.0,0.998,47.07,0.99,2448.05,0.978,10.0,0.96,26.0,0.91,5.0,0.999,299.03,,,,,,,,,0.001,0.001,0.094588,1776165888000
1776165890.192,290.192,0.001,299.03,,,,,,,,,0.002,47.07,0.01,2448.05,0.022,10.0,0.04,26.0,0.09,5.0,0.998,47.07,0.99,2448.05,0.978,10.0,0.96,26.0,0.91,5.0,0.999,299.03,,,,,,,,,0.001,0.001,0.094591,1776165889000
1776165890.464,290.464,0.001,294.03,,,,,,,,,0.002,47.07,0.01,3096.05,0.021,10.0,0.04,26.0,0.11,55.0,0.998,47.07,0.99,2448.05,0.978,10.0,0.96,26.0,0.91,5.0,0.999,299.03,,,,,,,,,0.001,0.001,0.094591,1776165889000
1776165891.383,291.383,0.001,294.03,,,,,,,,,0.002,47.07,0.01,3096.05,0.021,10.0,0.04,26.0,0.11,55.0,0.998,47.07,0.99,3096.05,0.979,10.0,0.96,26.0,0.89,55.0,0.999,294.03,,,,,,,,,0.001,0.001,0.09459,1776165890000
1776165892.248,292.248,0.001,282.03,,,,,,,,,0.002,47.07,0.01,3096.05,0.021,10.0,0.04,26.0,0.11,55.0,0.998,47.07,0.99,3096.05,0.979,10.0,0.96,26.0,0.89,55.0,0.999,294.03,,,,,,,,,0.001,0.001,0.09459,1776165890000
1776165892.965,292.965,0.001,282.03,,,,,,,,,0.002,47.07,0.01,3096.05,0.021,10.0,0.04,26.0,0.11,55.0,0.998,47.07,0.99,3096.05,0.979,10.0,0.96,26.0,0.89,55.0,0.999,282.03,,,,,,,,,0.001,0.001,0.094596,1776165892000
1776165894.015,294.015,0.001,282.03,,,,,,,,,0.002,47.07,0.01,3096.05,0.021,10.0,0.04,26.0,0.11,55.0,0.998,47.07,0.99,3096.05,0.979,10.0,0.96,26.0,0.89,55.0,0.999,282.03,,,,,,,,,0.001,0.001,0.0946,1776165893000
1776165894.922,294.922,0.001,276.04,,,,,,,,,0.002,47.07,0.01,3116.1,0.021,10.0,0.04,26.0,0.11,55.0,0.998,47.07,0.99,3096.05,0.979,10.0,0.96,26.0,0.89,55.0,0.999,282.03,,,,,,,,,0.001,0.001,0.0946,1776165893000
1776165895.26,295.26,0.001,264.04,,,,,,,,,0.002,47.07,0.01,3116.1,0.021,10.0,0.04,26.0,0.11,55.0,0.998,47.07,0.99,3116.1,0.979,10.0,0.96,26.0,0.89,55.0,0.999,276.04,,,,,,,,,0.001,0.001,0.0946,1776165894000
1776165896.006,296.006,0.001,258.05,,,,,,,,,0.002,47.07,0.01,3116.1,0.021,10.0,0.04,26.0,0.11,55.0,0.998,47.07,0.99,3116.1,0.979,10.0,0.96,26.0,0.89,55.0,0.999,264.04,,,,,,,,,0.001,0.001,0.0946,1776165894000
1776165897.156,297.156,0.001,258.05,,,,,,,,,0.002,47.07,0.01,3116.1,0.021,10.0,0.04,26.0,0.11,55.0,0.998,47.07,0.99,3116.1,0.979,10.0,0.96,26.0,0.89,55.0,0.999,258.05,,,,,,,,,0.001,0.001,0.0946,1776165896000
1776165898.2,298.2,0.001,258.05,,,,,,,,,0.002,47.07,0.01,3116.1,0.021,10.0,0.04,26.0,0.11,55.0,0.998,47.07,0.99,3116.1,0.979,10.0,0.96,26.0,0.89,55.0,0.999,258.05,,,,,,,,,0.001,0.001,0.0946,1776165897000
1776165899.852,299.852,,,,,,,,,,,0.001,342.55,0.002,22.02,0.01,3453.62,0.021,10.0,0.04,26.0,0.999,342.55,0.998,22.02,0.99,3453.62,0.979,10.0,0.96,26.0,,,,,,,,,,,,,0.0946,1776165898000
1776165900.632,300.632,,,,,,,,,,,0.001,342.55,0.002,22.02,0.01,3453.62,0.021,10.0,0.04,26.0,0.999,342.55,0.998,22.02,0.99,3453.62,0.979,10.0,0.96,26.0,,,,,,,,,,,,,0.0946,1776165899000
1776165901.185,301.185,,,,,,,,,,,0.001,342.55,0.002,22.02,0.01,3453.62,0.021,10.0,0.04,26.0,0.999,342.55,0.998,22.02,0.99,3453.62,0.979,10.0,0.96,26.0,,,,,,,,,,,,,0.0946,1776165900000
1776165902.332,302.332,,,,,,,,,,,0.001,342.55,0.002,22.02,0.01,3453.62,0.021,10.0,0.04,26.0,0.999,342.55,0.998,22.02,0.99,3453.62,0.979,10.0,0.96,26.0,,,,,,,,,,,,,0.0946,1776165901000

# RESULT,winner=Down,slug=doge-updown-5m-1776165600,ticks=309
