timestamp,elapsed_sec,up_bid_p1,up_bid_s1,up_bid_p2,up_bid_s2,up_ask_p1,up_ask_s1,up_ask_p2,up_ask_s2,down_bid_p1,down_bid_s1,down_bid_p2,down_bid_s2,down_ask_p1,down_ask_s1,down_ask_p2,down_ask_s2,up_spread,down_spread,doge_price,doge_oracle_ts
1776224111.433,11.433,0.42,10.0,0.37,20.0,0.52,5.0,0.53,5.0,0.48,5.0,0.47,5.0,0.58,10.0,0.63,20.0,0.1,0.1,0.09332,1776224109000
1776224111.729,11.729,0.42,10.0,0.37,20.0,0.52,5.0,0.53,5.0,0.48,5.0,0.47,5.0,0.58,10.0,0.63,20.0,0.1,0.1,0.09332,1776224110000
1776224112.204,12.204,0.42,10.0,0.37,20.0,0.52,5.0,0.53,5.0,0.48,5.0,0.47,5.0,0.58,10.0,0.63,20.0,0.1,0.1,0.09332,1776224111000
1776224113.516,13.516,0.42,10.0,0.37,20.0,0.52,5.0,0.53,5.0,0.48,5.0,0.47,5.0,0.58,10.0,0.63,20.0,0.1,0.1,0.09332,1776224112000
1776224114.255,14.255,0.42,10.0,0.37,20.0,0.52,5.0,0.53,5.0,0.48,5.0,0.47,5.0,0.58,10.0,0.63,20.0,0.1,0.1,0.09332,1776224113000
1776224115.073,15.073,0.42,10.0,0.37,20.0,0.52,5.0,0.53,5.0,0.48,5.0,0.47,5.0,0.58,10.0,0.63,20.0,0.1,0.1,0.09332,1776224114000
1776224116.564,16.564,0.42,10.0,0.37,20.0,0.52,5.0,0.53,5.0,0.48,5.0,0.47,5.0,0.58,10.0,0.63,20.0,0.1,0.1,0.09332,1776224115000
1776224117.331,17.331,0.42,10.0,0.37,20.0,0.52,5.0,0.53,5.0,0.48,5.0,0.47,5.0,0.58,10.0,0.63,20.0,0.1,0.1,0.093319,1776224116000
1776224118.072,18.072,0.42,10.0,0.37,20.0,0.52,5.0,0.53,5.0,0.48,5.0,0.47,5.0,0.58,10.0,0.63,20.0,0.1,0.1,0.093316,1776224117000
1776224119.881,19.881,0.42,10.0,0.37,20.0,0.52,5.0,0.53,5.0,0.48,5.0,0.47,5.0,0.58,10.0,0.63,20.0,0.1,0.1,0.093299,1776224118000
1776224120.491,20.491,0.42,10.0,0.37,20.0,0.52,5.0,0.53,5.0,0.48,5.0,0.47,5.0,0.58,10.0,0.63,20.0,0.1,0.1,0.093298,1776224119000
1776224121.084,21.084,0.42,10.0,0.37,20.0,0.52,5.0,0.53,5.0,0.48,5.0,0.47,5.0,0.58,10.0,0.63,20.0,0.1,0.1,0.093296,1776224120000
1776224122.413,22.413,0.42,10.0,0.37,20.0,0.52,5.0,0.53,5.0,0.48,5.0,0.47,5.0,0.58,10.0,0.63,20.0,0.1,0.1,0.093297,1776224121000
1776224123.029,23.029,0.42,10.0,0.37,20.0,0.52,5.0,0.53,5.0,0.48,5.0,0.47,5.0,0.58,10.0,0.63,20.0,0.1,0.1,0.093296,1776224122000
1776224124.073,24.073,0.42,10.0,0.37,20.0,0.52,5.0,0.53,5.0,0.48,5.0,0.47,5.0,0.58,10.0,0.63,20.0,0.1,0.1,0.093296,1776224123000
1776224125.533,25.533,0.42,10.0,0.37,20.0,0.52,5.0,0.53,5.0,0.48,5.0,0.47,5.0,0.58,10.0,0.63,20.0,0.1,0.1,0.093296,1776224124000
1776224126.125,26.125,0.42,10.0,0.37,20.0,0.52,5.0,0.53,5.0,0.48,5.0,0.47,5.0,0.58,10.0,0.63,20.0,0.1,0.1,0.093296,1776224125000
1776224127.296,27.296,0.42,10.0,0.37,20.0,0.52,5.0,0.53,5.0,0.48,5.0,0.47,5.0,0.58,10.0,0.63,20.0,0.1,0.1,0.093296,1776224126000
1776224127.987,27.987,0.42,10.0,0.37,20.0,0.52,5.0,0.53,5.0,0.48,5.0,0.47,5.0,0.58,10.0,0.63,20.0,0.1,0.1,0.093296,1776224127000
1776224129.196,29.196,0.42,10.0,0.37,20.0,0.52,5.0,0.53,5.0,0.48,5.0,0.47,5.0,0.58,10.0,0.63,20.0,0.1,0.1,0.093294,1776224128000
1776224130.274,30.274,0.42,10.0,0.37,20.0,0.52,5.0,0.53,5.0,0.48,5.0,0.47,5.0,0.58,10.0,0.63,20.0,0.1,0.1,0.093284,1776224129000
1776224131.409,31.409,0.42,10.0,0.37,20.0,0.52,5.0,0.53,5.0,0.48,5.0,0.47,5.0,0.58,10.0,0.63,20.0,0.1,0.1,0.093282,1776224130000
1776224132.044,32.044,0.27,5.0,0.26,12.0,0.36,5.0,0.39,5.0,0.64,5.0,0.61,5.0,0.73,5.0,0.74,12.0,0.09,0.09,0.093282,1776224131000
1776224133.167,33.167,0.27,5.0,0.26,12.0,0.36,5.0,0.39,5.0,0.64,5.0,0.61,5.0,0.73,5.0,0.74,12.0,0.09,0.09,0.093282,1776224132000
1776224134.275,34.275,0.27,5.0,0.26,12.0,0.36,5.0,0.39,5.0,0.64,5.0,0.61,5.0,0.73,5.0,0.74,12.0,0.09,0.09,0.093285,1776224133000
1776224135.505,35.505,0.27,5.0,0.26,12.0,0.36,5.0,0.39,5.0,0.64,5.0,0.61,5.0,0.73,5.0,0.74,12.0,0.09,0.09,0.093282,1776224134000
1776224136.035,36.035,0.27,5.0,0.26,12.0,0.36,5.0,0.39,5.0,0.64,5.0,0.61,5.0,0.73,5.0,0.74,12.0,0.09,0.09,0.093282,1776224135000
1776224137.295,37.295,0.27,5.0,0.26,12.0,0.36,5.0,0.39,5.0,0.64,5.0,0.61,5.0,0.73,5.0,0.74,12.0,0.09,0.09,0.093282,1776224136000
1776224138.353,38.353,0.27,5.0,0.26,12.0,0.36,5.0,0.39,5.0,0.64,5.0,0.61,5.0,0.73,5.0,0.74,12.0,0.09,0.09,0.093283,1776224137000
1776224138.874,38.874,0.27,5.0,0.26,12.0,0.36,5.0,0.39,5.0,0.64,5.0,0.61,5.0,0.73,5.0,0.74,12.0,0.09,0.09,0.093283,1776224138000
1776224140.06,40.06,0.27,5.0,0.26,12.0,0.36,5.0,0.39,5.0,0.64,5.0,0.61,5.0,0.73,5.0,0.74,12.0,0.09,0.09,0.093283,1776224139000
1776224141.248,41.248,0.27,5.0,0.26,12.0,0.36,5.0,0.39,5.0,0.64,5.0,0.61,5.0,0.73,5.0,0.74,12.0,0.09,0.09,0.093283,1776224140000
1776224142.324,42.324,0.27,5.0,0.26,12.0,0.36,5.0,0.39,5.0,0.64,5.0,0.61,5.0,0.73,5.0,0.74,12.0,0.09,0.09,0.093283,1776224141000
1776224143.376,43.376,0.27,5.0,0.26,12.0,0.36,5.0,0.39,5.0,0.64,5.0,0.61,5.0,0.73,5.0,0.74,12.0,0.09,0.09,0.093285,1776224142000
1776224143.938,43.938,0.27,5.0,0.26,12.0,0.36,5.0,0.39,5.0,0.64,5.0,0.61,5.0,0.73,5.0,0.74,12.0,0.09,0.09,0.093285,1776224143000
1776224144.948,44.948,0.27,5.0,0.26,12.0,0.36,5.0,0.39,5.0,0.64,5.0,0.61,5.0,0.73,5.0,0.74,12.0,0.09,0.09,0.093285,1776224144000
1776224146.115,46.115,0.27,5.0,0.26,12.0,0.36,5.0,0.39,5.0,0.64,5.0,0.61,5.0,0.73,5.0,0.74,12.0,0.09,0.09,0.093287,1776224145000
1776224147.18,47.18,0.27,5.0,0.26,12.0,0.36,5.0,0.39,5.0,0.64,5.0,0.61,5.0,0.73,5.0,0.74,12.0,0.09,0.09,0.093285,1776224146000
1776224148.236,48.236,0.27,5.0,0.26,12.0,0.36,5.0,0.39,5.0,0.64,5.0,0.61,5.0,0.73,5.0,0.74,12.0,0.09,0.09,0.093285,1776224147000
1776224149.89,49.89,0.27,5.0,0.26,12.0,0.36,5.0,0.39,5.0,0.64,5.0,0.61,5.0,0.73,5.0,0.74,12.0,0.09,0.09,0.093285,1776224148000
1776224150.467,50.467,0.27,5.0,0.26,12.0,0.36,5.0,0.39,5.0,0.64,5.0,0.61,5.0,0.73,5.0,0.74,12.0,0.09,0.09,0.093285,1776224149000
1776224150.943,50.943,0.27,5.0,0.26,12.0,0.36,5.0,0.39,5.0,0.64,5.0,0.61,5.0,0.73,5.0,0.74,12.0,0.09,0.09,0.093285,1776224150000
1776224152.1,52.1,0.27,5.0,0.26,12.0,0.36,5.0,0.39,5.0,0.64,5.0,0.61,5.0,0.73,5.0,0.74,12.0,0.09,0.09,0.093285,1776224151000
1776224152.465,52.465,0.25,13.0,0.22,14.0,0.26,26.0,0.31,50.0,0.64,5.0,0.61,5.0,0.73,5.0,0.74,12.0,0.01,0.09,0.093285,1776224151000
1776224152.831,52.831,0.25,8.0,0.22,14.0,0.26,26.0,0.31,50.0,0.74,26.0,0.69,50.0,0.75,13.0,0.78,14.0,0.01,0.01,0.093285,1776224151000
1776224153.067,53.067,0.25,6.53,0.22,14.0,0.26,26.0,0.31,50.0,0.74,26.0,0.69,50.0,0.75,6.53,0.78,14.0,0.01,0.01,0.093281,1776224152000
1776224153.282,53.282,0.22,14.0,0.2,5.0,0.26,26.0,0.31,50.0,0.74,26.0,0.69,50.0,0.75,6.53,0.78,14.0,0.04,0.01,0.093281,1776224152000
1776224154.19,54.19,0.22,14.0,0.2,5.0,0.26,26.0,0.31,50.0,0.74,26.0,0.69,50.0,0.78,14.0,0.8,5.0,0.04,0.04,0.093265,1776224153000
1776224155.216,55.216,0.22,14.0,0.2,5.0,0.26,26.0,0.31,50.0,0.74,26.0,0.69,50.0,0.78,14.0,0.8,5.0,0.04,0.04,0.093265,1776224154000
1776224156.297,56.297,0.22,14.0,0.2,5.0,0.26,26.0,0.31,50.0,0.74,26.0,0.69,50.0,0.78,14.0,0.8,5.0,0.04,0.04,0.093259,1776224155000
1776224156.799,56.799,0.22,14.0,0.2,5.0,0.26,26.0,0.31,50.0,0.74,26.0,0.69,50.0,0.78,14.0,0.8,5.0,0.04,0.04,0.093259,1776224156000
1776224157.935,57.935,0.22,14.0,0.2,5.0,0.26,26.0,0.31,50.0,0.74,26.0,0.69,50.0,0.78,14.0,0.8,5.0,0.04,0.04,0.093259,1776224157000
1776224158.88,58.88,0.22,14.0,0.2,5.0,0.26,26.0,0.31,50.0,0.74,26.0,0.69,50.0,0.78,14.0,0.8,5.0,0.04,0.04,0.093259,1776224158000
1776224159.875,59.875,0.22,14.0,0.2,5.0,0.26,26.0,0.31,50.0,0.74,26.0,0.69,50.0,0.78,14.0,0.8,5.0,0.04,0.04,0.093261,1776224159000
1776224160.794,60.794,0.18,14.66,0.15,18.0,0.22,22.0,0.29,30.0,0.74,26.0,0.69,50.0,0.78,14.0,0.8,5.0,0.04,0.04,0.093261,1776224159000
1776224161.907,61.907,0.18,14.66,0.15,18.0,0.22,22.0,0.29,30.0,0.78,22.0,0.71,30.0,0.82,14.66,0.85,18.0,0.04,0.04,0.093247,1776224161000
1776224163.62,63.62,0.18,14.66,0.15,18.0,0.22,22.0,0.29,30.0,0.78,22.0,0.71,30.0,0.82,14.66,0.85,18.0,0.04,0.04,0.093244,1776224162000
1776224164.216,64.216,0.18,14.66,0.15,18.0,0.22,22.0,0.29,30.0,0.78,22.0,0.71,30.0,0.82,14.66,0.85,18.0,0.04,0.04,0.093225,1776224163000
1776224165.333,65.333,0.18,14.66,0.15,18.0,0.22,22.0,0.29,30.0,0.78,22.0,0.71,30.0,0.82,14.66,0.85,18.0,0.04,0.04,0.093219,1776224164000
1776224165.95,65.95,0.18,14.66,0.15,18.0,0.22,22.0,0.29,30.0,0.78,22.0,0.71,30.0,0.82,14.66,0.85,18.0,0.04,0.04,0.093219,1776224165000
1776224167.163,67.163,0.18,14.66,0.15,18.0,0.22,22.0,0.29,30.0,0.78,22.0,0.71,30.0,0.82,14.66,0.85,18.0,0.04,0.04,0.093221,1776224166000
1776224168.332,68.332,0.18,14.66,0.15,18.0,0.22,22.0,0.29,30.0,0.78,22.0,0.71,30.0,0.82,14.66,0.85,18.0,0.04,0.04,0.093223,1776224167000
1776224168.889,68.889,0.18,14.66,0.15,18.0,0.22,22.0,0.29,30.0,0.78,22.0,0.71,30.0,0.82,14.66,0.85,18.0,0.04,0.04,0.093225,1776224168000
1776224170.138,70.138,0.18,14.66,0.15,18.0,0.22,22.0,0.29,30.0,0.78,22.0,0.71,30.0,0.82,14.66,0.85,18.0,0.04,0.04,0.093223,1776224169000
1776224171.198,71.198,0.18,14.66,0.15,18.0,0.22,22.0,0.29,30.0,0.78,22.0,0.71,30.0,0.82,14.66,0.85,18.0,0.04,0.04,0.093214,1776224170000
1776224172.282,72.282,0.18,14.66,0.15,18.0,0.22,22.0,0.29,30.0,0.78,22.0,0.71,30.0,0.82,14.66,0.85,18.0,0.04,0.04,0.093205,1776224171000
1776224173.279,73.279,0.18,14.66,0.15,18.0,0.22,22.0,0.29,30.0,0.78,22.0,0.71,30.0,0.82,14.66,0.85,18.0,0.04,0.04,0.093207,1776224172000
1776224173.94,73.94,0.18,14.66,0.15,18.0,0.22,22.0,0.29,30.0,0.78,22.0,0.71,30.0,0.82,14.66,0.85,18.0,0.04,0.04,0.093207,1776224173000
1776224175.03,75.03,0.18,14.66,0.15,18.0,0.22,22.0,0.29,30.0,0.78,22.0,0.71,30.0,0.82,14.66,0.85,18.0,0.04,0.04,0.093208,1776224174000
1776224176.113,76.113,0.18,14.66,0.15,18.0,0.22,22.0,0.29,30.0,0.78,22.0,0.71,30.0,0.82,14.66,0.85,18.0,0.04,0.04,0.093207,1776224175000
1776224177.226,77.226,0.18,14.66,0.15,18.0,0.22,22.0,0.29,30.0,0.78,22.0,0.71,30.0,0.82,14.66,0.85,18.0,0.04,0.04,0.093207,1776224176000
1776224178.477,78.477,0.18,14.66,0.15,18.0,0.22,22.0,0.29,30.0,0.78,22.0,0.71,30.0,0.82,14.66,0.85,18.0,0.04,0.04,0.093207,1776224177000
1776224179.001,79.001,0.18,14.66,0.15,18.0,0.22,22.0,0.29,30.0,0.78,22.0,0.71,30.0,0.82,14.66,0.85,18.0,0.04,0.04,0.093207,1776224178000
1776224180.055,80.055,0.18,14.66,0.15,18.0,0.22,22.0,0.29,30.0,0.78,22.0,0.71,30.0,0.82,14.66,0.85,18.0,0.04,0.04,0.09321,1776224179000
1776224181.289,81.289,0.18,14.66,0.15,18.0,0.22,22.0,0.29,30.0,0.78,22.0,0.71,30.0,0.82,14.66,0.85,18.0,0.04,0.04,0.093215,1776224180000
1776224181.892,81.892,0.18,14.66,0.15,18.0,0.22,22.0,0.29,30.0,0.78,22.0,0.71,30.0,0.82,14.66,0.85,18.0,0.04,0.04,0.093215,1776224181000
1776224183.083,83.083,0.18,14.66,0.15,18.0,0.22,22.0,0.29,30.0,0.78,22.0,0.71,30.0,0.82,14.66,0.85,18.0,0.04,0.04,0.093215,1776224182000
1776224184.187,84.187,0.18,14.66,0.15,18.0,0.22,22.0,0.29,30.0,0.78,22.0,0.71,30.0,0.82,14.66,0.85,18.0,0.04,0.04,0.093215,1776224183000
1776224185.221,85.221,0.18,14.66,0.15,18.0,0.22,22.0,0.29,30.0,0.78,22.0,0.71,30.0,0.82,14.66,0.85,18.0,0.04,0.04,0.093213,1776224184000
1776224186.402,86.402,0.18,14.66,0.15,18.0,0.22,22.0,0.29,30.0,0.78,22.0,0.71,30.0,0.82,14.66,0.85,18.0,0.04,0.04,0.093211,1776224185000
1776224186.945,86.945,0.18,14.66,0.15,18.0,0.22,22.0,0.29,30.0,0.78,22.0,0.71,30.0,0.82,14.66,0.85,18.0,0.04,0.04,0.093211,1776224186000
1776224188.114,88.114,0.18,14.66,0.15,18.0,0.22,22.0,0.29,30.0,0.78,22.0,0.71,30.0,0.82,14.66,0.85,18.0,0.04,0.04,0.093227,1776224187000
1776224189.319,89.319,0.18,14.66,0.15,18.0,0.22,22.0,0.29,30.0,0.78,22.0,0.71,30.0,0.82,14.66,0.85,18.0,0.04,0.04,0.09324,1776224188000
1776224190.21,90.21,0.18,14.66,0.15,18.0,0.22,22.0,0.29,30.0,0.78,22.0,0.71,30.0,0.82,14.66,0.85,18.0,0.04,0.04,0.093244,1776224189000
1776224191.323,91.323,0.18,14.66,0.15,18.0,0.22,22.0,0.29,30.0,0.78,22.0,0.71,30.0,0.82,14.66,0.85,18.0,0.04,0.04,0.09324,1776224190000
1776224192.019,92.019,0.18,14.66,0.15,18.0,0.22,22.0,0.29,30.0,0.78,22.0,0.71,30.0,0.82,14.66,0.85,18.0,0.04,0.04,0.093233,1776224191000
1776224192.955,92.955,0.18,14.66,0.15,18.0,0.22,22.0,0.29,30.0,0.78,22.0,0.71,30.0,0.82,14.66,0.85,18.0,0.04,0.04,0.093233,1776224192000
1776224193.907,93.907,0.18,14.66,0.15,18.0,0.22,22.0,0.29,30.0,0.78,22.0,0.71,30.0,0.82,14.66,0.85,18.0,0.04,0.04,0.093228,1776224193000
1776224194.923,94.923,0.18,14.66,0.15,18.0,0.22,22.0,0.29,30.0,0.78,22.0,0.71,30.0,0.82,14.66,0.85,18.0,0.04,0.04,0.093231,1776224194000
1776224196.555,96.555,0.18,14.66,0.15,18.0,0.22,22.0,0.29,30.0,0.78,22.0,0.71,30.0,0.82,14.66,0.85,18.0,0.04,0.04,0.09323,1776224195000
1776224197.156,97.156,0.18,14.66,0.15,18.0,0.22,22.0,0.29,30.0,0.78,22.0,0.71,30.0,0.82,14.66,0.85,18.0,0.04,0.04,0.093214,1776224196000
1776224198.3,98.3,0.18,14.66,0.15,18.0,0.22,22.0,0.29,30.0,0.78,22.0,0.71,30.0,0.82,14.66,0.85,18.0,0.04,0.04,0.093209,1776224197000
1776224199.304,99.304,0.18,14.66,0.15,18.0,0.22,22.0,0.29,30.0,0.78,22.0,0.71,30.0,0.82,14.66,0.85,18.0,0.04,0.04,0.093217,1776224198000
1776224200.578,100.578,0.18,14.66,0.15,18.0,0.22,22.0,0.29,30.0,0.78,22.0,0.71,30.0,0.82,14.66,0.85,18.0,0.04,0.04,0.093222,1776224199000
1776224201.167,101.167,0.18,14.66,0.15,18.0,0.22,22.0,0.29,30.0,0.78,22.0,0.71,30.0,0.82,14.66,0.85,18.0,0.04,0.04,0.093224,1776224200000
1776224202.334,102.334,0.18,14.66,0.15,18.0,0.22,22.0,0.29,30.0,0.78,22.0,0.71,30.0,0.82,14.66,0.85,18.0,0.04,0.04,0.093236,1776224201000
1776224202.911,102.911,0.18,14.66,0.15,18.0,0.22,22.0,0.29,30.0,0.78,22.0,0.71,30.0,0.82,14.66,0.85,18.0,0.04,0.04,0.093236,1776224202000
1776224204.091,104.091,0.18,14.66,0.15,18.0,0.22,22.0,0.29,30.0,0.78,22.0,0.71,30.0,0.82,14.66,0.85,18.0,0.04,0.04,0.093227,1776224203000
1776224205.391,105.391,0.18,14.66,0.15,18.0,0.22,22.0,0.29,30.0,0.78,22.0,0.71,30.0,0.82,14.66,0.85,18.0,0.04,0.04,0.093222,1776224204000
1776224206.425,106.425,0.18,14.66,0.15,18.0,0.22,22.0,0.29,30.0,0.78,22.0,0.71,30.0,0.82,14.66,0.85,18.0,0.04,0.04,0.093221,1776224205000
1776224206.969,106.969,0.18,14.66,0.15,18.0,0.22,22.0,0.29,30.0,0.78,22.0,0.71,30.0,0.82,14.66,0.85,18.0,0.04,0.04,0.09322,1776224206000
1776224208.142,108.142,0.18,14.66,0.15,18.0,0.22,22.0,0.29,30.0,0.78,22.0,0.71,30.0,0.82,14.66,0.85,18.0,0.04,0.04,0.093219,1776224207000
1776224209.176,109.176,0.18,14.66,0.15,18.0,0.22,22.0,0.29,30.0,0.78,22.0,0.71,30.0,0.82,14.66,0.85,18.0,0.04,0.04,0.093223,1776224208000
1776224210.216,110.216,0.18,14.66,0.15,18.0,0.22,22.0,0.29,30.0,0.78,22.0,0.71,30.0,0.82,14.66,0.85,18.0,0.04,0.04,0.093223,1776224209000
1776224211.234,111.234,0.18,14.66,0.15,18.0,0.22,22.0,0.29,30.0,0.78,22.0,0.71,30.0,0.82,14.66,0.85,18.0,0.04,0.04,0.093223,1776224210000
1776224212.249,112.249,0.18,14.66,0.15,18.0,0.22,22.0,0.29,30.0,0.78,22.0,0.71,30.0,0.82,14.66,0.85,18.0,0.04,0.04,0.093223,1776224211000
1776224213.253,113.253,0.18,14.66,0.15,18.0,0.22,22.0,0.29,30.0,0.78,22.0,0.71,30.0,0.82,14.66,0.85,18.0,0.04,0.04,0.093222,1776224212000
1776224214.347,114.347,0.18,14.66,0.15,18.0,0.22,22.0,0.29,30.0,0.78,22.0,0.71,30.0,0.82,14.66,0.85,18.0,0.04,0.04,0.093219,1776224213000
1776224215.308,115.308,0.18,14.66,0.15,18.0,0.22,22.0,0.29,30.0,0.78,22.0,0.71,30.0,0.82,14.66,0.85,18.0,0.04,0.04,0.093219,1776224214000
1776224216.312,116.312,0.18,14.66,0.15,18.0,0.22,22.0,0.29,30.0,0.78,22.0,0.71,30.0,0.82,14.66,0.85,18.0,0.04,0.04,0.093219,1776224215000
1776224216.828,116.828,0.18,14.66,0.15,18.0,0.22,22.0,0.29,30.0,0.78,22.0,0.71,30.0,0.82,14.66,0.85,18.0,0.04,0.04,0.093221,1776224216000
1776224217.996,117.996,0.18,14.66,0.15,18.0,0.22,22.0,0.29,30.0,0.78,22.0,0.71,30.0,0.82,14.66,0.85,18.0,0.04,0.04,0.093221,1776224217000
1776224219.01,119.01,0.18,14.66,0.15,18.0,0.22,22.0,0.29,30.0,0.78,22.0,0.71,30.0,0.82,14.66,0.85,18.0,0.04,0.04,0.093218,1776224218000
1776224220.004,120.004,0.18,14.66,0.15,18.0,0.22,22.0,0.29,30.0,0.78,22.0,0.71,30.0,0.82,14.66,0.85,18.0,0.04,0.04,0.093217,1776224219000
1776224221.729,121.729,0.18,14.66,0.15,18.0,0.22,22.0,0.29,30.0,0.78,22.0,0.71,30.0,0.82,14.66,0.85,18.0,0.04,0.04,0.093216,1776224220000
1776224222.124,122.124,0.05,45.0,0.04,72.7,0.12,44.6,0.13,41.0,0.78,22.0,0.71,30.0,0.82,14.66,0.85,18.0,0.07,0.04,0.093216,1776224220000
1776224222.324,122.324,0.05,45.0,0.04,72.7,0.12,44.6,0.13,41.0,0.88,44.6,0.87,41.0,0.95,45.0,0.96,72.7,0.07,0.07,0.093216,1776224221000
1776224223.046,123.046,0.05,22.49,0.04,72.7,0.08,5.0,0.1,28.9,0.88,44.6,0.87,41.0,0.95,45.0,0.96,72.7,0.03,0.07,0.093216,1776224221000
1776224223.374,123.374,0.05,2.49,0.04,72.7,0.08,5.0,0.09,31.7,0.92,5.0,0.9,28.9,0.95,22.49,0.96,72.7,0.03,0.03,0.093216,1776224221000
1776224223.643,123.643,0.05,2.49,0.04,72.7,0.08,5.0,0.09,31.7,0.92,5.0,0.91,31.7,0.95,2.49,0.96,72.7,0.03,0.03,0.093215,1776224222000
1776224224.36,124.36,0.05,2.49,0.04,72.7,0.08,5.0,0.09,31.7,0.92,5.0,0.91,31.7,0.95,2.49,0.96,72.7,0.03,0.03,0.093203,1776224223000
1776224225.173,125.173,0.05,2.49,0.04,72.7,0.08,5.0,0.09,31.7,0.92,5.0,0.91,31.7,0.95,2.49,0.96,72.7,0.03,0.03,0.0932,1776224224000
1776224226.418,126.418,0.05,2.49,0.04,72.7,0.08,5.0,0.09,31.7,0.92,5.0,0.91,31.7,0.95,2.49,0.96,72.7,0.03,0.03,0.093193,1776224225000
1776224227.339,127.339,0.05,2.49,0.04,72.7,0.08,5.0,0.09,31.7,0.92,5.0,0.91,31.7,0.95,2.49,0.96,72.7,0.03,0.03,0.093184,1776224226000
1776224228.583,128.583,0.05,2.49,0.04,72.7,0.08,5.0,0.09,31.7,0.92,5.0,0.91,31.7,0.95,2.49,0.96,72.7,0.03,0.03,0.093183,1776224227000
1776224229.417,129.417,0.05,2.49,0.04,72.7,0.08,5.0,0.09,31.7,0.92,5.0,0.91,31.7,0.95,2.49,0.96,72.7,0.03,0.03,0.093183,1776224228000
1776224229.993,129.993,0.05,2.49,0.04,72.7,0.08,5.0,0.09,31.7,0.92,5.0,0.91,31.7,0.95,2.49,0.96,72.7,0.03,0.03,0.093184,1776224229000
1776224231.433,131.433,0.05,2.49,0.04,72.7,0.08,5.0,0.09,31.7,0.92,5.0,0.91,31.7,0.95,2.49,0.96,72.7,0.03,0.03,0.093182,1776224230000
1776224232.046,132.046,0.05,2.49,0.04,72.7,0.08,5.0,0.09,31.7,0.92,5.0,0.91,31.7,0.95,2.49,0.96,72.7,0.03,0.03,0.09318,1776224231000
1776224233.268,133.268,0.05,2.49,0.04,72.7,0.08,5.0,0.09,31.7,0.92,5.0,0.91,31.7,0.95,2.49,0.96,72.7,0.03,0.03,0.093171,1776224232000
1776224233.786,133.786,0.02,142.38,0.01,687.6,0.06,17.0,0.07,77.9,0.92,5.0,0.91,31.7,0.95,2.49,0.96,72.7,0.04,0.03,0.093171,1776224232000
1776224234.542,134.542,0.02,142.38,0.01,687.6,0.06,17.0,0.07,77.9,0.94,17.0,0.93,77.9,0.98,142.38,0.99,687.6,0.04,0.04,0.093157,1776224233000
1776224235.166,135.166,0.02,142.38,0.01,687.6,0.06,17.0,0.07,77.9,0.94,17.0,0.93,77.9,0.98,142.38,0.99,687.6,0.04,0.04,0.093162,1776224234000
1776224236.596,136.596,0.02,142.38,0.01,687.6,0.06,17.0,0.07,77.9,0.94,17.0,0.93,77.9,0.98,142.38,0.99,687.6,0.04,0.04,0.093176,1776224235000
1776224237.172,137.172,0.02,142.38,0.01,687.6,0.06,17.0,0.07,77.9,0.94,17.0,0.93,77.9,0.98,142.38,0.99,687.6,0.04,0.04,0.093186,1776224236000
1776224238.131,138.131,0.02,142.38,0.01,687.6,0.06,17.0,0.07,77.9,0.94,17.0,0.93,77.9,0.98,142.38,0.99,687.6,0.04,0.04,0.093189,1776224237000
1776224239.966,139.966,0.02,142.38,0.01,687.6,0.06,17.0,0.07,77.9,0.94,17.0,0.93,77.9,0.98,142.38,0.99,687.6,0.04,0.04,0.093195,1776224238000
1776224240.768,140.768,0.02,142.38,0.01,687.6,0.06,17.0,0.07,77.9,0.94,17.0,0.93,77.9,0.98,142.38,0.99,687.6,0.04,0.04,0.093193,1776224239000
1776224241.61,141.61,0.02,142.38,0.01,687.6,0.06,17.0,0.07,77.9,0.94,17.0,0.93,77.9,0.98,142.38,0.99,687.6,0.04,0.04,0.093192,1776224240000
1776224242.172,142.172,0.02,142.38,0.01,687.6,0.06,17.0,0.07,77.9,0.94,17.0,0.93,77.9,0.98,142.38,0.99,687.6,0.04,0.04,0.093192,1776224241000
1776224243.791,143.791,0.02,142.38,0.01,687.6,0.06,17.0,0.07,77.9,0.94,17.0,0.93,77.9,0.98,142.38,0.99,687.6,0.04,0.04,0.093193,1776224242000
1776224244.472,144.472,0.02,142.38,0.01,687.6,0.06,17.0,0.07,77.9,0.94,17.0,0.93,77.9,0.98,142.38,0.99,687.6,0.04,0.04,0.093194,1776224243000
1776224245.135,145.135,0.02,142.38,0.01,687.6,0.06,17.0,0.07,77.9,0.94,17.0,0.93,77.9,0.98,142.38,0.99,687.6,0.04,0.04,0.093194,1776224244000
1776224246.312,146.312,0.02,142.38,0.01,687.6,0.06,17.0,0.07,77.9,0.94,17.0,0.93,77.9,0.98,142.38,0.99,687.6,0.04,0.04,0.093193,1776224245000
1776224247.033,147.033,0.02,142.38,0.01,687.6,0.06,17.0,0.07,77.9,0.94,17.0,0.93,77.9,0.98,142.38,0.99,687.6,0.04,0.04,0.093193,1776224246000
1776224248.307,148.307,0.02,142.38,0.01,687.6,0.06,17.0,0.07,77.9,0.94,17.0,0.93,77.9,0.98,142.38,0.99,687.6,0.04,0.04,0.093193,1776224247000
1776224249.102,149.102,0.02,142.38,0.01,687.6,0.06,17.0,0.07,77.9,0.94,17.0,0.93,77.9,0.98,142.38,0.99,687.6,0.04,0.04,0.093193,1776224248000
1776224250.401,150.401,0.02,142.38,0.01,687.6,0.06,17.0,0.07,77.9,0.94,17.0,0.93,77.9,0.98,142.38,0.99,687.6,0.04,0.04,0.093201,1776224249000
1776224251.078,151.078,0.02,142.38,0.01,687.6,0.06,17.0,0.07,77.9,0.94,17.0,0.93,77.9,0.98,142.38,0.99,687.6,0.04,0.04,0.093202,1776224250000
1776224252.46,152.46,0.02,142.38,0.01,687.6,0.06,17.0,0.07,77.9,0.94,17.0,0.93,77.9,0.98,142.38,0.99,687.6,0.04,0.04,0.093202,1776224251000
1776224252.973,152.973,0.05,24.7,0.04,67.7,0.09,16.0,0.1,28.9,0.94,17.0,0.93,77.9,0.98,142.38,0.99,687.6,0.04,0.04,0.093202,1776224251000
1776224253.35,153.35,0.05,12.35,0.04,67.7,0.09,16.0,0.1,28.9,0.91,16.0,0.9,28.9,0.95,24.7,0.96,67.7,0.04,0.04,0.093206,1776224252000
1776224253.873,153.873,0.05,7.08,0.04,67.7,0.09,16.0,0.1,28.9,0.91,16.0,0.9,28.9,0.95,12.35,0.96,67.7,0.04,0.04,0.093206,1776224252000
1776224254.396,154.396,0.05,7.08,0.04,67.7,0.09,16.0,0.1,28.9,0.91,16.0,0.9,28.9,0.95,7.08,0.96,67.7,0.04,0.04,0.09321,1776224253000
1776224255.175,155.175,0.05,7.08,0.04,67.7,0.09,16.0,0.1,28.9,0.91,16.0,0.9,28.9,0.95,7.08,0.96,67.7,0.04,0.04,0.09321,1776224254000
1776224256.26,156.26,0.04,66.65,0.03,89.3,0.08,5.0,0.09,42.7,0.91,16.0,0.9,28.9,0.95,7.08,0.96,67.7,0.04,0.04,0.09321,1776224254000
1776224257.374,157.374,0.04,66.65,0.03,89.3,0.08,5.0,0.09,42.7,0.92,5.0,0.91,42.7,0.96,66.65,0.97,89.3,0.04,0.04,0.093213,1776224256000
1776224258.005,158.005,0.04,66.65,0.03,89.3,0.08,5.0,0.09,42.7,0.92,5.0,0.91,42.7,0.96,66.65,0.97,89.3,0.04,0.04,0.09321,1776224257000
1776224259.029,159.029,0.04,66.65,0.03,89.3,0.08,5.0,0.09,42.7,0.92,5.0,0.91,42.7,0.96,66.65,0.97,89.3,0.04,0.04,0.093211,1776224258000
1776224260.204,160.204,0.04,66.65,0.03,89.3,0.08,5.0,0.09,42.7,0.92,5.0,0.91,42.7,0.96,66.65,0.97,89.3,0.04,0.04,0.093211,1776224259000
1776224261.262,161.262,0.04,66.65,0.03,89.3,0.08,5.0,0.09,42.7,0.92,5.0,0.91,42.7,0.96,66.65,0.97,89.3,0.04,0.04,0.093211,1776224260000
1776224262.478,162.478,0.04,66.65,0.03,89.3,0.08,5.0,0.09,42.7,0.92,5.0,0.91,42.7,0.96,66.65,0.97,89.3,0.04,0.04,0.093212,1776224261000
1776224263.052,163.052,0.04,66.65,0.03,89.3,0.08,5.0,0.09,42.7,0.92,5.0,0.91,42.7,0.96,66.65,0.97,89.3,0.04,0.04,0.093212,1776224262000
1776224264.113,164.113,0.04,66.65,0.03,89.3,0.08,5.0,0.09,42.7,0.92,5.0,0.91,42.7,0.96,66.65,0.97,89.3,0.04,0.04,0.093211,1776224263000
1776224264.935,164.935,0.03,88.26,0.02,247.38,0.07,39.9,0.08,40.29,0.92,5.0,0.91,42.7,0.96,66.65,0.97,89.3,0.04,0.04,0.093211,1776224263000
1776224265.155,165.155,0.03,73.26,0.02,247.38,0.07,39.9,0.08,40.29,0.93,39.9,0.92,40.29,0.97,73.26,0.98,247.38,0.04,0.04,0.093211,1776224264000
1776224266.234,166.234,0.03,73.26,0.02,247.38,0.07,39.9,0.08,40.29,0.93,39.9,0.92,40.29,0.97,73.26,0.98,247.38,0.04,0.04,0.093212,1776224265000
1776224267.356,167.356,0.03,73.26,0.02,247.38,0.07,39.9,0.08,40.29,0.93,39.9,0.92,40.29,0.97,73.26,0.98,247.38,0.04,0.04,0.093212,1776224266000
1776224267.95,167.95,0.03,73.26,0.02,247.38,0.07,39.9,0.08,40.29,0.93,39.9,0.92,40.29,0.97,73.26,0.98,247.38,0.04,0.04,0.093212,1776224267000
1776224269.106,169.106,0.03,73.26,0.02,247.38,0.07,39.9,0.08,40.29,0.93,39.9,0.92,40.29,0.97,73.26,0.98,247.38,0.04,0.04,0.093212,1776224268000
1776224270.13,170.13,0.03,73.26,0.02,247.38,0.07,39.9,0.08,40.29,0.93,39.9,0.92,40.29,0.97,73.26,0.98,247.38,0.04,0.04,0.093213,1776224269000
1776224271.901,171.901,0.03,73.26,0.02,247.38,0.07,39.9,0.08,40.29,0.93,39.9,0.92,40.29,0.97,73.26,0.98,247.38,0.04,0.04,0.09321,1776224270000
1776224272.921,172.921,0.03,73.26,0.02,247.38,0.07,39.9,0.08,40.29,0.93,39.9,0.92,40.29,0.97,73.26,0.98,247.38,0.04,0.04,0.093211,1776224271000
1776224273.446,173.446,0.02,140.33,0.01,787.6,0.06,46.1,0.07,44.9,0.93,39.9,0.92,40.29,0.97,73.26,0.98,247.38,0.04,0.04,0.093211,1776224271000
1776224274.432,174.432,0.02,140.33,0.01,787.6,0.06,46.1,0.07,44.9,0.94,46.1,0.93,44.9,0.98,140.33,0.99,787.6,0.04,0.04,0.09321,1776224273000
1776224275.068,175.068,0.02,140.33,0.01,787.6,0.06,46.1,0.07,44.9,0.94,46.1,0.93,44.9,0.98,140.33,0.99,787.6,0.04,0.04,0.093209,1776224274000
1776224275.593,175.593,0.02,100.53,0.01,787.6,0.06,46.1,0.07,44.9,0.94,46.1,0.93,44.9,0.98,140.33,0.99,787.6,0.04,0.04,0.093209,1776224274000
1776224276.534,176.534,0.02,100.53,0.01,787.6,0.06,46.1,0.07,44.9,0.94,46.1,0.93,44.9,0.98,100.53,0.99,787.6,0.04,0.04,0.093209,1776224275000
1776224277.204,177.204,0.02,100.53,0.01,787.6,0.06,46.1,0.07,44.9,0.94,46.1,0.93,44.9,0.98,100.53,0.99,787.6,0.04,0.04,0.093208,1776224276000
1776224278.252,178.252,0.01,783.6,,,0.03,111.82,0.04,67.7,0.94,46.1,0.93,44.9,0.98,100.53,0.99,787.6,0.02,0.04,0.093208,1776224276000
1776224278.662,178.662,0.01,783.6,,,0.03,111.82,0.04,67.7,0.97,111.82,0.96,67.7,0.99,783.6,,,0.02,0.02,0.093205,1776224277000
1776224279.053,179.053,0.01,773.49,,,0.03,22.52,0.04,67.7,0.97,111.82,0.96,67.7,0.99,783.6,,,0.02,0.02,0.093205,1776224277000
1776224279.282,179.282,0.01,773.49,,,0.03,22.52,0.04,67.7,0.97,22.52,0.96,67.7,0.99,773.49,,,0.02,0.02,0.0932,1776224278000
1776224279.724,179.724,0.02,122.48,0.01,773.49,0.03,22.52,0.04,67.7,0.97,22.52,0.96,67.7,0.99,773.49,,,0.01,0.02,0.0932,1776224278000
1776224279.982,179.982,0.02,122.48,0.01,773.49,0.03,22.52,0.04,67.7,0.97,22.52,0.96,67.7,0.98,122.48,0.99,773.49,0.01,0.01,0.093197,1776224279000
1776224280.185,180.185,0.02,121.36,0.01,673.49,0.03,22.52,0.04,67.7,0.97,22.52,0.96,67.7,0.98,122.48,0.99,773.49,0.01,0.01,0.093197,1776224279000
1776224280.515,180.515,0.02,101.57,0.01,673.49,0.03,22.52,0.05,45.0,0.97,22.52,0.96,67.7,0.98,121.36,0.99,673.49,0.01,0.01,0.093197,1776224279000
1776224281.316,181.316,0.02,101.57,0.01,673.49,0.03,22.52,0.05,45.0,0.97,22.52,0.95,45.0,0.98,101.57,0.99,673.49,0.01,0.01,0.093186,1776224280000
1776224282.035,182.035,0.02,101.57,0.01,673.49,0.03,22.52,0.05,45.0,0.97,22.52,0.95,45.0,0.98,101.57,0.99,673.49,0.01,0.01,0.093192,1776224281000
1776224282.266,182.266,0.02,45.87,0.01,553.49,0.03,22.52,0.05,45.0,0.97,22.52,0.95,45.0,0.98,101.57,0.99,673.49,0.01,0.01,0.093192,1776224281000
1776224283.347,183.347,0.02,45.87,0.01,553.49,0.03,22.52,0.05,45.0,0.97,22.52,0.95,45.0,0.98,45.87,0.99,553.49,0.01,0.01,0.093208,1776224282000
1776224284.084,184.084,0.02,45.87,0.01,553.49,0.03,22.52,0.05,45.0,0.97,22.52,0.95,45.0,0.98,45.87,0.99,553.49,0.01,0.01,0.093208,1776224283000
1776224284.709,184.709,0.02,45.37,0.01,453.49,0.03,22.52,0.06,46.1,0.97,22.52,0.95,45.0,0.98,45.87,0.99,553.49,0.01,0.01,0.093208,1776224283000
1776224285.514,185.514,0.02,45.37,0.01,453.49,0.03,22.52,0.06,46.1,0.97,22.52,0.94,46.1,0.98,45.37,0.99,453.49,0.01,0.01,0.093208,1776224284000
1776224286.276,186.276,0.02,40.26,0.01,453.49,0.03,22.52,0.06,46.1,0.97,22.52,0.94,46.1,0.98,40.26,0.99,453.49,0.01,0.01,0.093209,1776224285000
1776224287.71,187.71,0.02,40.26,0.01,453.49,0.03,22.52,0.06,46.1,0.97,22.52,0.94,46.1,0.98,40.26,0.99,453.49,0.01,0.01,0.093209,1776224286000
1776224288.407,188.407,0.02,40.26,0.01,453.49,0.03,22.52,0.06,46.1,0.97,22.52,0.94,46.1,0.98,40.26,0.99,453.49,0.01,0.01,0.09321,1776224287000
1776224289.085,189.085,0.02,40.26,0.01,453.49,0.03,22.52,0.06,46.1,0.97,22.52,0.94,46.1,0.98,40.26,0.99,453.49,0.01,0.01,0.09321,1776224288000
1776224290.026,190.026,0.02,40.26,0.01,453.49,0.03,22.52,0.06,46.1,0.97,22.52,0.94,46.1,0.98,40.26,0.99,453.49,0.01,0.01,0.09321,1776224289000
1776224291.05,191.05,0.02,40.26,0.01,453.49,0.03,22.52,0.06,46.1,0.97,22.52,0.94,46.1,0.98,40.26,0.99,453.49,0.01,0.01,0.093209,1776224290000
1776224292.026,192.026,0.02,40.26,0.01,453.49,0.03,22.52,0.06,46.1,0.97,22.52,0.94,46.1,0.98,40.26,0.99,453.49,0.01,0.01,0.093209,1776224291000
1776224292.636,192.636,0.02,35.26,0.01,453.49,0.03,22.52,0.05,54.7,0.97,22.52,0.94,46.1,0.98,40.26,0.99,453.49,0.01,0.01,0.093209,1776224291000
1776224293.108,193.108,0.02,35.26,0.01,453.49,0.03,22.52,0.05,54.7,0.97,22.52,0.95,54.7,0.98,35.26,0.99,453.49,0.01,0.01,0.093211,1776224292000
1776224294.027,194.027,0.02,35.26,0.01,453.49,0.03,22.52,0.05,54.7,0.97,22.52,0.95,54.7,0.98,35.26,0.99,453.49,0.01,0.01,0.093211,1776224293000
1776224294.461,194.461,0.01,453.49,,,0.03,22.52,0.04,67.7,0.97,22.52,0.95,54.7,0.98,35.26,0.99,453.49,0.02,0.01,0.093211,1776224293000
1776224295.138,195.138,0.01,453.49,,,0.03,22.52,0.04,67.7,0.97,22.52,0.96,67.7,0.99,453.49,,,0.02,0.02,0.093211,1776224294000
1776224296.228,196.228,0.01,453.49,,,0.03,22.52,0.04,67.7,0.97,22.52,0.96,67.7,0.99,453.49,,,0.02,0.02,0.093208,1776224295000
1776224297.15,197.15,0.01,453.49,,,0.03,22.52,0.04,67.7,0.97,22.52,0.96,67.7,0.99,453.49,,,0.02,0.02,0.093202,1776224296000
1776224298.219,198.219,0.01,453.49,,,0.03,22.52,0.04,67.7,0.97,22.52,0.96,67.7,0.99,453.49,,,0.02,0.02,0.093199,1776224297000
1776224299.255,199.255,0.01,453.49,,,0.03,22.52,0.04,67.7,0.97,22.52,0.96,67.7,0.99,453.49,,,0.02,0.02,0.093199,1776224298000
1776224300.309,200.309,0.01,453.49,,,0.03,22.52,0.04,67.7,0.97,22.52,0.96,67.7,0.99,453.49,,,0.02,0.02,0.093199,1776224299000
1776224301.238,201.238,0.01,453.49,,,0.03,22.52,0.04,67.7,0.97,22.52,0.96,67.7,0.99,453.49,,,0.02,0.02,0.093197,1776224300000
1776224302.219,202.219,0.01,453.49,,,0.03,22.52,0.04,67.7,0.97,22.52,0.96,67.7,0.99,453.49,,,0.02,0.02,0.093196,1776224301000
1776224303.223,203.223,0.01,453.49,,,0.03,22.52,0.04,67.7,0.97,22.52,0.96,67.7,0.99,453.49,,,0.02,0.02,0.093198,1776224302000
1776224303.841,203.841,0.01,453.49,,,0.03,22.52,0.04,67.7,0.97,22.52,0.96,67.7,0.99,453.49,,,0.02,0.02,0.093199,1776224303000
1776224304.098,204.098,0.01,353.43,,,0.03,111.82,0.04,67.7,0.97,22.52,0.96,67.7,0.99,453.49,,,0.02,0.02,0.093199,1776224303000
1776224305.064,205.064,0.01,353.43,,,0.03,111.82,0.04,67.7,0.97,111.82,0.96,67.7,0.99,353.43,,,0.02,0.02,0.093208,1776224304000
1776224306.226,206.226,0.01,353.43,,,0.03,111.82,0.04,67.7,0.97,111.82,0.96,67.7,0.99,353.43,,,0.02,0.02,0.093211,1776224305000
1776224307.263,207.263,0.01,353.43,,,0.03,111.82,0.04,67.7,0.97,111.82,0.96,67.7,0.99,353.43,,,0.02,0.02,0.093213,1776224306000
1776224307.831,207.831,0.01,353.43,,,0.03,111.82,0.04,67.7,0.97,111.82,0.96,67.7,0.99,353.43,,,0.02,0.02,0.093213,1776224307000
1776224309.011,209.011,0.01,353.43,,,0.03,111.82,0.04,67.7,0.97,111.82,0.96,67.7,0.99,353.43,,,0.02,0.02,0.093211,1776224308000
1776224310.451,210.451,0.01,353.43,,,0.03,111.82,0.04,67.7,0.97,111.82,0.96,67.7,0.99,353.43,,,0.02,0.02,0.093212,1776224309000
1776224311.041,211.041,0.01,353.43,,,0.03,111.82,0.04,67.7,0.97,111.82,0.96,67.7,0.99,353.43,,,0.02,0.02,0.093212,1776224310000
1776224312.178,212.178,0.01,353.43,,,0.03,111.82,0.04,67.7,0.97,111.82,0.96,67.7,0.99,353.43,,,0.02,0.02,0.093213,1776224311000
1776224312.981,212.981,0.01,353.43,,,0.03,111.82,0.04,67.7,0.97,111.82,0.96,67.7,0.99,353.43,,,0.02,0.02,0.093212,1776224312000
1776224314.229,214.229,0.01,348.37,,,0.02,132.69,0.03,106.82,0.98,132.69,0.97,106.82,0.99,348.37,,,0.01,0.01,0.093204,1776224313000
1776224315.497,215.497,0.01,348.37,,,0.02,132.69,0.03,106.82,0.98,132.69,0.97,106.82,0.99,348.37,,,0.01,0.01,0.093202,1776224314000
1776224316.107,216.107,0.01,348.37,,,0.02,132.69,0.03,106.82,0.98,132.69,0.97,106.82,0.99,348.37,,,0.01,0.01,0.093201,1776224315000
1776224317.268,217.268,0.01,348.37,,,0.02,132.69,0.03,106.82,0.98,132.69,0.97,106.82,0.99,348.37,,,0.01,0.01,0.093194,1776224316000
1776224317.969,217.969,0.01,348.37,,,0.02,132.69,0.03,106.82,0.98,132.69,0.97,106.82,0.99,348.37,,,0.01,0.01,0.093192,1776224317000
1776224319.241,219.241,0.01,34.77,,,0.02,132.69,0.03,106.82,0.98,132.69,0.97,106.82,0.99,34.77,,,0.01,0.01,0.093192,1776224318000
1776224320.574,220.574,0.01,34.77,,,0.02,132.69,0.03,106.82,0.98,132.69,0.97,106.82,0.99,34.77,,,0.01,0.01,0.093194,1776224319000
1776224320.785,220.785,0.01,29.77,,,0.02,137.69,0.03,111.82,0.98,132.69,0.97,106.82,0.99,34.77,,,0.01,0.01,0.093194,1776224319000
1776224321.256,221.256,0.01,29.77,,,0.02,137.69,0.03,111.82,0.98,137.69,0.97,111.82,0.99,29.77,,,0.01,0.01,0.093194,1776224320000
1776224322.606,222.606,0.01,29.77,,,0.02,137.69,0.03,111.82,0.98,137.69,0.97,111.82,0.99,29.77,,,0.01,0.01,0.093195,1776224321000
1776224323.134,223.134,0.01,29.77,,,0.02,137.69,0.03,111.82,0.98,137.69,0.97,111.82,0.99,29.77,,,0.01,0.01,0.093196,1776224322000
1776224324.405,224.405,0.01,29.77,,,0.02,137.69,0.03,111.82,0.98,137.69,0.97,111.82,0.99,29.77,,,0.01,0.01,0.093193,1776224323000
1776224325.1,225.1,0.01,29.77,,,0.02,137.69,0.03,111.82,0.98,137.69,0.97,111.82,0.99,29.77,,,0.01,0.01,0.093193,1776224324000
1776224325.66,225.66,0.01,11.77,,,0.02,137.69,0.03,106.82,0.98,137.69,0.97,111.82,0.99,29.77,,,0.01,0.01,0.093193,1776224324000
1776224326.299,226.299,0.01,11.77,,,0.02,137.69,0.03,106.82,0.98,137.69,0.97,106.82,0.99,11.77,,,0.01,0.01,0.093195,1776224325000
1776224326.598,226.598,0.01,1.66,,,0.02,137.69,0.03,106.82,0.98,137.69,0.97,106.82,0.99,11.77,,,0.01,0.01,0.093195,1776224325000
1776224327.423,227.423,0.01,1.66,,,0.02,137.69,0.03,106.82,0.98,137.69,0.97,106.82,0.99,1.66,,,0.01,0.01,0.093195,1776224326000
1776224328.082,228.082,0.01,1.66,,,0.02,137.69,0.03,106.82,0.98,137.69,0.97,106.82,0.99,1.66,,,0.01,0.01,0.093195,1776224327000
1776224329.122,229.122,,,,,0.02,132.69,0.03,106.82,0.98,137.69,0.97,106.82,0.99,1.66,,,,0.01,0.093195,1776224327000
1776224329.344,229.344,,,,,0.02,132.69,0.03,106.82,0.98,132.69,0.97,106.82,,,,,,,0.093195,1776224328000
1776224330.454,230.454,,,,,0.02,132.69,0.03,106.82,0.98,132.69,0.97,106.82,,,,,,,0.093195,1776224329000
1776224331.015,231.015,,,,,0.02,132.69,0.03,106.82,0.98,132.69,0.97,106.82,,,,,,,0.093195,1776224330000
1776224332.269,232.269,,,,,0.02,132.69,0.03,106.82,0.98,132.69,0.97,106.82,,,,,,,0.093198,1776224331000
1776224333.35,233.35,,,,,0.02,132.69,0.03,106.82,0.98,132.69,0.97,106.82,,,,,,,0.093209,1776224332000
1776224333.997,233.997,,,,,0.02,132.69,0.03,106.82,0.98,132.69,0.97,106.82,,,,,,,0.093209,1776224333000
1776224335.234,235.234,,,,,0.02,132.69,0.03,106.82,0.98,132.69,0.97,106.82,,,,,,,0.093207,1776224334000
1776224336.663,236.663,,,,,0.02,132.69,0.03,106.82,0.98,132.69,0.97,106.82,,,,,,,0.093211,1776224335000
1776224337.371,237.371,,,,,0.02,132.69,0.03,106.82,0.98,132.69,0.97,106.82,,,,,,,0.09321,1776224336000
1776224338.145,238.145,,,,,0.02,132.69,0.03,106.82,0.98,132.69,0.97,106.82,,,,,,,0.09321,1776224337000
1776224339.445,239.445,,,,,0.02,132.69,0.03,106.82,0.98,132.69,0.97,106.82,,,,,,,0.093211,1776224338000
1776224340.132,240.132,,,,,0.02,132.69,0.03,106.82,0.98,132.69,0.97,106.82,,,,,,,0.093211,1776224339000
1776224341.272,241.272,,,,,0.02,132.69,0.03,106.82,0.98,132.69,0.97,106.82,,,,,,,0.09321,1776224340000
1776224341.515,241.515,0.01,262.6,,,0.02,137.69,0.03,111.82,0.98,132.69,0.97,106.82,,,,,0.01,,0.09321,1776224340000
1776224342.593,242.593,0.01,262.6,,,0.02,137.69,0.03,111.82,0.98,137.69,0.97,111.82,0.99,262.6,,,0.01,0.01,0.093211,1776224341000
1776224343.316,243.316,0.01,262.6,,,0.02,137.69,0.03,111.82,0.98,137.69,0.97,111.82,0.99,262.6,,,0.01,0.01,0.093216,1776224342000
1776224343.954,243.954,0.01,262.6,,,0.02,137.69,0.03,111.82,0.98,137.69,0.97,111.82,0.99,262.6,,,0.01,0.01,0.093216,1776224343000
1776224345.309,245.309,0.01,262.6,,,0.02,137.69,0.03,111.82,0.98,137.69,0.97,111.82,0.99,262.6,,,0.01,0.01,0.093213,1776224344000
1776224346.796,246.796,0.01,262.6,,,0.02,137.69,0.03,111.82,0.98,137.69,0.97,111.82,0.99,262.6,,,0.01,0.01,0.093216,1776224345000
1776224347.361,247.361,0.01,262.6,,,0.02,137.69,0.03,111.82,0.98,137.69,0.97,111.82,0.99,262.6,,,0.01,0.01,0.093215,1776224346000
1776224348.071,248.071,0.01,262.6,,,0.02,137.69,0.03,111.82,0.98,137.69,0.97,111.82,0.99,262.6,,,0.01,0.01,0.093215,1776224347000
1776224349.694,249.694,0.01,262.6,,,0.02,137.69,0.03,111.82,0.98,137.69,0.97,111.82,0.99,262.6,,,0.01,0.01,0.093217,1776224348000
1776224350.686,250.686,0.01,262.6,,,0.02,137.69,0.03,111.82,0.98,137.69,0.97,111.82,0.99,262.6,,,0.01,0.01,0.093217,1776224349000
1776224351.249,251.249,0.01,262.6,,,0.02,137.69,0.03,111.82,0.98,137.69,0.97,111.82,0.99,262.6,,,0.01,0.01,0.093216,1776224350000
1776224352.512,252.512,,,,,0.02,137.69,0.03,106.82,0.98,137.69,0.97,111.82,0.99,262.6,,,,0.01,0.093216,1776224350000
1776224352.984,252.984,,,,,0.02,137.69,0.03,106.82,0.98,137.69,0.97,106.82,,,,,,,0.093217,1776224351000
1776224353.588,253.588,,,,,0.02,137.69,0.03,106.82,0.98,137.69,0.97,106.82,,,,,,,0.093219,1776224352000
1776224354.108,254.108,,,,,0.02,137.69,0.03,106.82,0.98,137.69,0.97,106.82,,,,,,,0.093219,1776224353000
1776224355.122,255.122,,,,,0.01,257.45,0.02,137.69,0.98,137.69,0.97,106.82,,,,,,,0.093219,1776224353000
1776224356.335,256.335,,,,,0.01,257.45,0.02,137.69,0.99,257.45,0.98,137.69,,,,,,,0.09322,1776224355000
1776224356.915,256.915,,,,,0.01,257.45,0.02,137.69,0.99,257.45,0.98,137.69,,,,,,,0.09322,1776224356000
1776224357.978,257.978,,,,,0.01,257.45,0.02,137.69,0.99,257.45,0.98,137.69,,,,,,,0.093222,1776224357000
1776224359.216,259.216,,,,,0.01,257.45,0.02,137.69,0.99,257.45,0.98,137.69,,,,,,,0.093222,1776224358000
1776224360.231,260.231,,,,,0.01,257.45,0.02,137.69,0.99,257.45,0.98,137.69,,,,,,,0.093222,1776224359000
1776224361.416,261.416,,,,,0.01,257.45,0.02,137.69,0.99,257.45,0.98,137.69,,,,,,,0.093224,1776224360000
1776224361.878,261.878,,,,,0.01,257.45,0.02,137.69,0.99,257.45,0.98,137.69,,,,,,,0.093224,1776224361000
1776224363.001,263.001,,,,,0.01,257.45,0.02,137.69,0.99,257.45,0.98,137.69,,,,,,,0.093233,1776224362000
1776224364.153,264.153,,,,,0.01,257.45,0.02,137.69,0.99,257.45,0.98,137.69,,,,,,,0.093236,1776224363000
1776224365.335,265.335,,,,,0.01,257.45,0.02,137.69,0.99,257.45,0.98,137.69,,,,,,,0.093241,1776224364000
1776224365.923,265.923,,,,,0.01,257.45,0.02,137.69,0.99,257.45,0.98,137.69,,,,,,,0.093242,1776224365000
1776224367.533,267.533,,,,,0.01,257.45,0.02,137.69,0.99,257.45,0.98,137.69,,,,,,,0.09324,1776224366000
1776224368.059,268.059,,,,,0.01,257.45,0.02,137.69,0.99,257.45,0.98,137.69,,,,,,,0.093238,1776224367000
1776224369.21,269.21,,,,,0.01,257.45,0.02,137.69,0.99,257.45,0.98,137.69,,,,,,,0.093235,1776224368000
1776224370.472,270.472,,,,,0.01,257.45,0.02,137.69,0.99,257.45,0.98,137.69,,,,,,,0.093234,1776224369000
1776224371.004,271.004,,,,,0.01,257.45,0.02,137.69,0.99,257.45,0.98,137.69,,,,,,,0.093233,1776224370000
1776224372.231,272.231,,,,,0.01,257.45,0.02,137.69,0.99,257.45,0.98,137.69,,,,,,,0.093232,1776224371000
1776224373.458,273.458,,,,,0.01,257.45,0.02,137.69,0.99,257.45,0.98,137.69,,,,,,,0.093233,1776224372000
1776224373.981,273.981,,,,,0.01,257.45,0.02,137.69,0.99,257.45,0.98,137.69,,,,,,,0.093233,1776224373000
1776224375.068,275.068,,,,,0.01,257.45,0.02,137.69,0.99,257.45,0.98,137.69,,,,,,,0.093234,1776224374000
1776224376.455,276.455,,,,,0.01,257.45,0.02,137.69,0.99,257.45,0.98,137.69,,,,,,,0.093234,1776224375000
1776224377.07,277.07,,,,,0.01,257.45,0.02,137.69,0.99,257.45,0.98,137.69,,,,,,,0.093234,1776224376000
1776224379.37,279.37,,,,,0.01,257.45,0.02,137.69,0.99,257.45,0.98,137.69,,,,,,,0.093235,1776224378000
1776224380.002,280.002,,,,,0.01,257.45,0.02,137.69,0.99,257.45,0.98,137.69,,,,,,,0.093233,1776224379000
1776224381.032,281.032,,,,,0.01,257.45,0.02,137.69,0.99,257.45,0.98,137.69,,,,,,,0.093232,1776224380000
1776224382.312,282.312,,,,,0.01,257.45,0.02,137.69,0.99,257.45,0.98,137.69,,,,,,,0.093232,1776224381000
1776224382.837,282.837,,,,,0.01,257.45,0.02,137.69,0.99,257.45,0.98,137.69,,,,,,,0.093232,1776224382000
1776224384.533,284.533,,,,,0.01,257.45,0.02,137.69,0.99,257.45,0.98,137.69,,,,,,,0.093233,1776224383000
1776224385.108,285.108,,,,,0.01,257.45,0.02,137.69,0.99,257.45,0.98,137.69,,,,,,,0.093233,1776224384000
1776224386.186,286.186,,,,,0.01,257.45,0.02,137.69,0.99,257.45,0.98,137.69,,,,,,,0.093233,1776224385000
1776224388.21,288.21,,,,,0.01,257.45,0.02,137.69,0.99,257.45,0.98,137.69,,,,,,,0.093233,1776224386000
1776224389.174,289.174,,,,,0.01,257.45,0.02,137.69,0.99,257.45,0.98,137.69,,,,,,,0.093238,1776224387000
1776224389.849,289.849,,,,,0.01,257.45,0.02,137.69,0.99,257.45,0.98,137.69,,,,,,,0.093238,1776224388000
1776224390.491,290.491,,,,,0.01,257.45,0.02,137.69,0.99,257.45,0.98,137.69,,,,,,,0.093238,1776224389000
1776224391.078,291.078,,,,,0.01,257.45,0.02,137.69,0.99,257.45,0.98,137.69,,,,,,,0.093238,1776224390000
1776224392.307,292.307,,,,,0.01,257.45,0.02,137.69,0.99,257.45,0.98,137.69,,,,,,,0.093236,1776224391000
1776224393.787,293.787,,,,,0.01,257.45,0.02,137.69,0.99,257.45,0.98,137.69,,,,,,,0.093233,1776224392000
1776224394.493,294.493,,,,,0.01,257.45,0.02,137.69,0.99,257.45,0.98,137.69,,,,,,,0.093235,1776224393000
1776224395.118,295.118,,,,,0.01,257.45,0.02,137.69,0.99,257.45,0.98,137.69,,,,,,,0.093234,1776224394000
1776224396.44,296.44,,,,,0.01,257.45,0.02,137.69,0.99,257.45,0.98,137.69,,,,,,,0.093233,1776224395000
1776224397.038,297.038,,,,,0.01,257.45,0.02,137.69,0.99,257.45,0.98,137.69,,,,,,,0.093233,1776224396000
1776224398.444,298.444,,,,,0.01,257.45,0.02,137.69,0.99,257.45,0.98,137.69,,,,,,,0.093233,1776224397000
1776224399.111,299.111,0.001,200.0,,,0.01,3184.75,0.11,50.0,0.99,3184.75,0.89,50.0,0.999,200.0,,,0.009,0.009,0.093232,1776224398000
1776224400.319,300.319,,,,,0.009,10.0,0.01,3209.75,0.991,10.0,0.99,3209.75,,,,,,,0.093231,1776224399000
1776224401.089,301.089,,,,,0.009,10.0,0.01,3209.75,0.991,10.0,0.99,3209.75,,,,,,,0.093232,1776224400000
1776224402.265,302.265,,,,,0.009,10.0,0.01,3209.75,0.991,10.0,0.99,3209.75,,,,,,,0.093233,1776224401000

# RESULT,winner=Down,slug=doge-updown-5m-1776224100,ticks=319
