timestamp,elapsed_sec,up_bid_p1,up_bid_s1,up_bid_p2,up_bid_s2,up_ask_p1,up_ask_s1,up_ask_p2,up_ask_s2,down_bid_p1,down_bid_s1,down_bid_p2,down_bid_s2,down_ask_p1,down_ask_s1,down_ask_p2,down_ask_s2,up_spread,down_spread,doge_price,doge_oracle_ts
1776200101.224,1.224,,,,,,,,,,,,,,,,,,,0.09264,1776200100000
1776200101.897,1.897,0.47,7.64,0.33,300.0,0.52,7.48,0.67,300.0,0.48,7.48,0.33,300.0,0.53,7.64,0.67,300.0,0.05,0.05,0.09264,1776200100000
1776200102.948,2.948,0.47,7.64,0.33,300.0,0.52,7.48,0.67,300.0,0.48,7.48,0.33,300.0,0.53,7.64,0.67,300.0,0.05,0.05,0.09263,1776200101000
1776200103.562,3.562,0.47,7.64,0.33,300.0,0.52,7.48,0.67,300.0,0.48,7.48,0.33,300.0,0.53,7.64,0.67,300.0,0.05,0.05,0.09263,1776200102000
1776200104.24,4.24,0.47,7.64,0.33,300.0,0.52,7.48,0.67,300.0,0.48,7.48,0.33,300.0,0.53,7.64,0.67,300.0,0.05,0.05,0.092641,1776200103000
1776200105.669,5.669,0.47,7.64,0.33,300.0,0.52,7.48,0.67,300.0,0.48,7.48,0.33,300.0,0.53,7.64,0.67,300.0,0.05,0.05,0.092631,1776200104000
1776200106.26,6.26,0.37,5.0,0.36,5.0,0.48,5.0,0.52,7.48,0.52,5.0,0.48,7.48,0.53,2.64,0.63,5.0,0.11,0.01,0.092631,1776200104000
1776200107.766,7.766,0.37,5.0,0.36,5.0,0.48,5.0,0.52,7.48,0.52,5.0,0.48,7.48,0.63,5.0,0.64,5.0,0.11,0.11,0.092629,1776200106000
1776200108.491,8.491,0.37,5.0,0.36,5.0,0.48,5.0,0.52,7.48,0.52,5.0,0.48,7.48,0.63,5.0,0.64,5.0,0.11,0.11,0.092626,1776200107000
1776200109.436,9.436,0.37,5.0,0.36,5.0,0.48,5.0,0.52,7.48,0.52,5.0,0.48,7.48,0.63,5.0,0.64,5.0,0.11,0.11,0.092636,1776200108000
1776200110.022,10.022,0.37,5.0,0.36,5.0,0.48,5.0,0.52,7.48,0.52,5.0,0.48,7.48,0.63,5.0,0.64,5.0,0.11,0.11,0.092635,1776200109000
1776200111.524,11.524,0.37,5.0,0.36,5.0,0.48,5.0,0.52,7.48,0.52,5.0,0.48,7.48,0.63,5.0,0.64,5.0,0.11,0.11,0.092635,1776200110000
1776200112.148,12.148,0.37,5.0,0.36,5.0,0.48,5.0,0.52,7.48,0.52,5.0,0.48,7.48,0.63,5.0,0.64,5.0,0.11,0.11,0.092627,1776200111000
1776200113.347,13.347,0.37,5.0,0.36,5.0,0.48,5.0,0.52,7.48,0.52,5.0,0.48,7.48,0.63,5.0,0.64,5.0,0.11,0.11,0.092638,1776200112000
1776200114.72,14.72,0.37,5.0,0.36,5.0,0.48,5.0,0.52,7.48,0.52,5.0,0.48,7.48,0.63,5.0,0.64,5.0,0.11,0.11,0.092633,1776200113000
1776200115.314,15.314,0.37,5.0,0.36,5.0,0.48,5.0,0.52,7.48,0.52,5.0,0.48,7.48,0.63,5.0,0.64,5.0,0.11,0.11,0.092626,1776200114000
1776200115.854,15.854,0.39,1.81,0.36,20.0,0.5,5.0,0.51,5.0,0.52,5.0,0.48,7.48,0.63,5.0,0.64,5.0,0.11,0.11,0.092626,1776200114000
1776200116.556,16.556,0.39,1.81,0.36,20.0,0.5,5.0,0.51,5.0,0.5,5.0,0.49,5.0,0.61,1.81,0.64,20.0,0.11,0.11,0.092624,1776200115000
1776200117.263,17.263,0.39,1.81,0.36,20.0,0.5,5.0,0.51,5.0,0.5,5.0,0.49,5.0,0.61,1.81,0.64,20.0,0.11,0.11,0.092624,1776200116000
1776200118.521,18.521,0.39,1.81,0.36,20.0,0.5,5.0,0.51,5.0,0.5,5.0,0.49,5.0,0.61,1.81,0.64,20.0,0.11,0.11,0.092637,1776200117000
1776200119.145,19.145,0.39,1.81,0.36,20.0,0.5,5.0,0.51,5.0,0.5,5.0,0.49,5.0,0.61,1.81,0.64,20.0,0.11,0.11,0.092635,1776200118000
1776200120.271,20.271,0.39,1.81,0.36,20.0,0.5,5.0,0.51,5.0,0.5,5.0,0.49,5.0,0.61,1.81,0.64,20.0,0.11,0.11,0.092645,1776200119000
1776200121.451,21.451,0.39,1.81,0.36,20.0,0.5,5.0,0.51,5.0,0.5,5.0,0.49,5.0,0.61,1.81,0.64,20.0,0.11,0.11,0.092635,1776200120000
1776200122.131,22.131,0.39,1.81,0.36,20.0,0.5,5.0,0.51,5.0,0.5,5.0,0.49,5.0,0.61,1.81,0.64,20.0,0.11,0.11,0.092634,1776200121000
1776200123.246,23.246,0.39,1.81,0.36,20.0,0.5,5.0,0.51,5.0,0.5,5.0,0.49,5.0,0.61,1.81,0.64,20.0,0.11,0.11,0.092639,1776200122000
1776200124.489,24.489,0.39,1.81,0.36,20.0,0.5,5.0,0.51,5.0,0.5,5.0,0.49,5.0,0.61,1.81,0.64,20.0,0.11,0.11,0.092639,1776200123000
1776200125.343,25.343,0.39,1.81,0.36,20.0,0.5,5.0,0.51,5.0,0.5,5.0,0.49,5.0,0.61,1.81,0.64,20.0,0.11,0.11,0.092631,1776200124000
1776200125.862,25.862,0.39,1.81,0.36,20.0,0.5,5.0,0.51,5.0,0.5,5.0,0.49,5.0,0.61,1.81,0.64,20.0,0.11,0.11,0.092631,1776200125000
1776200126.349,26.349,0.41,60.0,0.4,10.0,0.51,5.0,0.52,7.48,0.5,5.0,0.49,5.0,0.61,1.81,0.64,20.0,0.1,0.11,0.092631,1776200125000
1776200126.873,26.873,0.41,60.0,0.4,10.0,0.51,5.0,0.52,7.48,0.49,5.0,0.48,7.48,0.59,60.0,0.6,10.0,0.1,0.1,0.092642,1776200126000
1776200127.941,27.941,0.41,60.0,0.4,10.0,0.51,5.0,0.52,7.48,0.49,5.0,0.48,7.48,0.59,60.0,0.6,10.0,0.1,0.1,0.092643,1776200127000
1776200129.037,29.037,0.41,60.0,0.4,10.0,0.51,5.0,0.52,7.48,0.49,5.0,0.48,7.48,0.59,60.0,0.6,10.0,0.1,0.1,0.092642,1776200128000
1776200130.115,30.115,0.41,60.0,0.4,10.0,0.51,5.0,0.52,7.48,0.49,5.0,0.48,7.48,0.59,60.0,0.6,10.0,0.1,0.1,0.092642,1776200129000
1776200131.037,31.037,0.41,60.0,0.4,10.0,0.51,5.0,0.52,7.48,0.49,5.0,0.48,7.48,0.59,60.0,0.6,10.0,0.1,0.1,0.092642,1776200130000
1776200132.235,32.235,0.41,60.0,0.4,10.0,0.51,5.0,0.52,7.48,0.49,5.0,0.48,7.48,0.59,60.0,0.6,10.0,0.1,0.1,0.092643,1776200131000
1776200133.25,33.25,0.41,60.0,0.4,10.0,0.51,5.0,0.52,7.48,0.49,5.0,0.48,7.48,0.59,60.0,0.6,10.0,0.1,0.1,0.092643,1776200132000
1776200134.32,34.32,0.41,60.0,0.4,10.0,0.51,5.0,0.52,7.48,0.49,5.0,0.48,7.48,0.59,60.0,0.6,10.0,0.1,0.1,0.092644,1776200133000
1776200135.347,35.347,0.41,60.0,0.4,10.0,0.51,5.0,0.52,7.48,0.49,5.0,0.48,7.48,0.59,60.0,0.6,10.0,0.1,0.1,0.092643,1776200134000
1776200135.926,35.926,0.41,60.0,0.4,10.0,0.51,5.0,0.52,7.48,0.49,5.0,0.48,7.48,0.59,60.0,0.6,10.0,0.1,0.1,0.092643,1776200135000
1776200136.941,36.941,0.41,60.0,0.4,10.0,0.51,5.0,0.52,7.48,0.49,5.0,0.48,7.48,0.59,60.0,0.6,10.0,0.1,0.1,0.092643,1776200136000
1776200137.931,37.931,0.41,60.0,0.4,10.0,0.51,5.0,0.52,7.48,0.49,5.0,0.48,7.48,0.59,60.0,0.6,10.0,0.1,0.1,0.092648,1776200137000
1776200139.07,39.07,0.41,60.0,0.4,10.0,0.51,5.0,0.52,7.48,0.49,5.0,0.48,7.48,0.59,60.0,0.6,10.0,0.1,0.1,0.092641,1776200138000
1776200139.407,39.407,0.49,10.0,0.48,20.0,0.59,5.0,0.61,5.0,0.49,5.0,0.48,7.48,0.59,60.0,0.6,10.0,0.1,0.1,0.092641,1776200138000
1776200140.074,40.074,0.49,10.0,0.48,20.0,0.59,5.0,0.61,5.0,0.41,5.0,0.39,5.0,0.51,10.0,0.52,20.0,0.1,0.1,0.092641,1776200139000
1776200141.186,41.186,0.49,10.0,0.48,20.0,0.59,5.0,0.61,5.0,0.41,5.0,0.39,5.0,0.51,10.0,0.52,20.0,0.1,0.1,0.092657,1776200140000
1776200142.203,42.203,0.49,10.0,0.48,20.0,0.59,5.0,0.61,5.0,0.41,5.0,0.39,5.0,0.51,10.0,0.52,20.0,0.1,0.1,0.092653,1776200141000
1776200143.175,43.175,0.49,10.0,0.48,20.0,0.59,5.0,0.61,5.0,0.41,5.0,0.39,5.0,0.51,10.0,0.52,20.0,0.1,0.1,0.092652,1776200142000
1776200144.202,44.202,0.49,10.0,0.48,20.0,0.59,5.0,0.61,5.0,0.41,5.0,0.39,5.0,0.51,10.0,0.52,20.0,0.1,0.1,0.092652,1776200143000
1776200145.183,45.183,0.49,10.0,0.48,20.0,0.59,5.0,0.61,5.0,0.41,5.0,0.39,5.0,0.51,10.0,0.52,20.0,0.1,0.1,0.092658,1776200144000
1776200146.196,46.196,0.49,10.0,0.48,20.0,0.59,5.0,0.61,5.0,0.41,5.0,0.39,5.0,0.51,10.0,0.52,20.0,0.1,0.1,0.092649,1776200145000
1776200147.174,47.174,0.49,10.0,0.48,20.0,0.59,5.0,0.61,5.0,0.41,5.0,0.39,5.0,0.51,10.0,0.52,20.0,0.1,0.1,0.092655,1776200146000
1776200148.109,48.109,0.49,10.0,0.48,20.0,0.59,5.0,0.61,5.0,0.41,5.0,0.39,5.0,0.51,10.0,0.52,20.0,0.1,0.1,0.09266,1776200147000
1776200149.061,49.061,0.49,10.0,0.48,20.0,0.59,5.0,0.61,5.0,0.41,5.0,0.39,5.0,0.51,10.0,0.52,20.0,0.1,0.1,0.09266,1776200148000
1776200150.012,50.012,0.49,10.0,0.48,20.0,0.59,5.0,0.61,5.0,0.41,5.0,0.39,5.0,0.51,10.0,0.52,20.0,0.1,0.1,0.092661,1776200149000
1776200151.114,51.114,0.49,10.0,0.48,20.0,0.59,5.0,0.61,5.0,0.41,5.0,0.39,5.0,0.51,10.0,0.52,20.0,0.1,0.1,0.092661,1776200150000
1776200152.202,52.202,0.49,10.0,0.48,20.0,0.59,5.0,0.61,5.0,0.41,5.0,0.39,5.0,0.51,10.0,0.52,20.0,0.1,0.1,0.092661,1776200151000
1776200153.412,53.412,0.49,10.0,0.48,20.0,0.59,5.0,0.61,5.0,0.41,5.0,0.39,5.0,0.51,10.0,0.52,20.0,0.1,0.1,0.092665,1776200152000
1776200153.999,53.999,0.49,10.0,0.48,20.0,0.59,5.0,0.61,5.0,0.41,5.0,0.39,5.0,0.51,10.0,0.52,20.0,0.1,0.1,0.092665,1776200153000
1776200155.089,55.089,0.49,10.0,0.48,20.0,0.59,5.0,0.61,5.0,0.41,5.0,0.39,5.0,0.51,10.0,0.52,20.0,0.1,0.1,0.092658,1776200154000
1776200156.294,56.294,0.49,10.0,0.48,20.0,0.59,5.0,0.61,5.0,0.41,5.0,0.39,5.0,0.51,10.0,0.52,20.0,0.1,0.1,0.09267,1776200155000
1776200156.939,56.939,0.49,10.0,0.48,20.0,0.59,5.0,0.61,5.0,0.41,5.0,0.39,5.0,0.51,10.0,0.52,20.0,0.1,0.1,0.092671,1776200156000
1776200158.05,58.05,0.49,10.0,0.48,20.0,0.59,5.0,0.61,5.0,0.41,5.0,0.39,5.0,0.51,10.0,0.52,20.0,0.1,0.1,0.092672,1776200157000
1776200159.094,59.094,0.49,10.0,0.48,20.0,0.59,5.0,0.61,5.0,0.41,5.0,0.39,5.0,0.51,10.0,0.52,20.0,0.1,0.1,0.092665,1776200158000
1776200160.209,60.209,0.49,10.0,0.48,20.0,0.59,5.0,0.61,5.0,0.41,5.0,0.39,5.0,0.51,10.0,0.52,20.0,0.1,0.1,0.092665,1776200159000
1776200161.463,61.463,0.49,10.0,0.48,20.0,0.59,5.0,0.61,5.0,0.41,5.0,0.39,5.0,0.51,10.0,0.52,20.0,0.1,0.1,0.092658,1776200160000
1776200161.906,61.906,0.49,10.0,0.48,20.0,0.59,5.0,0.61,5.0,0.41,5.0,0.39,5.0,0.51,10.0,0.52,20.0,0.1,0.1,0.092672,1776200161000
1776200163.095,63.095,0.49,10.0,0.48,20.0,0.59,5.0,0.61,5.0,0.41,5.0,0.39,5.0,0.51,10.0,0.52,20.0,0.1,0.1,0.092672,1776200162000
1776200164.318,64.318,0.49,10.0,0.48,20.0,0.59,5.0,0.61,5.0,0.41,5.0,0.39,5.0,0.51,10.0,0.52,20.0,0.1,0.1,0.092655,1776200163000
1776200165.468,65.468,0.49,10.0,0.48,20.0,0.59,5.0,0.61,5.0,0.41,5.0,0.39,5.0,0.51,10.0,0.52,20.0,0.1,0.1,0.09264,1776200164000
1776200166.132,66.132,0.49,10.0,0.48,20.0,0.59,5.0,0.61,5.0,0.41,5.0,0.39,5.0,0.51,10.0,0.52,20.0,0.1,0.1,0.092639,1776200165000
1776200167.192,67.192,0.49,10.0,0.48,20.0,0.59,5.0,0.61,5.0,0.41,5.0,0.39,5.0,0.51,10.0,0.52,20.0,0.1,0.1,0.092645,1776200166000
1776200168.271,68.271,0.49,10.0,0.48,20.0,0.59,5.0,0.61,5.0,0.41,5.0,0.39,5.0,0.51,10.0,0.52,20.0,0.1,0.1,0.092643,1776200167000
1776200169.181,69.181,0.49,10.0,0.48,20.0,0.59,5.0,0.61,5.0,0.41,5.0,0.39,5.0,0.51,10.0,0.52,20.0,0.1,0.1,0.092644,1776200168000
1776200170.273,70.273,0.49,10.0,0.48,20.0,0.59,5.0,0.61,5.0,0.41,5.0,0.39,5.0,0.51,10.0,0.52,20.0,0.1,0.1,0.09264,1776200169000
1776200171.36,71.36,0.49,10.0,0.48,20.0,0.59,5.0,0.61,5.0,0.41,5.0,0.39,5.0,0.51,10.0,0.52,20.0,0.1,0.1,0.092644,1776200170000
1776200172.372,72.372,0.49,10.0,0.48,20.0,0.59,5.0,0.61,5.0,0.41,5.0,0.39,5.0,0.51,10.0,0.52,20.0,0.1,0.1,0.092646,1776200171000
1776200172.975,72.975,0.49,10.0,0.48,20.0,0.59,5.0,0.61,5.0,0.41,5.0,0.39,5.0,0.51,10.0,0.52,20.0,0.1,0.1,0.092643,1776200172000
1776200173.914,73.914,0.49,10.0,0.48,20.0,0.59,5.0,0.61,5.0,0.41,5.0,0.39,5.0,0.51,10.0,0.52,20.0,0.1,0.1,0.092642,1776200173000
1776200175.016,75.016,0.49,10.0,0.48,20.0,0.59,5.0,0.61,5.0,0.41,5.0,0.39,5.0,0.51,10.0,0.52,20.0,0.1,0.1,0.092643,1776200174000
1776200175.99,75.99,0.49,10.0,0.48,20.0,0.59,5.0,0.61,5.0,0.41,5.0,0.39,5.0,0.51,10.0,0.52,20.0,0.1,0.1,0.092648,1776200175000
1776200176.396,76.396,0.46,2.7,0.45,5.56,0.53,5.0,0.54,5.0,0.41,5.0,0.39,5.0,0.51,10.0,0.52,20.0,0.07,0.1,0.092648,1776200175000
1776200177.103,77.103,0.46,2.7,0.45,5.56,0.53,5.0,0.54,5.0,0.47,5.0,0.46,5.0,0.54,2.7,0.55,5.56,0.07,0.07,0.092645,1776200176000
1776200178.133,78.133,0.46,2.7,0.45,5.56,0.53,5.0,0.54,5.0,0.47,5.0,0.46,5.0,0.54,2.7,0.55,5.56,0.07,0.07,0.092643,1776200177000
1776200179.189,79.189,0.46,2.7,0.45,5.56,0.53,5.0,0.54,5.0,0.47,5.0,0.46,5.0,0.54,2.7,0.55,5.56,0.07,0.07,0.092643,1776200178000
1776200180.704,80.704,0.46,2.7,0.45,5.56,0.53,5.0,0.54,5.0,0.47,5.0,0.46,5.0,0.54,2.7,0.55,5.56,0.07,0.07,0.092642,1776200179000
1776200181.226,81.226,0.46,2.7,0.45,5.56,0.53,5.0,0.54,5.0,0.47,5.0,0.46,5.0,0.54,2.7,0.55,5.56,0.07,0.07,0.09264,1776200180000
1776200182.242,82.242,0.46,2.7,0.45,5.56,0.53,5.0,0.54,5.0,0.47,5.0,0.46,5.0,0.54,2.7,0.55,5.56,0.07,0.07,0.09264,1776200181000
1776200183.304,83.304,0.46,2.7,0.45,5.56,0.53,5.0,0.54,5.0,0.47,5.0,0.46,5.0,0.54,2.7,0.55,5.56,0.07,0.07,0.092653,1776200182000
1776200184.432,84.432,0.46,2.7,0.45,5.56,0.53,5.0,0.54,5.0,0.47,5.0,0.46,5.0,0.54,2.7,0.55,5.56,0.07,0.07,0.092657,1776200183000
1776200184.907,84.907,0.46,2.7,0.45,5.56,0.53,5.0,0.54,5.0,0.47,5.0,0.46,5.0,0.54,2.7,0.55,5.56,0.07,0.07,0.092658,1776200184000
1776200185.967,85.967,0.46,2.7,0.45,5.56,0.53,5.0,0.54,5.0,0.47,5.0,0.46,5.0,0.54,2.7,0.55,5.56,0.07,0.07,0.092658,1776200185000
1776200186.899,86.899,0.46,2.7,0.45,5.56,0.53,5.0,0.54,5.0,0.47,5.0,0.46,5.0,0.54,2.7,0.55,5.56,0.07,0.07,0.09266,1776200186000
1776200187.953,87.953,0.46,2.7,0.45,5.56,0.53,5.0,0.54,5.0,0.47,5.0,0.46,5.0,0.54,2.7,0.55,5.56,0.07,0.07,0.092659,1776200187000
1776200188.938,88.938,0.46,2.7,0.45,5.56,0.53,5.0,0.54,5.0,0.47,5.0,0.46,5.0,0.54,2.7,0.55,5.56,0.07,0.07,0.092647,1776200188000
1776200189.94,89.94,0.46,2.7,0.45,5.56,0.53,5.0,0.54,5.0,0.47,5.0,0.46,5.0,0.54,2.7,0.55,5.56,0.07,0.07,0.092646,1776200189000
1776200190.956,90.956,0.46,2.7,0.45,5.56,0.53,5.0,0.54,5.0,0.47,5.0,0.46,5.0,0.54,2.7,0.55,5.56,0.07,0.07,0.092657,1776200190000
1776200192.017,92.017,0.46,2.7,0.45,5.56,0.53,5.0,0.54,5.0,0.47,5.0,0.46,5.0,0.54,2.7,0.55,5.56,0.07,0.07,0.092651,1776200191000
1776200193.027,93.027,0.46,2.7,0.45,5.56,0.53,5.0,0.54,5.0,0.47,5.0,0.46,5.0,0.54,2.7,0.55,5.56,0.07,0.07,0.092651,1776200192000
1776200194.003,94.003,0.46,2.7,0.45,5.56,0.53,5.0,0.54,5.0,0.47,5.0,0.46,5.0,0.54,2.7,0.55,5.56,0.07,0.07,0.092651,1776200193000
1776200195.441,95.441,0.46,2.7,0.45,5.56,0.53,5.0,0.54,5.0,0.47,5.0,0.46,5.0,0.54,2.7,0.55,5.56,0.07,0.07,0.092652,1776200194000
1776200196.105,96.105,0.46,2.7,0.45,5.56,0.53,5.0,0.54,5.0,0.47,5.0,0.46,5.0,0.54,2.7,0.55,5.56,0.07,0.07,0.092652,1776200195000
1776200197.563,97.563,0.46,2.7,0.45,5.56,0.53,5.0,0.54,5.0,0.47,5.0,0.46,5.0,0.54,2.7,0.55,5.56,0.07,0.07,0.09265,1776200196000
1776200198.392,98.392,0.46,2.7,0.45,5.56,0.53,5.0,0.54,5.0,0.47,5.0,0.46,5.0,0.54,2.7,0.55,5.56,0.07,0.07,0.09265,1776200197000
1776200199.003,99.003,0.46,2.7,0.45,5.56,0.53,5.0,0.54,5.0,0.47,5.0,0.46,5.0,0.54,2.7,0.55,5.56,0.07,0.07,0.092651,1776200198000
1776200200.333,100.333,0.46,2.7,0.45,5.56,0.53,5.0,0.54,5.0,0.47,5.0,0.46,5.0,0.54,2.7,0.55,5.56,0.07,0.07,0.09265,1776200199000
1776200201.057,101.057,0.46,2.7,0.45,5.56,0.53,5.0,0.54,5.0,0.47,5.0,0.46,5.0,0.54,2.7,0.55,5.56,0.07,0.07,0.09265,1776200200000
1776200202.514,102.514,0.46,2.7,0.45,5.56,0.53,5.0,0.54,5.0,0.47,5.0,0.46,5.0,0.54,2.7,0.55,5.56,0.07,0.07,0.092649,1776200201000
1776200203.109,103.109,0.46,2.7,0.45,5.56,0.53,5.0,0.54,5.0,0.47,5.0,0.46,5.0,0.54,2.7,0.55,5.56,0.07,0.07,0.092649,1776200202000
1776200204.534,104.534,0.46,2.7,0.45,5.56,0.53,5.0,0.54,5.0,0.47,5.0,0.46,5.0,0.54,2.7,0.55,5.56,0.07,0.07,0.092648,1776200203000
1776200205.195,105.195,0.46,2.7,0.45,5.56,0.53,5.0,0.54,5.0,0.47,5.0,0.46,5.0,0.54,2.7,0.55,5.56,0.07,0.07,0.092647,1776200204000
1776200206.704,106.704,0.46,2.7,0.45,5.56,0.53,5.0,0.54,5.0,0.47,5.0,0.46,5.0,0.54,2.7,0.55,5.56,0.07,0.07,0.092651,1776200205000
1776200207.336,107.336,0.46,2.7,0.45,5.56,0.53,5.0,0.54,5.0,0.47,5.0,0.46,5.0,0.54,2.7,0.55,5.56,0.07,0.07,0.09265,1776200206000
1776200208.08,108.08,0.46,2.7,0.45,5.56,0.53,5.0,0.54,5.0,0.47,5.0,0.46,5.0,0.54,2.7,0.55,5.56,0.07,0.07,0.09265,1776200207000
1776200209.481,109.481,0.46,2.7,0.45,5.56,0.53,5.0,0.54,5.0,0.47,5.0,0.46,5.0,0.54,2.7,0.55,5.56,0.07,0.07,0.092648,1776200208000
1776200210.079,110.079,0.46,2.7,0.45,5.56,0.53,5.0,0.54,5.0,0.47,5.0,0.46,5.0,0.54,2.7,0.55,5.56,0.07,0.07,0.092647,1776200209000
1776200211.965,111.965,0.46,2.7,0.45,5.56,0.53,5.0,0.54,5.0,0.47,5.0,0.46,5.0,0.54,2.7,0.55,5.56,0.07,0.07,0.092645,1776200210000
1776200212.482,112.482,0.46,2.7,0.45,5.56,0.53,5.0,0.54,5.0,0.47,5.0,0.46,5.0,0.54,2.7,0.55,5.56,0.07,0.07,0.092645,1776200211000
1776200213.072,113.072,0.46,2.7,0.45,5.56,0.53,5.0,0.54,5.0,0.47,5.0,0.46,5.0,0.54,2.7,0.55,5.56,0.07,0.07,0.092645,1776200212000
1776200214.254,114.254,0.46,2.7,0.45,5.56,0.53,5.0,0.54,5.0,0.47,5.0,0.46,5.0,0.54,2.7,0.55,5.56,0.07,0.07,0.092641,1776200213000
1776200214.917,114.917,0.45,2.81,0.41,10.0,0.47,5.0,0.56,5.0,0.47,5.0,0.46,5.0,0.54,2.7,0.55,5.56,0.02,0.07,0.092641,1776200213000
1776200215.405,115.405,0.34,11.6,0.33,11.8,0.47,5.0,0.56,5.0,0.53,5.0,0.44,5.0,0.66,11.6,0.67,11.8,0.13,0.13,0.092644,1776200214000
1776200215.965,115.965,0.34,11.6,0.33,11.8,0.47,5.0,0.56,5.0,0.53,5.0,0.44,5.0,0.66,11.6,0.67,11.8,0.13,0.13,0.092644,1776200215000
1776200217.074,117.074,0.34,11.6,0.33,11.8,0.47,5.0,0.56,5.0,0.53,5.0,0.44,5.0,0.66,11.6,0.67,11.8,0.13,0.13,0.09262,1776200216000
1776200218.194,118.194,0.34,11.6,0.33,11.8,0.47,5.0,0.56,5.0,0.53,5.0,0.44,5.0,0.66,11.6,0.67,11.8,0.13,0.13,0.092614,1776200217000
1776200219.312,119.312,0.34,11.6,0.33,11.8,0.47,5.0,0.56,5.0,0.53,5.0,0.44,5.0,0.66,11.6,0.67,11.8,0.13,0.13,0.092617,1776200218000
1776200219.563,119.563,0.31,17.2,0.3,28.4,0.46,5.0,0.51,50.0,0.53,5.0,0.44,5.0,0.66,11.6,0.67,11.8,0.15,0.13,0.092617,1776200218000
1776200220.44,120.44,0.31,17.2,0.3,28.4,0.46,5.0,0.51,50.0,0.54,5.0,0.49,50.0,0.69,17.2,0.7,28.4,0.15,0.15,0.092614,1776200219000
1776200221.003,121.003,0.31,17.2,0.3,28.4,0.46,5.0,0.51,50.0,0.54,5.0,0.49,50.0,0.69,17.2,0.7,28.4,0.15,0.15,0.092617,1776200220000
1776200222.191,122.191,0.31,17.2,0.3,28.4,0.46,5.0,0.51,50.0,0.54,5.0,0.49,50.0,0.69,17.2,0.7,28.4,0.15,0.15,0.092618,1776200221000
1776200223.305,123.305,0.31,17.2,0.3,28.4,0.46,5.0,0.51,50.0,0.54,5.0,0.49,50.0,0.69,17.2,0.7,28.4,0.15,0.15,0.092618,1776200222000
1776200223.629,123.629,0.33,11.8,0.32,11.9,0.44,4.31,0.46,5.0,0.54,5.0,0.49,50.0,0.69,17.2,0.7,28.4,0.11,0.15,0.092618,1776200222000
1776200224.582,124.582,0.33,11.8,0.32,11.9,0.44,4.31,0.46,5.0,0.56,4.31,0.54,5.0,0.67,11.8,0.68,11.9,0.11,0.11,0.092619,1776200223000
1776200225.185,125.185,0.33,11.8,0.32,11.9,0.44,4.31,0.46,5.0,0.56,4.31,0.54,5.0,0.67,11.8,0.68,11.9,0.11,0.11,0.092615,1776200224000
1776200226.738,126.738,0.23,5.0,0.19,16.89,0.29,5.0,0.3,5.0,0.56,4.31,0.54,5.0,0.67,11.8,0.68,11.9,0.06,0.11,0.092615,1776200224000
1776200227.44,127.44,0.23,5.0,0.19,16.89,0.29,5.0,0.3,5.0,0.71,5.0,0.7,5.0,0.77,5.0,0.81,16.89,0.06,0.06,0.092571,1776200226000
1776200227.999,127.999,0.23,5.0,0.19,16.89,0.29,5.0,0.3,5.0,0.71,5.0,0.7,5.0,0.77,5.0,0.81,16.89,0.06,0.06,0.092571,1776200227000
1776200228.651,128.651,0.15,20.39,0.14,21.6,0.24,26.0,0.29,10.0,0.71,5.0,0.7,5.0,0.77,5.0,0.81,16.89,0.09,0.06,0.092571,1776200227000
1776200229.183,129.183,0.15,20.39,0.14,21.6,0.24,26.0,0.29,10.0,0.76,26.0,0.71,10.0,0.85,20.39,0.86,21.6,0.09,0.09,0.092572,1776200228000
1776200230.19,130.19,0.15,20.39,0.14,21.6,0.24,26.0,0.29,10.0,0.76,26.0,0.71,10.0,0.85,20.39,0.86,21.6,0.09,0.09,0.092565,1776200229000
1776200231.33,131.33,0.15,20.39,0.14,21.6,0.24,26.0,0.29,10.0,0.76,26.0,0.71,10.0,0.85,20.39,0.86,21.6,0.09,0.09,0.092557,1776200230000
1776200232.376,132.376,0.15,20.39,0.14,21.6,0.24,26.0,0.29,10.0,0.76,26.0,0.71,10.0,0.85,20.39,0.86,21.6,0.09,0.09,0.092558,1776200231000
1776200232.926,132.926,0.15,20.39,0.14,21.6,0.24,26.0,0.29,10.0,0.76,26.0,0.71,10.0,0.85,20.39,0.86,21.6,0.09,0.09,0.092558,1776200232000
1776200233.981,133.981,0.15,20.39,0.14,21.6,0.24,26.0,0.29,10.0,0.76,26.0,0.71,10.0,0.85,20.39,0.86,21.6,0.09,0.09,0.092562,1776200233000
1776200235.168,135.168,0.15,20.39,0.14,21.6,0.24,26.0,0.29,10.0,0.76,26.0,0.71,10.0,0.85,20.39,0.86,21.6,0.09,0.09,0.092573,1776200234000
1776200236.222,136.222,0.15,20.39,0.14,21.6,0.24,26.0,0.29,10.0,0.76,26.0,0.71,10.0,0.85,20.39,0.86,21.6,0.09,0.09,0.092573,1776200235000
1776200237.304,137.304,0.15,20.39,0.14,21.6,0.24,26.0,0.29,10.0,0.76,26.0,0.71,10.0,0.85,20.39,0.86,21.6,0.09,0.09,0.092575,1776200236000
1776200237.94,137.94,0.15,20.39,0.14,21.6,0.24,26.0,0.29,10.0,0.76,26.0,0.71,10.0,0.85,20.39,0.86,21.6,0.09,0.09,0.092575,1776200237000
1776200238.916,138.916,0.15,20.39,0.14,21.6,0.24,26.0,0.29,10.0,0.76,26.0,0.71,10.0,0.85,20.39,0.86,21.6,0.09,0.09,0.092576,1776200238000
1776200240.016,140.016,0.15,20.39,0.14,21.6,0.24,26.0,0.29,10.0,0.76,26.0,0.71,10.0,0.85,20.39,0.86,21.6,0.09,0.09,0.092573,1776200239000
1776200241.242,141.242,0.15,20.39,0.14,21.6,0.24,26.0,0.29,10.0,0.76,26.0,0.71,10.0,0.85,20.39,0.86,21.6,0.09,0.09,0.092571,1776200240000
1776200242.381,142.381,0.15,20.39,0.14,21.6,0.24,26.0,0.29,10.0,0.76,26.0,0.71,10.0,0.85,20.39,0.86,21.6,0.09,0.09,0.092569,1776200241000
1776200242.989,142.989,0.15,20.39,0.14,21.6,0.24,26.0,0.29,10.0,0.76,26.0,0.71,10.0,0.85,20.39,0.86,21.6,0.09,0.09,0.092569,1776200242000
1776200244.123,144.123,0.15,20.39,0.14,21.6,0.24,26.0,0.29,10.0,0.76,26.0,0.71,10.0,0.85,20.39,0.86,21.6,0.09,0.09,0.092568,1776200243000
1776200245.37,145.37,0.15,20.39,0.14,21.6,0.24,26.0,0.29,10.0,0.76,26.0,0.71,10.0,0.85,20.39,0.86,21.6,0.09,0.09,0.092567,1776200244000
1776200246.45,146.45,0.15,20.39,0.14,21.6,0.24,26.0,0.29,10.0,0.76,26.0,0.71,10.0,0.85,20.39,0.86,21.6,0.09,0.09,0.092574,1776200245000
1776200247.064,147.064,0.15,20.39,0.14,21.6,0.24,26.0,0.29,10.0,0.76,26.0,0.71,10.0,0.85,20.39,0.86,21.6,0.09,0.09,0.092574,1776200246000
1776200248.246,148.246,0.15,20.39,0.14,21.6,0.24,26.0,0.29,10.0,0.76,26.0,0.71,10.0,0.85,20.39,0.86,21.6,0.09,0.09,0.092574,1776200247000
1776200249.439,149.439,0.15,20.39,0.14,21.6,0.24,26.0,0.29,10.0,0.76,26.0,0.71,10.0,0.85,20.39,0.86,21.6,0.09,0.09,0.092575,1776200248000
1776200250.209,150.209,0.15,20.39,0.14,21.6,0.24,26.0,0.29,10.0,0.76,26.0,0.71,10.0,0.85,20.39,0.86,21.6,0.09,0.09,0.092579,1776200249000
1776200251.297,151.297,0.15,20.39,0.14,21.6,0.24,26.0,0.29,10.0,0.76,26.0,0.71,10.0,0.85,20.39,0.86,21.6,0.09,0.09,0.092578,1776200250000
1776200252.432,152.432,0.15,20.39,0.14,21.6,0.24,26.0,0.29,10.0,0.76,26.0,0.71,10.0,0.85,20.39,0.86,21.6,0.09,0.09,0.092567,1776200251000
1776200253.026,153.026,0.15,20.39,0.14,21.6,0.24,26.0,0.29,10.0,0.76,26.0,0.71,10.0,0.85,20.39,0.86,21.6,0.09,0.09,0.092568,1776200252000
1776200254.257,154.257,0.15,20.39,0.14,21.6,0.24,26.0,0.29,10.0,0.76,26.0,0.71,10.0,0.85,20.39,0.86,21.6,0.09,0.09,0.09258,1776200253000
1776200255.474,155.474,0.15,20.39,0.14,21.6,0.24,26.0,0.29,10.0,0.76,26.0,0.71,10.0,0.85,20.39,0.86,21.6,0.09,0.09,0.092596,1776200254000
1776200257.13,157.13,0.15,20.39,0.14,21.6,0.24,26.0,0.29,10.0,0.76,26.0,0.71,10.0,0.85,20.39,0.86,21.6,0.09,0.09,0.092597,1776200255000
1776200257.961,157.961,0.15,20.39,0.14,21.6,0.24,26.0,0.29,10.0,0.76,26.0,0.71,10.0,0.85,20.39,0.86,21.6,0.09,0.09,0.092588,1776200256000
1776200258.781,158.781,0.15,20.39,0.14,21.6,0.24,26.0,0.29,10.0,0.76,26.0,0.71,10.0,0.85,20.39,0.86,21.6,0.09,0.09,0.092592,1776200257000
1776200259.392,159.392,0.15,20.39,0.14,21.6,0.24,26.0,0.29,10.0,0.76,26.0,0.71,10.0,0.85,20.39,0.86,21.6,0.09,0.09,0.092609,1776200258000
1776200259.973,159.973,0.15,20.39,0.14,21.6,0.24,26.0,0.29,10.0,0.76,26.0,0.71,10.0,0.85,20.39,0.86,21.6,0.09,0.09,0.092608,1776200259000
1776200261.318,161.318,0.15,20.39,0.14,21.6,0.24,26.0,0.29,10.0,0.76,26.0,0.71,10.0,0.85,20.39,0.86,21.6,0.09,0.09,0.092602,1776200260000
1776200262.573,162.573,0.15,20.39,0.14,21.6,0.24,26.0,0.29,10.0,0.76,26.0,0.71,10.0,0.85,20.39,0.86,21.6,0.09,0.09,0.092582,1776200261000
1776200263.198,163.198,0.15,20.39,0.14,21.6,0.24,26.0,0.29,10.0,0.76,26.0,0.71,10.0,0.85,20.39,0.86,21.6,0.09,0.09,0.092582,1776200262000
1776200264.446,164.446,0.28,1.81,0.19,21.89,0.31,36.0,0.39,10.9,0.69,36.0,0.61,10.9,0.72,1.81,0.81,21.89,0.03,0.03,0.092583,1776200263000
1776200265.031,165.031,0.28,1.81,0.19,21.89,0.31,36.0,0.39,10.9,0.69,36.0,0.61,10.9,0.72,1.81,0.81,21.89,0.03,0.03,0.092583,1776200264000
1776200266.181,166.181,0.28,1.81,0.19,21.89,0.31,36.0,0.39,10.9,0.69,36.0,0.61,10.9,0.72,1.81,0.81,21.89,0.03,0.03,0.092589,1776200265000
1776200266.497,166.497,0.28,1.81,0.21,65.7,0.31,31.0,0.36,11.3,0.69,36.0,0.61,10.9,0.72,1.81,0.81,21.89,0.03,0.03,0.092589,1776200265000
1776200267.256,167.256,0.28,1.81,0.21,65.7,0.31,31.0,0.36,11.3,0.69,31.0,0.64,11.3,0.72,1.81,0.79,65.7,0.03,0.03,0.09259,1776200266000
1776200268.522,168.522,0.28,1.81,0.21,65.7,0.31,31.0,0.36,11.3,0.69,31.0,0.64,11.3,0.72,1.81,0.79,65.7,0.03,0.03,0.092591,1776200267000
1776200269.071,169.071,0.28,1.81,0.21,65.7,0.31,31.0,0.36,11.3,0.69,31.0,0.64,11.3,0.72,1.81,0.79,65.7,0.03,0.03,0.092589,1776200268000
1776200270.301,170.301,0.28,1.81,0.21,65.7,0.31,31.0,0.36,11.3,0.69,31.0,0.64,11.3,0.72,1.81,0.79,65.7,0.03,0.03,0.092589,1776200269000
1776200270.957,170.957,0.28,1.81,0.21,65.7,0.31,31.0,0.36,11.3,0.69,31.0,0.64,11.3,0.72,1.81,0.79,65.7,0.03,0.03,0.0926,1776200270000
1776200272.178,172.178,0.28,1.81,0.21,65.7,0.31,31.0,0.36,11.3,0.69,31.0,0.64,11.3,0.72,1.81,0.79,65.7,0.03,0.03,0.0926,1776200271000
1776200273.072,173.072,0.28,1.81,0.21,65.7,0.31,31.0,0.36,11.3,0.69,31.0,0.64,11.3,0.72,1.81,0.79,65.7,0.03,0.03,0.092597,1776200272000
1776200274.142,174.142,0.28,1.81,0.21,65.7,0.31,31.0,0.36,11.3,0.69,31.0,0.64,11.3,0.72,1.81,0.79,65.7,0.03,0.03,0.092594,1776200273000
1776200275.169,175.169,0.28,1.81,0.21,65.7,0.31,31.0,0.36,11.3,0.69,31.0,0.64,11.3,0.72,1.81,0.79,65.7,0.03,0.03,0.092593,1776200274000
1776200276.207,176.207,0.28,1.81,0.21,65.7,0.31,31.0,0.36,11.3,0.69,31.0,0.64,11.3,0.72,1.81,0.79,65.7,0.03,0.03,0.092591,1776200275000
1776200277.243,177.243,0.28,1.81,0.21,65.7,0.31,31.0,0.36,11.3,0.69,31.0,0.64,11.3,0.72,1.81,0.79,65.7,0.03,0.03,0.09259,1776200276000
1776200278.299,178.299,0.28,1.81,0.21,65.7,0.31,31.0,0.36,11.3,0.69,31.0,0.64,11.3,0.72,1.81,0.79,65.7,0.03,0.03,0.092595,1776200277000
1776200279.316,179.316,0.28,1.81,0.21,65.7,0.31,31.0,0.36,11.3,0.69,31.0,0.64,11.3,0.72,1.81,0.79,65.7,0.03,0.03,0.092594,1776200278000
1776200280.247,180.247,0.28,1.81,0.21,65.7,0.31,31.0,0.36,11.3,0.69,31.0,0.64,11.3,0.72,1.81,0.79,65.7,0.03,0.03,0.092594,1776200279000
1776200281.201,181.201,0.28,1.81,0.21,65.7,0.31,31.0,0.36,11.3,0.69,31.0,0.64,11.3,0.72,1.81,0.79,65.7,0.03,0.03,0.092594,1776200280000
1776200282.184,182.184,0.28,1.81,0.21,65.7,0.31,31.0,0.36,11.3,0.69,31.0,0.64,11.3,0.72,1.81,0.79,65.7,0.03,0.03,0.092594,1776200281000
1776200283.211,183.211,0.28,1.81,0.21,65.7,0.31,31.0,0.36,11.3,0.69,31.0,0.64,11.3,0.72,1.81,0.79,65.7,0.03,0.03,0.092587,1776200282000
1776200284.225,184.225,0.28,1.81,0.21,65.7,0.31,31.0,0.36,11.3,0.69,31.0,0.64,11.3,0.72,1.81,0.79,65.7,0.03,0.03,0.092588,1776200283000
1776200285.184,185.184,0.28,1.81,0.21,65.7,0.31,31.0,0.36,11.3,0.69,31.0,0.64,11.3,0.72,1.81,0.79,65.7,0.03,0.03,0.092588,1776200284000
1776200286.291,186.291,0.28,1.81,0.21,65.7,0.31,31.0,0.36,11.3,0.69,31.0,0.64,11.3,0.72,1.81,0.79,65.7,0.03,0.03,0.092586,1776200285000
1776200286.849,186.849,0.28,1.81,0.21,65.7,0.31,31.0,0.36,11.3,0.69,31.0,0.64,11.3,0.72,1.81,0.79,65.7,0.03,0.03,0.092587,1776200286000
1776200287.937,187.937,0.28,1.81,0.21,65.7,0.31,31.0,0.36,11.3,0.69,31.0,0.64,11.3,0.72,1.81,0.79,65.7,0.03,0.03,0.092587,1776200287000
1776200289.248,189.248,0.28,1.81,0.21,65.7,0.31,31.0,0.36,11.3,0.69,31.0,0.64,11.3,0.72,1.81,0.79,65.7,0.03,0.03,0.092587,1776200288000
1776200289.827,189.827,0.22,5.46,0.21,15.7,0.29,18.0,0.34,5.0,0.69,31.0,0.64,11.3,0.72,1.81,0.79,65.7,0.07,0.03,0.092587,1776200288000
1776200290.293,190.293,0.22,5.46,0.21,15.7,0.29,18.0,0.34,5.0,0.71,18.0,0.66,5.0,0.78,5.46,0.79,15.7,0.07,0.07,0.092586,1776200289000
1776200291.309,191.309,0.22,5.46,0.21,15.7,0.29,18.0,0.34,5.0,0.71,18.0,0.66,5.0,0.78,5.46,0.79,15.7,0.07,0.07,0.092586,1776200290000
1776200292.41,192.41,0.22,5.46,0.21,15.7,0.29,18.0,0.34,5.0,0.71,18.0,0.66,5.0,0.78,5.46,0.79,15.7,0.07,0.07,0.092586,1776200291000
1776200292.996,192.996,0.22,5.46,0.21,15.7,0.29,18.0,0.34,5.0,0.71,18.0,0.66,5.0,0.78,5.46,0.79,15.7,0.07,0.07,0.092589,1776200292000
1776200293.981,193.981,0.22,5.46,0.21,15.7,0.29,18.0,0.34,5.0,0.71,18.0,0.66,5.0,0.78,5.46,0.79,15.7,0.07,0.07,0.092589,1776200293000
1776200295.128,195.128,0.22,5.46,0.21,15.7,0.29,18.0,0.34,5.0,0.71,18.0,0.66,5.0,0.78,5.46,0.79,15.7,0.07,0.07,0.09259,1776200294000
1776200296.157,196.157,0.22,5.46,0.21,15.7,0.29,18.0,0.34,5.0,0.71,18.0,0.66,5.0,0.78,5.46,0.79,15.7,0.07,0.07,0.092594,1776200295000
1776200297.564,197.564,0.22,5.46,0.21,15.7,0.29,18.0,0.34,5.0,0.71,18.0,0.66,5.0,0.78,5.46,0.79,15.7,0.07,0.07,0.092597,1776200296000
1776200298.132,198.132,0.22,5.46,0.21,15.7,0.29,18.0,0.34,5.0,0.71,18.0,0.66,5.0,0.78,5.46,0.79,15.7,0.07,0.07,0.092595,1776200297000
1776200299.403,199.403,0.22,5.46,0.21,15.7,0.29,18.0,0.34,5.0,0.71,18.0,0.66,5.0,0.78,5.46,0.79,15.7,0.07,0.07,0.092597,1776200298000
1776200300.056,200.056,0.22,5.46,0.21,15.7,0.29,18.0,0.34,5.0,0.71,18.0,0.66,5.0,0.78,5.46,0.79,15.7,0.07,0.07,0.092598,1776200299000
1776200301.052,201.052,0.22,5.46,0.21,15.7,0.29,18.0,0.34,5.0,0.71,18.0,0.66,5.0,0.78,5.46,0.79,15.7,0.07,0.07,0.092598,1776200300000
1776200302.003,202.003,0.23,12.1,0.22,15.2,0.33,5.0,0.34,5.0,0.71,18.0,0.66,5.0,0.78,5.46,0.79,15.7,0.1,0.07,0.092598,1776200300000
1776200303.09,203.09,0.23,12.1,0.22,15.2,0.33,5.0,0.34,5.0,0.67,5.0,0.66,5.0,0.77,12.1,0.78,15.2,0.1,0.1,0.092597,1776200302000
1776200304.164,204.164,0.23,12.1,0.22,15.2,0.33,5.0,0.34,5.0,0.67,5.0,0.66,5.0,0.77,12.1,0.78,15.2,0.1,0.1,0.092594,1776200303000
1776200305.266,205.266,0.3,5.0,0.29,5.0,0.33,29.0,0.34,5.0,0.67,29.0,0.66,5.0,0.7,5.0,0.71,5.0,0.03,0.03,0.092594,1776200304000
1776200306.735,206.735,0.3,5.0,0.29,5.0,0.33,29.0,0.34,5.0,0.67,29.0,0.66,5.0,0.7,5.0,0.71,5.0,0.03,0.03,0.092591,1776200305000
1776200307.348,207.348,0.3,5.0,0.29,5.0,0.33,29.0,0.34,5.0,0.67,29.0,0.66,5.0,0.7,5.0,0.71,5.0,0.03,0.03,0.092592,1776200306000
1776200307.973,207.973,0.3,5.0,0.29,5.0,0.33,29.0,0.34,5.0,0.67,29.0,0.66,5.0,0.7,5.0,0.71,5.0,0.03,0.03,0.092592,1776200307000
1776200309.017,209.017,0.3,5.0,0.29,5.0,0.33,29.0,0.34,5.0,0.67,29.0,0.66,5.0,0.7,5.0,0.71,5.0,0.03,0.03,0.092592,1776200308000
1776200310.2,210.2,0.3,5.0,0.29,5.0,0.33,29.0,0.34,5.0,0.67,29.0,0.66,5.0,0.7,5.0,0.71,5.0,0.03,0.03,0.092593,1776200309000
1776200311.404,211.404,0.3,5.0,0.29,5.0,0.33,29.0,0.34,5.0,0.67,29.0,0.66,5.0,0.7,5.0,0.71,5.0,0.03,0.03,0.092593,1776200310000
1776200311.842,211.842,0.3,5.0,0.29,5.0,0.33,29.0,0.34,5.0,0.67,29.0,0.66,5.0,0.7,5.0,0.71,5.0,0.03,0.03,0.092593,1776200311000
1776200312.891,212.891,0.3,5.0,0.29,5.0,0.33,29.0,0.34,5.0,0.67,29.0,0.66,5.0,0.7,5.0,0.71,5.0,0.03,0.03,0.092594,1776200312000
1776200314.543,214.543,0.3,5.0,0.29,5.0,0.33,29.0,0.34,5.0,0.67,29.0,0.66,5.0,0.7,5.0,0.71,5.0,0.03,0.03,0.092595,1776200313000
1776200315.168,215.168,0.3,5.0,0.29,5.0,0.33,29.0,0.34,5.0,0.67,29.0,0.66,5.0,0.7,5.0,0.71,5.0,0.03,0.03,0.092595,1776200314000
1776200316.247,216.247,0.3,5.0,0.29,5.0,0.33,29.0,0.34,5.0,0.67,29.0,0.66,5.0,0.7,5.0,0.71,5.0,0.03,0.03,0.092595,1776200315000
1776200317.003,217.003,0.3,5.0,0.29,5.0,0.33,29.0,0.34,5.0,0.67,29.0,0.66,5.0,0.7,5.0,0.71,5.0,0.03,0.03,0.092595,1776200316000
1776200318.463,218.463,0.3,5.0,0.29,5.0,0.33,29.0,0.34,5.0,0.67,29.0,0.66,5.0,0.7,5.0,0.71,5.0,0.03,0.03,0.092597,1776200317000
1776200319.406,219.406,0.3,5.0,0.29,5.0,0.33,29.0,0.34,5.0,0.67,29.0,0.66,5.0,0.7,5.0,0.71,5.0,0.03,0.03,0.092597,1776200318000
1776200320.19,220.19,0.3,5.0,0.29,5.0,0.33,29.0,0.34,5.0,0.67,29.0,0.66,5.0,0.7,5.0,0.71,5.0,0.03,0.03,0.092597,1776200319000
1776200321.552,221.552,0.3,5.0,0.29,5.0,0.33,29.0,0.34,5.0,0.67,29.0,0.66,5.0,0.7,5.0,0.71,5.0,0.03,0.03,0.092597,1776200320000
1776200322.309,222.309,0.3,5.0,0.29,5.0,0.33,29.0,0.34,5.0,0.67,29.0,0.66,5.0,0.7,5.0,0.71,5.0,0.03,0.03,0.092598,1776200321000
1776200323.534,223.534,0.3,5.0,0.29,5.0,0.33,29.0,0.34,5.0,0.67,29.0,0.66,5.0,0.7,5.0,0.71,5.0,0.03,0.03,0.092604,1776200322000
1776200324.628,224.628,0.3,5.0,0.29,5.0,0.33,29.0,0.34,5.0,0.67,29.0,0.66,5.0,0.7,5.0,0.71,5.0,0.03,0.03,0.092604,1776200323000
1776200325.456,225.456,0.3,5.0,0.29,5.0,0.33,29.0,0.34,5.0,0.67,29.0,0.66,5.0,0.7,5.0,0.71,5.0,0.03,0.03,0.092613,1776200324000
1776200326.236,226.236,0.3,5.0,0.29,5.0,0.33,29.0,0.34,5.0,0.67,29.0,0.66,5.0,0.7,5.0,0.71,5.0,0.03,0.03,0.092614,1776200325000
1776200327.556,227.556,0.3,5.0,0.29,5.0,0.33,29.0,0.34,5.0,0.67,29.0,0.66,5.0,0.7,5.0,0.71,5.0,0.03,0.03,0.092616,1776200326000
1776200328.286,228.286,0.3,5.0,0.29,5.0,0.33,29.0,0.34,5.0,0.67,29.0,0.66,5.0,0.7,5.0,0.71,5.0,0.03,0.03,0.092616,1776200327000
1776200329.626,229.626,0.3,5.0,0.29,5.0,0.33,29.0,0.34,5.0,0.67,29.0,0.66,5.0,0.7,5.0,0.71,5.0,0.03,0.03,0.092616,1776200328000
1776200330.352,230.352,0.3,5.0,0.29,5.0,0.33,29.0,0.34,5.0,0.67,29.0,0.66,5.0,0.7,5.0,0.71,5.0,0.03,0.03,0.092616,1776200329000
1776200331.13,231.13,0.3,5.0,0.29,5.0,0.33,29.0,0.34,5.0,0.67,29.0,0.66,5.0,0.7,5.0,0.71,5.0,0.03,0.03,0.092616,1776200330000
1776200332.585,232.585,0.3,5.0,0.29,5.0,0.33,29.0,0.34,5.0,0.67,29.0,0.66,5.0,0.7,5.0,0.71,5.0,0.03,0.03,0.092616,1776200331000
1776200333.43,233.43,0.3,5.0,0.29,5.0,0.33,29.0,0.34,5.0,0.67,29.0,0.66,5.0,0.7,5.0,0.71,5.0,0.03,0.03,0.092625,1776200332000
1776200334.112,234.112,0.3,5.0,0.29,5.0,0.33,29.0,0.34,5.0,0.67,29.0,0.66,5.0,0.7,5.0,0.71,5.0,0.03,0.03,0.092622,1776200333000
1776200335.254,235.254,0.3,5.0,0.29,5.0,0.33,29.0,0.34,5.0,0.67,29.0,0.66,5.0,0.7,5.0,0.71,5.0,0.03,0.03,0.092621,1776200334000
1776200337.038,237.038,0.3,5.0,0.29,5.0,0.33,29.0,0.34,5.0,0.67,29.0,0.66,5.0,0.7,5.0,0.71,5.0,0.03,0.03,0.09261,1776200336000
1776200338.643,238.643,0.3,5.0,0.29,5.0,0.33,29.0,0.34,5.0,0.67,29.0,0.66,5.0,0.7,5.0,0.71,5.0,0.03,0.03,0.092608,1776200337000
1776200339.43,239.43,0.3,5.0,0.29,5.0,0.33,29.0,0.34,5.0,0.67,29.0,0.66,5.0,0.7,5.0,0.71,5.0,0.03,0.03,0.092608,1776200338000
1776200340.119,240.119,0.3,5.0,0.29,5.0,0.33,29.0,0.34,5.0,0.67,29.0,0.66,5.0,0.7,5.0,0.71,5.0,0.03,0.03,0.092606,1776200339000
1776200341.573,241.573,0.3,5.0,0.29,5.0,0.33,29.0,0.34,5.0,0.67,29.0,0.66,5.0,0.7,5.0,0.71,5.0,0.03,0.03,0.092605,1776200340000
1776200341.819,241.819,0.31,42.75,0.21,50.0,0.42,5.0,0.43,10.6,0.67,29.0,0.66,5.0,0.7,5.0,0.71,5.0,0.11,0.03,0.092605,1776200340000
1776200342.301,242.301,0.31,42.75,0.21,50.0,0.42,5.0,0.43,10.6,0.58,5.0,0.57,10.6,0.69,42.75,0.79,50.0,0.11,0.11,0.092604,1776200341000
1776200343.785,243.785,0.31,42.75,0.21,50.0,0.42,5.0,0.43,10.6,0.58,5.0,0.57,10.6,0.69,42.75,0.79,50.0,0.11,0.11,0.092615,1776200342000
1776200344.672,244.672,0.31,42.75,0.21,50.0,0.42,5.0,0.43,10.6,0.58,5.0,0.57,10.6,0.69,42.75,0.79,50.0,0.11,0.11,0.092615,1776200343000
1776200345.43,245.43,0.31,42.75,0.21,50.0,0.42,5.0,0.43,10.6,0.58,5.0,0.57,10.6,0.69,42.75,0.79,50.0,0.11,0.11,0.092615,1776200344000
1776200346.169,246.169,0.31,42.75,0.21,50.0,0.42,5.0,0.43,10.6,0.58,5.0,0.57,10.6,0.69,42.75,0.79,50.0,0.11,0.11,0.092617,1776200345000
1776200347.77,247.77,0.31,42.75,0.21,50.0,0.42,5.0,0.43,10.6,0.58,5.0,0.57,10.6,0.69,42.75,0.79,50.0,0.11,0.11,0.092621,1776200346000
1776200348.534,248.534,0.31,42.75,0.21,50.0,0.42,5.0,0.43,10.6,0.58,5.0,0.57,10.6,0.69,42.75,0.79,50.0,0.11,0.11,0.092621,1776200347000
1776200349.306,249.306,0.31,42.75,0.21,50.0,0.42,5.0,0.43,10.6,0.58,5.0,0.57,10.6,0.69,42.75,0.79,50.0,0.11,0.11,0.092619,1776200348000
1776200349.969,249.969,0.31,42.75,0.21,50.0,0.42,5.0,0.43,10.6,0.58,5.0,0.57,10.6,0.69,42.75,0.79,50.0,0.11,0.11,0.092622,1776200349000
1776200351.359,251.359,0.31,42.75,0.21,50.0,0.42,5.0,0.43,10.6,0.58,5.0,0.57,10.6,0.69,42.75,0.79,50.0,0.11,0.11,0.092622,1776200350000
1776200351.979,251.979,0.31,42.75,0.21,50.0,0.42,5.0,0.43,10.6,0.58,5.0,0.57,10.6,0.69,42.75,0.79,50.0,0.11,0.11,0.092622,1776200351000
1776200353.538,253.538,0.31,42.75,0.21,50.0,0.42,5.0,0.43,10.6,0.58,5.0,0.57,10.6,0.69,42.75,0.79,50.0,0.11,0.11,0.092619,1776200352000
1776200354.781,254.781,0.31,42.75,0.21,50.0,0.42,5.0,0.43,10.6,0.58,5.0,0.57,10.6,0.69,42.75,0.79,50.0,0.11,0.11,0.092615,1776200353000
1776200355.304,255.304,0.31,42.75,0.21,50.0,0.42,5.0,0.43,10.6,0.58,5.0,0.57,10.6,0.69,42.75,0.79,50.0,0.11,0.11,0.092615,1776200354000
1776200355.93,255.93,0.31,42.75,0.21,50.0,0.42,5.0,0.43,10.6,0.58,5.0,0.57,10.6,0.69,42.75,0.79,50.0,0.11,0.11,0.092615,1776200355000
1776200357.699,257.699,0.31,42.75,0.21,50.0,0.42,5.0,0.43,10.6,0.58,5.0,0.57,10.6,0.69,42.75,0.79,50.0,0.11,0.11,0.092623,1776200356000
1776200358.385,258.385,0.31,42.75,0.21,50.0,0.42,5.0,0.43,10.6,0.58,5.0,0.57,10.6,0.69,42.75,0.79,50.0,0.11,0.11,0.092616,1776200357000
1776200359.053,259.053,0.31,42.75,0.21,50.0,0.42,5.0,0.43,10.6,0.58,5.0,0.57,10.6,0.69,42.75,0.79,50.0,0.11,0.11,0.092624,1776200358000
1776200360.254,260.254,0.31,42.75,0.21,50.0,0.42,5.0,0.43,10.6,0.58,5.0,0.57,10.6,0.69,42.75,0.79,50.0,0.11,0.11,0.092625,1776200359000
1776200361.503,261.503,0.31,42.75,0.21,50.0,0.42,5.0,0.43,10.6,0.58,5.0,0.57,10.6,0.69,42.75,0.79,50.0,0.11,0.11,0.09263,1776200360000
1776200362.229,262.229,0.31,42.75,0.21,50.0,0.42,5.0,0.43,10.6,0.58,5.0,0.57,10.6,0.69,42.75,0.79,50.0,0.11,0.11,0.09263,1776200361000
1776200363.429,263.429,0.34,11.6,0.33,11.8,0.42,5.0,0.55,10.5,0.58,5.0,0.45,10.5,0.66,11.6,0.67,11.8,0.08,0.08,0.092636,1776200362000
1776200363.695,263.695,0.35,11.4,0.34,11.6,0.54,10.5,0.55,10.5,0.58,5.0,0.45,10.5,0.66,11.6,0.67,11.8,0.19,0.08,0.092636,1776200362000
1776200364.015,264.015,0.35,11.4,0.34,11.6,0.54,10.5,0.55,10.5,0.46,10.5,0.45,10.5,0.65,11.4,0.66,11.6,0.19,0.19,0.092636,1776200363000
1776200365.445,265.445,0.35,11.4,0.34,11.6,0.54,10.5,0.55,10.5,0.46,10.5,0.45,10.5,0.65,11.4,0.66,11.6,0.19,0.19,0.092636,1776200364000
1776200366.183,266.183,0.35,11.4,0.34,11.6,0.54,10.5,0.55,10.5,0.46,10.5,0.45,10.5,0.65,11.4,0.66,11.6,0.19,0.19,0.092636,1776200365000
1776200367.454,267.454,0.35,11.4,0.34,11.6,0.54,10.5,0.55,10.5,0.46,10.5,0.45,10.5,0.65,11.4,0.66,11.6,0.19,0.19,0.092638,1776200366000
1776200368.153,268.153,0.35,11.4,0.34,11.6,0.54,10.5,0.55,10.5,0.46,10.5,0.45,10.5,0.65,11.4,0.66,11.6,0.19,0.19,0.09264,1776200367000
1776200369.363,269.363,0.35,11.4,0.34,11.6,0.54,10.5,0.55,10.5,0.46,10.5,0.45,10.5,0.65,11.4,0.66,11.6,0.19,0.19,0.092648,1776200368000
1776200370.06,270.06,0.35,11.4,0.34,11.6,0.54,10.5,0.55,10.5,0.46,10.5,0.45,10.5,0.65,11.4,0.66,11.6,0.19,0.19,0.092651,1776200369000
1776200371.891,271.891,0.68,5.0,0.51,50.0,0.7,10.27,0.71,12.6,0.46,10.5,0.45,10.5,0.65,11.4,0.66,11.6,0.02,0.19,0.092651,1776200369000
1776200372.835,272.835,0.51,60.4,0.5,10.4,0.71,11.52,0.72,12.9,0.3,10.27,0.29,12.6,0.32,5.0,0.49,50.0,0.2,0.02,0.092651,1776200370000
1776200373.571,273.571,0.51,60.4,0.5,10.4,0.71,11.52,0.72,12.9,0.29,11.52,0.28,12.9,0.49,60.4,0.5,10.4,0.2,0.2,0.092651,1776200372000
1776200374.501,274.501,0.51,60.4,0.5,10.4,0.71,11.52,0.72,12.9,0.29,11.52,0.28,12.9,0.49,60.4,0.5,10.4,0.2,0.2,0.092644,1776200373000
1776200375.289,275.289,0.51,60.4,0.5,10.4,0.71,11.52,0.72,12.9,0.29,11.52,0.28,12.9,0.49,60.4,0.5,10.4,0.2,0.2,0.092644,1776200374000
1776200376.063,276.063,0.76,5.0,0.61,50.0,0.77,8.5,0.89,5.0,0.29,11.52,0.28,12.9,0.49,60.4,0.5,10.4,0.01,0.2,0.092644,1776200374000
1776200376.354,276.354,0.77,6.5,0.61,50.0,0.91,50.0,0.96,5.0,0.23,8.5,0.11,5.0,0.24,5.0,0.39,50.0,0.14,0.01,0.092654,1776200375000
1776200377.554,277.554,0.77,6.5,0.61,50.0,0.91,50.0,0.96,5.0,0.09,50.0,0.04,5.0,0.23,6.5,0.39,50.0,0.14,0.14,0.092658,1776200376000
1776200378.331,278.331,0.77,6.5,0.61,50.0,0.91,50.0,0.96,5.0,0.09,50.0,0.04,5.0,0.23,6.5,0.39,50.0,0.14,0.14,0.092658,1776200377000
1776200379.583,279.583,0.77,6.5,0.71,50.0,0.98,115.0,0.99,6330.0,0.09,50.0,0.04,5.0,0.23,6.5,0.39,50.0,0.21,0.14,0.092658,1776200377000
1776200380.016,280.016,0.77,6.5,0.71,50.0,0.98,115.0,0.99,6330.0,0.02,115.0,0.01,6330.0,0.23,6.5,0.29,50.0,0.21,0.21,0.09268,1776200378000
1776200380.804,280.804,0.77,6.5,0.71,50.0,0.98,115.0,0.99,6330.0,0.02,115.0,0.01,6330.0,0.23,6.5,0.29,50.0,0.21,0.21,0.09268,1776200379000
1776200381.562,281.562,0.77,6.5,0.71,50.0,0.98,115.0,0.99,6330.0,0.02,115.0,0.01,6330.0,0.23,6.5,0.29,50.0,0.21,0.21,0.092679,1776200380000
1776200381.979,281.979,0.77,6.5,0.71,50.0,0.98,10.0,0.99,5330.0,0.02,115.0,0.01,6330.0,0.23,6.5,0.29,50.0,0.21,0.21,0.092679,1776200380000
1776200382.285,282.285,0.77,6.5,0.71,50.0,0.98,10.0,0.99,5330.0,0.02,10.0,0.01,5330.0,0.23,6.5,0.29,50.0,0.21,0.21,0.092679,1776200381000
1776200383.141,283.141,0.77,6.5,0.71,50.0,0.98,10.0,0.99,5330.0,0.02,10.0,0.01,5330.0,0.23,6.5,0.29,50.0,0.21,0.21,0.092679,1776200382000
1776200384.42,284.42,0.77,6.5,0.75,6.0,0.98,5.0,0.99,5330.0,0.02,10.0,0.01,5330.0,0.23,6.5,0.29,50.0,0.21,0.21,0.092679,1776200382000
1776200384.634,284.634,0.77,6.5,0.75,6.0,0.98,5.0,0.99,5330.0,0.02,5.0,0.01,5330.0,0.23,6.5,0.25,6.0,0.21,0.21,0.092677,1776200383000
1776200385.358,285.358,0.77,6.5,0.75,6.0,0.98,5.0,0.99,5330.0,0.02,5.0,0.01,5330.0,0.23,6.5,0.25,6.0,0.21,0.21,0.092677,1776200384000
1776200386.175,286.175,0.77,6.5,0.75,6.0,0.98,5.0,0.99,5330.0,0.02,5.0,0.01,5330.0,0.23,6.5,0.25,6.0,0.21,0.21,0.092668,1776200385000
1776200386.823,286.823,0.77,6.5,0.75,6.0,0.99,5330.0,,,0.02,5.0,0.01,5330.0,0.23,6.5,0.25,6.0,0.22,0.21,0.092668,1776200385000
1776200387.642,287.642,0.77,6.5,0.75,6.0,0.99,5330.0,,,0.01,5330.0,,,0.23,6.5,0.25,6.0,0.22,0.22,0.092676,1776200386000
1776200388.463,288.463,0.77,6.5,0.75,6.0,0.99,5330.0,,,0.01,5330.0,,,0.23,6.5,0.25,6.0,0.22,0.22,0.092676,1776200387000
1776200389.219,289.219,0.88,36.0,0.87,5.0,0.99,325.0,,,0.01,5330.0,,,0.23,6.5,0.25,6.0,0.11,0.22,0.092676,1776200387000
1776200390.639,290.639,0.88,36.0,0.87,5.0,0.99,320.0,,,0.01,320.0,,,0.12,36.0,0.13,5.0,0.11,0.11,0.092684,1776200389000
1776200391.783,291.783,0.77,6.5,0.75,6.0,0.99,135.0,,,0.01,320.0,,,0.12,36.0,0.13,5.0,0.22,0.11,0.092684,1776200389000
1776200392.544,292.544,0.77,6.5,0.75,6.0,0.99,135.0,,,0.01,135.0,,,0.23,6.5,0.25,6.0,0.22,0.22,0.092694,1776200391000
1776200392.838,292.838,0.77,6.5,0.71,50.0,0.99,132.4,,,0.01,135.0,,,0.23,6.5,0.25,6.0,0.22,0.22,0.092694,1776200391000
1776200393.213,293.213,0.77,6.5,0.71,50.0,0.99,132.4,,,0.01,132.4,,,0.23,6.5,0.29,50.0,0.22,0.22,0.092694,1776200392000
1776200393.631,293.631,0.77,6.5,0.71,50.0,0.99,121.35,,,0.01,127.35,,,0.23,6.5,0.29,60.0,0.22,0.22,0.092694,1776200392000
1776200394.168,294.168,0.77,6.5,0.71,50.0,0.99,116.35,,,0.01,121.35,,,0.23,6.5,0.29,50.0,0.22,0.22,0.092694,1776200392000
1776200395.2,295.2,0.99,883.65,0.78,201.29,,,,,0.01,116.35,,,0.23,6.5,0.29,50.0,,0.22,0.092693,1776200393000
1776200395.901,295.901,0.99,883.65,0.78,201.29,,,,,,,,,0.01,883.65,0.22,201.29,,,0.0927,1776200395000
1776200396.253,296.253,0.99,1055.76,0.77,6.5,,,,,,,,,0.01,883.65,0.22,201.29,,,0.0927,1776200395000
1776200397.026,297.026,0.99,1049.38,0.77,6.5,,,,,,,,,0.01,1049.38,0.23,6.5,,,0.092701,1776200396000
1776200398.176,298.176,0.99,1049.38,0.77,6.5,,,,,,,,,0.01,1049.38,0.23,6.5,,,0.092701,1776200397000
1776200399.293,299.293,0.99,1049.38,0.77,6.5,,,,,,,,,0.01,1049.38,0.23,6.5,,,0.092704,1776200398000
1776200400.359,300.359,0.99,1049.38,0.77,6.5,,,,,,,,,0.01,1049.38,0.23,6.5,,,0.092714,1776200399000
1776200400.928,300.928,0.99,1049.38,0.77,6.5,,,,,,,,,0.01,1049.38,0.23,6.5,,,0.092714,1776200400000

# RESULT,winner=Up,slug=doge-updown-5m-1776200100,ticks=321
