timestamp,elapsed_sec,up_bid_p1,up_bid_s1,up_bid_p2,up_bid_s2,up_ask_p1,up_ask_s1,up_ask_p2,up_ask_s2,down_bid_p1,down_bid_s1,down_bid_p2,down_bid_s2,down_ask_p1,down_ask_s1,down_ask_p2,down_ask_s2,up_spread,down_spread,doge_price,doge_oracle_ts
1776192001.353,1.353,,,,,,,,,,,,,,,,,,,0.093847,1776192000000
1776192001.677,1.677,0.5,15.56,0.49,6.0,0.65,14.0,0.75,290.84,0.35,14.0,0.25,290.84,0.5,13.44,0.51,6.0,0.15,0.15,0.093847,1776192000000
1776192002.164,2.164,0.5,13.44,0.49,6.0,0.65,14.0,0.75,290.84,0.35,14.0,0.25,290.84,0.5,13.44,0.51,6.0,0.15,0.15,0.093847,1776192000000
1776192003.655,3.655,0.5,13.44,0.49,6.0,0.65,14.0,0.75,290.84,0.35,14.0,0.25,290.84,0.5,13.44,0.51,6.0,0.15,0.15,0.093866,1776192002000
1776192004.283,4.283,0.5,13.44,0.49,6.0,0.65,14.0,0.75,290.84,0.35,14.0,0.25,290.84,0.5,13.44,0.51,6.0,0.15,0.15,0.093865,1776192003000
1776192005.382,5.382,0.5,13.44,0.49,6.0,0.65,14.0,0.75,290.84,0.35,14.0,0.25,290.84,0.5,13.44,0.51,6.0,0.15,0.15,0.093865,1776192004000
1776192006.018,6.018,0.5,13.44,0.49,6.0,0.65,14.0,0.75,290.84,0.35,14.0,0.25,290.84,0.5,13.44,0.51,6.0,0.15,0.15,0.093858,1776192005000
1776192006.992,6.992,0.5,13.44,0.49,11.0,0.75,25.84,0.79,750.0,0.35,14.0,0.25,290.84,0.5,13.44,0.51,6.0,0.25,0.15,0.093858,1776192005000
1776192007.2,7.2,0.5,13.44,0.49,11.0,0.75,25.84,0.79,750.0,0.25,25.84,0.21,750.0,0.5,13.44,0.51,11.0,0.25,0.25,0.093856,1776192006000
1776192008.004,8.004,0.51,43.87,0.5,13.44,0.58,5.0,0.59,5.0,0.25,25.84,0.21,750.0,0.5,13.44,0.51,11.0,0.07,0.25,0.093856,1776192006000
1776192008.337,8.337,0.51,43.87,0.5,13.44,0.58,5.0,0.59,5.0,0.42,5.0,0.41,5.0,0.49,43.87,0.5,13.44,0.07,0.07,0.093857,1776192007000
1776192008.931,8.931,0.51,43.87,0.5,13.44,0.58,4.5,0.59,5.0,0.42,5.0,0.41,5.0,0.49,43.87,0.5,13.44,0.07,0.07,0.093857,1776192007000
1776192009.196,9.196,0.51,33.87,0.5,13.44,0.79,355.0,0.81,50.0,0.41,5.0,0.21,750.0,0.49,33.87,0.5,13.44,0.28,0.08,0.093857,1776192007000
1776192009.552,9.552,0.51,33.87,0.5,13.44,0.79,355.0,0.81,50.0,0.21,355.0,0.19,50.0,0.49,33.87,0.5,13.44,0.28,0.28,0.093856,1776192008000
1776192010.0,10.0,0.51,33.87,0.5,13.44,0.79,355.0,0.81,50.0,0.21,355.0,0.19,50.0,0.49,33.87,0.5,13.44,0.28,0.28,0.093856,1776192009000
1776192011.203,11.203,0.51,33.87,0.5,13.44,0.79,355.0,0.81,50.0,0.21,355.0,0.19,50.0,0.49,33.87,0.5,13.44,0.28,0.28,0.093859,1776192010000
1776192012.405,12.405,0.51,33.87,0.5,13.44,0.79,355.0,0.81,50.0,0.21,355.0,0.19,50.0,0.49,33.87,0.5,13.44,0.28,0.28,0.093862,1776192011000
1776192013.025,13.025,0.51,33.87,0.5,13.44,0.79,355.0,0.81,50.0,0.21,355.0,0.19,50.0,0.49,33.87,0.5,13.44,0.28,0.28,0.093866,1776192012000
1776192013.572,13.572,0.5,10.68,0.49,11.0,0.62,33.0,0.63,10.0,0.21,355.0,0.19,50.0,0.49,33.87,0.5,13.44,0.12,0.28,0.093866,1776192012000
1776192014.058,14.058,0.5,10.68,0.49,11.0,0.62,33.0,0.63,10.0,0.38,33.0,0.37,10.0,0.5,10.68,0.51,11.0,0.12,0.12,0.093858,1776192013000
1776192014.527,14.527,0.5,10.68,0.49,11.0,0.62,18.0,0.63,20.0,0.38,33.0,0.37,10.0,0.5,10.68,0.51,11.0,0.12,0.12,0.093858,1776192013000
1776192014.906,14.906,0.5,10.68,0.49,11.0,0.93,2973.0,0.94,4550.0,0.38,18.0,0.37,20.0,0.5,10.68,0.51,11.0,0.43,0.12,0.093858,1776192013000
1776192015.127,15.127,0.5,10.68,0.49,11.0,0.93,2973.0,0.94,4550.0,0.07,2973.0,0.06,4550.0,0.5,10.68,0.51,11.0,0.43,0.43,0.093855,1776192014000
1776192015.332,15.332,0.71,35.0,0.61,50.0,0.93,3180.0,0.94,4550.0,0.07,3180.0,0.06,4550.0,0.29,42.0,0.39,50.0,0.22,0.22,0.093855,1776192014000
1776192016.27,16.27,0.71,35.0,0.61,50.0,0.93,3180.0,0.94,4550.0,0.07,3180.0,0.06,4550.0,0.29,35.0,0.39,50.0,0.22,0.22,0.093844,1776192015000
1776192016.501,16.501,0.61,31.71,0.51,50.0,0.65,14.0,0.72,10.0,0.07,3180.0,0.06,4550.0,0.29,35.0,0.39,50.0,0.04,0.22,0.093844,1776192015000
1776192017.083,17.083,0.61,31.71,0.51,50.0,0.95,6133.0,0.96,9100.0,0.35,14.0,0.28,10.0,0.39,31.71,0.49,50.0,0.34,0.04,0.093844,1776192015000
1776192017.429,17.429,0.71,20.0,0.61,31.71,0.77,10.0,0.95,6133.0,0.05,6133.0,0.04,9100.0,0.39,31.71,0.49,50.0,0.06,0.34,0.093844,1776192015000
1776192018.164,18.164,0.71,53.0,0.61,31.71,0.76,20.0,0.82,10.0,0.23,10.0,0.05,6133.0,0.29,20.0,0.39,31.71,0.05,0.06,0.093844,1776192016000
1776192018.506,18.506,0.71,37.92,0.61,31.71,0.72,17.0,0.95,6033.0,0.24,20.0,0.18,10.0,0.29,53.0,0.39,31.71,0.01,0.05,0.093854,1776192017000
1776192019.295,19.295,0.71,87.92,0.61,31.71,0.72,11.93,0.95,6033.0,0.28,11.93,0.05,6033.0,0.29,87.92,0.39,31.71,0.01,0.01,0.093859,1776192018000
1776192020.267,20.267,0.71,87.92,0.61,31.71,0.72,11.93,0.95,6033.0,0.28,11.93,0.05,6033.0,0.29,87.92,0.39,31.71,0.01,0.01,0.093881,1776192019000
1776192021.93,21.93,0.71,87.92,0.61,31.71,0.72,11.93,0.95,6033.0,0.28,11.93,0.05,6033.0,0.29,87.92,0.39,31.71,0.01,0.01,0.093883,1776192021000
1776192022.989,22.989,0.71,87.92,0.61,31.71,0.72,11.93,0.95,6033.0,0.28,11.93,0.05,6033.0,0.29,87.92,0.39,31.71,0.01,0.01,0.093888,1776192022000
1776192024.094,24.094,0.71,87.92,0.61,31.71,0.96,32.0,0.97,12125.0,0.04,32.0,0.03,12125.0,0.29,87.92,0.39,31.71,0.25,0.25,0.093891,1776192023000
1776192025.085,25.085,0.71,87.92,0.61,31.71,0.97,12064.8,0.98,15412.69,0.04,32.0,0.03,12125.0,0.29,87.92,0.39,31.71,0.26,0.25,0.093891,1776192023000
1776192026.119,26.119,0.71,87.92,0.61,31.71,0.97,12064.8,0.98,15412.69,0.03,12064.8,0.02,15412.69,0.29,87.92,0.39,31.71,0.26,0.26,0.093887,1776192025000
1776192027.19,27.19,0.71,87.92,0.61,31.71,0.97,12064.8,0.98,15412.69,0.03,12064.8,0.02,15412.69,0.29,87.92,0.39,31.71,0.26,0.26,0.093886,1776192026000
1776192028.391,28.391,0.71,87.92,0.61,31.71,0.97,12064.8,0.98,15412.69,0.03,12064.8,0.02,15412.69,0.29,87.92,0.39,31.71,0.26,0.26,0.093882,1776192027000
1776192029.398,29.398,0.71,87.92,0.61,31.71,0.97,12064.8,0.98,15412.69,0.03,12064.8,0.02,15412.69,0.29,87.92,0.39,31.71,0.26,0.26,0.093881,1776192028000
1776192029.933,29.933,0.71,87.92,0.61,31.71,0.97,12064.8,0.98,15412.69,0.03,12064.8,0.02,15412.69,0.29,87.92,0.39,31.71,0.26,0.26,0.093881,1776192029000
1776192031.007,31.007,0.71,87.92,0.61,31.71,0.97,12064.8,0.98,15412.69,0.03,12064.8,0.02,15412.69,0.29,87.92,0.39,31.71,0.26,0.26,0.093881,1776192030000
1776192032.566,32.566,0.71,87.92,0.61,31.71,0.97,12064.8,0.98,15412.69,0.03,12064.8,0.02,15412.69,0.29,87.92,0.39,31.71,0.26,0.26,0.093883,1776192031000
1776192033.148,33.148,0.71,87.92,0.61,31.71,0.97,12064.8,0.98,15412.69,0.03,12064.8,0.02,15412.69,0.29,87.92,0.39,31.71,0.26,0.26,0.093883,1776192032000
1776192034.28,34.28,0.71,87.92,0.61,31.71,0.97,12064.8,0.98,15412.69,0.03,12064.8,0.02,15412.69,0.29,87.92,0.39,31.71,0.26,0.26,0.093894,1776192033000
1776192034.962,34.962,0.71,87.92,0.61,31.71,0.94,20.09,0.95,54.7,0.03,12064.8,0.02,15412.69,0.29,87.92,0.39,31.71,0.23,0.26,0.093894,1776192033000
1776192035.258,35.258,0.71,87.92,0.61,31.71,0.94,20.09,0.95,54.7,0.06,20.09,0.05,54.7,0.29,87.92,0.39,31.71,0.23,0.23,0.093894,1776192034000
1776192036.331,36.331,0.71,87.92,0.61,31.71,0.94,20.09,0.95,54.7,0.06,20.09,0.05,54.7,0.29,87.92,0.39,31.71,0.23,0.23,0.093907,1776192035000
1776192036.958,36.958,0.71,87.92,0.61,31.71,0.98,252.38,0.99,6817.6,0.06,20.09,0.05,54.7,0.29,87.92,0.39,31.71,0.27,0.23,0.093907,1776192035000
1776192037.35,37.35,0.71,87.92,0.61,31.71,0.98,252.38,0.99,6817.6,0.02,252.38,0.01,6817.6,0.29,87.92,0.39,31.71,0.27,0.27,0.093903,1776192036000
1776192038.432,38.432,0.71,87.92,0.61,31.71,0.98,252.38,0.99,6817.6,0.02,252.38,0.01,6817.6,0.29,87.92,0.39,31.71,0.27,0.27,0.09391,1776192037000
1776192038.987,38.987,0.71,87.92,0.61,31.71,0.98,252.38,0.99,6817.6,0.02,252.38,0.01,6817.6,0.29,87.92,0.39,31.71,0.27,0.27,0.093905,1776192038000
1776192040.014,40.014,0.71,87.92,0.61,31.71,0.98,252.38,0.99,6817.6,0.02,252.38,0.01,6817.6,0.29,87.92,0.39,31.71,0.27,0.27,0.093917,1776192039000
1776192041.015,41.015,0.71,87.92,0.61,31.71,0.98,252.38,0.99,6817.6,0.02,252.38,0.01,6817.6,0.29,87.92,0.39,31.71,0.27,0.27,0.093908,1776192040000
1776192042.098,42.098,0.71,87.92,0.61,31.71,0.98,252.38,0.99,6817.6,0.02,252.38,0.01,6817.6,0.29,87.92,0.39,31.71,0.27,0.27,0.093911,1776192041000
1776192043.072,43.072,0.71,87.92,0.7,16.0,0.75,18.66,0.76,10.0,0.02,252.38,0.01,6817.6,0.29,87.92,0.39,31.71,0.04,0.27,0.093911,1776192041000
1776192044.164,44.164,0.71,87.92,0.7,16.0,0.75,18.66,0.76,10.0,0.25,18.66,0.24,10.0,0.29,87.92,0.3,16.0,0.04,0.04,0.093911,1776192043000
1776192045.164,45.164,0.71,87.92,0.7,16.0,0.75,18.66,0.76,10.0,0.25,18.66,0.24,10.0,0.29,87.92,0.3,16.0,0.04,0.04,0.093913,1776192044000
1776192046.331,46.331,0.71,87.92,0.7,16.0,0.75,18.66,0.76,10.0,0.25,18.66,0.24,10.0,0.29,87.92,0.3,16.0,0.04,0.04,0.093913,1776192045000
1776192046.934,46.934,0.71,87.92,0.7,16.0,0.98,152.44,0.99,6892.6,0.25,18.66,0.24,10.0,0.29,87.92,0.3,16.0,0.27,0.04,0.093913,1776192045000
1776192048.029,48.029,0.71,87.92,0.7,16.0,0.98,152.44,0.99,6892.6,0.02,152.44,0.01,6892.6,0.29,87.92,0.3,16.0,0.27,0.27,0.093912,1776192047000
1776192049.189,49.189,0.71,87.92,0.7,16.0,0.98,152.44,0.99,6892.6,0.02,152.44,0.01,6892.6,0.29,87.92,0.3,16.0,0.27,0.27,0.093899,1776192048000
1776192050.357,50.357,0.81,25.0,0.71,87.92,0.98,776.44,0.99,6892.6,0.02,776.44,0.01,6892.6,0.19,25.0,0.29,87.92,0.17,0.17,0.093905,1776192049000
1776192051.39,51.39,0.81,25.0,0.71,87.92,0.98,776.44,0.99,6892.6,0.02,776.44,0.01,6892.6,0.19,25.0,0.29,87.92,0.17,0.17,0.093913,1776192050000
1776192051.826,51.826,0.81,15.0,0.71,54.92,0.82,10.0,0.83,39.0,0.02,776.44,0.01,6892.6,0.19,25.0,0.29,87.92,0.01,0.17,0.093913,1776192050000
1776192052.123,52.123,0.81,9.73,0.71,54.92,0.82,10.0,0.83,39.0,0.18,10.0,0.17,39.0,0.19,15.0,0.29,54.92,0.01,0.01,0.093913,1776192051000
1776192052.352,52.352,0.81,4.73,0.73,18.0,0.82,10.0,0.83,39.0,0.18,10.0,0.17,39.0,0.19,9.73,0.29,54.92,0.01,0.01,0.093913,1776192051000
1776192053.102,53.102,0.81,4.73,0.73,18.0,0.82,10.0,0.83,39.0,0.18,10.0,0.17,39.0,0.19,4.73,0.27,18.0,0.01,0.01,0.093919,1776192052000
1776192053.823,53.823,0.71,37.92,0.7,16.0,0.82,88.0,0.91,50.0,0.18,10.0,0.17,39.0,0.19,4.73,0.27,18.0,0.11,0.01,0.093919,1776192052000
1776192054.291,54.291,0.71,37.92,0.7,16.0,0.82,88.0,0.91,50.0,0.18,88.0,0.09,50.0,0.29,37.92,0.3,16.0,0.11,0.11,0.093921,1776192053000
1776192055.347,55.347,0.71,37.92,0.7,16.0,0.82,88.0,0.91,50.0,0.18,88.0,0.09,50.0,0.29,37.92,0.3,16.0,0.11,0.11,0.0939,1776192054000
1776192055.923,55.923,0.71,37.92,0.7,16.0,0.82,88.0,0.91,50.0,0.18,88.0,0.09,50.0,0.29,37.92,0.3,16.0,0.11,0.11,0.093888,1776192055000
1776192056.988,56.988,0.71,37.92,0.7,16.0,0.82,88.0,0.91,50.0,0.18,88.0,0.09,50.0,0.29,37.92,0.3,16.0,0.11,0.11,0.093888,1776192056000
1776192058.101,58.101,0.71,37.92,0.7,16.0,0.82,88.0,0.91,50.0,0.18,88.0,0.09,50.0,0.29,37.92,0.3,16.0,0.11,0.11,0.093883,1776192057000
1776192059.235,59.235,0.71,37.92,0.7,16.0,0.82,88.0,0.91,50.0,0.18,88.0,0.09,50.0,0.29,37.92,0.3,16.0,0.11,0.11,0.093882,1776192058000
1776192060.884,60.884,0.71,37.92,0.7,16.0,0.82,88.0,0.91,50.0,0.18,88.0,0.09,50.0,0.29,37.92,0.3,16.0,0.11,0.11,0.093883,1776192059000
1776192061.541,61.541,0.71,37.92,0.7,16.0,0.82,88.0,0.91,50.0,0.18,88.0,0.09,50.0,0.29,37.92,0.3,16.0,0.11,0.11,0.093884,1776192060000
1776192062.713,62.713,0.71,37.92,0.7,16.0,0.82,88.0,0.91,50.0,0.18,88.0,0.09,50.0,0.29,37.92,0.3,16.0,0.11,0.11,0.093884,1776192061000
1776192063.478,63.478,0.71,20.0,0.7,16.0,0.75,79.0,0.77,5.0,0.25,79.0,0.23,5.0,0.29,20.0,0.3,16.0,0.04,0.04,0.093878,1776192062000
1776192063.818,63.818,0.71,16.37,0.7,16.0,0.72,64.0,0.75,20.0,0.25,79.0,0.23,5.0,0.29,20.0,0.3,16.0,0.01,0.04,0.093878,1776192062000
1776192064.043,64.043,0.71,6.19,0.7,16.0,0.72,64.0,0.75,20.0,0.28,64.0,0.25,20.0,0.29,11.37,0.3,16.0,0.01,0.01,0.093878,1776192062000
1776192064.685,64.685,0.62,13.0,0.5,15.68,0.72,54.0,0.73,18.0,0.28,64.0,0.25,20.0,0.29,6.19,0.3,16.0,0.1,0.01,0.093874,1776192063000
1776192065.471,65.471,0.62,13.0,0.5,15.68,0.72,54.0,0.73,18.0,0.28,54.0,0.27,18.0,0.38,13.0,0.5,15.68,0.1,0.1,0.093864,1776192064000
1776192066.084,66.084,0.62,13.0,0.5,15.68,0.72,54.0,0.73,18.0,0.28,54.0,0.27,18.0,0.38,13.0,0.5,15.68,0.1,0.1,0.093854,1776192065000
1776192067.448,67.448,0.62,13.0,0.5,15.68,0.72,54.0,0.73,18.0,0.28,54.0,0.27,18.0,0.38,13.0,0.5,15.68,0.1,0.1,0.093842,1776192066000
1776192068.066,68.066,0.62,13.0,0.5,15.68,0.72,54.0,0.73,18.0,0.28,54.0,0.27,18.0,0.38,13.0,0.5,15.68,0.1,0.1,0.093842,1776192067000
1776192069.691,69.691,0.62,13.0,0.5,15.68,0.72,54.0,0.73,18.0,0.28,54.0,0.27,18.0,0.38,13.0,0.5,15.68,0.1,0.1,0.093864,1776192068000
1776192070.272,70.272,0.62,13.0,0.5,15.68,0.72,54.0,0.73,18.0,0.28,54.0,0.27,18.0,0.38,13.0,0.5,15.68,0.1,0.1,0.093864,1776192069000
1776192071.612,71.612,0.62,13.0,0.5,15.68,0.72,54.0,0.73,18.0,0.28,54.0,0.27,18.0,0.38,13.0,0.5,15.68,0.1,0.1,0.093867,1776192070000
1776192072.218,72.218,0.62,13.0,0.5,15.68,0.72,54.0,0.73,18.0,0.28,54.0,0.27,18.0,0.38,13.0,0.5,15.68,0.1,0.1,0.093867,1776192071000
1776192073.67,73.67,0.62,13.0,0.5,15.68,0.72,54.0,0.73,18.0,0.28,54.0,0.27,18.0,0.38,13.0,0.5,15.68,0.1,0.1,0.093866,1776192072000
1776192074.33,74.33,0.62,13.0,0.5,15.68,0.72,54.0,0.73,18.0,0.28,54.0,0.27,18.0,0.38,13.0,0.5,15.68,0.1,0.1,0.093884,1776192073000
1776192075.618,75.618,0.62,13.0,0.5,15.68,0.72,54.0,0.73,18.0,0.28,54.0,0.27,18.0,0.38,13.0,0.5,15.68,0.1,0.1,0.093905,1776192074000
1776192076.341,76.341,0.62,13.0,0.5,15.68,0.72,54.0,0.73,18.0,0.28,54.0,0.27,18.0,0.38,13.0,0.5,15.68,0.1,0.1,0.093905,1776192075000
1776192077.638,77.638,0.62,13.0,0.5,15.68,0.72,54.0,0.73,18.0,0.28,54.0,0.27,18.0,0.38,13.0,0.5,15.68,0.1,0.1,0.093904,1776192076000
1776192078.781,78.781,0.62,13.0,0.5,15.68,0.72,54.0,0.73,18.0,0.28,54.0,0.27,18.0,0.38,13.0,0.5,15.68,0.1,0.1,0.093894,1776192077000
1776192079.221,79.221,0.62,13.0,0.5,15.68,0.72,54.0,0.73,18.0,0.28,54.0,0.27,18.0,0.38,13.0,0.5,15.68,0.1,0.1,0.093887,1776192078000
1776192080.457,80.457,0.62,13.0,0.5,15.68,0.72,54.0,0.73,18.0,0.28,54.0,0.27,18.0,0.38,13.0,0.5,15.68,0.1,0.1,0.093886,1776192079000
1776192081.069,81.069,0.62,13.0,0.5,15.68,0.72,54.0,0.73,18.0,0.28,54.0,0.27,18.0,0.38,13.0,0.5,15.68,0.1,0.1,0.09389,1776192080000
1776192082.231,82.231,0.62,13.0,0.5,15.68,0.72,54.0,0.73,18.0,0.28,54.0,0.27,18.0,0.38,13.0,0.5,15.68,0.1,0.1,0.09391,1776192081000
1776192083.37,83.37,0.62,13.0,0.5,15.68,0.72,54.0,0.73,18.0,0.28,54.0,0.27,18.0,0.38,13.0,0.5,15.68,0.1,0.1,0.093914,1776192082000
1776192083.931,83.931,0.62,13.0,0.5,15.68,0.72,54.0,0.73,18.0,0.28,54.0,0.27,18.0,0.38,13.0,0.5,15.68,0.1,0.1,0.093918,1776192083000
1776192084.835,84.835,0.69,16.0,0.68,16.19,0.99,6637.6,,,0.28,54.0,0.27,18.0,0.38,13.0,0.5,15.68,0.3,0.1,0.093918,1776192083000
1776192085.205,85.205,0.69,16.0,0.68,16.19,0.99,6637.6,,,0.01,6637.6,,,0.31,16.0,0.32,16.19,0.3,0.3,0.09392,1776192084000
1776192086.319,86.319,0.69,16.0,0.68,16.19,0.99,6637.6,,,0.01,6637.6,,,0.31,16.0,0.32,16.19,0.3,0.3,0.093922,1776192085000
1776192086.736,86.736,0.71,50.0,0.7,16.19,0.99,6292.6,,,0.01,6637.6,,,0.31,16.0,0.32,16.19,0.28,0.3,0.093922,1776192085000
1776192087.561,87.561,0.71,50.0,0.7,16.19,0.99,6292.6,,,0.01,6292.6,,,0.29,50.0,0.3,16.19,0.28,0.28,0.09392,1776192086000
1776192088.079,88.079,0.71,50.0,0.7,16.19,0.99,6292.6,,,0.01,6292.6,,,0.29,50.0,0.3,16.19,0.28,0.28,0.09392,1776192087000
1776192089.339,89.339,0.71,50.0,0.7,16.19,0.99,6292.6,,,0.01,6292.6,,,0.29,50.0,0.3,16.19,0.28,0.28,0.093917,1776192088000
1776192090.508,90.508,0.71,50.0,0.7,16.19,0.99,6292.6,,,0.01,6292.6,,,0.29,50.0,0.3,16.19,0.28,0.28,0.093917,1776192089000
1776192091.068,91.068,0.71,50.0,0.7,16.19,0.99,6292.6,,,0.01,6292.6,,,0.29,50.0,0.3,16.19,0.28,0.28,0.093917,1776192090000
1776192092.325,92.325,0.71,50.0,0.7,16.19,0.99,6292.6,,,0.01,6292.6,,,0.29,50.0,0.3,16.19,0.28,0.28,0.093914,1776192091000
1776192092.889,92.889,0.71,66.19,0.69,16.0,0.99,5692.6,,,0.01,6292.6,,,0.29,50.0,0.3,16.19,0.28,0.28,0.093914,1776192091000
1776192094.048,94.048,0.71,66.19,0.69,16.0,0.99,5692.6,,,0.01,5692.6,,,0.29,66.19,0.31,16.0,0.28,0.28,0.093917,1776192092000
1776192094.7,94.7,0.71,66.19,0.69,16.0,0.99,5692.6,,,0.01,5692.6,,,0.29,66.19,0.31,16.0,0.28,0.28,0.093916,1776192093000
1776192095.371,95.371,0.71,66.19,0.69,16.0,0.99,5692.6,,,0.01,5692.6,,,0.29,66.19,0.31,16.0,0.28,0.28,0.093918,1776192094000
1776192096.714,96.714,0.71,66.19,0.69,16.0,0.99,5692.6,,,0.01,5692.6,,,0.29,66.19,0.31,16.0,0.28,0.28,0.093918,1776192095000
1776192097.252,97.252,0.71,66.19,0.69,16.0,0.99,5692.6,,,0.01,5692.6,,,0.29,66.19,0.31,16.0,0.28,0.28,0.093918,1776192096000
1776192098.801,98.801,0.71,66.19,0.69,16.0,0.99,5357.6,,,0.01,5692.6,,,0.29,66.19,0.31,16.0,0.28,0.28,0.093918,1776192096000
1776192099.401,99.401,0.71,66.19,0.69,16.0,0.99,5357.6,,,0.01,5357.6,,,0.29,66.19,0.31,16.0,0.28,0.28,0.093924,1776192098000
1776192100.073,100.073,0.71,66.19,0.69,16.0,0.99,5357.6,,,0.01,5357.6,,,0.29,66.19,0.31,16.0,0.28,0.28,0.093924,1776192099000
1776192100.929,100.929,0.71,66.19,0.69,16.0,0.99,4957.6,,,0.01,5357.6,,,0.29,66.19,0.31,16.0,0.28,0.28,0.093924,1776192099000
1776192101.282,101.282,0.71,66.19,0.69,16.0,0.99,4957.6,,,0.01,4957.6,,,0.29,66.19,0.31,16.0,0.28,0.28,0.093924,1776192100000
1776192102.017,102.017,0.71,66.19,0.69,16.0,0.99,4957.6,,,0.01,4957.6,,,0.29,66.19,0.31,16.0,0.28,0.28,0.093924,1776192101000
1776192103.625,103.625,0.71,66.19,0.69,16.0,0.99,4957.6,,,0.01,4957.6,,,0.29,66.19,0.31,16.0,0.28,0.28,0.093924,1776192102000
1776192104.301,104.301,0.71,66.19,0.69,16.0,0.99,4957.6,,,0.01,4957.6,,,0.29,66.19,0.31,16.0,0.28,0.28,0.093924,1776192103000
1776192105.707,105.707,0.71,66.19,0.69,16.0,0.99,4957.6,,,0.01,4957.6,,,0.29,66.19,0.31,16.0,0.28,0.28,0.09393,1776192104000
1776192106.341,106.341,0.71,66.19,0.69,16.0,0.99,4957.6,,,0.01,4957.6,,,0.29,66.19,0.31,16.0,0.28,0.28,0.09393,1776192105000
1776192106.706,106.706,0.71,66.19,0.69,16.0,0.93,48.04,0.99,4957.6,0.01,4957.6,,,0.29,66.19,0.31,16.0,0.22,0.28,0.09393,1776192105000
1776192107.007,107.007,0.71,66.19,0.69,16.0,0.99,4605.64,,,0.01,4605.64,,,0.29,66.19,0.31,16.0,0.28,0.28,0.093932,1776192106000
1776192108.494,108.494,0.71,66.19,0.69,16.0,0.99,4605.64,,,0.01,4605.64,,,0.29,66.19,0.31,16.0,0.28,0.28,0.093931,1776192107000
1776192108.834,108.834,0.71,50.0,0.69,16.0,0.99,4303.64,,,0.01,4605.64,,,0.29,66.19,0.31,16.0,0.28,0.28,0.093931,1776192107000
1776192109.162,109.162,0.71,50.0,0.69,16.0,0.99,4303.64,,,0.01,4303.64,,,0.29,50.0,0.31,16.0,0.28,0.28,0.093931,1776192108000
1776192110.376,110.376,0.71,50.0,0.69,16.0,0.99,4303.64,,,0.01,4303.64,,,0.29,50.0,0.31,16.0,0.28,0.28,0.093919,1776192109000
1776192111.545,111.545,0.69,11.0,0.65,39.63,0.89,9.1,0.91,50.0,0.11,9.1,0.09,50.0,0.31,11.0,0.35,39.63,0.2,0.2,0.093913,1776192110000
1776192112.503,112.503,0.69,6.0,0.65,39.63,0.82,10.0,0.89,9.1,0.11,9.1,0.09,50.0,0.31,11.0,0.35,39.63,0.13,0.2,0.093913,1776192110000
1776192113.042,113.042,0.69,6.0,0.65,39.63,0.82,10.0,0.89,9.1,0.18,10.0,0.11,9.1,0.31,6.0,0.35,39.63,0.13,0.13,0.093913,1776192111000
1776192113.778,113.778,0.69,6.0,0.65,39.63,0.82,10.0,0.89,9.1,0.18,10.0,0.11,9.1,0.31,6.0,0.35,39.63,0.13,0.13,0.093907,1776192112000
1776192114.671,114.671,0.69,6.0,0.65,39.63,0.82,10.0,0.89,9.1,0.18,10.0,0.11,9.1,0.31,6.0,0.35,39.63,0.13,0.13,0.093908,1776192113000
1776192115.311,115.311,0.71,50.0,0.69,6.0,0.99,5101.74,,,0.01,5101.74,,,0.29,50.0,0.31,6.0,0.28,0.28,0.093909,1776192114000
1776192116.69,116.69,0.71,50.0,0.69,6.0,0.99,5101.74,,,0.01,5101.74,,,0.29,50.0,0.31,6.0,0.28,0.28,0.093909,1776192115000
1776192116.904,116.904,0.71,50.0,0.69,22.19,0.99,4756.74,,,0.01,5101.74,,,0.29,50.0,0.31,6.0,0.28,0.28,0.093909,1776192115000
1776192117.437,117.437,0.71,50.0,0.69,22.19,0.99,4756.74,,,0.01,4756.74,,,0.29,50.0,0.31,22.19,0.28,0.28,0.093921,1776192116000
1776192118.269,118.269,0.71,50.0,0.69,22.19,0.99,4756.74,,,0.01,4756.74,,,0.29,50.0,0.31,22.19,0.28,0.28,0.093921,1776192117000
1776192119.906,119.906,0.71,50.0,0.69,22.19,0.99,4756.74,,,0.01,4756.74,,,0.29,50.0,0.31,22.19,0.28,0.28,0.093925,1776192118000
1776192120.723,120.723,0.71,50.0,0.69,22.19,0.99,4756.74,,,0.01,4756.74,,,0.29,50.0,0.31,22.19,0.28,0.28,0.093921,1776192119000
1776192121.68,121.68,0.71,50.0,0.69,22.19,0.99,4756.74,,,0.01,4756.74,,,0.29,50.0,0.31,22.19,0.28,0.28,0.093921,1776192120000
1776192122.317,122.317,0.71,50.0,0.69,22.19,0.99,4756.74,,,0.01,4756.74,,,0.29,50.0,0.31,22.19,0.28,0.28,0.093922,1776192121000
1776192123.237,123.237,0.71,50.0,0.69,22.19,0.99,4756.74,,,0.01,4756.74,,,0.29,50.0,0.31,22.19,0.28,0.28,0.093922,1776192122000
1776192124.749,124.749,0.71,50.0,0.69,22.19,0.99,4756.74,,,0.01,4756.74,,,0.29,50.0,0.31,22.19,0.28,0.28,0.093925,1776192123000
1776192125.111,125.111,0.71,66.19,0.69,6.0,0.94,81.93,0.99,4856.74,0.01,4756.74,,,0.29,50.0,0.31,22.19,0.23,0.28,0.093925,1776192123000
1776192125.59,125.59,0.71,66.19,0.69,6.0,0.94,81.93,0.99,4856.74,0.06,81.93,0.01,4856.74,0.29,66.19,0.31,6.0,0.23,0.23,0.093925,1776192124000
1776192126.338,126.338,0.71,66.19,0.69,6.0,0.94,81.93,0.99,4856.74,0.06,81.93,0.01,4856.74,0.29,66.19,0.31,6.0,0.23,0.23,0.093929,1776192125000
1776192126.729,126.729,0.71,66.19,0.69,6.0,0.99,4538.67,,,0.06,81.93,0.01,4856.74,0.29,66.19,0.31,6.0,0.28,0.23,0.093929,1776192125000
1776192127.141,127.141,0.71,66.19,0.69,6.0,0.99,4538.67,,,0.01,4538.67,,,0.29,66.19,0.31,6.0,0.28,0.28,0.093927,1776192126000
1776192128.682,128.682,0.71,66.19,0.69,6.0,0.99,4538.67,,,0.01,4538.67,,,0.29,66.19,0.31,6.0,0.28,0.28,0.093926,1776192127000
1776192129.495,129.495,0.81,50.0,0.76,16.19,0.99,4376.07,,,0.01,4376.07,,,0.19,50.0,0.24,16.19,0.18,0.18,0.093926,1776192128000
1776192130.239,130.239,0.81,50.0,0.76,16.19,0.99,4376.07,,,0.01,4376.07,,,0.19,50.0,0.24,16.19,0.18,0.18,0.093928,1776192129000
1776192131.262,131.262,0.81,26.56,0.79,16.19,0.99,3876.07,,,0.01,4376.07,,,0.19,50.0,0.24,16.19,0.18,0.18,0.093928,1776192129000
1776192132.146,132.146,0.81,26.56,0.79,16.19,0.99,3876.07,,,0.01,3876.07,,,0.19,26.56,0.21,16.19,0.18,0.18,0.093949,1776192130000
1776192132.639,132.639,0.81,26.56,0.79,16.19,0.99,3876.07,,,0.01,3876.07,,,0.19,26.56,0.21,16.19,0.18,0.18,0.093947,1776192131000
1776192133.133,133.133,0.81,26.56,0.79,16.19,0.99,3876.07,,,0.01,3876.07,,,0.19,26.56,0.21,16.19,0.18,0.18,0.093947,1776192132000
1776192134.283,134.283,0.81,26.56,0.79,16.19,0.99,3876.07,,,0.01,3876.07,,,0.19,26.56,0.21,16.19,0.18,0.18,0.093961,1776192133000
1776192134.841,134.841,0.81,26.56,0.79,16.19,0.99,2376.07,,,0.01,3876.07,,,0.19,26.56,0.21,16.19,0.18,0.18,0.093961,1776192133000
1776192135.252,135.252,0.81,26.56,0.79,16.19,0.99,2376.07,,,0.01,2376.07,,,0.19,26.56,0.21,16.19,0.18,0.18,0.093961,1776192134000
1776192136.45,136.45,0.81,26.56,0.79,16.19,0.99,2376.07,,,0.01,2376.07,,,0.19,26.56,0.21,16.19,0.18,0.18,0.093958,1776192135000
1776192136.792,136.792,0.81,26.56,0.77,16.19,0.99,1976.07,,,0.01,2376.07,,,0.19,26.56,0.21,16.19,0.18,0.18,0.093958,1776192135000
1776192137.305,137.305,0.81,26.56,0.77,16.19,0.99,1976.07,,,0.01,1976.07,,,0.19,26.56,0.23,16.19,0.18,0.18,0.093955,1776192136000
1776192138.316,138.316,0.81,26.56,0.77,16.19,0.99,1976.07,,,0.01,1976.07,,,0.19,26.56,0.23,16.19,0.18,0.18,0.093955,1776192137000
1776192138.838,138.838,0.81,26.56,0.77,16.19,0.99,1976.07,,,0.01,1976.07,,,0.19,26.56,0.23,16.19,0.18,0.18,0.093949,1776192138000
1776192139.95,139.95,0.81,26.56,0.77,16.19,0.99,1976.07,,,0.01,1976.07,,,0.19,26.56,0.23,16.19,0.18,0.18,0.093939,1776192139000
1776192140.904,140.904,0.81,26.56,0.77,16.19,0.99,1976.07,,,0.01,1976.07,,,0.19,26.56,0.23,16.19,0.18,0.18,0.093939,1776192140000
1776192142.024,142.024,0.81,26.56,0.77,16.19,0.99,1976.07,,,0.01,1976.07,,,0.19,26.56,0.23,16.19,0.18,0.18,0.093936,1776192141000
1776192142.798,142.798,0.89,45.0,0.71,50.0,0.97,35.0,0.99,1099.67,0.01,1976.07,,,0.19,26.56,0.23,16.19,0.08,0.18,0.093936,1776192141000
1776192144.012,144.012,0.89,45.0,0.71,50.0,0.97,35.0,0.99,1099.67,0.03,35.0,0.01,1099.67,0.11,45.0,0.29,50.0,0.08,0.08,0.093912,1776192143000
1776192145.467,145.467,0.89,45.0,0.71,50.0,0.97,35.0,0.99,1099.67,0.03,35.0,0.01,1099.67,0.11,45.0,0.29,50.0,0.08,0.08,0.093912,1776192144000
1776192146.116,146.116,0.89,45.0,0.71,50.0,0.97,35.0,0.99,1099.67,0.03,35.0,0.01,1099.67,0.11,45.0,0.29,50.0,0.08,0.08,0.093911,1776192145000
1776192147.194,147.194,0.89,45.0,0.71,50.0,0.97,35.0,0.99,1099.67,0.03,35.0,0.01,1099.67,0.11,45.0,0.29,50.0,0.08,0.08,0.093909,1776192146000
1776192148.348,148.348,0.89,45.0,0.71,50.0,0.97,35.0,0.99,1099.67,0.03,35.0,0.01,1099.67,0.11,45.0,0.29,50.0,0.08,0.08,0.093914,1776192147000
1776192148.896,148.896,0.89,45.0,0.71,50.0,0.97,35.0,0.99,1099.67,0.03,35.0,0.01,1099.67,0.11,45.0,0.29,50.0,0.08,0.08,0.093914,1776192148000
1776192149.932,149.932,0.89,45.0,0.71,50.0,0.97,35.0,0.99,1099.67,0.03,35.0,0.01,1099.67,0.11,45.0,0.29,50.0,0.08,0.08,0.093914,1776192149000
1776192151.097,151.097,0.89,45.0,0.71,50.0,0.97,35.0,0.99,1099.67,0.03,35.0,0.01,1099.67,0.11,45.0,0.29,50.0,0.08,0.08,0.09391,1776192150000
1776192152.251,152.251,0.89,45.0,0.71,50.0,0.97,35.0,0.99,1099.67,0.03,35.0,0.01,1099.67,0.11,45.0,0.29,50.0,0.08,0.08,0.09391,1776192151000
1776192152.927,152.927,0.51,24.03,0.5,26.08,0.97,508.0,0.99,2199.67,0.03,35.0,0.01,1099.67,0.11,45.0,0.29,50.0,0.46,0.08,0.09391,1776192151000
1776192153.476,153.476,0.51,24.03,0.5,26.08,0.97,508.0,0.99,2199.67,0.03,508.0,0.01,2199.67,0.49,24.03,0.5,26.08,0.46,0.46,0.093906,1776192152000
1776192154.022,154.022,0.51,24.03,0.5,26.08,0.97,508.0,0.99,2199.67,0.03,508.0,0.01,2199.67,0.49,24.03,0.5,26.08,0.46,0.46,0.093906,1776192153000
1776192154.709,154.709,0.24,3.15,0.23,14.7,0.71,50.0,0.75,5.0,0.03,508.0,0.01,2199.67,0.49,24.03,0.5,26.08,0.47,0.46,0.093906,1776192153000
1776192155.055,155.055,0.41,10.7,0.24,3.15,0.51,32.0,0.61,50.0,0.29,50.0,0.25,5.0,0.76,3.15,0.77,14.7,0.1,0.47,0.093906,1776192153000
1776192155.39,155.39,0.5,5.0,0.42,10.0,0.51,27.0,0.61,50.0,0.49,32.0,0.39,50.0,0.59,10.7,0.76,3.15,0.01,0.1,0.093907,1776192154000
1776192155.787,155.787,0.5,46.9,0.42,10.7,0.51,2.72,0.61,50.0,0.49,7.82,0.39,50.0,0.5,41.9,0.58,10.7,0.01,0.01,0.093907,1776192154000
1776192156.621,156.621,0.5,46.9,0.43,10.6,0.61,50.0,0.71,50.0,0.49,2.72,0.39,50.0,0.5,46.9,0.58,10.7,0.11,0.01,0.093907,1776192154000
1776192156.892,156.892,0.5,46.9,0.43,10.6,0.61,50.0,0.71,50.0,0.39,50.0,0.29,50.0,0.5,46.9,0.57,10.6,0.11,0.11,0.093909,1776192155000
1776192157.425,157.425,0.5,46.9,0.43,10.6,0.61,50.0,0.71,50.0,0.39,50.0,0.29,50.0,0.5,46.9,0.57,10.6,0.11,0.11,0.093903,1776192156000
1776192158.216,158.216,0.5,46.9,0.43,10.6,0.61,50.0,0.71,50.0,0.39,50.0,0.29,50.0,0.5,46.9,0.57,10.6,0.11,0.11,0.093903,1776192157000
1776192158.506,158.506,0.5,5.0,0.46,10.0,0.51,28.0,0.6,8.0,0.39,50.0,0.29,50.0,0.5,46.9,0.57,10.6,0.01,0.11,0.093903,1776192157000
1776192159.409,159.409,0.5,5.0,0.46,10.0,0.51,20.0,0.6,8.0,0.49,20.0,0.4,8.0,0.5,5.0,0.54,10.0,0.01,0.01,0.0939,1776192158000
1776192160.22,160.22,0.5,5.0,0.38,13.0,0.51,13.81,0.58,5.0,0.49,13.81,0.42,5.0,0.5,5.0,0.62,13.0,0.01,0.01,0.093891,1776192159000
1776192160.91,160.91,0.07,172.39,0.06,46.1,0.51,50.0,0.57,8.0,0.42,5.0,0.4,13.0,0.5,5.0,0.55,10.0,0.44,0.08,0.093891,1776192159000
1776192161.264,161.264,0.07,172.39,0.06,46.1,0.51,50.0,0.57,8.0,0.49,50.0,0.43,8.0,0.93,172.39,0.94,46.1,0.44,0.44,0.093873,1776192160000
1776192162.963,162.963,0.07,172.39,0.06,46.1,0.31,29.0,0.41,50.0,0.69,29.0,0.59,50.0,0.93,172.39,0.94,46.1,0.24,0.24,0.093856,1776192162000
1776192163.66,163.66,0.12,128.0,0.11,50.0,0.41,43.53,0.46,5.0,0.69,29.0,0.59,50.0,0.93,172.39,0.94,46.1,0.29,0.24,0.093856,1776192162000
1776192163.904,163.904,0.12,128.0,0.11,50.0,0.41,33.53,0.46,5.0,0.59,43.53,0.54,5.0,0.88,128.0,0.89,50.0,0.29,0.29,0.093856,1776192162000
1776192164.126,164.126,0.34,14.0,0.21,50.0,0.46,1.34,0.51,50.0,0.59,33.53,0.54,5.0,0.88,128.0,0.89,50.0,0.12,0.29,0.093856,1776192162000
1776192164.418,164.418,0.34,47.0,0.21,50.0,0.51,50.0,0.57,8.0,0.54,1.34,0.49,50.0,0.66,14.0,0.79,50.0,0.17,0.12,0.093856,1776192162000
1776192165.065,165.065,0.34,47.0,0.21,50.0,0.51,50.0,0.57,8.0,0.49,50.0,0.43,8.0,0.66,47.0,0.79,50.0,0.17,0.17,0.093846,1776192163000
1776192165.594,165.594,0.34,47.0,0.21,50.0,0.51,50.0,0.57,8.0,0.49,50.0,0.43,8.0,0.66,47.0,0.79,50.0,0.17,0.17,0.093855,1776192164000
1776192166.303,166.303,0.34,47.0,0.21,50.0,0.51,50.0,0.57,8.0,0.49,50.0,0.43,8.0,0.66,47.0,0.79,50.0,0.17,0.17,0.093872,1776192165000
1776192167.141,167.141,0.07,125.18,0.06,46.1,0.57,8.0,0.61,50.0,0.49,50.0,0.43,8.0,0.66,47.0,0.79,50.0,0.5,0.17,0.093872,1776192165000
1776192167.608,167.608,0.07,125.18,0.06,46.1,0.57,8.0,0.61,50.0,0.43,8.0,0.39,50.0,0.93,125.18,0.94,46.1,0.5,0.5,0.093883,1776192166000
1776192168.44,168.44,0.07,125.18,0.06,46.1,0.57,8.0,0.61,50.0,0.43,8.0,0.39,50.0,0.93,125.18,0.94,46.1,0.5,0.5,0.093884,1776192167000
1776192169.158,169.158,0.07,125.18,0.06,46.1,0.57,8.0,0.61,50.0,0.43,8.0,0.39,50.0,0.93,125.18,0.94,46.1,0.5,0.5,0.093892,1776192168000
1776192169.378,169.378,0.1,333.0,0.07,85.28,0.31,24.86,0.41,50.0,0.43,8.0,0.39,50.0,0.93,125.18,0.94,46.1,0.21,0.5,0.093892,1776192168000
1776192170.541,170.541,0.1,333.0,0.07,85.28,0.31,14.88,0.41,50.0,0.69,14.88,0.59,50.0,0.9,333.0,0.93,85.28,0.21,0.21,0.093895,1776192169000
1776192171.042,171.042,0.1,333.0,0.07,85.28,0.31,54.88,0.41,50.0,0.69,14.88,0.59,50.0,0.9,333.0,0.93,85.28,0.21,0.21,0.093895,1776192169000
1776192171.319,171.319,0.1,333.0,0.07,85.28,0.31,54.88,0.41,50.0,0.69,54.88,0.59,50.0,0.9,333.0,0.93,85.28,0.21,0.21,0.093895,1776192170000
1776192172.858,172.858,0.1,333.0,0.07,85.28,0.31,54.88,0.41,50.0,0.69,54.88,0.59,50.0,0.9,333.0,0.93,85.28,0.21,0.21,0.093895,1776192171000
1776192173.422,173.422,0.06,28.38,0.05,54.7,0.31,4.88,0.41,50.0,0.69,4.88,0.59,50.0,0.94,28.38,0.95,54.7,0.25,0.25,0.093895,1776192172000
1776192174.047,174.047,0.06,28.38,0.05,54.7,0.31,4.88,0.41,50.0,0.69,4.88,0.59,50.0,0.94,28.38,0.95,54.7,0.25,0.25,0.093897,1776192173000
1776192175.368,175.368,0.06,28.38,0.05,54.7,0.31,4.88,0.41,50.0,0.69,4.88,0.59,50.0,0.94,28.38,0.95,54.7,0.25,0.25,0.093896,1776192174000
1776192176.022,176.022,0.19,6.0,0.06,83.0,0.21,12.0,0.31,70.88,0.69,4.88,0.59,50.0,0.94,28.38,0.95,54.7,0.02,0.25,0.093896,1776192174000
1776192176.266,176.266,0.07,9.09,0.06,83.0,0.11,1.45,0.21,62.0,0.89,44.0,0.79,12.0,0.94,83.0,0.96,8.0,0.04,0.05,0.093896,1776192175000
1776192176.908,176.908,0.07,332.09,0.06,83.0,0.21,62.0,0.31,70.88,0.89,1.45,0.79,62.0,0.93,9.09,0.94,83.0,0.14,0.04,0.093896,1776192175000
1776192177.506,177.506,0.07,332.09,0.06,83.0,0.21,62.0,0.31,70.88,0.79,62.0,0.69,70.88,0.93,332.09,0.94,83.0,0.14,0.14,0.093883,1776192176000
1776192178.17,178.17,0.07,332.09,0.06,83.0,0.21,62.0,0.31,70.88,0.79,62.0,0.69,70.88,0.93,332.09,0.94,83.0,0.14,0.14,0.093873,1776192177000
1776192179.006,179.006,0.02,54.08,0.01,6597.6,0.21,62.0,0.31,70.88,0.79,62.0,0.69,70.88,0.93,332.09,0.94,83.0,0.19,0.14,0.093873,1776192177000
1776192179.771,179.771,0.02,54.08,0.01,6597.6,0.21,62.0,0.31,70.88,0.79,62.0,0.69,70.88,0.98,54.08,0.99,6597.6,0.19,0.19,0.09385,1776192178000
1776192180.295,180.295,0.02,54.08,0.01,6597.6,0.21,62.0,0.31,70.88,0.79,62.0,0.69,70.88,0.98,54.08,0.99,6597.6,0.19,0.19,0.093852,1776192179000
1776192180.736,180.736,0.05,75.0,0.03,89.3,0.21,12.0,0.31,70.88,0.79,62.0,0.69,70.88,0.98,54.08,0.99,6597.6,0.16,0.19,0.093852,1776192179000
1776192181.359,181.359,0.05,75.0,0.03,89.3,0.21,12.0,0.31,70.88,0.79,12.0,0.69,70.88,0.95,75.0,0.97,89.3,0.16,0.16,0.093854,1776192180000
1776192182.503,182.503,0.05,75.0,0.03,89.3,0.21,12.0,0.31,70.88,0.79,12.0,0.69,70.88,0.95,75.0,0.97,89.3,0.16,0.16,0.093855,1776192181000
1776192182.848,182.848,0.07,5.0,0.06,83.0,0.31,63.91,0.41,50.0,0.79,12.0,0.69,70.88,0.95,75.0,0.97,89.3,0.24,0.16,0.093855,1776192181000
1776192183.074,183.074,0.07,5.0,0.06,83.0,0.31,63.91,0.41,50.0,0.69,63.91,0.59,50.0,0.93,5.0,0.94,83.0,0.24,0.24,0.093864,1776192182000
1776192184.174,184.174,0.07,5.0,0.06,83.0,0.31,63.91,0.41,50.0,0.69,63.91,0.59,50.0,0.93,5.0,0.94,83.0,0.24,0.24,0.093869,1776192183000
1776192184.643,184.643,0.17,126.0,0.16,10.0,0.27,10.92,0.41,50.0,0.69,63.91,0.59,50.0,0.93,5.0,0.94,83.0,0.1,0.24,0.093869,1776192183000
1776192185.147,185.147,0.17,126.0,0.16,10.0,0.27,5.92,0.41,50.0,0.73,5.92,0.59,50.0,0.83,126.0,0.84,10.0,0.1,0.1,0.093874,1776192184000
1776192186.339,186.339,0.17,126.0,0.16,10.0,0.27,5.92,0.41,50.0,0.73,5.92,0.59,50.0,0.83,126.0,0.84,10.0,0.1,0.1,0.093878,1776192185000
1776192187.421,187.421,0.17,126.0,0.16,10.0,0.27,5.92,0.41,50.0,0.73,5.92,0.59,50.0,0.83,126.0,0.84,10.0,0.1,0.1,0.093879,1776192186000
1776192187.926,187.926,0.17,126.0,0.16,10.0,0.27,5.92,0.41,50.0,0.73,5.92,0.59,50.0,0.83,126.0,0.84,10.0,0.1,0.1,0.093879,1776192187000
1776192188.956,188.956,0.03,50.0,0.02,54.08,0.3,16.0,0.41,50.0,0.73,5.92,0.59,50.0,0.83,126.0,0.84,10.0,0.27,0.1,0.093879,1776192187000
1776192190.07,190.07,0.03,50.0,0.02,54.08,0.3,16.0,0.41,50.0,0.7,16.0,0.59,50.0,0.97,50.0,0.98,54.08,0.27,0.27,0.093879,1776192189000
1776192190.873,190.873,0.03,301.0,0.02,54.08,0.3,16.0,0.31,50.0,0.7,16.0,0.59,50.0,0.97,50.0,0.98,54.08,0.27,0.27,0.093879,1776192189000
1776192191.249,191.249,0.03,301.0,0.02,54.08,0.3,16.0,0.31,50.0,0.7,16.0,0.69,50.0,0.97,301.0,0.98,54.08,0.27,0.27,0.093881,1776192190000
1776192192.173,192.173,0.04,125.0,0.03,301.0,0.3,16.0,0.31,34.06,0.7,16.0,0.69,50.0,0.97,301.0,0.98,54.08,0.26,0.27,0.093881,1776192190000
1776192193.006,193.006,0.04,125.0,0.03,301.0,0.3,16.0,0.31,34.06,0.7,16.0,0.69,34.06,0.96,125.0,0.97,301.0,0.26,0.26,0.093879,1776192192000
1776192194.256,194.256,0.15,152.0,0.05,100.0,0.3,16.0,0.31,18.7,0.7,16.0,0.69,34.06,0.96,125.0,0.97,301.0,0.15,0.26,0.093879,1776192192000
1776192194.764,194.764,0.15,152.0,0.05,100.0,0.3,16.0,0.31,18.7,0.7,16.0,0.69,18.7,0.85,152.0,0.95,100.0,0.15,0.15,0.093878,1776192193000
1776192195.092,195.092,0.17,142.0,0.16,31.0,0.29,17.0,0.31,3.6,0.7,16.0,0.69,18.7,0.85,152.0,0.95,100.0,0.12,0.15,0.093878,1776192193000
1776192195.634,195.634,0.17,142.0,0.16,31.0,0.29,17.0,0.31,3.6,0.71,17.0,0.69,3.6,0.83,142.0,0.84,31.0,0.12,0.12,0.093878,1776192194000
1776192196.226,196.226,0.17,142.0,0.16,31.0,0.29,17.0,0.31,3.6,0.71,17.0,0.69,3.6,0.83,142.0,0.84,31.0,0.12,0.12,0.093878,1776192195000
1776192197.136,197.136,0.22,22.0,0.21,152.0,0.29,17.0,0.51,50.0,0.71,17.0,0.69,3.6,0.83,142.0,0.84,31.0,0.07,0.12,0.093878,1776192195000
1776192197.627,197.627,0.22,22.0,0.21,50.0,0.29,8.5,0.51,50.0,0.71,17.0,0.49,50.0,0.78,22.0,0.79,152.0,0.07,0.07,0.093879,1776192196000
1776192198.362,198.362,0.22,22.0,0.21,50.0,0.29,8.5,0.51,50.0,0.71,8.5,0.49,50.0,0.78,22.0,0.79,50.0,0.07,0.07,0.093891,1776192197000
1776192198.827,198.827,0.01,6622.98,,,0.29,8.5,0.51,50.0,0.71,8.5,0.49,50.0,0.78,22.0,0.79,50.0,0.28,0.07,0.093891,1776192197000
1776192199.561,199.561,0.02,5.0,0.01,9438.98,0.29,8.5,0.31,34.74,0.71,8.5,0.49,50.0,0.99,6622.98,,,0.27,0.28,0.093891,1776192197000
1776192199.917,199.917,0.03,166.0,0.02,5.0,0.29,8.5,0.31,18.86,0.71,8.5,0.69,34.74,0.98,5.0,0.99,9438.98,0.26,0.27,0.093889,1776192198000
1776192200.238,200.238,0.03,166.0,0.02,5.0,0.29,8.5,0.31,18.86,0.71,8.5,0.69,18.86,0.97,166.0,0.98,5.0,0.26,0.26,0.093892,1776192199000
1776192200.898,200.898,0.03,633.0,0.02,5.0,0.29,8.5,0.31,68.86,0.71,8.5,0.69,18.86,0.97,166.0,0.98,5.0,0.26,0.26,0.093892,1776192199000
1776192201.172,201.172,0.04,125.0,0.01,6622.98,0.16,31.0,0.31,52.92,0.71,8.5,0.69,68.86,0.97,633.0,0.98,5.0,0.12,0.26,0.093892,1776192199000
1776192201.405,201.405,0.11,50.0,0.04,125.0,0.16,26.0,0.31,2.92,0.84,31.0,0.69,52.92,0.96,125.0,0.99,6622.98,0.05,0.12,0.093893,1776192200000
1776192201.611,201.611,0.11,48.87,0.04,125.0,0.16,21.0,0.31,2.92,0.84,26.0,0.69,2.92,0.89,48.87,0.96,125.0,0.05,0.05,0.093893,1776192200000
1776192201.844,201.844,0.11,48.87,0.04,125.0,0.16,14.75,0.31,2.92,0.84,14.75,0.69,2.92,0.89,48.87,0.96,125.0,0.05,0.05,0.093893,1776192201000
1776192202.783,202.783,0.12,41.0,0.11,48.87,0.23,21.0,0.41,50.0,0.84,14.75,0.69,2.92,0.89,48.87,0.96,125.0,0.11,0.05,0.093893,1776192201000
1776192203.179,203.179,0.12,41.0,0.11,48.87,0.23,21.0,0.41,50.0,0.77,21.0,0.59,50.0,0.88,41.0,0.89,48.87,0.11,0.11,0.093896,1776192202000
1776192204.304,204.304,0.15,100.0,0.12,41.0,0.41,50.0,0.51,50.0,0.59,50.0,0.49,50.0,0.85,100.0,0.88,41.0,0.26,0.26,0.093901,1776192203000
1776192205.048,205.048,0.15,100.0,0.12,41.0,0.41,50.0,0.51,50.0,0.59,50.0,0.49,50.0,0.85,100.0,0.88,41.0,0.26,0.26,0.093901,1776192204000
1776192205.588,205.588,0.4,56.0,0.15,100.0,0.41,29.21,0.51,50.0,0.59,50.0,0.49,50.0,0.85,100.0,0.88,41.0,0.01,0.26,0.093901,1776192204000
1776192206.214,206.214,0.4,56.0,0.15,100.0,0.41,29.21,0.51,50.0,0.59,29.21,0.49,50.0,0.6,56.0,0.85,100.0,0.01,0.01,0.093897,1776192205000
1776192207.403,207.403,0.4,56.0,0.15,100.0,0.41,26.21,0.51,50.0,0.59,29.21,0.49,50.0,0.6,56.0,0.85,100.0,0.01,0.01,0.093897,1776192205000
1776192208.043,208.043,0.4,56.0,0.15,100.0,0.41,26.21,0.51,50.0,0.59,26.21,0.49,50.0,0.6,56.0,0.85,100.0,0.01,0.01,0.093902,1776192207000
1776192208.453,208.453,0.45,39.0,0.4,22.0,0.51,45.0,0.61,50.0,0.59,26.21,0.49,50.0,0.6,56.0,0.85,100.0,0.06,0.01,0.093902,1776192207000
1776192209.118,209.118,0.45,39.0,0.4,22.0,0.51,45.0,0.61,50.0,0.49,45.0,0.39,50.0,0.55,39.0,0.6,22.0,0.06,0.06,0.093905,1776192208000
1776192210.245,210.245,0.45,39.0,0.4,22.0,0.51,45.0,0.61,50.0,0.49,45.0,0.39,50.0,0.55,39.0,0.6,22.0,0.06,0.06,0.093914,1776192209000
1776192210.84,210.84,0.02,5.56,0.01,6622.98,0.51,45.0,0.61,50.0,0.49,45.0,0.39,50.0,0.55,39.0,0.6,22.0,0.49,0.06,0.093914,1776192209000
1776192211.517,211.517,0.03,1109.0,0.02,5.56,0.31,33.87,0.41,50.0,0.49,45.0,0.39,50.0,0.98,5.56,0.99,6622.98,0.28,0.49,0.093914,1776192209000
1776192211.919,211.919,0.03,1109.0,0.02,5.56,0.31,33.87,0.41,50.0,0.69,33.87,0.59,50.0,0.97,1109.0,0.98,5.56,0.28,0.28,0.093922,1776192211000
1776192212.834,212.834,0.01,6559.98,,,0.41,50.0,0.51,45.0,0.69,33.87,0.59,50.0,0.97,1109.0,0.98,5.56,0.4,0.28,0.093922,1776192211000
1776192213.212,213.212,0.01,6559.98,,,0.41,50.0,0.51,45.0,0.59,50.0,0.49,45.0,0.99,6559.98,,,0.4,0.4,0.093924,1776192212000
1776192213.864,213.864,0.02,250.0,0.01,9178.98,0.21,27.09,0.31,50.0,0.59,50.0,0.49,45.0,0.99,6559.98,,,0.19,0.4,0.093924,1776192212000
1776192214.428,214.428,0.02,250.0,0.01,9178.98,0.21,27.09,0.31,50.0,0.79,27.09,0.69,50.0,0.98,250.0,0.99,9178.98,0.19,0.19,0.093915,1776192213000
1776192215.135,215.135,0.02,250.0,0.01,9178.98,0.21,27.09,0.31,50.0,0.79,27.09,0.69,50.0,0.98,250.0,0.99,9178.98,0.19,0.19,0.093913,1776192214000
1776192216.521,216.521,0.02,250.0,0.01,9178.98,0.21,27.09,0.31,50.0,0.79,27.09,0.69,50.0,0.98,250.0,0.99,9178.98,0.19,0.19,0.093896,1776192215000
1776192217.166,217.166,0.02,250.0,0.01,9178.98,0.21,27.09,0.31,50.0,0.79,27.09,0.69,50.0,0.98,250.0,0.99,9178.98,0.19,0.19,0.093893,1776192216000
1776192218.463,218.463,0.02,250.0,0.01,9178.98,0.21,27.09,0.31,50.0,0.79,27.09,0.69,50.0,0.98,250.0,0.99,9178.98,0.19,0.19,0.093894,1776192217000
1776192219.023,219.023,0.02,250.0,0.01,9178.98,0.21,27.09,0.31,50.0,0.79,27.09,0.69,50.0,0.98,250.0,0.99,9178.98,0.19,0.19,0.093894,1776192218000
1776192219.284,219.284,0.14,196.0,0.02,250.0,0.21,13.55,0.31,50.0,0.79,27.09,0.69,50.0,0.98,250.0,0.99,9178.98,0.07,0.19,0.093894,1776192218000
1776192220.223,220.223,0.14,196.0,0.02,250.0,0.21,32.55,0.31,50.0,0.79,13.55,0.69,50.0,0.86,196.0,0.98,250.0,0.07,0.07,0.093894,1776192218000
1776192221.022,221.022,0.14,196.0,0.02,250.0,0.21,32.55,0.31,50.0,0.79,32.55,0.69,50.0,0.86,196.0,0.98,250.0,0.07,0.07,0.093894,1776192220000
1776192221.594,221.594,0.16,203.0,0.12,10.0,0.31,19.64,0.41,50.0,0.69,34.9,0.59,50.0,0.85,33.0,0.86,186.0,0.15,0.16,0.093894,1776192220000
1776192222.319,222.319,0.16,203.0,0.12,10.0,0.31,19.64,0.41,50.0,0.69,19.64,0.59,50.0,0.84,203.0,0.88,10.0,0.15,0.15,0.093895,1776192221000
1776192222.878,222.878,0.01,6422.98,,,0.31,19.64,0.41,50.0,0.69,19.64,0.59,50.0,0.84,203.0,0.88,10.0,0.3,0.15,0.093895,1776192221000
1776192223.485,223.485,0.01,6422.98,,,0.31,19.64,0.41,50.0,0.69,19.64,0.59,50.0,0.99,6422.98,,,0.3,0.3,0.093895,1776192222000
1776192224.285,224.285,0.02,250.0,0.01,9196.98,0.31,54.73,0.41,50.0,0.69,54.73,0.59,50.0,0.98,250.0,0.99,9196.98,0.29,0.29,0.093895,1776192223000
1776192224.836,224.836,0.01,9046.98,,,0.31,54.73,0.41,50.0,0.69,54.73,0.59,50.0,0.98,250.0,0.99,9196.98,0.3,0.29,0.093895,1776192223000
1776192225.393,225.393,0.01,9046.98,,,0.31,54.73,0.41,50.0,0.69,54.73,0.59,50.0,0.99,9046.98,,,0.3,0.3,0.093901,1776192224000
1776192225.608,225.608,0.24,10.0,0.03,925.0,0.31,43.11,0.41,50.0,0.69,54.73,0.59,50.0,0.99,9046.98,,,0.07,0.3,0.093901,1776192224000
1776192226.099,226.099,0.24,10.0,0.03,925.0,0.31,43.11,0.41,50.0,0.69,43.11,0.59,50.0,0.76,10.0,0.97,925.0,0.07,0.07,0.093901,1776192225000
1776192226.398,226.398,0.24,10.0,0.03,123.0,0.37,13.0,0.41,50.0,0.69,43.11,0.59,50.0,0.76,10.0,0.97,925.0,0.13,0.07,0.093901,1776192225000
1776192226.908,226.908,0.24,10.0,0.03,123.0,0.37,13.0,0.41,50.0,0.63,13.0,0.59,50.0,0.76,10.0,0.97,123.0,0.13,0.13,0.093901,1776192226000
1776192227.929,227.929,0.24,10.0,0.03,123.0,0.37,13.0,0.41,50.0,0.63,13.0,0.59,50.0,0.76,10.0,0.97,123.0,0.13,0.13,0.0939,1776192227000
1776192228.957,228.957,0.24,10.0,0.03,123.0,0.37,13.0,0.41,50.0,0.63,13.0,0.59,50.0,0.76,10.0,0.97,123.0,0.13,0.13,0.093901,1776192228000
1776192229.95,229.95,0.24,10.0,0.03,123.0,0.37,13.0,0.41,50.0,0.63,13.0,0.59,50.0,0.76,10.0,0.97,123.0,0.13,0.13,0.093905,1776192229000
1776192230.784,230.784,0.01,6181.35,,,0.51,45.0,0.52,9.0,0.63,13.0,0.59,50.0,0.76,10.0,0.97,123.0,0.5,0.13,0.093905,1776192229000
1776192231.463,231.463,0.27,59.0,0.01,6181.35,0.41,50.0,0.51,45.0,0.49,45.0,0.48,9.0,0.99,6181.35,,,0.14,0.5,0.093914,1776192230000
1776192231.679,231.679,0.27,49.0,0.26,10.0,0.41,43.92,0.51,45.0,0.59,50.0,0.49,45.0,0.73,59.0,0.99,6181.35,0.14,0.14,0.093914,1776192230000
1776192231.952,231.952,0.27,49.0,0.26,10.0,0.41,43.92,0.51,45.0,0.59,43.92,0.49,45.0,0.73,49.0,0.74,10.0,0.14,0.14,0.093914,1776192231000
1776192233.058,233.058,0.27,49.0,0.26,10.0,0.41,43.92,0.51,45.0,0.59,43.92,0.49,45.0,0.73,49.0,0.74,10.0,0.14,0.14,0.093918,1776192232000
1776192233.348,233.348,0.27,49.0,0.26,10.0,0.41,14.42,0.51,45.0,0.59,43.92,0.49,45.0,0.73,49.0,0.74,10.0,0.14,0.14,0.093918,1776192232000
1776192234.162,234.162,0.27,49.0,0.26,10.0,0.41,14.42,0.51,45.0,0.59,14.42,0.49,45.0,0.73,49.0,0.74,10.0,0.14,0.14,0.093918,1776192233000
1776192235.187,235.187,0.27,49.0,0.26,10.0,0.41,14.42,0.51,45.0,0.59,14.42,0.49,45.0,0.73,49.0,0.74,10.0,0.14,0.14,0.093917,1776192234000
1776192236.185,236.185,0.27,49.0,0.26,10.0,0.41,14.42,0.51,45.0,0.59,14.42,0.49,45.0,0.73,49.0,0.74,10.0,0.14,0.14,0.093917,1776192235000
1776192236.747,236.747,0.01,5961.35,,,0.41,14.42,0.51,45.0,0.59,14.42,0.49,45.0,0.73,49.0,0.74,10.0,0.4,0.14,0.093917,1776192235000
1776192237.065,237.065,0.01,8712.75,,,0.12,31.0,0.21,50.0,0.59,14.42,0.49,45.0,0.99,5961.35,,,0.11,0.4,0.093917,1776192235000
1776192237.383,237.383,0.01,8709.75,,,0.12,21.0,0.21,50.0,0.88,31.0,0.79,50.0,0.99,8709.75,,,0.11,0.11,0.093917,1776192236000
1776192238.263,238.263,0.12,10.0,0.01,8709.75,0.21,50.0,0.31,50.0,0.79,50.0,0.69,50.0,0.88,10.0,0.99,8709.75,0.09,0.09,0.093917,1776192237000
1776192238.488,238.488,0.13,38.0,0.12,10.0,0.21,26.38,0.23,21.0,0.79,50.0,0.69,50.0,0.88,10.0,0.99,8709.75,0.08,0.09,0.093917,1776192237000
1776192238.875,238.875,0.01,5424.75,,,0.21,26.38,0.23,21.0,0.79,26.38,0.77,21.0,0.87,38.0,0.88,10.0,0.2,0.08,0.093917,1776192237000
1776192239.3,239.3,0.01,5424.75,,,0.21,26.38,0.23,21.0,0.79,26.38,0.77,21.0,0.99,5424.75,,,0.2,0.2,0.093896,1776192238000
1776192240.258,240.258,0.01,5424.75,,,0.21,26.38,0.23,21.0,0.79,26.38,0.77,21.0,0.99,5424.75,,,0.2,0.2,0.093892,1776192239000
1776192241.298,241.298,0.01,5424.75,,,0.21,26.38,0.23,21.0,0.79,26.38,0.77,21.0,0.99,5424.75,,,0.2,0.2,0.093885,1776192240000
1776192241.902,241.902,0.12,5.6,0.01,5344.75,0.21,26.38,0.31,50.0,0.79,26.38,0.77,21.0,0.99,5424.75,,,0.09,0.2,0.093885,1776192240000
1776192242.362,242.362,0.12,5.6,0.01,5344.75,0.21,26.38,0.31,50.0,0.79,26.38,0.69,50.0,0.88,5.6,0.99,5344.75,0.09,0.09,0.093885,1776192241000
1776192242.956,242.956,0.12,5.6,0.01,5344.75,0.21,26.38,0.31,50.0,0.79,26.38,0.69,50.0,0.88,5.6,0.99,5344.75,0.09,0.09,0.093885,1776192242000
1776192244.081,244.081,0.12,5.6,0.01,5344.75,0.21,26.38,0.31,50.0,0.79,26.38,0.69,50.0,0.88,5.6,0.99,5344.75,0.09,0.09,0.093885,1776192243000
1776192245.128,245.128,0.01,7591.75,,,0.11,50.0,0.21,26.38,0.79,26.38,0.69,50.0,0.88,5.6,0.99,5344.75,0.1,0.09,0.093885,1776192243000
1776192246.168,246.168,0.01,7591.75,,,0.11,50.0,0.21,26.38,0.89,50.0,0.79,26.38,0.99,7591.75,,,0.1,0.1,0.093864,1776192245000
1776192247.303,247.303,0.01,7591.75,,,0.11,50.0,0.21,26.38,0.89,50.0,0.79,26.38,0.99,7591.75,,,0.1,0.1,0.093866,1776192246000
1776192247.506,247.506,0.1,249.0,0.01,4944.75,0.11,50.0,0.21,26.38,0.89,50.0,0.79,26.38,0.99,7591.75,,,0.01,0.1,0.093866,1776192246000
1776192248.321,248.321,0.1,249.0,0.01,4944.75,0.11,50.0,0.21,26.38,0.89,50.0,0.79,26.38,0.9,249.0,0.99,4944.75,0.01,0.01,0.093866,1776192247000
1776192249.465,249.465,0.1,249.0,0.01,4944.75,0.11,50.0,0.21,26.38,0.89,50.0,0.79,26.38,0.9,249.0,0.99,4944.75,0.01,0.01,0.093863,1776192248000
1776192249.947,249.947,0.1,249.0,0.01,4944.75,0.11,50.0,0.21,26.38,0.89,50.0,0.79,26.38,0.9,249.0,0.99,4944.75,0.01,0.01,0.093863,1776192249000
1776192251.037,251.037,0.1,249.0,0.01,4944.75,0.11,50.0,0.21,26.38,0.89,50.0,0.79,26.38,0.9,249.0,0.99,4944.75,0.01,0.01,0.093866,1776192250000
1776192251.397,251.397,0.1,226.98,0.01,4944.75,0.11,50.0,0.21,26.38,0.89,50.0,0.79,26.38,0.9,249.0,0.99,4944.75,0.01,0.01,0.093866,1776192250000
1776192252.013,252.013,0.1,226.98,0.01,4944.75,0.11,50.0,0.21,26.38,0.89,50.0,0.79,26.38,0.9,226.98,0.99,4944.75,0.01,0.01,0.093867,1776192251000
1776192253.11,253.11,0.1,226.98,0.01,4944.75,0.11,50.0,0.21,26.38,0.89,50.0,0.79,26.38,0.9,226.98,0.99,4944.75,0.01,0.01,0.093868,1776192252000
1776192254.361,254.361,0.1,226.98,0.01,4944.75,0.11,50.0,0.21,26.38,0.89,50.0,0.79,26.38,0.9,226.98,0.99,4944.75,0.01,0.01,0.093868,1776192253000
1776192254.861,254.861,0.1,226.98,0.01,5257.35,0.91,3.81,0.98,105.0,0.89,50.0,0.79,26.38,0.9,226.98,0.99,4944.75,0.81,0.01,0.093868,1776192253000
1776192255.466,255.466,0.1,226.98,0.01,5257.35,0.91,3.81,0.98,105.0,0.09,3.81,0.02,105.0,0.9,226.98,0.99,5257.35,0.81,0.81,0.093885,1776192254000
1776192255.88,255.88,0.71,50.0,0.7,5.0,0.98,4.46,0.99,1867.07,0.09,3.81,0.02,105.0,0.9,226.98,0.99,5257.35,0.27,0.81,0.093885,1776192254000
1776192256.144,256.144,0.71,0.52,0.7,5.0,0.98,4.46,0.99,1867.07,0.02,4.46,0.01,1867.07,0.29,50.0,0.3,5.0,0.27,0.27,0.093885,1776192255000
1776192256.476,256.476,0.61,45.52,0.51,50.0,0.91,50.0,0.98,4.46,0.02,4.46,0.01,1867.07,0.29,0.52,0.3,5.0,0.3,0.27,0.093885,1776192255000
1776192256.918,256.918,0.61,45.52,0.51,50.0,0.99,1521.53,,,0.09,50.0,0.02,4.46,0.39,45.52,0.49,50.0,0.38,0.3,0.093885,1776192255000
1776192258.173,258.173,0.61,45.52,0.51,50.0,0.99,1521.53,,,0.01,1521.53,,,0.39,45.52,0.49,50.0,0.38,0.38,0.093894,1776192257000
1776192259.386,259.386,0.61,45.52,0.51,50.0,0.99,1521.53,,,0.01,1521.53,,,0.39,45.52,0.49,50.0,0.38,0.38,0.093894,1776192258000
1776192259.672,259.672,0.71,15.61,0.61,45.52,0.99,416.53,,,0.01,1521.53,,,0.39,45.52,0.49,50.0,0.28,0.38,0.093894,1776192258000
1776192260.442,260.442,0.71,15.61,0.61,45.52,0.99,416.53,,,0.01,416.53,,,0.29,15.61,0.39,45.52,0.28,0.28,0.093896,1776192259000
1776192261.065,261.065,0.71,15.61,0.61,45.52,0.99,416.53,,,0.01,416.53,,,0.29,15.61,0.39,45.52,0.28,0.28,0.093896,1776192260000
1776192262.144,262.144,0.71,15.61,0.61,45.52,0.99,416.53,,,0.01,416.53,,,0.29,15.61,0.39,45.52,0.28,0.28,0.093894,1776192261000
1776192262.776,262.776,0.71,65.61,0.61,45.52,0.99,11.53,,,0.01,416.53,,,0.29,15.61,0.39,45.52,0.28,0.28,0.093894,1776192261000
1776192263.29,263.29,0.71,65.61,0.61,45.52,0.99,11.53,,,0.01,11.53,,,0.29,65.61,0.39,45.52,0.28,0.28,0.093894,1776192262000
1776192264.402,264.402,0.71,65.61,0.61,45.52,0.99,11.53,,,0.01,11.53,,,0.29,65.61,0.39,45.52,0.28,0.28,0.093895,1776192263000
1776192264.799,264.799,0.99,388.47,0.8,5.0,,,,,0.01,11.53,,,0.29,65.61,0.39,45.52,,0.28,0.093895,1776192263000
1776192265.082,265.082,0.81,5.0,0.71,65.61,,,,,,,,,0.01,388.47,0.2,5.0,,,0.093895,1776192263000
1776192265.348,265.348,0.81,0.18,0.71,65.61,,,,,,,,,0.19,0.18,0.29,65.61,,,0.093895,1776192264000
1776192265.856,265.856,0.71,54.62,0.61,45.52,0.93,15.0,0.94,17.0,0.07,15.0,0.06,17.0,0.29,54.62,0.39,45.52,0.22,0.22,0.093896,1776192265000
1776192266.837,266.837,0.71,54.62,0.61,45.52,0.93,15.0,0.94,17.0,0.07,15.0,0.06,17.0,0.29,54.62,0.39,45.52,0.22,0.22,0.093893,1776192266000
1776192268.514,268.514,0.71,54.62,0.61,45.52,0.93,15.0,0.94,17.0,0.07,15.0,0.06,17.0,0.29,54.62,0.39,45.52,0.22,0.22,0.093893,1776192267000
1776192269.085,269.085,0.71,54.62,0.61,45.52,0.93,15.0,0.94,17.0,0.07,15.0,0.06,17.0,0.29,54.62,0.39,45.52,0.22,0.22,0.093893,1776192268000
1776192270.124,270.124,0.71,54.62,0.61,45.52,0.93,15.0,0.94,17.0,0.07,15.0,0.06,17.0,0.29,54.62,0.39,45.52,0.22,0.22,0.093893,1776192269000
1776192271.111,271.111,0.71,54.62,0.61,45.52,0.93,15.0,0.94,17.0,0.07,15.0,0.06,17.0,0.29,54.62,0.39,45.52,0.22,0.22,0.093882,1776192270000
1776192272.153,272.153,0.71,54.62,0.61,45.52,0.93,15.0,0.94,17.0,0.07,15.0,0.06,17.0,0.29,54.62,0.39,45.52,0.22,0.22,0.093884,1776192271000
1776192272.869,272.869,0.99,350.0,0.71,4.62,,,,,0.07,15.0,0.06,17.0,0.29,54.62,0.39,45.52,,0.22,0.093884,1776192271000
1776192273.192,273.192,0.99,350.0,0.71,4.62,,,,,,,,,0.01,350.0,0.29,4.62,,,0.093883,1776192272000
1776192273.662,273.662,0.71,54.62,0.61,45.52,,,,,,,,,0.29,54.62,0.39,45.52,,,0.093883,1776192272000
1776192274.328,274.328,0.71,54.62,0.61,45.52,,,,,,,,,0.29,54.62,0.39,45.52,,,0.093883,1776192273000
1776192274.823,274.823,0.71,4.62,0.41,50.0,0.99,176.6,,,,,,,0.29,54.62,0.39,45.52,0.28,,0.093883,1776192273000
1776192275.362,275.362,0.41,47.23,0.34,10.0,0.99,176.6,,,0.01,176.6,,,0.59,47.23,0.66,10.0,0.58,0.58,0.093883,1776192274000
1776192275.938,275.938,0.61,31.74,0.51,50.0,0.91,134.0,,,0.09,134.0,,,0.39,44.74,0.49,50.0,0.3,0.3,0.093883,1776192274000
1776192276.382,276.382,0.61,31.74,0.51,50.0,0.91,134.0,,,0.09,134.0,,,0.39,31.74,0.49,50.0,0.3,0.3,0.093883,1776192275000
1776192276.911,276.911,0.61,31.74,0.51,50.0,0.91,134.0,,,0.09,134.0,,,0.39,31.74,0.49,50.0,0.3,0.3,0.093877,1776192276000
1776192278.026,278.026,0.61,31.74,0.51,50.0,0.91,134.0,,,0.09,134.0,,,0.39,31.74,0.49,50.0,0.3,0.3,0.093874,1776192277000
1776192278.231,278.231,0.81,4.92,0.71,50.0,0.85,7.0,0.86,8.0,0.09,134.0,,,0.39,31.74,0.49,50.0,0.04,0.3,0.093874,1776192277000
1776192279.046,279.046,0.81,4.92,0.71,50.0,0.85,7.0,0.86,8.0,0.15,7.0,0.14,8.0,0.19,4.92,0.29,50.0,0.04,0.04,0.093874,1776192278000
1776192280.084,280.084,0.81,4.92,0.71,50.0,0.85,7.0,0.86,8.0,0.15,7.0,0.14,8.0,0.19,4.92,0.29,50.0,0.04,0.04,0.093874,1776192279000
1776192280.433,280.433,0.81,4.92,0.75,5.0,0.91,82.9,0.99,1100.0,0.15,7.0,0.14,8.0,0.19,4.92,0.29,50.0,0.1,0.04,0.093874,1776192279000
1776192281.093,281.093,0.81,4.92,0.75,5.0,0.91,82.9,0.99,1100.0,0.09,82.9,0.01,1100.0,0.19,4.92,0.25,5.0,0.1,0.1,0.093874,1776192280000
1776192282.166,282.166,0.81,4.92,0.75,5.0,0.91,82.9,0.99,1100.0,0.09,82.9,0.01,1100.0,0.19,4.92,0.25,5.0,0.1,0.1,0.093876,1776192281000
1776192283.459,283.459,0.81,4.92,0.75,5.0,0.91,82.9,0.99,1100.0,0.09,82.9,0.01,1100.0,0.19,4.92,0.25,5.0,0.1,0.1,0.093876,1776192282000
1776192283.957,283.957,0.81,4.92,0.75,5.0,0.91,82.9,0.99,1100.0,0.09,82.9,0.01,1100.0,0.19,4.92,0.25,5.0,0.1,0.1,0.093876,1776192283000
1776192285.061,285.061,0.81,4.92,0.75,5.0,0.91,82.9,0.99,1100.0,0.09,82.9,0.01,1100.0,0.19,4.92,0.25,5.0,0.1,0.1,0.093875,1776192284000
1776192285.76,285.76,0.84,5.0,0.83,5.0,0.91,32.9,,,0.09,82.9,0.01,1100.0,0.19,4.92,0.25,5.0,0.07,0.1,0.093875,1776192284000
1776192286.407,286.407,0.84,5.0,0.83,5.0,0.91,27.9,,,0.09,27.9,,,0.16,5.0,0.17,5.0,0.07,0.07,0.09388,1776192285000
1776192287.038,287.038,0.84,5.0,0.83,5.0,0.91,27.9,,,0.09,27.9,,,0.16,5.0,0.17,5.0,0.07,0.07,0.09388,1776192286000
1776192288.145,288.145,0.84,5.0,0.83,5.0,0.91,27.9,,,0.09,27.9,,,0.16,5.0,0.17,5.0,0.07,0.07,0.093895,1776192287000
1776192288.36,288.36,0.91,44.08,0.86,5.0,,,,,0.09,5.92,,,0.14,5.0,0.15,5.0,,0.05,0.093895,1776192287000
1776192289.272,289.272,0.91,44.08,0.86,5.0,,,,,,,,,0.09,44.08,0.14,5.0,,,0.093895,1776192288000
1776192290.443,290.443,0.91,44.08,0.86,5.0,,,,,,,,,0.09,44.08,0.14,5.0,,,0.093905,1776192289000
1776192291.288,291.288,0.91,44.08,0.86,5.0,,,,,,,,,0.09,44.08,0.14,5.0,,,0.093905,1776192290000
1776192292.408,292.408,0.91,44.08,0.86,5.0,,,,,,,,,0.09,44.08,0.14,5.0,,,0.093913,1776192291000
1776192292.692,292.692,0.99,3.0,0.91,44.08,,,,,,,,,0.09,44.08,0.14,5.0,,,0.093913,1776192291000
1776192293.064,293.064,0.99,3.0,0.91,44.08,,,,,,,,,0.01,3.0,0.09,44.08,,,0.093913,1776192292000
1776192294.097,294.097,0.99,3.0,0.91,44.08,,,,,,,,,0.01,3.0,0.09,44.08,,,0.093911,1776192293000
1776192295.343,295.343,0.99,3.0,0.91,44.08,,,,,,,,,0.01,3.0,0.09,44.08,,,0.093914,1776192294000
1776192296.457,296.457,0.99,3.0,0.91,44.08,,,,,,,,,0.01,3.0,0.09,44.08,,,0.093914,1776192295000
1776192297.576,297.576,0.99,3.0,0.91,44.08,,,,,,,,,0.01,3.0,0.09,44.08,,,0.093914,1776192296000
1776192298.098,298.098,0.99,3.0,0.91,44.08,,,,,,,,,0.01,3.0,0.09,44.08,,,0.093914,1776192297000
1776192299.12,299.12,0.99,3.0,0.91,44.08,,,,,,,,,0.01,3.0,0.09,44.08,,,0.093914,1776192298000
1776192300.141,300.141,0.99,3.0,0.91,44.08,,,,,,,,,0.01,3.0,0.09,44.08,,,0.093914,1776192299000
1776192301.147,301.147,0.99,3.0,0.91,44.08,,,,,,,,,0.01,3.0,0.09,44.08,,,0.093915,1776192300000
1776192302.163,302.163,0.99,3.0,0.91,44.08,,,,,,,,,0.01,3.0,0.09,44.08,,,0.093913,1776192301000

# RESULT,winner=Up,slug=doge-updown-5m-1776192000,ticks=399
