timestamp,elapsed_sec,up_bid_p1,up_bid_s1,up_bid_p2,up_bid_s2,up_ask_p1,up_ask_s1,up_ask_p2,up_ask_s2,down_bid_p1,down_bid_s1,down_bid_p2,down_bid_s2,down_ask_p1,down_ask_s1,down_ask_p2,down_ask_s2,up_spread,down_spread,doge_price,doge_oracle_ts
1776235211.388,11.388,,,,,,,,,,,,,,,,,,,0.093132,1776235210000
1776235211.807,11.807,0.47,15.0,0.46,5.0,0.56,6.0,0.57,5.0,0.44,6.0,0.43,5.0,0.53,15.0,0.54,5.0,0.09,0.09,0.093132,1776235210000
1776235212.973,12.973,0.47,15.0,0.46,5.0,0.56,6.0,0.57,5.0,0.44,6.0,0.43,5.0,0.53,15.0,0.54,5.0,0.09,0.09,0.093132,1776235212000
1776235213.217,13.217,0.51,5.0,0.47,10.0,0.54,8.14,0.55,10.0,0.44,6.0,0.43,5.0,0.53,15.0,0.54,5.0,0.03,0.09,0.093132,1776235212000
1776235213.555,13.555,0.47,10.0,0.44,10.0,0.53,6.0,0.54,18.14,0.46,8.14,0.45,10.0,0.49,5.0,0.53,10.0,0.06,0.03,0.093132,1776235212000
1776235213.963,13.963,0.47,10.0,0.44,10.0,0.53,6.0,0.54,18.14,0.47,6.0,0.46,18.14,0.53,10.0,0.56,10.0,0.06,0.06,0.093132,1776235213000
1776235215.027,15.027,0.47,10.0,0.44,10.0,0.53,6.0,0.54,18.14,0.47,6.0,0.46,18.14,0.53,10.0,0.56,10.0,0.06,0.06,0.09312,1776235214000
1776235216.085,16.085,0.47,10.0,0.44,10.0,0.53,6.0,0.54,18.14,0.47,6.0,0.46,18.14,0.53,10.0,0.56,10.0,0.06,0.06,0.09312,1776235215000
1776235217.183,17.183,0.47,10.0,0.44,10.0,0.53,6.0,0.54,18.14,0.47,6.0,0.46,18.14,0.53,10.0,0.56,10.0,0.06,0.06,0.093121,1776235216000
1776235218.09,18.09,0.47,10.0,0.44,10.0,0.53,6.0,0.54,18.14,0.47,6.0,0.46,18.14,0.53,10.0,0.56,10.0,0.06,0.06,0.093121,1776235217000
1776235219.123,19.123,0.47,10.0,0.44,10.0,0.53,6.0,0.54,18.14,0.47,6.0,0.46,18.14,0.53,10.0,0.56,10.0,0.06,0.06,0.09312,1776235218000
1776235220.052,20.052,0.47,10.0,0.44,10.0,0.53,6.0,0.54,18.14,0.47,6.0,0.46,18.14,0.53,10.0,0.56,10.0,0.06,0.06,0.093119,1776235219000
1776235221.156,21.156,0.47,10.0,0.44,10.0,0.53,6.0,0.54,18.14,0.47,6.0,0.46,18.14,0.53,10.0,0.56,10.0,0.06,0.06,0.093119,1776235220000
1776235223.284,23.284,0.47,10.0,0.44,10.0,0.53,6.0,0.54,18.14,0.47,6.0,0.46,18.14,0.53,10.0,0.56,10.0,0.06,0.06,0.09312,1776235222000
1776235224.168,24.168,0.47,10.0,0.44,10.0,0.53,6.0,0.54,18.14,0.47,6.0,0.46,18.14,0.53,10.0,0.56,10.0,0.06,0.06,0.09312,1776235223000
1776235225.58,25.58,0.47,10.0,0.44,10.0,0.53,6.0,0.54,18.14,0.47,6.0,0.46,18.14,0.53,10.0,0.56,10.0,0.06,0.06,0.093121,1776235224000
1776235226.294,26.294,0.47,10.0,0.44,10.0,0.53,6.0,0.54,18.14,0.47,6.0,0.46,18.14,0.53,10.0,0.56,10.0,0.06,0.06,0.093121,1776235225000
1776235227.017,27.017,0.47,10.0,0.44,10.0,0.53,6.0,0.54,18.14,0.47,6.0,0.46,18.14,0.53,10.0,0.56,10.0,0.06,0.06,0.09312,1776235226000
1776235228.344,28.344,0.47,10.0,0.44,10.0,0.53,6.0,0.54,18.14,0.47,6.0,0.46,18.14,0.53,10.0,0.56,10.0,0.06,0.06,0.09312,1776235227000
1776235229.173,29.173,0.47,10.0,0.44,10.0,0.53,6.0,0.54,18.14,0.47,6.0,0.46,18.14,0.53,10.0,0.56,10.0,0.06,0.06,0.09312,1776235228000
1776235230.608,30.608,0.47,10.0,0.44,10.0,0.53,6.0,0.54,18.14,0.47,6.0,0.46,18.14,0.53,10.0,0.56,10.0,0.06,0.06,0.09312,1776235229000
1776235231.332,31.332,0.47,10.0,0.44,10.0,0.53,6.0,0.54,18.14,0.47,6.0,0.46,18.14,0.53,10.0,0.56,10.0,0.06,0.06,0.09312,1776235230000
1776235232.101,32.101,0.47,10.0,0.44,10.0,0.53,6.0,0.54,18.14,0.47,6.0,0.46,18.14,0.53,10.0,0.56,10.0,0.06,0.06,0.093118,1776235231000
1776235233.497,33.497,0.47,10.0,0.44,10.0,0.53,6.0,0.54,18.14,0.47,6.0,0.46,18.14,0.53,10.0,0.56,10.0,0.06,0.06,0.093117,1776235232000
1776235234.161,34.161,0.47,10.0,0.44,10.0,0.53,6.0,0.54,18.14,0.47,6.0,0.46,18.14,0.53,10.0,0.56,10.0,0.06,0.06,0.093117,1776235233000
1776235235.579,35.579,0.47,10.0,0.44,10.0,0.53,6.0,0.54,18.14,0.47,6.0,0.46,18.14,0.53,10.0,0.56,10.0,0.06,0.06,0.093117,1776235234000
1776235236.349,36.349,0.47,10.0,0.44,10.0,0.53,6.0,0.54,18.14,0.47,6.0,0.46,18.14,0.53,10.0,0.56,10.0,0.06,0.06,0.093118,1776235235000
1776235237.064,37.064,0.47,10.0,0.44,10.0,0.53,6.0,0.54,18.14,0.47,6.0,0.46,18.14,0.53,10.0,0.56,10.0,0.06,0.06,0.093118,1776235236000
1776235238.602,38.602,0.47,10.0,0.44,10.0,0.53,6.0,0.54,18.14,0.47,6.0,0.46,18.14,0.53,10.0,0.56,10.0,0.06,0.06,0.09312,1776235237000
1776235239.217,39.217,0.47,10.0,0.44,10.0,0.53,6.0,0.54,18.14,0.47,6.0,0.46,18.14,0.53,10.0,0.56,10.0,0.06,0.06,0.093121,1776235238000
1776235240.329,40.329,0.47,10.0,0.44,10.0,0.53,6.0,0.54,18.14,0.47,6.0,0.46,18.14,0.53,10.0,0.56,10.0,0.06,0.06,0.093121,1776235239000
1776235240.89,40.89,0.47,10.0,0.44,10.0,0.53,6.0,0.54,18.14,0.47,6.0,0.46,18.14,0.53,10.0,0.56,10.0,0.06,0.06,0.093121,1776235240000
1776235241.947,41.947,0.47,10.0,0.44,10.0,0.53,6.0,0.54,18.14,0.47,6.0,0.46,18.14,0.53,10.0,0.56,10.0,0.06,0.06,0.093118,1776235241000
1776235242.957,42.957,0.47,10.0,0.44,10.0,0.53,6.0,0.54,18.14,0.47,6.0,0.46,18.14,0.53,10.0,0.56,10.0,0.06,0.06,0.093118,1776235242000
1776235244.02,44.02,0.47,10.0,0.44,10.0,0.53,6.0,0.54,18.14,0.47,6.0,0.46,18.14,0.53,10.0,0.56,10.0,0.06,0.06,0.093118,1776235243000
1776235245.053,45.053,0.47,10.0,0.44,10.0,0.53,6.0,0.54,18.14,0.47,6.0,0.46,18.14,0.53,10.0,0.56,10.0,0.06,0.06,0.093117,1776235244000
1776235246.07,46.07,0.47,10.0,0.44,10.0,0.53,6.0,0.54,18.14,0.47,6.0,0.46,18.14,0.53,10.0,0.56,10.0,0.06,0.06,0.093117,1776235245000
1776235247.125,47.125,0.47,10.0,0.44,10.0,0.53,6.0,0.54,18.14,0.47,6.0,0.46,18.14,0.53,10.0,0.56,10.0,0.06,0.06,0.093113,1776235246000
1776235248.051,48.051,0.47,10.0,0.44,10.0,0.53,6.0,0.54,18.14,0.47,6.0,0.46,18.14,0.53,10.0,0.56,10.0,0.06,0.06,0.093109,1776235247000
1776235249.128,49.128,0.47,10.0,0.44,10.0,0.53,6.0,0.54,18.14,0.47,6.0,0.46,18.14,0.53,10.0,0.56,10.0,0.06,0.06,0.093109,1776235248000
1776235250.091,50.091,0.47,10.0,0.44,10.0,0.53,6.0,0.54,18.14,0.47,6.0,0.46,18.14,0.53,10.0,0.56,10.0,0.06,0.06,0.093112,1776235249000
1776235251.119,51.119,0.47,10.0,0.44,10.0,0.53,6.0,0.54,18.14,0.47,6.0,0.46,18.14,0.53,10.0,0.56,10.0,0.06,0.06,0.093114,1776235250000
1776235252.22,52.22,0.47,10.0,0.44,10.0,0.53,6.0,0.54,18.14,0.47,6.0,0.46,18.14,0.53,10.0,0.56,10.0,0.06,0.06,0.093114,1776235251000
1776235253.95,53.95,0.47,10.0,0.44,10.0,0.53,6.0,0.54,18.14,0.47,6.0,0.46,18.14,0.53,10.0,0.56,10.0,0.06,0.06,0.093114,1776235252000
1776235254.891,54.891,0.47,10.0,0.44,10.0,0.53,6.0,0.54,18.14,0.47,6.0,0.46,18.14,0.53,10.0,0.56,10.0,0.06,0.06,0.093115,1776235253000
1776235255.398,55.398,0.47,10.0,0.44,10.0,0.53,6.0,0.54,18.14,0.47,6.0,0.46,18.14,0.53,10.0,0.56,10.0,0.06,0.06,0.093116,1776235254000
1776235255.982,55.982,0.47,10.0,0.44,10.0,0.53,6.0,0.54,18.14,0.47,6.0,0.46,18.14,0.53,10.0,0.56,10.0,0.06,0.06,0.093116,1776235255000
1776235257.502,57.502,0.47,10.0,0.44,10.0,0.53,6.0,0.54,18.14,0.47,6.0,0.46,18.14,0.53,10.0,0.56,10.0,0.06,0.06,0.093116,1776235256000
1776235258.501,58.501,0.47,10.0,0.44,10.0,0.53,6.0,0.54,18.14,0.47,6.0,0.46,18.14,0.53,10.0,0.56,10.0,0.06,0.06,0.093116,1776235257000
1776235259.057,59.057,0.47,10.0,0.44,10.0,0.53,6.0,0.54,18.14,0.47,6.0,0.46,18.14,0.53,10.0,0.56,10.0,0.06,0.06,0.093116,1776235258000
1776235260.279,60.279,0.47,10.0,0.44,10.0,0.53,6.0,0.54,18.14,0.47,6.0,0.46,18.14,0.53,10.0,0.56,10.0,0.06,0.06,0.093116,1776235259000
1776235261.717,61.717,0.47,10.0,0.44,10.0,0.53,6.0,0.54,18.14,0.47,6.0,0.46,18.14,0.53,10.0,0.56,10.0,0.06,0.06,0.093116,1776235260000
1776235262.415,62.415,0.42,10.0,0.37,11.2,0.47,5.0,0.48,10.0,0.53,5.0,0.52,10.0,0.58,10.0,0.63,11.2,0.05,0.05,0.093116,1776235261000
1776235263.145,63.145,0.42,10.0,0.37,11.2,0.47,5.0,0.48,10.0,0.53,5.0,0.52,10.0,0.58,10.0,0.63,11.2,0.05,0.05,0.093116,1776235262000
1776235264.41,64.41,0.42,10.0,0.37,11.2,0.47,5.0,0.48,10.0,0.53,5.0,0.52,10.0,0.58,10.0,0.63,11.2,0.05,0.05,0.093121,1776235263000
1776235265.249,65.249,0.42,10.0,0.37,11.2,0.47,5.0,0.48,10.0,0.53,5.0,0.52,10.0,0.58,10.0,0.63,11.2,0.05,0.05,0.093121,1776235264000
1776235266.599,66.599,0.42,10.0,0.37,11.2,0.47,5.0,0.48,10.0,0.53,5.0,0.52,10.0,0.58,10.0,0.63,11.2,0.05,0.05,0.093123,1776235265000
1776235267.253,67.253,0.42,10.0,0.37,11.2,0.47,5.0,0.48,10.0,0.53,5.0,0.52,10.0,0.58,10.0,0.63,11.2,0.05,0.05,0.093122,1776235266000
1776235268.513,68.513,0.42,10.0,0.37,11.2,0.47,5.0,0.48,10.0,0.53,5.0,0.52,10.0,0.58,10.0,0.63,11.2,0.05,0.05,0.093122,1776235267000
1776235269.408,69.408,0.42,10.0,0.37,11.2,0.47,5.0,0.48,10.0,0.53,5.0,0.52,10.0,0.58,10.0,0.63,11.2,0.05,0.05,0.093121,1776235268000
1776235270.528,70.528,0.42,10.0,0.37,11.2,0.47,5.0,0.48,10.0,0.53,5.0,0.52,10.0,0.58,10.0,0.63,11.2,0.05,0.05,0.093121,1776235269000
1776235271.655,71.655,0.52,5.0,0.5,5.0,0.54,1.0,0.55,10.0,0.53,5.0,0.52,10.0,0.58,10.0,0.63,11.2,0.02,0.05,0.093121,1776235269000
1776235272.255,72.255,0.52,5.0,0.5,5.0,0.54,1.0,0.55,10.0,0.46,1.0,0.45,10.0,0.48,5.0,0.5,5.0,0.02,0.02,0.093141,1776235271000
1776235273.369,73.369,0.52,5.0,0.5,5.0,0.54,1.0,0.55,10.0,0.46,1.0,0.45,10.0,0.48,5.0,0.5,5.0,0.02,0.02,0.093141,1776235272000
1776235273.897,73.897,0.52,5.0,0.5,5.0,0.54,1.0,0.55,10.0,0.46,1.0,0.45,10.0,0.48,5.0,0.5,5.0,0.02,0.02,0.093141,1776235273000
1776235274.955,74.955,0.52,5.0,0.5,5.0,0.54,1.0,0.55,10.0,0.46,1.0,0.45,10.0,0.48,5.0,0.5,5.0,0.02,0.02,0.093142,1776235274000
1776235276.064,76.064,0.52,5.0,0.5,5.0,0.54,1.0,0.55,10.0,0.46,1.0,0.45,10.0,0.48,5.0,0.5,5.0,0.02,0.02,0.093142,1776235275000
1776235277.113,77.113,0.52,5.0,0.5,5.0,0.54,1.0,0.55,10.0,0.46,1.0,0.45,10.0,0.48,5.0,0.5,5.0,0.02,0.02,0.093143,1776235276000
1776235278.188,78.188,0.52,5.0,0.5,5.0,0.54,1.0,0.55,10.0,0.46,1.0,0.45,10.0,0.48,5.0,0.5,5.0,0.02,0.02,0.093143,1776235277000
1776235279.24,79.24,0.52,5.0,0.5,5.0,0.54,1.0,0.55,10.0,0.46,1.0,0.45,10.0,0.48,5.0,0.5,5.0,0.02,0.02,0.093143,1776235278000
1776235280.307,80.307,0.52,5.0,0.5,5.0,0.54,1.0,0.55,10.0,0.46,1.0,0.45,10.0,0.48,5.0,0.5,5.0,0.02,0.02,0.093143,1776235279000
1776235281.409,81.409,0.52,5.0,0.5,5.0,0.54,1.0,0.55,10.0,0.46,1.0,0.45,10.0,0.48,5.0,0.5,5.0,0.02,0.02,0.093143,1776235280000
1776235282.371,82.371,0.52,5.0,0.5,5.0,0.54,1.0,0.55,10.0,0.46,1.0,0.45,10.0,0.48,5.0,0.5,5.0,0.02,0.02,0.093143,1776235281000
1776235283.336,83.336,0.52,5.0,0.5,5.0,0.54,1.0,0.55,10.0,0.46,1.0,0.45,10.0,0.48,5.0,0.5,5.0,0.02,0.02,0.093143,1776235282000
1776235283.947,83.947,0.52,5.0,0.5,5.0,0.54,1.0,0.55,10.0,0.46,1.0,0.45,10.0,0.48,5.0,0.5,5.0,0.02,0.02,0.093143,1776235283000
1776235285.643,85.643,0.52,5.0,0.5,5.0,0.54,1.0,0.55,10.0,0.46,1.0,0.45,10.0,0.48,5.0,0.5,5.0,0.02,0.02,0.093143,1776235284000
1776235286.205,86.205,0.52,5.0,0.5,5.0,0.54,1.0,0.55,10.0,0.46,1.0,0.45,10.0,0.48,5.0,0.5,5.0,0.02,0.02,0.093143,1776235285000
1776235287.319,87.319,0.52,5.0,0.5,5.0,0.54,1.0,0.55,10.0,0.46,1.0,0.45,10.0,0.48,5.0,0.5,5.0,0.02,0.02,0.093143,1776235286000
1776235287.937,87.937,0.52,5.0,0.5,5.0,0.54,1.0,0.55,10.0,0.46,1.0,0.45,10.0,0.48,5.0,0.5,5.0,0.02,0.02,0.093143,1776235287000
1776235289.137,89.137,0.52,5.0,0.5,5.0,0.54,1.0,0.55,10.0,0.46,1.0,0.45,10.0,0.48,5.0,0.5,5.0,0.02,0.02,0.093143,1776235288000
1776235290.224,90.224,0.52,5.0,0.5,5.0,0.54,1.0,0.55,10.0,0.46,1.0,0.45,10.0,0.48,5.0,0.5,5.0,0.02,0.02,0.093143,1776235289000
1776235291.335,91.335,0.52,5.0,0.5,5.0,0.54,1.0,0.55,10.0,0.46,1.0,0.45,10.0,0.48,5.0,0.5,5.0,0.02,0.02,0.093144,1776235290000
1776235292.473,92.473,0.52,5.0,0.5,5.0,0.54,1.0,0.55,10.0,0.46,1.0,0.45,10.0,0.48,5.0,0.5,5.0,0.02,0.02,0.093149,1776235291000
1776235299.721,99.721,0.52,5.0,0.5,5.0,0.54,1.0,0.55,10.0,0.46,1.0,0.45,10.0,0.48,5.0,0.5,5.0,0.02,0.02,0.093151,1776235298000
1776235300.143,100.143,0.52,5.0,0.5,5.0,0.54,1.0,0.55,10.0,0.46,1.0,0.45,10.0,0.48,5.0,0.5,5.0,0.02,0.02,0.093151,1776235299000
1776235301.522,101.522,0.52,5.0,0.5,5.0,0.54,1.0,0.55,10.0,0.46,1.0,0.45,10.0,0.48,5.0,0.5,5.0,0.02,0.02,0.093151,1776235300000
1776235302.247,102.247,0.52,5.0,0.5,5.0,0.54,1.0,0.55,10.0,0.46,1.0,0.45,10.0,0.48,5.0,0.5,5.0,0.02,0.02,0.093151,1776235301000
1776235303.567,103.567,0.52,5.0,0.5,5.0,0.54,1.0,0.55,10.0,0.46,1.0,0.45,10.0,0.48,5.0,0.5,5.0,0.02,0.02,0.093154,1776235302000
1776235304.143,104.143,0.52,5.0,0.5,5.0,0.54,1.0,0.55,10.0,0.46,1.0,0.45,10.0,0.48,5.0,0.5,5.0,0.02,0.02,0.093153,1776235303000
1776235305.227,105.227,0.52,5.0,0.5,5.0,0.54,1.0,0.55,10.0,0.46,1.0,0.45,10.0,0.48,5.0,0.5,5.0,0.02,0.02,0.093153,1776235304000
1776235306.777,106.777,0.52,5.0,0.5,5.0,0.54,1.0,0.55,10.0,0.46,1.0,0.45,10.0,0.48,5.0,0.5,5.0,0.02,0.02,0.093151,1776235305000
1776235307.494,107.494,0.52,5.0,0.5,5.0,0.54,1.0,0.55,10.0,0.46,1.0,0.45,10.0,0.48,5.0,0.5,5.0,0.02,0.02,0.093153,1776235306000
1776235308.123,108.123,0.52,5.0,0.5,5.0,0.54,1.0,0.55,10.0,0.46,1.0,0.45,10.0,0.48,5.0,0.5,5.0,0.02,0.02,0.093153,1776235307000
1776235309.361,109.361,0.52,5.0,0.5,5.0,0.54,1.0,0.55,10.0,0.46,1.0,0.45,10.0,0.48,5.0,0.5,5.0,0.02,0.02,0.093153,1776235308000
1776235310.017,110.017,0.52,5.0,0.5,5.0,0.54,1.0,0.55,10.0,0.46,1.0,0.45,10.0,0.48,5.0,0.5,5.0,0.02,0.02,0.093153,1776235309000
1776235311.174,111.174,0.52,5.0,0.5,5.0,0.54,1.0,0.55,10.0,0.46,1.0,0.45,10.0,0.48,5.0,0.5,5.0,0.02,0.02,0.093153,1776235310000
1776235312.405,112.405,0.52,5.0,0.5,5.0,0.54,1.0,0.55,10.0,0.46,1.0,0.45,10.0,0.48,5.0,0.5,5.0,0.02,0.02,0.093152,1776235311000
1776235312.967,112.967,0.52,5.0,0.5,5.0,0.54,1.0,0.55,10.0,0.46,1.0,0.45,10.0,0.48,5.0,0.5,5.0,0.02,0.02,0.093149,1776235312000
1776235314.172,114.172,0.52,5.0,0.5,5.0,0.54,1.0,0.55,10.0,0.46,1.0,0.45,10.0,0.48,5.0,0.5,5.0,0.02,0.02,0.093149,1776235313000
1776235315.46,115.46,0.52,5.0,0.5,5.0,0.54,1.0,0.55,10.0,0.46,1.0,0.45,10.0,0.48,5.0,0.5,5.0,0.02,0.02,0.093152,1776235314000
1776235316.738,116.738,0.52,5.0,0.5,5.0,0.54,1.0,0.55,10.0,0.46,1.0,0.45,10.0,0.48,5.0,0.5,5.0,0.02,0.02,0.093156,1776235315000
1776235317.346,117.346,0.52,5.0,0.5,5.0,0.54,1.0,0.55,10.0,0.46,1.0,0.45,10.0,0.48,5.0,0.5,5.0,0.02,0.02,0.093156,1776235316000
1776235318.462,118.462,0.52,5.0,0.5,5.0,0.54,1.0,0.55,10.0,0.46,1.0,0.45,10.0,0.48,5.0,0.5,5.0,0.02,0.02,0.093156,1776235317000
1776235319.059,119.059,0.52,5.0,0.5,5.0,0.54,1.0,0.55,10.0,0.46,1.0,0.45,10.0,0.48,5.0,0.5,5.0,0.02,0.02,0.093156,1776235318000
1776235320.087,120.087,0.52,5.0,0.5,5.0,0.54,1.0,0.55,10.0,0.46,1.0,0.45,10.0,0.48,5.0,0.5,5.0,0.02,0.02,0.093156,1776235319000
1776235321.296,121.296,0.52,5.0,0.5,5.0,0.54,1.0,0.55,10.0,0.46,1.0,0.45,10.0,0.48,5.0,0.5,5.0,0.02,0.02,0.093156,1776235320000
1776235322.279,122.279,0.58,2.66,0.55,5.0,0.68,5.0,0.69,12.2,0.46,1.0,0.45,10.0,0.48,5.0,0.5,5.0,0.1,0.02,0.093156,1776235320000
1776235323.019,123.019,0.58,2.66,0.55,5.0,0.68,5.0,0.69,12.2,0.32,5.0,0.31,12.2,0.42,2.66,0.45,5.0,0.1,0.1,0.093156,1776235322000
1776235324.142,124.142,0.58,2.66,0.55,5.0,0.68,5.0,0.69,12.2,0.32,5.0,0.31,12.2,0.42,2.66,0.45,5.0,0.1,0.1,0.093156,1776235323000
1776235325.287,125.287,0.58,2.66,0.55,5.0,0.68,5.0,0.69,12.2,0.32,5.0,0.31,12.2,0.42,2.66,0.45,5.0,0.1,0.1,0.093157,1776235324000
1776235326.337,126.337,0.58,2.66,0.55,5.0,0.68,5.0,0.69,12.2,0.32,5.0,0.31,12.2,0.42,2.66,0.45,5.0,0.1,0.1,0.093156,1776235325000
1776235326.931,126.931,0.58,2.66,0.55,5.0,0.68,5.0,0.69,12.2,0.32,5.0,0.31,12.2,0.42,2.66,0.45,5.0,0.1,0.1,0.093154,1776235326000
1776235328.049,128.049,0.58,2.66,0.55,5.0,0.68,5.0,0.69,12.2,0.32,5.0,0.31,12.2,0.42,2.66,0.45,5.0,0.1,0.1,0.09315,1776235327000
1776235329.074,129.074,0.58,2.66,0.55,5.0,0.68,5.0,0.69,12.2,0.32,5.0,0.31,12.2,0.42,2.66,0.45,5.0,0.1,0.1,0.09315,1776235328000
1776235330.187,130.187,0.58,2.66,0.55,5.0,0.68,5.0,0.69,12.2,0.32,5.0,0.31,12.2,0.42,2.66,0.45,5.0,0.1,0.1,0.093151,1776235329000
1776235331.59,131.59,0.58,2.66,0.55,5.0,0.68,5.0,0.69,12.2,0.32,5.0,0.31,12.2,0.42,2.66,0.45,5.0,0.1,0.1,0.093152,1776235330000
1776235332.493,132.493,0.58,2.66,0.55,5.0,0.68,5.0,0.69,12.2,0.32,5.0,0.31,12.2,0.42,2.66,0.45,5.0,0.1,0.1,0.093153,1776235331000
1776235333.151,133.151,0.58,2.66,0.55,5.0,0.68,5.0,0.69,12.2,0.32,5.0,0.31,12.2,0.42,2.66,0.45,5.0,0.1,0.1,0.093153,1776235332000
1776235335.437,135.437,0.58,2.66,0.55,5.0,0.68,5.0,0.69,12.2,0.32,5.0,0.31,12.2,0.42,2.66,0.45,5.0,0.1,0.1,0.093158,1776235334000
1776235336.133,136.133,0.58,2.66,0.55,5.0,0.68,5.0,0.69,12.2,0.32,5.0,0.31,12.2,0.42,2.66,0.45,5.0,0.1,0.1,0.093158,1776235335000
1776235337.874,137.874,0.58,2.66,0.55,5.0,0.68,5.0,0.69,12.2,0.32,5.0,0.31,12.2,0.42,2.66,0.45,5.0,0.1,0.1,0.093158,1776235336000
1776235338.631,138.631,0.58,2.66,0.55,5.0,0.68,5.0,0.69,12.2,0.32,5.0,0.31,12.2,0.42,2.66,0.45,5.0,0.1,0.1,0.093158,1776235337000
1776235339.526,139.526,0.58,2.66,0.55,5.0,0.68,5.0,0.69,12.2,0.32,5.0,0.31,12.2,0.42,2.66,0.45,5.0,0.1,0.1,0.093158,1776235338000
1776235340.333,140.333,0.58,2.66,0.55,5.0,0.68,5.0,0.69,12.2,0.32,5.0,0.31,12.2,0.42,2.66,0.45,5.0,0.1,0.1,0.093156,1776235339000
1776235341.118,141.118,0.58,2.66,0.55,5.0,0.68,5.0,0.69,12.2,0.32,5.0,0.31,12.2,0.42,2.66,0.45,5.0,0.1,0.1,0.093157,1776235340000
1776235342.693,142.693,0.58,2.66,0.55,5.0,0.68,5.0,0.69,12.2,0.32,5.0,0.31,12.2,0.42,2.66,0.45,5.0,0.1,0.1,0.093157,1776235341000
1776235343.459,143.459,0.58,2.66,0.55,5.0,0.68,5.0,0.69,12.2,0.32,5.0,0.31,12.2,0.42,2.66,0.45,5.0,0.1,0.1,0.093152,1776235342000
1776235344.246,144.246,0.58,2.66,0.55,5.0,0.68,5.0,0.69,12.2,0.32,5.0,0.31,12.2,0.42,2.66,0.45,5.0,0.1,0.1,0.093153,1776235343000
1776235345.851,145.851,0.58,2.66,0.55,5.0,0.68,5.0,0.69,12.2,0.32,5.0,0.31,12.2,0.42,2.66,0.45,5.0,0.1,0.1,0.093152,1776235344000
1776235346.558,146.558,0.58,2.66,0.55,5.0,0.68,5.0,0.69,12.2,0.32,5.0,0.31,12.2,0.42,2.66,0.45,5.0,0.1,0.1,0.093154,1776235345000
1776235347.39,147.39,0.58,2.66,0.55,5.0,0.68,5.0,0.69,12.2,0.32,5.0,0.31,12.2,0.42,2.66,0.45,5.0,0.1,0.1,0.093155,1776235346000
1776235348.146,148.146,0.58,2.66,0.55,5.0,0.68,5.0,0.69,12.2,0.32,5.0,0.31,12.2,0.42,2.66,0.45,5.0,0.1,0.1,0.093154,1776235347000
1776235349.586,149.586,0.58,2.66,0.55,5.0,0.68,5.0,0.69,12.2,0.32,5.0,0.31,12.2,0.42,2.66,0.45,5.0,0.1,0.1,0.093154,1776235348000
1776235350.451,150.451,0.58,2.66,0.55,5.0,0.68,5.0,0.69,12.2,0.32,5.0,0.31,12.2,0.42,2.66,0.45,5.0,0.1,0.1,0.093154,1776235349000
1776235351.226,151.226,0.58,2.66,0.55,5.0,0.68,5.0,0.69,12.2,0.32,5.0,0.31,12.2,0.42,2.66,0.45,5.0,0.1,0.1,0.093155,1776235350000
1776235352.206,152.206,0.58,2.66,0.55,5.0,0.68,5.0,0.69,12.2,0.32,5.0,0.31,12.2,0.42,2.66,0.45,5.0,0.1,0.1,0.093155,1776235351000
1776235353.371,153.371,0.58,2.66,0.55,5.0,0.68,5.0,0.69,12.2,0.32,5.0,0.31,12.2,0.42,2.66,0.45,5.0,0.1,0.1,0.093156,1776235352000
1776235354.019,154.019,0.58,2.66,0.55,5.0,0.68,5.0,0.69,12.2,0.32,5.0,0.31,12.2,0.42,2.66,0.45,5.0,0.1,0.1,0.093156,1776235353000
1776235355.16,155.16,0.58,2.66,0.55,5.0,0.68,5.0,0.69,12.2,0.32,5.0,0.31,12.2,0.42,2.66,0.45,5.0,0.1,0.1,0.093156,1776235354000
1776235356.323,156.323,0.58,2.66,0.55,5.0,0.68,5.0,0.69,12.2,0.32,5.0,0.31,12.2,0.42,2.66,0.45,5.0,0.1,0.1,0.093156,1776235355000
1776235357.391,157.391,0.58,2.66,0.55,5.0,0.68,5.0,0.69,12.2,0.32,5.0,0.31,12.2,0.42,2.66,0.45,5.0,0.1,0.1,0.093155,1776235356000
1776235357.89,157.89,0.58,2.66,0.55,5.0,0.68,5.0,0.69,12.2,0.32,5.0,0.31,12.2,0.42,2.66,0.45,5.0,0.1,0.1,0.093155,1776235357000
1776235359.077,159.077,0.58,2.66,0.55,5.0,0.68,5.0,0.69,12.2,0.32,5.0,0.31,12.2,0.42,2.66,0.45,5.0,0.1,0.1,0.093155,1776235358000
1776235360.259,160.259,0.58,2.66,0.55,5.0,0.68,5.0,0.69,12.2,0.32,5.0,0.31,12.2,0.42,2.66,0.45,5.0,0.1,0.1,0.093155,1776235359000
1776235361.387,161.387,0.58,2.66,0.55,5.0,0.68,5.0,0.69,12.2,0.32,5.0,0.31,12.2,0.42,2.66,0.45,5.0,0.1,0.1,0.093155,1776235360000
1776235361.948,161.948,0.58,2.66,0.55,5.0,0.68,5.0,0.69,12.2,0.32,5.0,0.31,12.2,0.42,2.66,0.45,5.0,0.1,0.1,0.093157,1776235361000
1776235363.203,163.203,0.58,2.66,0.55,5.0,0.68,5.0,0.69,12.2,0.32,5.0,0.31,12.2,0.42,2.66,0.45,5.0,0.1,0.1,0.093157,1776235362000
1776235364.241,164.241,0.58,2.66,0.55,5.0,0.68,5.0,0.69,12.2,0.32,5.0,0.31,12.2,0.42,2.66,0.45,5.0,0.1,0.1,0.093157,1776235363000
1776235365.323,165.323,0.58,2.66,0.55,5.0,0.68,5.0,0.69,12.2,0.32,5.0,0.31,12.2,0.42,2.66,0.45,5.0,0.1,0.1,0.093157,1776235364000
1776235366.953,166.953,0.58,2.66,0.55,5.0,0.68,5.0,0.69,12.2,0.32,5.0,0.31,12.2,0.42,2.66,0.45,5.0,0.1,0.1,0.093157,1776235366000
1776235368.069,168.069,0.58,2.66,0.55,5.0,0.68,5.0,0.69,12.2,0.32,5.0,0.31,12.2,0.42,2.66,0.45,5.0,0.1,0.1,0.093157,1776235367000
1776235369.109,169.109,0.58,2.66,0.55,5.0,0.68,5.0,0.69,12.2,0.32,5.0,0.31,12.2,0.42,2.66,0.45,5.0,0.1,0.1,0.093157,1776235368000
1776235370.185,170.185,0.58,2.66,0.55,5.0,0.68,5.0,0.69,12.2,0.32,5.0,0.31,12.2,0.42,2.66,0.45,5.0,0.1,0.1,0.093157,1776235369000
1776235371.307,171.307,0.58,2.66,0.55,5.0,0.68,5.0,0.69,12.2,0.32,5.0,0.31,12.2,0.42,2.66,0.45,5.0,0.1,0.1,0.093159,1776235370000
1776235372.335,172.335,0.58,2.66,0.55,5.0,0.68,5.0,0.69,12.2,0.32,5.0,0.31,12.2,0.42,2.66,0.45,5.0,0.1,0.1,0.093159,1776235371000
1776235372.943,172.943,0.58,2.66,0.55,5.0,0.68,5.0,0.69,12.2,0.32,5.0,0.31,12.2,0.42,2.66,0.45,5.0,0.1,0.1,0.093159,1776235372000
1776235374.072,174.072,0.58,2.66,0.55,5.0,0.68,5.0,0.69,12.2,0.32,5.0,0.31,12.2,0.42,2.66,0.45,5.0,0.1,0.1,0.093156,1776235373000
1776235375.135,175.135,0.58,2.66,0.55,5.0,0.68,5.0,0.69,12.2,0.32,5.0,0.31,12.2,0.42,2.66,0.45,5.0,0.1,0.1,0.093156,1776235374000
1776235376.242,176.242,0.58,2.66,0.55,5.0,0.68,5.0,0.69,12.2,0.32,5.0,0.31,12.2,0.42,2.66,0.45,5.0,0.1,0.1,0.093156,1776235375000
1776235377.33,177.33,0.58,2.66,0.55,5.0,0.68,5.0,0.69,12.2,0.32,5.0,0.31,12.2,0.42,2.66,0.45,5.0,0.1,0.1,0.093156,1776235376000
1776235378.37,178.37,0.58,2.66,0.55,5.0,0.68,5.0,0.69,12.2,0.32,5.0,0.31,12.2,0.42,2.66,0.45,5.0,0.1,0.1,0.093156,1776235377000
1776235378.924,178.924,0.58,2.66,0.55,5.0,0.68,5.0,0.69,12.2,0.32,5.0,0.31,12.2,0.42,2.66,0.45,5.0,0.1,0.1,0.093154,1776235378000
1776235380.019,180.019,0.58,2.66,0.55,5.0,0.68,5.0,0.69,12.2,0.32,5.0,0.31,12.2,0.42,2.66,0.45,5.0,0.1,0.1,0.093154,1776235379000
1776235380.947,180.947,0.58,2.66,0.55,5.0,0.68,5.0,0.69,12.2,0.32,5.0,0.31,12.2,0.42,2.66,0.45,5.0,0.1,0.1,0.093157,1776235380000
1776235382.344,182.344,0.58,2.66,0.55,5.0,0.68,5.0,0.69,12.2,0.32,5.0,0.31,12.2,0.42,2.66,0.45,5.0,0.1,0.1,0.093176,1776235381000
1776235382.871,182.871,0.58,2.66,0.55,5.0,0.68,5.0,0.69,12.2,0.32,5.0,0.31,12.2,0.42,2.66,0.45,5.0,0.1,0.1,0.093173,1776235382000
1776235383.992,183.992,0.58,2.66,0.55,5.0,0.68,5.0,0.69,12.2,0.32,5.0,0.31,12.2,0.42,2.66,0.45,5.0,0.1,0.1,0.093162,1776235383000
1776235385.055,185.055,0.58,2.66,0.55,5.0,0.68,5.0,0.69,12.2,0.32,5.0,0.31,12.2,0.42,2.66,0.45,5.0,0.1,0.1,0.093163,1776235384000
1776235386.038,186.038,0.58,2.66,0.55,5.0,0.68,5.0,0.69,12.2,0.32,5.0,0.31,12.2,0.42,2.66,0.45,5.0,0.1,0.1,0.093164,1776235385000
1776235386.762,186.762,0.78,5.0,0.77,5.0,0.81,4.68,0.82,6.0,0.32,5.0,0.31,12.2,0.42,2.66,0.45,5.0,0.03,0.1,0.093164,1776235385000
1776235387.129,187.129,0.78,5.0,0.77,5.0,0.81,4.68,0.82,6.0,0.19,4.68,0.18,6.0,0.22,5.0,0.23,5.0,0.03,0.03,0.093164,1776235386000
1776235388.417,188.417,0.78,5.0,0.77,5.0,0.81,4.68,0.82,6.0,0.19,4.68,0.18,6.0,0.22,5.0,0.23,5.0,0.03,0.03,0.093177,1776235387000
1776235389.028,189.028,0.78,5.0,0.77,5.0,0.81,4.68,0.82,6.0,0.19,4.68,0.18,6.0,0.22,5.0,0.23,5.0,0.03,0.03,0.093181,1776235388000
1776235390.24,190.24,0.78,5.0,0.77,5.0,0.81,4.68,0.82,6.0,0.19,4.68,0.18,6.0,0.22,5.0,0.23,5.0,0.03,0.03,0.093181,1776235389000
1776235391.367,191.367,0.78,5.0,0.77,5.0,0.81,4.68,0.82,6.0,0.19,4.68,0.18,6.0,0.22,5.0,0.23,5.0,0.03,0.03,0.093181,1776235390000
1776235392.501,192.501,0.78,10.0,0.77,14.7,0.87,23.0,0.88,29.6,0.13,23.0,0.12,29.6,0.22,10.0,0.23,14.7,0.09,0.09,0.09318,1776235391000
1776235393.043,193.043,0.78,10.0,0.77,14.7,0.87,23.0,0.88,29.6,0.13,23.0,0.12,29.6,0.22,10.0,0.23,14.7,0.09,0.09,0.09318,1776235392000
1776235394.297,194.297,0.78,10.0,0.77,14.7,0.87,20.7,0.88,29.6,0.13,23.0,0.12,29.6,0.22,10.0,0.23,14.7,0.09,0.09,0.09318,1776235392000
1776235395.123,195.123,0.78,10.0,0.77,14.7,0.87,20.7,0.88,29.6,0.13,20.7,0.12,29.6,0.22,10.0,0.23,14.7,0.09,0.09,0.09318,1776235394000
1776235396.182,196.182,0.78,10.0,0.77,14.7,0.87,20.7,0.88,29.6,0.13,20.7,0.12,29.6,0.22,10.0,0.23,14.7,0.09,0.09,0.09318,1776235395000
1776235397.444,197.444,0.78,10.0,0.77,14.7,0.87,20.7,0.88,29.6,0.13,20.7,0.12,29.6,0.22,10.0,0.23,14.7,0.09,0.09,0.09318,1776235396000
1776235397.907,197.907,0.78,10.0,0.77,14.7,0.87,20.7,0.88,29.6,0.13,20.7,0.12,29.6,0.22,10.0,0.23,14.7,0.09,0.09,0.09318,1776235397000
1776235398.856,198.856,0.78,10.0,0.77,14.7,0.87,20.7,0.88,29.6,0.13,20.7,0.12,29.6,0.22,10.0,0.23,14.7,0.09,0.09,0.09318,1776235398000
1776235399.957,199.957,0.78,10.0,0.77,14.7,0.87,20.7,0.88,29.6,0.13,20.7,0.12,29.6,0.22,10.0,0.23,14.7,0.09,0.09,0.09318,1776235399000
1776235400.873,200.873,0.78,10.0,0.77,14.7,0.87,20.7,0.88,29.6,0.13,20.7,0.12,29.6,0.22,10.0,0.23,14.7,0.09,0.09,0.093181,1776235400000
1776235401.67,201.67,0.8,6.0,0.79,5.0,0.87,18.4,0.88,24.6,0.13,20.7,0.12,29.6,0.22,10.0,0.23,14.7,0.07,0.09,0.093181,1776235400000
1776235401.923,201.923,0.8,6.0,0.79,5.0,0.87,18.4,0.88,24.6,0.13,18.4,0.12,24.6,0.2,6.0,0.21,5.0,0.07,0.07,0.09318,1776235401000
1776235402.907,202.907,0.8,6.0,0.79,5.0,0.87,18.4,0.88,24.6,0.13,18.4,0.12,24.6,0.2,6.0,0.21,5.0,0.07,0.07,0.09318,1776235402000
1776235403.983,203.983,0.8,6.0,0.79,5.0,0.87,18.4,0.88,24.6,0.13,18.4,0.12,24.6,0.2,6.0,0.21,5.0,0.07,0.07,0.09318,1776235403000
1776235404.849,204.849,0.8,6.0,0.79,5.0,0.87,18.4,0.88,24.6,0.13,18.4,0.12,24.6,0.2,6.0,0.21,5.0,0.07,0.07,0.09318,1776235404000
1776235405.917,205.917,0.8,6.0,0.79,5.0,0.87,18.4,0.88,24.6,0.13,18.4,0.12,24.6,0.2,6.0,0.21,5.0,0.07,0.07,0.09318,1776235405000
1776235406.916,206.916,0.8,6.0,0.79,5.0,0.87,18.4,0.88,24.6,0.13,18.4,0.12,24.6,0.2,6.0,0.21,5.0,0.07,0.07,0.09318,1776235406000
1776235408.505,208.505,0.8,6.0,0.79,5.0,0.87,18.4,0.88,24.6,0.13,18.4,0.12,24.6,0.2,6.0,0.21,5.0,0.07,0.07,0.09318,1776235407000
1776235409.046,209.046,0.8,6.0,0.79,5.0,0.87,18.4,0.88,24.6,0.13,18.4,0.12,24.6,0.2,6.0,0.21,5.0,0.07,0.07,0.09318,1776235408000
1776235410.263,210.263,0.8,6.0,0.79,5.0,0.87,18.4,0.88,24.6,0.13,18.4,0.12,24.6,0.2,6.0,0.21,5.0,0.07,0.07,0.09318,1776235409000
1776235411.679,211.679,0.8,6.0,0.79,5.0,0.87,18.4,0.88,24.6,0.13,18.4,0.12,24.6,0.2,6.0,0.21,5.0,0.07,0.07,0.093176,1776235410000
1776235412.168,212.168,0.55,10.5,0.54,10.5,0.81,110.0,0.83,20.0,0.13,18.4,0.12,24.6,0.2,6.0,0.21,5.0,0.26,0.07,0.093176,1776235410000
1776235412.421,212.421,0.55,10.5,0.54,10.5,0.81,110.0,0.83,20.0,0.19,110.0,0.17,20.0,0.45,10.5,0.46,10.5,0.26,0.26,0.093176,1776235411000
1776235413.117,213.117,0.54,9.78,0.53,10.4,0.81,50.0,0.83,20.0,0.19,110.0,0.17,20.0,0.45,10.5,0.46,10.5,0.27,0.26,0.093176,1776235411000
1776235414.468,214.468,0.54,9.78,0.53,10.4,0.81,50.0,0.83,20.0,0.19,50.0,0.17,20.0,0.46,9.78,0.47,10.4,0.27,0.27,0.093156,1776235413000
1776235415.126,215.126,0.54,9.78,0.53,10.4,0.81,50.0,0.83,20.0,0.19,50.0,0.17,20.0,0.46,9.78,0.47,10.4,0.27,0.27,0.093151,1776235414000
1776235415.673,215.673,0.56,3.85,0.55,10.5,0.81,50.0,0.82,17.6,0.19,50.0,0.17,20.0,0.46,9.78,0.47,10.4,0.25,0.27,0.093151,1776235414000
1776235416.301,216.301,0.56,3.85,0.55,10.5,0.81,50.0,0.82,17.6,0.19,50.0,0.18,17.6,0.44,3.85,0.45,10.5,0.25,0.25,0.09315,1776235415000
1776235417.004,217.004,0.56,3.85,0.55,10.5,0.81,50.0,0.82,17.6,0.19,50.0,0.18,17.6,0.44,3.85,0.45,10.5,0.25,0.25,0.09315,1776235416000
1776235418.131,218.131,0.56,3.85,0.55,10.5,0.81,50.0,0.82,17.6,0.19,50.0,0.18,17.6,0.44,3.85,0.45,10.5,0.25,0.25,0.09315,1776235417000
1776235419.303,219.303,0.56,3.85,0.55,10.5,0.81,50.0,0.82,17.6,0.19,50.0,0.18,17.6,0.44,3.85,0.45,10.5,0.25,0.25,0.09315,1776235418000
1776235420.346,220.346,0.59,10.7,0.58,10.7,0.76,1.14,0.77,14.7,0.19,50.0,0.18,17.6,0.44,3.85,0.45,10.5,0.17,0.25,0.09315,1776235418000
1776235421.022,221.022,0.59,10.7,0.58,10.7,0.76,1.14,0.77,14.7,0.24,1.14,0.23,14.7,0.41,10.7,0.42,10.7,0.17,0.17,0.09315,1776235420000
1776235422.25,222.25,0.59,10.7,0.58,10.7,0.76,1.14,0.77,14.7,0.24,1.14,0.23,14.7,0.41,10.7,0.42,10.7,0.17,0.17,0.093151,1776235421000
1776235423.321,223.321,0.59,10.7,0.58,10.7,0.76,1.14,0.77,14.7,0.24,1.14,0.23,14.7,0.41,10.7,0.42,10.7,0.17,0.17,0.093151,1776235422000
1776235424.63,224.63,0.59,10.7,0.58,10.7,0.76,1.14,0.77,14.7,0.24,1.14,0.23,14.7,0.41,10.7,0.42,10.7,0.17,0.17,0.093151,1776235423000
1776235425.214,225.214,0.59,10.7,0.58,10.7,0.76,1.14,0.77,14.7,0.24,1.14,0.23,14.7,0.41,10.7,0.42,10.7,0.17,0.17,0.093151,1776235424000
1776235426.343,226.343,0.59,10.7,0.58,10.7,0.76,1.14,0.77,14.7,0.24,1.14,0.23,14.7,0.41,10.7,0.42,10.7,0.17,0.17,0.093154,1776235425000
1776235427.985,227.985,0.59,10.7,0.58,10.7,0.76,1.14,0.77,14.7,0.24,1.14,0.23,14.7,0.41,10.7,0.42,10.7,0.17,0.17,0.093155,1776235426000
1776235428.606,228.606,0.59,10.7,0.58,10.7,0.76,1.14,0.77,14.7,0.24,1.14,0.23,14.7,0.41,10.7,0.42,10.7,0.17,0.17,0.093155,1776235427000
1776235429.219,229.219,0.59,10.7,0.58,10.7,0.76,1.14,0.77,14.7,0.24,1.14,0.23,14.7,0.41,10.7,0.42,10.7,0.17,0.17,0.093159,1776235428000
1776235430.946,230.946,0.59,10.7,0.58,10.7,0.76,1.14,0.77,14.7,0.24,1.14,0.23,14.7,0.41,10.7,0.42,10.7,0.17,0.17,0.093163,1776235429000
1776235431.544,231.544,0.68,6.0,0.67,11.8,0.83,16.94,0.84,19.3,0.24,1.14,0.23,14.7,0.41,10.7,0.42,10.7,0.15,0.17,0.093163,1776235429000
1776235431.877,231.877,0.68,12.9,0.67,11.8,0.83,16.94,0.84,19.3,0.17,16.94,0.16,19.3,0.32,6.0,0.33,11.8,0.15,0.15,0.093163,1776235430000
1776235432.32,232.32,0.68,12.9,0.67,11.8,0.83,16.94,0.84,19.3,0.17,16.94,0.16,19.3,0.32,12.9,0.33,11.8,0.15,0.15,0.093162,1776235431000
1776235433.881,233.881,0.68,12.9,0.67,11.8,0.83,16.94,0.84,19.3,0.17,16.94,0.16,19.3,0.32,12.9,0.33,11.8,0.15,0.15,0.093162,1776235432000
1776235434.789,234.789,0.72,12.9,0.71,12.6,0.83,10.91,0.84,19.3,0.17,10.91,0.16,19.3,0.28,12.9,0.29,12.6,0.11,0.11,0.093162,1776235433000
1776235435.458,235.458,0.72,12.9,0.71,12.6,0.83,10.91,0.84,19.3,0.17,10.91,0.16,19.3,0.28,12.9,0.29,12.6,0.11,0.11,0.093162,1776235434000
1776235436.269,236.269,0.72,12.9,0.71,12.6,0.83,10.91,0.84,19.3,0.17,10.91,0.16,19.3,0.28,12.9,0.29,12.6,0.11,0.11,0.093162,1776235435000
1776235437.047,237.047,0.72,12.9,0.71,12.6,0.83,10.91,0.84,19.3,0.17,10.91,0.16,19.3,0.28,12.9,0.29,12.6,0.11,0.11,0.093162,1776235436000
1776235438.511,238.511,0.72,12.9,0.71,12.6,0.83,10.91,0.84,19.3,0.17,10.91,0.16,19.3,0.28,12.9,0.29,12.6,0.11,0.11,0.093162,1776235437000
1776235439.255,239.255,0.72,12.9,0.71,12.6,0.83,10.91,0.84,19.3,0.17,10.91,0.16,19.3,0.28,12.9,0.29,12.6,0.11,0.11,0.093162,1776235438000
1776235440.889,240.889,0.72,12.9,0.71,12.6,0.83,10.91,0.84,19.3,0.17,10.91,0.16,19.3,0.28,12.9,0.29,12.6,0.11,0.11,0.093162,1776235439000
1776235441.528,241.528,0.72,12.9,0.71,12.6,0.83,10.91,0.84,19.3,0.17,10.91,0.16,19.3,0.28,12.9,0.29,12.6,0.11,0.11,0.093162,1776235440000
1776235442.384,242.384,0.72,12.9,0.71,12.6,0.83,10.91,0.84,19.3,0.17,10.91,0.16,19.3,0.28,12.9,0.29,12.6,0.11,0.11,0.093162,1776235441000
1776235443.397,243.397,0.72,12.9,0.71,12.6,0.83,10.91,0.84,19.3,0.17,10.91,0.16,19.3,0.28,12.9,0.29,12.6,0.11,0.11,0.093162,1776235442000
1776235444.131,244.131,0.72,12.9,0.71,12.6,0.83,10.91,0.84,19.3,0.17,10.91,0.16,19.3,0.28,12.9,0.29,12.6,0.11,0.11,0.093162,1776235443000
1776235445.717,245.717,0.38,3.2,0.37,11.2,0.6,6.0,0.61,50.0,0.17,10.91,0.16,19.3,0.28,12.9,0.29,12.6,0.22,0.11,0.093162,1776235443000
1776235446.036,246.036,0.37,9.63,0.36,11.3,0.6,6.0,0.61,50.0,0.4,6.0,0.39,50.0,0.63,9.63,0.64,11.3,0.23,0.23,0.09316,1776235444000
1776235446.599,246.599,0.37,9.63,0.36,11.3,0.6,6.0,0.61,50.0,0.4,6.0,0.39,50.0,0.63,9.63,0.64,11.3,0.23,0.23,0.093151,1776235445000
1776235447.093,247.093,0.37,9.63,0.36,11.3,0.6,6.0,0.61,50.0,0.4,6.0,0.39,50.0,0.63,9.63,0.64,11.3,0.23,0.23,0.093141,1776235446000
1776235448.147,248.147,0.37,9.63,0.36,11.3,0.6,6.0,0.61,50.0,0.4,6.0,0.39,50.0,0.63,9.63,0.64,11.3,0.23,0.23,0.093132,1776235447000
1776235449.276,249.276,0.37,9.63,0.36,11.3,0.6,6.0,0.61,50.0,0.4,6.0,0.39,50.0,0.63,9.63,0.64,11.3,0.23,0.23,0.093132,1776235448000
1776235450.285,250.285,0.37,9.63,0.36,11.3,0.6,6.0,0.61,50.0,0.4,6.0,0.39,50.0,0.63,9.63,0.64,11.3,0.23,0.23,0.093132,1776235449000
1776235451.457,251.457,0.37,9.63,0.36,11.3,0.6,6.0,0.61,50.0,0.4,6.0,0.39,50.0,0.63,9.63,0.64,11.3,0.23,0.23,0.093131,1776235450000
1776235451.85,251.85,0.37,9.63,0.36,11.3,0.6,6.0,0.61,50.0,0.4,6.0,0.39,50.0,0.63,9.63,0.64,11.3,0.23,0.23,0.093131,1776235451000
1776235452.967,252.967,0.37,9.63,0.36,11.3,0.6,6.0,0.61,50.0,0.4,6.0,0.39,50.0,0.63,9.63,0.64,11.3,0.23,0.23,0.093131,1776235452000
1776235453.95,253.95,0.37,9.63,0.36,11.3,0.6,6.0,0.61,50.0,0.4,6.0,0.39,50.0,0.63,9.63,0.64,11.3,0.23,0.23,0.093131,1776235453000
1776235454.921,254.921,0.37,9.63,0.36,11.3,0.6,6.0,0.61,50.0,0.4,6.0,0.39,50.0,0.63,9.63,0.64,11.3,0.23,0.23,0.093131,1776235454000
1776235455.986,255.986,0.37,9.63,0.36,11.3,0.6,6.0,0.61,50.0,0.4,6.0,0.39,50.0,0.63,9.63,0.64,11.3,0.23,0.23,0.093129,1776235455000
1776235456.962,256.962,0.37,9.63,0.36,11.3,0.6,6.0,0.61,50.0,0.4,6.0,0.39,50.0,0.63,9.63,0.64,11.3,0.23,0.23,0.093129,1776235456000
1776235458.037,258.037,0.37,9.63,0.36,11.3,0.6,6.0,0.61,50.0,0.4,6.0,0.39,50.0,0.63,9.63,0.64,11.3,0.23,0.23,0.093129,1776235457000
1776235459.804,259.804,0.37,9.63,0.36,11.3,0.6,6.0,0.61,50.0,0.4,6.0,0.39,50.0,0.63,9.63,0.64,11.3,0.23,0.23,0.09313,1776235458000
1776235460.356,260.356,0.37,9.63,0.36,11.3,0.6,6.0,0.61,50.0,0.4,6.0,0.39,50.0,0.63,9.63,0.64,11.3,0.23,0.23,0.09313,1776235459000
1776235460.973,260.973,0.37,9.63,0.36,11.3,0.6,6.0,0.61,50.0,0.4,6.0,0.39,50.0,0.63,9.63,0.64,11.3,0.23,0.23,0.093129,1776235460000
1776235462.272,262.272,0.37,9.63,0.36,11.3,0.6,6.0,0.61,50.0,0.4,6.0,0.39,50.0,0.63,9.63,0.64,11.3,0.23,0.23,0.093126,1776235461000
1776235462.935,262.935,0.37,9.63,0.36,11.3,0.6,6.0,0.61,50.0,0.4,6.0,0.39,50.0,0.63,9.63,0.64,11.3,0.23,0.23,0.093126,1776235462000
1776235464.093,264.093,0.36,11.3,0.35,31.4,0.5,0.06,0.61,50.0,0.5,0.06,0.39,50.0,0.64,11.3,0.65,31.4,0.14,0.14,0.093127,1776235463000
1776235465.156,265.156,0.36,11.3,0.35,31.4,0.5,0.06,0.61,50.0,0.5,0.06,0.39,50.0,0.64,11.3,0.65,31.4,0.14,0.14,0.093132,1776235464000
1776235466.384,266.384,0.36,11.3,0.35,31.4,0.5,0.06,0.61,50.0,0.5,0.06,0.39,50.0,0.64,11.3,0.65,31.4,0.14,0.14,0.093136,1776235465000
1776235466.993,266.993,0.36,11.3,0.35,31.4,0.5,0.06,0.61,50.0,0.5,0.06,0.39,50.0,0.64,11.3,0.65,31.4,0.14,0.14,0.093136,1776235466000
1776235467.984,267.984,0.36,11.3,0.35,31.4,0.5,0.06,0.61,50.0,0.5,0.06,0.39,50.0,0.64,11.3,0.65,31.4,0.14,0.14,0.093136,1776235467000
1776235469.064,269.064,0.36,11.3,0.35,31.4,0.5,0.06,0.61,50.0,0.5,0.06,0.39,50.0,0.64,11.3,0.65,31.4,0.14,0.14,0.093135,1776235468000
1776235470.162,270.162,0.36,11.3,0.35,31.4,0.5,0.06,0.61,50.0,0.5,0.06,0.39,50.0,0.64,11.3,0.65,31.4,0.14,0.14,0.093134,1776235469000
1776235471.271,271.271,0.36,11.3,0.35,31.4,0.5,0.06,0.61,50.0,0.5,0.06,0.39,50.0,0.64,11.3,0.65,31.4,0.14,0.14,0.093134,1776235470000
1776235472.415,272.415,0.36,11.3,0.35,31.4,0.5,0.06,0.61,50.0,0.5,0.06,0.39,50.0,0.64,11.3,0.65,31.4,0.14,0.14,0.093132,1776235471000
1776235472.953,272.953,0.36,11.3,0.35,31.4,0.5,0.06,0.61,50.0,0.5,0.06,0.39,50.0,0.64,11.3,0.65,31.4,0.14,0.14,0.093131,1776235472000
1776235474.881,274.881,0.36,11.3,0.35,31.4,0.5,0.06,0.61,50.0,0.5,0.06,0.39,50.0,0.64,11.3,0.65,31.4,0.14,0.14,0.093131,1776235473000
1776235475.352,275.352,0.36,11.3,0.35,31.4,0.5,0.06,0.61,50.0,0.5,0.06,0.39,50.0,0.64,11.3,0.65,31.4,0.14,0.14,0.093131,1776235474000
1776235476.221,276.221,0.36,11.3,0.35,31.4,0.5,0.06,0.61,50.0,0.5,0.06,0.39,50.0,0.64,11.3,0.65,31.4,0.14,0.14,0.093131,1776235475000
1776235476.719,276.719,0.36,0.36,0.35,20.0,0.51,50.0,0.61,50.0,0.5,0.06,0.39,50.0,0.64,11.3,0.65,31.4,0.15,0.14,0.093131,1776235475000
1776235477.184,277.184,0.36,0.36,0.35,20.0,0.51,50.0,0.61,50.0,0.49,50.0,0.39,50.0,0.64,0.36,0.65,20.0,0.15,0.15,0.093131,1776235476000
1776235478.219,278.219,0.36,0.36,0.35,20.0,0.51,50.0,0.61,50.0,0.49,50.0,0.39,50.0,0.64,0.36,0.65,20.0,0.15,0.15,0.093129,1776235477000
1776235479.238,279.238,0.35,20.0,0.21,50.0,0.5,6.0,0.51,50.0,0.5,6.0,0.49,50.0,0.65,20.0,0.79,50.0,0.15,0.15,0.093126,1776235478000
1776235480.189,280.189,0.35,20.0,0.21,50.0,0.5,6.0,0.51,50.0,0.5,6.0,0.49,50.0,0.65,20.0,0.79,50.0,0.15,0.15,0.093123,1776235479000
1776235480.472,280.472,0.35,14.09,0.21,50.0,0.5,6.0,0.51,50.0,0.5,6.0,0.49,50.0,0.65,20.0,0.79,50.0,0.15,0.15,0.093123,1776235479000
1776235481.197,281.197,0.35,14.09,0.21,50.0,0.5,6.0,0.51,50.0,0.5,6.0,0.49,50.0,0.65,14.09,0.79,50.0,0.15,0.15,0.093124,1776235480000
1776235482.189,282.189,0.35,14.09,0.21,50.0,0.5,6.0,0.51,50.0,0.5,6.0,0.49,50.0,0.65,14.09,0.79,50.0,0.15,0.15,0.093123,1776235481000
1776235482.857,282.857,0.41,50.0,0.35,75.09,0.81,46.33,0.9,5.0,0.5,6.0,0.49,50.0,0.65,14.09,0.79,50.0,0.4,0.15,0.093123,1776235481000
1776235483.162,283.162,0.5,5.0,0.41,50.0,0.81,42.66,0.9,5.0,0.19,42.66,0.1,5.0,0.5,5.0,0.59,50.0,0.31,0.31,0.093124,1776235482000
1776235483.444,283.444,0.71,38.27,0.7,5.0,0.8,6.0,0.9,5.0,0.19,42.66,0.1,5.0,0.5,5.0,0.59,50.0,0.09,0.31,0.093124,1776235482000
1776235484.146,284.146,0.71,38.27,0.7,5.0,0.95,98.48,0.96,5.0,0.05,98.48,0.04,5.0,0.29,38.27,0.3,5.0,0.24,0.24,0.093124,1776235483000
1776235484.632,284.632,0.71,50.0,0.61,50.0,0.93,1.8,0.94,2.84,0.06,2.84,0.05,98.48,0.29,55.0,0.39,50.0,0.22,0.23,0.093124,1776235483000
1776235485.257,285.257,0.71,50.0,0.61,50.0,0.93,1.8,0.94,2.84,0.07,1.8,0.06,2.84,0.29,50.0,0.39,50.0,0.22,0.22,0.093127,1776235484000
1776235486.095,286.095,0.71,50.0,0.61,50.0,0.93,1.8,0.94,2.84,0.07,1.8,0.06,2.84,0.29,50.0,0.39,50.0,0.22,0.22,0.093144,1776235485000
1776235487.661,287.661,0.71,50.0,0.61,50.0,0.93,1.8,0.94,2.84,0.07,1.8,0.06,2.84,0.29,50.0,0.39,50.0,0.22,0.22,0.093145,1776235486000
1776235488.196,288.196,0.71,50.0,0.61,50.0,0.93,1.8,0.94,2.84,0.07,1.8,0.06,2.84,0.29,50.0,0.39,50.0,0.22,0.22,0.093145,1776235487000
1776235489.472,289.472,0.71,50.0,0.61,50.0,0.93,1.8,0.94,2.84,0.07,1.8,0.06,2.84,0.29,50.0,0.39,50.0,0.22,0.22,0.093148,1776235488000
1776235489.955,289.955,0.71,50.0,0.61,50.0,0.93,1.8,0.94,2.84,0.07,1.8,0.06,2.84,0.29,50.0,0.39,50.0,0.22,0.22,0.093148,1776235489000
1776235491.024,291.024,0.71,50.0,0.61,50.0,0.93,1.8,0.94,2.84,0.07,1.8,0.06,2.84,0.29,50.0,0.39,50.0,0.22,0.22,0.093149,1776235490000
1776235492.216,292.216,0.71,50.0,0.61,50.0,0.93,1.8,0.94,2.84,0.07,1.8,0.06,2.84,0.29,50.0,0.39,50.0,0.22,0.22,0.093149,1776235491000
1776235493.271,293.271,0.71,50.0,0.61,50.0,0.93,1.8,0.94,2.84,0.07,1.8,0.06,2.84,0.29,50.0,0.39,50.0,0.22,0.22,0.093149,1776235492000
1776235494.511,294.511,0.71,50.0,0.61,50.0,0.93,1.8,0.94,2.84,0.07,1.8,0.06,2.84,0.29,50.0,0.39,50.0,0.22,0.22,0.093148,1776235493000
1776235495.083,295.083,0.96,28.66,0.81,50.0,0.98,15.0,0.99,200.0,0.07,1.8,0.06,2.84,0.29,50.0,0.39,50.0,0.02,0.22,0.093148,1776235493000
1776235496.27,296.27,0.96,28.66,0.81,50.0,0.98,15.0,0.99,200.0,0.02,15.0,0.01,200.0,0.04,28.66,0.19,50.0,0.02,0.02,0.093149,1776235495000
1776235496.524,296.524,0.96,28.66,0.81,50.0,0.97,0.8,0.98,15.0,0.03,3.87,0.02,15.0,0.04,28.66,0.19,50.0,0.01,0.01,0.093149,1776235495000
1776235497.332,297.332,0.96,33.66,0.81,50.0,0.98,13.97,0.99,100.0,0.03,0.8,0.02,15.0,0.04,28.66,0.19,50.0,0.02,0.01,0.093149,1776235495000
1776235497.615,297.615,0.96,33.66,0.81,50.0,,,,,0.02,4.18,0.01,100.0,0.04,33.66,0.19,50.0,,0.02,0.093149,1776235496000
1776235498.094,298.094,0.99,132.5,0.96,28.66,,,,,,,,,0.04,33.66,0.19,50.0,,,0.093149,1776235496000
1776235498.434,298.434,0.99,132.5,0.96,28.66,,,,,,,,,0.01,132.5,0.04,28.66,,,0.093149,1776235497000
1776235498.959,298.959,0.99,132.5,0.96,28.66,,,,,,,,,0.01,132.5,0.04,28.66,,,0.093149,1776235498000
1776235500.032,300.032,0.99,132.5,0.96,28.66,,,,,,,,,0.01,132.5,0.04,28.66,,,0.093149,1776235499000

# RESULT,winner=Up,slug=doge-updown-5m-1776235200,ticks=297
