timestamp,elapsed_sec,up_bid_p1,up_bid_s1,up_bid_p2,up_bid_s2,up_ask_p1,up_ask_s1,up_ask_p2,up_ask_s2,down_bid_p1,down_bid_s1,down_bid_p2,down_bid_s2,down_ask_p1,down_ask_s1,down_ask_p2,down_ask_s2,up_spread,down_spread,doge_price,doge_oracle_ts
1776276600.546,0.546,0.47,29.51,0.46,64.0,0.5,6.0,0.53,21.0,0.5,6.0,0.41,37.0,0.53,8.51,0.59,37.0,0.03,0.03,0.095098,1776276598000
1776276601.123,1.123,0.47,8.51,0.41,37.0,0.5,6.0,0.59,37.0,0.5,6.0,0.41,37.0,0.53,8.51,0.59,37.0,0.03,0.03,0.0951,1776276600000
1776276602.092,2.092,0.47,8.51,0.41,37.0,0.5,6.0,0.59,37.0,0.5,6.0,0.41,37.0,0.53,8.51,0.59,37.0,0.03,0.03,0.0951,1776276601000
1776276603.122,3.122,0.47,8.51,0.41,37.0,0.5,6.0,0.59,37.0,0.5,6.0,0.41,37.0,0.53,8.51,0.59,37.0,0.03,0.03,0.095095,1776276602000
1776276604.035,4.035,0.48,5.0,0.47,5.0,0.5,6.0,0.55,8.0,0.5,6.0,0.41,37.0,0.53,8.51,0.59,37.0,0.02,0.03,0.095095,1776276602000
1776276605.026,5.026,0.48,5.0,0.47,5.0,0.5,6.0,0.55,8.0,0.5,6.0,0.45,8.0,0.52,5.0,0.53,5.0,0.02,0.02,0.095095,1776276604000
1776276606.109,6.109,0.48,5.0,0.47,5.0,0.5,6.0,0.55,8.0,0.5,6.0,0.45,8.0,0.52,5.0,0.53,5.0,0.02,0.02,0.095106,1776276605000
1776276607.126,7.126,0.48,5.0,0.47,5.0,0.5,6.0,0.55,8.0,0.5,6.0,0.45,8.0,0.52,5.0,0.53,5.0,0.02,0.02,0.095108,1776276606000
1776276608.142,8.142,0.48,5.0,0.47,5.0,0.5,6.0,0.55,8.0,0.5,6.0,0.45,8.0,0.52,5.0,0.53,5.0,0.02,0.02,0.095108,1776276607000
1776276608.38,8.38,0.49,5.0,0.48,5.0,0.5,6.0,0.55,8.0,0.5,6.0,0.45,8.0,0.52,5.0,0.53,5.0,0.01,0.02,0.095108,1776276607000
1776276609.106,9.106,0.49,9.3,0.48,10.0,0.5,1.0,0.55,8.0,0.5,1.0,0.45,8.0,0.51,9.3,0.52,10.0,0.01,0.01,0.095108,1776276608000
1776276610.095,10.095,0.49,9.3,0.48,10.0,0.5,1.0,0.55,8.0,0.5,1.0,0.45,8.0,0.51,9.3,0.52,10.0,0.01,0.01,0.095116,1776276609000
1776276611.007,11.007,0.49,9.3,0.48,10.0,0.5,1.0,0.55,8.0,0.5,1.0,0.45,8.0,0.51,9.3,0.52,10.0,0.01,0.01,0.095118,1776276610000
1776276618.681,18.681,0.49,9.3,0.48,10.0,0.55,8.0,0.56,5.0,0.5,1.0,0.45,8.0,0.51,9.3,0.52,10.0,0.06,0.01,0.095116,1776276617000
1776276639.533,39.533,0.52,5.0,0.51,5.0,0.55,12.0,0.56,5.0,0.45,8.0,0.44,5.0,0.51,9.3,0.52,10.0,0.03,0.06,0.095122,1776276632000
1776276641.648,41.648,0.54,5.0,0.53,5.0,0.55,6.0,0.56,5.0,0.45,12.0,0.44,5.0,0.48,5.0,0.49,5.0,0.01,0.03,0.095122,1776276632000
1776276647.34,47.34,0.53,5.0,0.52,5.0,0.55,4.18,0.56,5.0,0.45,6.0,0.44,5.0,0.46,5.0,0.47,5.0,0.02,0.01,0.095122,1776276632000
1776276648.222,48.222,0.49,5.0,0.48,5.0,0.51,2.2,0.52,5.0,0.45,4.18,0.44,5.0,0.47,5.0,0.48,5.0,0.02,0.02,0.095122,1776276632000
1776276648.59,48.59,0.51,5.6,0.49,5.0,0.52,5.0,0.53,5.0,0.49,2.2,0.48,5.0,0.51,5.0,0.52,5.0,0.01,0.02,0.095122,1776276632000
1776276650.347,50.347,0.45,14.76,0.44,5.0,0.46,5.0,0.47,5.0,0.48,5.0,0.47,5.0,0.49,5.6,0.51,5.0,0.01,0.01,0.095122,1776276632000
1776276651.383,51.383,0.45,8.35,0.44,5.0,0.46,5.0,0.47,5.0,0.54,5.0,0.53,5.0,0.55,14.76,0.56,5.0,0.01,0.01,0.095122,1776276632000
1776276653.643,53.643,0.45,8.35,0.44,5.0,0.47,10.0,0.48,5.0,0.54,5.0,0.53,5.0,0.55,8.35,0.56,5.0,0.02,0.01,0.095122,1776276632000
1776276663.318,63.318,0.51,5.0,0.5,5.0,0.53,6.26,0.54,10.0,0.53,10.0,0.52,5.0,0.55,8.35,0.56,5.0,0.02,0.02,0.095122,1776276632000
1776276668.6,68.6,0.51,5.0,0.5,5.0,0.53,5.0,0.54,5.0,0.47,6.26,0.46,10.0,0.49,5.0,0.5,5.0,0.02,0.02,0.095122,1776276632000
1776276670.696,70.696,0.36,14.37,0.35,15.0,0.51,55.0,0.52,5.0,0.47,5.0,0.46,5.0,0.49,5.0,0.5,5.0,0.15,0.02,0.095122,1776276632000
1776276680.952,80.952,0.42,5.0,0.41,5.0,0.44,4.1,0.45,5.0,0.49,55.0,0.48,5.0,0.64,14.37,0.65,15.0,0.02,0.15,0.095122,1776276632000
1776276681.281,81.281,0.43,5.0,0.42,5.0,0.46,4.2,0.47,10.0,0.56,4.1,0.55,5.0,0.58,5.0,0.59,5.0,0.03,0.02,0.095122,1776276632000
1776276681.783,81.783,0.44,5.0,0.43,5.0,0.47,8.3,0.48,5.0,0.54,4.2,0.53,10.0,0.57,5.0,0.58,5.0,0.03,0.03,0.095122,1776276632000
1776276682.1,82.1,0.45,5.0,0.44,5.0,0.47,2.5,0.48,5.0,0.53,8.3,0.52,5.0,0.56,5.0,0.57,5.0,0.02,0.03,0.095122,1776276632000
1776276682.48,82.48,0.45,5.0,0.44,5.0,0.47,5.0,0.48,5.0,0.53,2.5,0.52,5.0,0.55,5.0,0.56,5.0,0.02,0.02,0.095122,1776276632000
1776276685.414,85.414,0.45,5.0,0.44,5.0,0.47,5.0,0.48,5.0,0.53,5.0,0.52,5.0,0.55,5.0,0.56,5.0,0.02,0.02,0.095122,1776276632000
1776276701.154,101.154,0.45,5.0,0.44,5.0,0.48,3.1,0.49,5.0,0.53,5.0,0.52,5.0,0.55,5.0,0.56,5.0,0.03,0.02,0.095122,1776276632000
1776276701.473,101.473,0.47,5.0,0.46,5.0,0.49,1.4,0.5,10.0,0.52,3.1,0.51,5.0,0.55,5.0,0.56,5.0,0.02,0.03,0.095122,1776276632000
1776276701.971,101.971,0.48,5.0,0.47,5.0,0.5,3.1,0.51,55.0,0.51,1.4,0.5,10.0,0.53,5.0,0.54,5.0,0.02,0.02,0.095122,1776276632000
1776276702.287,102.287,0.49,5.0,0.48,5.0,0.5,3.3,0.51,55.0,0.5,3.1,0.49,55.0,0.52,5.0,0.53,5.0,0.01,0.02,0.095122,1776276632000
1776276702.934,102.934,0.48,5.0,0.47,5.0,0.5,5.0,0.51,55.0,0.5,3.3,0.49,55.0,0.51,5.0,0.52,5.0,0.02,0.01,0.095122,1776276632000
1776276705.567,105.567,0.53,5.0,0.52,5.0,0.55,5.0,0.56,10.6,0.5,5.0,0.49,55.0,0.52,5.0,0.53,5.0,0.02,0.02,0.095122,1776276632000
1776276716.033,116.033,0.49,5.0,0.48,5.0,0.51,3.1,0.52,5.0,0.45,5.0,0.44,10.6,0.47,5.0,0.48,5.0,0.02,0.02,0.095122,1776276632000
1776276716.361,116.361,0.5,5.0,0.49,5.0,0.53,5.0,0.54,15.5,0.49,3.1,0.48,5.0,0.51,5.0,0.52,5.0,0.03,0.02,0.095122,1776276632000
1776276716.938,116.938,0.51,11.9,0.5,5.0,0.53,15.4,0.54,15.5,0.47,5.0,0.46,15.5,0.5,5.0,0.51,5.0,0.02,0.03,0.095122,1776276632000
1776276717.54,117.54,0.5,4.1,0.49,5.0,0.52,5.0,0.53,15.4,0.47,15.4,0.46,15.5,0.49,11.9,0.5,5.0,0.02,0.02,0.095122,1776276632000
1776276718.016,118.016,0.49,3.2,0.48,5.0,0.51,5.0,0.52,5.0,0.48,5.0,0.47,15.4,0.5,4.1,0.51,5.0,0.02,0.02,0.095122,1776276632000
1776276727.176,127.176,0.41,5.0,0.4,5.0,0.43,2.2,0.44,5.0,0.49,5.0,0.48,5.0,0.51,3.2,0.52,5.0,0.02,0.02,0.095122,1776276632000
1776276727.478,127.478,0.43,5.0,0.42,5.0,0.46,2.3,0.47,5.0,0.57,2.2,0.56,5.0,0.59,5.0,0.6,5.0,0.03,0.02,0.095122,1776276632000
1776276728.005,128.005,0.47,5.0,0.46,5.0,0.5,2.2,0.51,60.4,0.54,2.3,0.53,5.0,0.57,5.0,0.58,5.0,0.03,0.03,0.095122,1776276632000
1776276731.304,131.304,0.55,2.77,0.54,5.0,0.56,15.6,0.57,10.6,0.5,2.2,0.49,60.4,0.53,5.0,0.54,5.0,0.01,0.03,0.095122,1776276632000
1776276736.359,136.359,0.59,4.02,0.58,5.0,0.61,50.0,0.62,11.0,0.44,15.6,0.43,10.6,0.45,2.77,0.46,5.0,0.02,0.01,0.095122,1776276632000
1776276740.825,140.825,0.57,1.4,0.56,5.0,0.59,5.0,0.6,5.0,0.39,55.0,0.38,11.0,0.42,4.02,0.43,5.0,0.02,0.03,0.095122,1776276632000
1776276747.506,147.506,0.59,2.56,0.58,5.0,0.61,5.0,0.64,5.0,0.41,5.0,0.4,5.0,0.43,1.4,0.44,5.0,0.02,0.02,0.095122,1776276632000
1776276753.587,153.587,0.54,5.0,0.53,5.0,0.57,4.61,0.58,5.0,0.39,5.0,0.36,5.0,0.41,2.56,0.42,5.0,0.03,0.02,0.095122,1776276632000
1776276765.74,165.74,0.57,3.02,0.56,5.0,0.61,65.9,0.62,21.0,0.43,4.61,0.42,5.0,0.46,5.0,0.47,5.0,0.04,0.03,0.095122,1776276632000
1776276769.46,169.46,0.74,5.0,0.73,5.0,0.76,14.3,0.77,14.7,0.39,65.9,0.38,21.0,0.43,3.02,0.44,5.0,0.02,0.04,0.095122,1776276632000
1776276772.299,172.299,0.75,5.0,0.74,5.0,0.77,14.7,0.78,20.2,0.24,14.3,0.23,14.7,0.26,5.0,0.27,5.0,0.02,0.02,0.095122,1776276632000
1776276772.829,172.829,0.76,5.0,0.75,5.0,0.77,9.7,0.78,20.2,0.23,14.7,0.22,20.2,0.25,5.0,0.26,5.0,0.01,0.02,0.095122,1776276632000
1776276778.617,178.617,0.75,5.0,0.74,5.0,0.77,14.7,0.78,15.2,0.23,9.7,0.22,20.2,0.24,5.0,0.25,5.0,0.02,0.01,0.095122,1776276632000
1776276782.752,182.752,0.76,5.0,0.75,5.0,0.85,20.39,0.86,21.6,0.23,14.7,0.22,15.2,0.25,5.0,0.26,5.0,0.09,0.02,0.095122,1776276632000
1776276790.025,190.025,0.89,4.79,0.88,5.0,0.91,31.7,0.92,35.29,0.15,20.39,0.14,21.6,0.24,5.0,0.25,5.0,0.02,0.09,0.095122,1776276632000
1776276802.988,202.988,0.92,5.0,0.91,5.0,0.93,34.52,0.94,46.1,0.09,31.7,0.08,35.29,0.11,4.79,0.12,5.0,0.01,0.02,0.095122,1776276632000
1776276803.377,203.377,0.93,5.0,0.92,5.0,0.94,34.63,0.95,54.7,0.06,46.1,0.05,54.7,0.08,5.0,0.09,5.0,0.01,0.02,0.095122,1776276632000
1776276812.926,212.926,0.91,2.22,0.9,5.0,0.94,34.63,0.95,54.7,0.06,34.63,0.05,54.7,0.07,5.0,0.08,5.0,0.03,0.01,0.095122,1776276632000
1776276814.91,214.91,0.89,4.79,0.88,5.0,0.92,35.13,0.93,44.9,0.06,34.63,0.05,54.7,0.09,2.22,0.1,5.0,0.03,0.03,0.095122,1776276632000
1776276818.938,218.938,0.87,1.76,0.86,5.0,0.89,26.6,0.9,28.9,0.08,24.35,0.07,44.9,0.11,4.79,0.12,5.0,0.02,0.03,0.095122,1776276632000
1776276830.61,230.61,0.93,5.0,0.92,5.0,0.94,18.22,0.95,59.7,0.11,26.6,0.1,28.9,0.13,1.76,0.14,5.0,0.01,0.02,0.095122,1776276632000
1776276832.428,232.428,0.94,5.0,0.93,5.0,0.95,26.1,0.96,67.7,0.06,18.22,0.05,59.7,0.07,5.0,0.08,5.0,0.01,0.01,0.095122,1776276632000
1776276834.242,234.242,0.94,5.0,0.93,5.0,0.95,12.12,0.96,67.7,0.05,26.1,0.04,67.7,0.06,5.0,0.07,5.0,0.01,0.01,0.095122,1776276632000
1776276837.915,237.915,0.96,5.0,0.95,5.0,0.98,96.69,0.99,5532.6,0.05,12.12,0.04,67.7,0.06,5.0,0.07,5.0,0.02,0.01,0.095122,1776276632000
1776276840.655,240.655,0.97,5.0,0.96,72.7,0.98,92.6,0.99,5532.6,0.02,96.69,0.01,5532.6,0.04,5.0,0.05,5.0,0.01,0.02,0.095122,1776276632000
1776276841.01,241.01,0.97,5.0,0.96,72.7,0.98,86.54,0.99,5532.6,0.02,92.6,0.01,5532.6,0.03,5.0,0.04,72.7,0.01,0.01,0.095122,1776276632000
1776276844.246,244.246,0.97,94.3,0.96,72.7,0.99,270.0,,,0.02,86.54,0.01,5532.6,0.03,5.0,0.04,72.7,0.02,0.01,0.095122,1776276632000
1776276844.564,244.564,0.98,124.99,0.97,94.3,0.99,270.0,,,0.01,270.0,,,0.03,94.3,0.04,72.7,0.01,0.02,0.095122,1776276632000
1776276847.727,247.727,0.98,124.99,0.97,94.3,0.99,268.98,,,0.01,270.0,,,0.02,124.99,0.03,94.3,0.01,0.01,0.095122,1776276632000
1776276848.59,248.59,0.98,124.99,0.97,94.3,0.99,263.93,,,0.01,268.98,,,0.02,124.99,0.03,94.3,0.01,0.01,0.095122,1776276632000
1776276849.49,249.49,0.98,124.99,0.97,94.3,0.99,139.88,,,0.01,263.93,,,0.02,124.99,0.03,94.3,0.01,0.01,0.095122,1776276632000
1776276851.133,251.133,0.98,124.99,0.97,94.3,0.99,124.88,,,0.01,139.88,,,0.02,124.99,0.03,94.3,0.01,0.01,0.095122,1776276632000
1776276851.453,251.453,0.98,124.99,0.97,94.3,0.99,119.67,,,0.01,124.88,,,0.02,124.99,0.03,94.3,0.01,0.01,0.095122,1776276632000
1776276851.814,251.814,0.98,124.99,0.97,94.3,0.99,114.62,,,0.01,119.67,,,0.02,124.99,0.03,94.3,0.01,0.01,0.095122,1776276632000
1776276854.312,254.312,0.98,124.99,0.97,94.3,0.99,89.36,,,0.01,114.62,,,0.02,124.99,0.03,94.3,0.01,0.01,0.095122,1776276632000
1776276856.876,256.876,0.98,124.99,0.97,94.3,0.99,87.32,,,0.01,88.34,,,0.02,124.99,0.03,94.3,0.01,0.01,0.095122,1776276632000
1776276864.597,264.597,0.98,109.19,0.97,94.3,0.99,87.32,,,0.01,87.32,,,0.02,124.99,0.03,94.3,0.01,0.01,0.095122,1776276632000
1776276865.348,265.348,0.98,109.19,0.97,94.3,0.99,82.32,,,0.01,87.32,,,0.02,109.19,0.03,94.3,0.01,0.01,0.095122,1776276632000
1776276868.079,268.079,0.98,114.19,0.97,94.3,0.99,62.11,,,0.01,82.32,,,0.02,109.19,0.03,94.3,0.01,0.01,0.095122,1776276632000
1776276870.14,270.14,0.98,114.19,0.97,94.3,0.99,11.61,,,0.01,62.11,,,0.02,114.19,0.03,94.3,0.01,0.01,0.095122,1776276632000
1776276870.82,270.82,0.98,114.19,0.97,94.3,0.99,4.95,,,0.01,11.61,,,0.02,114.19,0.03,94.3,0.01,0.01,0.095122,1776276632000
1776276874.78,274.78,0.98,114.19,0.97,94.3,,,,,0.01,4.95,,,0.02,114.19,0.03,94.3,,0.01,0.095122,1776276632000

# RESULT,winner=Up,slug=doge-updown-5m-1776276600,ticks=84
