timestamp,elapsed_sec,up_bid_p1,up_bid_s1,up_bid_p2,up_bid_s2,up_ask_p1,up_ask_s1,up_ask_p2,up_ask_s2,down_bid_p1,down_bid_s1,down_bid_p2,down_bid_s2,down_ask_p1,down_ask_s1,down_ask_p2,down_ask_s2,up_spread,down_spread,doge_price,doge_oracle_ts
1776233701.297,1.297,,,,,,,,,,,,,,,,,,,0.093362,1776233700000
1776233701.517,1.517,0.33,300.0,0.31,375.0,0.5,5.0,0.67,300.0,0.5,5.0,0.33,300.0,0.67,300.0,0.69,375.0,0.17,0.17,0.093362,1776233700000
1776233701.86,1.86,0.33,300.0,0.31,375.0,0.5,5.0,0.67,300.0,0.5,5.0,0.33,300.0,0.67,300.0,0.69,375.0,0.17,0.17,0.093362,1776233700000
1776233702.316,2.316,0.33,300.0,0.31,375.0,0.5,5.0,0.67,300.0,0.5,5.0,0.33,300.0,0.67,300.0,0.69,375.0,0.17,0.17,0.093362,1776233701000
1776233703.28,3.28,0.33,300.0,0.31,375.0,0.5,5.0,0.67,300.0,0.5,5.0,0.33,300.0,0.67,300.0,0.69,375.0,0.17,0.17,0.093375,1776233702000
1776233704.24,4.24,0.33,300.0,0.31,375.0,0.5,5.0,0.67,300.0,0.5,5.0,0.33,300.0,0.67,300.0,0.69,375.0,0.17,0.17,0.093375,1776233703000
1776233705.285,5.285,0.33,300.0,0.31,375.0,0.5,5.0,0.67,300.0,0.5,5.0,0.33,300.0,0.67,300.0,0.69,375.0,0.17,0.17,0.093375,1776233704000
1776233705.704,5.704,0.51,39.0,0.48,5.0,0.66,5.0,0.69,11.0,0.5,5.0,0.33,300.0,0.67,300.0,0.69,375.0,0.15,0.17,0.093375,1776233704000
1776233706.288,6.288,0.51,39.0,0.48,5.0,0.66,5.0,0.69,11.0,0.34,5.0,0.31,11.0,0.49,39.0,0.52,5.0,0.15,0.15,0.09339,1776233705000
1776233707.229,7.229,0.51,39.0,0.48,5.0,0.66,5.0,0.69,11.0,0.34,5.0,0.31,11.0,0.49,39.0,0.52,5.0,0.15,0.15,0.093392,1776233706000
1776233708.644,8.644,0.51,39.0,0.48,5.0,0.66,5.0,0.69,11.0,0.34,5.0,0.31,11.0,0.49,39.0,0.52,5.0,0.15,0.15,0.093399,1776233707000
1776233709.348,9.348,0.51,39.0,0.48,5.0,0.66,5.0,0.69,11.0,0.34,5.0,0.31,11.0,0.49,39.0,0.52,5.0,0.15,0.15,0.093401,1776233708000
1776233710.437,10.437,0.51,39.0,0.48,5.0,0.66,5.0,0.69,11.0,0.34,5.0,0.31,11.0,0.49,39.0,0.52,5.0,0.15,0.15,0.093399,1776233709000
1776233711.055,11.055,0.51,39.0,0.48,5.0,0.66,5.0,0.69,11.0,0.34,5.0,0.31,11.0,0.49,39.0,0.52,5.0,0.15,0.15,0.093401,1776233710000
1776233712.265,12.265,0.51,39.0,0.48,5.0,0.66,5.0,0.69,11.0,0.34,5.0,0.31,11.0,0.49,39.0,0.52,5.0,0.15,0.15,0.093394,1776233711000
1776233713.315,13.315,0.51,39.0,0.48,5.0,0.66,5.0,0.69,11.0,0.34,5.0,0.31,11.0,0.49,39.0,0.52,5.0,0.15,0.15,0.0934,1776233712000
1776233714.473,14.473,0.51,39.0,0.48,5.0,0.66,5.0,0.69,11.0,0.34,5.0,0.31,11.0,0.49,39.0,0.52,5.0,0.15,0.15,0.093401,1776233713000
1776233714.904,14.904,0.51,39.0,0.48,5.0,0.66,5.0,0.69,11.0,0.34,5.0,0.31,11.0,0.49,39.0,0.52,5.0,0.15,0.15,0.093401,1776233714000
1776233716.061,16.061,0.51,39.0,0.48,5.0,0.66,5.0,0.69,11.0,0.34,5.0,0.31,11.0,0.49,39.0,0.52,5.0,0.15,0.15,0.093401,1776233715000
1776233717.133,17.133,0.51,39.0,0.48,5.0,0.66,5.0,0.69,11.0,0.34,5.0,0.31,11.0,0.49,39.0,0.52,5.0,0.15,0.15,0.093392,1776233716000
1776233718.267,18.267,0.51,39.0,0.48,5.0,0.66,5.0,0.69,11.0,0.34,5.0,0.31,11.0,0.49,39.0,0.52,5.0,0.15,0.15,0.093392,1776233717000
1776233719.323,19.323,0.51,39.0,0.48,5.0,0.66,5.0,0.69,11.0,0.34,5.0,0.31,11.0,0.49,39.0,0.52,5.0,0.15,0.15,0.093393,1776233718000
1776233720.326,20.326,0.51,39.0,0.48,5.0,0.66,5.0,0.69,11.0,0.34,5.0,0.31,11.0,0.49,39.0,0.52,5.0,0.15,0.15,0.093396,1776233719000
1776233720.848,20.848,0.51,39.0,0.48,5.0,0.66,5.0,0.69,11.0,0.34,5.0,0.31,11.0,0.49,39.0,0.52,5.0,0.15,0.15,0.093396,1776233720000
1776233721.93,21.93,0.51,39.0,0.48,5.0,0.66,5.0,0.69,11.0,0.34,5.0,0.31,11.0,0.49,39.0,0.52,5.0,0.15,0.15,0.093404,1776233721000
1776233723.331,23.331,0.51,39.0,0.48,5.0,0.66,5.0,0.69,11.0,0.34,5.0,0.31,11.0,0.49,39.0,0.52,5.0,0.15,0.15,0.093408,1776233722000
1776233723.892,23.892,0.51,39.0,0.48,5.0,0.66,5.0,0.69,11.0,0.34,5.0,0.31,11.0,0.49,39.0,0.52,5.0,0.15,0.15,0.093408,1776233723000
1776233725.015,25.015,0.51,39.0,0.48,5.0,0.66,5.0,0.69,11.0,0.34,5.0,0.31,11.0,0.49,39.0,0.52,5.0,0.15,0.15,0.093409,1776233724000
1776233726.047,26.047,0.51,39.0,0.48,5.0,0.66,5.0,0.69,11.0,0.34,5.0,0.31,11.0,0.49,39.0,0.52,5.0,0.15,0.15,0.093409,1776233725000
1776233727.072,27.072,0.51,39.0,0.48,5.0,0.66,5.0,0.69,11.0,0.34,5.0,0.31,11.0,0.49,39.0,0.52,5.0,0.15,0.15,0.093409,1776233726000
1776233728.105,28.105,0.51,39.0,0.48,5.0,0.66,5.0,0.69,11.0,0.34,5.0,0.31,11.0,0.49,39.0,0.52,5.0,0.15,0.15,0.093409,1776233727000
1776233729.072,29.072,0.51,39.0,0.48,5.0,0.66,5.0,0.69,11.0,0.34,5.0,0.31,11.0,0.49,39.0,0.52,5.0,0.15,0.15,0.093409,1776233728000
1776233730.141,30.141,0.51,39.0,0.48,5.0,0.66,5.0,0.69,11.0,0.34,5.0,0.31,11.0,0.49,39.0,0.52,5.0,0.15,0.15,0.093409,1776233729000
1776233731.048,31.048,0.67,6.0,0.66,5.0,0.75,0.41,0.76,5.0,0.34,5.0,0.31,11.0,0.49,39.0,0.52,5.0,0.08,0.15,0.093409,1776233729000
1776233732.265,32.265,0.67,6.0,0.66,5.0,0.75,0.41,0.76,5.0,0.25,0.41,0.24,5.0,0.33,6.0,0.34,5.0,0.08,0.08,0.093407,1776233731000
1776233733.226,33.226,0.67,6.0,0.66,5.0,0.75,0.41,0.76,5.0,0.25,0.41,0.24,5.0,0.33,6.0,0.34,5.0,0.08,0.08,0.093407,1776233732000
1776233734.247,34.247,0.67,6.0,0.66,5.0,0.75,0.41,0.76,5.0,0.25,0.41,0.24,5.0,0.33,6.0,0.34,5.0,0.08,0.08,0.093407,1776233733000
1776233735.281,35.281,0.67,6.0,0.66,5.0,0.75,0.41,0.76,5.0,0.25,0.41,0.24,5.0,0.33,6.0,0.34,5.0,0.08,0.08,0.093407,1776233734000
1776233736.218,36.218,0.67,6.0,0.66,5.0,0.75,0.41,0.76,5.0,0.25,0.41,0.24,5.0,0.33,6.0,0.34,5.0,0.08,0.08,0.093407,1776233735000
1776233737.941,37.941,0.67,6.0,0.66,5.0,0.75,0.41,0.76,5.0,0.25,0.41,0.24,5.0,0.33,6.0,0.34,5.0,0.08,0.08,0.093407,1776233737000
1776233739.181,39.181,0.67,6.0,0.66,5.0,0.75,0.41,0.76,5.0,0.25,0.41,0.24,5.0,0.33,6.0,0.34,5.0,0.08,0.08,0.093408,1776233738000
1776233740.297,40.297,0.67,6.0,0.66,5.0,0.75,0.41,0.76,5.0,0.25,0.41,0.24,5.0,0.33,6.0,0.34,5.0,0.08,0.08,0.093408,1776233739000
1776233741.421,41.421,0.75,5.0,0.74,5.0,0.79,10.7,0.8,16.2,0.25,0.41,0.24,5.0,0.33,6.0,0.34,5.0,0.04,0.08,0.093408,1776233739000
1776233742.105,42.105,0.75,5.0,0.74,5.0,0.79,10.7,0.8,16.2,0.21,10.7,0.2,16.2,0.25,5.0,0.26,5.0,0.04,0.04,0.093417,1776233741000
1776233743.274,43.274,0.75,5.0,0.74,5.0,0.79,10.7,0.8,16.2,0.21,10.7,0.2,16.2,0.25,5.0,0.26,5.0,0.04,0.04,0.093425,1776233742000
1776233743.584,43.584,0.76,6.0,0.75,5.0,0.78,9.56,0.79,10.7,0.21,10.7,0.2,16.2,0.25,5.0,0.26,5.0,0.02,0.04,0.093425,1776233742000
1776233744.305,44.305,0.76,6.0,0.75,5.0,0.78,9.56,0.79,10.7,0.22,9.56,0.21,10.7,0.24,6.0,0.25,5.0,0.02,0.02,0.093428,1776233743000
1776233745.517,45.517,0.76,6.0,0.75,5.0,0.78,9.56,0.79,10.7,0.22,9.56,0.21,10.7,0.24,6.0,0.25,5.0,0.02,0.02,0.093424,1776233744000
1776233746.023,46.023,0.76,6.0,0.75,5.0,0.78,9.56,0.79,10.7,0.22,9.56,0.21,10.7,0.24,6.0,0.25,5.0,0.02,0.02,0.093417,1776233745000
1776233747.182,47.182,0.76,6.0,0.75,5.0,0.78,9.56,0.79,10.7,0.22,9.56,0.21,10.7,0.24,6.0,0.25,5.0,0.02,0.02,0.093417,1776233746000
1776233748.355,48.355,0.76,6.0,0.75,5.0,0.78,9.56,0.79,10.7,0.22,9.56,0.21,10.7,0.24,6.0,0.25,5.0,0.02,0.02,0.093418,1776233747000
1776233749.026,49.026,0.76,6.0,0.75,5.0,0.78,9.56,0.79,10.7,0.22,9.56,0.21,10.7,0.24,6.0,0.25,5.0,0.02,0.02,0.093418,1776233748000
1776233750.104,50.104,0.76,6.0,0.75,5.0,0.78,9.56,0.79,10.7,0.22,9.56,0.21,10.7,0.24,6.0,0.25,5.0,0.02,0.02,0.093418,1776233749000
1776233751.706,51.706,0.76,6.0,0.75,5.0,0.78,9.56,0.79,10.7,0.22,9.56,0.21,10.7,0.24,6.0,0.25,5.0,0.02,0.02,0.093419,1776233750000
1776233752.206,52.206,0.76,6.0,0.75,5.0,0.78,9.56,0.79,10.7,0.22,9.56,0.21,10.7,0.24,6.0,0.25,5.0,0.02,0.02,0.093421,1776233751000
1776233752.536,52.536,0.78,5.0,0.71,30.0,0.8,15.0,0.81,16.89,0.22,9.56,0.21,10.7,0.24,6.0,0.25,5.0,0.02,0.02,0.093421,1776233751000
1776233753.171,53.171,0.78,5.0,0.71,30.0,0.8,15.0,0.81,16.89,0.2,15.0,0.19,16.89,0.22,5.0,0.29,30.0,0.02,0.02,0.093428,1776233752000
1776233754.122,54.122,0.79,11.0,0.73,10.0,0.8,10.0,0.83,34.39,0.2,15.0,0.19,16.89,0.22,5.0,0.29,30.0,0.01,0.02,0.093428,1776233752000
1776233755.265,55.265,0.79,11.0,0.73,10.0,0.8,10.0,0.83,34.39,0.2,10.0,0.17,34.39,0.21,11.0,0.27,10.0,0.01,0.01,0.093435,1776233754000
1776233756.028,56.028,0.83,5.0,0.79,38.0,0.84,13.34,0.85,20.39,0.2,10.0,0.17,34.39,0.21,11.0,0.27,10.0,0.01,0.01,0.093435,1776233754000
1776233756.314,56.314,0.83,5.0,0.79,38.0,0.84,13.34,0.85,20.39,0.16,13.34,0.15,20.39,0.17,5.0,0.21,38.0,0.01,0.01,0.093443,1776233755000
1776233756.696,56.696,0.84,5.0,0.83,15.0,0.85,9.39,0.86,40.6,0.15,15.39,0.14,40.6,0.16,5.0,0.21,38.0,0.01,0.01,0.093443,1776233755000
1776233757.283,57.283,0.84,5.0,0.83,15.0,0.85,9.39,0.86,40.6,0.15,9.39,0.14,40.6,0.16,5.0,0.17,15.0,0.01,0.01,0.093449,1776233756000
1776233758.284,58.284,0.84,5.0,0.83,15.0,0.85,9.39,0.86,40.6,0.15,9.39,0.14,40.6,0.16,5.0,0.17,15.0,0.01,0.01,0.093452,1776233757000
1776233759.264,59.264,0.84,5.0,0.83,15.0,0.85,9.39,0.86,40.6,0.15,9.39,0.14,40.6,0.16,5.0,0.17,15.0,0.01,0.01,0.09346,1776233758000
1776233760.346,60.346,0.84,5.0,0.83,15.0,0.85,9.39,0.86,40.6,0.15,9.39,0.14,40.6,0.16,5.0,0.17,15.0,0.01,0.01,0.093478,1776233759000
1776233760.786,60.786,0.85,20.0,0.83,15.0,0.86,17.73,0.88,24.6,0.15,9.39,0.14,40.6,0.16,5.0,0.17,15.0,0.01,0.01,0.093478,1776233759000
1776233761.143,61.143,0.85,20.0,0.83,15.0,0.86,0.22,0.88,24.6,0.14,17.73,0.12,24.6,0.15,20.0,0.17,15.0,0.01,0.01,0.093478,1776233760000
1776233761.981,61.981,0.85,20.0,0.83,15.0,0.86,0.22,0.88,24.6,0.14,0.22,0.12,24.6,0.15,20.0,0.17,15.0,0.01,0.01,0.093473,1776233761000
1776233763.131,63.131,0.85,20.0,0.83,15.0,0.86,0.22,0.88,24.6,0.14,0.22,0.12,24.6,0.15,20.0,0.17,15.0,0.01,0.01,0.093473,1776233762000
1776233764.119,64.119,0.85,20.0,0.83,15.0,0.86,0.22,0.88,24.6,0.14,0.22,0.12,24.6,0.15,20.0,0.17,15.0,0.01,0.01,0.093462,1776233763000
1776233765.134,65.134,0.85,20.0,0.83,15.0,0.86,0.22,0.88,24.6,0.14,0.22,0.12,24.6,0.15,20.0,0.17,15.0,0.01,0.01,0.093462,1776233764000
1776233766.626,66.626,0.85,15.0,0.83,15.0,0.86,16.6,0.87,23.0,0.14,0.22,0.12,24.6,0.15,20.0,0.17,15.0,0.01,0.01,0.093462,1776233764000
1776233767.303,67.303,0.85,15.0,0.83,15.0,0.86,16.6,0.87,23.0,0.14,16.6,0.13,23.0,0.15,15.0,0.17,15.0,0.01,0.01,0.09347,1776233766000
1776233768.66,68.66,0.85,15.0,0.83,15.0,0.86,16.6,0.87,23.0,0.14,16.6,0.13,23.0,0.15,15.0,0.17,15.0,0.01,0.01,0.093468,1776233767000
1776233769.276,69.276,0.85,15.0,0.83,15.0,0.86,16.6,0.87,23.0,0.14,16.6,0.13,23.0,0.15,15.0,0.17,15.0,0.01,0.01,0.093468,1776233768000
1776233770.669,70.669,0.85,15.0,0.83,15.0,0.86,16.6,0.87,23.0,0.14,16.6,0.13,23.0,0.15,15.0,0.17,15.0,0.01,0.01,0.093472,1776233769000
1776233771.241,71.241,0.85,15.0,0.83,15.0,0.86,16.6,0.87,23.0,0.14,16.6,0.13,23.0,0.15,15.0,0.17,15.0,0.01,0.01,0.093473,1776233770000
1776233772.543,72.543,0.85,15.0,0.83,15.0,0.86,16.6,0.87,23.0,0.14,16.6,0.13,23.0,0.15,15.0,0.17,15.0,0.01,0.01,0.093473,1776233771000
1776233773.147,73.147,0.85,15.0,0.83,15.0,0.86,16.6,0.87,23.0,0.14,16.6,0.13,23.0,0.15,15.0,0.17,15.0,0.01,0.01,0.093473,1776233772000
1776233774.376,74.376,0.85,15.0,0.83,15.0,0.86,16.6,0.87,23.0,0.14,16.6,0.13,23.0,0.15,15.0,0.17,15.0,0.01,0.01,0.093473,1776233773000
1776233775.003,75.003,0.85,15.0,0.83,15.0,0.86,16.6,0.87,23.0,0.14,16.6,0.13,23.0,0.15,15.0,0.17,15.0,0.01,0.01,0.093473,1776233774000
1776233776.152,76.152,0.85,15.0,0.83,15.0,0.86,16.6,0.87,23.0,0.14,16.6,0.13,23.0,0.15,15.0,0.17,15.0,0.01,0.01,0.09347,1776233775000
1776233777.283,77.283,0.85,15.0,0.83,15.0,0.86,16.6,0.87,23.0,0.14,16.6,0.13,23.0,0.15,15.0,0.17,15.0,0.01,0.01,0.093466,1776233776000
1776233778.391,78.391,0.83,15.0,0.81,15.0,0.84,8.86,0.85,20.39,0.16,8.86,0.15,20.39,0.17,15.0,0.19,15.0,0.01,0.01,0.09345,1776233777000
1776233778.928,78.928,0.83,15.0,0.81,15.0,0.84,8.86,0.85,20.39,0.16,8.86,0.15,20.39,0.17,15.0,0.19,15.0,0.01,0.01,0.09345,1776233778000
1776233780.088,80.088,0.83,15.0,0.81,15.0,0.84,8.86,0.85,20.39,0.16,8.86,0.15,20.39,0.17,15.0,0.19,15.0,0.01,0.01,0.093441,1776233779000
1776233781.125,81.125,0.83,15.0,0.81,15.0,0.84,8.86,0.85,20.39,0.16,8.86,0.15,20.39,0.17,15.0,0.19,15.0,0.01,0.01,0.093445,1776233780000
1776233782.165,82.165,0.83,15.0,0.81,15.0,0.84,8.86,0.85,20.39,0.16,8.86,0.15,20.39,0.17,15.0,0.19,15.0,0.01,0.01,0.093446,1776233781000
1776233782.721,82.721,0.83,15.0,0.79,5.0,0.86,35.6,0.87,28.0,0.16,8.86,0.15,20.39,0.17,15.0,0.19,15.0,0.03,0.01,0.093446,1776233781000
1776233783.235,83.235,0.83,15.0,0.79,5.0,0.86,35.6,0.87,28.0,0.14,35.6,0.13,28.0,0.17,15.0,0.21,5.0,0.03,0.03,0.093442,1776233782000
1776233784.352,84.352,0.83,15.0,0.79,5.0,0.86,35.6,0.87,28.0,0.14,35.6,0.13,28.0,0.17,15.0,0.21,5.0,0.03,0.03,0.093446,1776233783000
1776233785.217,85.217,0.83,15.0,0.79,5.0,0.86,35.6,0.87,28.0,0.14,35.6,0.13,28.0,0.17,15.0,0.21,5.0,0.03,0.03,0.093444,1776233784000
1776233786.233,86.233,0.83,15.0,0.79,5.0,0.86,35.6,0.87,28.0,0.14,35.6,0.13,28.0,0.17,15.0,0.21,5.0,0.03,0.03,0.093447,1776233785000
1776233787.296,87.296,0.83,15.0,0.79,5.0,0.86,35.6,0.87,28.0,0.14,35.6,0.13,28.0,0.17,15.0,0.21,5.0,0.03,0.03,0.093446,1776233786000
1776233788.375,88.375,0.83,15.0,0.79,5.0,0.86,35.6,0.87,28.0,0.14,35.6,0.13,28.0,0.17,15.0,0.21,5.0,0.03,0.03,0.093445,1776233787000
1776233789.432,89.432,0.83,15.0,0.79,5.0,0.86,35.6,0.87,28.0,0.14,35.6,0.13,28.0,0.17,15.0,0.21,5.0,0.03,0.03,0.093448,1776233788000
1776233789.882,89.882,0.83,15.0,0.79,5.0,0.86,35.6,0.87,28.0,0.14,35.6,0.13,28.0,0.17,15.0,0.21,5.0,0.03,0.03,0.093448,1776233789000
1776233790.988,90.988,0.83,15.0,0.79,5.0,0.86,35.6,0.87,28.0,0.14,35.6,0.13,28.0,0.17,15.0,0.21,5.0,0.03,0.03,0.093449,1776233790000
1776233792.144,92.144,0.83,15.0,0.79,5.0,0.86,35.6,0.87,28.0,0.14,35.6,0.13,28.0,0.17,15.0,0.21,5.0,0.03,0.03,0.093459,1776233791000
1776233793.122,93.122,0.84,6.0,0.82,5.0,0.87,5.0,0.88,40.6,0.14,35.6,0.13,28.0,0.17,15.0,0.21,5.0,0.03,0.03,0.093459,1776233791000
1776233794.582,94.582,0.84,6.0,0.82,5.0,0.87,5.0,0.88,40.6,0.13,5.0,0.12,40.6,0.16,6.0,0.18,5.0,0.03,0.03,0.093458,1776233793000
1776233795.19,95.19,0.84,6.0,0.82,5.0,0.87,5.0,0.88,40.6,0.13,5.0,0.12,40.6,0.16,6.0,0.18,5.0,0.03,0.03,0.093462,1776233794000
1776233796.221,96.221,0.84,6.0,0.82,5.0,0.87,5.0,0.88,40.6,0.13,5.0,0.12,40.6,0.16,6.0,0.18,5.0,0.03,0.03,0.093465,1776233795000
1776233797.389,97.389,0.84,6.0,0.82,5.0,0.87,5.0,0.88,40.6,0.13,5.0,0.12,40.6,0.16,6.0,0.18,5.0,0.03,0.03,0.093468,1776233796000
1776233798.351,98.351,0.84,6.0,0.82,5.0,0.87,5.0,0.88,40.6,0.13,5.0,0.12,40.6,0.16,6.0,0.18,5.0,0.03,0.03,0.093467,1776233797000
1776233798.899,98.899,0.84,6.0,0.82,5.0,0.87,5.0,0.88,40.6,0.13,5.0,0.12,40.6,0.16,6.0,0.18,5.0,0.03,0.03,0.093465,1776233798000
1776233799.924,99.924,0.84,6.0,0.82,5.0,0.87,5.0,0.88,40.6,0.13,5.0,0.12,40.6,0.16,6.0,0.18,5.0,0.03,0.03,0.093468,1776233799000
1776233800.133,100.133,0.84,5.0,0.82,37.6,0.9,28.9,0.91,58.7,0.13,5.0,0.12,40.6,0.16,6.0,0.18,5.0,0.06,0.03,0.093468,1776233799000
1776233801.015,101.015,0.84,5.0,0.82,37.6,0.9,28.9,0.91,58.7,0.1,28.9,0.09,58.7,0.16,5.0,0.18,37.6,0.06,0.06,0.093468,1776233800000
1776233802.108,102.108,0.84,5.0,0.82,37.6,0.9,28.9,0.91,58.7,0.1,28.9,0.09,58.7,0.16,5.0,0.18,37.6,0.06,0.06,0.093471,1776233801000
1776233803.168,103.168,0.84,5.0,0.82,37.6,0.9,28.9,0.91,58.7,0.1,28.9,0.09,58.7,0.16,5.0,0.18,37.6,0.06,0.06,0.093478,1776233802000
1776233804.288,104.288,0.84,5.0,0.82,37.6,0.9,28.9,0.91,58.7,0.1,28.9,0.09,58.7,0.16,5.0,0.18,37.6,0.06,0.06,0.093474,1776233803000
1776233805.409,105.409,0.84,5.0,0.82,37.6,0.9,28.9,0.91,58.7,0.1,28.9,0.09,58.7,0.16,5.0,0.18,37.6,0.06,0.06,0.093474,1776233804000
1776233805.907,105.907,0.84,5.0,0.82,37.6,0.9,28.9,0.91,58.7,0.1,28.9,0.09,58.7,0.16,5.0,0.18,37.6,0.06,0.06,0.093474,1776233805000
1776233806.978,106.978,0.84,5.0,0.82,37.6,0.9,28.9,0.91,58.7,0.1,28.9,0.09,58.7,0.16,5.0,0.18,37.6,0.06,0.06,0.093474,1776233806000
1776233808.484,108.484,0.84,5.0,0.82,37.6,0.9,28.9,0.91,58.7,0.1,28.9,0.09,58.7,0.16,5.0,0.18,37.6,0.06,0.06,0.093484,1776233807000
1776233809.017,109.017,0.84,5.0,0.82,37.6,0.9,28.9,0.91,58.7,0.1,28.9,0.09,58.7,0.16,5.0,0.18,37.6,0.06,0.06,0.093485,1776233808000
1776233810.14,110.14,0.84,5.0,0.82,37.6,0.9,28.9,0.91,58.7,0.1,28.9,0.09,58.7,0.16,5.0,0.18,37.6,0.06,0.06,0.093485,1776233809000
1776233810.369,110.369,0.88,47.6,0.87,23.0,0.93,18.87,0.94,46.1,0.1,28.9,0.09,58.7,0.16,5.0,0.18,37.6,0.05,0.06,0.093485,1776233809000
1776233811.227,111.227,0.88,47.6,0.87,23.0,0.93,18.87,0.94,46.1,0.07,18.87,0.06,46.1,0.12,47.6,0.13,23.0,0.05,0.05,0.093486,1776233810000
1776233812.481,112.481,0.88,47.6,0.87,23.0,0.93,18.87,0.94,46.1,0.07,18.87,0.06,46.1,0.12,47.6,0.13,23.0,0.05,0.05,0.093489,1776233811000
1776233812.985,112.985,0.88,47.6,0.87,23.0,0.93,18.87,0.94,46.1,0.07,18.87,0.06,46.1,0.12,47.6,0.13,23.0,0.05,0.05,0.093487,1776233812000
1776233814.161,114.161,0.88,47.6,0.87,23.0,0.93,18.87,0.94,46.1,0.07,18.87,0.06,46.1,0.12,47.6,0.13,23.0,0.05,0.05,0.093494,1776233813000
1776233815.099,115.099,0.88,47.6,0.87,23.0,0.93,18.87,0.94,46.1,0.07,18.87,0.06,46.1,0.12,47.6,0.13,23.0,0.05,0.05,0.093492,1776233814000
1776233816.309,116.309,0.89,31.6,0.88,42.6,0.94,24.82,0.95,54.7,0.06,24.82,0.05,54.7,0.11,31.6,0.12,42.6,0.05,0.05,0.093492,1776233815000
1776233816.928,116.928,0.89,31.6,0.88,42.6,0.94,24.82,0.95,54.7,0.06,24.82,0.05,54.7,0.11,31.6,0.12,42.6,0.05,0.05,0.093492,1776233816000
1776233818.016,118.016,0.89,31.6,0.88,42.6,0.94,24.82,0.95,54.7,0.06,24.82,0.05,54.7,0.11,31.6,0.12,42.6,0.05,0.05,0.093494,1776233817000
1776233819.127,119.127,0.91,82.7,0.9,28.9,0.96,115.54,0.97,155.3,0.04,115.54,0.03,155.3,0.09,82.7,0.1,28.9,0.05,0.05,0.093505,1776233818000
1776233820.277,120.277,0.91,82.7,0.9,28.9,0.96,115.54,0.97,155.3,0.04,115.54,0.03,155.3,0.09,82.7,0.1,28.9,0.05,0.05,0.093515,1776233819000
1776233821.327,121.327,0.91,82.7,0.9,28.9,0.96,115.54,0.97,155.3,0.04,115.54,0.03,155.3,0.09,82.7,0.1,28.9,0.05,0.05,0.093517,1776233820000
1776233821.943,121.943,0.91,82.7,0.9,28.9,0.96,115.54,0.97,155.3,0.04,115.54,0.03,155.3,0.09,82.7,0.1,28.9,0.05,0.05,0.093517,1776233821000
1776233823.036,123.036,0.93,62.9,0.92,55.29,0.97,78.99,0.98,147.69,0.03,78.99,0.02,147.69,0.07,62.9,0.08,55.29,0.04,0.04,0.093517,1776233822000
1776233824.487,124.487,0.93,62.9,0.92,55.29,0.97,78.99,0.98,147.69,0.03,78.99,0.02,147.69,0.07,62.9,0.08,55.29,0.04,0.04,0.093523,1776233823000
1776233825.342,125.342,0.93,62.9,0.92,55.29,0.97,78.99,0.98,147.69,0.03,78.99,0.02,147.69,0.07,62.9,0.08,55.29,0.04,0.04,0.093523,1776233824000
1776233825.965,125.965,0.93,62.9,0.92,55.29,0.97,78.99,0.98,147.69,0.03,78.99,0.02,147.69,0.07,62.9,0.08,55.29,0.04,0.04,0.093527,1776233825000
1776233827.382,127.382,0.93,62.9,0.92,55.29,0.97,78.99,0.98,147.69,0.03,78.99,0.02,147.69,0.07,62.9,0.08,55.29,0.04,0.04,0.093534,1776233826000
1776233828.073,128.073,0.93,62.9,0.92,55.29,0.97,78.99,0.98,147.69,0.03,78.99,0.02,147.69,0.07,62.9,0.08,55.29,0.04,0.04,0.093534,1776233827000
1776233829.537,129.537,0.93,5.0,0.92,35.0,0.96,46.86,0.97,78.99,0.04,46.86,0.03,78.99,0.07,5.0,0.08,35.0,0.03,0.03,0.093532,1776233828000
1776233830.237,130.237,0.93,5.0,0.92,35.0,0.96,46.86,0.97,78.99,0.04,46.86,0.03,78.99,0.07,5.0,0.08,35.0,0.03,0.03,0.093522,1776233829000
1776233831.598,131.598,0.93,5.0,0.92,35.0,0.96,46.86,0.97,78.99,0.04,46.86,0.03,78.99,0.07,5.0,0.08,35.0,0.03,0.03,0.093513,1776233830000
1776233832.313,132.313,0.93,5.0,0.92,35.0,0.96,46.86,0.97,78.99,0.04,46.86,0.03,78.99,0.07,5.0,0.08,35.0,0.03,0.03,0.093513,1776233831000
1776233833.065,133.065,0.93,5.0,0.92,35.0,0.96,46.86,0.97,78.99,0.04,46.86,0.03,78.99,0.07,5.0,0.08,35.0,0.03,0.03,0.093514,1776233832000
1776233834.319,134.319,0.93,5.0,0.92,35.0,0.96,46.86,0.97,78.99,0.04,46.86,0.03,78.99,0.07,5.0,0.08,35.0,0.03,0.03,0.093511,1776233833000
1776233835.004,135.004,0.93,5.0,0.92,35.0,0.96,46.86,0.97,78.99,0.04,46.86,0.03,78.99,0.07,5.0,0.08,35.0,0.03,0.03,0.093511,1776233834000
1776233836.289,136.289,0.93,5.0,0.92,35.0,0.96,46.86,0.97,78.99,0.04,46.86,0.03,78.99,0.07,5.0,0.08,35.0,0.03,0.03,0.09351,1776233835000
1776233837.762,137.762,0.93,5.0,0.92,35.0,0.96,46.86,0.97,78.99,0.04,46.86,0.03,78.99,0.07,5.0,0.08,35.0,0.03,0.03,0.093506,1776233836000
1776233838.433,138.433,0.93,5.0,0.92,35.0,0.96,46.86,0.97,78.99,0.04,46.86,0.03,78.99,0.07,5.0,0.08,35.0,0.03,0.03,0.093501,1776233837000
1776233839.086,139.086,0.93,5.0,0.92,35.0,0.96,46.86,0.97,78.99,0.04,46.86,0.03,78.99,0.07,5.0,0.08,35.0,0.03,0.03,0.093507,1776233838000
1776233839.864,139.864,0.93,58.9,0.92,55.29,0.94,0.05,0.97,78.99,0.04,46.86,0.03,78.99,0.07,5.0,0.08,35.0,0.01,0.03,0.093507,1776233838000
1776233840.832,140.832,0.93,58.9,0.92,55.29,0.94,0.05,0.97,78.99,0.06,0.05,0.03,78.99,0.07,58.9,0.08,55.29,0.01,0.01,0.09352,1776233839000
1776233841.387,141.387,0.93,58.9,0.92,55.29,0.94,0.05,0.97,78.99,0.06,0.05,0.03,78.99,0.07,58.9,0.08,55.29,0.01,0.01,0.093528,1776233840000
1776233842.315,142.315,0.93,58.9,0.92,55.29,0.94,0.05,0.97,78.99,0.06,0.05,0.03,78.99,0.07,58.9,0.08,55.29,0.01,0.01,0.093532,1776233841000
1776233843.313,143.313,0.93,58.9,0.92,55.29,0.94,0.05,0.97,78.99,0.06,0.05,0.03,78.99,0.07,58.9,0.08,55.29,0.01,0.01,0.093535,1776233842000
1776233843.866,143.866,0.93,58.9,0.92,55.29,0.94,0.05,0.97,78.99,0.06,0.05,0.03,78.99,0.07,58.9,0.08,55.29,0.01,0.01,0.093535,1776233843000
1776233844.888,144.888,0.93,44.61,0.92,55.29,0.94,0.05,0.98,147.69,0.06,0.05,0.02,147.69,0.07,44.61,0.08,55.29,0.01,0.01,0.093537,1776233844000
1776233845.811,145.811,0.93,44.61,0.92,55.29,0.94,0.05,0.98,147.69,0.06,0.05,0.02,147.69,0.07,44.61,0.08,55.29,0.01,0.01,0.093534,1776233845000
1776233847.257,147.257,0.93,44.61,0.92,55.29,0.94,0.05,0.98,147.69,0.06,0.05,0.02,147.69,0.07,44.61,0.08,55.29,0.01,0.01,0.093544,1776233846000
1776233848.223,148.223,0.93,44.61,0.92,55.29,0.94,0.05,0.98,147.69,0.06,0.05,0.02,147.69,0.07,44.61,0.08,55.29,0.01,0.01,0.093544,1776233847000
1776233849.257,149.257,0.93,44.61,0.92,55.29,0.94,0.05,0.98,147.69,0.06,0.05,0.02,147.69,0.07,44.61,0.08,55.29,0.01,0.01,0.093525,1776233848000
1776233850.297,150.297,0.93,44.61,0.92,55.29,0.94,0.05,0.98,147.69,0.06,0.05,0.02,147.69,0.07,44.61,0.08,55.29,0.01,0.01,0.093519,1776233849000
1776233851.28,151.28,0.95,34.95,0.93,64.9,0.97,89.3,0.98,147.69,0.03,89.3,0.02,147.69,0.05,34.95,0.07,64.9,0.02,0.02,0.093519,1776233850000
1776233852.276,152.276,0.95,34.95,0.93,64.9,0.97,89.3,0.98,147.69,0.03,89.3,0.02,147.69,0.05,34.95,0.07,64.9,0.02,0.02,0.093516,1776233851000
1776233853.292,153.292,0.95,30.95,0.94,5.0,0.97,89.3,0.98,147.69,0.03,89.3,0.02,147.69,0.05,34.95,0.07,64.9,0.02,0.02,0.093516,1776233851000
1776233853.896,153.896,0.95,30.95,0.94,5.0,0.97,89.3,0.98,147.69,0.03,89.3,0.02,147.69,0.05,30.95,0.06,5.0,0.02,0.02,0.093516,1776233852000
1776233854.97,154.97,0.95,30.95,0.94,5.0,0.97,89.3,0.98,147.69,0.03,89.3,0.02,147.69,0.05,30.95,0.06,5.0,0.02,0.02,0.09352,1776233853000
1776233855.57,155.57,0.95,30.95,0.94,5.0,0.97,89.3,0.98,147.69,0.03,89.3,0.02,147.69,0.05,30.95,0.06,5.0,0.02,0.02,0.093525,1776233854000
1776233856.365,156.365,0.95,30.95,0.94,5.0,0.97,89.3,0.98,147.69,0.03,89.3,0.02,147.69,0.05,30.95,0.06,5.0,0.02,0.02,0.093527,1776233855000
1776233857.897,157.897,0.95,30.95,0.94,5.0,0.97,89.3,0.98,147.69,0.03,89.3,0.02,147.69,0.05,30.95,0.06,5.0,0.02,0.02,0.093526,1776233856000
1776233858.611,158.611,0.95,30.95,0.94,5.0,0.97,89.3,0.98,147.69,0.03,89.3,0.02,147.69,0.05,30.95,0.06,5.0,0.02,0.02,0.093526,1776233857000
1776233859.414,159.414,0.95,30.95,0.94,5.0,0.97,89.3,0.98,147.69,0.03,89.3,0.02,147.69,0.05,30.95,0.06,5.0,0.02,0.02,0.093527,1776233858000
1776233860.087,160.087,0.95,30.95,0.94,5.0,0.97,89.3,0.98,147.69,0.03,89.3,0.02,147.69,0.05,30.95,0.06,5.0,0.02,0.02,0.093527,1776233859000
1776233861.399,161.399,0.95,30.95,0.94,5.0,0.97,89.3,0.98,147.69,0.03,89.3,0.02,147.69,0.05,30.95,0.06,5.0,0.02,0.02,0.093528,1776233860000
1776233862.137,162.137,0.95,30.95,0.94,5.0,0.97,89.3,0.98,147.69,0.03,89.3,0.02,147.69,0.05,30.95,0.06,5.0,0.02,0.02,0.093531,1776233861000
1776233862.915,162.915,0.95,30.95,0.93,33.0,0.96,66.65,0.97,89.3,0.03,89.3,0.02,147.69,0.05,30.95,0.06,5.0,0.01,0.02,0.093531,1776233861000
1776233863.744,163.744,0.95,30.95,0.93,33.0,0.96,66.65,0.97,89.3,0.04,66.65,0.03,89.3,0.05,30.95,0.07,33.0,0.01,0.01,0.093533,1776233862000
1776233864.308,164.308,0.95,30.95,0.93,33.0,0.96,66.65,0.97,89.3,0.04,66.65,0.03,89.3,0.05,30.95,0.07,33.0,0.01,0.01,0.093512,1776233863000
1776233865.071,165.071,0.95,30.95,0.93,33.0,0.96,66.65,0.97,89.3,0.04,66.65,0.03,89.3,0.05,30.95,0.07,33.0,0.01,0.01,0.0935,1776233864000
1776233866.505,166.505,0.95,30.95,0.93,33.0,0.96,66.65,0.97,89.3,0.04,66.65,0.03,89.3,0.05,30.95,0.07,33.0,0.01,0.01,0.093497,1776233865000
1776233867.157,167.157,0.95,30.95,0.93,33.0,0.96,66.65,0.97,89.3,0.04,66.65,0.03,89.3,0.05,30.95,0.07,33.0,0.01,0.01,0.093495,1776233866000
1776233868.617,168.617,0.95,30.95,0.93,33.0,0.96,66.65,0.97,89.3,0.04,66.65,0.03,89.3,0.05,30.95,0.07,33.0,0.01,0.01,0.093484,1776233867000
1776233869.355,169.355,0.95,30.95,0.93,33.0,0.96,66.65,0.97,89.3,0.04,66.65,0.03,89.3,0.05,30.95,0.07,33.0,0.01,0.01,0.093485,1776233868000
1776233870.087,170.087,0.95,30.95,0.93,33.0,0.96,66.65,0.97,89.3,0.04,66.65,0.03,89.3,0.05,30.95,0.07,33.0,0.01,0.01,0.093485,1776233869000
1776233870.389,170.389,0.95,9.23,0.91,25.0,0.96,71.65,0.97,89.3,0.04,66.65,0.03,89.3,0.05,30.95,0.07,33.0,0.01,0.01,0.093485,1776233869000
1776233871.36,171.36,0.95,9.23,0.91,25.0,0.96,71.65,0.97,89.3,0.04,71.65,0.03,89.3,0.05,9.23,0.09,25.0,0.01,0.01,0.093484,1776233870000
1776233872.304,172.304,0.95,9.23,0.91,25.0,0.96,71.65,0.97,89.3,0.04,71.65,0.03,89.3,0.05,9.23,0.09,25.0,0.01,0.01,0.093484,1776233871000
1776233873.346,173.346,0.95,9.23,0.91,25.0,0.96,71.65,0.97,89.3,0.04,71.65,0.03,89.3,0.05,9.23,0.09,25.0,0.01,0.01,0.093488,1776233872000
1776233874.331,174.331,0.95,9.23,0.91,25.0,0.96,71.65,0.97,89.3,0.04,71.65,0.03,89.3,0.05,9.23,0.09,25.0,0.01,0.01,0.093486,1776233873000
1776233875.302,175.302,0.95,9.23,0.91,25.0,0.96,71.65,0.97,89.3,0.04,71.65,0.03,89.3,0.05,9.23,0.09,25.0,0.01,0.01,0.093489,1776233874000
1776233876.349,176.349,0.95,9.23,0.91,25.0,0.96,71.65,0.97,89.3,0.04,71.65,0.03,89.3,0.05,9.23,0.09,25.0,0.01,0.01,0.093488,1776233875000
1776233877.366,177.366,0.95,9.23,0.91,25.0,0.96,71.65,0.97,89.3,0.04,71.65,0.03,89.3,0.05,9.23,0.09,25.0,0.01,0.01,0.093489,1776233876000
1776233878.314,178.314,0.95,9.23,0.91,25.0,0.96,71.65,0.97,89.3,0.04,71.65,0.03,89.3,0.05,9.23,0.09,25.0,0.01,0.01,0.093486,1776233877000
1776233879.365,179.365,0.95,9.23,0.91,25.0,0.96,71.65,0.97,89.3,0.04,71.65,0.03,89.3,0.05,9.23,0.09,25.0,0.01,0.01,0.093484,1776233878000
1776233880.379,180.379,0.95,9.23,0.91,25.0,0.96,71.65,0.97,89.3,0.04,71.65,0.03,89.3,0.05,9.23,0.09,25.0,0.01,0.01,0.093484,1776233879000
1776233880.876,180.876,0.95,9.23,0.91,25.0,0.96,71.65,0.97,89.3,0.04,71.65,0.03,89.3,0.05,9.23,0.09,25.0,0.01,0.01,0.093483,1776233880000
1776233881.946,181.946,0.95,9.23,0.91,25.0,0.96,71.65,0.97,89.3,0.04,71.65,0.03,89.3,0.05,9.23,0.09,25.0,0.01,0.01,0.093485,1776233881000
1776233883.043,183.043,0.95,9.23,0.91,25.0,0.96,71.65,0.97,89.3,0.04,71.65,0.03,89.3,0.05,9.23,0.09,25.0,0.01,0.01,0.093485,1776233882000
1776233884.063,184.063,0.95,9.23,0.91,25.0,0.96,71.65,0.97,89.3,0.04,71.65,0.03,89.3,0.05,9.23,0.09,25.0,0.01,0.01,0.093485,1776233883000
1776233885.379,185.379,0.95,9.23,0.91,25.0,0.96,71.65,0.97,89.3,0.04,71.65,0.03,89.3,0.05,9.23,0.09,25.0,0.01,0.01,0.09348,1776233884000
1776233886.039,186.039,0.95,9.23,0.91,25.0,0.96,71.65,0.97,89.3,0.04,71.65,0.03,89.3,0.05,9.23,0.09,25.0,0.01,0.01,0.093481,1776233885000
1776233887.031,187.031,0.95,9.23,0.91,25.0,0.96,71.65,0.97,89.3,0.04,71.65,0.03,89.3,0.05,9.23,0.09,25.0,0.01,0.01,0.093478,1776233886000
1776233888.146,188.146,0.95,9.23,0.91,25.0,0.96,71.65,0.97,89.3,0.04,71.65,0.03,89.3,0.05,9.23,0.09,25.0,0.01,0.01,0.093481,1776233887000
1776233889.036,189.036,0.95,9.23,0.91,25.0,0.96,71.65,0.97,89.3,0.04,71.65,0.03,89.3,0.05,9.23,0.09,25.0,0.01,0.01,0.093481,1776233888000
1776233890.119,190.119,0.95,9.23,0.91,25.0,0.96,71.65,0.97,89.3,0.04,71.65,0.03,89.3,0.05,9.23,0.09,25.0,0.01,0.01,0.093481,1776233889000
1776233891.081,191.081,0.95,9.23,0.91,25.0,0.96,71.65,0.97,89.3,0.04,71.65,0.03,89.3,0.05,9.23,0.09,25.0,0.01,0.01,0.093481,1776233890000
1776233892.053,192.053,0.95,9.23,0.91,25.0,0.96,71.65,0.97,89.3,0.04,71.65,0.03,89.3,0.05,9.23,0.09,25.0,0.01,0.01,0.093483,1776233891000
1776233892.934,192.934,0.95,9.23,0.91,25.0,0.96,71.65,0.97,89.3,0.04,71.65,0.03,89.3,0.05,9.23,0.09,25.0,0.01,0.01,0.093484,1776233892000
1776233894.033,194.033,0.95,9.23,0.91,25.0,0.96,71.65,0.97,89.3,0.04,71.65,0.03,89.3,0.05,9.23,0.09,25.0,0.01,0.01,0.093484,1776233893000
1776233894.518,194.518,0.95,9.23,0.92,35.29,0.96,15.03,0.97,89.3,0.04,71.65,0.03,89.3,0.05,9.23,0.09,25.0,0.01,0.01,0.093484,1776233893000
1776233894.98,194.98,0.95,9.23,0.92,35.29,0.96,15.03,0.97,89.3,0.04,15.03,0.03,89.3,0.05,9.23,0.08,35.29,0.01,0.01,0.093485,1776233894000
1776233895.96,195.96,0.95,9.23,0.92,35.29,0.96,15.03,0.97,89.3,0.04,15.03,0.03,89.3,0.05,9.23,0.08,35.29,0.01,0.01,0.093484,1776233895000
1776233896.486,196.486,0.95,9.23,0.92,35.29,0.96,5.38,0.97,89.3,0.04,15.03,0.03,89.3,0.05,9.23,0.08,35.29,0.01,0.01,0.093484,1776233895000
1776233896.974,196.974,0.95,9.23,0.92,35.29,0.96,5.38,0.97,89.3,0.04,5.38,0.03,89.3,0.05,9.23,0.08,35.29,0.01,0.01,0.093484,1776233896000
1776233898.526,198.526,0.95,9.23,0.92,35.29,0.96,5.38,0.97,89.3,0.04,5.38,0.03,89.3,0.05,9.23,0.08,35.29,0.01,0.01,0.093483,1776233897000
1776233899.592,199.592,0.95,9.23,0.92,35.29,0.96,5.38,0.97,89.3,0.04,5.38,0.03,89.3,0.05,9.23,0.08,35.29,0.01,0.01,0.093483,1776233898000
1776233900.257,200.257,0.95,9.23,0.92,35.29,0.96,5.38,0.97,89.3,0.04,5.38,0.03,89.3,0.05,9.23,0.08,35.29,0.01,0.01,0.093483,1776233899000
1776233901.587,201.587,0.95,9.23,0.92,35.29,0.96,5.38,0.97,89.3,0.04,5.38,0.03,89.3,0.05,9.23,0.08,35.29,0.01,0.01,0.093483,1776233900000
1776233902.216,202.216,0.95,9.23,0.92,35.29,0.96,5.38,0.97,89.3,0.04,5.38,0.03,89.3,0.05,9.23,0.08,35.29,0.01,0.01,0.093483,1776233901000
1776233903.45,203.45,0.95,9.23,0.92,35.29,0.96,5.38,0.97,89.3,0.04,5.38,0.03,89.3,0.05,9.23,0.08,35.29,0.01,0.01,0.093492,1776233902000
1776233903.768,203.768,0.96,67.7,0.95,63.93,0.98,13.88,0.99,507.6,0.04,5.38,0.03,89.3,0.05,9.23,0.08,35.29,0.02,0.01,0.093492,1776233902000
1776233904.203,204.203,0.96,67.7,0.95,63.93,0.98,13.88,0.99,507.6,0.02,13.88,0.01,507.6,0.04,67.7,0.05,63.93,0.02,0.02,0.093497,1776233903000
1776233905.432,205.432,0.96,67.7,0.95,63.93,0.98,13.88,0.99,507.6,0.02,13.88,0.01,507.6,0.04,67.7,0.05,63.93,0.02,0.02,0.093499,1776233904000
1776233906.175,206.175,0.96,67.7,0.95,63.93,0.98,13.88,0.99,507.6,0.02,13.88,0.01,507.6,0.04,67.7,0.05,63.93,0.02,0.02,0.093497,1776233905000
1776233907.562,207.562,0.96,67.7,0.95,63.93,0.98,13.88,0.99,507.6,0.02,13.88,0.01,507.6,0.04,67.7,0.05,63.93,0.02,0.02,0.093503,1776233906000
1776233908.166,208.166,0.96,67.7,0.95,63.93,0.98,13.88,0.99,507.6,0.02,13.88,0.01,507.6,0.04,67.7,0.05,63.93,0.02,0.02,0.093512,1776233907000
1776233909.384,209.384,0.96,67.7,0.95,63.93,0.98,13.88,0.99,507.6,0.02,13.88,0.01,507.6,0.04,67.7,0.05,63.93,0.02,0.02,0.093513,1776233908000
1776233909.956,209.956,0.97,89.3,0.96,67.7,0.99,233.63,,,0.02,13.88,0.01,507.6,0.04,67.7,0.05,63.93,0.02,0.02,0.093513,1776233908000
1776233911.568,211.568,0.97,89.3,0.96,67.7,0.99,233.63,,,0.01,233.63,,,0.03,89.3,0.04,67.7,0.02,0.02,0.093514,1776233910000
1776233911.95,211.95,0.97,89.3,0.96,67.7,0.99,233.63,,,0.01,233.63,,,0.03,89.3,0.04,67.7,0.02,0.02,0.093514,1776233911000
1776233913.274,213.274,0.97,89.3,0.96,67.7,0.99,233.63,,,0.01,233.63,,,0.03,89.3,0.04,67.7,0.02,0.02,0.093514,1776233912000
1776233914.371,214.371,0.97,89.3,0.96,67.7,0.99,233.63,,,0.01,233.63,,,0.03,89.3,0.04,67.7,0.02,0.02,0.093485,1776233913000
1776233915.315,215.315,0.97,89.3,0.96,67.7,0.99,233.63,,,0.01,233.63,,,0.03,89.3,0.04,67.7,0.02,0.02,0.093476,1776233914000
1776233916.567,216.567,0.97,89.3,0.96,67.7,0.99,233.63,,,0.01,233.63,,,0.03,89.3,0.04,67.7,0.02,0.02,0.093482,1776233915000
1776233917.142,217.142,0.97,89.3,0.96,67.7,0.99,233.63,,,0.01,233.63,,,0.03,89.3,0.04,67.7,0.02,0.02,0.093482,1776233916000
1776233919.033,219.033,0.97,89.3,0.96,67.7,0.99,233.63,,,0.01,233.63,,,0.03,89.3,0.04,67.7,0.02,0.02,0.093482,1776233917000
1776233919.641,219.641,0.97,89.3,0.96,67.7,0.99,233.63,,,0.01,233.63,,,0.03,89.3,0.04,67.7,0.02,0.02,0.093482,1776233918000
1776233920.195,220.195,0.96,10.0,0.95,9.23,0.97,81.05,0.98,132.69,0.01,233.63,,,0.03,89.3,0.04,67.7,0.01,0.02,0.093482,1776233918000
1776233921.763,221.763,0.96,10.0,0.95,9.23,0.97,81.05,0.98,132.69,0.03,81.05,0.02,132.69,0.04,10.0,0.05,9.23,0.01,0.01,0.093469,1776233920000
1776233922.487,222.487,0.96,10.0,0.95,9.23,0.97,81.05,0.98,132.69,0.03,81.05,0.02,132.69,0.04,10.0,0.05,9.23,0.01,0.01,0.093474,1776233921000
1776233923.104,223.104,0.96,10.0,0.95,9.23,0.97,81.05,0.98,132.69,0.03,81.05,0.02,132.69,0.04,10.0,0.05,9.23,0.01,0.01,0.093475,1776233922000
1776233924.374,224.374,0.96,10.0,0.95,9.23,0.97,81.05,0.98,132.69,0.03,81.05,0.02,132.69,0.04,10.0,0.05,9.23,0.01,0.01,0.093479,1776233923000
1776233925.136,225.136,0.96,10.0,0.95,9.23,0.97,81.05,0.98,132.69,0.03,81.05,0.02,132.69,0.04,10.0,0.05,9.23,0.01,0.01,0.093479,1776233924000
1776233926.451,226.451,0.96,10.0,0.95,9.23,0.97,81.05,0.98,132.69,0.03,81.05,0.02,132.69,0.04,10.0,0.05,9.23,0.01,0.01,0.093481,1776233925000
1776233927.062,227.062,0.96,10.0,0.95,9.23,0.97,81.05,0.98,132.69,0.03,81.05,0.02,132.69,0.04,10.0,0.05,9.23,0.01,0.01,0.093481,1776233926000
1776233928.466,228.466,0.96,10.0,0.95,9.23,0.97,81.05,0.98,132.69,0.03,81.05,0.02,132.69,0.04,10.0,0.05,9.23,0.01,0.01,0.093471,1776233927000
1776233929.143,229.143,0.96,10.0,0.95,9.23,0.97,81.05,0.98,132.69,0.03,81.05,0.02,132.69,0.04,10.0,0.05,9.23,0.01,0.01,0.093462,1776233928000
1776233930.564,230.564,0.96,10.0,0.95,9.23,0.97,81.05,0.98,132.69,0.03,81.05,0.02,132.69,0.04,10.0,0.05,9.23,0.01,0.01,0.093462,1776233929000
1776233931.499,231.499,0.96,10.0,0.95,9.23,0.97,81.05,0.98,132.69,0.03,81.05,0.02,132.69,0.04,10.0,0.05,9.23,0.01,0.01,0.09346,1776233930000
1776233932.019,232.019,0.96,10.0,0.95,9.23,0.97,81.05,0.98,132.69,0.03,81.05,0.02,132.69,0.04,10.0,0.05,9.23,0.01,0.01,0.09346,1776233931000
1776233933.518,233.518,0.96,10.0,0.95,9.23,0.97,81.05,0.98,132.69,0.03,81.05,0.02,132.69,0.04,10.0,0.05,9.23,0.01,0.01,0.09347,1776233932000
1776233934.16,234.16,0.96,10.0,0.95,9.23,0.97,81.05,0.98,132.69,0.03,81.05,0.02,132.69,0.04,10.0,0.05,9.23,0.01,0.01,0.09347,1776233933000
1776233935.364,235.364,0.96,10.0,0.95,9.23,0.97,81.05,0.98,132.69,0.03,81.05,0.02,132.69,0.04,10.0,0.05,9.23,0.01,0.01,0.093472,1776233934000
1776233936.096,236.096,0.96,10.0,0.95,9.23,0.97,81.05,0.98,132.69,0.03,81.05,0.02,132.69,0.04,10.0,0.05,9.23,0.01,0.01,0.093468,1776233935000
1776233936.686,236.686,0.96,10.0,0.95,9.23,0.97,84.14,0.98,132.69,0.03,81.05,0.02,132.69,0.04,10.0,0.05,9.23,0.01,0.01,0.093468,1776233935000
1776233937.3,237.3,0.96,10.0,0.95,9.23,0.97,84.14,0.98,132.69,0.03,84.14,0.02,132.69,0.04,10.0,0.05,9.23,0.01,0.01,0.093462,1776233936000
1776233937.91,237.91,0.96,10.0,0.95,9.23,0.97,84.14,0.98,132.69,0.03,84.14,0.02,132.69,0.04,10.0,0.05,9.23,0.01,0.01,0.093455,1776233937000
1776233938.362,238.362,0.71,12.6,0.7,12.4,0.91,30.77,0.97,118.14,0.03,84.14,0.02,132.69,0.04,10.0,0.05,9.23,0.2,0.01,0.093455,1776233937000
1776233939.376,239.376,0.71,12.6,0.7,12.4,0.91,30.77,0.97,118.14,0.09,30.77,0.03,118.14,0.29,12.6,0.3,12.4,0.2,0.2,0.093431,1776233938000
1776233939.929,239.929,0.71,12.6,0.7,12.4,0.91,30.77,0.97,118.14,0.09,30.77,0.03,118.14,0.29,12.6,0.3,12.4,0.2,0.2,0.09342,1776233939000
1776233941.17,241.17,0.71,12.6,0.7,12.4,0.91,30.77,0.97,118.14,0.09,30.77,0.03,118.14,0.29,12.6,0.3,12.4,0.2,0.2,0.093416,1776233940000
1776233942.373,242.373,0.71,12.6,0.7,12.4,0.91,30.77,0.97,118.14,0.09,30.77,0.03,118.14,0.29,12.6,0.3,12.4,0.2,0.2,0.093412,1776233941000
1776233943.055,243.055,0.71,12.6,0.7,12.4,0.91,30.77,0.97,118.14,0.09,30.77,0.03,118.14,0.29,12.6,0.3,12.4,0.2,0.2,0.0934,1776233942000
1776233943.538,243.538,0.6,10.8,0.59,10.7,0.81,48.76,0.89,26.6,0.19,48.76,0.1,28.9,0.39,13.0,0.4,10.8,0.21,0.2,0.0934,1776233942000
1776233943.782,243.782,0.61,16.9,0.6,10.8,0.81,43.69,0.89,26.6,0.19,48.76,0.11,26.6,0.4,10.8,0.41,10.7,0.2,0.21,0.0934,1776233942000
1776233944.064,244.064,0.61,24.9,0.6,10.8,0.81,42.45,0.89,26.6,0.19,43.69,0.11,26.6,0.39,16.9,0.4,10.8,0.2,0.2,0.0934,1776233942000
1776233945.202,245.202,0.61,24.9,0.6,10.8,0.81,42.45,0.89,26.6,0.19,42.45,0.11,26.6,0.39,24.9,0.4,10.8,0.2,0.2,0.09339,1776233944000
1776233946.324,246.324,0.61,24.9,0.6,10.8,0.81,42.45,0.89,26.6,0.19,42.45,0.11,26.6,0.39,24.9,0.4,10.8,0.2,0.2,0.093392,1776233945000
1776233947.042,247.042,0.61,24.9,0.6,10.8,0.81,42.45,0.89,26.6,0.19,42.45,0.11,26.6,0.39,24.9,0.4,10.8,0.2,0.2,0.093392,1776233946000
1776233948.218,248.218,0.61,24.9,0.6,10.8,0.81,42.45,0.89,26.6,0.19,42.45,0.11,26.6,0.39,24.9,0.4,10.8,0.2,0.2,0.093392,1776233947000
1776233949.313,249.313,0.61,24.9,0.6,10.8,0.81,42.45,0.89,26.6,0.19,42.45,0.11,26.6,0.39,24.9,0.4,10.8,0.2,0.2,0.093392,1776233948000
1776233950.338,250.338,0.61,24.9,0.6,10.8,0.81,42.45,0.89,26.6,0.19,42.45,0.11,26.6,0.39,24.9,0.4,10.8,0.2,0.2,0.093392,1776233949000
1776233950.942,250.942,0.61,24.9,0.6,10.8,0.81,42.45,0.89,26.6,0.19,42.45,0.11,26.6,0.39,24.9,0.4,10.8,0.2,0.2,0.093392,1776233950000
1776233951.541,251.541,0.8,1.04,0.66,11.6,0.83,18.39,0.84,19.3,0.19,42.45,0.11,26.6,0.39,24.9,0.4,10.8,0.03,0.2,0.093392,1776233950000
1776233952.156,252.156,0.66,11.6,0.65,11.4,0.8,5.25,0.86,21.6,0.2,5.25,0.14,21.6,0.34,11.6,0.35,11.4,0.14,0.14,0.093392,1776233951000
1776233952.439,252.439,0.68,11.9,0.67,36.8,0.86,13.53,0.87,23.0,0.2,5.25,0.14,21.6,0.34,11.6,0.35,11.4,0.18,0.14,0.093392,1776233951000
1776233953.211,253.211,0.68,11.9,0.67,36.8,0.86,13.53,0.87,23.0,0.14,13.53,0.13,23.0,0.32,11.9,0.33,36.8,0.18,0.18,0.093395,1776233952000
1776233954.328,254.328,0.68,11.9,0.67,36.8,0.86,13.53,0.87,23.0,0.14,13.53,0.13,23.0,0.32,11.9,0.33,36.8,0.18,0.18,0.093391,1776233953000
1776233954.551,254.551,0.69,10.0,0.68,11.9,0.82,23.6,0.83,18.39,0.14,13.53,0.13,23.0,0.32,11.9,0.33,36.8,0.13,0.18,0.093391,1776233953000
1776233954.866,254.866,0.69,10.0,0.68,11.9,0.82,23.6,0.83,18.39,0.18,23.6,0.17,18.39,0.31,10.0,0.32,11.9,0.13,0.13,0.09339,1776233954000
1776233956.079,256.079,0.69,10.0,0.68,11.9,0.82,23.6,0.83,18.39,0.18,23.6,0.17,18.39,0.31,10.0,0.32,11.9,0.13,0.13,0.093391,1776233955000
1776233956.378,256.378,0.69,5.36,0.68,11.9,0.81,16.89,0.82,17.6,0.18,23.6,0.17,18.39,0.31,10.0,0.32,11.9,0.12,0.13,0.093391,1776233955000
1776233957.191,257.191,0.69,5.36,0.68,11.9,0.81,16.89,0.82,17.6,0.19,16.89,0.18,17.6,0.31,5.36,0.32,11.9,0.12,0.12,0.093394,1776233956000
1776233958.301,258.301,0.69,5.36,0.68,11.9,0.81,16.89,0.82,17.6,0.19,16.89,0.18,17.6,0.31,5.36,0.32,11.9,0.12,0.12,0.093394,1776233957000
1776233959.413,259.413,0.69,5.36,0.68,11.9,0.81,16.89,0.82,17.6,0.19,16.89,0.18,17.6,0.31,5.36,0.32,11.9,0.12,0.12,0.093392,1776233958000
1776233959.931,259.931,0.69,5.36,0.68,11.9,0.81,16.89,0.82,17.6,0.19,16.89,0.18,17.6,0.31,5.36,0.32,11.9,0.12,0.12,0.093391,1776233959000
1776233961.131,261.131,0.69,5.36,0.68,11.9,0.81,16.89,0.82,17.6,0.19,16.89,0.18,17.6,0.31,5.36,0.32,11.9,0.12,0.12,0.09339,1776233960000
1776233962.235,262.235,0.69,5.36,0.68,11.9,0.81,16.89,0.82,17.6,0.19,16.89,0.18,17.6,0.31,5.36,0.32,11.9,0.12,0.12,0.093391,1776233961000
1776233962.496,262.496,0.71,39.61,0.69,12.2,0.9,28.9,0.91,31.7,0.19,16.89,0.18,17.6,0.31,5.36,0.32,11.9,0.19,0.12,0.093391,1776233961000
1776233963.809,263.809,0.71,39.61,0.69,12.2,0.9,28.9,0.91,31.7,0.1,28.9,0.09,31.7,0.29,39.61,0.31,12.2,0.19,0.19,0.093391,1776233962000
1776233964.366,264.366,0.71,39.61,0.69,12.2,0.9,28.9,0.91,31.7,0.1,28.9,0.09,31.7,0.29,39.61,0.31,12.2,0.19,0.19,0.093396,1776233963000
1776233965.306,265.306,0.71,39.61,0.69,12.2,0.9,28.9,0.91,31.7,0.1,28.9,0.09,31.7,0.29,39.61,0.31,12.2,0.19,0.19,0.0934,1776233964000
1776233965.874,265.874,0.71,39.61,0.69,12.2,0.9,28.9,0.91,31.7,0.1,28.9,0.09,31.7,0.29,39.61,0.31,12.2,0.19,0.19,0.0934,1776233965000
1776233966.74,266.74,0.77,6.0,0.76,32.3,0.95,4.45,0.96,67.7,0.1,28.9,0.09,31.7,0.29,39.61,0.31,12.2,0.18,0.19,0.0934,1776233965000
1776233967.54,267.54,0.77,20.7,0.76,32.3,0.97,84.14,0.98,132.69,0.05,4.45,0.04,67.7,0.23,6.0,0.24,32.3,0.2,0.18,0.093401,1776233966000
1776233968.085,268.085,0.77,20.7,0.76,32.3,0.97,84.14,0.98,132.69,0.03,84.14,0.02,132.69,0.23,20.7,0.24,32.3,0.2,0.2,0.093416,1776233967000
1776233969.206,269.206,0.77,20.7,0.76,32.3,0.97,84.14,0.98,132.69,0.03,84.14,0.02,132.69,0.23,20.7,0.24,32.3,0.2,0.2,0.093419,1776233968000
1776233970.24,270.24,0.77,20.7,0.76,32.3,0.97,84.14,0.98,132.69,0.03,84.14,0.02,132.69,0.23,20.7,0.24,32.3,0.2,0.2,0.09342,1776233969000
1776233971.147,271.147,0.83,18.39,0.82,45.6,0.97,78.98,0.98,132.69,0.03,84.14,0.02,132.69,0.23,20.7,0.24,32.3,0.14,0.2,0.09342,1776233969000
1776233972.298,272.298,0.83,18.39,0.82,45.6,0.97,78.98,0.98,132.69,0.03,78.98,0.02,132.69,0.17,18.39,0.18,45.6,0.14,0.14,0.093421,1776233971000
1776233973.354,273.354,0.83,18.39,0.82,45.6,0.97,78.98,0.98,132.69,0.03,78.98,0.02,132.69,0.17,18.39,0.18,45.6,0.14,0.14,0.093419,1776233972000
1776233974.375,274.375,0.83,18.39,0.82,45.6,0.97,78.98,0.98,132.69,0.03,78.98,0.02,132.69,0.17,18.39,0.18,45.6,0.14,0.14,0.093419,1776233973000
1776233974.878,274.878,0.83,18.39,0.82,45.6,0.97,78.98,0.98,132.69,0.03,78.98,0.02,132.69,0.17,18.39,0.18,45.6,0.14,0.14,0.093419,1776233974000
1776233975.903,275.903,0.83,18.39,0.82,45.6,0.97,78.98,0.98,132.69,0.03,78.98,0.02,132.69,0.17,18.39,0.18,45.6,0.14,0.14,0.093407,1776233975000
1776233977.423,277.423,0.83,18.39,0.82,45.6,0.97,78.98,0.98,132.69,0.03,78.98,0.02,132.69,0.17,18.39,0.18,45.6,0.14,0.14,0.093399,1776233976000
1776233977.908,277.908,0.83,18.39,0.82,45.6,0.97,78.98,0.98,132.69,0.03,78.98,0.02,132.69,0.17,18.39,0.18,45.6,0.14,0.14,0.093398,1776233977000
1776233978.918,278.918,0.83,18.39,0.82,45.6,0.97,78.98,0.98,132.69,0.03,78.98,0.02,132.69,0.17,18.39,0.18,45.6,0.14,0.14,0.093398,1776233978000
1776233979.978,279.978,0.83,18.39,0.82,45.6,0.97,78.98,0.98,132.69,0.03,78.98,0.02,132.69,0.17,18.39,0.18,45.6,0.14,0.14,0.093398,1776233979000
1776233980.921,280.921,0.83,18.39,0.82,45.6,0.97,78.98,0.98,132.69,0.03,78.98,0.02,132.69,0.17,18.39,0.18,45.6,0.14,0.14,0.093397,1776233980000
1776233981.89,281.89,0.83,18.39,0.82,45.6,0.97,78.98,0.98,132.69,0.03,78.98,0.02,132.69,0.17,18.39,0.18,45.6,0.14,0.14,0.093398,1776233981000
1776233983.009,283.009,0.83,18.39,0.82,45.6,0.97,78.98,0.98,132.69,0.03,78.98,0.02,132.69,0.17,18.39,0.18,45.6,0.14,0.14,0.093399,1776233982000
1776233984.13,284.13,0.83,18.39,0.82,45.6,0.97,78.98,0.98,132.69,0.03,78.98,0.02,132.69,0.17,18.39,0.18,45.6,0.14,0.14,0.0934,1776233983000
1776233985.109,285.109,0.83,18.39,0.82,45.6,0.97,78.98,0.98,132.69,0.03,78.98,0.02,132.69,0.17,18.39,0.18,45.6,0.14,0.14,0.0934,1776233984000
1776233986.078,286.078,0.83,18.39,0.82,45.6,0.97,78.98,0.98,132.69,0.03,78.98,0.02,132.69,0.17,18.39,0.18,45.6,0.14,0.14,0.0934,1776233985000
1776233987.084,287.084,0.83,18.39,0.82,45.6,0.97,78.98,0.98,132.69,0.03,78.98,0.02,132.69,0.17,18.39,0.18,45.6,0.14,0.14,0.093402,1776233986000
1776233988.206,288.206,0.83,18.39,0.82,45.6,0.97,78.98,0.98,132.69,0.03,78.98,0.02,132.69,0.17,18.39,0.18,45.6,0.14,0.14,0.093424,1776233987000
1776233989.027,289.027,0.83,18.39,0.82,45.6,0.97,78.98,0.98,132.69,0.03,78.98,0.02,132.69,0.17,18.39,0.18,45.6,0.14,0.14,0.093424,1776233988000
1776233990.638,290.638,0.83,18.39,0.82,45.6,0.97,78.98,0.98,132.69,0.03,78.98,0.02,132.69,0.17,18.39,0.18,45.6,0.14,0.14,0.093428,1776233989000
1776233991.174,291.174,0.83,18.39,0.82,45.6,0.97,78.98,0.98,132.69,0.03,78.98,0.02,132.69,0.17,18.39,0.18,45.6,0.14,0.14,0.093428,1776233990000
1776233992.261,292.261,0.83,18.39,0.82,45.6,0.97,78.98,0.98,132.69,0.03,78.98,0.02,132.69,0.17,18.39,0.18,45.6,0.14,0.14,0.093427,1776233991000
1776233993.232,293.232,0.9,6.0,0.81,50.0,0.99,228.58,,,0.03,78.98,0.02,132.69,0.17,18.39,0.18,45.6,0.09,0.14,0.093427,1776233991000
1776233993.983,293.983,0.9,6.0,0.81,50.0,0.99,222.58,,,0.01,222.58,,,0.1,6.0,0.19,50.0,0.09,0.09,0.093406,1776233993000
1776233994.985,294.985,0.9,6.0,0.81,50.0,0.99,69.44,,,0.01,69.44,,,0.1,6.0,0.19,50.0,0.09,0.09,0.093402,1776233994000
1776233996.102,296.102,0.99,930.56,0.9,6.0,,,,,0.01,69.44,,,0.1,6.0,0.19,50.0,,0.09,0.093402,1776233994000
1776233996.7,296.7,0.99,939.35,0.81,50.0,,,,,,,,,0.01,930.56,0.1,6.0,,,0.093405,1776233995000
1776233997.35,297.35,0.99,939.35,0.81,50.0,,,,,,,,,0.01,939.35,0.19,50.0,,,0.093414,1776233996000
1776233997.908,297.908,0.99,939.35,0.81,50.0,,,,,,,,,0.01,939.35,0.19,50.0,,,0.093414,1776233997000
1776233999.082,299.082,0.99,939.35,0.81,50.0,,,,,,,,,0.01,939.35,0.19,50.0,,,0.093412,1776233998000
1776234000.122,300.122,0.99,939.35,0.81,50.0,,,,,,,,,0.01,939.35,0.19,50.0,,,0.093414,1776233999000
1776234001.173,301.173,0.99,939.35,0.81,50.0,,,,,,,,,0.01,939.35,0.19,50.0,,,0.093413,1776234000000

# RESULT,winner=Up,slug=doge-updown-5m-1776233700,ticks=329
