timestamp,elapsed_sec,up_bid_p1,up_bid_s1,up_bid_p2,up_bid_s2,up_ask_p1,up_ask_s1,up_ask_p2,up_ask_s2,down_bid_p1,down_bid_s1,down_bid_p2,down_bid_s2,down_ask_p1,down_ask_s1,down_ask_p2,down_ask_s2,up_spread,down_spread,doge_price,doge_oracle_ts
1776234601.357,1.357,,,,,,,,,,,,,,,,,,,0.093139,1776234600000
1776234601.664,1.664,0.5,5.0,0.46,10.0,0.55,10.0,0.58,10.0,0.45,10.0,0.42,10.0,0.5,5.0,0.54,10.0,0.05,0.05,0.093139,1776234600000
1776234602.035,2.035,0.5,5.0,0.46,10.0,0.55,10.0,0.58,10.0,0.45,10.0,0.42,10.0,0.5,5.0,0.54,10.0,0.05,0.05,0.093139,1776234600000
1776234602.424,2.424,0.5,5.0,0.46,10.0,0.55,10.0,0.58,10.0,0.45,10.0,0.42,10.0,0.5,5.0,0.54,10.0,0.05,0.05,0.093139,1776234601000
1776234602.957,2.957,0.5,5.0,0.46,10.0,0.55,10.0,0.58,10.0,0.45,10.0,0.42,10.0,0.5,5.0,0.54,10.0,0.05,0.05,0.093139,1776234602000
1776234604.034,4.034,0.5,5.0,0.46,10.0,0.55,10.0,0.58,10.0,0.45,10.0,0.42,10.0,0.5,5.0,0.54,10.0,0.05,0.05,0.09314,1776234603000
1776234605.099,5.099,0.5,5.0,0.46,10.0,0.55,10.0,0.58,10.0,0.45,10.0,0.42,10.0,0.5,5.0,0.54,10.0,0.05,0.05,0.093139,1776234604000
1776234606.211,6.211,0.5,5.0,0.46,10.0,0.55,10.0,0.58,10.0,0.45,10.0,0.42,10.0,0.5,5.0,0.54,10.0,0.05,0.05,0.093139,1776234605000
1776234606.82,6.82,0.52,5.0,0.5,5.0,0.55,7.0,0.56,5.0,0.45,10.0,0.42,10.0,0.5,5.0,0.54,10.0,0.03,0.05,0.093139,1776234605000
1776234607.369,7.369,0.52,5.0,0.5,5.0,0.55,7.0,0.56,5.0,0.45,7.0,0.44,5.0,0.48,5.0,0.5,5.0,0.03,0.03,0.093138,1776234606000
1776234607.912,7.912,0.52,5.0,0.5,5.0,0.55,7.0,0.56,5.0,0.45,7.0,0.44,5.0,0.48,5.0,0.5,5.0,0.03,0.03,0.093138,1776234607000
1776234609.044,9.044,0.52,5.0,0.5,5.0,0.55,7.0,0.56,5.0,0.45,7.0,0.44,5.0,0.48,5.0,0.5,5.0,0.03,0.03,0.093139,1776234608000
1776234610.102,10.102,0.52,5.0,0.5,5.0,0.55,7.0,0.56,5.0,0.45,7.0,0.44,5.0,0.48,5.0,0.5,5.0,0.03,0.03,0.09315,1776234609000
1776234611.304,11.304,0.52,5.0,0.5,5.0,0.55,7.0,0.56,5.0,0.45,7.0,0.44,5.0,0.48,5.0,0.5,5.0,0.03,0.03,0.093153,1776234610000
1776234612.331,12.331,0.52,5.0,0.5,5.0,0.55,7.0,0.56,5.0,0.45,7.0,0.44,5.0,0.48,5.0,0.5,5.0,0.03,0.03,0.093151,1776234611000
1776234612.993,12.993,0.52,5.0,0.5,5.0,0.55,7.0,0.56,5.0,0.45,7.0,0.44,5.0,0.48,5.0,0.5,5.0,0.03,0.03,0.09315,1776234612000
1776234614.024,14.024,0.52,5.0,0.5,5.0,0.55,7.0,0.56,5.0,0.45,7.0,0.44,5.0,0.48,5.0,0.5,5.0,0.03,0.03,0.09315,1776234613000
1776234615.096,15.096,0.52,5.0,0.5,5.0,0.55,7.0,0.56,5.0,0.45,7.0,0.44,5.0,0.48,5.0,0.5,5.0,0.03,0.03,0.09315,1776234614000
1776234616.163,16.163,0.52,5.0,0.5,5.0,0.55,7.0,0.56,5.0,0.45,7.0,0.44,5.0,0.48,5.0,0.5,5.0,0.03,0.03,0.09315,1776234615000
1776234617.343,17.343,0.52,5.0,0.5,5.0,0.55,7.0,0.56,5.0,0.45,7.0,0.44,5.0,0.48,5.0,0.5,5.0,0.03,0.03,0.09315,1776234616000
1776234618.261,18.261,0.52,5.0,0.5,5.0,0.55,7.0,0.56,5.0,0.45,7.0,0.44,5.0,0.48,5.0,0.5,5.0,0.03,0.03,0.09315,1776234617000
1776234619.652,19.652,0.52,5.0,0.5,5.0,0.55,7.0,0.56,5.0,0.45,7.0,0.44,5.0,0.48,5.0,0.5,5.0,0.03,0.03,0.093153,1776234618000
1776234620.312,20.312,0.52,5.0,0.5,5.0,0.55,7.0,0.56,5.0,0.45,7.0,0.44,5.0,0.48,5.0,0.5,5.0,0.03,0.03,0.093153,1776234619000
1776234621.402,21.402,0.52,5.0,0.5,5.0,0.55,7.0,0.56,5.0,0.45,7.0,0.44,5.0,0.48,5.0,0.5,5.0,0.03,0.03,0.093153,1776234620000
1776234622.017,22.017,0.52,5.0,0.5,5.0,0.55,7.0,0.56,5.0,0.45,7.0,0.44,5.0,0.48,5.0,0.5,5.0,0.03,0.03,0.093153,1776234621000
1776234623.276,23.276,0.52,5.0,0.5,5.0,0.55,7.0,0.56,5.0,0.45,7.0,0.44,5.0,0.48,5.0,0.5,5.0,0.03,0.03,0.093153,1776234622000
1776234624.391,24.391,0.52,5.0,0.5,5.0,0.55,7.0,0.56,5.0,0.45,7.0,0.44,5.0,0.48,5.0,0.5,5.0,0.03,0.03,0.093153,1776234623000
1776234624.993,24.993,0.52,5.0,0.5,5.0,0.55,7.0,0.56,5.0,0.45,7.0,0.44,5.0,0.48,5.0,0.5,5.0,0.03,0.03,0.093153,1776234624000
1776234626.08,26.08,0.52,5.0,0.5,5.0,0.55,7.0,0.56,5.0,0.45,7.0,0.44,5.0,0.48,5.0,0.5,5.0,0.03,0.03,0.093153,1776234625000
1776234627.458,27.458,0.52,5.0,0.5,5.0,0.55,7.0,0.56,5.0,0.45,7.0,0.44,5.0,0.48,5.0,0.5,5.0,0.03,0.03,0.093152,1776234626000
1776234628.059,28.059,0.52,5.0,0.5,5.0,0.55,7.0,0.56,5.0,0.45,7.0,0.44,5.0,0.48,5.0,0.5,5.0,0.03,0.03,0.093152,1776234627000
1776234629.221,29.221,0.52,5.0,0.5,5.0,0.55,7.0,0.56,5.0,0.45,7.0,0.44,5.0,0.48,5.0,0.5,5.0,0.03,0.03,0.093152,1776234628000
1776234631.0,31.0,0.52,5.0,0.5,5.0,0.55,7.0,0.56,5.0,0.45,7.0,0.44,5.0,0.48,5.0,0.5,5.0,0.03,0.03,0.093152,1776234629000
1776234631.5,31.5,0.52,5.0,0.5,5.0,0.55,7.0,0.56,5.0,0.45,7.0,0.44,5.0,0.48,5.0,0.5,5.0,0.03,0.03,0.093152,1776234630000
1776234632.038,32.038,0.52,5.0,0.5,5.0,0.55,7.0,0.56,5.0,0.45,7.0,0.44,5.0,0.48,5.0,0.5,5.0,0.03,0.03,0.093152,1776234631000
1776234633.114,33.114,0.52,5.0,0.5,5.0,0.55,7.0,0.56,5.0,0.45,7.0,0.44,5.0,0.48,5.0,0.5,5.0,0.03,0.03,0.093153,1776234632000
1776234634.175,34.175,0.52,5.0,0.5,5.0,0.55,7.0,0.56,5.0,0.45,7.0,0.44,5.0,0.48,5.0,0.5,5.0,0.03,0.03,0.093151,1776234633000
1776234634.902,34.902,0.48,5.0,0.47,5.0,0.56,5.0,0.57,5.0,0.45,7.0,0.44,5.0,0.48,5.0,0.5,5.0,0.08,0.03,0.093151,1776234633000
1776234635.242,35.242,0.48,5.0,0.47,5.0,0.56,5.0,0.57,5.0,0.44,5.0,0.43,5.0,0.52,5.0,0.53,5.0,0.08,0.08,0.093151,1776234634000
1776234636.499,36.499,0.48,5.0,0.47,5.0,0.56,5.0,0.57,5.0,0.44,5.0,0.43,5.0,0.52,5.0,0.53,5.0,0.08,0.08,0.093149,1776234635000
1776234637.085,37.085,0.48,5.0,0.47,5.0,0.56,5.0,0.57,5.0,0.44,5.0,0.43,5.0,0.52,5.0,0.53,5.0,0.08,0.08,0.093142,1776234636000
1776234638.099,38.099,0.48,5.0,0.47,5.0,0.56,5.0,0.57,5.0,0.44,5.0,0.43,5.0,0.52,5.0,0.53,5.0,0.08,0.08,0.093142,1776234637000
1776234639.313,39.313,0.48,5.0,0.47,5.0,0.56,5.0,0.57,5.0,0.44,5.0,0.43,5.0,0.52,5.0,0.53,5.0,0.08,0.08,0.093142,1776234638000
1776234640.361,40.361,0.48,5.0,0.47,5.0,0.56,5.0,0.57,5.0,0.44,5.0,0.43,5.0,0.52,5.0,0.53,5.0,0.08,0.08,0.093141,1776234639000
1776234640.974,40.974,0.48,5.0,0.47,5.0,0.56,5.0,0.57,5.0,0.44,5.0,0.43,5.0,0.52,5.0,0.53,5.0,0.08,0.08,0.093139,1776234640000
1776234642.164,42.164,0.48,5.0,0.47,5.0,0.56,5.0,0.57,5.0,0.44,5.0,0.43,5.0,0.52,5.0,0.53,5.0,0.08,0.08,0.093139,1776234641000
1776234643.334,43.334,0.48,5.0,0.47,5.0,0.56,5.0,0.57,5.0,0.44,5.0,0.43,5.0,0.52,5.0,0.53,5.0,0.08,0.08,0.093138,1776234642000
1776234643.893,43.893,0.48,5.0,0.47,5.0,0.56,5.0,0.57,5.0,0.44,5.0,0.43,5.0,0.52,5.0,0.53,5.0,0.08,0.08,0.093138,1776234643000
1776234645.573,45.573,0.48,5.0,0.47,5.0,0.56,5.0,0.57,5.0,0.44,5.0,0.43,5.0,0.52,5.0,0.53,5.0,0.08,0.08,0.093138,1776234644000
1776234646.402,46.402,0.48,5.0,0.47,5.0,0.56,5.0,0.57,5.0,0.44,5.0,0.43,5.0,0.52,5.0,0.53,5.0,0.08,0.08,0.093127,1776234645000
1776234647.224,47.224,0.48,5.0,0.47,5.0,0.56,5.0,0.57,5.0,0.44,5.0,0.43,5.0,0.52,5.0,0.53,5.0,0.08,0.08,0.09312,1776234646000
1776234648.554,48.554,0.43,3.5,0.36,10.0,0.53,5.0,0.54,5.0,0.47,5.0,0.46,5.0,0.57,3.5,0.64,10.0,0.1,0.1,0.093121,1776234647000
1776234649.212,49.212,0.43,3.5,0.36,10.0,0.53,5.0,0.54,5.0,0.47,5.0,0.46,5.0,0.57,3.5,0.64,10.0,0.1,0.1,0.093124,1776234648000
1776234650.511,50.511,0.43,3.5,0.36,10.0,0.53,5.0,0.54,5.0,0.47,5.0,0.46,5.0,0.57,3.5,0.64,10.0,0.1,0.1,0.093137,1776234649000
1776234651.228,51.228,0.43,3.5,0.36,10.0,0.53,5.0,0.54,5.0,0.47,5.0,0.46,5.0,0.57,3.5,0.64,10.0,0.1,0.1,0.093137,1776234650000
1776234652.579,52.579,0.43,3.5,0.36,10.0,0.53,5.0,0.54,5.0,0.47,5.0,0.46,5.0,0.57,3.5,0.64,10.0,0.1,0.1,0.093137,1776234651000
1776234653.47,53.47,0.43,3.5,0.36,10.0,0.53,5.0,0.54,5.0,0.47,5.0,0.46,5.0,0.57,3.5,0.64,10.0,0.1,0.1,0.093137,1776234652000
1776234654.68,54.68,0.43,3.5,0.36,10.0,0.53,5.0,0.54,5.0,0.47,5.0,0.46,5.0,0.57,3.5,0.64,10.0,0.1,0.1,0.093137,1776234653000
1776234655.341,55.341,0.43,3.5,0.36,10.0,0.53,5.0,0.54,5.0,0.47,5.0,0.46,5.0,0.57,3.5,0.64,10.0,0.1,0.1,0.093138,1776234654000
1776234656.095,56.095,0.43,3.5,0.36,10.0,0.53,5.0,0.54,5.0,0.47,5.0,0.46,5.0,0.57,3.5,0.64,10.0,0.1,0.1,0.093141,1776234655000
1776234657.666,57.666,0.43,3.5,0.36,10.0,0.53,5.0,0.54,5.0,0.47,5.0,0.46,5.0,0.57,3.5,0.64,10.0,0.1,0.1,0.09314,1776234656000
1776234658.449,58.449,0.43,3.5,0.36,10.0,0.53,5.0,0.54,5.0,0.47,5.0,0.46,5.0,0.57,3.5,0.64,10.0,0.1,0.1,0.09314,1776234657000
1776234659.138,59.138,0.43,3.5,0.36,10.0,0.53,5.0,0.54,5.0,0.47,5.0,0.46,5.0,0.57,3.5,0.64,10.0,0.1,0.1,0.093139,1776234658000
1776234660.602,60.602,0.43,3.5,0.36,10.0,0.53,5.0,0.54,5.0,0.47,5.0,0.46,5.0,0.57,3.5,0.64,10.0,0.1,0.1,0.093137,1776234659000
1776234661.175,61.175,0.43,3.5,0.36,10.0,0.53,5.0,0.54,5.0,0.47,5.0,0.46,5.0,0.57,3.5,0.64,10.0,0.1,0.1,0.093137,1776234660000
1776234662.644,62.644,0.43,3.5,0.36,10.0,0.53,5.0,0.54,5.0,0.47,5.0,0.46,5.0,0.57,3.5,0.64,10.0,0.1,0.1,0.093136,1776234661000
1776234663.654,63.654,0.43,3.5,0.36,10.0,0.53,5.0,0.54,5.0,0.47,5.0,0.46,5.0,0.57,3.5,0.64,10.0,0.1,0.1,0.093135,1776234662000
1776234664.168,64.168,0.43,3.5,0.36,10.0,0.53,5.0,0.54,5.0,0.47,5.0,0.46,5.0,0.57,3.5,0.64,10.0,0.1,0.1,0.093135,1776234663000
1776234665.325,65.325,0.43,3.5,0.36,10.0,0.53,5.0,0.54,5.0,0.47,5.0,0.46,5.0,0.57,3.5,0.64,10.0,0.1,0.1,0.093135,1776234664000
1776234666.364,66.364,0.43,3.5,0.36,10.0,0.53,5.0,0.54,5.0,0.47,5.0,0.46,5.0,0.57,3.5,0.64,10.0,0.1,0.1,0.093135,1776234665000
1776234666.917,66.917,0.43,3.5,0.36,10.0,0.53,5.0,0.54,5.0,0.47,5.0,0.46,5.0,0.57,3.5,0.64,10.0,0.1,0.1,0.093135,1776234666000
1776234668.024,68.024,0.43,3.5,0.36,10.0,0.53,5.0,0.54,5.0,0.47,5.0,0.46,5.0,0.57,3.5,0.64,10.0,0.1,0.1,0.093135,1776234667000
1776234669.118,69.118,0.43,3.5,0.36,10.0,0.53,5.0,0.54,5.0,0.47,5.0,0.46,5.0,0.57,3.5,0.64,10.0,0.1,0.1,0.093135,1776234668000
1776234670.225,70.225,0.43,3.5,0.36,10.0,0.53,5.0,0.54,5.0,0.47,5.0,0.46,5.0,0.57,3.5,0.64,10.0,0.1,0.1,0.09312,1776234669000
1776234671.322,71.322,0.43,3.5,0.36,10.0,0.53,5.0,0.54,5.0,0.47,5.0,0.46,5.0,0.57,3.5,0.64,10.0,0.1,0.1,0.09312,1776234670000
1776234672.442,72.442,0.43,3.5,0.36,10.0,0.53,5.0,0.54,5.0,0.47,5.0,0.46,5.0,0.57,3.5,0.64,10.0,0.1,0.1,0.093122,1776234671000
1776234673.046,73.046,0.43,3.5,0.36,10.0,0.53,5.0,0.54,5.0,0.47,5.0,0.46,5.0,0.57,3.5,0.64,10.0,0.1,0.1,0.093122,1776234672000
1776234674.127,74.127,0.43,3.5,0.36,10.0,0.53,5.0,0.54,5.0,0.47,5.0,0.46,5.0,0.57,3.5,0.64,10.0,0.1,0.1,0.09312,1776234673000
1776234675.284,75.284,0.43,3.5,0.36,10.0,0.53,5.0,0.54,5.0,0.47,5.0,0.46,5.0,0.57,3.5,0.64,10.0,0.1,0.1,0.09312,1776234674000
1776234676.457,76.457,0.38,16.0,0.37,11.2,0.48,5.0,0.52,5.0,0.52,5.0,0.48,5.0,0.62,16.0,0.63,11.2,0.1,0.1,0.09312,1776234675000
1776234677.021,77.021,0.38,16.0,0.37,11.2,0.48,5.0,0.52,5.0,0.52,5.0,0.48,5.0,0.62,16.0,0.63,11.2,0.1,0.1,0.09312,1776234676000
1776234678.142,78.142,0.38,16.0,0.37,11.2,0.48,5.0,0.52,5.0,0.52,5.0,0.48,5.0,0.62,16.0,0.63,11.2,0.1,0.1,0.09312,1776234677000
1776234679.663,79.663,0.38,16.0,0.37,11.2,0.48,5.0,0.52,5.0,0.52,5.0,0.48,5.0,0.62,16.0,0.63,11.2,0.1,0.1,0.093123,1776234678000
1776234680.311,80.311,0.38,16.0,0.37,11.2,0.48,5.0,0.52,5.0,0.52,5.0,0.48,5.0,0.62,16.0,0.63,11.2,0.1,0.1,0.093125,1776234679000
1776234681.493,81.493,0.38,16.0,0.37,11.2,0.48,5.0,0.52,5.0,0.52,5.0,0.48,5.0,0.62,16.0,0.63,11.2,0.1,0.1,0.093125,1776234680000
1776234682.238,82.238,0.38,16.0,0.37,11.2,0.48,5.0,0.52,5.0,0.52,5.0,0.48,5.0,0.62,16.0,0.63,11.2,0.1,0.1,0.093126,1776234681000
1776234683.616,83.616,0.38,16.0,0.37,11.2,0.48,5.0,0.52,5.0,0.52,5.0,0.48,5.0,0.62,16.0,0.63,11.2,0.1,0.1,0.093124,1776234682000
1776234684.069,84.069,0.38,16.0,0.37,11.2,0.48,5.0,0.52,5.0,0.52,5.0,0.48,5.0,0.62,16.0,0.63,11.2,0.1,0.1,0.093125,1776234683000
1776234685.317,85.317,0.38,16.0,0.37,11.2,0.48,5.0,0.52,5.0,0.52,5.0,0.48,5.0,0.62,16.0,0.63,11.2,0.1,0.1,0.093126,1776234684000
1776234686.529,86.529,0.38,16.0,0.37,11.2,0.48,5.0,0.52,5.0,0.52,5.0,0.48,5.0,0.62,16.0,0.63,11.2,0.1,0.1,0.093132,1776234685000
1776234687.219,87.219,0.38,16.0,0.37,11.2,0.48,5.0,0.52,5.0,0.52,5.0,0.48,5.0,0.62,16.0,0.63,11.2,0.1,0.1,0.093133,1776234686000
1776234688.487,88.487,0.38,16.0,0.37,11.2,0.48,5.0,0.52,5.0,0.52,5.0,0.48,5.0,0.62,16.0,0.63,11.2,0.1,0.1,0.093133,1776234687000
1776234689.184,89.184,0.38,16.0,0.37,11.2,0.48,5.0,0.52,5.0,0.52,5.0,0.48,5.0,0.62,16.0,0.63,11.2,0.1,0.1,0.093131,1776234688000
1776234690.555,90.555,0.38,16.0,0.37,11.2,0.48,5.0,0.52,5.0,0.52,5.0,0.48,5.0,0.62,16.0,0.63,11.2,0.1,0.1,0.093132,1776234689000
1776234691.132,91.132,0.38,16.0,0.37,11.2,0.48,5.0,0.52,5.0,0.52,5.0,0.48,5.0,0.62,16.0,0.63,11.2,0.1,0.1,0.093132,1776234690000
1776234692.357,92.357,0.38,16.0,0.37,11.2,0.48,5.0,0.52,5.0,0.52,5.0,0.48,5.0,0.62,16.0,0.63,11.2,0.1,0.1,0.093132,1776234691000
1776234693.484,93.484,0.38,16.0,0.37,11.2,0.48,5.0,0.52,5.0,0.52,5.0,0.48,5.0,0.62,16.0,0.63,11.2,0.1,0.1,0.093131,1776234692000
1776234694.604,94.604,0.38,16.0,0.37,11.2,0.48,5.0,0.52,5.0,0.52,5.0,0.48,5.0,0.62,16.0,0.63,11.2,0.1,0.1,0.093131,1776234693000
1776234695.154,95.154,0.38,16.0,0.37,11.2,0.48,5.0,0.52,5.0,0.52,5.0,0.48,5.0,0.62,16.0,0.63,11.2,0.1,0.1,0.093131,1776234694000
1776234696.181,96.181,0.38,16.0,0.37,11.2,0.48,5.0,0.52,5.0,0.52,5.0,0.48,5.0,0.62,16.0,0.63,11.2,0.1,0.1,0.093131,1776234695000
1776234697.246,97.246,0.38,16.0,0.37,11.2,0.48,5.0,0.52,5.0,0.52,5.0,0.48,5.0,0.62,16.0,0.63,11.2,0.1,0.1,0.093131,1776234696000
1776234698.235,98.235,0.38,16.0,0.37,11.2,0.48,5.0,0.52,5.0,0.52,5.0,0.48,5.0,0.62,16.0,0.63,11.2,0.1,0.1,0.093131,1776234697000
1776234699.282,99.282,0.38,16.0,0.37,11.2,0.48,5.0,0.52,5.0,0.52,5.0,0.48,5.0,0.62,16.0,0.63,11.2,0.1,0.1,0.093131,1776234698000
1776234700.396,100.396,0.38,16.0,0.37,11.2,0.48,5.0,0.52,5.0,0.52,5.0,0.48,5.0,0.62,16.0,0.63,11.2,0.1,0.1,0.093131,1776234699000
1776234700.852,100.852,0.38,16.0,0.37,11.2,0.48,5.0,0.52,5.0,0.52,5.0,0.48,5.0,0.62,16.0,0.63,11.2,0.1,0.1,0.093134,1776234700000
1776234701.885,101.885,0.38,16.0,0.37,11.2,0.48,5.0,0.52,5.0,0.52,5.0,0.48,5.0,0.62,16.0,0.63,11.2,0.1,0.1,0.093131,1776234701000
1776234702.887,102.887,0.38,16.0,0.37,11.2,0.48,5.0,0.52,5.0,0.52,5.0,0.48,5.0,0.62,16.0,0.63,11.2,0.1,0.1,0.093131,1776234702000
1776234703.912,103.912,0.38,16.0,0.37,11.2,0.48,5.0,0.52,5.0,0.52,5.0,0.48,5.0,0.62,16.0,0.63,11.2,0.1,0.1,0.093131,1776234703000
1776234704.854,104.854,0.38,16.0,0.37,11.2,0.48,5.0,0.52,5.0,0.52,5.0,0.48,5.0,0.62,16.0,0.63,11.2,0.1,0.1,0.093131,1776234704000
1776234705.81,105.81,0.38,16.0,0.37,11.2,0.48,5.0,0.52,5.0,0.52,5.0,0.48,5.0,0.62,16.0,0.63,11.2,0.1,0.1,0.093131,1776234705000
1776234706.835,106.835,0.38,16.0,0.37,11.2,0.48,5.0,0.52,5.0,0.52,5.0,0.48,5.0,0.62,16.0,0.63,11.2,0.1,0.1,0.093131,1776234706000
1776234708.506,108.506,0.38,16.0,0.37,11.2,0.48,5.0,0.52,5.0,0.52,5.0,0.48,5.0,0.62,16.0,0.63,11.2,0.1,0.1,0.093131,1776234707000
1776234709.101,109.101,0.38,16.0,0.37,11.2,0.48,5.0,0.52,5.0,0.52,5.0,0.48,5.0,0.62,16.0,0.63,11.2,0.1,0.1,0.093131,1776234708000
1776234710.299,110.299,0.38,16.0,0.37,11.2,0.48,5.0,0.52,5.0,0.52,5.0,0.48,5.0,0.62,16.0,0.63,11.2,0.1,0.1,0.093131,1776234709000
1776234711.427,111.427,0.38,16.0,0.37,11.2,0.48,5.0,0.52,5.0,0.52,5.0,0.48,5.0,0.62,16.0,0.63,11.2,0.1,0.1,0.093131,1776234710000
1776234711.909,111.909,0.38,16.0,0.37,11.2,0.48,5.0,0.52,5.0,0.52,5.0,0.48,5.0,0.62,16.0,0.63,11.2,0.1,0.1,0.093131,1776234711000
1776234713.107,113.107,0.38,16.0,0.37,11.2,0.48,5.0,0.52,5.0,0.52,5.0,0.48,5.0,0.62,16.0,0.63,11.2,0.1,0.1,0.093132,1776234712000
1776234713.517,113.517,0.41,6.0,0.4,10.0,0.52,5.0,0.54,10.0,0.52,5.0,0.48,5.0,0.62,16.0,0.63,11.2,0.11,0.1,0.093132,1776234712000
1776234714.297,114.297,0.41,6.0,0.4,10.0,0.52,5.0,0.54,10.0,0.48,5.0,0.46,10.0,0.59,6.0,0.6,10.0,0.11,0.11,0.093125,1776234713000
1776234715.39,115.39,0.4,10.0,0.38,11.0,0.48,5.0,0.52,5.0,0.52,5.0,0.48,5.0,0.6,10.0,0.62,11.0,0.08,0.08,0.093122,1776234714000
1776234715.946,115.946,0.4,10.0,0.38,11.0,0.48,5.0,0.52,5.0,0.52,5.0,0.48,5.0,0.6,10.0,0.62,11.0,0.08,0.08,0.093121,1776234715000
1776234717.07,117.07,0.37,21.2,0.36,21.3,0.48,5.0,0.52,5.0,0.52,5.0,0.48,5.0,0.63,21.2,0.64,21.3,0.11,0.11,0.093122,1776234716000
1776234718.113,118.113,0.37,21.2,0.36,21.3,0.48,5.0,0.52,5.0,0.52,5.0,0.48,5.0,0.63,21.2,0.64,21.3,0.11,0.11,0.093122,1776234717000
1776234719.29,119.29,0.37,21.2,0.36,21.3,0.48,5.0,0.52,5.0,0.52,5.0,0.48,5.0,0.63,21.2,0.64,21.3,0.11,0.11,0.093122,1776234718000
1776234720.314,120.314,0.37,21.2,0.36,21.3,0.48,5.0,0.52,5.0,0.52,5.0,0.48,5.0,0.63,21.2,0.64,21.3,0.11,0.11,0.093122,1776234719000
1776234721.406,121.406,0.37,21.2,0.36,21.3,0.48,5.0,0.52,5.0,0.52,5.0,0.48,5.0,0.63,21.2,0.64,21.3,0.11,0.11,0.093123,1776234720000
1776234722.358,122.358,0.37,21.2,0.36,21.3,0.48,5.0,0.52,5.0,0.52,5.0,0.48,5.0,0.63,21.2,0.64,21.3,0.11,0.11,0.093132,1776234721000
1776234722.951,122.951,0.37,21.2,0.36,21.3,0.48,5.0,0.52,5.0,0.52,5.0,0.48,5.0,0.63,21.2,0.64,21.3,0.11,0.11,0.093132,1776234722000
1776234723.876,123.876,0.37,21.2,0.36,21.3,0.48,5.0,0.52,5.0,0.52,5.0,0.48,5.0,0.63,21.2,0.64,21.3,0.11,0.11,0.093122,1776234723000
1776234724.895,124.895,0.37,21.2,0.36,21.3,0.48,5.0,0.52,5.0,0.52,5.0,0.48,5.0,0.63,21.2,0.64,21.3,0.11,0.11,0.093116,1776234724000
1776234725.996,125.996,0.37,21.2,0.36,21.3,0.48,5.0,0.52,5.0,0.52,5.0,0.48,5.0,0.63,21.2,0.64,21.3,0.11,0.11,0.093116,1776234725000
1776234727.024,127.024,0.37,21.2,0.36,21.3,0.48,5.0,0.52,5.0,0.52,5.0,0.48,5.0,0.63,21.2,0.64,21.3,0.11,0.11,0.093116,1776234726000
1776234728.15,128.15,0.34,4.48,0.33,16.8,0.43,5.0,0.48,15.0,0.57,5.0,0.52,15.0,0.66,4.48,0.67,16.8,0.09,0.09,0.093116,1776234727000
1776234729.221,129.221,0.34,4.48,0.33,16.8,0.43,5.0,0.48,15.0,0.57,5.0,0.52,15.0,0.66,4.48,0.67,16.8,0.09,0.09,0.093113,1776234728000
1776234730.38,130.38,0.34,4.48,0.33,16.8,0.43,5.0,0.48,15.0,0.57,5.0,0.52,15.0,0.66,4.48,0.67,16.8,0.09,0.09,0.093114,1776234729000
1776234731.376,131.376,0.34,4.48,0.33,16.8,0.43,5.0,0.48,15.0,0.57,5.0,0.52,15.0,0.66,4.48,0.67,16.8,0.09,0.09,0.093114,1776234730000
1776234731.826,131.826,0.34,4.48,0.33,16.8,0.43,5.0,0.48,15.0,0.57,5.0,0.52,15.0,0.66,4.48,0.67,16.8,0.09,0.09,0.093114,1776234731000
1776234732.978,132.978,0.34,4.48,0.33,16.8,0.43,5.0,0.48,15.0,0.57,5.0,0.52,15.0,0.66,4.48,0.67,16.8,0.09,0.09,0.093114,1776234732000
1776234734.009,134.009,0.34,4.48,0.33,16.8,0.43,5.0,0.48,15.0,0.57,5.0,0.52,15.0,0.66,4.48,0.67,16.8,0.09,0.09,0.093114,1776234733000
1776234735.046,135.046,0.34,4.48,0.33,16.8,0.43,5.0,0.48,15.0,0.57,5.0,0.52,15.0,0.66,4.48,0.67,16.8,0.09,0.09,0.093114,1776234734000
1776234736.382,136.382,0.35,6.0,0.33,16.8,0.43,3.53,0.48,5.0,0.57,5.0,0.52,15.0,0.66,4.48,0.67,16.8,0.08,0.09,0.093114,1776234734000
1776234736.768,136.768,0.35,6.0,0.33,16.8,0.43,3.53,0.48,5.0,0.57,3.53,0.52,5.0,0.65,6.0,0.67,16.8,0.08,0.08,0.093114,1776234735000
1776234737.67,137.67,0.35,6.0,0.33,16.8,0.43,3.53,0.48,5.0,0.57,3.53,0.52,5.0,0.65,6.0,0.67,16.8,0.08,0.08,0.093115,1776234736000
1776234738.53,138.53,0.35,6.0,0.33,16.8,0.43,3.53,0.48,5.0,0.57,3.53,0.52,5.0,0.65,6.0,0.67,16.8,0.08,0.08,0.093114,1776234737000
1776234739.366,139.366,0.35,6.0,0.33,16.8,0.43,3.53,0.48,5.0,0.57,3.53,0.52,5.0,0.65,6.0,0.67,16.8,0.08,0.08,0.093113,1776234738000
1776234740.1,140.1,0.35,6.0,0.33,16.8,0.43,3.53,0.48,5.0,0.57,3.53,0.52,5.0,0.65,6.0,0.67,16.8,0.08,0.08,0.093113,1776234739000
1776234741.576,141.576,0.35,6.0,0.33,16.8,0.43,3.53,0.48,5.0,0.57,3.53,0.52,5.0,0.65,6.0,0.67,16.8,0.08,0.08,0.093112,1776234740000
1776234742.305,142.305,0.35,6.0,0.33,16.8,0.43,3.53,0.48,5.0,0.57,3.53,0.52,5.0,0.65,6.0,0.67,16.8,0.08,0.08,0.093113,1776234741000
1776234743.567,143.567,0.35,6.0,0.33,16.8,0.43,3.53,0.48,5.0,0.57,3.53,0.52,5.0,0.65,6.0,0.67,16.8,0.08,0.08,0.093113,1776234742000
1776234744.28,144.28,0.35,6.0,0.33,16.8,0.43,3.53,0.48,5.0,0.57,3.53,0.52,5.0,0.65,6.0,0.67,16.8,0.08,0.08,0.093113,1776234743000
1776234745.534,145.534,0.35,6.0,0.33,16.8,0.43,3.53,0.48,5.0,0.57,3.53,0.52,5.0,0.65,6.0,0.67,16.8,0.08,0.08,0.093114,1776234744000
1776234746.176,146.176,0.35,6.0,0.33,16.8,0.43,3.53,0.48,5.0,0.57,3.53,0.52,5.0,0.65,6.0,0.67,16.8,0.08,0.08,0.093114,1776234745000
1776234747.407,147.407,0.35,6.0,0.33,16.8,0.43,3.53,0.48,5.0,0.57,3.53,0.52,5.0,0.65,6.0,0.67,16.8,0.08,0.08,0.093114,1776234746000
1776234747.959,147.959,0.35,6.0,0.33,16.8,0.43,3.53,0.48,5.0,0.57,3.53,0.52,5.0,0.65,6.0,0.67,16.8,0.08,0.08,0.093114,1776234747000
1776234748.376,148.376,0.36,7.27,0.31,61.0,0.48,10.0,0.49,5.0,0.57,3.53,0.52,5.0,0.65,6.0,0.67,16.8,0.12,0.08,0.093114,1776234747000
1776234749.314,149.314,0.36,7.27,0.31,61.0,0.48,10.0,0.49,5.0,0.52,10.0,0.51,5.0,0.64,7.27,0.69,61.0,0.12,0.12,0.093113,1776234748000
1776234750.54,150.54,0.36,7.27,0.31,61.0,0.48,10.0,0.49,5.0,0.52,10.0,0.51,5.0,0.64,7.27,0.69,61.0,0.12,0.12,0.093122,1776234749000
1776234751.339,151.339,0.36,7.27,0.31,61.0,0.48,10.0,0.49,5.0,0.52,10.0,0.51,5.0,0.64,7.27,0.69,61.0,0.12,0.12,0.093125,1776234750000
1776234751.945,151.945,0.36,7.27,0.31,61.0,0.48,10.0,0.49,5.0,0.52,10.0,0.51,5.0,0.64,7.27,0.69,61.0,0.12,0.12,0.093124,1776234751000
1776234753.234,153.234,0.36,7.27,0.31,61.0,0.48,10.0,0.49,5.0,0.52,10.0,0.51,5.0,0.64,7.27,0.69,61.0,0.12,0.12,0.093123,1776234752000
1776234754.374,154.374,0.36,7.27,0.31,61.0,0.48,10.0,0.49,5.0,0.52,10.0,0.51,5.0,0.64,7.27,0.69,61.0,0.12,0.12,0.093122,1776234753000
1776234755.405,155.405,0.36,7.27,0.31,61.0,0.48,10.0,0.49,5.0,0.52,10.0,0.51,5.0,0.64,7.27,0.69,61.0,0.12,0.12,0.093122,1776234754000
1776234755.893,155.893,0.36,7.27,0.31,61.0,0.48,10.0,0.49,5.0,0.52,10.0,0.51,5.0,0.64,7.27,0.69,61.0,0.12,0.12,0.093122,1776234755000
1776234756.934,156.934,0.36,7.27,0.31,61.0,0.48,10.0,0.49,5.0,0.52,10.0,0.51,5.0,0.64,7.27,0.69,61.0,0.12,0.12,0.093122,1776234756000
1776234757.912,157.912,0.36,7.27,0.31,61.0,0.48,10.0,0.49,5.0,0.52,10.0,0.51,5.0,0.64,7.27,0.69,61.0,0.12,0.12,0.093122,1776234757000
1776234758.905,158.905,0.36,7.27,0.31,61.0,0.48,10.0,0.49,5.0,0.52,10.0,0.51,5.0,0.64,7.27,0.69,61.0,0.12,0.12,0.093122,1776234758000
1776234759.965,159.965,0.36,7.27,0.31,61.0,0.48,10.0,0.49,5.0,0.52,10.0,0.51,5.0,0.64,7.27,0.69,61.0,0.12,0.12,0.093122,1776234759000
1776234760.904,160.904,0.36,7.27,0.31,61.0,0.48,10.0,0.49,5.0,0.52,10.0,0.51,5.0,0.64,7.27,0.69,61.0,0.12,0.12,0.093122,1776234760000
1776234761.867,161.867,0.36,7.27,0.31,61.0,0.48,10.0,0.49,5.0,0.52,10.0,0.51,5.0,0.64,7.27,0.69,61.0,0.12,0.12,0.093122,1776234761000
1776234762.855,162.855,0.36,7.27,0.31,61.0,0.48,10.0,0.49,5.0,0.52,10.0,0.51,5.0,0.64,7.27,0.69,61.0,0.12,0.12,0.093122,1776234762000
1776234764.344,164.344,0.36,7.27,0.31,61.0,0.48,10.0,0.49,5.0,0.52,10.0,0.51,5.0,0.64,7.27,0.69,61.0,0.12,0.12,0.093122,1776234763000
1776234765.271,165.271,0.36,7.27,0.31,61.0,0.48,10.0,0.49,5.0,0.52,10.0,0.51,5.0,0.64,7.27,0.69,61.0,0.12,0.12,0.09312,1776234764000
1776234766.288,166.288,0.36,7.27,0.31,61.0,0.48,10.0,0.49,5.0,0.52,10.0,0.51,5.0,0.64,7.27,0.69,61.0,0.12,0.12,0.09312,1776234765000
1776234767.224,167.224,0.36,7.27,0.31,61.0,0.48,10.0,0.49,5.0,0.52,10.0,0.51,5.0,0.64,7.27,0.69,61.0,0.12,0.12,0.093122,1776234766000
1776234768.375,168.375,0.36,7.27,0.31,61.0,0.48,10.0,0.49,5.0,0.52,10.0,0.51,5.0,0.64,7.27,0.69,61.0,0.12,0.12,0.093122,1776234767000
1776234768.924,168.924,0.36,7.27,0.31,61.0,0.48,10.0,0.49,5.0,0.52,10.0,0.51,5.0,0.64,7.27,0.69,61.0,0.12,0.12,0.093122,1776234768000
1776234770.092,170.092,0.36,7.27,0.31,61.0,0.48,10.0,0.49,5.0,0.52,10.0,0.51,5.0,0.64,7.27,0.69,61.0,0.12,0.12,0.093122,1776234769000
1776234771.171,171.171,0.36,7.27,0.31,61.0,0.48,10.0,0.49,5.0,0.52,10.0,0.51,5.0,0.64,7.27,0.69,61.0,0.12,0.12,0.093121,1776234770000
1776234772.342,172.342,0.36,7.27,0.31,61.0,0.48,10.0,0.49,5.0,0.52,10.0,0.51,5.0,0.64,7.27,0.69,61.0,0.12,0.12,0.093111,1776234771000
1776234773.5,173.5,0.36,7.27,0.31,61.0,0.48,10.0,0.49,5.0,0.52,10.0,0.51,5.0,0.64,7.27,0.69,61.0,0.12,0.12,0.093112,1776234772000
1776234774.047,174.047,0.36,7.27,0.31,61.0,0.48,10.0,0.49,5.0,0.52,10.0,0.51,5.0,0.64,7.27,0.69,61.0,0.12,0.12,0.093111,1776234773000
1776234775.073,175.073,0.31,62.2,0.3,23.4,0.41,6.0,0.42,5.0,0.59,6.0,0.58,5.0,0.69,62.2,0.7,23.4,0.1,0.1,0.093112,1776234774000
1776234775.523,175.523,0.31,18.68,0.3,12.4,0.36,5.0,0.42,5.0,0.59,6.0,0.58,5.0,0.69,62.2,0.7,23.4,0.05,0.1,0.093112,1776234774000
1776234776.174,176.174,0.31,18.68,0.3,12.4,0.36,5.0,0.42,5.0,0.64,5.0,0.58,5.0,0.69,18.68,0.7,12.4,0.05,0.05,0.093112,1776234775000
1776234777.247,177.247,0.31,18.68,0.3,12.4,0.36,5.0,0.42,5.0,0.64,5.0,0.58,5.0,0.69,18.68,0.7,12.4,0.05,0.05,0.093112,1776234776000
1776234777.798,177.798,0.35,5.0,0.32,11.9,0.47,10.0,0.5,10.0,0.64,5.0,0.58,5.0,0.69,18.68,0.7,12.4,0.12,0.05,0.093112,1776234776000
1776234778.428,178.428,0.35,5.0,0.32,11.9,0.47,10.0,0.5,10.0,0.53,10.0,0.5,10.0,0.65,5.0,0.68,11.9,0.12,0.12,0.093112,1776234777000
1776234778.968,178.968,0.37,5.0,0.34,11.6,0.46,6.0,0.47,10.0,0.54,6.0,0.53,10.0,0.63,5.0,0.66,11.6,0.09,0.09,0.093115,1776234778000
1776234779.999,179.999,0.37,5.0,0.34,11.6,0.46,6.0,0.47,10.0,0.54,6.0,0.53,10.0,0.63,5.0,0.66,11.6,0.09,0.09,0.093129,1776234779000
1776234781.597,181.597,0.37,5.0,0.34,11.6,0.46,6.0,0.47,10.0,0.54,6.0,0.53,10.0,0.63,5.0,0.66,11.6,0.09,0.09,0.093127,1776234780000
1776234782.486,182.486,0.37,5.0,0.34,11.6,0.46,6.0,0.47,10.0,0.54,6.0,0.53,10.0,0.63,5.0,0.66,11.6,0.09,0.09,0.093125,1776234781000
1776234783.336,183.336,0.37,5.0,0.34,11.6,0.46,6.0,0.47,10.0,0.54,6.0,0.53,10.0,0.63,5.0,0.66,11.6,0.09,0.09,0.093129,1776234782000
1776234784.736,184.736,0.5,5.0,0.46,5.0,0.64,4.43,0.65,5.0,0.54,6.0,0.53,10.0,0.63,5.0,0.66,11.6,0.14,0.09,0.093129,1776234782000
1776234785.59,185.59,0.5,5.0,0.46,5.0,0.64,4.43,0.65,5.0,0.36,4.43,0.35,5.0,0.5,5.0,0.54,5.0,0.14,0.14,0.09314,1776234784000
1776234786.293,186.293,0.5,5.0,0.46,5.0,0.64,4.43,0.65,5.0,0.36,4.43,0.35,5.0,0.5,5.0,0.54,5.0,0.14,0.14,0.09315,1776234785000
1776234787.607,187.607,0.5,5.0,0.46,5.0,0.64,4.43,0.65,5.0,0.36,4.43,0.35,5.0,0.5,5.0,0.54,5.0,0.14,0.14,0.093151,1776234786000
1776234788.19,188.19,0.5,5.0,0.46,5.0,0.64,4.43,0.65,5.0,0.36,4.43,0.35,5.0,0.5,5.0,0.54,5.0,0.14,0.14,0.093152,1776234787000
1776234789.382,189.382,0.5,5.0,0.46,5.0,0.64,4.43,0.65,5.0,0.36,4.43,0.35,5.0,0.5,5.0,0.54,5.0,0.14,0.14,0.093152,1776234788000
1776234789.923,189.923,0.5,5.0,0.46,5.0,0.64,4.43,0.65,5.0,0.36,4.43,0.35,5.0,0.5,5.0,0.54,5.0,0.14,0.14,0.093154,1776234789000
1776234791.205,191.205,0.5,5.0,0.46,5.0,0.64,4.43,0.65,5.0,0.36,4.43,0.35,5.0,0.5,5.0,0.54,5.0,0.14,0.14,0.093161,1776234790000
1776234792.616,192.616,0.5,5.0,0.46,5.0,0.64,4.43,0.65,5.0,0.36,4.43,0.35,5.0,0.5,5.0,0.54,5.0,0.14,0.14,0.093162,1776234791000
1776234793.277,193.277,0.5,5.0,0.46,5.0,0.64,4.43,0.65,5.0,0.36,4.43,0.35,5.0,0.5,5.0,0.54,5.0,0.14,0.14,0.093162,1776234792000
1776234794.798,194.798,0.5,5.0,0.46,5.0,0.64,4.43,0.65,5.0,0.36,4.43,0.35,5.0,0.5,5.0,0.54,5.0,0.14,0.14,0.093163,1776234793000
1776234795.46,195.46,0.5,5.0,0.46,5.0,0.64,4.43,0.65,5.0,0.36,4.43,0.35,5.0,0.5,5.0,0.54,5.0,0.14,0.14,0.093163,1776234794000
1776234796.287,196.287,0.5,5.0,0.46,5.0,0.64,4.43,0.65,5.0,0.36,4.43,0.35,5.0,0.5,5.0,0.54,5.0,0.14,0.14,0.093162,1776234795000
1776234797.737,197.737,0.5,5.0,0.46,5.0,0.64,4.43,0.65,5.0,0.36,4.43,0.35,5.0,0.5,5.0,0.54,5.0,0.14,0.14,0.093162,1776234796000
1776234798.501,198.501,0.5,5.0,0.46,5.0,0.64,4.43,0.65,5.0,0.36,4.43,0.35,5.0,0.5,5.0,0.54,5.0,0.14,0.14,0.093162,1776234797000
1776234799.772,199.772,0.5,5.0,0.46,5.0,0.64,4.43,0.65,5.0,0.36,4.43,0.35,5.0,0.5,5.0,0.54,5.0,0.14,0.14,0.093162,1776234798000
1776234800.32,200.32,0.5,5.0,0.46,5.0,0.64,4.43,0.65,5.0,0.36,4.43,0.35,5.0,0.5,5.0,0.54,5.0,0.14,0.14,0.093162,1776234799000
1776234800.94,200.94,0.5,5.0,0.46,5.0,0.64,4.43,0.65,5.0,0.36,4.43,0.35,5.0,0.5,5.0,0.54,5.0,0.14,0.14,0.093162,1776234800000
1776234801.925,201.925,0.5,5.0,0.46,5.0,0.64,4.43,0.65,5.0,0.36,4.43,0.35,5.0,0.5,5.0,0.54,5.0,0.14,0.14,0.093162,1776234801000
1776234803.238,203.238,0.5,5.0,0.46,5.0,0.64,4.43,0.65,5.0,0.36,4.43,0.35,5.0,0.5,5.0,0.54,5.0,0.14,0.14,0.093162,1776234802000
1776234804.305,204.305,0.5,5.0,0.46,5.0,0.64,4.43,0.65,5.0,0.36,4.43,0.35,5.0,0.5,5.0,0.54,5.0,0.14,0.14,0.093163,1776234803000
1776234804.867,204.867,0.5,5.0,0.46,5.0,0.64,4.43,0.65,5.0,0.36,4.43,0.35,5.0,0.5,5.0,0.54,5.0,0.14,0.14,0.093163,1776234804000
1776234805.967,205.967,0.5,5.0,0.46,5.0,0.64,4.43,0.65,5.0,0.36,4.43,0.35,5.0,0.5,5.0,0.54,5.0,0.14,0.14,0.093158,1776234805000
1776234807.095,207.095,0.5,5.0,0.46,5.0,0.64,4.43,0.65,5.0,0.36,4.43,0.35,5.0,0.5,5.0,0.54,5.0,0.14,0.14,0.093159,1776234806000
1776234808.161,208.161,0.5,5.0,0.46,5.0,0.64,4.43,0.65,5.0,0.36,4.43,0.35,5.0,0.5,5.0,0.54,5.0,0.14,0.14,0.093163,1776234807000
1776234809.3,209.3,0.64,6.0,0.63,5.0,0.76,4.68,0.77,5.0,0.24,4.68,0.23,5.0,0.36,6.0,0.37,5.0,0.12,0.12,0.093167,1776234808000
1776234809.951,209.951,0.64,6.0,0.63,5.0,0.76,4.68,0.77,5.0,0.24,4.68,0.23,5.0,0.36,6.0,0.37,5.0,0.12,0.12,0.093169,1776234809000
1776234811.126,211.126,0.64,6.0,0.63,5.0,0.76,4.68,0.77,5.0,0.24,4.68,0.23,5.0,0.36,6.0,0.37,5.0,0.12,0.12,0.093169,1776234810000
1776234812.251,212.251,0.64,6.0,0.63,5.0,0.76,4.68,0.77,5.0,0.24,4.68,0.23,5.0,0.36,6.0,0.37,5.0,0.12,0.12,0.093169,1776234811000
1776234813.399,213.399,0.64,6.0,0.63,5.0,0.76,4.68,0.77,5.0,0.24,4.68,0.23,5.0,0.36,6.0,0.37,5.0,0.12,0.12,0.09318,1776234812000
1776234814.586,214.586,0.64,6.0,0.63,5.0,0.76,4.68,0.77,5.0,0.24,4.68,0.23,5.0,0.36,6.0,0.37,5.0,0.12,0.12,0.093177,1776234813000
1776234815.256,215.256,0.64,6.0,0.63,5.0,0.76,4.68,0.77,5.0,0.24,4.68,0.23,5.0,0.36,6.0,0.37,5.0,0.12,0.12,0.093177,1776234814000
1776234816.586,216.586,0.64,6.0,0.63,5.0,0.76,4.68,0.77,5.0,0.24,4.68,0.23,5.0,0.36,6.0,0.37,5.0,0.12,0.12,0.09318,1776234815000
1776234817.204,217.204,0.64,6.0,0.63,5.0,0.76,4.68,0.77,5.0,0.24,4.68,0.23,5.0,0.36,6.0,0.37,5.0,0.12,0.12,0.09318,1776234816000
1776234818.52,218.52,0.64,6.0,0.63,5.0,0.76,4.68,0.77,5.0,0.24,4.68,0.23,5.0,0.36,6.0,0.37,5.0,0.12,0.12,0.09318,1776234817000
1776234819.07,219.07,0.64,6.0,0.63,5.0,0.76,4.68,0.77,5.0,0.24,4.68,0.23,5.0,0.36,6.0,0.37,5.0,0.12,0.12,0.09318,1776234818000
1776234820.164,220.164,0.67,6.0,0.66,11.6,0.81,10.71,0.82,17.6,0.24,4.68,0.23,5.0,0.36,6.0,0.37,5.0,0.14,0.12,0.09318,1776234818000
1776234821.455,221.455,0.67,6.0,0.66,11.6,0.81,10.71,0.82,17.6,0.19,10.71,0.18,17.6,0.33,6.0,0.34,11.6,0.14,0.14,0.093173,1776234820000
1776234821.977,221.977,0.67,6.0,0.66,11.6,0.81,10.71,0.82,17.6,0.19,10.71,0.18,17.6,0.33,6.0,0.34,11.6,0.14,0.14,0.093173,1776234821000
1776234823.246,223.246,0.67,6.0,0.66,11.6,0.81,10.71,0.82,17.6,0.19,10.71,0.18,17.6,0.33,6.0,0.34,11.6,0.14,0.14,0.093173,1776234822000
1776234824.411,224.411,0.67,6.0,0.66,11.6,0.81,10.71,0.82,17.6,0.19,10.71,0.18,17.6,0.33,6.0,0.34,11.6,0.14,0.14,0.093172,1776234823000
1776234824.869,224.869,0.67,6.0,0.66,11.6,0.81,10.71,0.82,17.6,0.19,10.71,0.18,17.6,0.33,6.0,0.34,11.6,0.14,0.14,0.093172,1776234824000
1776234826.13,226.13,0.67,6.0,0.66,11.6,0.81,10.71,0.82,17.6,0.19,10.71,0.18,17.6,0.33,6.0,0.34,11.6,0.14,0.14,0.093172,1776234825000
1776234827.166,227.166,0.67,6.0,0.66,11.6,0.81,10.71,0.82,17.6,0.19,10.71,0.18,17.6,0.33,6.0,0.34,11.6,0.14,0.14,0.093172,1776234826000
1776234828.259,228.259,0.67,6.0,0.66,11.6,0.81,10.71,0.82,17.6,0.19,10.71,0.18,17.6,0.33,6.0,0.34,11.6,0.14,0.14,0.093172,1776234827000
1776234828.701,228.701,0.71,12.6,0.7,12.4,0.84,19.3,0.85,20.39,0.19,10.71,0.18,17.6,0.33,6.0,0.34,11.6,0.13,0.14,0.093172,1776234827000
1776234829.899,229.899,0.71,12.6,0.7,12.4,0.84,19.3,0.85,20.39,0.16,19.3,0.15,20.39,0.29,12.6,0.3,12.4,0.13,0.13,0.093179,1776234828000
1776234830.712,230.712,0.71,12.6,0.7,12.4,0.84,19.3,0.85,20.39,0.16,19.3,0.15,20.39,0.29,12.6,0.3,12.4,0.13,0.13,0.093179,1776234829000
1776234831.799,231.799,0.71,12.6,0.7,12.4,0.84,19.3,0.85,20.39,0.16,19.3,0.15,20.39,0.29,12.6,0.3,12.4,0.13,0.13,0.09318,1776234830000
1776234832.683,232.683,0.71,12.6,0.7,12.4,0.84,19.3,0.85,20.39,0.16,19.3,0.15,20.39,0.29,12.6,0.3,12.4,0.13,0.13,0.09318,1776234831000
1776234833.36,233.36,0.71,12.6,0.7,12.4,0.84,19.3,0.85,20.39,0.16,19.3,0.15,20.39,0.29,12.6,0.3,12.4,0.13,0.13,0.09318,1776234832000
1776234834.3,234.3,0.71,12.6,0.7,12.4,0.84,19.3,0.85,20.39,0.16,19.3,0.15,20.39,0.29,12.6,0.3,12.4,0.13,0.13,0.09318,1776234833000
1776234835.952,235.952,0.73,6.0,0.72,12.9,0.84,0.74,0.85,20.39,0.16,0.74,0.15,20.39,0.27,6.0,0.28,12.9,0.11,0.11,0.09318,1776234835000
1776234837.535,237.535,0.73,6.0,0.72,12.9,0.84,0.74,0.85,20.39,0.16,0.74,0.15,20.39,0.27,6.0,0.28,12.9,0.11,0.11,0.093176,1776234836000
1776234838.323,238.323,0.73,6.0,0.72,12.9,0.84,0.74,0.85,20.39,0.16,0.74,0.15,20.39,0.27,6.0,0.28,12.9,0.11,0.11,0.093177,1776234837000
1776234839.763,239.763,0.73,6.0,0.72,12.9,0.84,0.74,0.85,20.39,0.16,0.74,0.15,20.39,0.27,6.0,0.28,12.9,0.11,0.11,0.093176,1776234838000
1776234840.656,240.656,0.73,6.0,0.72,12.9,0.84,0.74,0.85,20.39,0.16,0.74,0.15,20.39,0.27,6.0,0.28,12.9,0.11,0.11,0.093176,1776234839000
1776234841.299,241.299,0.73,6.0,0.72,12.9,0.84,0.74,0.85,20.39,0.16,0.74,0.15,20.39,0.27,6.0,0.28,12.9,0.11,0.11,0.093176,1776234840000
1776234842.813,242.813,0.73,6.0,0.72,12.9,0.84,0.74,0.85,20.39,0.16,0.74,0.15,20.39,0.27,6.0,0.28,12.9,0.11,0.11,0.093176,1776234841000
1776234843.467,243.467,0.73,6.0,0.72,12.9,0.84,0.74,0.85,20.39,0.16,0.74,0.15,20.39,0.27,6.0,0.28,12.9,0.11,0.11,0.093176,1776234842000
1776234844.448,244.448,0.73,6.0,0.72,12.9,0.84,0.74,0.85,20.39,0.16,0.74,0.15,20.39,0.27,6.0,0.28,12.9,0.11,0.11,0.093176,1776234843000
1776234845.089,245.089,0.73,6.0,0.72,12.9,0.84,0.74,0.85,20.39,0.16,0.74,0.15,20.39,0.27,6.0,0.28,12.9,0.11,0.11,0.093176,1776234844000
1776234846.549,246.549,0.73,6.0,0.72,12.9,0.84,0.74,0.85,20.39,0.16,0.74,0.15,20.39,0.27,6.0,0.28,12.9,0.11,0.11,0.093176,1776234845000
1776234847.252,247.252,0.73,6.0,0.72,12.9,0.84,0.74,0.85,20.39,0.16,0.74,0.15,20.39,0.27,6.0,0.28,12.9,0.11,0.11,0.093176,1776234846000
1776234848.107,248.107,0.73,6.0,0.72,12.9,0.84,0.74,0.85,20.39,0.16,0.74,0.15,20.39,0.27,6.0,0.28,12.9,0.11,0.11,0.093175,1776234847000
1776234849.747,249.747,0.73,6.0,0.72,12.9,0.84,0.74,0.85,20.39,0.16,0.74,0.15,20.39,0.27,6.0,0.28,12.9,0.11,0.11,0.093176,1776234848000
1776234850.225,250.225,0.73,6.0,0.72,12.9,0.84,0.74,0.85,20.39,0.16,0.74,0.15,20.39,0.27,6.0,0.28,12.9,0.11,0.11,0.093176,1776234849000
1776234850.528,250.528,0.75,13.9,0.74,13.5,0.86,15.9,0.87,23.0,0.16,0.74,0.15,20.39,0.27,6.0,0.28,12.9,0.11,0.11,0.093176,1776234849000
1776234851.343,251.343,0.75,13.9,0.74,13.5,0.86,15.9,0.87,23.0,0.14,15.9,0.13,23.0,0.25,13.9,0.26,13.5,0.11,0.11,0.093176,1776234850000
1776234852.305,252.305,0.75,13.9,0.74,13.5,0.86,15.9,0.87,23.0,0.14,15.9,0.13,23.0,0.25,13.9,0.26,13.5,0.11,0.11,0.093176,1776234851000
1776234852.884,252.884,0.75,13.9,0.74,13.5,0.86,15.9,0.87,23.0,0.14,15.9,0.13,23.0,0.25,13.9,0.26,13.5,0.11,0.11,0.093176,1776234852000
1776234853.831,253.831,0.75,13.9,0.74,13.5,0.86,15.9,0.87,23.0,0.14,15.9,0.13,23.0,0.25,13.9,0.26,13.5,0.11,0.11,0.093176,1776234853000
1776234854.877,254.877,0.75,13.9,0.74,13.5,0.86,15.9,0.87,23.0,0.14,15.9,0.13,23.0,0.25,13.9,0.26,13.5,0.11,0.11,0.093176,1776234854000
1776234855.166,255.166,0.8,6.0,0.79,15.7,0.88,12.84,0.89,26.6,0.14,15.9,0.13,23.0,0.25,13.9,0.26,13.5,0.08,0.11,0.093176,1776234854000
1776234855.907,255.907,0.8,6.0,0.79,15.7,0.88,12.84,0.89,26.6,0.12,12.84,0.11,26.6,0.2,6.0,0.21,15.7,0.08,0.08,0.093179,1776234855000
1776234856.967,256.967,0.8,6.0,0.79,15.7,0.88,12.84,0.89,26.6,0.12,12.84,0.11,26.6,0.2,6.0,0.21,15.7,0.08,0.08,0.09318,1776234856000
1776234857.988,257.988,0.8,6.0,0.79,15.7,0.88,12.84,0.89,26.6,0.12,12.84,0.11,26.6,0.2,6.0,0.21,15.7,0.08,0.08,0.09319,1776234857000
1776234858.958,258.958,0.8,6.0,0.79,15.7,0.88,12.84,0.89,26.6,0.12,12.84,0.11,26.6,0.2,6.0,0.21,15.7,0.08,0.08,0.093187,1776234858000
1776234859.928,259.928,0.8,6.0,0.79,15.7,0.88,12.84,0.89,26.6,0.12,12.84,0.11,26.6,0.2,6.0,0.21,15.7,0.08,0.08,0.093185,1776234859000
1776234861.016,261.016,0.8,6.0,0.79,15.7,0.88,12.84,0.89,26.6,0.12,12.84,0.11,26.6,0.2,6.0,0.21,15.7,0.08,0.08,0.093183,1776234860000
1776234861.954,261.954,0.8,6.0,0.79,15.7,0.88,12.84,0.89,26.6,0.12,12.84,0.11,26.6,0.2,6.0,0.21,15.7,0.08,0.08,0.093183,1776234861000
1776234863.094,263.094,0.8,6.0,0.79,15.7,0.88,12.84,0.89,26.6,0.12,12.84,0.11,26.6,0.2,6.0,0.21,15.7,0.08,0.08,0.093183,1776234862000
1776234864.168,264.168,0.8,6.0,0.79,15.7,0.88,12.84,0.89,26.6,0.12,12.84,0.11,26.6,0.2,6.0,0.21,15.7,0.08,0.08,0.093183,1776234863000
1776234864.379,264.379,0.85,15.58,0.84,19.3,0.92,35.29,0.93,39.9,0.12,12.84,0.11,26.6,0.2,6.0,0.21,15.7,0.07,0.08,0.093183,1776234863000
1776234865.174,265.174,0.85,15.58,0.84,19.3,0.92,35.29,0.93,39.9,0.08,35.29,0.07,39.9,0.15,15.58,0.16,19.3,0.07,0.07,0.093183,1776234864000
1776234866.187,266.187,0.85,15.58,0.84,19.3,0.92,35.29,0.93,39.9,0.08,35.29,0.07,39.9,0.15,15.58,0.16,19.3,0.07,0.07,0.093182,1776234865000
1776234867.256,267.256,0.85,15.58,0.84,19.3,0.92,35.29,0.93,39.9,0.08,35.29,0.07,39.9,0.15,15.58,0.16,19.3,0.07,0.07,0.093182,1776234866000
1776234868.412,268.412,0.85,15.58,0.84,19.3,0.92,35.29,0.93,39.9,0.08,35.29,0.07,39.9,0.15,15.58,0.16,19.3,0.07,0.07,0.093179,1776234867000
1776234868.978,268.978,0.85,15.58,0.84,19.3,0.92,35.29,0.93,39.9,0.08,35.29,0.07,39.9,0.15,15.58,0.16,19.3,0.07,0.07,0.093179,1776234868000
1776234870.009,270.009,0.77,4.48,0.76,14.3,0.87,23.0,0.88,24.6,0.13,23.0,0.12,24.6,0.23,4.48,0.24,14.3,0.1,0.1,0.093175,1776234869000
1776234871.11,271.11,0.77,4.48,0.76,14.3,0.87,23.0,0.88,24.6,0.13,23.0,0.12,24.6,0.23,4.48,0.24,14.3,0.1,0.1,0.093175,1776234870000
1776234872.171,272.171,0.77,4.48,0.76,14.3,0.87,23.0,0.88,24.6,0.13,23.0,0.12,24.6,0.23,4.48,0.24,14.3,0.1,0.1,0.093175,1776234871000
1776234873.166,273.166,0.8,16.3,0.79,15.7,0.89,23.96,0.9,33.9,0.1,33.9,0.09,31.7,0.2,16.3,0.21,15.7,0.09,0.1,0.093175,1776234872000
1776234874.145,274.145,0.8,16.3,0.79,15.7,0.89,23.96,0.9,33.9,0.1,33.9,0.09,31.7,0.2,16.3,0.21,15.7,0.09,0.1,0.093175,1776234873000
1776234875.243,275.243,0.8,16.3,0.79,15.7,0.89,23.96,0.9,33.9,0.1,33.9,0.09,31.7,0.2,16.3,0.21,15.7,0.09,0.1,0.093175,1776234874000
1776234876.856,276.856,0.8,16.3,0.79,15.7,0.89,23.96,0.9,33.9,0.1,33.9,0.09,31.7,0.2,16.3,0.21,15.7,0.09,0.1,0.093175,1776234875000
1776234877.584,277.584,0.8,16.3,0.79,15.7,0.89,23.96,0.9,33.9,0.1,33.9,0.09,31.7,0.2,16.3,0.21,15.7,0.09,0.1,0.093175,1776234876000
1776234878.278,278.278,0.8,16.3,0.79,15.7,0.89,23.96,0.9,33.9,0.1,33.9,0.09,31.7,0.2,16.3,0.21,15.7,0.09,0.1,0.093176,1776234877000
1776234879.713,279.713,0.8,16.3,0.79,15.7,0.89,23.96,0.9,33.9,0.1,33.9,0.09,31.7,0.2,16.3,0.21,15.7,0.09,0.1,0.093177,1776234878000
1776234880.31,280.31,0.8,16.3,0.79,15.7,0.89,23.96,0.9,33.9,0.1,33.9,0.09,31.7,0.2,16.3,0.21,15.7,0.09,0.1,0.093177,1776234879000
1776234881.503,281.503,0.8,16.3,0.79,15.7,0.89,23.96,0.9,33.9,0.1,33.9,0.09,31.7,0.2,16.3,0.21,15.7,0.09,0.1,0.093177,1776234880000
1776234882.089,282.089,0.8,16.3,0.79,15.7,0.89,23.96,0.9,33.9,0.1,33.9,0.09,31.7,0.2,16.3,0.21,15.7,0.09,0.1,0.093177,1776234881000
1776234883.348,283.348,0.8,16.3,0.79,15.7,0.89,23.96,0.9,33.9,0.1,33.9,0.09,31.7,0.2,16.3,0.21,15.7,0.09,0.1,0.093177,1776234882000
1776234883.975,283.975,0.89,5.0,0.71,50.0,0.9,0.15,0.96,5.0,0.1,33.9,0.09,31.7,0.2,16.3,0.21,15.7,0.01,0.1,0.093177,1776234882000
1776234884.683,284.683,0.89,5.0,0.71,50.0,0.9,0.15,0.96,5.0,0.1,0.15,0.04,5.0,0.11,5.0,0.29,50.0,0.01,0.01,0.093177,1776234883000
1776234885.272,285.272,0.89,5.0,0.71,50.0,0.9,0.15,0.96,5.0,0.1,0.15,0.04,5.0,0.11,5.0,0.29,50.0,0.01,0.01,0.093177,1776234884000
1776234886.541,286.541,0.89,5.0,0.71,50.0,0.9,0.15,0.96,5.0,0.1,0.15,0.04,5.0,0.11,5.0,0.29,50.0,0.01,0.01,0.093177,1776234885000
1776234887.211,287.211,0.89,5.0,0.71,50.0,0.9,0.15,0.96,5.0,0.1,0.15,0.04,5.0,0.11,5.0,0.29,50.0,0.01,0.01,0.093175,1776234886000
1776234887.451,287.451,0.91,10.83,0.89,5.0,0.96,5.0,0.98,15.0,0.1,0.15,0.04,5.0,0.11,5.0,0.29,50.0,0.05,0.01,0.093175,1776234886000
1776234887.654,287.654,0.91,10.83,0.89,5.0,0.99,288.0,,,0.04,5.0,0.02,15.0,0.09,10.83,0.11,5.0,0.08,0.05,0.093175,1776234886000
1776234888.433,288.433,0.91,10.83,0.89,5.0,0.99,180.0,,,0.01,180.0,,,0.09,10.83,0.11,5.0,0.08,0.08,0.093174,1776234887000
1776234889.292,289.292,0.91,10.83,0.89,5.0,0.99,180.0,,,0.01,180.0,,,0.09,10.83,0.11,5.0,0.08,0.08,0.093175,1776234888000
1776234890.391,290.391,0.91,10.83,0.89,5.0,0.99,180.0,,,0.01,180.0,,,0.09,10.83,0.11,5.0,0.08,0.08,0.093174,1776234889000
1776234891.043,291.043,0.91,10.83,0.89,5.0,0.99,180.0,,,0.01,180.0,,,0.09,10.83,0.11,5.0,0.08,0.08,0.093173,1776234890000
1776234891.818,291.818,0.91,10.83,0.89,5.0,0.99,177.57,,,0.01,180.0,,,0.09,10.83,0.11,5.0,0.08,0.08,0.093173,1776234890000
1776234892.221,292.221,0.91,10.83,0.89,5.0,0.99,177.57,,,0.01,177.57,,,0.09,10.83,0.11,5.0,0.08,0.08,0.09317,1776234891000
1776234893.325,293.325,0.91,10.83,0.89,5.0,0.99,177.57,,,0.01,177.57,,,0.09,10.83,0.11,5.0,0.08,0.08,0.093171,1776234892000
1776234894.853,294.853,0.91,10.83,0.89,5.0,0.99,177.57,,,0.01,177.57,,,0.09,10.83,0.11,5.0,0.08,0.08,0.093169,1776234893000
1776234895.473,295.473,0.91,10.83,0.89,5.0,0.99,177.57,,,0.01,177.57,,,0.09,10.83,0.11,5.0,0.08,0.08,0.093169,1776234894000
1776234895.926,295.926,0.71,45.01,0.61,50.0,0.99,77.57,,,0.01,177.57,,,0.09,10.83,0.11,5.0,0.28,0.08,0.093169,1776234894000
1776234896.436,296.436,0.71,24.51,0.61,50.0,0.99,77.57,,,0.01,77.57,,,0.29,34.76,0.39,50.0,0.28,0.28,0.093169,1776234895000
1776234896.774,296.774,0.71,14.26,0.31,18.68,0.81,50.0,0.91,50.0,0.01,76.46,,,0.29,74.51,0.39,50.0,0.1,0.28,0.093169,1776234895000
1776234896.992,296.992,0.71,3.5,0.31,18.68,0.81,50.0,0.91,50.0,0.19,50.0,0.09,50.0,0.29,14.26,0.69,18.68,0.1,0.1,0.093169,1776234895000
1776234897.285,297.285,0.31,15.84,0.04,5.0,0.81,50.0,0.91,50.0,0.19,50.0,0.09,50.0,0.69,15.84,0.96,5.0,0.5,0.5,0.093169,1776234896000
1776234897.51,297.51,0.31,14.39,0.04,5.0,0.41,37.89,0.51,50.0,0.59,40.32,0.49,50.0,0.69,14.39,0.96,5.0,0.1,0.1,0.093169,1776234896000
1776234898.012,298.012,0.05,15.0,0.04,5.0,0.15,35.33,0.31,50.0,0.79,31.32,0.69,50.0,0.95,6.0,0.96,5.0,0.1,0.16,0.093169,1776234896000
1776234898.391,298.391,0.05,11.87,0.04,5.0,0.15,35.33,0.31,50.0,0.85,35.33,0.69,50.0,0.95,15.0,0.96,5.0,0.1,0.1,0.093169,1776234896000
1776234898.594,298.594,0.05,6.87,0.04,5.0,0.15,28.0,0.31,50.0,0.85,28.0,0.69,50.0,0.95,11.87,0.96,5.0,0.1,0.1,0.093169,1776234896000
1776234898.993,298.993,0.02,16.0,0.01,273.0,0.05,5.0,0.1,10.76,0.85,28.0,0.69,50.0,0.96,5.0,0.98,20.0,0.03,0.11,0.093138,1776234897000
1776234899.293,299.293,0.02,12.96,0.01,223.0,0.05,10.0,0.1,10.76,0.95,5.0,0.9,10.76,0.98,16.0,0.99,273.0,0.03,0.03,0.093138,1776234897000
1776234899.495,299.495,0.01,215.76,,,0.05,10.0,0.1,10.76,0.95,10.0,0.9,10.76,0.99,220.81,,,0.04,0.04,0.093128,1776234898000
1776234899.991,299.991,0.01,130.31,,,0.05,10.0,0.1,10.76,0.95,10.0,0.9,10.76,0.99,130.31,,,0.04,0.04,0.093123,1776234899000
1776234901.224,301.224,,,,,0.01,126.7,0.05,10.0,0.99,126.7,0.95,10.0,,,,,,,0.093121,1776234900000

# RESULT,winner=Down,slug=doge-updown-5m-1776234600,ticks=325
