timestamp,elapsed_sec,up_bid_p1,up_bid_s1,up_bid_p2,up_bid_s2,up_ask_p1,up_ask_s1,up_ask_p2,up_ask_s2,down_bid_p1,down_bid_s1,down_bid_p2,down_bid_s2,down_ask_p1,down_ask_s1,down_ask_p2,down_ask_s2,up_spread,down_spread,doge_price,doge_oracle_ts
1776181211.165,11.165,,,,,,,,,,,,,,,,,,,0.096061,1776181210000
1776181211.467,11.467,0.49,11.0,0.48,21.0,0.6,5.0,0.61,5.0,0.4,5.0,0.39,5.0,0.51,11.0,0.52,21.0,0.11,0.11,0.096061,1776181210000
1776181211.999,11.999,0.49,11.0,0.48,21.0,0.6,5.0,0.61,5.0,0.4,5.0,0.39,5.0,0.51,11.0,0.52,21.0,0.11,0.11,0.096061,1776181210000
1776181212.243,12.243,0.49,11.0,0.48,21.0,0.6,3.33,0.61,5.0,0.4,3.33,0.39,5.0,0.51,11.0,0.52,21.0,0.11,0.11,0.096052,1776181211000
1776181213.359,13.359,0.49,11.0,0.48,21.0,0.6,3.33,0.61,5.0,0.4,3.33,0.39,5.0,0.51,11.0,0.52,21.0,0.11,0.11,0.096052,1776181212000
1776181214.417,14.417,0.49,11.0,0.48,21.0,0.6,3.33,0.61,5.0,0.4,3.33,0.39,5.0,0.51,11.0,0.52,21.0,0.11,0.11,0.096039,1776181213000
1776181214.953,14.953,0.49,11.0,0.48,21.0,0.6,3.33,0.61,5.0,0.4,3.33,0.39,5.0,0.51,11.0,0.52,21.0,0.11,0.11,0.096031,1776181214000
1776181216.023,16.023,0.49,11.0,0.48,21.0,0.6,3.33,0.61,5.0,0.4,3.33,0.39,5.0,0.51,11.0,0.52,21.0,0.11,0.11,0.096029,1776181215000
1776181216.534,16.534,0.49,6.0,0.48,6.0,0.57,5.0,0.62,10.0,0.4,3.33,0.39,5.0,0.51,11.0,0.52,21.0,0.08,0.11,0.096029,1776181215000
1776181217.699,17.699,0.49,6.0,0.48,6.0,0.57,5.0,0.62,10.0,0.43,5.0,0.38,10.0,0.51,6.0,0.52,6.0,0.08,0.08,0.096027,1776181216000
1776181218.266,18.266,0.49,6.0,0.48,6.0,0.57,5.0,0.62,10.0,0.43,5.0,0.38,10.0,0.51,6.0,0.52,6.0,0.08,0.08,0.096024,1776181217000
1776181218.516,18.516,0.49,11.0,0.48,11.0,0.6,5.0,0.66,24.0,0.43,5.0,0.38,10.0,0.51,6.0,0.52,6.0,0.11,0.08,0.096024,1776181217000
1776181219.437,19.437,0.49,11.0,0.48,11.0,0.6,5.0,0.66,24.0,0.4,5.0,0.34,24.0,0.51,11.0,0.52,11.0,0.11,0.11,0.096022,1776181218000
1776181220.093,20.093,0.49,11.0,0.48,11.0,0.6,5.0,0.66,24.0,0.4,5.0,0.34,24.0,0.51,11.0,0.52,11.0,0.11,0.11,0.096027,1776181219000
1776181221.314,21.314,0.49,11.0,0.48,11.0,0.6,5.0,0.66,24.0,0.4,5.0,0.34,24.0,0.51,11.0,0.52,11.0,0.11,0.11,0.096048,1776181220000
1776181222.759,22.759,0.49,11.0,0.48,11.0,0.6,5.0,0.66,24.0,0.4,5.0,0.34,24.0,0.51,11.0,0.52,11.0,0.11,0.11,0.096033,1776181221000
1776181223.332,23.332,0.49,11.0,0.48,11.0,0.6,5.0,0.66,24.0,0.4,5.0,0.34,24.0,0.51,11.0,0.52,11.0,0.11,0.11,0.096033,1776181222000
1776181224.938,24.938,0.49,11.0,0.48,11.0,0.6,5.0,0.66,24.0,0.4,5.0,0.34,24.0,0.51,11.0,0.52,11.0,0.11,0.11,0.096034,1776181223000
1776181225.645,25.645,0.49,11.0,0.48,11.0,0.6,5.0,0.66,24.0,0.4,5.0,0.34,24.0,0.51,11.0,0.52,11.0,0.11,0.11,0.096035,1776181224000
1776181226.199,26.199,0.49,11.0,0.48,11.0,0.6,5.0,0.66,24.0,0.4,5.0,0.34,24.0,0.51,11.0,0.52,11.0,0.11,0.11,0.096035,1776181225000
1776181227.884,27.884,0.49,11.0,0.48,11.0,0.6,5.0,0.66,24.0,0.4,5.0,0.34,24.0,0.51,11.0,0.52,11.0,0.11,0.11,0.096042,1776181226000
1776181228.6,28.6,0.49,11.0,0.48,11.0,0.6,5.0,0.66,24.0,0.4,5.0,0.34,24.0,0.51,11.0,0.52,11.0,0.11,0.11,0.096046,1776181227000
1776181229.222,29.222,0.49,11.0,0.48,11.0,0.6,5.0,0.66,24.0,0.4,5.0,0.34,24.0,0.51,11.0,0.52,11.0,0.11,0.11,0.096045,1776181228000
1776181230.447,30.447,0.49,11.0,0.48,11.0,0.6,5.0,0.66,24.0,0.4,5.0,0.34,24.0,0.51,11.0,0.52,11.0,0.11,0.11,0.096044,1776181229000
1776181230.908,30.908,0.64,6.0,0.63,11.47,0.65,4.92,0.66,5.0,0.4,5.0,0.34,24.0,0.51,11.0,0.52,11.0,0.01,0.11,0.096044,1776181229000
1776181231.235,31.235,0.63,11.47,0.62,64.05,0.65,5.0,0.68,5.0,0.35,4.92,0.34,5.0,0.36,6.0,0.37,11.47,0.02,0.01,0.096044,1776181230000
1776181232.269,32.269,0.63,11.47,0.62,64.05,0.65,5.0,0.68,5.0,0.35,5.0,0.32,5.0,0.37,11.47,0.38,64.05,0.02,0.02,0.096044,1776181231000
1776181233.497,33.497,0.63,11.47,0.62,64.05,0.65,5.0,0.68,5.0,0.35,5.0,0.32,5.0,0.37,11.47,0.38,64.05,0.02,0.02,0.096074,1776181232000
1776181234.695,34.695,0.63,11.47,0.62,64.05,0.65,5.0,0.68,5.0,0.35,5.0,0.32,5.0,0.37,11.47,0.38,64.05,0.02,0.02,0.096074,1776181233000
1776181235.246,35.246,0.63,11.47,0.62,64.05,0.65,5.0,0.68,5.0,0.35,5.0,0.32,5.0,0.37,11.47,0.38,64.05,0.02,0.02,0.096063,1776181234000
1776181235.918,35.918,0.63,1.65,0.62,64.05,0.64,5.0,0.66,39.0,0.35,5.0,0.32,5.0,0.37,11.47,0.38,64.05,0.01,0.02,0.096063,1776181234000
1776181236.449,36.449,0.63,1.65,0.62,64.05,0.64,5.0,0.66,39.0,0.36,5.0,0.34,39.0,0.37,1.65,0.38,64.05,0.01,0.01,0.096061,1776181235000
1776181237.429,37.429,0.63,1.65,0.62,64.05,0.64,5.0,0.66,39.0,0.36,5.0,0.34,39.0,0.37,1.65,0.38,64.05,0.01,0.01,0.096053,1776181236000
1776181238.042,38.042,0.63,1.65,0.62,64.05,0.64,5.0,0.66,39.0,0.36,5.0,0.34,39.0,0.37,1.65,0.38,64.05,0.01,0.01,0.096042,1776181237000
1776181239.08,39.08,0.63,1.65,0.62,64.05,0.64,5.0,0.66,39.0,0.36,5.0,0.34,39.0,0.37,1.65,0.38,64.05,0.01,0.01,0.096044,1776181238000
1776181240.24,40.24,0.63,1.65,0.62,64.05,0.64,5.0,0.66,39.0,0.36,5.0,0.34,39.0,0.37,1.65,0.38,64.05,0.01,0.01,0.096044,1776181239000
1776181241.406,41.406,0.63,1.65,0.62,64.05,0.64,5.0,0.66,39.0,0.36,5.0,0.34,39.0,0.37,1.65,0.38,64.05,0.01,0.01,0.096043,1776181240000
1776181241.967,41.967,0.63,1.65,0.62,64.05,0.64,5.0,0.66,39.0,0.36,5.0,0.34,39.0,0.37,1.65,0.38,64.05,0.01,0.01,0.096043,1776181241000
1776181243.131,43.131,0.63,1.65,0.62,64.05,0.64,5.0,0.66,39.0,0.36,5.0,0.34,39.0,0.37,1.65,0.38,64.05,0.01,0.01,0.096046,1776181242000
1776181244.382,44.382,0.63,1.65,0.62,64.05,0.64,5.0,0.66,39.0,0.36,5.0,0.34,39.0,0.37,1.65,0.38,64.05,0.01,0.01,0.096056,1776181243000
1776181245.35,45.35,0.63,1.65,0.62,64.05,0.64,5.0,0.66,39.0,0.36,5.0,0.34,39.0,0.37,1.65,0.38,64.05,0.01,0.01,0.096056,1776181244000
1776181246.594,46.594,0.63,1.65,0.62,64.05,0.64,5.0,0.66,39.0,0.36,5.0,0.34,39.0,0.37,1.65,0.38,64.05,0.01,0.01,0.096056,1776181245000
1776181248.209,48.209,0.63,1.65,0.62,64.05,0.64,5.0,0.66,39.0,0.36,5.0,0.34,39.0,0.37,1.65,0.38,64.05,0.01,0.01,0.096043,1776181247000
1776181248.623,48.623,0.62,57.84,0.5,5.0,0.64,5.0,0.66,29.0,0.36,5.0,0.34,39.0,0.37,1.65,0.38,64.05,0.02,0.01,0.096043,1776181247000
1776181249.662,49.662,0.62,57.84,0.5,5.0,0.64,5.0,0.66,29.0,0.36,5.0,0.34,29.0,0.38,57.84,0.5,5.0,0.02,0.02,0.096043,1776181248000
1776181250.717,50.717,0.62,57.84,0.5,5.0,0.64,5.0,0.66,29.0,0.36,5.0,0.34,29.0,0.38,57.84,0.5,5.0,0.02,0.02,0.096043,1776181249000
1776181251.543,51.543,0.62,57.84,0.5,5.0,0.64,5.0,0.66,29.0,0.36,5.0,0.34,29.0,0.38,57.84,0.5,5.0,0.02,0.02,0.096041,1776181250000
1776181252.237,52.237,0.62,57.84,0.5,5.0,0.64,5.0,0.66,29.0,0.36,5.0,0.34,29.0,0.38,57.84,0.5,5.0,0.02,0.02,0.09604,1776181251000
1776181253.692,53.692,0.62,57.84,0.5,5.0,0.64,5.0,0.66,29.0,0.36,5.0,0.34,29.0,0.38,57.84,0.5,5.0,0.02,0.02,0.09604,1776181252000
1776181254.092,54.092,0.62,52.57,0.5,5.0,0.63,5.0,0.64,10.0,0.36,5.0,0.34,29.0,0.38,57.84,0.5,5.0,0.01,0.02,0.09604,1776181252000
1776181254.379,54.379,0.62,52.57,0.5,5.0,0.63,5.0,0.64,10.0,0.37,5.0,0.36,10.0,0.38,52.57,0.5,5.0,0.01,0.01,0.096038,1776181253000
1776181255.034,55.034,0.62,46.63,0.5,5.0,0.63,5.0,0.64,10.0,0.37,5.0,0.36,10.0,0.38,46.63,0.5,5.0,0.01,0.01,0.096033,1776181254000
1776181256.473,56.473,0.62,46.63,0.5,5.0,0.63,5.0,0.64,10.0,0.37,5.0,0.36,10.0,0.38,46.63,0.5,5.0,0.01,0.01,0.096032,1776181255000
1776181257.257,57.257,0.62,46.63,0.5,5.0,0.63,5.0,0.64,10.0,0.37,5.0,0.36,10.0,0.38,46.63,0.5,5.0,0.01,0.01,0.096032,1776181256000
1776181258.792,58.792,0.62,46.63,0.5,5.0,0.63,5.0,0.64,10.0,0.37,5.0,0.36,10.0,0.38,46.63,0.5,5.0,0.01,0.01,0.096032,1776181257000
1776181259.117,59.117,0.49,6.0,0.48,6.0,0.53,5.0,0.58,15.0,0.37,54.2,0.36,11.3,0.5,5.0,0.51,6.0,0.04,0.13,0.096032,1776181257000
1776181259.513,59.513,0.49,1.0,0.48,6.0,0.53,5.0,0.58,15.0,0.47,5.0,0.42,15.0,0.51,1.0,0.52,6.0,0.04,0.04,0.096032,1776181258000
1776181260.34,60.34,0.49,1.0,0.48,6.0,0.53,5.0,0.58,15.0,0.47,5.0,0.42,15.0,0.51,1.0,0.52,6.0,0.04,0.04,0.096032,1776181259000
1776181261.973,61.973,0.49,1.0,0.48,6.0,0.53,5.0,0.58,15.0,0.47,5.0,0.42,15.0,0.51,1.0,0.52,6.0,0.04,0.04,0.096003,1776181260000
1776181262.533,62.533,0.49,1.0,0.48,6.0,0.53,5.0,0.58,15.0,0.47,5.0,0.42,15.0,0.51,1.0,0.52,6.0,0.04,0.04,0.096005,1776181261000
1776181263.27,63.27,0.49,1.0,0.48,6.0,0.53,5.0,0.58,15.0,0.47,5.0,0.42,15.0,0.51,1.0,0.52,6.0,0.04,0.04,0.096005,1776181262000
1776181264.789,64.789,0.49,1.0,0.48,6.0,0.53,5.0,0.58,15.0,0.47,5.0,0.42,15.0,0.51,1.0,0.52,6.0,0.04,0.04,0.095996,1776181263000
1776181265.567,65.567,0.49,1.0,0.48,6.0,0.53,5.0,0.58,15.0,0.47,5.0,0.42,15.0,0.51,1.0,0.52,6.0,0.04,0.04,0.095993,1776181264000
1776181266.265,66.265,0.49,1.0,0.48,6.0,0.53,5.0,0.58,15.0,0.47,5.0,0.42,15.0,0.51,1.0,0.52,6.0,0.04,0.04,0.095993,1776181265000
1776181267.804,67.804,0.49,1.0,0.48,6.0,0.53,5.0,0.58,15.0,0.47,5.0,0.42,15.0,0.51,1.0,0.52,6.0,0.04,0.04,0.095995,1776181266000
1776181268.571,68.571,0.49,1.0,0.48,6.0,0.53,5.0,0.58,15.0,0.47,5.0,0.42,15.0,0.51,1.0,0.52,6.0,0.04,0.04,0.095995,1776181267000
1776181269.164,69.164,0.49,0.9,0.48,6.0,0.51,15.4,0.52,10.4,0.47,5.0,0.42,15.0,0.51,1.0,0.52,6.0,0.02,0.04,0.095995,1776181267000
1776181269.511,69.511,0.48,1.88,0.37,10.0,0.5,5.0,0.51,10.4,0.49,15.4,0.48,10.4,0.51,0.9,0.52,6.0,0.02,0.02,0.095995,1776181267000
1776181269.712,69.712,0.48,1.88,0.37,10.0,0.5,5.0,0.51,10.4,0.5,5.0,0.49,10.4,0.52,1.88,0.63,10.0,0.02,0.02,0.095995,1776181268000
1776181270.195,70.195,0.48,1.88,0.37,10.0,0.5,5.0,0.51,10.4,0.5,5.0,0.49,10.4,0.52,1.88,0.63,10.0,0.02,0.02,0.095994,1776181269000
1776181271.259,71.259,0.48,1.88,0.37,10.0,0.5,5.0,0.51,10.4,0.5,5.0,0.49,10.4,0.52,1.88,0.63,10.0,0.02,0.02,0.095984,1776181270000
1776181272.25,72.25,0.48,1.88,0.37,10.0,0.5,5.0,0.51,10.4,0.5,5.0,0.49,10.4,0.52,1.88,0.63,10.0,0.02,0.02,0.09598,1776181271000
1776181273.339,73.339,0.48,1.88,0.37,10.0,0.5,5.0,0.51,10.4,0.5,5.0,0.49,10.4,0.52,1.88,0.63,10.0,0.02,0.02,0.095969,1776181272000
1776181273.9,73.9,0.48,1.88,0.37,10.0,0.5,5.0,0.51,10.4,0.5,5.0,0.49,10.4,0.52,1.88,0.63,10.0,0.02,0.02,0.095969,1776181273000
1776181274.949,74.949,0.48,1.88,0.37,10.0,0.5,5.0,0.51,10.4,0.5,5.0,0.49,10.4,0.52,1.88,0.63,10.0,0.02,0.02,0.095969,1776181274000
1776181276.05,76.05,0.48,1.88,0.37,10.0,0.5,5.0,0.51,10.4,0.5,5.0,0.49,10.4,0.52,1.88,0.63,10.0,0.02,0.02,0.095969,1776181275000
1776181277.099,77.099,0.48,1.88,0.37,10.0,0.5,5.0,0.51,10.4,0.5,5.0,0.49,10.4,0.52,1.88,0.63,10.0,0.02,0.02,0.09596,1776181276000
1776181278.232,78.232,0.31,50.0,0.3,20.0,0.48,7.82,0.49,25.4,0.52,7.82,0.51,25.4,0.69,50.0,0.7,20.0,0.17,0.17,0.095953,1776181277000
1776181279.372,79.372,0.31,50.0,0.3,20.0,0.48,7.82,0.49,25.4,0.52,7.82,0.51,25.4,0.69,50.0,0.7,20.0,0.17,0.17,0.095947,1776181278000
1776181279.913,79.913,0.31,50.0,0.3,20.0,0.48,7.82,0.49,25.4,0.52,7.82,0.51,25.4,0.69,50.0,0.7,20.0,0.17,0.17,0.095947,1776181279000
1776181280.764,80.764,0.31,48.39,0.3,10.0,0.42,5.0,0.43,10.6,0.52,7.82,0.51,25.4,0.69,50.0,0.7,20.0,0.11,0.17,0.095947,1776181279000
1776181280.99,80.99,0.31,48.39,0.3,10.0,0.42,5.0,0.43,10.6,0.58,5.0,0.57,10.6,0.69,48.39,0.7,10.0,0.11,0.11,0.095946,1776181280000
1776181282.063,82.063,0.31,48.39,0.3,10.0,0.42,5.0,0.43,10.6,0.58,5.0,0.57,10.6,0.69,48.39,0.7,10.0,0.11,0.11,0.095946,1776181281000
1776181283.613,83.613,0.31,48.39,0.3,10.0,0.42,5.0,0.43,10.6,0.58,5.0,0.57,10.6,0.69,48.39,0.7,10.0,0.11,0.11,0.095934,1776181282000
1776181284.207,84.207,0.31,48.39,0.3,10.0,0.42,5.0,0.43,10.6,0.58,5.0,0.57,10.6,0.69,48.39,0.7,10.0,0.11,0.11,0.095932,1776181283000
1776181285.323,85.323,0.31,48.39,0.3,10.0,0.42,5.0,0.43,10.6,0.58,5.0,0.57,10.6,0.69,48.39,0.7,10.0,0.11,0.11,0.095937,1776181284000
1776181286.337,86.337,0.31,48.39,0.3,10.0,0.42,5.0,0.43,10.6,0.58,5.0,0.57,10.6,0.69,48.39,0.7,10.0,0.11,0.11,0.095937,1776181285000
1776181287.276,87.276,0.31,48.39,0.3,10.0,0.42,5.0,0.43,10.6,0.58,5.0,0.57,10.6,0.69,48.39,0.7,10.0,0.11,0.11,0.095937,1776181286000
1776181288.283,88.283,0.31,48.39,0.3,10.0,0.42,5.0,0.43,10.6,0.58,5.0,0.57,10.6,0.69,48.39,0.7,10.0,0.11,0.11,0.095936,1776181287000
1776181289.281,89.281,0.31,48.39,0.3,10.0,0.42,5.0,0.43,10.6,0.58,5.0,0.57,10.6,0.69,48.39,0.7,10.0,0.11,0.11,0.095937,1776181288000
1776181290.364,90.364,0.31,48.39,0.3,10.0,0.42,5.0,0.43,10.6,0.58,5.0,0.57,10.6,0.69,48.39,0.7,10.0,0.11,0.11,0.095939,1776181289000
1776181291.362,91.362,0.31,48.39,0.3,10.0,0.42,5.0,0.43,10.6,0.58,5.0,0.57,10.6,0.69,48.39,0.7,10.0,0.11,0.11,0.095958,1776181290000
1776181291.936,91.936,0.31,48.39,0.3,10.0,0.42,5.0,0.43,10.6,0.58,5.0,0.57,10.6,0.69,48.39,0.7,10.0,0.11,0.11,0.095955,1776181291000
1776181292.982,92.982,0.31,48.39,0.3,10.0,0.42,5.0,0.43,10.6,0.58,5.0,0.57,10.6,0.69,48.39,0.7,10.0,0.11,0.11,0.095942,1776181292000
1776181294.009,94.009,0.31,48.39,0.3,10.0,0.42,5.0,0.43,10.6,0.58,5.0,0.57,10.6,0.69,48.39,0.7,10.0,0.11,0.11,0.095935,1776181293000
1776181295.097,95.097,0.28,17.9,0.27,18.2,0.4,5.05,0.44,10.0,0.6,5.05,0.56,10.0,0.72,17.9,0.73,18.2,0.12,0.12,0.095935,1776181294000
1776181296.11,96.11,0.28,17.9,0.27,18.2,0.4,5.05,0.44,10.0,0.6,5.05,0.56,10.0,0.72,17.9,0.73,18.2,0.12,0.12,0.095933,1776181295000
1776181297.053,97.053,0.28,17.9,0.27,18.2,0.4,5.05,0.44,10.0,0.6,5.05,0.56,10.0,0.72,17.9,0.73,18.2,0.12,0.12,0.095933,1776181296000
1776181298.484,98.484,0.28,17.9,0.27,18.2,0.4,5.05,0.44,10.0,0.6,5.05,0.56,10.0,0.72,17.9,0.73,18.2,0.12,0.12,0.095931,1776181297000
1776181299.108,99.108,0.28,17.9,0.27,18.2,0.4,5.05,0.44,10.0,0.6,5.05,0.56,10.0,0.72,17.9,0.73,18.2,0.12,0.12,0.095933,1776181298000
1776181300.271,100.271,0.28,17.9,0.27,18.2,0.4,5.05,0.44,10.0,0.6,5.05,0.56,10.0,0.72,17.9,0.73,18.2,0.12,0.12,0.095933,1776181299000
1776181300.522,100.522,0.26,5.0,0.25,10.0,0.37,7.0,0.4,15.8,0.6,5.05,0.56,10.0,0.72,17.9,0.73,18.2,0.11,0.12,0.095933,1776181299000
1776181301.353,101.353,0.26,5.0,0.25,10.0,0.37,7.0,0.4,15.8,0.63,7.0,0.6,15.8,0.74,5.0,0.75,10.0,0.11,0.11,0.095933,1776181300000
1776181302.775,102.775,0.26,5.0,0.25,10.0,0.37,7.0,0.4,15.8,0.63,7.0,0.6,15.8,0.74,5.0,0.75,10.0,0.11,0.11,0.095924,1776181301000
1776181303.317,103.317,0.26,5.0,0.25,10.0,0.37,7.0,0.4,15.8,0.63,7.0,0.6,15.8,0.74,5.0,0.75,10.0,0.11,0.11,0.095924,1776181302000
1776181304.435,104.435,0.26,5.0,0.25,10.0,0.37,7.0,0.4,15.8,0.63,7.0,0.6,15.8,0.74,5.0,0.75,10.0,0.11,0.11,0.095924,1776181303000
1776181305.027,105.027,0.26,5.0,0.25,10.0,0.37,7.0,0.4,15.8,0.63,7.0,0.6,15.8,0.74,5.0,0.75,10.0,0.11,0.11,0.095926,1776181304000
1776181306.187,106.187,0.26,5.0,0.25,10.0,0.37,7.0,0.4,15.8,0.63,7.0,0.6,15.8,0.74,5.0,0.75,10.0,0.11,0.11,0.095927,1776181305000
1776181306.594,106.594,0.31,55.0,0.29,5.0,0.44,2.72,0.45,19.0,0.63,7.0,0.6,15.8,0.74,5.0,0.75,10.0,0.13,0.11,0.095927,1776181305000
1776181307.282,107.282,0.31,55.0,0.29,5.0,0.44,2.72,0.45,19.0,0.56,2.72,0.55,19.0,0.69,55.0,0.71,5.0,0.13,0.13,0.095932,1776181306000
1776181308.24,108.24,0.31,42.6,0.3,12.4,0.47,9.0,0.48,7.82,0.56,2.72,0.55,19.0,0.69,55.0,0.71,5.0,0.16,0.13,0.095932,1776181306000
1776181309.003,109.003,0.31,42.6,0.3,12.4,0.47,9.0,0.48,7.82,0.53,9.0,0.52,7.82,0.69,42.6,0.7,12.4,0.16,0.16,0.095945,1776181308000
1776181310.101,110.101,0.31,42.6,0.3,12.4,0.47,9.0,0.48,7.82,0.53,9.0,0.52,7.82,0.69,42.6,0.7,12.4,0.16,0.16,0.095958,1776181309000
1776181311.438,111.438,0.31,42.6,0.3,12.4,0.47,9.0,0.48,7.82,0.53,9.0,0.52,7.82,0.69,42.6,0.7,12.4,0.16,0.16,0.095945,1776181310000
1776181312.545,112.545,0.31,42.6,0.3,12.4,0.47,9.0,0.48,7.82,0.53,9.0,0.52,7.82,0.69,42.6,0.7,12.4,0.16,0.16,0.095945,1776181311000
1776181312.889,112.889,0.31,42.6,0.3,12.4,0.47,9.0,0.48,7.82,0.53,9.0,0.52,7.82,0.69,42.6,0.7,12.4,0.16,0.16,0.095945,1776181312000
1776181314.127,114.127,0.31,42.6,0.3,12.4,0.47,9.0,0.48,7.82,0.53,9.0,0.52,7.82,0.69,42.6,0.7,12.4,0.16,0.16,0.09593,1776181313000
1776181315.293,115.293,0.31,42.6,0.3,12.4,0.47,9.0,0.48,7.82,0.53,9.0,0.52,7.82,0.69,42.6,0.7,12.4,0.16,0.16,0.095933,1776181314000
1776181316.265,116.265,0.31,42.6,0.3,12.4,0.47,9.0,0.48,7.82,0.53,9.0,0.52,7.82,0.69,42.6,0.7,12.4,0.16,0.16,0.095922,1776181315000
1776181317.298,117.298,0.31,42.6,0.3,12.4,0.47,9.0,0.48,7.82,0.53,9.0,0.52,7.82,0.69,42.6,0.7,12.4,0.16,0.16,0.095922,1776181316000
1776181318.29,118.29,0.31,42.6,0.3,12.4,0.47,9.0,0.48,7.82,0.53,9.0,0.52,7.82,0.69,42.6,0.7,12.4,0.16,0.16,0.095922,1776181317000
1776181319.208,119.208,0.31,42.6,0.3,12.4,0.47,9.0,0.48,7.82,0.53,9.0,0.52,7.82,0.69,42.6,0.7,12.4,0.16,0.16,0.095937,1776181318000
1776181320.285,120.285,0.31,42.6,0.3,12.4,0.47,9.0,0.48,7.82,0.53,9.0,0.52,7.82,0.69,42.6,0.7,12.4,0.16,0.16,0.095946,1776181319000
1776181321.342,121.342,0.31,42.6,0.3,12.4,0.47,9.0,0.48,7.82,0.53,9.0,0.52,7.82,0.69,42.6,0.7,12.4,0.16,0.16,0.095946,1776181320000
1776181322.441,122.441,0.31,42.6,0.3,12.4,0.47,9.0,0.48,7.82,0.53,9.0,0.52,7.82,0.69,42.6,0.7,12.4,0.16,0.16,0.095945,1776181321000
1776181323.017,123.017,0.31,42.6,0.3,12.4,0.47,9.0,0.48,7.82,0.53,9.0,0.52,7.82,0.69,42.6,0.7,12.4,0.16,0.16,0.095937,1776181322000
1776181323.872,123.872,0.34,3.0,0.26,23.5,0.4,20.8,0.41,10.7,0.53,9.0,0.52,7.82,0.69,42.6,0.7,12.4,0.06,0.16,0.095937,1776181322000
1776181324.135,124.135,0.34,3.0,0.26,23.5,0.4,20.8,0.41,10.7,0.6,20.8,0.59,10.7,0.66,3.0,0.74,23.5,0.06,0.06,0.095934,1776181323000
1776181325.22,125.22,0.34,3.0,0.26,23.5,0.4,20.8,0.41,10.7,0.6,20.8,0.59,10.7,0.66,3.0,0.74,23.5,0.06,0.06,0.095938,1776181324000
1776181326.226,126.226,0.34,3.0,0.26,23.5,0.4,20.8,0.41,10.7,0.6,20.8,0.59,10.7,0.66,3.0,0.74,23.5,0.06,0.06,0.095939,1776181325000
1776181327.187,127.187,0.34,3.0,0.26,23.5,0.4,20.8,0.41,10.7,0.6,20.8,0.59,10.7,0.66,3.0,0.74,23.5,0.06,0.06,0.095943,1776181326000
1776181328.149,128.149,0.34,3.0,0.26,23.5,0.4,20.8,0.41,10.7,0.6,20.8,0.59,10.7,0.66,3.0,0.74,23.5,0.06,0.06,0.095943,1776181327000
1776181329.197,129.197,0.34,3.0,0.26,23.5,0.4,20.8,0.41,10.7,0.6,20.8,0.59,10.7,0.66,3.0,0.74,23.5,0.06,0.06,0.095944,1776181328000
1776181329.823,129.823,0.28,5.0,0.27,23.2,0.42,20.7,0.43,18.6,0.6,20.8,0.59,10.7,0.66,3.0,0.74,23.5,0.14,0.06,0.095944,1776181328000
1776181330.25,130.25,0.28,5.0,0.27,23.2,0.42,20.7,0.43,18.6,0.58,20.7,0.57,18.6,0.72,5.0,0.73,23.2,0.14,0.14,0.095943,1776181329000
1776181331.262,131.262,0.28,5.0,0.27,23.2,0.42,20.7,0.43,18.6,0.58,20.7,0.57,18.6,0.72,5.0,0.73,23.2,0.14,0.14,0.095945,1776181330000
1776181332.331,132.331,0.28,5.0,0.27,23.2,0.42,20.7,0.43,18.6,0.58,20.7,0.57,18.6,0.72,5.0,0.73,23.2,0.14,0.14,0.095945,1776181331000
1776181333.355,133.355,0.28,5.0,0.27,23.2,0.42,20.7,0.43,18.6,0.58,20.7,0.57,18.6,0.72,5.0,0.73,23.2,0.14,0.14,0.095945,1776181332000
1776181334.336,134.336,0.28,5.0,0.27,23.2,0.42,20.7,0.43,18.6,0.58,20.7,0.57,18.6,0.72,5.0,0.73,23.2,0.14,0.14,0.095945,1776181333000
1776181335.337,135.337,0.28,5.0,0.27,23.2,0.42,20.7,0.43,18.6,0.58,20.7,0.57,18.6,0.72,5.0,0.73,23.2,0.14,0.14,0.095945,1776181334000
1776181336.275,136.275,0.28,5.0,0.27,23.2,0.42,20.7,0.43,18.6,0.58,20.7,0.57,18.6,0.72,5.0,0.73,23.2,0.14,0.14,0.095945,1776181335000
1776181337.305,137.305,0.28,5.0,0.27,23.2,0.42,20.7,0.43,18.6,0.58,20.7,0.57,18.6,0.72,5.0,0.73,23.2,0.14,0.14,0.095942,1776181336000
1776181338.408,138.408,0.28,5.0,0.27,23.2,0.42,20.7,0.43,18.6,0.58,20.7,0.57,18.6,0.72,5.0,0.73,23.2,0.14,0.14,0.095944,1776181337000
1776181339.185,139.185,0.28,5.0,0.27,23.2,0.42,20.7,0.43,18.6,0.58,20.7,0.57,18.6,0.72,5.0,0.73,23.2,0.14,0.14,0.095947,1776181338000
1776181340.211,140.211,0.28,5.0,0.27,23.2,0.42,20.7,0.43,18.6,0.58,20.7,0.57,18.6,0.72,5.0,0.73,23.2,0.14,0.14,0.095957,1776181339000
1776181341.283,141.283,0.28,5.0,0.27,23.2,0.42,20.7,0.43,18.6,0.58,20.7,0.57,18.6,0.72,5.0,0.73,23.2,0.14,0.14,0.095957,1776181340000
1776181342.316,142.316,0.28,5.0,0.27,23.2,0.42,20.7,0.43,18.6,0.58,20.7,0.57,18.6,0.72,5.0,0.73,23.2,0.14,0.14,0.095957,1776181341000
1776181343.316,143.316,0.28,5.0,0.27,23.2,0.42,20.7,0.43,18.6,0.58,20.7,0.57,18.6,0.72,5.0,0.73,23.2,0.14,0.14,0.095949,1776181342000
1776181344.345,144.345,0.28,5.0,0.27,23.2,0.42,20.7,0.43,18.6,0.58,20.7,0.57,18.6,0.72,5.0,0.73,23.2,0.14,0.14,0.095945,1776181343000
1776181345.419,145.419,0.28,5.0,0.27,23.2,0.42,20.7,0.43,18.6,0.58,20.7,0.57,18.6,0.72,5.0,0.73,23.2,0.14,0.14,0.095958,1776181344000
1776181345.98,145.98,0.28,5.0,0.27,23.2,0.42,20.7,0.43,18.6,0.58,20.7,0.57,18.6,0.72,5.0,0.73,23.2,0.14,0.14,0.095957,1776181345000
1776181347.019,147.019,0.28,5.0,0.27,23.2,0.42,20.7,0.43,18.6,0.58,20.7,0.57,18.6,0.72,5.0,0.73,23.2,0.14,0.14,0.095954,1776181346000
1776181348.051,148.051,0.28,5.0,0.27,23.2,0.42,20.7,0.43,18.6,0.58,20.7,0.57,18.6,0.72,5.0,0.73,23.2,0.14,0.14,0.095958,1776181347000
1776181348.999,148.999,0.28,5.0,0.27,23.2,0.42,20.7,0.43,18.6,0.58,20.7,0.57,18.6,0.72,5.0,0.73,23.2,0.14,0.14,0.095977,1776181348000
1776181350.066,150.066,0.28,5.0,0.27,23.2,0.42,20.7,0.43,18.6,0.58,20.7,0.57,18.6,0.72,5.0,0.73,23.2,0.14,0.14,0.095974,1776181349000
1776181351.13,151.13,0.28,5.0,0.27,23.2,0.42,20.7,0.43,18.6,0.58,20.7,0.57,18.6,0.72,5.0,0.73,23.2,0.14,0.14,0.095977,1776181350000
1776181352.869,152.869,0.28,5.0,0.27,23.2,0.42,20.7,0.43,18.6,0.58,20.7,0.57,18.6,0.72,5.0,0.73,23.2,0.14,0.14,0.095981,1776181351000
1776181353.101,153.101,0.37,2.35,0.22,15.2,0.38,8.0,0.45,10.0,0.62,8.0,0.61,10.0,0.77,11.14,0.78,15.2,0.01,0.15,0.095981,1776181351000
1776181353.383,153.383,0.22,15.2,0.21,75.7,0.38,35.0,0.45,10.0,0.62,8.0,0.55,10.0,0.63,2.35,0.78,15.2,0.16,0.01,0.095981,1776181351000
1776181354.108,154.108,0.22,15.2,0.21,75.7,0.38,35.0,0.45,10.0,0.62,35.0,0.55,10.0,0.78,15.2,0.79,75.7,0.16,0.16,0.09599,1776181353000
1776181355.622,155.622,0.22,15.2,0.21,75.7,0.38,35.0,0.45,10.0,0.62,35.0,0.55,10.0,0.78,15.2,0.79,75.7,0.16,0.16,0.095935,1776181354000
1776181356.211,156.211,0.22,15.2,0.21,75.7,0.38,35.0,0.45,10.0,0.62,35.0,0.55,10.0,0.78,15.2,0.79,75.7,0.16,0.16,0.095923,1776181355000
1776181357.598,157.598,0.22,15.2,0.21,75.7,0.38,35.0,0.45,10.0,0.62,35.0,0.55,10.0,0.78,15.2,0.79,75.7,0.16,0.16,0.095926,1776181356000
1776181358.327,158.327,0.22,15.2,0.21,75.7,0.38,35.0,0.45,10.0,0.62,35.0,0.55,10.0,0.78,15.2,0.79,75.7,0.16,0.16,0.095931,1776181357000
1776181359.782,159.782,0.22,15.2,0.21,75.7,0.38,35.0,0.45,10.0,0.62,35.0,0.55,10.0,0.78,15.2,0.79,75.7,0.16,0.16,0.095944,1776181358000
1776181360.405,160.405,0.22,15.2,0.21,75.7,0.38,35.0,0.45,10.0,0.62,35.0,0.55,10.0,0.78,15.2,0.79,75.7,0.16,0.16,0.095943,1776181359000
1776181361.074,161.074,0.22,15.2,0.21,75.7,0.38,35.0,0.45,10.0,0.62,35.0,0.55,10.0,0.78,15.2,0.79,75.7,0.16,0.16,0.095943,1776181360000
1776181362.428,162.428,0.31,50.0,0.26,18.5,0.4,2.5,0.41,5.0,0.6,2.5,0.59,5.0,0.69,50.0,0.74,18.5,0.09,0.09,0.095943,1776181361000
1776181363.16,163.16,0.31,50.0,0.26,18.5,0.4,2.5,0.41,5.0,0.6,2.5,0.59,5.0,0.69,50.0,0.74,18.5,0.09,0.09,0.095944,1776181362000
1776181364.424,164.424,0.31,50.0,0.26,18.5,0.4,2.5,0.41,5.0,0.6,2.5,0.59,5.0,0.69,50.0,0.74,18.5,0.09,0.09,0.095941,1776181363000
1776181365.203,165.203,0.31,50.0,0.26,18.5,0.4,2.5,0.41,5.0,0.6,2.5,0.59,5.0,0.69,50.0,0.74,18.5,0.09,0.09,0.095941,1776181364000
1776181366.505,166.505,0.31,50.0,0.26,18.5,0.4,2.5,0.41,5.0,0.6,2.5,0.59,5.0,0.69,50.0,0.74,18.5,0.09,0.09,0.095939,1776181365000
1776181367.17,167.17,0.31,50.0,0.26,18.5,0.4,2.5,0.41,5.0,0.6,2.5,0.59,5.0,0.69,50.0,0.74,18.5,0.09,0.09,0.095936,1776181366000
1776181368.475,168.475,0.31,50.0,0.26,18.5,0.4,2.5,0.41,5.0,0.6,2.5,0.59,5.0,0.69,50.0,0.74,18.5,0.09,0.09,0.095937,1776181367000
1776181369.202,169.202,0.31,50.0,0.26,18.5,0.4,2.5,0.41,5.0,0.6,2.5,0.59,5.0,0.69,50.0,0.74,18.5,0.09,0.09,0.095927,1776181368000
1776181370.186,170.186,0.31,50.0,0.26,18.5,0.4,2.5,0.41,5.0,0.6,2.5,0.59,5.0,0.69,50.0,0.74,18.5,0.09,0.09,0.095925,1776181369000
1776181371.139,171.139,0.24,4.68,0.22,5.0,0.33,11.8,0.34,18.6,0.6,2.5,0.59,5.0,0.69,50.0,0.74,18.5,0.09,0.09,0.095925,1776181369000
1776181372.2,172.2,0.24,4.68,0.22,5.0,0.33,11.8,0.34,18.6,0.67,11.8,0.66,18.6,0.76,4.68,0.78,5.0,0.09,0.09,0.095922,1776181371000
1776181372.556,172.556,0.24,4.68,0.18,5.0,0.25,0.32,0.26,6.0,0.67,11.8,0.66,18.6,0.76,4.68,0.78,5.0,0.01,0.09,0.095922,1776181371000
1776181373.094,173.094,0.24,4.68,0.18,5.0,0.25,0.32,0.26,6.0,0.75,0.32,0.74,6.0,0.76,4.68,0.82,5.0,0.01,0.01,0.095922,1776181372000
1776181374.071,174.071,0.24,4.68,0.18,5.0,0.25,0.32,0.26,6.0,0.75,0.32,0.74,6.0,0.76,4.68,0.82,5.0,0.01,0.01,0.095906,1776181373000
1776181375.016,175.016,0.24,4.68,0.18,5.0,0.25,0.32,0.26,6.0,0.75,0.32,0.74,6.0,0.76,4.68,0.82,5.0,0.01,0.01,0.095903,1776181374000
1776181375.994,175.994,0.24,4.68,0.18,5.0,0.25,0.32,0.26,6.0,0.75,0.32,0.74,6.0,0.76,4.68,0.82,5.0,0.01,0.01,0.095902,1776181375000
1776181377.02,177.02,0.24,4.68,0.18,5.0,0.25,0.32,0.26,6.0,0.75,0.32,0.74,6.0,0.76,4.68,0.82,5.0,0.01,0.01,0.095899,1776181376000
1776181377.894,177.894,0.24,4.68,0.18,5.0,0.25,0.32,0.26,6.0,0.75,0.32,0.74,6.0,0.76,4.68,0.82,5.0,0.01,0.01,0.0959,1776181377000
1776181378.858,178.858,0.24,4.68,0.18,5.0,0.25,0.32,0.26,6.0,0.75,0.32,0.74,6.0,0.76,4.68,0.82,5.0,0.01,0.01,0.095901,1776181378000
1776181380.367,180.367,0.24,4.68,0.18,5.0,0.25,0.32,0.26,6.0,0.75,0.32,0.74,6.0,0.76,4.68,0.82,5.0,0.01,0.01,0.095901,1776181379000
1776181381.263,181.263,0.24,4.68,0.18,5.0,0.25,0.32,0.26,6.0,0.75,0.32,0.74,6.0,0.76,4.68,0.82,5.0,0.01,0.01,0.095901,1776181380000
1776181382.672,182.672,0.17,5.0,0.16,5.0,0.26,2.2,0.27,13.2,0.75,0.32,0.74,6.0,0.76,4.68,0.82,5.0,0.09,0.01,0.095901,1776181380000
1776181383.338,183.338,0.17,5.0,0.16,5.0,0.26,2.2,0.27,13.2,0.74,2.2,0.73,13.2,0.83,5.0,0.84,5.0,0.09,0.09,0.095903,1776181382000
1776181384.039,184.039,0.17,5.0,0.16,5.0,0.26,2.2,0.27,13.2,0.74,2.2,0.73,13.2,0.83,5.0,0.84,5.0,0.09,0.09,0.095903,1776181383000
1776181385.27,185.27,0.17,5.0,0.16,5.0,0.26,2.2,0.27,13.2,0.74,2.2,0.73,13.2,0.83,5.0,0.84,5.0,0.09,0.09,0.0959,1776181384000
1776181386.435,186.435,0.17,5.0,0.16,5.0,0.26,2.2,0.27,13.2,0.74,2.2,0.73,13.2,0.83,5.0,0.84,5.0,0.09,0.09,0.095902,1776181385000
1776181387.535,187.535,0.17,5.0,0.16,5.0,0.26,2.2,0.27,13.2,0.74,2.2,0.73,13.2,0.83,5.0,0.84,5.0,0.09,0.09,0.095902,1776181386000
1776181388.003,188.003,0.17,5.0,0.16,5.0,0.26,2.2,0.27,13.2,0.74,2.2,0.73,13.2,0.83,5.0,0.84,5.0,0.09,0.09,0.095902,1776181387000
1776181389.136,189.136,0.17,5.0,0.16,5.0,0.26,2.2,0.27,13.2,0.74,2.2,0.73,13.2,0.83,5.0,0.84,5.0,0.09,0.09,0.095893,1776181388000
1776181390.019,190.019,0.17,6.0,0.14,26.6,0.18,2.32,0.22,6.0,0.74,2.2,0.73,13.2,0.83,5.0,0.84,5.0,0.01,0.09,0.095893,1776181388000
1776181390.288,190.288,0.17,6.0,0.14,26.6,0.18,2.32,0.22,6.0,0.82,2.32,0.78,6.0,0.83,6.0,0.86,26.6,0.01,0.01,0.095886,1776181389000
1776181391.371,191.371,0.15,20.39,0.14,26.6,0.18,2.32,0.22,6.0,0.82,2.32,0.78,6.0,0.85,20.39,0.86,26.6,0.03,0.03,0.09589,1776181390000
1776181392.471,192.471,0.15,20.39,0.14,26.6,0.18,2.32,0.22,6.0,0.82,2.32,0.78,6.0,0.85,20.39,0.86,26.6,0.03,0.03,0.095898,1776181391000
1776181393.03,193.03,0.15,20.39,0.14,26.6,0.18,2.32,0.22,6.0,0.82,2.32,0.78,6.0,0.85,20.39,0.86,26.6,0.03,0.03,0.095898,1776181392000
1776181394.127,194.127,0.15,20.39,0.14,21.6,0.18,2.32,0.22,6.0,0.82,2.32,0.78,6.0,0.85,20.39,0.86,21.6,0.03,0.03,0.095901,1776181393000
1776181394.508,194.508,0.15,14.57,0.14,21.6,0.18,2.32,0.2,6.0,0.82,2.32,0.78,6.0,0.85,20.39,0.86,21.6,0.03,0.03,0.095901,1776181393000
1776181395.231,195.231,0.15,14.57,0.14,21.6,0.18,2.32,0.2,6.0,0.82,2.32,0.8,6.0,0.85,14.57,0.86,21.6,0.03,0.03,0.095898,1776181394000
1776181395.801,195.801,0.21,47.68,0.16,5.0,0.26,6.0,0.29,5.0,0.82,2.32,0.8,6.0,0.85,14.57,0.86,21.6,0.05,0.03,0.095898,1776181394000
1776181396.291,196.291,0.21,47.68,0.16,5.0,0.26,6.0,0.29,5.0,0.74,6.0,0.71,5.0,0.79,47.68,0.84,5.0,0.05,0.05,0.095898,1776181395000
1776181397.535,197.535,0.21,47.68,0.2,5.0,0.26,6.0,0.31,5.0,0.74,6.0,0.69,5.0,0.79,47.68,0.8,5.0,0.05,0.05,0.095898,1776181396000
1776181397.8,197.8,0.31,45.0,0.3,5.0,0.44,8.0,0.46,15.5,0.74,6.0,0.69,5.0,0.79,47.68,0.8,5.0,0.13,0.05,0.095898,1776181396000
1776181398.128,198.128,0.34,3.46,0.33,5.0,0.44,8.0,0.46,5.0,0.56,8.0,0.54,5.0,0.66,3.46,0.67,5.0,0.1,0.1,0.095919,1776181397000
1776181399.396,199.396,0.31,3.11,0.29,5.0,0.44,8.0,0.46,5.0,0.56,8.0,0.54,5.0,0.69,3.11,0.71,5.0,0.13,0.13,0.095937,1776181398000
1776181399.943,199.943,0.31,3.11,0.29,5.0,0.44,8.0,0.46,5.0,0.56,8.0,0.54,5.0,0.69,3.11,0.71,5.0,0.13,0.13,0.095963,1776181399000
1776181401.011,201.011,0.31,3.11,0.29,5.0,0.44,8.0,0.46,5.0,0.56,8.0,0.54,5.0,0.69,3.11,0.71,5.0,0.13,0.13,0.095968,1776181400000
1776181402.094,202.094,0.31,3.11,0.29,5.0,0.44,8.0,0.46,5.0,0.56,8.0,0.54,5.0,0.69,3.11,0.71,5.0,0.13,0.13,0.095984,1776181401000
1776181403.233,203.233,0.31,3.11,0.29,5.0,0.44,8.0,0.46,5.0,0.56,8.0,0.54,5.0,0.69,3.11,0.71,5.0,0.13,0.13,0.095973,1776181402000
1776181404.373,204.373,0.31,3.11,0.29,5.0,0.44,8.0,0.46,5.0,0.56,8.0,0.54,5.0,0.69,3.11,0.71,5.0,0.13,0.13,0.095971,1776181403000
1776181405.374,205.374,0.31,3.11,0.29,5.0,0.44,8.0,0.46,5.0,0.56,8.0,0.54,5.0,0.69,3.11,0.71,5.0,0.13,0.13,0.095973,1776181404000
1776181405.971,205.971,0.31,3.11,0.29,5.0,0.44,8.0,0.46,5.0,0.56,8.0,0.54,5.0,0.69,3.11,0.71,5.0,0.13,0.13,0.095982,1776181405000
1776181406.52,206.52,0.45,9.0,0.42,10.0,0.5,12.0,0.54,5.0,0.56,8.0,0.54,5.0,0.69,3.11,0.71,5.0,0.05,0.13,0.095982,1776181405000
1776181407.051,207.051,0.45,9.0,0.42,10.0,0.5,7.0,0.54,5.0,0.5,7.0,0.46,5.0,0.55,9.0,0.58,10.0,0.05,0.05,0.095982,1776181406000
1776181408.245,208.245,0.45,4.0,0.33,5.0,0.46,40.0,0.47,9.0,0.5,7.0,0.46,5.0,0.55,9.0,0.58,10.0,0.01,0.05,0.095982,1776181406000
1776181409.374,209.374,0.23,14.11,0.22,36.2,0.41,46.0,0.46,35.0,0.59,46.0,0.54,35.0,0.77,14.11,0.78,36.2,0.18,0.18,0.09601,1776181408000
1776181410.143,210.143,0.23,14.11,0.22,36.2,0.41,46.0,0.46,35.0,0.59,46.0,0.54,35.0,0.77,14.11,0.78,36.2,0.18,0.18,0.095979,1776181409000
1776181411.32,211.32,0.23,14.11,0.22,36.2,0.41,46.0,0.46,35.0,0.59,46.0,0.54,35.0,0.77,14.11,0.78,36.2,0.18,0.18,0.095933,1776181410000
1776181412.407,212.407,0.22,16.0,0.21,5.0,0.41,46.0,0.46,5.0,0.59,46.0,0.54,35.0,0.77,14.11,0.78,36.2,0.19,0.18,0.095933,1776181410000
1776181413.001,213.001,0.22,16.0,0.21,5.0,0.41,46.0,0.46,5.0,0.59,46.0,0.54,5.0,0.78,16.0,0.79,5.0,0.19,0.19,0.095926,1776181412000
1776181414.035,214.035,0.22,16.0,0.21,5.0,0.41,46.0,0.46,5.0,0.59,46.0,0.54,5.0,0.78,16.0,0.79,5.0,0.19,0.19,0.095922,1776181413000
1776181415.148,215.148,0.22,16.0,0.21,5.0,0.41,46.0,0.46,5.0,0.59,46.0,0.54,5.0,0.78,16.0,0.79,5.0,0.19,0.19,0.095922,1776181414000
1776181415.928,215.928,0.22,6.01,0.2,5.0,0.35,7.0,0.36,5.0,0.59,46.0,0.54,5.0,0.78,16.0,0.79,5.0,0.13,0.19,0.095922,1776181414000
1776181416.157,216.157,0.22,6.01,0.2,5.0,0.35,7.0,0.36,5.0,0.65,7.0,0.64,5.0,0.78,6.01,0.8,5.0,0.13,0.13,0.095927,1776181415000
1776181417.361,217.361,0.22,6.01,0.2,5.0,0.35,7.0,0.36,5.0,0.65,7.0,0.64,5.0,0.78,6.01,0.8,5.0,0.13,0.13,0.095934,1776181416000
1776181417.977,217.977,0.22,6.01,0.2,5.0,0.35,7.0,0.36,5.0,0.65,7.0,0.64,5.0,0.78,6.01,0.8,5.0,0.13,0.13,0.095932,1776181417000
1776181419.163,219.163,0.22,6.01,0.2,5.0,0.35,7.0,0.36,5.0,0.65,7.0,0.64,5.0,0.78,6.01,0.8,5.0,0.13,0.13,0.09593,1776181418000
1776181420.356,220.356,0.22,6.01,0.2,5.0,0.35,7.0,0.36,5.0,0.65,7.0,0.64,5.0,0.78,6.01,0.8,5.0,0.13,0.13,0.095928,1776181419000
1776181421.276,221.276,0.22,6.01,0.2,5.0,0.35,7.0,0.36,5.0,0.65,7.0,0.64,5.0,0.78,6.01,0.8,5.0,0.13,0.13,0.095927,1776181420000
1776181422.23,222.23,0.22,6.01,0.2,5.0,0.35,7.0,0.36,5.0,0.65,7.0,0.64,5.0,0.78,6.01,0.8,5.0,0.13,0.13,0.095928,1776181421000
1776181423.238,223.238,0.22,6.01,0.2,5.0,0.35,7.0,0.36,5.0,0.65,7.0,0.64,5.0,0.78,6.01,0.8,5.0,0.13,0.13,0.09593,1776181422000
1776181424.35,224.35,0.22,6.01,0.2,5.0,0.35,7.0,0.36,5.0,0.65,7.0,0.64,5.0,0.78,6.01,0.8,5.0,0.13,0.13,0.09593,1776181423000
1776181425.408,225.408,0.22,6.01,0.2,5.0,0.35,7.0,0.36,5.0,0.65,7.0,0.64,5.0,0.78,6.01,0.8,5.0,0.13,0.13,0.095946,1776181424000
1776181425.612,225.612,0.22,6.01,0.18,5.0,0.4,5.31,0.41,60.7,0.65,7.0,0.64,5.0,0.78,6.01,0.8,5.0,0.18,0.13,0.095946,1776181424000
1776181426.419,226.419,0.22,6.01,0.18,5.0,0.4,5.31,0.41,60.7,0.6,5.31,0.59,60.7,0.78,6.01,0.82,5.0,0.18,0.18,0.095936,1776181425000
1776181426.901,226.901,0.22,6.01,0.18,5.0,0.4,5.31,0.41,60.7,0.6,5.31,0.59,60.7,0.78,6.01,0.82,5.0,0.18,0.18,0.09593,1776181426000
1776181427.992,227.992,0.22,6.01,0.18,5.0,0.4,5.31,0.41,60.7,0.6,5.31,0.59,60.7,0.78,6.01,0.82,5.0,0.18,0.18,0.095933,1776181427000
1776181428.991,228.991,0.22,6.01,0.18,5.0,0.4,5.31,0.41,60.7,0.6,5.31,0.59,60.7,0.78,6.01,0.82,5.0,0.18,0.18,0.095934,1776181428000
1776181429.436,229.436,0.22,1.01,0.15,5.0,0.27,13.2,0.28,12.9,0.6,5.31,0.59,60.7,0.78,6.01,0.82,5.0,0.05,0.18,0.095934,1776181428000
1776181430.171,230.171,0.22,1.01,0.15,5.0,0.27,13.2,0.28,12.9,0.73,13.2,0.72,12.9,0.78,1.01,0.85,5.0,0.05,0.05,0.095928,1776181429000
1776181431.093,231.093,0.22,1.01,0.15,5.0,0.27,13.2,0.28,12.9,0.73,13.2,0.72,12.9,0.78,1.01,0.85,5.0,0.05,0.05,0.095922,1776181430000
1776181432.123,232.123,0.22,1.01,0.15,5.0,0.27,13.2,0.28,12.9,0.73,13.2,0.72,12.9,0.78,1.01,0.85,5.0,0.05,0.05,0.095919,1776181431000
1776181433.115,233.115,0.22,1.01,0.15,5.0,0.27,13.2,0.28,12.9,0.73,13.2,0.72,12.9,0.78,1.01,0.85,5.0,0.05,0.05,0.095917,1776181432000
1776181434.228,234.228,0.22,1.01,0.15,5.0,0.27,13.2,0.28,12.9,0.73,13.2,0.72,12.9,0.78,1.01,0.85,5.0,0.05,0.05,0.095917,1776181433000
1776181434.855,234.855,0.14,5.0,0.12,24.6,0.23,14.7,0.24,9.3,0.76,9.3,0.75,13.9,0.78,1.01,0.86,5.0,0.09,0.02,0.095917,1776181433000
1776181435.158,235.158,0.14,5.0,0.12,24.6,0.23,14.7,0.24,9.3,0.77,14.7,0.76,9.3,0.86,5.0,0.88,24.6,0.09,0.09,0.095917,1776181434000
1776181436.189,236.189,0.14,5.0,0.12,24.6,0.23,14.7,0.24,9.3,0.77,14.7,0.76,9.3,0.86,5.0,0.88,24.6,0.09,0.09,0.095919,1776181435000
1776181437.363,237.363,0.14,5.0,0.12,24.6,0.23,14.7,0.24,9.3,0.77,14.7,0.76,9.3,0.86,5.0,0.88,24.6,0.09,0.09,0.095915,1776181436000
1776181438.219,238.219,0.14,5.0,0.12,24.6,0.23,14.7,0.24,9.3,0.77,14.7,0.76,9.3,0.86,5.0,0.88,24.6,0.09,0.09,0.095904,1776181437000
1776181439.545,239.545,0.1,11.67,0.09,31.7,0.19,16.89,0.2,16.3,0.77,14.7,0.76,9.3,0.86,5.0,0.88,24.6,0.09,0.09,0.095904,1776181437000
1776181440.165,240.165,0.1,11.67,0.09,31.7,0.19,16.89,0.2,16.3,0.81,16.89,0.8,16.3,0.9,11.67,0.91,31.7,0.09,0.09,0.095906,1776181439000
1776181441.313,241.313,0.1,11.67,0.09,31.7,0.19,16.89,0.2,16.3,0.81,16.89,0.8,16.3,0.9,11.67,0.91,31.7,0.09,0.09,0.095908,1776181440000
1776181442.347,242.347,0.1,11.67,0.09,31.7,0.19,16.89,0.2,16.3,0.81,16.89,0.8,16.3,0.9,11.67,0.91,31.7,0.09,0.09,0.095905,1776181441000
1776181442.865,242.865,0.1,11.67,0.09,31.7,0.19,16.89,0.2,16.3,0.81,16.89,0.8,16.3,0.9,11.67,0.91,31.7,0.09,0.09,0.095905,1776181442000
1776181443.442,243.442,0.08,35.29,0.07,44.9,0.16,19.3,0.17,18.39,0.81,16.89,0.8,16.3,0.9,11.67,0.91,31.7,0.08,0.09,0.095905,1776181442000
1776181443.92,243.92,0.08,31.52,0.07,44.9,0.16,19.3,0.17,18.39,0.84,19.3,0.83,18.39,0.92,31.52,0.93,44.9,0.08,0.08,0.095901,1776181443000
1776181444.912,244.912,0.07,39.9,0.06,46.1,0.15,20.39,0.16,19.3,0.84,19.3,0.83,18.39,0.92,31.52,0.93,44.9,0.08,0.08,0.095901,1776181443000
1776181445.944,245.944,0.07,39.9,0.06,46.1,0.15,20.39,0.16,19.3,0.85,20.39,0.84,19.3,0.93,39.9,0.94,46.1,0.08,0.08,0.095907,1776181445000
1776181447.003,247.003,0.07,39.9,0.06,46.1,0.15,20.39,0.16,19.3,0.85,20.39,0.84,19.3,0.93,39.9,0.94,46.1,0.08,0.08,0.095907,1776181446000
1776181448.106,248.106,0.07,39.9,0.06,46.1,0.15,20.39,0.16,19.3,0.85,20.39,0.84,19.3,0.93,39.9,0.94,46.1,0.08,0.08,0.095907,1776181447000
1776181449.112,249.112,0.06,46.1,0.05,54.7,0.13,23.0,0.14,21.6,0.87,23.0,0.86,21.6,0.94,46.1,0.95,54.7,0.07,0.07,0.095907,1776181448000
1776181450.071,250.071,0.06,46.1,0.05,54.7,0.13,23.0,0.14,21.6,0.87,23.0,0.86,21.6,0.94,46.1,0.95,54.7,0.07,0.07,0.095907,1776181449000
1776181451.124,251.124,0.06,46.1,0.05,54.7,0.13,23.0,0.14,21.6,0.87,23.0,0.86,21.6,0.94,46.1,0.95,54.7,0.07,0.07,0.095903,1776181450000
1776181452.204,252.204,0.06,46.1,0.05,54.7,0.13,23.0,0.14,21.6,0.87,23.0,0.86,21.6,0.94,46.1,0.95,54.7,0.07,0.07,0.095899,1776181451000
1776181453.393,253.393,0.06,46.1,0.05,54.7,0.13,23.0,0.14,21.6,0.87,23.0,0.86,21.6,0.94,46.1,0.95,54.7,0.07,0.07,0.095899,1776181452000
1776181454.6,254.6,0.06,46.1,0.05,54.7,0.13,23.0,0.14,21.6,0.87,23.0,0.86,21.6,0.94,46.1,0.95,54.7,0.07,0.07,0.095896,1776181453000
1776181455.134,255.134,0.06,46.1,0.05,54.7,0.13,23.0,0.14,21.6,0.87,23.0,0.86,21.6,0.94,46.1,0.95,54.7,0.07,0.07,0.095895,1776181454000
1776181456.368,256.368,0.06,46.1,0.05,54.7,0.13,23.0,0.14,21.6,0.87,23.0,0.86,21.6,0.94,46.1,0.95,54.7,0.07,0.07,0.095886,1776181455000
1776181456.928,256.928,0.06,46.1,0.05,54.7,0.13,23.0,0.14,21.6,0.87,23.0,0.86,21.6,0.94,46.1,0.95,54.7,0.07,0.07,0.095881,1776181456000
1776181458.294,258.294,0.06,46.1,0.05,54.7,0.13,23.0,0.14,21.6,0.87,23.0,0.86,21.6,0.94,46.1,0.95,54.7,0.07,0.07,0.095883,1776181457000
1776181458.998,258.998,0.04,8.95,0.03,89.3,0.07,39.9,0.08,35.29,0.87,23.0,0.86,21.6,0.94,46.1,0.95,54.7,0.03,0.07,0.095883,1776181457000
1776181459.915,259.915,0.04,3.74,0.02,147.69,0.06,46.1,0.07,39.9,0.93,39.9,0.92,35.29,0.96,8.95,0.97,89.3,0.02,0.03,0.095883,1776181458000
1776181461.015,261.015,0.04,1.81,0.03,89.3,0.07,39.9,0.08,35.29,0.94,46.1,0.93,39.9,0.96,3.74,0.98,147.69,0.03,0.02,0.095883,1776181459000
1776181462.188,262.188,0.04,1.81,0.03,89.3,0.07,39.9,0.08,35.29,0.93,39.9,0.92,35.29,0.96,1.81,0.97,89.3,0.03,0.03,0.095884,1776181461000
1776181463.385,263.385,0.04,1.81,0.03,89.3,0.07,39.9,0.08,35.29,0.93,39.9,0.92,35.29,0.96,1.81,0.97,89.3,0.03,0.03,0.095885,1776181462000
1776181464.091,264.091,0.04,1.81,0.03,89.3,0.07,39.9,0.08,35.29,0.93,39.9,0.92,35.29,0.96,1.81,0.97,89.3,0.03,0.03,0.095893,1776181463000
1776181465.14,265.14,0.04,1.81,0.03,89.3,0.07,39.9,0.08,35.29,0.93,39.9,0.92,35.29,0.96,1.81,0.97,89.3,0.03,0.03,0.095894,1776181464000
1776181466.317,266.317,0.04,1.81,0.03,89.3,0.07,39.9,0.08,35.29,0.93,39.9,0.92,35.29,0.96,1.81,0.97,89.3,0.03,0.03,0.095894,1776181465000
1776181467.468,267.468,0.04,1.81,0.03,89.3,0.07,39.9,0.08,35.29,0.93,39.9,0.92,35.29,0.96,1.81,0.97,89.3,0.03,0.03,0.095902,1776181466000
1776181468.319,268.319,0.04,1.81,0.03,89.3,0.07,39.9,0.08,35.29,0.93,39.9,0.92,35.29,0.96,1.81,0.97,89.3,0.03,0.03,0.095896,1776181467000
1776181469.377,269.377,0.04,1.81,0.03,89.3,0.07,39.9,0.08,35.29,0.93,39.9,0.92,35.29,0.96,1.81,0.97,89.3,0.03,0.03,0.09589,1776181468000
1776181469.988,269.988,0.04,1.81,0.02,147.69,0.06,41.1,0.07,61.41,0.94,41.1,0.93,61.41,0.96,1.81,0.98,147.69,0.02,0.02,0.095889,1776181469000
1776181470.93,270.93,0.02,59.5,0.01,5487.6,0.05,54.7,0.06,41.1,0.94,41.1,0.93,61.41,0.96,1.81,0.98,147.69,0.03,0.02,0.095889,1776181469000
1776181471.299,271.299,0.05,39.01,0.02,59.5,0.06,41.1,0.07,61.41,0.94,41.1,0.93,61.41,0.95,40.07,0.98,59.5,0.01,0.01,0.095881,1776181470000
1776181471.988,271.988,0.05,18.98,0.02,59.5,0.06,41.1,0.07,61.41,0.94,41.1,0.93,61.41,0.95,18.98,0.98,59.5,0.01,0.01,0.095891,1776181471000
1776181473.068,273.068,0.05,18.98,0.02,59.5,0.06,41.1,0.07,61.41,0.94,41.1,0.93,61.41,0.95,18.98,0.98,59.5,0.01,0.01,0.095893,1776181472000
1776181473.317,273.317,0.02,59.5,0.01,487.6,0.06,41.1,0.07,61.41,0.94,41.1,0.93,61.41,0.95,18.98,0.98,59.5,0.04,0.01,0.095893,1776181472000
1776181474.251,274.251,0.02,53.5,0.01,487.6,0.06,41.1,0.07,61.41,0.94,41.1,0.93,61.41,0.98,53.5,0.99,487.6,0.04,0.04,0.095893,1776181473000
1776181475.27,275.27,0.02,52.47,0.01,487.6,0.06,41.1,0.07,61.41,0.94,41.1,0.93,61.41,0.98,52.47,0.99,487.6,0.04,0.04,0.095893,1776181474000
1776181476.234,276.234,0.01,217.94,,,0.07,46.51,0.14,15.0,0.94,41.1,0.93,61.41,0.98,52.47,0.99,487.6,0.06,0.04,0.095893,1776181474000
1776181477.404,277.404,0.01,217.94,,,0.07,46.51,0.14,15.0,0.93,46.51,0.86,15.0,0.99,217.94,,,0.06,0.06,0.095893,1776181476000
1776181478.374,278.374,0.01,217.94,,,0.07,46.51,0.14,15.0,0.93,46.51,0.86,15.0,0.99,217.94,,,0.06,0.06,0.095893,1776181477000
1776181478.942,278.942,0.01,217.94,,,0.07,46.51,0.14,15.0,0.93,46.51,0.86,15.0,0.99,217.94,,,0.06,0.06,0.095893,1776181478000
1776181480.115,280.115,0.01,217.94,,,0.07,46.51,0.14,15.0,0.93,46.51,0.86,15.0,0.99,217.94,,,0.06,0.06,0.095893,1776181479000
1776181480.98,280.98,0.06,8.93,0.01,155.0,0.07,21.51,0.14,5.0,0.93,46.51,0.86,15.0,0.99,217.94,,,0.01,0.06,0.095893,1776181479000
1776181481.209,281.209,0.06,3.93,0.01,155.0,0.07,21.51,0.14,5.0,0.93,21.51,0.86,5.0,0.94,8.93,0.99,155.0,0.01,0.01,0.095893,1776181480000
1776181482.126,282.126,0.06,2.93,0.01,155.0,0.07,21.51,0.14,5.0,0.93,21.51,0.86,5.0,0.94,3.93,0.99,155.0,0.01,0.01,0.095893,1776181480000
1776181482.355,282.355,0.06,2.93,0.01,155.0,0.07,21.51,0.14,5.0,0.93,21.51,0.86,5.0,0.94,2.93,0.99,155.0,0.01,0.01,0.095905,1776181481000
1776181482.858,282.858,0.06,2.93,0.01,155.0,0.07,21.51,0.14,5.0,0.93,21.51,0.86,5.0,0.94,2.93,0.99,155.0,0.01,0.01,0.095916,1776181482000
1776181483.937,283.937,0.06,2.93,0.01,155.0,0.07,21.51,0.14,5.0,0.93,21.51,0.86,5.0,0.94,2.93,0.99,155.0,0.01,0.01,0.095921,1776181483000
1776181484.371,284.371,0.01,155.0,,,0.07,21.51,0.14,5.0,0.93,21.51,0.86,5.0,0.94,2.93,0.99,155.0,0.06,0.01,0.095921,1776181483000
1776181484.867,284.867,0.01,155.0,,,0.07,21.51,0.14,5.0,0.93,21.51,0.86,5.0,0.99,155.0,,,0.06,0.06,0.095921,1776181484000
1776181485.47,285.47,0.01,150.0,,,0.07,21.51,0.14,5.0,0.93,21.51,0.86,5.0,0.99,155.0,,,0.06,0.06,0.095921,1776181484000
1776181485.739,285.739,0.01,145.0,,,0.07,21.51,0.14,5.0,0.93,21.51,0.86,5.0,0.99,150.0,,,0.06,0.06,0.095921,1776181484000
1776181486.077,286.077,0.01,139.94,,,0.07,21.51,0.14,5.0,0.93,21.51,0.86,5.0,0.99,145.0,,,0.06,0.06,0.095921,1776181485000
1776181486.982,286.982,0.01,139.94,,,0.07,21.51,0.14,5.0,0.93,21.51,0.86,5.0,0.99,139.94,,,0.06,0.06,0.095923,1776181486000
1776181487.451,287.451,0.01,132.01,,,0.07,21.51,0.14,5.0,0.93,21.51,0.86,5.0,0.99,139.94,,,0.06,0.06,0.095923,1776181486000
1776181487.863,287.863,0.06,6.9,0.02,50.0,0.07,21.51,0.14,5.0,0.93,21.51,0.86,5.0,0.99,132.01,,,0.01,0.06,0.095923,1776181486000
1776181488.937,288.937,0.06,6.9,0.02,50.0,0.07,21.51,0.14,5.0,0.93,21.51,0.86,5.0,0.94,6.9,0.98,50.0,0.01,0.01,0.095924,1776181488000
1776181489.953,289.953,0.06,6.9,0.02,50.0,0.07,21.51,0.14,5.0,0.93,21.51,0.86,5.0,0.94,6.9,0.98,50.0,0.01,0.01,0.095937,1776181489000
1776181490.911,290.911,0.01,132.01,,,0.07,17.78,0.14,5.0,0.93,21.51,0.86,5.0,0.94,6.9,0.98,50.0,0.06,0.01,0.095937,1776181489000
1776181491.774,291.774,0.01,126.95,,,0.07,17.78,0.14,5.0,0.93,17.78,0.86,5.0,0.99,132.01,,,0.06,0.06,0.095955,1776181490000
1776181492.893,292.893,0.01,126.95,,,0.07,17.78,0.14,5.0,0.93,17.78,0.86,5.0,0.99,126.95,,,0.06,0.06,0.09596,1776181492000
1776181493.286,293.286,0.01,121.9,,,0.07,17.78,0.14,5.0,0.93,17.78,0.86,5.0,0.99,126.95,,,0.06,0.06,0.09596,1776181492000
1776181493.832,293.832,0.01,121.9,,,0.07,17.78,0.14,5.0,0.93,17.78,0.86,5.0,0.99,121.9,,,0.06,0.06,0.095959,1776181493000
1776181495.555,295.555,0.01,101.69,,,0.07,17.78,0.14,5.0,0.93,17.78,0.86,5.0,0.99,101.69,,,0.06,0.06,0.095959,1776181494000
1776181496.273,296.273,0.01,63.76,,,0.07,17.78,0.11,50.0,0.93,17.78,0.86,5.0,0.99,101.69,,,0.06,0.06,0.095959,1776181494000
1776181496.731,296.731,0.01,52.83,,,0.07,17.78,0.11,50.0,0.93,17.78,0.89,50.0,0.99,52.83,,,0.06,0.06,0.095963,1776181495000
1776181497.267,297.267,0.01,32.83,,,0.07,17.78,0.11,50.0,0.93,17.78,0.89,50.0,0.99,32.83,,,0.06,0.06,0.095949,1776181496000
1776181497.763,297.763,,,,,0.01,91.17,0.07,17.78,0.93,17.78,0.89,50.0,,,,,,,0.095949,1776181496000
1776181498.202,298.202,,,,,0.01,90.12,0.07,17.78,0.99,90.12,0.93,17.78,,,,,,,0.095947,1776181497000
1776181499.467,299.467,,,,,0.01,90.12,0.07,17.78,0.99,90.12,0.93,17.78,,,,,,,0.095941,1776181498000
1776181500.795,300.795,,,,,0.01,90.12,0.07,17.78,0.99,90.12,0.93,17.78,,,,,,,0.09594,1776181499000

# RESULT,winner=Down,slug=doge-updown-5m-1776181200,ticks=328
