timestamp,elapsed_sec,up_bid_p1,up_bid_s1,up_bid_p2,up_bid_s2,up_ask_p1,up_ask_s1,up_ask_p2,up_ask_s2,down_bid_p1,down_bid_s1,down_bid_p2,down_bid_s2,down_ask_p1,down_ask_s1,down_ask_p2,down_ask_s2,up_spread,down_spread,doge_price,doge_oracle_ts
1776188401.478,1.478,,,,,,,,,,,,,,,,,,,0.094388,1776188400000
1776188402.077,2.077,0.5,7.88,0.49,6.0,0.52,6.0,0.65,14.0,0.48,6.0,0.35,14.0,0.5,7.88,0.51,6.0,0.02,0.02,0.094388,1776188400000
1776188403.436,3.436,0.5,7.88,0.49,6.0,0.52,6.0,0.65,14.0,0.48,6.0,0.35,14.0,0.5,7.88,0.51,6.0,0.02,0.02,0.094406,1776188402000
1776188403.697,3.697,0.5,7.88,0.49,6.0,0.61,50.0,0.67,15.0,0.48,6.0,0.35,14.0,0.5,7.88,0.51,6.0,0.11,0.02,0.094406,1776188402000
1776188404.281,4.281,0.5,7.88,0.49,6.0,0.61,50.0,0.67,15.0,0.39,50.0,0.33,15.0,0.5,7.88,0.51,6.0,0.11,0.11,0.094406,1776188403000
1776188405.59,5.59,0.5,7.88,0.49,6.0,0.61,50.0,0.67,15.0,0.39,50.0,0.33,15.0,0.5,7.88,0.51,6.0,0.11,0.11,0.09441,1776188404000
1776188406.356,6.356,0.5,7.88,0.49,6.0,0.61,50.0,0.67,15.0,0.39,50.0,0.33,15.0,0.5,7.88,0.51,6.0,0.11,0.11,0.094435,1776188405000
1776188408.065,8.065,0.5,7.88,0.49,6.0,0.61,50.0,0.67,15.0,0.39,50.0,0.33,15.0,0.5,7.88,0.51,6.0,0.11,0.11,0.094434,1776188407000
1776188409.062,9.062,0.5,7.88,0.49,6.0,0.61,50.0,0.67,15.0,0.39,50.0,0.33,15.0,0.5,7.88,0.51,6.0,0.11,0.11,0.094431,1776188408000
1776188409.83,9.83,0.56,5.0,0.55,5.0,0.64,7.78,0.7,16.0,0.39,50.0,0.33,15.0,0.5,7.88,0.51,6.0,0.08,0.11,0.094431,1776188408000
1776188410.086,10.086,0.56,5.0,0.55,5.0,0.64,7.78,0.7,16.0,0.36,7.78,0.3,16.0,0.44,5.0,0.45,5.0,0.08,0.08,0.094448,1776188409000
1776188411.082,11.082,0.56,5.0,0.55,5.0,0.64,7.78,0.7,16.0,0.36,7.78,0.3,16.0,0.44,5.0,0.45,5.0,0.08,0.08,0.094449,1776188410000
1776188412.149,12.149,0.56,5.0,0.55,5.0,0.64,7.78,0.7,16.0,0.36,7.78,0.3,16.0,0.44,5.0,0.45,5.0,0.08,0.08,0.094446,1776188411000
1776188413.167,13.167,0.55,61.91,0.5,7.88,0.56,6.36,0.64,20.0,0.36,7.78,0.3,16.0,0.44,5.0,0.45,5.0,0.01,0.08,0.094446,1776188411000
1776188413.965,13.965,0.55,56.91,0.5,7.88,0.56,16.36,0.61,50.0,0.44,6.36,0.36,20.0,0.45,61.91,0.5,7.88,0.01,0.01,0.094445,1776188412000
1776188415.18,15.18,0.55,56.91,0.5,7.88,0.56,16.36,0.61,50.0,0.44,16.36,0.39,50.0,0.45,56.91,0.5,7.88,0.01,0.01,0.094408,1776188414000
1776188415.736,15.736,0.55,51.91,0.5,7.88,0.56,11.36,0.58,10.0,0.44,16.36,0.39,50.0,0.45,56.91,0.5,7.88,0.01,0.01,0.094408,1776188414000
1776188416.199,16.199,0.55,43.91,0.5,7.88,0.56,11.36,0.58,10.0,0.44,11.36,0.42,10.0,0.45,43.91,0.5,7.88,0.01,0.01,0.094389,1776188415000
1776188417.247,17.247,0.55,43.91,0.5,7.88,0.56,11.36,0.58,10.0,0.44,11.36,0.42,10.0,0.45,43.91,0.5,7.88,0.01,0.01,0.094378,1776188416000
1776188418.161,18.161,0.55,43.91,0.5,7.88,0.56,11.36,0.58,10.0,0.44,11.36,0.42,10.0,0.45,43.91,0.5,7.88,0.01,0.01,0.09437,1776188417000
1776188418.396,18.396,0.55,26.79,0.5,7.88,0.56,11.36,0.58,10.0,0.44,11.36,0.42,10.0,0.45,43.91,0.5,7.88,0.01,0.01,0.09437,1776188417000
1776188419.231,19.231,0.55,26.79,0.5,7.88,0.56,11.36,0.58,10.0,0.44,11.36,0.42,10.0,0.45,26.79,0.5,7.88,0.01,0.01,0.094369,1776188418000
1776188420.279,20.279,0.55,26.79,0.5,7.88,0.56,11.36,0.58,10.0,0.44,11.36,0.42,10.0,0.45,26.79,0.5,7.88,0.01,0.01,0.09437,1776188419000
1776188421.259,21.259,0.55,24.56,0.5,7.88,0.56,11.36,0.58,10.0,0.44,11.36,0.42,10.0,0.45,24.56,0.5,7.88,0.01,0.01,0.094373,1776188420000
1776188422.241,22.241,0.55,24.56,0.5,7.88,0.56,11.36,0.58,10.0,0.44,11.36,0.42,10.0,0.45,24.56,0.5,7.88,0.01,0.01,0.094371,1776188421000
1776188423.263,23.263,0.5,5.02,0.49,11.0,0.51,5.0,0.56,6.36,0.44,11.36,0.42,10.0,0.45,24.56,0.5,7.88,0.01,0.01,0.094371,1776188421000
1776188424.292,24.292,0.5,5.02,0.49,11.0,0.51,5.0,0.56,6.36,0.49,5.0,0.44,6.36,0.5,5.02,0.51,11.0,0.01,0.01,0.094372,1776188423000
1776188425.315,25.315,0.5,5.02,0.49,11.0,0.51,5.0,0.56,6.36,0.49,5.0,0.44,6.36,0.5,5.02,0.51,11.0,0.01,0.01,0.094372,1776188424000
1776188426.328,26.328,0.5,5.02,0.49,11.0,0.51,5.0,0.56,6.36,0.49,5.0,0.44,6.36,0.5,5.02,0.51,11.0,0.01,0.01,0.094372,1776188425000
1776188427.416,27.416,0.5,5.02,0.49,11.0,0.51,5.0,0.56,6.36,0.49,5.0,0.44,6.36,0.5,5.02,0.51,11.0,0.01,0.01,0.094372,1776188426000
1776188427.934,27.934,0.5,5.02,0.49,11.0,0.51,5.0,0.56,6.36,0.49,5.0,0.44,6.36,0.5,5.02,0.51,11.0,0.01,0.01,0.094368,1776188427000
1776188428.846,28.846,0.5,4.42,0.49,6.0,0.56,11.36,0.59,12.0,0.49,5.0,0.44,6.36,0.5,5.02,0.51,11.0,0.06,0.01,0.094368,1776188427000
1776188430.056,30.056,0.5,4.42,0.49,6.0,0.56,11.36,0.59,12.0,0.44,11.36,0.41,12.0,0.5,4.42,0.51,6.0,0.06,0.06,0.09438,1776188429000
1776188431.056,31.056,0.5,4.42,0.49,6.0,0.56,11.36,0.59,12.0,0.44,11.36,0.41,12.0,0.5,4.42,0.51,6.0,0.06,0.06,0.094383,1776188430000
1776188432.235,32.235,0.5,4.42,0.49,6.0,0.56,11.36,0.59,12.0,0.44,11.36,0.41,12.0,0.5,4.42,0.51,6.0,0.06,0.06,0.094382,1776188431000
1776188433.291,33.291,0.5,4.42,0.49,6.0,0.56,11.36,0.59,12.0,0.44,11.36,0.41,12.0,0.5,4.42,0.51,6.0,0.06,0.06,0.094382,1776188432000
1776188433.715,33.715,0.49,5.33,0.48,6.0,0.51,10.0,0.54,10.0,0.44,11.36,0.41,12.0,0.5,4.42,0.51,6.0,0.02,0.06,0.094382,1776188432000
1776188434.699,34.699,0.49,5.33,0.48,6.0,0.51,10.0,0.54,10.0,0.49,10.0,0.46,10.0,0.51,5.33,0.52,6.0,0.02,0.02,0.094358,1776188433000
1776188435.247,35.247,0.49,5.33,0.48,6.0,0.51,10.0,0.54,10.0,0.49,10.0,0.46,10.0,0.51,5.33,0.52,6.0,0.02,0.02,0.094351,1776188434000
1776188435.486,35.486,0.49,0.14,0.48,6.0,0.5,5.0,0.51,5.0,0.49,10.0,0.46,10.0,0.51,5.33,0.52,6.0,0.01,0.02,0.094351,1776188434000
1776188435.846,35.846,0.49,0.14,0.48,6.0,0.51,4.22,0.54,10.0,0.5,5.0,0.49,5.0,0.51,0.14,0.52,6.0,0.02,0.01,0.094351,1776188434000
1776188436.24,36.24,0.49,0.14,0.48,6.0,0.51,4.22,0.54,10.0,0.49,4.22,0.46,10.0,0.51,0.14,0.52,6.0,0.02,0.02,0.094351,1776188435000
1776188437.308,37.308,0.49,0.14,0.48,6.0,0.51,4.22,0.54,10.0,0.49,4.22,0.46,10.0,0.51,0.14,0.52,6.0,0.02,0.02,0.094351,1776188436000
1776188438.25,38.25,0.49,0.14,0.48,6.0,0.51,4.22,0.54,10.0,0.49,4.22,0.46,10.0,0.51,0.14,0.52,6.0,0.02,0.02,0.094351,1776188437000
1776188439.406,39.406,0.49,0.14,0.48,6.0,0.51,4.22,0.54,10.0,0.49,4.22,0.46,10.0,0.51,0.14,0.52,6.0,0.02,0.02,0.09435,1776188438000
1776188440.415,40.415,0.49,0.14,0.48,6.0,0.51,4.22,0.54,10.0,0.49,4.22,0.46,10.0,0.51,0.14,0.52,6.0,0.02,0.02,0.09435,1776188439000
1776188440.982,40.982,0.49,0.14,0.48,6.0,0.51,4.22,0.54,10.0,0.49,4.22,0.46,10.0,0.51,0.14,0.52,6.0,0.02,0.02,0.09435,1776188440000
1776188441.49,41.49,0.49,0.14,0.48,6.0,0.52,10.0,0.53,10.0,0.49,4.22,0.46,10.0,0.51,0.14,0.52,6.0,0.03,0.02,0.09435,1776188440000
1776188442.013,42.013,0.49,0.14,0.48,6.0,0.52,10.0,0.53,10.0,0.48,10.0,0.47,10.0,0.51,0.14,0.52,6.0,0.03,0.03,0.09435,1776188441000
1776188443.02,43.02,0.49,0.14,0.48,6.0,0.52,10.0,0.53,10.0,0.48,10.0,0.47,10.0,0.51,0.14,0.52,6.0,0.03,0.03,0.094349,1776188442000
1776188444.128,44.128,0.49,0.14,0.48,6.0,0.52,10.0,0.53,10.0,0.48,10.0,0.47,10.0,0.51,0.14,0.52,6.0,0.03,0.03,0.094373,1776188443000
1776188445.221,45.221,0.49,0.14,0.48,6.0,0.52,10.0,0.53,10.0,0.48,10.0,0.47,10.0,0.51,0.14,0.52,6.0,0.03,0.03,0.094414,1776188444000
1776188445.801,45.801,0.49,0.14,0.48,6.0,0.59,5.9,0.6,20.0,0.48,10.0,0.47,10.0,0.51,0.14,0.52,6.0,0.1,0.03,0.094414,1776188444000
1776188446.285,46.285,0.49,0.14,0.48,6.0,0.59,5.9,0.6,20.0,0.41,5.9,0.4,20.0,0.51,0.14,0.52,6.0,0.1,0.1,0.094383,1776188445000
1776188447.283,47.283,0.49,0.14,0.48,6.0,0.59,5.9,0.6,20.0,0.41,5.9,0.4,20.0,0.51,0.14,0.52,6.0,0.1,0.1,0.094374,1776188446000
1776188448.241,48.241,0.49,0.14,0.48,6.0,0.59,5.9,0.6,20.0,0.41,5.9,0.4,20.0,0.51,0.14,0.52,6.0,0.1,0.1,0.094371,1776188447000
1776188449.355,49.355,0.49,0.14,0.48,6.0,0.59,5.9,0.6,20.0,0.41,5.9,0.4,20.0,0.51,0.14,0.52,6.0,0.1,0.1,0.094379,1776188448000
1776188449.921,49.921,0.49,0.14,0.48,6.0,0.59,5.9,0.6,20.0,0.41,5.9,0.4,20.0,0.51,0.14,0.52,6.0,0.1,0.1,0.094379,1776188449000
1776188450.923,50.923,0.49,0.14,0.48,6.0,0.59,5.9,0.6,20.0,0.41,5.9,0.4,20.0,0.51,0.14,0.52,6.0,0.1,0.1,0.094381,1776188450000
1776188451.994,51.994,0.49,0.14,0.48,6.0,0.59,5.9,0.6,20.0,0.41,5.9,0.4,20.0,0.51,0.14,0.52,6.0,0.1,0.1,0.094379,1776188451000
1776188453.113,53.113,0.49,0.14,0.48,6.0,0.59,5.9,0.6,20.0,0.41,5.9,0.4,20.0,0.51,0.14,0.52,6.0,0.1,0.1,0.094381,1776188452000
1776188454.199,54.199,0.49,0.14,0.48,6.0,0.59,5.9,0.6,20.0,0.41,5.9,0.4,20.0,0.51,0.14,0.52,6.0,0.1,0.1,0.094384,1776188453000
1776188455.191,55.191,0.49,0.14,0.48,6.0,0.59,5.9,0.6,20.0,0.41,5.9,0.4,20.0,0.51,0.14,0.52,6.0,0.1,0.1,0.094385,1776188454000
1776188456.234,56.234,0.49,0.14,0.48,6.0,0.59,5.9,0.6,20.0,0.41,5.9,0.4,20.0,0.51,0.14,0.52,6.0,0.1,0.1,0.094385,1776188455000
1776188457.358,57.358,0.49,0.14,0.48,6.0,0.59,5.9,0.6,20.0,0.41,5.9,0.4,20.0,0.51,0.14,0.52,6.0,0.1,0.1,0.09439,1776188456000
1776188457.946,57.946,0.49,0.14,0.48,6.0,0.59,5.9,0.6,20.0,0.41,5.9,0.4,20.0,0.51,0.14,0.52,6.0,0.1,0.1,0.09439,1776188457000
1776188458.97,58.97,0.49,0.14,0.48,6.0,0.59,5.9,0.6,20.0,0.41,5.9,0.4,20.0,0.51,0.14,0.52,6.0,0.1,0.1,0.09439,1776188458000
1776188459.997,59.997,0.49,0.14,0.48,6.0,0.59,5.9,0.6,20.0,0.41,5.9,0.4,20.0,0.51,0.14,0.52,6.0,0.1,0.1,0.09439,1776188459000
1776188461.042,61.042,0.49,0.14,0.48,6.0,0.59,5.9,0.6,20.0,0.41,5.9,0.4,20.0,0.51,0.14,0.52,6.0,0.1,0.1,0.094397,1776188460000
1776188461.992,61.992,0.49,0.14,0.48,6.0,0.59,5.9,0.6,20.0,0.41,5.9,0.4,20.0,0.51,0.14,0.52,6.0,0.1,0.1,0.094402,1776188461000
1776188463.359,63.359,0.49,0.14,0.48,6.0,0.59,5.9,0.6,20.0,0.41,5.9,0.4,20.0,0.51,0.14,0.52,6.0,0.1,0.1,0.09442,1776188462000
1776188464.101,64.101,0.49,0.14,0.48,6.0,0.59,5.9,0.6,20.0,0.41,5.9,0.4,20.0,0.51,0.14,0.52,6.0,0.1,0.1,0.094433,1776188463000
1776188465.329,65.329,0.49,0.14,0.48,6.0,0.59,5.9,0.6,20.0,0.41,5.9,0.4,20.0,0.51,0.14,0.52,6.0,0.1,0.1,0.094437,1776188464000
1776188465.971,65.971,0.49,0.14,0.48,6.0,0.59,5.9,0.6,20.0,0.41,5.9,0.4,20.0,0.51,0.14,0.52,6.0,0.1,0.1,0.094437,1776188465000
1776188467.16,67.16,0.49,0.14,0.48,6.0,0.59,5.9,0.6,20.0,0.41,5.9,0.4,20.0,0.51,0.14,0.52,6.0,0.1,0.1,0.094435,1776188466000
1776188468.447,68.447,0.49,0.14,0.48,6.0,0.59,5.9,0.6,20.0,0.41,5.9,0.4,20.0,0.51,0.14,0.52,6.0,0.1,0.1,0.094435,1776188467000
1776188468.984,68.984,0.49,0.14,0.48,6.0,0.59,5.9,0.6,20.0,0.41,5.9,0.4,20.0,0.51,0.14,0.52,6.0,0.1,0.1,0.094426,1776188468000
1776188470.148,70.148,0.49,0.14,0.48,6.0,0.59,5.9,0.6,20.0,0.41,5.9,0.4,20.0,0.51,0.14,0.52,6.0,0.1,0.1,0.094423,1776188469000
1776188471.257,71.257,0.49,0.14,0.48,6.0,0.59,5.9,0.6,20.0,0.41,5.9,0.4,20.0,0.51,0.14,0.52,6.0,0.1,0.1,0.094423,1776188470000
1776188472.362,72.362,0.49,0.14,0.48,6.0,0.59,5.9,0.6,20.0,0.41,5.9,0.4,20.0,0.51,0.14,0.52,6.0,0.1,0.1,0.094416,1776188471000
1776188473.439,73.439,0.49,0.14,0.48,6.0,0.59,5.9,0.6,20.0,0.41,5.9,0.4,20.0,0.51,0.14,0.52,6.0,0.1,0.1,0.094397,1776188472000
1776188474.018,74.018,0.49,0.14,0.48,6.0,0.59,5.9,0.6,20.0,0.41,5.9,0.4,20.0,0.51,0.14,0.52,6.0,0.1,0.1,0.094397,1776188473000
1776188475.204,75.204,0.49,0.14,0.48,6.0,0.59,5.9,0.6,20.0,0.41,5.9,0.4,20.0,0.51,0.14,0.52,6.0,0.1,0.1,0.094398,1776188474000
1776188476.569,76.569,0.49,0.14,0.48,6.0,0.59,5.9,0.6,20.0,0.41,5.9,0.4,20.0,0.51,0.14,0.52,6.0,0.1,0.1,0.094434,1776188475000
1776188477.842,77.842,0.49,0.14,0.48,6.0,0.59,5.9,0.6,20.0,0.41,5.9,0.4,20.0,0.51,0.14,0.52,6.0,0.1,0.1,0.094458,1776188476000
1776188478.448,78.448,0.49,0.14,0.48,6.0,0.59,5.9,0.6,20.0,0.41,5.9,0.4,20.0,0.51,0.14,0.52,6.0,0.1,0.1,0.094461,1776188477000
1776188478.991,78.991,0.49,0.14,0.48,6.0,0.59,5.9,0.6,20.0,0.41,5.9,0.4,20.0,0.51,0.14,0.52,6.0,0.1,0.1,0.094462,1776188478000
1776188480.111,80.111,0.49,0.14,0.48,6.0,0.59,5.9,0.6,20.0,0.41,5.9,0.4,20.0,0.51,0.14,0.52,6.0,0.1,0.1,0.094463,1776188479000
1776188481.428,81.428,0.49,0.14,0.48,6.0,0.59,5.9,0.6,20.0,0.41,5.9,0.4,20.0,0.51,0.14,0.52,6.0,0.1,0.1,0.094462,1776188480000
1776188482.083,82.083,0.49,0.14,0.48,6.0,0.59,5.9,0.6,20.0,0.41,5.9,0.4,20.0,0.51,0.14,0.52,6.0,0.1,0.1,0.094468,1776188481000
1776188483.217,83.217,0.49,0.14,0.48,6.0,0.59,5.9,0.6,20.0,0.41,5.9,0.4,20.0,0.51,0.14,0.52,6.0,0.1,0.1,0.09449,1776188482000
1776188484.336,84.336,0.49,0.14,0.48,6.0,0.59,5.9,0.6,20.0,0.41,5.9,0.4,20.0,0.51,0.14,0.52,6.0,0.1,0.1,0.09449,1776188483000
1776188484.932,84.932,0.49,0.14,0.48,6.0,0.59,5.9,0.6,20.0,0.41,5.9,0.4,20.0,0.51,0.14,0.52,6.0,0.1,0.1,0.09449,1776188484000
1776188486.069,86.069,0.49,0.14,0.48,6.0,0.59,5.9,0.6,20.0,0.41,5.9,0.4,20.0,0.51,0.14,0.52,6.0,0.1,0.1,0.094489,1776188485000
1776188487.212,87.212,0.49,0.14,0.48,6.0,0.59,5.9,0.6,20.0,0.41,5.9,0.4,20.0,0.51,0.14,0.52,6.0,0.1,0.1,0.094487,1776188486000
1776188488.376,88.376,0.49,0.14,0.48,6.0,0.59,5.9,0.6,20.0,0.41,5.9,0.4,20.0,0.51,0.14,0.52,6.0,0.1,0.1,0.094487,1776188487000
1776188489.417,89.417,0.49,0.14,0.48,6.0,0.59,5.9,0.6,20.0,0.41,5.9,0.4,20.0,0.51,0.14,0.52,6.0,0.1,0.1,0.094483,1776188488000
1776188489.998,89.998,0.49,0.14,0.48,6.0,0.59,5.9,0.6,20.0,0.41,5.9,0.4,20.0,0.51,0.14,0.52,6.0,0.1,0.1,0.094483,1776188489000
1776188491.134,91.134,0.49,0.14,0.48,6.0,0.59,5.9,0.6,20.0,0.41,5.9,0.4,20.0,0.51,0.14,0.52,6.0,0.1,0.1,0.094483,1776188490000
1776188492.61,92.61,0.67,11.8,0.66,11.6,0.78,17.1,0.8,16.2,0.22,17.1,0.2,16.2,0.33,11.8,0.34,11.6,0.11,0.11,0.094486,1776188491000
1776188493.167,93.167,0.67,11.8,0.66,11.6,0.78,17.1,0.8,16.2,0.22,17.1,0.2,16.2,0.33,11.8,0.34,11.6,0.11,0.11,0.094484,1776188492000
1776188494.17,94.17,0.67,11.8,0.66,11.6,0.78,17.1,0.8,16.2,0.22,17.1,0.2,16.2,0.33,11.8,0.34,11.6,0.11,0.11,0.094479,1776188493000
1776188495.141,95.141,0.64,8.52,0.63,11.2,0.79,15.7,0.8,57.09,0.22,17.1,0.2,16.2,0.33,11.8,0.34,11.6,0.15,0.11,0.094479,1776188493000
1776188496.378,96.378,0.64,8.52,0.63,11.2,0.79,15.7,0.8,57.09,0.21,15.7,0.2,57.09,0.36,8.52,0.37,11.2,0.15,0.15,0.094475,1776188495000
1776188497.373,97.373,0.64,8.52,0.63,11.2,0.79,15.7,0.8,57.09,0.21,15.7,0.2,57.09,0.36,8.52,0.37,11.2,0.15,0.15,0.094482,1776188496000
1776188497.996,97.996,0.64,8.52,0.63,11.2,0.79,15.7,0.8,57.09,0.21,15.7,0.2,57.09,0.36,8.52,0.37,11.2,0.15,0.15,0.09448,1776188497000
1776188499.018,99.018,0.64,8.52,0.63,11.2,0.79,15.7,0.8,57.09,0.21,15.7,0.2,57.09,0.36,8.52,0.37,11.2,0.15,0.15,0.094468,1776188498000
1776188500.088,100.088,0.64,8.52,0.63,11.2,0.79,15.7,0.8,57.09,0.21,15.7,0.2,57.09,0.36,8.52,0.37,11.2,0.15,0.15,0.094451,1776188499000
1776188501.052,101.052,0.64,8.52,0.63,11.2,0.79,15.7,0.8,57.09,0.21,15.7,0.2,57.09,0.36,8.52,0.37,11.2,0.15,0.15,0.094449,1776188500000
1776188502.05,102.05,0.64,8.52,0.63,11.2,0.79,15.7,0.8,57.09,0.21,15.7,0.2,57.09,0.36,8.52,0.37,11.2,0.15,0.15,0.094451,1776188501000
1776188502.778,102.778,0.56,9.39,0.55,19.5,0.71,50.0,0.73,13.2,0.21,15.7,0.2,57.09,0.36,8.52,0.37,11.2,0.15,0.15,0.094451,1776188501000
1776188503.084,103.084,0.56,9.39,0.55,19.5,0.71,50.0,0.73,13.2,0.29,50.0,0.27,13.2,0.44,9.39,0.45,19.5,0.15,0.15,0.094448,1776188502000
1776188503.298,103.298,0.56,6.7,0.55,10.5,0.7,16.0,0.71,50.0,0.29,50.0,0.27,13.2,0.44,9.39,0.45,19.5,0.14,0.15,0.094448,1776188502000
1776188504.129,104.129,0.56,6.7,0.55,10.5,0.7,16.0,0.71,50.0,0.3,16.0,0.29,50.0,0.44,6.7,0.45,10.5,0.14,0.14,0.094449,1776188503000
1776188504.896,104.896,0.57,10.6,0.56,6.7,0.7,11.0,0.71,62.6,0.3,16.0,0.29,50.0,0.44,6.7,0.45,10.5,0.13,0.14,0.094449,1776188503000
1776188505.317,105.317,0.57,10.6,0.56,6.7,0.7,11.0,0.71,62.6,0.3,11.0,0.29,62.6,0.43,10.6,0.44,6.7,0.13,0.13,0.09444,1776188504000
1776188506.282,106.282,0.57,10.6,0.56,6.7,0.7,11.0,0.71,62.6,0.3,11.0,0.29,62.6,0.43,10.6,0.44,6.7,0.13,0.13,0.094439,1776188505000
1776188507.259,107.259,0.57,10.6,0.56,6.7,0.7,11.0,0.71,62.6,0.3,11.0,0.29,62.6,0.43,10.6,0.44,6.7,0.13,0.13,0.094439,1776188506000
1776188508.351,108.351,0.57,10.6,0.56,6.7,0.7,11.0,0.71,62.6,0.3,11.0,0.29,62.6,0.43,10.6,0.44,6.7,0.13,0.13,0.094448,1776188507000
1776188509.425,109.425,0.57,10.6,0.56,6.7,0.7,11.0,0.71,62.6,0.3,11.0,0.29,62.6,0.43,10.6,0.44,6.7,0.13,0.13,0.094446,1776188508000
1776188509.948,109.948,0.59,10.7,0.58,10.7,0.73,25.4,0.74,23.5,0.27,25.4,0.26,23.5,0.41,10.7,0.42,10.7,0.14,0.14,0.094446,1776188509000
1776188511.221,111.221,0.59,10.7,0.58,10.7,0.73,25.4,0.74,23.5,0.27,25.4,0.26,23.5,0.41,10.7,0.42,10.7,0.14,0.14,0.094442,1776188510000
1776188512.273,112.273,0.59,10.7,0.58,10.7,0.73,25.4,0.74,23.5,0.27,25.4,0.26,23.5,0.41,10.7,0.42,10.7,0.14,0.14,0.094442,1776188511000
1776188513.317,113.317,0.59,10.7,0.58,10.7,0.73,25.4,0.74,23.5,0.27,25.4,0.26,23.5,0.41,10.7,0.42,10.7,0.14,0.14,0.094446,1776188512000
1776188514.397,114.397,0.59,10.7,0.58,10.7,0.73,25.4,0.74,23.5,0.27,25.4,0.26,23.5,0.41,10.7,0.42,10.7,0.14,0.14,0.094448,1776188513000
1776188514.958,114.958,0.59,10.7,0.58,10.7,0.73,25.4,0.74,23.5,0.27,25.4,0.26,23.5,0.41,10.7,0.42,10.7,0.14,0.14,0.094449,1776188514000
1776188515.997,115.997,0.59,10.7,0.58,10.7,0.73,25.4,0.74,23.5,0.27,25.4,0.26,23.5,0.41,10.7,0.42,10.7,0.14,0.14,0.09447,1776188515000
1776188517.039,117.039,0.59,10.7,0.58,10.7,0.73,25.4,0.74,23.5,0.27,25.4,0.26,23.5,0.41,10.7,0.42,10.7,0.14,0.14,0.094488,1776188516000
1776188518.095,118.095,0.59,10.7,0.58,10.7,0.73,25.4,0.74,23.5,0.27,25.4,0.26,23.5,0.41,10.7,0.42,10.7,0.14,0.14,0.094489,1776188517000
1776188519.107,119.107,0.59,10.7,0.58,10.7,0.73,25.4,0.74,23.5,0.27,25.4,0.26,23.5,0.41,10.7,0.42,10.7,0.14,0.14,0.094479,1776188518000
1776188520.094,120.094,0.59,10.7,0.58,10.7,0.73,25.4,0.74,23.5,0.27,25.4,0.26,23.5,0.41,10.7,0.42,10.7,0.14,0.14,0.094478,1776188519000
1776188521.125,121.125,0.59,10.7,0.58,10.7,0.73,25.4,0.74,23.5,0.27,25.4,0.26,23.5,0.41,10.7,0.42,10.7,0.14,0.14,0.09447,1776188520000
1776188522.362,122.362,0.59,10.7,0.58,10.7,0.73,25.4,0.74,23.5,0.27,25.4,0.26,23.5,0.41,10.7,0.42,10.7,0.14,0.14,0.094463,1776188521000
1776188522.935,122.935,0.59,10.7,0.58,10.7,0.73,25.4,0.74,23.5,0.27,25.4,0.26,23.5,0.41,10.7,0.42,10.7,0.14,0.14,0.094461,1776188522000
1776188524.102,124.102,0.59,10.7,0.58,10.7,0.73,25.4,0.74,23.5,0.27,25.4,0.26,23.5,0.41,10.7,0.42,10.7,0.14,0.14,0.094457,1776188523000
1776188525.186,125.186,0.59,10.7,0.58,10.7,0.73,25.4,0.74,23.5,0.27,25.4,0.26,23.5,0.41,10.7,0.42,10.7,0.14,0.14,0.094457,1776188524000
1776188526.375,126.375,0.59,10.7,0.58,10.7,0.73,25.4,0.74,23.5,0.27,25.4,0.26,23.5,0.41,10.7,0.42,10.7,0.14,0.14,0.09446,1776188525000
1776188527.421,127.421,0.59,10.7,0.58,10.7,0.73,25.4,0.74,23.5,0.27,25.4,0.26,23.5,0.41,10.7,0.42,10.7,0.14,0.14,0.09446,1776188526000
1776188528.106,128.106,0.59,10.7,0.58,10.7,0.73,25.4,0.74,23.5,0.27,25.4,0.26,23.5,0.41,10.7,0.42,10.7,0.14,0.14,0.094461,1776188527000
1776188529.275,129.275,0.59,10.7,0.58,10.7,0.73,25.4,0.74,23.5,0.27,25.4,0.26,23.5,0.41,10.7,0.42,10.7,0.14,0.14,0.094461,1776188528000
1776188530.388,130.388,0.59,10.7,0.58,10.7,0.73,25.4,0.74,23.5,0.27,25.4,0.26,23.5,0.41,10.7,0.42,10.7,0.14,0.14,0.09446,1776188529000
1776188530.974,130.974,0.59,10.7,0.58,10.7,0.73,25.4,0.74,23.5,0.27,25.4,0.26,23.5,0.41,10.7,0.42,10.7,0.14,0.14,0.094458,1776188530000
1776188532.108,132.108,0.59,10.7,0.58,10.7,0.73,25.4,0.74,23.5,0.27,25.4,0.26,23.5,0.41,10.7,0.42,10.7,0.14,0.14,0.09446,1776188531000
1776188533.214,133.214,0.59,10.7,0.58,10.7,0.73,25.4,0.74,23.5,0.27,25.4,0.26,23.5,0.41,10.7,0.42,10.7,0.14,0.14,0.094459,1776188532000
1776188534.919,134.919,0.59,10.7,0.58,10.7,0.73,25.4,0.74,23.5,0.27,25.4,0.26,23.5,0.41,10.7,0.42,10.7,0.14,0.14,0.094456,1776188533000
1776188535.523,135.523,0.59,10.7,0.58,10.7,0.73,25.4,0.74,23.5,0.27,25.4,0.26,23.5,0.41,10.7,0.42,10.7,0.14,0.14,0.094455,1776188534000
1776188536.019,136.019,0.59,10.7,0.58,10.7,0.73,25.4,0.74,23.5,0.27,25.4,0.26,23.5,0.41,10.7,0.42,10.7,0.14,0.14,0.094455,1776188535000
1776188537.391,137.391,0.59,10.7,0.58,10.7,0.73,25.4,0.74,23.5,0.27,25.4,0.26,23.5,0.41,10.7,0.42,10.7,0.14,0.14,0.094457,1776188536000
1776188538.044,138.044,0.59,10.7,0.58,10.7,0.73,25.4,0.74,23.5,0.27,25.4,0.26,23.5,0.41,10.7,0.42,10.7,0.14,0.14,0.094458,1776188537000
1776188539.211,139.211,0.59,10.7,0.58,10.7,0.73,25.4,0.74,23.5,0.27,25.4,0.26,23.5,0.41,10.7,0.42,10.7,0.14,0.14,0.094457,1776188538000
1776188539.754,139.754,0.67,9.0,0.63,11.2,0.77,13.4,0.78,37.2,0.27,25.4,0.26,23.5,0.41,10.7,0.42,10.7,0.1,0.14,0.094457,1776188538000
1776188540.249,140.249,0.67,9.0,0.63,11.2,0.77,13.4,0.78,37.2,0.23,13.4,0.22,37.2,0.33,9.0,0.37,11.2,0.1,0.1,0.094456,1776188539000
1776188541.294,141.294,0.67,9.0,0.63,11.2,0.77,13.4,0.78,37.2,0.23,13.4,0.22,37.2,0.33,9.0,0.37,11.2,0.1,0.1,0.094456,1776188540000
1776188541.932,141.932,0.67,9.0,0.63,11.2,0.77,13.4,0.78,37.2,0.23,13.4,0.22,37.2,0.33,9.0,0.37,11.2,0.1,0.1,0.094456,1776188541000
1776188543.049,143.049,0.67,9.0,0.63,11.2,0.77,13.4,0.78,37.2,0.23,13.4,0.22,37.2,0.33,9.0,0.37,11.2,0.1,0.1,0.094455,1776188542000
1776188544.103,144.103,0.67,9.0,0.63,11.2,0.77,13.4,0.78,37.2,0.23,13.4,0.22,37.2,0.33,9.0,0.37,11.2,0.1,0.1,0.094449,1776188543000
1776188545.236,145.236,0.67,9.0,0.63,11.2,0.77,13.4,0.78,37.2,0.23,13.4,0.22,37.2,0.33,9.0,0.37,11.2,0.1,0.1,0.094449,1776188544000
1776188546.268,146.268,0.67,9.0,0.63,11.2,0.77,13.4,0.78,37.2,0.23,13.4,0.22,37.2,0.33,9.0,0.37,11.2,0.1,0.1,0.094449,1776188545000
1776188547.284,147.284,0.67,9.0,0.63,11.2,0.77,13.4,0.78,37.2,0.23,13.4,0.22,37.2,0.33,9.0,0.37,11.2,0.1,0.1,0.094446,1776188546000
1776188547.873,147.873,0.67,9.0,0.63,11.2,0.77,13.4,0.78,37.2,0.23,13.4,0.22,37.2,0.33,9.0,0.37,11.2,0.1,0.1,0.094446,1776188547000
1776188549.262,149.262,0.67,9.0,0.58,10.7,0.76,1.06,0.77,13.4,0.23,13.4,0.22,37.2,0.33,9.0,0.37,11.2,0.09,0.1,0.094446,1776188547000
1776188549.519,149.519,0.67,9.0,0.58,10.7,0.76,1.06,0.77,13.4,0.24,1.06,0.23,13.4,0.33,9.0,0.42,10.7,0.09,0.09,0.094443,1776188548000
1776188550.329,150.329,0.67,9.0,0.58,10.7,0.76,1.06,0.77,13.4,0.24,1.06,0.23,13.4,0.33,9.0,0.42,10.7,0.09,0.09,0.094437,1776188549000
1776188551.536,151.536,0.67,9.0,0.58,10.7,0.76,1.06,0.77,13.4,0.24,1.06,0.23,13.4,0.33,9.0,0.42,10.7,0.09,0.09,0.09444,1776188550000
1776188552.261,152.261,0.67,9.0,0.58,10.7,0.76,1.06,0.77,13.4,0.24,1.06,0.23,13.4,0.33,9.0,0.42,10.7,0.09,0.09,0.094441,1776188551000
1776188553.433,153.433,0.67,9.0,0.58,10.7,0.76,1.06,0.77,13.4,0.24,1.06,0.23,13.4,0.33,9.0,0.42,10.7,0.09,0.09,0.094439,1776188552000
1776188554.074,154.074,0.67,9.0,0.58,10.7,0.76,1.06,0.77,13.4,0.24,1.06,0.23,13.4,0.33,9.0,0.42,10.7,0.09,0.09,0.094439,1776188553000
1776188555.5,155.5,0.67,9.0,0.58,10.7,0.76,1.06,0.77,13.4,0.24,1.06,0.23,13.4,0.33,9.0,0.42,10.7,0.09,0.09,0.09444,1776188554000
1776188555.994,155.994,0.67,9.0,0.58,10.7,0.76,1.06,0.77,13.4,0.24,1.06,0.23,13.4,0.33,9.0,0.42,10.7,0.09,0.09,0.09444,1776188555000
1776188557.202,157.202,0.67,9.0,0.58,10.7,0.76,1.06,0.77,13.4,0.24,1.06,0.23,13.4,0.33,9.0,0.42,10.7,0.09,0.09,0.094439,1776188556000
1776188558.607,158.607,0.67,9.0,0.58,10.7,0.76,1.06,0.77,13.4,0.24,1.06,0.23,13.4,0.33,9.0,0.42,10.7,0.09,0.09,0.09445,1776188557000
1776188559.247,159.247,0.67,9.0,0.58,10.7,0.76,1.06,0.77,13.4,0.24,1.06,0.23,13.4,0.33,9.0,0.42,10.7,0.09,0.09,0.094458,1776188558000
1776188560.586,160.586,0.67,9.0,0.58,10.7,0.76,1.06,0.77,13.4,0.24,1.06,0.23,13.4,0.33,9.0,0.42,10.7,0.09,0.09,0.094462,1776188559000
1776188561.221,161.221,0.67,9.0,0.58,10.7,0.76,1.06,0.77,13.4,0.24,1.06,0.23,13.4,0.33,9.0,0.42,10.7,0.09,0.09,0.094462,1776188560000
1776188562.465,162.465,0.67,9.0,0.58,10.7,0.76,1.06,0.77,13.4,0.24,1.06,0.23,13.4,0.33,9.0,0.42,10.7,0.09,0.09,0.094462,1776188561000
1776188563.136,163.136,0.67,9.0,0.58,10.7,0.76,1.06,0.77,13.4,0.24,1.06,0.23,13.4,0.33,9.0,0.42,10.7,0.09,0.09,0.094461,1776188562000
1776188564.449,164.449,0.67,9.0,0.58,10.7,0.76,1.06,0.77,13.4,0.24,1.06,0.23,13.4,0.33,9.0,0.42,10.7,0.09,0.09,0.094461,1776188563000
1776188565.024,165.024,0.67,9.0,0.58,10.7,0.76,1.06,0.77,13.4,0.24,1.06,0.23,13.4,0.33,9.0,0.42,10.7,0.09,0.09,0.094461,1776188564000
1776188565.974,165.974,0.67,9.0,0.58,10.7,0.76,1.06,0.77,13.4,0.24,1.06,0.23,13.4,0.33,9.0,0.42,10.7,0.09,0.09,0.094461,1776188565000
1776188566.41,166.41,0.71,5.0,0.7,12.4,0.79,5.0,0.85,6.6,0.24,1.06,0.23,13.4,0.33,9.0,0.42,10.7,0.08,0.09,0.094461,1776188565000
1776188566.994,166.994,0.71,5.0,0.7,12.4,0.79,5.0,0.85,6.6,0.21,5.0,0.15,6.6,0.29,5.0,0.3,12.4,0.08,0.08,0.094463,1776188566000
1776188568.101,168.101,0.71,5.0,0.7,12.4,0.79,5.0,0.85,6.6,0.21,5.0,0.15,6.6,0.29,5.0,0.3,12.4,0.08,0.08,0.094468,1776188567000
1776188568.344,168.344,0.75,8.0,0.72,12.9,0.85,6.6,0.9,28.9,0.21,5.0,0.15,6.6,0.29,5.0,0.3,12.4,0.1,0.08,0.094468,1776188567000
1776188569.1,169.1,0.75,8.0,0.72,12.9,0.85,6.6,0.9,28.9,0.15,6.6,0.1,28.9,0.25,8.0,0.28,12.9,0.1,0.1,0.094485,1776188568000
1776188570.063,170.063,0.75,8.0,0.72,12.9,0.85,6.6,0.9,28.9,0.15,6.6,0.1,28.9,0.25,8.0,0.28,12.9,0.1,0.1,0.094478,1776188569000
1776188571.113,171.113,0.75,8.0,0.72,12.9,0.85,6.6,0.9,28.9,0.15,6.6,0.1,28.9,0.25,8.0,0.28,12.9,0.1,0.1,0.094478,1776188570000
1776188572.147,172.147,0.75,8.0,0.72,12.9,0.85,6.6,0.9,28.9,0.15,6.6,0.1,28.9,0.25,8.0,0.28,12.9,0.1,0.1,0.094479,1776188571000
1776188573.161,173.161,0.75,8.0,0.72,12.9,0.85,6.6,0.9,28.9,0.15,6.6,0.1,28.9,0.25,8.0,0.28,12.9,0.1,0.1,0.09448,1776188572000
1776188574.243,174.243,0.75,8.0,0.72,12.9,0.85,6.6,0.9,28.9,0.15,6.6,0.1,28.9,0.25,8.0,0.28,12.9,0.1,0.1,0.09448,1776188573000
1776188575.293,175.293,0.75,8.0,0.72,12.9,0.85,6.6,0.9,28.9,0.15,6.6,0.1,28.9,0.25,8.0,0.28,12.9,0.1,0.1,0.094482,1776188574000
1776188575.893,175.893,0.75,8.0,0.72,12.9,0.85,6.6,0.9,28.9,0.15,6.6,0.1,28.9,0.25,8.0,0.28,12.9,0.1,0.1,0.094483,1776188575000
1776188576.964,176.964,0.75,8.0,0.72,12.9,0.85,6.6,0.9,28.9,0.15,6.6,0.1,28.9,0.25,8.0,0.28,12.9,0.1,0.1,0.094486,1776188576000
1776188577.926,177.926,0.75,8.0,0.72,12.9,0.85,6.6,0.9,28.9,0.15,6.6,0.1,28.9,0.25,8.0,0.28,12.9,0.1,0.1,0.094483,1776188577000
1776188578.8,178.8,0.66,11.6,0.65,11.4,0.81,50.0,0.85,6.6,0.15,6.6,0.1,28.9,0.25,8.0,0.28,12.9,0.15,0.1,0.094483,1776188577000
1776188579.445,179.445,0.66,11.6,0.65,11.4,0.81,50.0,0.85,6.6,0.19,50.0,0.15,6.6,0.34,11.6,0.35,11.4,0.15,0.15,0.094461,1776188578000
1776188580.101,180.101,0.66,11.6,0.65,11.4,0.81,50.0,0.85,6.6,0.19,50.0,0.15,6.6,0.34,11.6,0.35,11.4,0.15,0.15,0.094458,1776188579000
1776188581.168,181.168,0.66,11.6,0.65,11.4,0.81,50.0,0.85,6.6,0.19,50.0,0.15,6.6,0.34,11.6,0.35,11.4,0.15,0.15,0.094458,1776188580000
1776188582.358,182.358,0.66,11.6,0.65,11.4,0.81,50.0,0.85,6.6,0.19,50.0,0.15,6.6,0.34,11.6,0.35,11.4,0.15,0.15,0.094458,1776188581000
1776188583.122,183.122,0.66,11.6,0.65,11.4,0.81,50.0,0.85,6.6,0.19,50.0,0.15,6.6,0.34,11.6,0.35,11.4,0.15,0.15,0.094458,1776188582000
1776188584.404,184.404,0.66,11.6,0.65,11.4,0.81,50.0,0.85,6.6,0.19,50.0,0.15,6.6,0.34,11.6,0.35,11.4,0.15,0.15,0.094473,1776188583000
1776188584.979,184.979,0.66,11.6,0.65,11.4,0.81,50.0,0.85,6.6,0.19,50.0,0.15,6.6,0.34,11.6,0.35,11.4,0.15,0.15,0.094473,1776188584000
1776188586.101,186.101,0.66,11.6,0.65,11.4,0.81,50.0,0.85,6.6,0.19,50.0,0.15,6.6,0.34,11.6,0.35,11.4,0.15,0.15,0.094474,1776188585000
1776188587.288,187.288,0.66,11.6,0.65,11.4,0.81,50.0,0.85,6.6,0.19,50.0,0.15,6.6,0.34,11.6,0.35,11.4,0.15,0.15,0.094477,1776188586000
1776188588.371,188.371,0.66,11.6,0.65,11.4,0.81,50.0,0.85,6.6,0.19,50.0,0.15,6.6,0.34,11.6,0.35,11.4,0.15,0.15,0.094474,1776188587000
1776188588.915,188.915,0.66,11.6,0.65,11.4,0.81,50.0,0.85,6.6,0.19,50.0,0.15,6.6,0.34,11.6,0.35,11.4,0.15,0.15,0.094474,1776188588000
1776188590.121,190.121,0.66,11.6,0.65,11.4,0.81,50.0,0.85,6.6,0.19,50.0,0.15,6.6,0.34,11.6,0.35,11.4,0.15,0.15,0.094474,1776188589000
1776188591.361,191.361,0.66,11.6,0.65,11.4,0.81,50.0,0.85,6.6,0.19,50.0,0.15,6.6,0.34,11.6,0.35,11.4,0.15,0.15,0.094471,1776188590000
1776188591.587,191.587,0.75,21.9,0.74,13.5,0.85,6.6,0.9,28.9,0.19,50.0,0.15,6.6,0.34,11.6,0.35,11.4,0.1,0.15,0.094471,1776188590000
1776188592.565,192.565,0.75,21.9,0.74,13.5,0.85,6.6,0.9,28.9,0.15,6.6,0.1,28.9,0.25,21.9,0.26,13.5,0.1,0.1,0.094471,1776188591000
1776188593.109,193.109,0.75,21.9,0.74,13.5,0.85,6.6,0.9,28.9,0.15,6.6,0.1,28.9,0.25,21.9,0.26,13.5,0.1,0.1,0.094468,1776188592000
1776188594.661,194.661,0.75,21.9,0.74,13.5,0.85,6.6,0.9,28.9,0.15,6.6,0.1,28.9,0.25,21.9,0.26,13.5,0.1,0.1,0.094468,1776188593000
1776188595.642,195.642,0.75,21.9,0.74,13.5,0.85,6.6,0.9,28.9,0.15,6.6,0.1,28.9,0.25,21.9,0.26,13.5,0.1,0.1,0.094467,1776188594000
1776188596.258,196.258,0.75,21.9,0.74,13.5,0.85,6.6,0.9,28.9,0.15,6.6,0.1,28.9,0.25,21.9,0.26,13.5,0.1,0.1,0.094468,1776188595000
1776188597.357,197.357,0.75,21.9,0.74,13.5,0.85,6.6,0.9,28.9,0.15,6.6,0.1,28.9,0.25,21.9,0.26,13.5,0.1,0.1,0.094468,1776188596000
1776188598.515,198.515,0.75,21.9,0.74,13.5,0.85,6.6,0.9,28.9,0.15,6.6,0.1,28.9,0.25,21.9,0.26,13.5,0.1,0.1,0.094457,1776188597000
1776188599.096,199.096,0.75,21.9,0.74,13.5,0.85,6.6,0.9,28.9,0.15,6.6,0.1,28.9,0.25,21.9,0.26,13.5,0.1,0.1,0.094453,1776188598000
1776188600.164,200.164,0.75,8.0,0.62,11.0,0.81,43.64,0.84,19.3,0.19,43.64,0.16,19.3,0.25,8.0,0.38,11.0,0.06,0.06,0.094438,1776188599000
1776188601.277,201.277,0.75,8.0,0.62,11.0,0.81,43.64,0.84,19.3,0.19,43.64,0.16,19.3,0.25,8.0,0.38,11.0,0.06,0.06,0.094439,1776188600000
1776188602.359,202.359,0.75,8.0,0.62,11.0,0.81,43.64,0.84,19.3,0.19,43.64,0.16,19.3,0.25,8.0,0.38,11.0,0.06,0.06,0.094437,1776188601000
1776188603.383,203.383,0.75,8.0,0.62,11.0,0.81,43.64,0.84,19.3,0.19,43.64,0.16,19.3,0.25,8.0,0.38,11.0,0.06,0.06,0.094442,1776188602000
1776188603.952,203.952,0.75,8.0,0.62,11.0,0.81,43.64,0.84,19.3,0.19,43.64,0.16,19.3,0.25,8.0,0.38,11.0,0.06,0.06,0.09445,1776188603000
1776188604.993,204.993,0.75,8.0,0.62,11.0,0.81,43.64,0.84,19.3,0.19,43.64,0.16,19.3,0.25,8.0,0.38,11.0,0.06,0.06,0.094465,1776188604000
1776188606.52,206.52,0.75,8.0,0.62,11.0,0.81,43.64,0.84,19.3,0.19,43.64,0.16,19.3,0.25,8.0,0.38,11.0,0.06,0.06,0.094465,1776188605000
1776188607.126,207.126,0.75,8.0,0.62,11.0,0.81,43.64,0.84,19.3,0.19,43.64,0.16,19.3,0.25,8.0,0.38,11.0,0.06,0.06,0.094466,1776188606000
1776188608.249,208.249,0.75,8.0,0.62,11.0,0.81,43.64,0.84,19.3,0.19,43.64,0.16,19.3,0.25,8.0,0.38,11.0,0.06,0.06,0.094465,1776188607000
1776188609.86,209.86,0.75,8.0,0.62,11.0,0.81,43.64,0.84,19.3,0.19,43.64,0.16,19.3,0.25,8.0,0.38,11.0,0.06,0.06,0.094464,1776188608000
1776188610.75,210.75,0.75,8.0,0.62,11.0,0.81,43.64,0.84,19.3,0.19,43.64,0.16,19.3,0.25,8.0,0.38,11.0,0.06,0.06,0.094464,1776188609000
1776188611.603,211.603,0.75,8.0,0.62,11.0,0.81,43.64,0.84,19.3,0.19,43.64,0.16,19.3,0.25,8.0,0.38,11.0,0.06,0.06,0.094461,1776188610000
1776188612.425,212.425,0.75,8.0,0.62,11.0,0.81,43.64,0.84,19.3,0.19,43.64,0.16,19.3,0.25,8.0,0.38,11.0,0.06,0.06,0.094461,1776188611000
1776188612.859,212.859,0.82,8.93,0.81,11.0,0.85,1.6,0.9,5.7,0.19,43.64,0.16,19.3,0.25,8.0,0.38,11.0,0.03,0.06,0.094461,1776188611000
1776188613.187,213.187,0.82,8.93,0.81,11.0,0.85,1.6,0.9,5.7,0.15,1.6,0.1,5.7,0.18,8.93,0.19,11.0,0.03,0.03,0.094461,1776188612000
1776188614.6,214.6,0.84,5.0,0.83,8.93,0.9,5.7,0.96,67.7,0.1,5.7,0.04,67.7,0.16,5.0,0.17,8.93,0.06,0.06,0.094503,1776188613000
1776188615.292,215.292,0.84,5.0,0.83,8.93,0.9,5.7,0.96,67.7,0.1,5.7,0.04,67.7,0.16,5.0,0.17,8.93,0.06,0.06,0.094521,1776188614000
1776188616.882,216.882,0.84,19.3,0.83,18.39,0.97,73.97,0.98,137.69,0.03,73.97,0.02,137.69,0.16,19.3,0.17,18.39,0.13,0.13,0.094522,1776188615000
1776188617.463,217.463,0.84,19.3,0.83,18.39,0.97,73.97,0.98,137.69,0.03,73.97,0.02,137.69,0.16,19.3,0.17,18.39,0.13,0.13,0.094523,1776188616000
1776188618.189,218.189,0.84,19.3,0.83,18.39,0.97,73.97,0.98,137.69,0.03,73.97,0.02,137.69,0.16,19.3,0.17,18.39,0.13,0.13,0.094523,1776188617000
1776188619.644,219.644,0.84,19.3,0.83,18.39,0.97,73.97,0.98,137.69,0.03,73.97,0.02,137.69,0.16,19.3,0.17,18.39,0.13,0.13,0.094524,1776188618000
1776188620.382,220.382,0.84,19.3,0.83,18.39,0.97,73.97,0.98,137.69,0.03,73.97,0.02,137.69,0.16,19.3,0.17,18.39,0.13,0.13,0.094524,1776188619000
1776188621.559,221.559,0.84,19.3,0.83,18.39,0.97,73.97,0.98,137.69,0.03,73.97,0.02,137.69,0.16,19.3,0.17,18.39,0.13,0.13,0.094525,1776188620000
1776188622.2,222.2,0.84,19.3,0.83,18.39,0.97,73.97,0.98,137.69,0.03,73.97,0.02,137.69,0.16,19.3,0.17,18.39,0.13,0.13,0.094525,1776188621000
1776188623.742,223.742,0.84,19.3,0.83,18.39,0.97,73.97,0.98,137.69,0.03,73.97,0.02,137.69,0.16,19.3,0.17,18.39,0.13,0.13,0.094523,1776188622000
1776188624.49,224.49,0.84,19.3,0.83,18.39,0.97,73.97,0.98,137.69,0.03,73.97,0.02,137.69,0.16,19.3,0.17,18.39,0.13,0.13,0.094521,1776188623000
1776188625.238,225.238,0.84,19.3,0.83,18.39,0.97,73.97,0.98,137.69,0.03,73.97,0.02,137.69,0.16,19.3,0.17,18.39,0.13,0.13,0.094521,1776188624000
1776188626.623,226.623,0.84,19.3,0.83,18.39,0.97,73.97,0.98,137.69,0.03,73.97,0.02,137.69,0.16,19.3,0.17,18.39,0.13,0.13,0.094521,1776188625000
1776188627.323,227.323,0.84,19.3,0.83,18.39,0.97,73.97,0.98,137.69,0.03,73.97,0.02,137.69,0.16,19.3,0.17,18.39,0.13,0.13,0.09452,1776188626000
1776188628.317,228.317,0.89,16.78,0.88,24.6,0.91,12.0,0.96,67.7,0.03,73.97,0.02,137.69,0.16,19.3,0.17,18.39,0.02,0.13,0.09452,1776188626000
1776188628.722,228.722,0.89,15.51,0.88,24.6,0.91,9.96,0.96,67.7,0.09,12.0,0.04,67.7,0.11,15.51,0.12,24.6,0.02,0.02,0.094515,1776188627000
1776188628.976,228.976,0.89,15.51,0.88,24.6,0.91,9.96,0.96,67.7,0.09,9.96,0.04,67.7,0.11,15.51,0.12,24.6,0.02,0.02,0.094513,1776188628000
1776188629.859,229.859,0.89,15.51,0.88,24.6,0.91,9.96,0.96,67.7,0.09,9.96,0.04,67.7,0.11,15.51,0.12,24.6,0.02,0.02,0.094512,1776188629000
1776188630.878,230.878,0.89,15.51,0.88,24.6,0.91,9.96,0.96,67.7,0.09,9.96,0.04,67.7,0.11,15.51,0.12,24.6,0.02,0.02,0.094499,1776188630000
1776188631.995,231.995,0.89,15.51,0.88,24.6,0.91,9.96,0.96,67.7,0.09,9.96,0.04,67.7,0.11,15.51,0.12,24.6,0.02,0.02,0.094493,1776188631000
1776188632.965,232.965,0.89,15.51,0.88,24.6,0.91,9.96,0.96,67.7,0.09,9.96,0.04,67.7,0.11,15.51,0.12,24.6,0.02,0.02,0.094492,1776188632000
1776188633.971,233.971,0.89,15.51,0.88,24.6,0.91,9.96,0.96,67.7,0.09,9.96,0.04,67.7,0.11,15.51,0.12,24.6,0.02,0.02,0.094492,1776188633000
1776188635.019,235.019,0.89,15.51,0.88,24.6,0.91,9.96,0.96,67.7,0.09,9.96,0.04,67.7,0.11,15.51,0.12,24.6,0.02,0.02,0.094493,1776188634000
1776188636.017,236.017,0.89,15.51,0.88,24.6,0.91,9.96,0.96,67.7,0.09,9.96,0.04,67.7,0.11,15.51,0.12,24.6,0.02,0.02,0.094498,1776188635000
1776188636.378,236.378,0.89,26.6,0.88,24.6,0.96,67.7,0.97,73.97,0.09,9.96,0.04,67.7,0.11,15.51,0.12,24.6,0.07,0.02,0.094498,1776188635000
1776188636.991,236.991,0.89,26.6,0.88,24.6,0.96,67.7,0.97,73.97,0.04,67.7,0.03,73.97,0.11,26.6,0.12,24.6,0.07,0.07,0.0945,1776188636000
1776188637.776,237.776,0.89,26.6,0.88,24.6,0.96,62.49,0.97,73.97,0.04,67.7,0.03,73.97,0.11,26.6,0.12,24.6,0.07,0.07,0.0945,1776188636000
1776188638.052,238.052,0.89,26.6,0.88,24.6,0.96,62.49,0.97,73.97,0.04,62.49,0.03,73.97,0.11,26.6,0.12,24.6,0.07,0.07,0.094499,1776188637000
1776188639.013,239.013,0.89,26.6,0.88,24.6,0.96,62.49,0.97,73.97,0.04,62.49,0.03,73.97,0.11,26.6,0.12,24.6,0.07,0.07,0.094493,1776188638000
1776188639.397,239.397,0.89,26.6,0.88,24.6,0.96,61.44,0.97,73.97,0.04,62.49,0.03,73.97,0.11,26.6,0.12,24.6,0.07,0.07,0.094493,1776188638000
1776188639.945,239.945,0.89,26.6,0.88,24.6,0.96,61.44,0.97,73.97,0.04,61.44,0.03,73.97,0.11,26.6,0.12,24.6,0.07,0.07,0.094494,1776188639000
1776188641.615,241.615,0.89,26.6,0.88,24.6,0.96,61.44,0.97,73.97,0.04,61.44,0.03,73.97,0.11,26.6,0.12,24.6,0.07,0.07,0.094494,1776188640000
1776188642.249,242.249,0.89,26.6,0.88,24.6,0.96,61.44,0.97,73.97,0.04,61.44,0.03,73.97,0.11,26.6,0.12,24.6,0.07,0.07,0.094495,1776188641000
1776188643.551,243.551,0.89,26.6,0.88,24.6,0.96,61.44,0.97,73.97,0.04,61.44,0.03,73.97,0.11,26.6,0.12,24.6,0.07,0.07,0.094497,1776188642000
1776188644.159,244.159,0.89,26.6,0.88,24.6,0.96,61.44,0.97,73.97,0.04,61.44,0.03,73.97,0.11,26.6,0.12,24.6,0.07,0.07,0.094498,1776188643000
1776188645.304,245.304,0.89,26.6,0.88,24.6,0.96,61.44,0.97,73.97,0.04,61.44,0.03,73.97,0.11,26.6,0.12,24.6,0.07,0.07,0.094503,1776188644000
1776188646.621,246.621,0.97,51.55,0.94,5.31,0.98,86.69,0.99,5503.38,0.04,61.44,0.03,73.97,0.11,26.6,0.12,24.6,0.01,0.07,0.094503,1776188644000
1776188647.202,247.202,0.97,51.55,0.94,5.31,0.98,76.59,0.99,5503.38,0.02,76.59,0.01,5503.38,0.03,51.55,0.06,5.31,0.01,0.01,0.094502,1776188646000
1776188648.722,248.722,0.97,51.55,0.94,5.31,0.98,76.59,0.99,5503.38,0.02,76.59,0.01,5503.38,0.03,51.55,0.06,5.31,0.01,0.01,0.094505,1776188647000
1776188649.452,249.452,0.97,51.55,0.94,5.31,0.98,76.59,0.99,5503.38,0.02,76.59,0.01,5503.38,0.03,51.55,0.06,5.31,0.01,0.01,0.094505,1776188648000
1776188650.247,250.247,0.97,51.55,0.94,5.31,0.98,76.59,0.99,5503.38,0.02,76.59,0.01,5503.38,0.03,51.55,0.06,5.31,0.01,0.01,0.094518,1776188649000
1776188651.602,251.602,0.97,51.55,0.94,5.31,0.98,76.59,0.99,5503.38,0.02,76.59,0.01,5503.38,0.03,51.55,0.06,5.31,0.01,0.01,0.094524,1776188650000
1776188652.257,252.257,0.97,51.55,0.94,5.31,0.98,76.59,0.99,5503.38,0.02,76.59,0.01,5503.38,0.03,51.55,0.06,5.31,0.01,0.01,0.094525,1776188651000
1776188652.681,252.681,0.97,56.55,0.96,67.7,0.99,493.38,,,0.01,498.38,,,0.03,56.55,0.04,67.7,0.02,0.02,0.094525,1776188651000
1776188653.73,253.73,0.97,56.55,0.96,67.7,0.99,493.38,,,0.01,493.38,,,0.03,56.55,0.04,67.7,0.02,0.02,0.09452,1776188652000
1776188654.493,254.493,0.97,56.55,0.96,67.7,0.99,493.38,,,0.01,493.38,,,0.03,56.55,0.04,67.7,0.02,0.02,0.09452,1776188653000
1776188655.265,255.265,0.97,56.55,0.96,67.7,0.99,493.38,,,0.01,493.38,,,0.03,56.55,0.04,67.7,0.02,0.02,0.09452,1776188654000
1776188656.5,256.5,0.97,56.55,0.96,67.7,0.99,493.38,,,0.01,493.38,,,0.03,56.55,0.04,67.7,0.02,0.02,0.094519,1776188655000
1776188657.213,257.213,0.97,56.55,0.96,67.7,0.99,493.38,,,0.01,493.38,,,0.03,56.55,0.04,67.7,0.02,0.02,0.094519,1776188656000
1776188659.016,259.016,0.97,56.55,0.96,67.7,0.99,493.38,,,0.01,493.38,,,0.03,56.55,0.04,67.7,0.02,0.02,0.094521,1776188658000
1776188660.059,260.059,0.97,56.55,0.96,67.7,0.99,493.38,,,0.01,493.38,,,0.03,56.55,0.04,67.7,0.02,0.02,0.094521,1776188659000
1776188661.05,261.05,0.97,56.55,0.96,67.7,0.99,493.38,,,0.01,493.38,,,0.03,56.55,0.04,67.7,0.02,0.02,0.094512,1776188660000
1776188662.101,262.101,0.97,56.55,0.96,67.7,0.99,493.38,,,0.01,493.38,,,0.03,56.55,0.04,67.7,0.02,0.02,0.09451,1776188661000
1776188663.216,263.216,0.97,56.55,0.96,67.7,0.99,493.38,,,0.01,493.38,,,0.03,56.55,0.04,67.7,0.02,0.02,0.094506,1776188662000
1776188664.193,264.193,0.97,56.55,0.96,67.7,0.99,493.38,,,0.01,493.38,,,0.03,56.55,0.04,67.7,0.02,0.02,0.094505,1776188663000
1776188664.667,264.667,0.98,18.0,0.97,145.85,0.99,412.36,,,0.01,493.38,,,0.03,56.55,0.04,67.7,0.01,0.02,0.094505,1776188663000
1776188665.236,265.236,0.98,18.0,0.97,145.85,0.99,412.36,,,0.01,412.36,,,0.02,18.0,0.03,145.85,0.01,0.01,0.094505,1776188664000
1776188666.299,266.299,0.98,18.0,0.97,145.85,0.99,412.36,,,0.01,412.36,,,0.02,18.0,0.03,145.85,0.01,0.01,0.094504,1776188665000
1776188667.229,267.229,0.98,18.0,0.97,145.85,0.99,412.36,,,0.01,412.36,,,0.02,18.0,0.03,145.85,0.01,0.01,0.094505,1776188666000
1776188667.683,267.683,0.98,18.0,0.97,145.85,0.99,401.36,,,0.01,412.36,,,0.02,18.0,0.03,145.85,0.01,0.01,0.094505,1776188666000
1776188668.212,268.212,0.98,18.0,0.97,145.85,0.99,401.36,,,0.01,401.36,,,0.02,18.0,0.03,145.85,0.01,0.01,0.094502,1776188667000
1776188669.289,269.289,0.98,18.0,0.97,145.85,0.99,401.36,,,0.01,401.36,,,0.02,18.0,0.03,145.85,0.01,0.01,0.094502,1776188668000
1776188670.425,270.425,0.98,18.0,0.97,145.85,0.99,401.36,,,0.01,401.36,,,0.02,18.0,0.03,145.85,0.01,0.01,0.094512,1776188669000
1776188670.872,270.872,0.98,18.0,0.97,145.85,0.99,133.76,,,0.01,401.36,,,0.02,18.0,0.03,145.85,0.01,0.01,0.094512,1776188669000
1776188671.243,271.243,0.98,18.0,0.97,145.85,0.99,133.76,,,0.01,133.76,,,0.02,18.0,0.03,145.85,0.01,0.01,0.094512,1776188670000
1776188672.319,272.319,0.98,18.0,0.97,145.85,0.99,133.76,,,0.01,133.76,,,0.02,18.0,0.03,145.85,0.01,0.01,0.094512,1776188671000
1776188672.524,272.524,0.98,150.69,0.97,145.85,0.99,115.63,,,0.01,133.76,,,0.02,18.0,0.03,145.85,0.01,0.01,0.094512,1776188671000
1776188673.329,273.329,0.98,150.69,0.97,145.85,0.99,115.63,,,0.01,115.63,,,0.02,150.69,0.03,145.85,0.01,0.01,0.094512,1776188672000
1776188674.111,274.111,0.98,150.69,0.97,145.85,0.99,90.38,,,0.01,115.63,,,0.02,150.69,0.03,145.85,0.01,0.01,0.094512,1776188672000
1776188674.465,274.465,0.98,150.69,0.97,145.85,0.99,85.32,,,0.01,85.32,,,0.02,150.69,0.03,145.85,0.01,0.01,0.094512,1776188673000
1776188674.856,274.856,0.99,5.7,0.98,150.69,,,,,0.01,84.3,,,0.02,150.69,0.03,145.85,,0.01,0.094512,1776188673000
1776188675.212,275.212,0.99,0.78,0.98,18.0,,,,,,,,,0.01,5.7,0.02,150.69,,,0.094512,1776188674000
1776188676.025,276.025,0.99,0.78,0.98,18.0,,,,,,,,,0.01,0.78,0.02,18.0,,,0.094517,1776188675000
1776188677.095,277.095,0.99,0.78,0.98,18.0,,,,,,,,,0.01,0.78,0.02,18.0,,,0.09452,1776188676000
1776188678.115,278.115,0.99,0.78,0.98,18.0,,,,,,,,,0.01,0.78,0.02,18.0,,,0.094518,1776188677000
1776188679.065,279.065,0.99,0.78,0.98,18.0,,,,,,,,,0.01,0.78,0.02,18.0,,,0.094522,1776188678000
1776188680.145,280.145,0.99,0.78,0.98,18.0,,,,,,,,,0.01,0.78,0.02,18.0,,,0.094525,1776188679000
1776188681.252,281.252,0.99,0.78,0.98,18.0,,,,,,,,,0.01,0.78,0.02,18.0,,,0.094498,1776188680000
1776188682.257,282.257,0.99,0.78,0.98,18.0,,,,,,,,,0.01,0.78,0.02,18.0,,,0.09449,1776188681000
1776188683.264,283.264,0.99,0.78,0.98,18.0,,,,,,,,,0.01,0.78,0.02,18.0,,,0.094486,1776188682000
1776188684.267,284.267,0.99,0.78,0.98,18.0,,,,,,,,,0.01,0.78,0.02,18.0,,,0.094468,1776188683000
1776188685.626,285.626,0.99,0.78,0.98,18.0,,,,,,,,,0.01,0.78,0.02,18.0,,,0.094466,1776188684000
1776188686.196,286.196,0.99,0.78,0.98,18.0,,,,,,,,,0.01,0.78,0.02,18.0,,,0.094466,1776188685000
1776188687.16,287.16,0.99,0.78,0.98,18.0,,,,,,,,,0.01,0.78,0.02,18.0,,,0.094466,1776188686000
1776188687.625,287.625,0.99,5.96,0.98,13.0,,,,,,,,,0.01,0.78,0.02,18.0,,,0.094466,1776188686000
1776188688.218,288.218,0.99,5.96,0.98,13.0,,,,,,,,,0.01,5.96,0.02,13.0,,,0.094466,1776188687000
1776188689.277,289.277,0.99,5.96,0.98,13.0,,,,,,,,,0.01,5.96,0.02,13.0,,,0.094464,1776188688000
1776188690.318,290.318,0.99,5.96,0.98,13.0,,,,,,,,,0.01,5.96,0.02,13.0,,,0.094464,1776188689000
1776188691.28,291.28,0.99,5.96,0.98,13.0,,,,,,,,,0.01,5.96,0.02,13.0,,,0.094464,1776188690000
1776188692.356,292.356,0.99,5.96,0.98,13.0,,,,,,,,,0.01,5.96,0.02,13.0,,,0.094455,1776188691000
1776188692.845,292.845,0.99,5.96,0.98,13.0,,,,,,,,,0.01,5.96,0.02,13.0,,,0.094455,1776188692000
1776188693.943,293.943,0.99,5.96,0.98,13.0,,,,,,,,,0.01,5.96,0.02,13.0,,,0.094468,1776188693000
1776188694.961,294.961,0.99,5.96,0.98,13.0,,,,,,,,,0.01,5.96,0.02,13.0,,,0.094468,1776188694000
1776188695.996,295.996,0.99,5.96,0.98,13.0,,,,,,,,,0.01,5.96,0.02,13.0,,,0.094465,1776188695000
1776188697.054,297.054,0.99,5.96,0.98,13.0,,,,,,,,,0.01,5.96,0.02,13.0,,,0.094459,1776188696000
1776188698.07,298.07,0.99,5.96,0.98,13.0,,,,,,,,,0.01,5.96,0.02,13.0,,,0.094458,1776188697000
1776188699.051,299.051,0.99,5.96,0.98,13.0,,,,,,,,,0.01,5.96,0.02,13.0,,,0.094457,1776188698000
1776188700.183,300.183,0.99,5.96,0.98,13.0,,,,,,,,,0.01,5.96,0.02,13.0,,,0.094456,1776188699000

# RESULT,winner=Up,slug=doge-updown-5m-1776188400,ticks=329
