timestamp,elapsed_sec,up_bid_p1,up_bid_s1,up_bid_p2,up_bid_s2,up_ask_p1,up_ask_s1,up_ask_p2,up_ask_s2,down_bid_p1,down_bid_s1,down_bid_p2,down_bid_s2,down_ask_p1,down_ask_s1,down_ask_p2,down_ask_s2,up_spread,down_spread,doge_price,doge_oracle_ts
1776214801.401,1.401,,,,,,,,,,,,,,,,,,,0.093332,1776214800000
1776214801.817,1.817,0.5,5.0,0.33,300.0,0.67,300.0,0.69,375.0,0.33,300.0,0.31,375.0,0.5,5.0,0.67,300.0,0.17,0.17,0.093332,1776214800000
1776214802.031,2.031,0.5,5.0,0.33,300.0,0.67,300.0,0.69,375.0,0.33,300.0,0.31,375.0,0.5,5.0,0.67,300.0,0.17,0.17,0.093332,1776214801000
1776214803.32,3.32,0.5,5.0,0.33,300.0,0.67,300.0,0.69,375.0,0.33,300.0,0.31,375.0,0.5,5.0,0.67,300.0,0.17,0.17,0.093317,1776214802000
1776214804.315,4.315,0.5,5.0,0.33,300.0,0.67,300.0,0.69,375.0,0.33,300.0,0.31,375.0,0.5,5.0,0.67,300.0,0.17,0.17,0.093307,1776214803000
1776214804.624,4.624,0.41,50.0,0.31,436.0,0.69,375.0,0.71,50.0,0.33,300.0,0.31,375.0,0.5,5.0,0.67,300.0,0.28,0.17,0.093307,1776214803000
1776214804.938,4.938,0.41,50.0,0.31,436.0,0.69,375.0,0.71,50.0,0.31,375.0,0.29,50.0,0.59,50.0,0.69,436.0,0.28,0.28,0.093304,1776214804000
1776214805.204,5.204,0.31,11.0,0.28,12.0,0.51,41.0,0.61,50.0,0.31,375.0,0.29,50.0,0.59,50.0,0.69,436.0,0.2,0.28,0.093304,1776214804000
1776214806.436,6.436,0.31,11.0,0.28,12.0,0.51,41.0,0.61,50.0,0.49,41.0,0.39,50.0,0.69,11.0,0.72,12.0,0.2,0.2,0.093302,1776214805000
1776214807.04,7.04,0.31,11.0,0.28,12.0,0.51,41.0,0.61,50.0,0.49,41.0,0.39,50.0,0.69,11.0,0.72,12.0,0.2,0.2,0.093292,1776214806000
1776214808.091,8.091,0.31,11.0,0.28,12.0,0.51,41.0,0.61,50.0,0.49,41.0,0.39,50.0,0.69,11.0,0.72,12.0,0.2,0.2,0.093273,1776214807000
1776214808.316,8.316,0.28,12.0,0.26,5.0,0.34,5.0,0.41,50.0,0.49,41.0,0.39,50.0,0.69,11.0,0.72,12.0,0.06,0.2,0.093273,1776214807000
1776214809.305,9.305,0.28,12.0,0.26,5.0,0.34,5.0,0.41,50.0,0.66,5.0,0.59,50.0,0.72,12.0,0.74,5.0,0.06,0.06,0.093272,1776214808000
1776214809.514,9.514,0.28,7.0,0.25,13.0,0.45,5.0,0.51,56.0,0.66,5.0,0.59,50.0,0.72,12.0,0.74,5.0,0.17,0.06,0.093272,1776214808000
1776214810.345,10.345,0.28,7.0,0.25,13.0,0.45,5.0,0.51,56.0,0.55,5.0,0.49,56.0,0.72,7.0,0.75,13.0,0.17,0.17,0.093272,1776214809000
1776214811.397,11.397,0.28,7.0,0.25,13.0,0.45,5.0,0.51,56.0,0.55,5.0,0.49,56.0,0.72,7.0,0.75,13.0,0.17,0.17,0.093282,1776214810000
1776214811.959,11.959,0.31,50.0,0.21,64.0,0.49,5.0,0.51,15.0,0.51,5.0,0.49,15.0,0.69,50.0,0.79,64.0,0.18,0.18,0.093309,1776214811000
1776214813.262,13.262,0.31,50.0,0.21,64.0,0.49,5.0,0.51,15.0,0.51,5.0,0.49,15.0,0.69,50.0,0.79,64.0,0.18,0.18,0.09331,1776214812000
1776214814.443,14.443,0.31,50.0,0.21,64.0,0.49,5.0,0.51,15.0,0.51,5.0,0.49,15.0,0.69,50.0,0.79,64.0,0.18,0.18,0.093317,1776214813000
1776214815.029,15.029,0.31,50.0,0.21,64.0,0.49,5.0,0.51,15.0,0.51,5.0,0.49,15.0,0.69,50.0,0.79,64.0,0.18,0.18,0.093318,1776214814000
1776214815.306,15.306,0.38,3.5,0.3,20.0,0.49,5.0,0.51,65.0,0.51,5.0,0.49,15.0,0.69,50.0,0.79,64.0,0.11,0.18,0.093318,1776214814000
1776214816.189,16.189,0.38,3.5,0.3,20.0,0.49,5.0,0.51,65.0,0.51,5.0,0.49,65.0,0.62,3.5,0.7,20.0,0.11,0.11,0.093317,1776214815000
1776214817.383,17.383,0.38,3.5,0.3,20.0,0.49,5.0,0.51,65.0,0.51,5.0,0.49,65.0,0.62,3.5,0.7,20.0,0.11,0.11,0.093308,1776214816000
1776214817.903,17.903,0.38,3.5,0.3,20.0,0.49,5.0,0.51,65.0,0.51,5.0,0.49,65.0,0.62,3.5,0.7,20.0,0.11,0.11,0.093308,1776214817000
1776214819.166,19.166,0.38,3.5,0.3,20.0,0.49,5.0,0.51,65.0,0.51,5.0,0.49,65.0,0.62,3.5,0.7,20.0,0.11,0.11,0.093308,1776214818000
1776214820.516,20.516,0.38,3.5,0.3,20.0,0.49,5.0,0.51,65.0,0.51,5.0,0.49,65.0,0.62,3.5,0.7,20.0,0.11,0.11,0.093309,1776214819000
1776214821.143,21.143,0.38,3.5,0.3,20.0,0.49,5.0,0.51,65.0,0.51,5.0,0.49,65.0,0.62,3.5,0.7,20.0,0.11,0.11,0.093309,1776214820000
1776214822.355,22.355,0.38,3.5,0.3,20.0,0.49,5.0,0.51,65.0,0.51,5.0,0.49,65.0,0.62,3.5,0.7,20.0,0.11,0.11,0.093315,1776214821000
1776214823.347,23.347,0.38,3.5,0.3,20.0,0.49,5.0,0.51,65.0,0.51,5.0,0.49,65.0,0.62,3.5,0.7,20.0,0.11,0.11,0.093315,1776214822000
1776214824.186,24.186,0.38,3.5,0.3,20.0,0.49,5.0,0.51,65.0,0.51,5.0,0.49,65.0,0.62,3.5,0.7,20.0,0.11,0.11,0.093316,1776214823000
1776214825.506,25.506,0.38,3.5,0.3,20.0,0.49,5.0,0.51,65.0,0.51,5.0,0.49,65.0,0.62,3.5,0.7,20.0,0.11,0.11,0.093316,1776214824000
1776214826.145,26.145,0.38,3.5,0.3,20.0,0.49,5.0,0.51,65.0,0.51,5.0,0.49,65.0,0.62,3.5,0.7,20.0,0.11,0.11,0.093317,1776214825000
1776214827.674,27.674,0.38,3.5,0.3,20.0,0.49,5.0,0.51,65.0,0.51,5.0,0.49,65.0,0.62,3.5,0.7,20.0,0.11,0.11,0.093319,1776214826000
1776214828.34,28.34,0.38,3.5,0.3,20.0,0.49,5.0,0.51,65.0,0.51,5.0,0.49,65.0,0.62,3.5,0.7,20.0,0.11,0.11,0.093319,1776214827000
1776214829.775,29.775,0.38,3.5,0.3,20.0,0.49,5.0,0.51,65.0,0.51,5.0,0.49,65.0,0.62,3.5,0.7,20.0,0.11,0.11,0.093319,1776214828000
1776214830.792,30.792,0.38,3.5,0.3,20.0,0.49,5.0,0.51,65.0,0.51,5.0,0.49,65.0,0.62,3.5,0.7,20.0,0.11,0.11,0.093319,1776214829000
1776214831.465,31.465,0.38,3.5,0.3,20.0,0.49,5.0,0.51,65.0,0.51,5.0,0.49,65.0,0.62,3.5,0.7,20.0,0.11,0.11,0.093319,1776214830000
1776214832.069,32.069,0.38,3.5,0.3,20.0,0.49,5.0,0.51,65.0,0.51,5.0,0.49,65.0,0.62,3.5,0.7,20.0,0.11,0.11,0.093319,1776214831000
1776214833.412,33.412,0.38,3.5,0.3,20.0,0.49,5.0,0.51,65.0,0.51,5.0,0.49,65.0,0.62,3.5,0.7,20.0,0.11,0.11,0.093319,1776214832000
1776214834.181,34.181,0.38,3.5,0.3,20.0,0.49,5.0,0.51,65.0,0.51,5.0,0.49,65.0,0.62,3.5,0.7,20.0,0.11,0.11,0.093316,1776214833000
1776214835.435,35.435,0.38,3.5,0.3,20.0,0.49,5.0,0.51,65.0,0.51,5.0,0.49,65.0,0.62,3.5,0.7,20.0,0.11,0.11,0.093319,1776214834000
1776214836.272,36.272,0.38,3.5,0.3,20.0,0.49,5.0,0.51,65.0,0.51,5.0,0.49,65.0,0.62,3.5,0.7,20.0,0.11,0.11,0.093319,1776214835000
1776214837.549,37.549,0.38,3.5,0.3,20.0,0.49,5.0,0.51,65.0,0.51,5.0,0.49,65.0,0.62,3.5,0.7,20.0,0.11,0.11,0.093319,1776214836000
1776214838.272,38.272,0.42,4.78,0.33,20.0,0.53,5.0,0.54,5.0,0.51,5.0,0.49,65.0,0.62,3.5,0.7,20.0,0.11,0.11,0.093319,1776214836000
1776214840.174,40.174,0.42,4.78,0.33,20.0,0.53,5.0,0.54,5.0,0.47,5.0,0.46,5.0,0.58,4.78,0.67,20.0,0.11,0.11,0.093319,1776214839000
1776214841.211,41.211,0.42,4.78,0.33,20.0,0.53,5.0,0.54,5.0,0.47,5.0,0.46,5.0,0.58,4.78,0.67,20.0,0.11,0.11,0.093319,1776214840000
1776214842.322,42.322,0.42,4.78,0.33,20.0,0.53,5.0,0.54,5.0,0.47,5.0,0.46,5.0,0.58,4.78,0.67,20.0,0.11,0.11,0.093319,1776214841000
1776214842.889,42.889,0.42,4.78,0.33,20.0,0.53,5.0,0.54,5.0,0.47,5.0,0.46,5.0,0.58,4.78,0.67,20.0,0.11,0.11,0.09332,1776214842000
1776214843.977,43.977,0.42,4.78,0.33,20.0,0.53,5.0,0.54,5.0,0.47,5.0,0.46,5.0,0.58,4.78,0.67,20.0,0.11,0.11,0.093317,1776214843000
1776214845.074,45.074,0.42,4.78,0.33,20.0,0.53,5.0,0.54,5.0,0.47,5.0,0.46,5.0,0.58,4.78,0.67,20.0,0.11,0.11,0.093317,1776214844000
1776214846.139,46.139,0.42,4.78,0.33,20.0,0.53,5.0,0.54,5.0,0.47,5.0,0.46,5.0,0.58,4.78,0.67,20.0,0.11,0.11,0.093312,1776214845000
1776214846.915,46.915,0.42,4.78,0.33,20.0,0.53,5.0,0.54,5.0,0.47,5.0,0.46,5.0,0.58,4.78,0.67,20.0,0.11,0.11,0.093312,1776214846000
1776214847.978,47.978,0.42,4.78,0.33,20.0,0.53,5.0,0.54,5.0,0.47,5.0,0.46,5.0,0.58,4.78,0.67,20.0,0.11,0.11,0.093311,1776214847000
1776214848.954,48.954,0.42,4.78,0.33,20.0,0.53,5.0,0.54,5.0,0.47,5.0,0.46,5.0,0.58,4.78,0.67,20.0,0.11,0.11,0.09331,1776214848000
1776214850.047,50.047,0.42,4.78,0.33,20.0,0.53,5.0,0.54,5.0,0.47,5.0,0.46,5.0,0.58,4.78,0.67,20.0,0.11,0.11,0.09331,1776214849000
1776214851.038,51.038,0.42,4.78,0.33,20.0,0.53,5.0,0.54,5.0,0.47,5.0,0.46,5.0,0.58,4.78,0.67,20.0,0.11,0.11,0.09331,1776214850000
1776214852.105,52.105,0.42,4.78,0.33,20.0,0.53,5.0,0.54,5.0,0.47,5.0,0.46,5.0,0.58,4.78,0.67,20.0,0.11,0.11,0.093296,1776214851000
1776214853.459,53.459,0.42,4.78,0.33,20.0,0.53,5.0,0.54,5.0,0.47,5.0,0.46,5.0,0.58,4.78,0.67,20.0,0.11,0.11,0.093281,1776214852000
1776214853.9,53.9,0.28,2.0,0.27,6.0,0.29,21.0,0.34,10.0,0.47,5.0,0.46,5.0,0.58,4.78,0.67,20.0,0.01,0.11,0.093281,1776214852000
1776214854.671,54.671,0.28,2.0,0.27,6.0,0.29,21.0,0.34,10.0,0.71,21.0,0.66,10.0,0.72,2.0,0.73,6.0,0.01,0.01,0.093265,1776214853000
1776214855.112,55.112,0.28,2.0,0.27,6.0,0.29,21.0,0.34,10.0,0.71,21.0,0.66,10.0,0.72,2.0,0.73,6.0,0.01,0.01,0.093261,1776214854000
1776214856.082,56.082,0.28,2.0,0.27,6.0,0.29,21.0,0.34,10.0,0.71,21.0,0.66,10.0,0.72,2.0,0.73,6.0,0.01,0.01,0.093251,1776214855000
1776214857.152,57.152,0.28,2.0,0.27,6.0,0.29,21.0,0.34,10.0,0.71,21.0,0.66,10.0,0.72,2.0,0.73,6.0,0.01,0.01,0.09325,1776214856000
1776214858.133,58.133,0.28,2.0,0.27,6.0,0.29,21.0,0.34,10.0,0.71,21.0,0.66,10.0,0.72,2.0,0.73,6.0,0.01,0.01,0.09325,1776214857000
1776214859.202,59.202,0.28,2.0,0.27,6.0,0.29,21.0,0.34,10.0,0.71,21.0,0.66,10.0,0.72,2.0,0.73,6.0,0.01,0.01,0.093249,1776214858000
1776214860.19,60.19,0.28,2.0,0.27,6.0,0.29,21.0,0.34,10.0,0.71,21.0,0.66,10.0,0.72,2.0,0.73,6.0,0.01,0.01,0.093249,1776214859000
1776214861.157,61.157,0.28,2.0,0.27,6.0,0.29,21.0,0.34,10.0,0.71,21.0,0.66,10.0,0.72,2.0,0.73,6.0,0.01,0.01,0.093249,1776214860000
1776214861.578,61.578,0.21,4.0,0.19,16.89,0.23,21.0,0.24,5.0,0.77,26.0,0.72,10.0,0.79,9.0,0.81,16.89,0.02,0.02,0.093249,1776214860000
1776214862.306,62.306,0.21,4.0,0.19,16.89,0.23,21.0,0.24,5.0,0.77,21.0,0.76,5.0,0.79,4.0,0.81,16.89,0.02,0.02,0.093248,1776214861000
1776214863.235,63.235,0.21,4.0,0.19,16.89,0.23,21.0,0.24,5.0,0.77,21.0,0.76,5.0,0.79,4.0,0.81,16.89,0.02,0.02,0.093234,1776214862000
1776214864.317,64.317,0.21,4.0,0.19,16.89,0.23,21.0,0.24,5.0,0.77,21.0,0.76,5.0,0.79,4.0,0.81,16.89,0.02,0.02,0.093242,1776214863000
1776214865.289,65.289,0.21,10.09,0.2,16.2,0.23,21.0,0.29,5.0,0.77,21.0,0.71,5.0,0.79,10.09,0.8,16.2,0.02,0.02,0.09325,1776214864000
1776214866.248,66.248,0.21,10.09,0.2,16.2,0.23,21.0,0.29,5.0,0.77,21.0,0.71,5.0,0.79,10.09,0.8,16.2,0.02,0.02,0.09325,1776214865000
1776214866.872,66.872,0.21,10.09,0.2,16.2,0.23,20.78,0.29,5.0,0.77,20.78,0.71,5.0,0.79,10.09,0.8,16.2,0.02,0.02,0.093249,1776214866000
1776214868.161,68.161,0.21,10.09,0.2,16.2,0.23,20.78,0.29,5.0,0.77,20.78,0.71,5.0,0.79,10.09,0.8,16.2,0.02,0.02,0.093246,1776214867000
1776214869.333,69.333,0.21,10.09,0.2,16.2,0.23,20.78,0.29,5.0,0.77,20.78,0.71,5.0,0.79,10.09,0.8,16.2,0.02,0.02,0.09325,1776214868000
1776214870.042,70.042,0.21,10.09,0.2,16.2,0.23,20.78,0.29,5.0,0.77,20.78,0.71,5.0,0.79,10.09,0.8,16.2,0.02,0.02,0.09325,1776214869000
1776214871.362,71.362,0.21,10.09,0.2,16.2,0.23,20.78,0.29,5.0,0.77,20.78,0.71,5.0,0.79,10.09,0.8,16.2,0.02,0.02,0.093249,1776214870000
1776214872.28,72.28,0.21,10.09,0.2,16.2,0.23,20.78,0.29,5.0,0.77,20.78,0.71,5.0,0.79,10.09,0.8,16.2,0.02,0.02,0.093249,1776214871000
1776214873.665,73.665,0.21,10.09,0.2,16.2,0.23,20.78,0.29,5.0,0.77,20.78,0.71,5.0,0.79,10.09,0.8,16.2,0.02,0.02,0.093252,1776214872000
1776214874.338,74.338,0.21,10.09,0.2,16.2,0.23,20.78,0.29,5.0,0.77,20.78,0.71,5.0,0.79,10.09,0.8,16.2,0.02,0.02,0.093252,1776214873000
1776214875.181,75.181,0.21,10.09,0.2,16.2,0.23,20.78,0.29,5.0,0.77,20.78,0.71,5.0,0.79,10.09,0.8,16.2,0.02,0.02,0.093252,1776214874000
1776214876.727,76.727,0.21,10.09,0.2,16.2,0.31,10.67,0.32,10.0,0.69,10.67,0.68,10.0,0.79,10.09,0.8,16.2,0.1,0.1,0.093252,1776214875000
1776214877.43,77.43,0.21,10.09,0.2,16.2,0.31,10.67,0.32,10.0,0.69,10.67,0.68,10.0,0.79,10.09,0.8,16.2,0.1,0.1,0.093254,1776214876000
1776214878.11,78.11,0.21,10.09,0.2,16.2,0.31,10.67,0.32,10.0,0.69,10.67,0.68,10.0,0.79,10.09,0.8,16.2,0.1,0.1,0.093255,1776214877000
1776214879.471,79.471,0.21,10.09,0.2,16.2,0.31,10.67,0.32,10.0,0.69,10.67,0.68,10.0,0.79,10.09,0.8,16.2,0.1,0.1,0.093255,1776214878000
1776214880.179,80.179,0.21,10.09,0.2,16.2,0.31,10.67,0.32,10.0,0.69,10.67,0.68,10.0,0.79,10.09,0.8,16.2,0.1,0.1,0.093254,1776214879000
1776214881.541,81.541,0.21,10.09,0.2,16.2,0.31,10.67,0.32,10.0,0.69,10.67,0.68,10.0,0.79,10.09,0.8,16.2,0.1,0.1,0.09325,1776214880000
1776214882.271,82.271,0.21,10.09,0.2,16.2,0.31,10.67,0.32,10.0,0.69,10.67,0.68,10.0,0.79,10.09,0.8,16.2,0.1,0.1,0.093249,1776214881000
1776214883.401,83.401,0.21,10.09,0.2,16.2,0.31,10.67,0.32,10.0,0.69,10.67,0.68,10.0,0.79,10.09,0.8,16.2,0.1,0.1,0.093251,1776214882000
1776214884.188,84.188,0.21,10.09,0.2,16.2,0.31,10.67,0.32,10.0,0.69,10.67,0.68,10.0,0.79,10.09,0.8,16.2,0.1,0.1,0.093254,1776214883000
1776214885.997,85.997,0.21,10.09,0.2,16.2,0.31,10.67,0.32,10.0,0.69,10.67,0.68,10.0,0.79,10.09,0.8,16.2,0.1,0.1,0.093253,1776214884000
1776214886.597,86.597,0.21,10.09,0.2,16.2,0.31,10.67,0.32,10.0,0.69,10.67,0.68,10.0,0.79,10.09,0.8,16.2,0.1,0.1,0.093251,1776214885000
1776214887.211,87.211,0.21,10.09,0.2,16.2,0.31,10.67,0.32,10.0,0.69,10.67,0.68,10.0,0.79,10.09,0.8,16.2,0.1,0.1,0.093251,1776214886000
1776214888.369,88.369,0.21,10.09,0.2,16.2,0.31,10.67,0.32,10.0,0.69,10.67,0.68,10.0,0.79,10.09,0.8,16.2,0.1,0.1,0.09325,1776214887000
1776214889.48,89.48,0.21,10.09,0.2,16.2,0.31,10.67,0.32,10.0,0.69,10.67,0.68,10.0,0.79,10.09,0.8,16.2,0.1,0.1,0.093251,1776214888000
1776214890.11,90.11,0.21,10.09,0.2,16.2,0.31,10.67,0.32,10.0,0.69,10.67,0.68,10.0,0.79,10.09,0.8,16.2,0.1,0.1,0.093251,1776214889000
1776214891.221,91.221,0.21,10.09,0.2,16.2,0.31,10.67,0.32,10.0,0.69,10.67,0.68,10.0,0.79,10.09,0.8,16.2,0.1,0.1,0.093251,1776214890000
1776214892.281,92.281,0.21,10.09,0.2,16.2,0.31,10.67,0.32,10.0,0.69,10.67,0.68,10.0,0.79,10.09,0.8,16.2,0.1,0.1,0.093251,1776214891000
1776214893.405,93.405,0.21,10.09,0.2,16.2,0.31,10.67,0.32,10.0,0.69,10.67,0.68,10.0,0.79,10.09,0.8,16.2,0.1,0.1,0.093251,1776214892000
1776214893.951,93.951,0.21,10.09,0.2,16.2,0.31,10.67,0.32,10.0,0.69,10.67,0.68,10.0,0.79,10.09,0.8,16.2,0.1,0.1,0.093251,1776214893000
1776214895.049,95.049,0.21,10.09,0.2,16.2,0.31,10.67,0.32,10.0,0.69,10.67,0.68,10.0,0.79,10.09,0.8,16.2,0.1,0.1,0.093248,1776214894000
1776214895.318,95.318,0.2,15.7,0.19,16.89,0.3,21.0,0.31,60.0,0.69,10.67,0.68,10.0,0.79,10.09,0.8,16.2,0.1,0.1,0.093248,1776214894000
1776214896.272,96.272,0.2,15.7,0.19,16.89,0.3,21.0,0.31,60.0,0.7,21.0,0.69,60.0,0.8,15.7,0.81,16.89,0.1,0.1,0.093249,1776214895000
1776214897.331,97.331,0.2,15.7,0.19,16.89,0.3,21.0,0.31,60.0,0.7,21.0,0.69,60.0,0.8,15.7,0.81,16.89,0.1,0.1,0.093254,1776214896000
1776214897.951,97.951,0.2,15.7,0.19,16.89,0.3,21.0,0.31,60.0,0.7,21.0,0.69,60.0,0.8,15.7,0.81,16.89,0.1,0.1,0.093259,1776214897000
1776214899.09,99.09,0.2,15.7,0.19,16.89,0.3,21.0,0.31,60.0,0.7,21.0,0.69,60.0,0.8,15.7,0.81,16.89,0.1,0.1,0.093273,1776214898000
1776214900.765,100.765,0.2,15.7,0.19,16.89,0.3,21.0,0.31,60.0,0.7,21.0,0.69,60.0,0.8,15.7,0.81,16.89,0.1,0.1,0.093274,1776214899000
1776214901.23,101.23,0.2,15.7,0.19,16.89,0.3,21.0,0.31,60.0,0.7,21.0,0.69,60.0,0.8,15.7,0.81,16.89,0.1,0.1,0.093274,1776214900000
1776214902.319,102.319,0.2,15.7,0.19,16.89,0.3,21.0,0.31,60.0,0.7,21.0,0.69,60.0,0.8,15.7,0.81,16.89,0.1,0.1,0.09326,1776214901000
1776214903.486,103.486,0.2,15.7,0.19,16.89,0.3,21.0,0.31,60.0,0.7,21.0,0.69,60.0,0.8,15.7,0.81,16.89,0.1,0.1,0.093259,1776214902000
1776214904.042,104.042,0.2,15.7,0.19,16.89,0.3,21.0,0.31,60.0,0.7,21.0,0.69,60.0,0.8,15.7,0.81,16.89,0.1,0.1,0.093259,1776214903000
1776214905.217,105.217,0.2,15.7,0.19,16.89,0.3,21.0,0.31,60.0,0.7,21.0,0.69,60.0,0.8,15.7,0.81,16.89,0.1,0.1,0.093258,1776214904000
1776214905.44,105.44,0.25,5.0,0.22,15.2,0.34,10.0,0.37,10.0,0.7,21.0,0.69,60.0,0.8,15.7,0.81,16.89,0.09,0.1,0.093258,1776214904000
1776214906.255,106.255,0.25,5.0,0.22,15.2,0.34,10.0,0.37,10.0,0.66,10.0,0.63,10.0,0.75,5.0,0.78,15.2,0.09,0.09,0.093259,1776214905000
1776214907.402,107.402,0.25,5.0,0.22,15.2,0.34,10.0,0.37,10.0,0.66,10.0,0.63,10.0,0.75,5.0,0.78,15.2,0.09,0.09,0.093276,1776214906000
1776214907.975,107.975,0.25,5.0,0.22,15.2,0.34,10.0,0.37,10.0,0.66,10.0,0.63,10.0,0.75,5.0,0.78,15.2,0.09,0.09,0.093276,1776214907000
1776214909.11,109.11,0.25,5.0,0.22,15.2,0.34,10.0,0.37,10.0,0.66,10.0,0.63,10.0,0.75,5.0,0.78,15.2,0.09,0.09,0.093275,1776214908000
1776214910.005,110.005,0.23,0.02,0.22,20.2,0.34,15.0,0.37,40.0,0.66,15.0,0.63,40.0,0.77,0.02,0.78,20.2,0.11,0.11,0.093268,1776214909000
1776214911.088,111.088,0.23,0.02,0.22,20.2,0.34,15.0,0.37,40.0,0.66,15.0,0.63,40.0,0.77,0.02,0.78,20.2,0.11,0.11,0.093269,1776214910000
1776214912.089,112.089,0.23,0.02,0.22,20.2,0.34,15.0,0.37,40.0,0.66,15.0,0.63,40.0,0.77,0.02,0.78,20.2,0.11,0.11,0.09327,1776214911000
1776214912.435,112.435,0.22,14.97,0.21,39.7,0.34,5.0,0.37,10.0,0.66,15.0,0.63,40.0,0.77,0.02,0.78,20.2,0.12,0.11,0.09327,1776214911000
1776214913.166,113.166,0.22,14.97,0.21,39.7,0.34,5.0,0.37,10.0,0.66,5.0,0.63,10.0,0.78,14.97,0.79,39.7,0.12,0.12,0.093267,1776214912000
1776214913.416,113.416,0.21,39.7,0.2,16.2,0.34,5.0,0.37,10.0,0.66,5.0,0.63,10.0,0.78,14.97,0.79,39.7,0.13,0.12,0.093267,1776214912000
1776214914.704,114.704,0.21,39.7,0.2,16.2,0.34,5.0,0.37,10.0,0.66,5.0,0.63,10.0,0.79,39.7,0.8,16.2,0.13,0.13,0.093267,1776214913000
1776214915.268,115.268,0.21,39.7,0.2,16.2,0.34,5.0,0.37,10.0,0.66,5.0,0.63,10.0,0.79,39.7,0.8,16.2,0.13,0.13,0.093268,1776214914000
1776214916.574,116.574,0.21,39.7,0.2,16.2,0.34,5.0,0.37,10.0,0.66,5.0,0.63,10.0,0.79,39.7,0.8,16.2,0.13,0.13,0.093271,1776214915000
1776214917.203,117.203,0.21,39.7,0.2,16.2,0.34,5.0,0.37,10.0,0.66,5.0,0.63,10.0,0.79,39.7,0.8,16.2,0.13,0.13,0.093269,1776214916000
1776214918.405,118.405,0.21,39.7,0.2,16.2,0.34,5.0,0.37,10.0,0.66,5.0,0.63,10.0,0.79,39.7,0.8,16.2,0.13,0.13,0.093269,1776214917000
1776214919.08,119.08,0.21,39.7,0.2,16.2,0.34,5.0,0.37,10.0,0.66,5.0,0.63,10.0,0.79,39.7,0.8,16.2,0.13,0.13,0.093268,1776214918000
1776214920.332,120.332,0.21,39.7,0.2,16.2,0.34,5.0,0.37,10.0,0.66,5.0,0.63,10.0,0.79,39.7,0.8,16.2,0.13,0.13,0.09326,1776214919000
1776214921.478,121.478,0.17,10.0,0.16,36.3,0.3,5.0,0.31,50.0,0.7,5.0,0.69,50.0,0.83,10.0,0.84,36.3,0.13,0.13,0.093259,1776214920000
1776214922.079,122.079,0.17,10.0,0.16,36.3,0.3,5.0,0.31,50.0,0.7,5.0,0.69,50.0,0.83,10.0,0.84,36.3,0.13,0.13,0.093259,1776214921000
1776214923.121,123.121,0.17,10.0,0.16,36.3,0.3,5.0,0.31,50.0,0.7,5.0,0.69,50.0,0.83,10.0,0.84,36.3,0.13,0.13,0.093258,1776214922000
1776214924.239,124.239,0.17,10.0,0.16,36.3,0.3,5.0,0.31,50.0,0.7,5.0,0.69,50.0,0.83,10.0,0.84,36.3,0.13,0.13,0.093262,1776214923000
1776214925.378,125.378,0.17,10.0,0.16,36.3,0.3,5.0,0.31,50.0,0.7,5.0,0.69,50.0,0.83,10.0,0.84,36.3,0.13,0.13,0.093259,1776214924000
1776214925.985,125.985,0.17,10.0,0.16,36.3,0.3,5.0,0.31,50.0,0.7,5.0,0.69,50.0,0.83,10.0,0.84,36.3,0.13,0.13,0.093261,1776214925000
1776214926.616,126.616,0.16,18.75,0.15,38.39,0.29,5.0,0.31,50.0,0.7,5.0,0.69,50.0,0.83,10.0,0.84,36.3,0.13,0.13,0.093261,1776214925000
1776214927.129,127.129,0.16,18.75,0.15,38.39,0.29,5.0,0.31,50.0,0.71,5.0,0.69,50.0,0.84,18.75,0.85,38.39,0.13,0.13,0.093261,1776214926000
1776214928.277,128.277,0.16,18.75,0.15,38.39,0.29,5.0,0.31,50.0,0.71,5.0,0.69,50.0,0.84,18.75,0.85,38.39,0.13,0.13,0.093261,1776214927000
1776214930.125,130.125,0.19,21.89,0.18,17.6,0.33,10.0,0.34,5.0,0.67,10.0,0.66,5.0,0.81,21.89,0.82,17.6,0.14,0.14,0.093273,1776214929000
1776214931.182,131.182,0.19,21.89,0.18,17.6,0.33,10.0,0.34,5.0,0.67,10.0,0.66,5.0,0.81,21.89,0.82,17.6,0.14,0.14,0.093273,1776214930000
1776214932.389,132.389,0.19,21.89,0.18,17.6,0.33,10.0,0.34,5.0,0.67,10.0,0.66,5.0,0.81,21.89,0.82,17.6,0.14,0.14,0.093266,1776214931000
1776214932.917,132.917,0.18,3.46,0.16,8.75,0.29,5.0,0.31,50.0,0.71,5.0,0.69,50.0,0.82,3.46,0.84,8.75,0.11,0.11,0.093261,1776214932000
1776214934.289,134.289,0.18,3.46,0.16,8.75,0.29,5.0,0.31,50.0,0.71,5.0,0.69,50.0,0.82,3.46,0.84,8.75,0.11,0.11,0.09326,1776214933000
1776214935.546,135.546,0.18,3.46,0.16,8.75,0.29,5.0,0.31,50.0,0.71,5.0,0.69,50.0,0.82,3.46,0.84,8.75,0.11,0.11,0.093257,1776214934000
1776214936.167,136.167,0.18,3.46,0.16,8.75,0.29,5.0,0.31,50.0,0.71,5.0,0.69,50.0,0.82,3.46,0.84,8.75,0.11,0.11,0.093257,1776214935000
1776214936.368,136.368,0.15,25.39,0.14,40.6,0.28,5.0,0.31,50.0,0.71,5.0,0.69,50.0,0.82,3.46,0.84,8.75,0.13,0.11,0.093257,1776214935000
1776214937.509,137.509,0.15,25.39,0.14,40.6,0.28,5.0,0.31,50.0,0.72,5.0,0.69,50.0,0.85,25.39,0.86,40.6,0.13,0.13,0.09326,1776214936000
1776214937.904,137.904,0.15,25.39,0.14,40.6,0.28,5.0,0.31,50.0,0.72,5.0,0.69,50.0,0.85,25.39,0.86,40.6,0.13,0.13,0.093258,1776214937000
1776214938.426,138.426,0.14,40.6,0.13,23.0,0.28,5.0,0.31,50.0,0.72,5.0,0.69,50.0,0.85,25.39,0.86,40.6,0.14,0.13,0.093258,1776214937000
1776214939.497,139.497,0.14,40.6,0.13,23.0,0.28,5.0,0.31,50.0,0.72,5.0,0.69,50.0,0.86,40.6,0.87,23.0,0.14,0.14,0.093258,1776214938000
1776214940.054,140.054,0.14,40.6,0.13,23.0,0.28,5.0,0.31,50.0,0.72,5.0,0.69,50.0,0.86,40.6,0.87,23.0,0.14,0.14,0.093258,1776214939000
1776214940.26,140.26,0.14,40.6,0.13,23.0,0.27,5.0,0.28,5.0,0.72,5.0,0.69,50.0,0.86,40.6,0.87,23.0,0.13,0.14,0.093258,1776214939000
1776214941.475,141.475,0.14,40.6,0.13,23.0,0.27,5.0,0.28,5.0,0.73,5.0,0.72,5.0,0.86,40.6,0.87,23.0,0.13,0.13,0.093259,1776214940000
1776214942.006,142.006,0.14,40.6,0.13,23.0,0.27,5.0,0.28,5.0,0.73,5.0,0.72,5.0,0.86,40.6,0.87,23.0,0.13,0.13,0.093259,1776214941000
1776214943.27,143.27,0.14,40.6,0.13,23.0,0.27,5.0,0.28,5.0,0.73,5.0,0.72,5.0,0.86,40.6,0.87,23.0,0.13,0.13,0.093259,1776214942000
1776214944.44,144.44,0.14,23.15,0.13,23.0,0.24,5.0,0.28,5.0,0.73,5.0,0.72,5.0,0.86,40.6,0.87,23.0,0.1,0.13,0.093259,1776214942000
1776214944.978,144.978,0.14,23.15,0.13,23.0,0.24,5.0,0.28,5.0,0.76,5.0,0.72,5.0,0.86,23.15,0.87,23.0,0.1,0.1,0.093259,1776214943000
1776214945.55,145.55,0.14,23.15,0.13,23.0,0.24,5.0,0.28,5.0,0.76,5.0,0.72,5.0,0.86,23.15,0.87,23.0,0.1,0.1,0.093259,1776214944000
1776214946.087,146.087,0.12,21.0,0.11,26.6,0.21,4.75,0.24,5.0,0.76,5.0,0.72,5.0,0.86,23.15,0.87,23.0,0.09,0.1,0.093259,1776214944000
1776214946.59,146.59,0.12,21.0,0.11,26.6,0.21,4.75,0.24,5.0,0.79,4.75,0.76,5.0,0.88,21.0,0.89,26.6,0.09,0.09,0.093259,1776214945000
1776214947.135,147.135,0.12,21.0,0.11,26.6,0.21,4.75,0.24,5.0,0.79,4.75,0.76,5.0,0.88,21.0,0.89,26.6,0.09,0.09,0.093249,1776214946000
1776214948.18,148.18,0.11,26.6,0.1,33.9,0.21,5.0,0.24,5.0,0.79,5.0,0.76,5.0,0.89,26.6,0.9,33.9,0.1,0.1,0.093249,1776214947000
1776214949.255,149.255,0.11,26.6,0.1,33.9,0.21,5.0,0.24,5.0,0.79,5.0,0.76,5.0,0.89,26.6,0.9,33.9,0.1,0.1,0.093249,1776214948000
1776214950.42,150.42,0.11,26.6,0.1,33.9,0.21,5.0,0.24,5.0,0.79,5.0,0.76,5.0,0.89,26.6,0.9,33.9,0.1,0.1,0.093246,1776214949000
1776214951.005,151.005,0.11,26.6,0.1,33.9,0.21,5.0,0.24,5.0,0.79,5.0,0.76,5.0,0.89,26.6,0.9,33.9,0.1,0.1,0.093246,1776214950000
1776214951.398,151.398,0.1,33.9,0.09,58.7,0.2,5.0,0.24,5.0,0.79,5.0,0.76,5.0,0.89,26.6,0.9,33.9,0.1,0.1,0.093246,1776214950000
1776214951.612,151.612,0.1,32.78,0.09,58.7,0.2,5.0,0.24,5.0,0.8,5.0,0.76,5.0,0.9,33.9,0.91,58.7,0.1,0.1,0.093246,1776214950000
1776214952.056,152.056,0.1,32.78,0.09,58.7,0.2,5.0,0.24,5.0,0.8,5.0,0.76,5.0,0.9,32.78,0.91,58.7,0.1,0.1,0.093246,1776214951000
1776214953.086,153.086,0.1,32.78,0.09,58.7,0.2,5.0,0.24,5.0,0.8,5.0,0.76,5.0,0.9,32.78,0.91,58.7,0.1,0.1,0.093245,1776214952000
1776214953.319,153.319,0.1,4.66,0.09,58.7,0.2,5.0,0.24,5.0,0.8,5.0,0.76,5.0,0.9,32.78,0.91,58.7,0.1,0.1,0.093245,1776214952000
1776214954.145,154.145,0.1,4.66,0.09,58.7,0.2,5.0,0.24,5.0,0.8,5.0,0.76,5.0,0.9,4.66,0.91,58.7,0.1,0.1,0.093246,1776214953000
1776214955.198,155.198,0.1,4.66,0.09,58.7,0.2,5.0,0.24,5.0,0.8,5.0,0.76,5.0,0.9,4.66,0.91,58.7,0.1,0.1,0.093245,1776214954000
1776214956.19,156.19,0.1,4.66,0.09,58.7,0.2,5.0,0.24,5.0,0.8,5.0,0.76,5.0,0.9,4.66,0.91,58.7,0.1,0.1,0.093246,1776214955000
1776214957.348,157.348,0.1,4.66,0.09,58.7,0.2,5.0,0.24,5.0,0.8,5.0,0.76,5.0,0.9,4.66,0.91,58.7,0.1,0.1,0.093246,1776214956000
1776214958.343,158.343,0.1,4.66,0.09,58.7,0.2,5.0,0.24,5.0,0.8,5.0,0.76,5.0,0.9,4.66,0.91,58.7,0.1,0.1,0.093246,1776214957000
1776214958.91,158.91,0.1,4.66,0.09,58.7,0.2,5.0,0.24,5.0,0.8,5.0,0.76,5.0,0.9,4.66,0.91,58.7,0.1,0.1,0.093247,1776214958000
1776214960.467,160.467,0.1,4.66,0.09,58.7,0.2,5.0,0.24,5.0,0.8,5.0,0.76,5.0,0.9,4.66,0.91,58.7,0.1,0.1,0.093249,1776214959000
1776214961.068,161.068,0.1,4.66,0.09,58.7,0.2,5.0,0.24,5.0,0.8,5.0,0.76,5.0,0.9,4.66,0.91,58.7,0.1,0.1,0.093249,1776214960000
1776214962.119,162.119,0.1,4.66,0.09,58.7,0.2,5.0,0.24,5.0,0.8,5.0,0.76,5.0,0.9,4.66,0.91,58.7,0.1,0.1,0.093245,1776214961000
1776214962.859,162.859,0.09,3.9,0.08,35.29,0.19,5.0,0.21,50.0,0.8,5.0,0.76,5.0,0.9,4.66,0.91,58.7,0.1,0.1,0.093245,1776214961000
1776214963.26,163.26,0.09,3.9,0.08,35.29,0.19,5.0,0.21,50.0,0.81,5.0,0.79,50.0,0.91,3.9,0.92,35.29,0.1,0.1,0.093245,1776214962000
1776214964.529,164.529,0.09,3.9,0.08,35.29,0.19,5.0,0.21,50.0,0.81,5.0,0.79,50.0,0.91,3.9,0.92,35.29,0.1,0.1,0.093245,1776214963000
1776214965.075,165.075,0.09,3.9,0.08,35.29,0.19,5.0,0.21,50.0,0.81,5.0,0.79,50.0,0.91,3.9,0.92,35.29,0.1,0.1,0.093245,1776214964000
1776214966.368,166.368,0.09,3.9,0.08,35.29,0.19,5.0,0.21,50.0,0.81,5.0,0.79,50.0,0.91,3.9,0.92,35.29,0.1,0.1,0.093245,1776214965000
1776214967.441,167.441,0.09,3.9,0.08,35.29,0.19,5.0,0.21,50.0,0.81,5.0,0.79,50.0,0.91,3.9,0.92,35.29,0.1,0.1,0.093243,1776214966000
1776214968.034,168.034,0.09,3.9,0.08,35.29,0.19,5.0,0.21,50.0,0.81,5.0,0.79,50.0,0.91,3.9,0.92,35.29,0.1,0.1,0.093243,1776214967000
1776214969.371,169.371,0.09,3.9,0.08,35.29,0.19,5.0,0.21,50.0,0.81,5.0,0.79,50.0,0.91,3.9,0.92,35.29,0.1,0.1,0.093243,1776214968000
1776214970.379,170.379,0.09,3.9,0.08,35.29,0.19,5.0,0.21,50.0,0.81,5.0,0.79,50.0,0.91,3.9,0.92,35.29,0.1,0.1,0.093243,1776214969000
1776214970.979,170.979,0.09,3.9,0.08,35.29,0.19,5.0,0.21,50.0,0.81,5.0,0.79,50.0,0.91,3.9,0.92,35.29,0.1,0.1,0.093243,1776214970000
1776214972.153,172.153,0.09,3.9,0.08,35.29,0.19,5.0,0.21,50.0,0.81,5.0,0.79,50.0,0.91,3.9,0.92,35.29,0.1,0.1,0.093243,1776214971000
1776214973.249,173.249,0.09,3.9,0.08,35.29,0.19,5.0,0.21,50.0,0.81,5.0,0.79,50.0,0.91,3.9,0.92,35.29,0.1,0.1,0.093244,1776214972000
1776214974.305,174.305,0.09,3.9,0.08,35.29,0.19,5.0,0.21,50.0,0.81,5.0,0.79,50.0,0.91,3.9,0.92,35.29,0.1,0.1,0.093246,1776214973000
1776214975.618,175.618,0.09,3.9,0.08,35.29,0.19,5.0,0.21,50.0,0.81,5.0,0.79,50.0,0.91,3.9,0.92,35.29,0.1,0.1,0.093247,1776214974000
1776214976.345,176.345,0.09,3.9,0.08,35.29,0.19,5.0,0.21,50.0,0.81,5.0,0.79,50.0,0.91,3.9,0.92,35.29,0.1,0.1,0.093248,1776214975000
1776214977.117,177.117,0.09,3.9,0.08,35.29,0.19,5.0,0.21,50.0,0.81,5.0,0.79,50.0,0.91,3.9,0.92,35.29,0.1,0.1,0.093278,1776214976000
1776214978.533,178.533,0.09,3.9,0.08,35.29,0.19,5.0,0.21,50.0,0.81,5.0,0.79,50.0,0.91,3.9,0.92,35.29,0.1,0.1,0.093282,1776214977000
1776214979.171,179.171,0.09,3.9,0.08,35.29,0.19,5.0,0.21,50.0,0.81,5.0,0.79,50.0,0.91,3.9,0.92,35.29,0.1,0.1,0.093289,1776214978000
1776214980.414,180.414,0.32,10.0,0.24,20.0,0.36,16.3,0.39,10.0,0.81,5.0,0.79,50.0,0.91,3.9,0.92,35.29,0.04,0.1,0.093289,1776214978000
1776214981.612,181.612,0.32,10.0,0.24,20.0,0.36,16.3,0.39,10.0,0.64,16.3,0.61,10.0,0.68,10.0,0.76,20.0,0.04,0.04,0.093292,1776214980000
1776214982.561,182.561,0.32,10.0,0.24,20.0,0.36,16.3,0.39,10.0,0.64,16.3,0.61,10.0,0.68,10.0,0.76,20.0,0.04,0.04,0.093293,1776214981000
1776214983.348,183.348,0.34,5.0,0.33,5.0,0.36,1.3,0.48,19.23,0.64,1.3,0.52,19.23,0.66,5.0,0.67,5.0,0.02,0.02,0.093311,1776214982000
1776214984.41,184.41,0.34,5.0,0.33,5.0,0.36,1.3,0.48,19.23,0.64,1.3,0.52,19.23,0.66,5.0,0.67,5.0,0.02,0.02,0.093313,1776214983000
1776214985.114,185.114,0.34,5.0,0.33,5.0,0.36,1.3,0.48,19.23,0.64,1.3,0.52,19.23,0.66,5.0,0.67,5.0,0.02,0.02,0.093321,1776214984000
1776214986.495,186.495,0.34,5.0,0.33,5.0,0.36,1.3,0.48,19.23,0.64,1.3,0.52,19.23,0.66,5.0,0.67,5.0,0.02,0.02,0.093313,1776214985000
1776214987.158,187.158,0.34,5.0,0.33,5.0,0.36,1.3,0.48,19.23,0.64,1.3,0.52,19.23,0.66,5.0,0.67,5.0,0.02,0.02,0.093313,1776214986000
1776214988.505,188.505,0.19,13.89,0.18,17.6,0.36,1.3,0.48,19.23,0.64,1.3,0.52,19.23,0.66,5.0,0.67,5.0,0.17,0.02,0.093313,1776214986000
1776214989.184,189.184,0.19,13.89,0.18,17.6,0.36,1.3,0.48,19.23,0.64,1.3,0.52,19.23,0.81,13.89,0.82,17.6,0.17,0.17,0.093314,1776214988000
1776214990.566,190.566,0.19,13.89,0.18,17.6,0.36,1.3,0.48,19.23,0.64,1.3,0.52,19.23,0.81,13.89,0.82,17.6,0.17,0.17,0.093314,1776214989000
1776214991.144,191.144,0.19,13.89,0.18,17.6,0.36,1.3,0.48,19.23,0.64,1.3,0.52,19.23,0.81,13.89,0.82,17.6,0.17,0.17,0.093314,1776214990000
1776214992.517,192.517,0.19,13.89,0.18,17.6,0.36,1.3,0.48,19.23,0.64,1.3,0.52,19.23,0.81,13.89,0.82,17.6,0.17,0.17,0.093315,1776214991000
1776214993.124,193.124,0.19,13.89,0.18,17.6,0.36,1.3,0.48,19.23,0.64,1.3,0.52,19.23,0.81,13.89,0.82,17.6,0.17,0.17,0.093314,1776214992000
1776214994.393,194.393,0.19,13.89,0.18,17.6,0.36,1.3,0.48,19.23,0.64,1.3,0.52,19.23,0.81,13.89,0.82,17.6,0.17,0.17,0.093315,1776214993000
1776214995.083,195.083,0.19,13.89,0.18,17.6,0.36,1.3,0.48,19.23,0.64,1.3,0.52,19.23,0.81,13.89,0.82,17.6,0.17,0.17,0.093317,1776214994000
1776214996.251,196.251,0.32,5.0,0.17,5.0,0.41,50.0,0.44,5.0,0.64,1.3,0.52,19.23,0.81,13.89,0.82,17.6,0.09,0.17,0.093317,1776214994000
1776214997.597,197.597,0.32,5.0,0.17,5.0,0.41,50.0,0.44,5.0,0.59,50.0,0.56,5.0,0.68,5.0,0.83,5.0,0.09,0.09,0.093315,1776214996000
1776214998.158,198.158,0.32,5.0,0.17,5.0,0.41,50.0,0.44,5.0,0.59,50.0,0.56,5.0,0.68,5.0,0.83,5.0,0.09,0.09,0.093313,1776214997000
1776214999.195,199.195,0.32,5.0,0.17,5.0,0.41,50.0,0.44,5.0,0.59,50.0,0.56,5.0,0.68,5.0,0.83,5.0,0.09,0.09,0.093312,1776214998000
1776215000.521,200.521,0.32,5.0,0.17,5.0,0.41,50.0,0.44,5.0,0.59,50.0,0.56,5.0,0.68,5.0,0.83,5.0,0.09,0.09,0.09331,1776214999000
1776215001.085,201.085,0.32,5.0,0.17,5.0,0.41,50.0,0.44,5.0,0.59,50.0,0.56,5.0,0.68,5.0,0.83,5.0,0.09,0.09,0.09331,1776215000000
1776215002.369,202.369,0.32,5.0,0.17,5.0,0.41,50.0,0.44,5.0,0.59,50.0,0.56,5.0,0.68,5.0,0.83,5.0,0.09,0.09,0.093313,1776215001000
1776215003.003,203.003,0.32,5.0,0.17,5.0,0.41,50.0,0.44,5.0,0.59,50.0,0.56,5.0,0.68,5.0,0.83,5.0,0.09,0.09,0.093313,1776215002000
1776215004.398,204.398,0.32,5.0,0.17,5.0,0.41,50.0,0.44,5.0,0.59,50.0,0.56,5.0,0.68,5.0,0.83,5.0,0.09,0.09,0.093321,1776215003000
1776215004.633,204.633,0.45,36.0,0.31,50.0,0.48,13.48,0.61,50.0,0.59,50.0,0.56,5.0,0.68,5.0,0.83,5.0,0.03,0.09,0.093321,1776215003000
1776215004.961,204.961,0.45,36.0,0.31,50.0,0.48,13.48,0.61,50.0,0.52,13.48,0.39,50.0,0.55,36.0,0.69,50.0,0.03,0.03,0.09333,1776215004000
1776215005.237,205.237,0.45,10.0,0.41,50.0,0.48,8.48,0.71,50.0,0.52,13.48,0.39,50.0,0.55,36.0,0.69,50.0,0.03,0.03,0.09333,1776215004000
1776215006.367,206.367,0.51,41.52,0.45,70.0,0.71,50.0,0.73,6.11,0.29,50.0,0.27,6.11,0.49,41.52,0.55,70.0,0.2,0.2,0.093347,1776215005000
1776215006.953,206.953,0.51,41.52,0.45,70.0,0.71,50.0,0.73,6.11,0.29,50.0,0.27,6.11,0.49,41.52,0.55,70.0,0.2,0.2,0.093347,1776215006000
1776215008.133,208.133,0.51,41.52,0.45,70.0,0.71,50.0,0.73,6.11,0.29,50.0,0.27,6.11,0.49,41.52,0.55,70.0,0.2,0.2,0.093371,1776215007000
1776215009.416,209.416,0.51,41.52,0.45,70.0,0.71,50.0,0.73,6.11,0.29,50.0,0.27,6.11,0.49,41.52,0.55,70.0,0.2,0.2,0.09337,1776215008000
1776215010.557,210.557,0.51,41.52,0.45,70.0,0.71,50.0,0.73,6.11,0.29,50.0,0.27,6.11,0.49,41.52,0.55,70.0,0.2,0.2,0.093371,1776215009000
1776215011.084,211.084,0.51,41.52,0.45,70.0,0.71,50.0,0.73,6.11,0.29,50.0,0.27,6.11,0.49,41.52,0.55,70.0,0.2,0.2,0.093372,1776215010000
1776215012.113,212.113,0.51,41.52,0.45,70.0,0.71,50.0,0.73,6.11,0.29,50.0,0.27,6.11,0.49,41.52,0.55,70.0,0.2,0.2,0.093369,1776215011000
1776215012.948,212.948,0.51,33.0,0.46,20.0,0.71,48.62,0.73,6.11,0.29,50.0,0.27,6.11,0.49,41.52,0.55,70.0,0.2,0.2,0.093369,1776215011000
1776215013.17,213.17,0.51,33.0,0.46,20.0,0.71,48.62,0.73,6.11,0.29,48.62,0.27,6.11,0.49,33.0,0.54,20.0,0.2,0.2,0.093369,1776215012000
1776215014.159,214.159,0.51,33.0,0.46,20.0,0.71,48.62,0.73,6.11,0.29,48.62,0.27,6.11,0.49,33.0,0.54,20.0,0.2,0.2,0.093368,1776215013000
1776215015.21,215.21,0.51,33.0,0.46,20.0,0.71,48.62,0.73,6.11,0.29,48.62,0.27,6.11,0.49,33.0,0.54,20.0,0.2,0.2,0.093367,1776215014000
1776215016.278,216.278,0.51,33.0,0.46,20.0,0.71,48.62,0.73,6.11,0.29,48.62,0.27,6.11,0.49,33.0,0.54,20.0,0.2,0.2,0.093357,1776215015000
1776215017.254,217.254,0.51,33.0,0.46,20.0,0.71,48.62,0.73,6.11,0.29,48.62,0.27,6.11,0.49,33.0,0.54,20.0,0.2,0.2,0.093359,1776215016000
1776215018.306,218.306,0.51,33.0,0.46,20.0,0.71,48.62,0.73,6.11,0.29,48.62,0.27,6.11,0.49,33.0,0.54,20.0,0.2,0.2,0.09336,1776215017000
1776215018.811,218.811,0.51,33.0,0.46,20.0,0.71,48.62,0.73,6.11,0.29,48.62,0.27,6.11,0.49,33.0,0.54,20.0,0.2,0.2,0.093361,1776215018000
1776215019.269,219.269,0.53,28.0,0.45,20.0,0.69,6.11,0.71,48.62,0.29,48.62,0.27,6.11,0.49,33.0,0.54,20.0,0.16,0.2,0.093361,1776215018000
1776215019.854,219.854,0.53,28.0,0.45,20.0,0.69,6.11,0.71,48.62,0.31,6.11,0.29,48.62,0.47,28.0,0.55,20.0,0.16,0.16,0.09336,1776215019000
1776215020.916,220.916,0.53,28.0,0.45,20.0,0.69,6.11,0.71,48.62,0.31,6.11,0.29,48.62,0.47,28.0,0.55,20.0,0.16,0.16,0.093357,1776215020000
1776215021.18,221.18,0.53,28.0,0.45,20.0,0.69,6.11,0.71,48.62,0.31,6.11,0.29,48.62,0.47,28.0,0.55,20.0,0.16,0.16,0.093357,1776215020000
1776215021.964,221.964,0.53,28.0,0.45,20.0,0.69,6.11,0.71,48.62,0.31,6.11,0.29,48.62,0.47,28.0,0.55,20.0,0.16,0.16,0.093357,1776215021000
1776215022.962,222.962,0.53,28.0,0.45,20.0,0.69,6.11,0.71,48.62,0.31,6.11,0.29,48.62,0.47,28.0,0.55,20.0,0.16,0.16,0.093355,1776215022000
1776215027.909,227.909,0.53,28.0,0.45,20.0,0.69,6.11,0.71,48.62,0.31,6.11,0.29,48.62,0.47,28.0,0.55,20.0,0.16,0.16,0.093364,1776215026000
1776215028.518,228.518,0.53,28.0,0.45,20.0,0.69,6.11,0.71,48.62,0.31,6.11,0.29,48.62,0.47,28.0,0.55,20.0,0.16,0.16,0.09338,1776215027000
1776215029.105,229.105,0.53,28.0,0.45,20.0,0.69,6.11,0.71,48.62,0.31,6.11,0.29,48.62,0.47,28.0,0.55,20.0,0.16,0.16,0.093378,1776215028000
1776215030.222,230.222,0.53,28.0,0.45,20.0,0.69,6.11,0.71,48.62,0.31,6.11,0.29,48.62,0.47,28.0,0.55,20.0,0.16,0.16,0.093367,1776215029000
1776215031.295,231.295,0.53,28.0,0.45,20.0,0.69,6.11,0.71,48.62,0.31,6.11,0.29,48.62,0.47,28.0,0.55,20.0,0.16,0.16,0.093364,1776215030000
1776215031.968,231.968,0.53,28.0,0.45,20.0,0.69,6.11,0.71,48.62,0.31,6.11,0.29,48.62,0.47,28.0,0.55,20.0,0.16,0.16,0.093365,1776215031000
1776215033.022,233.022,0.53,28.0,0.45,20.0,0.69,6.11,0.71,48.62,0.31,6.11,0.29,48.62,0.47,28.0,0.55,20.0,0.16,0.16,0.093366,1776215032000
1776215033.267,233.267,0.53,25.0,0.51,50.0,0.76,6.11,0.81,50.0,0.31,6.11,0.29,48.62,0.47,28.0,0.55,20.0,0.23,0.16,0.093366,1776215032000
1776215034.245,234.245,0.53,25.0,0.51,50.0,0.76,6.11,0.81,50.0,0.24,6.11,0.19,50.0,0.47,25.0,0.49,50.0,0.23,0.23,0.093365,1776215033000
1776215035.4,235.4,0.53,25.0,0.51,50.0,0.76,6.11,0.81,50.0,0.24,6.11,0.19,50.0,0.47,25.0,0.49,50.0,0.23,0.23,0.093356,1776215034000
1776215035.96,235.96,0.53,25.0,0.51,50.0,0.76,6.11,0.81,50.0,0.24,6.11,0.19,50.0,0.47,25.0,0.49,50.0,0.23,0.23,0.093356,1776215035000
1776215037.013,237.013,0.53,25.0,0.51,50.0,0.76,6.11,0.81,50.0,0.24,6.11,0.19,50.0,0.47,25.0,0.49,50.0,0.23,0.23,0.093358,1776215036000
1776215038.233,238.233,0.53,25.0,0.51,50.0,0.76,6.11,0.81,50.0,0.24,6.11,0.19,50.0,0.47,25.0,0.49,50.0,0.23,0.23,0.093365,1776215037000
1776215039.28,239.28,0.53,25.0,0.51,50.0,0.76,6.11,0.81,50.0,0.24,6.11,0.19,50.0,0.47,25.0,0.49,50.0,0.23,0.23,0.093371,1776215038000
1776215039.864,239.864,0.53,25.0,0.51,50.0,0.76,6.11,0.81,50.0,0.24,6.11,0.19,50.0,0.47,25.0,0.49,50.0,0.23,0.23,0.093371,1776215039000
1776215040.079,240.079,0.61,22.0,0.53,5.0,0.77,6.11,0.81,66.89,0.24,6.11,0.19,50.0,0.47,25.0,0.49,50.0,0.16,0.23,0.093371,1776215039000
1776215040.977,240.977,0.61,22.0,0.53,5.0,0.77,6.11,0.81,66.89,0.23,6.11,0.19,66.89,0.39,22.0,0.47,5.0,0.16,0.16,0.09336,1776215040000
1776215042.903,242.903,0.61,22.0,0.53,5.0,0.77,6.11,0.81,66.89,0.23,6.11,0.19,66.89,0.39,22.0,0.47,5.0,0.16,0.16,0.093361,1776215041000
1776215043.595,243.595,0.61,22.0,0.53,5.0,0.77,6.11,0.81,66.89,0.23,6.11,0.19,66.89,0.39,22.0,0.47,5.0,0.16,0.16,0.093361,1776215042000
1776215044.27,244.27,0.61,22.0,0.53,5.0,0.77,6.11,0.81,66.89,0.23,6.11,0.19,66.89,0.39,22.0,0.47,5.0,0.16,0.16,0.093361,1776215043000
1776215045.426,245.426,0.61,22.0,0.53,5.0,0.77,6.11,0.81,66.89,0.23,6.11,0.19,66.89,0.39,22.0,0.47,5.0,0.16,0.16,0.093361,1776215044000
1776215045.825,245.825,0.53,15.0,0.51,50.0,0.77,20.56,0.78,15.2,0.23,6.11,0.19,66.89,0.39,22.0,0.47,5.0,0.24,0.16,0.093361,1776215044000
1776215046.172,246.172,0.53,15.0,0.51,50.0,0.77,20.56,0.78,15.2,0.23,20.56,0.22,15.2,0.47,15.0,0.49,50.0,0.24,0.24,0.09336,1776215045000
1776215047.451,247.451,0.53,15.0,0.51,50.0,0.77,20.56,0.78,15.2,0.23,20.56,0.22,15.2,0.47,15.0,0.49,50.0,0.24,0.24,0.093362,1776215046000
1776215048.156,248.156,0.53,15.0,0.51,50.0,0.77,20.56,0.78,15.2,0.23,20.56,0.22,15.2,0.47,15.0,0.49,50.0,0.24,0.24,0.093361,1776215047000
1776215049.492,249.492,0.53,15.0,0.51,50.0,0.77,20.56,0.78,15.2,0.23,20.56,0.22,15.2,0.47,15.0,0.49,50.0,0.24,0.24,0.093361,1776215048000
1776215049.996,249.996,0.53,15.0,0.51,50.0,0.77,20.56,0.78,15.2,0.23,20.56,0.22,15.2,0.47,15.0,0.49,50.0,0.24,0.24,0.093357,1776215049000
1776215051.146,251.146,0.53,15.0,0.51,50.0,0.77,20.56,0.78,15.2,0.23,20.56,0.22,15.2,0.47,15.0,0.49,50.0,0.24,0.24,0.093359,1776215050000
1776215051.369,251.369,0.53,15.0,0.51,50.0,0.78,15.2,0.79,15.7,0.23,20.56,0.22,15.2,0.47,15.0,0.49,50.0,0.25,0.24,0.093359,1776215050000
1776215052.304,252.304,0.53,15.0,0.51,50.0,0.78,15.2,0.79,15.7,0.22,15.2,0.21,15.7,0.47,15.0,0.49,50.0,0.25,0.25,0.093358,1776215051000
1776215052.915,252.915,0.53,15.0,0.51,50.0,0.78,15.2,0.79,15.7,0.22,15.2,0.21,15.7,0.47,15.0,0.49,50.0,0.25,0.25,0.093358,1776215052000
1776215053.763,253.763,0.53,15.0,0.51,50.0,0.78,14.1,0.79,15.7,0.22,15.2,0.21,15.7,0.47,15.0,0.49,50.0,0.25,0.25,0.093358,1776215052000
1776215053.972,253.972,0.53,15.0,0.51,50.0,0.78,14.1,0.79,15.7,0.22,14.1,0.21,15.7,0.47,15.0,0.49,50.0,0.25,0.25,0.093358,1776215053000
1776215055.103,255.103,0.53,15.0,0.51,50.0,0.78,14.1,0.79,15.7,0.22,14.1,0.21,15.7,0.47,15.0,0.49,50.0,0.25,0.25,0.093358,1776215054000
1776215056.29,256.29,0.53,15.0,0.51,50.0,0.78,14.1,0.79,15.7,0.22,14.1,0.21,15.7,0.47,15.0,0.49,50.0,0.25,0.25,0.093358,1776215055000
1776215058.404,258.404,0.53,15.0,0.51,50.0,0.78,14.1,0.79,15.7,0.22,14.1,0.21,15.7,0.47,15.0,0.49,50.0,0.25,0.25,0.093358,1776215057000
1776215059.78,259.78,0.53,15.0,0.51,50.0,0.78,14.1,0.79,15.7,0.22,14.1,0.21,15.7,0.47,15.0,0.49,50.0,0.25,0.25,0.093359,1776215058000
1776215060.47,260.47,0.53,15.0,0.51,50.0,0.78,14.1,0.79,15.7,0.22,14.1,0.21,15.7,0.47,15.0,0.49,50.0,0.25,0.25,0.093359,1776215059000
1776215061.397,261.397,0.53,15.0,0.51,50.0,0.78,14.1,0.79,15.7,0.22,14.1,0.21,15.7,0.47,15.0,0.49,50.0,0.25,0.25,0.093359,1776215060000
1776215061.627,261.627,0.81,16.89,0.61,24.0,0.82,17.6,0.83,18.39,0.22,14.1,0.21,15.7,0.47,15.0,0.49,50.0,0.01,0.25,0.093359,1776215060000
1776215061.963,261.963,0.81,12.08,0.61,50.0,0.82,17.6,0.83,18.39,0.18,17.6,0.17,18.39,0.19,16.89,0.39,24.0,0.01,0.01,0.093359,1776215060000
1776215063.046,263.046,0.81,12.08,0.61,50.0,0.82,15.16,0.83,18.39,0.18,16.38,0.17,18.39,0.19,12.08,0.39,50.0,0.01,0.01,0.093358,1776215061000
1776215063.482,263.482,0.81,12.08,0.61,50.0,0.82,13.94,0.83,18.39,0.18,13.94,0.17,18.39,0.19,12.08,0.39,50.0,0.01,0.01,0.093358,1776215062000
1776215064.435,264.435,0.81,12.08,0.61,50.0,0.82,13.94,0.83,18.39,0.18,13.94,0.17,18.39,0.19,12.08,0.39,50.0,0.01,0.01,0.093358,1776215063000
1776215065.286,265.286,0.81,12.08,0.61,50.0,0.82,13.94,0.83,18.39,0.18,13.94,0.17,18.39,0.19,12.08,0.39,50.0,0.01,0.01,0.093358,1776215064000
1776215065.922,265.922,0.81,12.08,0.61,50.0,0.84,19.3,0.85,20.39,0.16,19.3,0.15,20.39,0.19,12.08,0.39,50.0,0.03,0.03,0.09336,1776215065000
1776215067.688,267.688,0.81,12.08,0.61,50.0,0.84,19.3,0.85,20.39,0.16,19.3,0.15,20.39,0.19,12.08,0.39,50.0,0.03,0.03,0.093363,1776215066000
1776215068.508,268.508,0.81,12.08,0.61,50.0,0.84,19.3,0.85,20.39,0.16,19.3,0.15,20.39,0.19,12.08,0.39,50.0,0.03,0.03,0.093363,1776215067000
1776215069.31,269.31,0.81,12.08,0.61,50.0,0.84,19.3,0.85,20.39,0.16,19.3,0.15,20.39,0.19,12.08,0.39,50.0,0.03,0.03,0.093364,1776215068000
1776215069.534,269.534,0.91,50.0,0.89,20.0,0.97,85.0,0.98,147.69,0.16,19.3,0.15,20.39,0.19,12.08,0.39,50.0,0.06,0.03,0.093364,1776215068000
1776215070.035,270.035,0.91,50.0,0.89,20.0,0.97,85.0,0.98,147.69,0.03,85.0,0.02,147.69,0.09,50.0,0.11,20.0,0.06,0.06,0.093364,1776215069000
1776215071.347,271.347,0.94,21.27,0.91,50.0,0.97,83.96,0.98,147.69,0.03,85.0,0.02,147.69,0.09,50.0,0.11,20.0,0.03,0.06,0.093364,1776215069000
1776215071.73,271.73,0.94,21.27,0.91,50.0,0.97,83.96,0.98,147.69,0.03,83.96,0.02,147.69,0.06,21.27,0.09,50.0,0.03,0.03,0.0934,1776215070000
1776215072.513,272.513,0.94,21.27,0.91,50.0,0.97,83.96,0.98,147.69,0.03,83.96,0.02,147.69,0.06,21.27,0.09,50.0,0.03,0.03,0.093399,1776215071000
1776215073.378,273.378,0.94,21.27,0.91,50.0,0.97,83.96,0.98,147.69,0.03,83.96,0.02,147.69,0.06,21.27,0.09,50.0,0.03,0.03,0.093399,1776215072000
1776215074.192,274.192,0.94,21.27,0.91,50.0,0.97,83.96,0.98,147.69,0.03,83.96,0.02,147.69,0.06,21.27,0.09,50.0,0.03,0.03,0.093399,1776215073000
1776215074.471,274.471,0.96,10.0,0.94,21.27,0.97,81.89,0.98,147.69,0.03,83.96,0.02,147.69,0.06,21.27,0.09,50.0,0.01,0.03,0.093399,1776215073000
1776215075.883,275.883,0.96,10.0,0.94,21.27,0.97,80.85,0.98,147.69,0.03,80.85,0.02,147.69,0.04,10.0,0.06,21.27,0.01,0.01,0.093399,1776215074000
1776215076.627,276.627,0.96,10.0,0.94,21.27,0.97,80.85,0.98,147.69,0.03,80.85,0.02,147.69,0.04,10.0,0.06,21.27,0.01,0.01,0.0934,1776215075000
1776215077.528,277.528,0.96,10.0,0.94,21.27,0.97,80.85,0.98,147.69,0.03,80.85,0.02,147.69,0.04,10.0,0.06,21.27,0.01,0.01,0.0934,1776215076000
1776215077.932,277.932,0.96,10.0,0.94,21.27,0.97,78.48,0.98,15.0,0.03,79.81,0.02,15.0,0.04,10.0,0.06,21.27,0.01,0.01,0.0934,1776215076000
1776215078.237,278.237,0.96,10.0,0.94,21.27,0.97,78.48,0.98,15.0,0.03,78.48,0.02,15.0,0.04,10.0,0.06,21.27,0.01,0.01,0.0934,1776215077000
1776215079.741,279.741,0.96,10.0,0.94,21.27,0.97,77.44,0.98,15.0,0.03,78.48,0.02,15.0,0.04,10.0,0.06,21.27,0.01,0.01,0.0934,1776215077000
1776215080.334,280.334,0.96,10.0,0.94,21.27,0.97,77.44,0.98,15.0,0.03,77.44,0.02,15.0,0.04,10.0,0.06,21.27,0.01,0.01,0.093415,1776215079000
1776215080.794,280.794,0.97,38.72,0.96,10.0,0.99,139.0,,,0.02,15.0,0.01,175.0,0.03,38.72,0.04,10.0,0.02,0.01,0.093415,1776215079000
1776215081.269,281.269,0.99,771.0,0.97,38.72,,,,,,,,,0.01,861.0,0.03,38.72,,,0.093415,1776215079000
1776215081.623,281.623,0.99,769.68,0.97,38.72,,,,,,,,,0.01,771.0,0.03,38.72,,,0.093415,1776215079000
1776215081.903,281.903,0.99,669.68,0.97,38.72,,,,,,,,,0.01,669.68,0.03,38.72,,,0.093415,1776215080000
1776215082.59,282.59,0.99,669.68,0.97,38.72,,,,,,,,,0.01,669.68,0.03,38.72,,,0.093425,1776215081000
1776215083.3,283.3,0.99,669.68,0.97,38.72,,,,,,,,,0.01,669.68,0.03,38.72,,,0.093437,1776215082000
1776215084.584,284.584,0.99,669.68,0.97,38.72,,,,,,,,,0.01,669.68,0.03,38.72,,,0.093438,1776215083000
1776215085.315,285.315,0.99,669.68,0.97,38.72,,,,,,,,,0.01,669.68,0.03,38.72,,,0.093438,1776215084000
1776215086.663,286.663,0.99,669.68,0.97,38.72,,,,,,,,,0.01,669.68,0.03,38.72,,,0.093438,1776215085000
1776215087.332,287.332,0.99,669.68,0.97,38.72,,,,,,,,,0.01,669.68,0.03,38.72,,,0.093438,1776215086000
1776215088.222,288.222,0.99,669.68,0.97,38.72,,,,,,,,,0.01,669.68,0.03,38.72,,,0.093438,1776215087000
1776215089.65,289.65,0.99,669.68,0.97,38.72,,,,,,,,,0.01,669.68,0.03,38.72,,,0.09343,1776215088000
1776215090.387,290.387,0.99,669.68,0.97,38.72,,,,,,,,,0.01,669.68,0.03,38.72,,,0.093429,1776215089000
1776215091.002,291.002,0.99,669.68,0.97,38.72,,,,,,,,,0.01,669.68,0.03,38.72,,,0.093429,1776215090000
1776215092.336,292.336,0.99,669.68,0.97,38.72,,,,,,,,,0.01,669.68,0.03,38.72,,,0.093426,1776215091000
1776215092.996,292.996,0.99,669.68,0.97,38.72,,,,,,,,,0.01,669.68,0.03,38.72,,,0.093425,1776215092000
1776215094.364,294.364,0.99,669.68,0.97,38.72,,,,,,,,,0.01,669.68,0.03,38.72,,,0.093419,1776215093000
1776215095.007,295.007,0.99,669.68,0.97,38.72,,,,,,,,,0.01,669.68,0.03,38.72,,,0.093419,1776215094000
1776215096.349,296.349,0.99,669.68,0.97,38.72,,,,,,,,,0.01,669.68,0.03,38.72,,,0.09342,1776215095000
1776215097.176,297.176,0.99,669.68,0.97,38.72,,,,,,,,,0.01,669.68,0.03,38.72,,,0.09342,1776215096000
1776215097.996,297.996,0.99,669.68,0.97,38.72,,,,,,,,,0.01,669.68,0.03,38.72,,,0.09342,1776215097000
1776215099.001,299.001,0.99,669.68,0.97,38.72,,,,,,,,,0.01,669.68,0.03,38.72,,,0.093414,1776215098000
1776215099.95,299.95,0.99,669.68,0.97,38.72,,,,,,,,,0.01,669.68,0.03,38.72,,,0.093414,1776215099000
1776215100.951,300.951,0.99,669.68,0.97,38.72,,,,,,,,,0.01,669.68,0.03,38.72,,,0.093415,1776215100000
1776215101.852,301.852,0.99,669.68,0.97,38.72,,,,,,,,,0.01,669.68,0.03,38.72,,,0.093415,1776215101000
1776215102.886,302.886,0.99,669.68,0.97,38.72,,,,,,,,,0.01,669.68,0.03,38.72,,,0.093414,1776215102000

# RESULT,winner=Up,slug=doge-updown-5m-1776214800,ticks=338
