timestamp,elapsed_sec,up_bid_p1,up_bid_s1,up_bid_p2,up_bid_s2,up_bid_p3,up_bid_s3,up_bid_p4,up_bid_s4,up_bid_p5,up_bid_s5,up_ask_p1,up_ask_s1,up_ask_p2,up_ask_s2,up_ask_p3,up_ask_s3,up_ask_p4,up_ask_s4,up_ask_p5,up_ask_s5,down_bid_p1,down_bid_s1,down_bid_p2,down_bid_s2,down_bid_p3,down_bid_s3,down_bid_p4,down_bid_s4,down_bid_p5,down_bid_s5,down_ask_p1,down_ask_s1,down_ask_p2,down_ask_s2,down_ask_p3,down_ask_s3,down_ask_p4,down_ask_s4,down_ask_p5,down_ask_s5,up_spread,down_spread,doge_price,doge_oracle_ts
1776159000.539,0.539,0.48,8.95,0.41,13.0,0.4,8.0,0.39,8.0,0.38,8.0,0.59,13.0,0.6,8.0,0.61,8.0,0.62,8.0,0.63,9.0,0.51,21.8,0.48,3.76,0.47,31.0,0.46,41.0,0.45,45.0,0.52,8.95,0.53,31.0,0.54,41.0,0.55,45.0,0.56,80.0,0.11,0.01,0.094462,1776158999000
1776159001.429,1.429,0.48,8.95,0.41,13.0,0.4,8.0,0.39,8.0,0.38,8.0,0.59,13.0,0.6,8.0,0.61,8.0,0.62,8.0,0.63,9.0,0.41,13.0,0.4,8.0,0.39,8.0,0.38,8.0,0.37,9.0,0.52,8.95,0.59,13.0,0.6,8.0,0.61,8.0,0.62,8.0,0.11,0.11,0.094461,1776159000000
1776159002.566,2.566,0.48,8.95,0.41,13.0,0.4,8.0,0.39,8.0,0.38,8.0,0.59,13.0,0.6,8.0,0.61,8.0,0.62,8.0,0.63,9.0,0.41,13.0,0.4,8.0,0.39,8.0,0.38,8.0,0.37,9.0,0.52,8.95,0.59,13.0,0.6,8.0,0.61,8.0,0.62,8.0,0.11,0.11,0.094461,1776159001000
1776159003.169,3.169,0.48,8.95,0.41,13.0,0.4,8.0,0.39,8.0,0.38,8.0,0.59,13.0,0.6,8.0,0.61,8.0,0.62,8.0,0.63,9.0,0.41,13.0,0.4,8.0,0.39,8.0,0.38,8.0,0.37,9.0,0.52,8.95,0.59,13.0,0.6,8.0,0.61,8.0,0.62,8.0,0.11,0.11,0.094461,1776159002000
1776159004.128,4.128,0.48,3.95,0.41,50.0,0.31,50.0,0.28,17.0,0.21,50.0,0.51,10.0,0.61,50.0,0.71,50.0,0.81,50.0,0.89,100.0,0.41,13.0,0.4,8.0,0.39,8.0,0.38,8.0,0.37,9.0,0.52,8.95,0.59,13.0,0.6,8.0,0.61,8.0,0.62,8.0,0.03,0.11,0.094461,1776159002000
1776159004.806,4.806,0.48,3.95,0.41,50.0,0.31,50.0,0.28,17.0,0.21,50.0,0.51,10.0,0.61,50.0,0.71,50.0,0.81,50.0,0.89,100.0,0.49,10.0,0.39,50.0,0.29,50.0,0.19,50.0,0.11,100.0,0.52,3.95,0.59,50.0,0.69,50.0,0.72,17.0,0.79,50.0,0.03,0.03,0.094455,1776159003000
1776159005.128,5.128,0.24,20.0,0.21,50.0,0.11,150.0,0.08,100.0,0.07,100.0,0.49,9.0,0.51,50.0,0.61,50.0,0.71,50.0,0.81,50.0,0.49,10.0,0.39,50.0,0.29,50.0,0.19,50.0,0.11,100.0,0.52,3.95,0.59,50.0,0.69,50.0,0.72,17.0,0.79,50.0,0.25,0.03,0.094455,1776159003000
1776159005.625,5.625,0.24,20.0,0.21,50.0,0.11,150.0,0.08,100.0,0.07,100.0,0.49,9.0,0.51,50.0,0.61,50.0,0.71,50.0,0.81,50.0,0.51,9.0,0.49,50.0,0.39,50.0,0.29,50.0,0.19,50.0,0.76,20.0,0.79,50.0,0.89,150.0,0.92,100.0,0.93,100.0,0.25,0.25,0.094442,1776159004000
1776159006.141,6.141,0.24,20.0,0.21,50.0,0.11,150.0,0.08,100.0,0.07,100.0,0.49,9.0,0.51,50.0,0.61,50.0,0.71,50.0,0.81,50.0,0.51,9.0,0.49,50.0,0.39,50.0,0.29,50.0,0.19,50.0,0.76,20.0,0.79,50.0,0.89,150.0,0.92,100.0,0.93,100.0,0.25,0.25,0.094442,1776159005000
1776159007.586,7.586,0.24,20.0,0.21,50.0,0.11,150.0,0.08,100.0,0.07,100.0,0.49,9.0,0.51,50.0,0.61,50.0,0.71,50.0,0.81,50.0,0.51,9.0,0.49,50.0,0.39,50.0,0.29,50.0,0.19,50.0,0.76,20.0,0.79,50.0,0.89,150.0,0.92,100.0,0.93,100.0,0.25,0.25,0.094433,1776159006000
1776159008.291,8.291,0.24,20.0,0.21,50.0,0.11,150.0,0.08,100.0,0.07,100.0,0.49,9.0,0.51,50.0,0.61,50.0,0.71,50.0,0.81,50.0,0.51,9.0,0.49,50.0,0.39,50.0,0.29,50.0,0.19,50.0,0.76,20.0,0.79,50.0,0.89,150.0,0.92,100.0,0.93,100.0,0.25,0.25,0.094431,1776159007000
1776159009.53,9.53,0.24,20.0,0.21,50.0,0.11,150.0,0.08,100.0,0.07,100.0,0.49,9.0,0.51,50.0,0.61,50.0,0.71,50.0,0.81,50.0,0.51,9.0,0.49,50.0,0.39,50.0,0.29,50.0,0.19,50.0,0.76,20.0,0.79,50.0,0.89,150.0,0.92,100.0,0.93,100.0,0.25,0.25,0.094431,1776159008000
1776159010.269,10.269,0.24,20.0,0.21,50.0,0.11,150.0,0.08,100.0,0.07,100.0,0.49,9.0,0.51,50.0,0.61,50.0,0.71,50.0,0.81,50.0,0.51,9.0,0.49,50.0,0.39,50.0,0.29,50.0,0.19,50.0,0.76,20.0,0.79,50.0,0.89,150.0,0.92,100.0,0.93,100.0,0.25,0.25,0.094431,1776159009000
1776159011.587,11.587,0.24,20.0,0.21,50.0,0.11,150.0,0.08,100.0,0.07,100.0,0.49,9.0,0.51,50.0,0.61,50.0,0.71,50.0,0.81,50.0,0.51,9.0,0.49,50.0,0.39,50.0,0.29,50.0,0.19,50.0,0.76,20.0,0.79,50.0,0.89,150.0,0.92,100.0,0.93,100.0,0.25,0.25,0.09443,1776159010000
1776159012.244,12.244,0.24,20.0,0.21,50.0,0.11,150.0,0.08,100.0,0.07,100.0,0.49,9.0,0.51,50.0,0.61,50.0,0.71,50.0,0.81,50.0,0.51,9.0,0.49,50.0,0.39,50.0,0.29,50.0,0.19,50.0,0.76,20.0,0.79,50.0,0.89,150.0,0.92,100.0,0.93,100.0,0.25,0.25,0.09443,1776159011000
1776159013.651,13.651,0.24,20.0,0.21,50.0,0.11,150.0,0.08,100.0,0.07,100.0,0.49,9.0,0.51,50.0,0.61,50.0,0.71,50.0,0.81,50.0,0.51,9.0,0.49,50.0,0.39,50.0,0.29,50.0,0.19,50.0,0.76,20.0,0.79,50.0,0.89,150.0,0.92,100.0,0.93,100.0,0.25,0.25,0.094414,1776159012000
1776159014.238,14.238,0.24,20.0,0.21,50.0,0.11,150.0,0.08,100.0,0.07,100.0,0.49,9.0,0.51,50.0,0.61,50.0,0.71,50.0,0.81,50.0,0.51,9.0,0.49,50.0,0.39,50.0,0.29,50.0,0.19,50.0,0.76,20.0,0.79,50.0,0.89,150.0,0.92,100.0,0.93,100.0,0.25,0.25,0.094413,1776159013000
1776159015.549,15.549,0.24,20.0,0.21,50.0,0.11,150.0,0.08,100.0,0.07,100.0,0.49,9.0,0.51,50.0,0.61,50.0,0.71,50.0,0.81,50.0,0.51,9.0,0.49,50.0,0.39,50.0,0.29,50.0,0.19,50.0,0.76,20.0,0.79,50.0,0.89,150.0,0.92,100.0,0.93,100.0,0.25,0.25,0.094413,1776159014000
1776159016.271,16.271,0.24,20.0,0.21,50.0,0.11,150.0,0.08,100.0,0.07,100.0,0.49,9.0,0.51,50.0,0.61,50.0,0.71,50.0,0.81,50.0,0.51,9.0,0.49,50.0,0.39,50.0,0.29,50.0,0.19,50.0,0.76,20.0,0.79,50.0,0.89,150.0,0.92,100.0,0.93,100.0,0.25,0.25,0.094413,1776159015000
1776159017.525,17.525,0.24,20.0,0.21,50.0,0.11,150.0,0.08,100.0,0.07,100.0,0.49,9.0,0.51,50.0,0.61,50.0,0.71,50.0,0.81,50.0,0.51,9.0,0.49,50.0,0.39,50.0,0.29,50.0,0.19,50.0,0.76,20.0,0.79,50.0,0.89,150.0,0.92,100.0,0.93,100.0,0.25,0.25,0.094413,1776159016000
1776159017.925,17.925,0.41,10.0,0.39,12.0,0.37,10.0,0.31,50.0,0.21,50.0,0.42,2.0,0.59,10.0,0.61,50.0,0.65,14.0,0.71,50.0,0.51,9.0,0.49,50.0,0.39,50.0,0.29,50.0,0.19,50.0,0.76,20.0,0.79,50.0,0.89,150.0,0.92,100.0,0.93,100.0,0.01,0.25,0.094413,1776159016000
1776159018.22,18.22,0.41,10.0,0.39,12.0,0.37,10.0,0.31,50.0,0.21,50.0,0.42,2.0,0.59,10.0,0.61,50.0,0.65,14.0,0.71,50.0,0.58,2.0,0.41,10.0,0.39,50.0,0.35,14.0,0.29,50.0,0.59,10.0,0.61,12.0,0.63,10.0,0.69,50.0,0.79,50.0,0.01,0.01,0.094413,1776159017000
1776159018.862,18.862,0.4,10.0,0.34,10.0,0.32,25.0,0.21,50.0,0.11,150.0,0.51,50.0,0.52,5.0,0.56,10.0,0.57,11.0,0.6,10.0,0.58,2.0,0.41,10.0,0.39,50.0,0.35,14.0,0.29,50.0,0.59,10.0,0.61,12.0,0.63,10.0,0.69,50.0,0.79,50.0,0.11,0.01,0.094413,1776159017000
1776159019.889,19.889,0.4,10.0,0.34,10.0,0.32,25.0,0.21,50.0,0.11,150.0,0.51,50.0,0.52,5.0,0.56,10.0,0.57,11.0,0.6,10.0,0.49,50.0,0.48,5.0,0.44,10.0,0.43,11.0,0.4,10.0,0.6,10.0,0.66,10.0,0.68,25.0,0.79,50.0,0.89,150.0,0.11,0.11,0.094414,1776159018000
1776159020.41,20.41,0.4,10.0,0.34,10.0,0.32,25.0,0.21,50.0,0.11,150.0,0.51,50.0,0.52,5.0,0.56,10.0,0.57,11.0,0.6,10.0,0.49,50.0,0.48,5.0,0.44,10.0,0.43,11.0,0.4,10.0,0.6,10.0,0.66,10.0,0.68,25.0,0.79,50.0,0.89,150.0,0.11,0.11,0.094447,1776159019000
1776159020.969,20.969,0.4,10.0,0.34,10.0,0.32,25.0,0.21,50.0,0.11,150.0,0.51,50.0,0.52,5.0,0.56,10.0,0.57,11.0,0.6,10.0,0.49,50.0,0.48,5.0,0.44,10.0,0.43,11.0,0.4,10.0,0.6,10.0,0.66,10.0,0.68,25.0,0.79,50.0,0.89,150.0,0.11,0.11,0.094445,1776159020000
1776159022.127,22.127,0.4,10.0,0.34,10.0,0.32,25.0,0.21,50.0,0.11,150.0,0.51,50.0,0.52,5.0,0.56,10.0,0.57,11.0,0.6,10.0,0.49,50.0,0.48,5.0,0.44,10.0,0.43,11.0,0.4,10.0,0.6,10.0,0.66,10.0,0.68,25.0,0.79,50.0,0.89,150.0,0.11,0.11,0.094439,1776159021000
1776159023.394,23.394,0.4,10.0,0.34,10.0,0.32,25.0,0.21,50.0,0.11,150.0,0.51,50.0,0.52,5.0,0.56,10.0,0.57,11.0,0.6,10.0,0.49,50.0,0.48,5.0,0.44,10.0,0.43,11.0,0.4,10.0,0.6,10.0,0.66,10.0,0.68,25.0,0.79,50.0,0.89,150.0,0.11,0.11,0.094439,1776159022000
1776159023.911,23.911,0.4,10.0,0.34,10.0,0.32,25.0,0.21,50.0,0.11,150.0,0.51,50.0,0.52,5.0,0.56,10.0,0.57,11.0,0.6,10.0,0.49,50.0,0.48,5.0,0.44,10.0,0.43,11.0,0.4,10.0,0.6,10.0,0.66,10.0,0.68,25.0,0.79,50.0,0.89,150.0,0.11,0.11,0.094449,1776159023000
1776159025.089,25.089,0.4,10.0,0.34,10.0,0.32,25.0,0.21,50.0,0.11,150.0,0.51,50.0,0.52,5.0,0.56,10.0,0.57,11.0,0.6,10.0,0.49,50.0,0.48,5.0,0.44,10.0,0.43,11.0,0.4,10.0,0.6,10.0,0.66,10.0,0.68,25.0,0.79,50.0,0.89,150.0,0.11,0.11,0.094449,1776159024000
1776159026.154,26.154,0.4,10.0,0.34,10.0,0.32,25.0,0.21,50.0,0.11,150.0,0.51,50.0,0.52,5.0,0.56,10.0,0.57,11.0,0.6,10.0,0.49,50.0,0.48,5.0,0.44,10.0,0.43,11.0,0.4,10.0,0.6,10.0,0.66,10.0,0.68,25.0,0.79,50.0,0.89,150.0,0.11,0.11,0.094448,1776159025000
1776159027.236,27.236,0.4,10.0,0.34,10.0,0.32,25.0,0.21,50.0,0.11,150.0,0.51,50.0,0.52,5.0,0.56,10.0,0.57,11.0,0.6,10.0,0.49,50.0,0.48,5.0,0.44,10.0,0.43,11.0,0.4,10.0,0.6,10.0,0.66,10.0,0.68,25.0,0.79,50.0,0.89,150.0,0.11,0.11,0.094448,1776159026000
1776159028.287,28.287,0.4,10.0,0.34,10.0,0.32,25.0,0.21,50.0,0.11,150.0,0.51,50.0,0.52,5.0,0.56,10.0,0.57,11.0,0.6,10.0,0.49,50.0,0.48,5.0,0.44,10.0,0.43,11.0,0.4,10.0,0.6,10.0,0.66,10.0,0.68,25.0,0.79,50.0,0.89,150.0,0.11,0.11,0.094451,1776159027000
1776159029.419,29.419,0.4,10.0,0.34,10.0,0.32,25.0,0.21,50.0,0.11,150.0,0.51,50.0,0.52,5.0,0.56,10.0,0.57,11.0,0.6,10.0,0.49,50.0,0.48,5.0,0.44,10.0,0.43,11.0,0.4,10.0,0.6,10.0,0.66,10.0,0.68,25.0,0.79,50.0,0.89,150.0,0.11,0.11,0.094452,1776159028000
1776159030.121,30.121,0.4,10.0,0.34,10.0,0.32,25.0,0.21,50.0,0.11,150.0,0.51,50.0,0.52,5.0,0.56,10.0,0.57,11.0,0.6,10.0,0.49,50.0,0.48,5.0,0.44,10.0,0.43,11.0,0.4,10.0,0.6,10.0,0.66,10.0,0.68,25.0,0.79,50.0,0.89,150.0,0.11,0.11,0.094452,1776159029000
1776159031.194,31.194,0.4,10.0,0.34,10.0,0.32,25.0,0.21,50.0,0.11,150.0,0.51,50.0,0.52,5.0,0.56,10.0,0.57,11.0,0.6,10.0,0.49,50.0,0.48,5.0,0.44,10.0,0.43,11.0,0.4,10.0,0.6,10.0,0.66,10.0,0.68,25.0,0.79,50.0,0.89,150.0,0.11,0.11,0.094451,1776159030000
1776159032.132,32.132,0.4,10.0,0.29,16.0,0.28,10.0,0.27,10.0,0.26,10.0,0.5,5.0,0.51,55.0,0.52,5.0,0.53,10.0,0.54,10.0,0.5,5.0,0.49,55.0,0.48,5.0,0.47,10.0,0.46,10.0,0.6,10.0,0.71,16.0,0.72,10.0,0.73,10.0,0.74,10.0,0.1,0.1,0.094452,1776159031000
1776159033.291,33.291,0.4,10.0,0.29,16.0,0.28,10.0,0.27,10.0,0.26,10.0,0.5,5.0,0.51,55.0,0.52,5.0,0.53,10.0,0.54,10.0,0.5,5.0,0.49,55.0,0.48,5.0,0.47,10.0,0.46,10.0,0.6,10.0,0.71,16.0,0.72,10.0,0.73,10.0,0.74,10.0,0.1,0.1,0.094446,1776159032000
1776159034.197,34.197,0.4,10.0,0.29,16.0,0.28,10.0,0.27,10.0,0.26,10.0,0.5,5.0,0.51,55.0,0.52,5.0,0.53,10.0,0.54,10.0,0.5,5.0,0.49,55.0,0.48,5.0,0.47,10.0,0.46,10.0,0.6,10.0,0.71,16.0,0.72,10.0,0.73,10.0,0.74,10.0,0.1,0.1,0.094435,1776159033000
1776159035.079,35.079,0.4,10.0,0.29,16.0,0.28,10.0,0.27,10.0,0.26,10.0,0.5,5.0,0.51,55.0,0.52,5.0,0.53,10.0,0.54,10.0,0.5,5.0,0.49,55.0,0.48,5.0,0.47,10.0,0.46,10.0,0.6,10.0,0.71,16.0,0.72,10.0,0.73,10.0,0.74,10.0,0.1,0.1,0.094425,1776159034000
1776159036.086,36.086,0.4,10.0,0.29,16.0,0.28,10.0,0.27,10.0,0.26,10.0,0.5,5.0,0.51,55.0,0.52,5.0,0.53,10.0,0.54,10.0,0.5,5.0,0.49,55.0,0.48,5.0,0.47,10.0,0.46,10.0,0.6,10.0,0.71,16.0,0.72,10.0,0.73,10.0,0.74,10.0,0.1,0.1,0.094421,1776159035000
1776159037.012,37.012,0.4,10.0,0.29,16.0,0.28,10.0,0.27,10.0,0.26,10.0,0.5,5.0,0.51,55.0,0.52,5.0,0.53,10.0,0.54,10.0,0.5,5.0,0.49,55.0,0.48,5.0,0.47,10.0,0.46,10.0,0.6,10.0,0.71,16.0,0.72,10.0,0.73,10.0,0.74,10.0,0.1,0.1,0.094421,1776159036000
1776159037.987,37.987,0.4,10.0,0.29,16.0,0.28,10.0,0.27,10.0,0.26,10.0,0.5,5.0,0.51,55.0,0.52,5.0,0.53,10.0,0.54,10.0,0.5,5.0,0.49,55.0,0.48,5.0,0.47,10.0,0.46,10.0,0.6,10.0,0.71,16.0,0.72,10.0,0.73,10.0,0.74,10.0,0.1,0.1,0.094421,1776159037000
1776159038.961,38.961,0.4,10.0,0.29,16.0,0.28,10.0,0.27,10.0,0.26,10.0,0.5,5.0,0.51,55.0,0.52,5.0,0.53,10.0,0.54,10.0,0.5,5.0,0.49,55.0,0.48,5.0,0.47,10.0,0.46,10.0,0.6,10.0,0.71,16.0,0.72,10.0,0.73,10.0,0.74,10.0,0.1,0.1,0.094417,1776159038000
1776159039.848,39.848,0.35,5.0,0.33,5.0,0.28,10.0,0.23,21.0,0.22,10.0,0.44,2.96,0.45,14.0,0.46,10.0,0.47,15.0,0.48,10.0,0.5,5.0,0.49,55.0,0.48,5.0,0.47,10.0,0.46,10.0,0.6,10.0,0.71,16.0,0.72,10.0,0.73,10.0,0.74,10.0,0.09,0.1,0.094417,1776159038000
1776159040.909,40.909,0.35,5.0,0.33,5.0,0.28,10.0,0.23,21.0,0.22,10.0,0.44,2.96,0.45,14.0,0.46,10.0,0.47,15.0,0.48,10.0,0.56,2.96,0.55,14.0,0.54,10.0,0.53,15.0,0.52,10.0,0.65,5.0,0.67,5.0,0.72,10.0,0.77,21.0,0.78,10.0,0.09,0.09,0.094417,1776159040000
1776159041.853,41.853,0.35,5.0,0.33,5.0,0.28,10.0,0.23,21.0,0.22,10.0,0.44,2.96,0.45,14.0,0.46,10.0,0.47,15.0,0.48,10.0,0.56,2.96,0.55,14.0,0.54,10.0,0.53,15.0,0.52,10.0,0.65,5.0,0.67,5.0,0.72,10.0,0.77,21.0,0.78,10.0,0.09,0.09,0.094417,1776159041000
1776159042.84,42.84,0.35,5.0,0.33,5.0,0.28,10.0,0.23,21.0,0.22,10.0,0.44,2.96,0.45,14.0,0.46,10.0,0.47,15.0,0.48,10.0,0.56,2.96,0.55,14.0,0.54,10.0,0.53,15.0,0.52,10.0,0.65,5.0,0.67,5.0,0.72,10.0,0.77,21.0,0.78,10.0,0.09,0.09,0.094418,1776159042000
1776159044.27,44.27,0.35,5.0,0.33,5.0,0.28,10.0,0.23,21.0,0.22,10.0,0.44,2.96,0.45,14.0,0.46,10.0,0.47,15.0,0.48,10.0,0.56,2.96,0.55,14.0,0.54,10.0,0.53,15.0,0.52,10.0,0.65,5.0,0.67,5.0,0.72,10.0,0.77,21.0,0.78,10.0,0.09,0.09,0.094418,1776159043000
1776159045.178,45.178,0.35,5.0,0.33,5.0,0.28,10.0,0.23,21.0,0.22,10.0,0.44,2.96,0.45,14.0,0.46,10.0,0.47,15.0,0.48,10.0,0.56,2.96,0.55,14.0,0.54,10.0,0.53,15.0,0.52,10.0,0.65,5.0,0.67,5.0,0.72,10.0,0.77,21.0,0.78,10.0,0.09,0.09,0.094417,1776159044000
1776159046.755,46.755,0.35,5.0,0.33,5.0,0.28,10.0,0.23,21.0,0.22,10.0,0.44,2.96,0.45,14.0,0.46,10.0,0.47,15.0,0.48,10.0,0.56,2.96,0.55,14.0,0.54,10.0,0.53,15.0,0.52,10.0,0.65,5.0,0.67,5.0,0.72,10.0,0.77,21.0,0.78,10.0,0.09,0.09,0.094417,1776159045000
1776159047.306,47.306,0.35,5.0,0.33,5.0,0.28,10.0,0.23,21.0,0.22,10.0,0.44,2.96,0.45,14.0,0.46,10.0,0.47,15.0,0.48,10.0,0.56,2.96,0.55,14.0,0.54,10.0,0.53,15.0,0.52,10.0,0.65,5.0,0.67,5.0,0.72,10.0,0.77,21.0,0.78,10.0,0.09,0.09,0.094417,1776159046000
1776159048.323,48.323,0.35,5.0,0.33,5.0,0.28,10.0,0.23,21.0,0.22,10.0,0.44,2.96,0.45,14.0,0.46,10.0,0.47,15.0,0.48,10.0,0.56,2.96,0.55,14.0,0.54,10.0,0.53,15.0,0.52,10.0,0.65,5.0,0.67,5.0,0.72,10.0,0.77,21.0,0.78,10.0,0.09,0.09,0.094412,1776159047000
1776159049.406,49.406,0.35,5.0,0.33,5.0,0.28,10.0,0.23,21.0,0.22,10.0,0.44,2.96,0.45,14.0,0.46,10.0,0.47,15.0,0.48,10.0,0.56,2.96,0.55,14.0,0.54,10.0,0.53,15.0,0.52,10.0,0.65,5.0,0.67,5.0,0.72,10.0,0.77,21.0,0.78,10.0,0.09,0.09,0.094418,1776159048000
1776159049.89,49.89,0.35,5.0,0.33,5.0,0.28,10.0,0.23,21.0,0.22,10.0,0.44,2.96,0.45,14.0,0.46,10.0,0.47,15.0,0.48,10.0,0.56,2.96,0.55,14.0,0.54,10.0,0.53,15.0,0.52,10.0,0.65,5.0,0.67,5.0,0.72,10.0,0.77,21.0,0.78,10.0,0.09,0.09,0.094438,1776159049000
1776159050.848,50.848,0.4,0.46,0.39,5.0,0.32,10.0,0.31,50.0,0.28,10.0,0.44,2.96,0.49,5.0,0.5,10.0,0.51,5.0,0.52,15.0,0.56,2.96,0.55,14.0,0.54,10.0,0.53,15.0,0.52,10.0,0.65,5.0,0.67,5.0,0.72,10.0,0.77,21.0,0.78,10.0,0.04,0.09,0.094438,1776159049000
1776159051.969,51.969,0.4,0.46,0.39,5.0,0.32,10.0,0.31,50.0,0.28,10.0,0.44,2.96,0.49,5.0,0.5,10.0,0.51,5.0,0.52,15.0,0.56,2.96,0.51,5.0,0.5,10.0,0.49,5.0,0.48,15.0,0.6,0.46,0.61,5.0,0.68,10.0,0.69,50.0,0.72,10.0,0.04,0.04,0.094438,1776159051000
1776159053.025,53.025,0.4,0.46,0.39,5.0,0.32,10.0,0.31,50.0,0.28,10.0,0.44,2.96,0.49,5.0,0.5,10.0,0.51,5.0,0.52,15.0,0.56,2.96,0.51,5.0,0.5,10.0,0.49,5.0,0.48,15.0,0.6,0.46,0.61,5.0,0.68,10.0,0.69,50.0,0.72,10.0,0.04,0.04,0.094438,1776159052000
1776159054.006,54.006,0.4,0.46,0.39,5.0,0.32,10.0,0.31,50.0,0.28,10.0,0.44,2.96,0.49,5.0,0.5,10.0,0.51,5.0,0.52,15.0,0.56,2.96,0.51,5.0,0.5,10.0,0.49,5.0,0.48,15.0,0.6,0.46,0.61,5.0,0.68,10.0,0.69,50.0,0.72,10.0,0.04,0.04,0.09444,1776159053000
1776159055.001,55.001,0.4,0.46,0.39,5.0,0.32,10.0,0.31,50.0,0.28,10.0,0.44,2.96,0.49,5.0,0.5,10.0,0.51,5.0,0.52,15.0,0.56,2.96,0.51,5.0,0.5,10.0,0.49,5.0,0.48,15.0,0.6,0.46,0.61,5.0,0.68,10.0,0.69,50.0,0.72,10.0,0.04,0.04,0.09444,1776159054000
1776159055.991,55.991,0.4,0.46,0.39,5.0,0.32,10.0,0.31,50.0,0.28,10.0,0.44,2.96,0.49,5.0,0.5,10.0,0.51,5.0,0.52,15.0,0.56,2.96,0.51,5.0,0.5,10.0,0.49,5.0,0.48,15.0,0.6,0.46,0.61,5.0,0.68,10.0,0.69,50.0,0.72,10.0,0.04,0.04,0.09444,1776159055000
1776159057.035,57.035,0.4,0.46,0.39,5.0,0.32,10.0,0.31,50.0,0.28,10.0,0.44,2.96,0.49,5.0,0.5,10.0,0.51,5.0,0.52,15.0,0.56,2.96,0.51,5.0,0.5,10.0,0.49,5.0,0.48,15.0,0.6,0.46,0.61,5.0,0.68,10.0,0.69,50.0,0.72,10.0,0.04,0.04,0.09444,1776159056000
1776159058.073,58.073,0.4,0.46,0.39,5.0,0.32,10.0,0.31,50.0,0.28,10.0,0.44,2.96,0.49,5.0,0.5,10.0,0.51,5.0,0.52,15.0,0.56,2.96,0.51,5.0,0.5,10.0,0.49,5.0,0.48,15.0,0.6,0.46,0.61,5.0,0.68,10.0,0.69,50.0,0.72,10.0,0.04,0.04,0.09444,1776159057000
1776159066.259,66.259,0.4,0.46,0.39,5.0,0.32,10.0,0.31,50.0,0.28,10.0,0.44,2.96,0.49,5.0,0.5,10.0,0.51,5.0,0.52,15.0,0.56,2.96,0.51,5.0,0.5,10.0,0.49,5.0,0.48,15.0,0.6,0.46,0.61,5.0,0.68,10.0,0.69,50.0,0.72,10.0,0.04,0.04,0.094448,1776159065000
1776159067.277,67.277,0.4,0.46,0.39,5.0,0.32,10.0,0.31,50.0,0.28,10.0,0.44,2.96,0.49,5.0,0.5,10.0,0.51,5.0,0.52,15.0,0.56,2.96,0.51,5.0,0.5,10.0,0.49,5.0,0.48,15.0,0.6,0.46,0.61,5.0,0.68,10.0,0.69,50.0,0.72,10.0,0.04,0.04,0.094448,1776159066000
1776159068.326,68.326,0.4,0.46,0.39,5.0,0.32,10.0,0.31,50.0,0.28,10.0,0.44,2.96,0.49,5.0,0.5,10.0,0.51,5.0,0.52,15.0,0.56,2.96,0.51,5.0,0.5,10.0,0.49,5.0,0.48,15.0,0.6,0.46,0.61,5.0,0.68,10.0,0.69,50.0,0.72,10.0,0.04,0.04,0.094448,1776159067000
1776159068.973,68.973,0.4,0.46,0.39,5.0,0.32,10.0,0.31,50.0,0.28,10.0,0.44,2.96,0.49,5.0,0.5,10.0,0.51,5.0,0.52,15.0,0.56,2.96,0.51,5.0,0.5,10.0,0.49,5.0,0.48,15.0,0.6,0.46,0.61,5.0,0.68,10.0,0.69,50.0,0.72,10.0,0.04,0.04,0.094446,1776159068000
1776159070.015,70.015,0.4,0.46,0.39,5.0,0.32,10.0,0.31,50.0,0.28,10.0,0.44,2.96,0.49,5.0,0.5,10.0,0.51,5.0,0.52,15.0,0.56,2.96,0.51,5.0,0.5,10.0,0.49,5.0,0.48,15.0,0.6,0.46,0.61,5.0,0.68,10.0,0.69,50.0,0.72,10.0,0.04,0.04,0.094445,1776159069000
1776159071.167,71.167,0.4,0.46,0.39,5.0,0.32,10.0,0.31,50.0,0.28,10.0,0.44,2.96,0.49,5.0,0.5,10.0,0.51,5.0,0.52,15.0,0.56,2.96,0.51,5.0,0.5,10.0,0.49,5.0,0.48,15.0,0.6,0.46,0.61,5.0,0.68,10.0,0.69,50.0,0.72,10.0,0.04,0.04,0.09444,1776159070000
1776159072.203,72.203,0.4,0.46,0.39,5.0,0.32,10.0,0.31,50.0,0.28,10.0,0.44,2.96,0.49,5.0,0.5,10.0,0.51,5.0,0.52,15.0,0.56,2.96,0.51,5.0,0.5,10.0,0.49,5.0,0.48,15.0,0.6,0.46,0.61,5.0,0.68,10.0,0.69,50.0,0.72,10.0,0.04,0.04,0.09444,1776159071000
1776159073.348,73.348,0.4,0.46,0.39,5.0,0.32,10.0,0.31,50.0,0.28,10.0,0.44,2.96,0.49,5.0,0.5,10.0,0.51,5.0,0.52,15.0,0.56,2.96,0.51,5.0,0.5,10.0,0.49,5.0,0.48,15.0,0.6,0.46,0.61,5.0,0.68,10.0,0.69,50.0,0.72,10.0,0.04,0.04,0.09444,1776159072000
1776159074.604,74.604,0.4,0.46,0.39,5.0,0.32,10.0,0.31,50.0,0.28,10.0,0.44,2.96,0.49,5.0,0.5,10.0,0.51,5.0,0.52,15.0,0.56,2.96,0.51,5.0,0.5,10.0,0.49,5.0,0.48,15.0,0.6,0.46,0.61,5.0,0.68,10.0,0.69,50.0,0.72,10.0,0.04,0.04,0.09444,1776159073000
1776159075.086,75.086,0.4,0.46,0.39,5.0,0.32,10.0,0.31,50.0,0.28,10.0,0.44,2.96,0.49,5.0,0.5,10.0,0.51,5.0,0.52,15.0,0.56,2.96,0.51,5.0,0.5,10.0,0.49,5.0,0.48,15.0,0.6,0.46,0.61,5.0,0.68,10.0,0.69,50.0,0.72,10.0,0.04,0.04,0.094427,1776159074000
1776159076.371,76.371,0.4,0.46,0.39,5.0,0.32,10.0,0.31,50.0,0.28,10.0,0.44,2.96,0.49,5.0,0.5,10.0,0.51,5.0,0.52,15.0,0.56,2.96,0.51,5.0,0.5,10.0,0.49,5.0,0.48,15.0,0.6,0.46,0.61,5.0,0.68,10.0,0.69,50.0,0.72,10.0,0.04,0.04,0.094419,1776159075000
1776159076.987,76.987,0.4,0.46,0.39,5.0,0.32,10.0,0.31,50.0,0.28,10.0,0.44,2.96,0.49,5.0,0.5,10.0,0.51,5.0,0.52,15.0,0.56,2.96,0.51,5.0,0.5,10.0,0.49,5.0,0.48,15.0,0.6,0.46,0.61,5.0,0.68,10.0,0.69,50.0,0.72,10.0,0.04,0.04,0.094419,1776159076000
1776159078.078,78.078,0.4,0.46,0.39,5.0,0.32,10.0,0.31,50.0,0.28,10.0,0.44,2.96,0.49,5.0,0.5,10.0,0.51,5.0,0.52,15.0,0.56,2.96,0.51,5.0,0.5,10.0,0.49,5.0,0.48,15.0,0.6,0.46,0.61,5.0,0.68,10.0,0.69,50.0,0.72,10.0,0.04,0.04,0.094419,1776159077000
1776159079.236,79.236,0.4,0.46,0.39,5.0,0.32,10.0,0.31,50.0,0.28,10.0,0.44,2.96,0.49,5.0,0.5,10.0,0.51,5.0,0.52,15.0,0.56,2.96,0.51,5.0,0.5,10.0,0.49,5.0,0.48,15.0,0.6,0.46,0.61,5.0,0.68,10.0,0.69,50.0,0.72,10.0,0.04,0.04,0.094418,1776159078000
1776159080.341,80.341,0.4,0.46,0.39,5.0,0.32,10.0,0.31,50.0,0.28,10.0,0.44,2.96,0.49,5.0,0.5,10.0,0.51,5.0,0.52,15.0,0.56,2.96,0.51,5.0,0.5,10.0,0.49,5.0,0.48,15.0,0.6,0.46,0.61,5.0,0.68,10.0,0.69,50.0,0.72,10.0,0.04,0.04,0.094415,1776159079000
1776159081.427,81.427,0.45,5.0,0.43,5.0,0.36,20.0,0.35,10.0,0.34,10.0,0.57,11.0,0.58,10.0,0.6,20.8,0.61,80.9,0.62,21.0,0.56,2.96,0.51,5.0,0.5,10.0,0.49,5.0,0.48,15.0,0.6,0.46,0.61,5.0,0.68,10.0,0.69,50.0,0.72,10.0,0.12,0.04,0.094415,1776159079000
1776159082.024,82.024,0.45,5.0,0.43,5.0,0.36,20.0,0.35,10.0,0.34,10.0,0.57,11.0,0.58,10.0,0.6,20.8,0.61,80.9,0.62,21.0,0.43,11.0,0.42,10.0,0.4,20.8,0.39,80.9,0.38,21.0,0.55,5.0,0.57,5.0,0.64,20.0,0.65,10.0,0.66,10.0,0.12,0.12,0.094402,1776159081000
1776159083.24,83.24,0.45,5.0,0.43,5.0,0.36,20.0,0.35,10.0,0.34,10.0,0.57,11.0,0.58,10.0,0.6,20.8,0.61,80.9,0.62,21.0,0.43,11.0,0.42,10.0,0.4,20.8,0.39,80.9,0.38,21.0,0.55,5.0,0.57,5.0,0.64,20.0,0.65,10.0,0.66,10.0,0.12,0.12,0.094439,1776159082000
1776159084.367,84.367,0.45,5.0,0.43,5.0,0.36,20.0,0.35,10.0,0.34,10.0,0.57,11.0,0.58,10.0,0.6,20.8,0.61,80.9,0.62,21.0,0.43,11.0,0.42,10.0,0.4,20.8,0.39,80.9,0.38,21.0,0.55,5.0,0.57,5.0,0.64,20.0,0.65,10.0,0.66,10.0,0.12,0.12,0.094457,1776159083000
1776159085.46,85.46,0.45,5.0,0.43,5.0,0.36,20.0,0.35,10.0,0.34,10.0,0.57,11.0,0.58,10.0,0.6,20.8,0.61,80.9,0.62,21.0,0.43,11.0,0.42,10.0,0.4,20.8,0.39,80.9,0.38,21.0,0.55,5.0,0.57,5.0,0.64,20.0,0.65,10.0,0.66,10.0,0.12,0.12,0.094457,1776159084000
1776159085.987,85.987,0.45,5.0,0.43,5.0,0.36,20.0,0.35,10.0,0.34,10.0,0.57,11.0,0.58,10.0,0.6,20.8,0.61,80.9,0.62,21.0,0.43,11.0,0.42,10.0,0.4,20.8,0.39,80.9,0.38,21.0,0.55,5.0,0.57,5.0,0.64,20.0,0.65,10.0,0.66,10.0,0.12,0.12,0.094461,1776159085000
1776159087.204,87.204,0.45,5.0,0.43,5.0,0.36,20.0,0.35,10.0,0.34,10.0,0.57,11.0,0.58,10.0,0.6,20.8,0.61,80.9,0.62,21.0,0.43,11.0,0.42,10.0,0.4,20.8,0.39,80.9,0.38,21.0,0.55,5.0,0.57,5.0,0.64,20.0,0.65,10.0,0.66,10.0,0.12,0.12,0.094452,1776159086000
1776159087.476,87.476,0.4,5.0,0.36,11.3,0.35,11.4,0.34,21.6,0.33,26.8,0.54,5.0,0.55,15.0,0.56,10.0,0.57,21.0,0.58,10.0,0.43,11.0,0.42,10.0,0.4,20.8,0.39,80.9,0.38,21.0,0.55,5.0,0.57,5.0,0.64,20.0,0.65,10.0,0.66,10.0,0.14,0.12,0.094452,1776159086000
1776159088.357,88.357,0.4,5.0,0.36,11.3,0.35,11.4,0.34,21.6,0.33,26.8,0.54,5.0,0.55,15.0,0.56,10.0,0.57,21.0,0.58,10.0,0.46,5.0,0.45,15.0,0.44,10.0,0.43,21.0,0.42,10.0,0.6,5.0,0.64,11.3,0.65,11.4,0.66,21.6,0.67,26.8,0.14,0.14,0.094452,1776159087000
1776159089.471,89.471,0.4,5.0,0.36,11.3,0.35,11.4,0.34,21.6,0.33,26.8,0.54,5.0,0.55,15.0,0.56,10.0,0.57,21.0,0.58,10.0,0.46,5.0,0.45,15.0,0.44,10.0,0.43,21.0,0.42,10.0,0.6,5.0,0.64,11.3,0.65,11.4,0.66,21.6,0.67,26.8,0.14,0.14,0.094452,1776159088000
1776159090.457,90.457,0.4,5.0,0.36,11.3,0.35,11.4,0.34,21.6,0.33,26.8,0.54,5.0,0.55,15.0,0.56,10.0,0.57,21.0,0.58,10.0,0.46,5.0,0.45,15.0,0.44,10.0,0.43,21.0,0.42,10.0,0.6,5.0,0.64,11.3,0.65,11.4,0.66,21.6,0.67,26.8,0.14,0.14,0.094452,1776159089000
1776159091.662,91.662,0.4,5.0,0.36,11.3,0.35,11.4,0.34,21.6,0.33,26.8,0.54,5.0,0.55,15.0,0.56,10.0,0.57,21.0,0.58,10.0,0.46,5.0,0.45,15.0,0.44,10.0,0.43,21.0,0.42,10.0,0.6,5.0,0.64,11.3,0.65,11.4,0.66,21.6,0.67,26.8,0.14,0.14,0.094452,1776159090000
1776159092.362,92.362,0.4,5.0,0.36,11.3,0.35,11.4,0.34,21.6,0.33,26.8,0.54,5.0,0.55,15.0,0.56,10.0,0.57,21.0,0.58,10.0,0.46,5.0,0.45,15.0,0.44,10.0,0.43,21.0,0.42,10.0,0.6,5.0,0.64,11.3,0.65,11.4,0.66,21.6,0.67,26.8,0.14,0.14,0.094452,1776159091000
1776159093.156,93.156,0.4,5.0,0.36,11.3,0.35,11.4,0.34,21.6,0.33,26.8,0.54,5.0,0.55,15.0,0.56,10.0,0.57,21.0,0.58,10.0,0.46,5.0,0.45,15.0,0.44,10.0,0.43,21.0,0.42,10.0,0.6,5.0,0.64,11.3,0.65,11.4,0.66,21.6,0.67,26.8,0.14,0.14,0.094452,1776159092000
1776159094.488,94.488,0.4,5.0,0.36,11.3,0.35,11.4,0.34,21.6,0.33,26.8,0.54,5.0,0.55,15.0,0.56,10.0,0.57,21.0,0.58,10.0,0.46,5.0,0.45,15.0,0.44,10.0,0.43,21.0,0.42,10.0,0.6,5.0,0.64,11.3,0.65,11.4,0.66,21.6,0.67,26.8,0.14,0.14,0.09445,1776159093000
1776159095.289,95.289,0.4,5.0,0.36,11.3,0.35,11.4,0.34,21.6,0.33,26.8,0.54,5.0,0.55,15.0,0.56,10.0,0.57,21.0,0.58,10.0,0.46,5.0,0.45,15.0,0.44,10.0,0.43,21.0,0.42,10.0,0.6,5.0,0.64,11.3,0.65,11.4,0.66,21.6,0.67,26.8,0.14,0.14,0.094454,1776159094000
1776159096.754,96.754,0.4,5.0,0.36,11.3,0.35,11.4,0.34,21.6,0.33,26.8,0.54,5.0,0.55,15.0,0.56,10.0,0.57,21.0,0.58,10.0,0.46,5.0,0.45,15.0,0.44,10.0,0.43,21.0,0.42,10.0,0.6,5.0,0.64,11.3,0.65,11.4,0.66,21.6,0.67,26.8,0.14,0.14,0.094457,1776159095000
1776159097.348,97.348,0.4,5.0,0.36,11.3,0.35,11.4,0.34,21.6,0.33,26.8,0.54,5.0,0.55,15.0,0.56,10.0,0.57,21.0,0.58,10.0,0.46,5.0,0.45,15.0,0.44,10.0,0.43,21.0,0.42,10.0,0.6,5.0,0.64,11.3,0.65,11.4,0.66,21.6,0.67,26.8,0.14,0.14,0.094457,1776159096000
1776159098.088,98.088,0.4,5.0,0.36,11.3,0.35,11.4,0.34,21.6,0.33,26.8,0.54,5.0,0.55,15.0,0.56,10.0,0.57,21.0,0.58,10.0,0.46,5.0,0.45,15.0,0.44,10.0,0.43,21.0,0.42,10.0,0.6,5.0,0.64,11.3,0.65,11.4,0.66,21.6,0.67,26.8,0.14,0.14,0.094457,1776159097000
1776159099.573,99.573,0.4,5.0,0.36,11.3,0.35,11.4,0.34,21.6,0.33,26.8,0.54,5.0,0.55,15.0,0.56,10.0,0.57,21.0,0.58,10.0,0.46,5.0,0.45,15.0,0.44,10.0,0.43,21.0,0.42,10.0,0.6,5.0,0.64,11.3,0.65,11.4,0.66,21.6,0.67,26.8,0.14,0.14,0.094457,1776159098000
1776159100.301,100.301,0.4,5.0,0.36,11.3,0.35,11.4,0.34,21.6,0.33,26.8,0.54,5.0,0.55,15.0,0.56,10.0,0.57,21.0,0.58,10.0,0.46,5.0,0.45,15.0,0.44,10.0,0.43,21.0,0.42,10.0,0.6,5.0,0.64,11.3,0.65,11.4,0.66,21.6,0.67,26.8,0.14,0.14,0.094456,1776159099000
1776159101.125,101.125,0.4,5.0,0.36,11.3,0.35,11.4,0.34,21.6,0.33,26.8,0.54,5.0,0.55,15.0,0.56,10.0,0.57,21.0,0.58,10.0,0.46,5.0,0.45,15.0,0.44,10.0,0.43,21.0,0.42,10.0,0.6,5.0,0.64,11.3,0.65,11.4,0.66,21.6,0.67,26.8,0.14,0.14,0.094456,1776159100000
1776159102.606,102.606,0.4,5.0,0.36,11.3,0.35,11.4,0.34,21.6,0.33,26.8,0.54,5.0,0.55,15.0,0.56,10.0,0.57,21.0,0.58,10.0,0.46,5.0,0.45,15.0,0.44,10.0,0.43,21.0,0.42,10.0,0.6,5.0,0.64,11.3,0.65,11.4,0.66,21.6,0.67,26.8,0.14,0.14,0.094456,1776159101000
1776159103.28,103.28,0.4,5.0,0.36,11.3,0.35,11.4,0.34,21.6,0.33,26.8,0.54,5.0,0.55,15.0,0.56,10.0,0.57,21.0,0.58,10.0,0.46,5.0,0.45,15.0,0.44,10.0,0.43,21.0,0.42,10.0,0.6,5.0,0.64,11.3,0.65,11.4,0.66,21.6,0.67,26.8,0.14,0.14,0.094456,1776159102000
1776159104.778,104.778,0.4,5.0,0.36,11.3,0.35,11.4,0.34,21.6,0.33,26.8,0.54,5.0,0.55,15.0,0.56,10.0,0.57,21.0,0.58,10.0,0.46,5.0,0.45,15.0,0.44,10.0,0.43,21.0,0.42,10.0,0.6,5.0,0.64,11.3,0.65,11.4,0.66,21.6,0.67,26.8,0.14,0.14,0.094455,1776159103000
1776159105.573,105.573,0.4,5.0,0.36,11.3,0.35,11.4,0.34,21.6,0.33,26.8,0.54,5.0,0.55,15.0,0.56,10.0,0.57,21.0,0.58,10.0,0.46,5.0,0.45,15.0,0.44,10.0,0.43,21.0,0.42,10.0,0.6,5.0,0.64,11.3,0.65,11.4,0.66,21.6,0.67,26.8,0.14,0.14,0.094456,1776159104000
1776159106.324,106.324,0.4,5.0,0.36,11.3,0.35,11.4,0.34,21.6,0.33,26.8,0.54,5.0,0.55,15.0,0.56,10.0,0.57,21.0,0.58,10.0,0.46,5.0,0.45,15.0,0.44,10.0,0.43,21.0,0.42,10.0,0.6,5.0,0.64,11.3,0.65,11.4,0.66,21.6,0.67,26.8,0.14,0.14,0.094456,1776159105000
1776159107.114,107.114,0.4,5.0,0.36,11.3,0.35,11.4,0.34,21.6,0.33,26.8,0.54,5.0,0.55,15.0,0.56,10.0,0.57,21.0,0.58,10.0,0.46,5.0,0.45,15.0,0.44,10.0,0.43,21.0,0.42,10.0,0.6,5.0,0.64,11.3,0.65,11.4,0.66,21.6,0.67,26.8,0.14,0.14,0.094455,1776159106000
1776159109.012,109.012,0.4,5.0,0.36,11.3,0.35,11.4,0.34,21.6,0.33,26.8,0.54,5.0,0.55,15.0,0.56,10.0,0.57,21.0,0.58,10.0,0.46,5.0,0.45,15.0,0.44,10.0,0.43,21.0,0.42,10.0,0.6,5.0,0.64,11.3,0.65,11.4,0.66,21.6,0.67,26.8,0.14,0.14,0.094453,1776159107000
1776159109.492,109.492,0.4,5.0,0.36,11.3,0.35,11.4,0.34,21.6,0.33,26.8,0.54,5.0,0.55,15.0,0.56,10.0,0.57,21.0,0.58,10.0,0.46,5.0,0.45,15.0,0.44,10.0,0.43,21.0,0.42,10.0,0.6,5.0,0.64,11.3,0.65,11.4,0.66,21.6,0.67,26.8,0.14,0.14,0.094452,1776159108000
1776159110.004,110.004,0.4,5.0,0.36,11.3,0.35,11.4,0.34,21.6,0.33,26.8,0.54,5.0,0.55,15.0,0.56,10.0,0.57,21.0,0.58,10.0,0.46,5.0,0.45,15.0,0.44,10.0,0.43,21.0,0.42,10.0,0.6,5.0,0.64,11.3,0.65,11.4,0.66,21.6,0.67,26.8,0.14,0.14,0.094452,1776159109000
1776159111.165,111.165,0.4,5.0,0.36,11.3,0.35,11.4,0.34,21.6,0.33,26.8,0.54,5.0,0.55,15.0,0.56,10.0,0.57,21.0,0.58,10.0,0.46,5.0,0.45,15.0,0.44,10.0,0.43,21.0,0.42,10.0,0.6,5.0,0.64,11.3,0.65,11.4,0.66,21.6,0.67,26.8,0.14,0.14,0.094452,1776159110000
1776159112.266,112.266,0.4,5.0,0.36,11.3,0.35,11.4,0.34,21.6,0.33,26.8,0.54,5.0,0.55,15.0,0.56,10.0,0.57,21.0,0.58,10.0,0.46,5.0,0.45,15.0,0.44,10.0,0.43,21.0,0.42,10.0,0.6,5.0,0.64,11.3,0.65,11.4,0.66,21.6,0.67,26.8,0.14,0.14,0.09446,1776159111000
1776159113.54,113.54,0.4,5.0,0.36,11.3,0.35,11.4,0.34,21.6,0.33,26.8,0.54,5.0,0.55,15.0,0.56,10.0,0.57,21.0,0.58,10.0,0.46,5.0,0.45,15.0,0.44,10.0,0.43,21.0,0.42,10.0,0.6,5.0,0.64,11.3,0.65,11.4,0.66,21.6,0.67,26.8,0.14,0.14,0.094462,1776159112000
1776159114.262,114.262,0.4,5.0,0.36,11.3,0.35,11.4,0.34,21.6,0.33,26.8,0.54,5.0,0.55,15.0,0.56,10.0,0.57,21.0,0.58,10.0,0.46,5.0,0.45,15.0,0.44,10.0,0.43,21.0,0.42,10.0,0.6,5.0,0.64,11.3,0.65,11.4,0.66,21.6,0.67,26.8,0.14,0.14,0.09446,1776159113000
1776159114.996,114.996,0.4,5.0,0.36,11.3,0.35,11.4,0.34,21.6,0.33,26.8,0.54,5.0,0.55,15.0,0.56,10.0,0.57,21.0,0.58,10.0,0.46,5.0,0.45,15.0,0.44,10.0,0.43,21.0,0.42,10.0,0.6,5.0,0.64,11.3,0.65,11.4,0.66,21.6,0.67,26.8,0.14,0.14,0.09446,1776159114000
1776159116.445,116.445,0.4,5.0,0.36,11.3,0.35,11.4,0.34,21.6,0.33,26.8,0.54,5.0,0.55,15.0,0.56,10.0,0.57,21.0,0.58,10.0,0.46,5.0,0.45,15.0,0.44,10.0,0.43,21.0,0.42,10.0,0.6,5.0,0.64,11.3,0.65,11.4,0.66,21.6,0.67,26.8,0.14,0.14,0.094462,1776159115000
1776159117.012,117.012,0.4,5.0,0.36,11.3,0.35,11.4,0.34,21.6,0.33,26.8,0.54,5.0,0.55,15.0,0.56,10.0,0.57,21.0,0.58,10.0,0.46,5.0,0.45,15.0,0.44,10.0,0.43,21.0,0.42,10.0,0.6,5.0,0.64,11.3,0.65,11.4,0.66,21.6,0.67,26.8,0.14,0.14,0.094462,1776159116000
1776159118.063,118.063,0.4,5.0,0.36,11.3,0.35,11.4,0.34,21.6,0.33,26.8,0.54,5.0,0.55,15.0,0.56,10.0,0.57,21.0,0.58,10.0,0.46,5.0,0.45,15.0,0.44,10.0,0.43,21.0,0.42,10.0,0.6,5.0,0.64,11.3,0.65,11.4,0.66,21.6,0.67,26.8,0.14,0.14,0.09447,1776159117000
1776159119.215,119.215,0.4,5.0,0.36,11.3,0.35,11.4,0.34,21.6,0.33,26.8,0.54,5.0,0.55,15.0,0.56,10.0,0.57,21.0,0.58,10.0,0.46,5.0,0.45,15.0,0.44,10.0,0.43,21.0,0.42,10.0,0.6,5.0,0.64,11.3,0.65,11.4,0.66,21.6,0.67,26.8,0.14,0.14,0.094474,1776159118000
1776159120.282,120.282,0.4,5.0,0.36,11.3,0.35,11.4,0.34,21.6,0.33,26.8,0.54,5.0,0.55,15.0,0.56,10.0,0.57,21.0,0.58,10.0,0.46,5.0,0.45,15.0,0.44,10.0,0.43,21.0,0.42,10.0,0.6,5.0,0.64,11.3,0.65,11.4,0.66,21.6,0.67,26.8,0.14,0.14,0.094472,1776159119000
1776159121.334,121.334,0.4,5.0,0.36,11.3,0.35,11.4,0.34,21.6,0.33,26.8,0.54,5.0,0.55,15.0,0.56,10.0,0.57,21.0,0.58,10.0,0.46,5.0,0.45,15.0,0.44,10.0,0.43,21.0,0.42,10.0,0.6,5.0,0.64,11.3,0.65,11.4,0.66,21.6,0.67,26.8,0.14,0.14,0.094472,1776159120000
1776159121.959,121.959,0.4,5.0,0.36,11.3,0.35,11.4,0.34,21.6,0.33,26.8,0.54,5.0,0.55,15.0,0.56,10.0,0.57,21.0,0.58,10.0,0.46,5.0,0.45,15.0,0.44,10.0,0.43,21.0,0.42,10.0,0.6,5.0,0.64,11.3,0.65,11.4,0.66,21.6,0.67,26.8,0.14,0.14,0.094473,1776159121000
1776159123.041,123.041,0.4,5.0,0.36,11.3,0.35,11.4,0.34,21.6,0.33,26.8,0.54,5.0,0.55,15.0,0.56,10.0,0.57,21.0,0.58,10.0,0.46,5.0,0.45,15.0,0.44,10.0,0.43,21.0,0.42,10.0,0.6,5.0,0.64,11.3,0.65,11.4,0.66,21.6,0.67,26.8,0.14,0.14,0.094474,1776159122000
1776159124.155,124.155,0.4,5.0,0.36,11.3,0.35,11.4,0.34,21.6,0.33,26.8,0.54,5.0,0.55,15.0,0.56,10.0,0.57,21.0,0.58,10.0,0.46,5.0,0.45,15.0,0.44,10.0,0.43,21.0,0.42,10.0,0.6,5.0,0.64,11.3,0.65,11.4,0.66,21.6,0.67,26.8,0.14,0.14,0.094474,1776159123000
1776159124.403,124.403,0.53,4.76,0.52,15.4,0.51,10.4,0.5,10.4,0.49,20.4,0.68,11.9,0.69,27.2,0.7,17.4,0.71,62.6,0.72,12.9,0.46,5.0,0.45,15.0,0.44,10.0,0.43,21.0,0.42,10.0,0.6,5.0,0.64,11.3,0.65,11.4,0.66,21.6,0.67,26.8,0.15,0.14,0.094474,1776159123000
1776159125.742,125.742,0.53,4.76,0.52,15.4,0.51,10.4,0.5,10.4,0.49,20.4,0.68,11.9,0.69,27.2,0.7,17.4,0.71,62.6,0.72,12.9,0.32,11.9,0.31,27.2,0.3,17.4,0.29,62.6,0.28,12.9,0.47,4.76,0.48,15.4,0.49,10.4,0.5,10.4,0.51,20.4,0.15,0.15,0.094482,1776159124000
1776159126.507,126.507,0.53,4.76,0.52,15.4,0.51,10.4,0.5,10.4,0.49,20.4,0.68,11.9,0.69,27.2,0.7,17.4,0.71,62.6,0.72,12.9,0.32,11.9,0.31,27.2,0.3,17.4,0.29,62.6,0.28,12.9,0.47,4.76,0.48,15.4,0.49,10.4,0.5,10.4,0.51,20.4,0.15,0.15,0.094482,1776159125000
1776159127.146,127.146,0.53,4.76,0.52,15.4,0.51,10.4,0.5,10.4,0.49,20.4,0.68,11.9,0.69,27.2,0.7,17.4,0.71,62.6,0.72,12.9,0.32,11.9,0.31,27.2,0.3,17.4,0.29,62.6,0.28,12.9,0.47,4.76,0.48,15.4,0.49,10.4,0.5,10.4,0.51,20.4,0.15,0.15,0.094481,1776159126000
1776159128.46,128.46,0.53,4.76,0.52,15.4,0.51,10.4,0.5,10.4,0.49,20.4,0.68,11.9,0.69,27.2,0.7,17.4,0.71,62.6,0.72,12.9,0.32,11.9,0.31,27.2,0.3,17.4,0.29,62.6,0.28,12.9,0.47,4.76,0.48,15.4,0.49,10.4,0.5,10.4,0.51,20.4,0.15,0.15,0.094482,1776159127000
1776159129.098,129.098,0.53,4.76,0.52,15.4,0.51,10.4,0.5,10.4,0.49,20.4,0.68,11.9,0.69,27.2,0.7,17.4,0.71,62.6,0.72,12.9,0.32,11.9,0.31,27.2,0.3,17.4,0.29,62.6,0.28,12.9,0.47,4.76,0.48,15.4,0.49,10.4,0.5,10.4,0.51,20.4,0.15,0.15,0.094482,1776159128000
1776159130.339,130.339,0.53,4.76,0.52,15.4,0.51,10.4,0.5,10.4,0.49,20.4,0.68,11.9,0.69,27.2,0.7,17.4,0.71,62.6,0.72,12.9,0.32,11.9,0.31,27.2,0.3,17.4,0.29,62.6,0.28,12.9,0.47,4.76,0.48,15.4,0.49,10.4,0.5,10.4,0.51,20.4,0.15,0.15,0.094483,1776159129000
1776159130.973,130.973,0.53,4.76,0.52,15.4,0.51,10.4,0.5,10.4,0.49,20.4,0.68,11.9,0.69,27.2,0.7,17.4,0.71,62.6,0.72,12.9,0.32,11.9,0.31,27.2,0.3,17.4,0.29,62.6,0.28,12.9,0.47,4.76,0.48,15.4,0.49,10.4,0.5,10.4,0.51,20.4,0.15,0.15,0.09449,1776159130000
1776159132.232,132.232,0.53,4.76,0.52,15.4,0.51,10.4,0.5,10.4,0.49,20.4,0.68,11.9,0.69,27.2,0.7,17.4,0.71,62.6,0.72,12.9,0.32,11.9,0.31,27.2,0.3,17.4,0.29,62.6,0.28,12.9,0.47,4.76,0.48,15.4,0.49,10.4,0.5,10.4,0.51,20.4,0.15,0.15,0.094488,1776159131000
1776159133.62,133.62,0.53,4.76,0.52,15.4,0.51,10.4,0.5,10.4,0.49,20.4,0.68,11.9,0.69,27.2,0.7,17.4,0.71,62.6,0.72,12.9,0.32,11.9,0.31,27.2,0.3,17.4,0.29,62.6,0.28,12.9,0.47,4.76,0.48,15.4,0.49,10.4,0.5,10.4,0.51,20.4,0.15,0.15,0.094488,1776159132000
1776159134.376,134.376,0.53,4.76,0.52,15.4,0.51,10.4,0.5,10.4,0.49,20.4,0.68,11.9,0.69,27.2,0.7,17.4,0.71,62.6,0.72,12.9,0.32,11.9,0.31,27.2,0.3,17.4,0.29,62.6,0.28,12.9,0.47,4.76,0.48,15.4,0.49,10.4,0.5,10.4,0.51,20.4,0.15,0.15,0.094488,1776159133000
1776159135.561,135.561,0.53,4.76,0.52,15.4,0.51,10.4,0.5,10.4,0.49,20.4,0.68,11.9,0.69,27.2,0.7,17.4,0.71,62.6,0.72,12.9,0.32,11.9,0.31,27.2,0.3,17.4,0.29,62.6,0.28,12.9,0.47,4.76,0.48,15.4,0.49,10.4,0.5,10.4,0.51,20.4,0.15,0.15,0.094487,1776159134000
1776159136.365,136.365,0.53,4.76,0.52,15.4,0.51,10.4,0.5,10.4,0.49,20.4,0.68,11.9,0.69,27.2,0.7,17.4,0.71,62.6,0.72,12.9,0.32,11.9,0.31,27.2,0.3,17.4,0.29,62.6,0.28,12.9,0.47,4.76,0.48,15.4,0.49,10.4,0.5,10.4,0.51,20.4,0.15,0.15,0.094487,1776159135000
1776159136.963,136.963,0.53,4.76,0.52,15.4,0.51,10.4,0.5,10.4,0.49,20.4,0.68,11.9,0.69,27.2,0.7,17.4,0.71,62.6,0.72,12.9,0.32,11.9,0.31,27.2,0.3,17.4,0.29,62.6,0.28,12.9,0.47,4.76,0.48,15.4,0.49,10.4,0.5,10.4,0.51,20.4,0.15,0.15,0.094487,1776159136000
1776159138.25,138.25,0.53,4.76,0.52,15.4,0.51,10.4,0.5,10.4,0.49,20.4,0.68,11.9,0.69,27.2,0.7,17.4,0.71,62.6,0.72,12.9,0.32,11.9,0.31,27.2,0.3,17.4,0.29,62.6,0.28,12.9,0.47,4.76,0.48,15.4,0.49,10.4,0.5,10.4,0.51,20.4,0.15,0.15,0.094487,1776159137000
1776159139.745,139.745,0.53,4.76,0.52,15.4,0.51,10.4,0.5,10.4,0.49,20.4,0.68,11.9,0.69,27.2,0.7,17.4,0.71,62.6,0.72,12.9,0.32,11.9,0.31,27.2,0.3,17.4,0.29,62.6,0.28,12.9,0.47,4.76,0.48,15.4,0.49,10.4,0.5,10.4,0.51,20.4,0.15,0.15,0.094487,1776159138000
1776159140.3,140.3,0.53,4.76,0.52,15.4,0.51,10.4,0.5,10.4,0.49,20.4,0.68,11.9,0.69,27.2,0.7,17.4,0.71,62.6,0.72,12.9,0.32,11.9,0.31,27.2,0.3,17.4,0.29,62.6,0.28,12.9,0.47,4.76,0.48,15.4,0.49,10.4,0.5,10.4,0.51,20.4,0.15,0.15,0.094487,1776159139000
1776159141.578,141.578,0.53,4.76,0.52,15.4,0.51,10.4,0.5,10.4,0.49,20.4,0.68,11.9,0.69,27.2,0.7,17.4,0.71,62.6,0.72,12.9,0.32,11.9,0.31,27.2,0.3,17.4,0.29,62.6,0.28,12.9,0.47,4.76,0.48,15.4,0.49,10.4,0.5,10.4,0.51,20.4,0.15,0.15,0.094487,1776159140000
1776159142.098,142.098,0.53,4.76,0.52,15.4,0.51,10.4,0.5,10.4,0.49,20.4,0.68,11.9,0.69,27.2,0.7,17.4,0.71,62.6,0.72,12.9,0.32,11.9,0.31,27.2,0.3,17.4,0.29,62.6,0.28,12.9,0.47,4.76,0.48,15.4,0.49,10.4,0.5,10.4,0.51,20.4,0.15,0.15,0.094487,1776159141000
1776159143.223,143.223,0.53,4.76,0.52,15.4,0.51,10.4,0.5,10.4,0.49,20.4,0.68,11.9,0.69,27.2,0.7,17.4,0.71,62.6,0.72,12.9,0.32,11.9,0.31,27.2,0.3,17.4,0.29,62.6,0.28,12.9,0.47,4.76,0.48,15.4,0.49,10.4,0.5,10.4,0.51,20.4,0.15,0.15,0.094487,1776159142000
1776159144.451,144.451,0.53,4.76,0.52,15.4,0.51,10.4,0.5,10.4,0.49,20.4,0.68,11.9,0.69,27.2,0.7,17.4,0.71,62.6,0.72,12.9,0.32,11.9,0.31,27.2,0.3,17.4,0.29,62.6,0.28,12.9,0.47,4.76,0.48,15.4,0.49,10.4,0.5,10.4,0.51,20.4,0.15,0.15,0.094488,1776159143000
1776159145.129,145.129,0.53,4.76,0.52,15.4,0.51,10.4,0.5,10.4,0.49,20.4,0.68,11.9,0.69,27.2,0.7,17.4,0.71,62.6,0.72,12.9,0.32,11.9,0.31,27.2,0.3,17.4,0.29,62.6,0.28,12.9,0.47,4.76,0.48,15.4,0.49,10.4,0.5,10.4,0.51,20.4,0.15,0.15,0.094488,1776159144000
1776159146.197,146.197,0.53,4.76,0.52,15.4,0.51,10.4,0.5,10.4,0.49,20.4,0.68,11.9,0.69,27.2,0.7,17.4,0.71,62.6,0.72,12.9,0.32,11.9,0.31,27.2,0.3,17.4,0.29,62.6,0.28,12.9,0.47,4.76,0.48,15.4,0.49,10.4,0.5,10.4,0.51,20.4,0.15,0.15,0.094489,1776159145000
1776159147.355,147.355,0.53,4.76,0.52,15.4,0.51,10.4,0.5,10.4,0.49,20.4,0.68,11.9,0.69,27.2,0.7,17.4,0.71,62.6,0.72,12.9,0.32,11.9,0.31,27.2,0.3,17.4,0.29,62.6,0.28,12.9,0.47,4.76,0.48,15.4,0.49,10.4,0.5,10.4,0.51,20.4,0.15,0.15,0.094488,1776159146000
1776159147.932,147.932,0.56,5.0,0.53,10.4,0.52,10.4,0.51,60.4,0.5,10.4,0.73,15.0,0.75,5.0,0.76,14.3,0.77,14.7,0.78,15.2,0.32,11.9,0.31,27.2,0.3,17.4,0.29,62.6,0.28,12.9,0.47,4.76,0.48,15.4,0.49,10.4,0.5,10.4,0.51,20.4,0.17,0.15,0.094488,1776159146000
1776159149.438,149.438,0.56,5.0,0.53,10.4,0.52,10.4,0.51,60.4,0.5,10.4,0.73,15.0,0.75,5.0,0.76,14.3,0.77,14.7,0.78,15.2,0.27,15.0,0.25,5.0,0.24,14.3,0.23,14.7,0.22,15.2,0.44,5.0,0.47,10.4,0.48,10.4,0.49,60.4,0.5,10.4,0.17,0.17,0.094498,1776159148000
1776159150.106,150.106,0.56,5.0,0.53,10.4,0.52,10.4,0.51,60.4,0.5,10.4,0.73,15.0,0.75,5.0,0.76,14.3,0.77,14.7,0.78,15.2,0.27,15.0,0.25,5.0,0.24,14.3,0.23,14.7,0.22,15.2,0.44,5.0,0.47,10.4,0.48,10.4,0.49,60.4,0.5,10.4,0.17,0.17,0.09449,1776159149000
1776159151.176,151.176,0.56,5.0,0.53,10.4,0.52,10.4,0.51,60.4,0.5,10.4,0.73,15.0,0.75,5.0,0.76,14.3,0.77,14.7,0.78,15.2,0.27,15.0,0.25,5.0,0.24,14.3,0.23,14.7,0.22,15.2,0.44,5.0,0.47,10.4,0.48,10.4,0.49,60.4,0.5,10.4,0.17,0.17,0.094508,1776159150000
1776159152.304,152.304,0.56,5.0,0.53,10.4,0.52,10.4,0.51,60.4,0.5,10.4,0.73,15.0,0.75,5.0,0.76,14.3,0.77,14.7,0.78,15.2,0.27,15.0,0.25,5.0,0.24,14.3,0.23,14.7,0.22,15.2,0.44,5.0,0.47,10.4,0.48,10.4,0.49,60.4,0.5,10.4,0.17,0.17,0.094509,1776159151000
1776159153.4,153.4,0.56,5.0,0.53,10.4,0.52,10.4,0.51,60.4,0.5,10.4,0.73,15.0,0.75,5.0,0.76,14.3,0.77,14.7,0.78,15.2,0.27,15.0,0.25,5.0,0.24,14.3,0.23,14.7,0.22,15.2,0.44,5.0,0.47,10.4,0.48,10.4,0.49,60.4,0.5,10.4,0.17,0.17,0.094503,1776159152000
1776159154.088,154.088,0.56,5.0,0.53,10.4,0.52,10.4,0.51,60.4,0.5,10.4,0.73,15.0,0.75,5.0,0.76,14.3,0.77,14.7,0.78,15.2,0.27,15.0,0.25,5.0,0.24,14.3,0.23,14.7,0.22,15.2,0.44,5.0,0.47,10.4,0.48,10.4,0.49,60.4,0.5,10.4,0.17,0.17,0.094499,1776159153000
1776159155.215,155.215,0.56,5.0,0.53,10.4,0.52,10.4,0.51,60.4,0.5,10.4,0.73,15.0,0.75,5.0,0.76,14.3,0.77,14.7,0.78,15.2,0.27,15.0,0.25,5.0,0.24,14.3,0.23,14.7,0.22,15.2,0.44,5.0,0.47,10.4,0.48,10.4,0.49,60.4,0.5,10.4,0.17,0.17,0.094499,1776159154000
1776159156.372,156.372,0.56,5.0,0.53,10.4,0.52,10.4,0.51,60.4,0.5,10.4,0.73,15.0,0.75,5.0,0.76,14.3,0.77,14.7,0.78,15.2,0.27,15.0,0.25,5.0,0.24,14.3,0.23,14.7,0.22,15.2,0.44,5.0,0.47,10.4,0.48,10.4,0.49,60.4,0.5,10.4,0.17,0.17,0.094499,1776159155000
1776159157.327,157.327,0.56,5.0,0.53,10.4,0.52,10.4,0.51,60.4,0.5,10.4,0.73,15.0,0.75,5.0,0.76,14.3,0.77,14.7,0.78,15.2,0.27,15.0,0.25,5.0,0.24,14.3,0.23,14.7,0.22,15.2,0.44,5.0,0.47,10.4,0.48,10.4,0.49,60.4,0.5,10.4,0.17,0.17,0.094499,1776159156000
1776159157.871,157.871,0.56,5.0,0.53,10.4,0.52,10.4,0.51,60.4,0.5,10.4,0.73,15.0,0.75,5.0,0.76,14.3,0.77,14.7,0.78,15.2,0.27,15.0,0.25,5.0,0.24,14.3,0.23,14.7,0.22,15.2,0.44,5.0,0.47,10.4,0.48,10.4,0.49,60.4,0.5,10.4,0.17,0.17,0.094499,1776159157000
1776159158.841,158.841,0.6,12.0,0.58,8.0,0.57,10.6,0.56,10.6,0.55,10.5,0.69,5.55,0.72,12.9,0.73,13.2,0.74,13.5,0.75,13.9,0.27,15.0,0.25,5.0,0.24,14.3,0.23,14.7,0.22,15.2,0.44,5.0,0.47,10.4,0.48,10.4,0.49,60.4,0.5,10.4,0.09,0.17,0.094499,1776159157000
1776159160.466,160.466,0.6,12.0,0.58,8.0,0.57,10.6,0.56,10.6,0.55,10.5,0.69,5.55,0.72,12.9,0.73,13.2,0.74,13.5,0.75,13.9,0.31,5.55,0.28,12.9,0.27,13.2,0.26,13.5,0.25,13.9,0.4,12.0,0.42,8.0,0.43,10.6,0.44,10.6,0.45,10.5,0.09,0.09,0.094499,1776159159000
1776159160.859,160.859,0.6,12.0,0.58,8.0,0.57,10.6,0.56,10.6,0.55,10.5,0.69,5.55,0.72,12.9,0.73,13.2,0.74,13.5,0.75,13.9,0.31,5.55,0.28,12.9,0.27,13.2,0.26,13.5,0.25,13.9,0.4,12.0,0.42,8.0,0.43,10.6,0.44,10.6,0.45,10.5,0.09,0.09,0.094499,1776159160000
1776159162.405,162.405,0.6,12.0,0.58,8.0,0.57,10.6,0.56,10.6,0.55,10.5,0.69,5.55,0.72,12.9,0.73,13.2,0.74,13.5,0.75,13.9,0.31,5.55,0.28,12.9,0.27,13.2,0.26,13.5,0.25,13.9,0.4,12.0,0.42,8.0,0.43,10.6,0.44,10.6,0.45,10.5,0.09,0.09,0.0945,1776159161000
1776159163.221,163.221,0.6,12.0,0.58,8.0,0.57,10.6,0.56,10.6,0.55,10.5,0.69,5.55,0.72,12.9,0.73,13.2,0.74,13.5,0.75,13.9,0.31,5.55,0.28,12.9,0.27,13.2,0.26,13.5,0.25,13.9,0.4,12.0,0.42,8.0,0.43,10.6,0.44,10.6,0.45,10.5,0.09,0.09,0.094497,1776159162000
1776159164.278,164.278,0.6,12.0,0.58,8.0,0.57,10.6,0.56,10.6,0.55,10.5,0.69,5.55,0.72,12.9,0.73,13.2,0.74,13.5,0.75,13.9,0.31,5.55,0.28,12.9,0.27,13.2,0.26,13.5,0.25,13.9,0.4,12.0,0.42,8.0,0.43,10.6,0.44,10.6,0.45,10.5,0.09,0.09,0.094497,1776159163000
1776159165.374,165.374,0.6,12.0,0.58,8.0,0.57,10.6,0.56,10.6,0.55,10.5,0.69,5.55,0.72,12.9,0.73,13.2,0.74,13.5,0.75,13.9,0.31,5.55,0.28,12.9,0.27,13.2,0.26,13.5,0.25,13.9,0.4,12.0,0.42,8.0,0.43,10.6,0.44,10.6,0.45,10.5,0.09,0.09,0.094497,1776159164000
1776159166.273,166.273,0.6,12.0,0.58,8.0,0.57,10.6,0.56,10.6,0.55,10.5,0.69,5.55,0.72,12.9,0.73,13.2,0.74,13.5,0.75,13.9,0.31,5.55,0.28,12.9,0.27,13.2,0.26,13.5,0.25,13.9,0.4,12.0,0.42,8.0,0.43,10.6,0.44,10.6,0.45,10.5,0.09,0.09,0.094497,1776159165000
1776159167.283,167.283,0.6,12.0,0.58,8.0,0.57,10.6,0.56,10.6,0.55,10.5,0.69,5.55,0.72,12.9,0.73,13.2,0.74,13.5,0.75,13.9,0.31,5.55,0.28,12.9,0.27,13.2,0.26,13.5,0.25,13.9,0.4,12.0,0.42,8.0,0.43,10.6,0.44,10.6,0.45,10.5,0.09,0.09,0.094498,1776159166000
1776159168.206,168.206,0.6,12.0,0.58,8.0,0.57,10.6,0.56,10.6,0.55,10.5,0.69,5.55,0.72,12.9,0.73,13.2,0.74,13.5,0.75,13.9,0.31,5.55,0.28,12.9,0.27,13.2,0.26,13.5,0.25,13.9,0.4,12.0,0.42,8.0,0.43,10.6,0.44,10.6,0.45,10.5,0.09,0.09,0.094498,1776159167000
1776159169.188,169.188,0.6,12.0,0.58,8.0,0.57,10.6,0.56,10.6,0.55,10.5,0.69,5.55,0.72,12.9,0.73,13.2,0.74,13.5,0.75,13.9,0.31,5.55,0.28,12.9,0.27,13.2,0.26,13.5,0.25,13.9,0.4,12.0,0.42,8.0,0.43,10.6,0.44,10.6,0.45,10.5,0.09,0.09,0.094498,1776159168000
1776159170.063,170.063,0.6,12.0,0.58,8.0,0.57,10.6,0.56,10.6,0.55,10.5,0.69,5.55,0.72,12.9,0.73,13.2,0.74,13.5,0.75,13.9,0.31,5.55,0.28,12.9,0.27,13.2,0.26,13.5,0.25,13.9,0.4,12.0,0.42,8.0,0.43,10.6,0.44,10.6,0.45,10.5,0.09,0.09,0.094502,1776159169000
1776159171.076,171.076,0.6,12.0,0.58,8.0,0.57,10.6,0.56,10.6,0.55,10.5,0.69,5.55,0.72,12.9,0.73,13.2,0.74,13.5,0.75,13.9,0.31,5.55,0.28,12.9,0.27,13.2,0.26,13.5,0.25,13.9,0.4,12.0,0.42,8.0,0.43,10.6,0.44,10.6,0.45,10.5,0.09,0.09,0.094501,1776159170000
1776159172.127,172.127,0.6,12.0,0.58,8.0,0.57,10.6,0.56,10.6,0.55,10.5,0.69,5.55,0.72,12.9,0.73,13.2,0.74,13.5,0.75,13.9,0.31,5.55,0.28,12.9,0.27,13.2,0.26,13.5,0.25,13.9,0.4,12.0,0.42,8.0,0.43,10.6,0.44,10.6,0.45,10.5,0.09,0.09,0.094501,1776159171000
1776159172.989,172.989,0.6,12.0,0.58,8.0,0.57,10.6,0.56,10.6,0.55,10.5,0.69,5.55,0.72,12.9,0.73,13.2,0.74,13.5,0.75,13.9,0.31,5.55,0.28,12.9,0.27,13.2,0.26,13.5,0.25,13.9,0.4,12.0,0.42,8.0,0.43,10.6,0.44,10.6,0.45,10.5,0.09,0.09,0.094503,1776159172000
1776159174.074,174.074,0.6,12.0,0.58,8.0,0.57,10.6,0.56,10.6,0.55,10.5,0.69,5.55,0.72,12.9,0.73,13.2,0.74,13.5,0.75,13.9,0.31,5.55,0.28,12.9,0.27,13.2,0.26,13.5,0.25,13.9,0.4,12.0,0.42,8.0,0.43,10.6,0.44,10.6,0.45,10.5,0.09,0.09,0.094506,1776159173000
1776159175.441,175.441,0.6,12.0,0.58,8.0,0.57,10.6,0.56,10.6,0.55,10.5,0.69,5.55,0.72,12.9,0.73,13.2,0.74,13.5,0.75,13.9,0.31,5.55,0.28,12.9,0.27,13.2,0.26,13.5,0.25,13.9,0.4,12.0,0.42,8.0,0.43,10.6,0.44,10.6,0.45,10.5,0.09,0.09,0.094504,1776159174000
1776159175.965,175.965,0.6,12.0,0.58,8.0,0.57,10.6,0.56,10.6,0.55,10.5,0.69,5.55,0.72,12.9,0.73,13.2,0.74,13.5,0.75,13.9,0.31,5.55,0.28,12.9,0.27,13.2,0.26,13.5,0.25,13.9,0.4,12.0,0.42,8.0,0.43,10.6,0.44,10.6,0.45,10.5,0.09,0.09,0.094519,1776159175000
1776159177.031,177.031,0.6,12.0,0.58,8.0,0.57,10.6,0.56,10.6,0.55,10.5,0.69,5.55,0.72,12.9,0.73,13.2,0.74,13.5,0.75,13.9,0.31,5.55,0.28,12.9,0.27,13.2,0.26,13.5,0.25,13.9,0.4,12.0,0.42,8.0,0.43,10.6,0.44,10.6,0.45,10.5,0.09,0.09,0.09452,1776159176000
1776159178.12,178.12,0.6,12.0,0.58,8.0,0.57,10.6,0.56,10.6,0.55,10.5,0.69,5.55,0.72,12.9,0.73,13.2,0.74,13.5,0.75,13.9,0.31,5.55,0.28,12.9,0.27,13.2,0.26,13.5,0.25,13.9,0.4,12.0,0.42,8.0,0.43,10.6,0.44,10.6,0.45,10.5,0.09,0.09,0.094519,1776159177000
1776159179.294,179.294,0.6,12.0,0.58,8.0,0.57,10.6,0.56,10.6,0.55,10.5,0.69,5.55,0.72,12.9,0.73,13.2,0.74,13.5,0.75,13.9,0.31,5.55,0.28,12.9,0.27,13.2,0.26,13.5,0.25,13.9,0.4,12.0,0.42,8.0,0.43,10.6,0.44,10.6,0.45,10.5,0.09,0.09,0.094519,1776159178000
1776159180.316,180.316,0.6,12.0,0.58,8.0,0.57,10.6,0.56,10.6,0.55,10.5,0.69,5.55,0.72,12.9,0.73,13.2,0.74,13.5,0.75,13.9,0.31,5.55,0.28,12.9,0.27,13.2,0.26,13.5,0.25,13.9,0.4,12.0,0.42,8.0,0.43,10.6,0.44,10.6,0.45,10.5,0.09,0.09,0.094519,1776159179000
1776159181.279,181.279,0.6,12.0,0.58,8.0,0.57,10.6,0.56,10.6,0.55,10.5,0.69,5.55,0.72,12.9,0.73,13.2,0.74,13.5,0.75,13.9,0.31,5.55,0.28,12.9,0.27,13.2,0.26,13.5,0.25,13.9,0.4,12.0,0.42,8.0,0.43,10.6,0.44,10.6,0.45,10.5,0.09,0.09,0.094513,1776159180000
1776159182.254,182.254,0.6,12.0,0.58,8.0,0.57,10.6,0.56,10.6,0.55,10.5,0.69,5.55,0.72,12.9,0.73,13.2,0.74,13.5,0.75,13.9,0.31,5.55,0.28,12.9,0.27,13.2,0.26,13.5,0.25,13.9,0.4,12.0,0.42,8.0,0.43,10.6,0.44,10.6,0.45,10.5,0.09,0.09,0.094514,1776159181000
1776159183.674,183.674,0.6,12.0,0.58,8.0,0.57,10.6,0.56,10.6,0.55,10.5,0.69,5.55,0.72,12.9,0.73,13.2,0.74,13.5,0.75,13.9,0.31,5.55,0.28,12.9,0.27,13.2,0.26,13.5,0.25,13.9,0.4,12.0,0.42,8.0,0.43,10.6,0.44,10.6,0.45,10.5,0.09,0.09,0.094514,1776159182000
1776159184.231,184.231,0.6,12.0,0.58,8.0,0.57,10.6,0.56,10.6,0.55,10.5,0.69,5.55,0.72,12.9,0.73,13.2,0.74,13.5,0.75,13.9,0.31,5.55,0.28,12.9,0.27,13.2,0.26,13.5,0.25,13.9,0.4,12.0,0.42,8.0,0.43,10.6,0.44,10.6,0.45,10.5,0.09,0.09,0.094514,1776159183000
1776159185.126,185.126,0.6,12.0,0.58,8.0,0.57,10.6,0.56,10.6,0.55,10.5,0.69,5.55,0.72,12.9,0.73,13.2,0.74,13.5,0.75,13.9,0.31,5.55,0.28,12.9,0.27,13.2,0.26,13.5,0.25,13.9,0.4,12.0,0.42,8.0,0.43,10.6,0.44,10.6,0.45,10.5,0.09,0.09,0.094513,1776159184000
1776159186.11,186.11,0.6,12.0,0.58,8.0,0.57,10.6,0.56,10.6,0.55,10.5,0.69,5.55,0.72,12.9,0.73,13.2,0.74,13.5,0.75,13.9,0.31,5.55,0.28,12.9,0.27,13.2,0.26,13.5,0.25,13.9,0.4,12.0,0.42,8.0,0.43,10.6,0.44,10.6,0.45,10.5,0.09,0.09,0.094513,1776159185000
1776159187.124,187.124,0.6,12.0,0.58,8.0,0.57,10.6,0.56,10.6,0.55,10.5,0.69,5.55,0.72,12.9,0.73,13.2,0.74,13.5,0.75,13.9,0.31,5.55,0.28,12.9,0.27,13.2,0.26,13.5,0.25,13.9,0.4,12.0,0.42,8.0,0.43,10.6,0.44,10.6,0.45,10.5,0.09,0.09,0.094512,1776159186000
1776159188.1,188.1,0.6,12.0,0.58,8.0,0.57,10.6,0.56,10.6,0.55,10.5,0.69,5.55,0.72,12.9,0.73,13.2,0.74,13.5,0.75,13.9,0.31,5.55,0.28,12.9,0.27,13.2,0.26,13.5,0.25,13.9,0.4,12.0,0.42,8.0,0.43,10.6,0.44,10.6,0.45,10.5,0.09,0.09,0.094512,1776159187000
1776159189.088,189.088,0.6,12.0,0.58,8.0,0.57,10.6,0.56,10.6,0.55,10.5,0.69,5.55,0.72,12.9,0.73,13.2,0.74,13.5,0.75,13.9,0.31,5.55,0.28,12.9,0.27,13.2,0.26,13.5,0.25,13.9,0.4,12.0,0.42,8.0,0.43,10.6,0.44,10.6,0.45,10.5,0.09,0.09,0.094541,1776159188000
1776159190.048,190.048,0.6,12.0,0.58,8.0,0.57,10.6,0.56,10.6,0.55,10.5,0.69,5.55,0.72,12.9,0.73,13.2,0.74,13.5,0.75,13.9,0.31,5.55,0.28,12.9,0.27,13.2,0.26,13.5,0.25,13.9,0.4,12.0,0.42,8.0,0.43,10.6,0.44,10.6,0.45,10.5,0.09,0.09,0.094547,1776159189000
1776159191.104,191.104,0.6,12.0,0.58,8.0,0.57,10.6,0.56,10.6,0.55,10.5,0.69,5.55,0.72,12.9,0.73,13.2,0.74,13.5,0.75,13.9,0.31,5.55,0.28,12.9,0.27,13.2,0.26,13.5,0.25,13.9,0.4,12.0,0.42,8.0,0.43,10.6,0.44,10.6,0.45,10.5,0.09,0.09,0.094548,1776159190000
1776159192.156,192.156,0.6,12.0,0.58,8.0,0.57,10.6,0.56,10.6,0.55,10.5,0.69,5.55,0.72,12.9,0.73,13.2,0.74,13.5,0.75,13.9,0.31,5.55,0.28,12.9,0.27,13.2,0.26,13.5,0.25,13.9,0.4,12.0,0.42,8.0,0.43,10.6,0.44,10.6,0.45,10.5,0.09,0.09,0.094549,1776159191000
1776159193.039,193.039,0.6,12.0,0.58,8.0,0.57,10.6,0.56,10.6,0.55,10.5,0.69,5.55,0.72,12.9,0.73,13.2,0.74,13.5,0.75,13.9,0.31,5.55,0.28,12.9,0.27,13.2,0.26,13.5,0.25,13.9,0.4,12.0,0.42,8.0,0.43,10.6,0.44,10.6,0.45,10.5,0.09,0.09,0.094549,1776159192000
1776159193.953,193.953,0.6,12.0,0.58,8.0,0.57,10.6,0.56,10.6,0.55,10.5,0.69,5.55,0.72,12.9,0.73,13.2,0.74,13.5,0.75,13.9,0.31,5.55,0.28,12.9,0.27,13.2,0.26,13.5,0.25,13.9,0.4,12.0,0.42,8.0,0.43,10.6,0.44,10.6,0.45,10.5,0.09,0.09,0.094549,1776159193000
1776159194.96,194.96,0.6,12.0,0.58,8.0,0.57,10.6,0.56,10.6,0.55,10.5,0.69,5.55,0.72,12.9,0.73,13.2,0.74,13.5,0.75,13.9,0.31,5.55,0.28,12.9,0.27,13.2,0.26,13.5,0.25,13.9,0.4,12.0,0.42,8.0,0.43,10.6,0.44,10.6,0.45,10.5,0.09,0.09,0.094549,1776159194000
1776159196.291,196.291,0.6,12.0,0.58,8.0,0.57,10.6,0.56,10.6,0.55,10.5,0.69,5.55,0.72,12.9,0.73,13.2,0.74,13.5,0.75,13.9,0.31,5.55,0.28,12.9,0.27,13.2,0.26,13.5,0.25,13.9,0.4,12.0,0.42,8.0,0.43,10.6,0.44,10.6,0.45,10.5,0.09,0.09,0.094549,1776159195000
1776159197.376,197.376,0.6,12.0,0.58,8.0,0.57,10.6,0.56,10.6,0.55,10.5,0.69,5.55,0.72,12.9,0.73,13.2,0.74,13.5,0.75,13.9,0.31,5.55,0.28,12.9,0.27,13.2,0.26,13.5,0.25,13.9,0.4,12.0,0.42,8.0,0.43,10.6,0.44,10.6,0.45,10.5,0.09,0.09,0.094548,1776159196000
1776159198.053,198.053,0.6,12.0,0.58,8.0,0.57,10.6,0.56,10.6,0.55,10.5,0.69,5.55,0.72,12.9,0.73,13.2,0.74,13.5,0.75,13.9,0.31,5.55,0.28,12.9,0.27,13.2,0.26,13.5,0.25,13.9,0.4,12.0,0.42,8.0,0.43,10.6,0.44,10.6,0.45,10.5,0.09,0.09,0.094548,1776159197000
1776159199.184,199.184,0.6,12.0,0.58,8.0,0.57,10.6,0.56,10.6,0.55,10.5,0.69,5.55,0.72,12.9,0.73,13.2,0.74,13.5,0.75,13.9,0.31,5.55,0.28,12.9,0.27,13.2,0.26,13.5,0.25,13.9,0.4,12.0,0.42,8.0,0.43,10.6,0.44,10.6,0.45,10.5,0.09,0.09,0.094548,1776159198000
1776159200.283,200.283,0.6,12.0,0.58,8.0,0.57,10.6,0.56,10.6,0.55,10.5,0.69,5.55,0.72,12.9,0.73,13.2,0.74,13.5,0.75,13.9,0.31,5.55,0.28,12.9,0.27,13.2,0.26,13.5,0.25,13.9,0.4,12.0,0.42,8.0,0.43,10.6,0.44,10.6,0.45,10.5,0.09,0.09,0.094548,1776159199000
1776159201.353,201.353,0.6,12.0,0.58,8.0,0.57,10.6,0.56,10.6,0.55,10.5,0.69,5.55,0.72,12.9,0.73,13.2,0.74,13.5,0.75,13.9,0.31,5.55,0.28,12.9,0.27,13.2,0.26,13.5,0.25,13.9,0.4,12.0,0.42,8.0,0.43,10.6,0.44,10.6,0.45,10.5,0.09,0.09,0.094548,1776159200000
1776159202.016,202.016,0.6,12.0,0.58,8.0,0.57,10.6,0.56,10.6,0.55,10.5,0.69,5.55,0.72,12.9,0.73,13.2,0.74,13.5,0.75,13.9,0.31,5.55,0.28,12.9,0.27,13.2,0.26,13.5,0.25,13.9,0.4,12.0,0.42,8.0,0.43,10.6,0.44,10.6,0.45,10.5,0.09,0.09,0.094548,1776159201000
1776159203.066,203.066,0.6,12.0,0.58,8.0,0.57,10.6,0.56,10.6,0.55,10.5,0.69,5.55,0.72,12.9,0.73,13.2,0.74,13.5,0.75,13.9,0.31,5.55,0.28,12.9,0.27,13.2,0.26,13.5,0.25,13.9,0.4,12.0,0.42,8.0,0.43,10.6,0.44,10.6,0.45,10.5,0.09,0.09,0.094548,1776159202000
1776159204.081,204.081,0.6,12.0,0.58,8.0,0.57,10.6,0.56,10.6,0.55,10.5,0.69,5.55,0.72,12.9,0.73,13.2,0.74,13.5,0.75,13.9,0.31,5.55,0.28,12.9,0.27,13.2,0.26,13.5,0.25,13.9,0.4,12.0,0.42,8.0,0.43,10.6,0.44,10.6,0.45,10.5,0.09,0.09,0.094548,1776159203000
1776159205.219,205.219,0.6,12.0,0.58,8.0,0.57,10.6,0.56,10.6,0.55,10.5,0.69,5.55,0.72,12.9,0.73,13.2,0.74,13.5,0.75,13.9,0.31,5.55,0.28,12.9,0.27,13.2,0.26,13.5,0.25,13.9,0.4,12.0,0.42,8.0,0.43,10.6,0.44,10.6,0.45,10.5,0.09,0.09,0.094548,1776159204000
1776159206.38,206.38,0.6,12.0,0.58,8.0,0.57,10.6,0.56,10.6,0.55,10.5,0.69,5.55,0.72,12.9,0.73,13.2,0.74,13.5,0.75,13.9,0.31,5.55,0.28,12.9,0.27,13.2,0.26,13.5,0.25,13.9,0.4,12.0,0.42,8.0,0.43,10.6,0.44,10.6,0.45,10.5,0.09,0.09,0.094548,1776159205000
1776159207.575,207.575,0.6,12.0,0.58,8.0,0.57,10.6,0.56,10.6,0.55,10.5,0.69,5.55,0.72,12.9,0.73,13.2,0.74,13.5,0.75,13.9,0.31,5.55,0.28,12.9,0.27,13.2,0.26,13.5,0.25,13.9,0.4,12.0,0.42,8.0,0.43,10.6,0.44,10.6,0.45,10.5,0.09,0.09,0.094548,1776159206000
1776159208.123,208.123,0.6,12.0,0.58,8.0,0.57,10.6,0.56,10.6,0.55,10.5,0.69,5.55,0.72,12.9,0.73,13.2,0.74,13.5,0.75,13.9,0.31,5.55,0.28,12.9,0.27,13.2,0.26,13.5,0.25,13.9,0.4,12.0,0.42,8.0,0.43,10.6,0.44,10.6,0.45,10.5,0.09,0.09,0.094547,1776159207000
1776159209.206,209.206,0.6,12.0,0.58,8.0,0.57,10.6,0.56,10.6,0.55,10.5,0.69,5.55,0.72,12.9,0.73,13.2,0.74,13.5,0.75,13.9,0.31,5.55,0.28,12.9,0.27,13.2,0.26,13.5,0.25,13.9,0.4,12.0,0.42,8.0,0.43,10.6,0.44,10.6,0.45,10.5,0.09,0.09,0.094547,1776159208000
1776159210.686,210.686,0.6,12.0,0.58,8.0,0.57,10.6,0.56,10.6,0.55,10.5,0.69,5.55,0.72,12.9,0.73,13.2,0.74,13.5,0.75,13.9,0.31,5.55,0.28,12.9,0.27,13.2,0.26,13.5,0.25,13.9,0.4,12.0,0.42,8.0,0.43,10.6,0.44,10.6,0.45,10.5,0.09,0.09,0.094547,1776159209000
1776159211.263,211.263,0.6,12.0,0.58,8.0,0.57,10.6,0.56,10.6,0.55,10.5,0.69,5.55,0.72,12.9,0.73,13.2,0.74,13.5,0.75,13.9,0.31,5.55,0.28,12.9,0.27,13.2,0.26,13.5,0.25,13.9,0.4,12.0,0.42,8.0,0.43,10.6,0.44,10.6,0.45,10.5,0.09,0.09,0.094547,1776159210000
1776159212.203,212.203,0.6,12.0,0.58,8.0,0.57,10.6,0.56,10.6,0.55,10.5,0.69,5.55,0.72,12.9,0.73,13.2,0.74,13.5,0.75,13.9,0.31,5.55,0.28,12.9,0.27,13.2,0.26,13.5,0.25,13.9,0.4,12.0,0.42,8.0,0.43,10.6,0.44,10.6,0.45,10.5,0.09,0.09,0.094547,1776159211000
1776159213.145,213.145,0.79,6.0,0.77,6.0,0.64,11.3,0.63,11.2,0.62,11.0,0.87,10.0,0.88,24.6,0.89,36.6,0.9,38.9,0.91,81.7,0.13,10.0,0.12,24.6,0.11,36.6,0.1,38.9,0.09,81.7,0.21,6.0,0.23,6.0,0.36,11.3,0.37,11.2,0.38,11.0,0.08,0.08,0.094547,1776159212000
1776159213.857,213.857,0.83,11.68,0.77,6.0,0.66,11.6,0.65,11.4,0.64,11.3,0.87,18.0,0.88,33.6,0.89,36.6,0.9,28.9,0.91,81.7,0.13,10.0,0.12,24.6,0.11,36.6,0.1,38.9,0.09,81.7,0.21,6.0,0.23,6.0,0.36,11.3,0.37,11.2,0.38,11.0,0.04,0.08,0.094547,1776159212000
1776159214.137,214.137,0.83,11.68,0.77,6.0,0.66,11.6,0.65,11.4,0.64,11.3,0.87,18.0,0.88,33.6,0.89,36.6,0.9,28.9,0.91,81.7,0.13,18.0,0.12,33.6,0.11,36.6,0.1,28.9,0.09,81.7,0.17,11.68,0.23,6.0,0.34,11.6,0.35,11.4,0.36,11.3,0.04,0.04,0.094522,1776159213000
1776159215.064,215.064,0.83,11.68,0.77,6.0,0.66,11.6,0.65,11.4,0.64,11.3,0.87,18.0,0.88,33.6,0.89,36.6,0.9,28.9,0.91,81.7,0.13,18.0,0.12,33.6,0.11,36.6,0.1,28.9,0.09,81.7,0.17,11.68,0.23,6.0,0.34,11.6,0.35,11.4,0.36,11.3,0.04,0.04,0.094518,1776159214000
1776159216.14,216.14,0.83,11.68,0.77,6.0,0.66,11.6,0.65,11.4,0.64,11.3,0.87,18.0,0.88,33.6,0.89,36.6,0.9,28.9,0.91,81.7,0.13,18.0,0.12,33.6,0.11,36.6,0.1,28.9,0.09,81.7,0.17,11.68,0.23,6.0,0.34,11.6,0.35,11.4,0.36,11.3,0.04,0.04,0.094527,1776159215000
1776159217.027,217.027,0.83,11.68,0.77,6.0,0.66,11.6,0.65,11.4,0.64,11.3,0.87,18.0,0.88,33.6,0.89,36.6,0.9,28.9,0.91,81.7,0.13,18.0,0.12,33.6,0.11,36.6,0.1,28.9,0.09,81.7,0.17,11.68,0.23,6.0,0.34,11.6,0.35,11.4,0.36,11.3,0.04,0.04,0.094527,1776159216000
1776159218.037,218.037,0.83,11.68,0.77,6.0,0.66,11.6,0.65,11.4,0.64,11.3,0.87,18.0,0.88,33.6,0.89,36.6,0.9,28.9,0.91,81.7,0.13,18.0,0.12,33.6,0.11,36.6,0.1,28.9,0.09,81.7,0.17,11.68,0.23,6.0,0.34,11.6,0.35,11.4,0.36,11.3,0.04,0.04,0.094532,1776159217000
1776159218.98,218.98,0.83,11.68,0.77,6.0,0.66,11.6,0.65,11.4,0.64,11.3,0.87,18.0,0.88,33.6,0.89,36.6,0.9,28.9,0.91,81.7,0.13,18.0,0.12,33.6,0.11,36.6,0.1,28.9,0.09,81.7,0.17,11.68,0.23,6.0,0.34,11.6,0.35,11.4,0.36,11.3,0.04,0.04,0.094535,1776159218000
1776159219.96,219.96,0.83,11.68,0.77,6.0,0.66,11.6,0.65,11.4,0.64,11.3,0.87,18.0,0.88,33.6,0.89,36.6,0.9,28.9,0.91,81.7,0.13,18.0,0.12,33.6,0.11,36.6,0.1,28.9,0.09,81.7,0.17,11.68,0.23,6.0,0.34,11.6,0.35,11.4,0.36,11.3,0.04,0.04,0.094535,1776159219000
1776159221.057,221.057,0.83,11.68,0.77,6.0,0.66,11.6,0.65,11.4,0.64,11.3,0.87,18.0,0.88,33.6,0.89,36.6,0.9,28.9,0.91,81.7,0.13,18.0,0.12,33.6,0.11,36.6,0.1,28.9,0.09,81.7,0.17,11.68,0.23,6.0,0.34,11.6,0.35,11.4,0.36,11.3,0.04,0.04,0.094533,1776159220000
1776159221.989,221.989,0.83,11.68,0.77,6.0,0.66,11.6,0.65,11.4,0.64,11.3,0.87,18.0,0.88,33.6,0.89,36.6,0.9,28.9,0.91,81.7,0.13,18.0,0.12,33.6,0.11,36.6,0.1,28.9,0.09,81.7,0.17,11.68,0.23,6.0,0.34,11.6,0.35,11.4,0.36,11.3,0.04,0.04,0.094531,1776159221000
1776159223.367,223.367,0.83,11.68,0.77,6.0,0.66,11.6,0.65,11.4,0.64,11.3,0.87,18.0,0.88,33.6,0.89,36.6,0.9,28.9,0.91,81.7,0.13,18.0,0.12,33.6,0.11,36.6,0.1,28.9,0.09,81.7,0.17,11.68,0.23,6.0,0.34,11.6,0.35,11.4,0.36,11.3,0.04,0.04,0.09453,1776159222000
1776159223.894,223.894,0.83,11.68,0.77,6.0,0.66,11.6,0.65,11.4,0.64,11.3,0.87,18.0,0.88,33.6,0.89,36.6,0.9,28.9,0.91,81.7,0.13,18.0,0.12,33.6,0.11,36.6,0.1,28.9,0.09,81.7,0.17,11.68,0.23,6.0,0.34,11.6,0.35,11.4,0.36,11.3,0.04,0.04,0.09453,1776159223000
1776159225.414,225.414,0.83,11.68,0.77,6.0,0.66,11.6,0.65,11.4,0.64,11.3,0.87,18.0,0.88,33.6,0.89,36.6,0.9,28.9,0.91,81.7,0.13,18.0,0.12,33.6,0.11,36.6,0.1,28.9,0.09,81.7,0.17,11.68,0.23,6.0,0.34,11.6,0.35,11.4,0.36,11.3,0.04,0.04,0.09453,1776159224000
1776159225.933,225.933,0.83,11.68,0.77,6.0,0.66,11.6,0.65,11.4,0.64,11.3,0.87,18.0,0.88,33.6,0.89,36.6,0.9,28.9,0.91,81.7,0.13,18.0,0.12,33.6,0.11,36.6,0.1,28.9,0.09,81.7,0.17,11.68,0.23,6.0,0.34,11.6,0.35,11.4,0.36,11.3,0.04,0.04,0.09453,1776159225000
1776159227.076,227.076,0.83,11.68,0.77,6.0,0.66,11.6,0.65,11.4,0.64,11.3,0.87,18.0,0.88,33.6,0.89,36.6,0.9,28.9,0.91,81.7,0.13,18.0,0.12,33.6,0.11,36.6,0.1,28.9,0.09,81.7,0.17,11.68,0.23,6.0,0.34,11.6,0.35,11.4,0.36,11.3,0.04,0.04,0.094529,1776159226000
1776159228.567,228.567,0.83,11.68,0.77,6.0,0.66,11.6,0.65,11.4,0.64,11.3,0.87,18.0,0.88,33.6,0.89,36.6,0.9,28.9,0.91,81.7,0.13,18.0,0.12,33.6,0.11,36.6,0.1,28.9,0.09,81.7,0.17,11.68,0.23,6.0,0.34,11.6,0.35,11.4,0.36,11.3,0.04,0.04,0.094529,1776159227000
1776159229.116,229.116,0.83,11.68,0.77,6.0,0.66,11.6,0.65,11.4,0.64,11.3,0.87,18.0,0.88,33.6,0.89,36.6,0.9,28.9,0.91,81.7,0.13,18.0,0.12,33.6,0.11,36.6,0.1,28.9,0.09,81.7,0.17,11.68,0.23,6.0,0.34,11.6,0.35,11.4,0.36,11.3,0.04,0.04,0.094529,1776159228000
1776159229.737,229.737,0.77,0.46,0.69,7.0,0.61,50.0,0.59,10.7,0.58,10.7,0.82,6.0,0.83,6.0,0.86,31.6,0.87,23.0,0.88,29.6,0.13,18.0,0.12,33.6,0.11,36.6,0.1,28.9,0.09,81.7,0.17,11.68,0.23,6.0,0.34,11.6,0.35,11.4,0.36,11.3,0.05,0.04,0.094529,1776159228000
1776159230.349,230.349,0.77,0.46,0.69,7.0,0.61,50.0,0.59,10.7,0.58,10.7,0.82,6.0,0.83,6.0,0.86,31.6,0.87,23.0,0.88,29.6,0.18,6.0,0.17,6.0,0.14,31.6,0.13,23.0,0.12,29.6,0.23,0.46,0.31,7.0,0.39,50.0,0.41,10.7,0.42,10.7,0.05,0.05,0.09452,1776159229000
1776159231.438,231.438,0.77,0.46,0.69,7.0,0.61,50.0,0.59,10.7,0.58,10.7,0.82,6.0,0.83,6.0,0.86,31.6,0.87,23.0,0.88,29.6,0.18,6.0,0.17,6.0,0.14,31.6,0.13,23.0,0.12,29.6,0.23,0.46,0.31,7.0,0.39,50.0,0.41,10.7,0.42,10.7,0.05,0.05,0.094503,1776159230000
1776159232.091,232.091,0.77,0.46,0.69,7.0,0.61,50.0,0.59,10.7,0.58,10.7,0.82,6.0,0.83,6.0,0.86,31.6,0.87,23.0,0.88,29.6,0.18,6.0,0.17,6.0,0.14,31.6,0.13,23.0,0.12,29.6,0.23,0.46,0.31,7.0,0.39,50.0,0.41,10.7,0.42,10.7,0.05,0.05,0.094501,1776159231000
1776159233.22,233.22,0.77,0.46,0.69,7.0,0.61,50.0,0.59,10.7,0.58,10.7,0.82,6.0,0.83,6.0,0.86,31.6,0.87,23.0,0.88,29.6,0.18,6.0,0.17,6.0,0.14,31.6,0.13,23.0,0.12,29.6,0.23,0.46,0.31,7.0,0.39,50.0,0.41,10.7,0.42,10.7,0.05,0.05,0.094505,1776159232000
1776159234.362,234.362,0.77,0.46,0.69,7.0,0.61,50.0,0.59,10.7,0.58,10.7,0.82,6.0,0.83,6.0,0.86,31.6,0.87,23.0,0.88,29.6,0.18,6.0,0.17,6.0,0.14,31.6,0.13,23.0,0.12,29.6,0.23,0.46,0.31,7.0,0.39,50.0,0.41,10.7,0.42,10.7,0.05,0.05,0.094505,1776159233000
1776159234.95,234.95,0.77,0.46,0.69,7.0,0.61,50.0,0.59,10.7,0.58,10.7,0.82,6.0,0.83,6.0,0.86,31.6,0.87,23.0,0.88,29.6,0.18,6.0,0.17,6.0,0.14,31.6,0.13,23.0,0.12,29.6,0.23,0.46,0.31,7.0,0.39,50.0,0.41,10.7,0.42,10.7,0.05,0.05,0.094505,1776159234000
1776159236.105,236.105,0.77,0.46,0.69,7.0,0.61,50.0,0.59,10.7,0.58,10.7,0.82,6.0,0.83,6.0,0.86,31.6,0.87,23.0,0.88,29.6,0.18,6.0,0.17,6.0,0.14,31.6,0.13,23.0,0.12,29.6,0.23,0.46,0.31,7.0,0.39,50.0,0.41,10.7,0.42,10.7,0.05,0.05,0.094517,1776159235000
1776159237.237,237.237,0.77,0.46,0.69,7.0,0.61,50.0,0.59,10.7,0.58,10.7,0.82,6.0,0.83,6.0,0.86,31.6,0.87,23.0,0.88,29.6,0.18,6.0,0.17,6.0,0.14,31.6,0.13,23.0,0.12,29.6,0.23,0.46,0.31,7.0,0.39,50.0,0.41,10.7,0.42,10.7,0.05,0.05,0.094517,1776159236000
1776159238.912,238.912,0.77,0.46,0.69,7.0,0.61,50.0,0.59,10.7,0.58,10.7,0.82,6.0,0.83,6.0,0.86,31.6,0.87,23.0,0.88,29.6,0.18,6.0,0.17,6.0,0.14,31.6,0.13,23.0,0.12,29.6,0.23,0.46,0.31,7.0,0.39,50.0,0.41,10.7,0.42,10.7,0.05,0.05,0.094517,1776159237000
1776159239.333,239.333,0.77,0.46,0.69,7.0,0.61,50.0,0.59,10.7,0.58,10.7,0.82,6.0,0.83,6.0,0.86,31.6,0.87,23.0,0.88,29.6,0.18,6.0,0.17,6.0,0.14,31.6,0.13,23.0,0.12,29.6,0.23,0.46,0.31,7.0,0.39,50.0,0.41,10.7,0.42,10.7,0.05,0.05,0.094517,1776159238000
1776159240.219,240.219,0.77,0.46,0.69,7.0,0.61,50.0,0.59,10.7,0.58,10.7,0.82,6.0,0.83,6.0,0.86,31.6,0.87,23.0,0.88,29.6,0.18,6.0,0.17,6.0,0.14,31.6,0.13,23.0,0.12,29.6,0.23,0.46,0.31,7.0,0.39,50.0,0.41,10.7,0.42,10.7,0.05,0.05,0.094517,1776159239000
1776159241.469,241.469,0.77,0.46,0.69,7.0,0.61,50.0,0.59,10.7,0.58,10.7,0.82,6.0,0.83,6.0,0.86,31.6,0.87,23.0,0.88,29.6,0.18,6.0,0.17,6.0,0.14,31.6,0.13,23.0,0.12,29.6,0.23,0.46,0.31,7.0,0.39,50.0,0.41,10.7,0.42,10.7,0.05,0.05,0.094518,1776159240000
1776159242.075,242.075,0.77,0.46,0.69,7.0,0.61,50.0,0.59,10.7,0.58,10.7,0.82,6.0,0.83,6.0,0.86,31.6,0.87,23.0,0.88,29.6,0.18,6.0,0.17,6.0,0.14,31.6,0.13,23.0,0.12,29.6,0.23,0.46,0.31,7.0,0.39,50.0,0.41,10.7,0.42,10.7,0.05,0.05,0.094518,1776159241000
1776159243.079,243.079,0.77,0.46,0.69,7.0,0.61,50.0,0.59,10.7,0.58,10.7,0.82,6.0,0.83,6.0,0.86,31.6,0.87,23.0,0.88,29.6,0.18,6.0,0.17,6.0,0.14,31.6,0.13,23.0,0.12,29.6,0.23,0.46,0.31,7.0,0.39,50.0,0.41,10.7,0.42,10.7,0.05,0.05,0.094517,1776159242000
1776159243.827,243.827,0.79,7.32,0.62,11.0,0.61,60.9,0.6,10.8,0.59,10.7,0.8,5.0,0.81,50.0,0.84,19.3,0.85,20.39,0.86,21.6,0.18,6.0,0.17,6.0,0.14,31.6,0.13,23.0,0.12,29.6,0.23,0.46,0.31,7.0,0.39,50.0,0.41,10.7,0.42,10.7,0.01,0.05,0.094517,1776159242000
1776159244.212,244.212,0.79,7.32,0.62,11.0,0.61,60.9,0.6,10.8,0.59,10.7,0.8,5.0,0.81,50.0,0.84,19.3,0.85,20.39,0.86,21.6,0.2,5.0,0.19,50.0,0.16,19.3,0.15,20.39,0.14,21.6,0.21,7.32,0.38,11.0,0.39,60.9,0.4,10.8,0.41,10.7,0.01,0.01,0.09451,1776159243000
1776159244.413,244.413,0.79,7.32,0.6,10.8,0.59,10.7,0.58,10.7,0.57,10.6,0.8,1.79,0.81,50.0,0.84,19.3,0.85,30.39,0.86,21.6,0.2,5.0,0.19,50.0,0.16,19.3,0.15,20.39,0.14,21.6,0.21,7.32,0.38,11.0,0.39,60.9,0.4,10.8,0.41,10.7,0.01,0.01,0.09451,1776159243000
1776159245.479,245.479,0.79,7.32,0.6,10.8,0.59,10.7,0.58,10.7,0.57,10.6,0.8,1.79,0.81,50.0,0.84,19.3,0.85,30.39,0.86,21.6,0.2,1.79,0.19,50.0,0.16,19.3,0.15,30.39,0.14,21.6,0.21,7.32,0.4,10.8,0.41,10.7,0.42,10.7,0.43,10.6,0.01,0.01,0.094508,1776159244000
1776159245.952,245.952,0.79,7.32,0.6,10.8,0.59,10.7,0.58,10.7,0.57,10.6,0.8,1.79,0.81,50.0,0.84,19.3,0.85,30.39,0.86,21.6,0.2,1.79,0.19,50.0,0.16,19.3,0.15,30.39,0.14,21.6,0.21,7.32,0.4,10.8,0.41,10.7,0.42,10.7,0.43,10.6,0.01,0.01,0.094508,1776159245000
1776159247.097,247.097,0.79,7.32,0.6,10.8,0.59,10.7,0.58,10.7,0.57,10.6,0.8,1.79,0.81,50.0,0.84,19.3,0.85,30.39,0.86,21.6,0.2,1.79,0.19,50.0,0.16,19.3,0.15,30.39,0.14,21.6,0.21,7.32,0.4,10.8,0.41,10.7,0.42,10.7,0.43,10.6,0.01,0.01,0.0945,1776159246000
1776159248.152,248.152,0.79,7.32,0.6,10.8,0.59,10.7,0.58,10.7,0.57,10.6,0.8,1.79,0.81,50.0,0.84,19.3,0.85,30.39,0.86,21.6,0.2,1.79,0.19,50.0,0.16,19.3,0.15,30.39,0.14,21.6,0.21,7.32,0.4,10.8,0.41,10.7,0.42,10.7,0.43,10.6,0.01,0.01,0.094495,1776159247000
1776159249.022,249.022,0.48,20.3,0.47,10.4,0.46,10.5,0.45,10.5,0.44,10.6,0.71,42.68,0.8,21.2,0.81,66.89,0.82,27.6,0.83,18.39,0.2,1.79,0.19,50.0,0.16,19.3,0.15,30.39,0.14,21.6,0.21,7.32,0.4,10.8,0.41,10.7,0.42,10.7,0.43,10.6,0.23,0.01,0.094495,1776159247000
1776159249.304,249.304,0.48,20.3,0.47,10.4,0.46,10.5,0.45,10.5,0.44,10.6,0.71,35.08,0.8,21.2,0.81,66.89,0.82,17.6,0.83,18.39,0.29,35.08,0.2,21.2,0.19,66.89,0.18,17.6,0.17,18.39,0.52,20.3,0.53,10.4,0.54,10.5,0.55,10.5,0.56,10.6,0.23,0.23,0.094491,1776159248000
1776159250.396,250.396,0.48,20.3,0.47,10.4,0.46,10.5,0.45,10.5,0.44,10.6,0.71,35.08,0.8,21.2,0.81,66.89,0.82,17.6,0.83,18.39,0.29,35.08,0.2,21.2,0.19,66.89,0.18,17.6,0.17,18.39,0.52,20.3,0.53,10.4,0.54,10.5,0.55,10.5,0.56,10.6,0.23,0.23,0.094487,1776159249000
1776159250.952,250.952,0.48,6.13,0.42,10.7,0.41,10.7,0.4,10.8,0.39,10.9,0.61,50.0,0.71,35.08,0.77,24.7,0.78,15.2,0.79,15.7,0.39,50.0,0.29,35.08,0.27,5.0,0.23,10.0,0.22,15.2,0.52,8.06,0.58,10.7,0.59,10.7,0.6,10.8,0.61,10.9,0.13,0.13,0.094487,1776159249000
1776159251.343,251.343,0.48,6.13,0.42,10.7,0.41,10.7,0.4,10.8,0.39,10.9,0.61,50.0,0.71,35.08,0.77,24.7,0.78,15.2,0.79,15.7,0.39,50.0,0.29,35.08,0.23,24.7,0.22,15.2,0.21,15.7,0.52,6.13,0.58,10.7,0.59,10.7,0.6,10.8,0.61,10.9,0.13,0.13,0.094477,1776159250000
1776159252.367,252.367,0.61,50.0,0.51,50.0,0.5,10.0,0.48,6.13,0.46,10.0,0.78,11.39,0.79,15.7,0.8,21.2,0.81,16.89,0.82,17.6,0.39,50.0,0.29,35.08,0.23,24.7,0.22,15.2,0.21,15.7,0.52,6.13,0.58,10.7,0.59,10.7,0.6,10.8,0.61,10.9,0.17,0.13,0.094477,1776159250000
1776159253.96,253.96,0.61,50.0,0.51,50.0,0.5,10.0,0.48,6.13,0.46,10.0,0.78,11.39,0.79,15.7,0.8,21.2,0.81,16.89,0.82,17.6,0.22,11.39,0.21,15.7,0.2,21.2,0.19,16.89,0.18,17.6,0.39,50.0,0.49,50.0,0.5,10.0,0.52,6.13,0.54,10.0,0.17,0.17,0.094469,1776159252000
1776159254.932,254.932,0.61,50.0,0.51,50.0,0.5,10.0,0.48,6.13,0.46,10.0,0.78,11.39,0.79,15.7,0.8,21.2,0.81,16.89,0.82,17.6,0.22,11.39,0.21,15.7,0.2,21.2,0.19,16.89,0.18,17.6,0.39,50.0,0.49,50.0,0.5,10.0,0.52,6.13,0.54,10.0,0.17,0.17,0.094491,1776159253000
1776159255.541,255.541,0.61,50.0,0.51,50.0,0.5,10.0,0.48,6.13,0.46,10.0,0.78,11.39,0.79,15.7,0.8,21.2,0.81,16.89,0.82,17.6,0.22,11.39,0.21,15.7,0.2,21.2,0.19,16.89,0.18,17.6,0.39,50.0,0.49,50.0,0.5,10.0,0.52,6.13,0.54,10.0,0.17,0.17,0.094492,1776159254000
1776159256.366,256.366,0.61,50.0,0.51,50.0,0.5,10.0,0.48,6.13,0.46,10.0,0.78,11.39,0.79,15.7,0.8,21.2,0.81,16.89,0.82,17.6,0.22,11.39,0.21,15.7,0.2,21.2,0.19,16.89,0.18,17.6,0.39,50.0,0.49,50.0,0.5,10.0,0.52,6.13,0.54,10.0,0.17,0.17,0.094492,1776159255000
1776159257.011,257.011,0.62,5.0,0.61,55.0,0.6,5.0,0.59,5.0,0.58,5.0,0.81,9.49,0.82,17.6,0.83,18.39,0.84,19.3,0.85,20.39,0.29,2.23,0.2,21.2,0.19,66.89,0.18,17.6,0.17,18.39,0.49,60.4,0.5,10.4,0.51,20.4,0.52,16.53,0.53,10.4,0.19,0.2,0.094492,1776159255000
1776159257.809,257.809,0.62,5.0,0.61,55.0,0.6,5.0,0.59,5.0,0.58,5.0,0.81,9.49,0.82,17.6,0.83,18.39,0.84,19.3,0.85,20.39,0.19,9.49,0.18,17.6,0.17,18.39,0.16,19.3,0.15,20.39,0.38,5.0,0.39,55.0,0.4,5.0,0.41,5.0,0.42,5.0,0.19,0.19,0.094489,1776159256000
1776159258.5,258.5,0.62,5.0,0.61,55.0,0.6,5.0,0.59,5.0,0.58,5.0,0.81,9.49,0.82,17.6,0.83,18.39,0.84,19.3,0.85,20.39,0.19,9.49,0.18,17.6,0.17,18.39,0.16,19.3,0.15,20.39,0.38,5.0,0.39,55.0,0.4,5.0,0.41,5.0,0.42,5.0,0.19,0.19,0.094488,1776159257000
1776159259.171,259.171,0.62,5.0,0.61,55.0,0.6,5.0,0.59,5.0,0.58,5.0,0.81,9.49,0.82,17.6,0.83,18.39,0.84,19.3,0.85,20.39,0.19,9.49,0.18,17.6,0.17,18.39,0.16,19.3,0.15,20.39,0.38,5.0,0.39,55.0,0.4,5.0,0.41,5.0,0.42,5.0,0.19,0.19,0.094489,1776159258000
1776159260.398,260.398,0.62,5.0,0.61,55.0,0.6,5.0,0.59,5.0,0.58,5.0,0.81,9.49,0.82,17.6,0.83,18.39,0.84,19.3,0.85,20.39,0.19,9.49,0.18,17.6,0.17,18.39,0.16,19.3,0.15,20.39,0.38,5.0,0.39,55.0,0.4,5.0,0.41,5.0,0.42,5.0,0.19,0.19,0.094488,1776159259000
1776159261.012,261.012,0.62,5.0,0.61,55.0,0.6,5.0,0.59,5.0,0.58,5.0,0.81,9.49,0.82,17.6,0.83,18.39,0.84,19.3,0.85,20.39,0.19,9.49,0.18,17.6,0.17,18.39,0.16,19.3,0.15,20.39,0.38,5.0,0.39,55.0,0.4,5.0,0.41,5.0,0.42,5.0,0.19,0.19,0.094488,1776159260000
1776159262.44,262.44,0.62,5.0,0.61,55.0,0.6,5.0,0.59,5.0,0.58,5.0,0.81,9.49,0.82,17.6,0.83,18.39,0.84,19.3,0.85,20.39,0.19,9.49,0.18,17.6,0.17,18.39,0.16,19.3,0.15,20.39,0.38,5.0,0.39,55.0,0.4,5.0,0.41,5.0,0.42,5.0,0.19,0.19,0.094488,1776159261000
1776159262.796,262.796,0.64,5.0,0.63,11.2,0.62,11.0,0.61,68.9,0.6,10.8,0.82,5.4,0.83,18.39,0.84,19.3,0.85,20.39,0.86,21.6,0.19,9.49,0.18,17.6,0.17,18.39,0.16,19.3,0.15,20.39,0.38,5.0,0.39,55.0,0.4,5.0,0.41,5.0,0.42,5.0,0.18,0.19,0.094488,1776159261000
1776159263.055,263.055,0.64,5.0,0.63,11.2,0.62,11.0,0.61,68.9,0.6,10.8,0.82,5.4,0.83,18.39,0.84,19.3,0.85,20.39,0.86,21.6,0.18,5.4,0.17,18.39,0.16,19.3,0.15,20.39,0.14,21.6,0.36,5.0,0.37,11.2,0.38,11.0,0.39,68.9,0.4,10.8,0.18,0.18,0.094488,1776159262000
1776159264.238,264.238,0.65,11.4,0.64,11.3,0.63,11.2,0.62,19.0,0.61,10.9,0.73,3.08,0.74,5.0,0.75,5.0,0.81,50.0,0.82,5.4,0.18,5.4,0.17,18.39,0.16,19.3,0.15,20.39,0.14,21.6,0.36,5.0,0.37,11.2,0.38,11.0,0.39,68.9,0.4,10.8,0.08,0.18,0.094488,1776159262000
1776159264.655,264.655,0.65,11.4,0.64,11.3,0.63,11.2,0.62,19.0,0.61,10.9,0.73,3.08,0.74,5.0,0.75,5.0,0.81,50.0,0.82,5.4,0.27,3.08,0.26,5.0,0.25,5.0,0.19,50.0,0.18,5.4,0.35,11.4,0.36,11.3,0.37,11.2,0.38,19.0,0.39,10.9,0.08,0.08,0.094488,1776159263000
1776159265.191,265.191,0.65,11.4,0.64,11.3,0.63,11.2,0.62,19.0,0.61,10.9,0.73,3.08,0.74,5.0,0.75,5.0,0.81,50.0,0.82,5.4,0.27,3.08,0.26,5.0,0.25,5.0,0.19,50.0,0.18,5.4,0.35,11.4,0.36,11.3,0.37,11.2,0.38,19.0,0.39,10.9,0.08,0.08,0.094488,1776159264000
1776159266.492,266.492,0.65,11.4,0.64,11.3,0.63,11.2,0.62,19.0,0.61,10.9,0.73,3.08,0.74,5.0,0.75,5.0,0.81,50.0,0.82,5.4,0.27,3.08,0.26,5.0,0.25,5.0,0.19,50.0,0.18,5.4,0.35,11.4,0.36,11.3,0.37,11.2,0.38,19.0,0.39,10.9,0.08,0.08,0.094487,1776159265000
1776159267.365,267.365,0.65,11.4,0.64,11.3,0.63,11.2,0.62,19.0,0.61,10.9,0.73,3.08,0.74,5.0,0.75,5.0,0.81,50.0,0.82,5.4,0.27,3.08,0.26,5.0,0.25,5.0,0.19,50.0,0.18,5.4,0.35,11.4,0.36,11.3,0.37,11.2,0.38,19.0,0.39,10.9,0.08,0.08,0.094487,1776159266000
1776159268.065,268.065,0.65,11.4,0.64,11.3,0.63,11.2,0.62,19.0,0.61,10.9,0.73,3.08,0.74,5.0,0.75,5.0,0.81,50.0,0.82,5.4,0.27,3.08,0.26,5.0,0.25,5.0,0.19,50.0,0.18,5.4,0.35,11.4,0.36,11.3,0.37,11.2,0.38,19.0,0.39,10.9,0.08,0.08,0.094487,1776159267000
1776159269.561,269.561,0.65,11.4,0.64,11.3,0.63,11.2,0.62,19.0,0.61,10.9,0.73,3.08,0.74,5.0,0.75,5.0,0.81,50.0,0.82,5.4,0.27,3.08,0.26,5.0,0.25,5.0,0.19,50.0,0.18,5.4,0.35,11.4,0.36,11.3,0.37,11.2,0.38,19.0,0.39,10.9,0.08,0.08,0.094488,1776159268000
1776159270.198,270.198,0.65,11.4,0.64,11.3,0.63,11.2,0.62,19.0,0.61,10.9,0.73,3.08,0.74,5.0,0.75,5.0,0.81,50.0,0.82,5.4,0.27,3.08,0.26,5.0,0.25,5.0,0.19,50.0,0.18,5.4,0.35,11.4,0.36,11.3,0.37,11.2,0.38,19.0,0.39,10.9,0.08,0.08,0.094488,1776159269000
1776159271.744,271.744,0.65,11.4,0.64,11.3,0.63,11.2,0.62,19.0,0.61,10.9,0.73,3.08,0.74,5.0,0.75,5.0,0.81,50.0,0.82,5.4,0.27,3.08,0.26,5.0,0.25,5.0,0.19,50.0,0.18,5.4,0.35,11.4,0.36,11.3,0.37,11.2,0.38,19.0,0.39,10.9,0.08,0.08,0.094489,1776159270000
1776159272.419,272.419,0.65,11.4,0.64,11.3,0.63,11.2,0.62,19.0,0.61,10.9,0.73,3.08,0.74,5.0,0.75,5.0,0.81,50.0,0.82,5.4,0.27,3.08,0.26,5.0,0.25,5.0,0.19,50.0,0.18,5.4,0.35,11.4,0.36,11.3,0.37,11.2,0.38,19.0,0.39,10.9,0.08,0.08,0.094489,1776159271000
1776159273.206,273.206,0.65,11.4,0.64,11.3,0.63,11.2,0.62,19.0,0.61,10.9,0.73,3.08,0.74,5.0,0.75,5.0,0.81,50.0,0.82,5.4,0.27,3.08,0.26,5.0,0.25,5.0,0.19,50.0,0.18,5.4,0.35,11.4,0.36,11.3,0.37,11.2,0.38,19.0,0.39,10.9,0.08,0.08,0.094488,1776159272000
1776159274.504,274.504,0.65,11.4,0.64,11.3,0.63,11.2,0.62,19.0,0.61,10.9,0.73,3.08,0.74,5.0,0.75,5.0,0.81,50.0,0.82,5.4,0.27,3.08,0.26,5.0,0.25,5.0,0.19,50.0,0.18,5.4,0.35,11.4,0.36,11.3,0.37,11.2,0.38,19.0,0.39,10.9,0.08,0.08,0.094487,1776159273000
1776159274.997,274.997,0.65,11.4,0.64,11.3,0.63,11.2,0.62,19.0,0.61,10.9,0.73,3.08,0.74,5.0,0.75,5.0,0.81,50.0,0.82,5.4,0.27,3.08,0.26,5.0,0.25,5.0,0.19,50.0,0.18,5.4,0.35,11.4,0.36,11.3,0.37,11.2,0.38,19.0,0.39,10.9,0.08,0.08,0.09448,1776159274000
1776159276.232,276.232,0.65,11.4,0.64,11.3,0.63,11.2,0.62,19.0,0.61,10.9,0.73,3.08,0.74,5.0,0.75,5.0,0.81,50.0,0.82,5.4,0.27,3.08,0.26,5.0,0.25,5.0,0.19,50.0,0.18,5.4,0.35,11.4,0.36,11.3,0.37,11.2,0.38,19.0,0.39,10.9,0.08,0.08,0.09448,1776159275000
1776159276.625,276.625,0.48,6.13,0.41,50.0,0.33,10.23,0.31,50.0,0.3,26.0,0.71,50.0,0.81,50.0,0.87,10.0,0.91,50.0,0.95,5.0,0.27,3.08,0.26,5.0,0.25,5.0,0.19,50.0,0.18,5.4,0.35,11.4,0.36,11.3,0.37,11.2,0.38,19.0,0.39,10.9,0.23,0.08,0.09448,1776159275000
1776159277.336,277.336,0.48,6.13,0.41,50.0,0.33,10.23,0.31,50.0,0.3,26.0,0.71,50.0,0.81,50.0,0.87,10.0,0.91,50.0,0.95,5.0,0.29,50.0,0.19,50.0,0.13,10.0,0.09,50.0,0.05,5.0,0.52,6.13,0.59,50.0,0.67,10.23,0.69,50.0,0.7,26.0,0.23,0.23,0.09448,1776159276000
1776159277.91,277.91,0.48,6.13,0.41,50.0,0.33,10.23,0.31,50.0,0.3,26.0,0.71,50.0,0.81,50.0,0.87,10.0,0.91,50.0,0.95,5.0,0.29,50.0,0.19,50.0,0.13,10.0,0.09,50.0,0.05,5.0,0.52,6.13,0.59,50.0,0.67,10.23,0.69,50.0,0.7,26.0,0.23,0.23,0.094479,1776159277000
1776159279.068,279.068,0.48,6.13,0.41,50.0,0.33,10.23,0.31,50.0,0.3,26.0,0.71,50.0,0.81,50.0,0.87,10.0,0.91,50.0,0.95,5.0,0.29,50.0,0.19,50.0,0.13,10.0,0.09,50.0,0.05,5.0,0.52,6.13,0.59,50.0,0.67,10.23,0.69,50.0,0.7,26.0,0.23,0.23,0.094474,1776159278000
1776159280.206,280.206,0.48,6.13,0.41,50.0,0.33,10.23,0.31,50.0,0.3,26.0,0.71,50.0,0.81,50.0,0.87,10.0,0.91,50.0,0.95,5.0,0.29,50.0,0.19,50.0,0.13,10.0,0.09,50.0,0.05,5.0,0.52,6.13,0.59,50.0,0.67,10.23,0.69,50.0,0.7,26.0,0.23,0.23,0.094474,1776159279000
1776159281.292,281.292,0.48,6.13,0.41,50.0,0.33,10.23,0.31,50.0,0.3,26.0,0.71,50.0,0.81,50.0,0.87,10.0,0.91,50.0,0.95,5.0,0.29,50.0,0.19,50.0,0.13,10.0,0.09,50.0,0.05,5.0,0.52,6.13,0.59,50.0,0.67,10.23,0.69,50.0,0.7,26.0,0.23,0.23,0.094474,1776159280000
1776159282.424,282.424,0.48,6.13,0.41,50.0,0.33,10.23,0.31,50.0,0.3,26.0,0.71,50.0,0.81,50.0,0.87,10.0,0.91,50.0,0.95,5.0,0.29,50.0,0.19,50.0,0.13,10.0,0.09,50.0,0.05,5.0,0.52,6.13,0.59,50.0,0.67,10.23,0.69,50.0,0.7,26.0,0.23,0.23,0.094476,1776159281000
1776159282.976,282.976,0.48,6.13,0.41,50.0,0.33,10.23,0.31,50.0,0.3,26.0,0.71,50.0,0.81,50.0,0.87,10.0,0.91,50.0,0.95,5.0,0.29,50.0,0.19,50.0,0.13,10.0,0.09,50.0,0.05,5.0,0.52,6.13,0.59,50.0,0.67,10.23,0.69,50.0,0.7,26.0,0.23,0.23,0.094477,1776159282000
1776159284.143,284.143,0.48,6.13,0.41,50.0,0.33,10.23,0.31,50.0,0.3,26.0,0.71,50.0,0.81,50.0,0.87,10.0,0.91,50.0,0.95,5.0,0.29,50.0,0.19,50.0,0.13,10.0,0.09,50.0,0.05,5.0,0.52,6.13,0.59,50.0,0.67,10.23,0.69,50.0,0.7,26.0,0.23,0.23,0.094476,1776159283000
1776159285.287,285.287,0.48,6.13,0.41,50.0,0.33,10.23,0.31,50.0,0.3,26.0,0.71,50.0,0.81,50.0,0.87,10.0,0.91,50.0,0.95,5.0,0.29,50.0,0.19,50.0,0.13,10.0,0.09,50.0,0.05,5.0,0.52,6.13,0.59,50.0,0.67,10.23,0.69,50.0,0.7,26.0,0.23,0.23,0.094475,1776159284000
1776159286.922,286.922,0.48,6.13,0.41,50.0,0.33,10.23,0.31,50.0,0.3,26.0,0.71,50.0,0.81,50.0,0.87,10.0,0.91,50.0,0.95,5.0,0.29,50.0,0.19,50.0,0.13,10.0,0.09,50.0,0.05,5.0,0.52,6.13,0.59,50.0,0.67,10.23,0.69,50.0,0.7,26.0,0.23,0.23,0.094473,1776159285000
1776159287.498,287.498,0.83,5.0,0.82,6.0,0.71,50.0,0.61,50.0,0.55,10.0,0.95,1.87,0.98,105.0,0.99,6311.0,,,,,0.05,1.87,0.02,105.0,0.01,6311.0,,,,,0.17,5.0,0.18,6.0,0.29,50.0,0.39,50.0,0.45,10.0,0.12,0.12,0.094473,1776159286000
1776159288.063,288.063,0.83,5.0,0.82,6.0,0.71,50.0,0.61,50.0,0.55,10.0,0.95,1.87,0.98,105.0,0.99,6311.0,,,,,0.05,1.87,0.02,105.0,0.01,6311.0,,,,,0.17,5.0,0.18,6.0,0.29,50.0,0.39,50.0,0.45,10.0,0.12,0.12,0.094473,1776159287000
1776159289.077,289.077,0.83,5.0,0.82,6.0,0.71,50.0,0.61,50.0,0.55,10.0,0.95,1.87,0.98,105.0,0.99,6311.0,,,,,0.05,1.87,0.02,105.0,0.01,6311.0,,,,,0.17,5.0,0.18,6.0,0.29,50.0,0.39,50.0,0.45,10.0,0.12,0.12,0.094489,1776159288000
1776159290.402,290.402,0.83,5.0,0.82,6.0,0.71,50.0,0.61,50.0,0.55,10.0,0.95,1.87,0.98,105.0,0.99,6311.0,,,,,0.05,1.87,0.02,105.0,0.01,6311.0,,,,,0.17,5.0,0.18,6.0,0.29,50.0,0.39,50.0,0.45,10.0,0.12,0.12,0.094494,1776159289000
1776159291.347,291.347,0.81,29.15,0.71,50.0,0.67,7.0,0.61,50.0,0.51,50.0,0.95,1.87,0.98,5.0,0.99,211.0,,,,,0.05,1.87,0.02,105.0,0.01,6311.0,,,,,0.17,5.0,0.18,6.0,0.29,50.0,0.39,50.0,0.45,10.0,0.14,0.12,0.094494,1776159289000
1776159291.877,291.877,0.81,29.15,0.71,50.0,0.67,7.0,0.61,50.0,0.51,50.0,0.95,1.87,0.98,5.0,0.99,211.0,,,,,0.05,1.87,0.02,5.0,0.01,211.0,,,,,0.19,29.15,0.29,50.0,0.33,7.0,0.39,50.0,0.49,50.0,0.14,0.14,0.094496,1776159291000
1776159293.001,293.001,0.81,29.15,0.71,50.0,0.67,7.0,0.61,50.0,0.51,50.0,0.95,1.87,0.98,5.0,0.99,211.0,,,,,0.05,1.87,0.02,5.0,0.01,211.0,,,,,0.19,29.15,0.29,50.0,0.33,7.0,0.39,50.0,0.49,50.0,0.14,0.14,0.094503,1776159292000
1776159293.302,293.302,0.81,50.0,0.73,16.0,0.71,50.0,0.61,50.0,0.51,50.0,0.95,0.81,0.98,5.0,0.99,211.0,,,,,0.05,1.87,0.02,5.0,0.01,211.0,,,,,0.19,29.15,0.29,50.0,0.33,7.0,0.39,50.0,0.49,50.0,0.14,0.14,0.094503,1776159292000
1776159293.752,293.752,0.81,50.0,0.74,10.0,0.73,6.0,0.71,50.0,0.61,50.0,0.99,191.55,,,,,,,,,0.02,0.76,0.01,211.0,,,,,,,0.19,50.0,0.27,16.0,0.29,50.0,0.39,50.0,0.49,50.0,0.18,0.17,0.094503,1776159292000
1776159293.955,293.955,0.81,50.0,0.74,10.0,0.73,6.0,0.71,50.0,0.61,50.0,0.99,186.55,,,,,,,,,0.01,191.55,,,,,,,,,0.19,50.0,0.26,10.0,0.27,6.0,0.29,50.0,0.39,50.0,0.18,0.18,0.094503,1776159292000
1776159295.115,295.115,0.81,50.0,0.74,10.0,0.73,6.0,0.71,50.0,0.61,50.0,0.99,186.55,,,,,,,,,0.01,186.55,,,,,,,,,0.19,50.0,0.26,10.0,0.27,6.0,0.29,50.0,0.39,50.0,0.18,0.18,0.094507,1776159294000
1776159296.172,296.172,0.81,60.9,0.79,10.0,0.73,6.0,0.71,50.0,0.61,50.0,0.99,70.55,,,,,,,,,0.01,186.55,,,,,,,,,0.19,50.0,0.26,10.0,0.27,6.0,0.29,50.0,0.39,50.0,0.18,0.18,0.094507,1776159294000
1776159296.656,296.656,0.81,60.9,0.8,10.0,0.73,6.0,0.71,50.0,0.61,50.0,0.99,60.28,,,,,,,,,0.01,70.55,,,,,,,,,0.19,60.9,0.21,10.0,0.27,6.0,0.29,50.0,0.39,50.0,0.18,0.18,0.094508,1776159295000
1776159297.228,297.228,0.81,70.9,0.73,6.0,0.71,50.0,0.61,50.0,0.51,50.0,0.99,54.28,,,,,,,,,0.01,54.28,,,,,,,,,0.19,70.9,0.27,6.0,0.29,50.0,0.39,50.0,0.49,50.0,0.18,0.18,0.094508,1776159296000
1776159298.3,298.3,0.83,10.0,0.81,60.9,0.73,6.0,0.71,50.0,0.61,50.0,,,,,,,,,,,,,,,,,,,,,0.17,10.0,0.19,60.9,0.27,6.0,0.29,50.0,0.39,50.0,,,0.094508,1776159297000
1776159299.333,299.333,0.83,10.0,0.81,60.9,0.73,6.0,0.71,50.0,0.61,50.0,,,,,,,,,,,,,,,,,,,,,0.17,10.0,0.19,60.9,0.27,6.0,0.29,50.0,0.39,50.0,,,0.094507,1776159298000
1776159301.102,301.102,0.83,10.0,0.81,60.9,0.73,6.0,0.71,50.0,0.61,50.0,,,,,,,,,,,,,,,,,,,,,0.17,10.0,0.19,60.9,0.27,6.0,0.29,50.0,0.39,50.0,,,0.094507,1776159299000

# RESULT,winner=Up,slug=doge-updown-5m-1776159000,ticks=313
