timestamp,elapsed_sec,up_bid_p1,up_bid_s1,up_bid_p2,up_bid_s2,up_ask_p1,up_ask_s1,up_ask_p2,up_ask_s2,down_bid_p1,down_bid_s1,down_bid_p2,down_bid_s2,down_ask_p1,down_ask_s1,down_ask_p2,down_ask_s2,up_spread,down_spread,doge_price,doge_oracle_ts
1776183901.594,1.594,0.49,6.0,0.48,6.0,0.51,6.0,0.52,6.0,0.49,6.0,0.48,6.0,0.51,6.0,0.52,6.0,0.02,0.02,0.095508,1776183899000
1776183902.067,2.067,0.49,6.0,0.48,6.0,0.51,6.0,0.52,6.0,0.5,10.0,0.49,6.0,0.51,16.0,0.52,6.0,0.02,0.01,0.09549,1776183900000
1776183902.49,2.49,0.49,16.0,0.48,6.0,0.5,10.0,0.51,6.0,0.5,10.0,0.49,6.0,0.51,16.0,0.52,6.0,0.01,0.01,0.09549,1776183901000
1776183902.812,2.812,0.49,6.0,0.48,6.0,0.5,0.64,0.51,6.0,0.5,10.0,0.49,6.0,0.51,16.0,0.52,6.0,0.01,0.01,0.09549,1776183901000
1776183903.041,3.041,0.49,6.0,0.48,6.0,0.51,6.0,0.52,6.0,0.5,0.64,0.49,6.0,0.51,6.0,0.52,6.0,0.02,0.01,0.09549,1776183901000
1776183903.514,3.514,0.49,6.0,0.48,6.0,0.51,1.0,0.52,6.0,0.49,6.0,0.48,6.0,0.51,6.0,0.52,6.0,0.02,0.02,0.095487,1776183902000
1776183903.772,3.772,0.49,6.0,0.48,6.0,0.61,50.0,0.69,375.0,0.49,1.0,0.48,6.0,0.51,6.0,0.52,6.0,0.12,0.02,0.095487,1776183902000
1776183904.421,4.421,0.49,6.0,0.48,6.0,0.61,50.0,0.69,375.0,0.39,50.0,0.31,375.0,0.51,6.0,0.52,6.0,0.12,0.12,0.095549,1776183903000
1776183905.326,5.326,0.49,6.0,0.48,6.0,0.61,50.0,0.69,375.0,0.39,50.0,0.31,375.0,0.51,6.0,0.52,6.0,0.12,0.12,0.095557,1776183904000
1776183905.949,5.949,0.49,6.0,0.48,6.0,0.61,50.0,0.69,375.0,0.39,50.0,0.31,375.0,0.51,6.0,0.52,6.0,0.12,0.12,0.095558,1776183905000
1776183906.923,6.923,0.49,6.0,0.48,6.0,0.61,50.0,0.69,375.0,0.39,50.0,0.31,375.0,0.51,6.0,0.52,6.0,0.12,0.12,0.095553,1776183906000
1776183907.743,7.743,0.53,5.0,0.52,5.0,0.61,7.5,0.62,5.0,0.39,50.0,0.31,375.0,0.51,6.0,0.52,6.0,0.08,0.12,0.095553,1776183906000
1776183908.091,8.091,0.53,5.0,0.52,5.0,0.61,7.5,0.62,5.0,0.39,7.5,0.38,5.0,0.47,5.0,0.48,5.0,0.08,0.08,0.095538,1776183907000
1776183909.032,9.032,0.53,5.0,0.52,5.0,0.61,7.5,0.62,5.0,0.39,7.5,0.38,5.0,0.47,5.0,0.48,5.0,0.08,0.08,0.095534,1776183908000
1776183909.322,9.322,0.51,10.0,0.49,11.0,0.61,7.5,0.62,10.0,0.39,7.5,0.38,5.0,0.47,5.0,0.48,5.0,0.1,0.08,0.095534,1776183908000
1776183910.164,10.164,0.51,10.0,0.49,11.0,0.61,7.5,0.62,10.0,0.39,7.5,0.38,10.0,0.49,10.0,0.51,11.0,0.1,0.1,0.095532,1776183909000
1776183911.223,11.223,0.51,10.0,0.49,11.0,0.62,10.0,0.68,25.0,0.38,10.0,0.32,25.0,0.49,10.0,0.51,11.0,0.11,0.11,0.095533,1776183910000
1776183912.273,12.273,0.51,10.0,0.49,11.0,0.62,10.0,0.68,25.0,0.38,10.0,0.32,25.0,0.49,10.0,0.51,11.0,0.11,0.11,0.095534,1776183911000
1776183913.298,13.298,0.51,9.5,0.49,11.0,0.62,10.0,0.68,25.0,0.38,10.0,0.32,25.0,0.49,10.0,0.51,11.0,0.11,0.11,0.095534,1776183911000
1776183913.908,13.908,0.51,9.5,0.49,11.0,0.62,10.0,0.68,25.0,0.38,10.0,0.32,25.0,0.49,9.5,0.51,11.0,0.11,0.11,0.095533,1776183913000
1776183914.986,14.986,0.51,9.5,0.49,11.0,0.62,10.0,0.68,25.0,0.38,10.0,0.32,25.0,0.49,9.5,0.51,11.0,0.11,0.11,0.095533,1776183914000
1776183916.075,16.075,0.51,9.5,0.49,11.0,0.62,10.0,0.68,25.0,0.38,10.0,0.32,25.0,0.49,9.5,0.51,11.0,0.11,0.11,0.095534,1776183915000
1776183917.221,17.221,0.51,9.5,0.49,11.0,0.62,10.0,0.68,25.0,0.38,10.0,0.32,25.0,0.49,9.5,0.51,11.0,0.11,0.11,0.095534,1776183916000
1776183918.151,18.151,0.51,9.5,0.49,11.0,0.62,10.0,0.68,25.0,0.38,10.0,0.32,25.0,0.49,9.5,0.51,11.0,0.11,0.11,0.095534,1776183917000
1776183919.341,19.341,0.51,9.5,0.49,11.0,0.62,10.0,0.68,25.0,0.38,10.0,0.32,25.0,0.49,9.5,0.51,11.0,0.11,0.11,0.095533,1776183918000
1776183919.971,19.971,0.51,9.5,0.49,11.0,0.62,10.0,0.68,25.0,0.38,10.0,0.32,25.0,0.49,9.5,0.51,11.0,0.11,0.11,0.095535,1776183919000
1776183921.328,21.328,0.51,9.5,0.49,11.0,0.62,10.0,0.68,25.0,0.38,10.0,0.32,25.0,0.49,9.5,0.51,11.0,0.11,0.11,0.095537,1776183920000
1776183922.291,22.291,0.51,9.5,0.49,11.0,0.62,10.0,0.68,25.0,0.38,10.0,0.32,25.0,0.49,9.5,0.51,11.0,0.11,0.11,0.095526,1776183921000
1776183923.488,23.488,0.51,9.5,0.49,11.0,0.62,10.0,0.68,25.0,0.38,10.0,0.32,25.0,0.49,9.5,0.51,11.0,0.11,0.11,0.095508,1776183922000
1776183923.951,23.951,0.51,9.5,0.49,11.0,0.62,10.0,0.68,25.0,0.38,10.0,0.32,25.0,0.49,9.5,0.51,11.0,0.11,0.11,0.095507,1776183923000
1776183925.101,25.101,0.51,9.5,0.49,11.0,0.62,10.0,0.68,25.0,0.38,10.0,0.32,25.0,0.49,9.5,0.51,11.0,0.11,0.11,0.095512,1776183924000
1776183926.094,26.094,0.51,9.5,0.49,11.0,0.62,10.0,0.68,25.0,0.38,10.0,0.32,25.0,0.49,9.5,0.51,11.0,0.11,0.11,0.095512,1776183925000
1776183927.239,27.239,0.51,9.5,0.49,11.0,0.62,10.0,0.68,25.0,0.38,10.0,0.32,25.0,0.49,9.5,0.51,11.0,0.11,0.11,0.095534,1776183926000
1776183928.244,28.244,0.51,9.5,0.49,11.0,0.62,10.0,0.68,25.0,0.38,10.0,0.32,25.0,0.49,9.5,0.51,11.0,0.11,0.11,0.095534,1776183927000
1776183929.508,29.508,0.51,9.5,0.49,11.0,0.62,10.0,0.68,25.0,0.38,10.0,0.32,25.0,0.49,9.5,0.51,11.0,0.11,0.11,0.095536,1776183928000
1776183930.04,30.04,0.51,9.5,0.49,11.0,0.62,10.0,0.68,25.0,0.38,10.0,0.32,25.0,0.49,9.5,0.51,11.0,0.11,0.11,0.095527,1776183929000
1776183930.343,30.343,0.5,2.92,0.49,16.0,0.6,10.0,0.68,20.0,0.38,10.0,0.32,25.0,0.49,9.5,0.51,11.0,0.1,0.11,0.095527,1776183929000
1776183931.368,31.368,0.5,2.92,0.49,16.0,0.6,10.0,0.68,20.0,0.4,10.0,0.32,20.0,0.5,2.92,0.51,16.0,0.1,0.1,0.095531,1776183930000
1776183931.86,31.86,0.5,2.92,0.49,16.0,0.6,10.0,0.68,20.0,0.4,10.0,0.32,20.0,0.5,2.92,0.51,16.0,0.1,0.1,0.095531,1776183931000
1776183933.126,33.126,0.5,2.92,0.49,16.0,0.6,10.0,0.68,20.0,0.4,10.0,0.32,20.0,0.5,2.92,0.51,16.0,0.1,0.1,0.095533,1776183932000
1776183934.914,34.914,0.5,2.92,0.49,16.0,0.6,10.0,0.68,20.0,0.4,10.0,0.32,20.0,0.5,2.92,0.51,16.0,0.1,0.1,0.095531,1776183933000
1776183935.357,35.357,0.5,2.92,0.49,16.0,0.6,10.0,0.68,20.0,0.4,10.0,0.32,20.0,0.5,2.92,0.51,16.0,0.1,0.1,0.09553,1776183934000
1776183935.854,35.854,0.5,2.92,0.49,16.0,0.6,10.0,0.68,20.0,0.4,10.0,0.32,20.0,0.5,2.92,0.51,16.0,0.1,0.1,0.095525,1776183935000
1776183937.057,37.057,0.5,2.92,0.49,16.0,0.6,10.0,0.68,20.0,0.4,10.0,0.32,20.0,0.5,2.92,0.51,16.0,0.1,0.1,0.095522,1776183936000
1776183938.132,38.132,0.5,2.92,0.49,16.0,0.6,10.0,0.68,20.0,0.4,10.0,0.32,20.0,0.5,2.92,0.51,16.0,0.1,0.1,0.095522,1776183937000
1776183939.411,39.411,0.5,2.92,0.49,16.0,0.6,10.0,0.68,20.0,0.4,10.0,0.32,20.0,0.5,2.92,0.51,16.0,0.1,0.1,0.095527,1776183938000
1776183940.007,40.007,0.5,2.92,0.49,16.0,0.6,10.0,0.68,20.0,0.4,10.0,0.32,20.0,0.5,2.92,0.51,16.0,0.1,0.1,0.095527,1776183939000
1776183940.977,40.977,0.5,2.92,0.49,16.0,0.6,10.0,0.68,20.0,0.4,10.0,0.32,20.0,0.5,2.92,0.51,16.0,0.1,0.1,0.095529,1776183940000
1776183942.11,42.11,0.5,2.92,0.49,16.0,0.6,10.0,0.68,20.0,0.4,10.0,0.32,20.0,0.5,2.92,0.51,16.0,0.1,0.1,0.095529,1776183941000
1776183943.185,43.185,0.49,16.0,0.48,16.0,0.61,5.13,0.68,20.0,0.4,10.0,0.32,20.0,0.5,2.92,0.51,16.0,0.12,0.1,0.095529,1776183941000
1776183943.909,43.909,0.49,16.0,0.48,16.0,0.61,5.13,0.68,20.0,0.39,5.13,0.32,20.0,0.51,16.0,0.52,16.0,0.12,0.12,0.095531,1776183943000
1776183944.979,44.979,0.49,16.0,0.48,16.0,0.61,5.13,0.68,20.0,0.39,5.13,0.32,20.0,0.51,16.0,0.52,16.0,0.12,0.12,0.095531,1776183944000
1776183946.074,46.074,0.49,16.0,0.48,16.0,0.61,5.13,0.68,20.0,0.39,5.13,0.32,20.0,0.51,16.0,0.52,16.0,0.12,0.12,0.095531,1776183945000
1776183947.244,47.244,0.49,16.0,0.48,16.0,0.61,5.13,0.68,20.0,0.39,5.13,0.32,20.0,0.51,16.0,0.52,16.0,0.12,0.12,0.095535,1776183946000
1776183948.418,48.418,0.49,16.0,0.48,16.0,0.61,5.13,0.68,20.0,0.39,5.13,0.32,20.0,0.51,16.0,0.52,16.0,0.12,0.12,0.095541,1776183947000
1776183949.324,49.324,0.49,16.0,0.48,16.0,0.61,5.13,0.68,20.0,0.39,5.13,0.32,20.0,0.51,16.0,0.52,16.0,0.12,0.12,0.095536,1776183948000
1776183950.316,50.316,0.49,16.0,0.48,16.0,0.61,5.13,0.68,20.0,0.39,5.13,0.32,20.0,0.51,16.0,0.52,16.0,0.12,0.12,0.095525,1776183949000
1776183951.388,51.388,0.49,16.0,0.48,16.0,0.61,5.13,0.68,20.0,0.39,5.13,0.32,20.0,0.51,16.0,0.52,16.0,0.12,0.12,0.095519,1776183950000
1776183952.377,52.377,0.49,16.0,0.48,16.0,0.61,5.13,0.68,20.0,0.39,5.13,0.32,20.0,0.51,16.0,0.52,16.0,0.12,0.12,0.09552,1776183951000
1776183953.317,53.317,0.49,16.0,0.48,16.0,0.61,5.13,0.68,20.0,0.39,5.13,0.32,20.0,0.51,16.0,0.52,16.0,0.12,0.12,0.095525,1776183952000
1776183954.345,54.345,0.49,16.0,0.48,16.0,0.61,5.13,0.68,20.0,0.39,5.13,0.32,20.0,0.51,16.0,0.52,16.0,0.12,0.12,0.095527,1776183953000
1776183955.321,55.321,0.49,16.0,0.48,16.0,0.61,5.13,0.68,20.0,0.39,5.13,0.32,20.0,0.51,16.0,0.52,16.0,0.12,0.12,0.09552,1776183954000
1776183956.324,56.324,0.49,16.0,0.48,16.0,0.61,5.13,0.68,20.0,0.39,5.13,0.32,20.0,0.51,16.0,0.52,16.0,0.12,0.12,0.095526,1776183955000
1776183957.359,57.359,0.49,16.0,0.48,16.0,0.61,5.13,0.68,20.0,0.39,5.13,0.32,20.0,0.51,16.0,0.52,16.0,0.12,0.12,0.095526,1776183956000
1776183958.446,58.446,0.49,16.0,0.48,16.0,0.61,5.13,0.68,20.0,0.39,5.13,0.32,20.0,0.51,16.0,0.52,16.0,0.12,0.12,0.09552,1776183957000
1776183958.837,58.837,0.49,16.0,0.48,16.0,0.61,5.13,0.68,20.0,0.39,5.13,0.32,20.0,0.51,16.0,0.52,16.0,0.12,0.12,0.095526,1776183958000
1776183959.93,59.93,0.49,16.0,0.48,16.0,0.61,5.13,0.68,20.0,0.39,5.13,0.32,20.0,0.51,16.0,0.52,16.0,0.12,0.12,0.095525,1776183959000
1776183961.169,61.169,0.49,16.0,0.48,16.0,0.61,5.13,0.68,20.0,0.39,5.13,0.32,20.0,0.51,16.0,0.52,16.0,0.12,0.12,0.095524,1776183960000
1776183962.698,62.698,0.49,16.0,0.48,16.0,0.61,5.13,0.68,20.0,0.39,5.13,0.32,20.0,0.51,16.0,0.52,16.0,0.12,0.12,0.095526,1776183961000
1776183963.146,63.146,0.49,16.0,0.48,16.0,0.61,5.13,0.68,20.0,0.39,5.13,0.32,20.0,0.51,16.0,0.52,16.0,0.12,0.12,0.095527,1776183962000
1776183964.175,64.175,0.49,16.0,0.48,16.0,0.61,5.13,0.68,20.0,0.39,5.13,0.32,20.0,0.51,16.0,0.52,16.0,0.12,0.12,0.095532,1776183963000
1776183965.162,65.162,0.49,16.0,0.48,16.0,0.61,5.13,0.68,20.0,0.39,5.13,0.32,20.0,0.51,16.0,0.52,16.0,0.12,0.12,0.095536,1776183964000
1776183966.222,66.222,0.49,16.0,0.48,16.0,0.61,5.13,0.68,20.0,0.39,5.13,0.32,20.0,0.51,16.0,0.52,16.0,0.12,0.12,0.095536,1776183965000
1776183967.118,67.118,0.49,16.0,0.48,16.0,0.61,5.13,0.68,20.0,0.39,5.13,0.32,20.0,0.51,16.0,0.52,16.0,0.12,0.12,0.095531,1776183966000
1776183968.127,68.127,0.49,16.0,0.48,16.0,0.61,5.13,0.68,20.0,0.39,5.13,0.32,20.0,0.51,16.0,0.52,16.0,0.12,0.12,0.095531,1776183967000
1776183969.135,69.135,0.49,16.0,0.48,16.0,0.61,5.13,0.68,20.0,0.39,5.13,0.32,20.0,0.51,16.0,0.52,16.0,0.12,0.12,0.095531,1776183968000
1776183969.692,69.692,0.57,22.0,0.54,9.0,0.59,10.0,0.63,5.0,0.39,5.13,0.32,20.0,0.51,16.0,0.52,16.0,0.02,0.12,0.095531,1776183968000
1776183970.074,70.074,0.57,22.0,0.54,9.0,0.59,10.0,0.63,5.0,0.41,10.0,0.37,5.0,0.43,22.0,0.46,9.0,0.02,0.02,0.095535,1776183969000
1776183970.835,70.835,0.61,40.0,0.58,29.0,0.63,5.0,0.75,5.0,0.41,10.0,0.37,5.0,0.43,22.0,0.46,9.0,0.02,0.02,0.095535,1776183969000
1776183971.065,71.065,0.61,40.0,0.58,24.0,0.75,5.0,0.76,10.0,0.25,5.0,0.24,10.0,0.39,40.0,0.42,24.0,0.14,0.14,0.095551,1776183970000
1776183971.699,71.699,0.61,45.0,0.58,24.0,0.75,8.54,0.76,10.0,0.25,5.0,0.24,10.0,0.39,40.0,0.42,24.0,0.14,0.14,0.095551,1776183970000
1776183972.063,72.063,0.61,45.0,0.58,24.0,0.76,8.35,0.79,15.7,0.24,8.35,0.21,15.7,0.39,45.0,0.42,24.0,0.15,0.15,0.095565,1776183971000
1776183972.981,72.981,0.61,45.0,0.58,24.0,0.77,8.05,0.79,15.7,0.23,8.05,0.21,15.7,0.39,45.0,0.42,24.0,0.16,0.16,0.095579,1776183972000
1776183973.733,73.733,0.66,7.0,0.63,5.0,0.79,10.05,0.8,26.2,0.23,8.05,0.21,15.7,0.39,45.0,0.42,24.0,0.13,0.16,0.095579,1776183972000
1776183973.968,73.968,0.66,7.0,0.63,5.0,0.79,10.05,0.8,26.2,0.21,10.05,0.2,26.2,0.34,7.0,0.37,5.0,0.13,0.13,0.095585,1776183973000
1776183975.147,75.147,0.66,7.0,0.63,16.2,0.82,22.66,0.83,28.39,0.21,10.05,0.2,26.2,0.34,7.0,0.37,5.0,0.16,0.13,0.095585,1776183973000
1776183975.421,75.421,0.66,7.0,0.63,16.2,0.82,22.66,0.83,28.39,0.18,22.66,0.17,28.39,0.34,7.0,0.37,16.2,0.16,0.16,0.095587,1776183974000
1776183975.977,75.977,0.66,7.0,0.63,16.2,0.82,22.66,0.83,28.39,0.18,22.66,0.17,28.39,0.34,7.0,0.37,16.2,0.16,0.16,0.095591,1776183975000
1776183976.57,76.57,0.66,18.6,0.65,16.4,0.82,7.67,0.83,38.39,0.18,22.66,0.17,28.39,0.34,7.0,0.37,16.2,0.16,0.16,0.095591,1776183975000
1776183977.287,77.287,0.66,18.6,0.65,16.4,0.82,7.67,0.83,38.39,0.18,7.67,0.17,38.39,0.34,18.6,0.35,16.4,0.16,0.16,0.095597,1776183976000
1776183978.463,78.463,0.66,18.6,0.65,16.4,0.82,7.67,0.83,38.39,0.18,7.67,0.17,38.39,0.34,18.6,0.35,16.4,0.16,0.16,0.095594,1776183977000
1776183979.065,79.065,0.66,18.6,0.65,16.4,0.82,7.67,0.83,38.39,0.18,7.67,0.17,38.39,0.34,18.6,0.35,16.4,0.16,0.16,0.095595,1776183978000
1776183980.06,80.06,0.66,18.6,0.65,16.4,0.82,7.67,0.83,38.39,0.18,7.67,0.17,38.39,0.34,18.6,0.35,16.4,0.16,0.16,0.095601,1776183979000
1776183981.217,81.217,0.66,18.6,0.65,16.4,0.82,7.67,0.83,38.39,0.18,7.67,0.17,38.39,0.34,18.6,0.35,16.4,0.16,0.16,0.095602,1776183980000
1776183982.293,82.293,0.66,18.6,0.65,16.4,0.82,7.67,0.83,38.39,0.18,7.67,0.17,38.39,0.34,18.6,0.35,16.4,0.16,0.16,0.095602,1776183981000
1776183982.642,82.642,0.71,18.22,0.7,12.4,0.82,12.61,0.83,18.39,0.18,7.67,0.17,38.39,0.34,18.6,0.35,16.4,0.11,0.16,0.095602,1776183981000
1776183983.395,83.395,0.71,13.49,0.7,12.4,0.82,12.61,0.83,18.39,0.18,12.61,0.17,18.39,0.29,13.49,0.3,12.4,0.11,0.11,0.095609,1776183982000
1776183983.949,83.949,0.71,13.49,0.7,12.4,0.82,12.61,0.83,18.39,0.18,12.61,0.17,18.39,0.29,13.49,0.3,12.4,0.11,0.11,0.095601,1776183983000
1776183984.982,84.982,0.71,5.62,0.67,12.0,0.79,10.63,0.8,16.2,0.21,10.63,0.2,16.2,0.29,5.62,0.33,12.0,0.08,0.08,0.095599,1776183984000
1776183985.506,85.506,0.72,5.54,0.67,7.0,0.78,10.2,0.79,10.63,0.21,10.63,0.2,16.2,0.29,5.62,0.33,12.0,0.06,0.08,0.095599,1776183984000
1776183986.335,86.335,0.72,5.54,0.67,7.0,0.78,10.2,0.79,10.63,0.22,10.2,0.21,10.63,0.28,5.54,0.33,7.0,0.06,0.06,0.095583,1776183985000
1776183986.943,86.943,0.72,5.54,0.67,7.0,0.78,5.2,0.79,10.63,0.22,10.2,0.21,10.63,0.28,5.54,0.33,7.0,0.06,0.06,0.095583,1776183985000
1776183987.46,87.46,0.72,5.54,0.67,7.0,0.78,5.2,0.79,10.63,0.22,5.2,0.21,10.63,0.28,5.54,0.33,7.0,0.06,0.06,0.095586,1776183986000
1776183987.968,87.968,0.72,5.54,0.67,7.0,0.78,5.2,0.79,10.63,0.22,5.2,0.21,10.63,0.28,5.54,0.33,7.0,0.06,0.06,0.095586,1776183987000
1776183989.144,89.144,0.72,5.54,0.67,7.0,0.78,5.2,0.79,10.63,0.22,5.2,0.21,10.63,0.28,5.54,0.33,7.0,0.06,0.06,0.095588,1776183988000
1776183990.048,90.048,0.72,5.54,0.67,7.0,0.78,5.2,0.79,10.63,0.22,5.2,0.21,10.63,0.28,5.54,0.33,7.0,0.06,0.06,0.095588,1776183989000
1776183991.112,91.112,0.72,5.54,0.67,7.0,0.78,5.2,0.79,10.63,0.22,5.2,0.21,10.63,0.28,5.54,0.33,7.0,0.06,0.06,0.095599,1776183990000
1776183991.881,91.881,0.72,12.9,0.71,62.6,0.83,13.58,0.84,19.3,0.22,5.2,0.21,10.63,0.28,5.54,0.33,7.0,0.11,0.06,0.095599,1776183990000
1776183992.182,92.182,0.72,12.9,0.71,62.6,0.83,13.58,0.84,19.3,0.17,13.58,0.16,19.3,0.28,12.9,0.29,62.6,0.11,0.11,0.095594,1776183991000
1776183993.259,93.259,0.72,12.9,0.71,62.6,0.83,13.58,0.84,19.3,0.17,13.58,0.16,19.3,0.28,12.9,0.29,62.6,0.11,0.11,0.095596,1776183992000
1776183994.247,94.247,0.72,12.9,0.71,62.6,0.83,13.58,0.84,19.3,0.17,13.58,0.16,19.3,0.28,12.9,0.29,62.6,0.11,0.11,0.095596,1776183993000
1776183995.382,95.382,0.72,12.9,0.71,62.6,0.83,13.58,0.84,19.3,0.17,13.58,0.16,19.3,0.28,12.9,0.29,62.6,0.11,0.11,0.095605,1776183994000
1776183996.406,96.406,0.72,12.9,0.71,62.6,0.83,13.58,0.84,19.3,0.17,13.58,0.16,19.3,0.28,12.9,0.29,62.6,0.11,0.11,0.095605,1776183995000
1776183996.974,96.974,0.72,12.9,0.71,62.6,0.83,13.58,0.84,19.3,0.17,13.58,0.16,19.3,0.28,12.9,0.29,62.6,0.11,0.11,0.095613,1776183996000
1776183998.031,98.031,0.72,12.9,0.71,62.6,0.83,13.58,0.84,19.3,0.17,13.58,0.16,19.3,0.28,12.9,0.29,62.6,0.11,0.11,0.095612,1776183997000
1776183999.096,99.096,0.72,12.9,0.71,62.6,0.83,13.58,0.84,19.3,0.17,13.58,0.16,19.3,0.28,12.9,0.29,62.6,0.11,0.11,0.095611,1776183998000
1776184000.139,100.139,0.72,12.9,0.71,62.6,0.83,13.58,0.84,19.3,0.17,13.58,0.16,19.3,0.28,12.9,0.29,62.6,0.11,0.11,0.095614,1776183999000
1776184001.112,101.112,0.72,12.9,0.71,62.6,0.83,13.58,0.84,19.3,0.17,13.58,0.16,19.3,0.28,12.9,0.29,62.6,0.11,0.11,0.095612,1776184000000
1776184002.28,102.28,0.72,12.9,0.71,62.6,0.83,13.58,0.84,19.3,0.17,13.58,0.16,19.3,0.28,12.9,0.29,62.6,0.11,0.11,0.095613,1776184001000
1776184004.004,104.004,0.72,12.9,0.71,62.6,0.83,13.58,0.84,19.3,0.17,13.58,0.16,19.3,0.28,12.9,0.29,62.6,0.11,0.11,0.095614,1776184002000
1776184004.851,104.851,0.72,12.9,0.71,62.6,0.83,13.58,0.84,19.3,0.17,13.58,0.16,19.3,0.28,12.9,0.29,62.6,0.11,0.11,0.095617,1776184003000
1776184005.562,105.562,0.78,21.2,0.77,14.7,0.89,26.6,0.9,38.9,0.11,26.6,0.1,38.9,0.22,21.2,0.23,14.7,0.11,0.11,0.095617,1776184004000
1776184006.284,106.284,0.78,21.2,0.77,14.7,0.89,26.6,0.9,38.9,0.11,26.6,0.1,38.9,0.22,21.2,0.23,14.7,0.11,0.11,0.09562,1776184005000
1776184007.701,107.701,0.78,21.2,0.77,14.7,0.89,26.6,0.9,38.9,0.11,26.6,0.1,38.9,0.22,21.2,0.23,14.7,0.11,0.11,0.095636,1776184006000
1776184008.183,108.183,0.78,21.2,0.77,14.7,0.89,26.6,0.9,38.9,0.11,26.6,0.1,38.9,0.22,21.2,0.23,14.7,0.11,0.11,0.095653,1776184007000
1776184009.687,109.687,0.78,21.2,0.77,14.7,0.89,26.6,0.9,38.9,0.11,26.6,0.1,38.9,0.22,21.2,0.23,14.7,0.11,0.11,0.095645,1776184008000
1776184010.516,110.516,0.78,21.2,0.77,14.7,0.89,26.6,0.9,38.9,0.11,26.6,0.1,38.9,0.22,21.2,0.23,14.7,0.11,0.11,0.095646,1776184009000
1776184011.11,111.11,0.78,21.2,0.77,14.7,0.89,26.6,0.9,38.9,0.11,26.6,0.1,38.9,0.22,21.2,0.23,14.7,0.11,0.11,0.095647,1776184010000
1776184012.952,112.952,0.78,21.2,0.77,14.7,0.89,26.6,0.9,38.9,0.11,26.6,0.1,38.9,0.22,21.2,0.23,14.7,0.11,0.11,0.095652,1776184011000
1776184013.603,113.603,0.78,21.2,0.77,14.7,0.89,26.6,0.9,38.9,0.11,26.6,0.1,38.9,0.22,21.2,0.23,14.7,0.11,0.11,0.095654,1776184012000
1776184014.748,114.748,0.78,21.2,0.77,14.7,0.89,26.6,0.9,38.9,0.11,26.6,0.1,38.9,0.22,21.2,0.23,14.7,0.11,0.11,0.095662,1776184013000
1776184015.336,115.336,0.78,21.2,0.77,14.7,0.89,26.6,0.9,38.9,0.11,26.6,0.1,38.9,0.22,21.2,0.23,14.7,0.11,0.11,0.095672,1776184014000
1776184016.155,116.155,0.78,21.2,0.77,14.7,0.89,26.6,0.9,38.9,0.11,26.6,0.1,38.9,0.22,21.2,0.23,14.7,0.11,0.11,0.095673,1776184015000
1776184017.65,117.65,0.78,21.2,0.77,14.7,0.89,26.6,0.9,38.9,0.11,26.6,0.1,38.9,0.22,21.2,0.23,14.7,0.11,0.11,0.095674,1776184016000
1776184018.319,118.319,0.78,21.2,0.77,14.7,0.89,26.6,0.9,38.9,0.11,26.6,0.1,38.9,0.22,21.2,0.23,14.7,0.11,0.11,0.095676,1776184017000
1776184019.058,119.058,0.8,6.0,0.79,15.7,0.91,40.02,0.92,45.29,0.11,26.6,0.1,38.9,0.22,21.2,0.23,14.7,0.11,0.11,0.095676,1776184017000
1776184019.762,119.762,0.8,6.0,0.79,15.7,0.91,40.02,0.92,45.29,0.09,40.02,0.08,45.29,0.2,6.0,0.21,15.7,0.11,0.11,0.095659,1776184018000
1776184020.442,120.442,0.8,6.0,0.79,15.7,0.91,40.02,0.92,45.29,0.09,40.02,0.08,45.29,0.2,6.0,0.21,15.7,0.11,0.11,0.095644,1776184019000
1776184021.245,121.245,0.8,6.0,0.79,15.7,0.91,40.02,0.92,45.29,0.09,40.02,0.08,45.29,0.2,6.0,0.21,15.7,0.11,0.11,0.095641,1776184020000
1776184023.082,123.082,0.8,6.0,0.79,15.7,0.91,40.02,0.92,45.29,0.09,40.02,0.08,45.29,0.2,6.0,0.21,15.7,0.11,0.11,0.095636,1776184022000
1776184024.045,124.045,0.8,6.0,0.79,15.7,0.91,40.02,0.92,45.29,0.09,40.02,0.08,45.29,0.2,6.0,0.21,15.7,0.11,0.11,0.095642,1776184023000
1776184025.027,125.027,0.8,6.0,0.79,15.7,0.91,40.02,0.92,45.29,0.09,40.02,0.08,45.29,0.2,6.0,0.21,15.7,0.11,0.11,0.095643,1776184024000
1776184025.981,125.981,0.8,6.0,0.79,15.7,0.91,40.02,0.92,45.29,0.09,40.02,0.08,45.29,0.2,6.0,0.21,15.7,0.11,0.11,0.095643,1776184025000
1776184026.94,126.94,0.8,6.0,0.79,15.7,0.91,40.02,0.92,45.29,0.09,40.02,0.08,45.29,0.2,6.0,0.21,15.7,0.11,0.11,0.095649,1776184026000
1776184027.995,127.995,0.8,6.0,0.79,15.7,0.91,40.02,0.92,45.29,0.09,40.02,0.08,45.29,0.2,6.0,0.21,15.7,0.11,0.11,0.095651,1776184027000
1776184028.879,128.879,0.8,6.0,0.79,15.7,0.91,40.02,0.92,45.29,0.09,40.02,0.08,45.29,0.2,6.0,0.21,15.7,0.11,0.11,0.095651,1776184028000
1776184029.989,129.989,0.8,6.0,0.79,15.7,0.91,40.02,0.92,45.29,0.09,40.02,0.08,45.29,0.2,6.0,0.21,15.7,0.11,0.11,0.095655,1776184029000
1776184030.824,130.824,0.8,6.0,0.79,15.7,0.91,40.02,0.92,45.29,0.09,40.02,0.08,45.29,0.2,6.0,0.21,15.7,0.11,0.11,0.095655,1776184030000
1776184031.835,131.835,0.8,6.0,0.79,15.7,0.91,40.02,0.92,45.29,0.09,40.02,0.08,45.29,0.2,6.0,0.21,15.7,0.11,0.11,0.095642,1776184031000
1776184033.32,133.32,0.8,6.0,0.79,15.7,0.91,40.02,0.92,45.29,0.09,40.02,0.08,45.29,0.2,6.0,0.21,15.7,0.11,0.11,0.095636,1776184032000
1776184034.275,134.275,0.8,6.0,0.79,15.7,0.91,40.02,0.92,45.29,0.09,40.02,0.08,45.29,0.2,6.0,0.21,15.7,0.11,0.11,0.095632,1776184033000
1776184035.795,135.795,0.8,6.0,0.79,15.7,0.91,40.02,0.92,45.29,0.09,40.02,0.08,45.29,0.2,6.0,0.21,15.7,0.11,0.11,0.095633,1776184034000
1776184036.316,136.316,0.8,6.0,0.79,15.7,0.91,40.02,0.92,45.29,0.09,40.02,0.08,45.29,0.2,6.0,0.21,15.7,0.11,0.11,0.095633,1776184035000
1776184037.399,137.399,0.8,6.0,0.79,15.7,0.91,40.02,0.92,45.29,0.09,40.02,0.08,45.29,0.2,6.0,0.21,15.7,0.11,0.11,0.095645,1776184036000
1776184038.034,138.034,0.8,6.0,0.79,15.7,0.91,40.02,0.92,45.29,0.09,40.02,0.08,45.29,0.2,6.0,0.21,15.7,0.11,0.11,0.095654,1776184037000
1776184039.075,139.075,0.8,6.0,0.79,15.7,0.91,40.02,0.92,45.29,0.09,40.02,0.08,45.29,0.2,6.0,0.21,15.7,0.11,0.11,0.095658,1776184038000
1776184039.715,139.715,0.89,26.6,0.88,24.6,0.96,71.63,0.97,89.3,0.09,40.02,0.08,45.29,0.2,6.0,0.21,15.7,0.07,0.11,0.095658,1776184038000
1776184040.059,140.059,0.89,26.6,0.88,24.6,0.96,71.63,0.97,89.3,0.04,71.63,0.03,89.3,0.11,26.6,0.12,24.6,0.07,0.07,0.09566,1776184039000
1776184041.283,141.283,0.89,26.6,0.88,24.6,0.96,71.63,0.97,89.3,0.04,71.63,0.03,89.3,0.11,26.6,0.12,24.6,0.07,0.07,0.095655,1776184040000
1776184042.298,142.298,0.89,26.6,0.88,24.6,0.96,71.63,0.97,89.3,0.04,71.63,0.03,89.3,0.11,26.6,0.12,24.6,0.07,0.07,0.095705,1776184041000
1776184043.346,143.346,0.89,26.6,0.88,24.6,0.96,71.63,0.97,89.3,0.04,71.63,0.03,89.3,0.11,26.6,0.12,24.6,0.07,0.07,0.095718,1776184042000
1776184044.361,144.361,0.89,26.6,0.88,24.6,0.96,71.63,0.97,89.3,0.04,71.63,0.03,89.3,0.11,26.6,0.12,24.6,0.07,0.07,0.095726,1776184043000
1776184045.043,145.043,0.89,26.6,0.88,24.6,0.96,71.63,0.97,89.3,0.04,71.63,0.03,89.3,0.11,26.6,0.12,24.6,0.07,0.07,0.095726,1776184044000
1776184045.965,145.965,0.89,26.6,0.88,24.6,0.96,71.63,0.97,89.3,0.04,71.63,0.03,89.3,0.11,26.6,0.12,24.6,0.07,0.07,0.095729,1776184045000
1776184046.913,146.913,0.89,26.6,0.88,24.6,0.96,71.63,0.97,89.3,0.04,71.63,0.03,89.3,0.11,26.6,0.12,24.6,0.07,0.07,0.095729,1776184046000
1776184048.019,148.019,0.89,26.6,0.88,24.6,0.96,71.63,0.97,89.3,0.04,71.63,0.03,89.3,0.11,26.6,0.12,24.6,0.07,0.07,0.095725,1776184047000
1776184048.433,148.433,0.94,27.55,0.93,45.28,0.96,0.8,0.97,89.3,0.04,0.8,0.03,89.3,0.06,46.1,0.07,45.28,0.02,0.02,0.095725,1776184047000
1776184048.701,148.701,0.94,27.55,0.93,45.28,0.97,89.3,0.98,147.69,0.04,0.8,0.03,89.3,0.06,27.55,0.07,45.28,0.03,0.02,0.095725,1776184047000
1776184049.881,149.881,0.94,27.55,0.93,45.28,0.97,89.3,0.98,147.69,0.03,89.3,0.02,147.69,0.06,27.55,0.07,45.28,0.03,0.03,0.095732,1776184048000
1776184050.86,150.86,0.94,27.55,0.93,45.28,0.97,89.3,0.98,147.69,0.03,89.3,0.02,147.69,0.06,27.55,0.07,45.28,0.03,0.03,0.095729,1776184049000
1776184051.934,151.934,0.94,27.55,0.93,45.28,0.97,89.3,0.98,147.69,0.03,89.3,0.02,147.69,0.06,27.55,0.07,45.28,0.03,0.03,0.09573,1776184050000
1776184052.749,152.749,0.94,27.55,0.93,45.28,0.97,89.3,0.98,147.69,0.03,89.3,0.02,147.69,0.06,27.55,0.07,45.28,0.03,0.03,0.095737,1776184051000
1776184053.465,153.465,0.94,27.55,0.93,45.28,0.97,89.3,0.98,147.69,0.03,89.3,0.02,147.69,0.06,27.55,0.07,45.28,0.03,0.03,0.095736,1776184052000
1776184054.072,154.072,0.94,27.55,0.93,45.28,0.97,89.3,0.98,147.69,0.03,89.3,0.02,147.69,0.06,27.55,0.07,45.28,0.03,0.03,0.095736,1776184053000
1776184055.025,155.025,0.95,5.0,0.94,27.55,0.97,88.26,0.98,147.69,0.03,89.3,0.02,147.69,0.06,27.55,0.07,45.28,0.02,0.03,0.095736,1776184053000
1776184055.529,155.529,0.95,5.0,0.94,27.55,0.97,88.26,0.98,147.69,0.03,88.26,0.02,147.69,0.05,5.0,0.06,27.55,0.02,0.02,0.095741,1776184054000
1776184056.18,156.18,0.95,5.0,0.94,27.55,0.97,88.26,0.98,147.69,0.03,88.26,0.02,147.69,0.05,5.0,0.06,27.55,0.02,0.02,0.09574,1776184055000
1776184058.21,158.21,0.95,5.0,0.94,27.55,0.97,88.26,0.98,147.69,0.03,88.26,0.02,147.69,0.05,5.0,0.06,27.55,0.02,0.02,0.095723,1776184056000
1776184058.939,158.939,0.95,5.0,0.94,27.55,0.97,88.26,0.98,147.69,0.03,88.26,0.02,147.69,0.05,5.0,0.06,27.55,0.02,0.02,0.095722,1776184057000
1776184059.595,159.595,0.95,5.0,0.94,27.55,0.97,88.26,0.98,147.69,0.03,88.26,0.02,147.69,0.05,5.0,0.06,27.55,0.02,0.02,0.095718,1776184058000
1776184060.268,160.268,0.95,5.0,0.94,27.55,0.97,88.26,0.98,147.69,0.03,88.26,0.02,147.69,0.05,5.0,0.06,27.55,0.02,0.02,0.095718,1776184059000
1776184061.095,161.095,0.95,5.0,0.94,27.55,0.97,88.26,0.98,147.69,0.03,88.26,0.02,147.69,0.05,5.0,0.06,27.55,0.02,0.02,0.095713,1776184060000
1776184062.604,162.604,0.95,5.0,0.94,27.55,0.97,88.26,0.98,147.69,0.03,88.26,0.02,147.69,0.05,5.0,0.06,27.55,0.02,0.02,0.095711,1776184061000
1776184063.154,163.154,0.95,5.0,0.94,27.55,0.97,88.26,0.98,147.69,0.03,88.26,0.02,147.69,0.05,5.0,0.06,27.55,0.02,0.02,0.095711,1776184062000
1776184064.416,164.416,0.95,5.0,0.94,27.55,0.97,88.26,0.98,147.69,0.03,88.26,0.02,147.69,0.05,5.0,0.06,27.55,0.02,0.02,0.095706,1776184063000
1776184065.241,165.241,0.95,5.0,0.94,27.55,0.97,88.26,0.98,147.69,0.03,88.26,0.02,147.69,0.05,5.0,0.06,27.55,0.02,0.02,0.095706,1776184064000
1776184066.432,166.432,0.95,5.0,0.94,27.55,0.97,88.26,0.98,147.69,0.03,88.26,0.02,147.69,0.05,5.0,0.06,27.55,0.02,0.02,0.095707,1776184065000
1776184067.275,167.275,0.95,5.0,0.94,27.55,0.97,88.26,0.98,147.69,0.03,88.26,0.02,147.69,0.05,5.0,0.06,27.55,0.02,0.02,0.095706,1776184066000
1776184069.303,169.303,0.95,5.0,0.94,27.55,0.97,88.26,0.98,147.69,0.03,88.26,0.02,147.69,0.05,5.0,0.06,27.55,0.02,0.02,0.095693,1776184068000
1776184070.416,170.416,0.95,5.0,0.94,27.55,0.97,88.26,0.98,147.69,0.03,88.26,0.02,147.69,0.05,5.0,0.06,27.55,0.02,0.02,0.095675,1776184069000
1776184071.015,171.015,0.95,5.0,0.94,27.55,0.97,88.26,0.98,147.69,0.03,88.26,0.02,147.69,0.05,5.0,0.06,27.55,0.02,0.02,0.095672,1776184070000
1776184072.176,172.176,0.95,5.0,0.94,27.55,0.97,88.26,0.98,147.69,0.03,88.26,0.02,147.69,0.05,5.0,0.06,27.55,0.02,0.02,0.095669,1776184071000
1776184073.277,173.277,0.95,5.0,0.94,27.55,0.97,88.26,0.98,147.69,0.03,88.26,0.02,147.69,0.05,5.0,0.06,27.55,0.02,0.02,0.095668,1776184072000
1776184074.487,174.487,0.95,5.0,0.94,27.55,0.97,88.26,0.98,147.69,0.03,88.26,0.02,147.69,0.05,5.0,0.06,27.55,0.02,0.02,0.095666,1776184073000
1776184075.099,175.099,0.95,5.0,0.94,27.55,0.97,88.26,0.98,147.69,0.03,88.26,0.02,147.69,0.05,5.0,0.06,27.55,0.02,0.02,0.095666,1776184074000
1776184076.184,176.184,0.95,5.0,0.94,27.55,0.97,88.26,0.98,147.69,0.03,88.26,0.02,147.69,0.05,5.0,0.06,27.55,0.02,0.02,0.095668,1776184075000
1776184077.254,177.254,0.95,5.0,0.94,27.55,0.97,88.26,0.98,147.69,0.03,88.26,0.02,147.69,0.05,5.0,0.06,27.55,0.02,0.02,0.095666,1776184076000
1776184078.379,178.379,0.95,5.0,0.94,27.55,0.97,88.26,0.98,147.69,0.03,88.26,0.02,147.69,0.05,5.0,0.06,27.55,0.02,0.02,0.095651,1776184077000
1776184079.457,179.457,0.95,5.0,0.94,27.55,0.97,88.26,0.98,147.69,0.03,88.26,0.02,147.69,0.05,5.0,0.06,27.55,0.02,0.02,0.095642,1776184078000
1776184080.034,180.034,0.95,5.0,0.94,27.55,0.97,88.26,0.98,147.69,0.03,88.26,0.02,147.69,0.05,5.0,0.06,27.55,0.02,0.02,0.095642,1776184079000
1776184081.264,181.264,0.95,5.0,0.94,27.55,0.97,88.26,0.98,147.69,0.03,88.26,0.02,147.69,0.05,5.0,0.06,27.55,0.02,0.02,0.095666,1776184080000
1776184082.43,182.43,0.95,5.0,0.94,27.55,0.97,88.26,0.98,147.69,0.03,88.26,0.02,147.69,0.05,5.0,0.06,27.55,0.02,0.02,0.095672,1776184081000
1776184082.977,182.977,0.95,5.0,0.94,27.55,0.97,88.26,0.98,147.69,0.03,88.26,0.02,147.69,0.05,5.0,0.06,27.55,0.02,0.02,0.095672,1776184082000
1776184083.79,183.79,0.95,5.0,0.88,24.6,0.96,71.86,0.97,93.26,0.03,88.26,0.02,147.69,0.05,5.0,0.06,27.55,0.01,0.02,0.095672,1776184082000
1776184084.399,184.399,0.95,5.0,0.88,24.6,0.96,71.86,0.97,93.26,0.04,71.86,0.03,93.26,0.05,5.0,0.12,24.6,0.01,0.01,0.09568,1776184083000
1776184085.025,185.025,0.95,5.0,0.88,24.6,0.96,71.86,0.97,93.26,0.04,71.86,0.03,93.26,0.05,5.0,0.12,24.6,0.01,0.01,0.09568,1776184084000
1776184086.048,186.048,0.95,5.0,0.88,24.6,0.96,71.86,0.97,93.26,0.04,71.86,0.03,93.26,0.05,5.0,0.12,24.6,0.01,0.01,0.095658,1776184085000
1776184087.078,187.078,0.95,5.0,0.88,24.6,0.96,71.86,0.97,93.26,0.04,71.86,0.03,93.26,0.05,5.0,0.12,24.6,0.01,0.01,0.095649,1776184086000
1776184088.273,188.273,0.95,5.0,0.92,163.0,0.96,28.11,0.97,93.26,0.04,28.11,0.03,93.26,0.05,5.0,0.08,163.0,0.01,0.01,0.095642,1776184087000
1776184089.191,189.191,0.95,5.0,0.92,163.0,0.96,28.11,0.97,93.26,0.04,28.11,0.03,93.26,0.05,5.0,0.08,163.0,0.01,0.01,0.095642,1776184088000
1776184090.172,190.172,0.95,5.0,0.92,163.0,0.96,28.11,0.97,93.26,0.04,28.11,0.03,93.26,0.05,5.0,0.08,163.0,0.01,0.01,0.095642,1776184089000
1776184091.306,191.306,0.95,5.0,0.92,163.0,0.96,28.11,0.97,93.26,0.04,28.11,0.03,93.26,0.05,5.0,0.08,163.0,0.01,0.01,0.095643,1776184090000
1776184092.296,192.296,0.95,5.0,0.92,163.0,0.96,28.11,0.97,93.26,0.04,28.11,0.03,93.26,0.05,5.0,0.08,163.0,0.01,0.01,0.095629,1776184091000
1776184093.228,193.228,0.95,5.0,0.92,163.0,0.96,28.11,0.97,93.26,0.04,28.11,0.03,93.26,0.05,5.0,0.08,163.0,0.01,0.01,0.095632,1776184092000
1776184094.38,194.38,0.95,5.0,0.92,163.0,0.96,28.11,0.97,93.26,0.04,28.11,0.03,93.26,0.05,5.0,0.08,163.0,0.01,0.01,0.095642,1776184093000
1776184094.876,194.876,0.95,5.0,0.92,163.0,0.96,28.11,0.97,93.26,0.04,28.11,0.03,93.26,0.05,5.0,0.08,163.0,0.01,0.01,0.095642,1776184094000
1776184095.878,195.878,0.95,5.0,0.92,163.0,0.96,28.11,0.97,93.26,0.04,28.11,0.03,93.26,0.05,5.0,0.08,163.0,0.01,0.01,0.095628,1776184095000
1776184097.404,197.404,0.95,5.0,0.92,163.0,0.96,28.11,0.97,93.26,0.04,28.11,0.03,93.26,0.05,5.0,0.08,163.0,0.01,0.01,0.095609,1776184096000
1776184097.911,197.911,0.95,5.0,0.92,163.0,0.96,28.11,0.97,93.26,0.04,28.11,0.03,93.26,0.05,5.0,0.08,163.0,0.01,0.01,0.095609,1776184097000
1776184099.101,199.101,0.95,5.0,0.92,163.0,0.96,28.11,0.97,93.26,0.04,28.11,0.03,93.26,0.05,5.0,0.08,163.0,0.01,0.01,0.095609,1776184098000
1776184100.114,200.114,0.95,5.0,0.92,163.0,0.96,28.11,0.97,93.26,0.04,28.11,0.03,93.26,0.05,5.0,0.08,163.0,0.01,0.01,0.095607,1776184099000
1776184101.175,201.175,0.95,5.0,0.92,163.0,0.96,28.11,0.97,93.26,0.04,28.11,0.03,93.26,0.05,5.0,0.08,163.0,0.01,0.01,0.095607,1776184100000
1776184102.18,202.18,0.95,5.0,0.92,163.0,0.96,28.11,0.97,93.26,0.04,28.11,0.03,93.26,0.05,5.0,0.08,163.0,0.01,0.01,0.095608,1776184101000
1776184103.235,203.235,0.95,5.0,0.92,163.0,0.96,28.11,0.97,93.26,0.04,28.11,0.03,93.26,0.05,5.0,0.08,163.0,0.01,0.01,0.095605,1776184102000
1776184104.249,204.249,0.95,5.0,0.92,163.0,0.96,28.11,0.97,93.26,0.04,28.11,0.03,93.26,0.05,5.0,0.08,163.0,0.01,0.01,0.095604,1776184103000
1776184105.295,205.295,0.95,5.0,0.92,163.0,0.96,28.11,0.97,93.26,0.04,28.11,0.03,93.26,0.05,5.0,0.08,163.0,0.01,0.01,0.095603,1776184104000
1776184105.932,205.932,0.95,5.0,0.92,163.0,0.96,28.11,0.97,93.26,0.04,28.11,0.03,93.26,0.05,5.0,0.08,163.0,0.01,0.01,0.095605,1776184105000
1776184106.877,206.877,0.95,5.0,0.92,163.0,0.96,28.11,0.97,93.26,0.04,28.11,0.03,93.26,0.05,5.0,0.08,163.0,0.01,0.01,0.09561,1776184106000
1776184107.932,207.932,0.95,5.0,0.92,163.0,0.96,28.11,0.97,93.26,0.04,28.11,0.03,93.26,0.05,5.0,0.08,163.0,0.01,0.01,0.095618,1776184107000
1776184109.036,209.036,0.95,5.0,0.92,163.0,0.96,28.11,0.97,93.26,0.04,28.11,0.03,93.26,0.05,5.0,0.08,163.0,0.01,0.01,0.095634,1776184108000
1776184110.147,210.147,0.95,5.0,0.92,163.0,0.96,28.11,0.97,93.26,0.04,28.11,0.03,93.26,0.05,5.0,0.08,163.0,0.01,0.01,0.095634,1776184109000
1776184111.546,211.546,0.95,5.0,0.92,163.0,0.96,28.11,0.97,93.26,0.04,28.11,0.03,93.26,0.05,5.0,0.08,163.0,0.01,0.01,0.095635,1776184110000
1776184112.588,212.588,0.95,5.0,0.92,163.0,0.96,28.11,0.97,93.26,0.04,28.11,0.03,93.26,0.05,5.0,0.08,163.0,0.01,0.01,0.095633,1776184111000
1776184113.391,213.391,0.95,5.0,0.92,163.0,0.96,28.11,0.97,93.26,0.04,28.11,0.03,93.26,0.05,5.0,0.08,163.0,0.01,0.01,0.095631,1776184112000
1776184114.052,214.052,0.95,5.0,0.92,163.0,0.96,17.27,0.97,88.26,0.04,17.27,0.03,88.26,0.05,5.0,0.08,163.0,0.01,0.01,0.095631,1776184113000
1776184115.648,215.648,0.95,5.0,0.92,163.0,0.96,17.27,0.97,88.26,0.04,17.27,0.03,88.26,0.05,5.0,0.08,163.0,0.01,0.01,0.09563,1776184114000
1776184116.377,216.377,0.95,5.0,0.92,163.0,0.96,17.27,0.97,88.26,0.04,17.27,0.03,88.26,0.05,5.0,0.08,163.0,0.01,0.01,0.095627,1776184115000
1776184117.192,217.192,0.95,5.0,0.92,163.0,0.96,17.27,0.97,88.26,0.04,17.27,0.03,88.26,0.05,5.0,0.08,163.0,0.01,0.01,0.095627,1776184116000
1776184118.571,218.571,0.95,5.0,0.92,163.0,0.96,11.65,0.97,88.26,0.04,17.27,0.03,88.26,0.05,5.0,0.08,163.0,0.01,0.01,0.095627,1776184116000
1776184119.508,219.508,0.95,5.0,0.92,163.0,0.96,11.65,0.97,88.26,0.04,11.65,0.03,88.26,0.05,5.0,0.08,163.0,0.01,0.01,0.09562,1776184118000
1776184120.247,220.247,0.95,5.0,0.92,163.0,0.96,11.65,0.97,88.26,0.04,11.65,0.03,88.26,0.05,5.0,0.08,163.0,0.01,0.01,0.095616,1776184119000
1776184121.714,221.714,0.95,5.0,0.92,163.0,0.96,11.65,0.97,88.26,0.04,11.65,0.03,88.26,0.05,5.0,0.08,163.0,0.01,0.01,0.095615,1776184120000
1776184122.462,222.462,0.95,5.0,0.92,163.0,0.96,11.65,0.97,88.26,0.04,11.65,0.03,88.26,0.05,5.0,0.08,163.0,0.01,0.01,0.095617,1776184121000
1776184123.271,223.271,0.95,5.0,0.92,163.0,0.96,11.65,0.97,88.26,0.04,11.65,0.03,88.26,0.05,5.0,0.08,163.0,0.01,0.01,0.095616,1776184122000
1776184124.686,224.686,0.95,5.0,0.92,163.0,0.96,11.65,0.97,88.26,0.04,11.65,0.03,88.26,0.05,5.0,0.08,163.0,0.01,0.01,0.095616,1776184123000
1776184125.572,225.572,0.95,5.0,0.92,163.0,0.96,11.65,0.97,88.26,0.04,11.65,0.03,88.26,0.05,5.0,0.08,163.0,0.01,0.01,0.095613,1776184124000
1776184126.194,226.194,0.95,5.0,0.92,163.0,0.96,11.65,0.97,88.26,0.04,11.65,0.03,88.26,0.05,5.0,0.08,163.0,0.01,0.01,0.095613,1776184125000
1776184127.685,227.685,0.95,5.0,0.92,163.0,0.96,11.65,0.97,88.26,0.04,11.65,0.03,88.26,0.05,5.0,0.08,163.0,0.01,0.01,0.095609,1776184126000
1776184128.326,228.326,0.95,5.0,0.92,163.0,0.96,11.65,0.97,88.26,0.04,11.65,0.03,88.26,0.05,5.0,0.08,163.0,0.01,0.01,0.095611,1776184127000
1776184128.979,228.979,0.95,5.0,0.92,163.0,0.96,11.65,0.97,88.26,0.04,11.65,0.03,88.26,0.05,5.0,0.08,163.0,0.01,0.01,0.095611,1776184128000
1776184130.637,230.637,0.95,5.0,0.92,163.0,0.96,11.65,0.97,88.26,0.04,11.65,0.03,88.26,0.05,5.0,0.08,163.0,0.01,0.01,0.095608,1776184129000
1776184131.236,231.236,0.95,5.0,0.92,163.0,0.96,11.65,0.97,88.26,0.04,11.65,0.03,88.26,0.05,5.0,0.08,163.0,0.01,0.01,0.095608,1776184130000
1776184132.275,232.275,0.95,5.0,0.92,163.0,0.96,11.65,0.97,88.26,0.04,11.65,0.03,88.26,0.05,5.0,0.08,163.0,0.01,0.01,0.095604,1776184131000
1776184133.382,233.382,0.95,5.0,0.92,163.0,0.96,11.65,0.97,88.26,0.04,11.65,0.03,88.26,0.05,5.0,0.08,163.0,0.01,0.01,0.095603,1776184132000
1776184134.0,234.0,0.95,5.0,0.92,163.0,0.96,11.65,0.97,88.26,0.04,11.65,0.03,88.26,0.05,5.0,0.08,163.0,0.01,0.01,0.095603,1776184133000
1776184135.239,235.239,0.95,5.0,0.92,163.0,0.96,11.65,0.97,88.26,0.04,11.65,0.03,88.26,0.05,5.0,0.08,163.0,0.01,0.01,0.095596,1776184134000
1776184136.251,236.251,0.92,163.0,0.9,28.9,0.95,49.43,0.96,1.65,0.05,49.43,0.04,1.65,0.08,163.0,0.1,28.9,0.03,0.03,0.095598,1776184135000
1776184137.358,237.358,0.92,163.0,0.9,28.9,0.95,49.43,0.96,1.65,0.05,49.43,0.04,1.65,0.08,163.0,0.1,28.9,0.03,0.03,0.095598,1776184136000
1776184137.985,237.985,0.92,163.0,0.9,28.9,0.95,49.43,0.96,1.65,0.05,49.43,0.04,1.65,0.08,163.0,0.1,28.9,0.03,0.03,0.095597,1776184137000
1776184139.055,239.055,0.92,163.0,0.9,28.9,0.95,49.43,0.96,1.65,0.05,49.43,0.04,1.65,0.08,163.0,0.1,28.9,0.03,0.03,0.095598,1776184138000
1776184140.146,240.146,0.92,163.0,0.9,28.9,0.95,49.43,0.96,1.65,0.05,49.43,0.04,1.65,0.08,163.0,0.1,28.9,0.03,0.03,0.0956,1776184139000
1776184141.306,241.306,0.92,163.0,0.9,28.9,0.95,49.43,0.96,1.65,0.05,49.43,0.04,1.65,0.08,163.0,0.1,28.9,0.03,0.03,0.0956,1776184140000
1776184142.544,242.544,0.92,163.0,0.9,28.9,0.95,38.9,0.96,1.65,0.05,38.9,0.04,1.65,0.08,163.0,0.1,28.9,0.03,0.03,0.095601,1776184141000
1776184142.866,242.866,0.92,198.29,0.91,31.7,0.93,10.0,0.94,17.0,0.05,38.9,0.04,1.65,0.08,163.0,0.1,28.9,0.01,0.03,0.095601,1776184141000
1776184143.147,243.147,0.92,198.29,0.91,31.7,0.93,10.0,0.94,17.0,0.07,10.0,0.06,17.0,0.08,198.29,0.09,31.7,0.01,0.01,0.0956,1776184142000
1776184144.279,244.279,0.92,198.29,0.91,31.7,0.93,10.0,0.94,17.0,0.07,10.0,0.06,17.0,0.08,198.29,0.09,31.7,0.01,0.01,0.095616,1776184143000
1776184145.153,245.153,0.92,198.29,0.91,31.7,0.93,10.0,0.94,17.0,0.07,10.0,0.06,17.0,0.08,198.29,0.09,31.7,0.01,0.01,0.095617,1776184144000
1776184146.309,246.309,0.92,198.29,0.91,31.7,0.93,10.0,0.94,17.0,0.07,10.0,0.06,17.0,0.08,198.29,0.09,31.7,0.01,0.01,0.09561,1776184145000
1776184147.374,247.374,0.92,198.29,0.91,31.7,0.93,10.0,0.94,17.0,0.07,10.0,0.06,17.0,0.08,198.29,0.09,31.7,0.01,0.01,0.095614,1776184146000
1776184147.868,247.868,0.92,198.29,0.91,31.7,0.93,10.0,0.94,17.0,0.07,10.0,0.06,17.0,0.08,198.29,0.09,31.7,0.01,0.01,0.095619,1776184147000
1776184149.033,249.033,0.92,198.29,0.91,31.7,0.93,10.0,0.94,17.0,0.07,10.0,0.06,17.0,0.08,198.29,0.09,31.7,0.01,0.01,0.095653,1776184148000
1776184150.003,250.003,0.92,198.29,0.91,31.7,0.93,10.0,0.94,17.0,0.07,10.0,0.06,17.0,0.08,198.29,0.09,31.7,0.01,0.01,0.095662,1776184149000
1776184150.439,250.439,0.97,94.3,0.96,72.7,0.98,4.8,0.99,497.6,0.07,10.0,0.06,17.0,0.08,198.29,0.09,31.7,0.01,0.01,0.095662,1776184149000
1776184151.112,251.112,0.97,94.3,0.96,72.7,0.99,497.3,,,0.01,497.3,,,0.03,94.3,0.04,72.7,0.02,0.02,0.095664,1776184150000
1776184151.647,251.647,0.98,5.0,0.97,94.3,0.99,492.3,,,0.01,497.3,,,0.03,94.3,0.04,72.7,0.01,0.02,0.095664,1776184150000
1776184152.065,252.065,0.98,5.0,0.97,94.3,0.99,492.3,,,0.01,492.3,,,0.02,5.0,0.03,94.3,0.01,0.01,0.095664,1776184151000
1776184152.291,252.291,0.98,5.0,0.97,94.3,0.99,391.28,,,0.01,492.3,,,0.02,5.0,0.03,94.3,0.01,0.01,0.095664,1776184151000
1776184153.136,253.136,0.98,5.0,0.97,94.3,0.99,391.28,,,0.01,391.28,,,0.02,5.0,0.03,94.3,0.01,0.01,0.095652,1776184152000
1776184154.155,254.155,0.98,5.0,0.97,94.3,0.99,391.28,,,0.01,391.28,,,0.02,5.0,0.03,94.3,0.01,0.01,0.095646,1776184153000
1776184155.172,255.172,0.98,5.0,0.97,94.3,0.99,391.28,,,0.01,391.28,,,0.02,5.0,0.03,94.3,0.01,0.01,0.09565,1776184154000
1776184156.211,256.211,0.98,5.0,0.97,94.3,0.99,391.28,,,0.01,391.28,,,0.02,5.0,0.03,94.3,0.01,0.01,0.095644,1776184155000
1776184156.616,256.616,0.98,137.69,0.97,94.3,0.99,34.16,,,0.01,391.28,,,0.02,5.0,0.03,94.3,0.01,0.01,0.095644,1776184155000
1776184157.218,257.218,0.98,137.69,0.97,94.3,0.99,34.16,,,0.01,34.16,,,0.02,137.69,0.03,94.3,0.01,0.01,0.095643,1776184156000
1776184158.753,258.753,0.98,137.69,0.97,94.3,0.99,34.16,,,0.01,34.16,,,0.02,137.69,0.03,94.3,0.01,0.01,0.095647,1776184157000
1776184159.388,259.388,0.98,137.69,0.97,94.3,0.99,34.16,,,0.01,34.16,,,0.02,137.69,0.03,94.3,0.01,0.01,0.095659,1776184158000
1776184160.224,260.224,0.98,137.69,0.97,94.3,0.99,34.16,,,0.01,34.16,,,0.02,137.69,0.03,94.3,0.01,0.01,0.09566,1776184159000
1776184161.079,261.079,0.98,137.69,0.97,94.3,0.99,31.16,,,0.01,34.16,,,0.02,137.69,0.03,94.3,0.01,0.01,0.09566,1776184159000
1776184161.752,261.752,0.99,53.93,0.98,137.69,,,,,0.01,31.16,,,0.02,137.69,0.03,94.3,,0.01,0.09566,1776184160000
1776184162.076,262.076,0.99,48.98,0.98,137.69,,,,,,,,,0.01,53.93,0.02,137.69,,,0.09566,1776184160000
1776184163.173,263.173,0.99,48.98,0.98,137.69,,,,,,,,,0.01,48.98,0.02,137.69,,,0.095659,1776184162000
1776184164.202,264.202,0.99,48.98,0.98,137.69,,,,,,,,,0.01,48.98,0.02,137.69,,,0.095662,1776184163000
1776184165.063,265.063,0.99,48.98,0.98,137.69,,,,,,,,,0.01,48.98,0.02,137.69,,,0.095664,1776184164000
1776184166.013,266.013,0.99,48.98,0.98,137.69,,,,,,,,,0.01,48.98,0.02,137.69,,,0.095662,1776184165000
1776184167.014,267.014,0.99,48.98,0.98,137.69,,,,,,,,,0.01,48.98,0.02,137.69,,,0.095662,1776184166000
1776184167.953,267.953,0.99,48.98,0.98,137.69,,,,,,,,,0.01,48.98,0.02,137.69,,,0.095646,1776184167000
1776184168.87,268.87,0.99,48.98,0.98,137.69,,,,,,,,,0.01,48.98,0.02,137.69,,,0.095641,1776184168000
1776184169.901,269.901,0.99,48.98,0.98,137.69,,,,,,,,,0.01,48.98,0.02,137.69,,,0.095632,1776184169000
1776184171.475,271.475,0.99,48.98,0.98,137.69,,,,,,,,,0.01,48.98,0.02,137.69,,,0.095637,1776184170000
1776184172.388,272.388,0.99,48.98,0.98,137.69,,,,,,,,,0.01,48.98,0.02,137.69,,,0.095647,1776184171000
1776184172.91,272.91,0.99,48.98,0.98,137.69,,,,,,,,,0.01,48.98,0.02,137.69,,,0.095672,1776184172000
1776184174.126,274.126,0.99,48.98,0.98,137.69,,,,,,,,,0.01,48.98,0.02,137.69,,,0.09568,1776184173000
1776184175.1,275.1,0.99,48.98,0.98,137.69,,,,,,,,,0.01,48.98,0.02,137.69,,,0.095678,1776184174000
1776184176.174,276.174,0.99,48.98,0.98,137.69,,,,,,,,,0.01,48.98,0.02,137.69,,,0.095668,1776184175000
1776184177.15,277.15,0.99,48.98,0.98,137.69,,,,,,,,,0.01,48.98,0.02,137.69,,,0.095669,1776184176000
1776184178.387,278.387,0.99,48.98,0.98,137.69,,,,,,,,,0.01,48.98,0.02,137.69,,,0.095671,1776184177000
1776184179.502,279.502,0.99,48.98,0.98,137.69,,,,,,,,,0.01,48.98,0.02,137.69,,,0.095673,1776184178000
1776184179.956,279.956,0.99,48.98,0.98,137.69,,,,,,,,,0.01,48.98,0.02,137.69,,,0.095673,1776184179000
1776184181.051,281.051,0.99,48.98,0.98,137.69,,,,,,,,,0.01,48.98,0.02,137.69,,,0.095675,1776184180000
1776184182.12,282.12,0.99,48.98,0.98,137.69,,,,,,,,,0.01,48.98,0.02,137.69,,,0.09568,1776184181000
1776184183.168,283.168,0.99,48.98,0.98,137.69,,,,,,,,,0.01,48.98,0.02,137.69,,,0.095679,1776184182000
1776184184.148,284.148,0.99,48.98,0.98,137.69,,,,,,,,,0.01,48.98,0.02,137.69,,,0.095683,1776184183000
1776184185.306,285.306,0.99,48.98,0.98,137.69,,,,,,,,,0.01,48.98,0.02,137.69,,,0.09568,1776184184000
1776184186.294,286.294,0.99,48.98,0.98,137.69,,,,,,,,,0.01,48.98,0.02,137.69,,,0.095681,1776184185000
1776184187.341,287.341,0.99,48.98,0.98,137.69,,,,,,,,,0.01,48.98,0.02,137.69,,,0.095664,1776184186000
1776184187.845,287.845,0.99,48.98,0.98,137.69,,,,,,,,,0.01,48.98,0.02,137.69,,,0.095661,1776184187000
1776184188.9,288.9,0.99,48.98,0.98,137.69,,,,,,,,,0.01,48.98,0.02,137.69,,,0.095652,1776184188000
1776184189.949,289.949,0.99,48.98,0.98,137.69,,,,,,,,,0.01,48.98,0.02,137.69,,,0.09565,1776184189000
1776184190.996,290.996,0.99,48.98,0.98,137.69,,,,,,,,,0.01,48.98,0.02,137.69,,,0.095649,1776184190000
1776184192.12,292.12,0.99,48.98,0.98,137.69,,,,,,,,,0.01,48.98,0.02,137.69,,,0.095651,1776184191000
1776184193.082,293.082,0.99,48.98,0.98,137.69,,,,,,,,,0.01,48.98,0.02,137.69,,,0.095657,1776184192000
1776184194.189,294.189,0.99,48.98,0.98,137.69,,,,,,,,,0.01,48.98,0.02,137.69,,,0.095655,1776184193000
1776184195.166,295.166,0.99,48.98,0.98,137.69,,,,,,,,,0.01,48.98,0.02,137.69,,,0.095656,1776184194000
1776184196.156,296.156,0.99,48.98,0.98,137.69,,,,,,,,,0.01,48.98,0.02,137.69,,,0.095655,1776184195000
1776184197.139,297.139,0.99,48.98,0.98,137.69,,,,,,,,,0.01,48.98,0.02,137.69,,,0.095653,1776184196000
1776184198.731,298.731,0.99,48.98,0.98,137.69,,,,,,,,,0.01,48.98,0.02,137.69,,,0.095635,1776184197000
1776184199.335,299.335,0.99,48.98,0.98,137.69,,,,,,,,,0.01,48.98,0.02,137.69,,,0.09563,1776184198000
1776184200.377,300.377,0.99,48.98,0.98,137.69,,,,,,,,,0.01,48.98,0.02,137.69,,,0.09563,1776184199000
1776184201.035,301.035,0.99,48.98,0.98,137.69,,,,,,,,,0.01,48.98,0.02,137.69,,,0.095626,1776184200000

# RESULT,winner=Up,slug=doge-updown-5m-1776183900,ticks=328
