timestamp,elapsed_sec,up_bid_p1,up_bid_s1,up_bid_p2,up_bid_s2,up_ask_p1,up_ask_s1,up_ask_p2,up_ask_s2,down_bid_p1,down_bid_s1,down_bid_p2,down_bid_s2,down_ask_p1,down_ask_s1,down_ask_p2,down_ask_s2,up_spread,down_spread,doge_price,doge_oracle_ts
1776259500.652,0.652,0.47,21.0,0.46,21.0,0.49,5.0,0.53,21.0,0.51,5.0,0.47,21.0,0.53,21.0,0.54,21.0,0.02,0.02,0.093476,1776259499000
1776259503.916,3.916,0.48,5.0,0.47,79.0,0.55,11.0,0.61,50.0,0.51,5.0,0.47,21.0,0.53,21.0,0.54,21.0,0.07,0.02,0.093504,1776259502000
1776259505.675,5.675,0.61,39.0,0.54,68.0,0.7,10.0,0.71,10.0,0.45,11.0,0.39,50.0,0.52,5.0,0.53,79.0,0.09,0.07,0.093509,1776259504000
1776259508.919,8.919,0.64,5.0,0.63,5.0,0.66,8.48,0.67,10.0,0.3,10.0,0.29,10.0,0.39,39.0,0.46,68.0,0.02,0.09,0.093516,1776259507000
1776259511.193,11.193,0.65,5.0,0.64,5.0,0.67,15.0,0.68,5.0,0.34,8.48,0.33,10.0,0.36,5.0,0.37,5.0,0.02,0.02,0.093502,1776259509000
1776259513.31,13.31,0.66,5.0,0.65,5.0,0.67,9.88,0.68,5.0,0.33,15.0,0.32,5.0,0.35,5.0,0.36,5.0,0.01,0.02,0.093501,1776259512000
1776259514.517,14.517,0.65,5.0,0.64,5.0,0.67,10.0,0.7,5.0,0.33,9.88,0.32,5.0,0.34,5.0,0.35,5.0,0.02,0.01,0.093501,1776259513000
1776259516.259,16.259,0.65,5.0,0.64,5.0,0.67,10.0,0.68,5.0,0.33,10.0,0.3,5.0,0.35,5.0,0.36,5.0,0.02,0.02,0.093499,1776259515000
1776259520.461,20.461,0.69,5.0,0.68,5.0,0.71,10.0,0.72,5.0,0.33,10.0,0.32,5.0,0.35,5.0,0.36,5.0,0.02,0.02,0.093502,1776259519000
1776259522.133,22.133,0.67,5.0,0.66,5.0,0.69,5.0,0.7,5.0,0.29,10.0,0.28,5.0,0.31,5.0,0.32,5.0,0.02,0.02,0.093509,1776259520000
1776259524.55,24.55,0.74,5.0,0.73,5.0,0.76,5.0,0.77,5.0,0.31,5.0,0.3,5.0,0.33,5.0,0.34,5.0,0.02,0.02,0.093507,1776259523000
1776259532.696,32.696,0.71,1.87,0.7,5.0,0.72,5.0,0.73,5.0,0.24,5.0,0.23,5.0,0.26,5.0,0.27,5.0,0.01,0.02,0.093526,1776259530000
1776259541.55,41.55,0.75,3.53,0.74,5.0,0.77,5.0,0.78,5.0,0.28,5.0,0.27,5.0,0.29,1.87,0.3,5.0,0.02,0.01,0.093532,1776259540000
1776259542.501,42.501,0.75,5.0,0.74,5.0,0.77,5.0,0.78,5.0,0.23,5.0,0.22,5.0,0.25,3.53,0.26,5.0,0.02,0.02,0.093531,1776259541000
1776259552.335,52.335,0.88,23.75,0.87,5.0,0.89,100.0,0.91,31.7,0.23,5.0,0.22,5.0,0.25,5.0,0.26,5.0,0.01,0.02,0.093546,1776259551000
1776259554.503,54.503,0.88,18.75,0.87,5.0,0.89,95.0,0.93,39.9,0.11,100.0,0.09,31.7,0.12,23.75,0.13,5.0,0.01,0.01,0.093573,1776259552000
1776259557.169,57.169,0.88,18.75,0.87,5.0,0.89,90.0,0.94,46.1,0.11,95.0,0.07,39.9,0.12,18.75,0.13,5.0,0.01,0.01,0.093601,1776259556000
1776259557.561,57.561,0.88,18.75,0.87,5.0,0.89,85.0,0.94,46.1,0.11,90.0,0.06,46.1,0.12,18.75,0.13,5.0,0.01,0.01,0.093601,1776259556000
1776259558.064,58.064,0.88,18.75,0.87,5.0,0.89,80.0,0.95,59.7,0.11,85.0,0.06,46.1,0.12,18.75,0.13,5.0,0.01,0.01,0.093601,1776259556000
1776259559.667,59.667,0.88,23.75,0.87,5.0,0.89,57.52,0.95,59.7,0.11,80.0,0.05,59.7,0.12,18.75,0.13,5.0,0.01,0.01,0.093607,1776259558000
1776259576.486,76.486,0.94,34.0,0.93,5.0,0.96,76.65,0.97,94.3,0.11,57.52,0.05,59.7,0.12,23.75,0.13,5.0,0.02,0.01,0.093639,1776259575000
1776259620.354,120.354,0.94,80.1,0.93,39.9,0.97,3.75,0.98,157.69,0.04,76.65,0.03,94.3,0.06,34.0,0.07,5.0,0.03,0.02,0.093619,1776259619000
1776259649.299,149.299,0.93,43.87,0.92,53.29,0.94,5.0,0.95,5.0,0.03,3.75,0.02,157.69,0.06,80.1,0.07,39.9,0.01,0.03,0.093615,1776259647000
1776259650.363,150.363,0.93,43.87,0.92,53.29,0.97,3.75,0.98,152.69,0.06,5.0,0.05,5.0,0.07,43.87,0.08,53.29,0.04,0.01,0.093613,1776259649000
1776259655.888,155.888,0.97,94.3,0.96,77.7,0.98,18.88,0.99,392.6,0.03,3.75,0.02,152.69,0.07,43.87,0.08,53.29,0.01,0.04,0.093624,1776259654000
1776259656.145,156.145,0.97,94.3,0.96,77.7,0.99,386.03,,,0.02,18.88,0.01,392.6,0.03,94.3,0.04,77.7,0.02,0.01,0.093624,1776259654000
1776259660.602,160.602,0.98,0.04,0.97,99.3,0.99,386.03,,,0.01,386.03,,,0.03,94.3,0.04,77.7,0.01,0.02,0.093624,1776259658000
1776259676.615,176.615,0.97,99.3,0.96,72.7,0.98,10.7,0.99,386.03,0.01,386.03,,,0.02,0.04,0.03,99.3,0.01,0.01,0.093625,1776259675000
1776259680.714,180.714,0.97,116.82,0.96,72.7,0.99,345.73,,,0.02,10.7,0.01,386.03,0.03,99.3,0.04,72.7,0.02,0.01,0.093625,1776259679000
1776259683.99,183.99,0.98,142.57,0.97,116.82,0.99,83.13,,,0.01,345.73,,,0.03,116.82,0.04,72.7,0.01,0.02,0.093623,1776259682000
1776259685.952,185.952,0.98,142.57,0.97,116.82,0.99,84.08,,,0.01,83.13,,,0.02,142.57,0.03,116.82,0.01,0.01,0.09363,1776259684000
1776259702.679,202.679,0.98,142.57,0.97,111.82,0.99,77.97,,,0.01,84.08,,,0.02,142.57,0.03,116.82,0.01,0.01,0.093634,1776259701000
1776259706.877,206.877,0.98,142.57,0.97,111.82,0.99,49.6,,,0.01,77.97,,,0.02,142.57,0.03,111.82,0.01,0.01,0.093642,1776259705000
1776259709.683,209.683,0.98,142.57,0.97,111.82,0.99,44.6,,,0.01,49.6,,,0.02,142.57,0.03,111.82,0.01,0.01,0.093641,1776259708000
1776259717.308,217.308,0.99,955.4,0.98,137.57,,,,,0.01,44.6,,,0.02,142.57,0.03,111.82,,0.01,0.093645,1776259716000
1776259745.258,245.258,0.99,853.29,0.98,137.57,0.998,50.0,0.999,490.0,,,,,0.01,955.4,0.02,137.57,0.008,,0.093623,1776259743000
1776259746.252,246.252,0.99,853.29,0.98,137.57,0.998,48.99,0.999,490.0,0.002,50.0,0.001,490.0,0.01,853.29,0.02,137.57,0.008,0.008,0.093624,1776259745000
1776259747.078,247.078,0.99,868.29,0.98,137.57,0.998,29.29,0.999,490.0,0.002,39.31,0.001,490.0,0.01,853.29,0.02,137.57,0.008,0.008,0.093624,1776259745000
1776259770.483,270.483,0.991,33.28,0.99,2014.29,0.999,189.95,,,0.002,16.65,0.001,490.0,0.01,868.29,0.02,137.57,0.008,0.008,0.093603,1776259769000
1776259782.638,282.638,0.99,1905.24,0.98,4.88,0.999,189.95,,,0.001,189.95,,,0.009,33.28,0.01,2014.29,0.009,0.008,0.09359,1776259781000
1776259783.152,283.152,0.99,1905.24,0.98,4.88,0.999,188.94,,,0.001,189.95,,,0.01,1905.24,0.02,4.88,0.009,0.009,0.09359,1776259782000
1776259783.437,283.437,0.99,1905.24,0.98,4.88,0.999,183.24,,,0.001,184.25,,,0.01,1905.24,0.02,4.88,0.009,0.009,0.09359,1776259782000
1776259785.139,285.139,0.99,1905.24,0.98,4.88,0.999,173.23,,,0.001,183.24,,,0.01,1905.24,0.02,4.88,0.009,0.009,0.09359,1776259783000
1776259785.445,285.445,0.99,1905.24,0.98,4.88,0.999,168.23,,,0.001,173.23,,,0.01,1905.24,0.02,4.88,0.009,0.009,0.093586,1776259784000
1776259789.455,289.455,0.99,1905.24,0.98,4.88,0.999,163.23,,,0.001,168.23,,,0.01,1905.24,0.02,4.88,0.009,0.009,0.093589,1776259788000
1776259799.179,299.179,0.99,2066.94,0.98,4.88,0.999,63.13,,,0.001,163.23,,,0.01,1905.24,0.02,4.88,0.009,0.009,0.093584,1776259798000
1776259800.104,300.104,0.999,193.88,0.991,10.0,,,,,0.001,63.13,,,0.01,2066.94,0.02,4.88,,0.009,0.093584,1776259798000

# RESULT,winner=Up,slug=doge-updown-5m-1776259500,ticks=47
