timestamp,elapsed_sec,up_bid_p1,up_bid_s1,up_bid_p2,up_bid_s2,up_ask_p1,up_ask_s1,up_ask_p2,up_ask_s2,down_bid_p1,down_bid_s1,down_bid_p2,down_bid_s2,down_ask_p1,down_ask_s1,down_ask_p2,down_ask_s2,up_spread,down_spread,doge_price,doge_oracle_ts
1776219011.212,11.212,,,,,,,,,,,,,,,,,,,0.093451,1776219010000
1776219011.443,11.443,0.43,10.0,0.4,5.0,0.54,15.0,0.56,20.0,0.46,15.0,0.43,10.0,0.57,8.03,0.6,5.0,0.11,0.11,0.093451,1776219010000
1776219011.902,11.902,0.43,10.0,0.4,5.0,0.54,15.0,0.56,20.0,0.46,15.0,0.43,30.0,0.57,5.0,0.58,5.0,0.11,0.11,0.093451,1776219010000
1776219012.263,12.263,0.47,5.0,0.45,5.0,0.57,14.52,0.58,5.0,0.46,15.0,0.43,30.0,0.57,5.0,0.58,5.0,0.1,0.11,0.093451,1776219010000
1776219013.012,13.012,0.47,5.0,0.45,5.0,0.57,14.52,0.58,5.0,0.43,14.52,0.42,5.0,0.53,5.0,0.55,5.0,0.1,0.1,0.093441,1776219012000
1776219013.815,13.815,0.45,5.0,0.42,20.0,0.56,5.0,0.57,5.0,0.43,5.0,0.42,5.0,0.55,5.0,0.58,20.0,0.11,0.12,0.093441,1776219012000
1776219014.328,14.328,0.45,5.0,0.42,20.0,0.56,5.0,0.57,5.0,0.44,5.0,0.43,5.0,0.55,5.0,0.58,20.0,0.11,0.11,0.093447,1776219013000
1776219015.15,15.15,0.45,5.0,0.42,20.0,0.56,5.0,0.57,5.0,0.44,5.0,0.43,5.0,0.55,5.0,0.58,20.0,0.11,0.11,0.093466,1776219014000
1776219016.454,16.454,0.45,5.0,0.42,20.0,0.56,5.0,0.57,5.0,0.44,5.0,0.43,5.0,0.55,5.0,0.58,20.0,0.11,0.11,0.093466,1776219015000
1776219017.0,17.0,0.45,5.0,0.42,20.0,0.56,5.0,0.57,5.0,0.44,5.0,0.43,5.0,0.55,5.0,0.58,20.0,0.11,0.11,0.093466,1776219016000
1776219018.42,18.42,0.45,5.0,0.42,20.0,0.56,5.0,0.57,5.0,0.44,5.0,0.43,5.0,0.55,5.0,0.58,20.0,0.11,0.11,0.093467,1776219017000
1776219019.105,19.105,0.45,5.0,0.42,20.0,0.56,5.0,0.57,5.0,0.44,5.0,0.43,5.0,0.55,5.0,0.58,20.0,0.11,0.11,0.093467,1776219018000
1776219020.45,20.45,0.45,5.0,0.42,20.0,0.56,5.0,0.57,5.0,0.44,5.0,0.43,5.0,0.55,5.0,0.58,20.0,0.11,0.11,0.093468,1776219019000
1776219021.028,21.028,0.45,5.0,0.42,20.0,0.56,5.0,0.57,5.0,0.44,5.0,0.43,5.0,0.55,5.0,0.58,20.0,0.11,0.11,0.093466,1776219020000
1776219022.171,22.171,0.45,5.0,0.42,20.0,0.56,5.0,0.57,5.0,0.44,5.0,0.43,5.0,0.55,5.0,0.58,20.0,0.11,0.11,0.093462,1776219021000
1776219023.316,23.316,0.45,5.0,0.42,20.0,0.56,5.0,0.57,5.0,0.44,5.0,0.43,5.0,0.55,5.0,0.58,20.0,0.11,0.11,0.093456,1776219022000
1776219024.227,24.227,0.45,5.0,0.42,20.0,0.56,5.0,0.57,5.0,0.44,5.0,0.43,5.0,0.55,5.0,0.58,20.0,0.11,0.11,0.093454,1776219023000
1776219025.954,25.954,0.45,5.0,0.42,20.0,0.56,5.0,0.57,5.0,0.44,5.0,0.43,5.0,0.55,5.0,0.58,20.0,0.11,0.11,0.093455,1776219025000
1776219027.497,27.497,0.45,5.0,0.42,20.0,0.56,5.0,0.57,5.0,0.44,5.0,0.43,5.0,0.55,5.0,0.58,20.0,0.11,0.11,0.093454,1776219026000
1776219028.206,28.206,0.45,5.0,0.42,20.0,0.56,5.0,0.57,5.0,0.44,5.0,0.43,5.0,0.55,5.0,0.58,20.0,0.11,0.11,0.093455,1776219027000
1776219029.634,29.634,0.45,5.0,0.42,20.0,0.56,5.0,0.57,5.0,0.44,5.0,0.43,5.0,0.55,5.0,0.58,20.0,0.11,0.11,0.093453,1776219028000
1776219030.295,30.295,0.45,5.0,0.42,20.0,0.56,5.0,0.57,5.0,0.44,5.0,0.43,5.0,0.55,5.0,0.58,20.0,0.11,0.11,0.093453,1776219029000
1776219030.976,30.976,0.45,5.0,0.42,20.0,0.56,5.0,0.57,5.0,0.44,5.0,0.43,5.0,0.55,5.0,0.58,20.0,0.11,0.11,0.093452,1776219030000
1776219032.345,32.345,0.37,10.0,0.35,6.0,0.44,5.0,0.46,5.0,0.44,5.0,0.43,5.0,0.55,5.0,0.58,20.0,0.07,0.11,0.093452,1776219030000
1776219033.203,33.203,0.37,10.0,0.35,6.0,0.44,5.0,0.46,5.0,0.56,5.0,0.54,5.0,0.63,10.0,0.65,6.0,0.07,0.07,0.093443,1776219032000
1776219034.796,34.796,0.37,10.0,0.35,6.0,0.44,5.0,0.46,5.0,0.56,5.0,0.54,5.0,0.63,10.0,0.65,6.0,0.07,0.07,0.093433,1776219033000
1776219035.529,35.529,0.37,10.0,0.35,6.0,0.44,5.0,0.46,5.0,0.56,5.0,0.54,5.0,0.63,10.0,0.65,6.0,0.07,0.07,0.09343,1776219034000
1776219036.269,36.269,0.37,10.0,0.35,6.0,0.44,5.0,0.46,5.0,0.56,5.0,0.54,5.0,0.63,10.0,0.65,6.0,0.07,0.07,0.09343,1776219035000
1776219037.085,37.085,0.37,10.0,0.35,6.0,0.44,5.0,0.46,5.0,0.56,5.0,0.54,5.0,0.63,10.0,0.65,6.0,0.07,0.07,0.09343,1776219036000
1776219038.634,38.634,0.37,10.0,0.35,6.0,0.44,5.0,0.46,5.0,0.56,5.0,0.54,5.0,0.63,10.0,0.65,6.0,0.07,0.07,0.09343,1776219037000
1776219039.4,39.4,0.37,10.0,0.35,6.0,0.44,5.0,0.46,5.0,0.56,5.0,0.54,5.0,0.63,10.0,0.65,6.0,0.07,0.07,0.09343,1776219038000
1776219040.202,40.202,0.37,10.0,0.35,6.0,0.44,5.0,0.46,5.0,0.56,5.0,0.54,5.0,0.63,10.0,0.65,6.0,0.07,0.07,0.093431,1776219039000
1776219043.113,43.113,0.37,10.0,0.35,6.0,0.44,5.0,0.46,5.0,0.56,5.0,0.54,5.0,0.63,10.0,0.65,6.0,0.07,0.07,0.093438,1776219040000
1776219043.717,43.717,0.37,10.0,0.35,6.0,0.44,5.0,0.46,5.0,0.56,5.0,0.54,5.0,0.63,10.0,0.65,6.0,0.07,0.07,0.093438,1776219042000
1776219044.295,44.295,0.37,10.0,0.35,6.0,0.44,5.0,0.46,5.0,0.56,5.0,0.54,5.0,0.63,10.0,0.65,6.0,0.07,0.07,0.093438,1776219043000
1776219045.301,45.301,0.37,10.0,0.35,6.0,0.44,5.0,0.46,5.0,0.56,5.0,0.54,5.0,0.63,10.0,0.65,6.0,0.07,0.07,0.093442,1776219044000
1776219045.913,45.913,0.37,10.0,0.35,6.0,0.44,5.0,0.46,5.0,0.56,5.0,0.54,5.0,0.63,10.0,0.65,6.0,0.07,0.07,0.093442,1776219045000
1776219046.863,46.863,0.37,10.0,0.35,6.0,0.44,5.0,0.46,5.0,0.56,5.0,0.54,5.0,0.63,10.0,0.65,6.0,0.07,0.07,0.093449,1776219046000
1776219047.837,47.837,0.37,10.0,0.35,6.0,0.44,5.0,0.46,5.0,0.56,5.0,0.54,5.0,0.63,10.0,0.65,6.0,0.07,0.07,0.09346,1776219047000
1776219048.948,48.948,0.37,10.0,0.35,6.0,0.44,5.0,0.46,5.0,0.56,5.0,0.54,5.0,0.63,10.0,0.65,6.0,0.07,0.07,0.093463,1776219048000
1776219049.872,49.872,0.37,10.0,0.35,6.0,0.44,5.0,0.46,5.0,0.56,5.0,0.54,5.0,0.63,10.0,0.65,6.0,0.07,0.07,0.093462,1776219049000
1776219050.888,50.888,0.37,10.0,0.35,6.0,0.44,5.0,0.46,5.0,0.56,5.0,0.54,5.0,0.63,10.0,0.65,6.0,0.07,0.07,0.093463,1776219050000
1776219051.888,51.888,0.37,10.0,0.35,6.0,0.44,5.0,0.46,5.0,0.56,5.0,0.54,5.0,0.63,10.0,0.65,6.0,0.07,0.07,0.093463,1776219051000
1776219052.953,52.953,0.37,10.0,0.35,6.0,0.44,5.0,0.46,5.0,0.56,5.0,0.54,5.0,0.63,10.0,0.65,6.0,0.07,0.07,0.093462,1776219052000
1776219053.963,53.963,0.37,10.0,0.35,6.0,0.44,5.0,0.46,5.0,0.56,5.0,0.54,5.0,0.63,10.0,0.65,6.0,0.07,0.07,0.093462,1776219053000
1776219054.89,54.89,0.37,10.0,0.35,6.0,0.44,5.0,0.46,5.0,0.56,5.0,0.54,5.0,0.63,10.0,0.65,6.0,0.07,0.07,0.093464,1776219054000
1776219055.886,55.886,0.37,10.0,0.35,6.0,0.44,5.0,0.46,5.0,0.56,5.0,0.54,5.0,0.63,10.0,0.65,6.0,0.07,0.07,0.093463,1776219055000
1776219057.649,57.649,0.37,10.0,0.35,6.0,0.44,5.0,0.46,5.0,0.56,5.0,0.54,5.0,0.63,10.0,0.65,6.0,0.07,0.07,0.093469,1776219056000
1776219058.357,58.357,0.37,10.0,0.35,6.0,0.44,5.0,0.46,5.0,0.56,5.0,0.54,5.0,0.63,10.0,0.65,6.0,0.07,0.07,0.093469,1776219057000
1776219058.995,58.995,0.37,10.0,0.35,6.0,0.44,5.0,0.46,5.0,0.56,5.0,0.54,5.0,0.63,10.0,0.65,6.0,0.07,0.07,0.093469,1776219058000
1776219060.54,60.54,0.37,10.0,0.35,6.0,0.44,5.0,0.46,5.0,0.56,5.0,0.54,5.0,0.63,10.0,0.65,6.0,0.07,0.07,0.093466,1776219059000
1776219061.429,61.429,0.37,10.0,0.35,6.0,0.44,5.0,0.46,5.0,0.56,5.0,0.54,5.0,0.63,10.0,0.65,6.0,0.07,0.07,0.093466,1776219060000
1776219062.108,62.108,0.37,10.0,0.35,6.0,0.44,5.0,0.46,5.0,0.56,5.0,0.54,5.0,0.63,10.0,0.65,6.0,0.07,0.07,0.093465,1776219061000
1776219063.442,63.442,0.37,10.0,0.35,6.0,0.44,5.0,0.46,5.0,0.56,5.0,0.54,5.0,0.63,10.0,0.65,6.0,0.07,0.07,0.093468,1776219062000
1776219064.117,64.117,0.37,10.0,0.35,6.0,0.44,5.0,0.46,5.0,0.56,5.0,0.54,5.0,0.63,10.0,0.65,6.0,0.07,0.07,0.093468,1776219063000
1776219065.299,65.299,0.37,10.0,0.35,6.0,0.44,5.0,0.46,5.0,0.56,5.0,0.54,5.0,0.63,10.0,0.65,6.0,0.07,0.07,0.093469,1776219064000
1776219066.255,66.255,0.43,5.0,0.4,10.0,0.48,5.0,0.5,5.0,0.56,5.0,0.54,5.0,0.63,10.0,0.65,6.0,0.05,0.07,0.093469,1776219064000
1776219066.562,66.562,0.43,5.0,0.4,10.0,0.48,5.0,0.5,5.0,0.52,5.0,0.5,5.0,0.57,5.0,0.6,10.0,0.05,0.05,0.093469,1776219065000
1776219067.06,67.06,0.4,10.0,0.37,10.0,0.46,5.0,0.51,71.0,0.52,5.0,0.5,5.0,0.57,5.0,0.6,10.0,0.06,0.05,0.093469,1776219065000
1776219067.738,67.738,0.4,5.0,0.37,10.0,0.42,5.0,0.49,10.0,0.54,5.0,0.49,71.0,0.6,10.0,0.63,10.0,0.02,0.06,0.093465,1776219066000
1776219068.127,68.127,0.37,10.0,0.34,10.0,0.42,5.0,0.45,10.0,0.58,5.0,0.51,10.0,0.6,5.0,0.63,10.0,0.05,0.02,0.093465,1776219066000
1776219068.605,68.605,0.37,10.0,0.34,10.0,0.42,5.0,0.45,10.0,0.58,5.0,0.55,10.0,0.63,10.0,0.66,10.0,0.05,0.05,0.093438,1776219067000
1776219069.088,69.088,0.37,10.0,0.34,10.0,0.42,5.0,0.45,10.0,0.58,5.0,0.55,10.0,0.63,10.0,0.66,10.0,0.05,0.05,0.093422,1776219068000
1776219070.299,70.299,0.37,10.0,0.34,10.0,0.42,5.0,0.45,10.0,0.58,5.0,0.55,10.0,0.63,10.0,0.66,10.0,0.05,0.05,0.093416,1776219069000
1776219071.475,71.475,0.34,10.0,0.31,11.0,0.41,5.0,0.45,10.0,0.59,5.0,0.55,10.0,0.66,10.0,0.69,11.0,0.07,0.07,0.093416,1776219070000
1776219072.12,72.12,0.34,10.0,0.31,11.0,0.41,5.0,0.45,10.0,0.59,5.0,0.55,10.0,0.66,10.0,0.69,11.0,0.07,0.07,0.093418,1776219071000
1776219073.72,73.72,0.34,10.0,0.31,11.0,0.41,5.0,0.45,10.0,0.59,5.0,0.55,10.0,0.66,10.0,0.69,11.0,0.07,0.07,0.093418,1776219072000
1776219074.361,74.361,0.34,10.0,0.31,11.0,0.41,5.0,0.45,10.0,0.59,5.0,0.55,10.0,0.66,10.0,0.69,11.0,0.07,0.07,0.093418,1776219073000
1776219074.661,74.661,0.28,17.9,0.27,13.2,0.41,5.0,0.44,10.0,0.59,5.0,0.55,10.0,0.66,10.0,0.69,11.0,0.13,0.07,0.093418,1776219073000
1776219075.704,75.704,0.28,17.9,0.27,13.2,0.41,5.0,0.44,10.0,0.59,5.0,0.56,10.0,0.72,17.9,0.73,13.2,0.13,0.13,0.093412,1776219074000
1776219076.24,76.24,0.28,17.9,0.27,13.2,0.41,5.0,0.44,10.0,0.59,5.0,0.56,10.0,0.72,17.9,0.73,13.2,0.13,0.13,0.093417,1776219075000
1776219077.408,77.408,0.28,17.9,0.27,13.2,0.41,5.0,0.44,10.0,0.59,5.0,0.56,10.0,0.72,17.9,0.73,13.2,0.13,0.13,0.09342,1776219076000
1776219077.936,77.936,0.28,17.9,0.27,13.2,0.41,5.0,0.44,10.0,0.59,5.0,0.56,10.0,0.72,17.9,0.73,13.2,0.13,0.13,0.09342,1776219077000
1776219079.018,79.018,0.28,17.9,0.27,13.2,0.41,5.0,0.44,10.0,0.59,5.0,0.56,10.0,0.72,17.9,0.73,13.2,0.13,0.13,0.093419,1776219078000
1776219080.092,80.092,0.28,17.9,0.27,13.2,0.41,5.0,0.44,10.0,0.59,5.0,0.56,10.0,0.72,17.9,0.73,13.2,0.13,0.13,0.093419,1776219079000
1776219081.177,81.177,0.28,17.9,0.27,13.2,0.41,5.0,0.44,10.0,0.59,5.0,0.56,10.0,0.72,17.9,0.73,13.2,0.13,0.13,0.093419,1776219080000
1776219082.455,82.455,0.28,17.9,0.27,13.2,0.41,5.0,0.44,10.0,0.59,5.0,0.56,10.0,0.72,17.9,0.73,13.2,0.13,0.13,0.093422,1776219081000
1776219083.384,83.384,0.28,17.9,0.27,13.2,0.41,5.0,0.44,10.0,0.59,5.0,0.56,10.0,0.72,17.9,0.73,13.2,0.13,0.13,0.093422,1776219082000
1776219084.186,84.186,0.28,17.9,0.27,13.2,0.41,5.0,0.44,10.0,0.59,5.0,0.56,10.0,0.72,17.9,0.73,13.2,0.13,0.13,0.093432,1776219083000
1776219085.424,85.424,0.28,17.9,0.27,13.2,0.41,5.0,0.44,10.0,0.59,5.0,0.56,10.0,0.72,17.9,0.73,13.2,0.13,0.13,0.09343,1776219084000
1776219086.188,86.188,0.28,17.9,0.27,13.2,0.41,5.0,0.44,10.0,0.59,5.0,0.56,10.0,0.72,17.9,0.73,13.2,0.13,0.13,0.09343,1776219085000
1776219087.338,87.338,0.28,17.9,0.27,13.2,0.41,5.0,0.44,10.0,0.59,5.0,0.56,10.0,0.72,17.9,0.73,13.2,0.13,0.13,0.093427,1776219086000
1776219087.867,87.867,0.28,17.9,0.27,13.2,0.41,5.0,0.44,10.0,0.59,5.0,0.56,10.0,0.72,17.9,0.73,13.2,0.13,0.13,0.093427,1776219087000
1776219089.394,89.394,0.28,17.9,0.27,13.2,0.41,5.0,0.44,10.0,0.59,5.0,0.56,10.0,0.72,17.9,0.73,13.2,0.13,0.13,0.093426,1776219088000
1776219089.849,89.849,0.28,17.9,0.27,13.2,0.41,5.0,0.44,10.0,0.59,5.0,0.56,10.0,0.72,17.9,0.73,13.2,0.13,0.13,0.093426,1776219089000
1776219090.931,90.931,0.28,17.9,0.27,13.2,0.41,5.0,0.44,10.0,0.59,5.0,0.56,10.0,0.72,17.9,0.73,13.2,0.13,0.13,0.093428,1776219090000
1776219091.956,91.956,0.28,17.9,0.27,13.2,0.41,5.0,0.44,10.0,0.59,5.0,0.56,10.0,0.72,17.9,0.73,13.2,0.13,0.13,0.093427,1776219091000
1776219092.952,92.952,0.28,17.9,0.27,13.2,0.41,5.0,0.44,10.0,0.59,5.0,0.56,10.0,0.72,17.9,0.73,13.2,0.13,0.13,0.093427,1776219092000
1776219093.953,93.953,0.28,17.9,0.27,13.2,0.41,5.0,0.44,10.0,0.59,5.0,0.56,10.0,0.72,17.9,0.73,13.2,0.13,0.13,0.093426,1776219093000
1776219095.054,95.054,0.28,17.9,0.27,13.2,0.41,5.0,0.44,10.0,0.59,5.0,0.56,10.0,0.72,17.9,0.73,13.2,0.13,0.13,0.09343,1776219094000
1776219096.0,96.0,0.28,17.9,0.27,13.2,0.41,5.0,0.44,10.0,0.59,5.0,0.56,10.0,0.72,17.9,0.73,13.2,0.13,0.13,0.09343,1776219095000
1776219096.985,96.985,0.28,17.9,0.27,13.2,0.41,5.0,0.44,10.0,0.59,5.0,0.56,10.0,0.72,17.9,0.73,13.2,0.13,0.13,0.093431,1776219096000
1776219098.001,98.001,0.28,17.9,0.27,13.2,0.41,5.0,0.44,10.0,0.59,5.0,0.56,10.0,0.72,17.9,0.73,13.2,0.13,0.13,0.093431,1776219097000
1776219099.105,99.105,0.28,17.9,0.27,13.2,0.41,5.0,0.44,10.0,0.59,5.0,0.56,10.0,0.72,17.9,0.73,13.2,0.13,0.13,0.093431,1776219098000
1776219100.112,100.112,0.28,17.9,0.27,13.2,0.41,5.0,0.44,10.0,0.59,5.0,0.56,10.0,0.72,17.9,0.73,13.2,0.13,0.13,0.093432,1776219099000
1776219101.1,101.1,0.28,17.9,0.27,13.2,0.41,5.0,0.44,10.0,0.59,5.0,0.56,10.0,0.72,17.9,0.73,13.2,0.13,0.13,0.093432,1776219100000
1776219102.73,102.73,0.28,17.9,0.27,13.2,0.41,5.0,0.44,10.0,0.59,5.0,0.56,10.0,0.72,17.9,0.73,13.2,0.13,0.13,0.093432,1776219101000
1776219103.278,103.278,0.28,17.9,0.27,13.2,0.41,5.0,0.44,10.0,0.59,5.0,0.56,10.0,0.72,17.9,0.73,13.2,0.13,0.13,0.093432,1776219102000
1776219104.289,104.289,0.28,17.9,0.27,13.2,0.41,5.0,0.44,10.0,0.59,5.0,0.56,10.0,0.72,17.9,0.73,13.2,0.13,0.13,0.093431,1776219103000
1776219105.281,105.281,0.28,17.9,0.27,13.2,0.41,5.0,0.44,10.0,0.59,5.0,0.56,10.0,0.72,17.9,0.73,13.2,0.13,0.13,0.093431,1776219104000
1776219106.283,106.283,0.28,17.9,0.27,13.2,0.41,5.0,0.44,10.0,0.59,5.0,0.56,10.0,0.72,17.9,0.73,13.2,0.13,0.13,0.093432,1776219105000
1776219107.325,107.325,0.28,17.9,0.27,13.2,0.41,5.0,0.44,10.0,0.59,5.0,0.56,10.0,0.72,17.9,0.73,13.2,0.13,0.13,0.093433,1776219106000
1776219108.364,108.364,0.28,17.9,0.27,13.2,0.41,5.0,0.44,10.0,0.59,5.0,0.56,10.0,0.72,17.9,0.73,13.2,0.13,0.13,0.093433,1776219107000
1776219108.849,108.849,0.28,17.9,0.27,13.2,0.41,5.0,0.44,10.0,0.59,5.0,0.56,10.0,0.72,17.9,0.73,13.2,0.13,0.13,0.093433,1776219108000
1776219109.971,109.971,0.28,17.9,0.27,13.2,0.41,5.0,0.44,10.0,0.59,5.0,0.56,10.0,0.72,17.9,0.73,13.2,0.13,0.13,0.093444,1776219109000
1776219110.967,110.967,0.28,17.9,0.27,13.2,0.41,5.0,0.44,10.0,0.59,5.0,0.56,10.0,0.72,17.9,0.73,13.2,0.13,0.13,0.093445,1776219110000
1776219111.994,111.994,0.28,17.9,0.27,13.2,0.41,5.0,0.44,10.0,0.59,5.0,0.56,10.0,0.72,17.9,0.73,13.2,0.13,0.13,0.093446,1776219111000
1776219113.162,113.162,0.28,17.9,0.27,13.2,0.41,5.0,0.44,10.0,0.59,5.0,0.56,10.0,0.72,17.9,0.73,13.2,0.13,0.13,0.093446,1776219112000
1776219114.249,114.249,0.28,17.9,0.27,13.2,0.41,5.0,0.44,10.0,0.59,5.0,0.56,10.0,0.72,17.9,0.73,13.2,0.13,0.13,0.093444,1776219113000
1776219115.339,115.339,0.28,17.9,0.27,13.2,0.41,5.0,0.44,10.0,0.59,5.0,0.56,10.0,0.72,17.9,0.73,13.2,0.13,0.13,0.09344,1776219114000
1776219116.786,116.786,0.28,17.9,0.27,13.2,0.41,5.0,0.44,10.0,0.59,5.0,0.56,10.0,0.72,17.9,0.73,13.2,0.13,0.13,0.093441,1776219115000
1776219117.241,117.241,0.28,17.9,0.27,13.2,0.41,5.0,0.44,10.0,0.59,5.0,0.56,10.0,0.72,17.9,0.73,13.2,0.13,0.13,0.093445,1776219116000
1776219118.393,118.393,0.28,17.9,0.27,13.2,0.41,5.0,0.44,10.0,0.59,5.0,0.56,10.0,0.72,17.9,0.73,13.2,0.13,0.13,0.093451,1776219117000
1776219118.989,118.989,0.28,17.9,0.27,13.2,0.41,5.0,0.44,10.0,0.59,5.0,0.56,10.0,0.72,17.9,0.73,13.2,0.13,0.13,0.093451,1776219118000
1776219120.142,120.142,0.28,17.9,0.27,13.2,0.41,5.0,0.44,10.0,0.59,5.0,0.56,10.0,0.72,17.9,0.73,13.2,0.13,0.13,0.093451,1776219119000
1776219121.242,121.242,0.28,17.9,0.27,13.2,0.41,5.0,0.44,10.0,0.59,5.0,0.56,10.0,0.72,17.9,0.73,13.2,0.13,0.13,0.093446,1776219120000
1776219122.388,122.388,0.28,17.9,0.27,13.2,0.41,5.0,0.44,10.0,0.59,5.0,0.56,10.0,0.72,17.9,0.73,13.2,0.13,0.13,0.093446,1776219121000
1776219122.99,122.99,0.28,17.9,0.27,13.2,0.41,5.0,0.44,10.0,0.59,5.0,0.56,10.0,0.72,17.9,0.73,13.2,0.13,0.13,0.093447,1776219122000
1776219124.207,124.207,0.28,17.9,0.27,13.2,0.41,5.0,0.44,10.0,0.59,5.0,0.56,10.0,0.72,17.9,0.73,13.2,0.13,0.13,0.093448,1776219123000
1776219125.272,125.272,0.28,17.9,0.27,13.2,0.41,5.0,0.44,10.0,0.59,5.0,0.56,10.0,0.72,17.9,0.73,13.2,0.13,0.13,0.09345,1776219124000
1776219125.95,125.95,0.28,17.9,0.27,13.2,0.41,5.0,0.44,10.0,0.59,5.0,0.56,10.0,0.72,17.9,0.73,13.2,0.13,0.13,0.09345,1776219125000
1776219127.035,127.035,0.28,17.9,0.27,13.2,0.41,5.0,0.44,10.0,0.59,5.0,0.56,10.0,0.72,17.9,0.73,13.2,0.13,0.13,0.093451,1776219126000
1776219128.19,128.19,0.28,17.9,0.27,13.2,0.41,5.0,0.44,10.0,0.59,5.0,0.56,10.0,0.72,17.9,0.73,13.2,0.13,0.13,0.093451,1776219127000
1776219129.306,129.306,0.41,13.14,0.4,10.8,0.55,10.0,0.57,10.6,0.45,10.0,0.43,10.6,0.59,13.14,0.6,10.8,0.14,0.14,0.093452,1776219128000
1776219129.933,129.933,0.41,13.14,0.4,10.8,0.55,10.0,0.57,10.6,0.45,10.0,0.43,10.6,0.59,13.14,0.6,10.8,0.14,0.14,0.09345,1776219129000
1776219131.454,131.454,0.41,13.14,0.4,10.8,0.55,10.0,0.57,10.6,0.45,10.0,0.43,10.6,0.59,13.14,0.6,10.8,0.14,0.14,0.093442,1776219130000
1776219132.065,132.065,0.41,13.14,0.4,10.8,0.55,10.0,0.57,10.6,0.45,10.0,0.43,10.6,0.59,13.14,0.6,10.8,0.14,0.14,0.093441,1776219131000
1776219133.13,133.13,0.41,13.14,0.4,10.8,0.55,10.0,0.57,10.6,0.45,10.0,0.43,10.6,0.59,13.14,0.6,10.8,0.14,0.14,0.093441,1776219132000
1776219134.314,134.314,0.41,13.14,0.4,10.8,0.55,10.0,0.57,10.6,0.45,10.0,0.43,10.6,0.59,13.14,0.6,10.8,0.14,0.14,0.093441,1776219133000
1776219135.451,135.451,0.41,13.14,0.4,10.8,0.55,10.0,0.57,10.6,0.45,10.0,0.43,10.6,0.59,13.14,0.6,10.8,0.14,0.14,0.093441,1776219134000
1776219136.001,136.001,0.41,13.14,0.4,10.8,0.55,10.0,0.57,10.6,0.45,10.0,0.43,10.6,0.59,13.14,0.6,10.8,0.14,0.14,0.093442,1776219135000
1776219137.195,137.195,0.41,13.14,0.4,10.8,0.55,10.0,0.57,10.6,0.45,10.0,0.43,10.6,0.59,13.14,0.6,10.8,0.14,0.14,0.093443,1776219136000
1776219138.253,138.253,0.41,13.14,0.4,10.8,0.55,10.0,0.57,10.6,0.45,10.0,0.43,10.6,0.59,13.14,0.6,10.8,0.14,0.14,0.093451,1776219137000
1776219139.447,139.447,0.41,13.14,0.4,10.8,0.55,10.0,0.57,10.6,0.45,10.0,0.43,10.6,0.59,13.14,0.6,10.8,0.14,0.14,0.093452,1776219138000
1776219139.978,139.978,0.41,13.14,0.4,10.8,0.55,10.0,0.57,10.6,0.45,10.0,0.43,10.6,0.59,13.14,0.6,10.8,0.14,0.14,0.093452,1776219139000
1776219141.244,141.244,0.41,13.14,0.4,10.8,0.55,10.0,0.57,10.6,0.45,10.0,0.43,10.6,0.59,13.14,0.6,10.8,0.14,0.14,0.093452,1776219140000
1776219142.29,142.29,0.41,13.14,0.4,10.8,0.55,10.0,0.57,10.6,0.45,10.0,0.43,10.6,0.59,13.14,0.6,10.8,0.14,0.14,0.093452,1776219141000
1776219143.52,143.52,0.41,13.14,0.4,10.8,0.55,10.0,0.57,10.6,0.45,10.0,0.43,10.6,0.59,13.14,0.6,10.8,0.14,0.14,0.093451,1776219142000
1776219144.062,144.062,0.41,13.14,0.4,10.8,0.55,10.0,0.57,10.6,0.45,10.0,0.43,10.6,0.59,13.14,0.6,10.8,0.14,0.14,0.093449,1776219143000
1776219145.253,145.253,0.41,13.14,0.4,10.8,0.55,10.0,0.57,10.6,0.45,10.0,0.43,10.6,0.59,13.14,0.6,10.8,0.14,0.14,0.093448,1776219144000
1776219146.209,146.209,0.41,13.14,0.4,10.8,0.55,10.0,0.57,10.6,0.45,10.0,0.43,10.6,0.59,13.14,0.6,10.8,0.14,0.14,0.09345,1776219145000
1776219147.129,147.129,0.41,13.14,0.4,10.8,0.55,10.0,0.57,10.6,0.45,10.0,0.43,10.6,0.59,13.14,0.6,10.8,0.14,0.14,0.09345,1776219146000
1776219148.196,148.196,0.41,13.14,0.4,10.8,0.55,10.0,0.57,10.6,0.45,10.0,0.43,10.6,0.59,13.14,0.6,10.8,0.14,0.14,0.09345,1776219147000
1776219149.187,149.187,0.41,13.14,0.4,10.8,0.55,10.0,0.57,10.6,0.45,10.0,0.43,10.6,0.59,13.14,0.6,10.8,0.14,0.14,0.09345,1776219148000
1776219150.809,150.809,0.41,13.14,0.4,10.8,0.55,10.0,0.57,10.6,0.45,10.0,0.43,10.6,0.59,13.14,0.6,10.8,0.14,0.14,0.09345,1776219149000
1776219151.393,151.393,0.41,13.14,0.4,10.8,0.55,10.0,0.57,10.6,0.45,10.0,0.43,10.6,0.59,13.14,0.6,10.8,0.14,0.14,0.093449,1776219150000
1776219152.012,152.012,0.41,13.14,0.4,10.8,0.55,10.0,0.57,10.6,0.45,10.0,0.43,10.6,0.59,13.14,0.6,10.8,0.14,0.14,0.093449,1776219151000
1776219153.092,153.092,0.41,13.14,0.4,10.8,0.55,10.0,0.57,10.6,0.45,10.0,0.43,10.6,0.59,13.14,0.6,10.8,0.14,0.14,0.093449,1776219152000
1776219154.146,154.146,0.41,13.14,0.4,10.8,0.55,10.0,0.57,10.6,0.45,10.0,0.43,10.6,0.59,13.14,0.6,10.8,0.14,0.14,0.093449,1776219153000
1776219155.161,155.161,0.41,13.14,0.4,10.8,0.55,10.0,0.57,10.6,0.45,10.0,0.43,10.6,0.59,13.14,0.6,10.8,0.14,0.14,0.093449,1776219154000
1776219156.197,156.197,0.41,13.14,0.4,10.8,0.55,10.0,0.57,10.6,0.45,10.0,0.43,10.6,0.59,13.14,0.6,10.8,0.14,0.14,0.09345,1776219155000
1776219156.445,156.445,0.4,10.88,0.39,10.9,0.54,5.0,0.55,5.0,0.45,10.0,0.43,10.6,0.59,13.14,0.6,10.8,0.14,0.14,0.09345,1776219155000
1776219157.226,157.226,0.4,10.88,0.39,10.9,0.54,5.0,0.55,5.0,0.46,5.0,0.45,5.0,0.6,10.88,0.61,10.9,0.14,0.14,0.09345,1776219156000
1776219158.417,158.417,0.4,10.88,0.39,10.9,0.54,5.0,0.55,5.0,0.46,5.0,0.45,5.0,0.6,10.88,0.61,10.9,0.14,0.14,0.09345,1776219157000
1776219158.862,158.862,0.4,10.88,0.39,10.9,0.54,5.0,0.55,5.0,0.46,5.0,0.45,5.0,0.6,10.88,0.61,10.9,0.14,0.14,0.093449,1776219158000
1776219160.443,160.443,0.4,10.88,0.39,10.9,0.54,5.0,0.55,5.0,0.46,5.0,0.45,5.0,0.6,10.88,0.61,10.9,0.14,0.14,0.093449,1776219159000
1776219160.931,160.931,0.4,10.88,0.39,10.9,0.54,5.0,0.55,5.0,0.46,5.0,0.45,5.0,0.6,10.88,0.61,10.9,0.14,0.14,0.093449,1776219160000
1776219161.995,161.995,0.4,10.88,0.39,10.9,0.54,5.0,0.55,5.0,0.46,5.0,0.45,5.0,0.6,10.88,0.61,10.9,0.14,0.14,0.093448,1776219161000
1776219162.917,162.917,0.4,10.88,0.39,10.9,0.54,5.0,0.55,5.0,0.46,5.0,0.45,5.0,0.6,10.88,0.61,10.9,0.14,0.14,0.093446,1776219162000
1776219163.849,163.849,0.4,10.88,0.39,10.9,0.54,5.0,0.55,5.0,0.46,5.0,0.45,5.0,0.6,10.88,0.61,10.9,0.14,0.14,0.093449,1776219163000
1776219164.839,164.839,0.4,10.88,0.39,10.9,0.54,5.0,0.55,5.0,0.46,5.0,0.45,5.0,0.6,10.88,0.61,10.9,0.14,0.14,0.093449,1776219164000
1776219165.837,165.837,0.4,10.88,0.39,10.9,0.54,5.0,0.55,5.0,0.46,5.0,0.45,5.0,0.6,10.88,0.61,10.9,0.14,0.14,0.093449,1776219165000
1776219166.774,166.774,0.4,10.88,0.39,10.9,0.54,5.0,0.55,5.0,0.46,5.0,0.45,5.0,0.6,10.88,0.61,10.9,0.14,0.14,0.093449,1776219166000
1776219168.273,168.273,0.4,10.88,0.39,10.9,0.54,5.0,0.55,5.0,0.46,5.0,0.45,5.0,0.6,10.88,0.61,10.9,0.14,0.14,0.093449,1776219167000
1776219169.225,169.225,0.4,10.88,0.39,10.9,0.54,5.0,0.55,5.0,0.46,5.0,0.45,5.0,0.6,10.88,0.61,10.9,0.14,0.14,0.093449,1776219168000
1776219170.195,170.195,0.4,10.88,0.39,10.9,0.54,5.0,0.55,5.0,0.46,5.0,0.45,5.0,0.6,10.88,0.61,10.9,0.14,0.14,0.093449,1776219169000
1776219171.156,171.156,0.4,10.88,0.39,10.9,0.54,5.0,0.55,5.0,0.46,5.0,0.45,5.0,0.6,10.88,0.61,10.9,0.14,0.14,0.093449,1776219170000
1776219172.158,172.158,0.4,10.88,0.39,10.9,0.54,5.0,0.55,5.0,0.46,5.0,0.45,5.0,0.6,10.88,0.61,10.9,0.14,0.14,0.093449,1776219171000
1776219173.165,173.165,0.4,10.88,0.39,10.9,0.54,5.0,0.55,5.0,0.46,5.0,0.45,5.0,0.6,10.88,0.61,10.9,0.14,0.14,0.093449,1776219172000
1776219174.194,174.194,0.4,10.88,0.39,10.9,0.54,5.0,0.55,5.0,0.46,5.0,0.45,5.0,0.6,10.88,0.61,10.9,0.14,0.14,0.093449,1776219173000
1776219175.283,175.283,0.4,10.88,0.39,10.9,0.54,5.0,0.55,5.0,0.46,5.0,0.45,5.0,0.6,10.88,0.61,10.9,0.14,0.14,0.093449,1776219174000
1776219176.204,176.204,0.4,10.88,0.39,10.9,0.54,5.0,0.55,5.0,0.46,5.0,0.45,5.0,0.6,10.88,0.61,10.9,0.14,0.14,0.093449,1776219175000
1776219177.152,177.152,0.4,10.88,0.39,10.9,0.54,5.0,0.55,5.0,0.46,5.0,0.45,5.0,0.6,10.88,0.61,10.9,0.14,0.14,0.093449,1776219176000
1776219178.113,178.113,0.4,10.88,0.39,10.9,0.54,5.0,0.55,5.0,0.46,5.0,0.45,5.0,0.6,10.88,0.61,10.9,0.14,0.14,0.093448,1776219177000
1776219179.048,179.048,0.4,10.88,0.39,10.9,0.54,5.0,0.55,5.0,0.46,5.0,0.45,5.0,0.6,10.88,0.61,10.9,0.14,0.14,0.093448,1776219178000
1776219180.018,180.018,0.4,10.88,0.39,10.9,0.54,5.0,0.55,5.0,0.46,5.0,0.45,5.0,0.6,10.88,0.61,10.9,0.14,0.14,0.093447,1776219179000
1776219180.988,180.988,0.4,10.88,0.39,10.9,0.54,5.0,0.55,5.0,0.46,5.0,0.45,5.0,0.6,10.88,0.61,10.9,0.14,0.14,0.093448,1776219180000
1776219182.108,182.108,0.4,10.88,0.39,10.9,0.54,5.0,0.55,5.0,0.46,5.0,0.45,5.0,0.6,10.88,0.61,10.9,0.14,0.14,0.093448,1776219181000
1776219183.045,183.045,0.4,10.88,0.39,10.9,0.54,5.0,0.55,5.0,0.46,5.0,0.45,5.0,0.6,10.88,0.61,10.9,0.14,0.14,0.093448,1776219182000
1776219184.07,184.07,0.4,10.88,0.39,10.9,0.54,5.0,0.55,5.0,0.46,5.0,0.45,5.0,0.6,10.88,0.61,10.9,0.14,0.14,0.093447,1776219183000
1776219185.04,185.04,0.4,10.88,0.39,10.9,0.54,5.0,0.55,5.0,0.46,5.0,0.45,5.0,0.6,10.88,0.61,10.9,0.14,0.14,0.093447,1776219184000
1776219185.979,185.979,0.4,10.88,0.39,10.9,0.54,5.0,0.55,5.0,0.46,5.0,0.45,5.0,0.6,10.88,0.61,10.9,0.14,0.14,0.093446,1776219185000
1776219187.128,187.128,0.4,10.88,0.39,10.9,0.54,5.0,0.55,5.0,0.46,5.0,0.45,5.0,0.6,10.88,0.61,10.9,0.14,0.14,0.093446,1776219186000
1776219188.368,188.368,0.4,10.88,0.39,10.9,0.54,5.0,0.55,5.0,0.46,5.0,0.45,5.0,0.6,10.88,0.61,10.9,0.14,0.14,0.093444,1776219187000
1776219188.948,188.948,0.4,10.88,0.39,10.9,0.54,5.0,0.55,5.0,0.46,5.0,0.45,5.0,0.6,10.88,0.61,10.9,0.14,0.14,0.093443,1776219188000
1776219190.059,190.059,0.4,10.88,0.39,10.9,0.54,5.0,0.55,5.0,0.46,5.0,0.45,5.0,0.6,10.88,0.61,10.9,0.14,0.14,0.093446,1776219189000
1776219191.203,191.203,0.4,10.88,0.39,10.9,0.54,5.0,0.55,5.0,0.46,5.0,0.45,5.0,0.6,10.88,0.61,10.9,0.14,0.14,0.093449,1776219190000
1776219192.371,192.371,0.4,10.88,0.39,10.9,0.54,5.0,0.55,5.0,0.46,5.0,0.45,5.0,0.6,10.88,0.61,10.9,0.14,0.14,0.093448,1776219191000
1776219192.955,192.955,0.4,10.88,0.39,10.9,0.54,5.0,0.55,5.0,0.46,5.0,0.45,5.0,0.6,10.88,0.61,10.9,0.14,0.14,0.093449,1776219192000
1776219194.05,194.05,0.4,10.88,0.39,10.9,0.54,5.0,0.55,5.0,0.46,5.0,0.45,5.0,0.6,10.88,0.61,10.9,0.14,0.14,0.093449,1776219193000
1776219195.185,195.185,0.4,10.88,0.39,10.9,0.54,5.0,0.55,5.0,0.46,5.0,0.45,5.0,0.6,10.88,0.61,10.9,0.14,0.14,0.093444,1776219194000
1776219196.304,196.304,0.4,10.88,0.39,10.9,0.54,5.0,0.55,5.0,0.46,5.0,0.45,5.0,0.6,10.88,0.61,10.9,0.14,0.14,0.093445,1776219195000
1776219196.835,196.835,0.4,10.88,0.39,10.9,0.54,5.0,0.55,5.0,0.46,5.0,0.45,5.0,0.6,10.88,0.61,10.9,0.14,0.14,0.093446,1776219196000
1776219197.099,197.099,0.36,1.51,0.32,11.9,0.47,10.4,0.48,10.4,0.46,5.0,0.45,5.0,0.6,10.88,0.61,10.9,0.11,0.14,0.093446,1776219196000
1776219197.986,197.986,0.36,1.51,0.32,11.9,0.47,10.4,0.48,10.4,0.53,10.4,0.52,10.4,0.64,1.51,0.68,11.9,0.11,0.11,0.093446,1776219197000
1776219199.049,199.049,0.36,1.51,0.32,11.9,0.47,10.4,0.48,10.4,0.53,10.4,0.52,10.4,0.64,1.51,0.68,11.9,0.11,0.11,0.093449,1776219198000
1776219200.803,200.803,0.36,1.51,0.32,11.9,0.47,10.4,0.48,10.4,0.53,10.4,0.52,10.4,0.64,1.51,0.68,11.9,0.11,0.11,0.093449,1776219199000
1776219201.33,201.33,0.36,1.51,0.32,11.9,0.47,10.4,0.48,10.4,0.53,10.4,0.52,10.4,0.64,1.51,0.68,11.9,0.11,0.11,0.093449,1776219200000
1776219201.887,201.887,0.36,1.51,0.32,11.9,0.47,10.4,0.48,10.4,0.53,10.4,0.52,10.4,0.64,1.51,0.68,11.9,0.11,0.11,0.093449,1776219201000
1776219203.107,203.107,0.36,1.51,0.32,11.9,0.47,10.4,0.48,10.4,0.53,10.4,0.52,10.4,0.64,1.51,0.68,11.9,0.11,0.11,0.093449,1776219202000
1776219204.459,204.459,0.36,1.51,0.32,11.9,0.47,10.4,0.48,10.4,0.53,10.4,0.52,10.4,0.64,1.51,0.68,11.9,0.11,0.11,0.093458,1776219203000
1776219205.156,205.156,0.36,1.51,0.32,11.9,0.47,10.4,0.48,10.4,0.53,10.4,0.52,10.4,0.64,1.51,0.68,11.9,0.11,0.11,0.093458,1776219204000
1776219206.31,206.31,0.36,1.51,0.32,11.9,0.47,10.4,0.48,10.4,0.53,10.4,0.52,10.4,0.64,1.51,0.68,11.9,0.11,0.11,0.093461,1776219205000
1776219206.866,206.866,0.36,1.51,0.32,11.9,0.47,10.4,0.48,10.4,0.53,10.4,0.52,10.4,0.64,1.51,0.68,11.9,0.11,0.11,0.093462,1776219206000
1776219208.105,208.105,0.36,1.51,0.32,11.9,0.47,10.4,0.48,10.4,0.53,10.4,0.52,10.4,0.64,1.51,0.68,11.9,0.11,0.11,0.093462,1776219207000
1776219209.251,209.251,0.36,1.51,0.32,11.9,0.47,10.4,0.48,10.4,0.53,10.4,0.52,10.4,0.64,1.51,0.68,11.9,0.11,0.11,0.093462,1776219208000
1776219210.302,210.302,0.36,1.51,0.32,11.9,0.47,10.4,0.48,10.4,0.53,10.4,0.52,10.4,0.64,1.51,0.68,11.9,0.11,0.11,0.093462,1776219209000
1776219211.445,211.445,0.36,1.51,0.32,11.9,0.47,10.4,0.48,10.4,0.53,10.4,0.52,10.4,0.64,1.51,0.68,11.9,0.11,0.11,0.093462,1776219210000
1776219212.119,212.119,0.36,1.51,0.32,11.9,0.47,10.4,0.48,10.4,0.53,10.4,0.52,10.4,0.64,1.51,0.68,11.9,0.11,0.11,0.093461,1776219211000
1776219213.268,213.268,0.36,1.51,0.32,11.9,0.47,10.4,0.48,10.4,0.53,10.4,0.52,10.4,0.64,1.51,0.68,11.9,0.11,0.11,0.09346,1776219212000
1776219214.414,214.414,0.36,1.51,0.32,11.9,0.47,10.4,0.48,10.4,0.53,10.4,0.52,10.4,0.64,1.51,0.68,11.9,0.11,0.11,0.09346,1776219213000
1776219214.976,214.976,0.36,1.51,0.32,11.9,0.47,10.4,0.48,10.4,0.53,10.4,0.52,10.4,0.64,1.51,0.68,11.9,0.11,0.11,0.09346,1776219214000
1776219216.321,216.321,0.36,1.51,0.32,11.9,0.47,10.4,0.48,10.4,0.53,10.4,0.52,10.4,0.64,1.51,0.68,11.9,0.11,0.11,0.093459,1776219215000
1776219217.315,217.315,0.36,1.51,0.32,11.9,0.47,10.4,0.48,10.4,0.53,10.4,0.52,10.4,0.64,1.51,0.68,11.9,0.11,0.11,0.093459,1776219216000
1776219218.285,218.285,0.36,1.51,0.32,11.9,0.47,10.4,0.48,10.4,0.53,10.4,0.52,10.4,0.64,1.51,0.68,11.9,0.11,0.11,0.093458,1776219217000
1776219219.351,219.351,0.36,1.51,0.32,11.9,0.47,10.4,0.48,10.4,0.53,10.4,0.52,10.4,0.64,1.51,0.68,11.9,0.11,0.11,0.09346,1776219218000
1776219219.883,219.883,0.36,1.51,0.32,11.9,0.47,10.4,0.48,10.4,0.53,10.4,0.52,10.4,0.64,1.51,0.68,11.9,0.11,0.11,0.09346,1776219219000
1776219221.023,221.023,0.36,1.51,0.32,11.9,0.47,10.4,0.48,10.4,0.53,10.4,0.52,10.4,0.64,1.51,0.68,11.9,0.11,0.11,0.093458,1776219220000
1776219222.079,222.079,0.55,10.5,0.54,10.5,0.7,5.0,0.71,50.0,0.53,10.4,0.52,10.4,0.64,1.51,0.68,11.9,0.15,0.11,0.093458,1776219220000
1776219223.063,223.063,0.55,10.5,0.54,10.5,0.7,5.0,0.71,50.0,0.3,5.0,0.29,50.0,0.45,10.5,0.46,10.5,0.15,0.15,0.093468,1776219222000
1776219224.077,224.077,0.55,10.5,0.54,10.5,0.7,5.0,0.71,50.0,0.3,5.0,0.29,50.0,0.45,10.5,0.46,10.5,0.15,0.15,0.093469,1776219223000
1776219225.048,225.048,0.55,10.5,0.54,10.5,0.7,5.0,0.71,50.0,0.3,5.0,0.29,50.0,0.45,10.5,0.46,10.5,0.15,0.15,0.093469,1776219224000
1776219226.183,226.183,0.55,10.5,0.54,10.5,0.7,5.0,0.71,50.0,0.3,5.0,0.29,50.0,0.45,10.5,0.46,10.5,0.15,0.15,0.093469,1776219225000
1776219227.094,227.094,0.55,10.5,0.54,10.5,0.7,5.0,0.71,50.0,0.3,5.0,0.29,50.0,0.45,10.5,0.46,10.5,0.15,0.15,0.093469,1776219226000
1776219228.097,228.097,0.55,10.5,0.54,10.5,0.7,5.0,0.71,50.0,0.3,5.0,0.29,50.0,0.45,10.5,0.46,10.5,0.15,0.15,0.093469,1776219227000
1776219228.932,228.932,0.55,10.5,0.54,10.5,0.7,5.0,0.71,50.0,0.3,5.0,0.29,50.0,0.45,10.5,0.46,10.5,0.15,0.15,0.093469,1776219228000
1776219230.065,230.065,0.55,10.5,0.54,10.5,0.7,5.0,0.71,50.0,0.3,5.0,0.29,50.0,0.45,10.5,0.46,10.5,0.15,0.15,0.093469,1776219229000
1776219231.222,231.222,0.55,10.5,0.54,10.5,0.7,5.0,0.71,50.0,0.3,5.0,0.29,50.0,0.45,10.5,0.46,10.5,0.15,0.15,0.093469,1776219230000
1776219232.3,232.3,0.55,10.5,0.54,10.5,0.7,5.0,0.71,50.0,0.3,5.0,0.29,50.0,0.45,10.5,0.46,10.5,0.15,0.15,0.093469,1776219231000
1776219233.372,233.372,0.55,10.5,0.54,10.5,0.7,5.0,0.71,50.0,0.3,5.0,0.29,50.0,0.45,10.5,0.46,10.5,0.15,0.15,0.093469,1776219232000
1776219233.717,233.717,0.62,11.0,0.61,10.9,0.71,46.75,0.76,14.3,0.3,5.0,0.29,50.0,0.45,10.5,0.46,10.5,0.09,0.15,0.093469,1776219232000
1776219233.976,233.976,0.62,11.0,0.61,10.9,0.71,46.75,0.76,14.3,0.29,46.75,0.24,14.3,0.38,11.0,0.39,10.9,0.09,0.09,0.093469,1776219233000
1776219235.026,235.026,0.62,11.0,0.61,10.9,0.71,46.75,0.76,14.3,0.29,46.75,0.24,14.3,0.38,11.0,0.39,10.9,0.09,0.09,0.093472,1776219234000
1776219236.097,236.097,0.62,11.0,0.61,10.9,0.71,46.75,0.76,14.3,0.29,46.75,0.24,14.3,0.38,11.0,0.39,10.9,0.09,0.09,0.093473,1776219235000
1776219237.277,237.277,0.62,11.0,0.61,10.9,0.71,46.75,0.76,14.3,0.29,46.75,0.24,14.3,0.38,11.0,0.39,10.9,0.09,0.09,0.093473,1776219236000
1776219238.283,238.283,0.62,11.0,0.61,10.9,0.71,46.75,0.76,14.3,0.29,46.75,0.24,14.3,0.38,11.0,0.39,10.9,0.09,0.09,0.093468,1776219237000
1776219239.42,239.42,0.62,11.0,0.61,10.9,0.71,46.75,0.76,14.3,0.29,46.75,0.24,14.3,0.38,11.0,0.39,10.9,0.09,0.09,0.093467,1776219238000
1776219239.93,239.93,0.62,11.0,0.61,10.9,0.71,46.75,0.76,14.3,0.29,46.75,0.24,14.3,0.38,11.0,0.39,10.9,0.09,0.09,0.093467,1776219239000
1776219241.075,241.075,0.62,11.0,0.61,10.9,0.71,46.75,0.76,14.3,0.29,46.75,0.24,14.3,0.38,11.0,0.39,10.9,0.09,0.09,0.093466,1776219240000
1776219242.186,242.186,0.62,11.0,0.61,10.9,0.71,46.75,0.76,14.3,0.29,46.75,0.24,14.3,0.38,11.0,0.39,10.9,0.09,0.09,0.093467,1776219241000
1776219245.405,245.405,0.62,11.0,0.61,10.9,0.71,46.75,0.76,14.3,0.29,46.75,0.24,14.3,0.38,11.0,0.39,10.9,0.09,0.09,0.093465,1776219244000
1776219245.615,245.615,0.64,11.3,0.63,11.2,0.71,46.75,0.78,15.2,0.29,46.75,0.24,14.3,0.38,11.0,0.39,10.9,0.07,0.09,0.093465,1776219244000
1776219245.955,245.955,0.64,11.3,0.63,11.2,0.71,46.75,0.78,15.2,0.29,46.75,0.22,15.2,0.36,11.3,0.37,11.2,0.07,0.07,0.093464,1776219245000
1776219246.989,246.989,0.64,11.3,0.63,11.2,0.71,46.75,0.78,15.2,0.29,46.75,0.22,15.2,0.36,11.3,0.37,11.2,0.07,0.07,0.093465,1776219246000
1776219248.055,248.055,0.64,11.3,0.63,11.2,0.71,46.75,0.78,15.2,0.29,46.75,0.22,15.2,0.36,11.3,0.37,11.2,0.07,0.07,0.093465,1776219247000
1776219249.239,249.239,0.64,11.3,0.63,11.2,0.71,46.75,0.78,15.2,0.29,46.75,0.22,15.2,0.36,11.3,0.37,11.2,0.07,0.07,0.093465,1776219248000
1776219250.2,250.2,0.64,11.3,0.63,11.2,0.71,46.75,0.78,15.2,0.29,46.75,0.22,15.2,0.36,11.3,0.37,11.2,0.07,0.07,0.093465,1776219249000
1776219250.67,250.67,0.44,5.29,0.43,10.6,0.61,50.0,0.71,50.0,0.29,46.75,0.22,15.2,0.36,11.3,0.37,11.2,0.17,0.07,0.093465,1776219249000
1776219251.21,251.21,0.44,5.29,0.43,10.6,0.61,50.0,0.71,50.0,0.39,50.0,0.29,50.0,0.56,5.29,0.57,10.6,0.17,0.17,0.093465,1776219250000
1776219252.28,252.28,0.44,5.29,0.43,10.6,0.61,50.0,0.71,50.0,0.39,50.0,0.29,50.0,0.56,5.29,0.57,10.6,0.17,0.17,0.093462,1776219251000
1776219253.42,253.42,0.44,5.29,0.43,10.6,0.61,50.0,0.71,50.0,0.39,50.0,0.29,50.0,0.56,5.29,0.57,10.6,0.17,0.17,0.093457,1776219252000
1776219253.947,253.947,0.44,5.29,0.43,10.6,0.61,50.0,0.71,50.0,0.39,50.0,0.29,50.0,0.56,5.29,0.57,10.6,0.17,0.17,0.093456,1776219253000
1776219254.987,254.987,0.44,5.29,0.43,10.6,0.61,50.0,0.71,50.0,0.39,50.0,0.29,50.0,0.56,5.29,0.57,10.6,0.17,0.17,0.093459,1776219254000
1776219256.025,256.025,0.44,5.29,0.43,10.6,0.61,50.0,0.71,50.0,0.39,50.0,0.29,50.0,0.56,5.29,0.57,10.6,0.17,0.17,0.09346,1776219255000
1776219257.103,257.103,0.44,5.29,0.43,10.6,0.61,50.0,0.71,50.0,0.39,50.0,0.29,50.0,0.56,5.29,0.57,10.6,0.17,0.17,0.093459,1776219256000
1776219258.098,258.098,0.44,5.29,0.43,10.6,0.61,50.0,0.71,50.0,0.39,50.0,0.29,50.0,0.56,5.29,0.57,10.6,0.17,0.17,0.093459,1776219257000
1776219259.137,259.137,0.44,5.29,0.43,10.6,0.61,50.0,0.71,50.0,0.39,50.0,0.29,50.0,0.56,5.29,0.57,10.6,0.17,0.17,0.093459,1776219258000
1776219260.308,260.308,0.44,5.29,0.43,10.6,0.61,50.0,0.71,50.0,0.39,50.0,0.29,50.0,0.56,5.29,0.57,10.6,0.17,0.17,0.09346,1776219259000
1776219261.402,261.402,0.44,5.29,0.43,10.6,0.61,50.0,0.71,50.0,0.39,50.0,0.29,50.0,0.56,5.29,0.57,10.6,0.17,0.17,0.093465,1776219260000
1776219261.905,261.905,0.44,5.29,0.43,10.6,0.61,50.0,0.71,50.0,0.39,50.0,0.29,50.0,0.56,5.29,0.57,10.6,0.17,0.17,0.093466,1776219261000
1776219263.046,263.046,0.44,5.29,0.43,10.6,0.61,50.0,0.71,50.0,0.39,50.0,0.29,50.0,0.56,5.29,0.57,10.6,0.17,0.17,0.093466,1776219262000
1776219264.195,264.195,0.44,5.29,0.43,10.6,0.61,50.0,0.71,50.0,0.39,50.0,0.29,50.0,0.56,5.29,0.57,10.6,0.17,0.17,0.093466,1776219263000
1776219265.225,265.225,0.44,5.29,0.43,10.6,0.61,50.0,0.71,50.0,0.39,50.0,0.29,50.0,0.56,5.29,0.57,10.6,0.17,0.17,0.093465,1776219264000
1776219266.321,266.321,0.44,5.29,0.43,10.6,0.61,50.0,0.71,50.0,0.39,50.0,0.29,50.0,0.56,5.29,0.57,10.6,0.17,0.17,0.093465,1776219265000
1776219266.923,266.923,0.44,5.29,0.43,10.6,0.61,50.0,0.71,50.0,0.39,50.0,0.29,50.0,0.56,5.29,0.57,10.6,0.17,0.17,0.093467,1776219266000
1776219267.454,267.454,0.61,74.0,0.57,10.6,0.8,1.28,0.9,28.9,0.39,50.0,0.29,50.0,0.56,5.29,0.57,10.6,0.19,0.17,0.093467,1776219266000
1776219267.99,267.99,0.61,74.0,0.57,10.6,0.8,1.28,0.9,28.9,0.2,1.28,0.1,28.9,0.39,74.0,0.43,10.6,0.19,0.19,0.093471,1776219267000
1776219269.094,269.094,0.61,74.0,0.57,10.6,0.8,1.28,0.9,28.9,0.2,1.28,0.1,28.9,0.39,74.0,0.43,10.6,0.19,0.19,0.093473,1776219268000
1776219270.112,270.112,0.61,74.0,0.57,10.6,0.8,1.28,0.9,28.9,0.2,1.28,0.1,28.9,0.39,74.0,0.43,10.6,0.19,0.19,0.093479,1776219269000
1776219271.138,271.138,0.61,74.0,0.57,10.6,0.8,1.28,0.9,28.9,0.2,1.28,0.1,28.9,0.39,74.0,0.43,10.6,0.19,0.19,0.093481,1776219270000
1776219272.352,272.352,0.61,74.0,0.57,10.6,0.8,1.28,0.9,28.9,0.2,1.28,0.1,28.9,0.39,74.0,0.43,10.6,0.19,0.19,0.09348,1776219271000
1776219273.351,273.351,0.61,74.0,0.57,10.6,0.8,1.28,0.9,28.9,0.2,1.28,0.1,28.9,0.39,74.0,0.43,10.6,0.19,0.19,0.09348,1776219272000
1776219273.901,273.901,0.61,74.0,0.57,10.6,0.8,1.28,0.9,28.9,0.2,1.28,0.1,28.9,0.39,74.0,0.43,10.6,0.19,0.19,0.09348,1776219273000
1776219274.833,274.833,0.71,12.6,0.7,12.4,0.91,44.5,0.92,45.29,0.2,1.28,0.1,28.9,0.39,74.0,0.43,10.6,0.2,0.19,0.09348,1776219273000
1776219275.995,275.995,0.71,12.6,0.7,12.4,0.91,44.5,0.92,45.29,0.09,44.5,0.08,45.29,0.29,12.6,0.3,12.4,0.2,0.2,0.093481,1776219275000
1776219277.049,277.049,0.71,12.6,0.7,12.4,0.91,44.5,0.92,45.29,0.09,44.5,0.08,45.29,0.29,12.6,0.3,12.4,0.2,0.2,0.093481,1776219276000
1776219278.029,278.029,0.71,12.6,0.7,12.4,0.91,44.5,0.92,45.29,0.09,44.5,0.08,45.29,0.29,12.6,0.3,12.4,0.2,0.2,0.093481,1776219277000
1776219279.038,279.038,0.71,12.6,0.7,12.4,0.91,44.5,0.92,45.29,0.09,44.5,0.08,45.29,0.29,12.6,0.3,12.4,0.2,0.2,0.093481,1776219278000
1776219280.066,280.066,0.71,12.6,0.7,12.4,0.91,44.5,0.92,45.29,0.09,44.5,0.08,45.29,0.29,12.6,0.3,12.4,0.2,0.2,0.093481,1776219279000
1776219281.001,281.001,0.71,12.6,0.7,12.4,0.91,44.5,0.92,45.29,0.09,44.5,0.08,45.29,0.29,12.6,0.3,12.4,0.2,0.2,0.093481,1776219280000
1776219282.065,282.065,0.71,12.6,0.7,12.4,0.91,44.5,0.92,45.29,0.09,44.5,0.08,45.29,0.29,12.6,0.3,12.4,0.2,0.2,0.093479,1776219281000
1776219282.713,282.713,0.91,5.0,0.71,50.0,0.92,1.31,0.93,10.0,0.09,44.5,0.08,45.29,0.29,12.6,0.3,12.4,0.01,0.2,0.093479,1776219281000
1776219283.032,283.032,0.91,5.0,0.71,50.0,0.92,1.31,0.93,10.0,0.08,1.31,0.07,10.0,0.09,5.0,0.29,50.0,0.01,0.01,0.093477,1776219282000
1776219284.057,284.057,0.91,5.0,0.71,50.0,0.92,1.31,0.93,10.0,0.08,1.31,0.07,10.0,0.09,5.0,0.29,50.0,0.01,0.01,0.093477,1776219283000
1776219285.019,285.019,0.91,5.0,0.71,50.0,0.92,1.31,0.93,10.0,0.08,1.31,0.07,10.0,0.09,5.0,0.29,50.0,0.01,0.01,0.093477,1776219284000
1776219286.078,286.078,0.91,5.0,0.71,50.0,0.92,0.22,0.93,10.0,0.08,1.31,0.07,10.0,0.09,5.0,0.29,50.0,0.01,0.01,0.093477,1776219284000
1776219286.578,286.578,0.91,5.0,0.71,50.0,0.92,0.22,0.93,10.0,0.08,0.22,0.07,10.0,0.09,5.0,0.29,50.0,0.01,0.01,0.093477,1776219285000
1776219287.592,287.592,0.91,5.0,0.71,50.0,0.92,0.22,0.93,10.0,0.08,0.22,0.07,10.0,0.09,5.0,0.29,50.0,0.01,0.01,0.093478,1776219286000
1776219288.135,288.135,0.91,5.0,0.71,50.0,0.92,0.22,0.93,10.0,0.08,0.22,0.07,10.0,0.09,5.0,0.29,50.0,0.01,0.01,0.093477,1776219287000
1776219289.412,289.412,0.91,5.0,0.71,50.0,0.92,0.22,0.93,10.0,0.08,0.22,0.07,10.0,0.09,5.0,0.29,50.0,0.01,0.01,0.093476,1776219288000
1776219290.1,290.1,0.91,5.0,0.71,50.0,0.92,0.22,0.93,10.0,0.08,0.22,0.07,10.0,0.09,5.0,0.29,50.0,0.01,0.01,0.093475,1776219289000
1776219291.825,291.825,0.91,5.0,0.71,50.0,0.92,0.22,0.93,10.0,0.08,0.22,0.07,10.0,0.09,5.0,0.29,50.0,0.01,0.01,0.093477,1776219291000
1776219293.079,293.079,0.91,5.0,0.71,50.0,0.92,0.22,0.93,10.0,0.08,0.22,0.07,10.0,0.09,5.0,0.29,50.0,0.01,0.01,0.093476,1776219292000
1776219294.105,294.105,0.91,5.0,0.71,50.0,0.92,0.22,0.93,10.0,0.08,0.22,0.07,10.0,0.09,5.0,0.29,50.0,0.01,0.01,0.093477,1776219293000
1776219294.543,294.543,0.91,5.0,0.81,50.0,0.96,4.52,0.97,100.0,0.08,0.22,0.07,10.0,0.09,5.0,0.29,50.0,0.05,0.01,0.093477,1776219293000
1776219295.196,295.196,0.91,5.0,0.81,50.0,0.96,4.52,0.97,100.0,0.04,4.52,0.03,100.0,0.09,5.0,0.19,50.0,0.05,0.05,0.093479,1776219294000
1776219296.265,296.265,0.91,5.0,0.81,50.0,0.96,4.52,0.97,100.0,0.04,4.52,0.03,100.0,0.09,5.0,0.19,50.0,0.05,0.05,0.093477,1776219295000
1776219297.386,297.386,0.91,5.0,0.81,50.0,0.96,3.38,0.97,100.0,0.04,3.38,0.03,100.0,0.09,5.0,0.19,50.0,0.05,0.05,0.093479,1776219296000
1776219298.062,298.062,0.81,50.0,0.71,50.0,0.97,88.81,0.98,15.0,0.03,88.81,0.02,15.0,0.19,50.0,0.29,50.0,0.16,0.16,0.093479,1776219297000
1776219298.453,298.453,0.81,50.0,0.71,50.0,0.97,82.52,0.98,15.0,0.03,83.65,0.02,15.0,0.19,50.0,0.29,50.0,0.16,0.16,0.093479,1776219297000
1776219298.661,298.661,0.81,50.0,0.71,50.0,0.97,72.52,0.98,15.0,0.03,82.52,0.02,15.0,0.19,50.0,0.29,50.0,0.16,0.16,0.093479,1776219297000
1776219299.1,299.1,0.5,118.56,0.12,20.0,0.97,31.16,0.98,15.0,0.03,41.9,0.02,15.0,0.19,50.0,0.29,50.0,0.47,0.16,0.093479,1776219297000
1776219299.373,299.373,0.77,5.0,0.6,6.0,0.97,26.11,0.98,15.0,0.03,31.16,0.02,15.0,0.5,118.56,0.88,20.0,0.2,0.47,0.093479,1776219298000
1776219299.629,299.629,0.77,5.0,0.6,6.0,0.99,74.49,,,0.01,75.51,,,0.23,5.0,0.4,6.0,0.22,0.22,0.093479,1776219298000
1776219299.879,299.879,0.97,10.3,0.8,5.0,0.99,68.49,,,0.01,74.49,,,0.23,5.0,0.4,6.0,0.02,0.22,0.093479,1776219298000
1776219300.315,300.315,0.99,188.52,0.97,10.3,,,,,,,,,0.01,188.52,0.03,10.3,,,0.093475,1776219299000
1776219300.527,300.527,0.99,8155.12,0.97,10.3,,,,,,,,,0.01,188.52,0.03,10.3,,,0.093475,1776219299000
1776219300.839,300.839,0.99,7980.12,0.97,10.3,,,,,,,,,0.01,8055.12,0.03,10.3,,,0.093475,1776219299000
1776219302.402,302.402,0.99,7980.12,0.97,10.3,,,,,,,,,0.01,7980.12,0.03,10.3,,,0.093479,1776219301000

# RESULT,winner=Up,slug=doge-updown-5m-1776219000,ticks=309
