timestamp,elapsed_sec,up_bid_p1,up_bid_s1,up_bid_p2,up_bid_s2,up_ask_p1,up_ask_s1,up_ask_p2,up_ask_s2,down_bid_p1,down_bid_s1,down_bid_p2,down_bid_s2,down_ask_p1,down_ask_s1,down_ask_p2,down_ask_s2,up_spread,down_spread,doge_price,doge_oracle_ts
1776221411.129,11.129,,,,,,,,,,,,,,,,,,,0.093045,1776221410000
1776221411.348,11.348,0.56,5.0,0.55,5.0,0.6,20.0,0.61,10.0,0.4,20.0,0.39,10.0,0.44,5.0,0.45,5.0,0.04,0.04,0.093045,1776221410000
1776221411.65,11.65,0.56,5.0,0.55,5.0,0.6,20.0,0.61,10.0,0.4,20.0,0.39,10.0,0.44,5.0,0.45,5.0,0.04,0.04,0.093045,1776221410000
1776221412.187,12.187,0.56,5.0,0.55,5.0,0.6,20.0,0.61,10.0,0.4,20.0,0.39,10.0,0.44,5.0,0.45,5.0,0.04,0.04,0.093043,1776221411000
1776221413.119,13.119,0.56,5.0,0.55,5.0,0.6,20.0,0.61,10.0,0.4,20.0,0.39,10.0,0.44,5.0,0.45,5.0,0.04,0.04,0.093045,1776221412000
1776221414.081,14.081,0.56,5.0,0.55,5.0,0.6,20.0,0.61,10.0,0.4,20.0,0.39,10.0,0.44,5.0,0.45,5.0,0.04,0.04,0.093045,1776221413000
1776221415.13,15.13,0.56,5.0,0.55,5.0,0.6,20.0,0.61,10.0,0.4,20.0,0.39,10.0,0.44,5.0,0.45,5.0,0.04,0.04,0.093049,1776221414000
1776221416.128,16.128,0.56,5.0,0.55,5.0,0.6,20.0,0.61,10.0,0.4,20.0,0.39,10.0,0.44,5.0,0.45,5.0,0.04,0.04,0.093049,1776221415000
1776221417.121,17.121,0.56,5.0,0.55,5.0,0.6,20.0,0.61,10.0,0.4,20.0,0.39,10.0,0.44,5.0,0.45,5.0,0.04,0.04,0.093049,1776221416000
1776221418.173,18.173,0.56,5.0,0.55,5.0,0.6,20.0,0.61,10.0,0.4,20.0,0.39,10.0,0.44,5.0,0.45,5.0,0.04,0.04,0.093049,1776221417000
1776221419.289,19.289,0.56,5.0,0.55,5.0,0.6,20.0,0.61,10.0,0.4,20.0,0.39,10.0,0.44,5.0,0.45,5.0,0.04,0.04,0.093046,1776221418000
1776221420.294,20.294,0.56,5.0,0.55,5.0,0.6,20.0,0.61,10.0,0.4,20.0,0.39,10.0,0.44,5.0,0.45,5.0,0.04,0.04,0.093049,1776221419000
1776221421.282,21.282,0.56,5.0,0.55,5.0,0.6,20.0,0.61,10.0,0.4,20.0,0.39,10.0,0.44,5.0,0.45,5.0,0.04,0.04,0.093049,1776221420000
1776221422.407,22.407,0.56,5.0,0.55,5.0,0.6,20.0,0.61,10.0,0.4,20.0,0.39,10.0,0.44,5.0,0.45,5.0,0.04,0.04,0.093049,1776221421000
1776221422.92,22.92,0.56,5.0,0.55,5.0,0.6,20.0,0.61,10.0,0.4,20.0,0.39,10.0,0.44,5.0,0.45,5.0,0.04,0.04,0.093049,1776221422000
1776221423.954,23.954,0.56,5.0,0.55,5.0,0.6,20.0,0.61,10.0,0.4,20.0,0.39,10.0,0.44,5.0,0.45,5.0,0.04,0.04,0.093049,1776221423000
1776221424.193,24.193,0.59,5.0,0.45,20.0,0.62,5.0,0.64,10.0,0.4,20.0,0.39,10.0,0.44,5.0,0.45,5.0,0.03,0.04,0.093049,1776221423000
1776221424.564,24.564,0.59,5.0,0.44,20.0,0.62,5.0,0.64,10.0,0.38,5.0,0.36,10.0,0.41,5.0,0.55,20.0,0.03,0.03,0.093049,1776221423000
1776221424.973,24.973,0.59,5.0,0.44,20.0,0.62,5.0,0.64,10.0,0.38,5.0,0.36,10.0,0.41,5.0,0.56,20.0,0.03,0.03,0.093049,1776221424000
1776221425.306,25.306,0.58,5.0,0.44,20.0,0.61,10.0,0.62,5.0,0.38,5.0,0.36,10.0,0.41,5.0,0.56,20.0,0.03,0.03,0.093049,1776221424000
1776221425.965,25.965,0.58,5.0,0.44,20.0,0.61,10.0,0.62,5.0,0.39,10.0,0.38,5.0,0.42,5.0,0.56,20.0,0.03,0.03,0.093055,1776221425000
1776221427.036,27.036,0.58,5.0,0.44,20.0,0.61,10.0,0.62,5.0,0.39,10.0,0.38,5.0,0.42,5.0,0.56,20.0,0.03,0.03,0.093061,1776221426000
1776221427.979,27.979,0.61,21.0,0.54,20.0,0.65,10.0,0.68,11.0,0.39,10.0,0.38,5.0,0.42,5.0,0.56,20.0,0.04,0.03,0.093061,1776221426000
1776221429.181,29.181,0.61,21.0,0.54,20.0,0.65,10.0,0.68,11.0,0.35,10.0,0.32,11.0,0.39,21.0,0.46,20.0,0.04,0.04,0.093069,1776221428000
1776221430.205,30.205,0.61,21.0,0.54,20.0,0.65,10.0,0.68,11.0,0.35,10.0,0.32,11.0,0.39,21.0,0.46,20.0,0.04,0.04,0.093079,1776221429000
1776221430.875,30.875,0.68,5.0,0.57,20.0,0.73,7.0,0.76,23.0,0.35,10.0,0.32,11.0,0.39,21.0,0.46,20.0,0.05,0.04,0.093079,1776221429000
1776221431.907,31.907,0.68,5.0,0.57,20.0,0.73,7.0,0.76,23.0,0.27,7.0,0.24,23.0,0.32,5.0,0.43,20.0,0.05,0.05,0.093083,1776221430000
1776221432.977,32.977,0.68,5.0,0.57,20.0,0.73,7.0,0.76,23.0,0.27,7.0,0.24,23.0,0.32,5.0,0.43,20.0,0.05,0.05,0.093085,1776221431000
1776221433.592,33.592,0.68,5.0,0.57,20.0,0.73,7.0,0.76,23.0,0.27,7.0,0.24,23.0,0.32,5.0,0.43,20.0,0.05,0.05,0.093085,1776221432000
1776221434.478,34.478,0.68,5.0,0.57,20.0,0.73,7.0,0.76,23.0,0.27,7.0,0.24,23.0,0.32,5.0,0.43,20.0,0.05,0.05,0.093086,1776221433000
1776221435.247,35.247,0.68,5.0,0.57,20.0,0.73,7.0,0.76,23.0,0.27,7.0,0.24,23.0,0.32,5.0,0.43,20.0,0.05,0.05,0.093086,1776221434000
1776221436.743,36.743,0.68,5.0,0.57,20.0,0.73,7.0,0.76,23.0,0.27,7.0,0.24,23.0,0.32,5.0,0.43,20.0,0.05,0.05,0.093085,1776221435000
1776221437.564,37.564,0.68,5.0,0.57,20.0,0.73,7.0,0.76,23.0,0.27,7.0,0.24,23.0,0.32,5.0,0.43,20.0,0.05,0.05,0.093086,1776221436000
1776221438.272,38.272,0.68,5.0,0.57,20.0,0.73,7.0,0.76,23.0,0.27,7.0,0.24,23.0,0.32,5.0,0.43,20.0,0.05,0.05,0.093086,1776221437000
1776221439.636,39.636,0.68,5.0,0.57,20.0,0.73,7.0,0.76,23.0,0.27,7.0,0.24,23.0,0.32,5.0,0.43,20.0,0.05,0.05,0.093086,1776221438000
1776221440.418,40.418,0.68,5.0,0.57,20.0,0.73,7.0,0.76,23.0,0.27,7.0,0.24,23.0,0.32,5.0,0.43,20.0,0.05,0.05,0.093087,1776221439000
1776221441.049,41.049,0.68,5.0,0.57,20.0,0.73,7.0,0.76,23.0,0.27,7.0,0.24,23.0,0.32,5.0,0.43,20.0,0.05,0.05,0.093087,1776221440000
1776221442.443,42.443,0.68,5.0,0.57,20.0,0.73,7.0,0.76,23.0,0.27,7.0,0.24,23.0,0.32,5.0,0.43,20.0,0.05,0.05,0.093088,1776221441000
1776221443.179,43.179,0.68,5.0,0.57,20.0,0.73,7.0,0.76,23.0,0.27,7.0,0.24,23.0,0.32,5.0,0.43,20.0,0.05,0.05,0.093088,1776221442000
1776221444.595,44.595,0.68,5.0,0.57,20.0,0.73,7.0,0.76,23.0,0.27,7.0,0.24,23.0,0.32,5.0,0.43,20.0,0.05,0.05,0.093088,1776221443000
1776221445.264,45.264,0.68,5.0,0.57,20.0,0.73,7.0,0.76,23.0,0.27,7.0,0.24,23.0,0.32,5.0,0.43,20.0,0.05,0.05,0.093088,1776221444000
1776221446.681,46.681,0.68,5.0,0.57,20.0,0.73,7.0,0.76,23.0,0.27,7.0,0.24,23.0,0.32,5.0,0.43,20.0,0.05,0.05,0.093089,1776221445000
1776221447.47,47.47,0.68,5.0,0.57,20.0,0.73,7.0,0.76,23.0,0.27,7.0,0.24,23.0,0.32,5.0,0.43,20.0,0.05,0.05,0.093089,1776221446000
1776221448.122,48.122,0.68,5.0,0.57,20.0,0.73,7.0,0.76,23.0,0.27,7.0,0.24,23.0,0.32,5.0,0.43,20.0,0.05,0.05,0.093089,1776221447000
1776221449.525,49.525,0.68,5.0,0.57,20.0,0.73,7.0,0.76,23.0,0.27,7.0,0.24,23.0,0.32,5.0,0.43,20.0,0.05,0.05,0.093089,1776221448000
1776221450.553,50.553,0.68,5.0,0.57,20.0,0.73,7.0,0.76,23.0,0.27,7.0,0.24,23.0,0.32,5.0,0.43,20.0,0.05,0.05,0.093089,1776221449000
1776221451.077,51.077,0.68,5.0,0.57,20.0,0.73,7.0,0.76,23.0,0.27,7.0,0.24,23.0,0.32,5.0,0.43,20.0,0.05,0.05,0.093089,1776221450000
1776221452.192,52.192,0.68,5.0,0.57,20.0,0.73,7.0,0.76,23.0,0.27,7.0,0.24,23.0,0.32,5.0,0.43,20.0,0.05,0.05,0.093089,1776221451000
1776221453.09,53.09,0.68,5.0,0.57,20.0,0.73,7.0,0.76,23.0,0.27,7.0,0.24,23.0,0.32,5.0,0.43,20.0,0.05,0.05,0.093089,1776221452000
1776221454.188,54.188,0.68,2.14,0.62,30.0,0.75,8.0,0.76,14.3,0.25,8.0,0.24,14.3,0.32,2.14,0.38,30.0,0.07,0.07,0.09309,1776221453000
1776221455.19,55.19,0.68,2.14,0.62,30.0,0.75,8.0,0.76,14.3,0.25,8.0,0.24,14.3,0.32,2.14,0.38,30.0,0.07,0.07,0.093089,1776221454000
1776221456.145,56.145,0.68,2.14,0.62,30.0,0.75,8.0,0.76,14.3,0.25,8.0,0.24,14.3,0.32,2.14,0.38,30.0,0.07,0.07,0.093088,1776221455000
1776221457.34,57.34,0.68,2.14,0.62,30.0,0.75,8.0,0.76,14.3,0.25,8.0,0.24,14.3,0.32,2.14,0.38,30.0,0.07,0.07,0.093088,1776221456000
1776221458.354,58.354,0.68,2.14,0.62,30.0,0.75,8.0,0.76,14.3,0.25,8.0,0.24,14.3,0.32,2.14,0.38,30.0,0.07,0.07,0.093089,1776221457000
1776221459.32,59.32,0.68,2.14,0.62,30.0,0.75,8.0,0.76,14.3,0.25,8.0,0.24,14.3,0.32,2.14,0.38,30.0,0.07,0.07,0.093089,1776221458000
1776221459.844,59.844,0.68,2.14,0.62,30.0,0.75,8.0,0.76,14.3,0.25,8.0,0.24,14.3,0.32,2.14,0.38,30.0,0.07,0.07,0.093089,1776221459000
1776221460.782,60.782,0.69,20.0,0.68,2.14,0.77,23.28,0.78,39.2,0.25,8.0,0.24,14.3,0.32,2.14,0.38,30.0,0.08,0.07,0.093089,1776221459000
1776221462.315,62.315,0.69,20.0,0.68,2.14,0.77,23.28,0.78,39.2,0.23,23.28,0.22,39.2,0.31,20.0,0.32,2.14,0.08,0.08,0.09309,1776221461000
1776221463.954,63.954,0.69,20.0,0.68,2.14,0.77,23.28,0.78,39.2,0.23,23.28,0.22,39.2,0.31,20.0,0.32,2.14,0.08,0.08,0.093089,1776221462000
1776221464.556,64.556,0.69,20.0,0.68,2.14,0.77,23.28,0.78,39.2,0.23,23.28,0.22,39.2,0.31,20.0,0.32,2.14,0.08,0.08,0.093089,1776221463000
1776221465.06,65.06,0.69,20.0,0.68,2.14,0.77,23.28,0.78,39.2,0.23,23.28,0.22,39.2,0.31,20.0,0.32,2.14,0.08,0.08,0.093089,1776221464000
1776221466.137,66.137,0.69,20.0,0.68,2.14,0.77,23.28,0.78,39.2,0.23,23.28,0.22,39.2,0.31,20.0,0.32,2.14,0.08,0.08,0.093089,1776221465000
1776221467.328,67.328,0.69,20.0,0.68,2.14,0.77,23.28,0.78,39.2,0.23,23.28,0.22,39.2,0.31,20.0,0.32,2.14,0.08,0.08,0.093089,1776221466000
1776221468.745,68.745,0.69,20.0,0.68,2.14,0.77,23.28,0.78,39.2,0.23,23.28,0.22,39.2,0.31,20.0,0.32,2.14,0.08,0.08,0.093088,1776221467000
1776221469.287,69.287,0.69,20.0,0.68,2.14,0.77,23.28,0.78,39.2,0.23,23.28,0.22,39.2,0.31,20.0,0.32,2.14,0.08,0.08,0.093087,1776221468000
1776221469.946,69.946,0.69,20.0,0.68,2.14,0.77,23.28,0.78,39.2,0.23,23.28,0.22,39.2,0.31,20.0,0.32,2.14,0.08,0.08,0.093087,1776221469000
1776221471.157,71.157,0.69,20.0,0.68,2.14,0.77,23.28,0.78,39.2,0.23,23.28,0.22,39.2,0.31,20.0,0.32,2.14,0.08,0.08,0.093088,1776221470000
1776221472.21,72.21,0.69,20.0,0.68,2.14,0.77,23.28,0.78,39.2,0.23,23.28,0.22,39.2,0.31,20.0,0.32,2.14,0.08,0.08,0.093089,1776221471000
1776221473.312,73.312,0.69,20.0,0.68,2.14,0.77,23.28,0.78,39.2,0.23,23.28,0.22,39.2,0.31,20.0,0.32,2.14,0.08,0.08,0.093088,1776221472000
1776221474.468,74.468,0.69,20.0,0.68,2.14,0.77,23.28,0.78,39.2,0.23,23.28,0.22,39.2,0.31,20.0,0.32,2.14,0.08,0.08,0.093089,1776221473000
1776221474.884,74.884,0.69,20.0,0.68,2.14,0.77,23.28,0.78,39.2,0.23,23.28,0.22,39.2,0.31,20.0,0.32,2.14,0.08,0.08,0.093089,1776221474000
1776221475.996,75.996,0.69,20.0,0.68,2.14,0.77,23.28,0.78,39.2,0.23,23.28,0.22,39.2,0.31,20.0,0.32,2.14,0.08,0.08,0.093094,1776221475000
1776221477.199,77.199,0.69,20.0,0.68,2.14,0.77,23.28,0.78,39.2,0.23,23.28,0.22,39.2,0.31,20.0,0.32,2.14,0.08,0.08,0.093097,1776221476000
1776221479.177,79.177,0.69,20.0,0.68,2.14,0.77,23.28,0.78,39.2,0.23,23.28,0.22,39.2,0.31,20.0,0.32,2.14,0.08,0.08,0.093098,1776221477000
1776221479.802,79.802,0.69,20.0,0.68,2.14,0.77,23.28,0.78,39.2,0.23,23.28,0.22,39.2,0.31,20.0,0.32,2.14,0.08,0.08,0.093098,1776221478000
1776221480.511,80.511,0.69,20.0,0.68,2.14,0.77,23.28,0.78,39.2,0.23,23.28,0.22,39.2,0.31,20.0,0.32,2.14,0.08,0.08,0.093098,1776221479000
1776221481.115,81.115,0.69,20.0,0.68,2.14,0.77,23.28,0.78,39.2,0.23,23.28,0.22,39.2,0.31,20.0,0.32,2.14,0.08,0.08,0.093098,1776221480000
1776221482.476,82.476,0.69,20.0,0.68,2.14,0.77,23.28,0.78,39.2,0.23,23.28,0.22,39.2,0.31,20.0,0.32,2.14,0.08,0.08,0.093099,1776221481000
1776221483.104,83.104,0.69,20.0,0.68,2.14,0.77,23.28,0.78,39.2,0.23,23.28,0.22,39.2,0.31,20.0,0.32,2.14,0.08,0.08,0.093099,1776221482000
1776221484.785,84.785,0.69,20.0,0.68,2.14,0.77,23.28,0.78,39.2,0.23,23.28,0.22,39.2,0.31,20.0,0.32,2.14,0.08,0.08,0.093109,1776221483000
1776221485.464,85.464,0.69,20.0,0.68,2.14,0.77,23.28,0.78,39.2,0.23,23.28,0.22,39.2,0.31,20.0,0.32,2.14,0.08,0.08,0.093109,1776221484000
1776221486.077,86.077,0.69,20.0,0.68,2.14,0.77,23.28,0.78,39.2,0.23,23.28,0.22,39.2,0.31,20.0,0.32,2.14,0.08,0.08,0.093109,1776221485000
1776221486.34,86.34,0.76,25.0,0.75,13.9,0.82,1.61,0.85,18.0,0.23,23.28,0.22,39.2,0.31,20.0,0.32,2.14,0.06,0.08,0.093109,1776221485000
1776221487.464,87.464,0.76,25.0,0.75,13.9,0.82,1.61,0.85,18.0,0.18,1.61,0.15,18.0,0.24,25.0,0.25,13.9,0.06,0.06,0.093113,1776221486000
1776221488.067,88.067,0.76,25.0,0.75,13.9,0.82,1.61,0.85,18.0,0.18,1.61,0.15,18.0,0.24,25.0,0.25,13.9,0.06,0.06,0.093116,1776221487000
1776221489.314,89.314,0.76,25.0,0.75,13.9,0.82,1.61,0.85,18.0,0.18,1.61,0.15,18.0,0.24,25.0,0.25,13.9,0.06,0.06,0.093117,1776221488000
1776221489.992,89.992,0.76,25.0,0.75,13.9,0.82,1.61,0.85,18.0,0.18,1.61,0.15,18.0,0.24,25.0,0.25,13.9,0.06,0.06,0.093122,1776221489000
1776221490.44,90.44,0.8,16.3,0.79,20.7,0.88,5.63,0.89,26.6,0.18,1.61,0.15,18.0,0.24,25.0,0.25,13.9,0.08,0.06,0.093122,1776221489000
1776221491.239,91.239,0.8,16.3,0.79,20.7,0.88,5.63,0.89,26.6,0.12,5.63,0.11,26.6,0.2,16.3,0.21,20.7,0.08,0.08,0.093122,1776221490000
1776221492.551,92.551,0.8,16.3,0.79,20.7,0.88,5.63,0.89,26.6,0.12,5.63,0.11,26.6,0.2,16.3,0.21,20.7,0.08,0.08,0.093122,1776221491000
1776221493.274,93.274,0.8,16.3,0.79,20.7,0.88,5.63,0.89,26.6,0.12,5.63,0.11,26.6,0.2,16.3,0.21,20.7,0.08,0.08,0.093122,1776221492000
1776221494.566,94.566,0.8,16.3,0.79,20.7,0.88,5.63,0.89,26.6,0.12,5.63,0.11,26.6,0.2,16.3,0.21,20.7,0.08,0.08,0.093121,1776221493000
1776221495.14,95.14,0.8,16.3,0.79,20.7,0.88,5.63,0.89,26.6,0.12,5.63,0.11,26.6,0.2,16.3,0.21,20.7,0.08,0.08,0.093122,1776221494000
1776221496.273,96.273,0.8,16.3,0.79,20.7,0.88,5.63,0.89,26.6,0.12,5.63,0.11,26.6,0.2,16.3,0.21,20.7,0.08,0.08,0.093121,1776221495000
1776221497.374,97.374,0.8,16.3,0.79,20.7,0.88,5.63,0.89,26.6,0.12,5.63,0.11,26.6,0.2,16.3,0.21,20.7,0.08,0.08,0.09312,1776221496000
1776221498.458,98.458,0.8,16.3,0.79,20.7,0.88,5.63,0.89,26.6,0.12,5.63,0.11,26.6,0.2,16.3,0.21,20.7,0.08,0.08,0.093122,1776221497000
1776221499.005,99.005,0.8,16.3,0.79,20.7,0.88,5.63,0.89,26.6,0.12,5.63,0.11,26.6,0.2,16.3,0.21,20.7,0.08,0.08,0.093123,1776221498000
1776221500.089,100.089,0.8,16.3,0.79,20.7,0.88,5.63,0.89,26.6,0.12,5.63,0.11,26.6,0.2,16.3,0.21,20.7,0.08,0.08,0.093123,1776221499000
1776221501.229,101.229,0.8,16.3,0.79,20.7,0.88,5.63,0.89,26.6,0.12,5.63,0.11,26.6,0.2,16.3,0.21,20.7,0.08,0.08,0.093123,1776221500000
1776221502.31,102.31,0.8,16.3,0.79,20.7,0.88,5.63,0.89,26.6,0.12,5.63,0.11,26.6,0.2,16.3,0.21,20.7,0.08,0.08,0.093119,1776221501000
1776221502.872,102.872,0.8,16.3,0.79,20.7,0.88,5.63,0.89,26.6,0.12,5.63,0.11,26.6,0.2,16.3,0.21,20.7,0.08,0.08,0.093122,1776221502000
1776221504.087,104.087,0.8,16.3,0.79,20.7,0.88,5.63,0.89,26.6,0.12,5.63,0.11,26.6,0.2,16.3,0.21,20.7,0.08,0.08,0.093118,1776221503000
1776221505.11,105.11,0.8,16.3,0.79,20.7,0.88,5.63,0.89,26.6,0.12,5.63,0.11,26.6,0.2,16.3,0.21,20.7,0.08,0.08,0.093117,1776221504000
1776221506.176,106.176,0.8,16.3,0.79,20.7,0.88,5.63,0.89,26.6,0.12,5.63,0.11,26.6,0.2,16.3,0.21,20.7,0.08,0.08,0.093117,1776221505000
1776221507.103,107.103,0.8,16.3,0.79,20.7,0.88,5.63,0.89,26.6,0.12,5.63,0.11,26.6,0.2,16.3,0.21,20.7,0.08,0.08,0.093121,1776221506000
1776221508.22,108.22,0.8,16.3,0.79,20.7,0.88,5.63,0.89,26.6,0.12,5.63,0.11,26.6,0.2,16.3,0.21,20.7,0.08,0.08,0.093121,1776221507000
1776221509.317,109.317,0.8,16.3,0.79,20.7,0.88,5.63,0.89,26.6,0.12,5.63,0.11,26.6,0.2,16.3,0.21,20.7,0.08,0.08,0.093121,1776221508000
1776221510.271,110.271,0.8,16.3,0.79,20.7,0.88,5.63,0.89,26.6,0.12,5.63,0.11,26.6,0.2,16.3,0.21,20.7,0.08,0.08,0.093121,1776221509000
1776221511.268,111.268,0.8,16.3,0.79,20.7,0.88,5.63,0.89,26.6,0.12,5.63,0.11,26.6,0.2,16.3,0.21,20.7,0.08,0.08,0.093122,1776221510000
1776221511.867,111.867,0.8,16.3,0.79,20.7,0.88,5.63,0.89,26.6,0.12,5.63,0.11,26.6,0.2,16.3,0.21,20.7,0.08,0.08,0.09312,1776221511000
1776221513.327,113.327,0.8,16.3,0.79,20.7,0.88,5.63,0.89,26.6,0.12,5.63,0.11,26.6,0.2,16.3,0.21,20.7,0.08,0.08,0.09312,1776221512000
1776221513.929,113.929,0.8,16.3,0.79,20.7,0.88,5.63,0.89,26.6,0.12,5.63,0.11,26.6,0.2,16.3,0.21,20.7,0.08,0.08,0.093121,1776221513000
1776221515.007,115.007,0.8,16.3,0.79,20.7,0.88,5.63,0.89,26.6,0.12,5.63,0.11,26.6,0.2,16.3,0.21,20.7,0.08,0.08,0.093121,1776221514000
1776221516.112,116.112,0.8,16.3,0.79,20.7,0.88,5.63,0.89,26.6,0.12,5.63,0.11,26.6,0.2,16.3,0.21,20.7,0.08,0.08,0.093122,1776221515000
1776221517.2,117.2,0.8,16.3,0.79,20.7,0.88,5.63,0.89,26.6,0.12,5.63,0.11,26.6,0.2,16.3,0.21,20.7,0.08,0.08,0.093122,1776221516000
1776221518.732,118.732,0.8,16.3,0.79,20.7,0.88,5.63,0.89,26.6,0.12,5.63,0.11,26.6,0.2,16.3,0.21,20.7,0.08,0.08,0.093121,1776221517000
1776221519.312,119.312,0.8,16.3,0.79,20.7,0.88,5.63,0.89,26.6,0.12,5.63,0.11,26.6,0.2,16.3,0.21,20.7,0.08,0.08,0.093121,1776221518000
1776221520.377,120.377,0.8,16.3,0.79,20.7,0.88,5.63,0.89,26.6,0.12,5.63,0.11,26.6,0.2,16.3,0.21,20.7,0.08,0.08,0.093121,1776221519000
1776221521.021,121.021,0.8,16.3,0.79,20.7,0.88,5.63,0.89,26.6,0.12,5.63,0.11,26.6,0.2,16.3,0.21,20.7,0.08,0.08,0.093121,1776221520000
1776221522.234,122.234,0.8,16.3,0.79,20.7,0.88,5.63,0.89,26.6,0.12,5.63,0.11,26.6,0.2,16.3,0.21,20.7,0.08,0.08,0.093121,1776221521000
1776221523.316,123.316,0.8,16.3,0.79,20.7,0.88,5.63,0.89,26.6,0.12,5.63,0.11,26.6,0.2,16.3,0.21,20.7,0.08,0.08,0.093125,1776221522000
1776221524.884,124.884,0.8,16.3,0.79,20.7,0.88,5.63,0.89,26.6,0.12,5.63,0.11,26.6,0.2,16.3,0.21,20.7,0.08,0.08,0.093124,1776221523000
1776221525.656,125.656,0.8,16.3,0.79,20.7,0.88,5.63,0.89,26.6,0.12,5.63,0.11,26.6,0.2,16.3,0.21,20.7,0.08,0.08,0.093124,1776221524000
1776221526.31,126.31,0.8,16.3,0.79,20.7,0.88,5.63,0.89,26.6,0.12,5.63,0.11,26.6,0.2,16.3,0.21,20.7,0.08,0.08,0.093124,1776221525000
1776221526.959,126.959,0.8,16.3,0.79,20.7,0.88,5.63,0.89,26.6,0.12,5.63,0.11,26.6,0.2,16.3,0.21,20.7,0.08,0.08,0.093123,1776221526000
1776221528.54,128.54,0.83,19.0,0.82,17.6,0.88,5.0,0.9,28.9,0.12,5.63,0.11,26.6,0.2,16.3,0.21,20.7,0.05,0.08,0.093123,1776221526000
1776221529.217,129.217,0.83,19.0,0.82,17.6,0.88,5.0,0.9,28.9,0.12,5.0,0.1,28.9,0.17,19.0,0.18,17.6,0.05,0.05,0.093123,1776221528000
1776221530.351,130.351,0.83,19.0,0.82,17.6,0.88,5.0,0.9,28.9,0.12,5.0,0.1,28.9,0.17,19.0,0.18,17.6,0.05,0.05,0.093123,1776221529000
1776221531.082,131.082,0.83,19.0,0.82,17.6,0.88,5.0,0.9,28.9,0.12,5.0,0.1,28.9,0.17,19.0,0.18,17.6,0.05,0.05,0.093123,1776221530000
1776221532.338,132.338,0.83,19.0,0.82,17.6,0.88,5.0,0.9,28.9,0.12,5.0,0.1,28.9,0.17,19.0,0.18,17.6,0.05,0.05,0.093123,1776221531000
1776221533.005,133.005,0.83,19.0,0.82,17.6,0.88,5.0,0.9,28.9,0.12,5.0,0.1,28.9,0.17,19.0,0.18,17.6,0.05,0.05,0.093122,1776221532000
1776221534.42,134.42,0.83,19.0,0.82,17.6,0.88,5.0,0.9,28.9,0.12,5.0,0.1,28.9,0.17,19.0,0.18,17.6,0.05,0.05,0.093123,1776221533000
1776221535.074,135.074,0.83,19.0,0.82,17.6,0.88,5.0,0.9,28.9,0.12,5.0,0.1,28.9,0.17,19.0,0.18,17.6,0.05,0.05,0.093123,1776221534000
1776221536.442,136.442,0.83,19.0,0.82,17.6,0.88,5.0,0.9,28.9,0.12,5.0,0.1,28.9,0.17,19.0,0.18,17.6,0.05,0.05,0.093123,1776221535000
1776221536.973,136.973,0.84,19.0,0.83,18.39,0.91,58.7,0.92,45.29,0.09,58.7,0.08,45.29,0.16,19.0,0.17,18.39,0.07,0.07,0.093123,1776221536000
1776221538.279,138.279,0.84,19.0,0.83,18.39,0.91,58.7,0.92,45.29,0.09,58.7,0.08,45.29,0.16,19.0,0.17,18.39,0.07,0.07,0.093123,1776221537000
1776221539.64,139.64,0.84,19.0,0.83,18.39,0.91,58.7,0.92,45.29,0.09,58.7,0.08,45.29,0.16,19.0,0.17,18.39,0.07,0.07,0.093122,1776221538000
1776221540.226,140.226,0.84,19.0,0.83,18.39,0.91,58.7,0.92,45.29,0.09,58.7,0.08,45.29,0.16,19.0,0.17,18.39,0.07,0.07,0.093114,1776221539000
1776221543.105,143.105,0.84,19.0,0.83,18.39,0.91,58.7,0.92,45.29,0.09,58.7,0.08,45.29,0.16,19.0,0.17,18.39,0.07,0.07,0.093109,1776221542000
1776221544.836,144.836,0.84,19.0,0.83,18.39,0.91,58.7,0.92,45.29,0.09,58.7,0.08,45.29,0.16,19.0,0.17,18.39,0.07,0.07,0.093109,1776221543000
1776221545.597,145.597,0.84,19.0,0.83,18.39,0.91,58.7,0.92,45.29,0.09,58.7,0.08,45.29,0.16,19.0,0.17,18.39,0.07,0.07,0.093109,1776221544000
1776221546.132,146.132,0.84,19.0,0.83,18.39,0.91,58.7,0.92,45.29,0.09,58.7,0.08,45.29,0.16,19.0,0.17,18.39,0.07,0.07,0.09311,1776221545000
1776221547.365,147.365,0.84,19.0,0.83,18.39,0.91,58.7,0.92,45.29,0.09,58.7,0.08,45.29,0.16,19.0,0.17,18.39,0.07,0.07,0.09311,1776221546000
1776221548.487,148.487,0.84,19.0,0.83,18.39,0.91,58.7,0.92,45.29,0.09,58.7,0.08,45.29,0.16,19.0,0.17,18.39,0.07,0.07,0.09311,1776221547000
1776221549.111,149.111,0.84,19.0,0.83,18.39,0.91,58.7,0.92,45.29,0.09,58.7,0.08,45.29,0.16,19.0,0.17,18.39,0.07,0.07,0.09311,1776221548000
1776221550.205,150.205,0.84,19.0,0.83,18.39,0.91,58.7,0.92,45.29,0.09,58.7,0.08,45.29,0.16,19.0,0.17,18.39,0.07,0.07,0.09311,1776221549000
1776221551.369,151.369,0.81,50.0,0.8,16.3,0.89,25.47,0.9,28.9,0.09,58.7,0.08,45.29,0.16,19.0,0.17,18.39,0.08,0.07,0.09311,1776221549000
1776221552.01,152.01,0.81,50.0,0.8,16.3,0.89,25.47,0.9,28.9,0.11,25.47,0.1,28.9,0.19,50.0,0.2,16.3,0.08,0.08,0.09311,1776221551000
1776221553.169,153.169,0.81,47.0,0.8,16.3,0.89,25.47,0.9,28.9,0.11,25.47,0.1,28.9,0.19,47.0,0.2,16.3,0.08,0.08,0.093109,1776221552000
1776221554.564,154.564,0.81,47.0,0.8,16.3,0.89,25.47,0.9,28.9,0.11,25.47,0.1,28.9,0.19,47.0,0.2,16.3,0.08,0.08,0.09311,1776221553000
1776221555.691,155.691,0.81,47.0,0.8,16.3,0.89,25.47,0.9,28.9,0.11,25.47,0.1,28.9,0.19,47.0,0.2,16.3,0.08,0.08,0.09311,1776221554000
1776221556.214,156.214,0.81,47.0,0.8,16.3,0.89,25.47,0.9,28.9,0.11,25.47,0.1,28.9,0.19,47.0,0.2,16.3,0.08,0.08,0.09311,1776221555000
1776221557.467,157.467,0.81,47.0,0.8,16.3,0.89,25.47,0.9,28.9,0.11,25.47,0.1,28.9,0.19,47.0,0.2,16.3,0.08,0.08,0.093108,1776221556000
1776221558.298,158.298,0.81,47.0,0.8,16.3,0.89,25.47,0.9,28.9,0.11,25.47,0.1,28.9,0.19,47.0,0.2,16.3,0.08,0.08,0.093109,1776221557000
1776221559.129,159.129,0.81,47.0,0.8,16.3,0.89,25.47,0.9,28.9,0.11,25.47,0.1,28.9,0.19,47.0,0.2,16.3,0.08,0.08,0.09311,1776221558000
1776221560.17,160.17,0.81,47.0,0.8,16.3,0.89,25.47,0.9,28.9,0.11,25.47,0.1,28.9,0.19,47.0,0.2,16.3,0.08,0.08,0.093109,1776221559000
1776221561.213,161.213,0.81,47.0,0.8,16.3,0.89,25.47,0.9,28.9,0.11,25.47,0.1,28.9,0.19,47.0,0.2,16.3,0.08,0.08,0.093105,1776221560000
1776221562.273,162.273,0.81,47.0,0.8,16.3,0.89,25.47,0.9,28.9,0.11,25.47,0.1,28.9,0.19,47.0,0.2,16.3,0.08,0.08,0.093109,1776221561000
1776221563.294,163.294,0.81,47.0,0.8,16.3,0.89,25.47,0.9,28.9,0.11,25.47,0.1,28.9,0.19,47.0,0.2,16.3,0.08,0.08,0.09311,1776221562000
1776221564.305,164.305,0.81,47.0,0.8,16.3,0.89,25.47,0.9,28.9,0.11,25.47,0.1,28.9,0.19,47.0,0.2,16.3,0.08,0.08,0.09311,1776221563000
1776221565.425,165.425,0.81,47.0,0.8,16.3,0.89,25.47,0.9,28.9,0.11,25.47,0.1,28.9,0.19,47.0,0.2,16.3,0.08,0.08,0.09311,1776221564000
1776221565.917,165.917,0.81,47.0,0.8,16.3,0.89,25.47,0.9,28.9,0.11,25.47,0.1,28.9,0.19,47.0,0.2,16.3,0.08,0.08,0.09311,1776221565000
1776221566.883,166.883,0.81,47.0,0.8,16.3,0.89,25.47,0.9,28.9,0.11,25.47,0.1,28.9,0.19,47.0,0.2,16.3,0.08,0.08,0.093109,1776221566000
1776221567.89,167.89,0.81,47.0,0.8,16.3,0.89,25.47,0.9,28.9,0.11,25.47,0.1,28.9,0.19,47.0,0.2,16.3,0.08,0.08,0.09311,1776221567000
1776221568.922,168.922,0.81,47.0,0.8,16.3,0.89,25.47,0.9,28.9,0.11,25.47,0.1,28.9,0.19,47.0,0.2,16.3,0.08,0.08,0.09311,1776221568000
1776221569.896,169.896,0.81,47.0,0.8,16.3,0.89,25.47,0.9,28.9,0.11,25.47,0.1,28.9,0.19,47.0,0.2,16.3,0.08,0.08,0.09311,1776221569000
1776221571.249,171.249,0.82,19.0,0.79,14.0,0.88,23.46,0.89,26.6,0.11,25.47,0.1,28.9,0.19,47.0,0.2,16.3,0.06,0.08,0.09311,1776221569000
1776221572.346,172.346,0.82,19.0,0.79,14.0,0.88,23.46,0.89,26.6,0.12,23.46,0.11,26.6,0.18,19.0,0.21,14.0,0.06,0.06,0.093101,1776221571000
1776221573.22,173.22,0.82,19.0,0.79,14.0,0.88,23.46,0.89,26.6,0.12,23.46,0.11,26.6,0.18,19.0,0.21,14.0,0.06,0.06,0.093091,1776221572000
1776221573.615,173.615,0.71,50.0,0.7,32.4,0.83,1.48,0.84,19.3,0.12,23.46,0.11,26.6,0.18,19.0,0.21,14.0,0.12,0.06,0.093091,1776221572000
1776221574.325,174.325,0.71,50.0,0.7,32.4,0.83,1.48,0.84,19.3,0.17,1.48,0.16,19.3,0.29,50.0,0.3,32.4,0.12,0.12,0.093086,1776221573000
1776221575.421,175.421,0.71,50.0,0.7,32.4,0.83,1.48,0.84,19.3,0.17,1.48,0.16,19.3,0.29,50.0,0.3,32.4,0.12,0.12,0.093086,1776221574000
1776221575.925,175.925,0.71,50.0,0.7,32.4,0.83,1.48,0.84,19.3,0.17,1.48,0.16,19.3,0.29,50.0,0.3,32.4,0.12,0.12,0.093086,1776221575000
1776221577.115,177.115,0.71,50.0,0.7,32.4,0.83,1.48,0.84,19.3,0.17,1.48,0.16,19.3,0.29,50.0,0.3,32.4,0.12,0.12,0.093083,1776221576000
1776221578.066,178.066,0.71,50.0,0.7,32.4,0.83,1.48,0.84,19.3,0.17,1.48,0.16,19.3,0.29,50.0,0.3,32.4,0.12,0.12,0.093083,1776221577000
1776221579.085,179.085,0.71,50.0,0.7,32.4,0.83,1.48,0.84,19.3,0.17,1.48,0.16,19.3,0.29,50.0,0.3,32.4,0.12,0.12,0.093083,1776221578000
1776221579.536,179.536,0.72,19.0,0.71,62.6,0.83,18.34,0.84,19.3,0.17,1.48,0.16,19.3,0.29,50.0,0.3,32.4,0.11,0.12,0.093083,1776221578000
1776221580.262,180.262,0.72,19.0,0.71,62.6,0.83,18.34,0.84,19.3,0.17,18.34,0.16,19.3,0.28,19.0,0.29,62.6,0.11,0.11,0.093083,1776221579000
1776221581.372,181.372,0.72,19.0,0.71,62.6,0.83,18.34,0.84,19.3,0.17,18.34,0.16,19.3,0.28,19.0,0.29,62.6,0.11,0.11,0.093082,1776221580000
1776221581.934,181.934,0.72,19.0,0.71,62.6,0.83,18.34,0.84,19.3,0.17,18.34,0.16,19.3,0.28,19.0,0.29,62.6,0.11,0.11,0.093082,1776221581000
1776221583.06,183.06,0.72,19.0,0.71,62.6,0.83,18.34,0.84,19.3,0.17,18.34,0.16,19.3,0.28,19.0,0.29,62.6,0.11,0.11,0.093081,1776221582000
1776221584.147,184.147,0.72,19.0,0.71,62.6,0.83,18.34,0.84,19.3,0.17,18.34,0.16,19.3,0.28,19.0,0.29,62.6,0.11,0.11,0.093078,1776221583000
1776221585.283,185.283,0.71,72.6,0.7,23.4,0.82,6.95,0.83,18.34,0.18,6.95,0.17,18.34,0.29,72.6,0.3,23.4,0.11,0.11,0.093084,1776221584000
1776221586.335,186.335,0.71,72.6,0.7,23.4,0.82,6.95,0.83,18.34,0.18,6.95,0.17,18.34,0.29,72.6,0.3,23.4,0.11,0.11,0.093081,1776221585000
1776221587.635,187.635,0.71,72.6,0.7,23.4,0.82,6.95,0.83,18.34,0.18,6.95,0.17,18.34,0.29,72.6,0.3,23.4,0.11,0.11,0.09308,1776221586000
1776221588.303,188.303,0.71,72.6,0.7,23.4,0.82,6.95,0.83,18.34,0.18,6.95,0.17,18.34,0.29,72.6,0.3,23.4,0.11,0.11,0.09308,1776221587000
1776221589.572,189.572,0.71,72.6,0.7,23.4,0.82,6.95,0.83,18.34,0.18,6.95,0.17,18.34,0.29,72.6,0.3,23.4,0.11,0.11,0.093079,1776221588000
1776221590.182,190.182,0.71,72.6,0.7,23.4,0.82,6.95,0.83,18.34,0.18,6.95,0.17,18.34,0.29,72.6,0.3,23.4,0.11,0.11,0.093075,1776221589000
1776221591.546,191.546,0.71,72.6,0.7,23.4,0.82,6.95,0.83,18.34,0.18,6.95,0.17,18.34,0.29,72.6,0.3,23.4,0.11,0.11,0.093079,1776221590000
1776221592.138,192.138,0.71,72.6,0.7,23.4,0.82,6.95,0.83,18.34,0.18,6.95,0.17,18.34,0.29,72.6,0.3,23.4,0.11,0.11,0.093079,1776221591000
1776221593.443,193.443,0.71,72.6,0.7,23.4,0.82,6.95,0.83,18.34,0.18,6.95,0.17,18.34,0.29,72.6,0.3,23.4,0.11,0.11,0.09308,1776221592000
1776221594.057,194.057,0.71,72.6,0.7,23.4,0.82,6.95,0.83,18.34,0.18,6.95,0.17,18.34,0.29,72.6,0.3,23.4,0.11,0.11,0.09308,1776221593000
1776221595.3,195.3,0.71,72.6,0.7,23.4,0.82,6.95,0.83,18.34,0.18,6.95,0.17,18.34,0.29,72.6,0.3,23.4,0.11,0.11,0.093081,1776221594000
1776221595.559,195.559,0.71,10.0,0.64,11.3,0.78,7.2,0.79,15.7,0.18,6.95,0.17,18.34,0.29,72.6,0.3,23.4,0.07,0.11,0.093081,1776221594000
1776221596.553,196.553,0.71,10.0,0.64,11.3,0.78,7.2,0.79,15.7,0.22,7.2,0.21,15.7,0.29,10.0,0.36,11.3,0.07,0.07,0.093081,1776221595000
1776221597.094,197.094,0.71,10.0,0.64,11.3,0.78,7.2,0.79,15.7,0.22,7.2,0.21,15.7,0.29,10.0,0.36,11.3,0.07,0.07,0.09308,1776221596000
1776221598.423,198.423,0.71,10.0,0.64,11.3,0.78,7.2,0.79,15.7,0.22,7.2,0.21,15.7,0.29,10.0,0.36,11.3,0.07,0.07,0.09308,1776221597000
1776221598.959,198.959,0.71,10.0,0.64,11.3,0.78,7.2,0.79,15.7,0.22,7.2,0.21,15.7,0.29,10.0,0.36,11.3,0.07,0.07,0.09308,1776221598000
1776221600.524,200.524,0.71,10.0,0.64,11.3,0.78,7.2,0.79,15.7,0.22,7.2,0.21,15.7,0.29,10.0,0.36,11.3,0.07,0.07,0.093084,1776221599000
1776221601.233,201.233,0.71,10.0,0.64,11.3,0.78,7.2,0.79,15.7,0.22,7.2,0.21,15.7,0.29,10.0,0.36,11.3,0.07,0.07,0.093088,1776221600000
1776221602.49,202.49,0.71,10.0,0.64,11.3,0.78,7.2,0.79,15.7,0.22,7.2,0.21,15.7,0.29,10.0,0.36,11.3,0.07,0.07,0.093087,1776221601000
1776221603.092,203.092,0.71,10.0,0.64,11.3,0.78,7.2,0.79,15.7,0.22,7.2,0.21,15.7,0.29,10.0,0.36,11.3,0.07,0.07,0.093087,1776221602000
1776221604.269,204.269,0.71,10.0,0.64,11.3,0.78,7.2,0.79,15.7,0.22,7.2,0.21,15.7,0.29,10.0,0.36,11.3,0.07,0.07,0.093087,1776221603000
1776221606.353,206.353,0.71,10.0,0.64,11.3,0.78,7.2,0.79,15.7,0.22,7.2,0.21,15.7,0.29,10.0,0.36,11.3,0.07,0.07,0.093101,1776221605000
1776221607.007,207.007,0.71,10.0,0.64,11.3,0.78,7.2,0.79,15.7,0.22,7.2,0.21,15.7,0.29,10.0,0.36,11.3,0.07,0.07,0.093101,1776221606000
1776221608.62,208.62,0.71,10.0,0.64,11.3,0.78,7.2,0.79,15.7,0.22,7.2,0.21,15.7,0.29,10.0,0.36,11.3,0.07,0.07,0.093105,1776221607000
1776221608.917,208.917,0.87,13.18,0.86,21.6,0.92,10.0,0.93,200.0,0.22,7.2,0.21,15.7,0.29,10.0,0.36,11.3,0.05,0.07,0.093105,1776221607000
1776221609.329,209.329,0.87,13.18,0.86,21.6,0.92,10.0,0.93,200.0,0.08,10.0,0.07,200.0,0.13,13.18,0.14,21.6,0.05,0.05,0.093104,1776221608000
1776221610.156,210.156,0.87,13.18,0.86,21.6,0.92,10.0,0.93,200.0,0.08,10.0,0.07,200.0,0.13,13.18,0.14,21.6,0.05,0.05,0.093103,1776221609000
1776221611.482,211.482,0.87,13.18,0.86,21.6,0.92,10.0,0.93,200.0,0.08,10.0,0.07,200.0,0.13,13.18,0.14,21.6,0.05,0.05,0.093103,1776221610000
1776221612.092,212.092,0.87,13.18,0.86,21.6,0.92,10.0,0.93,200.0,0.08,10.0,0.07,200.0,0.13,13.18,0.14,21.6,0.05,0.05,0.093103,1776221611000
1776221613.262,213.262,0.88,24.6,0.87,13.18,0.92,8.91,0.93,200.0,0.08,10.0,0.07,200.0,0.13,13.18,0.14,21.6,0.04,0.05,0.093103,1776221611000
1776221613.522,213.522,0.88,24.6,0.87,13.18,0.92,8.91,0.93,200.0,0.08,8.91,0.07,200.0,0.12,24.6,0.13,13.18,0.04,0.04,0.093103,1776221612000
1776221614.253,214.253,0.88,24.6,0.87,13.18,0.92,8.91,0.93,200.0,0.08,8.91,0.07,200.0,0.12,24.6,0.13,13.18,0.04,0.04,0.093104,1776221613000
1776221615.757,215.757,0.88,24.6,0.87,13.18,0.92,8.91,0.93,200.0,0.08,8.91,0.07,200.0,0.12,24.6,0.13,13.18,0.04,0.04,0.093104,1776221614000
1776221616.513,216.513,0.88,24.6,0.87,13.18,0.92,8.91,0.93,200.0,0.08,8.91,0.07,200.0,0.12,24.6,0.13,13.18,0.04,0.04,0.093104,1776221615000
1776221617.297,217.297,0.88,24.6,0.87,13.18,0.92,8.91,0.93,200.0,0.08,8.91,0.07,200.0,0.12,24.6,0.13,13.18,0.04,0.04,0.093104,1776221616000
1776221618.665,218.665,0.88,24.6,0.87,13.18,0.92,8.91,0.93,200.0,0.08,8.91,0.07,200.0,0.12,24.6,0.13,13.18,0.04,0.04,0.093097,1776221617000
1776221619.342,219.342,0.88,24.6,0.87,13.18,0.92,8.91,0.93,200.0,0.08,8.91,0.07,200.0,0.12,24.6,0.13,13.18,0.04,0.04,0.0931,1776221618000
1776221619.984,219.984,0.88,24.6,0.87,13.18,0.92,8.91,0.93,200.0,0.08,8.91,0.07,200.0,0.12,24.6,0.13,13.18,0.04,0.04,0.0931,1776221619000
1776221621.515,221.515,0.88,24.6,0.87,13.18,0.92,8.91,0.93,200.0,0.08,8.91,0.07,200.0,0.12,24.6,0.13,13.18,0.04,0.04,0.093099,1776221620000
1776221622.295,222.295,0.88,24.6,0.87,13.18,0.92,8.91,0.93,200.0,0.08,8.91,0.07,200.0,0.12,24.6,0.13,13.18,0.04,0.04,0.093099,1776221621000
1776221623.25,223.25,0.88,24.6,0.87,13.18,0.92,8.91,0.93,200.0,0.08,8.91,0.07,200.0,0.12,24.6,0.13,13.18,0.04,0.04,0.093099,1776221622000
1776221624.232,224.232,0.88,24.6,0.87,13.18,0.92,8.91,0.93,200.0,0.08,8.91,0.07,200.0,0.12,24.6,0.13,13.18,0.04,0.04,0.093096,1776221623000
1776221625.307,225.307,0.88,24.6,0.87,13.18,0.92,8.91,0.93,200.0,0.08,8.91,0.07,200.0,0.12,24.6,0.13,13.18,0.04,0.04,0.093096,1776221624000
1776221626.326,226.326,0.88,24.6,0.87,13.18,0.92,8.91,0.93,200.0,0.08,8.91,0.07,200.0,0.12,24.6,0.13,13.18,0.04,0.04,0.093096,1776221625000
1776221626.843,226.843,0.88,24.6,0.87,13.18,0.92,8.91,0.93,200.0,0.08,8.91,0.07,200.0,0.12,24.6,0.13,13.18,0.04,0.04,0.093096,1776221626000
1776221627.894,227.894,0.88,24.6,0.87,13.18,0.92,8.91,0.93,200.0,0.08,8.91,0.07,200.0,0.12,24.6,0.13,13.18,0.04,0.04,0.093087,1776221627000
1776221628.928,228.928,0.88,24.6,0.87,13.18,0.92,8.91,0.93,200.0,0.08,8.91,0.07,200.0,0.12,24.6,0.13,13.18,0.04,0.04,0.093093,1776221628000
1776221630.098,230.098,0.88,24.6,0.87,13.18,0.92,8.91,0.93,200.0,0.08,8.91,0.07,200.0,0.12,24.6,0.13,13.18,0.04,0.04,0.093092,1776221629000
1776221631.124,231.124,0.88,24.6,0.87,13.18,0.92,8.91,0.93,200.0,0.08,8.91,0.07,200.0,0.12,24.6,0.13,13.18,0.04,0.04,0.093092,1776221630000
1776221632.244,232.244,0.88,24.6,0.87,13.18,0.92,8.91,0.93,200.0,0.08,8.91,0.07,200.0,0.12,24.6,0.13,13.18,0.04,0.04,0.093093,1776221631000
1776221633.329,233.329,0.88,24.6,0.87,13.18,0.92,8.91,0.93,200.0,0.08,8.91,0.07,200.0,0.12,24.6,0.13,13.18,0.04,0.04,0.093092,1776221632000
1776221634.376,234.376,0.88,24.6,0.87,13.18,0.92,8.91,0.93,200.0,0.08,8.91,0.07,200.0,0.12,24.6,0.13,13.18,0.04,0.04,0.093093,1776221633000
1776221634.837,234.837,0.88,24.6,0.87,13.18,0.92,8.91,0.93,200.0,0.08,8.91,0.07,200.0,0.12,24.6,0.13,13.18,0.04,0.04,0.093094,1776221634000
1776221635.895,235.895,0.88,24.6,0.87,13.18,0.92,8.91,0.93,200.0,0.08,8.91,0.07,200.0,0.12,24.6,0.13,13.18,0.04,0.04,0.093095,1776221635000
1776221636.956,236.956,0.88,24.6,0.87,13.18,0.92,8.91,0.93,200.0,0.08,8.91,0.07,200.0,0.12,24.6,0.13,13.18,0.04,0.04,0.093095,1776221636000
1776221638.161,238.161,0.88,24.6,0.87,13.18,0.92,8.91,0.93,200.0,0.08,8.91,0.07,200.0,0.12,24.6,0.13,13.18,0.04,0.04,0.093095,1776221637000
1776221639.137,239.137,0.88,24.6,0.87,13.18,0.92,8.91,0.93,200.0,0.08,8.91,0.07,200.0,0.12,24.6,0.13,13.18,0.04,0.04,0.093095,1776221638000
1776221640.143,240.143,0.88,24.6,0.87,13.18,0.92,8.91,0.93,200.0,0.08,8.91,0.07,200.0,0.12,24.6,0.13,13.18,0.04,0.04,0.093095,1776221639000
1776221641.198,241.198,0.88,24.6,0.87,13.18,0.92,8.91,0.93,200.0,0.08,8.91,0.07,200.0,0.12,24.6,0.13,13.18,0.04,0.04,0.093095,1776221640000
1776221642.295,242.295,0.88,24.6,0.87,13.18,0.92,8.91,0.93,200.0,0.08,8.91,0.07,200.0,0.12,24.6,0.13,13.18,0.04,0.04,0.093094,1776221641000
1776221643.356,243.356,0.88,24.6,0.87,13.18,0.92,8.91,0.93,200.0,0.08,8.91,0.07,200.0,0.12,24.6,0.13,13.18,0.04,0.04,0.093092,1776221642000
1776221643.873,243.873,0.88,24.6,0.87,13.18,0.92,8.91,0.93,200.0,0.08,8.91,0.07,200.0,0.12,24.6,0.13,13.18,0.04,0.04,0.093092,1776221643000
1776221644.918,244.918,0.88,24.6,0.87,13.18,0.92,8.91,0.93,200.0,0.08,8.91,0.07,200.0,0.12,24.6,0.13,13.18,0.04,0.04,0.093092,1776221644000
1776221646.049,246.049,0.88,24.6,0.87,13.18,0.92,8.91,0.93,200.0,0.08,8.91,0.07,200.0,0.12,24.6,0.13,13.18,0.04,0.04,0.093092,1776221645000
1776221647.091,247.091,0.88,24.6,0.87,13.18,0.92,8.91,0.93,200.0,0.08,8.91,0.07,200.0,0.12,24.6,0.13,13.18,0.04,0.04,0.093092,1776221646000
1776221648.231,248.231,0.88,24.6,0.87,13.18,0.92,8.91,0.93,200.0,0.08,8.91,0.07,200.0,0.12,24.6,0.13,13.18,0.04,0.04,0.093092,1776221647000
1776221649.312,249.312,0.88,24.6,0.87,13.18,0.92,8.91,0.93,200.0,0.08,8.91,0.07,200.0,0.12,24.6,0.13,13.18,0.04,0.04,0.093092,1776221648000
1776221649.811,249.811,0.89,26.6,0.88,24.6,0.95,43.61,0.96,72.7,0.08,8.91,0.07,200.0,0.12,24.6,0.13,13.18,0.06,0.04,0.093092,1776221648000
1776221650.892,250.892,0.89,26.6,0.88,24.6,0.95,43.61,0.96,72.7,0.05,43.61,0.04,72.7,0.11,26.6,0.12,24.6,0.06,0.06,0.093092,1776221649000
1776221651.479,251.479,0.89,26.6,0.88,24.6,0.95,43.61,0.96,72.7,0.05,43.61,0.04,72.7,0.11,26.6,0.12,24.6,0.06,0.06,0.093092,1776221650000
1776221652.119,252.119,0.89,26.6,0.88,24.6,0.95,43.61,0.96,72.7,0.05,43.61,0.04,72.7,0.11,26.6,0.12,24.6,0.06,0.06,0.093092,1776221651000
1776221653.138,253.138,0.89,26.6,0.88,24.6,0.95,43.61,0.96,72.7,0.05,43.61,0.04,72.7,0.11,26.6,0.12,24.6,0.06,0.06,0.09309,1776221652000
1776221654.401,254.401,0.89,26.6,0.88,24.6,0.95,43.61,0.96,72.7,0.05,43.61,0.04,72.7,0.11,26.6,0.12,24.6,0.06,0.06,0.093091,1776221653000
1776221654.858,254.858,0.89,26.6,0.88,24.6,0.95,43.61,0.96,72.7,0.05,43.61,0.04,72.7,0.11,26.6,0.12,24.6,0.06,0.06,0.093091,1776221654000
1776221656.065,256.065,0.89,26.6,0.88,24.6,0.95,43.61,0.96,72.7,0.05,43.61,0.04,72.7,0.11,26.6,0.12,24.6,0.06,0.06,0.093091,1776221655000
1776221657.12,257.12,0.89,26.6,0.88,24.6,0.95,43.61,0.96,72.7,0.05,43.61,0.04,72.7,0.11,26.6,0.12,24.6,0.06,0.06,0.09309,1776221656000
1776221658.182,258.182,0.89,26.6,0.88,24.6,0.95,43.61,0.96,72.7,0.05,43.61,0.04,72.7,0.11,26.6,0.12,24.6,0.06,0.06,0.093087,1776221657000
1776221659.209,259.209,0.89,26.6,0.88,24.6,0.95,43.61,0.96,72.7,0.05,43.61,0.04,72.7,0.11,26.6,0.12,24.6,0.06,0.06,0.09309,1776221658000
1776221660.324,260.324,0.89,26.6,0.88,24.6,0.95,43.61,0.96,72.7,0.05,43.61,0.04,72.7,0.11,26.6,0.12,24.6,0.06,0.06,0.093089,1776221659000
1776221661.312,261.312,0.89,26.6,0.88,24.6,0.95,43.61,0.96,72.7,0.05,43.61,0.04,72.7,0.11,26.6,0.12,24.6,0.06,0.06,0.093089,1776221660000
1776221662.39,262.39,0.89,26.6,0.88,24.6,0.95,43.61,0.96,72.7,0.05,43.61,0.04,72.7,0.11,26.6,0.12,24.6,0.06,0.06,0.093087,1776221661000
1776221662.929,262.929,0.89,26.6,0.88,24.6,0.95,43.61,0.96,72.7,0.05,43.61,0.04,72.7,0.11,26.6,0.12,24.6,0.06,0.06,0.093087,1776221662000
1776221663.976,263.976,0.89,26.6,0.88,24.6,0.95,43.61,0.96,72.7,0.05,43.61,0.04,72.7,0.11,26.6,0.12,24.6,0.06,0.06,0.093088,1776221663000
1776221665.07,265.07,0.89,26.6,0.88,24.6,0.95,43.61,0.96,72.7,0.05,43.61,0.04,72.7,0.11,26.6,0.12,24.6,0.06,0.06,0.093088,1776221664000
1776221666.306,266.306,0.89,26.6,0.88,24.6,0.95,43.61,0.96,72.7,0.05,43.61,0.04,72.7,0.11,26.6,0.12,24.6,0.06,0.06,0.093088,1776221665000
1776221666.845,266.845,0.89,26.6,0.88,24.6,0.95,43.61,0.96,72.7,0.05,43.61,0.04,72.7,0.11,26.6,0.12,24.6,0.06,0.06,0.09309,1776221666000
1776221668.122,268.122,0.89,26.6,0.88,24.6,0.95,43.61,0.96,72.7,0.05,43.61,0.04,72.7,0.11,26.6,0.12,24.6,0.06,0.06,0.09309,1776221667000
1776221669.388,269.388,0.94,46.1,0.93,39.9,0.96,1.87,0.97,189.3,0.04,1.87,0.03,189.3,0.06,46.1,0.07,39.9,0.02,0.02,0.09309,1776221668000
1776221670.156,270.156,0.94,46.1,0.93,39.9,0.96,1.87,0.97,189.3,0.04,1.87,0.03,189.3,0.06,46.1,0.07,39.9,0.02,0.02,0.09309,1776221669000
1776221670.855,270.855,0.96,19.07,0.95,64.7,0.97,100.0,0.98,157.69,0.04,1.87,0.03,189.3,0.06,46.1,0.07,39.9,0.01,0.02,0.09309,1776221669000
1776221671.263,271.263,0.96,19.07,0.95,64.7,0.97,100.0,0.98,157.69,0.03,100.0,0.02,157.69,0.04,19.07,0.05,64.7,0.01,0.01,0.09309,1776221670000
1776221672.325,272.325,0.96,19.07,0.95,64.7,0.97,100.0,0.98,157.69,0.03,100.0,0.02,157.69,0.04,19.07,0.05,64.7,0.01,0.01,0.093091,1776221671000
1776221672.919,272.919,0.96,19.07,0.95,64.7,0.97,100.0,0.98,157.69,0.03,100.0,0.02,157.69,0.04,19.07,0.05,64.7,0.01,0.01,0.093091,1776221672000
1776221673.48,273.48,0.96,24.07,0.95,64.7,0.97,91.49,0.98,157.69,0.03,100.0,0.02,157.69,0.04,19.07,0.05,64.7,0.01,0.01,0.093091,1776221672000
1776221674.104,274.104,0.96,24.07,0.95,64.7,0.97,91.49,0.98,157.69,0.03,91.49,0.02,157.69,0.04,24.07,0.05,64.7,0.01,0.01,0.093091,1776221673000
1776221675.324,275.324,0.96,24.07,0.95,64.7,0.97,91.49,0.98,157.69,0.03,91.49,0.02,157.69,0.04,24.07,0.05,64.7,0.01,0.01,0.093092,1776221674000
1776221676.409,276.409,0.96,24.07,0.95,64.7,0.97,91.49,0.98,157.69,0.03,91.49,0.02,157.69,0.04,24.07,0.05,64.7,0.01,0.01,0.093092,1776221675000
1776221677.073,277.073,0.96,24.07,0.95,64.7,0.97,91.49,0.98,157.69,0.03,91.49,0.02,157.69,0.04,24.07,0.05,64.7,0.01,0.01,0.093092,1776221676000
1776221678.484,278.484,0.96,24.07,0.95,64.7,0.97,91.49,0.98,157.69,0.03,91.49,0.02,157.69,0.04,24.07,0.05,64.7,0.01,0.01,0.093092,1776221677000
1776221679.029,279.029,0.96,24.07,0.95,64.7,0.97,91.49,0.98,157.69,0.03,91.49,0.02,157.69,0.04,24.07,0.05,64.7,0.01,0.01,0.093092,1776221678000
1776221679.805,279.805,0.96,19.07,0.95,5.0,0.97,89.42,0.98,25.0,0.03,91.49,0.02,157.69,0.04,24.07,0.05,64.7,0.01,0.01,0.093092,1776221678000
1776221680.697,280.697,0.96,19.07,0.95,5.0,0.97,89.42,0.98,25.0,0.03,89.42,0.02,25.0,0.04,19.07,0.05,5.0,0.01,0.01,0.093091,1776221679000
1776221681.276,281.276,0.96,19.07,0.95,5.0,0.97,89.42,0.98,25.0,0.03,89.42,0.02,25.0,0.04,19.07,0.05,5.0,0.01,0.01,0.093091,1776221680000
1776221681.51,281.51,0.96,24.07,0.95,5.0,0.97,79.07,0.98,25.0,0.03,89.42,0.02,25.0,0.04,19.07,0.05,5.0,0.01,0.01,0.093091,1776221680000
1776221682.537,282.537,0.96,24.07,0.95,5.0,0.97,79.07,0.98,25.0,0.03,79.07,0.02,25.0,0.04,24.07,0.05,5.0,0.01,0.01,0.093088,1776221681000
1776221683.098,283.098,0.96,24.07,0.95,5.0,0.97,78.03,0.98,25.0,0.03,79.07,0.02,25.0,0.04,24.07,0.05,5.0,0.01,0.01,0.093088,1776221681000
1776221683.495,283.495,0.96,24.07,0.95,5.0,0.97,78.03,0.98,25.0,0.03,78.03,0.02,25.0,0.04,24.07,0.05,5.0,0.01,0.01,0.093088,1776221682000
1776221684.108,284.108,0.96,24.07,0.95,5.0,0.97,78.03,0.98,25.0,0.03,78.03,0.02,25.0,0.04,24.07,0.05,5.0,0.01,0.01,0.093088,1776221683000
1776221684.472,284.472,0.96,24.07,0.95,5.0,0.97,71.24,0.98,25.0,0.03,78.03,0.02,25.0,0.04,24.07,0.05,5.0,0.01,0.01,0.093088,1776221683000
1776221685.309,285.309,0.96,24.07,0.95,5.0,0.97,71.24,0.98,25.0,0.03,71.24,0.02,25.0,0.04,24.07,0.05,5.0,0.01,0.01,0.093089,1776221684000
1776221686.141,286.141,0.96,24.07,0.95,5.0,0.97,70.2,0.98,25.0,0.03,71.24,0.02,25.0,0.04,24.07,0.05,5.0,0.01,0.01,0.093089,1776221684000
1776221686.469,286.469,0.96,24.07,0.95,5.0,0.97,63.96,0.98,25.0,0.03,63.96,0.02,25.0,0.04,24.07,0.05,5.0,0.01,0.01,0.093087,1776221685000
1776221687.252,287.252,0.96,24.07,0.95,5.0,0.97,63.96,0.98,25.0,0.03,63.96,0.02,25.0,0.04,24.07,0.05,5.0,0.01,0.01,0.093087,1776221686000
1776221687.454,287.454,0.96,24.07,0.95,5.0,0.97,26.34,0.98,25.0,0.03,63.96,0.02,25.0,0.04,24.07,0.05,5.0,0.01,0.01,0.093087,1776221686000
1776221688.404,288.404,0.99,733.66,0.96,24.07,,,,,0.03,26.34,0.02,25.0,0.04,24.07,0.05,5.0,,0.01,0.093087,1776221686000
1776221688.722,288.722,0.99,728.71,0.96,24.07,,,,,,,,,0.01,733.66,0.04,24.07,,,0.093085,1776221687000
1776221688.994,288.994,0.99,628.71,0.96,24.07,,,,,,,,,0.01,728.71,0.04,24.07,,,0.093085,1776221687000
1776221689.285,289.285,0.99,628.71,0.96,24.07,,,,,,,,,0.01,628.71,0.04,24.07,,,0.093087,1776221688000
1776221689.509,289.509,0.99,594.74,0.96,24.07,,,,,,,,,0.01,628.71,0.04,24.07,,,0.093087,1776221688000
1776221690.548,290.548,0.99,594.74,0.96,24.07,,,,,,,,,0.01,594.74,0.04,24.07,,,0.0931,1776221689000
1776221691.269,291.269,0.99,594.74,0.96,24.07,,,,,,,,,0.01,594.74,0.04,24.07,,,0.0931,1776221690000
1776221692.438,292.438,0.99,594.74,0.96,24.07,,,,,,,,,0.01,594.74,0.04,24.07,,,0.0931,1776221691000
1776221693.185,293.185,0.99,594.74,0.96,24.07,,,,,,,,,0.01,594.74,0.04,24.07,,,0.0931,1776221692000
1776221694.319,294.319,0.99,594.74,0.96,24.07,,,,,,,,,0.01,594.74,0.04,24.07,,,0.0931,1776221693000
1776221695.047,295.047,0.99,594.74,0.96,24.07,,,,,,,,,0.01,594.74,0.04,24.07,,,0.093101,1776221694000
1776221696.343,296.343,0.99,594.74,0.96,24.07,,,,,,,,,0.01,594.74,0.04,24.07,,,0.093101,1776221695000
1776221697.429,297.429,0.99,594.74,0.96,24.07,,,,,,,,,0.01,594.74,0.04,24.07,,,0.093101,1776221696000
1776221698.092,298.092,0.99,594.74,0.96,24.07,,,,,,,,,0.01,594.74,0.04,24.07,,,0.0931,1776221697000
1776221699.132,299.132,0.99,594.74,0.96,24.07,,,,,,,,,0.01,594.74,0.04,24.07,,,0.093098,1776221698000
1776221700.382,300.382,0.99,594.74,0.96,24.07,,,,,,,,,0.01,594.74,0.04,24.07,,,0.093098,1776221699000
1776221700.953,300.953,0.99,594.74,0.96,24.07,,,,,,,,,0.01,594.74,0.04,24.07,,,0.093096,1776221700000
1776221701.936,301.936,0.99,594.74,0.96,24.07,,,,,,,,,0.01,594.74,0.04,24.07,,,0.093095,1776221701000
1776221702.944,302.944,0.99,594.74,0.96,24.07,,,,,,,,,0.01,594.74,0.04,24.07,,,0.093098,1776221702000

# RESULT,winner=Up,slug=doge-updown-5m-1776221400,ticks=315
