timestamp,elapsed_sec,up_bid_p1,up_bid_s1,up_bid_p2,up_bid_s2,up_ask_p1,up_ask_s1,up_ask_p2,up_ask_s2,down_bid_p1,down_bid_s1,down_bid_p2,down_bid_s2,down_ask_p1,down_ask_s1,down_ask_p2,down_ask_s2,up_spread,down_spread,doge_price,doge_oracle_ts
1776346801.115,1.115,0.47,15.0,0.46,15.0,0.59,37.0,0.6,33.0,0.41,37.0,0.4,33.0,0.59,37.0,0.6,33.0,0.12,0.18,0.097114,1776346800000
1776346802.584,2.584,0.47,15.0,0.46,15.0,0.59,37.0,0.6,33.0,0.41,37.0,0.4,33.0,0.59,37.0,0.6,33.0,0.12,0.18,0.097119,1776346801000
1776346803.349,3.349,0.47,15.0,0.46,15.0,0.59,37.0,0.6,33.0,0.41,37.0,0.4,33.0,0.59,37.0,0.6,33.0,0.12,0.18,0.097111,1776346802000
1776346804.105,4.105,0.47,15.0,0.46,15.0,0.59,37.0,0.6,33.0,0.41,37.0,0.4,33.0,0.59,37.0,0.6,33.0,0.12,0.18,0.097092,1776346803000
1776346805.619,5.619,0.47,15.0,0.46,15.0,0.59,37.0,0.6,33.0,0.41,37.0,0.4,33.0,0.59,37.0,0.6,33.0,0.12,0.18,0.097082,1776346804000
1776346806.343,6.343,0.47,15.0,0.46,15.0,0.59,37.0,0.6,33.0,0.41,37.0,0.4,33.0,0.59,37.0,0.6,33.0,0.12,0.18,0.097097,1776346805000
1776346807.194,7.194,0.47,15.0,0.46,15.0,0.59,37.0,0.6,33.0,0.41,37.0,0.4,33.0,0.59,37.0,0.6,33.0,0.12,0.18,0.097102,1776346806000
1776346808.715,8.715,0.47,15.0,0.46,15.0,0.59,37.0,0.6,33.0,0.41,37.0,0.4,33.0,0.59,37.0,0.6,33.0,0.12,0.18,0.097117,1776346807000
1776346809.506,9.506,0.47,15.0,0.46,15.0,0.59,37.0,0.6,33.0,0.41,37.0,0.4,33.0,0.59,37.0,0.6,33.0,0.12,0.18,0.097115,1776346808000
1776346810.174,10.174,0.47,15.0,0.46,15.0,0.59,37.0,0.6,33.0,0.41,37.0,0.4,33.0,0.59,37.0,0.6,33.0,0.12,0.18,0.097113,1776346809000
1776346823.106,23.106,0.56,1.93,0.52,8.0,0.66,11.76,0.72,5.0,0.41,37.0,0.4,33.0,0.59,37.0,0.6,33.0,0.1,0.18,0.097172,1776346821000
1776346831.671,31.671,0.56,71.0,0.55,5.0,0.66,6.76,0.73,5.0,0.34,11.76,0.28,5.0,0.44,1.93,0.48,8.0,0.1,0.1,0.097185,1776346830000
1776346840.614,40.614,0.51,29.42,0.5,8.0,0.69,5.0,0.71,5.0,0.27,5.0,0.2,5.0,0.43,8.0,0.44,79.0,0.18,0.16,0.097189,1776346839000
1776346841.736,41.736,0.51,70.42,0.5,13.0,0.71,47.52,0.73,5.0,0.31,5.0,0.29,5.0,0.49,29.42,0.5,8.0,0.2,0.18,0.097184,1776346840000
1776346852.722,52.722,0.64,5.0,0.51,71.42,0.78,15.2,0.79,23.7,0.29,47.52,0.27,5.0,0.49,70.42,0.5,13.0,0.14,0.2,0.097156,1776346851000
1776346860.219,60.219,0.74,62.0,0.69,20.0,0.86,20.6,0.87,43.0,0.22,15.2,0.21,23.7,0.36,5.0,0.49,71.42,0.12,0.14,0.097296,1776346859000
1776346863.971,63.971,0.74,57.0,0.7,20.0,0.81,40.0,0.87,43.0,0.14,20.6,0.13,43.0,0.26,62.0,0.31,20.0,0.07,0.12,0.097296,1776346860000
1776346904.475,104.475,0.89,2.93,0.77,14.7,0.9,58.9,0.91,97.7,0.19,40.0,0.13,43.0,0.26,57.0,0.3,20.0,0.01,0.07,0.097324,1776346903000
1776346906.729,106.729,0.77,14.7,0.75,8.0,0.81,47.07,0.9,38.9,0.1,58.9,0.09,97.7,0.11,2.93,0.23,14.7,0.04,0.01,0.097306,1776346905000
1776346907.023,107.023,0.61,45.13,0.57,5.0,0.76,5.0,0.9,243.9,0.19,47.07,0.1,38.9,0.3,5.0,0.44,23.99,0.15,0.11,0.097306,1776346905000
1776346909.082,109.082,0.56,9.2,0.51,71.42,0.59,5.0,0.81,50.0,0.24,5.0,0.1,243.9,0.39,45.13,0.43,5.0,0.03,0.15,0.097312,1776346907000
1776346909.81,109.81,0.56,9.2,0.55,5.0,0.72,2.7,0.74,8.0,0.41,5.0,0.19,50.0,0.44,9.2,0.49,71.42,0.16,0.03,0.097203,1776346908000
1776346910.433,110.433,0.56,4.2,0.52,5.0,0.62,5.0,0.63,5.0,0.28,2.7,0.26,8.0,0.44,9.2,0.45,5.0,0.06,0.16,0.097185,1776346909000
1776346914.177,114.177,0.56,1.92,0.51,21.42,0.57,10.0,0.63,13.0,0.38,5.0,0.37,5.0,0.44,4.2,0.48,5.0,0.01,0.06,0.097144,1776346912000
1776346914.518,114.518,0.51,21.42,0.46,5.0,0.61,8.0,0.62,8.0,0.43,10.0,0.37,13.0,0.44,1.92,0.49,21.42,0.1,0.01,0.097148,1776346913000
1776346920.522,120.522,0.51,66.21,0.42,10.7,0.63,5.0,0.68,5.0,0.39,8.0,0.38,8.0,0.49,21.42,0.54,5.0,0.12,0.1,0.097125,1776346919000
1776346922.244,122.244,0.51,6.21,0.39,10.9,0.61,50.0,0.71,62.6,0.37,5.0,0.32,5.0,0.49,66.21,0.58,10.7,0.1,0.12,0.097128,1776346921000
1776346922.713,122.713,0.51,1.21,0.39,15.9,0.52,5.0,0.61,50.0,0.39,50.0,0.29,62.6,0.49,6.21,0.61,10.9,0.01,0.1,0.097128,1776346921000
1776346924.345,124.345,0.39,15.9,0.38,16.0,0.52,5.0,0.61,50.0,0.48,5.0,0.39,50.0,0.49,1.21,0.61,15.9,0.13,0.01,0.097102,1776346923000
1776346924.918,124.918,0.39,12.11,0.38,16.0,0.52,5.0,0.6,5.0,0.48,5.0,0.39,50.0,0.61,15.9,0.62,16.0,0.13,0.13,0.097102,1776346923000
1776346926.03,126.03,0.41,4.76,0.39,7.11,0.54,10.0,0.58,5.0,0.48,5.0,0.4,5.0,0.61,12.11,0.62,16.0,0.13,0.13,0.097101,1776346924000
1776346926.673,126.673,0.39,2.93,0.38,11.0,0.52,5.0,0.57,10.0,0.46,10.0,0.42,5.0,0.59,4.76,0.61,7.11,0.13,0.13,0.097101,1776346925000
1776346932.433,132.433,0.49,0.59,0.48,15.4,0.52,5.0,0.63,10.0,0.48,5.0,0.43,10.0,0.61,2.93,0.62,11.0,0.03,0.13,0.097137,1776346931000
1776346936.525,136.525,0.5,44.0,0.49,5.59,0.63,10.0,0.65,11.4,0.48,5.0,0.37,10.0,0.51,0.59,0.52,15.4,0.13,0.03,0.097137,1776346935000
1776346938.207,138.207,0.51,10.38,0.5,54.4,0.66,15.0,0.67,11.8,0.37,10.0,0.35,11.4,0.5,44.0,0.51,5.59,0.15,0.13,0.097142,1776346936000
1776346958.812,158.812,0.41,15.7,0.4,10.8,0.58,13.06,0.61,50.0,0.34,15.0,0.33,11.8,0.49,10.38,0.5,54.4,0.17,0.15,0.097123,1776346957000
1776346959.488,159.488,0.43,10.6,0.42,15.7,0.55,1.36,0.58,10.0,0.42,13.06,0.39,50.0,0.59,15.7,0.6,10.8,0.12,0.17,0.097121,1776346958000
1776346968.971,168.971,0.44,8.67,0.43,15.6,0.54,5.0,0.55,5.0,0.45,1.36,0.42,10.0,0.57,10.6,0.58,15.7,0.1,0.12,0.097115,1776346967000
1776346969.753,169.753,0.45,1.4,0.44,8.67,0.58,10.0,0.6,5.0,0.46,5.0,0.45,5.0,0.56,8.67,0.57,15.6,0.13,0.1,0.097117,1776346968000
1776346972.205,172.205,0.61,5.0,0.55,5.0,0.7,5.0,0.71,50.0,0.42,10.0,0.4,5.0,0.55,1.4,0.56,8.67,0.09,0.13,0.097122,1776346970000
1776346974.113,174.113,0.61,0.81,0.52,20.4,0.68,5.0,0.69,10.0,0.3,5.0,0.29,50.0,0.39,5.0,0.45,5.0,0.07,0.09,0.097155,1776346972000
1776346991.23,191.23,0.78,1.41,0.65,11.4,0.79,5.0,0.8,5.0,0.32,5.0,0.31,10.0,0.39,0.81,0.48,20.4,0.01,0.07,0.097227,1776346989000
1776346992.389,192.389,0.61,0.81,0.59,5.0,0.79,5.0,0.8,36.2,0.21,5.0,0.2,5.0,0.22,1.41,0.35,11.4,0.18,0.01,0.097217,1776346991000
1776347001.488,201.488,0.63,32.0,0.61,5.81,0.75,0.56,0.76,19.3,0.21,5.0,0.2,36.2,0.39,0.81,0.41,5.0,0.12,0.18,0.097158,1776347000000
1776347007.816,207.816,0.64,12.93,0.63,43.2,0.75,5.0,0.78,15.2,0.25,0.56,0.24,19.3,0.37,32.0,0.39,5.81,0.11,0.12,0.097178,1776347006000
1776347011.478,211.478,0.7,23.24,0.67,11.8,0.75,5.0,0.81,55.26,0.25,5.0,0.22,15.2,0.36,12.93,0.37,43.2,0.05,0.11,0.097176,1776347009000
1776347024.559,224.559,0.7,23.24,0.68,11.9,0.81,72.15,0.82,17.6,0.25,5.0,0.19,55.26,0.3,23.24,0.33,11.8,0.11,0.05,0.097185,1776347023000
1776347032.348,232.348,0.67,6.8,0.66,11.6,0.82,6.0,0.83,18.39,0.19,72.15,0.18,17.6,0.3,23.24,0.32,11.9,0.15,0.11,0.097173,1776347031000
1776347042.329,242.329,0.87,5.0,0.83,5.0,0.91,11.0,0.92,12.0,0.18,6.0,0.17,18.39,0.33,6.8,0.34,11.6,0.04,0.15,0.097225,1776347041000
1776347044.513,244.513,0.88,38.0,0.84,5.0,0.92,12.0,0.93,14.0,0.09,11.0,0.08,12.0,0.13,5.0,0.17,5.0,0.04,0.04,0.097251,1776347043000
1776347047.0,247.0,0.88,33.0,0.87,23.0,0.92,7.0,0.93,14.0,0.08,12.0,0.07,14.0,0.12,38.0,0.16,5.0,0.04,0.04,0.097249,1776347045000
1776347047.228,247.228,0.88,33.0,0.87,23.0,0.92,2.0,0.93,14.0,0.08,7.0,0.07,14.0,0.12,33.0,0.13,23.0,0.04,0.04,0.097249,1776347045000
1776347048.09,248.09,0.89,26.6,0.88,57.6,0.96,0.9,0.97,129.3,0.08,2.0,0.07,14.0,0.12,33.0,0.13,23.0,0.07,0.04,0.097254,1776347046000
1776347048.905,248.905,0.92,5.0,0.9,48.9,0.97,90.92,0.98,197.69,0.04,0.9,0.03,129.3,0.11,26.6,0.12,57.6,0.05,0.07,0.09726,1776347047000
1776347053.205,253.205,0.92,5.0,0.9,28.9,0.95,49.43,0.96,67.7,0.03,90.92,0.02,197.69,0.08,5.0,0.1,48.9,0.03,0.05,0.097248,1776347052000
1776347053.471,253.471,0.92,5.0,0.9,28.9,0.95,44.17,0.96,67.7,0.05,49.43,0.04,67.7,0.08,5.0,0.1,28.9,0.03,0.03,0.097248,1776347052000
1776347053.877,253.877,0.95,29.51,0.92,5.0,0.96,67.7,0.97,90.92,0.05,44.17,0.04,67.7,0.08,5.0,0.1,28.9,0.01,0.03,0.097248,1776347052000
1776347054.798,254.798,0.95,29.51,0.92,5.0,0.96,46.86,0.97,90.92,0.04,67.7,0.03,90.92,0.05,29.51,0.08,5.0,0.01,0.01,0.097244,1776347053000
1776347055.319,255.319,0.95,29.51,0.92,5.0,0.96,41.7,0.97,90.92,0.04,46.86,0.03,90.92,0.05,29.51,0.08,5.0,0.01,0.01,0.09724,1776347054000
1776347056.421,256.421,0.95,21.51,0.92,40.29,0.97,90.92,0.98,197.69,0.04,41.7,0.03,90.92,0.05,29.51,0.08,5.0,0.02,0.01,0.097239,1776347055000
1776347057.853,257.853,0.96,5.2,0.95,76.21,0.97,0.58,0.98,197.69,0.03,90.92,0.02,197.69,0.05,21.51,0.08,40.29,0.01,0.02,0.09724,1776347056000
1776347063.494,263.494,0.96,72.9,0.95,76.21,0.98,63.55,0.99,305.0,0.03,0.58,0.02,197.69,0.04,5.2,0.05,76.21,0.02,0.01,0.097265,1776347062000
1776347064.081,264.081,0.97,89.3,0.96,72.9,0.98,58.49,0.99,305.0,0.02,63.55,0.01,305.0,0.04,72.9,0.05,76.21,0.01,0.02,0.097265,1776347062000
1776347067.126,267.126,0.97,89.3,0.96,72.9,0.98,56.46,0.99,305.0,0.02,58.49,0.01,305.0,0.03,89.3,0.04,72.9,0.01,0.01,0.097288,1776347065000
1776347067.414,267.414,0.97,89.3,0.96,72.9,0.98,53.42,0.99,305.0,0.02,56.46,0.01,305.0,0.03,89.3,0.04,72.9,0.01,0.01,0.097287,1776347066000
1776347069.506,269.506,0.97,89.3,0.96,72.9,0.98,1.39,0.99,567.6,0.02,2.42,0.01,305.0,0.03,89.3,0.04,72.9,0.01,0.01,0.097287,1776347068000
1776347069.709,269.709,0.97,89.3,0.96,72.9,0.99,563.94,,,0.02,1.39,0.01,567.6,0.03,89.3,0.04,72.9,0.02,0.01,0.097287,1776347068000
1776347072.106,272.106,0.97,89.3,0.96,72.9,0.99,658.89,,,0.01,563.94,,,0.03,89.3,0.04,72.9,0.02,0.02,0.09727,1776347070000
1776347072.935,272.935,0.97,89.3,0.96,72.9,0.99,557.87,,,0.01,658.89,,,0.03,89.3,0.04,72.9,0.02,0.02,0.097257,1776347072000
1776347073.588,273.588,0.97,89.3,0.96,72.9,0.99,551.87,,,0.01,557.87,,,0.03,89.3,0.04,72.9,0.02,0.02,0.097257,1776347072000
1776347074.126,274.126,0.97,89.3,0.96,72.9,0.99,169.05,,,0.01,551.87,,,0.03,89.3,0.04,72.9,0.02,0.02,0.097259,1776347073000
1776347074.873,274.873,0.98,132.69,0.97,89.3,0.99,243.8,,,0.01,169.05,,,0.03,89.3,0.04,72.9,0.01,0.02,0.097259,1776347073000
1776347081.298,281.298,0.96,5.2,0.95,21.51,0.99,141.94,,,0.01,243.8,,,0.02,132.69,0.03,89.3,0.03,0.01,0.097262,1776347080000
1776347081.843,281.843,0.96,5.2,0.95,21.51,0.99,111.63,,,0.01,141.94,,,0.04,5.2,0.05,21.51,0.03,0.03,0.097262,1776347080000
1776347082.044,282.044,0.96,5.2,0.95,21.51,0.99,96.48,,,0.01,101.53,,,0.04,5.2,0.05,21.51,0.03,0.03,0.097272,1776347081000
1776347082.488,282.488,0.96,5.2,0.95,21.51,0.99,76.33,,,0.01,81.33,,,0.04,5.2,0.05,21.51,0.03,0.03,0.097272,1776347081000
1776347082.828,282.828,0.98,10.0,0.96,5.2,0.99,66.33,,,0.01,76.33,,,0.04,5.2,0.05,21.51,0.01,0.03,0.097272,1776347081000
1776347084.198,284.198,0.98,15.0,0.96,5.2,0.99,56.23,,,0.01,66.33,,,0.02,10.0,0.04,5.2,0.01,0.01,0.097274,1776347083000
1776347085.2,285.2,0.98,20.0,0.96,5.2,0.99,13.46,,,0.01,30.98,,,0.02,15.0,0.04,5.2,0.01,0.01,0.097274,1776347083000
1776347085.435,285.435,0.98,30.0,0.96,5.2,0.99,8.46,,,0.01,13.46,,,0.02,20.0,0.04,5.2,0.01,0.01,0.097274,1776347083000
1776347085.92,285.92,0.99,2228.42,0.98,30.0,,,,,,,,,0.01,599.55,0.02,30.0,,,0.097274,1776347084000
1776347086.148,286.148,0.99,2225.39,0.98,30.0,,,,,,,,,0.01,2226.4,0.02,30.0,,,0.097274,1776347085000

# RESULT,winner=Up,slug=doge-updown-5m-1776346800,ticks=82
