timestamp,elapsed_sec,up_bid_p1,up_bid_s1,up_bid_p2,up_bid_s2,up_ask_p1,up_ask_s1,up_ask_p2,up_ask_s2,down_bid_p1,down_bid_s1,down_bid_p2,down_bid_s2,down_ask_p1,down_ask_s1,down_ask_p2,down_ask_s2,up_spread,down_spread,doge_price,doge_oracle_ts
1776210601.487,1.487,0.41,5.0,0.33,300.0,0.48,10.0,0.67,300.0,0.52,10.0,0.33,300.0,0.59,5.0,0.67,300.0,0.07,0.07,0.093128,1776210600000
1776210601.806,1.806,0.41,5.0,0.33,300.0,0.48,10.0,0.67,300.0,0.52,10.0,0.33,300.0,0.59,5.0,0.67,300.0,0.07,0.07,0.093128,1776210600000
1776210602.187,2.187,0.41,5.0,0.33,300.0,0.48,10.0,0.67,300.0,0.52,10.0,0.33,300.0,0.59,5.0,0.67,300.0,0.07,0.07,0.093127,1776210601000
1776210603.357,3.357,0.41,5.0,0.33,300.0,0.48,10.0,0.67,300.0,0.52,10.0,0.33,300.0,0.59,5.0,0.67,300.0,0.07,0.07,0.093126,1776210602000
1776210603.966,3.966,0.41,5.0,0.33,300.0,0.48,10.0,0.67,300.0,0.52,10.0,0.33,300.0,0.59,5.0,0.67,300.0,0.07,0.07,0.09313,1776210603000
1776210605.108,5.108,0.41,5.0,0.33,300.0,0.48,10.0,0.67,300.0,0.52,10.0,0.33,300.0,0.59,5.0,0.67,300.0,0.07,0.07,0.09313,1776210604000
1776210606.132,6.132,0.43,5.0,0.36,10.0,0.48,10.0,0.52,5.0,0.52,10.0,0.33,300.0,0.59,5.0,0.67,300.0,0.05,0.07,0.09313,1776210604000
1776210607.312,7.312,0.43,5.0,0.41,5.0,0.52,5.0,0.54,5.0,0.52,10.0,0.48,5.0,0.57,5.0,0.64,10.0,0.09,0.05,0.093131,1776210605000
1776210607.571,7.571,0.43,5.0,0.41,5.0,0.52,5.0,0.54,5.0,0.48,5.0,0.46,5.0,0.57,5.0,0.59,5.0,0.09,0.09,0.093124,1776210606000
1776210608.06,8.06,0.43,5.0,0.41,5.0,0.52,5.0,0.54,5.0,0.48,5.0,0.46,5.0,0.57,5.0,0.59,5.0,0.09,0.09,0.093123,1776210607000
1776210609.23,9.23,0.43,5.0,0.41,5.0,0.52,5.0,0.54,5.0,0.48,5.0,0.46,5.0,0.57,5.0,0.59,5.0,0.09,0.09,0.093122,1776210608000
1776210610.301,10.301,0.43,5.0,0.41,5.0,0.52,5.0,0.54,5.0,0.48,5.0,0.46,5.0,0.57,5.0,0.59,5.0,0.09,0.09,0.093121,1776210609000
1776210611.394,11.394,0.43,5.0,0.41,5.0,0.52,5.0,0.54,5.0,0.48,5.0,0.46,5.0,0.57,5.0,0.59,5.0,0.09,0.09,0.093121,1776210610000
1776210611.996,11.996,0.43,5.0,0.41,5.0,0.52,5.0,0.54,5.0,0.48,5.0,0.46,5.0,0.57,5.0,0.59,5.0,0.09,0.09,0.09312,1776210611000
1776210613.165,13.165,0.43,5.0,0.41,5.0,0.52,5.0,0.54,5.0,0.48,5.0,0.46,5.0,0.57,5.0,0.59,5.0,0.09,0.09,0.093121,1776210612000
1776210614.085,14.085,0.43,5.0,0.41,5.0,0.52,5.0,0.54,5.0,0.48,5.0,0.46,5.0,0.57,5.0,0.59,5.0,0.09,0.09,0.093122,1776210613000
1776210615.09,15.09,0.43,5.0,0.41,5.0,0.52,5.0,0.54,5.0,0.48,5.0,0.46,5.0,0.57,5.0,0.59,5.0,0.09,0.09,0.093121,1776210614000
1776210616.072,16.072,0.43,5.0,0.41,5.0,0.52,5.0,0.54,5.0,0.48,5.0,0.46,5.0,0.57,5.0,0.59,5.0,0.09,0.09,0.093121,1776210615000
1776210617.084,17.084,0.43,5.0,0.41,5.0,0.52,5.0,0.54,5.0,0.48,5.0,0.46,5.0,0.57,5.0,0.59,5.0,0.09,0.09,0.09312,1776210616000
1776210618.499,18.499,0.43,5.0,0.41,5.0,0.52,5.0,0.54,5.0,0.48,5.0,0.46,5.0,0.57,5.0,0.59,5.0,0.09,0.09,0.093123,1776210617000
1776210619.078,19.078,0.43,5.0,0.41,5.0,0.52,5.0,0.54,5.0,0.48,5.0,0.46,5.0,0.57,5.0,0.59,5.0,0.09,0.09,0.093123,1776210618000
1776210620.209,20.209,0.43,5.0,0.41,5.0,0.52,5.0,0.54,5.0,0.48,5.0,0.46,5.0,0.57,5.0,0.59,5.0,0.09,0.09,0.093125,1776210619000
1776210621.437,21.437,0.43,5.0,0.41,5.0,0.52,5.0,0.54,5.0,0.48,5.0,0.46,5.0,0.57,5.0,0.59,5.0,0.09,0.09,0.093125,1776210620000
1776210621.981,21.981,0.43,5.0,0.41,5.0,0.52,5.0,0.54,5.0,0.48,5.0,0.46,5.0,0.57,5.0,0.59,5.0,0.09,0.09,0.093125,1776210621000
1776210623.157,23.157,0.43,5.0,0.41,5.0,0.52,5.0,0.54,5.0,0.48,5.0,0.46,5.0,0.57,5.0,0.59,5.0,0.09,0.09,0.093125,1776210622000
1776210624.232,24.232,0.43,5.0,0.41,5.0,0.52,5.0,0.54,5.0,0.48,5.0,0.46,5.0,0.57,5.0,0.59,5.0,0.09,0.09,0.093125,1776210623000
1776210625.465,25.465,0.43,5.0,0.41,5.0,0.52,5.0,0.54,5.0,0.48,5.0,0.46,5.0,0.57,5.0,0.59,5.0,0.09,0.09,0.093125,1776210624000
1776210626.039,26.039,0.43,5.0,0.41,5.0,0.52,5.0,0.54,5.0,0.48,5.0,0.46,5.0,0.57,5.0,0.59,5.0,0.09,0.09,0.093125,1776210625000
1776210627.16,27.16,0.43,5.0,0.41,5.0,0.52,5.0,0.54,5.0,0.48,5.0,0.46,5.0,0.57,5.0,0.59,5.0,0.09,0.09,0.093123,1776210626000
1776210628.664,28.664,0.43,5.0,0.41,5.0,0.52,5.0,0.54,5.0,0.48,5.0,0.46,5.0,0.57,5.0,0.59,5.0,0.09,0.09,0.093127,1776210627000
1776210629.289,29.289,0.43,5.0,0.41,5.0,0.52,5.0,0.54,5.0,0.48,5.0,0.46,5.0,0.57,5.0,0.59,5.0,0.09,0.09,0.093127,1776210628000
1776210630.294,30.294,0.43,5.0,0.41,5.0,0.52,5.0,0.54,5.0,0.48,5.0,0.46,5.0,0.57,5.0,0.59,5.0,0.09,0.09,0.093127,1776210629000
1776210631.361,31.361,0.43,5.0,0.41,5.0,0.52,5.0,0.54,5.0,0.48,5.0,0.46,5.0,0.57,5.0,0.59,5.0,0.09,0.09,0.093127,1776210630000
1776210631.947,31.947,0.43,5.0,0.41,5.0,0.52,5.0,0.54,5.0,0.48,5.0,0.46,5.0,0.57,5.0,0.59,5.0,0.09,0.09,0.093127,1776210631000
1776210632.963,32.963,0.43,5.0,0.41,5.0,0.52,5.0,0.54,5.0,0.48,5.0,0.46,5.0,0.57,5.0,0.59,5.0,0.09,0.09,0.093127,1776210632000
1776210634.076,34.076,0.43,5.0,0.41,5.0,0.52,5.0,0.54,5.0,0.48,5.0,0.46,5.0,0.57,5.0,0.59,5.0,0.09,0.09,0.093128,1776210633000
1776210635.077,35.077,0.43,5.0,0.41,5.0,0.52,5.0,0.54,5.0,0.48,5.0,0.46,5.0,0.57,5.0,0.59,5.0,0.09,0.09,0.093128,1776210634000
1776210636.029,36.029,0.43,5.0,0.41,5.0,0.52,5.0,0.54,5.0,0.48,5.0,0.46,5.0,0.57,5.0,0.59,5.0,0.09,0.09,0.093134,1776210635000
1776210637.135,37.135,0.43,5.0,0.41,5.0,0.52,5.0,0.54,5.0,0.48,5.0,0.46,5.0,0.57,5.0,0.59,5.0,0.09,0.09,0.093133,1776210636000
1776210638.265,38.265,0.43,5.0,0.41,5.0,0.52,5.0,0.54,5.0,0.48,5.0,0.46,5.0,0.57,5.0,0.59,5.0,0.09,0.09,0.093135,1776210637000
1776210639.191,39.191,0.43,5.0,0.41,5.0,0.52,5.0,0.54,5.0,0.48,5.0,0.46,5.0,0.57,5.0,0.59,5.0,0.09,0.09,0.093134,1776210638000
1776210640.279,40.279,0.43,5.0,0.41,5.0,0.52,5.0,0.54,5.0,0.48,5.0,0.46,5.0,0.57,5.0,0.59,5.0,0.09,0.09,0.093127,1776210639000
1776210641.285,41.285,0.43,5.0,0.41,5.0,0.52,5.0,0.54,5.0,0.48,5.0,0.46,5.0,0.57,5.0,0.59,5.0,0.09,0.09,0.093107,1776210640000
1776210642.296,42.296,0.43,5.0,0.41,5.0,0.52,5.0,0.54,5.0,0.48,5.0,0.46,5.0,0.57,5.0,0.59,5.0,0.09,0.09,0.093106,1776210641000
1776210642.888,42.888,0.43,5.0,0.41,5.0,0.52,5.0,0.54,5.0,0.48,5.0,0.46,5.0,0.57,5.0,0.59,5.0,0.09,0.09,0.093107,1776210642000
1776210644.036,44.036,0.43,5.0,0.41,5.0,0.52,5.0,0.54,5.0,0.48,5.0,0.46,5.0,0.57,5.0,0.59,5.0,0.09,0.09,0.093107,1776210643000
1776210645.122,45.122,0.43,5.0,0.41,5.0,0.52,5.0,0.54,5.0,0.48,5.0,0.46,5.0,0.57,5.0,0.59,5.0,0.09,0.09,0.093109,1776210644000
1776210646.6,46.6,0.33,5.0,0.32,20.0,0.44,5.0,0.47,5.0,0.56,5.0,0.53,5.0,0.67,5.0,0.68,20.0,0.11,0.11,0.093111,1776210645000
1776210647.23,47.23,0.33,5.0,0.32,20.0,0.44,5.0,0.47,5.0,0.56,5.0,0.53,5.0,0.67,5.0,0.68,20.0,0.11,0.11,0.09311,1776210646000
1776210648.275,48.275,0.33,5.0,0.32,20.0,0.44,5.0,0.47,5.0,0.56,5.0,0.53,5.0,0.67,5.0,0.68,20.0,0.11,0.11,0.093112,1776210647000
1776210648.923,48.923,0.33,5.0,0.32,20.0,0.44,5.0,0.47,5.0,0.56,5.0,0.53,5.0,0.67,5.0,0.68,20.0,0.11,0.11,0.093112,1776210648000
1776210650.117,50.117,0.33,5.0,0.32,20.0,0.44,5.0,0.47,5.0,0.56,5.0,0.53,5.0,0.67,5.0,0.68,20.0,0.11,0.11,0.093111,1776210649000
1776210651.335,51.335,0.33,5.0,0.32,20.0,0.44,5.0,0.47,5.0,0.56,5.0,0.53,5.0,0.67,5.0,0.68,20.0,0.11,0.11,0.093111,1776210650000
1776210651.9,51.9,0.33,5.0,0.32,20.0,0.44,5.0,0.47,5.0,0.56,5.0,0.53,5.0,0.67,5.0,0.68,20.0,0.11,0.11,0.093115,1776210651000
1776210652.414,52.414,0.4,5.0,0.36,10.0,0.53,5.0,0.54,5.0,0.56,5.0,0.53,5.0,0.67,5.0,0.68,20.0,0.13,0.11,0.093115,1776210651000
1776210653.227,53.227,0.4,5.0,0.36,10.0,0.53,5.0,0.54,5.0,0.47,5.0,0.46,5.0,0.6,5.0,0.64,10.0,0.13,0.13,0.093127,1776210652000
1776210654.636,54.636,0.4,5.0,0.36,10.0,0.53,5.0,0.54,5.0,0.47,5.0,0.46,5.0,0.6,5.0,0.64,10.0,0.13,0.13,0.093126,1776210653000
1776210655.201,55.201,0.4,5.0,0.36,10.0,0.53,5.0,0.54,5.0,0.47,5.0,0.46,5.0,0.6,5.0,0.64,10.0,0.13,0.13,0.093127,1776210654000
1776210656.343,56.343,0.4,5.0,0.36,10.0,0.53,5.0,0.54,5.0,0.47,5.0,0.46,5.0,0.6,5.0,0.64,10.0,0.13,0.13,0.093127,1776210655000
1776210656.962,56.962,0.4,5.0,0.36,10.0,0.53,5.0,0.54,5.0,0.47,5.0,0.46,5.0,0.6,5.0,0.64,10.0,0.13,0.13,0.093127,1776210656000
1776210658.586,58.586,0.4,5.0,0.36,10.0,0.53,5.0,0.54,5.0,0.47,5.0,0.46,5.0,0.6,5.0,0.64,10.0,0.13,0.13,0.093128,1776210657000
1776210659.144,59.144,0.4,5.0,0.36,10.0,0.53,5.0,0.54,5.0,0.47,5.0,0.46,5.0,0.6,5.0,0.64,10.0,0.13,0.13,0.093128,1776210658000
1776210660.165,60.165,0.4,5.0,0.36,10.0,0.53,5.0,0.54,5.0,0.47,5.0,0.46,5.0,0.6,5.0,0.64,10.0,0.13,0.13,0.093128,1776210659000
1776210661.086,61.086,0.4,5.0,0.36,10.0,0.53,5.0,0.54,5.0,0.47,5.0,0.46,5.0,0.6,5.0,0.64,10.0,0.13,0.13,0.093128,1776210660000
1776210662.118,62.118,0.4,5.0,0.36,10.0,0.53,5.0,0.54,5.0,0.47,5.0,0.46,5.0,0.6,5.0,0.64,10.0,0.13,0.13,0.093128,1776210661000
1776210663.89,63.89,0.4,5.0,0.36,10.0,0.53,5.0,0.54,5.0,0.47,5.0,0.46,5.0,0.6,5.0,0.64,10.0,0.13,0.13,0.093127,1776210662000
1776210664.51,64.51,0.4,5.0,0.36,10.0,0.53,5.0,0.54,5.0,0.47,5.0,0.46,5.0,0.6,5.0,0.64,10.0,0.13,0.13,0.093127,1776210663000
1776210665.034,65.034,0.4,5.0,0.36,10.0,0.53,5.0,0.54,5.0,0.47,5.0,0.46,5.0,0.6,5.0,0.64,10.0,0.13,0.13,0.093127,1776210664000
1776210666.236,66.236,0.4,5.0,0.36,10.0,0.53,5.0,0.54,5.0,0.47,5.0,0.46,5.0,0.6,5.0,0.64,10.0,0.13,0.13,0.093128,1776210665000
1776210667.614,67.614,0.4,5.0,0.36,10.0,0.53,5.0,0.54,5.0,0.47,5.0,0.46,5.0,0.6,5.0,0.64,10.0,0.13,0.13,0.093113,1776210666000
1776210668.095,68.095,0.4,5.0,0.36,10.0,0.53,5.0,0.54,5.0,0.47,5.0,0.46,5.0,0.6,5.0,0.64,10.0,0.13,0.13,0.093109,1776210667000
1776210668.469,68.469,0.29,37.6,0.28,12.9,0.39,5.0,0.4,10.0,0.47,5.0,0.46,5.0,0.6,5.0,0.64,10.0,0.1,0.13,0.093109,1776210667000
1776210669.133,69.133,0.29,32.6,0.28,12.9,0.39,5.0,0.4,10.0,0.61,5.0,0.6,10.0,0.71,32.6,0.72,12.9,0.1,0.1,0.093098,1776210668000
1776210670.439,70.439,0.29,32.6,0.28,12.9,0.39,5.0,0.4,10.0,0.61,5.0,0.6,10.0,0.71,32.6,0.72,12.9,0.1,0.1,0.093093,1776210669000
1776210670.88,70.88,0.29,12.4,0.28,17.9,0.39,5.0,0.4,10.0,0.71,7.6,0.61,5.0,0.72,37.9,0.73,13.2,0.1,0.01,0.093093,1776210669000
1776210671.91,71.91,0.29,12.4,0.28,17.9,0.39,5.0,0.4,10.0,0.61,5.0,0.6,10.0,0.71,12.4,0.72,17.9,0.1,0.1,0.093094,1776210671000
1776210672.373,72.373,0.28,0.01,0.27,13.2,0.39,5.0,0.4,10.0,0.61,5.0,0.6,10.0,0.71,12.4,0.72,17.9,0.11,0.1,0.093094,1776210671000
1776210673.551,73.551,0.28,0.01,0.27,13.2,0.39,5.0,0.4,10.0,0.61,5.0,0.6,10.0,0.72,0.01,0.73,13.2,0.11,0.11,0.093099,1776210672000
1776210674.163,74.163,0.28,0.01,0.27,13.2,0.39,5.0,0.4,10.0,0.61,5.0,0.6,10.0,0.72,0.01,0.73,13.2,0.11,0.11,0.093099,1776210673000
1776210675.713,75.713,0.28,0.01,0.27,13.2,0.39,5.0,0.4,10.0,0.61,5.0,0.6,10.0,0.72,0.01,0.73,13.2,0.11,0.11,0.0931,1776210674000
1776210676.612,76.612,0.28,0.01,0.27,13.2,0.39,5.0,0.4,10.0,0.61,5.0,0.6,10.0,0.72,0.01,0.73,13.2,0.11,0.11,0.093099,1776210675000
1776210677.269,77.269,0.28,0.01,0.27,13.2,0.39,5.0,0.4,10.0,0.61,5.0,0.6,10.0,0.72,0.01,0.73,13.2,0.11,0.11,0.093099,1776210676000
1776210678.612,78.612,0.28,0.01,0.27,13.2,0.39,5.0,0.4,10.0,0.61,5.0,0.6,10.0,0.72,0.01,0.73,13.2,0.11,0.11,0.093101,1776210677000
1776210679.242,79.242,0.28,0.01,0.27,13.2,0.39,5.0,0.4,10.0,0.61,5.0,0.6,10.0,0.72,0.01,0.73,13.2,0.11,0.11,0.093105,1776210678000
1776210680.243,80.243,0.43,5.0,0.31,62.2,0.44,15.0,0.45,10.0,0.61,5.0,0.6,10.0,0.72,0.01,0.73,13.2,0.01,0.11,0.093105,1776210678000
1776210680.541,80.541,0.43,5.0,0.31,62.2,0.44,15.0,0.45,10.0,0.56,15.0,0.55,10.0,0.57,5.0,0.69,62.2,0.01,0.01,0.093109,1776210679000
1776210681.403,81.403,0.43,5.0,0.31,62.2,0.44,15.0,0.45,10.0,0.56,15.0,0.55,10.0,0.57,5.0,0.69,62.2,0.01,0.01,0.093108,1776210680000
1776210682.036,82.036,0.43,5.0,0.31,62.2,0.44,15.0,0.45,10.0,0.56,15.0,0.55,10.0,0.57,5.0,0.69,62.2,0.01,0.01,0.093107,1776210681000
1776210682.445,82.445,0.31,62.2,0.3,12.4,0.44,15.0,0.45,10.0,0.56,15.0,0.55,10.0,0.57,5.0,0.69,62.2,0.13,0.01,0.093107,1776210681000
1776210683.47,83.47,0.31,62.2,0.3,12.4,0.44,15.0,0.45,10.0,0.56,15.0,0.55,10.0,0.69,62.2,0.7,12.4,0.13,0.13,0.093107,1776210682000
1776210684.066,84.066,0.31,62.2,0.3,12.4,0.44,15.0,0.45,10.0,0.56,15.0,0.55,10.0,0.69,62.2,0.7,12.4,0.13,0.13,0.093107,1776210683000
1776210685.501,85.501,0.31,62.2,0.3,12.4,0.44,15.0,0.45,10.0,0.56,15.0,0.55,10.0,0.69,62.2,0.7,12.4,0.13,0.13,0.093111,1776210684000
1776210686.189,86.189,0.31,62.2,0.3,12.4,0.44,15.0,0.45,10.0,0.56,15.0,0.55,10.0,0.69,62.2,0.7,12.4,0.13,0.13,0.093114,1776210685000
1776210687.504,87.504,0.31,62.2,0.3,12.4,0.44,15.0,0.45,10.0,0.56,15.0,0.55,10.0,0.69,62.2,0.7,12.4,0.13,0.13,0.093114,1776210686000
1776210687.952,87.952,0.31,62.2,0.3,12.4,0.44,15.0,0.45,10.0,0.56,15.0,0.55,10.0,0.69,62.2,0.7,12.4,0.13,0.13,0.093114,1776210687000
1776210689.538,89.538,0.31,62.2,0.3,12.4,0.44,15.0,0.45,10.0,0.56,15.0,0.55,10.0,0.69,62.2,0.7,12.4,0.13,0.13,0.093114,1776210688000
1776210690.303,90.303,0.31,62.2,0.3,12.4,0.44,15.0,0.45,10.0,0.56,15.0,0.55,10.0,0.69,62.2,0.7,12.4,0.13,0.13,0.093114,1776210689000
1776210691.942,91.942,0.31,62.2,0.3,12.4,0.44,15.0,0.45,10.0,0.56,15.0,0.55,10.0,0.69,62.2,0.7,12.4,0.13,0.13,0.093109,1776210690000
1776210692.981,92.981,0.31,62.2,0.3,12.4,0.44,15.0,0.45,10.0,0.56,15.0,0.55,10.0,0.69,62.2,0.7,12.4,0.13,0.13,0.093109,1776210691000
1776210693.906,93.906,0.31,62.2,0.3,12.4,0.44,15.0,0.45,10.0,0.56,15.0,0.55,10.0,0.69,62.2,0.7,12.4,0.13,0.13,0.093109,1776210692000
1776210694.778,94.778,0.31,62.2,0.3,12.4,0.44,15.0,0.45,10.0,0.56,15.0,0.55,10.0,0.69,62.2,0.7,12.4,0.13,0.13,0.093102,1776210693000
1776210695.849,95.849,0.31,62.2,0.3,12.4,0.44,15.0,0.45,10.0,0.56,15.0,0.55,10.0,0.69,62.2,0.7,12.4,0.13,0.13,0.093101,1776210694000
1776210696.75,96.75,0.31,62.2,0.3,12.4,0.44,15.0,0.45,10.0,0.56,15.0,0.55,10.0,0.69,62.2,0.7,12.4,0.13,0.13,0.093101,1776210695000
1776210697.697,97.697,0.31,62.2,0.3,12.4,0.44,15.0,0.45,10.0,0.56,15.0,0.55,10.0,0.69,62.2,0.7,12.4,0.13,0.13,0.093101,1776210696000
1776210698.673,98.673,0.31,62.2,0.3,12.4,0.44,15.0,0.45,10.0,0.56,15.0,0.55,10.0,0.69,62.2,0.7,12.4,0.13,0.13,0.093103,1776210697000
1776210699.776,99.776,0.31,62.2,0.3,12.4,0.44,15.0,0.45,10.0,0.56,15.0,0.55,10.0,0.69,62.2,0.7,12.4,0.13,0.13,0.093103,1776210698000
1776210700.678,100.678,0.31,62.2,0.3,12.4,0.44,15.0,0.45,10.0,0.56,15.0,0.55,10.0,0.69,62.2,0.7,12.4,0.13,0.13,0.093103,1776210699000
1776210701.493,101.493,0.31,62.2,0.3,12.4,0.44,15.0,0.45,10.0,0.56,15.0,0.55,10.0,0.69,62.2,0.7,12.4,0.13,0.13,0.093103,1776210700000
1776210702.238,102.238,0.31,62.2,0.3,12.4,0.44,15.0,0.45,10.0,0.56,15.0,0.55,10.0,0.69,62.2,0.7,12.4,0.13,0.13,0.093101,1776210701000
1776210703.594,103.594,0.27,23.2,0.26,13.5,0.44,17.37,0.45,10.0,0.56,15.0,0.55,10.0,0.69,62.2,0.7,12.4,0.17,0.13,0.093101,1776210701000
1776210703.839,103.839,0.27,23.2,0.26,13.5,0.44,17.37,0.45,10.0,0.56,17.37,0.55,10.0,0.73,23.2,0.74,13.5,0.17,0.17,0.093102,1776210702000
1776210704.559,104.559,0.27,23.2,0.26,13.5,0.44,17.37,0.45,10.0,0.56,17.37,0.55,10.0,0.73,23.2,0.74,13.5,0.17,0.17,0.093102,1776210703000
1776210705.225,105.225,0.27,23.2,0.26,13.5,0.44,17.37,0.45,10.0,0.56,17.37,0.55,10.0,0.73,23.2,0.74,13.5,0.17,0.17,0.093102,1776210704000
1776210706.702,106.702,0.27,23.2,0.26,13.5,0.44,17.37,0.45,10.0,0.56,17.37,0.55,10.0,0.73,23.2,0.74,13.5,0.17,0.17,0.093102,1776210705000
1776210707.377,107.377,0.27,23.2,0.26,13.5,0.44,17.37,0.45,10.0,0.56,17.37,0.55,10.0,0.73,23.2,0.74,13.5,0.17,0.17,0.093102,1776210706000
1776210708.163,108.163,0.27,23.2,0.26,13.5,0.44,17.37,0.45,10.0,0.56,17.37,0.55,10.0,0.73,23.2,0.74,13.5,0.17,0.17,0.093092,1776210707000
1776210709.872,109.872,0.27,23.2,0.26,13.5,0.44,17.37,0.45,10.0,0.56,17.37,0.55,10.0,0.73,23.2,0.74,13.5,0.17,0.17,0.093098,1776210708000
1776210710.634,110.634,0.27,23.2,0.26,13.5,0.44,17.37,0.45,10.0,0.56,17.37,0.55,10.0,0.73,23.2,0.74,13.5,0.17,0.17,0.093098,1776210709000
1776210711.329,111.329,0.27,23.2,0.26,13.5,0.44,17.37,0.45,10.0,0.56,17.37,0.55,10.0,0.73,23.2,0.74,13.5,0.17,0.17,0.093099,1776210710000
1776210712.055,112.055,0.27,23.2,0.26,13.5,0.44,17.37,0.45,10.0,0.56,17.37,0.55,10.0,0.73,23.2,0.74,13.5,0.17,0.17,0.093099,1776210711000
1776210713.173,113.173,0.27,23.2,0.26,13.5,0.44,17.37,0.45,10.0,0.56,17.37,0.55,10.0,0.73,23.2,0.74,13.5,0.17,0.17,0.093099,1776210712000
1776210714.907,114.907,0.27,23.2,0.26,13.5,0.44,17.37,0.45,10.0,0.56,17.37,0.55,10.0,0.73,23.2,0.74,13.5,0.17,0.17,0.093099,1776210713000
1776210715.752,115.752,0.27,23.2,0.26,13.5,0.44,17.37,0.45,10.0,0.56,17.37,0.55,10.0,0.73,23.2,0.74,13.5,0.17,0.17,0.093099,1776210714000
1776210716.478,116.478,0.27,23.2,0.26,13.5,0.44,17.37,0.45,10.0,0.56,17.37,0.55,10.0,0.73,23.2,0.74,13.5,0.17,0.17,0.093099,1776210715000
1776210717.165,117.165,0.27,23.2,0.26,13.5,0.44,17.37,0.45,10.0,0.56,17.37,0.55,10.0,0.73,23.2,0.74,13.5,0.17,0.17,0.093099,1776210716000
1776210718.714,118.714,0.27,23.2,0.26,13.5,0.44,17.37,0.45,10.0,0.56,17.37,0.55,10.0,0.73,23.2,0.74,13.5,0.17,0.17,0.093092,1776210717000
1776210719.472,119.472,0.27,23.2,0.26,13.5,0.44,17.37,0.45,10.0,0.56,17.37,0.55,10.0,0.73,23.2,0.74,13.5,0.17,0.17,0.093092,1776210718000
1776210720.185,120.185,0.27,23.2,0.26,13.5,0.44,17.37,0.45,10.0,0.56,17.37,0.55,10.0,0.73,23.2,0.74,13.5,0.17,0.17,0.093092,1776210719000
1776210721.573,121.573,0.27,23.2,0.26,13.5,0.44,17.37,0.45,10.0,0.56,17.37,0.55,10.0,0.73,23.2,0.74,13.5,0.17,0.17,0.093096,1776210720000
1776210722.407,122.407,0.27,23.2,0.26,13.5,0.44,17.37,0.45,10.0,0.56,17.37,0.55,10.0,0.73,23.2,0.74,13.5,0.17,0.17,0.093098,1776210721000
1776210722.697,122.697,0.27,3.83,0.23,10.0,0.33,5.0,0.35,7.6,0.56,17.37,0.55,10.0,0.73,23.2,0.74,13.5,0.06,0.17,0.093098,1776210721000
1776210723.227,123.227,0.27,3.83,0.23,10.0,0.33,5.0,0.35,7.6,0.67,5.0,0.65,7.6,0.73,3.83,0.77,10.0,0.06,0.06,0.093094,1776210722000
1776210723.993,123.993,0.23,9.77,0.2,5.0,0.31,50.0,0.32,5.0,0.67,5.0,0.65,7.6,0.73,3.83,0.77,10.0,0.08,0.06,0.093094,1776210722000
1776210724.488,124.488,0.2,5.0,0.09,31.7,0.21,44.09,0.27,5.0,0.79,44.09,0.73,5.0,0.8,5.0,0.91,31.7,0.01,0.01,0.093086,1776210723000
1776210725.161,125.161,0.2,5.0,0.09,31.7,0.21,44.09,0.27,5.0,0.79,44.09,0.73,5.0,0.8,5.0,0.91,31.7,0.01,0.01,0.093086,1776210724000
1776210725.413,125.413,0.07,39.9,0.06,46.1,0.14,12.0,0.17,5.0,0.79,44.09,0.73,5.0,0.8,5.0,0.91,31.7,0.07,0.01,0.093086,1776210724000
1776210726.624,126.624,0.07,39.9,0.06,46.1,0.14,12.0,0.17,5.0,0.86,12.0,0.83,5.0,0.93,39.9,0.94,46.1,0.07,0.07,0.093029,1776210725000
1776210727.073,127.073,0.08,30.01,0.07,39.9,0.13,5.0,0.14,12.0,0.86,12.0,0.83,5.0,0.93,39.9,0.94,46.1,0.05,0.07,0.093029,1776210725000
1776210727.341,127.341,0.08,30.01,0.07,39.9,0.13,5.0,0.14,12.0,0.87,5.0,0.86,12.0,0.92,30.01,0.93,39.9,0.05,0.05,0.093027,1776210726000
1776210728.107,128.107,0.08,30.01,0.07,39.9,0.14,12.0,0.17,5.0,0.86,12.0,0.83,5.0,0.92,30.01,0.93,39.9,0.06,0.06,0.093025,1776210727000
1776210729.552,129.552,0.08,30.01,0.07,39.9,0.14,12.0,0.17,5.0,0.86,12.0,0.83,5.0,0.92,30.01,0.93,39.9,0.06,0.06,0.093026,1776210728000
1776210730.326,130.326,0.08,30.01,0.07,39.9,0.14,12.0,0.17,5.0,0.86,12.0,0.83,5.0,0.92,30.01,0.93,39.9,0.06,0.06,0.093026,1776210729000
1776210731.034,131.034,0.08,30.01,0.07,39.9,0.14,12.0,0.17,5.0,0.86,12.0,0.83,5.0,0.92,30.01,0.93,39.9,0.06,0.06,0.093031,1776210730000
1776210732.187,132.187,0.08,30.01,0.07,39.9,0.14,12.0,0.17,5.0,0.86,12.0,0.83,5.0,0.92,30.01,0.93,39.9,0.06,0.06,0.09304,1776210731000
1776210732.44,132.44,0.21,35.0,0.19,5.0,0.27,5.0,0.28,5.0,0.86,12.0,0.83,5.0,0.92,30.01,0.93,39.9,0.06,0.06,0.09304,1776210731000
1776210733.18,133.18,0.21,35.0,0.19,5.0,0.27,5.0,0.28,5.0,0.73,5.0,0.72,5.0,0.79,35.0,0.81,5.0,0.06,0.06,0.093048,1776210732000
1776210734.233,134.233,0.21,35.0,0.19,5.0,0.27,5.0,0.28,5.0,0.73,5.0,0.72,5.0,0.79,35.0,0.81,5.0,0.06,0.06,0.093074,1776210733000
1776210734.477,134.477,0.19,5.0,0.08,30.01,0.27,5.0,0.28,5.0,0.73,5.0,0.72,5.0,0.79,35.0,0.81,5.0,0.08,0.06,0.093074,1776210733000
1776210735.255,135.255,0.19,5.0,0.08,30.01,0.27,5.0,0.28,5.0,0.73,5.0,0.72,5.0,0.81,5.0,0.92,30.01,0.08,0.08,0.093078,1776210734000
1776210735.867,135.867,0.05,34.7,0.04,72.7,0.1,30.0,0.14,5.0,0.73,5.0,0.72,5.0,0.81,5.0,0.92,30.01,0.05,0.08,0.093078,1776210734000
1776210736.316,136.316,0.05,34.7,0.04,72.7,0.1,30.0,0.14,5.0,0.9,30.0,0.86,5.0,0.95,34.7,0.96,72.7,0.05,0.05,0.093058,1776210735000
1776210737.556,137.556,0.05,34.7,0.04,72.7,0.1,30.0,0.14,5.0,0.9,30.0,0.86,5.0,0.95,34.7,0.96,72.7,0.05,0.05,0.092975,1776210736000
1776210737.958,137.958,0.05,34.7,0.04,72.7,0.1,30.0,0.14,5.0,0.9,30.0,0.86,5.0,0.95,34.7,0.96,72.7,0.05,0.05,0.092973,1776210737000
1776210739.074,139.074,0.05,34.7,0.04,72.7,0.1,30.0,0.14,5.0,0.9,30.0,0.86,5.0,0.95,34.7,0.96,72.7,0.05,0.05,0.09297,1776210738000
1776210739.471,139.471,0.05,54.7,0.04,72.7,0.08,12.38,0.09,5.0,0.9,30.0,0.86,5.0,0.95,34.7,0.96,72.7,0.03,0.05,0.09297,1776210738000
1776210740.142,140.142,0.05,54.7,0.04,72.7,0.08,12.38,0.09,5.0,0.92,12.38,0.91,5.0,0.95,54.7,0.96,72.7,0.03,0.03,0.092982,1776210739000
1776210741.156,141.156,0.11,27.62,0.06,46.1,0.14,5.0,0.26,13.5,0.92,12.38,0.91,5.0,0.95,54.7,0.96,72.7,0.03,0.03,0.092982,1776210739000
1776210741.473,141.473,0.06,44.19,0.05,54.7,0.11,5.0,0.14,5.0,0.86,5.0,0.74,13.5,0.89,27.62,0.94,46.1,0.05,0.03,0.092985,1776210740000
1776210742.261,142.261,0.06,44.19,0.05,54.7,0.11,5.0,0.14,5.0,0.89,5.0,0.86,5.0,0.94,44.19,0.95,54.7,0.05,0.05,0.092984,1776210741000
1776210743.242,143.242,0.06,44.19,0.05,54.7,0.11,5.0,0.14,5.0,0.89,5.0,0.86,5.0,0.94,44.19,0.95,54.7,0.05,0.05,0.092993,1776210742000
1776210744.404,144.404,0.06,44.19,0.05,54.7,0.11,5.0,0.14,5.0,0.89,5.0,0.86,5.0,0.94,44.19,0.95,54.7,0.05,0.05,0.092996,1776210743000
1776210744.901,144.901,0.06,44.19,0.05,54.7,0.11,5.0,0.14,5.0,0.89,5.0,0.86,5.0,0.94,44.19,0.95,54.7,0.05,0.05,0.092996,1776210744000
1776210745.386,145.386,0.06,44.19,0.05,54.7,0.14,5.0,0.15,7.6,0.89,5.0,0.86,5.0,0.94,44.19,0.95,54.7,0.08,0.05,0.092996,1776210744000
1776210746.428,146.428,0.06,44.19,0.05,54.7,0.14,5.0,0.15,7.6,0.86,5.0,0.85,7.6,0.94,44.19,0.95,54.7,0.08,0.08,0.092996,1776210745000
1776210746.848,146.848,0.06,44.19,0.05,54.7,0.14,5.0,0.15,7.6,0.86,5.0,0.85,7.6,0.94,44.19,0.95,54.7,0.08,0.08,0.092996,1776210746000
1776210747.98,147.98,0.06,44.19,0.05,54.7,0.14,5.0,0.15,7.6,0.86,5.0,0.85,7.6,0.94,44.19,0.95,54.7,0.08,0.08,0.092996,1776210747000
1776210748.962,148.962,0.06,44.19,0.05,54.7,0.14,5.0,0.15,7.6,0.86,5.0,0.85,7.6,0.94,44.19,0.95,54.7,0.08,0.08,0.092996,1776210748000
1776210749.925,149.925,0.06,44.19,0.05,54.7,0.14,5.0,0.15,7.6,0.86,5.0,0.85,7.6,0.94,44.19,0.95,54.7,0.08,0.08,0.092996,1776210749000
1776210750.954,150.954,0.06,44.19,0.05,54.7,0.14,5.0,0.15,7.6,0.86,5.0,0.85,7.6,0.94,44.19,0.95,54.7,0.08,0.08,0.092996,1776210750000
1776210751.921,151.921,0.06,44.19,0.05,54.7,0.14,5.0,0.15,7.6,0.86,5.0,0.85,7.6,0.94,44.19,0.95,54.7,0.08,0.08,0.092996,1776210751000
1776210752.927,152.927,0.06,44.19,0.05,54.7,0.14,5.0,0.15,7.6,0.86,5.0,0.85,7.6,0.94,44.19,0.95,54.7,0.08,0.08,0.092999,1776210752000
1776210753.987,153.987,0.06,44.19,0.05,54.7,0.14,5.0,0.15,7.6,0.86,5.0,0.85,7.6,0.94,44.19,0.95,54.7,0.08,0.08,0.092989,1776210753000
1776210754.994,154.994,0.06,44.19,0.05,54.7,0.14,5.0,0.15,7.6,0.86,5.0,0.85,7.6,0.94,44.19,0.95,54.7,0.08,0.08,0.092974,1776210754000
1776210756.003,156.003,0.06,44.19,0.05,54.7,0.14,5.0,0.15,7.6,0.86,5.0,0.85,7.6,0.94,44.19,0.95,54.7,0.08,0.08,0.092976,1776210755000
1776210756.614,156.614,0.06,5.0,0.04,72.7,0.1,41.5,0.11,26.6,0.86,5.0,0.85,7.6,0.94,44.19,0.95,54.7,0.04,0.08,0.092976,1776210755000
1776210757.125,157.125,0.06,5.0,0.04,72.7,0.1,41.5,0.11,26.6,0.9,41.5,0.89,26.6,0.94,5.0,0.96,72.7,0.04,0.04,0.092968,1776210756000
1776210758.083,158.083,0.06,5.0,0.04,72.7,0.1,41.5,0.11,26.6,0.9,41.5,0.89,26.6,0.94,5.0,0.96,72.7,0.04,0.04,0.092967,1776210757000
1776210759.097,159.097,0.06,5.0,0.04,72.7,0.1,41.5,0.11,26.6,0.9,41.5,0.89,26.6,0.94,5.0,0.96,72.7,0.04,0.04,0.092967,1776210758000
1776210760.042,160.042,0.06,5.0,0.04,72.7,0.1,41.5,0.11,26.6,0.9,41.5,0.89,26.6,0.94,5.0,0.96,72.7,0.04,0.04,0.092965,1776210759000
1776210761.121,161.121,0.06,5.0,0.04,72.7,0.1,41.5,0.11,26.6,0.9,41.5,0.89,26.6,0.94,5.0,0.96,72.7,0.04,0.04,0.092966,1776210760000
1776210761.33,161.33,0.06,3.93,0.04,5.0,0.08,35.29,0.09,44.3,0.9,41.5,0.89,26.6,0.94,5.0,0.96,72.7,0.02,0.04,0.092966,1776210760000
1776210762.098,162.098,0.06,3.93,0.04,5.0,0.08,35.29,0.09,44.3,0.92,35.29,0.91,44.3,0.94,3.93,0.96,5.0,0.02,0.02,0.092966,1776210761000
1776210763.101,163.101,0.06,3.93,0.04,5.0,0.08,35.29,0.09,44.3,0.92,35.29,0.91,44.3,0.94,3.93,0.96,5.0,0.02,0.02,0.092964,1776210762000
1776210763.833,163.833,0.06,2.86,0.04,5.0,0.08,35.29,0.09,44.3,0.92,35.29,0.91,44.3,0.94,3.93,0.96,5.0,0.02,0.02,0.092964,1776210762000
1776210764.097,164.097,0.06,2.86,0.04,5.0,0.08,35.29,0.09,44.3,0.92,35.29,0.91,44.3,0.94,2.86,0.96,5.0,0.02,0.02,0.092964,1776210763000
1776210765.091,165.091,0.06,2.86,0.04,5.0,0.08,35.29,0.09,44.3,0.92,35.29,0.91,44.3,0.94,2.86,0.96,5.0,0.02,0.02,0.092964,1776210764000
1776210766.11,166.11,0.06,2.86,0.04,5.0,0.08,35.29,0.09,44.3,0.92,35.29,0.91,44.3,0.94,2.86,0.96,5.0,0.02,0.02,0.092964,1776210765000
1776210767.05,167.05,0.06,2.86,0.04,5.0,0.08,35.29,0.09,44.3,0.92,35.29,0.91,44.3,0.94,2.86,0.96,5.0,0.02,0.02,0.092964,1776210766000
1776210768.087,168.087,0.06,2.86,0.04,5.0,0.08,35.29,0.09,44.3,0.92,35.29,0.91,44.3,0.94,2.86,0.96,5.0,0.02,0.02,0.092964,1776210767000
1776210769.13,169.13,0.06,2.86,0.04,5.0,0.08,35.29,0.09,44.3,0.92,35.29,0.91,44.3,0.94,2.86,0.96,5.0,0.02,0.02,0.092964,1776210768000
1776210770.129,170.129,0.06,2.86,0.04,5.0,0.08,35.29,0.09,44.3,0.92,35.29,0.91,44.3,0.94,2.86,0.96,5.0,0.02,0.02,0.092964,1776210769000
1776210771.203,171.203,0.06,2.86,0.04,5.0,0.08,35.29,0.09,44.3,0.92,35.29,0.91,44.3,0.94,2.86,0.96,5.0,0.02,0.02,0.092964,1776210770000
1776210772.136,172.136,0.06,2.86,0.04,5.0,0.08,35.29,0.09,44.3,0.92,35.29,0.91,44.3,0.94,2.86,0.96,5.0,0.02,0.02,0.092962,1776210771000
1776210773.461,173.461,0.06,2.86,0.04,5.0,0.08,35.29,0.09,44.3,0.92,35.29,0.91,44.3,0.94,2.86,0.96,5.0,0.02,0.02,0.092983,1776210772000
1776210774.179,174.179,0.06,2.86,0.04,5.0,0.08,35.29,0.09,44.3,0.92,35.29,0.91,44.3,0.94,2.86,0.96,5.0,0.02,0.02,0.092986,1776210773000
1776210774.758,174.758,0.04,82.7,0.03,126.1,0.12,29.6,0.13,30.6,0.92,35.29,0.91,44.3,0.94,2.86,0.96,5.0,0.08,0.02,0.092986,1776210773000
1776210775.555,175.555,0.04,82.7,0.03,126.1,0.12,29.6,0.13,30.6,0.88,29.6,0.87,30.6,0.96,82.7,0.97,126.1,0.08,0.08,0.092989,1776210774000
1776210776.158,176.158,0.04,82.7,0.03,126.1,0.12,29.6,0.13,30.6,0.88,29.6,0.87,30.6,0.96,82.7,0.97,126.1,0.08,0.08,0.092989,1776210775000
1776210777.355,177.355,0.04,82.7,0.03,126.1,0.12,29.6,0.13,30.6,0.88,29.6,0.87,30.6,0.96,82.7,0.97,126.1,0.08,0.08,0.092997,1776210776000
1776210778.092,178.092,0.04,82.7,0.03,126.1,0.12,29.6,0.13,30.6,0.88,29.6,0.87,30.6,0.96,82.7,0.97,126.1,0.08,0.08,0.093002,1776210777000
1776210779.229,179.229,0.04,82.7,0.03,126.1,0.12,29.6,0.13,30.6,0.88,29.6,0.87,30.6,0.96,82.7,0.97,126.1,0.08,0.08,0.093002,1776210778000
1776210780.113,180.113,0.04,11.83,0.03,126.1,0.11,26.6,0.12,37.2,0.88,29.6,0.87,30.6,0.96,82.7,0.97,126.1,0.07,0.08,0.093002,1776210778000
1776210780.59,180.59,0.04,11.83,0.03,126.1,0.11,26.6,0.12,37.2,0.89,26.6,0.88,37.2,0.96,11.83,0.97,126.1,0.07,0.07,0.092995,1776210779000
1776210781.289,181.289,0.04,11.83,0.03,126.1,0.11,26.6,0.12,37.2,0.89,26.6,0.88,37.2,0.96,11.83,0.97,126.1,0.07,0.07,0.092995,1776210780000
1776210781.588,181.588,0.04,11.83,0.03,126.1,0.06,5.39,0.1,28.9,0.89,26.6,0.88,37.2,0.96,11.83,0.97,126.1,0.02,0.07,0.092995,1776210780000
1776210782.651,182.651,0.04,11.83,0.03,126.1,0.06,5.39,0.1,28.9,0.94,5.39,0.9,28.9,0.96,11.83,0.97,126.1,0.02,0.02,0.092992,1776210781000
1776210783.273,183.273,0.04,11.83,0.03,126.1,0.06,5.39,0.1,28.9,0.94,5.39,0.9,28.9,0.96,11.83,0.97,126.1,0.02,0.02,0.092994,1776210782000
1776210784.567,184.567,0.04,11.83,0.03,126.1,0.06,5.39,0.1,28.9,0.94,5.39,0.9,28.9,0.96,11.83,0.97,126.1,0.02,0.02,0.093001,1776210783000
1776210785.216,185.216,0.04,11.83,0.03,126.1,0.06,5.39,0.1,28.9,0.94,5.39,0.9,28.9,0.96,11.83,0.97,126.1,0.02,0.02,0.093005,1776210784000
1776210786.512,186.512,0.04,11.83,0.03,126.1,0.06,5.39,0.1,28.9,0.94,5.39,0.9,28.9,0.96,11.83,0.97,126.1,0.02,0.02,0.093008,1776210785000
1776210787.126,187.126,0.04,11.83,0.03,126.1,0.06,5.39,0.1,28.9,0.94,5.39,0.9,28.9,0.96,11.83,0.97,126.1,0.02,0.02,0.093008,1776210786000
1776210789.088,189.088,0.04,11.83,0.03,126.1,0.06,5.39,0.1,28.9,0.94,5.39,0.9,28.9,0.96,11.83,0.97,126.1,0.02,0.02,0.093009,1776210788000
1776210790.165,190.165,0.04,11.83,0.03,126.1,0.06,5.39,0.1,28.9,0.94,5.39,0.9,28.9,0.96,11.83,0.97,126.1,0.02,0.02,0.093012,1776210789000
1776210791.174,191.174,0.04,11.83,0.03,126.1,0.06,5.39,0.1,28.9,0.94,5.39,0.9,28.9,0.96,11.83,0.97,126.1,0.02,0.02,0.093016,1776210790000
1776210791.406,191.406,0.04,89.35,0.03,126.1,0.11,26.6,0.13,23.0,0.94,5.39,0.9,28.9,0.96,11.83,0.97,126.1,0.07,0.02,0.093016,1776210790000
1776210792.152,192.152,0.04,89.35,0.03,126.1,0.11,26.6,0.13,23.0,0.89,26.6,0.87,23.0,0.96,89.35,0.97,126.1,0.07,0.07,0.093017,1776210791000
1776210793.229,193.229,0.04,89.35,0.03,126.1,0.11,26.6,0.13,23.0,0.89,26.6,0.87,23.0,0.96,89.35,0.97,126.1,0.07,0.07,0.093021,1776210792000
1776210794.32,194.32,0.04,89.35,0.03,126.1,0.11,26.6,0.13,23.0,0.89,26.6,0.87,23.0,0.96,89.35,0.97,126.1,0.07,0.07,0.09302,1776210793000
1776210795.282,195.282,0.04,89.35,0.03,126.1,0.11,26.6,0.13,23.0,0.89,26.6,0.87,23.0,0.96,89.35,0.97,126.1,0.07,0.07,0.093021,1776210794000
1776210796.219,196.219,0.04,89.35,0.03,126.1,0.11,26.6,0.13,23.0,0.89,26.6,0.87,23.0,0.96,89.35,0.97,126.1,0.07,0.07,0.093021,1776210795000
1776210797.2,197.2,0.04,89.35,0.03,126.1,0.11,26.6,0.13,23.0,0.89,26.6,0.87,23.0,0.96,89.35,0.97,126.1,0.07,0.07,0.09302,1776210796000
1776210798.162,198.162,0.04,89.35,0.03,126.1,0.11,26.6,0.13,23.0,0.89,26.6,0.87,23.0,0.96,89.35,0.97,126.1,0.07,0.07,0.093019,1776210797000
1776210799.118,199.118,0.04,89.35,0.03,126.1,0.11,26.6,0.13,23.0,0.89,26.6,0.87,23.0,0.96,89.35,0.97,126.1,0.07,0.07,0.093019,1776210798000
1776210800.185,200.185,0.04,89.35,0.03,126.1,0.11,26.6,0.13,23.0,0.89,26.6,0.87,23.0,0.96,89.35,0.97,126.1,0.07,0.07,0.093019,1776210799000
1776210801.144,201.144,0.04,89.35,0.03,126.1,0.11,26.6,0.13,23.0,0.89,26.6,0.87,23.0,0.96,89.35,0.97,126.1,0.07,0.07,0.093023,1776210800000
1776210802.061,202.061,0.04,89.35,0.03,126.1,0.11,26.6,0.13,23.0,0.89,26.6,0.87,23.0,0.96,89.35,0.97,126.1,0.07,0.07,0.093023,1776210801000
1776210803.146,203.146,0.04,89.35,0.03,126.1,0.11,26.6,0.13,23.0,0.89,26.6,0.87,23.0,0.96,89.35,0.97,126.1,0.07,0.07,0.093024,1776210802000
1776210804.134,204.134,0.04,89.35,0.03,126.1,0.11,26.6,0.13,23.0,0.89,26.6,0.87,23.0,0.96,89.35,0.97,126.1,0.07,0.07,0.093024,1776210803000
1776210805.009,205.009,0.04,89.35,0.03,126.1,0.11,26.6,0.13,23.0,0.89,26.6,0.87,23.0,0.96,89.35,0.97,126.1,0.07,0.07,0.093024,1776210804000
1776210806.02,206.02,0.04,89.35,0.03,126.1,0.11,26.6,0.13,23.0,0.89,26.6,0.87,23.0,0.96,89.35,0.97,126.1,0.07,0.07,0.093024,1776210805000
1776210806.99,206.99,0.04,89.35,0.03,126.1,0.11,26.6,0.13,23.0,0.89,26.6,0.87,23.0,0.96,89.35,0.97,126.1,0.07,0.07,0.093024,1776210806000
1776210807.967,207.967,0.04,89.35,0.03,126.1,0.11,26.6,0.13,23.0,0.89,26.6,0.87,23.0,0.96,89.35,0.97,126.1,0.07,0.07,0.093025,1776210807000
1776210808.931,208.931,0.04,89.35,0.03,126.1,0.11,26.6,0.13,23.0,0.89,26.6,0.87,23.0,0.96,89.35,0.97,126.1,0.07,0.07,0.093026,1776210808000
1776210809.825,209.825,0.04,89.35,0.03,126.1,0.11,26.6,0.13,23.0,0.89,26.6,0.87,23.0,0.96,89.35,0.97,126.1,0.07,0.07,0.093027,1776210809000
1776210810.788,210.788,0.04,89.35,0.03,126.1,0.11,26.6,0.13,23.0,0.89,26.6,0.87,23.0,0.96,89.35,0.97,126.1,0.07,0.07,0.093027,1776210810000
1776210812.274,212.274,0.04,89.35,0.03,126.1,0.11,26.6,0.13,23.0,0.89,26.6,0.87,23.0,0.96,89.35,0.97,126.1,0.07,0.07,0.093027,1776210811000
1776210813.209,213.209,0.04,89.35,0.03,126.1,0.11,26.6,0.13,23.0,0.89,26.6,0.87,23.0,0.96,89.35,0.97,126.1,0.07,0.07,0.093027,1776210812000
1776210814.719,214.719,0.04,89.35,0.03,126.1,0.11,26.6,0.13,23.0,0.89,26.6,0.87,23.0,0.96,89.35,0.97,126.1,0.07,0.07,0.093024,1776210813000
1776210815.239,215.239,0.04,89.35,0.03,126.1,0.11,26.6,0.13,23.0,0.89,26.6,0.87,23.0,0.96,89.35,0.97,126.1,0.07,0.07,0.093023,1776210814000
1776210816.407,216.407,0.04,89.35,0.03,126.1,0.11,26.6,0.13,23.0,0.89,26.6,0.87,23.0,0.96,89.35,0.97,126.1,0.07,0.07,0.093024,1776210815000
1776210817.036,217.036,0.04,89.35,0.03,126.1,0.11,26.6,0.13,23.0,0.89,26.6,0.87,23.0,0.96,89.35,0.97,126.1,0.07,0.07,0.093024,1776210816000
1776210818.088,218.088,0.04,89.35,0.03,126.1,0.11,26.6,0.13,23.0,0.89,26.6,0.87,23.0,0.96,89.35,0.97,126.1,0.07,0.07,0.093023,1776210817000
1776210818.881,218.881,0.03,73.11,0.02,147.69,0.05,10.0,0.1,28.9,0.89,26.6,0.87,23.0,0.96,89.35,0.97,126.1,0.02,0.07,0.093023,1776210817000
1776210819.21,219.21,0.03,73.11,0.02,147.69,0.05,10.0,0.1,28.9,0.95,10.0,0.9,28.9,0.97,73.11,0.98,147.69,0.02,0.02,0.093024,1776210818000
1776210820.328,220.328,0.03,73.11,0.02,147.69,0.05,10.0,0.1,28.9,0.95,10.0,0.9,28.9,0.97,73.11,0.98,147.69,0.02,0.02,0.093024,1776210819000
1776210820.936,220.936,0.03,73.11,0.02,147.69,0.05,10.0,0.1,28.9,0.95,10.0,0.9,28.9,0.97,73.11,0.98,147.69,0.02,0.02,0.093024,1776210820000
1776210822.023,222.023,0.03,73.11,0.02,147.69,0.05,10.0,0.1,28.9,0.95,10.0,0.9,28.9,0.97,73.11,0.98,147.69,0.02,0.02,0.093024,1776210821000
1776210823.071,223.071,0.03,73.11,0.02,147.69,0.05,10.0,0.1,28.9,0.95,10.0,0.9,28.9,0.97,73.11,0.98,147.69,0.02,0.02,0.093023,1776210822000
1776210823.93,223.93,0.03,72.07,0.02,147.69,0.05,10.0,0.09,31.7,0.95,10.0,0.9,28.9,0.97,73.11,0.98,147.69,0.02,0.02,0.093023,1776210822000
1776210824.417,224.417,0.03,72.07,0.02,147.69,0.05,10.0,0.09,31.7,0.95,10.0,0.91,31.7,0.97,72.07,0.98,147.69,0.02,0.02,0.093021,1776210823000
1776210824.974,224.974,0.03,72.07,0.02,147.69,0.05,10.0,0.09,31.7,0.95,10.0,0.91,31.7,0.97,72.07,0.98,147.69,0.02,0.02,0.093022,1776210824000
1776210826.082,226.082,0.03,72.07,0.02,147.69,0.05,10.0,0.09,31.7,0.95,10.0,0.91,31.7,0.97,72.07,0.98,147.69,0.02,0.02,0.093025,1776210825000
1776210827.086,227.086,0.03,72.07,0.02,147.69,0.05,10.0,0.09,31.7,0.95,10.0,0.91,31.7,0.97,72.07,0.98,147.69,0.02,0.02,0.093042,1776210826000
1776210828.238,228.238,0.03,72.07,0.02,147.69,0.05,10.0,0.09,31.7,0.95,10.0,0.91,31.7,0.97,72.07,0.98,147.69,0.02,0.02,0.093042,1776210827000
1776210829.156,229.156,0.03,72.07,0.02,147.69,0.05,10.0,0.09,31.7,0.95,10.0,0.91,31.7,0.97,72.07,0.98,147.69,0.02,0.02,0.093041,1776210828000
1776210830.177,230.177,0.03,72.07,0.02,147.69,0.05,10.0,0.09,31.7,0.95,10.0,0.91,31.7,0.97,72.07,0.98,147.69,0.02,0.02,0.093041,1776210829000
1776210831.191,231.191,0.03,72.07,0.02,147.69,0.05,10.0,0.09,31.7,0.95,10.0,0.91,31.7,0.97,72.07,0.98,147.69,0.02,0.02,0.093041,1776210830000
1776210832.21,232.21,0.03,72.07,0.02,147.69,0.05,10.0,0.09,31.7,0.95,10.0,0.91,31.7,0.97,72.07,0.98,147.69,0.02,0.02,0.093041,1776210831000
1776210833.16,233.16,0.03,72.07,0.02,147.69,0.05,10.0,0.09,31.7,0.95,10.0,0.91,31.7,0.97,72.07,0.98,147.69,0.02,0.02,0.093041,1776210832000
1776210834.259,234.259,0.03,72.07,0.02,147.69,0.05,10.0,0.09,31.7,0.95,10.0,0.91,31.7,0.97,72.07,0.98,147.69,0.02,0.02,0.093041,1776210833000
1776210835.208,235.208,0.03,72.07,0.02,147.69,0.05,10.0,0.09,31.7,0.95,10.0,0.91,31.7,0.97,72.07,0.98,147.69,0.02,0.02,0.093041,1776210834000
1776210836.159,236.159,0.03,72.07,0.02,147.69,0.05,10.0,0.09,31.7,0.95,10.0,0.91,31.7,0.97,72.07,0.98,147.69,0.02,0.02,0.093041,1776210835000
1776210837.295,237.295,0.03,72.07,0.02,147.69,0.05,10.0,0.09,31.7,0.95,10.0,0.91,31.7,0.97,72.07,0.98,147.69,0.02,0.02,0.093041,1776210836000
1776210838.235,238.235,0.03,72.07,0.02,147.69,0.05,10.0,0.09,31.7,0.95,10.0,0.91,31.7,0.97,72.07,0.98,147.69,0.02,0.02,0.093041,1776210837000
1776210839.169,239.169,0.03,72.07,0.02,147.69,0.05,10.0,0.09,31.7,0.95,10.0,0.91,31.7,0.97,72.07,0.98,147.69,0.02,0.02,0.093041,1776210838000
1776210840.245,240.245,0.03,72.07,0.02,147.69,0.05,10.0,0.09,31.7,0.95,10.0,0.91,31.7,0.97,72.07,0.98,147.69,0.02,0.02,0.093041,1776210839000
1776210841.303,241.303,0.03,72.07,0.02,147.69,0.05,10.0,0.09,31.7,0.95,10.0,0.91,31.7,0.97,72.07,0.98,147.69,0.02,0.02,0.093041,1776210840000
1776210842.075,242.075,0.03,72.07,0.02,147.69,0.05,10.0,0.09,31.7,0.95,10.0,0.91,31.7,0.97,72.07,0.98,147.69,0.02,0.02,0.093041,1776210841000
1776210843.05,243.05,0.03,72.07,0.02,147.69,0.05,10.0,0.09,31.7,0.95,10.0,0.91,31.7,0.97,72.07,0.98,147.69,0.02,0.02,0.093042,1776210842000
1776210844.019,244.019,0.03,72.07,0.02,147.69,0.05,10.0,0.09,31.7,0.95,10.0,0.91,31.7,0.97,72.07,0.98,147.69,0.02,0.02,0.093042,1776210843000
1776210844.906,244.906,0.03,72.07,0.02,147.69,0.05,10.0,0.09,31.7,0.95,10.0,0.91,31.7,0.97,72.07,0.98,147.69,0.02,0.02,0.093042,1776210844000
1776210845.929,245.929,0.03,72.07,0.02,147.69,0.05,10.0,0.09,31.7,0.95,10.0,0.91,31.7,0.97,72.07,0.98,147.69,0.02,0.02,0.093042,1776210845000
1776210847.353,247.353,0.03,72.07,0.02,147.69,0.05,10.0,0.09,31.7,0.95,10.0,0.91,31.7,0.97,72.07,0.98,147.69,0.02,0.02,0.093042,1776210846000
1776210848.218,248.218,0.03,72.07,0.02,147.69,0.05,10.0,0.09,31.7,0.95,10.0,0.91,31.7,0.97,72.07,0.98,147.69,0.02,0.02,0.093042,1776210847000
1776210849.164,249.164,0.03,72.07,0.02,147.69,0.05,10.0,0.09,31.7,0.95,10.0,0.91,31.7,0.97,72.07,0.98,147.69,0.02,0.02,0.093042,1776210848000
1776210850.101,250.101,0.03,72.07,0.02,147.69,0.05,10.0,0.09,31.7,0.95,10.0,0.91,31.7,0.97,72.07,0.98,147.69,0.02,0.02,0.093042,1776210849000
1776210851.013,251.013,0.03,72.07,0.02,147.69,0.05,10.0,0.09,31.7,0.95,10.0,0.91,31.7,0.97,72.07,0.98,147.69,0.02,0.02,0.093042,1776210850000
1776210852.032,252.032,0.03,72.07,0.02,147.69,0.05,10.0,0.09,31.7,0.95,10.0,0.91,31.7,0.97,72.07,0.98,147.69,0.02,0.02,0.093042,1776210851000
1776210853.018,253.018,0.03,72.07,0.02,147.69,0.05,10.0,0.09,31.7,0.95,10.0,0.91,31.7,0.97,72.07,0.98,147.69,0.02,0.02,0.093042,1776210852000
1776210854.346,254.346,0.03,72.07,0.02,147.69,0.05,10.0,0.09,31.7,0.95,10.0,0.91,31.7,0.97,72.07,0.98,147.69,0.02,0.02,0.093042,1776210853000
1776210854.994,254.994,0.03,72.07,0.02,147.69,0.05,10.0,0.09,31.7,0.95,10.0,0.91,31.7,0.97,72.07,0.98,147.69,0.02,0.02,0.093042,1776210854000
1776210856.018,256.018,0.03,72.07,0.02,147.69,0.05,10.0,0.09,31.7,0.95,10.0,0.91,31.7,0.97,72.07,0.98,147.69,0.02,0.02,0.093042,1776210855000
1776210857.141,257.141,0.03,72.07,0.02,147.69,0.05,10.0,0.09,31.7,0.95,10.0,0.91,31.7,0.97,72.07,0.98,147.69,0.02,0.02,0.093042,1776210856000
1776210858.249,258.249,0.03,72.07,0.02,147.69,0.05,10.0,0.09,31.7,0.95,10.0,0.91,31.7,0.97,72.07,0.98,147.69,0.02,0.02,0.093042,1776210857000
1776210859.349,259.349,0.03,72.07,0.02,147.69,0.05,10.0,0.09,31.7,0.95,10.0,0.91,31.7,0.97,72.07,0.98,147.69,0.02,0.02,0.093042,1776210858000
1776210859.908,259.908,0.03,72.07,0.02,147.69,0.05,10.0,0.09,31.7,0.95,10.0,0.91,31.7,0.97,72.07,0.98,147.69,0.02,0.02,0.093042,1776210859000
1776210860.918,260.918,0.03,72.07,0.02,147.69,0.05,10.0,0.09,31.7,0.95,10.0,0.91,31.7,0.97,72.07,0.98,147.69,0.02,0.02,0.093042,1776210860000
1776210862.111,262.111,0.03,72.07,0.02,147.69,0.05,10.0,0.09,31.7,0.95,10.0,0.91,31.7,0.97,72.07,0.98,147.69,0.02,0.02,0.093042,1776210861000
1776210863.235,263.235,0.03,72.07,0.02,147.69,0.05,10.0,0.09,31.7,0.95,10.0,0.91,31.7,0.97,72.07,0.98,147.69,0.02,0.02,0.093042,1776210862000
1776210863.613,263.613,0.02,14.61,0.01,457.6,0.04,67.7,0.05,64.7,0.95,10.0,0.91,31.7,0.97,72.07,0.98,147.69,0.02,0.02,0.093042,1776210862000
1776210864.289,264.289,0.02,14.61,0.01,457.6,0.04,47.7,0.05,64.7,0.96,67.7,0.95,64.7,0.98,14.61,0.99,457.6,0.02,0.02,0.093042,1776210862000
1776210864.589,264.589,0.02,13.58,0.01,457.6,0.04,47.7,0.05,64.7,0.96,47.7,0.95,64.7,0.98,14.61,0.99,457.6,0.02,0.02,0.093042,1776210863000
1776210865.392,265.392,0.02,13.58,0.01,457.6,0.04,47.7,0.05,64.7,0.96,47.7,0.95,64.7,0.98,13.58,0.99,457.6,0.02,0.02,0.093042,1776210864000
1776210866.078,266.078,0.02,13.58,0.01,457.6,0.04,47.7,0.05,64.7,0.96,47.7,0.95,64.7,0.98,13.58,0.99,457.6,0.02,0.02,0.093042,1776210865000
1776210867.197,267.197,0.02,13.58,0.01,457.6,0.04,47.7,0.05,64.7,0.96,47.7,0.95,64.7,0.98,13.58,0.99,457.6,0.02,0.02,0.093042,1776210866000
1776210868.909,268.909,0.02,13.58,0.01,457.6,0.04,47.7,0.05,64.7,0.96,47.7,0.95,64.7,0.98,13.58,0.99,457.6,0.02,0.02,0.093039,1776210867000
1776210869.459,269.459,0.02,13.58,0.01,457.6,0.04,47.7,0.05,64.7,0.96,47.7,0.95,64.7,0.98,13.58,0.99,457.6,0.02,0.02,0.09304,1776210868000
1776210870.05,270.05,0.02,13.58,0.01,457.6,0.04,47.7,0.05,64.7,0.96,47.7,0.95,64.7,0.98,13.58,0.99,457.6,0.02,0.02,0.09304,1776210869000
1776210871.855,271.855,0.02,13.58,0.01,457.6,0.04,47.7,0.05,64.7,0.96,47.7,0.95,64.7,0.98,13.58,0.99,457.6,0.02,0.02,0.093039,1776210870000
1776210872.631,272.631,0.02,13.58,0.01,457.6,0.04,47.7,0.05,64.7,0.96,47.7,0.95,64.7,0.98,13.58,0.99,457.6,0.02,0.02,0.09304,1776210871000
1776210873.222,273.222,0.02,13.58,0.01,457.6,0.04,47.7,0.05,64.7,0.96,47.7,0.95,64.7,0.98,13.58,0.99,457.6,0.02,0.02,0.093041,1776210872000
1776210873.596,273.596,0.01,157.58,,,0.03,94.3,0.04,47.7,0.96,47.7,0.95,64.7,0.98,13.58,0.99,457.6,0.02,0.02,0.093041,1776210872000
1776210874.458,274.458,,,,,0.01,842.42,0.03,94.3,0.99,842.42,0.97,94.3,,,,,,,0.093041,1776210873000
1776210875.03,275.03,,,,,0.01,842.42,0.03,94.3,0.99,842.42,0.97,94.3,,,,,,,0.09304,1776210874000
1776210876.299,276.299,,,,,0.01,842.42,0.03,94.3,0.99,842.42,0.97,94.3,,,,,,,0.093027,1776210875000
1776210877.451,277.451,,,,,0.01,842.42,0.03,94.3,0.99,842.42,0.97,94.3,,,,,,,0.093025,1776210876000
1776210878.079,278.079,,,,,0.01,842.42,0.03,94.3,0.99,842.42,0.97,94.3,,,,,,,0.093025,1776210877000
1776210879.322,279.322,,,,,0.01,842.42,0.03,94.3,0.99,842.42,0.97,94.3,,,,,,,0.093025,1776210878000
1776210880.537,280.537,,,,,0.01,842.42,0.03,94.3,0.99,842.42,0.97,94.3,,,,,,,0.093025,1776210879000
1776210881.242,281.242,,,,,0.01,842.42,0.03,94.3,0.99,842.42,0.97,94.3,,,,,,,0.093025,1776210880000
1776210882.446,282.446,,,,,0.01,842.42,0.03,94.3,0.99,842.42,0.97,94.3,,,,,,,0.093025,1776210881000
1776210882.998,282.998,,,,,0.01,842.42,0.03,94.3,0.99,842.42,0.97,94.3,,,,,,,0.093025,1776210882000
1776210884.199,284.199,,,,,0.01,842.42,0.03,94.3,0.99,842.42,0.97,94.3,,,,,,,0.093026,1776210883000
1776210885.132,285.132,,,,,0.01,842.42,0.03,94.3,0.99,842.42,0.97,94.3,,,,,,,0.093026,1776210884000
1776210886.232,286.232,,,,,0.01,842.42,0.03,94.3,0.99,842.42,0.97,94.3,,,,,,,0.093028,1776210885000
1776210887.162,287.162,,,,,0.01,842.42,0.03,94.3,0.99,842.42,0.97,94.3,,,,,,,0.093028,1776210886000
1776210888.139,288.139,,,,,0.01,842.42,0.03,94.3,0.99,842.42,0.97,94.3,,,,,,,0.093027,1776210887000
1776210889.11,289.11,,,,,0.01,842.42,0.03,94.3,0.99,842.42,0.97,94.3,,,,,,,0.093027,1776210888000
1776210889.971,289.971,,,,,0.01,842.42,0.03,94.3,0.99,842.42,0.97,94.3,,,,,,,0.093027,1776210889000
1776210891.022,291.022,,,,,0.01,842.42,0.03,94.3,0.99,842.42,0.97,94.3,,,,,,,0.093027,1776210890000
1776210892.032,292.032,,,,,0.01,842.42,0.03,94.3,0.99,842.42,0.97,94.3,,,,,,,0.093027,1776210891000
1776210893.036,293.036,,,,,0.01,842.42,0.03,94.3,0.99,842.42,0.97,94.3,,,,,,,0.093027,1776210892000
1776210893.997,293.997,,,,,0.01,842.42,0.03,94.3,0.99,842.42,0.97,94.3,,,,,,,0.093026,1776210893000
1776210894.99,294.99,,,,,0.01,842.42,0.03,94.3,0.99,842.42,0.97,94.3,,,,,,,0.093026,1776210894000
1776210895.955,295.955,,,,,0.01,842.42,0.03,94.3,0.99,842.42,0.97,94.3,,,,,,,0.093031,1776210895000
1776210896.912,296.912,,,,,0.01,842.42,0.03,94.3,0.99,842.42,0.97,94.3,,,,,,,0.093031,1776210896000
1776210898.635,298.635,,,,,0.01,842.42,0.03,94.3,0.99,842.42,0.97,94.3,,,,,,,0.09303,1776210897000
1776210899.19,299.19,,,,,0.01,842.42,0.03,94.3,0.99,842.42,0.97,94.3,,,,,,,0.09303,1776210898000
1776210900.464,300.464,,,,,0.01,842.42,0.03,94.3,0.99,842.42,0.97,94.3,,,,,,,0.09303,1776210899000
1776210901.039,301.039,,,,,0.01,842.42,0.03,94.3,0.99,842.42,0.97,94.3,,,,,,,0.093026,1776210900000
1776210902.238,302.238,,,,,0.01,842.42,0.03,94.3,0.99,842.42,0.97,94.3,,,,,,,0.093026,1776210901000

# RESULT,winner=Down,slug=doge-updown-5m-1776210600,ticks=331
