timestamp,elapsed_sec,up_bid_p1,up_bid_s1,up_bid_p2,up_bid_s2,up_ask_p1,up_ask_s1,up_ask_p2,up_ask_s2,down_bid_p1,down_bid_s1,down_bid_p2,down_bid_s2,down_ask_p1,down_ask_s1,down_ask_p2,down_ask_s2,up_spread,down_spread,doge_price,doge_oracle_ts
1776230711.302,11.302,,,,,,,,,,,,,,,,,,,0.093405,1776230710000
1776230711.743,11.743,0.47,5.0,0.46,5.0,0.49,5.0,0.5,5.0,0.51,5.0,0.5,5.0,0.53,5.0,0.54,5.0,0.02,0.02,0.093405,1776230710000
1776230712.395,12.395,0.47,5.0,0.46,5.0,0.49,5.0,0.5,5.0,0.51,5.0,0.5,5.0,0.53,5.0,0.54,5.0,0.02,0.02,0.093406,1776230711000
1776230712.973,12.973,0.47,5.0,0.46,5.0,0.49,5.0,0.5,5.0,0.51,5.0,0.5,5.0,0.53,5.0,0.54,5.0,0.02,0.02,0.093406,1776230712000
1776230714.036,14.036,0.47,5.0,0.46,5.0,0.49,5.0,0.5,5.0,0.51,5.0,0.5,5.0,0.53,5.0,0.54,5.0,0.02,0.02,0.093406,1776230713000
1776230714.956,14.956,0.48,6.0,0.47,5.0,0.5,5.0,0.56,15.0,0.51,5.0,0.5,5.0,0.53,5.0,0.54,5.0,0.02,0.02,0.093406,1776230713000
1776230715.324,15.324,0.49,5.0,0.48,6.0,0.56,10.0,0.59,10.0,0.5,5.0,0.44,15.0,0.52,6.0,0.53,5.0,0.07,0.02,0.093405,1776230714000
1776230716.231,16.231,0.43,6.0,0.42,20.0,0.56,10.0,0.59,10.0,0.44,10.0,0.41,10.0,0.57,6.0,0.58,20.0,0.13,0.13,0.093405,1776230715000
1776230717.337,17.337,0.43,6.0,0.42,20.0,0.56,10.0,0.59,10.0,0.44,10.0,0.41,10.0,0.57,6.0,0.58,20.0,0.13,0.13,0.093416,1776230716000
1776230718.421,18.421,0.43,6.0,0.42,20.0,0.56,10.0,0.59,10.0,0.44,10.0,0.41,10.0,0.57,6.0,0.58,20.0,0.13,0.13,0.093416,1776230717000
1776230719.068,19.068,0.43,6.0,0.42,20.0,0.56,10.0,0.59,10.0,0.44,10.0,0.41,10.0,0.57,6.0,0.58,20.0,0.13,0.13,0.093419,1776230718000
1776230720.661,20.661,0.43,6.0,0.42,20.0,0.56,10.0,0.59,10.0,0.44,10.0,0.41,10.0,0.57,6.0,0.58,20.0,0.13,0.13,0.093417,1776230719000
1776230721.202,21.202,0.43,6.0,0.42,20.0,0.56,10.0,0.59,10.0,0.44,10.0,0.41,10.0,0.57,6.0,0.58,20.0,0.13,0.13,0.09342,1776230720000
1776230722.199,22.199,0.43,6.0,0.42,20.0,0.56,10.0,0.59,10.0,0.44,10.0,0.41,10.0,0.57,6.0,0.58,20.0,0.13,0.13,0.093418,1776230721000
1776230723.186,23.186,0.43,6.0,0.42,20.0,0.56,10.0,0.59,10.0,0.44,10.0,0.41,10.0,0.57,6.0,0.58,20.0,0.13,0.13,0.093413,1776230722000
1776230724.237,24.237,0.43,6.0,0.42,20.0,0.56,10.0,0.59,10.0,0.44,10.0,0.41,10.0,0.57,6.0,0.58,20.0,0.13,0.13,0.093405,1776230723000
1776230725.24,25.24,0.43,6.0,0.42,20.0,0.56,10.0,0.59,10.0,0.44,10.0,0.41,10.0,0.57,6.0,0.58,20.0,0.13,0.13,0.093405,1776230724000
1776230726.319,26.319,0.43,6.0,0.42,20.0,0.56,10.0,0.59,10.0,0.44,10.0,0.41,10.0,0.57,6.0,0.58,20.0,0.13,0.13,0.093406,1776230725000
1776230727.399,27.399,0.43,6.0,0.42,20.0,0.56,10.0,0.59,10.0,0.44,10.0,0.41,10.0,0.57,6.0,0.58,20.0,0.13,0.13,0.093407,1776230726000
1776230727.929,27.929,0.43,6.0,0.42,20.0,0.56,10.0,0.59,10.0,0.44,10.0,0.41,10.0,0.57,6.0,0.58,20.0,0.13,0.13,0.093407,1776230727000
1776230728.963,28.963,0.43,6.0,0.42,20.0,0.56,10.0,0.59,10.0,0.44,10.0,0.41,10.0,0.57,6.0,0.58,20.0,0.13,0.13,0.093402,1776230728000
1776230729.997,29.997,0.43,6.0,0.42,20.0,0.56,10.0,0.59,10.0,0.44,10.0,0.41,10.0,0.57,6.0,0.58,20.0,0.13,0.13,0.093402,1776230729000
1776230731.151,31.151,0.43,6.0,0.42,20.0,0.56,10.0,0.59,10.0,0.44,10.0,0.41,10.0,0.57,6.0,0.58,20.0,0.13,0.13,0.0934,1776230730000
1776230732.13,32.13,0.43,6.0,0.42,20.0,0.56,10.0,0.59,10.0,0.44,10.0,0.41,10.0,0.57,6.0,0.58,20.0,0.13,0.13,0.093392,1776230731000
1776230733.397,33.397,0.43,6.0,0.42,20.0,0.56,10.0,0.59,10.0,0.44,10.0,0.41,10.0,0.57,6.0,0.58,20.0,0.13,0.13,0.093393,1776230732000
1776230734.241,34.241,0.43,6.0,0.42,20.0,0.56,10.0,0.59,10.0,0.44,10.0,0.41,10.0,0.57,6.0,0.58,20.0,0.13,0.13,0.093388,1776230733000
1776230735.323,35.323,0.43,6.0,0.42,20.0,0.56,10.0,0.59,10.0,0.44,10.0,0.41,10.0,0.57,6.0,0.58,20.0,0.13,0.13,0.093386,1776230734000
1776230736.27,36.27,0.43,6.0,0.42,20.0,0.56,10.0,0.59,10.0,0.44,10.0,0.41,10.0,0.57,6.0,0.58,20.0,0.13,0.13,0.093382,1776230735000
1776230737.276,37.276,0.43,6.0,0.42,20.0,0.56,10.0,0.59,10.0,0.44,10.0,0.41,10.0,0.57,6.0,0.58,20.0,0.13,0.13,0.093382,1776230736000
1776230738.219,38.219,0.43,6.0,0.42,20.0,0.56,10.0,0.59,10.0,0.44,10.0,0.41,10.0,0.57,6.0,0.58,20.0,0.13,0.13,0.093382,1776230737000
1776230739.195,39.195,0.43,6.0,0.42,20.0,0.56,10.0,0.59,10.0,0.44,10.0,0.41,10.0,0.57,6.0,0.58,20.0,0.13,0.13,0.093383,1776230738000
1776230740.23,40.23,0.43,6.0,0.42,20.0,0.56,10.0,0.59,10.0,0.44,10.0,0.41,10.0,0.57,6.0,0.58,20.0,0.13,0.13,0.093383,1776230739000
1776230741.166,41.166,0.43,6.0,0.42,20.0,0.56,10.0,0.59,10.0,0.44,10.0,0.41,10.0,0.57,6.0,0.58,20.0,0.13,0.13,0.093387,1776230740000
1776230742.245,42.245,0.43,6.0,0.42,20.0,0.56,10.0,0.59,10.0,0.44,10.0,0.41,10.0,0.57,6.0,0.58,20.0,0.13,0.13,0.093387,1776230741000
1776230743.312,43.312,0.43,6.0,0.42,20.0,0.56,10.0,0.59,10.0,0.44,10.0,0.41,10.0,0.57,6.0,0.58,20.0,0.13,0.13,0.093393,1776230742000
1776230744.227,44.227,0.43,6.0,0.42,20.0,0.56,10.0,0.59,10.0,0.44,10.0,0.41,10.0,0.57,6.0,0.58,20.0,0.13,0.13,0.093394,1776230743000
1776230745.18,45.18,0.43,6.0,0.42,20.0,0.56,10.0,0.59,10.0,0.44,10.0,0.41,10.0,0.57,6.0,0.58,20.0,0.13,0.13,0.093393,1776230744000
1776230746.283,46.283,0.43,6.0,0.42,20.0,0.56,10.0,0.59,10.0,0.44,10.0,0.41,10.0,0.57,6.0,0.58,20.0,0.13,0.13,0.0934,1776230745000
1776230747.212,47.212,0.43,6.0,0.42,20.0,0.56,10.0,0.59,10.0,0.44,10.0,0.41,10.0,0.57,6.0,0.58,20.0,0.13,0.13,0.093414,1776230746000
1776230748.637,48.637,0.43,6.0,0.42,20.0,0.56,10.0,0.59,10.0,0.44,10.0,0.41,10.0,0.57,6.0,0.58,20.0,0.13,0.13,0.093415,1776230747000
1776230749.219,49.219,0.43,6.0,0.42,20.0,0.56,10.0,0.59,10.0,0.44,10.0,0.41,10.0,0.57,6.0,0.58,20.0,0.13,0.13,0.093418,1776230748000
1776230750.716,50.716,0.43,6.0,0.42,20.0,0.56,10.0,0.59,10.0,0.44,10.0,0.41,10.0,0.57,6.0,0.58,20.0,0.13,0.13,0.093418,1776230749000
1776230751.474,51.474,0.43,6.0,0.42,20.0,0.56,10.0,0.59,10.0,0.44,10.0,0.41,10.0,0.57,6.0,0.58,20.0,0.13,0.13,0.093418,1776230750000
1776230752.109,52.109,0.43,6.0,0.42,20.0,0.56,10.0,0.59,10.0,0.44,10.0,0.41,10.0,0.57,6.0,0.58,20.0,0.13,0.13,0.093417,1776230751000
1776230752.66,52.66,0.49,1.07,0.48,15.0,0.61,5.0,0.62,5.0,0.44,10.0,0.41,10.0,0.57,6.0,0.58,20.0,0.12,0.13,0.093417,1776230751000
1776230753.494,53.494,0.49,1.07,0.48,15.0,0.61,5.0,0.62,5.0,0.39,5.0,0.38,5.0,0.51,1.07,0.52,15.0,0.12,0.12,0.093415,1776230752000
1776230754.099,54.099,0.49,1.07,0.48,15.0,0.61,5.0,0.62,5.0,0.39,5.0,0.38,5.0,0.51,1.07,0.52,15.0,0.12,0.12,0.093416,1776230753000
1776230755.4,55.4,0.49,1.07,0.48,15.0,0.61,5.0,0.62,5.0,0.39,5.0,0.38,5.0,0.51,1.07,0.52,15.0,0.12,0.12,0.093418,1776230754000
1776230756.076,56.076,0.49,1.07,0.48,15.0,0.61,5.0,0.62,5.0,0.39,5.0,0.38,5.0,0.51,1.07,0.52,15.0,0.12,0.12,0.093419,1776230755000
1776230757.443,57.443,0.49,1.07,0.48,15.0,0.61,5.0,0.62,5.0,0.39,5.0,0.38,5.0,0.51,1.07,0.52,15.0,0.12,0.12,0.093423,1776230756000
1776230758.046,58.046,0.49,1.07,0.48,15.0,0.61,5.0,0.62,5.0,0.39,5.0,0.38,5.0,0.51,1.07,0.52,15.0,0.12,0.12,0.093423,1776230757000
1776230759.369,59.369,0.49,1.07,0.48,15.0,0.61,5.0,0.62,5.0,0.39,5.0,0.38,5.0,0.51,1.07,0.52,15.0,0.12,0.12,0.093426,1776230758000
1776230760.519,60.519,0.49,1.07,0.48,15.0,0.61,5.0,0.62,5.0,0.39,5.0,0.38,5.0,0.51,1.07,0.52,15.0,0.12,0.12,0.093426,1776230759000
1776230761.042,61.042,0.49,1.07,0.48,15.0,0.61,5.0,0.62,5.0,0.39,5.0,0.38,5.0,0.51,1.07,0.52,15.0,0.12,0.12,0.093426,1776230760000
1776230762.384,62.384,0.49,1.07,0.48,15.0,0.61,5.0,0.62,5.0,0.39,5.0,0.38,5.0,0.51,1.07,0.52,15.0,0.12,0.12,0.093425,1776230761000
1776230763.028,63.028,0.49,1.07,0.48,15.0,0.61,5.0,0.62,5.0,0.39,5.0,0.38,5.0,0.51,1.07,0.52,15.0,0.12,0.12,0.093425,1776230762000
1776230764.168,64.168,0.49,1.07,0.48,15.0,0.61,5.0,0.62,5.0,0.39,5.0,0.38,5.0,0.51,1.07,0.52,15.0,0.12,0.12,0.093425,1776230763000
1776230765.147,65.147,0.49,1.07,0.48,15.0,0.61,5.0,0.62,5.0,0.39,5.0,0.38,5.0,0.51,1.07,0.52,15.0,0.12,0.12,0.093425,1776230764000
1776230766.117,66.117,0.49,1.07,0.48,15.0,0.61,5.0,0.62,5.0,0.39,5.0,0.38,5.0,0.51,1.07,0.52,15.0,0.12,0.12,0.093446,1776230765000
1776230767.058,67.058,0.49,1.07,0.48,15.0,0.61,5.0,0.62,5.0,0.39,5.0,0.38,5.0,0.51,1.07,0.52,15.0,0.12,0.12,0.093446,1776230766000
1776230767.481,67.481,0.61,6.0,0.6,5.0,0.74,5.0,0.75,31.9,0.39,5.0,0.38,5.0,0.51,1.07,0.52,15.0,0.13,0.12,0.093446,1776230766000
1776230768.101,68.101,0.61,6.0,0.6,5.0,0.74,5.0,0.75,31.9,0.26,5.0,0.25,31.9,0.39,6.0,0.4,5.0,0.13,0.13,0.093443,1776230767000
1776230769.103,69.103,0.61,6.0,0.6,5.0,0.74,5.0,0.75,31.9,0.26,5.0,0.25,31.9,0.39,6.0,0.4,5.0,0.13,0.13,0.093441,1776230768000
1776230769.627,69.627,0.62,5.0,0.54,10.0,0.73,4.63,0.74,18.5,0.26,5.0,0.25,31.9,0.39,6.0,0.4,5.0,0.11,0.13,0.093441,1776230768000
1776230770.053,70.053,0.62,5.0,0.54,10.0,0.73,4.63,0.74,18.5,0.27,4.63,0.26,18.5,0.38,5.0,0.46,10.0,0.11,0.11,0.093438,1776230769000
1776230771.065,71.065,0.62,5.0,0.54,10.0,0.73,4.63,0.74,18.5,0.27,4.63,0.26,18.5,0.38,5.0,0.46,10.0,0.11,0.11,0.093438,1776230770000
1776230772.034,72.034,0.62,5.0,0.54,10.0,0.73,4.63,0.74,18.5,0.27,4.63,0.26,18.5,0.38,5.0,0.46,10.0,0.11,0.11,0.093437,1776230771000
1776230772.989,72.989,0.62,5.0,0.54,10.0,0.73,4.63,0.74,18.5,0.27,4.63,0.26,18.5,0.38,5.0,0.46,10.0,0.11,0.11,0.093437,1776230772000
1776230774.084,74.084,0.61,5.0,0.6,10.0,0.75,13.0,0.78,29.2,0.25,13.0,0.22,29.2,0.39,5.0,0.4,10.0,0.14,0.14,0.09344,1776230773000
1776230775.098,75.098,0.61,5.0,0.6,10.0,0.75,13.0,0.78,29.2,0.25,13.0,0.22,29.2,0.39,5.0,0.4,10.0,0.14,0.14,0.093454,1776230774000
1776230776.09,76.09,0.61,5.0,0.6,10.0,0.75,13.0,0.78,29.2,0.25,13.0,0.22,29.2,0.39,5.0,0.4,10.0,0.14,0.14,0.093458,1776230775000
1776230777.227,77.227,0.61,5.0,0.6,10.0,0.75,13.0,0.78,29.2,0.25,13.0,0.22,29.2,0.39,5.0,0.4,10.0,0.14,0.14,0.093459,1776230776000
1776230778.561,78.561,0.61,5.0,0.6,10.0,0.75,13.0,0.78,29.2,0.25,13.0,0.22,29.2,0.39,5.0,0.4,10.0,0.14,0.14,0.093459,1776230777000
1776230778.933,78.933,0.69,1.0,0.61,15.0,0.71,5.0,0.72,5.0,0.25,13.0,0.22,29.2,0.39,5.0,0.4,10.0,0.02,0.14,0.093459,1776230777000
1776230779.45,79.45,0.69,1.0,0.61,15.0,0.71,5.0,0.72,5.0,0.29,5.0,0.28,5.0,0.31,1.0,0.39,15.0,0.02,0.02,0.093457,1776230778000
1776230779.958,79.958,0.69,1.0,0.61,15.0,0.71,5.0,0.72,5.0,0.29,5.0,0.28,5.0,0.31,1.0,0.39,15.0,0.02,0.02,0.093438,1776230779000
1776230781.134,81.134,0.69,1.0,0.61,15.0,0.71,5.0,0.72,5.0,0.29,5.0,0.28,5.0,0.31,1.0,0.39,15.0,0.02,0.02,0.09343,1776230780000
1776230782.477,82.477,0.69,1.0,0.61,15.0,0.71,5.0,0.72,5.0,0.29,5.0,0.28,5.0,0.31,1.0,0.39,15.0,0.02,0.02,0.09343,1776230781000
1776230782.937,82.937,0.69,1.0,0.61,15.0,0.71,5.0,0.72,5.0,0.29,5.0,0.28,5.0,0.31,1.0,0.39,15.0,0.02,0.02,0.09343,1776230782000
1776230784.069,84.069,0.69,1.0,0.61,15.0,0.71,5.0,0.72,5.0,0.29,5.0,0.28,5.0,0.31,1.0,0.39,15.0,0.02,0.02,0.093432,1776230783000
1776230785.29,85.29,0.69,1.0,0.61,15.0,0.71,5.0,0.72,5.0,0.29,5.0,0.28,5.0,0.31,1.0,0.39,15.0,0.02,0.02,0.093435,1776230784000
1776230786.559,86.559,0.69,1.0,0.61,15.0,0.71,5.0,0.72,5.0,0.29,5.0,0.28,5.0,0.31,1.0,0.39,15.0,0.02,0.02,0.093436,1776230785000
1776230787.035,87.035,0.69,1.0,0.61,15.0,0.71,5.0,0.72,5.0,0.29,5.0,0.28,5.0,0.31,1.0,0.39,15.0,0.02,0.02,0.093437,1776230786000
1776230788.903,88.903,0.69,1.0,0.61,15.0,0.71,5.0,0.72,5.0,0.29,5.0,0.28,5.0,0.31,1.0,0.39,15.0,0.02,0.02,0.09344,1776230787000
1776230789.675,89.675,0.69,1.0,0.61,15.0,0.71,5.0,0.72,5.0,0.29,5.0,0.28,5.0,0.31,1.0,0.39,15.0,0.02,0.02,0.09344,1776230788000
1776230790.361,90.361,0.69,1.0,0.61,15.0,0.71,5.0,0.72,5.0,0.29,5.0,0.28,5.0,0.31,1.0,0.39,15.0,0.02,0.02,0.09344,1776230789000
1776230791.032,91.032,0.69,1.0,0.61,15.0,0.71,5.0,0.72,5.0,0.29,5.0,0.28,5.0,0.31,1.0,0.39,15.0,0.02,0.02,0.093443,1776230790000
1776230792.315,92.315,0.69,1.0,0.61,15.0,0.71,5.0,0.72,5.0,0.29,5.0,0.28,5.0,0.31,1.0,0.39,15.0,0.02,0.02,0.093443,1776230791000
1776230792.931,92.931,0.69,1.0,0.61,15.0,0.71,5.0,0.72,5.0,0.29,5.0,0.28,5.0,0.31,1.0,0.39,15.0,0.02,0.02,0.093443,1776230792000
1776230793.711,93.711,0.61,8.92,0.6,20.8,0.74,13.5,0.75,18.9,0.29,5.0,0.28,5.0,0.31,1.0,0.39,15.0,0.13,0.02,0.093443,1776230792000
1776230794.005,94.005,0.61,8.92,0.6,20.8,0.74,13.5,0.75,18.9,0.26,13.5,0.25,18.9,0.39,8.92,0.4,20.8,0.13,0.13,0.093441,1776230793000
1776230795.389,95.389,0.61,8.92,0.6,20.8,0.74,13.5,0.75,18.9,0.26,13.5,0.25,18.9,0.39,8.92,0.4,20.8,0.13,0.13,0.093442,1776230794000
1776230796.067,96.067,0.61,8.92,0.6,20.8,0.74,13.5,0.75,18.9,0.26,13.5,0.25,18.9,0.39,8.92,0.4,20.8,0.13,0.13,0.093442,1776230795000
1776230797.524,97.524,0.61,8.92,0.6,20.8,0.74,13.5,0.75,18.9,0.26,13.5,0.25,18.9,0.39,8.92,0.4,20.8,0.13,0.13,0.093442,1776230796000
1776230798.146,98.146,0.61,8.92,0.6,20.8,0.74,13.5,0.75,18.9,0.26,13.5,0.25,18.9,0.39,8.92,0.4,20.8,0.13,0.13,0.093441,1776230797000
1776230799.345,99.345,0.61,8.92,0.6,20.8,0.74,13.5,0.75,18.9,0.26,13.5,0.25,18.9,0.39,8.92,0.4,20.8,0.13,0.13,0.093443,1776230798000
1776230799.993,99.993,0.61,8.92,0.6,20.8,0.74,13.5,0.75,18.9,0.26,13.5,0.25,18.9,0.39,8.92,0.4,20.8,0.13,0.13,0.093438,1776230799000
1776230801.242,101.242,0.61,8.92,0.6,20.8,0.74,13.5,0.75,18.9,0.26,13.5,0.25,18.9,0.39,8.92,0.4,20.8,0.13,0.13,0.093437,1776230800000
1776230802.352,102.352,0.61,8.92,0.6,20.8,0.74,13.5,0.75,18.9,0.26,13.5,0.25,18.9,0.39,8.92,0.4,20.8,0.13,0.13,0.093435,1776230801000
1776230803.547,103.547,0.61,8.92,0.6,20.8,0.74,13.5,0.75,18.9,0.26,13.5,0.25,18.9,0.39,8.92,0.4,20.8,0.13,0.13,0.093434,1776230802000
1776230804.18,104.18,0.61,8.92,0.6,20.8,0.74,13.5,0.75,18.9,0.26,13.5,0.25,18.9,0.39,8.92,0.4,20.8,0.13,0.13,0.093435,1776230803000
1776230805.194,105.194,0.61,8.92,0.6,20.8,0.74,13.5,0.75,18.9,0.26,13.5,0.25,18.9,0.39,8.92,0.4,20.8,0.13,0.13,0.093436,1776230804000
1776230806.335,106.335,0.61,8.92,0.6,20.8,0.74,13.5,0.75,18.9,0.26,13.5,0.25,18.9,0.39,8.92,0.4,20.8,0.13,0.13,0.093433,1776230805000
1776230806.923,106.923,0.61,8.92,0.6,20.8,0.74,13.5,0.75,18.9,0.26,13.5,0.25,18.9,0.39,8.92,0.4,20.8,0.13,0.13,0.093426,1776230806000
1776230808.1,108.1,0.61,8.92,0.6,20.8,0.74,13.5,0.75,18.9,0.26,13.5,0.25,18.9,0.39,8.92,0.4,20.8,0.13,0.13,0.093424,1776230807000
1776230809.808,109.808,0.61,8.92,0.6,20.8,0.74,13.5,0.75,18.9,0.26,13.5,0.25,18.9,0.39,8.92,0.4,20.8,0.13,0.13,0.093423,1776230808000
1776230810.774,110.774,0.61,8.92,0.6,20.8,0.74,13.5,0.75,18.9,0.26,13.5,0.25,18.9,0.39,8.92,0.4,20.8,0.13,0.13,0.093423,1776230809000
1776230811.494,111.494,0.61,8.92,0.6,20.8,0.74,13.5,0.75,18.9,0.26,13.5,0.25,18.9,0.39,8.92,0.4,20.8,0.13,0.13,0.093427,1776230810000
1776230812.115,112.115,0.61,8.92,0.6,20.8,0.74,13.5,0.75,18.9,0.26,13.5,0.25,18.9,0.39,8.92,0.4,20.8,0.13,0.13,0.093428,1776230811000
1776230813.607,113.607,0.61,8.92,0.6,20.8,0.74,13.5,0.75,18.9,0.26,13.5,0.25,18.9,0.39,8.92,0.4,20.8,0.13,0.13,0.093427,1776230812000
1776230814.285,114.285,0.61,8.92,0.6,20.8,0.74,13.5,0.75,18.9,0.26,13.5,0.25,18.9,0.39,8.92,0.4,20.8,0.13,0.13,0.093427,1776230813000
1776230815.514,115.514,0.61,8.92,0.6,20.8,0.74,13.5,0.75,18.9,0.26,13.5,0.25,18.9,0.39,8.92,0.4,20.8,0.13,0.13,0.093429,1776230814000
1776230816.104,116.104,0.61,8.92,0.6,20.8,0.74,13.5,0.75,18.9,0.26,13.5,0.25,18.9,0.39,8.92,0.4,20.8,0.13,0.13,0.093429,1776230815000
1776230817.557,117.557,0.61,8.92,0.6,20.8,0.74,13.5,0.75,18.9,0.26,13.5,0.25,18.9,0.39,8.92,0.4,20.8,0.13,0.13,0.093427,1776230816000
1776230818.155,118.155,0.61,8.92,0.6,20.8,0.74,13.5,0.75,18.9,0.26,13.5,0.25,18.9,0.39,8.92,0.4,20.8,0.13,0.13,0.093427,1776230817000
1776230819.356,119.356,0.61,8.92,0.6,20.8,0.74,13.5,0.75,18.9,0.26,13.5,0.25,18.9,0.39,8.92,0.4,20.8,0.13,0.13,0.093427,1776230818000
1776230819.793,119.793,0.55,7.71,0.52,10.0,0.6,6.0,0.61,50.0,0.26,13.5,0.25,18.9,0.39,8.92,0.4,20.8,0.05,0.13,0.093427,1776230818000
1776230820.054,120.054,0.55,7.71,0.52,10.0,0.6,6.0,0.61,50.0,0.4,6.0,0.39,50.0,0.45,7.71,0.48,10.0,0.05,0.05,0.093426,1776230819000
1776230821.081,121.081,0.49,10.0,0.46,10.0,0.5,33.26,0.55,20.0,0.49,42.29,0.44,45.0,0.51,10.0,0.54,10.0,0.01,0.02,0.093426,1776230819000
1776230821.355,121.355,0.49,10.0,0.46,10.0,0.5,33.26,0.55,20.0,0.5,33.26,0.45,20.0,0.51,10.0,0.54,10.0,0.01,0.01,0.093401,1776230820000
1776230821.992,121.992,0.49,4.9,0.46,10.0,0.5,37.0,0.51,20.0,0.5,37.0,0.49,20.0,0.51,4.9,0.54,10.0,0.01,0.01,0.093397,1776230821000
1776230823.239,123.239,0.49,3.0,0.46,10.0,0.5,42.0,0.51,20.0,0.5,42.0,0.49,20.0,0.51,3.0,0.54,10.0,0.01,0.01,0.093386,1776230822000
1776230824.576,124.576,0.49,3.0,0.46,10.0,0.5,42.0,0.51,20.0,0.5,42.0,0.49,20.0,0.51,3.0,0.54,10.0,0.01,0.01,0.093388,1776230823000
1776230825.167,125.167,0.49,3.0,0.46,10.0,0.5,42.0,0.51,20.0,0.5,42.0,0.49,20.0,0.51,3.0,0.54,10.0,0.01,0.01,0.09339,1776230824000
1776230826.966,126.966,0.48,5.0,0.41,50.0,0.55,10.0,0.56,15.0,0.45,10.0,0.44,15.0,0.52,5.0,0.59,50.0,0.07,0.07,0.0934,1776230825000
1776230827.423,127.423,0.48,5.0,0.41,50.0,0.55,10.0,0.56,15.0,0.45,10.0,0.44,15.0,0.52,5.0,0.59,50.0,0.07,0.07,0.093408,1776230826000
1776230828.036,128.036,0.48,5.0,0.41,50.0,0.55,10.0,0.56,15.0,0.45,10.0,0.44,15.0,0.52,5.0,0.59,50.0,0.07,0.07,0.093408,1776230827000
1776230828.92,128.92,0.48,5.0,0.41,50.0,0.55,10.0,0.56,15.0,0.45,10.0,0.44,15.0,0.52,5.0,0.59,50.0,0.07,0.07,0.093407,1776230828000
1776230829.988,129.988,0.48,5.0,0.41,50.0,0.55,10.0,0.56,15.0,0.45,10.0,0.44,15.0,0.52,5.0,0.59,50.0,0.07,0.07,0.093407,1776230829000
1776230830.918,130.918,0.48,5.0,0.41,50.0,0.55,10.0,0.56,15.0,0.45,10.0,0.44,15.0,0.52,5.0,0.59,50.0,0.07,0.07,0.093408,1776230830000
1776230831.971,131.971,0.48,5.0,0.41,50.0,0.55,10.0,0.56,15.0,0.45,10.0,0.44,15.0,0.52,5.0,0.59,50.0,0.07,0.07,0.093409,1776230831000
1776230832.921,132.921,0.48,5.0,0.41,50.0,0.55,10.0,0.56,15.0,0.45,10.0,0.44,15.0,0.52,5.0,0.59,50.0,0.07,0.07,0.093407,1776230832000
1776230833.918,133.918,0.48,5.0,0.41,50.0,0.55,10.0,0.56,15.0,0.45,10.0,0.44,15.0,0.52,5.0,0.59,50.0,0.07,0.07,0.093413,1776230833000
1776230835.012,135.012,0.48,5.0,0.41,50.0,0.55,10.0,0.56,15.0,0.45,10.0,0.44,15.0,0.52,5.0,0.59,50.0,0.07,0.07,0.093421,1776230834000
1776230835.985,135.985,0.48,5.0,0.41,50.0,0.55,10.0,0.56,15.0,0.45,10.0,0.44,15.0,0.52,5.0,0.59,50.0,0.07,0.07,0.093431,1776230835000
1776230837.025,137.025,0.55,8.0,0.51,31.0,0.56,4.82,0.68,11.9,0.45,10.0,0.44,15.0,0.52,5.0,0.59,50.0,0.01,0.07,0.093431,1776230835000
1776230837.254,137.254,0.51,26.0,0.48,25.4,0.56,4.82,0.65,10.0,0.44,4.82,0.32,11.9,0.45,8.0,0.49,31.0,0.05,0.01,0.093427,1776230836000
1776230838.0,138.0,0.51,26.0,0.48,25.4,0.56,4.82,0.65,10.0,0.44,4.82,0.35,10.0,0.49,26.0,0.52,25.4,0.05,0.05,0.093425,1776230837000
1776230839.02,139.02,0.51,26.0,0.48,25.4,0.56,4.82,0.65,10.0,0.44,4.82,0.35,10.0,0.49,26.0,0.52,25.4,0.05,0.05,0.093414,1776230838000
1776230840.209,140.209,0.51,26.0,0.48,25.4,0.56,4.82,0.65,10.0,0.44,4.82,0.35,10.0,0.49,26.0,0.52,25.4,0.05,0.05,0.093412,1776230839000
1776230841.798,141.798,0.51,26.0,0.48,25.4,0.56,4.82,0.65,10.0,0.44,4.82,0.35,10.0,0.49,26.0,0.52,25.4,0.05,0.05,0.09341,1776230840000
1776230842.388,142.388,0.51,26.0,0.48,25.4,0.56,4.82,0.65,10.0,0.44,4.82,0.35,10.0,0.49,26.0,0.52,25.4,0.05,0.05,0.09341,1776230841000
1776230843.67,143.67,0.51,26.0,0.48,25.4,0.56,4.82,0.65,10.0,0.44,4.82,0.35,10.0,0.49,26.0,0.52,25.4,0.05,0.05,0.09341,1776230842000
1776230844.275,144.275,0.51,26.0,0.48,25.4,0.56,4.82,0.65,10.0,0.44,4.82,0.35,10.0,0.49,26.0,0.52,25.4,0.05,0.05,0.093404,1776230843000
1776230844.986,144.986,0.51,26.0,0.48,25.4,0.56,4.82,0.65,10.0,0.44,4.82,0.35,10.0,0.49,26.0,0.52,25.4,0.05,0.05,0.093399,1776230844000
1776230846.627,146.627,0.51,26.0,0.48,25.4,0.56,4.82,0.65,10.0,0.44,4.82,0.35,10.0,0.49,26.0,0.52,25.4,0.05,0.05,0.093398,1776230845000
1776230847.375,147.375,0.51,26.0,0.48,25.4,0.56,4.82,0.65,10.0,0.44,4.82,0.35,10.0,0.49,26.0,0.52,25.4,0.05,0.05,0.093388,1776230846000
1776230848.137,148.137,0.51,26.0,0.48,25.4,0.56,4.82,0.65,10.0,0.44,4.82,0.35,10.0,0.49,26.0,0.52,25.4,0.05,0.05,0.09337,1776230847000
1776230849.595,149.595,0.51,26.0,0.48,25.4,0.56,4.82,0.65,10.0,0.44,4.82,0.35,10.0,0.49,26.0,0.52,25.4,0.05,0.05,0.09338,1776230848000
1776230850.287,150.287,0.51,26.0,0.48,25.4,0.56,4.82,0.65,10.0,0.44,4.82,0.35,10.0,0.49,26.0,0.52,25.4,0.05,0.05,0.093381,1776230849000
1776230851.432,151.432,0.27,7.93,0.24,13.0,0.28,11.0,0.34,5.0,0.44,4.82,0.35,10.0,0.49,26.0,0.52,25.4,0.01,0.05,0.093381,1776230849000
1776230852.356,152.356,0.27,7.93,0.24,13.0,0.28,11.0,0.34,5.0,0.72,11.0,0.66,5.0,0.73,7.93,0.76,13.0,0.01,0.01,0.093372,1776230851000
1776230853.672,153.672,0.27,7.93,0.24,13.0,0.28,11.0,0.34,5.0,0.72,11.0,0.66,5.0,0.73,7.93,0.76,13.0,0.01,0.01,0.09336,1776230852000
1776230854.453,154.453,0.27,2.93,0.24,13.0,0.28,26.0,0.3,5.0,0.72,26.0,0.7,5.0,0.73,2.93,0.76,13.0,0.01,0.01,0.09336,1776230853000
1776230855.02,155.02,0.27,2.93,0.24,13.0,0.28,26.0,0.3,5.0,0.72,26.0,0.7,5.0,0.73,2.93,0.76,13.0,0.01,0.01,0.093361,1776230854000
1776230856.591,156.591,0.27,2.93,0.24,13.0,0.28,26.0,0.3,5.0,0.72,26.0,0.7,5.0,0.73,2.93,0.76,13.0,0.01,0.01,0.093346,1776230855000
1776230857.197,157.197,0.27,2.93,0.24,13.0,0.28,26.0,0.3,5.0,0.72,26.0,0.7,5.0,0.73,2.93,0.76,13.0,0.01,0.01,0.093348,1776230856000
1776230859.037,159.037,0.27,2.93,0.24,13.0,0.28,26.0,0.3,5.0,0.72,26.0,0.7,5.0,0.73,2.93,0.76,13.0,0.01,0.01,0.093347,1776230857000
1776230859.619,159.619,0.27,2.93,0.24,13.0,0.28,26.0,0.3,5.0,0.72,26.0,0.7,5.0,0.73,2.93,0.76,13.0,0.01,0.01,0.093344,1776230858000
1776230860.071,160.071,0.27,2.93,0.24,13.0,0.28,26.0,0.3,5.0,0.72,26.0,0.7,5.0,0.73,2.93,0.76,13.0,0.01,0.01,0.093342,1776230859000
1776230861.002,161.002,0.27,2.93,0.24,13.0,0.28,26.0,0.3,5.0,0.72,26.0,0.7,5.0,0.73,2.93,0.76,13.0,0.01,0.01,0.093337,1776230860000
1776230861.993,161.993,0.27,2.93,0.24,13.0,0.28,26.0,0.3,5.0,0.72,26.0,0.7,5.0,0.73,2.93,0.76,13.0,0.01,0.01,0.093337,1776230861000
1776230862.651,162.651,0.16,13.34,0.15,38.39,0.21,6.0,0.22,5.0,0.72,26.0,0.7,5.0,0.73,2.93,0.76,13.0,0.05,0.01,0.093337,1776230861000
1776230862.969,162.969,0.16,13.34,0.15,38.39,0.21,6.0,0.22,5.0,0.79,6.0,0.78,5.0,0.84,13.34,0.85,38.39,0.05,0.05,0.093347,1776230862000
1776230863.937,163.937,0.16,13.34,0.15,38.39,0.21,6.0,0.22,5.0,0.79,6.0,0.78,5.0,0.84,13.34,0.85,38.39,0.05,0.05,0.093347,1776230863000
1776230864.924,164.924,0.16,13.34,0.15,38.39,0.21,6.0,0.22,5.0,0.79,6.0,0.78,5.0,0.84,13.34,0.85,38.39,0.05,0.05,0.093346,1776230864000
1776230865.912,165.912,0.16,13.34,0.15,38.39,0.21,6.0,0.22,5.0,0.79,6.0,0.78,5.0,0.84,13.34,0.85,38.39,0.05,0.05,0.093342,1776230865000
1776230867.586,167.586,0.16,13.34,0.15,38.39,0.21,6.0,0.22,5.0,0.79,6.0,0.78,5.0,0.84,13.34,0.85,38.39,0.05,0.05,0.093343,1776230866000
1776230868.105,168.105,0.16,13.34,0.15,38.39,0.21,6.0,0.22,5.0,0.79,6.0,0.78,5.0,0.84,13.34,0.85,38.39,0.05,0.05,0.09334,1776230867000
1776230869.242,169.242,0.16,13.34,0.15,38.39,0.21,6.0,0.22,5.0,0.79,6.0,0.78,5.0,0.84,13.34,0.85,38.39,0.05,0.05,0.09334,1776230868000
1776230870.457,170.457,0.16,13.34,0.15,38.39,0.21,6.0,0.22,5.0,0.79,6.0,0.78,5.0,0.84,13.34,0.85,38.39,0.05,0.05,0.09334,1776230869000
1776230870.903,170.903,0.16,13.34,0.15,38.39,0.21,6.0,0.22,5.0,0.79,6.0,0.78,5.0,0.84,13.34,0.85,38.39,0.05,0.05,0.09334,1776230870000
1776230871.942,171.942,0.16,13.34,0.15,38.39,0.21,6.0,0.22,5.0,0.79,6.0,0.78,5.0,0.84,13.34,0.85,38.39,0.05,0.05,0.09334,1776230871000
1776230873.046,173.046,0.16,13.34,0.15,38.39,0.21,6.0,0.22,5.0,0.79,6.0,0.78,5.0,0.84,13.34,0.85,38.39,0.05,0.05,0.09334,1776230872000
1776230874.08,174.08,0.16,13.34,0.15,38.39,0.21,6.0,0.22,5.0,0.79,6.0,0.78,5.0,0.84,13.34,0.85,38.39,0.05,0.05,0.09334,1776230873000
1776230874.997,174.997,0.16,13.34,0.15,38.39,0.21,6.0,0.22,5.0,0.79,6.0,0.78,5.0,0.84,13.34,0.85,38.39,0.05,0.05,0.093338,1776230874000
1776230876.02,176.02,0.16,13.34,0.15,38.39,0.21,6.0,0.22,5.0,0.79,6.0,0.78,5.0,0.84,13.34,0.85,38.39,0.05,0.05,0.093334,1776230875000
1776230876.939,176.939,0.16,13.34,0.15,38.39,0.21,6.0,0.22,5.0,0.79,6.0,0.78,5.0,0.84,13.34,0.85,38.39,0.05,0.05,0.093335,1776230876000
1776230877.981,177.981,0.16,13.34,0.15,38.39,0.21,6.0,0.22,5.0,0.79,6.0,0.78,5.0,0.84,13.34,0.85,38.39,0.05,0.05,0.09334,1776230877000
1776230878.945,178.945,0.16,13.34,0.15,38.39,0.21,6.0,0.22,5.0,0.79,6.0,0.78,5.0,0.84,13.34,0.85,38.39,0.05,0.05,0.093341,1776230878000
1776230879.954,179.954,0.16,13.34,0.15,38.39,0.21,6.0,0.22,5.0,0.79,6.0,0.78,5.0,0.84,13.34,0.85,38.39,0.05,0.05,0.093341,1776230879000
1776230880.993,180.993,0.16,13.34,0.15,38.39,0.21,6.0,0.22,5.0,0.79,6.0,0.78,5.0,0.84,13.34,0.85,38.39,0.05,0.05,0.093343,1776230880000
1776230882.033,182.033,0.16,13.34,0.15,38.39,0.21,6.0,0.22,5.0,0.79,6.0,0.78,5.0,0.84,13.34,0.85,38.39,0.05,0.05,0.093343,1776230881000
1776230883.042,183.042,0.16,13.34,0.15,38.39,0.21,6.0,0.22,5.0,0.79,6.0,0.78,5.0,0.84,13.34,0.85,38.39,0.05,0.05,0.093354,1776230882000
1776230884.042,184.042,0.16,13.34,0.15,38.39,0.21,6.0,0.22,5.0,0.79,6.0,0.78,5.0,0.84,13.34,0.85,38.39,0.05,0.05,0.093357,1776230883000
1776230884.577,184.577,0.18,2.41,0.17,18.39,0.25,5.0,0.26,5.0,0.79,6.0,0.78,5.0,0.84,13.34,0.85,38.39,0.07,0.05,0.093357,1776230883000
1776230885.158,185.158,0.18,2.41,0.17,18.39,0.25,5.0,0.26,5.0,0.75,5.0,0.74,5.0,0.82,2.41,0.83,18.39,0.07,0.07,0.093357,1776230884000
1776230886.172,186.172,0.18,2.41,0.17,18.39,0.25,5.0,0.26,5.0,0.75,5.0,0.74,5.0,0.82,2.41,0.83,18.39,0.07,0.07,0.093354,1776230885000
1776230886.875,186.875,0.17,1.0,0.13,23.0,0.2,6.0,0.21,5.0,0.75,5.0,0.74,5.0,0.82,2.41,0.83,18.39,0.03,0.07,0.093354,1776230885000
1776230887.42,187.42,0.17,1.0,0.13,23.0,0.2,6.0,0.21,5.0,0.8,6.0,0.79,5.0,0.83,1.0,0.87,23.0,0.03,0.03,0.09334,1776230886000
1776230888.002,188.002,0.17,1.0,0.13,23.0,0.2,6.0,0.21,5.0,0.8,6.0,0.79,5.0,0.83,1.0,0.87,23.0,0.03,0.03,0.09334,1776230887000
1776230889.315,189.315,0.17,1.0,0.13,23.0,0.2,6.0,0.21,5.0,0.8,6.0,0.79,5.0,0.83,1.0,0.87,23.0,0.03,0.03,0.093339,1776230888000
1776230890.611,190.611,0.17,1.0,0.13,23.0,0.2,6.0,0.21,5.0,0.8,6.0,0.79,5.0,0.83,1.0,0.87,23.0,0.03,0.03,0.09334,1776230889000
1776230891.257,191.257,0.17,1.0,0.13,23.0,0.2,6.0,0.21,5.0,0.8,6.0,0.79,5.0,0.83,1.0,0.87,23.0,0.03,0.03,0.09334,1776230890000
1776230892.024,192.024,0.12,24.6,0.11,76.6,0.2,1.44,0.22,15.2,0.8,6.0,0.79,5.0,0.83,1.0,0.87,23.0,0.08,0.03,0.09334,1776230890000
1776230892.448,192.448,0.12,24.6,0.11,76.6,0.2,1.44,0.22,15.2,0.8,1.44,0.78,15.2,0.88,24.6,0.89,76.6,0.08,0.08,0.09334,1776230891000
1776230893.033,193.033,0.12,24.6,0.11,76.6,0.2,1.44,0.22,15.2,0.8,1.44,0.78,15.2,0.88,24.6,0.89,76.6,0.08,0.08,0.09334,1776230892000
1776230894.172,194.172,0.12,24.6,0.11,76.6,0.2,1.44,0.22,15.2,0.8,1.44,0.78,15.2,0.88,24.6,0.89,76.6,0.08,0.08,0.09334,1776230893000
1776230895.193,195.193,0.19,0.93,0.11,26.6,0.2,41.3,0.21,15.7,0.8,1.44,0.78,15.2,0.88,24.6,0.89,76.6,0.01,0.08,0.09334,1776230893000
1776230895.489,195.489,0.19,0.93,0.11,26.6,0.2,41.3,0.21,15.7,0.8,41.3,0.79,15.7,0.81,0.93,0.89,26.6,0.01,0.01,0.09334,1776230894000
1776230896.049,196.049,0.19,0.93,0.11,26.6,0.2,41.3,0.21,15.7,0.8,41.3,0.79,15.7,0.81,0.93,0.89,26.6,0.01,0.01,0.09334,1776230895000
1776230897.185,197.185,0.19,0.93,0.11,26.6,0.2,41.3,0.21,15.7,0.8,41.3,0.79,15.7,0.81,0.93,0.89,26.6,0.01,0.01,0.093339,1776230896000
1776230898.501,198.501,0.19,0.93,0.11,26.6,0.2,41.3,0.21,15.7,0.8,41.3,0.79,15.7,0.81,0.93,0.89,26.6,0.01,0.01,0.093341,1776230897000
1776230899.082,199.082,0.19,0.93,0.11,26.6,0.2,41.3,0.21,15.7,0.8,41.3,0.79,15.7,0.81,0.93,0.89,26.6,0.01,0.01,0.093341,1776230898000
1776230900.295,200.295,0.19,0.93,0.11,26.6,0.2,41.3,0.21,15.7,0.8,41.3,0.79,15.7,0.81,0.93,0.89,26.6,0.01,0.01,0.093342,1776230899000
1776230901.788,201.788,0.19,0.93,0.11,26.6,0.2,41.3,0.21,15.7,0.8,41.3,0.79,15.7,0.81,0.93,0.89,26.6,0.01,0.01,0.093344,1776230900000
1776230902.369,202.369,0.19,0.93,0.11,26.6,0.2,41.3,0.21,15.7,0.8,41.3,0.79,15.7,0.81,0.93,0.89,26.6,0.01,0.01,0.093342,1776230901000
1776230902.912,202.912,0.19,0.93,0.11,26.6,0.2,41.3,0.21,15.7,0.8,41.3,0.79,15.7,0.81,0.93,0.89,26.6,0.01,0.01,0.093342,1776230902000
1776230904.019,204.019,0.11,26.6,0.1,28.9,0.19,35.89,0.2,16.3,0.81,35.89,0.8,16.3,0.89,26.6,0.9,28.9,0.08,0.08,0.09334,1776230903000
1776230905.072,205.072,0.11,26.6,0.1,28.9,0.19,35.89,0.2,16.3,0.81,35.89,0.8,16.3,0.89,26.6,0.9,28.9,0.08,0.08,0.093335,1776230904000
1776230906.045,206.045,0.11,26.6,0.1,28.9,0.19,35.89,0.2,16.3,0.81,35.89,0.8,16.3,0.89,26.6,0.9,28.9,0.08,0.08,0.093308,1776230905000
1776230907.182,207.182,0.11,26.6,0.1,28.9,0.19,35.89,0.2,16.3,0.81,35.89,0.8,16.3,0.89,26.6,0.9,28.9,0.08,0.08,0.093315,1776230906000
1776230908.183,208.183,0.08,13.0,0.05,54.7,0.1,5.0,0.11,26.6,0.9,5.0,0.89,26.6,0.92,13.0,0.95,54.7,0.02,0.02,0.093314,1776230907000
1776230908.82,208.82,0.05,34.7,0.04,72.7,0.1,39.9,0.11,26.6,0.9,5.0,0.89,26.6,0.92,13.0,0.95,54.7,0.05,0.02,0.093314,1776230907000
1776230909.231,209.231,0.05,34.7,0.04,72.7,0.1,39.9,0.11,26.6,0.9,39.9,0.89,26.6,0.95,34.7,0.96,72.7,0.05,0.05,0.093319,1776230908000
1776230910.306,210.306,0.05,34.7,0.04,72.7,0.1,39.9,0.11,26.6,0.9,39.9,0.89,26.6,0.95,34.7,0.96,72.7,0.05,0.05,0.09332,1776230909000
1776230911.34,211.34,0.05,34.7,0.04,72.7,0.1,39.9,0.11,26.6,0.9,39.9,0.89,26.6,0.95,34.7,0.96,72.7,0.05,0.05,0.093321,1776230910000
1776230912.349,212.349,0.05,34.7,0.04,72.7,0.1,39.9,0.11,26.6,0.9,39.9,0.89,26.6,0.95,34.7,0.96,72.7,0.05,0.05,0.093321,1776230911000
1776230912.7,212.7,0.1,16.0,0.07,39.9,0.13,23.0,0.14,21.6,0.9,39.9,0.89,26.6,0.95,34.7,0.96,72.7,0.03,0.05,0.093321,1776230911000
1776230912.926,212.926,0.1,16.0,0.07,39.9,0.13,23.0,0.14,21.6,0.87,23.0,0.86,21.6,0.9,16.0,0.93,39.9,0.03,0.03,0.093317,1776230912000
1776230913.375,213.375,0.1,8.09,0.07,39.9,0.13,29.0,0.14,21.6,0.87,23.0,0.86,21.6,0.9,16.0,0.93,39.9,0.03,0.03,0.093317,1776230912000
1776230913.94,213.94,0.1,8.09,0.07,39.9,0.13,29.0,0.14,21.6,0.87,29.0,0.86,21.6,0.9,8.09,0.93,39.9,0.03,0.03,0.093323,1776230913000
1776230914.492,214.492,0.06,46.1,0.05,34.7,0.12,24.6,0.13,29.0,0.87,29.0,0.86,21.6,0.9,8.09,0.93,39.9,0.06,0.03,0.093323,1776230913000
1776230915.659,215.659,0.06,46.1,0.05,34.7,0.12,24.6,0.13,29.0,0.88,24.6,0.87,29.0,0.94,46.1,0.95,34.7,0.06,0.06,0.093323,1776230914000
1776230916.273,216.273,0.06,46.1,0.05,34.7,0.12,24.6,0.13,29.0,0.88,24.6,0.87,29.0,0.94,46.1,0.95,34.7,0.06,0.06,0.093323,1776230915000
1776230917.389,217.389,0.06,46.1,0.05,34.7,0.12,24.6,0.13,29.0,0.88,24.6,0.87,29.0,0.94,46.1,0.95,34.7,0.06,0.06,0.093323,1776230916000
1776230918.036,218.036,0.06,46.1,0.05,34.7,0.12,24.6,0.13,29.0,0.88,24.6,0.87,29.0,0.94,46.1,0.95,34.7,0.06,0.06,0.093324,1776230917000
1776230919.091,219.091,0.06,46.1,0.05,34.7,0.12,24.6,0.13,29.0,0.88,24.6,0.87,29.0,0.94,46.1,0.95,34.7,0.06,0.06,0.093327,1776230918000
1776230920.232,220.232,0.06,46.1,0.05,34.7,0.12,24.6,0.13,29.0,0.88,24.6,0.87,29.0,0.94,46.1,0.95,34.7,0.06,0.06,0.093327,1776230919000
1776230921.324,221.324,0.06,46.1,0.05,34.7,0.12,24.6,0.13,29.0,0.88,24.6,0.87,29.0,0.94,46.1,0.95,34.7,0.06,0.06,0.093326,1776230920000
1776230921.939,221.939,0.06,46.1,0.05,34.7,0.12,24.6,0.13,29.0,0.88,24.6,0.87,29.0,0.94,46.1,0.95,34.7,0.06,0.06,0.093331,1776230921000
1776230923.316,223.316,0.06,46.1,0.05,34.7,0.12,24.6,0.13,29.0,0.88,24.6,0.87,29.0,0.94,46.1,0.95,34.7,0.06,0.06,0.093335,1776230922000
1776230923.89,223.89,0.06,46.1,0.05,34.7,0.12,24.6,0.13,29.0,0.88,24.6,0.87,29.0,0.94,46.1,0.95,34.7,0.06,0.06,0.093338,1776230923000
1776230925.018,225.018,0.06,46.1,0.05,34.7,0.12,24.6,0.13,29.0,0.88,24.6,0.87,29.0,0.94,46.1,0.95,34.7,0.06,0.06,0.093341,1776230924000
1776230925.862,225.862,0.06,46.1,0.05,34.7,0.12,24.6,0.13,29.0,0.88,24.6,0.87,29.0,0.94,46.1,0.95,34.7,0.06,0.06,0.093342,1776230925000
1776230927.039,227.039,0.06,46.1,0.05,34.7,0.12,24.6,0.13,29.0,0.88,24.6,0.87,29.0,0.94,46.1,0.95,34.7,0.06,0.06,0.093342,1776230926000
1776230928.119,228.119,0.06,46.1,0.05,34.7,0.12,24.6,0.13,29.0,0.88,24.6,0.87,29.0,0.94,46.1,0.95,34.7,0.06,0.06,0.093348,1776230927000
1776230929.573,229.573,0.06,46.1,0.05,34.7,0.12,24.6,0.13,29.0,0.88,24.6,0.87,29.0,0.94,46.1,0.95,34.7,0.06,0.06,0.09335,1776230928000
1776230930.264,230.264,0.06,46.1,0.05,34.7,0.12,24.6,0.13,29.0,0.88,24.6,0.87,29.0,0.94,46.1,0.95,34.7,0.06,0.06,0.09335,1776230929000
1776230931.203,231.203,0.06,46.1,0.05,34.7,0.12,24.6,0.13,29.0,0.88,24.6,0.87,29.0,0.94,46.1,0.95,34.7,0.06,0.06,0.093348,1776230930000
1776230932.211,232.211,0.06,46.1,0.05,34.7,0.12,24.6,0.13,29.0,0.88,24.6,0.87,29.0,0.94,46.1,0.95,34.7,0.06,0.06,0.09335,1776230931000
1776230933.208,233.208,0.06,46.1,0.05,34.7,0.12,24.6,0.13,29.0,0.88,24.6,0.87,29.0,0.94,46.1,0.95,34.7,0.06,0.06,0.093348,1776230932000
1776230934.292,234.292,0.06,46.1,0.05,34.7,0.12,24.6,0.13,29.0,0.88,24.6,0.87,29.0,0.94,46.1,0.95,34.7,0.06,0.06,0.09335,1776230933000
1776230934.903,234.903,0.06,46.1,0.05,34.7,0.12,24.6,0.13,29.0,0.88,24.6,0.87,29.0,0.94,46.1,0.95,34.7,0.06,0.06,0.093348,1776230934000
1776230935.906,235.906,0.06,46.1,0.05,34.7,0.12,24.6,0.13,29.0,0.88,24.6,0.87,29.0,0.94,46.1,0.95,34.7,0.06,0.06,0.09335,1776230935000
1776230936.922,236.922,0.06,46.1,0.05,34.7,0.12,24.6,0.13,29.0,0.88,24.6,0.87,29.0,0.94,46.1,0.95,34.7,0.06,0.06,0.093349,1776230936000
1776230937.983,237.983,0.06,46.1,0.05,34.7,0.12,24.6,0.13,29.0,0.88,24.6,0.87,29.0,0.94,46.1,0.95,34.7,0.06,0.06,0.093351,1776230937000
1776230938.969,238.969,0.06,46.1,0.05,34.7,0.12,24.6,0.13,29.0,0.88,24.6,0.87,29.0,0.94,46.1,0.95,34.7,0.06,0.06,0.093349,1776230938000
1776230939.975,239.975,0.06,46.1,0.05,34.7,0.12,24.6,0.13,29.0,0.88,24.6,0.87,29.0,0.94,46.1,0.95,34.7,0.06,0.06,0.093352,1776230939000
1776230941.013,241.013,0.06,46.1,0.05,34.7,0.12,24.6,0.13,29.0,0.88,24.6,0.87,29.0,0.94,46.1,0.95,34.7,0.06,0.06,0.093352,1776230940000
1776230942.097,242.097,0.16,2.0,0.11,76.6,0.19,22.89,0.2,16.3,0.81,22.89,0.8,16.3,0.84,2.0,0.89,76.6,0.03,0.03,0.093351,1776230941000
1776230943.183,243.183,0.16,2.0,0.11,76.6,0.19,22.89,0.2,16.3,0.81,22.89,0.8,16.3,0.84,2.0,0.89,76.6,0.03,0.03,0.093351,1776230942000
1776230944.478,244.478,0.16,2.0,0.11,76.6,0.19,22.89,0.2,16.3,0.81,22.89,0.8,16.3,0.84,2.0,0.89,76.6,0.03,0.03,0.09335,1776230943000
1776230944.97,244.97,0.16,2.0,0.11,76.6,0.19,22.89,0.2,16.3,0.81,22.89,0.8,16.3,0.84,2.0,0.89,76.6,0.03,0.03,0.09335,1776230944000
1776230946.05,246.05,0.16,2.0,0.11,76.6,0.19,22.89,0.2,16.3,0.81,22.89,0.8,16.3,0.84,2.0,0.89,76.6,0.03,0.03,0.093356,1776230945000
1776230947.108,247.108,0.16,2.0,0.11,76.6,0.19,22.89,0.2,16.3,0.81,22.89,0.8,16.3,0.84,2.0,0.89,76.6,0.03,0.03,0.093352,1776230946000
1776230948.192,248.192,0.16,2.0,0.11,76.6,0.19,22.89,0.2,16.3,0.81,22.89,0.8,16.3,0.84,2.0,0.89,76.6,0.03,0.03,0.093356,1776230947000
1776230949.237,249.237,0.16,2.0,0.11,76.6,0.19,22.89,0.2,16.3,0.81,22.89,0.8,16.3,0.84,2.0,0.89,76.6,0.03,0.03,0.093352,1776230948000
1776230950.253,250.253,0.16,2.0,0.11,76.6,0.19,22.89,0.2,16.3,0.81,22.89,0.8,16.3,0.84,2.0,0.89,76.6,0.03,0.03,0.093355,1776230949000
1776230951.261,251.261,0.16,2.0,0.11,76.6,0.19,22.89,0.2,16.3,0.81,22.89,0.8,16.3,0.84,2.0,0.89,76.6,0.03,0.03,0.093355,1776230950000
1776230952.327,252.327,0.16,2.0,0.11,76.6,0.19,22.89,0.2,16.3,0.81,22.89,0.8,16.3,0.84,2.0,0.89,76.6,0.03,0.03,0.093355,1776230951000
1776230952.86,252.86,0.16,2.0,0.11,76.6,0.19,22.89,0.2,16.3,0.81,22.89,0.8,16.3,0.84,2.0,0.89,76.6,0.03,0.03,0.093355,1776230952000
1776230953.954,253.954,0.16,2.0,0.11,76.6,0.19,22.89,0.2,16.3,0.81,22.89,0.8,16.3,0.84,2.0,0.89,76.6,0.03,0.03,0.093355,1776230953000
1776230954.941,254.941,0.16,2.0,0.11,76.6,0.19,22.89,0.2,16.3,0.81,22.89,0.8,16.3,0.84,2.0,0.89,76.6,0.03,0.03,0.093355,1776230954000
1776230956.139,256.139,0.16,2.0,0.11,76.6,0.19,22.89,0.2,16.3,0.81,22.89,0.8,16.3,0.84,2.0,0.89,76.6,0.03,0.03,0.093355,1776230955000
1776230957.173,257.173,0.16,2.0,0.11,76.6,0.19,22.89,0.2,16.3,0.81,22.89,0.8,16.3,0.84,2.0,0.89,76.6,0.03,0.03,0.093359,1776230956000
1776230958.246,258.246,0.16,2.0,0.11,76.6,0.19,22.89,0.2,16.3,0.81,22.89,0.8,16.3,0.84,2.0,0.89,76.6,0.03,0.03,0.093359,1776230957000
1776230959.311,259.311,0.16,2.0,0.11,76.6,0.19,22.89,0.2,16.3,0.81,22.89,0.8,16.3,0.84,2.0,0.89,76.6,0.03,0.03,0.093359,1776230958000
1776230959.886,259.886,0.16,2.0,0.11,76.6,0.19,22.89,0.2,16.3,0.81,22.89,0.8,16.3,0.84,2.0,0.89,76.6,0.03,0.03,0.09336,1776230959000
1776230961.02,261.02,0.16,2.0,0.11,76.6,0.19,22.89,0.2,16.3,0.81,22.89,0.8,16.3,0.84,2.0,0.89,76.6,0.03,0.03,0.093359,1776230960000
1776230961.845,261.845,0.06,40.78,0.05,34.7,0.11,26.6,0.12,24.6,0.81,22.89,0.8,16.3,0.84,2.0,0.89,76.6,0.05,0.03,0.093359,1776230960000
1776230962.714,262.714,0.06,40.78,0.05,34.7,0.11,26.6,0.12,24.6,0.89,26.6,0.88,24.6,0.94,40.78,0.95,34.7,0.05,0.05,0.093355,1776230961000
1776230963.183,263.183,0.06,40.78,0.05,34.7,0.11,26.6,0.12,24.6,0.89,26.6,0.88,24.6,0.94,40.78,0.95,34.7,0.05,0.05,0.093357,1776230962000
1776230964.031,264.031,0.06,40.78,0.05,34.7,0.11,26.6,0.12,24.6,0.89,26.6,0.88,24.6,0.94,40.78,0.95,34.7,0.05,0.05,0.093355,1776230963000
1776230965.116,265.116,0.06,40.78,0.05,34.7,0.11,26.6,0.12,24.6,0.89,26.6,0.88,24.6,0.94,40.78,0.95,34.7,0.05,0.05,0.093354,1776230964000
1776230966.221,266.221,0.06,40.78,0.05,34.7,0.11,26.6,0.12,24.6,0.89,26.6,0.88,24.6,0.94,40.78,0.95,34.7,0.05,0.05,0.093354,1776230965000
1776230966.924,266.924,0.06,40.78,0.05,34.7,0.11,26.6,0.12,24.6,0.89,26.6,0.88,24.6,0.94,40.78,0.95,34.7,0.05,0.05,0.093354,1776230966000
1776230968.212,268.212,0.06,40.78,0.05,34.7,0.11,26.6,0.12,24.6,0.89,26.6,0.88,24.6,0.94,40.78,0.95,34.7,0.05,0.05,0.093354,1776230967000
1776230969.268,269.268,0.06,40.78,0.05,34.7,0.11,26.6,0.12,24.6,0.89,26.6,0.88,24.6,0.94,40.78,0.95,34.7,0.05,0.05,0.093353,1776230968000
1776230969.908,269.908,0.06,40.78,0.05,34.7,0.11,26.6,0.12,24.6,0.89,26.6,0.88,24.6,0.94,40.78,0.95,34.7,0.05,0.05,0.093353,1776230969000
1776230971.081,271.081,0.06,40.78,0.05,34.7,0.11,26.6,0.12,24.6,0.89,26.6,0.88,24.6,0.94,40.78,0.95,34.7,0.05,0.05,0.093353,1776230970000
1776230972.293,272.293,0.06,40.78,0.05,34.7,0.11,26.6,0.12,24.6,0.89,26.6,0.88,24.6,0.94,40.78,0.95,34.7,0.05,0.05,0.093358,1776230971000
1776230972.884,272.884,0.06,40.78,0.05,34.7,0.11,26.6,0.12,24.6,0.89,26.6,0.88,24.6,0.94,40.78,0.95,34.7,0.05,0.05,0.093358,1776230972000
1776230973.292,273.292,0.04,66.54,0.03,89.3,0.05,10.0,0.14,21.6,0.89,26.6,0.88,24.6,0.94,40.78,0.95,34.7,0.01,0.05,0.093358,1776230972000
1776230974.446,274.446,0.04,66.54,0.03,89.3,0.05,10.0,0.14,21.6,0.95,10.0,0.86,21.6,0.96,66.54,0.97,89.3,0.01,0.01,0.093362,1776230973000
1776230974.962,274.962,0.04,66.54,0.03,89.3,0.05,10.0,0.14,21.6,0.95,10.0,0.86,21.6,0.96,66.54,0.97,89.3,0.01,0.01,0.093362,1776230974000
1776230975.274,275.274,0.04,5.0,0.02,15.0,0.05,5.0,0.17,5.0,0.95,10.0,0.86,21.6,0.96,66.54,0.97,89.3,0.01,0.01,0.093362,1776230974000
1776230976.037,276.037,0.04,5.0,0.02,15.0,0.05,5.0,0.17,5.0,0.95,5.0,0.83,5.0,0.96,5.0,0.98,15.0,0.01,0.01,0.093364,1776230975000
1776230976.274,276.274,0.11,45.0,0.04,5.0,0.25,5.0,0.41,50.0,0.95,5.0,0.83,5.0,0.96,5.0,0.98,15.0,0.14,0.01,0.093364,1776230975000
1776230977.067,277.067,0.11,45.0,0.04,13.0,0.41,38.55,0.51,50.0,0.59,38.55,0.49,50.0,0.89,45.0,0.96,13.0,0.3,0.3,0.093364,1776230976000
1776230978.321,278.321,0.11,45.0,0.04,13.0,0.41,38.55,0.51,50.0,0.59,38.55,0.49,50.0,0.89,45.0,0.96,13.0,0.3,0.3,0.093376,1776230977000
1776230979.407,279.407,0.11,45.0,0.04,13.0,0.41,38.55,0.51,50.0,0.59,38.55,0.49,50.0,0.89,45.0,0.96,13.0,0.3,0.3,0.093377,1776230978000
1776230979.935,279.935,0.11,45.0,0.04,13.0,0.41,38.55,0.51,50.0,0.59,38.55,0.49,50.0,0.89,45.0,0.96,13.0,0.3,0.3,0.093377,1776230979000
1776230980.95,280.95,0.11,45.0,0.04,13.0,0.41,38.55,0.51,50.0,0.59,38.55,0.49,50.0,0.89,45.0,0.96,13.0,0.3,0.3,0.093374,1776230980000
1776230981.903,281.903,0.11,45.0,0.04,13.0,0.41,38.55,0.51,50.0,0.59,38.55,0.49,50.0,0.89,45.0,0.96,13.0,0.3,0.3,0.093374,1776230981000
1776230982.937,282.937,0.11,45.0,0.04,13.0,0.41,38.55,0.51,50.0,0.59,38.55,0.49,50.0,0.89,45.0,0.96,13.0,0.3,0.3,0.093374,1776230982000
1776230983.91,283.91,0.11,45.0,0.04,13.0,0.41,38.55,0.51,50.0,0.59,38.55,0.49,50.0,0.89,45.0,0.96,13.0,0.3,0.3,0.093375,1776230983000
1776230984.871,284.871,0.11,45.0,0.04,13.0,0.41,38.55,0.51,50.0,0.59,38.55,0.49,50.0,0.89,45.0,0.96,13.0,0.3,0.3,0.093374,1776230984000
1776230985.799,285.799,0.04,3.95,0.02,15.0,0.24,24.0,0.31,50.0,0.59,38.55,0.49,50.0,0.89,45.0,0.96,13.0,0.2,0.3,0.093374,1776230984000
1776230986.686,286.686,0.04,3.95,0.02,15.0,0.24,24.0,0.31,50.0,0.76,24.0,0.69,50.0,0.96,3.95,0.98,15.0,0.2,0.2,0.093374,1776230985000
1776230987.34,287.34,0.04,3.95,0.02,15.0,0.24,24.0,0.31,50.0,0.76,24.0,0.69,50.0,0.96,3.95,0.98,15.0,0.2,0.2,0.093374,1776230986000
1776230990.628,290.628,0.04,2.9,0.02,15.0,0.24,24.0,0.31,50.0,0.76,24.0,0.69,50.0,0.96,3.95,0.98,15.0,0.2,0.2,0.093374,1776230986000
1776230991.251,291.251,0.04,2.9,0.02,15.0,0.24,24.0,0.31,50.0,0.76,24.0,0.69,50.0,0.96,2.9,0.98,15.0,0.2,0.2,0.093371,1776230990000
1776230992.28,292.28,0.04,2.9,0.02,15.0,0.24,24.0,0.31,50.0,0.76,24.0,0.69,50.0,0.96,2.9,0.98,15.0,0.2,0.2,0.093371,1776230991000
1776230992.984,292.984,0.04,1.85,0.02,15.0,0.24,24.0,0.31,50.0,0.76,24.0,0.69,50.0,0.96,2.9,0.98,15.0,0.2,0.2,0.093371,1776230991000
1776230993.366,293.366,0.04,1.85,0.02,15.0,0.24,24.0,0.31,50.0,0.76,24.0,0.69,50.0,0.96,1.85,0.98,15.0,0.2,0.2,0.093371,1776230992000
1776230993.644,293.644,0.02,15.0,0.01,231.0,0.04,6.49,0.2,11.0,0.76,24.0,0.69,50.0,0.96,1.85,0.98,15.0,0.02,0.2,0.093371,1776230992000
1776230993.951,293.951,0.02,15.0,0.01,231.0,0.04,6.49,0.2,11.0,0.96,6.49,0.8,11.0,0.98,15.0,0.99,231.0,0.02,0.02,0.093371,1776230993000
1776230995.012,295.012,0.02,15.0,0.01,231.0,0.04,6.49,0.2,11.0,0.96,6.49,0.8,11.0,0.98,15.0,0.99,231.0,0.02,0.02,0.093371,1776230994000
1776230996.109,296.109,0.02,13.97,0.01,111.0,0.04,11.49,0.21,50.0,0.96,11.49,0.79,50.0,0.98,13.97,0.99,111.0,0.02,0.02,0.093371,1776230995000
1776230996.431,296.431,0.02,12.85,0.01,111.0,0.04,16.49,0.21,50.0,0.96,11.49,0.79,50.0,0.98,13.97,0.99,111.0,0.02,0.02,0.093371,1776230995000
1776230996.891,296.891,0.02,8.78,0.01,111.0,0.04,16.49,0.21,50.0,0.96,16.49,0.79,50.0,0.98,9.81,0.99,111.0,0.02,0.02,0.093371,1776230995000
1776230997.228,297.228,0.02,8.78,0.01,111.0,0.04,16.49,0.21,50.0,0.96,16.49,0.79,50.0,0.98,8.78,0.99,111.0,0.02,0.02,0.093371,1776230996000
1776230997.462,297.462,0.01,97.36,,,0.04,16.49,0.21,50.0,0.96,16.49,0.79,50.0,0.99,98.47,,,0.03,0.03,0.093371,1776230996000
1776230998.04,298.04,0.01,86.36,,,0.04,16.49,0.21,50.0,0.96,16.49,0.79,50.0,0.99,97.36,,,0.03,0.03,0.093371,1776230996000
1776230998.278,298.278,,,,,0.01,20.83,0.04,16.49,0.99,20.83,0.96,16.49,,,,,,,0.09337,1776230997000
1776230999.421,299.421,,,,,0.01,20.83,0.04,16.49,0.99,20.83,0.96,16.49,,,,,,,0.093371,1776230998000
1776230999.904,299.904,,,,,0.01,20.83,0.04,16.49,0.99,20.83,0.96,16.49,,,,,,,0.093371,1776230999000
1776231001.009,301.009,,,,,0.01,20.83,0.04,16.49,0.99,20.83,0.96,16.49,,,,,,,0.093371,1776231000000
1776231002.179,302.179,,,,,0.01,20.83,0.04,16.49,0.99,20.83,0.96,16.49,,,,,,,0.093371,1776231001000

# RESULT,winner=Down,slug=doge-updown-5m-1776230700,ticks=320
