timestamp,elapsed_sec,up_bid_p1,up_bid_s1,up_bid_p2,up_bid_s2,up_ask_p1,up_ask_s1,up_ask_p2,up_ask_s2,down_bid_p1,down_bid_s1,down_bid_p2,down_bid_s2,down_ask_p1,down_ask_s1,down_ask_p2,down_ask_s2,up_spread,down_spread,doge_price,doge_oracle_ts
1776355500.864,0.864,0.47,6.38,0.41,37.0,0.48,5.0,0.5,5.15,0.52,5.0,0.5,5.15,0.53,6.38,0.59,37.0,0.01,0.01,0.097589,1776355499000
1776355503.878,3.878,0.47,11.38,0.46,5.0,0.48,2.91,0.53,6.38,0.52,5.0,0.5,5.15,0.53,6.38,0.59,37.0,0.01,0.01,0.097591,1776355502000
1776355504.306,4.306,0.47,11.38,0.46,5.0,0.53,3.21,0.61,50.0,0.47,6.38,0.39,50.0,0.53,11.38,0.54,5.0,0.06,0.06,0.097609,1776355503000
1776355506.243,6.243,0.47,1.38,0.3,5.0,0.48,44.0,0.49,5.0,0.47,3.21,0.39,50.0,0.53,11.38,0.54,5.0,0.01,0.06,0.097626,1776355504000
1776355507.927,7.927,0.36,5.0,0.35,15.0,0.38,2.1,0.39,5.0,0.62,3.55,0.61,5.0,0.64,5.0,0.7,5.0,0.02,0.02,0.097564,1776355506000
1776355508.397,8.397,0.37,3.41,0.36,5.0,0.39,5.0,0.4,5.0,0.62,2.1,0.61,5.0,0.64,5.0,0.65,15.0,0.02,0.02,0.097564,1776355507000
1776355509.637,9.637,0.39,5.0,0.38,20.0,0.42,4.16,0.43,5.0,0.61,5.0,0.6,5.0,0.63,3.41,0.64,5.0,0.03,0.02,0.097528,1776355508000
1776355512.312,12.312,0.5,1.88,0.49,5.0,0.52,15.0,0.53,5.0,0.58,4.16,0.57,5.0,0.61,5.0,0.62,20.0,0.02,0.03,0.097535,1776355510000
1776355519.86,19.86,0.5,5.0,0.49,5.0,0.52,10.0,0.54,5.0,0.48,15.0,0.47,5.0,0.5,1.88,0.51,5.0,0.02,0.02,0.097581,1776355518000
1776355520.205,20.205,0.56,5.0,0.55,5.0,0.59,10.0,0.6,13.0,0.48,6.88,0.46,5.0,0.5,5.0,0.51,5.0,0.03,0.02,0.097581,1776355518000
1776355520.786,20.786,0.58,5.0,0.57,5.0,0.59,5.0,0.6,13.0,0.41,10.0,0.4,13.0,0.44,5.0,0.45,5.0,0.01,0.03,0.097581,1776355519000
1776355521.186,21.186,0.56,4.18,0.55,5.0,0.6,8.0,0.61,13.0,0.41,5.0,0.4,13.0,0.43,4.18,0.44,5.0,0.04,0.02,0.097581,1776355519000
1776355521.749,21.749,0.55,3.64,0.54,5.0,0.61,5.0,0.62,20.0,0.4,8.0,0.39,13.0,0.44,4.18,0.45,5.0,0.06,0.04,0.097589,1776355520000
1776355522.079,22.079,0.53,5.0,0.52,5.0,0.55,5.0,0.56,5.0,0.39,5.0,0.38,20.0,0.45,3.64,0.46,5.0,0.02,0.06,0.097589,1776355520000
1776355522.432,22.432,0.54,2.2,0.53,5.0,0.55,5.0,0.56,5.0,0.45,5.0,0.44,5.0,0.47,5.0,0.48,5.0,0.01,0.02,0.097607,1776355521000
1776355522.698,22.698,0.53,5.0,0.52,5.0,0.58,1.15,0.59,5.0,0.45,5.0,0.44,5.0,0.46,2.2,0.47,5.0,0.05,0.01,0.097607,1776355521000
1776355523.548,23.548,0.55,3.62,0.54,5.0,0.57,5.0,0.58,5.0,0.42,1.15,0.41,5.0,0.47,5.0,0.48,5.0,0.02,0.05,0.097635,1776355522000
1776355525.464,25.464,0.55,3.62,0.54,5.0,0.57,3.08,0.58,5.0,0.43,5.0,0.42,5.0,0.45,3.62,0.46,5.0,0.02,0.02,0.097631,1776355524000
1776355535.195,35.195,0.72,5.0,0.71,5.0,0.77,5.0,0.78,15.0,0.43,3.08,0.42,5.0,0.45,3.62,0.46,5.0,0.05,0.02,0.09763,1776355533000
1776355538.604,38.604,0.81,5.0,0.8,5.0,0.83,7.69,0.84,24.3,0.23,5.0,0.22,15.0,0.28,5.0,0.29,5.0,0.02,0.05,0.097727,1776355536000
1776355549.175,49.175,0.81,15.0,0.8,5.0,0.82,5.0,0.83,8.57,0.17,7.69,0.16,24.3,0.19,10.0,0.2,5.0,0.01,0.02,0.097778,1776355548000
1776355549.532,49.532,0.81,2.83,0.8,5.0,0.83,15.56,0.84,19.3,0.18,5.0,0.17,8.57,0.19,15.0,0.2,5.0,0.02,0.01,0.097778,1776355548000
1776355599.557,99.557,0.88,5.0,0.87,5.0,0.89,17.29,0.9,38.9,0.17,15.56,0.16,19.3,0.19,2.83,0.2,5.0,0.01,0.02,0.09784,1776355598000
1776355612.388,112.388,0.89,5.0,0.88,5.0,0.9,27.8,0.91,42.7,0.11,17.29,0.1,38.9,0.12,5.0,0.13,5.0,0.01,0.01,0.09784,1776355611000
1776355615.284,115.284,0.89,5.0,0.88,5.0,0.9,22.24,0.91,42.7,0.1,27.8,0.09,42.7,0.11,5.0,0.12,5.0,0.01,0.01,0.097835,1776355613000
1776355618.154,118.154,0.9,5.0,0.89,10.0,0.91,1.0,0.92,12.0,0.1,22.24,0.09,42.7,0.11,5.0,0.12,5.0,0.01,0.01,0.097834,1776355616000
1776355618.944,118.944,0.9,5.0,0.89,10.0,0.94,3.83,0.95,90.8,0.09,1.0,0.08,12.0,0.1,5.0,0.11,10.0,0.04,0.01,0.09787,1776355617000
1776355621.9,121.9,0.93,5.0,0.92,5.0,0.94,44.61,0.95,90.8,0.06,3.83,0.05,90.8,0.1,5.0,0.11,10.0,0.01,0.04,0.097909,1776355620000
1776355623.192,123.192,0.93,5.0,0.92,5.0,0.94,43.54,0.95,90.8,0.06,44.61,0.05,90.8,0.07,5.0,0.08,5.0,0.01,0.01,0.097906,1776355621000
1776355626.244,126.244,0.94,5.0,0.93,5.0,0.95,89.74,0.96,97.7,0.06,43.54,0.05,90.8,0.07,5.0,0.08,5.0,0.01,0.01,0.09787,1776355624000
1776355628.984,128.984,0.94,5.0,0.93,15.0,0.95,24.51,0.96,97.7,0.05,89.74,0.04,97.7,0.06,5.0,0.07,5.0,0.01,0.01,0.097901,1776355627000
1776355629.668,129.668,0.94,5.0,0.93,15.0,0.95,23.45,0.96,97.7,0.05,24.51,0.04,97.7,0.06,5.0,0.07,15.0,0.01,0.01,0.09791,1776355628000
1776355634.421,134.421,0.94,5.0,0.93,5.0,0.95,66.72,0.96,97.7,0.05,23.45,0.04,97.7,0.06,5.0,0.07,15.0,0.01,0.01,0.097939,1776355633000
1776355634.993,134.993,0.94,5.0,0.93,5.0,0.95,64.62,0.96,97.7,0.05,66.72,0.04,97.7,0.06,5.0,0.07,5.0,0.01,0.01,0.097939,1776355633000
1776355643.671,143.671,0.94,5.0,0.93,5.0,0.95,61.46,0.96,97.7,0.05,62.52,0.04,97.7,0.06,5.0,0.07,5.0,0.01,0.01,0.097885,1776355642000
1776355648.166,148.166,0.94,5.0,0.93,15.0,0.95,59.03,0.96,97.7,0.05,61.46,0.04,97.7,0.06,5.0,0.07,5.0,0.01,0.01,0.097921,1776355647000
1776355648.544,148.544,0.94,5.0,0.93,5.0,0.95,57.97,0.96,97.7,0.05,59.03,0.04,97.7,0.06,5.0,0.07,15.0,0.01,0.01,0.097921,1776355647000
1776355649.484,149.484,0.94,5.0,0.93,5.0,0.95,43.23,0.96,97.7,0.05,45.33,0.04,97.7,0.06,5.0,0.07,5.0,0.01,0.01,0.097918,1776355648000
1776355653.679,153.679,0.94,15.0,0.93,5.0,0.96,28.95,0.97,134.3,0.05,41.13,0.04,97.7,0.06,5.0,0.07,5.0,0.02,0.01,0.097909,1776355652000
1776355654.285,154.285,0.94,15.0,0.93,44.9,0.96,23.75,0.97,134.3,0.04,28.95,0.03,134.3,0.06,15.0,0.07,5.0,0.02,0.02,0.097917,1776355653000
1776355654.657,154.657,0.94,15.0,0.93,44.9,0.96,19.57,0.97,134.3,0.04,20.62,0.03,134.3,0.06,15.0,0.07,44.9,0.02,0.02,0.097917,1776355653000
1776355654.894,154.894,0.94,15.0,0.93,44.9,0.96,13.33,0.97,134.3,0.04,15.41,0.03,134.3,0.06,15.0,0.07,44.9,0.02,0.02,0.097917,1776355653000
1776355655.741,155.741,0.94,15.0,0.93,44.9,0.96,11.25,0.97,134.3,0.04,13.33,0.03,134.3,0.06,15.0,0.07,44.9,0.02,0.02,0.097921,1776355654000
1776355656.429,156.429,0.94,15.0,0.93,44.9,0.96,9.17,0.97,134.3,0.04,11.25,0.03,134.3,0.06,15.0,0.07,44.9,0.02,0.02,0.097922,1776355655000
1776355657.311,157.311,0.94,5.0,0.93,15.0,0.96,75.82,0.97,134.3,0.04,9.17,0.03,134.3,0.06,15.0,0.07,44.9,0.02,0.02,0.097922,1776355656000
1776355657.85,157.85,0.94,15.0,0.93,44.9,0.96,7.07,0.97,134.3,0.04,75.82,0.03,134.3,0.06,5.0,0.07,15.0,0.02,0.02,0.097922,1776355656000
1776355658.545,158.545,0.94,61.1,0.93,44.9,0.96,6.02,0.97,45.0,0.04,7.07,0.03,134.3,0.06,15.0,0.07,44.9,0.02,0.02,0.097925,1776355657000
1776355659.51,159.51,0.94,61.1,0.93,44.9,0.96,3.62,0.97,45.0,0.04,6.02,0.03,45.0,0.06,61.1,0.07,44.9,0.02,0.02,0.097925,1776355657000
1776355659.793,159.793,0.96,5.0,0.95,15.0,0.97,42.39,0.98,202.69,0.03,43.43,0.02,202.69,0.06,61.1,0.07,44.9,0.01,0.03,0.097925,1776355657000
1776355660.238,160.238,0.96,5.0,0.95,69.7,0.97,41.35,0.98,202.69,0.03,42.39,0.02,202.69,0.04,5.0,0.05,15.0,0.01,0.01,0.097922,1776355658000
1776355660.633,160.633,0.96,5.0,0.95,69.7,0.97,35.15,0.98,202.69,0.03,36.19,0.02,202.69,0.04,5.0,0.05,69.7,0.01,0.01,0.097922,1776355658000
1776355661.556,161.556,0.96,5.0,0.95,69.7,0.97,33.09,0.98,202.69,0.03,35.15,0.02,202.69,0.04,5.0,0.05,69.7,0.01,0.01,0.097933,1776355660000
1776355664.571,164.571,0.96,82.7,0.95,59.7,0.97,32.05,0.98,202.69,0.03,33.09,0.02,202.69,0.04,5.0,0.05,69.7,0.01,0.01,0.097945,1776355663000
1776355665.801,165.801,0.96,82.7,0.95,59.7,0.97,29.97,0.98,70.0,0.03,31.01,0.02,202.69,0.04,82.7,0.05,59.7,0.01,0.01,0.097964,1776355664000
1776355666.901,166.901,0.96,82.7,0.95,59.7,0.97,25.85,0.98,70.0,0.03,27.91,0.02,70.0,0.04,82.7,0.05,59.7,0.01,0.01,0.097971,1776355665000
1776355667.613,167.613,0.96,82.7,0.95,59.7,0.97,24.81,0.98,70.0,0.03,25.85,0.02,70.0,0.04,82.7,0.05,59.7,0.01,0.01,0.097971,1776355665000
1776355668.364,168.364,0.96,82.7,0.95,59.7,0.97,23.77,0.98,70.0,0.03,24.81,0.02,70.0,0.04,82.7,0.05,59.7,0.01,0.01,0.097977,1776355666000
1776355669.162,169.162,0.96,82.7,0.95,59.7,0.97,19.64,0.98,70.0,0.03,23.77,0.02,70.0,0.04,82.7,0.05,59.7,0.01,0.01,0.097998,1776355668000
1776355669.565,169.565,0.96,82.7,0.95,59.7,0.97,16.54,0.98,70.0,0.03,18.6,0.02,70.0,0.04,82.7,0.05,59.7,0.01,0.01,0.097998,1776355668000
1776355669.782,169.782,0.96,82.7,0.95,59.7,0.97,7.27,0.98,70.0,0.03,9.33,0.02,70.0,0.04,82.7,0.05,59.7,0.01,0.01,0.097998,1776355668000
1776355673.053,173.053,0.96,82.7,0.95,59.7,0.97,0.06,0.98,70.0,0.03,5.21,0.02,70.0,0.04,82.7,0.05,59.7,0.01,0.01,0.097982,1776355671000
1776355673.486,173.486,0.96,72.7,0.95,59.7,0.98,69.03,0.99,587.6,0.03,0.06,0.02,70.0,0.04,82.7,0.05,59.7,0.02,0.01,0.09798,1776355672000
1776355674.675,174.675,0.97,94.3,0.96,82.7,0.98,63.93,0.99,587.6,0.02,69.03,0.01,587.6,0.04,72.7,0.05,59.7,0.01,0.02,0.097979,1776355673000
1776355675.319,175.319,0.97,94.3,0.96,82.7,0.98,35.37,0.99,592.72,0.02,37.41,0.01,587.6,0.03,94.3,0.04,82.7,0.01,0.01,0.097979,1776355673000
1776355676.272,176.272,0.98,132.69,0.97,94.3,0.99,319.68,,,0.01,583.3,,,0.03,94.3,0.04,82.7,0.01,0.02,0.097973,1776355674000
1776355676.577,176.577,0.98,132.69,0.97,94.3,0.99,218.66,,,0.01,318.66,,,0.02,132.69,0.03,94.3,0.01,0.01,0.097973,1776355675000
1776355677.53,177.53,0.98,132.69,0.97,94.3,0.99,385.7,,,0.01,218.66,,,0.02,132.69,0.03,94.3,0.01,0.01,0.097992,1776355676000
1776355678.358,178.358,0.98,132.69,0.97,94.3,0.99,114.1,,,0.01,385.7,,,0.02,132.69,0.03,94.3,0.01,0.01,0.097992,1776355676000
1776355679.182,179.182,0.98,132.69,0.97,94.3,0.99,111.2,,,0.01,118.2,,,0.02,132.69,0.03,94.3,0.01,0.01,0.097992,1776355676000
1776355680.038,180.038,0.98,132.69,0.97,94.3,0.99,106.2,,,0.01,111.2,,,0.02,132.69,0.03,94.3,0.01,0.01,0.098133,1776355679000
1776355680.288,180.288,0.98,132.69,0.97,94.3,0.99,100.14,,,0.01,102.16,,,0.02,132.69,0.03,94.3,0.01,0.01,0.098133,1776355679000
1776355680.921,180.921,0.97,94.3,0.96,87.7,0.99,360.72,,,0.01,100.14,,,0.02,132.69,0.03,94.3,0.02,0.01,0.098133,1776355679000
1776355682.114,182.114,0.98,137.69,0.97,94.3,0.99,74.87,,,0.01,339.5,,,0.03,94.3,0.04,87.7,0.01,0.02,0.098133,1776355680000
1776355683.168,183.168,0.98,5.0,0.97,94.3,0.99,23.87,,,0.01,74.87,,,0.02,137.69,0.03,94.3,0.01,0.01,0.098132,1776355681000
1776355683.575,183.575,0.98,137.69,0.97,94.3,0.99,18.82,,,0.01,23.87,,,0.02,5.0,0.03,94.3,0.01,0.01,0.098101,1776355682000
1776355686.917,186.917,0.99,981.18,0.98,137.69,,,,,0.01,18.82,,,0.02,137.69,0.03,94.3,,0.01,0.098135,1776355685000
1776355687.648,187.648,0.99,1279.16,0.98,137.69,,,,,,,,,0.01,981.18,0.02,137.69,,,0.09814,1776355686000
1776355688.065,188.065,0.99,1179.16,0.98,137.69,,,,,,,,,0.01,1279.16,0.02,137.69,,,0.09814,1776355686000
1776355689.331,189.331,0.99,1089.71,0.98,137.69,,,,,,,,,0.01,1179.16,0.02,137.69,,,0.098248,1776355688000

# RESULT,winner=Up,slug=doge-updown-5m-1776355500,ticks=79
