timestamp,elapsed_sec,up_bid_p1,up_bid_s1,up_bid_p2,up_bid_s2,up_ask_p1,up_ask_s1,up_ask_p2,up_ask_s2,down_bid_p1,down_bid_s1,down_bid_p2,down_bid_s2,down_ask_p1,down_ask_s1,down_ask_p2,down_ask_s2,up_spread,down_spread,doge_price,doge_oracle_ts
1776215401.269,1.269,,,,,,,,,,,,,,,,,,,0.093549,1776215400000
1776215401.471,1.471,0.33,300.0,0.31,375.0,0.48,5.0,0.67,300.0,0.52,5.0,0.33,300.0,0.67,300.0,0.69,375.0,0.15,0.15,0.093549,1776215400000
1776215401.888,1.888,0.33,300.0,0.31,375.0,0.48,5.0,0.67,300.0,0.52,5.0,0.33,300.0,0.67,300.0,0.69,375.0,0.15,0.15,0.093549,1776215400000
1776215402.571,2.571,0.33,300.0,0.31,375.0,0.48,5.0,0.67,300.0,0.52,5.0,0.33,300.0,0.67,300.0,0.69,375.0,0.15,0.15,0.093549,1776215401000
1776215403.18,3.18,0.33,300.0,0.31,375.0,0.48,5.0,0.67,300.0,0.52,5.0,0.33,300.0,0.67,300.0,0.69,375.0,0.15,0.15,0.093544,1776215402000
1776215404.538,4.538,0.33,300.0,0.31,375.0,0.48,5.0,0.67,300.0,0.52,5.0,0.33,300.0,0.67,300.0,0.69,375.0,0.15,0.15,0.093529,1776215403000
1776215406.731,6.731,0.33,300.0,0.31,375.0,0.48,5.0,0.67,300.0,0.52,5.0,0.33,300.0,0.67,300.0,0.69,375.0,0.15,0.15,0.093499,1776215405000
1776215407.428,7.428,0.33,300.0,0.31,375.0,0.48,5.0,0.67,300.0,0.52,5.0,0.33,300.0,0.67,300.0,0.69,375.0,0.15,0.15,0.093502,1776215406000
1776215408.028,8.028,0.33,300.0,0.31,375.0,0.48,5.0,0.67,300.0,0.52,5.0,0.33,300.0,0.67,300.0,0.69,375.0,0.15,0.15,0.093502,1776215407000
1776215408.783,8.783,0.34,8.0,0.27,10.0,0.38,3.02,0.44,20.0,0.52,5.0,0.33,300.0,0.67,300.0,0.69,375.0,0.04,0.15,0.093502,1776215407000
1776215409.263,9.263,0.34,8.0,0.27,10.0,0.38,3.02,0.44,20.0,0.62,3.02,0.56,20.0,0.66,8.0,0.73,10.0,0.04,0.04,0.093502,1776215408000
1776215409.86,9.86,0.34,3.0,0.27,10.0,0.37,5.0,0.39,5.0,0.62,3.02,0.56,20.0,0.66,8.0,0.73,10.0,0.03,0.04,0.093502,1776215408000
1776215410.344,10.344,0.34,3.0,0.27,10.0,0.37,5.0,0.39,5.0,0.63,5.0,0.61,5.0,0.66,3.0,0.73,10.0,0.03,0.03,0.093502,1776215409000
1776215411.026,11.026,0.34,3.0,0.27,10.0,0.37,5.0,0.39,5.0,0.63,5.0,0.61,5.0,0.66,3.0,0.73,10.0,0.03,0.03,0.093502,1776215410000
1776215412.19,12.19,0.34,3.0,0.27,10.0,0.37,5.0,0.39,5.0,0.63,5.0,0.61,5.0,0.66,3.0,0.73,10.0,0.03,0.03,0.093499,1776215411000
1776215413.328,13.328,0.34,3.0,0.27,10.0,0.37,5.0,0.39,5.0,0.63,5.0,0.61,5.0,0.66,3.0,0.73,10.0,0.03,0.03,0.093502,1776215412000
1776215413.987,13.987,0.34,3.0,0.27,10.0,0.37,5.0,0.39,5.0,0.63,5.0,0.61,5.0,0.66,3.0,0.73,10.0,0.03,0.03,0.093504,1776215413000
1776215415.216,15.216,0.34,3.0,0.27,10.0,0.37,5.0,0.39,5.0,0.63,5.0,0.61,5.0,0.66,3.0,0.73,10.0,0.03,0.03,0.093503,1776215414000
1776215416.63,16.63,0.34,3.0,0.27,10.0,0.37,5.0,0.39,5.0,0.63,5.0,0.61,5.0,0.66,3.0,0.73,10.0,0.03,0.03,0.093505,1776215415000
1776215417.067,17.067,0.34,3.0,0.27,10.0,0.37,5.0,0.39,5.0,0.63,5.0,0.61,5.0,0.66,3.0,0.73,10.0,0.03,0.03,0.093509,1776215416000
1776215418.296,18.296,0.34,3.0,0.27,10.0,0.37,5.0,0.39,5.0,0.63,5.0,0.61,5.0,0.66,3.0,0.73,10.0,0.03,0.03,0.093511,1776215417000
1776215418.934,18.934,0.34,3.0,0.27,10.0,0.37,5.0,0.39,5.0,0.63,5.0,0.61,5.0,0.66,3.0,0.73,10.0,0.03,0.03,0.093511,1776215418000
1776215420.457,20.457,0.34,3.0,0.27,10.0,0.37,5.0,0.39,5.0,0.63,5.0,0.61,5.0,0.66,3.0,0.73,10.0,0.03,0.03,0.093502,1776215419000
1776215420.956,20.956,0.34,3.0,0.27,10.0,0.37,5.0,0.39,5.0,0.63,5.0,0.61,5.0,0.66,3.0,0.73,10.0,0.03,0.03,0.0935,1776215420000
1776215422.571,22.571,0.34,3.0,0.27,10.0,0.37,5.0,0.39,5.0,0.63,5.0,0.61,5.0,0.66,3.0,0.73,10.0,0.03,0.03,0.093501,1776215421000
1776215423.232,23.232,0.34,3.0,0.27,10.0,0.37,5.0,0.39,5.0,0.63,5.0,0.61,5.0,0.66,3.0,0.73,10.0,0.03,0.03,0.093501,1776215422000
1776215424.529,24.529,0.34,3.0,0.27,10.0,0.37,5.0,0.39,5.0,0.63,5.0,0.61,5.0,0.66,3.0,0.73,10.0,0.03,0.03,0.093498,1776215423000
1776215425.12,25.12,0.34,3.0,0.27,10.0,0.37,5.0,0.39,5.0,0.63,5.0,0.61,5.0,0.66,3.0,0.73,10.0,0.03,0.03,0.093498,1776215424000
1776215426.399,26.399,0.34,3.0,0.27,10.0,0.37,5.0,0.39,5.0,0.63,5.0,0.61,5.0,0.66,3.0,0.73,10.0,0.03,0.03,0.093498,1776215425000
1776215426.953,26.953,0.34,3.0,0.27,10.0,0.37,5.0,0.39,5.0,0.63,5.0,0.61,5.0,0.66,3.0,0.73,10.0,0.03,0.03,0.093498,1776215426000
1776215428.152,28.152,0.34,3.0,0.27,10.0,0.37,5.0,0.39,5.0,0.63,5.0,0.61,5.0,0.66,3.0,0.73,10.0,0.03,0.03,0.093498,1776215427000
1776215429.259,29.259,0.34,3.0,0.27,10.0,0.37,5.0,0.39,5.0,0.63,5.0,0.61,5.0,0.66,3.0,0.73,10.0,0.03,0.03,0.093499,1776215428000
1776215430.405,30.405,0.34,3.0,0.26,12.0,0.4,12.5,0.41,70.0,0.63,5.0,0.61,5.0,0.66,3.0,0.73,10.0,0.06,0.03,0.093499,1776215428000
1776215430.605,30.605,0.26,10.0,0.23,13.0,0.34,12.0,0.35,4.78,0.65,4.78,0.64,10.0,0.74,10.0,0.77,13.0,0.08,0.09,0.093499,1776215429000
1776215430.814,30.814,0.26,10.0,0.23,13.0,0.38,2.18,0.39,10.0,0.63,4.82,0.62,30.0,0.74,10.0,0.77,13.0,0.12,0.11,0.093499,1776215429000
1776215431.029,31.029,0.26,10.0,0.23,13.0,0.41,55.84,0.44,10.0,0.59,55.84,0.56,10.0,0.74,10.0,0.77,13.0,0.15,0.15,0.093499,1776215430000
1776215432.202,32.202,0.26,10.0,0.23,13.0,0.41,55.84,0.44,10.0,0.59,55.84,0.56,10.0,0.74,10.0,0.77,13.0,0.15,0.15,0.093489,1776215431000
1776215433.275,33.275,0.26,10.0,0.23,13.0,0.41,55.84,0.44,10.0,0.59,55.84,0.56,10.0,0.74,10.0,0.77,13.0,0.15,0.15,0.093484,1776215432000
1776215434.415,34.415,0.26,10.0,0.23,13.0,0.41,55.84,0.44,10.0,0.59,55.84,0.56,10.0,0.74,10.0,0.77,13.0,0.15,0.15,0.093484,1776215433000
1776215434.869,34.869,0.26,10.0,0.23,13.0,0.41,55.84,0.44,10.0,0.59,55.84,0.56,10.0,0.74,10.0,0.77,13.0,0.15,0.15,0.093484,1776215434000
1776215435.986,35.986,0.26,10.0,0.23,13.0,0.41,55.84,0.44,10.0,0.59,55.84,0.56,10.0,0.74,10.0,0.77,13.0,0.15,0.15,0.093479,1776215435000
1776215437.723,37.723,0.26,10.0,0.23,13.0,0.41,55.84,0.44,10.0,0.59,55.84,0.56,10.0,0.74,10.0,0.77,13.0,0.15,0.15,0.093482,1776215436000
1776215438.392,38.392,0.26,10.0,0.23,13.0,0.41,55.84,0.44,10.0,0.59,55.84,0.56,10.0,0.74,10.0,0.77,13.0,0.15,0.15,0.093482,1776215437000
1776215439.167,39.167,0.26,10.0,0.23,13.0,0.41,55.84,0.44,10.0,0.59,55.84,0.56,10.0,0.74,10.0,0.77,13.0,0.15,0.15,0.093481,1776215438000
1776215440.368,40.368,0.21,0.73,0.2,10.0,0.38,35.0,0.41,45.84,0.59,55.84,0.56,10.0,0.74,10.0,0.77,13.0,0.17,0.15,0.093481,1776215438000
1776215441.27,41.27,0.21,0.73,0.2,10.0,0.38,35.0,0.41,45.84,0.62,35.0,0.59,45.84,0.79,0.73,0.8,10.0,0.17,0.17,0.09348,1776215440000
1776215442.602,42.602,0.21,0.73,0.2,10.0,0.38,35.0,0.41,45.84,0.62,35.0,0.59,45.84,0.79,0.73,0.8,10.0,0.17,0.17,0.093479,1776215441000
1776215443.317,43.317,0.21,0.73,0.2,10.0,0.38,35.0,0.41,45.84,0.62,35.0,0.59,45.84,0.79,0.73,0.8,10.0,0.17,0.17,0.093479,1776215442000
1776215443.945,43.945,0.21,0.73,0.2,10.0,0.38,35.0,0.41,45.84,0.62,35.0,0.59,45.84,0.79,0.73,0.8,10.0,0.17,0.17,0.093478,1776215443000
1776215445.194,45.194,0.21,0.73,0.2,10.0,0.38,35.0,0.41,45.84,0.62,35.0,0.59,45.84,0.79,0.73,0.8,10.0,0.17,0.17,0.093479,1776215444000
1776215446.511,46.511,0.21,0.73,0.2,10.0,0.38,35.0,0.41,45.84,0.62,35.0,0.59,45.84,0.79,0.73,0.8,10.0,0.17,0.17,0.093481,1776215445000
1776215447.156,47.156,0.21,0.73,0.2,10.0,0.38,35.0,0.41,45.84,0.62,35.0,0.59,45.84,0.79,0.73,0.8,10.0,0.17,0.17,0.093481,1776215446000
1776215448.339,48.339,0.21,0.73,0.2,10.0,0.38,35.0,0.41,45.84,0.62,35.0,0.59,45.84,0.79,0.73,0.8,10.0,0.17,0.17,0.093482,1776215447000
1776215448.961,48.961,0.21,0.73,0.2,10.0,0.38,35.0,0.41,45.84,0.62,35.0,0.59,45.84,0.79,0.73,0.8,10.0,0.17,0.17,0.093483,1776215448000
1776215450.342,50.342,0.24,14.0,0.23,14.7,0.38,15.0,0.41,55.84,0.62,15.0,0.59,55.84,0.76,14.0,0.77,14.7,0.14,0.14,0.093484,1776215449000
1776215450.99,50.99,0.24,14.0,0.23,14.7,0.38,15.0,0.41,55.84,0.62,15.0,0.59,55.84,0.76,14.0,0.77,14.7,0.14,0.14,0.093484,1776215450000
1776215452.369,52.369,0.24,14.0,0.23,14.7,0.38,15.0,0.41,55.84,0.62,15.0,0.59,55.84,0.76,14.0,0.77,14.7,0.14,0.14,0.093484,1776215451000
1776215453.187,53.187,0.24,14.0,0.23,14.7,0.38,15.0,0.41,55.84,0.62,15.0,0.59,55.84,0.76,14.0,0.77,14.7,0.14,0.14,0.093481,1776215452000
1776215455.11,55.11,0.24,14.0,0.23,14.7,0.38,15.0,0.41,55.84,0.62,15.0,0.59,55.84,0.76,14.0,0.77,14.7,0.14,0.14,0.093472,1776215454000
1776215456.295,56.295,0.24,14.0,0.23,14.7,0.38,15.0,0.41,55.84,0.62,15.0,0.59,55.84,0.76,14.0,0.77,14.7,0.14,0.14,0.093473,1776215455000
1776215457.057,57.057,0.24,14.0,0.23,14.7,0.38,15.0,0.41,55.84,0.62,15.0,0.59,55.84,0.76,14.0,0.77,14.7,0.14,0.14,0.093474,1776215456000
1776215458.156,58.156,0.24,14.0,0.23,14.7,0.38,15.0,0.41,55.84,0.62,15.0,0.59,55.84,0.76,14.0,0.77,14.7,0.14,0.14,0.093474,1776215457000
1776215458.408,58.408,0.2,16.2,0.19,31.89,0.34,10.0,0.35,10.0,0.62,15.0,0.59,55.84,0.76,14.0,0.77,14.7,0.14,0.14,0.093474,1776215457000
1776215459.352,59.352,0.2,16.2,0.19,31.89,0.34,10.0,0.35,10.0,0.66,10.0,0.65,10.0,0.8,16.2,0.81,31.89,0.14,0.14,0.093474,1776215458000
1776215460.022,60.022,0.2,16.2,0.19,31.89,0.34,10.0,0.35,10.0,0.66,10.0,0.65,10.0,0.8,16.2,0.81,31.89,0.14,0.14,0.093474,1776215459000
1776215460.681,60.681,0.19,30.54,0.18,17.6,0.34,10.0,0.35,10.0,0.66,10.0,0.65,10.0,0.8,16.2,0.81,31.89,0.15,0.14,0.093474,1776215459000
1776215461.227,61.227,0.19,30.54,0.18,17.6,0.34,10.0,0.35,10.0,0.66,10.0,0.65,10.0,0.81,30.54,0.82,17.6,0.15,0.15,0.093475,1776215460000
1776215462.348,62.348,0.19,30.54,0.18,17.6,0.34,10.0,0.35,10.0,0.66,10.0,0.65,10.0,0.81,30.54,0.82,17.6,0.15,0.15,0.093474,1776215461000
1776215463.109,63.109,0.19,30.54,0.18,17.6,0.34,10.0,0.35,10.0,0.66,10.0,0.65,10.0,0.81,30.54,0.82,17.6,0.15,0.15,0.093474,1776215462000
1776215463.584,63.584,0.2,16.2,0.19,15.54,0.34,10.0,0.35,10.0,0.66,10.0,0.65,10.0,0.81,30.54,0.82,17.6,0.14,0.15,0.093474,1776215462000
1776215464.211,64.211,0.2,16.2,0.19,15.54,0.34,10.0,0.35,10.0,0.66,10.0,0.65,10.0,0.8,16.2,0.81,15.54,0.14,0.14,0.093475,1776215463000
1776215465.386,65.386,0.2,16.2,0.19,15.54,0.34,10.0,0.35,10.0,0.66,10.0,0.65,10.0,0.8,16.2,0.81,15.54,0.14,0.14,0.093476,1776215464000
1776215465.94,65.94,0.19,15.54,0.18,17.6,0.34,10.0,0.35,10.0,0.66,10.0,0.65,10.0,0.81,15.54,0.82,17.6,0.15,0.15,0.093476,1776215465000
1776215467.158,67.158,0.19,15.54,0.18,17.6,0.34,10.0,0.35,10.0,0.66,10.0,0.65,10.0,0.81,15.54,0.82,17.6,0.15,0.15,0.093476,1776215466000
1776215468.415,68.415,0.19,15.54,0.18,17.6,0.34,10.0,0.35,10.0,0.66,10.0,0.65,10.0,0.81,15.54,0.82,17.6,0.15,0.15,0.093473,1776215467000
1776215469.165,69.165,0.19,15.54,0.18,17.6,0.34,10.0,0.35,10.0,0.66,10.0,0.65,10.0,0.81,15.54,0.82,17.6,0.15,0.15,0.093473,1776215468000
1776215470.894,70.894,0.19,15.54,0.18,17.6,0.34,10.0,0.35,10.0,0.66,10.0,0.65,10.0,0.81,15.54,0.82,17.6,0.15,0.15,0.093465,1776215469000
1776215471.484,71.484,0.19,15.54,0.18,17.6,0.34,10.0,0.35,10.0,0.66,10.0,0.65,10.0,0.81,15.54,0.82,17.6,0.15,0.15,0.093468,1776215470000
1776215471.923,71.923,0.19,15.54,0.18,17.6,0.34,10.0,0.35,10.0,0.66,10.0,0.65,10.0,0.81,15.54,0.82,17.6,0.15,0.15,0.093468,1776215471000
1776215472.926,72.926,0.19,15.54,0.18,17.6,0.34,10.0,0.35,10.0,0.66,10.0,0.65,10.0,0.81,15.54,0.82,17.6,0.15,0.15,0.093465,1776215472000
1776215473.964,73.964,0.19,15.54,0.18,17.6,0.34,10.0,0.35,10.0,0.66,10.0,0.65,10.0,0.81,15.54,0.82,17.6,0.15,0.15,0.093458,1776215473000
1776215474.952,74.952,0.19,15.54,0.18,17.6,0.34,10.0,0.35,10.0,0.66,10.0,0.65,10.0,0.81,15.54,0.82,17.6,0.15,0.15,0.093452,1776215474000
1776215476.002,76.002,0.19,15.54,0.18,17.6,0.34,10.0,0.35,10.0,0.66,10.0,0.65,10.0,0.81,15.54,0.82,17.6,0.15,0.15,0.093447,1776215475000
1776215477.016,77.016,0.19,15.54,0.18,17.6,0.34,10.0,0.35,10.0,0.66,10.0,0.65,10.0,0.81,15.54,0.82,17.6,0.15,0.15,0.093461,1776215476000
1776215477.789,77.789,0.15,20.39,0.14,26.6,0.28,12.6,0.29,12.6,0.66,10.0,0.65,10.0,0.81,15.54,0.82,17.6,0.13,0.15,0.093461,1776215476000
1776215478.985,78.985,0.15,20.39,0.14,26.6,0.28,12.6,0.29,12.6,0.72,12.6,0.71,12.6,0.85,20.39,0.86,26.6,0.13,0.13,0.093464,1776215478000
1776215479.983,79.983,0.15,20.39,0.14,26.6,0.28,12.6,0.29,12.6,0.72,12.6,0.71,12.6,0.85,20.39,0.86,26.6,0.13,0.13,0.093464,1776215479000
1776215480.993,80.993,0.15,20.39,0.14,26.6,0.28,12.6,0.29,12.6,0.72,12.6,0.71,12.6,0.85,20.39,0.86,26.6,0.13,0.13,0.093462,1776215480000
1776215482.17,82.17,0.15,20.39,0.14,26.6,0.28,12.6,0.29,12.6,0.72,12.6,0.71,12.6,0.85,20.39,0.86,26.6,0.13,0.13,0.093462,1776215481000
1776215483.156,83.156,0.15,20.39,0.14,26.6,0.28,12.6,0.29,12.6,0.72,12.6,0.71,12.6,0.85,20.39,0.86,26.6,0.13,0.13,0.093461,1776215482000
1776215484.149,84.149,0.15,20.39,0.14,26.6,0.28,12.6,0.29,12.6,0.72,12.6,0.71,12.6,0.85,20.39,0.86,26.6,0.13,0.13,0.093461,1776215483000
1776215486.123,86.123,0.15,20.39,0.14,26.6,0.28,12.6,0.29,12.6,0.72,12.6,0.71,12.6,0.85,20.39,0.86,26.6,0.13,0.13,0.093462,1776215484000
1776215486.812,86.812,0.15,20.39,0.14,26.6,0.28,12.6,0.29,12.6,0.72,12.6,0.71,12.6,0.85,20.39,0.86,26.6,0.13,0.13,0.093462,1776215485000
1776215487.848,87.848,0.15,20.39,0.14,26.6,0.28,12.6,0.29,12.6,0.72,12.6,0.71,12.6,0.85,20.39,0.86,26.6,0.13,0.13,0.093462,1776215486000
1776215488.618,88.618,0.15,20.39,0.14,26.6,0.28,12.6,0.29,12.6,0.72,12.6,0.71,12.6,0.85,20.39,0.86,26.6,0.13,0.13,0.093462,1776215487000
1776215489.184,89.184,0.15,20.39,0.14,26.6,0.28,12.6,0.29,12.6,0.72,12.6,0.71,12.6,0.85,20.39,0.86,26.6,0.13,0.13,0.09346,1776215488000
1776215490.585,90.585,0.15,20.39,0.14,26.6,0.28,12.6,0.29,12.6,0.72,12.6,0.71,12.6,0.85,20.39,0.86,26.6,0.13,0.13,0.093459,1776215489000
1776215491.224,91.224,0.15,20.39,0.14,26.6,0.28,12.6,0.29,12.6,0.72,12.6,0.71,12.6,0.85,20.39,0.86,26.6,0.13,0.13,0.093458,1776215490000
1776215492.64,92.64,0.15,20.39,0.14,26.6,0.28,12.6,0.29,12.6,0.72,12.6,0.71,12.6,0.85,20.39,0.86,26.6,0.13,0.13,0.093449,1776215491000
1776215493.42,93.42,0.15,3.0,0.12,21.0,0.24,14.3,0.25,13.9,0.76,14.3,0.75,13.9,0.85,3.0,0.88,21.0,0.09,0.09,0.093449,1776215492000
1776215494.102,94.102,0.15,3.0,0.12,21.0,0.24,14.3,0.25,13.9,0.76,14.3,0.75,13.9,0.85,3.0,0.88,21.0,0.09,0.09,0.093449,1776215493000
1776215495.664,95.664,0.15,3.0,0.12,21.0,0.24,14.3,0.25,13.9,0.76,14.3,0.75,13.9,0.85,3.0,0.88,21.0,0.09,0.09,0.093438,1776215494000
1776215496.303,96.303,0.15,3.0,0.12,21.0,0.24,14.3,0.25,13.9,0.76,14.3,0.75,13.9,0.85,3.0,0.88,21.0,0.09,0.09,0.093431,1776215495000
1776215497.764,97.764,0.15,3.0,0.12,21.0,0.24,14.3,0.25,13.9,0.76,14.3,0.75,13.9,0.85,3.0,0.88,21.0,0.09,0.09,0.093431,1776215496000
1776215498.436,98.436,0.15,3.0,0.12,21.0,0.24,14.3,0.25,13.9,0.76,14.3,0.75,13.9,0.85,3.0,0.88,21.0,0.09,0.09,0.093429,1776215497000
1776215499.126,99.126,0.15,3.0,0.12,21.0,0.24,14.3,0.25,13.9,0.76,14.3,0.75,13.9,0.85,3.0,0.88,21.0,0.09,0.09,0.093429,1776215498000
1776215500.562,100.562,0.15,3.0,0.12,21.0,0.24,14.3,0.25,13.9,0.76,14.3,0.75,13.9,0.85,3.0,0.88,21.0,0.09,0.09,0.093429,1776215499000
1776215500.769,100.769,0.08,35.09,0.07,39.9,0.18,17.6,0.19,16.89,0.76,14.3,0.75,13.9,0.85,3.0,0.88,21.0,0.1,0.09,0.093429,1776215499000
1776215501.251,101.251,0.08,35.09,0.07,39.9,0.18,17.6,0.19,16.89,0.82,17.6,0.81,16.89,0.92,35.09,0.93,39.9,0.1,0.1,0.093429,1776215500000
1776215503.212,103.212,0.08,35.09,0.07,39.9,0.18,17.6,0.19,16.89,0.82,17.6,0.81,16.89,0.92,35.09,0.93,39.9,0.1,0.1,0.093429,1776215502000
1776215505.223,105.223,0.08,35.09,0.07,39.9,0.18,17.6,0.19,16.89,0.82,17.6,0.81,16.89,0.92,35.09,0.93,39.9,0.1,0.1,0.093429,1776215504000
1776215506.574,106.574,0.08,35.09,0.07,39.9,0.18,17.6,0.19,16.89,0.82,17.6,0.81,16.89,0.92,35.09,0.93,39.9,0.1,0.1,0.09342,1776215505000
1776215507.432,107.432,0.08,35.09,0.07,39.9,0.18,17.6,0.19,16.89,0.82,17.6,0.81,16.89,0.92,35.09,0.93,39.9,0.1,0.1,0.093419,1776215506000
1776215508.142,108.142,0.08,35.09,0.07,39.9,0.18,17.6,0.19,16.89,0.82,17.6,0.81,16.89,0.92,35.09,0.93,39.9,0.1,0.1,0.093415,1776215507000
1776215509.626,109.626,0.08,35.09,0.07,39.9,0.18,17.6,0.19,16.89,0.82,17.6,0.81,16.89,0.92,35.09,0.93,39.9,0.1,0.1,0.093415,1776215508000
1776215510.158,110.158,0.08,35.09,0.07,39.9,0.18,17.6,0.19,16.89,0.82,17.6,0.81,16.89,0.92,35.09,0.93,39.9,0.1,0.1,0.093415,1776215509000
1776215511.493,111.493,0.08,35.09,0.07,39.9,0.18,17.6,0.19,16.89,0.82,17.6,0.81,16.89,0.92,35.09,0.93,39.9,0.1,0.1,0.093414,1776215510000
1776215512.166,112.166,0.08,35.09,0.07,39.9,0.18,17.6,0.19,16.89,0.82,17.6,0.81,16.89,0.92,35.09,0.93,39.9,0.1,0.1,0.093413,1776215511000
1776215513.583,113.583,0.08,35.09,0.07,39.9,0.18,17.6,0.19,16.89,0.82,17.6,0.81,16.89,0.92,35.09,0.93,39.9,0.1,0.1,0.093413,1776215512000
1776215514.333,114.333,0.08,35.09,0.07,39.9,0.18,17.6,0.19,16.89,0.82,17.6,0.81,16.89,0.92,35.09,0.93,39.9,0.1,0.1,0.093414,1776215513000
1776215515.042,115.042,0.08,35.09,0.07,39.9,0.18,17.6,0.19,16.89,0.82,17.6,0.81,16.89,0.92,35.09,0.93,39.9,0.1,0.1,0.093416,1776215514000
1776215516.425,116.425,0.08,35.09,0.07,39.9,0.18,17.6,0.19,16.89,0.82,17.6,0.81,16.89,0.92,35.09,0.93,39.9,0.1,0.1,0.093416,1776215515000
1776215517.095,117.095,0.08,35.09,0.07,39.9,0.18,17.6,0.19,16.89,0.82,17.6,0.81,16.89,0.92,35.09,0.93,39.9,0.1,0.1,0.093431,1776215516000
1776215518.44,118.44,0.09,31.7,0.08,35.29,0.15,18.0,0.18,16.0,0.85,18.0,0.82,16.0,0.91,31.7,0.92,35.29,0.06,0.06,0.09344,1776215517000
1776215519.049,119.049,0.09,31.7,0.08,35.29,0.15,18.0,0.18,16.0,0.85,18.0,0.82,16.0,0.91,31.7,0.92,35.29,0.06,0.06,0.093439,1776215518000
1776215519.382,119.382,0.1,28.9,0.09,36.7,0.15,18.0,0.18,16.0,0.85,18.0,0.82,16.0,0.91,31.7,0.92,35.29,0.05,0.06,0.093439,1776215518000
1776215520.405,120.405,0.1,28.9,0.09,36.7,0.15,18.0,0.18,16.0,0.85,18.0,0.82,16.0,0.9,28.9,0.91,36.7,0.05,0.05,0.09345,1776215519000
1776215521.582,121.582,0.1,28.9,0.09,36.7,0.15,18.0,0.18,16.0,0.85,18.0,0.82,16.0,0.9,28.9,0.91,36.7,0.05,0.05,0.093452,1776215520000
1776215522.215,122.215,0.1,28.9,0.09,36.7,0.15,18.0,0.18,16.0,0.85,18.0,0.82,16.0,0.9,28.9,0.91,36.7,0.05,0.05,0.093449,1776215521000
1776215523.384,123.384,0.1,28.9,0.09,36.7,0.15,18.0,0.18,16.0,0.85,18.0,0.82,16.0,0.9,28.9,0.91,36.7,0.05,0.05,0.093447,1776215522000
1776215523.983,123.983,0.1,28.9,0.09,36.7,0.15,18.0,0.18,16.0,0.85,18.0,0.82,16.0,0.9,28.9,0.91,36.7,0.05,0.05,0.093447,1776215523000
1776215525.036,125.036,0.1,28.9,0.09,36.7,0.15,18.0,0.18,16.0,0.85,18.0,0.82,16.0,0.9,28.9,0.91,36.7,0.05,0.05,0.093447,1776215524000
1776215526.189,126.189,0.1,28.9,0.09,36.7,0.15,18.0,0.18,16.0,0.85,18.0,0.82,16.0,0.9,28.9,0.91,36.7,0.05,0.05,0.093462,1776215525000
1776215527.46,127.46,0.1,28.9,0.09,36.7,0.15,18.0,0.18,16.0,0.85,18.0,0.82,16.0,0.9,28.9,0.91,36.7,0.05,0.05,0.09348,1776215526000
1776215527.982,127.982,0.1,28.9,0.09,36.7,0.15,18.0,0.18,16.0,0.85,18.0,0.82,16.0,0.9,28.9,0.91,36.7,0.05,0.05,0.09348,1776215527000
1776215528.978,128.978,0.1,28.9,0.09,36.7,0.15,18.0,0.18,16.0,0.85,18.0,0.82,16.0,0.9,28.9,0.91,36.7,0.05,0.05,0.09348,1776215528000
1776215530.031,130.031,0.1,28.9,0.09,36.7,0.15,18.0,0.18,16.0,0.85,18.0,0.82,16.0,0.9,28.9,0.91,36.7,0.05,0.05,0.093482,1776215529000
1776215531.103,131.103,0.1,28.9,0.09,36.7,0.15,18.0,0.18,16.0,0.85,18.0,0.82,16.0,0.9,28.9,0.91,36.7,0.05,0.05,0.093482,1776215530000
1776215532.108,132.108,0.1,28.9,0.09,36.7,0.15,18.0,0.18,16.0,0.85,18.0,0.82,16.0,0.9,28.9,0.91,36.7,0.05,0.05,0.093482,1776215531000
1776215533.189,133.189,0.1,28.9,0.09,36.7,0.15,18.0,0.18,16.0,0.85,18.0,0.82,16.0,0.9,28.9,0.91,36.7,0.05,0.05,0.093482,1776215532000
1776215534.231,134.231,0.1,28.9,0.09,36.7,0.15,18.0,0.18,16.0,0.85,18.0,0.82,16.0,0.9,28.9,0.91,36.7,0.05,0.05,0.093482,1776215533000
1776215535.86,135.86,0.1,28.9,0.09,36.7,0.15,18.0,0.18,16.0,0.85,18.0,0.82,16.0,0.9,28.9,0.91,36.7,0.05,0.05,0.093482,1776215534000
1776215536.284,136.284,0.1,28.9,0.09,36.7,0.15,18.0,0.18,16.0,0.85,18.0,0.82,16.0,0.9,28.9,0.91,36.7,0.05,0.05,0.093482,1776215535000
1776215537.313,137.313,0.1,28.9,0.09,36.7,0.15,18.0,0.18,16.0,0.85,18.0,0.82,16.0,0.9,28.9,0.91,36.7,0.05,0.05,0.09348,1776215536000
1776215538.462,138.462,0.1,28.9,0.09,36.7,0.15,18.0,0.18,16.0,0.85,18.0,0.82,16.0,0.9,28.9,0.91,36.7,0.05,0.05,0.09348,1776215537000
1776215539.134,139.134,0.24,10.0,0.21,50.0,0.41,21.41,0.42,10.0,0.85,18.0,0.82,16.0,0.9,28.9,0.91,36.7,0.17,0.05,0.09348,1776215537000
1776215540.121,140.121,0.24,10.0,0.21,50.0,0.41,21.41,0.42,10.0,0.59,21.41,0.58,10.0,0.76,10.0,0.79,50.0,0.17,0.17,0.093505,1776215539000
1776215541.11,141.11,0.24,10.0,0.21,50.0,0.41,21.41,0.42,10.0,0.59,21.41,0.58,10.0,0.76,10.0,0.79,50.0,0.17,0.17,0.093504,1776215540000
1776215542.084,142.084,0.24,10.0,0.21,50.0,0.41,21.41,0.42,10.0,0.59,21.41,0.58,10.0,0.76,10.0,0.79,50.0,0.17,0.17,0.093509,1776215541000
1776215543.105,143.105,0.24,10.0,0.21,50.0,0.41,21.41,0.42,10.0,0.59,21.41,0.58,10.0,0.76,10.0,0.79,50.0,0.17,0.17,0.09351,1776215542000
1776215544.414,144.414,0.24,10.0,0.21,50.0,0.41,21.41,0.42,10.0,0.59,21.41,0.58,10.0,0.76,10.0,0.79,50.0,0.17,0.17,0.093509,1776215543000
1776215545.03,145.03,0.24,10.0,0.21,50.0,0.41,21.41,0.42,10.0,0.59,21.41,0.58,10.0,0.76,10.0,0.79,50.0,0.17,0.17,0.093509,1776215544000
1776215546.086,146.086,0.24,10.0,0.21,50.0,0.41,21.41,0.42,10.0,0.59,21.41,0.58,10.0,0.76,10.0,0.79,50.0,0.17,0.17,0.09351,1776215545000
1776215547.157,147.157,0.24,10.0,0.21,50.0,0.41,21.41,0.42,10.0,0.59,21.41,0.58,10.0,0.76,10.0,0.79,50.0,0.17,0.17,0.09351,1776215546000
1776215548.254,148.254,0.24,10.0,0.21,50.0,0.41,21.41,0.42,10.0,0.59,21.41,0.58,10.0,0.76,10.0,0.79,50.0,0.17,0.17,0.09351,1776215547000
1776215549.952,149.952,0.24,10.0,0.21,50.0,0.41,21.41,0.42,10.0,0.59,21.41,0.58,10.0,0.76,10.0,0.79,50.0,0.17,0.17,0.09351,1776215548000
1776215550.503,150.503,0.24,10.0,0.21,50.0,0.41,21.41,0.42,10.0,0.59,21.41,0.58,10.0,0.76,10.0,0.79,50.0,0.17,0.17,0.09351,1776215549000
1776215550.728,150.728,0.23,10.0,0.21,64.0,0.41,14.26,0.42,10.7,0.59,21.41,0.58,10.0,0.76,10.0,0.79,50.0,0.18,0.17,0.09351,1776215549000
1776215551.045,151.045,0.23,10.0,0.21,64.0,0.41,14.26,0.42,10.7,0.59,14.26,0.58,10.7,0.77,10.0,0.79,64.0,0.18,0.18,0.09351,1776215550000
1776215552.123,152.123,0.23,10.0,0.21,64.0,0.41,14.26,0.42,10.7,0.59,14.26,0.58,10.7,0.77,10.0,0.79,64.0,0.18,0.18,0.09351,1776215551000
1776215553.223,153.223,0.23,10.0,0.21,64.0,0.41,14.26,0.42,10.7,0.59,14.26,0.58,10.7,0.77,10.0,0.79,64.0,0.18,0.18,0.093496,1776215552000
1776215554.315,154.315,0.23,10.0,0.21,64.0,0.41,14.26,0.42,10.7,0.59,14.26,0.58,10.7,0.77,10.0,0.79,64.0,0.18,0.18,0.093492,1776215553000
1776215555.356,155.356,0.23,10.0,0.21,64.0,0.41,14.26,0.42,10.7,0.59,14.26,0.58,10.7,0.77,10.0,0.79,64.0,0.18,0.18,0.09349,1776215554000
1776215555.954,155.954,0.23,10.0,0.21,64.0,0.41,14.26,0.42,10.7,0.59,14.26,0.58,10.7,0.77,10.0,0.79,64.0,0.18,0.18,0.09349,1776215555000
1776215557.122,157.122,0.23,10.0,0.21,64.0,0.41,14.26,0.42,10.7,0.59,14.26,0.58,10.7,0.77,10.0,0.79,64.0,0.18,0.18,0.09349,1776215556000
1776215558.224,158.224,0.23,10.0,0.21,64.0,0.41,14.26,0.42,10.7,0.59,14.26,0.58,10.7,0.77,10.0,0.79,64.0,0.18,0.18,0.09349,1776215557000
1776215559.348,159.348,0.23,10.0,0.21,64.0,0.41,14.26,0.42,10.7,0.59,14.26,0.58,10.7,0.77,10.0,0.79,64.0,0.18,0.18,0.09349,1776215558000
1776215559.917,159.917,0.23,10.0,0.21,64.0,0.41,14.26,0.42,10.7,0.59,14.26,0.58,10.7,0.77,10.0,0.79,64.0,0.18,0.18,0.09349,1776215559000
1776215560.963,160.963,0.23,10.0,0.21,64.0,0.41,14.26,0.42,10.7,0.59,14.26,0.58,10.7,0.77,10.0,0.79,64.0,0.18,0.18,0.093495,1776215560000
1776215562.008,162.008,0.23,10.0,0.21,64.0,0.41,14.26,0.42,10.7,0.59,14.26,0.58,10.7,0.77,10.0,0.79,64.0,0.18,0.18,0.093512,1776215561000
1776215563.181,163.181,0.23,10.0,0.21,64.0,0.41,14.26,0.42,10.7,0.59,14.26,0.58,10.7,0.77,10.0,0.79,64.0,0.18,0.18,0.093512,1776215562000
1776215564.265,164.265,0.23,10.0,0.21,64.0,0.41,14.26,0.42,10.7,0.59,14.26,0.58,10.7,0.77,10.0,0.79,64.0,0.18,0.18,0.093513,1776215563000
1776215565.343,165.343,0.23,10.0,0.21,64.0,0.41,14.26,0.42,10.7,0.59,14.26,0.58,10.7,0.77,10.0,0.79,64.0,0.18,0.18,0.093513,1776215564000
1776215565.844,165.844,0.23,10.0,0.21,64.0,0.41,14.26,0.42,10.7,0.59,14.26,0.58,10.7,0.77,10.0,0.79,64.0,0.18,0.18,0.093513,1776215565000
1776215566.942,166.942,0.23,10.0,0.21,64.0,0.41,14.26,0.42,10.7,0.59,14.26,0.58,10.7,0.77,10.0,0.79,64.0,0.18,0.18,0.093512,1776215566000
1776215568.081,168.081,0.23,10.0,0.21,64.0,0.41,14.26,0.42,10.7,0.59,14.26,0.58,10.7,0.77,10.0,0.79,64.0,0.18,0.18,0.093507,1776215567000
1776215569.107,169.107,0.23,10.0,0.21,64.0,0.41,14.26,0.42,10.7,0.59,14.26,0.58,10.7,0.77,10.0,0.79,64.0,0.18,0.18,0.093507,1776215568000
1776215570.139,170.139,0.23,10.0,0.21,64.0,0.41,14.26,0.42,10.7,0.59,14.26,0.58,10.7,0.77,10.0,0.79,64.0,0.18,0.18,0.093507,1776215569000
1776215570.662,170.662,0.22,5.0,0.21,55.0,0.4,10.51,0.41,24.96,0.59,14.26,0.58,10.7,0.77,10.0,0.79,64.0,0.18,0.18,0.093507,1776215569000
1776215571.28,171.28,0.22,5.0,0.21,55.0,0.4,10.51,0.41,24.96,0.6,10.51,0.59,24.96,0.78,5.0,0.79,55.0,0.18,0.18,0.093507,1776215570000
1776215572.303,172.303,0.22,5.0,0.21,55.0,0.4,10.51,0.41,24.96,0.6,10.51,0.59,24.96,0.78,5.0,0.79,55.0,0.18,0.18,0.093507,1776215571000
1776215572.844,172.844,0.22,5.0,0.21,55.0,0.4,10.51,0.41,24.96,0.6,10.51,0.59,24.96,0.78,5.0,0.79,55.0,0.18,0.18,0.093507,1776215572000
1776215573.929,173.929,0.22,5.0,0.21,55.0,0.4,10.51,0.41,24.96,0.6,10.51,0.59,24.96,0.78,5.0,0.79,55.0,0.18,0.18,0.093507,1776215573000
1776215574.926,174.926,0.22,5.0,0.21,55.0,0.4,10.51,0.41,24.96,0.6,10.51,0.59,24.96,0.78,5.0,0.79,55.0,0.18,0.18,0.093501,1776215574000
1776215576.09,176.09,0.22,5.0,0.21,55.0,0.4,10.51,0.41,24.96,0.6,10.51,0.59,24.96,0.78,5.0,0.79,55.0,0.18,0.18,0.093501,1776215575000
1776215577.157,177.157,0.22,5.0,0.21,55.0,0.4,10.51,0.41,24.96,0.6,10.51,0.59,24.96,0.78,5.0,0.79,55.0,0.18,0.18,0.093501,1776215576000
1776215578.299,178.299,0.22,5.0,0.21,55.0,0.4,10.51,0.41,24.96,0.6,10.51,0.59,24.96,0.78,5.0,0.79,55.0,0.18,0.18,0.093501,1776215577000
1776215579.307,179.307,0.22,5.0,0.21,55.0,0.4,10.51,0.41,24.96,0.6,10.51,0.59,24.96,0.78,5.0,0.79,55.0,0.18,0.18,0.0935,1776215578000
1776215579.966,179.966,0.22,5.0,0.21,55.0,0.4,10.51,0.41,24.96,0.6,10.51,0.59,24.96,0.78,5.0,0.79,55.0,0.18,0.18,0.0935,1776215579000
1776215581.052,181.052,0.22,5.0,0.21,55.0,0.4,10.51,0.41,24.96,0.6,10.51,0.59,24.96,0.78,5.0,0.79,55.0,0.18,0.18,0.093497,1776215580000
1776215582.133,182.133,0.22,5.0,0.21,55.0,0.4,10.51,0.41,24.96,0.6,10.51,0.59,24.96,0.78,5.0,0.79,55.0,0.18,0.18,0.093497,1776215581000
1776215583.187,183.187,0.22,5.0,0.21,55.0,0.4,10.51,0.41,24.96,0.6,10.51,0.59,24.96,0.78,5.0,0.79,55.0,0.18,0.18,0.093497,1776215582000
1776215584.697,184.697,0.22,5.0,0.21,55.0,0.4,10.51,0.41,24.96,0.6,10.51,0.59,24.96,0.78,5.0,0.79,55.0,0.18,0.18,0.093495,1776215583000
1776215585.411,185.411,0.22,5.0,0.21,55.0,0.4,10.51,0.41,24.96,0.6,10.51,0.59,24.96,0.78,5.0,0.79,55.0,0.18,0.18,0.093494,1776215584000
1776215586.012,186.012,0.22,5.0,0.21,55.0,0.4,10.51,0.41,24.96,0.6,10.51,0.59,24.96,0.78,5.0,0.79,55.0,0.18,0.18,0.093494,1776215585000
1776215587.107,187.107,0.22,5.0,0.21,55.0,0.4,10.51,0.41,24.96,0.6,10.51,0.59,24.96,0.78,5.0,0.79,55.0,0.18,0.18,0.093492,1776215586000
1776215588.222,188.222,0.22,5.0,0.21,55.0,0.4,10.51,0.41,24.96,0.6,10.51,0.59,24.96,0.78,5.0,0.79,55.0,0.18,0.18,0.093492,1776215587000
1776215589.262,189.262,0.22,5.0,0.21,55.0,0.4,10.51,0.41,24.96,0.6,10.51,0.59,24.96,0.78,5.0,0.79,55.0,0.18,0.18,0.093491,1776215588000
1776215590.986,190.986,0.22,5.0,0.21,55.0,0.4,10.51,0.41,24.96,0.6,10.51,0.59,24.96,0.78,5.0,0.79,55.0,0.18,0.18,0.093491,1776215589000
1776215591.649,191.649,0.22,5.0,0.21,55.0,0.4,10.51,0.41,24.96,0.6,10.51,0.59,24.96,0.78,5.0,0.79,55.0,0.18,0.18,0.09349,1776215590000
1776215592.315,192.315,0.22,5.0,0.21,55.0,0.4,10.51,0.41,24.96,0.6,10.51,0.59,24.96,0.78,5.0,0.79,55.0,0.18,0.18,0.09349,1776215591000
1776215593.383,193.383,0.22,5.0,0.21,55.0,0.4,10.51,0.41,24.96,0.6,10.51,0.59,24.96,0.78,5.0,0.79,55.0,0.18,0.18,0.09349,1776215592000
1776215593.926,193.926,0.22,5.0,0.21,55.0,0.4,10.51,0.41,24.96,0.6,10.51,0.59,24.96,0.78,5.0,0.79,55.0,0.18,0.18,0.09349,1776215593000
1776215594.278,194.278,0.11,59.74,0.1,28.9,0.26,13.5,0.27,13.2,0.6,10.51,0.59,24.96,0.78,5.0,0.79,55.0,0.15,0.18,0.09349,1776215593000
1776215595.987,195.987,0.11,59.74,0.1,28.9,0.26,13.5,0.27,13.2,0.74,13.5,0.73,13.2,0.89,59.74,0.9,28.9,0.15,0.15,0.093491,1776215595000
1776215597.479,197.479,0.11,59.74,0.1,28.9,0.26,13.5,0.27,13.2,0.74,13.5,0.73,13.2,0.89,59.74,0.9,28.9,0.15,0.15,0.093491,1776215596000
1776215598.335,198.335,0.11,59.74,0.1,28.9,0.26,13.5,0.27,13.2,0.74,13.5,0.73,13.2,0.89,59.74,0.9,28.9,0.15,0.15,0.093493,1776215597000
1776215599.613,199.613,0.11,59.74,0.1,28.9,0.26,13.5,0.27,13.2,0.74,13.5,0.73,13.2,0.89,59.74,0.9,28.9,0.15,0.15,0.093511,1776215598000
1776215600.386,200.386,0.11,59.74,0.1,28.9,0.26,13.5,0.27,13.2,0.74,13.5,0.73,13.2,0.89,59.74,0.9,28.9,0.15,0.15,0.093511,1776215599000
1776215601.156,201.156,0.11,59.74,0.1,28.9,0.26,13.5,0.27,13.2,0.74,13.5,0.73,13.2,0.89,59.74,0.9,28.9,0.15,0.15,0.093511,1776215600000
1776215602.585,202.585,0.11,59.74,0.1,28.9,0.26,13.5,0.27,13.2,0.74,13.5,0.73,13.2,0.89,59.74,0.9,28.9,0.15,0.15,0.093518,1776215601000
1776215603.381,203.381,0.11,59.74,0.1,28.9,0.26,13.5,0.27,13.2,0.74,13.5,0.73,13.2,0.89,59.74,0.9,28.9,0.15,0.15,0.093519,1776215602000
1776215604.061,204.061,0.11,59.74,0.1,28.9,0.26,13.5,0.27,13.2,0.74,13.5,0.73,13.2,0.89,59.74,0.9,28.9,0.15,0.15,0.093519,1776215603000
1776215605.542,205.542,0.11,59.74,0.1,28.9,0.26,13.5,0.27,13.2,0.74,13.5,0.73,13.2,0.89,59.74,0.9,28.9,0.15,0.15,0.093512,1776215604000
1776215606.239,206.239,0.11,59.74,0.1,28.9,0.26,13.5,0.27,13.2,0.74,13.5,0.73,13.2,0.89,59.74,0.9,28.9,0.15,0.15,0.093513,1776215605000
1776215607.609,207.609,0.11,59.74,0.1,28.9,0.26,13.5,0.27,13.2,0.74,13.5,0.73,13.2,0.89,59.74,0.9,28.9,0.15,0.15,0.093507,1776215606000
1776215608.45,208.45,0.11,59.74,0.1,28.9,0.26,13.5,0.27,13.2,0.74,13.5,0.73,13.2,0.89,59.74,0.9,28.9,0.15,0.15,0.09351,1776215607000
1776215609.083,209.083,0.11,59.74,0.1,28.9,0.26,13.5,0.27,13.2,0.74,13.5,0.73,13.2,0.89,59.74,0.9,28.9,0.15,0.15,0.093511,1776215608000
1776215610.403,210.403,0.11,59.74,0.1,28.9,0.26,13.5,0.27,13.2,0.74,13.5,0.73,13.2,0.89,59.74,0.9,28.9,0.15,0.15,0.09352,1776215609000
1776215611.005,211.005,0.11,59.74,0.1,28.9,0.26,13.5,0.27,13.2,0.74,13.5,0.73,13.2,0.89,59.74,0.9,28.9,0.15,0.15,0.09352,1776215610000
1776215612.117,212.117,0.11,59.74,0.1,28.9,0.26,13.5,0.27,13.2,0.74,13.5,0.73,13.2,0.89,59.74,0.9,28.9,0.15,0.15,0.09352,1776215611000
1776215613.097,213.097,0.11,59.74,0.1,28.9,0.26,13.5,0.27,13.2,0.74,13.5,0.73,13.2,0.89,59.74,0.9,28.9,0.15,0.15,0.09352,1776215612000
1776215614.323,214.323,0.11,59.74,0.1,28.9,0.26,13.5,0.27,13.2,0.74,13.5,0.73,13.2,0.89,59.74,0.9,28.9,0.15,0.15,0.09352,1776215613000
1776215615.442,215.442,0.11,59.74,0.1,28.9,0.26,13.5,0.27,13.2,0.74,13.5,0.73,13.2,0.89,59.74,0.9,28.9,0.15,0.15,0.09352,1776215614000
1776215615.721,215.721,0.31,104.0,0.22,15.2,0.41,5.22,0.48,19.23,0.59,9.32,0.52,19.23,0.69,104.0,0.79,65.7,0.1,0.1,0.09352,1776215614000
1776215615.995,215.995,0.31,104.0,0.22,15.2,0.48,14.45,0.69,12.2,0.52,14.45,0.31,12.2,0.69,104.0,0.78,15.2,0.17,0.17,0.09352,1776215615000
1776215616.354,216.354,0.41,25.0,0.31,50.0,0.48,14.45,0.69,12.2,0.52,14.45,0.31,12.2,0.69,104.0,0.78,15.2,0.07,0.17,0.09352,1776215615000
1776215617.046,217.046,0.41,25.0,0.31,50.0,0.48,8.26,0.69,12.2,0.52,8.26,0.31,12.2,0.59,25.0,0.69,50.0,0.07,0.07,0.093528,1776215616000
1776215617.487,217.487,0.51,41.74,0.41,134.0,0.74,13.5,0.75,13.9,0.52,8.26,0.31,12.2,0.59,25.0,0.69,50.0,0.23,0.07,0.093528,1776215616000
1776215618.211,218.211,0.51,41.71,0.41,134.0,0.74,13.5,0.75,13.9,0.26,13.5,0.25,13.9,0.49,41.74,0.59,134.0,0.23,0.23,0.093528,1776215616000
1776215618.517,218.517,0.51,41.71,0.41,134.0,0.74,10.8,0.75,13.9,0.26,13.5,0.25,13.9,0.49,41.71,0.59,134.0,0.23,0.23,0.093528,1776215616000
1776215625.746,225.746,0.51,41.71,0.41,134.0,0.74,10.8,0.75,13.9,0.26,10.8,0.25,13.9,0.49,41.71,0.59,134.0,0.23,0.23,0.093568,1776215624000
1776215626.431,226.431,0.51,41.71,0.41,134.0,0.74,10.8,0.75,13.9,0.26,10.8,0.25,13.9,0.49,41.71,0.59,134.0,0.23,0.23,0.093568,1776215625000
1776215626.929,226.929,0.51,41.71,0.41,134.0,0.74,10.8,0.75,13.9,0.26,10.8,0.25,13.9,0.49,41.71,0.59,134.0,0.23,0.23,0.093567,1776215626000
1776215628.586,228.586,0.51,41.71,0.41,134.0,0.74,10.8,0.75,13.9,0.26,10.8,0.25,13.9,0.49,41.71,0.59,134.0,0.23,0.23,0.093568,1776215627000
1776215629.232,229.232,0.51,41.71,0.41,134.0,0.74,10.8,0.75,13.9,0.26,10.8,0.25,13.9,0.49,41.71,0.59,134.0,0.23,0.23,0.093568,1776215628000
1776215630.403,230.403,0.51,41.71,0.41,134.0,0.74,10.8,0.75,13.9,0.26,10.8,0.25,13.9,0.49,41.71,0.59,134.0,0.23,0.23,0.093569,1776215629000
1776215630.982,230.982,0.51,41.71,0.41,134.0,0.74,10.8,0.75,13.9,0.26,10.8,0.25,13.9,0.49,41.71,0.59,134.0,0.23,0.23,0.093569,1776215630000
1776215632.127,232.127,0.51,41.71,0.41,134.0,0.74,10.8,0.75,13.9,0.26,10.8,0.25,13.9,0.49,41.71,0.59,134.0,0.23,0.23,0.093569,1776215631000
1776215633.255,233.255,0.51,41.71,0.41,134.0,0.74,10.8,0.75,13.9,0.26,10.8,0.25,13.9,0.49,41.71,0.59,134.0,0.23,0.23,0.093568,1776215632000
1776215634.363,234.363,0.51,41.71,0.41,134.0,0.74,10.8,0.75,13.9,0.26,10.8,0.25,13.9,0.49,41.71,0.59,134.0,0.23,0.23,0.093569,1776215633000
1776215634.982,234.982,0.51,41.71,0.41,134.0,0.74,10.8,0.75,13.9,0.26,10.8,0.25,13.9,0.49,41.71,0.59,134.0,0.23,0.23,0.093569,1776215634000
1776215636.27,236.27,0.51,41.71,0.41,134.0,0.74,10.8,0.75,13.9,0.26,10.8,0.25,13.9,0.49,41.71,0.59,134.0,0.23,0.23,0.093569,1776215635000
1776215637.337,237.337,0.51,41.71,0.41,134.0,0.74,10.8,0.75,13.9,0.26,10.8,0.25,13.9,0.49,41.71,0.59,134.0,0.23,0.23,0.093569,1776215636000
1776215637.897,237.897,0.53,8.87,0.51,41.71,0.77,14.5,0.78,15.2,0.22,15.2,0.21,15.7,0.47,8.87,0.49,41.71,0.24,0.25,0.093569,1776215636000
1776215639.554,239.554,0.53,8.87,0.51,41.71,0.77,14.5,0.78,15.2,0.23,14.5,0.22,15.2,0.47,8.87,0.49,41.71,0.24,0.24,0.093572,1776215638000
1776215640.229,240.229,0.53,8.87,0.51,41.71,0.77,14.5,0.78,15.2,0.23,14.5,0.22,15.2,0.47,8.87,0.49,41.71,0.24,0.24,0.093569,1776215639000
1776215641.521,241.521,0.53,8.87,0.51,41.71,0.77,14.5,0.78,15.2,0.23,14.5,0.22,15.2,0.47,8.87,0.49,41.71,0.24,0.24,0.093564,1776215640000
1776215642.652,242.652,0.53,8.87,0.51,41.71,0.77,14.5,0.78,15.2,0.23,14.5,0.22,15.2,0.47,8.87,0.49,41.71,0.24,0.24,0.093557,1776215641000
1776215643.203,243.203,0.53,8.87,0.51,41.71,0.77,14.5,0.78,15.2,0.23,14.5,0.22,15.2,0.47,8.87,0.49,41.71,0.24,0.24,0.093559,1776215642000
1776215644.286,244.286,0.53,8.87,0.51,41.71,0.77,14.5,0.78,15.2,0.23,14.5,0.22,15.2,0.47,8.87,0.49,41.71,0.24,0.24,0.093559,1776215643000
1776215645.432,245.432,0.53,8.87,0.51,41.71,0.77,14.5,0.78,15.2,0.23,14.5,0.22,15.2,0.47,8.87,0.49,41.71,0.24,0.24,0.093558,1776215644000
1776215646.002,246.002,0.53,8.87,0.51,41.71,0.77,14.5,0.78,15.2,0.23,14.5,0.22,15.2,0.47,8.87,0.49,41.71,0.24,0.24,0.093557,1776215645000
1776215647.488,247.488,0.53,8.87,0.51,41.71,0.77,14.5,0.78,15.2,0.23,14.5,0.22,15.2,0.47,8.87,0.49,41.71,0.24,0.24,0.093557,1776215646000
1776215647.759,247.759,0.44,2.69,0.41,75.0,0.71,50.0,0.73,13.2,0.23,14.5,0.22,15.2,0.47,8.87,0.49,41.71,0.27,0.24,0.093557,1776215646000
1776215647.999,247.999,0.44,2.69,0.41,75.0,0.71,50.0,0.73,13.2,0.29,50.0,0.27,13.2,0.56,2.69,0.59,75.0,0.27,0.27,0.093557,1776215647000
1776215649.064,249.064,0.44,2.69,0.41,75.0,0.71,50.0,0.73,13.2,0.29,50.0,0.27,13.2,0.56,2.69,0.59,75.0,0.27,0.27,0.093555,1776215648000
1776215650.613,250.613,0.44,2.69,0.41,75.0,0.71,50.0,0.73,13.2,0.29,50.0,0.27,13.2,0.56,2.69,0.59,75.0,0.27,0.27,0.093545,1776215649000
1776215651.079,251.079,0.44,2.69,0.41,75.0,0.71,50.0,0.73,13.2,0.29,50.0,0.27,13.2,0.56,2.69,0.59,75.0,0.27,0.27,0.093545,1776215650000
1776215651.996,251.996,0.41,75.0,0.31,50.0,0.69,12.15,0.7,12.4,0.29,50.0,0.27,13.2,0.56,2.69,0.59,75.0,0.28,0.27,0.093545,1776215650000
1776215652.332,252.332,0.41,75.0,0.31,50.0,0.69,12.15,0.7,12.4,0.31,12.15,0.3,12.4,0.59,75.0,0.69,50.0,0.28,0.28,0.093546,1776215651000
1776215653.231,253.231,0.41,75.0,0.31,50.0,0.69,12.15,0.7,12.4,0.31,12.15,0.3,12.4,0.59,75.0,0.69,50.0,0.28,0.28,0.093546,1776215652000
1776215654.619,254.619,0.41,75.0,0.31,50.0,0.69,12.15,0.7,12.4,0.31,12.15,0.3,12.4,0.59,75.0,0.69,50.0,0.28,0.28,0.093556,1776215653000
1776215655.354,255.354,0.41,75.0,0.31,50.0,0.69,12.15,0.7,12.4,0.31,12.15,0.3,12.4,0.59,75.0,0.69,50.0,0.28,0.28,0.093556,1776215654000
1776215656.087,256.087,0.41,75.0,0.31,50.0,0.69,12.15,0.7,12.4,0.31,12.15,0.3,12.4,0.59,75.0,0.69,50.0,0.28,0.28,0.093556,1776215655000
1776215657.29,257.29,0.41,75.0,0.31,50.0,0.69,12.15,0.7,12.4,0.31,12.15,0.3,12.4,0.59,75.0,0.69,50.0,0.28,0.28,0.093557,1776215656000
1776215657.946,257.946,0.41,75.0,0.31,50.0,0.69,12.15,0.7,12.4,0.31,12.15,0.3,12.4,0.59,75.0,0.69,50.0,0.28,0.28,0.093557,1776215657000
1776215659.539,259.539,0.41,75.0,0.31,50.0,0.69,12.15,0.7,12.4,0.31,12.15,0.3,12.4,0.59,75.0,0.69,50.0,0.28,0.28,0.093557,1776215658000
1776215660.073,260.073,0.41,75.0,0.31,50.0,0.69,12.15,0.7,12.4,0.31,12.15,0.3,12.4,0.59,75.0,0.69,50.0,0.28,0.28,0.093557,1776215659000
1776215661.148,261.148,0.41,19.96,0.31,50.0,0.61,59.0,0.66,11.6,0.39,59.0,0.34,11.6,0.59,19.96,0.69,50.0,0.2,0.2,0.093548,1776215660000
1776215662.202,262.202,0.41,19.96,0.31,50.0,0.61,59.0,0.66,11.6,0.39,59.0,0.34,11.6,0.59,19.96,0.69,50.0,0.2,0.2,0.093545,1776215661000
1776215663.3,263.3,0.41,19.96,0.31,50.0,0.61,59.0,0.66,11.6,0.39,59.0,0.34,11.6,0.59,19.96,0.69,50.0,0.2,0.2,0.093543,1776215662000
1776215664.419,264.419,0.41,19.96,0.31,50.0,0.61,59.0,0.66,11.6,0.39,59.0,0.34,11.6,0.59,19.96,0.69,50.0,0.2,0.2,0.093542,1776215663000
1776215664.907,264.907,0.41,19.96,0.31,50.0,0.61,59.0,0.66,11.6,0.39,59.0,0.34,11.6,0.59,19.96,0.69,50.0,0.2,0.2,0.093542,1776215664000
1776215666.068,266.068,0.41,19.96,0.31,50.0,0.61,59.0,0.66,11.6,0.39,59.0,0.34,11.6,0.59,19.96,0.69,50.0,0.2,0.2,0.093542,1776215665000
1776215667.109,267.109,0.41,19.96,0.31,50.0,0.61,59.0,0.66,11.6,0.39,59.0,0.34,11.6,0.59,19.96,0.69,50.0,0.2,0.2,0.093543,1776215666000
1776215668.041,268.041,0.41,19.96,0.31,50.0,0.61,59.0,0.66,11.6,0.39,59.0,0.34,11.6,0.59,19.96,0.69,50.0,0.2,0.2,0.093543,1776215667000
1776215669.159,269.159,0.41,19.96,0.31,50.0,0.61,59.0,0.66,11.6,0.39,59.0,0.34,11.6,0.59,19.96,0.69,50.0,0.2,0.2,0.093543,1776215668000
1776215670.215,270.215,0.41,19.96,0.31,50.0,0.61,59.0,0.66,11.6,0.39,59.0,0.34,11.6,0.59,19.96,0.69,50.0,0.2,0.2,0.093543,1776215669000
1776215671.355,271.355,0.41,19.96,0.31,50.0,0.61,59.0,0.66,11.6,0.39,59.0,0.34,11.6,0.59,19.96,0.69,50.0,0.2,0.2,0.093545,1776215670000
1776215671.914,271.914,0.41,19.96,0.31,50.0,0.61,59.0,0.66,11.6,0.39,59.0,0.34,11.6,0.59,19.96,0.69,50.0,0.2,0.2,0.093545,1776215671000
1776215672.976,272.976,0.61,50.0,0.51,50.0,0.79,1.24,0.84,19.3,0.39,59.0,0.34,11.6,0.59,19.96,0.69,50.0,0.18,0.2,0.093545,1776215671000
1776215673.53,273.53,0.61,50.0,0.51,50.0,0.84,16.93,0.85,20.39,0.16,16.93,0.15,20.39,0.39,50.0,0.49,50.0,0.23,0.23,0.093545,1776215672000
1776215674.111,274.111,0.61,50.0,0.51,50.0,0.84,16.93,0.85,20.39,0.16,16.93,0.15,20.39,0.39,50.0,0.49,50.0,0.23,0.23,0.093546,1776215673000
1776215674.406,274.406,0.71,25.0,0.61,50.0,0.9,28.9,0.91,31.7,0.16,16.93,0.15,20.39,0.39,50.0,0.49,50.0,0.19,0.23,0.093546,1776215673000
1776215675.432,275.432,0.71,25.0,0.61,50.0,0.9,28.9,0.91,31.7,0.1,28.9,0.09,31.7,0.29,25.0,0.39,50.0,0.19,0.19,0.093571,1776215674000
1776215676.216,276.216,0.71,25.0,0.61,50.0,0.9,28.9,0.91,31.7,0.1,28.9,0.09,31.7,0.29,25.0,0.39,50.0,0.19,0.19,0.093577,1776215675000
1776215677.482,277.482,0.71,25.0,0.61,50.0,0.9,28.9,0.91,31.7,0.1,28.9,0.09,31.7,0.29,25.0,0.39,50.0,0.19,0.19,0.093579,1776215676000
1776215678.067,278.067,0.71,117.0,0.61,50.0,0.96,3.64,0.97,100.0,0.1,28.9,0.09,31.7,0.29,25.0,0.39,50.0,0.25,0.19,0.093579,1776215676000
1776215678.662,278.662,0.71,67.0,0.51,50.0,0.81,48.76,0.91,50.0,0.04,3.64,0.03,100.0,0.29,117.0,0.39,50.0,0.1,0.25,0.093579,1776215677000
1776215679.388,279.388,0.71,67.0,0.51,50.0,0.81,48.76,0.91,50.0,0.19,48.76,0.09,50.0,0.29,67.0,0.49,50.0,0.1,0.1,0.093579,1776215678000
1776215679.939,279.939,0.71,67.0,0.51,50.0,0.81,48.76,0.91,50.0,0.19,48.76,0.09,50.0,0.29,67.0,0.49,50.0,0.1,0.1,0.093584,1776215679000
1776215680.288,280.288,0.71,67.0,0.51,50.0,0.81,43.76,0.91,50.0,0.19,48.76,0.09,50.0,0.29,67.0,0.49,50.0,0.1,0.1,0.093584,1776215679000
1776215681.205,281.205,0.71,67.0,0.51,50.0,0.81,43.76,0.91,50.0,0.19,43.76,0.09,50.0,0.29,67.0,0.49,50.0,0.1,0.1,0.093573,1776215680000
1776215682.615,282.615,0.71,67.0,0.51,50.0,0.81,43.76,0.91,50.0,0.19,43.76,0.09,50.0,0.29,67.0,0.49,50.0,0.1,0.1,0.093577,1776215681000
1776215683.292,283.292,0.71,67.0,0.51,50.0,0.81,43.76,0.91,50.0,0.19,43.76,0.09,50.0,0.29,67.0,0.49,50.0,0.1,0.1,0.093577,1776215682000
1776215684.448,284.448,0.71,67.0,0.51,50.0,0.81,43.76,0.91,50.0,0.19,43.76,0.09,50.0,0.29,67.0,0.49,50.0,0.1,0.1,0.093578,1776215683000
1776215685.111,285.111,0.71,67.0,0.51,50.0,0.81,43.76,0.91,50.0,0.19,43.76,0.09,50.0,0.29,67.0,0.49,50.0,0.1,0.1,0.093578,1776215684000
1776215685.432,285.432,0.71,67.0,0.51,50.0,0.91,50.0,0.96,3.64,0.19,43.76,0.09,50.0,0.29,67.0,0.49,50.0,0.2,0.1,0.093578,1776215684000
1776215686.247,286.247,0.71,67.0,0.51,50.0,0.91,50.0,0.96,3.64,0.09,50.0,0.04,3.64,0.29,67.0,0.49,50.0,0.2,0.2,0.093577,1776215685000
1776215686.513,286.513,0.71,67.0,0.61,50.0,0.96,2.52,0.97,100.0,0.09,50.0,0.04,3.64,0.29,67.0,0.49,50.0,0.25,0.2,0.093577,1776215685000
1776215687.481,287.481,0.71,67.0,0.61,50.0,0.96,2.52,0.97,100.0,0.04,2.52,0.03,100.0,0.29,67.0,0.39,50.0,0.25,0.25,0.093571,1776215686000
1776215688.1,288.1,0.71,67.0,0.61,50.0,0.96,2.52,0.97,100.0,0.04,2.52,0.03,100.0,0.29,67.0,0.39,50.0,0.25,0.25,0.093572,1776215687000
1776215689.665,289.665,0.71,67.0,0.61,50.0,0.96,2.52,0.97,100.0,0.04,2.52,0.03,100.0,0.29,67.0,0.39,50.0,0.25,0.25,0.093571,1776215688000
1776215690.34,290.34,0.71,67.0,0.61,50.0,0.96,2.52,0.97,100.0,0.04,2.52,0.03,100.0,0.29,67.0,0.39,50.0,0.25,0.25,0.093572,1776215689000
1776215690.904,290.904,0.71,67.0,0.61,50.0,0.96,2.52,0.97,100.0,0.04,2.52,0.03,100.0,0.29,67.0,0.39,50.0,0.25,0.25,0.093572,1776215690000
1776215692.001,292.001,0.71,67.0,0.61,50.0,0.96,2.52,0.97,100.0,0.04,2.52,0.03,100.0,0.29,67.0,0.39,50.0,0.25,0.25,0.093576,1776215691000
1776215692.978,292.978,0.71,67.0,0.61,50.0,0.96,2.52,0.97,100.0,0.04,2.52,0.03,100.0,0.29,67.0,0.39,50.0,0.25,0.25,0.093576,1776215692000
1776215693.692,293.692,0.81,50.0,0.71,96.0,0.96,1.47,0.97,100.0,0.04,2.52,0.03,100.0,0.29,67.0,0.39,50.0,0.15,0.25,0.093576,1776215692000
1776215694.175,294.175,0.81,49.95,0.71,96.0,0.96,1.47,0.97,100.0,0.04,1.47,0.03,100.0,0.19,49.95,0.29,96.0,0.15,0.15,0.093576,1776215693000
1776215695.284,295.284,0.81,49.95,0.71,96.0,0.96,1.47,0.97,100.0,0.04,1.47,0.03,100.0,0.19,49.95,0.29,96.0,0.15,0.15,0.093576,1776215694000
1776215696.175,296.175,0.81,70.95,0.71,75.0,0.97,82.45,0.98,15.0,0.04,1.47,0.03,100.0,0.19,49.95,0.29,96.0,0.16,0.15,0.093576,1776215694000
1776215696.442,296.442,0.81,70.95,0.71,75.0,0.97,81.31,0.98,15.0,0.03,82.45,0.02,15.0,0.19,70.95,0.29,75.0,0.16,0.16,0.093576,1776215695000
1776215696.876,296.876,0.81,70.95,0.71,75.0,0.97,81.31,0.98,15.0,0.03,81.31,0.02,15.0,0.19,70.95,0.29,75.0,0.16,0.16,0.093577,1776215696000
1776215697.413,297.413,0.81,70.95,0.71,75.0,0.97,80.18,0.98,15.0,0.03,81.31,0.02,15.0,0.19,70.95,0.29,75.0,0.16,0.16,0.093577,1776215696000
1776215698.038,298.038,0.81,70.95,0.71,75.0,0.97,78.11,0.98,15.0,0.03,78.11,0.02,15.0,0.19,70.95,0.29,75.0,0.16,0.16,0.093578,1776215697000
1776215698.269,298.269,0.81,70.95,0.71,75.0,0.97,63.11,0.98,15.0,0.03,73.11,0.02,15.0,0.19,70.95,0.29,75.0,0.16,0.16,0.093578,1776215697000
1776215698.478,298.478,0.81,70.95,0.71,75.0,0.97,61.98,0.98,15.0,0.03,63.11,0.02,15.0,0.19,70.95,0.29,75.0,0.16,0.16,0.093578,1776215697000
1776215698.741,298.741,0.81,70.95,0.71,75.0,0.97,51.98,0.98,15.0,0.03,61.98,0.02,15.0,0.19,70.95,0.29,75.0,0.16,0.16,0.093578,1776215697000
1776215699.041,299.041,0.81,70.95,0.71,75.0,0.97,31.36,0.98,15.0,0.03,31.36,0.02,15.0,0.19,70.95,0.29,75.0,0.16,0.16,0.093578,1776215698000
1776215699.245,299.245,0.81,21.0,0.77,5.0,0.97,4.83,0.98,15.0,0.03,20.36,0.02,15.0,0.19,21.0,0.23,5.0,0.16,0.16,0.093578,1776215698000
1776215699.929,299.929,0.81,21.0,0.77,5.0,0.98,15.0,0.99,95.0,0.03,4.83,0.02,15.0,0.19,21.0,0.23,5.0,0.17,0.16,0.093578,1776215698000
1776215700.807,300.807,0.99,7550.3,0.97,5.15,,,,,,,,,0.01,147.01,0.03,5.15,,,0.09357,1776215699000

# RESULT,winner=Up,slug=doge-updown-5m-1776215400,ticks=323
