timestamp,elapsed_sec,up_bid_p1,up_bid_s1,up_bid_p2,up_bid_s2,up_ask_p1,up_ask_s1,up_ask_p2,up_ask_s2,down_bid_p1,down_bid_s1,down_bid_p2,down_bid_s2,down_ask_p1,down_ask_s1,down_ask_p2,down_ask_s2,up_spread,down_spread,doge_price,doge_oracle_ts
1776219901.501,1.501,0.33,300.0,0.31,375.0,0.49,5.0,0.67,300.0,0.51,5.0,0.5,8.01,0.67,300.0,0.69,375.0,0.16,0.16,0.093476,1776219900000
1776219901.802,1.802,0.33,300.0,0.31,375.0,0.49,5.0,0.67,300.0,0.51,5.0,0.5,8.01,0.67,300.0,0.69,375.0,0.16,0.16,0.093476,1776219900000
1776219902.437,2.437,0.33,300.0,0.31,375.0,0.49,5.0,0.67,300.0,0.51,5.0,0.33,300.0,0.67,300.0,0.69,375.0,0.16,0.16,0.093477,1776219901000
1776219903.094,3.094,0.33,300.0,0.31,375.0,0.49,5.0,0.67,300.0,0.51,5.0,0.33,300.0,0.67,300.0,0.69,375.0,0.16,0.16,0.093481,1776219902000
1776219904.248,4.248,0.33,300.0,0.31,375.0,0.49,5.0,0.67,300.0,0.51,5.0,0.33,300.0,0.67,300.0,0.69,375.0,0.16,0.16,0.093483,1776219903000
1776219905.333,5.333,0.33,300.0,0.31,375.0,0.49,5.0,0.67,300.0,0.51,5.0,0.33,300.0,0.67,300.0,0.69,375.0,0.16,0.16,0.093483,1776219904000
1776219905.939,5.939,0.33,300.0,0.31,375.0,0.49,5.0,0.67,300.0,0.51,5.0,0.33,300.0,0.67,300.0,0.69,375.0,0.16,0.16,0.093483,1776219905000
1776219906.195,6.195,0.46,5.0,0.42,5.0,0.48,5.0,0.49,5.0,0.51,5.0,0.33,300.0,0.67,300.0,0.69,375.0,0.02,0.16,0.093483,1776219905000
1776219906.989,6.989,0.46,5.0,0.42,5.0,0.48,5.0,0.49,5.0,0.52,5.0,0.51,5.0,0.54,5.0,0.58,5.0,0.02,0.02,0.093482,1776219906000
1776219908.509,8.509,0.46,5.0,0.42,5.0,0.48,5.0,0.49,5.0,0.52,5.0,0.51,5.0,0.54,5.0,0.58,5.0,0.02,0.02,0.093482,1776219907000
1776219909.135,9.135,0.46,5.0,0.42,5.0,0.48,5.0,0.49,5.0,0.52,5.0,0.51,5.0,0.54,5.0,0.58,5.0,0.02,0.02,0.093482,1776219908000
1776219910.285,10.285,0.46,5.0,0.42,5.0,0.48,5.0,0.49,5.0,0.52,5.0,0.51,5.0,0.54,5.0,0.58,5.0,0.02,0.02,0.093482,1776219909000
1776219911.183,11.183,0.47,9.96,0.42,10.0,0.48,5.0,0.52,15.0,0.52,5.0,0.51,5.0,0.54,5.0,0.58,5.0,0.01,0.02,0.093482,1776219909000
1776219911.47,11.47,0.47,9.96,0.42,10.0,0.48,5.0,0.52,15.0,0.52,5.0,0.48,15.0,0.53,9.96,0.58,10.0,0.01,0.01,0.093473,1776219910000
1776219912.015,12.015,0.47,9.96,0.42,10.0,0.48,5.0,0.52,15.0,0.52,5.0,0.48,15.0,0.53,9.96,0.58,10.0,0.01,0.01,0.093473,1776219911000
1776219912.29,12.29,0.47,9.96,0.42,10.0,0.48,3.5,0.52,15.0,0.52,5.0,0.48,15.0,0.53,9.96,0.58,10.0,0.01,0.01,0.093473,1776219911000
1776219913.363,13.363,0.47,9.96,0.42,10.0,0.48,3.5,0.52,15.0,0.52,3.5,0.48,15.0,0.53,9.96,0.58,10.0,0.01,0.01,0.093471,1776219912000
1776219914.655,14.655,0.47,9.96,0.42,10.0,0.48,3.5,0.52,15.0,0.52,3.5,0.48,15.0,0.53,9.96,0.58,10.0,0.01,0.01,0.09347,1776219913000
1776219915.271,15.271,0.47,9.96,0.42,10.0,0.48,3.5,0.52,15.0,0.52,3.5,0.48,15.0,0.53,9.96,0.58,10.0,0.01,0.01,0.09347,1776219914000
1776219915.8,15.8,0.47,4.96,0.42,10.0,0.48,3.5,0.52,5.0,0.52,3.5,0.48,15.0,0.53,9.96,0.58,10.0,0.01,0.01,0.09347,1776219914000
1776219916.72,16.72,0.47,4.96,0.42,10.0,0.48,3.5,0.52,5.0,0.52,3.5,0.48,5.0,0.53,4.96,0.58,10.0,0.01,0.01,0.093471,1776219915000
1776219917.319,17.319,0.47,4.96,0.42,10.0,0.48,3.5,0.52,5.0,0.52,3.5,0.48,5.0,0.53,4.96,0.58,10.0,0.01,0.01,0.09347,1776219916000
1776219918.492,18.492,0.47,4.96,0.42,10.0,0.48,3.5,0.52,5.0,0.52,3.5,0.48,5.0,0.53,4.96,0.58,10.0,0.01,0.01,0.093467,1776219917000
1776219919.029,19.029,0.47,4.96,0.42,10.0,0.48,3.5,0.52,5.0,0.52,3.5,0.48,5.0,0.53,4.96,0.58,10.0,0.01,0.01,0.093465,1776219918000
1776219920.222,20.222,0.47,4.96,0.42,10.0,0.48,3.5,0.52,5.0,0.52,3.5,0.48,5.0,0.53,4.96,0.58,10.0,0.01,0.01,0.093463,1776219919000
1776219921.386,21.386,0.47,4.96,0.42,10.0,0.48,3.5,0.52,5.0,0.52,3.5,0.48,5.0,0.53,4.96,0.58,10.0,0.01,0.01,0.093463,1776219920000
1776219922.381,22.381,0.47,4.96,0.42,10.0,0.48,3.5,0.52,5.0,0.52,3.5,0.48,5.0,0.53,4.96,0.58,10.0,0.01,0.01,0.093463,1776219921000
1776219922.967,22.967,0.47,4.96,0.42,10.0,0.48,3.5,0.52,5.0,0.52,3.5,0.48,5.0,0.53,4.96,0.58,10.0,0.01,0.01,0.093463,1776219922000
1776219924.028,24.028,0.47,4.96,0.42,10.0,0.48,3.5,0.52,5.0,0.52,3.5,0.48,5.0,0.53,4.96,0.58,10.0,0.01,0.01,0.093464,1776219923000
1776219925.069,25.069,0.47,4.96,0.42,10.0,0.52,3.5,0.54,5.0,0.52,3.5,0.48,5.0,0.53,4.96,0.58,10.0,0.05,0.01,0.093464,1776219923000
1776219926.139,26.139,0.47,4.96,0.42,10.0,0.52,3.5,0.54,5.0,0.48,3.5,0.46,5.0,0.53,4.96,0.58,10.0,0.05,0.05,0.093466,1776219925000
1776219927.189,27.189,0.47,4.96,0.42,10.0,0.52,3.5,0.54,5.0,0.48,3.5,0.46,5.0,0.53,4.96,0.58,10.0,0.05,0.05,0.093468,1776219926000
1776219928.326,28.326,0.47,4.96,0.42,10.0,0.52,3.5,0.54,5.0,0.48,3.5,0.46,5.0,0.53,4.96,0.58,10.0,0.05,0.05,0.093471,1776219927000
1776219928.663,28.663,0.42,5.0,0.38,10.0,0.48,5.0,0.51,50.0,0.48,3.5,0.46,5.0,0.53,4.96,0.58,10.0,0.06,0.05,0.093471,1776219927000
1776219929.477,29.477,0.42,5.0,0.38,10.0,0.48,5.0,0.51,50.0,0.52,5.0,0.49,50.0,0.58,5.0,0.62,10.0,0.06,0.06,0.093471,1776219928000
1776219930.051,30.051,0.42,5.0,0.38,10.0,0.48,5.0,0.51,50.0,0.52,5.0,0.49,50.0,0.58,5.0,0.62,10.0,0.06,0.06,0.093472,1776219929000
1776219930.568,30.568,0.34,20.0,0.32,26.0,0.44,5.0,0.46,25.0,0.52,5.0,0.49,50.0,0.58,5.0,0.62,10.0,0.1,0.06,0.093472,1776219929000
1776219931.087,31.087,0.34,20.0,0.32,26.0,0.44,5.0,0.46,25.0,0.56,5.0,0.54,25.0,0.66,20.0,0.68,26.0,0.1,0.1,0.093454,1776219930000
1776219932.34,32.34,0.34,20.0,0.32,26.0,0.44,5.0,0.46,25.0,0.56,5.0,0.54,25.0,0.66,20.0,0.68,26.0,0.1,0.1,0.093449,1776219931000
1776219933.447,33.447,0.34,20.0,0.32,26.0,0.44,5.0,0.46,25.0,0.56,5.0,0.54,25.0,0.66,20.0,0.68,26.0,0.1,0.1,0.093448,1776219932000
1776219933.962,33.962,0.34,20.0,0.32,26.0,0.44,5.0,0.46,25.0,0.56,5.0,0.54,25.0,0.66,20.0,0.68,26.0,0.1,0.1,0.093448,1776219933000
1776219935.164,35.164,0.34,20.0,0.32,26.0,0.44,5.0,0.46,25.0,0.56,5.0,0.54,25.0,0.66,20.0,0.68,26.0,0.1,0.1,0.093447,1776219934000
1776219936.315,36.315,0.34,20.0,0.32,26.0,0.44,5.0,0.46,25.0,0.56,5.0,0.54,25.0,0.66,20.0,0.68,26.0,0.1,0.1,0.093448,1776219935000
1776219936.919,36.919,0.34,20.0,0.32,26.0,0.44,5.0,0.46,25.0,0.56,5.0,0.54,25.0,0.66,20.0,0.68,26.0,0.1,0.1,0.093449,1776219936000
1776219938.109,38.109,0.34,20.0,0.32,26.0,0.44,5.0,0.46,25.0,0.56,5.0,0.54,25.0,0.66,20.0,0.68,26.0,0.1,0.1,0.093448,1776219937000
1776219939.387,39.387,0.34,20.0,0.32,26.0,0.44,5.0,0.46,25.0,0.56,5.0,0.54,25.0,0.66,20.0,0.68,26.0,0.1,0.1,0.093452,1776219938000
1776219939.974,39.974,0.34,20.0,0.32,26.0,0.44,5.0,0.46,25.0,0.56,5.0,0.54,25.0,0.66,20.0,0.68,26.0,0.1,0.1,0.093453,1776219939000
1776219941.04,41.04,0.34,20.0,0.32,26.0,0.44,5.0,0.46,25.0,0.56,5.0,0.54,25.0,0.66,20.0,0.68,26.0,0.1,0.1,0.093432,1776219940000
1776219942.367,42.367,0.34,20.0,0.32,26.0,0.44,5.0,0.46,25.0,0.56,5.0,0.54,25.0,0.66,20.0,0.68,26.0,0.1,0.1,0.093432,1776219941000
1776219943.452,43.452,0.34,20.0,0.32,26.0,0.44,5.0,0.46,25.0,0.56,5.0,0.54,25.0,0.66,20.0,0.68,26.0,0.1,0.1,0.093436,1776219942000
1776219944.044,44.044,0.34,20.0,0.32,26.0,0.44,5.0,0.46,25.0,0.56,5.0,0.54,25.0,0.66,20.0,0.68,26.0,0.1,0.1,0.093439,1776219943000
1776219945.196,45.196,0.34,20.0,0.32,26.0,0.44,5.0,0.46,25.0,0.56,5.0,0.54,25.0,0.66,20.0,0.68,26.0,0.1,0.1,0.093445,1776219944000
1776219946.483,46.483,0.34,20.0,0.32,26.0,0.44,5.0,0.46,25.0,0.56,5.0,0.54,25.0,0.66,20.0,0.68,26.0,0.1,0.1,0.093446,1776219945000
1776219947.147,47.147,0.34,20.0,0.32,26.0,0.44,5.0,0.46,25.0,0.56,5.0,0.54,25.0,0.66,20.0,0.68,26.0,0.1,0.1,0.09345,1776219946000
1776219948.448,48.448,0.34,20.0,0.32,26.0,0.44,5.0,0.46,25.0,0.56,5.0,0.54,25.0,0.66,20.0,0.68,26.0,0.1,0.1,0.09345,1776219947000
1776219949.073,49.073,0.34,20.0,0.32,26.0,0.44,5.0,0.46,25.0,0.56,5.0,0.54,25.0,0.66,20.0,0.68,26.0,0.1,0.1,0.09345,1776219948000
1776219950.1,50.1,0.34,20.0,0.32,26.0,0.44,5.0,0.46,25.0,0.56,5.0,0.54,25.0,0.66,20.0,0.68,26.0,0.1,0.1,0.093457,1776219949000
1776219951.643,51.643,0.34,20.0,0.32,26.0,0.44,5.0,0.46,25.0,0.56,5.0,0.54,25.0,0.66,20.0,0.68,26.0,0.1,0.1,0.093456,1776219950000
1776219952.542,52.542,0.34,20.0,0.32,26.0,0.44,5.0,0.46,25.0,0.56,5.0,0.54,25.0,0.66,20.0,0.68,26.0,0.1,0.1,0.09345,1776219951000
1776219953.221,53.221,0.34,20.0,0.32,26.0,0.44,5.0,0.46,25.0,0.56,5.0,0.54,25.0,0.66,20.0,0.68,26.0,0.1,0.1,0.093449,1776219952000
1776219954.668,54.668,0.34,20.0,0.32,26.0,0.44,5.0,0.46,25.0,0.56,5.0,0.54,25.0,0.66,20.0,0.68,26.0,0.1,0.1,0.09344,1776219953000
1776219955.313,55.313,0.34,20.0,0.32,26.0,0.44,5.0,0.46,25.0,0.56,5.0,0.54,25.0,0.66,20.0,0.68,26.0,0.1,0.1,0.093439,1776219954000
1776219956.011,56.011,0.34,20.0,0.32,26.0,0.44,5.0,0.46,25.0,0.56,5.0,0.54,25.0,0.66,20.0,0.68,26.0,0.1,0.1,0.093439,1776219955000
1776219957.406,57.406,0.34,20.0,0.32,26.0,0.44,5.0,0.46,25.0,0.56,5.0,0.54,25.0,0.66,20.0,0.68,26.0,0.1,0.1,0.09344,1776219956000
1776219958.359,58.359,0.34,20.0,0.32,26.0,0.44,5.0,0.46,25.0,0.56,5.0,0.54,25.0,0.66,20.0,0.68,26.0,0.1,0.1,0.09344,1776219957000
1776219958.958,58.958,0.34,20.0,0.32,26.0,0.44,5.0,0.46,25.0,0.56,5.0,0.54,25.0,0.66,20.0,0.68,26.0,0.1,0.1,0.093446,1776219958000
1776219960.134,60.134,0.34,20.0,0.32,26.0,0.44,5.0,0.46,25.0,0.56,5.0,0.54,25.0,0.66,20.0,0.68,26.0,0.1,0.1,0.093446,1776219959000
1776219961.334,61.334,0.34,20.0,0.32,26.0,0.44,5.0,0.46,25.0,0.56,5.0,0.54,25.0,0.66,20.0,0.68,26.0,0.1,0.1,0.093445,1776219960000
1776219962.155,62.155,0.34,20.0,0.32,26.0,0.44,5.0,0.46,25.0,0.56,5.0,0.54,25.0,0.66,20.0,0.68,26.0,0.1,0.1,0.093446,1776219961000
1776219963.698,63.698,0.34,20.0,0.32,26.0,0.44,5.0,0.46,25.0,0.56,5.0,0.54,25.0,0.66,20.0,0.68,26.0,0.1,0.1,0.093447,1776219962000
1776219964.197,64.197,0.34,20.0,0.32,26.0,0.44,5.0,0.46,25.0,0.56,5.0,0.54,25.0,0.66,20.0,0.68,26.0,0.1,0.1,0.09345,1776219963000
1776219965.302,65.302,0.34,20.0,0.32,26.0,0.44,5.0,0.46,25.0,0.56,5.0,0.54,25.0,0.66,20.0,0.68,26.0,0.1,0.1,0.093445,1776219964000
1776219966.325,66.325,0.34,20.0,0.32,26.0,0.44,5.0,0.46,25.0,0.56,5.0,0.54,25.0,0.66,20.0,0.68,26.0,0.1,0.1,0.093438,1776219965000
1776219966.822,66.822,0.34,20.0,0.32,26.0,0.44,5.0,0.46,25.0,0.56,5.0,0.54,25.0,0.66,20.0,0.68,26.0,0.1,0.1,0.093438,1776219966000
1776219967.9,67.9,0.34,20.0,0.32,26.0,0.44,5.0,0.46,25.0,0.56,5.0,0.54,25.0,0.66,20.0,0.68,26.0,0.1,0.1,0.093438,1776219967000
1776219968.97,68.97,0.34,20.0,0.32,26.0,0.44,5.0,0.46,25.0,0.56,5.0,0.54,25.0,0.66,20.0,0.68,26.0,0.1,0.1,0.093437,1776219968000
1776219969.917,69.917,0.34,20.0,0.32,26.0,0.44,5.0,0.46,25.0,0.56,5.0,0.54,25.0,0.66,20.0,0.68,26.0,0.1,0.1,0.093437,1776219969000
1776219970.921,70.921,0.34,20.0,0.32,26.0,0.44,5.0,0.46,25.0,0.56,5.0,0.54,25.0,0.66,20.0,0.68,26.0,0.1,0.1,0.093437,1776219970000
1776219971.915,71.915,0.34,20.0,0.32,26.0,0.44,5.0,0.46,25.0,0.56,5.0,0.54,25.0,0.66,20.0,0.68,26.0,0.1,0.1,0.093437,1776219971000
1776219972.987,72.987,0.34,20.0,0.32,26.0,0.44,5.0,0.46,25.0,0.56,5.0,0.54,25.0,0.66,20.0,0.68,26.0,0.1,0.1,0.093438,1776219972000
1776219973.894,73.894,0.34,20.0,0.32,26.0,0.44,5.0,0.46,25.0,0.56,5.0,0.54,25.0,0.66,20.0,0.68,26.0,0.1,0.1,0.093438,1776219973000
1776219975.035,75.035,0.34,20.0,0.32,26.0,0.44,5.0,0.46,25.0,0.56,5.0,0.54,25.0,0.66,20.0,0.68,26.0,0.1,0.1,0.093435,1776219974000
1776219976.095,76.095,0.34,20.0,0.32,26.0,0.44,5.0,0.46,25.0,0.56,5.0,0.54,25.0,0.66,20.0,0.68,26.0,0.1,0.1,0.093433,1776219975000
1776219977.726,77.726,0.34,20.0,0.32,26.0,0.44,5.0,0.46,25.0,0.56,5.0,0.54,25.0,0.66,20.0,0.68,26.0,0.1,0.1,0.093432,1776219976000
1776219978.74,78.74,0.23,6.57,0.2,15.0,0.26,22.0,0.31,10.0,0.74,22.0,0.71,5.0,0.77,11.57,0.8,15.0,0.03,0.03,0.093432,1776219976000
1776219979.82,79.82,0.23,6.57,0.2,15.0,0.26,22.0,0.31,10.0,0.74,22.0,0.69,10.0,0.77,6.57,0.8,15.0,0.03,0.03,0.093409,1776219978000
1776219980.757,80.757,0.23,6.57,0.2,15.0,0.26,22.0,0.31,10.0,0.74,22.0,0.69,10.0,0.77,6.57,0.8,15.0,0.03,0.03,0.093407,1776219979000
1776219981.706,81.706,0.23,6.57,0.2,15.0,0.26,22.0,0.31,10.0,0.74,22.0,0.69,10.0,0.77,6.57,0.8,15.0,0.03,0.03,0.093404,1776219980000
1776219982.798,82.798,0.23,6.57,0.2,15.0,0.26,22.0,0.31,10.0,0.74,22.0,0.69,10.0,0.77,6.57,0.8,15.0,0.03,0.03,0.093405,1776219981000
1776219983.831,83.831,0.23,6.57,0.2,15.0,0.26,22.0,0.31,10.0,0.74,22.0,0.69,10.0,0.77,6.57,0.8,15.0,0.03,0.03,0.093405,1776219982000
1776219984.841,84.841,0.23,6.57,0.2,15.0,0.26,22.0,0.31,10.0,0.74,22.0,0.69,10.0,0.77,6.57,0.8,15.0,0.03,0.03,0.093403,1776219983000
1776219985.844,85.844,0.23,6.57,0.2,15.0,0.26,22.0,0.31,10.0,0.74,22.0,0.69,10.0,0.77,6.57,0.8,15.0,0.03,0.03,0.093403,1776219984000
1776219986.83,86.83,0.23,6.57,0.2,15.0,0.26,22.0,0.31,10.0,0.74,22.0,0.69,10.0,0.77,6.57,0.8,15.0,0.03,0.03,0.093404,1776219985000
1776219987.699,87.699,0.17,4.05,0.16,19.3,0.25,21.0,0.28,12.9,0.74,22.0,0.69,10.0,0.77,6.57,0.8,15.0,0.08,0.03,0.093404,1776219985000
1776219989.036,89.036,0.17,4.05,0.16,19.3,0.25,21.0,0.28,12.9,0.75,21.0,0.72,12.9,0.83,4.05,0.84,19.3,0.08,0.08,0.093404,1776219987000
1776219990.093,90.093,0.17,4.05,0.16,19.3,0.25,21.0,0.28,12.9,0.75,21.0,0.72,12.9,0.83,4.05,0.84,19.3,0.08,0.08,0.093403,1776219988000
1776219991.0,91.0,0.17,4.05,0.16,19.3,0.25,21.0,0.28,12.9,0.75,21.0,0.72,12.9,0.83,4.05,0.84,19.3,0.08,0.08,0.093403,1776219989000
1776219992.16,92.16,0.17,4.05,0.16,19.3,0.25,21.0,0.28,12.9,0.75,21.0,0.72,12.9,0.83,4.05,0.84,19.3,0.08,0.08,0.093403,1776219990000
1776219993.322,93.322,0.17,4.05,0.16,19.3,0.25,21.0,0.28,12.9,0.75,21.0,0.72,12.9,0.83,4.05,0.84,19.3,0.08,0.08,0.093403,1776219992000
1776219994.017,94.017,0.15,2.64,0.12,45.6,0.19,23.0,0.24,20.0,0.75,21.0,0.72,12.9,0.83,4.05,0.84,19.3,0.04,0.08,0.093403,1776219992000
1776219994.402,94.402,0.15,2.64,0.12,45.6,0.19,23.0,0.24,20.0,0.81,23.0,0.76,20.0,0.85,2.64,0.88,45.6,0.04,0.04,0.093403,1776219993000
1776219995.262,95.262,0.15,2.64,0.12,45.6,0.19,23.0,0.24,20.0,0.81,23.0,0.76,20.0,0.85,2.64,0.88,45.6,0.04,0.04,0.093401,1776219994000
1776219995.893,95.893,0.11,26.6,0.1,53.9,0.19,6.26,0.23,34.7,0.81,23.0,0.76,20.0,0.85,2.64,0.88,45.6,0.08,0.04,0.093401,1776219994000
1776219997.233,97.233,0.11,26.6,0.1,53.9,0.19,6.26,0.23,34.7,0.81,6.26,0.77,34.7,0.89,26.6,0.9,53.9,0.08,0.08,0.093387,1776219996000
1776219999.209,99.209,0.11,26.6,0.1,53.9,0.19,6.26,0.23,34.7,0.81,6.26,0.77,34.7,0.89,26.6,0.9,53.9,0.08,0.08,0.093376,1776219997000
1776219999.797,99.797,0.11,26.6,0.1,53.9,0.19,6.26,0.23,34.7,0.81,6.26,0.77,34.7,0.89,26.6,0.9,53.9,0.08,0.08,0.093375,1776219998000
1776220000.53,100.53,0.11,26.6,0.1,53.9,0.19,6.26,0.23,34.7,0.81,6.26,0.77,34.7,0.89,26.6,0.9,53.9,0.08,0.08,0.093375,1776219999000
1776220001.378,101.378,0.11,26.6,0.1,53.9,0.19,6.26,0.23,34.7,0.81,6.26,0.77,34.7,0.89,26.6,0.9,53.9,0.08,0.08,0.093376,1776220000000
1776220002.569,102.569,0.11,26.6,0.1,53.9,0.19,6.26,0.23,34.7,0.81,6.26,0.77,34.7,0.89,26.6,0.9,53.9,0.08,0.08,0.093384,1776220001000
1776220003.129,103.129,0.11,26.6,0.1,53.9,0.19,6.26,0.23,34.7,0.81,6.26,0.77,34.7,0.89,26.6,0.9,53.9,0.08,0.08,0.09339,1776220002000
1776220004.309,104.309,0.11,26.6,0.1,53.9,0.19,6.26,0.23,34.7,0.81,6.26,0.77,34.7,0.89,26.6,0.9,53.9,0.08,0.08,0.09339,1776220003000
1776220005.322,105.322,0.11,26.6,0.1,53.9,0.19,6.26,0.23,34.7,0.81,6.26,0.77,34.7,0.89,26.6,0.9,53.9,0.08,0.08,0.09339,1776220004000
1776220006.926,106.926,0.11,26.6,0.1,53.9,0.19,6.26,0.23,34.7,0.81,6.26,0.77,34.7,0.89,26.6,0.9,53.9,0.08,0.08,0.09339,1776220005000
1776220007.303,107.303,0.11,26.6,0.1,53.9,0.19,6.26,0.23,34.7,0.81,6.26,0.77,34.7,0.89,26.6,0.9,53.9,0.08,0.08,0.093388,1776220006000
1776220007.977,107.977,0.11,26.6,0.1,53.9,0.19,6.26,0.23,34.7,0.81,6.26,0.77,34.7,0.89,26.6,0.9,53.9,0.08,0.08,0.093389,1776220007000
1776220009.18,109.18,0.11,26.6,0.1,53.9,0.19,6.26,0.23,34.7,0.81,6.26,0.77,34.7,0.89,26.6,0.9,53.9,0.08,0.08,0.09339,1776220008000
1776220010.284,110.284,0.11,26.6,0.1,53.9,0.19,6.26,0.23,34.7,0.81,6.26,0.77,34.7,0.89,26.6,0.9,53.9,0.08,0.08,0.09339,1776220009000
1776220011.299,111.299,0.11,26.6,0.1,53.9,0.19,6.26,0.23,34.7,0.81,6.26,0.77,34.7,0.89,26.6,0.9,53.9,0.08,0.08,0.093391,1776220010000
1776220012.476,112.476,0.11,26.6,0.1,53.9,0.19,6.26,0.23,34.7,0.81,6.26,0.77,34.7,0.89,26.6,0.9,53.9,0.08,0.08,0.09339,1776220011000
1776220012.987,112.987,0.11,26.6,0.1,53.9,0.19,6.26,0.23,34.7,0.81,6.26,0.77,34.7,0.89,26.6,0.9,53.9,0.08,0.08,0.09339,1776220012000
1776220014.154,114.154,0.11,26.6,0.1,53.9,0.19,6.26,0.23,34.7,0.81,6.26,0.77,34.7,0.89,26.6,0.9,53.9,0.08,0.08,0.09339,1776220013000
1776220015.214,115.214,0.11,26.6,0.1,53.9,0.19,6.26,0.23,34.7,0.81,6.26,0.77,34.7,0.89,26.6,0.9,53.9,0.08,0.08,0.09339,1776220014000
1776220016.297,116.297,0.11,26.6,0.1,53.9,0.19,6.26,0.23,34.7,0.81,6.26,0.77,34.7,0.89,26.6,0.9,53.9,0.08,0.08,0.093386,1776220015000
1776220017.679,117.679,0.11,26.6,0.1,53.9,0.19,6.26,0.23,34.7,0.81,6.26,0.77,34.7,0.89,26.6,0.9,53.9,0.08,0.08,0.093372,1776220016000
1776220018.6,118.6,0.11,26.6,0.1,53.9,0.19,6.26,0.23,34.7,0.81,6.26,0.77,34.7,0.89,26.6,0.9,53.9,0.08,0.08,0.09337,1776220017000
1776220019.202,119.202,0.11,26.6,0.1,53.9,0.19,6.26,0.23,34.7,0.81,6.26,0.77,34.7,0.89,26.6,0.9,53.9,0.08,0.08,0.093372,1776220018000
1776220020.52,120.52,0.11,26.6,0.1,53.9,0.19,6.26,0.23,34.7,0.81,6.26,0.77,34.7,0.89,26.6,0.9,53.9,0.08,0.08,0.093377,1776220019000
1776220021.172,121.172,0.11,26.6,0.1,53.9,0.19,6.26,0.23,34.7,0.81,6.26,0.77,34.7,0.89,26.6,0.9,53.9,0.08,0.08,0.093377,1776220020000
1776220022.378,122.378,0.11,26.6,0.1,53.9,0.19,6.26,0.23,34.7,0.81,6.26,0.77,34.7,0.89,26.6,0.9,53.9,0.08,0.08,0.093379,1776220021000
1776220022.981,122.981,0.11,26.6,0.1,53.9,0.19,6.26,0.23,34.7,0.81,6.26,0.77,34.7,0.89,26.6,0.9,53.9,0.08,0.08,0.093379,1776220022000
1776220023.624,123.624,0.11,25.47,0.1,33.9,0.19,15.0,0.2,5.0,0.81,6.26,0.77,34.7,0.89,26.6,0.9,53.9,0.08,0.08,0.093379,1776220022000
1776220024.284,124.284,0.11,25.47,0.1,33.9,0.19,15.0,0.2,5.0,0.81,15.0,0.8,5.0,0.89,25.47,0.9,33.9,0.08,0.08,0.093383,1776220023000
1776220025.57,125.57,0.11,25.47,0.1,33.9,0.19,15.0,0.2,5.0,0.81,15.0,0.8,5.0,0.89,25.47,0.9,33.9,0.08,0.08,0.09339,1776220024000
1776220026.249,126.249,0.11,25.47,0.1,33.9,0.19,15.0,0.2,5.0,0.81,15.0,0.8,5.0,0.89,25.47,0.9,33.9,0.08,0.08,0.093388,1776220025000
1776220027.405,127.405,0.11,25.47,0.1,33.9,0.19,15.0,0.2,5.0,0.81,15.0,0.8,5.0,0.89,25.47,0.9,33.9,0.08,0.08,0.093382,1776220026000
1776220028.004,128.004,0.11,25.47,0.1,33.9,0.19,15.0,0.2,5.0,0.81,15.0,0.8,5.0,0.89,25.47,0.9,33.9,0.08,0.08,0.093383,1776220027000
1776220029.117,129.117,0.11,25.47,0.1,33.9,0.19,15.0,0.2,5.0,0.81,15.0,0.8,5.0,0.89,25.47,0.9,33.9,0.08,0.08,0.093382,1776220028000
1776220030.324,130.324,0.11,25.47,0.1,33.9,0.19,15.0,0.2,5.0,0.81,15.0,0.8,5.0,0.89,25.47,0.9,33.9,0.08,0.08,0.093382,1776220029000
1776220030.967,130.967,0.11,25.47,0.1,33.9,0.19,15.0,0.2,5.0,0.81,15.0,0.8,5.0,0.89,25.47,0.9,33.9,0.08,0.08,0.093382,1776220030000
1776220032.138,132.138,0.11,25.47,0.1,33.9,0.19,15.0,0.2,5.0,0.81,15.0,0.8,5.0,0.89,25.47,0.9,33.9,0.08,0.08,0.093381,1776220031000
1776220033.775,133.775,0.11,25.47,0.1,33.9,0.19,15.0,0.2,5.0,0.81,15.0,0.8,5.0,0.89,25.47,0.9,33.9,0.08,0.08,0.093377,1776220032000
1776220034.225,134.225,0.11,25.47,0.1,33.9,0.19,15.0,0.2,5.0,0.81,15.0,0.8,5.0,0.89,25.47,0.9,33.9,0.08,0.08,0.09338,1776220033000
1776220035.229,135.229,0.11,25.47,0.1,33.9,0.19,15.0,0.2,5.0,0.81,15.0,0.8,5.0,0.89,25.47,0.9,33.9,0.08,0.08,0.09338,1776220034000
1776220036.276,136.276,0.11,25.47,0.1,33.9,0.19,15.0,0.2,5.0,0.81,15.0,0.8,5.0,0.89,25.47,0.9,33.9,0.08,0.08,0.09338,1776220035000
1776220037.26,137.26,0.11,25.47,0.1,33.9,0.19,15.0,0.2,5.0,0.81,15.0,0.8,5.0,0.89,25.47,0.9,33.9,0.08,0.08,0.093374,1776220036000
1776220038.286,138.286,0.11,25.47,0.1,33.9,0.19,15.0,0.2,5.0,0.81,15.0,0.8,5.0,0.89,25.47,0.9,33.9,0.08,0.08,0.093369,1776220037000
1776220038.646,138.646,0.06,35.87,0.05,54.7,0.11,26.6,0.12,24.6,0.81,15.0,0.8,5.0,0.89,25.47,0.9,33.9,0.05,0.08,0.093369,1776220037000
1776220039.219,139.219,0.06,35.87,0.05,54.7,0.11,26.6,0.12,24.6,0.89,26.6,0.88,24.6,0.94,35.87,0.95,54.7,0.05,0.05,0.093368,1776220038000
1776220040.274,140.274,0.06,35.87,0.05,54.7,0.11,26.6,0.12,24.6,0.89,26.6,0.88,24.6,0.94,35.87,0.95,54.7,0.05,0.05,0.093369,1776220039000
1776220041.26,141.26,0.06,35.87,0.05,54.7,0.11,26.6,0.12,24.6,0.89,26.6,0.88,24.6,0.94,35.87,0.95,54.7,0.05,0.05,0.093366,1776220040000
1776220042.284,142.284,0.06,35.87,0.05,54.7,0.11,26.6,0.12,24.6,0.89,26.6,0.88,24.6,0.94,35.87,0.95,54.7,0.05,0.05,0.093362,1776220041000
1776220043.002,143.002,0.04,70.61,0.03,226.83,0.09,31.7,0.1,28.9,0.89,26.6,0.88,24.6,0.94,35.87,0.95,54.7,0.05,0.05,0.093362,1776220041000
1776220043.322,143.322,0.04,70.61,0.03,226.83,0.09,31.7,0.1,28.9,0.91,31.7,0.9,28.9,0.96,70.61,0.97,226.83,0.05,0.05,0.093361,1776220042000
1776220043.823,143.823,0.04,70.61,0.03,226.83,0.09,31.7,0.1,28.9,0.91,31.7,0.9,28.9,0.96,70.61,0.97,226.83,0.05,0.05,0.093361,1776220043000
1776220045.255,145.255,0.04,70.61,0.03,226.83,0.09,31.7,0.1,28.9,0.91,31.7,0.9,28.9,0.96,70.61,0.97,226.83,0.05,0.05,0.093361,1776220044000
1776220046.791,146.791,0.03,209.74,0.02,252.69,0.07,39.9,0.08,35.29,0.93,39.9,0.92,35.29,0.97,209.74,0.98,252.69,0.04,0.04,0.093345,1776220045000
1776220047.265,147.265,0.03,209.74,0.02,252.69,0.07,39.9,0.08,35.29,0.93,39.9,0.92,35.29,0.97,209.74,0.98,252.69,0.04,0.04,0.093344,1776220046000
1776220048.376,148.376,0.03,208.7,0.02,147.69,0.06,46.1,0.07,39.9,0.94,46.1,0.93,39.9,0.97,208.7,0.98,147.69,0.03,0.03,0.093342,1776220047000
1776220048.833,148.833,0.03,208.7,0.02,147.69,0.06,46.1,0.07,39.9,0.94,46.1,0.93,39.9,0.97,208.7,0.98,147.69,0.03,0.03,0.09334,1776220048000
1776220049.964,149.964,0.03,208.7,0.02,147.69,0.06,46.1,0.07,39.9,0.94,46.1,0.93,39.9,0.97,208.7,0.98,147.69,0.03,0.03,0.09334,1776220049000
1776220050.96,150.96,0.03,208.7,0.02,147.69,0.06,46.1,0.07,39.9,0.94,46.1,0.93,39.9,0.97,208.7,0.98,147.69,0.03,0.03,0.09334,1776220050000
1776220052.121,152.121,0.03,208.7,0.02,147.69,0.06,46.1,0.07,39.9,0.94,46.1,0.93,39.9,0.97,208.7,0.98,147.69,0.03,0.03,0.09334,1776220051000
1776220053.09,153.09,0.03,208.7,0.02,147.69,0.06,46.1,0.07,39.9,0.94,46.1,0.93,39.9,0.97,208.7,0.98,147.69,0.03,0.03,0.093343,1776220052000
1776220054.11,154.11,0.03,208.7,0.02,147.69,0.06,46.1,0.07,39.9,0.94,46.1,0.93,39.9,0.97,208.7,0.98,147.69,0.03,0.03,0.093343,1776220053000
1776220055.194,155.194,0.03,208.7,0.02,147.69,0.06,46.1,0.07,39.9,0.94,46.1,0.93,39.9,0.97,208.7,0.98,147.69,0.03,0.03,0.093343,1776220054000
1776220056.256,156.256,0.03,208.7,0.02,147.69,0.06,46.1,0.07,39.9,0.94,46.1,0.93,39.9,0.97,208.7,0.98,147.69,0.03,0.03,0.09334,1776220055000
1776220057.301,157.301,0.03,208.7,0.02,147.69,0.06,46.1,0.07,39.9,0.94,46.1,0.93,39.9,0.97,208.7,0.98,147.69,0.03,0.03,0.093336,1776220056000
1776220058.156,158.156,0.03,208.7,0.02,147.69,0.06,46.1,0.07,39.9,0.94,46.1,0.93,39.9,0.97,208.7,0.98,147.69,0.03,0.03,0.093335,1776220057000
1776220059.175,159.175,0.03,208.7,0.02,147.69,0.06,46.1,0.07,39.9,0.94,46.1,0.93,39.9,0.97,208.7,0.98,147.69,0.03,0.03,0.093337,1776220058000
1776220060.073,160.073,0.03,208.7,0.02,147.69,0.06,46.1,0.07,39.9,0.94,46.1,0.93,39.9,0.97,208.7,0.98,147.69,0.03,0.03,0.093337,1776220059000
1776220061.029,161.029,0.03,208.7,0.02,147.69,0.06,46.1,0.07,39.9,0.94,46.1,0.93,39.9,0.97,208.7,0.98,147.69,0.03,0.03,0.093337,1776220060000
1776220062.105,162.105,0.03,208.7,0.02,147.69,0.06,46.1,0.07,39.9,0.94,46.1,0.93,39.9,0.97,208.7,0.98,147.69,0.03,0.03,0.093334,1776220061000
1776220063.126,163.126,0.03,208.7,0.02,147.69,0.06,46.1,0.07,39.9,0.94,46.1,0.93,39.9,0.97,208.7,0.98,147.69,0.03,0.03,0.093334,1776220062000
1776220064.14,164.14,0.03,208.7,0.02,147.69,0.06,46.1,0.07,39.9,0.94,46.1,0.93,39.9,0.97,208.7,0.98,147.69,0.03,0.03,0.093338,1776220063000
1776220064.516,164.516,0.03,107.82,0.02,147.69,0.04,72.7,0.05,59.7,0.94,46.1,0.93,39.9,0.97,208.7,0.98,147.69,0.01,0.03,0.093338,1776220063000
1776220065.14,165.14,0.03,107.82,0.02,147.69,0.04,72.7,0.05,59.7,0.96,72.7,0.95,59.7,0.97,107.82,0.98,147.69,0.01,0.01,0.093338,1776220064000
1776220066.246,166.246,0.03,107.82,0.02,147.69,0.04,72.7,0.05,59.7,0.96,72.7,0.95,59.7,0.97,107.82,0.98,147.69,0.01,0.01,0.09334,1776220065000
1776220067.291,167.291,0.03,107.82,0.02,147.69,0.04,72.7,0.05,59.7,0.96,72.7,0.95,59.7,0.97,107.82,0.98,147.69,0.01,0.01,0.093338,1776220066000
1776220067.499,167.499,0.03,89.65,0.02,15.0,0.04,72.7,0.05,59.7,0.96,72.7,0.95,59.7,0.97,107.82,0.98,147.69,0.01,0.01,0.093338,1776220066000
1776220067.897,167.897,0.03,74.65,0.02,15.0,0.04,72.7,0.05,59.7,0.96,72.7,0.95,59.7,0.97,89.65,0.98,15.0,0.01,0.01,0.093338,1776220066000
1776220068.232,168.232,0.03,74.65,0.02,15.0,0.04,72.7,0.05,59.7,0.96,72.7,0.95,59.7,0.97,74.65,0.98,15.0,0.01,0.01,0.093335,1776220067000
1776220069.172,169.172,0.03,74.65,0.02,15.0,0.04,72.7,0.05,59.7,0.96,72.7,0.95,59.7,0.97,74.65,0.98,15.0,0.01,0.01,0.093333,1776220068000
1776220069.394,169.394,0.03,42.83,0.02,15.0,0.04,72.7,0.05,59.7,0.96,72.7,0.95,59.7,0.97,74.65,0.98,15.0,0.01,0.01,0.093333,1776220068000
1776220070.234,170.234,0.03,42.83,0.02,15.0,0.04,72.7,0.05,59.7,0.96,72.7,0.95,59.7,0.97,42.83,0.98,15.0,0.01,0.01,0.09333,1776220069000
1776220071.2,171.2,0.03,42.83,0.02,15.0,0.04,72.7,0.05,59.7,0.96,72.7,0.95,59.7,0.97,42.83,0.98,15.0,0.01,0.01,0.09333,1776220070000
1776220072.247,172.247,0.03,11.94,0.02,15.0,0.04,72.7,0.05,59.7,0.96,72.7,0.95,59.7,0.97,11.94,0.98,15.0,0.01,0.01,0.09333,1776220071000
1776220073.315,173.315,0.03,11.94,0.02,15.0,0.04,72.7,0.05,59.7,0.96,72.7,0.95,59.7,0.97,11.94,0.98,15.0,0.01,0.01,0.09333,1776220072000
1776220074.276,174.276,0.02,15.0,0.01,637.6,0.04,72.7,0.05,59.7,0.96,72.7,0.95,59.7,0.97,11.94,0.98,15.0,0.02,0.01,0.09333,1776220072000
1776220074.803,174.803,0.02,15.0,0.01,637.6,0.04,72.7,0.05,59.7,0.96,72.7,0.95,59.7,0.98,15.0,0.99,637.6,0.02,0.02,0.093329,1776220073000
1776220075.509,175.509,0.02,15.0,0.01,637.6,0.04,72.7,0.05,59.7,0.96,72.7,0.95,59.7,0.98,15.0,0.99,637.6,0.02,0.02,0.093329,1776220074000
1776220076.176,176.176,0.02,15.0,0.01,637.6,0.04,72.7,0.05,59.7,0.96,72.7,0.95,59.7,0.98,15.0,0.99,637.6,0.02,0.02,0.093329,1776220075000
1776220077.472,177.472,0.02,15.0,0.01,637.6,0.04,72.7,0.05,59.7,0.96,72.7,0.95,59.7,0.98,15.0,0.99,637.6,0.02,0.02,0.093329,1776220076000
1776220078.155,178.155,0.02,15.0,0.01,637.6,0.04,72.7,0.05,59.7,0.96,72.7,0.95,59.7,0.98,15.0,0.99,637.6,0.02,0.02,0.093329,1776220077000
1776220079.435,179.435,0.02,15.0,0.01,637.6,0.04,72.7,0.05,59.7,0.96,72.7,0.95,59.7,0.98,15.0,0.99,637.6,0.02,0.02,0.093329,1776220078000
1776220080.317,180.317,0.01,637.6,,,0.03,5.0,0.04,72.7,0.97,5.0,0.96,72.7,0.99,637.6,,,0.02,0.02,0.093332,1776220079000
1776220081.14,181.14,0.01,586.6,,,0.03,94.3,0.04,72.7,0.97,5.0,0.96,72.7,0.99,637.6,,,0.02,0.02,0.093332,1776220079000
1776220081.694,181.694,0.01,586.6,,,0.03,94.3,0.04,72.7,0.97,94.3,0.96,72.7,0.99,586.6,,,0.02,0.02,0.09334,1776220080000
1776220082.319,182.319,0.01,586.6,,,0.03,94.3,0.04,72.7,0.97,94.3,0.96,72.7,0.99,586.6,,,0.02,0.02,0.093342,1776220081000
1776220083.149,183.149,0.01,586.6,,,0.03,94.3,0.04,72.7,0.97,94.3,0.96,72.7,0.99,586.6,,,0.02,0.02,0.093341,1776220082000
1776220084.413,184.413,0.01,586.6,,,0.03,94.3,0.04,72.7,0.97,94.3,0.96,72.7,0.99,586.6,,,0.02,0.02,0.093361,1776220083000
1776220084.641,184.641,0.02,132.69,0.01,611.6,0.04,5.0,0.05,50.0,0.97,94.3,0.96,72.7,0.99,586.6,,,0.02,0.02,0.093361,1776220083000
1776220084.993,184.993,0.02,124.71,0.01,406.6,0.04,5.0,0.05,5.0,0.96,5.0,0.95,50.0,0.98,132.69,0.99,611.6,0.02,0.02,0.093361,1776220083000
1776220085.711,185.711,0.03,71.78,0.02,124.71,0.04,5.0,0.05,5.0,0.96,5.0,0.95,5.0,0.98,124.71,0.99,406.6,0.01,0.02,0.093364,1776220084000
1776220085.973,185.973,0.03,40.85,0.02,124.71,0.04,5.0,0.05,5.0,0.96,5.0,0.95,5.0,0.97,71.78,0.98,124.71,0.01,0.01,0.093364,1776220084000
1776220086.567,186.567,0.03,40.85,0.02,124.71,0.04,5.0,0.05,5.0,0.96,5.0,0.95,5.0,0.97,40.85,0.98,124.71,0.01,0.01,0.093368,1776220085000
1776220087.187,187.187,0.03,40.85,0.02,124.71,0.04,5.0,0.05,5.0,0.96,5.0,0.95,5.0,0.97,40.85,0.98,124.71,0.01,0.01,0.093367,1776220086000
1776220087.539,187.539,0.03,40.85,0.02,124.71,0.05,5.0,0.08,35.29,0.96,5.0,0.95,5.0,0.97,40.85,0.98,124.71,0.02,0.01,0.093367,1776220086000
1776220088.499,188.499,0.03,40.85,0.02,124.71,0.05,5.0,0.08,35.29,0.95,5.0,0.92,35.29,0.97,40.85,0.98,124.71,0.02,0.02,0.093365,1776220087000
1776220089.086,189.086,0.03,40.85,0.02,124.71,0.05,5.0,0.08,35.29,0.95,5.0,0.92,35.29,0.97,40.85,0.98,124.71,0.02,0.02,0.093365,1776220088000
1776220090.837,190.837,0.03,40.85,0.02,124.71,0.05,5.0,0.08,35.29,0.95,5.0,0.92,35.29,0.97,40.85,0.98,124.71,0.02,0.02,0.093367,1776220089000
1776220091.391,191.391,0.03,40.85,0.02,124.71,0.05,5.0,0.08,35.29,0.95,5.0,0.92,35.29,0.97,40.85,0.98,124.71,0.02,0.02,0.093366,1776220090000
1776220091.964,191.964,0.03,40.85,0.02,124.71,0.05,5.0,0.08,35.29,0.95,5.0,0.92,35.29,0.97,40.85,0.98,124.71,0.02,0.02,0.093366,1776220091000
1776220093.159,193.159,0.03,40.85,0.02,124.71,0.06,46.1,0.07,39.9,0.94,46.1,0.93,39.9,0.97,40.85,0.98,124.71,0.03,0.03,0.093366,1776220092000
1776220094.171,194.171,0.03,40.85,0.02,124.71,0.06,46.1,0.07,39.9,0.94,46.1,0.93,39.9,0.97,40.85,0.98,124.71,0.03,0.03,0.093366,1776220093000
1776220095.2,195.2,0.03,40.85,0.02,124.71,0.06,46.1,0.07,39.9,0.94,46.1,0.93,39.9,0.97,40.85,0.98,124.71,0.03,0.03,0.093365,1776220094000
1776220096.379,196.379,0.03,40.85,0.02,124.71,0.06,46.1,0.07,39.9,0.94,46.1,0.93,39.9,0.97,40.85,0.98,124.71,0.03,0.03,0.093365,1776220095000
1776220096.995,196.995,0.03,40.85,0.02,124.71,0.06,46.1,0.07,39.9,0.94,46.1,0.93,39.9,0.97,40.85,0.98,124.71,0.03,0.03,0.093366,1776220096000
1776220098.102,198.102,0.03,40.85,0.02,124.71,0.06,46.1,0.07,39.9,0.94,46.1,0.93,39.9,0.97,40.85,0.98,124.71,0.03,0.03,0.093365,1776220097000
1776220099.187,199.187,0.03,40.85,0.02,124.71,0.06,46.1,0.07,39.9,0.94,46.1,0.93,39.9,0.97,40.85,0.98,124.71,0.03,0.03,0.093365,1776220098000
1776220100.202,200.202,0.03,40.85,0.02,124.71,0.06,46.1,0.07,39.9,0.94,46.1,0.93,39.9,0.97,40.85,0.98,124.71,0.03,0.03,0.093365,1776220099000
1776220101.381,201.381,0.03,40.85,0.02,124.71,0.06,46.1,0.07,39.9,0.94,46.1,0.93,39.9,0.97,40.85,0.98,124.71,0.03,0.03,0.093364,1776220100000
1776220102.492,202.492,0.03,40.85,0.02,124.71,0.06,46.1,0.07,39.9,0.94,46.1,0.93,39.9,0.97,40.85,0.98,124.71,0.03,0.03,0.093365,1776220101000
1776220103.009,203.009,0.03,40.85,0.02,124.71,0.06,46.1,0.07,39.9,0.94,46.1,0.93,39.9,0.97,40.85,0.98,124.71,0.03,0.03,0.093368,1776220102000
1776220104.128,204.128,0.03,40.85,0.02,124.71,0.06,46.1,0.07,39.9,0.94,46.1,0.93,39.9,0.97,40.85,0.98,124.71,0.03,0.03,0.093368,1776220103000
1776220105.407,205.407,0.03,40.85,0.02,124.71,0.06,46.1,0.07,39.9,0.94,46.1,0.93,39.9,0.97,40.85,0.98,124.71,0.03,0.03,0.093368,1776220104000
1776220106.347,206.347,0.03,40.85,0.02,124.71,0.06,46.1,0.07,39.9,0.94,46.1,0.93,39.9,0.97,40.85,0.98,124.71,0.03,0.03,0.093369,1776220105000
1776220107.001,207.001,0.03,40.85,0.02,124.71,0.06,46.1,0.07,39.9,0.94,46.1,0.93,39.9,0.97,40.85,0.98,124.71,0.03,0.03,0.093368,1776220106000
1776220108.78,208.78,0.03,40.85,0.02,124.71,0.06,46.1,0.07,39.9,0.94,46.1,0.93,39.9,0.97,40.85,0.98,124.71,0.03,0.03,0.093368,1776220107000
1776220109.54,209.54,0.03,40.85,0.02,124.71,0.06,46.1,0.07,39.9,0.94,46.1,0.93,39.9,0.97,40.85,0.98,124.71,0.03,0.03,0.093368,1776220108000
1776220110.291,210.291,0.03,40.85,0.02,124.71,0.06,46.1,0.07,39.9,0.94,46.1,0.93,39.9,0.97,40.85,0.98,124.71,0.03,0.03,0.093368,1776220109000
1776220111.839,211.839,0.03,40.85,0.02,124.71,0.06,46.1,0.07,39.9,0.94,46.1,0.93,39.9,0.97,40.85,0.98,124.71,0.03,0.03,0.093367,1776220110000
1776220112.617,212.617,0.03,40.85,0.02,124.71,0.06,46.1,0.07,39.9,0.94,46.1,0.93,39.9,0.97,40.85,0.98,124.71,0.03,0.03,0.093368,1776220111000
1776220113.331,213.331,0.03,40.85,0.02,124.71,0.06,46.1,0.07,39.9,0.94,46.1,0.93,39.9,0.97,40.85,0.98,124.71,0.03,0.03,0.093368,1776220112000
1776220114.14,214.14,0.03,40.85,0.02,124.71,0.06,46.1,0.07,39.9,0.94,46.1,0.93,39.9,0.97,40.85,0.98,124.71,0.03,0.03,0.093368,1776220113000
1776220115.704,215.704,0.03,40.85,0.02,124.71,0.06,46.1,0.07,39.9,0.94,46.1,0.93,39.9,0.97,40.85,0.98,124.71,0.03,0.03,0.09337,1776220114000
1776220116.738,216.738,0.01,18.75,,,0.02,137.69,0.03,94.3,0.98,137.69,0.97,94.3,0.99,18.75,,,0.01,0.01,0.093367,1776220115000
1776220117.295,217.295,0.01,18.75,,,0.02,137.69,0.03,94.3,0.98,137.69,0.97,94.3,0.99,18.75,,,0.01,0.01,0.093331,1776220116000
1776220118.152,218.152,0.01,18.75,,,0.02,137.69,0.03,94.3,0.98,137.69,0.97,94.3,0.99,18.75,,,0.01,0.01,0.093322,1776220117000
1776220119.823,219.823,0.01,18.75,,,0.02,137.69,0.03,94.3,0.98,137.69,0.97,94.3,0.99,18.75,,,0.01,0.01,0.093319,1776220118000
1776220120.524,220.524,0.01,18.75,,,0.02,137.69,0.03,94.3,0.98,137.69,0.97,94.3,0.99,18.75,,,0.01,0.01,0.093319,1776220119000
1776220121.288,221.288,0.01,13.75,,,0.02,137.69,0.03,94.3,0.98,137.69,0.97,94.3,0.99,13.75,,,0.01,0.01,0.093325,1776220120000
1776220122.767,222.767,,,,,0.02,137.69,0.03,94.3,0.98,137.69,0.97,94.3,0.99,13.75,,,,0.01,0.093325,1776220120000
1776220123.531,223.531,,,,,0.02,137.69,0.03,94.3,0.98,137.69,0.97,94.3,,,,,,,0.093317,1776220122000
1776220124.321,224.321,,,,,0.02,137.69,0.03,94.3,0.98,137.69,0.97,94.3,,,,,,,0.093315,1776220123000
1776220125.668,225.668,,,,,0.02,137.69,0.03,94.3,0.98,137.69,0.97,94.3,,,,,,,0.093316,1776220124000
1776220126.268,226.268,,,,,0.02,137.69,0.03,94.3,0.98,137.69,0.97,94.3,,,,,,,0.093317,1776220125000
1776220126.951,226.951,,,,,0.02,137.69,0.03,94.3,0.98,137.69,0.97,94.3,,,,,,,0.093317,1776220126000
1776220127.406,227.406,,,,,0.01,195.24,0.02,132.69,0.98,137.69,0.97,94.3,,,,,,,0.093317,1776220126000
1776220128.016,228.016,,,,,0.01,195.24,0.02,132.69,0.99,195.24,0.98,132.69,,,,,,,0.093317,1776220127000
1776220129.313,229.313,,,,,0.01,195.24,0.02,132.69,0.99,195.24,0.98,132.69,,,,,,,0.093317,1776220128000
1776220129.821,229.821,,,,,0.01,195.24,0.02,132.69,0.99,195.24,0.98,132.69,,,,,,,0.093317,1776220129000
1776220130.949,230.949,,,,,0.01,195.24,0.02,132.69,0.99,195.24,0.98,132.69,,,,,,,0.093317,1776220130000
1776220132.146,232.146,,,,,0.01,195.24,0.02,132.69,0.99,195.24,0.98,132.69,,,,,,,0.093314,1776220131000
1776220133.33,233.33,,,,,0.01,195.24,0.02,132.69,0.99,195.24,0.98,132.69,,,,,,,0.093311,1776220132000
1776220134.508,234.508,,,,,0.01,195.24,0.02,132.69,0.99,195.24,0.98,132.69,,,,,,,0.093309,1776220133000
1776220135.047,235.047,,,,,0.01,195.24,0.02,132.69,0.99,195.24,0.98,132.69,,,,,,,0.093309,1776220134000
1776220136.121,236.121,,,,,0.01,195.24,0.02,132.69,0.99,195.24,0.98,132.69,,,,,,,0.093308,1776220135000
1776220137.275,237.275,,,,,0.01,195.24,0.02,132.69,0.99,195.24,0.98,132.69,,,,,,,0.093308,1776220136000
1776220138.492,238.492,,,,,0.01,195.24,0.02,132.69,0.99,195.24,0.98,132.69,,,,,,,0.093297,1776220137000
1776220139.068,239.068,,,,,0.01,195.24,0.02,132.69,0.99,195.24,0.98,132.69,,,,,,,0.093296,1776220138000
1776220140.055,240.055,,,,,0.01,195.24,0.02,132.69,0.99,195.24,0.98,132.69,,,,,,,0.093301,1776220139000
1776220141.066,241.066,,,,,0.01,195.24,0.02,132.69,0.99,195.24,0.98,132.69,,,,,,,0.093301,1776220140000
1776220142.155,242.155,,,,,0.01,195.24,0.02,132.69,0.99,195.24,0.98,132.69,,,,,,,0.093301,1776220141000
1776220143.16,243.16,,,,,0.01,195.24,0.02,132.69,0.99,195.24,0.98,132.69,,,,,,,0.093299,1776220142000
1776220144.207,244.207,,,,,0.01,195.24,0.02,132.69,0.99,195.24,0.98,132.69,,,,,,,0.093299,1776220143000
1776220145.423,245.423,,,,,0.01,195.24,0.02,132.69,0.99,195.24,0.98,132.69,,,,,,,0.093299,1776220144000
1776220146.328,246.328,,,,,0.01,195.24,0.02,132.69,0.99,195.24,0.98,132.69,,,,,,,0.0933,1776220145000
1776220147.063,247.063,,,,,0.01,195.24,0.02,132.69,0.99,195.24,0.98,132.69,,,,,,,0.093301,1776220146000
1776220148.053,248.053,,,,,0.01,195.24,0.02,132.69,0.99,195.24,0.98,132.69,,,,,,,0.093301,1776220147000
1776220149.227,249.227,,,,,0.01,195.24,0.02,132.69,0.99,195.24,0.98,132.69,,,,,,,0.093305,1776220148000
1776220150.302,250.302,,,,,0.01,195.24,0.02,132.69,0.99,195.24,0.98,132.69,,,,,,,0.09331,1776220149000
1776220151.342,251.342,,,,,0.01,195.24,0.02,132.69,0.99,195.24,0.98,132.69,,,,,,,0.09331,1776220150000
1776220151.884,251.884,,,,,0.01,195.24,0.02,132.69,0.99,195.24,0.98,132.69,,,,,,,0.093309,1776220151000
1776220152.971,252.971,,,,,0.01,195.24,0.02,132.69,0.99,195.24,0.98,132.69,,,,,,,0.093309,1776220152000
1776220153.871,253.871,,,,,0.01,195.24,0.02,132.69,0.99,195.24,0.98,132.69,,,,,,,0.093309,1776220153000
1776220155.163,255.163,,,,,0.01,195.24,0.02,132.69,0.99,195.24,0.98,132.69,,,,,,,0.09331,1776220154000
1776220162.634,262.634,,,,,0.01,195.24,0.02,132.69,0.99,195.24,0.98,132.69,,,,,,,0.093339,1776220161000
1776220163.32,263.32,,,,,0.01,195.24,0.02,132.69,0.99,195.24,0.98,132.69,,,,,,,0.09334,1776220162000
1776220163.998,263.998,,,,,0.01,195.24,0.02,132.69,0.99,195.24,0.98,132.69,,,,,,,0.09334,1776220163000
1776220165.439,265.439,,,,,0.01,195.24,0.02,132.69,0.99,195.24,0.98,132.69,,,,,,,0.09334,1776220164000
1776220166.163,266.163,,,,,0.01,195.24,0.02,132.69,0.99,195.24,0.98,132.69,,,,,,,0.093339,1776220165000
1776220167.592,267.592,,,,,0.01,195.24,0.02,132.69,0.99,195.24,0.98,132.69,,,,,,,0.093339,1776220166000
1776220168.292,268.292,,,,,0.01,195.24,0.02,132.69,0.99,195.24,0.98,132.69,,,,,,,0.093339,1776220167000
1776220169.66,269.66,,,,,0.01,195.24,0.02,132.69,0.99,195.24,0.98,132.69,,,,,,,0.093339,1776220168000
1776220170.406,270.406,,,,,0.01,195.24,0.02,132.69,0.99,195.24,0.98,132.69,,,,,,,0.09334,1776220169000
1776220171.153,271.153,,,,,0.01,195.24,0.02,132.69,0.99,195.24,0.98,132.69,,,,,,,0.093345,1776220170000
1776220172.481,272.481,,,,,0.01,195.24,0.02,132.69,0.99,195.24,0.98,132.69,,,,,,,0.093347,1776220171000
1776220173.435,273.435,,,,,0.01,195.24,0.02,132.69,0.99,195.24,0.98,132.69,,,,,,,0.093347,1776220172000
1776220173.867,273.867,,,,,0.01,195.24,0.02,132.69,0.99,195.24,0.98,132.69,,,,,,,0.093346,1776220173000
1776220174.944,274.944,,,,,0.01,195.24,0.02,132.69,0.99,195.24,0.98,132.69,,,,,,,0.093347,1776220174000
1776220176.036,276.036,,,,,0.01,195.24,0.02,132.69,0.99,195.24,0.98,132.69,,,,,,,0.093346,1776220175000
1776220177.0,277.0,,,,,0.01,195.24,0.02,132.69,0.99,195.24,0.98,132.69,,,,,,,0.093347,1776220176000
1776220178.087,278.087,,,,,0.01,195.24,0.02,132.69,0.99,195.24,0.98,132.69,,,,,,,0.093347,1776220177000
1776220179.206,279.206,,,,,0.01,195.24,0.02,132.69,0.99,195.24,0.98,132.69,,,,,,,0.093347,1776220178000
1776220180.318,280.318,,,,,0.01,195.24,0.02,132.69,0.99,195.24,0.98,132.69,,,,,,,0.093348,1776220179000
1776220181.939,281.939,,,,,0.01,195.24,0.02,132.69,0.99,195.24,0.98,132.69,,,,,,,0.093348,1776220181000
1776220183.136,283.136,,,,,0.01,195.24,0.02,132.69,0.99,195.24,0.98,132.69,,,,,,,0.093347,1776220182000
1776220184.302,284.302,,,,,0.01,195.24,0.02,132.69,0.99,195.24,0.98,132.69,,,,,,,0.093346,1776220183000
1776220185.397,285.397,,,,,0.01,195.24,0.02,132.69,0.99,195.24,0.98,132.69,,,,,,,0.093345,1776220184000
1776220185.889,285.889,,,,,0.01,195.24,0.02,132.69,0.99,195.24,0.98,132.69,,,,,,,0.093345,1776220185000
1776220186.97,286.97,,,,,0.01,195.24,0.02,132.69,0.99,195.24,0.98,132.69,,,,,,,0.093345,1776220186000
1776220188.489,288.489,,,,,0.01,195.24,0.02,132.69,0.99,195.24,0.98,132.69,,,,,,,0.093345,1776220187000
1776220188.955,288.955,,,,,0.01,195.24,0.02,132.69,0.99,195.24,0.98,132.69,,,,,,,0.093345,1776220188000
1776220190.069,290.069,,,,,0.01,195.24,0.02,132.69,0.99,195.24,0.98,132.69,,,,,,,0.093344,1776220189000
1776220191.218,291.218,,,,,0.01,195.24,0.02,132.69,0.99,195.24,0.98,132.69,,,,,,,0.093348,1776220190000
1776220192.443,292.443,,,,,0.01,195.24,0.02,132.69,0.99,195.24,0.98,132.69,,,,,,,0.093348,1776220191000
1776220193.025,293.025,,,,,0.01,195.24,0.02,132.69,0.99,195.24,0.98,132.69,,,,,,,0.093348,1776220192000
1776220194.287,294.287,,,,,0.01,195.24,0.02,132.69,0.99,195.24,0.98,132.69,,,,,,,0.093304,1776220193000
1776220194.935,294.935,,,,,0.01,195.24,0.02,132.69,0.99,195.24,0.98,132.69,,,,,,,0.093303,1776220194000
1776220196.191,296.191,,,,,0.01,195.24,0.02,132.69,0.99,195.24,0.98,132.69,,,,,,,0.093306,1776220195000
1776220197.293,297.293,,,,,0.01,195.24,0.02,132.69,0.99,195.24,0.98,132.69,,,,,,,0.093306,1776220196000
1776220197.892,297.892,,,,,0.01,195.24,0.02,132.69,0.99,195.24,0.98,132.69,,,,,,,0.093306,1776220197000
1776220199.117,299.117,,,,,0.01,195.24,0.02,132.69,0.99,195.24,0.98,132.69,,,,,,,0.093304,1776220198000
1776220200.238,300.238,,,,,0.01,195.24,0.02,132.69,0.99,195.24,0.98,132.69,,,,,,,0.093299,1776220199000

# RESULT,winner=Down,slug=doge-updown-5m-1776219900,ticks=314
