timestamp,elapsed_sec,up_bid_p1,up_bid_s1,up_bid_p2,up_bid_s2,up_ask_p1,up_ask_s1,up_ask_p2,up_ask_s2,down_bid_p1,down_bid_s1,down_bid_p2,down_bid_s2,down_ask_p1,down_ask_s1,down_ask_p2,down_ask_s2,up_spread,down_spread,doge_price,doge_oracle_ts
1776353701.042,1.042,0.41,37.0,0.4,33.0,0.52,5.15,0.59,37.0,0.48,5.15,0.41,37.0,0.59,37.0,0.6,33.0,0.11,0.11,0.096063,1776353700000
1776353704.914,4.914,0.5,2.8,0.47,8.0,0.63,6.86,0.67,5.0,0.48,5.15,0.41,37.0,0.59,37.0,0.6,33.0,0.13,0.11,0.096098,1776353703000
1776353713.494,13.494,0.6,10.0,0.57,10.0,0.69,6.55,0.74,5.0,0.37,6.86,0.33,5.0,0.5,2.8,0.53,8.0,0.09,0.13,0.096111,1776353712000
1776353716.264,16.264,0.58,5.23,0.56,5.0,0.67,15.0,0.72,25.0,0.31,6.55,0.26,5.0,0.4,10.0,0.43,10.0,0.09,0.09,0.09613,1776353715000
1776353718.323,18.323,0.6,10.0,0.57,5.0,0.74,11.82,0.8,8.0,0.33,15.0,0.28,25.0,0.42,5.23,0.44,5.0,0.14,0.09,0.096123,1776353717000
1776353722.589,22.589,0.48,5.0,0.47,8.0,0.71,35.91,0.74,8.0,0.26,11.82,0.2,8.0,0.4,10.0,0.43,5.0,0.23,0.14,0.096121,1776353721000
1776353734.124,34.124,0.53,3.17,0.51,10.0,0.62,10.0,0.67,5.0,0.29,35.91,0.26,8.0,0.52,5.0,0.53,8.0,0.09,0.23,0.096085,1776353732000
1776353773.892,73.892,0.66,10.0,0.63,5.0,0.76,12.18,0.77,24.7,0.38,10.0,0.33,5.0,0.47,3.17,0.49,10.0,0.1,0.09,0.096154,1776353772000
1776353792.508,92.508,0.54,5.65,0.53,13.0,0.66,21.6,0.67,11.8,0.24,12.18,0.23,24.7,0.34,10.0,0.37,5.0,0.12,0.1,0.096104,1776353791000
1776353802.697,102.697,0.41,50.0,0.36,11.3,0.55,22.0,0.59,8.0,0.34,21.6,0.33,11.8,0.46,5.65,0.47,13.0,0.14,0.12,0.09607,1776353801000
1776353804.033,104.033,0.52,8.0,0.51,58.0,0.55,17.0,0.71,12.6,0.45,22.0,0.41,8.0,0.59,50.0,0.64,11.3,0.03,0.14,0.09607,1776353802000
1776353804.539,104.539,0.51,55.0,0.41,50.0,0.55,15.18,0.75,13.9,0.45,17.0,0.29,12.6,0.48,8.0,0.49,58.0,0.04,0.03,0.096055,1776353803000
1776353807.332,107.332,0.81,20.0,0.71,60.0,0.91,11.0,0.92,12.0,0.25,13.9,0.24,17.18,0.39,44.82,0.49,55.0,0.1,0.14,0.096116,1776353805000
1776353807.685,107.685,0.81,5.0,0.71,60.0,0.91,6.16,0.92,12.0,0.09,6.16,0.08,12.0,0.19,20.0,0.29,60.0,0.1,0.1,0.096197,1776353806000
1776353808.217,108.217,0.81,5.0,0.71,60.0,0.92,8.16,0.93,14.0,0.09,1.16,0.08,12.0,0.19,5.0,0.29,60.0,0.11,0.1,0.096259,1776353807000
1776353808.722,108.722,0.81,5.0,0.71,60.0,0.93,14.0,0.94,62.1,0.08,8.16,0.07,14.0,0.19,5.0,0.29,60.0,0.12,0.11,0.096259,1776353807000
1776353813.555,113.555,0.81,55.0,0.79,8.0,0.93,9.0,0.94,16.0,0.07,14.0,0.06,62.1,0.19,5.0,0.29,60.0,0.12,0.12,0.09633,1776353812000
1776353816.088,116.088,0.93,6.28,0.81,55.0,0.94,7.45,0.95,20.0,0.06,14.9,0.05,20.0,0.19,55.0,0.21,8.0,0.01,0.13,0.096472,1776353814000
1776353819.599,119.599,0.93,6.28,0.85,8.0,0.94,27.0,0.95,20.0,0.05,20.0,0.04,50.0,0.07,6.28,0.15,8.0,0.01,0.02,0.096673,1776353818000
1776353820.688,120.688,0.81,55.0,0.79,8.0,0.94,27.0,0.95,20.0,0.06,27.0,0.05,20.0,0.07,6.28,0.15,8.0,0.13,0.01,0.096652,1776353819000
1776353821.249,121.249,0.81,55.0,0.79,8.0,0.94,3.83,0.95,20.0,0.06,27.0,0.05,20.0,0.19,55.0,0.21,8.0,0.13,0.13,0.096655,1776353820000
1776353821.818,121.818,0.81,55.0,0.79,8.0,0.96,31.72,0.97,40.0,0.06,3.83,0.05,20.0,0.19,55.0,0.21,8.0,0.15,0.13,0.096655,1776353820000
1776353828.375,128.375,0.92,5.0,0.86,5.0,0.97,38.4,0.98,65.0,0.04,31.72,0.03,40.0,0.19,55.0,0.21,8.0,0.05,0.15,0.096603,1776353827000
1776353830.319,130.319,0.81,45.0,0.79,23.7,0.97,38.4,0.98,65.0,0.03,38.4,0.02,65.0,0.08,5.0,0.14,5.0,0.16,0.05,0.096598,1776353828000
1776353833.595,133.595,0.85,13.72,0.84,19.3,0.97,38.4,0.98,65.0,0.03,38.4,0.02,65.0,0.19,45.0,0.21,23.7,0.12,0.16,0.096581,1776353832000
1776353837.534,137.534,0.92,35.29,0.91,31.7,0.97,37.36,0.98,65.0,0.03,38.4,0.02,65.0,0.15,13.72,0.16,19.3,0.05,0.12,0.09668,1776353835000
1776353841.904,141.904,0.96,67.7,0.95,54.7,0.97,33.23,0.98,65.0,0.03,37.36,0.02,65.0,0.08,35.29,0.09,31.7,0.01,0.05,0.096724,1776353839000
1776353844.764,144.764,0.96,67.7,0.95,54.7,0.97,32.19,0.98,65.0,0.03,33.23,0.02,65.0,0.04,67.7,0.05,54.7,0.01,0.01,0.096764,1776353843000
1776353845.014,145.014,0.96,67.7,0.95,54.7,0.97,8.46,0.98,65.0,0.03,10.52,0.02,65.0,0.04,67.7,0.05,54.7,0.01,0.01,0.096764,1776353843000
1776353845.28,145.28,0.96,67.7,0.95,54.7,0.97,6.4,0.98,65.0,0.03,8.46,0.02,65.0,0.04,67.7,0.05,54.7,0.01,0.01,0.096764,1776353843000
1776353848.243,148.243,0.96,67.7,0.95,54.7,0.98,63.14,0.99,310.0,0.03,0.18,0.02,65.0,0.04,67.7,0.05,54.7,0.02,0.01,0.096852,1776353847000
1776353849.599,149.599,0.97,89.3,0.96,67.7,0.98,61.1,0.99,310.0,0.02,63.14,0.01,310.0,0.04,67.7,0.05,54.7,0.01,0.02,0.096852,1776353847000
1776353851.13,151.13,0.97,89.3,0.96,67.7,0.98,59.06,0.99,310.0,0.02,61.1,0.01,310.0,0.03,89.3,0.04,67.7,0.01,0.01,0.096887,1776353849000
1776353851.415,151.415,0.97,89.3,0.96,67.7,0.98,25.4,0.99,310.0,0.02,27.44,0.01,310.0,0.03,89.3,0.04,67.7,0.01,0.01,0.09689,1776353850000
1776353851.679,151.679,0.98,132.69,0.97,89.3,0.99,179.9,,,0.01,187.98,,,0.02,132.69,0.03,89.3,0.01,0.01,0.09689,1776353850000
1776353853.122,153.122,0.98,132.69,0.97,89.3,0.99,80.0,,,0.01,179.9,,,0.02,132.69,0.03,89.3,0.01,0.01,0.096955,1776353851000
1776353853.401,153.401,0.98,132.69,0.97,89.3,0.99,75.0,,,0.01,80.0,,,0.02,132.69,0.03,89.3,0.01,0.01,0.096955,1776353851000
1776353854.856,154.856,0.98,132.69,0.97,89.3,0.99,72.98,,,0.01,75.0,,,0.02,132.69,0.03,89.3,0.01,0.01,0.096973,1776353853000
1776353855.086,155.086,0.98,132.69,0.97,89.3,0.99,71.96,,,0.01,72.98,,,0.02,132.69,0.03,89.3,0.01,0.01,0.096973,1776353853000
1776353856.483,156.483,0.98,132.69,0.97,89.3,0.99,70.94,,,0.01,71.96,,,0.02,132.69,0.03,89.3,0.01,0.01,0.096999,1776353854000
1776353857.495,157.495,0.98,132.69,0.97,89.3,0.99,69.92,,,0.01,70.94,,,0.02,132.69,0.03,89.3,0.01,0.01,0.097008,1776353856000
1776353859.173,159.173,0.98,57.69,0.97,89.3,0.99,69.92,,,0.01,69.92,,,0.02,132.69,0.03,89.3,0.01,0.01,0.09703,1776353857000
1776353860.927,160.927,0.98,57.69,0.97,89.3,0.99,67.9,,,0.01,69.92,,,0.02,57.69,0.03,89.3,0.01,0.01,0.096956,1776353859000
1776353871.007,171.007,0.98,57.69,0.97,89.3,0.99,65.88,,,0.01,67.9,,,0.02,57.69,0.03,89.3,0.01,0.01,0.096861,1776353870000
1776353871.923,171.923,0.99,947.13,0.98,57.69,,,,,0.01,52.87,,,0.02,57.69,0.03,89.3,,0.01,0.096878,1776353871000
1776353872.299,172.299,0.99,942.17,0.98,57.69,,,,,,,,,0.01,947.13,0.02,57.69,,,0.096878,1776353871000
1776353881.773,181.773,0.99,954.22,0.98,57.69,,,,,,,,,0.01,942.17,0.02,57.69,,,0.096933,1776353880000
1776353883.907,183.907,0.99,854.22,0.98,57.69,,,,,,,,,0.01,954.22,0.02,57.69,,,0.096987,1776353882000
1776353886.411,186.411,0.99,754.22,0.98,57.69,,,,,,,,,0.01,854.22,0.02,57.69,,,0.09695,1776353885000
1776353887.82,187.82,0.99,1.26,0.98,57.69,,,,,,,,,0.01,754.22,0.02,57.69,,,0.096939,1776353886000
1776353889.706,189.706,0.98,57.69,0.97,89.3,,,,,,,,,0.01,1.26,0.02,57.69,,,0.096952,1776353888000
1776353905.841,205.841,0.98,57.69,0.97,89.3,,,,,,,,,0.02,57.69,0.03,89.3,,,0.096686,1776353904000

# RESULT,winner=Up,slug=doge-updown-5m-1776353700,ticks=52
