timestamp,elapsed_sec,up_bid_p1,up_bid_s1,up_bid_p2,up_bid_s2,up_ask_p1,up_ask_s1,up_ask_p2,up_ask_s2,down_bid_p1,down_bid_s1,down_bid_p2,down_bid_s2,down_ask_p1,down_ask_s1,down_ask_p2,down_ask_s2,up_spread,down_spread,doge_price,doge_oracle_ts
1776207001.345,1.345,,,,,,,,,,,,,,,,,,,0.092764,1776207000000
1776207001.807,1.807,0.5,5.0,0.33,300.0,0.67,300.0,0.69,375.0,0.33,300.0,0.31,375.0,0.5,5.0,0.67,300.0,0.17,0.17,0.092764,1776207000000
1776207002.302,2.302,0.5,5.0,0.33,300.0,0.67,300.0,0.69,375.0,0.33,300.0,0.31,375.0,0.5,5.0,0.67,300.0,0.17,0.17,0.092762,1776207001000
1776207003.29,3.29,0.5,5.0,0.33,300.0,0.67,300.0,0.69,375.0,0.33,300.0,0.31,375.0,0.5,5.0,0.67,300.0,0.17,0.17,0.092762,1776207002000
1776207004.396,4.396,0.5,5.0,0.33,300.0,0.67,300.0,0.69,375.0,0.33,300.0,0.31,375.0,0.5,5.0,0.67,300.0,0.17,0.17,0.092762,1776207003000
1776207005.761,5.761,0.5,5.0,0.33,300.0,0.67,300.0,0.69,375.0,0.33,300.0,0.31,375.0,0.5,5.0,0.67,300.0,0.17,0.17,0.092765,1776207004000
1776207006.365,6.365,0.5,5.0,0.33,300.0,0.67,300.0,0.69,375.0,0.33,300.0,0.31,375.0,0.5,5.0,0.67,300.0,0.17,0.17,0.092768,1776207005000
1776207007.367,7.367,0.5,5.0,0.33,300.0,0.67,300.0,0.69,375.0,0.33,300.0,0.31,375.0,0.5,5.0,0.67,300.0,0.17,0.17,0.09277,1776207006000
1776207008.342,8.342,0.5,5.0,0.33,300.0,0.67,300.0,0.69,375.0,0.33,300.0,0.31,375.0,0.5,5.0,0.67,300.0,0.17,0.17,0.092769,1776207007000
1776207008.918,8.918,0.5,5.0,0.33,300.0,0.67,300.0,0.69,375.0,0.33,300.0,0.31,375.0,0.5,5.0,0.67,300.0,0.17,0.17,0.092769,1776207008000
1776207009.184,9.184,0.53,4.57,0.51,10.0,0.62,10.0,0.66,8.4,0.33,300.0,0.31,375.0,0.5,5.0,0.67,300.0,0.09,0.17,0.092769,1776207008000
1776207010.029,10.029,0.53,4.57,0.51,10.0,0.62,10.0,0.66,8.4,0.38,10.0,0.34,8.4,0.47,4.57,0.49,10.0,0.09,0.09,0.09277,1776207009000
1776207011.15,11.15,0.53,4.57,0.51,10.0,0.62,10.0,0.66,8.4,0.38,10.0,0.34,8.4,0.47,4.57,0.49,10.0,0.09,0.09,0.092773,1776207010000
1776207012.232,12.232,0.53,4.57,0.51,10.0,0.62,10.0,0.66,8.4,0.38,10.0,0.34,8.4,0.47,4.57,0.49,10.0,0.09,0.09,0.09278,1776207011000
1776207013.279,13.279,0.53,4.57,0.51,10.0,0.62,10.0,0.66,8.4,0.38,10.0,0.34,8.4,0.47,4.57,0.49,10.0,0.09,0.09,0.09278,1776207012000
1776207014.244,14.244,0.53,4.57,0.51,10.0,0.62,10.0,0.66,8.4,0.38,10.0,0.34,8.4,0.47,4.57,0.49,10.0,0.09,0.09,0.092783,1776207013000
1776207015.315,15.315,0.53,4.57,0.51,10.0,0.62,10.0,0.66,8.4,0.38,10.0,0.34,8.4,0.47,4.57,0.49,10.0,0.09,0.09,0.092783,1776207014000
1776207016.337,16.337,0.53,4.57,0.51,10.0,0.62,10.0,0.66,8.4,0.38,10.0,0.34,8.4,0.47,4.57,0.49,10.0,0.09,0.09,0.092783,1776207015000
1776207016.923,16.923,0.53,4.57,0.51,10.0,0.62,10.0,0.66,8.4,0.38,10.0,0.34,8.4,0.47,4.57,0.49,10.0,0.09,0.09,0.092785,1776207016000
1776207017.957,17.957,0.53,4.57,0.51,10.0,0.62,10.0,0.66,8.4,0.38,10.0,0.34,8.4,0.47,4.57,0.49,10.0,0.09,0.09,0.092788,1776207017000
1776207019.449,19.449,0.53,4.57,0.51,10.0,0.62,10.0,0.66,8.4,0.38,10.0,0.34,8.4,0.47,4.57,0.49,10.0,0.09,0.09,0.092788,1776207018000
1776207019.946,19.946,0.53,4.57,0.51,10.0,0.62,10.0,0.66,8.4,0.38,10.0,0.34,8.4,0.47,4.57,0.49,10.0,0.09,0.09,0.092788,1776207019000
1776207021.057,21.057,0.53,4.57,0.51,10.0,0.62,10.0,0.66,8.4,0.38,10.0,0.34,8.4,0.47,4.57,0.49,10.0,0.09,0.09,0.092788,1776207020000
1776207022.054,22.054,0.53,4.57,0.51,10.0,0.62,10.0,0.66,8.4,0.38,10.0,0.34,8.4,0.47,4.57,0.49,10.0,0.09,0.09,0.092792,1776207021000
1776207022.296,22.296,0.53,3.08,0.51,75.0,0.68,10.0,0.73,8.4,0.38,10.0,0.34,8.4,0.47,4.57,0.49,10.0,0.15,0.09,0.092792,1776207021000
1776207023.012,23.012,0.53,3.08,0.51,75.0,0.68,10.0,0.73,8.4,0.32,10.0,0.27,8.4,0.47,3.08,0.49,75.0,0.15,0.15,0.0928,1776207022000
1776207024.04,24.04,0.53,3.08,0.51,75.0,0.68,10.0,0.73,8.4,0.32,10.0,0.27,8.4,0.47,3.08,0.49,75.0,0.15,0.15,0.092801,1776207023000
1776207025.022,25.022,0.53,3.08,0.51,75.0,0.68,10.0,0.73,8.4,0.32,10.0,0.27,8.4,0.47,3.08,0.49,75.0,0.15,0.15,0.092801,1776207024000
1776207026.145,26.145,0.53,3.08,0.51,75.0,0.68,10.0,0.73,8.4,0.32,10.0,0.27,8.4,0.47,3.08,0.49,75.0,0.15,0.15,0.092801,1776207025000
1776207027.109,27.109,0.53,3.08,0.51,75.0,0.68,10.0,0.73,8.4,0.32,10.0,0.27,8.4,0.47,3.08,0.49,75.0,0.15,0.15,0.092801,1776207026000
1776207028.122,28.122,0.53,3.08,0.51,75.0,0.68,10.0,0.73,8.4,0.32,10.0,0.27,8.4,0.47,3.08,0.49,75.0,0.15,0.15,0.092801,1776207027000
1776207029.122,29.122,0.53,3.08,0.51,75.0,0.68,10.0,0.73,8.4,0.32,10.0,0.27,8.4,0.47,3.08,0.49,75.0,0.15,0.15,0.092802,1776207028000
1776207030.122,30.122,0.53,3.08,0.51,75.0,0.68,10.0,0.73,8.4,0.32,10.0,0.27,8.4,0.47,3.08,0.49,75.0,0.15,0.15,0.092801,1776207029000
1776207031.164,31.164,0.53,3.08,0.51,75.0,0.68,10.0,0.73,8.4,0.32,10.0,0.27,8.4,0.47,3.08,0.49,75.0,0.15,0.15,0.092801,1776207030000
1776207032.644,32.644,0.53,3.08,0.51,75.0,0.68,10.0,0.73,8.4,0.32,10.0,0.27,8.4,0.47,3.08,0.49,75.0,0.15,0.15,0.092801,1776207031000
1776207033.119,33.119,0.53,3.08,0.51,75.0,0.68,10.0,0.73,8.4,0.32,10.0,0.27,8.4,0.47,3.08,0.49,75.0,0.15,0.15,0.092803,1776207032000
1776207034.293,34.293,0.53,3.08,0.51,75.0,0.68,10.0,0.73,8.4,0.32,10.0,0.27,8.4,0.47,3.08,0.49,75.0,0.15,0.15,0.092806,1776207033000
1776207034.855,34.855,0.53,3.08,0.51,75.0,0.68,10.0,0.73,8.4,0.32,10.0,0.27,8.4,0.47,3.08,0.49,75.0,0.15,0.15,0.092806,1776207034000
1776207036.023,36.023,0.53,3.08,0.51,75.0,0.68,10.0,0.73,8.4,0.32,10.0,0.27,8.4,0.47,3.08,0.49,75.0,0.15,0.15,0.092805,1776207035000
1776207037.125,37.125,0.53,3.08,0.51,75.0,0.68,10.0,0.73,8.4,0.32,10.0,0.27,8.4,0.47,3.08,0.49,75.0,0.15,0.15,0.092805,1776207036000
1776207038.259,38.259,0.53,3.08,0.51,75.0,0.68,10.0,0.73,8.4,0.32,10.0,0.27,8.4,0.47,3.08,0.49,75.0,0.15,0.15,0.092805,1776207037000
1776207039.315,39.315,0.53,3.08,0.51,75.0,0.68,10.0,0.73,8.4,0.32,10.0,0.27,8.4,0.47,3.08,0.49,75.0,0.15,0.15,0.092805,1776207038000
1776207039.891,39.891,0.53,3.08,0.51,75.0,0.68,10.0,0.73,8.4,0.32,10.0,0.27,8.4,0.47,3.08,0.49,75.0,0.15,0.15,0.092805,1776207039000
1776207040.986,40.986,0.53,3.08,0.51,75.0,0.68,10.0,0.73,8.4,0.32,10.0,0.27,8.4,0.47,3.08,0.49,75.0,0.15,0.15,0.092805,1776207040000
1776207042.119,42.119,0.53,3.08,0.51,75.0,0.68,10.0,0.73,8.4,0.32,10.0,0.27,8.4,0.47,3.08,0.49,75.0,0.15,0.15,0.092806,1776207041000
1776207043.153,43.153,0.53,3.08,0.51,75.0,0.68,10.0,0.73,8.4,0.32,10.0,0.27,8.4,0.47,3.08,0.49,75.0,0.15,0.15,0.092816,1776207042000
1776207044.272,44.272,0.53,3.08,0.51,75.0,0.68,10.0,0.73,8.4,0.32,10.0,0.27,8.4,0.47,3.08,0.49,75.0,0.15,0.15,0.092817,1776207043000
1776207044.679,44.679,0.63,5.0,0.61,66.0,0.77,10.0,0.79,20.0,0.32,10.0,0.27,8.4,0.47,3.08,0.49,75.0,0.14,0.15,0.092817,1776207043000
1776207045.415,45.415,0.63,5.0,0.61,66.0,0.77,10.0,0.79,20.0,0.23,10.0,0.21,20.0,0.37,5.0,0.39,66.0,0.14,0.14,0.092827,1776207044000
1776207046.003,46.003,0.63,5.0,0.61,66.0,0.77,10.0,0.79,20.0,0.23,10.0,0.21,20.0,0.37,5.0,0.39,66.0,0.14,0.14,0.092827,1776207045000
1776207047.541,47.541,0.63,5.0,0.61,66.0,0.77,10.0,0.79,20.0,0.23,10.0,0.21,20.0,0.37,5.0,0.39,66.0,0.14,0.14,0.092837,1776207046000
1776207048.089,48.089,0.63,5.0,0.61,66.0,0.77,10.0,0.79,20.0,0.23,10.0,0.21,20.0,0.37,5.0,0.39,66.0,0.14,0.14,0.092837,1776207047000
1776207049.375,49.375,0.63,5.0,0.61,66.0,0.77,10.0,0.79,20.0,0.23,10.0,0.21,20.0,0.37,5.0,0.39,66.0,0.14,0.14,0.092837,1776207048000
1776207050.456,50.456,0.63,5.0,0.61,66.0,0.77,10.0,0.79,20.0,0.23,10.0,0.21,20.0,0.37,5.0,0.39,66.0,0.14,0.14,0.092834,1776207049000
1776207051.023,51.023,0.63,5.0,0.61,66.0,0.77,10.0,0.79,20.0,0.23,10.0,0.21,20.0,0.37,5.0,0.39,66.0,0.14,0.14,0.092833,1776207050000
1776207052.184,52.184,0.63,5.0,0.61,66.0,0.77,10.0,0.79,20.0,0.23,10.0,0.21,20.0,0.37,5.0,0.39,66.0,0.14,0.14,0.092833,1776207051000
1776207053.25,53.25,0.63,5.0,0.61,66.0,0.77,10.0,0.79,20.0,0.23,10.0,0.21,20.0,0.37,5.0,0.39,66.0,0.14,0.14,0.092833,1776207052000
1776207054.352,54.352,0.63,5.0,0.61,66.0,0.77,10.0,0.79,20.0,0.23,10.0,0.21,20.0,0.37,5.0,0.39,66.0,0.14,0.14,0.092833,1776207053000
1776207054.943,54.943,0.63,5.0,0.61,66.0,0.77,10.0,0.79,20.0,0.23,10.0,0.21,20.0,0.37,5.0,0.39,66.0,0.14,0.14,0.092833,1776207054000
1776207056.084,56.084,0.63,5.0,0.61,66.0,0.77,10.0,0.79,20.0,0.23,10.0,0.21,20.0,0.37,5.0,0.39,66.0,0.14,0.14,0.092832,1776207055000
1776207057.122,57.122,0.63,5.0,0.61,66.0,0.77,10.0,0.79,20.0,0.23,10.0,0.21,20.0,0.37,5.0,0.39,66.0,0.14,0.14,0.092832,1776207056000
1776207058.164,58.164,0.63,5.0,0.61,66.0,0.77,10.0,0.79,20.0,0.23,10.0,0.21,20.0,0.37,5.0,0.39,66.0,0.14,0.14,0.092832,1776207057000
1776207059.3,59.3,0.63,5.0,0.61,66.0,0.77,10.0,0.79,20.0,0.23,10.0,0.21,20.0,0.37,5.0,0.39,66.0,0.14,0.14,0.092832,1776207058000
1776207060.319,60.319,0.63,5.0,0.61,66.0,0.77,10.0,0.79,20.0,0.23,10.0,0.21,20.0,0.37,5.0,0.39,66.0,0.14,0.14,0.092832,1776207059000
1776207060.828,60.828,0.61,76.0,0.6,30.0,0.77,3.58,0.81,36.89,0.23,10.0,0.21,20.0,0.37,5.0,0.39,66.0,0.16,0.14,0.092832,1776207059000
1776207061.378,61.378,0.61,76.0,0.6,30.0,0.77,3.58,0.81,36.89,0.23,3.58,0.19,36.89,0.39,76.0,0.4,30.0,0.16,0.16,0.092832,1776207060000
1776207062.291,62.291,0.61,76.0,0.6,30.0,0.77,3.58,0.81,36.89,0.23,3.58,0.19,36.89,0.39,76.0,0.4,30.0,0.16,0.16,0.092832,1776207061000
1776207063.758,63.758,0.61,76.0,0.6,30.0,0.77,3.58,0.81,36.89,0.23,3.58,0.19,36.89,0.39,76.0,0.4,30.0,0.16,0.16,0.09283,1776207062000
1776207064.406,64.406,0.61,76.0,0.6,30.0,0.77,3.58,0.81,36.89,0.23,3.58,0.19,36.89,0.39,76.0,0.4,30.0,0.16,0.16,0.09283,1776207063000
1776207064.956,64.956,0.61,76.0,0.6,30.0,0.77,3.58,0.81,36.89,0.23,3.58,0.19,36.89,0.39,76.0,0.4,30.0,0.16,0.16,0.09283,1776207064000
1776207066.23,66.23,0.7,5.0,0.64,20.0,0.77,2.21,0.81,5.0,0.23,2.21,0.19,5.0,0.3,5.0,0.36,20.0,0.07,0.07,0.092841,1776207065000
1776207067.493,67.493,0.7,5.0,0.64,20.0,0.77,2.21,0.81,5.0,0.23,2.21,0.19,5.0,0.3,5.0,0.36,20.0,0.07,0.07,0.092851,1776207066000
1776207068.391,68.391,0.7,5.0,0.64,20.0,0.77,2.21,0.81,5.0,0.23,2.21,0.19,5.0,0.3,5.0,0.36,20.0,0.07,0.07,0.092851,1776207067000
1776207069.18,69.18,0.7,5.0,0.64,20.0,0.77,2.21,0.81,5.0,0.23,2.21,0.19,5.0,0.3,5.0,0.36,20.0,0.07,0.07,0.092851,1776207068000
1776207070.044,70.044,0.7,5.0,0.66,11.6,0.77,0.52,0.82,5.0,0.23,2.21,0.19,5.0,0.3,5.0,0.36,20.0,0.07,0.07,0.092851,1776207068000
1776207070.486,70.486,0.7,5.0,0.66,11.6,0.77,0.52,0.82,5.0,0.23,0.52,0.18,5.0,0.3,5.0,0.34,11.6,0.07,0.07,0.09285,1776207069000
1776207070.997,70.997,0.7,5.0,0.66,11.6,0.77,0.52,0.82,5.0,0.23,0.52,0.18,5.0,0.3,5.0,0.34,11.6,0.07,0.07,0.09285,1776207070000
1776207072.503,72.503,0.7,5.0,0.66,11.6,0.77,0.52,0.82,5.0,0.23,0.52,0.18,5.0,0.3,5.0,0.34,11.6,0.07,0.07,0.09285,1776207071000
1776207073.187,73.187,0.7,5.0,0.66,11.6,0.77,0.52,0.82,5.0,0.23,0.52,0.18,5.0,0.3,5.0,0.34,11.6,0.07,0.07,0.092856,1776207072000
1776207074.355,74.355,0.7,5.0,0.66,11.6,0.77,0.52,0.82,5.0,0.23,0.52,0.18,5.0,0.3,5.0,0.34,11.6,0.07,0.07,0.092856,1776207073000
1776207074.623,74.623,0.75,26.9,0.74,13.5,0.84,25.0,0.86,26.6,0.23,0.52,0.18,5.0,0.3,5.0,0.34,11.6,0.09,0.07,0.092856,1776207073000
1776207075.236,75.236,0.75,26.9,0.74,13.5,0.84,25.0,0.86,26.6,0.16,25.0,0.14,26.6,0.25,26.9,0.26,13.5,0.09,0.09,0.092856,1776207074000
1776207076.43,76.43,0.75,26.9,0.74,13.5,0.84,25.0,0.86,26.6,0.16,25.0,0.14,26.6,0.25,26.9,0.26,13.5,0.09,0.09,0.092858,1776207075000
1776207077.018,77.018,0.75,26.9,0.74,13.5,0.84,25.0,0.86,26.6,0.16,25.0,0.14,26.6,0.25,26.9,0.26,13.5,0.09,0.09,0.092858,1776207076000
1776207077.271,77.271,0.74,13.5,0.73,13.2,0.84,5.0,0.85,40.39,0.16,25.0,0.14,26.6,0.25,26.9,0.26,13.5,0.1,0.09,0.092858,1776207076000
1776207077.687,77.687,0.8,3.0,0.74,13.5,0.84,10.0,0.85,40.39,0.16,5.0,0.15,40.39,0.26,13.5,0.27,13.2,0.04,0.1,0.092858,1776207076000
1776207078.594,78.594,0.8,3.0,0.74,13.5,0.84,10.0,0.85,40.39,0.16,10.0,0.15,40.39,0.2,3.0,0.26,13.5,0.04,0.04,0.092858,1776207077000
1776207079.106,79.106,0.8,3.0,0.74,13.5,0.84,10.0,0.85,40.39,0.16,10.0,0.15,40.39,0.2,3.0,0.26,13.5,0.04,0.04,0.092858,1776207078000
1776207079.429,79.429,0.84,5.0,0.8,3.0,0.85,25.39,0.86,41.6,0.16,10.0,0.15,40.39,0.2,3.0,0.26,13.5,0.01,0.04,0.092858,1776207078000
1776207080.165,80.165,0.84,5.0,0.8,3.0,0.85,25.39,0.86,41.6,0.15,25.39,0.14,41.6,0.16,5.0,0.2,3.0,0.01,0.01,0.092848,1776207079000
1776207081.389,81.389,0.84,5.0,0.8,3.0,0.85,25.39,0.86,41.6,0.15,25.39,0.14,41.6,0.16,5.0,0.2,3.0,0.01,0.01,0.092848,1776207080000
1776207082.288,82.288,0.84,5.0,0.8,3.0,0.85,25.39,0.86,41.6,0.15,25.39,0.14,41.6,0.16,5.0,0.2,3.0,0.01,0.01,0.092848,1776207081000
1776207083.405,83.405,0.84,5.0,0.8,3.0,0.85,25.39,0.86,41.6,0.15,25.39,0.14,41.6,0.16,5.0,0.2,3.0,0.01,0.01,0.092848,1776207082000
1776207083.938,83.938,0.84,5.0,0.8,3.0,0.85,25.39,0.86,41.6,0.15,25.39,0.14,41.6,0.16,5.0,0.2,3.0,0.01,0.01,0.092848,1776207083000
1776207084.952,84.952,0.84,5.0,0.8,3.0,0.85,25.39,0.86,41.6,0.15,25.39,0.14,41.6,0.16,5.0,0.2,3.0,0.01,0.01,0.092848,1776207084000
1776207086.009,86.009,0.84,5.0,0.8,3.0,0.85,25.39,0.86,41.6,0.15,25.39,0.14,41.6,0.16,5.0,0.2,3.0,0.01,0.01,0.092848,1776207085000
1776207087.043,87.043,0.84,5.0,0.8,3.0,0.85,25.39,0.86,41.6,0.15,25.39,0.14,41.6,0.16,5.0,0.2,3.0,0.01,0.01,0.092848,1776207086000
1776207087.398,87.398,0.85,20.39,0.84,5.0,0.86,21.6,0.87,23.0,0.15,25.39,0.14,41.6,0.16,5.0,0.2,3.0,0.01,0.01,0.092848,1776207086000
1776207088.087,88.087,0.85,20.39,0.84,5.0,0.86,21.6,0.87,23.0,0.14,21.6,0.13,23.0,0.15,20.39,0.16,5.0,0.01,0.01,0.092848,1776207087000
1776207089.163,89.163,0.56,9.75,0.55,10.5,0.81,24.61,0.86,108.6,0.19,24.61,0.14,108.6,0.44,9.75,0.45,10.5,0.25,0.25,0.092848,1776207088000
1776207090.257,90.257,0.56,9.75,0.55,10.5,0.81,24.61,0.86,108.6,0.19,24.61,0.14,108.6,0.44,9.75,0.45,10.5,0.25,0.25,0.092827,1776207089000
1776207091.375,91.375,0.56,9.75,0.55,10.5,0.81,24.61,0.86,108.6,0.19,24.61,0.14,108.6,0.44,9.75,0.45,10.5,0.25,0.25,0.092816,1776207090000
1776207092.269,92.269,0.56,9.75,0.55,10.5,0.81,24.61,0.86,108.6,0.19,24.61,0.14,108.6,0.44,9.75,0.45,10.5,0.25,0.25,0.092816,1776207091000
1776207093.379,93.379,0.56,9.75,0.55,10.5,0.81,24.61,0.86,108.6,0.19,24.61,0.14,108.6,0.44,9.75,0.45,10.5,0.25,0.25,0.092816,1776207092000
1776207094.506,94.506,0.56,9.75,0.55,10.5,0.81,24.61,0.86,108.6,0.19,24.61,0.14,108.6,0.44,9.75,0.45,10.5,0.25,0.25,0.092816,1776207093000
1776207095.063,95.063,0.56,9.75,0.55,10.5,0.81,24.61,0.86,108.6,0.19,24.61,0.14,108.6,0.44,9.75,0.45,10.5,0.25,0.25,0.092816,1776207094000
1776207096.076,96.076,0.56,9.75,0.55,10.5,0.81,24.61,0.86,108.6,0.19,24.61,0.14,108.6,0.44,9.75,0.45,10.5,0.25,0.25,0.092816,1776207095000
1776207097.384,97.384,0.64,1.71,0.63,16.2,0.78,25.2,0.79,15.7,0.19,24.61,0.14,108.6,0.44,9.75,0.45,10.5,0.14,0.25,0.092816,1776207095000
1776207097.935,97.935,0.64,1.71,0.63,16.2,0.78,25.2,0.79,15.7,0.22,25.2,0.21,15.7,0.36,1.71,0.37,16.2,0.14,0.14,0.092816,1776207097000
1776207099.107,99.107,0.64,1.71,0.63,16.2,0.78,25.2,0.79,15.7,0.22,25.2,0.21,15.7,0.36,1.71,0.37,16.2,0.14,0.14,0.092816,1776207098000
1776207100.361,100.361,0.64,1.71,0.63,16.2,0.78,25.2,0.79,15.7,0.22,25.2,0.21,15.7,0.36,1.71,0.37,16.2,0.14,0.14,0.092816,1776207099000
1776207100.967,100.967,0.64,1.71,0.63,16.2,0.78,25.2,0.79,15.7,0.22,25.2,0.21,15.7,0.36,1.71,0.37,16.2,0.14,0.14,0.092816,1776207100000
1776207102.02,102.02,0.64,1.71,0.63,16.2,0.78,25.2,0.79,15.7,0.22,25.2,0.21,15.7,0.36,1.71,0.37,16.2,0.14,0.14,0.092816,1776207101000
1776207103.257,103.257,0.64,1.71,0.63,16.2,0.78,25.2,0.79,15.7,0.22,25.2,0.21,15.7,0.36,1.71,0.37,16.2,0.14,0.14,0.092815,1776207102000
1776207104.444,104.444,0.64,1.71,0.63,16.2,0.78,25.2,0.79,15.7,0.22,25.2,0.21,15.7,0.36,1.71,0.37,16.2,0.14,0.14,0.092817,1776207103000
1776207104.979,104.979,0.64,1.71,0.63,16.2,0.78,25.2,0.79,15.7,0.22,25.2,0.21,15.7,0.36,1.71,0.37,16.2,0.14,0.14,0.092817,1776207104000
1776207106.2,106.2,0.64,1.71,0.63,16.2,0.78,25.2,0.79,15.7,0.22,25.2,0.21,15.7,0.36,1.71,0.37,16.2,0.14,0.14,0.092817,1776207105000
1776207107.342,107.342,0.64,1.71,0.63,16.2,0.78,25.2,0.79,15.7,0.22,25.2,0.21,15.7,0.36,1.71,0.37,16.2,0.14,0.14,0.092817,1776207106000
1776207107.889,107.889,0.64,1.71,0.63,16.2,0.78,25.2,0.79,15.7,0.22,25.2,0.21,15.7,0.36,1.71,0.37,16.2,0.14,0.14,0.092817,1776207107000
1776207108.908,108.908,0.64,1.71,0.63,16.2,0.78,25.2,0.79,15.7,0.22,25.2,0.21,15.7,0.36,1.71,0.37,16.2,0.14,0.14,0.092817,1776207108000
1776207110.014,110.014,0.64,1.71,0.63,16.2,0.78,25.2,0.79,15.7,0.22,25.2,0.21,15.7,0.36,1.71,0.37,16.2,0.14,0.14,0.092817,1776207109000
1776207111.016,111.016,0.64,1.71,0.63,16.2,0.78,25.2,0.79,15.7,0.22,25.2,0.21,15.7,0.36,1.71,0.37,16.2,0.14,0.14,0.092817,1776207110000
1776207111.987,111.987,0.64,1.71,0.63,16.2,0.78,25.2,0.79,15.7,0.22,25.2,0.21,15.7,0.36,1.71,0.37,16.2,0.14,0.14,0.092817,1776207111000
1776207112.951,112.951,0.64,1.71,0.63,16.2,0.78,25.2,0.79,15.7,0.22,25.2,0.21,15.7,0.36,1.71,0.37,16.2,0.14,0.14,0.092817,1776207112000
1776207113.982,113.982,0.64,1.71,0.63,16.2,0.78,25.2,0.79,15.7,0.22,25.2,0.21,15.7,0.36,1.71,0.37,16.2,0.14,0.14,0.092817,1776207113000
1776207114.961,114.961,0.64,1.71,0.63,16.2,0.78,25.2,0.79,15.7,0.22,25.2,0.21,15.7,0.36,1.71,0.37,16.2,0.14,0.14,0.092818,1776207114000
1776207116.084,116.084,0.64,1.71,0.63,16.2,0.78,25.2,0.79,15.7,0.22,25.2,0.21,15.7,0.36,1.71,0.37,16.2,0.14,0.14,0.092818,1776207115000
1776207117.084,117.084,0.64,1.71,0.63,16.2,0.78,25.2,0.79,15.7,0.22,25.2,0.21,15.7,0.36,1.71,0.37,16.2,0.14,0.14,0.09282,1776207116000
1776207118.138,118.138,0.64,1.71,0.63,16.2,0.78,25.2,0.79,15.7,0.22,25.2,0.21,15.7,0.36,1.71,0.37,16.2,0.14,0.14,0.092833,1776207117000
1776207119.206,119.206,0.64,1.71,0.63,16.2,0.78,25.2,0.79,15.7,0.22,25.2,0.21,15.7,0.36,1.71,0.37,16.2,0.14,0.14,0.092829,1776207118000
1776207121.363,121.363,0.64,1.71,0.63,16.2,0.78,25.2,0.79,15.7,0.22,25.2,0.21,15.7,0.36,1.71,0.37,16.2,0.14,0.14,0.092829,1776207119000
1776207121.887,121.887,0.64,1.71,0.63,16.2,0.78,25.2,0.79,15.7,0.22,25.2,0.21,15.7,0.36,1.71,0.37,16.2,0.14,0.14,0.092836,1776207120000
1776207122.716,122.716,0.64,1.71,0.63,16.2,0.78,25.2,0.79,15.7,0.22,25.2,0.21,15.7,0.36,1.71,0.37,16.2,0.14,0.14,0.092838,1776207121000
1776207123.591,123.591,0.64,1.71,0.63,16.2,0.78,25.2,0.79,15.7,0.22,25.2,0.21,15.7,0.36,1.71,0.37,16.2,0.14,0.14,0.092838,1776207122000
1776207124.236,124.236,0.64,1.71,0.63,16.2,0.78,25.2,0.79,15.7,0.22,25.2,0.21,15.7,0.36,1.71,0.37,16.2,0.14,0.14,0.092834,1776207123000
1776207125.641,125.641,0.64,1.71,0.63,16.2,0.78,25.2,0.79,15.7,0.22,25.2,0.21,15.7,0.36,1.71,0.37,16.2,0.14,0.14,0.092824,1776207124000
1776207126.331,126.331,0.64,1.71,0.63,16.2,0.78,25.2,0.79,15.7,0.22,25.2,0.21,15.7,0.36,1.71,0.37,16.2,0.14,0.14,0.092827,1776207125000
1776207127.659,127.659,0.64,1.71,0.63,16.2,0.78,25.2,0.79,15.7,0.22,25.2,0.21,15.7,0.36,1.71,0.37,16.2,0.14,0.14,0.092828,1776207126000
1776207128.302,128.302,0.64,1.71,0.63,16.2,0.78,25.2,0.79,15.7,0.22,25.2,0.21,15.7,0.36,1.71,0.37,16.2,0.14,0.14,0.092828,1776207127000
1776207129.58,129.58,0.64,1.71,0.63,16.2,0.78,25.2,0.79,15.7,0.22,25.2,0.21,15.7,0.36,1.71,0.37,16.2,0.14,0.14,0.092828,1776207128000
1776207130.312,130.312,0.64,1.71,0.63,16.2,0.78,25.2,0.79,15.7,0.22,25.2,0.21,15.7,0.36,1.71,0.37,16.2,0.14,0.14,0.092828,1776207129000
1776207131.631,131.631,0.64,1.71,0.63,16.2,0.78,25.2,0.79,15.7,0.22,25.2,0.21,15.7,0.36,1.71,0.37,16.2,0.14,0.14,0.092828,1776207130000
1776207132.292,132.292,0.64,1.71,0.63,16.2,0.78,25.2,0.79,15.7,0.22,25.2,0.21,15.7,0.36,1.71,0.37,16.2,0.14,0.14,0.092827,1776207131000
1776207132.961,132.961,0.64,1.71,0.63,16.2,0.78,25.2,0.79,15.7,0.22,25.2,0.21,15.7,0.36,1.71,0.37,16.2,0.14,0.14,0.092827,1776207132000
1776207134.39,134.39,0.64,1.71,0.63,16.2,0.78,25.2,0.79,15.7,0.22,25.2,0.21,15.7,0.36,1.71,0.37,16.2,0.14,0.14,0.092815,1776207133000
1776207135.355,135.355,0.64,1.71,0.63,16.2,0.78,25.2,0.79,15.7,0.22,25.2,0.21,15.7,0.36,1.71,0.37,16.2,0.14,0.14,0.092814,1776207134000
1776207136.725,136.725,0.64,1.71,0.63,16.2,0.78,25.2,0.79,15.7,0.22,25.2,0.21,15.7,0.36,1.71,0.37,16.2,0.14,0.14,0.092814,1776207135000
1776207137.338,137.338,0.64,1.71,0.63,16.2,0.78,25.2,0.79,15.7,0.22,25.2,0.21,15.7,0.36,1.71,0.37,16.2,0.14,0.14,0.092814,1776207136000
1776207138.298,138.298,0.64,1.71,0.63,16.2,0.78,25.2,0.79,15.7,0.22,25.2,0.21,15.7,0.36,1.71,0.37,16.2,0.14,0.14,0.092813,1776207137000
1776207139.431,139.431,0.64,1.71,0.63,16.2,0.78,25.2,0.79,15.7,0.22,25.2,0.21,15.7,0.36,1.71,0.37,16.2,0.14,0.14,0.092813,1776207138000
1776207139.944,139.944,0.64,1.71,0.63,16.2,0.78,25.2,0.79,15.7,0.22,25.2,0.21,15.7,0.36,1.71,0.37,16.2,0.14,0.14,0.092813,1776207139000
1776207141.043,141.043,0.64,1.71,0.63,16.2,0.78,25.2,0.79,15.7,0.22,25.2,0.21,15.7,0.36,1.71,0.37,16.2,0.14,0.14,0.092813,1776207140000
1776207142.284,142.284,0.64,1.71,0.63,16.2,0.78,25.2,0.79,15.7,0.22,25.2,0.21,15.7,0.36,1.71,0.37,16.2,0.14,0.14,0.092812,1776207141000
1776207143.339,143.339,0.64,1.71,0.63,16.2,0.78,25.2,0.79,15.7,0.22,25.2,0.21,15.7,0.36,1.71,0.37,16.2,0.14,0.14,0.092812,1776207142000
1776207144.127,144.127,0.64,1.71,0.63,16.2,0.78,25.2,0.79,15.7,0.22,25.2,0.21,15.7,0.36,1.71,0.37,16.2,0.14,0.14,0.092811,1776207143000
1776207145.1,145.1,0.64,1.71,0.63,16.2,0.78,25.2,0.79,15.7,0.22,25.2,0.21,15.7,0.36,1.71,0.37,16.2,0.14,0.14,0.092811,1776207144000
1776207146.216,146.216,0.64,1.71,0.63,16.2,0.78,25.2,0.79,15.7,0.22,25.2,0.21,15.7,0.36,1.71,0.37,16.2,0.14,0.14,0.092812,1776207145000
1776207147.271,147.271,0.64,1.71,0.63,16.2,0.78,25.2,0.79,15.7,0.22,25.2,0.21,15.7,0.36,1.71,0.37,16.2,0.14,0.14,0.092812,1776207146000
1776207147.834,147.834,0.64,1.71,0.63,16.2,0.78,25.2,0.79,15.7,0.22,25.2,0.21,15.7,0.36,1.71,0.37,16.2,0.14,0.14,0.092812,1776207147000
1776207148.831,148.831,0.64,1.71,0.63,16.2,0.78,25.2,0.79,15.7,0.22,25.2,0.21,15.7,0.36,1.71,0.37,16.2,0.14,0.14,0.092812,1776207148000
1776207149.902,149.902,0.64,1.71,0.63,16.2,0.78,25.2,0.79,15.7,0.22,25.2,0.21,15.7,0.36,1.71,0.37,16.2,0.14,0.14,0.092812,1776207149000
1776207151.285,151.285,0.64,1.71,0.63,16.2,0.78,25.2,0.79,15.7,0.22,25.2,0.21,15.7,0.36,1.71,0.37,16.2,0.14,0.14,0.092818,1776207150000
1776207152.305,152.305,0.64,1.71,0.63,16.2,0.78,25.2,0.79,15.7,0.22,25.2,0.21,15.7,0.36,1.71,0.37,16.2,0.14,0.14,0.092819,1776207151000
1776207153.201,153.201,0.64,1.71,0.63,16.2,0.78,25.2,0.79,15.7,0.22,25.2,0.21,15.7,0.36,1.71,0.37,16.2,0.14,0.14,0.092819,1776207152000
1776207154.227,154.227,0.64,1.71,0.63,16.2,0.78,25.2,0.79,15.7,0.22,25.2,0.21,15.7,0.36,1.71,0.37,16.2,0.14,0.14,0.092823,1776207153000
1776207155.221,155.221,0.64,1.71,0.63,16.2,0.78,25.2,0.79,15.7,0.22,25.2,0.21,15.7,0.36,1.71,0.37,16.2,0.14,0.14,0.092823,1776207154000
1776207156.198,156.198,0.64,1.71,0.63,16.2,0.78,25.2,0.79,15.7,0.22,25.2,0.21,15.7,0.36,1.71,0.37,16.2,0.14,0.14,0.092823,1776207155000
1776207157.167,157.167,0.64,1.71,0.63,16.2,0.78,25.2,0.79,15.7,0.22,25.2,0.21,15.7,0.36,1.71,0.37,16.2,0.14,0.14,0.092817,1776207156000
1776207158.169,158.169,0.64,1.71,0.63,16.2,0.78,25.2,0.79,15.7,0.22,25.2,0.21,15.7,0.36,1.71,0.37,16.2,0.14,0.14,0.092818,1776207157000
1776207159.109,159.109,0.64,1.71,0.63,16.2,0.78,25.2,0.79,15.7,0.22,25.2,0.21,15.7,0.36,1.71,0.37,16.2,0.14,0.14,0.092818,1776207158000
1776207160.151,160.151,0.64,1.71,0.63,16.2,0.78,25.2,0.79,15.7,0.22,25.2,0.21,15.7,0.36,1.71,0.37,16.2,0.14,0.14,0.092818,1776207159000
1776207161.077,161.077,0.64,1.71,0.63,16.2,0.78,25.2,0.79,15.7,0.22,25.2,0.21,15.7,0.36,1.71,0.37,16.2,0.14,0.14,0.092818,1776207160000
1776207162.007,162.007,0.64,1.71,0.63,16.2,0.78,25.2,0.79,15.7,0.22,25.2,0.21,15.7,0.36,1.71,0.37,16.2,0.14,0.14,0.092818,1776207161000
1776207163.036,163.036,0.64,1.71,0.63,16.2,0.78,25.2,0.79,15.7,0.22,25.2,0.21,15.7,0.36,1.71,0.37,16.2,0.14,0.14,0.092818,1776207162000
1776207163.96,163.96,0.64,1.71,0.63,16.2,0.78,25.2,0.79,15.7,0.22,25.2,0.21,15.7,0.36,1.71,0.37,16.2,0.14,0.14,0.092818,1776207163000
1776207164.893,164.893,0.64,1.71,0.63,16.2,0.78,25.2,0.79,15.7,0.22,25.2,0.21,15.7,0.36,1.71,0.37,16.2,0.14,0.14,0.092818,1776207164000
1776207166.534,166.534,0.64,1.71,0.63,16.2,0.78,25.2,0.79,15.7,0.22,25.2,0.21,15.7,0.36,1.71,0.37,16.2,0.14,0.14,0.092817,1776207165000
1776207167.003,167.003,0.64,1.71,0.63,16.2,0.78,25.2,0.79,15.7,0.22,25.2,0.21,15.7,0.36,1.71,0.37,16.2,0.14,0.14,0.092817,1776207166000
1776207168.048,168.048,0.64,1.71,0.63,16.2,0.78,25.2,0.79,15.7,0.22,25.2,0.21,15.7,0.36,1.71,0.37,16.2,0.14,0.14,0.092817,1776207167000
1776207169.098,169.098,0.64,1.71,0.63,16.2,0.78,25.2,0.79,15.7,0.22,25.2,0.21,15.7,0.36,1.71,0.37,16.2,0.14,0.14,0.092818,1776207168000
1776207170.102,170.102,0.64,1.71,0.63,16.2,0.78,25.2,0.79,15.7,0.22,25.2,0.21,15.7,0.36,1.71,0.37,16.2,0.14,0.14,0.092818,1776207169000
1776207171.222,171.222,0.64,1.71,0.63,16.2,0.78,25.2,0.79,15.7,0.22,25.2,0.21,15.7,0.36,1.71,0.37,16.2,0.14,0.14,0.092818,1776207170000
1776207172.309,172.309,0.64,1.71,0.63,16.2,0.78,25.2,0.79,15.7,0.22,25.2,0.21,15.7,0.36,1.71,0.37,16.2,0.14,0.14,0.092818,1776207171000
1776207173.282,173.282,0.64,1.71,0.63,16.2,0.78,25.2,0.79,15.7,0.22,25.2,0.21,15.7,0.36,1.71,0.37,16.2,0.14,0.14,0.092818,1776207172000
1776207174.341,174.341,0.64,1.71,0.63,16.2,0.78,25.2,0.79,15.7,0.22,25.2,0.21,15.7,0.36,1.71,0.37,16.2,0.14,0.14,0.092818,1776207173000
1776207174.824,174.824,0.64,1.71,0.63,16.2,0.78,25.2,0.79,15.7,0.22,25.2,0.21,15.7,0.36,1.71,0.37,16.2,0.14,0.14,0.092818,1776207174000
1776207176.43,176.43,0.64,1.71,0.63,16.2,0.78,25.2,0.79,15.7,0.22,25.2,0.21,15.7,0.36,1.71,0.37,16.2,0.14,0.14,0.092818,1776207175000
1776207176.858,176.858,0.64,1.71,0.63,16.2,0.78,25.2,0.79,15.7,0.22,25.2,0.21,15.7,0.36,1.71,0.37,16.2,0.14,0.14,0.092818,1776207176000
1776207177.878,177.878,0.64,1.71,0.63,16.2,0.78,25.2,0.79,15.7,0.22,25.2,0.21,15.7,0.36,1.71,0.37,16.2,0.14,0.14,0.092818,1776207177000
1776207179.497,179.497,0.64,1.71,0.63,16.2,0.78,25.2,0.79,15.7,0.22,25.2,0.21,15.7,0.36,1.71,0.37,16.2,0.14,0.14,0.092818,1776207178000
1776207180.085,180.085,0.64,1.71,0.63,16.2,0.78,25.2,0.79,15.7,0.22,25.2,0.21,15.7,0.36,1.71,0.37,16.2,0.14,0.14,0.092818,1776207179000
1776207181.174,181.174,0.64,1.71,0.63,16.2,0.78,25.2,0.79,15.7,0.22,25.2,0.21,15.7,0.36,1.71,0.37,16.2,0.14,0.14,0.092818,1776207180000
1776207182.511,182.511,0.78,10.2,0.77,14.7,0.81,24.61,0.88,44.6,0.22,25.2,0.21,15.7,0.36,1.71,0.37,16.2,0.03,0.14,0.092818,1776207180000
1776207183.289,183.289,0.79,15.7,0.78,10.2,0.81,19.61,0.88,24.6,0.19,24.61,0.12,44.6,0.22,10.2,0.23,14.7,0.02,0.03,0.092818,1776207180000
1776207183.804,183.804,0.79,15.7,0.78,10.2,0.81,19.61,0.88,24.6,0.19,19.61,0.12,24.6,0.21,15.7,0.22,10.2,0.02,0.02,0.092826,1776207182000
1776207184.877,184.877,0.79,15.7,0.78,10.2,0.81,19.61,0.88,24.6,0.19,19.61,0.12,24.6,0.21,15.7,0.22,10.2,0.02,0.02,0.092825,1776207183000
1776207185.688,185.688,0.79,15.7,0.78,10.2,0.81,19.61,0.88,24.6,0.19,19.61,0.12,24.6,0.21,15.7,0.22,10.2,0.02,0.02,0.092825,1776207184000
1776207186.439,186.439,0.79,15.7,0.78,10.2,0.81,19.61,0.88,24.6,0.19,19.61,0.12,24.6,0.21,15.7,0.22,10.2,0.02,0.02,0.092825,1776207185000
1776207187.199,187.199,0.79,15.7,0.78,10.2,0.81,19.61,0.88,24.6,0.19,19.61,0.12,24.6,0.21,15.7,0.22,10.2,0.02,0.02,0.092825,1776207186000
1776207188.515,188.515,0.79,15.7,0.78,10.2,0.81,19.61,0.88,24.6,0.19,19.61,0.12,24.6,0.21,15.7,0.22,10.2,0.02,0.02,0.092825,1776207187000
1776207189.226,189.226,0.79,15.7,0.78,10.2,0.81,19.61,0.88,24.6,0.19,19.61,0.12,24.6,0.21,15.7,0.22,10.2,0.02,0.02,0.092825,1776207188000
1776207190.374,190.374,0.78,10.2,0.77,14.7,0.81,17.61,0.88,24.6,0.19,19.61,0.12,24.6,0.21,15.7,0.22,10.2,0.03,0.02,0.092825,1776207188000
1776207191.323,191.323,0.78,10.2,0.77,14.7,0.81,17.61,0.88,24.6,0.19,17.61,0.12,24.6,0.22,10.2,0.23,14.7,0.03,0.03,0.092825,1776207190000
1776207192.047,192.047,0.78,10.2,0.77,14.7,0.81,17.61,0.88,24.6,0.19,17.61,0.12,24.6,0.22,10.2,0.23,14.7,0.03,0.03,0.092825,1776207191000
1776207192.675,192.675,0.79,10.7,0.78,10.2,0.81,17.61,0.88,24.6,0.19,17.61,0.12,24.6,0.22,10.2,0.23,14.7,0.02,0.03,0.092825,1776207191000
1776207193.523,193.523,0.79,10.7,0.78,10.2,0.81,17.61,0.88,24.6,0.19,17.61,0.12,24.6,0.21,10.7,0.22,10.2,0.02,0.02,0.092825,1776207192000
1776207194.206,194.206,0.79,10.7,0.78,10.2,0.81,17.61,0.88,24.6,0.19,17.61,0.12,24.6,0.21,10.7,0.22,10.2,0.02,0.02,0.092825,1776207193000
1776207195.246,195.246,0.81,45.0,0.71,50.0,0.84,19.3,0.85,25.39,0.19,17.61,0.12,24.6,0.21,10.7,0.22,10.2,0.03,0.02,0.092825,1776207193000
1776207195.494,195.494,0.81,45.0,0.71,50.0,0.84,19.3,0.85,25.39,0.16,19.3,0.15,25.39,0.19,45.0,0.29,50.0,0.03,0.03,0.092824,1776207194000
1776207196.125,196.125,0.81,45.0,0.71,50.0,0.84,19.3,0.85,25.39,0.16,19.3,0.15,25.39,0.19,45.0,0.29,50.0,0.03,0.03,0.092818,1776207195000
1776207197.741,197.741,0.81,45.0,0.71,50.0,0.84,19.3,0.85,25.39,0.16,19.3,0.15,25.39,0.19,45.0,0.29,50.0,0.03,0.03,0.092809,1776207196000
1776207198.479,198.479,0.81,45.0,0.71,50.0,0.84,19.3,0.85,25.39,0.16,19.3,0.15,25.39,0.19,45.0,0.29,50.0,0.03,0.03,0.092809,1776207197000
1776207199.164,199.164,0.81,45.0,0.71,50.0,0.84,19.3,0.85,25.39,0.16,19.3,0.15,25.39,0.19,45.0,0.29,50.0,0.03,0.03,0.092809,1776207198000
1776207200.614,200.614,0.81,45.0,0.71,50.0,0.84,19.3,0.85,25.39,0.16,19.3,0.15,25.39,0.19,45.0,0.29,50.0,0.03,0.03,0.092809,1776207199000
1776207201.262,201.262,0.81,45.0,0.71,50.0,0.84,19.3,0.85,25.39,0.16,19.3,0.15,25.39,0.19,45.0,0.29,50.0,0.03,0.03,0.092809,1776207200000
1776207203.064,203.064,0.81,45.0,0.71,50.0,0.84,19.3,0.85,25.39,0.16,19.3,0.15,25.39,0.19,45.0,0.29,50.0,0.03,0.03,0.092813,1776207202000
1776207204.171,204.171,0.81,45.0,0.71,50.0,0.84,19.3,0.85,25.39,0.16,19.3,0.15,25.39,0.19,45.0,0.29,50.0,0.03,0.03,0.092817,1776207203000
1776207205.062,205.062,0.81,45.0,0.71,50.0,0.84,19.3,0.85,25.39,0.16,19.3,0.15,25.39,0.19,45.0,0.29,50.0,0.03,0.03,0.092811,1776207204000
1776207206.19,206.19,0.81,45.0,0.71,50.0,0.84,19.3,0.85,25.39,0.16,19.3,0.15,25.39,0.19,45.0,0.29,50.0,0.03,0.03,0.092804,1776207205000
1776207207.26,207.26,0.81,45.0,0.71,50.0,0.84,19.3,0.85,25.39,0.16,19.3,0.15,25.39,0.19,45.0,0.29,50.0,0.03,0.03,0.092804,1776207206000
1776207208.436,208.436,0.81,45.0,0.71,50.0,0.84,19.3,0.85,25.39,0.16,19.3,0.15,25.39,0.19,45.0,0.29,50.0,0.03,0.03,0.092805,1776207207000
1776207208.956,208.956,0.81,45.0,0.71,50.0,0.84,19.3,0.85,25.39,0.16,19.3,0.15,25.39,0.19,45.0,0.29,50.0,0.03,0.03,0.092805,1776207208000
1776207210.031,210.031,0.81,45.0,0.71,50.0,0.84,19.3,0.85,25.39,0.16,19.3,0.15,25.39,0.19,45.0,0.29,50.0,0.03,0.03,0.092805,1776207209000
1776207211.123,211.123,0.81,45.0,0.71,50.0,0.84,19.3,0.85,25.39,0.16,19.3,0.15,25.39,0.19,45.0,0.29,50.0,0.03,0.03,0.092805,1776207210000
1776207212.284,212.284,0.81,45.0,0.71,50.0,0.84,19.3,0.85,25.39,0.16,19.3,0.15,25.39,0.19,45.0,0.29,50.0,0.03,0.03,0.092805,1776207211000
1776207213.41,213.41,0.81,45.0,0.71,50.0,0.84,19.3,0.85,25.39,0.16,19.3,0.15,25.39,0.19,45.0,0.29,50.0,0.03,0.03,0.092805,1776207212000
1776207214.018,214.018,0.81,45.0,0.71,50.0,0.84,19.3,0.85,25.39,0.16,19.3,0.15,25.39,0.19,45.0,0.29,50.0,0.03,0.03,0.092805,1776207213000
1776207214.999,214.999,0.81,45.0,0.71,50.0,0.84,19.3,0.85,25.39,0.16,19.3,0.15,25.39,0.19,45.0,0.29,50.0,0.03,0.03,0.092805,1776207214000
1776207216.07,216.07,0.81,45.0,0.71,50.0,0.84,19.3,0.85,25.39,0.16,19.3,0.15,25.39,0.19,45.0,0.29,50.0,0.03,0.03,0.092805,1776207215000
1776207217.219,217.219,0.81,45.0,0.71,50.0,0.84,19.3,0.85,25.39,0.16,19.3,0.15,25.39,0.19,45.0,0.29,50.0,0.03,0.03,0.092805,1776207216000
1776207218.705,218.705,0.81,45.0,0.71,50.0,0.84,19.3,0.85,25.39,0.16,19.3,0.15,25.39,0.19,45.0,0.29,50.0,0.03,0.03,0.092805,1776207217000
1776207219.314,219.314,0.81,45.0,0.71,50.0,0.84,19.3,0.85,25.39,0.16,19.3,0.15,25.39,0.19,45.0,0.29,50.0,0.03,0.03,0.092805,1776207218000
1776207220.297,220.297,0.81,45.0,0.71,50.0,0.84,19.3,0.85,25.39,0.16,19.3,0.15,25.39,0.19,45.0,0.29,50.0,0.03,0.03,0.092805,1776207219000
1776207221.588,221.588,0.81,45.0,0.71,50.0,0.84,19.3,0.85,25.39,0.16,19.3,0.15,25.39,0.19,45.0,0.29,50.0,0.03,0.03,0.092805,1776207220000
1776207222.383,222.383,0.81,45.0,0.71,50.0,0.84,19.3,0.85,25.39,0.16,19.3,0.15,25.39,0.19,45.0,0.29,50.0,0.03,0.03,0.092805,1776207221000
1776207223.014,223.014,0.81,45.0,0.71,50.0,0.84,19.3,0.85,25.39,0.16,19.3,0.15,25.39,0.19,45.0,0.29,50.0,0.03,0.03,0.092806,1776207222000
1776207224.281,224.281,0.81,45.0,0.71,50.0,0.84,19.3,0.85,25.39,0.16,19.3,0.15,25.39,0.19,45.0,0.29,50.0,0.03,0.03,0.092826,1776207223000
1776207224.698,224.698,0.8,16.3,0.79,15.7,0.92,32.65,0.93,239.9,0.16,19.3,0.15,25.39,0.19,45.0,0.29,50.0,0.12,0.03,0.092826,1776207223000
1776207225.539,225.539,0.8,16.3,0.79,15.7,0.92,32.65,0.93,239.9,0.08,32.65,0.07,239.9,0.2,16.3,0.21,15.7,0.12,0.12,0.092827,1776207224000
1776207226.32,226.32,0.8,16.3,0.79,15.7,0.92,32.65,0.93,239.9,0.08,32.65,0.07,239.9,0.2,16.3,0.21,15.7,0.12,0.12,0.092827,1776207225000
1776207227.612,227.612,0.8,16.3,0.79,15.7,0.92,32.65,0.93,239.9,0.08,32.65,0.07,239.9,0.2,16.3,0.21,15.7,0.12,0.12,0.092827,1776207226000
1776207228.467,228.467,0.8,16.3,0.79,15.7,0.92,32.65,0.93,239.9,0.08,32.65,0.07,239.9,0.2,16.3,0.21,15.7,0.12,0.12,0.092827,1776207227000
1776207229.012,229.012,0.8,16.3,0.79,15.7,0.92,32.65,0.93,239.9,0.08,32.65,0.07,239.9,0.2,16.3,0.21,15.7,0.12,0.12,0.092827,1776207228000
1776207230.368,230.368,0.8,16.3,0.79,15.7,0.92,32.65,0.93,239.9,0.08,32.65,0.07,239.9,0.2,16.3,0.21,15.7,0.12,0.12,0.092827,1776207229000
1776207231.029,231.029,0.8,16.3,0.79,15.7,0.92,32.65,0.93,239.9,0.08,32.65,0.07,239.9,0.2,16.3,0.21,15.7,0.12,0.12,0.092843,1776207230000
1776207232.412,232.412,0.8,16.3,0.79,15.7,0.92,32.65,0.93,239.9,0.08,32.65,0.07,239.9,0.2,16.3,0.21,15.7,0.12,0.12,0.092841,1776207231000
1776207233.246,233.246,0.8,16.3,0.79,15.7,0.92,32.65,0.93,239.9,0.08,32.65,0.07,239.9,0.2,16.3,0.21,15.7,0.12,0.12,0.092841,1776207232000
1776207235.026,235.026,0.8,16.3,0.79,15.7,0.92,32.65,0.93,239.9,0.08,32.65,0.07,239.9,0.2,16.3,0.21,15.7,0.12,0.12,0.09284,1776207233000
1776207235.5,235.5,0.8,16.3,0.79,15.7,0.92,32.65,0.93,239.9,0.08,32.65,0.07,239.9,0.2,16.3,0.21,15.7,0.12,0.12,0.09284,1776207234000
1776207236.058,236.058,0.8,16.3,0.79,15.7,0.92,32.65,0.93,239.9,0.08,32.65,0.07,239.9,0.2,16.3,0.21,15.7,0.12,0.12,0.092839,1776207235000
1776207236.949,236.949,0.8,16.3,0.79,15.7,0.92,32.65,0.93,239.9,0.08,32.65,0.07,239.9,0.2,16.3,0.21,15.7,0.12,0.12,0.092839,1776207236000
1776207238.109,238.109,0.8,16.3,0.79,15.7,0.92,32.65,0.93,239.9,0.08,32.65,0.07,239.9,0.2,16.3,0.21,15.7,0.12,0.12,0.09284,1776207237000
1776207239.115,239.115,0.8,16.3,0.79,15.7,0.92,32.65,0.93,239.9,0.08,32.65,0.07,239.9,0.2,16.3,0.21,15.7,0.12,0.12,0.092839,1776207238000
1776207240.256,240.256,0.8,16.3,0.79,15.7,0.92,32.65,0.93,239.9,0.08,32.65,0.07,239.9,0.2,16.3,0.21,15.7,0.12,0.12,0.092839,1776207239000
1776207241.254,241.254,0.8,16.3,0.79,15.7,0.92,32.65,0.93,239.9,0.08,32.65,0.07,239.9,0.2,16.3,0.21,15.7,0.12,0.12,0.092838,1776207240000
1776207242.273,242.273,0.8,16.3,0.79,15.7,0.92,32.65,0.93,239.9,0.08,32.65,0.07,239.9,0.2,16.3,0.21,15.7,0.12,0.12,0.092839,1776207241000
1776207243.203,243.203,0.8,16.3,0.79,15.7,0.92,32.65,0.93,239.9,0.08,32.65,0.07,239.9,0.2,16.3,0.21,15.7,0.12,0.12,0.092833,1776207242000
1776207244.189,244.189,0.8,16.3,0.79,15.7,0.92,32.65,0.93,239.9,0.08,32.65,0.07,239.9,0.2,16.3,0.21,15.7,0.12,0.12,0.092833,1776207243000
1776207245.284,245.284,0.8,16.3,0.79,15.7,0.92,32.65,0.93,239.9,0.08,32.65,0.07,239.9,0.2,16.3,0.21,15.7,0.12,0.12,0.092834,1776207244000
1776207246.301,246.301,0.8,16.3,0.79,15.7,0.92,32.65,0.93,239.9,0.08,32.65,0.07,239.9,0.2,16.3,0.21,15.7,0.12,0.12,0.092833,1776207245000
1776207247.384,247.384,0.8,16.3,0.79,15.7,0.92,32.65,0.93,239.9,0.08,32.65,0.07,239.9,0.2,16.3,0.21,15.7,0.12,0.12,0.092834,1776207246000
1776207248.481,248.481,0.8,16.3,0.79,15.7,0.92,32.65,0.93,239.9,0.08,32.65,0.07,239.9,0.2,16.3,0.21,15.7,0.12,0.12,0.092834,1776207247000
1776207248.988,248.988,0.8,16.3,0.79,15.7,0.92,32.65,0.93,239.9,0.08,32.65,0.07,239.9,0.2,16.3,0.21,15.7,0.12,0.12,0.09283,1776207248000
1776207250.166,250.166,0.8,16.3,0.79,15.7,0.92,32.65,0.93,239.9,0.08,32.65,0.07,239.9,0.2,16.3,0.21,15.7,0.12,0.12,0.09283,1776207249000
1776207251.246,251.246,0.8,16.3,0.79,15.7,0.92,32.65,0.93,239.9,0.08,32.65,0.07,239.9,0.2,16.3,0.21,15.7,0.12,0.12,0.09283,1776207250000
1776207252.32,252.32,0.8,16.3,0.79,15.7,0.92,32.65,0.93,239.9,0.08,32.65,0.07,239.9,0.2,16.3,0.21,15.7,0.12,0.12,0.09283,1776207251000
1776207253.392,253.392,0.8,16.3,0.79,15.7,0.92,32.65,0.93,239.9,0.08,32.65,0.07,239.9,0.2,16.3,0.21,15.7,0.12,0.12,0.092823,1776207252000
1776207253.958,253.958,0.8,16.3,0.79,15.7,0.92,32.65,0.93,239.9,0.08,32.65,0.07,239.9,0.2,16.3,0.21,15.7,0.12,0.12,0.092822,1776207253000
1776207255.128,255.128,0.8,16.3,0.79,15.7,0.92,32.65,0.93,239.9,0.08,32.65,0.07,239.9,0.2,16.3,0.21,15.7,0.12,0.12,0.092823,1776207254000
1776207256.187,256.187,0.8,16.3,0.79,15.7,0.92,32.65,0.93,239.9,0.08,32.65,0.07,239.9,0.2,16.3,0.21,15.7,0.12,0.12,0.092823,1776207255000
1776207257.172,257.172,0.8,16.3,0.79,15.7,0.92,32.65,0.93,239.9,0.08,32.65,0.07,239.9,0.2,16.3,0.21,15.7,0.12,0.12,0.092823,1776207256000
1776207258.299,258.299,0.8,16.3,0.79,15.7,0.92,32.65,0.93,239.9,0.08,32.65,0.07,239.9,0.2,16.3,0.21,15.7,0.12,0.12,0.092818,1776207257000
1776207259.422,259.422,0.8,16.3,0.79,15.7,0.92,32.65,0.93,239.9,0.08,32.65,0.07,239.9,0.2,16.3,0.21,15.7,0.12,0.12,0.092818,1776207258000
1776207260.362,260.362,0.8,16.3,0.79,15.7,0.92,32.65,0.93,239.9,0.08,32.65,0.07,239.9,0.2,16.3,0.21,15.7,0.12,0.12,0.092818,1776207259000
1776207261.333,261.333,0.8,16.3,0.79,15.7,0.92,32.65,0.93,239.9,0.08,32.65,0.07,239.9,0.2,16.3,0.21,15.7,0.12,0.12,0.092818,1776207260000
1776207262.476,262.476,0.8,16.3,0.79,15.7,0.92,32.65,0.93,239.9,0.08,32.65,0.07,239.9,0.2,16.3,0.21,15.7,0.12,0.12,0.092817,1776207261000
1776207263.074,263.074,0.8,16.3,0.79,15.7,0.92,32.65,0.93,239.9,0.08,32.65,0.07,239.9,0.2,16.3,0.21,15.7,0.12,0.12,0.092817,1776207262000
1776207264.215,264.215,0.8,16.3,0.79,15.7,0.92,32.65,0.93,239.9,0.08,32.65,0.07,239.9,0.2,16.3,0.21,15.7,0.12,0.12,0.092818,1776207263000
1776207265.404,265.404,0.8,16.3,0.79,15.7,0.92,32.65,0.93,239.9,0.08,32.65,0.07,239.9,0.2,16.3,0.21,15.7,0.12,0.12,0.092819,1776207264000
1776207266.022,266.022,0.8,16.3,0.79,15.7,0.92,32.65,0.93,239.9,0.08,32.65,0.07,239.9,0.2,16.3,0.21,15.7,0.12,0.12,0.092818,1776207265000
1776207267.127,267.127,0.8,16.3,0.79,15.7,0.92,32.65,0.93,239.9,0.08,32.65,0.07,239.9,0.2,16.3,0.21,15.7,0.12,0.12,0.092818,1776207266000
1776207268.325,268.325,0.8,16.3,0.79,15.7,0.92,32.65,0.93,239.9,0.08,32.65,0.07,239.9,0.2,16.3,0.21,15.7,0.12,0.12,0.092819,1776207267000
1776207269.565,269.565,0.8,16.3,0.79,15.7,0.92,32.65,0.93,239.9,0.08,32.65,0.07,239.9,0.2,16.3,0.21,15.7,0.12,0.12,0.092818,1776207268000
1776207270.182,270.182,0.8,16.3,0.79,15.7,0.92,32.65,0.93,239.9,0.08,32.65,0.07,239.9,0.2,16.3,0.21,15.7,0.12,0.12,0.092818,1776207269000
1776207271.339,271.339,0.8,16.3,0.79,15.7,0.92,32.65,0.93,239.9,0.08,32.65,0.07,239.9,0.2,16.3,0.21,15.7,0.12,0.12,0.092818,1776207270000
1776207272.458,272.458,0.8,16.3,0.79,15.7,0.92,32.65,0.93,239.9,0.08,32.65,0.07,239.9,0.2,16.3,0.21,15.7,0.12,0.12,0.092819,1776207271000
1776207273.086,273.086,0.8,16.3,0.79,15.7,0.92,32.65,0.93,239.9,0.08,32.65,0.07,239.9,0.2,16.3,0.21,15.7,0.12,0.12,0.092826,1776207272000
1776207274.22,274.22,0.8,16.3,0.79,15.7,0.92,32.65,0.93,239.9,0.08,32.65,0.07,239.9,0.2,16.3,0.21,15.7,0.12,0.12,0.092826,1776207273000
1776207275.405,275.405,0.8,16.3,0.79,15.7,0.92,32.65,0.93,239.9,0.08,32.65,0.07,239.9,0.2,16.3,0.21,15.7,0.12,0.12,0.092826,1776207274000
1776207276.005,276.005,0.8,16.3,0.79,15.7,0.92,32.65,0.93,239.9,0.08,32.65,0.07,239.9,0.2,16.3,0.21,15.7,0.12,0.12,0.092826,1776207275000
1776207277.563,277.563,0.8,16.3,0.79,15.7,0.92,32.65,0.93,239.9,0.08,32.65,0.07,239.9,0.2,16.3,0.21,15.7,0.12,0.12,0.092825,1776207276000
1776207278.151,278.151,0.8,16.3,0.79,15.7,0.92,32.65,0.93,239.9,0.08,32.65,0.07,239.9,0.2,16.3,0.21,15.7,0.12,0.12,0.092825,1776207277000
1776207279.19,279.19,0.8,16.3,0.79,15.7,0.92,32.65,0.93,239.9,0.08,32.65,0.07,239.9,0.2,16.3,0.21,15.7,0.12,0.12,0.092825,1776207278000
1776207280.347,280.347,0.95,5.0,0.92,5.0,0.98,15.0,0.99,200.0,0.02,15.0,0.01,200.0,0.05,5.0,0.08,5.0,0.03,0.03,0.092825,1776207279000
1776207280.886,280.886,0.95,5.0,0.92,5.0,0.98,15.0,0.99,200.0,0.02,15.0,0.01,200.0,0.05,5.0,0.08,5.0,0.03,0.03,0.092825,1776207280000
1776207281.925,281.925,0.95,5.0,0.92,5.0,0.98,15.0,0.99,200.0,0.02,15.0,0.01,200.0,0.05,5.0,0.08,5.0,0.03,0.03,0.092825,1776207281000
1776207282.832,282.832,0.95,5.0,0.92,5.0,0.98,15.0,0.99,200.0,0.02,15.0,0.01,200.0,0.05,5.0,0.08,5.0,0.03,0.03,0.092825,1776207282000
1776207283.895,283.895,0.95,5.0,0.92,5.0,0.98,15.0,0.99,200.0,0.02,15.0,0.01,200.0,0.05,5.0,0.08,5.0,0.03,0.03,0.092825,1776207283000
1776207285.339,285.339,0.95,5.0,0.92,5.0,0.98,15.0,0.99,200.0,0.02,15.0,0.01,200.0,0.05,5.0,0.08,5.0,0.03,0.03,0.092826,1776207284000
1776207286.254,286.254,0.95,5.0,0.92,5.0,0.98,15.0,0.99,200.0,0.02,15.0,0.01,200.0,0.05,5.0,0.08,5.0,0.03,0.03,0.092826,1776207285000
1776207287.248,287.248,0.95,5.0,0.92,5.0,0.98,15.0,0.99,200.0,0.02,15.0,0.01,200.0,0.05,5.0,0.08,5.0,0.03,0.03,0.092826,1776207286000
1776207287.671,287.671,0.95,5.0,0.92,5.0,0.98,13.97,0.99,200.0,0.02,15.0,0.01,200.0,0.05,5.0,0.08,5.0,0.03,0.03,0.092826,1776207286000
1776207289.009,289.009,0.95,5.0,0.92,5.0,0.98,10.88,0.99,200.0,0.02,10.88,0.01,200.0,0.05,5.0,0.08,5.0,0.03,0.03,0.092824,1776207287000
1776207289.679,289.679,0.95,5.0,0.92,5.0,0.99,185.97,,,0.01,185.97,,,0.05,5.0,0.08,5.0,0.04,0.04,0.092826,1776207288000
1776207290.256,290.256,0.95,5.0,0.92,5.0,0.99,185.97,,,0.01,185.97,,,0.05,5.0,0.08,5.0,0.04,0.04,0.092826,1776207289000
1776207290.676,290.676,0.92,5.0,0.81,50.0,0.99,160.97,,,0.01,185.97,,,0.05,5.0,0.08,5.0,0.07,0.04,0.092826,1776207289000
1776207291.596,291.596,0.92,5.0,0.81,50.0,0.99,160.97,,,0.01,160.97,,,0.08,5.0,0.19,50.0,0.07,0.07,0.092826,1776207290000
1776207292.151,292.151,0.92,5.0,0.81,50.0,0.99,160.97,,,0.01,160.97,,,0.08,5.0,0.19,50.0,0.07,0.07,0.092824,1776207291000
1776207292.983,292.983,0.92,5.0,0.81,50.0,0.99,154.97,,,0.01,160.97,,,0.08,5.0,0.19,50.0,0.07,0.07,0.092824,1776207291000
1776207293.266,293.266,0.92,5.0,0.81,50.0,0.99,154.97,,,0.01,154.97,,,0.08,5.0,0.19,50.0,0.07,0.07,0.092824,1776207292000
1776207294.043,294.043,0.92,5.0,0.81,50.0,0.99,54.76,,,0.01,154.97,,,0.08,5.0,0.19,50.0,0.07,0.07,0.092824,1776207292000
1776207294.284,294.284,0.92,5.0,0.81,50.0,0.99,54.76,,,0.01,54.76,,,0.08,5.0,0.19,50.0,0.07,0.07,0.092824,1776207293000
1776207295.434,295.434,0.92,5.0,0.81,50.0,0.99,54.76,,,0.01,54.76,,,0.08,5.0,0.19,50.0,0.07,0.07,0.092825,1776207294000
1776207295.864,295.864,0.92,5.0,0.81,50.0,0.99,14.41,,,0.01,14.41,,,0.08,5.0,0.19,50.0,0.07,0.07,0.092825,1776207295000
1776207296.381,296.381,0.92,5.0,0.81,50.0,0.99,13.3,,,0.01,14.41,,,0.08,5.0,0.19,50.0,0.07,0.07,0.092825,1776207295000
1776207296.926,296.926,0.92,5.0,0.81,50.0,,,,,,,,,0.08,5.0,0.19,50.0,,,0.092825,1776207296000
1776207297.865,297.865,0.92,5.0,0.81,50.0,,,,,,,,,0.08,5.0,0.19,50.0,,,0.092824,1776207297000
1776207298.821,298.821,0.92,5.0,0.81,50.0,,,,,,,,,0.08,5.0,0.19,50.0,,,0.092884,1776207298000
1776207299.836,299.836,0.92,5.0,0.81,50.0,,,,,,,,,0.08,5.0,0.19,50.0,,,0.092886,1776207299000
1776207300.871,300.871,0.92,5.0,0.81,50.0,,,,,,,,,0.08,5.0,0.19,50.0,,,0.092886,1776207300000
1776207301.809,301.809,0.92,5.0,0.81,50.0,,,,,,,,,0.08,5.0,0.19,50.0,,,0.092885,1776207301000
1776207302.92,302.92,0.92,5.0,0.81,50.0,,,,,,,,,0.08,5.0,0.19,50.0,,,0.092879,1776207302000

# RESULT,winner=Up,slug=doge-updown-5m-1776207000,ticks=322
