timestamp,elapsed_sec,up_bid_p1,up_bid_s1,up_bid_p2,up_bid_s2,up_ask_p1,up_ask_s1,up_ask_p2,up_ask_s2,down_bid_p1,down_bid_s1,down_bid_p2,down_bid_s2,down_ask_p1,down_ask_s1,down_ask_p2,down_ask_s2,up_spread,down_spread,doge_price,doge_oracle_ts
1776397500.557,0.557,0.48,5.0,0.47,20.0,0.5,6.0,0.52,5.0,0.5,6.0,0.41,10.0,0.58,11.9,0.59,10.0,0.02,0.08,0.098018,1776397498000
1776397501.045,1.045,0.42,11.9,0.41,10.0,0.5,6.0,0.59,10.0,0.5,6.0,0.41,10.0,0.58,11.9,0.59,10.0,0.08,0.08,0.097999,1776397500000
1776397504.961,4.961,0.42,8.74,0.39,5.0,0.43,5.0,0.44,5.0,0.5,6.0,0.41,10.0,0.58,11.9,0.59,10.0,0.01,0.08,0.097978,1776397503000
1776397508.211,8.211,0.4,15.0,0.39,10.0,0.43,5.0,0.44,5.0,0.57,5.0,0.56,5.0,0.58,5.58,0.61,5.0,0.03,0.01,0.097959,1776397507000
1776397511.974,11.974,0.4,15.0,0.39,10.0,0.42,2.61,0.43,5.0,0.57,5.0,0.56,5.0,0.6,15.0,0.61,10.0,0.02,0.03,0.097959,1776397510000
1776397525.489,25.489,0.37,4.49,0.36,10.0,0.38,5.0,0.39,5.0,0.58,2.61,0.57,5.0,0.6,15.0,0.61,10.0,0.01,0.02,0.097947,1776397524000
1776397526.523,26.523,0.36,15.0,0.35,5.0,0.37,2.09,0.38,5.0,0.62,5.0,0.61,5.0,0.63,4.49,0.64,10.0,0.01,0.01,0.097947,1776397525000
1776397531.613,31.613,0.35,5.0,0.34,20.0,0.37,2.09,0.38,5.0,0.63,2.09,0.62,5.0,0.64,15.0,0.65,5.0,0.02,0.01,0.097926,1776397530000
1776397536.359,36.359,0.3,5.0,0.29,15.0,0.32,5.0,0.33,5.0,0.63,2.09,0.62,5.0,0.65,5.0,0.66,20.0,0.02,0.02,0.097937,1776397534000
1776397541.117,41.117,0.27,3.5,0.26,10.0,0.29,5.0,0.3,5.0,0.68,5.0,0.67,5.0,0.7,5.0,0.71,15.0,0.02,0.02,0.097922,1776397539000
1776397554.653,54.653,0.21,19.7,0.2,16.2,0.22,5.0,0.23,5.0,0.71,5.0,0.7,5.0,0.75,2.28,0.76,5.0,0.01,0.04,0.097904,1776397553000
1776397560.39,60.39,0.22,5.0,0.21,5.0,0.24,5.0,0.25,5.0,0.78,5.0,0.77,5.0,0.79,19.7,0.8,16.2,0.02,0.01,0.097903,1776397559000
1776397560.987,60.987,0.22,3.71,0.21,5.0,0.24,5.0,0.25,5.0,0.76,5.0,0.75,5.0,0.78,5.0,0.79,5.0,0.02,0.02,0.097903,1776397559000
1776397584.588,84.588,0.18,22.6,0.17,23.39,0.21,5.0,0.22,5.0,0.76,5.0,0.75,5.0,0.78,3.71,0.79,5.0,0.03,0.02,0.097905,1776397583000
1776397586.266,86.266,0.18,17.6,0.17,23.39,0.2,5.0,0.21,5.0,0.79,5.0,0.78,5.0,0.82,22.6,0.83,23.39,0.02,0.03,0.097907,1776397585000
1776397593.347,93.347,0.22,13.0,0.21,13.0,0.24,5.0,0.25,5.0,0.8,5.0,0.79,5.0,0.82,17.6,0.83,23.39,0.02,0.02,0.097908,1776397592000
1776397618.504,118.504,0.12,29.6,0.11,31.6,0.15,5.0,0.16,5.0,0.76,5.0,0.75,5.0,0.78,13.0,0.79,13.0,0.03,0.02,0.097891,1776397617000
1776397626.761,126.761,0.1,5.0,0.09,11.0,0.11,5.0,0.12,5.0,0.85,5.0,0.84,5.0,0.88,29.6,0.89,31.6,0.01,0.03,0.097874,1776397625000
1776397627.984,127.984,0.1,3.88,0.09,11.0,0.11,5.0,0.12,5.0,0.89,5.0,0.88,5.0,0.9,5.0,0.91,11.0,0.01,0.01,0.097882,1776397626000
1776397655.021,155.021,0.09,11.0,0.08,12.0,0.11,36.6,0.12,29.6,0.89,5.0,0.88,5.0,0.9,3.88,0.91,11.0,0.02,0.01,0.097855,1776397653000
1776397661.443,161.443,0.08,12.0,0.07,14.0,0.1,33.9,0.11,46.6,0.89,36.6,0.88,29.6,0.91,11.0,0.92,12.0,0.02,0.02,0.097841,1776397660000
1776397663.472,163.472,0.07,14.0,0.06,16.0,0.09,36.7,0.1,33.9,0.9,33.9,0.89,46.6,0.92,12.0,0.93,14.0,0.02,0.02,0.097839,1776397662000
1776397664.385,164.385,0.07,14.0,0.06,16.0,0.08,36.29,0.09,36.7,0.91,36.7,0.9,33.9,0.93,14.0,0.94,16.0,0.01,0.02,0.097836,1776397663000
1776397667.437,167.437,0.07,6.99,0.06,16.0,0.08,36.29,0.09,36.7,0.92,36.29,0.91,36.7,0.93,14.0,0.94,16.0,0.01,0.01,0.097834,1776397666000
1776397670.539,170.539,0.06,16.0,0.05,20.0,0.08,36.29,0.09,36.7,0.92,36.29,0.91,36.7,0.93,6.99,0.94,16.0,0.02,0.01,0.097833,1776397669000
1776397674.448,174.448,0.05,20.0,0.04,35.0,0.07,44.9,0.08,36.29,0.92,36.29,0.91,36.7,0.94,16.0,0.95,20.0,0.02,0.02,0.097835,1776397673000
1776397676.587,176.587,0.04,35.0,0.03,40.0,0.06,51.1,0.07,44.9,0.93,44.9,0.92,36.29,0.95,20.0,0.96,35.0,0.02,0.02,0.097832,1776397675000
1776397678.477,178.477,0.04,22.79,0.03,40.0,0.05,59.7,0.06,51.1,0.94,51.1,0.93,44.9,0.96,35.0,0.97,40.0,0.01,0.02,0.097832,1776397677000
1776397680.562,180.562,0.03,11.79,0.02,252.69,0.05,59.7,0.06,51.1,0.95,59.7,0.94,51.1,0.96,22.79,0.97,40.0,0.02,0.01,0.097831,1776397679000
1776397680.947,180.947,0.02,199.2,0.01,3007.6,0.04,5.0,0.05,59.7,0.95,59.7,0.94,51.1,0.97,11.79,0.98,252.69,0.02,0.02,0.097831,1776397680000
1776397682.468,182.468,0.02,65.39,0.01,3007.6,0.03,3.74,0.04,72.7,0.97,5.0,0.96,5.0,0.98,198.08,0.99,3007.6,0.01,0.01,0.097831,1776397681000
1776397691.976,191.976,0.03,89.3,0.02,198.08,0.04,0.04,0.05,11.0,0.97,3.74,0.96,72.7,0.98,65.39,0.99,3007.6,0.01,0.01,0.097855,1776397690000
1776397694.157,194.157,0.03,84.14,0.02,198.08,0.05,11.0,0.06,5.0,0.96,0.04,0.95,11.0,0.97,89.3,0.98,198.08,0.02,0.01,0.097856,1776397692000
1776397712.372,212.372,0.02,60.3,0.01,245.0,0.03,94.3,0.04,72.7,0.95,11.0,0.94,5.0,0.97,84.14,0.98,198.08,0.01,0.02,0.09782,1776397711000
1776397713.863,213.863,0.02,55.3,0.01,245.0,0.03,94.3,0.04,72.7,0.97,94.3,0.96,72.7,0.98,60.3,0.99,245.0,0.01,0.01,0.097818,1776397712000
1776397718.095,218.095,0.02,53.25,0.01,245.0,0.03,94.3,0.04,72.7,0.97,94.3,0.96,72.7,0.98,55.3,0.99,245.0,0.01,0.01,0.0978,1776397716000
1776397726.087,226.087,0.02,48.2,0.01,245.0,0.03,94.3,0.04,72.7,0.97,94.3,0.96,72.7,0.98,53.25,0.99,245.0,0.01,0.01,0.097813,1776397724000
1776397727.408,227.408,0.02,47.09,0.01,245.0,0.03,94.3,0.04,72.7,0.97,94.3,0.96,72.7,0.98,48.2,0.99,245.0,0.01,0.01,0.097813,1776397726000
1776397732.818,232.818,0.02,29.09,0.01,245.0,0.03,94.3,0.04,72.7,0.97,94.3,0.96,72.7,0.98,47.09,0.99,245.0,0.01,0.01,0.097792,1776397731000
1776397740.88,240.88,0.02,8.68,0.01,245.0,0.03,94.3,0.04,72.7,0.97,94.3,0.96,72.7,0.98,29.09,0.99,245.0,0.01,0.01,0.097802,1776397739000
1776397741.257,241.257,0.01,228.43,,,0.03,94.3,0.04,72.7,0.97,94.3,0.96,72.7,0.98,8.68,0.99,245.0,0.02,0.01,0.097803,1776397740000
1776397743.576,243.576,0.01,222.41,,,0.02,137.69,0.03,94.3,0.97,94.3,0.96,72.7,0.99,223.43,,,0.01,0.02,0.097803,1776397742000
1776397744.97,244.97,,,,,0.01,385.6,0.02,137.69,0.98,137.69,0.97,94.3,0.99,222.41,,,,0.01,0.097805,1776397743000
1776397764.558,264.558,,,,,0.01,160.14,0.02,137.69,0.99,719.61,0.98,137.69,,,,,,,0.097865,1776397763000

# RESULT,winner=Down,slug=doge-updown-5m-1776397500,ticks=44
