timestamp,elapsed_sec,up_bid_p1,up_bid_s1,up_bid_p2,up_bid_s2,up_ask_p1,up_ask_s1,up_ask_p2,up_ask_s2,down_bid_p1,down_bid_s1,down_bid_p2,down_bid_s2,down_ask_p1,down_ask_s1,down_ask_p2,down_ask_s2,up_spread,down_spread,doge_price,doge_oracle_ts
1776205201.471,1.471,0.33,300.0,0.31,375.0,0.5,5.0,0.67,300.0,0.5,5.0,0.33,300.0,0.67,300.0,0.69,375.0,0.17,0.17,0.09306,1776205200000
1776205201.749,1.749,0.33,300.0,0.31,375.0,0.5,5.0,0.67,300.0,0.5,5.0,0.33,300.0,0.67,300.0,0.69,375.0,0.17,0.17,0.09306,1776205200000
1776205202.093,2.093,0.33,300.0,0.31,375.0,0.5,5.0,0.67,300.0,0.5,5.0,0.33,300.0,0.67,300.0,0.69,375.0,0.17,0.17,0.093066,1776205201000
1776205203.036,3.036,0.33,300.0,0.31,375.0,0.5,5.0,0.67,300.0,0.5,5.0,0.33,300.0,0.67,300.0,0.69,375.0,0.17,0.17,0.093068,1776205202000
1776205203.661,3.661,0.31,375.0,0.27,450.0,0.51,45.39,0.61,50.0,0.5,5.0,0.33,300.0,0.67,300.0,0.69,375.0,0.2,0.17,0.093068,1776205202000
1776205204.136,4.136,0.31,375.0,0.27,450.0,0.51,45.39,0.61,50.0,0.49,45.39,0.39,50.0,0.69,375.0,0.73,450.0,0.2,0.2,0.093069,1776205203000
1776205205.244,5.244,0.31,375.0,0.27,450.0,0.51,45.39,0.61,50.0,0.49,45.39,0.39,50.0,0.69,375.0,0.73,450.0,0.2,0.2,0.093077,1776205204000
1776205205.94,5.94,0.41,10.0,0.4,10.0,0.45,2.0,0.59,5.0,0.49,45.39,0.39,50.0,0.69,375.0,0.73,450.0,0.04,0.2,0.093077,1776205204000
1776205206.285,6.285,0.41,10.0,0.4,10.0,0.59,5.0,0.61,50.0,0.55,2.0,0.41,5.0,0.59,10.0,0.6,10.0,0.18,0.04,0.093077,1776205204000
1776205207.322,7.322,0.41,10.0,0.4,10.0,0.59,5.0,0.61,50.0,0.41,5.0,0.39,50.0,0.59,10.0,0.6,10.0,0.18,0.18,0.093077,1776205206000
1776205207.784,7.784,0.44,34.4,0.43,10.0,0.66,8.4,0.67,5.0,0.41,5.0,0.39,50.0,0.59,10.0,0.6,10.0,0.22,0.18,0.093077,1776205206000
1776205208.793,8.793,0.44,34.4,0.43,10.0,0.66,8.4,0.67,5.0,0.34,8.4,0.33,5.0,0.56,34.4,0.57,10.0,0.22,0.22,0.093076,1776205207000
1776205209.794,9.794,0.44,34.4,0.43,10.0,0.66,8.4,0.67,5.0,0.34,8.4,0.33,5.0,0.56,34.4,0.57,10.0,0.22,0.22,0.093089,1776205208000
1776205210.458,10.458,0.44,34.4,0.43,10.0,0.66,8.4,0.67,5.0,0.34,8.4,0.33,5.0,0.56,34.4,0.57,10.0,0.22,0.22,0.093106,1776205209000
1776205211.226,11.226,0.44,34.4,0.43,10.0,0.66,8.4,0.67,5.0,0.34,8.4,0.33,5.0,0.56,34.4,0.57,10.0,0.22,0.22,0.093118,1776205210000
1776205212.671,12.671,0.44,34.4,0.43,10.0,0.66,8.4,0.67,5.0,0.34,8.4,0.33,5.0,0.56,34.4,0.57,10.0,0.22,0.22,0.093116,1776205211000
1776205213.372,13.372,0.44,34.4,0.43,10.0,0.66,8.4,0.67,5.0,0.34,8.4,0.33,5.0,0.56,34.4,0.57,10.0,0.22,0.22,0.093109,1776205212000
1776205214.101,14.101,0.44,34.4,0.43,10.0,0.66,8.4,0.67,5.0,0.34,8.4,0.33,5.0,0.56,34.4,0.57,10.0,0.22,0.22,0.093108,1776205213000
1776205215.364,15.364,0.44,34.4,0.43,10.0,0.66,8.4,0.67,5.0,0.34,8.4,0.33,5.0,0.56,34.4,0.57,10.0,0.22,0.22,0.093109,1776205214000
1776205216.06,16.06,0.44,34.4,0.43,10.0,0.66,8.4,0.67,5.0,0.34,8.4,0.33,5.0,0.56,34.4,0.57,10.0,0.22,0.22,0.093109,1776205215000
1776205217.472,17.472,0.44,34.4,0.43,10.0,0.66,8.4,0.67,5.0,0.34,8.4,0.33,5.0,0.56,34.4,0.57,10.0,0.22,0.22,0.093109,1776205216000
1776205218.142,18.142,0.44,34.4,0.43,10.0,0.66,8.4,0.67,5.0,0.34,8.4,0.33,5.0,0.56,34.4,0.57,10.0,0.22,0.22,0.093099,1776205217000
1776205218.582,18.582,0.51,23.0,0.5,10.0,0.67,5.0,0.68,5.0,0.34,8.4,0.33,5.0,0.56,34.4,0.57,10.0,0.16,0.22,0.093099,1776205217000
1776205219.611,19.611,0.51,23.0,0.5,10.0,0.67,5.0,0.68,5.0,0.33,5.0,0.32,5.0,0.49,23.0,0.5,10.0,0.16,0.16,0.093101,1776205218000
1776205220.411,20.411,0.51,23.0,0.5,10.0,0.67,5.0,0.68,5.0,0.33,5.0,0.32,5.0,0.49,23.0,0.5,10.0,0.16,0.16,0.0931,1776205219000
1776205221.096,21.096,0.51,23.0,0.5,10.0,0.67,5.0,0.68,5.0,0.33,5.0,0.32,5.0,0.49,23.0,0.5,10.0,0.16,0.16,0.093099,1776205220000
1776205222.267,22.267,0.51,23.0,0.5,10.0,0.67,5.0,0.68,5.0,0.33,5.0,0.32,5.0,0.49,23.0,0.5,10.0,0.16,0.16,0.093088,1776205221000
1776205222.907,22.907,0.51,23.0,0.5,10.0,0.67,5.0,0.68,5.0,0.33,5.0,0.32,5.0,0.49,23.0,0.5,10.0,0.16,0.16,0.093084,1776205222000
1776205224.015,24.015,0.51,23.0,0.5,10.0,0.67,5.0,0.68,5.0,0.33,5.0,0.32,5.0,0.49,23.0,0.5,10.0,0.16,0.16,0.093085,1776205223000
1776205225.234,25.234,0.51,23.0,0.5,10.0,0.67,5.0,0.68,5.0,0.33,5.0,0.32,5.0,0.49,23.0,0.5,10.0,0.16,0.16,0.093081,1776205224000
1776205225.519,25.519,0.49,5.0,0.44,10.0,0.62,1.77,0.63,5.0,0.33,5.0,0.32,5.0,0.49,23.0,0.5,10.0,0.13,0.16,0.093081,1776205224000
1776205226.398,26.398,0.49,5.0,0.44,10.0,0.62,1.77,0.63,5.0,0.38,1.77,0.37,5.0,0.51,5.0,0.56,10.0,0.13,0.13,0.093086,1776205225000
1776205226.972,26.972,0.49,5.0,0.44,10.0,0.62,1.77,0.63,5.0,0.38,1.77,0.37,5.0,0.51,5.0,0.56,10.0,0.13,0.13,0.093088,1776205226000
1776205228.105,28.105,0.49,5.0,0.44,10.0,0.62,1.77,0.63,5.0,0.38,1.77,0.37,5.0,0.51,5.0,0.56,10.0,0.13,0.13,0.093061,1776205227000
1776205229.173,29.173,0.49,5.0,0.44,10.0,0.62,1.77,0.63,5.0,0.38,1.77,0.37,5.0,0.51,5.0,0.56,10.0,0.13,0.13,0.093039,1776205228000
1776205230.758,30.758,0.49,5.0,0.44,10.0,0.62,1.77,0.63,5.0,0.38,1.77,0.37,5.0,0.51,5.0,0.56,10.0,0.13,0.13,0.093017,1776205229000
1776205231.375,31.375,0.49,5.0,0.44,10.0,0.62,1.77,0.63,5.0,0.38,1.77,0.37,5.0,0.51,5.0,0.56,10.0,0.13,0.13,0.093014,1776205230000
1776205231.96,31.96,0.49,5.0,0.44,10.0,0.62,1.77,0.63,5.0,0.38,1.77,0.37,5.0,0.51,5.0,0.56,10.0,0.13,0.13,0.093003,1776205231000
1776205232.18,32.18,0.3,5.0,0.25,20.0,0.37,5.0,0.42,5.0,0.38,1.77,0.37,5.0,0.51,5.0,0.56,10.0,0.07,0.13,0.093003,1776205231000
1776205233.163,33.163,0.3,5.0,0.25,20.0,0.37,5.0,0.42,5.0,0.63,5.0,0.58,5.0,0.7,5.0,0.75,20.0,0.07,0.07,0.093011,1776205232000
1776205233.806,33.806,0.24,20.0,0.18,10.0,0.34,5.0,0.39,5.0,0.63,5.0,0.58,5.0,0.7,5.0,0.75,20.0,0.1,0.07,0.093011,1776205232000
1776205234.455,34.455,0.24,20.0,0.18,10.0,0.34,5.0,0.39,5.0,0.66,5.0,0.61,5.0,0.76,20.0,0.82,10.0,0.1,0.1,0.093012,1776205233000
1776205235.065,35.065,0.24,20.0,0.18,10.0,0.34,5.0,0.39,5.0,0.66,5.0,0.61,5.0,0.76,20.0,0.82,10.0,0.1,0.1,0.093,1776205234000
1776205236.209,36.209,0.24,20.0,0.18,10.0,0.34,5.0,0.39,5.0,0.66,5.0,0.61,5.0,0.76,20.0,0.82,10.0,0.1,0.1,0.093006,1776205235000
1776205237.459,37.459,0.24,20.0,0.18,10.0,0.34,5.0,0.39,5.0,0.66,5.0,0.61,5.0,0.76,20.0,0.82,10.0,0.1,0.1,0.093016,1776205236000
1776205238.016,38.016,0.24,20.0,0.18,10.0,0.34,5.0,0.39,5.0,0.66,5.0,0.61,5.0,0.76,20.0,0.82,10.0,0.1,0.1,0.093016,1776205237000
1776205240.804,40.804,0.24,20.0,0.18,10.0,0.34,5.0,0.39,5.0,0.66,5.0,0.61,5.0,0.76,20.0,0.82,10.0,0.1,0.1,0.093003,1776205239000
1776205241.37,41.37,0.24,20.0,0.18,10.0,0.34,5.0,0.39,5.0,0.66,5.0,0.61,5.0,0.76,20.0,0.82,10.0,0.1,0.1,0.093005,1776205240000
1776205241.945,41.945,0.24,20.0,0.18,10.0,0.34,5.0,0.39,5.0,0.66,5.0,0.61,5.0,0.76,20.0,0.82,10.0,0.1,0.1,0.093005,1776205241000
1776205243.2,43.2,0.24,20.0,0.18,10.0,0.34,5.0,0.39,5.0,0.66,5.0,0.61,5.0,0.76,20.0,0.82,10.0,0.1,0.1,0.093005,1776205242000
1776205244.584,44.584,0.24,20.0,0.18,10.0,0.34,5.0,0.39,5.0,0.66,5.0,0.61,5.0,0.76,20.0,0.82,10.0,0.1,0.1,0.092998,1776205243000
1776205245.367,45.367,0.24,20.0,0.18,10.0,0.34,5.0,0.39,5.0,0.66,5.0,0.61,5.0,0.76,20.0,0.82,10.0,0.1,0.1,0.093005,1776205244000
1776205245.962,45.962,0.24,20.0,0.18,10.0,0.34,5.0,0.39,5.0,0.66,5.0,0.61,5.0,0.76,20.0,0.82,10.0,0.1,0.1,0.093005,1776205245000
1776205247.358,47.358,0.24,20.0,0.18,10.0,0.34,5.0,0.39,5.0,0.66,5.0,0.61,5.0,0.76,20.0,0.82,10.0,0.1,0.1,0.093004,1776205246000
1776205248.784,48.784,0.24,20.0,0.18,10.0,0.34,5.0,0.39,5.0,0.66,5.0,0.61,5.0,0.76,20.0,0.82,10.0,0.1,0.1,0.093012,1776205247000
1776205249.366,49.366,0.24,20.0,0.18,10.0,0.34,5.0,0.39,5.0,0.66,5.0,0.61,5.0,0.76,20.0,0.82,10.0,0.1,0.1,0.093011,1776205248000
1776205249.878,49.878,0.24,20.0,0.18,10.0,0.34,5.0,0.39,5.0,0.66,5.0,0.61,5.0,0.76,20.0,0.82,10.0,0.1,0.1,0.093004,1776205249000
1776205250.953,50.953,0.24,20.0,0.18,10.0,0.34,5.0,0.39,5.0,0.66,5.0,0.61,5.0,0.76,20.0,0.82,10.0,0.1,0.1,0.092985,1776205250000
1776205252.057,52.057,0.24,20.0,0.18,10.0,0.34,5.0,0.39,5.0,0.66,5.0,0.61,5.0,0.76,20.0,0.82,10.0,0.1,0.1,0.093002,1776205251000
1776205253.445,53.445,0.24,20.0,0.18,10.0,0.34,5.0,0.39,5.0,0.66,5.0,0.61,5.0,0.76,20.0,0.82,10.0,0.1,0.1,0.093016,1776205252000
1776205253.947,53.947,0.24,20.0,0.18,10.0,0.34,5.0,0.39,5.0,0.66,5.0,0.61,5.0,0.76,20.0,0.82,10.0,0.1,0.1,0.093016,1776205253000
1776205255.127,55.127,0.24,20.0,0.18,10.0,0.34,5.0,0.39,5.0,0.66,5.0,0.61,5.0,0.76,20.0,0.82,10.0,0.1,0.1,0.093015,1776205254000
1776205256.119,56.119,0.24,20.0,0.18,10.0,0.34,5.0,0.39,5.0,0.66,5.0,0.61,5.0,0.76,20.0,0.82,10.0,0.1,0.1,0.093014,1776205255000
1776205257.293,57.293,0.24,20.0,0.18,10.0,0.34,5.0,0.39,5.0,0.66,5.0,0.61,5.0,0.76,20.0,0.82,10.0,0.1,0.1,0.093015,1776205256000
1776205258.491,58.491,0.24,20.0,0.18,10.0,0.34,5.0,0.39,5.0,0.66,5.0,0.61,5.0,0.76,20.0,0.82,10.0,0.1,0.1,0.093021,1776205257000
1776205259.125,59.125,0.24,20.0,0.18,10.0,0.34,5.0,0.39,5.0,0.66,5.0,0.61,5.0,0.76,20.0,0.82,10.0,0.1,0.1,0.093016,1776205258000
1776205260.127,60.127,0.24,20.0,0.18,10.0,0.34,5.0,0.39,5.0,0.66,5.0,0.61,5.0,0.76,20.0,0.82,10.0,0.1,0.1,0.093021,1776205259000
1776205261.318,61.318,0.24,20.0,0.18,10.0,0.34,5.0,0.39,5.0,0.66,5.0,0.61,5.0,0.76,20.0,0.82,10.0,0.1,0.1,0.093021,1776205260000
1776205262.451,62.451,0.24,20.0,0.18,10.0,0.34,5.0,0.39,5.0,0.66,5.0,0.61,5.0,0.76,20.0,0.82,10.0,0.1,0.1,0.093021,1776205261000
1776205262.964,62.964,0.24,20.0,0.18,10.0,0.34,5.0,0.39,5.0,0.66,5.0,0.61,5.0,0.76,20.0,0.82,10.0,0.1,0.1,0.093021,1776205262000
1776205264.048,64.048,0.24,20.0,0.18,10.0,0.34,5.0,0.39,5.0,0.66,5.0,0.61,5.0,0.76,20.0,0.82,10.0,0.1,0.1,0.093021,1776205263000
1776205265.165,65.165,0.24,20.0,0.18,10.0,0.34,5.0,0.39,5.0,0.66,5.0,0.61,5.0,0.76,20.0,0.82,10.0,0.1,0.1,0.093021,1776205264000
1776205266.295,66.295,0.24,20.0,0.18,10.0,0.34,5.0,0.39,5.0,0.66,5.0,0.61,5.0,0.76,20.0,0.82,10.0,0.1,0.1,0.093017,1776205265000
1776205267.308,67.308,0.24,20.0,0.18,10.0,0.34,5.0,0.39,5.0,0.66,5.0,0.61,5.0,0.76,20.0,0.82,10.0,0.1,0.1,0.093018,1776205266000
1776205267.964,67.964,0.24,20.0,0.18,10.0,0.34,5.0,0.39,5.0,0.66,5.0,0.61,5.0,0.76,20.0,0.82,10.0,0.1,0.1,0.093018,1776205267000
1776205269.066,69.066,0.24,20.0,0.18,10.0,0.34,5.0,0.39,5.0,0.66,5.0,0.61,5.0,0.76,20.0,0.82,10.0,0.1,0.1,0.093021,1776205268000
1776205270.158,70.158,0.24,20.0,0.18,10.0,0.34,5.0,0.39,5.0,0.66,5.0,0.61,5.0,0.76,20.0,0.82,10.0,0.1,0.1,0.093019,1776205269000
1776205271.834,71.834,0.24,20.0,0.18,10.0,0.34,5.0,0.39,5.0,0.66,5.0,0.61,5.0,0.76,20.0,0.82,10.0,0.1,0.1,0.093019,1776205270000
1776205272.313,72.313,0.24,20.0,0.18,10.0,0.34,5.0,0.39,5.0,0.66,5.0,0.61,5.0,0.76,20.0,0.82,10.0,0.1,0.1,0.09302,1776205271000
1776205273.406,73.406,0.24,20.0,0.18,10.0,0.34,5.0,0.39,5.0,0.66,5.0,0.61,5.0,0.76,20.0,0.82,10.0,0.1,0.1,0.09302,1776205272000
1776205273.93,73.93,0.24,20.0,0.18,10.0,0.34,5.0,0.39,5.0,0.66,5.0,0.61,5.0,0.76,20.0,0.82,10.0,0.1,0.1,0.09302,1776205273000
1776205274.998,74.998,0.24,20.0,0.18,10.0,0.34,5.0,0.39,5.0,0.66,5.0,0.61,5.0,0.76,20.0,0.82,10.0,0.1,0.1,0.09302,1776205274000
1776205276.077,76.077,0.33,8.3,0.32,11.9,0.42,5.0,0.46,5.0,0.58,5.0,0.54,5.0,0.67,8.3,0.68,11.9,0.09,0.09,0.093019,1776205275000
1776205277.101,77.101,0.33,8.3,0.32,11.9,0.42,5.0,0.46,5.0,0.58,5.0,0.54,5.0,0.67,8.3,0.68,11.9,0.09,0.09,0.093019,1776205276000
1776205278.194,78.194,0.33,8.3,0.32,11.9,0.42,5.0,0.46,5.0,0.58,5.0,0.54,5.0,0.67,8.3,0.68,11.9,0.09,0.09,0.093019,1776205277000
1776205279.223,79.223,0.33,8.3,0.32,11.9,0.42,5.0,0.46,5.0,0.58,5.0,0.54,5.0,0.67,8.3,0.68,11.9,0.09,0.09,0.09302,1776205278000
1776205280.181,80.181,0.33,8.3,0.32,11.9,0.42,5.0,0.46,5.0,0.58,5.0,0.54,5.0,0.67,8.3,0.68,11.9,0.09,0.09,0.09302,1776205279000
1776205281.286,81.286,0.33,8.3,0.32,11.9,0.42,5.0,0.46,5.0,0.58,5.0,0.54,5.0,0.67,8.3,0.68,11.9,0.09,0.09,0.09302,1776205280000
1776205282.227,82.227,0.33,8.3,0.32,11.9,0.42,5.0,0.46,5.0,0.58,5.0,0.54,5.0,0.67,8.3,0.68,11.9,0.09,0.09,0.093021,1776205281000
1776205283.283,83.283,0.33,8.3,0.32,11.9,0.42,5.0,0.46,5.0,0.58,5.0,0.54,5.0,0.67,8.3,0.68,11.9,0.09,0.09,0.093021,1776205282000
1776205284.317,84.317,0.33,8.3,0.32,11.9,0.42,5.0,0.46,5.0,0.58,5.0,0.54,5.0,0.67,8.3,0.68,11.9,0.09,0.09,0.093022,1776205283000
1776205286.561,86.561,0.33,8.3,0.32,11.9,0.42,5.0,0.46,5.0,0.58,5.0,0.54,5.0,0.67,8.3,0.68,11.9,0.09,0.09,0.093024,1776205285000
1776205287.132,87.132,0.33,8.3,0.32,11.9,0.42,5.0,0.46,5.0,0.58,5.0,0.54,5.0,0.67,8.3,0.68,11.9,0.09,0.09,0.093026,1776205286000
1776205288.174,88.174,0.33,8.3,0.32,11.9,0.42,5.0,0.46,5.0,0.58,5.0,0.54,5.0,0.67,8.3,0.68,11.9,0.09,0.09,0.093031,1776205287000
1776205289.203,89.203,0.33,8.3,0.32,11.9,0.42,5.0,0.46,5.0,0.58,5.0,0.54,5.0,0.67,8.3,0.68,11.9,0.09,0.09,0.093031,1776205288000
1776205290.242,90.242,0.33,8.3,0.32,11.9,0.42,5.0,0.46,5.0,0.58,5.0,0.54,5.0,0.67,8.3,0.68,11.9,0.09,0.09,0.093035,1776205289000
1776205291.228,91.228,0.33,8.3,0.32,11.9,0.42,5.0,0.46,5.0,0.58,5.0,0.54,5.0,0.67,8.3,0.68,11.9,0.09,0.09,0.093029,1776205290000
1776205292.279,92.279,0.33,8.3,0.32,11.9,0.42,5.0,0.46,5.0,0.58,5.0,0.54,5.0,0.67,8.3,0.68,11.9,0.09,0.09,0.093019,1776205291000
1776205293.174,93.174,0.33,8.3,0.32,11.9,0.42,5.0,0.46,5.0,0.58,5.0,0.54,5.0,0.67,8.3,0.68,11.9,0.09,0.09,0.093018,1776205292000
1776205294.172,94.172,0.33,8.3,0.32,11.9,0.42,5.0,0.46,5.0,0.58,5.0,0.54,5.0,0.67,8.3,0.68,11.9,0.09,0.09,0.093019,1776205293000
1776205295.157,95.157,0.33,8.3,0.32,11.9,0.42,5.0,0.46,5.0,0.58,5.0,0.54,5.0,0.67,8.3,0.68,11.9,0.09,0.09,0.093019,1776205294000
1776205296.069,96.069,0.33,8.3,0.32,11.9,0.42,5.0,0.46,5.0,0.58,5.0,0.54,5.0,0.67,8.3,0.68,11.9,0.09,0.09,0.093022,1776205295000
1776205297.045,97.045,0.33,8.3,0.32,11.9,0.42,5.0,0.46,5.0,0.58,5.0,0.54,5.0,0.67,8.3,0.68,11.9,0.09,0.09,0.093019,1776205296000
1776205298.082,98.082,0.33,8.3,0.32,11.9,0.42,5.0,0.46,5.0,0.58,5.0,0.54,5.0,0.67,8.3,0.68,11.9,0.09,0.09,0.093019,1776205297000
1776205299.832,99.832,0.33,8.3,0.32,11.9,0.42,5.0,0.46,5.0,0.58,5.0,0.54,5.0,0.67,8.3,0.68,11.9,0.09,0.09,0.093016,1776205298000
1776205300.657,100.657,0.33,8.3,0.32,11.9,0.42,5.0,0.46,5.0,0.58,5.0,0.54,5.0,0.67,8.3,0.68,11.9,0.09,0.09,0.093018,1776205299000
1776205301.21,101.21,0.33,8.3,0.32,11.9,0.42,5.0,0.46,5.0,0.58,5.0,0.54,5.0,0.67,8.3,0.68,11.9,0.09,0.09,0.093018,1776205300000
1776205302.424,102.424,0.33,8.3,0.32,11.9,0.42,5.0,0.46,5.0,0.58,5.0,0.54,5.0,0.67,8.3,0.68,11.9,0.09,0.09,0.093016,1776205301000
1776205303.006,103.006,0.33,8.3,0.32,11.9,0.42,5.0,0.46,5.0,0.58,5.0,0.54,5.0,0.67,8.3,0.68,11.9,0.09,0.09,0.093016,1776205302000
1776205304.402,104.402,0.33,8.3,0.32,11.9,0.42,5.0,0.46,5.0,0.58,5.0,0.54,5.0,0.67,8.3,0.68,11.9,0.09,0.09,0.093012,1776205303000
1776205305.02,105.02,0.33,8.3,0.32,11.9,0.42,5.0,0.46,5.0,0.58,5.0,0.54,5.0,0.67,8.3,0.68,11.9,0.09,0.09,0.093009,1776205304000
1776205306.3,106.3,0.33,8.3,0.32,11.9,0.42,5.0,0.46,5.0,0.58,5.0,0.54,5.0,0.67,8.3,0.68,11.9,0.09,0.09,0.093011,1776205305000
1776205307.486,107.486,0.33,8.3,0.32,11.9,0.42,5.0,0.46,5.0,0.58,5.0,0.54,5.0,0.67,8.3,0.68,11.9,0.09,0.09,0.09301,1776205306000
1776205308.039,108.039,0.33,8.3,0.32,11.9,0.42,5.0,0.46,5.0,0.58,5.0,0.54,5.0,0.67,8.3,0.68,11.9,0.09,0.09,0.09301,1776205307000
1776205309.239,109.239,0.33,8.3,0.32,11.9,0.42,5.0,0.46,5.0,0.58,5.0,0.54,5.0,0.67,8.3,0.68,11.9,0.09,0.09,0.093011,1776205308000
1776205310.494,110.494,0.33,8.3,0.32,11.9,0.42,5.0,0.46,5.0,0.58,5.0,0.54,5.0,0.67,8.3,0.68,11.9,0.09,0.09,0.092995,1776205309000
1776205311.258,111.258,0.33,8.3,0.32,11.9,0.42,5.0,0.46,5.0,0.58,5.0,0.54,5.0,0.67,8.3,0.68,11.9,0.09,0.09,0.093003,1776205310000
1776205312.655,112.655,0.33,8.3,0.32,11.9,0.42,5.0,0.46,5.0,0.58,5.0,0.54,5.0,0.67,8.3,0.68,11.9,0.09,0.09,0.093003,1776205311000
1776205313.227,113.227,0.33,8.3,0.32,11.9,0.42,5.0,0.46,5.0,0.58,5.0,0.54,5.0,0.67,8.3,0.68,11.9,0.09,0.09,0.092999,1776205312000
1776205314.511,114.511,0.33,8.3,0.32,11.9,0.42,5.0,0.46,5.0,0.58,5.0,0.54,5.0,0.67,8.3,0.68,11.9,0.09,0.09,0.093003,1776205313000
1776205315.103,115.103,0.33,8.3,0.32,11.9,0.42,5.0,0.46,5.0,0.58,5.0,0.54,5.0,0.67,8.3,0.68,11.9,0.09,0.09,0.093,1776205314000
1776205316.274,116.274,0.33,8.3,0.32,11.9,0.42,5.0,0.46,5.0,0.58,5.0,0.54,5.0,0.67,8.3,0.68,11.9,0.09,0.09,0.093001,1776205315000
1776205316.845,116.845,0.33,8.3,0.32,11.9,0.42,5.0,0.46,5.0,0.58,5.0,0.54,5.0,0.67,8.3,0.68,11.9,0.09,0.09,0.093001,1776205316000
1776205317.905,117.905,0.33,8.3,0.32,11.9,0.42,5.0,0.46,5.0,0.58,5.0,0.54,5.0,0.67,8.3,0.68,11.9,0.09,0.09,0.093003,1776205317000
1776205319.018,119.018,0.33,8.3,0.32,11.9,0.42,5.0,0.46,5.0,0.58,5.0,0.54,5.0,0.67,8.3,0.68,11.9,0.09,0.09,0.093006,1776205318000
1776205320.085,120.085,0.33,8.3,0.32,11.9,0.42,5.0,0.46,5.0,0.58,5.0,0.54,5.0,0.67,8.3,0.68,11.9,0.09,0.09,0.093004,1776205319000
1776205321.196,121.196,0.33,8.3,0.32,11.9,0.42,5.0,0.46,5.0,0.58,5.0,0.54,5.0,0.67,8.3,0.68,11.9,0.09,0.09,0.093005,1776205320000
1776205322.338,122.338,0.33,8.3,0.32,11.9,0.42,5.0,0.46,5.0,0.58,5.0,0.54,5.0,0.67,8.3,0.68,11.9,0.09,0.09,0.093005,1776205321000
1776205323.504,123.504,0.33,8.3,0.32,11.9,0.42,5.0,0.46,5.0,0.58,5.0,0.54,5.0,0.67,8.3,0.68,11.9,0.09,0.09,0.093007,1776205322000
1776205324.035,124.035,0.33,8.3,0.32,11.9,0.42,5.0,0.46,5.0,0.58,5.0,0.54,5.0,0.67,8.3,0.68,11.9,0.09,0.09,0.093004,1776205323000
1776205325.167,125.167,0.33,8.3,0.32,11.9,0.42,5.0,0.46,5.0,0.58,5.0,0.54,5.0,0.67,8.3,0.68,11.9,0.09,0.09,0.093004,1776205324000
1776205326.219,126.219,0.33,8.3,0.32,11.9,0.42,5.0,0.46,5.0,0.58,5.0,0.54,5.0,0.67,8.3,0.68,11.9,0.09,0.09,0.093003,1776205325000
1776205327.307,127.307,0.33,8.3,0.32,11.9,0.42,5.0,0.46,5.0,0.58,5.0,0.54,5.0,0.67,8.3,0.68,11.9,0.09,0.09,0.093003,1776205326000
1776205328.554,128.554,0.33,8.3,0.32,11.9,0.42,5.0,0.46,5.0,0.58,5.0,0.54,5.0,0.67,8.3,0.68,11.9,0.09,0.09,0.093003,1776205327000
1776205329.05,129.05,0.33,8.3,0.32,11.9,0.42,5.0,0.46,5.0,0.58,5.0,0.54,5.0,0.67,8.3,0.68,11.9,0.09,0.09,0.093005,1776205328000
1776205330.894,130.894,0.33,8.3,0.32,11.9,0.42,5.0,0.46,5.0,0.58,5.0,0.54,5.0,0.67,8.3,0.68,11.9,0.09,0.09,0.093005,1776205329000
1776205331.554,131.554,0.33,8.3,0.32,11.9,0.42,5.0,0.46,5.0,0.58,5.0,0.54,5.0,0.67,8.3,0.68,11.9,0.09,0.09,0.093004,1776205330000
1776205332.334,132.334,0.33,8.3,0.32,11.9,0.42,5.0,0.46,5.0,0.58,5.0,0.54,5.0,0.67,8.3,0.68,11.9,0.09,0.09,0.093004,1776205331000
1776205332.882,132.882,0.33,8.3,0.32,11.9,0.42,5.0,0.46,5.0,0.58,5.0,0.54,5.0,0.67,8.3,0.68,11.9,0.09,0.09,0.093004,1776205332000
1776205334.086,134.086,0.33,8.3,0.32,11.9,0.42,5.0,0.46,5.0,0.58,5.0,0.54,5.0,0.67,8.3,0.68,11.9,0.09,0.09,0.093002,1776205333000
1776205335.26,135.26,0.33,8.3,0.32,11.9,0.42,5.0,0.46,5.0,0.58,5.0,0.54,5.0,0.67,8.3,0.68,11.9,0.09,0.09,0.093001,1776205334000
1776205336.475,136.475,0.33,8.3,0.32,11.9,0.42,5.0,0.46,5.0,0.58,5.0,0.54,5.0,0.67,8.3,0.68,11.9,0.09,0.09,0.092998,1776205335000
1776205336.964,136.964,0.33,8.3,0.32,11.9,0.42,5.0,0.46,5.0,0.58,5.0,0.54,5.0,0.67,8.3,0.68,11.9,0.09,0.09,0.092998,1776205336000
1776205338.103,138.103,0.33,8.3,0.32,11.9,0.42,5.0,0.46,5.0,0.58,5.0,0.54,5.0,0.67,8.3,0.68,11.9,0.09,0.09,0.093,1776205337000
1776205339.199,139.199,0.33,8.3,0.32,11.9,0.42,5.0,0.46,5.0,0.58,5.0,0.54,5.0,0.67,8.3,0.68,11.9,0.09,0.09,0.093001,1776205338000
1776205340.29,140.29,0.33,8.3,0.32,11.9,0.42,5.0,0.46,5.0,0.58,5.0,0.54,5.0,0.67,8.3,0.68,11.9,0.09,0.09,0.093001,1776205339000
1776205341.391,141.391,0.33,8.3,0.32,11.9,0.42,5.0,0.46,5.0,0.58,5.0,0.54,5.0,0.67,8.3,0.68,11.9,0.09,0.09,0.093005,1776205340000
1776205341.913,141.913,0.33,8.3,0.32,11.9,0.42,5.0,0.46,5.0,0.58,5.0,0.54,5.0,0.67,8.3,0.68,11.9,0.09,0.09,0.093005,1776205341000
1776205343.014,143.014,0.33,8.3,0.32,11.9,0.42,5.0,0.46,5.0,0.58,5.0,0.54,5.0,0.67,8.3,0.68,11.9,0.09,0.09,0.093005,1776205342000
1776205344.182,144.182,0.33,8.3,0.32,11.9,0.42,5.0,0.46,5.0,0.58,5.0,0.54,5.0,0.67,8.3,0.68,11.9,0.09,0.09,0.093005,1776205343000
1776205345.991,145.991,0.33,8.3,0.32,11.9,0.42,5.0,0.46,5.0,0.58,5.0,0.54,5.0,0.67,8.3,0.68,11.9,0.09,0.09,0.093005,1776205344000
1776205346.486,146.486,0.33,8.3,0.32,11.9,0.42,5.0,0.46,5.0,0.58,5.0,0.54,5.0,0.67,8.3,0.68,11.9,0.09,0.09,0.093005,1776205345000
1776205346.989,146.989,0.33,8.3,0.32,11.9,0.42,5.0,0.46,5.0,0.58,5.0,0.54,5.0,0.67,8.3,0.68,11.9,0.09,0.09,0.093006,1776205346000
1776205347.979,147.979,0.33,8.3,0.32,11.9,0.42,5.0,0.46,5.0,0.58,5.0,0.54,5.0,0.67,8.3,0.68,11.9,0.09,0.09,0.093006,1776205347000
1776205349.014,149.014,0.24,13.9,0.23,14.7,0.35,10.0,0.41,55.0,0.65,10.0,0.59,55.0,0.76,13.9,0.77,14.7,0.11,0.11,0.093012,1776205348000
1776205349.702,149.702,0.29,5.0,0.27,13.2,0.35,5.0,0.44,5.0,0.65,10.0,0.59,55.0,0.76,13.9,0.77,14.7,0.06,0.11,0.093012,1776205348000
1776205350.844,150.844,0.29,5.0,0.27,13.2,0.35,5.0,0.44,5.0,0.65,5.0,0.56,5.0,0.71,5.0,0.73,13.2,0.06,0.06,0.093029,1776205350000
1776205351.375,151.375,0.3,12.4,0.29,17.6,0.35,5.0,0.44,5.0,0.65,5.0,0.56,5.0,0.71,5.0,0.73,13.2,0.05,0.06,0.093029,1776205350000
1776205351.788,151.788,0.3,12.4,0.29,17.6,0.35,5.0,0.44,5.0,0.65,5.0,0.56,5.0,0.7,12.4,0.71,17.6,0.05,0.05,0.093037,1776205351000
1776205353.264,153.264,0.3,12.4,0.29,17.6,0.35,5.0,0.44,5.0,0.65,5.0,0.56,5.0,0.7,12.4,0.71,17.6,0.05,0.05,0.093035,1776205352000
1776205353.522,153.522,0.33,1.85,0.32,11.9,0.35,5.0,0.44,5.0,0.65,5.0,0.56,5.0,0.7,12.4,0.71,17.6,0.02,0.05,0.093035,1776205352000
1776205354.032,154.032,0.34,11.6,0.33,1.85,0.44,5.0,0.48,5.0,0.65,5.0,0.56,5.0,0.67,1.85,0.68,11.9,0.1,0.02,0.093035,1776205352000
1776205354.237,154.237,0.34,11.6,0.33,1.85,0.44,5.0,0.48,5.0,0.56,5.0,0.52,5.0,0.66,11.6,0.67,1.85,0.1,0.1,0.093035,1776205353000
1776205355.203,155.203,0.34,11.6,0.33,1.85,0.44,5.0,0.48,5.0,0.56,5.0,0.52,5.0,0.66,11.6,0.67,1.85,0.1,0.1,0.093037,1776205354000
1776205356.181,156.181,0.34,11.6,0.33,1.85,0.44,5.0,0.48,5.0,0.56,5.0,0.52,5.0,0.66,11.6,0.67,1.85,0.1,0.1,0.093039,1776205355000
1776205357.202,157.202,0.34,11.6,0.33,1.85,0.44,5.0,0.48,5.0,0.56,5.0,0.52,5.0,0.66,11.6,0.67,1.85,0.1,0.1,0.093032,1776205356000
1776205358.755,158.755,0.34,11.6,0.33,1.85,0.44,5.0,0.48,5.0,0.56,5.0,0.52,5.0,0.66,11.6,0.67,1.85,0.1,0.1,0.093039,1776205357000
1776205359.381,159.381,0.34,11.6,0.33,1.85,0.44,5.0,0.48,5.0,0.56,5.0,0.52,5.0,0.66,11.6,0.67,1.85,0.1,0.1,0.093039,1776205358000
1776205360.061,160.061,0.34,11.6,0.33,1.85,0.44,5.0,0.48,5.0,0.56,5.0,0.52,5.0,0.66,11.6,0.67,1.85,0.1,0.1,0.093039,1776205359000
1776205361.505,161.505,0.34,11.6,0.33,1.85,0.44,5.0,0.48,5.0,0.56,5.0,0.52,5.0,0.66,11.6,0.67,1.85,0.1,0.1,0.093044,1776205360000
1776205362.186,162.186,0.34,11.6,0.33,1.85,0.44,5.0,0.48,5.0,0.56,5.0,0.52,5.0,0.66,11.6,0.67,1.85,0.1,0.1,0.093044,1776205361000
1776205362.395,162.395,0.32,10.62,0.31,12.2,0.44,5.0,0.48,5.0,0.56,5.0,0.52,5.0,0.66,11.6,0.67,1.85,0.12,0.1,0.093044,1776205361000
1776205363.595,163.595,0.32,10.62,0.31,12.2,0.44,5.0,0.48,5.0,0.56,5.0,0.52,5.0,0.68,10.62,0.69,12.2,0.12,0.12,0.093034,1776205362000
1776205364.213,164.213,0.32,10.62,0.31,12.2,0.44,5.0,0.48,5.0,0.56,5.0,0.52,5.0,0.68,10.62,0.69,12.2,0.12,0.12,0.093036,1776205363000
1776205365.455,165.455,0.32,10.62,0.31,12.2,0.44,5.0,0.48,5.0,0.56,5.0,0.52,5.0,0.68,10.62,0.69,12.2,0.12,0.12,0.093036,1776205364000
1776205366.12,166.12,0.32,10.62,0.31,12.2,0.44,5.0,0.48,5.0,0.56,5.0,0.52,5.0,0.68,10.62,0.69,12.2,0.12,0.12,0.093036,1776205365000
1776205367.283,167.283,0.32,10.62,0.31,12.2,0.44,5.0,0.48,5.0,0.56,5.0,0.52,5.0,0.68,10.62,0.69,12.2,0.12,0.12,0.093037,1776205366000
1776205368.572,168.572,0.32,10.62,0.31,12.2,0.44,5.0,0.48,5.0,0.56,5.0,0.52,5.0,0.68,10.62,0.69,12.2,0.12,0.12,0.093037,1776205367000
1776205369.343,169.343,0.32,10.62,0.31,12.2,0.44,5.0,0.48,5.0,0.56,5.0,0.52,5.0,0.68,10.62,0.69,12.2,0.12,0.12,0.093046,1776205368000
1776205369.985,169.985,0.32,10.62,0.31,12.2,0.44,5.0,0.48,5.0,0.56,5.0,0.52,5.0,0.68,10.62,0.69,12.2,0.12,0.12,0.093049,1776205369000
1776205371.533,171.533,0.32,10.62,0.31,12.2,0.44,5.0,0.48,5.0,0.56,5.0,0.52,5.0,0.68,10.62,0.69,12.2,0.12,0.12,0.093054,1776205370000
1776205372.126,172.126,0.32,10.62,0.31,12.2,0.44,5.0,0.48,5.0,0.56,5.0,0.52,5.0,0.68,10.62,0.69,12.2,0.12,0.12,0.093051,1776205371000
1776205373.416,173.416,0.32,10.62,0.31,12.2,0.44,5.0,0.48,5.0,0.56,5.0,0.52,5.0,0.68,10.62,0.69,12.2,0.12,0.12,0.093051,1776205372000
1776205374.064,174.064,0.32,10.62,0.31,12.2,0.44,5.0,0.48,5.0,0.56,5.0,0.52,5.0,0.68,10.62,0.69,12.2,0.12,0.12,0.093053,1776205373000
1776205377.844,177.844,0.32,10.62,0.31,12.2,0.44,5.0,0.48,5.0,0.56,5.0,0.52,5.0,0.68,10.62,0.69,12.2,0.12,0.12,0.093035,1776205376000
1776205378.172,178.172,0.32,10.62,0.31,12.2,0.44,5.0,0.48,5.0,0.56,5.0,0.52,5.0,0.68,10.62,0.69,12.2,0.12,0.12,0.093031,1776205377000
1776205379.19,179.19,0.32,10.62,0.31,12.2,0.44,5.0,0.48,5.0,0.56,5.0,0.52,5.0,0.68,10.62,0.69,12.2,0.12,0.12,0.093031,1776205378000
1776205380.22,180.22,0.32,10.62,0.31,12.2,0.44,5.0,0.48,5.0,0.56,5.0,0.52,5.0,0.68,10.62,0.69,12.2,0.12,0.12,0.093032,1776205379000
1776205381.369,181.369,0.32,10.62,0.31,12.2,0.44,5.0,0.48,5.0,0.56,5.0,0.52,5.0,0.68,10.62,0.69,12.2,0.12,0.12,0.093033,1776205380000
1776205382.206,182.206,0.32,10.62,0.31,12.2,0.44,5.0,0.48,5.0,0.56,5.0,0.52,5.0,0.68,10.62,0.69,12.2,0.12,0.12,0.093038,1776205381000
1776205383.204,183.204,0.32,10.62,0.31,12.2,0.44,5.0,0.48,5.0,0.56,5.0,0.52,5.0,0.68,10.62,0.69,12.2,0.12,0.12,0.093035,1776205382000
1776205384.22,184.22,0.32,10.62,0.31,12.2,0.44,5.0,0.48,5.0,0.56,5.0,0.52,5.0,0.68,10.62,0.69,12.2,0.12,0.12,0.093039,1776205383000
1776205385.186,185.186,0.32,10.62,0.31,12.2,0.44,5.0,0.48,5.0,0.56,5.0,0.52,5.0,0.68,10.62,0.69,12.2,0.12,0.12,0.093037,1776205384000
1776205386.12,186.12,0.32,10.62,0.31,12.2,0.44,5.0,0.48,5.0,0.56,5.0,0.52,5.0,0.68,10.62,0.69,12.2,0.12,0.12,0.093037,1776205385000
1776205387.174,187.174,0.32,10.62,0.31,12.2,0.44,5.0,0.48,5.0,0.56,5.0,0.52,5.0,0.68,10.62,0.69,12.2,0.12,0.12,0.093037,1776205386000
1776205387.978,187.978,0.21,15.7,0.2,16.2,0.38,5.0,0.41,50.0,0.56,5.0,0.52,5.0,0.68,10.62,0.69,12.2,0.17,0.12,0.093037,1776205386000
1776205389.02,189.02,0.21,15.7,0.2,16.2,0.38,5.0,0.41,50.0,0.62,5.0,0.59,50.0,0.79,15.7,0.8,16.2,0.17,0.17,0.093033,1776205388000
1776205390.885,190.885,0.21,15.7,0.2,16.2,0.38,5.0,0.41,50.0,0.62,5.0,0.59,50.0,0.79,15.7,0.8,16.2,0.17,0.17,0.093019,1776205389000
1776205391.294,191.294,0.24,14.3,0.23,14.7,0.48,5.0,0.5,10.4,0.52,5.0,0.5,10.4,0.76,14.3,0.77,14.7,0.24,0.24,0.093027,1776205390000
1776205391.976,191.976,0.4,3.33,0.26,13.5,0.51,50.0,0.56,5.0,0.52,5.0,0.49,50.0,0.56,5.0,0.57,5.0,0.11,0.04,0.093027,1776205390000
1776205392.544,192.544,0.4,3.33,0.26,13.5,0.51,50.0,0.56,5.0,0.49,50.0,0.44,5.0,0.6,3.33,0.74,13.5,0.11,0.11,0.09304,1776205391000
1776205393.309,193.309,0.4,3.33,0.26,13.5,0.51,50.0,0.56,5.0,0.49,50.0,0.44,5.0,0.6,3.33,0.74,13.5,0.11,0.11,0.09304,1776205392000
1776205394.679,194.679,0.4,3.33,0.26,13.5,0.51,50.0,0.56,5.0,0.49,50.0,0.44,5.0,0.6,3.33,0.74,13.5,0.11,0.11,0.093057,1776205393000
1776205395.477,195.477,0.4,3.33,0.26,13.5,0.51,50.0,0.56,5.0,0.49,50.0,0.44,5.0,0.6,3.33,0.74,13.5,0.11,0.11,0.093057,1776205394000
1776205396.159,196.159,0.54,1.8,0.53,5.0,0.61,60.0,0.66,11.6,0.39,60.0,0.34,11.6,0.46,1.8,0.47,5.0,0.07,0.07,0.093058,1776205395000
1776205397.557,197.557,0.54,1.8,0.53,5.0,0.61,60.0,0.66,11.6,0.39,60.0,0.34,11.6,0.46,1.8,0.47,5.0,0.07,0.07,0.093062,1776205396000
1776205398.161,198.161,0.54,1.8,0.53,5.0,0.61,60.0,0.66,11.6,0.39,60.0,0.34,11.6,0.46,1.8,0.47,5.0,0.07,0.07,0.093062,1776205397000
1776205399.524,199.524,0.54,1.8,0.53,5.0,0.61,60.0,0.66,11.6,0.39,60.0,0.34,11.6,0.46,1.8,0.47,5.0,0.07,0.07,0.093062,1776205398000
1776205399.755,199.755,0.45,5.0,0.4,10.8,0.46,4.21,0.61,60.0,0.39,60.0,0.34,11.6,0.46,1.8,0.47,5.0,0.01,0.07,0.093062,1776205398000
1776205400.155,200.155,0.45,5.0,0.4,10.8,0.46,4.21,0.61,60.0,0.54,4.21,0.39,60.0,0.55,5.0,0.6,10.8,0.01,0.01,0.093061,1776205399000
1776205401.518,201.518,0.45,27.0,0.43,10.6,0.61,60.0,0.69,12.2,0.54,4.21,0.39,60.0,0.55,5.0,0.6,10.8,0.16,0.01,0.093061,1776205399000
1776205402.284,202.284,0.45,27.0,0.43,10.6,0.61,60.0,0.69,12.2,0.39,60.0,0.31,12.2,0.55,27.0,0.57,10.6,0.16,0.16,0.093069,1776205401000
1776205403.056,203.056,0.45,27.0,0.43,10.6,0.61,60.0,0.69,12.2,0.39,60.0,0.31,12.2,0.55,27.0,0.57,10.6,0.16,0.16,0.093066,1776205402000
1776205404.363,204.363,0.45,27.0,0.43,10.6,0.61,60.0,0.69,12.2,0.39,60.0,0.31,12.2,0.55,27.0,0.57,10.6,0.16,0.16,0.093071,1776205403000
1776205405.102,205.102,0.45,27.0,0.43,10.6,0.61,60.0,0.69,12.2,0.39,60.0,0.31,12.2,0.55,27.0,0.57,10.6,0.16,0.16,0.09307,1776205404000
1776205406.386,206.386,0.45,27.0,0.43,10.6,0.61,60.0,0.69,12.2,0.39,60.0,0.31,12.2,0.55,27.0,0.57,10.6,0.16,0.16,0.093069,1776205405000
1776205407.345,207.345,0.45,27.0,0.43,10.6,0.61,60.0,0.69,12.2,0.39,60.0,0.31,12.2,0.55,27.0,0.57,10.6,0.16,0.16,0.093069,1776205406000
1776205410.021,210.021,0.49,5.0,0.47,10.4,0.61,33.6,0.62,10.0,0.39,60.0,0.31,12.2,0.55,27.0,0.57,10.6,0.12,0.16,0.093069,1776205406000
1776205410.315,210.315,0.49,5.0,0.47,10.4,0.61,33.6,0.62,10.0,0.39,33.6,0.38,10.0,0.51,5.0,0.53,10.4,0.12,0.12,0.093069,1776205407000
1776205410.996,210.996,0.49,5.0,0.47,10.4,0.61,33.6,0.62,10.0,0.39,33.6,0.38,10.0,0.51,5.0,0.53,10.4,0.12,0.12,0.093071,1776205409000
1776205412.224,212.224,0.49,5.0,0.47,10.4,0.61,33.6,0.62,10.0,0.39,33.6,0.38,10.0,0.51,5.0,0.53,10.4,0.12,0.12,0.09307,1776205410000
1776205412.99,212.99,0.49,5.0,0.47,10.4,0.61,33.6,0.62,10.0,0.39,33.6,0.38,10.0,0.51,5.0,0.53,10.4,0.12,0.12,0.093071,1776205411000
1776205413.928,213.928,0.49,5.0,0.47,10.4,0.61,33.6,0.62,10.0,0.39,33.6,0.38,10.0,0.51,5.0,0.53,10.4,0.12,0.12,0.093071,1776205412000
1776205414.631,214.631,0.49,5.0,0.47,10.4,0.61,33.6,0.62,10.0,0.39,33.6,0.38,10.0,0.51,5.0,0.53,10.4,0.12,0.12,0.093072,1776205413000
1776205415.45,215.45,0.49,5.0,0.47,10.4,0.61,33.6,0.62,10.0,0.39,33.6,0.38,10.0,0.51,5.0,0.53,10.4,0.12,0.12,0.093072,1776205414000
1776205416.174,216.174,0.49,5.0,0.47,10.4,0.61,33.6,0.62,10.0,0.39,33.6,0.38,10.0,0.51,5.0,0.53,10.4,0.12,0.12,0.093072,1776205415000
1776205417.658,217.658,0.49,5.0,0.47,10.4,0.61,33.6,0.62,10.0,0.39,33.6,0.38,10.0,0.51,5.0,0.53,10.4,0.12,0.12,0.093072,1776205416000
1776205418.421,218.421,0.49,5.0,0.47,10.4,0.61,33.6,0.62,10.0,0.39,33.6,0.38,10.0,0.51,5.0,0.53,10.4,0.12,0.12,0.093072,1776205417000
1776205419.305,219.305,0.49,5.0,0.47,10.4,0.61,33.6,0.62,10.0,0.39,33.6,0.38,10.0,0.51,5.0,0.53,10.4,0.12,0.12,0.093066,1776205418000
1776205420.177,220.177,0.49,5.0,0.47,10.4,0.61,33.6,0.62,10.0,0.39,33.6,0.38,10.0,0.51,5.0,0.53,10.4,0.12,0.12,0.093071,1776205419000
1776205420.736,220.736,0.49,5.0,0.47,10.4,0.61,5.73,0.69,12.2,0.39,33.6,0.38,10.0,0.51,5.0,0.53,10.4,0.12,0.12,0.093071,1776205419000
1776205421.814,221.814,0.49,5.0,0.47,10.4,0.61,5.73,0.69,12.2,0.39,5.73,0.31,12.2,0.51,5.0,0.53,10.4,0.12,0.12,0.093073,1776205420000
1776205422.751,222.751,0.49,5.0,0.47,10.4,0.61,5.73,0.69,12.2,0.39,5.73,0.31,12.2,0.51,5.0,0.53,10.4,0.12,0.12,0.093073,1776205421000
1776205423.584,223.584,0.49,5.0,0.47,10.4,0.61,5.73,0.69,12.2,0.39,5.73,0.31,12.2,0.51,5.0,0.53,10.4,0.12,0.12,0.093074,1776205422000
1776205424.413,224.413,0.49,5.0,0.47,10.4,0.61,5.73,0.69,12.2,0.39,5.73,0.31,12.2,0.51,5.0,0.53,10.4,0.12,0.12,0.093073,1776205423000
1776205425.279,225.279,0.49,5.0,0.47,10.4,0.61,5.73,0.69,12.2,0.39,5.73,0.31,12.2,0.51,5.0,0.53,10.4,0.12,0.12,0.093072,1776205424000
1776205426.756,226.756,0.49,5.0,0.47,10.4,0.61,5.73,0.69,12.2,0.39,5.73,0.31,12.2,0.51,5.0,0.53,10.4,0.12,0.12,0.093072,1776205425000
1776205427.437,227.437,0.49,5.0,0.47,10.4,0.61,5.73,0.69,12.2,0.39,5.73,0.31,12.2,0.51,5.0,0.53,10.4,0.12,0.12,0.093072,1776205426000
1776205428.15,228.15,0.49,5.0,0.47,10.4,0.61,5.73,0.69,12.2,0.39,5.73,0.31,12.2,0.51,5.0,0.53,10.4,0.12,0.12,0.093071,1776205427000
1776205429.764,229.764,0.49,5.0,0.47,10.4,0.61,5.73,0.69,12.2,0.39,5.73,0.31,12.2,0.51,5.0,0.53,10.4,0.12,0.12,0.093071,1776205428000
1776205430.579,230.579,0.49,5.0,0.47,10.4,0.61,5.73,0.69,12.2,0.39,5.73,0.31,12.2,0.51,5.0,0.53,10.4,0.12,0.12,0.093072,1776205429000
1776205431.726,231.726,0.49,5.0,0.47,10.4,0.61,5.73,0.69,12.2,0.39,5.73,0.31,12.2,0.51,5.0,0.53,10.4,0.12,0.12,0.093069,1776205430000
1776205432.422,232.422,0.49,5.0,0.47,10.4,0.61,5.73,0.69,12.2,0.39,5.73,0.31,12.2,0.51,5.0,0.53,10.4,0.12,0.12,0.093069,1776205431000
1776205433.139,233.139,0.49,5.0,0.47,10.4,0.61,5.73,0.69,12.2,0.39,5.73,0.31,12.2,0.51,5.0,0.53,10.4,0.12,0.12,0.093067,1776205432000
1776205434.246,234.246,0.49,5.0,0.47,10.4,0.61,5.73,0.69,12.2,0.39,5.73,0.31,12.2,0.51,5.0,0.53,10.4,0.12,0.12,0.093069,1776205433000
1776205435.617,235.617,0.49,5.0,0.47,10.4,0.61,5.73,0.69,12.2,0.39,5.73,0.31,12.2,0.51,5.0,0.53,10.4,0.12,0.12,0.093069,1776205434000
1776205436.26,236.26,0.49,5.0,0.47,10.4,0.61,5.73,0.69,12.2,0.39,5.73,0.31,12.2,0.51,5.0,0.53,10.4,0.12,0.12,0.093072,1776205435000
1776205437.659,237.659,0.49,5.0,0.47,10.4,0.61,5.73,0.69,12.2,0.39,5.73,0.31,12.2,0.51,5.0,0.53,10.4,0.12,0.12,0.093059,1776205436000
1776205438.162,238.162,0.49,5.0,0.47,10.4,0.61,5.73,0.69,12.2,0.39,5.73,0.31,12.2,0.51,5.0,0.53,10.4,0.12,0.12,0.093058,1776205437000
1776205439.059,239.059,0.49,5.0,0.47,10.4,0.61,5.73,0.69,12.2,0.39,5.73,0.31,12.2,0.51,5.0,0.53,10.4,0.12,0.12,0.093053,1776205438000
1776205440.285,240.285,0.49,5.0,0.47,10.4,0.61,5.73,0.69,12.2,0.39,5.73,0.31,12.2,0.51,5.0,0.53,10.4,0.12,0.12,0.093053,1776205439000
1776205441.589,241.589,0.49,5.0,0.47,10.4,0.61,5.73,0.69,12.2,0.39,5.73,0.31,12.2,0.51,5.0,0.53,10.4,0.12,0.12,0.093058,1776205440000
1776205442.269,242.269,0.49,5.0,0.47,10.4,0.61,5.73,0.69,12.2,0.39,5.73,0.31,12.2,0.51,5.0,0.53,10.4,0.12,0.12,0.093056,1776205441000
1776205443.468,243.468,0.49,5.0,0.47,10.4,0.61,5.73,0.69,12.2,0.39,5.73,0.31,12.2,0.51,5.0,0.53,10.4,0.12,0.12,0.093057,1776205442000
1776205444.173,244.173,0.49,5.0,0.47,10.4,0.61,5.73,0.69,12.2,0.39,5.73,0.31,12.2,0.51,5.0,0.53,10.4,0.12,0.12,0.093056,1776205443000
1776205445.469,245.469,0.49,5.0,0.47,10.4,0.61,5.73,0.69,12.2,0.39,5.73,0.31,12.2,0.51,5.0,0.53,10.4,0.12,0.12,0.093056,1776205444000
1776205446.113,246.113,0.49,5.0,0.47,10.4,0.61,5.73,0.69,12.2,0.39,5.73,0.31,12.2,0.51,5.0,0.53,10.4,0.12,0.12,0.093056,1776205445000
1776205447.431,247.431,0.49,5.0,0.47,10.4,0.61,5.73,0.69,12.2,0.39,5.73,0.31,12.2,0.51,5.0,0.53,10.4,0.12,0.12,0.093056,1776205446000
1776205448.442,248.442,0.49,5.0,0.47,10.4,0.61,5.73,0.69,12.2,0.39,5.73,0.31,12.2,0.51,5.0,0.53,10.4,0.12,0.12,0.093056,1776205447000
1776205448.887,248.887,0.49,5.0,0.47,10.4,0.61,5.73,0.69,12.2,0.39,5.73,0.31,12.2,0.51,5.0,0.53,10.4,0.12,0.12,0.093056,1776205448000
1776205449.974,249.974,0.49,5.0,0.47,10.4,0.61,5.73,0.69,12.2,0.39,5.73,0.31,12.2,0.51,5.0,0.53,10.4,0.12,0.12,0.093056,1776205449000
1776205451.011,251.011,0.49,5.0,0.47,10.4,0.61,5.73,0.69,12.2,0.39,5.73,0.31,12.2,0.51,5.0,0.53,10.4,0.12,0.12,0.09306,1776205450000
1776205452.18,252.18,0.49,5.0,0.47,10.4,0.61,5.73,0.69,12.2,0.39,5.73,0.31,12.2,0.51,5.0,0.53,10.4,0.12,0.12,0.093061,1776205451000
1776205453.38,253.38,0.49,5.0,0.47,10.4,0.61,5.73,0.69,12.2,0.39,5.73,0.31,12.2,0.51,5.0,0.53,10.4,0.12,0.12,0.093064,1776205452000
1776205454.287,254.287,0.49,5.0,0.47,10.4,0.61,5.73,0.69,12.2,0.39,5.73,0.31,12.2,0.51,5.0,0.53,10.4,0.12,0.12,0.093063,1776205453000
1776205455.447,255.447,0.49,5.0,0.47,10.4,0.61,5.73,0.69,12.2,0.39,5.73,0.31,12.2,0.51,5.0,0.53,10.4,0.12,0.12,0.093063,1776205454000
1776205455.92,255.92,0.49,5.0,0.47,10.4,0.61,5.73,0.69,12.2,0.39,5.73,0.31,12.2,0.51,5.0,0.53,10.4,0.12,0.12,0.093063,1776205455000
1776205456.978,256.978,0.49,5.0,0.47,10.4,0.61,5.73,0.69,12.2,0.39,5.73,0.31,12.2,0.51,5.0,0.53,10.4,0.12,0.12,0.093062,1776205456000
1776205457.497,257.497,0.24,14.3,0.23,14.7,0.51,50.0,0.55,10.5,0.39,5.73,0.31,12.2,0.51,5.0,0.53,10.4,0.27,0.12,0.093062,1776205456000
1776205458.15,258.15,0.24,14.3,0.23,14.7,0.51,79.72,0.55,10.5,0.49,79.72,0.45,10.5,0.76,14.3,0.77,14.7,0.27,0.27,0.093063,1776205457000
1776205459.203,259.203,0.24,14.3,0.23,14.7,0.51,79.72,0.55,10.5,0.49,79.72,0.45,10.5,0.76,14.3,0.77,14.7,0.27,0.27,0.093053,1776205458000
1776205460.181,260.181,0.24,14.3,0.23,14.7,0.51,79.72,0.55,10.5,0.49,79.72,0.45,10.5,0.76,14.3,0.77,14.7,0.27,0.27,0.093044,1776205459000
1776205461.302,261.302,0.24,14.3,0.23,14.7,0.51,79.72,0.55,10.5,0.49,79.72,0.45,10.5,0.76,14.3,0.77,14.7,0.27,0.27,0.093042,1776205460000
1776205462.273,262.273,0.24,14.3,0.23,14.7,0.51,79.72,0.55,10.5,0.49,79.72,0.45,10.5,0.76,14.3,0.77,14.7,0.27,0.27,0.093042,1776205461000
1776205463.956,263.956,0.24,14.3,0.23,14.7,0.51,79.72,0.55,10.5,0.49,79.72,0.45,10.5,0.76,14.3,0.77,14.7,0.27,0.27,0.093042,1776205462000
1776205464.557,264.557,0.24,14.3,0.23,14.7,0.51,79.72,0.55,10.5,0.49,79.72,0.45,10.5,0.76,14.3,0.77,14.7,0.27,0.27,0.093044,1776205463000
1776205465.125,265.125,0.24,14.3,0.23,14.7,0.51,79.72,0.55,10.5,0.49,79.72,0.45,10.5,0.76,14.3,0.77,14.7,0.27,0.27,0.093044,1776205464000
1776205466.234,266.234,0.24,14.3,0.23,14.7,0.51,79.72,0.55,10.5,0.49,79.72,0.45,10.5,0.76,14.3,0.77,14.7,0.27,0.27,0.093041,1776205465000
1776205467.326,267.326,0.24,14.3,0.23,14.7,0.51,79.72,0.55,10.5,0.49,79.72,0.45,10.5,0.76,14.3,0.77,14.7,0.27,0.27,0.093041,1776205466000
1776205468.446,268.446,0.24,14.3,0.23,14.7,0.51,79.72,0.55,10.5,0.49,79.72,0.45,10.5,0.76,14.3,0.77,14.7,0.27,0.27,0.093041,1776205467000
1776205468.934,268.934,0.24,14.3,0.23,14.7,0.51,79.72,0.55,10.5,0.49,79.72,0.45,10.5,0.76,14.3,0.77,14.7,0.27,0.27,0.093041,1776205468000
1776205470.046,270.046,0.24,14.3,0.23,14.7,0.51,79.72,0.55,10.5,0.49,79.72,0.45,10.5,0.76,14.3,0.77,14.7,0.27,0.27,0.093041,1776205469000
1776205471.284,271.284,0.24,14.3,0.23,14.7,0.51,79.72,0.55,10.5,0.49,79.72,0.45,10.5,0.76,14.3,0.77,14.7,0.27,0.27,0.093042,1776205470000
1776205472.355,272.355,0.24,14.3,0.23,14.7,0.51,79.72,0.55,10.5,0.49,79.72,0.45,10.5,0.76,14.3,0.77,14.7,0.27,0.27,0.093041,1776205471000
1776205473.399,273.399,0.24,14.3,0.23,14.7,0.51,79.72,0.55,10.5,0.49,79.72,0.45,10.5,0.76,14.3,0.77,14.7,0.27,0.27,0.093036,1776205472000
1776205474.038,274.038,0.24,14.3,0.23,14.7,0.51,79.72,0.55,10.5,0.49,79.72,0.45,10.5,0.76,14.3,0.77,14.7,0.27,0.27,0.093034,1776205473000
1776205475.118,275.118,0.24,14.3,0.23,14.7,0.51,79.72,0.55,10.5,0.49,79.72,0.45,10.5,0.76,14.3,0.77,14.7,0.27,0.27,0.093035,1776205474000
1776205476.437,276.437,0.24,14.3,0.23,14.7,0.51,79.72,0.55,10.5,0.49,79.72,0.45,10.5,0.76,14.3,0.77,14.7,0.27,0.27,0.093033,1776205475000
1776205477.687,277.687,0.24,14.3,0.23,14.7,0.51,79.72,0.55,10.5,0.49,79.72,0.45,10.5,0.76,14.3,0.77,14.7,0.27,0.27,0.093033,1776205476000
1776205478.271,278.271,0.24,14.3,0.23,14.7,0.51,79.72,0.55,10.5,0.49,79.72,0.45,10.5,0.76,14.3,0.77,14.7,0.27,0.27,0.093033,1776205477000
1776205479.36,279.36,0.24,14.3,0.23,14.7,0.51,79.72,0.55,10.5,0.49,79.72,0.45,10.5,0.76,14.3,0.77,14.7,0.27,0.27,0.093032,1776205478000
1776205480.012,280.012,0.24,14.3,0.23,14.7,0.51,79.72,0.55,10.5,0.49,79.72,0.45,10.5,0.76,14.3,0.77,14.7,0.27,0.27,0.093032,1776205479000
1776205481.084,281.084,0.24,14.3,0.23,14.7,0.51,79.72,0.55,10.5,0.49,79.72,0.45,10.5,0.76,14.3,0.77,14.7,0.27,0.27,0.093032,1776205480000
1776205482.173,282.173,0.24,14.3,0.23,14.7,0.51,79.72,0.55,10.5,0.49,79.72,0.45,10.5,0.76,14.3,0.77,14.7,0.27,0.27,0.093032,1776205481000
1776205483.231,283.231,0.24,14.3,0.23,14.7,0.51,79.72,0.55,10.5,0.49,79.72,0.45,10.5,0.76,14.3,0.77,14.7,0.27,0.27,0.093033,1776205482000
1776205484.314,284.314,0.24,14.3,0.23,14.7,0.51,79.72,0.55,10.5,0.49,79.72,0.45,10.5,0.76,14.3,0.77,14.7,0.27,0.27,0.093033,1776205483000
1776205484.912,284.912,0.24,14.3,0.23,14.7,0.51,79.72,0.55,10.5,0.49,79.72,0.45,10.5,0.76,14.3,0.77,14.7,0.27,0.27,0.093035,1776205484000
1776205486.067,286.067,0.24,14.3,0.23,14.7,0.51,79.72,0.55,10.5,0.49,79.72,0.45,10.5,0.76,14.3,0.77,14.7,0.27,0.27,0.093035,1776205485000
1776205487.144,287.144,0.24,14.3,0.23,14.7,0.51,79.72,0.55,10.5,0.49,79.72,0.45,10.5,0.76,14.3,0.77,14.7,0.27,0.27,0.093036,1776205486000
1776205488.26,288.26,0.24,14.3,0.23,14.7,0.51,79.72,0.55,10.5,0.49,79.72,0.45,10.5,0.76,14.3,0.77,14.7,0.27,0.27,0.093043,1776205487000
1776205488.925,288.925,0.24,14.3,0.23,14.7,0.51,79.72,0.55,10.5,0.49,79.72,0.45,10.5,0.76,14.3,0.77,14.7,0.27,0.27,0.093043,1776205488000
1776205489.975,289.975,0.24,14.3,0.23,14.7,0.51,79.72,0.55,10.5,0.49,79.72,0.45,10.5,0.76,14.3,0.77,14.7,0.27,0.27,0.093045,1776205489000
1776205491.018,291.018,0.24,14.3,0.23,14.7,0.51,79.72,0.55,10.5,0.49,79.72,0.45,10.5,0.76,14.3,0.77,14.7,0.27,0.27,0.093041,1776205490000
1776205492.281,292.281,0.24,14.3,0.23,14.7,0.51,79.72,0.55,10.5,0.49,79.72,0.45,10.5,0.76,14.3,0.77,14.7,0.27,0.27,0.093041,1776205491000
1776205493.381,293.381,0.02,15.0,0.01,350.0,0.31,50.0,0.41,50.0,0.49,79.72,0.45,10.5,0.76,14.3,0.77,14.7,0.29,0.27,0.093041,1776205491000
1776205493.908,293.908,0.02,15.0,0.01,350.0,0.31,50.0,0.41,50.0,0.69,50.0,0.59,50.0,0.98,15.0,0.99,350.0,0.29,0.29,0.093045,1776205493000
1776205495.642,295.642,0.02,15.0,0.01,350.0,0.31,50.0,0.41,50.0,0.69,50.0,0.59,50.0,0.98,15.0,0.99,350.0,0.29,0.29,0.09304,1776205494000
1776205496.371,296.371,0.02,15.0,0.01,350.0,0.31,50.0,0.41,50.0,0.69,50.0,0.59,50.0,0.98,15.0,0.99,350.0,0.29,0.29,0.09304,1776205495000
1776205496.791,296.791,0.01,163.52,,,0.21,50.0,0.31,50.0,0.79,50.0,0.69,50.0,0.99,168.88,,,0.2,0.2,0.09304,1776205495000
1776205496.996,296.996,0.01,163.52,,,0.21,50.0,0.31,50.0,0.79,50.0,0.69,50.0,0.99,163.52,,,0.2,0.2,0.093044,1776205496000
1776205497.308,297.308,0.01,147.35,,,0.21,50.0,0.31,50.0,0.79,50.0,0.69,50.0,0.99,163.52,,,0.2,0.2,0.093044,1776205496000
1776205498.074,298.074,0.01,146.24,,,0.21,50.0,0.31,50.0,0.79,50.0,0.69,50.0,0.99,146.24,,,0.2,0.2,0.093044,1776205497000
1776205498.339,298.339,0.01,46.24,,,0.21,50.0,0.31,50.0,0.79,50.0,0.69,50.0,0.99,146.24,,,0.2,0.2,0.093044,1776205497000
1776205498.712,298.712,0.01,5.13,,,0.21,50.0,0.31,50.0,0.79,50.0,0.69,50.0,0.99,45.13,,,0.2,0.2,0.093044,1776205497000
1776205499.199,299.199,0.01,0.13,,,0.21,50.0,0.31,50.0,0.79,50.0,0.69,50.0,0.99,0.13,,,0.2,0.2,0.093043,1776205498000
1776205499.493,299.493,,,,,0.01,165.47,0.23,5.0,0.79,50.0,0.69,50.0,0.99,0.13,,,,0.2,0.093043,1776205498000
1776205500.354,300.354,,,,,0.01,165.47,0.23,5.0,0.99,165.47,0.77,5.0,,,,,,,0.093039,1776205499000
1776205501.478,301.478,,,,,0.01,165.47,0.23,5.0,0.99,165.47,0.77,5.0,,,,,,,0.093039,1776205500000

# RESULT,winner=Down,slug=doge-updown-5m-1776205200,ticks=318
