timestamp,elapsed_sec,up_bid_p1,up_bid_s1,up_bid_p2,up_bid_s2,up_ask_p1,up_ask_s1,up_ask_p2,up_ask_s2,down_bid_p1,down_bid_s1,down_bid_p2,down_bid_s2,down_ask_p1,down_ask_s1,down_ask_p2,down_ask_s2,up_spread,down_spread,doge_price,doge_oracle_ts
1776184511.34,11.34,,,,,,,,,,,,,,,,,,,0.095634,1776184510000
1776184512.08,12.08,0.28,5.0,0.2,35.0,0.31,50.0,0.39,5.0,0.68,5.0,0.67,5.0,0.72,5.0,0.78,5.0,0.03,0.04,0.095634,1776184510000
1776184512.502,12.502,0.28,5.0,0.22,5.0,0.32,5.0,0.33,5.0,0.68,5.0,0.67,5.0,0.72,5.0,0.78,5.0,0.04,0.04,0.095634,1776184511000
1776184513.097,13.097,0.28,5.0,0.22,5.0,0.32,5.0,0.33,5.0,0.68,5.0,0.67,5.0,0.72,5.0,0.78,5.0,0.04,0.04,0.095625,1776184512000
1776184514.115,14.115,0.28,5.0,0.22,5.0,0.32,5.0,0.33,5.0,0.68,5.0,0.67,5.0,0.72,5.0,0.78,5.0,0.04,0.04,0.095588,1776184513000
1776184515.235,15.235,0.28,5.0,0.22,5.0,0.32,5.0,0.33,5.0,0.68,5.0,0.67,5.0,0.72,5.0,0.78,5.0,0.04,0.04,0.095584,1776184514000
1776184516.331,16.331,0.28,5.0,0.22,5.0,0.32,5.0,0.33,5.0,0.68,5.0,0.67,5.0,0.72,5.0,0.78,5.0,0.04,0.04,0.095587,1776184515000
1776184516.923,16.923,0.28,5.0,0.22,5.0,0.32,5.0,0.33,5.0,0.68,5.0,0.67,5.0,0.72,5.0,0.78,5.0,0.04,0.04,0.095588,1776184516000
1776184518.011,18.011,0.28,5.0,0.22,5.0,0.32,5.0,0.33,5.0,0.68,5.0,0.67,5.0,0.72,5.0,0.78,5.0,0.04,0.04,0.095595,1776184517000
1776184519.036,19.036,0.28,5.0,0.22,5.0,0.32,5.0,0.33,5.0,0.68,5.0,0.67,5.0,0.72,5.0,0.78,5.0,0.04,0.04,0.095594,1776184518000
1776184520.116,20.116,0.28,5.0,0.22,5.0,0.32,5.0,0.33,5.0,0.68,5.0,0.67,5.0,0.72,5.0,0.78,5.0,0.04,0.04,0.095585,1776184519000
1776184521.14,21.14,0.28,5.0,0.22,5.0,0.32,5.0,0.33,5.0,0.68,5.0,0.67,5.0,0.72,5.0,0.78,5.0,0.04,0.04,0.095584,1776184520000
1776184522.11,22.11,0.28,5.0,0.22,5.0,0.32,5.0,0.33,5.0,0.68,5.0,0.67,5.0,0.72,5.0,0.78,5.0,0.04,0.04,0.095584,1776184521000
1776184523.5,23.5,0.28,5.0,0.22,5.0,0.32,5.0,0.33,5.0,0.68,5.0,0.67,5.0,0.72,5.0,0.78,5.0,0.04,0.04,0.095584,1776184522000
1776184523.93,23.93,0.28,5.0,0.22,5.0,0.32,5.0,0.33,5.0,0.68,5.0,0.67,5.0,0.72,5.0,0.78,5.0,0.04,0.04,0.095584,1776184523000
1776184524.288,24.288,0.15,5.0,0.13,48.0,0.31,45.0,0.32,5.0,0.68,5.0,0.67,5.0,0.72,5.0,0.78,5.0,0.16,0.04,0.095584,1776184523000
1776184525.189,25.189,0.15,5.0,0.13,48.0,0.31,45.0,0.32,5.0,0.69,45.0,0.68,5.0,0.85,5.0,0.87,48.0,0.16,0.16,0.095584,1776184524000
1776184526.476,26.476,0.15,5.0,0.13,48.0,0.31,45.0,0.32,5.0,0.69,45.0,0.68,5.0,0.85,5.0,0.87,48.0,0.16,0.16,0.095567,1776184525000
1776184527.069,27.069,0.15,5.0,0.13,48.0,0.31,45.0,0.32,5.0,0.69,45.0,0.68,5.0,0.85,5.0,0.87,48.0,0.16,0.16,0.095564,1776184526000
1776184528.195,28.195,0.15,5.0,0.13,48.0,0.31,45.0,0.32,5.0,0.69,45.0,0.68,5.0,0.85,5.0,0.87,48.0,0.16,0.16,0.095546,1776184527000
1776184529.343,29.343,0.15,5.0,0.13,48.0,0.31,45.0,0.32,5.0,0.69,45.0,0.68,5.0,0.85,5.0,0.87,48.0,0.16,0.16,0.095534,1776184528000
1776184530.573,30.573,0.15,5.0,0.13,48.0,0.31,45.0,0.32,5.0,0.69,45.0,0.68,5.0,0.85,5.0,0.87,48.0,0.16,0.16,0.095535,1776184529000
1776184531.129,31.129,0.15,5.0,0.13,48.0,0.31,45.0,0.32,5.0,0.69,45.0,0.68,5.0,0.85,5.0,0.87,48.0,0.16,0.16,0.095536,1776184530000
1776184532.321,32.321,0.15,5.0,0.13,48.0,0.31,45.0,0.32,5.0,0.69,45.0,0.68,5.0,0.85,5.0,0.87,48.0,0.16,0.16,0.095559,1776184531000
1776184533.596,33.596,0.15,5.0,0.13,48.0,0.31,45.0,0.32,5.0,0.69,45.0,0.68,5.0,0.85,5.0,0.87,48.0,0.16,0.16,0.09556,1776184532000
1776184534.106,34.106,0.15,5.0,0.13,48.0,0.31,45.0,0.32,5.0,0.69,45.0,0.68,5.0,0.85,5.0,0.87,48.0,0.16,0.16,0.095569,1776184533000
1776184535.169,35.169,0.15,5.0,0.13,48.0,0.31,45.0,0.32,5.0,0.69,45.0,0.68,5.0,0.85,5.0,0.87,48.0,0.16,0.16,0.095569,1776184534000
1776184536.269,36.269,0.15,5.0,0.13,48.0,0.31,45.0,0.32,5.0,0.69,45.0,0.68,5.0,0.85,5.0,0.87,48.0,0.16,0.16,0.095565,1776184535000
1776184537.503,37.503,0.15,5.0,0.13,48.0,0.31,45.0,0.32,5.0,0.69,45.0,0.68,5.0,0.85,5.0,0.87,48.0,0.16,0.16,0.095556,1776184536000
1776184538.26,38.26,0.15,5.0,0.13,48.0,0.31,45.0,0.32,5.0,0.69,45.0,0.68,5.0,0.85,5.0,0.87,48.0,0.16,0.16,0.095555,1776184537000
1776184539.371,39.371,0.15,5.0,0.13,48.0,0.31,45.0,0.32,5.0,0.69,45.0,0.68,5.0,0.85,5.0,0.87,48.0,0.16,0.16,0.095554,1776184538000
1776184540.709,40.709,0.15,5.0,0.13,48.0,0.31,45.0,0.32,5.0,0.69,45.0,0.68,5.0,0.85,5.0,0.87,48.0,0.16,0.16,0.095554,1776184539000
1776184541.184,41.184,0.15,5.0,0.13,48.0,0.31,45.0,0.32,5.0,0.69,45.0,0.68,5.0,0.85,5.0,0.87,48.0,0.16,0.16,0.095555,1776184540000
1776184542.62,42.62,0.15,5.0,0.13,48.0,0.31,45.0,0.32,5.0,0.69,45.0,0.68,5.0,0.85,5.0,0.87,48.0,0.16,0.16,0.095555,1776184541000
1776184543.194,43.194,0.15,5.0,0.13,48.0,0.31,45.0,0.32,5.0,0.69,45.0,0.68,5.0,0.85,5.0,0.87,48.0,0.16,0.16,0.09555,1776184542000
1776184544.697,44.697,0.15,5.0,0.13,48.0,0.31,45.0,0.32,5.0,0.69,45.0,0.68,5.0,0.85,5.0,0.87,48.0,0.16,0.16,0.095531,1776184543000
1776184545.489,45.489,0.15,5.0,0.13,48.0,0.31,45.0,0.32,5.0,0.69,45.0,0.68,5.0,0.85,5.0,0.87,48.0,0.16,0.16,0.095514,1776184544000
1776184546.066,46.066,0.15,5.0,0.13,48.0,0.31,45.0,0.32,5.0,0.69,45.0,0.68,5.0,0.85,5.0,0.87,48.0,0.16,0.16,0.095518,1776184545000
1776184547.404,47.404,0.15,5.0,0.13,48.0,0.31,45.0,0.32,5.0,0.69,45.0,0.68,5.0,0.85,5.0,0.87,48.0,0.16,0.16,0.09552,1776184546000
1776184548.71,48.71,0.15,5.0,0.13,48.0,0.31,45.0,0.32,5.0,0.69,45.0,0.68,5.0,0.85,5.0,0.87,48.0,0.16,0.16,0.095519,1776184547000
1776184549.403,49.403,0.15,5.0,0.13,48.0,0.31,45.0,0.32,5.0,0.69,45.0,0.68,5.0,0.85,5.0,0.87,48.0,0.16,0.16,0.095514,1776184548000
1776184550.032,50.032,0.15,5.0,0.13,48.0,0.31,45.0,0.32,5.0,0.69,45.0,0.68,5.0,0.85,5.0,0.87,48.0,0.16,0.16,0.095516,1776184549000
1776184551.553,51.553,0.15,5.0,0.13,48.0,0.31,45.0,0.32,5.0,0.69,45.0,0.68,5.0,0.85,5.0,0.87,48.0,0.16,0.16,0.09553,1776184550000
1776184552.131,52.131,0.15,5.0,0.13,48.0,0.31,45.0,0.32,5.0,0.69,45.0,0.68,5.0,0.85,5.0,0.87,48.0,0.16,0.16,0.095524,1776184551000
1776184553.062,53.062,0.15,5.0,0.13,48.0,0.31,45.0,0.32,5.0,0.69,45.0,0.68,5.0,0.85,5.0,0.87,48.0,0.16,0.16,0.095515,1776184552000
1776184554.145,54.145,0.15,5.0,0.13,48.0,0.31,45.0,0.32,5.0,0.69,45.0,0.68,5.0,0.85,5.0,0.87,48.0,0.16,0.16,0.095511,1776184553000
1776184555.286,55.286,0.15,5.0,0.13,48.0,0.31,45.0,0.32,5.0,0.69,45.0,0.68,5.0,0.85,5.0,0.87,48.0,0.16,0.16,0.095523,1776184554000
1776184556.229,56.229,0.15,5.0,0.13,48.0,0.31,45.0,0.32,5.0,0.69,45.0,0.68,5.0,0.85,5.0,0.87,48.0,0.16,0.16,0.095515,1776184555000
1776184557.363,57.363,0.15,5.0,0.13,48.0,0.31,45.0,0.32,5.0,0.69,45.0,0.68,5.0,0.85,5.0,0.87,48.0,0.16,0.16,0.095506,1776184556000
1776184558.277,58.277,0.15,5.0,0.13,48.0,0.31,45.0,0.32,5.0,0.69,45.0,0.68,5.0,0.85,5.0,0.87,48.0,0.16,0.16,0.095511,1776184557000
1776184559.425,59.425,0.15,5.0,0.13,48.0,0.31,45.0,0.32,5.0,0.69,45.0,0.68,5.0,0.85,5.0,0.87,48.0,0.16,0.16,0.095511,1776184558000
1776184559.937,59.937,0.15,5.0,0.13,48.0,0.31,45.0,0.32,5.0,0.69,45.0,0.68,5.0,0.85,5.0,0.87,48.0,0.16,0.16,0.095511,1776184559000
1776184560.826,60.826,0.11,98.77,0.1,5.0,0.15,5.0,0.17,5.0,0.69,45.0,0.68,5.0,0.85,5.0,0.87,48.0,0.04,0.16,0.095511,1776184559000
1776184562.185,62.185,0.11,97.64,0.1,5.0,0.15,5.0,0.17,5.0,0.85,5.0,0.83,5.0,0.89,97.64,0.9,5.0,0.04,0.04,0.095505,1776184561000
1776184563.204,63.204,0.11,97.64,0.1,5.0,0.15,5.0,0.17,5.0,0.85,5.0,0.83,5.0,0.89,97.64,0.9,5.0,0.04,0.04,0.095484,1776184562000
1776184564.257,64.257,0.11,97.64,0.1,5.0,0.15,5.0,0.17,5.0,0.85,5.0,0.83,5.0,0.89,97.64,0.9,5.0,0.04,0.04,0.095484,1776184563000
1776184565.329,65.329,0.11,97.64,0.1,5.0,0.15,5.0,0.17,5.0,0.85,5.0,0.83,5.0,0.89,97.64,0.9,5.0,0.04,0.04,0.095489,1776184564000
1776184565.53,65.53,0.13,5.0,0.12,5.0,0.16,5.0,0.22,5.0,0.85,5.0,0.83,5.0,0.89,97.64,0.9,5.0,0.03,0.04,0.095489,1776184564000
1776184567.07,67.07,0.13,5.0,0.12,5.0,0.16,5.0,0.22,5.0,0.84,5.0,0.78,5.0,0.87,5.0,0.88,5.0,0.03,0.03,0.09552,1776184565000
1776184567.762,67.762,0.13,5.0,0.12,5.0,0.16,5.0,0.22,5.0,0.84,5.0,0.78,5.0,0.87,5.0,0.88,5.0,0.03,0.03,0.09552,1776184566000
1776184568.308,68.308,0.13,5.0,0.12,5.0,0.16,5.0,0.22,5.0,0.84,5.0,0.78,5.0,0.87,5.0,0.88,5.0,0.03,0.03,0.095535,1776184567000
1776184569.49,69.49,0.13,5.0,0.12,5.0,0.16,5.0,0.22,5.0,0.84,5.0,0.78,5.0,0.87,5.0,0.88,5.0,0.03,0.03,0.095522,1776184568000
1776184569.975,69.975,0.13,5.0,0.12,5.0,0.16,5.0,0.22,5.0,0.84,5.0,0.78,5.0,0.87,5.0,0.88,5.0,0.03,0.03,0.095521,1776184569000
1776184571.216,71.216,0.13,5.0,0.12,5.0,0.16,5.0,0.22,5.0,0.84,5.0,0.78,5.0,0.87,5.0,0.88,5.0,0.03,0.03,0.095521,1776184570000
1776184572.371,72.371,0.13,5.0,0.12,5.0,0.16,5.0,0.22,5.0,0.84,5.0,0.78,5.0,0.87,5.0,0.88,5.0,0.03,0.03,0.095521,1776184571000
1776184573.453,73.453,0.13,5.0,0.12,5.0,0.16,5.0,0.22,5.0,0.84,5.0,0.78,5.0,0.87,5.0,0.88,5.0,0.03,0.03,0.095521,1776184572000
1776184574.077,74.077,0.13,5.0,0.12,5.0,0.16,5.0,0.22,5.0,0.84,5.0,0.78,5.0,0.87,5.0,0.88,5.0,0.03,0.03,0.095521,1776184573000
1776184575.238,75.238,0.13,5.0,0.12,5.0,0.16,5.0,0.22,5.0,0.84,5.0,0.78,5.0,0.87,5.0,0.88,5.0,0.03,0.03,0.095527,1776184574000
1776184576.359,76.359,0.13,5.0,0.12,5.0,0.16,5.0,0.22,5.0,0.84,5.0,0.78,5.0,0.87,5.0,0.88,5.0,0.03,0.03,0.095502,1776184575000
1776184577.048,77.048,0.13,5.0,0.12,5.0,0.16,5.0,0.22,5.0,0.84,5.0,0.78,5.0,0.87,5.0,0.88,5.0,0.03,0.03,0.0955,1776184576000
1776184578.183,78.183,0.13,5.0,0.12,5.0,0.16,5.0,0.22,5.0,0.84,5.0,0.78,5.0,0.87,5.0,0.88,5.0,0.03,0.03,0.095497,1776184577000
1776184579.313,79.313,0.13,5.0,0.12,5.0,0.16,5.0,0.22,5.0,0.84,5.0,0.78,5.0,0.87,5.0,0.88,5.0,0.03,0.03,0.095491,1776184578000
1776184580.448,80.448,0.13,5.0,0.12,5.0,0.16,5.0,0.22,5.0,0.84,5.0,0.78,5.0,0.87,5.0,0.88,5.0,0.03,0.03,0.095489,1776184579000
1776184581.005,81.005,0.13,5.0,0.12,5.0,0.16,5.0,0.22,5.0,0.84,5.0,0.78,5.0,0.87,5.0,0.88,5.0,0.03,0.03,0.095489,1776184580000
1776184582.079,82.079,0.13,5.0,0.12,5.0,0.16,5.0,0.22,5.0,0.84,5.0,0.78,5.0,0.87,5.0,0.88,5.0,0.03,0.03,0.095493,1776184581000
1776184583.102,83.102,0.13,5.0,0.12,5.0,0.16,5.0,0.22,5.0,0.84,5.0,0.78,5.0,0.87,5.0,0.88,5.0,0.03,0.03,0.095488,1776184582000
1776184584.113,84.113,0.13,5.0,0.12,5.0,0.16,5.0,0.22,5.0,0.84,5.0,0.78,5.0,0.87,5.0,0.88,5.0,0.03,0.03,0.095494,1776184583000
1776184585.18,85.18,0.13,5.0,0.12,5.0,0.16,5.0,0.22,5.0,0.84,5.0,0.78,5.0,0.87,5.0,0.88,5.0,0.03,0.03,0.0955,1776184584000
1776184586.117,86.117,0.13,5.0,0.12,5.0,0.16,5.0,0.22,5.0,0.84,5.0,0.78,5.0,0.87,5.0,0.88,5.0,0.03,0.03,0.095504,1776184585000
1776184587.194,87.194,0.13,5.0,0.12,5.0,0.16,5.0,0.22,5.0,0.84,5.0,0.78,5.0,0.87,5.0,0.88,5.0,0.03,0.03,0.095515,1776184586000
1776184588.215,88.215,0.13,5.0,0.12,5.0,0.16,5.0,0.22,5.0,0.84,5.0,0.78,5.0,0.87,5.0,0.88,5.0,0.03,0.03,0.09551,1776184587000
1776184589.229,89.229,0.13,5.0,0.12,5.0,0.16,5.0,0.22,5.0,0.84,5.0,0.78,5.0,0.87,5.0,0.88,5.0,0.03,0.03,0.09551,1776184588000
1776184590.317,90.317,0.13,5.0,0.12,5.0,0.16,5.0,0.22,5.0,0.84,5.0,0.78,5.0,0.87,5.0,0.88,5.0,0.03,0.03,0.095522,1776184589000
1776184590.656,90.656,0.13,28.0,0.12,24.6,0.16,5.0,0.22,6.0,0.84,5.0,0.78,5.0,0.87,5.0,0.88,5.0,0.03,0.03,0.095522,1776184589000
1776184591.316,91.316,0.13,28.0,0.12,24.6,0.16,5.0,0.22,6.0,0.84,5.0,0.78,6.0,0.87,28.0,0.88,24.6,0.03,0.03,0.095531,1776184590000
1776184591.981,91.981,0.15,22.8,0.14,21.6,0.16,5.0,0.22,6.0,0.84,5.0,0.78,6.0,0.87,28.0,0.88,24.6,0.01,0.03,0.095531,1776184590000
1776184592.393,92.393,0.15,22.8,0.14,21.6,0.16,5.0,0.22,6.0,0.84,5.0,0.78,6.0,0.85,22.8,0.86,21.6,0.01,0.01,0.095545,1776184591000
1776184593.359,93.359,0.14,21.6,0.13,28.0,0.16,5.0,0.22,6.0,0.84,5.0,0.78,6.0,0.86,21.6,0.87,28.0,0.02,0.02,0.095551,1776184592000
1776184593.853,93.853,0.14,21.6,0.13,28.0,0.16,5.0,0.22,6.0,0.84,5.0,0.78,6.0,0.86,21.6,0.87,28.0,0.02,0.02,0.095559,1776184593000
1776184596.799,96.799,0.14,21.6,0.13,28.0,0.16,5.0,0.22,6.0,0.84,5.0,0.78,6.0,0.86,21.6,0.87,28.0,0.02,0.02,0.095559,1776184595000
1776184597.328,97.328,0.14,21.6,0.13,28.0,0.16,5.0,0.22,6.0,0.84,5.0,0.78,6.0,0.86,21.6,0.87,28.0,0.02,0.02,0.095553,1776184596000
1776184598.731,98.731,0.14,21.6,0.13,28.0,0.16,5.0,0.22,6.0,0.84,5.0,0.78,6.0,0.86,21.6,0.87,28.0,0.02,0.02,0.095564,1776184597000
1776184599.281,99.281,0.14,21.6,0.13,28.0,0.16,5.0,0.22,6.0,0.84,5.0,0.78,6.0,0.86,21.6,0.87,28.0,0.02,0.02,0.095569,1776184598000
1776184599.569,99.569,0.15,30.39,0.14,21.6,0.27,11.0,0.28,10.0,0.84,5.0,0.78,6.0,0.86,21.6,0.87,28.0,0.12,0.02,0.095569,1776184598000
1776184600.547,100.547,0.15,30.39,0.14,21.6,0.27,11.0,0.28,10.0,0.73,11.0,0.72,10.0,0.85,30.39,0.86,21.6,0.12,0.12,0.095587,1776184599000
1776184601.203,101.203,0.15,30.39,0.14,21.6,0.27,11.0,0.28,10.0,0.73,11.0,0.72,10.0,0.85,30.39,0.86,21.6,0.12,0.12,0.095587,1776184600000
1776184602.356,102.356,0.15,30.39,0.14,21.6,0.27,11.0,0.28,10.0,0.73,11.0,0.72,10.0,0.85,30.39,0.86,21.6,0.12,0.12,0.095585,1776184601000
1776184603.143,103.143,0.15,30.39,0.14,21.6,0.27,11.0,0.28,10.0,0.73,11.0,0.72,10.0,0.85,30.39,0.86,21.6,0.12,0.12,0.09558,1776184602000
1776184604.389,104.389,0.15,30.39,0.14,21.6,0.27,11.0,0.28,10.0,0.73,11.0,0.72,10.0,0.85,30.39,0.86,21.6,0.12,0.12,0.095584,1776184603000
1776184604.972,104.972,0.15,30.39,0.14,21.6,0.27,11.0,0.28,10.0,0.73,11.0,0.72,10.0,0.85,30.39,0.86,21.6,0.12,0.12,0.095575,1776184604000
1776184606.025,106.025,0.15,30.39,0.14,21.6,0.27,11.0,0.28,10.0,0.73,11.0,0.72,10.0,0.85,30.39,0.86,21.6,0.12,0.12,0.09557,1776184605000
1776184607.132,107.132,0.15,30.39,0.14,21.6,0.27,11.0,0.28,10.0,0.73,11.0,0.72,10.0,0.85,30.39,0.86,21.6,0.12,0.12,0.095564,1776184606000
1776184608.237,108.237,0.15,30.39,0.14,21.6,0.27,11.0,0.28,10.0,0.73,11.0,0.72,10.0,0.85,30.39,0.86,21.6,0.12,0.12,0.09556,1776184607000
1776184609.357,109.357,0.15,30.39,0.14,21.6,0.27,11.0,0.28,10.0,0.73,11.0,0.72,10.0,0.85,30.39,0.86,21.6,0.12,0.12,0.095563,1776184608000
1776184610.169,110.169,0.15,30.39,0.14,21.6,0.27,11.0,0.28,10.0,0.73,11.0,0.72,10.0,0.85,30.39,0.86,21.6,0.12,0.12,0.095563,1776184609000
1776184611.288,111.288,0.15,30.39,0.14,21.6,0.27,11.0,0.28,10.0,0.73,11.0,0.72,10.0,0.85,30.39,0.86,21.6,0.12,0.12,0.095562,1776184610000
1776184612.112,112.112,0.15,30.39,0.14,21.6,0.27,11.0,0.28,10.0,0.73,11.0,0.72,10.0,0.85,30.39,0.86,21.6,0.12,0.12,0.095562,1776184611000
1776184613.311,113.311,0.15,30.39,0.14,21.6,0.27,11.0,0.28,10.0,0.73,11.0,0.72,10.0,0.85,30.39,0.86,21.6,0.12,0.12,0.095561,1776184612000
1776184614.405,114.405,0.15,30.39,0.14,21.6,0.27,11.0,0.28,10.0,0.73,11.0,0.72,10.0,0.85,30.39,0.86,21.6,0.12,0.12,0.095558,1776184613000
1776184615.004,115.004,0.15,30.39,0.14,21.6,0.27,11.0,0.28,10.0,0.73,11.0,0.72,10.0,0.85,30.39,0.86,21.6,0.12,0.12,0.095558,1776184614000
1776184616.132,116.132,0.15,30.39,0.14,21.6,0.27,11.0,0.28,10.0,0.73,11.0,0.72,10.0,0.85,30.39,0.86,21.6,0.12,0.12,0.095563,1776184615000
1776184617.28,117.28,0.15,30.39,0.14,21.6,0.27,11.0,0.28,10.0,0.73,11.0,0.72,10.0,0.85,30.39,0.86,21.6,0.12,0.12,0.095563,1776184616000
1776184618.435,118.435,0.15,30.39,0.14,21.6,0.27,11.0,0.28,10.0,0.73,11.0,0.72,10.0,0.85,30.39,0.86,21.6,0.12,0.12,0.095563,1776184617000
1776184619.049,119.049,0.15,30.39,0.14,21.6,0.27,11.0,0.28,10.0,0.73,11.0,0.72,10.0,0.85,30.39,0.86,21.6,0.12,0.12,0.095563,1776184618000
1776184620.231,120.231,0.15,30.39,0.14,21.6,0.27,11.0,0.28,10.0,0.73,11.0,0.72,10.0,0.85,30.39,0.86,21.6,0.12,0.12,0.095561,1776184619000
1776184621.371,121.371,0.15,30.39,0.14,21.6,0.27,11.0,0.28,10.0,0.73,11.0,0.72,10.0,0.85,30.39,0.86,21.6,0.12,0.12,0.095564,1776184620000
1776184621.945,121.945,0.15,30.39,0.14,21.6,0.27,11.0,0.28,10.0,0.73,11.0,0.72,10.0,0.85,30.39,0.86,21.6,0.12,0.12,0.095564,1776184621000
1776184623.102,123.102,0.15,30.39,0.14,21.6,0.27,11.0,0.28,10.0,0.73,11.0,0.72,10.0,0.85,30.39,0.86,21.6,0.12,0.12,0.095562,1776184622000
1776184624.233,124.233,0.15,30.39,0.14,21.6,0.27,11.0,0.28,10.0,0.73,11.0,0.72,10.0,0.85,30.39,0.86,21.6,0.12,0.12,0.09557,1776184623000
1776184625.425,125.425,0.15,30.39,0.14,21.6,0.27,11.0,0.28,10.0,0.73,11.0,0.72,10.0,0.85,30.39,0.86,21.6,0.12,0.12,0.09558,1776184624000
1776184625.969,125.969,0.15,30.39,0.14,21.6,0.27,11.0,0.28,10.0,0.73,11.0,0.72,10.0,0.85,30.39,0.86,21.6,0.12,0.12,0.095577,1776184625000
1776184627.557,127.557,0.15,30.39,0.14,21.6,0.27,11.0,0.28,10.0,0.73,11.0,0.72,10.0,0.85,30.39,0.86,21.6,0.12,0.12,0.095583,1776184626000
1776184628.243,128.243,0.15,30.39,0.14,21.6,0.27,11.0,0.28,10.0,0.73,11.0,0.72,10.0,0.85,30.39,0.86,21.6,0.12,0.12,0.095583,1776184627000
1776184629.549,129.549,0.15,30.39,0.14,21.6,0.27,11.0,0.28,10.0,0.73,11.0,0.72,10.0,0.85,30.39,0.86,21.6,0.12,0.12,0.095602,1776184628000
1776184630.187,130.187,0.15,30.39,0.14,21.6,0.27,11.0,0.28,10.0,0.73,11.0,0.72,10.0,0.85,30.39,0.86,21.6,0.12,0.12,0.095602,1776184629000
1776184631.273,131.273,0.15,30.39,0.14,21.6,0.27,11.0,0.28,10.0,0.73,11.0,0.72,10.0,0.85,30.39,0.86,21.6,0.12,0.12,0.095604,1776184630000
1776184632.307,132.307,0.15,30.39,0.14,21.6,0.27,11.0,0.28,10.0,0.73,11.0,0.72,10.0,0.85,30.39,0.86,21.6,0.12,0.12,0.095611,1776184631000
1776184633.442,133.442,0.15,30.39,0.14,21.6,0.27,11.0,0.28,10.0,0.73,11.0,0.72,10.0,0.85,30.39,0.86,21.6,0.12,0.12,0.095609,1776184632000
1776184633.952,133.952,0.15,30.39,0.14,21.6,0.27,11.0,0.28,10.0,0.73,11.0,0.72,10.0,0.85,30.39,0.86,21.6,0.12,0.12,0.095605,1776184633000
1776184635.116,135.116,0.15,30.39,0.14,21.6,0.27,11.0,0.28,10.0,0.73,11.0,0.72,10.0,0.85,30.39,0.86,21.6,0.12,0.12,0.095611,1776184634000
1776184636.355,136.355,0.15,30.39,0.14,21.6,0.27,11.0,0.28,10.0,0.73,11.0,0.72,10.0,0.85,30.39,0.86,21.6,0.12,0.12,0.095603,1776184635000
1776184637.58,137.58,0.15,30.39,0.14,21.6,0.27,11.0,0.28,10.0,0.73,11.0,0.72,10.0,0.85,30.39,0.86,21.6,0.12,0.12,0.095601,1776184636000
1776184637.971,137.971,0.15,30.39,0.14,21.6,0.27,11.0,0.28,10.0,0.73,11.0,0.72,10.0,0.85,30.39,0.86,21.6,0.12,0.12,0.0956,1776184637000
1776184639.157,139.157,0.15,30.39,0.14,21.6,0.27,11.0,0.28,10.0,0.73,11.0,0.72,10.0,0.85,30.39,0.86,21.6,0.12,0.12,0.095604,1776184638000
1776184640.23,140.23,0.15,30.39,0.14,21.6,0.27,11.0,0.28,10.0,0.73,11.0,0.72,10.0,0.85,30.39,0.86,21.6,0.12,0.12,0.0956,1776184639000
1776184641.64,141.64,0.15,30.39,0.14,21.6,0.27,11.0,0.28,10.0,0.73,11.0,0.72,10.0,0.85,30.39,0.86,21.6,0.12,0.12,0.095601,1776184640000
1776184642.294,142.294,0.15,30.39,0.14,21.6,0.27,11.0,0.28,10.0,0.73,11.0,0.72,10.0,0.85,30.39,0.86,21.6,0.12,0.12,0.0956,1776184641000
1776184643.298,143.298,0.15,30.39,0.14,21.6,0.27,11.0,0.28,10.0,0.73,11.0,0.72,10.0,0.85,30.39,0.86,21.6,0.12,0.12,0.095608,1776184642000
1776184644.385,144.385,0.15,30.39,0.14,21.6,0.27,11.0,0.28,10.0,0.73,11.0,0.72,10.0,0.85,30.39,0.86,21.6,0.12,0.12,0.095609,1776184643000
1776184644.817,144.817,0.15,30.39,0.14,21.6,0.27,11.0,0.28,10.0,0.73,11.0,0.72,10.0,0.85,30.39,0.86,21.6,0.12,0.12,0.095609,1776184644000
1776184645.952,145.952,0.15,30.39,0.14,21.6,0.27,11.0,0.28,10.0,0.73,11.0,0.72,10.0,0.85,30.39,0.86,21.6,0.12,0.12,0.095619,1776184645000
1776184647.009,147.009,0.15,30.39,0.14,21.6,0.27,11.0,0.28,10.0,0.73,11.0,0.72,10.0,0.85,30.39,0.86,21.6,0.12,0.12,0.095615,1776184646000
1776184648.065,148.065,0.15,30.39,0.14,21.6,0.27,11.0,0.28,10.0,0.73,11.0,0.72,10.0,0.85,30.39,0.86,21.6,0.12,0.12,0.095618,1776184647000
1776184649.072,149.072,0.15,30.39,0.14,21.6,0.27,11.0,0.28,10.0,0.73,11.0,0.72,10.0,0.85,30.39,0.86,21.6,0.12,0.12,0.095618,1776184648000
1776184650.154,150.154,0.15,30.39,0.14,21.6,0.27,11.0,0.28,10.0,0.73,11.0,0.72,10.0,0.85,30.39,0.86,21.6,0.12,0.12,0.095616,1776184649000
1776184650.863,150.863,0.2,16.2,0.19,21.89,0.32,1.81,0.33,5.0,0.68,5.0,0.67,5.0,0.8,21.32,0.81,21.89,0.12,0.12,0.095616,1776184649000
1776184651.286,151.286,0.2,16.2,0.19,21.89,0.32,1.81,0.33,5.0,0.68,1.81,0.67,5.0,0.8,16.2,0.81,21.89,0.12,0.12,0.095621,1776184650000
1776184652.356,152.356,0.2,16.2,0.19,21.89,0.32,1.81,0.33,5.0,0.68,1.81,0.67,5.0,0.8,16.2,0.81,21.89,0.12,0.12,0.095619,1776184651000
1776184653.01,153.01,0.2,16.2,0.19,21.89,0.32,1.81,0.33,5.0,0.68,1.81,0.67,5.0,0.8,16.2,0.81,21.89,0.12,0.12,0.095619,1776184652000
1776184654.08,154.08,0.2,16.2,0.19,21.89,0.32,1.81,0.33,5.0,0.68,1.81,0.67,5.0,0.8,16.2,0.81,21.89,0.12,0.12,0.095609,1776184653000
1776184655.792,155.792,0.2,16.2,0.19,21.89,0.32,1.81,0.33,5.0,0.68,1.81,0.67,5.0,0.8,16.2,0.81,21.89,0.12,0.12,0.095617,1776184654000
1776184656.924,156.924,0.2,16.2,0.19,21.89,0.32,1.81,0.33,5.0,0.68,1.81,0.67,5.0,0.8,16.2,0.81,21.89,0.12,0.12,0.095618,1776184655000
1776184657.605,157.605,0.2,16.2,0.19,21.89,0.32,1.81,0.33,5.0,0.68,1.81,0.67,5.0,0.8,16.2,0.81,21.89,0.12,0.12,0.095616,1776184656000
1776184658.198,158.198,0.2,16.2,0.19,21.89,0.32,1.81,0.33,5.0,0.68,1.81,0.67,5.0,0.8,16.2,0.81,21.89,0.12,0.12,0.095618,1776184657000
1776184659.569,159.569,0.2,16.2,0.19,21.89,0.32,1.81,0.33,5.0,0.68,1.81,0.67,5.0,0.8,16.2,0.81,21.89,0.12,0.12,0.09563,1776184658000
1776184660.253,160.253,0.2,16.2,0.19,21.89,0.32,1.81,0.33,5.0,0.68,1.81,0.67,5.0,0.8,16.2,0.81,21.89,0.12,0.12,0.095625,1776184659000
1776184660.663,160.663,0.21,25.7,0.2,16.2,0.28,4.42,0.32,5.75,0.68,1.81,0.67,5.0,0.8,16.2,0.81,21.89,0.07,0.12,0.095625,1776184659000
1776184661.65,161.65,0.21,25.7,0.2,16.2,0.28,4.42,0.32,5.75,0.72,4.42,0.68,5.75,0.79,25.7,0.8,16.2,0.07,0.07,0.095621,1776184660000
1776184662.351,162.351,0.21,25.7,0.2,16.2,0.28,4.42,0.32,5.75,0.72,4.42,0.68,5.75,0.79,25.7,0.8,16.2,0.07,0.07,0.095622,1776184661000
1776184662.723,162.723,0.28,5.0,0.27,5.0,0.31,0.67,0.33,5.0,0.69,5.67,0.67,5.0,0.73,10.0,0.76,14.3,0.03,0.04,0.095622,1776184661000
1776184663.827,163.827,0.28,5.0,0.27,5.0,0.31,0.67,0.33,5.0,0.69,0.67,0.67,5.0,0.72,5.0,0.73,5.0,0.03,0.03,0.095651,1776184662000
1776184664.64,164.64,0.28,5.0,0.27,5.0,0.31,0.67,0.33,5.0,0.69,0.67,0.67,5.0,0.72,5.0,0.73,5.0,0.03,0.03,0.095662,1776184663000
1776184665.256,165.256,0.28,5.0,0.27,5.0,0.31,0.67,0.33,5.0,0.69,0.67,0.67,5.0,0.72,5.0,0.73,5.0,0.03,0.03,0.095668,1776184664000
1776184665.621,165.621,0.25,13.9,0.24,14.3,0.33,5.0,0.41,50.0,0.69,0.67,0.67,5.0,0.72,5.0,0.73,5.0,0.08,0.03,0.095668,1776184664000
1776184666.651,166.651,0.25,13.9,0.24,14.3,0.33,5.0,0.41,50.0,0.67,5.0,0.59,50.0,0.75,13.9,0.76,14.3,0.08,0.08,0.095663,1776184665000
1776184667.394,167.394,0.25,13.9,0.24,14.3,0.33,5.0,0.41,50.0,0.67,5.0,0.59,50.0,0.75,13.9,0.76,14.3,0.08,0.08,0.095659,1776184666000
1776184668.016,168.016,0.25,13.9,0.24,14.3,0.33,5.0,0.41,50.0,0.67,5.0,0.59,50.0,0.75,13.9,0.76,14.3,0.08,0.08,0.095659,1776184667000
1776184669.525,169.525,0.25,13.9,0.24,14.3,0.33,5.0,0.41,50.0,0.67,5.0,0.59,50.0,0.75,13.9,0.76,14.3,0.08,0.08,0.095644,1776184668000
1776184670.2,170.2,0.25,13.9,0.24,14.3,0.33,5.0,0.41,50.0,0.67,5.0,0.59,50.0,0.75,13.9,0.76,14.3,0.08,0.08,0.095645,1776184669000
1776184671.578,171.578,0.25,13.9,0.24,14.3,0.33,5.0,0.41,50.0,0.67,5.0,0.59,50.0,0.75,13.9,0.76,14.3,0.08,0.08,0.095643,1776184670000
1776184672.352,172.352,0.25,13.9,0.24,14.3,0.33,5.0,0.41,50.0,0.67,5.0,0.59,50.0,0.75,13.9,0.76,14.3,0.08,0.08,0.095643,1776184671000
1776184673.575,173.575,0.28,17.9,0.27,18.2,0.43,5.0,0.45,5.0,0.67,5.0,0.59,50.0,0.75,13.9,0.76,14.3,0.15,0.08,0.095643,1776184671000
1776184674.346,174.346,0.28,17.9,0.27,18.2,0.43,5.0,0.45,5.0,0.57,5.0,0.55,5.0,0.72,17.9,0.73,18.2,0.15,0.15,0.095645,1776184673000
1776184675.984,175.984,0.28,17.9,0.27,18.2,0.43,5.0,0.45,5.0,0.57,5.0,0.55,5.0,0.72,17.9,0.73,18.2,0.15,0.15,0.095659,1776184674000
1776184676.737,176.737,0.28,17.9,0.27,18.2,0.43,5.0,0.45,5.0,0.57,5.0,0.55,5.0,0.72,17.9,0.73,18.2,0.15,0.15,0.095659,1776184675000
1776184677.598,177.598,0.28,17.9,0.27,18.2,0.43,5.0,0.45,5.0,0.57,5.0,0.55,5.0,0.72,17.9,0.73,18.2,0.15,0.15,0.095659,1776184676000
1776184678.428,178.428,0.28,17.9,0.27,18.2,0.43,5.0,0.45,5.0,0.57,5.0,0.55,5.0,0.72,17.9,0.73,18.2,0.15,0.15,0.09566,1776184677000
1776184679.795,179.795,0.28,17.9,0.27,18.2,0.43,5.0,0.45,5.0,0.57,5.0,0.55,5.0,0.72,17.9,0.73,18.2,0.15,0.15,0.09566,1776184678000
1776184680.567,180.567,0.28,17.9,0.27,18.2,0.43,5.0,0.45,5.0,0.57,5.0,0.55,5.0,0.72,17.9,0.73,18.2,0.15,0.15,0.095667,1776184679000
1776184681.19,181.19,0.28,17.9,0.27,18.2,0.43,5.0,0.45,5.0,0.57,5.0,0.55,5.0,0.72,17.9,0.73,18.2,0.15,0.15,0.095667,1776184680000
1776184682.234,182.234,0.46,5.0,0.45,5.0,0.5,15.0,0.51,6.0,0.57,5.0,0.55,5.0,0.72,17.9,0.73,18.2,0.04,0.15,0.095667,1776184680000
1776184682.947,182.947,0.44,5.0,0.43,5.0,0.5,10.0,0.51,6.0,0.5,15.0,0.49,6.0,0.54,5.0,0.55,5.0,0.06,0.04,0.095667,1776184680000
1776184683.253,183.253,0.5,90.0,0.49,5.0,0.51,6.0,0.52,6.0,0.5,10.0,0.49,6.0,0.56,5.0,0.57,5.0,0.01,0.06,0.095669,1776184681000
1776184683.637,183.637,0.5,95.0,0.46,10.0,0.51,0.9,0.52,6.0,0.49,6.0,0.48,6.0,0.5,90.0,0.51,5.0,0.01,0.01,0.095669,1776184681000
1776184684.762,184.762,0.5,95.0,0.46,10.0,0.51,0.9,0.52,6.0,0.49,0.9,0.48,6.0,0.5,95.0,0.54,10.0,0.01,0.01,0.095681,1776184683000
1776184685.531,185.531,0.5,95.0,0.46,10.0,0.51,0.9,0.52,6.0,0.49,0.9,0.48,6.0,0.5,95.0,0.54,10.0,0.01,0.01,0.09571,1776184684000
1776184686.145,186.145,0.5,95.0,0.46,10.0,0.51,0.9,0.52,6.0,0.49,0.9,0.48,6.0,0.5,95.0,0.54,10.0,0.01,0.01,0.095715,1776184685000
1776184687.551,187.551,0.5,95.0,0.46,10.0,0.51,0.9,0.52,6.0,0.49,0.9,0.48,6.0,0.5,95.0,0.54,10.0,0.01,0.01,0.095711,1776184686000
1776184688.182,188.182,0.5,95.0,0.46,10.0,0.51,0.9,0.52,6.0,0.49,0.9,0.48,6.0,0.5,95.0,0.54,10.0,0.01,0.01,0.095707,1776184687000
1776184688.421,188.421,0.51,49.1,0.5,120.0,0.52,1.0,0.65,5.0,0.48,6.0,0.35,5.0,0.49,49.1,0.5,120.0,0.01,0.01,0.095707,1776184687000
1776184689.528,189.528,0.51,49.1,0.5,120.0,0.52,1.0,0.65,5.0,0.48,1.0,0.35,5.0,0.49,49.1,0.5,120.0,0.01,0.01,0.095703,1776184688000
1776184690.368,190.368,0.51,49.1,0.5,120.0,0.52,1.0,0.65,5.0,0.48,1.0,0.35,5.0,0.49,49.1,0.5,120.0,0.01,0.01,0.095703,1776184689000
1776184691.652,191.652,0.51,49.1,0.5,120.0,0.52,1.0,0.65,5.0,0.48,1.0,0.35,5.0,0.49,49.1,0.5,120.0,0.01,0.01,0.095728,1776184690000
1776184692.541,192.541,0.51,33.0,0.5,90.0,0.66,5.0,0.67,5.0,0.34,5.0,0.33,5.0,0.49,33.0,0.5,90.0,0.15,0.15,0.095723,1776184691000
1776184693.653,193.653,0.51,33.0,0.5,90.0,0.66,5.0,0.67,5.0,0.34,5.0,0.33,5.0,0.49,33.0,0.5,90.0,0.15,0.15,0.095721,1776184692000
1776184694.26,194.26,0.51,33.0,0.5,90.0,0.66,5.0,0.67,5.0,0.34,5.0,0.33,5.0,0.49,33.0,0.5,90.0,0.15,0.15,0.095721,1776184693000
1776184696.035,196.035,0.51,33.0,0.5,90.0,0.66,5.0,0.67,5.0,0.34,5.0,0.33,5.0,0.49,33.0,0.5,90.0,0.15,0.15,0.095727,1776184694000
1776184696.544,196.544,0.51,33.0,0.5,90.0,0.66,5.0,0.67,5.0,0.34,5.0,0.33,5.0,0.49,33.0,0.5,90.0,0.15,0.15,0.095722,1776184695000
1776184697.181,197.181,0.51,33.0,0.5,90.0,0.66,5.0,0.67,5.0,0.34,5.0,0.33,5.0,0.49,33.0,0.5,90.0,0.15,0.15,0.095721,1776184696000
1776184698.616,198.616,0.51,33.0,0.5,90.0,0.66,5.0,0.67,5.0,0.34,5.0,0.33,5.0,0.49,33.0,0.5,90.0,0.15,0.15,0.095719,1776184697000
1776184699.198,199.198,0.51,33.0,0.5,90.0,0.66,5.0,0.67,5.0,0.34,5.0,0.33,5.0,0.49,33.0,0.5,90.0,0.15,0.15,0.095713,1776184698000
1776184700.451,200.451,0.51,33.0,0.5,90.0,0.66,5.0,0.67,5.0,0.34,5.0,0.33,5.0,0.49,33.0,0.5,90.0,0.15,0.15,0.095701,1776184699000
1776184701.013,201.013,0.51,33.0,0.5,90.0,0.66,5.0,0.67,5.0,0.34,5.0,0.33,5.0,0.49,33.0,0.5,90.0,0.15,0.15,0.095701,1776184700000
1776184702.181,202.181,0.51,33.0,0.5,90.0,0.66,5.0,0.67,5.0,0.34,5.0,0.33,5.0,0.49,33.0,0.5,90.0,0.15,0.15,0.095701,1776184701000
1776184703.441,203.441,0.51,33.0,0.5,90.0,0.66,5.0,0.67,5.0,0.34,5.0,0.33,5.0,0.49,33.0,0.5,90.0,0.15,0.15,0.095694,1776184702000
1776184704.029,204.029,0.51,33.0,0.5,90.0,0.66,5.0,0.67,5.0,0.34,5.0,0.33,5.0,0.49,33.0,0.5,90.0,0.15,0.15,0.095692,1776184703000
1776184705.141,205.141,0.51,33.0,0.5,90.0,0.66,5.0,0.67,5.0,0.34,5.0,0.33,5.0,0.49,33.0,0.5,90.0,0.15,0.15,0.095686,1776184704000
1776184706.529,206.529,0.51,33.0,0.5,90.0,0.66,5.0,0.67,5.0,0.34,5.0,0.33,5.0,0.49,33.0,0.5,90.0,0.15,0.15,0.095684,1776184705000
1776184707.0,207.0,0.51,33.0,0.5,90.0,0.66,5.0,0.67,5.0,0.34,5.0,0.33,5.0,0.49,33.0,0.5,90.0,0.15,0.15,0.095684,1776184706000
1776184708.191,208.191,0.51,33.0,0.5,90.0,0.66,5.0,0.67,5.0,0.34,5.0,0.33,5.0,0.49,33.0,0.5,90.0,0.15,0.15,0.095689,1776184707000
1776184710.001,210.001,0.51,33.0,0.5,90.0,0.66,5.0,0.67,5.0,0.34,5.0,0.33,5.0,0.49,33.0,0.5,90.0,0.15,0.15,0.095688,1776184708000
1776184711.431,211.431,0.51,33.0,0.5,90.0,0.66,5.0,0.67,5.0,0.34,5.0,0.33,5.0,0.49,33.0,0.5,90.0,0.15,0.15,0.095688,1776184709000
1776184712.009,212.009,0.51,10.0,0.5,90.0,0.55,5.5,0.56,10.6,0.45,5.5,0.44,10.6,0.49,10.0,0.5,90.0,0.04,0.04,0.095692,1776184711000
1776184713.569,213.569,0.51,10.0,0.5,90.0,0.55,5.5,0.56,10.6,0.45,5.5,0.44,10.6,0.49,10.0,0.5,90.0,0.04,0.04,0.095683,1776184712000
1776184713.827,213.827,0.51,10.0,0.5,90.0,0.66,6.3,0.67,11.8,0.45,5.5,0.44,10.6,0.49,10.0,0.5,90.0,0.15,0.04,0.095683,1776184712000
1776184714.25,214.25,0.51,10.0,0.5,90.0,0.66,6.3,0.67,11.8,0.34,6.3,0.33,11.8,0.49,10.0,0.5,90.0,0.15,0.15,0.095691,1776184713000
1776184714.479,214.479,0.51,10.0,0.5,90.0,0.66,1.46,0.67,11.8,0.34,6.3,0.33,11.8,0.49,10.0,0.5,90.0,0.15,0.15,0.095691,1776184713000
1776184715.669,215.669,0.51,10.0,0.5,90.0,0.66,1.46,0.67,11.8,0.34,1.46,0.33,11.8,0.49,10.0,0.5,90.0,0.15,0.15,0.095709,1776184714000
1776184716.344,216.344,0.51,10.0,0.5,90.0,0.66,1.46,0.67,11.8,0.34,1.46,0.33,11.8,0.49,10.0,0.5,90.0,0.15,0.15,0.095718,1776184715000
1776184717.025,217.025,0.51,10.0,0.5,90.0,0.66,1.46,0.67,11.8,0.34,1.46,0.33,11.8,0.49,10.0,0.5,90.0,0.15,0.15,0.095718,1776184716000
1776184718.415,218.415,0.51,10.0,0.5,90.0,0.66,1.46,0.67,11.8,0.34,1.46,0.33,11.8,0.49,10.0,0.5,90.0,0.15,0.15,0.095708,1776184717000
1776184719.155,219.155,0.51,10.0,0.5,90.0,0.66,1.46,0.67,11.8,0.34,1.46,0.33,11.8,0.49,10.0,0.5,90.0,0.15,0.15,0.09571,1776184718000
1776184719.664,219.664,0.52,2.83,0.51,10.0,0.71,62.6,0.72,12.9,0.34,1.46,0.33,11.8,0.49,10.0,0.5,90.0,0.19,0.15,0.09571,1776184718000
1776184720.525,220.525,0.52,2.83,0.51,10.0,0.71,62.6,0.72,12.9,0.29,62.6,0.28,12.9,0.48,2.83,0.49,10.0,0.19,0.19,0.095715,1776184719000
1776184721.223,221.223,0.52,2.83,0.51,10.0,0.71,62.6,0.72,12.9,0.29,62.6,0.28,12.9,0.48,2.83,0.49,10.0,0.19,0.19,0.095715,1776184720000
1776184722.577,222.577,0.52,2.83,0.51,10.0,0.71,62.6,0.72,12.9,0.29,62.6,0.28,12.9,0.48,2.83,0.49,10.0,0.19,0.19,0.095721,1776184721000
1776184723.335,223.335,0.52,2.83,0.51,10.0,0.71,62.6,0.72,12.9,0.29,62.6,0.28,12.9,0.48,2.83,0.49,10.0,0.19,0.19,0.095722,1776184722000
1776184724.658,224.658,0.52,2.83,0.51,10.0,0.71,62.6,0.72,12.9,0.29,62.6,0.28,12.9,0.48,2.83,0.49,10.0,0.19,0.19,0.095721,1776184723000
1776184725.231,225.231,0.52,2.83,0.51,10.0,0.71,62.6,0.72,12.9,0.29,62.6,0.28,12.9,0.48,2.83,0.49,10.0,0.19,0.19,0.09572,1776184724000
1776184726.643,226.643,0.52,2.83,0.51,10.0,0.71,62.6,0.72,12.9,0.29,62.6,0.28,12.9,0.48,2.83,0.49,10.0,0.19,0.19,0.095721,1776184725000
1776184727.426,227.426,0.52,2.83,0.51,10.0,0.71,62.6,0.72,12.9,0.29,62.6,0.28,12.9,0.48,2.83,0.49,10.0,0.19,0.19,0.095716,1776184726000
1776184728.553,228.553,0.52,2.83,0.51,10.0,0.71,62.6,0.72,12.9,0.29,62.6,0.28,12.9,0.48,2.83,0.49,10.0,0.19,0.19,0.09572,1776184727000
1776184729.086,229.086,0.52,2.83,0.51,10.0,0.71,62.6,0.72,12.9,0.29,62.6,0.28,12.9,0.48,2.83,0.49,10.0,0.19,0.19,0.095713,1776184728000
1776184730.339,230.339,0.52,2.83,0.51,10.0,0.71,62.6,0.72,12.9,0.29,62.6,0.28,12.9,0.48,2.83,0.49,10.0,0.19,0.19,0.095712,1776184729000
1776184731.514,231.514,0.52,2.83,0.51,10.0,0.71,62.6,0.72,12.9,0.29,62.6,0.28,12.9,0.48,2.83,0.49,10.0,0.19,0.19,0.095703,1776184730000
1776184732.235,232.235,0.52,2.83,0.51,10.0,0.71,62.6,0.72,12.9,0.29,62.6,0.28,12.9,0.48,2.83,0.49,10.0,0.19,0.19,0.095703,1776184731000
1776184733.316,233.316,0.52,2.83,0.51,10.0,0.71,62.6,0.72,12.9,0.29,62.6,0.28,12.9,0.48,2.83,0.49,10.0,0.19,0.19,0.095701,1776184732000
1776184733.889,233.889,0.52,2.83,0.51,10.0,0.71,62.6,0.72,12.9,0.29,62.6,0.28,12.9,0.48,2.83,0.49,10.0,0.19,0.19,0.095701,1776184733000
1776184735.019,235.019,0.52,2.83,0.51,10.0,0.71,62.6,0.72,12.9,0.29,62.6,0.28,12.9,0.48,2.83,0.49,10.0,0.19,0.19,0.095698,1776184734000
1776184736.131,236.131,0.52,2.83,0.51,10.0,0.71,62.6,0.72,12.9,0.29,62.6,0.28,12.9,0.48,2.83,0.49,10.0,0.19,0.19,0.095698,1776184735000
1776184737.383,237.383,0.52,2.83,0.51,10.0,0.71,62.6,0.72,12.9,0.29,62.6,0.28,12.9,0.48,2.83,0.49,10.0,0.19,0.19,0.095701,1776184736000
1776184737.98,237.98,0.5,90.0,0.35,11.4,0.6,10.8,0.61,60.9,0.29,62.6,0.28,12.9,0.48,2.83,0.49,10.0,0.1,0.19,0.095701,1776184736000
1776184738.407,238.407,0.5,90.0,0.35,11.4,0.6,10.8,0.61,60.9,0.4,10.8,0.39,60.9,0.5,90.0,0.65,11.4,0.1,0.1,0.0957,1776184737000
1776184739.518,239.518,0.5,90.0,0.35,11.4,0.6,10.8,0.61,60.9,0.4,10.8,0.39,60.9,0.5,90.0,0.65,11.4,0.1,0.1,0.095698,1776184738000
1776184739.993,239.993,0.5,90.0,0.35,11.4,0.6,10.8,0.61,60.9,0.4,10.8,0.39,60.9,0.5,90.0,0.65,11.4,0.1,0.1,0.095697,1776184739000
1776184741.168,241.168,0.5,90.0,0.35,11.4,0.6,10.8,0.61,60.9,0.4,10.8,0.39,60.9,0.5,90.0,0.65,11.4,0.1,0.1,0.095691,1776184740000
1776184742.463,242.463,0.5,90.0,0.35,11.4,0.6,10.8,0.61,60.9,0.4,10.8,0.39,60.9,0.5,90.0,0.65,11.4,0.1,0.1,0.095695,1776184741000
1776184743.328,243.328,0.5,90.0,0.35,11.4,0.6,10.8,0.61,60.9,0.4,10.8,0.39,60.9,0.5,90.0,0.65,11.4,0.1,0.1,0.095693,1776184742000
1776184744.416,244.416,0.5,90.0,0.35,11.4,0.6,10.8,0.61,60.9,0.4,10.8,0.39,60.9,0.5,90.0,0.65,11.4,0.1,0.1,0.095694,1776184743000
1776184744.864,244.864,0.5,90.0,0.35,11.4,0.6,10.8,0.61,60.9,0.4,10.8,0.39,60.9,0.5,90.0,0.65,11.4,0.1,0.1,0.095693,1776184744000
1776184745.476,245.476,0.5,84.09,0.34,11.6,0.52,10.4,0.53,10.4,0.4,10.8,0.39,60.9,0.5,90.0,0.65,11.4,0.02,0.1,0.095693,1776184744000
1776184745.978,245.978,0.5,84.09,0.34,11.6,0.52,10.4,0.53,10.4,0.48,10.4,0.47,10.4,0.5,84.09,0.66,11.6,0.02,0.02,0.095691,1776184745000
1776184747.012,247.012,0.5,84.09,0.34,11.6,0.52,10.4,0.53,10.4,0.48,10.4,0.47,10.4,0.5,84.09,0.66,11.6,0.02,0.02,0.095691,1776184746000
1776184748.094,248.094,0.5,74.09,0.3,12.4,0.51,60.4,0.52,10.4,0.49,60.4,0.48,10.4,0.5,74.09,0.7,12.4,0.01,0.01,0.095693,1776184747000
1776184749.049,249.049,0.5,74.09,0.3,12.4,0.51,60.4,0.52,10.4,0.49,60.4,0.48,10.4,0.5,74.09,0.7,12.4,0.01,0.01,0.095688,1776184748000
1776184749.375,249.375,0.5,63.47,0.29,12.6,0.51,60.4,0.52,10.4,0.49,60.4,0.48,10.4,0.5,74.09,0.7,12.4,0.01,0.01,0.095688,1776184748000
1776184749.944,249.944,0.5,13.47,0.19,5.75,0.51,98.4,0.52,10.4,0.49,60.4,0.48,10.4,0.5,63.47,0.71,12.6,0.01,0.01,0.095688,1776184748000
1776184750.272,250.272,0.14,21.6,0.13,23.0,0.32,5.0,0.33,5.0,0.49,98.4,0.48,10.4,0.81,5.75,0.82,17.0,0.18,0.32,0.095682,1776184749000
1776184750.79,250.79,0.21,46.24,0.15,10.0,0.33,5.0,0.34,5.0,0.68,5.0,0.67,5.0,0.86,21.6,0.87,23.0,0.12,0.18,0.095682,1776184749000
1776184751.145,251.145,0.21,46.24,0.15,10.0,0.33,5.0,0.34,5.0,0.67,5.0,0.66,5.0,0.79,46.24,0.85,10.0,0.12,0.12,0.095681,1776184750000
1776184752.17,252.17,0.21,46.24,0.15,10.0,0.33,5.0,0.34,5.0,0.67,5.0,0.66,5.0,0.79,46.24,0.85,10.0,0.12,0.12,0.095658,1776184751000
1776184753.239,253.239,0.21,46.24,0.15,10.0,0.33,5.0,0.34,5.0,0.67,5.0,0.66,5.0,0.79,46.24,0.85,10.0,0.12,0.12,0.095649,1776184752000
1776184754.242,254.242,0.21,46.24,0.15,10.0,0.33,5.0,0.34,5.0,0.67,5.0,0.66,5.0,0.79,46.24,0.85,10.0,0.12,0.12,0.095649,1776184753000
1776184755.296,255.296,0.21,46.24,0.15,10.0,0.33,5.0,0.34,5.0,0.67,5.0,0.66,5.0,0.79,46.24,0.85,10.0,0.12,0.12,0.095647,1776184754000
1776184756.077,256.077,0.11,47.75,0.1,28.9,0.38,8.0,0.41,50.0,0.67,5.0,0.66,5.0,0.79,46.24,0.85,10.0,0.27,0.12,0.095647,1776184754000
1776184756.817,256.817,0.11,47.75,0.1,28.9,0.38,8.0,0.41,50.0,0.62,8.0,0.59,50.0,0.89,47.75,0.9,28.9,0.27,0.27,0.095638,1776184755000
1776184757.301,257.301,0.11,47.75,0.1,28.9,0.38,8.0,0.41,50.0,0.62,8.0,0.59,50.0,0.89,47.75,0.9,28.9,0.27,0.27,0.095642,1776184756000
1776184758.35,258.35,0.11,47.75,0.1,28.9,0.38,8.0,0.41,50.0,0.62,8.0,0.59,50.0,0.89,47.75,0.9,28.9,0.27,0.27,0.095637,1776184757000
1776184759.322,259.322,0.11,47.75,0.1,28.9,0.38,8.0,0.41,50.0,0.62,8.0,0.59,50.0,0.89,47.75,0.9,28.9,0.27,0.27,0.09564,1776184758000
1776184760.225,260.225,0.11,47.75,0.1,28.9,0.38,8.0,0.41,50.0,0.62,8.0,0.59,50.0,0.89,47.75,0.9,28.9,0.27,0.27,0.095622,1776184759000
1776184761.26,261.26,0.11,47.75,0.1,28.9,0.38,8.0,0.41,50.0,0.62,8.0,0.59,50.0,0.89,47.75,0.9,28.9,0.27,0.27,0.095623,1776184760000
1776184762.178,262.178,0.11,47.75,0.1,28.9,0.38,8.0,0.41,50.0,0.62,8.0,0.59,50.0,0.89,47.75,0.9,28.9,0.27,0.27,0.095622,1776184761000
1776184763.108,263.108,0.11,47.75,0.1,28.9,0.38,8.0,0.41,50.0,0.62,8.0,0.59,50.0,0.89,47.75,0.9,28.9,0.27,0.27,0.095621,1776184762000
1776184764.116,264.116,0.11,47.75,0.1,28.9,0.38,8.0,0.41,50.0,0.62,8.0,0.59,50.0,0.89,47.75,0.9,28.9,0.27,0.27,0.095621,1776184763000
1776184765.115,265.115,0.11,47.75,0.1,28.9,0.38,8.0,0.41,50.0,0.62,8.0,0.59,50.0,0.89,47.75,0.9,28.9,0.27,0.27,0.095623,1776184764000
1776184765.993,265.993,0.11,47.75,0.1,28.9,0.38,8.0,0.41,50.0,0.62,8.0,0.59,50.0,0.89,47.75,0.9,28.9,0.27,0.27,0.095626,1776184765000
1776184766.977,266.977,0.11,47.75,0.1,28.9,0.38,8.0,0.41,50.0,0.62,8.0,0.59,50.0,0.89,47.75,0.9,28.9,0.27,0.27,0.095625,1776184766000
1776184767.88,267.88,0.11,47.75,0.1,28.9,0.38,8.0,0.41,50.0,0.62,8.0,0.59,50.0,0.89,47.75,0.9,28.9,0.27,0.27,0.09562,1776184767000
1776184768.4,268.4,0.04,62.6,0.03,89.3,0.12,5.0,0.2,16.3,0.62,8.0,0.59,50.0,0.89,47.75,0.9,28.9,0.08,0.27,0.09562,1776184767000
1776184769.545,269.545,0.04,62.6,0.03,89.3,0.12,5.0,0.2,16.3,0.88,5.0,0.8,16.3,0.96,62.6,0.97,89.3,0.08,0.08,0.095626,1776184768000
1776184770.065,270.065,0.04,62.6,0.03,89.3,0.12,5.0,0.2,16.3,0.88,5.0,0.8,16.3,0.96,62.6,0.97,89.3,0.08,0.08,0.095626,1776184769000
1776184771.299,271.299,0.04,62.6,0.03,89.3,0.12,5.0,0.2,16.3,0.88,5.0,0.8,16.3,0.96,62.6,0.97,89.3,0.08,0.08,0.095619,1776184770000
1776184771.875,271.875,0.04,62.6,0.03,89.3,0.12,5.0,0.2,16.3,0.88,5.0,0.8,16.3,0.96,62.6,0.97,89.3,0.08,0.08,0.095618,1776184771000
1776184773.32,273.32,0.04,62.6,0.03,89.3,0.12,5.0,0.2,16.3,0.88,5.0,0.8,16.3,0.96,62.6,0.97,89.3,0.08,0.08,0.095619,1776184772000
1776184774.062,274.062,0.02,146.66,0.01,5558.6,0.11,26.6,0.12,29.6,0.89,26.6,0.88,29.6,0.98,146.66,0.99,5558.6,0.09,0.09,0.09562,1776184773000
1776184775.065,275.065,0.02,146.66,0.01,5558.6,0.11,26.6,0.12,29.6,0.89,26.6,0.88,29.6,0.98,146.66,0.99,5558.6,0.09,0.09,0.09562,1776184774000
1776184776.158,276.158,0.02,146.66,0.01,5558.6,0.11,26.6,0.12,29.6,0.89,26.6,0.88,29.6,0.98,146.66,0.99,5558.6,0.09,0.09,0.095621,1776184775000
1776184777.237,277.237,0.02,146.66,0.01,5558.6,0.11,26.6,0.12,29.6,0.89,26.6,0.88,29.6,0.98,146.66,0.99,5558.6,0.09,0.09,0.095617,1776184776000
1776184777.526,277.526,0.11,10.1,0.06,17.0,0.12,5.0,0.17,12.05,0.89,26.6,0.88,29.6,0.98,146.66,0.99,5558.6,0.01,0.09,0.095617,1776184776000
1776184777.905,277.905,0.11,10.1,0.06,17.0,0.12,5.0,0.17,12.05,0.88,5.0,0.83,12.05,0.89,10.1,0.94,17.0,0.01,0.01,0.095622,1776184777000
1776184779.006,279.006,0.06,17.0,0.02,18.97,0.12,5.0,0.17,12.05,0.88,5.0,0.83,12.05,0.94,17.0,0.98,18.97,0.06,0.06,0.095635,1776184778000
1776184780.037,280.037,0.06,17.0,0.02,18.97,0.12,5.0,0.17,12.05,0.88,5.0,0.83,12.05,0.94,17.0,0.98,18.97,0.06,0.06,0.095653,1776184779000
1776184780.576,280.576,0.16,76.8,0.11,50.0,0.17,12.05,0.41,50.0,0.88,5.0,0.83,12.05,0.94,17.0,0.98,18.97,0.01,0.06,0.095653,1776184779000
1776184781.229,281.229,0.16,76.8,0.11,50.0,0.17,12.05,0.41,50.0,0.83,12.05,0.59,50.0,0.84,76.8,0.89,50.0,0.01,0.01,0.095653,1776184780000
1776184781.76,281.76,0.16,68.1,0.11,50.0,0.17,12.05,0.41,50.0,0.83,12.05,0.59,50.0,0.84,69.8,0.89,50.0,0.01,0.01,0.095653,1776184780000
1776184782.288,282.288,0.16,68.1,0.11,50.0,0.17,12.05,0.41,50.0,0.83,12.05,0.59,50.0,0.84,68.1,0.89,50.0,0.01,0.01,0.095664,1776184781000
1776184783.406,283.406,0.16,68.1,0.11,50.0,0.17,12.05,0.41,50.0,0.83,12.05,0.59,50.0,0.84,68.1,0.89,50.0,0.01,0.01,0.095682,1776184782000
1776184784.867,284.867,0.16,68.1,0.11,50.0,0.41,50.0,0.51,50.0,0.59,50.0,0.49,50.0,0.84,68.1,0.89,50.0,0.25,0.25,0.095684,1776184783000
1776184785.423,285.423,0.16,68.1,0.11,50.0,0.41,50.0,0.51,50.0,0.59,50.0,0.49,50.0,0.84,68.1,0.89,50.0,0.25,0.25,0.095683,1776184784000
1776184786.109,286.109,0.16,68.1,0.11,50.0,0.41,50.0,0.51,50.0,0.59,50.0,0.49,50.0,0.84,68.1,0.89,50.0,0.25,0.25,0.095682,1776184785000
1776184787.188,287.188,0.16,68.1,0.11,50.0,0.41,50.0,0.51,50.0,0.59,50.0,0.49,50.0,0.84,68.1,0.89,50.0,0.25,0.25,0.095683,1776184786000
1776184788.396,288.396,0.16,68.1,0.11,50.0,0.41,50.0,0.51,50.0,0.59,50.0,0.49,50.0,0.84,68.1,0.89,50.0,0.25,0.25,0.095684,1776184787000
1776184789.057,289.057,0.16,68.1,0.11,50.0,0.41,50.0,0.51,50.0,0.59,50.0,0.49,50.0,0.84,68.1,0.89,50.0,0.25,0.25,0.095684,1776184788000
1776184790.174,290.174,0.16,68.1,0.11,50.0,0.41,50.0,0.51,50.0,0.59,50.0,0.49,50.0,0.84,68.1,0.89,50.0,0.25,0.25,0.095683,1776184789000
1776184790.418,290.418,0.13,8.0,0.11,50.0,0.41,48.33,0.51,50.0,0.59,50.0,0.49,50.0,0.84,68.1,0.89,50.0,0.28,0.25,0.095683,1776184789000
1776184791.168,291.168,0.13,6.81,0.11,50.0,0.41,47.16,0.51,50.0,0.59,47.16,0.49,50.0,0.87,6.81,0.89,50.0,0.28,0.28,0.095683,1776184790000
1776184792.212,292.212,0.13,6.81,0.11,50.0,0.41,47.16,0.51,50.0,0.59,47.16,0.49,50.0,0.87,6.81,0.89,50.0,0.28,0.28,0.095684,1776184791000
1776184793.351,293.351,0.13,1.81,0.07,15.0,0.31,50.0,0.41,47.16,0.69,50.0,0.59,47.16,0.87,1.81,0.93,15.0,0.18,0.18,0.095683,1776184792000
1776184794.127,294.127,0.13,1.81,0.07,15.0,0.31,50.0,0.41,47.16,0.69,50.0,0.59,47.16,0.87,1.81,0.93,15.0,0.18,0.18,0.095684,1776184793000
1776184795.084,295.084,0.13,1.81,0.07,15.0,0.31,50.0,0.41,47.16,0.69,50.0,0.59,47.16,0.87,1.81,0.93,15.0,0.18,0.18,0.095685,1776184794000
1776184796.229,296.229,0.13,1.81,0.07,15.0,0.31,50.0,0.41,47.16,0.69,50.0,0.59,47.16,0.87,1.81,0.93,15.0,0.18,0.18,0.095684,1776184795000
1776184797.347,297.347,0.13,1.81,0.07,15.0,0.31,50.0,0.41,47.16,0.69,50.0,0.59,47.16,0.87,1.81,0.93,15.0,0.18,0.18,0.095675,1776184796000
1776184797.856,297.856,0.01,146.0,,,0.21,50.0,0.31,50.0,0.79,50.0,0.69,50.0,0.98,16.06,0.99,146.0,0.2,0.19,0.095675,1776184796000
1776184798.221,298.221,0.01,116.49,,,0.11,5.0,0.21,50.0,0.79,50.0,0.69,50.0,0.99,146.0,,,0.1,0.2,0.095675,1776184796000
1776184798.679,298.679,0.01,76.49,,,0.11,5.0,0.21,50.0,0.89,5.0,0.79,50.0,0.99,116.49,,,0.1,0.1,0.095672,1776184797000
1776184799.001,299.001,,,,,0.01,18.44,0.11,5.0,0.89,5.0,0.79,50.0,0.99,46.28,,,,0.1,0.095672,1776184797000
1776184799.552,299.552,,,,,0.01,407.62,0.02,5.0,0.99,18.44,0.89,5.0,,,,,,,0.095672,1776184797000
1776184800.234,300.234,,,,,0.01,407.62,0.02,5.0,0.99,407.62,0.98,5.0,,,,,,,0.09567,1776184799000
1776184801.854,301.854,,,,,0.01,407.62,0.02,5.0,0.99,407.62,0.98,5.0,,,,,,,0.095672,1776184800000
1776184802.727,302.727,,,,,0.01,407.62,0.02,5.0,0.99,407.62,0.98,5.0,,,,,,,0.095675,1776184801000

# RESULT,winner=Up,slug=doge-updown-5m-1776184500,ticks=320
