timestamp,elapsed_sec,up_bid_p1,up_bid_s1,up_bid_p2,up_bid_s2,up_ask_p1,up_ask_s1,up_ask_p2,up_ask_s2,down_bid_p1,down_bid_s1,down_bid_p2,down_bid_s2,down_ask_p1,down_ask_s1,down_ask_p2,down_ask_s2,up_spread,down_spread,doge_price,doge_oracle_ts
1776195311.154,11.154,,,,,,,,,,,,,,,,,,,0.092716,1776195310000
1776195311.468,11.468,0.51,40.53,0.5,5.0,0.81,29.28,0.89,100.0,0.19,29.28,0.11,100.0,0.49,40.53,0.5,5.0,0.3,0.3,0.092716,1776195310000
1776195311.997,11.997,0.51,40.53,0.5,5.0,0.81,29.28,0.89,100.0,0.4,10.0,0.19,29.28,0.49,40.53,0.5,5.0,0.3,0.09,0.092716,1776195310000
1776195313.028,13.028,0.51,40.53,0.5,5.0,0.6,10.0,0.81,29.28,0.4,10.0,0.19,29.28,0.49,40.53,0.5,5.0,0.09,0.09,0.092708,1776195312000
1776195313.578,13.578,0.61,42.0,0.51,50.0,0.89,178.59,0.91,50.0,0.11,61.59,0.09,50.0,0.5,5.0,0.52,5.0,0.28,0.39,0.092708,1776195312000
1776195314.163,14.163,0.61,25.0,0.51,50.0,0.8,125.0,0.89,61.59,0.11,178.59,0.09,50.0,0.39,35.0,0.49,50.0,0.19,0.28,0.092708,1776195312000
1776195314.46,14.46,0.61,15.0,0.51,50.0,0.8,125.0,0.81,50.0,0.2,125.0,0.11,61.59,0.39,25.0,0.49,50.0,0.19,0.19,0.092696,1776195313000
1776195315.149,15.149,0.61,15.0,0.51,50.0,0.8,125.0,0.81,50.0,0.2,125.0,0.19,50.0,0.39,15.0,0.49,50.0,0.19,0.19,0.092687,1776195314000
1776195315.924,15.924,0.61,65.0,0.51,50.0,0.8,120.0,0.89,61.59,0.2,125.0,0.19,50.0,0.39,15.0,0.49,50.0,0.19,0.19,0.092687,1776195314000
1776195316.41,16.41,0.61,65.0,0.51,50.0,0.8,120.0,0.89,61.59,0.2,120.0,0.11,61.59,0.39,65.0,0.49,50.0,0.19,0.19,0.092673,1776195315000
1776195317.034,17.034,0.61,65.0,0.51,50.0,0.8,120.0,0.89,61.59,0.2,120.0,0.11,61.59,0.39,65.0,0.49,50.0,0.19,0.19,0.092683,1776195316000
1776195317.989,17.989,0.61,65.0,0.51,50.0,0.8,4.87,0.89,61.59,0.2,4.87,0.11,61.59,0.39,65.0,0.49,50.0,0.19,0.19,0.092699,1776195317000
1776195319.009,19.009,0.61,65.0,0.51,50.0,0.8,4.87,0.89,61.59,0.2,4.87,0.11,61.59,0.39,65.0,0.49,50.0,0.19,0.19,0.092705,1776195318000
1776195319.411,19.411,0.61,65.0,0.51,50.0,0.89,33.35,0.91,50.0,0.3,3.72,0.11,144.59,0.39,65.0,0.49,50.0,0.28,0.09,0.092705,1776195318000
1776195320.083,20.083,0.61,49.11,0.51,50.0,0.89,33.35,0.91,50.0,0.11,33.35,0.09,50.0,0.39,49.11,0.49,50.0,0.28,0.28,0.092705,1776195319000
1776195320.631,20.631,0.61,44.11,0.51,50.0,0.73,17.0,0.74,10.0,0.11,33.35,0.09,50.0,0.39,49.11,0.49,50.0,0.12,0.28,0.092705,1776195319000
1776195321.179,21.179,0.61,44.11,0.51,50.0,0.93,13.77,0.94,50.0,0.27,17.0,0.26,10.0,0.39,44.11,0.49,50.0,0.32,0.12,0.092705,1776195319000
1776195322.93,22.93,0.71,50.0,0.61,44.11,0.95,200.88,0.96,100.0,0.07,13.77,0.06,50.0,0.39,44.11,0.49,50.0,0.24,0.32,0.092708,1776195320000
1776195323.16,23.16,0.71,50.0,0.61,44.11,0.95,200.88,0.96,100.0,0.05,200.88,0.04,100.0,0.29,50.0,0.39,44.11,0.24,0.24,0.092705,1776195321000
1776195323.921,23.921,0.71,50.0,0.61,44.11,0.95,200.88,0.96,100.0,0.05,200.88,0.04,100.0,0.29,50.0,0.39,44.11,0.24,0.24,0.092705,1776195322000
1776195324.655,24.655,0.71,50.0,0.61,44.11,0.95,200.88,0.96,100.0,0.05,200.88,0.04,100.0,0.29,50.0,0.39,44.11,0.24,0.24,0.092708,1776195323000
1776195324.937,24.937,0.71,50.0,0.61,44.11,0.95,551.66,0.96,100.0,0.05,200.88,0.04,100.0,0.29,50.0,0.39,44.11,0.24,0.24,0.092708,1776195323000
1776195325.331,25.331,0.71,50.0,0.61,44.11,0.95,551.66,0.96,100.0,0.05,551.66,0.04,100.0,0.29,50.0,0.39,44.11,0.24,0.24,0.092708,1776195324000
1776195326.105,26.105,0.71,50.0,0.61,44.11,0.95,551.66,0.96,100.0,0.05,551.66,0.04,100.0,0.29,50.0,0.39,44.11,0.24,0.24,0.09271,1776195325000
1776195326.563,26.563,0.71,16.85,0.61,44.11,0.95,557.66,0.96,100.0,0.05,551.66,0.04,100.0,0.29,50.0,0.39,44.11,0.24,0.24,0.09271,1776195325000
1776195326.9,26.9,0.71,6.85,0.61,44.11,0.91,298.0,0.95,96.66,0.05,557.66,0.04,100.0,0.29,16.85,0.39,44.11,0.2,0.24,0.09271,1776195325000
1776195327.532,27.532,0.71,6.85,0.61,44.11,0.91,189.2,0.95,96.66,0.09,189.2,0.05,96.66,0.29,6.85,0.39,44.11,0.2,0.2,0.092713,1776195326000
1776195327.826,27.826,0.61,44.11,0.51,50.0,0.91,189.2,0.95,96.66,0.09,189.2,0.05,96.66,0.29,6.85,0.39,44.11,0.3,0.2,0.092713,1776195326000
1776195328.403,28.403,0.61,44.11,0.51,50.0,0.91,189.2,0.95,96.66,0.09,189.2,0.05,96.66,0.39,44.11,0.49,50.0,0.3,0.3,0.092714,1776195327000
1776195329.05,29.05,0.61,44.11,0.51,50.0,0.95,101.57,0.96,167.7,0.09,189.2,0.05,96.66,0.39,44.11,0.49,50.0,0.34,0.3,0.092714,1776195327000
1776195330.505,30.505,0.61,44.11,0.51,50.0,0.95,101.57,0.96,167.7,0.05,101.57,0.04,167.7,0.39,44.11,0.49,50.0,0.34,0.34,0.092723,1776195329000
1776195330.921,30.921,0.71,50.0,0.61,44.11,0.95,482.97,0.96,167.7,0.05,101.57,0.04,167.7,0.39,44.11,0.49,50.0,0.24,0.34,0.092723,1776195329000
1776195331.145,31.145,0.71,50.0,0.61,44.11,0.95,482.97,0.96,167.7,0.05,482.97,0.04,167.7,0.29,50.0,0.39,44.11,0.24,0.24,0.092724,1776195330000
1776195332.411,32.411,0.71,50.0,0.61,44.11,0.95,482.97,0.96,167.7,0.05,482.97,0.04,167.7,0.29,50.0,0.39,44.11,0.24,0.24,0.092718,1776195331000
1776195332.971,32.971,0.71,50.0,0.61,44.11,0.95,482.97,0.96,167.7,0.05,482.97,0.04,167.7,0.29,50.0,0.39,44.11,0.24,0.24,0.092715,1776195332000
1776195334.153,34.153,0.71,50.0,0.61,44.11,0.93,268.54,0.94,46.1,0.07,268.54,0.06,46.1,0.29,50.0,0.39,44.11,0.22,0.22,0.092726,1776195333000
1776195335.147,35.147,0.71,50.0,0.61,44.11,0.93,136.89,0.94,46.1,0.07,268.54,0.06,46.1,0.29,50.0,0.39,44.11,0.22,0.22,0.092726,1776195333000
1776195336.173,36.173,0.71,50.0,0.61,44.11,0.93,136.89,0.94,46.1,0.07,136.89,0.06,46.1,0.29,50.0,0.39,44.11,0.22,0.22,0.092734,1776195335000
1776195337.386,37.386,0.71,50.0,0.61,44.11,0.93,136.89,0.94,46.1,0.07,136.89,0.06,46.1,0.29,50.0,0.39,44.11,0.22,0.22,0.092737,1776195336000
1776195337.984,37.984,0.71,50.0,0.61,44.11,0.93,136.89,0.94,46.1,0.07,136.89,0.06,46.1,0.29,50.0,0.39,44.11,0.22,0.22,0.092732,1776195337000
1776195339.179,39.179,0.71,50.0,0.61,44.11,0.91,61.9,0.92,35.29,0.07,136.89,0.06,46.1,0.29,50.0,0.39,44.11,0.2,0.22,0.092732,1776195337000
1776195339.575,39.575,0.81,36.64,0.71,50.0,0.91,61.9,0.92,35.29,0.09,61.9,0.08,35.29,0.29,50.0,0.39,44.11,0.1,0.2,0.0927,1776195338000
1776195340.504,40.504,0.81,36.64,0.71,50.0,0.91,61.9,0.92,35.29,0.09,61.9,0.08,35.29,0.19,36.64,0.29,50.0,0.1,0.1,0.092707,1776195339000
1776195340.941,40.941,0.61,44.11,0.51,50.0,0.91,74.45,0.92,35.29,0.09,61.9,0.08,35.29,0.19,36.64,0.29,50.0,0.3,0.1,0.092707,1776195339000
1776195341.951,41.951,0.61,44.11,0.51,50.0,0.91,74.45,0.92,35.29,0.09,74.45,0.08,35.29,0.39,44.11,0.49,50.0,0.3,0.3,0.092692,1776195341000
1776195343.024,43.024,0.61,44.11,0.51,50.0,0.91,74.45,0.92,35.29,0.09,74.45,0.08,35.29,0.39,44.11,0.49,50.0,0.3,0.3,0.092704,1776195342000
1776195344.075,44.075,0.61,44.11,0.51,50.0,0.91,74.45,0.92,35.29,0.09,74.45,0.08,35.29,0.39,44.11,0.49,50.0,0.3,0.3,0.092704,1776195343000
1776195345.09,45.09,0.61,44.11,0.51,50.0,0.91,74.45,0.92,35.29,0.09,74.45,0.08,35.29,0.39,44.11,0.49,50.0,0.3,0.3,0.092704,1776195344000
1776195346.092,46.092,0.61,44.11,0.51,50.0,0.91,74.45,0.92,35.29,0.09,74.45,0.08,35.29,0.39,44.11,0.49,50.0,0.3,0.3,0.092703,1776195345000
1776195347.113,47.113,0.61,44.11,0.51,50.0,0.91,74.45,0.92,35.29,0.09,74.45,0.08,35.29,0.39,44.11,0.49,50.0,0.3,0.3,0.092695,1776195346000
1776195348.148,48.148,0.61,44.11,0.51,50.0,0.91,74.45,0.92,35.29,0.09,74.45,0.08,35.29,0.39,44.11,0.49,50.0,0.3,0.3,0.092692,1776195347000
1776195349.216,49.216,0.61,44.11,0.51,50.0,0.91,74.45,0.92,35.29,0.09,74.45,0.08,35.29,0.39,44.11,0.49,50.0,0.3,0.3,0.092702,1776195348000
1776195350.191,50.191,0.61,44.11,0.51,50.0,0.91,74.45,0.92,35.29,0.09,74.45,0.08,35.29,0.39,44.11,0.49,50.0,0.3,0.3,0.092696,1776195349000
1776195351.278,51.278,0.61,44.11,0.51,50.0,0.91,74.45,0.92,35.29,0.09,74.45,0.08,35.29,0.39,44.11,0.49,50.0,0.3,0.3,0.092698,1776195350000
1776195352.464,52.464,0.61,44.11,0.51,50.0,0.91,74.45,0.92,35.29,0.09,74.45,0.08,35.29,0.39,44.11,0.49,50.0,0.3,0.3,0.092698,1776195351000
1776195352.894,52.894,0.61,44.11,0.51,50.0,0.91,74.45,0.92,35.29,0.09,74.45,0.08,35.29,0.39,44.11,0.49,50.0,0.3,0.3,0.092699,1776195352000
1776195354.013,54.013,0.61,44.11,0.51,50.0,0.91,74.45,0.92,35.29,0.09,74.45,0.08,35.29,0.39,44.11,0.49,50.0,0.3,0.3,0.092698,1776195353000
1776195356.004,56.004,0.61,44.11,0.51,50.0,0.91,74.45,0.92,35.29,0.09,74.45,0.08,35.29,0.39,44.11,0.49,50.0,0.3,0.3,0.092684,1776195354000
1776195356.619,56.619,0.61,44.11,0.51,50.0,0.91,74.45,0.92,35.29,0.09,74.45,0.08,35.29,0.39,44.11,0.49,50.0,0.3,0.3,0.092673,1776195355000
1776195356.925,56.925,0.33,18.79,0.31,62.2,0.77,14.7,0.78,15.2,0.09,74.45,0.08,35.29,0.39,44.11,0.49,50.0,0.44,0.3,0.092673,1776195355000
1776195357.565,57.565,0.33,18.79,0.31,62.2,0.77,14.7,0.78,15.2,0.23,14.7,0.22,15.2,0.67,18.79,0.69,62.2,0.44,0.44,0.092673,1776195356000
1776195358.303,58.303,0.33,18.79,0.31,62.2,0.77,14.7,0.78,15.2,0.23,14.7,0.22,15.2,0.67,18.79,0.69,62.2,0.44,0.44,0.092687,1776195357000
1776195358.8,58.8,0.29,10.28,0.28,22.9,0.47,5.0,0.5,5.0,0.23,14.7,0.22,15.2,0.67,18.79,0.69,62.2,0.18,0.44,0.092687,1776195357000
1776195359.101,59.101,0.29,10.28,0.28,22.9,0.47,5.0,0.5,5.0,0.53,5.0,0.5,5.0,0.71,10.28,0.72,22.9,0.18,0.18,0.092686,1776195358000
1776195360.537,60.537,0.29,10.28,0.28,22.9,0.47,5.0,0.5,5.0,0.53,5.0,0.5,5.0,0.71,10.28,0.72,22.9,0.18,0.18,0.092683,1776195359000
1776195360.788,60.788,0.24,12.57,0.23,14.7,0.44,5.0,0.47,5.0,0.53,5.0,0.5,5.0,0.71,10.28,0.72,22.9,0.2,0.18,0.092683,1776195359000
1776195361.266,61.266,0.24,12.57,0.23,14.7,0.44,5.0,0.47,5.0,0.56,5.0,0.53,5.0,0.76,12.57,0.77,14.7,0.2,0.2,0.09268,1776195360000
1776195362.875,62.875,0.24,12.57,0.23,14.7,0.44,5.0,0.47,5.0,0.56,5.0,0.53,5.0,0.76,12.57,0.77,14.7,0.2,0.2,0.092672,1776195361000
1776195363.624,63.624,0.15,2.28,0.14,21.6,0.41,50.0,0.51,60.0,0.59,50.0,0.49,60.0,0.85,2.28,0.86,21.6,0.26,0.26,0.092671,1776195362000
1776195364.311,64.311,0.15,2.28,0.14,21.6,0.41,50.0,0.51,60.0,0.59,50.0,0.49,60.0,0.85,2.28,0.86,21.6,0.26,0.26,0.092671,1776195363000
1776195364.546,64.546,0.25,5.0,0.23,5.0,0.35,5.0,0.39,5.0,0.59,50.0,0.49,60.0,0.85,2.28,0.86,21.6,0.1,0.26,0.092671,1776195363000
1776195364.976,64.976,0.12,2.38,0.11,76.6,0.35,5.0,0.39,5.0,0.65,5.0,0.61,5.0,0.75,5.0,0.77,5.0,0.23,0.1,0.092671,1776195363000
1776195365.73,65.73,0.12,2.38,0.11,76.6,0.35,5.0,0.39,5.0,0.65,5.0,0.61,5.0,0.88,2.38,0.89,76.6,0.23,0.23,0.092644,1776195364000
1776195366.461,66.461,0.12,2.38,0.11,76.6,0.35,5.0,0.39,5.0,0.65,5.0,0.61,5.0,0.88,2.38,0.89,76.6,0.23,0.23,0.092628,1776195365000
1776195366.871,66.871,0.09,18.74,0.08,35.29,0.33,5.0,0.38,5.0,0.65,5.0,0.61,5.0,0.88,2.38,0.89,76.6,0.24,0.23,0.092628,1776195365000
1776195367.148,67.148,0.09,18.74,0.08,35.29,0.33,5.0,0.38,5.0,0.67,5.0,0.62,5.0,0.91,18.74,0.92,35.29,0.24,0.24,0.092628,1776195366000
1776195368.555,68.555,0.09,18.74,0.08,35.29,0.33,5.0,0.38,5.0,0.67,5.0,0.62,5.0,0.91,18.74,0.92,35.29,0.24,0.24,0.092621,1776195367000
1776195368.792,68.792,0.07,24.01,0.06,46.1,0.31,50.0,0.33,5.0,0.67,5.0,0.62,5.0,0.91,18.74,0.92,35.29,0.24,0.24,0.092621,1776195367000
1776195369.303,69.303,0.07,24.01,0.06,46.1,0.31,50.0,0.33,5.0,0.69,50.0,0.67,5.0,0.93,24.01,0.94,46.1,0.24,0.24,0.092617,1776195368000
1776195370.723,70.723,0.07,24.01,0.06,46.1,0.31,50.0,0.33,5.0,0.69,50.0,0.67,5.0,0.93,24.01,0.94,46.1,0.24,0.24,0.09262,1776195369000
1776195371.518,71.518,0.06,7.77,0.05,54.7,0.31,50.0,0.37,5.0,0.69,50.0,0.63,5.0,0.94,7.77,0.95,54.7,0.25,0.25,0.092632,1776195370000
1776195372.233,72.233,0.06,7.77,0.05,54.7,0.31,50.0,0.37,5.0,0.69,50.0,0.63,5.0,0.94,7.77,0.95,54.7,0.25,0.25,0.092634,1776195371000
1776195373.291,73.291,0.06,7.77,0.05,54.7,0.31,50.0,0.37,5.0,0.69,50.0,0.63,5.0,0.94,7.77,0.95,54.7,0.25,0.25,0.092632,1776195372000
1776195374.786,74.786,0.05,12.42,0.04,79.7,0.31,50.0,0.36,5.0,0.69,50.0,0.63,5.0,0.94,7.77,0.95,54.7,0.26,0.25,0.092632,1776195372000
1776195375.414,75.414,0.05,12.42,0.04,79.7,0.31,50.0,0.36,5.0,0.69,50.0,0.64,5.0,0.95,12.42,0.96,79.7,0.26,0.26,0.092633,1776195374000
1776195376.052,76.052,0.05,12.42,0.04,79.7,0.31,50.0,0.36,5.0,0.69,50.0,0.64,5.0,0.95,12.42,0.96,79.7,0.26,0.26,0.092624,1776195375000
1776195376.713,76.713,0.24,10.0,0.23,10.0,0.5,5.0,0.51,60.0,0.69,50.0,0.64,5.0,0.95,12.42,0.96,79.7,0.26,0.26,0.092624,1776195375000
1776195377.082,77.082,0.11,22.47,0.07,39.9,0.5,5.0,0.51,50.0,0.5,5.0,0.49,60.0,0.76,10.0,0.77,10.0,0.39,0.26,0.092624,1776195375000
1776195377.417,77.417,0.11,22.47,0.07,39.9,0.5,5.0,0.51,50.0,0.5,5.0,0.49,50.0,0.89,22.47,0.93,39.9,0.39,0.39,0.092651,1776195376000
1776195377.766,77.766,0.11,255.47,0.08,35.29,0.31,26.88,0.41,50.0,0.5,5.0,0.49,50.0,0.89,22.47,0.93,39.9,0.2,0.39,0.092651,1776195376000
1776195378.014,78.014,0.11,255.47,0.08,35.29,0.31,16.88,0.41,50.0,0.69,16.88,0.59,50.0,0.89,255.47,0.92,35.29,0.2,0.2,0.092659,1776195377000
1776195379.157,79.157,0.25,24.0,0.24,10.0,0.31,16.88,0.41,50.0,0.69,16.88,0.59,50.0,0.89,255.47,0.92,35.29,0.06,0.2,0.092659,1776195377000
1776195379.479,79.479,0.3,10.0,0.25,24.0,0.41,50.0,0.5,5.0,0.69,16.88,0.59,50.0,0.75,24.0,0.76,10.0,0.11,0.06,0.092694,1776195378000
1776195380.56,80.56,0.3,10.0,0.25,24.0,0.41,50.0,0.5,5.0,0.59,50.0,0.5,5.0,0.7,10.0,0.75,24.0,0.11,0.11,0.092719,1776195379000
1776195381.194,81.194,0.36,10.0,0.35,10.0,0.41,35.0,0.51,50.0,0.59,35.0,0.49,50.0,0.64,10.0,0.65,10.0,0.05,0.05,0.092714,1776195380000
1776195381.913,81.913,0.1,168.0,0.09,31.7,0.31,40.0,0.41,35.0,0.59,35.0,0.49,50.0,0.9,28.0,0.91,31.7,0.21,0.31,0.092714,1776195380000
1776195382.407,82.407,0.1,168.0,0.09,31.7,0.31,40.0,0.41,35.0,0.69,40.0,0.59,35.0,0.9,168.0,0.91,31.7,0.21,0.21,0.092728,1776195381000
1776195382.651,82.651,0.28,160.0,0.11,5.0,0.31,2.66,0.41,35.0,0.69,40.0,0.59,35.0,0.9,168.0,0.91,31.7,0.03,0.21,0.092728,1776195381000
1776195383.097,83.097,0.31,14.93,0.28,160.0,0.41,35.0,0.51,50.0,0.59,35.0,0.49,50.0,0.69,14.93,0.72,160.0,0.1,0.1,0.092728,1776195382000
1776195384.434,84.434,0.31,14.93,0.28,160.0,0.41,35.0,0.51,50.0,0.59,35.0,0.49,50.0,0.69,14.93,0.72,160.0,0.1,0.1,0.092729,1776195383000
1776195385.078,85.078,0.11,65.58,0.1,28.0,0.51,50.0,0.55,6.4,0.59,35.0,0.49,50.0,0.69,14.93,0.72,160.0,0.4,0.1,0.092729,1776195383000
1776195386.327,86.327,0.11,65.58,0.1,28.0,0.51,50.0,0.55,6.4,0.49,50.0,0.45,6.4,0.89,65.58,0.9,28.0,0.4,0.4,0.092733,1776195385000
1776195386.699,86.699,0.39,85.0,0.23,10.0,0.41,50.0,0.51,50.0,0.49,50.0,0.45,6.4,0.89,65.58,0.9,28.0,0.02,0.4,0.092733,1776195385000
1776195387.248,87.248,0.11,17.3,0.09,31.7,0.41,50.0,0.51,50.0,0.59,50.0,0.49,50.0,0.61,80.0,0.66,10.0,0.3,0.02,0.092733,1776195385000
1776195387.561,87.561,0.11,17.3,0.09,31.7,0.41,50.0,0.51,50.0,0.59,50.0,0.49,50.0,0.89,17.3,0.91,31.7,0.3,0.3,0.092741,1776195386000
1776195388.261,88.261,0.11,17.3,0.09,31.7,0.41,50.0,0.51,50.0,0.59,50.0,0.49,50.0,0.89,17.3,0.91,31.7,0.3,0.3,0.092741,1776195387000
1776195389.167,89.167,0.09,10.05,0.08,35.29,0.31,50.0,0.41,50.0,0.59,50.0,0.49,50.0,0.89,17.3,0.91,31.7,0.22,0.3,0.092741,1776195387000
1776195389.464,89.464,0.09,10.05,0.08,35.29,0.31,50.0,0.41,50.0,0.69,50.0,0.59,50.0,0.91,10.05,0.92,35.29,0.22,0.22,0.092734,1776195388000
1776195390.836,90.836,0.09,10.05,0.08,35.29,0.31,50.0,0.41,50.0,0.69,50.0,0.59,50.0,0.91,10.05,0.92,35.29,0.22,0.22,0.092731,1776195389000
1776195391.09,91.09,0.07,235.1,0.06,46.1,0.31,50.0,0.41,50.0,0.69,50.0,0.59,50.0,0.91,10.05,0.92,35.29,0.24,0.22,0.092731,1776195389000
1776195391.448,91.448,0.07,235.1,0.06,46.1,0.31,50.0,0.41,50.0,0.69,50.0,0.59,50.0,0.93,235.1,0.94,46.1,0.24,0.24,0.092734,1776195390000
1776195392.153,92.153,0.07,235.1,0.06,46.1,0.31,50.0,0.41,50.0,0.69,50.0,0.59,50.0,0.93,235.1,0.94,46.1,0.24,0.24,0.092734,1776195391000
1776195393.409,93.409,0.21,10.0,0.07,200.0,0.31,46.77,0.41,50.0,0.69,50.0,0.59,50.0,0.93,235.1,0.94,46.1,0.1,0.24,0.092734,1776195391000
1776195394.216,94.216,0.21,10.0,0.07,200.0,0.31,46.77,0.41,50.0,0.69,46.77,0.59,50.0,0.79,10.0,0.93,200.0,0.1,0.1,0.092736,1776195393000
1776195394.917,94.917,0.07,101.5,0.06,46.1,0.31,38.86,0.41,50.0,0.69,38.86,0.59,50.0,0.74,10.0,0.93,200.0,0.24,0.05,0.092736,1776195393000
1776195395.634,95.634,0.07,101.5,0.06,46.1,0.31,38.86,0.41,50.0,0.69,38.86,0.59,50.0,0.93,101.5,0.94,46.1,0.24,0.24,0.092737,1776195394000
1776195396.267,96.267,0.07,101.5,0.06,46.1,0.31,38.86,0.41,50.0,0.69,38.86,0.59,50.0,0.93,101.5,0.94,46.1,0.24,0.24,0.092737,1776195395000
1776195397.181,97.181,0.27,103.0,0.07,101.5,0.31,26.27,0.41,50.0,0.69,31.27,0.59,50.0,0.73,103.0,0.74,10.0,0.04,0.04,0.092737,1776195395000
1776195397.516,97.516,0.27,103.0,0.07,101.5,0.31,26.27,0.41,50.0,0.69,26.27,0.59,50.0,0.73,103.0,0.93,101.5,0.04,0.04,0.092738,1776195396000
1776195398.335,98.335,0.27,103.0,0.07,101.5,0.31,26.27,0.41,50.0,0.69,26.27,0.59,50.0,0.73,103.0,0.93,101.5,0.04,0.04,0.092722,1776195397000
1776195399.076,99.076,0.27,103.0,0.07,101.5,0.31,26.27,0.41,50.0,0.69,26.27,0.59,50.0,0.73,103.0,0.93,101.5,0.04,0.04,0.092726,1776195398000
1776195399.816,99.816,0.27,103.0,0.07,101.5,0.31,16.27,0.41,50.0,0.69,26.27,0.59,50.0,0.73,103.0,0.93,101.5,0.04,0.04,0.092726,1776195398000
1776195400.553,100.553,0.27,103.0,0.07,101.5,0.31,16.27,0.41,50.0,0.69,16.27,0.59,50.0,0.73,103.0,0.93,101.5,0.04,0.04,0.09274,1776195399000
1776195400.942,100.942,0.07,83.85,0.06,46.1,0.31,66.27,0.41,50.0,0.69,16.27,0.59,50.0,0.73,103.0,0.93,101.5,0.24,0.04,0.09274,1776195399000
1776195401.283,101.283,0.07,83.85,0.06,46.1,0.31,66.27,0.41,50.0,0.69,66.27,0.59,50.0,0.93,83.85,0.94,46.1,0.24,0.24,0.09274,1776195400000
1776195402.224,102.224,0.07,83.85,0.06,46.1,0.31,66.27,0.41,50.0,0.69,66.27,0.59,50.0,0.93,83.85,0.94,46.1,0.24,0.24,0.092738,1776195401000
1776195402.8,102.8,0.07,3.73,0.06,46.1,0.31,66.27,0.41,50.0,0.69,66.27,0.59,50.0,0.93,83.85,0.94,46.1,0.24,0.24,0.092738,1776195401000
1776195403.733,103.733,0.07,3.73,0.06,46.1,0.31,66.27,0.41,50.0,0.69,66.27,0.59,50.0,0.93,3.73,0.94,46.1,0.24,0.24,0.092742,1776195402000
1776195404.415,104.415,0.07,3.73,0.06,46.1,0.31,66.27,0.41,50.0,0.69,66.27,0.59,50.0,0.93,3.73,0.94,46.1,0.24,0.24,0.092743,1776195403000
1776195404.85,104.85,0.11,49.2,0.07,43.63,0.31,16.27,0.41,50.0,0.69,66.27,0.59,50.0,0.93,3.73,0.94,46.1,0.2,0.24,0.092743,1776195403000
1776195405.208,105.208,0.11,49.2,0.07,43.63,0.31,16.27,0.41,50.0,0.69,16.27,0.59,50.0,0.89,49.2,0.93,43.63,0.2,0.2,0.092748,1776195404000
1776195406.86,106.86,0.11,49.2,0.07,43.63,0.31,16.27,0.41,50.0,0.69,16.27,0.59,50.0,0.89,49.2,0.93,43.63,0.2,0.2,0.09275,1776195405000
1776195407.49,107.49,0.05,105.37,0.04,79.7,0.31,66.27,0.41,50.0,0.69,66.27,0.59,50.0,0.95,105.37,0.96,79.7,0.26,0.26,0.092749,1776195406000
1776195408.237,108.237,0.05,105.37,0.04,79.7,0.31,66.27,0.41,50.0,0.69,66.27,0.59,50.0,0.95,105.37,0.96,79.7,0.26,0.26,0.09275,1776195407000
1776195408.848,108.848,0.16,15.14,0.08,35.29,0.31,66.27,0.41,50.0,0.69,66.27,0.59,50.0,0.95,105.37,0.96,79.7,0.15,0.26,0.09275,1776195407000
1776195409.664,109.664,0.16,15.14,0.08,35.29,0.31,66.27,0.41,50.0,0.69,66.27,0.59,50.0,0.84,15.14,0.92,35.29,0.15,0.15,0.092754,1776195408000
1776195410.27,110.27,0.16,15.14,0.08,35.29,0.31,66.27,0.41,50.0,0.69,66.27,0.59,50.0,0.84,15.14,0.92,35.29,0.15,0.15,0.092755,1776195409000
1776195410.73,110.73,0.05,62.77,0.04,79.7,0.31,61.27,0.41,50.0,0.69,61.27,0.59,50.0,0.79,33.0,0.92,35.29,0.26,0.1,0.092755,1776195409000
1776195411.137,111.137,0.05,62.77,0.04,79.7,0.31,61.27,0.41,50.0,0.69,61.27,0.59,50.0,0.95,62.77,0.96,79.7,0.26,0.26,0.092755,1776195410000
1776195411.719,111.719,0.15,17.0,0.05,62.77,0.21,50.0,0.31,61.27,0.69,61.27,0.59,50.0,0.95,62.77,0.96,79.7,0.06,0.26,0.092755,1776195410000
1776195412.101,112.101,0.15,17.0,0.05,62.77,0.21,40.0,0.31,61.27,0.79,50.0,0.69,61.27,0.85,17.0,0.95,62.77,0.06,0.06,0.092755,1776195410000
1776195412.912,112.912,0.03,28.38,0.02,137.69,0.31,61.27,0.41,50.0,0.79,40.0,0.69,61.27,0.85,17.0,0.95,62.77,0.28,0.06,0.092755,1776195411000
1776195413.672,113.672,0.03,28.38,0.02,137.69,0.31,61.27,0.41,50.0,0.69,61.27,0.59,50.0,0.97,28.38,0.98,137.69,0.28,0.28,0.092732,1776195412000
1776195414.264,114.264,0.03,28.38,0.02,137.69,0.31,61.27,0.41,50.0,0.69,61.27,0.59,50.0,0.97,28.38,0.98,137.69,0.28,0.28,0.092725,1776195413000
1776195415.514,115.514,0.03,28.38,0.02,137.69,0.31,61.27,0.41,50.0,0.69,61.27,0.59,50.0,0.97,28.38,0.98,137.69,0.28,0.28,0.09273,1776195414000
1776195416.136,116.136,0.03,28.38,0.02,137.69,0.31,61.27,0.41,50.0,0.69,61.27,0.59,50.0,0.97,28.38,0.98,137.69,0.28,0.28,0.092735,1776195415000
1776195416.618,116.618,0.16,135.0,0.14,10.0,0.31,58.04,0.41,50.0,0.69,61.27,0.59,50.0,0.97,28.38,0.98,137.69,0.15,0.28,0.092735,1776195415000
1776195417.263,117.263,0.16,135.0,0.14,10.0,0.31,58.04,0.41,50.0,0.69,58.04,0.59,50.0,0.84,135.0,0.86,10.0,0.15,0.15,0.092739,1776195416000
1776195418.518,118.518,0.16,135.0,0.14,10.0,0.31,58.04,0.41,50.0,0.69,58.04,0.59,50.0,0.84,135.0,0.86,10.0,0.15,0.15,0.092741,1776195417000
1776195418.766,118.766,0.05,101.94,0.03,28.38,0.31,58.04,0.41,50.0,0.69,58.04,0.59,50.0,0.84,135.0,0.86,10.0,0.26,0.15,0.092741,1776195417000
1776195419.307,119.307,0.05,101.94,0.03,28.38,0.31,58.04,0.41,50.0,0.69,58.04,0.59,50.0,0.95,101.94,0.97,28.38,0.26,0.26,0.092741,1776195418000
1776195419.958,119.958,0.05,101.94,0.03,28.38,0.31,58.04,0.41,50.0,0.69,58.04,0.59,50.0,0.95,101.94,0.97,28.38,0.26,0.26,0.092741,1776195419000
1776195420.883,120.883,0.05,45.7,0.03,28.38,0.31,58.04,0.41,50.0,0.69,58.04,0.59,50.0,0.95,101.94,0.97,28.38,0.26,0.26,0.092741,1776195419000
1776195421.117,121.117,0.05,303.7,0.03,28.38,0.31,51.94,0.41,50.0,0.69,58.04,0.59,50.0,0.95,45.7,0.97,28.38,0.26,0.26,0.092737,1776195420000
1776195422.326,122.326,0.05,303.7,0.03,28.38,0.31,51.94,0.41,50.0,0.69,51.94,0.59,50.0,0.95,303.7,0.97,28.38,0.26,0.26,0.092736,1776195421000
1776195422.868,122.868,0.05,200.63,0.04,167.7,0.31,1.94,0.41,50.0,0.69,51.94,0.59,50.0,0.95,303.7,0.97,28.38,0.26,0.26,0.092736,1776195421000
1776195423.211,123.211,0.04,167.7,0.03,117.68,0.31,43.94,0.41,50.0,0.69,1.94,0.59,50.0,0.95,200.63,0.96,167.7,0.27,0.26,0.092736,1776195422000
1776195424.252,124.252,0.04,621.0,0.03,117.68,0.31,36.94,0.41,50.0,0.69,36.94,0.59,50.0,0.96,621.0,0.97,117.68,0.27,0.27,0.092745,1776195423000
1776195425.112,125.112,0.05,42.63,0.04,67.7,0.41,50.0,0.51,50.0,0.69,36.94,0.59,50.0,0.96,621.0,0.97,117.68,0.36,0.27,0.092745,1776195423000
1776195425.785,125.785,0.05,42.63,0.04,67.7,0.41,50.0,0.51,50.0,0.59,50.0,0.49,50.0,0.95,42.63,0.96,67.7,0.36,0.36,0.092761,1776195424000
1776195426.334,126.334,0.05,42.63,0.04,67.7,0.41,50.0,0.51,50.0,0.59,50.0,0.49,50.0,0.95,42.63,0.96,67.7,0.36,0.36,0.092783,1776195425000
1776195427.555,127.555,0.05,42.63,0.04,67.7,0.41,50.0,0.51,50.0,0.59,50.0,0.49,50.0,0.95,42.63,0.96,67.7,0.36,0.36,0.092781,1776195426000
1776195428.061,128.061,0.05,42.63,0.04,67.7,0.41,50.0,0.51,50.0,0.59,50.0,0.49,50.0,0.95,42.63,0.96,67.7,0.36,0.36,0.092781,1776195427000
1776195429.277,129.277,0.05,42.63,0.04,67.7,0.41,50.0,0.51,50.0,0.59,50.0,0.49,50.0,0.95,42.63,0.96,67.7,0.36,0.36,0.092781,1776195428000
1776195430.533,130.533,0.05,42.63,0.04,67.7,0.41,50.0,0.51,50.0,0.59,50.0,0.49,50.0,0.95,42.63,0.96,67.7,0.36,0.36,0.092783,1776195429000
1776195431.03,131.03,0.18,35.26,0.11,5.0,0.31,50.0,0.41,50.0,0.59,50.0,0.49,50.0,0.95,42.63,0.96,67.7,0.13,0.36,0.092783,1776195429000
1776195432.378,132.378,0.18,35.26,0.11,5.0,0.31,50.0,0.41,50.0,0.69,50.0,0.59,50.0,0.82,35.26,0.89,5.0,0.13,0.13,0.092781,1776195431000
1776195432.963,132.963,0.18,35.26,0.11,5.0,0.31,50.0,0.41,50.0,0.69,50.0,0.59,50.0,0.82,35.26,0.89,5.0,0.13,0.13,0.092781,1776195432000
1776195434.089,134.089,0.1,46.58,0.04,67.7,0.31,50.0,0.41,50.0,0.69,50.0,0.59,50.0,0.9,46.58,0.96,67.7,0.21,0.21,0.092778,1776195433000
1776195435.04,135.04,0.1,174.46,0.04,67.7,0.31,50.0,0.41,50.0,0.69,50.0,0.59,50.0,0.9,46.58,0.96,67.7,0.21,0.21,0.092778,1776195433000
1776195436.492,136.492,0.1,174.46,0.04,67.7,0.31,50.0,0.41,50.0,0.69,50.0,0.59,50.0,0.9,174.46,0.96,67.7,0.21,0.21,0.092779,1776195435000
1776195437.023,137.023,0.1,174.46,0.04,67.7,0.21,37.14,0.31,50.0,0.69,50.0,0.59,50.0,0.9,174.46,0.96,67.7,0.11,0.21,0.092779,1776195435000
1776195437.284,137.284,0.1,64.46,0.03,117.68,0.21,16.94,0.31,50.0,0.79,37.14,0.69,50.0,0.9,64.46,0.97,117.68,0.11,0.11,0.092785,1776195436000
1776195438.144,138.144,0.1,64.46,0.03,117.68,0.21,16.94,0.31,50.0,0.79,16.94,0.69,50.0,0.9,64.46,0.97,117.68,0.11,0.11,0.092783,1776195437000
1776195439.007,139.007,0.03,75.42,0.02,137.69,0.21,16.94,0.31,50.0,0.79,16.94,0.69,50.0,0.9,64.46,0.97,117.68,0.18,0.11,0.092783,1776195437000
1776195439.431,139.431,0.03,75.42,0.02,137.69,0.21,16.94,0.31,50.0,0.79,16.94,0.69,50.0,0.97,75.42,0.98,137.69,0.18,0.18,0.092764,1776195438000
1776195439.964,139.964,0.03,75.42,0.02,137.69,0.21,16.94,0.31,50.0,0.79,16.94,0.69,50.0,0.97,75.42,0.98,137.69,0.18,0.18,0.092764,1776195439000
1776195440.314,140.314,0.15,10.0,0.05,355.0,0.31,50.0,0.41,50.0,0.79,16.94,0.69,50.0,0.97,75.42,0.98,137.69,0.16,0.18,0.092764,1776195439000
1776195440.939,140.939,0.05,4.84,0.03,75.42,0.31,50.0,0.41,50.0,0.69,50.0,0.59,50.0,0.85,10.0,0.95,355.0,0.26,0.16,0.092764,1776195439000
1776195442.09,142.09,0.05,4.84,0.03,75.42,0.31,50.0,0.41,50.0,0.69,50.0,0.59,50.0,0.95,4.84,0.97,75.42,0.26,0.26,0.092758,1776195441000
1776195442.808,142.808,0.02,116.01,0.01,6632.6,0.31,50.0,0.41,50.0,0.69,50.0,0.59,50.0,0.95,4.84,0.97,75.42,0.29,0.26,0.092758,1776195441000
1776195443.092,143.092,0.02,116.01,0.01,6632.6,0.31,50.0,0.41,50.0,0.69,50.0,0.59,50.0,0.98,116.01,0.99,6632.6,0.29,0.29,0.092759,1776195442000
1776195444.176,144.176,0.02,116.01,0.01,6632.6,0.31,50.0,0.41,50.0,0.69,50.0,0.59,50.0,0.98,116.01,0.99,6632.6,0.29,0.29,0.092761,1776195443000
1776195445.172,145.172,0.02,116.01,0.01,6632.6,0.31,50.0,0.41,50.0,0.69,50.0,0.59,50.0,0.98,116.01,0.99,6632.6,0.29,0.29,0.092761,1776195444000
1776195446.301,146.301,0.02,116.01,0.01,6632.6,0.31,50.0,0.41,50.0,0.69,50.0,0.59,50.0,0.98,116.01,0.99,6632.6,0.29,0.29,0.09276,1776195445000
1776195447.381,147.381,0.02,116.01,0.01,6632.6,0.31,50.0,0.41,50.0,0.69,50.0,0.59,50.0,0.98,116.01,0.99,6632.6,0.29,0.29,0.092759,1776195446000
1776195447.924,147.924,0.02,116.01,0.01,6632.6,0.31,50.0,0.41,50.0,0.69,50.0,0.59,50.0,0.98,116.01,0.99,6632.6,0.29,0.29,0.092749,1776195447000
1776195449.043,149.043,0.02,116.01,0.01,6632.6,0.31,50.0,0.41,50.0,0.69,50.0,0.59,50.0,0.98,116.01,0.99,6632.6,0.29,0.29,0.092744,1776195448000
1776195450.136,150.136,0.02,116.01,0.01,6632.6,0.31,50.0,0.41,50.0,0.69,50.0,0.59,50.0,0.98,116.01,0.99,6632.6,0.29,0.29,0.092749,1776195449000
1776195451.284,151.284,0.02,116.01,0.01,6632.6,0.31,50.0,0.41,50.0,0.69,50.0,0.59,50.0,0.98,116.01,0.99,6632.6,0.29,0.29,0.092751,1776195450000
1776195452.247,152.247,0.02,116.01,0.01,6632.6,0.31,50.0,0.41,50.0,0.69,50.0,0.59,50.0,0.98,116.01,0.99,6632.6,0.29,0.29,0.092746,1776195451000
1776195452.921,152.921,0.13,17.2,0.11,10.0,0.21,50.0,0.31,50.0,0.69,50.0,0.59,50.0,0.98,116.01,0.99,6632.6,0.08,0.29,0.092746,1776195451000
1776195453.256,153.256,0.13,17.2,0.11,10.0,0.21,50.0,0.31,50.0,0.79,50.0,0.69,50.0,0.87,17.2,0.89,10.0,0.08,0.08,0.092742,1776195452000
1776195453.589,153.589,0.11,61.0,0.02,10.0,0.21,26.19,0.31,50.0,0.79,50.0,0.69,50.0,0.87,17.2,0.89,10.0,0.1,0.08,0.092742,1776195452000
1776195454.838,154.838,0.11,61.0,0.02,10.0,0.21,26.19,0.31,50.0,0.79,26.19,0.69,50.0,0.89,61.0,0.98,10.0,0.1,0.1,0.092735,1776195453000
1776195455.459,155.459,0.04,55.93,0.02,10.0,0.31,50.0,0.41,50.0,0.69,50.0,0.59,50.0,0.96,55.93,0.98,10.0,0.27,0.27,0.092735,1776195454000
1776195456.833,156.833,0.04,55.93,0.02,10.0,0.31,50.0,0.41,50.0,0.69,50.0,0.59,50.0,0.96,55.93,0.98,10.0,0.27,0.27,0.092735,1776195455000
1776195457.587,157.587,0.04,377.8,0.02,10.0,0.31,50.0,0.41,50.0,0.69,50.0,0.59,50.0,0.96,377.8,0.98,10.0,0.27,0.27,0.092734,1776195456000
1776195458.476,158.476,0.04,377.8,0.02,10.0,0.31,50.0,0.41,50.0,0.69,50.0,0.59,50.0,0.96,377.8,0.98,10.0,0.27,0.27,0.092734,1776195457000
1776195459.137,159.137,0.04,377.8,0.02,10.0,0.31,50.0,0.41,50.0,0.69,50.0,0.59,50.0,0.96,377.8,0.98,10.0,0.27,0.27,0.092733,1776195458000
1776195460.524,160.524,0.04,377.8,0.02,10.0,0.31,50.0,0.41,50.0,0.69,50.0,0.59,50.0,0.96,377.8,0.98,10.0,0.27,0.27,0.092733,1776195459000
1776195460.87,160.87,0.02,41.66,0.01,6637.6,0.21,50.0,0.31,50.0,0.69,50.0,0.59,50.0,0.96,377.8,0.98,10.0,0.19,0.27,0.092733,1776195459000
1776195461.214,161.214,0.02,41.66,0.01,6637.6,0.21,50.0,0.31,50.0,0.79,50.0,0.69,50.0,0.98,41.66,0.99,6637.6,0.19,0.19,0.092733,1776195460000
1776195462.695,162.695,0.02,41.66,0.01,6637.6,0.21,50.0,0.31,50.0,0.79,50.0,0.69,50.0,0.98,41.66,0.99,6637.6,0.19,0.19,0.092736,1776195461000
1776195463.407,163.407,0.02,41.66,0.01,6637.6,0.21,50.0,0.31,50.0,0.79,50.0,0.69,50.0,0.98,41.66,0.99,6637.6,0.19,0.19,0.092717,1776195462000
1776195464.03,164.03,0.02,41.66,0.01,6637.6,0.21,50.0,0.31,50.0,0.79,50.0,0.69,50.0,0.98,41.66,0.99,6637.6,0.19,0.19,0.092712,1776195463000
1776195465.664,165.664,0.02,41.66,0.01,6637.6,0.21,50.0,0.31,50.0,0.79,50.0,0.69,50.0,0.98,41.66,0.99,6637.6,0.19,0.19,0.092709,1776195464000
1776195466.332,166.332,0.02,41.66,0.01,6637.6,0.21,50.0,0.31,50.0,0.79,50.0,0.69,50.0,0.98,41.66,0.99,6637.6,0.19,0.19,0.092708,1776195465000
1776195467.004,167.004,0.02,41.66,0.01,6637.6,0.21,50.0,0.31,50.0,0.79,50.0,0.69,50.0,0.98,41.66,0.99,6637.6,0.19,0.19,0.092671,1776195466000
1776195467.783,167.783,0.01,7474.0,,,0.11,50.0,0.21,50.0,0.79,50.0,0.69,50.0,0.98,41.66,0.99,6637.6,0.1,0.19,0.092671,1776195466000
1776195468.424,168.424,0.01,7474.0,,,0.11,50.0,0.21,50.0,0.89,50.0,0.79,50.0,0.99,7474.0,,,0.1,0.1,0.092666,1776195467000
1776195469.194,169.194,0.01,7474.0,,,0.11,50.0,0.21,50.0,0.89,50.0,0.79,50.0,0.99,7474.0,,,0.1,0.1,0.092664,1776195468000
1776195469.677,169.677,0.01,7408.94,,,0.21,50.0,0.25,29.99,0.89,50.0,0.79,50.0,0.99,7474.0,,,0.2,0.1,0.092664,1776195468000
1776195470.619,170.619,0.01,7408.94,,,0.21,50.0,0.25,29.99,0.79,50.0,0.75,29.99,0.99,7408.94,,,0.2,0.2,0.09265,1776195469000
1776195471.261,171.261,0.01,7408.94,,,0.21,50.0,0.25,29.99,0.79,50.0,0.75,29.99,0.99,7408.94,,,0.2,0.2,0.09265,1776195470000
1776195472.145,172.145,0.01,7305.94,,,0.11,50.0,0.21,50.0,0.79,50.0,0.69,50.0,0.99,7308.94,,,0.1,0.2,0.09265,1776195470000
1776195472.751,172.751,0.01,7252.94,,,0.11,50.0,0.21,50.0,0.89,50.0,0.79,50.0,0.99,7252.94,,,0.1,0.1,0.09266,1776195471000
1776195473.784,173.784,0.01,7252.94,,,0.11,50.0,0.21,50.0,0.89,50.0,0.79,50.0,0.99,7252.94,,,0.1,0.1,0.092625,1776195472000
1776195474.546,174.546,0.01,7252.94,,,0.11,50.0,0.21,50.0,0.89,50.0,0.79,50.0,0.99,7252.94,,,0.1,0.1,0.0926,1776195473000
1776195475.3,175.3,0.01,7252.94,,,0.11,50.0,0.21,50.0,0.89,50.0,0.79,50.0,0.99,7252.94,,,0.1,0.1,0.092598,1776195474000
1776195476.439,176.439,0.01,7252.94,,,0.11,50.0,0.21,50.0,0.89,50.0,0.79,50.0,0.99,7252.94,,,0.1,0.1,0.092626,1776195475000
1776195477.444,177.444,0.01,7252.94,,,0.11,50.0,0.21,50.0,0.89,50.0,0.79,50.0,0.99,7252.94,,,0.1,0.1,0.092604,1776195476000
1776195478.186,178.186,0.01,7252.94,,,0.11,50.0,0.21,50.0,0.89,50.0,0.79,50.0,0.99,7252.94,,,0.1,0.1,0.092591,1776195477000
1776195479.421,179.421,0.01,7252.94,,,0.11,50.0,0.21,50.0,0.89,50.0,0.79,50.0,0.99,7252.94,,,0.1,0.1,0.092619,1776195478000
1776195480.08,180.08,0.01,7252.94,,,0.11,50.0,0.21,50.0,0.89,50.0,0.79,50.0,0.99,7252.94,,,0.1,0.1,0.092619,1776195479000
1776195480.799,180.799,0.16,2.0,0.15,7.0,0.28,5.0,0.31,50.0,0.89,50.0,0.79,50.0,0.99,7252.94,,,0.12,0.1,0.092619,1776195479000
1776195481.323,181.323,0.16,2.0,0.15,7.0,0.28,5.0,0.31,50.0,0.72,5.0,0.69,50.0,0.84,2.0,0.85,7.0,0.12,0.12,0.09262,1776195480000
1776195482.607,182.607,0.16,2.0,0.15,7.0,0.28,5.0,0.31,50.0,0.72,5.0,0.69,50.0,0.84,2.0,0.85,7.0,0.12,0.12,0.092634,1776195481000
1776195483.287,183.287,0.16,2.0,0.15,7.0,0.28,5.0,0.31,50.0,0.72,5.0,0.69,50.0,0.84,2.0,0.85,7.0,0.12,0.12,0.092637,1776195482000
1776195484.588,184.588,0.16,2.0,0.15,7.0,0.28,5.0,0.31,50.0,0.72,5.0,0.69,50.0,0.84,2.0,0.85,7.0,0.12,0.12,0.092667,1776195483000
1776195485.176,185.176,0.16,2.0,0.15,7.0,0.28,5.0,0.31,50.0,0.72,5.0,0.69,50.0,0.84,2.0,0.85,7.0,0.12,0.12,0.092677,1776195484000
1776195486.614,186.614,0.11,50.0,0.01,6461.54,0.41,49.96,0.46,5.0,0.72,5.0,0.69,50.0,0.84,2.0,0.85,7.0,0.3,0.12,0.092677,1776195484000
1776195487.13,187.13,0.11,50.0,0.01,6461.54,0.41,49.96,0.46,5.0,0.59,49.96,0.54,5.0,0.89,50.0,0.99,6461.54,0.3,0.3,0.092685,1776195486000
1776195488.459,188.459,0.11,50.0,0.01,6461.54,0.41,49.96,0.46,5.0,0.59,49.96,0.54,5.0,0.89,50.0,0.99,6461.54,0.3,0.3,0.092686,1776195487000
1776195489.132,189.132,0.11,50.0,0.01,6461.54,0.41,49.96,0.46,5.0,0.59,49.96,0.54,5.0,0.89,50.0,0.99,6461.54,0.3,0.3,0.092686,1776195488000
1776195490.804,190.804,0.11,50.0,0.01,6461.54,0.41,49.96,0.46,5.0,0.59,49.96,0.54,5.0,0.89,50.0,0.99,6461.54,0.3,0.3,0.09266,1776195489000
1776195491.297,191.297,0.11,50.0,0.01,6461.54,0.41,49.96,0.46,5.0,0.59,49.96,0.54,5.0,0.89,50.0,0.99,6461.54,0.3,0.3,0.092655,1776195490000
1776195492.336,192.336,0.11,50.0,0.01,6461.54,0.41,49.96,0.46,5.0,0.59,49.96,0.54,5.0,0.89,50.0,0.99,6461.54,0.3,0.3,0.092657,1776195491000
1776195493.345,193.345,0.11,50.0,0.01,6461.54,0.41,49.96,0.46,5.0,0.59,49.96,0.54,5.0,0.89,50.0,0.99,6461.54,0.3,0.3,0.092664,1776195492000
1776195493.819,193.819,0.11,50.0,0.01,6461.54,0.41,49.96,0.46,5.0,0.59,49.96,0.54,5.0,0.89,50.0,0.99,6461.54,0.3,0.3,0.092662,1776195493000
1776195494.854,194.854,0.11,50.0,0.01,6461.54,0.41,49.96,0.46,5.0,0.59,49.96,0.54,5.0,0.89,50.0,0.99,6461.54,0.3,0.3,0.092661,1776195494000
1776195496.247,196.247,0.11,50.0,0.01,6461.54,0.41,49.96,0.46,5.0,0.59,49.96,0.54,5.0,0.89,50.0,0.99,6461.54,0.3,0.3,0.092648,1776195495000
1776195497.327,197.327,0.11,50.0,0.01,6461.54,0.41,49.96,0.46,5.0,0.59,49.96,0.54,5.0,0.89,50.0,0.99,6461.54,0.3,0.3,0.092653,1776195496000
1776195498.322,198.322,0.11,50.0,0.01,6461.54,0.41,49.96,0.46,5.0,0.59,49.96,0.54,5.0,0.89,50.0,0.99,6461.54,0.3,0.3,0.09266,1776195497000
1776195498.845,198.845,0.11,50.0,0.01,6461.54,0.41,49.96,0.46,5.0,0.59,49.96,0.54,5.0,0.89,50.0,0.99,6461.54,0.3,0.3,0.09266,1776195498000
1776195499.902,199.902,0.11,50.0,0.01,6461.54,0.41,49.96,0.46,5.0,0.59,49.96,0.54,5.0,0.89,50.0,0.99,6461.54,0.3,0.3,0.092684,1776195499000
1776195500.855,200.855,0.11,50.0,0.01,6461.54,0.41,49.96,0.46,5.0,0.59,49.96,0.54,5.0,0.89,50.0,0.99,6461.54,0.3,0.3,0.092689,1776195500000
1776195501.856,201.856,0.11,50.0,0.01,6461.54,0.41,49.96,0.46,5.0,0.59,49.96,0.54,5.0,0.89,50.0,0.99,6461.54,0.3,0.3,0.092675,1776195501000
1776195502.89,202.89,0.11,50.0,0.01,6461.54,0.41,49.96,0.46,5.0,0.59,49.96,0.54,5.0,0.89,50.0,0.99,6461.54,0.3,0.3,0.092651,1776195502000
1776195504.067,204.067,0.11,50.0,0.01,6461.54,0.41,49.96,0.46,5.0,0.59,49.96,0.54,5.0,0.89,50.0,0.99,6461.54,0.3,0.3,0.092651,1776195503000
1776195505.138,205.138,0.11,50.0,0.01,6461.54,0.41,49.96,0.46,5.0,0.59,49.96,0.54,5.0,0.89,50.0,0.99,6461.54,0.3,0.3,0.09264,1776195504000
1776195506.315,206.315,0.11,50.0,0.01,6461.54,0.41,49.96,0.46,5.0,0.59,49.96,0.54,5.0,0.89,50.0,0.99,6461.54,0.3,0.3,0.092642,1776195505000
1776195506.93,206.93,0.11,50.0,0.01,6461.54,0.41,49.96,0.46,5.0,0.59,49.96,0.54,5.0,0.89,50.0,0.99,6461.54,0.3,0.3,0.092642,1776195506000
1776195508.09,208.09,0.11,50.0,0.01,6461.54,0.41,49.96,0.46,5.0,0.59,49.96,0.54,5.0,0.89,50.0,0.99,6461.54,0.3,0.3,0.092645,1776195507000
1776195509.176,209.176,0.11,50.0,0.01,6461.54,0.41,49.96,0.46,5.0,0.59,49.96,0.54,5.0,0.89,50.0,0.99,6461.54,0.3,0.3,0.092649,1776195508000
1776195517.621,217.621,0.11,50.0,0.01,6461.54,0.41,49.96,0.46,5.0,0.59,49.96,0.54,5.0,0.89,50.0,0.99,6461.54,0.3,0.3,0.09265,1776195516000
1776195518.025,218.025,0.11,50.0,0.01,6461.54,0.41,49.96,0.46,5.0,0.59,49.96,0.54,5.0,0.89,50.0,0.99,6461.54,0.3,0.3,0.09265,1776195517000
1776195519.147,219.147,0.11,50.0,0.01,6461.54,0.41,49.96,0.46,5.0,0.59,49.96,0.54,5.0,0.89,50.0,0.99,6461.54,0.3,0.3,0.092645,1776195518000
1776195519.461,219.461,0.32,3.52,0.11,50.0,0.41,44.96,0.51,50.0,0.59,49.96,0.54,5.0,0.89,50.0,0.99,6461.54,0.09,0.3,0.092645,1776195518000
1776195520.245,220.245,0.32,3.52,0.11,50.0,0.41,44.96,0.51,50.0,0.59,44.96,0.49,50.0,0.68,3.52,0.89,50.0,0.09,0.09,0.09266,1776195519000
1776195521.224,221.224,0.32,3.52,0.11,50.0,0.41,44.96,0.51,50.0,0.59,44.96,0.49,50.0,0.68,3.52,0.89,50.0,0.09,0.09,0.092686,1776195520000
1776195522.443,222.443,0.32,3.52,0.11,50.0,0.41,44.96,0.51,50.0,0.59,44.96,0.49,50.0,0.68,3.52,0.89,50.0,0.09,0.09,0.092704,1776195521000
1776195522.684,222.684,0.11,45.0,0.02,100.0,0.4,29.99,0.41,44.96,0.59,44.96,0.49,50.0,0.68,3.52,0.89,50.0,0.29,0.09,0.092704,1776195521000
1776195523.075,223.075,0.11,45.0,0.02,100.0,0.4,29.99,0.41,44.96,0.6,29.99,0.59,44.96,0.89,45.0,0.98,100.0,0.29,0.29,0.092704,1776195522000
1776195524.076,224.076,0.11,45.0,0.02,100.0,0.4,29.99,0.41,44.96,0.6,29.99,0.59,44.96,0.89,45.0,0.98,100.0,0.29,0.29,0.092703,1776195523000
1776195525.153,225.153,0.11,45.0,0.02,100.0,0.4,29.99,0.41,44.96,0.6,29.99,0.59,44.96,0.89,45.0,0.98,100.0,0.29,0.29,0.092702,1776195524000
1776195526.172,226.172,0.11,45.0,0.02,100.0,0.4,29.99,0.41,44.96,0.6,29.99,0.59,44.96,0.89,45.0,0.98,100.0,0.29,0.29,0.092702,1776195525000
1776195527.241,227.241,0.11,45.0,0.02,100.0,0.4,29.99,0.41,44.96,0.6,29.99,0.59,44.96,0.89,45.0,0.98,100.0,0.29,0.29,0.092701,1776195526000
1776195528.321,228.321,0.11,45.0,0.02,100.0,0.4,29.99,0.41,44.96,0.6,29.99,0.59,44.96,0.89,45.0,0.98,100.0,0.29,0.29,0.092705,1776195527000
1776195528.94,228.94,0.38,5.0,0.37,5.0,0.51,50.0,0.61,50.0,0.49,50.0,0.39,50.0,0.62,5.0,0.63,5.0,0.13,0.13,0.092707,1776195528000
1776195530.03,230.03,0.38,5.0,0.37,5.0,0.51,50.0,0.61,50.0,0.49,50.0,0.39,50.0,0.62,5.0,0.63,5.0,0.13,0.13,0.092711,1776195529000
1776195531.207,231.207,0.38,5.0,0.37,5.0,0.51,50.0,0.61,50.0,0.49,50.0,0.39,50.0,0.62,5.0,0.63,5.0,0.13,0.13,0.092719,1776195530000
1776195532.225,232.225,0.38,5.0,0.37,5.0,0.51,50.0,0.61,50.0,0.49,50.0,0.39,50.0,0.62,5.0,0.63,5.0,0.13,0.13,0.09272,1776195531000
1776195533.101,233.101,0.11,45.0,0.02,100.0,0.4,0.06,0.41,50.0,0.49,50.0,0.39,50.0,0.62,5.0,0.63,5.0,0.29,0.13,0.09272,1776195531000
1776195533.328,233.328,0.11,45.0,0.02,100.0,0.4,0.06,0.41,50.0,0.6,0.06,0.59,50.0,0.89,45.0,0.98,100.0,0.29,0.29,0.09272,1776195532000
1776195533.855,233.855,0.11,45.0,0.02,100.0,0.4,0.06,0.41,50.0,0.6,0.06,0.59,50.0,0.89,45.0,0.98,100.0,0.29,0.29,0.092715,1776195533000
1776195534.836,234.836,0.11,45.0,0.02,100.0,0.41,1.7,0.44,29.99,0.6,0.06,0.59,50.0,0.89,45.0,0.98,100.0,0.3,0.29,0.092715,1776195533000
1776195535.16,235.16,0.11,45.0,0.02,100.0,0.41,1.7,0.44,29.99,0.59,1.7,0.56,29.99,0.89,45.0,0.98,100.0,0.3,0.3,0.09271,1776195534000
1776195536.227,236.227,0.11,45.0,0.02,100.0,0.41,1.7,0.44,29.99,0.59,1.7,0.56,29.99,0.89,45.0,0.98,100.0,0.3,0.3,0.092709,1776195535000
1776195536.589,236.589,0.31,50.0,0.21,50.0,0.41,1.7,0.47,29.99,0.59,1.7,0.56,29.99,0.89,45.0,0.98,100.0,0.1,0.3,0.092709,1776195535000
1776195536.9,236.9,0.31,50.0,0.21,50.0,0.41,1.7,0.47,29.99,0.59,1.7,0.53,29.99,0.69,50.0,0.79,50.0,0.1,0.1,0.09271,1776195536000
1776195538.081,238.081,0.31,50.0,0.21,50.0,0.61,45.72,0.68,11.9,0.39,45.72,0.32,11.9,0.69,50.0,0.79,50.0,0.3,0.3,0.092716,1776195537000
1776195538.794,238.794,0.31,50.0,0.21,50.0,0.61,13.26,0.68,11.9,0.39,45.72,0.32,11.9,0.69,50.0,0.79,50.0,0.3,0.3,0.092716,1776195537000
1776195539.277,239.277,0.31,50.0,0.21,50.0,0.61,13.26,0.68,11.9,0.39,13.26,0.32,11.9,0.69,50.0,0.79,50.0,0.3,0.3,0.092714,1776195538000
1776195540.27,240.27,0.31,50.0,0.21,50.0,0.61,13.26,0.68,11.9,0.39,13.26,0.32,11.9,0.69,50.0,0.79,50.0,0.3,0.3,0.092714,1776195539000
1776195540.929,240.929,0.31,50.0,0.21,50.0,0.51,21.07,0.52,5.0,0.39,13.26,0.32,11.9,0.69,50.0,0.79,50.0,0.2,0.3,0.092714,1776195539000
1776195541.404,241.404,0.31,50.0,0.21,50.0,0.51,21.07,0.52,5.0,0.49,21.07,0.48,5.0,0.69,50.0,0.79,50.0,0.2,0.2,0.092714,1776195540000
1776195542.065,242.065,0.41,19.11,0.31,50.0,0.5,29.99,0.51,16.07,0.5,29.99,0.49,16.07,0.59,19.11,0.69,50.0,0.09,0.09,0.092714,1776195541000
1776195542.918,242.918,0.41,19.11,0.31,50.0,0.5,29.99,0.51,16.07,0.5,29.99,0.49,16.07,0.59,19.11,0.69,50.0,0.09,0.09,0.092722,1776195542000
1776195543.643,243.643,0.41,12.11,0.31,50.0,0.51,16.07,0.53,29.99,0.5,29.99,0.49,16.07,0.59,19.11,0.69,50.0,0.1,0.09,0.092722,1776195542000
1776195544.028,244.028,0.41,12.11,0.31,50.0,0.51,16.07,0.53,29.99,0.49,16.07,0.47,29.99,0.59,12.11,0.69,50.0,0.1,0.1,0.092712,1776195543000
1776195545.06,245.06,0.41,12.11,0.31,50.0,0.51,16.07,0.53,29.99,0.49,16.07,0.47,29.99,0.59,12.11,0.69,50.0,0.1,0.1,0.092729,1776195544000
1776195546.225,246.225,0.41,12.11,0.31,50.0,0.51,16.07,0.53,29.99,0.49,16.07,0.47,29.99,0.59,12.11,0.69,50.0,0.1,0.1,0.092737,1776195545000
1776195547.038,247.038,0.41,12.11,0.31,50.0,0.51,16.07,0.53,29.99,0.49,16.07,0.47,29.99,0.59,12.11,0.69,50.0,0.1,0.1,0.092743,1776195546000
1776195548.706,248.706,0.41,12.11,0.31,50.0,0.55,8.89,0.61,63.26,0.45,8.89,0.39,63.26,0.59,12.11,0.69,50.0,0.14,0.14,0.092738,1776195547000
1776195548.979,248.979,0.41,62.11,0.31,50.0,0.71,41.51,0.74,13.5,0.45,8.89,0.39,63.26,0.59,12.11,0.69,50.0,0.3,0.14,0.092738,1776195547000
1776195549.441,249.441,0.41,62.11,0.31,50.0,0.71,41.51,0.74,13.5,0.29,41.51,0.26,13.5,0.59,62.11,0.69,50.0,0.3,0.3,0.092737,1776195548000
1776195550.303,250.303,0.41,62.11,0.31,50.0,0.71,41.51,0.74,13.5,0.29,41.51,0.26,13.5,0.59,62.11,0.69,50.0,0.3,0.3,0.092738,1776195549000
1776195550.984,250.984,0.41,62.11,0.31,50.0,0.71,13.62,0.74,13.5,0.29,41.51,0.26,13.5,0.59,62.11,0.69,50.0,0.3,0.3,0.092738,1776195549000
1776195551.501,251.501,0.41,62.11,0.31,50.0,0.71,13.62,0.74,13.5,0.29,13.62,0.26,13.5,0.59,62.11,0.69,50.0,0.3,0.3,0.09274,1776195550000
1776195552.079,252.079,0.51,45.0,0.45,5.0,0.53,21.1,0.57,5.0,0.29,13.62,0.26,13.5,0.59,62.11,0.69,50.0,0.02,0.3,0.09274,1776195550000
1776195552.902,252.902,0.41,62.11,0.31,50.0,0.7,0.69,0.71,191.22,0.47,21.1,0.43,5.0,0.49,45.0,0.55,5.0,0.29,0.02,0.09274,1776195551000
1776195553.459,253.459,0.41,62.11,0.31,50.0,0.7,0.69,0.71,191.22,0.3,0.69,0.29,191.22,0.59,62.11,0.69,50.0,0.29,0.29,0.092724,1776195552000
1776195554.577,254.577,0.41,62.11,0.31,50.0,0.7,0.69,0.71,191.22,0.3,0.69,0.29,191.22,0.59,62.11,0.69,50.0,0.29,0.29,0.092725,1776195553000
1776195555.289,255.289,0.41,62.11,0.31,50.0,0.7,0.69,0.71,191.22,0.3,0.69,0.29,191.22,0.59,62.11,0.69,50.0,0.29,0.29,0.092726,1776195554000
1776195556.537,256.537,0.41,62.11,0.31,50.0,0.7,0.69,0.71,191.22,0.3,0.69,0.29,191.22,0.59,62.11,0.69,50.0,0.29,0.29,0.092726,1776195555000
1776195557.084,257.084,0.41,62.11,0.31,50.0,0.7,0.69,0.71,191.22,0.3,0.69,0.29,191.22,0.59,62.11,0.69,50.0,0.29,0.29,0.092726,1776195556000
1776195558.294,258.294,0.41,62.11,0.31,50.0,0.7,0.69,0.71,191.22,0.3,0.69,0.29,191.22,0.59,62.11,0.69,50.0,0.29,0.29,0.092728,1776195557000
1776195559.429,259.429,0.41,62.11,0.31,50.0,0.7,0.69,0.71,191.22,0.3,0.69,0.29,191.22,0.59,62.11,0.69,50.0,0.29,0.29,0.092728,1776195558000
1776195560.05,260.05,0.41,62.11,0.31,50.0,0.7,0.69,0.71,191.22,0.3,0.69,0.29,191.22,0.59,62.11,0.69,50.0,0.29,0.29,0.092728,1776195559000
1776195560.809,260.809,0.42,5.0,0.41,67.11,0.68,9.68,0.69,12.2,0.3,0.69,0.29,191.22,0.59,62.11,0.69,50.0,0.26,0.29,0.092728,1776195559000
1776195561.322,261.322,0.42,5.0,0.41,67.11,0.68,9.68,0.69,12.2,0.32,9.68,0.31,12.2,0.58,5.0,0.59,67.11,0.26,0.26,0.09273,1776195560000
1776195562.632,262.632,0.42,5.0,0.41,67.11,0.68,9.68,0.69,12.2,0.32,9.68,0.31,12.2,0.58,5.0,0.59,67.11,0.26,0.26,0.092733,1776195561000
1776195562.97,262.97,0.42,5.0,0.41,67.11,0.68,84.56,0.69,12.2,0.32,9.68,0.31,12.2,0.58,5.0,0.59,67.11,0.26,0.26,0.092733,1776195561000
1776195563.176,263.176,0.42,5.0,0.41,67.11,0.68,84.56,0.69,12.2,0.32,84.56,0.31,12.2,0.58,5.0,0.59,67.11,0.26,0.26,0.092733,1776195562000
1776195564.822,264.822,0.41,62.11,0.31,50.0,0.68,55.44,0.69,12.2,0.32,84.56,0.31,12.2,0.58,5.0,0.59,67.11,0.27,0.26,0.092733,1776195562000
1776195565.729,265.729,0.41,62.11,0.31,50.0,0.68,55.44,0.69,12.2,0.32,55.44,0.31,12.2,0.59,62.11,0.69,50.0,0.27,0.27,0.092731,1776195564000
1776195566.558,266.558,0.41,62.11,0.31,50.0,0.68,55.44,0.69,12.2,0.32,55.44,0.31,12.2,0.59,62.11,0.69,50.0,0.27,0.27,0.092731,1776195565000
1776195566.813,266.813,0.51,55.0,0.41,62.11,0.68,51.9,0.71,13.62,0.32,55.44,0.31,12.2,0.59,62.11,0.69,50.0,0.17,0.27,0.092731,1776195565000
1776195567.484,267.484,0.51,55.0,0.41,62.11,0.68,51.9,0.71,13.62,0.32,51.9,0.29,13.62,0.49,55.0,0.59,62.11,0.17,0.17,0.092732,1776195566000
1776195568.099,268.099,0.51,55.0,0.41,62.11,0.68,51.9,0.71,13.62,0.32,51.9,0.29,13.62,0.49,55.0,0.59,62.11,0.17,0.17,0.092732,1776195567000
1776195568.315,268.315,0.63,5.0,0.61,50.0,0.71,11.25,0.94,46.1,0.32,1.9,0.29,13.62,0.37,5.0,0.39,50.0,0.08,0.05,0.092732,1776195567000
1776195568.529,268.529,0.61,50.0,0.51,50.0,0.71,1.06,0.95,100.0,0.29,7.06,0.06,46.1,0.39,50.0,0.49,50.0,0.1,0.1,0.092732,1776195567000
1776195568.967,268.967,0.61,57.0,0.51,50.0,0.95,79.95,0.98,137.69,0.29,1.06,0.05,100.0,0.39,50.0,0.49,50.0,0.34,0.1,0.092732,1776195567000
1776195569.728,269.728,0.61,57.0,0.51,50.0,0.95,73.69,0.98,137.69,0.05,73.69,0.02,137.69,0.39,57.0,0.49,50.0,0.34,0.34,0.092753,1776195568000
1776195570.45,270.45,0.61,57.0,0.51,50.0,0.95,73.69,0.98,137.69,0.05,73.69,0.02,137.69,0.39,57.0,0.49,50.0,0.34,0.34,0.092753,1776195569000
1776195571.101,271.101,0.61,57.0,0.51,50.0,0.95,73.69,0.98,137.69,0.05,73.69,0.02,137.69,0.39,57.0,0.49,50.0,0.34,0.34,0.092803,1776195570000
1776195572.483,272.483,0.61,57.0,0.51,50.0,0.95,73.69,0.98,137.69,0.05,73.69,0.02,137.69,0.39,57.0,0.49,50.0,0.34,0.34,0.092819,1776195571000
1776195572.844,272.844,0.86,5.0,0.81,50.0,0.98,5.0,0.99,5412.6,0.05,73.69,0.02,137.69,0.39,57.0,0.49,50.0,0.12,0.34,0.092819,1776195571000
1776195573.384,273.384,0.86,5.0,0.81,50.0,0.98,5.0,0.99,5412.6,0.02,5.0,0.01,5412.6,0.14,5.0,0.19,50.0,0.12,0.12,0.092819,1776195572000
1776195574.082,274.082,0.86,5.0,0.81,50.0,0.98,5.0,0.99,5412.6,0.02,5.0,0.01,5412.6,0.14,5.0,0.19,50.0,0.12,0.12,0.092821,1776195573000
1776195575.561,275.561,0.91,50.0,0.88,5.0,0.99,5134.94,,,0.02,5.0,0.01,5412.6,0.14,5.0,0.19,50.0,0.08,0.12,0.092821,1776195573000
1776195576.336,276.336,0.91,50.0,0.88,5.0,0.99,5134.94,,,0.01,5134.94,,,0.09,50.0,0.12,5.0,0.08,0.08,0.092843,1776195575000
1776195576.623,276.623,0.91,50.0,0.81,50.0,0.99,5129.94,,,0.01,5134.94,,,0.09,50.0,0.12,5.0,0.08,0.08,0.092843,1776195575000
1776195577.164,277.164,0.91,50.0,0.81,50.0,0.99,5109.94,,,0.01,5129.94,,,0.09,50.0,0.19,50.0,0.08,0.08,0.092843,1776195575000
1776195577.431,277.431,0.91,50.0,0.81,50.0,0.99,5108.92,,,0.01,5109.94,,,0.09,50.0,0.19,50.0,0.08,0.08,0.092843,1776195575000
1776195577.716,277.716,0.91,50.0,0.81,50.0,0.99,5108.92,,,0.01,5108.92,,,0.09,50.0,0.19,50.0,0.08,0.08,0.092841,1776195576000
1776195577.982,277.982,0.91,50.0,0.81,50.0,0.99,5102.92,,,0.01,5108.92,,,0.09,50.0,0.19,50.0,0.08,0.08,0.092841,1776195576000
1776195578.394,278.394,0.91,50.0,0.81,50.0,0.99,5102.92,,,0.01,5102.92,,,0.09,50.0,0.19,50.0,0.08,0.08,0.092841,1776195577000
1776195579.23,279.23,0.91,50.0,0.81,50.0,0.99,5102.92,,,0.01,5102.92,,,0.09,50.0,0.19,50.0,0.08,0.08,0.092843,1776195578000
1776195580.248,280.248,0.91,20.21,0.81,50.0,0.99,5082.92,,,0.01,5082.92,,,0.09,50.0,0.19,50.0,0.08,0.08,0.092843,1776195578000
1776195580.5,280.5,0.91,20.21,0.81,50.0,0.99,5082.92,,,0.01,5082.92,,,0.09,20.21,0.19,50.0,0.08,0.08,0.092836,1776195579000
1776195581.141,281.141,0.91,20.21,0.81,50.0,0.99,5062.92,,,0.01,5082.92,,,0.09,20.21,0.19,50.0,0.08,0.08,0.092836,1776195579000
1776195582.675,282.675,0.91,20.21,0.81,50.0,0.99,5062.92,,,0.01,5062.92,,,0.09,20.21,0.19,50.0,0.08,0.08,0.092837,1776195581000
1776195583.761,283.761,0.91,20.21,0.81,50.0,0.99,5062.92,,,0.01,5062.92,,,0.09,20.21,0.19,50.0,0.08,0.08,0.092838,1776195582000
1776195584.263,284.263,0.91,20.21,0.81,50.0,0.99,5062.92,,,0.01,5062.92,,,0.09,20.21,0.19,50.0,0.08,0.08,0.092836,1776195583000
1776195585.038,285.038,0.91,20.21,0.81,50.0,0.99,5159.7,,,0.07,1.0,0.01,5067.92,0.09,20.21,0.19,50.0,0.08,0.02,0.092836,1776195583000
1776195585.418,285.418,0.91,20.21,0.81,50.0,0.99,5139.7,,,0.01,5139.7,,,0.09,20.21,0.19,50.0,0.08,0.08,0.092839,1776195584000
1776195586.024,286.024,0.91,20.21,0.81,50.0,0.99,5139.7,,,0.01,5139.7,,,0.09,20.21,0.19,50.0,0.08,0.08,0.092839,1776195585000
1776195587.005,287.005,0.93,5.0,0.91,20.21,0.99,5014.7,,,0.01,5139.7,,,0.09,20.21,0.19,50.0,0.06,0.08,0.092839,1776195585000
1776195587.396,287.396,0.93,5.0,0.91,20.21,0.99,5009.7,,,0.01,5014.7,,,0.07,5.0,0.09,20.21,0.06,0.06,0.092835,1776195586000
1776195588.076,288.076,0.93,5.0,0.91,20.21,0.99,5009.7,,,0.01,5009.7,,,0.07,5.0,0.09,20.21,0.06,0.06,0.092835,1776195587000
1776195589.094,289.094,0.93,5.0,0.91,20.21,0.99,5009.7,,,0.01,5009.7,,,0.07,5.0,0.09,20.21,0.06,0.06,0.092836,1776195588000
1776195590.17,290.17,0.93,5.0,0.91,20.21,0.99,5009.7,,,0.01,5009.7,,,0.07,5.0,0.09,20.21,0.06,0.06,0.092837,1776195589000
1776195590.936,290.936,0.93,5.0,0.91,20.21,0.99,84.0,,,0.01,5009.7,,,0.07,5.0,0.09,20.21,0.06,0.06,0.092837,1776195589000
1776195592.169,292.169,0.93,5.0,0.91,20.21,0.99,64.0,,,0.01,64.0,,,0.07,5.0,0.09,20.21,0.06,0.06,0.092838,1776195591000
1776195592.442,292.442,0.93,5.0,0.91,20.21,0.99,43.8,,,0.01,43.8,,,0.07,5.0,0.09,20.21,0.06,0.06,0.092838,1776195591000
1776195593.195,293.195,0.93,5.0,0.91,20.21,,,,,,,,,0.07,5.0,0.09,20.21,,,0.092838,1776195592000
1776195593.474,293.474,0.93,5.0,0.91,20.21,,,,,,,,,0.07,5.0,0.09,20.21,,,0.092838,1776195592000
1776195594.232,294.232,0.93,5.0,0.91,20.21,,,,,,,,,0.07,5.0,0.09,20.21,,,0.092817,1776195593000
1776195595.175,295.175,0.93,5.0,0.91,20.21,,,,,,,,,0.07,5.0,0.09,20.21,,,0.092817,1776195593000
1776195596.332,296.332,0.93,5.0,0.91,20.21,,,,,,,,,0.07,5.0,0.09,20.21,,,0.092817,1776195595000
1776195597.355,297.355,0.93,5.0,0.91,20.21,,,,,,,,,0.07,5.0,0.09,20.21,,,0.092814,1776195596000
1776195598.607,298.607,0.93,5.0,0.91,20.21,,,,,,,,,0.07,5.0,0.09,20.21,,,0.092817,1776195597000
1776195599.281,299.281,0.93,5.0,0.91,20.21,,,,,,,,,0.07,5.0,0.09,20.21,,,0.092816,1776195598000
1776195600.486,300.486,0.93,5.0,0.91,20.21,,,,,,,,,0.07,5.0,0.09,20.21,,,0.092816,1776195599000
1776195601.028,301.028,0.93,5.0,0.91,20.21,,,,,,,,,0.07,5.0,0.09,20.21,,,0.092816,1776195600000
1776195602.834,302.834,0.93,5.0,0.91,20.21,,,,,,,,,0.07,5.0,0.09,20.21,,,0.092815,1776195601000

# RESULT,winner=Up,slug=doge-updown-5m-1776195300,ticks=368
