timestamp,elapsed_sec,up_bid_p1,up_bid_s1,up_bid_p2,up_bid_s2,up_ask_p1,up_ask_s1,up_ask_p2,up_ask_s2,down_bid_p1,down_bid_s1,down_bid_p2,down_bid_s2,down_ask_p1,down_ask_s1,down_ask_p2,down_ask_s2,up_spread,down_spread,doge_price,doge_oracle_ts
1776209101.439,1.439,0.33,300.0,0.31,375.0,0.67,300.0,0.69,375.0,0.41,5.0,0.33,300.0,0.67,300.0,0.69,375.0,0.34,0.26,0.093013,1776209099000
1776209101.847,1.847,0.33,300.0,0.31,375.0,0.67,300.0,0.69,375.0,0.41,5.0,0.33,300.0,0.67,300.0,0.69,375.0,0.34,0.26,0.093013,1776209100000
1776209102.999,2.999,0.33,300.0,0.31,375.0,0.67,300.0,0.69,375.0,0.41,5.0,0.33,300.0,0.67,300.0,0.69,375.0,0.34,0.26,0.093013,1776209102000
1776209104.108,4.108,0.33,300.0,0.31,375.0,0.67,300.0,0.69,375.0,0.41,5.0,0.33,300.0,0.67,300.0,0.69,375.0,0.34,0.26,0.093013,1776209103000
1776209105.148,5.148,0.33,300.0,0.31,375.0,0.67,300.0,0.69,375.0,0.41,5.0,0.33,300.0,0.67,300.0,0.69,375.0,0.34,0.26,0.093013,1776209104000
1776209106.23,6.23,0.33,300.0,0.31,375.0,0.67,300.0,0.69,375.0,0.41,5.0,0.33,300.0,0.67,300.0,0.69,375.0,0.34,0.26,0.093013,1776209105000
1776209107.316,7.316,0.33,300.0,0.31,375.0,0.67,300.0,0.69,375.0,0.41,5.0,0.33,300.0,0.67,300.0,0.69,375.0,0.34,0.26,0.093013,1776209106000
1776209108.402,8.402,0.33,300.0,0.31,375.0,0.67,300.0,0.69,375.0,0.41,5.0,0.33,300.0,0.67,300.0,0.69,375.0,0.34,0.26,0.093013,1776209107000
1776209108.928,8.928,0.33,300.0,0.31,375.0,0.67,300.0,0.69,375.0,0.41,5.0,0.33,300.0,0.67,300.0,0.69,375.0,0.34,0.26,0.093012,1776209108000
1776209110.59,10.59,0.33,300.0,0.31,375.0,0.67,300.0,0.69,375.0,0.41,5.0,0.33,300.0,0.67,300.0,0.69,375.0,0.34,0.26,0.093012,1776209109000
1776209111.076,11.076,0.33,300.0,0.31,375.0,0.67,300.0,0.69,375.0,0.41,5.0,0.33,300.0,0.67,300.0,0.69,375.0,0.34,0.26,0.093013,1776209110000
1776209112.201,12.201,0.33,300.0,0.31,375.0,0.67,300.0,0.69,375.0,0.41,5.0,0.33,300.0,0.67,300.0,0.69,375.0,0.34,0.26,0.093013,1776209111000
1776209113.365,13.365,0.33,300.0,0.31,375.0,0.67,300.0,0.69,375.0,0.41,5.0,0.33,300.0,0.67,300.0,0.69,375.0,0.34,0.26,0.093012,1776209112000
1776209113.9,13.9,0.33,300.0,0.31,375.0,0.67,300.0,0.69,375.0,0.41,5.0,0.33,300.0,0.67,300.0,0.69,375.0,0.34,0.26,0.093013,1776209113000
1776209114.823,14.823,0.33,300.0,0.31,375.0,0.67,300.0,0.69,375.0,0.41,5.0,0.33,300.0,0.67,300.0,0.69,375.0,0.34,0.26,0.093013,1776209114000
1776209115.881,15.881,0.33,300.0,0.31,375.0,0.67,300.0,0.69,375.0,0.41,5.0,0.33,300.0,0.67,300.0,0.69,375.0,0.34,0.26,0.093012,1776209115000
1776209117.973,17.973,0.33,300.0,0.31,375.0,0.67,300.0,0.69,375.0,0.41,5.0,0.33,300.0,0.67,300.0,0.69,375.0,0.34,0.26,0.093013,1776209117000
1776209118.956,18.956,0.33,300.0,0.31,375.0,0.67,300.0,0.69,375.0,0.41,5.0,0.33,300.0,0.67,300.0,0.69,375.0,0.34,0.26,0.093013,1776209118000
1776209119.988,19.988,0.33,300.0,0.31,375.0,0.67,300.0,0.69,375.0,0.41,5.0,0.33,300.0,0.67,300.0,0.69,375.0,0.34,0.26,0.093013,1776209119000
1776209121.004,21.004,0.33,300.0,0.31,375.0,0.67,300.0,0.69,375.0,0.41,5.0,0.33,300.0,0.67,300.0,0.69,375.0,0.34,0.26,0.093013,1776209120000
1776209122.162,22.162,0.33,300.0,0.31,375.0,0.67,300.0,0.69,375.0,0.41,5.0,0.33,300.0,0.67,300.0,0.69,375.0,0.34,0.26,0.093013,1776209121000
1776209123.267,23.267,0.33,300.0,0.31,375.0,0.67,300.0,0.69,375.0,0.41,5.0,0.33,300.0,0.67,300.0,0.69,375.0,0.34,0.26,0.093013,1776209122000
1776209124.32,24.32,0.33,300.0,0.31,375.0,0.67,300.0,0.69,375.0,0.41,5.0,0.33,300.0,0.67,300.0,0.69,375.0,0.34,0.26,0.093013,1776209123000
1776209125.261,25.261,0.33,300.0,0.31,375.0,0.67,300.0,0.69,375.0,0.41,5.0,0.33,300.0,0.67,300.0,0.69,375.0,0.34,0.26,0.093013,1776209124000
1776209126.371,26.371,0.33,300.0,0.31,375.0,0.67,300.0,0.69,375.0,0.41,5.0,0.33,300.0,0.67,300.0,0.69,375.0,0.34,0.26,0.093013,1776209125000
1776209127.354,27.354,0.51,56.6,0.47,5.0,0.56,5.0,0.58,5.0,0.44,5.0,0.42,5.0,0.49,56.6,0.53,5.0,0.05,0.05,0.093013,1776209126000
1776209127.922,27.922,0.51,56.6,0.47,5.0,0.56,5.0,0.58,5.0,0.44,5.0,0.42,5.0,0.49,56.6,0.53,5.0,0.05,0.05,0.093026,1776209127000
1776209128.947,28.947,0.51,56.6,0.47,5.0,0.56,5.0,0.58,5.0,0.44,5.0,0.42,5.0,0.49,56.6,0.53,5.0,0.05,0.05,0.093052,1776209128000
1776209129.209,29.209,0.58,25.0,0.57,5.0,0.66,22.26,0.67,5.0,0.44,5.0,0.42,5.0,0.49,56.6,0.53,5.0,0.08,0.05,0.093052,1776209128000
1776209129.923,29.923,0.58,25.0,0.57,5.0,0.66,22.26,0.67,5.0,0.34,22.26,0.33,5.0,0.42,25.0,0.43,5.0,0.08,0.08,0.093052,1776209129000
1776209130.401,30.401,0.58,25.0,0.57,5.0,0.65,13.15,0.67,5.0,0.34,22.26,0.33,5.0,0.42,25.0,0.43,5.0,0.07,0.08,0.093052,1776209129000
1776209130.729,30.729,0.58,25.0,0.57,5.0,0.67,11.44,0.68,5.0,0.35,13.15,0.33,5.0,0.42,25.0,0.43,5.0,0.09,0.07,0.093052,1776209129000
1776209131.956,31.956,0.58,25.0,0.57,5.0,0.68,5.0,0.77,10.0,0.32,5.0,0.23,10.0,0.42,25.0,0.43,5.0,0.1,0.1,0.093051,1776209131000
1776209132.905,32.905,0.58,25.0,0.57,5.0,0.68,5.0,0.77,10.0,0.32,5.0,0.23,10.0,0.42,25.0,0.43,5.0,0.1,0.1,0.093052,1776209132000
1776209133.405,33.405,0.67,12.77,0.58,25.0,0.75,20.0,0.77,10.0,0.32,5.0,0.23,10.0,0.42,25.0,0.43,5.0,0.08,0.1,0.093052,1776209132000
1776209133.956,33.956,0.67,12.77,0.58,25.0,0.75,20.0,0.77,10.0,0.25,20.0,0.23,10.0,0.33,12.77,0.42,25.0,0.08,0.08,0.093052,1776209133000
1776209134.339,34.339,0.58,25.0,0.57,5.0,0.7,5.0,0.75,20.0,0.25,20.0,0.23,10.0,0.33,12.77,0.42,25.0,0.12,0.08,0.093052,1776209133000
1776209134.873,34.873,0.58,25.0,0.57,5.0,0.7,5.0,0.75,20.0,0.3,5.0,0.25,20.0,0.42,25.0,0.43,5.0,0.12,0.12,0.093053,1776209134000
1776209135.882,35.882,0.58,25.0,0.57,5.0,0.7,5.0,0.75,20.0,0.3,5.0,0.25,20.0,0.42,25.0,0.43,5.0,0.12,0.12,0.093053,1776209135000
1776209137.327,37.327,0.58,25.0,0.57,5.0,0.7,5.0,0.75,20.0,0.3,5.0,0.25,20.0,0.42,25.0,0.43,5.0,0.12,0.12,0.093053,1776209136000
1776209138.012,38.012,0.58,25.0,0.57,5.0,0.7,5.0,0.75,20.0,0.3,5.0,0.25,20.0,0.42,25.0,0.43,5.0,0.12,0.12,0.093052,1776209137000
1776209139.191,39.191,0.58,25.0,0.57,5.0,0.7,5.0,0.75,20.0,0.3,5.0,0.25,20.0,0.42,25.0,0.43,5.0,0.12,0.12,0.09304,1776209138000
1776209139.45,39.45,0.64,5.0,0.61,50.0,0.77,25.0,0.78,10.0,0.3,5.0,0.25,20.0,0.42,25.0,0.43,5.0,0.13,0.12,0.09304,1776209138000
1776209140.316,40.316,0.64,5.0,0.61,50.0,0.77,25.0,0.78,10.0,0.23,25.0,0.22,10.0,0.36,5.0,0.39,50.0,0.13,0.13,0.093044,1776209139000
1776209140.878,40.878,0.64,5.0,0.61,50.0,0.77,25.0,0.78,10.0,0.23,25.0,0.22,10.0,0.36,5.0,0.39,50.0,0.13,0.13,0.093063,1776209140000
1776209142.022,42.022,0.64,5.0,0.61,50.0,0.77,25.0,0.78,10.0,0.23,25.0,0.22,10.0,0.36,5.0,0.39,50.0,0.13,0.13,0.093069,1776209141000
1776209143.089,43.089,0.64,5.0,0.61,50.0,0.77,25.0,0.78,10.0,0.23,25.0,0.22,10.0,0.36,5.0,0.39,50.0,0.13,0.13,0.093066,1776209142000
1776209143.844,43.844,0.66,2.05,0.64,5.0,0.77,20.0,0.79,15.7,0.23,25.0,0.22,10.0,0.36,5.0,0.39,50.0,0.11,0.13,0.093066,1776209142000
1776209144.214,44.214,0.66,2.05,0.64,5.0,0.77,20.0,0.79,15.7,0.23,20.0,0.21,15.7,0.34,2.05,0.36,5.0,0.11,0.11,0.093066,1776209143000
1776209145.29,45.29,0.66,2.05,0.64,5.0,0.77,20.0,0.79,15.7,0.23,20.0,0.21,15.7,0.34,2.05,0.36,5.0,0.11,0.11,0.093066,1776209144000
1776209146.398,46.398,0.66,2.05,0.64,5.0,0.77,20.0,0.79,15.7,0.23,20.0,0.21,15.7,0.34,2.05,0.36,5.0,0.11,0.11,0.093066,1776209145000
1776209146.913,46.913,0.66,2.05,0.64,5.0,0.77,20.0,0.79,15.7,0.23,20.0,0.21,15.7,0.34,2.05,0.36,5.0,0.11,0.11,0.093066,1776209146000
1776209148.049,48.049,0.66,2.05,0.64,5.0,0.77,20.0,0.79,15.7,0.23,20.0,0.21,15.7,0.34,2.05,0.36,5.0,0.11,0.11,0.093066,1776209147000
1776209149.095,49.095,0.66,2.05,0.64,5.0,0.77,20.0,0.79,15.7,0.23,20.0,0.21,15.7,0.34,2.05,0.36,5.0,0.11,0.11,0.093067,1776209148000
1776209149.945,49.945,0.64,5.0,0.58,20.0,0.68,10.0,0.69,10.0,0.23,20.0,0.21,15.7,0.34,2.05,0.36,5.0,0.04,0.11,0.093067,1776209148000
1776209150.197,50.197,0.64,5.0,0.58,20.0,0.68,10.0,0.69,10.0,0.32,10.0,0.31,10.0,0.36,5.0,0.42,20.0,0.04,0.04,0.093067,1776209149000
1776209150.534,50.534,0.58,15.0,0.42,5.0,0.59,5.0,0.61,50.0,0.32,10.0,0.31,10.0,0.36,5.0,0.42,20.0,0.01,0.04,0.093067,1776209149000
1776209150.822,50.822,0.58,9.88,0.42,5.0,0.59,5.0,0.61,50.0,0.41,5.0,0.39,50.0,0.42,15.0,0.58,5.0,0.01,0.01,0.093067,1776209149000
1776209151.407,51.407,0.58,4.88,0.39,5.0,0.59,35.0,0.61,50.0,0.41,5.0,0.39,50.0,0.42,9.88,0.58,5.0,0.01,0.01,0.093067,1776209149000
1776209152.085,52.085,0.58,2.18,0.39,5.0,0.59,35.0,0.61,50.0,0.41,35.0,0.39,50.0,0.42,2.18,0.61,5.0,0.01,0.01,0.093023,1776209151000
1776209153.281,53.281,0.58,2.18,0.39,5.0,0.59,35.0,0.61,50.0,0.41,35.0,0.39,50.0,0.42,2.18,0.61,5.0,0.01,0.01,0.093005,1776209152000
1776209154.087,54.087,0.58,2.18,0.39,5.0,0.59,35.0,0.61,50.0,0.41,35.0,0.39,50.0,0.42,2.18,0.61,5.0,0.01,0.01,0.09301,1776209153000
1776209155.106,55.106,0.58,2.18,0.39,5.0,0.59,35.0,0.61,50.0,0.41,35.0,0.39,50.0,0.42,2.18,0.61,5.0,0.01,0.01,0.093014,1776209154000
1776209156.123,56.123,0.58,2.18,0.39,5.0,0.59,35.0,0.61,50.0,0.41,35.0,0.39,50.0,0.42,2.18,0.61,5.0,0.01,0.01,0.093024,1776209155000
1776209156.746,56.746,0.47,5.0,0.46,5.0,0.59,30.0,0.6,5.0,0.41,35.0,0.39,50.0,0.42,2.18,0.61,5.0,0.12,0.01,0.093024,1776209155000
1776209157.188,57.188,0.47,5.0,0.46,5.0,0.59,30.0,0.6,5.0,0.41,30.0,0.4,5.0,0.53,5.0,0.54,5.0,0.12,0.12,0.093024,1776209156000
1776209157.717,57.717,0.47,5.0,0.46,5.0,0.68,10.0,0.69,10.0,0.41,30.0,0.4,5.0,0.53,5.0,0.54,5.0,0.21,0.12,0.093024,1776209156000
1776209158.18,58.18,0.47,5.0,0.46,5.0,0.68,10.0,0.69,10.0,0.32,10.0,0.31,10.0,0.53,5.0,0.54,5.0,0.21,0.21,0.093023,1776209157000
1776209159.345,59.345,0.47,5.0,0.46,5.0,0.68,10.0,0.69,10.0,0.32,10.0,0.31,10.0,0.53,5.0,0.54,5.0,0.21,0.21,0.09302,1776209158000
1776209160.273,60.273,0.64,7.49,0.63,15.22,0.71,62.6,0.72,42.9,0.29,62.6,0.28,42.9,0.36,7.49,0.37,15.22,0.07,0.07,0.093029,1776209159000
1776209160.923,60.923,0.64,7.49,0.63,15.22,0.71,62.6,0.72,42.9,0.29,62.6,0.28,42.9,0.36,7.49,0.37,15.22,0.07,0.07,0.09303,1776209160000
1776209161.93,61.93,0.64,7.49,0.63,15.22,0.71,62.6,0.72,42.9,0.29,62.6,0.28,42.9,0.36,7.49,0.37,15.22,0.07,0.07,0.093029,1776209161000
1776209162.22,62.22,0.63,15.22,0.47,5.0,0.66,11.6,0.67,11.8,0.29,62.6,0.28,42.9,0.36,7.49,0.37,15.22,0.03,0.07,0.093029,1776209161000
1776209162.713,62.713,0.47,5.0,0.46,5.0,0.61,34.78,0.64,10.0,0.34,11.6,0.33,11.8,0.37,15.22,0.53,5.0,0.14,0.03,0.093029,1776209161000
1776209163.103,63.103,0.47,5.0,0.46,5.0,0.61,34.78,0.64,10.0,0.39,34.78,0.36,10.0,0.53,5.0,0.54,5.0,0.14,0.14,0.093022,1776209162000
1776209164.097,64.097,0.47,5.0,0.46,5.0,0.61,34.78,0.64,10.0,0.39,34.78,0.36,10.0,0.53,5.0,0.54,5.0,0.14,0.14,0.093018,1776209163000
1776209165.291,65.291,0.47,5.0,0.46,5.0,0.61,34.78,0.64,10.0,0.39,34.78,0.36,10.0,0.53,5.0,0.54,5.0,0.14,0.14,0.093013,1776209164000
1776209165.926,65.926,0.47,5.0,0.46,5.0,0.61,34.78,0.64,10.0,0.39,34.78,0.36,10.0,0.53,5.0,0.54,5.0,0.14,0.14,0.093009,1776209165000
1776209166.179,66.179,0.42,3.1,0.4,10.0,0.59,10.7,0.6,10.8,0.39,34.78,0.36,10.0,0.53,5.0,0.54,5.0,0.17,0.14,0.093009,1776209165000
1776209167.072,67.072,0.42,3.1,0.4,10.0,0.59,10.7,0.6,10.8,0.41,10.7,0.4,10.8,0.58,3.1,0.6,10.0,0.17,0.17,0.093008,1776209166000
1776209168.146,68.146,0.42,3.1,0.4,10.0,0.59,10.7,0.6,10.8,0.41,10.7,0.4,10.8,0.58,3.1,0.6,10.0,0.17,0.17,0.093008,1776209167000
1776209169.293,69.293,0.42,3.1,0.4,10.0,0.59,10.7,0.6,10.8,0.41,10.7,0.4,10.8,0.58,3.1,0.6,10.0,0.17,0.17,0.093009,1776209168000
1776209170.421,70.421,0.42,3.1,0.4,10.0,0.59,10.7,0.6,10.8,0.41,10.7,0.4,10.8,0.58,3.1,0.6,10.0,0.17,0.17,0.093009,1776209169000
1776209170.931,70.931,0.42,3.1,0.4,10.0,0.59,10.7,0.6,10.8,0.41,10.7,0.4,10.8,0.58,3.1,0.6,10.0,0.17,0.17,0.093009,1776209170000
1776209171.973,71.973,0.42,3.1,0.4,10.0,0.59,10.7,0.6,10.8,0.41,10.7,0.4,10.8,0.58,3.1,0.6,10.0,0.17,0.17,0.093009,1776209171000
1776209172.797,72.797,0.42,10.0,0.4,10.0,0.55,1.4,0.56,15.6,0.41,10.7,0.4,10.8,0.58,3.1,0.6,10.0,0.13,0.17,0.093009,1776209171000
1776209173.051,73.051,0.42,10.0,0.4,10.0,0.55,1.4,0.56,15.6,0.45,1.4,0.44,15.6,0.58,10.0,0.6,10.0,0.13,0.13,0.093009,1776209172000
1776209174.169,74.169,0.42,10.0,0.4,10.0,0.55,1.4,0.56,15.6,0.45,1.4,0.44,15.6,0.58,10.0,0.6,10.0,0.13,0.13,0.093009,1776209173000
1776209175.144,75.144,0.42,10.0,0.4,10.0,0.56,14.2,0.57,10.6,0.45,1.4,0.44,15.6,0.58,10.0,0.6,10.0,0.14,0.13,0.093009,1776209173000
1776209175.354,75.354,0.42,10.0,0.4,10.0,0.56,14.2,0.57,10.6,0.44,14.2,0.43,10.6,0.58,10.0,0.6,10.0,0.14,0.14,0.093009,1776209174000
1776209176.428,76.428,0.42,10.0,0.4,10.0,0.56,14.2,0.57,10.6,0.44,14.2,0.43,10.6,0.58,10.0,0.6,10.0,0.14,0.14,0.093009,1776209175000
1776209177.033,77.033,0.42,10.0,0.4,10.0,0.56,14.2,0.57,10.6,0.44,14.2,0.43,10.6,0.58,10.0,0.6,10.0,0.14,0.14,0.093009,1776209176000
1776209178.352,78.352,0.42,10.0,0.4,10.0,0.56,14.2,0.57,10.6,0.44,14.2,0.43,10.6,0.58,10.0,0.6,10.0,0.14,0.14,0.093009,1776209177000
1776209179.721,79.721,0.42,10.0,0.4,10.0,0.56,14.2,0.57,10.6,0.44,14.2,0.43,10.6,0.58,10.0,0.6,10.0,0.14,0.14,0.093009,1776209178000
1776209180.19,80.19,0.42,10.0,0.4,10.0,0.56,14.2,0.57,10.6,0.44,14.2,0.43,10.6,0.58,10.0,0.6,10.0,0.14,0.14,0.093009,1776209179000
1776209181.228,81.228,0.42,10.0,0.4,10.0,0.56,14.2,0.57,10.6,0.44,14.2,0.43,10.6,0.58,10.0,0.6,10.0,0.14,0.14,0.09301,1776209180000
1776209182.239,82.239,0.42,10.0,0.4,10.0,0.56,14.2,0.57,10.6,0.44,14.2,0.43,10.6,0.58,10.0,0.6,10.0,0.14,0.14,0.093012,1776209181000
1776209183.213,83.213,0.42,10.0,0.4,10.0,0.56,14.2,0.57,10.6,0.44,14.2,0.43,10.6,0.58,10.0,0.6,10.0,0.14,0.14,0.093012,1776209182000
1776209184.208,84.208,0.42,10.0,0.4,10.0,0.56,14.2,0.57,10.6,0.44,14.2,0.43,10.6,0.58,10.0,0.6,10.0,0.14,0.14,0.093013,1776209183000
1776209185.222,85.222,0.42,10.0,0.4,10.0,0.56,14.2,0.57,10.6,0.44,14.2,0.43,10.6,0.58,10.0,0.6,10.0,0.14,0.14,0.093019,1776209184000
1776209186.214,86.214,0.42,10.0,0.4,10.0,0.56,14.2,0.57,10.6,0.44,14.2,0.43,10.6,0.58,10.0,0.6,10.0,0.14,0.14,0.093019,1776209185000
1776209187.209,87.209,0.42,10.0,0.4,10.0,0.56,14.2,0.57,10.6,0.44,14.2,0.43,10.6,0.58,10.0,0.6,10.0,0.14,0.14,0.093022,1776209186000
1776209188.167,88.167,0.47,3.11,0.46,15.5,0.63,11.2,0.64,11.3,0.44,14.2,0.43,10.6,0.58,10.0,0.6,10.0,0.16,0.14,0.093022,1776209186000
1776209188.478,88.478,0.47,5.0,0.46,15.5,0.63,7.94,0.64,11.3,0.37,11.2,0.36,11.3,0.53,3.11,0.54,15.5,0.16,0.16,0.093022,1776209187000
1776209189.248,89.248,0.47,5.0,0.46,15.5,0.63,7.94,0.64,11.3,0.37,7.94,0.36,11.3,0.53,5.0,0.54,15.5,0.16,0.16,0.093022,1776209188000
1776209190.229,90.229,0.47,5.0,0.46,15.5,0.63,7.94,0.64,11.3,0.37,7.94,0.36,11.3,0.53,5.0,0.54,15.5,0.16,0.16,0.093022,1776209189000
1776209191.233,91.233,0.47,5.0,0.46,15.5,0.63,7.94,0.64,11.3,0.37,7.94,0.36,11.3,0.53,5.0,0.54,15.5,0.16,0.16,0.093022,1776209190000
1776209192.54,92.54,0.47,5.0,0.46,15.5,0.63,7.94,0.64,11.3,0.37,7.94,0.36,11.3,0.53,5.0,0.54,15.5,0.16,0.16,0.093022,1776209191000
1776209193.108,93.108,0.47,5.0,0.46,15.5,0.63,7.94,0.64,11.3,0.37,7.94,0.36,11.3,0.53,5.0,0.54,15.5,0.16,0.16,0.093022,1776209192000
1776209194.071,94.071,0.47,5.0,0.46,15.5,0.63,7.94,0.64,11.3,0.37,7.94,0.36,11.3,0.53,5.0,0.54,15.5,0.16,0.16,0.093022,1776209193000
1776209195.015,95.015,0.47,5.0,0.46,15.5,0.63,7.94,0.64,11.3,0.37,7.94,0.36,11.3,0.53,5.0,0.54,15.5,0.16,0.16,0.093022,1776209194000
1776209195.96,95.96,0.47,5.0,0.46,15.5,0.63,7.94,0.64,11.3,0.37,7.94,0.36,11.3,0.53,5.0,0.54,15.5,0.16,0.16,0.093022,1776209195000
1776209196.97,96.97,0.47,5.0,0.46,15.5,0.63,7.94,0.64,11.3,0.37,7.94,0.36,11.3,0.53,5.0,0.54,15.5,0.16,0.16,0.093022,1776209196000
1776209197.894,97.894,0.47,5.0,0.46,15.5,0.63,7.94,0.64,11.3,0.37,7.94,0.36,11.3,0.53,5.0,0.54,15.5,0.16,0.16,0.093022,1776209197000
1776209198.86,98.86,0.47,5.0,0.46,15.5,0.63,7.94,0.64,11.3,0.37,7.94,0.36,11.3,0.53,5.0,0.54,15.5,0.16,0.16,0.093029,1776209198000
1776209199.873,99.873,0.47,5.0,0.46,15.5,0.63,7.94,0.64,11.3,0.37,7.94,0.36,11.3,0.53,5.0,0.54,15.5,0.16,0.16,0.093027,1776209199000
1776209200.88,100.88,0.47,5.0,0.46,15.5,0.63,7.94,0.64,11.3,0.37,7.94,0.36,11.3,0.53,5.0,0.54,15.5,0.16,0.16,0.093028,1776209200000
1776209201.749,101.749,0.47,5.0,0.46,15.5,0.63,7.94,0.64,11.3,0.37,7.94,0.36,11.3,0.53,5.0,0.54,15.5,0.16,0.16,0.093028,1776209201000
1776209203.311,103.311,0.47,5.0,0.46,15.5,0.63,7.94,0.64,11.3,0.37,7.94,0.36,11.3,0.53,5.0,0.54,15.5,0.16,0.16,0.093026,1776209202000
1776209204.203,104.203,0.47,5.0,0.46,15.5,0.63,7.94,0.64,11.3,0.37,7.94,0.36,11.3,0.53,5.0,0.54,15.5,0.16,0.16,0.093021,1776209203000
1776209205.329,105.329,0.47,5.0,0.46,15.5,0.63,7.94,0.64,11.3,0.37,7.94,0.36,11.3,0.53,5.0,0.54,15.5,0.16,0.16,0.093021,1776209204000
1776209206.158,106.158,0.47,5.0,0.46,15.5,0.63,7.94,0.64,11.3,0.37,7.94,0.36,11.3,0.53,5.0,0.54,15.5,0.16,0.16,0.093021,1776209205000
1776209207.322,107.322,0.47,5.0,0.46,15.5,0.63,7.94,0.64,11.3,0.37,7.94,0.36,11.3,0.53,5.0,0.54,15.5,0.16,0.16,0.093021,1776209206000
1776209207.949,107.949,0.47,5.0,0.46,15.5,0.63,7.94,0.64,11.3,0.37,7.94,0.36,11.3,0.53,5.0,0.54,15.5,0.16,0.16,0.093021,1776209207000
1776209209.06,109.06,0.47,5.0,0.46,15.5,0.63,7.94,0.64,11.3,0.37,7.94,0.36,11.3,0.53,5.0,0.54,15.5,0.16,0.16,0.093021,1776209208000
1776209210.607,110.607,0.47,5.0,0.46,15.5,0.63,7.94,0.64,11.3,0.37,7.94,0.36,11.3,0.53,5.0,0.54,15.5,0.16,0.16,0.093021,1776209209000
1776209211.396,111.396,0.47,5.0,0.46,15.5,0.63,7.94,0.64,11.3,0.37,7.94,0.36,11.3,0.53,5.0,0.54,15.5,0.16,0.16,0.093021,1776209210000
1776209212.049,112.049,0.47,5.0,0.46,15.5,0.63,7.94,0.64,11.3,0.37,7.94,0.36,11.3,0.53,5.0,0.54,15.5,0.16,0.16,0.093021,1776209211000
1776209213.212,113.212,0.47,5.0,0.46,15.5,0.63,7.94,0.64,11.3,0.37,7.94,0.36,11.3,0.53,5.0,0.54,15.5,0.16,0.16,0.093021,1776209212000
1776209214.423,114.423,0.47,5.0,0.46,15.5,0.63,7.94,0.64,11.3,0.37,7.94,0.36,11.3,0.53,5.0,0.54,15.5,0.16,0.16,0.093021,1776209213000
1776209215.127,115.127,0.47,5.0,0.46,15.5,0.63,7.94,0.64,11.3,0.37,7.94,0.36,11.3,0.53,5.0,0.54,15.5,0.16,0.16,0.093021,1776209214000
1776209216.422,116.422,0.47,5.0,0.46,15.5,0.63,7.94,0.64,11.3,0.37,7.94,0.36,11.3,0.53,5.0,0.54,15.5,0.16,0.16,0.093021,1776209215000
1776209217.113,117.113,0.47,5.0,0.46,15.5,0.63,7.94,0.64,11.3,0.37,7.94,0.36,11.3,0.53,5.0,0.54,15.5,0.16,0.16,0.093021,1776209216000
1776209218.48,118.48,0.47,5.0,0.46,15.5,0.63,7.94,0.64,11.3,0.37,7.94,0.36,11.3,0.53,5.0,0.54,15.5,0.16,0.16,0.093021,1776209217000
1776209219.099,119.099,0.47,5.0,0.46,15.5,0.63,7.94,0.64,11.3,0.37,7.94,0.36,11.3,0.53,5.0,0.54,15.5,0.16,0.16,0.09302,1776209218000
1776209220.415,120.415,0.47,5.0,0.46,15.5,0.63,7.94,0.64,11.3,0.37,7.94,0.36,11.3,0.53,5.0,0.54,15.5,0.16,0.16,0.093015,1776209219000
1776209220.995,120.995,0.47,5.0,0.46,15.5,0.63,7.94,0.64,11.3,0.37,7.94,0.36,11.3,0.53,5.0,0.54,15.5,0.16,0.16,0.093015,1776209220000
1776209221.993,121.993,0.47,5.0,0.46,15.5,0.63,7.94,0.64,11.3,0.37,7.94,0.36,11.3,0.53,5.0,0.54,15.5,0.16,0.16,0.093015,1776209221000
1776209223.009,123.009,0.47,5.0,0.46,15.5,0.63,7.94,0.64,11.3,0.37,7.94,0.36,11.3,0.53,5.0,0.54,15.5,0.16,0.16,0.093012,1776209222000
1776209224.181,124.181,0.47,5.0,0.46,15.5,0.63,7.94,0.64,11.3,0.37,7.94,0.36,11.3,0.53,5.0,0.54,15.5,0.16,0.16,0.093008,1776209223000
1776209225.231,125.231,0.47,5.0,0.46,15.5,0.63,7.94,0.64,11.3,0.37,7.94,0.36,11.3,0.53,5.0,0.54,15.5,0.16,0.16,0.093008,1776209224000
1776209226.31,126.31,0.47,5.0,0.46,15.5,0.63,7.94,0.64,11.3,0.37,7.94,0.36,11.3,0.53,5.0,0.54,15.5,0.16,0.16,0.093008,1776209225000
1776209227.424,127.424,0.47,5.0,0.46,15.5,0.63,7.94,0.64,11.3,0.37,7.94,0.36,11.3,0.53,5.0,0.54,15.5,0.16,0.16,0.093007,1776209226000
1776209227.921,127.921,0.47,5.0,0.46,15.5,0.63,7.94,0.64,11.3,0.37,7.94,0.36,11.3,0.53,5.0,0.54,15.5,0.16,0.16,0.093007,1776209227000
1776209228.991,128.991,0.47,5.0,0.46,15.5,0.63,7.94,0.64,11.3,0.37,7.94,0.36,11.3,0.53,5.0,0.54,15.5,0.16,0.16,0.093007,1776209228000
1776209230.101,130.101,0.47,5.0,0.46,15.5,0.63,7.94,0.64,11.3,0.37,7.94,0.36,11.3,0.53,5.0,0.54,15.5,0.16,0.16,0.093007,1776209229000
1776209231.209,131.209,0.47,5.0,0.46,15.5,0.63,7.94,0.64,11.3,0.37,7.94,0.36,11.3,0.53,5.0,0.54,15.5,0.16,0.16,0.093009,1776209230000
1776209232.335,132.335,0.47,5.0,0.46,15.5,0.63,7.94,0.64,11.3,0.37,7.94,0.36,11.3,0.53,5.0,0.54,15.5,0.16,0.16,0.093009,1776209231000
1776209233.324,133.324,0.47,5.0,0.46,15.5,0.63,7.94,0.64,11.3,0.37,7.94,0.36,11.3,0.53,5.0,0.54,15.5,0.16,0.16,0.093009,1776209232000
1776209233.827,133.827,0.47,5.0,0.46,15.5,0.63,7.94,0.64,11.3,0.37,7.94,0.36,11.3,0.53,5.0,0.54,15.5,0.16,0.16,0.093009,1776209233000
1776209235.008,135.008,0.47,5.0,0.46,15.5,0.63,7.94,0.64,11.3,0.37,7.94,0.36,11.3,0.53,5.0,0.54,15.5,0.16,0.16,0.093011,1776209234000
1776209236.276,136.276,0.47,5.0,0.46,15.5,0.63,7.94,0.64,11.3,0.37,7.94,0.36,11.3,0.53,5.0,0.54,15.5,0.16,0.16,0.093021,1776209235000
1776209238.416,138.416,0.47,5.0,0.46,15.5,0.63,7.94,0.64,11.3,0.37,7.94,0.36,11.3,0.53,5.0,0.54,15.5,0.16,0.16,0.093021,1776209236000
1776209239.198,139.198,0.47,5.0,0.46,15.5,0.63,7.94,0.64,11.3,0.37,7.94,0.36,11.3,0.53,5.0,0.54,15.5,0.16,0.16,0.093024,1776209238000
1776209240.526,140.526,0.47,5.0,0.46,15.5,0.63,7.94,0.64,11.3,0.37,7.94,0.36,11.3,0.53,5.0,0.54,15.5,0.16,0.16,0.093023,1776209239000
1776209241.18,141.18,0.47,5.0,0.46,15.5,0.63,7.94,0.64,11.3,0.37,7.94,0.36,11.3,0.53,5.0,0.54,15.5,0.16,0.16,0.093023,1776209240000
1776209242.541,142.541,0.47,5.0,0.46,15.5,0.63,7.94,0.64,11.3,0.37,7.94,0.36,11.3,0.53,5.0,0.54,15.5,0.16,0.16,0.093023,1776209241000
1776209243.283,143.283,0.47,5.0,0.46,15.5,0.63,7.94,0.64,11.3,0.37,7.94,0.36,11.3,0.53,5.0,0.54,15.5,0.16,0.16,0.093023,1776209242000
1776209244.523,144.523,0.47,5.0,0.46,15.5,0.63,7.94,0.64,11.3,0.37,7.94,0.36,11.3,0.53,5.0,0.54,15.5,0.16,0.16,0.093031,1776209243000
1776209245.215,145.215,0.47,5.0,0.46,15.5,0.63,7.94,0.64,11.3,0.37,7.94,0.36,11.3,0.53,5.0,0.54,15.5,0.16,0.16,0.093031,1776209244000
1776209246.568,146.568,0.47,5.0,0.46,15.5,0.63,7.94,0.64,11.3,0.37,7.94,0.36,11.3,0.53,5.0,0.54,15.5,0.16,0.16,0.093029,1776209245000
1776209247.235,147.235,0.47,5.0,0.46,15.5,0.63,7.94,0.64,11.3,0.37,7.94,0.36,11.3,0.53,5.0,0.54,15.5,0.16,0.16,0.093029,1776209246000
1776209248.645,148.645,0.47,5.0,0.46,15.5,0.63,7.94,0.64,11.3,0.37,7.94,0.36,11.3,0.53,5.0,0.54,15.5,0.16,0.16,0.093029,1776209247000
1776209249.395,149.395,0.47,5.0,0.46,15.5,0.63,7.94,0.64,11.3,0.37,7.94,0.36,11.3,0.53,5.0,0.54,15.5,0.16,0.16,0.093029,1776209248000
1776209250.07,150.07,0.47,5.0,0.46,15.5,0.63,7.94,0.64,11.3,0.37,7.94,0.36,11.3,0.53,5.0,0.54,15.5,0.16,0.16,0.093029,1776209249000
1776209251.36,151.36,0.47,5.0,0.46,15.5,0.63,7.94,0.64,11.3,0.37,7.94,0.36,11.3,0.53,5.0,0.54,15.5,0.16,0.16,0.093029,1776209250000
1776209252.022,152.022,0.47,5.0,0.46,15.5,0.63,7.94,0.64,11.3,0.37,7.94,0.36,11.3,0.53,5.0,0.54,15.5,0.16,0.16,0.093029,1776209251000
1776209253.356,153.356,0.47,5.0,0.46,15.5,0.63,7.94,0.64,11.3,0.37,7.94,0.36,11.3,0.53,5.0,0.54,15.5,0.16,0.16,0.093031,1776209252000
1776209254.446,154.446,0.47,5.0,0.46,15.5,0.63,7.94,0.64,11.3,0.37,7.94,0.36,11.3,0.53,5.0,0.54,15.5,0.16,0.16,0.093031,1776209253000
1776209255.018,155.018,0.47,5.0,0.46,15.5,0.63,7.94,0.64,11.3,0.37,7.94,0.36,11.3,0.53,5.0,0.54,15.5,0.16,0.16,0.093031,1776209254000
1776209256.106,156.106,0.47,5.0,0.46,15.5,0.63,7.94,0.64,11.3,0.37,7.94,0.36,11.3,0.53,5.0,0.54,15.5,0.16,0.16,0.093028,1776209255000
1776209257.173,157.173,0.47,5.0,0.46,15.5,0.63,7.94,0.64,11.3,0.37,7.94,0.36,11.3,0.53,5.0,0.54,15.5,0.16,0.16,0.093028,1776209256000
1776209258.771,158.771,0.47,5.0,0.46,15.5,0.63,7.94,0.64,11.3,0.37,7.94,0.36,11.3,0.53,5.0,0.54,15.5,0.16,0.16,0.093036,1776209257000
1776209259.401,159.401,0.47,5.0,0.46,15.5,0.63,7.94,0.64,11.3,0.37,7.94,0.36,11.3,0.53,5.0,0.54,15.5,0.16,0.16,0.09304,1776209258000
1776209260.484,160.484,0.47,5.0,0.46,15.5,0.63,7.94,0.64,11.3,0.37,7.94,0.36,11.3,0.53,5.0,0.54,15.5,0.16,0.16,0.093039,1776209259000
1776209260.974,160.974,0.47,5.0,0.46,15.5,0.63,7.94,0.64,11.3,0.37,7.94,0.36,11.3,0.53,5.0,0.54,15.5,0.16,0.16,0.093039,1776209260000
1776209262.04,162.04,0.47,5.0,0.46,15.5,0.63,7.94,0.64,11.3,0.37,7.94,0.36,11.3,0.53,5.0,0.54,15.5,0.16,0.16,0.093039,1776209261000
1776209263.174,163.174,0.47,5.0,0.46,15.5,0.63,7.94,0.64,11.3,0.37,7.94,0.36,11.3,0.53,5.0,0.54,15.5,0.16,0.16,0.093038,1776209262000
1776209264.279,164.279,0.47,5.0,0.46,15.5,0.63,7.94,0.64,11.3,0.37,7.94,0.36,11.3,0.53,5.0,0.54,15.5,0.16,0.16,0.093039,1776209263000
1776209265.359,165.359,0.47,5.0,0.46,15.5,0.63,7.94,0.64,11.3,0.37,7.94,0.36,11.3,0.53,5.0,0.54,15.5,0.16,0.16,0.093039,1776209264000
1776209266.493,166.493,0.47,5.0,0.46,15.5,0.63,7.94,0.64,11.3,0.37,7.94,0.36,11.3,0.53,5.0,0.54,15.5,0.16,0.16,0.093037,1776209265000
1776209266.971,166.971,0.47,5.0,0.46,15.5,0.63,7.94,0.64,11.3,0.37,7.94,0.36,11.3,0.53,5.0,0.54,15.5,0.16,0.16,0.093036,1776209266000
1776209268.007,168.007,0.47,5.0,0.46,15.5,0.63,7.94,0.64,11.3,0.37,7.94,0.36,11.3,0.53,5.0,0.54,15.5,0.16,0.16,0.093036,1776209267000
1776209269.19,169.19,0.47,5.0,0.46,15.5,0.63,7.94,0.64,11.3,0.37,7.94,0.36,11.3,0.53,5.0,0.54,15.5,0.16,0.16,0.093036,1776209268000
1776209270.269,170.269,0.47,5.0,0.46,15.5,0.63,7.94,0.64,11.3,0.37,7.94,0.36,11.3,0.53,5.0,0.54,15.5,0.16,0.16,0.093034,1776209269000
1776209270.799,170.799,0.47,5.0,0.46,15.5,0.63,7.94,0.64,11.3,0.37,7.94,0.36,11.3,0.53,5.0,0.54,15.5,0.16,0.16,0.093034,1776209270000
1776209271.787,171.787,0.47,5.0,0.46,15.5,0.63,7.94,0.64,11.3,0.37,7.94,0.36,11.3,0.53,5.0,0.54,15.5,0.16,0.16,0.093032,1776209271000
1776209272.763,172.763,0.47,5.0,0.46,15.5,0.63,7.94,0.64,11.3,0.37,7.94,0.36,11.3,0.53,5.0,0.54,15.5,0.16,0.16,0.093021,1776209272000
1776209274.278,174.278,0.47,5.0,0.46,15.5,0.63,7.94,0.64,11.3,0.37,7.94,0.36,11.3,0.53,5.0,0.54,15.5,0.16,0.16,0.09302,1776209273000
1776209275.205,175.205,0.47,5.0,0.46,15.5,0.63,7.94,0.64,11.3,0.37,7.94,0.36,11.3,0.53,5.0,0.54,15.5,0.16,0.16,0.093019,1776209274000
1776209276.167,176.167,0.47,5.0,0.46,15.5,0.63,7.94,0.64,11.3,0.37,7.94,0.36,11.3,0.53,5.0,0.54,15.5,0.16,0.16,0.093019,1776209275000
1776209277.799,177.799,0.47,5.0,0.46,15.5,0.63,7.94,0.64,11.3,0.37,7.94,0.36,11.3,0.53,5.0,0.54,15.5,0.16,0.16,0.093019,1776209276000
1776209278.28,178.28,0.47,5.0,0.46,15.5,0.63,7.94,0.64,11.3,0.37,7.94,0.36,11.3,0.53,5.0,0.54,15.5,0.16,0.16,0.093021,1776209277000
1776209279.507,179.507,0.47,5.0,0.46,15.5,0.63,7.94,0.64,11.3,0.37,7.94,0.36,11.3,0.53,5.0,0.54,15.5,0.16,0.16,0.093021,1776209278000
1776209280.029,180.029,0.47,5.0,0.46,15.5,0.63,7.94,0.64,11.3,0.37,7.94,0.36,11.3,0.53,5.0,0.54,15.5,0.16,0.16,0.093023,1776209279000
1776209281.11,181.11,0.47,5.0,0.46,15.5,0.63,7.94,0.64,11.3,0.37,7.94,0.36,11.3,0.53,5.0,0.54,15.5,0.16,0.16,0.093023,1776209280000
1776209282.229,182.229,0.47,5.0,0.46,15.5,0.63,7.94,0.64,11.3,0.37,7.94,0.36,11.3,0.53,5.0,0.54,15.5,0.16,0.16,0.093022,1776209281000
1776209283.287,183.287,0.47,5.0,0.46,15.5,0.63,7.94,0.64,11.3,0.37,7.94,0.36,11.3,0.53,5.0,0.54,15.5,0.16,0.16,0.093022,1776209282000
1776209284.768,184.768,0.47,5.0,0.46,15.5,0.63,7.94,0.64,11.3,0.37,7.94,0.36,11.3,0.53,5.0,0.54,15.5,0.16,0.16,0.093022,1776209283000
1776209285.338,185.338,0.47,5.0,0.46,15.5,0.63,7.94,0.64,11.3,0.37,7.94,0.36,11.3,0.53,5.0,0.54,15.5,0.16,0.16,0.093022,1776209284000
1776209286.165,186.165,0.47,5.0,0.46,15.5,0.63,7.94,0.64,11.3,0.37,7.94,0.36,11.3,0.53,5.0,0.54,15.5,0.16,0.16,0.093022,1776209285000
1776209287.475,187.475,0.47,5.0,0.46,15.5,0.63,7.94,0.64,11.3,0.37,7.94,0.36,11.3,0.53,5.0,0.54,15.5,0.16,0.16,0.093023,1776209286000
1776209288.008,188.008,0.47,5.0,0.46,15.5,0.63,7.94,0.64,11.3,0.37,7.94,0.36,11.3,0.53,5.0,0.54,15.5,0.16,0.16,0.093023,1776209287000
1776209289.42,189.42,0.47,5.0,0.46,15.5,0.63,7.94,0.64,11.3,0.37,7.94,0.36,11.3,0.53,5.0,0.54,15.5,0.16,0.16,0.093024,1776209288000
1776209289.983,189.983,0.47,5.0,0.46,15.5,0.63,7.94,0.64,11.3,0.37,7.94,0.36,11.3,0.53,5.0,0.54,15.5,0.16,0.16,0.093028,1776209289000
1776209291.263,191.263,0.47,5.0,0.46,15.5,0.63,7.94,0.64,11.3,0.37,7.94,0.36,11.3,0.53,5.0,0.54,15.5,0.16,0.16,0.093027,1776209290000
1776209291.961,191.961,0.47,5.0,0.46,15.5,0.63,7.94,0.64,11.3,0.37,7.94,0.36,11.3,0.53,5.0,0.54,15.5,0.16,0.16,0.093023,1776209291000
1776209293.195,193.195,0.47,5.0,0.46,15.5,0.63,7.94,0.64,11.3,0.37,7.94,0.36,11.3,0.53,5.0,0.54,15.5,0.16,0.16,0.093023,1776209292000
1776209294.364,194.364,0.47,5.0,0.46,15.5,0.63,7.94,0.64,11.3,0.37,7.94,0.36,11.3,0.53,5.0,0.54,15.5,0.16,0.16,0.093023,1776209293000
1776209294.927,194.927,0.47,5.0,0.46,15.5,0.63,7.94,0.64,11.3,0.37,7.94,0.36,11.3,0.53,5.0,0.54,15.5,0.16,0.16,0.093023,1776209294000
1776209296.292,196.292,0.47,5.0,0.46,15.5,0.63,7.94,0.64,11.3,0.37,7.94,0.36,11.3,0.53,5.0,0.54,15.5,0.16,0.16,0.093023,1776209295000
1776209297.002,197.002,0.47,5.0,0.46,15.5,0.63,7.94,0.64,11.3,0.37,7.94,0.36,11.3,0.53,5.0,0.54,15.5,0.16,0.16,0.093023,1776209296000
1776209298.258,198.258,0.47,5.0,0.46,15.5,0.63,7.94,0.64,11.3,0.37,7.94,0.36,11.3,0.53,5.0,0.54,15.5,0.16,0.16,0.093025,1776209297000
1776209300.137,200.137,0.47,5.0,0.46,15.5,0.63,7.94,0.64,11.3,0.37,7.94,0.36,11.3,0.53,5.0,0.54,15.5,0.16,0.16,0.093026,1776209299000
1776209301.112,201.112,0.47,5.0,0.46,15.5,0.63,7.94,0.64,11.3,0.37,7.94,0.36,11.3,0.53,5.0,0.54,15.5,0.16,0.16,0.093028,1776209300000
1776209302.174,202.174,0.47,5.0,0.46,15.5,0.63,7.94,0.64,11.3,0.37,7.94,0.36,11.3,0.53,5.0,0.54,15.5,0.16,0.16,0.093041,1776209301000
1776209303.235,203.235,0.47,5.0,0.46,15.5,0.63,7.94,0.64,11.3,0.37,7.94,0.36,11.3,0.53,5.0,0.54,15.5,0.16,0.16,0.093043,1776209302000
1776209304.265,204.265,0.47,5.0,0.46,15.5,0.63,7.94,0.64,11.3,0.37,7.94,0.36,11.3,0.53,5.0,0.54,15.5,0.16,0.16,0.093044,1776209303000
1776209305.216,205.216,0.47,5.0,0.46,15.5,0.63,7.94,0.64,11.3,0.37,7.94,0.36,11.3,0.53,5.0,0.54,15.5,0.16,0.16,0.093046,1776209304000
1776209306.339,206.339,0.47,5.0,0.46,15.5,0.63,7.94,0.64,11.3,0.37,7.94,0.36,11.3,0.53,5.0,0.54,15.5,0.16,0.16,0.093046,1776209305000
1776209307.366,207.366,0.47,5.0,0.46,15.5,0.63,7.94,0.64,11.3,0.37,7.94,0.36,11.3,0.53,5.0,0.54,15.5,0.16,0.16,0.093051,1776209306000
1776209307.843,207.843,0.47,5.0,0.46,15.5,0.63,7.94,0.64,11.3,0.37,7.94,0.36,11.3,0.53,5.0,0.54,15.5,0.16,0.16,0.093051,1776209307000
1776209308.856,208.856,0.47,5.0,0.46,15.5,0.63,7.94,0.64,11.3,0.37,7.94,0.36,11.3,0.53,5.0,0.54,15.5,0.16,0.16,0.093056,1776209308000
1776209309.849,209.849,0.47,5.0,0.46,15.5,0.63,7.94,0.64,11.3,0.37,7.94,0.36,11.3,0.53,5.0,0.54,15.5,0.16,0.16,0.093056,1776209309000
1776209310.862,210.862,0.47,5.0,0.46,15.5,0.63,7.94,0.64,11.3,0.37,7.94,0.36,11.3,0.53,5.0,0.54,15.5,0.16,0.16,0.093056,1776209310000
1776209311.981,211.981,0.75,13.9,0.74,13.5,0.77,5.0,0.87,23.0,0.37,7.94,0.36,11.3,0.53,5.0,0.54,15.5,0.02,0.16,0.093056,1776209310000
1776209312.653,212.653,0.76,14.3,0.75,13.9,0.87,23.0,0.88,44.6,0.23,5.0,0.13,23.0,0.25,13.9,0.26,13.5,0.11,0.02,0.093056,1776209311000
1776209313.407,213.407,0.76,14.3,0.75,13.9,0.87,23.0,0.88,44.6,0.13,23.0,0.12,44.6,0.24,14.3,0.25,13.9,0.11,0.11,0.093055,1776209312000
1776209313.867,213.867,0.76,14.3,0.75,13.9,0.87,23.0,0.88,44.6,0.13,23.0,0.12,44.6,0.24,14.3,0.25,13.9,0.11,0.11,0.093052,1776209313000
1776209314.859,214.859,0.76,14.3,0.75,13.9,0.87,23.0,0.88,44.6,0.13,23.0,0.12,44.6,0.24,14.3,0.25,13.9,0.11,0.11,0.093053,1776209314000
1776209316.274,216.274,0.76,14.3,0.75,13.9,0.87,23.0,0.88,44.6,0.13,23.0,0.12,44.6,0.24,14.3,0.25,13.9,0.11,0.11,0.093053,1776209315000
1776209317.184,217.184,0.76,4.3,0.75,13.9,0.87,23.0,0.88,24.6,0.13,23.0,0.12,44.6,0.24,14.3,0.25,13.9,0.11,0.11,0.093053,1776209315000
1776209318.215,218.215,0.76,4.3,0.75,13.9,0.87,23.0,0.88,24.6,0.13,23.0,0.12,24.6,0.24,4.3,0.25,13.9,0.11,0.11,0.093053,1776209317000
1776209319.14,219.14,0.76,4.3,0.75,13.9,0.87,23.0,0.88,24.6,0.13,23.0,0.12,24.6,0.24,4.3,0.25,13.9,0.11,0.11,0.093053,1776209318000
1776209320.173,220.173,0.76,4.3,0.75,13.9,0.87,23.0,0.88,24.6,0.13,23.0,0.12,24.6,0.24,4.3,0.25,13.9,0.11,0.11,0.093053,1776209319000
1776209321.076,221.076,0.76,4.3,0.75,13.9,0.87,23.0,0.88,24.6,0.13,23.0,0.12,24.6,0.24,4.3,0.25,13.9,0.11,0.11,0.093053,1776209320000
1776209322.149,222.149,0.76,4.3,0.75,13.9,0.87,23.0,0.88,24.6,0.13,23.0,0.12,24.6,0.24,4.3,0.25,13.9,0.11,0.11,0.093053,1776209321000
1776209323.222,223.222,0.76,4.3,0.75,13.9,0.87,23.0,0.88,24.6,0.13,23.0,0.12,24.6,0.24,4.3,0.25,13.9,0.11,0.11,0.093053,1776209322000
1776209324.24,224.24,0.76,4.3,0.75,13.9,0.87,23.0,0.88,24.6,0.13,23.0,0.12,24.6,0.24,4.3,0.25,13.9,0.11,0.11,0.093053,1776209323000
1776209325.27,225.27,0.76,4.3,0.75,13.9,0.87,23.0,0.88,24.6,0.13,23.0,0.12,24.6,0.24,4.3,0.25,13.9,0.11,0.11,0.093053,1776209324000
1776209326.174,226.174,0.76,4.3,0.75,13.9,0.87,23.0,0.88,24.6,0.13,23.0,0.12,24.6,0.24,4.3,0.25,13.9,0.11,0.11,0.093053,1776209325000
1776209327.165,227.165,0.76,4.3,0.75,13.9,0.87,23.0,0.88,24.6,0.13,23.0,0.12,24.6,0.24,4.3,0.25,13.9,0.11,0.11,0.093053,1776209326000
1776209328.13,228.13,0.76,4.3,0.75,13.9,0.87,23.0,0.88,24.6,0.13,23.0,0.12,24.6,0.24,4.3,0.25,13.9,0.11,0.11,0.093053,1776209327000
1776209329.115,229.115,0.76,4.3,0.75,13.9,0.87,23.0,0.88,24.6,0.13,23.0,0.12,24.6,0.24,4.3,0.25,13.9,0.11,0.11,0.093052,1776209328000
1776209330.056,230.056,0.76,4.3,0.75,13.9,0.87,23.0,0.88,24.6,0.13,23.0,0.12,24.6,0.24,4.3,0.25,13.9,0.11,0.11,0.093052,1776209329000
1776209331.003,231.003,0.76,4.3,0.75,13.9,0.87,23.0,0.88,24.6,0.13,23.0,0.12,24.6,0.24,4.3,0.25,13.9,0.11,0.11,0.093052,1776209330000
1776209332.055,232.055,0.76,4.3,0.75,13.9,0.87,23.0,0.88,24.6,0.13,23.0,0.12,24.6,0.24,4.3,0.25,13.9,0.11,0.11,0.093052,1776209331000
1776209333.04,233.04,0.76,4.3,0.75,13.9,0.87,23.0,0.88,24.6,0.13,23.0,0.12,24.6,0.24,4.3,0.25,13.9,0.11,0.11,0.093054,1776209332000
1776209334.027,234.027,0.76,4.3,0.75,13.9,0.87,23.0,0.88,24.6,0.13,23.0,0.12,24.6,0.24,4.3,0.25,13.9,0.11,0.11,0.093056,1776209333000
1776209334.947,234.947,0.76,4.3,0.75,13.9,0.87,23.0,0.88,24.6,0.13,23.0,0.12,24.6,0.24,4.3,0.25,13.9,0.11,0.11,0.093068,1776209334000
1776209335.905,235.905,0.76,4.3,0.75,13.9,0.87,23.0,0.88,24.6,0.13,23.0,0.12,24.6,0.24,4.3,0.25,13.9,0.11,0.11,0.093069,1776209335000
1776209336.878,236.878,0.76,4.3,0.75,13.9,0.87,23.0,0.88,24.6,0.13,23.0,0.12,24.6,0.24,4.3,0.25,13.9,0.11,0.11,0.093069,1776209336000
1776209337.853,237.853,0.76,4.3,0.75,13.9,0.87,23.0,0.88,24.6,0.13,23.0,0.12,24.6,0.24,4.3,0.25,13.9,0.11,0.11,0.093068,1776209337000
1776209339.75,239.75,0.76,4.3,0.75,13.9,0.87,23.0,0.88,24.6,0.13,23.0,0.12,24.6,0.24,4.3,0.25,13.9,0.11,0.11,0.093068,1776209338000
1776209340.321,240.321,0.76,4.3,0.75,13.9,0.87,23.0,0.88,24.6,0.13,23.0,0.12,24.6,0.24,4.3,0.25,13.9,0.11,0.11,0.093072,1776209339000
1776209341.52,241.52,0.76,4.3,0.75,13.9,0.87,23.0,0.88,24.6,0.13,23.0,0.12,24.6,0.24,4.3,0.25,13.9,0.11,0.11,0.093078,1776209340000
1776209341.995,241.995,0.91,31.7,0.9,28.9,0.97,84.14,0.98,147.69,0.13,23.0,0.12,24.6,0.24,4.3,0.25,13.9,0.06,0.11,0.093078,1776209340000
1776209343.822,243.822,0.91,31.7,0.9,28.9,0.97,84.14,0.98,147.69,0.03,84.14,0.02,147.69,0.09,31.7,0.1,28.9,0.06,0.06,0.093082,1776209342000
1776209344.575,244.575,0.91,31.7,0.9,28.9,0.97,84.14,0.98,147.69,0.03,84.14,0.02,147.69,0.09,31.7,0.1,28.9,0.06,0.06,0.093082,1776209343000
1776209345.25,245.25,0.91,31.7,0.9,28.9,0.97,84.14,0.98,147.69,0.03,84.14,0.02,147.69,0.09,31.7,0.1,28.9,0.06,0.06,0.093082,1776209344000
1776209345.856,245.856,0.88,24.6,0.87,23.0,0.94,43.97,0.95,54.7,0.03,84.14,0.02,147.69,0.09,31.7,0.1,28.9,0.06,0.06,0.093082,1776209344000
1776209346.674,246.674,0.88,24.6,0.87,23.0,0.94,43.97,0.95,54.7,0.06,43.97,0.05,54.7,0.12,24.6,0.13,23.0,0.06,0.06,0.093074,1776209345000
1776209347.5,247.5,0.88,24.6,0.87,23.0,0.94,43.97,0.95,54.7,0.06,43.97,0.05,54.7,0.12,24.6,0.13,23.0,0.06,0.06,0.093074,1776209346000
1776209348.219,248.219,0.88,24.6,0.87,23.0,0.94,43.97,0.95,54.7,0.06,43.97,0.05,54.7,0.12,24.6,0.13,23.0,0.06,0.06,0.093075,1776209347000
1776209349.741,249.741,0.88,24.6,0.87,23.0,0.94,43.97,0.95,54.7,0.06,43.97,0.05,54.7,0.12,24.6,0.13,23.0,0.06,0.06,0.093075,1776209348000
1776209350.348,250.348,0.88,24.6,0.87,23.0,0.94,43.97,0.95,54.7,0.06,43.97,0.05,54.7,0.12,24.6,0.13,23.0,0.06,0.06,0.093074,1776209349000
1776209351.009,251.009,0.88,24.6,0.87,23.0,0.94,43.97,0.95,54.7,0.06,43.97,0.05,54.7,0.12,24.6,0.13,23.0,0.06,0.06,0.093074,1776209350000
1776209352.593,252.593,0.88,24.6,0.87,23.0,0.94,43.97,0.95,54.7,0.06,43.97,0.05,54.7,0.12,24.6,0.13,23.0,0.06,0.06,0.093073,1776209351000
1776209353.3,253.3,0.88,24.6,0.87,23.0,0.94,43.97,0.95,54.7,0.06,43.97,0.05,54.7,0.12,24.6,0.13,23.0,0.06,0.06,0.093073,1776209352000
1776209353.984,253.984,0.88,24.6,0.87,23.0,0.94,43.97,0.95,54.7,0.06,43.97,0.05,54.7,0.12,24.6,0.13,23.0,0.06,0.06,0.093073,1776209353000
1776209355.312,255.312,0.88,24.6,0.87,23.0,0.94,43.97,0.95,54.7,0.06,43.97,0.05,54.7,0.12,24.6,0.13,23.0,0.06,0.06,0.093073,1776209354000
1776209356.052,256.052,0.88,24.6,0.87,23.0,0.94,43.97,0.95,54.7,0.06,43.97,0.05,54.7,0.12,24.6,0.13,23.0,0.06,0.06,0.093073,1776209355000
1776209357.934,257.934,0.88,24.6,0.87,23.0,0.94,43.97,0.95,54.7,0.06,43.97,0.05,54.7,0.12,24.6,0.13,23.0,0.06,0.06,0.093073,1776209356000
1776209358.486,258.486,0.88,24.6,0.87,23.0,0.94,43.97,0.95,54.7,0.06,43.97,0.05,54.7,0.12,24.6,0.13,23.0,0.06,0.06,0.093073,1776209357000
1776209359.097,259.097,0.88,24.6,0.87,23.0,0.94,43.97,0.95,54.7,0.06,43.97,0.05,54.7,0.12,24.6,0.13,23.0,0.06,0.06,0.093073,1776209358000
1776209360.194,260.194,0.88,24.6,0.87,23.0,0.94,43.97,0.95,54.7,0.06,43.97,0.05,54.7,0.12,24.6,0.13,23.0,0.06,0.06,0.093073,1776209359000
1776209361.25,261.25,0.88,24.6,0.87,23.0,0.94,43.97,0.95,54.7,0.06,43.97,0.05,54.7,0.12,24.6,0.13,23.0,0.06,0.06,0.093073,1776209360000
1776209362.271,262.271,0.88,24.6,0.87,23.0,0.94,43.97,0.95,54.7,0.06,43.97,0.05,54.7,0.12,24.6,0.13,23.0,0.06,0.06,0.093073,1776209361000
1776209362.864,262.864,0.88,24.6,0.87,23.0,0.94,43.97,0.95,54.7,0.06,43.97,0.05,54.7,0.12,24.6,0.13,23.0,0.06,0.06,0.093073,1776209362000
1776209363.902,263.902,0.88,24.6,0.87,23.0,0.94,43.97,0.95,54.7,0.06,43.97,0.05,54.7,0.12,24.6,0.13,23.0,0.06,0.06,0.09307,1776209363000
1776209365.06,265.06,0.88,24.6,0.87,23.0,0.94,43.97,0.95,54.7,0.06,43.97,0.05,54.7,0.12,24.6,0.13,23.0,0.06,0.06,0.093068,1776209364000
1776209366.113,266.113,0.88,24.6,0.87,23.0,0.94,43.97,0.95,54.7,0.06,43.97,0.05,54.7,0.12,24.6,0.13,23.0,0.06,0.06,0.093068,1776209365000
1776209367.205,267.205,0.88,24.6,0.87,23.0,0.94,43.97,0.95,54.7,0.06,43.97,0.05,54.7,0.12,24.6,0.13,23.0,0.06,0.06,0.093068,1776209366000
1776209368.334,268.334,0.88,24.6,0.87,23.0,0.94,43.97,0.95,54.7,0.06,43.97,0.05,54.7,0.12,24.6,0.13,23.0,0.06,0.06,0.093068,1776209367000
1776209368.921,268.921,0.88,24.6,0.87,23.0,0.94,43.97,0.95,54.7,0.06,43.97,0.05,54.7,0.12,24.6,0.13,23.0,0.06,0.06,0.093068,1776209368000
1776209370.143,270.143,0.88,24.6,0.87,23.0,0.94,43.97,0.95,54.7,0.06,43.97,0.05,54.7,0.12,24.6,0.13,23.0,0.06,0.06,0.093068,1776209369000
1776209371.199,271.199,0.88,24.6,0.87,23.0,0.94,43.97,0.95,54.7,0.06,43.97,0.05,54.7,0.12,24.6,0.13,23.0,0.06,0.06,0.093068,1776209370000
1776209372.438,272.438,0.88,24.6,0.87,23.0,0.94,43.97,0.95,54.7,0.06,43.97,0.05,54.7,0.12,24.6,0.13,23.0,0.06,0.06,0.093066,1776209371000
1776209373.062,273.062,0.88,24.6,0.87,23.0,0.94,43.97,0.95,54.7,0.06,43.97,0.05,54.7,0.12,24.6,0.13,23.0,0.06,0.06,0.093066,1776209372000
1776209374.324,274.324,0.88,24.6,0.87,23.0,0.94,43.97,0.95,54.7,0.06,43.97,0.05,54.7,0.12,24.6,0.13,23.0,0.06,0.06,0.093066,1776209373000
1776209374.871,274.871,0.88,24.6,0.87,23.0,0.94,43.97,0.95,54.7,0.06,43.97,0.05,54.7,0.12,24.6,0.13,23.0,0.06,0.06,0.093066,1776209374000
1776209376.204,276.204,0.88,24.6,0.87,23.0,0.94,43.97,0.95,54.7,0.06,43.97,0.05,54.7,0.12,24.6,0.13,23.0,0.06,0.06,0.093067,1776209375000
1776209377.686,277.686,0.88,24.6,0.87,23.0,0.94,43.97,0.95,54.7,0.06,43.97,0.05,54.7,0.12,24.6,0.13,23.0,0.06,0.06,0.093067,1776209376000
1776209378.285,278.285,0.88,24.6,0.87,23.0,0.94,43.97,0.95,54.7,0.06,43.97,0.05,54.7,0.12,24.6,0.13,23.0,0.06,0.06,0.093067,1776209377000
1776209379.416,279.416,0.88,24.6,0.87,23.0,0.94,43.97,0.95,54.7,0.06,43.97,0.05,54.7,0.12,24.6,0.13,23.0,0.06,0.06,0.093067,1776209378000
1776209380.029,280.029,0.88,24.6,0.87,23.0,0.94,43.97,0.95,54.7,0.06,43.97,0.05,54.7,0.12,24.6,0.13,23.0,0.06,0.06,0.093068,1776209379000
1776209381.447,281.447,0.88,24.6,0.87,23.0,0.94,43.97,0.95,54.7,0.06,43.97,0.05,54.7,0.12,24.6,0.13,23.0,0.06,0.06,0.093073,1776209380000
1776209382.073,282.073,0.88,24.6,0.87,23.0,0.94,43.97,0.95,54.7,0.06,43.97,0.05,54.7,0.12,24.6,0.13,23.0,0.06,0.06,0.093074,1776209381000
1776209383.332,283.332,0.88,24.6,0.87,23.0,0.94,43.97,0.95,54.7,0.06,43.97,0.05,54.7,0.12,24.6,0.13,23.0,0.06,0.06,0.093073,1776209382000
1776209383.606,283.606,0.82,35.0,0.81,50.0,0.99,195.0,,,0.06,43.97,0.05,54.7,0.12,24.6,0.13,23.0,0.17,0.06,0.093073,1776209382000
1776209384.176,284.176,0.82,35.0,0.81,50.0,0.99,195.0,,,0.01,195.0,,,0.18,35.0,0.19,50.0,0.17,0.17,0.093073,1776209383000
1776209385.418,285.418,0.82,35.0,0.81,50.0,0.99,195.0,,,0.01,195.0,,,0.18,35.0,0.19,50.0,0.17,0.17,0.093074,1776209384000
1776209386.113,286.113,0.82,35.0,0.81,50.0,0.99,195.0,,,0.01,195.0,,,0.18,35.0,0.19,50.0,0.17,0.17,0.093074,1776209385000
1776209387.439,287.439,0.82,35.0,0.81,50.0,0.99,195.0,,,0.01,195.0,,,0.18,35.0,0.19,50.0,0.17,0.17,0.093081,1776209386000
1776209388.111,288.111,0.82,35.0,0.81,50.0,0.99,195.0,,,0.01,195.0,,,0.18,35.0,0.19,50.0,0.17,0.17,0.093082,1776209387000
1776209390.114,290.114,0.82,35.0,0.81,50.0,0.99,195.0,,,0.01,195.0,,,0.18,35.0,0.19,50.0,0.17,0.17,0.093084,1776209388000
1776209390.585,290.585,0.82,35.0,0.81,50.0,0.99,195.0,,,0.01,195.0,,,0.18,35.0,0.19,50.0,0.17,0.17,0.093085,1776209389000
1776209391.247,291.247,0.82,35.0,0.81,50.0,0.99,195.0,,,0.01,195.0,,,0.18,35.0,0.19,50.0,0.17,0.17,0.093087,1776209390000
1776209391.7,291.7,0.99,805.0,0.82,7.0,,,,,0.01,195.0,,,0.18,35.0,0.19,50.0,,0.17,0.093087,1776209390000
1776209392.184,292.184,0.99,805.0,0.82,7.0,,,,,,,,,0.01,805.0,0.18,7.0,,,0.093087,1776209391000
1776209393.281,293.281,0.99,805.0,0.82,7.0,,,,,,,,,0.01,805.0,0.18,7.0,,,0.093087,1776209392000
1776209393.912,293.912,0.99,805.0,0.82,7.0,,,,,,,,,0.01,805.0,0.18,7.0,,,0.093087,1776209393000
1776209395.047,295.047,0.99,805.0,0.82,7.0,,,,,,,,,0.01,805.0,0.18,7.0,,,0.093089,1776209394000
1776209396.094,296.094,0.99,805.0,0.82,7.0,,,,,,,,,0.01,805.0,0.18,7.0,,,0.093089,1776209395000
1776209397.097,297.097,0.99,805.0,0.82,7.0,,,,,,,,,0.01,805.0,0.18,7.0,,,0.093089,1776209396000
1776209398.315,298.315,0.99,805.0,0.82,7.0,,,,,,,,,0.01,805.0,0.18,7.0,,,0.09309,1776209397000
1776209398.911,298.911,0.99,805.0,0.82,7.0,,,,,,,,,0.01,805.0,0.18,7.0,,,0.093093,1776209398000
1776209400.07,300.07,0.99,805.0,0.82,7.0,,,,,,,,,0.01,805.0,0.18,7.0,,,0.093093,1776209399000

# RESULT,winner=Up,slug=doge-updown-5m-1776209100,ticks=318
