timestamp,elapsed_sec,up_bid_p1,up_bid_s1,up_bid_p2,up_bid_s2,up_ask_p1,up_ask_s1,up_ask_p2,up_ask_s2,down_bid_p1,down_bid_s1,down_bid_p2,down_bid_s2,down_ask_p1,down_ask_s1,down_ask_p2,down_ask_s2,up_spread,down_spread,doge_price,doge_oracle_ts
1776227701.783,1.783,0.33,300.0,0.31,375.0,0.67,300.0,0.69,375.0,0.41,5.0,0.33,300.0,0.59,5.0,0.67,300.0,0.34,0.18,0.093265,1776227699000
1776227702.072,2.072,0.33,300.0,0.31,375.0,0.67,300.0,0.69,375.0,0.41,5.0,0.33,300.0,0.59,5.0,0.67,300.0,0.34,0.18,0.093265,1776227699000
1776227703.366,3.366,0.33,300.0,0.31,375.0,0.67,300.0,0.69,375.0,0.41,5.0,0.33,300.0,0.59,5.0,0.67,300.0,0.34,0.18,0.09327,1776227702000
1776227704.391,4.391,0.33,300.0,0.31,375.0,0.67,300.0,0.69,375.0,0.41,5.0,0.33,300.0,0.59,5.0,0.67,300.0,0.34,0.18,0.093277,1776227703000
1776227704.882,4.882,0.33,300.0,0.31,375.0,0.67,300.0,0.69,375.0,0.41,5.0,0.33,300.0,0.59,5.0,0.67,300.0,0.34,0.18,0.093277,1776227704000
1776227706.008,6.008,0.33,300.0,0.31,375.0,0.67,300.0,0.69,375.0,0.41,5.0,0.33,300.0,0.59,5.0,0.67,300.0,0.34,0.18,0.093277,1776227705000
1776227707.091,7.091,0.33,300.0,0.31,375.0,0.67,300.0,0.69,375.0,0.41,5.0,0.33,300.0,0.59,5.0,0.67,300.0,0.34,0.18,0.093277,1776227706000
1776227708.142,8.142,0.33,300.0,0.31,375.0,0.67,300.0,0.69,375.0,0.41,5.0,0.33,300.0,0.59,5.0,0.67,300.0,0.34,0.18,0.093277,1776227707000
1776227709.239,9.239,0.33,300.0,0.31,375.0,0.67,300.0,0.69,375.0,0.41,5.0,0.33,300.0,0.59,5.0,0.67,300.0,0.34,0.18,0.093277,1776227708000
1776227710.28,10.28,0.33,300.0,0.31,375.0,0.67,300.0,0.69,375.0,0.41,5.0,0.33,300.0,0.59,5.0,0.67,300.0,0.34,0.18,0.093277,1776227709000
1776227710.521,10.521,0.71,10.6,0.62,5.0,0.72,12.0,0.75,13.0,0.41,5.0,0.33,300.0,0.59,5.0,0.67,300.0,0.01,0.18,0.093277,1776227709000
1776227710.909,10.909,0.71,10.6,0.69,15.0,0.79,723.32,0.81,50.0,0.21,725.0,0.17,900.0,0.29,60.6,0.31,15.0,0.08,0.08,0.093277,1776227709000
1776227711.124,11.124,0.71,24.6,0.69,15.0,0.81,50.0,0.89,100.0,0.21,723.32,0.19,50.0,0.29,10.6,0.31,15.0,0.1,0.08,0.093277,1776227709000
1776227711.828,11.828,0.69,15.0,0.63,5.0,0.71,16.0,0.81,50.0,0.19,50.0,0.11,100.0,0.29,24.6,0.31,15.0,0.02,0.1,0.093288,1776227710000
1776227712.25,12.25,0.8,10.0,0.69,15.0,0.81,37.28,0.89,100.0,0.19,41.0,0.11,100.0,0.2,5.0,0.31,15.0,0.01,0.01,0.093288,1776227710000
1776227712.94,12.94,0.8,10.0,0.69,15.0,0.81,37.28,0.89,100.0,0.19,37.28,0.11,100.0,0.2,10.0,0.31,15.0,0.01,0.01,0.093418,1776227712000
1776227713.245,13.245,0.72,10.0,0.71,10.0,0.8,15.0,0.81,37.28,0.19,37.28,0.11,100.0,0.2,10.0,0.31,15.0,0.08,0.01,0.093418,1776227712000
1776227713.657,13.657,0.69,26.0,0.68,10.0,0.81,32.28,0.89,105.0,0.2,15.0,0.19,37.28,0.28,10.0,0.29,10.0,0.12,0.08,0.093418,1776227712000
1776227713.972,13.972,0.69,26.0,0.66,10.0,0.81,27.28,0.89,115.0,0.19,32.28,0.11,105.0,0.31,26.0,0.32,10.0,0.12,0.12,0.093418,1776227712000
1776227715.832,15.832,0.69,26.0,0.66,10.0,0.81,27.28,0.89,115.0,0.19,27.28,0.11,115.0,0.31,26.0,0.34,10.0,0.12,0.12,0.093363,1776227714000
1776227716.344,16.344,0.69,26.0,0.66,10.0,0.81,27.28,0.89,115.0,0.19,27.28,0.11,115.0,0.31,26.0,0.34,10.0,0.12,0.12,0.093351,1776227715000
1776227717.413,17.413,0.69,26.0,0.66,10.0,0.81,27.28,0.89,115.0,0.19,27.28,0.11,115.0,0.31,26.0,0.34,10.0,0.12,0.12,0.093366,1776227716000
1776227717.844,17.844,0.69,26.0,0.66,18.0,0.71,40.0,0.81,27.28,0.29,40.0,0.19,27.28,0.31,26.0,0.34,18.0,0.02,0.02,0.093379,1776227717000
1776227718.442,18.442,0.69,21.0,0.68,10.0,0.84,20.0,0.87,5.0,0.29,40.0,0.19,27.28,0.31,26.0,0.34,18.0,0.15,0.02,0.093379,1776227717000
1776227719.349,19.349,0.69,21.0,0.68,10.0,0.84,20.0,0.87,5.0,0.16,20.0,0.13,5.0,0.31,21.0,0.32,10.0,0.15,0.15,0.09335,1776227718000
1776227720.43,20.43,0.69,21.0,0.68,10.0,0.84,20.0,0.87,5.0,0.16,20.0,0.13,5.0,0.31,21.0,0.32,10.0,0.15,0.15,0.09334,1776227719000
1776227721.029,21.029,0.69,21.0,0.68,10.0,0.84,20.0,0.87,5.0,0.16,20.0,0.13,5.0,0.31,21.0,0.32,10.0,0.15,0.15,0.093344,1776227720000
1776227721.831,21.831,0.69,21.0,0.68,10.0,0.84,20.0,0.87,5.0,0.16,20.0,0.13,5.0,0.31,21.0,0.32,10.0,0.15,0.15,0.09334,1776227721000
1776227722.798,22.798,0.69,21.0,0.68,10.0,0.84,20.0,0.87,5.0,0.16,20.0,0.13,5.0,0.31,21.0,0.32,10.0,0.15,0.15,0.093339,1776227722000
1776227723.801,23.801,0.69,21.0,0.68,10.0,0.84,20.0,0.87,5.0,0.16,20.0,0.13,5.0,0.31,21.0,0.32,10.0,0.15,0.15,0.093331,1776227723000
1776227724.852,24.852,0.69,21.0,0.68,10.0,0.84,20.0,0.87,5.0,0.16,20.0,0.13,5.0,0.31,21.0,0.32,10.0,0.15,0.15,0.093326,1776227724000
1776227725.962,25.962,0.69,21.0,0.68,10.0,0.84,20.0,0.87,5.0,0.16,20.0,0.13,5.0,0.31,21.0,0.32,10.0,0.15,0.15,0.093323,1776227725000
1776227727.048,27.048,0.69,21.0,0.68,10.0,0.84,20.0,0.87,5.0,0.16,20.0,0.13,5.0,0.31,21.0,0.32,10.0,0.15,0.15,0.093331,1776227726000
1776227727.975,27.975,0.69,21.0,0.68,10.0,0.84,20.0,0.87,5.0,0.16,20.0,0.13,5.0,0.31,21.0,0.32,10.0,0.15,0.15,0.093331,1776227727000
1776227729.447,29.447,0.69,21.0,0.68,10.0,0.84,20.0,0.87,5.0,0.16,20.0,0.13,5.0,0.31,21.0,0.32,10.0,0.15,0.15,0.093332,1776227728000
1776227730.001,30.001,0.69,21.0,0.68,10.0,0.84,20.0,0.87,5.0,0.16,20.0,0.13,5.0,0.31,21.0,0.32,10.0,0.15,0.15,0.093332,1776227729000
1776227731.712,31.712,0.69,21.0,0.68,10.0,0.84,20.0,0.87,5.0,0.16,20.0,0.13,5.0,0.31,21.0,0.32,10.0,0.15,0.15,0.093327,1776227730000
1776227732.175,32.175,0.69,21.0,0.68,10.0,0.84,20.0,0.87,5.0,0.16,20.0,0.13,5.0,0.31,21.0,0.32,10.0,0.15,0.15,0.093327,1776227731000
1776227733.472,33.472,0.69,21.0,0.68,10.0,0.84,20.0,0.87,5.0,0.16,20.0,0.13,5.0,0.31,21.0,0.32,10.0,0.15,0.15,0.093314,1776227732000
1776227734.204,34.204,0.69,21.0,0.68,10.0,0.84,20.0,0.87,5.0,0.16,20.0,0.13,5.0,0.31,21.0,0.32,10.0,0.15,0.15,0.093309,1776227733000
1776227735.54,35.54,0.69,21.0,0.68,10.0,0.84,20.0,0.87,5.0,0.16,20.0,0.13,5.0,0.31,21.0,0.32,10.0,0.15,0.15,0.093309,1776227734000
1776227736.186,36.186,0.69,21.0,0.68,10.0,0.84,20.0,0.87,5.0,0.16,20.0,0.13,5.0,0.31,21.0,0.32,10.0,0.15,0.15,0.093309,1776227735000
1776227737.994,37.994,0.69,21.0,0.68,10.0,0.84,20.0,0.87,5.0,0.16,20.0,0.13,5.0,0.31,21.0,0.32,10.0,0.15,0.15,0.093321,1776227737000
1776227739.266,39.266,0.69,21.0,0.68,10.0,0.84,20.0,0.87,5.0,0.16,20.0,0.13,5.0,0.31,21.0,0.32,10.0,0.15,0.15,0.093321,1776227738000
1776227740.829,40.829,0.69,21.0,0.68,10.0,0.84,20.0,0.87,5.0,0.16,20.0,0.13,5.0,0.31,21.0,0.32,10.0,0.15,0.15,0.093322,1776227739000
1776227741.475,41.475,0.69,21.0,0.68,10.0,0.84,20.0,0.87,5.0,0.16,20.0,0.13,5.0,0.31,21.0,0.32,10.0,0.15,0.15,0.093323,1776227740000
1776227741.956,41.956,0.69,21.0,0.68,10.0,0.84,20.0,0.87,5.0,0.16,20.0,0.13,5.0,0.31,21.0,0.32,10.0,0.15,0.15,0.093319,1776227741000
1776227743.004,43.004,0.69,21.0,0.68,10.0,0.84,20.0,0.87,5.0,0.16,20.0,0.13,5.0,0.31,21.0,0.32,10.0,0.15,0.15,0.093317,1776227742000
1776227744.244,44.244,0.69,21.0,0.68,10.0,0.84,20.0,0.87,5.0,0.16,20.0,0.13,5.0,0.31,21.0,0.32,10.0,0.15,0.15,0.093317,1776227743000
1776227745.369,45.369,0.69,21.0,0.68,10.0,0.84,20.0,0.87,5.0,0.16,20.0,0.13,5.0,0.31,21.0,0.32,10.0,0.15,0.15,0.093317,1776227744000
1776227746.189,46.189,0.69,21.0,0.68,10.0,0.84,20.0,0.87,5.0,0.16,20.0,0.13,5.0,0.31,21.0,0.32,10.0,0.15,0.15,0.093318,1776227745000
1776227747.322,47.322,0.69,21.0,0.68,10.0,0.84,20.0,0.87,5.0,0.16,20.0,0.13,5.0,0.31,21.0,0.32,10.0,0.15,0.15,0.093315,1776227746000
1776227747.857,47.857,0.69,21.0,0.68,10.0,0.84,20.0,0.87,5.0,0.16,20.0,0.13,5.0,0.31,21.0,0.32,10.0,0.15,0.15,0.093315,1776227747000
1776227748.821,48.821,0.69,21.0,0.68,10.0,0.84,20.0,0.87,5.0,0.16,20.0,0.13,5.0,0.31,21.0,0.32,10.0,0.15,0.15,0.093316,1776227748000
1776227749.812,49.812,0.69,21.0,0.68,10.0,0.84,20.0,0.87,5.0,0.16,20.0,0.13,5.0,0.31,21.0,0.32,10.0,0.15,0.15,0.093316,1776227749000
1776227751.36,51.36,0.69,21.0,0.68,10.0,0.84,20.0,0.87,5.0,0.16,20.0,0.13,5.0,0.31,21.0,0.32,10.0,0.15,0.15,0.09332,1776227750000
1776227752.008,52.008,0.69,21.0,0.68,10.0,0.84,20.0,0.87,5.0,0.16,20.0,0.13,5.0,0.31,21.0,0.32,10.0,0.15,0.15,0.09332,1776227751000
1776227753.092,53.092,0.69,21.0,0.68,10.0,0.84,20.0,0.87,5.0,0.16,20.0,0.13,5.0,0.31,21.0,0.32,10.0,0.15,0.15,0.09332,1776227752000
1776227754.216,54.216,0.69,21.0,0.68,10.0,0.84,20.0,0.87,5.0,0.16,20.0,0.13,5.0,0.31,21.0,0.32,10.0,0.15,0.15,0.09332,1776227753000
1776227755.238,55.238,0.69,21.0,0.68,10.0,0.84,20.0,0.87,5.0,0.16,20.0,0.13,5.0,0.31,21.0,0.32,10.0,0.15,0.15,0.093321,1776227754000
1776227756.297,56.297,0.69,21.0,0.68,10.0,0.84,20.0,0.87,5.0,0.16,20.0,0.13,5.0,0.31,21.0,0.32,10.0,0.15,0.15,0.093328,1776227755000
1776227757.668,57.668,0.69,21.0,0.68,10.0,0.84,20.0,0.87,5.0,0.16,20.0,0.13,5.0,0.31,21.0,0.32,10.0,0.15,0.15,0.09333,1776227756000
1776227758.229,58.229,0.69,21.0,0.68,10.0,0.84,20.0,0.87,5.0,0.16,20.0,0.13,5.0,0.31,21.0,0.32,10.0,0.15,0.15,0.09333,1776227757000
1776227759.315,59.315,0.69,21.0,0.68,10.0,0.84,20.0,0.87,5.0,0.16,20.0,0.13,5.0,0.31,21.0,0.32,10.0,0.15,0.15,0.093331,1776227758000
1776227759.896,59.896,0.69,21.0,0.68,10.0,0.84,20.0,0.87,5.0,0.16,20.0,0.13,5.0,0.31,21.0,0.32,10.0,0.15,0.15,0.093331,1776227759000
1776227760.802,60.802,0.69,20.0,0.68,10.0,0.79,14.33,0.8,16.2,0.16,20.0,0.13,5.0,0.31,21.0,0.32,10.0,0.1,0.15,0.093331,1776227759000
1776227761.428,61.428,0.69,20.0,0.68,10.0,0.79,14.33,0.8,16.2,0.21,14.33,0.2,16.2,0.31,20.0,0.32,10.0,0.1,0.1,0.093334,1776227760000
1776227762.016,62.016,0.69,20.0,0.68,10.0,0.79,14.33,0.8,16.2,0.21,14.33,0.2,16.2,0.31,20.0,0.32,10.0,0.1,0.1,0.093341,1776227761000
1776227762.966,62.966,0.69,20.0,0.68,10.0,0.79,14.33,0.8,16.2,0.21,14.33,0.2,16.2,0.31,20.0,0.32,10.0,0.1,0.1,0.09333,1776227762000
1776227763.965,63.965,0.69,20.0,0.68,10.0,0.79,14.33,0.8,16.2,0.21,14.33,0.2,16.2,0.31,20.0,0.32,10.0,0.1,0.1,0.09333,1776227763000
1776227764.975,64.975,0.69,20.0,0.68,10.0,0.79,14.33,0.8,16.2,0.21,14.33,0.2,16.2,0.31,20.0,0.32,10.0,0.1,0.1,0.09333,1776227764000
1776227766.02,66.02,0.69,20.0,0.68,10.0,0.79,14.33,0.8,16.2,0.21,14.33,0.2,16.2,0.31,20.0,0.32,10.0,0.1,0.1,0.09333,1776227765000
1776227766.95,66.95,0.69,20.0,0.68,10.0,0.79,14.33,0.8,16.2,0.21,14.33,0.2,16.2,0.31,20.0,0.32,10.0,0.1,0.1,0.09333,1776227766000
1776227767.948,67.948,0.69,20.0,0.68,10.0,0.79,14.33,0.8,16.2,0.21,14.33,0.2,16.2,0.31,20.0,0.32,10.0,0.1,0.1,0.09333,1776227767000
1776227768.979,68.979,0.69,20.0,0.68,10.0,0.79,14.33,0.8,16.2,0.21,14.33,0.2,16.2,0.31,20.0,0.32,10.0,0.1,0.1,0.09333,1776227768000
1776227770.101,70.101,0.69,20.0,0.68,10.0,0.79,14.33,0.8,16.2,0.21,14.33,0.2,16.2,0.31,20.0,0.32,10.0,0.1,0.1,0.09333,1776227769000
1776227771.021,71.021,0.69,20.0,0.68,10.0,0.79,14.33,0.8,16.2,0.21,14.33,0.2,16.2,0.31,20.0,0.32,10.0,0.1,0.1,0.09333,1776227770000
1776227772.118,72.118,0.69,20.0,0.68,10.0,0.79,14.33,0.8,16.2,0.21,14.33,0.2,16.2,0.31,20.0,0.32,10.0,0.1,0.1,0.093358,1776227771000
1776227773.158,73.158,0.69,20.0,0.68,10.0,0.79,14.33,0.8,16.2,0.21,14.33,0.2,16.2,0.31,20.0,0.32,10.0,0.1,0.1,0.093358,1776227772000
1776227774.275,74.275,0.69,20.0,0.68,10.0,0.79,14.33,0.8,16.2,0.21,14.33,0.2,16.2,0.31,20.0,0.32,10.0,0.1,0.1,0.093362,1776227773000
1776227775.379,75.379,0.69,20.0,0.68,10.0,0.79,14.33,0.8,16.2,0.21,14.33,0.2,16.2,0.31,20.0,0.32,10.0,0.1,0.1,0.093363,1776227774000
1776227775.959,75.959,0.69,20.0,0.68,10.0,0.79,14.33,0.8,16.2,0.21,14.33,0.2,16.2,0.31,20.0,0.32,10.0,0.1,0.1,0.093363,1776227775000
1776227777.138,77.138,0.69,20.0,0.68,10.0,0.79,14.33,0.8,16.2,0.21,14.33,0.2,16.2,0.31,20.0,0.32,10.0,0.1,0.1,0.093373,1776227776000
1776227778.254,78.254,0.69,20.0,0.68,10.0,0.79,14.33,0.8,16.2,0.21,14.33,0.2,16.2,0.31,20.0,0.32,10.0,0.1,0.1,0.09338,1776227777000
1776227779.331,79.331,0.69,20.0,0.68,10.0,0.79,14.33,0.8,16.2,0.21,14.33,0.2,16.2,0.31,20.0,0.32,10.0,0.1,0.1,0.093381,1776227778000
1776227779.993,79.993,0.69,20.0,0.68,10.0,0.79,14.33,0.8,16.2,0.21,14.33,0.2,16.2,0.31,20.0,0.32,10.0,0.1,0.1,0.093382,1776227779000
1776227781.098,81.098,0.69,20.0,0.68,10.0,0.79,14.33,0.8,16.2,0.21,14.33,0.2,16.2,0.31,20.0,0.32,10.0,0.1,0.1,0.093382,1776227780000
1776227782.209,82.209,0.69,20.0,0.68,10.0,0.79,14.33,0.8,16.2,0.21,14.33,0.2,16.2,0.31,20.0,0.32,10.0,0.1,0.1,0.093383,1776227781000
1776227783.668,83.668,0.69,20.0,0.68,10.0,0.79,14.33,0.8,16.2,0.21,14.33,0.2,16.2,0.31,20.0,0.32,10.0,0.1,0.1,0.093382,1776227782000
1776227784.311,84.311,0.69,20.0,0.68,10.0,0.79,14.33,0.8,16.2,0.21,14.33,0.2,16.2,0.31,20.0,0.32,10.0,0.1,0.1,0.093374,1776227783000
1776227785.445,85.445,0.69,20.0,0.68,10.0,0.79,14.33,0.8,16.2,0.21,14.33,0.2,16.2,0.31,20.0,0.32,10.0,0.1,0.1,0.093373,1776227784000
1776227786.065,86.065,0.69,20.0,0.68,10.0,0.79,14.33,0.8,16.2,0.21,14.33,0.2,16.2,0.31,20.0,0.32,10.0,0.1,0.1,0.093368,1776227785000
1776227787.299,87.299,0.69,20.0,0.68,10.0,0.79,14.33,0.8,16.2,0.21,14.33,0.2,16.2,0.31,20.0,0.32,10.0,0.1,0.1,0.093364,1776227786000
1776227788.337,88.337,0.69,20.0,0.68,10.0,0.79,14.33,0.8,16.2,0.21,14.33,0.2,16.2,0.31,20.0,0.32,10.0,0.1,0.1,0.093365,1776227787000
1776227789.255,89.255,0.69,20.0,0.68,10.0,0.79,14.33,0.8,16.2,0.21,14.33,0.2,16.2,0.31,20.0,0.32,10.0,0.1,0.1,0.093365,1776227788000
1776227790.219,90.219,0.69,20.0,0.68,10.0,0.79,14.33,0.8,16.2,0.21,14.33,0.2,16.2,0.31,20.0,0.32,10.0,0.1,0.1,0.093365,1776227789000
1776227791.176,91.176,0.69,20.0,0.68,10.0,0.79,14.33,0.8,16.2,0.21,14.33,0.2,16.2,0.31,20.0,0.32,10.0,0.1,0.1,0.093365,1776227790000
1776227792.203,92.203,0.69,20.0,0.68,10.0,0.79,14.33,0.8,16.2,0.21,14.33,0.2,16.2,0.31,20.0,0.32,10.0,0.1,0.1,0.093371,1776227791000
1776227793.229,93.229,0.69,20.0,0.68,10.0,0.79,14.33,0.8,16.2,0.21,14.33,0.2,16.2,0.31,20.0,0.32,10.0,0.1,0.1,0.093371,1776227792000
1776227794.261,94.261,0.69,20.0,0.68,10.0,0.79,14.33,0.8,16.2,0.21,14.33,0.2,16.2,0.31,20.0,0.32,10.0,0.1,0.1,0.093368,1776227793000
1776227795.272,95.272,0.69,20.0,0.68,10.0,0.79,14.33,0.8,16.2,0.21,14.33,0.2,16.2,0.31,20.0,0.32,10.0,0.1,0.1,0.093368,1776227794000
1776227796.303,96.303,0.69,20.0,0.68,10.0,0.79,14.33,0.8,16.2,0.21,14.33,0.2,16.2,0.31,20.0,0.32,10.0,0.1,0.1,0.093368,1776227795000
1776227797.243,97.243,0.69,20.0,0.68,10.0,0.79,14.33,0.8,16.2,0.21,14.33,0.2,16.2,0.31,20.0,0.32,10.0,0.1,0.1,0.093368,1776227796000
1776227798.255,98.255,0.69,20.0,0.68,10.0,0.79,14.33,0.8,16.2,0.21,14.33,0.2,16.2,0.31,20.0,0.32,10.0,0.1,0.1,0.093368,1776227797000
1776227799.338,99.338,0.69,20.0,0.68,10.0,0.79,14.33,0.8,16.2,0.21,14.33,0.2,16.2,0.31,20.0,0.32,10.0,0.1,0.1,0.093368,1776227798000
1776227800.345,100.345,0.69,20.0,0.68,10.0,0.79,14.33,0.8,16.2,0.21,14.33,0.2,16.2,0.31,20.0,0.32,10.0,0.1,0.1,0.093368,1776227799000
1776227801.29,101.29,0.69,20.0,0.68,10.0,0.79,14.33,0.8,16.2,0.21,14.33,0.2,16.2,0.31,20.0,0.32,10.0,0.1,0.1,0.093368,1776227800000
1776227802.481,102.481,0.69,20.0,0.68,10.0,0.79,14.33,0.8,16.2,0.21,14.33,0.2,16.2,0.31,20.0,0.32,10.0,0.1,0.1,0.093368,1776227801000
1776227803.049,103.049,0.69,20.0,0.68,10.0,0.79,14.33,0.8,16.2,0.21,14.33,0.2,16.2,0.31,20.0,0.32,10.0,0.1,0.1,0.093368,1776227802000
1776227804.203,104.203,0.69,20.0,0.68,10.0,0.79,14.33,0.8,16.2,0.21,14.33,0.2,16.2,0.31,20.0,0.32,10.0,0.1,0.1,0.093368,1776227803000
1776227804.915,104.915,0.69,20.0,0.68,10.0,0.79,14.33,0.8,16.2,0.21,14.33,0.2,16.2,0.31,20.0,0.32,10.0,0.1,0.1,0.093368,1776227804000
1776227806.09,106.09,0.69,20.0,0.68,10.0,0.79,14.33,0.8,16.2,0.21,14.33,0.2,16.2,0.31,20.0,0.32,10.0,0.1,0.1,0.093368,1776227805000
1776227807.274,107.274,0.69,20.0,0.68,10.0,0.79,14.33,0.8,16.2,0.21,14.33,0.2,16.2,0.31,20.0,0.32,10.0,0.1,0.1,0.093367,1776227806000
1776227807.804,107.804,0.69,20.0,0.68,10.0,0.79,14.33,0.8,16.2,0.21,14.33,0.2,16.2,0.31,20.0,0.32,10.0,0.1,0.1,0.093366,1776227807000
1776227809.205,109.205,0.69,20.0,0.68,10.0,0.79,14.33,0.8,16.2,0.21,14.33,0.2,16.2,0.31,20.0,0.32,10.0,0.1,0.1,0.093366,1776227808000
1776227810.336,110.336,0.69,20.0,0.68,10.0,0.79,14.33,0.8,16.2,0.21,14.33,0.2,16.2,0.31,20.0,0.32,10.0,0.1,0.1,0.093355,1776227809000
1776227810.932,110.932,0.69,20.0,0.68,10.0,0.79,14.33,0.8,16.2,0.21,14.33,0.2,16.2,0.31,20.0,0.32,10.0,0.1,0.1,0.093355,1776227810000
1776227812.07,112.07,0.69,20.0,0.68,10.0,0.79,14.33,0.8,16.2,0.21,14.33,0.2,16.2,0.31,20.0,0.32,10.0,0.1,0.1,0.093355,1776227811000
1776227813.227,113.227,0.69,20.0,0.68,10.0,0.79,14.33,0.8,16.2,0.21,14.33,0.2,16.2,0.31,20.0,0.32,10.0,0.1,0.1,0.093355,1776227812000
1776227814.517,114.517,0.69,20.0,0.68,10.0,0.79,14.33,0.8,16.2,0.21,14.33,0.2,16.2,0.31,20.0,0.32,10.0,0.1,0.1,0.093358,1776227813000
1776227815.218,115.218,0.69,20.0,0.68,10.0,0.79,14.33,0.8,16.2,0.21,14.33,0.2,16.2,0.31,20.0,0.32,10.0,0.1,0.1,0.093358,1776227814000
1776227816.314,116.314,0.69,20.0,0.68,10.0,0.79,14.33,0.8,16.2,0.21,14.33,0.2,16.2,0.31,20.0,0.32,10.0,0.1,0.1,0.093358,1776227815000
1776227817.012,117.012,0.69,20.0,0.68,10.0,0.79,14.33,0.8,16.2,0.21,14.33,0.2,16.2,0.31,20.0,0.32,10.0,0.1,0.1,0.093359,1776227816000
1776227818.234,118.234,0.69,20.0,0.68,10.0,0.79,14.33,0.8,16.2,0.21,14.33,0.2,16.2,0.31,20.0,0.32,10.0,0.1,0.1,0.093358,1776227817000
1776227819.921,119.921,0.69,20.0,0.68,10.0,0.79,14.33,0.8,16.2,0.21,14.33,0.2,16.2,0.31,20.0,0.32,10.0,0.1,0.1,0.093355,1776227818000
1776227820.83,120.83,0.69,20.0,0.68,10.0,0.79,14.33,0.8,16.2,0.21,14.33,0.2,16.2,0.31,20.0,0.32,10.0,0.1,0.1,0.093355,1776227819000
1776227821.456,121.456,0.69,20.0,0.68,10.0,0.79,14.33,0.8,16.2,0.21,14.33,0.2,16.2,0.31,20.0,0.32,10.0,0.1,0.1,0.093355,1776227820000
1776227821.967,121.967,0.69,20.0,0.68,10.0,0.79,14.33,0.8,16.2,0.21,14.33,0.2,16.2,0.31,20.0,0.32,10.0,0.1,0.1,0.093355,1776227821000
1776227823.507,123.507,0.69,20.0,0.68,10.0,0.79,14.33,0.8,16.2,0.21,14.33,0.2,16.2,0.31,20.0,0.32,10.0,0.1,0.1,0.093355,1776227822000
1776227824.34,124.34,0.69,20.0,0.68,10.0,0.79,14.33,0.8,16.2,0.21,14.33,0.2,16.2,0.31,20.0,0.32,10.0,0.1,0.1,0.093355,1776227823000
1776227824.914,124.914,0.69,20.0,0.68,10.0,0.79,14.33,0.8,16.2,0.21,14.33,0.2,16.2,0.31,20.0,0.32,10.0,0.1,0.1,0.093356,1776227824000
1776227826.342,126.342,0.69,20.0,0.68,10.0,0.79,14.33,0.8,16.2,0.21,14.33,0.2,16.2,0.31,20.0,0.32,10.0,0.1,0.1,0.093356,1776227825000
1776227826.993,126.993,0.69,20.0,0.68,10.0,0.79,14.33,0.8,16.2,0.21,14.33,0.2,16.2,0.31,20.0,0.32,10.0,0.1,0.1,0.093356,1776227826000
1776227828.372,128.372,0.69,20.0,0.68,10.0,0.79,14.33,0.8,16.2,0.21,14.33,0.2,16.2,0.31,20.0,0.32,10.0,0.1,0.1,0.093356,1776227827000
1776227829.053,129.053,0.69,20.0,0.68,10.0,0.79,14.33,0.8,16.2,0.21,14.33,0.2,16.2,0.31,20.0,0.32,10.0,0.1,0.1,0.093356,1776227828000
1776227830.357,130.357,0.69,20.0,0.68,10.0,0.79,14.33,0.8,16.2,0.21,14.33,0.2,16.2,0.31,20.0,0.32,10.0,0.1,0.1,0.093355,1776227829000
1776227831.008,131.008,0.69,20.0,0.68,10.0,0.79,14.33,0.8,16.2,0.21,14.33,0.2,16.2,0.31,20.0,0.32,10.0,0.1,0.1,0.093356,1776227830000
1776227832.371,132.371,0.69,20.0,0.68,10.0,0.79,14.33,0.8,16.2,0.21,14.33,0.2,16.2,0.31,20.0,0.32,10.0,0.1,0.1,0.093355,1776227831000
1776227833.126,133.126,0.69,20.0,0.68,10.0,0.79,14.33,0.8,16.2,0.21,14.33,0.2,16.2,0.31,20.0,0.32,10.0,0.1,0.1,0.093355,1776227832000
1776227834.545,134.545,0.69,20.0,0.68,10.0,0.79,14.33,0.8,16.2,0.21,14.33,0.2,16.2,0.31,20.0,0.32,10.0,0.1,0.1,0.093355,1776227833000
1776227835.112,135.112,0.69,20.0,0.68,10.0,0.79,14.33,0.8,16.2,0.21,14.33,0.2,16.2,0.31,20.0,0.32,10.0,0.1,0.1,0.093355,1776227834000
1776227836.351,136.351,0.69,20.0,0.68,10.0,0.79,14.33,0.8,16.2,0.21,14.33,0.2,16.2,0.31,20.0,0.32,10.0,0.1,0.1,0.093355,1776227835000
1776227837.379,137.379,0.69,20.0,0.68,10.0,0.79,14.33,0.8,16.2,0.21,14.33,0.2,16.2,0.31,20.0,0.32,10.0,0.1,0.1,0.093355,1776227836000
1776227838.013,138.013,0.69,20.0,0.68,10.0,0.79,14.33,0.8,16.2,0.21,14.33,0.2,16.2,0.31,20.0,0.32,10.0,0.1,0.1,0.093355,1776227837000
1776227839.099,139.099,0.69,20.0,0.68,10.0,0.79,14.33,0.8,16.2,0.21,14.33,0.2,16.2,0.31,20.0,0.32,10.0,0.1,0.1,0.093355,1776227838000
1776227840.12,140.12,0.69,20.0,0.68,10.0,0.79,14.33,0.8,16.2,0.21,14.33,0.2,16.2,0.31,20.0,0.32,10.0,0.1,0.1,0.093355,1776227839000
1776227841.09,141.09,0.69,20.0,0.68,10.0,0.79,14.33,0.8,16.2,0.21,14.33,0.2,16.2,0.31,20.0,0.32,10.0,0.1,0.1,0.093356,1776227840000
1776227842.133,142.133,0.69,20.0,0.68,10.0,0.79,14.33,0.8,16.2,0.21,14.33,0.2,16.2,0.31,20.0,0.32,10.0,0.1,0.1,0.093356,1776227841000
1776227843.115,143.115,0.69,20.0,0.68,10.0,0.79,14.33,0.8,16.2,0.21,14.33,0.2,16.2,0.31,20.0,0.32,10.0,0.1,0.1,0.093362,1776227842000
1776227844.152,144.152,0.69,20.0,0.68,10.0,0.79,14.33,0.8,16.2,0.21,14.33,0.2,16.2,0.31,20.0,0.32,10.0,0.1,0.1,0.093363,1776227843000
1776227845.155,145.155,0.69,20.0,0.68,10.0,0.79,14.33,0.8,16.2,0.21,14.33,0.2,16.2,0.31,20.0,0.32,10.0,0.1,0.1,0.093363,1776227844000
1776227846.234,146.234,0.69,20.0,0.68,10.0,0.79,14.33,0.8,16.2,0.21,14.33,0.2,16.2,0.31,20.0,0.32,10.0,0.1,0.1,0.093363,1776227845000
1776227847.261,147.261,0.69,20.0,0.68,10.0,0.79,14.33,0.8,16.2,0.21,14.33,0.2,16.2,0.31,20.0,0.32,10.0,0.1,0.1,0.093363,1776227846000
1776227848.294,148.294,0.69,20.0,0.68,10.0,0.79,14.33,0.8,16.2,0.21,14.33,0.2,16.2,0.31,20.0,0.32,10.0,0.1,0.1,0.093363,1776227847000
1776227850.222,150.222,0.69,20.0,0.68,10.0,0.79,14.33,0.8,16.2,0.21,14.33,0.2,16.2,0.31,20.0,0.32,10.0,0.1,0.1,0.093363,1776227848000
1776227851.132,151.132,0.69,20.0,0.68,10.0,0.79,14.33,0.8,16.2,0.21,14.33,0.2,16.2,0.31,20.0,0.32,10.0,0.1,0.1,0.093363,1776227849000
1776227851.836,151.836,0.69,20.0,0.68,10.0,0.79,14.33,0.8,16.2,0.21,14.33,0.2,16.2,0.31,20.0,0.32,10.0,0.1,0.1,0.093363,1776227850000
1776227852.624,152.624,0.69,20.0,0.68,10.0,0.79,14.33,0.8,16.2,0.21,14.33,0.2,16.2,0.31,20.0,0.32,10.0,0.1,0.1,0.093363,1776227851000
1776227853.402,153.402,0.69,20.0,0.68,10.0,0.79,14.33,0.8,16.2,0.21,14.33,0.2,16.2,0.31,20.0,0.32,10.0,0.1,0.1,0.093363,1776227852000
1776227853.986,153.986,0.69,20.0,0.68,10.0,0.79,14.33,0.8,16.2,0.21,14.33,0.2,16.2,0.31,20.0,0.32,10.0,0.1,0.1,0.093363,1776227853000
1776227855.259,155.259,0.69,20.0,0.68,10.0,0.79,14.33,0.8,16.2,0.21,14.33,0.2,16.2,0.31,20.0,0.32,10.0,0.1,0.1,0.093363,1776227854000
1776227856.603,156.603,0.69,20.0,0.68,10.0,0.79,14.33,0.8,16.2,0.21,14.33,0.2,16.2,0.31,20.0,0.32,10.0,0.1,0.1,0.093364,1776227855000
1776227857.266,157.266,0.69,20.0,0.68,10.0,0.79,14.33,0.8,16.2,0.21,14.33,0.2,16.2,0.31,20.0,0.32,10.0,0.1,0.1,0.093365,1776227856000
1776227858.423,158.423,0.69,20.0,0.68,10.0,0.79,14.33,0.8,16.2,0.21,14.33,0.2,16.2,0.31,20.0,0.32,10.0,0.1,0.1,0.093365,1776227857000
1776227859.013,159.013,0.69,20.0,0.68,10.0,0.79,14.33,0.8,16.2,0.21,14.33,0.2,16.2,0.31,20.0,0.32,10.0,0.1,0.1,0.093365,1776227858000
1776227860.187,160.187,0.69,20.0,0.68,10.0,0.79,14.33,0.8,16.2,0.21,14.33,0.2,16.2,0.31,20.0,0.32,10.0,0.1,0.1,0.093365,1776227859000
1776227861.479,161.479,0.88,20.94,0.87,23.0,0.94,46.1,0.95,99.7,0.06,46.1,0.05,99.7,0.12,20.94,0.13,23.0,0.06,0.06,0.093365,1776227860000
1776227861.999,161.999,0.88,20.94,0.87,23.0,0.94,46.1,0.95,99.7,0.06,46.1,0.05,99.7,0.12,20.94,0.13,23.0,0.06,0.06,0.093365,1776227861000
1776227863.029,163.029,0.88,20.94,0.87,23.0,0.94,46.1,0.95,99.7,0.06,46.1,0.05,99.7,0.12,20.94,0.13,23.0,0.06,0.06,0.093365,1776227862000
1776227864.318,164.318,0.88,20.94,0.87,23.0,0.94,46.1,0.95,99.7,0.06,46.1,0.05,99.7,0.12,20.94,0.13,23.0,0.06,0.06,0.093365,1776227863000
1776227865.471,165.471,0.88,20.94,0.87,23.0,0.94,46.1,0.95,99.7,0.06,46.1,0.05,99.7,0.12,20.94,0.13,23.0,0.06,0.06,0.093365,1776227864000
1776227866.381,166.381,0.88,20.94,0.87,23.0,0.94,46.1,0.95,99.7,0.06,46.1,0.05,99.7,0.12,20.94,0.13,23.0,0.06,0.06,0.093373,1776227865000
1776227867.468,167.468,0.88,20.94,0.87,23.0,0.94,46.1,0.95,99.7,0.06,46.1,0.05,99.7,0.12,20.94,0.13,23.0,0.06,0.06,0.093374,1776227866000
1776227867.914,167.914,0.88,20.94,0.87,23.0,0.94,46.1,0.95,99.7,0.06,46.1,0.05,99.7,0.12,20.94,0.13,23.0,0.06,0.06,0.093375,1776227867000
1776227869.017,169.017,0.88,20.94,0.87,23.0,0.94,46.1,0.95,99.7,0.06,46.1,0.05,99.7,0.12,20.94,0.13,23.0,0.06,0.06,0.093375,1776227868000
1776227870.084,170.084,0.88,20.94,0.87,23.0,0.94,46.1,0.95,99.7,0.06,46.1,0.05,99.7,0.12,20.94,0.13,23.0,0.06,0.06,0.093375,1776227869000
1776227871.109,171.109,0.88,20.94,0.87,23.0,0.94,46.1,0.95,99.7,0.06,46.1,0.05,99.7,0.12,20.94,0.13,23.0,0.06,0.06,0.093375,1776227870000
1776227872.302,172.302,0.88,20.94,0.87,23.0,0.94,46.1,0.95,99.7,0.06,46.1,0.05,99.7,0.12,20.94,0.13,23.0,0.06,0.06,0.093376,1776227871000
1776227873.389,173.389,0.88,20.94,0.87,23.0,0.94,46.1,0.95,99.7,0.06,46.1,0.05,99.7,0.12,20.94,0.13,23.0,0.06,0.06,0.093375,1776227872000
1776227873.924,173.924,0.88,20.94,0.87,23.0,0.94,46.1,0.95,99.7,0.06,46.1,0.05,99.7,0.12,20.94,0.13,23.0,0.06,0.06,0.093375,1776227873000
1776227874.982,174.982,0.88,20.94,0.87,23.0,0.94,46.1,0.95,99.7,0.06,46.1,0.05,99.7,0.12,20.94,0.13,23.0,0.06,0.06,0.093373,1776227874000
1776227876.118,176.118,0.92,35.29,0.91,31.7,0.96,71.65,0.97,89.3,0.04,71.65,0.03,89.3,0.08,35.29,0.09,31.7,0.04,0.04,0.093376,1776227875000
1776227881.99,181.99,0.92,7.7,0.91,58.7,0.96,3.95,0.97,89.3,0.04,71.65,0.03,89.3,0.08,35.29,0.09,31.7,0.04,0.04,0.093376,1776227875000
1776227884.52,184.52,0.92,7.7,0.91,58.7,0.96,3.95,0.97,89.3,0.04,3.95,0.03,89.3,0.08,7.7,0.09,58.7,0.04,0.04,0.093375,1776227883000
1776227885.376,185.376,0.92,7.7,0.91,58.7,0.96,3.95,0.97,89.3,0.04,3.95,0.03,89.3,0.08,7.7,0.09,58.7,0.04,0.04,0.093375,1776227884000
1776227885.911,185.911,0.92,7.7,0.91,58.7,0.96,3.95,0.97,89.3,0.04,3.95,0.03,89.3,0.08,7.7,0.09,58.7,0.04,0.04,0.093374,1776227885000
1776227887.011,187.011,0.92,7.7,0.91,58.7,0.96,3.95,0.97,89.3,0.04,3.95,0.03,89.3,0.08,7.7,0.09,58.7,0.04,0.04,0.093374,1776227886000
1776227888.271,188.271,0.92,7.7,0.91,58.7,0.96,3.95,0.97,89.3,0.04,3.95,0.03,89.3,0.08,7.7,0.09,58.7,0.04,0.04,0.093374,1776227887000
1776227889.426,189.426,0.92,7.7,0.91,58.7,0.96,3.95,0.97,89.3,0.04,3.95,0.03,89.3,0.08,7.7,0.09,58.7,0.04,0.04,0.093374,1776227888000
1776227889.976,189.976,0.93,39.9,0.92,7.7,0.98,100.64,0.99,683.6,0.02,100.64,0.01,683.6,0.07,39.9,0.08,7.7,0.05,0.05,0.093374,1776227889000
1776227891.054,191.054,0.93,39.9,0.92,7.7,0.98,100.64,0.99,683.6,0.02,100.64,0.01,683.6,0.07,39.9,0.08,7.7,0.05,0.05,0.093374,1776227890000
1776227892.306,192.306,0.93,39.9,0.92,7.7,0.98,100.64,0.99,683.6,0.02,100.64,0.01,683.6,0.07,39.9,0.08,7.7,0.05,0.05,0.093383,1776227891000
1776227893.397,193.397,0.93,39.9,0.92,7.7,0.98,100.64,0.99,683.6,0.02,100.64,0.01,683.6,0.07,39.9,0.08,7.7,0.05,0.05,0.093383,1776227892000
1776227894.066,194.066,0.93,39.9,0.92,7.7,0.98,100.64,0.99,683.6,0.02,100.64,0.01,683.6,0.07,39.9,0.08,7.7,0.05,0.05,0.093383,1776227893000
1776227895.141,195.141,0.93,39.9,0.92,7.7,0.98,100.64,0.99,683.6,0.02,100.64,0.01,683.6,0.07,39.9,0.08,7.7,0.05,0.05,0.093384,1776227894000
1776227896.19,196.19,0.93,39.9,0.92,7.7,0.98,100.64,0.99,683.6,0.02,100.64,0.01,683.6,0.07,39.9,0.08,7.7,0.05,0.05,0.093384,1776227895000
1776227897.255,197.255,0.93,39.9,0.92,7.7,0.98,100.64,0.99,683.6,0.02,100.64,0.01,683.6,0.07,39.9,0.08,7.7,0.05,0.05,0.093384,1776227896000
1776227898.303,198.303,0.93,39.9,0.92,7.7,0.98,100.64,0.99,683.6,0.02,100.64,0.01,683.6,0.07,39.9,0.08,7.7,0.05,0.05,0.093383,1776227897000
1776227899.203,199.203,0.93,39.9,0.92,7.7,0.98,100.64,0.99,683.6,0.02,100.64,0.01,683.6,0.07,39.9,0.08,7.7,0.05,0.05,0.093384,1776227898000
1776227900.237,200.237,0.93,39.9,0.92,7.7,0.98,100.64,0.99,683.6,0.02,100.64,0.01,683.6,0.07,39.9,0.08,7.7,0.05,0.05,0.093384,1776227899000
1776227901.234,201.234,0.93,39.9,0.92,7.7,0.98,100.64,0.99,683.6,0.02,100.64,0.01,683.6,0.07,39.9,0.08,7.7,0.05,0.05,0.093384,1776227900000
1776227902.24,202.24,0.93,39.9,0.92,7.7,0.98,100.64,0.99,683.6,0.02,100.64,0.01,683.6,0.07,39.9,0.08,7.7,0.05,0.05,0.093383,1776227901000
1776227903.332,203.332,0.93,39.9,0.92,7.7,0.98,100.64,0.99,683.6,0.02,100.64,0.01,683.6,0.07,39.9,0.08,7.7,0.05,0.05,0.093383,1776227902000
1776227904.353,204.353,0.93,39.9,0.92,7.7,0.98,100.64,0.99,683.6,0.02,100.64,0.01,683.6,0.07,39.9,0.08,7.7,0.05,0.05,0.093384,1776227903000
1776227904.901,204.901,0.93,39.9,0.92,7.7,0.98,100.64,0.99,683.6,0.02,100.64,0.01,683.6,0.07,39.9,0.08,7.7,0.05,0.05,0.093384,1776227904000
1776227905.921,205.921,0.96,67.7,0.95,54.7,0.99,573.49,,,0.02,100.64,0.01,683.6,0.07,39.9,0.08,7.7,0.03,0.05,0.093384,1776227904000
1776227906.917,206.917,0.96,67.7,0.95,54.7,0.99,573.49,,,0.01,573.49,,,0.04,67.7,0.05,54.7,0.03,0.03,0.093384,1776227906000
1776227908.41,208.41,0.96,67.7,0.95,54.7,0.99,573.49,,,0.01,573.49,,,0.04,67.7,0.05,54.7,0.03,0.03,0.093384,1776227907000
1776227909.092,209.092,0.96,67.7,0.95,54.7,0.99,460.56,,,0.01,573.49,,,0.04,67.7,0.05,54.7,0.03,0.03,0.093384,1776227907000
1776227910.363,210.363,0.96,67.7,0.95,54.7,0.99,460.56,,,0.01,460.56,,,0.04,67.7,0.05,54.7,0.03,0.03,0.093384,1776227909000
1776227911.557,211.557,0.96,67.7,0.95,54.7,0.99,460.56,,,0.01,460.56,,,0.04,67.7,0.05,54.7,0.03,0.03,0.093384,1776227910000
1776227912.043,212.043,0.96,67.7,0.95,54.7,0.99,460.56,,,0.01,460.56,,,0.04,67.7,0.05,54.7,0.03,0.03,0.093384,1776227911000
1776227913.351,213.351,0.96,67.7,0.95,54.7,0.99,460.56,,,0.01,460.56,,,0.04,67.7,0.05,54.7,0.03,0.03,0.093384,1776227912000
1776227913.977,213.977,0.96,67.7,0.95,54.7,0.99,460.56,,,0.01,460.56,,,0.04,67.7,0.05,54.7,0.03,0.03,0.093384,1776227913000
1776227915.167,215.167,0.97,89.3,0.96,67.7,0.99,450.45,,,0.01,450.45,,,0.03,89.3,0.04,67.7,0.02,0.02,0.093384,1776227914000
1776227916.326,216.326,0.97,89.3,0.96,67.7,0.99,450.45,,,0.01,450.45,,,0.03,89.3,0.04,67.7,0.02,0.02,0.093384,1776227915000
1776227917.444,217.444,0.97,89.3,0.96,67.7,0.99,450.45,,,0.01,450.45,,,0.03,89.3,0.04,67.7,0.02,0.02,0.093384,1776227916000
1776227917.978,217.978,0.97,89.3,0.96,67.7,0.99,450.45,,,0.01,450.45,,,0.03,89.3,0.04,67.7,0.02,0.02,0.093384,1776227917000
1776227919.108,219.108,0.97,89.3,0.96,67.7,0.99,450.45,,,0.01,450.45,,,0.03,89.3,0.04,67.7,0.02,0.02,0.093384,1776227918000
1776227920.135,220.135,0.97,89.3,0.96,67.7,0.99,450.45,,,0.01,450.45,,,0.03,89.3,0.04,67.7,0.02,0.02,0.093384,1776227919000
1776227921.365,221.365,0.97,89.3,0.96,67.7,0.99,450.45,,,0.01,450.45,,,0.03,89.3,0.04,67.7,0.02,0.02,0.093385,1776227920000
1776227922.371,222.371,0.97,89.3,0.96,67.7,0.99,450.45,,,0.01,450.45,,,0.03,89.3,0.04,67.7,0.02,0.02,0.093385,1776227921000
1776227922.618,222.618,0.97,89.3,0.96,72.7,0.99,410.04,,,0.01,450.45,,,0.03,89.3,0.04,67.7,0.02,0.02,0.093385,1776227921000
1776227923.513,223.513,0.97,89.3,0.96,72.7,0.99,410.04,,,0.01,410.04,,,0.03,89.3,0.04,72.7,0.02,0.02,0.093385,1776227922000
1776227924.599,224.599,0.97,89.3,0.96,72.7,0.99,410.04,,,0.01,410.04,,,0.03,89.3,0.04,72.7,0.02,0.02,0.093385,1776227923000
1776227925.355,225.355,0.97,89.3,0.96,72.7,0.99,410.04,,,0.01,410.04,,,0.03,89.3,0.04,72.7,0.02,0.02,0.093385,1776227924000
1776227926.505,226.505,0.97,89.3,0.96,72.7,0.99,410.04,,,0.01,410.04,,,0.03,89.3,0.04,72.7,0.02,0.02,0.093385,1776227925000
1776227927.369,227.369,0.97,89.3,0.96,72.7,0.99,410.04,,,0.01,410.04,,,0.03,89.3,0.04,72.7,0.02,0.02,0.093385,1776227926000
1776227928.476,228.476,0.97,89.3,0.96,72.7,0.99,410.04,,,0.01,410.04,,,0.03,89.3,0.04,72.7,0.02,0.02,0.093385,1776227927000
1776227929.487,229.487,0.97,89.3,0.96,72.7,0.99,410.04,,,0.01,410.04,,,0.03,89.3,0.04,72.7,0.02,0.02,0.093385,1776227928000
1776227930.121,230.121,0.97,89.3,0.96,72.7,0.99,84.46,,,0.01,84.46,,,0.03,89.3,0.04,72.7,0.02,0.02,0.093385,1776227929000
1776227931.545,231.545,0.97,89.3,0.96,72.7,0.99,84.46,,,0.01,84.46,,,0.03,89.3,0.04,72.7,0.02,0.02,0.093385,1776227930000
1776227932.318,232.318,0.97,89.3,0.96,72.7,0.99,84.46,,,0.01,84.46,,,0.03,89.3,0.04,72.7,0.02,0.02,0.093385,1776227931000
1776227933.104,233.104,0.97,89.3,0.96,72.7,0.99,84.46,,,0.01,84.46,,,0.03,89.3,0.04,72.7,0.02,0.02,0.093385,1776227932000
1776227934.377,234.377,0.97,89.3,0.96,72.7,0.99,84.46,,,0.01,84.46,,,0.03,89.3,0.04,72.7,0.02,0.02,0.093385,1776227933000
1776227934.707,234.707,0.98,82.69,0.97,89.3,0.99,84.46,,,0.01,84.46,,,0.03,89.3,0.04,72.7,0.01,0.02,0.093385,1776227933000
1776227935.594,235.594,0.98,82.69,0.97,89.3,0.99,84.46,,,0.01,84.46,,,0.02,82.69,0.03,89.3,0.01,0.01,0.093385,1776227934000
1776227936.312,236.312,0.98,82.69,0.97,89.3,0.99,84.46,,,0.01,84.46,,,0.02,82.69,0.03,89.3,0.01,0.01,0.093385,1776227935000
1776227937.681,237.681,0.98,82.69,0.97,89.3,0.99,84.46,,,0.01,84.46,,,0.02,82.69,0.03,89.3,0.01,0.01,0.093385,1776227936000
1776227938.172,238.172,0.98,82.69,0.97,89.3,0.99,84.46,,,0.01,84.46,,,0.02,82.69,0.03,89.3,0.01,0.01,0.093385,1776227937000
1776227939.615,239.615,0.98,82.69,0.97,89.3,0.99,84.46,,,0.01,84.46,,,0.02,82.69,0.03,89.3,0.01,0.01,0.093385,1776227938000
1776227940.344,240.344,0.98,82.69,0.97,89.3,0.99,84.46,,,0.01,84.46,,,0.02,82.69,0.03,89.3,0.01,0.01,0.093386,1776227939000
1776227940.832,240.832,0.98,32.69,0.97,94.3,0.99,84.46,,,0.01,84.46,,,0.02,82.69,0.03,89.3,0.01,0.01,0.093386,1776227939000
1776227941.534,241.534,0.98,32.69,0.97,94.3,0.99,84.46,,,0.01,84.46,,,0.02,32.69,0.03,94.3,0.01,0.01,0.093386,1776227940000
1776227941.884,241.884,0.98,32.69,0.97,89.3,0.99,72.33,,,0.01,82.44,,,0.02,32.69,0.03,94.3,0.01,0.01,0.093386,1776227940000
1776227942.188,242.188,0.98,37.69,0.97,89.3,0.99,67.33,,,0.01,67.33,,,0.02,37.69,0.03,89.3,0.01,0.01,0.093386,1776227941000
1776227943.318,243.318,0.98,37.69,0.97,89.3,0.99,67.33,,,0.01,67.33,,,0.02,37.69,0.03,89.3,0.01,0.01,0.093388,1776227942000
1776227944.401,244.401,0.98,37.69,0.97,89.3,0.99,67.33,,,0.01,67.33,,,0.02,37.69,0.03,89.3,0.01,0.01,0.093388,1776227943000
1776227944.968,244.968,0.98,37.69,0.97,89.3,0.99,67.33,,,0.01,67.33,,,0.02,37.69,0.03,89.3,0.01,0.01,0.093387,1776227944000
1776227946.297,246.297,0.98,37.69,0.97,89.3,0.99,67.33,,,0.01,67.33,,,0.02,37.69,0.03,89.3,0.01,0.01,0.093388,1776227945000
1776227946.951,246.951,0.98,37.69,0.97,89.3,0.99,67.33,,,0.01,67.33,,,0.02,37.69,0.03,89.3,0.01,0.01,0.093388,1776227946000
1776227948.166,248.166,0.98,37.69,0.97,89.3,0.99,67.33,,,0.01,67.33,,,0.02,37.69,0.03,89.3,0.01,0.01,0.093387,1776227947000
1776227949.401,249.401,0.98,42.8,0.97,89.3,0.99,66.31,,,0.01,67.33,,,0.02,37.69,0.03,89.3,0.01,0.01,0.093387,1776227947000
1776227949.697,249.697,0.98,42.8,0.97,89.3,0.99,66.31,,,0.01,66.31,,,0.02,42.8,0.03,89.3,0.01,0.01,0.093388,1776227948000
1776227950.385,250.385,0.98,42.8,0.97,89.3,0.99,66.31,,,0.01,66.31,,,0.02,42.8,0.03,89.3,0.01,0.01,0.093388,1776227949000
1776227950.976,250.976,0.98,42.8,0.97,89.3,0.99,66.31,,,0.01,66.31,,,0.02,42.8,0.03,89.3,0.01,0.01,0.093388,1776227950000
1776227952.373,252.373,0.98,42.8,0.97,89.3,0.99,66.31,,,0.01,66.31,,,0.02,42.8,0.03,89.3,0.01,0.01,0.093388,1776227951000
1776227953.036,253.036,0.98,42.8,0.97,89.3,0.99,66.31,,,0.01,66.31,,,0.02,42.8,0.03,89.3,0.01,0.01,0.093388,1776227952000
1776227953.631,253.631,0.98,42.8,0.97,89.3,0.99,28.73,,,0.01,66.31,,,0.02,42.8,0.03,89.3,0.01,0.01,0.093388,1776227952000
1776227954.32,254.32,0.98,42.8,0.97,89.3,0.99,28.73,,,0.01,28.73,,,0.02,42.8,0.03,89.3,0.01,0.01,0.093387,1776227953000
1776227954.658,254.658,0.98,42.8,0.97,89.3,0.99,23.73,,,0.01,28.73,,,0.02,42.8,0.03,89.3,0.01,0.01,0.093387,1776227953000
1776227954.905,254.905,0.98,42.8,0.97,89.3,0.99,23.73,,,0.01,23.73,,,0.02,42.8,0.03,89.3,0.01,0.01,0.093386,1776227954000
1776227955.408,255.408,0.98,42.8,0.97,89.3,0.99,21.71,,,0.01,23.73,,,0.02,42.8,0.03,89.3,0.01,0.01,0.093386,1776227954000
1776227956.112,256.112,0.98,42.8,0.97,89.3,0.99,21.71,,,0.01,21.71,,,0.02,42.8,0.03,89.3,0.01,0.01,0.093387,1776227955000
1776227956.586,256.586,0.98,42.8,0.97,89.3,0.99,19.69,,,0.01,21.71,,,0.02,42.8,0.03,89.3,0.01,0.01,0.093387,1776227955000
1776227958.151,258.151,0.98,37.8,0.97,89.3,0.99,12.67,,,0.01,17.67,,,0.02,42.8,0.03,89.3,0.01,0.01,0.093387,1776227955000
1776227958.988,258.988,0.99,987.33,0.98,37.8,,,,,,,,,0.01,987.33,0.02,37.8,,,0.093386,1776227957000
1776227959.623,259.623,0.99,987.33,0.98,37.8,,,,,,,,,0.01,987.33,0.02,37.8,,,0.093387,1776227958000
1776227960.21,260.21,0.99,987.33,0.98,37.8,,,,,,,,,0.01,987.33,0.02,37.8,,,0.093393,1776227959000
1776227961.396,261.396,0.99,987.33,0.98,37.8,,,,,,,,,0.01,987.33,0.02,37.8,,,0.093394,1776227960000
1776227961.963,261.963,0.99,987.33,0.98,37.8,,,,,,,,,0.01,987.33,0.02,37.8,,,0.093394,1776227961000
1776227963.108,263.108,0.99,987.33,0.98,37.8,,,,,,,,,0.01,987.33,0.02,37.8,,,0.09339,1776227962000
1776227964.274,264.274,0.99,987.33,0.98,37.8,,,,,,,,,0.01,987.33,0.02,37.8,,,0.093389,1776227963000
1776227965.397,265.397,0.99,987.33,0.98,37.8,,,,,,,,,0.01,987.33,0.02,37.8,,,0.09339,1776227964000
1776227966.017,266.017,0.99,987.33,0.98,37.8,,,,,,,,,0.01,987.33,0.02,37.8,,,0.09339,1776227965000
1776227967.176,267.176,0.99,987.33,0.98,37.8,,,,,,,,,0.01,987.33,0.02,37.8,,,0.09339,1776227966000
1776227968.306,268.306,0.99,987.33,0.98,37.8,,,,,,,,,0.01,987.33,0.02,37.8,,,0.09339,1776227967000
1776227969.296,269.296,0.99,987.33,0.98,37.8,,,,,,,,,0.01,987.33,0.02,37.8,,,0.093388,1776227968000
1776227969.893,269.893,0.99,987.33,0.98,37.8,,,,,,,,,0.01,987.33,0.02,37.8,,,0.093387,1776227969000
1776227971.07,271.07,0.99,987.33,0.98,37.8,,,,,,,,,0.01,987.33,0.02,37.8,,,0.093385,1776227970000
1776227972.179,272.179,0.99,987.33,0.98,37.8,,,,,,,,,0.01,987.33,0.02,37.8,,,0.09338,1776227971000
1776227973.971,273.971,0.99,987.33,0.98,37.8,,,,,,,,,0.01,987.33,0.02,37.8,,,0.09338,1776227972000
1776227974.595,274.595,0.99,987.33,0.98,37.8,,,,,,,,,0.01,987.33,0.02,37.8,,,0.093366,1776227973000
1776227975.328,275.328,0.99,987.33,0.98,37.8,,,,,,,,,0.01,987.33,0.02,37.8,,,0.093365,1776227974000
1776227975.941,275.941,0.99,987.33,0.98,37.8,,,,,,,,,0.01,987.33,0.02,37.8,,,0.093365,1776227975000
1776227977.054,277.054,0.99,987.33,0.98,37.8,,,,,,,,,0.01,987.33,0.02,37.8,,,0.093365,1776227976000
1776227978.312,278.312,0.99,987.33,0.98,37.8,,,,,,,,,0.01,987.33,0.02,37.8,,,0.093365,1776227977000
1776227978.944,278.944,0.99,987.33,0.98,37.8,,,,,,,,,0.01,987.33,0.02,37.8,,,0.093365,1776227978000
1776227979.993,279.993,0.99,987.33,0.98,37.8,,,,,,,,,0.01,987.33,0.02,37.8,,,0.093365,1776227979000
1776227981.13,281.13,0.99,987.33,0.98,37.8,,,,,,,,,0.01,987.33,0.02,37.8,,,0.093365,1776227980000
1776227982.302,282.302,0.99,987.33,0.98,37.8,,,,,,,,,0.01,987.33,0.02,37.8,,,0.093365,1776227981000
1776227982.92,282.92,0.99,987.33,0.98,37.8,,,,,,,,,0.01,987.33,0.02,37.8,,,0.093365,1776227982000
1776227984.273,284.273,0.99,987.33,0.98,37.8,,,,,,,,,0.01,987.33,0.02,37.8,,,0.093365,1776227983000
1776227985.336,285.336,0.99,987.33,0.98,37.8,,,,,,,,,0.01,987.33,0.02,37.8,,,0.093359,1776227984000
1776227986.37,286.37,0.99,987.33,0.98,37.8,,,,,,,,,0.01,987.33,0.02,37.8,,,0.093358,1776227985000
1776227987.113,287.113,0.99,987.33,0.98,37.8,,,,,,,,,0.01,987.33,0.02,37.8,,,0.093358,1776227986000
1776227988.119,288.119,0.99,987.33,0.98,37.8,,,,,,,,,0.01,987.33,0.02,37.8,,,0.093358,1776227987000
1776227989.054,289.054,0.99,987.33,0.98,37.8,,,,,,,,,0.01,987.33,0.02,37.8,,,0.093358,1776227988000
1776227990.106,290.106,0.99,987.33,0.98,37.8,,,,,,,,,0.01,987.33,0.02,37.8,,,0.093358,1776227989000
1776227991.105,291.105,0.99,987.33,0.98,37.8,,,,,,,,,0.01,987.33,0.02,37.8,,,0.093358,1776227990000
1776227992.185,292.185,0.99,987.33,0.98,37.8,,,,,,,,,0.01,987.33,0.02,37.8,,,0.093357,1776227991000
1776227992.463,292.463,0.99,2020.48,0.98,5.11,0.999,235.0,,,,,,,0.01,987.33,0.02,37.8,0.009,,0.093357,1776227991000
1776227993.154,293.154,0.99,2020.48,0.98,5.11,0.999,235.0,,,0.001,235.0,,,0.01,2020.48,0.02,5.11,0.009,0.009,0.093357,1776227992000
1776227994.169,294.169,0.99,2030.53,0.98,5.11,0.999,225.0,,,0.001,225.0,,,0.01,2030.53,0.02,5.11,0.009,0.009,0.093362,1776227993000
1776227995.062,295.062,0.99,2025.54,0.98,5.11,0.999,225.0,,,0.001,225.0,,,0.01,2030.53,0.02,5.11,0.009,0.009,0.093362,1776227993000
1776227996.105,296.105,0.99,2025.54,0.98,5.11,0.999,225.0,,,0.001,225.0,,,0.01,2025.54,0.02,5.11,0.009,0.009,0.093364,1776227995000
1776227997.185,297.185,0.99,2025.54,0.98,5.11,0.999,225.0,,,0.001,225.0,,,0.01,2025.54,0.02,5.11,0.009,0.009,0.093364,1776227996000
1776227998.117,298.117,0.99,2025.54,0.98,5.11,0.999,225.0,,,0.001,225.0,,,0.01,2025.54,0.02,5.11,0.009,0.009,0.093372,1776227997000
1776227998.586,298.586,0.99,3232.66,0.98,5.11,0.999,185.0,,,0.001,225.0,,,0.01,2025.54,0.02,5.11,0.009,0.009,0.093372,1776227997000
1776227999.165,299.165,0.99,3232.66,0.98,5.11,0.999,185.0,,,0.001,185.0,,,0.01,3232.66,0.02,5.11,0.009,0.009,0.093373,1776227998000
1776228000.095,300.095,0.999,15.2,0.99,6503.31,,,,,,,,,0.001,15.2,0.01,6503.31,,,0.093372,1776227999000
1776228001.141,301.141,0.999,15.2,0.99,6503.31,,,,,,,,,0.001,15.2,0.01,6503.31,,,0.093372,1776228000000

# RESULT,winner=Up,slug=doge-updown-5m-1776227700,ticks=312
