timestamp,elapsed_sec,up_bid_p1,up_bid_s1,up_bid_p2,up_bid_s2,up_ask_p1,up_ask_s1,up_ask_p2,up_ask_s2,down_bid_p1,down_bid_s1,down_bid_p2,down_bid_s2,down_ask_p1,down_ask_s1,down_ask_p2,down_ask_s2,up_spread,down_spread,doge_price,doge_oracle_ts
1776204001.585,1.585,0.33,300.0,0.31,375.0,0.67,300.0,0.69,375.0,0.33,300.0,0.31,375.0,0.67,300.0,0.69,375.0,0.34,0.34,0.093303,1776204000000
1776204001.95,1.95,0.33,300.0,0.31,375.0,0.67,300.0,0.69,375.0,0.33,300.0,0.31,375.0,0.67,300.0,0.69,375.0,0.34,0.34,0.093303,1776204000000
1776204002.672,2.672,0.33,300.0,0.31,375.0,0.67,300.0,0.69,375.0,0.33,300.0,0.31,375.0,0.67,300.0,0.69,375.0,0.34,0.34,0.093287,1776204001000
1776204003.325,3.325,0.33,300.0,0.31,375.0,0.67,300.0,0.69,375.0,0.33,300.0,0.31,375.0,0.67,300.0,0.69,375.0,0.34,0.34,0.09326,1776204002000
1776204004.031,4.031,0.33,300.0,0.31,375.0,0.67,300.0,0.69,375.0,0.33,300.0,0.31,375.0,0.67,300.0,0.69,375.0,0.34,0.34,0.093255,1776204003000
1776204005.209,5.209,0.33,300.0,0.31,375.0,0.67,300.0,0.69,375.0,0.33,300.0,0.31,375.0,0.67,300.0,0.69,375.0,0.34,0.34,0.093239,1776204004000
1776204006.613,6.613,0.27,445.0,0.25,600.0,0.28,5.0,0.41,65.0,0.33,300.0,0.31,375.0,0.67,300.0,0.69,375.0,0.01,0.34,0.093239,1776204004000
1776204006.969,6.969,0.27,440.0,0.25,600.0,0.28,5.0,0.41,65.0,0.72,5.0,0.59,65.0,0.73,445.0,0.75,600.0,0.01,0.01,0.093229,1776204005000
1776204007.7,7.7,0.27,440.0,0.25,600.0,0.28,5.0,0.41,65.0,0.72,5.0,0.59,65.0,0.73,440.0,0.75,600.0,0.01,0.01,0.093233,1776204006000
1776204008.019,8.019,0.25,600.0,0.21,750.0,0.41,65.0,0.51,50.0,0.72,5.0,0.59,65.0,0.73,440.0,0.75,600.0,0.16,0.01,0.093233,1776204006000
1776204008.477,8.477,0.25,600.0,0.21,750.0,0.41,65.0,0.51,50.0,0.59,65.0,0.49,50.0,0.75,600.0,0.79,750.0,0.16,0.16,0.093233,1776204007000
1776204008.837,8.837,0.25,600.0,0.21,750.0,0.26,10.19,0.41,65.0,0.59,65.0,0.49,50.0,0.75,600.0,0.79,750.0,0.01,0.16,0.093233,1776204007000
1776204009.864,9.864,0.25,600.0,0.21,750.0,0.26,10.19,0.41,65.0,0.74,10.19,0.59,65.0,0.75,600.0,0.79,750.0,0.01,0.01,0.09323,1776204008000
1776204010.154,10.154,0.21,745.0,0.17,905.0,0.24,5.0,0.41,65.0,0.74,10.19,0.59,65.0,0.75,600.0,0.79,750.0,0.03,0.01,0.09323,1776204008000
1776204010.391,10.391,0.21,745.0,0.17,905.0,0.24,5.0,0.41,65.0,0.76,5.0,0.59,65.0,0.79,745.0,0.83,905.0,0.03,0.03,0.093232,1776204009000
1776204011.115,11.115,0.21,745.0,0.17,905.0,0.24,5.0,0.41,65.0,0.76,5.0,0.59,65.0,0.79,745.0,0.83,905.0,0.03,0.03,0.093231,1776204010000
1776204012.338,12.338,0.21,745.0,0.17,905.0,0.24,5.0,0.41,65.0,0.76,5.0,0.59,65.0,0.79,745.0,0.83,905.0,0.03,0.03,0.093234,1776204011000
1776204013.165,13.165,0.21,745.0,0.17,905.0,0.24,5.0,0.41,65.0,0.76,5.0,0.59,65.0,0.79,745.0,0.83,905.0,0.03,0.03,0.093231,1776204012000
1776204013.386,13.386,0.16,0.27,0.13,5.0,0.21,5.0,0.24,5.0,0.76,5.0,0.59,65.0,0.79,745.0,0.83,905.0,0.05,0.03,0.093231,1776204012000
1776204014.455,14.455,0.16,5.0,0.13,5.0,0.24,5.0,0.41,65.0,0.76,5.0,0.59,65.0,0.84,5.0,0.87,5.0,0.08,0.08,0.093233,1776204013000
1776204015.459,15.459,0.16,5.0,0.13,5.0,0.24,5.0,0.41,65.0,0.76,5.0,0.59,65.0,0.84,5.0,0.87,5.0,0.08,0.08,0.093235,1776204014000
1776204016.243,16.243,0.16,5.0,0.13,5.0,0.24,5.0,0.41,65.0,0.76,5.0,0.59,65.0,0.84,5.0,0.87,5.0,0.08,0.08,0.093235,1776204015000
1776204017.512,17.512,0.13,5.0,0.11,150.0,0.38,4.52,0.41,65.0,0.76,5.0,0.59,65.0,0.84,5.0,0.87,5.0,0.25,0.08,0.093235,1776204015000
1776204017.742,17.742,0.13,5.0,0.11,150.0,0.38,4.52,0.41,65.0,0.62,4.52,0.59,65.0,0.87,5.0,0.89,150.0,0.25,0.25,0.093231,1776204016000
1776204018.373,18.373,0.13,5.0,0.11,150.0,0.38,4.52,0.41,65.0,0.62,4.52,0.59,65.0,0.87,5.0,0.89,150.0,0.25,0.25,0.093225,1776204017000
1776204019.11,19.11,0.13,5.0,0.11,150.0,0.38,4.52,0.41,65.0,0.62,4.52,0.59,65.0,0.87,5.0,0.89,150.0,0.25,0.25,0.09322,1776204018000
1776204020.486,20.486,0.13,5.0,0.11,150.0,0.38,4.52,0.41,65.0,0.62,4.52,0.59,65.0,0.87,5.0,0.89,150.0,0.25,0.25,0.093217,1776204019000
1776204021.224,21.224,0.13,5.0,0.11,150.0,0.38,4.52,0.41,65.0,0.62,4.52,0.59,65.0,0.87,5.0,0.89,150.0,0.25,0.25,0.093211,1776204020000
1776204022.701,22.701,0.13,5.0,0.11,150.0,0.38,4.52,0.41,65.0,0.62,4.52,0.59,65.0,0.87,5.0,0.89,150.0,0.25,0.25,0.093211,1776204021000
1776204023.456,23.456,0.11,95.0,0.07,15.47,0.17,40.0,0.21,60.0,0.62,4.52,0.59,65.0,0.87,5.0,0.89,150.0,0.06,0.25,0.093211,1776204021000
1776204024.4,24.4,0.11,95.0,0.07,15.47,0.17,40.0,0.21,60.0,0.83,40.0,0.79,60.0,0.89,95.0,0.93,15.47,0.06,0.06,0.093188,1776204023000
1776204025.11,25.11,0.11,95.0,0.07,15.47,0.17,40.0,0.21,60.0,0.83,40.0,0.79,60.0,0.89,95.0,0.93,15.47,0.06,0.06,0.093182,1776204024000
1776204026.287,26.287,0.11,95.0,0.07,15.47,0.17,40.0,0.21,60.0,0.83,40.0,0.79,60.0,0.89,95.0,0.93,15.47,0.06,0.06,0.093143,1776204025000
1776204028.092,28.092,0.11,95.0,0.07,15.47,0.17,40.0,0.21,60.0,0.83,40.0,0.79,60.0,0.89,95.0,0.93,15.47,0.06,0.06,0.093141,1776204027000
1776204029.573,29.573,0.11,95.0,0.07,15.47,0.17,40.0,0.21,60.0,0.83,40.0,0.79,60.0,0.89,95.0,0.93,15.47,0.06,0.06,0.093147,1776204028000
1776204030.13,30.13,0.11,95.0,0.07,15.47,0.17,40.0,0.21,60.0,0.83,40.0,0.79,60.0,0.89,95.0,0.93,15.47,0.06,0.06,0.093146,1776204029000
1776204031.614,31.614,0.11,95.0,0.07,15.47,0.17,40.0,0.21,60.0,0.83,40.0,0.79,60.0,0.89,95.0,0.93,15.47,0.06,0.06,0.093149,1776204030000
1776204032.463,32.463,0.11,95.0,0.07,15.47,0.17,40.0,0.21,60.0,0.83,40.0,0.79,60.0,0.89,95.0,0.93,15.47,0.06,0.06,0.09315,1776204031000
1776204033.14,33.14,0.11,95.0,0.07,15.47,0.17,40.0,0.21,60.0,0.83,40.0,0.79,60.0,0.89,95.0,0.93,15.47,0.06,0.06,0.093148,1776204032000
1776204034.655,34.655,0.11,95.0,0.07,15.47,0.17,40.0,0.21,60.0,0.83,40.0,0.79,60.0,0.89,95.0,0.93,15.47,0.06,0.06,0.093148,1776204033000
1776204035.379,35.379,0.11,95.0,0.07,15.47,0.17,40.0,0.21,60.0,0.83,40.0,0.79,60.0,0.89,95.0,0.93,15.47,0.06,0.06,0.093148,1776204034000
1776204036.074,36.074,0.11,95.0,0.07,15.47,0.17,40.0,0.21,60.0,0.83,40.0,0.79,60.0,0.89,95.0,0.93,15.47,0.06,0.06,0.093154,1776204035000
1776204037.484,37.484,0.11,95.0,0.07,15.47,0.17,40.0,0.21,60.0,0.83,40.0,0.79,60.0,0.89,95.0,0.93,15.47,0.06,0.06,0.093154,1776204036000
1776204038.286,38.286,0.11,95.0,0.07,15.47,0.17,40.0,0.21,60.0,0.83,40.0,0.79,60.0,0.89,95.0,0.93,15.47,0.06,0.06,0.093159,1776204037000
1776204039.604,39.604,0.11,95.0,0.07,15.47,0.17,40.0,0.21,60.0,0.83,40.0,0.79,60.0,0.89,95.0,0.93,15.47,0.06,0.06,0.093164,1776204038000
1776204040.37,40.37,0.11,95.0,0.07,15.47,0.17,40.0,0.21,60.0,0.83,40.0,0.79,60.0,0.89,95.0,0.93,15.47,0.06,0.06,0.093168,1776204039000
1776204041.182,41.182,0.11,95.0,0.07,15.47,0.17,40.0,0.21,60.0,0.83,40.0,0.79,60.0,0.89,95.0,0.93,15.47,0.06,0.06,0.093168,1776204040000
1776204042.884,42.884,0.11,95.0,0.07,15.47,0.17,40.0,0.21,60.0,0.83,40.0,0.79,60.0,0.89,95.0,0.93,15.47,0.06,0.06,0.093159,1776204041000
1776204043.481,43.481,0.11,95.0,0.07,15.47,0.17,40.0,0.21,60.0,0.83,40.0,0.79,60.0,0.89,95.0,0.93,15.47,0.06,0.06,0.093155,1776204042000
1776204043.976,43.976,0.11,95.0,0.07,15.47,0.17,40.0,0.21,60.0,0.83,40.0,0.79,60.0,0.89,95.0,0.93,15.47,0.06,0.06,0.093155,1776204043000
1776204045.112,45.112,0.11,95.0,0.07,15.47,0.17,40.0,0.21,60.0,0.83,40.0,0.79,60.0,0.89,95.0,0.93,15.47,0.06,0.06,0.093162,1776204044000
1776204046.044,46.044,0.11,95.0,0.07,15.47,0.17,40.0,0.21,60.0,0.83,40.0,0.79,60.0,0.89,95.0,0.93,15.47,0.06,0.06,0.093158,1776204045000
1776204047.103,47.103,0.11,95.0,0.07,15.47,0.17,40.0,0.21,60.0,0.83,40.0,0.79,60.0,0.89,95.0,0.93,15.47,0.06,0.06,0.093163,1776204046000
1776204048.085,48.085,0.11,95.0,0.07,15.47,0.17,40.0,0.21,60.0,0.83,40.0,0.79,60.0,0.89,95.0,0.93,15.47,0.06,0.06,0.093163,1776204047000
1776204049.105,49.105,0.11,95.0,0.07,15.47,0.17,40.0,0.21,60.0,0.83,40.0,0.79,60.0,0.89,95.0,0.93,15.47,0.06,0.06,0.093164,1776204048000
1776204050.123,50.123,0.14,21.6,0.13,23.0,0.17,15.0,0.21,10.0,0.83,15.0,0.79,10.0,0.86,21.6,0.87,23.0,0.03,0.03,0.093167,1776204049000
1776204058.361,58.361,0.14,21.6,0.13,23.0,0.17,15.0,0.21,10.0,0.83,15.0,0.79,10.0,0.86,21.6,0.87,23.0,0.03,0.03,0.093203,1776204057000
1776204059.142,59.142,0.14,21.6,0.13,23.0,0.17,15.0,0.21,10.0,0.83,15.0,0.79,10.0,0.86,21.6,0.87,23.0,0.03,0.03,0.093202,1776204058000
1776204060.112,60.112,0.14,21.6,0.13,23.0,0.17,15.0,0.21,10.0,0.83,15.0,0.79,10.0,0.86,21.6,0.87,23.0,0.03,0.03,0.093202,1776204059000
1776204060.822,60.822,0.21,3.61,0.2,16.2,0.24,21.0,0.25,10.0,0.83,15.0,0.79,10.0,0.86,21.6,0.87,23.0,0.03,0.03,0.093202,1776204059000
1776204061.228,61.228,0.21,3.61,0.2,16.2,0.24,21.0,0.25,10.0,0.76,21.0,0.75,10.0,0.79,3.61,0.8,16.2,0.03,0.03,0.093203,1776204060000
1776204062.355,62.355,0.21,3.61,0.2,16.2,0.24,21.0,0.25,10.0,0.76,21.0,0.75,10.0,0.79,3.61,0.8,16.2,0.03,0.03,0.093206,1776204061000
1776204062.921,62.921,0.21,3.61,0.2,16.2,0.24,21.0,0.25,10.0,0.76,21.0,0.75,10.0,0.79,3.61,0.8,16.2,0.03,0.03,0.093205,1776204062000
1776204063.133,63.133,0.21,3.61,0.2,12.5,0.24,11.0,0.25,10.0,0.76,21.0,0.75,10.0,0.79,3.61,0.8,16.2,0.03,0.03,0.093205,1776204062000
1776204063.983,63.983,0.21,3.61,0.2,12.5,0.24,11.0,0.25,10.0,0.76,11.0,0.75,10.0,0.79,3.61,0.8,12.5,0.03,0.03,0.093209,1776204063000
1776204064.96,64.96,0.21,3.61,0.2,12.5,0.24,11.0,0.25,10.0,0.76,11.0,0.75,10.0,0.79,3.61,0.8,12.5,0.03,0.03,0.093203,1776204064000
1776204065.93,65.93,0.21,3.61,0.2,12.5,0.24,11.0,0.25,10.0,0.76,11.0,0.75,10.0,0.79,3.61,0.8,12.5,0.03,0.03,0.093201,1776204065000
1776204066.942,66.942,0.21,3.61,0.2,12.5,0.24,11.0,0.25,10.0,0.76,11.0,0.75,10.0,0.79,3.61,0.8,12.5,0.03,0.03,0.093196,1776204066000
1776204068.017,68.017,0.21,3.61,0.2,12.5,0.24,11.0,0.25,10.0,0.76,11.0,0.75,10.0,0.79,3.61,0.8,12.5,0.03,0.03,0.093196,1776204067000
1776204068.798,68.798,0.2,11.06,0.14,37.07,0.22,25.0,0.23,10.0,0.76,11.0,0.75,10.0,0.79,3.61,0.8,12.5,0.02,0.03,0.093196,1776204067000
1776204069.998,69.998,0.2,11.06,0.14,37.07,0.22,25.0,0.23,10.0,0.78,25.0,0.77,10.0,0.8,11.06,0.86,37.07,0.02,0.02,0.093196,1776204068000
1776204071.026,71.026,0.2,11.06,0.14,37.07,0.22,25.0,0.23,10.0,0.78,25.0,0.77,10.0,0.8,11.06,0.86,37.07,0.02,0.02,0.09319,1776204069000
1776204071.633,71.633,0.2,11.06,0.1,15.47,0.21,88.0,0.24,20.0,0.78,25.0,0.77,10.0,0.8,11.06,0.86,37.07,0.01,0.02,0.09319,1776204069000
1776204071.947,71.947,0.2,8.88,0.1,15.47,0.21,88.0,0.24,20.0,0.79,88.0,0.76,20.0,0.8,8.88,0.9,15.47,0.01,0.01,0.093174,1776204070000
1776204072.86,72.86,0.2,8.88,0.1,15.47,0.21,88.0,0.24,20.0,0.79,88.0,0.76,20.0,0.8,8.88,0.9,15.47,0.01,0.01,0.093165,1776204071000
1776204073.715,73.715,0.2,8.88,0.1,15.47,0.21,88.0,0.24,20.0,0.79,88.0,0.76,20.0,0.8,8.88,0.9,15.47,0.01,0.01,0.093158,1776204072000
1776204074.112,74.112,0.2,2.71,0.11,15.47,0.21,83.0,0.25,20.0,0.79,88.0,0.76,20.0,0.8,8.88,0.9,15.47,0.01,0.01,0.093158,1776204072000
1776204074.377,74.377,0.2,2.71,0.11,15.47,0.21,83.0,0.25,20.0,0.79,83.0,0.75,20.0,0.8,2.71,0.89,15.47,0.01,0.01,0.093158,1776204073000
1776204075.096,75.096,0.2,2.71,0.11,15.47,0.21,83.0,0.25,20.0,0.79,83.0,0.75,20.0,0.8,2.71,0.89,15.47,0.01,0.01,0.093161,1776204074000
1776204076.774,76.774,0.2,2.71,0.11,15.47,0.21,83.0,0.25,20.0,0.79,83.0,0.75,20.0,0.8,2.71,0.89,15.47,0.01,0.01,0.093162,1776204075000
1776204077.498,77.498,0.2,2.71,0.11,15.47,0.21,83.0,0.25,20.0,0.79,83.0,0.75,20.0,0.8,2.71,0.89,15.47,0.01,0.01,0.093156,1776204076000
1776204078.244,78.244,0.2,2.71,0.11,15.47,0.21,83.0,0.25,20.0,0.79,83.0,0.75,20.0,0.8,2.71,0.89,15.47,0.01,0.01,0.093156,1776204077000
1776204079.609,79.609,0.2,2.71,0.11,15.47,0.21,83.0,0.25,20.0,0.79,83.0,0.75,20.0,0.8,2.71,0.89,15.47,0.01,0.01,0.093157,1776204078000
1776204079.821,79.821,0.2,2.71,0.12,15.47,0.21,93.7,0.22,15.2,0.79,83.0,0.75,20.0,0.8,2.71,0.89,15.47,0.01,0.01,0.093157,1776204078000
1776204080.305,80.305,0.2,2.71,0.12,15.47,0.21,93.7,0.22,15.2,0.79,93.7,0.78,15.2,0.8,2.71,0.88,15.47,0.01,0.01,0.093155,1776204079000
1776204081.789,81.789,0.2,2.71,0.12,15.47,0.21,93.7,0.22,15.2,0.79,93.7,0.78,15.2,0.8,2.71,0.88,15.47,0.01,0.01,0.093154,1776204080000
1776204082.466,82.466,0.2,2.71,0.12,15.47,0.21,93.7,0.22,15.2,0.79,93.7,0.78,15.2,0.8,2.71,0.88,15.47,0.01,0.01,0.093153,1776204081000
1776204083.206,83.206,0.2,2.71,0.12,15.47,0.21,93.7,0.22,15.2,0.79,93.7,0.78,15.2,0.8,2.71,0.88,15.47,0.01,0.01,0.093153,1776204082000
1776204084.581,84.581,0.2,2.71,0.12,15.47,0.21,93.7,0.22,15.2,0.79,93.7,0.78,15.2,0.8,2.71,0.88,15.47,0.01,0.01,0.093156,1776204083000
1776204085.685,85.685,0.2,2.71,0.12,15.47,0.21,93.7,0.22,15.2,0.79,93.7,0.78,15.2,0.8,2.71,0.88,15.47,0.01,0.01,0.093154,1776204084000
1776204086.297,86.297,0.2,2.71,0.12,15.47,0.21,93.7,0.22,15.2,0.79,93.7,0.78,15.2,0.8,2.71,0.88,15.47,0.01,0.01,0.093154,1776204085000
1776204087.612,87.612,0.2,2.71,0.12,15.47,0.21,93.7,0.22,15.2,0.79,93.7,0.78,15.2,0.8,2.71,0.88,15.47,0.01,0.01,0.093155,1776204086000
1776204088.344,88.344,0.2,2.71,0.12,15.47,0.21,93.7,0.22,15.2,0.79,93.7,0.78,15.2,0.8,2.71,0.88,15.47,0.01,0.01,0.093155,1776204087000
1776204089.024,89.024,0.2,2.71,0.13,15.47,0.21,88.7,0.22,15.2,0.79,93.7,0.78,15.2,0.8,2.71,0.88,15.47,0.01,0.01,0.093155,1776204087000
1776204089.392,89.392,0.2,2.71,0.13,15.47,0.21,88.7,0.22,15.2,0.79,88.7,0.78,15.2,0.8,2.71,0.87,15.47,0.01,0.01,0.093155,1776204088000
1776204089.9,89.9,0.2,2.71,0.13,15.47,0.21,88.7,0.22,15.2,0.79,88.7,0.78,15.2,0.8,2.71,0.87,15.47,0.01,0.01,0.09316,1776204089000
1776204090.924,90.924,0.2,2.71,0.13,15.47,0.21,88.7,0.22,15.2,0.79,88.7,0.78,15.2,0.8,2.71,0.87,15.47,0.01,0.01,0.093159,1776204090000
1776204091.886,91.886,0.2,2.71,0.13,15.47,0.21,88.7,0.22,15.2,0.79,88.7,0.78,15.2,0.8,2.71,0.87,15.47,0.01,0.01,0.093168,1776204091000
1776204092.888,92.888,0.2,2.71,0.13,15.47,0.21,88.7,0.22,15.2,0.79,88.7,0.78,15.2,0.8,2.71,0.87,15.47,0.01,0.01,0.093167,1776204092000
1776204093.846,93.846,0.2,2.71,0.13,15.47,0.21,88.7,0.22,15.2,0.79,88.7,0.78,15.2,0.8,2.71,0.87,15.47,0.01,0.01,0.093167,1776204093000
1776204094.9,94.9,0.2,2.71,0.13,15.47,0.21,88.7,0.22,15.2,0.79,88.7,0.78,15.2,0.8,2.71,0.87,15.47,0.01,0.01,0.093167,1776204094000
1776204095.788,95.788,0.2,2.71,0.13,15.47,0.21,88.7,0.22,15.2,0.79,88.7,0.78,15.2,0.8,2.71,0.87,15.47,0.01,0.01,0.093169,1776204095000
1776204097.269,97.269,0.2,2.71,0.13,15.47,0.21,88.7,0.22,15.2,0.79,88.7,0.78,15.2,0.8,2.71,0.87,15.47,0.01,0.01,0.093169,1776204096000
1776204098.504,98.504,0.2,2.71,0.13,15.47,0.21,88.7,0.22,15.2,0.79,88.7,0.78,15.2,0.8,2.71,0.87,15.47,0.01,0.01,0.093168,1776204097000
1776204099.055,99.055,0.2,2.71,0.13,15.47,0.21,88.7,0.22,15.2,0.79,88.7,0.78,15.2,0.8,2.71,0.87,15.47,0.01,0.01,0.093168,1776204098000
1776204099.989,99.989,0.2,2.71,0.13,15.47,0.21,88.7,0.22,15.2,0.79,88.7,0.78,15.2,0.8,2.71,0.87,15.47,0.01,0.01,0.093168,1776204099000
1776204101.12,101.12,0.2,2.71,0.13,15.47,0.21,88.7,0.22,15.2,0.79,88.7,0.78,15.2,0.8,2.71,0.87,15.47,0.01,0.01,0.093168,1776204100000
1776204102.625,102.625,0.2,2.71,0.13,15.47,0.21,88.7,0.22,15.2,0.79,88.7,0.78,15.2,0.8,2.71,0.87,15.47,0.01,0.01,0.093169,1776204101000
1776204103.167,103.167,0.2,2.71,0.13,15.47,0.21,88.7,0.22,15.2,0.79,88.7,0.78,15.2,0.8,2.71,0.87,15.47,0.01,0.01,0.093168,1776204102000
1776204104.245,104.245,0.2,2.71,0.13,15.47,0.21,88.7,0.22,15.2,0.79,88.7,0.78,15.2,0.8,2.71,0.87,15.47,0.01,0.01,0.093168,1776204103000
1776204105.339,105.339,0.2,2.71,0.13,15.47,0.21,88.7,0.22,15.2,0.79,88.7,0.78,15.2,0.8,2.71,0.87,15.47,0.01,0.01,0.093168,1776204104000
1776204106.379,106.379,0.2,2.71,0.13,15.47,0.21,88.7,0.22,15.2,0.79,88.7,0.78,15.2,0.8,2.71,0.87,15.47,0.01,0.01,0.093168,1776204105000
1776204106.937,106.937,0.2,2.71,0.13,15.47,0.21,88.7,0.22,15.2,0.79,88.7,0.78,15.2,0.8,2.71,0.87,15.47,0.01,0.01,0.093168,1776204106000
1776204108.053,108.053,0.2,2.71,0.13,15.47,0.21,88.7,0.22,15.2,0.79,88.7,0.78,15.2,0.8,2.71,0.87,15.47,0.01,0.01,0.093168,1776204107000
1776204109.183,109.183,0.2,2.71,0.13,15.47,0.21,88.7,0.22,15.2,0.79,88.7,0.78,15.2,0.8,2.71,0.87,15.47,0.01,0.01,0.093168,1776204108000
1776204110.234,110.234,0.2,2.71,0.13,15.47,0.21,88.7,0.22,15.2,0.79,88.7,0.78,15.2,0.8,2.71,0.87,15.47,0.01,0.01,0.093168,1776204109000
1776204111.346,111.346,0.2,2.71,0.13,15.47,0.21,88.7,0.22,15.2,0.79,88.7,0.78,15.2,0.8,2.71,0.87,15.47,0.01,0.01,0.093168,1776204110000
1776204111.631,111.631,0.2,2.71,0.13,15.47,0.21,63.0,0.22,15.2,0.79,88.7,0.78,15.2,0.8,2.71,0.87,15.47,0.01,0.01,0.093168,1776204110000
1776204111.914,111.914,0.2,2.71,0.13,15.47,0.21,63.0,0.22,15.2,0.79,63.0,0.78,15.2,0.8,2.71,0.87,15.47,0.01,0.01,0.093168,1776204111000
1776204112.88,112.88,0.14,13.47,0.11,26.6,0.21,81.0,0.22,15.2,0.79,63.0,0.78,15.2,0.8,2.71,0.87,15.47,0.07,0.01,0.093168,1776204111000
1776204114.061,114.061,0.14,13.47,0.11,26.6,0.21,81.0,0.22,15.2,0.79,81.0,0.78,15.2,0.86,13.47,0.89,26.6,0.07,0.07,0.093179,1776204113000
1776204115.228,115.228,0.14,13.47,0.11,26.6,0.21,81.0,0.22,15.2,0.79,81.0,0.78,15.2,0.86,13.47,0.89,26.6,0.07,0.07,0.093182,1776204114000
1776204116.953,116.953,0.14,13.47,0.11,26.6,0.21,81.0,0.22,15.2,0.79,81.0,0.78,15.2,0.86,13.47,0.89,26.6,0.07,0.07,0.093179,1776204115000
1776204117.438,117.438,0.14,13.47,0.11,26.6,0.21,81.0,0.22,15.2,0.79,81.0,0.78,15.2,0.86,13.47,0.89,26.6,0.07,0.07,0.093179,1776204116000
1776204118.004,118.004,0.14,13.47,0.11,26.6,0.21,81.0,0.22,15.2,0.79,81.0,0.78,15.2,0.86,13.47,0.89,26.6,0.07,0.07,0.093179,1776204117000
1776204118.944,118.944,0.14,13.47,0.11,26.6,0.21,81.0,0.22,15.2,0.79,81.0,0.78,15.2,0.86,13.47,0.89,26.6,0.07,0.07,0.093185,1776204118000
1776204119.919,119.919,0.14,13.47,0.11,26.6,0.21,81.0,0.22,15.2,0.79,81.0,0.78,15.2,0.86,13.47,0.89,26.6,0.07,0.07,0.093187,1776204119000
1776204120.911,120.911,0.14,13.47,0.11,26.6,0.21,81.0,0.22,15.2,0.79,81.0,0.78,15.2,0.86,13.47,0.89,26.6,0.07,0.07,0.093187,1776204120000
1776204121.966,121.966,0.14,13.47,0.11,26.6,0.21,81.0,0.22,15.2,0.79,81.0,0.78,15.2,0.86,13.47,0.89,26.6,0.07,0.07,0.093187,1776204121000
1776204122.891,122.891,0.14,13.47,0.11,26.6,0.21,81.0,0.22,15.2,0.79,81.0,0.78,15.2,0.86,13.47,0.89,26.6,0.07,0.07,0.093187,1776204122000
1776204123.336,123.336,0.14,21.6,0.13,43.0,0.21,15.0,0.34,11.6,0.79,81.0,0.78,15.2,0.86,13.47,0.89,26.6,0.07,0.07,0.093187,1776204122000
1776204123.919,123.919,0.14,21.6,0.13,43.0,0.21,15.0,0.34,11.6,0.79,15.0,0.66,11.6,0.86,21.6,0.87,43.0,0.07,0.07,0.093187,1776204123000
1776204124.976,124.976,0.14,21.6,0.13,43.0,0.21,15.0,0.34,11.6,0.79,15.0,0.66,11.6,0.86,21.6,0.87,43.0,0.07,0.07,0.093204,1776204124000
1776204125.944,125.944,0.14,21.6,0.13,43.0,0.21,15.0,0.34,11.6,0.79,15.0,0.66,11.6,0.86,21.6,0.87,43.0,0.07,0.07,0.093223,1776204125000
1776204126.962,126.962,0.14,21.6,0.13,43.0,0.21,15.0,0.34,11.6,0.79,15.0,0.66,11.6,0.86,21.6,0.87,43.0,0.07,0.07,0.093222,1776204126000
1776204127.533,127.533,0.2,16.2,0.19,16.89,0.21,10.0,0.28,20.0,0.79,15.0,0.66,11.6,0.86,21.6,0.87,43.0,0.01,0.07,0.093222,1776204126000
1776204127.954,127.954,0.2,16.2,0.19,16.89,0.21,10.0,0.28,20.0,0.79,10.0,0.72,20.0,0.8,16.2,0.81,16.89,0.01,0.01,0.093222,1776204127000
1776204129.007,129.007,0.2,16.2,0.19,16.89,0.21,10.0,0.28,20.0,0.79,10.0,0.72,20.0,0.8,16.2,0.81,16.89,0.01,0.01,0.093218,1776204128000
1776204130.215,130.215,0.2,16.2,0.19,16.89,0.21,10.0,0.28,20.0,0.79,10.0,0.72,20.0,0.8,16.2,0.81,16.89,0.01,0.01,0.093218,1776204129000
1776204132.156,132.156,0.2,16.2,0.19,16.89,0.21,10.0,0.28,20.0,0.79,10.0,0.72,20.0,0.8,16.2,0.81,16.89,0.01,0.01,0.093219,1776204131000
1776204133.564,133.564,0.2,16.2,0.19,16.89,0.21,10.0,0.28,20.0,0.79,10.0,0.72,20.0,0.8,16.2,0.81,16.89,0.01,0.01,0.093219,1776204132000
1776204134.2,134.2,0.2,16.2,0.19,16.89,0.21,10.0,0.28,20.0,0.79,10.0,0.72,20.0,0.8,16.2,0.81,16.89,0.01,0.01,0.093219,1776204133000
1776204135.763,135.763,0.2,16.2,0.19,16.89,0.21,10.0,0.28,20.0,0.79,10.0,0.72,20.0,0.8,16.2,0.81,16.89,0.01,0.01,0.093219,1776204134000
1776204136.445,136.445,0.2,16.2,0.19,16.89,0.21,10.0,0.28,20.0,0.79,10.0,0.72,20.0,0.8,16.2,0.81,16.89,0.01,0.01,0.093218,1776204135000
1776204137.078,137.078,0.2,16.2,0.19,16.89,0.21,10.0,0.28,20.0,0.79,10.0,0.72,20.0,0.8,16.2,0.81,16.89,0.01,0.01,0.093218,1776204136000
1776204138.344,138.344,0.2,16.2,0.19,16.89,0.21,10.0,0.28,20.0,0.79,10.0,0.72,20.0,0.8,16.2,0.81,16.89,0.01,0.01,0.093218,1776204137000
1776204138.927,138.927,0.2,16.2,0.19,16.89,0.21,10.0,0.28,20.0,0.79,10.0,0.72,20.0,0.8,16.2,0.81,16.89,0.01,0.01,0.093218,1776204138000
1776204140.379,140.379,0.2,16.2,0.19,16.89,0.21,10.0,0.28,20.0,0.79,10.0,0.72,20.0,0.8,16.2,0.81,16.89,0.01,0.01,0.093218,1776204139000
1776204141.038,141.038,0.2,16.2,0.19,16.89,0.21,10.0,0.28,20.0,0.79,10.0,0.72,20.0,0.8,16.2,0.81,16.89,0.01,0.01,0.093218,1776204140000
1776204142.378,142.378,0.2,16.2,0.19,16.89,0.21,10.0,0.28,20.0,0.79,10.0,0.72,20.0,0.8,16.2,0.81,16.89,0.01,0.01,0.093217,1776204141000
1776204143.028,143.028,0.2,16.2,0.19,16.89,0.21,10.0,0.28,20.0,0.79,10.0,0.72,20.0,0.8,16.2,0.81,16.89,0.01,0.01,0.093217,1776204142000
1776204144.222,144.222,0.2,16.2,0.19,16.89,0.21,10.0,0.28,20.0,0.79,10.0,0.72,20.0,0.8,16.2,0.81,16.89,0.01,0.01,0.093219,1776204143000
1776204145.53,145.53,0.2,16.2,0.19,16.89,0.21,10.0,0.28,20.0,0.79,10.0,0.72,20.0,0.8,16.2,0.81,16.89,0.01,0.01,0.093219,1776204144000
1776204146.173,146.173,0.2,16.2,0.19,16.89,0.21,10.0,0.28,20.0,0.79,10.0,0.72,20.0,0.8,16.2,0.81,16.89,0.01,0.01,0.093219,1776204145000
1776204148.003,148.003,0.2,16.2,0.19,16.89,0.21,10.0,0.28,20.0,0.79,10.0,0.72,20.0,0.8,16.2,0.81,16.89,0.01,0.01,0.093218,1776204146000
1776204148.539,148.539,0.2,16.2,0.19,16.89,0.21,10.0,0.28,20.0,0.79,10.0,0.72,20.0,0.8,16.2,0.81,16.89,0.01,0.01,0.093218,1776204147000
1776204149.07,149.07,0.2,16.2,0.19,16.89,0.21,10.0,0.28,20.0,0.79,10.0,0.72,20.0,0.8,16.2,0.81,16.89,0.01,0.01,0.093219,1776204148000
1776204150.186,150.186,0.2,16.2,0.19,16.89,0.21,10.0,0.28,20.0,0.79,10.0,0.72,20.0,0.8,16.2,0.81,16.89,0.01,0.01,0.093219,1776204149000
1776204151.172,151.172,0.2,16.2,0.19,16.89,0.21,10.0,0.28,20.0,0.79,10.0,0.72,20.0,0.8,16.2,0.81,16.89,0.01,0.01,0.093227,1776204150000
1776204152.226,152.226,0.2,16.2,0.19,16.89,0.21,10.0,0.28,20.0,0.79,10.0,0.72,20.0,0.8,16.2,0.81,16.89,0.01,0.01,0.093239,1776204151000
1776204153.243,153.243,0.2,16.2,0.19,16.89,0.21,10.0,0.28,20.0,0.79,10.0,0.72,20.0,0.8,16.2,0.81,16.89,0.01,0.01,0.09324,1776204152000
1776204154.199,154.199,0.2,16.2,0.19,16.89,0.21,10.0,0.28,20.0,0.79,10.0,0.72,20.0,0.8,16.2,0.81,16.89,0.01,0.01,0.09324,1776204153000
1776204155.326,155.326,0.2,16.2,0.19,16.89,0.21,10.0,0.28,20.0,0.79,10.0,0.72,20.0,0.8,16.2,0.81,16.89,0.01,0.01,0.093242,1776204154000
1776204156.352,156.352,0.2,16.2,0.19,16.89,0.21,10.0,0.28,20.0,0.79,10.0,0.72,20.0,0.8,16.2,0.81,16.89,0.01,0.01,0.093242,1776204155000
1776204157.405,157.405,0.2,16.2,0.19,16.89,0.21,10.0,0.28,20.0,0.79,10.0,0.72,20.0,0.8,16.2,0.81,16.89,0.01,0.01,0.093242,1776204156000
1776204157.959,157.959,0.2,16.2,0.19,16.89,0.21,10.0,0.28,20.0,0.79,10.0,0.72,20.0,0.8,16.2,0.81,16.89,0.01,0.01,0.093237,1776204157000
1776204158.973,158.973,0.2,16.2,0.19,16.89,0.21,10.0,0.28,20.0,0.79,10.0,0.72,20.0,0.8,16.2,0.81,16.89,0.01,0.01,0.093242,1776204158000
1776204159.951,159.951,0.2,16.2,0.19,16.89,0.21,10.0,0.28,20.0,0.79,10.0,0.72,20.0,0.8,16.2,0.81,16.89,0.01,0.01,0.093244,1776204159000
1776204160.213,160.213,0.26,13.5,0.25,13.9,0.39,20.0,0.41,60.7,0.79,10.0,0.72,20.0,0.8,16.2,0.81,16.89,0.13,0.01,0.093244,1776204159000
1776204161.413,161.413,0.26,13.5,0.25,13.9,0.39,20.0,0.41,60.7,0.61,20.0,0.59,60.7,0.74,13.5,0.75,13.9,0.13,0.13,0.093244,1776204160000
1776204162.061,162.061,0.26,13.5,0.25,13.9,0.39,20.0,0.41,60.7,0.61,20.0,0.59,60.7,0.74,13.5,0.75,13.9,0.13,0.13,0.093244,1776204161000
1776204162.746,162.746,0.25,13.9,0.24,14.3,0.39,8.33,0.4,10.8,0.61,20.0,0.59,60.7,0.74,13.5,0.75,13.9,0.14,0.13,0.093244,1776204161000
1776204163.109,163.109,0.25,13.9,0.24,14.3,0.39,8.33,0.4,10.8,0.61,8.33,0.6,10.8,0.75,13.9,0.76,14.3,0.14,0.14,0.093247,1776204162000
1776204164.281,164.281,0.25,13.9,0.24,14.3,0.39,8.33,0.4,10.8,0.61,8.33,0.6,10.8,0.75,13.9,0.76,14.3,0.14,0.14,0.093244,1776204163000
1776204165.492,165.492,0.25,13.9,0.24,14.3,0.39,8.33,0.4,10.8,0.61,8.33,0.6,10.8,0.75,13.9,0.76,14.3,0.14,0.14,0.093244,1776204164000
1776204165.899,165.899,0.25,13.9,0.24,14.3,0.39,8.33,0.4,10.8,0.61,8.33,0.6,10.8,0.75,13.9,0.76,14.3,0.14,0.14,0.093249,1776204165000
1776204166.976,166.976,0.25,13.9,0.24,14.3,0.39,8.33,0.4,10.8,0.61,8.33,0.6,10.8,0.75,13.9,0.76,14.3,0.14,0.14,0.093246,1776204166000
1776204168.174,168.174,0.25,13.9,0.24,14.3,0.39,8.33,0.4,10.8,0.61,8.33,0.6,10.8,0.75,13.9,0.76,14.3,0.14,0.14,0.093246,1776204167000
1776204169.198,169.198,0.25,13.9,0.24,14.3,0.39,8.33,0.4,10.8,0.61,8.33,0.6,10.8,0.75,13.9,0.76,14.3,0.14,0.14,0.093246,1776204168000
1776204169.74,169.74,0.14,19.18,0.13,23.0,0.31,59.0,0.33,20.0,0.61,8.33,0.6,10.8,0.75,13.9,0.76,14.3,0.17,0.14,0.093246,1776204168000
1776204170.301,170.301,0.14,19.18,0.13,23.0,0.31,59.0,0.33,20.0,0.69,59.0,0.67,20.0,0.86,19.18,0.87,23.0,0.17,0.17,0.093234,1776204169000
1776204170.946,170.946,0.14,19.18,0.13,23.0,0.31,59.0,0.33,20.0,0.69,59.0,0.67,20.0,0.86,19.18,0.87,23.0,0.17,0.17,0.093227,1776204170000
1776204172.005,172.005,0.14,19.18,0.13,23.0,0.31,59.0,0.33,20.0,0.69,59.0,0.67,20.0,0.86,19.18,0.87,23.0,0.17,0.17,0.093223,1776204171000
1776204173.192,173.192,0.08,35.29,0.07,39.9,0.21,21.7,0.29,12.6,0.79,21.7,0.71,12.6,0.92,35.29,0.93,39.9,0.13,0.13,0.093225,1776204172000
1776204173.543,173.543,0.09,15.0,0.04,14.0,0.13,20.0,0.15,6.0,0.79,21.7,0.71,12.6,0.92,35.29,0.93,39.9,0.04,0.13,0.093225,1776204172000
1776204174.198,174.198,0.09,15.0,0.04,14.0,0.13,20.0,0.15,6.0,0.87,20.0,0.85,6.0,0.91,15.0,0.96,14.0,0.04,0.04,0.093199,1776204173000
1776204174.487,174.487,0.04,76.7,0.03,123.98,0.15,20.0,0.21,21.7,0.87,20.0,0.85,6.0,0.91,15.0,0.96,14.0,0.11,0.04,0.093199,1776204173000
1776204175.708,175.708,0.04,76.7,0.03,123.98,0.15,20.0,0.21,21.7,0.85,20.0,0.79,21.7,0.96,76.7,0.97,123.98,0.11,0.11,0.093157,1776204174000
1776204176.401,176.401,0.04,76.7,0.03,123.98,0.15,20.0,0.21,21.7,0.85,20.0,0.79,21.7,0.96,76.7,0.97,123.98,0.11,0.11,0.093155,1776204175000
1776204177.064,177.064,0.04,76.7,0.03,123.98,0.15,20.0,0.16,20.0,0.85,20.0,0.79,21.7,0.96,76.7,0.97,123.98,0.11,0.11,0.093155,1776204175000
1776204177.269,177.269,0.04,71.7,0.03,123.98,0.15,20.0,0.16,20.0,0.85,20.0,0.84,20.0,0.96,76.7,0.97,123.98,0.11,0.11,0.09315,1776204176000
1776204177.569,177.569,0.04,50.86,0.03,123.98,0.15,20.0,0.17,20.0,0.85,20.0,0.84,20.0,0.96,71.7,0.97,123.98,0.11,0.11,0.09315,1776204176000
1776204178.454,178.454,0.04,50.86,0.03,123.98,0.15,20.0,0.17,20.0,0.85,20.0,0.83,20.0,0.96,50.86,0.97,123.98,0.11,0.11,0.09315,1776204177000
1776204179.193,179.193,0.04,50.86,0.03,123.98,0.15,20.0,0.17,20.0,0.85,20.0,0.83,20.0,0.96,50.86,0.97,123.98,0.11,0.11,0.09315,1776204178000
1776204180.754,180.754,0.04,50.86,0.03,123.98,0.15,20.0,0.17,20.0,0.85,20.0,0.83,20.0,0.96,50.86,0.97,123.98,0.11,0.11,0.093136,1776204179000
1776204181.453,181.453,0.04,50.86,0.03,123.98,0.15,20.0,0.17,20.0,0.85,20.0,0.83,20.0,0.96,50.86,0.97,123.98,0.11,0.11,0.093142,1776204180000
1776204181.944,181.944,0.03,33.13,0.02,15.0,0.1,5.0,0.11,5.0,0.85,20.0,0.83,20.0,0.96,50.86,0.97,123.98,0.07,0.11,0.093142,1776204180000
1776204182.414,182.414,0.03,29.99,0.02,15.0,0.1,5.0,0.11,21.0,0.9,5.0,0.89,5.0,0.97,33.13,0.98,15.0,0.07,0.07,0.093142,1776204181000
1776204183.326,183.326,0.03,29.99,0.02,15.0,0.1,5.0,0.11,21.0,0.9,5.0,0.89,21.0,0.97,29.99,0.98,15.0,0.07,0.07,0.093117,1776204182000
1776204184.166,184.166,0.03,29.99,0.02,15.0,0.1,5.0,0.11,21.0,0.9,5.0,0.89,21.0,0.97,29.99,0.98,15.0,0.07,0.07,0.093107,1776204183000
1776204185.11,185.11,0.03,27.92,0.02,15.0,0.05,11.28,0.06,11.7,0.9,5.0,0.89,21.0,0.97,29.99,0.98,15.0,0.02,0.07,0.093107,1776204183000
1776204185.341,185.341,0.03,27.92,0.02,15.0,0.05,11.28,0.06,11.7,0.95,6.28,0.94,11.7,0.97,27.92,0.98,15.0,0.02,0.02,0.093095,1776204184000
1776204186.071,186.071,,,,,0.01,662.08,0.05,11.28,0.95,6.28,0.94,11.7,0.97,27.92,0.98,15.0,,0.02,0.093095,1776204184000
1776204186.365,186.365,,,,,0.01,23.11,0.05,11.28,0.99,662.08,0.95,11.28,,,,,,,0.093095,1776204184000
1776204186.596,186.596,,,,,0.01,18.15,0.05,11.28,0.99,18.15,0.95,11.28,,,,,,,0.093092,1776204185000
1776204187.227,187.227,,,,,0.01,13.15,0.05,11.28,0.99,13.15,0.95,11.28,,,,,,,0.093066,1776204186000
1776204187.504,187.504,,,,,0.01,4.87,0.05,64.96,0.99,13.15,0.95,11.28,,,,,,,0.093066,1776204186000
1776204188.734,188.734,,,,,0.01,4.87,0.05,64.96,0.99,4.87,0.95,64.96,,,,,,,0.093082,1776204187000
1776204189.332,189.332,,,,,0.01,4.87,0.05,64.96,0.99,4.87,0.95,64.96,,,,,,,0.09309,1776204188000
1776204190.157,190.157,,,,,0.01,4.87,0.05,64.96,0.99,4.87,0.95,64.96,,,,,,,0.093095,1776204189000
1776204191.567,191.567,,,,,0.01,4.87,0.05,64.96,0.99,4.87,0.95,64.96,,,,,,,0.093095,1776204190000
1776204192.388,192.388,,,,,0.01,4.87,0.05,64.96,0.99,4.87,0.95,64.96,,,,,,,0.093093,1776204191000
1776204193.286,193.286,,,,,0.01,4.87,0.05,64.96,0.99,4.87,0.95,64.96,,,,,,,0.093097,1776204192000
1776204194.349,194.349,,,,,0.01,4.87,0.05,64.96,0.99,4.87,0.95,64.96,,,,,,,0.093104,1776204193000
1776204195.188,195.188,,,,,0.01,4.87,0.05,64.96,0.99,4.87,0.95,64.96,,,,,,,0.093103,1776204194000
1776204196.288,196.288,,,,,0.01,4.87,0.05,64.96,0.99,4.87,0.95,64.96,,,,,,,0.0931,1776204195000
1776204197.402,197.402,,,,,0.01,4.87,0.05,64.96,0.99,4.87,0.95,64.96,,,,,,,0.093101,1776204196000
1776204198.288,198.288,,,,,0.01,4.87,0.05,64.96,0.99,4.87,0.95,64.96,,,,,,,0.093103,1776204197000
1776204199.189,199.189,,,,,0.01,18.64,0.03,89.3,0.99,4.87,0.95,64.96,,,,,,,0.093103,1776204197000
1776204200.277,200.277,,,,,0.01,18.64,0.03,89.3,0.99,18.64,0.97,89.3,,,,,,,0.093104,1776204199000
1776204201.232,201.232,,,,,0.01,18.64,0.03,89.3,0.99,18.64,0.97,89.3,,,,,,,0.093105,1776204200000
1776204202.197,202.197,,,,,0.01,18.64,0.03,89.3,0.99,18.64,0.97,89.3,,,,,,,0.093103,1776204201000
1776204203.199,203.199,,,,,0.01,18.64,0.03,89.3,0.99,18.64,0.97,89.3,,,,,,,0.093093,1776204202000
1776204204.168,204.168,,,,,0.01,18.64,0.03,89.3,0.99,18.64,0.97,89.3,,,,,,,0.093092,1776204203000
1776204205.259,205.259,,,,,0.01,18.64,0.03,89.3,0.99,18.64,0.97,89.3,,,,,,,0.093092,1776204204000
1776204207.198,207.198,,,,,0.01,18.64,0.03,89.3,0.99,18.64,0.97,89.3,,,,,,,0.093071,1776204206000
1776204208.437,208.437,,,,,0.01,18.64,0.03,89.3,0.99,18.64,0.97,89.3,,,,,,,0.093054,1776204207000
1776204208.947,208.947,,,,,0.01,18.64,0.03,89.3,0.99,18.64,0.97,89.3,,,,,,,0.093047,1776204208000
1776204210.138,210.138,,,,,0.01,18.64,0.03,89.3,0.99,18.64,0.97,89.3,,,,,,,0.093046,1776204209000
1776204211.27,211.27,,,,,0.01,18.64,0.03,89.3,0.99,18.64,0.97,89.3,,,,,,,0.093026,1776204210000
1776204211.864,211.864,,,,,0.01,18.64,0.03,89.3,0.99,18.64,0.97,89.3,,,,,,,0.093014,1776204211000
1776204213.082,213.082,,,,,0.01,18.64,0.03,89.3,0.99,18.64,0.97,89.3,,,,,,,0.093002,1776204212000
1776204214.206,214.206,,,,,0.01,18.64,0.03,89.3,0.99,18.64,0.97,89.3,,,,,,,0.093016,1776204213000
1776204215.426,215.426,,,,,0.01,18.64,0.03,89.3,0.99,18.64,0.97,89.3,,,,,,,0.09303,1776204214000
1776204215.917,215.917,,,,,0.01,18.64,0.03,89.3,0.99,18.64,0.97,89.3,,,,,,,0.093032,1776204215000
1776204217.074,217.074,,,,,0.01,18.64,0.03,89.3,0.99,18.64,0.97,89.3,,,,,,,0.093038,1776204216000
1776204218.354,218.354,,,,,0.01,18.64,0.03,89.3,0.99,18.64,0.97,89.3,,,,,,,0.093038,1776204217000
1776204218.929,218.929,,,,,0.01,18.64,0.03,89.3,0.99,18.64,0.97,89.3,,,,,,,0.093047,1776204218000
1776204220.113,220.113,,,,,0.01,18.64,0.03,89.3,0.99,18.64,0.97,89.3,,,,,,,0.093047,1776204219000
1776204221.328,221.328,,,,,0.01,18.64,0.03,89.3,0.99,18.64,0.97,89.3,,,,,,,0.093042,1776204220000
1776204222.321,222.321,,,,,0.01,18.64,0.03,89.3,0.99,18.64,0.97,89.3,,,,,,,0.093038,1776204221000
1776204223.464,223.464,,,,,0.01,18.64,0.03,89.3,0.99,18.64,0.97,89.3,,,,,,,0.093038,1776204222000
1776204224.216,224.216,,,,,0.01,18.64,0.03,89.3,0.99,18.64,0.97,89.3,,,,,,,0.093043,1776204223000
1776204225.628,225.628,,,,,0.01,18.64,0.03,89.3,0.99,18.64,0.97,89.3,,,,,,,0.093043,1776204224000
1776204226.191,226.191,,,,,0.02,53.48,0.03,89.3,0.98,53.48,0.97,89.3,,,,,,,0.093043,1776204225000
1776204227.787,227.787,,,,,0.02,53.48,0.03,89.3,0.98,53.48,0.97,89.3,,,,,,,0.093043,1776204226000
1776204228.457,228.457,,,,,0.02,53.48,0.03,89.3,0.98,53.48,0.97,89.3,,,,,,,0.093045,1776204227000
1776204229.284,229.284,,,,,0.02,53.48,0.03,89.3,0.98,53.48,0.97,89.3,,,,,,,0.093047,1776204228000
1776204230.689,230.689,,,,,0.02,53.48,0.03,89.3,0.98,53.48,0.97,89.3,,,,,,,0.093046,1776204229000
1776204231.443,231.443,,,,,0.02,53.48,0.03,89.3,0.98,53.48,0.97,89.3,,,,,,,0.093043,1776204230000
1776204232.1,232.1,,,,,0.02,53.48,0.03,89.3,0.98,53.48,0.97,89.3,,,,,,,0.093038,1776204231000
1776204233.513,233.513,,,,,0.02,53.48,0.03,89.3,0.98,53.48,0.97,89.3,,,,,,,0.093037,1776204232000
1776204234.204,234.204,,,,,0.02,53.48,0.03,89.3,0.98,53.48,0.97,89.3,,,,,,,0.093037,1776204233000
1776204235.611,235.611,,,,,0.02,53.48,0.03,89.3,0.98,53.48,0.97,89.3,,,,,,,0.093014,1776204234000
1776204236.281,236.281,,,,,0.02,53.48,0.03,89.3,0.98,53.48,0.97,89.3,,,,,,,0.093029,1776204235000
1776204237.662,237.662,,,,,0.02,53.48,0.03,89.3,0.98,53.48,0.97,89.3,,,,,,,0.093032,1776204236000
1776204238.316,238.316,,,,,0.02,53.48,0.03,89.3,0.98,53.48,0.97,89.3,,,,,,,0.093028,1776204237000
1776204239.036,239.036,,,,,0.02,53.48,0.03,89.3,0.98,53.48,0.97,89.3,,,,,,,0.093027,1776204238000
1776204240.992,240.992,,,,,0.02,53.48,0.03,89.3,0.98,53.48,0.97,89.3,,,,,,,0.093027,1776204239000
1776204241.64,241.64,,,,,0.02,53.48,0.03,89.3,0.98,53.48,0.97,89.3,,,,,,,0.093027,1776204240000
1776204242.348,242.348,,,,,0.02,53.48,0.03,89.3,0.98,53.48,0.97,89.3,,,,,,,0.093027,1776204241000
1776204243.698,243.698,,,,,0.02,53.48,0.03,89.3,0.98,53.48,0.97,89.3,,,,,,,0.093035,1776204242000
1776204244.304,244.304,,,,,0.02,53.48,0.03,89.3,0.98,53.48,0.97,89.3,,,,,,,0.093026,1776204243000
1776204245.668,245.668,,,,,0.02,53.48,0.03,89.3,0.98,53.48,0.97,89.3,,,,,,,0.093032,1776204244000
1776204246.226,246.226,,,,,0.02,53.48,0.03,89.3,0.98,53.48,0.97,89.3,,,,,,,0.093031,1776204245000
1776204247.382,247.382,,,,,0.02,53.48,0.03,89.3,0.98,53.48,0.97,89.3,,,,,,,0.093042,1776204246000
1776204248.063,248.063,,,,,0.02,53.48,0.03,89.3,0.98,53.48,0.97,89.3,,,,,,,0.09305,1776204247000
1776204249.323,249.323,,,,,0.02,53.48,0.03,89.3,0.98,53.48,0.97,89.3,,,,,,,0.093068,1776204248000
1776204250.36,250.36,,,,,0.02,53.48,0.03,89.3,0.98,53.48,0.97,89.3,,,,,,,0.093072,1776204249000
1776204250.983,250.983,,,,,0.02,53.48,0.03,89.3,0.98,53.48,0.97,89.3,,,,,,,0.093072,1776204250000
1776204252.367,252.367,,,,,0.02,53.48,0.03,89.3,0.98,53.48,0.97,89.3,,,,,,,0.093072,1776204251000
1776204253.378,253.378,,,,,0.02,53.48,0.03,89.3,0.98,53.48,0.97,89.3,,,,,,,0.093069,1776204252000
1776204254.045,254.045,,,,,0.02,53.48,0.03,89.3,0.98,53.48,0.97,89.3,,,,,,,0.09307,1776204253000
1776204255.288,255.288,,,,,0.02,53.48,0.03,89.3,0.98,53.48,0.97,89.3,,,,,,,0.093073,1776204254000
1776204255.978,255.978,,,,,0.02,53.48,0.03,89.3,0.98,53.48,0.97,89.3,,,,,,,0.093069,1776204255000
1776204257.005,257.005,,,,,0.02,53.48,0.03,89.3,0.98,53.48,0.97,89.3,,,,,,,0.093069,1776204256000
1776204258.016,258.016,,,,,0.02,53.48,0.03,89.3,0.98,53.48,0.97,89.3,,,,,,,0.093072,1776204257000
1776204258.935,258.935,,,,,0.02,53.48,0.03,89.3,0.98,53.48,0.97,89.3,,,,,,,0.093084,1776204258000
1776204260.027,260.027,,,,,0.02,53.48,0.03,89.3,0.98,53.48,0.97,89.3,,,,,,,0.093088,1776204259000
1776204261.596,261.596,,,,,0.02,53.48,0.03,89.3,0.98,53.48,0.97,89.3,,,,,,,0.093088,1776204260000
1776204262.178,262.178,,,,,0.02,53.48,0.03,89.3,0.98,53.48,0.97,89.3,,,,,,,0.093088,1776204261000
1776204263.388,263.388,,,,,0.02,53.48,0.03,89.3,0.98,53.48,0.97,89.3,,,,,,,0.093089,1776204262000
1776204263.945,263.945,,,,,0.02,53.48,0.03,89.3,0.98,53.48,0.97,89.3,,,,,,,0.093089,1776204263000
1776204265.369,265.369,,,,,0.02,53.48,0.03,89.3,0.98,53.48,0.97,89.3,,,,,,,0.093101,1776204264000
1776204265.966,265.966,,,,,0.02,53.48,0.03,89.3,0.98,53.48,0.97,89.3,,,,,,,0.093104,1776204265000
1776204267.098,267.098,,,,,0.02,53.48,0.03,89.3,0.98,53.48,0.97,89.3,,,,,,,0.093107,1776204266000
1776204268.259,268.259,,,,,0.02,53.48,0.03,89.3,0.98,53.48,0.97,89.3,,,,,,,0.09312,1776204267000
1776204269.407,269.407,,,,,0.02,53.48,0.03,89.3,0.98,53.48,0.97,89.3,,,,,,,0.093127,1776204268000
1776204270.088,270.088,,,,,0.02,53.48,0.03,89.3,0.98,53.48,0.97,89.3,,,,,,,0.093127,1776204269000
1776204271.261,271.261,,,,,0.02,53.48,0.03,89.3,0.98,53.48,0.97,89.3,,,,,,,0.093117,1776204270000
1776204272.211,272.211,,,,,0.02,53.48,0.03,89.3,0.98,53.48,0.97,89.3,,,,,,,0.093105,1776204271000
1776204273.37,273.37,,,,,0.02,53.48,0.03,89.3,0.98,53.48,0.97,89.3,,,,,,,0.093102,1776204272000
1776204273.905,273.905,,,,,0.02,53.48,0.03,89.3,0.98,53.48,0.97,89.3,,,,,,,0.093102,1776204273000
1776204275.103,275.103,,,,,0.02,53.48,0.03,89.3,0.98,53.48,0.97,89.3,,,,,,,0.093102,1776204274000
1776204276.167,276.167,,,,,0.02,53.48,0.03,89.3,0.98,53.48,0.97,89.3,,,,,,,0.093109,1776204275000
1776204277.675,277.675,,,,,0.02,53.48,0.03,89.3,0.98,53.48,0.97,89.3,,,,,,,0.093109,1776204276000
1776204278.281,278.281,,,,,0.02,53.48,0.03,89.3,0.98,53.48,0.97,89.3,,,,,,,0.093105,1776204277000
1776204279.501,279.501,,,,,0.02,53.48,0.03,89.3,0.98,53.48,0.97,89.3,,,,,,,0.093108,1776204278000
1776204280.151,280.151,,,,,0.02,53.48,0.03,89.3,0.98,53.48,0.97,89.3,,,,,,,0.093109,1776204279000
1776204281.123,281.123,,,,,0.02,53.48,0.03,89.3,0.98,53.48,0.97,89.3,,,,,,,0.093108,1776204280000
1776204282.201,282.201,,,,,0.02,53.48,0.03,89.3,0.98,53.48,0.97,89.3,,,,,,,0.093106,1776204281000
1776204283.365,283.365,,,,,0.02,53.48,0.03,89.3,0.98,53.48,0.97,89.3,,,,,,,0.093094,1776204282000
1776204283.986,283.986,,,,,0.02,53.48,0.03,89.3,0.98,53.48,0.97,89.3,,,,,,,0.093093,1776204283000
1776204285.088,285.088,,,,,0.02,53.48,0.03,89.3,0.98,53.48,0.97,89.3,,,,,,,0.09309,1776204284000
1776204286.153,286.153,,,,,0.02,53.48,0.03,89.3,0.98,53.48,0.97,89.3,,,,,,,0.09309,1776204285000
1776204287.273,287.273,,,,,0.02,53.48,0.03,89.3,0.98,53.48,0.97,89.3,,,,,,,0.093087,1776204286000
1776204288.319,288.319,,,,,0.02,53.48,0.03,89.3,0.98,53.48,0.97,89.3,,,,,,,0.093088,1776204287000
1776204290.235,290.235,,,,,0.02,53.48,0.03,89.3,0.98,53.48,0.97,89.3,,,,,,,0.09309,1776204288000
1776204290.831,290.831,,,,,0.02,53.48,0.03,89.3,0.98,53.48,0.97,89.3,,,,,,,0.093104,1776204289000
1776204291.498,291.498,,,,,0.02,53.48,0.03,89.3,0.98,53.48,0.97,89.3,,,,,,,0.093107,1776204290000
1776204292.404,292.404,,,,,0.02,53.48,0.03,89.3,0.98,53.48,0.97,89.3,,,,,,,0.093107,1776204291000
1776204293.05,293.05,,,,,0.02,53.48,0.03,89.3,0.98,53.48,0.97,89.3,,,,,,,0.093107,1776204292000
1776204294.583,294.583,,,,,0.02,53.48,0.03,89.3,0.98,53.48,0.97,89.3,,,,,,,0.093107,1776204293000
1776204295.337,295.337,,,,,0.02,53.48,0.03,89.3,0.98,53.48,0.97,89.3,,,,,,,0.093107,1776204294000
1776204295.967,295.967,,,,,0.02,53.48,0.03,89.3,0.98,53.48,0.97,89.3,,,,,,,0.093107,1776204295000
1776204297.553,297.553,,,,,0.02,53.48,0.03,89.3,0.98,53.48,0.97,89.3,,,,,,,0.093107,1776204296000
1776204298.444,298.444,,,,,0.02,53.48,0.03,89.3,0.98,53.48,0.97,89.3,,,,,,,0.093107,1776204297000
1776204299.062,299.062,,,,,0.02,53.48,0.03,89.3,0.98,53.48,0.97,89.3,,,,,,,0.093107,1776204298000
1776204300.49,300.49,,,,,0.02,53.48,0.03,89.3,0.98,53.48,0.97,89.3,,,,,,,0.093103,1776204299000

# RESULT,winner=Down,slug=doge-updown-5m-1776204000,ticks=319
