timestamp,elapsed_sec,up_bid_p1,up_bid_s1,up_bid_p2,up_bid_s2,up_ask_p1,up_ask_s1,up_ask_p2,up_ask_s2,down_bid_p1,down_bid_s1,down_bid_p2,down_bid_s2,down_ask_p1,down_ask_s1,down_ask_p2,down_ask_s2,up_spread,down_spread,doge_price,doge_oracle_ts
1776229201.301,1.301,,,,,,,,,,,,,,,,,,,0.09369,1776229200000
1776229201.521,1.521,0.33,300.0,0.31,375.0,0.48,5.0,0.49,5.0,0.52,5.0,0.51,5.0,0.67,300.0,0.69,375.0,0.15,0.15,0.09369,1776229200000
1776229201.878,1.878,0.33,300.0,0.31,375.0,0.48,5.0,0.49,5.0,0.52,5.0,0.51,5.0,0.67,300.0,0.69,375.0,0.15,0.15,0.09369,1776229200000
1776229202.185,2.185,0.33,300.0,0.31,375.0,0.48,5.0,0.49,5.0,0.52,5.0,0.51,5.0,0.67,300.0,0.69,375.0,0.15,0.15,0.093689,1776229201000
1776229203.176,3.176,0.33,300.0,0.31,375.0,0.48,5.0,0.49,5.0,0.52,5.0,0.51,5.0,0.67,300.0,0.69,375.0,0.15,0.15,0.093678,1776229202000
1776229204.838,4.838,0.31,373.4,0.27,450.0,0.48,5.0,0.49,5.0,0.52,5.0,0.51,5.0,0.67,300.0,0.69,375.0,0.17,0.15,0.093678,1776229202000
1776229205.263,5.263,0.31,373.4,0.27,450.0,0.48,5.0,0.49,5.0,0.52,5.0,0.51,5.0,0.69,373.4,0.73,450.0,0.17,0.17,0.093643,1776229204000
1776229206.195,6.195,0.51,30.0,0.41,50.0,0.54,10.0,0.57,10.0,0.52,5.0,0.51,5.0,0.69,373.4,0.73,450.0,0.03,0.17,0.093643,1776229204000
1776229206.53,6.53,0.41,50.0,0.31,55.0,0.57,9.5,0.6,10.0,0.46,4.5,0.43,10.0,0.49,30.0,0.59,50.0,0.16,0.03,0.093643,1776229204000
1776229206.73,6.73,0.41,45.0,0.31,55.0,0.57,4.28,0.6,10.0,0.43,4.28,0.4,10.0,0.59,50.0,0.69,55.0,0.16,0.16,0.093643,1776229204000
1776229207.23,7.23,0.41,45.0,0.31,55.0,0.57,4.28,0.6,10.0,0.43,4.28,0.4,10.0,0.59,45.0,0.69,55.0,0.16,0.16,0.093643,1776229206000
1776229208.702,8.702,0.41,45.0,0.31,55.0,0.57,4.28,0.6,10.0,0.43,4.28,0.4,10.0,0.59,45.0,0.69,55.0,0.16,0.16,0.093702,1776229207000
1776229209.064,9.064,0.41,50.0,0.31,60.0,0.6,9.28,0.63,10.0,0.43,4.28,0.4,10.0,0.59,45.0,0.69,55.0,0.19,0.16,0.093702,1776229207000
1776229209.349,9.349,0.41,60.0,0.31,60.0,0.6,1.28,0.63,10.0,0.4,9.28,0.37,10.0,0.59,50.0,0.69,60.0,0.19,0.19,0.093702,1776229207000
1776229209.728,9.728,0.41,60.0,0.31,60.0,0.63,4.28,0.71,50.0,0.37,4.28,0.29,50.0,0.59,60.0,0.69,60.0,0.22,0.22,0.093709,1776229208000
1776229210.148,10.148,0.51,40.26,0.41,60.0,0.63,4.28,0.79,750.0,0.37,4.28,0.29,50.0,0.59,60.0,0.69,60.0,0.12,0.22,0.093709,1776229208000
1776229210.412,10.412,0.51,40.26,0.41,60.0,0.79,750.0,0.81,50.0,0.37,4.28,0.21,750.0,0.49,40.26,0.59,60.0,0.28,0.12,0.093709,1776229208000
1776229210.626,10.626,0.51,40.26,0.41,60.0,0.79,750.0,0.81,50.0,0.21,750.0,0.19,50.0,0.49,40.26,0.59,60.0,0.28,0.28,0.093754,1776229209000
1776229210.86,10.86,0.51,40.26,0.41,60.0,0.79,745.0,0.81,50.0,0.21,750.0,0.19,50.0,0.49,40.26,0.59,60.0,0.28,0.28,0.093754,1776229209000
1776229211.184,11.184,0.51,40.26,0.41,60.0,0.79,745.0,0.81,50.0,0.21,745.0,0.19,50.0,0.49,40.26,0.59,60.0,0.28,0.28,0.093769,1776229210000
1776229212.663,12.663,0.51,40.26,0.41,60.0,0.79,745.0,0.81,50.0,0.21,745.0,0.19,50.0,0.49,40.26,0.59,60.0,0.28,0.28,0.093796,1776229211000
1776229213.014,13.014,0.51,120.0,0.41,60.0,0.81,45.0,0.89,100.0,0.21,745.0,0.19,50.0,0.49,40.26,0.59,60.0,0.3,0.28,0.093796,1776229211000
1776229213.517,13.517,0.51,120.0,0.41,60.0,0.81,45.0,0.89,100.0,0.19,45.0,0.11,100.0,0.49,120.0,0.59,60.0,0.3,0.3,0.093799,1776229212000
1776229213.966,13.966,0.51,120.0,0.41,60.0,0.81,45.0,0.89,100.0,0.19,45.0,0.11,100.0,0.49,120.0,0.59,60.0,0.3,0.3,0.093807,1776229213000
1776229215.3,15.3,0.51,120.0,0.41,60.0,0.81,45.0,0.89,100.0,0.19,45.0,0.11,100.0,0.49,120.0,0.59,60.0,0.3,0.3,0.093802,1776229214000
1776229215.936,15.936,0.51,50.0,0.41,60.0,0.71,40.0,0.81,45.0,0.19,45.0,0.11,100.0,0.49,120.0,0.59,60.0,0.2,0.3,0.093802,1776229214000
1776229216.494,16.494,0.51,50.0,0.41,60.0,0.71,40.0,0.81,45.0,0.29,40.0,0.19,45.0,0.49,50.0,0.59,60.0,0.2,0.2,0.093794,1776229215000
1776229217.185,17.185,0.73,34.0,0.72,5.0,0.81,50.0,0.82,20.0,0.19,50.0,0.18,20.0,0.27,34.0,0.28,5.0,0.08,0.08,0.093799,1776229216000
1776229217.427,17.427,0.73,7.22,0.69,5.0,0.81,75.0,0.85,5.0,0.19,50.0,0.18,20.0,0.27,34.0,0.28,5.0,0.08,0.08,0.093799,1776229216000
1776229218.494,18.494,0.73,7.22,0.69,5.0,0.81,75.0,0.85,5.0,0.19,75.0,0.15,5.0,0.27,7.22,0.31,5.0,0.08,0.08,0.093782,1776229217000
1776229219.09,19.09,0.73,7.22,0.69,5.0,0.81,75.0,0.85,5.0,0.19,75.0,0.15,5.0,0.27,7.22,0.31,5.0,0.08,0.08,0.093779,1776229218000
1776229220.495,20.495,0.73,7.22,0.69,5.0,0.81,75.0,0.85,5.0,0.19,75.0,0.15,5.0,0.27,7.22,0.31,5.0,0.08,0.08,0.093739,1776229219000
1776229221.114,21.114,0.73,7.22,0.69,5.0,0.81,75.0,0.85,5.0,0.19,75.0,0.15,5.0,0.27,7.22,0.31,5.0,0.08,0.08,0.093739,1776229220000
1776229221.371,21.371,0.63,10.0,0.62,10.0,0.81,70.0,0.84,17.0,0.19,75.0,0.15,5.0,0.27,7.22,0.31,5.0,0.18,0.08,0.093739,1776229220000
1776229222.515,22.515,0.63,10.0,0.62,10.0,0.81,70.0,0.84,17.0,0.19,70.0,0.16,17.0,0.37,10.0,0.38,10.0,0.18,0.18,0.093752,1776229221000
1776229223.443,23.443,0.63,10.0,0.62,10.0,0.81,70.0,0.84,17.0,0.19,70.0,0.16,17.0,0.37,10.0,0.38,10.0,0.18,0.18,0.093773,1776229222000
1776229224.241,24.241,0.63,10.0,0.62,10.0,0.81,70.0,0.84,17.0,0.19,70.0,0.16,17.0,0.37,10.0,0.38,10.0,0.18,0.18,0.09378,1776229223000
1776229225.44,25.44,0.63,10.0,0.62,10.0,0.81,70.0,0.84,17.0,0.19,70.0,0.16,17.0,0.37,10.0,0.38,10.0,0.18,0.18,0.093792,1776229224000
1776229225.96,25.96,0.63,10.0,0.62,10.0,0.81,70.0,0.84,17.0,0.19,70.0,0.16,17.0,0.37,10.0,0.38,10.0,0.18,0.18,0.093788,1776229225000
1776229227.181,27.181,0.63,10.0,0.62,10.0,0.81,70.0,0.84,17.0,0.19,70.0,0.16,17.0,0.37,10.0,0.38,10.0,0.18,0.18,0.093769,1776229226000
1776229228.344,28.344,0.63,10.0,0.62,10.0,0.81,70.0,0.84,17.0,0.19,70.0,0.16,17.0,0.37,10.0,0.38,10.0,0.18,0.18,0.09378,1776229227000
1776229229.066,29.066,0.63,10.0,0.62,10.0,0.81,70.0,0.84,17.0,0.19,70.0,0.16,17.0,0.37,10.0,0.38,10.0,0.18,0.18,0.09379,1776229228000
1776229230.039,30.039,0.63,10.0,0.62,10.0,0.81,70.0,0.84,17.0,0.19,70.0,0.16,17.0,0.37,10.0,0.38,10.0,0.18,0.18,0.093807,1776229229000
1776229231.15,31.15,0.63,10.0,0.62,10.0,0.81,70.0,0.84,17.0,0.19,70.0,0.16,17.0,0.37,10.0,0.38,10.0,0.18,0.18,0.09382,1776229230000
1776229232.164,32.164,0.63,10.0,0.62,10.0,0.81,70.0,0.84,17.0,0.19,70.0,0.16,17.0,0.37,10.0,0.38,10.0,0.18,0.18,0.09383,1776229231000
1776229233.31,33.31,0.63,10.0,0.62,10.0,0.81,70.0,0.84,17.0,0.19,70.0,0.16,17.0,0.37,10.0,0.38,10.0,0.18,0.18,0.093846,1776229232000
1776229234.383,34.383,0.63,10.0,0.62,10.0,0.81,70.0,0.84,17.0,0.19,70.0,0.16,17.0,0.37,10.0,0.38,10.0,0.18,0.18,0.093839,1776229233000
1776229234.963,34.963,0.63,10.0,0.62,10.0,0.81,70.0,0.84,17.0,0.19,70.0,0.16,17.0,0.37,10.0,0.38,10.0,0.18,0.18,0.093837,1776229234000
1776229236.398,36.398,0.63,10.0,0.62,10.0,0.81,70.0,0.84,17.0,0.19,70.0,0.16,17.0,0.37,10.0,0.38,10.0,0.18,0.18,0.093839,1776229235000
1776229236.936,36.936,0.63,10.0,0.62,10.0,0.81,70.0,0.84,17.0,0.19,70.0,0.16,17.0,0.37,10.0,0.38,10.0,0.18,0.18,0.093837,1776229236000
1776229239.135,39.135,0.63,10.0,0.62,10.0,0.81,70.0,0.84,17.0,0.19,70.0,0.16,17.0,0.37,10.0,0.38,10.0,0.18,0.18,0.09384,1776229237000
1776229239.73,39.73,0.63,10.0,0.62,10.0,0.81,70.0,0.84,17.0,0.19,70.0,0.16,17.0,0.37,10.0,0.38,10.0,0.18,0.18,0.093841,1776229238000
1776229243.114,43.114,0.77,16.0,0.76,10.0,0.82,17.6,0.83,18.39,0.19,70.0,0.16,17.0,0.37,10.0,0.38,10.0,0.05,0.18,0.093841,1776229238000
1776229247.598,47.598,0.77,16.0,0.76,10.0,0.82,17.6,0.83,18.39,0.18,17.6,0.17,18.39,0.23,16.0,0.24,10.0,0.05,0.05,0.093832,1776229246000
1776229247.981,47.981,0.77,16.0,0.76,10.0,0.82,17.6,0.83,18.39,0.18,17.6,0.17,18.39,0.23,16.0,0.24,10.0,0.05,0.05,0.093828,1776229247000
1776229249.275,49.275,0.77,16.0,0.76,10.0,0.82,17.6,0.83,18.39,0.18,17.6,0.17,18.39,0.23,16.0,0.24,10.0,0.05,0.05,0.093823,1776229248000
1776229250.542,50.542,0.77,16.0,0.76,10.0,0.82,17.6,0.83,18.39,0.18,17.6,0.17,18.39,0.23,16.0,0.24,10.0,0.05,0.05,0.09384,1776229249000
1776229251.17,51.17,0.77,16.0,0.76,10.0,0.82,17.6,0.83,18.39,0.18,17.6,0.17,18.39,0.23,16.0,0.24,10.0,0.05,0.05,0.093839,1776229250000
1776229252.657,52.657,0.77,16.0,0.76,10.0,0.82,17.6,0.83,18.39,0.18,17.6,0.17,18.39,0.23,16.0,0.24,10.0,0.05,0.05,0.093841,1776229251000
1776229253.193,53.193,0.77,16.0,0.76,10.0,0.82,17.6,0.83,18.39,0.18,17.6,0.17,18.39,0.23,16.0,0.24,10.0,0.05,0.05,0.093844,1776229252000
1776229254.427,54.427,0.77,16.0,0.76,10.0,0.82,17.6,0.83,18.39,0.18,17.6,0.17,18.39,0.23,16.0,0.24,10.0,0.05,0.05,0.093851,1776229253000
1776229255.539,55.539,0.77,16.0,0.76,10.0,0.82,17.6,0.83,18.39,0.18,17.6,0.17,18.39,0.23,16.0,0.24,10.0,0.05,0.05,0.093855,1776229254000
1776229256.263,56.263,0.77,16.0,0.76,10.0,0.82,17.6,0.83,18.39,0.18,17.6,0.17,18.39,0.23,16.0,0.24,10.0,0.05,0.05,0.093857,1776229255000
1776229257.441,57.441,0.77,16.0,0.76,10.0,0.82,17.6,0.83,18.39,0.18,17.6,0.17,18.39,0.23,16.0,0.24,10.0,0.05,0.05,0.093857,1776229256000
1776229258.023,58.023,0.77,16.0,0.76,10.0,0.82,17.6,0.83,18.39,0.18,17.6,0.17,18.39,0.23,16.0,0.24,10.0,0.05,0.05,0.093857,1776229257000
1776229259.342,59.342,0.77,16.0,0.76,10.0,0.82,17.6,0.83,18.39,0.18,17.6,0.17,18.39,0.23,16.0,0.24,10.0,0.05,0.05,0.093849,1776229258000
1776229259.972,59.972,0.77,16.0,0.76,10.0,0.82,17.6,0.83,18.39,0.18,17.6,0.17,18.39,0.23,16.0,0.24,10.0,0.05,0.05,0.093849,1776229259000
1776229261.238,61.238,0.77,16.0,0.76,10.0,0.82,17.6,0.83,18.39,0.18,17.6,0.17,18.39,0.23,16.0,0.24,10.0,0.05,0.05,0.093852,1776229260000
1776229262.398,62.398,0.79,16.0,0.78,10.0,0.84,11.22,0.85,20.39,0.18,17.6,0.17,18.39,0.23,16.0,0.24,10.0,0.05,0.05,0.093852,1776229260000
1776229262.879,62.879,0.79,16.0,0.78,10.0,0.84,11.22,0.85,20.39,0.16,11.22,0.15,20.39,0.21,16.0,0.22,10.0,0.05,0.05,0.09386,1776229261000
1776229263.233,63.233,0.8,10.0,0.79,26.0,0.86,35.12,0.87,23.0,0.16,11.22,0.15,20.39,0.21,16.0,0.22,10.0,0.06,0.05,0.09386,1776229261000
1776229263.639,63.639,0.8,10.0,0.79,26.0,0.86,35.12,0.87,23.0,0.14,35.12,0.13,23.0,0.2,10.0,0.21,26.0,0.06,0.06,0.093856,1776229262000
1776229264.204,64.204,0.8,10.0,0.79,26.0,0.86,35.12,0.87,23.0,0.14,35.12,0.13,23.0,0.2,10.0,0.21,26.0,0.06,0.06,0.093852,1776229263000
1776229265.519,65.519,0.8,10.0,0.79,26.0,0.86,35.12,0.87,23.0,0.14,35.12,0.13,23.0,0.2,10.0,0.21,26.0,0.06,0.06,0.093864,1776229264000
1776229266.401,66.401,0.8,10.0,0.79,26.0,0.86,35.12,0.87,23.0,0.14,35.12,0.13,23.0,0.2,10.0,0.21,26.0,0.06,0.06,0.093863,1776229265000
1776229267.053,67.053,0.8,10.0,0.79,26.0,0.86,35.12,0.87,23.0,0.14,35.12,0.13,23.0,0.2,10.0,0.21,26.0,0.06,0.06,0.093858,1776229266000
1776229268.363,68.363,0.8,10.0,0.79,26.0,0.86,35.12,0.87,23.0,0.14,35.12,0.13,23.0,0.2,10.0,0.21,26.0,0.06,0.06,0.093858,1776229267000
1776229268.981,68.981,0.8,10.0,0.79,26.0,0.86,35.12,0.87,23.0,0.14,35.12,0.13,23.0,0.2,10.0,0.21,26.0,0.06,0.06,0.093858,1776229268000
1776229270.389,70.389,0.8,10.0,0.79,26.0,0.86,35.12,0.87,23.0,0.14,35.12,0.13,23.0,0.2,10.0,0.21,26.0,0.06,0.06,0.093871,1776229269000
1776229271.668,71.668,0.8,10.0,0.79,26.0,0.86,35.12,0.87,23.0,0.14,35.12,0.13,23.0,0.2,10.0,0.21,26.0,0.06,0.06,0.093874,1776229270000
1776229272.701,72.701,0.8,10.0,0.79,26.0,0.86,35.12,0.87,23.0,0.14,35.12,0.13,23.0,0.2,10.0,0.21,26.0,0.06,0.06,0.093874,1776229271000
1776229273.254,73.254,0.8,10.0,0.79,26.0,0.86,35.12,0.87,23.0,0.14,35.12,0.13,23.0,0.2,10.0,0.21,26.0,0.06,0.06,0.093877,1776229272000
1776229274.325,74.325,0.8,10.0,0.79,26.0,0.86,35.12,0.87,23.0,0.14,35.12,0.13,23.0,0.2,10.0,0.21,26.0,0.06,0.06,0.093878,1776229273000
1776229274.846,74.846,0.8,10.0,0.79,26.0,0.86,35.12,0.87,23.0,0.14,35.12,0.13,23.0,0.2,10.0,0.21,26.0,0.06,0.06,0.093878,1776229274000
1776229276.034,76.034,0.8,10.0,0.79,26.0,0.86,35.12,0.87,23.0,0.14,35.12,0.13,23.0,0.2,10.0,0.21,26.0,0.06,0.06,0.093878,1776229275000
1776229277.294,77.294,0.8,10.0,0.79,26.0,0.86,35.12,0.87,23.0,0.14,35.12,0.13,23.0,0.2,10.0,0.21,26.0,0.06,0.06,0.093878,1776229276000
1776229278.25,78.25,0.8,10.0,0.79,26.0,0.86,35.12,0.87,23.0,0.14,35.12,0.13,23.0,0.2,10.0,0.21,26.0,0.06,0.06,0.093873,1776229277000
1776229279.363,79.363,0.8,10.0,0.79,26.0,0.86,35.12,0.87,23.0,0.14,35.12,0.13,23.0,0.2,10.0,0.21,26.0,0.06,0.06,0.09388,1776229278000
1776229279.867,79.867,0.8,10.0,0.79,26.0,0.86,35.12,0.87,23.0,0.14,35.12,0.13,23.0,0.2,10.0,0.21,26.0,0.06,0.06,0.093879,1776229279000
1776229281.069,81.069,0.8,10.0,0.79,26.0,0.86,35.12,0.87,23.0,0.14,35.12,0.13,23.0,0.2,10.0,0.21,26.0,0.06,0.06,0.093879,1776229280000
1776229282.18,82.18,0.8,10.0,0.79,26.0,0.86,35.12,0.87,23.0,0.14,35.12,0.13,23.0,0.2,10.0,0.21,26.0,0.06,0.06,0.093876,1776229281000
1776229283.25,83.25,0.8,10.0,0.79,26.0,0.86,35.12,0.87,23.0,0.14,35.12,0.13,23.0,0.2,10.0,0.21,26.0,0.06,0.06,0.093879,1776229282000
1776229284.476,84.476,0.8,10.0,0.79,26.0,0.86,35.12,0.87,23.0,0.14,35.12,0.13,23.0,0.2,10.0,0.21,26.0,0.06,0.06,0.093879,1776229283000
1776229285.046,85.046,0.8,10.0,0.79,26.0,0.86,35.12,0.87,23.0,0.14,35.12,0.13,23.0,0.2,10.0,0.21,26.0,0.06,0.06,0.093879,1776229284000
1776229286.176,86.176,0.8,10.0,0.79,26.0,0.86,35.12,0.87,23.0,0.14,35.12,0.13,23.0,0.2,10.0,0.21,26.0,0.06,0.06,0.093881,1776229285000
1776229287.599,87.599,0.8,10.0,0.79,26.0,0.86,35.12,0.87,23.0,0.14,35.12,0.13,23.0,0.2,10.0,0.21,26.0,0.06,0.06,0.093881,1776229286000
1776229288.231,88.231,0.82,25.0,0.81,36.89,0.9,27.68,0.91,58.7,0.1,27.68,0.09,58.7,0.18,25.0,0.19,36.89,0.08,0.08,0.093888,1776229287000
1776229289.129,89.129,0.83,18.39,0.82,42.6,0.91,57.6,0.92,35.29,0.1,27.68,0.09,58.7,0.18,25.0,0.19,36.89,0.08,0.08,0.093888,1776229287000
1776229289.547,89.547,0.83,18.39,0.82,42.6,0.91,57.6,0.92,35.29,0.09,57.6,0.08,35.29,0.17,18.39,0.18,42.6,0.08,0.08,0.093884,1776229288000
1776229290.098,90.098,0.83,18.39,0.82,42.6,0.91,57.6,0.92,35.29,0.09,57.6,0.08,35.29,0.17,18.39,0.18,42.6,0.08,0.08,0.093884,1776229289000
1776229291.44,91.44,0.83,18.39,0.82,42.6,0.91,57.6,0.92,35.29,0.09,57.6,0.08,35.29,0.17,18.39,0.18,42.6,0.08,0.08,0.093888,1776229290000
1776229291.977,91.977,0.83,18.39,0.82,42.6,0.91,57.6,0.92,35.29,0.09,57.6,0.08,35.29,0.17,18.39,0.18,42.6,0.08,0.08,0.093888,1776229291000
1776229293.291,93.291,0.83,18.39,0.82,42.6,0.91,57.6,0.92,35.29,0.09,57.6,0.08,35.29,0.17,18.39,0.18,42.6,0.08,0.08,0.093887,1776229292000
1776229294.586,94.586,0.83,18.39,0.82,42.6,0.91,57.6,0.92,35.29,0.09,57.6,0.08,35.29,0.17,18.39,0.18,42.6,0.08,0.08,0.09389,1776229293000
1776229295.128,95.128,0.83,18.39,0.82,42.6,0.91,57.6,0.92,35.29,0.09,57.6,0.08,35.29,0.17,18.39,0.18,42.6,0.08,0.08,0.09389,1776229294000
1776229295.905,95.905,0.86,14.45,0.85,34.39,0.93,72.9,0.94,46.1,0.09,57.6,0.08,35.29,0.17,18.39,0.18,42.6,0.07,0.08,0.09389,1776229294000
1776229296.419,96.419,0.86,14.45,0.85,34.39,0.93,72.9,0.94,46.1,0.07,72.9,0.06,46.1,0.14,14.45,0.15,34.39,0.07,0.07,0.09389,1776229295000
1776229297.017,97.017,0.86,14.45,0.85,34.39,0.93,72.9,0.94,46.1,0.07,72.9,0.06,46.1,0.14,14.45,0.15,34.39,0.07,0.07,0.09389,1776229296000
1776229298.229,98.229,0.86,14.45,0.85,34.39,0.93,72.9,0.94,46.1,0.07,72.9,0.06,46.1,0.14,14.45,0.15,34.39,0.07,0.07,0.093891,1776229297000
1776229299.438,99.438,0.86,14.45,0.85,34.39,0.93,72.9,0.94,46.1,0.07,72.9,0.06,46.1,0.14,14.45,0.15,34.39,0.07,0.07,0.093891,1776229298000
1776229300.244,100.244,0.86,14.45,0.85,34.39,0.93,72.9,0.94,46.1,0.07,72.9,0.06,46.1,0.14,14.45,0.15,34.39,0.07,0.07,0.093891,1776229299000
1776229301.433,101.433,0.86,14.45,0.85,34.39,0.93,72.9,0.94,46.1,0.07,72.9,0.06,46.1,0.14,14.45,0.15,34.39,0.07,0.07,0.09389,1776229300000
1776229302.009,102.009,0.86,14.45,0.85,34.39,0.93,72.9,0.94,46.1,0.07,72.9,0.06,46.1,0.14,14.45,0.15,34.39,0.07,0.07,0.093888,1776229301000
1776229302.419,102.419,0.87,12.0,0.84,17.0,0.9,1.79,0.91,36.7,0.07,72.9,0.06,46.1,0.14,14.45,0.15,34.39,0.03,0.07,0.093888,1776229301000
1776229303.869,103.869,0.87,12.0,0.84,17.0,0.9,1.79,0.91,36.7,0.1,1.79,0.09,36.7,0.13,12.0,0.16,17.0,0.03,0.03,0.09388,1776229302000
1776229304.376,104.376,0.87,12.0,0.84,17.0,0.9,1.79,0.91,36.7,0.1,1.79,0.09,36.7,0.13,12.0,0.16,17.0,0.03,0.03,0.093875,1776229303000
1776229304.976,104.976,0.87,12.0,0.84,17.0,0.9,1.79,0.91,36.7,0.1,1.79,0.09,36.7,0.13,12.0,0.16,17.0,0.03,0.03,0.093874,1776229304000
1776229306.041,106.041,0.87,12.0,0.84,17.0,0.9,1.79,0.91,36.7,0.1,1.79,0.09,36.7,0.13,12.0,0.16,17.0,0.03,0.03,0.093874,1776229305000
1776229306.978,106.978,0.87,12.0,0.85,20.0,0.92,25.0,0.93,39.9,0.08,25.0,0.07,39.9,0.13,12.0,0.15,20.0,0.05,0.05,0.093875,1776229306000
1776229308.067,108.067,0.87,12.0,0.85,20.0,0.92,25.0,0.93,39.9,0.08,25.0,0.07,39.9,0.13,12.0,0.15,20.0,0.05,0.05,0.093879,1776229307000
1776229309.065,109.065,0.87,12.0,0.85,20.0,0.92,25.0,0.93,39.9,0.08,25.0,0.07,39.9,0.13,12.0,0.15,20.0,0.05,0.05,0.09389,1776229308000
1776229309.284,109.284,0.89,26.6,0.88,37.6,0.94,33.0,0.95,59.7,0.08,25.0,0.07,39.9,0.13,12.0,0.15,20.0,0.05,0.05,0.09389,1776229308000
1776229310.27,110.27,0.89,26.6,0.88,37.6,0.94,33.0,0.95,59.7,0.06,33.0,0.05,59.7,0.11,26.6,0.12,37.6,0.05,0.05,0.093895,1776229309000
1776229311.244,111.244,0.89,26.6,0.88,37.6,0.94,33.0,0.95,59.7,0.06,33.0,0.05,59.7,0.11,26.6,0.12,37.6,0.05,0.05,0.093904,1776229310000
1776229312.264,112.264,0.89,26.6,0.88,37.6,0.94,33.0,0.95,59.7,0.06,33.0,0.05,59.7,0.11,26.6,0.12,37.6,0.05,0.05,0.093904,1776229311000
1776229313.329,113.329,0.89,26.6,0.88,37.6,0.94,33.0,0.95,59.7,0.06,33.0,0.05,59.7,0.11,26.6,0.12,37.6,0.05,0.05,0.093902,1776229312000
1776229314.342,114.342,0.89,26.6,0.88,37.6,0.94,33.0,0.95,59.7,0.06,33.0,0.05,59.7,0.11,26.6,0.12,37.6,0.05,0.05,0.093901,1776229313000
1776229314.999,114.999,0.89,26.6,0.88,37.6,0.94,33.0,0.95,59.7,0.06,33.0,0.05,59.7,0.11,26.6,0.12,37.6,0.05,0.05,0.093901,1776229314000
1776229316.078,116.078,0.89,26.6,0.88,37.6,0.94,33.0,0.95,59.7,0.06,33.0,0.05,59.7,0.11,26.6,0.12,37.6,0.05,0.05,0.093898,1776229315000
1776229317.769,117.769,0.89,26.6,0.88,37.6,0.94,33.0,0.95,59.7,0.06,33.0,0.05,59.7,0.11,26.6,0.12,37.6,0.05,0.05,0.093913,1776229316000
1776229318.376,118.376,0.89,26.6,0.88,37.6,0.94,33.0,0.95,59.7,0.06,33.0,0.05,59.7,0.11,26.6,0.12,37.6,0.05,0.05,0.093924,1776229317000
1776229318.892,118.892,0.89,26.6,0.88,37.6,0.94,33.0,0.95,59.7,0.06,33.0,0.05,59.7,0.11,26.6,0.12,37.6,0.05,0.05,0.093923,1776229318000
1776229320.013,120.013,0.89,26.6,0.88,37.6,0.94,33.0,0.95,59.7,0.06,33.0,0.05,59.7,0.11,26.6,0.12,37.6,0.05,0.05,0.093923,1776229319000
1776229321.077,121.077,0.95,5.0,0.94,51.1,0.97,89.3,0.98,147.69,0.03,89.3,0.02,147.69,0.05,5.0,0.06,51.1,0.02,0.02,0.093924,1776229320000
1776229322.091,122.091,0.95,5.0,0.94,51.1,0.97,89.3,0.98,147.69,0.03,89.3,0.02,147.69,0.05,5.0,0.06,51.1,0.02,0.02,0.093923,1776229321000
1776229323.076,123.076,0.95,59.7,0.94,46.1,0.98,137.48,0.99,688.6,0.02,137.48,0.01,688.6,0.05,59.7,0.06,46.1,0.03,0.03,0.093933,1776229322000
1776229324.142,124.142,0.95,59.7,0.94,46.1,0.98,137.48,0.99,688.6,0.02,137.48,0.01,688.6,0.05,59.7,0.06,46.1,0.03,0.03,0.093933,1776229323000
1776229325.204,125.204,0.95,59.7,0.94,46.1,0.98,137.48,0.99,688.6,0.02,137.48,0.01,688.6,0.05,59.7,0.06,46.1,0.03,0.03,0.093937,1776229324000
1776229326.243,126.243,0.95,59.7,0.94,46.1,0.98,137.48,0.99,688.6,0.02,137.48,0.01,688.6,0.05,59.7,0.06,46.1,0.03,0.03,0.093944,1776229325000
1776229327.356,127.356,0.95,59.7,0.94,46.1,0.98,137.48,0.99,688.6,0.02,137.48,0.01,688.6,0.05,59.7,0.06,46.1,0.03,0.03,0.093936,1776229326000
1776229328.34,128.34,0.95,59.7,0.94,46.1,0.98,137.48,0.99,688.6,0.02,137.48,0.01,688.6,0.05,59.7,0.06,46.1,0.03,0.03,0.093936,1776229327000
1776229328.908,128.908,0.95,59.7,0.94,46.1,0.98,137.48,0.99,688.6,0.02,137.48,0.01,688.6,0.05,59.7,0.06,46.1,0.03,0.03,0.093936,1776229328000
1776229329.922,129.922,0.95,59.7,0.94,46.1,0.98,137.48,0.99,688.6,0.02,137.48,0.01,688.6,0.05,59.7,0.06,46.1,0.03,0.03,0.093947,1776229329000
1776229331.283,131.283,0.96,5.0,0.95,59.7,0.98,129.31,0.99,688.6,0.02,137.48,0.01,688.6,0.05,59.7,0.06,46.1,0.02,0.03,0.093947,1776229329000
1776229332.459,132.459,0.96,5.0,0.95,59.7,0.98,129.31,0.99,688.6,0.02,129.31,0.01,688.6,0.04,5.0,0.05,59.7,0.02,0.02,0.09394,1776229331000
1776229333.48,133.48,0.96,5.0,0.95,59.7,0.98,129.31,0.99,688.6,0.02,129.31,0.01,688.6,0.04,5.0,0.05,59.7,0.02,0.02,0.09394,1776229332000
1776229334.353,134.353,0.96,5.0,0.95,59.7,0.98,129.31,0.99,688.6,0.02,129.31,0.01,688.6,0.04,5.0,0.05,59.7,0.02,0.02,0.093939,1776229333000
1776229335.181,135.181,0.96,5.0,0.95,59.7,0.98,129.31,0.99,688.6,0.02,129.31,0.01,688.6,0.04,5.0,0.05,59.7,0.02,0.02,0.093936,1776229334000
1776229336.573,136.573,0.96,5.0,0.95,59.7,0.98,129.31,0.99,688.6,0.02,129.31,0.01,688.6,0.04,5.0,0.05,59.7,0.02,0.02,0.093923,1776229335000
1776229337.329,137.329,0.96,5.0,0.95,59.7,0.98,129.31,0.99,688.6,0.02,129.31,0.01,688.6,0.04,5.0,0.05,59.7,0.02,0.02,0.093923,1776229336000
1776229338.744,138.744,0.96,5.0,0.95,59.7,0.98,129.31,0.99,688.6,0.02,129.31,0.01,688.6,0.04,5.0,0.05,59.7,0.02,0.02,0.093922,1776229337000
1776229339.442,139.442,0.96,5.0,0.95,59.7,0.98,129.31,0.99,688.6,0.02,129.31,0.01,688.6,0.04,5.0,0.05,59.7,0.02,0.02,0.093917,1776229338000
1776229340.137,140.137,0.96,5.0,0.95,59.7,0.98,129.31,0.99,688.6,0.02,129.31,0.01,688.6,0.04,5.0,0.05,59.7,0.02,0.02,0.093908,1776229339000
1776229341.697,141.697,0.96,5.0,0.95,59.7,0.98,129.31,0.99,688.6,0.02,129.31,0.01,688.6,0.04,5.0,0.05,59.7,0.02,0.02,0.093905,1776229340000
1776229342.484,142.484,0.96,5.0,0.95,59.7,0.98,129.31,0.99,688.6,0.02,129.31,0.01,688.6,0.04,5.0,0.05,59.7,0.02,0.02,0.093904,1776229341000
1776229343.101,143.101,0.96,5.0,0.95,59.7,0.98,129.31,0.99,688.6,0.02,129.31,0.01,688.6,0.04,5.0,0.05,59.7,0.02,0.02,0.093905,1776229342000
1776229344.612,144.612,0.96,5.0,0.95,59.7,0.98,129.31,0.99,688.6,0.02,129.31,0.01,688.6,0.04,5.0,0.05,59.7,0.02,0.02,0.093907,1776229343000
1776229345.388,145.388,0.96,5.0,0.95,59.7,0.98,129.31,0.99,688.6,0.02,129.31,0.01,688.6,0.04,5.0,0.05,59.7,0.02,0.02,0.093907,1776229344000
1776229346.203,146.203,0.96,5.0,0.95,59.7,0.98,129.31,0.99,688.6,0.02,129.31,0.01,688.6,0.04,5.0,0.05,59.7,0.02,0.02,0.093899,1776229345000
1776229347.72,147.72,0.96,5.0,0.95,59.7,0.98,129.31,0.99,688.6,0.02,129.31,0.01,688.6,0.04,5.0,0.05,59.7,0.02,0.02,0.093897,1776229346000
1776229348.524,148.524,0.96,5.0,0.95,59.7,0.98,129.31,0.99,688.6,0.02,129.31,0.01,688.6,0.04,5.0,0.05,59.7,0.02,0.02,0.093897,1776229347000
1776229349.251,149.251,0.96,5.0,0.95,59.7,0.98,129.31,0.99,688.6,0.02,129.31,0.01,688.6,0.04,5.0,0.05,59.7,0.02,0.02,0.093897,1776229348000
1776229350.923,150.923,0.96,5.0,0.95,59.7,0.98,129.31,0.99,688.6,0.02,129.31,0.01,688.6,0.04,5.0,0.05,59.7,0.02,0.02,0.093897,1776229349000
1776229351.982,151.982,0.96,5.0,0.95,59.7,0.98,129.31,0.99,688.6,0.02,129.31,0.01,688.6,0.04,5.0,0.05,59.7,0.02,0.02,0.093898,1776229350000
1776229352.495,152.495,0.96,5.0,0.95,59.7,0.98,129.31,0.99,688.6,0.02,129.31,0.01,688.6,0.04,5.0,0.05,59.7,0.02,0.02,0.093897,1776229351000
1776229352.922,152.922,0.96,5.0,0.95,59.7,0.98,129.31,0.99,688.6,0.02,129.31,0.01,688.6,0.04,5.0,0.05,59.7,0.02,0.02,0.093897,1776229352000
1776229353.946,153.946,0.96,5.0,0.95,59.7,0.98,129.31,0.99,688.6,0.02,129.31,0.01,688.6,0.04,5.0,0.05,59.7,0.02,0.02,0.0939,1776229353000
1776229354.906,154.906,0.96,5.0,0.95,59.7,0.98,129.31,0.99,688.6,0.02,129.31,0.01,688.6,0.04,5.0,0.05,59.7,0.02,0.02,0.093897,1776229354000
1776229355.975,155.975,0.96,5.0,0.95,59.7,0.98,129.31,0.99,688.6,0.02,129.31,0.01,688.6,0.04,5.0,0.05,59.7,0.02,0.02,0.093899,1776229355000
1776229356.876,156.876,0.96,5.0,0.95,59.7,0.98,129.31,0.99,688.6,0.02,129.31,0.01,688.6,0.04,5.0,0.05,59.7,0.02,0.02,0.093896,1776229356000
1776229357.897,157.897,0.96,5.0,0.95,59.7,0.98,129.31,0.99,688.6,0.02,129.31,0.01,688.6,0.04,5.0,0.05,59.7,0.02,0.02,0.093893,1776229357000
1776229358.942,158.942,0.96,5.0,0.95,59.7,0.98,129.31,0.99,688.6,0.02,129.31,0.01,688.6,0.04,5.0,0.05,59.7,0.02,0.02,0.093886,1776229358000
1776229359.954,159.954,0.96,5.0,0.95,59.7,0.98,129.31,0.99,688.6,0.02,129.31,0.01,688.6,0.04,5.0,0.05,59.7,0.02,0.02,0.093889,1776229359000
1776229360.955,160.955,0.96,5.0,0.95,59.7,0.98,129.31,0.99,688.6,0.02,129.31,0.01,688.6,0.04,5.0,0.05,59.7,0.02,0.02,0.093887,1776229360000
1776229361.977,161.977,0.96,5.0,0.95,59.7,0.98,129.31,0.99,688.6,0.02,129.31,0.01,688.6,0.04,5.0,0.05,59.7,0.02,0.02,0.093887,1776229361000
1776229363.0,163.0,0.96,5.0,0.95,59.7,0.98,129.31,0.99,688.6,0.02,129.31,0.01,688.6,0.04,5.0,0.05,59.7,0.02,0.02,0.093887,1776229362000
1776229363.98,163.98,0.96,5.0,0.95,59.7,0.98,129.31,0.99,688.6,0.02,129.31,0.01,688.6,0.04,5.0,0.05,59.7,0.02,0.02,0.093888,1776229363000
1776229365.002,165.002,0.96,5.0,0.95,59.7,0.98,129.31,0.99,688.6,0.02,129.31,0.01,688.6,0.04,5.0,0.05,59.7,0.02,0.02,0.093887,1776229364000
1776229366.206,166.206,0.96,5.0,0.95,59.7,0.98,129.31,0.99,688.6,0.02,129.31,0.01,688.6,0.04,5.0,0.05,59.7,0.02,0.02,0.093888,1776229365000
1776229367.392,167.392,0.96,5.0,0.95,59.7,0.98,129.31,0.99,688.6,0.02,129.31,0.01,688.6,0.04,5.0,0.05,59.7,0.02,0.02,0.093888,1776229366000
1776229367.889,167.889,0.96,5.0,0.95,59.7,0.98,129.31,0.99,688.6,0.02,129.31,0.01,688.6,0.04,5.0,0.05,59.7,0.02,0.02,0.093881,1776229367000
1776229369.052,169.052,0.96,5.0,0.95,59.7,0.98,129.31,0.99,688.6,0.02,129.31,0.01,688.6,0.04,5.0,0.05,59.7,0.02,0.02,0.093873,1776229368000
1776229370.106,170.106,0.96,5.0,0.95,59.7,0.98,129.31,0.99,688.6,0.02,129.31,0.01,688.6,0.04,5.0,0.05,59.7,0.02,0.02,0.093874,1776229369000
1776229371.215,171.215,0.96,5.0,0.95,59.7,0.98,129.31,0.99,688.6,0.02,129.31,0.01,688.6,0.04,5.0,0.05,59.7,0.02,0.02,0.093882,1776229370000
1776229372.288,172.288,0.96,5.0,0.95,59.7,0.98,129.31,0.99,688.6,0.02,129.31,0.01,688.6,0.04,5.0,0.05,59.7,0.02,0.02,0.093882,1776229371000
1776229373.314,173.314,0.94,12.51,0.93,39.9,0.98,129.31,0.99,688.6,0.02,129.31,0.01,688.6,0.06,12.51,0.07,39.9,0.04,0.04,0.093878,1776229372000
1776229373.884,173.884,0.94,12.51,0.93,39.9,0.98,129.31,0.99,688.6,0.02,129.31,0.01,688.6,0.06,12.51,0.07,39.9,0.04,0.04,0.093878,1776229373000
1776229375.022,175.022,0.94,12.51,0.93,39.9,0.98,129.31,0.99,688.6,0.02,129.31,0.01,688.6,0.06,12.51,0.07,39.9,0.04,0.04,0.093878,1776229374000
1776229376.074,176.074,0.94,12.51,0.93,39.9,0.98,129.31,0.99,688.6,0.02,129.31,0.01,688.6,0.06,12.51,0.07,39.9,0.04,0.04,0.09388,1776229375000
1776229377.127,177.127,0.94,12.51,0.93,39.9,0.98,129.31,0.99,688.6,0.02,129.31,0.01,688.6,0.06,12.51,0.07,39.9,0.04,0.04,0.093876,1776229376000
1776229378.259,178.259,0.94,12.51,0.93,39.9,0.98,129.31,0.99,688.6,0.02,129.31,0.01,688.6,0.06,12.51,0.07,39.9,0.04,0.04,0.093873,1776229377000
1776229379.129,179.129,0.94,12.51,0.93,39.9,0.98,129.31,0.99,688.6,0.02,129.31,0.01,688.6,0.06,12.51,0.07,39.9,0.04,0.04,0.09387,1776229378000
1776229380.153,180.153,0.94,12.51,0.93,39.9,0.98,129.31,0.99,688.6,0.02,129.31,0.01,688.6,0.06,12.51,0.07,39.9,0.04,0.04,0.09387,1776229379000
1776229380.629,180.629,0.93,39.9,0.92,65.29,0.98,78.31,0.99,688.6,0.02,129.31,0.01,688.6,0.06,12.51,0.07,39.9,0.05,0.04,0.09387,1776229379000
1776229381.21,181.21,0.93,39.9,0.92,65.29,0.98,78.31,0.99,688.6,0.02,78.31,0.01,688.6,0.07,39.9,0.08,65.29,0.05,0.05,0.093869,1776229380000
1776229382.219,182.219,0.93,39.9,0.92,65.29,0.98,78.31,0.99,688.6,0.02,78.31,0.01,688.6,0.07,39.9,0.08,65.29,0.05,0.05,0.093869,1776229381000
1776229383.32,183.32,0.93,39.9,0.92,65.29,0.98,78.31,0.99,688.6,0.02,78.31,0.01,688.6,0.07,39.9,0.08,65.29,0.05,0.05,0.093871,1776229382000
1776229384.315,184.315,0.93,39.9,0.92,65.29,0.98,78.31,0.99,688.6,0.02,78.31,0.01,688.6,0.07,39.9,0.08,65.29,0.05,0.05,0.093875,1776229383000
1776229385.255,185.255,0.93,39.9,0.92,65.29,0.98,78.31,0.99,688.6,0.02,78.31,0.01,688.6,0.07,39.9,0.08,65.29,0.05,0.05,0.093876,1776229384000
1776229386.264,186.264,0.93,39.9,0.92,65.29,0.98,78.31,0.99,688.6,0.02,78.31,0.01,688.6,0.07,39.9,0.08,65.29,0.05,0.05,0.093877,1776229385000
1776229387.28,187.28,0.93,39.9,0.92,65.29,0.98,78.31,0.99,688.6,0.02,78.31,0.01,688.6,0.07,39.9,0.08,65.29,0.05,0.05,0.093877,1776229386000
1776229388.283,188.283,0.93,39.9,0.92,65.29,0.98,78.31,0.99,688.6,0.02,78.31,0.01,688.6,0.07,39.9,0.08,65.29,0.05,0.05,0.093877,1776229387000
1776229389.284,189.284,0.93,39.9,0.92,65.29,0.98,78.31,0.99,688.6,0.02,78.31,0.01,688.6,0.07,39.9,0.08,65.29,0.05,0.05,0.093877,1776229388000
1776229390.202,190.202,0.93,39.9,0.92,65.29,0.98,78.31,0.99,688.6,0.02,78.31,0.01,688.6,0.07,39.9,0.08,65.29,0.05,0.05,0.09387,1776229389000
1776229391.247,191.247,0.93,39.9,0.92,65.29,0.98,78.31,0.99,688.6,0.02,78.31,0.01,688.6,0.07,39.9,0.08,65.29,0.05,0.05,0.093866,1776229390000
1776229392.179,192.179,0.93,39.9,0.92,65.29,0.98,78.31,0.99,688.6,0.02,78.31,0.01,688.6,0.07,39.9,0.08,65.29,0.05,0.05,0.093866,1776229391000
1776229393.293,193.293,0.93,39.9,0.92,65.29,0.98,78.31,0.99,688.6,0.02,78.31,0.01,688.6,0.07,39.9,0.08,65.29,0.05,0.05,0.093867,1776229392000
1776229394.4,194.4,0.93,39.9,0.92,65.29,0.98,78.31,0.99,688.6,0.02,78.31,0.01,688.6,0.07,39.9,0.08,65.29,0.05,0.05,0.093871,1776229393000
1776229394.963,194.963,0.93,39.9,0.92,65.29,0.98,78.31,0.99,688.6,0.02,78.31,0.01,688.6,0.07,39.9,0.08,65.29,0.05,0.05,0.093872,1776229394000
1776229396.04,196.04,0.93,39.9,0.92,65.29,0.98,78.31,0.99,688.6,0.02,78.31,0.01,688.6,0.07,39.9,0.08,65.29,0.05,0.05,0.093867,1776229395000
1776229397.069,197.069,0.93,39.9,0.92,65.29,0.98,78.31,0.99,688.6,0.02,78.31,0.01,688.6,0.07,39.9,0.08,65.29,0.05,0.05,0.093861,1776229396000
1776229398.111,198.111,0.93,39.9,0.92,65.29,0.98,78.31,0.99,688.6,0.02,78.31,0.01,688.6,0.07,39.9,0.08,65.29,0.05,0.05,0.09385,1776229397000
1776229399.198,199.198,0.93,39.9,0.92,65.29,0.98,78.31,0.99,688.6,0.02,78.31,0.01,688.6,0.07,39.9,0.08,65.29,0.05,0.05,0.093851,1776229398000
1776229400.246,200.246,0.93,39.9,0.92,65.29,0.98,78.31,0.99,688.6,0.02,78.31,0.01,688.6,0.07,39.9,0.08,65.29,0.05,0.05,0.093851,1776229399000
1776229401.268,201.268,0.93,39.9,0.92,65.29,0.98,78.31,0.99,688.6,0.02,78.31,0.01,688.6,0.07,39.9,0.08,65.29,0.05,0.05,0.09385,1776229400000
1776229402.301,202.301,0.93,39.9,0.92,65.29,0.98,78.31,0.99,688.6,0.02,78.31,0.01,688.6,0.07,39.9,0.08,65.29,0.05,0.05,0.09385,1776229401000
1776229403.367,203.367,0.93,39.9,0.92,65.29,0.98,78.31,0.99,688.6,0.02,78.31,0.01,688.6,0.07,39.9,0.08,65.29,0.05,0.05,0.09385,1776229402000
1776229404.313,204.313,0.93,39.9,0.92,65.29,0.98,78.31,0.99,688.6,0.02,78.31,0.01,688.6,0.07,39.9,0.08,65.29,0.05,0.05,0.09385,1776229403000
1776229406.064,206.064,0.93,39.9,0.92,65.29,0.98,78.31,0.99,688.6,0.02,78.31,0.01,688.6,0.07,39.9,0.08,65.29,0.05,0.05,0.09385,1776229404000
1776229406.465,206.465,0.96,62.7,0.95,54.7,0.99,226.0,,,0.02,78.31,0.01,688.6,0.07,39.9,0.08,65.29,0.03,0.05,0.09385,1776229404000
1776229406.943,206.943,0.96,62.7,0.95,54.7,0.99,226.0,,,0.01,226.0,,,0.04,62.7,0.05,54.7,0.03,0.03,0.093851,1776229405000
1776229407.497,207.497,0.97,94.3,0.96,67.7,0.99,224.98,,,0.01,226.0,,,0.04,62.7,0.05,54.7,0.02,0.03,0.093851,1776229405000
1776229407.875,207.875,0.97,94.3,0.96,67.7,0.99,224.98,,,0.01,224.98,,,0.03,94.3,0.04,67.7,0.02,0.02,0.09385,1776229406000
1776229408.81,208.81,0.97,94.3,0.96,67.7,0.99,224.98,,,0.01,224.98,,,0.03,94.3,0.04,67.7,0.02,0.02,0.093869,1776229407000
1776229409.455,209.455,0.97,94.3,0.96,67.7,0.99,224.98,,,0.01,224.98,,,0.03,94.3,0.04,67.7,0.02,0.02,0.09388,1776229408000
1776229410.185,210.185,0.97,94.3,0.96,67.7,0.99,224.98,,,0.01,224.98,,,0.03,94.3,0.04,67.7,0.02,0.02,0.093887,1776229409000
1776229411.544,211.544,0.98,137.69,0.97,94.3,0.99,222.95,,,0.01,222.95,,,0.02,137.69,0.03,94.3,0.01,0.01,0.093889,1776229410000
1776229412.161,212.161,0.98,137.69,0.97,94.3,0.99,222.95,,,0.01,222.95,,,0.02,137.69,0.03,94.3,0.01,0.01,0.093889,1776229411000
1776229413.705,213.705,0.98,137.69,0.97,94.3,0.99,222.95,,,0.01,222.95,,,0.02,137.69,0.03,94.3,0.01,0.01,0.093874,1776229412000
1776229414.448,214.448,0.98,137.69,0.97,94.3,0.99,222.95,,,0.01,222.95,,,0.02,137.69,0.03,94.3,0.01,0.01,0.093861,1776229413000
1776229415.091,215.091,0.98,137.69,0.97,94.3,0.99,222.95,,,0.01,222.95,,,0.02,137.69,0.03,94.3,0.01,0.01,0.09386,1776229414000
1776229416.23,216.23,0.98,137.69,0.97,94.3,0.99,222.95,,,0.01,222.95,,,0.02,137.69,0.03,94.3,0.01,0.01,0.093851,1776229415000
1776229417.545,217.545,0.98,137.69,0.97,94.3,0.99,222.95,,,0.01,222.95,,,0.02,137.69,0.03,94.3,0.01,0.01,0.093848,1776229416000
1776229418.199,218.199,0.98,137.69,0.97,94.3,0.99,222.95,,,0.01,222.95,,,0.02,137.69,0.03,94.3,0.01,0.01,0.093849,1776229417000
1776229419.448,219.448,0.98,137.69,0.97,94.3,0.99,222.95,,,0.01,222.95,,,0.02,137.69,0.03,94.3,0.01,0.01,0.093845,1776229418000
1776229420.25,220.25,0.98,137.69,0.97,94.3,0.99,222.95,,,0.01,222.95,,,0.02,137.69,0.03,94.3,0.01,0.01,0.093839,1776229419000
1776229420.735,220.735,0.98,10.0,0.97,5.0,0.99,368.6,,,0.01,222.95,,,0.02,137.69,0.03,94.3,0.01,0.01,0.093839,1776229419000
1776229421.507,221.507,0.98,10.0,0.97,5.0,0.99,368.6,,,0.01,368.6,,,0.02,10.0,0.03,5.0,0.01,0.01,0.093845,1776229420000
1776229422.29,222.29,0.98,10.0,0.97,5.0,0.99,368.6,,,0.01,368.6,,,0.02,10.0,0.03,5.0,0.01,0.01,0.093844,1776229421000
1776229423.055,223.055,0.98,10.0,0.97,5.0,0.99,368.6,,,0.01,368.6,,,0.02,10.0,0.03,5.0,0.01,0.01,0.093844,1776229422000
1776229424.186,224.186,0.98,10.0,0.97,5.0,0.99,368.6,,,0.01,368.6,,,0.02,10.0,0.03,5.0,0.01,0.01,0.093843,1776229423000
1776229425.203,225.203,0.98,10.0,0.97,5.0,0.99,368.6,,,0.01,368.6,,,0.02,10.0,0.03,5.0,0.01,0.01,0.093843,1776229424000
1776229426.326,226.326,0.98,10.0,0.97,5.0,0.99,368.6,,,0.01,368.6,,,0.02,10.0,0.03,5.0,0.01,0.01,0.093845,1776229425000
1776229427.358,227.358,0.98,10.0,0.97,5.0,0.99,368.6,,,0.01,368.6,,,0.02,10.0,0.03,5.0,0.01,0.01,0.093845,1776229426000
1776229427.841,227.841,0.98,10.0,0.97,5.0,0.99,368.6,,,0.01,368.6,,,0.02,10.0,0.03,5.0,0.01,0.01,0.093845,1776229427000
1776229428.849,228.849,0.98,10.0,0.97,5.0,0.99,368.6,,,0.01,368.6,,,0.02,10.0,0.03,5.0,0.01,0.01,0.093851,1776229428000
1776229429.912,229.912,0.98,10.0,0.97,5.0,0.99,368.6,,,0.01,368.6,,,0.02,10.0,0.03,5.0,0.01,0.01,0.093853,1776229429000
1776229431.008,231.008,0.98,5.0,0.97,89.3,0.99,281.68,,,0.01,281.68,,,0.02,5.0,0.03,89.3,0.01,0.01,0.093853,1776229430000
1776229432.068,232.068,0.98,5.0,0.97,89.3,0.99,281.68,,,0.01,281.68,,,0.02,5.0,0.03,89.3,0.01,0.01,0.093845,1776229431000
1776229433.088,233.088,0.98,5.0,0.97,89.3,0.99,281.68,,,0.01,281.68,,,0.02,5.0,0.03,89.3,0.01,0.01,0.09384,1776229432000
1776229434.098,234.098,0.98,5.0,0.97,89.3,0.99,281.68,,,0.01,281.68,,,0.02,5.0,0.03,89.3,0.01,0.01,0.09383,1776229433000
1776229435.095,235.095,0.98,5.0,0.97,89.3,0.99,281.68,,,0.01,281.68,,,0.02,5.0,0.03,89.3,0.01,0.01,0.093826,1776229434000
1776229436.21,236.21,0.98,5.0,0.97,89.3,0.99,281.68,,,0.01,281.68,,,0.02,5.0,0.03,89.3,0.01,0.01,0.093826,1776229435000
1776229437.531,237.531,0.98,5.0,0.97,89.3,0.99,281.68,,,0.01,281.68,,,0.02,5.0,0.03,89.3,0.01,0.01,0.093826,1776229436000
1776229438.124,238.124,0.98,5.0,0.97,89.3,0.99,281.68,,,0.01,281.68,,,0.02,5.0,0.03,89.3,0.01,0.01,0.093826,1776229437000
1776229439.412,239.412,0.98,5.0,0.97,89.3,0.99,281.68,,,0.01,281.68,,,0.02,5.0,0.03,89.3,0.01,0.01,0.093827,1776229438000
1776229440.437,240.437,0.98,5.0,0.97,89.3,0.99,281.68,,,0.01,281.68,,,0.02,5.0,0.03,89.3,0.01,0.01,0.093827,1776229439000
1776229440.971,240.971,0.98,5.0,0.97,89.3,0.99,281.68,,,0.01,281.68,,,0.02,5.0,0.03,89.3,0.01,0.01,0.093817,1776229440000
1776229442.012,242.012,0.98,5.0,0.97,89.3,0.99,281.68,,,0.01,281.68,,,0.02,5.0,0.03,89.3,0.01,0.01,0.093814,1776229441000
1776229443.029,243.029,0.98,5.0,0.97,89.3,0.99,281.68,,,0.01,281.68,,,0.02,5.0,0.03,89.3,0.01,0.01,0.093818,1776229442000
1776229444.146,244.146,0.98,5.0,0.97,89.3,0.99,281.68,,,0.01,281.68,,,0.02,5.0,0.03,89.3,0.01,0.01,0.093819,1776229443000
1776229445.275,245.275,0.98,5.0,0.97,89.3,0.99,281.68,,,0.01,281.68,,,0.02,5.0,0.03,89.3,0.01,0.01,0.093821,1776229444000
1776229446.14,246.14,0.98,10.0,0.96,67.7,0.99,260.68,,,0.01,281.68,,,0.02,5.0,0.03,89.3,0.01,0.01,0.093821,1776229444000
1776229447.315,247.315,0.98,10.0,0.96,67.7,0.99,260.68,,,0.01,260.68,,,0.02,10.0,0.04,67.7,0.01,0.01,0.093823,1776229446000
1776229447.856,247.856,0.98,10.0,0.96,67.7,0.99,260.68,,,0.01,260.68,,,0.02,10.0,0.04,67.7,0.01,0.01,0.093822,1776229447000
1776229449.079,249.079,0.98,10.0,0.96,67.7,0.99,260.68,,,0.01,260.68,,,0.02,10.0,0.04,67.7,0.01,0.01,0.093819,1776229448000
1776229449.802,249.802,0.98,10.0,0.94,46.1,0.99,241.3,,,0.01,260.68,,,0.02,10.0,0.04,67.7,0.01,0.01,0.093819,1776229448000
1776229450.155,250.155,0.98,10.0,0.94,46.1,0.99,241.3,,,0.01,241.3,,,0.02,10.0,0.06,46.1,0.01,0.01,0.093801,1776229449000
1776229451.765,251.765,0.98,10.0,0.94,46.1,0.99,241.3,,,0.01,241.3,,,0.02,10.0,0.06,46.1,0.01,0.01,0.093797,1776229450000
1776229452.2,252.2,0.98,10.0,0.94,46.1,0.99,241.3,,,0.01,241.3,,,0.02,10.0,0.06,46.1,0.01,0.01,0.093796,1776229451000
1776229453.483,253.483,0.98,10.0,0.94,46.1,0.99,241.3,,,0.01,241.3,,,0.02,10.0,0.06,46.1,0.01,0.01,0.093795,1776229452000
1776229454.034,254.034,0.98,10.0,0.94,46.1,0.99,241.3,,,0.01,241.3,,,0.02,10.0,0.06,46.1,0.01,0.01,0.093795,1776229453000
1776229455.134,255.134,0.98,10.0,0.94,46.1,0.99,241.3,,,0.01,241.3,,,0.02,10.0,0.06,46.1,0.01,0.01,0.093793,1776229454000
1776229456.303,256.303,0.98,10.0,0.94,46.1,0.99,241.3,,,0.01,241.3,,,0.02,10.0,0.06,46.1,0.01,0.01,0.093793,1776229455000
1776229457.391,257.391,0.98,10.0,0.94,46.1,0.99,241.3,,,0.01,241.3,,,0.02,10.0,0.06,46.1,0.01,0.01,0.093794,1776229456000
1776229458.002,258.002,0.98,10.0,0.94,46.1,0.99,241.3,,,0.01,241.3,,,0.02,10.0,0.06,46.1,0.01,0.01,0.093794,1776229457000
1776229458.969,258.969,0.98,10.0,0.94,46.1,0.99,241.3,,,0.01,241.3,,,0.02,10.0,0.06,46.1,0.01,0.01,0.093794,1776229458000
1776229460.172,260.172,0.98,10.0,0.94,46.1,0.99,241.3,,,0.01,241.3,,,0.02,10.0,0.06,46.1,0.01,0.01,0.093793,1776229459000
1776229460.72,260.72,0.98,10.0,0.96,67.7,0.99,200.14,,,0.01,241.3,,,0.02,10.0,0.06,46.1,0.01,0.01,0.093793,1776229459000
1776229461.245,261.245,0.98,10.0,0.96,67.7,0.99,200.14,,,0.01,200.14,,,0.02,10.0,0.04,67.7,0.01,0.01,0.093793,1776229460000
1776229462.309,262.309,0.98,10.0,0.96,67.7,0.99,200.14,,,0.01,200.14,,,0.02,10.0,0.04,67.7,0.01,0.01,0.093793,1776229461000
1776229463.397,263.397,0.98,10.0,0.96,67.7,0.99,200.14,,,0.01,200.14,,,0.02,10.0,0.04,67.7,0.01,0.01,0.093794,1776229462000
1776229463.94,263.94,0.98,10.0,0.96,67.7,0.99,200.14,,,0.01,200.14,,,0.02,10.0,0.04,67.7,0.01,0.01,0.093795,1776229463000
1776229465.032,265.032,0.98,10.0,0.96,67.7,0.99,200.14,,,0.01,200.14,,,0.02,10.0,0.04,67.7,0.01,0.01,0.093794,1776229464000
1776229465.91,265.91,0.98,138.53,0.97,94.45,,,,,0.01,200.14,,,0.02,10.0,0.04,67.7,,0.01,0.093794,1776229464000
1776229466.702,266.702,0.98,5.84,0.97,5.15,0.99,249.6,,,,,,,0.02,138.53,0.03,94.45,0.01,,0.093795,1776229465000
1776229467.569,267.569,0.98,5.84,0.97,5.15,0.99,249.6,,,0.01,249.6,,,0.02,5.84,0.03,5.15,0.01,0.01,0.093802,1776229466000
1776229468.494,268.494,0.98,5.84,0.97,5.15,0.99,249.6,,,0.01,249.6,,,0.02,5.84,0.03,5.15,0.01,0.01,0.093802,1776229467000
1776229469.182,269.182,0.98,5.84,0.97,5.15,0.99,249.6,,,0.01,249.6,,,0.02,5.84,0.03,5.15,0.01,0.01,0.093792,1776229468000
1776229470.728,270.728,0.98,5.84,0.97,5.15,0.99,249.6,,,0.01,249.6,,,0.02,5.84,0.03,5.15,0.01,0.01,0.093775,1776229469000
1776229471.354,271.354,0.98,5.84,0.97,5.15,0.99,249.6,,,0.01,249.6,,,0.02,5.84,0.03,5.15,0.01,0.01,0.093774,1776229470000
1776229471.959,271.959,0.98,5.84,0.97,5.15,0.99,249.6,,,0.01,249.6,,,0.02,5.84,0.03,5.15,0.01,0.01,0.093774,1776229471000
1776229473.263,273.263,0.98,5.84,0.97,5.15,0.99,249.6,,,0.01,249.6,,,0.02,5.84,0.03,5.15,0.01,0.01,0.093773,1776229472000
1776229473.568,273.568,0.98,5.84,0.97,5.15,0.99,253.58,,,0.01,249.6,,,0.02,5.84,0.03,5.15,0.01,0.01,0.093773,1776229472000
1776229474.62,274.62,0.98,5.84,0.97,5.15,0.99,253.58,,,0.01,253.58,,,0.02,5.84,0.03,5.15,0.01,0.01,0.093764,1776229473000
1776229475.311,275.311,0.98,5.84,0.97,5.15,0.99,253.58,,,0.01,253.58,,,0.02,5.84,0.03,5.15,0.01,0.01,0.093764,1776229474000
1776229476.496,276.496,0.97,5.15,0.84,20.0,0.99,5.0,,,0.01,5.0,,,0.03,5.15,0.16,20.0,0.02,0.02,0.093761,1776229475000
1776229477.03,277.03,0.97,5.15,0.84,20.0,0.99,5.0,,,0.01,5.0,,,0.03,5.15,0.16,20.0,0.02,0.02,0.093758,1776229476000
1776229477.259,277.259,0.85,20.0,0.81,50.0,0.99,5.0,,,0.01,5.0,,,0.03,5.15,0.16,20.0,0.14,0.02,0.093758,1776229476000
1776229478.622,278.622,0.85,20.0,0.81,50.0,0.99,5.0,,,0.01,5.0,,,0.15,20.0,0.19,50.0,0.14,0.14,0.093757,1776229477000
1776229479.343,279.343,0.85,20.0,0.81,50.0,0.99,5.0,,,0.01,5.0,,,0.15,20.0,0.19,50.0,0.14,0.14,0.093757,1776229478000
1776229480.101,280.101,0.85,20.0,0.81,50.0,0.99,5.0,,,0.01,5.0,,,0.15,20.0,0.19,50.0,0.14,0.14,0.093759,1776229479000
1776229481.663,281.663,0.85,20.0,0.81,50.0,0.99,5.0,,,0.01,5.0,,,0.15,20.0,0.19,50.0,0.14,0.14,0.093759,1776229480000
1776229482.434,282.434,0.85,20.0,0.81,50.0,0.99,5.0,,,0.01,5.0,,,0.15,20.0,0.19,50.0,0.14,0.14,0.093754,1776229481000
1776229483.426,283.426,0.85,20.0,0.81,50.0,0.99,5.0,,,0.01,5.0,,,0.15,20.0,0.19,50.0,0.14,0.14,0.093739,1776229482000
1776229484.365,284.365,0.85,20.0,0.81,50.0,0.99,5.0,,,0.01,5.0,,,0.15,20.0,0.19,50.0,0.14,0.14,0.093752,1776229483000
1776229484.953,284.953,0.85,20.0,0.81,50.0,0.99,5.0,,,0.01,5.0,,,0.15,20.0,0.19,50.0,0.14,0.14,0.093752,1776229484000
1776229486.134,286.134,0.85,20.0,0.81,50.0,0.99,5.0,,,0.01,5.0,,,0.15,20.0,0.19,50.0,0.14,0.14,0.093749,1776229485000
1776229487.276,287.276,0.85,20.0,0.81,50.0,0.99,5.0,,,0.01,5.0,,,0.15,20.0,0.19,50.0,0.14,0.14,0.09375,1776229486000
1776229488.108,288.108,0.85,20.0,0.81,50.0,0.99,5.0,,,0.01,5.0,,,0.15,20.0,0.19,50.0,0.14,0.14,0.09375,1776229487000
1776229489.208,289.208,0.85,20.0,0.81,50.0,0.99,5.0,,,0.01,5.0,,,0.15,20.0,0.19,50.0,0.14,0.14,0.093749,1776229488000
1776229490.432,290.432,0.85,20.0,0.81,50.0,0.99,5.0,,,0.01,5.0,,,0.15,20.0,0.19,50.0,0.14,0.14,0.093745,1776229489000
1776229490.959,290.959,0.91,26.98,0.81,50.0,0.99,2.57,,,0.01,2.57,,,0.09,26.98,0.19,50.0,0.08,0.08,0.093744,1776229490000
1776229492.231,292.231,0.91,26.98,0.81,50.0,0.99,2.57,,,0.01,2.57,,,0.09,26.98,0.19,50.0,0.08,0.08,0.093738,1776229491000
1776229493.243,293.243,0.91,26.98,0.89,25.37,,,,,0.01,2.57,,,0.09,26.98,0.19,50.0,,0.08,0.093738,1776229491000
1776229493.943,293.943,0.91,26.98,0.89,25.37,,,,,,,,,0.09,26.98,0.11,25.37,,,0.093736,1776229493000
1776229495.165,295.165,0.91,26.98,0.89,25.37,,,,,,,,,0.09,26.98,0.11,25.37,,,0.093736,1776229494000
1776229496.378,296.378,0.91,26.98,0.89,25.37,,,,,,,,,0.09,26.98,0.11,25.37,,,0.093735,1776229495000
1776229497.636,297.636,0.91,26.98,0.89,25.37,,,,,,,,,0.09,26.98,0.11,25.37,,,0.093738,1776229496000
1776229498.111,298.111,0.91,26.98,0.89,25.37,,,,,,,,,0.09,26.98,0.11,25.37,,,0.093737,1776229497000
1776229499.796,299.796,0.91,26.98,0.89,25.37,,,,,,,,,0.09,26.98,0.11,25.37,,,0.093737,1776229498000
1776229500.264,300.264,0.91,26.98,0.89,25.37,,,,,,,,,0.09,26.98,0.11,25.37,,,0.093738,1776229499000
1776229501.317,301.317,0.91,26.98,0.89,25.37,,,,,,,,,0.09,26.98,0.11,25.37,,,0.093741,1776229500000
1776229502.36,302.36,0.91,26.98,0.89,25.37,,,,,,,,,0.09,26.98,0.11,25.37,,,0.093733,1776229501000

# RESULT,winner=Up,slug=doge-updown-5m-1776229200,ticks=324
