timestamp,elapsed_sec,up_bid_p1,up_bid_s1,up_bid_p2,up_bid_s2,up_ask_p1,up_ask_s1,up_ask_p2,up_ask_s2,down_bid_p1,down_bid_s1,down_bid_p2,down_bid_s2,down_ask_p1,down_ask_s1,down_ask_p2,down_ask_s2,up_spread,down_spread,doge_price,doge_oracle_ts
1776211501.269,1.269,,,,,,,,,,,,,,,,,,,0.093456,1776211500000
1776211501.485,1.485,0.33,300.0,0.31,375.0,0.67,300.0,0.69,375.0,0.33,300.0,0.31,375.0,0.67,300.0,0.69,375.0,0.34,0.34,0.093456,1776211500000
1776211501.792,1.792,0.33,300.0,0.31,375.0,0.67,300.0,0.69,375.0,0.33,300.0,0.31,375.0,0.67,300.0,0.69,375.0,0.34,0.34,0.093456,1776211500000
1776211502.919,2.919,0.33,300.0,0.31,375.0,0.67,300.0,0.69,375.0,0.33,300.0,0.31,375.0,0.67,300.0,0.69,375.0,0.34,0.34,0.093431,1776211501000
1776211503.703,3.703,0.33,300.0,0.31,375.0,0.67,300.0,0.69,375.0,0.33,300.0,0.31,375.0,0.67,300.0,0.69,375.0,0.34,0.34,0.093399,1776211502000
1776211504.315,4.315,0.31,375.0,0.27,450.0,0.32,5.0,0.51,45.0,0.68,5.0,0.49,45.0,0.69,375.0,0.73,450.0,0.01,0.01,0.0934,1776211503000
1776211504.959,4.959,0.31,375.0,0.27,450.0,0.32,5.0,0.51,45.0,0.68,5.0,0.49,45.0,0.69,375.0,0.73,450.0,0.01,0.01,0.0934,1776211504000
1776211505.812,5.812,0.31,5.0,0.27,450.0,0.4,5.0,0.43,5.0,0.68,5.0,0.49,45.0,0.69,375.0,0.73,450.0,0.09,0.01,0.0934,1776211504000
1776211506.173,6.173,0.31,5.0,0.27,450.0,0.4,5.0,0.43,5.0,0.6,5.0,0.57,5.0,0.69,5.0,0.73,450.0,0.09,0.09,0.093399,1776211505000
1776211507.407,7.407,0.31,5.0,0.27,450.0,0.4,5.0,0.43,5.0,0.6,5.0,0.57,5.0,0.69,5.0,0.73,450.0,0.09,0.09,0.093399,1776211506000
1776211508.045,8.045,0.31,5.0,0.27,450.0,0.4,5.0,0.43,5.0,0.6,5.0,0.57,5.0,0.69,5.0,0.73,450.0,0.09,0.09,0.093399,1776211507000
1776211509.288,9.288,0.31,5.0,0.27,450.0,0.4,5.0,0.43,5.0,0.6,5.0,0.57,5.0,0.69,5.0,0.73,450.0,0.09,0.09,0.093391,1776211508000
1776211509.525,9.525,0.26,5.0,0.23,10.0,0.37,28.0,0.41,5.0,0.6,5.0,0.57,5.0,0.69,5.0,0.73,450.0,0.11,0.09,0.093391,1776211508000
1776211510.463,10.463,0.26,5.0,0.23,10.0,0.37,28.0,0.41,5.0,0.63,28.0,0.59,5.0,0.74,5.0,0.77,10.0,0.11,0.11,0.09339,1776211509000
1776211510.961,10.961,0.31,50.0,0.24,20.0,0.37,15.1,0.45,20.0,0.63,28.0,0.59,5.0,0.74,5.0,0.77,10.0,0.06,0.11,0.09339,1776211509000
1776211512.399,12.399,0.31,50.0,0.24,20.0,0.37,15.1,0.45,20.0,0.63,15.1,0.55,20.0,0.69,50.0,0.76,20.0,0.06,0.06,0.093389,1776211511000
1776211513.019,13.019,0.31,50.0,0.24,20.0,0.37,15.1,0.45,20.0,0.63,15.1,0.55,20.0,0.69,50.0,0.76,20.0,0.06,0.06,0.093389,1776211512000
1776211513.583,13.583,0.3,7.2,0.28,5.0,0.37,20.1,0.4,5.0,0.63,15.1,0.55,20.0,0.69,50.0,0.76,20.0,0.07,0.06,0.093389,1776211512000
1776211514.218,14.218,0.3,7.2,0.28,5.0,0.37,20.1,0.4,5.0,0.63,20.1,0.6,5.0,0.7,7.2,0.72,5.0,0.07,0.07,0.093386,1776211513000
1776211515.486,15.486,0.3,7.2,0.28,5.0,0.37,20.1,0.4,5.0,0.63,20.1,0.6,5.0,0.7,7.2,0.72,5.0,0.07,0.07,0.093385,1776211514000
1776211515.832,15.832,0.25,5.0,0.23,5.0,0.34,22.0,0.38,5.0,0.63,20.1,0.6,5.0,0.7,7.2,0.72,5.0,0.09,0.07,0.093385,1776211514000
1776211516.127,16.127,0.25,5.0,0.23,5.0,0.34,22.0,0.38,5.0,0.66,22.0,0.62,5.0,0.75,5.0,0.77,5.0,0.09,0.09,0.09338,1776211515000
1776211517.971,17.971,0.25,4.4,0.23,5.0,0.34,22.0,0.38,5.0,0.66,22.0,0.62,5.0,0.75,4.4,0.77,5.0,0.09,0.09,0.093376,1776211516000
1776211518.438,18.438,0.25,4.4,0.23,5.0,0.34,22.0,0.38,5.0,0.66,22.0,0.62,5.0,0.75,4.4,0.77,5.0,0.09,0.09,0.093375,1776211517000
1776211518.952,18.952,0.25,4.4,0.23,5.0,0.34,22.0,0.38,5.0,0.66,22.0,0.62,5.0,0.75,4.4,0.77,5.0,0.09,0.09,0.093377,1776211518000
1776211520.024,20.024,0.25,4.4,0.23,5.0,0.34,22.0,0.38,5.0,0.66,22.0,0.62,5.0,0.75,4.4,0.77,5.0,0.09,0.09,0.093377,1776211519000
1776211521.141,21.141,0.25,4.4,0.23,5.0,0.34,22.0,0.38,5.0,0.66,22.0,0.62,5.0,0.75,4.4,0.77,5.0,0.09,0.09,0.093366,1776211520000
1776211522.091,22.091,0.25,4.4,0.23,5.0,0.34,22.0,0.38,5.0,0.66,22.0,0.62,5.0,0.75,4.4,0.77,5.0,0.09,0.09,0.093349,1776211521000
1776211522.321,22.321,0.21,24.52,0.2,5.0,0.31,5.0,0.35,5.0,0.66,22.0,0.62,5.0,0.75,4.4,0.77,5.0,0.1,0.09,0.093349,1776211521000
1776211523.075,23.075,0.21,24.52,0.2,5.0,0.31,5.0,0.35,5.0,0.69,5.0,0.65,5.0,0.79,24.52,0.8,5.0,0.1,0.1,0.093348,1776211522000
1776211524.138,24.138,0.21,24.52,0.2,5.0,0.31,5.0,0.35,5.0,0.69,5.0,0.65,5.0,0.79,24.52,0.8,5.0,0.1,0.1,0.093372,1776211523000
1776211525.174,25.174,0.21,24.52,0.2,5.0,0.31,5.0,0.35,5.0,0.69,5.0,0.65,5.0,0.79,24.52,0.8,5.0,0.1,0.1,0.093384,1776211524000
1776211526.208,26.208,0.21,24.52,0.2,5.0,0.31,5.0,0.35,5.0,0.69,5.0,0.65,5.0,0.79,24.52,0.8,5.0,0.1,0.1,0.093384,1776211525000
1776211527.282,27.282,0.21,24.52,0.2,5.0,0.31,5.0,0.35,5.0,0.69,5.0,0.65,5.0,0.79,24.52,0.8,5.0,0.1,0.1,0.093383,1776211526000
1776211528.164,28.164,0.21,24.52,0.2,5.0,0.31,5.0,0.35,5.0,0.69,5.0,0.65,5.0,0.79,24.52,0.8,5.0,0.1,0.1,0.093383,1776211527000
1776211529.163,29.163,0.21,24.52,0.2,5.0,0.31,5.0,0.35,5.0,0.69,5.0,0.65,5.0,0.79,24.52,0.8,5.0,0.1,0.1,0.093382,1776211528000
1776211530.176,30.176,0.21,24.52,0.2,5.0,0.31,5.0,0.35,5.0,0.69,5.0,0.65,5.0,0.79,24.52,0.8,5.0,0.1,0.1,0.093371,1776211529000
1776211531.197,31.197,0.21,24.52,0.2,5.0,0.31,5.0,0.35,5.0,0.69,5.0,0.65,5.0,0.79,24.52,0.8,5.0,0.1,0.1,0.093354,1776211530000
1776211531.436,31.436,0.21,12.26,0.14,5.0,0.24,20.0,0.3,5.0,0.69,5.0,0.65,5.0,0.79,24.52,0.8,5.0,0.03,0.1,0.093354,1776211530000
1776211532.37,32.37,0.21,12.26,0.14,5.0,0.24,20.0,0.3,5.0,0.76,20.0,0.7,5.0,0.79,12.26,0.86,5.0,0.03,0.03,0.093346,1776211531000
1776211532.909,32.909,0.21,12.26,0.14,5.0,0.24,20.0,0.3,5.0,0.76,20.0,0.7,5.0,0.79,12.26,0.86,5.0,0.03,0.03,0.093348,1776211532000
1776211533.179,33.179,0.21,11.13,0.14,5.0,0.24,20.0,0.3,5.0,0.76,20.0,0.7,5.0,0.79,12.26,0.86,5.0,0.03,0.03,0.093348,1776211532000
1776211534.655,34.655,0.21,11.13,0.14,5.0,0.24,20.0,0.3,5.0,0.76,20.0,0.7,5.0,0.79,11.13,0.86,5.0,0.03,0.03,0.093348,1776211533000
1776211535.156,35.156,0.21,11.13,0.14,5.0,0.24,20.0,0.3,5.0,0.76,20.0,0.7,5.0,0.79,11.13,0.86,5.0,0.03,0.03,0.093348,1776211534000
1776211536.464,36.464,0.17,5.0,0.13,10.0,0.24,15.0,0.27,5.0,0.76,15.0,0.73,5.0,0.83,5.0,0.87,10.0,0.07,0.07,0.093363,1776211535000
1776211537.06,37.06,0.17,5.0,0.13,10.0,0.24,15.0,0.27,5.0,0.76,15.0,0.73,5.0,0.83,5.0,0.87,10.0,0.07,0.07,0.093364,1776211536000
1776211537.371,37.371,0.17,10.0,0.16,10.0,0.33,5.0,0.41,50.0,0.76,15.0,0.73,5.0,0.83,5.0,0.87,10.0,0.16,0.07,0.093364,1776211536000
1776211538.074,38.074,0.17,10.0,0.16,10.0,0.33,5.0,0.41,50.0,0.67,5.0,0.59,50.0,0.83,10.0,0.84,10.0,0.16,0.16,0.093365,1776211537000
1776211538.383,38.383,0.17,10.0,0.16,10.0,0.4,4.0,0.41,50.0,0.67,5.0,0.59,50.0,0.83,10.0,0.84,10.0,0.23,0.16,0.093365,1776211537000
1776211539.165,39.165,0.17,10.0,0.16,10.0,0.4,4.0,0.41,50.0,0.6,4.0,0.59,50.0,0.83,10.0,0.84,10.0,0.23,0.23,0.093373,1776211538000
1776211540.654,40.654,0.25,5.0,0.17,10.0,0.36,17.0,0.4,5.0,0.64,17.0,0.6,5.0,0.75,5.0,0.83,10.0,0.11,0.11,0.09339,1776211539000
1776211541.213,41.213,0.25,5.0,0.17,10.0,0.36,17.0,0.4,5.0,0.64,17.0,0.6,5.0,0.75,5.0,0.83,10.0,0.11,0.11,0.09339,1776211540000
1776211542.722,42.722,0.25,5.0,0.17,10.0,0.36,17.0,0.4,5.0,0.64,17.0,0.6,5.0,0.75,5.0,0.83,10.0,0.11,0.11,0.09339,1776211541000
1776211543.308,43.308,0.25,5.0,0.17,10.0,0.36,17.0,0.4,5.0,0.64,17.0,0.6,5.0,0.75,5.0,0.83,10.0,0.11,0.11,0.09339,1776211542000
1776211544.777,44.777,0.25,5.0,0.17,10.0,0.36,17.0,0.4,5.0,0.64,17.0,0.6,5.0,0.75,5.0,0.83,10.0,0.11,0.11,0.093383,1776211543000
1776211545.452,45.452,0.25,5.0,0.17,10.0,0.36,17.0,0.4,5.0,0.64,17.0,0.6,5.0,0.75,5.0,0.83,10.0,0.11,0.11,0.093385,1776211544000
1776211546.179,46.179,0.25,5.0,0.17,10.0,0.36,17.0,0.4,5.0,0.64,17.0,0.6,5.0,0.75,5.0,0.83,10.0,0.11,0.11,0.093387,1776211545000
1776211546.912,46.912,0.44,5.0,0.31,50.0,0.45,0.72,0.5,19.8,0.64,17.0,0.6,5.0,0.75,5.0,0.83,10.0,0.01,0.11,0.093387,1776211545000
1776211547.902,47.902,0.44,5.0,0.31,50.0,0.45,0.72,0.5,19.8,0.55,0.72,0.5,19.8,0.56,5.0,0.69,50.0,0.01,0.01,0.093414,1776211546000
1776211548.731,48.731,0.31,50.0,0.27,10.0,0.5,19.8,0.54,10.0,0.55,0.72,0.5,19.8,0.56,5.0,0.69,50.0,0.19,0.01,0.093414,1776211546000
1776211549.478,49.478,0.31,50.0,0.27,10.0,0.5,19.8,0.54,10.0,0.5,19.8,0.46,10.0,0.69,50.0,0.73,10.0,0.19,0.19,0.093453,1776211548000
1776211550.377,50.377,0.31,50.0,0.27,10.0,0.5,19.8,0.54,10.0,0.5,19.8,0.46,10.0,0.69,50.0,0.73,10.0,0.19,0.19,0.093458,1776211549000
1776211550.914,50.914,0.43,10.0,0.42,10.0,0.5,17.56,0.61,50.0,0.5,19.8,0.46,10.0,0.69,50.0,0.73,10.0,0.07,0.19,0.093458,1776211549000
1776211552.25,52.25,0.45,5.0,0.44,10.0,0.5,17.56,0.6,10.0,0.5,17.56,0.39,50.0,0.57,10.0,0.58,10.0,0.05,0.07,0.09346,1776211550000
1776211552.487,52.487,0.45,5.0,0.44,10.0,0.5,17.56,0.6,10.0,0.5,17.56,0.4,10.0,0.55,5.0,0.56,10.0,0.05,0.05,0.09346,1776211551000
1776211553.333,53.333,0.45,5.0,0.44,10.0,0.5,17.56,0.6,10.0,0.5,17.56,0.4,10.0,0.55,5.0,0.56,10.0,0.05,0.05,0.093466,1776211552000
1776211554.025,54.025,0.45,5.0,0.44,10.0,0.5,17.56,0.6,10.0,0.5,17.56,0.4,10.0,0.55,5.0,0.56,10.0,0.05,0.05,0.093461,1776211553000
1776211554.296,54.296,0.32,49.0,0.31,50.0,0.5,12.56,0.6,10.0,0.5,17.56,0.4,10.0,0.55,5.0,0.56,10.0,0.18,0.05,0.093461,1776211553000
1776211555.61,55.61,0.32,49.0,0.31,50.0,0.5,12.56,0.6,10.0,0.5,12.56,0.4,10.0,0.68,49.0,0.69,50.0,0.18,0.18,0.093468,1776211554000
1776211556.249,56.249,0.32,49.0,0.31,50.0,0.5,12.56,0.6,10.0,0.5,12.56,0.4,10.0,0.68,49.0,0.69,50.0,0.18,0.18,0.093459,1776211555000
1776211556.996,56.996,0.32,49.0,0.31,50.0,0.5,12.56,0.6,10.0,0.5,12.56,0.4,10.0,0.68,49.0,0.69,50.0,0.18,0.18,0.093455,1776211556000
1776211558.63,58.63,0.32,49.0,0.31,50.0,0.5,12.56,0.6,10.0,0.5,12.56,0.4,10.0,0.68,49.0,0.69,50.0,0.18,0.18,0.09348,1776211557000
1776211559.293,59.293,0.41,109.0,0.38,20.0,0.5,7.56,0.65,11.4,0.5,7.56,0.35,11.4,0.59,109.0,0.62,20.0,0.09,0.09,0.09348,1776211558000
1776211559.662,59.662,0.5,6.6,0.41,62.0,0.61,50.0,0.64,11.3,0.5,0.96,0.39,50.0,0.59,20.0,0.67,11.8,0.11,0.09,0.09348,1776211558000
1776211560.666,60.666,0.5,6.6,0.41,62.0,0.61,50.0,0.64,11.3,0.39,50.0,0.36,11.3,0.5,6.6,0.59,62.0,0.11,0.11,0.093497,1776211559000
1776211561.415,61.415,0.5,6.6,0.41,62.0,0.61,50.0,0.64,11.3,0.39,50.0,0.36,11.3,0.5,6.6,0.59,62.0,0.11,0.11,0.093497,1776211560000
1776211562.075,62.075,0.5,6.6,0.41,62.0,0.61,50.0,0.64,11.3,0.39,50.0,0.36,11.3,0.5,6.6,0.59,62.0,0.11,0.11,0.093494,1776211561000
1776211563.551,63.551,0.5,6.6,0.41,62.0,0.61,50.0,0.64,11.3,0.39,50.0,0.36,11.3,0.5,6.6,0.59,62.0,0.11,0.11,0.093475,1776211562000
1776211564.224,64.224,0.5,6.6,0.41,62.0,0.61,50.0,0.64,11.3,0.39,50.0,0.36,11.3,0.5,6.6,0.59,62.0,0.11,0.11,0.093477,1776211563000
1776211565.54,65.54,0.5,6.6,0.41,62.0,0.61,50.0,0.64,11.3,0.39,50.0,0.36,11.3,0.5,6.6,0.59,62.0,0.11,0.11,0.093478,1776211564000
1776211566.711,66.711,0.5,6.6,0.41,62.0,0.61,50.0,0.64,11.3,0.39,50.0,0.36,11.3,0.5,6.6,0.59,62.0,0.11,0.11,0.093478,1776211565000
1776211567.234,67.234,0.5,6.6,0.41,62.0,0.61,50.0,0.64,11.3,0.39,50.0,0.36,11.3,0.5,6.6,0.59,62.0,0.11,0.11,0.093478,1776211566000
1776211568.358,68.358,0.5,6.6,0.41,62.0,0.61,50.0,0.64,11.3,0.39,50.0,0.36,11.3,0.5,6.6,0.59,62.0,0.11,0.11,0.093489,1776211567000
1776211568.996,68.996,0.5,6.6,0.41,62.0,0.61,50.0,0.64,11.3,0.39,50.0,0.36,11.3,0.5,6.6,0.59,62.0,0.11,0.11,0.093489,1776211568000
1776211570.091,70.091,0.5,6.6,0.41,62.0,0.61,50.0,0.64,11.3,0.39,50.0,0.36,11.3,0.5,6.6,0.59,62.0,0.11,0.11,0.093487,1776211569000
1776211571.237,71.237,0.5,6.6,0.41,62.0,0.61,50.0,0.64,11.3,0.39,50.0,0.36,11.3,0.5,6.6,0.59,62.0,0.11,0.11,0.09349,1776211570000
1776211572.459,72.459,0.5,6.6,0.41,62.0,0.61,50.0,0.64,11.3,0.39,50.0,0.36,11.3,0.5,6.6,0.59,62.0,0.11,0.11,0.09349,1776211571000
1776211573.03,73.03,0.5,6.6,0.41,62.0,0.61,50.0,0.64,11.3,0.39,50.0,0.36,11.3,0.5,6.6,0.59,62.0,0.11,0.11,0.093491,1776211572000
1776211574.111,74.111,0.5,6.6,0.41,62.0,0.61,50.0,0.64,11.3,0.39,50.0,0.36,11.3,0.5,6.6,0.59,62.0,0.11,0.11,0.0935,1776211573000
1776211575.232,75.232,0.5,6.6,0.41,62.0,0.61,50.0,0.64,11.3,0.39,50.0,0.36,11.3,0.5,6.6,0.59,62.0,0.11,0.11,0.093509,1776211574000
1776211576.462,76.462,0.5,6.6,0.41,62.0,0.61,50.0,0.64,11.3,0.39,50.0,0.36,11.3,0.5,6.6,0.59,62.0,0.11,0.11,0.093503,1776211575000
1776211577.137,77.137,0.5,6.6,0.41,62.0,0.61,50.0,0.64,11.3,0.39,50.0,0.36,11.3,0.5,6.6,0.59,62.0,0.11,0.11,0.093503,1776211576000
1776211577.943,77.943,0.62,19.0,0.53,20.0,0.64,11.3,0.65,11.4,0.39,50.0,0.36,11.3,0.5,6.6,0.59,62.0,0.02,0.11,0.093503,1776211576000
1776211578.294,78.294,0.62,19.0,0.53,20.0,0.64,11.3,0.65,11.4,0.36,11.3,0.35,11.4,0.38,19.0,0.47,20.0,0.02,0.02,0.093501,1776211577000
1776211578.507,78.507,0.53,20.0,0.52,10.0,0.63,11.2,0.64,11.3,0.36,11.3,0.35,11.4,0.38,19.0,0.47,20.0,0.1,0.02,0.093501,1776211577000
1776211579.426,79.426,0.53,20.0,0.52,10.0,0.63,11.2,0.64,11.3,0.37,11.2,0.36,11.3,0.47,20.0,0.48,10.0,0.1,0.1,0.093498,1776211578000
1776211579.972,79.972,0.53,20.0,0.52,10.0,0.63,11.2,0.64,11.3,0.37,11.2,0.36,11.3,0.47,20.0,0.48,10.0,0.1,0.1,0.093495,1776211579000
1776211581.604,81.604,0.53,20.0,0.52,10.0,0.63,11.2,0.64,11.3,0.37,11.2,0.36,11.3,0.47,20.0,0.48,10.0,0.1,0.1,0.093488,1776211580000
1776211582.382,82.382,0.53,20.0,0.52,10.0,0.63,11.2,0.64,11.3,0.37,11.2,0.36,11.3,0.47,20.0,0.48,10.0,0.1,0.1,0.093487,1776211581000
1776211582.984,82.984,0.53,20.0,0.52,10.0,0.63,11.2,0.64,11.3,0.37,11.2,0.36,11.3,0.47,20.0,0.48,10.0,0.1,0.1,0.093488,1776211582000
1776211584.387,84.387,0.53,20.0,0.52,10.0,0.63,11.2,0.64,11.3,0.37,11.2,0.36,11.3,0.47,20.0,0.48,10.0,0.1,0.1,0.0935,1776211583000
1776211585.575,85.575,0.53,20.0,0.52,10.0,0.63,11.2,0.64,11.3,0.37,11.2,0.36,11.3,0.47,20.0,0.48,10.0,0.1,0.1,0.09352,1776211584000
1776211586.18,86.18,0.53,20.0,0.52,10.0,0.63,11.2,0.64,11.3,0.37,11.2,0.36,11.3,0.47,20.0,0.48,10.0,0.1,0.1,0.09352,1776211585000
1776211587.403,87.403,0.53,20.0,0.52,10.0,0.63,11.2,0.64,11.3,0.37,11.2,0.36,11.3,0.47,20.0,0.48,10.0,0.1,0.1,0.09353,1776211586000
1776211588.049,88.049,0.53,20.0,0.52,10.0,0.63,11.2,0.64,11.3,0.37,11.2,0.36,11.3,0.47,20.0,0.48,10.0,0.1,0.1,0.093537,1776211587000
1776211589.082,89.082,0.71,24.0,0.67,10.0,0.72,12.9,0.73,13.2,0.37,11.2,0.36,11.3,0.47,20.0,0.48,10.0,0.01,0.1,0.093537,1776211587000
1776211589.405,89.405,0.71,24.0,0.67,10.0,0.72,12.9,0.73,13.2,0.28,12.9,0.27,13.2,0.29,24.0,0.33,10.0,0.01,0.01,0.093538,1776211588000
1776211590.042,90.042,0.71,24.0,0.67,10.0,0.73,13.2,0.74,13.5,0.27,13.2,0.26,13.5,0.29,24.0,0.33,10.0,0.02,0.02,0.093538,1776211589000
1776211591.278,91.278,0.71,24.0,0.67,10.0,0.73,13.2,0.74,13.5,0.27,13.2,0.26,13.5,0.29,24.0,0.33,10.0,0.02,0.02,0.093524,1776211590000
1776211592.562,92.562,0.71,24.0,0.67,10.0,0.73,13.2,0.74,13.5,0.27,13.2,0.26,13.5,0.29,24.0,0.33,10.0,0.02,0.02,0.093521,1776211591000
1776211593.053,93.053,0.71,24.0,0.69,10.0,0.73,10.84,0.74,13.5,0.27,13.2,0.26,13.5,0.29,24.0,0.33,10.0,0.02,0.02,0.093521,1776211591000
1776211594.587,94.587,0.71,24.0,0.69,10.0,0.73,10.84,0.74,13.5,0.27,10.84,0.26,13.5,0.29,24.0,0.31,10.0,0.02,0.02,0.093536,1776211593000
1776211595.335,95.335,0.71,24.0,0.69,10.0,0.73,10.84,0.74,13.5,0.27,10.84,0.26,13.5,0.29,24.0,0.31,10.0,0.02,0.02,0.093536,1776211594000
1776211595.977,95.977,0.71,24.0,0.69,10.0,0.73,10.84,0.74,13.5,0.27,10.84,0.26,13.5,0.29,24.0,0.31,10.0,0.02,0.02,0.093538,1776211595000
1776211596.54,96.54,0.71,24.0,0.7,10.0,0.75,8.85,0.76,14.3,0.27,10.84,0.26,13.5,0.29,24.0,0.31,10.0,0.04,0.02,0.093538,1776211595000
1776211597.222,97.222,0.71,24.0,0.7,10.0,0.75,8.85,0.76,14.3,0.25,8.85,0.24,14.3,0.29,24.0,0.3,10.0,0.04,0.04,0.09354,1776211596000
1776211598.038,98.038,0.71,19.0,0.64,10.0,0.72,12.9,0.73,13.2,0.25,8.85,0.24,14.3,0.29,24.0,0.3,10.0,0.01,0.04,0.09354,1776211596000
1776211598.302,98.302,0.71,19.0,0.64,10.0,0.72,12.9,0.73,13.2,0.28,12.9,0.27,13.2,0.29,19.0,0.36,10.0,0.01,0.01,0.093534,1776211597000
1776211598.918,98.918,0.71,19.0,0.64,10.0,0.72,12.9,0.73,13.2,0.28,12.9,0.27,13.2,0.29,19.0,0.36,10.0,0.01,0.01,0.093534,1776211598000
1776211599.125,99.125,0.64,10.0,0.63,10.0,0.71,2.68,0.72,12.9,0.28,12.9,0.27,13.2,0.29,19.0,0.36,10.0,0.07,0.01,0.093534,1776211598000
1776211599.894,99.894,0.64,10.0,0.63,10.0,0.71,2.68,0.72,12.9,0.29,2.68,0.28,12.9,0.36,10.0,0.37,10.0,0.07,0.07,0.093522,1776211599000
1776211600.929,100.929,0.64,10.0,0.63,10.0,0.71,2.68,0.72,12.9,0.29,2.68,0.28,12.9,0.36,10.0,0.37,10.0,0.07,0.07,0.093514,1776211600000
1776211601.908,101.908,0.53,5.0,0.41,50.0,0.67,11.8,0.68,11.9,0.33,11.8,0.32,11.9,0.47,5.0,0.59,50.0,0.14,0.14,0.093505,1776211601000
1776211602.901,102.901,0.53,5.0,0.41,50.0,0.67,11.8,0.68,11.9,0.33,11.8,0.32,11.9,0.47,5.0,0.59,50.0,0.14,0.14,0.09347,1776211602000
1776211603.905,103.905,0.53,5.0,0.41,50.0,0.67,11.8,0.68,11.9,0.33,11.8,0.32,11.9,0.47,5.0,0.59,50.0,0.14,0.14,0.09346,1776211603000
1776211604.898,104.898,0.53,5.0,0.41,50.0,0.67,11.8,0.68,11.9,0.33,11.8,0.32,11.9,0.47,5.0,0.59,50.0,0.14,0.14,0.093461,1776211604000
1776211605.239,105.239,0.46,5.0,0.41,50.0,0.62,11.0,0.63,11.2,0.33,11.8,0.32,11.9,0.47,5.0,0.59,50.0,0.16,0.14,0.093461,1776211604000
1776211605.853,105.853,0.46,5.0,0.41,50.0,0.62,11.0,0.63,11.2,0.38,11.0,0.37,11.2,0.54,5.0,0.59,50.0,0.16,0.16,0.093473,1776211605000
1776211606.889,106.889,0.46,5.0,0.41,50.0,0.62,11.0,0.63,11.2,0.38,11.0,0.37,11.2,0.54,5.0,0.59,50.0,0.16,0.16,0.093474,1776211606000
1776211607.845,107.845,0.46,5.0,0.41,50.0,0.62,11.0,0.63,11.2,0.38,11.0,0.37,11.2,0.54,5.0,0.59,50.0,0.16,0.16,0.093476,1776211607000
1776211608.772,108.772,0.46,5.0,0.41,50.0,0.62,11.0,0.63,11.2,0.38,11.0,0.37,11.2,0.54,5.0,0.59,50.0,0.16,0.16,0.093477,1776211608000
1776211610.274,110.274,0.46,5.0,0.41,50.0,0.62,11.0,0.63,11.2,0.38,11.0,0.37,11.2,0.54,5.0,0.59,50.0,0.16,0.16,0.093476,1776211609000
1776211611.396,111.396,0.46,5.0,0.41,50.0,0.62,11.0,0.63,11.2,0.38,11.0,0.37,11.2,0.54,5.0,0.59,50.0,0.16,0.16,0.093475,1776211610000
1776211612.33,112.33,0.49,10.0,0.48,10.0,0.6,7.93,0.61,10.9,0.4,7.93,0.39,10.9,0.51,10.0,0.52,10.0,0.11,0.11,0.093475,1776211611000
1776211613.645,113.645,0.49,10.0,0.48,10.0,0.6,7.93,0.61,10.9,0.4,7.93,0.39,10.9,0.51,10.0,0.52,10.0,0.11,0.11,0.093475,1776211612000
1776211614.542,114.542,0.49,10.0,0.48,10.0,0.6,7.93,0.61,10.9,0.4,7.93,0.39,10.9,0.51,10.0,0.52,10.0,0.11,0.11,0.093476,1776211613000
1776211615.28,115.28,0.49,10.0,0.48,10.0,0.6,7.93,0.61,10.9,0.4,7.93,0.39,10.9,0.51,10.0,0.52,10.0,0.11,0.11,0.093479,1776211614000
1776211616.572,116.572,0.49,10.0,0.48,10.0,0.6,7.93,0.61,10.9,0.4,7.93,0.39,10.9,0.51,10.0,0.52,10.0,0.11,0.11,0.093479,1776211615000
1776211617.25,117.25,0.49,10.0,0.48,10.0,0.6,7.93,0.61,10.9,0.4,7.93,0.39,10.9,0.51,10.0,0.52,10.0,0.11,0.11,0.093489,1776211616000
1776211618.113,118.113,0.51,78.19,0.5,10.4,0.74,13.5,0.75,8.85,0.4,7.93,0.39,10.9,0.51,10.0,0.52,10.0,0.23,0.11,0.093489,1776211616000
1776211618.493,118.493,0.51,78.19,0.5,10.4,0.74,13.5,0.75,8.85,0.26,13.5,0.25,8.85,0.49,78.19,0.5,10.4,0.23,0.23,0.09349,1776211617000
1776211619.062,119.062,0.51,78.19,0.5,10.4,0.74,13.5,0.75,8.85,0.26,13.5,0.25,8.85,0.49,78.19,0.5,10.4,0.23,0.23,0.09349,1776211618000
1776211619.382,119.382,0.53,3.63,0.52,10.4,0.73,13.2,0.74,13.5,0.26,13.5,0.25,8.85,0.49,78.19,0.5,10.4,0.2,0.23,0.09349,1776211618000
1776211620.304,120.304,0.53,3.63,0.52,10.4,0.73,13.2,0.74,13.5,0.27,13.2,0.26,13.5,0.47,3.63,0.48,10.4,0.2,0.2,0.093508,1776211619000
1776211621.066,121.066,0.53,3.63,0.52,10.4,0.73,13.2,0.74,13.5,0.27,13.2,0.26,13.5,0.47,3.63,0.48,10.4,0.2,0.2,0.093508,1776211620000
1776211622.349,122.349,0.53,3.63,0.52,10.4,0.73,13.2,0.74,13.5,0.27,13.2,0.26,13.5,0.47,3.63,0.48,10.4,0.2,0.2,0.093512,1776211621000
1776211623.122,123.122,0.53,3.63,0.52,10.4,0.73,13.2,0.74,13.5,0.27,13.2,0.26,13.5,0.47,3.63,0.48,10.4,0.2,0.2,0.093514,1776211622000
1776211623.38,123.38,0.61,50.0,0.58,10.7,0.75,8.85,0.76,14.3,0.27,13.2,0.26,13.5,0.47,3.63,0.48,10.4,0.14,0.2,0.093514,1776211622000
1776211624.507,124.507,0.61,50.0,0.58,10.7,0.75,8.85,0.76,14.3,0.25,8.85,0.24,14.3,0.39,50.0,0.42,10.7,0.14,0.14,0.093519,1776211623000
1776211625.185,125.185,0.61,50.0,0.58,10.7,0.75,8.85,0.76,14.3,0.25,8.85,0.24,14.3,0.39,50.0,0.42,10.7,0.14,0.14,0.093528,1776211624000
1776211626.66,126.66,0.61,50.0,0.58,10.7,0.75,8.85,0.76,14.3,0.25,8.85,0.24,14.3,0.39,50.0,0.42,10.7,0.14,0.14,0.093529,1776211625000
1776211627.345,127.345,0.61,50.0,0.58,10.7,0.75,8.85,0.76,14.3,0.25,8.85,0.24,14.3,0.39,50.0,0.42,10.7,0.14,0.14,0.093529,1776211626000
1776211628.032,128.032,0.61,50.0,0.58,10.7,0.75,8.85,0.76,14.3,0.25,8.85,0.24,14.3,0.39,50.0,0.42,10.7,0.14,0.14,0.093534,1776211627000
1776211628.921,128.921,0.61,50.0,0.58,10.7,0.75,8.85,0.76,14.3,0.25,8.85,0.24,14.3,0.39,50.0,0.42,10.7,0.14,0.14,0.093532,1776211628000
1776211630.014,130.014,0.61,50.0,0.58,10.7,0.75,8.85,0.76,14.3,0.25,8.85,0.24,14.3,0.39,50.0,0.42,10.7,0.14,0.14,0.093529,1776211629000
1776211631.059,131.059,0.61,50.0,0.58,10.7,0.75,8.85,0.76,14.3,0.25,8.85,0.24,14.3,0.39,50.0,0.42,10.7,0.14,0.14,0.09353,1776211630000
1776211632.223,132.223,0.61,50.0,0.58,10.7,0.75,8.85,0.76,14.3,0.25,8.85,0.24,14.3,0.39,50.0,0.42,10.7,0.14,0.14,0.093534,1776211631000
1776211633.285,133.285,0.61,50.0,0.58,10.7,0.75,8.85,0.76,14.3,0.25,8.85,0.24,14.3,0.39,50.0,0.42,10.7,0.14,0.14,0.09355,1776211632000
1776211634.308,134.308,0.61,50.0,0.58,10.7,0.75,8.85,0.76,14.3,0.25,8.85,0.24,14.3,0.39,50.0,0.42,10.7,0.14,0.14,0.093546,1776211633000
1776211634.604,134.604,0.65,36.4,0.64,11.3,0.79,13.52,0.8,16.2,0.25,8.85,0.24,14.3,0.39,50.0,0.42,10.7,0.14,0.14,0.093546,1776211633000
1776211635.354,135.354,0.65,36.4,0.64,11.3,0.79,13.52,0.8,16.2,0.21,13.52,0.2,16.2,0.35,36.4,0.36,11.3,0.14,0.14,0.093546,1776211634000
1776211635.962,135.962,0.65,36.4,0.64,11.3,0.79,13.52,0.8,16.2,0.21,13.52,0.2,16.2,0.35,36.4,0.36,11.3,0.14,0.14,0.093547,1776211635000
1776211636.974,136.974,0.65,36.4,0.64,11.3,0.79,13.52,0.8,16.2,0.21,13.52,0.2,16.2,0.35,36.4,0.36,11.3,0.14,0.14,0.093545,1776211636000
1776211638.111,138.111,0.65,36.4,0.64,11.3,0.79,13.52,0.8,16.2,0.21,13.52,0.2,16.2,0.35,36.4,0.36,11.3,0.14,0.14,0.093545,1776211637000
1776211639.196,139.196,0.65,36.4,0.64,11.3,0.79,13.52,0.8,16.2,0.21,13.52,0.2,16.2,0.35,36.4,0.36,11.3,0.14,0.14,0.093545,1776211638000
1776211640.241,140.241,0.65,36.4,0.64,11.3,0.79,13.52,0.8,16.2,0.21,13.52,0.2,16.2,0.35,36.4,0.36,11.3,0.14,0.14,0.093545,1776211639000
1776211640.629,140.629,0.65,36.4,0.64,11.3,0.79,13.52,0.8,16.2,0.21,13.52,0.2,16.2,0.35,36.4,0.36,11.3,0.14,0.14,0.093545,1776211639000
1776211641.335,141.335,0.65,36.4,0.64,11.3,0.79,13.52,0.8,16.2,0.21,13.52,0.2,16.2,0.35,36.4,0.36,11.3,0.14,0.14,0.093545,1776211640000
1776211642.037,142.037,0.65,36.4,0.64,11.3,0.79,13.52,0.8,16.2,0.21,13.52,0.2,16.2,0.35,36.4,0.36,11.3,0.14,0.14,0.093545,1776211641000
1776211643.139,143.139,0.65,36.4,0.64,11.3,0.79,13.52,0.8,16.2,0.21,13.52,0.2,16.2,0.35,36.4,0.36,11.3,0.14,0.14,0.093545,1776211642000
1776211644.052,144.052,0.65,36.4,0.64,11.3,0.79,13.52,0.8,16.2,0.21,13.52,0.2,16.2,0.35,36.4,0.36,11.3,0.14,0.14,0.093545,1776211643000
1776211645.052,145.052,0.65,36.4,0.64,11.3,0.79,13.52,0.8,16.2,0.21,13.52,0.2,16.2,0.35,36.4,0.36,11.3,0.14,0.14,0.093545,1776211644000
1776211645.931,145.931,0.65,36.4,0.64,11.3,0.79,13.52,0.8,16.2,0.21,13.52,0.2,16.2,0.35,36.4,0.36,11.3,0.14,0.14,0.093545,1776211645000
1776211647.003,147.003,0.65,36.4,0.64,11.3,0.79,13.52,0.8,16.2,0.21,13.52,0.2,16.2,0.35,36.4,0.36,11.3,0.14,0.14,0.093563,1776211646000
1776211648.023,148.023,0.65,36.4,0.64,11.3,0.79,13.52,0.8,16.2,0.21,13.52,0.2,16.2,0.35,36.4,0.36,11.3,0.14,0.14,0.093563,1776211647000
1776211648.477,148.477,0.72,12.9,0.71,94.6,0.84,17.25,0.85,20.39,0.21,13.52,0.2,16.2,0.35,36.4,0.36,11.3,0.12,0.14,0.093563,1776211647000
1776211649.063,149.063,0.72,12.9,0.71,94.6,0.84,17.25,0.85,20.39,0.16,17.25,0.15,20.39,0.28,12.9,0.29,94.6,0.12,0.12,0.093565,1776211648000
1776211650.232,150.232,0.72,12.9,0.71,94.6,0.84,17.25,0.85,20.39,0.16,17.25,0.15,20.39,0.28,12.9,0.29,94.6,0.12,0.12,0.093565,1776211649000
1776211651.219,151.219,0.72,12.9,0.71,94.6,0.84,17.25,0.85,20.39,0.16,17.25,0.15,20.39,0.28,12.9,0.29,94.6,0.12,0.12,0.093565,1776211650000
1776211651.69,151.69,0.73,39.2,0.72,12.9,0.85,19.21,0.86,21.6,0.16,17.25,0.15,20.39,0.28,12.9,0.29,94.6,0.12,0.12,0.093565,1776211650000
1776211652.259,152.259,0.73,39.2,0.72,12.9,0.85,19.21,0.86,21.6,0.15,19.21,0.14,21.6,0.27,39.2,0.28,12.9,0.12,0.12,0.093565,1776211651000
1776211652.755,152.755,0.74,48.5,0.73,13.2,0.86,16.42,0.87,23.0,0.15,19.21,0.14,21.6,0.27,39.2,0.28,12.9,0.12,0.12,0.093565,1776211651000
1776211653.34,153.34,0.74,48.5,0.73,13.2,0.86,16.42,0.87,23.0,0.14,16.42,0.13,23.0,0.26,48.5,0.27,13.2,0.12,0.12,0.093566,1776211652000
1776211653.868,153.868,0.74,48.5,0.73,13.2,0.86,16.42,0.87,23.0,0.14,16.42,0.13,23.0,0.26,48.5,0.27,13.2,0.12,0.12,0.093566,1776211653000
1776211654.872,154.872,0.74,48.5,0.73,13.2,0.86,16.42,0.87,23.0,0.14,16.42,0.13,23.0,0.26,48.5,0.27,13.2,0.12,0.12,0.093568,1776211654000
1776211655.257,155.257,0.76,45.3,0.75,13.9,0.87,19.95,0.88,24.6,0.14,16.42,0.13,23.0,0.26,48.5,0.27,13.2,0.11,0.12,0.093568,1776211654000
1776211656.384,156.384,0.76,45.3,0.75,13.9,0.87,19.95,0.88,24.6,0.13,19.95,0.12,24.6,0.24,45.3,0.25,13.9,0.11,0.11,0.093579,1776211655000
1776211656.94,156.94,0.76,45.3,0.75,13.9,0.88,24.55,0.89,26.6,0.13,19.95,0.12,24.6,0.24,45.3,0.25,13.9,0.12,0.11,0.093579,1776211655000
1776211657.285,157.285,0.63,6.97,0.61,50.0,0.86,21.6,0.88,24.55,0.12,24.55,0.11,26.6,0.24,45.3,0.25,13.9,0.23,0.12,0.093579,1776211655000
1776211657.877,157.877,0.63,6.97,0.61,50.0,0.86,21.6,0.88,24.55,0.14,21.6,0.12,24.55,0.37,6.97,0.39,50.0,0.23,0.23,0.093581,1776211657000
1776211658.54,158.54,0.63,21.97,0.51,55.19,0.81,36.71,0.82,5.0,0.14,21.6,0.12,24.55,0.37,6.97,0.39,50.0,0.18,0.23,0.093581,1776211657000
1776211659.179,159.179,0.63,21.97,0.51,55.19,0.81,36.71,0.82,5.0,0.19,36.71,0.18,5.0,0.37,21.97,0.49,55.19,0.18,0.18,0.093545,1776211658000
1776211660.367,160.367,0.63,21.97,0.51,55.19,0.81,36.71,0.82,5.0,0.19,36.71,0.18,5.0,0.37,21.97,0.49,55.19,0.18,0.18,0.09352,1776211659000
1776211660.961,160.961,0.63,21.97,0.51,55.19,0.81,36.71,0.82,5.0,0.19,36.71,0.18,5.0,0.37,21.97,0.49,55.19,0.18,0.18,0.093513,1776211660000
1776211662.159,162.159,0.63,21.97,0.51,55.19,0.81,36.71,0.82,5.0,0.19,36.71,0.18,5.0,0.37,21.97,0.49,55.19,0.18,0.18,0.093497,1776211661000
1776211663.279,163.279,0.63,21.97,0.51,55.19,0.81,36.71,0.82,5.0,0.19,36.71,0.18,5.0,0.37,21.97,0.49,55.19,0.18,0.18,0.093475,1776211662000
1776211664.39,164.39,0.63,21.97,0.51,55.19,0.81,36.71,0.82,5.0,0.19,36.71,0.18,5.0,0.37,21.97,0.49,55.19,0.18,0.18,0.093478,1776211663000
1776211665.089,165.089,0.63,21.97,0.51,55.19,0.81,36.71,0.82,5.0,0.19,36.71,0.18,5.0,0.37,21.97,0.49,55.19,0.18,0.18,0.093478,1776211664000
1776211666.305,166.305,0.63,21.97,0.51,55.19,0.81,36.71,0.82,5.0,0.19,36.71,0.18,5.0,0.37,21.97,0.49,55.19,0.18,0.18,0.093495,1776211665000
1776211667.415,167.415,0.63,21.97,0.51,55.19,0.81,36.71,0.82,5.0,0.19,36.71,0.18,5.0,0.37,21.97,0.49,55.19,0.18,0.18,0.093506,1776211666000
1776211667.998,167.998,0.63,21.97,0.51,55.19,0.81,36.71,0.82,5.0,0.19,36.71,0.18,5.0,0.37,21.97,0.49,55.19,0.18,0.18,0.09352,1776211667000
1776211669.022,169.022,0.61,79.43,0.51,50.0,0.76,14.3,0.77,14.7,0.19,36.71,0.18,5.0,0.37,21.97,0.49,55.19,0.15,0.18,0.09352,1776211667000
1776211670.288,170.288,0.61,79.43,0.51,50.0,0.76,14.3,0.77,14.7,0.24,14.3,0.23,14.7,0.39,79.43,0.49,50.0,0.15,0.15,0.093527,1776211669000
1776211670.914,170.914,0.61,79.43,0.51,50.0,0.76,14.3,0.77,14.7,0.24,14.3,0.23,14.7,0.39,79.43,0.49,50.0,0.15,0.15,0.093527,1776211670000
1776211672.003,172.003,0.61,79.43,0.51,50.0,0.76,14.3,0.77,14.7,0.24,14.3,0.23,14.7,0.39,79.43,0.49,50.0,0.15,0.15,0.093526,1776211671000
1776211673.103,173.103,0.61,79.43,0.51,50.0,0.76,14.3,0.77,14.7,0.24,14.3,0.23,14.7,0.39,79.43,0.49,50.0,0.15,0.15,0.093525,1776211672000
1776211674.14,174.14,0.61,79.43,0.51,50.0,0.76,14.3,0.77,14.7,0.24,14.3,0.23,14.7,0.39,79.43,0.49,50.0,0.15,0.15,0.093526,1776211673000
1776211675.177,175.177,0.61,79.43,0.51,50.0,0.76,14.3,0.77,14.7,0.24,14.3,0.23,14.7,0.39,79.43,0.49,50.0,0.15,0.15,0.093538,1776211674000
1776211676.288,176.288,0.61,79.43,0.51,50.0,0.76,14.3,0.77,14.7,0.24,14.3,0.23,14.7,0.39,79.43,0.49,50.0,0.15,0.15,0.093548,1776211675000
1776211677.255,177.255,0.61,79.43,0.51,50.0,0.76,14.3,0.77,14.7,0.24,14.3,0.23,14.7,0.39,79.43,0.49,50.0,0.15,0.15,0.093548,1776211676000
1776211678.406,178.406,0.61,79.43,0.51,50.0,0.76,14.3,0.77,14.7,0.24,14.3,0.23,14.7,0.39,79.43,0.49,50.0,0.15,0.15,0.093548,1776211677000
1776211678.965,178.965,0.61,79.43,0.51,50.0,0.76,14.3,0.77,14.7,0.24,14.3,0.23,14.7,0.39,79.43,0.49,50.0,0.15,0.15,0.093548,1776211678000
1776211679.877,179.877,0.61,79.43,0.51,50.0,0.76,14.3,0.77,14.7,0.24,14.3,0.23,14.7,0.39,79.43,0.49,50.0,0.15,0.15,0.093557,1776211679000
1776211680.943,180.943,0.61,79.43,0.51,50.0,0.76,14.3,0.77,14.7,0.24,14.3,0.23,14.7,0.39,79.43,0.49,50.0,0.15,0.15,0.093558,1776211680000
1776211681.913,181.913,0.61,79.43,0.51,50.0,0.76,14.3,0.77,14.7,0.24,14.3,0.23,14.7,0.39,79.43,0.49,50.0,0.15,0.15,0.093555,1776211681000
1776211683.22,183.22,0.61,79.43,0.51,50.0,0.76,14.3,0.77,14.7,0.24,14.3,0.23,14.7,0.39,79.43,0.49,50.0,0.15,0.15,0.093554,1776211682000
1776211683.748,183.748,0.61,34.61,0.59,10.7,0.86,21.6,0.88,29.55,0.24,14.3,0.23,14.7,0.39,79.43,0.49,50.0,0.25,0.15,0.093554,1776211682000
1776211684.032,184.032,0.61,40.99,0.59,10.7,0.85,3.35,0.86,21.6,0.14,21.6,0.12,29.55,0.39,40.99,0.41,10.7,0.24,0.25,0.093554,1776211682000
1776211685.745,185.745,0.61,40.99,0.59,10.7,0.85,3.35,0.86,21.6,0.15,3.35,0.14,21.6,0.39,40.99,0.41,10.7,0.24,0.24,0.093533,1776211684000
1776211686.318,186.318,0.61,40.99,0.59,10.7,0.85,3.35,0.86,21.6,0.15,3.35,0.14,21.6,0.39,40.99,0.41,10.7,0.24,0.24,0.093519,1776211685000
1776211687.317,187.317,0.61,40.99,0.59,10.7,0.85,3.35,0.86,21.6,0.15,3.35,0.14,21.6,0.39,40.99,0.41,10.7,0.24,0.24,0.093518,1776211686000
1776211687.868,187.868,0.61,40.99,0.59,10.7,0.85,3.35,0.86,21.6,0.15,3.35,0.14,21.6,0.39,40.99,0.41,10.7,0.24,0.24,0.093518,1776211687000
1776211689.006,189.006,0.61,40.99,0.59,10.7,0.85,3.35,0.86,21.6,0.15,3.35,0.14,21.6,0.39,40.99,0.41,10.7,0.24,0.24,0.093533,1776211688000
1776211689.985,189.985,0.61,40.99,0.59,10.7,0.85,3.35,0.86,21.6,0.15,3.35,0.14,21.6,0.39,40.99,0.41,10.7,0.24,0.24,0.093533,1776211689000
1776211691.031,191.031,0.61,40.99,0.59,10.7,0.85,3.35,0.86,21.6,0.15,3.35,0.14,21.6,0.39,40.99,0.41,10.7,0.24,0.24,0.093533,1776211690000
1776211692.069,192.069,0.61,40.99,0.59,10.7,0.85,3.35,0.86,21.6,0.15,3.35,0.14,21.6,0.39,40.99,0.41,10.7,0.24,0.24,0.093536,1776211691000
1776211693.04,193.04,0.61,40.99,0.59,10.7,0.85,3.35,0.86,21.6,0.15,3.35,0.14,21.6,0.39,40.99,0.41,10.7,0.24,0.24,0.093535,1776211692000
1776211694.05,194.05,0.61,40.99,0.59,10.7,0.85,3.35,0.86,21.6,0.15,3.35,0.14,21.6,0.39,40.99,0.41,10.7,0.24,0.24,0.093536,1776211693000
1776211694.996,194.996,0.61,40.99,0.59,10.7,0.85,3.35,0.86,21.6,0.15,3.35,0.14,21.6,0.39,40.99,0.41,10.7,0.24,0.24,0.093544,1776211694000
1776211695.99,195.99,0.61,40.99,0.59,10.7,0.85,3.35,0.86,21.6,0.15,3.35,0.14,21.6,0.39,40.99,0.41,10.7,0.24,0.24,0.093544,1776211695000
1776211697.098,197.098,0.61,40.99,0.59,10.7,0.85,3.35,0.86,21.6,0.15,3.35,0.14,21.6,0.39,40.99,0.41,10.7,0.24,0.24,0.093547,1776211696000
1776211698.078,198.078,0.61,40.99,0.59,10.7,0.85,3.35,0.86,21.6,0.15,3.35,0.14,21.6,0.39,40.99,0.41,10.7,0.24,0.24,0.093548,1776211697000
1776211699.196,199.196,0.61,40.99,0.59,10.7,0.85,3.35,0.86,21.6,0.15,3.35,0.14,21.6,0.39,40.99,0.41,10.7,0.24,0.24,0.093548,1776211698000
1776211700.502,200.502,0.61,40.99,0.59,10.7,0.85,3.35,0.86,21.6,0.15,3.35,0.14,21.6,0.39,40.99,0.41,10.7,0.24,0.24,0.093548,1776211699000
1776211701.156,201.156,0.61,40.99,0.59,10.7,0.85,3.35,0.86,21.6,0.15,3.35,0.14,21.6,0.39,40.99,0.41,10.7,0.24,0.24,0.093548,1776211700000
1776211702.271,202.271,0.61,40.99,0.59,10.7,0.85,3.35,0.86,21.6,0.15,3.35,0.14,21.6,0.39,40.99,0.41,10.7,0.24,0.24,0.093542,1776211701000
1776211703.411,203.411,0.61,40.99,0.59,10.7,0.85,3.35,0.86,21.6,0.15,3.35,0.14,21.6,0.39,40.99,0.41,10.7,0.24,0.24,0.093542,1776211702000
1776211704.039,204.039,0.61,40.99,0.59,10.7,0.85,3.35,0.86,21.6,0.15,3.35,0.14,21.6,0.39,40.99,0.41,10.7,0.24,0.24,0.093543,1776211703000
1776211705.262,205.262,0.61,40.99,0.59,10.7,0.85,3.35,0.86,21.6,0.15,3.35,0.14,21.6,0.39,40.99,0.41,10.7,0.24,0.24,0.093543,1776211704000
1776211706.336,206.336,0.61,40.99,0.59,10.7,0.85,3.35,0.86,21.6,0.15,3.35,0.14,21.6,0.39,40.99,0.41,10.7,0.24,0.24,0.093546,1776211705000
1776211706.966,206.966,0.61,40.99,0.59,10.7,0.85,3.35,0.86,21.6,0.15,3.35,0.14,21.6,0.39,40.99,0.41,10.7,0.24,0.24,0.093543,1776211706000
1776211708.054,208.054,0.61,40.99,0.59,10.7,0.85,3.35,0.86,21.6,0.15,3.35,0.14,21.6,0.39,40.99,0.41,10.7,0.24,0.24,0.093535,1776211707000
1776211709.136,209.136,0.61,40.99,0.59,10.7,0.85,3.35,0.86,21.6,0.15,3.35,0.14,21.6,0.39,40.99,0.41,10.7,0.24,0.24,0.093532,1776211708000
1776211710.227,210.227,0.61,40.99,0.59,10.7,0.85,3.35,0.86,21.6,0.15,3.35,0.14,21.6,0.39,40.99,0.41,10.7,0.24,0.24,0.09353,1776211709000
1776211711.244,211.244,0.61,40.99,0.59,10.7,0.85,3.35,0.86,21.6,0.15,3.35,0.14,21.6,0.39,40.99,0.41,10.7,0.24,0.24,0.093529,1776211710000
1776211712.342,212.342,0.61,40.99,0.59,10.7,0.85,3.35,0.86,21.6,0.15,3.35,0.14,21.6,0.39,40.99,0.41,10.7,0.24,0.24,0.093529,1776211711000
1776211712.84,212.84,0.61,40.99,0.59,10.7,0.85,3.35,0.86,21.6,0.15,3.35,0.14,21.6,0.39,40.99,0.41,10.7,0.24,0.24,0.093529,1776211712000
1776211714.321,214.321,0.61,40.99,0.59,10.7,0.85,3.35,0.86,21.6,0.15,3.35,0.14,21.6,0.39,40.99,0.41,10.7,0.24,0.24,0.09353,1776211713000
1776211714.832,214.832,0.61,40.99,0.59,10.7,0.85,3.35,0.86,21.6,0.15,3.35,0.14,21.6,0.39,40.99,0.41,10.7,0.24,0.24,0.09353,1776211714000
1776211716.515,216.515,0.61,40.99,0.59,10.7,0.85,3.35,0.86,21.6,0.15,3.35,0.14,21.6,0.39,40.99,0.41,10.7,0.24,0.24,0.09353,1776211715000
1776211717.106,217.106,0.61,40.99,0.59,10.7,0.85,3.35,0.86,21.6,0.15,3.35,0.14,21.6,0.39,40.99,0.41,10.7,0.24,0.24,0.093529,1776211716000
1776211718.252,218.252,0.61,40.99,0.59,10.7,0.85,3.35,0.86,21.6,0.15,3.35,0.14,21.6,0.39,40.99,0.41,10.7,0.24,0.24,0.09352,1776211717000
1776211719.28,219.28,0.61,40.99,0.59,10.7,0.85,3.35,0.86,21.6,0.15,3.35,0.14,21.6,0.39,40.99,0.41,10.7,0.24,0.24,0.093516,1776211718000
1776211719.738,219.738,0.71,76.0,0.64,11.3,0.9,7.99,0.91,31.7,0.15,3.35,0.14,21.6,0.39,40.99,0.41,10.7,0.19,0.24,0.093516,1776211718000
1776211720.301,220.301,0.71,76.0,0.64,11.3,0.9,7.99,0.91,31.7,0.1,7.99,0.09,31.7,0.29,76.0,0.36,11.3,0.19,0.19,0.093516,1776211719000
1776211721.349,221.349,0.71,76.0,0.64,11.3,0.9,7.99,0.91,31.7,0.1,7.99,0.09,31.7,0.29,76.0,0.36,11.3,0.19,0.19,0.093516,1776211720000
1776211721.783,221.783,0.71,76.0,0.64,11.3,0.9,7.99,0.91,31.7,0.1,7.99,0.09,31.7,0.29,76.0,0.36,11.3,0.19,0.19,0.093532,1776211721000
1776211722.068,222.068,0.71,72.55,0.68,11.9,0.89,10.0,0.91,31.7,0.1,7.99,0.09,31.7,0.29,76.0,0.36,11.3,0.18,0.19,0.093532,1776211721000
1776211723.187,223.187,0.71,72.55,0.68,11.9,0.89,10.0,0.91,31.7,0.11,10.0,0.09,31.7,0.29,72.55,0.32,11.9,0.18,0.18,0.093535,1776211722000
1776211724.517,224.517,0.71,72.55,0.68,11.9,0.89,10.0,0.91,31.7,0.11,10.0,0.09,31.7,0.29,72.55,0.32,11.9,0.18,0.18,0.093535,1776211723000
1776211725.029,225.029,0.71,72.55,0.68,11.9,0.89,10.0,0.91,31.7,0.11,10.0,0.09,31.7,0.29,72.55,0.32,11.9,0.18,0.18,0.093534,1776211724000
1776211725.888,225.888,0.75,35.9,0.74,13.5,0.89,8.0,0.94,52.46,0.11,10.0,0.09,31.7,0.29,72.55,0.32,11.9,0.14,0.18,0.093534,1776211724000
1776211726.18,226.18,0.75,35.9,0.74,13.5,0.89,8.0,0.94,52.46,0.11,8.0,0.06,52.46,0.25,35.9,0.26,13.5,0.14,0.14,0.093534,1776211725000
1776211727.211,227.211,0.75,35.9,0.74,13.5,0.89,8.0,0.94,52.46,0.11,8.0,0.06,52.46,0.25,35.9,0.26,13.5,0.14,0.14,0.093542,1776211726000
1776211728.245,228.245,0.75,35.9,0.74,13.5,0.89,8.0,0.94,52.46,0.11,8.0,0.06,52.46,0.25,35.9,0.26,13.5,0.14,0.14,0.093546,1776211727000
1776211729.268,229.268,0.75,35.9,0.74,13.5,0.89,8.0,0.94,52.46,0.11,8.0,0.06,52.46,0.25,35.9,0.26,13.5,0.14,0.14,0.093534,1776211728000
1776211729.847,229.847,0.75,35.9,0.74,13.5,0.89,8.0,0.94,52.46,0.11,8.0,0.06,52.46,0.25,35.9,0.26,13.5,0.14,0.14,0.09353,1776211729000
1776211730.992,230.992,0.75,35.9,0.74,13.5,0.89,8.0,0.94,52.46,0.11,8.0,0.06,52.46,0.25,35.9,0.26,13.5,0.14,0.14,0.09353,1776211730000
1776211731.98,231.98,0.75,35.9,0.74,13.5,0.89,8.0,0.94,52.46,0.11,8.0,0.06,52.46,0.25,35.9,0.26,13.5,0.14,0.14,0.09353,1776211731000
1776211733.03,233.03,0.75,35.9,0.74,13.5,0.89,8.0,0.94,52.46,0.11,8.0,0.06,52.46,0.25,35.9,0.26,13.5,0.14,0.14,0.093533,1776211732000
1776211734.085,234.085,0.75,35.9,0.74,13.5,0.89,8.0,0.94,52.46,0.11,8.0,0.06,52.46,0.25,35.9,0.26,13.5,0.14,0.14,0.093534,1776211733000
1776211735.172,235.172,0.75,35.9,0.74,13.5,0.89,8.0,0.94,52.46,0.11,8.0,0.06,52.46,0.25,35.9,0.26,13.5,0.14,0.14,0.093534,1776211734000
1776211736.262,236.262,0.75,35.9,0.74,13.5,0.89,8.0,0.94,52.46,0.11,8.0,0.06,52.46,0.25,35.9,0.26,13.5,0.14,0.14,0.093533,1776211735000
1776211737.438,237.438,0.75,35.9,0.74,13.5,0.89,8.0,0.94,52.46,0.11,8.0,0.06,52.46,0.25,35.9,0.26,13.5,0.14,0.14,0.093536,1776211736000
1776211737.999,237.999,0.75,35.9,0.74,13.5,0.89,8.0,0.94,52.46,0.11,8.0,0.06,52.46,0.25,35.9,0.26,13.5,0.14,0.14,0.093536,1776211737000
1776211739.031,239.031,0.75,35.9,0.74,13.5,0.89,8.0,0.94,52.46,0.11,8.0,0.06,52.46,0.25,35.9,0.26,13.5,0.14,0.14,0.093535,1776211738000
1776211740.138,240.138,0.75,35.9,0.74,13.5,0.89,8.0,0.94,52.46,0.11,8.0,0.06,52.46,0.25,35.9,0.26,13.5,0.14,0.14,0.093537,1776211739000
1776211741.136,241.136,0.75,35.9,0.74,13.5,0.89,8.0,0.94,52.46,0.11,8.0,0.06,52.46,0.25,35.9,0.26,13.5,0.14,0.14,0.093537,1776211740000
1776211742.229,242.229,0.75,35.9,0.74,13.5,0.89,8.0,0.94,52.46,0.11,8.0,0.06,52.46,0.25,35.9,0.26,13.5,0.14,0.14,0.093535,1776211741000
1776211743.129,243.129,0.75,35.9,0.74,13.5,0.89,8.0,0.94,52.46,0.11,8.0,0.06,52.46,0.25,35.9,0.26,13.5,0.14,0.14,0.093523,1776211742000
1776211744.148,244.148,0.75,35.9,0.74,13.5,0.89,8.0,0.94,52.46,0.11,8.0,0.06,52.46,0.25,35.9,0.26,13.5,0.14,0.14,0.093524,1776211743000
1776211745.106,245.106,0.75,35.9,0.74,13.5,0.89,8.0,0.94,52.46,0.11,8.0,0.06,52.46,0.25,35.9,0.26,13.5,0.14,0.14,0.093526,1776211744000
1776211745.987,245.987,0.75,35.9,0.74,13.5,0.89,8.0,0.94,52.46,0.11,8.0,0.06,52.46,0.25,35.9,0.26,13.5,0.14,0.14,0.093528,1776211745000
1776211746.985,246.985,0.75,35.9,0.74,13.5,0.89,8.0,0.94,52.46,0.11,8.0,0.06,52.46,0.25,35.9,0.26,13.5,0.14,0.14,0.093536,1776211746000
1776211747.95,247.95,0.75,35.9,0.74,13.5,0.89,8.0,0.94,52.46,0.11,8.0,0.06,52.46,0.25,35.9,0.26,13.5,0.14,0.14,0.093536,1776211747000
1776211748.858,248.858,0.75,35.9,0.74,13.5,0.89,8.0,0.94,52.46,0.11,8.0,0.06,52.46,0.25,35.9,0.26,13.5,0.14,0.14,0.093541,1776211748000
1776211749.812,249.812,0.75,35.9,0.74,13.5,0.89,8.0,0.94,52.46,0.11,8.0,0.06,52.46,0.25,35.9,0.26,13.5,0.14,0.14,0.093541,1776211749000
1776211750.245,250.245,0.86,21.6,0.85,32.39,0.89,3.0,0.94,6.36,0.11,8.0,0.06,52.46,0.25,35.9,0.26,13.5,0.03,0.14,0.093541,1776211749000
1776211750.896,250.896,0.86,21.6,0.85,32.39,0.89,3.0,0.94,6.36,0.11,3.0,0.06,6.36,0.14,21.6,0.15,32.39,0.03,0.03,0.093541,1776211750000
1776211751.856,251.856,0.86,21.6,0.85,32.39,0.89,3.0,0.94,6.36,0.11,3.0,0.06,6.36,0.14,21.6,0.15,32.39,0.03,0.03,0.093542,1776211751000
1776211752.503,252.503,0.87,35.0,0.86,21.6,0.89,3.0,0.94,6.36,0.11,3.0,0.06,6.36,0.14,21.6,0.15,32.39,0.02,0.03,0.093542,1776211751000
1776211753.243,253.243,0.87,35.0,0.86,21.6,0.89,3.0,0.94,6.36,0.11,3.0,0.06,6.36,0.13,35.0,0.14,21.6,0.02,0.02,0.093541,1776211752000
1776211754.538,254.538,0.87,12.0,0.84,19.3,0.89,1.71,0.94,6.36,0.11,3.0,0.06,6.36,0.13,35.0,0.14,21.6,0.02,0.02,0.093541,1776211752000
1776211755.126,255.126,0.87,12.0,0.84,19.3,0.94,3.07,0.95,54.7,0.06,3.07,0.05,54.7,0.13,12.0,0.16,19.3,0.07,0.07,0.093536,1776211754000
1776211756.114,256.114,0.87,12.0,0.84,19.3,0.94,3.07,0.95,54.7,0.06,3.07,0.05,54.7,0.13,12.0,0.16,19.3,0.07,0.07,0.093536,1776211755000
1776211757.11,257.11,0.87,12.0,0.85,20.39,0.95,54.7,0.96,72.7,0.06,3.07,0.05,54.7,0.13,12.0,0.16,19.3,0.08,0.07,0.093536,1776211755000
1776211758.131,258.131,0.87,12.0,0.85,20.39,0.95,54.7,0.96,72.7,0.05,54.7,0.04,72.7,0.13,12.0,0.15,20.39,0.08,0.08,0.093533,1776211757000
1776211759.112,259.112,0.87,12.0,0.85,20.39,0.95,54.7,0.96,72.7,0.05,54.7,0.04,72.7,0.13,12.0,0.15,20.39,0.08,0.08,0.093533,1776211758000
1776211760.095,260.095,0.87,12.0,0.85,20.39,0.95,54.7,0.96,72.7,0.05,54.7,0.04,72.7,0.13,12.0,0.15,20.39,0.08,0.08,0.093534,1776211759000
1776211761.146,261.146,0.87,12.0,0.85,20.39,0.95,54.7,0.96,72.7,0.05,54.7,0.04,72.7,0.13,12.0,0.15,20.39,0.08,0.08,0.093534,1776211760000
1776211762.218,262.218,0.87,12.0,0.85,20.39,0.95,54.7,0.96,72.7,0.05,54.7,0.04,72.7,0.13,12.0,0.15,20.39,0.08,0.08,0.093534,1776211761000
1776211763.131,263.131,0.87,12.0,0.85,20.39,0.95,54.7,0.96,72.7,0.05,54.7,0.04,72.7,0.13,12.0,0.15,20.39,0.08,0.08,0.093532,1776211762000
1776211764.183,264.183,0.87,12.0,0.85,20.39,0.95,54.7,0.96,72.7,0.05,54.7,0.04,72.7,0.13,12.0,0.15,20.39,0.08,0.08,0.093532,1776211763000
1776211765.079,265.079,0.87,12.0,0.85,20.39,0.95,54.7,0.96,72.7,0.05,54.7,0.04,72.7,0.13,12.0,0.15,20.39,0.08,0.08,0.093532,1776211764000
1776211766.129,266.129,0.87,12.0,0.85,20.39,0.95,54.7,0.96,72.7,0.05,54.7,0.04,72.7,0.13,12.0,0.15,20.39,0.08,0.08,0.093531,1776211765000
1776211766.349,266.349,0.87,22.99,0.61,26.99,0.91,49.5,0.94,46.1,0.05,54.7,0.04,72.7,0.13,12.0,0.15,20.39,0.04,0.08,0.093531,1776211765000
1776211767.559,267.559,0.87,14.99,0.61,26.99,0.91,49.5,0.94,46.1,0.09,49.5,0.06,46.1,0.13,14.99,0.39,26.99,0.04,0.04,0.093525,1776211766000
1776211767.981,267.981,0.87,14.99,0.61,26.99,0.91,49.5,0.94,46.1,0.09,49.5,0.06,46.1,0.13,14.99,0.39,26.99,0.04,0.04,0.093506,1776211767000
1776211768.425,268.425,0.87,14.99,0.61,26.99,0.91,24.75,0.92,35.29,0.09,49.5,0.06,46.1,0.13,14.99,0.39,26.99,0.04,0.04,0.093506,1776211767000
1776211768.986,268.986,0.87,14.99,0.61,26.99,0.91,24.75,0.92,35.29,0.09,24.75,0.08,35.29,0.13,14.99,0.39,26.99,0.04,0.04,0.093498,1776211768000
1776211769.969,269.969,0.87,14.99,0.61,26.99,0.91,24.75,0.92,35.29,0.09,24.75,0.08,35.29,0.13,14.99,0.39,26.99,0.04,0.04,0.093495,1776211769000
1776211770.932,270.932,0.87,14.99,0.61,26.99,0.91,24.75,0.92,35.29,0.09,24.75,0.08,35.29,0.13,14.99,0.39,26.99,0.04,0.04,0.093493,1776211770000
1776211772.012,272.012,0.87,14.99,0.61,26.99,0.91,24.75,0.92,35.29,0.09,24.75,0.08,35.29,0.13,14.99,0.39,26.99,0.04,0.04,0.093491,1776211771000
1776211772.972,272.972,0.87,14.99,0.61,26.99,0.91,24.75,0.92,35.29,0.09,24.75,0.08,35.29,0.13,14.99,0.39,26.99,0.04,0.04,0.093491,1776211772000
1776211773.929,273.929,0.87,14.99,0.61,26.99,0.91,24.75,0.92,35.29,0.09,24.75,0.08,35.29,0.13,14.99,0.39,26.99,0.04,0.04,0.093491,1776211773000
1776211774.972,274.972,0.87,14.99,0.61,26.99,0.91,24.75,0.92,35.29,0.09,24.75,0.08,35.29,0.13,14.99,0.39,26.99,0.04,0.04,0.093491,1776211774000
1776211775.592,275.592,0.87,14.99,0.83,12.05,0.91,65.47,0.96,5.0,0.09,24.75,0.08,35.29,0.13,14.99,0.39,26.99,0.04,0.04,0.093491,1776211774000
1776211775.957,275.957,0.87,14.99,0.83,12.05,0.91,65.47,0.96,5.0,0.09,65.47,0.04,5.0,0.13,14.99,0.17,12.05,0.04,0.04,0.093491,1776211775000
1776211776.159,276.159,0.83,12.05,0.71,50.0,0.91,15.47,0.96,5.0,0.09,65.47,0.04,5.0,0.13,14.99,0.17,12.05,0.08,0.04,0.093491,1776211775000
1776211776.988,276.988,0.83,12.05,0.71,50.0,0.91,15.47,0.96,5.0,0.09,15.47,0.04,5.0,0.17,12.05,0.29,50.0,0.08,0.08,0.093491,1776211776000
1776211777.453,277.453,0.71,50.0,0.61,26.99,0.91,15.47,0.96,5.0,0.09,15.47,0.04,5.0,0.17,12.05,0.29,50.0,0.2,0.08,0.093491,1776211776000
1776211777.921,277.921,0.71,50.0,0.61,26.99,0.91,15.47,0.96,5.0,0.09,15.47,0.04,5.0,0.29,50.0,0.39,26.99,0.2,0.2,0.093491,1776211777000
1776211778.911,278.911,0.71,50.0,0.61,26.99,0.91,15.47,0.96,5.0,0.09,15.47,0.04,5.0,0.29,50.0,0.39,26.99,0.2,0.2,0.093489,1776211778000
1776211779.212,279.212,0.81,16.02,0.71,50.0,0.91,15.47,0.96,5.0,0.09,15.47,0.04,5.0,0.29,50.0,0.39,26.99,0.1,0.2,0.093489,1776211778000
1776211780.357,280.357,0.81,16.02,0.71,50.0,0.91,15.47,0.96,5.0,0.09,15.47,0.04,5.0,0.19,16.02,0.29,50.0,0.1,0.1,0.093491,1776211779000
1776211781.282,281.282,0.81,16.02,0.71,50.0,0.91,15.47,0.96,5.0,0.09,15.47,0.04,5.0,0.19,16.02,0.29,50.0,0.1,0.1,0.093491,1776211780000
1776211782.304,282.304,0.81,16.02,0.71,50.0,0.91,15.47,0.96,5.0,0.09,15.47,0.04,5.0,0.19,16.02,0.29,50.0,0.1,0.1,0.093495,1776211781000
1776211783.235,283.235,0.81,16.02,0.71,50.0,0.91,15.47,0.96,5.0,0.09,15.47,0.04,5.0,0.19,16.02,0.29,50.0,0.1,0.1,0.093494,1776211782000
1776211784.216,284.216,0.81,16.02,0.71,50.0,0.91,15.47,0.96,5.0,0.09,15.47,0.04,5.0,0.19,16.02,0.29,50.0,0.1,0.1,0.093503,1776211783000
1776211785.194,285.194,0.81,16.02,0.71,50.0,0.91,15.47,0.96,5.0,0.09,15.47,0.04,5.0,0.19,16.02,0.29,50.0,0.1,0.1,0.093504,1776211784000
1776211785.706,285.706,0.81,75.02,0.71,50.0,0.97,68.47,0.98,15.0,0.09,15.47,0.04,5.0,0.19,16.02,0.29,50.0,0.16,0.1,0.093504,1776211784000
1776211786.129,286.129,0.81,75.02,0.71,50.0,0.97,68.47,0.98,15.0,0.03,68.47,0.02,15.0,0.19,75.02,0.29,50.0,0.16,0.16,0.093504,1776211785000
1776211787.116,287.116,0.81,75.02,0.71,50.0,0.97,68.47,0.98,15.0,0.03,68.47,0.02,15.0,0.19,75.02,0.29,50.0,0.16,0.16,0.093502,1776211786000
1776211787.97,287.97,0.95,3.73,0.81,66.02,0.97,68.47,0.98,15.0,0.03,68.47,0.02,15.0,0.19,75.02,0.29,50.0,0.02,0.16,0.093502,1776211786000
1776211789.0,289.0,0.95,3.73,0.81,66.02,0.97,68.47,0.98,15.0,0.03,68.47,0.02,15.0,0.05,3.73,0.19,66.02,0.02,0.02,0.093498,1776211788000
1776211789.274,289.274,0.95,0.3,0.81,16.02,0.97,68.47,0.98,15.0,0.03,68.47,0.02,15.0,0.05,3.73,0.19,66.02,0.02,0.02,0.093498,1776211788000
1776211789.59,289.59,0.95,0.3,0.81,16.02,0.97,67.43,0.98,15.0,0.03,68.47,0.02,15.0,0.05,0.3,0.19,16.02,0.02,0.02,0.093498,1776211788000
1776211789.912,289.912,0.95,0.3,0.81,16.02,0.97,67.43,0.98,15.0,0.03,67.43,0.02,15.0,0.05,0.3,0.19,16.02,0.02,0.02,0.093497,1776211789000
1776211790.895,290.895,0.95,0.3,0.81,16.02,0.97,67.43,0.98,15.0,0.03,67.43,0.02,15.0,0.05,0.3,0.19,16.02,0.02,0.02,0.093495,1776211790000
1776211791.922,291.922,0.95,0.3,0.81,16.02,0.97,67.43,0.98,15.0,0.03,67.43,0.02,15.0,0.05,0.3,0.19,16.02,0.02,0.02,0.093495,1776211791000
1776211792.949,292.949,0.81,0.46,0.71,50.0,0.97,67.43,0.98,15.0,0.03,67.43,0.02,15.0,0.05,0.3,0.19,16.02,0.16,0.02,0.093495,1776211791000
1776211793.276,293.276,0.81,0.46,0.71,50.0,0.97,67.43,0.98,15.0,0.03,67.43,0.02,15.0,0.19,0.46,0.29,50.0,0.16,0.16,0.093495,1776211792000
1776211794.289,294.289,0.81,0.46,0.71,50.0,0.97,67.43,0.98,15.0,0.03,67.43,0.02,15.0,0.19,0.46,0.29,50.0,0.16,0.16,0.093495,1776211793000
1776211795.109,295.109,0.31,45.82,0.3,100.0,0.91,50.0,0.97,67.43,0.03,67.43,0.02,15.0,0.19,0.46,0.29,50.0,0.6,0.16,0.093495,1776211793000
1776211795.411,295.411,0.31,41.51,0.3,100.0,0.81,50.0,0.91,50.0,0.19,50.0,0.09,50.0,0.69,41.51,0.7,100.0,0.5,0.5,0.093483,1776211794000
1776211795.636,295.636,0.31,27.3,0.21,50.0,0.61,59.0,0.71,50.0,0.39,50.0,0.29,50.0,0.69,36.51,0.79,50.0,0.3,0.3,0.093483,1776211794000
1776211795.911,295.911,0.31,27.3,0.21,50.0,0.61,59.0,0.71,50.0,0.39,59.0,0.29,50.0,0.69,27.3,0.79,50.0,0.3,0.3,0.09348,1776211795000
1776211796.402,296.402,0.21,50.0,0.11,50.0,0.51,47.85,0.6,5.0,0.39,59.0,0.29,50.0,0.69,27.3,0.79,50.0,0.3,0.3,0.09348,1776211795000
1776211797.048,297.048,0.31,45.69,0.21,50.0,0.6,5.0,0.61,59.0,0.4,5.0,0.39,59.0,0.69,45.69,0.79,50.0,0.29,0.29,0.093464,1776211796000
1776211797.428,297.428,0.31,45.69,0.21,50.0,0.6,3.17,0.61,59.0,0.4,5.0,0.39,59.0,0.69,45.69,0.79,50.0,0.29,0.29,0.093464,1776211796000
1776211798.011,298.011,0.31,45.69,0.21,50.0,0.61,42.17,0.71,50.0,0.39,42.17,0.29,50.0,0.69,45.69,0.79,50.0,0.3,0.3,0.093451,1776211797000
1776211798.224,298.224,0.11,40.69,0.04,5.0,0.6,9.0,0.61,42.17,0.4,9.0,0.39,42.17,0.69,40.69,0.79,50.0,0.49,0.29,0.093451,1776211797000
1776211798.432,298.432,0.11,39.1,0.04,5.0,0.21,37.93,0.6,12.56,0.4,9.0,0.39,42.17,0.89,40.69,0.96,5.0,0.1,0.49,0.093451,1776211797000
1776211798.657,298.657,0.11,16.62,0.04,5.0,0.21,37.93,0.55,6.66,0.79,37.93,0.4,12.56,0.89,39.1,0.96,5.0,0.1,0.1,0.093451,1776211797000
1776211799.121,299.121,0.04,5.0,0.03,100.0,0.21,27.12,0.23,5.0,0.79,37.93,0.45,6.66,0.89,11.33,0.96,5.0,0.17,0.1,0.093451,1776211797000
1776211799.769,299.769,0.29,5.14,0.2,5.0,0.49,7.0,0.5,136.74,0.51,7.0,0.5,136.74,0.97,74.31,0.98,15.0,0.2,0.46,0.093451,1776211798000
1776211800.114,300.114,0.45,15.0,0.3,60.0,0.49,7.0,0.5,136.74,0.51,7.0,0.5,136.74,0.71,5.14,0.8,5.0,0.04,0.2,0.093451,1776211798000
1776211800.49,300.49,0.45,3.34,0.44,5.0,0.5,17.0,0.55,6.66,0.5,17.0,0.45,6.66,0.55,8.34,0.7,60.0,0.05,0.05,0.093451,1776211799000
1776211800.734,300.734,0.39,5.0,0.35,5.0,0.54,5.31,0.55,6.66,0.45,6.66,0.43,10.0,0.61,5.0,0.65,5.0,0.15,0.16,0.093451,1776211799000

# RESULT,winner=Down,slug=doge-updown-5m-1776211500,ticks=359
