timestamp,elapsed_sec,up_bid_p1,up_bid_s1,up_bid_p2,up_bid_s2,up_bid_p3,up_bid_s3,up_bid_p4,up_bid_s4,up_bid_p5,up_bid_s5,up_ask_p1,up_ask_s1,up_ask_p2,up_ask_s2,up_ask_p3,up_ask_s3,up_ask_p4,up_ask_s4,up_ask_p5,up_ask_s5,down_bid_p1,down_bid_s1,down_bid_p2,down_bid_s2,down_bid_p3,down_bid_s3,down_bid_p4,down_bid_s4,down_bid_p5,down_bid_s5,down_ask_p1,down_ask_s1,down_ask_p2,down_ask_s2,down_ask_p3,down_ask_s3,down_ask_p4,down_ask_s4,down_ask_p5,down_ask_s5,up_spread,down_spread,doge_price,doge_oracle_ts
1776168001.272,1.272,0.41,13.0,0.4,8.0,0.39,8.0,0.38,8.0,0.37,189.0,0.59,13.0,0.6,8.0,0.61,8.0,0.62,8.0,0.63,189.0,0.41,13.0,0.4,8.0,0.39,8.0,0.38,8.0,0.37,189.0,0.59,13.0,0.6,8.0,0.61,8.0,0.62,8.0,0.63,189.0,0.18,0.18,0.094342,1776168000000
1776168002.465,2.465,0.41,13.0,0.4,8.0,0.39,8.0,0.38,8.0,0.37,189.0,0.59,13.0,0.6,8.0,0.61,8.0,0.62,8.0,0.63,189.0,0.41,13.0,0.4,8.0,0.39,8.0,0.38,8.0,0.37,189.0,0.59,13.0,0.6,8.0,0.61,8.0,0.62,8.0,0.63,189.0,0.18,0.18,0.094342,1776168001000
1776168002.901,2.901,0.41,13.0,0.4,8.0,0.39,8.0,0.38,8.0,0.37,189.0,0.59,13.0,0.6,8.0,0.61,8.0,0.62,8.0,0.63,189.0,0.41,13.0,0.4,8.0,0.39,8.0,0.38,8.0,0.37,189.0,0.59,13.0,0.6,8.0,0.61,8.0,0.62,8.0,0.63,189.0,0.18,0.18,0.094343,1776168002000
1776168003.864,3.864,0.41,13.0,0.4,8.0,0.39,8.0,0.38,8.0,0.37,189.0,0.59,13.0,0.6,8.0,0.61,8.0,0.62,8.0,0.63,189.0,0.41,13.0,0.4,8.0,0.39,8.0,0.38,8.0,0.37,189.0,0.59,13.0,0.6,8.0,0.61,8.0,0.62,8.0,0.63,189.0,0.18,0.18,0.094342,1776168003000
1776168005.498,5.498,0.41,13.0,0.4,8.0,0.39,8.0,0.38,8.0,0.37,189.0,0.59,13.0,0.6,8.0,0.61,8.0,0.62,8.0,0.63,189.0,0.41,13.0,0.4,8.0,0.39,8.0,0.38,8.0,0.37,189.0,0.59,13.0,0.6,8.0,0.61,8.0,0.62,8.0,0.63,189.0,0.18,0.18,0.094364,1776168004000
1776168006.445,6.445,0.41,13.0,0.4,8.0,0.39,8.0,0.38,8.0,0.37,189.0,0.59,13.0,0.6,8.0,0.61,8.0,0.62,8.0,0.63,189.0,0.41,13.0,0.4,8.0,0.39,8.0,0.38,8.0,0.37,189.0,0.59,13.0,0.6,8.0,0.61,8.0,0.62,8.0,0.63,189.0,0.18,0.18,0.094358,1776168005000
1776168007.131,7.131,0.41,13.0,0.4,8.0,0.39,8.0,0.38,8.0,0.37,189.0,0.59,13.0,0.6,8.0,0.61,8.0,0.62,8.0,0.63,189.0,0.41,13.0,0.4,8.0,0.39,8.0,0.38,8.0,0.37,189.0,0.59,13.0,0.6,8.0,0.61,8.0,0.62,8.0,0.63,189.0,0.18,0.18,0.094358,1776168006000
1776168008.243,8.243,0.41,13.0,0.4,8.0,0.39,8.0,0.38,8.0,0.37,189.0,0.59,13.0,0.6,8.0,0.61,8.0,0.62,8.0,0.63,189.0,0.41,13.0,0.4,8.0,0.39,8.0,0.38,8.0,0.37,189.0,0.59,13.0,0.6,8.0,0.61,8.0,0.62,8.0,0.63,189.0,0.18,0.18,0.094376,1776168007000
1776168008.513,8.513,0.56,4.09,0.41,50.0,0.31,50.0,0.25,600.0,0.21,800.0,0.67,10.0,0.71,50.0,0.72,6.0,0.75,600.0,0.79,750.0,0.41,13.0,0.4,8.0,0.39,8.0,0.38,8.0,0.37,189.0,0.59,13.0,0.6,8.0,0.61,8.0,0.62,8.0,0.63,189.0,0.11,0.18,0.094376,1776168007000
1776168009.29,9.29,0.56,4.09,0.41,50.0,0.31,50.0,0.25,600.0,0.21,800.0,0.67,10.0,0.71,50.0,0.72,6.0,0.75,600.0,0.79,750.0,0.33,10.0,0.29,50.0,0.28,6.0,0.25,600.0,0.21,750.0,0.44,4.09,0.59,50.0,0.69,50.0,0.75,600.0,0.79,800.0,0.11,0.11,0.094393,1776168008000
1776168010.333,10.333,0.56,4.09,0.41,50.0,0.31,50.0,0.25,600.0,0.21,800.0,0.67,10.0,0.71,50.0,0.72,6.0,0.75,600.0,0.79,750.0,0.33,10.0,0.29,50.0,0.28,6.0,0.25,600.0,0.21,750.0,0.44,4.09,0.59,50.0,0.69,50.0,0.75,600.0,0.79,800.0,0.11,0.11,0.094394,1776168009000
1776168010.936,10.936,0.56,4.09,0.41,50.0,0.31,50.0,0.25,600.0,0.21,800.0,0.67,10.0,0.71,50.0,0.72,6.0,0.75,600.0,0.79,750.0,0.33,10.0,0.29,50.0,0.28,6.0,0.25,600.0,0.21,750.0,0.44,4.09,0.59,50.0,0.69,50.0,0.75,600.0,0.79,800.0,0.11,0.11,0.094389,1776168010000
1776168012.046,12.046,0.56,4.09,0.41,50.0,0.31,50.0,0.25,600.0,0.21,800.0,0.67,10.0,0.71,50.0,0.72,6.0,0.75,600.0,0.79,750.0,0.33,10.0,0.29,50.0,0.28,6.0,0.25,600.0,0.21,750.0,0.44,4.09,0.59,50.0,0.69,50.0,0.75,600.0,0.79,800.0,0.11,0.11,0.094388,1776168011000
1776168013.172,13.172,0.56,4.09,0.41,50.0,0.31,50.0,0.25,600.0,0.21,800.0,0.67,10.0,0.71,50.0,0.72,6.0,0.75,600.0,0.79,750.0,0.33,10.0,0.29,50.0,0.28,6.0,0.25,600.0,0.21,750.0,0.44,4.09,0.59,50.0,0.69,50.0,0.75,600.0,0.79,800.0,0.11,0.11,0.094389,1776168012000
1776168014.258,14.258,0.56,4.09,0.41,50.0,0.31,50.0,0.25,600.0,0.21,800.0,0.67,10.0,0.71,50.0,0.72,6.0,0.75,600.0,0.79,750.0,0.33,10.0,0.29,50.0,0.28,6.0,0.25,600.0,0.21,750.0,0.44,4.09,0.59,50.0,0.69,50.0,0.75,600.0,0.79,800.0,0.11,0.11,0.094391,1776168013000
1776168015.455,15.455,0.56,4.09,0.41,50.0,0.31,50.0,0.25,600.0,0.21,800.0,0.67,10.0,0.71,50.0,0.72,6.0,0.75,600.0,0.79,750.0,0.33,10.0,0.29,50.0,0.28,6.0,0.25,600.0,0.21,750.0,0.44,4.09,0.59,50.0,0.69,50.0,0.75,600.0,0.79,800.0,0.11,0.11,0.094394,1776168014000
1776168016.086,16.086,0.56,4.09,0.41,50.0,0.31,50.0,0.25,600.0,0.21,800.0,0.67,10.0,0.71,50.0,0.72,6.0,0.75,600.0,0.79,750.0,0.33,10.0,0.29,50.0,0.28,6.0,0.25,600.0,0.21,750.0,0.44,4.09,0.59,50.0,0.69,50.0,0.75,600.0,0.79,800.0,0.11,0.11,0.094401,1776168015000
1776168017.294,17.294,0.56,4.09,0.41,50.0,0.31,50.0,0.25,600.0,0.21,800.0,0.67,10.0,0.71,50.0,0.72,6.0,0.75,600.0,0.79,750.0,0.33,10.0,0.29,50.0,0.28,6.0,0.25,600.0,0.21,750.0,0.44,4.09,0.59,50.0,0.69,50.0,0.75,600.0,0.79,800.0,0.11,0.11,0.094401,1776168016000
1776168017.946,17.946,0.56,4.09,0.41,50.0,0.31,50.0,0.25,600.0,0.21,800.0,0.67,10.0,0.71,50.0,0.72,6.0,0.75,600.0,0.79,750.0,0.33,10.0,0.29,50.0,0.28,6.0,0.25,600.0,0.21,750.0,0.44,4.09,0.59,50.0,0.69,50.0,0.75,600.0,0.79,800.0,0.11,0.11,0.0944,1776168017000
1776168019.154,19.154,0.56,4.09,0.41,50.0,0.31,50.0,0.25,600.0,0.21,800.0,0.67,10.0,0.71,50.0,0.72,6.0,0.75,600.0,0.79,750.0,0.33,10.0,0.29,50.0,0.28,6.0,0.25,600.0,0.21,750.0,0.44,4.09,0.59,50.0,0.69,50.0,0.75,600.0,0.79,800.0,0.11,0.11,0.094383,1776168018000
1776168021.193,21.193,0.56,4.09,0.41,50.0,0.31,50.0,0.25,600.0,0.21,800.0,0.67,10.0,0.71,50.0,0.72,6.0,0.75,600.0,0.79,750.0,0.33,10.0,0.29,50.0,0.28,6.0,0.25,600.0,0.21,750.0,0.44,4.09,0.59,50.0,0.69,50.0,0.75,600.0,0.79,800.0,0.11,0.11,0.094372,1776168019000
1776168021.797,21.797,0.56,4.09,0.41,50.0,0.31,50.0,0.25,600.0,0.21,800.0,0.67,10.0,0.71,50.0,0.72,6.0,0.75,600.0,0.79,750.0,0.33,10.0,0.29,50.0,0.28,6.0,0.25,600.0,0.21,750.0,0.44,4.09,0.59,50.0,0.69,50.0,0.75,600.0,0.79,800.0,0.11,0.11,0.094369,1776168020000
1776168022.378,22.378,0.56,4.09,0.41,50.0,0.31,50.0,0.25,600.0,0.21,800.0,0.67,10.0,0.71,50.0,0.72,6.0,0.75,600.0,0.79,750.0,0.33,10.0,0.29,50.0,0.28,6.0,0.25,600.0,0.21,750.0,0.44,4.09,0.59,50.0,0.69,50.0,0.75,600.0,0.79,800.0,0.11,0.11,0.09437,1776168021000
1776168022.934,22.934,0.56,4.09,0.41,50.0,0.31,50.0,0.25,600.0,0.21,800.0,0.67,10.0,0.71,50.0,0.72,6.0,0.75,600.0,0.79,750.0,0.33,10.0,0.29,50.0,0.28,6.0,0.25,600.0,0.21,750.0,0.44,4.09,0.59,50.0,0.69,50.0,0.75,600.0,0.79,800.0,0.11,0.11,0.09437,1776168022000
1776168024.388,24.388,0.56,4.09,0.41,50.0,0.31,50.0,0.25,600.0,0.21,800.0,0.67,10.0,0.71,50.0,0.72,6.0,0.75,600.0,0.79,750.0,0.33,10.0,0.29,50.0,0.28,6.0,0.25,600.0,0.21,750.0,0.44,4.09,0.59,50.0,0.69,50.0,0.75,600.0,0.79,800.0,0.11,0.11,0.094371,1776168023000
1776168025.024,25.024,0.56,4.09,0.41,50.0,0.31,50.0,0.25,600.0,0.21,800.0,0.67,10.0,0.71,50.0,0.72,6.0,0.75,600.0,0.79,750.0,0.33,10.0,0.29,50.0,0.28,6.0,0.25,600.0,0.21,750.0,0.44,4.09,0.59,50.0,0.69,50.0,0.75,600.0,0.79,800.0,0.11,0.11,0.094371,1776168024000
1776168026.166,26.166,0.56,4.09,0.41,50.0,0.31,50.0,0.25,600.0,0.21,800.0,0.67,10.0,0.71,50.0,0.72,6.0,0.75,600.0,0.79,750.0,0.33,10.0,0.29,50.0,0.28,6.0,0.25,600.0,0.21,750.0,0.44,4.09,0.59,50.0,0.69,50.0,0.75,600.0,0.79,800.0,0.11,0.11,0.094371,1776168025000
1776168027.351,27.351,0.56,4.09,0.41,50.0,0.31,50.0,0.25,600.0,0.21,800.0,0.67,10.0,0.71,50.0,0.72,6.0,0.75,600.0,0.79,750.0,0.33,10.0,0.29,50.0,0.28,6.0,0.25,600.0,0.21,750.0,0.44,4.09,0.59,50.0,0.69,50.0,0.75,600.0,0.79,800.0,0.11,0.11,0.094369,1776168026000
1776168027.954,27.954,0.56,4.09,0.41,50.0,0.31,50.0,0.25,600.0,0.21,800.0,0.67,10.0,0.71,50.0,0.72,6.0,0.75,600.0,0.79,750.0,0.33,10.0,0.29,50.0,0.28,6.0,0.25,600.0,0.21,750.0,0.44,4.09,0.59,50.0,0.69,50.0,0.75,600.0,0.79,800.0,0.11,0.11,0.094369,1776168027000
1776168029.282,29.282,0.56,4.09,0.41,50.0,0.31,50.0,0.25,600.0,0.21,800.0,0.67,10.0,0.71,50.0,0.72,6.0,0.75,600.0,0.79,750.0,0.33,10.0,0.29,50.0,0.28,6.0,0.25,600.0,0.21,750.0,0.44,4.09,0.59,50.0,0.69,50.0,0.75,600.0,0.79,800.0,0.11,0.11,0.094369,1776168028000
1776168030.334,30.334,0.56,4.09,0.41,50.0,0.31,50.0,0.25,600.0,0.21,800.0,0.67,10.0,0.71,50.0,0.72,6.0,0.75,600.0,0.79,750.0,0.33,10.0,0.29,50.0,0.28,6.0,0.25,600.0,0.21,750.0,0.44,4.09,0.59,50.0,0.69,50.0,0.75,600.0,0.79,800.0,0.11,0.11,0.094369,1776168029000
1776168031.93,31.93,0.56,4.09,0.41,50.0,0.31,50.0,0.25,600.0,0.21,800.0,0.67,10.0,0.71,50.0,0.72,6.0,0.75,600.0,0.79,750.0,0.33,10.0,0.29,50.0,0.28,6.0,0.25,600.0,0.21,750.0,0.44,4.09,0.59,50.0,0.69,50.0,0.75,600.0,0.79,800.0,0.11,0.11,0.094369,1776168030000
1776168032.52,32.52,0.56,4.09,0.41,50.0,0.31,50.0,0.25,600.0,0.21,800.0,0.67,10.0,0.71,50.0,0.72,6.0,0.75,600.0,0.79,750.0,0.33,10.0,0.29,50.0,0.28,6.0,0.25,600.0,0.21,750.0,0.44,4.09,0.59,50.0,0.69,50.0,0.75,600.0,0.79,800.0,0.11,0.11,0.094369,1776168031000
1776168033.067,33.067,0.56,4.09,0.41,50.0,0.31,50.0,0.25,600.0,0.21,800.0,0.67,10.0,0.71,50.0,0.72,6.0,0.75,600.0,0.79,750.0,0.33,10.0,0.29,50.0,0.28,6.0,0.25,600.0,0.21,750.0,0.44,4.09,0.59,50.0,0.69,50.0,0.75,600.0,0.79,800.0,0.11,0.11,0.094369,1776168032000
1776168034.084,34.084,0.56,4.09,0.41,50.0,0.31,50.0,0.25,600.0,0.21,800.0,0.67,10.0,0.71,50.0,0.72,6.0,0.75,600.0,0.79,750.0,0.33,10.0,0.29,50.0,0.28,6.0,0.25,600.0,0.21,750.0,0.44,4.09,0.59,50.0,0.69,50.0,0.75,600.0,0.79,800.0,0.11,0.11,0.09437,1776168033000
1776168035.154,35.154,0.56,4.09,0.41,50.0,0.31,50.0,0.25,600.0,0.21,800.0,0.67,10.0,0.71,50.0,0.72,6.0,0.75,600.0,0.79,750.0,0.33,10.0,0.29,50.0,0.28,6.0,0.25,600.0,0.21,750.0,0.44,4.09,0.59,50.0,0.69,50.0,0.75,600.0,0.79,800.0,0.11,0.11,0.094386,1776168034000
1776168036.12,36.12,0.56,4.09,0.41,50.0,0.31,50.0,0.25,600.0,0.21,800.0,0.67,10.0,0.71,50.0,0.72,6.0,0.75,600.0,0.79,750.0,0.33,10.0,0.29,50.0,0.28,6.0,0.25,600.0,0.21,750.0,0.44,4.09,0.59,50.0,0.69,50.0,0.75,600.0,0.79,800.0,0.11,0.11,0.0944,1776168035000
1776168037.13,37.13,0.56,4.09,0.41,50.0,0.31,50.0,0.25,600.0,0.21,800.0,0.67,10.0,0.71,50.0,0.72,6.0,0.75,600.0,0.79,750.0,0.33,10.0,0.29,50.0,0.28,6.0,0.25,600.0,0.21,750.0,0.44,4.09,0.59,50.0,0.69,50.0,0.75,600.0,0.79,800.0,0.11,0.11,0.094399,1776168036000
1776168038.203,38.203,0.56,4.09,0.41,50.0,0.31,50.0,0.25,600.0,0.21,800.0,0.67,10.0,0.71,50.0,0.72,6.0,0.75,600.0,0.79,750.0,0.33,10.0,0.29,50.0,0.28,6.0,0.25,600.0,0.21,750.0,0.44,4.09,0.59,50.0,0.69,50.0,0.75,600.0,0.79,800.0,0.11,0.11,0.094399,1776168037000
1776168039.136,39.136,0.56,4.09,0.41,50.0,0.31,50.0,0.25,600.0,0.21,800.0,0.67,10.0,0.71,50.0,0.72,6.0,0.75,600.0,0.79,750.0,0.33,10.0,0.29,50.0,0.28,6.0,0.25,600.0,0.21,750.0,0.44,4.09,0.59,50.0,0.69,50.0,0.75,600.0,0.79,800.0,0.11,0.11,0.0944,1776168038000
1776168040.143,40.143,0.56,4.09,0.41,50.0,0.31,50.0,0.25,600.0,0.21,800.0,0.67,10.0,0.71,50.0,0.72,6.0,0.75,600.0,0.79,750.0,0.33,10.0,0.29,50.0,0.28,6.0,0.25,600.0,0.21,750.0,0.44,4.09,0.59,50.0,0.69,50.0,0.75,600.0,0.79,800.0,0.11,0.11,0.0944,1776168039000
1776168041.156,41.156,0.56,4.09,0.41,50.0,0.31,50.0,0.25,600.0,0.21,800.0,0.67,10.0,0.71,50.0,0.72,6.0,0.75,600.0,0.79,750.0,0.33,10.0,0.29,50.0,0.28,6.0,0.25,600.0,0.21,750.0,0.44,4.09,0.59,50.0,0.69,50.0,0.75,600.0,0.79,800.0,0.11,0.11,0.0944,1776168040000
1776168042.123,42.123,0.56,4.09,0.41,50.0,0.31,50.0,0.25,600.0,0.21,800.0,0.67,10.0,0.71,50.0,0.72,6.0,0.75,600.0,0.79,750.0,0.33,10.0,0.29,50.0,0.28,6.0,0.25,600.0,0.21,750.0,0.44,4.09,0.59,50.0,0.69,50.0,0.75,600.0,0.79,800.0,0.11,0.11,0.0944,1776168041000
1776168043.158,43.158,0.56,4.09,0.41,50.0,0.31,50.0,0.25,600.0,0.21,800.0,0.67,10.0,0.71,50.0,0.72,6.0,0.75,600.0,0.79,750.0,0.33,10.0,0.29,50.0,0.28,6.0,0.25,600.0,0.21,750.0,0.44,4.09,0.59,50.0,0.69,50.0,0.75,600.0,0.79,800.0,0.11,0.11,0.094399,1776168042000
1776168044.076,44.076,0.56,4.09,0.41,50.0,0.31,50.0,0.25,600.0,0.21,800.0,0.67,10.0,0.71,50.0,0.72,6.0,0.75,600.0,0.79,750.0,0.33,10.0,0.29,50.0,0.28,6.0,0.25,600.0,0.21,750.0,0.44,4.09,0.59,50.0,0.69,50.0,0.75,600.0,0.79,800.0,0.11,0.11,0.094396,1776168043000
1776168045.069,45.069,0.56,4.09,0.41,50.0,0.31,50.0,0.25,600.0,0.21,800.0,0.67,10.0,0.71,50.0,0.72,6.0,0.75,600.0,0.79,750.0,0.33,10.0,0.29,50.0,0.28,6.0,0.25,600.0,0.21,750.0,0.44,4.09,0.59,50.0,0.69,50.0,0.75,600.0,0.79,800.0,0.11,0.11,0.0944,1776168044000
1776168046.14,46.14,0.56,4.09,0.41,50.0,0.31,50.0,0.25,600.0,0.21,800.0,0.67,10.0,0.71,50.0,0.72,6.0,0.75,600.0,0.79,750.0,0.33,10.0,0.29,50.0,0.28,6.0,0.25,600.0,0.21,750.0,0.44,4.09,0.59,50.0,0.69,50.0,0.75,600.0,0.79,800.0,0.11,0.11,0.0944,1776168045000
1776168047.228,47.228,0.56,4.09,0.41,50.0,0.31,50.0,0.25,600.0,0.21,800.0,0.67,10.0,0.71,50.0,0.72,6.0,0.75,600.0,0.79,750.0,0.33,10.0,0.29,50.0,0.28,6.0,0.25,600.0,0.21,750.0,0.44,4.09,0.59,50.0,0.69,50.0,0.75,600.0,0.79,800.0,0.11,0.11,0.0944,1776168046000
1776168048.311,48.311,0.56,4.09,0.41,50.0,0.31,50.0,0.25,600.0,0.21,800.0,0.67,10.0,0.71,50.0,0.72,6.0,0.75,600.0,0.79,750.0,0.33,10.0,0.29,50.0,0.28,6.0,0.25,600.0,0.21,750.0,0.44,4.09,0.59,50.0,0.69,50.0,0.75,600.0,0.79,800.0,0.11,0.11,0.0944,1776168047000
1776168049.434,49.434,0.56,4.09,0.41,50.0,0.31,50.0,0.25,600.0,0.21,800.0,0.67,10.0,0.71,50.0,0.72,6.0,0.75,600.0,0.79,750.0,0.33,10.0,0.29,50.0,0.28,6.0,0.25,600.0,0.21,750.0,0.44,4.09,0.59,50.0,0.69,50.0,0.75,600.0,0.79,800.0,0.11,0.11,0.0944,1776168048000
1776168050.001,50.001,0.56,4.09,0.41,50.0,0.31,50.0,0.25,600.0,0.21,800.0,0.67,10.0,0.71,50.0,0.72,6.0,0.75,600.0,0.79,750.0,0.33,10.0,0.29,50.0,0.28,6.0,0.25,600.0,0.21,750.0,0.44,4.09,0.59,50.0,0.69,50.0,0.75,600.0,0.79,800.0,0.11,0.11,0.0944,1776168049000
1776168051.106,51.106,0.56,4.09,0.41,50.0,0.31,50.0,0.25,600.0,0.21,800.0,0.67,10.0,0.71,50.0,0.72,6.0,0.75,600.0,0.79,750.0,0.33,10.0,0.29,50.0,0.28,6.0,0.25,600.0,0.21,750.0,0.44,4.09,0.59,50.0,0.69,50.0,0.75,600.0,0.79,800.0,0.11,0.11,0.094399,1776168050000
1776168052.088,52.088,0.56,4.09,0.41,50.0,0.31,50.0,0.25,600.0,0.21,800.0,0.67,10.0,0.71,50.0,0.72,6.0,0.75,600.0,0.79,750.0,0.33,10.0,0.29,50.0,0.28,6.0,0.25,600.0,0.21,750.0,0.44,4.09,0.59,50.0,0.69,50.0,0.75,600.0,0.79,800.0,0.11,0.11,0.094397,1776168051000
1776168053.297,53.297,0.56,4.09,0.41,50.0,0.31,50.0,0.25,600.0,0.21,800.0,0.67,10.0,0.71,50.0,0.72,6.0,0.75,600.0,0.79,750.0,0.33,10.0,0.29,50.0,0.28,6.0,0.25,600.0,0.21,750.0,0.44,4.09,0.59,50.0,0.69,50.0,0.75,600.0,0.79,800.0,0.11,0.11,0.094398,1776168052000
1776168054.435,54.435,0.56,4.09,0.41,50.0,0.31,50.0,0.25,600.0,0.21,800.0,0.67,10.0,0.71,50.0,0.72,6.0,0.75,600.0,0.79,750.0,0.33,10.0,0.29,50.0,0.28,6.0,0.25,600.0,0.21,750.0,0.44,4.09,0.59,50.0,0.69,50.0,0.75,600.0,0.79,800.0,0.11,0.11,0.094397,1776168053000
1776168055.21,55.21,0.56,4.09,0.41,50.0,0.31,50.0,0.25,600.0,0.21,800.0,0.67,10.0,0.71,50.0,0.72,6.0,0.75,600.0,0.79,750.0,0.33,10.0,0.29,50.0,0.28,6.0,0.25,600.0,0.21,750.0,0.44,4.09,0.59,50.0,0.69,50.0,0.75,600.0,0.79,800.0,0.11,0.11,0.094397,1776168054000
1776168056.132,56.132,0.56,4.09,0.41,50.0,0.31,50.0,0.25,600.0,0.21,800.0,0.67,10.0,0.71,50.0,0.72,6.0,0.75,600.0,0.79,750.0,0.33,10.0,0.29,50.0,0.28,6.0,0.25,600.0,0.21,750.0,0.44,4.09,0.59,50.0,0.69,50.0,0.75,600.0,0.79,800.0,0.11,0.11,0.094361,1776168055000
1776168057.281,57.281,0.56,4.09,0.41,50.0,0.31,50.0,0.25,600.0,0.21,800.0,0.67,10.0,0.71,50.0,0.72,6.0,0.75,600.0,0.79,750.0,0.33,10.0,0.29,50.0,0.28,6.0,0.25,600.0,0.21,750.0,0.44,4.09,0.59,50.0,0.69,50.0,0.75,600.0,0.79,800.0,0.11,0.11,0.094359,1776168056000
1776168058.294,58.294,0.56,4.09,0.41,50.0,0.31,50.0,0.25,600.0,0.21,800.0,0.67,10.0,0.71,50.0,0.72,6.0,0.75,600.0,0.79,750.0,0.33,10.0,0.29,50.0,0.28,6.0,0.25,600.0,0.21,750.0,0.44,4.09,0.59,50.0,0.69,50.0,0.75,600.0,0.79,800.0,0.11,0.11,0.094371,1776168057000
1776168059.331,59.331,0.56,4.09,0.41,50.0,0.31,50.0,0.25,600.0,0.21,800.0,0.67,10.0,0.71,50.0,0.72,6.0,0.75,600.0,0.79,750.0,0.33,10.0,0.29,50.0,0.28,6.0,0.25,600.0,0.21,750.0,0.44,4.09,0.59,50.0,0.69,50.0,0.75,600.0,0.79,800.0,0.11,0.11,0.094381,1776168058000
1776168060.242,60.242,0.56,4.09,0.41,50.0,0.31,50.0,0.25,600.0,0.21,800.0,0.67,10.0,0.71,50.0,0.72,6.0,0.75,600.0,0.79,750.0,0.33,10.0,0.29,50.0,0.28,6.0,0.25,600.0,0.21,750.0,0.44,4.09,0.59,50.0,0.69,50.0,0.75,600.0,0.79,800.0,0.11,0.11,0.094389,1776168059000
1776168061.31,61.31,0.56,4.09,0.41,50.0,0.31,50.0,0.25,600.0,0.21,800.0,0.67,10.0,0.71,50.0,0.72,6.0,0.75,600.0,0.79,750.0,0.33,10.0,0.29,50.0,0.28,6.0,0.25,600.0,0.21,750.0,0.44,4.09,0.59,50.0,0.69,50.0,0.75,600.0,0.79,800.0,0.11,0.11,0.094383,1776168060000
1776168062.314,62.314,0.56,4.09,0.41,50.0,0.31,50.0,0.25,600.0,0.21,800.0,0.67,10.0,0.71,50.0,0.72,6.0,0.75,600.0,0.79,750.0,0.33,10.0,0.29,50.0,0.28,6.0,0.25,600.0,0.21,750.0,0.44,4.09,0.59,50.0,0.69,50.0,0.75,600.0,0.79,800.0,0.11,0.11,0.09436,1776168061000
1776168063.281,63.281,0.56,4.09,0.41,50.0,0.31,50.0,0.25,600.0,0.21,800.0,0.67,10.0,0.71,50.0,0.72,6.0,0.75,600.0,0.79,750.0,0.33,10.0,0.29,50.0,0.28,6.0,0.25,600.0,0.21,750.0,0.44,4.09,0.59,50.0,0.69,50.0,0.75,600.0,0.79,800.0,0.11,0.11,0.094358,1776168062000
1776168064.212,64.212,0.56,4.09,0.41,50.0,0.31,50.0,0.25,600.0,0.21,800.0,0.67,10.0,0.71,50.0,0.72,6.0,0.75,600.0,0.79,750.0,0.33,10.0,0.29,50.0,0.28,6.0,0.25,600.0,0.21,750.0,0.44,4.09,0.59,50.0,0.69,50.0,0.75,600.0,0.79,800.0,0.11,0.11,0.094357,1776168063000
1776168065.294,65.294,0.56,4.09,0.41,50.0,0.31,50.0,0.25,600.0,0.21,800.0,0.67,10.0,0.71,50.0,0.72,6.0,0.75,600.0,0.79,750.0,0.33,10.0,0.29,50.0,0.28,6.0,0.25,600.0,0.21,750.0,0.44,4.09,0.59,50.0,0.69,50.0,0.75,600.0,0.79,800.0,0.11,0.11,0.094358,1776168064000
1776168066.267,66.267,0.56,4.09,0.41,50.0,0.31,50.0,0.25,600.0,0.21,800.0,0.67,10.0,0.71,50.0,0.72,6.0,0.75,600.0,0.79,750.0,0.33,10.0,0.29,50.0,0.28,6.0,0.25,600.0,0.21,750.0,0.44,4.09,0.59,50.0,0.69,50.0,0.75,600.0,0.79,800.0,0.11,0.11,0.094361,1776168065000
1776168067.298,67.298,0.56,4.09,0.41,50.0,0.31,50.0,0.25,600.0,0.21,800.0,0.67,10.0,0.71,50.0,0.72,6.0,0.75,600.0,0.79,750.0,0.33,10.0,0.29,50.0,0.28,6.0,0.25,600.0,0.21,750.0,0.44,4.09,0.59,50.0,0.69,50.0,0.75,600.0,0.79,800.0,0.11,0.11,0.094361,1776168066000
1776168068.164,68.164,0.56,4.09,0.41,50.0,0.31,50.0,0.25,600.0,0.21,800.0,0.67,10.0,0.71,50.0,0.72,6.0,0.75,600.0,0.79,750.0,0.33,10.0,0.29,50.0,0.28,6.0,0.25,600.0,0.21,750.0,0.44,4.09,0.59,50.0,0.69,50.0,0.75,600.0,0.79,800.0,0.11,0.11,0.094362,1776168067000
1776168069.17,69.17,0.56,4.09,0.41,50.0,0.31,50.0,0.25,600.0,0.21,800.0,0.67,10.0,0.71,50.0,0.72,6.0,0.75,600.0,0.79,750.0,0.33,10.0,0.29,50.0,0.28,6.0,0.25,600.0,0.21,750.0,0.44,4.09,0.59,50.0,0.69,50.0,0.75,600.0,0.79,800.0,0.11,0.11,0.09436,1776168068000
1776168070.217,70.217,0.56,4.09,0.41,50.0,0.31,50.0,0.25,600.0,0.21,800.0,0.67,10.0,0.71,50.0,0.72,6.0,0.75,600.0,0.79,750.0,0.33,10.0,0.29,50.0,0.28,6.0,0.25,600.0,0.21,750.0,0.44,4.09,0.59,50.0,0.69,50.0,0.75,600.0,0.79,800.0,0.11,0.11,0.094361,1776168069000
1776168071.122,71.122,0.56,4.09,0.41,50.0,0.31,50.0,0.25,600.0,0.21,800.0,0.67,10.0,0.71,50.0,0.72,6.0,0.75,600.0,0.79,750.0,0.33,10.0,0.29,50.0,0.28,6.0,0.25,600.0,0.21,750.0,0.44,4.09,0.59,50.0,0.69,50.0,0.75,600.0,0.79,800.0,0.11,0.11,0.094364,1776168070000
1776168072.151,72.151,0.56,4.09,0.41,50.0,0.31,50.0,0.25,600.0,0.21,800.0,0.67,10.0,0.71,50.0,0.72,6.0,0.75,600.0,0.79,750.0,0.33,10.0,0.29,50.0,0.28,6.0,0.25,600.0,0.21,750.0,0.44,4.09,0.59,50.0,0.69,50.0,0.75,600.0,0.79,800.0,0.11,0.11,0.094364,1776168071000
1776168073.672,73.672,0.56,4.09,0.41,50.0,0.31,50.0,0.25,600.0,0.21,800.0,0.67,10.0,0.71,50.0,0.72,6.0,0.75,600.0,0.79,750.0,0.33,10.0,0.29,50.0,0.28,6.0,0.25,600.0,0.21,750.0,0.44,4.09,0.59,50.0,0.69,50.0,0.75,600.0,0.79,800.0,0.11,0.11,0.094364,1776168072000
1776168074.232,74.232,0.56,4.09,0.41,50.0,0.31,50.0,0.25,600.0,0.21,800.0,0.67,10.0,0.71,50.0,0.72,6.0,0.75,600.0,0.79,750.0,0.33,10.0,0.29,50.0,0.28,6.0,0.25,600.0,0.21,750.0,0.44,4.09,0.59,50.0,0.69,50.0,0.75,600.0,0.79,800.0,0.11,0.11,0.094364,1776168073000
1776168075.542,75.542,0.56,4.09,0.41,50.0,0.31,50.0,0.25,600.0,0.21,800.0,0.67,10.0,0.71,50.0,0.72,6.0,0.75,600.0,0.79,750.0,0.33,10.0,0.29,50.0,0.28,6.0,0.25,600.0,0.21,750.0,0.44,4.09,0.59,50.0,0.69,50.0,0.75,600.0,0.79,800.0,0.11,0.11,0.094363,1776168074000
1776168076.051,76.051,0.56,5.0,0.49,5.0,0.48,5.0,0.46,30.5,0.45,20.5,0.63,16.2,0.64,11.3,0.65,11.4,0.66,11.6,0.67,11.8,0.33,10.0,0.29,50.0,0.28,6.0,0.25,600.0,0.21,750.0,0.44,4.09,0.59,50.0,0.69,50.0,0.75,600.0,0.79,800.0,0.07,0.11,0.094363,1776168074000
1776168077.341,77.341,0.56,5.0,0.49,5.0,0.48,5.0,0.46,30.5,0.45,20.5,0.63,16.2,0.64,11.3,0.65,11.4,0.66,11.6,0.67,11.8,0.37,16.2,0.36,11.3,0.35,11.4,0.34,11.6,0.33,11.8,0.44,5.0,0.51,5.0,0.52,5.0,0.54,30.5,0.55,20.5,0.07,0.07,0.094361,1776168076000
1776168078.01,78.01,0.56,5.0,0.49,5.0,0.48,5.0,0.46,30.5,0.45,20.5,0.63,16.2,0.64,11.3,0.65,11.4,0.66,11.6,0.67,11.8,0.37,16.2,0.36,11.3,0.35,11.4,0.34,11.6,0.33,11.8,0.44,5.0,0.51,5.0,0.52,5.0,0.54,30.5,0.55,20.5,0.07,0.07,0.094363,1776168077000
1776168079.057,79.057,0.62,11.76,0.61,10.0,0.6,15.0,0.59,10.0,0.58,10.0,0.72,12.9,0.73,13.2,0.74,18.5,0.75,13.9,0.76,24.3,0.37,16.2,0.36,11.3,0.35,11.4,0.34,11.6,0.33,11.8,0.44,5.0,0.51,5.0,0.52,5.0,0.54,30.5,0.55,20.5,0.1,0.07,0.094363,1776168077000
1776168079.307,79.307,0.62,11.76,0.61,10.0,0.6,15.0,0.59,10.0,0.58,10.0,0.72,12.9,0.73,13.2,0.74,18.5,0.75,13.9,0.76,24.3,0.28,12.9,0.27,13.2,0.26,18.5,0.25,13.9,0.24,24.3,0.38,11.76,0.39,10.0,0.4,15.0,0.41,10.0,0.42,10.0,0.1,0.1,0.094395,1776168078000
1776168079.528,79.528,0.62,11.76,0.61,10.0,0.6,15.0,0.59,10.0,0.58,10.0,0.71,5.55,0.72,12.9,0.73,13.2,0.74,18.5,0.75,13.9,0.28,12.9,0.27,13.2,0.26,18.5,0.25,13.9,0.24,24.3,0.38,11.76,0.39,10.0,0.4,15.0,0.41,10.0,0.42,10.0,0.09,0.1,0.094395,1776168078000
1776168080.069,80.069,0.62,11.76,0.61,10.0,0.6,15.0,0.59,10.0,0.58,10.0,0.71,5.55,0.72,12.9,0.73,13.2,0.74,18.5,0.75,13.9,0.29,5.55,0.28,12.9,0.27,13.2,0.26,18.5,0.25,13.9,0.38,11.76,0.39,10.0,0.4,15.0,0.41,10.0,0.42,10.0,0.09,0.09,0.094399,1776168079000
1776168081.311,81.311,0.64,5.0,0.62,11.76,0.61,10.0,0.6,10.0,0.56,13.0,0.74,13.39,0.75,13.9,0.76,19.3,0.77,35.7,0.78,20.2,0.27,6.0,0.26,13.5,0.25,13.9,0.24,19.3,0.23,40.7,0.36,5.0,0.38,11.76,0.39,10.0,0.4,10.0,0.44,13.0,0.1,0.09,0.094399,1776168079000
1776168081.956,81.956,0.64,5.0,0.62,11.76,0.61,10.0,0.6,10.0,0.56,13.0,0.74,13.39,0.75,13.9,0.76,19.3,0.77,35.7,0.78,20.2,0.26,13.39,0.25,13.9,0.24,19.3,0.23,35.7,0.22,20.2,0.36,5.0,0.38,11.76,0.39,10.0,0.4,10.0,0.44,13.0,0.1,0.1,0.094407,1776168081000
1776168082.31,82.31,0.64,5.0,0.62,11.76,0.61,10.0,0.6,10.0,0.56,13.0,0.74,8.26,0.75,13.9,0.76,14.3,0.77,40.7,0.78,20.2,0.26,13.39,0.25,13.9,0.24,19.3,0.23,35.7,0.22,20.2,0.36,5.0,0.38,11.76,0.39,10.0,0.4,10.0,0.44,13.0,0.1,0.1,0.094407,1776168081000
1776168083.276,83.276,0.64,5.0,0.62,11.76,0.61,10.0,0.6,10.0,0.56,13.0,0.74,8.26,0.75,13.9,0.76,14.3,0.77,40.7,0.78,20.2,0.26,8.26,0.25,13.9,0.24,14.3,0.23,40.7,0.22,20.2,0.36,5.0,0.38,11.76,0.39,10.0,0.4,10.0,0.44,13.0,0.1,0.1,0.094416,1776168082000
1776168084.376,84.376,0.64,5.0,0.62,11.76,0.61,10.0,0.6,10.0,0.58,18.7,0.74,0.18,0.75,13.9,0.76,14.3,0.77,40.7,0.78,20.2,0.26,3.89,0.25,13.9,0.24,14.3,0.23,40.7,0.22,20.2,0.36,5.0,0.38,11.76,0.39,10.0,0.4,10.0,0.43,10.6,0.1,0.1,0.094416,1776168082000
1776168085.18,85.18,0.64,5.0,0.62,11.76,0.61,10.0,0.6,10.0,0.58,18.7,0.74,0.18,0.75,13.9,0.76,14.3,0.77,40.7,0.78,20.2,0.26,0.18,0.25,13.9,0.24,14.3,0.23,40.7,0.22,20.2,0.36,5.0,0.38,11.76,0.39,10.0,0.4,10.0,0.42,18.7,0.1,0.1,0.094416,1776168084000
1776168086.516,86.516,0.64,5.0,0.62,11.76,0.61,10.0,0.6,18.0,0.58,10.7,0.73,10.0,0.74,0.18,0.75,13.9,0.76,14.3,0.77,19.7,0.27,10.0,0.26,0.18,0.25,13.9,0.24,14.3,0.23,19.7,0.36,5.0,0.38,11.76,0.39,10.0,0.4,18.0,0.42,10.7,0.09,0.09,0.094418,1776168085000
1776168087.189,87.189,0.64,5.0,0.62,11.76,0.61,10.0,0.6,18.0,0.58,10.7,0.73,10.0,0.74,0.18,0.75,13.9,0.76,14.3,0.77,19.7,0.27,10.0,0.26,0.18,0.25,13.9,0.24,14.3,0.23,19.7,0.36,5.0,0.38,11.76,0.39,10.0,0.4,18.0,0.42,10.7,0.09,0.09,0.094418,1776168086000
1776168088.887,88.887,0.64,5.0,0.62,11.76,0.61,10.0,0.6,18.0,0.58,10.7,0.73,10.0,0.74,0.18,0.75,13.9,0.76,14.3,0.77,19.7,0.27,10.0,0.26,0.18,0.25,13.9,0.24,14.3,0.23,19.7,0.36,5.0,0.38,11.76,0.39,10.0,0.4,18.0,0.42,10.7,0.09,0.09,0.094418,1776168087000
1776168089.656,89.656,0.64,5.0,0.62,11.76,0.61,10.0,0.6,18.0,0.58,10.7,0.73,10.0,0.74,0.18,0.75,13.9,0.76,14.3,0.77,19.7,0.27,10.0,0.26,0.18,0.25,13.9,0.24,14.3,0.23,19.7,0.36,5.0,0.38,11.76,0.39,10.0,0.4,18.0,0.42,10.7,0.09,0.09,0.094418,1776168088000
1776168090.493,90.493,0.64,5.0,0.62,11.76,0.61,10.0,0.6,18.0,0.58,10.7,0.73,10.0,0.74,0.18,0.75,13.9,0.76,14.3,0.77,19.7,0.27,10.0,0.26,0.18,0.25,13.9,0.24,14.3,0.23,19.7,0.36,5.0,0.38,11.76,0.39,10.0,0.4,18.0,0.42,10.7,0.09,0.09,0.094417,1776168089000
1776168091.153,91.153,0.64,5.0,0.62,11.76,0.61,10.0,0.6,18.0,0.58,10.7,0.73,10.0,0.74,0.18,0.75,13.9,0.76,14.3,0.77,19.7,0.27,10.0,0.26,0.18,0.25,13.9,0.24,14.3,0.23,19.7,0.36,5.0,0.38,11.76,0.39,10.0,0.4,18.0,0.42,10.7,0.09,0.09,0.094413,1776168090000
1776168092.696,92.696,0.64,5.0,0.62,11.76,0.61,10.0,0.6,18.0,0.58,10.7,0.73,10.0,0.74,0.18,0.75,13.9,0.76,14.3,0.77,19.7,0.27,10.0,0.26,0.18,0.25,13.9,0.24,14.3,0.23,19.7,0.36,5.0,0.38,11.76,0.39,10.0,0.4,18.0,0.42,10.7,0.09,0.09,0.094407,1776168091000
1776168093.269,93.269,0.64,5.0,0.62,11.76,0.61,10.0,0.6,18.0,0.58,10.7,0.73,10.0,0.74,0.18,0.75,13.9,0.76,14.3,0.77,19.7,0.27,10.0,0.26,0.18,0.25,13.9,0.24,14.3,0.23,19.7,0.36,5.0,0.38,11.76,0.39,10.0,0.4,18.0,0.42,10.7,0.09,0.09,0.094408,1776168092000
1776168094.536,94.536,0.64,5.0,0.62,11.76,0.61,10.0,0.6,18.0,0.58,10.7,0.73,10.0,0.74,0.18,0.75,13.9,0.76,14.3,0.77,19.7,0.27,10.0,0.26,0.18,0.25,13.9,0.24,14.3,0.23,19.7,0.36,5.0,0.38,11.76,0.39,10.0,0.4,18.0,0.42,10.7,0.09,0.09,0.094404,1776168093000
1776168095.126,95.126,0.64,5.0,0.62,11.76,0.61,10.0,0.6,18.0,0.58,10.7,0.73,10.0,0.74,0.18,0.75,13.9,0.76,14.3,0.77,19.7,0.27,10.0,0.26,0.18,0.25,13.9,0.24,14.3,0.23,19.7,0.36,5.0,0.38,11.76,0.39,10.0,0.4,18.0,0.42,10.7,0.09,0.09,0.0944,1776168094000
1776168096.547,96.547,0.64,5.0,0.62,11.76,0.61,10.0,0.6,18.0,0.58,10.7,0.73,10.0,0.74,0.18,0.75,13.9,0.76,14.3,0.77,19.7,0.27,10.0,0.26,0.18,0.25,13.9,0.24,14.3,0.23,19.7,0.36,5.0,0.38,11.76,0.39,10.0,0.4,18.0,0.42,10.7,0.09,0.09,0.094397,1776168095000
1776168097.292,97.292,0.64,5.0,0.62,11.76,0.61,10.0,0.6,18.0,0.58,10.7,0.73,10.0,0.74,0.18,0.75,13.9,0.76,14.3,0.77,19.7,0.27,10.0,0.26,0.18,0.25,13.9,0.24,14.3,0.23,19.7,0.36,5.0,0.38,11.76,0.39,10.0,0.4,18.0,0.42,10.7,0.09,0.09,0.094397,1776168096000
1776168098.076,98.076,0.64,5.0,0.62,11.76,0.61,10.0,0.6,18.0,0.58,10.7,0.73,10.0,0.74,0.18,0.75,13.9,0.76,14.3,0.77,19.7,0.27,10.0,0.26,0.18,0.25,13.9,0.24,14.3,0.23,19.7,0.36,5.0,0.38,11.76,0.39,10.0,0.4,18.0,0.42,10.7,0.09,0.09,0.094396,1776168097000
1776168099.49,99.49,0.64,5.0,0.62,11.76,0.61,10.0,0.6,18.0,0.58,10.7,0.73,10.0,0.74,0.18,0.75,13.9,0.76,14.3,0.77,19.7,0.27,10.0,0.26,0.18,0.25,13.9,0.24,14.3,0.23,19.7,0.36,5.0,0.38,11.76,0.39,10.0,0.4,18.0,0.42,10.7,0.09,0.09,0.094391,1776168098000
1776168100.352,100.352,0.64,5.0,0.62,11.76,0.61,10.0,0.6,18.0,0.58,10.7,0.73,10.0,0.74,0.18,0.75,13.9,0.76,14.3,0.77,19.7,0.27,10.0,0.26,0.18,0.25,13.9,0.24,14.3,0.23,19.7,0.36,5.0,0.38,11.76,0.39,10.0,0.4,18.0,0.42,10.7,0.09,0.09,0.094387,1776168099000
1776168101.006,101.006,0.64,5.0,0.62,11.76,0.61,10.0,0.6,18.0,0.58,10.7,0.73,10.0,0.74,0.18,0.75,13.9,0.76,14.3,0.77,19.7,0.27,10.0,0.26,0.18,0.25,13.9,0.24,14.3,0.23,19.7,0.36,5.0,0.38,11.76,0.39,10.0,0.4,18.0,0.42,10.7,0.09,0.09,0.094388,1776168100000
1776168102.009,102.009,0.56,7.95,0.55,9.0,0.52,20.4,0.51,60.4,0.5,10.4,0.7,12.4,0.71,17.6,0.72,12.9,0.73,15.0,0.74,0.18,0.27,10.0,0.26,0.18,0.25,13.9,0.24,14.3,0.23,19.7,0.36,5.0,0.38,11.76,0.39,10.0,0.4,18.0,0.42,10.7,0.14,0.09,0.094388,1776168100000
1776168102.47,102.47,0.56,7.95,0.55,9.0,0.52,20.4,0.51,60.4,0.5,10.4,0.7,12.4,0.71,17.6,0.72,12.9,0.73,15.0,0.74,0.18,0.3,12.4,0.29,17.6,0.28,12.9,0.27,15.0,0.26,0.18,0.44,7.95,0.45,9.0,0.48,20.4,0.49,60.4,0.5,10.4,0.14,0.14,0.094387,1776168101000
1776168103.109,103.109,0.56,7.95,0.55,9.0,0.52,20.4,0.51,60.4,0.5,10.4,0.7,12.4,0.71,17.6,0.72,12.9,0.73,15.0,0.74,0.18,0.3,12.4,0.29,17.6,0.28,12.9,0.27,15.0,0.26,0.18,0.44,7.95,0.45,9.0,0.48,20.4,0.49,60.4,0.5,10.4,0.14,0.14,0.094387,1776168102000
1776168104.414,104.414,0.56,7.95,0.55,9.0,0.52,20.4,0.51,60.4,0.5,10.4,0.7,12.4,0.71,17.6,0.72,12.9,0.73,15.0,0.74,0.18,0.3,12.4,0.29,17.6,0.28,12.9,0.27,15.0,0.26,0.18,0.44,7.95,0.45,9.0,0.48,20.4,0.49,60.4,0.5,10.4,0.14,0.14,0.09439,1776168103000
1776168105.15,105.15,0.56,7.95,0.55,9.0,0.52,20.4,0.51,60.4,0.5,10.4,0.7,12.4,0.71,17.6,0.72,12.9,0.73,15.0,0.74,0.18,0.3,12.4,0.29,17.6,0.28,12.9,0.27,15.0,0.26,0.18,0.44,7.95,0.45,9.0,0.48,20.4,0.49,60.4,0.5,10.4,0.14,0.14,0.094396,1776168104000
1776168106.765,106.765,0.56,7.95,0.55,9.0,0.52,20.4,0.51,60.4,0.5,10.4,0.7,12.4,0.71,17.6,0.72,12.9,0.73,15.0,0.74,0.18,0.3,12.4,0.29,17.6,0.28,12.9,0.27,15.0,0.26,0.18,0.44,7.95,0.45,9.0,0.48,20.4,0.49,60.4,0.5,10.4,0.14,0.14,0.094398,1776168105000
1776168107.358,107.358,0.56,7.95,0.55,9.0,0.52,20.4,0.51,60.4,0.5,10.4,0.7,12.4,0.71,17.6,0.72,12.9,0.73,15.0,0.74,0.18,0.3,12.4,0.29,17.6,0.28,12.9,0.27,15.0,0.26,0.18,0.44,7.95,0.45,9.0,0.48,20.4,0.49,60.4,0.5,10.4,0.14,0.14,0.094398,1776168106000
1776168107.911,107.911,0.56,7.95,0.55,9.0,0.52,20.4,0.51,60.4,0.5,10.4,0.7,12.4,0.71,17.6,0.72,12.9,0.73,15.0,0.74,0.18,0.3,12.4,0.29,17.6,0.28,12.9,0.27,15.0,0.26,0.18,0.44,7.95,0.45,9.0,0.48,20.4,0.49,60.4,0.5,10.4,0.14,0.14,0.094398,1776168107000
1776168108.804,108.804,0.65,5.0,0.63,5.0,0.62,10.0,0.61,60.0,0.58,8.0,0.75,7.3,0.76,14.3,0.77,14.7,0.78,25.2,0.79,15.7,0.3,12.4,0.29,17.6,0.28,12.9,0.27,15.0,0.26,0.18,0.44,7.95,0.45,9.0,0.48,20.4,0.49,60.4,0.5,10.4,0.1,0.14,0.094398,1776168107000
1776168109.938,109.938,0.65,5.0,0.63,5.0,0.62,10.0,0.61,60.0,0.58,8.0,0.75,7.3,0.76,14.3,0.77,14.7,0.78,25.2,0.79,15.7,0.25,7.3,0.24,14.3,0.23,14.7,0.22,25.2,0.21,15.7,0.35,5.0,0.37,5.0,0.38,10.0,0.39,60.0,0.42,8.0,0.1,0.1,0.094408,1776168109000
1776168110.888,110.888,0.65,5.0,0.63,5.0,0.62,10.0,0.61,60.0,0.58,8.0,0.75,7.3,0.76,14.3,0.77,14.7,0.78,25.2,0.79,15.7,0.25,7.3,0.24,14.3,0.23,14.7,0.22,25.2,0.21,15.7,0.35,5.0,0.37,5.0,0.38,10.0,0.39,60.0,0.42,8.0,0.1,0.1,0.094414,1776168110000
1776168111.933,111.933,0.65,5.0,0.63,5.0,0.62,10.0,0.61,60.0,0.58,8.0,0.75,7.3,0.76,14.3,0.77,14.7,0.78,25.2,0.79,15.7,0.25,7.3,0.24,14.3,0.23,14.7,0.22,25.2,0.21,15.7,0.35,5.0,0.37,5.0,0.38,10.0,0.39,60.0,0.42,8.0,0.1,0.1,0.094405,1776168111000
1776168113.14,113.14,0.65,5.0,0.63,5.0,0.62,10.0,0.61,60.0,0.58,8.0,0.75,7.3,0.76,14.3,0.77,14.7,0.78,25.2,0.79,15.7,0.25,7.3,0.24,14.3,0.23,14.7,0.22,25.2,0.21,15.7,0.35,5.0,0.37,5.0,0.38,10.0,0.39,60.0,0.42,8.0,0.1,0.1,0.094404,1776168112000
1776168114.01,114.01,0.65,5.0,0.63,5.0,0.62,10.0,0.61,60.0,0.58,8.0,0.75,7.3,0.76,14.3,0.77,14.7,0.78,25.2,0.79,15.7,0.25,7.3,0.24,14.3,0.23,14.7,0.22,25.2,0.21,15.7,0.35,5.0,0.37,5.0,0.38,10.0,0.39,60.0,0.42,8.0,0.1,0.1,0.094405,1776168113000
1776168115.047,115.047,0.65,5.0,0.63,5.0,0.62,10.0,0.61,60.0,0.58,8.0,0.75,7.3,0.76,14.3,0.77,14.7,0.78,25.2,0.79,15.7,0.25,7.3,0.24,14.3,0.23,14.7,0.22,25.2,0.21,15.7,0.35,5.0,0.37,5.0,0.38,10.0,0.39,60.0,0.42,8.0,0.1,0.1,0.094397,1776168114000
1776168115.324,115.324,0.61,10.0,0.6,15.0,0.59,15.0,0.58,10.0,0.57,18.0,0.7,9.57,0.71,12.6,0.72,12.9,0.73,13.2,0.74,18.5,0.25,7.3,0.24,14.3,0.23,14.7,0.22,25.2,0.21,15.7,0.35,5.0,0.37,5.0,0.38,10.0,0.39,60.0,0.42,8.0,0.09,0.1,0.094397,1776168114000
1776168116.196,116.196,0.61,10.0,0.6,15.0,0.59,15.0,0.58,10.0,0.57,18.0,0.7,9.57,0.71,12.6,0.72,12.9,0.73,13.2,0.74,18.5,0.3,9.57,0.29,12.6,0.28,12.9,0.27,13.2,0.26,18.5,0.39,10.0,0.4,15.0,0.41,15.0,0.42,10.0,0.43,18.0,0.09,0.09,0.094396,1776168115000
1776168117.271,117.271,0.61,10.0,0.6,15.0,0.59,15.0,0.58,10.0,0.57,18.0,0.7,9.57,0.71,12.6,0.72,12.9,0.73,13.2,0.74,18.5,0.3,9.57,0.29,12.6,0.28,12.9,0.27,13.2,0.26,18.5,0.39,10.0,0.4,15.0,0.41,15.0,0.42,10.0,0.43,18.0,0.09,0.09,0.094396,1776168116000
1776168118.359,118.359,0.61,10.0,0.6,15.0,0.59,15.0,0.58,10.0,0.57,18.0,0.7,9.57,0.71,12.6,0.72,12.9,0.73,13.2,0.74,18.5,0.3,9.57,0.29,12.6,0.28,12.9,0.27,13.2,0.26,18.5,0.39,10.0,0.4,15.0,0.41,15.0,0.42,10.0,0.43,18.0,0.09,0.09,0.094383,1776168117000
1776168119.381,119.381,0.61,10.0,0.6,15.0,0.59,15.0,0.58,10.0,0.57,18.0,0.7,9.57,0.71,12.6,0.72,12.9,0.73,13.2,0.74,18.5,0.3,9.57,0.29,12.6,0.28,12.9,0.27,13.2,0.26,18.5,0.39,10.0,0.4,15.0,0.41,15.0,0.42,10.0,0.43,18.0,0.09,0.09,0.094367,1776168118000
1776168120.579,120.579,0.61,10.0,0.6,15.0,0.59,15.0,0.58,10.0,0.57,18.0,0.7,9.57,0.71,12.6,0.72,12.9,0.73,13.2,0.74,18.5,0.3,9.57,0.29,12.6,0.28,12.9,0.27,13.2,0.26,18.5,0.39,10.0,0.4,15.0,0.41,15.0,0.42,10.0,0.43,18.0,0.09,0.09,0.094351,1776168119000
1776168121.194,121.194,0.61,10.0,0.6,15.0,0.59,15.0,0.58,10.0,0.57,18.0,0.7,9.57,0.71,12.6,0.72,12.9,0.73,13.2,0.74,18.5,0.3,9.57,0.29,12.6,0.28,12.9,0.27,13.2,0.26,18.5,0.39,10.0,0.4,15.0,0.41,15.0,0.42,10.0,0.43,18.0,0.09,0.09,0.094348,1776168120000
1776168122.974,122.974,0.61,10.0,0.6,15.0,0.59,15.0,0.58,10.0,0.57,18.0,0.7,9.57,0.71,12.6,0.72,12.9,0.73,13.2,0.74,18.5,0.3,9.57,0.29,12.6,0.28,12.9,0.27,13.2,0.26,18.5,0.39,10.0,0.4,15.0,0.41,15.0,0.42,10.0,0.43,18.0,0.09,0.09,0.094347,1776168121000
1776168123.825,123.825,0.61,10.0,0.6,15.0,0.59,15.0,0.58,10.0,0.57,18.0,0.7,9.57,0.71,12.6,0.72,12.9,0.73,13.2,0.74,18.5,0.3,9.57,0.29,12.6,0.28,12.9,0.27,13.2,0.26,18.5,0.39,10.0,0.4,15.0,0.41,15.0,0.42,10.0,0.43,18.0,0.09,0.09,0.094339,1776168122000
1776168124.608,124.608,0.61,10.0,0.6,15.0,0.59,15.0,0.58,10.0,0.57,18.0,0.7,9.57,0.71,12.6,0.72,12.9,0.73,13.2,0.74,18.5,0.3,9.57,0.29,12.6,0.28,12.9,0.27,13.2,0.26,18.5,0.39,10.0,0.4,15.0,0.41,15.0,0.42,10.0,0.43,18.0,0.09,0.09,0.094328,1776168123000
1776168125.344,125.344,0.61,10.0,0.6,15.0,0.59,15.0,0.58,10.0,0.57,18.0,0.7,9.57,0.71,12.6,0.72,12.9,0.73,13.2,0.74,18.5,0.3,9.57,0.29,12.6,0.28,12.9,0.27,13.2,0.26,18.5,0.39,10.0,0.4,15.0,0.41,15.0,0.42,10.0,0.43,18.0,0.09,0.09,0.094333,1776168124000
1776168126.241,126.241,0.38,5.0,0.36,11.3,0.35,11.4,0.34,11.6,0.33,11.8,0.55,5.0,0.56,16.0,0.57,10.6,0.58,10.7,0.59,20.7,0.45,5.0,0.44,16.0,0.43,10.6,0.42,10.7,0.41,20.7,0.62,5.0,0.64,11.3,0.65,11.4,0.66,11.6,0.67,11.8,0.17,0.17,0.094333,1776168125000
1776168127.654,127.654,0.38,5.0,0.36,11.3,0.35,11.4,0.34,11.6,0.33,11.8,0.55,5.0,0.56,16.0,0.57,10.6,0.58,10.7,0.59,20.7,0.45,5.0,0.44,16.0,0.43,10.6,0.42,10.7,0.41,20.7,0.62,5.0,0.64,11.3,0.65,11.4,0.66,11.6,0.67,11.8,0.17,0.17,0.09433,1776168126000
1776168128.439,128.439,0.38,5.0,0.36,11.3,0.35,11.4,0.34,11.6,0.33,11.8,0.55,5.0,0.56,16.0,0.57,10.6,0.58,10.7,0.59,20.7,0.45,5.0,0.44,16.0,0.43,10.6,0.42,10.7,0.41,20.7,0.62,5.0,0.64,11.3,0.65,11.4,0.66,11.6,0.67,11.8,0.17,0.17,0.094327,1776168127000
1776168129.461,129.461,0.38,5.0,0.36,11.3,0.35,11.4,0.34,11.6,0.33,11.8,0.55,5.0,0.56,16.0,0.57,10.6,0.58,10.7,0.59,20.7,0.45,5.0,0.44,16.0,0.43,10.6,0.42,10.7,0.41,20.7,0.62,5.0,0.64,11.3,0.65,11.4,0.66,11.6,0.67,11.8,0.17,0.17,0.094327,1776168128000
1776168130.142,130.142,0.38,5.0,0.36,11.3,0.35,11.4,0.34,11.6,0.33,11.8,0.55,5.0,0.56,16.0,0.57,10.6,0.58,10.7,0.59,20.7,0.45,5.0,0.44,16.0,0.43,10.6,0.42,10.7,0.41,20.7,0.62,5.0,0.64,11.3,0.65,11.4,0.66,11.6,0.67,11.8,0.17,0.17,0.094327,1776168129000
1776168131.618,131.618,0.38,5.0,0.36,11.3,0.35,11.4,0.34,11.6,0.33,11.8,0.55,5.0,0.56,16.0,0.57,10.6,0.58,10.7,0.59,20.7,0.45,5.0,0.44,16.0,0.43,10.6,0.42,10.7,0.41,20.7,0.62,5.0,0.64,11.3,0.65,11.4,0.66,11.6,0.67,11.8,0.17,0.17,0.094337,1776168130000
1776168132.226,132.226,0.38,5.0,0.36,11.3,0.35,11.4,0.34,11.6,0.33,11.8,0.55,5.0,0.56,16.0,0.57,10.6,0.58,10.7,0.59,20.7,0.45,5.0,0.44,16.0,0.43,10.6,0.42,10.7,0.41,20.7,0.62,5.0,0.64,11.3,0.65,11.4,0.66,11.6,0.67,11.8,0.17,0.17,0.094339,1776168131000
1776168133.873,133.873,0.38,5.0,0.36,11.3,0.35,11.4,0.34,11.6,0.33,11.8,0.55,5.0,0.56,16.0,0.57,10.6,0.58,10.7,0.59,20.7,0.45,5.0,0.44,16.0,0.43,10.6,0.42,10.7,0.41,20.7,0.62,5.0,0.64,11.3,0.65,11.4,0.66,11.6,0.67,11.8,0.17,0.17,0.094325,1776168132000
1776168134.564,134.564,0.31,12.2,0.3,12.4,0.29,17.6,0.28,17.9,0.27,13.2,0.38,1.0,0.46,5.0,0.47,5.0,0.48,9.0,0.5,5.0,0.45,5.0,0.44,16.0,0.43,10.6,0.42,10.7,0.41,20.7,0.62,5.0,0.64,11.3,0.65,11.4,0.66,11.6,0.67,11.8,0.07,0.17,0.094325,1776168132000
1776168134.948,134.948,0.31,12.2,0.3,12.4,0.29,17.6,0.28,17.9,0.27,13.2,0.38,1.0,0.46,5.0,0.47,5.0,0.48,9.0,0.5,5.0,0.62,1.0,0.54,5.0,0.53,5.0,0.52,9.0,0.5,5.0,0.69,12.2,0.7,12.4,0.71,17.6,0.72,17.9,0.73,13.2,0.07,0.07,0.094323,1776168133000
1776168136.046,136.046,0.31,12.2,0.3,12.4,0.29,17.6,0.28,17.9,0.27,13.2,0.38,1.0,0.46,5.0,0.47,5.0,0.48,9.0,0.5,5.0,0.62,1.0,0.54,5.0,0.53,5.0,0.52,9.0,0.5,5.0,0.69,12.2,0.7,12.4,0.71,17.6,0.72,17.9,0.73,13.2,0.07,0.07,0.094308,1776168134000
1776168136.817,136.817,0.31,12.2,0.3,12.4,0.29,17.6,0.28,17.9,0.27,13.2,0.38,1.0,0.46,5.0,0.47,5.0,0.48,9.0,0.5,5.0,0.62,1.0,0.54,5.0,0.53,5.0,0.52,9.0,0.5,5.0,0.69,12.2,0.7,12.4,0.71,17.6,0.72,17.9,0.73,13.2,0.07,0.07,0.094297,1776168135000
1776168137.596,137.596,0.31,12.2,0.3,12.4,0.29,17.6,0.28,17.9,0.27,13.2,0.38,1.0,0.46,5.0,0.47,5.0,0.48,9.0,0.5,5.0,0.62,1.0,0.54,5.0,0.53,5.0,0.52,9.0,0.5,5.0,0.69,12.2,0.7,12.4,0.71,17.6,0.72,17.9,0.73,13.2,0.07,0.07,0.094296,1776168136000
1776168138.315,138.315,0.31,12.2,0.3,12.4,0.29,17.6,0.28,17.9,0.27,13.2,0.38,1.0,0.46,5.0,0.47,5.0,0.48,9.0,0.5,5.0,0.62,1.0,0.54,5.0,0.53,5.0,0.52,9.0,0.5,5.0,0.69,12.2,0.7,12.4,0.71,17.6,0.72,17.9,0.73,13.2,0.07,0.07,0.094291,1776168137000
1776168139.073,139.073,0.31,12.2,0.3,12.4,0.29,17.6,0.28,17.9,0.27,13.2,0.38,1.0,0.46,5.0,0.47,5.0,0.48,9.0,0.5,5.0,0.62,1.0,0.54,5.0,0.53,5.0,0.52,9.0,0.5,5.0,0.69,12.2,0.7,12.4,0.71,17.6,0.72,17.9,0.73,13.2,0.07,0.07,0.094284,1776168138000
1776168140.845,140.845,0.31,12.2,0.3,12.4,0.29,17.6,0.28,17.9,0.27,13.2,0.38,1.0,0.46,5.0,0.47,5.0,0.48,9.0,0.5,5.0,0.62,1.0,0.54,5.0,0.53,5.0,0.52,9.0,0.5,5.0,0.69,12.2,0.7,12.4,0.71,17.6,0.72,17.9,0.73,13.2,0.07,0.07,0.094282,1776168139000
1776168141.469,141.469,0.31,12.2,0.3,12.4,0.29,17.6,0.28,17.9,0.27,13.2,0.38,1.0,0.46,5.0,0.47,5.0,0.48,9.0,0.5,5.0,0.62,1.0,0.54,5.0,0.53,5.0,0.52,9.0,0.5,5.0,0.69,12.2,0.7,12.4,0.71,17.6,0.72,17.9,0.73,13.2,0.07,0.07,0.094271,1776168140000
1776168141.846,141.846,0.25,13.9,0.24,14.3,0.23,14.7,0.22,15.2,0.21,25.7,0.38,2.89,0.41,58.0,0.42,10.7,0.43,10.6,0.44,10.6,0.62,1.0,0.54,5.0,0.53,5.0,0.52,9.0,0.5,5.0,0.69,12.2,0.7,12.4,0.71,17.6,0.72,17.9,0.73,13.2,0.13,0.07,0.094271,1776168140000
1776168142.129,142.129,0.25,13.9,0.24,14.3,0.23,14.7,0.22,15.2,0.21,25.7,0.38,2.89,0.41,58.0,0.42,10.7,0.43,10.6,0.44,10.6,0.62,2.89,0.59,58.0,0.58,10.7,0.57,10.6,0.56,10.6,0.75,13.9,0.76,14.3,0.77,14.7,0.78,15.2,0.79,25.7,0.13,0.13,0.094271,1776168141000
1776168143.16,143.16,0.25,13.9,0.24,14.3,0.23,14.7,0.22,15.2,0.21,25.7,0.38,2.89,0.41,58.0,0.42,10.7,0.43,10.6,0.44,10.6,0.62,2.89,0.59,58.0,0.58,10.7,0.57,10.6,0.56,10.6,0.75,13.9,0.76,14.3,0.77,14.7,0.78,15.2,0.79,25.7,0.13,0.13,0.094271,1776168142000
1776168144.24,144.24,0.25,13.9,0.24,14.3,0.23,14.7,0.22,15.2,0.21,25.7,0.38,2.89,0.41,58.0,0.42,10.7,0.43,10.6,0.44,10.6,0.62,2.89,0.59,58.0,0.58,10.7,0.57,10.6,0.56,10.6,0.75,13.9,0.76,14.3,0.77,14.7,0.78,15.2,0.79,25.7,0.13,0.13,0.094269,1776168143000
1776168145.359,145.359,0.25,13.9,0.24,14.3,0.23,14.7,0.22,15.2,0.21,25.7,0.38,2.89,0.41,58.0,0.42,10.7,0.43,10.6,0.44,10.6,0.62,2.89,0.59,58.0,0.58,10.7,0.57,10.6,0.56,10.6,0.75,13.9,0.76,14.3,0.77,14.7,0.78,15.2,0.79,25.7,0.13,0.13,0.094263,1776168144000
1776168146.42,146.42,0.25,13.9,0.24,14.3,0.23,14.7,0.22,15.2,0.21,25.7,0.38,2.89,0.41,58.0,0.42,10.7,0.43,10.6,0.44,10.6,0.62,2.89,0.59,58.0,0.58,10.7,0.57,10.6,0.56,10.6,0.75,13.9,0.76,14.3,0.77,14.7,0.78,15.2,0.79,25.7,0.13,0.13,0.09427,1776168145000
1776168146.961,146.961,0.25,13.9,0.24,14.3,0.23,14.7,0.22,15.2,0.21,25.7,0.38,2.89,0.41,58.0,0.42,10.7,0.43,10.6,0.44,10.6,0.62,2.89,0.59,58.0,0.58,10.7,0.57,10.6,0.56,10.6,0.75,13.9,0.76,14.3,0.77,14.7,0.78,15.2,0.79,25.7,0.13,0.13,0.09427,1776168146000
1776168148.102,148.102,0.25,13.9,0.24,14.3,0.23,14.7,0.22,15.2,0.21,25.7,0.38,2.89,0.41,58.0,0.42,10.7,0.43,10.6,0.44,10.6,0.62,2.89,0.59,58.0,0.58,10.7,0.57,10.6,0.56,10.6,0.75,13.9,0.76,14.3,0.77,14.7,0.78,15.2,0.79,25.7,0.13,0.13,0.09427,1776168147000
1776168149.292,149.292,0.25,13.9,0.24,14.3,0.23,14.7,0.22,15.2,0.21,25.7,0.38,2.89,0.41,58.0,0.42,10.7,0.43,10.6,0.44,10.6,0.62,2.89,0.59,58.0,0.58,10.7,0.57,10.6,0.56,10.6,0.75,13.9,0.76,14.3,0.77,14.7,0.78,15.2,0.79,25.7,0.13,0.13,0.094285,1776168148000
1776168150.42,150.42,0.25,13.9,0.24,14.3,0.23,14.7,0.22,15.2,0.21,25.7,0.38,2.89,0.41,58.0,0.42,10.7,0.43,10.6,0.44,10.6,0.62,2.89,0.59,58.0,0.58,10.7,0.57,10.6,0.56,10.6,0.75,13.9,0.76,14.3,0.77,14.7,0.78,15.2,0.79,25.7,0.13,0.13,0.094287,1776168149000
1776168150.891,150.891,0.25,13.9,0.24,14.3,0.23,14.7,0.22,15.2,0.21,25.7,0.38,2.89,0.41,58.0,0.42,10.7,0.43,10.6,0.44,10.6,0.62,2.89,0.59,58.0,0.58,10.7,0.57,10.6,0.56,10.6,0.75,13.9,0.76,14.3,0.77,14.7,0.78,15.2,0.79,25.7,0.13,0.13,0.094286,1776168150000
1776168152.051,152.051,0.25,13.9,0.24,14.3,0.23,14.7,0.22,15.2,0.21,25.7,0.38,2.89,0.41,58.0,0.42,10.7,0.43,10.6,0.44,10.6,0.62,2.89,0.59,58.0,0.58,10.7,0.57,10.6,0.56,10.6,0.75,13.9,0.76,14.3,0.77,14.7,0.78,15.2,0.79,25.7,0.13,0.13,0.094286,1776168151000
1776168153.064,153.064,0.25,13.9,0.24,14.3,0.23,14.7,0.22,15.2,0.21,25.7,0.38,2.89,0.41,58.0,0.42,10.7,0.43,10.6,0.44,10.6,0.62,2.89,0.59,58.0,0.58,10.7,0.57,10.6,0.56,10.6,0.75,13.9,0.76,14.3,0.77,14.7,0.78,15.2,0.79,25.7,0.13,0.13,0.094288,1776168152000
1776168154.1,154.1,0.25,13.9,0.24,14.3,0.23,14.7,0.22,15.2,0.21,25.7,0.38,2.89,0.41,58.0,0.42,10.7,0.43,10.6,0.44,10.6,0.62,2.89,0.59,58.0,0.58,10.7,0.57,10.6,0.56,10.6,0.75,13.9,0.76,14.3,0.77,14.7,0.78,15.2,0.79,25.7,0.13,0.13,0.094287,1776168153000
1776168155.174,155.174,0.25,13.9,0.24,14.3,0.23,14.7,0.22,15.2,0.21,25.7,0.38,2.89,0.41,58.0,0.42,10.7,0.43,10.6,0.44,10.6,0.62,2.89,0.59,58.0,0.58,10.7,0.57,10.6,0.56,10.6,0.75,13.9,0.76,14.3,0.77,14.7,0.78,15.2,0.79,25.7,0.13,0.13,0.094287,1776168154000
1776168156.191,156.191,0.25,13.9,0.24,14.3,0.23,14.7,0.22,15.2,0.21,25.7,0.38,2.89,0.41,58.0,0.42,10.7,0.43,10.6,0.44,10.6,0.62,2.89,0.59,58.0,0.58,10.7,0.57,10.6,0.56,10.6,0.75,13.9,0.76,14.3,0.77,14.7,0.78,15.2,0.79,25.7,0.13,0.13,0.094286,1776168155000
1776168157.171,157.171,0.25,13.9,0.24,14.3,0.23,14.7,0.22,15.2,0.21,25.7,0.38,2.89,0.41,58.0,0.42,10.7,0.43,10.6,0.44,10.6,0.62,2.89,0.59,58.0,0.58,10.7,0.57,10.6,0.56,10.6,0.75,13.9,0.76,14.3,0.77,14.7,0.78,15.2,0.79,25.7,0.13,0.13,0.094287,1776168156000
1776168158.3,158.3,0.25,13.9,0.24,14.3,0.23,14.7,0.22,15.2,0.21,25.7,0.38,2.89,0.41,58.0,0.42,10.7,0.43,10.6,0.44,10.6,0.62,2.89,0.59,58.0,0.58,10.7,0.57,10.6,0.56,10.6,0.75,13.9,0.76,14.3,0.77,14.7,0.78,15.2,0.79,25.7,0.13,0.13,0.094286,1776168157000
1776168159.426,159.426,0.25,13.9,0.24,14.3,0.23,14.7,0.22,15.2,0.21,15.7,0.35,30.0,0.41,50.0,0.47,10.4,0.48,10.4,0.49,10.4,0.65,30.0,0.59,50.0,0.53,10.4,0.52,10.4,0.51,10.4,0.75,13.9,0.76,14.3,0.77,14.7,0.78,15.2,0.79,15.7,0.1,0.1,0.094286,1776168158000
1776168159.923,159.923,0.25,13.9,0.24,14.3,0.23,14.7,0.22,15.2,0.21,15.7,0.35,30.0,0.41,50.0,0.47,10.4,0.48,10.4,0.49,10.4,0.65,30.0,0.59,50.0,0.53,10.4,0.52,10.4,0.51,10.4,0.75,13.9,0.76,14.3,0.77,14.7,0.78,15.2,0.79,15.7,0.1,0.1,0.094286,1776168159000
1776168160.916,160.916,0.25,13.9,0.24,14.3,0.23,14.7,0.22,15.2,0.21,15.7,0.35,30.0,0.41,50.0,0.47,10.4,0.48,10.4,0.49,10.4,0.65,30.0,0.59,50.0,0.53,10.4,0.52,10.4,0.51,10.4,0.75,13.9,0.76,14.3,0.77,14.7,0.78,15.2,0.79,15.7,0.1,0.1,0.094265,1776168160000
1776168161.978,161.978,0.25,13.9,0.24,14.3,0.23,14.7,0.22,15.2,0.21,15.7,0.35,30.0,0.41,50.0,0.47,10.4,0.48,10.4,0.49,10.4,0.65,30.0,0.59,50.0,0.53,10.4,0.52,10.4,0.51,10.4,0.75,13.9,0.76,14.3,0.77,14.7,0.78,15.2,0.79,15.7,0.1,0.1,0.094261,1776168161000
1776168162.968,162.968,0.25,13.9,0.24,14.3,0.23,14.7,0.22,15.2,0.21,15.7,0.35,30.0,0.41,50.0,0.47,10.4,0.48,10.4,0.49,10.4,0.65,30.0,0.59,50.0,0.53,10.4,0.52,10.4,0.51,10.4,0.75,13.9,0.76,14.3,0.77,14.7,0.78,15.2,0.79,15.7,0.1,0.1,0.09428,1776168162000
1776168164.011,164.011,0.25,13.9,0.24,14.3,0.23,14.7,0.22,15.2,0.21,15.7,0.35,30.0,0.41,50.0,0.47,10.4,0.48,10.4,0.49,10.4,0.65,30.0,0.59,50.0,0.53,10.4,0.52,10.4,0.51,10.4,0.75,13.9,0.76,14.3,0.77,14.7,0.78,15.2,0.79,15.7,0.1,0.1,0.09428,1776168163000
1776168164.901,164.901,0.25,13.9,0.24,14.3,0.23,14.7,0.22,15.2,0.21,15.7,0.35,30.0,0.41,50.0,0.47,10.4,0.48,10.4,0.49,10.4,0.65,30.0,0.59,50.0,0.53,10.4,0.52,10.4,0.51,10.4,0.75,13.9,0.76,14.3,0.77,14.7,0.78,15.2,0.79,15.7,0.1,0.1,0.094284,1776168164000
1776168175.185,175.185,0.25,13.9,0.24,14.3,0.23,14.7,0.22,15.2,0.21,15.7,0.35,30.0,0.41,50.0,0.47,10.4,0.48,10.4,0.49,10.4,0.65,30.0,0.59,50.0,0.53,10.4,0.52,10.4,0.51,10.4,0.75,13.9,0.76,14.3,0.77,14.7,0.78,15.2,0.79,15.7,0.1,0.1,0.094295,1776168173000
1776168176.28,176.28,0.25,13.9,0.24,14.3,0.23,14.7,0.22,15.2,0.21,15.7,0.35,30.0,0.41,50.0,0.47,10.4,0.48,10.4,0.49,10.4,0.65,30.0,0.59,50.0,0.53,10.4,0.52,10.4,0.51,10.4,0.75,13.9,0.76,14.3,0.77,14.7,0.78,15.2,0.79,15.7,0.1,0.1,0.094294,1776168175000
1776168177.217,177.217,0.25,13.9,0.24,14.3,0.23,14.7,0.22,15.2,0.21,15.7,0.35,30.0,0.41,50.0,0.47,10.4,0.48,10.4,0.49,10.4,0.65,30.0,0.59,50.0,0.53,10.4,0.52,10.4,0.51,10.4,0.75,13.9,0.76,14.3,0.77,14.7,0.78,15.2,0.79,15.7,0.1,0.1,0.094294,1776168176000
1776168178.361,178.361,0.25,13.9,0.24,14.3,0.23,14.7,0.22,15.2,0.21,15.7,0.35,30.0,0.41,50.0,0.47,10.4,0.48,10.4,0.49,10.4,0.65,30.0,0.59,50.0,0.53,10.4,0.52,10.4,0.51,10.4,0.75,13.9,0.76,14.3,0.77,14.7,0.78,15.2,0.79,15.7,0.1,0.1,0.094294,1776168177000
1776168179.222,179.222,0.25,13.9,0.24,14.3,0.23,14.7,0.22,15.2,0.21,15.7,0.35,30.0,0.41,50.0,0.47,10.4,0.48,10.4,0.49,10.4,0.65,30.0,0.59,50.0,0.53,10.4,0.52,10.4,0.51,10.4,0.75,13.9,0.76,14.3,0.77,14.7,0.78,15.2,0.79,15.7,0.1,0.1,0.094294,1776168178000
1776168180.127,180.127,0.25,13.9,0.24,14.3,0.23,14.7,0.22,15.2,0.21,15.7,0.35,30.0,0.41,50.0,0.47,10.4,0.48,10.4,0.49,10.4,0.65,30.0,0.59,50.0,0.53,10.4,0.52,10.4,0.51,10.4,0.75,13.9,0.76,14.3,0.77,14.7,0.78,15.2,0.79,15.7,0.1,0.1,0.094295,1776168179000
1776168181.623,181.623,0.25,13.9,0.24,14.3,0.23,14.7,0.22,15.2,0.21,15.7,0.35,30.0,0.41,50.0,0.47,10.4,0.48,10.4,0.49,10.4,0.65,30.0,0.59,50.0,0.53,10.4,0.52,10.4,0.51,10.4,0.75,13.9,0.76,14.3,0.77,14.7,0.78,15.2,0.79,15.7,0.1,0.1,0.094295,1776168180000
1776168182.157,182.157,0.25,13.9,0.24,14.3,0.23,14.7,0.22,15.2,0.21,15.7,0.35,30.0,0.41,50.0,0.47,10.4,0.48,10.4,0.49,10.4,0.65,30.0,0.59,50.0,0.53,10.4,0.52,10.4,0.51,10.4,0.75,13.9,0.76,14.3,0.77,14.7,0.78,15.2,0.79,15.7,0.1,0.1,0.094292,1776168181000
1776168183.119,183.119,0.25,13.9,0.24,14.3,0.23,14.7,0.22,15.2,0.21,15.7,0.35,30.0,0.41,50.0,0.47,10.4,0.48,10.4,0.49,10.4,0.65,30.0,0.59,50.0,0.53,10.4,0.52,10.4,0.51,10.4,0.75,13.9,0.76,14.3,0.77,14.7,0.78,15.2,0.79,15.7,0.1,0.1,0.094292,1776168182000
1776168184.253,184.253,0.25,13.9,0.24,14.3,0.23,14.7,0.22,15.2,0.21,15.7,0.35,30.0,0.41,50.0,0.47,10.4,0.48,10.4,0.49,10.4,0.65,30.0,0.59,50.0,0.53,10.4,0.52,10.4,0.51,10.4,0.75,13.9,0.76,14.3,0.77,14.7,0.78,15.2,0.79,15.7,0.1,0.1,0.094292,1776168183000
1776168185.175,185.175,0.25,13.9,0.24,14.3,0.23,14.7,0.22,15.2,0.21,15.7,0.35,30.0,0.41,50.0,0.47,10.4,0.48,10.4,0.49,10.4,0.65,30.0,0.59,50.0,0.53,10.4,0.52,10.4,0.51,10.4,0.75,13.9,0.76,14.3,0.77,14.7,0.78,15.2,0.79,15.7,0.1,0.1,0.09429,1776168184000
1776168186.2,186.2,0.25,13.9,0.24,14.3,0.23,14.7,0.22,15.2,0.21,15.7,0.35,30.0,0.41,50.0,0.47,10.4,0.48,10.4,0.49,10.4,0.65,30.0,0.59,50.0,0.53,10.4,0.52,10.4,0.51,10.4,0.75,13.9,0.76,14.3,0.77,14.7,0.78,15.2,0.79,15.7,0.1,0.1,0.094291,1776168185000
1776168187.172,187.172,0.25,13.9,0.24,14.3,0.23,14.7,0.22,15.2,0.21,15.7,0.35,30.0,0.41,50.0,0.47,10.4,0.48,10.4,0.49,10.4,0.65,30.0,0.59,50.0,0.53,10.4,0.52,10.4,0.51,10.4,0.75,13.9,0.76,14.3,0.77,14.7,0.78,15.2,0.79,15.7,0.1,0.1,0.094293,1776168186000
1776168188.203,188.203,0.25,13.9,0.24,14.3,0.23,14.7,0.22,15.2,0.21,15.7,0.35,30.0,0.41,50.0,0.47,10.4,0.48,10.4,0.49,10.4,0.65,30.0,0.59,50.0,0.53,10.4,0.52,10.4,0.51,10.4,0.75,13.9,0.76,14.3,0.77,14.7,0.78,15.2,0.79,15.7,0.1,0.1,0.094293,1776168187000
1776168189.14,189.14,0.25,13.9,0.24,14.3,0.23,14.7,0.22,15.2,0.21,15.7,0.35,30.0,0.41,50.0,0.47,10.4,0.48,10.4,0.49,10.4,0.65,30.0,0.59,50.0,0.53,10.4,0.52,10.4,0.51,10.4,0.75,13.9,0.76,14.3,0.77,14.7,0.78,15.2,0.79,15.7,0.1,0.1,0.094291,1776168188000
1776168190.266,190.266,0.25,13.9,0.24,14.3,0.23,14.7,0.22,15.2,0.21,15.7,0.35,30.0,0.41,50.0,0.47,10.4,0.48,10.4,0.49,10.4,0.65,30.0,0.59,50.0,0.53,10.4,0.52,10.4,0.51,10.4,0.75,13.9,0.76,14.3,0.77,14.7,0.78,15.2,0.79,15.7,0.1,0.1,0.094292,1776168189000
1776168191.195,191.195,0.25,13.9,0.24,14.3,0.23,14.7,0.22,15.2,0.21,15.7,0.35,30.0,0.41,50.0,0.47,10.4,0.48,10.4,0.49,10.4,0.65,30.0,0.59,50.0,0.53,10.4,0.52,10.4,0.51,10.4,0.75,13.9,0.76,14.3,0.77,14.7,0.78,15.2,0.79,15.7,0.1,0.1,0.094292,1776168190000
1776168191.511,191.511,0.35,5.0,0.33,5.0,0.31,50.0,0.29,12.6,0.28,12.9,0.51,10.0,0.53,5.0,0.56,5.0,0.58,10.7,0.59,10.7,0.65,30.0,0.59,50.0,0.53,10.4,0.52,10.4,0.51,10.4,0.75,13.9,0.76,14.3,0.77,14.7,0.78,15.2,0.79,15.7,0.16,0.1,0.094292,1776168190000
1776168192.184,192.184,0.35,5.0,0.33,5.0,0.31,50.0,0.29,12.6,0.28,12.9,0.51,10.0,0.53,5.0,0.56,5.0,0.58,10.7,0.59,10.7,0.49,10.0,0.47,5.0,0.44,5.0,0.42,10.7,0.41,10.7,0.65,5.0,0.67,5.0,0.69,50.0,0.71,12.6,0.72,12.9,0.16,0.16,0.094292,1776168191000
1776168192.951,192.951,0.35,5.0,0.33,5.0,0.31,62.2,0.3,12.4,0.29,12.6,0.51,8.03,0.53,5.0,0.56,5.0,0.57,10.6,0.58,10.7,0.49,10.0,0.47,5.0,0.44,5.0,0.42,10.7,0.41,10.7,0.65,5.0,0.67,5.0,0.69,50.0,0.71,12.6,0.72,12.9,0.16,0.16,0.094292,1776168191000
1776168193.287,193.287,0.35,5.0,0.33,5.0,0.31,62.2,0.3,12.4,0.29,12.6,0.51,8.03,0.53,5.0,0.56,5.0,0.57,10.6,0.58,10.7,0.49,8.03,0.47,5.0,0.44,5.0,0.43,10.6,0.42,10.7,0.65,5.0,0.67,5.0,0.69,62.2,0.7,12.4,0.71,12.6,0.16,0.16,0.094316,1776168192000
1776168194.745,194.745,0.35,5.0,0.33,5.0,0.31,62.2,0.3,12.4,0.29,12.6,0.51,8.03,0.53,5.0,0.56,5.0,0.57,10.6,0.58,10.7,0.49,8.03,0.47,5.0,0.44,5.0,0.43,10.6,0.42,10.7,0.65,5.0,0.67,5.0,0.69,62.2,0.7,12.4,0.71,12.6,0.16,0.16,0.094319,1776168193000
1776168195.469,195.469,0.35,5.0,0.33,5.0,0.31,62.2,0.3,12.4,0.29,12.6,0.51,8.03,0.53,5.0,0.56,5.0,0.57,10.6,0.58,10.7,0.49,8.03,0.47,5.0,0.44,5.0,0.43,10.6,0.42,10.7,0.65,5.0,0.67,5.0,0.69,62.2,0.7,12.4,0.71,12.6,0.16,0.16,0.094319,1776168194000
1776168196.071,196.071,0.35,5.0,0.33,5.0,0.31,62.2,0.3,12.4,0.29,12.6,0.51,8.03,0.53,5.0,0.56,5.0,0.57,10.6,0.58,10.7,0.49,8.03,0.47,5.0,0.44,5.0,0.43,10.6,0.42,10.7,0.65,5.0,0.67,5.0,0.69,62.2,0.7,12.4,0.71,12.6,0.16,0.16,0.09432,1776168195000
1776168197.478,197.478,0.35,5.0,0.33,5.0,0.31,62.2,0.3,12.4,0.29,12.6,0.51,8.03,0.53,5.0,0.56,5.0,0.57,10.6,0.58,10.7,0.49,8.03,0.47,5.0,0.44,5.0,0.43,10.6,0.42,10.7,0.65,5.0,0.67,5.0,0.69,62.2,0.7,12.4,0.71,12.6,0.16,0.16,0.09432,1776168196000
1776168198.028,198.028,0.35,5.0,0.33,5.0,0.31,62.2,0.3,12.4,0.29,12.6,0.51,8.03,0.53,5.0,0.56,5.0,0.57,10.6,0.58,10.7,0.49,8.03,0.47,5.0,0.44,5.0,0.43,10.6,0.42,10.7,0.65,5.0,0.67,5.0,0.69,62.2,0.7,12.4,0.71,12.6,0.16,0.16,0.09432,1776168197000
1776168199.488,199.488,0.35,5.0,0.33,5.0,0.31,62.2,0.3,12.4,0.29,12.6,0.51,8.03,0.53,5.0,0.56,5.0,0.57,10.6,0.58,10.7,0.49,8.03,0.47,5.0,0.44,5.0,0.43,10.6,0.42,10.7,0.65,5.0,0.67,5.0,0.69,62.2,0.7,12.4,0.71,12.6,0.16,0.16,0.094319,1776168198000
1776168200.177,200.177,0.35,5.0,0.33,5.0,0.31,62.2,0.3,12.4,0.29,12.6,0.51,8.03,0.53,5.0,0.56,5.0,0.57,10.6,0.58,10.7,0.49,8.03,0.47,5.0,0.44,5.0,0.43,10.6,0.42,10.7,0.65,5.0,0.67,5.0,0.69,62.2,0.7,12.4,0.71,12.6,0.16,0.16,0.094321,1776168199000
1776168201.985,201.985,0.35,5.0,0.33,5.0,0.31,62.2,0.3,12.4,0.29,12.6,0.51,8.03,0.53,5.0,0.56,5.0,0.57,10.6,0.58,10.7,0.49,8.03,0.47,5.0,0.44,5.0,0.43,10.6,0.42,10.7,0.65,5.0,0.67,5.0,0.69,62.2,0.7,12.4,0.71,12.6,0.16,0.16,0.094319,1776168200000
1776168202.821,202.821,0.35,5.0,0.33,5.0,0.31,62.2,0.3,12.4,0.29,12.6,0.51,8.03,0.53,5.0,0.56,5.0,0.57,10.6,0.58,10.7,0.49,8.03,0.47,5.0,0.44,5.0,0.43,10.6,0.42,10.7,0.65,5.0,0.67,5.0,0.69,62.2,0.7,12.4,0.71,12.6,0.16,0.16,0.094319,1776168201000
1776168203.695,203.695,0.35,5.0,0.33,5.0,0.31,62.2,0.3,12.4,0.29,12.6,0.51,8.03,0.53,5.0,0.56,5.0,0.57,10.6,0.58,10.7,0.49,8.03,0.47,5.0,0.44,5.0,0.43,10.6,0.42,10.7,0.65,5.0,0.67,5.0,0.69,62.2,0.7,12.4,0.71,12.6,0.16,0.16,0.094327,1776168202000
1776168204.71,204.71,0.35,5.0,0.33,5.0,0.31,62.2,0.3,12.4,0.29,12.6,0.51,8.03,0.53,5.0,0.56,5.0,0.57,10.6,0.58,10.7,0.49,8.03,0.47,5.0,0.44,5.0,0.43,10.6,0.42,10.7,0.65,5.0,0.67,5.0,0.69,62.2,0.7,12.4,0.71,12.6,0.16,0.16,0.094327,1776168203000
1776168205.153,205.153,0.45,5.0,0.44,5.0,0.42,15.7,0.41,10.7,0.4,15.8,0.47,0.67,0.61,55.0,0.63,11.2,0.64,11.3,0.65,16.4,0.49,8.03,0.47,5.0,0.44,5.0,0.43,10.6,0.42,10.7,0.65,5.0,0.67,5.0,0.69,62.2,0.7,12.4,0.71,12.6,0.02,0.16,0.094327,1776168203000
1776168205.566,205.566,0.45,5.0,0.44,5.0,0.42,15.7,0.41,10.7,0.4,15.8,0.47,0.67,0.61,55.0,0.63,11.2,0.64,11.3,0.65,16.4,0.53,0.67,0.39,55.0,0.37,11.2,0.36,11.3,0.35,16.4,0.55,5.0,0.56,5.0,0.58,15.7,0.59,10.7,0.6,15.8,0.02,0.02,0.094327,1776168204000
1776168206.19,206.19,0.45,5.0,0.44,5.0,0.42,15.7,0.41,10.7,0.4,15.8,0.47,0.67,0.61,55.0,0.63,11.2,0.64,11.3,0.65,16.4,0.53,0.67,0.39,55.0,0.37,11.2,0.36,11.3,0.35,16.4,0.55,5.0,0.56,5.0,0.58,15.7,0.59,10.7,0.6,15.8,0.02,0.02,0.094328,1776168205000
1776168206.771,206.771,0.45,10.5,0.44,10.6,0.43,10.6,0.42,15.7,0.41,10.7,0.46,2.36,0.61,55.0,0.63,24.2,0.64,11.3,0.65,26.4,0.53,0.67,0.39,55.0,0.37,11.2,0.36,11.3,0.35,16.4,0.55,5.0,0.56,5.0,0.58,15.7,0.59,10.7,0.6,15.8,0.01,0.02,0.094328,1776168205000
1776168207.772,207.772,0.45,10.5,0.44,10.6,0.43,10.6,0.42,15.7,0.41,10.7,0.46,2.36,0.61,55.0,0.63,24.2,0.64,11.3,0.65,26.4,0.54,2.36,0.39,55.0,0.37,24.2,0.36,11.3,0.35,26.4,0.55,10.5,0.56,10.6,0.57,10.6,0.58,15.7,0.59,10.7,0.01,0.01,0.094338,1776168206000
1776168208.34,208.34,0.45,15.5,0.44,10.6,0.43,10.6,0.42,15.7,0.41,10.7,0.61,50.0,0.62,5.0,0.63,24.2,0.64,11.3,0.65,26.4,0.54,2.36,0.39,55.0,0.37,24.2,0.36,11.3,0.35,26.4,0.55,10.5,0.56,10.6,0.57,10.6,0.58,15.7,0.59,10.7,0.16,0.01,0.094338,1776168206000
1776168209.21,209.21,0.45,15.5,0.44,10.6,0.43,10.6,0.42,15.7,0.41,10.7,0.61,50.0,0.62,5.0,0.63,24.2,0.64,11.3,0.65,26.4,0.39,50.0,0.38,5.0,0.37,24.2,0.36,11.3,0.35,26.4,0.55,15.5,0.56,10.6,0.57,10.6,0.58,15.7,0.59,10.7,0.16,0.16,0.094337,1776168208000
1776168210.642,210.642,0.45,10.5,0.44,10.6,0.43,10.6,0.42,10.7,0.41,10.7,0.61,33.6,0.62,11.0,0.63,11.2,0.64,11.3,0.65,11.4,0.39,50.0,0.38,5.0,0.37,24.2,0.36,11.3,0.35,26.4,0.55,15.5,0.56,10.6,0.57,10.6,0.58,15.7,0.59,10.7,0.16,0.16,0.094337,1776168208000
1776168211.478,211.478,0.45,10.5,0.44,10.6,0.43,10.6,0.42,10.7,0.41,10.7,0.61,33.6,0.62,11.0,0.63,11.2,0.64,11.3,0.65,11.4,0.39,33.6,0.38,11.0,0.37,11.2,0.36,11.3,0.35,11.4,0.55,10.5,0.56,10.6,0.57,10.6,0.58,10.7,0.59,10.7,0.16,0.16,0.094339,1776168210000
1776168212.217,212.217,0.45,10.5,0.44,10.6,0.43,10.6,0.42,10.7,0.41,10.7,0.61,33.6,0.62,11.0,0.63,11.2,0.64,11.3,0.65,11.4,0.39,33.6,0.38,11.0,0.37,11.2,0.36,11.3,0.35,11.4,0.55,10.5,0.56,10.6,0.57,10.6,0.58,10.7,0.59,10.7,0.16,0.16,0.094341,1776168211000
1776168213.967,213.967,0.45,10.5,0.44,10.6,0.43,10.6,0.42,10.7,0.41,10.7,0.61,33.6,0.62,11.0,0.63,11.2,0.64,11.3,0.65,11.4,0.39,33.6,0.38,11.0,0.37,11.2,0.36,11.3,0.35,11.4,0.55,10.5,0.56,10.6,0.57,10.6,0.58,10.7,0.59,10.7,0.16,0.16,0.09434,1776168212000
1776168214.563,214.563,0.45,10.5,0.44,10.6,0.43,10.6,0.42,10.7,0.41,10.7,0.61,33.6,0.62,11.0,0.63,11.2,0.64,11.3,0.65,11.4,0.39,33.6,0.38,11.0,0.37,11.2,0.36,11.3,0.35,11.4,0.55,10.5,0.56,10.6,0.57,10.6,0.58,10.7,0.59,10.7,0.16,0.16,0.09434,1776168213000
1776168215.046,215.046,0.45,10.5,0.44,10.6,0.43,10.6,0.42,10.7,0.41,10.7,0.61,33.6,0.62,11.0,0.63,11.2,0.64,11.3,0.65,11.4,0.39,33.6,0.38,11.0,0.37,11.2,0.36,11.3,0.35,11.4,0.55,10.5,0.56,10.6,0.57,10.6,0.58,10.7,0.59,10.7,0.16,0.16,0.09434,1776168214000
1776168216.112,216.112,0.45,10.5,0.44,10.6,0.43,10.6,0.42,10.7,0.41,10.7,0.61,33.6,0.62,11.0,0.63,11.2,0.64,11.3,0.65,11.4,0.39,33.6,0.38,11.0,0.37,11.2,0.36,11.3,0.35,11.4,0.55,10.5,0.56,10.6,0.57,10.6,0.58,10.7,0.59,10.7,0.16,0.16,0.094336,1776168215000
1776168217.271,217.271,0.45,10.5,0.44,10.6,0.43,10.6,0.42,10.7,0.41,10.7,0.61,33.6,0.62,11.0,0.63,11.2,0.64,11.3,0.65,11.4,0.39,33.6,0.38,11.0,0.37,11.2,0.36,11.3,0.35,11.4,0.55,10.5,0.56,10.6,0.57,10.6,0.58,10.7,0.59,10.7,0.16,0.16,0.094326,1776168216000
1776168218.353,218.353,0.45,10.5,0.44,10.6,0.43,10.6,0.42,10.7,0.41,10.7,0.61,33.6,0.62,11.0,0.63,11.2,0.64,11.3,0.65,11.4,0.39,33.6,0.38,11.0,0.37,11.2,0.36,11.3,0.35,11.4,0.55,10.5,0.56,10.6,0.57,10.6,0.58,10.7,0.59,10.7,0.16,0.16,0.094326,1776168217000
1776168219.411,219.411,0.45,10.5,0.44,10.6,0.43,10.6,0.42,10.7,0.41,10.7,0.61,33.6,0.62,11.0,0.63,11.2,0.64,11.3,0.65,11.4,0.39,33.6,0.38,11.0,0.37,11.2,0.36,11.3,0.35,11.4,0.55,10.5,0.56,10.6,0.57,10.6,0.58,10.7,0.59,10.7,0.16,0.16,0.094326,1776168218000
1776168220.474,220.474,0.45,10.5,0.44,10.6,0.43,10.6,0.42,10.7,0.41,10.7,0.61,33.6,0.62,11.0,0.63,11.2,0.64,11.3,0.65,11.4,0.39,33.6,0.38,11.0,0.37,11.2,0.36,11.3,0.35,11.4,0.55,10.5,0.56,10.6,0.57,10.6,0.58,10.7,0.59,10.7,0.16,0.16,0.094326,1776168219000
1776168220.879,220.879,0.45,10.5,0.44,10.6,0.43,10.6,0.42,10.7,0.41,10.7,0.61,33.6,0.62,11.0,0.63,11.2,0.64,11.3,0.65,11.4,0.39,33.6,0.38,11.0,0.37,11.2,0.36,11.3,0.35,11.4,0.55,10.5,0.56,10.6,0.57,10.6,0.58,10.7,0.59,10.7,0.16,0.16,0.094327,1776168220000
1776168222.003,222.003,0.45,10.5,0.44,10.6,0.43,10.6,0.42,10.7,0.41,10.7,0.61,33.6,0.62,11.0,0.63,11.2,0.64,11.3,0.65,11.4,0.39,33.6,0.38,11.0,0.37,11.2,0.36,11.3,0.35,11.4,0.55,10.5,0.56,10.6,0.57,10.6,0.58,10.7,0.59,10.7,0.16,0.16,0.094326,1776168221000
1776168223.011,223.011,0.45,10.5,0.44,10.6,0.43,10.6,0.42,10.7,0.41,10.7,0.61,33.6,0.62,11.0,0.63,11.2,0.64,11.3,0.65,11.4,0.39,33.6,0.38,11.0,0.37,11.2,0.36,11.3,0.35,11.4,0.55,10.5,0.56,10.6,0.57,10.6,0.58,10.7,0.59,10.7,0.16,0.16,0.094326,1776168222000
1776168224.087,224.087,0.45,10.5,0.44,10.6,0.43,10.6,0.42,10.7,0.41,10.7,0.61,33.6,0.62,11.0,0.63,11.2,0.64,11.3,0.65,11.4,0.39,33.6,0.38,11.0,0.37,11.2,0.36,11.3,0.35,11.4,0.55,10.5,0.56,10.6,0.57,10.6,0.58,10.7,0.59,10.7,0.16,0.16,0.094326,1776168223000
1776168225.129,225.129,0.45,10.5,0.44,10.6,0.43,10.6,0.42,10.7,0.41,10.7,0.61,33.6,0.62,11.0,0.63,11.2,0.64,11.3,0.65,11.4,0.39,33.6,0.38,11.0,0.37,11.2,0.36,11.3,0.35,11.4,0.55,10.5,0.56,10.6,0.57,10.6,0.58,10.7,0.59,10.7,0.16,0.16,0.094328,1776168224000
1776168225.831,225.831,0.28,0.91,0.27,5.0,0.26,18.5,0.25,13.9,0.24,14.3,0.42,5.0,0.49,9.0,0.5,10.4,0.51,60.4,0.52,10.4,0.39,33.6,0.38,11.0,0.37,11.2,0.36,11.3,0.35,11.4,0.55,10.5,0.56,10.6,0.57,10.6,0.58,10.7,0.59,10.7,0.14,0.16,0.094328,1776168224000
1776168226.259,226.259,0.28,0.91,0.27,5.0,0.26,18.5,0.25,13.9,0.24,14.3,0.42,5.0,0.49,9.0,0.5,10.4,0.51,60.4,0.52,10.4,0.58,5.0,0.51,9.0,0.5,10.4,0.49,60.4,0.48,10.4,0.72,0.91,0.73,5.0,0.74,18.5,0.75,13.9,0.76,14.3,0.14,0.14,0.094319,1776168225000
1776168228.154,228.154,0.28,0.91,0.27,5.0,0.26,18.5,0.25,13.9,0.24,14.3,0.42,5.0,0.49,9.0,0.5,10.4,0.51,60.4,0.52,10.4,0.58,5.0,0.51,9.0,0.5,10.4,0.49,60.4,0.48,10.4,0.72,0.91,0.73,5.0,0.74,18.5,0.75,13.9,0.76,14.3,0.14,0.14,0.094311,1776168227000
1776168229.293,229.293,0.28,0.91,0.27,5.0,0.26,18.5,0.25,13.9,0.24,14.3,0.42,5.0,0.49,9.0,0.5,10.4,0.51,60.4,0.52,10.4,0.58,5.0,0.51,9.0,0.5,10.4,0.49,60.4,0.48,10.4,0.72,0.91,0.73,5.0,0.74,18.5,0.75,13.9,0.76,14.3,0.14,0.14,0.094311,1776168228000
1776168230.214,230.214,0.26,10.84,0.25,13.9,0.24,14.3,0.23,14.7,0.22,15.2,0.42,10.7,0.43,10.6,0.44,10.6,0.45,10.5,0.46,10.5,0.58,5.0,0.51,9.0,0.5,10.4,0.49,60.4,0.48,10.4,0.72,0.91,0.73,5.0,0.74,18.5,0.75,13.9,0.76,14.3,0.16,0.14,0.094311,1776168228000
1776168230.979,230.979,0.26,10.84,0.25,13.9,0.24,14.3,0.23,14.7,0.22,15.2,0.42,10.7,0.43,10.6,0.44,10.6,0.45,10.5,0.46,10.5,0.58,10.7,0.57,10.6,0.56,10.6,0.55,10.5,0.54,10.5,0.74,10.84,0.75,13.9,0.76,14.3,0.77,14.7,0.78,15.2,0.16,0.16,0.094312,1776168230000
1776168232.1,232.1,0.26,10.84,0.25,13.9,0.24,14.3,0.23,14.7,0.22,15.2,0.42,10.7,0.43,10.6,0.44,10.6,0.45,10.5,0.46,10.5,0.58,10.7,0.57,10.6,0.56,10.6,0.55,10.5,0.54,10.5,0.74,10.84,0.75,13.9,0.76,14.3,0.77,14.7,0.78,15.2,0.16,0.16,0.094312,1776168231000
1776168233.309,233.309,0.26,10.84,0.25,13.9,0.24,14.3,0.23,14.7,0.22,15.2,0.42,10.7,0.43,10.6,0.44,10.6,0.45,10.5,0.46,10.5,0.58,10.7,0.57,10.6,0.56,10.6,0.55,10.5,0.54,10.5,0.74,10.84,0.75,13.9,0.76,14.3,0.77,14.7,0.78,15.2,0.16,0.16,0.094327,1776168232000
1776168234.533,234.533,0.26,10.84,0.25,13.9,0.24,14.3,0.23,14.7,0.22,15.2,0.42,10.7,0.43,10.6,0.44,10.6,0.45,10.5,0.46,10.5,0.58,10.7,0.57,10.6,0.56,10.6,0.55,10.5,0.54,10.5,0.74,10.84,0.75,13.9,0.76,14.3,0.77,14.7,0.78,15.2,0.16,0.16,0.094334,1776168233000
1776168235.06,235.06,0.26,10.84,0.25,13.9,0.24,14.3,0.23,14.7,0.22,15.2,0.42,10.7,0.43,10.6,0.44,10.6,0.45,10.5,0.46,10.5,0.58,10.7,0.57,10.6,0.56,10.6,0.55,10.5,0.54,10.5,0.74,10.84,0.75,13.9,0.76,14.3,0.77,14.7,0.78,15.2,0.16,0.16,0.094343,1776168234000
1776168236.297,236.297,0.26,10.84,0.25,13.9,0.24,14.3,0.23,14.7,0.22,15.2,0.42,10.7,0.43,10.6,0.44,10.6,0.45,10.5,0.46,10.5,0.58,10.7,0.57,10.6,0.56,10.6,0.55,10.5,0.54,10.5,0.74,10.84,0.75,13.9,0.76,14.3,0.77,14.7,0.78,15.2,0.16,0.16,0.094347,1776168235000
1776168237.541,237.541,0.26,10.84,0.25,13.9,0.24,14.3,0.23,14.7,0.22,15.2,0.42,10.7,0.43,10.6,0.44,10.6,0.45,10.5,0.46,10.5,0.58,10.7,0.57,10.6,0.56,10.6,0.55,10.5,0.54,10.5,0.74,10.84,0.75,13.9,0.76,14.3,0.77,14.7,0.78,15.2,0.16,0.16,0.094347,1776168236000
1776168238.159,238.159,0.26,10.84,0.25,13.9,0.24,14.3,0.23,14.7,0.22,15.2,0.42,10.7,0.43,10.6,0.44,10.6,0.45,10.5,0.46,10.5,0.58,10.7,0.57,10.6,0.56,10.6,0.55,10.5,0.54,10.5,0.74,10.84,0.75,13.9,0.76,14.3,0.77,14.7,0.78,15.2,0.16,0.16,0.094346,1776168237000
1776168239.427,239.427,0.26,10.84,0.25,13.9,0.24,14.3,0.23,14.7,0.22,15.2,0.42,10.7,0.43,10.6,0.44,10.6,0.45,10.5,0.46,10.5,0.58,10.7,0.57,10.6,0.56,10.6,0.55,10.5,0.54,10.5,0.74,10.84,0.75,13.9,0.76,14.3,0.77,14.7,0.78,15.2,0.16,0.16,0.094346,1776168238000
1776168240.037,240.037,0.26,10.84,0.25,13.9,0.24,14.3,0.23,14.7,0.22,15.2,0.42,10.7,0.43,10.6,0.44,10.6,0.45,10.5,0.46,10.5,0.58,10.7,0.57,10.6,0.56,10.6,0.55,10.5,0.54,10.5,0.74,10.84,0.75,13.9,0.76,14.3,0.77,14.7,0.78,15.2,0.16,0.16,0.094345,1776168239000
1776168241.155,241.155,0.26,10.84,0.25,13.9,0.24,14.3,0.23,14.7,0.22,15.2,0.42,10.7,0.43,10.6,0.44,10.6,0.45,10.5,0.46,10.5,0.58,10.7,0.57,10.6,0.56,10.6,0.55,10.5,0.54,10.5,0.74,10.84,0.75,13.9,0.76,14.3,0.77,14.7,0.78,15.2,0.16,0.16,0.094345,1776168240000
1776168242.399,242.399,0.26,10.84,0.25,13.9,0.24,14.3,0.23,14.7,0.22,15.2,0.42,10.7,0.43,10.6,0.44,10.6,0.45,10.5,0.46,10.5,0.58,10.7,0.57,10.6,0.56,10.6,0.55,10.5,0.54,10.5,0.74,10.84,0.75,13.9,0.76,14.3,0.77,14.7,0.78,15.2,0.16,0.16,0.094346,1776168241000
1776168243.424,243.424,0.26,10.84,0.25,13.9,0.24,14.3,0.23,14.7,0.22,15.2,0.42,10.7,0.43,10.6,0.44,10.6,0.45,10.5,0.46,10.5,0.58,10.7,0.57,10.6,0.56,10.6,0.55,10.5,0.54,10.5,0.74,10.84,0.75,13.9,0.76,14.3,0.77,14.7,0.78,15.2,0.16,0.16,0.094346,1776168242000
1776168244.202,244.202,0.26,10.84,0.25,13.9,0.24,14.3,0.23,14.7,0.22,15.2,0.42,10.7,0.43,10.6,0.44,10.6,0.45,10.5,0.46,10.5,0.58,10.7,0.57,10.6,0.56,10.6,0.55,10.5,0.54,10.5,0.74,10.84,0.75,13.9,0.76,14.3,0.77,14.7,0.78,15.2,0.16,0.16,0.094348,1776168243000
1776168245.42,245.42,0.26,10.84,0.25,13.9,0.24,14.3,0.23,14.7,0.22,15.2,0.42,10.7,0.43,10.6,0.44,10.6,0.45,10.5,0.46,10.5,0.58,10.7,0.57,10.6,0.56,10.6,0.55,10.5,0.54,10.5,0.74,10.84,0.75,13.9,0.76,14.3,0.77,14.7,0.78,15.2,0.16,0.16,0.094347,1776168244000
1776168245.968,245.968,0.26,10.84,0.25,13.9,0.24,14.3,0.23,14.7,0.22,15.2,0.42,10.7,0.43,10.6,0.44,10.6,0.45,10.5,0.46,10.5,0.58,10.7,0.57,10.6,0.56,10.6,0.55,10.5,0.54,10.5,0.74,10.84,0.75,13.9,0.76,14.3,0.77,14.7,0.78,15.2,0.16,0.16,0.094347,1776168245000
1776168247.136,247.136,0.26,10.84,0.25,13.9,0.24,14.3,0.23,14.7,0.22,15.2,0.42,10.7,0.43,10.6,0.44,10.6,0.45,10.5,0.46,10.5,0.58,10.7,0.57,10.6,0.56,10.6,0.55,10.5,0.54,10.5,0.74,10.84,0.75,13.9,0.76,14.3,0.77,14.7,0.78,15.2,0.16,0.16,0.094348,1776168246000
1776168248.038,248.038,0.5,8.04,0.49,10.4,0.48,10.4,0.47,10.4,0.46,10.5,0.67,11.8,0.68,11.9,0.69,12.2,0.7,9.57,0.71,62.6,0.58,10.7,0.57,10.6,0.56,10.6,0.55,10.5,0.54,10.5,0.74,10.84,0.75,13.9,0.76,14.3,0.77,14.7,0.78,15.2,0.17,0.16,0.094348,1776168246000
1776168248.576,248.576,0.5,8.04,0.49,10.4,0.48,10.4,0.47,10.4,0.46,10.5,0.67,11.8,0.68,11.9,0.69,12.2,0.7,9.57,0.71,62.6,0.33,11.8,0.32,11.9,0.31,12.2,0.3,9.57,0.29,62.6,0.5,8.04,0.51,10.4,0.52,10.4,0.53,10.4,0.54,10.5,0.17,0.17,0.09435,1776168247000
1776168249.148,249.148,0.5,8.04,0.49,10.4,0.48,10.4,0.47,10.4,0.46,10.5,0.67,11.8,0.68,11.9,0.69,12.2,0.7,9.57,0.71,62.6,0.33,11.8,0.32,11.9,0.31,12.2,0.3,9.57,0.29,62.6,0.5,8.04,0.51,10.4,0.52,10.4,0.53,10.4,0.54,10.5,0.17,0.17,0.094354,1776168248000
1776168250.315,250.315,0.5,8.04,0.49,10.4,0.48,10.4,0.47,10.4,0.46,10.5,0.67,11.8,0.68,11.9,0.69,12.2,0.7,9.57,0.71,62.6,0.33,11.8,0.32,11.9,0.31,12.2,0.3,9.57,0.29,62.6,0.5,8.04,0.51,10.4,0.52,10.4,0.53,10.4,0.54,10.5,0.17,0.17,0.094354,1776168249000
1776168250.994,250.994,0.5,8.04,0.49,10.4,0.48,10.4,0.47,10.4,0.46,10.5,0.67,11.8,0.68,11.9,0.69,12.2,0.7,9.57,0.71,62.6,0.33,11.8,0.32,11.9,0.31,12.2,0.3,9.57,0.29,62.6,0.5,8.04,0.51,10.4,0.52,10.4,0.53,10.4,0.54,10.5,0.17,0.17,0.094352,1776168250000
1776168252.407,252.407,0.5,8.04,0.49,10.4,0.48,10.4,0.47,10.4,0.46,10.5,0.67,11.8,0.68,11.9,0.69,12.2,0.7,9.57,0.71,62.6,0.33,11.8,0.32,11.9,0.31,12.2,0.3,9.57,0.29,62.6,0.5,8.04,0.51,10.4,0.52,10.4,0.53,10.4,0.54,10.5,0.17,0.17,0.094351,1776168251000
1776168253.263,253.263,0.5,8.04,0.49,10.4,0.48,10.4,0.47,10.4,0.46,10.5,0.67,11.8,0.68,11.9,0.69,12.2,0.7,9.57,0.71,62.6,0.33,11.8,0.32,11.9,0.31,12.2,0.3,9.57,0.29,62.6,0.5,8.04,0.51,10.4,0.52,10.4,0.53,10.4,0.54,10.5,0.17,0.17,0.094351,1776168252000
1776168254.463,254.463,0.5,8.04,0.49,10.4,0.48,10.4,0.47,10.4,0.46,10.5,0.67,11.8,0.68,11.9,0.69,12.2,0.7,9.57,0.71,62.6,0.33,11.8,0.32,11.9,0.31,12.2,0.3,9.57,0.29,62.6,0.5,8.04,0.51,10.4,0.52,10.4,0.53,10.4,0.54,10.5,0.17,0.17,0.094349,1776168253000
1776168255.051,255.051,0.5,8.04,0.49,10.4,0.48,10.4,0.47,10.4,0.46,10.5,0.67,11.8,0.68,11.9,0.69,12.2,0.7,9.57,0.71,62.6,0.33,11.8,0.32,11.9,0.31,12.2,0.3,9.57,0.29,62.6,0.5,8.04,0.51,10.4,0.52,10.4,0.53,10.4,0.54,10.5,0.17,0.17,0.094349,1776168254000
1776168256.368,256.368,0.5,8.04,0.49,10.4,0.48,10.4,0.47,10.4,0.46,10.5,0.67,11.8,0.68,11.9,0.69,12.2,0.7,9.57,0.71,62.6,0.33,11.8,0.32,11.9,0.31,12.2,0.3,9.57,0.29,62.6,0.5,8.04,0.51,10.4,0.52,10.4,0.53,10.4,0.54,10.5,0.17,0.17,0.094349,1776168255000
1776168257.499,257.499,0.5,8.04,0.49,10.4,0.48,10.4,0.47,10.4,0.46,10.5,0.67,11.8,0.68,11.9,0.69,12.2,0.7,9.57,0.71,62.6,0.33,11.8,0.32,11.9,0.31,12.2,0.3,9.57,0.29,62.6,0.5,8.04,0.51,10.4,0.52,10.4,0.53,10.4,0.54,10.5,0.17,0.17,0.094349,1776168256000
1776168258.044,258.044,0.5,8.04,0.49,10.4,0.48,10.4,0.47,10.4,0.46,10.5,0.67,11.8,0.68,11.9,0.69,12.2,0.7,9.57,0.71,62.6,0.33,11.8,0.32,11.9,0.31,12.2,0.3,9.57,0.29,62.6,0.5,8.04,0.51,10.4,0.52,10.4,0.53,10.4,0.54,10.5,0.17,0.17,0.094349,1776168257000
1776168259.185,259.185,0.5,8.04,0.49,10.4,0.48,10.4,0.47,10.4,0.46,10.5,0.67,11.8,0.68,11.9,0.69,12.2,0.7,9.57,0.71,62.6,0.33,11.8,0.32,11.9,0.31,12.2,0.3,9.57,0.29,62.6,0.5,8.04,0.51,10.4,0.52,10.4,0.53,10.4,0.54,10.5,0.17,0.17,0.094349,1776168258000
1776168260.027,260.027,0.5,8.04,0.49,10.4,0.48,10.4,0.47,10.4,0.46,10.5,0.67,11.8,0.68,11.9,0.69,12.2,0.7,9.57,0.71,62.6,0.33,11.8,0.32,11.9,0.31,12.2,0.3,9.57,0.29,62.6,0.5,8.04,0.51,10.4,0.52,10.4,0.53,10.4,0.54,10.5,0.17,0.17,0.094349,1776168259000
1776168261.109,261.109,0.5,8.04,0.49,10.4,0.48,10.4,0.47,10.4,0.46,10.5,0.67,11.8,0.68,11.9,0.69,12.2,0.7,9.57,0.71,62.6,0.33,11.8,0.32,11.9,0.31,12.2,0.3,9.57,0.29,62.6,0.5,8.04,0.51,10.4,0.52,10.4,0.53,10.4,0.54,10.5,0.17,0.17,0.094352,1776168260000
1776168262.199,262.199,0.5,8.04,0.49,10.4,0.48,10.4,0.47,10.4,0.46,10.5,0.67,11.8,0.68,11.9,0.69,12.2,0.7,9.57,0.71,62.6,0.33,11.8,0.32,11.9,0.31,12.2,0.3,9.57,0.29,62.6,0.5,8.04,0.51,10.4,0.52,10.4,0.53,10.4,0.54,10.5,0.17,0.17,0.094352,1776168261000
1776168263.395,263.395,0.5,8.04,0.49,10.4,0.48,10.4,0.47,10.4,0.46,10.5,0.67,11.8,0.68,11.9,0.69,12.2,0.7,9.57,0.71,62.6,0.33,11.8,0.32,11.9,0.31,12.2,0.3,9.57,0.29,62.6,0.5,8.04,0.51,10.4,0.52,10.4,0.53,10.4,0.54,10.5,0.17,0.17,0.094353,1776168262000
1776168264.481,264.481,0.5,8.04,0.49,10.4,0.48,10.4,0.47,10.4,0.46,10.5,0.67,11.8,0.68,11.9,0.69,12.2,0.7,9.57,0.71,62.6,0.33,11.8,0.32,11.9,0.31,12.2,0.3,9.57,0.29,62.6,0.5,8.04,0.51,10.4,0.52,10.4,0.53,10.4,0.54,10.5,0.17,0.17,0.094351,1776168263000
1776168265.148,265.148,0.5,8.04,0.49,10.4,0.48,10.4,0.47,10.4,0.46,10.5,0.67,11.8,0.68,11.9,0.69,12.2,0.7,9.57,0.71,62.6,0.33,11.8,0.32,11.9,0.31,12.2,0.3,9.57,0.29,62.6,0.5,8.04,0.51,10.4,0.52,10.4,0.53,10.4,0.54,10.5,0.17,0.17,0.094351,1776168264000
1776168266.14,266.14,0.5,8.04,0.49,10.4,0.48,10.4,0.47,10.4,0.46,10.5,0.67,11.8,0.68,11.9,0.69,12.2,0.7,9.57,0.71,62.6,0.33,11.8,0.32,11.9,0.31,12.2,0.3,9.57,0.29,62.6,0.5,8.04,0.51,10.4,0.52,10.4,0.53,10.4,0.54,10.5,0.17,0.17,0.094351,1776168265000
1776168267.312,267.312,0.5,8.04,0.49,10.4,0.48,10.4,0.47,10.4,0.46,10.5,0.67,11.8,0.68,11.9,0.69,12.2,0.7,9.57,0.71,62.6,0.33,11.8,0.32,11.9,0.31,12.2,0.3,9.57,0.29,62.6,0.5,8.04,0.51,10.4,0.52,10.4,0.53,10.4,0.54,10.5,0.17,0.17,0.094351,1776168266000
1776168267.908,267.908,0.5,8.04,0.49,10.4,0.48,10.4,0.47,10.4,0.46,10.5,0.67,11.8,0.68,11.9,0.69,12.2,0.7,9.57,0.71,62.6,0.33,11.8,0.32,11.9,0.31,12.2,0.3,9.57,0.29,62.6,0.5,8.04,0.51,10.4,0.52,10.4,0.53,10.4,0.54,10.5,0.17,0.17,0.094351,1776168267000
1776168269.028,269.028,0.5,8.04,0.49,10.4,0.48,10.4,0.47,10.4,0.46,10.5,0.67,11.8,0.68,11.9,0.69,12.2,0.7,9.57,0.71,62.6,0.33,11.8,0.32,11.9,0.31,12.2,0.3,9.57,0.29,62.6,0.5,8.04,0.51,10.4,0.52,10.4,0.53,10.4,0.54,10.5,0.17,0.17,0.094351,1776168268000
1776168270.105,270.105,0.5,8.04,0.49,10.4,0.48,10.4,0.47,10.4,0.46,10.5,0.67,11.8,0.68,11.9,0.69,12.2,0.7,9.57,0.71,62.6,0.33,11.8,0.32,11.9,0.31,12.2,0.3,9.57,0.29,62.6,0.5,8.04,0.51,10.4,0.52,10.4,0.53,10.4,0.54,10.5,0.17,0.17,0.09435,1776168269000
1776168271.274,271.274,0.5,8.04,0.49,10.4,0.48,10.4,0.47,10.4,0.46,10.5,0.67,11.8,0.68,11.9,0.69,12.2,0.7,9.57,0.71,62.6,0.33,11.8,0.32,11.9,0.31,12.2,0.3,9.57,0.29,62.6,0.5,8.04,0.51,10.4,0.52,10.4,0.53,10.4,0.54,10.5,0.17,0.17,0.094349,1776168270000
1776168272.376,272.376,0.5,8.04,0.49,10.4,0.48,10.4,0.47,10.4,0.46,10.5,0.67,11.8,0.68,11.9,0.69,12.2,0.7,9.57,0.71,62.6,0.33,11.8,0.32,11.9,0.31,12.2,0.3,9.57,0.29,62.6,0.5,8.04,0.51,10.4,0.52,10.4,0.53,10.4,0.54,10.5,0.17,0.17,0.094349,1776168271000
1776168273.059,273.059,0.5,8.04,0.49,10.4,0.48,10.4,0.47,10.4,0.46,10.5,0.67,11.8,0.68,11.9,0.69,12.2,0.7,9.57,0.71,62.6,0.33,11.8,0.32,11.9,0.31,12.2,0.3,9.57,0.29,62.6,0.5,8.04,0.51,10.4,0.52,10.4,0.53,10.4,0.54,10.5,0.17,0.17,0.094349,1776168272000
1776168274.361,274.361,0.5,8.04,0.49,10.4,0.48,10.4,0.47,10.4,0.46,10.5,0.67,11.8,0.68,11.9,0.69,12.2,0.7,9.57,0.71,62.6,0.33,11.8,0.32,11.9,0.31,12.2,0.3,9.57,0.29,62.6,0.5,8.04,0.51,10.4,0.52,10.4,0.53,10.4,0.54,10.5,0.17,0.17,0.094349,1776168273000
1776168275.33,275.33,0.5,8.04,0.49,10.4,0.48,10.4,0.47,10.4,0.46,10.5,0.67,11.8,0.68,11.9,0.69,12.2,0.7,9.57,0.71,62.6,0.33,11.8,0.32,11.9,0.31,12.2,0.3,9.57,0.29,62.6,0.5,8.04,0.51,10.4,0.52,10.4,0.53,10.4,0.54,10.5,0.17,0.17,0.094349,1776168274000
1776168276.3,276.3,0.5,8.04,0.49,10.4,0.48,10.4,0.47,10.4,0.46,10.5,0.67,11.8,0.68,11.9,0.69,12.2,0.7,9.57,0.71,62.6,0.33,11.8,0.32,11.9,0.31,12.2,0.3,9.57,0.29,62.6,0.5,8.04,0.51,10.4,0.52,10.4,0.53,10.4,0.54,10.5,0.17,0.17,0.094347,1776168275000
1776168277.258,277.258,0.5,8.04,0.49,10.4,0.48,10.4,0.47,10.4,0.46,10.5,0.67,11.8,0.68,11.9,0.69,12.2,0.7,9.57,0.71,62.6,0.33,11.8,0.32,11.9,0.31,12.2,0.3,9.57,0.29,62.6,0.5,8.04,0.51,10.4,0.52,10.4,0.53,10.4,0.54,10.5,0.17,0.17,0.094347,1776168276000
1776168278.273,278.273,0.5,8.04,0.49,10.4,0.48,10.4,0.47,10.4,0.46,10.5,0.67,11.8,0.68,11.9,0.69,12.2,0.7,9.57,0.71,62.6,0.33,11.8,0.32,11.9,0.31,12.2,0.3,9.57,0.29,62.6,0.5,8.04,0.51,10.4,0.52,10.4,0.53,10.4,0.54,10.5,0.17,0.17,0.094348,1776168277000
1776168279.252,279.252,0.5,8.04,0.49,10.4,0.48,10.4,0.47,10.4,0.46,10.5,0.67,11.8,0.68,11.9,0.69,12.2,0.7,9.57,0.71,62.6,0.33,11.8,0.32,11.9,0.31,12.2,0.3,9.57,0.29,62.6,0.5,8.04,0.51,10.4,0.52,10.4,0.53,10.4,0.54,10.5,0.17,0.17,0.094349,1776168278000
1776168280.178,280.178,0.5,8.04,0.49,10.4,0.48,10.4,0.47,10.4,0.46,10.5,0.67,11.8,0.68,11.9,0.69,12.2,0.7,9.57,0.71,62.6,0.33,11.8,0.32,11.9,0.31,12.2,0.3,9.57,0.29,62.6,0.5,8.04,0.51,10.4,0.52,10.4,0.53,10.4,0.54,10.5,0.17,0.17,0.094349,1776168279000
1776168281.237,281.237,0.5,8.04,0.49,10.4,0.48,10.4,0.47,10.4,0.46,10.5,0.67,11.8,0.68,11.9,0.69,12.2,0.7,9.57,0.71,62.6,0.33,11.8,0.32,11.9,0.31,12.2,0.3,9.57,0.29,62.6,0.5,8.04,0.51,10.4,0.52,10.4,0.53,10.4,0.54,10.5,0.17,0.17,0.094351,1776168280000
1776168282.093,282.093,0.5,8.04,0.49,10.4,0.48,10.4,0.47,10.4,0.46,10.5,0.67,11.8,0.68,11.9,0.69,12.2,0.7,9.57,0.71,62.6,0.33,11.8,0.32,11.9,0.31,12.2,0.3,9.57,0.29,62.6,0.5,8.04,0.51,10.4,0.52,10.4,0.53,10.4,0.54,10.5,0.17,0.17,0.094354,1776168281000
1776168282.779,282.779,0.61,50.0,0.51,50.0,0.41,62.0,0.31,50.0,0.21,50.0,0.81,53.82,0.9,5.0,0.91,50.0,0.95,5.0,0.96,5.0,0.33,11.8,0.32,11.9,0.31,12.2,0.3,9.57,0.29,62.6,0.5,8.04,0.51,10.4,0.52,10.4,0.53,10.4,0.54,10.5,0.2,0.17,0.094354,1776168281000
1776168283.106,283.106,0.61,50.0,0.51,50.0,0.41,62.0,0.31,50.0,0.21,50.0,0.81,53.82,0.9,5.0,0.91,50.0,0.95,5.0,0.96,5.0,0.19,53.82,0.1,5.0,0.09,50.0,0.05,5.0,0.04,5.0,0.39,50.0,0.49,50.0,0.59,62.0,0.69,50.0,0.79,50.0,0.2,0.2,0.094355,1776168282000
1776168284.024,284.024,0.61,50.0,0.51,50.0,0.41,62.0,0.31,50.0,0.21,50.0,0.81,53.82,0.9,5.0,0.91,50.0,0.95,5.0,0.96,5.0,0.19,53.82,0.1,5.0,0.09,50.0,0.05,5.0,0.04,5.0,0.39,50.0,0.49,50.0,0.59,62.0,0.69,50.0,0.79,50.0,0.2,0.2,0.094355,1776168283000
1776168285.055,285.055,0.61,50.0,0.51,50.0,0.41,62.0,0.31,50.0,0.21,50.0,0.81,53.82,0.9,5.0,0.91,50.0,0.95,5.0,0.96,5.0,0.19,53.82,0.1,5.0,0.09,50.0,0.05,5.0,0.04,5.0,0.39,50.0,0.49,50.0,0.59,62.0,0.69,50.0,0.79,50.0,0.2,0.2,0.094356,1776168284000
1776168285.726,285.726,0.61,50.0,0.57,8.0,0.51,50.0,0.41,50.0,0.31,50.0,0.81,48.82,0.9,5.0,0.91,50.0,0.95,5.0,0.96,5.0,0.19,53.82,0.1,5.0,0.09,50.0,0.05,5.0,0.04,5.0,0.39,50.0,0.49,50.0,0.59,62.0,0.69,50.0,0.79,50.0,0.2,0.2,0.094356,1776168284000
1776168286.339,286.339,0.61,50.0,0.57,8.0,0.51,50.0,0.41,50.0,0.31,50.0,0.81,48.82,0.9,5.0,0.91,50.0,0.95,5.0,0.96,5.0,0.19,48.82,0.1,5.0,0.09,50.0,0.05,5.0,0.04,5.0,0.39,50.0,0.43,8.0,0.49,50.0,0.59,50.0,0.69,50.0,0.2,0.2,0.094356,1776168285000
1776168286.964,286.964,0.61,50.0,0.57,8.0,0.51,50.0,0.41,50.0,0.31,50.0,0.81,48.82,0.9,5.0,0.91,50.0,0.95,5.0,0.96,5.0,0.19,48.82,0.1,5.0,0.09,50.0,0.05,5.0,0.04,5.0,0.39,50.0,0.43,8.0,0.49,50.0,0.59,50.0,0.69,50.0,0.2,0.2,0.094356,1776168286000
1776168287.91,287.91,0.61,50.0,0.57,8.0,0.51,50.0,0.41,50.0,0.31,50.0,0.81,48.82,0.9,5.0,0.91,50.0,0.95,5.0,0.96,5.0,0.19,48.82,0.1,5.0,0.09,50.0,0.05,5.0,0.04,5.0,0.39,50.0,0.43,8.0,0.49,50.0,0.59,50.0,0.69,50.0,0.2,0.2,0.094357,1776168287000
1776168288.399,288.399,0.31,44.26,0.21,50.0,0.11,50.0,0.1,100.0,0.05,5.0,0.71,98.0,0.81,50.0,0.9,5.0,0.91,50.0,0.95,5.0,0.19,48.82,0.1,5.0,0.09,50.0,0.05,5.0,0.04,5.0,0.39,50.0,0.43,8.0,0.49,50.0,0.59,50.0,0.69,50.0,0.4,0.2,0.094357,1776168287000
1776168289.205,289.205,0.31,39.95,0.21,50.0,0.11,50.0,0.1,100.0,0.05,5.0,0.71,98.0,0.81,50.0,0.9,5.0,0.91,50.0,0.95,5.0,0.29,98.0,0.19,50.0,0.1,5.0,0.09,50.0,0.05,5.0,0.69,39.95,0.79,50.0,0.89,50.0,0.9,100.0,0.95,5.0,0.4,0.4,0.094357,1776168288000
1776168289.684,289.684,0.58,5.0,0.31,39.95,0.21,50.0,0.11,55.0,0.1,100.0,0.61,36.0,0.71,50.0,0.81,50.0,0.9,5.0,0.91,50.0,0.29,98.0,0.19,50.0,0.1,5.0,0.09,50.0,0.05,5.0,0.69,39.95,0.79,50.0,0.89,50.0,0.9,100.0,0.95,5.0,0.03,0.4,0.094357,1776168288000
1776168290.174,290.174,0.58,5.0,0.31,39.95,0.21,50.0,0.11,55.0,0.1,100.0,0.61,36.0,0.71,50.0,0.81,50.0,0.9,5.0,0.91,50.0,0.39,36.0,0.29,50.0,0.19,50.0,0.1,5.0,0.09,50.0,0.42,5.0,0.69,39.95,0.79,50.0,0.89,55.0,0.9,100.0,0.03,0.03,0.094344,1776168289000
1776168291.127,291.127,0.58,5.0,0.31,39.95,0.21,50.0,0.11,55.0,0.1,100.0,0.61,36.0,0.71,50.0,0.81,50.0,0.9,5.0,0.91,50.0,0.39,36.0,0.29,50.0,0.19,50.0,0.1,5.0,0.09,50.0,0.42,5.0,0.69,39.95,0.79,50.0,0.89,55.0,0.9,100.0,0.03,0.03,0.094333,1776168290000
1776168291.365,291.365,0.41,48.31,0.31,39.95,0.21,50.0,0.11,50.0,0.05,5.0,0.61,14.0,0.71,50.0,0.81,50.0,0.9,105.0,0.91,50.0,0.39,36.0,0.29,50.0,0.19,50.0,0.1,5.0,0.09,50.0,0.42,5.0,0.69,39.95,0.79,50.0,0.89,55.0,0.9,100.0,0.2,0.03,0.094333,1776168290000
1776168292.116,292.116,0.41,48.31,0.31,39.95,0.21,50.0,0.11,50.0,0.05,5.0,0.61,14.0,0.71,50.0,0.81,50.0,0.9,105.0,0.91,50.0,0.39,14.0,0.29,50.0,0.19,50.0,0.1,105.0,0.09,50.0,0.59,48.31,0.69,39.95,0.79,50.0,0.89,50.0,0.95,5.0,0.2,0.2,0.094332,1776168291000
1776168293.183,293.183,0.41,48.31,0.31,39.95,0.21,50.0,0.11,50.0,0.05,5.0,0.61,14.0,0.71,50.0,0.81,50.0,0.9,105.0,0.91,50.0,0.39,14.0,0.29,50.0,0.19,50.0,0.1,105.0,0.09,50.0,0.59,48.31,0.69,39.95,0.79,50.0,0.89,50.0,0.95,5.0,0.2,0.2,0.094332,1776168292000
1776168293.41,293.41,0.41,46.62,0.31,39.95,0.21,50.0,0.11,50.0,0.1,10.0,0.61,14.0,0.71,50.0,0.81,50.0,0.9,110.0,0.91,50.0,0.39,14.0,0.29,50.0,0.19,50.0,0.1,105.0,0.09,50.0,0.59,48.31,0.69,39.95,0.79,50.0,0.89,50.0,0.95,5.0,0.2,0.2,0.094332,1776168292000
1776168294.033,294.033,0.21,46.24,0.11,50.0,0.1,10.0,0.05,5.0,0.04,30.0,0.51,50.0,0.61,64.0,0.71,50.0,0.81,50.0,0.9,110.0,0.39,14.0,0.29,50.0,0.19,50.0,0.1,110.0,0.09,50.0,0.59,46.62,0.69,39.95,0.79,50.0,0.89,50.0,0.9,10.0,0.3,0.2,0.094332,1776168292000
1776168294.238,294.238,0.21,46.24,0.11,50.0,0.1,10.0,0.05,5.0,0.04,30.0,0.51,50.0,0.61,64.0,0.71,50.0,0.81,50.0,0.9,110.0,0.49,50.0,0.39,64.0,0.29,50.0,0.19,50.0,0.1,110.0,0.79,46.24,0.89,50.0,0.9,10.0,0.95,5.0,0.96,30.0,0.3,0.3,0.094331,1776168293000
1776168295.102,295.102,0.21,41.24,0.15,33.0,0.11,50.0,0.1,10.0,0.05,5.0,0.51,50.0,0.61,64.0,0.71,50.0,0.81,50.0,0.9,10.0,0.49,50.0,0.39,64.0,0.29,50.0,0.19,50.0,0.1,110.0,0.79,46.24,0.89,50.0,0.9,10.0,0.95,5.0,0.96,30.0,0.3,0.3,0.094331,1776168293000
1776168296.221,296.221,0.21,41.24,0.15,33.0,0.11,50.0,0.1,10.0,0.05,5.0,0.51,50.0,0.61,64.0,0.71,50.0,0.81,50.0,0.9,10.0,0.49,50.0,0.39,64.0,0.29,50.0,0.19,50.0,0.1,10.0,0.79,41.24,0.85,33.0,0.89,50.0,0.9,10.0,0.95,5.0,0.3,0.3,0.094331,1776168295000
1776168296.483,296.483,0.21,15.93,0.12,41.0,0.11,50.0,0.1,10.0,0.05,5.0,0.51,50.0,0.61,64.0,0.71,50.0,0.81,50.0,0.9,10.0,0.49,50.0,0.39,64.0,0.29,50.0,0.19,50.0,0.1,10.0,0.79,41.24,0.85,33.0,0.89,50.0,0.9,10.0,0.95,5.0,0.3,0.3,0.094331,1776168295000
1776168297.097,297.097,0.21,15.93,0.12,41.0,0.11,50.0,0.1,10.0,0.05,5.0,0.51,50.0,0.61,64.0,0.71,50.0,0.81,50.0,0.9,10.0,0.49,50.0,0.39,64.0,0.29,50.0,0.19,50.0,0.1,10.0,0.79,15.93,0.88,41.0,0.89,50.0,0.9,10.0,0.95,5.0,0.3,0.3,0.09433,1776168296000
1776168297.387,297.387,0.21,14.67,0.1,10.0,0.07,71.0,0.05,5.0,0.04,30.0,0.31,50.0,0.41,50.0,0.51,50.0,0.61,64.0,0.71,50.0,0.49,50.0,0.39,64.0,0.29,50.0,0.19,50.0,0.1,10.0,0.79,15.93,0.88,41.0,0.89,50.0,0.9,10.0,0.95,5.0,0.1,0.3,0.09433,1776168296000
1776168298.097,298.097,0.1,10.0,0.07,71.0,0.05,5.0,0.04,30.0,0.02,15.0,0.15,20.66,0.31,50.0,0.41,50.0,0.51,50.0,0.61,64.0,0.85,20.66,0.69,50.0,0.59,50.0,0.49,50.0,0.39,64.0,0.9,10.0,0.93,71.0,0.95,5.0,0.96,30.0,0.98,15.0,0.05,0.05,0.09433,1776168297000
1776168298.626,298.626,0.05,5.0,0.04,30.0,0.02,15.0,0.01,151.0,,,0.31,50.0,0.41,50.0,0.51,50.0,0.61,64.0,0.71,50.0,0.85,20.66,0.69,50.0,0.59,50.0,0.49,50.0,0.39,64.0,0.9,10.0,0.93,71.0,0.95,5.0,0.96,30.0,0.98,15.0,0.26,0.05,0.09433,1776168297000
1776168299.065,299.065,0.05,5.0,0.04,30.0,0.02,15.0,0.01,151.0,,,0.31,50.0,0.41,50.0,0.51,50.0,0.61,64.0,0.71,50.0,0.69,50.0,0.59,50.0,0.49,50.0,0.39,64.0,0.29,50.0,0.95,5.0,0.96,30.0,0.98,15.0,0.99,151.0,,,0.26,0.26,0.09433,1776168298000
1776168300.01,300.01,0.05,5.0,0.04,30.0,0.02,15.0,0.01,151.0,,,0.31,50.0,0.41,50.0,0.51,50.0,0.61,64.0,0.71,50.0,0.69,50.0,0.59,50.0,0.49,50.0,0.39,64.0,0.29,50.0,0.95,5.0,0.96,30.0,0.98,15.0,0.99,151.0,,,0.26,0.26,0.09433,1776168299000
1776168301.057,301.057,,,,,,,,,,,0.01,149.0,0.23,5.0,0.24,8.0,0.35,100.0,0.37,24.0,0.99,149.0,0.77,5.0,0.76,8.0,0.65,100.0,0.63,24.0,,,,,,,,,,,,,0.09433,1776168300000
1776168302.49,302.49,,,,,,,,,,,0.01,149.0,0.23,5.0,0.24,8.0,0.35,100.0,0.37,24.0,0.99,149.0,0.77,5.0,0.76,8.0,0.65,100.0,0.63,24.0,,,,,,,,,,,,,0.094329,1776168301000

# RESULT,winner=Down,slug=doge-updown-5m-1776168000,ticks=316
