timestamp,elapsed_sec,up_bid_p1,up_bid_s1,up_bid_p2,up_bid_s2,up_ask_p1,up_ask_s1,up_ask_p2,up_ask_s2,down_bid_p1,down_bid_s1,down_bid_p2,down_bid_s2,down_ask_p1,down_ask_s1,down_ask_p2,down_ask_s2,up_spread,down_spread,doge_price,doge_oracle_ts
1776193501.428,1.428,,,,,,,,,,,,,,,,,,,0.093218,1776193500000
1776193501.716,1.716,0.47,7.96,0.4,12.0,0.65,14.0,0.67,300.0,0.35,14.0,0.33,300.0,0.53,7.96,0.6,12.0,0.18,0.18,0.093218,1776193500000
1776193501.932,1.932,0.47,7.96,0.4,12.0,0.65,14.0,0.67,300.0,0.35,14.0,0.33,300.0,0.53,7.96,0.6,12.0,0.18,0.18,0.093217,1776193501000
1776193502.207,2.207,0.47,7.96,0.4,12.0,0.65,14.0,0.67,300.0,0.35,14.0,0.33,300.0,0.53,7.96,0.6,12.0,0.18,0.18,0.093217,1776193501000
1776193503.106,3.106,0.47,7.96,0.4,12.0,0.65,14.0,0.67,300.0,0.35,14.0,0.33,300.0,0.53,7.96,0.6,12.0,0.18,0.18,0.093227,1776193502000
1776193504.301,4.301,0.47,7.96,0.4,12.0,0.65,14.0,0.67,300.0,0.35,14.0,0.33,300.0,0.53,7.96,0.6,12.0,0.18,0.18,0.093229,1776193503000
1776193504.506,4.506,0.47,5.28,0.43,11.0,0.61,10.0,0.62,10.0,0.35,14.0,0.33,300.0,0.53,7.96,0.6,12.0,0.14,0.18,0.093229,1776193503000
1776193505.316,5.316,0.47,5.28,0.43,11.0,0.61,10.0,0.62,10.0,0.39,10.0,0.38,10.0,0.53,5.28,0.57,11.0,0.14,0.14,0.093244,1776193504000
1776193505.881,5.881,0.47,5.28,0.43,11.0,0.61,10.0,0.62,10.0,0.39,10.0,0.38,10.0,0.53,5.28,0.57,11.0,0.14,0.14,0.093244,1776193505000
1776193507.362,7.362,0.39,8.63,0.38,10.0,0.61,50.0,0.63,10.0,0.39,10.0,0.38,10.0,0.53,5.28,0.57,11.0,0.22,0.14,0.093244,1776193505000
1776193508.345,8.345,0.39,8.63,0.38,10.0,0.61,50.0,0.63,10.0,0.39,50.0,0.37,10.0,0.61,8.63,0.62,10.0,0.22,0.22,0.093237,1776193507000
1776193509.127,9.127,0.41,43.47,0.39,8.63,0.65,10.0,0.66,10.0,0.39,50.0,0.37,10.0,0.61,8.63,0.62,10.0,0.24,0.22,0.093237,1776193507000
1776193509.486,9.486,0.41,43.47,0.39,8.63,0.65,10.0,0.66,10.0,0.35,10.0,0.34,10.0,0.59,43.47,0.61,8.63,0.24,0.24,0.093241,1776193508000
1776193510.306,10.306,0.41,43.47,0.39,8.63,0.65,10.0,0.66,10.0,0.35,10.0,0.34,10.0,0.59,43.47,0.61,8.63,0.24,0.24,0.093242,1776193509000
1776193511.282,11.282,0.44,10.0,0.43,10.0,0.7,1.51,0.71,77.0,0.35,10.0,0.34,10.0,0.59,43.47,0.61,8.63,0.26,0.24,0.093242,1776193509000
1776193511.887,11.887,0.44,10.0,0.43,10.0,0.7,1.51,0.71,77.0,0.3,1.51,0.29,77.0,0.56,10.0,0.57,10.0,0.26,0.26,0.093251,1776193511000
1776193512.967,12.967,0.44,10.0,0.43,10.0,0.7,1.51,0.71,77.0,0.3,1.51,0.29,77.0,0.56,10.0,0.57,10.0,0.26,0.26,0.093256,1776193512000
1776193514.266,14.266,0.44,10.0,0.43,10.0,0.7,1.51,0.71,77.0,0.3,1.51,0.29,77.0,0.56,10.0,0.57,10.0,0.26,0.26,0.093274,1776193513000
1776193514.798,14.798,0.57,3.0,0.53,10.0,0.74,10.0,0.77,10.0,0.3,1.51,0.29,77.0,0.56,10.0,0.57,10.0,0.17,0.26,0.093274,1776193513000
1776193515.382,15.382,0.57,3.0,0.53,10.0,0.74,10.0,0.77,10.0,0.26,10.0,0.23,10.0,0.43,3.0,0.47,10.0,0.17,0.17,0.093284,1776193514000
1776193516.21,16.21,0.57,3.0,0.53,10.0,0.74,10.0,0.77,10.0,0.26,10.0,0.23,10.0,0.43,3.0,0.47,10.0,0.17,0.17,0.093285,1776193515000
1776193516.493,16.493,0.57,3.0,0.54,5.0,0.63,5.0,0.74,10.0,0.26,10.0,0.23,10.0,0.43,3.0,0.47,10.0,0.06,0.17,0.093285,1776193515000
1776193517.109,17.109,0.57,3.0,0.54,5.0,0.74,5.27,0.77,10.0,0.37,5.0,0.26,10.0,0.43,3.0,0.46,5.0,0.17,0.06,0.093285,1776193515000
1776193517.723,17.723,0.57,3.0,0.54,5.0,0.74,5.27,0.77,10.0,0.26,5.27,0.23,10.0,0.43,3.0,0.46,5.0,0.17,0.17,0.093297,1776193516000
1776193518.565,18.565,0.57,3.0,0.54,5.0,0.74,5.27,0.77,10.0,0.26,5.27,0.23,10.0,0.43,3.0,0.46,5.0,0.17,0.17,0.093302,1776193517000
1776193519.046,19.046,0.6,8.0,0.56,5.0,0.78,17.4,0.79,10.0,0.22,17.4,0.21,10.0,0.4,8.0,0.44,5.0,0.18,0.18,0.093303,1776193518000
1776193520.572,20.572,0.54,10.21,0.53,15.0,0.78,17.4,0.79,10.0,0.22,17.4,0.21,10.0,0.46,10.21,0.47,15.0,0.24,0.24,0.093314,1776193519000
1776193521.296,21.296,0.54,10.21,0.53,15.0,0.78,17.4,0.79,10.0,0.22,17.4,0.21,10.0,0.46,10.21,0.47,15.0,0.24,0.24,0.093314,1776193520000
1776193522.518,22.518,0.54,10.21,0.53,15.0,0.78,17.4,0.79,10.0,0.22,17.4,0.21,10.0,0.46,10.21,0.47,15.0,0.24,0.24,0.093315,1776193521000
1776193523.753,23.753,0.54,10.21,0.53,15.0,0.78,17.4,0.79,10.0,0.22,17.4,0.21,10.0,0.46,10.21,0.47,15.0,0.24,0.24,0.093315,1776193522000
1776193524.323,24.323,0.54,10.21,0.53,15.0,0.78,17.4,0.79,10.0,0.22,17.4,0.21,10.0,0.46,10.21,0.47,15.0,0.24,0.24,0.093315,1776193523000
1776193525.016,25.016,0.61,24.61,0.57,8.0,0.67,5.0,0.75,10.0,0.22,17.4,0.21,10.0,0.46,10.21,0.47,15.0,0.06,0.24,0.093315,1776193523000
1776193525.623,25.623,0.61,24.61,0.57,8.0,0.67,5.0,0.75,10.0,0.33,5.0,0.25,10.0,0.39,24.61,0.43,8.0,0.06,0.06,0.093315,1776193524000
1776193526.459,26.459,0.61,24.61,0.57,8.0,0.67,5.0,0.75,10.0,0.33,5.0,0.25,10.0,0.39,24.61,0.43,8.0,0.06,0.06,0.093314,1776193525000
1776193527.037,27.037,0.61,24.61,0.57,8.0,0.67,5.0,0.75,10.0,0.33,5.0,0.25,10.0,0.39,24.61,0.43,8.0,0.06,0.06,0.093314,1776193526000
1776193528.085,28.085,0.61,24.61,0.57,8.0,0.75,1.26,0.79,10.0,0.25,1.26,0.21,10.0,0.39,24.61,0.43,8.0,0.14,0.14,0.093313,1776193527000
1776193529.223,29.223,0.61,24.61,0.57,8.0,0.75,1.26,0.79,10.0,0.25,1.26,0.21,10.0,0.39,24.61,0.43,8.0,0.14,0.14,0.093313,1776193528000
1776193529.854,29.854,0.61,24.61,0.57,8.0,0.75,1.26,0.79,10.0,0.25,1.26,0.21,10.0,0.39,24.61,0.43,8.0,0.14,0.14,0.093313,1776193529000
1776193531.093,31.093,0.61,24.61,0.57,8.0,0.75,1.26,0.79,10.0,0.25,1.26,0.21,10.0,0.39,24.61,0.43,8.0,0.14,0.14,0.093301,1776193530000
1776193532.17,32.17,0.61,24.61,0.57,8.0,0.75,1.26,0.79,10.0,0.25,1.26,0.21,10.0,0.39,24.61,0.43,8.0,0.14,0.14,0.093291,1776193531000
1776193533.097,33.097,0.61,24.61,0.58,8.0,0.71,36.05,0.76,10.0,0.25,1.26,0.21,10.0,0.39,24.61,0.43,8.0,0.1,0.14,0.093291,1776193531000
1776193534.428,34.428,0.61,24.61,0.58,8.0,0.71,36.05,0.76,10.0,0.29,36.05,0.24,10.0,0.39,24.61,0.42,8.0,0.1,0.1,0.093286,1776193533000
1776193534.934,34.934,0.61,24.61,0.58,8.0,0.71,36.05,0.76,10.0,0.29,36.05,0.24,10.0,0.39,24.61,0.42,8.0,0.1,0.1,0.093293,1776193534000
1776193535.225,35.225,0.61,24.61,0.58,8.0,0.77,8.7,0.79,10.0,0.29,36.05,0.24,10.0,0.39,24.61,0.42,8.0,0.16,0.1,0.093293,1776193534000
1776193536.086,36.086,0.61,24.61,0.58,8.0,0.77,8.7,0.79,10.0,0.23,8.7,0.21,10.0,0.39,24.61,0.42,8.0,0.16,0.16,0.093296,1776193535000
1776193537.08,37.08,0.61,24.61,0.58,8.0,0.77,8.7,0.79,10.0,0.23,8.7,0.21,10.0,0.39,24.61,0.42,8.0,0.16,0.16,0.093296,1776193536000
1776193538.969,38.969,0.61,24.61,0.58,8.0,0.77,8.7,0.79,10.0,0.23,8.7,0.21,10.0,0.39,24.61,0.42,8.0,0.16,0.16,0.09332,1776193537000
1776193539.227,39.227,0.6,7.24,0.57,5.0,0.79,20.0,0.8,10.0,0.23,8.7,0.21,10.0,0.39,24.61,0.42,8.0,0.19,0.16,0.09332,1776193537000
1776193539.951,39.951,0.6,7.24,0.57,5.0,0.79,20.0,0.8,10.0,0.21,20.0,0.2,10.0,0.4,7.24,0.43,5.0,0.19,0.19,0.093328,1776193538000
1776193540.71,40.71,0.6,7.24,0.57,5.0,0.79,20.0,0.8,10.0,0.21,20.0,0.2,10.0,0.4,7.24,0.43,5.0,0.19,0.19,0.093316,1776193539000
1776193541.601,41.601,0.6,7.24,0.57,5.0,0.79,20.0,0.8,10.0,0.21,20.0,0.2,10.0,0.4,7.24,0.43,5.0,0.19,0.19,0.093317,1776193540000
1776193542.384,42.384,0.6,7.24,0.57,5.0,0.79,20.0,0.8,10.0,0.21,20.0,0.2,10.0,0.4,7.24,0.43,5.0,0.19,0.19,0.093317,1776193541000
1776193543.858,43.858,0.6,7.24,0.57,5.0,0.79,20.0,0.8,10.0,0.21,20.0,0.2,10.0,0.4,7.24,0.43,5.0,0.19,0.19,0.093323,1776193542000
1776193544.681,44.681,0.6,7.24,0.57,5.0,0.79,20.0,0.8,10.0,0.21,20.0,0.2,10.0,0.4,7.24,0.43,5.0,0.19,0.19,0.093324,1776193543000
1776193545.406,45.406,0.57,13.81,0.56,10.0,0.71,50.0,0.8,10.0,0.29,50.0,0.2,10.0,0.43,13.81,0.44,10.0,0.14,0.14,0.093323,1776193544000
1776193546.244,46.244,0.57,13.81,0.56,10.0,0.71,50.0,0.8,10.0,0.29,50.0,0.2,10.0,0.43,13.81,0.44,10.0,0.14,0.14,0.093312,1776193545000
1776193547.929,47.929,0.67,17.9,0.6,8.0,0.71,50.0,0.78,10.0,0.29,50.0,0.22,10.0,0.33,17.9,0.4,8.0,0.04,0.04,0.093309,1776193546000
1776193548.787,48.787,0.67,17.9,0.6,8.0,0.71,50.0,0.78,10.0,0.29,50.0,0.22,10.0,0.33,17.9,0.4,8.0,0.04,0.04,0.093304,1776193547000
1776193549.564,49.564,0.67,17.9,0.6,8.0,0.71,50.0,0.78,10.0,0.29,50.0,0.22,10.0,0.33,17.9,0.4,8.0,0.04,0.04,0.0933,1776193548000
1776193550.274,50.274,0.67,17.9,0.6,8.0,0.71,50.0,0.78,10.0,0.29,50.0,0.22,10.0,0.33,17.9,0.4,8.0,0.04,0.04,0.0933,1776193549000
1776193550.805,50.805,0.67,17.9,0.57,8.0,0.71,36.05,0.74,13.5,0.29,50.0,0.22,10.0,0.33,17.9,0.4,8.0,0.04,0.04,0.0933,1776193549000
1776193551.086,51.086,0.67,17.9,0.57,8.0,0.71,36.05,0.74,13.5,0.29,36.05,0.26,13.5,0.33,17.9,0.43,8.0,0.04,0.04,0.0933,1776193550000
1776193552.79,52.79,0.67,17.9,0.57,8.0,0.71,36.05,0.74,13.5,0.29,36.05,0.26,13.5,0.33,17.9,0.43,8.0,0.04,0.04,0.093296,1776193551000
1776193553.604,53.604,0.67,17.9,0.57,8.0,0.71,22.1,0.72,12.9,0.29,22.1,0.28,12.9,0.33,17.9,0.43,8.0,0.04,0.04,0.093294,1776193552000
1776193554.372,54.372,0.67,17.9,0.57,8.0,0.71,22.1,0.72,12.9,0.29,22.1,0.28,12.9,0.33,17.9,0.43,8.0,0.04,0.04,0.093297,1776193553000
1776193555.18,55.18,0.67,17.9,0.57,8.0,0.71,22.1,0.72,12.9,0.29,22.1,0.28,12.9,0.33,17.9,0.43,8.0,0.04,0.04,0.093297,1776193554000
1776193555.806,55.806,0.67,12.9,0.57,8.0,0.71,34.7,0.72,12.9,0.29,22.1,0.28,12.9,0.33,17.9,0.43,8.0,0.04,0.04,0.093297,1776193554000
1776193556.572,56.572,0.67,12.9,0.57,8.0,0.71,34.7,0.72,12.9,0.29,34.7,0.28,12.9,0.33,12.9,0.43,8.0,0.04,0.04,0.093298,1776193555000
1776193557.408,57.408,0.67,12.9,0.57,8.0,0.71,34.7,0.72,12.9,0.29,34.7,0.28,12.9,0.33,12.9,0.43,8.0,0.04,0.04,0.093299,1776193556000
1776193558.205,58.205,0.67,7.9,0.55,9.0,0.69,12.2,0.7,12.4,0.31,12.2,0.3,12.4,0.33,7.9,0.45,9.0,0.02,0.02,0.093286,1776193557000
1776193559.616,59.616,0.67,7.9,0.55,9.0,0.69,12.2,0.7,12.4,0.31,12.2,0.3,12.4,0.33,7.9,0.45,9.0,0.02,0.02,0.093279,1776193558000
1776193560.139,60.139,0.67,7.9,0.55,9.0,0.69,12.2,0.7,12.4,0.31,12.2,0.3,12.4,0.33,7.9,0.45,9.0,0.02,0.02,0.093279,1776193559000
1776193561.003,61.003,0.53,3.1,0.52,5.0,0.7,12.4,0.71,34.7,0.31,12.2,0.3,12.4,0.33,7.9,0.45,9.0,0.17,0.02,0.093279,1776193559000
1776193561.389,61.389,0.53,3.1,0.52,5.0,0.7,12.4,0.71,34.7,0.3,12.4,0.29,34.7,0.47,3.1,0.48,5.0,0.17,0.17,0.09328,1776193560000
1776193562.511,62.511,0.53,3.1,0.52,5.0,0.7,12.4,0.71,34.7,0.3,12.4,0.29,34.7,0.47,3.1,0.48,5.0,0.17,0.17,0.093281,1776193561000
1776193562.955,62.955,0.56,9.79,0.55,10.0,0.71,22.1,0.74,13.5,0.3,12.4,0.29,34.7,0.47,3.1,0.48,5.0,0.15,0.17,0.093281,1776193561000
1776193564.284,64.284,0.56,9.79,0.55,10.0,0.71,22.1,0.74,13.5,0.29,22.1,0.26,13.5,0.44,9.79,0.45,10.0,0.15,0.15,0.093294,1776193563000
1776193564.946,64.946,0.56,9.79,0.55,10.0,0.71,22.1,0.74,13.5,0.29,22.1,0.26,13.5,0.44,9.79,0.45,10.0,0.15,0.15,0.09331,1776193564000
1776193566.18,66.18,0.56,9.79,0.55,10.0,0.71,22.1,0.74,13.5,0.29,22.1,0.26,13.5,0.44,9.79,0.45,10.0,0.15,0.15,0.09331,1776193565000
1776193566.545,66.545,0.69,5.0,0.61,58.0,0.71,25.69,0.79,15.7,0.29,22.1,0.26,13.5,0.44,9.79,0.45,10.0,0.02,0.15,0.09331,1776193565000
1776193567.527,67.527,0.61,58.0,0.59,15.0,0.71,25.69,0.79,15.7,0.29,25.69,0.21,15.7,0.39,58.0,0.41,15.0,0.1,0.1,0.093318,1776193566000
1776193568.179,68.179,0.62,5.36,0.61,50.0,0.71,25.69,0.78,15.2,0.29,25.69,0.22,15.2,0.38,5.36,0.39,50.0,0.09,0.09,0.093318,1776193567000
1776193569.249,69.249,0.62,5.36,0.61,50.0,0.71,6.74,0.77,14.7,0.29,25.69,0.22,15.2,0.38,5.36,0.39,50.0,0.09,0.09,0.093318,1776193567000
1776193570.15,70.15,0.62,5.36,0.61,50.0,0.71,6.74,0.77,14.7,0.29,6.74,0.23,14.7,0.38,5.36,0.39,50.0,0.09,0.09,0.093322,1776193569000
1776193571.107,71.107,0.62,5.36,0.61,50.0,0.78,13.25,0.79,15.7,0.29,6.74,0.23,14.7,0.38,5.36,0.39,50.0,0.16,0.09,0.093322,1776193569000
1776193572.624,72.624,0.62,5.36,0.61,50.0,0.78,13.25,0.79,15.7,0.22,13.25,0.21,15.7,0.38,5.36,0.39,50.0,0.16,0.16,0.093319,1776193571000
1776193573.236,73.236,0.62,5.36,0.61,50.0,0.78,13.25,0.79,15.7,0.22,13.25,0.21,15.7,0.38,5.36,0.39,50.0,0.16,0.16,0.093319,1776193572000
1776193574.445,74.445,0.62,5.36,0.61,50.0,0.78,13.25,0.79,15.7,0.22,13.25,0.21,15.7,0.38,5.36,0.39,50.0,0.16,0.16,0.093319,1776193573000
1776193575.529,75.529,0.62,5.36,0.61,50.0,0.78,13.25,0.79,15.7,0.22,13.25,0.21,15.7,0.38,5.36,0.39,50.0,0.16,0.16,0.093319,1776193574000
1776193576.051,76.051,0.62,5.36,0.61,50.0,0.78,13.25,0.79,15.7,0.22,13.25,0.21,15.7,0.38,5.36,0.39,50.0,0.16,0.16,0.093318,1776193575000
1776193577.138,77.138,0.62,5.36,0.61,50.0,0.78,13.25,0.79,15.7,0.22,13.25,0.21,15.7,0.38,5.36,0.39,50.0,0.16,0.16,0.093307,1776193576000
1776193578.224,78.224,0.62,5.36,0.61,50.0,0.78,13.25,0.79,15.7,0.22,13.25,0.21,15.7,0.38,5.36,0.39,50.0,0.16,0.16,0.093307,1776193577000
1776193579.004,79.004,0.63,13.22,0.62,11.0,0.78,13.25,0.79,15.7,0.22,13.25,0.21,15.7,0.38,5.36,0.39,50.0,0.15,0.16,0.093307,1776193577000
1776193579.378,79.378,0.63,13.22,0.62,11.0,0.78,13.25,0.79,15.7,0.22,13.25,0.21,15.7,0.37,13.22,0.38,11.0,0.15,0.15,0.093315,1776193578000
1776193580.352,80.352,0.63,13.22,0.62,11.0,0.78,13.25,0.79,15.7,0.22,13.25,0.21,15.7,0.37,13.22,0.38,11.0,0.15,0.15,0.09332,1776193579000
1776193580.99,80.99,0.63,13.22,0.62,11.0,0.78,13.25,0.79,15.7,0.22,13.25,0.21,15.7,0.37,13.22,0.38,11.0,0.15,0.15,0.093324,1776193580000
1776193582.07,82.07,0.61,58.77,0.6,15.8,0.78,13.25,0.79,15.7,0.22,13.25,0.21,15.7,0.39,58.77,0.4,15.8,0.17,0.17,0.093325,1776193581000
1776193583.153,83.153,0.61,58.77,0.6,15.8,0.78,13.25,0.79,15.7,0.22,13.25,0.21,15.7,0.39,58.77,0.4,15.8,0.17,0.17,0.093324,1776193582000
1776193584.184,84.184,0.64,7.0,0.61,60.9,0.79,13.16,0.8,16.2,0.22,13.25,0.21,15.7,0.39,58.77,0.4,15.8,0.15,0.17,0.093324,1776193582000
1776193585.259,85.259,0.64,7.0,0.61,60.9,0.79,13.16,0.8,16.2,0.21,13.16,0.2,16.2,0.36,7.0,0.39,60.9,0.15,0.15,0.093326,1776193584000
1776193586.481,86.481,0.64,7.0,0.61,60.9,0.79,13.16,0.8,16.2,0.21,13.16,0.2,16.2,0.36,7.0,0.39,60.9,0.15,0.15,0.093326,1776193585000
1776193586.795,86.795,0.65,7.0,0.63,11.2,0.8,3.82,0.81,16.89,0.21,13.16,0.2,16.2,0.36,7.0,0.39,60.9,0.15,0.15,0.093326,1776193585000
1776193587.896,87.896,0.65,7.0,0.63,11.2,0.81,9.25,0.82,17.6,0.2,3.82,0.19,16.89,0.35,7.0,0.37,11.2,0.16,0.15,0.093326,1776193586000
1776193589.492,89.492,0.65,7.0,0.63,11.2,0.81,9.25,0.82,17.6,0.19,9.25,0.18,17.6,0.35,7.0,0.37,11.2,0.16,0.16,0.093326,1776193588000
1776193590.133,90.133,0.65,7.0,0.63,11.2,0.81,9.25,0.82,17.6,0.19,9.25,0.18,17.6,0.35,7.0,0.37,11.2,0.16,0.16,0.093325,1776193589000
1776193591.424,91.424,0.65,7.0,0.63,11.2,0.81,9.25,0.82,17.6,0.19,9.25,0.18,17.6,0.35,7.0,0.37,11.2,0.16,0.16,0.093325,1776193590000
1776193592.02,92.02,0.65,7.0,0.63,11.2,0.81,9.25,0.82,17.6,0.19,9.25,0.18,17.6,0.35,7.0,0.37,11.2,0.16,0.16,0.093336,1776193591000
1776193593.162,93.162,0.72,6.0,0.71,5.0,0.84,7.51,0.85,20.39,0.19,9.25,0.18,17.6,0.35,7.0,0.37,11.2,0.12,0.16,0.093336,1776193591000
1776193594.328,94.328,0.72,6.0,0.71,5.0,0.84,7.51,0.85,20.39,0.16,7.51,0.15,20.39,0.28,6.0,0.29,5.0,0.12,0.12,0.093353,1776193593000
1776193595.056,95.056,0.71,26.44,0.69,10.0,0.85,20.39,0.86,21.6,0.16,7.51,0.15,20.39,0.28,6.0,0.29,5.0,0.14,0.12,0.093353,1776193593000
1776193595.368,95.368,0.71,26.44,0.69,10.0,0.85,20.39,0.86,21.6,0.15,20.39,0.14,21.6,0.29,26.44,0.31,10.0,0.14,0.14,0.093357,1776193594000
1776193596.205,96.205,0.71,26.44,0.69,10.0,0.85,20.39,0.86,21.6,0.15,20.39,0.14,21.6,0.29,26.44,0.31,10.0,0.14,0.14,0.093357,1776193595000
1776193596.756,96.756,0.71,26.44,0.7,7.0,0.85,17.88,0.86,21.6,0.15,20.39,0.14,21.6,0.29,26.44,0.31,10.0,0.14,0.14,0.093357,1776193595000
1776193597.341,97.341,0.71,26.44,0.7,7.0,0.85,17.88,0.86,21.6,0.15,17.88,0.14,21.6,0.29,26.44,0.3,7.0,0.14,0.14,0.093359,1776193596000
1776193598.471,98.471,0.71,26.44,0.7,7.0,0.85,17.88,0.86,21.6,0.15,17.88,0.14,21.6,0.29,26.44,0.3,7.0,0.14,0.14,0.093359,1776193597000
1776193599.087,99.087,0.71,26.44,0.7,7.0,0.85,17.88,0.86,21.6,0.15,17.88,0.14,21.6,0.29,26.44,0.3,7.0,0.14,0.14,0.093359,1776193598000
1776193600.325,100.325,0.71,26.44,0.7,7.0,0.85,17.88,0.86,21.6,0.15,17.88,0.14,21.6,0.29,26.44,0.3,7.0,0.14,0.14,0.093355,1776193599000
1776193600.847,100.847,0.77,6.0,0.76,10.0,0.9,32.63,0.91,31.7,0.15,17.88,0.14,21.6,0.29,26.44,0.3,7.0,0.13,0.14,0.093355,1776193599000
1776193601.378,101.378,0.77,6.0,0.76,10.0,0.9,32.63,0.91,31.7,0.1,32.63,0.09,31.7,0.23,6.0,0.24,10.0,0.13,0.13,0.093357,1776193600000
1776193601.925,101.925,0.77,6.0,0.76,10.0,0.9,32.63,0.91,31.7,0.1,32.63,0.09,31.7,0.23,6.0,0.24,10.0,0.13,0.13,0.093357,1776193601000
1776193602.918,102.918,0.77,6.0,0.75,10.0,0.9,21.63,0.91,31.7,0.1,32.63,0.09,31.7,0.23,6.0,0.24,10.0,0.13,0.13,0.093357,1776193601000
1776193604.758,104.758,0.77,6.0,0.75,10.0,0.9,21.63,0.91,31.7,0.1,21.63,0.09,31.7,0.23,6.0,0.25,10.0,0.13,0.13,0.093388,1776193603000
1776193605.248,105.248,0.74,7.29,0.73,18.2,0.9,21.63,0.91,31.7,0.1,21.63,0.09,31.7,0.26,7.29,0.27,18.2,0.16,0.16,0.093391,1776193604000
1776193605.48,105.48,0.74,17.29,0.73,18.2,0.9,18.75,0.91,31.7,0.1,21.63,0.09,31.7,0.26,7.29,0.27,18.2,0.16,0.16,0.093391,1776193604000
1776193606.248,106.248,0.74,17.29,0.73,18.2,0.9,18.75,0.91,31.7,0.1,18.75,0.09,31.7,0.26,17.29,0.27,18.2,0.16,0.16,0.093381,1776193605000
1776193607.275,107.275,0.74,17.29,0.73,18.2,0.9,18.75,0.91,31.7,0.1,18.75,0.09,31.7,0.26,17.29,0.27,18.2,0.16,0.16,0.093391,1776193606000
1776193607.834,107.834,0.74,17.29,0.73,18.2,0.9,18.75,0.91,31.7,0.1,18.75,0.09,31.7,0.26,17.29,0.27,18.2,0.16,0.16,0.093379,1776193607000
1776193608.933,108.933,0.74,17.29,0.73,18.2,0.9,18.75,0.91,31.7,0.1,18.75,0.09,31.7,0.26,17.29,0.27,18.2,0.16,0.16,0.093357,1776193608000
1776193609.969,109.969,0.74,17.29,0.73,18.2,0.9,18.75,0.91,31.7,0.1,18.75,0.09,31.7,0.26,17.29,0.27,18.2,0.16,0.16,0.09335,1776193609000
1776193611.038,111.038,0.71,7.0,0.68,10.0,0.85,8.74,0.86,21.6,0.1,18.75,0.09,31.7,0.26,17.29,0.27,18.2,0.14,0.16,0.09335,1776193609000
1776193611.45,111.45,0.71,7.0,0.68,10.0,0.85,8.74,0.86,21.6,0.15,8.74,0.14,21.6,0.29,7.0,0.32,10.0,0.14,0.14,0.093354,1776193610000
1776193612.219,112.219,0.71,7.0,0.68,10.0,0.85,8.74,0.86,21.6,0.15,8.74,0.14,21.6,0.29,7.0,0.32,10.0,0.14,0.14,0.093357,1776193611000
1776193613.299,113.299,0.71,57.0,0.68,10.0,0.84,7.51,0.85,8.74,0.15,8.74,0.14,21.6,0.29,7.0,0.32,10.0,0.13,0.14,0.093357,1776193611000
1776193614.286,114.286,0.71,57.0,0.68,10.0,0.84,7.51,0.85,8.74,0.16,7.51,0.15,8.74,0.29,57.0,0.32,10.0,0.13,0.13,0.093356,1776193613000
1776193615.304,115.304,0.71,57.0,0.68,10.0,0.84,7.51,0.85,8.74,0.16,7.51,0.15,8.74,0.29,57.0,0.32,10.0,0.13,0.13,0.093354,1776193614000
1776193616.264,116.264,0.71,57.0,0.68,10.0,0.84,7.51,0.85,8.74,0.16,7.51,0.15,8.74,0.29,57.0,0.32,10.0,0.13,0.13,0.093333,1776193615000
1776193617.8,117.8,0.71,57.0,0.68,10.0,0.84,7.51,0.85,8.74,0.16,7.51,0.15,8.74,0.29,57.0,0.32,10.0,0.13,0.13,0.093327,1776193616000
1776193618.617,118.617,0.71,57.0,0.68,10.0,0.84,7.51,0.85,8.74,0.16,7.51,0.15,8.74,0.29,57.0,0.32,10.0,0.13,0.13,0.093327,1776193617000
1776193619.184,119.184,0.63,4.08,0.62,10.0,0.8,6.0,0.81,16.89,0.16,7.51,0.15,8.74,0.29,57.0,0.32,10.0,0.17,0.13,0.093327,1776193617000
1776193619.535,119.535,0.63,4.08,0.62,10.0,0.8,6.0,0.81,16.89,0.2,6.0,0.19,16.89,0.37,4.08,0.38,10.0,0.17,0.17,0.09333,1776193618000
1776193620.021,120.021,0.63,4.08,0.62,10.0,0.8,6.0,0.81,16.89,0.2,6.0,0.19,16.89,0.37,4.08,0.38,10.0,0.17,0.17,0.093328,1776193619000
1776193620.955,120.955,0.61,29.23,0.6,10.8,0.77,5.0,0.8,6.0,0.2,6.0,0.19,16.89,0.37,4.08,0.38,10.0,0.16,0.17,0.093328,1776193619000
1776193621.378,121.378,0.61,29.23,0.6,10.8,0.77,5.0,0.8,6.0,0.23,5.0,0.2,6.0,0.39,29.23,0.4,10.8,0.16,0.16,0.093329,1776193620000
1776193622.526,122.526,0.61,29.23,0.6,10.8,0.77,5.0,0.8,6.0,0.23,5.0,0.2,6.0,0.39,29.23,0.4,10.8,0.16,0.16,0.09333,1776193621000
1776193623.148,123.148,0.61,29.23,0.6,10.8,0.77,5.0,0.8,6.0,0.23,5.0,0.2,6.0,0.39,29.23,0.4,10.8,0.16,0.16,0.09333,1776193622000
1776193624.31,124.31,0.61,29.23,0.6,10.8,0.77,5.0,0.8,6.0,0.23,5.0,0.2,6.0,0.39,29.23,0.4,10.8,0.16,0.16,0.093338,1776193623000
1776193625.014,125.014,0.61,29.23,0.6,10.8,0.77,5.0,0.8,6.0,0.23,5.0,0.2,6.0,0.39,29.23,0.4,10.8,0.16,0.16,0.093338,1776193624000
1776193626.192,126.192,0.61,29.23,0.6,10.8,0.77,5.0,0.8,6.0,0.23,5.0,0.2,6.0,0.39,29.23,0.4,10.8,0.16,0.16,0.093338,1776193625000
1776193626.869,126.869,0.66,7.0,0.62,5.0,0.71,38.0,0.73,5.0,0.23,5.0,0.2,6.0,0.39,29.23,0.4,10.8,0.05,0.16,0.093338,1776193625000
1776193627.358,127.358,0.66,2.0,0.62,5.0,0.71,38.0,0.73,5.0,0.29,38.0,0.27,5.0,0.34,2.0,0.38,5.0,0.05,0.05,0.093337,1776193626000
1776193628.048,128.048,0.66,2.0,0.62,5.0,0.71,38.0,0.73,5.0,0.29,38.0,0.27,5.0,0.34,2.0,0.38,5.0,0.05,0.05,0.093337,1776193627000
1776193628.985,128.985,0.58,8.0,0.56,20.0,0.76,14.28,0.79,25.7,0.29,38.0,0.27,5.0,0.34,2.0,0.38,5.0,0.18,0.05,0.093337,1776193627000
1776193629.242,129.242,0.58,8.0,0.56,20.0,0.76,14.28,0.79,25.7,0.24,14.28,0.21,25.7,0.42,8.0,0.44,20.0,0.18,0.18,0.093307,1776193628000
1776193630.479,130.479,0.58,8.0,0.56,20.0,0.76,14.28,0.79,25.7,0.24,14.28,0.21,25.7,0.42,8.0,0.44,20.0,0.18,0.18,0.093285,1776193629000
1776193631.079,131.079,0.58,5.0,0.57,8.0,0.75,5.5,0.76,28.58,0.24,14.28,0.21,25.7,0.42,8.0,0.44,20.0,0.17,0.18,0.093285,1776193629000
1776193632.338,132.338,0.58,5.0,0.57,8.0,0.75,5.5,0.76,28.58,0.25,5.5,0.24,28.58,0.42,5.0,0.43,8.0,0.17,0.17,0.09329,1776193631000
1776193633.032,133.032,0.58,5.0,0.57,8.0,0.75,5.5,0.76,28.58,0.25,5.5,0.24,28.58,0.42,5.0,0.43,8.0,0.17,0.17,0.093298,1776193632000
1776193634.003,134.003,0.58,5.0,0.57,8.0,0.75,5.5,0.76,28.58,0.25,5.5,0.24,28.58,0.42,5.0,0.43,8.0,0.17,0.17,0.0933,1776193633000
1776193635.042,135.042,0.58,5.0,0.57,8.0,0.75,5.5,0.76,28.58,0.25,5.5,0.24,28.58,0.42,5.0,0.43,8.0,0.17,0.17,0.0933,1776193634000
1776193636.081,136.081,0.58,5.0,0.57,8.0,0.75,5.5,0.76,28.58,0.25,5.5,0.24,28.58,0.42,5.0,0.43,8.0,0.17,0.17,0.093284,1776193635000
1776193637.162,137.162,0.58,5.0,0.57,8.0,0.75,5.5,0.76,28.58,0.25,5.5,0.24,28.58,0.42,5.0,0.43,8.0,0.17,0.17,0.093283,1776193636000
1776193637.643,137.643,0.53,2.65,0.52,9.0,0.72,12.9,0.73,13.2,0.25,5.5,0.24,28.58,0.42,5.0,0.43,8.0,0.19,0.17,0.093283,1776193636000
1776193638.232,138.232,0.53,2.65,0.52,9.0,0.72,12.9,0.73,13.2,0.28,12.9,0.27,13.2,0.47,2.65,0.48,9.0,0.19,0.19,0.093284,1776193637000
1776193639.275,139.275,0.53,2.65,0.52,9.0,0.72,12.9,0.73,13.2,0.28,12.9,0.27,13.2,0.47,2.65,0.48,9.0,0.19,0.19,0.093283,1776193638000
1776193640.224,140.224,0.53,2.65,0.52,9.0,0.72,12.9,0.73,13.2,0.28,12.9,0.27,13.2,0.47,2.65,0.48,9.0,0.19,0.19,0.093283,1776193639000
1776193641.275,141.275,0.53,2.65,0.52,9.0,0.72,12.9,0.73,13.2,0.28,12.9,0.27,13.2,0.47,2.65,0.48,9.0,0.19,0.19,0.093282,1776193640000
1776193642.21,142.21,0.53,2.65,0.52,9.0,0.72,12.9,0.73,13.2,0.28,12.9,0.27,13.2,0.47,2.65,0.48,9.0,0.19,0.19,0.093285,1776193641000
1776193642.93,142.93,0.51,34.59,0.5,10.94,0.76,28.58,0.77,14.7,0.28,12.9,0.27,13.2,0.47,2.65,0.48,9.0,0.25,0.19,0.093285,1776193641000
1776193643.309,143.309,0.51,34.59,0.5,10.94,0.76,28.58,0.77,14.7,0.24,28.58,0.23,14.7,0.49,34.59,0.5,10.94,0.25,0.25,0.093285,1776193642000
1776193644.286,144.286,0.51,34.59,0.5,10.94,0.76,28.58,0.77,14.7,0.24,28.58,0.23,14.7,0.49,34.59,0.5,10.94,0.25,0.25,0.093286,1776193643000
1776193645.351,145.351,0.51,34.59,0.5,10.94,0.76,28.58,0.77,14.7,0.24,28.58,0.23,14.7,0.49,34.59,0.5,10.94,0.25,0.25,0.093286,1776193644000
1776193646.315,146.315,0.51,34.59,0.5,10.94,0.76,28.58,0.77,14.7,0.24,28.58,0.23,14.7,0.49,34.59,0.5,10.94,0.25,0.25,0.093293,1776193645000
1776193647.279,147.279,0.51,34.59,0.5,10.94,0.76,28.58,0.77,14.7,0.24,28.58,0.23,14.7,0.49,34.59,0.5,10.94,0.25,0.25,0.09329,1776193646000
1776193648.383,148.383,0.51,34.59,0.5,10.94,0.76,28.58,0.77,14.7,0.24,28.58,0.23,14.7,0.49,34.59,0.5,10.94,0.25,0.25,0.09329,1776193647000
1776193648.985,148.985,0.51,34.59,0.5,10.94,0.76,28.58,0.77,14.7,0.24,28.58,0.23,14.7,0.49,34.59,0.5,10.94,0.25,0.25,0.09329,1776193648000
1776193650.34,150.34,0.56,5.0,0.53,9.0,0.71,47.22,0.76,14.28,0.29,47.22,0.24,14.28,0.44,5.0,0.47,9.0,0.15,0.15,0.093293,1776193649000
1776193650.998,150.998,0.56,5.0,0.53,19.4,0.71,33.27,0.76,14.28,0.29,47.22,0.24,14.28,0.44,5.0,0.47,9.0,0.15,0.15,0.093293,1776193649000
1776193651.571,151.571,0.56,5.0,0.53,19.4,0.71,33.27,0.76,14.28,0.29,33.27,0.24,14.28,0.44,5.0,0.47,19.4,0.15,0.15,0.09329,1776193650000
1776193652.12,152.12,0.56,5.0,0.53,19.4,0.71,33.27,0.76,14.28,0.29,33.27,0.24,14.28,0.44,5.0,0.47,19.4,0.15,0.15,0.09329,1776193651000
1776193653.367,153.367,0.56,5.0,0.53,19.4,0.71,33.27,0.76,14.28,0.29,33.27,0.24,14.28,0.44,5.0,0.47,19.4,0.15,0.15,0.093288,1776193652000
1776193654.049,154.049,0.56,5.0,0.53,19.4,0.71,33.27,0.76,14.28,0.29,33.27,0.24,14.28,0.44,5.0,0.47,19.4,0.15,0.15,0.093288,1776193653000
1776193655.226,155.226,0.56,5.0,0.53,19.4,0.71,33.27,0.76,14.28,0.29,33.27,0.24,14.28,0.44,5.0,0.47,19.4,0.15,0.15,0.09329,1776193654000
1776193656.412,156.412,0.56,5.0,0.53,19.4,0.71,33.27,0.76,14.28,0.29,33.27,0.24,14.28,0.44,5.0,0.47,19.4,0.15,0.15,0.093288,1776193655000
1776193656.912,156.912,0.57,10.42,0.56,28.6,0.67,7.0,0.76,14.28,0.29,33.27,0.24,14.28,0.44,5.0,0.47,19.4,0.1,0.15,0.093288,1776193655000
1776193657.155,157.155,0.57,10.42,0.56,28.6,0.67,7.0,0.76,14.28,0.33,7.0,0.24,14.28,0.43,10.42,0.44,28.6,0.1,0.1,0.093294,1776193656000
1776193658.312,158.312,0.57,10.42,0.56,28.6,0.67,7.0,0.76,14.28,0.33,7.0,0.24,14.28,0.43,10.42,0.44,28.6,0.1,0.1,0.093304,1776193657000
1776193658.923,158.923,0.56,20.94,0.55,10.5,0.67,7.0,0.73,5.0,0.33,7.0,0.24,14.28,0.43,10.42,0.44,28.6,0.11,0.1,0.093304,1776193657000
1776193659.57,159.57,0.56,20.94,0.55,10.5,0.67,7.0,0.73,5.0,0.33,7.0,0.27,5.0,0.44,20.94,0.45,10.5,0.11,0.11,0.0933,1776193658000
1776193660.141,160.141,0.56,20.94,0.55,10.5,0.67,7.0,0.73,5.0,0.33,7.0,0.27,5.0,0.44,20.94,0.45,10.5,0.11,0.11,0.0933,1776193659000
1776193661.448,161.448,0.56,20.94,0.55,10.5,0.67,7.0,0.73,5.0,0.33,7.0,0.27,5.0,0.44,20.94,0.45,10.5,0.11,0.11,0.0933,1776193660000
1776193661.883,161.883,0.61,69.0,0.6,5.0,0.67,4.01,0.74,5.0,0.33,7.0,0.27,5.0,0.44,20.94,0.45,10.5,0.06,0.11,0.0933,1776193660000
1776193662.098,162.098,0.61,69.0,0.6,5.0,0.67,4.01,0.74,5.0,0.33,4.01,0.26,5.0,0.39,69.0,0.4,5.0,0.06,0.06,0.093299,1776193661000
1776193663.039,163.039,0.61,69.0,0.6,5.0,0.67,4.01,0.74,5.0,0.33,4.01,0.26,5.0,0.39,69.0,0.4,5.0,0.06,0.06,0.093299,1776193662000
1776193664.127,164.127,0.61,69.0,0.6,5.0,0.67,4.01,0.74,5.0,0.33,4.01,0.26,5.0,0.39,69.0,0.4,5.0,0.06,0.06,0.093308,1776193663000
1776193665.064,165.064,0.64,7.0,0.61,71.9,0.76,9.65,0.82,10.0,0.33,4.01,0.26,5.0,0.39,69.0,0.4,5.0,0.12,0.06,0.093308,1776193663000
1776193666.331,166.331,0.64,7.0,0.61,71.9,0.76,9.65,0.82,10.0,0.24,9.65,0.18,10.0,0.36,7.0,0.39,71.9,0.12,0.12,0.093313,1776193665000
1776193666.888,166.888,0.64,7.0,0.61,71.9,0.76,9.65,0.82,10.0,0.24,9.65,0.18,10.0,0.36,7.0,0.39,71.9,0.12,0.12,0.093313,1776193666000
1776193667.29,167.29,0.66,7.0,0.65,11.4,0.78,1.71,0.85,10.0,0.24,9.65,0.18,10.0,0.36,7.0,0.39,71.9,0.12,0.12,0.093313,1776193666000
1776193668.078,168.078,0.66,7.0,0.65,11.4,0.78,1.71,0.85,10.0,0.22,1.71,0.15,10.0,0.34,7.0,0.35,11.4,0.12,0.12,0.093314,1776193667000
1776193669.109,169.109,0.66,7.0,0.65,11.4,0.78,1.71,0.85,10.0,0.22,1.71,0.15,10.0,0.34,7.0,0.35,11.4,0.12,0.12,0.093323,1776193668000
1776193670.215,170.215,0.66,7.0,0.65,11.4,0.78,1.71,0.85,10.0,0.22,1.71,0.15,10.0,0.34,7.0,0.35,11.4,0.12,0.12,0.093325,1776193669000
1776193671.42,171.42,0.66,7.0,0.65,11.4,0.78,1.71,0.85,10.0,0.22,1.71,0.15,10.0,0.34,7.0,0.35,11.4,0.12,0.12,0.09332,1776193670000
1776193671.995,171.995,0.66,7.0,0.65,11.4,0.78,1.71,0.85,10.0,0.22,1.71,0.15,10.0,0.34,7.0,0.35,11.4,0.12,0.12,0.09332,1776193671000
1776193672.838,172.838,0.64,5.96,0.63,21.2,0.87,23.0,0.88,34.6,0.22,1.71,0.15,10.0,0.34,7.0,0.35,11.4,0.23,0.12,0.09332,1776193671000
1776193673.135,173.135,0.64,5.96,0.63,21.2,0.87,23.0,0.88,34.6,0.13,23.0,0.12,34.6,0.36,5.96,0.37,21.2,0.23,0.23,0.093317,1776193672000
1776193674.222,174.222,0.64,5.96,0.63,21.2,0.87,23.0,0.88,34.6,0.13,23.0,0.12,34.6,0.36,5.96,0.37,21.2,0.23,0.23,0.09332,1776193673000
1776193674.914,174.914,0.62,16.16,0.61,60.9,0.78,5.0,0.86,21.6,0.13,23.0,0.12,34.6,0.36,5.96,0.37,21.2,0.16,0.23,0.09332,1776193673000
1776193675.321,175.321,0.62,16.16,0.61,60.9,0.78,5.0,0.86,21.6,0.22,5.0,0.14,21.6,0.38,16.16,0.39,60.9,0.16,0.16,0.09332,1776193674000
1776193676.386,176.386,0.62,16.16,0.61,60.9,0.78,5.0,0.86,21.6,0.22,5.0,0.14,21.6,0.38,16.16,0.39,60.9,0.16,0.16,0.093317,1776193675000
1776193677.948,177.948,0.62,16.16,0.61,60.9,0.78,5.0,0.86,21.6,0.22,5.0,0.14,21.6,0.38,16.16,0.39,60.9,0.16,0.16,0.093313,1776193676000
1776193678.823,178.823,0.62,16.16,0.61,60.9,0.78,5.0,0.86,21.6,0.22,5.0,0.14,21.6,0.38,16.16,0.39,60.9,0.16,0.16,0.093313,1776193677000
1776193679.416,179.416,0.65,2.0,0.61,50.0,0.7,5.0,0.82,17.6,0.22,5.0,0.14,21.6,0.38,16.16,0.39,60.9,0.05,0.16,0.093313,1776193677000
1776193679.733,179.733,0.65,2.0,0.61,50.0,0.7,5.0,0.82,17.6,0.3,5.0,0.18,17.6,0.35,2.0,0.39,50.0,0.05,0.05,0.093314,1776193678000
1776193680.713,180.713,0.65,2.0,0.61,50.0,0.7,3.55,0.81,16.89,0.3,3.55,0.19,16.89,0.35,2.0,0.39,50.0,0.05,0.05,0.093302,1776193679000
1776193681.57,181.57,0.65,2.0,0.55,5.0,0.79,12.02,0.8,16.2,0.21,12.02,0.2,16.2,0.35,2.0,0.45,5.0,0.14,0.14,0.093298,1776193680000
1776193682.281,182.281,0.65,2.0,0.55,5.0,0.79,12.02,0.8,16.2,0.21,12.02,0.2,16.2,0.35,2.0,0.45,5.0,0.14,0.14,0.093298,1776193681000
1776193682.508,182.508,0.66,7.0,0.51,5.0,0.71,37.5,0.76,14.3,0.21,12.02,0.2,16.2,0.35,2.0,0.45,5.0,0.05,0.14,0.093298,1776193681000
1776193684.022,184.022,0.66,2.0,0.51,5.0,0.71,37.5,0.76,14.3,0.29,37.5,0.24,14.3,0.34,2.0,0.49,5.0,0.05,0.05,0.093292,1776193682000
1776193684.75,184.75,0.5,2.84,0.27,18.0,0.51,50.0,0.61,50.0,0.29,37.5,0.27,13.2,0.5,7.94,0.58,11.0,0.01,0.21,0.093292,1776193682000
1776193685.046,185.046,0.36,5.0,0.35,5.0,0.51,50.0,0.56,5.0,0.49,50.0,0.44,5.0,0.64,5.0,0.65,5.0,0.15,0.15,0.093264,1776193683000
1776193686.377,186.377,0.36,5.0,0.35,5.0,0.51,50.0,0.56,5.0,0.49,50.0,0.44,5.0,0.64,5.0,0.65,5.0,0.15,0.15,0.093258,1776193684000
1776193687.077,187.077,0.33,5.0,0.32,5.0,0.51,30.58,0.61,50.0,0.49,50.0,0.44,5.0,0.64,5.0,0.65,5.0,0.18,0.15,0.093258,1776193684000
1776193687.964,187.964,0.33,5.0,0.32,5.0,0.51,28.61,0.61,50.0,0.49,30.58,0.39,50.0,0.67,5.0,0.68,5.0,0.18,0.18,0.093215,1776193686000
1776193688.901,188.901,0.33,5.0,0.32,5.0,0.51,28.61,0.61,50.0,0.49,28.61,0.39,50.0,0.67,5.0,0.68,5.0,0.18,0.18,0.093222,1776193687000
1776193689.105,189.105,0.27,13.68,0.24,14.3,0.51,28.61,0.61,50.0,0.49,28.61,0.39,50.0,0.67,5.0,0.68,5.0,0.24,0.18,0.093222,1776193687000
1776193689.666,189.666,0.27,13.68,0.24,14.3,0.51,28.61,0.61,50.0,0.49,28.61,0.39,50.0,0.73,13.68,0.76,14.3,0.24,0.24,0.09322,1776193688000
1776193690.324,190.324,0.27,13.68,0.24,14.3,0.51,28.61,0.61,50.0,0.49,28.61,0.39,50.0,0.73,13.68,0.76,14.3,0.24,0.24,0.093217,1776193689000
1776193691.992,191.992,0.27,13.68,0.24,14.3,0.51,28.61,0.61,50.0,0.49,28.61,0.39,50.0,0.73,13.68,0.76,14.3,0.24,0.24,0.093205,1776193690000
1776193692.692,192.692,0.27,13.68,0.24,14.3,0.51,28.61,0.61,50.0,0.49,28.61,0.39,50.0,0.73,13.68,0.76,14.3,0.24,0.24,0.093212,1776193691000
1776193693.299,193.299,0.27,13.68,0.24,14.3,0.51,28.61,0.61,50.0,0.49,28.61,0.39,50.0,0.73,13.68,0.76,14.3,0.24,0.24,0.093214,1776193692000
1776193694.354,194.354,0.41,5.0,0.4,5.0,0.57,5.0,0.61,55.0,0.49,28.61,0.39,50.0,0.73,13.68,0.76,14.3,0.16,0.24,0.093214,1776193692000
1776193694.79,194.79,0.41,5.0,0.4,5.0,0.57,5.0,0.61,55.0,0.43,5.0,0.39,55.0,0.59,5.0,0.6,5.0,0.16,0.16,0.093239,1776193693000
1776193695.619,195.619,0.41,5.0,0.4,5.0,0.57,5.0,0.61,55.0,0.43,5.0,0.39,55.0,0.59,5.0,0.6,5.0,0.16,0.16,0.093237,1776193694000
1776193696.51,196.51,0.41,5.0,0.4,5.0,0.57,5.0,0.61,55.0,0.43,5.0,0.39,55.0,0.59,5.0,0.6,5.0,0.16,0.16,0.093237,1776193695000
1776193697.099,197.099,0.41,5.0,0.4,5.0,0.57,5.0,0.61,55.0,0.43,5.0,0.39,55.0,0.59,5.0,0.6,5.0,0.16,0.16,0.093255,1776193696000
1776193698.872,198.872,0.44,5.0,0.42,5.0,0.6,3.33,0.64,5.0,0.43,5.0,0.39,55.0,0.59,5.0,0.6,5.0,0.16,0.16,0.093255,1776193696000
1776193700.083,200.083,0.41,42.88,0.38,11.0,0.6,3.33,0.64,5.0,0.4,3.33,0.36,5.0,0.59,42.88,0.62,11.0,0.19,0.19,0.093258,1776193698000
1776193700.819,200.819,0.43,5.0,0.42,5.0,0.71,41.93,0.72,12.9,0.4,3.33,0.36,5.0,0.59,42.88,0.62,11.0,0.28,0.19,0.093258,1776193698000
1776193701.66,201.66,0.43,5.0,0.42,5.0,0.71,41.93,0.72,12.9,0.29,41.93,0.28,12.9,0.57,5.0,0.58,5.0,0.28,0.28,0.09326,1776193700000
1776193701.878,201.878,0.44,5.0,0.42,5.0,0.62,3.38,0.64,5.0,0.29,41.93,0.28,12.9,0.57,5.0,0.58,5.0,0.18,0.28,0.09326,1776193700000
1776193702.502,202.502,0.44,5.0,0.42,5.0,0.62,3.38,0.64,5.0,0.38,3.38,0.36,5.0,0.56,5.0,0.58,5.0,0.18,0.18,0.093252,1776193701000
1776193703.279,203.279,0.44,5.0,0.42,5.0,0.62,3.38,0.64,5.0,0.38,3.38,0.36,5.0,0.56,5.0,0.58,5.0,0.18,0.18,0.093252,1776193702000
1776193704.061,204.061,0.37,10.0,0.31,62.2,0.61,47.85,0.66,14.0,0.38,3.38,0.36,5.0,0.56,5.0,0.58,5.0,0.24,0.18,0.093252,1776193702000
1776193704.91,204.91,0.37,10.0,0.31,62.2,0.61,47.85,0.66,14.0,0.39,47.85,0.34,14.0,0.63,10.0,0.69,62.2,0.24,0.24,0.093232,1776193703000
1776193705.713,205.713,0.37,10.0,0.31,62.2,0.61,47.85,0.66,14.0,0.39,47.85,0.34,14.0,0.63,10.0,0.69,62.2,0.24,0.24,0.09323,1776193704000
1776193706.508,206.508,0.37,10.0,0.31,62.2,0.61,47.85,0.66,14.0,0.39,47.85,0.34,14.0,0.63,10.0,0.69,62.2,0.24,0.24,0.093228,1776193705000
1776193707.234,207.234,0.37,10.0,0.31,62.2,0.61,47.85,0.66,14.0,0.39,47.85,0.34,14.0,0.63,10.0,0.69,62.2,0.24,0.24,0.093228,1776193706000
1776193708.24,208.24,0.43,5.0,0.37,5.0,0.61,34.58,0.63,11.2,0.39,47.85,0.34,14.0,0.63,10.0,0.69,62.2,0.18,0.24,0.093228,1776193706000
1776193708.762,208.762,0.36,4.67,0.32,11.9,0.61,34.58,0.63,11.2,0.39,34.58,0.37,11.2,0.57,5.0,0.63,5.0,0.25,0.18,0.093228,1776193706000
1776193709.692,209.692,0.36,4.67,0.32,11.9,0.61,34.58,0.63,11.2,0.39,34.58,0.37,11.2,0.64,4.67,0.68,11.9,0.25,0.25,0.093233,1776193708000
1776193710.343,210.343,0.36,4.67,0.32,11.9,0.61,34.58,0.63,11.2,0.39,34.58,0.37,11.2,0.64,4.67,0.68,11.9,0.25,0.25,0.093233,1776193709000
1776193711.015,211.015,0.36,4.67,0.32,11.9,0.61,34.58,0.63,11.2,0.39,34.58,0.37,11.2,0.64,4.67,0.68,11.9,0.25,0.25,0.093233,1776193710000
1776193712.515,212.515,0.34,11.6,0.33,11.8,0.61,25.87,0.65,11.4,0.39,25.87,0.35,11.4,0.66,11.6,0.67,11.8,0.27,0.27,0.093239,1776193711000
1776193712.837,212.837,0.41,33.22,0.34,11.6,0.66,11.6,0.67,11.8,0.39,25.87,0.35,11.4,0.66,11.6,0.67,11.8,0.25,0.27,0.093239,1776193711000
1776193713.321,213.321,0.41,33.22,0.34,11.6,0.66,11.6,0.67,11.8,0.34,11.6,0.33,11.8,0.59,33.22,0.66,11.6,0.25,0.25,0.093239,1776193712000
1776193714.096,214.096,0.41,33.22,0.34,11.6,0.66,11.6,0.67,11.8,0.34,11.6,0.33,11.8,0.59,33.22,0.66,11.6,0.25,0.25,0.09324,1776193713000
1776193715.533,215.533,0.41,33.22,0.34,11.6,0.66,11.6,0.67,11.8,0.34,11.6,0.33,11.8,0.59,33.22,0.66,11.6,0.25,0.25,0.093234,1776193714000
1776193716.275,216.275,0.41,33.22,0.34,11.6,0.66,11.6,0.67,11.8,0.34,11.6,0.33,11.8,0.59,33.22,0.66,11.6,0.25,0.25,0.093234,1776193715000
1776193717.813,217.813,0.41,33.22,0.34,11.6,0.66,11.6,0.67,11.8,0.34,11.6,0.33,11.8,0.59,33.22,0.66,11.6,0.25,0.25,0.093241,1776193716000
1776193718.902,218.902,0.53,2.87,0.52,5.0,0.71,41.93,0.73,13.2,0.34,11.6,0.33,11.8,0.59,33.22,0.66,11.6,0.18,0.25,0.093241,1776193716000
1776193720.299,220.299,0.53,2.87,0.52,5.0,0.71,41.93,0.73,13.2,0.29,41.93,0.27,13.2,0.47,2.87,0.48,5.0,0.18,0.18,0.093238,1776193719000
1776193721.581,221.581,0.53,2.87,0.52,5.0,0.71,41.93,0.73,13.2,0.29,41.93,0.27,13.2,0.47,2.87,0.48,5.0,0.18,0.18,0.093251,1776193720000
1776193722.072,222.072,0.53,2.87,0.52,5.0,0.71,41.93,0.73,13.2,0.29,41.93,0.27,13.2,0.47,2.87,0.48,5.0,0.18,0.18,0.093251,1776193721000
1776193723.237,223.237,0.53,2.87,0.52,5.0,0.71,41.93,0.73,13.2,0.29,41.93,0.27,13.2,0.47,2.87,0.48,5.0,0.18,0.18,0.093254,1776193722000
1776193724.385,224.385,0.53,2.87,0.52,5.0,0.71,41.93,0.73,13.2,0.29,41.93,0.27,13.2,0.47,2.87,0.48,5.0,0.18,0.18,0.093247,1776193723000
1776193724.842,224.842,0.4,10.8,0.39,10.9,0.61,33.77,0.71,54.53,0.29,41.93,0.27,13.2,0.47,2.87,0.48,5.0,0.21,0.18,0.093247,1776193723000
1776193725.421,225.421,0.4,10.8,0.39,10.9,0.61,33.77,0.71,54.53,0.39,33.77,0.29,54.53,0.6,10.8,0.61,10.9,0.21,0.21,0.093246,1776193724000
1776193726.007,226.007,0.4,10.8,0.39,10.9,0.61,33.77,0.71,54.53,0.39,33.77,0.29,54.53,0.6,10.8,0.61,10.9,0.21,0.21,0.09325,1776193725000
1776193727.029,227.029,0.4,10.8,0.39,10.9,0.61,33.77,0.71,54.53,0.39,33.77,0.29,54.53,0.6,10.8,0.61,10.9,0.21,0.21,0.093249,1776193726000
1776193728.439,228.439,0.4,10.8,0.39,10.9,0.61,33.77,0.71,54.53,0.39,33.77,0.29,54.53,0.6,10.8,0.61,10.9,0.21,0.21,0.09325,1776193727000
1776193729.071,229.071,0.4,10.8,0.39,10.9,0.61,33.77,0.71,54.53,0.39,33.77,0.29,54.53,0.6,10.8,0.61,10.9,0.21,0.21,0.093244,1776193728000
1776193730.259,230.259,0.4,10.8,0.39,10.9,0.61,33.77,0.71,54.53,0.39,33.77,0.29,54.53,0.6,10.8,0.61,10.9,0.21,0.21,0.093229,1776193729000
1776193730.855,230.855,0.33,11.8,0.32,11.9,0.61,33.77,0.67,11.8,0.39,33.77,0.29,54.53,0.6,10.8,0.61,10.9,0.28,0.21,0.093229,1776193729000
1776193731.317,231.317,0.33,11.8,0.32,11.9,0.61,33.77,0.67,11.8,0.39,33.77,0.33,11.8,0.67,11.8,0.68,11.9,0.28,0.28,0.09323,1776193730000
1776193731.944,231.944,0.33,11.8,0.32,11.9,0.61,33.77,0.67,11.8,0.39,33.77,0.33,11.8,0.67,11.8,0.68,11.9,0.28,0.28,0.09323,1776193731000
1776193732.875,232.875,0.33,8.45,0.32,11.9,0.61,33.77,0.65,11.4,0.39,33.77,0.33,11.8,0.67,11.8,0.68,11.9,0.28,0.28,0.09323,1776193731000
1776193733.094,233.094,0.33,8.45,0.32,11.9,0.61,33.77,0.65,11.4,0.39,33.77,0.35,11.4,0.67,8.45,0.68,11.9,0.28,0.28,0.093229,1776193732000
1776193734.077,234.077,0.33,8.45,0.32,11.9,0.61,17.37,0.66,11.6,0.39,33.77,0.35,11.4,0.67,8.45,0.68,11.9,0.28,0.28,0.093229,1776193732000
1776193735.206,235.206,0.33,8.45,0.32,11.9,0.61,17.37,0.66,11.6,0.39,17.37,0.34,11.6,0.67,8.45,0.68,11.9,0.28,0.28,0.093228,1776193734000
1776193736.923,236.923,0.33,8.45,0.32,11.9,0.61,17.37,0.66,11.6,0.39,17.37,0.34,11.6,0.67,8.45,0.68,11.9,0.28,0.28,0.093228,1776193736000
1776193738.25,238.25,0.33,8.45,0.32,11.9,0.61,17.37,0.66,11.6,0.39,17.37,0.34,11.6,0.67,8.45,0.68,11.9,0.28,0.28,0.093228,1776193737000
1776193738.831,238.831,0.33,4.79,0.32,11.9,0.61,67.37,0.66,11.6,0.39,17.37,0.34,11.6,0.67,8.45,0.68,11.9,0.28,0.28,0.093228,1776193737000
1776193739.186,239.186,0.33,4.79,0.32,11.9,0.61,67.37,0.66,11.6,0.39,67.37,0.34,11.6,0.67,4.79,0.68,11.9,0.28,0.28,0.093228,1776193738000
1776193740.705,240.705,0.33,4.79,0.32,11.9,0.61,67.37,0.66,11.6,0.39,67.37,0.34,11.6,0.67,4.79,0.68,11.9,0.28,0.28,0.093227,1776193739000
1776193741.414,241.414,0.33,4.79,0.32,11.9,0.61,51.14,0.66,11.6,0.39,51.14,0.34,11.6,0.67,4.79,0.68,11.9,0.28,0.28,0.093226,1776193740000
1776193742.093,242.093,0.33,4.79,0.32,11.9,0.61,51.14,0.66,11.6,0.39,51.14,0.34,11.6,0.67,4.79,0.68,11.9,0.28,0.28,0.093226,1776193741000
1776193743.557,243.557,0.33,4.79,0.32,11.9,0.61,51.14,0.66,11.6,0.39,51.14,0.34,11.6,0.67,4.79,0.68,11.9,0.28,0.28,0.093229,1776193742000
1776193744.379,244.379,0.33,4.79,0.32,11.9,0.61,51.14,0.66,11.6,0.39,51.14,0.34,11.6,0.67,4.79,0.68,11.9,0.28,0.28,0.093229,1776193743000
1776193744.979,244.979,0.33,4.79,0.32,11.9,0.61,51.14,0.66,11.6,0.39,51.14,0.34,11.6,0.67,4.79,0.68,11.9,0.28,0.28,0.093226,1776193744000
1776193746.408,246.408,0.33,4.79,0.32,11.9,0.61,51.14,0.66,11.6,0.39,51.14,0.34,11.6,0.67,4.79,0.68,11.9,0.28,0.28,0.093225,1776193745000
1776193746.972,246.972,0.41,50.0,0.31,50.0,0.62,6.87,0.63,11.2,0.39,51.14,0.34,11.6,0.67,4.79,0.68,11.9,0.21,0.28,0.093225,1776193745000
1776193747.4,247.4,0.41,50.0,0.31,50.0,0.62,6.87,0.63,11.2,0.38,6.87,0.37,11.2,0.59,50.0,0.69,50.0,0.21,0.21,0.09322,1776193746000
1776193748.699,248.699,0.41,50.0,0.31,50.0,0.62,6.87,0.63,11.2,0.38,6.87,0.37,11.2,0.59,50.0,0.69,50.0,0.21,0.21,0.093215,1776193747000
1776193749.324,249.324,0.41,50.0,0.31,50.0,0.62,6.87,0.63,11.2,0.38,6.87,0.37,11.2,0.59,50.0,0.69,50.0,0.21,0.21,0.093215,1776193748000
1776193750.292,250.292,0.41,50.0,0.31,50.0,0.62,6.87,0.63,11.2,0.38,6.87,0.37,11.2,0.59,50.0,0.69,50.0,0.21,0.21,0.093215,1776193749000
1776193751.631,251.631,0.41,50.0,0.31,50.0,0.62,6.87,0.63,11.2,0.38,6.87,0.37,11.2,0.59,50.0,0.69,50.0,0.21,0.21,0.093214,1776193750000
1776193752.805,252.805,0.41,33.22,0.31,50.0,0.59,10.7,0.6,10.8,0.38,6.87,0.37,11.2,0.59,50.0,0.69,50.0,0.18,0.21,0.093214,1776193750000
1776193753.369,253.369,0.41,33.22,0.31,50.0,0.59,10.7,0.6,10.8,0.41,10.7,0.4,10.8,0.59,33.22,0.69,50.0,0.18,0.18,0.093217,1776193752000
1776193754.373,254.373,0.41,33.22,0.31,50.0,0.59,10.7,0.6,10.8,0.41,10.7,0.4,10.8,0.59,33.22,0.69,50.0,0.18,0.18,0.093217,1776193753000
1776193754.818,254.818,0.21,37.46,0.18,17.6,0.51,50.0,0.58,10.7,0.41,10.7,0.4,10.8,0.59,33.22,0.69,50.0,0.3,0.18,0.093217,1776193753000
1776193756.053,256.053,0.21,24.8,0.18,17.6,0.51,50.0,0.58,10.7,0.49,50.0,0.42,10.7,0.79,24.8,0.82,17.6,0.3,0.3,0.093218,1776193755000
1776193757.051,257.051,0.21,24.8,0.18,17.6,0.51,50.0,0.58,10.7,0.49,50.0,0.42,10.7,0.79,24.8,0.82,17.6,0.3,0.3,0.09321,1776193756000
1776193760.786,260.786,0.21,24.8,0.14,21.6,0.41,25.85,0.47,10.4,0.49,50.0,0.42,10.7,0.79,24.8,0.82,17.6,0.2,0.3,0.09321,1776193756000
1776193761.606,261.606,0.21,24.8,0.14,21.6,0.41,25.85,0.47,10.4,0.59,25.85,0.53,10.4,0.79,24.8,0.86,21.6,0.2,0.2,0.093208,1776193759000
1776193762.327,262.327,0.21,24.8,0.14,21.6,0.41,25.85,0.47,10.4,0.59,25.85,0.53,10.4,0.79,24.8,0.86,21.6,0.2,0.2,0.093204,1776193761000
1776193762.838,262.838,0.21,24.8,0.13,23.0,0.41,1.7,0.44,10.6,0.59,25.85,0.53,10.4,0.79,24.8,0.86,21.6,0.2,0.2,0.093204,1776193761000
1776193763.309,263.309,0.21,24.8,0.13,23.0,0.41,1.7,0.44,10.6,0.59,1.7,0.56,10.6,0.79,24.8,0.87,23.0,0.2,0.2,0.0932,1776193762000
1776193763.934,263.934,0.21,24.8,0.13,23.0,0.41,1.7,0.44,10.6,0.59,1.7,0.56,10.6,0.79,24.8,0.87,23.0,0.2,0.2,0.093198,1776193763000
1776193764.91,264.91,0.21,24.8,0.13,23.0,0.41,1.7,0.44,10.6,0.59,1.7,0.56,10.6,0.79,24.8,0.87,23.0,0.2,0.2,0.093198,1776193764000
1776193766.313,266.313,0.21,24.8,0.13,23.0,0.41,1.7,0.44,10.6,0.59,1.7,0.56,10.6,0.79,24.8,0.87,23.0,0.2,0.2,0.093198,1776193765000
1776193767.332,267.332,0.21,24.8,0.13,23.0,0.41,1.7,0.44,10.6,0.59,1.7,0.56,10.6,0.79,24.8,0.87,23.0,0.2,0.2,0.093195,1776193766000
1776193768.362,268.362,0.21,24.8,0.13,23.0,0.41,1.7,0.44,10.6,0.59,1.7,0.56,10.6,0.79,24.8,0.87,23.0,0.2,0.2,0.093195,1776193767000
1776193769.023,269.023,0.21,62.26,0.13,23.0,0.4,10.8,0.41,12.4,0.59,1.7,0.56,10.6,0.79,24.8,0.87,23.0,0.19,0.2,0.093195,1776193767000
1776193769.429,269.429,0.21,62.26,0.13,23.0,0.4,10.8,0.41,12.4,0.6,10.8,0.59,12.4,0.79,62.26,0.87,23.0,0.19,0.19,0.093195,1776193768000
1776193769.956,269.956,0.21,62.26,0.13,23.0,0.4,10.8,0.41,12.4,0.6,10.8,0.59,12.4,0.79,62.26,0.87,23.0,0.19,0.19,0.093197,1776193769000
1776193770.637,270.637,0.21,19.26,0.12,24.6,0.39,10.9,0.4,10.8,0.6,10.8,0.59,12.4,0.79,62.26,0.87,23.0,0.18,0.19,0.093197,1776193769000
1776193770.917,270.917,0.21,6.72,0.13,23.0,0.39,10.9,0.4,10.8,0.61,10.9,0.6,10.8,0.79,19.26,0.88,24.6,0.18,0.18,0.093197,1776193769000
1776193772.18,272.18,0.21,6.72,0.13,23.0,0.39,10.9,0.4,10.8,0.61,10.9,0.6,10.8,0.79,6.72,0.87,23.0,0.18,0.18,0.093187,1776193771000
1776193773.154,273.154,0.21,6.72,0.13,23.0,0.39,10.9,0.4,10.8,0.61,10.9,0.6,10.8,0.79,6.72,0.87,23.0,0.18,0.18,0.093199,1776193772000
1776193774.252,274.252,0.21,6.72,0.13,23.0,0.39,10.9,0.4,10.8,0.61,10.9,0.6,10.8,0.79,6.72,0.87,23.0,0.18,0.18,0.093202,1776193773000
1776193775.332,275.332,0.21,6.72,0.13,23.0,0.39,10.9,0.4,10.8,0.61,10.9,0.6,10.8,0.79,6.72,0.87,23.0,0.18,0.18,0.0932,1776193774000
1776193775.577,275.577,0.21,65.67,0.02,105.0,0.28,5.0,0.29,5.0,0.61,10.9,0.6,10.8,0.79,6.72,0.87,23.0,0.07,0.18,0.0932,1776193774000
1776193776.329,276.329,0.21,65.67,0.02,105.0,0.28,5.0,0.29,5.0,0.72,5.0,0.71,5.0,0.79,65.67,0.98,105.0,0.07,0.07,0.0932,1776193775000
1776193776.815,276.815,0.32,5.0,0.31,5.0,0.41,27.55,0.51,50.0,0.72,5.0,0.71,5.0,0.79,65.67,0.98,105.0,0.09,0.07,0.0932,1776193775000
1776193777.335,277.335,0.32,52.0,0.31,55.0,0.51,44.17,0.61,50.0,0.49,44.17,0.39,50.0,0.68,52.0,0.69,55.0,0.19,0.19,0.0932,1776193776000
1776193777.945,277.945,0.32,52.0,0.31,55.0,0.51,44.17,0.61,50.0,0.49,44.17,0.39,50.0,0.68,52.0,0.69,55.0,0.19,0.19,0.0932,1776193777000
1776193778.835,278.835,0.32,47.0,0.21,50.78,0.51,24.75,0.61,50.0,0.49,44.17,0.39,50.0,0.68,52.0,0.69,55.0,0.19,0.19,0.0932,1776193777000
1776193780.531,280.531,0.32,47.0,0.21,50.78,0.51,24.75,0.61,50.0,0.49,24.75,0.39,50.0,0.68,47.0,0.79,50.78,0.19,0.19,0.093224,1776193779000
1776193780.941,280.941,0.32,47.0,0.21,50.78,0.51,24.75,0.61,50.0,0.49,24.75,0.39,50.0,0.68,47.0,0.79,50.78,0.19,0.19,0.093229,1776193780000
1776193782.2,282.2,0.32,47.0,0.21,50.78,0.51,24.75,0.61,50.0,0.49,24.75,0.39,50.0,0.68,47.0,0.79,50.78,0.19,0.19,0.09323,1776193781000
1776193783.629,283.629,0.32,47.0,0.21,50.78,0.51,24.75,0.61,50.0,0.49,24.75,0.39,50.0,0.68,47.0,0.79,50.78,0.19,0.19,0.093228,1776193782000
1776193784.158,284.158,0.5,2.8,0.47,5.0,0.51,74.75,0.61,50.0,0.49,74.75,0.39,50.0,0.5,2.8,0.53,5.0,0.01,0.01,0.093228,1776193783000
1776193784.747,284.747,0.35,31.76,0.21,50.78,0.51,74.75,0.61,50.0,0.49,74.75,0.39,50.0,0.5,2.8,0.53,5.0,0.16,0.01,0.093228,1776193783000
1776193785.227,285.227,0.35,31.76,0.21,50.78,0.51,74.75,0.61,50.0,0.49,74.75,0.39,50.0,0.65,31.76,0.79,50.78,0.16,0.16,0.093228,1776193784000
1776193786.369,286.369,0.35,31.76,0.21,50.78,0.51,74.75,0.61,50.0,0.49,74.75,0.39,50.0,0.65,31.76,0.79,50.78,0.16,0.16,0.093229,1776193785000
1776193786.78,286.78,0.35,26.04,0.21,50.78,0.51,74.75,0.61,50.0,0.49,74.75,0.39,50.0,0.65,31.76,0.79,50.78,0.16,0.16,0.093229,1776193785000
1776193788.308,288.308,0.35,26.04,0.21,50.78,0.51,74.75,0.61,50.0,0.49,74.75,0.39,50.0,0.65,26.04,0.79,50.78,0.16,0.16,0.09322,1776193787000
1776193789.406,289.406,0.35,26.04,0.21,50.78,0.51,74.75,0.61,50.0,0.49,74.75,0.39,50.0,0.65,26.04,0.79,50.78,0.16,0.16,0.093228,1776193788000
1776193790.17,290.17,0.35,26.04,0.21,50.78,0.51,74.75,0.61,50.0,0.49,74.75,0.39,50.0,0.65,26.04,0.79,50.78,0.16,0.16,0.093226,1776193789000
1776193790.809,290.809,0.41,50.0,0.31,50.0,0.5,4.06,0.51,24.75,0.49,74.75,0.39,50.0,0.65,26.04,0.79,50.78,0.09,0.16,0.093226,1776193789000
1776193791.086,291.086,0.41,50.0,0.31,50.0,0.51,22.9,0.71,41.93,0.49,22.9,0.29,41.93,0.59,50.0,0.69,50.0,0.1,0.1,0.093229,1776193790000
1776193791.48,291.48,0.21,0.78,0.1,100.0,0.31,48.04,0.41,50.0,0.49,22.9,0.29,41.93,0.59,50.0,0.69,50.0,0.1,0.1,0.093229,1776193790000
1776193792.342,292.342,0.12,1.62,0.1,97.38,0.31,48.04,0.41,50.0,0.69,48.04,0.59,50.0,0.88,1.62,0.9,97.38,0.19,0.19,0.093228,1776193791000
1776193792.645,292.645,0.11,50.0,0.1,97.38,0.12,110.42,0.41,50.0,0.69,28.86,0.59,50.0,0.89,5.0,0.9,97.38,0.01,0.2,0.093228,1776193791000
1776193793.354,293.354,0.11,45.0,0.1,97.38,0.12,110.42,0.41,50.0,0.88,110.42,0.59,50.0,0.89,50.0,0.9,97.38,0.01,0.01,0.093228,1776193791000
1776193793.555,293.555,0.11,32.06,0.1,97.38,0.12,110.42,0.41,50.0,0.88,110.42,0.59,50.0,0.89,32.06,0.9,97.38,0.01,0.01,0.093219,1776193792000
1776193793.836,293.836,0.11,46.66,0.1,10.0,0.12,110.42,0.41,50.0,0.88,110.42,0.59,50.0,0.89,32.06,0.9,97.38,0.01,0.01,0.093219,1776193792000
1776193794.133,294.133,0.11,46.66,0.1,10.0,0.12,65.67,0.41,50.0,0.88,65.67,0.59,50.0,0.89,46.66,0.9,10.0,0.01,0.01,0.093218,1776193793000
1776193794.525,294.525,0.11,46.66,0.1,15.0,0.12,18.36,0.41,50.0,0.88,55.67,0.59,50.0,0.89,46.66,0.9,10.0,0.01,0.01,0.093218,1776193793000
1776193795.18,295.18,0.11,119.18,0.1,15.0,0.51,21.39,0.71,41.93,0.88,18.36,0.59,50.0,0.89,24.18,0.9,15.0,0.4,0.01,0.093218,1776193793000
1776193795.711,295.711,0.41,50.0,0.31,50.0,0.51,5.77,0.71,41.93,0.49,15.56,0.29,41.93,0.89,119.18,0.9,15.0,0.1,0.4,0.093218,1776193793000
1776193796.258,296.258,0.43,11.0,0.41,50.0,0.71,37.74,0.81,50.0,0.29,41.93,0.19,50.0,0.59,50.0,0.69,50.0,0.28,0.3,0.093212,1776193794000
1776193796.541,296.541,0.43,11.0,0.41,50.0,0.71,70.72,0.81,50.0,0.29,33.55,0.19,50.0,0.57,11.0,0.59,50.0,0.28,0.28,0.093212,1776193794000
1776193796.747,296.747,0.51,43.93,0.43,11.0,0.71,20.72,0.81,50.0,0.29,70.72,0.19,50.0,0.57,11.0,0.59,50.0,0.2,0.28,0.093224,1776193795000
1776193797.094,297.094,0.51,40.27,0.43,11.0,0.81,41.16,0.9,10.0,0.19,41.16,0.1,10.0,0.49,41.88,0.57,11.0,0.3,0.3,0.093224,1776193795000
1776193797.621,297.621,0.51,40.27,0.43,11.0,0.81,5.83,0.9,10.0,0.19,41.16,0.1,10.0,0.49,40.27,0.57,11.0,0.3,0.3,0.093225,1776193796000
1776193798.293,298.293,0.51,40.27,0.43,11.0,0.81,5.83,0.9,10.0,0.19,5.83,0.1,10.0,0.49,40.27,0.57,11.0,0.3,0.3,0.093236,1776193797000
1776193798.517,298.517,0.61,50.0,0.51,49.27,0.91,20.38,0.96,25.0,0.09,25.43,0.04,25.0,0.39,50.0,0.49,49.27,0.3,0.3,0.093236,1776193797000
1776193798.789,298.789,0.66,5.0,0.61,50.0,0.96,3.11,0.98,10.0,0.04,23.95,0.02,10.0,0.34,5.0,0.39,50.0,0.3,0.3,0.093236,1776193797000
1776193799.127,299.127,0.99,232.99,0.66,5.0,,,,,,,,,0.01,641.99,0.34,5.0,,,0.093236,1776193797000
1776193799.333,299.333,0.99,232.99,0.66,5.0,,,,,,,,,0.01,232.99,0.34,5.0,,,0.093235,1776193798000
1776193799.567,299.567,0.99,846.81,0.77,5.0,,,,,,,,,0.01,467.99,0.23,5.0,,,0.093235,1776193798000
1776193799.886,299.886,0.99,846.81,0.77,5.0,,,,,,,,,0.01,846.81,0.23,5.0,,,0.093228,1776193799000
1776193801.053,301.053,0.99,846.81,0.77,5.0,,,,,,,,,0.01,846.81,0.23,5.0,,,0.093233,1776193800000
1776193802.351,302.351,0.99,846.81,0.77,5.0,,,,,,,,,0.01,846.81,0.23,5.0,,,0.093235,1776193801000
1776193802.98,302.98,0.99,846.81,0.77,5.0,,,,,,,,,0.01,846.81,0.23,5.0,,,0.09324,1776193802000

# RESULT,winner=Up,slug=doge-updown-5m-1776193500,ticks=366
