timestamp,elapsed_sec,up_bid_p1,up_bid_s1,up_bid_p2,up_bid_s2,up_ask_p1,up_ask_s1,up_ask_p2,up_ask_s2,down_bid_p1,down_bid_s1,down_bid_p2,down_bid_s2,down_ask_p1,down_ask_s1,down_ask_p2,down_ask_s2,up_spread,down_spread,doge_price,doge_oracle_ts
1776213901.491,1.491,0.33,300.0,0.31,375.0,0.48,5.0,0.67,300.0,0.52,5.0,0.33,300.0,0.67,300.0,0.69,375.0,0.15,0.15,0.093495,1776213900000
1776213901.752,1.752,0.33,300.0,0.31,375.0,0.48,5.0,0.67,300.0,0.52,5.0,0.33,300.0,0.67,300.0,0.69,375.0,0.15,0.15,0.093495,1776213900000
1776213902.863,2.863,0.33,300.0,0.31,375.0,0.48,5.0,0.67,300.0,0.52,5.0,0.33,300.0,0.67,300.0,0.69,375.0,0.15,0.15,0.093496,1776213902000
1776213903.889,3.889,0.33,300.0,0.31,375.0,0.48,5.0,0.67,300.0,0.52,5.0,0.33,300.0,0.67,300.0,0.69,375.0,0.15,0.15,0.093505,1776213903000
1776213904.915,4.915,0.33,300.0,0.31,375.0,0.48,5.0,0.67,300.0,0.52,5.0,0.33,300.0,0.67,300.0,0.69,375.0,0.15,0.15,0.093505,1776213904000
1776213905.903,5.903,0.51,45.0,0.41,50.0,0.69,375.0,0.73,450.0,0.31,375.0,0.27,450.0,0.49,45.0,0.59,50.0,0.18,0.18,0.09352,1776213905000
1776213906.901,6.901,0.51,45.0,0.41,50.0,0.69,375.0,0.73,450.0,0.31,375.0,0.27,450.0,0.49,45.0,0.59,50.0,0.18,0.18,0.093521,1776213906000
1776213907.835,7.835,0.51,45.0,0.41,50.0,0.69,375.0,0.73,450.0,0.31,375.0,0.27,450.0,0.49,45.0,0.59,50.0,0.18,0.18,0.093524,1776213907000
1776213909.307,9.307,0.51,45.0,0.41,50.0,0.69,375.0,0.73,450.0,0.31,375.0,0.27,450.0,0.49,45.0,0.59,50.0,0.18,0.18,0.093525,1776213908000
1776213910.892,10.892,0.51,45.0,0.41,50.0,0.69,375.0,0.73,450.0,0.31,375.0,0.27,450.0,0.49,45.0,0.59,50.0,0.18,0.18,0.093524,1776213909000
1776213911.444,11.444,0.51,45.0,0.41,50.0,0.69,375.0,0.73,450.0,0.31,375.0,0.27,450.0,0.49,45.0,0.59,50.0,0.18,0.18,0.093526,1776213910000
1776213911.889,11.889,0.51,45.0,0.41,50.0,0.69,375.0,0.73,450.0,0.31,375.0,0.27,450.0,0.49,45.0,0.59,50.0,0.18,0.18,0.093529,1776213911000
1776213912.907,12.907,0.51,45.0,0.41,50.0,0.69,375.0,0.73,450.0,0.31,375.0,0.27,450.0,0.49,45.0,0.59,50.0,0.18,0.18,0.093526,1776213912000
1776213913.917,13.917,0.51,45.0,0.41,50.0,0.69,375.0,0.73,450.0,0.31,375.0,0.27,450.0,0.49,45.0,0.59,50.0,0.18,0.18,0.093522,1776213913000
1776213914.945,14.945,0.51,45.0,0.41,50.0,0.69,375.0,0.73,450.0,0.31,375.0,0.27,450.0,0.49,45.0,0.59,50.0,0.18,0.18,0.093522,1776213914000
1776213915.918,15.918,0.55,10.0,0.54,10.0,0.75,15.0,0.77,5.0,0.25,15.0,0.23,5.0,0.45,10.0,0.46,10.0,0.2,0.2,0.093531,1776213915000
1776213917.091,17.091,0.55,10.0,0.54,10.0,0.75,15.0,0.77,5.0,0.25,15.0,0.23,5.0,0.45,10.0,0.46,10.0,0.2,0.2,0.093529,1776213916000
1776213918.096,18.096,0.55,10.0,0.54,10.0,0.75,15.0,0.77,5.0,0.25,15.0,0.23,5.0,0.45,10.0,0.46,10.0,0.2,0.2,0.093531,1776213917000
1776213919.136,19.136,0.55,10.0,0.54,10.0,0.75,15.0,0.77,5.0,0.25,15.0,0.23,5.0,0.45,10.0,0.46,10.0,0.2,0.2,0.093547,1776213918000
1776213920.059,20.059,0.55,10.0,0.54,10.0,0.75,15.0,0.77,5.0,0.25,15.0,0.23,5.0,0.45,10.0,0.46,10.0,0.2,0.2,0.093553,1776213919000
1776213921.016,21.016,0.55,10.0,0.54,10.0,0.75,15.0,0.77,5.0,0.25,15.0,0.23,5.0,0.45,10.0,0.46,10.0,0.2,0.2,0.093559,1776213920000
1776213922.124,22.124,0.55,10.0,0.54,10.0,0.75,15.0,0.77,5.0,0.25,15.0,0.23,5.0,0.45,10.0,0.46,10.0,0.2,0.2,0.09356,1776213921000
1776213923.054,23.054,0.55,10.0,0.54,10.0,0.75,15.0,0.77,5.0,0.25,15.0,0.23,5.0,0.45,10.0,0.46,10.0,0.2,0.2,0.093567,1776213922000
1776213923.989,23.989,0.55,10.0,0.54,10.0,0.75,15.0,0.77,5.0,0.25,15.0,0.23,5.0,0.45,10.0,0.46,10.0,0.2,0.2,0.093564,1776213923000
1776213924.921,24.921,0.55,10.0,0.54,10.0,0.75,15.0,0.77,5.0,0.25,15.0,0.23,5.0,0.45,10.0,0.46,10.0,0.2,0.2,0.093566,1776213924000
1776213925.932,25.932,0.55,10.0,0.54,10.0,0.75,15.0,0.77,5.0,0.25,15.0,0.23,5.0,0.45,10.0,0.46,10.0,0.2,0.2,0.093567,1776213925000
1776213926.911,26.911,0.55,10.0,0.54,10.0,0.75,15.0,0.77,5.0,0.25,15.0,0.23,5.0,0.45,10.0,0.46,10.0,0.2,0.2,0.093566,1776213926000
1776213927.835,27.835,0.55,10.0,0.54,10.0,0.75,15.0,0.77,5.0,0.25,15.0,0.23,5.0,0.45,10.0,0.46,10.0,0.2,0.2,0.093569,1776213927000
1776213928.832,28.832,0.55,10.0,0.54,10.0,0.75,15.0,0.77,5.0,0.25,15.0,0.23,5.0,0.45,10.0,0.46,10.0,0.2,0.2,0.093569,1776213928000
1776213930.315,30.315,0.55,10.0,0.54,10.0,0.75,15.0,0.77,5.0,0.25,15.0,0.23,5.0,0.45,10.0,0.46,10.0,0.2,0.2,0.093559,1776213929000
1776213931.195,31.195,0.55,10.0,0.54,10.0,0.75,15.0,0.77,5.0,0.25,15.0,0.23,5.0,0.45,10.0,0.46,10.0,0.2,0.2,0.093562,1776213930000
1776213932.246,32.246,0.55,10.0,0.54,10.0,0.75,15.0,0.77,5.0,0.25,15.0,0.23,5.0,0.45,10.0,0.46,10.0,0.2,0.2,0.093562,1776213931000
1776213933.19,33.19,0.55,10.0,0.54,10.0,0.75,15.0,0.77,5.0,0.25,15.0,0.23,5.0,0.45,10.0,0.46,10.0,0.2,0.2,0.093562,1776213932000
1776213934.121,34.121,0.55,10.0,0.54,10.0,0.75,15.0,0.77,5.0,0.25,15.0,0.23,5.0,0.45,10.0,0.46,10.0,0.2,0.2,0.093561,1776213933000
1776213935.181,35.181,0.55,10.0,0.54,10.0,0.75,15.0,0.77,5.0,0.25,15.0,0.23,5.0,0.45,10.0,0.46,10.0,0.2,0.2,0.093561,1776213934000
1776213936.804,36.804,0.55,10.0,0.54,10.0,0.75,15.0,0.77,5.0,0.25,15.0,0.23,5.0,0.45,10.0,0.46,10.0,0.2,0.2,0.093561,1776213935000
1776213937.418,37.418,0.55,10.0,0.54,10.0,0.75,15.0,0.77,5.0,0.25,15.0,0.23,5.0,0.45,10.0,0.46,10.0,0.2,0.2,0.093562,1776213936000
1776213938.076,38.076,0.55,10.0,0.54,10.0,0.75,15.0,0.77,5.0,0.25,15.0,0.23,5.0,0.45,10.0,0.46,10.0,0.2,0.2,0.093562,1776213937000
1776213939.262,39.262,0.55,10.0,0.54,10.0,0.75,15.0,0.77,5.0,0.25,15.0,0.23,5.0,0.45,10.0,0.46,10.0,0.2,0.2,0.093561,1776213938000
1776213940.479,40.479,0.55,10.0,0.54,10.0,0.75,15.0,0.77,5.0,0.25,15.0,0.23,5.0,0.45,10.0,0.46,10.0,0.2,0.2,0.093552,1776213939000
1776213941.075,41.075,0.55,10.0,0.54,10.0,0.75,15.0,0.77,5.0,0.25,15.0,0.23,5.0,0.45,10.0,0.46,10.0,0.2,0.2,0.093551,1776213940000
1776213942.316,42.316,0.55,10.0,0.54,10.0,0.75,15.0,0.77,5.0,0.25,15.0,0.23,5.0,0.45,10.0,0.46,10.0,0.2,0.2,0.09355,1776213941000
1776213943.66,43.66,0.55,10.0,0.54,10.0,0.75,15.0,0.77,5.0,0.25,15.0,0.23,5.0,0.45,10.0,0.46,10.0,0.2,0.2,0.09355,1776213942000
1776213944.294,44.294,0.55,10.0,0.54,10.0,0.75,15.0,0.77,5.0,0.25,15.0,0.23,5.0,0.45,10.0,0.46,10.0,0.2,0.2,0.09355,1776213943000
1776213945.56,45.56,0.55,10.0,0.54,10.0,0.75,15.0,0.77,5.0,0.25,15.0,0.23,5.0,0.45,10.0,0.46,10.0,0.2,0.2,0.09355,1776213944000
1776213946.245,46.245,0.55,10.0,0.54,10.0,0.75,15.0,0.77,5.0,0.25,15.0,0.23,5.0,0.45,10.0,0.46,10.0,0.2,0.2,0.09355,1776213945000
1776213947.606,47.606,0.55,10.0,0.54,10.0,0.75,15.0,0.77,5.0,0.25,15.0,0.23,5.0,0.45,10.0,0.46,10.0,0.2,0.2,0.09355,1776213946000
1776213948.244,48.244,0.55,10.0,0.54,10.0,0.75,15.0,0.77,5.0,0.25,15.0,0.23,5.0,0.45,10.0,0.46,10.0,0.2,0.2,0.09355,1776213947000
1776213949.381,49.381,0.55,10.0,0.54,10.0,0.75,15.0,0.77,5.0,0.25,15.0,0.23,5.0,0.45,10.0,0.46,10.0,0.2,0.2,0.09355,1776213948000
1776213949.966,49.966,0.55,10.0,0.54,10.0,0.75,15.0,0.77,5.0,0.25,15.0,0.23,5.0,0.45,10.0,0.46,10.0,0.2,0.2,0.09355,1776213949000
1776213951.282,51.282,0.55,10.0,0.54,10.0,0.75,15.0,0.77,5.0,0.25,15.0,0.23,5.0,0.45,10.0,0.46,10.0,0.2,0.2,0.09355,1776213950000
1776213952.649,52.649,0.55,10.0,0.54,10.0,0.75,15.0,0.77,5.0,0.25,15.0,0.23,5.0,0.45,10.0,0.46,10.0,0.2,0.2,0.093541,1776213951000
1776213953.288,53.288,0.55,10.0,0.54,10.0,0.75,15.0,0.77,5.0,0.25,15.0,0.23,5.0,0.45,10.0,0.46,10.0,0.2,0.2,0.09354,1776213952000
1776213954.26,54.26,0.55,10.0,0.54,10.0,0.75,15.0,0.77,5.0,0.25,15.0,0.23,5.0,0.45,10.0,0.46,10.0,0.2,0.2,0.093539,1776213953000
1776213955.275,55.275,0.55,10.0,0.54,10.0,0.75,15.0,0.77,5.0,0.25,15.0,0.23,5.0,0.45,10.0,0.46,10.0,0.2,0.2,0.093538,1776213954000
1776213956.223,56.223,0.55,10.0,0.54,10.0,0.75,15.0,0.77,5.0,0.25,15.0,0.23,5.0,0.45,10.0,0.46,10.0,0.2,0.2,0.093538,1776213955000
1776213957.207,57.207,0.55,10.0,0.54,10.0,0.75,15.0,0.77,5.0,0.25,15.0,0.23,5.0,0.45,10.0,0.46,10.0,0.2,0.2,0.093539,1776213956000
1776213958.184,58.184,0.55,10.0,0.54,10.0,0.75,15.0,0.77,5.0,0.25,15.0,0.23,5.0,0.45,10.0,0.46,10.0,0.2,0.2,0.093539,1776213957000
1776213959.181,59.181,0.55,10.0,0.54,10.0,0.75,15.0,0.77,5.0,0.25,15.0,0.23,5.0,0.45,10.0,0.46,10.0,0.2,0.2,0.093535,1776213958000
1776213960.21,60.21,0.55,10.0,0.54,10.0,0.75,15.0,0.77,5.0,0.25,15.0,0.23,5.0,0.45,10.0,0.46,10.0,0.2,0.2,0.093535,1776213959000
1776213961.237,61.237,0.55,5.0,0.54,5.0,0.64,5.0,0.65,5.0,0.36,5.0,0.35,5.0,0.45,5.0,0.46,5.0,0.09,0.09,0.093528,1776213960000
1776213961.919,61.919,0.52,9.33,0.51,74.6,0.64,5.0,0.65,5.0,0.36,5.0,0.35,5.0,0.45,5.0,0.46,5.0,0.12,0.09,0.093528,1776213960000
1776213962.243,62.243,0.52,9.33,0.51,74.6,0.64,5.0,0.65,5.0,0.36,5.0,0.35,5.0,0.48,9.33,0.49,74.6,0.12,0.12,0.093524,1776213961000
1776213963.278,63.278,0.52,9.33,0.51,74.6,0.64,5.0,0.65,5.0,0.36,5.0,0.35,5.0,0.48,9.33,0.49,74.6,0.12,0.12,0.093524,1776213962000
1776213964.376,64.376,0.52,9.33,0.51,74.6,0.64,5.0,0.65,5.0,0.36,5.0,0.35,5.0,0.48,9.33,0.49,74.6,0.12,0.12,0.093524,1776213963000
1776213964.908,64.908,0.52,9.33,0.51,74.6,0.64,5.0,0.65,5.0,0.36,5.0,0.35,5.0,0.48,9.33,0.49,74.6,0.12,0.12,0.093524,1776213964000
1776213966.36,66.36,0.52,9.33,0.51,74.6,0.64,5.0,0.65,5.0,0.36,5.0,0.35,5.0,0.48,9.33,0.49,74.6,0.12,0.12,0.093526,1776213965000
1776213967.318,67.318,0.52,9.33,0.51,74.6,0.64,5.0,0.65,5.0,0.36,5.0,0.35,5.0,0.48,9.33,0.49,74.6,0.12,0.12,0.093528,1776213966000
1776213967.899,67.899,0.52,9.33,0.51,74.6,0.64,5.0,0.65,5.0,0.36,5.0,0.35,5.0,0.48,9.33,0.49,74.6,0.12,0.12,0.093528,1776213967000
1776213968.924,68.924,0.52,9.33,0.51,74.6,0.64,5.0,0.65,5.0,0.36,5.0,0.35,5.0,0.48,9.33,0.49,74.6,0.12,0.12,0.093528,1776213968000
1776213969.965,69.965,0.52,9.33,0.51,74.6,0.64,5.0,0.65,5.0,0.36,5.0,0.35,5.0,0.48,9.33,0.49,74.6,0.12,0.12,0.093525,1776213969000
1776213971.034,71.034,0.52,9.33,0.51,74.6,0.64,5.0,0.65,5.0,0.36,5.0,0.35,5.0,0.48,9.33,0.49,74.6,0.12,0.12,0.093525,1776213970000
1776213972.082,72.082,0.52,9.33,0.51,74.6,0.64,5.0,0.65,5.0,0.36,5.0,0.35,5.0,0.48,9.33,0.49,74.6,0.12,0.12,0.09352,1776213971000
1776213973.096,73.096,0.52,9.33,0.51,74.6,0.64,5.0,0.65,5.0,0.36,5.0,0.35,5.0,0.48,9.33,0.49,74.6,0.12,0.12,0.093512,1776213972000
1776213974.225,74.225,0.52,9.33,0.51,74.6,0.64,5.0,0.65,5.0,0.36,5.0,0.35,5.0,0.48,9.33,0.49,74.6,0.12,0.12,0.093512,1776213973000
1776213975.318,75.318,0.52,9.33,0.51,74.6,0.64,5.0,0.65,5.0,0.36,5.0,0.35,5.0,0.48,9.33,0.49,74.6,0.12,0.12,0.093508,1776213974000
1776213976.309,76.309,0.51,19.6,0.49,15.0,0.6,10.8,0.61,15.9,0.4,10.8,0.39,15.9,0.49,19.6,0.51,15.0,0.09,0.09,0.09351,1776213975000
1776213977.435,77.435,0.51,19.6,0.49,15.0,0.6,10.8,0.61,15.9,0.4,10.8,0.39,15.9,0.49,19.6,0.51,15.0,0.09,0.09,0.093511,1776213976000
1776213977.969,77.969,0.51,19.6,0.49,15.0,0.6,10.8,0.61,15.9,0.4,10.8,0.39,15.9,0.49,19.6,0.51,15.0,0.09,0.09,0.093511,1776213977000
1776213978.313,78.313,0.51,12.13,0.49,5.0,0.52,33.0,0.59,10.7,0.4,10.8,0.39,80.9,0.49,17.13,0.51,5.0,0.01,0.09,0.093511,1776213977000
1776213979.464,79.464,0.35,5.0,0.31,12.2,0.51,32.87,0.52,33.0,0.49,32.87,0.48,33.0,0.65,5.0,0.69,12.2,0.16,0.16,0.093498,1776213978000
1776213979.995,79.995,0.35,5.0,0.31,12.2,0.51,32.87,0.52,33.0,0.49,32.87,0.48,33.0,0.65,5.0,0.69,12.2,0.16,0.16,0.093493,1776213979000
1776213981.01,81.01,0.35,5.0,0.31,12.2,0.51,32.87,0.52,33.0,0.49,32.87,0.48,33.0,0.65,5.0,0.69,12.2,0.16,0.16,0.093467,1776213980000
1776213982.048,82.048,0.35,5.0,0.31,12.2,0.51,32.87,0.52,33.0,0.49,32.87,0.48,33.0,0.65,5.0,0.69,12.2,0.16,0.16,0.093465,1776213981000
1776213983.071,83.071,0.35,5.0,0.31,12.2,0.51,32.87,0.52,33.0,0.49,32.87,0.48,33.0,0.65,5.0,0.69,12.2,0.16,0.16,0.093451,1776213982000
1776213983.546,83.546,0.27,12.38,0.26,18.5,0.28,5.0,0.36,5.0,0.49,32.87,0.48,33.0,0.65,5.0,0.69,12.2,0.01,0.16,0.093451,1776213982000
1776213984.101,84.101,0.27,12.38,0.26,18.5,0.28,5.0,0.36,5.0,0.72,5.0,0.64,5.0,0.73,12.38,0.74,18.5,0.01,0.01,0.093451,1776213983000
1776213985.098,85.098,0.27,12.38,0.26,18.5,0.28,5.0,0.36,5.0,0.72,5.0,0.64,5.0,0.73,12.38,0.74,18.5,0.01,0.01,0.093449,1776213984000
1776213986.056,86.056,0.27,12.38,0.26,18.5,0.28,5.0,0.36,5.0,0.72,5.0,0.64,5.0,0.73,12.38,0.74,18.5,0.01,0.01,0.09344,1776213985000
1776213986.329,86.329,0.26,13.5,0.25,18.9,0.32,5.0,0.37,5.0,0.72,5.0,0.64,5.0,0.73,12.38,0.74,18.5,0.06,0.01,0.09344,1776213985000
1776213987.044,87.044,0.26,13.5,0.25,18.9,0.32,5.0,0.37,5.0,0.68,5.0,0.63,5.0,0.74,13.5,0.75,18.9,0.06,0.06,0.093439,1776213986000
1776213987.969,87.969,0.26,13.5,0.25,18.9,0.32,5.0,0.37,5.0,0.68,5.0,0.63,5.0,0.74,13.5,0.75,18.9,0.06,0.06,0.09344,1776213987000
1776213988.987,88.987,0.26,13.5,0.25,18.9,0.32,5.0,0.37,5.0,0.68,5.0,0.63,5.0,0.74,13.5,0.75,18.9,0.06,0.06,0.093441,1776213988000
1776213989.917,89.917,0.26,13.5,0.25,18.9,0.32,5.0,0.37,5.0,0.68,5.0,0.63,5.0,0.74,13.5,0.75,18.9,0.06,0.06,0.093439,1776213989000
1776213990.896,90.896,0.26,13.5,0.25,18.9,0.32,5.0,0.37,5.0,0.68,5.0,0.63,5.0,0.74,13.5,0.75,18.9,0.06,0.06,0.093436,1776213990000
1776213992.76,92.76,0.26,13.5,0.25,18.9,0.32,5.0,0.37,5.0,0.68,5.0,0.63,5.0,0.74,13.5,0.75,18.9,0.06,0.06,0.093443,1776213991000
1776213993.382,93.382,0.26,13.5,0.25,18.9,0.32,5.0,0.37,5.0,0.68,5.0,0.63,5.0,0.74,13.5,0.75,18.9,0.06,0.06,0.093443,1776213992000
1776213994.184,94.184,0.26,13.5,0.25,18.9,0.32,5.0,0.37,5.0,0.68,5.0,0.63,5.0,0.74,13.5,0.75,18.9,0.06,0.06,0.093441,1776213993000
1776213995.377,95.377,0.26,13.5,0.25,18.9,0.32,5.0,0.37,5.0,0.68,5.0,0.63,5.0,0.74,13.5,0.75,18.9,0.06,0.06,0.09346,1776213994000
1776213995.986,95.986,0.26,13.5,0.25,18.9,0.32,5.0,0.37,5.0,0.68,5.0,0.63,5.0,0.74,13.5,0.75,18.9,0.06,0.06,0.09346,1776213995000
1776213997.217,97.217,0.26,13.5,0.25,18.9,0.32,5.0,0.37,5.0,0.68,5.0,0.63,5.0,0.74,13.5,0.75,18.9,0.06,0.06,0.09346,1776213996000
1776213998.307,98.307,0.26,13.5,0.25,18.9,0.32,5.0,0.37,5.0,0.68,5.0,0.63,5.0,0.74,13.5,0.75,18.9,0.06,0.06,0.093466,1776213997000
1776213998.933,98.933,0.26,13.5,0.25,18.9,0.32,5.0,0.37,5.0,0.68,5.0,0.63,5.0,0.74,13.5,0.75,18.9,0.06,0.06,0.093469,1776213998000
1776214000.238,100.238,0.26,13.5,0.25,18.9,0.32,5.0,0.37,5.0,0.68,5.0,0.63,5.0,0.74,13.5,0.75,18.9,0.06,0.06,0.09348,1776213999000
1776214001.305,101.305,0.26,13.5,0.25,18.9,0.32,5.0,0.37,5.0,0.68,5.0,0.63,5.0,0.74,13.5,0.75,18.9,0.06,0.06,0.09349,1776214000000
1776214001.97,101.97,0.26,13.5,0.25,18.9,0.32,5.0,0.37,5.0,0.68,5.0,0.63,5.0,0.74,13.5,0.75,18.9,0.06,0.06,0.093491,1776214001000
1776214003.134,103.134,0.26,13.5,0.25,18.9,0.32,5.0,0.37,5.0,0.68,5.0,0.63,5.0,0.74,13.5,0.75,18.9,0.06,0.06,0.093491,1776214002000
1776214004.327,104.327,0.26,13.5,0.25,18.9,0.32,5.0,0.37,5.0,0.68,5.0,0.63,5.0,0.74,13.5,0.75,18.9,0.06,0.06,0.093482,1776214003000
1776214005.342,105.342,0.26,13.5,0.25,18.9,0.32,5.0,0.37,5.0,0.68,5.0,0.63,5.0,0.74,13.5,0.75,18.9,0.06,0.06,0.093481,1776214004000
1776214005.918,105.918,0.26,13.5,0.25,18.9,0.32,5.0,0.37,5.0,0.68,5.0,0.63,5.0,0.74,13.5,0.75,18.9,0.06,0.06,0.093481,1776214005000
1776214007.134,107.134,0.26,13.5,0.25,18.9,0.32,5.0,0.37,5.0,0.68,5.0,0.63,5.0,0.74,13.5,0.75,18.9,0.06,0.06,0.093485,1776214006000
1776214008.196,108.196,0.26,13.5,0.25,18.9,0.32,5.0,0.37,5.0,0.68,5.0,0.63,5.0,0.74,13.5,0.75,18.9,0.06,0.06,0.093485,1776214007000
1776214008.526,108.526,0.42,4.88,0.41,5.0,0.53,5.0,0.55,5.0,0.68,5.0,0.63,5.0,0.74,13.5,0.75,18.9,0.11,0.06,0.093485,1776214007000
1776214009.221,109.221,0.42,4.88,0.41,5.0,0.53,5.0,0.55,5.0,0.47,5.0,0.45,5.0,0.58,4.88,0.59,5.0,0.11,0.11,0.093485,1776214008000
1776214010.315,110.315,0.42,4.88,0.41,5.0,0.53,5.0,0.55,5.0,0.47,5.0,0.45,5.0,0.58,4.88,0.59,5.0,0.11,0.11,0.093483,1776214009000
1776214011.409,111.409,0.42,4.88,0.41,5.0,0.53,5.0,0.55,5.0,0.47,5.0,0.45,5.0,0.58,4.88,0.59,5.0,0.11,0.11,0.093486,1776214010000
1776214011.821,111.821,0.42,4.88,0.41,5.0,0.53,5.0,0.55,5.0,0.47,5.0,0.45,5.0,0.58,4.88,0.59,5.0,0.11,0.11,0.093487,1776214011000
1776214012.903,112.903,0.42,4.88,0.41,5.0,0.53,5.0,0.55,5.0,0.47,5.0,0.45,5.0,0.58,4.88,0.59,5.0,0.11,0.11,0.093487,1776214012000
1776214013.854,113.854,0.42,4.88,0.41,5.0,0.53,5.0,0.55,5.0,0.47,5.0,0.45,5.0,0.58,4.88,0.59,5.0,0.11,0.11,0.093488,1776214013000
1776214014.871,114.871,0.42,4.88,0.41,5.0,0.53,5.0,0.55,5.0,0.47,5.0,0.45,5.0,0.58,4.88,0.59,5.0,0.11,0.11,0.093488,1776214014000
1776214016.04,116.04,0.42,4.88,0.41,5.0,0.53,5.0,0.55,5.0,0.47,5.0,0.45,5.0,0.58,4.88,0.59,5.0,0.11,0.11,0.09349,1776214015000
1776214017.036,117.036,0.42,4.88,0.41,5.0,0.53,5.0,0.55,5.0,0.47,5.0,0.45,5.0,0.58,4.88,0.59,5.0,0.11,0.11,0.093492,1776214016000
1776214017.982,117.982,0.42,4.88,0.41,5.0,0.53,5.0,0.55,5.0,0.47,5.0,0.45,5.0,0.58,4.88,0.59,5.0,0.11,0.11,0.093494,1776214017000
1776214018.975,118.975,0.42,4.88,0.41,5.0,0.53,5.0,0.55,5.0,0.47,5.0,0.45,5.0,0.58,4.88,0.59,5.0,0.11,0.11,0.093494,1776214018000
1776214020.033,120.033,0.42,4.88,0.41,5.0,0.53,5.0,0.55,5.0,0.47,5.0,0.45,5.0,0.58,4.88,0.59,5.0,0.11,0.11,0.093495,1776214019000
1776214021.527,121.527,0.42,4.88,0.41,5.0,0.53,5.0,0.55,5.0,0.47,5.0,0.45,5.0,0.58,4.88,0.59,5.0,0.11,0.11,0.093495,1776214020000
1776214022.037,122.037,0.42,4.88,0.41,5.0,0.53,5.0,0.55,5.0,0.47,5.0,0.45,5.0,0.58,4.88,0.59,5.0,0.11,0.11,0.093494,1776214021000
1776214023.335,123.335,0.42,4.88,0.41,5.0,0.53,5.0,0.55,5.0,0.47,5.0,0.45,5.0,0.58,4.88,0.59,5.0,0.11,0.11,0.093493,1776214022000
1776214023.97,123.97,0.42,4.88,0.41,5.0,0.53,5.0,0.55,5.0,0.47,5.0,0.45,5.0,0.58,4.88,0.59,5.0,0.11,0.11,0.093493,1776214023000
1776214025.066,125.066,0.42,4.88,0.41,5.0,0.53,5.0,0.55,5.0,0.47,5.0,0.45,5.0,0.58,4.88,0.59,5.0,0.11,0.11,0.093493,1776214024000
1776214026.252,126.252,0.42,4.88,0.41,5.0,0.53,5.0,0.55,5.0,0.47,5.0,0.45,5.0,0.58,4.88,0.59,5.0,0.11,0.11,0.093493,1776214025000
1776214027.534,127.534,0.42,4.88,0.41,5.0,0.53,5.0,0.55,5.0,0.47,5.0,0.45,5.0,0.58,4.88,0.59,5.0,0.11,0.11,0.093491,1776214026000
1776214028.182,128.182,0.42,4.88,0.41,5.0,0.53,5.0,0.55,5.0,0.47,5.0,0.45,5.0,0.58,4.88,0.59,5.0,0.11,0.11,0.093489,1776214027000
1776214029.274,129.274,0.42,4.88,0.41,5.0,0.53,5.0,0.55,5.0,0.47,5.0,0.45,5.0,0.58,4.88,0.59,5.0,0.11,0.11,0.09349,1776214028000
1776214030.445,130.445,0.42,4.88,0.41,5.0,0.53,5.0,0.55,5.0,0.47,5.0,0.45,5.0,0.58,4.88,0.59,5.0,0.11,0.11,0.093489,1776214029000
1776214031.017,131.017,0.42,4.88,0.41,5.0,0.53,5.0,0.55,5.0,0.47,5.0,0.45,5.0,0.58,4.88,0.59,5.0,0.11,0.11,0.093489,1776214030000
1776214032.151,132.151,0.42,4.88,0.41,5.0,0.53,5.0,0.55,5.0,0.47,5.0,0.45,5.0,0.58,4.88,0.59,5.0,0.11,0.11,0.093487,1776214031000
1776214033.558,133.558,0.42,4.88,0.41,5.0,0.53,5.0,0.55,5.0,0.47,5.0,0.45,5.0,0.58,4.88,0.59,5.0,0.11,0.11,0.093487,1776214032000
1776214034.122,134.122,0.42,4.88,0.41,5.0,0.53,5.0,0.55,5.0,0.47,5.0,0.45,5.0,0.58,4.88,0.59,5.0,0.11,0.11,0.093487,1776214033000
1776214035.364,135.364,0.42,4.88,0.41,5.0,0.53,5.0,0.55,5.0,0.47,5.0,0.45,5.0,0.58,4.88,0.59,5.0,0.11,0.11,0.093487,1776214034000
1776214036.919,136.919,0.42,4.88,0.41,5.0,0.53,5.0,0.55,5.0,0.47,5.0,0.45,5.0,0.58,4.88,0.59,5.0,0.11,0.11,0.093487,1776214035000
1776214037.597,137.597,0.42,4.88,0.41,5.0,0.53,5.0,0.55,5.0,0.47,5.0,0.45,5.0,0.58,4.88,0.59,5.0,0.11,0.11,0.093487,1776214036000
1776214038.718,138.718,0.42,4.88,0.41,5.0,0.53,5.0,0.55,5.0,0.47,5.0,0.45,5.0,0.58,4.88,0.59,5.0,0.11,0.11,0.093486,1776214037000
1776214039.352,139.352,0.42,4.88,0.41,5.0,0.53,5.0,0.55,5.0,0.47,5.0,0.45,5.0,0.58,4.88,0.59,5.0,0.11,0.11,0.093489,1776214038000
1776214039.949,139.949,0.42,4.88,0.41,5.0,0.53,5.0,0.55,5.0,0.47,5.0,0.45,5.0,0.58,4.88,0.59,5.0,0.11,0.11,0.09349,1776214039000
1776214041.273,141.273,0.42,4.88,0.41,5.0,0.53,5.0,0.55,5.0,0.47,5.0,0.45,5.0,0.58,4.88,0.59,5.0,0.11,0.11,0.09349,1776214040000
1776214042.473,142.473,0.42,4.88,0.41,5.0,0.53,5.0,0.55,5.0,0.47,5.0,0.45,5.0,0.58,4.88,0.59,5.0,0.11,0.11,0.093489,1776214041000
1776214043.237,143.237,0.42,4.88,0.41,5.0,0.53,5.0,0.55,5.0,0.47,5.0,0.45,5.0,0.58,4.88,0.59,5.0,0.11,0.11,0.093489,1776214042000
1776214044.483,144.483,0.32,5.0,0.31,5.0,0.47,1.66,0.51,50.0,0.53,1.66,0.49,50.0,0.68,5.0,0.69,5.0,0.15,0.15,0.093479,1776214043000
1776214045.211,145.211,0.32,5.0,0.31,5.0,0.47,1.66,0.51,50.0,0.53,1.66,0.49,50.0,0.68,5.0,0.69,5.0,0.15,0.15,0.093467,1776214044000
1776214046.451,146.451,0.32,5.0,0.31,5.0,0.47,1.66,0.51,50.0,0.53,1.66,0.49,50.0,0.68,5.0,0.69,5.0,0.15,0.15,0.093456,1776214045000
1776214047.13,147.13,0.32,5.0,0.31,5.0,0.47,1.66,0.51,50.0,0.53,1.66,0.49,50.0,0.68,5.0,0.69,5.0,0.15,0.15,0.093454,1776214046000
1776214048.346,148.346,0.32,5.0,0.31,5.0,0.47,1.66,0.51,50.0,0.53,1.66,0.49,50.0,0.68,5.0,0.69,5.0,0.15,0.15,0.093454,1776214047000
1776214049.02,149.02,0.32,5.0,0.31,5.0,0.47,1.66,0.51,50.0,0.53,1.66,0.49,50.0,0.68,5.0,0.69,5.0,0.15,0.15,0.093454,1776214048000
1776214050.352,150.352,0.32,5.0,0.31,5.0,0.47,1.66,0.51,50.0,0.53,1.66,0.49,50.0,0.68,5.0,0.69,5.0,0.15,0.15,0.093452,1776214049000
1776214051.079,151.079,0.32,5.0,0.31,5.0,0.47,1.66,0.51,50.0,0.53,1.66,0.49,50.0,0.68,5.0,0.69,5.0,0.15,0.15,0.093452,1776214050000
1776214052.341,152.341,0.32,5.0,0.31,5.0,0.47,1.66,0.51,50.0,0.53,1.66,0.49,50.0,0.68,5.0,0.69,5.0,0.15,0.15,0.09345,1776214051000
1776214054.397,154.397,0.32,5.0,0.31,5.0,0.47,1.66,0.51,50.0,0.53,1.66,0.49,50.0,0.68,5.0,0.69,5.0,0.15,0.15,0.093442,1776214053000
1776214055.324,155.324,0.32,5.0,0.31,5.0,0.47,1.66,0.51,50.0,0.53,1.66,0.49,50.0,0.68,5.0,0.69,5.0,0.15,0.15,0.093442,1776214054000
1776214055.967,155.967,0.32,5.0,0.31,5.0,0.47,1.66,0.51,50.0,0.53,1.66,0.49,50.0,0.68,5.0,0.69,5.0,0.15,0.15,0.093439,1776214055000
1776214057.082,157.082,0.32,5.0,0.31,5.0,0.47,1.66,0.51,50.0,0.53,1.66,0.49,50.0,0.68,5.0,0.69,5.0,0.15,0.15,0.093438,1776214056000
1776214058.219,158.219,0.32,5.0,0.31,5.0,0.47,1.66,0.51,50.0,0.53,1.66,0.49,50.0,0.68,5.0,0.69,5.0,0.15,0.15,0.093437,1776214057000
1776214058.908,158.908,0.32,5.0,0.31,5.0,0.47,1.66,0.51,50.0,0.53,1.66,0.49,50.0,0.68,5.0,0.69,5.0,0.15,0.15,0.093441,1776214058000
1776214059.259,159.259,0.23,14.7,0.22,15.2,0.35,5.0,0.36,11.3,0.53,1.66,0.49,50.0,0.68,5.0,0.69,5.0,0.12,0.15,0.093441,1776214058000
1776214060.152,160.152,0.23,14.7,0.22,15.2,0.35,5.0,0.36,11.3,0.65,5.0,0.64,11.3,0.77,14.7,0.78,15.2,0.12,0.12,0.093452,1776214059000
1776214061.281,161.281,0.23,14.7,0.22,15.2,0.35,5.0,0.36,11.3,0.65,5.0,0.64,11.3,0.77,14.7,0.78,15.2,0.12,0.12,0.093452,1776214060000
1776214062.335,162.335,0.23,14.7,0.22,15.2,0.35,5.0,0.36,11.3,0.65,5.0,0.64,11.3,0.77,14.7,0.78,15.2,0.12,0.12,0.093451,1776214061000
1776214063.062,163.062,0.23,14.7,0.22,15.2,0.35,5.0,0.36,11.3,0.65,5.0,0.64,11.3,0.77,14.7,0.78,15.2,0.12,0.12,0.093451,1776214062000
1776214064.494,164.494,0.23,14.7,0.22,15.2,0.35,5.0,0.36,11.3,0.65,5.0,0.64,11.3,0.77,14.7,0.78,15.2,0.12,0.12,0.093452,1776214063000
1776214065.033,165.033,0.23,14.7,0.22,15.2,0.35,5.0,0.36,11.3,0.65,5.0,0.64,11.3,0.77,14.7,0.78,15.2,0.12,0.12,0.093455,1776214064000
1776214066.218,166.218,0.23,14.7,0.22,15.2,0.35,5.0,0.36,11.3,0.65,5.0,0.64,11.3,0.77,14.7,0.78,15.2,0.12,0.12,0.093459,1776214065000
1776214067.484,167.484,0.23,14.7,0.22,15.2,0.35,5.0,0.36,11.3,0.65,5.0,0.64,11.3,0.77,14.7,0.78,15.2,0.12,0.12,0.093457,1776214066000
1776214067.98,167.98,0.23,14.7,0.22,15.2,0.35,5.0,0.36,11.3,0.65,5.0,0.64,11.3,0.77,14.7,0.78,15.2,0.12,0.12,0.093458,1776214067000
1776214069.777,169.777,0.23,14.7,0.22,15.2,0.35,5.0,0.36,11.3,0.65,5.0,0.64,11.3,0.77,14.7,0.78,15.2,0.12,0.12,0.093459,1776214068000
1776214070.307,170.307,0.23,14.7,0.22,15.2,0.35,5.0,0.36,11.3,0.65,5.0,0.64,11.3,0.77,14.7,0.78,15.2,0.12,0.12,0.093459,1776214069000
1776214071.271,171.271,0.23,14.7,0.22,15.2,0.35,5.0,0.36,11.3,0.65,5.0,0.64,11.3,0.77,14.7,0.78,15.2,0.12,0.12,0.093458,1776214070000
1776214072.298,172.298,0.23,14.7,0.22,15.2,0.35,5.0,0.36,11.3,0.65,5.0,0.64,11.3,0.77,14.7,0.78,15.2,0.12,0.12,0.093462,1776214071000
1776214073.183,173.183,0.23,14.7,0.22,15.2,0.35,5.0,0.36,11.3,0.65,5.0,0.64,11.3,0.77,14.7,0.78,15.2,0.12,0.12,0.093477,1776214072000
1776214074.166,174.166,0.23,14.7,0.22,15.2,0.35,5.0,0.36,11.3,0.65,5.0,0.64,11.3,0.77,14.7,0.78,15.2,0.12,0.12,0.093488,1776214073000
1776214075.181,175.181,0.23,14.7,0.22,15.2,0.35,5.0,0.36,11.3,0.65,5.0,0.64,11.3,0.77,14.7,0.78,15.2,0.12,0.12,0.093489,1776214074000
1776214076.162,176.162,0.23,14.7,0.22,15.2,0.35,5.0,0.36,11.3,0.65,5.0,0.64,11.3,0.77,14.7,0.78,15.2,0.12,0.12,0.093489,1776214075000
1776214077.089,177.089,0.23,14.7,0.22,15.2,0.35,5.0,0.36,11.3,0.65,5.0,0.64,11.3,0.77,14.7,0.78,15.2,0.12,0.12,0.093489,1776214076000
1776214078.117,178.117,0.23,14.7,0.22,15.2,0.35,5.0,0.36,11.3,0.65,5.0,0.64,11.3,0.77,14.7,0.78,15.2,0.12,0.12,0.093489,1776214077000
1776214079.14,179.14,0.23,14.7,0.22,15.2,0.35,5.0,0.36,11.3,0.65,5.0,0.64,11.3,0.77,14.7,0.78,15.2,0.12,0.12,0.093489,1776214078000
1776214080.135,180.135,0.23,14.7,0.22,15.2,0.35,5.0,0.36,11.3,0.65,5.0,0.64,11.3,0.77,14.7,0.78,15.2,0.12,0.12,0.093489,1776214079000
1776214081.065,181.065,0.23,14.7,0.22,15.2,0.35,5.0,0.36,11.3,0.65,5.0,0.64,11.3,0.77,14.7,0.78,15.2,0.12,0.12,0.093489,1776214080000
1776214082.677,182.677,0.23,14.7,0.22,15.2,0.35,5.0,0.36,11.3,0.65,5.0,0.64,11.3,0.77,14.7,0.78,15.2,0.12,0.12,0.093489,1776214081000
1776214083.29,183.29,0.23,14.7,0.22,15.2,0.35,5.0,0.36,11.3,0.65,5.0,0.64,11.3,0.77,14.7,0.78,15.2,0.12,0.12,0.093489,1776214082000
1776214085.222,185.222,0.23,14.7,0.22,15.2,0.35,5.0,0.36,11.3,0.65,5.0,0.64,11.3,0.77,14.7,0.78,15.2,0.12,0.12,0.093489,1776214084000
1776214086.71,186.71,0.23,14.7,0.22,15.2,0.35,5.0,0.36,11.3,0.65,5.0,0.64,11.3,0.77,14.7,0.78,15.2,0.12,0.12,0.09349,1776214085000
1776214087.418,187.418,0.23,14.7,0.22,15.2,0.35,5.0,0.36,11.3,0.65,5.0,0.64,11.3,0.77,14.7,0.78,15.2,0.12,0.12,0.09349,1776214086000
1776214088.145,188.145,0.23,14.7,0.22,15.2,0.35,5.0,0.36,11.3,0.65,5.0,0.64,11.3,0.77,14.7,0.78,15.2,0.12,0.12,0.09349,1776214087000
1776214089.554,189.554,0.23,14.7,0.22,15.2,0.35,5.0,0.36,11.3,0.65,5.0,0.64,11.3,0.77,14.7,0.78,15.2,0.12,0.12,0.09349,1776214088000
1776214090.317,190.317,0.23,14.7,0.22,15.2,0.35,5.0,0.36,11.3,0.65,5.0,0.64,11.3,0.77,14.7,0.78,15.2,0.12,0.12,0.09349,1776214089000
1776214091.783,191.783,0.23,14.7,0.22,15.2,0.35,5.0,0.36,11.3,0.65,5.0,0.64,11.3,0.77,14.7,0.78,15.2,0.12,0.12,0.093492,1776214090000
1776214092.744,192.744,0.23,14.7,0.22,15.2,0.35,5.0,0.36,11.3,0.65,5.0,0.64,11.3,0.77,14.7,0.78,15.2,0.12,0.12,0.093491,1776214091000
1776214093.339,193.339,0.23,14.7,0.22,15.2,0.35,5.0,0.36,11.3,0.65,5.0,0.64,11.3,0.77,14.7,0.78,15.2,0.12,0.12,0.093493,1776214092000
1776214094.191,194.191,0.23,14.7,0.22,15.2,0.35,5.0,0.36,11.3,0.65,5.0,0.64,11.3,0.77,14.7,0.78,15.2,0.12,0.12,0.093492,1776214093000
1776214095.512,195.512,0.23,14.7,0.22,15.2,0.35,5.0,0.36,11.3,0.65,5.0,0.64,11.3,0.77,14.7,0.78,15.2,0.12,0.12,0.093492,1776214094000
1776214096.246,196.246,0.23,14.7,0.22,15.2,0.35,5.0,0.36,11.3,0.65,5.0,0.64,11.3,0.77,14.7,0.78,15.2,0.12,0.12,0.093491,1776214095000
1776214097.765,197.765,0.23,14.7,0.22,15.2,0.35,5.0,0.36,11.3,0.65,5.0,0.64,11.3,0.77,14.7,0.78,15.2,0.12,0.12,0.093492,1776214096000
1776214098.37,198.37,0.23,14.7,0.22,15.2,0.35,5.0,0.36,11.3,0.65,5.0,0.64,11.3,0.77,14.7,0.78,15.2,0.12,0.12,0.093492,1776214097000
1776214099.127,199.127,0.23,14.7,0.22,15.2,0.35,5.0,0.36,11.3,0.65,5.0,0.64,11.3,0.77,14.7,0.78,15.2,0.12,0.12,0.093492,1776214098000
1776214100.652,200.652,0.23,14.7,0.22,15.2,0.35,5.0,0.36,11.3,0.65,5.0,0.64,11.3,0.77,14.7,0.78,15.2,0.12,0.12,0.093492,1776214099000
1776214101.453,201.453,0.37,16.2,0.36,11.3,0.53,10.4,0.54,10.5,0.65,5.0,0.64,11.3,0.77,14.7,0.78,15.2,0.16,0.12,0.093492,1776214099000
1776214101.689,201.689,0.37,16.2,0.36,11.3,0.53,10.4,0.54,10.5,0.47,10.4,0.46,10.5,0.63,16.2,0.64,11.3,0.16,0.16,0.093492,1776214100000
1776214102.331,202.331,0.37,16.2,0.36,11.3,0.53,10.4,0.54,10.5,0.47,10.4,0.46,10.5,0.63,16.2,0.64,11.3,0.16,0.16,0.093493,1776214101000
1776214103.39,203.39,0.37,16.2,0.36,11.3,0.53,10.4,0.54,10.5,0.47,10.4,0.46,10.5,0.63,16.2,0.64,11.3,0.16,0.16,0.093493,1776214102000
1776214104.131,204.131,0.37,16.2,0.36,11.3,0.53,10.4,0.54,10.5,0.47,10.4,0.46,10.5,0.63,16.2,0.64,11.3,0.16,0.16,0.093492,1776214103000
1776214105.58,205.58,0.37,16.2,0.36,11.3,0.53,10.4,0.54,10.5,0.47,10.4,0.46,10.5,0.63,16.2,0.64,11.3,0.16,0.16,0.093493,1776214104000
1776214106.282,206.282,0.37,16.2,0.36,11.3,0.53,10.4,0.54,10.5,0.47,10.4,0.46,10.5,0.63,16.2,0.64,11.3,0.16,0.16,0.093493,1776214105000
1776214107.074,207.074,0.37,16.2,0.36,11.3,0.53,10.4,0.54,10.5,0.47,10.4,0.46,10.5,0.63,16.2,0.64,11.3,0.16,0.16,0.093493,1776214106000
1776214108.491,208.491,0.41,50.0,0.39,20.0,0.7,12.4,0.71,12.6,0.3,12.4,0.29,12.6,0.59,50.0,0.61,20.0,0.29,0.29,0.093494,1776214107000
1776214109.116,209.116,0.41,50.0,0.39,20.0,0.7,12.4,0.71,12.6,0.3,12.4,0.29,12.6,0.59,50.0,0.61,20.0,0.29,0.29,0.093501,1776214108000
1776214110.516,210.516,0.24,16.09,0.2,16.2,0.51,90.0,0.61,50.0,0.3,12.4,0.29,12.6,0.59,50.0,0.61,20.0,0.27,0.29,0.093501,1776214108000
1776214111.043,211.043,0.23,1.14,0.2,12.48,0.41,68.0,0.47,20.0,0.59,50.0,0.49,90.0,0.8,12.48,0.81,16.89,0.18,0.21,0.093507,1776214109000
1776214112.581,212.581,0.21,47.35,0.2,12.48,0.41,18.0,0.51,50.0,0.59,18.0,0.49,50.0,0.79,47.35,0.8,12.48,0.2,0.2,0.093493,1776214111000
1776214113.157,213.157,0.21,47.35,0.2,12.48,0.41,18.0,0.51,50.0,0.59,18.0,0.49,50.0,0.79,47.35,0.8,12.48,0.2,0.2,0.093462,1776214112000
1776214114.618,214.618,0.21,47.35,0.2,12.48,0.41,18.0,0.51,50.0,0.59,18.0,0.49,50.0,0.79,47.35,0.8,12.48,0.2,0.2,0.093456,1776214113000
1776214115.182,215.182,0.21,47.35,0.2,12.48,0.41,18.0,0.51,50.0,0.59,18.0,0.49,50.0,0.79,47.35,0.8,12.48,0.2,0.2,0.093457,1776214114000
1776214115.999,215.999,0.22,15.2,0.21,63.05,0.41,32.88,0.49,20.0,0.59,18.0,0.49,50.0,0.79,47.35,0.8,12.48,0.19,0.2,0.093457,1776214114000
1776214116.551,216.551,0.22,15.2,0.21,63.05,0.41,32.88,0.49,20.0,0.59,32.88,0.51,20.0,0.78,15.2,0.79,63.05,0.19,0.19,0.093457,1776214115000
1776214117.201,217.201,0.22,15.2,0.21,63.05,0.41,32.88,0.49,20.0,0.59,32.88,0.51,20.0,0.78,15.2,0.79,63.05,0.19,0.19,0.093456,1776214116000
1776214118.595,218.595,0.22,15.2,0.21,63.05,0.41,32.88,0.49,20.0,0.59,32.88,0.51,20.0,0.78,15.2,0.79,63.05,0.19,0.19,0.093457,1776214117000
1776214120.007,220.007,0.22,15.2,0.21,63.05,0.41,32.88,0.49,20.0,0.59,32.88,0.51,20.0,0.78,15.2,0.79,63.05,0.19,0.19,0.093454,1776214118000
1776214120.898,220.898,0.22,15.2,0.21,63.05,0.41,32.88,0.49,20.0,0.59,32.88,0.51,20.0,0.78,15.2,0.79,63.05,0.19,0.19,0.093454,1776214119000
1776214121.618,221.618,0.16,13.34,0.15,20.39,0.41,82.88,0.43,20.0,0.59,82.88,0.57,20.0,0.84,13.34,0.85,20.39,0.25,0.25,0.093452,1776214120000
1776214122.647,222.647,0.16,13.34,0.15,20.39,0.41,82.88,0.43,20.0,0.59,82.88,0.57,20.0,0.84,13.34,0.85,20.39,0.25,0.25,0.093446,1776214121000
1776214123.324,223.324,0.16,13.34,0.15,20.39,0.41,82.88,0.43,20.0,0.59,82.88,0.57,20.0,0.84,13.34,0.85,20.39,0.25,0.25,0.093439,1776214122000
1776214124.697,224.697,0.16,13.34,0.15,20.39,0.41,82.88,0.43,20.0,0.59,82.88,0.57,20.0,0.84,13.34,0.85,20.39,0.25,0.25,0.093438,1776214123000
1776214125.354,225.354,0.16,13.34,0.15,20.39,0.41,82.88,0.43,20.0,0.59,82.88,0.57,20.0,0.84,13.34,0.85,20.39,0.25,0.25,0.093439,1776214124000
1776214125.986,225.986,0.16,13.34,0.15,20.39,0.41,82.88,0.43,20.0,0.59,82.88,0.57,20.0,0.84,13.34,0.85,20.39,0.25,0.25,0.093439,1776214125000
1776214127.26,227.26,0.16,13.34,0.15,20.39,0.41,82.88,0.43,20.0,0.59,82.88,0.57,20.0,0.84,13.34,0.85,20.39,0.25,0.25,0.093439,1776214126000
1776214128.769,228.769,0.16,13.34,0.15,20.39,0.41,82.88,0.43,20.0,0.59,82.88,0.57,20.0,0.84,13.34,0.85,20.39,0.25,0.25,0.093439,1776214127000
1776214129.328,229.328,0.16,13.34,0.15,20.39,0.41,82.88,0.43,20.0,0.59,82.88,0.57,20.0,0.84,13.34,0.85,20.39,0.25,0.25,0.093439,1776214128000
1776214130.359,230.359,0.16,13.34,0.15,20.39,0.41,82.88,0.43,20.0,0.59,82.88,0.57,20.0,0.84,13.34,0.85,20.39,0.25,0.25,0.093439,1776214129000
1776214131.96,231.96,0.16,13.34,0.15,20.39,0.41,82.88,0.43,20.0,0.59,82.88,0.57,20.0,0.84,13.34,0.85,20.39,0.25,0.25,0.093439,1776214130000
1776214132.607,232.607,0.16,13.34,0.15,20.39,0.41,82.88,0.43,20.0,0.59,82.88,0.57,20.0,0.84,13.34,0.85,20.39,0.25,0.25,0.093439,1776214131000
1776214133.68,233.68,0.16,13.34,0.15,20.39,0.41,82.88,0.43,20.0,0.59,82.88,0.57,20.0,0.84,13.34,0.85,20.39,0.25,0.25,0.093439,1776214132000
1776214134.177,234.177,0.16,13.34,0.15,20.39,0.41,82.88,0.43,20.0,0.59,82.88,0.57,20.0,0.84,13.34,0.85,20.39,0.25,0.25,0.093439,1776214133000
1776214135.64,235.64,0.16,13.34,0.15,20.39,0.41,82.88,0.43,20.0,0.59,82.88,0.57,20.0,0.84,13.34,0.85,20.39,0.25,0.25,0.093439,1776214134000
1776214136.27,236.27,0.16,13.34,0.15,20.39,0.41,82.88,0.43,20.0,0.59,82.88,0.57,20.0,0.84,13.34,0.85,20.39,0.25,0.25,0.093439,1776214135000
1776214137.752,237.752,0.13,20.05,0.12,24.6,0.24,14.3,0.25,13.9,0.76,14.3,0.75,13.9,0.87,20.05,0.88,24.6,0.11,0.11,0.09344,1776214136000
1776214138.779,238.779,0.13,20.05,0.12,24.6,0.24,14.3,0.25,13.9,0.76,14.3,0.75,13.9,0.87,20.05,0.88,24.6,0.11,0.11,0.093436,1776214137000
1776214139.3,239.3,0.13,20.05,0.12,24.6,0.24,14.3,0.25,13.9,0.76,14.3,0.75,13.9,0.87,20.05,0.88,24.6,0.11,0.11,0.093436,1776214138000
1776214139.89,239.89,0.13,20.05,0.12,24.6,0.24,14.3,0.25,13.9,0.76,14.3,0.75,13.9,0.87,20.05,0.88,24.6,0.11,0.11,0.093435,1776214139000
1776214140.879,240.879,0.13,20.05,0.12,24.6,0.24,14.3,0.25,13.9,0.76,14.3,0.75,13.9,0.87,20.05,0.88,24.6,0.11,0.11,0.093435,1776214140000
1776214142.159,242.159,0.13,20.05,0.12,24.6,0.24,14.3,0.25,13.9,0.76,14.3,0.75,13.9,0.87,20.05,0.88,24.6,0.11,0.11,0.093435,1776214141000
1776214142.589,242.589,0.12,22.32,0.11,26.6,0.21,15.7,0.22,15.2,0.76,14.3,0.75,13.9,0.87,20.05,0.88,24.6,0.09,0.11,0.093435,1776214141000
1776214143.011,243.011,0.12,6.97,0.11,26.6,0.21,15.7,0.22,15.2,0.79,15.7,0.78,15.2,0.88,22.32,0.89,26.6,0.09,0.09,0.093435,1776214141000
1776214143.429,243.429,0.12,6.97,0.11,26.6,0.21,15.7,0.22,15.2,0.79,15.7,0.78,15.2,0.88,6.97,0.89,26.6,0.09,0.09,0.093435,1776214142000
1776214143.917,243.917,0.12,6.97,0.11,26.6,0.21,15.7,0.22,15.2,0.79,15.7,0.78,15.2,0.88,6.97,0.89,26.6,0.09,0.09,0.093435,1776214143000
1776214145.002,245.002,0.12,6.97,0.11,26.6,0.21,15.7,0.22,15.2,0.79,15.7,0.78,15.2,0.88,6.97,0.89,26.6,0.09,0.09,0.093435,1776214144000
1776214146.057,246.057,0.12,6.97,0.11,26.6,0.21,15.7,0.22,15.2,0.79,15.7,0.78,15.2,0.88,6.97,0.89,26.6,0.09,0.09,0.093436,1776214145000
1776214146.321,246.321,0.1,27.78,0.09,31.7,0.19,16.89,0.2,16.3,0.79,15.7,0.78,15.2,0.88,6.97,0.89,26.6,0.09,0.09,0.093436,1776214145000
1776214147.244,247.244,0.1,27.78,0.09,31.7,0.19,16.89,0.2,16.3,0.81,16.89,0.8,16.3,0.9,27.78,0.91,31.7,0.09,0.09,0.093435,1776214146000
1776214148.303,248.303,0.1,27.78,0.09,31.7,0.19,16.89,0.2,16.3,0.81,16.89,0.8,16.3,0.9,27.78,0.91,31.7,0.09,0.09,0.093434,1776214147000
1776214149.3,249.3,0.1,27.78,0.09,31.7,0.19,16.89,0.2,16.3,0.81,16.89,0.8,16.3,0.9,27.78,0.91,31.7,0.09,0.09,0.093434,1776214148000
1776214150.35,250.35,0.03,83.46,0.02,15.0,0.1,56.0,0.16,19.3,0.9,56.0,0.84,19.3,0.97,83.46,0.98,15.0,0.07,0.07,0.093386,1776214149000
1776214150.902,250.902,0.03,83.46,0.02,15.0,0.1,56.0,0.16,19.3,0.9,56.0,0.84,19.3,0.97,83.46,0.98,15.0,0.07,0.07,0.09338,1776214150000
1776214151.19,251.19,0.03,82.42,0.02,15.0,0.05,5.0,0.09,38.0,0.9,56.0,0.84,19.3,0.97,83.46,0.98,15.0,0.02,0.07,0.09338,1776214150000
1776214151.957,251.957,0.03,82.42,0.02,15.0,0.05,5.0,0.09,38.0,0.95,5.0,0.91,38.0,0.97,82.42,0.98,15.0,0.02,0.02,0.093358,1776214151000
1776214152.184,252.184,0.03,77.52,0.02,15.0,0.05,10.0,0.09,58.0,0.95,5.0,0.91,38.0,0.97,82.42,0.98,15.0,0.02,0.02,0.093358,1776214151000
1776214153.0,253.0,0.03,77.52,0.02,15.0,0.05,10.0,0.09,58.0,0.95,10.0,0.91,58.0,0.97,77.52,0.98,15.0,0.02,0.02,0.093357,1776214152000
1776214154.103,254.103,0.03,72.52,0.02,15.0,0.05,10.0,0.08,20.0,0.95,10.0,0.92,20.0,0.97,72.52,0.98,15.0,0.02,0.02,0.093349,1776214153000
1776214154.55,254.55,0.03,71.21,0.02,15.0,0.05,10.0,0.06,46.1,0.95,10.0,0.92,20.0,0.97,72.52,0.98,15.0,0.02,0.02,0.093349,1776214153000
1776214155.033,255.033,0.03,15.21,0.02,15.0,0.05,64.7,0.06,46.1,0.95,10.0,0.94,46.1,0.97,20.21,0.98,15.0,0.02,0.02,0.093349,1776214153000
1776214156.091,256.091,0.03,15.21,0.02,15.0,0.05,64.7,0.06,46.1,0.95,64.7,0.94,46.1,0.97,15.21,0.98,15.0,0.02,0.02,0.093346,1776214155000
1776214156.755,256.755,0.03,4.9,0.02,15.0,0.04,72.7,0.05,64.7,0.95,64.7,0.94,46.1,0.97,15.21,0.98,15.0,0.01,0.02,0.093346,1776214155000
1776214157.172,257.172,,,,,0.01,1441.17,0.03,89.3,0.99,133.11,0.96,72.7,,,,,,,0.093346,1776214155000
1776214157.411,257.411,,,,,0.01,1344.65,0.03,89.3,0.99,1439.65,0.97,89.3,,,,,,,0.093345,1776214156000
1776214157.702,257.702,,,,,0.01,1353.47,0.02,132.69,0.99,1344.65,0.97,89.3,,,,,,,0.093345,1776214156000
1776214158.225,258.225,,,,,0.01,1353.47,0.02,132.69,0.99,1353.47,0.98,132.69,,,,,,,0.093337,1776214157000
1776214159.205,259.205,,,,,0.01,1353.47,0.02,132.69,0.99,1353.47,0.98,132.69,,,,,,,0.093328,1776214158000
1776214160.267,260.267,,,,,0.01,1353.47,0.02,132.69,0.99,1353.47,0.98,132.69,,,,,,,0.093325,1776214159000
1776214161.332,261.332,,,,,0.01,1353.47,0.02,132.69,0.99,1353.47,0.98,132.69,,,,,,,0.093325,1776214160000
1776214162.326,262.326,,,,,0.01,1353.47,0.02,132.69,0.99,1353.47,0.98,132.69,,,,,,,0.093325,1776214161000
1776214163.392,263.392,,,,,0.01,1353.47,0.02,132.69,0.99,1353.47,0.98,132.69,,,,,,,0.093325,1776214162000
1776214163.94,263.94,,,,,0.01,1353.47,0.02,132.69,0.99,1353.47,0.98,132.69,,,,,,,0.093327,1776214163000
1776214164.938,264.938,,,,,0.01,1353.47,0.02,132.69,0.99,1353.47,0.98,132.69,,,,,,,0.093327,1776214164000
1776214166.354,266.354,,,,,0.01,1353.47,0.02,132.69,0.99,1353.47,0.98,132.69,,,,,,,0.093329,1776214165000
1776214167.283,267.283,,,,,0.01,1353.47,0.02,132.69,0.99,1353.47,0.98,132.69,,,,,,,0.093329,1776214166000
1776214168.302,268.302,,,,,0.01,1353.47,0.02,132.69,0.99,1353.47,0.98,132.69,,,,,,,0.093329,1776214167000
1776214168.891,268.891,,,,,0.01,1353.47,0.02,132.69,0.99,1353.47,0.98,132.69,,,,,,,0.093329,1776214168000
1776214170.333,270.333,,,,,0.01,1353.47,0.02,132.69,0.99,1353.47,0.98,132.69,,,,,,,0.093329,1776214169000
1776214171.239,271.239,,,,,0.01,1353.47,0.02,132.69,0.99,1353.47,0.98,132.69,,,,,,,0.09332,1776214170000
1776214172.22,272.22,,,,,0.01,1353.47,0.02,132.69,0.99,1353.47,0.98,132.69,,,,,,,0.093318,1776214171000
1776214173.182,273.182,,,,,0.01,1353.47,0.02,132.69,0.99,1353.47,0.98,132.69,,,,,,,0.093313,1776214172000
1776214174.09,274.09,,,,,0.01,1353.47,0.02,132.69,0.99,1353.47,0.98,132.69,,,,,,,0.093313,1776214173000
1776214175.069,275.069,,,,,0.01,1353.47,0.02,132.69,0.99,1353.47,0.98,132.69,,,,,,,0.093311,1776214174000
1776214176.029,276.029,,,,,0.01,1353.47,0.02,132.69,0.99,1353.47,0.98,132.69,,,,,,,0.093311,1776214175000
1776214177.04,277.04,,,,,0.01,1353.47,0.02,132.69,0.99,1353.47,0.98,132.69,,,,,,,0.093306,1776214176000
1776214178.056,278.056,,,,,0.01,1353.47,0.02,132.69,0.99,1353.47,0.98,132.69,,,,,,,0.093303,1776214177000
1776214179.147,279.147,,,,,0.01,1353.47,0.02,132.69,0.99,1353.47,0.98,132.69,,,,,,,0.093299,1776214178000
1776214180.182,280.182,,,,,0.01,1353.47,0.02,132.69,0.99,1353.47,0.98,132.69,,,,,,,0.093299,1776214179000
1776214181.356,281.356,,,,,0.01,1353.47,0.02,132.69,0.99,1353.47,0.98,132.69,,,,,,,0.093298,1776214180000
1776214182.384,282.384,,,,,0.01,1353.47,0.02,132.69,0.99,1353.47,0.98,132.69,,,,,,,0.093298,1776214181000
1776214183.352,283.352,,,,,0.01,1353.47,0.02,132.69,0.99,1353.47,0.98,132.69,,,,,,,0.093299,1776214182000
1776214183.934,283.934,,,,,0.01,1353.47,0.02,132.69,0.99,1353.47,0.98,132.69,,,,,,,0.0933,1776214183000
1776214184.866,284.866,,,,,0.01,1353.47,0.02,132.69,0.99,1353.47,0.98,132.69,,,,,,,0.093292,1776214184000
1776214185.897,285.897,,,,,0.01,1353.47,0.02,132.69,0.99,1353.47,0.98,132.69,,,,,,,0.093293,1776214185000
1776214186.908,286.908,,,,,0.01,1353.47,0.02,132.69,0.99,1353.47,0.98,132.69,,,,,,,0.093292,1776214186000
1776214187.973,287.973,,,,,0.01,1353.47,0.02,132.69,0.99,1353.47,0.98,132.69,,,,,,,0.093292,1776214187000
1776214188.88,288.88,,,,,0.01,1353.47,0.02,132.69,0.99,1353.47,0.98,132.69,,,,,,,0.093288,1776214188000
1776214189.896,289.896,,,,,0.01,1353.47,0.02,132.69,0.99,1353.47,0.98,132.69,,,,,,,0.093283,1776214189000
1776214191.051,291.051,,,,,0.01,1353.47,0.02,132.69,0.99,1353.47,0.98,132.69,,,,,,,0.093283,1776214190000
1776214192.68,292.68,,,,,0.01,1353.47,0.02,132.69,0.99,1353.47,0.98,132.69,,,,,,,0.093284,1776214191000
1776214193.716,293.716,,,,,0.01,1353.47,0.02,132.69,0.99,1353.47,0.98,132.69,,,,,,,0.093285,1776214192000
1776214194.51,294.51,,,,,0.01,1353.47,0.02,132.69,0.99,1353.47,0.98,132.69,,,,,,,0.093284,1776214193000
1776214195.106,295.106,,,,,0.01,1353.47,0.02,132.69,0.99,1353.47,0.98,132.69,,,,,,,0.093281,1776214194000
1776214196.568,296.568,,,,,0.01,1353.47,0.02,132.69,0.99,1353.47,0.98,132.69,,,,,,,0.093281,1776214195000
1776214197.303,297.303,,,,,0.01,1353.47,0.02,132.69,0.99,1353.47,0.98,132.69,,,,,,,0.09328,1776214196000
1776214198.088,298.088,,,,,0.01,1353.47,0.02,132.69,0.99,1353.47,0.98,132.69,,,,,,,0.093294,1776214197000
1776214199.417,299.417,,,,,0.01,1353.47,0.02,132.69,0.99,1353.47,0.98,132.69,,,,,,,0.093308,1776214198000
1776214200.038,300.038,,,,,0.01,1353.47,0.02,132.69,0.99,1353.47,0.98,132.69,,,,,,,0.093309,1776214199000

# RESULT,winner=Down,slug=doge-updown-5m-1776213900,ticks=315
