timestamp,elapsed_sec,up_bid_p1,up_bid_s1,up_bid_p2,up_bid_s2,up_ask_p1,up_ask_s1,up_ask_p2,up_ask_s2,down_bid_p1,down_bid_s1,down_bid_p2,down_bid_s2,down_ask_p1,down_ask_s1,down_ask_p2,down_ask_s2,up_spread,down_spread,doge_price,doge_oracle_ts
1776228901.463,1.463,,,,,,,,,,,,,,,,,,,0.093642,1776228900000
1776228901.871,1.871,0.33,300.0,0.31,375.0,0.67,300.0,0.69,375.0,0.33,300.0,0.31,375.0,0.67,300.0,0.69,375.0,0.34,0.34,0.093642,1776228900000
1776228902.208,2.208,0.33,300.0,0.31,375.0,0.67,300.0,0.69,375.0,0.33,300.0,0.31,375.0,0.67,300.0,0.69,375.0,0.34,0.34,0.093641,1776228901000
1776228903.638,3.638,0.33,300.0,0.31,375.0,0.67,300.0,0.69,375.0,0.33,300.0,0.31,375.0,0.67,300.0,0.69,375.0,0.34,0.34,0.093636,1776228902000
1776228904.295,4.295,0.33,300.0,0.31,375.0,0.67,300.0,0.69,375.0,0.33,300.0,0.31,375.0,0.67,300.0,0.69,375.0,0.34,0.34,0.093635,1776228903000
1776228905.687,5.687,0.33,300.0,0.31,375.0,0.67,300.0,0.69,375.0,0.33,300.0,0.31,375.0,0.67,300.0,0.69,375.0,0.34,0.34,0.093625,1776228904000
1776228906.567,6.567,0.33,300.0,0.31,375.0,0.67,300.0,0.69,375.0,0.33,300.0,0.31,375.0,0.67,300.0,0.69,375.0,0.34,0.34,0.093625,1776228905000
1776228907.182,7.182,0.33,300.0,0.31,375.0,0.67,300.0,0.69,375.0,0.33,300.0,0.31,375.0,0.67,300.0,0.69,375.0,0.34,0.34,0.093624,1776228906000
1776228907.416,7.416,0.32,5.0,0.31,11.0,0.41,5.0,0.44,5.0,0.33,300.0,0.31,375.0,0.67,300.0,0.69,375.0,0.09,0.34,0.093624,1776228906000
1776228908.058,8.058,0.32,5.0,0.31,11.0,0.41,5.0,0.44,5.0,0.59,5.0,0.56,5.0,0.68,5.0,0.69,11.0,0.09,0.09,0.093616,1776228907000
1776228909.026,9.026,0.32,5.0,0.31,11.0,0.41,5.0,0.44,5.0,0.59,5.0,0.56,5.0,0.68,5.0,0.69,11.0,0.09,0.09,0.093615,1776228908000
1776228910.081,10.081,0.32,5.0,0.31,11.0,0.41,5.0,0.44,5.0,0.59,5.0,0.56,5.0,0.68,5.0,0.69,11.0,0.09,0.09,0.093615,1776228909000
1776228910.949,10.949,0.32,5.0,0.31,11.0,0.41,5.0,0.44,5.0,0.59,5.0,0.56,5.0,0.68,5.0,0.69,11.0,0.09,0.09,0.093615,1776228910000
1776228911.967,11.967,0.32,5.0,0.31,11.0,0.41,5.0,0.44,5.0,0.59,5.0,0.56,5.0,0.68,5.0,0.69,11.0,0.09,0.09,0.093613,1776228911000
1776228912.862,12.862,0.32,5.0,0.31,11.0,0.41,5.0,0.44,5.0,0.59,5.0,0.56,5.0,0.68,5.0,0.69,11.0,0.09,0.09,0.09361,1776228912000
1776228913.918,13.918,0.27,5.0,0.26,20.0,0.36,5.0,0.4,5.0,0.64,5.0,0.6,5.0,0.73,5.0,0.74,20.0,0.09,0.09,0.093603,1776228913000
1776228914.813,14.813,0.27,5.0,0.26,20.0,0.36,5.0,0.4,5.0,0.64,5.0,0.6,5.0,0.73,5.0,0.74,20.0,0.09,0.09,0.093606,1776228914000
1776228915.879,15.879,0.27,5.0,0.26,20.0,0.36,5.0,0.4,5.0,0.64,5.0,0.6,5.0,0.73,5.0,0.74,20.0,0.09,0.09,0.093602,1776228915000
1776228916.501,16.501,0.31,5.0,0.3,5.0,0.44,3.33,0.48,10.0,0.64,5.0,0.6,5.0,0.73,5.0,0.74,20.0,0.13,0.09,0.093602,1776228915000
1776228916.975,16.975,0.31,5.0,0.3,5.0,0.44,3.33,0.48,10.0,0.56,3.33,0.52,10.0,0.69,5.0,0.7,5.0,0.13,0.13,0.093602,1776228916000
1776228917.864,17.864,0.31,5.0,0.3,5.0,0.44,3.33,0.48,10.0,0.56,3.33,0.52,10.0,0.69,5.0,0.7,5.0,0.13,0.13,0.09361,1776228917000
1776228919.447,19.447,0.31,5.0,0.3,5.0,0.44,3.33,0.48,10.0,0.56,3.33,0.52,10.0,0.69,5.0,0.7,5.0,0.13,0.13,0.09361,1776228918000
1776228920.016,20.016,0.31,5.0,0.3,5.0,0.44,3.33,0.48,10.0,0.56,3.33,0.52,10.0,0.69,5.0,0.7,5.0,0.13,0.13,0.09361,1776228919000
1776228921.152,21.152,0.31,5.0,0.3,5.0,0.44,3.33,0.48,10.0,0.56,3.33,0.52,10.0,0.69,5.0,0.7,5.0,0.13,0.13,0.09361,1776228920000
1776228922.367,22.367,0.31,5.0,0.3,5.0,0.44,3.33,0.48,10.0,0.56,3.33,0.52,10.0,0.69,5.0,0.7,5.0,0.13,0.13,0.09361,1776228921000
1776228923.12,23.12,0.31,5.0,0.3,5.0,0.44,3.33,0.48,10.0,0.56,3.33,0.52,10.0,0.69,5.0,0.7,5.0,0.13,0.13,0.09361,1776228922000
1776228924.32,24.32,0.31,5.0,0.3,5.0,0.44,3.33,0.48,10.0,0.56,3.33,0.52,10.0,0.69,5.0,0.7,5.0,0.13,0.13,0.093601,1776228923000
1776228926.003,26.003,0.31,5.0,0.3,5.0,0.44,3.33,0.48,10.0,0.56,3.33,0.52,10.0,0.69,5.0,0.7,5.0,0.13,0.13,0.093594,1776228924000
1776228926.309,26.309,0.23,3.57,0.22,25.0,0.3,5.0,0.35,5.0,0.56,3.33,0.52,10.0,0.69,5.0,0.7,5.0,0.07,0.13,0.093594,1776228924000
1776228926.513,26.513,0.23,3.57,0.22,25.0,0.3,5.0,0.35,5.0,0.7,5.0,0.65,5.0,0.77,3.57,0.78,25.0,0.07,0.07,0.093592,1776228925000
1776228927.173,27.173,0.23,3.57,0.22,25.0,0.3,5.0,0.35,5.0,0.7,5.0,0.65,5.0,0.77,3.57,0.78,25.0,0.07,0.07,0.093592,1776228926000
1776228928.005,28.005,0.23,3.57,0.22,25.0,0.3,5.0,0.35,5.0,0.7,5.0,0.65,5.0,0.77,3.57,0.78,25.0,0.07,0.07,0.093594,1776228927000
1776228929.445,29.445,0.23,3.57,0.22,25.0,0.3,5.0,0.35,5.0,0.7,5.0,0.65,5.0,0.77,3.57,0.78,25.0,0.07,0.07,0.093594,1776228928000
1776228930.128,30.128,0.23,3.57,0.22,25.0,0.3,5.0,0.35,5.0,0.7,5.0,0.65,5.0,0.77,3.57,0.78,25.0,0.07,0.07,0.093593,1776228929000
1776228930.868,30.868,0.23,3.57,0.22,25.0,0.3,5.0,0.35,5.0,0.7,5.0,0.65,5.0,0.77,3.57,0.78,25.0,0.07,0.07,0.093593,1776228930000
1776228932.064,32.064,0.23,3.57,0.22,25.0,0.3,5.0,0.35,5.0,0.7,5.0,0.65,5.0,0.77,3.57,0.78,25.0,0.07,0.07,0.093593,1776228931000
1776228933.474,33.474,0.23,3.57,0.22,25.0,0.3,5.0,0.35,5.0,0.7,5.0,0.65,5.0,0.77,3.57,0.78,25.0,0.07,0.07,0.093594,1776228932000
1776228933.99,33.99,0.23,3.57,0.22,25.0,0.3,5.0,0.35,5.0,0.7,5.0,0.65,5.0,0.77,3.57,0.78,25.0,0.07,0.07,0.093594,1776228933000
1776228935.122,35.122,0.23,3.57,0.22,25.0,0.3,5.0,0.35,5.0,0.7,5.0,0.65,5.0,0.77,3.57,0.78,25.0,0.07,0.07,0.093596,1776228934000
1776228936.746,36.746,0.23,3.57,0.22,25.0,0.3,5.0,0.35,5.0,0.7,5.0,0.65,5.0,0.77,3.57,0.78,25.0,0.07,0.07,0.093594,1776228935000
1776228937.223,37.223,0.23,3.57,0.22,25.0,0.3,5.0,0.35,5.0,0.7,5.0,0.65,5.0,0.77,3.57,0.78,25.0,0.07,0.07,0.093596,1776228936000
1776228938.233,38.233,0.23,3.57,0.22,25.0,0.3,5.0,0.35,5.0,0.7,5.0,0.65,5.0,0.77,3.57,0.78,25.0,0.07,0.07,0.093594,1776228937000
1776228939.198,39.198,0.23,3.57,0.22,25.0,0.3,5.0,0.35,5.0,0.7,5.0,0.65,5.0,0.77,3.57,0.78,25.0,0.07,0.07,0.093596,1776228938000
1776228940.158,40.158,0.23,3.57,0.22,25.0,0.3,5.0,0.35,5.0,0.7,5.0,0.65,5.0,0.77,3.57,0.78,25.0,0.07,0.07,0.093597,1776228939000
1776228941.085,41.085,0.23,3.57,0.22,25.0,0.3,5.0,0.35,5.0,0.7,5.0,0.65,5.0,0.77,3.57,0.78,25.0,0.07,0.07,0.093599,1776228940000
1776228942.091,42.091,0.23,3.57,0.22,25.0,0.3,5.0,0.35,5.0,0.7,5.0,0.65,5.0,0.77,3.57,0.78,25.0,0.07,0.07,0.0936,1776228941000
1776228943.051,43.051,0.23,3.57,0.22,25.0,0.3,5.0,0.35,5.0,0.7,5.0,0.65,5.0,0.77,3.57,0.78,25.0,0.07,0.07,0.093602,1776228942000
1776228944.083,44.083,0.23,3.57,0.22,25.0,0.3,5.0,0.35,5.0,0.7,5.0,0.65,5.0,0.77,3.57,0.78,25.0,0.07,0.07,0.093602,1776228943000
1776228945.059,45.059,0.23,3.57,0.22,25.0,0.3,5.0,0.35,5.0,0.7,5.0,0.65,5.0,0.77,3.57,0.78,25.0,0.07,0.07,0.093601,1776228944000
1776228946.134,46.134,0.23,3.57,0.22,25.0,0.3,5.0,0.35,5.0,0.7,5.0,0.65,5.0,0.77,3.57,0.78,25.0,0.07,0.07,0.093602,1776228945000
1776228947.035,47.035,0.23,3.57,0.22,25.0,0.3,5.0,0.35,5.0,0.7,5.0,0.65,5.0,0.77,3.57,0.78,25.0,0.07,0.07,0.093601,1776228946000
1776228947.982,47.982,0.23,3.57,0.22,25.0,0.3,5.0,0.35,5.0,0.7,5.0,0.65,5.0,0.77,3.57,0.78,25.0,0.07,0.07,0.093601,1776228947000
1776228948.802,48.802,0.25,4.86,0.23,30.0,0.35,5.0,0.39,5.0,0.7,5.0,0.65,5.0,0.77,3.57,0.78,25.0,0.1,0.07,0.093601,1776228947000
1776228949.482,49.482,0.25,4.86,0.23,30.0,0.35,5.0,0.39,5.0,0.65,5.0,0.61,5.0,0.75,4.86,0.77,30.0,0.1,0.1,0.093602,1776228948000
1776228949.992,49.992,0.25,4.86,0.23,30.0,0.35,5.0,0.39,5.0,0.65,5.0,0.61,5.0,0.75,4.86,0.77,30.0,0.1,0.1,0.093602,1776228949000
1776228951.015,51.015,0.25,4.86,0.23,30.0,0.35,5.0,0.39,5.0,0.65,5.0,0.61,5.0,0.75,4.86,0.77,30.0,0.1,0.1,0.093607,1776228950000
1776228952.019,52.019,0.25,4.86,0.23,30.0,0.35,5.0,0.39,5.0,0.65,5.0,0.61,5.0,0.75,4.86,0.77,30.0,0.1,0.1,0.093608,1776228951000
1776228953.007,53.007,0.25,4.86,0.23,30.0,0.35,5.0,0.39,5.0,0.65,5.0,0.61,5.0,0.75,4.86,0.77,30.0,0.1,0.1,0.093609,1776228952000
1776228953.973,53.973,0.25,4.86,0.23,30.0,0.35,5.0,0.39,5.0,0.65,5.0,0.61,5.0,0.75,4.86,0.77,30.0,0.1,0.1,0.093609,1776228953000
1776228955.124,55.124,0.25,4.86,0.23,30.0,0.35,5.0,0.39,5.0,0.65,5.0,0.61,5.0,0.75,4.86,0.77,30.0,0.1,0.1,0.093608,1776228954000
1776228956.103,56.103,0.25,4.86,0.23,30.0,0.35,5.0,0.39,5.0,0.65,5.0,0.61,5.0,0.75,4.86,0.77,30.0,0.1,0.1,0.093606,1776228955000
1776228957.025,57.025,0.25,4.86,0.23,30.0,0.35,5.0,0.39,5.0,0.65,5.0,0.61,5.0,0.75,4.86,0.77,30.0,0.1,0.1,0.093606,1776228956000
1776228958.071,58.071,0.25,4.86,0.23,30.0,0.35,5.0,0.39,5.0,0.65,5.0,0.61,5.0,0.75,4.86,0.77,30.0,0.1,0.1,0.093604,1776228957000
1776228959.124,59.124,0.25,4.86,0.23,30.0,0.35,5.0,0.39,5.0,0.65,5.0,0.61,5.0,0.75,4.86,0.77,30.0,0.1,0.1,0.093608,1776228958000
1776228960.114,60.114,0.25,4.86,0.23,30.0,0.35,5.0,0.39,5.0,0.65,5.0,0.61,5.0,0.75,4.86,0.77,30.0,0.1,0.1,0.093618,1776228959000
1776228960.693,60.693,0.29,3.41,0.28,39.9,0.4,5.0,0.43,5.0,0.65,5.0,0.61,5.0,0.75,4.86,0.77,30.0,0.11,0.1,0.093618,1776228959000
1776228961.164,61.164,0.29,3.41,0.28,39.9,0.4,5.0,0.43,5.0,0.6,5.0,0.57,5.0,0.71,3.41,0.72,39.9,0.11,0.11,0.093618,1776228960000
1776228962.611,62.611,0.29,3.41,0.28,39.9,0.4,5.0,0.43,5.0,0.6,5.0,0.57,5.0,0.71,3.41,0.72,39.9,0.11,0.11,0.093618,1776228961000
1776228963.045,63.045,0.29,3.41,0.28,39.9,0.4,5.0,0.43,5.0,0.6,5.0,0.57,5.0,0.71,3.41,0.72,39.9,0.11,0.11,0.093617,1776228962000
1776228964.029,64.029,0.29,3.41,0.28,39.9,0.4,5.0,0.43,5.0,0.6,5.0,0.57,5.0,0.71,3.41,0.72,39.9,0.11,0.11,0.093616,1776228963000
1776228965.121,65.121,0.29,3.41,0.28,39.9,0.4,5.0,0.43,5.0,0.6,5.0,0.57,5.0,0.71,3.41,0.72,39.9,0.11,0.11,0.093616,1776228964000
1776228966.108,66.108,0.29,3.41,0.28,39.9,0.4,5.0,0.43,5.0,0.6,5.0,0.57,5.0,0.71,3.41,0.72,39.9,0.11,0.11,0.093611,1776228965000
1776228967.133,67.133,0.29,3.41,0.28,39.9,0.4,5.0,0.43,5.0,0.6,5.0,0.57,5.0,0.71,3.41,0.72,39.9,0.11,0.11,0.093611,1776228966000
1776228968.184,68.184,0.29,3.41,0.28,39.9,0.4,5.0,0.43,5.0,0.6,5.0,0.57,5.0,0.71,3.41,0.72,39.9,0.11,0.11,0.093611,1776228967000
1776228969.068,69.068,0.29,3.41,0.28,39.9,0.4,5.0,0.43,5.0,0.6,5.0,0.57,5.0,0.71,3.41,0.72,39.9,0.11,0.11,0.093611,1776228968000
1776228970.124,70.124,0.29,3.41,0.28,39.9,0.4,5.0,0.43,5.0,0.6,5.0,0.57,5.0,0.71,3.41,0.72,39.9,0.11,0.11,0.093611,1776228969000
1776228971.11,71.11,0.29,3.41,0.28,39.9,0.4,5.0,0.43,5.0,0.6,5.0,0.57,5.0,0.71,3.41,0.72,39.9,0.11,0.11,0.093611,1776228970000
1776228972.102,72.102,0.29,3.41,0.28,39.9,0.4,5.0,0.43,5.0,0.6,5.0,0.57,5.0,0.71,3.41,0.72,39.9,0.11,0.11,0.093608,1776228971000
1776228973.099,73.099,0.29,3.41,0.28,39.9,0.4,5.0,0.43,5.0,0.6,5.0,0.57,5.0,0.71,3.41,0.72,39.9,0.11,0.11,0.093608,1776228972000
1776228974.059,74.059,0.29,3.41,0.28,39.9,0.4,5.0,0.43,5.0,0.6,5.0,0.57,5.0,0.71,3.41,0.72,39.9,0.11,0.11,0.093604,1776228973000
1776228975.61,75.61,0.29,3.41,0.28,39.9,0.4,5.0,0.43,5.0,0.6,5.0,0.57,5.0,0.71,3.41,0.72,39.9,0.11,0.11,0.093607,1776228974000
1776228976.211,76.211,0.29,3.41,0.28,39.9,0.4,5.0,0.43,5.0,0.6,5.0,0.57,5.0,0.71,3.41,0.72,39.9,0.11,0.11,0.093604,1776228975000
1776228977.761,77.761,0.29,3.41,0.28,39.9,0.4,5.0,0.43,5.0,0.6,5.0,0.57,5.0,0.71,3.41,0.72,39.9,0.11,0.11,0.093602,1776228976000
1776228978.379,78.379,0.29,3.41,0.28,39.9,0.4,5.0,0.43,5.0,0.6,5.0,0.57,5.0,0.71,3.41,0.72,39.9,0.11,0.11,0.093602,1776228977000
1776228979.052,79.052,0.29,3.41,0.28,39.9,0.4,5.0,0.43,5.0,0.6,5.0,0.57,5.0,0.71,3.41,0.72,39.9,0.11,0.11,0.093603,1776228978000
1776228980.585,80.585,0.29,3.41,0.28,39.9,0.4,5.0,0.43,5.0,0.6,5.0,0.57,5.0,0.71,3.41,0.72,39.9,0.11,0.11,0.093607,1776228979000
1776228981.223,81.223,0.29,3.41,0.28,39.9,0.4,5.0,0.43,5.0,0.6,5.0,0.57,5.0,0.71,3.41,0.72,39.9,0.11,0.11,0.093608,1776228980000
1776228982.369,82.369,0.29,3.41,0.28,39.9,0.4,5.0,0.43,5.0,0.6,5.0,0.57,5.0,0.71,3.41,0.72,39.9,0.11,0.11,0.093606,1776228981000
1776228982.963,82.963,0.29,3.41,0.28,39.9,0.4,5.0,0.43,5.0,0.6,5.0,0.57,5.0,0.71,3.41,0.72,39.9,0.11,0.11,0.093606,1776228982000
1776228984.079,84.079,0.29,3.41,0.28,39.9,0.4,5.0,0.43,5.0,0.6,5.0,0.57,5.0,0.71,3.41,0.72,39.9,0.11,0.11,0.093604,1776228983000
1776228985.305,85.305,0.29,3.41,0.28,39.9,0.4,5.0,0.43,5.0,0.6,5.0,0.57,5.0,0.71,3.41,0.72,39.9,0.11,0.11,0.093604,1776228984000
1776228986.377,86.377,0.29,3.41,0.28,39.9,0.4,5.0,0.43,5.0,0.6,5.0,0.57,5.0,0.71,3.41,0.72,39.9,0.11,0.11,0.093604,1776228985000
1776228986.931,86.931,0.29,3.41,0.28,39.9,0.4,5.0,0.43,5.0,0.6,5.0,0.57,5.0,0.71,3.41,0.72,39.9,0.11,0.11,0.093604,1776228986000
1776228988.086,88.086,0.29,3.41,0.28,39.9,0.4,5.0,0.43,5.0,0.6,5.0,0.57,5.0,0.71,3.41,0.72,39.9,0.11,0.11,0.093604,1776228987000
1776228989.295,89.295,0.29,3.41,0.28,39.9,0.4,5.0,0.43,5.0,0.6,5.0,0.57,5.0,0.71,3.41,0.72,39.9,0.11,0.11,0.093604,1776228988000
1776228990.47,90.47,0.29,3.41,0.28,39.9,0.4,5.0,0.43,5.0,0.6,5.0,0.57,5.0,0.71,3.41,0.72,39.9,0.11,0.11,0.093604,1776228989000
1776228991.774,91.774,0.29,3.41,0.28,39.9,0.4,5.0,0.43,5.0,0.6,5.0,0.57,5.0,0.71,3.41,0.72,39.9,0.11,0.11,0.093604,1776228990000
1776228992.479,92.479,0.29,3.41,0.28,39.9,0.4,5.0,0.43,5.0,0.6,5.0,0.57,5.0,0.71,3.41,0.72,39.9,0.11,0.11,0.093598,1776228991000
1776228993.326,93.326,0.29,3.41,0.28,39.9,0.4,5.0,0.43,5.0,0.6,5.0,0.57,5.0,0.71,3.41,0.72,39.9,0.11,0.11,0.093596,1776228992000
1776228994.178,94.178,0.29,3.41,0.28,39.9,0.4,5.0,0.43,5.0,0.6,5.0,0.57,5.0,0.71,3.41,0.72,39.9,0.11,0.11,0.093595,1776228993000
1776228995.717,95.717,0.29,3.41,0.28,39.9,0.4,5.0,0.43,5.0,0.6,5.0,0.57,5.0,0.71,3.41,0.72,39.9,0.11,0.11,0.09359,1776228994000
1776228996.406,96.406,0.2,10.0,0.17,16.0,0.23,19.0,0.31,62.2,0.77,19.0,0.69,62.2,0.8,10.0,0.83,16.0,0.03,0.03,0.09359,1776228995000
1776228997.166,97.166,0.2,10.0,0.17,16.0,0.23,19.0,0.31,62.2,0.77,19.0,0.69,62.2,0.8,10.0,0.83,16.0,0.03,0.03,0.09359,1776228996000
1776228997.926,97.926,0.2,5.0,0.17,16.0,0.21,25.0,0.25,5.0,0.77,19.0,0.69,62.2,0.8,10.0,0.83,16.0,0.01,0.03,0.09359,1776228996000
1776228998.566,98.566,0.17,1.66,0.14,19.0,0.18,17.0,0.25,5.0,0.79,25.0,0.75,5.0,0.83,16.0,0.86,19.0,0.01,0.04,0.093584,1776228997000
1776228999.054,99.054,0.1,23.9,0.09,53.7,0.14,5.0,0.16,5.0,0.82,17.0,0.75,5.0,0.83,1.66,0.86,19.0,0.04,0.01,0.093584,1776228997000
1776228999.486,99.486,0.1,23.9,0.09,53.7,0.14,5.0,0.16,5.0,0.86,5.0,0.84,5.0,0.9,23.9,0.91,53.7,0.04,0.04,0.093578,1776228998000
1776229000.145,100.145,0.1,23.9,0.09,53.7,0.14,5.0,0.16,5.0,0.86,5.0,0.84,5.0,0.9,23.9,0.91,53.7,0.04,0.04,0.093561,1776228999000
1776229001.554,101.554,0.1,23.9,0.09,53.7,0.14,5.0,0.16,5.0,0.86,5.0,0.84,5.0,0.9,23.9,0.91,53.7,0.04,0.04,0.093555,1776229000000
1776229002.196,102.196,0.1,23.9,0.09,53.7,0.14,5.0,0.16,5.0,0.86,5.0,0.84,5.0,0.9,23.9,0.91,53.7,0.04,0.04,0.093551,1776229001000
1776229002.732,102.732,0.09,58.7,0.08,35.29,0.18,9.82,0.19,16.89,0.86,5.0,0.84,5.0,0.9,23.9,0.91,53.7,0.09,0.04,0.093551,1776229001000
1776229003.368,103.368,0.09,58.7,0.08,35.29,0.18,9.82,0.19,16.89,0.82,9.82,0.81,16.89,0.91,58.7,0.92,35.29,0.09,0.09,0.093546,1776229002000
1776229004.239,104.239,0.09,58.7,0.08,35.29,0.18,9.82,0.19,16.89,0.82,9.82,0.81,16.89,0.91,58.7,0.92,35.29,0.09,0.09,0.093546,1776229003000
1776229005.358,105.358,0.09,58.7,0.08,35.29,0.18,9.82,0.19,16.89,0.82,9.82,0.81,16.89,0.91,58.7,0.92,35.29,0.09,0.09,0.093547,1776229004000
1776229006.02,106.02,0.09,58.7,0.08,35.29,0.18,9.82,0.19,16.89,0.82,9.82,0.81,16.89,0.91,58.7,0.92,35.29,0.09,0.09,0.093547,1776229005000
1776229007.282,107.282,0.09,58.7,0.08,35.29,0.18,9.82,0.19,16.89,0.82,9.82,0.81,16.89,0.91,58.7,0.92,35.29,0.09,0.09,0.093547,1776229006000
1776229008.541,108.541,0.09,58.7,0.08,35.29,0.18,9.82,0.19,16.89,0.82,9.82,0.81,16.89,0.91,58.7,0.92,35.29,0.09,0.09,0.093547,1776229007000
1776229009.672,109.672,0.09,58.7,0.08,35.29,0.18,9.82,0.19,16.89,0.82,9.82,0.81,16.89,0.91,58.7,0.92,35.29,0.09,0.09,0.093547,1776229008000
1776229010.142,110.142,0.09,58.7,0.08,35.29,0.18,9.82,0.19,16.89,0.82,9.82,0.81,16.89,0.91,58.7,0.92,35.29,0.09,0.09,0.093547,1776229009000
1776229011.146,111.146,0.09,58.7,0.08,35.29,0.18,9.82,0.19,16.89,0.82,9.82,0.81,16.89,0.91,58.7,0.92,35.29,0.09,0.09,0.093547,1776229010000
1776229012.101,112.101,0.08,30.29,0.07,72.9,0.13,5.0,0.15,20.39,0.87,5.0,0.85,20.39,0.92,30.29,0.93,72.9,0.05,0.05,0.093547,1776229011000
1776229013.063,113.063,0.08,30.29,0.07,72.9,0.13,5.0,0.15,20.39,0.87,5.0,0.85,20.39,0.92,30.29,0.93,72.9,0.05,0.05,0.093547,1776229012000
1776229014.035,114.035,0.08,30.29,0.07,72.9,0.13,5.0,0.15,20.39,0.87,5.0,0.85,20.39,0.92,30.29,0.93,72.9,0.05,0.05,0.093547,1776229013000
1776229015.09,115.09,0.08,30.29,0.07,72.9,0.13,5.0,0.15,20.39,0.87,5.0,0.85,20.39,0.92,30.29,0.93,72.9,0.05,0.05,0.093547,1776229014000
1776229016.152,116.152,0.08,30.29,0.07,72.9,0.13,5.0,0.15,20.39,0.87,5.0,0.85,20.39,0.92,30.29,0.93,72.9,0.05,0.05,0.093547,1776229015000
1776229017.073,117.073,0.08,30.29,0.07,72.9,0.13,5.0,0.15,20.39,0.87,5.0,0.85,20.39,0.92,30.29,0.93,72.9,0.05,0.05,0.093547,1776229016000
1776229018.017,118.017,0.08,30.29,0.07,72.9,0.13,5.0,0.15,20.39,0.87,5.0,0.85,20.39,0.92,30.29,0.93,72.9,0.05,0.05,0.093563,1776229017000
1776229019.063,119.063,0.08,30.29,0.07,72.9,0.13,5.0,0.15,20.39,0.87,5.0,0.85,20.39,0.92,30.29,0.93,72.9,0.05,0.05,0.093562,1776229018000
1776229019.955,119.955,0.08,30.29,0.07,72.9,0.13,5.0,0.15,20.39,0.87,5.0,0.85,20.39,0.92,30.29,0.93,72.9,0.05,0.05,0.09356,1776229019000
1776229020.909,120.909,0.08,30.29,0.07,72.9,0.13,5.0,0.15,20.39,0.87,5.0,0.85,20.39,0.92,30.29,0.93,72.9,0.05,0.05,0.09356,1776229020000
1776229021.743,121.743,0.08,25.0,0.06,79.1,0.11,5.0,0.13,13.0,0.87,5.0,0.85,20.39,0.92,30.29,0.93,72.9,0.03,0.05,0.09356,1776229020000
1776229022.657,122.657,0.08,25.0,0.06,79.1,0.11,5.0,0.13,13.0,0.89,5.0,0.87,13.0,0.92,25.0,0.94,79.1,0.03,0.03,0.093556,1776229021000
1776229023.113,123.113,0.08,25.0,0.06,79.1,0.11,5.0,0.13,13.0,0.89,5.0,0.87,13.0,0.92,25.0,0.94,79.1,0.03,0.03,0.093551,1776229022000
1776229024.412,124.412,0.08,25.0,0.06,79.1,0.11,5.0,0.13,13.0,0.89,5.0,0.87,13.0,0.92,25.0,0.94,79.1,0.03,0.03,0.09354,1776229023000
1776229024.874,124.874,0.08,25.0,0.06,79.1,0.11,5.0,0.13,13.0,0.89,5.0,0.87,13.0,0.92,25.0,0.94,79.1,0.03,0.03,0.09354,1776229024000
1776229025.956,125.956,0.08,25.0,0.06,79.1,0.11,5.0,0.13,13.0,0.89,5.0,0.87,13.0,0.92,25.0,0.94,79.1,0.03,0.03,0.093567,1776229025000
1776229027.088,127.088,0.08,25.0,0.06,79.1,0.11,5.0,0.13,13.0,0.89,5.0,0.87,13.0,0.92,25.0,0.94,79.1,0.03,0.03,0.093584,1776229026000
1776229028.18,128.18,0.08,25.0,0.06,79.1,0.11,5.0,0.13,13.0,0.89,5.0,0.87,13.0,0.92,25.0,0.94,79.1,0.03,0.03,0.093588,1776229027000
1776229029.329,129.329,0.08,25.0,0.06,79.1,0.11,5.0,0.13,13.0,0.89,5.0,0.87,13.0,0.92,25.0,0.94,79.1,0.03,0.03,0.093592,1776229028000
1776229030.362,130.362,0.08,25.0,0.06,79.1,0.11,5.0,0.13,13.0,0.89,5.0,0.87,13.0,0.92,25.0,0.94,79.1,0.03,0.03,0.093591,1776229029000
1776229030.924,130.924,0.08,25.0,0.06,79.1,0.11,5.0,0.13,13.0,0.89,5.0,0.87,13.0,0.92,25.0,0.94,79.1,0.03,0.03,0.093591,1776229030000
1776229032.096,132.096,0.08,25.0,0.06,79.1,0.11,5.0,0.13,13.0,0.89,5.0,0.87,13.0,0.92,25.0,0.94,79.1,0.03,0.03,0.093594,1776229031000
1776229033.124,133.124,0.08,25.0,0.06,79.1,0.11,5.0,0.13,13.0,0.89,5.0,0.87,13.0,0.92,25.0,0.94,79.1,0.03,0.03,0.093591,1776229032000
1776229034.246,134.246,0.08,25.0,0.06,79.1,0.11,5.0,0.13,13.0,0.89,5.0,0.87,13.0,0.92,25.0,0.94,79.1,0.03,0.03,0.093589,1776229033000
1776229035.403,135.403,0.08,25.0,0.06,79.1,0.11,5.0,0.13,13.0,0.89,5.0,0.87,13.0,0.92,25.0,0.94,79.1,0.03,0.03,0.09359,1776229034000
1776229036.07,136.07,0.08,25.0,0.06,79.1,0.11,5.0,0.13,13.0,0.89,5.0,0.87,13.0,0.92,25.0,0.94,79.1,0.03,0.03,0.093591,1776229035000
1776229037.165,137.165,0.08,25.0,0.06,79.1,0.11,5.0,0.13,13.0,0.89,5.0,0.87,13.0,0.92,25.0,0.94,79.1,0.03,0.03,0.093589,1776229036000
1776229038.109,138.109,0.08,25.0,0.06,79.1,0.11,5.0,0.13,13.0,0.89,5.0,0.87,13.0,0.92,25.0,0.94,79.1,0.03,0.03,0.093589,1776229037000
1776229039.025,139.025,0.08,25.0,0.06,79.1,0.11,5.0,0.13,13.0,0.89,5.0,0.87,13.0,0.92,25.0,0.94,79.1,0.03,0.03,0.09359,1776229038000
1776229039.79,139.79,0.24,5.0,0.22,20.0,0.3,11.0,0.33,11.0,0.89,5.0,0.87,13.0,0.92,25.0,0.94,79.1,0.06,0.03,0.09359,1776229038000
1776229040.322,140.322,0.31,39.0,0.27,5.0,0.33,10.84,0.36,10.0,0.67,11.0,0.64,10.0,0.69,39.0,0.73,5.0,0.02,0.02,0.09359,1776229039000
1776229040.597,140.597,0.32,5.0,0.22,35.2,0.33,5.84,0.36,10.0,0.67,10.84,0.64,10.0,0.73,5.0,0.79,85.7,0.01,0.06,0.09359,1776229039000
1776229040.967,140.967,0.32,5.0,0.22,35.2,0.33,5.84,0.36,10.0,0.67,5.84,0.64,10.0,0.68,5.0,0.78,35.2,0.01,0.01,0.093596,1776229040000
1776229041.935,141.935,0.32,5.0,0.22,35.2,0.33,5.84,0.36,10.0,0.67,5.84,0.64,10.0,0.68,5.0,0.78,35.2,0.01,0.01,0.093621,1776229041000
1776229042.996,142.996,0.32,5.0,0.22,35.2,0.33,5.84,0.36,10.0,0.67,5.84,0.64,10.0,0.68,5.0,0.78,35.2,0.01,0.01,0.093625,1776229042000
1776229043.973,143.973,0.32,5.0,0.22,35.2,0.33,5.84,0.36,10.0,0.67,5.84,0.64,10.0,0.68,5.0,0.78,35.2,0.01,0.01,0.093628,1776229043000
1776229044.253,144.253,0.32,5.0,0.28,12.9,0.36,10.0,0.39,10.0,0.67,5.84,0.64,10.0,0.68,5.0,0.78,35.2,0.04,0.01,0.093628,1776229043000
1776229044.866,144.866,0.32,5.0,0.28,12.9,0.36,10.0,0.39,10.0,0.64,10.0,0.61,10.0,0.68,5.0,0.72,12.9,0.04,0.04,0.093632,1776229044000
1776229045.86,145.86,0.32,5.0,0.28,12.9,0.36,10.0,0.39,10.0,0.64,10.0,0.61,10.0,0.68,5.0,0.72,12.9,0.04,0.04,0.093632,1776229045000
1776229046.918,146.918,0.32,5.0,0.28,12.9,0.36,10.0,0.39,10.0,0.64,10.0,0.61,10.0,0.68,5.0,0.72,12.9,0.04,0.04,0.093633,1776229046000
1776229048.28,148.28,0.32,5.0,0.28,12.9,0.36,10.0,0.39,10.0,0.64,10.0,0.61,10.0,0.68,5.0,0.72,12.9,0.04,0.04,0.093619,1776229047000
1776229049.716,149.716,0.32,5.0,0.28,12.9,0.36,10.0,0.39,10.0,0.64,10.0,0.61,10.0,0.68,5.0,0.72,12.9,0.04,0.04,0.093621,1776229048000
1776229050.783,150.783,0.32,5.0,0.28,12.9,0.36,10.0,0.39,10.0,0.64,10.0,0.61,10.0,0.68,5.0,0.72,12.9,0.04,0.04,0.093621,1776229049000
1776229051.693,151.693,0.32,5.0,0.28,12.9,0.36,10.0,0.39,10.0,0.64,10.0,0.61,10.0,0.68,5.0,0.72,12.9,0.04,0.04,0.09362,1776229050000
1776229052.384,152.384,0.32,5.0,0.28,12.9,0.36,10.0,0.39,10.0,0.64,10.0,0.61,10.0,0.68,5.0,0.72,12.9,0.04,0.04,0.093622,1776229051000
1776229053.077,153.077,0.32,5.0,0.28,12.9,0.36,10.0,0.39,10.0,0.64,10.0,0.61,10.0,0.68,5.0,0.72,12.9,0.04,0.04,0.093622,1776229052000
1776229054.557,154.557,0.32,5.0,0.28,12.9,0.36,10.0,0.39,10.0,0.64,10.0,0.61,10.0,0.68,5.0,0.72,12.9,0.04,0.04,0.093621,1776229053000
1776229055.202,155.202,0.32,5.0,0.28,12.9,0.36,10.0,0.39,10.0,0.64,10.0,0.61,10.0,0.68,5.0,0.72,12.9,0.04,0.04,0.093621,1776229054000
1776229056.615,156.615,0.32,5.0,0.28,12.9,0.36,10.0,0.39,10.0,0.64,10.0,0.61,10.0,0.68,5.0,0.72,12.9,0.04,0.04,0.093622,1776229055000
1776229057.417,157.417,0.32,5.0,0.28,12.9,0.36,10.0,0.39,10.0,0.64,10.0,0.61,10.0,0.68,5.0,0.72,12.9,0.04,0.04,0.093625,1776229056000
1776229058.177,158.177,0.32,5.0,0.28,12.9,0.36,10.0,0.39,10.0,0.64,10.0,0.61,10.0,0.68,5.0,0.72,12.9,0.04,0.04,0.093628,1776229057000
1776229059.607,159.607,0.32,5.0,0.28,12.9,0.36,10.0,0.39,10.0,0.64,10.0,0.61,10.0,0.68,5.0,0.72,12.9,0.04,0.04,0.093629,1776229058000
1776229060.403,160.403,0.32,5.0,0.28,12.9,0.36,10.0,0.39,10.0,0.64,10.0,0.61,10.0,0.68,5.0,0.72,12.9,0.04,0.04,0.093628,1776229059000
1776229060.986,160.986,0.32,5.0,0.28,12.9,0.36,10.0,0.39,10.0,0.64,10.0,0.61,10.0,0.68,5.0,0.72,12.9,0.04,0.04,0.093628,1776229060000
1776229062.312,162.312,0.32,5.0,0.28,12.9,0.36,10.0,0.39,10.0,0.64,10.0,0.61,10.0,0.68,5.0,0.72,12.9,0.04,0.04,0.093627,1776229061000
1776229063.614,163.614,0.32,5.0,0.28,12.9,0.36,10.0,0.39,10.0,0.64,10.0,0.61,10.0,0.68,5.0,0.72,12.9,0.04,0.04,0.093628,1776229062000
1776229064.324,164.324,0.32,5.0,0.28,12.9,0.36,10.0,0.39,10.0,0.64,10.0,0.61,10.0,0.68,5.0,0.72,12.9,0.04,0.04,0.093632,1776229063000
1776229064.885,164.885,0.32,5.0,0.28,12.9,0.36,10.0,0.39,10.0,0.64,10.0,0.61,10.0,0.68,5.0,0.72,12.9,0.04,0.04,0.093632,1776229064000
1776229066.231,166.231,0.32,5.0,0.28,12.9,0.36,10.0,0.39,10.0,0.64,10.0,0.61,10.0,0.68,5.0,0.72,12.9,0.04,0.04,0.093628,1776229065000
1776229067.87,167.87,0.32,5.0,0.28,12.9,0.36,10.0,0.39,10.0,0.64,10.0,0.61,10.0,0.68,5.0,0.72,12.9,0.04,0.04,0.093626,1776229066000
1776229068.469,168.469,0.32,5.0,0.28,12.9,0.36,10.0,0.39,10.0,0.64,10.0,0.61,10.0,0.68,5.0,0.72,12.9,0.04,0.04,0.093616,1776229067000
1776229068.941,168.941,0.32,5.0,0.28,12.9,0.36,10.0,0.39,10.0,0.64,10.0,0.61,10.0,0.68,5.0,0.72,12.9,0.04,0.04,0.093615,1776229068000
1776229069.936,169.936,0.32,5.0,0.28,12.9,0.36,10.0,0.39,10.0,0.64,10.0,0.61,10.0,0.68,5.0,0.72,12.9,0.04,0.04,0.093614,1776229069000
1776229070.932,170.932,0.32,5.0,0.28,12.9,0.36,10.0,0.39,10.0,0.64,10.0,0.61,10.0,0.68,5.0,0.72,12.9,0.04,0.04,0.093616,1776229070000
1776229071.897,171.897,0.32,5.0,0.28,12.9,0.36,10.0,0.39,10.0,0.64,10.0,0.61,10.0,0.68,5.0,0.72,12.9,0.04,0.04,0.093616,1776229071000
1776229072.911,172.911,0.32,5.0,0.28,12.9,0.36,10.0,0.39,10.0,0.64,10.0,0.61,10.0,0.68,5.0,0.72,12.9,0.04,0.04,0.093617,1776229072000
1776229073.673,173.673,0.39,5.0,0.37,5.0,0.42,2.92,0.45,10.0,0.64,10.0,0.61,10.0,0.68,5.0,0.72,12.9,0.03,0.04,0.093617,1776229072000
1776229074.879,174.879,0.39,5.0,0.37,5.0,0.45,7.92,0.48,10.0,0.55,7.92,0.52,10.0,0.61,5.0,0.63,5.0,0.06,0.06,0.093618,1776229074000
1776229076.213,176.213,0.44,32.0,0.31,70.0,0.45,2.92,0.48,10.0,0.55,7.92,0.52,10.0,0.61,5.0,0.63,5.0,0.01,0.06,0.093618,1776229074000
1776229076.677,176.677,0.44,61.0,0.41,50.0,0.48,9.67,0.49,5.0,0.55,2.92,0.52,10.0,0.56,32.0,0.69,70.0,0.04,0.01,0.09364,1776229075000
1776229076.964,176.964,0.44,56.0,0.41,50.0,0.48,4.67,0.49,5.0,0.52,4.67,0.51,5.0,0.56,56.0,0.59,50.0,0.04,0.04,0.09364,1776229076000
1776229077.531,177.531,0.6,47.0,0.51,35.43,0.79,20.0,0.81,49.33,0.19,49.33,0.17,7.0,0.49,35.43,0.53,70.0,0.19,0.3,0.09364,1776229076000
1776229078.327,178.327,0.6,47.0,0.51,35.43,0.79,20.0,0.81,49.33,0.21,20.0,0.19,49.33,0.4,47.0,0.49,35.43,0.19,0.19,0.093654,1776229077000
1776229079.276,179.276,0.63,20.0,0.61,50.0,0.8,3.28,0.86,5.0,0.2,3.28,0.14,5.0,0.37,20.0,0.39,50.0,0.17,0.17,0.093689,1776229078000
1776229080.946,180.946,0.63,20.0,0.61,50.0,0.8,3.28,0.86,5.0,0.2,3.28,0.14,5.0,0.37,20.0,0.39,50.0,0.17,0.17,0.093719,1776229079000
1776229081.177,181.177,0.85,25.33,0.84,5.0,0.86,5.0,0.87,15.0,0.2,3.28,0.14,5.0,0.37,20.0,0.39,50.0,0.01,0.17,0.093719,1776229079000
1776229081.625,181.625,0.85,25.33,0.84,5.0,0.86,5.0,0.87,15.0,0.14,5.0,0.13,15.0,0.15,25.33,0.16,5.0,0.01,0.01,0.093726,1776229080000
1776229082.491,182.491,0.85,25.33,0.84,5.0,0.86,5.0,0.87,15.0,0.14,5.0,0.13,15.0,0.15,25.33,0.16,5.0,0.01,0.01,0.093732,1776229081000
1776229083.292,183.292,0.85,25.33,0.84,5.0,0.86,5.0,0.87,15.0,0.14,5.0,0.13,15.0,0.15,25.33,0.16,5.0,0.01,0.01,0.093737,1776229082000
1776229083.622,183.622,0.85,18.39,0.61,50.0,0.87,15.0,0.89,5.0,0.13,15.0,0.11,5.0,0.15,30.33,0.39,50.0,0.02,0.02,0.093737,1776229082000
1776229083.921,183.921,0.85,18.39,0.72,20.0,0.9,20.0,0.91,50.0,0.13,15.0,0.11,5.0,0.15,18.39,0.39,50.0,0.05,0.02,0.093737,1776229082000
1776229084.651,184.651,0.85,18.39,0.72,20.0,0.9,20.0,0.91,50.0,0.1,20.0,0.09,50.0,0.15,18.39,0.28,20.0,0.05,0.05,0.093737,1776229083000
1776229085.296,185.296,0.85,18.39,0.72,20.0,0.9,20.0,0.91,50.0,0.1,20.0,0.09,50.0,0.15,18.39,0.28,20.0,0.05,0.05,0.093747,1776229084000
1776229085.916,185.916,0.67,20.0,0.6,35.0,0.81,15.0,0.89,20.0,0.1,20.0,0.09,50.0,0.15,18.39,0.28,20.0,0.14,0.05,0.093747,1776229084000
1776229087.509,187.509,0.66,20.0,0.6,35.0,0.81,43.95,0.9,25.0,0.19,43.95,0.1,25.0,0.34,20.0,0.4,35.0,0.15,0.15,0.093721,1776229086000
1776229088.252,188.252,0.66,20.0,0.6,35.0,0.81,43.95,0.9,25.0,0.19,43.95,0.1,25.0,0.34,20.0,0.4,35.0,0.15,0.15,0.093716,1776229087000
1776229089.55,189.55,0.66,20.0,0.6,35.0,0.81,43.95,0.9,25.0,0.19,43.95,0.1,25.0,0.34,20.0,0.4,35.0,0.15,0.15,0.093716,1776229088000
1776229090.274,190.274,0.66,20.0,0.6,35.0,0.81,43.95,0.9,25.0,0.19,43.95,0.1,25.0,0.34,20.0,0.4,35.0,0.15,0.15,0.093716,1776229089000
1776229091.589,191.589,0.66,20.0,0.6,35.0,0.81,43.95,0.9,25.0,0.19,43.95,0.1,25.0,0.34,20.0,0.4,35.0,0.15,0.15,0.093714,1776229090000
1776229092.367,192.367,0.66,20.0,0.6,35.0,0.81,43.95,0.9,25.0,0.19,43.95,0.1,25.0,0.34,20.0,0.4,35.0,0.15,0.15,0.093714,1776229091000
1776229093.049,193.049,0.66,20.0,0.6,35.0,0.81,43.95,0.9,25.0,0.19,43.95,0.1,25.0,0.34,20.0,0.4,35.0,0.15,0.15,0.093714,1776229092000
1776229094.428,194.428,0.66,20.0,0.6,35.0,0.81,43.95,0.9,25.0,0.19,43.95,0.1,25.0,0.34,20.0,0.4,35.0,0.15,0.15,0.093711,1776229093000
1776229095.114,195.114,0.66,20.0,0.6,35.0,0.81,43.95,0.9,25.0,0.19,43.95,0.1,25.0,0.34,20.0,0.4,35.0,0.15,0.15,0.093711,1776229094000
1776229096.531,196.531,0.66,20.0,0.6,35.0,0.81,43.95,0.9,25.0,0.19,43.95,0.1,25.0,0.34,20.0,0.4,35.0,0.15,0.15,0.093714,1776229095000
1776229097.207,197.207,0.66,20.0,0.6,35.0,0.81,43.95,0.9,25.0,0.19,43.95,0.1,25.0,0.34,20.0,0.4,35.0,0.15,0.15,0.093714,1776229096000
1776229097.677,197.677,0.72,5.0,0.71,66.0,0.9,27.78,0.91,106.7,0.19,43.95,0.1,25.0,0.34,20.0,0.4,35.0,0.18,0.15,0.093714,1776229096000
1776229098.874,198.874,0.72,5.0,0.71,66.0,0.9,27.78,0.91,106.7,0.1,27.78,0.09,106.7,0.28,5.0,0.29,66.0,0.18,0.18,0.093714,1776229098000
1776229100.082,200.082,0.72,5.0,0.71,66.0,0.9,27.78,0.91,106.7,0.1,27.78,0.09,106.7,0.28,5.0,0.29,66.0,0.18,0.18,0.093715,1776229099000
1776229101.155,201.155,0.72,5.0,0.71,66.0,0.9,27.78,0.91,106.7,0.1,27.78,0.09,106.7,0.28,5.0,0.29,66.0,0.18,0.18,0.093713,1776229100000
1776229102.262,202.262,0.72,5.0,0.71,66.0,0.9,27.78,0.91,106.7,0.1,27.78,0.09,106.7,0.28,5.0,0.29,66.0,0.18,0.18,0.093712,1776229101000
1776229103.263,203.263,0.72,5.0,0.71,66.0,0.9,27.78,0.91,106.7,0.1,27.78,0.09,106.7,0.28,5.0,0.29,66.0,0.18,0.18,0.093712,1776229102000
1776229104.316,204.316,0.72,5.0,0.71,66.0,0.9,27.78,0.91,106.7,0.1,27.78,0.09,106.7,0.28,5.0,0.29,66.0,0.18,0.18,0.093695,1776229103000
1776229104.973,204.973,0.72,5.0,0.71,66.0,0.9,27.78,0.91,106.7,0.1,27.78,0.09,106.7,0.28,5.0,0.29,66.0,0.18,0.18,0.093694,1776229104000
1776229106.163,206.163,0.72,5.0,0.71,66.0,0.9,27.78,0.91,106.7,0.1,27.78,0.09,106.7,0.28,5.0,0.29,66.0,0.18,0.18,0.093693,1776229105000
1776229106.604,206.604,0.75,8.9,0.74,13.5,0.86,5.0,0.88,24.6,0.1,27.78,0.09,106.7,0.28,5.0,0.29,66.0,0.11,0.18,0.093693,1776229105000
1776229107.24,207.24,0.75,8.9,0.74,13.5,0.86,5.0,0.88,24.6,0.14,5.0,0.12,24.6,0.25,8.9,0.26,13.5,0.11,0.11,0.093693,1776229106000
1776229108.333,208.333,0.75,8.9,0.74,13.5,0.86,5.0,0.88,24.6,0.14,5.0,0.12,24.6,0.25,8.9,0.26,13.5,0.11,0.11,0.093693,1776229107000
1776229109.291,209.291,0.75,8.9,0.74,13.5,0.86,5.0,0.88,24.6,0.14,5.0,0.12,24.6,0.25,8.9,0.26,13.5,0.11,0.11,0.093701,1776229108000
1776229110.374,210.374,0.75,8.9,0.74,13.5,0.86,5.0,0.88,24.6,0.14,5.0,0.12,24.6,0.25,8.9,0.26,13.5,0.11,0.11,0.093704,1776229109000
1776229110.983,210.983,0.75,8.9,0.74,13.5,0.86,5.0,0.88,24.6,0.14,5.0,0.12,24.6,0.25,8.9,0.26,13.5,0.11,0.11,0.093704,1776229110000
1776229112.069,212.069,0.75,8.9,0.74,13.5,0.86,5.0,0.88,24.6,0.14,5.0,0.12,24.6,0.25,8.9,0.26,13.5,0.11,0.11,0.093701,1776229111000
1776229113.135,213.135,0.75,8.9,0.74,13.5,0.86,5.0,0.88,24.6,0.14,5.0,0.12,24.6,0.25,8.9,0.26,13.5,0.11,0.11,0.093702,1776229112000
1776229114.026,214.026,0.75,8.9,0.74,13.5,0.86,5.0,0.88,24.6,0.14,5.0,0.12,24.6,0.25,8.9,0.26,13.5,0.11,0.11,0.093702,1776229113000
1776229115.099,215.099,0.75,8.9,0.74,13.5,0.86,5.0,0.88,24.6,0.14,5.0,0.12,24.6,0.25,8.9,0.26,13.5,0.11,0.11,0.093702,1776229114000
1776229116.049,216.049,0.75,8.9,0.74,13.5,0.86,5.0,0.88,24.6,0.14,5.0,0.12,24.6,0.25,8.9,0.26,13.5,0.11,0.11,0.093703,1776229115000
1776229117.058,217.058,0.75,8.9,0.74,13.5,0.86,5.0,0.88,24.6,0.14,5.0,0.12,24.6,0.25,8.9,0.26,13.5,0.11,0.11,0.093702,1776229116000
1776229118.018,218.018,0.75,8.9,0.74,13.5,0.86,5.0,0.88,24.6,0.14,5.0,0.12,24.6,0.25,8.9,0.26,13.5,0.11,0.11,0.093702,1776229117000
1776229118.998,218.998,0.75,8.9,0.74,13.5,0.86,5.0,0.88,24.6,0.14,5.0,0.12,24.6,0.25,8.9,0.26,13.5,0.11,0.11,0.093704,1776229118000
1776229120.081,220.081,0.75,8.9,0.74,13.5,0.86,5.0,0.88,24.6,0.14,5.0,0.12,24.6,0.25,8.9,0.26,13.5,0.11,0.11,0.093705,1776229119000
1776229121.086,221.086,0.75,8.9,0.74,13.5,0.86,5.0,0.88,24.6,0.14,5.0,0.12,24.6,0.25,8.9,0.26,13.5,0.11,0.11,0.093702,1776229120000
1776229122.197,222.197,0.75,8.9,0.74,13.5,0.86,5.0,0.88,24.6,0.14,5.0,0.12,24.6,0.25,8.9,0.26,13.5,0.11,0.11,0.093702,1776229121000
1776229123.202,223.202,0.75,8.9,0.74,13.5,0.86,5.0,0.88,24.6,0.14,5.0,0.12,24.6,0.25,8.9,0.26,13.5,0.11,0.11,0.093702,1776229122000
1776229124.23,224.23,0.75,8.9,0.74,13.5,0.86,5.0,0.88,24.6,0.14,5.0,0.12,24.6,0.25,8.9,0.26,13.5,0.11,0.11,0.093716,1776229123000
1776229125.2,225.2,0.75,8.9,0.74,13.5,0.86,5.0,0.88,24.6,0.14,5.0,0.12,24.6,0.25,8.9,0.26,13.5,0.11,0.11,0.093716,1776229124000
1776229126.092,226.092,0.75,8.9,0.74,13.5,0.86,5.0,0.88,24.6,0.14,5.0,0.12,24.6,0.25,8.9,0.26,13.5,0.11,0.11,0.093708,1776229125000
1776229127.095,227.095,0.75,8.9,0.74,13.5,0.86,5.0,0.88,24.6,0.14,5.0,0.12,24.6,0.25,8.9,0.26,13.5,0.11,0.11,0.093705,1776229126000
1776229128.069,228.069,0.75,8.9,0.74,13.5,0.86,5.0,0.88,24.6,0.14,5.0,0.12,24.6,0.25,8.9,0.26,13.5,0.11,0.11,0.093704,1776229127000
1776229129.0,229.0,0.75,8.9,0.74,13.5,0.86,5.0,0.88,24.6,0.14,5.0,0.12,24.6,0.25,8.9,0.26,13.5,0.11,0.11,0.093705,1776229128000
1776229130.104,230.104,0.75,8.9,0.74,13.5,0.86,5.0,0.88,24.6,0.14,5.0,0.12,24.6,0.25,8.9,0.26,13.5,0.11,0.11,0.093704,1776229129000
1776229131.201,231.201,0.75,8.9,0.74,13.5,0.86,5.0,0.88,24.6,0.14,5.0,0.12,24.6,0.25,8.9,0.26,13.5,0.11,0.11,0.093704,1776229130000
1776229132.043,232.043,0.75,8.9,0.74,13.5,0.86,5.0,0.88,24.6,0.14,5.0,0.12,24.6,0.25,8.9,0.26,13.5,0.11,0.11,0.093705,1776229131000
1776229132.974,232.974,0.75,8.9,0.74,13.5,0.86,5.0,0.88,24.6,0.14,5.0,0.12,24.6,0.25,8.9,0.26,13.5,0.11,0.11,0.093705,1776229132000
1776229133.985,233.985,0.75,8.9,0.74,13.5,0.86,5.0,0.88,24.6,0.14,5.0,0.12,24.6,0.25,8.9,0.26,13.5,0.11,0.11,0.093705,1776229133000
1776229134.42,234.42,0.85,20.39,0.84,19.3,0.92,29.85,0.93,139.9,0.14,5.0,0.12,24.6,0.25,8.9,0.26,13.5,0.07,0.11,0.093705,1776229133000
1776229135.002,235.002,0.85,20.39,0.84,19.3,0.92,29.85,0.93,139.9,0.08,29.85,0.07,139.9,0.15,20.39,0.16,19.3,0.07,0.07,0.093707,1776229134000
1776229135.894,235.894,0.85,20.39,0.84,19.3,0.92,29.85,0.93,139.9,0.08,29.85,0.07,139.9,0.15,20.39,0.16,19.3,0.07,0.07,0.093707,1776229135000
1776229136.876,236.876,0.85,20.39,0.84,19.3,0.92,29.85,0.93,139.9,0.08,29.85,0.07,139.9,0.15,20.39,0.16,19.3,0.07,0.07,0.093707,1776229136000
1776229137.766,237.766,0.85,20.39,0.84,19.3,0.92,29.85,0.93,139.9,0.08,29.85,0.07,139.9,0.15,20.39,0.16,19.3,0.07,0.07,0.093707,1776229137000
1776229139.361,239.361,0.85,20.39,0.84,19.3,0.92,29.85,0.93,139.9,0.08,29.85,0.07,139.9,0.15,20.39,0.16,19.3,0.07,0.07,0.093707,1776229138000
1776229139.918,239.918,0.85,20.39,0.84,19.3,0.92,29.85,0.93,139.9,0.08,29.85,0.07,139.9,0.15,20.39,0.16,19.3,0.07,0.07,0.093707,1776229139000
1776229140.986,240.986,0.85,20.39,0.84,19.3,0.92,29.85,0.93,139.9,0.08,29.85,0.07,139.9,0.15,20.39,0.16,19.3,0.07,0.07,0.093707,1776229140000
1776229142.056,242.056,0.85,20.39,0.84,19.3,0.92,29.85,0.93,139.9,0.08,29.85,0.07,139.9,0.15,20.39,0.16,19.3,0.07,0.07,0.093706,1776229141000
1776229143.081,243.081,0.85,20.39,0.84,19.3,0.92,29.85,0.93,139.9,0.08,29.85,0.07,139.9,0.15,20.39,0.16,19.3,0.07,0.07,0.093704,1776229142000
1776229144.12,244.12,0.85,20.39,0.84,19.3,0.92,29.85,0.93,139.9,0.08,29.85,0.07,139.9,0.15,20.39,0.16,19.3,0.07,0.07,0.093706,1776229143000
1776229145.057,245.057,0.85,20.39,0.84,19.3,0.92,29.85,0.93,139.9,0.08,29.85,0.07,139.9,0.15,20.39,0.16,19.3,0.07,0.07,0.093709,1776229144000
1776229146.15,246.15,0.85,20.39,0.84,19.3,0.92,29.85,0.93,139.9,0.08,29.85,0.07,139.9,0.15,20.39,0.16,19.3,0.07,0.07,0.093708,1776229145000
1776229147.077,247.077,0.89,26.6,0.88,24.6,0.94,40.78,0.95,54.7,0.06,40.78,0.05,54.7,0.11,26.6,0.12,24.6,0.05,0.05,0.093709,1776229146000
1776229148.127,248.127,0.89,26.6,0.88,24.6,0.94,40.78,0.95,54.7,0.06,40.78,0.05,54.7,0.11,26.6,0.12,24.6,0.05,0.05,0.093709,1776229147000
1776229149.121,249.121,0.89,26.6,0.88,24.6,0.94,40.78,0.95,54.7,0.06,40.78,0.05,54.7,0.11,26.6,0.12,24.6,0.05,0.05,0.093709,1776229148000
1776229150.084,250.084,0.89,26.6,0.88,24.6,0.94,40.78,0.95,54.7,0.06,40.78,0.05,54.7,0.11,26.6,0.12,24.6,0.05,0.05,0.093709,1776229149000
1776229151.197,251.197,0.89,26.6,0.88,24.6,0.94,40.78,0.95,54.7,0.06,40.78,0.05,54.7,0.11,26.6,0.12,24.6,0.05,0.05,0.093709,1776229150000
1776229152.064,252.064,0.89,26.6,0.88,24.6,0.94,40.78,0.95,54.7,0.06,40.78,0.05,54.7,0.11,26.6,0.12,24.6,0.05,0.05,0.093709,1776229151000
1776229152.409,252.409,0.9,5.0,0.88,24.6,0.94,15.64,0.95,54.7,0.06,40.78,0.05,54.7,0.11,26.6,0.12,24.6,0.04,0.05,0.093709,1776229151000
1776229153.214,253.214,0.9,5.0,0.88,24.6,0.94,15.64,0.95,54.7,0.06,15.64,0.05,54.7,0.1,5.0,0.12,24.6,0.04,0.04,0.093706,1776229152000
1776229154.067,254.067,0.9,5.0,0.88,24.6,0.94,15.64,0.95,54.7,0.06,15.64,0.05,54.7,0.1,5.0,0.12,24.6,0.04,0.04,0.093701,1776229153000
1776229154.327,254.327,0.9,5.0,0.82,17.6,0.91,23.72,0.94,46.1,0.06,15.64,0.05,54.7,0.1,5.0,0.12,24.6,0.01,0.04,0.093701,1776229153000
1776229155.117,255.117,0.9,5.0,0.82,17.6,0.91,23.72,0.94,46.1,0.09,23.72,0.06,46.1,0.1,5.0,0.18,17.6,0.01,0.01,0.093698,1776229154000
1776229156.039,256.039,0.9,5.0,0.82,17.6,0.91,23.72,0.94,46.1,0.09,23.72,0.06,46.1,0.1,5.0,0.18,17.6,0.01,0.01,0.093688,1776229155000
1776229157.092,257.092,0.9,5.0,0.82,17.6,0.91,23.72,0.94,46.1,0.09,23.72,0.06,46.1,0.1,5.0,0.18,17.6,0.01,0.01,0.09369,1776229156000
1776229158.164,258.164,0.9,5.0,0.82,17.6,0.91,23.72,0.94,46.1,0.09,23.72,0.06,46.1,0.1,5.0,0.18,17.6,0.01,0.01,0.09369,1776229157000
1776229158.391,258.391,0.85,20.39,0.84,19.3,0.91,73.72,0.92,35.29,0.09,23.72,0.06,46.1,0.1,5.0,0.18,17.6,0.06,0.01,0.09369,1776229157000
1776229159.19,259.19,0.85,20.39,0.84,19.3,0.91,73.72,0.92,35.29,0.09,73.72,0.08,35.29,0.15,20.39,0.16,19.3,0.06,0.06,0.093686,1776229158000
1776229160.092,260.092,0.85,20.39,0.84,19.3,0.91,73.72,0.92,35.29,0.09,73.72,0.08,35.29,0.15,20.39,0.16,19.3,0.06,0.06,0.093686,1776229159000
1776229161.049,261.049,0.85,20.39,0.84,19.3,0.91,73.72,0.92,35.29,0.09,73.72,0.08,35.29,0.15,20.39,0.16,19.3,0.06,0.06,0.093686,1776229160000
1776229162.016,262.016,0.85,20.39,0.84,19.3,0.91,73.72,0.92,35.29,0.09,73.72,0.08,35.29,0.15,20.39,0.16,19.3,0.06,0.06,0.093685,1776229161000
1776229162.99,262.99,0.85,20.39,0.84,19.3,0.91,73.72,0.92,35.29,0.09,73.72,0.08,35.29,0.15,20.39,0.16,19.3,0.06,0.06,0.093685,1776229162000
1776229164.085,264.085,0.85,20.39,0.84,19.3,0.91,73.72,0.92,35.29,0.09,73.72,0.08,35.29,0.15,20.39,0.16,19.3,0.06,0.06,0.093685,1776229163000
1776229165.02,265.02,0.85,20.39,0.84,19.3,0.91,73.72,0.92,35.29,0.09,73.72,0.08,35.29,0.15,20.39,0.16,19.3,0.06,0.06,0.093685,1776229164000
1776229166.016,266.016,0.85,20.39,0.84,19.3,0.91,73.72,0.92,35.29,0.09,73.72,0.08,35.29,0.15,20.39,0.16,19.3,0.06,0.06,0.093685,1776229165000
1776229166.868,266.868,0.85,20.39,0.84,19.3,0.91,73.72,0.92,35.29,0.09,73.72,0.08,35.29,0.15,20.39,0.16,19.3,0.06,0.06,0.093686,1776229166000
1776229167.851,267.851,0.85,20.39,0.84,19.3,0.91,73.72,0.92,35.29,0.09,73.72,0.08,35.29,0.15,20.39,0.16,19.3,0.06,0.06,0.093686,1776229167000
1776229168.818,268.818,0.85,20.39,0.84,19.3,0.91,73.72,0.92,35.29,0.09,73.72,0.08,35.29,0.15,20.39,0.16,19.3,0.06,0.06,0.093685,1776229168000
1776229169.854,269.854,0.85,20.39,0.84,19.3,0.91,73.72,0.92,35.29,0.09,73.72,0.08,35.29,0.15,20.39,0.16,19.3,0.06,0.06,0.093686,1776229169000
1776229170.814,270.814,0.85,20.39,0.84,19.3,0.91,73.72,0.92,35.29,0.09,73.72,0.08,35.29,0.15,20.39,0.16,19.3,0.06,0.06,0.093684,1776229170000
1776229171.812,271.812,0.85,20.39,0.84,19.3,0.91,73.72,0.92,35.29,0.09,73.72,0.08,35.29,0.15,20.39,0.16,19.3,0.06,0.06,0.093682,1776229171000
1776229172.796,272.796,0.85,20.39,0.84,19.3,0.91,73.72,0.92,35.29,0.09,73.72,0.08,35.29,0.15,20.39,0.16,19.3,0.06,0.06,0.093684,1776229172000
1776229173.829,273.829,0.85,20.39,0.84,19.3,0.91,73.72,0.92,35.29,0.09,73.72,0.08,35.29,0.15,20.39,0.16,19.3,0.06,0.06,0.093683,1776229173000
1776229174.41,274.41,0.9,33.9,0.89,26.6,0.91,11.86,0.95,54.7,0.09,73.72,0.08,35.29,0.15,20.39,0.16,19.3,0.01,0.06,0.093683,1776229173000
1776229174.854,274.854,0.9,33.9,0.89,26.6,0.91,11.86,0.95,54.7,0.09,11.86,0.05,54.7,0.1,33.9,0.11,26.6,0.01,0.01,0.093683,1776229174000
1776229175.388,275.388,0.9,5.0,0.71,50.0,0.91,6.8,0.96,5.0,0.09,11.86,0.05,54.7,0.1,33.9,0.11,26.6,0.01,0.01,0.093683,1776229174000
1776229175.85,275.85,0.9,5.0,0.71,50.0,0.91,6.8,0.96,5.0,0.09,6.8,0.04,5.0,0.1,5.0,0.29,50.0,0.01,0.01,0.093685,1776229175000
1776229176.815,276.815,0.9,5.0,0.71,50.0,0.91,6.8,0.96,5.0,0.09,6.8,0.04,5.0,0.1,5.0,0.29,50.0,0.01,0.01,0.093684,1776229176000
1776229177.414,277.414,0.9,5.0,0.81,50.0,0.94,18.0,0.96,5.0,0.09,6.8,0.04,5.0,0.1,5.0,0.29,50.0,0.04,0.01,0.093684,1776229176000
1776229178.205,278.205,0.81,50.0,0.71,70.0,0.94,18.0,0.96,5.0,0.06,18.0,0.04,5.0,0.1,5.0,0.19,50.0,0.13,0.04,0.093684,1776229176000
1776229178.46,278.46,0.81,50.0,0.71,70.0,0.94,18.0,0.96,5.0,0.06,18.0,0.04,5.0,0.19,50.0,0.29,70.0,0.13,0.13,0.093684,1776229177000
1776229179.0,279.0,0.81,50.0,0.71,70.0,0.94,18.0,0.96,5.0,0.06,18.0,0.04,5.0,0.19,50.0,0.29,70.0,0.13,0.13,0.093684,1776229178000
1776229180.052,280.052,0.81,61.0,0.71,50.0,0.94,16.93,0.96,5.0,0.06,16.93,0.04,5.0,0.19,61.0,0.29,50.0,0.13,0.13,0.093685,1776229179000
1776229181.193,281.193,0.81,61.0,0.71,50.0,0.94,16.93,0.96,5.0,0.06,16.93,0.04,5.0,0.19,61.0,0.29,50.0,0.13,0.13,0.093684,1776229180000
1776229182.159,282.159,0.81,61.0,0.71,50.0,0.94,16.93,0.96,5.0,0.06,16.93,0.04,5.0,0.19,61.0,0.29,50.0,0.13,0.13,0.093684,1776229181000
1776229183.11,283.11,0.81,61.0,0.71,50.0,0.94,16.93,0.96,5.0,0.06,16.93,0.04,5.0,0.19,61.0,0.29,50.0,0.13,0.13,0.093685,1776229182000
1776229184.294,284.294,0.81,61.0,0.71,50.0,0.94,16.93,0.96,5.0,0.06,16.93,0.04,5.0,0.19,61.0,0.29,50.0,0.13,0.13,0.093687,1776229183000
1776229185.33,285.33,0.81,61.0,0.71,50.0,0.94,16.93,0.96,5.0,0.06,16.93,0.04,5.0,0.19,61.0,0.29,50.0,0.13,0.13,0.093688,1776229184000
1776229185.899,285.899,0.91,55.0,0.81,50.0,0.94,5.03,0.96,5.0,0.06,5.03,0.04,5.0,0.09,55.0,0.19,50.0,0.03,0.03,0.093688,1776229185000
1776229186.988,286.988,0.91,55.0,0.81,50.0,0.94,5.03,0.96,5.0,0.06,5.03,0.04,5.0,0.09,55.0,0.19,50.0,0.03,0.03,0.093686,1776229186000
1776229187.437,287.437,0.91,55.0,0.81,50.0,0.96,5.0,0.98,15.0,0.06,5.03,0.04,5.0,0.09,55.0,0.19,50.0,0.05,0.03,0.093686,1776229186000
1776229187.953,287.953,0.91,55.0,0.81,50.0,0.96,5.0,0.98,15.0,0.04,5.0,0.02,15.0,0.09,55.0,0.19,50.0,0.05,0.05,0.093685,1776229187000
1776229189.025,289.025,0.91,55.0,0.81,50.0,0.96,5.0,0.98,15.0,0.04,5.0,0.02,15.0,0.09,55.0,0.19,50.0,0.05,0.05,0.093685,1776229188000
1776229190.041,290.041,0.91,55.0,0.81,50.0,0.96,5.0,0.98,15.0,0.04,5.0,0.02,15.0,0.09,55.0,0.19,50.0,0.05,0.05,0.093686,1776229189000
1776229191.456,291.456,0.91,55.0,0.81,50.0,0.96,5.0,0.98,15.0,0.04,5.0,0.02,15.0,0.09,55.0,0.19,50.0,0.05,0.05,0.093687,1776229190000
1776229191.876,291.876,0.91,50.0,0.81,50.0,0.99,343.21,,,0.01,348.21,,,0.09,50.0,0.19,50.0,0.08,0.08,0.093687,1776229190000
1776229192.894,292.894,0.91,50.0,0.81,50.0,0.99,343.21,,,0.01,343.21,,,0.09,50.0,0.19,50.0,0.08,0.08,0.093686,1776229192000
1776229193.336,293.336,0.91,50.0,0.81,50.0,0.99,338.16,,,0.01,343.21,,,0.09,50.0,0.19,50.0,0.08,0.08,0.093686,1776229192000
1776229193.845,293.845,0.91,50.0,0.81,50.0,0.99,232.09,,,0.01,338.16,,,0.09,50.0,0.19,50.0,0.08,0.08,0.093686,1776229192000
1776229194.834,294.834,0.91,50.0,0.81,50.0,0.99,211.88,,,0.01,211.88,,,0.09,50.0,0.19,50.0,0.08,0.08,0.093688,1776229194000
1776229195.777,295.777,0.91,50.0,0.81,50.0,0.99,211.88,,,0.01,211.88,,,0.09,50.0,0.19,50.0,0.08,0.08,0.093687,1776229195000
1776229196.482,296.482,0.91,50.0,0.81,50.0,0.99,169.89,,,0.01,211.88,,,0.09,50.0,0.19,50.0,0.08,0.08,0.093687,1776229195000
1776229197.073,297.073,0.91,50.0,0.81,50.0,0.99,161.57,,,0.01,169.89,,,0.09,50.0,0.19,50.0,0.08,0.08,0.093687,1776229195000
1776229197.372,297.372,0.91,50.0,0.81,50.0,0.99,146.41,,,0.01,161.57,,,0.09,50.0,0.19,50.0,0.08,0.08,0.093687,1776229196000
1776229197.697,297.697,0.99,850.59,0.91,50.0,,,,,,,,,0.01,853.59,0.09,50.0,,,0.093687,1776229196000
1776229198.269,298.269,0.99,850.59,0.91,50.0,,,,,,,,,0.01,850.59,0.09,50.0,,,0.093687,1776229197000
1776229199.177,299.177,0.99,992.14,0.77,20.0,,,,,,,,,0.01,850.59,0.09,50.0,,,0.093687,1776229197000
1776229200.249,300.249,0.99,992.14,0.77,20.0,,,,,,,,,0.01,992.14,0.23,20.0,,,0.093687,1776229199000

# RESULT,winner=Up,slug=doge-updown-5m-1776228900,ticks=332
