timestamp,elapsed_sec,up_bid_p1,up_bid_s1,up_bid_p2,up_bid_s2,up_bid_p3,up_bid_s3,up_bid_p4,up_bid_s4,up_bid_p5,up_bid_s5,up_ask_p1,up_ask_s1,up_ask_p2,up_ask_s2,up_ask_p3,up_ask_s3,up_ask_p4,up_ask_s4,up_ask_p5,up_ask_s5,down_bid_p1,down_bid_s1,down_bid_p2,down_bid_s2,down_bid_p3,down_bid_s3,down_bid_p4,down_bid_s4,down_bid_p5,down_bid_s5,down_ask_p1,down_ask_s1,down_ask_p2,down_ask_s2,down_ask_p3,down_ask_s3,down_ask_p4,down_ask_s4,down_ask_p5,down_ask_s5,up_spread,down_spread,doge_price,doge_oracle_ts
1776161111.355,11.355,,,,,,,,,,,,,,,,,,,,,,,,,,,,,,,,,,,,,,,,,,,0.094499,1776161110000
1776161111.946,11.946,0.51,5.0,0.5,5.0,0.49,5.0,0.44,10.0,0.43,31.0,0.62,10.0,0.64,6.0,0.65,24.0,0.68,10.0,0.69,10.0,0.38,10.0,0.36,6.0,0.35,24.0,0.32,10.0,0.31,10.0,0.49,5.0,0.5,5.0,0.51,5.0,0.56,10.0,0.57,31.0,0.11,0.11,0.094499,1776161110000
1776161113.409,13.409,0.51,5.0,0.5,5.0,0.49,5.0,0.44,10.0,0.43,31.0,0.62,10.0,0.64,6.0,0.65,24.0,0.68,10.0,0.69,10.0,0.38,10.0,0.36,6.0,0.35,24.0,0.32,10.0,0.31,10.0,0.49,5.0,0.5,5.0,0.51,5.0,0.56,10.0,0.57,31.0,0.11,0.11,0.094515,1776161112000
1776161114.049,14.049,0.51,5.0,0.5,5.0,0.49,5.0,0.44,10.0,0.43,31.0,0.62,10.0,0.64,6.0,0.65,24.0,0.68,10.0,0.69,10.0,0.38,10.0,0.36,6.0,0.35,24.0,0.32,10.0,0.31,10.0,0.49,5.0,0.5,5.0,0.51,5.0,0.56,10.0,0.57,31.0,0.11,0.11,0.094515,1776161113000
1776161115.362,15.362,0.51,5.0,0.5,5.0,0.49,5.0,0.44,10.0,0.43,31.0,0.62,10.0,0.64,6.0,0.65,24.0,0.68,10.0,0.69,10.0,0.38,10.0,0.36,6.0,0.35,24.0,0.32,10.0,0.31,10.0,0.49,5.0,0.5,5.0,0.51,5.0,0.56,10.0,0.57,31.0,0.11,0.11,0.094515,1776161114000
1776161116.4,16.4,0.51,5.0,0.5,5.0,0.49,5.0,0.44,10.0,0.43,31.0,0.62,10.0,0.64,6.0,0.65,24.0,0.68,10.0,0.69,10.0,0.38,10.0,0.36,6.0,0.35,24.0,0.32,10.0,0.31,10.0,0.49,5.0,0.5,5.0,0.51,5.0,0.56,10.0,0.57,31.0,0.11,0.11,0.094515,1776161115000
1776161116.993,16.993,0.51,5.0,0.5,5.0,0.49,5.0,0.44,10.0,0.43,31.0,0.62,10.0,0.64,6.0,0.65,24.0,0.68,10.0,0.69,10.0,0.38,10.0,0.36,6.0,0.35,24.0,0.32,10.0,0.31,10.0,0.49,5.0,0.5,5.0,0.51,5.0,0.56,10.0,0.57,31.0,0.11,0.11,0.094515,1776161116000
1776161118.215,18.215,0.51,5.0,0.5,5.0,0.49,5.0,0.44,10.0,0.43,31.0,0.62,10.0,0.64,6.0,0.65,24.0,0.68,10.0,0.69,10.0,0.38,10.0,0.36,6.0,0.35,24.0,0.32,10.0,0.31,10.0,0.49,5.0,0.5,5.0,0.51,5.0,0.56,10.0,0.57,31.0,0.11,0.11,0.094515,1776161117000
1776161119.246,19.246,0.51,5.0,0.5,10.0,0.44,31.0,0.43,10.0,0.42,10.0,0.62,8.38,0.66,24.0,0.68,10.0,0.69,10.0,0.7,10.0,0.38,8.38,0.34,24.0,0.32,10.0,0.31,10.0,0.3,10.0,0.49,5.0,0.5,10.0,0.56,31.0,0.57,10.0,0.58,10.0,0.11,0.11,0.094515,1776161118000
1776161120.447,20.447,0.51,5.0,0.5,10.0,0.44,31.0,0.43,10.0,0.42,10.0,0.62,8.38,0.66,24.0,0.68,10.0,0.69,10.0,0.7,10.0,0.38,8.38,0.34,24.0,0.32,10.0,0.31,10.0,0.3,10.0,0.49,5.0,0.5,10.0,0.56,31.0,0.57,10.0,0.58,10.0,0.11,0.11,0.094514,1776161119000
1776161120.897,20.897,0.51,5.0,0.5,10.0,0.44,31.0,0.43,10.0,0.42,10.0,0.62,8.38,0.66,24.0,0.68,10.0,0.69,10.0,0.7,10.0,0.38,8.38,0.34,24.0,0.32,10.0,0.31,10.0,0.3,10.0,0.49,5.0,0.5,10.0,0.56,31.0,0.57,10.0,0.58,10.0,0.11,0.11,0.094519,1776161120000
1776161122.098,22.098,0.51,5.0,0.5,10.0,0.44,31.0,0.43,10.0,0.42,10.0,0.62,8.38,0.66,24.0,0.68,10.0,0.69,10.0,0.7,10.0,0.38,8.38,0.34,24.0,0.32,10.0,0.31,10.0,0.3,10.0,0.49,5.0,0.5,10.0,0.56,31.0,0.57,10.0,0.58,10.0,0.11,0.11,0.094526,1776161121000
1776161123.228,23.228,0.51,5.0,0.5,10.0,0.44,31.0,0.43,10.0,0.42,10.0,0.62,8.38,0.66,24.0,0.68,10.0,0.69,10.0,0.7,10.0,0.38,8.38,0.34,24.0,0.32,10.0,0.31,10.0,0.3,10.0,0.49,5.0,0.5,10.0,0.56,31.0,0.57,10.0,0.58,10.0,0.11,0.11,0.094525,1776161122000
1776161124.711,24.711,0.51,5.0,0.5,10.0,0.44,31.0,0.43,10.0,0.42,10.0,0.62,8.38,0.66,24.0,0.68,10.0,0.69,10.0,0.7,10.0,0.38,8.38,0.34,24.0,0.32,10.0,0.31,10.0,0.3,10.0,0.49,5.0,0.5,10.0,0.56,31.0,0.57,10.0,0.58,10.0,0.11,0.11,0.094526,1776161123000
1776161125.543,25.543,0.51,5.0,0.5,10.0,0.44,31.0,0.43,10.0,0.42,10.0,0.62,8.38,0.66,24.0,0.68,10.0,0.69,10.0,0.7,10.0,0.38,8.38,0.34,24.0,0.32,10.0,0.31,10.0,0.3,10.0,0.49,5.0,0.5,10.0,0.56,31.0,0.57,10.0,0.58,10.0,0.11,0.11,0.09453,1776161124000
1776161126.104,26.104,0.51,5.0,0.5,10.0,0.44,31.0,0.43,10.0,0.42,10.0,0.62,8.38,0.66,24.0,0.68,10.0,0.69,10.0,0.7,10.0,0.38,8.38,0.34,24.0,0.32,10.0,0.31,10.0,0.3,10.0,0.49,5.0,0.5,10.0,0.56,31.0,0.57,10.0,0.58,10.0,0.11,0.11,0.09453,1776161125000
1776161127.482,27.482,0.54,5.0,0.53,5.0,0.5,5.0,0.48,10.0,0.47,20.0,0.65,6.92,0.69,26.0,0.71,50.0,0.72,10.0,0.73,16.0,0.38,8.38,0.34,24.0,0.32,10.0,0.31,10.0,0.3,10.0,0.49,5.0,0.5,10.0,0.56,31.0,0.57,10.0,0.58,10.0,0.11,0.11,0.09453,1776161125000
1776161127.756,27.756,0.54,5.0,0.53,5.0,0.5,5.0,0.48,10.0,0.47,20.0,0.65,6.92,0.69,26.0,0.71,50.0,0.72,10.0,0.73,16.0,0.35,6.92,0.31,26.0,0.29,50.0,0.28,10.0,0.27,16.0,0.46,5.0,0.47,5.0,0.5,5.0,0.52,10.0,0.53,20.0,0.11,0.11,0.09453,1776161126000
1776161128.562,28.562,0.54,5.0,0.53,5.0,0.5,5.0,0.48,10.0,0.47,20.0,0.65,6.92,0.69,26.0,0.71,50.0,0.72,10.0,0.73,16.0,0.35,6.92,0.31,26.0,0.29,50.0,0.28,10.0,0.27,16.0,0.46,5.0,0.47,5.0,0.5,5.0,0.52,10.0,0.53,20.0,0.11,0.11,0.09453,1776161127000
1776161129.065,29.065,0.54,5.0,0.53,5.0,0.5,5.0,0.48,10.0,0.47,20.0,0.65,6.92,0.69,26.0,0.71,50.0,0.72,10.0,0.73,16.0,0.35,6.92,0.31,26.0,0.29,50.0,0.28,10.0,0.27,16.0,0.46,5.0,0.47,5.0,0.5,5.0,0.52,10.0,0.53,20.0,0.11,0.11,0.094528,1776161128000
1776161130.387,30.387,0.54,5.0,0.53,5.0,0.5,5.0,0.48,10.0,0.47,20.0,0.65,6.92,0.69,26.0,0.71,50.0,0.72,10.0,0.73,16.0,0.35,6.92,0.31,26.0,0.29,50.0,0.28,10.0,0.27,16.0,0.46,5.0,0.47,5.0,0.5,5.0,0.52,10.0,0.53,20.0,0.11,0.11,0.094528,1776161129000
1776161131.004,31.004,0.54,5.0,0.53,5.0,0.5,5.0,0.48,10.0,0.47,20.0,0.65,6.92,0.69,26.0,0.71,50.0,0.72,10.0,0.73,16.0,0.35,6.92,0.31,26.0,0.29,50.0,0.28,10.0,0.27,16.0,0.46,5.0,0.47,5.0,0.5,5.0,0.52,10.0,0.53,20.0,0.11,0.11,0.094528,1776161130000
1776161132.313,32.313,0.54,5.0,0.53,5.0,0.5,5.0,0.48,10.0,0.47,20.0,0.65,6.92,0.69,26.0,0.71,50.0,0.72,10.0,0.73,16.0,0.35,6.92,0.31,26.0,0.29,50.0,0.28,10.0,0.27,16.0,0.46,5.0,0.47,5.0,0.5,5.0,0.52,10.0,0.53,20.0,0.11,0.11,0.094529,1776161131000
1776161132.936,32.936,0.54,5.0,0.53,5.0,0.5,5.0,0.48,10.0,0.47,20.0,0.65,6.92,0.69,26.0,0.71,50.0,0.72,10.0,0.73,16.0,0.35,6.92,0.31,26.0,0.29,50.0,0.28,10.0,0.27,16.0,0.46,5.0,0.47,5.0,0.5,5.0,0.52,10.0,0.53,20.0,0.11,0.11,0.094529,1776161132000
1776161134.189,34.189,0.54,5.0,0.53,5.0,0.5,5.0,0.48,10.0,0.47,20.0,0.65,6.92,0.69,26.0,0.71,50.0,0.72,10.0,0.73,16.0,0.35,6.92,0.31,26.0,0.29,50.0,0.28,10.0,0.27,16.0,0.46,5.0,0.47,5.0,0.5,5.0,0.52,10.0,0.53,20.0,0.11,0.11,0.094528,1776161133000
1776161135.52,35.52,0.54,5.0,0.53,5.0,0.5,5.0,0.48,10.0,0.47,20.0,0.65,6.92,0.69,26.0,0.71,50.0,0.72,10.0,0.73,16.0,0.35,6.92,0.31,26.0,0.29,50.0,0.28,10.0,0.27,16.0,0.46,5.0,0.47,5.0,0.5,5.0,0.52,10.0,0.53,20.0,0.11,0.11,0.094529,1776161134000
1776161136.169,36.169,0.54,5.0,0.53,5.0,0.5,5.0,0.48,10.0,0.47,20.0,0.65,6.92,0.69,26.0,0.71,50.0,0.72,10.0,0.73,16.0,0.35,6.92,0.31,26.0,0.29,50.0,0.28,10.0,0.27,16.0,0.46,5.0,0.47,5.0,0.5,5.0,0.52,10.0,0.53,20.0,0.11,0.11,0.094527,1776161135000
1776161136.772,36.772,0.5,5.0,0.48,10.0,0.47,10.0,0.46,10.0,0.45,21.0,0.66,8.48,0.7,16.0,0.71,50.0,0.72,10.0,0.73,10.0,0.35,6.92,0.31,26.0,0.29,50.0,0.28,10.0,0.27,16.0,0.46,5.0,0.47,5.0,0.5,5.0,0.52,10.0,0.53,20.0,0.16,0.11,0.094527,1776161135000
1776161137.613,37.613,0.43,5.0,0.42,5.0,0.4,12.0,0.37,10.0,0.35,10.0,0.54,5.0,0.57,5.0,0.59,10.0,0.6,10.0,0.61,60.0,0.34,8.48,0.3,16.0,0.29,50.0,0.28,10.0,0.27,10.0,0.5,5.0,0.52,10.0,0.53,10.0,0.54,10.0,0.55,21.0,0.11,0.16,0.094527,1776161135000
1776161138.183,38.183,0.43,5.0,0.42,5.0,0.4,12.0,0.37,10.0,0.35,10.0,0.54,5.0,0.57,5.0,0.59,10.0,0.6,10.0,0.61,60.0,0.46,5.0,0.43,5.0,0.41,10.0,0.4,10.0,0.39,60.0,0.57,5.0,0.58,5.0,0.6,12.0,0.63,10.0,0.65,10.0,0.11,0.11,0.094526,1776161137000
1776161139.525,39.525,0.43,5.0,0.42,5.0,0.4,12.0,0.37,10.0,0.35,10.0,0.54,5.0,0.57,5.0,0.59,10.0,0.6,10.0,0.61,60.0,0.46,5.0,0.43,5.0,0.41,10.0,0.4,10.0,0.39,60.0,0.57,5.0,0.58,5.0,0.6,12.0,0.63,10.0,0.65,10.0,0.11,0.11,0.094506,1776161138000
1776161140.152,40.152,0.43,5.0,0.42,5.0,0.4,12.0,0.37,10.0,0.35,10.0,0.54,5.0,0.57,5.0,0.59,10.0,0.6,10.0,0.61,60.0,0.46,5.0,0.43,5.0,0.41,10.0,0.4,10.0,0.39,60.0,0.57,5.0,0.58,5.0,0.6,12.0,0.63,10.0,0.65,10.0,0.11,0.11,0.094488,1776161139000
1776161141.818,41.818,0.43,5.0,0.42,5.0,0.4,12.0,0.37,10.0,0.35,10.0,0.54,5.0,0.57,5.0,0.59,10.0,0.6,10.0,0.61,60.0,0.46,5.0,0.43,5.0,0.41,10.0,0.4,10.0,0.39,60.0,0.57,5.0,0.58,5.0,0.6,12.0,0.63,10.0,0.65,10.0,0.11,0.11,0.094489,1776161140000
1776161142.57,42.57,0.43,5.0,0.42,5.0,0.4,12.0,0.37,10.0,0.35,10.0,0.54,5.0,0.57,5.0,0.59,10.0,0.6,10.0,0.61,60.0,0.46,5.0,0.43,5.0,0.41,10.0,0.4,10.0,0.39,60.0,0.57,5.0,0.58,5.0,0.6,12.0,0.63,10.0,0.65,10.0,0.11,0.11,0.094489,1776161141000
1776161142.991,42.991,0.43,5.0,0.42,5.0,0.4,12.0,0.37,10.0,0.35,10.0,0.54,5.0,0.57,5.0,0.59,10.0,0.6,10.0,0.61,60.0,0.46,5.0,0.43,5.0,0.41,10.0,0.4,10.0,0.39,60.0,0.57,5.0,0.58,5.0,0.6,12.0,0.63,10.0,0.65,10.0,0.11,0.11,0.094489,1776161142000
1776161144.076,44.076,0.43,5.0,0.42,5.0,0.4,12.0,0.37,10.0,0.35,10.0,0.54,5.0,0.57,5.0,0.59,10.0,0.6,10.0,0.61,60.0,0.46,5.0,0.43,5.0,0.41,10.0,0.4,10.0,0.39,60.0,0.57,5.0,0.58,5.0,0.6,12.0,0.63,10.0,0.65,10.0,0.11,0.11,0.094487,1776161143000
1776161145.293,45.293,0.43,5.0,0.42,5.0,0.4,12.0,0.37,10.0,0.35,10.0,0.54,5.0,0.57,5.0,0.59,10.0,0.6,10.0,0.61,60.0,0.46,5.0,0.43,5.0,0.41,10.0,0.4,10.0,0.39,60.0,0.57,5.0,0.58,5.0,0.6,12.0,0.63,10.0,0.65,10.0,0.11,0.11,0.094479,1776161144000
1776161146.228,46.228,0.43,5.0,0.42,5.0,0.39,12.0,0.36,10.0,0.35,10.0,0.54,3.14,0.57,5.0,0.59,10.0,0.6,10.0,0.61,70.0,0.46,5.0,0.43,5.0,0.41,10.0,0.4,10.0,0.39,60.0,0.57,5.0,0.58,5.0,0.6,12.0,0.63,10.0,0.65,10.0,0.11,0.11,0.094479,1776161144000
1776161147.564,47.564,0.43,5.0,0.42,5.0,0.39,12.0,0.36,10.0,0.35,10.0,0.54,3.14,0.57,5.0,0.59,10.0,0.6,10.0,0.61,70.0,0.46,3.14,0.43,5.0,0.41,10.0,0.4,10.0,0.39,70.0,0.57,5.0,0.58,5.0,0.61,12.0,0.64,10.0,0.65,10.0,0.11,0.11,0.094489,1776161146000
1776161148.21,48.21,0.43,5.0,0.42,5.0,0.39,12.0,0.36,10.0,0.35,10.0,0.54,3.14,0.57,5.0,0.59,10.0,0.6,10.0,0.61,70.0,0.46,3.14,0.43,5.0,0.41,10.0,0.4,10.0,0.39,70.0,0.57,5.0,0.58,5.0,0.61,12.0,0.64,10.0,0.65,10.0,0.11,0.11,0.094489,1776161147000
1776161149.278,49.278,0.43,5.0,0.42,5.0,0.39,12.0,0.36,10.0,0.35,10.0,0.54,3.14,0.57,5.0,0.59,10.0,0.6,10.0,0.61,70.0,0.46,3.14,0.43,5.0,0.41,10.0,0.4,10.0,0.39,70.0,0.57,5.0,0.58,5.0,0.61,12.0,0.64,10.0,0.65,10.0,0.11,0.11,0.094489,1776161148000
1776161150.359,50.359,0.43,5.0,0.42,5.0,0.39,12.0,0.36,10.0,0.35,10.0,0.54,3.14,0.57,5.0,0.59,10.0,0.6,10.0,0.61,70.0,0.46,3.14,0.43,5.0,0.41,10.0,0.4,10.0,0.39,70.0,0.57,5.0,0.58,5.0,0.61,12.0,0.64,10.0,0.65,10.0,0.11,0.11,0.09449,1776161149000
1776161150.97,50.97,0.43,5.0,0.42,5.0,0.39,12.0,0.36,10.0,0.35,10.0,0.54,3.14,0.57,5.0,0.59,10.0,0.6,10.0,0.61,70.0,0.46,3.14,0.43,5.0,0.41,10.0,0.4,10.0,0.39,70.0,0.57,5.0,0.58,5.0,0.61,12.0,0.64,10.0,0.65,10.0,0.11,0.11,0.09449,1776161150000
1776161152.03,52.03,0.43,5.0,0.42,5.0,0.39,12.0,0.36,10.0,0.35,10.0,0.54,3.14,0.57,5.0,0.59,10.0,0.6,10.0,0.61,70.0,0.46,3.14,0.43,5.0,0.41,10.0,0.4,10.0,0.39,70.0,0.57,5.0,0.58,5.0,0.61,12.0,0.64,10.0,0.65,10.0,0.11,0.11,0.09449,1776161151000
1776161153.176,53.176,0.43,5.0,0.42,5.0,0.39,12.0,0.36,10.0,0.35,10.0,0.54,3.14,0.57,5.0,0.59,10.0,0.6,10.0,0.61,70.0,0.46,3.14,0.43,5.0,0.41,10.0,0.4,10.0,0.39,70.0,0.57,5.0,0.58,5.0,0.61,12.0,0.64,10.0,0.65,10.0,0.11,0.11,0.09449,1776161152000
1776161154.236,54.236,0.43,5.0,0.42,5.0,0.39,12.0,0.36,10.0,0.35,10.0,0.54,3.14,0.57,5.0,0.59,10.0,0.6,10.0,0.61,70.0,0.46,3.14,0.43,5.0,0.41,10.0,0.4,10.0,0.39,70.0,0.57,5.0,0.58,5.0,0.61,12.0,0.64,10.0,0.65,10.0,0.11,0.11,0.094499,1776161153000
1776161155.343,55.343,0.43,5.0,0.42,5.0,0.39,12.0,0.36,10.0,0.35,10.0,0.54,3.14,0.57,5.0,0.59,10.0,0.6,10.0,0.61,70.0,0.46,3.14,0.43,5.0,0.41,10.0,0.4,10.0,0.39,70.0,0.57,5.0,0.58,5.0,0.61,12.0,0.64,10.0,0.65,10.0,0.11,0.11,0.094499,1776161154000
1776161156.263,56.263,0.43,5.0,0.42,5.0,0.39,12.0,0.36,10.0,0.35,10.0,0.54,3.14,0.57,5.0,0.59,10.0,0.6,10.0,0.61,70.0,0.46,3.14,0.43,5.0,0.41,10.0,0.4,10.0,0.39,70.0,0.57,5.0,0.58,5.0,0.61,12.0,0.64,10.0,0.65,10.0,0.11,0.11,0.094498,1776161155000
1776161157.343,57.343,0.43,5.0,0.42,5.0,0.39,12.0,0.36,10.0,0.35,10.0,0.54,3.14,0.57,5.0,0.59,10.0,0.6,10.0,0.61,70.0,0.46,3.14,0.43,5.0,0.41,10.0,0.4,10.0,0.39,70.0,0.57,5.0,0.58,5.0,0.61,12.0,0.64,10.0,0.65,10.0,0.11,0.11,0.094498,1776161156000
1776161157.842,57.842,0.43,5.0,0.42,5.0,0.39,12.0,0.36,10.0,0.35,10.0,0.54,3.14,0.57,5.0,0.59,10.0,0.6,10.0,0.61,70.0,0.46,3.14,0.43,5.0,0.41,10.0,0.4,10.0,0.39,70.0,0.57,5.0,0.58,5.0,0.61,12.0,0.64,10.0,0.65,10.0,0.11,0.11,0.094498,1776161157000
1776161158.842,58.842,0.43,5.0,0.42,5.0,0.39,12.0,0.36,10.0,0.35,10.0,0.54,3.14,0.57,5.0,0.59,10.0,0.6,10.0,0.61,70.0,0.46,3.14,0.43,5.0,0.41,10.0,0.4,10.0,0.39,70.0,0.57,5.0,0.58,5.0,0.61,12.0,0.64,10.0,0.65,10.0,0.11,0.11,0.094492,1776161158000
1776161159.903,59.903,0.43,5.0,0.42,5.0,0.39,12.0,0.36,10.0,0.35,10.0,0.54,3.14,0.57,5.0,0.59,10.0,0.6,10.0,0.61,70.0,0.46,3.14,0.43,5.0,0.41,10.0,0.4,10.0,0.39,70.0,0.57,5.0,0.58,5.0,0.61,12.0,0.64,10.0,0.65,10.0,0.11,0.11,0.094473,1776161159000
1776161160.884,60.884,0.43,5.0,0.42,5.0,0.39,12.0,0.36,10.0,0.35,10.0,0.54,3.14,0.57,5.0,0.59,10.0,0.6,10.0,0.61,70.0,0.46,3.14,0.43,5.0,0.41,10.0,0.4,10.0,0.39,70.0,0.57,5.0,0.58,5.0,0.61,12.0,0.64,10.0,0.65,10.0,0.11,0.11,0.09446,1776161160000
1776161161.921,61.921,0.43,5.0,0.42,5.0,0.39,12.0,0.36,10.0,0.35,10.0,0.54,3.14,0.57,5.0,0.59,10.0,0.6,10.0,0.61,70.0,0.46,3.14,0.43,5.0,0.41,10.0,0.4,10.0,0.39,70.0,0.57,5.0,0.58,5.0,0.61,12.0,0.64,10.0,0.65,10.0,0.11,0.11,0.09446,1776161161000
1776161162.916,62.916,0.43,5.0,0.42,5.0,0.39,12.0,0.36,10.0,0.35,10.0,0.54,3.14,0.57,5.0,0.59,10.0,0.6,10.0,0.61,70.0,0.46,3.14,0.43,5.0,0.41,10.0,0.4,10.0,0.39,70.0,0.57,5.0,0.58,5.0,0.61,12.0,0.64,10.0,0.65,10.0,0.11,0.11,0.09446,1776161162000
1776161163.932,63.932,0.43,5.0,0.42,5.0,0.39,12.0,0.36,10.0,0.35,10.0,0.54,3.14,0.57,5.0,0.59,10.0,0.6,10.0,0.61,70.0,0.46,3.14,0.43,5.0,0.41,10.0,0.4,10.0,0.39,70.0,0.57,5.0,0.58,5.0,0.61,12.0,0.64,10.0,0.65,10.0,0.11,0.11,0.094459,1776161163000
1776161164.86,64.86,0.43,5.0,0.42,5.0,0.39,12.0,0.36,10.0,0.35,10.0,0.54,3.14,0.57,5.0,0.59,10.0,0.6,10.0,0.61,70.0,0.46,3.14,0.43,5.0,0.41,10.0,0.4,10.0,0.39,70.0,0.57,5.0,0.58,5.0,0.61,12.0,0.64,10.0,0.65,10.0,0.11,0.11,0.09446,1776161164000
1776161165.815,65.815,0.43,5.0,0.42,5.0,0.39,12.0,0.36,10.0,0.35,10.0,0.54,3.14,0.57,5.0,0.59,10.0,0.6,10.0,0.61,70.0,0.46,3.14,0.43,5.0,0.41,10.0,0.4,10.0,0.39,70.0,0.57,5.0,0.58,5.0,0.61,12.0,0.64,10.0,0.65,10.0,0.11,0.11,0.094467,1776161165000
1776161166.813,66.813,0.43,5.0,0.42,5.0,0.39,12.0,0.36,10.0,0.35,10.0,0.54,3.14,0.57,5.0,0.59,10.0,0.6,10.0,0.61,70.0,0.46,3.14,0.43,5.0,0.41,10.0,0.4,10.0,0.39,70.0,0.57,5.0,0.58,5.0,0.61,12.0,0.64,10.0,0.65,10.0,0.11,0.11,0.09447,1776161166000
1776161167.877,67.877,0.43,5.0,0.42,5.0,0.39,12.0,0.36,10.0,0.35,10.0,0.54,3.14,0.57,5.0,0.59,10.0,0.6,10.0,0.61,70.0,0.46,3.14,0.43,5.0,0.41,10.0,0.4,10.0,0.39,70.0,0.57,5.0,0.58,5.0,0.61,12.0,0.64,10.0,0.65,10.0,0.11,0.11,0.094471,1776161167000
1776161169.202,69.202,0.35,5.0,0.33,11.8,0.32,36.9,0.31,62.2,0.3,12.4,0.49,5.0,0.51,5.0,0.52,10.0,0.53,20.4,0.54,20.5,0.51,5.0,0.49,5.0,0.48,10.0,0.47,20.4,0.46,20.5,0.65,5.0,0.67,11.8,0.68,36.9,0.69,62.2,0.7,12.4,0.14,0.14,0.094471,1776161168000
1776161170.075,70.075,0.35,5.0,0.33,11.8,0.32,36.9,0.31,62.2,0.3,12.4,0.49,5.0,0.51,5.0,0.52,10.0,0.53,20.4,0.54,20.5,0.51,5.0,0.49,5.0,0.48,10.0,0.47,20.4,0.46,20.5,0.65,5.0,0.67,11.8,0.68,36.9,0.69,62.2,0.7,12.4,0.14,0.14,0.094471,1776161169000
1776161171.332,71.332,0.35,5.0,0.33,11.8,0.32,36.9,0.31,62.2,0.3,12.4,0.49,5.0,0.51,5.0,0.52,10.0,0.53,20.4,0.54,20.5,0.51,5.0,0.49,5.0,0.48,10.0,0.47,20.4,0.46,20.5,0.65,5.0,0.67,11.8,0.68,36.9,0.69,62.2,0.7,12.4,0.14,0.14,0.094471,1776161170000
1776161172.373,72.373,0.35,5.0,0.33,11.8,0.32,36.9,0.31,62.2,0.3,12.4,0.49,5.0,0.51,5.0,0.52,10.0,0.53,20.4,0.54,20.5,0.51,5.0,0.49,5.0,0.48,10.0,0.47,20.4,0.46,20.5,0.65,5.0,0.67,11.8,0.68,36.9,0.69,62.2,0.7,12.4,0.14,0.14,0.094478,1776161171000
1776161172.967,72.967,0.35,5.0,0.33,11.8,0.32,36.9,0.31,62.2,0.3,12.4,0.49,5.0,0.51,5.0,0.52,10.0,0.53,20.4,0.54,20.5,0.51,5.0,0.49,5.0,0.48,10.0,0.47,20.4,0.46,20.5,0.65,5.0,0.67,11.8,0.68,36.9,0.69,62.2,0.7,12.4,0.14,0.14,0.094478,1776161172000
1776161174.075,74.075,0.35,5.0,0.33,11.8,0.32,36.9,0.31,62.2,0.3,12.4,0.49,5.0,0.51,5.0,0.52,10.0,0.53,20.4,0.54,20.5,0.51,5.0,0.49,5.0,0.48,10.0,0.47,20.4,0.46,20.5,0.65,5.0,0.67,11.8,0.68,36.9,0.69,62.2,0.7,12.4,0.14,0.14,0.094492,1776161173000
1776161175.09,75.09,0.35,5.0,0.33,11.8,0.32,36.9,0.31,62.2,0.3,12.4,0.49,5.0,0.51,5.0,0.52,10.0,0.53,20.4,0.54,20.5,0.51,5.0,0.49,5.0,0.48,10.0,0.47,20.4,0.46,20.5,0.65,5.0,0.67,11.8,0.68,36.9,0.69,62.2,0.7,12.4,0.14,0.14,0.094492,1776161174000
1776161176.438,76.438,0.35,5.0,0.33,11.8,0.32,36.9,0.31,62.2,0.3,12.4,0.49,5.0,0.51,5.0,0.52,10.0,0.53,20.4,0.54,20.5,0.51,5.0,0.49,5.0,0.48,10.0,0.47,20.4,0.46,20.5,0.65,5.0,0.67,11.8,0.68,36.9,0.69,62.2,0.7,12.4,0.14,0.14,0.094493,1776161175000
1776161177.039,77.039,0.35,5.0,0.33,11.8,0.32,36.9,0.31,62.2,0.3,12.4,0.49,5.0,0.51,5.0,0.52,10.0,0.53,20.4,0.54,20.5,0.51,5.0,0.49,5.0,0.48,10.0,0.47,20.4,0.46,20.5,0.65,5.0,0.67,11.8,0.68,36.9,0.69,62.2,0.7,12.4,0.14,0.14,0.094488,1776161176000
1776161177.613,77.613,0.39,5.0,0.38,5.0,0.37,11.2,0.36,11.3,0.35,11.4,0.52,7.0,0.55,20.5,0.56,20.6,0.57,20.6,0.58,31.7,0.51,5.0,0.49,5.0,0.48,10.0,0.47,20.4,0.46,20.5,0.65,5.0,0.67,11.8,0.68,36.9,0.69,62.2,0.7,12.4,0.13,0.14,0.094488,1776161176000
1776161178.346,78.346,0.39,5.0,0.38,5.0,0.37,11.2,0.36,11.3,0.35,11.4,0.52,7.0,0.55,20.5,0.56,20.6,0.57,20.6,0.58,31.7,0.48,7.0,0.45,20.5,0.44,20.6,0.43,20.6,0.42,31.7,0.61,5.0,0.62,5.0,0.63,11.2,0.64,11.3,0.65,11.4,0.13,0.13,0.094488,1776161177000
1776161178.931,78.931,0.39,5.0,0.38,5.0,0.37,11.2,0.36,11.3,0.35,11.4,0.52,7.0,0.55,20.5,0.56,20.6,0.57,20.6,0.58,31.7,0.48,7.0,0.45,20.5,0.44,20.6,0.43,20.6,0.42,31.7,0.61,5.0,0.62,5.0,0.63,11.2,0.64,11.3,0.65,11.4,0.13,0.13,0.094488,1776161178000
1776161180.052,80.052,0.39,5.0,0.38,5.0,0.37,11.2,0.36,11.3,0.35,11.4,0.52,7.0,0.55,20.5,0.56,20.6,0.57,20.6,0.58,31.7,0.48,7.0,0.45,20.5,0.44,20.6,0.43,20.6,0.42,31.7,0.61,5.0,0.62,5.0,0.63,11.2,0.64,11.3,0.65,11.4,0.13,0.13,0.094479,1776161179000
1776161181.173,81.173,0.39,5.0,0.38,5.0,0.37,11.2,0.36,11.3,0.35,11.4,0.52,7.0,0.55,20.5,0.56,20.6,0.57,20.6,0.58,31.7,0.48,7.0,0.45,20.5,0.44,20.6,0.43,20.6,0.42,31.7,0.61,5.0,0.62,5.0,0.63,11.2,0.64,11.3,0.65,11.4,0.13,0.13,0.094463,1776161180000
1776161182.409,82.409,0.39,5.0,0.38,5.0,0.37,11.2,0.36,11.3,0.35,11.4,0.52,7.0,0.55,20.5,0.56,20.6,0.57,20.6,0.58,31.7,0.48,7.0,0.45,20.5,0.44,20.6,0.43,20.6,0.42,31.7,0.61,5.0,0.62,5.0,0.63,11.2,0.64,11.3,0.65,11.4,0.13,0.13,0.09446,1776161181000
1776161182.961,82.961,0.39,5.0,0.38,5.0,0.37,11.2,0.36,11.3,0.35,11.4,0.52,7.0,0.55,20.5,0.56,20.6,0.57,20.6,0.58,31.7,0.48,7.0,0.45,20.5,0.44,20.6,0.43,20.6,0.42,31.7,0.61,5.0,0.62,5.0,0.63,11.2,0.64,11.3,0.65,11.4,0.13,0.13,0.094461,1776161182000
1776161183.947,83.947,0.39,5.0,0.38,5.0,0.37,11.2,0.36,11.3,0.35,11.4,0.52,7.0,0.55,20.5,0.56,20.6,0.57,20.6,0.58,31.7,0.48,7.0,0.45,20.5,0.44,20.6,0.43,20.6,0.42,31.7,0.61,5.0,0.62,5.0,0.63,11.2,0.64,11.3,0.65,11.4,0.13,0.13,0.094461,1776161183000
1776161184.891,84.891,0.39,5.0,0.38,5.0,0.37,11.2,0.36,11.3,0.35,11.4,0.52,7.0,0.55,20.5,0.56,20.6,0.57,20.6,0.58,31.7,0.48,7.0,0.45,20.5,0.44,20.6,0.43,20.6,0.42,31.7,0.61,5.0,0.62,5.0,0.63,11.2,0.64,11.3,0.65,11.4,0.13,0.13,0.094456,1776161184000
1776161185.837,85.837,0.39,5.0,0.38,5.0,0.37,11.2,0.36,11.3,0.35,11.4,0.52,7.0,0.55,20.5,0.56,20.6,0.57,20.6,0.58,31.7,0.48,7.0,0.45,20.5,0.44,20.6,0.43,20.6,0.42,31.7,0.61,5.0,0.62,5.0,0.63,11.2,0.64,11.3,0.65,11.4,0.13,0.13,0.094471,1776161185000
1776161186.861,86.861,0.39,5.0,0.38,5.0,0.37,11.2,0.36,11.3,0.35,11.4,0.52,7.0,0.55,20.5,0.56,20.6,0.57,20.6,0.58,31.7,0.48,7.0,0.45,20.5,0.44,20.6,0.43,20.6,0.42,31.7,0.61,5.0,0.62,5.0,0.63,11.2,0.64,11.3,0.65,11.4,0.13,0.13,0.094473,1776161186000
1776161188.27,88.27,0.39,5.0,0.38,5.0,0.37,11.2,0.36,11.3,0.35,11.4,0.52,7.0,0.55,20.5,0.56,20.6,0.57,20.6,0.58,31.7,0.48,7.0,0.45,20.5,0.44,20.6,0.43,20.6,0.42,31.7,0.61,5.0,0.62,5.0,0.63,11.2,0.64,11.3,0.65,11.4,0.13,0.13,0.094472,1776161187000
1776161189.237,89.237,0.39,5.0,0.38,5.0,0.37,11.2,0.36,11.3,0.35,11.4,0.52,7.0,0.55,20.5,0.56,20.6,0.57,20.6,0.58,31.7,0.48,7.0,0.45,20.5,0.44,20.6,0.43,20.6,0.42,31.7,0.61,5.0,0.62,5.0,0.63,11.2,0.64,11.3,0.65,11.4,0.13,0.13,0.094472,1776161188000
1776161190.177,90.177,0.39,5.0,0.38,5.0,0.37,11.2,0.36,11.3,0.35,11.4,0.52,7.0,0.55,20.5,0.56,20.6,0.57,20.6,0.58,31.7,0.48,7.0,0.45,20.5,0.44,20.6,0.43,20.6,0.42,31.7,0.61,5.0,0.62,5.0,0.63,11.2,0.64,11.3,0.65,11.4,0.13,0.13,0.094472,1776161189000
1776161191.224,91.224,0.39,5.0,0.38,5.0,0.37,11.2,0.36,11.3,0.35,11.4,0.52,7.0,0.55,20.5,0.56,20.6,0.57,20.6,0.58,31.7,0.48,7.0,0.45,20.5,0.44,20.6,0.43,20.6,0.42,31.7,0.61,5.0,0.62,5.0,0.63,11.2,0.64,11.3,0.65,11.4,0.13,0.13,0.094473,1776161190000
1776161192.082,92.082,0.39,5.0,0.38,5.0,0.37,11.2,0.36,11.3,0.35,11.4,0.52,7.0,0.55,20.5,0.56,20.6,0.57,20.6,0.58,31.7,0.48,7.0,0.45,20.5,0.44,20.6,0.43,20.6,0.42,31.7,0.61,5.0,0.62,5.0,0.63,11.2,0.64,11.3,0.65,11.4,0.13,0.13,0.094472,1776161191000
1776161193.125,93.125,0.39,5.0,0.38,5.0,0.37,11.2,0.36,11.3,0.35,11.4,0.52,7.0,0.55,20.5,0.56,20.6,0.57,20.6,0.58,31.7,0.48,7.0,0.45,20.5,0.44,20.6,0.43,20.6,0.42,31.7,0.61,5.0,0.62,5.0,0.63,11.2,0.64,11.3,0.65,11.4,0.13,0.13,0.094473,1776161192000
1776161194.078,94.078,0.39,5.0,0.38,5.0,0.37,11.2,0.36,11.3,0.35,11.4,0.52,7.0,0.55,20.5,0.56,20.6,0.57,20.6,0.58,31.7,0.48,7.0,0.45,20.5,0.44,20.6,0.43,20.6,0.42,31.7,0.61,5.0,0.62,5.0,0.63,11.2,0.64,11.3,0.65,11.4,0.13,0.13,0.094472,1776161193000
1776161195.036,95.036,0.39,5.0,0.38,5.0,0.37,11.2,0.36,11.3,0.35,11.4,0.52,7.0,0.55,20.5,0.56,20.6,0.57,20.6,0.58,31.7,0.48,7.0,0.45,20.5,0.44,20.6,0.43,20.6,0.42,31.7,0.61,5.0,0.62,5.0,0.63,11.2,0.64,11.3,0.65,11.4,0.13,0.13,0.094467,1776161194000
1776161196.391,96.391,0.39,5.0,0.38,5.0,0.37,11.2,0.36,11.3,0.35,11.4,0.52,7.0,0.55,20.5,0.56,20.6,0.57,20.6,0.58,31.7,0.48,7.0,0.45,20.5,0.44,20.6,0.43,20.6,0.42,31.7,0.61,5.0,0.62,5.0,0.63,11.2,0.64,11.3,0.65,11.4,0.13,0.13,0.094474,1776161195000
1776161196.939,96.939,0.39,5.0,0.38,5.0,0.37,11.2,0.36,11.3,0.35,11.4,0.52,7.0,0.55,20.5,0.56,20.6,0.57,20.6,0.58,31.7,0.48,7.0,0.45,20.5,0.44,20.6,0.43,20.6,0.42,31.7,0.61,5.0,0.62,5.0,0.63,11.2,0.64,11.3,0.65,11.4,0.13,0.13,0.094474,1776161196000
1776161198.102,98.102,0.39,5.0,0.38,5.0,0.37,11.2,0.36,11.3,0.35,11.4,0.52,7.0,0.55,20.5,0.56,20.6,0.57,20.6,0.58,31.7,0.48,7.0,0.45,20.5,0.44,20.6,0.43,20.6,0.42,31.7,0.61,5.0,0.62,5.0,0.63,11.2,0.64,11.3,0.65,11.4,0.13,0.13,0.094473,1776161197000
1776161199.113,99.113,0.39,5.0,0.38,5.0,0.37,11.2,0.36,11.3,0.35,11.4,0.52,7.0,0.55,20.5,0.56,20.6,0.57,20.6,0.58,31.7,0.48,7.0,0.45,20.5,0.44,20.6,0.43,20.6,0.42,31.7,0.61,5.0,0.62,5.0,0.63,11.2,0.64,11.3,0.65,11.4,0.13,0.13,0.094473,1776161198000
1776161200.225,100.225,0.39,5.0,0.38,5.0,0.37,11.2,0.36,11.3,0.35,11.4,0.52,7.0,0.55,20.5,0.56,20.6,0.57,20.6,0.58,31.7,0.48,7.0,0.45,20.5,0.44,20.6,0.43,20.6,0.42,31.7,0.61,5.0,0.62,5.0,0.63,11.2,0.64,11.3,0.65,11.4,0.13,0.13,0.094471,1776161199000
1776161201.31,101.31,0.39,5.0,0.38,5.0,0.37,11.2,0.36,11.3,0.35,11.4,0.52,7.0,0.55,20.5,0.56,20.6,0.57,20.6,0.58,31.7,0.48,7.0,0.45,20.5,0.44,20.6,0.43,20.6,0.42,31.7,0.61,5.0,0.62,5.0,0.63,11.2,0.64,11.3,0.65,11.4,0.13,0.13,0.09447,1776161200000
1776161202.344,102.344,0.39,5.0,0.38,5.0,0.37,11.2,0.36,11.3,0.35,11.4,0.52,7.0,0.55,20.5,0.56,20.6,0.57,20.6,0.58,31.7,0.48,7.0,0.45,20.5,0.44,20.6,0.43,20.6,0.42,31.7,0.61,5.0,0.62,5.0,0.63,11.2,0.64,11.3,0.65,11.4,0.13,0.13,0.09447,1776161201000
1776161202.965,102.965,0.39,5.0,0.38,5.0,0.37,11.2,0.36,11.3,0.35,11.4,0.52,7.0,0.55,20.5,0.56,20.6,0.57,20.6,0.58,31.7,0.48,7.0,0.45,20.5,0.44,20.6,0.43,20.6,0.42,31.7,0.61,5.0,0.62,5.0,0.63,11.2,0.64,11.3,0.65,11.4,0.13,0.13,0.09447,1776161202000
1776161203.236,103.236,0.36,5.0,0.35,11.4,0.34,16.6,0.33,11.8,0.32,11.9,0.5,10.2,0.51,70.4,0.52,30.4,0.53,20.4,0.54,20.5,0.48,7.0,0.45,20.5,0.44,20.6,0.43,20.6,0.42,31.7,0.61,5.0,0.62,5.0,0.63,11.2,0.64,11.3,0.65,11.4,0.14,0.13,0.09447,1776161202000
1776161204.015,104.015,0.36,5.0,0.35,11.4,0.34,16.6,0.33,11.8,0.32,11.9,0.5,10.2,0.51,70.4,0.52,30.4,0.53,20.4,0.54,20.5,0.5,10.2,0.49,70.4,0.48,30.4,0.47,20.4,0.46,20.5,0.64,5.0,0.65,11.4,0.66,16.6,0.67,11.8,0.68,11.9,0.14,0.14,0.094472,1776161203000
1776161205.113,105.113,0.36,5.0,0.35,11.4,0.34,16.6,0.33,11.8,0.32,11.9,0.5,10.2,0.51,70.4,0.52,30.4,0.53,20.4,0.54,20.5,0.5,10.2,0.49,70.4,0.48,30.4,0.47,20.4,0.46,20.5,0.64,5.0,0.65,11.4,0.66,16.6,0.67,11.8,0.68,11.9,0.14,0.14,0.094472,1776161204000
1776161206.278,106.278,0.36,5.0,0.35,11.4,0.34,16.6,0.33,11.8,0.32,11.9,0.5,10.2,0.51,70.4,0.52,30.4,0.53,20.4,0.54,20.5,0.5,10.2,0.49,70.4,0.48,30.4,0.47,20.4,0.46,20.5,0.64,5.0,0.65,11.4,0.66,16.6,0.67,11.8,0.68,11.9,0.14,0.14,0.094472,1776161205000
1776161207.248,107.248,0.36,5.0,0.35,11.4,0.34,16.6,0.33,11.8,0.32,11.9,0.5,10.2,0.51,70.4,0.52,30.4,0.53,20.4,0.54,20.5,0.5,10.2,0.49,70.4,0.48,30.4,0.47,20.4,0.46,20.5,0.64,5.0,0.65,11.4,0.66,16.6,0.67,11.8,0.68,11.9,0.14,0.14,0.094472,1776161206000
1776161208.33,108.33,0.36,5.0,0.35,11.4,0.34,16.6,0.33,11.8,0.32,11.9,0.5,10.2,0.51,70.4,0.52,30.4,0.53,20.4,0.54,20.5,0.5,10.2,0.49,70.4,0.48,30.4,0.47,20.4,0.46,20.5,0.64,5.0,0.65,11.4,0.66,16.6,0.67,11.8,0.68,11.9,0.14,0.14,0.094474,1776161207000
1776161208.921,108.921,0.36,5.0,0.35,11.4,0.34,16.6,0.33,11.8,0.32,11.9,0.5,10.2,0.51,70.4,0.52,30.4,0.53,20.4,0.54,20.5,0.5,10.2,0.49,70.4,0.48,30.4,0.47,20.4,0.46,20.5,0.64,5.0,0.65,11.4,0.66,16.6,0.67,11.8,0.68,11.9,0.14,0.14,0.094474,1776161208000
1776161211.032,111.032,0.36,5.0,0.35,11.4,0.34,16.6,0.33,11.8,0.32,11.9,0.5,10.2,0.51,70.4,0.52,30.4,0.53,20.4,0.54,20.5,0.5,10.2,0.49,70.4,0.48,30.4,0.47,20.4,0.46,20.5,0.64,5.0,0.65,11.4,0.66,16.6,0.67,11.8,0.68,11.9,0.14,0.14,0.094474,1776161209000
1776161211.859,111.859,0.36,5.0,0.35,11.4,0.34,16.6,0.33,11.8,0.32,11.9,0.5,10.2,0.51,70.4,0.52,30.4,0.53,20.4,0.54,20.5,0.5,10.2,0.49,70.4,0.48,30.4,0.47,20.4,0.46,20.5,0.64,5.0,0.65,11.4,0.66,16.6,0.67,11.8,0.68,11.9,0.14,0.14,0.094474,1776161210000
1776161212.978,112.978,0.36,5.0,0.35,11.4,0.34,16.6,0.33,11.8,0.32,11.9,0.5,10.2,0.51,70.4,0.52,30.4,0.53,20.4,0.54,20.5,0.5,10.2,0.49,70.4,0.48,30.4,0.47,20.4,0.46,20.5,0.64,5.0,0.65,11.4,0.66,16.6,0.67,11.8,0.68,11.9,0.14,0.14,0.094474,1776161211000
1776161214.008,114.008,0.36,5.0,0.35,11.4,0.34,16.6,0.33,11.8,0.32,11.9,0.5,10.2,0.51,70.4,0.52,30.4,0.53,20.4,0.54,20.5,0.5,10.2,0.49,70.4,0.48,30.4,0.47,20.4,0.46,20.5,0.64,5.0,0.65,11.4,0.66,16.6,0.67,11.8,0.68,11.9,0.14,0.14,0.094474,1776161212000
1776161215.143,115.143,0.36,5.0,0.35,11.4,0.34,16.6,0.33,11.8,0.32,11.9,0.5,10.2,0.51,70.4,0.52,30.4,0.53,20.4,0.54,20.5,0.5,10.2,0.49,70.4,0.48,30.4,0.47,20.4,0.46,20.5,0.64,5.0,0.65,11.4,0.66,16.6,0.67,11.8,0.68,11.9,0.14,0.14,0.094473,1776161213000
1776161216.014,116.014,0.36,5.0,0.35,11.4,0.34,16.6,0.33,11.8,0.32,11.9,0.5,10.2,0.51,70.4,0.52,30.4,0.53,20.4,0.54,20.5,0.5,10.2,0.49,70.4,0.48,30.4,0.47,20.4,0.46,20.5,0.64,5.0,0.65,11.4,0.66,16.6,0.67,11.8,0.68,11.9,0.14,0.14,0.094474,1776161214000
1776161217.09,117.09,0.36,5.0,0.35,11.4,0.34,16.6,0.33,11.8,0.32,11.9,0.5,10.2,0.51,70.4,0.52,30.4,0.53,20.4,0.54,20.5,0.5,10.2,0.49,70.4,0.48,30.4,0.47,20.4,0.46,20.5,0.64,5.0,0.65,11.4,0.66,16.6,0.67,11.8,0.68,11.9,0.14,0.14,0.094474,1776161215000
1776161218.119,118.119,0.36,5.0,0.35,11.4,0.34,16.6,0.33,11.8,0.32,11.9,0.5,10.2,0.51,70.4,0.52,30.4,0.53,20.4,0.54,20.5,0.5,10.2,0.49,70.4,0.48,30.4,0.47,20.4,0.46,20.5,0.64,5.0,0.65,11.4,0.66,16.6,0.67,11.8,0.68,11.9,0.14,0.14,0.094474,1776161216000
1776161219.23,119.23,0.36,5.0,0.35,11.4,0.34,16.6,0.33,11.8,0.32,11.9,0.5,10.2,0.51,70.4,0.52,30.4,0.53,20.4,0.54,20.5,0.5,10.2,0.49,70.4,0.48,30.4,0.47,20.4,0.46,20.5,0.64,5.0,0.65,11.4,0.66,16.6,0.67,11.8,0.68,11.9,0.14,0.14,0.094474,1776161217000
1776161219.919,119.919,0.36,5.0,0.35,11.4,0.34,16.6,0.33,11.8,0.32,11.9,0.5,10.2,0.51,70.4,0.52,30.4,0.53,20.4,0.54,20.5,0.5,10.2,0.49,70.4,0.48,30.4,0.47,20.4,0.46,20.5,0.64,5.0,0.65,11.4,0.66,16.6,0.67,11.8,0.68,11.9,0.14,0.14,0.094474,1776161218000
1776161220.731,120.731,0.36,5.0,0.35,11.4,0.34,16.6,0.33,11.8,0.32,11.9,0.5,10.2,0.51,70.4,0.52,30.4,0.53,20.4,0.54,20.5,0.5,10.2,0.49,70.4,0.48,30.4,0.47,20.4,0.46,20.5,0.64,5.0,0.65,11.4,0.66,16.6,0.67,11.8,0.68,11.9,0.14,0.14,0.094474,1776161219000
1776161221.502,121.502,0.36,5.0,0.35,11.4,0.34,16.6,0.33,11.8,0.32,11.9,0.5,10.2,0.51,70.4,0.52,30.4,0.53,20.4,0.54,20.5,0.5,10.2,0.49,70.4,0.48,30.4,0.47,20.4,0.46,20.5,0.64,5.0,0.65,11.4,0.66,16.6,0.67,11.8,0.68,11.9,0.14,0.14,0.094474,1776161220000
1776161222.597,122.597,0.36,5.0,0.35,11.4,0.34,16.6,0.33,11.8,0.32,11.9,0.5,10.2,0.51,70.4,0.52,30.4,0.53,20.4,0.54,20.5,0.5,10.2,0.49,70.4,0.48,30.4,0.47,20.4,0.46,20.5,0.64,5.0,0.65,11.4,0.66,16.6,0.67,11.8,0.68,11.9,0.14,0.14,0.094474,1776161221000
1776161223.586,123.586,0.36,5.0,0.35,11.4,0.34,16.6,0.33,11.8,0.32,11.9,0.5,10.2,0.51,70.4,0.52,30.4,0.53,20.4,0.54,20.5,0.5,10.2,0.49,70.4,0.48,30.4,0.47,20.4,0.46,20.5,0.64,5.0,0.65,11.4,0.66,16.6,0.67,11.8,0.68,11.9,0.14,0.14,0.094468,1776161222000
1776161224.429,124.429,0.36,5.0,0.35,11.4,0.34,16.6,0.33,11.8,0.32,11.9,0.5,10.2,0.51,70.4,0.52,30.4,0.53,20.4,0.54,20.5,0.5,10.2,0.49,70.4,0.48,30.4,0.47,20.4,0.46,20.5,0.64,5.0,0.65,11.4,0.66,16.6,0.67,11.8,0.68,11.9,0.14,0.14,0.094468,1776161223000
1776161225.049,125.049,0.36,5.0,0.35,11.4,0.34,16.6,0.33,11.8,0.32,11.9,0.5,10.2,0.51,70.4,0.52,30.4,0.53,20.4,0.54,20.5,0.5,10.2,0.49,70.4,0.48,30.4,0.47,20.4,0.46,20.5,0.64,5.0,0.65,11.4,0.66,16.6,0.67,11.8,0.68,11.9,0.14,0.14,0.094468,1776161224000
1776161226.491,126.491,0.36,5.0,0.35,11.4,0.34,16.6,0.33,11.8,0.32,11.9,0.5,10.2,0.51,70.4,0.52,30.4,0.53,20.4,0.54,20.5,0.5,10.2,0.49,70.4,0.48,30.4,0.47,20.4,0.46,20.5,0.64,5.0,0.65,11.4,0.66,16.6,0.67,11.8,0.68,11.9,0.14,0.14,0.094472,1776161225000
1776161227.176,127.176,0.36,5.0,0.35,11.4,0.34,16.6,0.33,11.8,0.32,11.9,0.5,10.2,0.51,70.4,0.52,30.4,0.53,20.4,0.54,20.5,0.5,10.2,0.49,70.4,0.48,30.4,0.47,20.4,0.46,20.5,0.64,5.0,0.65,11.4,0.66,16.6,0.67,11.8,0.68,11.9,0.14,0.14,0.094473,1776161226000
1776161228.604,128.604,0.36,5.0,0.35,11.4,0.34,16.6,0.33,11.8,0.32,11.9,0.5,10.2,0.51,70.4,0.52,30.4,0.53,20.4,0.54,20.5,0.5,10.2,0.49,70.4,0.48,30.4,0.47,20.4,0.46,20.5,0.64,5.0,0.65,11.4,0.66,16.6,0.67,11.8,0.68,11.9,0.14,0.14,0.094473,1776161227000
1776161229.413,129.413,0.36,5.0,0.35,11.4,0.34,16.6,0.33,11.8,0.32,11.9,0.5,10.2,0.51,70.4,0.52,30.4,0.53,20.4,0.54,20.5,0.5,10.2,0.49,70.4,0.48,30.4,0.47,20.4,0.46,20.5,0.64,5.0,0.65,11.4,0.66,16.6,0.67,11.8,0.68,11.9,0.14,0.14,0.094473,1776161228000
1776161230.144,130.144,0.36,5.0,0.35,11.4,0.34,16.6,0.33,11.8,0.32,11.9,0.5,10.2,0.51,70.4,0.52,30.4,0.53,20.4,0.54,20.5,0.5,10.2,0.49,70.4,0.48,30.4,0.47,20.4,0.46,20.5,0.64,5.0,0.65,11.4,0.66,16.6,0.67,11.8,0.68,11.9,0.14,0.14,0.094473,1776161229000
1776161231.666,131.666,0.36,5.0,0.35,11.4,0.34,16.6,0.33,11.8,0.32,11.9,0.5,10.2,0.51,70.4,0.52,30.4,0.53,20.4,0.54,20.5,0.5,10.2,0.49,70.4,0.48,30.4,0.47,20.4,0.46,20.5,0.64,5.0,0.65,11.4,0.66,16.6,0.67,11.8,0.68,11.9,0.14,0.14,0.094474,1776161230000
1776161233.206,133.206,0.36,5.0,0.35,11.4,0.34,16.6,0.33,11.8,0.32,11.9,0.5,10.2,0.51,70.4,0.52,30.4,0.53,20.4,0.54,20.5,0.5,10.2,0.49,70.4,0.48,30.4,0.47,20.4,0.46,20.5,0.64,5.0,0.65,11.4,0.66,16.6,0.67,11.8,0.68,11.9,0.14,0.14,0.094474,1776161232000
1776161234.092,134.092,0.36,5.0,0.35,11.4,0.34,16.6,0.33,11.8,0.32,11.9,0.5,10.2,0.51,70.4,0.52,30.4,0.53,20.4,0.54,20.5,0.5,10.2,0.49,70.4,0.48,30.4,0.47,20.4,0.46,20.5,0.64,5.0,0.65,11.4,0.66,16.6,0.67,11.8,0.68,11.9,0.14,0.14,0.094474,1776161233000
1776161235.161,135.161,0.36,5.0,0.35,11.4,0.34,16.6,0.33,11.8,0.32,11.9,0.5,10.2,0.51,70.4,0.52,30.4,0.53,20.4,0.54,20.5,0.5,10.2,0.49,70.4,0.48,30.4,0.47,20.4,0.46,20.5,0.64,5.0,0.65,11.4,0.66,16.6,0.67,11.8,0.68,11.9,0.14,0.14,0.094471,1776161234000
1776161236.316,136.316,0.36,5.0,0.35,11.4,0.34,16.6,0.33,11.8,0.32,11.9,0.5,10.2,0.51,70.4,0.52,30.4,0.53,20.4,0.54,20.5,0.5,10.2,0.49,70.4,0.48,30.4,0.47,20.4,0.46,20.5,0.64,5.0,0.65,11.4,0.66,16.6,0.67,11.8,0.68,11.9,0.14,0.14,0.094485,1776161235000
1776161236.942,136.942,0.36,5.0,0.35,11.4,0.34,16.6,0.33,11.8,0.32,11.9,0.5,10.2,0.51,70.4,0.52,30.4,0.53,20.4,0.54,20.5,0.5,10.2,0.49,70.4,0.48,30.4,0.47,20.4,0.46,20.5,0.64,5.0,0.65,11.4,0.66,16.6,0.67,11.8,0.68,11.9,0.14,0.14,0.094488,1776161236000
1776161238.338,138.338,0.36,5.0,0.35,11.4,0.34,16.6,0.33,11.8,0.32,11.9,0.5,10.2,0.51,70.4,0.52,30.4,0.53,20.4,0.54,20.5,0.5,10.2,0.49,70.4,0.48,30.4,0.47,20.4,0.46,20.5,0.64,5.0,0.65,11.4,0.66,16.6,0.67,11.8,0.68,11.9,0.14,0.14,0.094495,1776161237000
1776161238.993,138.993,0.36,5.0,0.35,11.4,0.34,16.6,0.33,11.8,0.32,11.9,0.5,10.2,0.51,70.4,0.52,30.4,0.53,20.4,0.54,20.5,0.5,10.2,0.49,70.4,0.48,30.4,0.47,20.4,0.46,20.5,0.64,5.0,0.65,11.4,0.66,16.6,0.67,11.8,0.68,11.9,0.14,0.14,0.094495,1776161238000
1776161240.55,140.55,0.36,5.0,0.35,11.4,0.34,16.6,0.33,11.8,0.32,11.9,0.5,10.2,0.51,70.4,0.52,30.4,0.53,20.4,0.54,20.5,0.5,10.2,0.49,70.4,0.48,30.4,0.47,20.4,0.46,20.5,0.64,5.0,0.65,11.4,0.66,16.6,0.67,11.8,0.68,11.9,0.14,0.14,0.094496,1776161239000
1776161241.879,141.879,0.36,5.0,0.35,11.4,0.34,16.6,0.33,11.8,0.32,11.9,0.5,10.2,0.51,70.4,0.52,30.4,0.53,20.4,0.54,20.5,0.5,10.2,0.49,70.4,0.48,30.4,0.47,20.4,0.46,20.5,0.64,5.0,0.65,11.4,0.66,16.6,0.67,11.8,0.68,11.9,0.14,0.14,0.094498,1776161240000
1776161242.515,142.515,0.36,5.0,0.35,11.4,0.34,16.6,0.33,11.8,0.32,11.9,0.5,10.2,0.51,70.4,0.52,30.4,0.53,20.4,0.54,20.5,0.5,10.2,0.49,70.4,0.48,30.4,0.47,20.4,0.46,20.5,0.64,5.0,0.65,11.4,0.66,16.6,0.67,11.8,0.68,11.9,0.14,0.14,0.094498,1776161241000
1776161242.995,142.995,0.36,5.0,0.35,11.4,0.34,16.6,0.33,11.8,0.32,11.9,0.5,10.2,0.51,70.4,0.52,30.4,0.53,20.4,0.54,20.5,0.5,10.2,0.49,70.4,0.48,30.4,0.47,20.4,0.46,20.5,0.64,5.0,0.65,11.4,0.66,16.6,0.67,11.8,0.68,11.9,0.14,0.14,0.094497,1776161242000
1776161244.323,144.323,0.36,5.0,0.35,11.4,0.34,16.6,0.33,11.8,0.32,11.9,0.5,10.2,0.51,70.4,0.52,30.4,0.53,20.4,0.54,20.5,0.5,10.2,0.49,70.4,0.48,30.4,0.47,20.4,0.46,20.5,0.64,5.0,0.65,11.4,0.66,16.6,0.67,11.8,0.68,11.9,0.14,0.14,0.094495,1776161243000
1776161244.944,144.944,0.36,5.0,0.35,11.4,0.34,16.6,0.33,11.8,0.32,11.9,0.5,10.2,0.51,70.4,0.52,30.4,0.53,20.4,0.54,20.5,0.5,10.2,0.49,70.4,0.48,30.4,0.47,20.4,0.46,20.5,0.64,5.0,0.65,11.4,0.66,16.6,0.67,11.8,0.68,11.9,0.14,0.14,0.094493,1776161244000
1776161246.143,146.143,0.36,5.0,0.35,11.4,0.34,16.6,0.33,11.8,0.32,11.9,0.5,10.2,0.51,70.4,0.52,30.4,0.53,20.4,0.54,20.5,0.5,10.2,0.49,70.4,0.48,30.4,0.47,20.4,0.46,20.5,0.64,5.0,0.65,11.4,0.66,16.6,0.67,11.8,0.68,11.9,0.14,0.14,0.094493,1776161245000
1776161247.332,147.332,0.36,5.0,0.35,11.4,0.34,16.6,0.33,11.8,0.32,11.9,0.5,10.2,0.51,70.4,0.52,30.4,0.53,20.4,0.54,20.5,0.5,10.2,0.49,70.4,0.48,30.4,0.47,20.4,0.46,20.5,0.64,5.0,0.65,11.4,0.66,16.6,0.67,11.8,0.68,11.9,0.14,0.14,0.094493,1776161246000
1776161247.918,147.918,0.36,5.0,0.35,11.4,0.34,16.6,0.33,11.8,0.32,11.9,0.5,10.2,0.51,70.4,0.52,30.4,0.53,20.4,0.54,20.5,0.5,10.2,0.49,70.4,0.48,30.4,0.47,20.4,0.46,20.5,0.64,5.0,0.65,11.4,0.66,16.6,0.67,11.8,0.68,11.9,0.14,0.14,0.094493,1776161247000
1776161249.33,149.33,0.36,5.0,0.35,11.4,0.34,16.6,0.33,11.8,0.32,11.9,0.5,10.2,0.51,70.4,0.52,30.4,0.53,20.4,0.54,20.5,0.5,10.2,0.49,70.4,0.48,30.4,0.47,20.4,0.46,20.5,0.64,5.0,0.65,11.4,0.66,16.6,0.67,11.8,0.68,11.9,0.14,0.14,0.094492,1776161248000
1776161250.053,150.053,0.36,5.0,0.35,11.4,0.34,16.6,0.33,11.8,0.32,11.9,0.5,10.2,0.51,70.4,0.52,30.4,0.53,20.4,0.54,20.5,0.5,10.2,0.49,70.4,0.48,30.4,0.47,20.4,0.46,20.5,0.64,5.0,0.65,11.4,0.66,16.6,0.67,11.8,0.68,11.9,0.14,0.14,0.094492,1776161249000
1776161251.166,151.166,0.36,5.0,0.35,11.4,0.34,16.6,0.33,11.8,0.32,11.9,0.5,10.2,0.51,70.4,0.52,30.4,0.53,20.4,0.54,20.5,0.5,10.2,0.49,70.4,0.48,30.4,0.47,20.4,0.46,20.5,0.64,5.0,0.65,11.4,0.66,16.6,0.67,11.8,0.68,11.9,0.14,0.14,0.094493,1776161250000
1776161252.704,152.704,0.44,10.0,0.42,10.7,0.41,10.7,0.4,10.8,0.39,10.9,0.58,2.07,0.59,10.7,0.6,10.8,0.61,60.9,0.62,11.0,0.5,10.2,0.49,70.4,0.48,30.4,0.47,20.4,0.46,20.5,0.64,5.0,0.65,11.4,0.66,16.6,0.67,11.8,0.68,11.9,0.14,0.14,0.094493,1776161250000
1776161252.921,152.921,0.44,10.0,0.42,10.7,0.41,10.7,0.4,10.8,0.39,10.9,0.58,2.07,0.59,10.7,0.6,10.8,0.61,60.9,0.62,11.0,0.42,2.07,0.41,10.7,0.4,10.8,0.39,60.9,0.38,11.0,0.56,10.0,0.58,10.7,0.59,10.7,0.6,10.8,0.61,10.9,0.14,0.14,0.094495,1776161251000
1776161253.571,153.571,0.44,10.0,0.42,10.7,0.41,10.7,0.4,10.8,0.39,10.9,0.58,2.07,0.59,10.7,0.6,10.8,0.61,60.9,0.62,11.0,0.42,2.07,0.41,10.7,0.4,10.8,0.39,60.9,0.38,11.0,0.56,10.0,0.58,10.7,0.59,10.7,0.6,10.8,0.61,10.9,0.14,0.14,0.094495,1776161252000
1776161254.281,154.281,0.44,10.0,0.42,10.7,0.41,10.7,0.4,10.8,0.39,10.9,0.58,2.07,0.59,10.7,0.6,10.8,0.61,60.9,0.62,11.0,0.42,2.07,0.41,10.7,0.4,10.8,0.39,60.9,0.38,11.0,0.56,10.0,0.58,10.7,0.59,10.7,0.6,10.8,0.61,10.9,0.14,0.14,0.094495,1776161253000
1776161255.602,155.602,0.44,10.0,0.42,10.7,0.41,10.7,0.4,10.8,0.39,10.9,0.58,2.07,0.59,10.7,0.6,10.8,0.61,60.9,0.62,11.0,0.42,2.07,0.41,10.7,0.4,10.8,0.39,60.9,0.38,11.0,0.56,10.0,0.58,10.7,0.59,10.7,0.6,10.8,0.61,10.9,0.14,0.14,0.094495,1776161254000
1776161256.178,156.178,0.44,10.0,0.42,10.7,0.41,10.7,0.4,10.8,0.39,10.9,0.58,2.07,0.59,10.7,0.6,10.8,0.61,60.9,0.62,11.0,0.42,2.07,0.41,10.7,0.4,10.8,0.39,60.9,0.38,11.0,0.56,10.0,0.58,10.7,0.59,10.7,0.6,10.8,0.61,10.9,0.14,0.14,0.094495,1776161255000
1776161257.565,157.565,0.44,10.0,0.42,10.7,0.41,10.7,0.4,10.8,0.39,10.9,0.58,2.07,0.59,10.7,0.6,10.8,0.61,60.9,0.62,11.0,0.42,2.07,0.41,10.7,0.4,10.8,0.39,60.9,0.38,11.0,0.56,10.0,0.58,10.7,0.59,10.7,0.6,10.8,0.61,10.9,0.14,0.14,0.094495,1776161256000
1776161258.167,158.167,0.44,10.0,0.42,10.7,0.41,10.7,0.4,10.8,0.39,10.9,0.58,2.07,0.59,10.7,0.6,10.8,0.61,60.9,0.62,11.0,0.42,2.07,0.41,10.7,0.4,10.8,0.39,60.9,0.38,11.0,0.56,10.0,0.58,10.7,0.59,10.7,0.6,10.8,0.61,10.9,0.14,0.14,0.094495,1776161257000
1776161259.642,159.642,0.44,10.0,0.42,10.7,0.41,10.7,0.4,10.8,0.39,10.9,0.58,2.07,0.59,10.7,0.6,10.8,0.61,60.9,0.62,11.0,0.42,2.07,0.41,10.7,0.4,10.8,0.39,60.9,0.38,11.0,0.56,10.0,0.58,10.7,0.59,10.7,0.6,10.8,0.61,10.9,0.14,0.14,0.094494,1776161258000
1776161260.224,160.224,0.44,10.0,0.42,10.7,0.41,10.7,0.4,10.8,0.39,10.9,0.58,2.07,0.59,10.7,0.6,10.8,0.61,60.9,0.62,11.0,0.42,2.07,0.41,10.7,0.4,10.8,0.39,60.9,0.38,11.0,0.56,10.0,0.58,10.7,0.59,10.7,0.6,10.8,0.61,10.9,0.14,0.14,0.094494,1776161259000
1776161261.605,161.605,0.44,10.0,0.42,10.7,0.41,10.7,0.4,10.8,0.39,10.9,0.58,2.07,0.59,10.7,0.6,10.8,0.61,60.9,0.62,11.0,0.42,2.07,0.41,10.7,0.4,10.8,0.39,60.9,0.38,11.0,0.56,10.0,0.58,10.7,0.59,10.7,0.6,10.8,0.61,10.9,0.14,0.14,0.094494,1776161260000
1776161262.26,162.26,0.44,10.0,0.42,10.7,0.41,10.7,0.4,10.8,0.39,10.9,0.58,2.07,0.59,10.7,0.6,10.8,0.61,60.9,0.62,11.0,0.42,2.07,0.41,10.7,0.4,10.8,0.39,60.9,0.38,11.0,0.56,10.0,0.58,10.7,0.59,10.7,0.6,10.8,0.61,10.9,0.14,0.14,0.094494,1776161261000
1776161263.624,163.624,0.44,10.0,0.42,10.7,0.41,10.7,0.4,10.8,0.39,10.9,0.58,2.07,0.59,10.7,0.6,10.8,0.61,60.9,0.62,11.0,0.42,2.07,0.41,10.7,0.4,10.8,0.39,60.9,0.38,11.0,0.56,10.0,0.58,10.7,0.59,10.7,0.6,10.8,0.61,10.9,0.14,0.14,0.094494,1776161262000
1776161264.329,164.329,0.44,10.0,0.42,10.7,0.41,10.7,0.4,10.8,0.39,10.9,0.58,2.07,0.59,10.7,0.6,10.8,0.61,60.9,0.62,11.0,0.42,2.07,0.41,10.7,0.4,10.8,0.39,60.9,0.38,11.0,0.56,10.0,0.58,10.7,0.59,10.7,0.6,10.8,0.61,10.9,0.14,0.14,0.094492,1776161263000
1776161265.098,165.098,0.44,10.0,0.42,10.7,0.41,10.7,0.4,10.8,0.39,10.9,0.58,2.07,0.59,10.7,0.6,10.8,0.61,60.9,0.62,11.0,0.42,2.07,0.41,10.7,0.4,10.8,0.39,60.9,0.38,11.0,0.56,10.0,0.58,10.7,0.59,10.7,0.6,10.8,0.61,10.9,0.14,0.14,0.094492,1776161264000
1776161266.475,166.475,0.44,10.0,0.42,10.7,0.41,10.7,0.4,10.8,0.39,10.9,0.58,2.07,0.59,10.7,0.6,10.8,0.61,60.9,0.62,11.0,0.42,2.07,0.41,10.7,0.4,10.8,0.39,60.9,0.38,11.0,0.56,10.0,0.58,10.7,0.59,10.7,0.6,10.8,0.61,10.9,0.14,0.14,0.094471,1776161265000
1776161267.153,167.153,0.44,10.0,0.42,10.7,0.41,10.7,0.4,10.8,0.39,10.9,0.58,2.07,0.59,10.7,0.6,10.8,0.61,60.9,0.62,11.0,0.42,2.07,0.41,10.7,0.4,10.8,0.39,60.9,0.38,11.0,0.56,10.0,0.58,10.7,0.59,10.7,0.6,10.8,0.61,10.9,0.14,0.14,0.094459,1776161266000
1776161268.997,168.997,0.44,10.0,0.42,10.7,0.41,10.7,0.4,10.8,0.39,10.9,0.58,2.07,0.59,10.7,0.6,10.8,0.61,60.9,0.62,11.0,0.42,2.07,0.41,10.7,0.4,10.8,0.39,60.9,0.38,11.0,0.56,10.0,0.58,10.7,0.59,10.7,0.6,10.8,0.61,10.9,0.14,0.14,0.094454,1776161268000
1776161269.726,169.726,0.23,10.0,0.22,5.0,0.2,16.2,0.19,16.89,0.18,22.6,0.41,25.6,0.43,10.6,0.44,10.6,0.45,10.5,0.46,10.5,0.42,2.07,0.41,10.7,0.4,10.8,0.39,60.9,0.38,11.0,0.56,10.0,0.58,10.7,0.59,10.7,0.6,10.8,0.61,10.9,0.18,0.14,0.094454,1776161268000
1776161270.048,170.048,0.23,10.0,0.22,5.0,0.2,16.2,0.19,16.89,0.18,22.6,0.41,25.6,0.43,10.6,0.44,10.6,0.45,10.5,0.46,10.5,0.59,25.6,0.57,10.6,0.56,10.6,0.55,10.5,0.54,10.5,0.77,10.0,0.78,5.0,0.8,16.2,0.81,16.89,0.82,22.6,0.18,0.18,0.09445,1776161269000
1776161271.111,171.111,0.23,10.0,0.22,5.0,0.2,16.2,0.19,16.89,0.18,22.6,0.41,25.6,0.43,10.6,0.44,10.6,0.45,10.5,0.46,10.5,0.59,25.6,0.57,10.6,0.56,10.6,0.55,10.5,0.54,10.5,0.77,10.0,0.78,5.0,0.8,16.2,0.81,16.89,0.82,22.6,0.18,0.18,0.094449,1776161270000
1776161271.724,171.724,0.22,15.0,0.21,15.7,0.2,16.2,0.19,16.89,0.18,22.6,0.41,33.86,0.42,10.7,0.43,10.6,0.44,10.6,0.45,10.5,0.59,25.6,0.57,10.6,0.56,10.6,0.55,10.5,0.54,10.5,0.77,10.0,0.78,5.0,0.8,16.2,0.81,16.89,0.82,22.6,0.19,0.18,0.094449,1776161270000
1776161272.058,172.058,0.22,15.0,0.21,15.7,0.2,16.2,0.19,16.89,0.18,22.6,0.41,33.86,0.42,10.7,0.43,10.6,0.44,10.6,0.45,10.5,0.59,33.86,0.58,10.7,0.57,10.6,0.56,10.6,0.55,10.5,0.78,15.0,0.79,15.7,0.8,16.2,0.81,16.89,0.82,22.6,0.19,0.19,0.094449,1776161271000
1776161273.86,173.86,0.22,15.0,0.21,15.7,0.2,16.2,0.19,16.89,0.18,22.6,0.41,33.86,0.42,10.7,0.43,10.6,0.44,10.6,0.45,10.5,0.59,33.86,0.58,10.7,0.57,10.6,0.56,10.6,0.55,10.5,0.78,15.0,0.79,15.7,0.8,16.2,0.81,16.89,0.82,22.6,0.19,0.19,0.094449,1776161272000
1776161274.543,174.543,0.22,15.0,0.21,15.7,0.2,16.2,0.19,16.89,0.18,22.6,0.41,33.86,0.42,10.7,0.43,10.6,0.44,10.6,0.45,10.5,0.59,33.86,0.58,10.7,0.57,10.6,0.56,10.6,0.55,10.5,0.78,15.0,0.79,15.7,0.8,16.2,0.81,16.89,0.82,22.6,0.19,0.19,0.094442,1776161273000
1776161275.075,175.075,0.22,15.0,0.21,15.7,0.2,16.2,0.19,16.89,0.18,22.6,0.41,33.86,0.42,10.7,0.43,10.6,0.44,10.6,0.45,10.5,0.59,33.86,0.58,10.7,0.57,10.6,0.56,10.6,0.55,10.5,0.78,15.0,0.79,15.7,0.8,16.2,0.81,16.89,0.82,22.6,0.19,0.19,0.094442,1776161274000
1776161276.079,176.079,0.22,15.0,0.21,15.7,0.2,16.2,0.19,16.89,0.18,22.6,0.41,33.86,0.42,10.7,0.43,10.6,0.44,10.6,0.45,10.5,0.59,33.86,0.58,10.7,0.57,10.6,0.56,10.6,0.55,10.5,0.78,15.0,0.79,15.7,0.8,16.2,0.81,16.89,0.82,22.6,0.19,0.19,0.094444,1776161275000
1776161277.2,177.2,0.22,15.0,0.21,15.7,0.2,16.2,0.19,16.89,0.18,22.6,0.41,33.86,0.42,10.7,0.43,10.6,0.44,10.6,0.45,10.5,0.59,33.86,0.58,10.7,0.57,10.6,0.56,10.6,0.55,10.5,0.78,15.0,0.79,15.7,0.8,16.2,0.81,16.89,0.82,22.6,0.19,0.19,0.094444,1776161276000
1776161278.405,178.405,0.22,15.0,0.21,15.7,0.2,16.2,0.19,16.89,0.18,22.6,0.41,33.86,0.42,10.7,0.43,10.6,0.44,10.6,0.45,10.5,0.59,33.86,0.58,10.7,0.57,10.6,0.56,10.6,0.55,10.5,0.78,15.0,0.79,15.7,0.8,16.2,0.81,16.89,0.82,22.6,0.19,0.19,0.094444,1776161277000
1776161279.047,179.047,0.22,15.0,0.21,15.7,0.2,16.2,0.19,16.89,0.18,22.6,0.41,33.86,0.42,10.7,0.43,10.6,0.44,10.6,0.45,10.5,0.59,33.86,0.58,10.7,0.57,10.6,0.56,10.6,0.55,10.5,0.78,15.0,0.79,15.7,0.8,16.2,0.81,16.89,0.82,22.6,0.19,0.19,0.094444,1776161278000
1776161280.133,180.133,0.22,15.0,0.21,15.7,0.2,16.2,0.19,16.89,0.18,22.6,0.41,33.86,0.42,10.7,0.43,10.6,0.44,10.6,0.45,10.5,0.59,33.86,0.58,10.7,0.57,10.6,0.56,10.6,0.55,10.5,0.78,15.0,0.79,15.7,0.8,16.2,0.81,16.89,0.82,22.6,0.19,0.19,0.094455,1776161279000
1776161281.218,181.218,0.22,15.0,0.21,15.7,0.2,16.2,0.19,16.89,0.18,22.6,0.41,33.86,0.42,10.7,0.43,10.6,0.44,10.6,0.45,10.5,0.59,33.86,0.58,10.7,0.57,10.6,0.56,10.6,0.55,10.5,0.78,15.0,0.79,15.7,0.8,16.2,0.81,16.89,0.82,22.6,0.19,0.19,0.094456,1776161280000
1776161282.428,182.428,0.22,15.0,0.21,15.7,0.2,16.2,0.19,16.89,0.18,22.6,0.41,33.86,0.42,10.7,0.43,10.6,0.44,10.6,0.45,10.5,0.59,33.86,0.58,10.7,0.57,10.6,0.56,10.6,0.55,10.5,0.78,15.0,0.79,15.7,0.8,16.2,0.81,16.89,0.82,22.6,0.19,0.19,0.094455,1776161281000
1776161283.173,183.173,0.31,50.0,0.28,12.9,0.27,18.2,0.26,13.5,0.25,13.9,0.32,1.0,0.41,28.16,0.43,15.0,0.44,10.6,0.45,10.5,0.68,1.0,0.59,28.16,0.57,15.0,0.56,10.6,0.55,10.5,0.69,50.0,0.72,12.9,0.73,18.2,0.74,13.5,0.75,13.9,0.01,0.01,0.094454,1776161282000
1776161284.07,184.07,0.31,50.0,0.28,12.9,0.27,18.2,0.26,13.5,0.25,13.9,0.32,1.0,0.41,28.16,0.43,15.0,0.44,10.6,0.45,10.5,0.68,1.0,0.59,28.16,0.57,15.0,0.56,10.6,0.55,10.5,0.69,50.0,0.72,12.9,0.73,18.2,0.74,13.5,0.75,13.9,0.01,0.01,0.094456,1776161283000
1776161284.997,184.997,0.31,50.0,0.28,12.9,0.27,18.2,0.26,13.5,0.25,13.9,0.32,1.0,0.41,28.16,0.43,15.0,0.44,10.6,0.45,10.5,0.68,1.0,0.59,28.16,0.57,15.0,0.56,10.6,0.55,10.5,0.69,50.0,0.72,12.9,0.73,18.2,0.74,13.5,0.75,13.9,0.01,0.01,0.094461,1776161284000
1776161285.923,185.923,0.31,50.0,0.28,12.9,0.27,18.2,0.26,13.5,0.25,13.9,0.32,1.0,0.41,28.16,0.43,15.0,0.44,10.6,0.45,10.5,0.68,1.0,0.59,28.16,0.57,15.0,0.56,10.6,0.55,10.5,0.69,50.0,0.72,12.9,0.73,18.2,0.74,13.5,0.75,13.9,0.01,0.01,0.094461,1776161285000
1776161286.928,186.928,0.31,50.0,0.28,12.9,0.27,18.2,0.26,13.5,0.25,13.9,0.32,1.0,0.41,28.16,0.43,15.0,0.44,10.6,0.45,10.5,0.68,1.0,0.59,28.16,0.57,15.0,0.56,10.6,0.55,10.5,0.69,50.0,0.72,12.9,0.73,18.2,0.74,13.5,0.75,13.9,0.01,0.01,0.094461,1776161286000
1776161287.926,187.926,0.31,50.0,0.28,12.9,0.27,18.2,0.26,13.5,0.25,13.9,0.32,1.0,0.41,28.16,0.43,15.0,0.44,10.6,0.45,10.5,0.68,1.0,0.59,28.16,0.57,15.0,0.56,10.6,0.55,10.5,0.69,50.0,0.72,12.9,0.73,18.2,0.74,13.5,0.75,13.9,0.01,0.01,0.09446,1776161287000
1776161288.278,188.278,0.23,5.0,0.21,65.7,0.2,26.2,0.19,21.89,0.18,17.6,0.38,6.57,0.39,10.9,0.4,10.8,0.41,33.86,0.42,10.7,0.68,1.0,0.59,28.16,0.57,15.0,0.56,10.6,0.55,10.5,0.69,50.0,0.72,12.9,0.73,18.2,0.74,13.5,0.75,13.9,0.15,0.01,0.09446,1776161287000
1776161288.97,188.97,0.23,5.0,0.21,65.7,0.2,26.2,0.19,21.89,0.18,17.6,0.38,6.57,0.39,10.9,0.4,10.8,0.41,33.86,0.42,10.7,0.62,6.57,0.61,10.9,0.6,10.8,0.59,33.86,0.58,10.7,0.77,5.0,0.79,65.7,0.8,26.2,0.81,21.89,0.82,17.6,0.15,0.15,0.094451,1776161288000
1776161289.872,189.872,0.23,5.0,0.21,65.7,0.2,26.2,0.19,21.89,0.18,17.6,0.38,6.57,0.39,10.9,0.4,10.8,0.41,33.86,0.42,10.7,0.62,6.57,0.61,10.9,0.6,10.8,0.59,33.86,0.58,10.7,0.77,5.0,0.79,65.7,0.8,26.2,0.81,21.89,0.82,17.6,0.15,0.15,0.094449,1776161289000
1776161290.86,190.86,0.23,5.0,0.21,65.7,0.2,26.2,0.19,21.89,0.18,17.6,0.38,6.57,0.39,10.9,0.4,10.8,0.41,33.86,0.42,10.7,0.62,6.57,0.61,10.9,0.6,10.8,0.59,33.86,0.58,10.7,0.77,5.0,0.79,65.7,0.8,26.2,0.81,21.89,0.82,17.6,0.15,0.15,0.094448,1776161290000
1776161291.866,191.866,0.23,5.0,0.21,65.7,0.2,26.2,0.19,21.89,0.18,17.6,0.38,6.57,0.39,10.9,0.4,10.8,0.41,33.86,0.42,10.7,0.62,6.57,0.61,10.9,0.6,10.8,0.59,33.86,0.58,10.7,0.77,5.0,0.79,65.7,0.8,26.2,0.81,21.89,0.82,17.6,0.15,0.15,0.09445,1776161291000
1776161292.79,192.79,0.23,5.0,0.21,65.7,0.2,26.2,0.19,21.89,0.18,17.6,0.38,6.57,0.39,10.9,0.4,10.8,0.41,33.86,0.42,10.7,0.62,6.57,0.61,10.9,0.6,10.8,0.59,33.86,0.58,10.7,0.77,5.0,0.79,65.7,0.8,26.2,0.81,21.89,0.82,17.6,0.15,0.15,0.09445,1776161292000
1776161294.248,194.248,0.23,5.0,0.21,65.7,0.2,26.2,0.19,21.89,0.18,17.6,0.38,6.57,0.39,10.9,0.4,10.8,0.41,33.86,0.42,10.7,0.62,6.57,0.61,10.9,0.6,10.8,0.59,33.86,0.58,10.7,0.77,5.0,0.79,65.7,0.8,26.2,0.81,21.89,0.82,17.6,0.15,0.15,0.09445,1776161293000
1776161295.226,195.226,0.23,5.0,0.21,65.7,0.2,26.2,0.19,21.89,0.18,17.6,0.38,6.57,0.39,10.9,0.4,10.8,0.41,33.86,0.42,10.7,0.62,6.57,0.61,10.9,0.6,10.8,0.59,33.86,0.58,10.7,0.77,5.0,0.79,65.7,0.8,26.2,0.81,21.89,0.82,17.6,0.15,0.15,0.09445,1776161294000
1776161296.697,196.697,0.23,5.0,0.21,65.7,0.2,26.2,0.19,21.89,0.18,17.6,0.38,6.57,0.39,10.9,0.4,10.8,0.41,33.86,0.42,10.7,0.62,6.57,0.61,10.9,0.6,10.8,0.59,33.86,0.58,10.7,0.77,5.0,0.79,65.7,0.8,26.2,0.81,21.89,0.82,17.6,0.15,0.15,0.09445,1776161295000
1776161297.177,197.177,0.23,5.0,0.21,65.7,0.2,26.2,0.19,21.89,0.18,17.6,0.38,6.57,0.39,10.9,0.4,10.8,0.41,33.86,0.42,10.7,0.62,6.57,0.61,10.9,0.6,10.8,0.59,33.86,0.58,10.7,0.77,5.0,0.79,65.7,0.8,26.2,0.81,21.89,0.82,17.6,0.15,0.15,0.09445,1776161296000
1776161298.098,198.098,0.23,5.0,0.21,65.7,0.2,26.2,0.19,21.89,0.18,17.6,0.38,6.57,0.39,10.9,0.4,10.8,0.41,33.86,0.42,10.7,0.62,6.57,0.61,10.9,0.6,10.8,0.59,33.86,0.58,10.7,0.77,5.0,0.79,65.7,0.8,26.2,0.81,21.89,0.82,17.6,0.15,0.15,0.09445,1776161297000
1776161299.149,199.149,0.23,5.0,0.21,65.7,0.2,26.2,0.19,21.89,0.18,17.6,0.38,6.57,0.39,10.9,0.4,10.8,0.41,33.86,0.42,10.7,0.62,6.57,0.61,10.9,0.6,10.8,0.59,33.86,0.58,10.7,0.77,5.0,0.79,65.7,0.8,26.2,0.81,21.89,0.82,17.6,0.15,0.15,0.09445,1776161298000
1776161299.929,199.929,0.23,5.0,0.21,65.7,0.2,26.2,0.19,21.89,0.18,17.6,0.38,6.57,0.39,10.9,0.4,10.8,0.41,33.86,0.42,10.7,0.62,6.57,0.61,10.9,0.6,10.8,0.59,33.86,0.58,10.7,0.77,5.0,0.79,65.7,0.8,26.2,0.81,21.89,0.82,17.6,0.15,0.15,0.09445,1776161299000
1776161301.005,201.005,0.23,5.0,0.21,65.7,0.2,26.2,0.19,21.89,0.18,17.6,0.38,6.57,0.39,10.9,0.4,10.8,0.41,33.86,0.42,10.7,0.62,6.57,0.61,10.9,0.6,10.8,0.59,33.86,0.58,10.7,0.77,5.0,0.79,65.7,0.8,26.2,0.81,21.89,0.82,17.6,0.15,0.15,0.09445,1776161300000
1776161301.933,201.933,0.23,5.0,0.21,65.7,0.2,26.2,0.19,21.89,0.18,17.6,0.38,6.57,0.39,10.9,0.4,10.8,0.41,33.86,0.42,10.7,0.62,6.57,0.61,10.9,0.6,10.8,0.59,33.86,0.58,10.7,0.77,5.0,0.79,65.7,0.8,26.2,0.81,21.89,0.82,17.6,0.15,0.15,0.09445,1776161301000
1776161302.912,202.912,0.23,5.0,0.21,65.7,0.2,26.2,0.19,21.89,0.18,17.6,0.38,6.57,0.39,10.9,0.4,10.8,0.41,33.86,0.42,10.7,0.62,6.57,0.61,10.9,0.6,10.8,0.59,33.86,0.58,10.7,0.77,5.0,0.79,65.7,0.8,26.2,0.81,21.89,0.82,17.6,0.15,0.15,0.09445,1776161302000
1776161303.513,203.513,0.34,5.0,0.24,14.3,0.23,14.7,0.22,15.2,0.21,70.7,0.36,0.1,0.37,11.2,0.38,6.57,0.39,10.9,0.4,10.8,0.62,6.57,0.61,10.9,0.6,10.8,0.59,33.86,0.58,10.7,0.77,5.0,0.79,65.7,0.8,26.2,0.81,21.89,0.82,17.6,0.02,0.15,0.09445,1776161302000
1776161303.864,203.864,0.34,5.0,0.24,14.3,0.23,14.7,0.22,15.2,0.21,70.7,0.36,0.1,0.37,11.2,0.38,6.57,0.39,10.9,0.4,10.8,0.64,0.1,0.63,11.2,0.62,6.57,0.61,10.9,0.6,10.8,0.66,5.0,0.76,14.3,0.77,14.7,0.78,15.2,0.79,70.7,0.02,0.02,0.094457,1776161303000
1776161304.902,204.902,0.34,5.0,0.24,14.3,0.23,14.7,0.22,15.2,0.21,70.7,0.36,0.1,0.37,11.2,0.38,6.57,0.39,10.9,0.4,10.8,0.64,0.1,0.63,11.2,0.62,6.57,0.61,10.9,0.6,10.8,0.66,5.0,0.76,14.3,0.77,14.7,0.78,15.2,0.79,70.7,0.02,0.02,0.09446,1776161304000
1776161306.22,206.22,0.34,5.0,0.24,14.3,0.23,14.7,0.22,15.2,0.21,70.7,0.36,0.1,0.37,11.2,0.38,6.57,0.39,10.9,0.4,10.8,0.64,0.1,0.63,11.2,0.62,6.57,0.61,10.9,0.6,10.8,0.66,5.0,0.76,14.3,0.77,14.7,0.78,15.2,0.79,70.7,0.02,0.02,0.09446,1776161305000
1776161307.228,207.228,0.34,5.0,0.24,14.3,0.23,14.7,0.22,15.2,0.21,70.7,0.36,0.1,0.37,11.2,0.38,6.57,0.39,10.9,0.4,10.8,0.64,0.1,0.63,11.2,0.62,6.57,0.61,10.9,0.6,10.8,0.66,5.0,0.76,14.3,0.77,14.7,0.78,15.2,0.79,70.7,0.02,0.02,0.094442,1776161306000
1776161308.257,208.257,0.34,5.0,0.24,14.3,0.23,14.7,0.22,15.2,0.21,70.7,0.36,0.1,0.37,11.2,0.38,6.57,0.39,10.9,0.4,10.8,0.64,0.1,0.63,11.2,0.62,6.57,0.61,10.9,0.6,10.8,0.66,5.0,0.76,14.3,0.77,14.7,0.78,15.2,0.79,70.7,0.02,0.02,0.09444,1776161307000
1776161309.202,209.202,0.34,5.0,0.24,14.3,0.23,14.7,0.22,15.2,0.21,70.7,0.36,0.1,0.37,11.2,0.38,6.57,0.39,10.9,0.4,10.8,0.64,0.1,0.63,11.2,0.62,6.57,0.61,10.9,0.6,10.8,0.66,5.0,0.76,14.3,0.77,14.7,0.78,15.2,0.79,70.7,0.02,0.02,0.094443,1776161308000
1776161310.196,210.196,0.34,5.0,0.24,14.3,0.23,14.7,0.22,15.2,0.21,70.7,0.36,0.1,0.37,11.2,0.38,6.57,0.39,10.9,0.4,10.8,0.64,0.1,0.63,11.2,0.62,6.57,0.61,10.9,0.6,10.8,0.66,5.0,0.76,14.3,0.77,14.7,0.78,15.2,0.79,70.7,0.02,0.02,0.094445,1776161309000
1776161311.205,211.205,0.34,5.0,0.24,14.3,0.23,14.7,0.22,15.2,0.21,70.7,0.36,0.1,0.37,11.2,0.38,6.57,0.39,10.9,0.4,10.8,0.64,0.1,0.63,11.2,0.62,6.57,0.61,10.9,0.6,10.8,0.66,5.0,0.76,14.3,0.77,14.7,0.78,15.2,0.79,70.7,0.02,0.02,0.094445,1776161310000
1776161312.17,212.17,0.34,5.0,0.24,14.3,0.23,14.7,0.22,15.2,0.21,70.7,0.36,0.1,0.37,11.2,0.38,6.57,0.39,10.9,0.4,10.8,0.64,0.1,0.63,11.2,0.62,6.57,0.61,10.9,0.6,10.8,0.66,5.0,0.76,14.3,0.77,14.7,0.78,15.2,0.79,70.7,0.02,0.02,0.094445,1776161311000
1776161313.361,213.361,0.34,5.0,0.24,14.3,0.23,14.7,0.22,15.2,0.21,70.7,0.36,0.1,0.37,11.2,0.38,6.57,0.39,10.9,0.4,10.8,0.64,0.1,0.63,11.2,0.62,6.57,0.61,10.9,0.6,10.8,0.66,5.0,0.76,14.3,0.77,14.7,0.78,15.2,0.79,70.7,0.02,0.02,0.094445,1776161312000
1776161313.838,213.838,0.34,5.0,0.24,14.3,0.23,14.7,0.22,15.2,0.21,70.7,0.36,0.1,0.37,11.2,0.38,6.57,0.39,10.9,0.4,10.8,0.64,0.1,0.63,11.2,0.62,6.57,0.61,10.9,0.6,10.8,0.66,5.0,0.76,14.3,0.77,14.7,0.78,15.2,0.79,70.7,0.02,0.02,0.094445,1776161313000
1776161314.862,214.862,0.34,5.0,0.24,14.3,0.23,14.7,0.22,15.2,0.21,70.7,0.36,0.1,0.37,11.2,0.38,6.57,0.39,10.9,0.4,10.8,0.64,0.1,0.63,11.2,0.62,6.57,0.61,10.9,0.6,10.8,0.66,5.0,0.76,14.3,0.77,14.7,0.78,15.2,0.79,70.7,0.02,0.02,0.09444,1776161314000
1776161315.893,215.893,0.34,5.0,0.24,14.3,0.23,14.7,0.22,15.2,0.21,70.7,0.36,0.1,0.37,11.2,0.38,6.57,0.39,10.9,0.4,10.8,0.64,0.1,0.63,11.2,0.62,6.57,0.61,10.9,0.6,10.8,0.66,5.0,0.76,14.3,0.77,14.7,0.78,15.2,0.79,70.7,0.02,0.02,0.09444,1776161315000
1776161316.959,216.959,0.34,5.0,0.24,14.3,0.23,14.7,0.22,15.2,0.21,70.7,0.36,0.1,0.37,11.2,0.38,6.57,0.39,10.9,0.4,10.8,0.64,0.1,0.63,11.2,0.62,6.57,0.61,10.9,0.6,10.8,0.66,5.0,0.76,14.3,0.77,14.7,0.78,15.2,0.79,70.7,0.02,0.02,0.09444,1776161316000
1776161317.994,217.994,0.34,5.0,0.24,14.3,0.23,14.7,0.22,15.2,0.21,70.7,0.36,0.1,0.37,11.2,0.38,6.57,0.39,10.9,0.4,10.8,0.64,0.1,0.63,11.2,0.62,6.57,0.61,10.9,0.6,10.8,0.66,5.0,0.76,14.3,0.77,14.7,0.78,15.2,0.79,70.7,0.02,0.02,0.094439,1776161317000
1776161318.886,218.886,0.34,5.0,0.24,14.3,0.23,14.7,0.22,15.2,0.21,70.7,0.36,0.1,0.37,11.2,0.38,6.57,0.39,10.9,0.4,10.8,0.64,0.1,0.63,11.2,0.62,6.57,0.61,10.9,0.6,10.8,0.66,5.0,0.76,14.3,0.77,14.7,0.78,15.2,0.79,70.7,0.02,0.02,0.094439,1776161318000
1776161319.809,219.809,0.34,5.0,0.24,14.3,0.23,14.7,0.22,15.2,0.21,70.7,0.36,0.1,0.37,11.2,0.38,6.57,0.39,10.9,0.4,10.8,0.64,0.1,0.63,11.2,0.62,6.57,0.61,10.9,0.6,10.8,0.66,5.0,0.76,14.3,0.77,14.7,0.78,15.2,0.79,70.7,0.02,0.02,0.094439,1776161319000
1776161320.844,220.844,0.34,5.0,0.24,14.3,0.23,14.7,0.22,15.2,0.21,70.7,0.36,0.1,0.37,11.2,0.38,6.57,0.39,10.9,0.4,10.8,0.64,0.1,0.63,11.2,0.62,6.57,0.61,10.9,0.6,10.8,0.66,5.0,0.76,14.3,0.77,14.7,0.78,15.2,0.79,70.7,0.02,0.02,0.094439,1776161320000
1776161322.564,222.564,0.34,5.0,0.24,14.3,0.23,14.7,0.22,15.2,0.21,70.7,0.36,0.1,0.37,11.2,0.38,6.57,0.39,10.9,0.4,10.8,0.64,0.1,0.63,11.2,0.62,6.57,0.61,10.9,0.6,10.8,0.66,5.0,0.76,14.3,0.77,14.7,0.78,15.2,0.79,70.7,0.02,0.02,0.09444,1776161321000
1776161323.457,223.457,0.34,5.0,0.24,14.3,0.23,14.7,0.22,15.2,0.21,70.7,0.36,0.1,0.37,11.2,0.38,6.57,0.39,10.9,0.4,10.8,0.64,0.1,0.63,11.2,0.62,6.57,0.61,10.9,0.6,10.8,0.66,5.0,0.76,14.3,0.77,14.7,0.78,15.2,0.79,70.7,0.02,0.02,0.094439,1776161322000
1776161323.965,223.965,0.34,5.0,0.24,14.3,0.23,14.7,0.22,15.2,0.21,70.7,0.36,0.1,0.37,11.2,0.38,6.57,0.39,10.9,0.4,10.8,0.64,0.1,0.63,11.2,0.62,6.57,0.61,10.9,0.6,10.8,0.66,5.0,0.76,14.3,0.77,14.7,0.78,15.2,0.79,70.7,0.02,0.02,0.094439,1776161323000
1776161325.612,225.612,0.34,5.0,0.24,14.3,0.23,14.7,0.22,15.2,0.21,70.7,0.36,0.1,0.37,11.2,0.38,6.57,0.39,10.9,0.4,10.8,0.64,0.1,0.63,11.2,0.62,6.57,0.61,10.9,0.6,10.8,0.66,5.0,0.76,14.3,0.77,14.7,0.78,15.2,0.79,70.7,0.02,0.02,0.09444,1776161324000
1776161326.246,226.246,0.34,5.0,0.24,14.3,0.23,14.7,0.22,15.2,0.21,70.7,0.36,0.1,0.37,11.2,0.38,6.57,0.39,10.9,0.4,10.8,0.64,0.1,0.63,11.2,0.62,6.57,0.61,10.9,0.6,10.8,0.66,5.0,0.76,14.3,0.77,14.7,0.78,15.2,0.79,70.7,0.02,0.02,0.09444,1776161325000
1776161327.832,227.832,0.34,5.0,0.24,14.3,0.23,14.7,0.22,15.2,0.21,70.7,0.36,0.1,0.37,11.2,0.38,6.57,0.39,10.9,0.4,10.8,0.64,0.1,0.63,11.2,0.62,6.57,0.61,10.9,0.6,10.8,0.66,5.0,0.76,14.3,0.77,14.7,0.78,15.2,0.79,70.7,0.02,0.02,0.09444,1776161326000
1776161328.576,228.576,0.34,5.0,0.24,14.3,0.23,14.7,0.22,15.2,0.21,70.7,0.36,0.1,0.37,11.2,0.38,6.57,0.39,10.9,0.4,10.8,0.64,0.1,0.63,11.2,0.62,6.57,0.61,10.9,0.6,10.8,0.66,5.0,0.76,14.3,0.77,14.7,0.78,15.2,0.79,70.7,0.02,0.02,0.09444,1776161327000
1776161329.244,229.244,0.34,5.0,0.24,14.3,0.23,14.7,0.22,15.2,0.21,70.7,0.36,0.1,0.37,11.2,0.38,6.57,0.39,10.9,0.4,10.8,0.64,0.1,0.63,11.2,0.62,6.57,0.61,10.9,0.6,10.8,0.66,5.0,0.76,14.3,0.77,14.7,0.78,15.2,0.79,70.7,0.02,0.02,0.09444,1776161328000
1776161330.617,230.617,0.34,5.0,0.24,14.3,0.23,14.7,0.22,15.2,0.21,70.7,0.36,0.1,0.37,11.2,0.38,6.57,0.39,10.9,0.4,10.8,0.64,0.1,0.63,11.2,0.62,6.57,0.61,10.9,0.6,10.8,0.66,5.0,0.76,14.3,0.77,14.7,0.78,15.2,0.79,70.7,0.02,0.02,0.09444,1776161329000
1776161331.389,231.389,0.34,5.0,0.24,14.3,0.23,14.7,0.22,15.2,0.21,70.7,0.36,0.1,0.37,11.2,0.38,6.57,0.39,10.9,0.4,10.8,0.64,0.1,0.63,11.2,0.62,6.57,0.61,10.9,0.6,10.8,0.66,5.0,0.76,14.3,0.77,14.7,0.78,15.2,0.79,70.7,0.02,0.02,0.094443,1776161330000
1776161332.025,232.025,0.34,5.0,0.24,14.3,0.23,14.7,0.22,15.2,0.21,70.7,0.36,0.1,0.37,11.2,0.38,6.57,0.39,10.9,0.4,10.8,0.64,0.1,0.63,11.2,0.62,6.57,0.61,10.9,0.6,10.8,0.66,5.0,0.76,14.3,0.77,14.7,0.78,15.2,0.79,70.7,0.02,0.02,0.094449,1776161331000
1776161333.501,233.501,0.34,5.0,0.24,14.3,0.23,14.7,0.22,15.2,0.21,70.7,0.36,0.1,0.37,11.2,0.38,6.57,0.39,10.9,0.4,10.8,0.64,0.1,0.63,11.2,0.62,6.57,0.61,10.9,0.6,10.8,0.66,5.0,0.76,14.3,0.77,14.7,0.78,15.2,0.79,70.7,0.02,0.02,0.094448,1776161332000
1776161334.299,234.299,0.34,5.0,0.24,14.3,0.23,14.7,0.22,15.2,0.21,70.7,0.36,0.1,0.37,11.2,0.38,6.57,0.39,10.9,0.4,10.8,0.64,0.1,0.63,11.2,0.62,6.57,0.61,10.9,0.6,10.8,0.66,5.0,0.76,14.3,0.77,14.7,0.78,15.2,0.79,70.7,0.02,0.02,0.09444,1776161333000
1776161335.734,235.734,0.34,5.0,0.24,14.3,0.23,14.7,0.22,15.2,0.21,70.7,0.36,0.1,0.37,11.2,0.38,6.57,0.39,10.9,0.4,10.8,0.64,0.1,0.63,11.2,0.62,6.57,0.61,10.9,0.6,10.8,0.66,5.0,0.76,14.3,0.77,14.7,0.78,15.2,0.79,70.7,0.02,0.02,0.09444,1776161334000
1776161336.324,236.324,0.34,5.0,0.24,14.3,0.23,14.7,0.22,15.2,0.21,70.7,0.36,0.1,0.37,11.2,0.38,6.57,0.39,10.9,0.4,10.8,0.64,0.1,0.63,11.2,0.62,6.57,0.61,10.9,0.6,10.8,0.66,5.0,0.76,14.3,0.77,14.7,0.78,15.2,0.79,70.7,0.02,0.02,0.09444,1776161335000
1776161337.072,237.072,0.34,5.0,0.24,14.3,0.23,14.7,0.22,15.2,0.21,70.7,0.36,0.1,0.37,11.2,0.38,6.57,0.39,10.9,0.4,10.8,0.64,0.1,0.63,11.2,0.62,6.57,0.61,10.9,0.6,10.8,0.66,5.0,0.76,14.3,0.77,14.7,0.78,15.2,0.79,70.7,0.02,0.02,0.09444,1776161336000
1776161338.406,238.406,0.34,5.0,0.24,14.3,0.23,14.7,0.22,15.2,0.21,70.7,0.36,0.1,0.37,11.2,0.38,6.57,0.39,10.9,0.4,10.8,0.64,0.1,0.63,11.2,0.62,6.57,0.61,10.9,0.6,10.8,0.66,5.0,0.76,14.3,0.77,14.7,0.78,15.2,0.79,70.7,0.02,0.02,0.09444,1776161337000
1776161339.198,239.198,0.34,5.0,0.24,14.3,0.23,14.7,0.22,15.2,0.21,70.7,0.36,0.1,0.37,11.2,0.38,6.57,0.39,10.9,0.4,10.8,0.64,0.1,0.63,11.2,0.62,6.57,0.61,10.9,0.6,10.8,0.66,5.0,0.76,14.3,0.77,14.7,0.78,15.2,0.79,70.7,0.02,0.02,0.09444,1776161338000
1776161341.134,241.134,0.34,5.0,0.24,14.3,0.23,14.7,0.22,15.2,0.21,70.7,0.36,0.1,0.37,11.2,0.38,6.57,0.39,10.9,0.4,10.8,0.64,0.1,0.63,11.2,0.62,6.57,0.61,10.9,0.6,10.8,0.66,5.0,0.76,14.3,0.77,14.7,0.78,15.2,0.79,70.7,0.02,0.02,0.09444,1776161340000
1776161342.322,242.322,0.34,5.0,0.24,14.3,0.23,14.7,0.22,15.2,0.21,70.7,0.36,0.1,0.37,11.2,0.38,6.57,0.39,10.9,0.4,10.8,0.64,0.1,0.63,11.2,0.62,6.57,0.61,10.9,0.6,10.8,0.66,5.0,0.76,14.3,0.77,14.7,0.78,15.2,0.79,70.7,0.02,0.02,0.094439,1776161341000
1776161343.013,243.013,0.34,5.0,0.24,14.3,0.23,14.7,0.22,15.2,0.21,70.7,0.36,0.1,0.37,11.2,0.38,6.57,0.39,10.9,0.4,10.8,0.64,0.1,0.63,11.2,0.62,6.57,0.61,10.9,0.6,10.8,0.66,5.0,0.76,14.3,0.77,14.7,0.78,15.2,0.79,70.7,0.02,0.02,0.094426,1776161342000
1776161344.158,244.158,0.34,5.0,0.24,14.3,0.23,14.7,0.22,15.2,0.21,70.7,0.36,0.1,0.37,11.2,0.38,6.57,0.39,10.9,0.4,10.8,0.64,0.1,0.63,11.2,0.62,6.57,0.61,10.9,0.6,10.8,0.66,5.0,0.76,14.3,0.77,14.7,0.78,15.2,0.79,70.7,0.02,0.02,0.094421,1776161343000
1776161345.405,245.405,0.34,5.0,0.24,14.3,0.23,14.7,0.22,15.2,0.21,70.7,0.36,0.1,0.37,11.2,0.38,6.57,0.39,10.9,0.4,10.8,0.64,0.1,0.63,11.2,0.62,6.57,0.61,10.9,0.6,10.8,0.66,5.0,0.76,14.3,0.77,14.7,0.78,15.2,0.79,70.7,0.02,0.02,0.094421,1776161344000
1776161346.025,246.025,0.34,5.0,0.24,14.3,0.23,14.7,0.22,15.2,0.21,70.7,0.36,0.1,0.37,11.2,0.38,6.57,0.39,10.9,0.4,10.8,0.64,0.1,0.63,11.2,0.62,6.57,0.61,10.9,0.6,10.8,0.66,5.0,0.76,14.3,0.77,14.7,0.78,15.2,0.79,70.7,0.02,0.02,0.09442,1776161345000
1776161347.112,247.112,0.34,5.0,0.24,14.3,0.23,14.7,0.22,15.2,0.21,70.7,0.36,0.1,0.37,11.2,0.38,6.57,0.39,10.9,0.4,10.8,0.64,0.1,0.63,11.2,0.62,6.57,0.61,10.9,0.6,10.8,0.66,5.0,0.76,14.3,0.77,14.7,0.78,15.2,0.79,70.7,0.02,0.02,0.09442,1776161346000
1776161347.829,247.829,0.34,5.0,0.24,14.3,0.23,14.7,0.22,15.2,0.21,70.7,0.36,0.1,0.37,11.2,0.38,6.57,0.39,10.9,0.4,10.8,0.64,0.1,0.63,11.2,0.62,6.57,0.61,10.9,0.6,10.8,0.66,5.0,0.76,14.3,0.77,14.7,0.78,15.2,0.79,70.7,0.02,0.02,0.094415,1776161347000
1776161348.959,248.959,0.34,5.0,0.24,14.3,0.23,14.7,0.22,15.2,0.21,70.7,0.36,0.1,0.37,11.2,0.38,6.57,0.39,10.9,0.4,10.8,0.64,0.1,0.63,11.2,0.62,6.57,0.61,10.9,0.6,10.8,0.66,5.0,0.76,14.3,0.77,14.7,0.78,15.2,0.79,70.7,0.02,0.02,0.094412,1776161348000
1776161350.26,250.26,0.34,5.0,0.24,14.3,0.23,14.7,0.22,15.2,0.21,70.7,0.36,0.1,0.37,11.2,0.38,6.57,0.39,10.9,0.4,10.8,0.64,0.1,0.63,11.2,0.62,6.57,0.61,10.9,0.6,10.8,0.66,5.0,0.76,14.3,0.77,14.7,0.78,15.2,0.79,70.7,0.02,0.02,0.09441,1776161349000
1776161351.284,251.284,0.34,5.0,0.24,14.3,0.23,14.7,0.22,15.2,0.21,70.7,0.36,0.1,0.37,11.2,0.38,6.57,0.39,10.9,0.4,10.8,0.64,0.1,0.63,11.2,0.62,6.57,0.61,10.9,0.6,10.8,0.66,5.0,0.76,14.3,0.77,14.7,0.78,15.2,0.79,70.7,0.02,0.02,0.09441,1776161350000
1776161351.865,251.865,0.34,5.0,0.24,14.3,0.23,14.7,0.22,15.2,0.21,70.7,0.36,0.1,0.37,11.2,0.38,6.57,0.39,10.9,0.4,10.8,0.64,0.1,0.63,11.2,0.62,6.57,0.61,10.9,0.6,10.8,0.66,5.0,0.76,14.3,0.77,14.7,0.78,15.2,0.79,70.7,0.02,0.02,0.09441,1776161351000
1776161353.029,253.029,0.34,5.0,0.24,14.3,0.23,14.7,0.22,15.2,0.21,70.7,0.36,0.1,0.37,11.2,0.38,6.57,0.39,10.9,0.4,10.8,0.64,0.1,0.63,11.2,0.62,6.57,0.61,10.9,0.6,10.8,0.66,5.0,0.76,14.3,0.77,14.7,0.78,15.2,0.79,70.7,0.02,0.02,0.09441,1776161352000
1776161354.238,254.238,0.34,5.0,0.24,14.3,0.23,14.7,0.22,15.2,0.21,70.7,0.36,0.1,0.37,11.2,0.38,6.57,0.39,10.9,0.4,10.8,0.64,0.1,0.63,11.2,0.62,6.57,0.61,10.9,0.6,10.8,0.66,5.0,0.76,14.3,0.77,14.7,0.78,15.2,0.79,70.7,0.02,0.02,0.094409,1776161353000
1776161355.395,255.395,0.34,5.0,0.24,14.3,0.23,14.7,0.22,15.2,0.21,70.7,0.36,0.1,0.37,11.2,0.38,6.57,0.39,10.9,0.4,10.8,0.64,0.1,0.63,11.2,0.62,6.57,0.61,10.9,0.6,10.8,0.66,5.0,0.76,14.3,0.77,14.7,0.78,15.2,0.79,70.7,0.02,0.02,0.09441,1776161354000
1776161356.558,256.558,0.04,67.7,0.03,89.3,0.02,137.69,0.01,578.69,,,0.08,35.29,0.09,31.7,0.1,28.9,0.11,26.6,0.12,24.6,0.92,35.29,0.91,31.7,0.9,28.9,0.89,26.6,0.88,24.6,0.96,67.7,0.97,89.3,0.98,137.69,0.99,578.69,,,0.04,0.04,0.09441,1776161355000
1776161357.186,257.186,0.04,67.7,0.03,89.3,0.02,137.69,0.01,578.69,,,0.08,35.29,0.09,31.7,0.1,28.9,0.11,26.6,0.12,24.6,0.92,35.29,0.91,31.7,0.9,28.9,0.89,26.6,0.88,24.6,0.96,67.7,0.97,89.3,0.98,137.69,0.99,578.69,,,0.04,0.04,0.09441,1776161356000
1776161358.34,258.34,0.04,67.7,0.03,89.3,0.02,137.69,0.01,578.69,,,0.08,35.29,0.09,31.7,0.1,28.9,0.11,26.6,0.12,24.6,0.92,35.29,0.91,31.7,0.9,28.9,0.89,26.6,0.88,24.6,0.96,67.7,0.97,89.3,0.98,137.69,0.99,578.69,,,0.04,0.04,0.09441,1776161357000
1776161359.297,259.297,0.04,67.7,0.03,89.3,0.02,137.69,0.01,578.69,,,0.08,35.29,0.09,31.7,0.1,28.9,0.11,26.6,0.12,24.6,0.92,35.29,0.91,31.7,0.9,28.9,0.89,26.6,0.88,24.6,0.96,67.7,0.97,89.3,0.98,137.69,0.99,578.69,,,0.04,0.04,0.09441,1776161358000
1776161360.314,260.314,0.04,67.7,0.03,89.3,0.02,137.69,0.01,578.69,,,0.08,35.29,0.09,31.7,0.1,28.9,0.11,26.6,0.12,24.6,0.92,35.29,0.91,31.7,0.9,28.9,0.89,26.6,0.88,24.6,0.96,67.7,0.97,89.3,0.98,137.69,0.99,578.69,,,0.04,0.04,0.09441,1776161359000
1776161360.801,260.801,0.02,86.69,0.01,578.69,,,,,,,0.05,54.7,0.06,46.1,0.07,39.9,0.08,35.29,0.09,31.7,0.92,35.29,0.91,31.7,0.9,28.9,0.89,26.6,0.88,24.6,0.96,67.7,0.97,89.3,0.98,137.69,0.99,578.69,,,0.03,0.04,0.09441,1776161359000
1776161361.466,261.466,0.02,86.69,0.01,578.69,,,,,,,0.05,54.7,0.06,46.1,0.07,39.9,0.08,35.29,0.09,31.7,0.95,54.7,0.94,46.1,0.93,39.9,0.92,35.29,0.91,31.7,0.98,86.69,0.99,578.69,,,,,,,0.03,0.03,0.09441,1776161360000
1776161361.718,261.718,0.02,66.28,0.01,578.69,,,,,,,0.04,5.21,0.05,54.7,0.06,46.1,0.07,39.9,0.08,35.29,0.95,54.7,0.94,46.1,0.93,39.9,0.92,35.29,0.91,31.7,0.98,86.69,0.99,578.69,,,,,,,0.02,0.03,0.09441,1776161360000
1776161362.959,262.959,0.02,66.28,0.01,578.69,,,,,,,0.04,5.21,0.05,54.7,0.06,46.1,0.07,39.9,0.08,35.29,0.96,5.21,0.95,54.7,0.94,46.1,0.93,39.9,0.92,35.29,0.98,66.28,0.99,578.69,,,,,,,0.02,0.02,0.09441,1776161362000
1776161363.944,263.944,0.02,66.28,0.01,578.69,,,,,,,0.04,5.21,0.05,54.7,0.06,46.1,0.07,39.9,0.08,35.29,0.96,5.21,0.95,54.7,0.94,46.1,0.93,39.9,0.92,35.29,0.98,66.28,0.99,578.69,,,,,,,0.02,0.02,0.09441,1776161363000
1776161364.934,264.934,0.02,66.28,0.01,578.69,,,,,,,0.04,5.21,0.05,54.7,0.06,46.1,0.07,39.9,0.08,35.29,0.96,5.21,0.95,54.7,0.94,46.1,0.93,39.9,0.92,35.29,0.98,66.28,0.99,578.69,,,,,,,0.02,0.02,0.094409,1776161364000
1776161365.685,265.685,0.01,577.67,,,,,,,,,0.04,67.7,0.05,54.7,0.06,46.1,0.07,39.9,0.08,35.29,0.96,5.21,0.95,54.7,0.94,46.1,0.93,39.9,0.92,35.29,0.98,66.28,0.99,578.69,,,,,,,0.03,0.02,0.094409,1776161364000
1776161365.899,265.899,0.01,577.62,,,,,,,,,0.04,67.7,0.05,54.7,0.06,46.1,0.07,39.9,0.08,35.29,0.96,67.7,0.95,54.7,0.94,46.1,0.93,39.9,0.92,35.29,0.99,577.62,,,,,,,,,0.03,0.03,0.094409,1776161365000
1776161366.918,266.918,0.01,577.62,,,,,,,,,0.04,67.7,0.05,54.7,0.06,46.1,0.07,39.9,0.08,35.29,0.96,67.7,0.95,54.7,0.94,46.1,0.93,39.9,0.92,35.29,0.99,577.62,,,,,,,,,0.03,0.03,0.094409,1776161366000
1776161367.86,267.86,0.01,571.55,,,,,,,,,0.04,67.7,0.05,54.7,0.06,46.1,0.07,39.9,0.08,35.29,0.96,67.7,0.95,54.7,0.94,46.1,0.93,39.9,0.92,35.29,0.99,577.62,,,,,,,,,0.03,0.03,0.094409,1776161366000
1776161369.036,269.036,0.01,551.34,,,,,,,,,0.04,67.7,0.05,54.7,0.06,46.1,0.07,39.9,0.08,35.29,0.96,67.7,0.95,54.7,0.94,46.1,0.93,39.9,0.92,35.29,0.99,551.34,,,,,,,,,0.03,0.03,0.094409,1776161368000
1776161370.063,270.063,0.01,551.34,,,,,,,,,0.04,67.7,0.05,54.7,0.06,46.1,0.07,39.9,0.08,35.29,0.96,67.7,0.95,54.7,0.94,46.1,0.93,39.9,0.92,35.29,0.99,551.34,,,,,,,,,0.03,0.03,0.094409,1776161369000
1776161371.082,271.082,0.01,467.99,,,,,,,,,0.03,89.3,0.04,67.7,0.05,54.7,0.06,46.1,0.07,39.9,0.97,89.3,0.96,67.7,0.95,54.7,0.94,46.1,0.93,39.9,0.99,467.99,,,,,,,,,0.02,0.02,0.094409,1776161370000
1776161371.41,271.41,0.02,132.69,0.01,467.99,,,,,,,0.04,55.33,0.05,54.7,0.06,46.1,0.07,39.9,0.08,35.29,0.97,89.3,0.96,67.7,0.95,54.7,0.94,46.1,0.93,39.9,0.99,467.99,,,,,,,,,0.02,0.02,0.094409,1776161370000
1776161372.088,272.088,0.02,132.69,0.01,467.99,,,,,,,0.04,55.33,0.05,54.7,0.06,46.1,0.07,39.9,0.08,35.29,0.96,55.33,0.95,54.7,0.94,46.1,0.93,39.9,0.92,35.29,0.98,132.69,0.99,467.99,,,,,,,0.02,0.02,0.094411,1776161371000
1776161373.081,273.081,0.01,447.78,,,,,,,,,0.04,47.33,0.05,54.7,0.06,46.1,0.07,39.9,0.08,35.29,0.96,55.33,0.95,54.7,0.94,46.1,0.93,39.9,0.92,35.29,0.98,132.69,0.99,467.99,,,,,,,0.03,0.02,0.094411,1776161371000
1776161374.035,274.035,0.01,447.78,,,,,,,,,0.04,47.33,0.05,54.7,0.06,46.1,0.07,39.9,0.08,35.29,0.96,47.33,0.95,54.7,0.94,46.1,0.93,39.9,0.92,35.29,0.99,447.78,,,,,,,,,0.03,0.03,0.09442,1776161373000
1776161375.031,275.031,0.01,446.76,,,,,,,,,0.04,47.33,0.05,54.7,0.06,46.1,0.07,39.9,0.08,35.29,0.96,47.33,0.95,54.7,0.94,46.1,0.93,39.9,0.92,35.29,0.99,446.76,,,,,,,,,0.03,0.03,0.094419,1776161374000
1776161376.051,276.051,0.01,446.76,,,,,,,,,0.04,47.33,0.05,54.7,0.06,46.1,0.07,39.9,0.08,35.29,0.96,47.33,0.95,54.7,0.94,46.1,0.93,39.9,0.92,35.29,0.99,446.76,,,,,,,,,0.03,0.03,0.09442,1776161375000
1776161377.058,277.058,0.01,446.76,,,,,,,,,0.04,47.33,0.05,54.7,0.06,46.1,0.07,39.9,0.08,35.29,0.96,47.33,0.95,54.7,0.94,46.1,0.93,39.9,0.92,35.29,0.99,446.76,,,,,,,,,0.03,0.03,0.094419,1776161376000
1776161378.081,278.081,0.01,179.0,,,,,,,,,0.03,8.0,0.2,6.0,0.21,50.0,0.22,10.0,0.31,50.0,0.97,8.0,0.8,6.0,0.79,50.0,0.78,10.0,0.69,50.0,0.99,179.0,,,,,,,,,0.02,0.02,0.094419,1776161377000
1776161379.065,279.065,0.01,179.0,,,,,,,,,0.03,8.0,0.2,6.0,0.21,50.0,0.22,10.0,0.31,50.0,0.97,8.0,0.8,6.0,0.79,50.0,0.78,10.0,0.69,50.0,0.99,179.0,,,,,,,,,0.02,0.02,0.094419,1776161378000
1776161379.496,279.496,0.01,177.98,,,,,,,,,0.13,5.0,0.2,6.0,0.21,60.0,0.31,50.0,0.41,73.16,0.97,8.0,0.8,6.0,0.79,50.0,0.78,10.0,0.69,50.0,0.99,179.0,,,,,,,,,0.12,0.02,0.094419,1776161378000
1776161380.042,280.042,0.01,177.98,,,,,,,,,0.13,5.0,0.2,6.0,0.21,60.0,0.31,50.0,0.41,73.16,0.87,5.0,0.8,6.0,0.79,60.0,0.69,50.0,0.59,73.16,0.99,177.98,,,,,,,,,0.12,0.12,0.094418,1776161379000
1776161381.016,281.016,0.01,177.98,,,,,,,,,0.13,5.0,0.2,6.0,0.21,60.0,0.31,50.0,0.41,73.16,0.87,5.0,0.8,6.0,0.79,60.0,0.69,50.0,0.59,73.16,0.99,177.98,,,,,,,,,0.12,0.12,0.094418,1776161380000
1776161381.983,281.983,0.01,177.98,,,,,,,,,0.13,5.0,0.2,6.0,0.21,60.0,0.31,50.0,0.41,73.16,0.87,5.0,0.8,6.0,0.79,60.0,0.69,50.0,0.59,73.16,0.99,177.98,,,,,,,,,0.12,0.12,0.094418,1776161381000
1776161382.961,282.961,0.01,177.98,,,,,,,,,0.13,5.0,0.2,6.0,0.21,60.0,0.31,50.0,0.41,73.16,0.87,5.0,0.8,6.0,0.79,60.0,0.69,50.0,0.59,73.16,0.99,177.98,,,,,,,,,0.12,0.12,0.094419,1776161382000
1776161384.016,284.016,0.01,177.98,,,,,,,,,0.13,5.0,0.2,6.0,0.21,60.0,0.31,50.0,0.41,73.16,0.87,5.0,0.8,6.0,0.79,60.0,0.69,50.0,0.59,73.16,0.99,177.98,,,,,,,,,0.12,0.12,0.094418,1776161383000
1776161384.967,284.967,0.01,170.62,,,,,,,,,0.09,5.0,0.1,34.0,0.2,6.0,0.21,50.0,0.31,50.0,0.87,5.0,0.8,6.0,0.79,60.0,0.69,50.0,0.59,73.16,0.99,177.98,,,,,,,,,0.08,0.12,0.094418,1776161383000
1776161385.458,285.458,0.01,165.62,,,,,,,,,0.09,50.0,0.2,6.0,0.21,50.0,0.31,50.0,0.41,73.16,0.91,5.0,0.9,34.0,0.8,6.0,0.79,50.0,0.69,50.0,0.99,170.62,,,,,,,,,0.08,0.08,0.094418,1776161384000
1776161385.799,285.799,,,,,,,,,,,0.01,839.44,0.07,10.0,0.09,40.0,0.2,6.0,0.21,50.0,0.91,40.0,0.8,6.0,0.79,50.0,0.69,50.0,0.59,73.16,0.99,160.56,,,,,,,,,,0.08,0.094418,1776161384000
1776161386.428,286.428,,,,,,,,,,,0.01,839.44,0.07,10.0,0.09,40.0,0.2,6.0,0.21,50.0,0.99,839.44,0.93,10.0,0.91,40.0,0.8,6.0,0.79,50.0,,,,,,,,,,,,,0.094416,1776161385000
1776161387.117,287.117,,,,,,,,,,,0.01,839.44,0.07,10.0,0.09,40.0,0.2,6.0,0.21,50.0,0.99,839.44,0.93,10.0,0.91,40.0,0.8,6.0,0.79,50.0,,,,,,,,,,,,,0.094416,1776161386000
1776161388.335,288.335,,,,,,,,,,,0.01,839.44,0.07,10.0,0.09,40.0,0.2,6.0,0.21,50.0,0.99,839.44,0.93,10.0,0.91,40.0,0.8,6.0,0.79,50.0,,,,,,,,,,,,,0.094394,1776161387000
1776161389.463,289.463,,,,,,,,,,,0.01,839.44,0.07,10.0,0.09,40.0,0.2,6.0,0.21,50.0,0.99,839.44,0.93,10.0,0.91,40.0,0.8,6.0,0.79,50.0,,,,,,,,,,,,,0.094385,1776161388000
1776161390.016,290.016,,,,,,,,,,,0.01,839.44,0.07,10.0,0.09,40.0,0.2,6.0,0.21,50.0,0.99,839.44,0.93,10.0,0.91,40.0,0.8,6.0,0.79,50.0,,,,,,,,,,,,,0.094375,1776161389000
1776161391.225,291.225,,,,,,,,,,,0.01,839.44,0.07,10.0,0.09,40.0,0.2,6.0,0.21,50.0,0.99,839.44,0.93,10.0,0.91,40.0,0.8,6.0,0.79,50.0,,,,,,,,,,,,,0.094372,1776161390000
1776161392.358,292.358,,,,,,,,,,,0.01,839.44,0.07,10.0,0.09,40.0,0.2,6.0,0.21,50.0,0.99,839.44,0.93,10.0,0.91,40.0,0.8,6.0,0.79,50.0,,,,,,,,,,,,,0.094375,1776161391000
1776161392.948,292.948,,,,,,,,,,,0.01,839.44,0.07,10.0,0.09,40.0,0.2,6.0,0.21,50.0,0.99,839.44,0.93,10.0,0.91,40.0,0.8,6.0,0.79,50.0,,,,,,,,,,,,,0.094375,1776161392000
1776161393.964,293.964,,,,,,,,,,,0.01,839.44,0.07,10.0,0.09,40.0,0.2,6.0,0.21,50.0,0.99,839.44,0.93,10.0,0.91,40.0,0.8,6.0,0.79,50.0,,,,,,,,,,,,,0.094374,1776161393000
1776161395.11,295.11,,,,,,,,,,,0.01,839.44,0.07,10.0,0.09,40.0,0.2,6.0,0.21,50.0,0.99,839.44,0.93,10.0,0.91,40.0,0.8,6.0,0.79,50.0,,,,,,,,,,,,,0.094373,1776161394000
1776161396.257,296.257,,,,,,,,,,,0.01,839.44,0.07,10.0,0.09,40.0,0.2,6.0,0.21,50.0,0.99,839.44,0.93,10.0,0.91,40.0,0.8,6.0,0.79,50.0,,,,,,,,,,,,,0.094374,1776161395000
1776161397.795,297.795,,,,,,,,,,,0.01,839.44,0.07,10.0,0.09,40.0,0.2,6.0,0.21,50.0,0.99,839.44,0.93,10.0,0.91,40.0,0.8,6.0,0.79,50.0,,,,,,,,,,,,,0.094373,1776161396000
1776161398.284,298.284,,,,,,,,,,,0.01,839.44,0.07,10.0,0.09,40.0,0.2,6.0,0.21,50.0,0.99,839.44,0.93,10.0,0.91,40.0,0.8,6.0,0.79,50.0,,,,,,,,,,,,,0.094373,1776161397000
1776161399.261,299.261,,,,,,,,,,,0.01,839.44,0.07,10.0,0.09,40.0,0.2,6.0,0.21,50.0,0.99,839.44,0.93,10.0,0.91,40.0,0.8,6.0,0.79,50.0,,,,,,,,,,,,,0.094375,1776161398000
1776161400.265,300.265,,,,,,,,,,,0.01,839.44,0.07,10.0,0.09,40.0,0.2,6.0,0.21,50.0,0.99,839.44,0.93,10.0,0.91,40.0,0.8,6.0,0.79,50.0,,,,,,,,,,,,,0.094382,1776161399000

# RESULT,winner=Down,slug=doge-updown-5m-1776161100,ticks=302
