timestamp,elapsed_sec,up_bid_p1,up_bid_s1,up_bid_p2,up_bid_s2,up_ask_p1,up_ask_s1,up_ask_p2,up_ask_s2,down_bid_p1,down_bid_s1,down_bid_p2,down_bid_s2,down_ask_p1,down_ask_s1,down_ask_p2,down_ask_s2,up_spread,down_spread,doge_price,doge_oracle_ts
1776197701.383,1.383,,,,,,,,,,,,,,,,,,,0.092994,1776197700000
1776197701.655,1.655,0.49,5.0,0.33,300.0,0.67,300.0,0.69,375.0,0.33,300.0,0.31,375.0,0.51,5.0,0.67,300.0,0.18,0.18,0.092994,1776197700000
1776197701.874,1.874,0.49,5.0,0.33,300.0,0.67,300.0,0.69,375.0,0.33,300.0,0.31,375.0,0.51,5.0,0.67,300.0,0.18,0.18,0.092995,1776197701000
1776197702.161,2.161,0.49,5.0,0.33,300.0,0.67,300.0,0.69,375.0,0.33,300.0,0.31,375.0,0.51,5.0,0.67,300.0,0.18,0.18,0.092995,1776197701000
1776197703.049,3.049,0.49,5.0,0.33,300.0,0.67,300.0,0.69,375.0,0.33,300.0,0.31,375.0,0.51,5.0,0.67,300.0,0.18,0.18,0.092995,1776197702000
1776197704.109,4.109,0.49,5.0,0.33,300.0,0.67,300.0,0.69,375.0,0.33,300.0,0.31,375.0,0.51,5.0,0.67,300.0,0.18,0.18,0.093003,1776197703000
1776197705.265,5.265,0.41,50.0,0.31,425.0,0.69,375.0,0.71,50.0,0.31,375.0,0.29,50.0,0.59,50.0,0.69,425.0,0.28,0.28,0.093011,1776197704000
1776197705.875,5.875,0.31,5.0,0.27,450.0,0.41,45.0,0.42,5.0,0.31,375.0,0.29,50.0,0.59,50.0,0.69,425.0,0.1,0.28,0.093011,1776197704000
1776197706.381,6.381,0.31,5.0,0.27,450.0,0.41,45.0,0.42,5.0,0.59,45.0,0.58,5.0,0.69,5.0,0.73,450.0,0.1,0.1,0.092981,1776197705000
1776197707.517,7.517,0.31,5.0,0.27,450.0,0.41,45.0,0.42,5.0,0.59,45.0,0.58,5.0,0.69,5.0,0.73,450.0,0.1,0.1,0.092939,1776197706000
1776197708.134,8.134,0.31,5.0,0.27,450.0,0.41,45.0,0.42,5.0,0.59,45.0,0.58,5.0,0.69,5.0,0.73,450.0,0.1,0.1,0.092931,1776197707000
1776197709.483,9.483,0.31,5.0,0.27,450.0,0.41,45.0,0.42,5.0,0.59,45.0,0.58,5.0,0.69,5.0,0.73,450.0,0.1,0.1,0.092931,1776197708000
1776197710.201,10.201,0.31,5.0,0.27,450.0,0.41,45.0,0.42,5.0,0.59,45.0,0.58,5.0,0.69,5.0,0.73,450.0,0.1,0.1,0.09293,1776197709000
1776197711.538,11.538,0.31,5.0,0.27,450.0,0.41,45.0,0.42,5.0,0.59,45.0,0.58,5.0,0.69,5.0,0.73,450.0,0.1,0.1,0.09293,1776197710000
1776197712.149,12.149,0.31,5.0,0.27,450.0,0.41,45.0,0.42,5.0,0.59,45.0,0.58,5.0,0.69,5.0,0.73,450.0,0.1,0.1,0.09293,1776197711000
1776197713.571,13.571,0.31,5.0,0.27,450.0,0.41,45.0,0.42,5.0,0.59,45.0,0.58,5.0,0.69,5.0,0.73,450.0,0.1,0.1,0.09293,1776197712000
1776197714.27,14.27,0.31,5.0,0.27,450.0,0.41,45.0,0.42,5.0,0.59,45.0,0.58,5.0,0.69,5.0,0.73,450.0,0.1,0.1,0.09293,1776197713000
1776197715.663,15.663,0.31,5.0,0.27,450.0,0.41,45.0,0.42,5.0,0.59,45.0,0.58,5.0,0.69,5.0,0.73,450.0,0.1,0.1,0.09293,1776197714000
1776197716.535,16.535,0.31,5.0,0.27,450.0,0.41,45.0,0.42,5.0,0.59,45.0,0.58,5.0,0.69,5.0,0.73,450.0,0.1,0.1,0.09293,1776197715000
1776197717.136,17.136,0.31,5.0,0.27,450.0,0.41,45.0,0.42,5.0,0.59,45.0,0.58,5.0,0.69,5.0,0.73,450.0,0.1,0.1,0.09293,1776197716000
1776197718.455,18.455,0.31,5.0,0.27,450.0,0.41,45.0,0.42,5.0,0.59,45.0,0.58,5.0,0.69,5.0,0.73,450.0,0.1,0.1,0.092929,1776197717000
1776197719.043,19.043,0.31,5.0,0.27,450.0,0.41,45.0,0.42,5.0,0.59,45.0,0.58,5.0,0.69,5.0,0.73,450.0,0.1,0.1,0.092928,1776197718000
1776197720.326,20.326,0.31,5.0,0.27,450.0,0.41,45.0,0.42,5.0,0.59,45.0,0.58,5.0,0.69,5.0,0.73,450.0,0.1,0.1,0.092929,1776197719000
1776197720.99,20.99,0.3,5.0,0.25,10.0,0.41,55.0,0.44,10.0,0.59,45.0,0.58,5.0,0.69,5.0,0.73,450.0,0.11,0.1,0.092929,1776197719000
1776197721.491,21.491,0.3,5.0,0.25,10.0,0.41,55.0,0.44,10.0,0.59,55.0,0.56,10.0,0.7,5.0,0.75,10.0,0.11,0.11,0.092927,1776197720000
1776197722.194,22.194,0.3,5.0,0.25,10.0,0.41,55.0,0.44,10.0,0.59,55.0,0.56,10.0,0.7,5.0,0.75,10.0,0.11,0.11,0.092927,1776197721000
1776197723.512,23.512,0.3,5.0,0.25,10.0,0.41,55.0,0.44,10.0,0.59,55.0,0.56,10.0,0.7,5.0,0.75,10.0,0.11,0.11,0.092927,1776197722000
1776197724.205,24.205,0.3,5.0,0.25,10.0,0.41,55.0,0.44,10.0,0.59,55.0,0.56,10.0,0.7,5.0,0.75,10.0,0.11,0.11,0.092927,1776197723000
1776197725.892,25.892,0.3,5.0,0.25,10.0,0.41,55.0,0.44,10.0,0.59,55.0,0.56,10.0,0.7,5.0,0.75,10.0,0.11,0.11,0.092928,1776197724000
1776197727.213,27.213,0.3,5.0,0.25,10.0,0.41,55.0,0.44,10.0,0.59,55.0,0.56,10.0,0.7,5.0,0.75,10.0,0.11,0.11,0.092906,1776197726000
1776197728.559,28.559,0.23,5.0,0.19,10.0,0.34,5.0,0.38,10.0,0.66,5.0,0.62,10.0,0.77,5.0,0.81,10.0,0.11,0.11,0.092903,1776197727000
1776197729.534,29.534,0.23,5.0,0.19,10.0,0.34,5.0,0.38,10.0,0.66,5.0,0.62,10.0,0.77,5.0,0.81,10.0,0.11,0.11,0.09291,1776197728000
1776197730.038,30.038,0.23,5.0,0.19,10.0,0.34,5.0,0.38,10.0,0.66,5.0,0.62,10.0,0.77,5.0,0.81,10.0,0.11,0.11,0.09291,1776197729000
1776197731.384,31.384,0.23,5.0,0.19,10.0,0.34,5.0,0.38,10.0,0.66,5.0,0.62,10.0,0.77,5.0,0.81,10.0,0.11,0.11,0.092914,1776197730000
1776197732.001,32.001,0.23,5.0,0.19,10.0,0.34,5.0,0.38,10.0,0.66,5.0,0.62,10.0,0.77,5.0,0.81,10.0,0.11,0.11,0.092914,1776197731000
1776197733.121,33.121,0.23,5.0,0.19,10.0,0.34,5.0,0.38,10.0,0.66,5.0,0.62,10.0,0.77,5.0,0.81,10.0,0.11,0.11,0.092931,1776197732000
1776197734.33,34.33,0.23,5.0,0.19,10.0,0.34,5.0,0.38,10.0,0.66,5.0,0.62,10.0,0.77,5.0,0.81,10.0,0.11,0.11,0.092931,1776197733000
1776197735.497,35.497,0.23,5.0,0.19,10.0,0.34,5.0,0.38,10.0,0.66,5.0,0.62,10.0,0.77,5.0,0.81,10.0,0.11,0.11,0.092931,1776197734000
1776197736.009,36.009,0.23,5.0,0.19,10.0,0.34,5.0,0.38,10.0,0.66,5.0,0.62,10.0,0.77,5.0,0.81,10.0,0.11,0.11,0.092931,1776197735000
1776197737.046,37.046,0.23,5.0,0.19,10.0,0.34,5.0,0.38,10.0,0.66,5.0,0.62,10.0,0.77,5.0,0.81,10.0,0.11,0.11,0.092924,1776197736000
1776197738.205,38.205,0.23,5.0,0.19,10.0,0.34,5.0,0.38,10.0,0.66,5.0,0.62,10.0,0.77,5.0,0.81,10.0,0.11,0.11,0.092928,1776197737000
1776197739.33,39.33,0.23,5.0,0.19,10.0,0.34,5.0,0.38,10.0,0.66,5.0,0.62,10.0,0.77,5.0,0.81,10.0,0.11,0.11,0.092933,1776197738000
1776197739.952,39.952,0.23,5.0,0.19,10.0,0.34,5.0,0.38,10.0,0.66,5.0,0.62,10.0,0.77,5.0,0.81,10.0,0.11,0.11,0.09293,1776197739000
1776197741.111,41.111,0.23,5.0,0.19,10.0,0.34,5.0,0.38,10.0,0.66,5.0,0.62,10.0,0.77,5.0,0.81,10.0,0.11,0.11,0.092931,1776197740000
1776197742.526,42.526,0.23,5.0,0.19,10.0,0.34,5.0,0.38,10.0,0.66,5.0,0.62,10.0,0.77,5.0,0.81,10.0,0.11,0.11,0.09293,1776197741000
1776197743.087,43.087,0.23,5.0,0.19,10.0,0.34,5.0,0.38,10.0,0.66,5.0,0.62,10.0,0.77,5.0,0.81,10.0,0.11,0.11,0.09293,1776197742000
1776197744.127,44.127,0.23,5.0,0.19,10.0,0.34,5.0,0.38,10.0,0.66,5.0,0.62,10.0,0.77,5.0,0.81,10.0,0.11,0.11,0.092931,1776197743000
1776197744.59,44.59,0.27,5.0,0.23,10.0,0.4,5.0,0.43,15.0,0.66,5.0,0.62,10.0,0.77,5.0,0.81,10.0,0.13,0.11,0.092931,1776197743000
1776197745.191,45.191,0.27,5.0,0.23,10.0,0.4,5.0,0.43,15.0,0.6,5.0,0.57,15.0,0.73,5.0,0.77,10.0,0.13,0.13,0.092932,1776197744000
1776197746.216,46.216,0.27,5.0,0.23,10.0,0.4,5.0,0.43,15.0,0.6,5.0,0.57,15.0,0.73,5.0,0.77,10.0,0.13,0.13,0.092933,1776197745000
1776197747.259,47.259,0.29,5.0,0.23,10.0,0.41,50.0,0.43,15.0,0.59,50.0,0.57,15.0,0.71,5.0,0.77,10.0,0.12,0.12,0.092932,1776197746000
1776197748.254,48.254,0.29,5.0,0.23,10.0,0.41,50.0,0.43,15.0,0.59,50.0,0.57,15.0,0.71,5.0,0.77,10.0,0.12,0.12,0.092925,1776197747000
1776197748.724,48.724,0.25,5.0,0.18,17.6,0.38,5.0,0.4,5.0,0.59,50.0,0.57,15.0,0.71,5.0,0.77,10.0,0.13,0.12,0.092925,1776197747000
1776197749.275,49.275,0.25,5.0,0.18,17.6,0.38,5.0,0.4,5.0,0.62,5.0,0.6,5.0,0.75,5.0,0.82,17.6,0.13,0.13,0.092925,1776197748000
1776197750.507,50.507,0.25,5.0,0.18,17.6,0.38,5.0,0.4,5.0,0.62,5.0,0.6,5.0,0.75,5.0,0.82,17.6,0.13,0.13,0.092922,1776197749000
1776197750.974,50.974,0.26,5.0,0.24,10.0,0.46,5.0,0.48,15.0,0.54,5.0,0.52,15.0,0.74,5.0,0.76,10.0,0.2,0.2,0.092917,1776197750000
1776197752.081,52.081,0.26,5.0,0.24,10.0,0.46,5.0,0.48,15.0,0.54,5.0,0.52,15.0,0.74,5.0,0.76,10.0,0.2,0.2,0.092933,1776197751000
1776197753.053,53.053,0.26,5.0,0.24,10.0,0.46,5.0,0.48,15.0,0.54,5.0,0.52,15.0,0.74,5.0,0.76,10.0,0.2,0.2,0.092941,1776197752000
1776197754.174,54.174,0.26,5.0,0.24,10.0,0.46,5.0,0.48,15.0,0.54,5.0,0.52,15.0,0.74,5.0,0.76,10.0,0.2,0.2,0.092945,1776197753000
1776197755.189,55.189,0.26,5.0,0.24,10.0,0.46,5.0,0.48,15.0,0.54,5.0,0.52,15.0,0.74,5.0,0.76,10.0,0.2,0.2,0.092946,1776197754000
1776197756.399,56.399,0.26,5.0,0.24,10.0,0.46,5.0,0.48,15.0,0.54,5.0,0.52,15.0,0.74,5.0,0.76,10.0,0.2,0.2,0.092946,1776197755000
1776197758.399,58.399,0.26,5.0,0.24,10.0,0.46,5.0,0.48,15.0,0.54,5.0,0.52,15.0,0.74,5.0,0.76,10.0,0.2,0.2,0.092951,1776197757000
1776197759.105,59.105,0.26,5.0,0.24,10.0,0.46,5.0,0.48,15.0,0.54,5.0,0.52,15.0,0.74,5.0,0.76,10.0,0.2,0.2,0.092958,1776197758000
1776197761.061,61.061,0.26,5.0,0.24,10.0,0.46,5.0,0.48,15.0,0.54,5.0,0.52,15.0,0.74,5.0,0.76,10.0,0.2,0.2,0.09296,1776197759000
1776197761.69,61.69,0.26,5.0,0.24,10.0,0.46,5.0,0.48,15.0,0.54,5.0,0.52,15.0,0.74,5.0,0.76,10.0,0.2,0.2,0.09296,1776197760000
1776197762.416,62.416,0.26,5.0,0.24,10.0,0.46,5.0,0.48,15.0,0.54,5.0,0.52,15.0,0.74,5.0,0.76,10.0,0.2,0.2,0.092968,1776197761000
1776197763.164,63.164,0.26,5.0,0.24,10.0,0.46,5.0,0.48,15.0,0.54,5.0,0.52,15.0,0.74,5.0,0.76,10.0,0.2,0.2,0.09297,1776197762000
1776197764.465,64.465,0.26,5.0,0.24,10.0,0.46,5.0,0.48,15.0,0.54,5.0,0.52,15.0,0.74,5.0,0.76,10.0,0.2,0.2,0.092974,1776197763000
1776197765.195,65.195,0.26,5.0,0.24,10.0,0.46,5.0,0.48,15.0,0.54,5.0,0.52,15.0,0.74,5.0,0.76,10.0,0.2,0.2,0.092974,1776197764000
1776197766.679,66.679,0.26,5.0,0.24,10.0,0.46,5.0,0.48,15.0,0.54,5.0,0.52,15.0,0.74,5.0,0.76,10.0,0.2,0.2,0.092981,1776197765000
1776197767.461,67.461,0.26,5.0,0.24,10.0,0.46,5.0,0.48,15.0,0.54,5.0,0.52,15.0,0.74,5.0,0.76,10.0,0.2,0.2,0.09298,1776197766000
1776197768.138,68.138,0.26,5.0,0.24,10.0,0.46,5.0,0.48,15.0,0.54,5.0,0.52,15.0,0.74,5.0,0.76,10.0,0.2,0.2,0.09298,1776197767000
1776197769.492,69.492,0.26,5.0,0.24,10.0,0.46,5.0,0.48,15.0,0.54,5.0,0.52,15.0,0.74,5.0,0.76,10.0,0.2,0.2,0.092981,1776197768000
1776197770.214,70.214,0.26,5.0,0.24,10.0,0.46,5.0,0.48,15.0,0.54,5.0,0.52,15.0,0.74,5.0,0.76,10.0,0.2,0.2,0.092974,1776197769000
1776197771.715,71.715,0.26,5.0,0.24,10.0,0.46,5.0,0.48,15.0,0.54,5.0,0.52,15.0,0.74,5.0,0.76,10.0,0.2,0.2,0.092973,1776197770000
1776197772.521,72.521,0.26,5.0,0.24,10.0,0.46,5.0,0.48,15.0,0.54,5.0,0.52,15.0,0.74,5.0,0.76,10.0,0.2,0.2,0.092973,1776197771000
1776197773.214,73.214,0.26,5.0,0.24,10.0,0.46,5.0,0.48,15.0,0.54,5.0,0.52,15.0,0.74,5.0,0.76,10.0,0.2,0.2,0.092974,1776197772000
1776197774.713,74.713,0.26,5.0,0.24,10.0,0.46,5.0,0.48,15.0,0.54,5.0,0.52,15.0,0.74,5.0,0.76,10.0,0.2,0.2,0.092974,1776197773000
1776197775.97,75.97,0.26,5.0,0.24,10.0,0.46,5.0,0.48,15.0,0.54,5.0,0.52,15.0,0.74,5.0,0.76,10.0,0.2,0.2,0.092974,1776197774000
1776197777.113,77.113,0.26,5.0,0.24,10.0,0.46,5.0,0.48,15.0,0.54,5.0,0.52,15.0,0.74,5.0,0.76,10.0,0.2,0.2,0.092975,1776197775000
1776197778.006,78.006,0.26,5.0,0.24,10.0,0.46,5.0,0.48,15.0,0.54,5.0,0.52,15.0,0.74,5.0,0.76,10.0,0.2,0.2,0.092964,1776197776000
1776197778.714,78.714,0.26,5.0,0.24,10.0,0.46,5.0,0.48,15.0,0.54,5.0,0.52,15.0,0.74,5.0,0.76,10.0,0.2,0.2,0.092957,1776197777000
1776197779.423,79.423,0.26,5.0,0.24,10.0,0.46,5.0,0.48,15.0,0.54,5.0,0.52,15.0,0.74,5.0,0.76,10.0,0.2,0.2,0.092961,1776197778000
1776197780.318,80.318,0.26,5.0,0.24,10.0,0.46,5.0,0.48,15.0,0.54,5.0,0.52,15.0,0.74,5.0,0.76,10.0,0.2,0.2,0.092959,1776197779000
1776197781.705,81.705,0.26,5.0,0.24,10.0,0.46,5.0,0.48,15.0,0.54,5.0,0.52,15.0,0.74,5.0,0.76,10.0,0.2,0.2,0.092951,1776197780000
1776197782.419,82.419,0.26,5.0,0.24,10.0,0.46,5.0,0.48,15.0,0.54,5.0,0.52,15.0,0.74,5.0,0.76,10.0,0.2,0.2,0.092951,1776197781000
1776197783.152,83.152,0.26,5.0,0.24,10.0,0.46,5.0,0.48,15.0,0.54,5.0,0.52,15.0,0.74,5.0,0.76,10.0,0.2,0.2,0.092952,1776197782000
1776197784.747,84.747,0.26,5.0,0.24,10.0,0.46,5.0,0.48,15.0,0.54,5.0,0.52,15.0,0.74,5.0,0.76,10.0,0.2,0.2,0.092952,1776197783000
1776197785.474,85.474,0.26,5.0,0.24,10.0,0.46,5.0,0.48,15.0,0.54,5.0,0.52,15.0,0.74,5.0,0.76,10.0,0.2,0.2,0.092952,1776197784000
1776197786.126,86.126,0.26,5.0,0.24,10.0,0.46,5.0,0.48,15.0,0.54,5.0,0.52,15.0,0.74,5.0,0.76,10.0,0.2,0.2,0.092952,1776197785000
1776197786.401,86.401,0.37,1.76,0.25,18.9,0.39,41.0,0.4,10.0,0.54,5.0,0.52,15.0,0.74,5.0,0.76,10.0,0.02,0.2,0.092952,1776197785000
1776197791.581,91.581,0.25,18.9,0.24,14.3,0.39,41.0,0.4,10.0,0.61,41.0,0.6,10.0,0.75,18.9,0.76,14.3,0.14,0.14,0.092938,1776197786000
1776197793.962,93.962,0.25,18.9,0.24,14.3,0.39,41.0,0.4,10.0,0.61,41.0,0.6,10.0,0.75,18.9,0.76,14.3,0.14,0.14,0.092893,1776197791000
1776197795.162,95.162,0.25,18.9,0.24,14.3,0.39,41.0,0.4,10.0,0.61,41.0,0.6,10.0,0.75,18.9,0.76,14.3,0.14,0.14,0.092893,1776197794000
1776197796.145,96.145,0.25,18.9,0.24,14.3,0.39,41.0,0.4,10.0,0.61,41.0,0.6,10.0,0.75,18.9,0.76,14.3,0.14,0.14,0.092894,1776197795000
1776197797.254,97.254,0.25,18.9,0.24,14.3,0.39,41.0,0.4,10.0,0.61,41.0,0.6,10.0,0.75,18.9,0.76,14.3,0.14,0.14,0.092894,1776197796000
1776197798.242,98.242,0.25,18.9,0.24,14.3,0.39,41.0,0.4,10.0,0.61,41.0,0.6,10.0,0.75,18.9,0.76,14.3,0.14,0.14,0.092899,1776197797000
1776197799.262,99.262,0.25,18.9,0.24,14.3,0.39,41.0,0.4,10.0,0.61,41.0,0.6,10.0,0.75,18.9,0.76,14.3,0.14,0.14,0.092897,1776197798000
1776197800.187,100.187,0.25,18.9,0.24,14.3,0.39,41.0,0.4,10.0,0.61,41.0,0.6,10.0,0.75,18.9,0.76,14.3,0.14,0.14,0.092897,1776197799000
1776197801.25,101.25,0.25,18.9,0.24,14.3,0.39,41.0,0.4,10.0,0.61,41.0,0.6,10.0,0.75,18.9,0.76,14.3,0.14,0.14,0.092897,1776197800000
1776197802.313,102.313,0.25,18.9,0.24,14.3,0.39,41.0,0.4,10.0,0.61,41.0,0.6,10.0,0.75,18.9,0.76,14.3,0.14,0.14,0.092897,1776197801000
1776197803.26,103.26,0.25,18.9,0.24,14.3,0.39,41.0,0.4,10.0,0.61,41.0,0.6,10.0,0.75,18.9,0.76,14.3,0.14,0.14,0.092897,1776197802000
1776197804.391,104.391,0.25,18.9,0.24,14.3,0.39,41.0,0.4,10.0,0.61,41.0,0.6,10.0,0.75,18.9,0.76,14.3,0.14,0.14,0.092896,1776197803000
1776197804.873,104.873,0.25,18.9,0.24,14.3,0.39,41.0,0.4,10.0,0.61,41.0,0.6,10.0,0.75,18.9,0.76,14.3,0.14,0.14,0.092896,1776197804000
1776197805.932,105.932,0.25,18.9,0.24,14.3,0.39,41.0,0.4,10.0,0.61,41.0,0.6,10.0,0.75,18.9,0.76,14.3,0.14,0.14,0.092897,1776197805000
1776197806.919,106.919,0.25,18.9,0.24,14.3,0.39,41.0,0.4,10.0,0.61,41.0,0.6,10.0,0.75,18.9,0.76,14.3,0.14,0.14,0.092896,1776197806000
1776197808.536,108.536,0.25,18.9,0.24,14.3,0.39,41.0,0.4,10.0,0.61,41.0,0.6,10.0,0.75,18.9,0.76,14.3,0.14,0.14,0.092896,1776197807000
1776197809.439,109.439,0.25,18.9,0.24,14.3,0.39,41.0,0.4,10.0,0.61,41.0,0.6,10.0,0.75,18.9,0.76,14.3,0.14,0.14,0.092895,1776197808000
1776197810.208,110.208,0.25,18.9,0.24,14.3,0.39,41.0,0.4,10.0,0.61,41.0,0.6,10.0,0.75,18.9,0.76,14.3,0.14,0.14,0.092895,1776197809000
1776197811.205,111.205,0.25,18.9,0.24,14.3,0.39,41.0,0.4,10.0,0.61,41.0,0.6,10.0,0.75,18.9,0.76,14.3,0.14,0.14,0.092899,1776197810000
1776197812.314,112.314,0.25,18.9,0.24,14.3,0.39,41.0,0.4,10.0,0.61,41.0,0.6,10.0,0.75,18.9,0.76,14.3,0.14,0.14,0.0929,1776197811000
1776197813.276,113.276,0.25,18.9,0.24,14.3,0.39,41.0,0.4,10.0,0.61,41.0,0.6,10.0,0.75,18.9,0.76,14.3,0.14,0.14,0.092898,1776197812000
1776197814.337,114.337,0.25,18.9,0.24,14.3,0.39,41.0,0.4,10.0,0.61,41.0,0.6,10.0,0.75,18.9,0.76,14.3,0.14,0.14,0.092899,1776197813000
1776197814.837,114.837,0.25,18.9,0.24,14.3,0.39,41.0,0.4,10.0,0.61,41.0,0.6,10.0,0.75,18.9,0.76,14.3,0.14,0.14,0.092898,1776197814000
1776197815.941,115.941,0.25,18.9,0.24,14.3,0.39,41.0,0.4,10.0,0.61,41.0,0.6,10.0,0.75,18.9,0.76,14.3,0.14,0.14,0.092901,1776197815000
1776197816.95,116.95,0.25,18.9,0.24,14.3,0.39,41.0,0.4,10.0,0.61,41.0,0.6,10.0,0.75,18.9,0.76,14.3,0.14,0.14,0.092902,1776197816000
1776197817.977,117.977,0.25,18.9,0.24,14.3,0.39,41.0,0.4,10.0,0.61,41.0,0.6,10.0,0.75,18.9,0.76,14.3,0.14,0.14,0.092902,1776197817000
1776197819.003,119.003,0.25,18.9,0.24,14.3,0.39,41.0,0.4,10.0,0.61,41.0,0.6,10.0,0.75,18.9,0.76,14.3,0.14,0.14,0.092902,1776197818000
1776197820.114,120.114,0.25,18.9,0.24,14.3,0.39,41.0,0.4,10.0,0.61,41.0,0.6,10.0,0.75,18.9,0.76,14.3,0.14,0.14,0.092902,1776197819000
1776197821.031,121.031,0.25,18.9,0.24,14.3,0.39,41.0,0.4,10.0,0.61,41.0,0.6,10.0,0.75,18.9,0.76,14.3,0.14,0.14,0.092902,1776197820000
1776197822.257,122.257,0.25,18.9,0.24,14.3,0.39,41.0,0.4,10.0,0.61,41.0,0.6,10.0,0.75,18.9,0.76,14.3,0.14,0.14,0.0929,1776197821000
1776197823.369,123.369,0.25,18.9,0.24,14.3,0.39,41.0,0.4,10.0,0.61,41.0,0.6,10.0,0.75,18.9,0.76,14.3,0.14,0.14,0.0929,1776197822000
1776197823.983,123.983,0.25,18.9,0.24,14.3,0.39,41.0,0.4,10.0,0.61,41.0,0.6,10.0,0.75,18.9,0.76,14.3,0.14,0.14,0.0929,1776197823000
1776197824.782,124.782,0.17,18.39,0.16,19.3,0.21,45.0,0.26,5.0,0.61,41.0,0.6,10.0,0.75,18.9,0.76,14.3,0.04,0.14,0.0929,1776197823000
1776197825.137,125.137,0.17,18.39,0.16,19.3,0.21,45.0,0.26,5.0,0.79,45.0,0.74,5.0,0.83,18.39,0.84,19.3,0.04,0.04,0.0929,1776197824000
1776197826.161,126.161,0.17,18.39,0.16,19.3,0.21,45.0,0.26,5.0,0.79,45.0,0.74,5.0,0.83,18.39,0.84,19.3,0.04,0.04,0.092892,1776197825000
1776197827.247,127.247,0.17,18.39,0.16,19.3,0.21,45.0,0.26,5.0,0.79,45.0,0.74,5.0,0.83,18.39,0.84,19.3,0.04,0.04,0.092888,1776197826000
1776197827.595,127.595,0.17,7.77,0.16,19.3,0.21,45.0,0.26,5.0,0.79,45.0,0.74,5.0,0.83,18.39,0.84,19.3,0.04,0.04,0.092888,1776197826000
1776197828.392,128.392,0.17,7.77,0.16,19.3,0.21,45.0,0.26,5.0,0.79,45.0,0.74,5.0,0.83,7.77,0.84,19.3,0.04,0.04,0.092888,1776197827000
1776197828.996,128.996,0.17,7.77,0.16,19.3,0.21,45.0,0.26,5.0,0.79,45.0,0.74,5.0,0.83,7.77,0.84,19.3,0.04,0.04,0.092891,1776197828000
1776197829.991,129.991,0.17,7.77,0.16,19.3,0.21,45.0,0.26,5.0,0.79,45.0,0.74,5.0,0.83,7.77,0.84,19.3,0.04,0.04,0.092894,1776197829000
1776197831.052,131.052,0.17,7.77,0.16,19.3,0.21,45.0,0.26,5.0,0.79,45.0,0.74,5.0,0.83,7.77,0.84,19.3,0.04,0.04,0.092894,1776197830000
1776197832.17,132.17,0.17,2.77,0.16,19.3,0.21,45.0,0.26,5.0,0.79,45.0,0.74,5.0,0.83,2.77,0.84,19.3,0.04,0.04,0.092894,1776197831000
1776197833.164,133.164,0.17,2.77,0.16,19.3,0.21,40.0,0.26,5.0,0.79,45.0,0.74,5.0,0.83,2.77,0.84,19.3,0.04,0.04,0.092894,1776197831000
1776197833.883,133.883,0.17,2.77,0.16,19.3,0.21,40.0,0.26,5.0,0.79,40.0,0.74,5.0,0.83,2.77,0.84,19.3,0.04,0.04,0.09289,1776197833000
1776197834.172,134.172,0.16,16.08,0.15,20.39,0.21,40.0,0.25,5.0,0.79,40.0,0.74,5.0,0.83,2.77,0.84,19.3,0.05,0.04,0.09289,1776197833000
1776197834.991,134.991,0.16,16.08,0.15,20.39,0.21,40.0,0.25,5.0,0.79,40.0,0.75,5.0,0.84,16.08,0.85,20.39,0.05,0.05,0.092889,1776197834000
1776197836.586,136.586,0.16,16.08,0.15,20.39,0.21,40.0,0.25,5.0,0.79,40.0,0.75,5.0,0.84,16.08,0.85,20.39,0.05,0.05,0.092888,1776197835000
1776197837.69,137.69,0.16,16.08,0.15,20.39,0.21,40.0,0.25,5.0,0.79,40.0,0.75,5.0,0.84,16.08,0.85,20.39,0.05,0.05,0.092889,1776197836000
1776197838.296,138.296,0.16,16.08,0.15,20.39,0.21,40.0,0.25,5.0,0.79,40.0,0.75,5.0,0.84,16.08,0.85,20.39,0.05,0.05,0.09289,1776197837000
1776197839.444,139.444,0.16,16.08,0.15,20.39,0.21,40.0,0.25,5.0,0.79,40.0,0.75,5.0,0.84,16.08,0.85,20.39,0.05,0.05,0.09289,1776197838000
1776197839.645,139.645,0.17,9.2,0.16,16.08,0.21,50.0,0.25,5.0,0.79,40.0,0.75,5.0,0.84,16.08,0.85,20.39,0.04,0.05,0.09289,1776197838000
1776197840.072,140.072,0.17,9.2,0.16,16.08,0.21,50.0,0.25,5.0,0.79,50.0,0.75,5.0,0.83,9.2,0.84,16.08,0.04,0.04,0.092891,1776197839000
1776197841.376,141.376,0.17,9.2,0.16,16.08,0.21,50.0,0.25,5.0,0.79,50.0,0.75,5.0,0.83,9.2,0.84,16.08,0.04,0.04,0.09289,1776197840000
1776197841.589,141.589,0.17,0.01,0.16,16.08,0.21,50.0,0.25,5.0,0.79,50.0,0.75,5.0,0.83,9.2,0.84,16.08,0.04,0.04,0.09289,1776197840000
1776197841.965,141.965,0.17,0.01,0.16,16.08,0.21,50.0,0.25,5.0,0.79,50.0,0.75,5.0,0.83,0.01,0.84,16.08,0.04,0.04,0.092891,1776197841000
1776197843.174,143.174,0.16,11.09,0.15,20.39,0.21,50.0,0.25,5.0,0.79,50.0,0.75,5.0,0.84,11.09,0.85,20.39,0.05,0.05,0.092892,1776197842000
1776197843.831,143.831,0.13,23.0,0.12,24.6,0.29,16.87,0.3,12.4,0.79,50.0,0.75,5.0,0.84,11.09,0.85,20.39,0.16,0.05,0.092892,1776197842000
1776197844.434,144.434,0.13,23.0,0.12,24.6,0.29,16.87,0.3,12.4,0.71,16.87,0.7,12.4,0.87,23.0,0.88,24.6,0.16,0.16,0.092892,1776197843000
1776197845.256,145.256,0.13,23.0,0.12,24.6,0.29,16.87,0.3,12.4,0.71,16.87,0.7,12.4,0.87,23.0,0.88,24.6,0.16,0.16,0.092892,1776197844000
1776197845.767,145.767,0.1,27.7,0.09,31.7,0.18,5.0,0.22,15.0,0.71,16.87,0.7,12.4,0.87,23.0,0.88,24.6,0.08,0.16,0.092892,1776197844000
1776197846.638,146.638,0.1,27.7,0.09,31.7,0.18,5.0,0.22,15.0,0.82,5.0,0.78,15.0,0.9,27.7,0.91,31.7,0.08,0.08,0.092868,1776197845000
1776197847.395,147.395,0.1,27.7,0.09,31.7,0.18,5.0,0.22,15.0,0.82,5.0,0.78,15.0,0.9,27.7,0.91,31.7,0.08,0.08,0.092869,1776197846000
1776197848.851,148.851,0.1,27.7,0.09,31.7,0.18,5.0,0.22,15.0,0.82,5.0,0.78,15.0,0.9,27.7,0.91,31.7,0.08,0.08,0.092858,1776197847000
1776197849.702,149.702,0.1,27.7,0.09,31.7,0.18,5.0,0.22,15.0,0.82,5.0,0.78,15.0,0.9,27.7,0.91,31.7,0.08,0.08,0.092858,1776197848000
1776197850.319,150.319,0.1,27.7,0.09,31.7,0.18,5.0,0.22,15.0,0.82,5.0,0.78,15.0,0.9,27.7,0.91,31.7,0.08,0.08,0.092855,1776197849000
1776197851.065,151.065,0.1,27.7,0.09,31.7,0.18,5.0,0.22,15.0,0.82,5.0,0.78,15.0,0.9,27.7,0.91,31.7,0.08,0.08,0.092849,1776197850000
1776197852.167,152.167,0.1,27.7,0.09,31.7,0.18,5.0,0.22,15.0,0.82,5.0,0.78,15.0,0.9,27.7,0.91,31.7,0.08,0.08,0.092849,1776197851000
1776197854.256,154.256,0.1,27.7,0.09,31.7,0.18,5.0,0.22,15.0,0.82,5.0,0.78,15.0,0.9,27.7,0.91,31.7,0.08,0.08,0.092869,1776197853000
1776197854.574,154.574,0.11,25.16,0.1,28.9,0.2,5.0,0.23,5.0,0.82,5.0,0.78,15.0,0.9,27.7,0.91,31.7,0.09,0.08,0.092869,1776197853000
1776197855.361,155.361,0.11,25.16,0.1,28.9,0.2,5.0,0.23,5.0,0.8,5.0,0.77,5.0,0.89,25.16,0.9,28.9,0.09,0.09,0.092863,1776197854000
1776197856.6,156.6,0.11,25.16,0.1,28.9,0.2,5.0,0.23,5.0,0.8,5.0,0.77,5.0,0.89,25.16,0.9,28.9,0.09,0.09,0.092863,1776197855000
1776197857.223,157.223,0.11,25.16,0.1,28.9,0.2,5.0,0.23,5.0,0.8,5.0,0.77,5.0,0.89,25.16,0.9,28.9,0.09,0.09,0.092863,1776197856000
1776197858.336,158.336,0.11,25.16,0.1,28.9,0.2,5.0,0.23,5.0,0.8,5.0,0.77,5.0,0.89,25.16,0.9,28.9,0.09,0.09,0.092866,1776197857000
1776197859.455,159.455,0.11,25.16,0.1,28.9,0.2,5.0,0.23,5.0,0.8,5.0,0.77,5.0,0.89,25.16,0.9,28.9,0.09,0.09,0.092863,1776197858000
1776197860.064,160.064,0.11,25.16,0.1,28.9,0.2,5.0,0.23,5.0,0.8,5.0,0.77,5.0,0.89,25.16,0.9,28.9,0.09,0.09,0.092861,1776197859000
1776197861.288,161.288,0.11,25.16,0.1,28.9,0.2,5.0,0.23,5.0,0.8,5.0,0.77,5.0,0.89,25.16,0.9,28.9,0.09,0.09,0.092853,1776197860000
1776197862.417,162.417,0.11,25.16,0.1,28.9,0.2,5.0,0.23,5.0,0.8,5.0,0.77,5.0,0.89,25.16,0.9,28.9,0.09,0.09,0.09284,1776197861000
1776197863.008,163.008,0.11,25.16,0.1,28.9,0.2,5.0,0.23,5.0,0.8,5.0,0.77,5.0,0.89,25.16,0.9,28.9,0.09,0.09,0.092824,1776197862000
1776197863.891,163.891,0.05,53.64,0.04,97.7,0.11,5.0,0.12,24.6,0.8,5.0,0.77,5.0,0.89,25.16,0.9,28.9,0.06,0.09,0.092824,1776197862000
1776197864.137,164.137,0.05,53.64,0.04,97.7,0.11,5.0,0.12,24.6,0.89,5.0,0.88,24.6,0.95,53.64,0.96,97.7,0.06,0.06,0.092822,1776197863000
1776197865.075,165.075,0.05,52.58,0.04,97.7,0.11,5.0,0.12,24.6,0.89,5.0,0.88,24.6,0.95,53.64,0.96,97.7,0.06,0.06,0.092822,1776197863000
1776197865.338,165.338,0.05,52.58,0.04,97.7,0.11,5.0,0.12,24.6,0.89,5.0,0.88,24.6,0.95,52.58,0.96,97.7,0.06,0.06,0.09282,1776197864000
1776197866.231,166.231,0.05,47.58,0.04,97.7,0.11,31.6,0.12,24.6,0.89,5.0,0.88,24.6,0.95,52.58,0.96,97.7,0.06,0.06,0.09282,1776197864000
1776197866.456,166.456,0.05,47.58,0.04,97.7,0.11,31.6,0.12,24.6,0.89,31.6,0.88,24.6,0.95,47.58,0.96,97.7,0.06,0.06,0.09282,1776197865000
1776197866.921,166.921,0.05,47.58,0.04,97.7,0.11,31.6,0.12,24.6,0.89,31.6,0.88,24.6,0.95,47.58,0.96,97.7,0.06,0.06,0.092819,1776197866000
1776197868.093,168.093,0.05,47.58,0.04,97.7,0.11,31.6,0.12,24.6,0.89,31.6,0.88,24.6,0.95,47.58,0.96,97.7,0.06,0.06,0.092817,1776197867000
1776197869.29,169.29,0.05,47.58,0.04,97.7,0.11,31.6,0.12,24.6,0.89,31.6,0.88,24.6,0.95,47.58,0.96,97.7,0.06,0.06,0.092814,1776197868000
1776197869.88,169.88,0.04,96.65,0.03,123.3,0.1,28.9,0.11,31.6,0.89,31.6,0.88,24.6,0.95,47.58,0.96,97.7,0.06,0.06,0.092814,1776197868000
1776197870.263,170.263,0.04,96.65,0.03,123.3,0.1,28.9,0.11,31.6,0.9,28.9,0.89,31.6,0.96,96.65,0.97,123.3,0.06,0.06,0.092815,1776197869000
1776197871.281,171.281,0.04,96.65,0.03,123.3,0.1,28.9,0.11,31.6,0.9,28.9,0.89,31.6,0.96,96.65,0.97,123.3,0.06,0.06,0.092815,1776197870000
1776197872.273,172.273,0.04,96.65,0.03,123.3,0.1,28.9,0.11,31.6,0.9,28.9,0.89,31.6,0.96,96.65,0.97,123.3,0.06,0.06,0.092814,1776197871000
1776197873.261,173.261,0.04,96.65,0.03,123.3,0.1,28.9,0.11,31.6,0.9,28.9,0.89,31.6,0.96,96.65,0.97,123.3,0.06,0.06,0.092815,1776197872000
1776197874.333,174.333,0.04,96.65,0.03,123.3,0.1,28.9,0.11,31.6,0.9,28.9,0.89,31.6,0.96,96.65,0.97,123.3,0.06,0.06,0.092815,1776197873000
1776197875.274,175.274,0.04,86.23,0.03,123.3,0.1,33.9,0.11,26.6,0.9,33.9,0.89,26.6,0.96,86.23,0.97,123.3,0.06,0.06,0.092816,1776197874000
1776197876.323,176.323,0.04,86.23,0.03,123.3,0.1,33.9,0.11,26.6,0.9,33.9,0.89,26.6,0.96,86.23,0.97,123.3,0.06,0.06,0.092815,1776197875000
1776197876.869,176.869,0.04,86.23,0.03,123.3,0.1,33.9,0.11,26.6,0.9,33.9,0.89,26.6,0.96,86.23,0.97,123.3,0.06,0.06,0.092814,1776197876000
1776197877.934,177.934,0.04,86.23,0.03,123.3,0.1,33.9,0.11,26.6,0.9,33.9,0.89,26.6,0.96,86.23,0.97,123.3,0.06,0.06,0.092814,1776197877000
1776197878.882,178.882,0.04,86.23,0.03,123.3,0.1,33.9,0.11,26.6,0.9,33.9,0.89,26.6,0.96,86.23,0.97,123.3,0.06,0.06,0.092831,1776197878000
1776197879.972,179.972,0.04,86.23,0.03,123.3,0.1,33.9,0.11,26.6,0.9,33.9,0.89,26.6,0.96,86.23,0.97,123.3,0.06,0.06,0.092845,1776197879000
1776197881.006,181.006,0.04,86.23,0.03,123.3,0.1,33.9,0.11,26.6,0.9,33.9,0.89,26.6,0.96,86.23,0.97,123.3,0.06,0.06,0.092844,1776197880000
1776197882.664,182.664,0.04,86.23,0.03,123.3,0.1,33.9,0.11,26.6,0.9,33.9,0.89,26.6,0.96,86.23,0.97,123.3,0.06,0.06,0.092845,1776197881000
1776197883.198,183.198,0.04,86.23,0.03,123.3,0.1,33.9,0.11,26.6,0.9,33.9,0.89,26.6,0.96,86.23,0.97,123.3,0.06,0.06,0.092841,1776197882000
1776197884.241,184.241,0.04,86.23,0.03,123.3,0.1,33.9,0.11,26.6,0.9,33.9,0.89,26.6,0.96,86.23,0.97,123.3,0.06,0.06,0.092843,1776197883000
1776197885.41,185.41,0.04,86.23,0.03,123.3,0.1,33.9,0.11,26.6,0.9,33.9,0.89,26.6,0.96,86.23,0.97,123.3,0.06,0.06,0.092839,1776197884000
1776197885.951,185.951,0.04,86.23,0.03,123.3,0.1,33.9,0.11,26.6,0.9,33.9,0.89,26.6,0.96,86.23,0.97,123.3,0.06,0.06,0.092844,1776197885000
1776197886.978,186.978,0.04,86.23,0.03,123.3,0.1,33.9,0.11,26.6,0.9,33.9,0.89,26.6,0.96,86.23,0.97,123.3,0.06,0.06,0.092843,1776197886000
1776197888.081,188.081,0.04,86.23,0.03,123.3,0.1,33.9,0.11,26.6,0.9,33.9,0.89,26.6,0.96,86.23,0.97,123.3,0.06,0.06,0.092842,1776197887000
1776197889.128,189.128,0.04,86.23,0.03,123.3,0.1,33.9,0.11,26.6,0.9,33.9,0.89,26.6,0.96,86.23,0.97,123.3,0.06,0.06,0.092843,1776197888000
1776197890.189,190.189,0.04,86.23,0.03,123.3,0.1,33.9,0.11,26.6,0.9,33.9,0.89,26.6,0.96,86.23,0.97,123.3,0.06,0.06,0.092843,1776197889000
1776197891.203,191.203,0.04,86.23,0.03,123.3,0.1,33.9,0.11,26.6,0.9,33.9,0.89,26.6,0.96,86.23,0.97,123.3,0.06,0.06,0.092842,1776197890000
1776197891.81,191.81,0.04,40.23,0.03,123.3,0.1,28.9,0.11,26.6,0.9,33.9,0.89,26.6,0.96,86.23,0.97,123.3,0.06,0.06,0.092842,1776197890000
1776197892.245,192.245,0.04,40.23,0.03,123.3,0.1,28.9,0.11,26.6,0.9,28.9,0.89,26.6,0.96,40.23,0.97,123.3,0.06,0.06,0.092843,1776197891000
1776197893.267,193.267,0.04,40.23,0.03,123.3,0.1,28.9,0.11,26.6,0.9,28.9,0.89,26.6,0.96,40.23,0.97,123.3,0.06,0.06,0.092841,1776197892000
1776197894.368,194.368,0.04,40.23,0.03,123.3,0.1,28.9,0.11,26.6,0.9,28.9,0.89,26.6,0.96,40.23,0.97,123.3,0.06,0.06,0.092843,1776197893000
1776197894.919,194.919,0.04,40.23,0.03,123.3,0.1,28.9,0.11,26.6,0.9,28.9,0.89,26.6,0.96,40.23,0.97,123.3,0.06,0.06,0.092843,1776197894000
1776197896.231,196.231,0.04,40.23,0.03,123.3,0.1,28.9,0.11,26.6,0.9,28.9,0.89,26.6,0.96,40.23,0.97,123.3,0.06,0.06,0.092841,1776197895000
1776197897.284,197.284,0.04,40.23,0.03,123.3,0.1,28.9,0.11,26.6,0.9,28.9,0.89,26.6,0.96,40.23,0.97,123.3,0.06,0.06,0.092837,1776197896000
1776197898.489,198.489,0.04,40.23,0.03,123.3,0.1,28.9,0.11,26.6,0.9,28.9,0.89,26.6,0.96,40.23,0.97,123.3,0.06,0.06,0.092837,1776197897000
1776197898.973,198.973,0.04,40.23,0.03,123.3,0.1,28.9,0.11,26.6,0.9,28.9,0.89,26.6,0.96,40.23,0.97,123.3,0.06,0.06,0.092837,1776197898000
1776197900.096,200.096,0.04,40.23,0.03,123.3,0.1,28.9,0.11,26.6,0.9,28.9,0.89,26.6,0.96,40.23,0.97,123.3,0.06,0.06,0.092837,1776197899000
1776197901.32,201.32,0.04,40.23,0.03,123.3,0.1,28.9,0.11,26.6,0.9,28.9,0.89,26.6,0.96,40.23,0.97,123.3,0.06,0.06,0.092859,1776197900000
1776197902.391,202.391,0.04,40.23,0.03,123.3,0.1,28.9,0.11,26.6,0.9,28.9,0.89,26.6,0.96,40.23,0.97,123.3,0.06,0.06,0.09287,1776197901000
1776197902.844,202.844,0.1,27.78,0.09,31.7,0.18,5.0,0.19,6.0,0.9,28.9,0.89,26.6,0.96,40.23,0.97,123.3,0.08,0.06,0.09287,1776197901000
1776197904.014,204.014,0.1,27.78,0.09,31.7,0.18,5.0,0.19,6.0,0.82,5.0,0.81,6.0,0.9,27.78,0.91,31.7,0.08,0.08,0.092876,1776197903000
1776197905.026,205.026,0.1,27.78,0.09,31.7,0.18,5.0,0.19,6.0,0.82,5.0,0.81,6.0,0.9,27.78,0.91,31.7,0.08,0.08,0.092876,1776197904000
1776197906.062,206.062,0.1,27.78,0.09,31.7,0.18,5.0,0.19,6.0,0.82,5.0,0.81,6.0,0.9,27.78,0.91,31.7,0.08,0.08,0.092874,1776197905000
1776197907.044,207.044,0.1,27.78,0.09,31.7,0.18,5.0,0.19,6.0,0.82,5.0,0.81,6.0,0.9,27.78,0.91,31.7,0.08,0.08,0.092874,1776197906000
1776197907.901,207.901,0.08,35.29,0.07,39.9,0.18,11.65,0.19,16.89,0.82,5.0,0.81,6.0,0.9,27.78,0.91,31.7,0.1,0.08,0.092874,1776197906000
1776197909.117,209.117,0.08,35.29,0.07,39.9,0.18,11.65,0.19,16.89,0.82,11.65,0.81,16.89,0.92,35.29,0.93,39.9,0.1,0.1,0.092874,1776197908000
1776197910.108,210.108,0.08,35.29,0.07,39.9,0.18,11.65,0.19,16.89,0.82,11.65,0.81,16.89,0.92,35.29,0.93,39.9,0.1,0.1,0.092876,1776197909000
1776197910.405,210.405,0.08,26.59,0.07,39.9,0.17,18.39,0.18,11.65,0.82,11.65,0.81,16.89,0.92,35.29,0.93,39.9,0.09,0.1,0.092876,1776197909000
1776197911.084,211.084,0.08,26.59,0.07,39.9,0.17,18.39,0.18,11.65,0.83,18.39,0.82,11.65,0.92,26.59,0.93,39.9,0.09,0.09,0.092877,1776197910000
1776197912.085,212.085,0.08,26.59,0.07,39.9,0.17,18.39,0.18,11.65,0.83,18.39,0.82,11.65,0.92,26.59,0.93,39.9,0.09,0.09,0.092876,1776197911000
1776197913.019,213.019,0.08,26.59,0.07,39.9,0.17,18.39,0.18,11.65,0.83,18.39,0.82,11.65,0.92,26.59,0.93,39.9,0.09,0.09,0.092874,1776197912000
1776197914.124,214.124,0.08,26.59,0.07,39.9,0.17,18.39,0.18,11.65,0.83,18.39,0.82,11.65,0.92,26.59,0.93,39.9,0.09,0.09,0.092874,1776197913000
1776197914.552,214.552,0.02,142.69,0.01,570.6,0.12,10.0,0.13,23.0,0.83,18.39,0.82,11.65,0.92,26.59,0.93,39.9,0.1,0.09,0.092874,1776197913000
1776197915.006,215.006,0.02,142.69,0.01,570.6,0.12,10.0,0.13,23.0,0.88,10.0,0.87,23.0,0.98,142.69,0.99,570.6,0.1,0.1,0.092827,1776197914000
1776197915.904,215.904,0.02,137.58,0.01,570.6,0.1,28.9,0.11,26.6,0.88,10.0,0.87,23.0,0.98,142.69,0.99,570.6,0.08,0.1,0.092827,1776197914000
1776197916.931,216.931,0.02,137.58,0.01,570.6,0.1,28.9,0.11,26.6,0.9,28.9,0.89,26.6,0.98,137.58,0.99,570.6,0.08,0.08,0.09282,1776197916000
1776197918.023,218.023,0.02,132.47,0.01,570.6,0.08,35.29,0.09,31.7,0.92,35.29,0.91,31.7,0.98,132.47,0.99,570.6,0.06,0.06,0.092819,1776197917000
1776197919.062,219.062,0.02,132.47,0.01,570.6,0.08,35.29,0.09,31.7,0.92,35.29,0.91,31.7,0.98,132.47,0.99,570.6,0.06,0.06,0.092819,1776197918000
1776197919.938,219.938,0.02,132.47,0.01,570.6,0.08,35.29,0.09,31.7,0.92,35.29,0.91,31.7,0.98,132.47,0.99,570.6,0.06,0.06,0.09282,1776197919000
1776197920.912,220.912,0.02,132.47,0.01,570.6,0.08,35.29,0.09,31.7,0.92,35.29,0.91,31.7,0.98,132.47,0.99,570.6,0.06,0.06,0.092819,1776197920000
1776197921.88,221.88,0.02,132.47,0.01,570.6,0.08,35.29,0.09,31.7,0.92,35.29,0.91,31.7,0.98,132.47,0.99,570.6,0.06,0.06,0.092822,1776197921000
1776197923.512,223.512,0.02,132.47,0.01,570.6,0.08,35.29,0.09,31.7,0.92,35.29,0.91,31.7,0.98,132.47,0.99,570.6,0.06,0.06,0.09285,1776197922000
1776197924.842,224.842,0.02,132.47,0.01,570.6,0.08,35.29,0.09,31.7,0.92,35.29,0.91,31.7,0.98,132.47,0.99,570.6,0.06,0.06,0.09285,1776197923000
1776197925.48,225.48,0.02,132.47,0.01,570.6,0.08,35.29,0.09,31.7,0.92,35.29,0.91,31.7,0.98,132.47,0.99,570.6,0.06,0.06,0.092847,1776197924000
1776197926.239,226.239,0.02,132.47,0.01,570.6,0.08,35.29,0.09,31.7,0.92,35.29,0.91,31.7,0.98,132.47,0.99,570.6,0.06,0.06,0.092844,1776197925000
1776197927.18,227.18,0.02,127.48,0.01,570.6,0.07,39.9,0.08,35.29,0.92,35.29,0.91,31.7,0.98,132.47,0.99,570.6,0.05,0.06,0.092844,1776197925000
1776197927.817,227.817,0.02,127.48,0.01,570.6,0.07,39.9,0.08,35.29,0.93,39.9,0.92,35.29,0.98,127.48,0.99,570.6,0.05,0.05,0.092849,1776197926000
1776197928.542,228.542,0.02,127.48,0.01,570.6,0.07,39.9,0.08,35.29,0.93,39.9,0.92,35.29,0.98,127.48,0.99,570.6,0.05,0.05,0.09283,1776197927000
1776197929.206,229.206,0.02,127.48,0.01,570.6,0.07,39.9,0.08,35.29,0.93,39.9,0.92,35.29,0.98,127.48,0.99,570.6,0.05,0.05,0.092832,1776197928000
1776197930.71,230.71,0.02,127.48,0.01,570.6,0.07,39.9,0.08,35.29,0.93,39.9,0.92,35.29,0.98,127.48,0.99,570.6,0.05,0.05,0.09283,1776197929000
1776197931.468,231.468,0.02,92.13,0.01,570.6,0.05,59.7,0.06,46.1,0.95,59.7,0.94,46.1,0.98,92.13,0.99,570.6,0.03,0.03,0.092831,1776197930000
1776197932.157,232.157,0.02,92.13,0.01,570.6,0.05,59.7,0.06,46.1,0.95,59.7,0.94,46.1,0.98,92.13,0.99,570.6,0.03,0.03,0.092831,1776197931000
1776197933.655,233.655,0.02,92.13,0.01,570.6,0.05,59.7,0.06,46.1,0.95,59.7,0.94,46.1,0.98,92.13,0.99,570.6,0.03,0.03,0.092831,1776197932000
1776197934.316,234.316,0.02,92.13,0.01,570.6,0.05,59.7,0.06,46.1,0.95,59.7,0.94,46.1,0.98,92.13,0.99,570.6,0.03,0.03,0.092831,1776197933000
1776197934.995,234.995,0.02,92.13,0.01,570.6,0.05,59.7,0.06,46.1,0.95,59.7,0.94,46.1,0.98,92.13,0.99,570.6,0.03,0.03,0.092831,1776197934000
1776197936.712,236.712,0.02,92.13,0.01,570.6,0.05,59.7,0.06,46.1,0.95,59.7,0.94,46.1,0.98,92.13,0.99,570.6,0.03,0.03,0.092831,1776197935000
1776197937.384,237.384,0.02,92.13,0.01,570.6,0.05,59.7,0.06,46.1,0.95,59.7,0.94,46.1,0.98,92.13,0.99,570.6,0.03,0.03,0.092829,1776197936000
1776197938.701,238.701,0.02,92.13,0.01,570.6,0.05,59.7,0.06,46.1,0.95,59.7,0.94,46.1,0.98,92.13,0.99,570.6,0.03,0.03,0.092831,1776197937000
1776197939.421,239.421,0.02,92.13,0.01,570.6,0.05,59.7,0.06,46.1,0.95,59.7,0.94,46.1,0.98,92.13,0.99,570.6,0.03,0.03,0.092831,1776197938000
1776197940.092,240.092,0.02,92.13,0.01,570.6,0.05,59.7,0.06,46.1,0.95,59.7,0.94,46.1,0.98,92.13,0.99,570.6,0.03,0.03,0.092831,1776197939000
1776197940.649,240.649,0.01,565.5,,,0.04,67.7,0.05,59.7,0.95,59.7,0.94,46.1,0.98,92.13,0.99,570.6,0.03,0.03,0.092831,1776197939000
1776197941.151,241.151,0.01,560.5,,,0.03,89.3,0.04,67.7,0.96,67.7,0.95,59.7,0.99,565.5,,,0.02,0.03,0.092831,1776197939000
1776197941.847,241.847,0.01,560.5,,,0.03,89.3,0.04,67.7,0.97,89.3,0.96,67.7,0.99,560.5,,,0.02,0.02,0.092828,1776197940000
1776197942.338,242.338,0.01,560.5,,,0.03,89.3,0.04,67.7,0.97,89.3,0.96,67.7,0.99,560.5,,,0.02,0.02,0.092828,1776197941000
1776197942.959,242.959,0.01,560.5,,,0.03,89.3,0.04,67.7,0.97,89.3,0.96,67.7,0.99,560.5,,,0.02,0.02,0.092828,1776197942000
1776197943.953,243.953,0.01,560.5,,,0.03,89.3,0.04,67.7,0.97,89.3,0.96,67.7,0.99,560.5,,,0.02,0.02,0.092828,1776197943000
1776197944.999,244.999,0.01,560.5,,,0.03,89.3,0.04,67.7,0.97,89.3,0.96,67.7,0.99,560.5,,,0.02,0.02,0.092828,1776197944000
1776197946.034,246.034,0.01,192.65,,,0.02,137.69,0.03,94.3,0.98,137.69,0.97,94.3,0.99,192.65,,,0.01,0.01,0.092818,1776197945000
1776197946.955,246.955,0.01,192.65,,,0.02,137.69,0.03,94.3,0.98,137.69,0.97,94.3,0.99,192.65,,,0.01,0.01,0.092814,1776197946000
1776197948.021,248.021,0.01,192.65,,,0.02,137.69,0.03,94.3,0.98,137.69,0.97,94.3,0.99,192.65,,,0.01,0.01,0.092814,1776197947000
1776197948.986,248.986,0.01,192.65,,,0.02,137.69,0.03,94.3,0.98,137.69,0.97,94.3,0.99,192.65,,,0.01,0.01,0.092816,1776197948000
1776197949.959,249.959,0.01,192.65,,,0.02,137.69,0.03,94.3,0.98,137.69,0.97,94.3,0.99,192.65,,,0.01,0.01,0.092818,1776197949000
1776197951.035,251.035,0.01,192.65,,,0.02,137.69,0.03,94.3,0.98,137.69,0.97,94.3,0.99,192.65,,,0.01,0.01,0.09282,1776197950000
1776197951.938,251.938,0.01,187.59,,,0.02,137.69,0.03,94.3,0.98,137.69,0.97,94.3,0.99,192.65,,,0.01,0.01,0.09282,1776197950000
1776197952.403,252.403,0.01,182.53,,,0.02,137.69,0.03,94.3,0.98,137.69,0.97,94.3,0.99,187.59,,,0.01,0.01,0.092818,1776197951000
1776197952.913,252.913,0.01,182.53,,,0.02,137.69,0.03,94.3,0.98,137.69,0.97,94.3,0.99,182.53,,,0.01,0.01,0.092822,1776197952000
1776197953.332,253.332,0.01,164.53,,,0.02,137.69,0.03,94.3,0.98,137.69,0.97,94.3,0.99,182.53,,,0.01,0.01,0.092822,1776197952000
1776197953.894,253.894,0.01,164.53,,,0.02,137.69,0.03,94.3,0.98,137.69,0.97,94.3,0.99,164.53,,,0.01,0.01,0.092821,1776197953000
1776197955.394,255.394,0.01,164.53,,,0.02,137.69,0.03,94.3,0.98,137.69,0.97,94.3,0.99,164.53,,,0.01,0.01,0.092818,1776197954000
1776197955.896,255.896,0.01,164.53,,,0.02,137.69,0.03,94.3,0.98,137.69,0.97,94.3,0.99,164.53,,,0.01,0.01,0.092818,1776197955000
1776197957.019,257.019,0.01,164.53,,,0.02,137.69,0.03,94.3,0.98,137.69,0.97,94.3,0.99,164.53,,,0.01,0.01,0.092814,1776197956000
1776197957.54,257.54,0.01,160.18,,,0.02,137.69,0.03,94.3,0.98,137.69,0.97,94.3,0.99,161.53,,,0.01,0.01,0.092814,1776197956000
1776197957.75,257.75,0.01,137.31,,,0.02,137.69,0.03,94.3,0.98,137.69,0.97,94.3,0.99,160.18,,,0.01,0.01,0.092814,1776197956000
1776197958.3,258.3,0.01,133.26,,,0.02,137.69,0.03,94.3,0.98,137.69,0.97,94.3,0.99,133.26,,,0.01,0.01,0.092814,1776197957000
1776197959.047,259.047,0.01,129.21,,,0.02,137.69,0.03,94.3,0.98,137.69,0.97,94.3,0.99,133.26,,,0.01,0.01,0.092814,1776197957000
1776197959.311,259.311,0.01,129.21,,,0.02,137.69,0.03,94.3,0.98,137.69,0.97,94.3,0.99,129.21,,,0.01,0.01,0.092814,1776197958000
1776197960.41,260.41,0.01,28.21,,,0.02,137.69,0.03,94.3,0.98,137.69,0.97,94.3,0.99,28.21,,,0.01,0.01,0.092814,1776197959000
1776197960.945,260.945,0.01,28.21,,,0.02,137.69,0.03,94.3,0.98,137.69,0.97,94.3,0.99,28.21,,,0.01,0.01,0.092814,1776197960000
1776197962.06,262.06,0.01,28.21,,,0.02,137.69,0.03,94.3,0.98,137.69,0.97,94.3,0.99,28.21,,,0.01,0.01,0.092814,1776197961000
1776197963.308,263.308,0.01,28.21,,,0.02,137.69,0.03,94.3,0.98,137.69,0.97,94.3,0.99,28.21,,,0.01,0.01,0.092814,1776197962000
1776197964.448,264.448,0.01,28.21,,,0.02,137.69,0.03,94.3,0.98,137.69,0.97,94.3,0.99,28.21,,,0.01,0.01,0.092814,1776197963000
1776197965.121,265.121,0.01,28.21,,,0.02,137.69,0.03,94.3,0.98,137.69,0.97,94.3,0.99,28.21,,,0.01,0.01,0.092823,1776197964000
1776197965.611,265.611,0.01,32.19,,,0.02,137.69,0.03,94.3,0.98,137.69,0.97,94.3,0.99,28.21,,,0.01,0.01,0.092823,1776197964000
1776197966.19,266.19,0.01,32.19,,,0.02,137.69,0.03,94.3,0.98,137.69,0.97,94.3,0.99,32.19,,,0.01,0.01,0.092833,1776197965000
1776197967.385,267.385,0.01,21.19,,,0.02,137.69,0.03,94.3,0.98,137.69,0.97,94.3,0.99,21.19,,,0.01,0.01,0.092833,1776197966000
1776197967.954,267.954,0.01,21.19,,,0.02,137.69,0.03,94.3,0.98,137.69,0.97,94.3,0.99,21.19,,,0.01,0.01,0.092833,1776197967000
1776197969.117,269.117,0.01,21.19,,,0.02,137.69,0.03,94.3,0.98,137.69,0.97,94.3,0.99,21.19,,,0.01,0.01,0.092833,1776197968000
1776197969.372,269.372,,,,,0.01,536.82,0.02,137.69,0.98,137.69,0.97,94.3,0.99,21.19,,,,0.01,0.092833,1776197968000
1776197969.696,269.696,,,,,0.01,1457.59,0.02,137.69,0.99,536.82,0.98,137.69,,,,,,,0.092833,1776197968000
1776197970.283,270.283,,,,,0.01,1457.59,0.02,137.69,0.99,1457.59,0.98,137.69,,,,,,,0.092832,1776197969000
1776197972.0,272.0,,,,,0.01,1457.59,0.02,137.69,0.99,1457.59,0.98,137.69,,,,,,,0.092829,1776197970000
1776197972.764,272.764,,,,,0.01,1457.59,0.02,137.69,0.99,1457.59,0.98,137.69,,,,,,,0.092823,1776197971000
1776197973.478,273.478,,,,,0.01,1457.59,0.02,137.69,0.99,1457.59,0.98,137.69,,,,,,,0.092822,1776197972000
1776197974.214,274.214,,,,,0.01,1457.59,0.02,137.69,0.99,1457.59,0.98,137.69,,,,,,,0.092821,1776197973000
1776197975.628,275.628,,,,,0.01,1457.59,0.02,137.69,0.99,1457.59,0.98,137.69,,,,,,,0.092821,1776197974000
1776197976.432,276.432,,,,,0.01,1457.59,0.02,137.69,0.99,1457.59,0.98,137.69,,,,,,,0.092822,1776197975000
1776197977.287,277.287,,,,,0.01,1457.59,0.02,137.69,0.99,1457.59,0.98,137.69,,,,,,,0.092823,1776197976000
1776197978.664,278.664,,,,,0.01,1457.59,0.02,137.69,0.99,1457.59,0.98,137.69,,,,,,,0.092821,1776197977000
1776197979.337,279.337,,,,,0.01,1457.59,0.02,137.69,0.99,1457.59,0.98,137.69,,,,,,,0.092819,1776197978000
1776197980.108,280.108,,,,,0.01,1457.59,0.02,137.69,0.99,1457.59,0.98,137.69,,,,,,,0.092817,1776197979000
1776197981.356,281.356,,,,,0.01,1457.59,0.02,137.69,0.99,1457.59,0.98,137.69,,,,,,,0.092816,1776197980000
1776197982.53,282.53,,,,,0.01,1457.59,0.02,137.69,0.99,1457.59,0.98,137.69,,,,,,,0.092815,1776197981000
1776197983.05,283.05,,,,,0.01,1457.59,0.02,137.69,0.99,1457.59,0.98,137.69,,,,,,,0.092817,1776197982000
1776197984.437,284.437,,,,,0.01,1457.59,0.02,137.69,0.99,1457.59,0.98,137.69,,,,,,,0.092817,1776197983000
1776197985.09,285.09,,,,,0.01,1457.59,0.02,137.69,0.99,1457.59,0.98,137.69,,,,,,,0.092817,1776197984000
1776197986.529,286.529,,,,,0.01,1457.59,0.02,137.69,0.99,1457.59,0.98,137.69,,,,,,,0.092819,1776197985000
1776197987.309,287.309,,,,,0.01,1457.59,0.02,137.69,0.99,1457.59,0.98,137.69,,,,,,,0.092819,1776197986000
1776197988.917,288.917,,,,,0.01,1457.59,0.02,137.69,0.99,1457.59,0.98,137.69,,,,,,,0.092818,1776197987000
1776197989.526,289.526,,,,,0.01,1457.59,0.02,137.69,0.99,1457.59,0.98,137.69,,,,,,,0.092818,1776197988000
1776197990.102,290.102,,,,,0.01,1457.59,0.02,137.69,0.99,1457.59,0.98,137.69,,,,,,,0.092818,1776197989000
1776197991.337,291.337,,,,,0.01,1457.59,0.02,137.69,0.99,1457.59,0.98,137.69,,,,,,,0.09282,1776197990000
1776197991.954,291.954,,,,,0.01,1457.59,0.02,137.69,0.99,1457.59,0.98,137.69,,,,,,,0.09282,1776197991000
1776197993.019,293.019,,,,,0.01,1457.59,0.02,137.69,0.99,1457.59,0.98,137.69,,,,,,,0.092819,1776197992000
1776197994.24,294.24,,,,,0.01,1457.59,0.02,137.69,0.99,1457.59,0.98,137.69,,,,,,,0.092819,1776197993000
1776197995.27,295.27,,,,,0.01,1457.59,0.02,137.69,0.99,1457.59,0.98,137.69,,,,,,,0.092822,1776197994000
1776197996.396,296.396,,,,,0.01,1457.59,0.02,137.69,0.99,1457.59,0.98,137.69,,,,,,,0.092822,1776197995000
1776197996.991,296.991,,,,,0.01,1457.59,0.02,137.69,0.99,1457.59,0.98,137.69,,,,,,,0.092825,1776197996000
1776197998.168,298.168,,,,,0.01,1457.59,0.02,137.69,0.99,1457.59,0.98,137.69,,,,,,,0.092825,1776197997000
1776197999.186,299.186,,,,,0.01,1457.59,0.02,137.69,0.99,1457.59,0.98,137.69,,,,,,,0.092824,1776197998000
1776198000.342,300.342,,,,,0.01,1457.59,0.02,137.69,0.99,1457.59,0.98,137.69,,,,,,,0.092825,1776197999000

# RESULT,winner=Down,slug=doge-updown-5m-1776197700,ticks=324
