timestamp,elapsed_sec,up_bid_p1,up_bid_s1,up_bid_p2,up_bid_s2,up_ask_p1,up_ask_s1,up_ask_p2,up_ask_s2,down_bid_p1,down_bid_s1,down_bid_p2,down_bid_s2,down_ask_p1,down_ask_s1,down_ask_p2,down_ask_s2,up_spread,down_spread,doge_price,doge_oracle_ts
1776187811.381,11.381,,,,,,,,,,,,,,,,,,,0.094936,1776187810000
1776187811.931,11.931,0.38,5.0,0.34,14.0,0.49,5.0,0.51,5.41,0.51,5.0,0.49,5.41,0.62,5.0,0.66,14.0,0.11,0.11,0.094936,1776187810000
1776187812.217,12.217,0.34,14.0,0.32,26.24,0.49,5.0,0.51,5.41,0.51,5.0,0.49,5.41,0.62,5.0,0.66,14.0,0.15,0.11,0.094933,1776187811000
1776187813.024,13.024,0.34,14.0,0.32,26.24,0.49,5.0,0.51,5.41,0.51,5.0,0.49,5.41,0.66,14.0,0.68,26.24,0.15,0.15,0.09494,1776187812000
1776187814.098,14.098,0.34,14.0,0.32,26.24,0.49,5.0,0.51,5.41,0.51,5.0,0.49,5.41,0.66,14.0,0.68,26.24,0.15,0.15,0.094935,1776187813000
1776187815.214,15.214,0.34,14.0,0.32,26.24,0.49,5.0,0.51,5.41,0.51,5.0,0.49,5.41,0.66,14.0,0.68,26.24,0.15,0.15,0.09493,1776187814000
1776187816.391,16.391,0.34,14.0,0.32,26.24,0.49,5.0,0.51,5.41,0.51,5.0,0.49,5.41,0.66,14.0,0.68,26.24,0.15,0.15,0.094933,1776187815000
1776187816.931,16.931,0.34,14.0,0.32,26.24,0.49,5.0,0.51,5.41,0.51,5.0,0.49,5.41,0.66,14.0,0.68,26.24,0.15,0.15,0.094933,1776187816000
1776187818.074,18.074,0.34,14.0,0.32,26.24,0.49,5.0,0.51,5.41,0.51,5.0,0.49,5.41,0.66,14.0,0.68,26.24,0.15,0.15,0.094936,1776187817000
1776187819.131,19.131,0.34,14.0,0.32,26.24,0.49,5.0,0.51,5.41,0.51,5.0,0.49,5.41,0.66,14.0,0.68,26.24,0.15,0.15,0.094938,1776187818000
1776187820.223,20.223,0.34,14.0,0.32,26.24,0.49,5.0,0.51,5.41,0.51,5.0,0.49,5.41,0.66,14.0,0.68,26.24,0.15,0.15,0.094949,1776187819000
1776187821.375,21.375,0.34,14.0,0.32,26.24,0.49,5.0,0.51,5.41,0.51,5.0,0.49,5.41,0.66,14.0,0.68,26.24,0.15,0.15,0.094958,1776187820000
1776187822.46,22.46,0.34,14.0,0.32,26.24,0.49,5.0,0.51,5.41,0.51,5.0,0.49,5.41,0.66,14.0,0.68,26.24,0.15,0.15,0.094951,1776187821000
1776187823.143,23.143,0.34,14.0,0.32,26.24,0.49,5.0,0.51,5.41,0.51,5.0,0.49,5.41,0.66,14.0,0.68,26.24,0.15,0.15,0.094936,1776187822000
1776187824.368,24.368,0.34,14.0,0.32,26.24,0.49,5.0,0.51,5.41,0.51,5.0,0.49,5.41,0.66,14.0,0.68,26.24,0.15,0.15,0.094923,1776187823000
1776187825.083,25.083,0.34,14.0,0.32,26.24,0.49,5.0,0.51,5.41,0.51,5.0,0.49,5.41,0.66,14.0,0.68,26.24,0.15,0.15,0.094922,1776187824000
1776187826.368,26.368,0.34,14.0,0.32,26.24,0.49,5.0,0.51,5.41,0.51,5.0,0.49,5.41,0.66,14.0,0.68,26.24,0.15,0.15,0.094922,1776187825000
1776187827.116,27.116,0.34,14.0,0.32,26.24,0.49,5.0,0.51,5.41,0.51,5.0,0.49,5.41,0.66,14.0,0.68,26.24,0.15,0.15,0.094919,1776187826000
1776187828.495,28.495,0.34,14.0,0.32,26.24,0.49,5.0,0.51,5.41,0.51,5.0,0.49,5.41,0.66,14.0,0.68,26.24,0.15,0.15,0.094916,1776187827000
1776187829.201,29.201,0.34,14.0,0.32,26.24,0.49,5.0,0.51,5.41,0.51,5.0,0.49,5.41,0.66,14.0,0.68,26.24,0.15,0.15,0.094916,1776187828000
1776187830.134,30.134,0.32,6.24,0.28,17.0,0.45,5.0,0.48,10.0,0.51,5.0,0.49,5.41,0.66,14.0,0.68,26.24,0.13,0.15,0.094916,1776187828000
1776187830.613,30.613,0.32,6.24,0.28,17.0,0.45,5.0,0.48,10.0,0.55,5.0,0.52,10.0,0.68,6.24,0.72,17.0,0.13,0.13,0.094909,1776187829000
1776187831.347,31.347,0.32,6.24,0.28,17.0,0.45,5.0,0.48,10.0,0.55,5.0,0.52,10.0,0.68,6.24,0.72,17.0,0.13,0.13,0.094908,1776187830000
1776187832.666,32.666,0.32,6.24,0.28,17.0,0.45,5.0,0.48,10.0,0.55,5.0,0.52,10.0,0.68,6.24,0.72,17.0,0.13,0.13,0.094905,1776187831000
1776187833.382,33.382,0.32,6.24,0.28,17.0,0.45,5.0,0.48,10.0,0.55,5.0,0.52,10.0,0.68,6.24,0.72,17.0,0.13,0.13,0.094902,1776187832000
1776187834.731,34.731,0.32,6.24,0.28,17.0,0.45,5.0,0.48,10.0,0.55,5.0,0.52,10.0,0.68,6.24,0.72,17.0,0.13,0.13,0.094901,1776187833000
1776187835.012,35.012,0.32,1.16,0.23,5.0,0.33,21.0,0.36,5.0,0.55,5.0,0.52,10.0,0.68,6.24,0.72,17.0,0.01,0.13,0.094901,1776187833000
1776187835.443,35.443,0.32,1.16,0.23,5.0,0.33,21.0,0.36,5.0,0.67,21.0,0.64,5.0,0.68,1.16,0.77,5.0,0.01,0.01,0.094898,1776187834000
1776187836.225,36.225,0.32,1.16,0.23,5.0,0.33,21.0,0.36,5.0,0.67,21.0,0.64,5.0,0.68,1.16,0.77,5.0,0.01,0.01,0.094882,1776187835000
1776187837.549,37.549,0.23,5.0,0.18,37.0,0.33,26.0,0.35,5.0,0.67,26.0,0.65,5.0,0.77,5.0,0.82,37.0,0.1,0.1,0.094867,1776187836000
1776187838.181,38.181,0.23,5.0,0.18,37.0,0.33,26.0,0.35,5.0,0.67,26.0,0.65,5.0,0.77,5.0,0.82,37.0,0.1,0.1,0.094864,1776187837000
1776187839.997,39.997,0.23,5.0,0.18,37.0,0.33,26.0,0.35,5.0,0.67,26.0,0.65,5.0,0.77,5.0,0.82,37.0,0.1,0.1,0.09487,1776187838000
1776187840.611,40.611,0.23,5.0,0.18,37.0,0.33,26.0,0.35,5.0,0.67,26.0,0.65,5.0,0.77,5.0,0.82,37.0,0.1,0.1,0.094869,1776187839000
1776187841.093,41.093,0.23,5.0,0.18,37.0,0.33,26.0,0.35,5.0,0.67,26.0,0.65,5.0,0.77,5.0,0.82,37.0,0.1,0.1,0.094869,1776187840000
1776187842.198,42.198,0.23,5.0,0.18,37.0,0.33,26.0,0.35,5.0,0.67,26.0,0.65,5.0,0.77,5.0,0.82,37.0,0.1,0.1,0.094882,1776187841000
1776187843.196,43.196,0.23,5.0,0.18,37.0,0.33,26.0,0.35,5.0,0.67,26.0,0.65,5.0,0.77,5.0,0.82,37.0,0.1,0.1,0.09488,1776187842000
1776187844.301,44.301,0.23,5.0,0.18,37.0,0.33,26.0,0.35,5.0,0.67,26.0,0.65,5.0,0.77,5.0,0.82,37.0,0.1,0.1,0.094866,1776187843000
1776187845.314,45.314,0.23,5.0,0.18,37.0,0.33,26.0,0.35,5.0,0.67,26.0,0.65,5.0,0.77,5.0,0.82,37.0,0.1,0.1,0.094848,1776187844000
1776187846.362,46.362,0.23,5.0,0.18,37.0,0.33,26.0,0.35,5.0,0.67,26.0,0.65,5.0,0.77,5.0,0.82,37.0,0.1,0.1,0.09485,1776187845000
1776187847.27,47.27,0.23,5.0,0.18,37.0,0.33,26.0,0.35,5.0,0.67,26.0,0.65,5.0,0.77,5.0,0.82,37.0,0.1,0.1,0.094866,1776187846000
1776187847.562,47.562,0.28,12.9,0.27,13.2,0.33,5.0,0.34,5.0,0.67,26.0,0.65,5.0,0.77,5.0,0.82,37.0,0.05,0.1,0.094866,1776187846000
1776187848.518,48.518,0.28,12.9,0.27,13.2,0.33,5.0,0.34,5.0,0.67,5.0,0.66,5.0,0.72,12.9,0.73,13.2,0.05,0.05,0.094878,1776187847000
1776187848.913,48.913,0.28,12.9,0.27,13.2,0.33,5.0,0.34,5.0,0.67,5.0,0.66,5.0,0.72,12.9,0.73,13.2,0.05,0.05,0.094872,1776187848000
1776187849.908,49.908,0.28,12.9,0.27,13.2,0.33,5.0,0.34,5.0,0.67,5.0,0.66,5.0,0.72,12.9,0.73,13.2,0.05,0.05,0.094871,1776187849000
1776187851.075,51.075,0.28,12.9,0.27,13.2,0.33,5.0,0.34,5.0,0.67,5.0,0.66,5.0,0.72,12.9,0.73,13.2,0.05,0.05,0.094865,1776187850000
1776187852.11,52.11,0.28,12.9,0.27,13.2,0.33,5.0,0.34,5.0,0.67,5.0,0.66,5.0,0.72,12.9,0.73,13.2,0.05,0.05,0.09486,1776187851000
1776187853.942,53.942,0.28,12.9,0.27,13.2,0.33,5.0,0.34,5.0,0.67,5.0,0.66,5.0,0.72,12.9,0.73,13.2,0.05,0.05,0.094853,1776187852000
1776187854.549,54.549,0.28,12.9,0.27,13.2,0.33,5.0,0.34,5.0,0.67,5.0,0.66,5.0,0.72,12.9,0.73,13.2,0.05,0.05,0.094845,1776187853000
1776187855.255,55.255,0.28,12.9,0.27,13.2,0.33,5.0,0.34,5.0,0.67,5.0,0.66,5.0,0.72,12.9,0.73,13.2,0.05,0.05,0.094848,1776187854000
1776187856.343,56.343,0.21,15.7,0.2,16.2,0.26,5.0,0.28,17.0,0.74,5.0,0.72,17.0,0.79,15.7,0.8,16.2,0.05,0.05,0.094842,1776187855000
1776187857.013,57.013,0.21,15.7,0.2,16.2,0.26,5.0,0.28,17.0,0.74,5.0,0.72,17.0,0.79,15.7,0.8,16.2,0.05,0.05,0.094833,1776187856000
1776187858.256,58.256,0.21,15.7,0.2,16.2,0.26,5.0,0.28,17.0,0.74,5.0,0.72,17.0,0.79,15.7,0.8,16.2,0.05,0.05,0.094837,1776187857000
1776187858.941,58.941,0.21,15.7,0.2,16.2,0.26,5.0,0.28,17.0,0.74,5.0,0.72,17.0,0.79,15.7,0.8,16.2,0.05,0.05,0.094841,1776187858000
1776187860.011,60.011,0.21,15.7,0.2,16.2,0.26,5.0,0.28,17.0,0.74,5.0,0.72,17.0,0.79,15.7,0.8,16.2,0.05,0.05,0.094834,1776187859000
1776187861.237,61.237,0.21,15.7,0.2,16.2,0.26,5.0,0.28,17.0,0.74,5.0,0.72,17.0,0.79,15.7,0.8,16.2,0.05,0.05,0.094832,1776187860000
1776187862.367,62.367,0.21,15.7,0.2,16.2,0.26,5.0,0.28,17.0,0.74,5.0,0.72,17.0,0.79,15.7,0.8,16.2,0.05,0.05,0.094833,1776187861000
1776187862.772,62.772,0.23,19.7,0.22,15.2,0.35,12.0,0.37,10.0,0.74,5.0,0.72,17.0,0.79,15.7,0.8,16.2,0.12,0.05,0.094833,1776187861000
1776187863.268,63.268,0.24,14.3,0.23,19.7,0.34,20.0,0.35,12.0,0.65,12.0,0.63,10.0,0.77,19.7,0.78,15.2,0.1,0.12,0.094834,1776187862000
1776187864.094,64.094,0.24,14.3,0.23,19.7,0.34,20.0,0.35,12.0,0.66,20.0,0.65,12.0,0.76,14.3,0.77,19.7,0.1,0.1,0.094841,1776187863000
1776187865.282,65.282,0.24,14.3,0.23,19.7,0.34,20.0,0.35,12.0,0.66,20.0,0.65,12.0,0.76,14.3,0.77,19.7,0.1,0.1,0.094867,1776187864000
1776187866.446,66.446,0.24,14.3,0.23,19.7,0.34,20.0,0.35,12.0,0.66,20.0,0.65,12.0,0.76,14.3,0.77,19.7,0.1,0.1,0.094865,1776187865000
1776187867.036,67.036,0.24,14.3,0.23,19.7,0.34,20.0,0.35,12.0,0.66,20.0,0.65,12.0,0.76,14.3,0.77,19.7,0.1,0.1,0.094866,1776187866000
1776187868.182,68.182,0.24,18.54,0.23,19.7,0.34,27.0,0.35,5.0,0.66,27.0,0.65,5.0,0.76,18.54,0.77,19.7,0.1,0.1,0.094861,1776187867000
1776187869.12,69.12,0.24,18.54,0.23,19.7,0.34,27.0,0.35,5.0,0.66,27.0,0.65,5.0,0.76,18.54,0.77,19.7,0.1,0.1,0.094853,1776187868000
1776187870.256,70.256,0.24,18.54,0.23,19.7,0.34,27.0,0.35,5.0,0.66,27.0,0.65,5.0,0.76,18.54,0.77,19.7,0.1,0.1,0.094844,1776187869000
1776187871.217,71.217,0.24,18.54,0.23,19.7,0.34,27.0,0.35,5.0,0.66,27.0,0.65,5.0,0.76,18.54,0.77,19.7,0.1,0.1,0.094834,1776187870000
1776187872.348,72.348,0.24,18.54,0.23,19.7,0.34,27.0,0.35,5.0,0.66,27.0,0.65,5.0,0.76,18.54,0.77,19.7,0.1,0.1,0.094833,1776187871000
1776187873.286,73.286,0.24,18.54,0.23,19.7,0.34,27.0,0.35,5.0,0.66,27.0,0.65,5.0,0.76,18.54,0.77,19.7,0.1,0.1,0.094855,1776187872000
1776187873.817,73.817,0.24,18.54,0.23,19.7,0.34,27.0,0.35,5.0,0.66,27.0,0.65,5.0,0.76,18.54,0.77,19.7,0.1,0.1,0.094872,1776187873000
1776187874.534,74.534,0.19,16.89,0.18,17.6,0.27,0.07,0.3,5.0,0.66,27.0,0.65,5.0,0.76,18.54,0.77,19.7,0.08,0.1,0.094872,1776187873000
1776187874.943,74.943,0.19,16.89,0.18,17.6,0.27,0.07,0.3,5.0,0.73,0.07,0.7,5.0,0.81,16.89,0.82,17.6,0.08,0.08,0.094862,1776187874000
1776187875.987,75.987,0.19,16.89,0.18,17.6,0.27,0.07,0.3,5.0,0.73,0.07,0.7,5.0,0.81,16.89,0.82,17.6,0.08,0.08,0.094838,1776187875000
1776187877.106,77.106,0.19,16.89,0.18,17.6,0.27,0.07,0.3,5.0,0.73,0.07,0.7,5.0,0.81,16.89,0.82,17.6,0.08,0.08,0.094832,1776187876000
1776187878.123,78.123,0.19,16.89,0.18,17.6,0.27,0.07,0.3,5.0,0.73,0.07,0.7,5.0,0.81,16.89,0.82,17.6,0.08,0.08,0.094832,1776187877000
1776187879.237,79.237,0.19,16.89,0.18,17.6,0.27,0.07,0.3,5.0,0.73,0.07,0.7,5.0,0.81,16.89,0.82,17.6,0.08,0.08,0.094842,1776187878000
1776187880.221,80.221,0.19,16.89,0.18,17.6,0.27,0.07,0.3,5.0,0.73,0.07,0.7,5.0,0.81,16.89,0.82,17.6,0.08,0.08,0.094842,1776187879000
1776187881.298,81.298,0.19,16.89,0.18,17.6,0.27,0.07,0.3,5.0,0.73,0.07,0.7,5.0,0.81,16.89,0.82,17.6,0.08,0.08,0.094842,1776187880000
1776187882.684,82.684,0.19,16.89,0.18,17.6,0.27,0.07,0.3,5.0,0.73,0.07,0.7,5.0,0.81,16.89,0.82,17.6,0.08,0.08,0.094851,1776187881000
1776187883.308,83.308,0.19,16.89,0.18,17.6,0.27,0.07,0.3,5.0,0.73,0.07,0.7,5.0,0.81,16.89,0.82,17.6,0.08,0.08,0.094854,1776187882000
1776187884.394,84.394,0.19,16.89,0.18,17.6,0.27,0.07,0.3,5.0,0.73,0.07,0.7,5.0,0.81,16.89,0.82,17.6,0.08,0.08,0.094855,1776187883000
1776187885.412,85.412,0.19,16.89,0.18,17.6,0.27,0.07,0.3,5.0,0.73,0.07,0.7,5.0,0.81,16.89,0.82,17.6,0.08,0.08,0.094855,1776187884000
1776187886.028,86.028,0.19,16.89,0.18,17.6,0.27,0.07,0.3,5.0,0.73,0.07,0.7,5.0,0.81,16.89,0.82,17.6,0.08,0.08,0.094855,1776187885000
1776187887.097,87.097,0.19,16.89,0.18,17.6,0.27,0.07,0.3,5.0,0.73,0.07,0.7,5.0,0.81,16.89,0.82,17.6,0.08,0.08,0.094853,1776187886000
1776187888.079,88.079,0.19,16.89,0.18,17.6,0.27,0.07,0.3,5.0,0.73,0.07,0.7,5.0,0.81,16.89,0.82,17.6,0.08,0.08,0.094854,1776187887000
1776187889.201,89.201,0.19,16.89,0.18,17.6,0.27,0.07,0.3,5.0,0.73,0.07,0.7,5.0,0.81,16.89,0.82,17.6,0.08,0.08,0.094853,1776187888000
1776187890.28,90.28,0.19,16.89,0.18,17.6,0.27,0.07,0.3,5.0,0.73,0.07,0.7,5.0,0.81,16.89,0.82,17.6,0.08,0.08,0.094863,1776187889000
1776187891.447,91.447,0.19,16.89,0.18,17.6,0.27,0.07,0.3,5.0,0.73,0.07,0.7,5.0,0.81,16.89,0.82,17.6,0.08,0.08,0.094862,1776187890000
1776187892.443,92.443,0.19,16.89,0.18,17.6,0.27,0.07,0.3,5.0,0.73,0.07,0.7,5.0,0.81,16.89,0.82,17.6,0.08,0.08,0.094859,1776187891000
1776187892.908,92.908,0.19,16.89,0.18,17.6,0.27,0.07,0.3,5.0,0.73,0.07,0.7,5.0,0.81,16.89,0.82,17.6,0.08,0.08,0.094857,1776187892000
1776187894.016,94.016,0.23,9.7,0.22,15.2,0.29,14.0,0.31,7.0,0.71,14.0,0.69,7.0,0.77,9.7,0.78,15.2,0.06,0.06,0.094857,1776187893000
1776187895.025,95.025,0.23,9.7,0.22,15.2,0.29,14.0,0.31,7.0,0.71,14.0,0.69,7.0,0.77,9.7,0.78,15.2,0.06,0.06,0.094857,1776187894000
1776187896.668,96.668,0.23,9.7,0.22,15.2,0.29,14.0,0.31,7.0,0.71,14.0,0.69,7.0,0.77,9.7,0.78,15.2,0.06,0.06,0.094858,1776187895000
1776187897.251,97.251,0.23,9.7,0.22,15.2,0.29,14.0,0.31,7.0,0.71,14.0,0.69,7.0,0.77,9.7,0.78,15.2,0.06,0.06,0.09486,1776187896000
1776187898.288,98.288,0.23,9.7,0.22,15.2,0.29,14.0,0.31,7.0,0.71,14.0,0.69,7.0,0.77,9.7,0.78,15.2,0.06,0.06,0.09486,1776187897000
1776187899.265,99.265,0.23,9.7,0.22,15.2,0.29,14.0,0.31,7.0,0.71,14.0,0.69,7.0,0.77,9.7,0.78,15.2,0.06,0.06,0.094859,1776187898000
1776187900.401,100.401,0.23,9.7,0.22,15.2,0.29,14.0,0.31,7.0,0.71,14.0,0.69,7.0,0.77,9.7,0.78,15.2,0.06,0.06,0.09487,1776187899000
1776187900.649,100.649,0.25,13.9,0.24,14.3,0.34,2.0,0.36,5.0,0.71,14.0,0.69,7.0,0.77,9.7,0.78,15.2,0.09,0.06,0.09487,1776187899000
1776187901.048,101.048,0.25,13.9,0.24,14.3,0.34,2.0,0.36,5.0,0.66,2.0,0.64,5.0,0.75,13.9,0.76,14.3,0.09,0.09,0.094871,1776187900000
1776187902.051,102.051,0.25,13.9,0.24,14.3,0.34,2.0,0.36,5.0,0.66,2.0,0.64,5.0,0.75,13.9,0.76,14.3,0.09,0.09,0.094871,1776187901000
1776187903.176,103.176,0.25,13.9,0.24,14.3,0.34,2.0,0.36,5.0,0.66,2.0,0.64,5.0,0.75,13.9,0.76,14.3,0.09,0.09,0.094875,1776187902000
1776187903.754,103.754,0.34,5.0,0.29,12.6,0.5,25.0,0.51,60.41,0.66,2.0,0.64,5.0,0.75,13.9,0.76,14.3,0.16,0.09,0.094875,1776187902000
1776187904.277,104.277,0.34,5.0,0.29,12.6,0.5,25.0,0.51,60.41,0.5,25.0,0.49,60.41,0.66,5.0,0.71,12.6,0.16,0.16,0.094891,1776187903000
1776187905.311,105.311,0.34,5.0,0.29,12.6,0.5,25.0,0.51,60.41,0.5,25.0,0.49,60.41,0.66,5.0,0.71,12.6,0.16,0.16,0.094909,1776187904000
1776187905.868,105.868,0.36,5.0,0.34,5.0,0.48,18.58,0.49,5.0,0.5,25.0,0.49,60.41,0.66,5.0,0.71,12.6,0.12,0.16,0.094909,1776187904000
1776187906.894,106.894,0.36,5.0,0.34,5.0,0.48,18.58,0.49,5.0,0.52,18.58,0.51,5.0,0.64,5.0,0.66,5.0,0.12,0.12,0.094911,1776187906000
1776187907.988,107.988,0.36,5.0,0.34,5.0,0.48,18.58,0.49,5.0,0.52,18.58,0.51,5.0,0.64,5.0,0.66,5.0,0.12,0.12,0.094928,1776187907000
1776187909.089,109.089,0.35,11.4,0.34,11.6,0.5,5.0,0.51,0.41,0.5,5.0,0.49,0.41,0.65,11.4,0.66,11.6,0.15,0.15,0.094933,1776187908000
1776187910.55,110.55,0.35,11.4,0.34,11.6,0.5,5.0,0.51,0.41,0.5,5.0,0.49,0.41,0.65,11.4,0.66,11.6,0.15,0.15,0.094948,1776187909000
1776187911.129,111.129,0.35,11.4,0.34,11.6,0.5,5.0,0.51,0.41,0.5,5.0,0.49,0.41,0.65,11.4,0.66,11.6,0.15,0.15,0.094956,1776187910000
1776187912.131,112.131,0.35,11.4,0.34,11.6,0.5,5.0,0.51,0.41,0.5,5.0,0.49,0.41,0.65,11.4,0.66,11.6,0.15,0.15,0.094962,1776187911000
1776187913.195,113.195,0.35,11.4,0.34,11.6,0.5,5.0,0.51,0.41,0.5,5.0,0.49,0.41,0.65,11.4,0.66,11.6,0.15,0.15,0.094949,1776187912000
1776187914.235,114.235,0.35,11.4,0.34,11.6,0.5,5.0,0.51,0.41,0.5,5.0,0.49,0.41,0.65,11.4,0.66,11.6,0.15,0.15,0.094948,1776187913000
1776187915.468,115.468,0.35,11.4,0.34,11.6,0.5,5.0,0.51,0.41,0.5,5.0,0.49,0.41,0.65,11.4,0.66,11.6,0.15,0.15,0.094949,1776187914000
1776187916.415,116.415,0.45,5.0,0.43,10.6,0.51,0.41,0.52,11.0,0.49,0.41,0.48,11.0,0.55,5.0,0.57,10.6,0.06,0.06,0.094958,1776187915000
1776187916.942,116.942,0.45,5.0,0.43,10.6,0.51,0.41,0.52,11.0,0.49,0.41,0.48,11.0,0.55,5.0,0.57,10.6,0.06,0.06,0.094959,1776187916000
1776187917.789,117.789,0.41,6.19,0.4,10.8,0.51,0.41,0.52,21.0,0.49,0.41,0.48,11.0,0.55,5.0,0.57,10.6,0.1,0.06,0.094959,1776187916000
1776187919.08,119.08,0.41,6.19,0.4,10.8,0.51,0.41,0.52,21.0,0.49,0.41,0.48,21.0,0.59,6.19,0.6,10.8,0.1,0.1,0.094956,1776187918000
1776187920.121,120.121,0.41,6.19,0.4,10.8,0.51,0.41,0.52,21.0,0.49,0.41,0.48,21.0,0.59,6.19,0.6,10.8,0.1,0.1,0.094951,1776187919000
1776187920.787,120.787,0.44,10.33,0.43,10.6,0.51,0.41,0.52,11.0,0.49,0.41,0.48,21.0,0.59,6.19,0.6,10.8,0.07,0.1,0.094951,1776187919000
1776187921.203,121.203,0.44,10.33,0.43,10.6,0.51,0.41,0.52,11.0,0.49,0.41,0.48,11.0,0.56,10.33,0.57,10.6,0.07,0.07,0.094954,1776187920000
1776187921.523,121.523,0.5,5.0,0.46,15.5,0.52,6.3,0.62,5.0,0.49,0.41,0.48,11.0,0.56,10.33,0.57,10.6,0.02,0.07,0.094954,1776187920000
1776187921.975,121.975,0.5,5.0,0.46,15.5,0.52,1.3,0.62,5.0,0.48,6.3,0.38,5.0,0.5,5.0,0.54,15.5,0.02,0.02,0.094954,1776187920000
1776187922.271,122.271,0.5,5.0,0.47,10.4,0.62,5.0,0.63,5.0,0.48,1.3,0.38,5.0,0.5,5.0,0.54,15.5,0.12,0.02,0.094954,1776187920000
1776187923.336,123.336,0.5,5.0,0.47,10.4,0.62,5.0,0.63,5.0,0.38,5.0,0.37,5.0,0.5,5.0,0.53,10.4,0.12,0.12,0.094978,1776187922000
1776187924.368,124.368,0.5,5.0,0.47,10.4,0.62,5.0,0.63,5.0,0.38,5.0,0.37,5.0,0.5,5.0,0.53,10.4,0.12,0.12,0.09499,1776187923000
1776187924.909,124.909,0.5,5.0,0.47,10.4,0.62,5.0,0.63,5.0,0.38,5.0,0.37,5.0,0.5,5.0,0.53,10.4,0.12,0.12,0.09499,1776187924000
1776187926.481,126.481,0.5,5.0,0.47,10.4,0.62,5.0,0.63,5.0,0.38,5.0,0.37,5.0,0.5,5.0,0.53,10.4,0.12,0.12,0.094987,1776187925000
1776187927.086,127.086,0.5,5.0,0.47,10.4,0.62,5.0,0.63,5.0,0.38,5.0,0.37,5.0,0.5,5.0,0.53,10.4,0.12,0.12,0.09499,1776187926000
1776187928.301,128.301,0.5,5.0,0.47,10.4,0.62,5.0,0.63,5.0,0.38,5.0,0.37,5.0,0.5,5.0,0.53,10.4,0.12,0.12,0.094997,1776187927000
1776187929.294,129.294,0.5,5.0,0.47,10.4,0.62,5.0,0.63,5.0,0.38,5.0,0.37,5.0,0.5,5.0,0.53,10.4,0.12,0.12,0.094998,1776187928000
1776187930.488,130.488,0.5,5.0,0.47,10.4,0.62,5.0,0.63,5.0,0.38,5.0,0.37,5.0,0.5,5.0,0.53,10.4,0.12,0.12,0.095005,1776187929000
1776187931.001,131.001,0.5,5.0,0.47,10.4,0.62,5.0,0.63,5.0,0.38,5.0,0.37,5.0,0.5,5.0,0.53,10.4,0.12,0.12,0.095007,1776187930000
1776187932.061,132.061,0.5,5.0,0.47,10.4,0.62,5.0,0.63,5.0,0.38,5.0,0.37,5.0,0.5,5.0,0.53,10.4,0.12,0.12,0.095007,1776187931000
1776187933.177,133.177,0.5,5.0,0.47,10.4,0.62,5.0,0.63,5.0,0.38,5.0,0.37,5.0,0.5,5.0,0.53,10.4,0.12,0.12,0.095007,1776187932000
1776187934.045,134.045,0.55,15.5,0.54,10.5,0.71,50.0,0.72,5.0,0.38,5.0,0.37,5.0,0.5,5.0,0.53,10.4,0.16,0.12,0.095007,1776187932000
1776187934.283,134.283,0.55,15.5,0.54,10.5,0.71,50.0,0.72,5.0,0.29,50.0,0.28,5.0,0.45,15.5,0.46,10.5,0.16,0.16,0.095025,1776187933000
1776187935.711,135.711,0.55,15.5,0.54,10.5,0.71,50.0,0.72,5.0,0.29,50.0,0.28,5.0,0.45,15.5,0.46,10.5,0.16,0.16,0.095018,1776187934000
1776187936.207,136.207,0.55,15.5,0.54,10.5,0.71,50.0,0.72,5.0,0.29,50.0,0.28,5.0,0.45,15.5,0.46,10.5,0.16,0.16,0.095012,1776187935000
1776187937.393,137.393,0.55,15.5,0.54,10.5,0.71,50.0,0.72,5.0,0.29,50.0,0.28,5.0,0.45,15.5,0.46,10.5,0.16,0.16,0.094991,1776187936000
1776187938.024,138.024,0.55,15.5,0.54,10.5,0.71,50.0,0.72,5.0,0.29,50.0,0.28,5.0,0.45,15.5,0.46,10.5,0.16,0.16,0.094988,1776187937000
1776187939.707,139.707,0.55,15.5,0.54,10.5,0.71,50.0,0.72,5.0,0.29,50.0,0.28,5.0,0.45,15.5,0.46,10.5,0.16,0.16,0.094985,1776187938000
1776187940.369,140.369,0.55,15.5,0.54,10.5,0.71,50.0,0.72,5.0,0.29,50.0,0.28,5.0,0.45,15.5,0.46,10.5,0.16,0.16,0.094985,1776187939000
1776187941.305,141.305,0.55,15.5,0.54,10.5,0.71,50.0,0.72,5.0,0.29,50.0,0.28,5.0,0.45,15.5,0.46,10.5,0.16,0.16,0.094984,1776187940000
1776187942.451,142.451,0.55,15.5,0.54,10.5,0.71,50.0,0.72,5.0,0.29,50.0,0.28,5.0,0.45,15.5,0.46,10.5,0.16,0.16,0.094997,1776187941000
1776187943.318,143.318,0.55,15.5,0.54,10.5,0.71,50.0,0.72,5.0,0.29,50.0,0.28,5.0,0.45,15.5,0.46,10.5,0.16,0.16,0.094998,1776187942000
1776187951.063,151.063,0.47,10.0,0.4,10.8,0.56,5.0,0.61,50.0,0.29,50.0,0.28,5.0,0.45,15.5,0.46,10.5,0.09,0.16,0.094998,1776187942000
1776187951.693,151.693,0.47,10.0,0.4,10.8,0.56,5.0,0.61,50.0,0.44,5.0,0.39,50.0,0.53,10.0,0.6,10.8,0.09,0.09,0.09496,1776187950000
1776187952.188,152.188,0.47,10.0,0.4,10.8,0.56,5.0,0.61,50.0,0.44,5.0,0.39,50.0,0.53,10.0,0.6,10.8,0.09,0.09,0.09496,1776187951000
1776187953.414,153.414,0.47,10.0,0.4,10.8,0.56,5.0,0.61,50.0,0.44,5.0,0.39,50.0,0.53,10.0,0.6,10.8,0.09,0.09,0.094961,1776187952000
1776187954.018,154.018,0.47,10.0,0.4,10.8,0.56,5.0,0.61,50.0,0.44,5.0,0.39,50.0,0.53,10.0,0.6,10.8,0.09,0.09,0.094961,1776187953000
1776187955.321,155.321,0.47,10.0,0.4,10.8,0.56,5.0,0.61,50.0,0.44,5.0,0.39,50.0,0.53,10.0,0.6,10.8,0.09,0.09,0.094965,1776187954000
1776187956.427,156.427,0.47,10.0,0.4,10.8,0.56,5.0,0.61,50.0,0.44,5.0,0.39,50.0,0.53,10.0,0.6,10.8,0.09,0.09,0.094972,1776187955000
1776187956.981,156.981,0.47,10.0,0.4,10.8,0.56,5.0,0.61,50.0,0.44,5.0,0.39,50.0,0.53,10.0,0.6,10.8,0.09,0.09,0.094971,1776187956000
1776187957.989,157.989,0.47,10.0,0.4,10.8,0.56,5.0,0.61,50.0,0.44,5.0,0.39,50.0,0.53,10.0,0.6,10.8,0.09,0.09,0.09497,1776187957000
1776187958.976,158.976,0.47,10.0,0.4,10.8,0.56,5.0,0.61,50.0,0.44,5.0,0.39,50.0,0.53,10.0,0.6,10.8,0.09,0.09,0.094973,1776187958000
1776187960.029,160.029,0.47,10.0,0.4,10.8,0.56,5.0,0.61,50.0,0.44,5.0,0.39,50.0,0.53,10.0,0.6,10.8,0.09,0.09,0.094978,1776187959000
1776187961.007,161.007,0.47,10.0,0.4,10.8,0.56,5.0,0.61,50.0,0.44,5.0,0.39,50.0,0.53,10.0,0.6,10.8,0.09,0.09,0.094973,1776187960000
1776187962.023,162.023,0.47,10.0,0.4,10.8,0.56,5.0,0.61,50.0,0.44,5.0,0.39,50.0,0.53,10.0,0.6,10.8,0.09,0.09,0.094973,1776187961000
1776187963.101,163.101,0.47,10.0,0.4,10.8,0.56,5.0,0.61,50.0,0.44,5.0,0.39,50.0,0.53,10.0,0.6,10.8,0.09,0.09,0.094972,1776187962000
1776187964.053,164.053,0.47,10.0,0.4,10.8,0.56,5.0,0.61,50.0,0.44,5.0,0.39,50.0,0.53,10.0,0.6,10.8,0.09,0.09,0.094972,1776187963000
1776187964.771,164.771,0.3,12.4,0.29,12.6,0.49,5.0,0.51,50.0,0.44,5.0,0.39,50.0,0.53,10.0,0.6,10.8,0.19,0.09,0.094972,1776187963000
1776187965.114,165.114,0.3,11.25,0.29,12.6,0.46,5.0,0.49,5.0,0.51,5.0,0.49,50.0,0.7,12.4,0.71,12.6,0.16,0.19,0.094972,1776187963000
1776187965.856,165.856,0.3,6.65,0.29,12.6,0.46,5.0,0.49,5.0,0.54,5.0,0.51,5.0,0.7,11.25,0.71,12.6,0.16,0.16,0.094972,1776187964000
1776187966.06,166.06,0.3,6.65,0.29,12.6,0.46,5.0,0.49,5.0,0.54,5.0,0.51,5.0,0.7,6.65,0.71,12.6,0.16,0.16,0.094957,1776187965000
1776187967.072,167.072,0.3,6.65,0.29,12.6,0.46,5.0,0.49,5.0,0.54,5.0,0.51,5.0,0.7,6.65,0.71,12.6,0.16,0.16,0.094931,1776187966000
1776187968.049,168.049,0.3,6.65,0.29,12.6,0.46,5.0,0.49,5.0,0.54,5.0,0.51,5.0,0.7,6.65,0.71,12.6,0.16,0.16,0.09493,1776187967000
1776187969.752,169.752,0.3,6.65,0.29,12.6,0.46,5.0,0.49,5.0,0.54,5.0,0.51,5.0,0.7,6.65,0.71,12.6,0.16,0.16,0.094931,1776187968000
1776187970.262,170.262,0.3,6.65,0.29,12.6,0.46,5.0,0.49,5.0,0.54,5.0,0.51,5.0,0.7,6.65,0.71,12.6,0.16,0.16,0.094931,1776187969000
1776187971.317,171.317,0.3,6.65,0.29,12.6,0.46,5.0,0.49,5.0,0.54,5.0,0.51,5.0,0.7,6.65,0.71,12.6,0.16,0.16,0.094932,1776187970000
1776187971.921,171.921,0.3,6.65,0.29,12.6,0.46,5.0,0.49,5.0,0.54,5.0,0.51,5.0,0.7,6.65,0.71,12.6,0.16,0.16,0.094932,1776187971000
1776187973.01,173.01,0.3,6.65,0.29,12.6,0.46,5.0,0.49,5.0,0.54,5.0,0.51,5.0,0.7,6.65,0.71,12.6,0.16,0.16,0.094931,1776187972000
1776187974.037,174.037,0.3,6.65,0.29,12.6,0.46,5.0,0.49,5.0,0.54,5.0,0.51,5.0,0.7,6.65,0.71,12.6,0.16,0.16,0.094931,1776187973000
1776187975.19,175.19,0.3,6.65,0.29,12.6,0.46,5.0,0.49,5.0,0.54,5.0,0.51,5.0,0.7,6.65,0.71,12.6,0.16,0.16,0.094931,1776187974000
1776187976.338,176.338,0.3,6.65,0.29,12.6,0.46,5.0,0.49,5.0,0.54,5.0,0.51,5.0,0.7,6.65,0.71,12.6,0.16,0.16,0.09493,1776187975000
1776187977.408,177.408,0.3,6.65,0.29,12.6,0.46,5.0,0.49,5.0,0.54,5.0,0.51,5.0,0.7,6.65,0.71,12.6,0.16,0.16,0.094929,1776187976000
1776187978.501,178.501,0.3,6.65,0.29,12.6,0.46,5.0,0.49,5.0,0.54,5.0,0.51,5.0,0.7,6.65,0.71,12.6,0.16,0.16,0.094929,1776187977000
1776187978.986,178.986,0.3,6.65,0.29,12.6,0.46,5.0,0.49,5.0,0.54,5.0,0.51,5.0,0.7,6.65,0.71,12.6,0.16,0.16,0.094919,1776187978000
1776187980.098,180.098,0.3,6.65,0.29,12.6,0.46,5.0,0.49,5.0,0.54,5.0,0.51,5.0,0.7,6.65,0.71,12.6,0.16,0.16,0.094907,1776187979000
1776187981.191,181.191,0.3,6.65,0.29,12.6,0.46,5.0,0.49,5.0,0.54,5.0,0.51,5.0,0.7,6.65,0.71,12.6,0.16,0.16,0.094906,1776187980000
1776187981.436,181.436,0.22,19.97,0.21,5.5,0.28,5.0,0.29,5.0,0.54,5.0,0.51,5.0,0.7,6.65,0.71,12.6,0.06,0.16,0.094906,1776187980000
1776187982.331,182.331,0.22,14.97,0.21,5.5,0.28,5.0,0.29,5.0,0.72,5.0,0.71,5.0,0.78,14.97,0.79,5.5,0.06,0.06,0.094905,1776187981000
1776187983.845,183.845,0.22,14.97,0.21,5.5,0.28,5.0,0.29,5.0,0.72,5.0,0.71,5.0,0.78,14.97,0.79,5.5,0.06,0.06,0.094877,1776187982000
1776187984.099,184.099,0.21,0.5,0.15,6.6,0.22,12.0,0.28,5.0,0.72,5.0,0.71,5.0,0.78,14.97,0.79,5.5,0.01,0.06,0.094877,1776187982000
1776187984.603,184.603,0.21,0.5,0.15,6.6,0.22,12.0,0.28,5.0,0.78,12.0,0.72,5.0,0.79,0.5,0.85,6.6,0.01,0.01,0.094851,1776187983000
1776187985.183,185.183,0.21,0.5,0.15,6.6,0.22,12.0,0.28,5.0,0.78,12.0,0.72,5.0,0.79,0.5,0.85,6.6,0.01,0.01,0.09485,1776187984000
1776187985.386,185.386,0.15,6.6,0.11,50.0,0.22,10.0,0.33,11.8,0.79,49.5,0.78,10.0,0.85,6.6,0.89,26.6,0.07,0.06,0.09485,1776187984000
1776187986.488,186.488,0.15,6.6,0.11,50.0,0.22,10.0,0.33,11.8,0.78,10.0,0.67,11.8,0.85,6.6,0.89,50.0,0.07,0.07,0.094836,1776187985000
1776187987.175,187.175,0.15,6.6,0.11,50.0,0.22,10.0,0.33,11.8,0.78,10.0,0.67,11.8,0.85,6.6,0.89,50.0,0.07,0.07,0.094858,1776187986000
1776187988.365,188.365,0.15,6.6,0.11,50.0,0.22,10.0,0.33,11.8,0.78,10.0,0.67,11.8,0.85,6.6,0.89,50.0,0.07,0.07,0.094891,1776187987000
1776187989.428,189.428,0.15,6.6,0.11,50.0,0.22,10.0,0.33,11.8,0.78,10.0,0.67,11.8,0.85,6.6,0.89,50.0,0.07,0.07,0.094891,1776187988000
1776187990.002,190.002,0.15,6.6,0.11,50.0,0.22,10.0,0.33,11.8,0.78,10.0,0.67,11.8,0.85,6.6,0.89,50.0,0.07,0.07,0.09487,1776187989000
1776187991.225,191.225,0.15,6.6,0.11,50.0,0.22,10.0,0.33,11.8,0.78,10.0,0.67,11.8,0.85,6.6,0.89,50.0,0.07,0.07,0.094869,1776187990000
1776187992.934,192.934,0.15,6.6,0.11,50.0,0.22,10.0,0.33,11.8,0.78,10.0,0.67,11.8,0.85,6.6,0.89,50.0,0.07,0.07,0.094869,1776187991000
1776187993.635,193.635,0.15,6.6,0.11,50.0,0.22,10.0,0.33,11.8,0.78,10.0,0.67,11.8,0.85,6.6,0.89,50.0,0.07,0.07,0.094869,1776187992000
1776187994.418,194.418,0.15,6.6,0.11,50.0,0.22,10.0,0.33,11.8,0.78,10.0,0.67,11.8,0.85,6.6,0.89,50.0,0.07,0.07,0.094867,1776187993000
1776187995.022,195.022,0.15,6.6,0.14,21.6,0.19,4.47,0.22,5.0,0.78,10.0,0.67,11.8,0.85,6.6,0.89,50.0,0.04,0.07,0.094867,1776187993000
1776187995.246,195.246,0.15,6.6,0.13,23.0,0.23,5.0,0.25,13.9,0.81,4.47,0.78,5.0,0.85,6.6,0.86,21.6,0.08,0.04,0.094867,1776187993000
1776187995.682,195.682,0.15,6.6,0.13,23.0,0.23,5.0,0.25,13.9,0.77,5.0,0.75,13.9,0.85,6.6,0.87,23.0,0.08,0.08,0.094867,1776187994000
1776187996.365,196.365,0.15,6.6,0.13,23.0,0.23,5.0,0.25,13.9,0.77,5.0,0.75,13.9,0.85,6.6,0.87,23.0,0.08,0.08,0.094867,1776187995000
1776187997.041,197.041,0.15,6.6,0.13,23.0,0.23,5.0,0.25,13.9,0.77,5.0,0.75,13.9,0.85,6.6,0.87,23.0,0.08,0.08,0.094867,1776187996000
1776187998.467,198.467,0.15,6.6,0.13,23.0,0.23,5.0,0.25,13.9,0.77,5.0,0.75,13.9,0.85,6.6,0.87,23.0,0.08,0.08,0.094865,1776187997000
1776187999.121,199.121,0.15,6.6,0.13,23.0,0.23,5.0,0.25,13.9,0.77,5.0,0.75,13.9,0.85,6.6,0.87,23.0,0.08,0.08,0.094866,1776187998000
1776187999.947,199.947,0.15,1.54,0.07,39.9,0.16,21.0,0.19,22.89,0.77,5.0,0.75,13.9,0.85,6.6,0.87,23.0,0.01,0.08,0.094866,1776187998000
1776188000.32,200.32,0.06,46.1,0.05,54.7,0.16,16.0,0.18,6.0,0.84,21.0,0.81,22.89,0.85,1.54,0.93,39.9,0.1,0.01,0.094866,1776187998000
1776188001.166,201.166,0.05,33.64,0.04,83.7,0.15,13.0,0.17,18.39,0.84,16.0,0.82,6.0,0.94,46.1,0.95,54.7,0.1,0.1,0.094846,1776187999000
1776188001.434,201.434,0.05,33.64,0.04,83.7,0.15,13.0,0.17,18.39,0.85,13.0,0.83,18.39,0.95,33.64,0.96,83.7,0.1,0.1,0.094825,1776188000000
1776188001.901,201.901,0.05,33.64,0.04,83.7,0.15,13.0,0.17,18.39,0.85,13.0,0.83,18.39,0.95,33.64,0.96,83.7,0.1,0.1,0.094813,1776188001000
1776188002.86,202.86,0.05,33.64,0.04,83.7,0.15,13.0,0.17,18.39,0.85,13.0,0.83,18.39,0.95,33.64,0.96,83.7,0.1,0.1,0.094799,1776188002000
1776188003.838,203.838,0.05,33.64,0.04,83.7,0.15,13.0,0.17,18.39,0.85,13.0,0.83,18.39,0.95,33.64,0.96,83.7,0.1,0.1,0.094789,1776188003000
1776188004.803,204.803,0.05,33.64,0.04,83.7,0.15,13.0,0.17,18.39,0.85,13.0,0.83,18.39,0.95,33.64,0.96,83.7,0.1,0.1,0.094789,1776188004000
1776188005.824,205.824,0.04,78.7,0.03,89.3,0.08,5.0,0.11,26.6,0.92,5.0,0.89,26.6,0.96,78.7,0.97,89.3,0.04,0.04,0.094765,1776188005000
1776188006.61,206.61,0.04,8.91,0.02,5.0,0.07,21.0,0.08,35.29,0.92,5.0,0.89,26.6,0.96,78.7,0.97,89.3,0.03,0.04,0.094765,1776188005000
1776188007.238,207.238,0.04,8.91,0.02,5.0,0.07,21.0,0.08,35.29,0.93,21.0,0.92,35.29,0.96,8.91,0.98,5.0,0.03,0.03,0.094748,1776188006000
1776188007.815,207.815,0.02,126.01,0.01,5497.6,0.07,44.9,0.08,35.29,0.93,21.0,0.92,35.29,0.96,8.91,0.98,5.0,0.05,0.03,0.094748,1776188006000
1776188008.179,208.179,0.02,126.01,0.01,5497.6,0.07,44.9,0.08,35.29,0.93,44.9,0.92,35.29,0.98,126.01,0.99,5497.6,0.05,0.05,0.094736,1776188007000
1776188009.159,209.159,0.03,73.83,0.02,126.01,0.09,31.7,0.1,33.9,0.91,31.7,0.9,33.9,0.97,73.83,0.98,126.01,0.06,0.06,0.094742,1776188008000
1776188010.168,210.168,0.03,73.83,0.02,126.01,0.09,31.7,0.1,33.9,0.91,31.7,0.9,33.9,0.97,73.83,0.98,126.01,0.06,0.06,0.094768,1776188009000
1776188010.519,210.519,0.04,37.17,0.03,73.83,0.09,31.7,0.1,33.9,0.91,31.7,0.9,33.9,0.97,73.83,0.98,126.01,0.05,0.06,0.094768,1776188009000
1776188010.918,210.918,0.05,49.7,0.04,37.17,0.1,5.0,0.11,26.6,0.91,31.7,0.9,33.9,0.96,37.17,0.97,73.83,0.05,0.05,0.094768,1776188009000
1776188012.011,212.011,0.05,49.7,0.04,37.17,0.1,5.0,0.11,26.6,0.9,5.0,0.89,26.6,0.95,49.7,0.96,37.17,0.05,0.05,0.094788,1776188011000
1776188013.014,213.014,0.05,49.7,0.04,37.17,0.1,5.0,0.11,26.6,0.9,5.0,0.89,26.6,0.95,49.7,0.96,37.17,0.05,0.05,0.094797,1776188012000
1776188014.033,214.033,0.05,49.7,0.04,37.17,0.1,5.0,0.11,26.6,0.9,5.0,0.89,26.6,0.95,49.7,0.96,37.17,0.05,0.05,0.094799,1776188013000
1776188015.046,215.046,0.05,49.7,0.04,37.17,0.1,5.0,0.11,26.6,0.9,5.0,0.89,26.6,0.95,49.7,0.96,37.17,0.05,0.05,0.094798,1776188014000
1776188015.587,215.587,0.04,16.33,0.03,73.83,0.08,35.29,0.09,31.7,0.9,5.0,0.89,26.6,0.95,49.7,0.96,37.17,0.04,0.05,0.094798,1776188014000
1776188016.183,216.183,0.04,16.33,0.03,73.83,0.08,35.29,0.09,31.7,0.92,35.29,0.91,31.7,0.96,16.33,0.97,73.83,0.04,0.04,0.094796,1776188015000
1776188017.195,217.195,0.04,16.33,0.03,73.83,0.08,35.29,0.09,31.7,0.92,35.29,0.91,31.7,0.96,16.33,0.97,73.83,0.04,0.04,0.094794,1776188016000
1776188018.404,218.404,0.04,16.33,0.03,73.83,0.08,35.29,0.09,31.7,0.92,35.29,0.91,31.7,0.96,16.33,0.97,73.83,0.04,0.04,0.094789,1776188017000
1776188019.319,219.319,0.04,16.33,0.03,73.83,0.08,35.29,0.09,31.7,0.92,35.29,0.91,31.7,0.96,16.33,0.97,73.83,0.04,0.04,0.094799,1776188018000
1776188019.934,219.934,0.04,16.33,0.03,73.83,0.08,35.29,0.09,31.7,0.92,35.29,0.91,31.7,0.96,16.33,0.97,73.83,0.04,0.04,0.094805,1776188019000
1776188020.971,220.971,0.04,16.33,0.03,73.83,0.08,35.29,0.09,31.7,0.92,35.29,0.91,31.7,0.96,16.33,0.97,73.83,0.04,0.04,0.094811,1776188020000
1776188021.937,221.937,0.04,16.33,0.03,73.83,0.08,35.29,0.09,31.7,0.92,35.29,0.91,31.7,0.96,16.33,0.97,73.83,0.04,0.04,0.094809,1776188021000
1776188022.98,222.98,0.04,16.33,0.03,73.83,0.08,35.29,0.09,31.7,0.92,35.29,0.91,31.7,0.96,16.33,0.97,73.83,0.04,0.04,0.094806,1776188022000
1776188024.081,224.081,0.04,16.33,0.03,73.83,0.08,35.29,0.09,31.7,0.92,35.29,0.91,31.7,0.96,16.33,0.97,73.83,0.04,0.04,0.094806,1776188023000
1776188025.191,225.191,0.04,16.33,0.03,73.83,0.08,35.29,0.09,31.7,0.92,35.29,0.91,31.7,0.96,16.33,0.97,73.83,0.04,0.04,0.094807,1776188024000
1776188026.155,226.155,0.04,16.33,0.03,73.83,0.08,35.29,0.09,31.7,0.92,35.29,0.91,31.7,0.96,16.33,0.97,73.83,0.04,0.04,0.094807,1776188025000
1776188027.849,227.849,0.04,16.33,0.03,73.83,0.08,35.29,0.09,31.7,0.92,35.29,0.91,31.7,0.96,16.33,0.97,73.83,0.04,0.04,0.094811,1776188026000
1776188028.973,228.973,0.04,16.33,0.03,73.83,0.08,35.29,0.09,31.7,0.92,35.29,0.91,31.7,0.96,16.33,0.97,73.83,0.04,0.04,0.094811,1776188027000
1776188029.576,229.576,0.04,16.33,0.03,73.83,0.08,35.29,0.09,31.7,0.92,35.29,0.91,31.7,0.96,16.33,0.97,73.83,0.04,0.04,0.09481,1776188028000
1776188030.534,230.534,0.04,16.33,0.03,73.83,0.08,35.29,0.09,31.7,0.92,35.29,0.91,31.7,0.96,16.33,0.97,73.83,0.04,0.04,0.09481,1776188029000
1776188031.155,231.155,0.04,16.33,0.03,73.83,0.08,35.29,0.09,31.7,0.92,35.29,0.91,31.7,0.96,16.33,0.97,73.83,0.04,0.04,0.094807,1776188030000
1776188032.722,232.722,0.04,16.33,0.03,73.83,0.08,35.29,0.09,31.7,0.92,35.29,0.91,31.7,0.96,16.33,0.97,73.83,0.04,0.04,0.094811,1776188031000
1776188033.5,233.5,0.04,16.33,0.03,73.83,0.08,35.29,0.09,31.7,0.92,35.29,0.91,31.7,0.96,16.33,0.97,73.83,0.04,0.04,0.094819,1776188032000
1776188034.351,234.351,0.04,16.33,0.03,73.83,0.08,35.29,0.09,31.7,0.92,35.29,0.91,31.7,0.96,16.33,0.97,73.83,0.04,0.04,0.094826,1776188033000
1776188035.083,235.083,0.04,16.33,0.03,73.83,0.08,35.29,0.09,31.7,0.92,35.29,0.91,31.7,0.96,16.33,0.97,73.83,0.04,0.04,0.094828,1776188034000
1776188036.597,236.597,0.04,16.33,0.03,73.83,0.08,35.29,0.09,31.7,0.92,35.29,0.91,31.7,0.96,16.33,0.97,73.83,0.04,0.04,0.094835,1776188035000
1776188037.262,237.262,0.04,16.33,0.03,73.83,0.08,35.29,0.09,31.7,0.92,35.29,0.91,31.7,0.96,16.33,0.97,73.83,0.04,0.04,0.094837,1776188036000
1776188037.709,237.709,0.06,30.78,0.05,54.7,0.11,26.6,0.12,24.6,0.92,35.29,0.91,31.7,0.96,16.33,0.97,73.83,0.05,0.04,0.094837,1776188036000
1776188038.744,238.744,0.06,30.78,0.05,54.7,0.11,26.6,0.12,24.6,0.89,26.6,0.88,24.6,0.94,30.78,0.95,54.7,0.05,0.05,0.094832,1776188037000
1776188039.567,239.567,0.06,30.78,0.05,54.7,0.11,26.6,0.12,24.6,0.89,26.6,0.88,24.6,0.94,30.78,0.95,54.7,0.05,0.05,0.094835,1776188038000
1776188040.165,240.165,0.06,30.78,0.05,54.7,0.11,26.6,0.12,24.6,0.89,26.6,0.88,24.6,0.94,30.78,0.95,54.7,0.05,0.05,0.094836,1776188039000
1776188041.551,241.551,0.06,30.78,0.05,54.7,0.11,26.6,0.12,24.6,0.89,26.6,0.88,24.6,0.94,30.78,0.95,54.7,0.05,0.05,0.094837,1776188040000
1776188042.203,242.203,0.02,126.01,0.01,5533.02,0.05,5.0,0.06,46.1,0.89,26.6,0.88,24.6,0.94,30.78,0.95,54.7,0.03,0.05,0.094837,1776188040000
1776188043.673,243.673,0.02,126.01,0.01,5533.02,0.05,5.0,0.06,46.1,0.95,5.0,0.94,46.1,0.98,126.01,0.99,5533.02,0.03,0.03,0.094822,1776188042000
1776188044.447,244.447,0.02,126.01,0.01,5533.02,0.05,5.0,0.06,46.1,0.95,5.0,0.94,46.1,0.98,126.01,0.99,5533.02,0.03,0.03,0.094816,1776188043000
1776188045.083,245.083,0.02,126.01,0.01,5533.02,0.05,5.0,0.06,46.1,0.95,5.0,0.94,46.1,0.98,126.01,0.99,5533.02,0.03,0.03,0.094793,1776188044000
1776188045.906,245.906,0.01,5532.0,,,0.02,132.69,0.03,94.3,0.95,5.0,0.94,46.1,0.98,126.01,0.99,5533.02,0.01,0.03,0.094793,1776188044000
1776188046.213,246.213,0.01,5527.0,,,0.02,137.69,0.03,94.3,0.98,132.69,0.97,94.3,0.99,5532.0,,,0.01,0.01,0.094793,1776188044000
1776188046.86,246.86,0.01,5527.0,,,0.02,137.69,0.03,94.3,0.98,137.69,0.97,94.3,0.99,5527.0,,,0.01,0.01,0.094789,1776188045000
1776188047.439,247.439,0.01,5527.0,,,0.02,137.69,0.03,94.3,0.98,137.69,0.97,94.3,0.99,5527.0,,,0.01,0.01,0.09479,1776188046000
1776188047.922,247.922,0.01,5527.0,,,0.02,137.69,0.03,94.3,0.98,137.69,0.97,94.3,0.99,5527.0,,,0.01,0.01,0.09479,1776188047000
1776188048.968,248.968,0.01,5527.0,,,0.02,137.69,0.03,94.3,0.98,137.69,0.97,94.3,0.99,5527.0,,,0.01,0.01,0.094789,1776188048000
1776188049.83,249.83,0.01,133.4,,,0.02,137.69,0.03,94.3,0.98,137.69,0.97,94.3,0.99,5527.0,,,0.01,0.01,0.094789,1776188048000
1776188050.113,250.113,0.01,33.4,,,0.02,137.69,0.03,94.3,0.98,137.69,0.97,94.3,0.99,33.4,,,0.01,0.01,0.094783,1776188049000
1776188051.123,251.123,0.01,33.4,,,0.02,137.69,0.03,94.3,0.98,137.69,0.97,94.3,0.99,33.4,,,0.01,0.01,0.094768,1776188050000
1776188051.798,251.798,0.01,28.34,,,0.02,137.69,0.03,94.3,0.98,137.69,0.97,94.3,0.99,33.4,,,0.01,0.01,0.094768,1776188050000
1776188052.067,252.067,0.01,3.09,,,0.02,137.69,0.03,94.3,0.98,137.69,0.97,94.3,0.99,28.34,,,0.01,0.01,0.094768,1776188050000
1776188052.915,252.915,,,,,0.01,996.91,0.02,137.69,0.98,137.69,0.97,94.3,0.99,3.09,,,,0.01,0.094736,1776188051000
1776188053.204,253.204,,,,,0.01,1259.65,0.02,137.69,0.99,996.91,0.98,137.69,,,,,,,0.094736,1776188051000
1776188054.327,254.327,,,,,0.01,1259.65,0.02,137.69,0.99,1259.65,0.98,137.69,,,,,,,0.094724,1776188053000
1776188054.889,254.889,,,,,0.01,1259.65,0.02,137.69,0.99,1259.65,0.98,137.69,,,,,,,0.094724,1776188054000
1776188056.004,256.004,,,,,0.01,1259.65,0.02,137.69,0.99,1259.65,0.98,137.69,,,,,,,0.094728,1776188055000
1776188057.008,257.008,,,,,0.01,1259.65,0.02,137.69,0.99,1259.65,0.98,137.69,,,,,,,0.094701,1776188056000
1776188058.132,258.132,,,,,0.01,1259.65,0.02,137.69,0.99,1259.65,0.98,137.69,,,,,,,0.094689,1776188057000
1776188059.179,259.179,,,,,0.01,1259.65,0.02,137.69,0.99,1259.65,0.98,137.69,,,,,,,0.094689,1776188058000
1776188060.576,260.576,,,,,0.01,1259.65,0.02,137.69,0.99,1259.65,0.98,137.69,,,,,,,0.094693,1776188059000
1776188061.062,261.062,,,,,0.01,1259.65,0.02,137.69,0.99,1259.65,0.98,137.69,,,,,,,0.094656,1776188060000
1776188062.18,262.18,,,,,0.01,1259.65,0.02,137.69,0.99,1259.65,0.98,137.69,,,,,,,0.094646,1776188061000
1776188063.158,263.158,,,,,0.01,1259.65,0.02,137.69,0.99,1259.65,0.98,137.69,,,,,,,0.094648,1776188062000
1776188064.137,264.137,,,,,0.01,1259.65,0.02,137.69,0.99,1259.65,0.98,137.69,,,,,,,0.094651,1776188063000
1776188065.135,265.135,,,,,0.01,1259.65,0.02,137.69,0.99,1259.65,0.98,137.69,,,,,,,0.094649,1776188064000
1776188066.259,266.259,,,,,0.01,1259.65,0.02,137.69,0.99,1259.65,0.98,137.69,,,,,,,0.094669,1776188065000
1776188067.241,267.241,,,,,0.01,1259.65,0.02,137.69,0.99,1259.65,0.98,137.69,,,,,,,0.094684,1776188066000
1776188068.303,268.303,,,,,0.01,1259.65,0.02,137.69,0.99,1259.65,0.98,137.69,,,,,,,0.094688,1776188067000
1776188069.255,269.255,,,,,0.01,1259.65,0.02,137.69,0.99,1259.65,0.98,137.69,,,,,,,0.094661,1776188068000
1776188070.211,270.211,,,,,0.01,1259.65,0.02,137.69,0.99,1259.65,0.98,137.69,,,,,,,0.094632,1776188069000
1776188070.888,270.888,,,,,0.01,4539.54,0.02,132.69,0.99,1259.65,0.98,137.69,,,,,,,0.094632,1776188069000
1776188071.28,271.28,,,,,0.01,4539.54,0.02,132.69,0.99,4539.54,0.98,132.69,,,,,,,0.094639,1776188070000
1776188072.374,272.374,,,,,0.01,4539.54,0.02,132.69,0.99,4539.54,0.98,132.69,,,,,,,0.094627,1776188071000
1776188073.749,273.749,,,,,0.01,4539.54,0.02,132.69,0.99,4539.54,0.98,132.69,,,,,,,0.094621,1776188072000
1776188074.283,274.283,,,,,0.01,4539.54,0.02,132.69,0.99,4539.54,0.98,132.69,,,,,,,0.094624,1776188073000
1776188075.455,275.455,,,,,0.01,4539.54,0.02,132.69,0.99,4539.54,0.98,132.69,,,,,,,0.094623,1776188074000
1776188076.129,276.129,,,,,0.01,4539.54,0.02,132.69,0.99,4539.54,0.98,132.69,,,,,,,0.094623,1776188075000
1776188077.223,277.223,,,,,0.01,4539.54,0.02,132.69,0.99,4539.54,0.98,132.69,,,,,,,0.094623,1776188076000
1776188078.316,278.316,,,,,0.01,4539.54,0.02,132.69,0.99,4539.54,0.98,132.69,,,,,,,0.094548,1776188077000
1776188079.402,279.402,,,,,0.01,4539.54,0.02,132.69,0.99,4539.54,0.98,132.69,,,,,,,0.094529,1776188078000
1776188079.943,279.943,,,,,0.01,4539.54,0.02,132.69,0.99,4539.54,0.98,132.69,,,,,,,0.094526,1776188079000
1776188081.061,281.061,,,,,0.01,4539.54,0.02,132.69,0.99,4539.54,0.98,132.69,,,,,,,0.094516,1776188080000
1776188082.197,282.197,,,,,0.01,4539.54,0.02,132.69,0.99,4539.54,0.98,132.69,,,,,,,0.094509,1776188081000
1776188083.506,283.506,,,,,0.01,4539.54,0.02,132.69,0.99,4539.54,0.98,132.69,,,,,,,0.094507,1776188082000
1776188084.048,284.048,,,,,0.01,4539.54,0.02,132.69,0.99,4539.54,0.98,132.69,,,,,,,0.094499,1776188083000
1776188085.079,285.079,,,,,0.01,4539.54,0.02,132.69,0.99,4539.54,0.98,132.69,,,,,,,0.094519,1776188084000
1776188086.24,286.24,,,,,0.01,4539.54,0.02,132.69,0.99,4539.54,0.98,132.69,,,,,,,0.094517,1776188085000
1776188087.356,287.356,,,,,0.01,4539.54,0.02,132.69,0.99,4539.54,0.98,132.69,,,,,,,0.094542,1776188086000
1776188088.488,288.488,,,,,0.01,4539.54,0.02,132.69,0.99,4539.54,0.98,132.69,,,,,,,0.094528,1776188087000
1776188088.984,288.984,,,,,0.01,4539.54,0.02,132.69,0.99,4539.54,0.98,132.69,,,,,,,0.094506,1776188088000
1776188090.079,290.079,,,,,0.01,4539.54,0.02,132.69,0.99,4539.54,0.98,132.69,,,,,,,0.094493,1776188089000
1776188091.433,291.433,,,,,0.01,4539.54,0.02,132.69,0.99,4539.54,0.98,132.69,,,,,,,0.094491,1776188090000
1776188091.979,291.979,,,,,0.01,4539.54,0.02,132.69,0.99,4539.54,0.98,132.69,,,,,,,0.094478,1776188091000
1776188093.168,293.168,,,,,0.01,4539.54,0.02,132.69,0.99,4539.54,0.98,132.69,,,,,,,0.094465,1776188092000
1776188094.244,294.244,,,,,0.01,4539.54,0.02,132.69,0.99,4539.54,0.98,132.69,,,,,,,0.094466,1776188093000
1776188095.388,295.388,,,,,0.01,4539.54,0.02,132.69,0.99,4539.54,0.98,132.69,,,,,,,0.09447,1776188094000
1776188095.907,295.907,,,,,0.01,4539.54,0.02,132.69,0.99,4539.54,0.98,132.69,,,,,,,0.094482,1776188095000
1776188097.112,297.112,,,,,0.01,4539.54,0.02,132.69,0.99,4539.54,0.98,132.69,,,,,,,0.094495,1776188096000
1776188098.302,298.302,,,,,0.01,4539.54,0.02,132.69,0.99,4539.54,0.98,132.69,,,,,,,0.094516,1776188097000
1776188099.085,299.085,,,,,0.01,4539.54,0.02,132.69,0.99,4539.54,0.98,132.69,,,,,,,0.094518,1776188098000
1776188100.372,300.372,,,,,0.01,4539.54,0.02,132.69,0.99,4539.54,0.98,132.69,,,,,,,0.094517,1776188099000

# RESULT,winner=Down,slug=doge-updown-5m-1776187800,ticks=316
