timestamp,elapsed_sec,up_bid_p1,up_bid_s1,up_bid_p2,up_bid_s2,up_ask_p1,up_ask_s1,up_ask_p2,up_ask_s2,down_bid_p1,down_bid_s1,down_bid_p2,down_bid_s2,down_ask_p1,down_ask_s1,down_ask_p2,down_ask_s2,up_spread,down_spread,doge_price,doge_oracle_ts
1776205801.226,1.226,,,,,,,,,,,,,,,,,,,0.092819,1776205800000
1776205801.464,1.464,0.51,5.0,0.33,300.0,0.67,300.0,0.69,375.0,0.33,300.0,0.31,375.0,0.49,5.0,0.67,300.0,0.16,0.16,0.092819,1776205800000
1776205801.819,1.819,0.51,5.0,0.33,300.0,0.67,300.0,0.69,375.0,0.33,300.0,0.31,375.0,0.49,5.0,0.67,300.0,0.16,0.16,0.092819,1776205800000
1776205802.95,2.95,0.51,5.0,0.33,300.0,0.67,300.0,0.69,375.0,0.33,300.0,0.31,375.0,0.49,5.0,0.67,300.0,0.16,0.16,0.092819,1776205801000
1776205803.638,3.638,0.51,5.0,0.33,300.0,0.67,300.0,0.69,375.0,0.33,300.0,0.31,375.0,0.49,5.0,0.67,300.0,0.16,0.16,0.092808,1776205802000
1776205804.605,4.605,0.51,5.0,0.33,300.0,0.67,300.0,0.69,375.0,0.33,300.0,0.31,375.0,0.49,5.0,0.67,300.0,0.16,0.16,0.092803,1776205803000
1776205805.424,5.424,0.51,5.0,0.33,300.0,0.67,300.0,0.69,375.0,0.33,300.0,0.31,375.0,0.49,5.0,0.67,300.0,0.16,0.16,0.092801,1776205804000
1776205805.88,5.88,0.37,5.0,0.31,50.0,0.61,50.0,0.71,50.0,0.33,300.0,0.31,375.0,0.49,5.0,0.67,300.0,0.24,0.16,0.092801,1776205804000
1776205806.573,6.573,0.37,5.0,0.31,50.0,0.61,50.0,0.71,50.0,0.39,50.0,0.29,50.0,0.63,5.0,0.69,50.0,0.24,0.24,0.092804,1776205805000
1776205807.492,7.492,0.37,5.0,0.31,50.0,0.61,50.0,0.71,50.0,0.39,50.0,0.29,50.0,0.63,5.0,0.69,50.0,0.24,0.24,0.092789,1776205806000
1776205808.626,8.626,0.37,5.0,0.31,50.0,0.61,50.0,0.71,50.0,0.39,50.0,0.29,50.0,0.63,5.0,0.69,50.0,0.24,0.24,0.092785,1776205807000
1776205809.963,9.963,0.37,5.0,0.31,50.0,0.61,50.0,0.71,50.0,0.39,50.0,0.29,50.0,0.63,5.0,0.69,50.0,0.24,0.24,0.092769,1776205808000
1776205810.841,10.841,0.25,10.0,0.24,10.0,0.45,5.0,0.49,10.0,0.39,50.0,0.29,50.0,0.63,5.0,0.69,50.0,0.2,0.24,0.092769,1776205808000
1776205812.009,12.009,0.25,10.0,0.24,10.0,0.45,5.0,0.49,10.0,0.55,5.0,0.51,10.0,0.75,10.0,0.76,10.0,0.2,0.2,0.092777,1776205810000
1776205813.233,13.233,0.25,10.0,0.24,10.0,0.45,5.0,0.49,10.0,0.55,5.0,0.51,10.0,0.75,10.0,0.76,10.0,0.2,0.2,0.092779,1776205812000
1776205813.546,13.546,0.27,5.0,0.21,70.0,0.36,4.4,0.42,10.0,0.55,5.0,0.51,10.0,0.75,10.0,0.76,10.0,0.09,0.2,0.092779,1776205812000
1776205814.299,14.299,0.27,5.0,0.21,70.0,0.36,4.4,0.42,10.0,0.64,4.4,0.58,10.0,0.73,5.0,0.79,70.0,0.09,0.09,0.09278,1776205813000
1776205815.547,15.547,0.27,5.0,0.21,70.0,0.36,4.4,0.42,10.0,0.64,4.4,0.58,10.0,0.73,5.0,0.79,70.0,0.09,0.09,0.092762,1776205814000
1776205815.998,15.998,0.27,5.0,0.21,70.0,0.36,4.4,0.42,10.0,0.64,4.4,0.58,10.0,0.73,5.0,0.79,70.0,0.09,0.09,0.09276,1776205815000
1776205817.021,17.021,0.27,5.0,0.21,70.0,0.36,4.4,0.42,10.0,0.64,4.4,0.58,10.0,0.73,5.0,0.79,70.0,0.09,0.09,0.092761,1776205816000
1776205818.328,18.328,0.27,5.0,0.21,70.0,0.36,4.4,0.42,10.0,0.64,4.4,0.58,10.0,0.73,5.0,0.79,70.0,0.09,0.09,0.09276,1776205817000
1776205818.845,18.845,0.27,5.0,0.21,70.0,0.36,4.4,0.42,10.0,0.64,4.4,0.58,10.0,0.73,5.0,0.79,70.0,0.09,0.09,0.092762,1776205818000
1776205819.939,19.939,0.27,5.0,0.21,70.0,0.36,4.4,0.42,10.0,0.64,4.4,0.58,10.0,0.73,5.0,0.79,70.0,0.09,0.09,0.092761,1776205819000
1776205821.042,21.042,0.27,5.0,0.21,70.0,0.36,4.4,0.42,10.0,0.64,4.4,0.58,10.0,0.73,5.0,0.79,70.0,0.09,0.09,0.092773,1776205820000
1776205822.418,22.418,0.27,5.0,0.21,70.0,0.36,4.4,0.42,10.0,0.64,4.4,0.58,10.0,0.73,5.0,0.79,70.0,0.09,0.09,0.092781,1776205821000
1776205823.329,23.329,0.27,5.0,0.21,70.0,0.36,4.4,0.42,10.0,0.64,4.4,0.58,10.0,0.73,5.0,0.79,70.0,0.09,0.09,0.092781,1776205822000
1776205823.707,23.707,0.37,10.0,0.29,10.0,0.51,49.41,0.53,10.0,0.64,4.4,0.58,10.0,0.73,5.0,0.79,70.0,0.14,0.09,0.092781,1776205822000
1776205825.025,25.025,0.37,10.0,0.29,10.0,0.51,49.41,0.53,10.0,0.49,49.41,0.47,10.0,0.63,10.0,0.71,10.0,0.14,0.14,0.092781,1776205824000
1776205826.096,26.096,0.37,10.0,0.29,10.0,0.51,49.41,0.53,10.0,0.49,49.41,0.47,10.0,0.63,10.0,0.71,10.0,0.14,0.14,0.092775,1776205825000
1776205827.881,27.881,0.37,10.0,0.29,10.0,0.51,49.41,0.53,10.0,0.49,49.41,0.47,10.0,0.63,10.0,0.71,10.0,0.14,0.14,0.092777,1776205826000
1776205828.52,28.52,0.37,10.0,0.29,10.0,0.51,49.41,0.53,10.0,0.49,49.41,0.47,10.0,0.63,10.0,0.71,10.0,0.14,0.14,0.092777,1776205827000
1776205829.523,29.523,0.37,10.0,0.29,10.0,0.51,49.41,0.53,10.0,0.49,49.41,0.47,10.0,0.63,10.0,0.71,10.0,0.14,0.14,0.092777,1776205828000
1776205830.303,30.303,0.37,10.0,0.29,10.0,0.51,49.41,0.53,10.0,0.49,49.41,0.47,10.0,0.63,10.0,0.71,10.0,0.14,0.14,0.092789,1776205829000
1776205830.981,30.981,0.37,10.0,0.29,10.0,0.51,49.41,0.53,10.0,0.49,49.41,0.47,10.0,0.63,10.0,0.71,10.0,0.14,0.14,0.092789,1776205830000
1776205831.585,31.585,0.37,10.0,0.31,50.0,0.45,5.0,0.5,25.0,0.49,49.41,0.47,10.0,0.63,10.0,0.71,10.0,0.08,0.14,0.092789,1776205830000
1776205832.186,32.186,0.37,10.0,0.31,50.0,0.45,5.0,0.5,25.0,0.55,5.0,0.5,25.0,0.63,10.0,0.69,50.0,0.08,0.08,0.092791,1776205831000
1776205833.349,33.349,0.37,10.0,0.31,50.0,0.45,5.0,0.5,25.0,0.55,5.0,0.5,25.0,0.63,10.0,0.69,50.0,0.08,0.08,0.09279,1776205832000
1776205833.954,33.954,0.37,10.0,0.31,50.0,0.45,5.0,0.5,25.0,0.55,5.0,0.5,25.0,0.63,10.0,0.69,50.0,0.08,0.08,0.09277,1776205833000
1776205835.158,35.158,0.37,10.0,0.31,50.0,0.45,5.0,0.5,25.0,0.55,5.0,0.5,25.0,0.63,10.0,0.69,50.0,0.08,0.08,0.092769,1776205834000
1776205836.057,36.057,0.3,5.0,0.22,20.0,0.45,42.0,0.46,10.0,0.55,5.0,0.5,25.0,0.63,10.0,0.69,50.0,0.15,0.08,0.092769,1776205834000
1776205836.308,36.308,0.3,5.0,0.22,20.0,0.45,42.0,0.46,10.0,0.55,42.0,0.54,10.0,0.7,5.0,0.78,20.0,0.15,0.15,0.092777,1776205835000
1776205836.857,36.857,0.3,5.0,0.22,20.0,0.45,42.0,0.46,10.0,0.55,42.0,0.54,10.0,0.7,5.0,0.78,20.0,0.15,0.15,0.092771,1776205836000
1776205837.885,37.885,0.3,5.0,0.22,20.0,0.45,42.0,0.46,10.0,0.55,42.0,0.54,10.0,0.7,5.0,0.78,20.0,0.15,0.15,0.092771,1776205837000
1776205839.207,39.207,0.3,5.0,0.22,20.0,0.45,42.0,0.46,10.0,0.55,42.0,0.54,10.0,0.7,5.0,0.78,20.0,0.15,0.15,0.092777,1776205838000
1776205840.325,40.325,0.3,5.0,0.22,20.0,0.45,42.0,0.46,10.0,0.55,42.0,0.54,10.0,0.7,5.0,0.78,20.0,0.15,0.15,0.092777,1776205839000
1776205840.961,40.961,0.3,5.0,0.22,20.0,0.45,42.0,0.46,10.0,0.55,42.0,0.54,10.0,0.7,5.0,0.78,20.0,0.15,0.15,0.092777,1776205840000
1776205842.058,42.058,0.3,5.0,0.22,20.0,0.45,42.0,0.46,10.0,0.55,42.0,0.54,10.0,0.7,5.0,0.78,20.0,0.15,0.15,0.092778,1776205841000
1776205843.85,43.85,0.3,5.0,0.22,20.0,0.45,42.0,0.46,10.0,0.55,42.0,0.54,10.0,0.7,5.0,0.78,20.0,0.15,0.15,0.092775,1776205842000
1776205844.238,44.238,0.31,5.0,0.29,5.0,0.45,30.55,0.46,10.0,0.55,42.0,0.54,10.0,0.7,5.0,0.78,20.0,0.14,0.15,0.092775,1776205842000
1776205844.496,44.496,0.31,5.0,0.29,5.0,0.45,30.55,0.46,10.0,0.55,30.55,0.54,10.0,0.69,5.0,0.71,5.0,0.14,0.14,0.092775,1776205843000
1776205845.069,45.069,0.31,5.0,0.29,5.0,0.45,30.55,0.46,10.0,0.55,30.55,0.54,10.0,0.69,5.0,0.71,5.0,0.14,0.14,0.092775,1776205844000
1776205846.125,46.125,0.31,5.0,0.29,5.0,0.45,30.55,0.46,10.0,0.55,30.55,0.54,10.0,0.69,5.0,0.71,5.0,0.14,0.14,0.092775,1776205845000
1776205847.096,47.096,0.31,5.0,0.29,5.0,0.45,30.55,0.46,10.0,0.55,30.55,0.54,10.0,0.69,5.0,0.71,5.0,0.14,0.14,0.092775,1776205846000
1776205848.292,48.292,0.31,5.0,0.29,5.0,0.45,30.55,0.46,10.0,0.55,30.55,0.54,10.0,0.69,5.0,0.71,5.0,0.14,0.14,0.092775,1776205847000
1776205848.935,48.935,0.31,5.0,0.29,5.0,0.45,30.55,0.46,10.0,0.55,30.55,0.54,10.0,0.69,5.0,0.71,5.0,0.14,0.14,0.092775,1776205848000
1776205849.936,49.936,0.31,5.0,0.29,5.0,0.45,30.55,0.46,10.0,0.55,30.55,0.54,10.0,0.69,5.0,0.71,5.0,0.14,0.14,0.092775,1776205849000
1776205851.062,51.062,0.31,5.0,0.29,5.0,0.45,30.55,0.46,10.0,0.55,30.55,0.54,10.0,0.69,5.0,0.71,5.0,0.14,0.14,0.092775,1776205850000
1776205852.254,52.254,0.31,5.0,0.29,5.0,0.45,30.55,0.46,10.0,0.55,30.55,0.54,10.0,0.69,5.0,0.71,5.0,0.14,0.14,0.092774,1776205851000
1776205853.341,53.341,0.31,5.0,0.29,5.0,0.45,30.55,0.46,10.0,0.55,30.55,0.54,10.0,0.69,5.0,0.71,5.0,0.14,0.14,0.09277,1776205852000
1776205853.913,53.913,0.31,5.0,0.29,5.0,0.45,30.55,0.46,10.0,0.55,30.55,0.54,10.0,0.69,5.0,0.71,5.0,0.14,0.14,0.09277,1776205853000
1776205854.987,54.987,0.31,5.0,0.29,5.0,0.45,30.55,0.46,10.0,0.55,30.55,0.54,10.0,0.69,5.0,0.71,5.0,0.14,0.14,0.092772,1776205854000
1776205856.165,56.165,0.31,5.0,0.29,5.0,0.45,30.55,0.46,10.0,0.55,30.55,0.54,10.0,0.69,5.0,0.71,5.0,0.14,0.14,0.092778,1776205855000
1776205857.301,57.301,0.31,5.0,0.29,5.0,0.45,30.55,0.46,10.0,0.55,30.55,0.54,10.0,0.69,5.0,0.71,5.0,0.14,0.14,0.092778,1776205856000
1776205858.877,58.877,0.31,5.0,0.29,5.0,0.45,30.55,0.46,10.0,0.55,30.55,0.54,10.0,0.69,5.0,0.71,5.0,0.14,0.14,0.092779,1776205857000
1776205859.389,59.389,0.31,5.0,0.29,5.0,0.45,30.55,0.46,10.0,0.55,30.55,0.54,10.0,0.69,5.0,0.71,5.0,0.14,0.14,0.092779,1776205858000
1776205860.284,60.284,0.31,5.0,0.29,5.0,0.45,30.55,0.46,10.0,0.55,30.55,0.54,10.0,0.69,5.0,0.71,5.0,0.14,0.14,0.092778,1776205859000
1776205860.627,60.627,0.34,11.6,0.33,16.8,0.47,0.74,0.48,10.0,0.55,30.55,0.54,10.0,0.69,5.0,0.71,5.0,0.13,0.14,0.092778,1776205859000
1776205861.405,61.405,0.34,11.6,0.33,16.8,0.47,0.74,0.48,10.0,0.53,0.74,0.52,10.0,0.66,11.6,0.67,16.8,0.13,0.13,0.092778,1776205860000
1776205862.032,62.032,0.34,11.6,0.33,16.8,0.47,0.74,0.48,10.0,0.53,0.74,0.52,10.0,0.66,11.6,0.67,16.8,0.13,0.13,0.092779,1776205861000
1776205862.953,62.953,0.34,11.6,0.33,16.8,0.47,0.74,0.48,10.0,0.53,0.74,0.52,10.0,0.66,11.6,0.67,16.8,0.13,0.13,0.092787,1776205862000
1776205863.94,63.94,0.34,11.6,0.33,16.8,0.47,0.74,0.48,10.0,0.53,0.74,0.52,10.0,0.66,11.6,0.67,16.8,0.13,0.13,0.092783,1776205863000
1776205864.97,64.97,0.34,11.6,0.33,16.8,0.47,0.74,0.48,10.0,0.53,0.74,0.52,10.0,0.66,11.6,0.67,16.8,0.13,0.13,0.092784,1776205864000
1776205866.075,66.075,0.34,11.6,0.33,16.8,0.47,0.74,0.48,10.0,0.53,0.74,0.52,10.0,0.66,11.6,0.67,16.8,0.13,0.13,0.092783,1776205865000
1776205866.598,66.598,0.4,2.58,0.39,10.9,0.48,10.0,0.49,10.0,0.53,0.74,0.52,10.0,0.66,11.6,0.67,16.8,0.08,0.13,0.092783,1776205865000
1776205867.085,67.085,0.4,2.58,0.39,10.9,0.48,10.0,0.49,10.0,0.52,10.0,0.51,10.0,0.6,2.58,0.61,10.9,0.08,0.08,0.092783,1776205866000
1776205867.988,67.988,0.4,2.58,0.39,10.9,0.48,10.0,0.49,10.0,0.52,10.0,0.51,10.0,0.6,2.58,0.61,10.9,0.08,0.08,0.092783,1776205867000
1776205869.077,69.077,0.4,2.58,0.39,10.9,0.48,10.0,0.49,10.0,0.52,10.0,0.51,10.0,0.6,2.58,0.61,10.9,0.08,0.08,0.092781,1776205868000
1776205870.065,70.065,0.4,2.58,0.39,10.9,0.48,10.0,0.49,10.0,0.52,10.0,0.51,10.0,0.6,2.58,0.61,10.9,0.08,0.08,0.09278,1776205869000
1776205871.122,71.122,0.4,2.58,0.39,10.9,0.48,10.0,0.49,10.0,0.52,10.0,0.51,10.0,0.6,2.58,0.61,10.9,0.08,0.08,0.092779,1776205870000
1776205872.289,72.289,0.4,2.58,0.39,10.9,0.48,10.0,0.49,10.0,0.52,10.0,0.51,10.0,0.6,2.58,0.61,10.9,0.08,0.08,0.092779,1776205871000
1776205872.886,72.886,0.24,12.11,0.23,14.7,0.41,50.0,0.43,10.0,0.52,10.0,0.51,10.0,0.6,2.58,0.61,10.9,0.17,0.08,0.092779,1776205871000
1776205873.172,73.172,0.24,12.11,0.23,14.7,0.31,16.77,0.43,10.0,0.59,50.0,0.57,10.0,0.76,12.11,0.77,14.7,0.07,0.17,0.092779,1776205871000
1776205873.777,73.777,0.25,13.9,0.24,12.11,0.31,35.77,0.4,10.0,0.69,16.77,0.57,10.0,0.76,12.11,0.77,14.7,0.06,0.07,0.092764,1776205872000
1776205874.153,74.153,0.25,13.9,0.24,12.11,0.31,35.77,0.4,10.0,0.69,35.77,0.6,10.0,0.75,13.9,0.76,12.11,0.06,0.06,0.092741,1776205873000
1776205874.371,74.371,0.28,10.0,0.26,13.5,0.31,11.77,0.56,10.0,0.69,11.77,0.5,5.0,0.7,5.0,0.72,10.0,0.03,0.01,0.092741,1776205873000
1776205874.622,74.622,0.31,37.72,0.3,43.0,0.57,5.0,0.6,10.0,0.44,10.0,0.39,50.0,0.69,38.23,0.72,10.0,0.26,0.25,0.092741,1776205873000
1776205875.185,75.185,0.31,37.72,0.3,43.0,0.57,5.0,0.6,10.0,0.43,5.0,0.4,10.0,0.69,37.72,0.7,43.0,0.26,0.26,0.092744,1776205874000
1776205876.187,76.187,0.31,37.72,0.3,43.0,0.57,5.0,0.6,10.0,0.43,5.0,0.4,10.0,0.69,37.72,0.7,43.0,0.26,0.26,0.092782,1776205875000
1776205876.473,76.473,0.42,5.0,0.31,37.72,0.53,5.0,0.55,5.0,0.43,5.0,0.4,10.0,0.69,37.72,0.7,43.0,0.11,0.26,0.092782,1776205875000
1776205877.192,77.192,0.42,2.92,0.41,5.0,0.53,5.0,0.55,5.0,0.47,5.0,0.45,5.0,0.58,2.92,0.59,5.0,0.11,0.11,0.092798,1776205876000
1776205878.178,78.178,0.42,2.92,0.41,5.0,0.53,5.0,0.55,5.0,0.47,5.0,0.45,5.0,0.58,2.92,0.59,5.0,0.11,0.11,0.092798,1776205877000
1776205879.143,79.143,0.42,2.92,0.41,5.0,0.53,5.0,0.55,5.0,0.47,5.0,0.45,5.0,0.58,2.92,0.59,5.0,0.11,0.11,0.092794,1776205878000
1776205880.183,80.183,0.42,2.92,0.41,5.0,0.53,5.0,0.55,5.0,0.47,5.0,0.45,5.0,0.58,2.92,0.59,5.0,0.11,0.11,0.092794,1776205879000
1776205881.159,81.159,0.42,2.92,0.41,5.0,0.53,5.0,0.55,5.0,0.47,5.0,0.45,5.0,0.58,2.92,0.59,5.0,0.11,0.11,0.092794,1776205880000
1776205882.106,82.106,0.42,2.92,0.41,5.0,0.53,5.0,0.55,5.0,0.47,5.0,0.45,5.0,0.58,2.92,0.59,5.0,0.11,0.11,0.092794,1776205881000
1776205883.163,83.163,0.42,2.92,0.41,5.0,0.53,5.0,0.55,5.0,0.47,5.0,0.45,5.0,0.58,2.92,0.59,5.0,0.11,0.11,0.092794,1776205882000
1776205884.071,84.071,0.42,2.92,0.41,5.0,0.53,5.0,0.55,5.0,0.47,5.0,0.45,5.0,0.58,2.92,0.59,5.0,0.11,0.11,0.092799,1776205883000
1776205885.063,85.063,0.52,5.0,0.51,5.0,0.65,7.86,0.71,72.6,0.47,5.0,0.45,5.0,0.58,2.92,0.59,5.0,0.13,0.11,0.092799,1776205883000
1776205885.348,85.348,0.52,5.0,0.51,5.0,0.65,7.86,0.71,72.6,0.35,7.86,0.29,72.6,0.48,5.0,0.49,5.0,0.13,0.13,0.092802,1776205884000
1776205885.633,85.633,0.52,9.02,0.41,60.7,0.65,10.0,0.71,72.6,0.35,7.86,0.29,72.6,0.48,5.0,0.49,5.0,0.13,0.13,0.092802,1776205884000
1776205886.061,86.061,0.52,9.02,0.41,60.7,0.65,10.0,0.71,72.6,0.35,10.0,0.29,72.6,0.48,9.02,0.59,60.7,0.13,0.13,0.092809,1776205885000
1776205887.356,87.356,0.51,50.0,0.44,10.6,0.67,3.4,0.74,13.5,0.35,10.0,0.29,72.6,0.48,9.02,0.59,60.7,0.16,0.13,0.092809,1776205885000
1776205888.197,88.197,0.51,50.0,0.44,10.6,0.67,3.4,0.74,13.5,0.33,3.4,0.26,13.5,0.49,50.0,0.56,10.6,0.16,0.16,0.092827,1776205887000
1776205889.324,89.324,0.51,50.0,0.44,10.6,0.67,3.4,0.74,13.5,0.33,3.4,0.26,13.5,0.49,50.0,0.56,10.6,0.16,0.16,0.092842,1776205888000
1776205890.448,90.448,0.51,50.0,0.44,10.6,0.67,3.4,0.74,13.5,0.33,3.4,0.26,13.5,0.49,50.0,0.56,10.6,0.16,0.16,0.092872,1776205889000
1776205891.109,91.109,0.51,50.0,0.44,10.6,0.67,3.4,0.74,13.5,0.33,3.4,0.26,13.5,0.49,50.0,0.56,10.6,0.16,0.16,0.092872,1776205890000
1776205892.171,92.171,0.51,50.0,0.44,10.6,0.67,3.4,0.74,13.5,0.33,3.4,0.26,13.5,0.49,50.0,0.56,10.6,0.16,0.16,0.092887,1776205891000
1776205893.415,93.415,0.51,50.0,0.44,10.6,0.67,3.4,0.74,13.5,0.33,3.4,0.26,13.5,0.49,50.0,0.56,10.6,0.16,0.16,0.092884,1776205892000
1776205893.995,93.995,0.51,50.0,0.44,10.6,0.67,3.4,0.74,13.5,0.33,3.4,0.26,13.5,0.49,50.0,0.56,10.6,0.16,0.16,0.092884,1776205893000
1776205895.116,95.116,0.51,50.0,0.44,10.6,0.67,3.4,0.74,13.5,0.33,3.4,0.26,13.5,0.49,50.0,0.56,10.6,0.16,0.16,0.092889,1776205894000
1776205896.405,96.405,0.51,50.0,0.44,10.6,0.67,3.4,0.74,13.5,0.33,3.4,0.26,13.5,0.49,50.0,0.56,10.6,0.16,0.16,0.092893,1776205895000
1776205897.351,97.351,0.51,50.0,0.44,10.6,0.67,3.4,0.74,13.5,0.33,3.4,0.26,13.5,0.49,50.0,0.56,10.6,0.16,0.16,0.092893,1776205896000
1776205898.001,98.001,0.51,50.0,0.44,10.6,0.67,3.4,0.74,13.5,0.33,3.4,0.26,13.5,0.49,50.0,0.56,10.6,0.16,0.16,0.092891,1776205897000
1776205899.165,99.165,0.51,50.0,0.44,10.6,0.67,3.4,0.74,13.5,0.33,3.4,0.26,13.5,0.49,50.0,0.56,10.6,0.16,0.16,0.092892,1776205898000
1776205899.709,99.709,0.74,5.0,0.61,70.0,0.85,19.09,0.86,26.6,0.33,3.4,0.26,13.5,0.49,50.0,0.56,10.6,0.11,0.16,0.092892,1776205898000
1776205901.078,101.078,0.74,5.0,0.61,70.0,0.85,19.09,0.86,26.6,0.15,19.09,0.14,26.6,0.26,5.0,0.39,70.0,0.11,0.11,0.092894,1776205899000
1776205901.779,101.779,0.74,5.0,0.61,70.0,0.85,19.09,0.86,26.6,0.15,19.09,0.14,26.6,0.26,5.0,0.39,70.0,0.11,0.11,0.092899,1776205900000
1776205902.644,102.644,0.74,5.0,0.61,70.0,0.85,19.09,0.86,26.6,0.15,19.09,0.14,26.6,0.26,5.0,0.39,70.0,0.11,0.11,0.092895,1776205901000
1776205903.376,103.376,0.74,5.0,0.61,70.0,0.85,19.09,0.86,26.6,0.15,19.09,0.14,26.6,0.26,5.0,0.39,70.0,0.11,0.11,0.092898,1776205902000
1776205904.51,104.51,0.74,5.0,0.61,70.0,0.85,19.09,0.86,26.6,0.15,19.09,0.14,26.6,0.26,5.0,0.39,70.0,0.11,0.11,0.092903,1776205903000
1776205905.451,105.451,0.74,5.0,0.61,70.0,0.85,19.09,0.86,26.6,0.15,19.09,0.14,26.6,0.26,5.0,0.39,70.0,0.11,0.11,0.092903,1776205904000
1776205906.098,106.098,0.74,5.0,0.61,70.0,0.85,19.09,0.86,26.6,0.15,19.09,0.14,26.6,0.26,5.0,0.39,70.0,0.11,0.11,0.092911,1776205905000
1776205907.32,107.32,0.74,5.0,0.61,70.0,0.85,19.09,0.86,26.6,0.15,19.09,0.14,26.6,0.26,5.0,0.39,70.0,0.11,0.11,0.092921,1776205906000
1776205907.996,107.996,0.74,5.0,0.61,70.0,0.85,19.09,0.86,26.6,0.15,19.09,0.14,26.6,0.26,5.0,0.39,70.0,0.11,0.11,0.092926,1776205907000
1776205909.395,109.395,0.74,5.0,0.61,70.0,0.85,19.09,0.86,26.6,0.15,19.09,0.14,26.6,0.26,5.0,0.39,70.0,0.11,0.11,0.092928,1776205908000
1776205909.91,109.91,0.74,5.0,0.61,70.0,0.85,19.09,0.86,26.6,0.15,19.09,0.14,26.6,0.26,5.0,0.39,70.0,0.11,0.11,0.092931,1776205909000
1776205911.551,111.551,0.74,5.0,0.61,70.0,0.85,19.09,0.86,26.6,0.15,19.09,0.14,26.6,0.26,5.0,0.39,70.0,0.11,0.11,0.092925,1776205910000
1776205912.247,112.247,0.74,5.0,0.61,70.0,0.85,19.09,0.86,26.6,0.15,19.09,0.14,26.6,0.26,5.0,0.39,70.0,0.11,0.11,0.092922,1776205911000
1776205914.239,114.239,0.74,5.0,0.61,70.0,0.85,19.09,0.86,26.6,0.15,19.09,0.14,26.6,0.26,5.0,0.39,70.0,0.11,0.11,0.09293,1776205913000
1776205915.983,115.983,0.74,5.0,0.61,70.0,0.85,19.09,0.86,26.6,0.15,19.09,0.14,26.6,0.26,5.0,0.39,70.0,0.11,0.11,0.092928,1776205914000
1776205916.616,116.616,0.84,2.81,0.79,15.7,0.88,24.6,0.89,26.6,0.15,19.09,0.14,26.6,0.26,5.0,0.39,70.0,0.04,0.11,0.092928,1776205914000
1776205917.555,117.555,0.84,2.81,0.79,15.7,0.88,24.6,0.89,26.6,0.12,24.6,0.11,26.6,0.16,2.81,0.21,15.7,0.04,0.04,0.092926,1776205916000
1776205918.44,118.44,0.84,2.81,0.79,15.7,0.88,24.6,0.89,26.6,0.12,24.6,0.11,26.6,0.16,2.81,0.21,15.7,0.04,0.04,0.092927,1776205917000
1776205919.192,119.192,0.84,2.81,0.79,15.7,0.88,24.6,0.89,26.6,0.12,24.6,0.11,26.6,0.16,2.81,0.21,15.7,0.04,0.04,0.092929,1776205918000
1776205920.31,120.31,0.84,2.81,0.79,15.7,0.88,24.6,0.89,26.6,0.12,24.6,0.11,26.6,0.16,2.81,0.21,15.7,0.04,0.04,0.092929,1776205919000
1776205922.2,122.2,0.84,2.81,0.79,15.7,0.88,24.6,0.89,26.6,0.12,24.6,0.11,26.6,0.16,2.81,0.21,15.7,0.04,0.04,0.092929,1776205920000
1776205922.718,122.718,0.84,2.81,0.79,15.7,0.88,24.6,0.89,26.6,0.12,24.6,0.11,26.6,0.16,2.81,0.21,15.7,0.04,0.04,0.09292,1776205921000
1776205923.33,123.33,0.84,2.81,0.79,15.7,0.88,24.6,0.89,26.6,0.12,24.6,0.11,26.6,0.16,2.81,0.21,15.7,0.04,0.04,0.09292,1776205922000
1776205924.579,124.579,0.84,2.81,0.79,15.7,0.88,24.6,0.89,26.6,0.12,24.6,0.11,26.6,0.16,2.81,0.21,15.7,0.04,0.04,0.092924,1776205923000
1776205925.158,125.158,0.84,2.81,0.79,15.7,0.88,24.6,0.89,26.6,0.12,24.6,0.11,26.6,0.16,2.81,0.21,15.7,0.04,0.04,0.092932,1776205924000
1776205926.488,126.488,0.82,27.6,0.81,16.89,0.91,20.71,0.92,35.29,0.09,20.71,0.08,35.29,0.18,27.6,0.19,16.89,0.09,0.09,0.092947,1776205925000
1776205927.075,127.075,0.82,27.6,0.81,16.89,0.91,20.71,0.92,35.29,0.09,20.71,0.08,35.29,0.18,27.6,0.19,16.89,0.09,0.09,0.09295,1776205926000
1776205928.261,128.261,0.82,27.6,0.81,16.89,0.91,20.71,0.92,35.29,0.09,20.71,0.08,35.29,0.18,27.6,0.19,16.89,0.09,0.09,0.09295,1776205927000
1776205929.484,129.484,0.82,27.6,0.81,16.89,0.91,20.71,0.92,35.29,0.09,20.71,0.08,35.29,0.18,27.6,0.19,16.89,0.09,0.09,0.09296,1776205928000
1776205930.079,130.079,0.82,27.6,0.81,16.89,0.91,20.71,0.92,35.29,0.09,20.71,0.08,35.29,0.18,27.6,0.19,16.89,0.09,0.09,0.09296,1776205929000
1776205930.378,130.378,0.88,24.6,0.87,23.0,0.94,41.1,0.95,54.7,0.09,20.71,0.08,35.29,0.18,27.6,0.19,16.89,0.06,0.09,0.09296,1776205929000
1776205931.335,131.335,0.88,24.6,0.87,23.0,0.94,41.1,0.95,54.7,0.06,41.1,0.05,54.7,0.12,24.6,0.13,23.0,0.06,0.06,0.092962,1776205930000
1776205931.981,131.981,0.88,24.6,0.87,23.0,0.94,41.1,0.95,54.7,0.06,41.1,0.05,54.7,0.12,24.6,0.13,23.0,0.06,0.06,0.092975,1776205931000
1776205933.485,133.485,0.88,24.6,0.87,23.0,0.94,41.1,0.95,54.7,0.06,41.1,0.05,54.7,0.12,24.6,0.13,23.0,0.06,0.06,0.092979,1776205932000
1776205934.009,134.009,0.89,26.6,0.88,29.6,0.94,36.1,0.95,54.7,0.06,36.1,0.05,54.7,0.11,26.6,0.12,29.6,0.05,0.05,0.092984,1776205933000
1776205935.288,135.288,0.89,26.6,0.88,29.6,0.94,36.1,0.95,54.7,0.06,36.1,0.05,54.7,0.11,26.6,0.12,29.6,0.05,0.05,0.092982,1776205934000
1776205935.98,135.98,0.89,26.6,0.88,29.6,0.94,36.1,0.95,54.7,0.06,36.1,0.05,54.7,0.11,26.6,0.12,29.6,0.05,0.05,0.092982,1776205935000
1776205937.031,137.031,0.89,26.6,0.88,29.6,0.94,36.1,0.95,54.7,0.06,36.1,0.05,54.7,0.11,26.6,0.12,29.6,0.05,0.05,0.092984,1776205936000
1776205938.099,138.099,0.89,26.6,0.88,29.6,0.94,36.1,0.95,54.7,0.06,36.1,0.05,54.7,0.11,26.6,0.12,29.6,0.05,0.05,0.092984,1776205937000
1776205939.063,139.063,0.89,26.6,0.88,29.6,0.94,36.1,0.95,54.7,0.06,36.1,0.05,54.7,0.11,26.6,0.12,29.6,0.05,0.05,0.092984,1776205938000
1776205940.33,140.33,0.87,23.0,0.86,21.6,0.95,53.12,0.96,72.7,0.05,53.12,0.04,72.7,0.13,23.0,0.14,21.6,0.08,0.08,0.092984,1776205939000
1776205941.24,141.24,0.87,23.0,0.86,21.6,0.95,53.12,0.96,72.7,0.05,53.12,0.04,72.7,0.13,23.0,0.14,21.6,0.08,0.08,0.092983,1776205940000
1776205942.33,142.33,0.87,23.0,0.86,21.6,0.95,53.12,0.96,72.7,0.05,53.12,0.04,72.7,0.13,23.0,0.14,21.6,0.08,0.08,0.092977,1776205941000
1776205942.933,142.933,0.87,23.0,0.86,21.6,0.95,53.12,0.96,72.7,0.05,53.12,0.04,72.7,0.13,23.0,0.14,21.6,0.08,0.08,0.092977,1776205942000
1776205943.96,143.96,0.87,23.0,0.86,21.6,0.95,53.12,0.96,72.7,0.05,53.12,0.04,72.7,0.13,23.0,0.14,21.6,0.08,0.08,0.092977,1776205943000
1776205944.951,144.951,0.87,23.0,0.86,21.6,0.95,53.12,0.96,72.7,0.05,53.12,0.04,72.7,0.13,23.0,0.14,21.6,0.08,0.08,0.09301,1776205944000
1776205945.954,145.954,0.87,23.0,0.86,21.6,0.95,53.12,0.96,72.7,0.05,53.12,0.04,72.7,0.13,23.0,0.14,21.6,0.08,0.08,0.093011,1776205945000
1776205947.093,147.093,0.87,23.0,0.86,21.6,0.95,53.12,0.96,72.7,0.05,53.12,0.04,72.7,0.13,23.0,0.14,21.6,0.08,0.08,0.093014,1776205946000
1776205947.997,147.997,0.87,23.0,0.86,21.6,0.95,53.12,0.96,72.7,0.05,53.12,0.04,72.7,0.13,23.0,0.14,21.6,0.08,0.08,0.09301,1776205947000
1776205948.563,148.563,0.95,10.26,0.93,39.9,0.97,123.09,0.98,147.69,0.05,53.12,0.04,72.7,0.13,23.0,0.14,21.6,0.02,0.08,0.09301,1776205947000
1776205949.03,149.03,0.95,10.26,0.93,39.9,0.97,123.09,0.98,147.69,0.03,123.09,0.02,147.69,0.05,10.26,0.07,39.9,0.02,0.02,0.093017,1776205948000
1776205950.383,150.383,0.95,10.26,0.93,39.9,0.97,123.09,0.98,147.69,0.03,123.09,0.02,147.69,0.05,10.26,0.07,39.9,0.02,0.02,0.093016,1776205949000
1776205950.953,150.953,0.95,10.26,0.93,39.9,0.97,123.09,0.98,147.69,0.03,123.09,0.02,147.69,0.05,10.26,0.07,39.9,0.02,0.02,0.093016,1776205950000
1776205952.083,152.083,0.95,10.26,0.93,39.9,0.97,123.09,0.98,147.69,0.03,123.09,0.02,147.69,0.05,10.26,0.07,39.9,0.02,0.02,0.093025,1776205951000
1776205953.073,153.073,0.95,10.26,0.93,39.9,0.97,123.09,0.98,147.69,0.03,123.09,0.02,147.69,0.05,10.26,0.07,39.9,0.02,0.02,0.093024,1776205952000
1776205954.187,154.187,0.95,10.26,0.93,39.9,0.97,123.09,0.98,147.69,0.03,123.09,0.02,147.69,0.05,10.26,0.07,39.9,0.02,0.02,0.092996,1776205953000
1776205961.354,161.354,0.95,10.26,0.93,39.9,0.97,123.09,0.98,147.69,0.03,123.09,0.02,147.69,0.05,10.26,0.07,39.9,0.02,0.02,0.093018,1776205960000
1776205962.22,162.22,0.95,10.26,0.93,39.9,0.97,123.09,0.98,147.69,0.03,123.09,0.02,147.69,0.05,10.26,0.07,39.9,0.02,0.02,0.093019,1776205961000
1776205963.287,163.287,0.95,10.26,0.93,39.9,0.97,123.09,0.98,147.69,0.03,123.09,0.02,147.69,0.05,10.26,0.07,39.9,0.02,0.02,0.093016,1776205962000
1776205964.455,164.455,0.95,10.26,0.93,39.9,0.97,123.09,0.98,147.69,0.03,123.09,0.02,147.69,0.05,10.26,0.07,39.9,0.02,0.02,0.093012,1776205963000
1776205964.991,164.991,0.95,10.26,0.93,39.9,0.97,123.09,0.98,147.69,0.03,123.09,0.02,147.69,0.05,10.26,0.07,39.9,0.02,0.02,0.093015,1776205964000
1776205965.626,165.626,0.96,72.7,0.95,59.96,0.97,37.75,0.98,15.0,0.03,123.09,0.02,147.69,0.05,10.26,0.07,39.9,0.01,0.02,0.093015,1776205964000
1776205966.203,166.203,0.96,72.7,0.95,59.96,0.97,37.75,0.98,15.0,0.03,37.75,0.02,15.0,0.04,72.7,0.05,59.96,0.01,0.01,0.093015,1776205965000
1776205966.409,166.409,0.96,5.0,0.95,59.96,0.98,147.69,0.99,462.6,0.03,37.75,0.02,15.0,0.04,72.7,0.05,59.96,0.02,0.01,0.093015,1776205965000
1776205967.439,167.439,0.96,5.0,0.95,59.96,0.98,147.69,0.99,462.6,0.02,147.69,0.01,462.6,0.04,5.0,0.05,59.96,0.02,0.02,0.093024,1776205966000
1776205968.019,168.019,0.96,5.0,0.95,59.96,0.98,147.69,0.99,462.6,0.02,147.69,0.01,462.6,0.04,5.0,0.05,59.96,0.02,0.02,0.093017,1776205967000
1776205969.147,169.147,0.96,5.0,0.95,59.96,0.98,147.69,0.99,462.6,0.02,147.69,0.01,462.6,0.04,5.0,0.05,59.96,0.02,0.02,0.093013,1776205968000
1776205970.311,170.311,0.96,5.0,0.95,59.96,0.98,147.69,0.99,462.6,0.02,147.69,0.01,462.6,0.04,5.0,0.05,59.96,0.02,0.02,0.093006,1776205969000
1776205970.904,170.904,0.96,5.0,0.95,59.96,0.98,147.69,0.99,462.6,0.02,147.69,0.01,462.6,0.04,5.0,0.05,59.96,0.02,0.02,0.093007,1776205970000
1776205972.169,172.169,0.96,5.0,0.95,59.96,0.98,147.69,0.99,462.6,0.02,147.69,0.01,462.6,0.04,5.0,0.05,59.96,0.02,0.02,0.093007,1776205971000
1776205973.295,173.295,0.96,5.0,0.95,59.96,0.98,147.69,0.99,462.6,0.02,147.69,0.01,462.6,0.04,5.0,0.05,59.96,0.02,0.02,0.093008,1776205972000
1776205973.899,173.899,0.96,5.0,0.95,59.96,0.98,147.69,0.99,462.6,0.02,147.69,0.01,462.6,0.04,5.0,0.05,59.96,0.02,0.02,0.093006,1776205973000
1776205975.019,175.019,0.96,5.0,0.95,59.96,0.98,147.69,0.99,462.6,0.02,147.69,0.01,462.6,0.04,5.0,0.05,59.96,0.02,0.02,0.092999,1776205974000
1776205976.051,176.051,0.95,63.39,0.94,46.1,0.98,147.69,0.99,462.6,0.02,147.69,0.01,462.6,0.04,5.0,0.05,59.96,0.03,0.02,0.092999,1776205974000
1776205977.368,177.368,0.95,63.39,0.94,46.1,0.98,147.69,0.99,462.6,0.02,147.69,0.01,462.6,0.05,63.39,0.06,46.1,0.03,0.03,0.093002,1776205976000
1776205977.909,177.909,0.95,63.39,0.94,46.1,0.98,147.69,0.99,462.6,0.02,147.69,0.01,462.6,0.05,63.39,0.06,46.1,0.03,0.03,0.093005,1776205977000
1776205979.62,179.62,0.95,63.39,0.94,46.1,0.98,147.69,0.99,462.6,0.02,147.69,0.01,462.6,0.05,63.39,0.06,46.1,0.03,0.03,0.093012,1776205978000
1776205980.207,180.207,0.95,63.39,0.94,46.1,0.98,147.69,0.99,462.6,0.02,147.69,0.01,462.6,0.05,63.39,0.06,46.1,0.03,0.03,0.093012,1776205979000
1776205981.625,181.625,0.97,94.3,0.96,72.7,0.98,12.95,0.99,462.6,0.02,147.69,0.01,462.6,0.05,63.39,0.06,46.1,0.01,0.03,0.093012,1776205979000
1776205982.274,182.274,0.97,94.3,0.96,72.7,0.98,12.95,0.99,462.6,0.02,12.95,0.01,462.6,0.03,94.3,0.04,72.7,0.01,0.01,0.093007,1776205981000
1776205983.481,183.481,0.97,94.3,0.96,72.7,0.98,12.95,0.99,462.6,0.02,12.95,0.01,462.6,0.03,94.3,0.04,72.7,0.01,0.01,0.093014,1776205982000
1776205984.176,184.176,0.97,94.3,0.96,72.7,0.98,12.95,0.99,462.6,0.02,12.95,0.01,462.6,0.03,94.3,0.04,72.7,0.01,0.01,0.093014,1776205983000
1776205985.13,185.13,0.97,94.3,0.96,72.7,0.98,12.95,0.99,462.6,0.02,12.95,0.01,462.6,0.03,94.3,0.04,72.7,0.01,0.01,0.093025,1776205984000
1776205986.162,186.162,0.97,94.3,0.96,72.7,0.98,12.95,0.99,462.6,0.02,12.95,0.01,462.6,0.03,94.3,0.04,72.7,0.01,0.01,0.093021,1776205985000
1776205987.261,187.261,0.97,94.3,0.96,72.7,0.98,12.95,0.99,462.6,0.02,12.95,0.01,462.6,0.03,94.3,0.04,72.7,0.01,0.01,0.09303,1776205986000
1776205988.364,188.364,0.97,94.3,0.96,72.7,0.98,12.95,0.99,462.6,0.02,12.95,0.01,462.6,0.03,94.3,0.04,72.7,0.01,0.01,0.093028,1776205987000
1776205988.974,188.974,0.97,94.3,0.96,72.7,0.98,12.95,0.99,462.6,0.02,12.95,0.01,462.6,0.03,94.3,0.04,72.7,0.01,0.01,0.09303,1776205988000
1776205990.118,190.118,0.97,94.3,0.96,72.7,0.98,12.95,0.99,462.6,0.02,12.95,0.01,462.6,0.03,94.3,0.04,72.7,0.01,0.01,0.093037,1776205989000
1776205990.367,190.367,0.97,94.3,0.96,67.7,0.98,2.95,0.99,200.0,0.02,12.95,0.01,462.6,0.03,94.3,0.04,72.7,0.01,0.01,0.093037,1776205989000
1776205991.185,191.185,0.97,94.3,0.96,67.7,0.98,2.95,0.99,200.0,0.02,2.95,0.01,200.0,0.03,94.3,0.04,67.7,0.01,0.01,0.093029,1776205990000
1776205992.379,192.379,0.97,94.3,0.96,67.7,0.98,2.95,0.99,200.0,0.02,2.95,0.01,200.0,0.03,94.3,0.04,67.7,0.01,0.01,0.093028,1776205991000
1776205992.97,192.97,0.97,94.3,0.96,67.7,0.98,2.95,0.99,200.0,0.02,2.95,0.01,200.0,0.03,94.3,0.04,67.7,0.01,0.01,0.09303,1776205992000
1776205994.473,194.473,0.97,94.3,0.96,67.7,0.98,2.95,0.99,200.0,0.02,2.95,0.01,200.0,0.03,94.3,0.04,67.7,0.01,0.01,0.092998,1776205993000
1776205995.04,195.04,0.97,94.3,0.96,67.7,0.98,2.95,0.99,200.0,0.02,2.95,0.01,200.0,0.03,94.3,0.04,67.7,0.01,0.01,0.092964,1776205994000
1776205995.412,195.412,0.95,3.69,0.89,20.0,0.98,140.64,0.99,462.6,0.02,2.95,0.01,200.0,0.03,94.3,0.04,67.7,0.03,0.01,0.092964,1776205994000
1776205996.112,196.112,0.95,3.69,0.89,20.0,0.98,140.64,0.99,462.6,0.02,140.64,0.01,462.6,0.05,3.69,0.11,20.0,0.03,0.03,0.092953,1776205995000
1776205997.233,197.233,0.95,3.69,0.89,20.0,0.98,140.64,0.99,462.6,0.02,140.64,0.01,462.6,0.05,3.69,0.11,20.0,0.03,0.03,0.092955,1776205996000
1776205997.558,197.558,0.9,28.9,0.89,31.6,0.96,67.7,0.97,89.3,0.02,140.64,0.01,462.6,0.05,3.69,0.11,20.0,0.06,0.03,0.092955,1776205996000
1776205998.391,198.391,0.9,28.9,0.89,31.6,0.96,67.7,0.97,89.3,0.04,67.7,0.03,89.3,0.1,28.9,0.11,31.6,0.06,0.06,0.09296,1776205997000
1776205998.99,198.99,0.9,28.9,0.89,31.6,0.96,67.7,0.97,89.3,0.04,67.7,0.03,89.3,0.1,28.9,0.11,31.6,0.06,0.06,0.09296,1776205998000
1776206000.087,200.087,0.9,28.9,0.89,31.6,0.96,67.7,0.97,89.3,0.04,67.7,0.03,89.3,0.1,28.9,0.11,31.6,0.06,0.06,0.092969,1776205999000
1776206001.088,201.088,0.9,28.9,0.89,31.6,0.96,67.7,0.97,89.3,0.04,67.7,0.03,89.3,0.1,28.9,0.11,31.6,0.06,0.06,0.092969,1776206000000
1776206002.2,202.2,0.9,28.9,0.89,31.6,0.96,67.7,0.97,89.3,0.04,67.7,0.03,89.3,0.1,28.9,0.11,31.6,0.06,0.06,0.092972,1776206001000
1776206003.31,203.31,0.9,28.9,0.89,31.6,0.96,67.7,0.97,89.3,0.04,67.7,0.03,89.3,0.1,28.9,0.11,31.6,0.06,0.06,0.092971,1776206002000
1776206004.328,204.328,0.9,28.9,0.89,31.6,0.96,67.7,0.97,89.3,0.04,67.7,0.03,89.3,0.1,28.9,0.11,31.6,0.06,0.06,0.092973,1776206003000
1776206004.957,204.957,0.9,28.9,0.89,31.6,0.96,67.7,0.97,89.3,0.04,67.7,0.03,89.3,0.1,28.9,0.11,31.6,0.06,0.06,0.092973,1776206004000
1776206005.935,205.935,0.9,28.9,0.89,31.6,0.96,67.7,0.97,89.3,0.04,67.7,0.03,89.3,0.1,28.9,0.11,31.6,0.06,0.06,0.092973,1776206005000
1776206006.916,206.916,0.9,28.9,0.89,31.6,0.96,67.7,0.97,89.3,0.04,67.7,0.03,89.3,0.1,28.9,0.11,31.6,0.06,0.06,0.092973,1776206006000
1776206008.617,208.617,0.9,28.9,0.89,31.6,0.96,67.7,0.97,89.3,0.04,67.7,0.03,89.3,0.1,28.9,0.11,31.6,0.06,0.06,0.092978,1776206007000
1776206009.366,209.366,0.9,28.9,0.89,31.6,0.96,67.7,0.97,89.3,0.04,67.7,0.03,89.3,0.1,28.9,0.11,31.6,0.06,0.06,0.092977,1776206008000
1776206009.649,209.649,0.95,54.7,0.94,46.1,0.98,140.64,0.99,467.75,0.04,67.7,0.03,89.3,0.1,28.9,0.11,31.6,0.03,0.06,0.092977,1776206008000
1776206010.0,210.0,0.95,54.7,0.94,46.1,0.98,140.64,0.99,467.75,0.02,140.64,0.01,467.75,0.05,54.7,0.06,46.1,0.03,0.03,0.092977,1776206009000
1776206010.481,210.481,0.95,54.7,0.94,46.1,0.98,120.23,0.99,467.75,0.02,140.64,0.01,467.75,0.05,54.7,0.06,46.1,0.03,0.03,0.092977,1776206009000
1776206011.301,211.301,0.95,54.7,0.94,46.1,0.98,120.23,0.99,467.75,0.02,120.23,0.01,467.75,0.05,54.7,0.06,46.1,0.03,0.03,0.092978,1776206010000
1776206012.559,212.559,0.95,54.7,0.94,46.1,0.98,120.23,0.99,467.75,0.02,120.23,0.01,467.75,0.05,54.7,0.06,46.1,0.03,0.03,0.092976,1776206011000
1776206013.46,213.46,0.95,54.7,0.94,46.1,0.98,120.23,0.99,467.75,0.02,120.23,0.01,467.75,0.05,54.7,0.06,46.1,0.03,0.03,0.092976,1776206012000
1776206014.08,214.08,0.95,54.7,0.94,46.1,0.98,120.23,0.99,467.75,0.02,120.23,0.01,467.75,0.05,54.7,0.06,46.1,0.03,0.03,0.092964,1776206013000
1776206015.339,215.339,0.95,54.7,0.94,46.1,0.98,120.23,0.99,467.75,0.02,120.23,0.01,467.75,0.05,54.7,0.06,46.1,0.03,0.03,0.092939,1776206014000
1776206016.122,216.122,0.95,54.7,0.94,46.1,0.98,120.23,0.99,467.75,0.02,120.23,0.01,467.75,0.05,54.7,0.06,46.1,0.03,0.03,0.092939,1776206015000
1776206016.324,216.324,0.81,21.89,0.8,16.3,0.9,26.84,0.91,31.7,0.02,120.23,0.01,467.75,0.05,54.7,0.06,46.1,0.09,0.03,0.092939,1776206015000
1776206017.343,217.343,0.81,21.89,0.8,16.3,0.9,26.84,0.91,31.7,0.1,26.84,0.09,31.7,0.19,21.89,0.2,16.3,0.09,0.09,0.092927,1776206016000
1776206018.095,218.095,0.81,21.89,0.8,16.3,0.9,26.84,0.91,31.7,0.1,26.84,0.09,31.7,0.19,21.89,0.2,16.3,0.09,0.09,0.09292,1776206017000
1776206019.46,219.46,0.81,21.89,0.8,16.3,0.9,26.84,0.91,31.7,0.1,26.84,0.09,31.7,0.19,21.89,0.2,16.3,0.09,0.09,0.092919,1776206018000
1776206020.216,220.216,0.81,21.89,0.8,16.3,0.9,26.84,0.91,31.7,0.1,26.84,0.09,31.7,0.19,21.89,0.2,16.3,0.09,0.09,0.092921,1776206019000
1776206021.63,221.63,0.81,21.89,0.8,16.3,0.9,26.84,0.91,31.7,0.1,26.84,0.09,31.7,0.19,21.89,0.2,16.3,0.09,0.09,0.09292,1776206020000
1776206022.216,222.216,0.81,21.89,0.8,16.3,0.9,26.84,0.91,31.7,0.1,26.84,0.09,31.7,0.19,21.89,0.2,16.3,0.09,0.09,0.092906,1776206021000
1776206023.541,223.541,0.81,21.89,0.8,16.3,0.9,26.84,0.91,31.7,0.1,26.84,0.09,31.7,0.19,21.89,0.2,16.3,0.09,0.09,0.09289,1776206022000
1776206024.295,224.295,0.81,21.89,0.8,16.3,0.9,26.84,0.91,31.7,0.1,26.84,0.09,31.7,0.19,21.89,0.2,16.3,0.09,0.09,0.09289,1776206023000
1776206025.966,225.966,0.81,21.89,0.8,16.3,0.9,26.84,0.91,31.7,0.1,26.84,0.09,31.7,0.19,21.89,0.2,16.3,0.09,0.09,0.092886,1776206024000
1776206026.479,226.479,0.81,21.89,0.8,16.3,0.9,26.84,0.91,31.7,0.1,26.84,0.09,31.7,0.19,21.89,0.2,16.3,0.09,0.09,0.092884,1776206025000
1776206027.076,227.076,0.81,21.89,0.8,16.3,0.9,26.84,0.91,31.7,0.1,26.84,0.09,31.7,0.19,21.89,0.2,16.3,0.09,0.09,0.092884,1776206026000
1776206027.895,227.895,0.81,21.89,0.8,16.3,0.9,26.84,0.91,31.7,0.1,26.84,0.09,31.7,0.19,21.89,0.2,16.3,0.09,0.09,0.092884,1776206027000
1776206028.899,228.899,0.81,21.89,0.8,16.3,0.9,26.84,0.91,31.7,0.1,26.84,0.09,31.7,0.19,21.89,0.2,16.3,0.09,0.09,0.092884,1776206028000
1776206029.927,229.927,0.68,7.48,0.67,11.8,0.83,18.39,0.84,19.3,0.17,18.39,0.16,19.3,0.32,7.48,0.33,11.8,0.15,0.15,0.09288,1776206029000
1776206030.895,230.895,0.68,7.48,0.67,11.8,0.83,18.39,0.84,19.3,0.17,18.39,0.16,19.3,0.32,7.48,0.33,11.8,0.15,0.15,0.092873,1776206030000
1776206031.379,231.379,0.75,5.0,0.73,8.0,0.86,9.97,0.87,23.0,0.17,18.39,0.16,19.3,0.32,7.48,0.33,11.8,0.11,0.15,0.092873,1776206030000
1776206031.829,231.829,0.75,5.0,0.73,8.0,0.86,9.97,0.87,23.0,0.14,9.97,0.13,23.0,0.25,5.0,0.27,8.0,0.11,0.11,0.092873,1776206031000
1776206033.311,233.311,0.75,5.0,0.73,8.0,0.86,9.97,0.87,23.0,0.14,9.97,0.13,23.0,0.25,5.0,0.27,8.0,0.11,0.11,0.092889,1776206032000
1776206034.238,234.238,0.75,5.0,0.73,8.0,0.86,9.97,0.87,23.0,0.14,9.97,0.13,23.0,0.25,5.0,0.27,8.0,0.11,0.11,0.092892,1776206033000
1776206035.258,235.258,0.75,5.0,0.73,8.0,0.86,9.97,0.87,23.0,0.14,9.97,0.13,23.0,0.25,5.0,0.27,8.0,0.11,0.11,0.092887,1776206034000
1776206036.257,236.257,0.75,5.0,0.73,8.0,0.86,9.97,0.87,23.0,0.14,9.97,0.13,23.0,0.25,5.0,0.27,8.0,0.11,0.11,0.092886,1776206035000
1776206037.154,237.154,0.75,5.0,0.73,8.0,0.86,9.97,0.87,23.0,0.14,9.97,0.13,23.0,0.25,5.0,0.27,8.0,0.11,0.11,0.092885,1776206036000
1776206039.018,239.018,0.75,5.0,0.73,8.0,0.86,9.97,0.87,23.0,0.14,9.97,0.13,23.0,0.25,5.0,0.27,8.0,0.11,0.11,0.092884,1776206037000
1776206039.805,239.805,0.76,10.0,0.75,21.9,0.86,21.6,0.87,23.0,0.14,9.97,0.13,23.0,0.25,5.0,0.27,8.0,0.1,0.11,0.092884,1776206037000
1776206040.095,240.095,0.76,10.0,0.75,21.9,0.86,21.6,0.87,23.0,0.14,21.6,0.13,23.0,0.24,10.0,0.25,21.9,0.1,0.1,0.09288,1776206038000
1776206040.939,240.939,0.76,10.0,0.75,21.9,0.86,21.6,0.87,23.0,0.14,21.6,0.13,23.0,0.24,10.0,0.25,21.9,0.1,0.1,0.092876,1776206039000
1776206041.537,241.537,0.49,9.57,0.48,10.4,0.68,5.0,0.69,5.0,0.14,21.6,0.13,23.0,0.24,10.0,0.25,21.9,0.19,0.1,0.092876,1776206039000
1776206042.161,242.161,0.49,2.74,0.34,11.6,0.56,5.0,0.61,50.0,0.32,5.0,0.31,5.0,0.51,9.57,0.52,10.4,0.07,0.19,0.092877,1776206040000
1776206042.415,242.415,0.49,2.74,0.34,11.6,0.56,5.0,0.61,50.0,0.44,5.0,0.39,50.0,0.51,2.74,0.66,11.6,0.07,0.07,0.092876,1776206041000
1776206043.134,243.134,0.49,2.74,0.34,11.6,0.56,2.15,0.61,50.0,0.44,2.15,0.39,50.0,0.51,2.74,0.66,11.6,0.07,0.07,0.092858,1776206042000
1776206043.398,243.398,0.49,2.74,0.32,11.9,0.61,35.59,0.71,50.0,0.44,2.15,0.39,50.0,0.51,2.74,0.66,11.6,0.12,0.07,0.092858,1776206042000
1776206044.028,244.028,0.49,2.74,0.32,11.9,0.61,19.59,0.71,50.0,0.39,35.59,0.29,50.0,0.51,2.74,0.68,11.9,0.12,0.12,0.092858,1776206042000
1776206044.47,244.47,0.49,2.74,0.32,11.9,0.61,19.59,0.71,50.0,0.39,19.59,0.29,50.0,0.51,2.74,0.68,11.9,0.12,0.12,0.09282,1776206043000
1776206045.208,245.208,0.49,2.74,0.32,11.9,0.61,19.59,0.71,50.0,0.39,19.59,0.29,50.0,0.51,2.74,0.68,11.9,0.12,0.12,0.092809,1776206044000
1776206045.484,245.484,0.31,49.92,0.3,12.4,0.61,116.59,0.71,50.0,0.39,19.59,0.29,50.0,0.51,2.74,0.68,11.9,0.3,0.12,0.092809,1776206044000
1776206045.896,245.896,0.26,6.33,0.25,13.9,0.5,5.0,0.51,50.0,0.39,116.59,0.29,50.0,0.69,49.92,0.7,12.4,0.24,0.3,0.092809,1776206044000
1776206046.563,246.563,0.26,6.33,0.25,13.9,0.5,5.0,0.51,50.0,0.5,5.0,0.49,50.0,0.74,6.33,0.75,13.9,0.24,0.24,0.092808,1776206045000
1776206047.194,247.194,0.26,6.33,0.25,13.9,0.5,5.0,0.51,50.0,0.5,5.0,0.49,50.0,0.74,6.33,0.75,13.9,0.24,0.24,0.092809,1776206046000
1776206048.584,248.584,0.26,6.33,0.25,13.9,0.5,5.0,0.51,50.0,0.5,5.0,0.49,50.0,0.74,6.33,0.75,13.9,0.24,0.24,0.092807,1776206047000
1776206049.257,249.257,0.26,6.33,0.25,13.9,0.5,5.0,0.51,50.0,0.5,5.0,0.49,50.0,0.74,6.33,0.75,13.9,0.24,0.24,0.092807,1776206048000
1776206050.747,250.747,0.26,6.33,0.25,13.9,0.5,5.0,0.51,50.0,0.5,5.0,0.49,50.0,0.74,6.33,0.75,13.9,0.24,0.24,0.092807,1776206049000
1776206051.479,251.479,0.26,6.33,0.25,13.9,0.5,5.0,0.51,50.0,0.5,5.0,0.49,50.0,0.74,6.33,0.75,13.9,0.24,0.24,0.092815,1776206050000
1776206052.179,252.179,0.26,6.33,0.25,13.9,0.5,5.0,0.51,50.0,0.5,5.0,0.49,50.0,0.74,6.33,0.75,13.9,0.24,0.24,0.092815,1776206051000
1776206052.906,252.906,0.49,9.9,0.31,50.0,0.5,5.0,0.54,36.0,0.5,5.0,0.49,50.0,0.74,6.33,0.75,13.9,0.01,0.24,0.092815,1776206051000
1776206053.571,253.571,0.49,9.9,0.31,50.0,0.5,0.95,0.54,36.0,0.5,0.95,0.46,36.0,0.51,9.9,0.69,50.0,0.01,0.01,0.092808,1776206052000
1776206054.231,254.231,0.49,9.9,0.31,50.0,0.5,0.95,0.54,36.0,0.5,0.95,0.46,36.0,0.51,9.9,0.69,50.0,0.01,0.01,0.092809,1776206053000
1776206054.441,254.441,0.31,50.0,0.29,12.6,0.54,36.0,0.61,69.59,0.5,0.95,0.46,36.0,0.51,9.9,0.69,50.0,0.23,0.01,0.092809,1776206053000
1776206055.551,255.551,0.31,50.0,0.29,12.6,0.54,36.0,0.61,69.59,0.46,36.0,0.39,69.59,0.69,50.0,0.71,12.6,0.23,0.23,0.092802,1776206054000
1776206056.175,256.175,0.31,50.0,0.29,12.6,0.54,36.0,0.61,69.59,0.46,36.0,0.39,69.59,0.69,50.0,0.71,12.6,0.23,0.23,0.092802,1776206055000
1776206057.192,257.192,0.31,106.2,0.3,12.4,0.61,19.59,0.63,11.2,0.46,36.0,0.39,69.59,0.69,50.0,0.71,12.6,0.3,0.23,0.092802,1776206055000
1776206058.275,258.275,0.31,106.2,0.3,12.4,0.61,19.59,0.63,11.2,0.39,19.59,0.37,11.2,0.69,106.2,0.7,12.4,0.3,0.3,0.092811,1776206057000
1776206059.342,259.342,0.31,106.2,0.3,12.4,0.61,19.59,0.63,11.2,0.39,19.59,0.37,11.2,0.69,106.2,0.7,12.4,0.3,0.3,0.092817,1776206058000
1776206060.342,260.342,0.31,106.2,0.3,12.4,0.61,19.59,0.63,11.2,0.39,19.59,0.37,11.2,0.69,106.2,0.7,12.4,0.3,0.3,0.092827,1776206059000
1776206061.262,261.262,0.31,106.2,0.3,12.4,0.61,19.59,0.63,11.2,0.39,19.59,0.37,11.2,0.69,106.2,0.7,12.4,0.3,0.3,0.09283,1776206060000
1776206062.314,262.314,0.31,106.2,0.3,12.4,0.61,19.59,0.63,11.2,0.39,19.59,0.37,11.2,0.69,106.2,0.7,12.4,0.3,0.3,0.09283,1776206061000
1776206062.824,262.824,0.31,106.2,0.3,12.4,0.61,19.59,0.63,11.2,0.39,19.59,0.37,11.2,0.69,106.2,0.7,12.4,0.3,0.3,0.09283,1776206062000
1776206064.426,264.426,0.31,106.2,0.3,12.4,0.61,19.59,0.63,11.2,0.39,19.59,0.37,11.2,0.69,106.2,0.7,12.4,0.3,0.3,0.092831,1776206063000
1776206064.902,264.902,0.31,106.2,0.3,12.4,0.61,19.59,0.63,11.2,0.39,19.59,0.37,11.2,0.69,106.2,0.7,12.4,0.3,0.3,0.092831,1776206064000
1776206065.851,265.851,0.31,106.2,0.3,12.4,0.61,19.59,0.63,11.2,0.39,19.59,0.37,11.2,0.69,106.2,0.7,12.4,0.3,0.3,0.092834,1776206065000
1776206066.887,266.887,0.6,5.0,0.51,50.0,0.61,14.54,0.8,16.2,0.39,14.54,0.2,16.2,0.4,5.0,0.49,50.0,0.01,0.01,0.092832,1776206066000
1776206067.348,267.348,0.6,15.0,0.51,50.0,0.61,12.94,0.86,21.6,0.39,14.54,0.2,16.2,0.4,5.0,0.49,50.0,0.01,0.01,0.092832,1776206066000
1776206067.961,267.961,0.6,15.0,0.51,50.0,0.61,12.94,0.86,21.6,0.39,12.94,0.14,21.6,0.4,15.0,0.49,50.0,0.01,0.01,0.092837,1776206067000
1776206068.987,268.987,0.6,15.0,0.51,50.0,0.61,12.94,0.86,21.6,0.39,12.94,0.14,21.6,0.4,15.0,0.49,50.0,0.01,0.01,0.092848,1776206068000
1776206070.401,270.401,0.6,15.0,0.52,10.4,0.61,4.79,0.86,21.6,0.39,4.79,0.14,21.6,0.4,15.0,0.48,10.4,0.01,0.01,0.092853,1776206069000
1776206070.765,270.765,0.6,15.0,0.55,10.5,0.88,24.6,0.89,26.6,0.39,4.79,0.14,21.6,0.4,15.0,0.48,10.4,0.28,0.01,0.092853,1776206069000
1776206072.021,272.021,0.6,15.0,0.55,10.5,0.88,24.6,0.89,26.6,0.12,24.6,0.11,26.6,0.4,15.0,0.45,10.5,0.28,0.28,0.092852,1776206071000
1776206072.996,272.996,0.82,1.34,0.81,55.0,0.94,46.1,0.95,54.7,0.06,46.1,0.05,54.7,0.18,1.34,0.19,55.0,0.12,0.12,0.092852,1776206072000
1776206074.059,274.059,0.82,1.34,0.81,55.0,0.94,46.1,0.95,54.7,0.06,46.1,0.05,54.7,0.18,1.34,0.19,55.0,0.12,0.12,0.092858,1776206073000
1776206075.079,275.079,0.82,1.34,0.81,55.0,0.94,46.1,0.95,54.7,0.06,46.1,0.05,54.7,0.18,1.34,0.19,55.0,0.12,0.12,0.092863,1776206074000
1776206075.936,275.936,0.82,1.34,0.81,55.0,0.94,46.1,0.95,54.7,0.06,46.1,0.05,54.7,0.18,1.34,0.19,55.0,0.12,0.12,0.092863,1776206075000
1776206076.959,276.959,0.82,1.34,0.81,55.0,0.94,46.1,0.95,54.7,0.06,46.1,0.05,54.7,0.18,1.34,0.19,55.0,0.12,0.12,0.092864,1776206076000
1776206077.877,277.877,0.82,1.34,0.81,55.0,0.94,46.1,0.95,54.7,0.06,46.1,0.05,54.7,0.18,1.34,0.19,55.0,0.12,0.12,0.092874,1776206077000
1776206078.978,278.978,0.82,1.34,0.81,55.0,0.94,46.1,0.95,54.7,0.06,46.1,0.05,54.7,0.18,1.34,0.19,55.0,0.12,0.12,0.09288,1776206078000
1776206079.989,279.989,0.82,1.34,0.81,55.0,0.94,46.1,0.95,54.7,0.06,46.1,0.05,54.7,0.18,1.34,0.19,55.0,0.12,0.12,0.092882,1776206079000
1776206080.922,280.922,0.82,1.34,0.81,55.0,0.94,46.1,0.95,54.7,0.06,46.1,0.05,54.7,0.18,1.34,0.19,55.0,0.12,0.12,0.092887,1776206080000
1776206082.029,282.029,0.82,1.34,0.81,55.0,0.94,46.1,0.95,54.7,0.06,46.1,0.05,54.7,0.18,1.34,0.19,55.0,0.12,0.12,0.092889,1776206081000
1776206082.639,282.639,0.93,20.0,0.91,71.0,0.99,204.15,,,0.06,46.1,0.05,54.7,0.18,1.34,0.19,55.0,0.06,0.12,0.092889,1776206081000
1776206083.701,283.701,0.93,20.0,0.91,71.0,0.99,204.15,,,0.01,204.15,,,0.07,20.0,0.09,71.0,0.06,0.06,0.092888,1776206082000
1776206084.777,284.777,0.93,20.0,0.91,71.0,0.99,204.15,,,0.01,204.15,,,0.07,20.0,0.09,71.0,0.06,0.06,0.092888,1776206083000
1776206085.384,285.384,0.93,20.0,0.91,71.0,0.99,204.15,,,0.01,204.15,,,0.07,20.0,0.09,71.0,0.06,0.06,0.092915,1776206084000
1776206085.586,285.586,0.92,55.74,0.91,50.0,0.94,4.73,0.99,204.15,0.01,204.15,,,0.07,20.0,0.09,71.0,0.02,0.06,0.092915,1776206084000
1776206086.141,286.141,0.92,55.74,0.91,50.0,0.94,4.73,0.99,204.15,0.06,4.73,0.01,204.15,0.08,55.74,0.09,50.0,0.02,0.02,0.092915,1776206085000
1776206087.13,287.13,0.92,55.74,0.91,50.0,0.99,193.73,,,0.06,4.73,0.01,204.15,0.08,55.74,0.09,50.0,0.07,0.02,0.092915,1776206085000
1776206087.45,287.45,0.92,55.74,0.91,50.0,0.99,138.23,,,0.01,143.23,,,0.05,10.53,0.08,55.74,0.07,0.04,0.092915,1776206086000
1776206088.398,288.398,0.95,5.0,0.92,55.74,0.99,133.23,,,0.01,138.23,,,0.08,55.74,0.09,50.0,0.04,0.07,0.092915,1776206086000
1776206088.716,288.716,0.95,5.0,0.92,55.74,0.99,128.18,,,0.01,133.23,,,0.05,5.0,0.08,55.74,0.04,0.04,0.092915,1776206086000
1776206089.024,289.024,0.95,5.0,0.92,55.74,0.99,127.16,,,0.01,128.18,,,0.05,5.0,0.08,55.74,0.04,0.04,0.092934,1776206087000
1776206089.355,289.355,0.95,5.0,0.92,55.74,0.99,127.16,,,0.01,127.16,,,0.05,5.0,0.08,55.74,0.04,0.04,0.092934,1776206088000
1776206090.164,290.164,0.95,5.0,0.92,55.74,0.99,127.16,,,0.01,127.16,,,0.05,5.0,0.08,55.74,0.04,0.04,0.092933,1776206089000
1776206090.512,290.512,0.95,5.0,0.92,21.74,0.99,41.16,,,0.01,127.16,,,0.05,5.0,0.08,55.74,0.04,0.04,0.092933,1776206089000
1776206090.902,290.902,0.95,5.0,0.92,21.74,0.99,28.24,,,0.01,36.16,,,0.05,5.0,0.08,21.74,0.04,0.04,0.092933,1776206089000
1776206091.528,291.528,0.95,5.0,0.92,21.74,0.99,28.24,,,0.01,28.24,,,0.05,5.0,0.08,21.74,0.04,0.04,0.092937,1776206090000
1776206092.125,292.125,0.95,5.0,0.92,21.74,0.99,28.24,,,0.01,28.24,,,0.05,5.0,0.08,21.74,0.04,0.04,0.092937,1776206091000
1776206093.16,293.16,0.95,5.0,0.92,21.74,0.99,16.92,,,0.01,28.24,,,0.05,5.0,0.08,21.74,0.04,0.04,0.092937,1776206091000
1776206093.4,293.4,0.95,5.0,0.92,21.74,0.99,16.92,,,0.01,16.92,,,0.05,5.0,0.08,21.74,0.04,0.04,0.092934,1776206092000
1776206094.074,294.074,0.95,5.0,0.92,21.74,,,,,,,,,0.05,5.0,0.08,21.74,,,0.092933,1776206093000
1776206094.571,294.571,0.99,995.12,0.95,5.0,,,,,,,,,0.05,5.0,0.08,21.74,,,0.092933,1776206093000
1776206094.998,294.998,0.99,998.92,0.95,5.0,,,,,,,,,0.01,995.12,0.05,5.0,,,0.092933,1776206093000
1776206095.334,295.334,0.99,998.92,0.95,5.0,,,,,,,,,0.01,998.92,0.05,5.0,,,0.092933,1776206094000
1776206095.949,295.949,0.99,998.92,0.95,5.0,,,,,,,,,0.01,998.92,0.05,5.0,,,0.092933,1776206095000
1776206097.313,297.313,0.99,998.92,0.95,5.0,,,,,,,,,0.01,998.92,0.05,5.0,,,0.092928,1776206096000
1776206098.055,298.055,0.99,998.92,0.95,5.0,,,,,,,,,0.01,998.92,0.05,5.0,,,0.092929,1776206097000
1776206099.26,299.26,0.99,998.92,0.95,5.0,,,,,,,,,0.01,998.92,0.05,5.0,,,0.09293,1776206098000
1776206100.905,300.905,0.99,998.92,0.95,5.0,,,,,,,,,0.01,998.92,0.05,5.0,,,0.092934,1776206099000

# RESULT,winner=Up,slug=doge-updown-5m-1776205800,ticks=339
