timestamp,elapsed_sec,up_bid_p1,up_bid_s1,up_bid_p2,up_bid_s2,up_ask_p1,up_ask_s1,up_ask_p2,up_ask_s2,down_bid_p1,down_bid_s1,down_bid_p2,down_bid_s2,down_ask_p1,down_ask_s1,down_ask_p2,down_ask_s2,up_spread,down_spread,doge_price,doge_oracle_ts
1776234901.536,1.536,0.5,5.0,0.33,300.0,0.67,300.0,0.69,375.0,0.33,300.0,0.31,375.0,0.5,5.0,0.67,300.0,0.17,0.17,0.093121,1776234900000
1776234901.852,1.852,0.5,5.0,0.33,300.0,0.66,6.0,0.67,300.0,0.33,300.0,0.31,375.0,0.5,5.0,0.67,300.0,0.16,0.17,0.093121,1776234900000
1776234902.387,2.387,0.5,5.0,0.33,300.0,0.66,6.0,0.67,300.0,0.34,6.0,0.33,300.0,0.5,5.0,0.67,300.0,0.16,0.16,0.093121,1776234901000
1776234903.46,3.46,0.5,5.0,0.33,300.0,0.66,6.0,0.67,300.0,0.34,6.0,0.33,300.0,0.5,5.0,0.67,300.0,0.16,0.16,0.093121,1776234902000
1776234904.073,4.073,0.5,5.0,0.33,300.0,0.66,6.0,0.67,300.0,0.34,6.0,0.33,300.0,0.5,5.0,0.67,300.0,0.16,0.16,0.093122,1776234903000
1776234904.434,4.434,0.5,2.94,0.41,50.0,0.62,6.0,0.63,10.0,0.34,6.0,0.33,300.0,0.5,5.0,0.67,300.0,0.12,0.16,0.093122,1776234903000
1776234905.262,5.262,0.5,2.94,0.41,50.0,0.62,6.0,0.63,10.0,0.38,6.0,0.37,10.0,0.5,2.94,0.59,50.0,0.12,0.12,0.093122,1776234904000
1776234906.409,6.409,0.5,2.94,0.41,50.0,0.62,6.0,0.63,10.0,0.38,6.0,0.37,10.0,0.5,2.94,0.59,50.0,0.12,0.12,0.093122,1776234905000
1776234907.041,7.041,0.5,2.94,0.41,50.0,0.62,6.0,0.63,10.0,0.38,6.0,0.37,10.0,0.5,2.94,0.59,50.0,0.12,0.12,0.093122,1776234906000
1776234908.278,8.278,0.5,2.94,0.41,50.0,0.62,6.0,0.63,10.0,0.38,6.0,0.37,10.0,0.5,2.94,0.59,50.0,0.12,0.12,0.093122,1776234907000
1776234909.494,9.494,0.5,2.94,0.41,50.0,0.62,6.0,0.63,10.0,0.38,6.0,0.37,10.0,0.5,2.94,0.59,50.0,0.12,0.12,0.093123,1776234908000
1776234910.57,10.57,0.5,2.94,0.41,50.0,0.62,6.0,0.63,10.0,0.38,6.0,0.37,10.0,0.5,2.94,0.59,50.0,0.12,0.12,0.093128,1776234909000
1776234911.15,11.15,0.5,2.94,0.41,50.0,0.62,6.0,0.63,10.0,0.38,6.0,0.37,10.0,0.5,2.94,0.59,50.0,0.12,0.12,0.093128,1776234910000
1776234913.172,13.172,0.5,2.94,0.41,50.0,0.62,6.0,0.63,10.0,0.38,6.0,0.37,10.0,0.5,2.94,0.59,50.0,0.12,0.12,0.093127,1776234912000
1776234914.752,14.752,0.5,2.94,0.41,50.0,0.62,6.0,0.63,10.0,0.38,6.0,0.37,10.0,0.5,2.94,0.59,50.0,0.12,0.12,0.093124,1776234913000
1776234915.556,15.556,0.5,2.94,0.41,50.0,0.62,6.0,0.63,10.0,0.38,6.0,0.37,10.0,0.5,2.94,0.59,50.0,0.12,0.12,0.093125,1776234914000
1776234916.338,16.338,0.5,2.94,0.41,50.0,0.62,6.0,0.63,10.0,0.38,6.0,0.37,10.0,0.5,2.94,0.59,50.0,0.12,0.12,0.093121,1776234915000
1776234917.084,17.084,0.5,2.94,0.41,50.0,0.62,6.0,0.63,10.0,0.38,6.0,0.37,10.0,0.5,2.94,0.59,50.0,0.12,0.12,0.093122,1776234916000
1776234917.56,17.56,0.47,5.0,0.46,15.0,0.56,5.0,0.57,5.0,0.38,6.0,0.37,10.0,0.5,2.94,0.59,50.0,0.09,0.12,0.093122,1776234916000
1776234918.608,18.608,0.47,5.0,0.46,15.0,0.56,5.0,0.57,5.0,0.44,5.0,0.43,5.0,0.53,5.0,0.54,15.0,0.09,0.09,0.093123,1776234917000
1776234919.236,19.236,0.47,5.0,0.46,15.0,0.56,5.0,0.57,5.0,0.44,5.0,0.43,5.0,0.53,5.0,0.54,15.0,0.09,0.09,0.093123,1776234918000
1776234920.73,20.73,0.47,5.0,0.46,15.0,0.56,5.0,0.57,5.0,0.44,5.0,0.43,5.0,0.53,5.0,0.54,15.0,0.09,0.09,0.093128,1776234919000
1776234921.505,21.505,0.47,5.0,0.46,15.0,0.56,5.0,0.57,5.0,0.44,5.0,0.43,5.0,0.53,5.0,0.54,15.0,0.09,0.09,0.093127,1776234920000
1776234922.255,22.255,0.47,5.0,0.46,15.0,0.56,5.0,0.57,5.0,0.44,5.0,0.43,5.0,0.53,5.0,0.54,15.0,0.09,0.09,0.093127,1776234921000
1776234923.927,23.927,0.47,5.0,0.46,15.0,0.56,5.0,0.57,5.0,0.44,5.0,0.43,5.0,0.53,5.0,0.54,15.0,0.09,0.09,0.093127,1776234922000
1776234924.56,24.56,0.47,5.0,0.46,15.0,0.56,5.0,0.57,5.0,0.44,5.0,0.43,5.0,0.53,5.0,0.54,15.0,0.09,0.09,0.093127,1776234923000
1776234925.413,25.413,0.47,5.0,0.46,15.0,0.56,5.0,0.57,5.0,0.44,5.0,0.43,5.0,0.53,5.0,0.54,15.0,0.09,0.09,0.093127,1776234924000
1776234926.057,26.057,0.47,5.0,0.46,15.0,0.56,5.0,0.57,5.0,0.44,5.0,0.43,5.0,0.53,5.0,0.54,15.0,0.09,0.09,0.093127,1776234925000
1776234927.436,27.436,0.47,5.0,0.46,15.0,0.56,5.0,0.57,5.0,0.44,5.0,0.43,5.0,0.53,5.0,0.54,15.0,0.09,0.09,0.093127,1776234926000
1776234928.253,28.253,0.47,5.0,0.46,15.0,0.56,5.0,0.57,5.0,0.44,5.0,0.43,5.0,0.53,5.0,0.54,15.0,0.09,0.09,0.093127,1776234927000
1776234929.532,29.532,0.47,5.0,0.46,15.0,0.56,5.0,0.57,5.0,0.44,5.0,0.43,5.0,0.53,5.0,0.54,15.0,0.09,0.09,0.093129,1776234928000
1776234930.37,30.37,0.47,5.0,0.46,15.0,0.56,5.0,0.57,5.0,0.44,5.0,0.43,5.0,0.53,5.0,0.54,15.0,0.09,0.09,0.093128,1776234929000
1776234931.039,31.039,0.47,5.0,0.46,15.0,0.56,5.0,0.57,5.0,0.44,5.0,0.43,5.0,0.53,5.0,0.54,15.0,0.09,0.09,0.093129,1776234930000
1776234932.321,32.321,0.47,5.0,0.46,15.0,0.56,5.0,0.57,5.0,0.44,5.0,0.43,5.0,0.53,5.0,0.54,15.0,0.09,0.09,0.093129,1776234931000
1776234933.016,33.016,0.47,5.0,0.46,15.0,0.56,5.0,0.57,5.0,0.44,5.0,0.43,5.0,0.53,5.0,0.54,15.0,0.09,0.09,0.093144,1776234932000
1776234934.142,34.142,0.47,5.0,0.46,15.0,0.56,5.0,0.57,5.0,0.44,5.0,0.43,5.0,0.53,5.0,0.54,15.0,0.09,0.09,0.093144,1776234933000
1776234935.28,35.28,0.47,5.0,0.46,15.0,0.56,5.0,0.57,5.0,0.44,5.0,0.43,5.0,0.53,5.0,0.54,15.0,0.09,0.09,0.093144,1776234934000
1776234936.382,36.382,0.47,5.0,0.46,15.0,0.56,5.0,0.57,5.0,0.44,5.0,0.43,5.0,0.53,5.0,0.54,15.0,0.09,0.09,0.093144,1776234935000
1776234937.402,37.402,0.47,5.0,0.46,15.0,0.56,5.0,0.57,5.0,0.44,5.0,0.43,5.0,0.53,5.0,0.54,15.0,0.09,0.09,0.093141,1776234936000
1776234937.925,37.925,0.47,5.0,0.46,15.0,0.56,5.0,0.57,5.0,0.44,5.0,0.43,5.0,0.53,5.0,0.54,15.0,0.09,0.09,0.093139,1776234937000
1776234939.008,39.008,0.47,5.0,0.46,15.0,0.56,5.0,0.57,5.0,0.44,5.0,0.43,5.0,0.53,5.0,0.54,15.0,0.09,0.09,0.093139,1776234938000
1776234940.148,40.148,0.47,5.0,0.46,15.0,0.56,5.0,0.57,5.0,0.44,5.0,0.43,5.0,0.53,5.0,0.54,15.0,0.09,0.09,0.093139,1776234939000
1776234941.196,41.196,0.47,5.0,0.46,15.0,0.56,5.0,0.57,5.0,0.44,5.0,0.43,5.0,0.53,5.0,0.54,15.0,0.09,0.09,0.093139,1776234940000
1776234942.353,42.353,0.47,5.0,0.46,15.0,0.56,5.0,0.57,5.0,0.44,5.0,0.43,5.0,0.53,5.0,0.54,15.0,0.09,0.09,0.093139,1776234941000
1776234943.538,43.538,0.47,5.0,0.46,15.0,0.56,5.0,0.57,5.0,0.44,5.0,0.43,5.0,0.53,5.0,0.54,15.0,0.09,0.09,0.093139,1776234942000
1776234944.475,44.475,0.47,5.0,0.46,15.0,0.56,5.0,0.57,5.0,0.44,5.0,0.43,5.0,0.53,5.0,0.54,15.0,0.09,0.09,0.093139,1776234943000
1776234945.125,45.125,0.47,5.0,0.46,15.0,0.56,5.0,0.57,5.0,0.44,5.0,0.43,5.0,0.53,5.0,0.54,15.0,0.09,0.09,0.093139,1776234944000
1776234946.047,46.047,0.47,5.0,0.46,15.0,0.56,5.0,0.57,5.0,0.44,5.0,0.43,5.0,0.53,5.0,0.54,15.0,0.09,0.09,0.093142,1776234945000
1776234947.078,47.078,0.47,5.0,0.46,15.0,0.56,5.0,0.57,5.0,0.44,5.0,0.43,5.0,0.53,5.0,0.54,15.0,0.09,0.09,0.093142,1776234946000
1776234948.005,48.005,0.47,5.0,0.46,15.0,0.56,5.0,0.57,5.0,0.44,5.0,0.43,5.0,0.53,5.0,0.54,15.0,0.09,0.09,0.093142,1776234947000
1776234949.058,49.058,0.47,5.0,0.46,15.0,0.56,5.0,0.57,5.0,0.44,5.0,0.43,5.0,0.53,5.0,0.54,15.0,0.09,0.09,0.093142,1776234948000
1776234949.936,49.936,0.47,5.0,0.46,15.0,0.56,5.0,0.57,5.0,0.44,5.0,0.43,5.0,0.53,5.0,0.54,15.0,0.09,0.09,0.093143,1776234949000
1776234950.954,50.954,0.47,5.0,0.46,15.0,0.56,5.0,0.57,5.0,0.44,5.0,0.43,5.0,0.53,5.0,0.54,15.0,0.09,0.09,0.093143,1776234950000
1776234951.916,51.916,0.47,5.0,0.46,15.0,0.56,5.0,0.57,5.0,0.44,5.0,0.43,5.0,0.53,5.0,0.54,15.0,0.09,0.09,0.093143,1776234951000
1776234952.963,52.963,0.47,5.0,0.46,15.0,0.56,5.0,0.57,5.0,0.44,5.0,0.43,5.0,0.53,5.0,0.54,15.0,0.09,0.09,0.093143,1776234952000
1776234954.002,54.002,0.47,5.0,0.46,15.0,0.56,5.0,0.57,5.0,0.44,5.0,0.43,5.0,0.53,5.0,0.54,15.0,0.09,0.09,0.093143,1776234953000
1776234954.88,54.88,0.47,5.0,0.46,15.0,0.56,5.0,0.57,5.0,0.44,5.0,0.43,5.0,0.53,5.0,0.54,15.0,0.09,0.09,0.093143,1776234954000
1776234955.965,55.965,0.47,5.0,0.46,15.0,0.56,5.0,0.57,5.0,0.44,5.0,0.43,5.0,0.53,5.0,0.54,15.0,0.09,0.09,0.093142,1776234955000
1776234957.966,57.966,0.47,5.0,0.46,15.0,0.56,5.0,0.57,5.0,0.44,5.0,0.43,5.0,0.53,5.0,0.54,15.0,0.09,0.09,0.093142,1776234956000
1776234958.63,58.63,0.47,5.0,0.46,15.0,0.56,5.0,0.57,5.0,0.44,5.0,0.43,5.0,0.53,5.0,0.54,15.0,0.09,0.09,0.093142,1776234957000
1776234959.409,59.409,0.47,5.0,0.46,15.0,0.56,5.0,0.57,5.0,0.44,5.0,0.43,5.0,0.53,5.0,0.54,15.0,0.09,0.09,0.093143,1776234958000
1776234960.065,60.065,0.47,5.0,0.46,15.0,0.56,5.0,0.57,5.0,0.44,5.0,0.43,5.0,0.53,5.0,0.54,15.0,0.09,0.09,0.09314,1776234959000
1776234961.532,61.532,0.47,5.0,0.46,15.0,0.56,5.0,0.57,5.0,0.44,5.0,0.43,5.0,0.53,5.0,0.54,15.0,0.09,0.09,0.093143,1776234960000
1776234962.101,62.101,0.47,5.0,0.46,15.0,0.56,5.0,0.57,5.0,0.44,5.0,0.43,5.0,0.53,5.0,0.54,15.0,0.09,0.09,0.093143,1776234961000
1776234963.481,63.481,0.47,5.0,0.46,15.0,0.56,5.0,0.57,5.0,0.44,5.0,0.43,5.0,0.53,5.0,0.54,15.0,0.09,0.09,0.093141,1776234962000
1776234963.958,63.958,0.47,5.0,0.46,15.0,0.56,5.0,0.57,5.0,0.44,5.0,0.43,5.0,0.53,5.0,0.54,15.0,0.09,0.09,0.093145,1776234963000
1776234964.454,64.454,0.56,1.0,0.51,5.0,0.61,10.0,0.65,30.0,0.44,5.0,0.43,5.0,0.53,5.0,0.54,15.0,0.05,0.09,0.093145,1776234963000
1776234965.332,65.332,0.56,1.0,0.51,5.0,0.61,10.0,0.65,30.0,0.39,10.0,0.35,30.0,0.44,1.0,0.49,5.0,0.05,0.05,0.093146,1776234964000
1776234966.574,66.574,0.56,1.0,0.51,5.0,0.61,10.0,0.65,30.0,0.39,10.0,0.35,30.0,0.44,1.0,0.49,5.0,0.05,0.05,0.093132,1776234965000
1776234967.272,67.272,0.56,1.0,0.51,5.0,0.61,10.0,0.65,30.0,0.39,10.0,0.35,30.0,0.44,1.0,0.49,5.0,0.05,0.05,0.09313,1776234966000
1776234968.409,68.409,0.56,1.0,0.51,5.0,0.61,10.0,0.65,30.0,0.39,10.0,0.35,30.0,0.44,1.0,0.49,5.0,0.05,0.05,0.093122,1776234967000
1776234969.025,69.025,0.56,1.0,0.51,5.0,0.61,10.0,0.65,30.0,0.39,10.0,0.35,30.0,0.44,1.0,0.49,5.0,0.05,0.05,0.093122,1776234968000
1776234970.332,70.332,0.56,1.0,0.51,5.0,0.61,10.0,0.65,30.0,0.39,10.0,0.35,30.0,0.44,1.0,0.49,5.0,0.05,0.05,0.09312,1776234969000
1776234971.68,71.68,0.56,1.0,0.51,5.0,0.61,10.0,0.65,30.0,0.39,10.0,0.35,30.0,0.44,1.0,0.49,5.0,0.05,0.05,0.093117,1776234970000
1776234972.297,72.297,0.56,1.0,0.51,5.0,0.61,10.0,0.65,30.0,0.39,10.0,0.35,30.0,0.44,1.0,0.49,5.0,0.05,0.05,0.093117,1776234971000
1776234972.927,72.927,0.56,1.0,0.51,5.0,0.61,10.0,0.65,30.0,0.39,10.0,0.35,30.0,0.44,1.0,0.49,5.0,0.05,0.05,0.093114,1776234972000
1776234974.807,74.807,0.56,1.0,0.51,5.0,0.61,10.0,0.65,30.0,0.39,10.0,0.35,30.0,0.44,1.0,0.49,5.0,0.05,0.05,0.093113,1776234973000
1776234975.433,75.433,0.56,1.0,0.51,5.0,0.61,10.0,0.65,30.0,0.39,10.0,0.35,30.0,0.44,1.0,0.49,5.0,0.05,0.05,0.093113,1776234974000
1776234975.894,75.894,0.42,0.37,0.41,10.0,0.53,15.4,0.54,10.5,0.47,15.4,0.46,10.5,0.58,0.37,0.59,10.0,0.11,0.11,0.093113,1776234975000
1776234977.02,77.02,0.42,0.37,0.41,10.0,0.53,15.4,0.54,10.5,0.47,15.4,0.46,10.5,0.58,0.37,0.59,10.0,0.11,0.11,0.093112,1776234976000
1776234978.24,78.24,0.42,0.37,0.41,10.0,0.53,15.4,0.54,10.5,0.47,15.4,0.46,10.5,0.58,0.37,0.59,10.0,0.11,0.11,0.093113,1776234977000
1776234979.356,79.356,0.42,0.37,0.41,10.0,0.53,15.4,0.54,10.5,0.47,15.4,0.46,10.5,0.58,0.37,0.59,10.0,0.11,0.11,0.093113,1776234978000
1776234979.929,79.929,0.42,0.37,0.41,10.0,0.53,15.4,0.54,10.5,0.47,15.4,0.46,10.5,0.58,0.37,0.59,10.0,0.11,0.11,0.093113,1776234979000
1776234981.046,81.046,0.42,0.37,0.41,10.0,0.53,15.4,0.54,10.5,0.47,15.4,0.46,10.5,0.58,0.37,0.59,10.0,0.11,0.11,0.093108,1776234980000
1776234982.137,82.137,0.42,0.37,0.41,10.0,0.53,15.4,0.54,10.5,0.47,15.4,0.46,10.5,0.58,0.37,0.59,10.0,0.11,0.11,0.093108,1776234981000
1776234983.246,83.246,0.42,0.37,0.41,10.0,0.53,15.4,0.54,10.5,0.47,15.4,0.46,10.5,0.58,0.37,0.59,10.0,0.11,0.11,0.093112,1776234982000
1776234984.338,84.338,0.42,0.37,0.41,10.0,0.53,15.4,0.54,10.5,0.47,15.4,0.46,10.5,0.58,0.37,0.59,10.0,0.11,0.11,0.093114,1776234983000
1776234984.895,84.895,0.42,0.37,0.41,10.0,0.53,15.4,0.54,10.5,0.47,15.4,0.46,10.5,0.58,0.37,0.59,10.0,0.11,0.11,0.093114,1776234984000
1776234986.015,86.015,0.42,0.37,0.41,10.0,0.53,15.4,0.54,10.5,0.47,15.4,0.46,10.5,0.58,0.37,0.59,10.0,0.11,0.11,0.093114,1776234985000
1776234987.058,87.058,0.42,0.37,0.41,10.0,0.53,15.4,0.54,10.5,0.47,15.4,0.46,10.5,0.58,0.37,0.59,10.0,0.11,0.11,0.093115,1776234986000
1776234988.16,88.16,0.42,0.37,0.41,10.0,0.53,15.4,0.54,10.5,0.47,15.4,0.46,10.5,0.58,0.37,0.59,10.0,0.11,0.11,0.093115,1776234987000
1776234989.081,89.081,0.42,0.37,0.41,10.0,0.53,15.4,0.54,10.5,0.47,15.4,0.46,10.5,0.58,0.37,0.59,10.0,0.11,0.11,0.093115,1776234988000
1776234990.103,90.103,0.42,0.37,0.41,10.0,0.53,15.4,0.54,10.5,0.47,15.4,0.46,10.5,0.58,0.37,0.59,10.0,0.11,0.11,0.093115,1776234989000
1776234991.188,91.188,0.42,0.37,0.41,10.0,0.53,15.4,0.54,10.5,0.47,15.4,0.46,10.5,0.58,0.37,0.59,10.0,0.11,0.11,0.093115,1776234990000
1776234992.203,92.203,0.42,0.37,0.41,10.0,0.53,15.4,0.54,10.5,0.47,15.4,0.46,10.5,0.58,0.37,0.59,10.0,0.11,0.11,0.093115,1776234991000
1776234993.355,93.355,0.42,0.37,0.41,10.0,0.53,15.4,0.54,10.5,0.47,15.4,0.46,10.5,0.58,0.37,0.59,10.0,0.11,0.11,0.093124,1776234992000
1776234994.375,94.375,0.42,0.37,0.41,10.0,0.53,15.4,0.54,10.5,0.47,15.4,0.46,10.5,0.58,0.37,0.59,10.0,0.11,0.11,0.093126,1776234993000
1776234994.905,94.905,0.42,0.37,0.41,10.0,0.53,15.4,0.54,10.5,0.47,15.4,0.46,10.5,0.58,0.37,0.59,10.0,0.11,0.11,0.093126,1776234994000
1776234996.048,96.048,0.42,0.37,0.41,10.0,0.53,15.4,0.54,10.5,0.47,15.4,0.46,10.5,0.58,0.37,0.59,10.0,0.11,0.11,0.093126,1776234995000
1776234997.067,97.067,0.42,0.37,0.41,10.0,0.53,15.4,0.54,10.5,0.47,15.4,0.46,10.5,0.58,0.37,0.59,10.0,0.11,0.11,0.093126,1776234996000
1776234998.103,98.103,0.42,0.37,0.41,10.0,0.53,15.4,0.54,10.5,0.47,15.4,0.46,10.5,0.58,0.37,0.59,10.0,0.11,0.11,0.093125,1776234997000
1776234999.123,99.123,0.42,0.37,0.41,10.0,0.53,15.4,0.54,10.5,0.47,15.4,0.46,10.5,0.58,0.37,0.59,10.0,0.11,0.11,0.093121,1776234998000
1776235000.164,100.164,0.42,0.37,0.41,10.0,0.53,15.4,0.54,10.5,0.47,15.4,0.46,10.5,0.58,0.37,0.59,10.0,0.11,0.11,0.09312,1776234999000
1776235001.213,101.213,0.42,0.37,0.41,10.0,0.53,15.4,0.54,10.5,0.47,15.4,0.46,10.5,0.58,0.37,0.59,10.0,0.11,0.11,0.093121,1776235000000
1776235002.641,102.641,0.42,0.37,0.41,10.0,0.53,15.4,0.54,10.5,0.47,15.4,0.46,10.5,0.58,0.37,0.59,10.0,0.11,0.11,0.09312,1776235001000
1776235003.157,103.157,0.42,0.37,0.41,10.0,0.53,15.4,0.54,10.5,0.47,15.4,0.46,10.5,0.58,0.37,0.59,10.0,0.11,0.11,0.09312,1776235002000
1776235004.358,104.358,0.42,0.37,0.41,10.0,0.53,15.4,0.54,10.5,0.47,15.4,0.46,10.5,0.58,0.37,0.59,10.0,0.11,0.11,0.09312,1776235003000
1776235005.403,105.403,0.42,0.37,0.41,10.0,0.53,15.4,0.54,10.5,0.47,15.4,0.46,10.5,0.58,0.37,0.59,10.0,0.11,0.11,0.093122,1776235004000
1776235005.936,105.936,0.42,0.37,0.41,10.0,0.53,15.4,0.54,10.5,0.47,15.4,0.46,10.5,0.58,0.37,0.59,10.0,0.11,0.11,0.093122,1776235005000
1776235006.964,106.964,0.42,0.37,0.41,10.0,0.53,15.4,0.54,10.5,0.47,15.4,0.46,10.5,0.58,0.37,0.59,10.0,0.11,0.11,0.093122,1776235006000
1776235008.086,108.086,0.42,0.37,0.41,10.0,0.53,15.4,0.54,10.5,0.47,15.4,0.46,10.5,0.58,0.37,0.59,10.0,0.11,0.11,0.093122,1776235007000
1776235009.097,109.097,0.42,0.37,0.41,10.0,0.53,15.4,0.54,10.5,0.47,15.4,0.46,10.5,0.58,0.37,0.59,10.0,0.11,0.11,0.093121,1776235008000
1776235010.229,110.229,0.42,0.37,0.41,10.0,0.53,15.4,0.54,10.5,0.47,15.4,0.46,10.5,0.58,0.37,0.59,10.0,0.11,0.11,0.093122,1776235009000
1776235011.385,111.385,0.42,0.37,0.41,10.0,0.53,15.4,0.54,10.5,0.47,15.4,0.46,10.5,0.58,0.37,0.59,10.0,0.11,0.11,0.093122,1776235010000
1776235012.494,112.494,0.42,0.37,0.41,10.0,0.53,15.4,0.54,10.5,0.47,15.4,0.46,10.5,0.58,0.37,0.59,10.0,0.11,0.11,0.093122,1776235011000
1776235012.95,112.95,0.42,0.37,0.41,10.0,0.53,15.4,0.54,10.5,0.47,15.4,0.46,10.5,0.58,0.37,0.59,10.0,0.11,0.11,0.093122,1776235012000
1776235014.101,114.101,0.42,0.37,0.41,10.0,0.53,15.4,0.54,10.5,0.47,15.4,0.46,10.5,0.58,0.37,0.59,10.0,0.11,0.11,0.093122,1776235013000
1776235015.267,115.267,0.42,0.37,0.41,10.0,0.53,15.4,0.54,10.5,0.47,15.4,0.46,10.5,0.58,0.37,0.59,10.0,0.11,0.11,0.093121,1776235014000
1776235016.901,116.901,0.42,0.37,0.41,10.0,0.53,15.4,0.54,10.5,0.47,15.4,0.46,10.5,0.58,0.37,0.59,10.0,0.11,0.11,0.093122,1776235015000
1776235017.73,117.73,0.42,0.37,0.41,10.0,0.53,15.4,0.54,10.5,0.47,15.4,0.46,10.5,0.58,0.37,0.59,10.0,0.11,0.11,0.093122,1776235016000
1776235018.387,118.387,0.42,0.37,0.41,10.0,0.53,15.4,0.54,10.5,0.47,15.4,0.46,10.5,0.58,0.37,0.59,10.0,0.11,0.11,0.093122,1776235017000
1776235019.006,119.006,0.42,0.37,0.41,10.0,0.53,15.4,0.54,10.5,0.47,15.4,0.46,10.5,0.58,0.37,0.59,10.0,0.11,0.11,0.093122,1776235018000
1776235020.544,120.544,0.42,0.37,0.41,10.0,0.53,15.4,0.54,10.5,0.47,15.4,0.46,10.5,0.58,0.37,0.59,10.0,0.11,0.11,0.093121,1776235019000
1776235021.282,121.282,0.42,0.37,0.41,10.0,0.53,15.4,0.54,10.5,0.47,15.4,0.46,10.5,0.58,0.37,0.59,10.0,0.11,0.11,0.093122,1776235020000
1776235021.563,121.563,0.41,10.0,0.39,5.0,0.53,5.0,0.55,5.0,0.47,15.4,0.46,10.5,0.58,0.37,0.59,10.0,0.12,0.11,0.093122,1776235020000
1776235022.581,122.581,0.41,10.0,0.39,5.0,0.53,5.0,0.55,5.0,0.47,5.0,0.45,5.0,0.59,10.0,0.61,5.0,0.12,0.12,0.093119,1776235021000
1776235023.292,123.292,0.41,10.0,0.39,5.0,0.53,5.0,0.55,5.0,0.47,5.0,0.45,5.0,0.59,10.0,0.61,5.0,0.12,0.12,0.093118,1776235022000
1776235024.437,124.437,0.41,10.0,0.39,5.0,0.53,5.0,0.55,5.0,0.47,5.0,0.45,5.0,0.59,10.0,0.61,5.0,0.12,0.12,0.093115,1776235023000
1776235025.032,125.032,0.41,10.0,0.39,5.0,0.53,5.0,0.55,5.0,0.47,5.0,0.45,5.0,0.59,10.0,0.61,5.0,0.12,0.12,0.093115,1776235024000
1776235026.414,126.414,0.41,10.0,0.39,5.0,0.53,5.0,0.55,5.0,0.47,5.0,0.45,5.0,0.59,10.0,0.61,5.0,0.12,0.12,0.093109,1776235025000
1776235027.057,127.057,0.41,10.0,0.39,5.0,0.53,5.0,0.55,5.0,0.47,5.0,0.45,5.0,0.59,10.0,0.61,5.0,0.12,0.12,0.093115,1776235026000
1776235028.237,128.237,0.41,10.0,0.39,5.0,0.53,5.0,0.55,5.0,0.47,5.0,0.45,5.0,0.59,10.0,0.61,5.0,0.12,0.12,0.093118,1776235027000
1776235029.423,129.423,0.41,10.0,0.39,5.0,0.53,5.0,0.55,5.0,0.47,5.0,0.45,5.0,0.59,10.0,0.61,5.0,0.12,0.12,0.093123,1776235028000
1776235030.042,130.042,0.41,10.0,0.39,5.0,0.53,5.0,0.55,5.0,0.47,5.0,0.45,5.0,0.59,10.0,0.61,5.0,0.12,0.12,0.093123,1776235029000
1776235031.269,131.269,0.41,10.0,0.39,5.0,0.53,5.0,0.55,5.0,0.47,5.0,0.45,5.0,0.59,10.0,0.61,5.0,0.12,0.12,0.093123,1776235030000
1776235031.47,131.47,0.54,5.0,0.51,50.0,0.65,5.43,0.68,11.0,0.35,5.43,0.32,11.0,0.41,5.0,0.46,5.0,0.11,0.06,0.093123,1776235030000
1776235032.494,132.494,0.54,5.0,0.51,50.0,0.65,5.43,0.68,11.0,0.35,5.43,0.32,11.0,0.46,5.0,0.49,50.0,0.11,0.11,0.093123,1776235031000
1776235033.574,133.574,0.54,5.0,0.51,50.0,0.65,5.43,0.68,11.0,0.35,5.43,0.32,11.0,0.46,5.0,0.49,50.0,0.11,0.11,0.093141,1776235032000
1776235034.142,134.142,0.54,5.0,0.51,50.0,0.65,5.43,0.68,11.0,0.35,5.43,0.32,11.0,0.46,5.0,0.49,50.0,0.11,0.11,0.093152,1776235033000
1776235035.186,135.186,0.54,5.0,0.51,50.0,0.65,5.43,0.68,11.0,0.35,5.43,0.32,11.0,0.46,5.0,0.49,50.0,0.11,0.11,0.093153,1776235034000
1776235035.918,135.918,0.61,50.0,0.59,20.0,0.65,3.93,0.68,11.0,0.35,5.43,0.32,11.0,0.46,5.0,0.49,50.0,0.04,0.11,0.093153,1776235034000
1776235036.379,136.379,0.61,50.0,0.59,20.0,0.65,3.93,0.68,11.0,0.35,3.93,0.32,11.0,0.39,50.0,0.41,20.0,0.04,0.04,0.093157,1776235035000
1776235036.93,136.93,0.61,50.0,0.59,20.0,0.65,3.93,0.68,11.0,0.35,3.93,0.32,11.0,0.39,50.0,0.41,20.0,0.04,0.04,0.093157,1776235036000
1776235037.978,137.978,0.61,50.0,0.59,20.0,0.65,3.93,0.68,11.0,0.35,3.93,0.32,11.0,0.39,50.0,0.41,20.0,0.04,0.04,0.093157,1776235037000
1776235039.112,139.112,0.61,50.0,0.59,20.0,0.65,3.93,0.68,11.0,0.35,3.93,0.32,11.0,0.39,50.0,0.41,20.0,0.04,0.04,0.093163,1776235038000
1776235040.167,140.167,0.61,50.0,0.59,20.0,0.65,3.93,0.68,11.0,0.35,3.93,0.32,11.0,0.39,50.0,0.41,20.0,0.04,0.04,0.093165,1776235039000
1776235041.415,141.415,0.61,50.0,0.59,20.0,0.65,3.93,0.68,11.0,0.35,3.93,0.32,11.0,0.39,50.0,0.41,20.0,0.04,0.04,0.093168,1776235040000
1776235041.911,141.911,0.61,50.0,0.59,20.0,0.65,3.93,0.68,11.0,0.35,3.93,0.32,11.0,0.39,50.0,0.41,20.0,0.04,0.04,0.093169,1776235041000
1776235043.139,143.139,0.61,50.0,0.59,20.0,0.65,3.93,0.68,11.0,0.35,3.93,0.32,11.0,0.39,50.0,0.41,20.0,0.04,0.04,0.093176,1776235042000
1776235044.123,144.123,0.65,25.4,0.64,11.3,0.81,14.42,0.82,22.6,0.19,14.42,0.18,22.6,0.35,25.4,0.36,11.3,0.16,0.16,0.093176,1776235043000
1776235045.318,145.318,0.65,25.4,0.64,11.3,0.81,14.42,0.82,22.6,0.19,14.42,0.18,22.6,0.35,25.4,0.36,11.3,0.16,0.16,0.093174,1776235044000
1776235046.373,146.373,0.65,25.4,0.64,11.3,0.81,14.42,0.82,22.6,0.19,14.42,0.18,22.6,0.35,25.4,0.36,11.3,0.16,0.16,0.09317,1776235045000
1776235046.92,146.92,0.65,25.4,0.64,11.3,0.81,14.42,0.82,22.6,0.19,14.42,0.18,22.6,0.35,25.4,0.36,11.3,0.16,0.16,0.093171,1776235046000
1776235048.071,148.071,0.65,25.4,0.64,11.3,0.81,14.42,0.82,22.6,0.19,14.42,0.18,22.6,0.35,25.4,0.36,11.3,0.16,0.16,0.09316,1776235047000
1776235049.046,149.046,0.65,25.4,0.64,11.3,0.81,14.42,0.82,22.6,0.19,14.42,0.18,22.6,0.35,25.4,0.36,11.3,0.16,0.16,0.09316,1776235048000
1776235049.987,149.987,0.65,25.4,0.64,11.3,0.81,14.42,0.82,22.6,0.19,14.42,0.18,22.6,0.35,25.4,0.36,11.3,0.16,0.16,0.09316,1776235049000
1776235051.017,151.017,0.65,25.4,0.64,11.3,0.81,14.42,0.82,22.6,0.19,14.42,0.18,22.6,0.35,25.4,0.36,11.3,0.16,0.16,0.09316,1776235050000
1776235051.303,151.303,0.65,4.0,0.64,5.0,0.66,5.0,0.71,50.0,0.19,14.42,0.18,22.6,0.35,25.4,0.36,11.3,0.01,0.16,0.09316,1776235050000
1776235051.935,151.935,0.64,4.0,0.62,10.0,0.66,11.0,0.71,50.0,0.34,11.0,0.29,50.0,0.36,4.0,0.38,10.0,0.02,0.02,0.093159,1776235051000
1776235052.911,152.911,0.62,10.0,0.59,30.0,0.7,20.0,0.71,50.0,0.3,20.0,0.29,50.0,0.38,10.0,0.41,30.0,0.08,0.08,0.093143,1776235052000
1776235053.914,153.914,0.62,10.0,0.59,30.0,0.7,20.0,0.71,50.0,0.3,20.0,0.29,50.0,0.38,10.0,0.41,30.0,0.08,0.08,0.093129,1776235053000
1776235054.875,154.875,0.59,30.0,0.56,10.0,0.61,40.0,0.67,38.0,0.39,40.0,0.33,38.0,0.41,30.0,0.44,10.0,0.02,0.02,0.093129,1776235054000
1776235055.425,155.425,0.59,21.04,0.56,10.0,0.61,40.0,0.65,20.0,0.39,40.0,0.33,38.0,0.41,30.0,0.44,10.0,0.02,0.02,0.093129,1776235054000
1776235055.807,155.807,0.59,16.04,0.56,10.0,0.6,5.0,0.61,40.0,0.39,40.0,0.35,20.0,0.41,21.04,0.44,10.0,0.01,0.02,0.093129,1776235054000
1776235056.452,156.452,0.59,0.91,0.46,5.0,0.6,11.0,0.61,40.0,0.4,5.0,0.39,40.0,0.41,16.04,0.44,10.0,0.01,0.01,0.093129,1776235055000
1776235057.344,157.344,0.59,0.91,0.46,5.0,0.6,11.0,0.61,40.0,0.4,11.0,0.39,40.0,0.41,0.91,0.54,5.0,0.01,0.01,0.093124,1776235056000
1776235058.278,158.278,0.59,0.91,0.46,5.0,0.6,11.0,0.61,40.0,0.4,11.0,0.39,40.0,0.41,0.91,0.54,5.0,0.01,0.01,0.09312,1776235057000
1776235058.761,158.761,0.46,5.0,0.44,15.0,0.6,11.0,0.61,40.0,0.4,11.0,0.39,40.0,0.41,0.91,0.54,5.0,0.14,0.01,0.09312,1776235057000
1776235059.175,159.175,0.46,5.0,0.44,15.0,0.6,11.0,0.61,40.0,0.4,11.0,0.39,40.0,0.54,5.0,0.56,15.0,0.14,0.14,0.093119,1776235058000
1776235060.851,160.851,0.46,5.0,0.44,15.0,0.6,11.0,0.61,40.0,0.4,11.0,0.39,40.0,0.54,5.0,0.56,15.0,0.14,0.14,0.093119,1776235059000
1776235061.632,161.632,0.46,5.0,0.44,15.0,0.6,11.0,0.61,40.0,0.4,11.0,0.39,40.0,0.54,5.0,0.56,15.0,0.14,0.14,0.093119,1776235060000
1776235062.357,162.357,0.46,5.0,0.44,15.0,0.6,11.0,0.61,40.0,0.4,11.0,0.39,40.0,0.54,5.0,0.56,15.0,0.14,0.14,0.093119,1776235061000
1776235063.662,163.662,0.46,5.0,0.44,15.0,0.6,11.0,0.61,40.0,0.4,11.0,0.39,40.0,0.54,5.0,0.56,15.0,0.14,0.14,0.093119,1776235062000
1776235064.346,164.346,0.46,5.0,0.44,15.0,0.6,11.0,0.61,40.0,0.4,11.0,0.39,40.0,0.54,5.0,0.56,15.0,0.14,0.14,0.09312,1776235063000
1776235064.953,164.953,0.46,5.0,0.44,15.0,0.6,11.0,0.61,40.0,0.4,11.0,0.39,40.0,0.54,5.0,0.56,15.0,0.14,0.14,0.09312,1776235064000
1776235066.165,166.165,0.46,5.0,0.44,15.0,0.6,11.0,0.61,40.0,0.4,11.0,0.39,40.0,0.54,5.0,0.56,15.0,0.14,0.14,0.093116,1776235065000
1776235067.679,167.679,0.46,5.0,0.44,15.0,0.6,11.0,0.61,40.0,0.4,11.0,0.39,40.0,0.54,5.0,0.56,15.0,0.14,0.14,0.093114,1776235066000
1776235068.212,168.212,0.46,5.0,0.44,15.0,0.6,11.0,0.61,40.0,0.4,11.0,0.39,40.0,0.54,5.0,0.56,15.0,0.14,0.14,0.093114,1776235067000
1776235069.808,169.808,0.46,5.0,0.44,15.0,0.6,11.0,0.61,40.0,0.4,11.0,0.39,40.0,0.54,5.0,0.56,15.0,0.14,0.14,0.093114,1776235068000
1776235070.53,170.53,0.46,5.0,0.44,15.0,0.6,11.0,0.61,40.0,0.4,11.0,0.39,40.0,0.54,5.0,0.56,15.0,0.14,0.14,0.093114,1776235069000
1776235071.395,171.395,0.46,5.0,0.44,15.0,0.6,11.0,0.61,40.0,0.4,11.0,0.39,40.0,0.54,5.0,0.56,15.0,0.14,0.14,0.093114,1776235070000
1776235072.026,172.026,0.46,5.0,0.44,15.0,0.6,11.0,0.61,40.0,0.4,11.0,0.39,40.0,0.54,5.0,0.56,15.0,0.14,0.14,0.093114,1776235071000
1776235073.539,173.539,0.46,5.0,0.44,15.0,0.6,11.0,0.61,40.0,0.4,11.0,0.39,40.0,0.54,5.0,0.56,15.0,0.14,0.14,0.093112,1776235072000
1776235074.181,174.181,0.46,5.0,0.44,15.0,0.6,11.0,0.61,40.0,0.4,11.0,0.39,40.0,0.54,5.0,0.56,15.0,0.14,0.14,0.093112,1776235073000
1776235075.466,175.466,0.46,5.0,0.44,15.0,0.6,11.0,0.61,40.0,0.4,11.0,0.39,40.0,0.54,5.0,0.56,15.0,0.14,0.14,0.093112,1776235074000
1776235076.168,176.168,0.46,5.0,0.44,15.0,0.6,11.0,0.61,40.0,0.4,11.0,0.39,40.0,0.54,5.0,0.56,15.0,0.14,0.14,0.093112,1776235075000
1776235077.454,177.454,0.46,5.0,0.44,15.0,0.6,11.0,0.61,40.0,0.4,11.0,0.39,40.0,0.54,5.0,0.56,15.0,0.14,0.14,0.093111,1776235076000
1776235078.438,178.438,0.46,5.0,0.44,15.0,0.6,11.0,0.61,40.0,0.4,11.0,0.39,40.0,0.54,5.0,0.56,15.0,0.14,0.14,0.093111,1776235077000
1776235079.141,179.141,0.46,5.0,0.44,15.0,0.6,11.0,0.61,40.0,0.4,11.0,0.39,40.0,0.54,5.0,0.56,15.0,0.14,0.14,0.093111,1776235078000
1776235080.333,180.333,0.46,5.0,0.44,15.0,0.6,11.0,0.61,40.0,0.4,11.0,0.39,40.0,0.54,5.0,0.56,15.0,0.14,0.14,0.093111,1776235079000
1776235080.98,180.98,0.46,5.0,0.44,15.0,0.6,11.0,0.61,40.0,0.4,11.0,0.39,40.0,0.54,5.0,0.56,15.0,0.14,0.14,0.093113,1776235080000
1776235082.197,182.197,0.46,5.0,0.44,15.0,0.6,11.0,0.61,40.0,0.4,11.0,0.39,40.0,0.54,5.0,0.56,15.0,0.14,0.14,0.093115,1776235081000
1776235083.545,183.545,0.46,5.0,0.44,15.0,0.6,11.0,0.61,40.0,0.4,11.0,0.39,40.0,0.54,5.0,0.56,15.0,0.14,0.14,0.093115,1776235082000
1776235084.234,184.234,0.46,5.0,0.44,15.0,0.6,11.0,0.61,40.0,0.4,11.0,0.39,40.0,0.54,5.0,0.56,15.0,0.14,0.14,0.093115,1776235083000
1776235085.582,185.582,0.46,5.0,0.44,15.0,0.6,11.0,0.61,40.0,0.4,11.0,0.39,40.0,0.54,5.0,0.56,15.0,0.14,0.14,0.093114,1776235084000
1776235086.266,186.266,0.46,5.0,0.44,15.0,0.6,11.0,0.61,40.0,0.4,11.0,0.39,40.0,0.54,5.0,0.56,15.0,0.14,0.14,0.093114,1776235085000
1776235087.453,187.453,0.46,5.0,0.44,15.0,0.6,11.0,0.61,40.0,0.4,11.0,0.39,40.0,0.54,5.0,0.56,15.0,0.14,0.14,0.093115,1776235086000
1776235087.707,187.707,0.39,1.8,0.38,11.0,0.53,10.4,0.54,10.5,0.4,11.0,0.39,40.0,0.54,5.0,0.56,15.0,0.14,0.14,0.093115,1776235086000
1776235088.099,188.099,0.39,1.8,0.38,11.0,0.53,10.4,0.54,10.5,0.47,10.4,0.46,10.5,0.61,1.8,0.62,11.0,0.14,0.14,0.093115,1776235087000
1776235089.301,189.301,0.39,1.8,0.38,11.0,0.53,10.4,0.54,10.5,0.47,10.4,0.46,10.5,0.61,1.8,0.62,11.0,0.14,0.14,0.093115,1776235088000
1776235089.844,189.844,0.39,1.8,0.38,11.0,0.53,10.4,0.54,10.5,0.47,10.4,0.46,10.5,0.61,1.8,0.62,11.0,0.14,0.14,0.093115,1776235089000
1776235091.1,191.1,0.39,1.8,0.38,11.0,0.53,10.4,0.54,10.5,0.47,10.4,0.46,10.5,0.61,1.8,0.62,11.0,0.14,0.14,0.093115,1776235090000
1776235092.24,192.24,0.39,1.8,0.38,11.0,0.53,10.4,0.54,10.5,0.47,10.4,0.46,10.5,0.61,1.8,0.62,11.0,0.14,0.14,0.093117,1776235091000
1776235093.445,193.445,0.39,1.8,0.38,11.0,0.53,10.4,0.54,10.5,0.47,10.4,0.46,10.5,0.61,1.8,0.62,11.0,0.14,0.14,0.093116,1776235092000
1776235094.321,194.321,0.39,1.8,0.38,11.0,0.53,10.4,0.54,10.5,0.47,10.4,0.46,10.5,0.61,1.8,0.62,11.0,0.14,0.14,0.093117,1776235093000
1776235094.886,194.886,0.39,1.8,0.38,11.0,0.53,10.4,0.54,10.5,0.47,10.4,0.46,10.5,0.61,1.8,0.62,11.0,0.14,0.14,0.093122,1776235094000
1776235095.97,195.97,0.39,1.8,0.38,11.0,0.53,10.4,0.54,10.5,0.47,10.4,0.46,10.5,0.61,1.8,0.62,11.0,0.14,0.14,0.093126,1776235095000
1776235096.907,196.907,0.39,1.8,0.38,11.0,0.53,10.4,0.54,10.5,0.47,10.4,0.46,10.5,0.61,1.8,0.62,11.0,0.14,0.14,0.093126,1776235096000
1776235097.974,197.974,0.39,1.8,0.38,11.0,0.53,10.4,0.54,10.5,0.47,10.4,0.46,10.5,0.61,1.8,0.62,11.0,0.14,0.14,0.093126,1776235097000
1776235099.066,199.066,0.39,1.8,0.38,11.0,0.53,10.4,0.54,10.5,0.47,10.4,0.46,10.5,0.61,1.8,0.62,11.0,0.14,0.14,0.093126,1776235098000
1776235100.105,200.105,0.39,1.8,0.38,11.0,0.53,10.4,0.54,10.5,0.47,10.4,0.46,10.5,0.61,1.8,0.62,11.0,0.14,0.14,0.093123,1776235099000
1776235101.219,201.219,0.39,1.8,0.38,11.0,0.53,10.4,0.54,10.5,0.47,10.4,0.46,10.5,0.61,1.8,0.62,11.0,0.14,0.14,0.093123,1776235100000
1776235102.272,202.272,0.39,1.8,0.38,11.0,0.53,10.4,0.54,10.5,0.47,10.4,0.46,10.5,0.61,1.8,0.62,11.0,0.14,0.14,0.093122,1776235101000
1776235103.384,203.384,0.39,1.8,0.38,11.0,0.53,10.4,0.54,10.5,0.47,10.4,0.46,10.5,0.61,1.8,0.62,11.0,0.14,0.14,0.09312,1776235102000
1776235103.946,203.946,0.39,1.8,0.38,11.0,0.53,10.4,0.54,10.5,0.47,10.4,0.46,10.5,0.61,1.8,0.62,11.0,0.14,0.14,0.09312,1776235103000
1776235105.195,205.195,0.39,1.8,0.38,11.0,0.53,10.4,0.54,10.5,0.47,10.4,0.46,10.5,0.61,1.8,0.62,11.0,0.14,0.14,0.093121,1776235104000
1776235106.19,206.19,0.39,1.8,0.38,11.0,0.53,10.4,0.54,10.5,0.47,10.4,0.46,10.5,0.61,1.8,0.62,11.0,0.14,0.14,0.093116,1776235105000
1776235107.245,207.245,0.39,1.8,0.38,11.0,0.53,10.4,0.54,10.5,0.47,10.4,0.46,10.5,0.61,1.8,0.62,11.0,0.14,0.14,0.093117,1776235106000
1776235108.488,208.488,0.39,1.8,0.38,11.0,0.53,10.4,0.54,10.5,0.47,10.4,0.46,10.5,0.61,1.8,0.62,11.0,0.14,0.14,0.093117,1776235107000
1776235109.055,209.055,0.39,1.8,0.38,11.0,0.53,10.4,0.54,10.5,0.47,10.4,0.46,10.5,0.61,1.8,0.62,11.0,0.14,0.14,0.093117,1776235108000
1776235110.321,210.321,0.39,1.8,0.38,11.0,0.53,10.4,0.54,10.5,0.47,10.4,0.46,10.5,0.61,1.8,0.62,11.0,0.14,0.14,0.093128,1776235109000
1776235110.898,210.898,0.39,1.8,0.38,11.0,0.53,10.4,0.54,10.5,0.47,10.4,0.46,10.5,0.61,1.8,0.62,11.0,0.14,0.14,0.093128,1776235110000
1776235112.002,212.002,0.39,1.8,0.38,11.0,0.53,10.4,0.54,10.5,0.47,10.4,0.46,10.5,0.61,1.8,0.62,11.0,0.14,0.14,0.093126,1776235111000
1776235115.262,215.262,0.39,1.8,0.38,11.0,0.53,10.4,0.54,10.5,0.47,10.4,0.46,10.5,0.61,1.8,0.62,11.0,0.14,0.14,0.093127,1776235113000
1776235115.842,215.842,0.39,1.8,0.38,11.0,0.53,10.4,0.54,10.5,0.47,10.4,0.46,10.5,0.61,1.8,0.62,11.0,0.14,0.14,0.093125,1776235114000
1776235116.84,216.84,0.39,1.8,0.38,11.0,0.53,10.4,0.54,10.5,0.47,10.4,0.46,10.5,0.61,1.8,0.62,11.0,0.14,0.14,0.093125,1776235115000
1776235117.484,217.484,0.39,1.8,0.38,11.0,0.53,10.4,0.54,10.5,0.47,10.4,0.46,10.5,0.61,1.8,0.62,11.0,0.14,0.14,0.093125,1776235116000
1776235118.163,218.163,0.39,1.8,0.38,11.0,0.53,10.4,0.54,10.5,0.47,10.4,0.46,10.5,0.61,1.8,0.62,11.0,0.14,0.14,0.093125,1776235117000
1776235119.391,219.391,0.39,1.8,0.38,11.0,0.53,10.4,0.54,10.5,0.47,10.4,0.46,10.5,0.61,1.8,0.62,11.0,0.14,0.14,0.093125,1776235118000
1776235120.05,220.05,0.39,1.8,0.38,11.0,0.53,10.4,0.54,10.5,0.47,10.4,0.46,10.5,0.61,1.8,0.62,11.0,0.14,0.14,0.093122,1776235119000
1776235121.302,221.302,0.39,1.8,0.38,11.0,0.53,10.4,0.54,10.5,0.47,10.4,0.46,10.5,0.61,1.8,0.62,11.0,0.14,0.14,0.093121,1776235120000
1776235122.52,222.52,0.39,1.8,0.38,11.0,0.53,10.4,0.54,10.5,0.47,10.4,0.46,10.5,0.61,1.8,0.62,11.0,0.14,0.14,0.093122,1776235121000
1776235123.077,223.077,0.39,1.8,0.38,11.0,0.53,10.4,0.54,10.5,0.47,10.4,0.46,10.5,0.61,1.8,0.62,11.0,0.14,0.14,0.093122,1776235122000
1776235124.312,224.312,0.39,1.8,0.38,11.0,0.53,10.4,0.54,10.5,0.47,10.4,0.46,10.5,0.61,1.8,0.62,11.0,0.14,0.14,0.093119,1776235123000
1776235125.42,225.42,0.39,1.8,0.38,11.0,0.53,10.4,0.54,10.5,0.47,10.4,0.46,10.5,0.61,1.8,0.62,11.0,0.14,0.14,0.093119,1776235124000
1776235126.054,226.054,0.39,1.8,0.38,11.0,0.53,10.4,0.54,10.5,0.47,10.4,0.46,10.5,0.61,1.8,0.62,11.0,0.14,0.14,0.093119,1776235125000
1776235127.17,227.17,0.39,1.8,0.38,11.0,0.53,10.4,0.54,10.5,0.47,10.4,0.46,10.5,0.61,1.8,0.62,11.0,0.14,0.14,0.093119,1776235126000
1776235128.3,228.3,0.39,1.8,0.38,11.0,0.53,10.4,0.54,10.5,0.47,10.4,0.46,10.5,0.61,1.8,0.62,11.0,0.14,0.14,0.093119,1776235127000
1776235129.374,229.374,0.39,1.8,0.38,11.0,0.53,10.4,0.54,10.5,0.47,10.4,0.46,10.5,0.61,1.8,0.62,11.0,0.14,0.14,0.09312,1776235128000
1776235130.042,230.042,0.39,1.8,0.38,11.0,0.53,10.4,0.54,10.5,0.47,10.4,0.46,10.5,0.61,1.8,0.62,11.0,0.14,0.14,0.093122,1776235129000
1776235131.557,231.557,0.39,1.8,0.38,11.0,0.53,10.4,0.54,10.5,0.47,10.4,0.46,10.5,0.61,1.8,0.62,11.0,0.14,0.14,0.093121,1776235130000
1776235132.019,232.019,0.39,1.8,0.38,11.0,0.53,10.4,0.54,10.5,0.47,10.4,0.46,10.5,0.61,1.8,0.62,11.0,0.14,0.14,0.093121,1776235131000
1776235133.033,233.033,0.39,1.8,0.38,11.0,0.53,10.4,0.54,10.5,0.47,10.4,0.46,10.5,0.61,1.8,0.62,11.0,0.14,0.14,0.093124,1776235132000
1776235134.106,234.106,0.39,1.8,0.38,11.0,0.53,10.4,0.54,10.5,0.47,10.4,0.46,10.5,0.61,1.8,0.62,11.0,0.14,0.14,0.093124,1776235133000
1776235135.023,235.023,0.39,1.8,0.38,11.0,0.53,10.4,0.54,10.5,0.47,10.4,0.46,10.5,0.61,1.8,0.62,11.0,0.14,0.14,0.093125,1776235134000
1776235136.029,236.029,0.39,1.8,0.38,11.0,0.53,10.4,0.54,10.5,0.47,10.4,0.46,10.5,0.61,1.8,0.62,11.0,0.14,0.14,0.093125,1776235135000
1776235136.991,236.991,0.39,1.8,0.38,11.0,0.53,10.4,0.54,10.5,0.47,10.4,0.46,10.5,0.61,1.8,0.62,11.0,0.14,0.14,0.093125,1776235136000
1776235137.968,237.968,0.39,1.8,0.38,11.0,0.53,10.4,0.54,10.5,0.47,10.4,0.46,10.5,0.61,1.8,0.62,11.0,0.14,0.14,0.093125,1776235137000
1776235138.884,238.884,0.39,1.8,0.38,11.0,0.53,10.4,0.54,10.5,0.47,10.4,0.46,10.5,0.61,1.8,0.62,11.0,0.14,0.14,0.093125,1776235138000
1776235139.919,239.919,0.39,1.8,0.38,11.0,0.53,10.4,0.54,10.5,0.47,10.4,0.46,10.5,0.61,1.8,0.62,11.0,0.14,0.14,0.093126,1776235139000
1776235140.614,240.614,0.48,20.4,0.47,10.4,0.61,40.0,0.64,11.3,0.47,10.4,0.46,10.5,0.61,1.8,0.62,11.0,0.13,0.14,0.093126,1776235139000
1776235140.842,240.842,0.48,20.4,0.47,10.4,0.61,40.0,0.64,11.3,0.39,40.0,0.36,11.3,0.52,20.4,0.53,10.4,0.13,0.13,0.093125,1776235140000
1776235141.28,241.28,0.49,11.4,0.48,20.4,0.55,5.0,0.61,40.0,0.39,40.0,0.36,11.3,0.52,20.4,0.53,10.4,0.06,0.13,0.093125,1776235140000
1776235141.909,241.909,0.49,11.4,0.48,20.4,0.55,5.0,0.61,40.0,0.45,5.0,0.39,40.0,0.51,11.4,0.52,20.4,0.06,0.06,0.093125,1776235141000
1776235142.839,242.839,0.49,11.4,0.48,20.4,0.55,5.0,0.61,40.0,0.45,5.0,0.39,40.0,0.51,11.4,0.52,20.4,0.06,0.06,0.093125,1776235142000
1776235144.504,244.504,0.49,11.4,0.48,20.4,0.55,5.0,0.61,40.0,0.45,5.0,0.39,40.0,0.51,11.4,0.52,20.4,0.06,0.06,0.093126,1776235143000
1776235145.074,245.074,0.49,11.4,0.48,20.4,0.55,5.0,0.61,40.0,0.45,5.0,0.39,40.0,0.51,11.4,0.52,20.4,0.06,0.06,0.093126,1776235144000
1776235146.434,246.434,0.49,11.4,0.48,20.4,0.55,5.0,0.61,40.0,0.45,5.0,0.39,40.0,0.51,11.4,0.52,20.4,0.06,0.06,0.093129,1776235145000
1776235146.964,246.964,0.49,11.4,0.48,20.4,0.55,5.0,0.61,40.0,0.45,5.0,0.39,40.0,0.51,11.4,0.52,20.4,0.06,0.06,0.093129,1776235146000
1776235148.179,248.179,0.49,11.4,0.48,20.4,0.55,5.0,0.61,40.0,0.45,5.0,0.39,40.0,0.51,11.4,0.52,20.4,0.06,0.06,0.093129,1776235147000
1776235149.475,249.475,0.49,11.4,0.48,20.4,0.55,5.0,0.61,40.0,0.45,5.0,0.39,40.0,0.51,11.4,0.52,20.4,0.06,0.06,0.093132,1776235148000
1776235150.108,250.108,0.49,11.4,0.48,20.4,0.55,5.0,0.61,40.0,0.45,5.0,0.39,40.0,0.51,11.4,0.52,20.4,0.06,0.06,0.093132,1776235149000
1776235151.14,251.14,0.49,11.4,0.48,20.4,0.55,5.0,0.61,40.0,0.45,5.0,0.39,40.0,0.51,11.4,0.52,20.4,0.06,0.06,0.09314,1776235150000
1776235152.247,252.247,0.49,11.4,0.48,20.4,0.55,5.0,0.61,40.0,0.45,5.0,0.39,40.0,0.51,11.4,0.52,20.4,0.06,0.06,0.09314,1776235151000
1776235153.314,253.314,0.49,11.4,0.48,20.4,0.55,5.0,0.61,40.0,0.45,5.0,0.39,40.0,0.51,11.4,0.52,20.4,0.06,0.06,0.09314,1776235152000
1776235153.901,253.901,0.49,11.4,0.48,20.4,0.55,5.0,0.61,40.0,0.45,5.0,0.39,40.0,0.51,11.4,0.52,20.4,0.06,0.06,0.09314,1776235153000
1776235155.257,255.257,0.49,11.4,0.48,20.4,0.55,5.0,0.61,40.0,0.45,5.0,0.39,40.0,0.51,11.4,0.52,20.4,0.06,0.06,0.093141,1776235154000
1776235156.501,256.501,0.49,11.4,0.48,20.4,0.55,5.0,0.61,40.0,0.45,5.0,0.39,40.0,0.51,11.4,0.52,20.4,0.06,0.06,0.093142,1776235155000
1776235157.193,257.193,0.49,11.4,0.48,20.4,0.55,5.0,0.61,40.0,0.45,5.0,0.39,40.0,0.51,11.4,0.52,20.4,0.06,0.06,0.093137,1776235156000
1776235158.311,258.311,0.49,11.4,0.48,20.4,0.55,5.0,0.61,40.0,0.45,5.0,0.39,40.0,0.51,11.4,0.52,20.4,0.06,0.06,0.093137,1776235157000
1776235159.396,259.396,0.72,12.9,0.71,12.6,0.8,5.0,0.83,18.39,0.45,5.0,0.39,40.0,0.51,11.4,0.52,20.4,0.08,0.06,0.093137,1776235157000
1776235159.755,259.755,0.72,12.9,0.71,12.6,0.8,5.0,0.83,18.39,0.2,5.0,0.17,18.39,0.28,12.9,0.29,12.6,0.08,0.08,0.093137,1776235158000
1776235160.363,260.363,0.72,12.9,0.71,12.6,0.8,5.0,0.83,18.39,0.2,5.0,0.17,18.39,0.28,12.9,0.29,12.6,0.08,0.08,0.093137,1776235159000
1776235160.894,260.894,0.72,12.9,0.71,12.6,0.8,5.0,0.83,18.39,0.2,5.0,0.17,18.39,0.28,12.9,0.29,12.6,0.08,0.08,0.093137,1776235160000
1776235161.933,261.933,0.72,12.9,0.71,12.6,0.8,5.0,0.83,18.39,0.2,5.0,0.17,18.39,0.28,12.9,0.29,12.6,0.08,0.08,0.093137,1776235161000
1776235162.957,262.957,0.72,12.9,0.71,12.6,0.8,5.0,0.83,18.39,0.2,5.0,0.17,18.39,0.28,12.9,0.29,12.6,0.08,0.08,0.093137,1776235162000
1776235163.529,263.529,0.75,6.43,0.74,13.5,0.77,6.0,0.78,5.0,0.2,5.0,0.17,18.39,0.28,12.9,0.29,12.6,0.02,0.08,0.093137,1776235162000
1776235164.081,264.081,0.75,6.43,0.74,13.5,0.77,6.0,0.78,5.0,0.23,6.0,0.22,5.0,0.25,6.43,0.26,13.5,0.02,0.02,0.093141,1776235163000
1776235164.849,264.849,0.77,14.7,0.76,14.3,0.9,28.9,0.91,31.7,0.23,6.0,0.22,5.0,0.25,6.43,0.26,13.5,0.13,0.02,0.093141,1776235163000
1776235165.145,265.145,0.77,14.7,0.76,14.3,0.9,28.9,0.91,31.7,0.1,28.9,0.09,31.7,0.23,14.7,0.24,14.3,0.13,0.13,0.093148,1776235164000
1776235166.133,266.133,0.77,14.7,0.76,14.3,0.9,28.9,0.91,31.7,0.1,28.9,0.09,31.7,0.23,14.7,0.24,14.3,0.13,0.13,0.09315,1776235165000
1776235167.307,267.307,0.77,14.7,0.76,14.3,0.9,28.9,0.91,31.7,0.1,28.9,0.09,31.7,0.23,14.7,0.24,14.3,0.13,0.13,0.093149,1776235166000
1776235167.945,267.945,0.83,18.39,0.82,17.6,0.84,2.4,0.85,7.0,0.1,28.9,0.09,31.7,0.23,14.7,0.24,14.3,0.01,0.13,0.093149,1776235166000
1776235168.346,268.346,0.83,18.39,0.82,17.6,0.84,2.4,0.85,7.0,0.16,2.4,0.15,7.0,0.17,18.39,0.18,17.6,0.01,0.01,0.093148,1776235167000
1776235168.873,268.873,0.83,18.39,0.82,17.6,0.84,2.4,0.85,7.0,0.16,2.4,0.15,7.0,0.17,18.39,0.18,17.6,0.01,0.01,0.093148,1776235168000
1776235169.988,269.988,0.83,18.39,0.82,17.6,0.84,2.4,0.85,7.0,0.16,2.4,0.15,7.0,0.17,18.39,0.18,17.6,0.01,0.01,0.093148,1776235169000
1776235171.206,271.206,0.83,18.39,0.82,17.6,0.9,4.88,0.91,31.7,0.1,4.88,0.09,31.7,0.17,18.39,0.18,17.6,0.07,0.07,0.093148,1776235170000
1776235172.204,272.204,0.7,12.4,0.69,12.2,0.77,2.36,0.78,5.0,0.23,2.36,0.22,5.0,0.29,9.0,0.3,12.4,0.07,0.06,0.093149,1776235171000
1776235173.835,273.835,0.7,12.4,0.69,12.2,0.77,2.36,0.78,5.0,0.23,2.36,0.22,5.0,0.29,9.0,0.3,12.4,0.07,0.06,0.09314,1776235172000
1776235175.18,275.18,0.7,12.4,0.69,12.2,0.77,2.36,0.78,5.0,0.23,2.36,0.22,5.0,0.29,9.0,0.3,12.4,0.07,0.06,0.09314,1776235173000
1776235175.823,275.823,0.7,12.4,0.69,12.2,0.77,2.36,0.78,5.0,0.23,2.36,0.22,5.0,0.29,9.0,0.3,12.4,0.07,0.06,0.09314,1776235174000
1776235176.481,276.481,0.7,12.4,0.69,12.2,0.77,2.36,0.78,5.0,0.23,2.36,0.22,5.0,0.29,9.0,0.3,12.4,0.07,0.06,0.093139,1776235175000
1776235177.297,277.297,0.7,12.4,0.69,12.2,0.77,2.36,0.78,5.0,0.23,2.36,0.22,5.0,0.29,9.0,0.3,12.4,0.07,0.06,0.093139,1776235176000
1776235178.778,278.778,0.7,12.4,0.69,12.2,0.77,2.36,0.78,5.0,0.23,2.36,0.22,5.0,0.29,9.0,0.3,12.4,0.07,0.06,0.093136,1776235177000
1776235179.517,279.517,0.7,12.4,0.69,12.2,0.77,2.36,0.78,5.0,0.23,2.36,0.22,5.0,0.29,9.0,0.3,12.4,0.07,0.06,0.093137,1776235178000
1776235180.361,280.361,0.7,12.4,0.69,12.2,0.77,2.36,0.78,5.0,0.23,2.36,0.22,5.0,0.29,9.0,0.3,12.4,0.07,0.06,0.093139,1776235179000
1776235181.703,281.703,0.7,12.4,0.69,12.2,0.77,2.36,0.78,5.0,0.23,2.36,0.22,5.0,0.29,9.0,0.3,12.4,0.07,0.06,0.093139,1776235180000
1776235182.471,282.471,0.7,12.4,0.69,12.2,0.77,2.36,0.78,5.0,0.23,2.36,0.22,5.0,0.29,9.0,0.3,12.4,0.07,0.06,0.093139,1776235181000
1776235183.233,283.233,0.7,12.4,0.69,12.2,0.77,2.36,0.78,5.0,0.23,2.36,0.22,5.0,0.29,9.0,0.3,12.4,0.07,0.06,0.093139,1776235182000
1776235184.634,284.634,0.7,12.4,0.69,12.2,0.77,2.36,0.78,5.0,0.23,2.36,0.22,5.0,0.29,9.0,0.3,12.4,0.07,0.06,0.093138,1776235183000
1776235184.844,284.844,0.31,45.69,0.21,50.0,0.81,48.04,0.91,50.0,0.2,6.0,0.19,50.0,0.69,45.69,0.79,50.0,0.5,0.49,0.093138,1776235183000
1776235185.312,285.312,0.21,46.24,0.12,5.0,0.51,50.0,0.61,88.0,0.19,48.04,0.09,50.0,0.69,41.38,0.79,50.0,0.3,0.5,0.093138,1776235183000
1776235186.3,286.3,0.13,5.58,0.12,5.0,0.41,50.0,0.51,50.0,0.49,50.0,0.39,50.0,0.79,42.48,0.88,5.0,0.28,0.3,0.093138,1776235184000
1776235187.897,287.897,0.13,5.58,0.12,5.0,0.41,50.0,0.51,50.0,0.59,50.0,0.49,50.0,0.87,5.58,0.88,5.0,0.28,0.28,0.093116,1776235186000
1776235188.795,288.795,0.13,5.58,0.12,5.0,0.41,50.0,0.51,50.0,0.59,50.0,0.49,50.0,0.87,5.58,0.88,5.0,0.28,0.28,0.093115,1776235187000
1776235189.067,289.067,0.31,50.0,0.21,50.0,0.61,45.13,0.71,50.0,0.59,50.0,0.49,50.0,0.87,5.58,0.88,5.0,0.3,0.28,0.093115,1776235187000
1776235189.479,289.479,0.31,50.0,0.21,50.0,0.61,40.26,0.71,50.0,0.39,40.26,0.29,50.0,0.69,50.0,0.79,50.0,0.3,0.3,0.093113,1776235188000
1776235189.684,289.684,0.61,43.64,0.51,50.0,0.91,43.46,0.95,100.0,0.09,43.46,0.05,100.0,0.39,50.0,0.49,50.0,0.3,0.3,0.093113,1776235188000
1776235190.175,290.175,0.61,43.64,0.51,50.0,0.91,40.19,0.95,100.0,0.09,43.46,0.05,100.0,0.39,43.64,0.49,50.0,0.3,0.3,0.093113,1776235188000
1776235190.442,290.442,0.61,43.64,0.51,50.0,0.91,40.19,0.95,100.0,0.09,40.19,0.05,100.0,0.39,43.64,0.49,50.0,0.3,0.3,0.093113,1776235189000
1776235191.051,291.051,0.61,43.64,0.51,50.0,0.91,36.92,0.95,100.0,0.09,36.92,0.05,100.0,0.39,43.64,0.49,50.0,0.3,0.3,0.093113,1776235190000
1776235191.499,291.499,0.61,16.76,0.51,50.0,0.9,100.0,0.91,36.92,0.1,100.0,0.09,36.92,0.39,36.07,0.49,50.0,0.29,0.29,0.093113,1776235190000
1776235192.362,292.362,0.61,16.76,0.51,50.0,0.9,100.0,0.91,36.92,0.1,100.0,0.09,36.92,0.39,16.76,0.49,50.0,0.29,0.29,0.09313,1776235191000
1776235192.848,292.848,0.61,54.73,0.51,50.0,0.91,36.92,0.96,5.0,0.1,100.0,0.09,36.92,0.39,16.76,0.49,50.0,0.3,0.29,0.09313,1776235191000
1776235193.573,293.573,0.61,54.73,0.51,50.0,0.91,36.92,0.96,5.0,0.09,36.92,0.04,5.0,0.39,54.73,0.49,50.0,0.3,0.3,0.093132,1776235192000
1776235194.08,294.08,0.61,54.73,0.51,50.0,0.91,36.92,0.96,5.0,0.09,36.92,0.04,5.0,0.39,54.73,0.49,50.0,0.3,0.3,0.093132,1776235193000
1776235195.478,295.478,0.61,54.73,0.51,50.0,0.91,36.92,0.96,5.0,0.09,36.92,0.04,5.0,0.39,54.73,0.49,50.0,0.3,0.3,0.093133,1776235194000
1776235195.774,295.774,0.61,4.73,0.51,50.0,0.81,39.14,0.91,36.92,0.09,36.92,0.04,5.0,0.39,54.73,0.49,50.0,0.2,0.3,0.093133,1776235194000
1776235196.399,296.399,0.71,50.0,0.61,54.73,0.96,3.8,0.98,15.0,0.19,39.14,0.09,36.92,0.39,4.73,0.49,50.0,0.25,0.2,0.093133,1776235194000
1776235196.983,296.983,0.71,50.0,0.61,54.73,0.96,3.8,0.98,15.0,0.04,3.8,0.02,15.0,0.29,50.0,0.39,54.73,0.25,0.25,0.093132,1776235196000
1776235197.541,297.541,0.71,50.0,0.61,54.73,0.99,96.31,,,0.04,3.8,0.02,15.0,0.29,50.0,0.39,54.73,0.28,0.25,0.093132,1776235196000
1776235198.029,298.029,0.71,50.0,0.61,54.73,0.99,96.31,,,0.01,96.31,,,0.29,50.0,0.39,54.73,0.28,0.28,0.093132,1776235197000
1776235198.629,298.629,0.71,50.0,0.61,54.73,0.99,89.09,,,0.01,90.2,,,0.29,50.0,0.39,54.73,0.28,0.28,0.093132,1776235197000
1776235199.135,299.135,0.71,50.0,0.61,54.73,0.99,89.09,,,0.01,89.09,,,0.29,50.0,0.39,54.73,0.28,0.28,0.093132,1776235198000
1776235199.992,299.992,0.77,5.0,0.6,11.0,0.99,35.09,,,0.01,84.09,,,0.23,5.0,0.4,6.0,0.22,0.22,0.093132,1776235198000
1776235200.303,300.303,0.99,221.92,0.77,5.0,,,,,,,,,0.01,221.92,0.23,5.0,,,0.093132,1776235199000
1776235201.397,301.397,0.99,221.92,0.77,5.0,,,,,,,,,0.01,221.92,0.23,5.0,,,0.093132,1776235200000
1776235201.899,301.899,0.99,221.92,0.77,5.0,,,,,,,,,0.01,221.92,0.23,5.0,,,0.093132,1776235201000
1776235202.994,302.994,0.99,221.92,0.77,5.0,,,,,,,,,0.01,221.92,0.23,5.0,,,0.093132,1776235202000

# RESULT,winner=Up,slug=doge-updown-5m-1776234900,ticks=329
