timestamp,elapsed_sec,up_bid_p1,up_bid_s1,up_bid_p2,up_bid_s2,up_ask_p1,up_ask_s1,up_ask_p2,up_ask_s2,down_bid_p1,down_bid_s1,down_bid_p2,down_bid_s2,down_ask_p1,down_ask_s1,down_ask_p2,down_ask_s2,up_spread,down_spread,doge_price,doge_oracle_ts
1776183301.348,1.348,,,,,,,,,,,,,,,,,,,0.095825,1776183300000
1776183301.611,1.611,0.49,6.0,0.48,6.0,0.51,2.82,0.52,6.0,0.49,2.82,0.48,6.0,0.5,10.0,0.51,6.0,0.02,0.01,0.095825,1776183300000
1776183302.109,2.109,0.5,20.0,0.49,6.0,0.51,2.82,0.52,6.0,0.49,2.82,0.48,6.0,0.5,10.0,0.51,6.0,0.01,0.01,0.095825,1776183300000
1776183303.034,3.034,0.5,29.9,0.49,6.0,0.59,30.0,0.6,30.0,0.49,2.82,0.48,6.0,0.5,20.0,0.51,6.0,0.09,0.01,0.095831,1776183301000
1776183303.34,3.34,0.5,29.9,0.49,6.0,0.59,30.0,0.6,30.0,0.41,30.0,0.4,30.0,0.5,29.9,0.51,6.0,0.09,0.09,0.095833,1776183302000
1776183304.923,4.923,0.5,29.9,0.49,6.0,0.59,30.0,0.6,30.0,0.41,30.0,0.4,30.0,0.5,29.9,0.51,6.0,0.09,0.09,0.095877,1776183303000
1776183305.678,5.678,0.5,29.9,0.49,6.0,0.59,30.0,0.6,30.0,0.41,30.0,0.4,30.0,0.5,29.9,0.51,6.0,0.09,0.09,0.09588,1776183304000
1776183306.142,6.142,0.5,24.9,0.49,6.0,0.51,5.0,0.6,12.0,0.41,30.0,0.4,30.0,0.5,29.9,0.51,6.0,0.01,0.09,0.09588,1776183304000
1776183306.395,6.395,0.5,24.9,0.49,6.0,0.6,12.0,0.61,50.0,0.4,12.0,0.39,50.0,0.5,24.9,0.51,6.0,0.1,0.1,0.09588,1776183305000
1776183307.126,7.126,0.5,24.9,0.49,6.0,0.6,12.0,0.61,50.0,0.4,12.0,0.39,50.0,0.5,24.9,0.51,6.0,0.1,0.1,0.09588,1776183306000
1776183308.458,8.458,0.5,24.9,0.49,6.0,0.6,12.0,0.61,50.0,0.4,12.0,0.39,50.0,0.5,24.9,0.51,6.0,0.1,0.1,0.095829,1776183307000
1776183309.122,9.122,0.5,24.9,0.49,6.0,0.6,12.0,0.61,50.0,0.4,12.0,0.39,50.0,0.5,24.9,0.51,6.0,0.1,0.1,0.095816,1776183308000
1776183310.51,10.51,0.5,24.9,0.49,6.0,0.6,12.0,0.61,50.0,0.4,12.0,0.39,50.0,0.5,24.9,0.51,6.0,0.1,0.1,0.095803,1776183309000
1776183311.181,11.181,0.5,24.9,0.49,6.0,0.6,12.0,0.61,50.0,0.4,12.0,0.39,50.0,0.5,24.9,0.51,6.0,0.1,0.1,0.095806,1776183310000
1776183312.646,12.646,0.5,24.9,0.49,6.0,0.6,12.0,0.61,50.0,0.4,12.0,0.39,50.0,0.5,24.9,0.51,6.0,0.1,0.1,0.095809,1776183311000
1776183312.942,12.942,0.5,14.9,0.49,6.0,0.53,10.0,0.58,10.0,0.4,12.0,0.39,50.0,0.5,24.9,0.51,6.0,0.03,0.1,0.095809,1776183311000
1776183313.282,13.282,0.5,14.9,0.49,6.0,0.53,10.0,0.58,10.0,0.47,10.0,0.42,10.0,0.5,14.9,0.51,6.0,0.03,0.03,0.095809,1776183312000
1776183314.694,14.694,0.5,14.9,0.49,6.0,0.53,10.0,0.58,10.0,0.47,10.0,0.42,10.0,0.5,14.9,0.51,6.0,0.03,0.03,0.095807,1776183313000
1776183315.458,15.458,0.5,14.9,0.49,6.0,0.53,10.0,0.58,10.0,0.47,10.0,0.42,10.0,0.5,14.9,0.51,6.0,0.03,0.03,0.095817,1776183314000
1776183316.402,16.402,0.5,14.9,0.49,6.0,0.53,10.0,0.58,10.0,0.47,10.0,0.42,10.0,0.5,14.9,0.51,6.0,0.03,0.03,0.095836,1776183315000
1776183316.983,16.983,0.5,14.9,0.49,6.0,0.53,10.0,0.58,10.0,0.47,10.0,0.42,10.0,0.5,14.9,0.51,6.0,0.03,0.03,0.095845,1776183316000
1776183317.83,17.83,0.5,14.9,0.49,6.0,0.53,10.0,0.58,10.0,0.47,10.0,0.42,10.0,0.5,14.9,0.51,6.0,0.03,0.03,0.095836,1776183317000
1776183318.826,18.826,0.5,14.9,0.49,11.0,0.56,5.0,0.57,5.0,0.47,10.0,0.42,10.0,0.5,14.9,0.51,6.0,0.06,0.03,0.095836,1776183317000
1776183319.72,19.72,0.5,9.9,0.49,11.0,0.53,10.0,0.58,10.0,0.44,5.0,0.43,5.0,0.5,14.9,0.51,11.0,0.03,0.06,0.095836,1776183318000
1776183320.759,20.759,0.5,9.9,0.49,11.0,0.53,10.0,0.58,10.0,0.47,10.0,0.42,10.0,0.5,9.9,0.51,11.0,0.03,0.03,0.095834,1776183320000
1776183322.366,22.366,0.5,9.9,0.49,11.0,0.53,10.0,0.58,10.0,0.47,10.0,0.42,10.0,0.5,9.9,0.51,11.0,0.03,0.03,0.095816,1776183321000
1776183323.31,23.31,0.5,9.9,0.49,11.0,0.53,10.0,0.58,10.0,0.47,10.0,0.42,10.0,0.5,9.9,0.51,11.0,0.03,0.03,0.095815,1776183322000
1776183324.27,24.27,0.5,9.9,0.49,11.0,0.53,10.0,0.58,10.0,0.47,10.0,0.42,10.0,0.5,9.9,0.51,11.0,0.03,0.03,0.095822,1776183323000
1776183325.301,25.301,0.5,9.9,0.49,11.0,0.53,10.0,0.58,10.0,0.47,10.0,0.42,10.0,0.5,9.9,0.51,11.0,0.03,0.03,0.095821,1776183324000
1776183326.159,26.159,0.5,9.9,0.49,11.0,0.53,10.0,0.58,10.0,0.47,10.0,0.42,10.0,0.5,9.9,0.51,11.0,0.03,0.03,0.095826,1776183325000
1776183327.226,27.226,0.5,9.9,0.49,11.0,0.53,10.0,0.58,10.0,0.47,10.0,0.42,10.0,0.5,9.9,0.51,11.0,0.03,0.03,0.095833,1776183326000
1776183328.155,28.155,0.5,9.9,0.49,11.0,0.53,10.0,0.58,10.0,0.47,10.0,0.42,10.0,0.5,9.9,0.51,11.0,0.03,0.03,0.09584,1776183327000
1776183329.311,29.311,0.5,9.9,0.49,11.0,0.53,10.0,0.58,10.0,0.47,10.0,0.42,10.0,0.5,9.9,0.51,11.0,0.03,0.03,0.095821,1776183328000
1776183330.423,30.423,0.52,0.12,0.5,9.9,0.55,10.0,0.59,12.0,0.47,10.0,0.42,10.0,0.5,9.9,0.51,11.0,0.03,0.03,0.095821,1776183328000
1776183330.987,30.987,0.52,0.12,0.5,9.9,0.55,10.0,0.59,12.0,0.45,10.0,0.41,12.0,0.48,0.12,0.5,9.9,0.03,0.03,0.095821,1776183330000
1776183332.069,32.069,0.52,0.12,0.5,9.9,0.55,10.0,0.59,12.0,0.45,10.0,0.41,12.0,0.48,0.12,0.5,9.9,0.03,0.03,0.095816,1776183331000
1776183333.257,33.257,0.52,0.12,0.5,9.9,0.55,10.0,0.59,12.0,0.45,10.0,0.41,12.0,0.48,0.12,0.5,9.9,0.03,0.03,0.095809,1776183332000
1776183334.29,34.29,0.52,0.12,0.5,9.9,0.55,10.0,0.59,12.0,0.45,10.0,0.41,12.0,0.48,0.12,0.5,9.9,0.03,0.03,0.095803,1776183333000
1776183335.333,35.333,0.52,0.12,0.5,9.9,0.55,10.0,0.59,12.0,0.45,10.0,0.41,12.0,0.48,0.12,0.5,9.9,0.03,0.03,0.095802,1776183334000
1776183336.408,36.408,0.52,0.12,0.5,9.9,0.55,10.0,0.59,12.0,0.45,10.0,0.41,12.0,0.48,0.12,0.5,9.9,0.03,0.03,0.095802,1776183335000
1776183337.066,37.066,0.52,0.12,0.5,9.9,0.55,10.0,0.59,12.0,0.45,10.0,0.41,12.0,0.48,0.12,0.5,9.9,0.03,0.03,0.095802,1776183336000
1776183338.201,38.201,0.52,0.12,0.5,9.9,0.55,10.0,0.59,12.0,0.45,10.0,0.41,12.0,0.48,0.12,0.5,9.9,0.03,0.03,0.095802,1776183337000
1776183338.922,38.922,0.5,9.9,0.49,11.0,0.51,49.88,0.53,20.0,0.45,10.0,0.41,12.0,0.48,0.12,0.5,9.9,0.01,0.03,0.095802,1776183337000
1776183339.277,39.277,0.5,4.9,0.49,11.0,0.51,49.88,0.53,10.0,0.49,49.88,0.47,10.0,0.5,4.9,0.51,11.0,0.01,0.01,0.095802,1776183338000
1776183339.493,39.493,0.49,11.0,0.48,6.0,0.51,80.88,0.55,5.21,0.49,80.88,0.45,5.21,0.5,1.96,0.51,11.0,0.02,0.01,0.095802,1776183338000
1776183339.717,39.717,0.49,6.0,0.48,6.0,0.51,80.88,0.54,5.0,0.49,80.88,0.45,5.21,0.51,11.0,0.52,6.0,0.02,0.02,0.095802,1776183338000
1776183340.58,40.58,0.36,5.0,0.34,5.0,0.41,38.0,0.51,80.88,0.59,38.0,0.49,80.88,0.64,5.0,0.66,5.0,0.05,0.05,0.095803,1776183339000
1776183341.084,41.084,0.36,5.0,0.34,5.0,0.41,38.0,0.51,80.88,0.59,38.0,0.49,80.88,0.64,5.0,0.66,5.0,0.05,0.05,0.095797,1776183340000
1776183342.26,42.26,0.36,5.0,0.34,5.0,0.41,38.0,0.51,80.88,0.59,38.0,0.49,80.88,0.64,5.0,0.66,5.0,0.05,0.05,0.095747,1776183341000
1776183343.373,43.373,0.25,6.04,0.24,5.0,0.35,10.0,0.39,8.0,0.59,38.0,0.49,80.88,0.64,5.0,0.66,5.0,0.1,0.05,0.095747,1776183341000
1776183344.117,44.117,0.25,6.04,0.24,5.0,0.35,10.0,0.39,8.0,0.65,10.0,0.61,8.0,0.75,6.04,0.76,5.0,0.1,0.1,0.095748,1776183342000
1776183345.094,45.094,0.25,6.04,0.24,5.0,0.35,10.0,0.39,8.0,0.65,10.0,0.61,8.0,0.75,6.04,0.76,5.0,0.1,0.1,0.095738,1776183343000
1776183345.861,45.861,0.25,6.04,0.24,5.0,0.35,10.0,0.39,8.0,0.65,10.0,0.61,8.0,0.75,6.04,0.76,5.0,0.1,0.1,0.095728,1776183344000
1776183346.769,46.769,0.25,6.04,0.24,5.0,0.35,10.0,0.39,8.0,0.65,10.0,0.61,8.0,0.75,6.04,0.76,5.0,0.1,0.1,0.095721,1776183345000
1776183347.514,47.514,0.25,6.04,0.24,5.0,0.35,10.0,0.39,8.0,0.65,10.0,0.61,8.0,0.75,6.04,0.76,5.0,0.1,0.1,0.095707,1776183346000
1776183348.315,48.315,0.25,6.04,0.24,5.0,0.35,10.0,0.39,8.0,0.65,10.0,0.61,8.0,0.75,6.04,0.76,5.0,0.1,0.1,0.095701,1776183347000
1776183349.886,49.886,0.25,6.04,0.24,5.0,0.35,10.0,0.39,8.0,0.65,10.0,0.61,8.0,0.75,6.04,0.76,5.0,0.1,0.1,0.09568,1776183348000
1776183350.676,50.676,0.25,6.04,0.24,5.0,0.35,10.0,0.39,8.0,0.65,10.0,0.61,8.0,0.75,6.04,0.76,5.0,0.1,0.1,0.09567,1776183349000
1776183351.414,51.414,0.25,6.04,0.24,5.0,0.35,10.0,0.39,8.0,0.65,10.0,0.61,8.0,0.75,6.04,0.76,5.0,0.1,0.1,0.095668,1776183350000
1776183352.222,52.222,0.25,6.04,0.24,5.0,0.35,10.0,0.39,8.0,0.65,10.0,0.61,8.0,0.75,6.04,0.76,5.0,0.1,0.1,0.09567,1776183351000
1776183353.713,53.713,0.25,6.04,0.24,5.0,0.35,10.0,0.39,8.0,0.65,10.0,0.61,8.0,0.75,6.04,0.76,5.0,0.1,0.1,0.095683,1776183352000
1776183354.497,54.497,0.25,6.04,0.24,5.0,0.35,10.0,0.39,8.0,0.65,10.0,0.61,8.0,0.75,6.04,0.76,5.0,0.1,0.1,0.095696,1776183353000
1776183355.203,55.203,0.25,6.04,0.24,5.0,0.35,10.0,0.39,8.0,0.65,10.0,0.61,8.0,0.75,6.04,0.76,5.0,0.1,0.1,0.095693,1776183354000
1776183356.727,56.727,0.25,6.04,0.24,5.0,0.35,10.0,0.39,8.0,0.65,10.0,0.61,8.0,0.75,6.04,0.76,5.0,0.1,0.1,0.095694,1776183355000
1776183357.352,57.352,0.25,6.04,0.24,5.0,0.35,10.0,0.39,8.0,0.65,10.0,0.61,8.0,0.75,6.04,0.76,5.0,0.1,0.1,0.095694,1776183356000
1776183358.068,58.068,0.25,6.04,0.24,5.0,0.35,10.0,0.39,8.0,0.65,10.0,0.61,8.0,0.75,6.04,0.76,5.0,0.1,0.1,0.095713,1776183357000
1776183359.45,59.45,0.25,6.04,0.24,5.0,0.35,10.0,0.39,8.0,0.65,10.0,0.61,8.0,0.75,6.04,0.76,5.0,0.1,0.1,0.095721,1776183358000
1776183360.267,60.267,0.25,6.04,0.24,5.0,0.35,10.0,0.39,8.0,0.65,10.0,0.61,8.0,0.75,6.04,0.76,5.0,0.1,0.1,0.09572,1776183359000
1776183361.714,61.714,0.25,6.04,0.24,5.0,0.35,10.0,0.39,8.0,0.65,10.0,0.61,8.0,0.75,6.04,0.76,5.0,0.1,0.1,0.095724,1776183360000
1776183362.354,62.354,0.25,6.04,0.24,5.0,0.35,10.0,0.39,8.0,0.65,10.0,0.61,8.0,0.75,6.04,0.76,5.0,0.1,0.1,0.095721,1776183361000
1776183363.485,63.485,0.25,6.04,0.24,5.0,0.35,10.0,0.39,8.0,0.65,10.0,0.61,8.0,0.75,6.04,0.76,5.0,0.1,0.1,0.095726,1776183362000
1776183364.018,64.018,0.25,6.04,0.24,5.0,0.35,10.0,0.39,8.0,0.65,10.0,0.61,8.0,0.75,6.04,0.76,5.0,0.1,0.1,0.095726,1776183363000
1776183364.586,64.586,0.27,5.0,0.25,18.9,0.37,4.59,0.41,58.0,0.65,10.0,0.61,8.0,0.75,6.04,0.76,5.0,0.1,0.1,0.095726,1776183363000
1776183365.219,65.219,0.27,5.0,0.25,18.9,0.37,4.59,0.41,58.0,0.63,4.59,0.59,58.0,0.73,5.0,0.75,18.9,0.1,0.1,0.095729,1776183364000
1776183366.305,66.305,0.27,5.0,0.25,18.9,0.37,4.59,0.41,58.0,0.63,4.59,0.59,58.0,0.73,5.0,0.75,18.9,0.1,0.1,0.095742,1776183365000
1776183368.116,68.116,0.27,5.0,0.25,18.9,0.37,4.59,0.41,58.0,0.63,4.59,0.59,58.0,0.73,5.0,0.75,18.9,0.1,0.1,0.095734,1776183366000
1776183368.649,68.649,0.27,5.0,0.25,18.9,0.37,4.59,0.41,58.0,0.63,4.59,0.59,58.0,0.73,5.0,0.75,18.9,0.1,0.1,0.095736,1776183367000
1776183369.332,69.332,0.27,5.0,0.25,18.9,0.37,4.59,0.41,58.0,0.63,4.59,0.59,58.0,0.73,5.0,0.75,18.9,0.1,0.1,0.095729,1776183368000
1776183370.095,70.095,0.27,5.0,0.25,18.9,0.37,4.59,0.41,58.0,0.63,4.59,0.59,58.0,0.73,5.0,0.75,18.9,0.1,0.1,0.095726,1776183369000
1776183371.329,71.329,0.27,5.0,0.25,18.9,0.37,4.59,0.41,58.0,0.63,4.59,0.59,58.0,0.73,5.0,0.75,18.9,0.1,0.1,0.095727,1776183370000
1776183372.539,72.539,0.27,5.0,0.25,18.9,0.37,4.59,0.41,58.0,0.63,4.59,0.59,58.0,0.73,5.0,0.75,18.9,0.1,0.1,0.095724,1776183371000
1776183373.116,73.116,0.27,5.0,0.25,18.9,0.37,4.59,0.41,58.0,0.63,4.59,0.59,58.0,0.73,5.0,0.75,18.9,0.1,0.1,0.095723,1776183372000
1776183374.206,74.206,0.27,5.0,0.25,18.9,0.37,4.59,0.41,58.0,0.63,4.59,0.59,58.0,0.73,5.0,0.75,18.9,0.1,0.1,0.095723,1776183373000
1776183375.331,75.331,0.27,5.0,0.25,18.9,0.37,4.59,0.41,58.0,0.63,4.59,0.59,58.0,0.73,5.0,0.75,18.9,0.1,0.1,0.095723,1776183374000
1776183376.376,76.376,0.27,5.0,0.25,18.9,0.37,4.59,0.41,58.0,0.63,4.59,0.59,58.0,0.73,5.0,0.75,18.9,0.1,0.1,0.095704,1776183375000
1776183377.513,77.513,0.27,5.0,0.25,18.9,0.37,4.59,0.41,58.0,0.63,4.59,0.59,58.0,0.73,5.0,0.75,18.9,0.1,0.1,0.095691,1776183376000
1776183377.919,77.919,0.27,5.0,0.25,18.9,0.37,4.59,0.41,58.0,0.63,4.59,0.59,58.0,0.73,5.0,0.75,18.9,0.1,0.1,0.095697,1776183377000
1776183379.966,79.966,0.27,5.0,0.25,18.9,0.37,4.59,0.41,58.0,0.63,4.59,0.59,58.0,0.73,5.0,0.75,18.9,0.1,0.1,0.095699,1776183378000
1776183381.055,81.055,0.27,5.0,0.25,18.9,0.37,4.59,0.41,58.0,0.63,4.59,0.59,58.0,0.73,5.0,0.75,18.9,0.1,0.1,0.09571,1776183379000
1776183382.246,82.246,0.27,5.0,0.25,18.9,0.37,4.59,0.41,58.0,0.63,4.59,0.59,58.0,0.73,5.0,0.75,18.9,0.1,0.1,0.095725,1776183380000
1776183383.334,83.334,0.27,5.0,0.25,18.9,0.37,4.59,0.41,58.0,0.63,4.59,0.59,58.0,0.73,5.0,0.75,18.9,0.1,0.1,0.095725,1776183381000
1776183384.383,84.383,0.27,5.0,0.25,18.9,0.37,4.59,0.41,58.0,0.63,4.59,0.59,58.0,0.73,5.0,0.75,18.9,0.1,0.1,0.095725,1776183382000
1776183385.399,85.399,0.27,5.0,0.25,18.9,0.37,4.59,0.41,58.0,0.63,4.59,0.59,58.0,0.73,5.0,0.75,18.9,0.1,0.1,0.095719,1776183384000
1776183386.34,86.34,0.27,5.0,0.25,18.9,0.37,4.59,0.41,58.0,0.63,4.59,0.59,58.0,0.73,5.0,0.75,18.9,0.1,0.1,0.095725,1776183385000
1776183388.048,88.048,0.27,5.0,0.25,18.9,0.37,4.59,0.41,58.0,0.63,4.59,0.59,58.0,0.73,5.0,0.75,18.9,0.1,0.1,0.095726,1776183386000
1776183389.001,89.001,0.27,5.0,0.25,18.9,0.37,4.59,0.41,58.0,0.63,4.59,0.59,58.0,0.73,5.0,0.75,18.9,0.1,0.1,0.095724,1776183387000
1776183389.938,89.938,0.27,5.0,0.25,18.9,0.37,4.59,0.41,58.0,0.63,4.59,0.59,58.0,0.73,5.0,0.75,18.9,0.1,0.1,0.095731,1776183388000
1776183390.587,90.587,0.27,5.0,0.25,18.9,0.37,4.59,0.41,58.0,0.63,4.59,0.59,58.0,0.73,5.0,0.75,18.9,0.1,0.1,0.095732,1776183389000
1776183391.269,91.269,0.27,5.0,0.25,18.9,0.37,4.59,0.41,58.0,0.63,4.59,0.59,58.0,0.73,5.0,0.75,18.9,0.1,0.1,0.095728,1776183390000
1776183392.714,92.714,0.27,5.0,0.25,18.9,0.37,4.59,0.41,58.0,0.63,4.59,0.59,58.0,0.73,5.0,0.75,18.9,0.1,0.1,0.095728,1776183391000
1776183393.414,93.414,0.27,5.0,0.25,18.9,0.37,4.59,0.41,58.0,0.63,4.59,0.59,58.0,0.73,5.0,0.75,18.9,0.1,0.1,0.095728,1776183392000
1776183394.196,94.196,0.27,5.0,0.25,18.9,0.37,4.59,0.41,58.0,0.63,4.59,0.59,58.0,0.73,5.0,0.75,18.9,0.1,0.1,0.095727,1776183393000
1776183395.434,95.434,0.27,5.0,0.25,18.9,0.37,4.59,0.41,58.0,0.63,4.59,0.59,58.0,0.73,5.0,0.75,18.9,0.1,0.1,0.0957,1776183394000
1776183396.195,96.195,0.27,5.0,0.25,18.9,0.37,4.59,0.41,58.0,0.63,4.59,0.59,58.0,0.73,5.0,0.75,18.9,0.1,0.1,0.095696,1776183395000
1776183398.055,98.055,0.27,5.0,0.25,18.9,0.37,4.59,0.41,58.0,0.63,4.59,0.59,58.0,0.73,5.0,0.75,18.9,0.1,0.1,0.095685,1776183396000
1776183398.76,98.76,0.27,5.0,0.25,18.9,0.37,4.59,0.41,58.0,0.63,4.59,0.59,58.0,0.73,5.0,0.75,18.9,0.1,0.1,0.095688,1776183397000
1776183399.726,99.726,0.27,5.0,0.25,18.9,0.37,4.59,0.41,58.0,0.63,4.59,0.59,58.0,0.73,5.0,0.75,18.9,0.1,0.1,0.095692,1776183398000
1776183400.335,100.335,0.27,5.0,0.25,18.9,0.37,4.59,0.41,58.0,0.63,4.59,0.59,58.0,0.73,5.0,0.75,18.9,0.1,0.1,0.095693,1776183399000
1776183401.508,101.508,0.27,5.0,0.25,18.9,0.37,4.59,0.41,58.0,0.63,4.59,0.59,58.0,0.73,5.0,0.75,18.9,0.1,0.1,0.095694,1776183400000
1776183402.006,102.006,0.27,5.0,0.25,18.9,0.37,4.59,0.41,58.0,0.63,4.59,0.59,58.0,0.73,5.0,0.75,18.9,0.1,0.1,0.095694,1776183401000
1776183403.171,103.171,0.27,5.0,0.25,18.9,0.37,4.59,0.41,58.0,0.63,4.59,0.59,58.0,0.73,5.0,0.75,18.9,0.1,0.1,0.095692,1776183402000
1776183403.561,103.561,0.2,16.2,0.19,16.89,0.31,41.45,0.32,18.9,0.63,4.59,0.59,58.0,0.73,5.0,0.75,18.9,0.11,0.1,0.095692,1776183402000
1776183404.268,104.268,0.2,16.2,0.19,16.89,0.31,41.45,0.32,18.9,0.69,41.45,0.68,18.9,0.8,16.2,0.81,16.89,0.11,0.11,0.095697,1776183403000
1776183405.3,105.3,0.2,16.2,0.19,16.89,0.31,41.45,0.32,18.9,0.69,41.45,0.68,18.9,0.8,16.2,0.81,16.89,0.11,0.11,0.095698,1776183404000
1776183406.38,106.38,0.2,16.2,0.19,16.89,0.31,41.45,0.32,18.9,0.69,41.45,0.68,18.9,0.8,16.2,0.81,16.89,0.11,0.11,0.095698,1776183405000
1776183406.962,106.962,0.2,16.2,0.19,16.89,0.31,41.45,0.32,18.9,0.69,41.45,0.68,18.9,0.8,16.2,0.81,16.89,0.11,0.11,0.095698,1776183406000
1776183408.037,108.037,0.2,16.2,0.19,16.89,0.31,41.45,0.32,18.9,0.69,41.45,0.68,18.9,0.8,16.2,0.81,16.89,0.11,0.11,0.095704,1776183407000
1776183408.94,108.94,0.17,12.36,0.16,19.3,0.29,7.0,0.31,56.45,0.69,41.45,0.68,18.9,0.8,16.2,0.81,16.89,0.12,0.11,0.095704,1776183407000
1776183409.211,109.211,0.17,12.36,0.16,19.3,0.29,7.0,0.31,56.45,0.71,7.0,0.69,56.45,0.83,12.36,0.84,19.3,0.12,0.12,0.095706,1776183408000
1776183409.792,109.792,0.16,13.05,0.15,25.39,0.29,7.0,0.31,56.45,0.71,7.0,0.69,56.45,0.83,12.36,0.84,19.3,0.13,0.12,0.095706,1776183408000
1776183410.529,110.529,0.16,13.05,0.15,25.39,0.29,7.0,0.31,56.45,0.71,7.0,0.69,56.45,0.84,13.05,0.85,25.39,0.13,0.13,0.095688,1776183409000
1776183411.086,111.086,0.16,13.05,0.15,25.39,0.29,7.0,0.31,56.45,0.71,7.0,0.69,56.45,0.84,13.05,0.85,25.39,0.13,0.13,0.095685,1776183410000
1776183412.152,112.152,0.12,19.6,0.11,26.6,0.21,50.0,0.23,6.0,0.79,50.0,0.74,6.0,0.87,22.81,0.88,29.6,0.09,0.08,0.095685,1776183410000
1776183413.728,113.728,0.12,19.6,0.11,26.6,0.21,50.0,0.23,6.0,0.79,50.0,0.77,6.0,0.88,19.6,0.89,26.6,0.09,0.09,0.095648,1776183412000
1776183414.393,114.393,0.14,16.6,0.13,23.0,0.24,5.0,0.26,6.0,0.79,50.0,0.77,6.0,0.88,19.6,0.89,26.6,0.1,0.09,0.095648,1776183412000
1776183414.886,114.886,0.15,18.29,0.14,16.6,0.24,5.0,0.26,6.0,0.76,5.0,0.74,6.0,0.86,16.6,0.87,23.0,0.09,0.1,0.095645,1776183413000
1776183415.585,115.585,0.15,18.29,0.14,16.6,0.24,5.0,0.26,6.0,0.76,5.0,0.74,6.0,0.85,18.29,0.86,16.6,0.09,0.09,0.095648,1776183414000
1776183416.52,116.52,0.15,13.29,0.14,16.6,0.24,5.0,0.26,13.5,0.76,5.0,0.74,13.5,0.85,13.29,0.86,16.6,0.09,0.09,0.095663,1776183415000
1776183417.074,117.074,0.15,13.29,0.14,16.6,0.24,5.0,0.26,13.5,0.76,5.0,0.74,13.5,0.85,13.29,0.86,16.6,0.09,0.09,0.095663,1776183416000
1776183418.193,118.193,0.16,14.3,0.15,13.29,0.25,5.0,0.27,19.2,0.75,5.0,0.73,19.2,0.84,14.3,0.85,13.29,0.09,0.09,0.095672,1776183417000
1776183419.322,119.322,0.16,14.3,0.15,13.29,0.25,5.0,0.27,19.2,0.75,5.0,0.73,19.2,0.84,14.3,0.85,13.29,0.09,0.09,0.095681,1776183418000
1776183420.317,120.317,0.16,14.3,0.15,13.29,0.25,5.0,0.27,19.2,0.75,5.0,0.73,19.2,0.84,14.3,0.85,13.29,0.09,0.09,0.095682,1776183419000
1776183421.41,121.41,0.16,14.3,0.15,13.29,0.25,5.0,0.27,19.2,0.75,5.0,0.73,19.2,0.84,14.3,0.85,13.29,0.09,0.09,0.095706,1776183420000
1776183421.886,121.886,0.16,14.3,0.15,13.29,0.25,5.0,0.27,19.2,0.75,5.0,0.73,19.2,0.84,14.3,0.85,13.29,0.09,0.09,0.095706,1776183421000
1776183422.936,122.936,0.16,14.3,0.15,13.29,0.25,5.0,0.27,19.2,0.75,5.0,0.73,19.2,0.84,14.3,0.85,13.29,0.09,0.09,0.095707,1776183422000
1776183424.098,124.098,0.16,14.3,0.15,13.29,0.25,5.0,0.27,19.2,0.75,5.0,0.73,19.2,0.84,14.3,0.85,13.29,0.09,0.09,0.095708,1776183423000
1776183425.22,125.22,0.16,14.3,0.15,13.29,0.25,5.0,0.27,19.2,0.75,5.0,0.73,19.2,0.84,14.3,0.85,13.29,0.09,0.09,0.095708,1776183424000
1776183426.236,126.236,0.16,14.3,0.15,13.29,0.25,5.0,0.27,19.2,0.75,5.0,0.73,19.2,0.84,14.3,0.85,13.29,0.09,0.09,0.095702,1776183425000
1776183427.341,127.341,0.16,14.3,0.15,13.29,0.25,5.0,0.27,19.2,0.75,5.0,0.73,19.2,0.84,14.3,0.85,13.29,0.09,0.09,0.095704,1776183426000
1776183427.909,127.909,0.16,14.3,0.15,13.29,0.25,5.0,0.27,19.2,0.75,5.0,0.73,19.2,0.84,14.3,0.85,13.29,0.09,0.09,0.095703,1776183427000
1776183429.009,129.009,0.16,14.3,0.15,13.29,0.25,5.0,0.27,19.2,0.75,5.0,0.73,19.2,0.84,14.3,0.85,13.29,0.09,0.09,0.095682,1776183428000
1776183429.628,129.628,0.15,8.29,0.14,21.6,0.25,5.0,0.27,13.2,0.75,5.0,0.73,19.2,0.84,14.3,0.85,13.29,0.1,0.09,0.095682,1776183428000
1776183430.336,130.336,0.15,8.29,0.14,21.6,0.25,5.0,0.27,13.2,0.75,5.0,0.73,13.2,0.85,8.29,0.86,21.6,0.1,0.1,0.09569,1776183429000
1776183431.497,131.497,0.15,8.29,0.14,21.6,0.25,5.0,0.27,13.2,0.75,5.0,0.73,13.2,0.85,8.29,0.86,21.6,0.1,0.1,0.09569,1776183430000
1776183431.944,131.944,0.15,8.29,0.14,21.6,0.25,5.0,0.27,13.2,0.75,5.0,0.73,13.2,0.85,8.29,0.86,21.6,0.1,0.1,0.095692,1776183431000
1776183433.125,133.125,0.15,8.29,0.14,21.6,0.25,5.0,0.27,13.2,0.75,5.0,0.73,13.2,0.85,8.29,0.86,21.6,0.1,0.1,0.095692,1776183432000
1776183434.156,134.156,0.16,19.3,0.15,8.29,0.25,1.0,0.27,13.2,0.75,1.0,0.73,13.2,0.84,19.3,0.85,8.29,0.09,0.09,0.095693,1776183433000
1776183435.296,135.296,0.16,19.3,0.15,8.29,0.25,1.0,0.27,13.2,0.75,1.0,0.73,13.2,0.84,19.3,0.85,8.29,0.09,0.09,0.095697,1776183434000
1776183436.361,136.361,0.16,19.3,0.15,8.29,0.25,1.0,0.27,13.2,0.75,1.0,0.73,13.2,0.84,19.3,0.85,8.29,0.09,0.09,0.095704,1776183435000
1776183436.937,136.937,0.16,19.3,0.15,8.29,0.25,1.0,0.27,13.2,0.75,1.0,0.73,13.2,0.84,19.3,0.85,8.29,0.09,0.09,0.095704,1776183436000
1776183437.937,137.937,0.16,19.3,0.15,8.29,0.25,1.0,0.27,13.2,0.75,1.0,0.73,13.2,0.84,19.3,0.85,8.29,0.09,0.09,0.095706,1776183437000
1776183439.054,139.054,0.16,19.3,0.15,8.29,0.25,1.0,0.27,13.2,0.75,1.0,0.73,13.2,0.84,19.3,0.85,8.29,0.09,0.09,0.095701,1776183438000
1776183440.106,140.106,0.16,19.3,0.15,8.29,0.25,1.0,0.27,13.2,0.75,1.0,0.73,13.2,0.84,19.3,0.85,8.29,0.09,0.09,0.095701,1776183439000
1776183441.125,141.125,0.16,19.3,0.15,8.29,0.25,1.0,0.27,13.2,0.75,1.0,0.73,13.2,0.84,19.3,0.85,8.29,0.09,0.09,0.095684,1776183440000
1776183442.103,142.103,0.16,19.3,0.15,8.29,0.25,1.0,0.27,13.2,0.75,1.0,0.73,13.2,0.84,19.3,0.85,8.29,0.09,0.09,0.095686,1776183441000
1776183443.201,143.201,0.16,19.3,0.15,8.29,0.25,1.0,0.27,13.2,0.75,1.0,0.73,13.2,0.84,19.3,0.85,8.29,0.09,0.09,0.095683,1776183442000
1776183444.503,144.503,0.16,19.3,0.15,8.29,0.25,1.0,0.27,13.2,0.75,1.0,0.73,13.2,0.84,19.3,0.85,8.29,0.09,0.09,0.095687,1776183443000
1776183445.174,145.174,0.16,19.3,0.15,8.29,0.25,1.0,0.27,13.2,0.75,1.0,0.73,13.2,0.84,19.3,0.85,8.29,0.09,0.09,0.095691,1776183444000
1776183446.516,146.516,0.16,19.3,0.15,8.29,0.25,1.0,0.27,13.2,0.75,1.0,0.73,13.2,0.84,19.3,0.85,8.29,0.09,0.09,0.095688,1776183445000
1776183447.166,147.166,0.16,19.3,0.15,8.29,0.25,1.0,0.27,13.2,0.75,1.0,0.73,13.2,0.84,19.3,0.85,8.29,0.09,0.09,0.095703,1776183446000
1776183448.265,148.265,0.16,19.3,0.15,8.29,0.25,1.0,0.27,13.2,0.75,1.0,0.73,13.2,0.84,19.3,0.85,8.29,0.09,0.09,0.095703,1776183447000
1776183449.03,149.03,0.16,19.3,0.15,8.29,0.25,1.0,0.27,13.2,0.75,1.0,0.73,13.2,0.84,19.3,0.85,8.29,0.09,0.09,0.095704,1776183448000
1776183450.499,150.499,0.16,19.3,0.15,8.29,0.25,1.0,0.27,13.2,0.75,1.0,0.73,13.2,0.84,19.3,0.85,8.29,0.09,0.09,0.095697,1776183449000
1776183451.133,151.133,0.16,19.3,0.15,8.29,0.25,1.0,0.27,13.2,0.75,1.0,0.73,13.2,0.84,19.3,0.85,8.29,0.09,0.09,0.095697,1776183450000
1776183452.216,152.216,0.16,19.3,0.15,8.29,0.25,1.0,0.27,13.2,0.75,1.0,0.73,13.2,0.84,19.3,0.85,8.29,0.09,0.09,0.095692,1776183451000
1776183453.517,153.517,0.16,19.3,0.15,8.29,0.25,1.0,0.27,13.2,0.75,1.0,0.73,13.2,0.84,19.3,0.85,8.29,0.09,0.09,0.095632,1776183452000
1776183454.402,154.402,0.16,19.3,0.15,8.29,0.25,1.0,0.27,13.2,0.75,1.0,0.73,13.2,0.84,19.3,0.85,8.29,0.09,0.09,0.095626,1776183453000
1776183455.212,155.212,0.16,19.3,0.15,8.29,0.25,1.0,0.27,13.2,0.75,1.0,0.73,13.2,0.84,19.3,0.85,8.29,0.09,0.09,0.095623,1776183454000
1776183456.349,156.349,0.16,19.3,0.15,8.29,0.25,1.0,0.27,13.2,0.75,1.0,0.73,13.2,0.84,19.3,0.85,8.29,0.09,0.09,0.09561,1776183455000
1776183457.061,157.061,0.16,19.3,0.15,8.29,0.25,1.0,0.27,13.2,0.75,1.0,0.73,13.2,0.84,19.3,0.85,8.29,0.09,0.09,0.09561,1776183456000
1776183458.279,158.279,0.16,19.3,0.15,8.29,0.25,1.0,0.27,13.2,0.75,1.0,0.73,13.2,0.84,19.3,0.85,8.29,0.09,0.09,0.095614,1776183457000
1776183459.451,159.451,0.16,19.3,0.15,8.29,0.25,1.0,0.27,13.2,0.75,1.0,0.73,13.2,0.84,19.3,0.85,8.29,0.09,0.09,0.095603,1776183458000
1776183460.055,160.055,0.16,19.3,0.15,8.29,0.25,1.0,0.27,13.2,0.75,1.0,0.73,13.2,0.84,19.3,0.85,8.29,0.09,0.09,0.095591,1776183459000
1776183460.501,160.501,0.04,72.7,0.03,94.3,0.11,26.6,0.12,42.6,0.75,1.0,0.73,13.2,0.84,19.3,0.85,8.29,0.07,0.09,0.095591,1776183459000
1776183461.165,161.165,0.04,72.7,0.03,94.3,0.11,26.6,0.12,42.6,0.89,26.6,0.88,42.6,0.96,72.7,0.97,94.3,0.07,0.07,0.095591,1776183460000
1776183462.126,162.126,0.04,72.7,0.03,94.3,0.11,26.6,0.12,42.6,0.89,26.6,0.88,42.6,0.96,72.7,0.97,94.3,0.07,0.07,0.095581,1776183461000
1776183463.155,163.155,0.04,72.7,0.03,94.3,0.11,26.6,0.12,42.6,0.89,26.6,0.88,42.6,0.96,72.7,0.97,94.3,0.07,0.07,0.095579,1776183462000
1776183464.138,164.138,0.04,72.7,0.03,94.3,0.11,26.6,0.12,42.6,0.89,26.6,0.88,42.6,0.96,72.7,0.97,94.3,0.07,0.07,0.095579,1776183463000
1776183465.213,165.213,0.04,72.7,0.03,94.3,0.11,26.6,0.12,42.6,0.89,26.6,0.88,42.6,0.96,72.7,0.97,94.3,0.07,0.07,0.095579,1776183464000
1776183466.366,166.366,0.04,72.7,0.03,94.3,0.11,26.6,0.12,42.6,0.89,26.6,0.88,42.6,0.96,72.7,0.97,94.3,0.07,0.07,0.095579,1776183465000
1776183467.391,167.391,0.04,72.7,0.03,94.3,0.11,26.6,0.12,42.6,0.89,26.6,0.88,42.6,0.96,72.7,0.97,94.3,0.07,0.07,0.095576,1776183466000
1776183467.984,167.984,0.04,72.7,0.03,94.3,0.11,26.6,0.12,42.6,0.89,26.6,0.88,42.6,0.96,72.7,0.97,94.3,0.07,0.07,0.095576,1776183467000
1776183468.972,168.972,0.04,3.13,0.02,147.69,0.05,54.7,0.06,46.1,0.95,54.7,0.94,46.1,0.96,3.13,0.98,147.69,0.01,0.01,0.095564,1776183468000
1776183470.004,170.004,0.04,3.13,0.02,147.69,0.05,54.7,0.06,46.1,0.95,54.7,0.94,46.1,0.96,3.13,0.98,147.69,0.01,0.01,0.095557,1776183469000
1776183470.47,170.47,0.02,147.69,0.01,5457.6,0.05,59.7,0.06,46.1,0.95,54.7,0.94,46.1,0.96,3.13,0.98,147.69,0.03,0.01,0.095557,1776183469000
1776183471.093,171.093,0.02,147.69,0.01,5457.6,0.05,59.7,0.06,46.1,0.95,59.7,0.94,46.1,0.98,147.69,0.99,5457.6,0.03,0.03,0.095552,1776183470000
1776183471.77,171.77,0.01,5372.6,,,0.04,67.7,0.05,64.96,0.95,59.7,0.94,46.1,0.98,147.69,0.99,5457.6,0.03,0.03,0.095552,1776183470000
1776183472.141,172.141,0.01,5372.6,,,0.04,67.7,0.05,64.96,0.96,67.7,0.95,64.96,0.99,5372.6,,,0.03,0.03,0.095561,1776183471000
1776183473.21,173.21,0.01,5367.6,,,0.04,72.7,0.05,64.96,0.96,72.7,0.95,64.96,0.99,5367.6,,,0.03,0.03,0.095545,1776183472000
1776183474.4,174.4,0.01,5362.6,,,0.04,62.7,0.05,64.96,0.96,72.7,0.95,64.96,0.99,5367.6,,,0.03,0.03,0.095545,1776183472000
1776183474.715,174.715,0.01,5362.6,,,0.04,62.7,0.05,64.96,0.96,62.7,0.95,64.96,0.99,5362.6,,,0.03,0.03,0.095544,1776183473000
1776183475.194,175.194,0.01,5362.6,,,0.04,62.7,0.05,64.96,0.96,62.7,0.95,64.96,0.99,5362.6,,,0.03,0.03,0.095544,1776183474000
1776183476.238,176.238,0.01,5362.6,,,0.04,62.7,0.05,64.96,0.96,62.7,0.95,64.96,0.99,5362.6,,,0.03,0.03,0.095542,1776183475000
1776183477.519,177.519,0.01,5362.6,,,0.04,62.7,0.05,64.96,0.96,62.7,0.95,64.96,0.99,5362.6,,,0.03,0.03,0.095541,1776183476000
1776183477.98,177.98,0.01,5362.6,,,0.04,62.7,0.05,64.96,0.96,62.7,0.95,64.96,0.99,5362.6,,,0.03,0.03,0.095551,1776183477000
1776183479.085,179.085,0.01,5362.6,,,0.04,62.7,0.05,64.96,0.96,62.7,0.95,64.96,0.99,5362.6,,,0.03,0.03,0.095552,1776183478000
1776183479.611,179.611,0.01,5302.49,,,0.03,94.3,0.04,67.7,0.96,62.7,0.95,64.96,0.99,5362.6,,,0.02,0.03,0.095552,1776183478000
1776183480.16,180.16,0.01,5302.49,,,0.03,94.3,0.04,67.7,0.97,94.3,0.96,67.7,0.99,5302.49,,,0.02,0.02,0.095545,1776183479000
1776183481.256,181.256,0.01,5302.49,,,0.03,94.3,0.04,67.7,0.97,94.3,0.96,67.7,0.99,5302.49,,,0.02,0.02,0.095536,1776183480000
1776183481.708,181.708,0.01,5290.46,,,0.03,5.0,0.04,67.7,0.97,94.3,0.96,67.7,0.99,5302.49,,,0.02,0.02,0.095536,1776183480000
1776183482.379,182.379,0.01,5290.46,,,0.03,5.0,0.04,67.7,0.97,5.0,0.96,67.7,0.99,5290.46,,,0.02,0.02,0.095536,1776183481000
1776183482.671,182.671,0.01,5255.11,,,0.03,5.0,0.04,67.7,0.97,5.0,0.96,67.7,0.99,5290.46,,,0.02,0.02,0.095536,1776183481000
1776183482.977,182.977,0.01,5255.11,,,0.03,5.0,0.04,67.7,0.97,5.0,0.96,67.7,0.99,5255.11,,,0.02,0.02,0.095536,1776183482000
1776183483.707,183.707,0.01,5245.0,,,0.03,94.3,0.04,67.7,0.97,5.0,0.96,67.7,0.99,5255.11,,,0.02,0.02,0.095536,1776183482000
1776183484.115,184.115,0.01,5245.0,,,0.03,94.3,0.04,67.7,0.97,94.3,0.96,67.7,0.99,5245.0,,,0.02,0.02,0.095553,1776183483000
1776183485.236,185.236,0.01,5245.0,,,0.03,94.3,0.04,67.7,0.97,94.3,0.96,67.7,0.99,5245.0,,,0.02,0.02,0.095546,1776183484000
1776183486.358,186.358,0.01,281.6,,,0.02,132.69,0.03,94.3,0.98,132.69,0.97,94.3,0.99,281.6,,,0.01,0.01,0.095541,1776183485000
1776183486.797,186.797,0.01,280.58,,,0.03,94.3,0.04,67.7,0.98,132.69,0.97,94.3,0.99,281.6,,,0.02,0.01,0.095541,1776183485000
1776183487.399,187.399,0.01,280.58,,,0.03,94.3,0.04,67.7,0.97,94.3,0.96,67.7,0.99,280.58,,,0.02,0.02,0.095522,1776183486000
1776183487.96,187.96,0.01,280.58,,,0.03,94.3,0.04,67.7,0.97,94.3,0.96,67.7,0.99,280.58,,,0.02,0.02,0.095529,1776183487000
1776183489.4,189.4,0.01,280.58,,,0.03,94.3,0.04,67.7,0.97,94.3,0.96,67.7,0.99,280.58,,,0.02,0.02,0.095515,1776183488000
1776183489.838,189.838,0.01,280.58,,,0.03,94.3,0.04,67.7,0.97,94.3,0.96,67.7,0.99,280.58,,,0.02,0.02,0.095508,1776183489000
1776183490.883,190.883,0.01,280.58,,,0.03,94.3,0.04,67.7,0.97,94.3,0.96,67.7,0.99,280.58,,,0.02,0.02,0.095507,1776183490000
1776183491.819,191.819,0.01,280.58,,,0.03,94.3,0.04,67.7,0.97,94.3,0.96,67.7,0.99,280.58,,,0.02,0.02,0.095508,1776183491000
1776183493.474,193.474,0.01,280.58,,,0.03,94.3,0.04,67.7,0.97,94.3,0.96,67.7,0.99,280.58,,,0.02,0.02,0.095502,1776183492000
1776183493.877,193.877,0.01,7.87,,,0.02,137.69,0.03,89.3,0.97,94.3,0.96,67.7,0.99,280.58,,,0.01,0.02,0.095502,1776183492000
1776183494.948,194.948,0.01,7.87,,,0.02,137.69,0.03,89.3,0.98,137.69,0.97,89.3,0.99,7.87,,,0.01,0.01,0.095507,1776183494000
1776183495.941,195.941,0.01,7.87,,,0.02,137.69,0.03,89.3,0.98,137.69,0.97,89.3,0.99,7.87,,,0.01,0.01,0.095514,1776183495000
1776183496.937,196.937,0.01,7.87,,,0.02,137.69,0.03,89.3,0.98,137.69,0.97,89.3,0.99,7.87,,,0.01,0.01,0.09551,1776183496000
1776183498.038,198.038,0.01,7.87,,,0.02,137.69,0.03,89.3,0.98,137.69,0.97,89.3,0.99,7.87,,,0.01,0.01,0.09549,1776183497000
1776183499.025,199.025,0.01,7.87,,,0.02,137.69,0.03,89.3,0.98,137.69,0.97,89.3,0.99,7.87,,,0.01,0.01,0.09549,1776183498000
1776183500.083,200.083,0.01,7.87,,,0.02,137.69,0.03,89.3,0.98,137.69,0.97,89.3,0.99,7.87,,,0.01,0.01,0.095464,1776183499000
1776183501.133,201.133,0.01,7.87,,,0.02,137.69,0.03,89.3,0.98,137.69,0.97,89.3,0.99,7.87,,,0.01,0.01,0.095464,1776183500000
1776183502.15,202.15,0.01,7.87,,,0.02,137.69,0.03,89.3,0.98,137.69,0.97,89.3,0.99,7.87,,,0.01,0.01,0.095454,1776183501000
1776183503.095,203.095,0.01,7.87,,,0.02,137.69,0.03,89.3,0.98,137.69,0.97,89.3,0.99,7.87,,,0.01,0.01,0.095432,1776183502000
1776183503.536,203.536,0.01,2.81,,,0.02,137.69,0.03,89.3,0.98,137.69,0.97,89.3,0.99,7.87,,,0.01,0.01,0.095432,1776183502000
1776183504.106,204.106,0.01,2.81,,,0.02,137.69,0.03,89.3,0.98,137.69,0.97,89.3,0.99,2.81,,,0.01,0.01,0.095422,1776183503000
1776183504.417,204.417,,,,,0.02,137.69,0.03,89.3,0.98,137.69,0.97,89.3,0.99,2.81,,,,0.01,0.095422,1776183503000
1776183504.824,204.824,,,,,0.02,140.81,0.03,94.45,0.98,137.69,0.97,89.3,,,,,,,0.095422,1776183503000
1776183505.218,205.218,,,,,0.02,140.81,0.03,94.45,0.98,140.81,0.97,94.45,,,,,,,0.095425,1776183504000
1776183506.16,206.16,,,,,0.02,140.81,0.03,94.45,0.98,140.81,0.97,94.45,,,,,,,0.095427,1776183505000
1776183507.191,207.191,,,,,0.02,140.81,0.03,94.45,0.98,140.81,0.97,94.45,,,,,,,0.095425,1776183506000
1776183508.112,208.112,,,,,0.02,140.81,0.03,94.45,0.98,140.81,0.97,94.45,,,,,,,0.09543,1776183507000
1776183509.13,209.13,,,,,0.02,140.81,0.03,94.45,0.98,140.81,0.97,94.45,,,,,,,0.095429,1776183508000
1776183510.051,210.051,,,,,0.02,140.81,0.03,94.45,0.98,140.81,0.97,94.45,,,,,,,0.095426,1776183509000
1776183511.047,211.047,,,,,0.02,140.81,0.03,94.45,0.98,140.81,0.97,94.45,,,,,,,0.095437,1776183510000
1776183512.08,212.08,,,,,0.02,140.81,0.03,94.45,0.98,140.81,0.97,94.45,,,,,,,0.095441,1776183511000
1776183513.047,213.047,,,,,0.02,140.81,0.03,94.45,0.98,140.81,0.97,94.45,,,,,,,0.095431,1776183512000
1776183514.009,214.009,,,,,0.02,140.81,0.03,94.45,0.98,140.81,0.97,94.45,,,,,,,0.095438,1776183513000
1776183515.292,215.292,,,,,0.02,140.81,0.03,94.45,0.98,140.81,0.97,94.45,,,,,,,0.095437,1776183514000
1776183516.345,216.345,,,,,0.02,140.81,0.03,94.45,0.98,140.81,0.97,94.45,,,,,,,0.095435,1776183515000
1776183517.268,217.268,,,,,0.02,140.81,0.03,94.45,0.98,140.81,0.97,94.45,,,,,,,0.095446,1776183516000
1776183518.297,218.297,,,,,0.02,140.81,0.03,94.45,0.98,140.81,0.97,94.45,,,,,,,0.095447,1776183517000
1776183519.281,219.281,,,,,0.02,140.81,0.03,94.45,0.98,140.81,0.97,94.45,,,,,,,0.095443,1776183518000
1776183520.413,220.413,,,,,0.02,140.81,0.03,94.45,0.98,140.81,0.97,94.45,,,,,,,0.095442,1776183519000
1776183521.302,221.302,,,,,0.02,140.81,0.03,94.45,0.98,140.81,0.97,94.45,,,,,,,0.095447,1776183520000
1776183522.314,222.314,,,,,0.02,140.81,0.03,94.45,0.98,140.81,0.97,94.45,,,,,,,0.095446,1776183521000
1776183523.216,223.216,,,,,0.02,140.81,0.03,94.45,0.98,140.81,0.97,94.45,,,,,,,0.09546,1776183522000
1776183524.218,224.218,,,,,0.02,140.81,0.03,94.45,0.98,140.81,0.97,94.45,,,,,,,0.095497,1776183523000
1776183525.26,225.26,,,,,0.02,140.81,0.03,94.45,0.98,140.81,0.97,94.45,,,,,,,0.095495,1776183524000
1776183526.174,226.174,,,,,0.02,140.81,0.03,94.45,0.98,140.81,0.97,94.45,,,,,,,0.095482,1776183525000
1776183527.64,227.64,,,,,0.02,140.81,0.03,94.45,0.98,140.81,0.97,94.45,,,,,,,0.095483,1776183526000
1776183528.178,228.178,,,,,0.02,140.81,0.03,94.45,0.98,140.81,0.97,94.45,,,,,,,0.095492,1776183527000
1776183529.233,229.233,,,,,0.02,140.81,0.03,94.45,0.98,140.81,0.97,94.45,,,,,,,0.095488,1776183528000
1776183530.205,230.205,,,,,0.02,140.81,0.03,94.45,0.98,140.81,0.97,94.45,,,,,,,0.095494,1776183529000
1776183531.142,231.142,,,,,0.02,140.81,0.03,94.45,0.98,140.81,0.97,94.45,,,,,,,0.095496,1776183530000
1776183532.137,232.137,,,,,0.02,140.81,0.03,94.45,0.98,140.81,0.97,94.45,,,,,,,0.095496,1776183531000
1776183533.093,233.093,,,,,0.02,140.81,0.03,94.45,0.98,140.81,0.97,94.45,,,,,,,0.095497,1776183532000
1776183534.059,234.059,,,,,0.02,140.81,0.03,94.45,0.98,140.81,0.97,94.45,,,,,,,0.095497,1776183533000
1776183535.114,235.114,,,,,0.02,140.81,0.03,94.45,0.98,140.81,0.97,94.45,,,,,,,0.095498,1776183534000
1776183536.081,236.081,,,,,0.02,140.81,0.03,94.45,0.98,140.81,0.97,94.45,,,,,,,0.095474,1776183535000
1776183537.058,237.058,,,,,0.02,140.81,0.03,94.45,0.98,140.81,0.97,94.45,,,,,,,0.095452,1776183536000
1776183538.065,238.065,,,,,0.02,140.81,0.03,94.45,0.98,140.81,0.97,94.45,,,,,,,0.095454,1776183537000
1776183539.046,239.046,,,,,0.02,140.81,0.03,94.45,0.98,140.81,0.97,94.45,,,,,,,0.095431,1776183538000
1776183540.419,240.419,,,,,0.02,140.81,0.03,94.45,0.98,140.81,0.97,94.45,,,,,,,0.095426,1776183539000
1776183541.02,241.02,,,,,0.02,140.81,0.03,94.45,0.98,140.81,0.97,94.45,,,,,,,0.095426,1776183540000
1776183542.08,242.08,,,,,0.02,140.81,0.03,94.45,0.98,140.81,0.97,94.45,,,,,,,0.095408,1776183541000
1776183543.522,243.522,,,,,0.02,140.81,0.03,94.45,0.98,140.81,0.97,94.45,,,,,,,0.095407,1776183542000
1776183544.189,244.189,,,,,0.02,140.81,0.03,94.45,0.98,140.81,0.97,94.45,,,,,,,0.095408,1776183543000
1776183545.093,245.093,,,,,0.02,140.81,0.03,94.45,0.98,140.81,0.97,94.45,,,,,,,0.095411,1776183544000
1776183546.224,246.224,,,,,0.02,140.81,0.03,94.45,0.98,140.81,0.97,94.45,,,,,,,0.095407,1776183545000
1776183547.302,247.302,,,,,0.02,140.81,0.03,94.45,0.98,140.81,0.97,94.45,,,,,,,0.095408,1776183546000
1776183548.567,248.567,,,,,0.02,140.81,0.03,94.45,0.98,140.81,0.97,94.45,,,,,,,0.095407,1776183547000
1776183549.089,249.089,,,,,0.02,140.81,0.03,94.45,0.98,140.81,0.97,94.45,,,,,,,0.09541,1776183548000
1776183550.186,250.186,,,,,0.02,140.81,0.03,94.45,0.98,140.81,0.97,94.45,,,,,,,0.095409,1776183549000
1776183551.312,251.312,,,,,0.02,140.81,0.03,94.45,0.98,140.81,0.97,94.45,,,,,,,0.095405,1776183550000
1776183552.371,252.371,,,,,0.02,140.81,0.03,94.45,0.98,140.81,0.97,94.45,,,,,,,0.095385,1776183551000
1776183553.0,253.0,,,,,0.02,140.81,0.03,94.45,0.98,140.81,0.97,94.45,,,,,,,0.095405,1776183552000
1776183554.119,254.119,,,,,0.02,140.81,0.03,94.45,0.98,140.81,0.97,94.45,,,,,,,0.095419,1776183553000
1776183555.395,255.395,,,,,0.02,140.81,0.03,94.45,0.98,140.81,0.97,94.45,,,,,,,0.095417,1776183554000
1776183556.631,256.631,,,,,0.02,140.81,0.03,94.45,0.98,140.81,0.97,94.45,,,,,,,0.095434,1776183555000
1776183557.348,257.348,,,,,0.02,140.81,0.03,94.45,0.98,140.81,0.97,94.45,,,,,,,0.095435,1776183556000
1776183558.062,258.062,,,,,0.02,140.81,0.03,94.45,0.98,140.81,0.97,94.45,,,,,,,0.095437,1776183557000
1776183559.474,259.474,,,,,0.02,140.81,0.03,94.45,0.98,140.81,0.97,94.45,,,,,,,0.095436,1776183558000
1776183559.946,259.946,,,,,0.02,140.81,0.03,94.45,0.98,140.81,0.97,94.45,,,,,,,0.095429,1776183559000
1776183561.548,261.548,,,,,0.02,140.81,0.03,94.45,0.98,140.81,0.97,94.45,,,,,,,0.095427,1776183560000
1776183562.228,262.228,,,,,0.02,140.81,0.03,94.45,0.98,140.81,0.97,94.45,,,,,,,0.095423,1776183561000
1776183563.769,263.769,,,,,0.02,140.81,0.03,94.45,0.98,140.81,0.97,94.45,,,,,,,0.095432,1776183562000
1776183564.568,264.568,,,,,0.02,140.81,0.03,94.45,0.98,140.81,0.97,94.45,,,,,,,0.095437,1776183563000
1776183565.386,265.386,,,,,0.02,140.81,0.03,94.45,0.98,140.81,0.97,94.45,,,,,,,0.095436,1776183564000
1776183566.205,266.205,,,,,0.02,140.81,0.03,94.45,0.98,140.81,0.97,94.45,,,,,,,0.095436,1776183565000
1776183567.792,267.792,,,,,0.02,140.81,0.03,94.45,0.98,140.81,0.97,94.45,,,,,,,0.095431,1776183566000
1776183568.554,268.554,,,,,0.02,140.81,0.03,94.45,0.98,140.81,0.97,94.45,,,,,,,0.095431,1776183567000
1776183569.409,269.409,,,,,0.02,140.81,0.03,94.45,0.98,140.81,0.97,94.45,,,,,,,0.095439,1776183568000
1776183570.185,270.185,,,,,0.02,140.81,0.03,94.45,0.98,140.81,0.97,94.45,,,,,,,0.095445,1776183569000
1776183571.869,271.869,,,,,0.02,140.81,0.03,94.45,0.98,140.81,0.97,94.45,,,,,,,0.095444,1776183570000
1776183572.605,272.605,,,,,0.02,140.81,0.03,94.45,0.98,140.81,0.97,94.45,,,,,,,0.095444,1776183571000
1776183573.593,273.593,,,,,0.02,140.81,0.03,94.45,0.98,140.81,0.97,94.45,,,,,,,0.095445,1776183572000
1776183574.574,274.574,,,,,0.02,140.81,0.03,94.45,0.98,140.81,0.97,94.45,,,,,,,0.095463,1776183573000
1776183575.443,275.443,,,,,0.02,140.81,0.03,94.45,0.98,140.81,0.97,94.45,,,,,,,0.095469,1776183574000
1776183576.001,276.001,,,,,0.02,140.81,0.03,94.45,0.98,140.81,0.97,94.45,,,,,,,0.095473,1776183575000
1776183577.0,277.0,,,,,0.02,140.81,0.03,94.45,0.98,140.81,0.97,94.45,,,,,,,0.095482,1776183576000
1776183577.957,277.957,,,,,0.02,140.81,0.03,94.45,0.98,140.81,0.97,94.45,,,,,,,0.095474,1776183577000
1776183578.934,278.934,,,,,0.02,140.81,0.03,94.45,0.98,140.81,0.97,94.45,,,,,,,0.095474,1776183578000
1776183579.896,279.896,,,,,0.02,140.81,0.03,94.45,0.98,140.81,0.97,94.45,,,,,,,0.095479,1776183579000
1776183580.891,280.891,,,,,0.02,140.81,0.03,94.45,0.98,140.81,0.97,94.45,,,,,,,0.095479,1776183580000
1776183581.936,281.936,,,,,0.02,140.81,0.03,94.45,0.98,140.81,0.97,94.45,,,,,,,0.095482,1776183581000
1776183582.953,282.953,,,,,0.02,140.81,0.03,94.45,0.98,140.81,0.97,94.45,,,,,,,0.095482,1776183582000
1776183583.933,283.933,,,,,0.02,140.81,0.03,94.45,0.98,140.81,0.97,94.45,,,,,,,0.095486,1776183583000
1776183584.809,284.809,,,,,0.02,140.81,0.03,94.45,0.98,140.81,0.97,94.45,,,,,,,0.095486,1776183584000
1776183585.482,285.482,0.001,183.99,,,0.01,1769.95,0.02,5.0,0.99,1764.95,0.98,5.0,0.999,188.99,,,0.009,0.009,0.095486,1776183584000
1776183585.964,285.964,0.001,183.99,,,0.01,1769.95,0.02,5.0,0.99,1769.95,0.98,5.0,0.999,183.99,,,0.009,0.009,0.095486,1776183585000
1776183587.363,287.363,0.001,183.99,,,0.01,1769.95,0.02,5.0,0.99,1769.95,0.98,5.0,0.999,183.99,,,0.009,0.009,0.095491,1776183586000
1776183588.222,288.222,0.001,183.99,,,0.01,1769.95,0.02,5.0,0.99,1769.95,0.98,5.0,0.999,183.99,,,0.009,0.009,0.095491,1776183587000
1776183588.969,288.969,0.001,218.31,,,0.01,1769.95,0.02,5.0,0.99,1769.95,0.98,5.0,0.999,228.31,,,0.009,0.009,0.095491,1776183587000
1776183589.267,289.267,0.001,182.74,,,0.01,1769.95,0.02,5.0,0.99,1769.95,0.98,5.0,0.999,182.74,,,0.009,0.009,0.09549,1776183588000
1776183589.812,289.812,0.001,170.74,,,0.01,1769.95,0.02,5.0,0.99,1769.95,0.98,5.0,0.999,182.74,,,0.009,0.009,0.09549,1776183588000
1776183590.266,290.266,0.001,170.74,,,0.01,1769.95,0.02,5.0,0.99,1769.95,0.98,5.0,0.999,170.74,,,0.009,0.009,0.095492,1776183589000
1776183591.342,291.342,0.001,170.74,,,0.01,1769.95,0.02,5.0,0.99,1769.95,0.98,5.0,0.999,170.74,,,0.009,0.009,0.095493,1776183590000
1776183591.932,291.932,0.001,170.74,,,0.01,1769.95,0.02,5.0,0.99,1769.95,0.98,5.0,0.999,170.74,,,0.009,0.009,0.095512,1776183591000
1776183592.979,292.979,0.001,170.74,,,0.01,1769.95,0.02,5.0,0.99,1769.95,0.98,5.0,0.999,170.74,,,0.009,0.009,0.095489,1776183592000
1776183594.058,294.058,0.001,170.74,,,0.01,1769.95,0.02,5.0,0.99,1769.95,0.98,5.0,0.999,170.74,,,0.009,0.009,0.095486,1776183593000
1776183594.647,294.647,,,,,0.001,481.26,0.01,2963.1,0.99,1795.1,0.98,5.0,0.999,158.74,,,,0.009,0.095486,1776183593000
1776183595.116,295.116,,,,,0.001,481.26,0.01,2963.1,0.999,481.26,0.99,2963.1,,,,,,,0.095485,1776183594000
1776183596.102,296.102,,,,,0.001,481.26,0.01,2963.1,0.999,481.26,0.99,2963.1,,,,,,,0.095485,1776183595000
1776183597.217,297.217,,,,,0.001,481.26,0.01,2963.1,0.999,481.26,0.99,2963.1,,,,,,,0.095485,1776183596000
1776183598.195,298.195,,,,,0.001,481.26,0.01,2963.1,0.999,481.26,0.99,2963.1,,,,,,,0.095485,1776183597000
1776183599.194,299.194,,,,,0.001,481.26,0.01,2963.1,0.999,481.26,0.99,2963.1,,,,,,,0.095485,1776183598000
1776183600.304,300.304,,,,,0.001,481.26,0.01,2963.1,0.999,481.26,0.99,2963.1,,,,,,,0.095483,1776183599000

# RESULT,winner=Down,slug=doge-updown-5m-1776183300,ticks=329
