timestamp,elapsed_sec,up_bid_p1,up_bid_s1,up_bid_p2,up_bid_s2,up_ask_p1,up_ask_s1,up_ask_p2,up_ask_s2,down_bid_p1,down_bid_s1,down_bid_p2,down_bid_s2,down_ask_p1,down_ask_s1,down_ask_p2,down_ask_s2,up_spread,down_spread,doge_price,doge_oracle_ts
1776232211.406,11.406,0.48,1.0,0.43,10.0,0.52,5.0,0.54,5.0,0.39,50.0,0.32,16.0,0.52,1.0,0.57,5.0,0.04,0.13,0.093376,1776232210000
1776232211.719,11.719,0.42,11.0,0.39,15.0,0.48,5.0,0.5,5.0,0.39,50.0,0.32,16.0,0.52,1.0,0.57,5.0,0.06,0.13,0.093376,1776232210000
1776232212.608,12.608,0.42,16.0,0.39,10.0,0.47,5.0,0.56,10.0,0.52,5.0,0.5,5.0,0.58,11.0,0.61,15.0,0.05,0.06,0.09338,1776232211000
1776232212.942,12.942,0.42,16.0,0.39,10.0,0.47,5.0,0.56,10.0,0.53,5.0,0.44,10.0,0.58,16.0,0.61,10.0,0.05,0.05,0.093371,1776232212000
1776232214.006,14.006,0.43,4.24,0.42,16.0,0.46,5.0,0.47,5.0,0.54,5.0,0.53,5.0,0.57,4.24,0.58,16.0,0.03,0.03,0.093359,1776232213000
1776232215.125,15.125,0.43,4.24,0.42,16.0,0.46,5.0,0.47,5.0,0.54,5.0,0.53,5.0,0.57,4.24,0.58,16.0,0.03,0.03,0.093352,1776232214000
1776232216.156,16.156,0.43,4.24,0.42,16.0,0.46,5.0,0.47,5.0,0.54,5.0,0.53,5.0,0.57,4.24,0.58,16.0,0.03,0.03,0.093352,1776232215000
1776232217.202,17.202,0.42,16.0,0.39,10.0,0.46,3.08,0.47,5.0,0.54,3.08,0.53,5.0,0.58,16.0,0.61,10.0,0.04,0.04,0.093353,1776232216000
1776232218.333,18.333,0.42,16.0,0.39,10.0,0.46,3.08,0.47,5.0,0.54,3.08,0.53,5.0,0.58,16.0,0.61,10.0,0.04,0.04,0.093354,1776232217000
1776232219.399,19.399,0.42,16.0,0.39,10.0,0.46,3.08,0.47,5.0,0.54,3.08,0.53,5.0,0.58,16.0,0.61,10.0,0.04,0.04,0.093354,1776232218000
1776232219.96,19.96,0.42,16.0,0.39,10.0,0.46,3.08,0.47,5.0,0.54,3.08,0.53,5.0,0.58,16.0,0.61,10.0,0.04,0.04,0.093354,1776232219000
1776232221.119,21.119,0.42,16.0,0.39,10.0,0.46,3.08,0.47,5.0,0.54,3.08,0.53,5.0,0.58,16.0,0.61,10.0,0.04,0.04,0.093354,1776232220000
1776232223.241,23.241,0.42,16.0,0.39,10.0,0.46,3.08,0.47,5.0,0.54,3.08,0.53,5.0,0.58,16.0,0.61,10.0,0.04,0.04,0.093353,1776232222000
1776232224.841,24.841,0.42,16.0,0.39,10.0,0.46,3.08,0.47,5.0,0.54,3.08,0.53,5.0,0.58,16.0,0.61,10.0,0.04,0.04,0.093351,1776232223000
1776232225.473,25.473,0.42,16.0,0.39,10.0,0.46,3.08,0.47,5.0,0.54,3.08,0.53,5.0,0.58,16.0,0.61,10.0,0.04,0.04,0.093351,1776232224000
1776232226.297,26.297,0.42,16.0,0.39,10.0,0.46,3.08,0.47,5.0,0.54,3.08,0.53,5.0,0.58,16.0,0.61,10.0,0.04,0.04,0.093351,1776232225000
1776232226.75,26.75,0.36,5.0,0.35,15.0,0.49,5.0,0.56,15.26,0.44,15.26,0.43,10.0,0.58,6.0,0.64,5.0,0.13,0.14,0.093351,1776232225000
1776232227.813,27.813,0.36,5.0,0.35,15.0,0.49,5.0,0.56,15.26,0.51,5.0,0.44,15.26,0.64,5.0,0.65,15.0,0.13,0.13,0.093353,1776232226000
1776232228.645,28.645,0.36,5.0,0.35,15.0,0.49,5.0,0.56,15.26,0.51,5.0,0.44,15.26,0.64,5.0,0.65,15.0,0.13,0.13,0.093351,1776232227000
1776232229.519,29.519,0.36,5.0,0.35,15.0,0.49,5.0,0.56,15.26,0.51,5.0,0.44,15.26,0.64,5.0,0.65,15.0,0.13,0.13,0.093357,1776232228000
1776232230.139,30.139,0.36,5.0,0.35,15.0,0.49,5.0,0.56,15.26,0.51,5.0,0.44,15.26,0.64,5.0,0.65,15.0,0.13,0.13,0.093359,1776232229000
1776232231.629,31.629,0.36,5.0,0.35,15.0,0.49,5.0,0.56,15.26,0.51,5.0,0.44,15.26,0.64,5.0,0.65,15.0,0.13,0.13,0.093359,1776232230000
1776232232.429,32.429,0.36,5.0,0.35,15.0,0.49,5.0,0.56,15.26,0.51,5.0,0.44,15.26,0.64,5.0,0.65,15.0,0.13,0.13,0.093358,1776232231000
1776232233.182,33.182,0.36,5.0,0.35,15.0,0.49,5.0,0.56,15.26,0.51,5.0,0.44,15.26,0.64,5.0,0.65,15.0,0.13,0.13,0.093358,1776232232000
1776232234.717,34.717,0.36,5.0,0.35,15.0,0.49,5.0,0.56,15.26,0.51,5.0,0.44,15.26,0.64,5.0,0.65,15.0,0.13,0.13,0.093358,1776232233000
1776232235.568,35.568,0.36,5.0,0.35,15.0,0.49,5.0,0.56,15.26,0.51,5.0,0.44,15.26,0.64,5.0,0.65,15.0,0.13,0.13,0.093357,1776232234000
1776232236.342,36.342,0.36,5.0,0.35,15.0,0.49,5.0,0.56,15.26,0.51,5.0,0.44,15.26,0.64,5.0,0.65,15.0,0.13,0.13,0.093358,1776232235000
1776232237.005,37.005,0.36,5.0,0.35,15.0,0.49,5.0,0.56,15.26,0.51,5.0,0.44,15.26,0.64,5.0,0.65,15.0,0.13,0.13,0.093358,1776232236000
1776232238.644,38.644,0.36,5.0,0.35,15.0,0.49,5.0,0.56,15.26,0.51,5.0,0.44,15.26,0.64,5.0,0.65,15.0,0.13,0.13,0.093355,1776232237000
1776232239.524,39.524,0.36,5.0,0.35,15.0,0.49,5.0,0.56,15.26,0.51,5.0,0.44,15.26,0.64,5.0,0.65,15.0,0.13,0.13,0.093349,1776232238000
1776232240.33,40.33,0.36,5.0,0.35,15.0,0.49,5.0,0.56,15.26,0.51,5.0,0.44,15.26,0.64,5.0,0.65,15.0,0.13,0.13,0.093347,1776232239000
1776232241.371,41.371,0.36,5.0,0.35,15.0,0.49,5.0,0.56,15.26,0.51,5.0,0.44,15.26,0.64,5.0,0.65,15.0,0.13,0.13,0.093347,1776232240000
1776232242.152,42.152,0.36,5.0,0.35,15.0,0.49,5.0,0.56,15.26,0.51,5.0,0.44,15.26,0.64,5.0,0.65,15.0,0.13,0.13,0.093346,1776232241000
1776232243.363,43.363,0.36,5.0,0.35,15.0,0.49,5.0,0.56,15.26,0.51,5.0,0.44,15.26,0.64,5.0,0.65,15.0,0.13,0.13,0.093344,1776232242000
1776232244.057,44.057,0.36,5.0,0.35,15.0,0.49,5.0,0.56,15.26,0.51,5.0,0.44,15.26,0.64,5.0,0.65,15.0,0.13,0.13,0.093345,1776232243000
1776232245.392,45.392,0.36,5.0,0.35,15.0,0.49,5.0,0.56,15.26,0.51,5.0,0.44,15.26,0.64,5.0,0.65,15.0,0.13,0.13,0.093345,1776232244000
1776232246.128,46.128,0.36,5.0,0.35,15.0,0.49,5.0,0.56,15.26,0.51,5.0,0.44,15.26,0.64,5.0,0.65,15.0,0.13,0.13,0.093345,1776232245000
1776232247.314,47.314,0.36,5.0,0.35,15.0,0.49,5.0,0.56,15.26,0.51,5.0,0.44,15.26,0.64,5.0,0.65,15.0,0.13,0.13,0.093342,1776232246000
1776232248.67,48.67,0.36,5.0,0.35,15.0,0.49,5.0,0.56,15.26,0.51,5.0,0.44,15.26,0.64,5.0,0.65,15.0,0.13,0.13,0.093339,1776232247000
1776232249.409,49.409,0.36,5.0,0.35,15.0,0.49,5.0,0.56,15.26,0.51,5.0,0.44,15.26,0.64,5.0,0.65,15.0,0.13,0.13,0.093339,1776232248000
1776232250.581,50.581,0.36,5.0,0.35,15.0,0.49,5.0,0.56,15.26,0.51,5.0,0.44,15.26,0.64,5.0,0.65,15.0,0.13,0.13,0.09334,1776232249000
1776232251.225,51.225,0.36,5.0,0.35,15.0,0.49,5.0,0.56,15.26,0.51,5.0,0.44,15.26,0.64,5.0,0.65,15.0,0.13,0.13,0.093336,1776232250000
1776232252.572,52.572,0.36,5.0,0.35,15.0,0.49,5.0,0.56,15.26,0.51,5.0,0.44,15.26,0.64,5.0,0.65,15.0,0.13,0.13,0.093336,1776232251000
1776232253.145,53.145,0.36,5.0,0.35,15.0,0.49,5.0,0.56,15.26,0.51,5.0,0.44,15.26,0.64,5.0,0.65,15.0,0.13,0.13,0.093336,1776232252000
1776232254.425,54.425,0.36,5.0,0.35,15.0,0.49,5.0,0.56,15.26,0.51,5.0,0.44,15.26,0.64,5.0,0.65,15.0,0.13,0.13,0.093337,1776232253000
1776232254.996,54.996,0.36,5.0,0.35,15.0,0.49,5.0,0.56,15.26,0.51,5.0,0.44,15.26,0.64,5.0,0.65,15.0,0.13,0.13,0.093337,1776232254000
1776232256.397,56.397,0.36,5.0,0.35,15.0,0.49,5.0,0.56,15.26,0.51,5.0,0.44,15.26,0.64,5.0,0.65,15.0,0.13,0.13,0.093351,1776232255000
1776232257.089,57.089,0.36,5.0,0.35,15.0,0.49,5.0,0.56,15.26,0.51,5.0,0.44,15.26,0.64,5.0,0.65,15.0,0.13,0.13,0.093351,1776232256000
1776232257.997,57.997,0.36,5.0,0.35,15.0,0.49,5.0,0.56,15.26,0.51,5.0,0.44,15.26,0.64,5.0,0.65,15.0,0.13,0.13,0.093351,1776232257000
1776232258.98,58.98,0.36,5.0,0.35,15.0,0.49,5.0,0.56,15.26,0.51,5.0,0.44,15.26,0.64,5.0,0.65,15.0,0.13,0.13,0.093351,1776232258000
1776232259.593,59.593,0.48,52.46,0.38,10.0,0.51,16.0,0.53,5.0,0.51,5.0,0.44,15.26,0.64,5.0,0.65,15.0,0.03,0.13,0.093351,1776232258000
1776232259.945,59.945,0.48,52.46,0.38,10.0,0.51,16.0,0.53,5.0,0.49,16.0,0.47,5.0,0.52,52.46,0.62,10.0,0.03,0.03,0.093351,1776232259000
1776232260.99,60.99,0.48,52.46,0.38,10.0,0.51,16.0,0.53,5.0,0.49,16.0,0.47,5.0,0.52,52.46,0.62,10.0,0.03,0.03,0.093362,1776232260000
1776232261.969,61.969,0.48,52.46,0.38,10.0,0.51,16.0,0.53,5.0,0.49,16.0,0.47,5.0,0.52,52.46,0.62,10.0,0.03,0.03,0.093361,1776232261000
1776232263.013,63.013,0.48,52.46,0.38,10.0,0.51,16.0,0.53,5.0,0.49,16.0,0.47,5.0,0.52,52.46,0.62,10.0,0.03,0.03,0.093361,1776232262000
1776232263.982,63.982,0.48,52.46,0.38,10.0,0.51,16.0,0.53,5.0,0.49,16.0,0.47,5.0,0.52,52.46,0.62,10.0,0.03,0.03,0.093361,1776232263000
1776232264.899,64.899,0.48,52.46,0.38,10.0,0.51,16.0,0.53,5.0,0.49,16.0,0.47,5.0,0.52,52.46,0.62,10.0,0.03,0.03,0.093361,1776232264000
1776232265.876,65.876,0.48,52.46,0.38,10.0,0.51,16.0,0.53,5.0,0.49,16.0,0.47,5.0,0.52,52.46,0.62,10.0,0.03,0.03,0.09336,1776232265000
1776232266.846,66.846,0.48,52.46,0.38,10.0,0.51,16.0,0.53,5.0,0.49,16.0,0.47,5.0,0.52,52.46,0.62,10.0,0.03,0.03,0.093359,1776232266000
1776232267.788,67.788,0.48,52.46,0.38,10.0,0.51,16.0,0.53,5.0,0.49,16.0,0.47,5.0,0.52,52.46,0.62,10.0,0.03,0.03,0.093359,1776232267000
1776232268.795,68.795,0.48,52.46,0.38,10.0,0.51,16.0,0.53,5.0,0.49,16.0,0.47,5.0,0.52,52.46,0.62,10.0,0.03,0.03,0.093356,1776232268000
1776232270.741,70.741,0.48,52.46,0.38,10.0,0.51,16.0,0.53,5.0,0.49,16.0,0.47,5.0,0.52,52.46,0.62,10.0,0.03,0.03,0.093356,1776232269000
1776232271.25,71.25,0.48,52.46,0.38,10.0,0.51,16.0,0.53,5.0,0.49,16.0,0.47,5.0,0.52,52.46,0.62,10.0,0.03,0.03,0.093356,1776232270000
1776232272.307,72.307,0.48,52.46,0.38,10.0,0.51,16.0,0.53,5.0,0.49,16.0,0.47,5.0,0.52,52.46,0.62,10.0,0.03,0.03,0.093357,1776232271000
1776232273.432,73.432,0.48,52.46,0.42,20.7,0.5,4.3,0.51,6.0,0.49,16.0,0.47,5.0,0.52,52.46,0.62,10.0,0.02,0.03,0.093357,1776232271000
1776232273.993,73.993,0.48,52.46,0.42,20.7,0.5,4.3,0.51,6.0,0.5,4.3,0.49,6.0,0.52,52.46,0.58,20.7,0.02,0.02,0.093366,1776232273000
1776232275.211,75.211,0.48,52.46,0.42,20.7,0.5,4.3,0.51,6.0,0.5,4.3,0.49,6.0,0.52,52.46,0.58,20.7,0.02,0.02,0.093366,1776232274000
1776232275.911,75.911,0.49,6.0,0.48,52.46,0.51,1.0,0.59,10.0,0.5,4.3,0.49,6.0,0.52,52.46,0.58,20.7,0.02,0.02,0.093366,1776232274000
1776232276.222,76.222,0.49,16.0,0.48,62.46,0.59,10.0,0.62,10.0,0.41,10.0,0.38,10.0,0.51,16.0,0.52,62.46,0.1,0.1,0.093364,1776232275000
1776232277.294,77.294,0.49,16.0,0.48,62.46,0.59,10.0,0.62,10.0,0.41,10.0,0.38,10.0,0.51,16.0,0.52,62.46,0.1,0.1,0.093361,1776232276000
1776232278.476,78.476,0.49,16.0,0.48,62.46,0.59,10.0,0.62,10.0,0.41,10.0,0.38,10.0,0.51,16.0,0.52,62.46,0.1,0.1,0.093389,1776232277000
1776232278.989,78.989,0.49,16.0,0.48,62.46,0.59,10.0,0.62,10.0,0.41,10.0,0.38,10.0,0.51,16.0,0.52,62.46,0.1,0.1,0.093389,1776232278000
1776232280.029,80.029,0.49,16.0,0.48,62.46,0.59,10.0,0.62,10.0,0.41,10.0,0.38,10.0,0.51,16.0,0.52,62.46,0.1,0.1,0.093385,1776232279000
1776232281.174,81.174,0.49,16.0,0.48,62.46,0.59,10.0,0.62,10.0,0.41,10.0,0.38,10.0,0.51,16.0,0.52,62.46,0.1,0.1,0.093393,1776232280000
1776232282.331,82.331,0.49,16.0,0.48,62.46,0.59,10.0,0.62,10.0,0.41,10.0,0.38,10.0,0.51,16.0,0.52,62.46,0.1,0.1,0.093393,1776232281000
1776232283.394,83.394,0.49,16.0,0.48,62.46,0.59,10.0,0.62,10.0,0.41,10.0,0.38,10.0,0.51,16.0,0.52,62.46,0.1,0.1,0.093396,1776232282000
1776232283.954,83.954,0.49,16.0,0.48,62.46,0.59,10.0,0.62,10.0,0.41,10.0,0.38,10.0,0.51,16.0,0.52,62.46,0.1,0.1,0.093396,1776232283000
1776232285.471,85.471,0.49,16.0,0.48,62.46,0.59,10.0,0.62,10.0,0.41,10.0,0.38,10.0,0.51,16.0,0.52,62.46,0.1,0.1,0.093401,1776232284000
1776232285.894,85.894,0.49,16.0,0.48,62.46,0.59,10.0,0.62,10.0,0.41,10.0,0.38,10.0,0.51,16.0,0.52,62.46,0.1,0.1,0.0934,1776232285000
1776232286.912,86.912,0.49,16.0,0.48,62.46,0.59,10.0,0.62,10.0,0.41,10.0,0.38,10.0,0.51,16.0,0.52,62.46,0.1,0.1,0.093399,1776232286000
1776232287.93,87.93,0.49,16.0,0.48,62.46,0.59,10.0,0.62,10.0,0.41,10.0,0.38,10.0,0.51,16.0,0.52,62.46,0.1,0.1,0.093398,1776232287000
1776232288.894,88.894,0.49,16.0,0.48,62.46,0.59,10.0,0.62,10.0,0.41,10.0,0.38,10.0,0.51,16.0,0.52,62.46,0.1,0.1,0.093398,1776232288000
1776232289.914,89.914,0.49,16.0,0.48,62.46,0.59,10.0,0.62,10.0,0.41,10.0,0.38,10.0,0.51,16.0,0.52,62.46,0.1,0.1,0.093397,1776232289000
1776232290.829,90.829,0.62,5.0,0.61,20.9,0.72,6.0,0.74,12.0,0.41,10.0,0.38,10.0,0.51,16.0,0.52,62.46,0.1,0.1,0.093397,1776232289000
1776232291.254,91.254,0.65,5.0,0.62,16.0,0.72,1.0,0.76,10.0,0.28,6.0,0.26,12.0,0.38,5.0,0.39,20.9,0.07,0.1,0.093397,1776232290000
1776232291.964,91.964,0.65,5.0,0.62,16.0,0.72,1.0,0.76,10.0,0.28,1.0,0.24,10.0,0.35,5.0,0.38,16.0,0.07,0.07,0.093403,1776232291000
1776232293.092,93.092,0.65,5.0,0.62,16.0,0.72,1.0,0.76,10.0,0.28,1.0,0.24,10.0,0.35,5.0,0.38,16.0,0.07,0.07,0.093407,1776232292000
1776232294.014,94.014,0.65,5.0,0.62,16.0,0.72,1.0,0.76,10.0,0.28,1.0,0.24,10.0,0.35,5.0,0.38,16.0,0.07,0.07,0.093407,1776232293000
1776232294.981,94.981,0.65,5.0,0.62,16.0,0.72,1.0,0.76,10.0,0.28,1.0,0.24,10.0,0.35,5.0,0.38,16.0,0.07,0.07,0.093407,1776232294000
1776232295.959,95.959,0.65,5.0,0.62,16.0,0.72,1.0,0.76,10.0,0.28,1.0,0.24,10.0,0.35,5.0,0.38,16.0,0.07,0.07,0.093411,1776232295000
1776232297.045,97.045,0.65,5.0,0.62,16.0,0.72,1.0,0.76,10.0,0.28,1.0,0.24,10.0,0.35,5.0,0.38,16.0,0.07,0.07,0.093408,1776232296000
1776232297.96,97.96,0.65,5.0,0.62,16.0,0.72,1.0,0.76,10.0,0.28,1.0,0.24,10.0,0.35,5.0,0.38,16.0,0.07,0.07,0.093411,1776232297000
1776232299.555,99.555,0.65,5.0,0.62,16.0,0.72,1.0,0.76,10.0,0.28,1.0,0.24,10.0,0.35,5.0,0.38,16.0,0.07,0.07,0.093422,1776232298000
1776232300.277,100.277,0.65,5.0,0.62,16.0,0.72,1.0,0.76,10.0,0.28,1.0,0.24,10.0,0.35,5.0,0.38,16.0,0.07,0.07,0.093426,1776232299000
1776232301.574,101.574,0.65,5.0,0.62,16.0,0.72,1.0,0.76,10.0,0.28,1.0,0.24,10.0,0.35,5.0,0.38,16.0,0.07,0.07,0.093431,1776232300000
1776232302.263,102.263,0.65,5.0,0.62,16.0,0.72,1.0,0.76,10.0,0.28,1.0,0.24,10.0,0.35,5.0,0.38,16.0,0.07,0.07,0.093431,1776232301000
1776232303.682,103.682,0.65,5.0,0.62,16.0,0.72,1.0,0.76,10.0,0.28,1.0,0.24,10.0,0.35,5.0,0.38,16.0,0.07,0.07,0.093424,1776232302000
1776232304.237,104.237,0.65,5.0,0.62,16.0,0.72,1.0,0.76,10.0,0.28,1.0,0.24,10.0,0.35,5.0,0.38,16.0,0.07,0.07,0.093424,1776232303000
1776232305.042,105.042,0.65,5.0,0.62,16.0,0.72,1.0,0.76,10.0,0.28,1.0,0.24,10.0,0.35,5.0,0.38,16.0,0.07,0.07,0.093424,1776232304000
1776232306.153,106.153,0.65,5.0,0.62,16.0,0.72,1.0,0.76,10.0,0.28,1.0,0.24,10.0,0.35,5.0,0.38,16.0,0.07,0.07,0.093421,1776232305000
1776232307.326,107.326,0.65,5.0,0.62,16.0,0.72,1.0,0.76,10.0,0.28,1.0,0.24,10.0,0.35,5.0,0.38,16.0,0.07,0.07,0.093421,1776232306000
1776232308.41,108.41,0.65,5.0,0.62,16.0,0.72,1.0,0.76,10.0,0.28,1.0,0.24,10.0,0.35,5.0,0.38,16.0,0.07,0.07,0.093418,1776232307000
1776232309.185,109.185,0.65,5.0,0.62,16.0,0.72,1.0,0.76,10.0,0.28,1.0,0.24,10.0,0.35,5.0,0.38,16.0,0.07,0.07,0.093416,1776232308000
1776232310.452,110.452,0.65,5.0,0.62,16.0,0.72,1.0,0.76,10.0,0.28,1.0,0.24,10.0,0.35,5.0,0.38,16.0,0.07,0.07,0.093417,1776232309000
1776232311.226,111.226,0.65,5.0,0.62,16.0,0.72,1.0,0.76,10.0,0.28,1.0,0.24,10.0,0.35,5.0,0.38,16.0,0.07,0.07,0.093418,1776232310000
1776232312.487,112.487,0.65,5.0,0.62,16.0,0.72,1.0,0.76,10.0,0.28,1.0,0.24,10.0,0.35,5.0,0.38,16.0,0.07,0.07,0.093418,1776232311000
1776232313.068,113.068,0.65,5.0,0.62,16.0,0.72,1.0,0.76,10.0,0.28,1.0,0.24,10.0,0.35,5.0,0.38,16.0,0.07,0.07,0.093418,1776232312000
1776232314.754,114.754,0.65,5.0,0.62,16.0,0.72,1.0,0.76,10.0,0.28,1.0,0.24,10.0,0.35,5.0,0.38,16.0,0.07,0.07,0.093418,1776232313000
1776232315.211,115.211,0.65,5.0,0.62,16.0,0.72,1.0,0.76,10.0,0.28,1.0,0.24,10.0,0.35,5.0,0.38,16.0,0.07,0.07,0.093421,1776232314000
1776232316.321,116.321,0.65,5.0,0.62,16.0,0.72,1.0,0.76,10.0,0.28,1.0,0.24,10.0,0.35,5.0,0.38,16.0,0.07,0.07,0.093421,1776232315000
1776232317.259,117.259,0.65,5.0,0.62,16.0,0.72,1.0,0.76,10.0,0.28,1.0,0.24,10.0,0.35,5.0,0.38,16.0,0.07,0.07,0.093421,1776232316000
1776232318.396,118.396,0.65,5.0,0.62,16.0,0.72,1.0,0.76,10.0,0.28,1.0,0.24,10.0,0.35,5.0,0.38,16.0,0.07,0.07,0.09342,1776232317000
1776232319.232,119.232,0.65,5.0,0.62,16.0,0.72,1.0,0.76,10.0,0.28,1.0,0.24,10.0,0.35,5.0,0.38,16.0,0.07,0.07,0.093418,1776232318000
1776232320.266,120.266,0.65,5.0,0.62,16.0,0.72,1.0,0.76,10.0,0.28,1.0,0.24,10.0,0.35,5.0,0.38,16.0,0.07,0.07,0.093418,1776232319000
1776232321.334,121.334,0.65,5.0,0.62,16.0,0.72,1.0,0.76,10.0,0.28,1.0,0.24,10.0,0.35,5.0,0.38,16.0,0.07,0.07,0.093417,1776232320000
1776232321.539,121.539,0.69,5.0,0.65,10.0,0.77,20.0,0.79,29.7,0.3,10.0,0.23,20.0,0.32,1.0,0.35,10.0,0.08,0.02,0.093417,1776232320000
1776232322.391,122.391,0.69,5.0,0.65,10.0,0.77,20.0,0.79,29.7,0.23,20.0,0.21,29.7,0.31,5.0,0.35,10.0,0.08,0.08,0.093417,1776232321000
1776232323.357,123.357,0.69,5.0,0.65,10.0,0.77,20.0,0.79,29.7,0.23,20.0,0.21,29.7,0.31,5.0,0.35,10.0,0.08,0.08,0.093399,1776232322000
1776232323.951,123.951,0.69,5.0,0.65,10.0,0.77,20.0,0.79,29.7,0.23,20.0,0.21,29.7,0.31,5.0,0.35,10.0,0.08,0.08,0.093396,1776232323000
1776232324.94,124.94,0.69,5.0,0.65,10.0,0.77,20.0,0.79,29.7,0.23,20.0,0.21,29.7,0.31,5.0,0.35,10.0,0.08,0.08,0.093392,1776232324000
1776232326.054,126.054,0.69,5.0,0.65,10.0,0.77,20.0,0.79,29.7,0.23,20.0,0.21,29.7,0.31,5.0,0.35,10.0,0.08,0.08,0.093392,1776232325000
1776232327.099,127.099,0.69,5.0,0.65,10.0,0.77,20.0,0.79,29.7,0.23,20.0,0.21,29.7,0.31,5.0,0.35,10.0,0.08,0.08,0.093405,1776232326000
1776232328.04,128.04,0.71,35.0,0.7,5.0,0.74,2.0,0.77,13.0,0.26,7.0,0.23,13.0,0.28,20.0,0.3,5.0,0.03,0.02,0.093405,1776232326000
1776232328.36,128.36,0.71,29.0,0.7,5.0,0.77,13.0,0.8,15.0,0.26,2.0,0.23,13.0,0.29,35.0,0.3,5.0,0.06,0.03,0.093411,1776232327000
1776232329.21,129.21,0.72,20.0,0.71,83.0,0.77,6.5,0.8,15.0,0.23,13.0,0.2,15.0,0.29,29.0,0.3,5.0,0.05,0.06,0.093411,1776232327000
1776232329.474,129.474,0.76,5.0,0.72,20.0,0.77,1.5,0.8,15.0,0.23,6.5,0.2,15.0,0.28,20.0,0.29,83.0,0.01,0.05,0.093428,1776232328000
1776232329.804,129.804,0.77,5.0,0.76,37.0,0.8,10.16,0.83,16.0,0.2,11.74,0.17,16.0,0.24,38.0,0.28,20.0,0.03,0.04,0.093428,1776232328000
1776232330.074,130.074,0.77,5.0,0.76,37.0,0.8,10.16,0.83,16.0,0.2,10.16,0.17,16.0,0.23,5.0,0.24,37.0,0.03,0.03,0.09344,1776232329000
1776232331.4,131.4,0.77,5.0,0.76,37.0,0.8,10.16,0.83,16.0,0.2,10.16,0.17,16.0,0.23,5.0,0.24,37.0,0.03,0.03,0.09345,1776232330000
1776232332.01,132.01,0.77,5.0,0.76,37.0,0.8,10.16,0.83,16.0,0.2,10.16,0.17,16.0,0.23,5.0,0.24,37.0,0.03,0.03,0.09345,1776232331000
1776232333.28,133.28,0.77,5.0,0.76,37.0,0.8,10.16,0.83,16.0,0.2,10.16,0.17,16.0,0.23,5.0,0.24,37.0,0.03,0.03,0.093449,1776232332000
1776232334.446,134.446,0.77,5.0,0.76,37.0,0.8,10.16,0.83,16.0,0.2,10.16,0.17,16.0,0.23,5.0,0.24,37.0,0.03,0.03,0.093442,1776232333000
1776232335.039,135.039,0.77,5.0,0.76,37.0,0.8,10.16,0.83,16.0,0.2,10.16,0.17,16.0,0.23,5.0,0.24,37.0,0.03,0.03,0.093441,1776232334000
1776232336.095,136.095,0.77,5.0,0.76,37.0,0.8,10.16,0.83,16.0,0.2,10.16,0.17,16.0,0.23,5.0,0.24,37.0,0.03,0.03,0.09344,1776232335000
1776232337.282,137.282,0.77,5.0,0.76,37.0,0.8,10.16,0.83,16.0,0.2,10.16,0.17,16.0,0.23,5.0,0.24,37.0,0.03,0.03,0.093437,1776232336000
1776232338.337,138.337,0.77,5.0,0.76,37.0,0.8,10.16,0.83,16.0,0.2,10.16,0.17,16.0,0.23,5.0,0.24,37.0,0.03,0.03,0.093435,1776232337000
1776232338.984,138.984,0.77,5.0,0.76,37.0,0.8,10.16,0.83,16.0,0.2,10.16,0.17,16.0,0.23,5.0,0.24,37.0,0.03,0.03,0.093433,1776232338000
1776232340.202,140.202,0.77,5.0,0.76,37.0,0.8,10.16,0.83,16.0,0.2,10.16,0.17,16.0,0.23,5.0,0.24,37.0,0.03,0.03,0.093435,1776232339000
1776232341.438,141.438,0.77,5.0,0.76,37.0,0.8,10.16,0.83,16.0,0.2,10.16,0.17,16.0,0.23,5.0,0.24,37.0,0.03,0.03,0.093435,1776232340000
1776232341.984,141.984,0.77,5.0,0.76,37.0,0.8,10.16,0.83,16.0,0.2,10.16,0.17,16.0,0.23,5.0,0.24,37.0,0.03,0.03,0.093435,1776232341000
1776232343.455,143.455,0.77,5.0,0.76,37.0,0.8,10.16,0.83,16.0,0.2,10.16,0.17,16.0,0.23,5.0,0.24,37.0,0.03,0.03,0.093435,1776232342000
1776232344.017,144.017,0.77,5.0,0.76,37.0,0.8,10.16,0.83,16.0,0.2,10.16,0.17,16.0,0.23,5.0,0.24,37.0,0.03,0.03,0.093435,1776232343000
1776232345.234,145.234,0.77,5.0,0.76,37.0,0.8,10.16,0.83,16.0,0.2,10.16,0.17,16.0,0.23,5.0,0.24,37.0,0.03,0.03,0.093437,1776232344000
1776232346.344,146.344,0.77,5.0,0.76,37.0,0.8,10.16,0.83,16.0,0.2,10.16,0.17,16.0,0.23,5.0,0.24,37.0,0.03,0.03,0.093438,1776232345000
1776232346.914,146.914,0.77,5.0,0.76,37.0,0.8,10.16,0.83,16.0,0.2,10.16,0.17,16.0,0.23,5.0,0.24,37.0,0.03,0.03,0.093438,1776232346000
1776232348.149,148.149,0.77,5.0,0.76,37.0,0.8,10.16,0.83,16.0,0.2,10.16,0.17,16.0,0.23,5.0,0.24,37.0,0.03,0.03,0.093438,1776232347000
1776232349.301,149.301,0.77,5.0,0.76,37.0,0.8,10.16,0.83,16.0,0.2,10.16,0.17,16.0,0.23,5.0,0.24,37.0,0.03,0.03,0.093431,1776232348000
1776232350.346,150.346,0.77,5.0,0.76,37.0,0.8,10.16,0.83,16.0,0.2,10.16,0.17,16.0,0.23,5.0,0.24,37.0,0.03,0.03,0.093429,1776232349000
1776232350.953,150.953,0.77,5.0,0.76,37.0,0.8,10.16,0.83,16.0,0.2,10.16,0.17,16.0,0.23,5.0,0.24,37.0,0.03,0.03,0.093432,1776232350000
1776232352.148,152.148,0.77,5.0,0.76,37.0,0.8,10.16,0.83,16.0,0.2,10.16,0.17,16.0,0.23,5.0,0.24,37.0,0.03,0.03,0.093434,1776232351000
1776232353.473,153.473,0.77,5.0,0.76,37.0,0.8,10.16,0.83,16.0,0.2,10.16,0.17,16.0,0.23,5.0,0.24,37.0,0.03,0.03,0.093433,1776232352000
1776232354.047,154.047,0.77,5.0,0.76,37.0,0.8,10.16,0.83,16.0,0.2,10.16,0.17,16.0,0.23,5.0,0.24,37.0,0.03,0.03,0.093434,1776232353000
1776232355.17,155.17,0.77,5.0,0.76,37.0,0.8,10.16,0.83,16.0,0.2,10.16,0.17,16.0,0.23,5.0,0.24,37.0,0.03,0.03,0.093434,1776232354000
1776232356.347,156.347,0.77,5.0,0.76,37.0,0.8,10.16,0.83,16.0,0.2,10.16,0.17,16.0,0.23,5.0,0.24,37.0,0.03,0.03,0.093442,1776232355000
1776232357.021,157.021,0.77,5.0,0.76,37.0,0.8,10.16,0.83,16.0,0.2,10.16,0.17,16.0,0.23,5.0,0.24,37.0,0.03,0.03,0.093444,1776232356000
1776232357.825,157.825,0.86,21.6,0.85,20.39,0.93,237.37,0.94,46.1,0.2,10.16,0.17,16.0,0.23,5.0,0.24,37.0,0.07,0.03,0.093444,1776232356000
1776232358.751,158.751,0.86,21.6,0.85,20.39,0.93,237.37,0.94,46.1,0.07,237.37,0.06,46.1,0.14,21.6,0.15,20.39,0.07,0.07,0.093447,1776232357000
1776232359.279,159.279,0.86,21.6,0.85,20.39,0.93,237.37,0.94,46.1,0.07,237.37,0.06,46.1,0.14,21.6,0.15,20.39,0.07,0.07,0.093451,1776232358000
1776232359.587,159.587,0.87,23.0,0.86,21.6,0.92,4.8,0.93,237.37,0.07,237.37,0.06,46.1,0.14,21.6,0.15,20.39,0.05,0.07,0.093451,1776232358000
1776232360.355,160.355,0.87,23.0,0.86,21.6,0.92,4.8,0.93,237.37,0.08,4.8,0.07,237.37,0.13,23.0,0.14,21.6,0.05,0.05,0.09345,1776232359000
1776232360.961,160.961,0.87,23.0,0.86,21.6,0.92,4.8,0.93,237.37,0.08,4.8,0.07,237.37,0.13,23.0,0.14,21.6,0.05,0.05,0.093451,1776232360000
1776232362.109,162.109,0.87,23.0,0.86,21.6,0.92,4.8,0.93,237.37,0.08,4.8,0.07,237.37,0.13,23.0,0.14,21.6,0.05,0.05,0.093451,1776232361000
1776232363.268,163.268,0.87,23.0,0.86,21.6,0.92,4.8,0.93,237.37,0.08,4.8,0.07,237.37,0.13,23.0,0.14,21.6,0.05,0.05,0.093451,1776232362000
1776232364.3,164.3,0.87,23.0,0.86,21.6,0.92,4.8,0.93,237.37,0.08,4.8,0.07,237.37,0.13,23.0,0.14,21.6,0.05,0.05,0.093451,1776232363000
1776232365.197,165.197,0.87,23.0,0.86,21.6,0.92,4.8,0.93,237.37,0.08,4.8,0.07,237.37,0.13,23.0,0.14,21.6,0.05,0.05,0.09345,1776232364000
1776232366.244,166.244,0.87,23.0,0.86,21.6,0.92,4.8,0.93,237.37,0.08,4.8,0.07,237.37,0.13,23.0,0.14,21.6,0.05,0.05,0.093451,1776232365000
1776232367.481,167.481,0.87,23.0,0.86,21.6,0.92,4.8,0.93,237.37,0.08,4.8,0.07,237.37,0.13,23.0,0.14,21.6,0.05,0.05,0.09346,1776232366000
1776232368.087,168.087,0.87,23.0,0.86,21.6,0.92,4.8,0.93,237.37,0.08,4.8,0.07,237.37,0.13,23.0,0.14,21.6,0.05,0.05,0.093462,1776232367000
1776232369.248,169.248,0.87,23.0,0.86,21.6,0.92,4.8,0.93,237.37,0.08,4.8,0.07,237.37,0.13,23.0,0.14,21.6,0.05,0.05,0.093462,1776232368000
1776232370.406,170.406,0.87,23.0,0.86,21.6,0.92,4.8,0.93,237.37,0.08,4.8,0.07,237.37,0.13,23.0,0.14,21.6,0.05,0.05,0.093464,1776232369000
1776232370.857,170.857,0.9,27.35,0.89,26.6,0.94,6.0,0.95,99.7,0.08,4.8,0.07,237.37,0.13,23.0,0.14,21.6,0.04,0.05,0.093464,1776232369000
1776232372.229,172.229,0.9,27.35,0.89,26.6,0.94,6.0,0.95,99.7,0.06,6.0,0.05,99.7,0.1,27.35,0.11,26.6,0.04,0.04,0.093463,1776232371000
1776232373.833,173.833,0.9,27.35,0.89,26.6,0.94,6.0,0.95,99.7,0.06,6.0,0.05,99.7,0.1,27.35,0.11,26.6,0.04,0.04,0.093463,1776232372000
1776232374.294,174.294,0.9,27.35,0.89,26.6,0.94,6.0,0.95,99.7,0.06,6.0,0.05,99.7,0.1,27.35,0.11,26.6,0.04,0.04,0.093445,1776232373000
1776232375.344,175.344,0.9,27.35,0.89,26.6,0.94,6.0,0.95,99.7,0.06,6.0,0.05,99.7,0.1,27.35,0.11,26.6,0.04,0.04,0.093434,1776232374000
1776232375.816,175.816,0.9,27.35,0.89,26.6,0.94,6.0,0.95,99.7,0.06,6.0,0.05,99.7,0.1,27.35,0.11,26.6,0.04,0.04,0.093434,1776232375000
1776232377.341,177.341,0.9,27.35,0.89,26.6,0.94,6.0,0.95,99.7,0.06,6.0,0.05,99.7,0.1,27.35,0.11,26.6,0.04,0.04,0.093441,1776232376000
1776232378.319,178.319,0.9,27.35,0.89,26.6,0.94,6.0,0.95,99.7,0.06,6.0,0.05,99.7,0.1,27.35,0.11,26.6,0.04,0.04,0.093443,1776232377000
1776232379.309,179.309,0.9,27.35,0.89,26.6,0.94,6.0,0.95,99.7,0.06,6.0,0.05,99.7,0.1,27.35,0.11,26.6,0.04,0.04,0.093444,1776232378000
1776232379.878,179.878,0.9,27.35,0.89,26.6,0.94,6.0,0.95,99.7,0.06,6.0,0.05,99.7,0.1,27.35,0.11,26.6,0.04,0.04,0.093444,1776232379000
1776232380.926,180.926,0.9,27.35,0.89,26.6,0.94,6.0,0.95,99.7,0.06,6.0,0.05,99.7,0.1,27.35,0.11,26.6,0.04,0.04,0.093443,1776232380000
1776232381.969,181.969,0.9,27.35,0.89,26.6,0.94,6.0,0.95,99.7,0.06,6.0,0.05,99.7,0.1,27.35,0.11,26.6,0.04,0.04,0.093426,1776232381000
1776232382.928,182.928,0.9,27.35,0.89,26.6,0.94,6.0,0.95,99.7,0.06,6.0,0.05,99.7,0.1,27.35,0.11,26.6,0.04,0.04,0.093422,1776232382000
1776232384.135,184.135,0.9,27.35,0.89,26.6,0.94,6.0,0.95,99.7,0.06,6.0,0.05,99.7,0.1,27.35,0.11,26.6,0.04,0.04,0.093422,1776232383000
1776232385.014,185.014,0.9,27.35,0.89,26.6,0.94,6.0,0.95,99.7,0.06,6.0,0.05,99.7,0.1,27.35,0.11,26.6,0.04,0.04,0.093422,1776232384000
1776232386.064,186.064,0.9,27.35,0.89,26.6,0.94,6.0,0.95,99.7,0.06,6.0,0.05,99.7,0.1,27.35,0.11,26.6,0.04,0.04,0.093422,1776232385000
1776232387.88,187.88,0.9,27.35,0.89,26.6,0.94,6.0,0.95,99.7,0.06,6.0,0.05,99.7,0.1,27.35,0.11,26.6,0.04,0.04,0.093425,1776232386000
1776232389.04,189.04,0.9,27.35,0.89,26.6,0.94,6.0,0.95,99.7,0.06,6.0,0.05,99.7,0.1,27.35,0.11,26.6,0.04,0.04,0.093425,1776232387000
1776232390.133,190.133,0.9,27.35,0.89,26.6,0.94,6.0,0.95,99.7,0.06,6.0,0.05,99.7,0.1,27.35,0.11,26.6,0.04,0.04,0.093425,1776232388000
1776232391.114,191.114,0.9,27.35,0.89,26.6,0.94,6.0,0.95,99.7,0.06,6.0,0.05,99.7,0.1,27.35,0.11,26.6,0.04,0.04,0.093424,1776232389000
1776232391.875,191.875,0.81,16.89,0.8,22.3,0.89,2.75,0.9,5.0,0.06,6.0,0.05,99.7,0.1,27.35,0.11,26.6,0.08,0.04,0.093424,1776232389000
1776232392.166,192.166,0.81,16.89,0.8,22.3,0.89,2.75,0.9,5.0,0.11,2.75,0.1,5.0,0.19,16.89,0.2,22.3,0.08,0.08,0.093422,1776232390000
1776232393.217,193.217,0.81,16.89,0.8,22.3,0.89,2.75,0.9,5.0,0.11,2.75,0.1,5.0,0.19,16.89,0.2,22.3,0.08,0.08,0.093422,1776232391000
1776232394.25,194.25,0.81,16.89,0.8,22.3,0.89,2.75,0.9,5.0,0.11,2.75,0.1,5.0,0.19,16.89,0.2,22.3,0.08,0.08,0.09343,1776232392000
1776232395.251,195.251,0.81,16.89,0.8,22.3,0.89,2.75,0.9,5.0,0.11,2.75,0.1,5.0,0.19,16.89,0.2,22.3,0.08,0.08,0.093435,1776232393000
1776232396.243,196.243,0.81,16.89,0.8,22.3,0.89,2.75,0.9,5.0,0.11,2.75,0.1,5.0,0.19,16.89,0.2,22.3,0.08,0.08,0.093436,1776232394000
1776232397.495,197.495,0.81,16.89,0.8,22.3,0.89,2.75,0.9,5.0,0.11,2.75,0.1,5.0,0.19,16.89,0.2,22.3,0.08,0.08,0.093442,1776232396000
1776232398.437,198.437,0.81,16.89,0.8,22.3,0.89,2.75,0.9,5.0,0.11,2.75,0.1,5.0,0.19,16.89,0.2,22.3,0.08,0.08,0.093439,1776232397000
1776232399.447,199.447,0.81,16.89,0.8,22.3,0.89,2.75,0.9,5.0,0.11,2.75,0.1,5.0,0.19,16.89,0.2,22.3,0.08,0.08,0.09344,1776232398000
1776232400.604,200.604,0.81,16.89,0.8,22.3,0.89,2.75,0.9,5.0,0.11,2.75,0.1,5.0,0.19,16.89,0.2,22.3,0.08,0.08,0.093439,1776232399000
1776232401.227,201.227,0.82,17.6,0.81,16.89,0.9,32.78,0.91,36.7,0.11,2.75,0.1,5.0,0.19,16.89,0.2,22.3,0.08,0.08,0.093439,1776232399000
1776232401.646,201.646,0.82,17.6,0.81,16.89,0.9,32.78,0.91,36.7,0.1,32.78,0.09,36.7,0.18,17.6,0.19,16.89,0.08,0.08,0.093426,1776232400000
1776232402.541,202.541,0.82,17.6,0.81,16.89,0.9,32.78,0.91,36.7,0.1,32.78,0.09,36.7,0.18,17.6,0.19,16.89,0.08,0.08,0.093425,1776232401000
1776232403.529,203.529,0.82,17.6,0.81,16.89,0.9,32.78,0.91,36.7,0.1,32.78,0.09,36.7,0.18,17.6,0.19,16.89,0.08,0.08,0.093427,1776232402000
1776232404.501,204.501,0.82,17.6,0.81,16.89,0.9,32.78,0.91,36.7,0.1,32.78,0.09,36.7,0.18,17.6,0.19,16.89,0.08,0.08,0.093427,1776232403000
1776232405.352,205.352,0.82,17.6,0.81,16.89,0.9,32.78,0.91,36.7,0.1,32.78,0.09,36.7,0.18,17.6,0.19,16.89,0.08,0.08,0.093427,1776232404000
1776232406.562,206.562,0.79,17.31,0.78,15.2,0.87,6.0,0.88,24.6,0.1,32.78,0.09,36.7,0.18,17.6,0.19,16.89,0.08,0.08,0.093427,1776232404000
1776232406.899,206.899,0.79,17.31,0.78,15.2,0.87,6.0,0.88,24.6,0.13,6.0,0.12,24.6,0.21,17.31,0.22,15.2,0.08,0.08,0.093423,1776232405000
1776232407.898,207.898,0.79,17.31,0.78,15.2,0.87,6.0,0.88,24.6,0.13,6.0,0.12,24.6,0.21,17.31,0.22,15.2,0.08,0.08,0.093419,1776232406000
1776232408.643,208.643,0.8,16.3,0.79,17.31,0.88,4.86,0.89,26.6,0.13,6.0,0.12,24.6,0.21,17.31,0.22,15.2,0.08,0.08,0.093419,1776232406000
1776232408.92,208.92,0.8,16.3,0.79,17.31,0.88,4.86,0.89,26.6,0.12,4.86,0.11,26.6,0.2,16.3,0.21,17.31,0.08,0.08,0.093423,1776232407000
1776232409.855,209.855,0.8,16.3,0.79,17.31,0.88,4.86,0.89,26.6,0.12,4.86,0.11,26.6,0.2,16.3,0.21,17.31,0.08,0.08,0.093424,1776232408000
1776232410.568,210.568,0.8,16.3,0.79,17.31,0.88,4.86,0.89,26.6,0.12,4.86,0.11,26.6,0.2,16.3,0.21,17.31,0.08,0.08,0.093424,1776232409000
1776232411.228,211.228,0.8,16.3,0.79,17.31,0.88,4.86,0.89,26.6,0.12,4.86,0.11,26.6,0.2,16.3,0.21,17.31,0.08,0.08,0.093424,1776232410000
1776232412.373,212.373,0.8,16.3,0.79,17.31,0.88,4.86,0.89,26.6,0.12,4.86,0.11,26.6,0.2,16.3,0.21,17.31,0.08,0.08,0.093422,1776232411000
1776232412.868,212.868,0.8,16.3,0.79,17.31,0.88,4.86,0.89,26.6,0.12,4.86,0.11,26.6,0.2,16.3,0.21,17.31,0.08,0.08,0.093421,1776232412000
1776232413.895,213.895,0.8,16.3,0.79,17.31,0.88,4.86,0.89,26.6,0.12,4.86,0.11,26.6,0.2,16.3,0.21,17.31,0.08,0.08,0.093422,1776232413000
1776232414.891,214.891,0.8,16.3,0.79,17.31,0.88,4.86,0.89,26.6,0.12,4.86,0.11,26.6,0.2,16.3,0.21,17.31,0.08,0.08,0.09342,1776232414000
1776232415.839,215.839,0.8,16.3,0.79,17.31,0.88,4.86,0.89,26.6,0.12,4.86,0.11,26.6,0.2,16.3,0.21,17.31,0.08,0.08,0.09342,1776232415000
1776232416.828,216.828,0.8,16.3,0.79,17.31,0.88,4.86,0.89,26.6,0.12,4.86,0.11,26.6,0.2,16.3,0.21,17.31,0.08,0.08,0.093418,1776232416000
1776232417.801,217.801,0.8,16.3,0.79,17.31,0.88,4.86,0.89,26.6,0.12,4.86,0.11,26.6,0.2,16.3,0.21,17.31,0.08,0.08,0.093406,1776232417000
1776232419.274,219.274,0.8,16.3,0.79,17.31,0.88,4.86,0.89,26.6,0.12,4.86,0.11,26.6,0.2,16.3,0.21,17.31,0.08,0.08,0.093409,1776232418000
1776232420.205,220.205,0.8,16.3,0.79,17.31,0.88,4.86,0.89,26.6,0.12,4.86,0.11,26.6,0.2,16.3,0.21,17.31,0.08,0.08,0.093408,1776232419000
1776232421.169,221.169,0.8,16.3,0.79,17.31,0.88,4.86,0.89,26.6,0.12,4.86,0.11,26.6,0.2,16.3,0.21,17.31,0.08,0.08,0.093408,1776232420000
1776232422.118,222.118,0.8,16.3,0.79,17.31,0.88,4.86,0.89,26.6,0.12,4.86,0.11,26.6,0.2,16.3,0.21,17.31,0.08,0.08,0.093408,1776232421000
1776232423.125,223.125,0.8,16.3,0.79,17.31,0.88,4.86,0.89,26.6,0.12,4.86,0.11,26.6,0.2,16.3,0.21,17.31,0.08,0.08,0.093408,1776232422000
1776232423.416,223.416,0.68,11.9,0.67,11.8,0.81,50.0,0.86,21.6,0.12,4.86,0.11,26.6,0.2,16.3,0.21,17.31,0.13,0.08,0.093408,1776232422000
1776232424.113,224.113,0.68,11.9,0.67,11.8,0.81,50.0,0.86,21.6,0.19,50.0,0.14,21.6,0.32,11.9,0.33,11.8,0.13,0.13,0.093408,1776232423000
1776232425.147,225.147,0.68,11.9,0.67,11.8,0.81,50.0,0.86,21.6,0.19,50.0,0.14,21.6,0.32,11.9,0.33,11.8,0.13,0.13,0.093405,1776232424000
1776232426.236,226.236,0.68,11.9,0.67,11.8,0.81,50.0,0.86,21.6,0.19,50.0,0.14,21.6,0.32,11.9,0.33,11.8,0.13,0.13,0.093407,1776232425000
1776232427.201,227.201,0.68,11.9,0.67,11.8,0.81,50.0,0.86,21.6,0.19,50.0,0.14,21.6,0.32,11.9,0.33,11.8,0.13,0.13,0.09341,1776232426000
1776232428.209,228.209,0.68,11.9,0.67,11.8,0.81,50.0,0.86,21.6,0.19,50.0,0.14,21.6,0.32,11.9,0.33,11.8,0.13,0.13,0.093413,1776232427000
1776232429.574,229.574,0.68,11.9,0.67,11.8,0.81,50.0,0.86,21.6,0.19,50.0,0.14,21.6,0.32,11.9,0.33,11.8,0.13,0.13,0.09341,1776232428000
1776232430.233,230.233,0.68,11.9,0.67,11.8,0.81,50.0,0.86,21.6,0.19,50.0,0.14,21.6,0.32,11.9,0.33,11.8,0.13,0.13,0.093409,1776232429000
1776232431.355,231.355,0.68,11.9,0.67,11.8,0.81,50.0,0.86,21.6,0.19,50.0,0.14,21.6,0.32,11.9,0.33,11.8,0.13,0.13,0.093411,1776232430000
1776232431.87,231.87,0.68,11.9,0.67,11.8,0.81,50.0,0.86,21.6,0.19,50.0,0.14,21.6,0.32,11.9,0.33,11.8,0.13,0.13,0.093413,1776232431000
1776232433.044,233.044,0.68,11.9,0.67,11.8,0.81,50.0,0.86,21.6,0.19,50.0,0.14,21.6,0.32,11.9,0.33,11.8,0.13,0.13,0.093414,1776232432000
1776232434.091,234.091,0.68,11.9,0.67,11.8,0.81,50.0,0.86,21.6,0.19,50.0,0.14,21.6,0.32,11.9,0.33,11.8,0.13,0.13,0.093414,1776232433000
1776232435.128,235.128,0.68,11.9,0.67,11.8,0.81,50.0,0.86,21.6,0.19,50.0,0.14,21.6,0.32,11.9,0.33,11.8,0.13,0.13,0.093414,1776232434000
1776232436.336,236.336,0.68,11.9,0.67,11.8,0.81,50.0,0.86,21.6,0.19,50.0,0.14,21.6,0.32,11.9,0.33,11.8,0.13,0.13,0.093415,1776232435000
1776232437.392,237.392,0.68,11.9,0.67,11.8,0.81,50.0,0.86,21.6,0.19,50.0,0.14,21.6,0.32,11.9,0.33,11.8,0.13,0.13,0.093416,1776232436000
1776232437.971,237.971,0.68,11.9,0.67,11.8,0.81,50.0,0.86,21.6,0.19,50.0,0.14,21.6,0.32,11.9,0.33,11.8,0.13,0.13,0.093416,1776232437000
1776232439.554,239.554,0.68,11.9,0.67,11.8,0.81,50.0,0.86,21.6,0.19,50.0,0.14,21.6,0.32,11.9,0.33,11.8,0.13,0.13,0.093421,1776232438000
1776232440.299,240.299,0.68,11.9,0.67,11.8,0.81,50.0,0.86,21.6,0.19,50.0,0.14,21.6,0.32,11.9,0.33,11.8,0.13,0.13,0.09342,1776232439000
1776232441.226,241.226,0.68,11.9,0.67,11.8,0.81,50.0,0.86,21.6,0.19,50.0,0.14,21.6,0.32,11.9,0.33,11.8,0.13,0.13,0.093418,1776232440000
1776232442.375,242.375,0.68,11.9,0.67,11.8,0.81,50.0,0.86,21.6,0.19,50.0,0.14,21.6,0.32,11.9,0.33,11.8,0.13,0.13,0.093413,1776232441000
1776232442.86,242.86,0.68,11.9,0.67,11.8,0.81,50.0,0.86,21.6,0.19,50.0,0.14,21.6,0.32,11.9,0.33,11.8,0.13,0.13,0.093413,1776232442000
1776232443.926,243.926,0.68,11.9,0.67,11.8,0.81,50.0,0.86,21.6,0.19,50.0,0.14,21.6,0.32,11.9,0.33,11.8,0.13,0.13,0.09341,1776232443000
1776232444.979,244.979,0.68,11.9,0.67,11.8,0.81,50.0,0.86,21.6,0.19,50.0,0.14,21.6,0.32,11.9,0.33,11.8,0.13,0.13,0.09341,1776232444000
1776232446.091,246.091,0.68,11.9,0.67,11.8,0.81,50.0,0.86,21.6,0.19,50.0,0.14,21.6,0.32,11.9,0.33,11.8,0.13,0.13,0.093412,1776232445000
1776232447.03,247.03,0.85,20.39,0.84,19.3,0.92,34.2,0.93,39.9,0.08,34.2,0.07,39.9,0.15,20.39,0.16,19.3,0.07,0.07,0.09341,1776232446000
1776232448.119,248.119,0.85,20.39,0.84,19.3,0.92,34.2,0.93,39.9,0.08,34.2,0.07,39.9,0.15,20.39,0.16,19.3,0.07,0.07,0.09341,1776232447000
1776232449.174,249.174,0.85,20.39,0.84,19.3,0.92,34.2,0.93,39.9,0.08,34.2,0.07,39.9,0.15,20.39,0.16,19.3,0.07,0.07,0.093409,1776232448000
1776232450.225,250.225,0.85,20.39,0.84,19.3,0.92,34.2,0.93,39.9,0.08,34.2,0.07,39.9,0.15,20.39,0.16,19.3,0.07,0.07,0.09341,1776232449000
1776232451.368,251.368,0.86,21.6,0.85,20.39,0.9,8.88,0.91,12.0,0.1,8.88,0.09,12.0,0.14,21.6,0.15,20.39,0.04,0.04,0.09341,1776232450000
1776232451.947,251.947,0.86,21.6,0.85,20.39,0.9,8.88,0.91,12.0,0.1,8.88,0.09,12.0,0.14,21.6,0.15,20.39,0.04,0.04,0.09341,1776232451000
1776232453.421,253.421,0.86,21.6,0.85,20.39,0.9,8.88,0.91,12.0,0.1,8.88,0.09,12.0,0.14,21.6,0.15,20.39,0.04,0.04,0.09341,1776232452000
1776232453.857,253.857,0.86,21.6,0.85,20.39,0.9,8.88,0.91,12.0,0.1,8.88,0.09,12.0,0.14,21.6,0.15,20.39,0.04,0.04,0.09341,1776232453000
1776232454.985,254.985,0.86,21.6,0.85,20.39,0.9,8.88,0.91,12.0,0.1,8.88,0.09,12.0,0.14,21.6,0.15,20.39,0.04,0.04,0.09341,1776232454000
1776232455.874,255.874,0.86,21.6,0.85,20.39,0.9,8.88,0.91,12.0,0.1,8.88,0.09,12.0,0.14,21.6,0.15,20.39,0.04,0.04,0.09341,1776232455000
1776232456.983,256.983,0.86,21.6,0.85,20.39,0.9,8.88,0.91,12.0,0.1,8.88,0.09,12.0,0.14,21.6,0.15,20.39,0.04,0.04,0.09341,1776232456000
1776232457.876,257.876,0.86,21.6,0.85,20.39,0.9,8.88,0.91,12.0,0.1,8.88,0.09,12.0,0.14,21.6,0.15,20.39,0.04,0.04,0.093409,1776232457000
1776232458.932,258.932,0.86,21.6,0.85,20.39,0.9,8.88,0.91,12.0,0.1,8.88,0.09,12.0,0.14,21.6,0.15,20.39,0.04,0.04,0.093415,1776232458000
1776232459.961,259.961,0.86,21.6,0.85,20.39,0.9,8.88,0.91,12.0,0.1,8.88,0.09,12.0,0.14,21.6,0.15,20.39,0.04,0.04,0.093415,1776232459000
1776232461.103,261.103,0.86,21.6,0.85,20.39,0.9,8.88,0.91,12.0,0.1,8.88,0.09,12.0,0.14,21.6,0.15,20.39,0.04,0.04,0.093412,1776232460000
1776232462.141,262.141,0.86,21.6,0.85,20.39,0.9,8.88,0.91,12.0,0.1,8.88,0.09,12.0,0.14,21.6,0.15,20.39,0.04,0.04,0.093412,1776232461000
1776232463.225,263.225,0.86,21.6,0.85,20.39,0.9,8.88,0.91,12.0,0.1,8.88,0.09,12.0,0.14,21.6,0.15,20.39,0.04,0.04,0.093411,1776232462000
1776232464.188,264.188,0.86,21.6,0.85,20.39,0.9,8.88,0.91,12.0,0.1,8.88,0.09,12.0,0.14,21.6,0.15,20.39,0.04,0.04,0.093411,1776232463000
1776232465.118,265.118,0.86,21.6,0.85,20.39,0.9,8.88,0.91,12.0,0.1,8.88,0.09,12.0,0.14,21.6,0.15,20.39,0.04,0.04,0.093412,1776232464000
1776232466.453,266.453,0.86,21.6,0.85,20.39,0.9,8.88,0.91,12.0,0.1,8.88,0.09,12.0,0.14,21.6,0.15,20.39,0.04,0.04,0.093412,1776232465000
1776232467.056,267.056,0.86,21.6,0.85,20.39,0.9,8.88,0.91,12.0,0.1,8.88,0.09,12.0,0.14,21.6,0.15,20.39,0.04,0.04,0.093412,1776232466000
1776232468.147,268.147,0.86,21.6,0.85,20.39,0.9,8.88,0.91,12.0,0.1,8.88,0.09,12.0,0.14,21.6,0.15,20.39,0.04,0.04,0.093412,1776232467000
1776232469.195,269.195,0.86,21.6,0.85,20.39,0.9,8.88,0.91,12.0,0.1,8.88,0.09,12.0,0.14,21.6,0.15,20.39,0.04,0.04,0.093412,1776232468000
1776232470.289,270.289,0.86,21.6,0.85,20.39,0.9,8.88,0.91,12.0,0.1,8.88,0.09,12.0,0.14,21.6,0.15,20.39,0.04,0.04,0.093412,1776232469000
1776232471.381,271.381,0.86,21.6,0.85,20.39,0.9,8.88,0.91,12.0,0.1,8.88,0.09,12.0,0.14,21.6,0.15,20.39,0.04,0.04,0.093412,1776232470000
1776232472.007,272.007,0.86,21.6,0.85,20.39,0.9,8.88,0.91,12.0,0.1,8.88,0.09,12.0,0.14,21.6,0.15,20.39,0.04,0.04,0.093412,1776232471000
1776232473.056,273.056,0.86,21.6,0.85,20.39,0.9,8.88,0.91,12.0,0.1,8.88,0.09,12.0,0.14,21.6,0.15,20.39,0.04,0.04,0.093412,1776232472000
1776232474.18,274.18,0.86,21.6,0.85,20.39,0.9,8.88,0.91,12.0,0.1,8.88,0.09,12.0,0.14,21.6,0.15,20.39,0.04,0.04,0.093415,1776232473000
1776232475.154,275.154,0.86,21.6,0.85,20.39,0.9,8.88,0.91,12.0,0.1,8.88,0.09,12.0,0.14,21.6,0.15,20.39,0.04,0.04,0.093414,1776232474000
1776232476.29,276.29,0.86,21.6,0.85,20.39,0.9,8.88,0.91,12.0,0.1,8.88,0.09,12.0,0.14,21.6,0.15,20.39,0.04,0.04,0.093415,1776232475000
1776232476.518,276.518,0.95,10.0,0.81,50.0,0.99,5320.53,,,0.1,8.88,0.09,12.0,0.14,21.6,0.15,20.39,0.04,0.04,0.093415,1776232475000
1776232476.863,276.863,0.95,10.0,0.81,50.0,0.99,5320.53,,,0.01,5320.53,,,0.05,10.0,0.19,50.0,0.04,0.04,0.093415,1776232476000
1776232477.961,277.961,0.95,5.0,0.81,50.0,0.99,5319.51,,,0.01,5319.51,,,0.05,5.0,0.19,50.0,0.04,0.04,0.093414,1776232477000
1776232478.983,278.983,0.95,5.0,0.81,50.0,0.99,5319.51,,,0.01,5319.51,,,0.05,5.0,0.19,50.0,0.04,0.04,0.093413,1776232478000
1776232480.768,280.768,0.95,5.0,0.81,50.0,0.99,5319.51,,,0.01,5319.51,,,0.05,5.0,0.19,50.0,0.04,0.04,0.093413,1776232479000
1776232481.593,281.593,0.95,5.0,0.81,50.0,0.99,5319.51,,,0.01,5319.51,,,0.05,5.0,0.19,50.0,0.04,0.04,0.093414,1776232480000
1776232482.516,282.516,0.95,5.0,0.81,50.0,0.99,5319.51,,,0.01,5319.51,,,0.05,5.0,0.19,50.0,0.04,0.04,0.093414,1776232481000
1776232483.553,283.553,0.95,5.0,0.81,50.0,0.99,5319.51,,,0.01,5319.51,,,0.05,5.0,0.19,50.0,0.04,0.04,0.093415,1776232482000
1776232484.444,284.444,0.95,5.0,0.81,50.0,0.99,5319.51,,,0.01,5319.51,,,0.05,5.0,0.19,50.0,0.04,0.04,0.093423,1776232483000
1776232485.149,285.149,0.95,5.0,0.81,50.0,0.99,5319.51,,,0.01,5319.51,,,0.05,5.0,0.19,50.0,0.04,0.04,0.093422,1776232484000
1776232486.841,286.841,0.95,5.0,0.81,50.0,0.99,5319.51,,,0.01,5319.51,,,0.05,5.0,0.19,50.0,0.04,0.04,0.093402,1776232485000
1776232487.523,287.523,0.95,5.0,0.81,50.0,0.99,5319.51,,,0.01,5319.51,,,0.05,5.0,0.19,50.0,0.04,0.04,0.093402,1776232486000
1776232488.342,288.342,0.95,5.0,0.81,50.0,0.99,5319.51,,,0.01,5319.51,,,0.05,5.0,0.19,50.0,0.04,0.04,0.093402,1776232487000
1776232489.04,289.04,0.95,5.0,0.81,50.0,0.99,5319.51,,,0.01,5319.51,,,0.05,5.0,0.19,50.0,0.04,0.04,0.093402,1776232488000
1776232490.638,290.638,0.95,5.0,0.81,50.0,0.99,5319.51,,,0.01,5319.51,,,0.05,5.0,0.19,50.0,0.04,0.04,0.093402,1776232489000
1776232491.019,291.019,0.95,5.0,0.81,70.0,0.99,202.08,,,0.01,5319.51,,,0.05,5.0,0.19,50.0,0.04,0.04,0.093402,1776232489000
1776232491.419,291.419,0.95,5.0,0.81,70.0,0.99,202.08,,,0.01,202.08,,,0.05,5.0,0.19,70.0,0.04,0.04,0.093402,1776232490000
1776232492.269,292.269,0.95,5.0,0.81,70.0,0.99,202.08,,,0.01,202.08,,,0.05,5.0,0.19,70.0,0.04,0.04,0.093404,1776232491000
1776232493.205,293.205,0.95,5.0,0.83,20.0,0.99,97.03,,,0.01,202.08,,,0.05,5.0,0.19,70.0,0.04,0.04,0.093404,1776232491000
1776232493.767,293.767,0.95,5.0,0.83,20.0,0.99,97.03,,,0.01,97.03,,,0.05,5.0,0.17,20.0,0.04,0.04,0.093412,1776232492000
1776232494.542,294.542,0.95,5.0,0.83,20.0,0.99,97.03,,,0.01,97.03,,,0.05,5.0,0.17,20.0,0.04,0.04,0.093413,1776232493000
1776232495.361,295.361,0.95,5.0,0.83,20.0,0.99,97.03,,,0.01,97.03,,,0.05,5.0,0.17,20.0,0.04,0.04,0.093413,1776232494000
1776232496.141,296.141,0.95,5.0,0.83,20.0,0.99,97.03,,,0.01,97.03,,,0.05,5.0,0.17,20.0,0.04,0.04,0.093412,1776232495000
1776232496.673,296.673,0.99,907.87,0.95,5.0,,,,,,,,,0.01,902.97,0.05,5.0,,,0.093412,1776232495000
1776232497.685,297.685,0.99,907.87,0.95,5.0,,,,,,,,,0.01,907.87,0.05,5.0,,,0.093413,1776232496000
1776232498.531,298.531,0.99,907.87,0.95,5.0,,,,,,,,,0.01,907.87,0.05,5.0,,,0.093413,1776232497000
1776232499.268,299.268,0.99,907.87,0.95,5.0,,,,,,,,,0.01,907.87,0.05,5.0,,,0.093413,1776232498000
1776232501.053,301.053,0.99,907.87,0.95,5.0,,,,,,,,,0.01,907.87,0.05,5.0,,,0.093412,1776232500000

# RESULT,winner=Up,slug=doge-updown-5m-1776232200,ticks=308
