timestamp,elapsed_sec,up_bid_p1,up_bid_s1,up_bid_p2,up_bid_s2,up_ask_p1,up_ask_s1,up_ask_p2,up_ask_s2,down_bid_p1,down_bid_s1,down_bid_p2,down_bid_s2,down_ask_p1,down_ask_s1,down_ask_p2,down_ask_s2,up_spread,down_spread,doge_price,doge_oracle_ts
1776243611.549,11.549,0.47,16.0,0.44,5.0,0.48,5.0,0.49,5.0,0.51,5.0,0.5,5.0,0.53,16.0,0.55,5.0,0.01,0.02,0.09317,1776243610000
1776243611.904,11.904,0.5,5.0,0.49,5.0,0.51,5.0,0.52,5.0,0.51,5.0,0.5,5.0,0.53,16.0,0.55,5.0,0.01,0.02,0.09317,1776243610000
1776243613.106,13.106,0.5,5.0,0.49,5.0,0.51,5.0,0.52,5.0,0.49,5.0,0.48,5.0,0.5,5.0,0.51,5.0,0.01,0.01,0.093168,1776243612000
1776243614.168,14.168,0.5,5.0,0.49,5.0,0.51,5.0,0.52,5.0,0.49,5.0,0.48,5.0,0.5,5.0,0.51,5.0,0.01,0.01,0.093166,1776243613000
1776243615.422,15.422,0.5,5.0,0.49,5.0,0.51,5.0,0.52,5.0,0.49,5.0,0.48,5.0,0.5,5.0,0.51,5.0,0.01,0.01,0.093166,1776243614000
1776243615.886,15.886,0.5,5.0,0.49,5.0,0.51,5.0,0.52,5.0,0.49,5.0,0.48,5.0,0.5,5.0,0.51,5.0,0.01,0.01,0.093166,1776243615000
1776243616.951,16.951,0.5,5.0,0.49,5.0,0.51,5.0,0.52,5.0,0.49,5.0,0.48,5.0,0.5,5.0,0.51,5.0,0.01,0.01,0.093166,1776243616000
1776243618.007,18.007,0.56,5.0,0.55,5.0,0.61,0.18,0.62,5.0,0.39,0.18,0.38,5.0,0.44,5.0,0.45,5.0,0.05,0.05,0.093166,1776243617000
1776243618.451,18.451,0.59,5.0,0.58,5.0,0.61,6.0,0.62,5.0,0.39,0.18,0.38,5.0,0.44,5.0,0.45,5.0,0.02,0.05,0.093166,1776243617000
1776243619.597,19.597,0.59,5.0,0.58,5.0,0.61,6.0,0.62,5.0,0.39,6.0,0.38,5.0,0.41,5.0,0.42,5.0,0.02,0.02,0.093177,1776243618000
1776243620.262,20.262,0.59,5.0,0.58,5.0,0.61,6.0,0.62,5.0,0.39,6.0,0.38,5.0,0.41,5.0,0.42,5.0,0.02,0.02,0.093177,1776243619000
1776243621.427,21.427,0.69,5.0,0.68,5.0,0.71,5.0,0.72,31.0,0.29,5.0,0.28,31.0,0.31,5.0,0.32,5.0,0.02,0.02,0.093187,1776243620000
1776243622.073,22.073,0.69,5.0,0.68,5.0,0.71,5.0,0.72,31.0,0.29,5.0,0.28,31.0,0.31,5.0,0.32,5.0,0.02,0.02,0.093194,1776243621000
1776243622.614,22.614,0.69,5.0,0.68,5.0,0.71,5.0,0.72,11.0,0.29,5.0,0.28,31.0,0.31,5.0,0.32,5.0,0.02,0.02,0.093194,1776243621000
1776243623.223,23.223,0.69,5.0,0.68,5.0,0.71,5.0,0.72,11.0,0.29,5.0,0.28,11.0,0.31,5.0,0.32,5.0,0.02,0.02,0.093193,1776243622000
1776243624.522,24.522,0.69,5.0,0.68,5.0,0.71,5.0,0.72,11.0,0.29,5.0,0.28,11.0,0.31,5.0,0.32,5.0,0.02,0.02,0.093193,1776243623000
1776243625.024,25.024,0.69,5.0,0.68,5.0,0.71,5.0,0.72,11.0,0.29,5.0,0.28,11.0,0.31,5.0,0.32,5.0,0.02,0.02,0.093193,1776243624000
1776243626.126,26.126,0.69,5.0,0.68,5.0,0.71,5.0,0.72,11.0,0.29,5.0,0.28,11.0,0.31,5.0,0.32,5.0,0.02,0.02,0.093197,1776243625000
1776243627.313,27.313,0.69,5.0,0.68,5.0,0.71,5.0,0.72,11.0,0.29,5.0,0.28,11.0,0.31,5.0,0.32,5.0,0.02,0.02,0.093196,1776243626000
1776243628.487,28.487,0.69,5.0,0.68,5.0,0.71,5.0,0.72,11.0,0.29,5.0,0.28,11.0,0.31,5.0,0.32,5.0,0.02,0.02,0.093196,1776243627000
1776243629.16,29.16,0.69,5.0,0.68,5.0,0.71,5.0,0.72,11.0,0.29,5.0,0.28,11.0,0.31,5.0,0.32,5.0,0.02,0.02,0.093196,1776243628000
1776243629.407,29.407,0.68,5.0,0.67,5.0,0.71,5.0,0.72,11.0,0.29,5.0,0.28,11.0,0.31,5.0,0.32,5.0,0.03,0.02,0.093196,1776243628000
1776243630.165,30.165,0.68,5.0,0.67,5.0,0.71,5.0,0.72,11.0,0.29,5.0,0.28,11.0,0.32,5.0,0.33,5.0,0.03,0.03,0.093197,1776243629000
1776243630.402,30.402,0.68,10.0,0.67,15.0,0.69,0.14,0.7,5.0,0.29,5.0,0.28,11.0,0.32,5.0,0.33,5.0,0.01,0.03,0.093197,1776243629000
1776243631.333,31.333,0.68,10.0,0.67,15.0,0.69,0.14,0.7,5.0,0.31,0.14,0.3,5.0,0.32,10.0,0.33,15.0,0.01,0.01,0.093196,1776243630000
1776243632.0,32.0,0.68,10.0,0.67,15.0,0.69,0.14,0.7,5.0,0.31,0.14,0.3,5.0,0.32,10.0,0.33,15.0,0.01,0.01,0.09319,1776243631000
1776243633.248,33.248,0.68,10.0,0.67,15.0,0.69,0.14,0.7,5.0,0.31,0.14,0.3,5.0,0.32,10.0,0.33,15.0,0.01,0.01,0.093192,1776243632000
1776243634.209,34.209,0.68,10.0,0.67,15.0,0.69,0.14,0.7,5.0,0.31,0.14,0.3,5.0,0.32,10.0,0.33,15.0,0.01,0.01,0.093192,1776243633000
1776243634.495,34.495,0.7,5.0,0.69,5.0,0.72,5.0,0.73,5.0,0.31,0.14,0.3,5.0,0.32,10.0,0.33,15.0,0.02,0.01,0.093192,1776243633000
1776243635.234,35.234,0.7,5.0,0.69,5.0,0.72,5.0,0.73,5.0,0.28,5.0,0.27,5.0,0.3,5.0,0.31,5.0,0.02,0.02,0.093193,1776243634000
1776243636.191,36.191,0.7,5.0,0.69,5.0,0.72,5.0,0.73,5.0,0.28,5.0,0.27,5.0,0.3,5.0,0.31,5.0,0.02,0.02,0.093193,1776243635000
1776243637.175,37.175,0.7,5.0,0.69,5.0,0.72,5.0,0.73,5.0,0.28,5.0,0.27,5.0,0.3,5.0,0.31,5.0,0.02,0.02,0.093193,1776243636000
1776243638.182,38.182,0.7,5.0,0.69,5.0,0.72,5.0,0.73,5.0,0.28,5.0,0.27,5.0,0.3,5.0,0.31,5.0,0.02,0.02,0.093194,1776243637000
1776243639.211,39.211,0.7,5.0,0.69,5.0,0.73,11.0,0.74,5.0,0.27,11.0,0.26,5.0,0.3,5.0,0.31,5.0,0.03,0.03,0.093196,1776243638000
1776243640.217,40.217,0.7,5.0,0.69,5.0,0.73,11.0,0.74,5.0,0.27,11.0,0.26,5.0,0.3,5.0,0.31,5.0,0.03,0.03,0.093193,1776243639000
1776243641.221,41.221,0.7,5.0,0.69,5.0,0.73,11.0,0.74,5.0,0.27,11.0,0.26,5.0,0.3,5.0,0.31,5.0,0.03,0.03,0.093196,1776243640000
1776243642.247,42.247,0.7,5.0,0.69,5.0,0.73,11.0,0.74,5.0,0.27,11.0,0.26,5.0,0.3,5.0,0.31,5.0,0.03,0.03,0.093196,1776243641000
1776243643.22,43.22,0.7,5.0,0.69,5.0,0.73,11.0,0.74,5.0,0.27,11.0,0.26,5.0,0.3,5.0,0.31,5.0,0.03,0.03,0.093197,1776243642000
1776243644.22,44.22,0.7,5.0,0.69,5.0,0.73,11.0,0.74,5.0,0.27,11.0,0.26,5.0,0.3,5.0,0.31,5.0,0.03,0.03,0.093196,1776243643000
1776243645.2,45.2,0.7,5.0,0.69,5.0,0.73,11.0,0.74,5.0,0.27,11.0,0.26,5.0,0.3,5.0,0.31,5.0,0.03,0.03,0.093197,1776243644000
1776243646.182,46.182,0.7,5.0,0.69,5.0,0.73,11.0,0.74,5.0,0.27,11.0,0.26,5.0,0.3,5.0,0.31,5.0,0.03,0.03,0.093203,1776243645000
1776243647.213,47.213,0.7,5.0,0.69,5.0,0.73,11.0,0.74,5.0,0.27,11.0,0.26,5.0,0.3,5.0,0.31,5.0,0.03,0.03,0.093203,1776243646000
1776243648.133,48.133,0.7,5.0,0.69,5.0,0.73,11.0,0.74,5.0,0.27,11.0,0.26,5.0,0.3,5.0,0.31,5.0,0.03,0.03,0.093204,1776243647000
1776243648.703,48.703,0.71,10.0,0.7,15.0,0.73,5.0,0.74,5.0,0.27,11.0,0.26,5.0,0.3,5.0,0.31,5.0,0.02,0.03,0.093204,1776243647000
1776243649.108,49.108,0.71,10.0,0.7,15.0,0.73,5.0,0.74,5.0,0.27,5.0,0.26,5.0,0.29,10.0,0.3,15.0,0.02,0.02,0.093204,1776243648000
1776243650.038,50.038,0.71,10.0,0.7,15.0,0.73,5.0,0.74,5.0,0.27,5.0,0.26,5.0,0.29,10.0,0.3,15.0,0.02,0.02,0.093201,1776243649000
1776243651.154,51.154,0.71,10.0,0.7,15.0,0.73,5.0,0.74,5.0,0.27,5.0,0.26,5.0,0.29,10.0,0.3,15.0,0.02,0.02,0.093201,1776243650000
1776243652.11,52.11,0.71,10.0,0.7,15.0,0.73,5.0,0.74,5.0,0.27,5.0,0.26,5.0,0.29,10.0,0.3,15.0,0.02,0.02,0.093201,1776243651000
1776243653.292,53.292,0.71,10.0,0.7,15.0,0.73,5.0,0.74,5.0,0.27,5.0,0.26,5.0,0.29,10.0,0.3,15.0,0.02,0.02,0.0932,1776243652000
1776243654.352,54.352,0.71,10.0,0.7,15.0,0.73,5.0,0.74,5.0,0.27,5.0,0.26,5.0,0.29,10.0,0.3,15.0,0.02,0.02,0.0932,1776243653000
1776243655.325,55.325,0.71,10.0,0.7,15.0,0.73,5.0,0.74,5.0,0.27,5.0,0.26,5.0,0.29,10.0,0.3,15.0,0.02,0.02,0.0932,1776243654000
1776243656.331,56.331,0.71,10.0,0.7,15.0,0.73,5.0,0.74,5.0,0.27,5.0,0.26,5.0,0.29,10.0,0.3,15.0,0.02,0.02,0.0932,1776243655000
1776243657.264,57.264,0.71,10.0,0.7,15.0,0.73,5.0,0.74,5.0,0.27,5.0,0.26,5.0,0.29,10.0,0.3,15.0,0.02,0.02,0.093212,1776243656000
1776243657.484,57.484,0.73,39.0,0.72,15.0,0.75,13.9,0.76,14.3,0.27,5.0,0.26,5.0,0.29,10.0,0.3,15.0,0.02,0.02,0.093212,1776243656000
1776243658.308,58.308,0.73,39.0,0.72,15.0,0.75,13.9,0.76,14.3,0.25,13.9,0.24,14.3,0.27,39.0,0.28,15.0,0.02,0.02,0.093218,1776243657000
1776243659.366,59.366,0.73,39.0,0.72,15.0,0.75,13.9,0.76,14.3,0.25,13.9,0.24,14.3,0.27,39.0,0.28,15.0,0.02,0.02,0.093217,1776243658000
1776243660.688,60.688,0.73,39.0,0.72,15.0,0.75,13.9,0.76,14.3,0.25,13.9,0.24,14.3,0.27,39.0,0.28,15.0,0.02,0.02,0.093222,1776243659000
1776243661.252,61.252,0.73,39.0,0.72,15.0,0.75,13.9,0.76,14.3,0.25,13.9,0.24,14.3,0.27,39.0,0.28,15.0,0.02,0.02,0.093219,1776243660000
1776243662.473,62.473,0.73,39.0,0.72,15.0,0.75,13.9,0.76,14.3,0.25,13.9,0.24,14.3,0.27,39.0,0.28,15.0,0.02,0.02,0.093221,1776243661000
1776243663.084,63.084,0.73,39.0,0.72,15.0,0.75,13.9,0.76,14.3,0.25,13.9,0.24,14.3,0.27,39.0,0.28,15.0,0.02,0.02,0.093229,1776243662000
1776243663.32,63.32,0.79,24.0,0.78,15.0,0.8,9.7,0.81,16.89,0.25,13.9,0.24,14.3,0.27,39.0,0.28,15.0,0.01,0.02,0.093229,1776243662000
1776243664.197,64.197,0.79,24.0,0.78,15.0,0.81,16.89,0.82,17.6,0.19,16.89,0.18,17.6,0.21,24.0,0.22,15.0,0.02,0.02,0.093231,1776243663000
1776243665.346,65.346,0.79,24.0,0.78,15.0,0.81,16.89,0.82,17.6,0.19,16.89,0.18,17.6,0.21,24.0,0.22,15.0,0.02,0.02,0.093231,1776243664000
1776243666.366,66.366,0.79,24.0,0.78,15.0,0.81,16.89,0.82,17.6,0.19,16.89,0.18,17.6,0.21,24.0,0.22,15.0,0.02,0.02,0.093233,1776243665000
1776243666.935,66.935,0.79,24.0,0.78,15.0,0.81,16.89,0.82,17.6,0.19,16.89,0.18,17.6,0.21,24.0,0.22,15.0,0.02,0.02,0.093233,1776243666000
1776243668.166,68.166,0.79,24.0,0.78,15.0,0.81,16.89,0.82,17.6,0.19,16.89,0.18,17.6,0.21,24.0,0.22,15.0,0.02,0.02,0.093234,1776243667000
1776243669.216,69.216,0.79,24.0,0.78,15.0,0.81,16.89,0.82,17.6,0.19,16.89,0.18,17.6,0.21,24.0,0.22,15.0,0.02,0.02,0.093234,1776243668000
1776243670.284,70.284,0.79,24.0,0.78,15.0,0.81,16.89,0.82,17.6,0.19,16.89,0.18,17.6,0.21,24.0,0.22,15.0,0.02,0.02,0.093234,1776243669000
1776243671.494,71.494,0.79,24.0,0.78,15.0,0.81,16.89,0.82,17.6,0.19,16.89,0.18,17.6,0.21,24.0,0.22,15.0,0.02,0.02,0.093231,1776243670000
1776243672.125,72.125,0.79,24.0,0.78,15.0,0.81,16.89,0.82,17.6,0.19,16.89,0.18,17.6,0.21,24.0,0.22,15.0,0.02,0.02,0.093231,1776243671000
1776243673.179,73.179,0.79,24.0,0.78,15.0,0.81,16.89,0.82,17.6,0.19,16.89,0.18,17.6,0.21,24.0,0.22,15.0,0.02,0.02,0.093231,1776243672000
1776243674.29,74.29,0.79,24.0,0.78,15.0,0.81,16.89,0.82,17.6,0.19,16.89,0.18,17.6,0.21,24.0,0.22,15.0,0.02,0.02,0.093231,1776243673000
1776243675.359,75.359,0.79,24.0,0.78,15.0,0.81,16.89,0.82,17.6,0.19,16.89,0.18,17.6,0.21,24.0,0.22,15.0,0.02,0.02,0.093231,1776243674000
1776243675.887,75.887,0.79,24.0,0.78,15.0,0.81,16.89,0.82,17.6,0.19,16.89,0.18,17.6,0.21,24.0,0.22,15.0,0.02,0.02,0.093231,1776243675000
1776243677.138,77.138,0.79,24.0,0.78,15.0,0.81,16.89,0.82,17.6,0.19,16.89,0.18,17.6,0.21,24.0,0.22,15.0,0.02,0.02,0.09323,1776243676000
1776243678.482,78.482,0.79,24.0,0.78,15.0,0.81,16.89,0.82,17.6,0.19,16.89,0.18,17.6,0.21,24.0,0.22,15.0,0.02,0.02,0.09323,1776243677000
1776243679.011,79.011,0.79,24.0,0.78,15.0,0.81,16.89,0.82,17.6,0.19,16.89,0.18,17.6,0.21,24.0,0.22,15.0,0.02,0.02,0.09323,1776243678000
1776243680.273,80.273,0.79,24.0,0.78,15.0,0.81,16.89,0.82,17.6,0.19,16.89,0.18,17.6,0.21,24.0,0.22,15.0,0.02,0.02,0.093225,1776243679000
1776243681.309,81.309,0.79,24.0,0.78,15.0,0.81,16.89,0.82,17.6,0.19,16.89,0.18,17.6,0.21,24.0,0.22,15.0,0.02,0.02,0.093225,1776243680000
1776243682.348,82.348,0.79,24.0,0.78,15.0,0.81,16.89,0.82,17.6,0.19,16.89,0.18,17.6,0.21,24.0,0.22,15.0,0.02,0.02,0.093224,1776243681000
1776243683.528,83.528,0.79,24.0,0.78,15.0,0.81,16.89,0.82,17.6,0.19,16.89,0.18,17.6,0.21,24.0,0.22,15.0,0.02,0.02,0.093224,1776243682000
1776243684.153,84.153,0.79,24.0,0.78,15.0,0.81,16.89,0.82,17.6,0.19,16.89,0.18,17.6,0.21,24.0,0.22,15.0,0.02,0.02,0.093224,1776243683000
1776243685.191,85.191,0.79,24.0,0.78,15.0,0.81,16.89,0.82,17.6,0.19,16.89,0.18,17.6,0.21,24.0,0.22,15.0,0.02,0.02,0.093224,1776243684000
1776243686.36,86.36,0.79,24.0,0.78,15.0,0.81,16.89,0.82,17.6,0.19,16.89,0.18,17.6,0.21,24.0,0.22,15.0,0.02,0.02,0.093224,1776243685000
1776243687.213,87.213,0.79,24.0,0.78,15.0,0.81,16.89,0.82,17.6,0.19,16.89,0.18,17.6,0.21,24.0,0.22,15.0,0.02,0.02,0.093224,1776243686000
1776243688.209,88.209,0.79,24.0,0.78,15.0,0.81,16.89,0.82,17.6,0.19,16.89,0.18,17.6,0.21,24.0,0.22,15.0,0.02,0.02,0.093223,1776243687000
1776243689.734,89.734,0.79,24.0,0.78,15.0,0.81,16.89,0.82,17.6,0.19,16.89,0.18,17.6,0.21,24.0,0.22,15.0,0.02,0.02,0.093224,1776243688000
1776243690.39,90.39,0.79,24.0,0.78,15.0,0.81,16.89,0.82,17.6,0.19,16.89,0.18,17.6,0.21,24.0,0.22,15.0,0.02,0.02,0.093224,1776243689000
1776243691.402,91.402,0.79,24.0,0.78,15.0,0.81,16.89,0.82,17.6,0.19,16.89,0.18,17.6,0.21,24.0,0.22,15.0,0.02,0.02,0.093223,1776243690000
1776243692.357,92.357,0.79,24.0,0.78,15.0,0.81,16.89,0.82,17.6,0.19,16.89,0.18,17.6,0.21,24.0,0.22,15.0,0.02,0.02,0.093221,1776243691000
1776243692.965,92.965,0.79,24.0,0.78,15.0,0.81,16.89,0.82,17.6,0.19,16.89,0.18,17.6,0.21,24.0,0.22,15.0,0.02,0.02,0.09322,1776243692000
1776243694.023,94.023,0.79,24.0,0.78,15.0,0.81,16.89,0.82,17.6,0.19,16.89,0.18,17.6,0.21,24.0,0.22,15.0,0.02,0.02,0.09322,1776243693000
1776243695.006,95.006,0.79,24.0,0.78,15.0,0.81,16.89,0.82,17.6,0.19,16.89,0.18,17.6,0.21,24.0,0.22,15.0,0.02,0.02,0.09322,1776243694000
1776243695.902,95.902,0.79,5.0,0.78,5.0,0.81,32.89,0.82,42.6,0.19,16.89,0.18,17.6,0.21,24.0,0.22,15.0,0.02,0.02,0.09322,1776243694000
1776243697.088,97.088,0.79,5.0,0.78,5.0,0.81,32.89,0.82,42.6,0.19,32.89,0.18,42.6,0.21,5.0,0.22,5.0,0.02,0.02,0.093219,1776243696000
1776243698.117,98.117,0.79,5.0,0.78,5.0,0.81,32.89,0.82,42.6,0.19,32.89,0.18,42.6,0.21,5.0,0.22,5.0,0.02,0.02,0.093206,1776243697000
1776243699.369,99.369,0.79,5.0,0.78,5.0,0.81,32.89,0.82,42.6,0.19,32.89,0.18,42.6,0.21,5.0,0.22,5.0,0.02,0.02,0.093199,1776243698000
1776243700.331,100.331,0.79,5.0,0.78,5.0,0.81,32.89,0.82,42.6,0.19,32.89,0.18,42.6,0.21,5.0,0.22,5.0,0.02,0.02,0.093202,1776243699000
1776243701.336,101.336,0.79,5.0,0.78,5.0,0.81,32.89,0.82,42.6,0.19,32.89,0.18,42.6,0.21,5.0,0.22,5.0,0.02,0.02,0.093202,1776243700000
1776243702.294,102.294,0.79,5.0,0.78,5.0,0.81,32.89,0.82,42.6,0.19,32.89,0.18,42.6,0.21,5.0,0.22,5.0,0.02,0.02,0.093213,1776243701000
1776243703.405,103.405,0.79,5.0,0.78,5.0,0.81,32.89,0.82,42.6,0.19,32.89,0.18,42.6,0.21,5.0,0.22,5.0,0.02,0.02,0.093215,1776243702000
1776243704.07,104.07,0.79,5.0,0.78,5.0,0.81,32.89,0.82,42.6,0.19,32.89,0.18,42.6,0.21,5.0,0.22,5.0,0.02,0.02,0.093219,1776243703000
1776243704.99,104.99,0.79,5.0,0.78,5.0,0.81,32.89,0.82,42.6,0.19,32.89,0.18,42.6,0.21,5.0,0.22,5.0,0.02,0.02,0.093219,1776243704000
1776243706.089,106.089,0.79,5.0,0.78,5.0,0.81,32.89,0.82,42.6,0.19,32.89,0.18,42.6,0.21,5.0,0.22,5.0,0.02,0.02,0.093219,1776243705000
1776243707.313,107.313,0.79,5.0,0.78,5.0,0.81,32.89,0.82,42.6,0.19,32.89,0.18,42.6,0.21,5.0,0.22,5.0,0.02,0.02,0.093219,1776243706000
1776243708.402,108.402,0.79,5.0,0.78,5.0,0.81,32.89,0.82,42.6,0.19,32.89,0.18,42.6,0.21,5.0,0.22,5.0,0.02,0.02,0.09322,1776243707000
1776243708.904,108.904,0.79,5.0,0.78,5.0,0.81,32.89,0.82,42.6,0.19,32.89,0.18,42.6,0.21,5.0,0.22,5.0,0.02,0.02,0.09322,1776243708000
1776243710.005,110.005,0.79,5.0,0.78,5.0,0.81,32.89,0.82,42.6,0.19,32.89,0.18,42.6,0.21,5.0,0.22,5.0,0.02,0.02,0.09322,1776243709000
1776243711.142,111.142,0.79,5.0,0.78,5.0,0.81,32.89,0.82,42.6,0.19,32.89,0.18,42.6,0.21,5.0,0.22,5.0,0.02,0.02,0.093219,1776243710000
1776243712.364,112.364,0.79,5.0,0.78,5.0,0.81,32.89,0.82,42.6,0.19,32.89,0.18,42.6,0.21,5.0,0.22,5.0,0.02,0.02,0.09322,1776243711000
1776243713.328,113.328,0.79,5.0,0.78,5.0,0.81,32.89,0.82,42.6,0.19,32.89,0.18,42.6,0.21,5.0,0.22,5.0,0.02,0.02,0.09322,1776243712000
1776243713.938,113.938,0.79,5.0,0.78,5.0,0.81,32.89,0.82,42.6,0.19,32.89,0.18,42.6,0.21,5.0,0.22,5.0,0.02,0.02,0.09322,1776243713000
1776243714.959,114.959,0.79,5.0,0.78,5.0,0.81,32.89,0.82,42.6,0.19,32.89,0.18,42.6,0.21,5.0,0.22,5.0,0.02,0.02,0.09322,1776243714000
1776243716.088,116.088,0.79,5.0,0.78,5.0,0.81,32.89,0.82,42.6,0.19,32.89,0.18,42.6,0.21,5.0,0.22,5.0,0.02,0.02,0.09322,1776243715000
1776243717.849,117.849,0.79,5.0,0.78,5.0,0.81,32.89,0.82,42.6,0.19,32.89,0.18,42.6,0.21,5.0,0.22,5.0,0.02,0.02,0.093219,1776243716000
1776243718.379,118.379,0.79,5.0,0.78,5.0,0.81,32.89,0.82,42.6,0.19,32.89,0.18,42.6,0.21,5.0,0.22,5.0,0.02,0.02,0.093219,1776243717000
1776243718.895,118.895,0.79,34.71,0.78,15.0,0.8,16.2,0.81,16.89,0.19,32.89,0.18,42.6,0.21,5.0,0.22,5.0,0.01,0.02,0.093219,1776243717000
1776243719.322,119.322,0.79,34.71,0.78,15.0,0.8,16.2,0.81,16.89,0.2,16.2,0.19,16.89,0.21,34.71,0.22,15.0,0.01,0.01,0.09322,1776243718000
1776243720.46,120.46,0.79,34.71,0.78,15.0,0.8,16.2,0.81,16.89,0.2,16.2,0.19,16.89,0.21,34.71,0.22,15.0,0.01,0.01,0.09322,1776243719000
1776243721.072,121.072,0.79,34.71,0.78,15.0,0.8,16.2,0.81,16.89,0.2,16.2,0.19,16.89,0.21,34.71,0.22,15.0,0.01,0.01,0.09322,1776243720000
1776243721.405,121.405,0.79,15.0,0.76,10.0,0.8,21.2,0.81,21.89,0.2,16.2,0.19,16.89,0.21,34.71,0.22,15.0,0.01,0.01,0.09322,1776243720000
1776243722.81,122.81,0.79,15.0,0.76,10.0,0.8,21.2,0.81,21.89,0.2,21.2,0.19,21.89,0.21,15.0,0.24,10.0,0.01,0.01,0.093218,1776243721000
1776243723.714,123.714,0.79,15.0,0.76,10.0,0.8,21.2,0.81,21.89,0.2,21.2,0.19,21.89,0.21,15.0,0.24,10.0,0.01,0.01,0.093213,1776243722000
1776243724.304,124.304,0.79,15.0,0.76,10.0,0.8,21.2,0.81,21.89,0.2,21.2,0.19,21.89,0.21,15.0,0.24,10.0,0.01,0.01,0.093204,1776243723000
1776243725.66,125.66,0.79,15.0,0.76,10.0,0.8,21.2,0.81,21.89,0.2,21.2,0.19,21.89,0.21,15.0,0.24,10.0,0.01,0.01,0.093201,1776243724000
1776243726.398,126.398,0.79,15.0,0.76,10.0,0.8,21.2,0.81,21.89,0.2,21.2,0.19,21.89,0.21,15.0,0.24,10.0,0.01,0.01,0.093201,1776243725000
1776243726.61,126.61,0.79,0.44,0.76,10.0,0.8,32.2,0.81,21.89,0.2,21.2,0.19,21.89,0.21,15.0,0.24,10.0,0.01,0.01,0.093201,1776243725000
1776243727.149,127.149,0.79,0.44,0.76,10.0,0.8,32.2,0.81,21.89,0.2,32.2,0.19,21.89,0.21,0.44,0.24,10.0,0.01,0.01,0.093198,1776243726000
1776243728.655,128.655,0.79,0.44,0.76,10.0,0.8,32.2,0.81,21.89,0.2,32.2,0.19,21.89,0.21,0.44,0.24,10.0,0.01,0.01,0.093193,1776243727000
1776243729.416,129.416,0.79,0.44,0.76,10.0,0.8,32.2,0.81,21.89,0.2,32.2,0.19,21.89,0.21,0.44,0.24,10.0,0.01,0.01,0.093193,1776243728000
1776243730.884,130.884,0.79,0.44,0.76,10.0,0.8,32.2,0.81,21.89,0.2,32.2,0.19,21.89,0.21,0.44,0.24,10.0,0.01,0.01,0.093193,1776243729000
1776243731.517,131.517,0.79,0.44,0.76,10.0,0.8,32.2,0.81,21.89,0.2,32.2,0.19,21.89,0.21,0.44,0.24,10.0,0.01,0.01,0.093193,1776243730000
1776243732.148,132.148,0.79,0.44,0.76,10.0,0.8,32.2,0.81,21.89,0.2,32.2,0.19,21.89,0.21,0.44,0.24,10.0,0.01,0.01,0.093193,1776243731000
1776243733.552,133.552,0.79,0.44,0.76,10.0,0.8,32.2,0.81,21.89,0.2,32.2,0.19,21.89,0.21,0.44,0.24,10.0,0.01,0.01,0.093193,1776243732000
1776243734.27,134.27,0.79,0.44,0.76,10.0,0.8,32.2,0.81,21.89,0.2,32.2,0.19,21.89,0.21,0.44,0.24,10.0,0.01,0.01,0.093193,1776243733000
1776243736.064,136.064,0.79,0.44,0.76,10.0,0.8,32.2,0.81,21.89,0.2,32.2,0.19,21.89,0.21,0.44,0.24,10.0,0.01,0.01,0.093188,1776243735000
1776243737.26,137.26,0.79,0.44,0.76,10.0,0.8,32.2,0.81,21.89,0.2,32.2,0.19,21.89,0.21,0.44,0.24,10.0,0.01,0.01,0.093188,1776243736000
1776243737.847,137.847,0.47,4.39,0.41,50.0,0.48,5.0,0.49,5.0,0.2,32.2,0.19,21.89,0.21,0.44,0.24,10.0,0.01,0.01,0.093188,1776243736000
1776243738.095,138.095,0.47,7.5,0.41,50.0,0.48,2.0,0.49,5.0,0.52,5.0,0.51,5.0,0.53,2.5,0.59,50.0,0.01,0.01,0.093188,1776243736000
1776243738.473,138.473,0.47,7.5,0.41,50.0,0.48,0.69,0.49,5.0,0.52,0.69,0.51,5.0,0.53,7.5,0.59,50.0,0.01,0.01,0.093188,1776243737000
1776243739.008,139.008,0.41,50.0,0.36,5.0,0.48,0.69,0.49,5.0,0.52,0.69,0.51,5.0,0.53,7.5,0.59,50.0,0.07,0.01,0.093188,1776243737000
1776243739.658,139.658,0.35,11.4,0.34,11.6,0.45,5.0,0.46,5.0,0.52,0.69,0.51,5.0,0.59,50.0,0.64,5.0,0.1,0.07,0.093188,1776243738000
1776243739.879,139.879,0.31,50.0,0.29,12.6,0.42,24.0,0.46,5.0,0.54,5.0,0.53,5.0,0.65,11.4,0.66,11.6,0.11,0.11,0.093188,1776243738000
1776243740.102,140.102,0.31,50.0,0.29,12.6,0.42,24.0,0.46,5.0,0.58,24.0,0.54,5.0,0.69,50.0,0.71,12.6,0.11,0.11,0.093161,1776243739000
1776243741.351,141.351,0.31,50.0,0.29,12.6,0.42,24.0,0.46,5.0,0.58,24.0,0.54,5.0,0.69,50.0,0.71,12.6,0.11,0.11,0.093146,1776243740000
1776243742.48,142.48,0.31,50.0,0.29,12.6,0.42,24.0,0.46,5.0,0.58,24.0,0.54,5.0,0.69,50.0,0.71,12.6,0.11,0.11,0.093131,1776243741000
1776243743.054,143.054,0.31,50.0,0.29,12.6,0.42,24.0,0.46,5.0,0.58,24.0,0.54,5.0,0.69,50.0,0.71,12.6,0.11,0.11,0.093128,1776243742000
1776243744.257,144.257,0.31,50.0,0.29,12.6,0.42,24.0,0.46,5.0,0.58,24.0,0.54,5.0,0.69,50.0,0.71,12.6,0.11,0.11,0.093128,1776243743000
1776243745.348,145.348,0.31,50.0,0.29,12.6,0.42,24.0,0.46,5.0,0.58,24.0,0.54,5.0,0.69,50.0,0.71,12.6,0.11,0.11,0.093135,1776243744000
1776243745.983,145.983,0.31,50.0,0.29,12.6,0.42,24.0,0.46,5.0,0.58,24.0,0.54,5.0,0.69,50.0,0.71,12.6,0.11,0.11,0.093141,1776243745000
1776243747.108,147.108,0.31,50.0,0.29,12.6,0.42,24.0,0.46,5.0,0.58,24.0,0.54,5.0,0.69,50.0,0.71,12.6,0.11,0.11,0.093145,1776243746000
1776243747.777,147.777,0.47,5.0,0.46,5.0,0.49,5.0,0.5,5.0,0.58,24.0,0.54,5.0,0.69,50.0,0.71,12.6,0.02,0.11,0.093145,1776243746000
1776243748.328,148.328,0.47,5.0,0.46,5.0,0.49,5.0,0.5,5.0,0.51,5.0,0.5,5.0,0.53,5.0,0.54,5.0,0.02,0.02,0.093144,1776243747000
1776243748.99,148.99,0.47,5.0,0.46,5.0,0.49,5.0,0.5,5.0,0.51,5.0,0.5,5.0,0.53,5.0,0.54,5.0,0.02,0.02,0.093147,1776243748000
1776243749.459,149.459,0.27,5.0,0.25,13.9,0.34,5.0,0.35,28.0,0.66,5.0,0.65,28.0,0.67,0.56,0.73,18.2,0.07,0.01,0.093147,1776243748000
1776243750.236,150.236,0.27,5.0,0.25,13.9,0.31,2.57,0.32,5.0,0.69,2.57,0.68,5.0,0.73,5.0,0.75,13.9,0.04,0.04,0.093148,1776243749000
1776243751.345,151.345,0.27,5.0,0.25,13.9,0.31,2.57,0.32,5.0,0.69,2.57,0.68,5.0,0.73,5.0,0.75,13.9,0.04,0.04,0.093133,1776243750000
1776243752.139,152.139,0.27,5.0,0.25,13.9,0.31,2.57,0.32,5.0,0.69,2.57,0.68,5.0,0.73,5.0,0.75,13.9,0.04,0.04,0.093123,1776243751000
1776243753.694,153.694,0.27,5.0,0.25,13.9,0.31,2.57,0.32,5.0,0.69,2.57,0.68,5.0,0.73,5.0,0.75,13.9,0.04,0.04,0.093122,1776243752000
1776243754.199,154.199,0.27,5.0,0.25,13.9,0.31,2.57,0.32,5.0,0.69,2.57,0.68,5.0,0.73,5.0,0.75,13.9,0.04,0.04,0.093123,1776243753000
1776243755.352,155.352,0.27,5.0,0.25,13.9,0.31,2.57,0.32,5.0,0.69,2.57,0.68,5.0,0.73,5.0,0.75,13.9,0.04,0.04,0.093123,1776243754000
1776243756.109,156.109,0.27,5.0,0.25,13.9,0.31,2.57,0.32,5.0,0.69,2.57,0.68,5.0,0.73,5.0,0.75,13.9,0.04,0.04,0.093121,1776243755000
1776243757.391,157.391,0.27,5.0,0.25,13.9,0.31,2.57,0.32,5.0,0.69,2.57,0.68,5.0,0.73,5.0,0.75,13.9,0.04,0.04,0.093121,1776243756000
1776243758.091,158.091,0.27,5.0,0.25,13.9,0.31,2.57,0.32,5.0,0.69,2.57,0.68,5.0,0.73,5.0,0.75,13.9,0.04,0.04,0.093121,1776243757000
1776243759.688,159.688,0.27,5.0,0.25,13.9,0.31,2.57,0.32,5.0,0.69,2.57,0.68,5.0,0.73,5.0,0.75,13.9,0.04,0.04,0.093121,1776243758000
1776243760.276,160.276,0.27,5.0,0.25,13.9,0.31,2.57,0.32,5.0,0.69,2.57,0.68,5.0,0.73,5.0,0.75,13.9,0.04,0.04,0.09312,1776243759000
1776243760.972,160.972,0.27,5.0,0.25,13.9,0.31,2.57,0.32,5.0,0.69,2.57,0.68,5.0,0.73,5.0,0.75,13.9,0.04,0.04,0.09312,1776243760000
1776243761.601,161.601,0.18,5.0,0.17,18.39,0.24,32.0,0.25,5.0,0.69,2.57,0.68,5.0,0.73,5.0,0.75,13.9,0.06,0.04,0.09312,1776243760000
1776243762.216,162.216,0.18,5.0,0.17,18.39,0.24,32.0,0.25,5.0,0.76,32.0,0.75,5.0,0.82,5.0,0.83,18.39,0.06,0.06,0.093121,1776243761000
1776243763.293,163.293,0.08,30.29,0.07,39.9,0.09,36.0,0.1,5.0,0.81,5.0,0.8,5.0,0.92,35.29,0.93,39.9,0.01,0.11,0.093121,1776243761000
1776243763.963,163.963,0.08,30.29,0.07,39.9,0.09,36.0,0.1,5.0,0.91,36.0,0.9,5.0,0.92,30.29,0.93,39.9,0.01,0.01,0.093086,1776243763000
1776243764.292,164.292,0.07,34.9,0.06,46.1,0.08,5.0,0.09,36.0,0.91,36.0,0.9,5.0,0.92,30.29,0.93,39.9,0.01,0.01,0.093086,1776243763000
1776243764.739,164.739,0.07,14.9,0.06,46.1,0.08,5.0,0.09,36.0,0.92,5.0,0.91,36.0,0.93,34.9,0.94,46.1,0.01,0.01,0.093086,1776243763000
1776243765.386,165.386,0.06,41.1,0.05,54.7,0.07,5.0,0.08,5.0,0.92,5.0,0.91,36.0,0.93,14.9,0.94,46.1,0.01,0.01,0.093086,1776243763000
1776243765.719,165.719,0.06,41.1,0.05,54.7,0.07,5.0,0.08,5.0,0.93,5.0,0.92,5.0,0.94,41.1,0.95,54.7,0.01,0.01,0.093046,1776243764000
1776243766.125,166.125,0.06,41.1,0.05,54.7,0.07,5.0,0.08,5.0,0.93,5.0,0.92,5.0,0.94,41.1,0.95,54.7,0.01,0.01,0.09304,1776243765000
1776243766.661,166.661,0.05,52.6,0.04,72.7,0.06,41.0,0.07,5.0,0.93,5.0,0.92,5.0,0.94,41.1,0.95,54.7,0.01,0.01,0.09304,1776243765000
1776243767.287,167.287,0.05,48.38,0.04,72.7,0.06,41.0,0.07,5.0,0.94,41.0,0.93,5.0,0.95,51.54,0.96,72.7,0.01,0.01,0.09304,1776243765000
1776243767.793,167.793,0.05,8.38,0.04,72.7,0.06,41.0,0.07,5.0,0.94,41.0,0.93,5.0,0.95,48.38,0.96,72.7,0.01,0.01,0.093034,1776243766000
1776243768.066,168.066,0.05,7.32,0.04,72.7,0.06,41.0,0.07,5.0,0.94,41.0,0.93,5.0,0.95,8.38,0.96,72.7,0.01,0.01,0.093034,1776243766000
1776243768.502,168.502,0.05,5.22,0.04,72.7,0.06,41.0,0.07,5.0,0.94,41.0,0.93,5.0,0.95,5.22,0.96,72.7,0.01,0.01,0.093024,1776243767000
1776243768.952,168.952,0.05,5.22,0.04,72.7,0.06,41.0,0.07,5.0,0.94,41.0,0.93,5.0,0.95,5.22,0.96,72.7,0.01,0.01,0.093024,1776243768000
1776243769.191,169.191,0.05,4.16,0.04,72.7,0.06,41.0,0.07,5.0,0.94,41.0,0.93,5.0,0.95,5.22,0.96,72.7,0.01,0.01,0.093024,1776243768000
1776243769.598,169.598,0.04,72.62,0.03,94.3,0.06,41.0,0.07,5.0,0.94,41.0,0.93,5.0,0.95,0.98,0.96,72.7,0.02,0.01,0.093024,1776243768000
1776243769.859,169.859,0.04,65.33,0.03,94.3,0.05,5.0,0.06,41.0,0.94,41.0,0.93,5.0,0.96,67.41,0.97,94.3,0.01,0.02,0.093024,1776243768000
1776243770.096,170.096,0.04,60.12,0.03,94.3,0.05,5.0,0.06,41.0,0.95,5.0,0.94,41.0,0.96,65.33,0.97,94.3,0.01,0.01,0.093024,1776243768000
1776243770.349,170.349,0.03,93.26,0.02,142.69,0.05,5.0,0.06,41.0,0.95,5.0,0.94,41.0,0.96,60.12,0.97,94.3,0.02,0.01,0.093019,1776243769000
1776243770.661,170.661,0.03,89.14,0.02,142.69,0.04,5.0,0.05,10.0,0.95,5.0,0.94,41.0,0.97,91.2,0.98,142.69,0.01,0.02,0.093019,1776243769000
1776243771.129,171.129,0.03,78.46,0.02,142.69,0.05,5.0,0.06,41.0,0.96,5.0,0.95,10.0,0.97,89.14,0.98,142.69,0.02,0.01,0.093019,1776243769000
1776243771.971,171.971,0.04,71.65,0.03,78.46,0.05,5.0,0.06,41.0,0.95,5.0,0.94,41.0,0.97,78.46,0.98,142.69,0.01,0.02,0.093012,1776243770000
1776243772.411,172.411,0.11,25.0,0.04,68.52,0.12,5.0,0.13,5.0,0.95,5.0,0.94,41.0,0.96,68.52,0.97,78.46,0.01,0.01,0.093012,1776243770000
1776243772.878,172.878,0.11,25.0,0.04,68.52,0.12,5.0,0.13,5.0,0.88,5.0,0.87,5.0,0.89,25.0,0.96,68.52,0.01,0.01,0.093013,1776243772000
1776243773.178,173.178,0.11,23.87,0.09,5.0,0.12,42.0,0.13,5.0,0.88,5.0,0.87,5.0,0.89,25.0,0.96,68.52,0.01,0.01,0.093013,1776243772000
1776243774.108,174.108,0.11,23.87,0.09,5.0,0.12,42.0,0.13,5.0,0.88,42.0,0.87,5.0,0.89,23.87,0.91,5.0,0.01,0.01,0.093042,1776243773000
1776243775.104,175.104,0.11,23.87,0.09,5.0,0.12,42.0,0.13,5.0,0.88,42.0,0.87,5.0,0.89,23.87,0.91,5.0,0.01,0.01,0.09306,1776243774000
1776243776.209,176.209,0.11,23.87,0.09,5.0,0.12,42.0,0.13,5.0,0.88,42.0,0.87,5.0,0.89,23.87,0.91,5.0,0.01,0.01,0.093061,1776243775000
1776243777.366,177.366,0.11,23.87,0.09,5.0,0.12,42.0,0.13,5.0,0.88,42.0,0.87,5.0,0.89,23.87,0.91,5.0,0.01,0.01,0.093066,1776243776000
1776243778.007,178.007,0.11,23.87,0.09,5.0,0.12,42.0,0.13,5.0,0.88,42.0,0.87,5.0,0.89,23.87,0.91,5.0,0.01,0.01,0.093076,1776243777000
1776243779.192,179.192,0.11,23.87,0.09,5.0,0.12,42.0,0.13,5.0,0.88,42.0,0.87,5.0,0.89,23.87,0.91,5.0,0.01,0.01,0.093084,1776243778000
1776243780.366,180.366,0.11,23.87,0.09,5.0,0.12,42.0,0.13,5.0,0.88,42.0,0.87,5.0,0.89,23.87,0.91,5.0,0.01,0.01,0.093085,1776243779000
1776243781.498,181.498,0.11,23.87,0.09,5.0,0.12,42.0,0.13,5.0,0.88,42.0,0.87,5.0,0.89,23.87,0.91,5.0,0.01,0.01,0.093086,1776243780000
1776243782.004,182.004,0.11,23.87,0.09,5.0,0.12,42.0,0.13,5.0,0.88,42.0,0.87,5.0,0.89,23.87,0.91,5.0,0.01,0.01,0.093087,1776243781000
1776243783.176,183.176,0.11,53.39,0.1,33.9,0.12,31.0,0.19,5.0,0.88,31.0,0.81,5.0,0.89,53.39,0.9,33.9,0.01,0.01,0.093091,1776243782000
1776243784.655,184.655,0.11,53.39,0.1,33.9,0.12,31.0,0.19,5.0,0.88,31.0,0.81,5.0,0.89,53.39,0.9,33.9,0.01,0.01,0.093088,1776243783000
1776243785.403,185.403,0.11,53.39,0.1,33.9,0.12,31.0,0.19,5.0,0.88,31.0,0.81,5.0,0.89,53.39,0.9,33.9,0.01,0.01,0.093088,1776243784000
1776243785.913,185.913,0.11,64.39,0.1,33.9,0.12,21.0,0.2,5.0,0.88,31.0,0.81,5.0,0.89,53.39,0.9,33.9,0.01,0.01,0.093088,1776243784000
1776243786.289,186.289,0.11,64.39,0.1,33.9,0.12,21.0,0.2,5.0,0.88,21.0,0.8,5.0,0.89,64.39,0.9,33.9,0.01,0.01,0.093088,1776243785000
1776243787.309,187.309,0.2,5.0,0.19,5.0,0.23,22.0,0.24,5.0,0.88,21.0,0.8,5.0,0.89,64.39,0.9,33.9,0.03,0.01,0.093088,1776243785000
1776243787.69,187.69,0.2,5.0,0.19,5.0,0.23,22.0,0.24,5.0,0.77,22.0,0.76,5.0,0.8,5.0,0.81,5.0,0.03,0.03,0.093086,1776243786000
1776243788.09,188.09,0.2,5.0,0.19,5.0,0.21,7.38,0.22,5.0,0.77,22.0,0.76,5.0,0.8,5.0,0.81,5.0,0.01,0.03,0.093086,1776243786000
1776243788.493,188.493,0.2,5.0,0.19,5.0,0.21,7.38,0.22,5.0,0.79,7.38,0.78,5.0,0.8,5.0,0.81,5.0,0.01,0.01,0.093086,1776243787000
1776243789.235,189.235,0.2,5.0,0.19,5.0,0.21,7.38,0.22,5.0,0.79,7.38,0.78,5.0,0.8,5.0,0.81,5.0,0.01,0.01,0.09309,1776243788000
1776243790.53,190.53,0.2,5.0,0.19,5.0,0.21,7.38,0.22,5.0,0.79,7.38,0.78,5.0,0.8,5.0,0.81,5.0,0.01,0.01,0.093095,1776243789000
1776243791.268,191.268,0.2,5.0,0.19,5.0,0.21,7.38,0.22,5.0,0.79,7.38,0.78,5.0,0.8,5.0,0.81,5.0,0.01,0.01,0.093095,1776243790000
1776243792.624,192.624,0.2,5.0,0.19,5.0,0.21,7.38,0.22,5.0,0.79,7.38,0.78,5.0,0.8,5.0,0.81,5.0,0.01,0.01,0.093097,1776243791000
1776243793.582,193.582,0.2,5.0,0.19,5.0,0.21,7.38,0.22,5.0,0.79,7.38,0.78,5.0,0.8,5.0,0.81,5.0,0.01,0.01,0.093098,1776243792000
1776243794.276,194.276,0.2,5.0,0.19,5.0,0.21,7.38,0.22,5.0,0.79,7.38,0.78,5.0,0.8,5.0,0.81,5.0,0.01,0.01,0.093098,1776243793000
1776243795.078,195.078,0.2,5.0,0.19,5.0,0.21,7.38,0.22,5.0,0.79,7.38,0.78,5.0,0.8,5.0,0.81,5.0,0.01,0.01,0.093076,1776243794000
1776243796.723,196.723,0.2,5.0,0.19,5.0,0.21,7.38,0.22,5.0,0.79,7.38,0.78,5.0,0.8,5.0,0.81,5.0,0.01,0.01,0.093071,1776243795000
1776243797.691,197.691,0.2,5.0,0.19,5.0,0.21,7.38,0.22,5.0,0.79,7.38,0.78,5.0,0.8,5.0,0.81,5.0,0.01,0.01,0.09307,1776243796000
1776243798.4,198.4,0.2,5.0,0.19,5.0,0.21,7.38,0.22,5.0,0.79,7.38,0.78,5.0,0.8,5.0,0.81,5.0,0.01,0.01,0.093069,1776243797000
1776243799.261,199.261,0.2,5.0,0.19,5.0,0.21,7.38,0.22,5.0,0.79,7.38,0.78,5.0,0.8,5.0,0.81,5.0,0.01,0.01,0.093069,1776243798000
1776243800.11,200.11,0.17,5.0,0.16,5.0,0.18,3.02,0.2,10.0,0.79,7.38,0.78,5.0,0.8,5.0,0.81,5.0,0.01,0.01,0.093069,1776243798000
1776243800.889,200.889,0.17,5.0,0.16,5.0,0.18,3.02,0.2,10.0,0.82,3.02,0.8,10.0,0.83,5.0,0.84,5.0,0.01,0.01,0.093083,1776243799000
1776243801.535,201.535,0.17,5.0,0.16,5.0,0.18,3.02,0.2,10.0,0.82,3.02,0.8,10.0,0.83,5.0,0.84,5.0,0.01,0.01,0.093082,1776243800000
1776243802.693,202.693,0.17,5.0,0.16,5.0,0.18,3.02,0.2,10.0,0.82,3.02,0.8,10.0,0.83,5.0,0.84,5.0,0.01,0.01,0.093088,1776243801000
1776243803.226,203.226,0.17,5.0,0.16,5.0,0.18,3.02,0.2,10.0,0.82,3.02,0.8,10.0,0.83,5.0,0.84,5.0,0.01,0.01,0.093089,1776243802000
1776243803.726,203.726,0.15,5.0,0.14,5.0,0.19,5.0,0.2,10.0,0.82,3.02,0.8,10.0,0.83,5.0,0.84,5.0,0.04,0.01,0.093089,1776243802000
1776243804.162,204.162,0.15,5.0,0.14,5.0,0.19,5.0,0.2,10.0,0.81,5.0,0.8,10.0,0.85,5.0,0.86,5.0,0.04,0.04,0.093087,1776243803000
1776243805.191,205.191,0.15,5.0,0.14,5.0,0.19,5.0,0.2,10.0,0.81,5.0,0.8,10.0,0.85,5.0,0.86,5.0,0.04,0.04,0.093088,1776243804000
1776243806.301,206.301,0.15,5.0,0.14,5.0,0.19,5.0,0.2,10.0,0.81,5.0,0.8,10.0,0.85,5.0,0.86,5.0,0.04,0.04,0.093087,1776243805000
1776243807.364,207.364,0.15,5.0,0.14,5.0,0.19,5.0,0.2,10.0,0.81,5.0,0.8,10.0,0.85,5.0,0.86,5.0,0.04,0.04,0.093088,1776243806000
1776243808.252,208.252,0.15,5.0,0.14,5.0,0.19,5.0,0.2,10.0,0.81,5.0,0.8,10.0,0.85,5.0,0.86,5.0,0.04,0.04,0.093089,1776243807000
1776243809.264,209.264,0.15,5.0,0.14,5.0,0.19,5.0,0.2,10.0,0.81,5.0,0.8,10.0,0.85,5.0,0.86,5.0,0.04,0.04,0.093089,1776243808000
1776243810.295,210.295,0.15,5.0,0.14,5.0,0.19,5.0,0.2,10.0,0.81,5.0,0.8,10.0,0.85,5.0,0.86,5.0,0.04,0.04,0.093089,1776243809000
1776243811.324,211.324,0.15,5.0,0.14,5.0,0.19,5.0,0.2,10.0,0.81,5.0,0.8,10.0,0.85,5.0,0.86,5.0,0.04,0.04,0.09308,1776243810000
1776243812.325,212.325,0.15,5.0,0.14,5.0,0.19,5.0,0.2,10.0,0.81,5.0,0.8,10.0,0.85,5.0,0.86,5.0,0.04,0.04,0.093077,1776243811000
1776243813.29,213.29,0.15,5.0,0.14,5.0,0.19,5.0,0.2,10.0,0.81,5.0,0.8,10.0,0.85,5.0,0.86,5.0,0.04,0.04,0.093081,1776243812000
1776243814.242,214.242,0.15,5.0,0.14,5.0,0.19,5.0,0.2,10.0,0.81,5.0,0.8,10.0,0.85,5.0,0.86,5.0,0.04,0.04,0.093081,1776243813000
1776243815.722,215.722,0.15,5.0,0.14,5.0,0.19,5.0,0.2,10.0,0.81,5.0,0.8,10.0,0.85,5.0,0.86,5.0,0.04,0.04,0.093081,1776243814000
1776243816.316,216.316,0.15,5.0,0.14,5.0,0.19,5.0,0.2,10.0,0.81,5.0,0.8,10.0,0.85,5.0,0.86,5.0,0.04,0.04,0.093081,1776243815000
1776243817.449,217.449,0.15,5.0,0.14,5.0,0.19,5.0,0.2,10.0,0.81,5.0,0.8,10.0,0.85,5.0,0.86,5.0,0.04,0.04,0.093081,1776243816000
1776243818.006,218.006,0.15,5.0,0.14,5.0,0.19,5.0,0.2,10.0,0.81,5.0,0.8,10.0,0.85,5.0,0.86,5.0,0.04,0.04,0.093064,1776243817000
1776243819.11,219.11,0.15,5.0,0.14,5.0,0.19,5.0,0.2,10.0,0.81,5.0,0.8,10.0,0.85,5.0,0.86,5.0,0.04,0.04,0.093062,1776243818000
1776243819.615,219.615,0.11,16.16,0.06,5.0,0.12,45.6,0.13,28.0,0.81,5.0,0.8,10.0,0.85,5.0,0.86,5.0,0.01,0.04,0.093062,1776243818000
1776243820.236,220.236,0.11,16.16,0.06,5.0,0.12,45.6,0.13,28.0,0.88,45.6,0.87,28.0,0.89,16.16,0.94,5.0,0.01,0.01,0.093056,1776243819000
1776243821.309,221.309,0.11,16.16,0.06,5.0,0.12,45.6,0.13,28.0,0.88,45.6,0.87,28.0,0.89,16.16,0.94,5.0,0.01,0.01,0.093054,1776243820000
1776243822.403,222.403,0.11,16.16,0.06,5.0,0.12,45.6,0.13,28.0,0.88,45.6,0.87,28.0,0.89,16.16,0.94,5.0,0.01,0.01,0.093054,1776243821000
1776243822.89,222.89,0.11,16.16,0.06,5.0,0.12,45.6,0.13,28.0,0.88,45.6,0.87,28.0,0.89,16.16,0.94,5.0,0.01,0.01,0.093054,1776243822000
1776243823.499,223.499,0.11,11.1,0.05,5.0,0.12,45.6,0.13,28.0,0.88,45.6,0.87,28.0,0.89,16.16,0.94,5.0,0.01,0.01,0.093054,1776243822000
1776243824.017,224.017,0.11,11.1,0.05,5.0,0.12,45.6,0.13,28.0,0.88,45.6,0.87,28.0,0.89,11.1,0.95,5.0,0.01,0.01,0.093054,1776243823000
1776243825.063,225.063,0.11,11.1,0.05,5.0,0.12,45.6,0.13,28.0,0.88,45.6,0.87,28.0,0.89,11.1,0.95,5.0,0.01,0.01,0.093055,1776243824000
1776243826.346,226.346,0.11,11.1,0.05,5.0,0.12,45.6,0.13,28.0,0.88,45.6,0.87,28.0,0.89,11.1,0.95,5.0,0.01,0.01,0.093048,1776243825000
1776243826.871,226.871,0.04,0.82,0.03,5.0,0.11,22.9,0.12,45.6,0.88,45.6,0.87,28.0,0.89,11.1,0.95,5.0,0.07,0.01,0.093048,1776243825000
1776243827.865,227.865,0.02,10.0,0.01,569.6,0.05,5.0,0.06,5.0,0.89,22.9,0.88,45.6,0.96,0.82,0.97,5.0,0.03,0.07,0.093047,1776243826000
1776243829.058,229.058,0.02,10.0,0.01,569.6,0.05,5.0,0.06,5.0,0.95,5.0,0.94,5.0,0.98,10.0,0.99,569.6,0.03,0.03,0.093044,1776243828000
1776243829.985,229.985,0.03,3.96,0.02,10.0,0.04,5.0,0.05,5.0,0.95,5.0,0.94,5.0,0.98,10.0,0.99,569.6,0.01,0.03,0.093044,1776243828000
1776243830.195,230.195,0.03,3.96,0.02,10.0,0.04,5.0,0.05,5.0,0.96,5.0,0.95,5.0,0.97,3.96,0.98,10.0,0.01,0.01,0.093044,1776243829000
1776243831.175,231.175,0.02,137.43,0.01,569.6,0.05,5.0,0.06,5.0,0.96,5.0,0.95,5.0,0.97,3.96,0.98,10.0,0.03,0.01,0.093044,1776243829000
1776243831.814,231.814,0.02,137.43,0.01,569.6,0.05,5.0,0.06,5.0,0.95,5.0,0.94,5.0,0.98,137.43,0.99,569.6,0.03,0.03,0.093044,1776243830000
1776243832.502,232.502,0.02,137.43,0.01,569.6,0.05,5.0,0.06,5.0,0.95,5.0,0.94,5.0,0.98,137.43,0.99,569.6,0.03,0.03,0.093044,1776243831000
1776243833.149,233.149,0.02,137.43,0.01,569.6,0.05,5.0,0.06,5.0,0.95,5.0,0.94,5.0,0.98,137.43,0.99,569.6,0.03,0.03,0.093044,1776243832000
1776243834.692,234.692,0.02,137.43,0.01,569.6,0.05,5.0,0.06,5.0,0.95,5.0,0.94,5.0,0.98,137.43,0.99,569.6,0.03,0.03,0.093047,1776243833000
1776243835.492,235.492,0.02,137.43,0.01,569.6,0.05,5.0,0.06,5.0,0.95,5.0,0.94,5.0,0.98,137.43,0.99,569.6,0.03,0.03,0.093047,1776243834000
1776243836.033,236.033,0.02,137.43,0.01,569.6,0.05,5.0,0.06,5.0,0.95,5.0,0.94,5.0,0.98,137.43,0.99,569.6,0.03,0.03,0.093047,1776243835000
1776243837.417,237.417,0.02,137.43,0.01,569.6,0.05,5.0,0.06,5.0,0.95,5.0,0.94,5.0,0.98,137.43,0.99,569.6,0.03,0.03,0.093047,1776243836000
1776243838.115,238.115,0.02,137.43,0.01,569.6,0.05,5.0,0.06,5.0,0.95,5.0,0.94,5.0,0.98,137.43,0.99,569.6,0.03,0.03,0.093047,1776243837000
1776243839.171,239.171,0.01,571.55,,,0.02,10.0,0.03,10.0,0.95,5.0,0.94,5.0,0.98,137.43,0.99,569.6,0.01,0.03,0.093047,1776243837000
1776243839.777,239.777,0.01,571.55,,,0.02,9.4,0.03,10.0,0.98,10.0,0.97,10.0,0.99,571.55,,,0.01,0.01,0.093047,1776243838000
1776243840.816,240.816,0.01,571.55,,,0.02,9.4,0.03,10.0,0.98,9.4,0.97,10.0,0.99,571.55,,,0.01,0.01,0.093046,1776243839000
1776243841.483,241.483,0.01,571.55,,,0.02,9.4,0.03,10.0,0.98,9.4,0.97,10.0,0.99,571.55,,,0.01,0.01,0.093046,1776243840000
1776243841.895,241.895,0.01,436.29,,,0.02,5.0,0.03,10.0,0.98,9.4,0.97,10.0,0.99,571.55,,,0.01,0.01,0.093046,1776243840000
1776243842.148,242.148,0.01,436.29,,,0.02,0.08,0.03,10.0,0.98,5.0,0.97,10.0,0.99,436.29,,,0.01,0.01,0.093043,1776243841000
1776243843.465,243.465,0.01,435.27,,,0.02,0.08,0.03,10.0,0.98,0.08,0.97,10.0,0.99,436.29,,,0.01,0.01,0.093043,1776243841000
1776243844.123,244.123,0.01,435.27,,,0.02,0.08,0.03,10.0,0.98,0.08,0.97,10.0,0.99,435.27,,,0.01,0.01,0.093047,1776243843000
1776243845.323,245.323,0.01,435.27,,,0.02,0.08,0.03,10.0,0.98,0.08,0.97,10.0,0.99,435.27,,,0.01,0.01,0.093054,1776243844000
1776243846.812,246.812,0.01,435.27,,,0.02,0.08,0.03,10.0,0.98,0.08,0.97,10.0,0.99,435.27,,,0.01,0.01,0.093054,1776243845000
1776243847.584,247.584,0.01,435.27,,,0.02,0.08,0.03,10.0,0.98,0.08,0.97,10.0,0.99,435.27,,,0.01,0.01,0.093054,1776243846000
1776243848.628,248.628,0.01,435.27,,,0.02,0.08,0.03,10.0,0.98,0.08,0.97,10.0,0.99,435.27,,,0.01,0.01,0.093049,1776243847000
1776243849.216,249.216,0.01,435.27,,,0.02,0.08,0.03,10.0,0.98,0.08,0.97,10.0,0.99,435.27,,,0.01,0.01,0.093049,1776243848000
1776243850.3,250.3,0.01,435.27,,,0.02,0.08,0.03,10.0,0.98,0.08,0.97,10.0,0.99,435.27,,,0.01,0.01,0.093049,1776243849000
1776243851.342,251.342,0.01,435.27,,,0.02,0.08,0.03,10.0,0.98,0.08,0.97,10.0,0.99,435.27,,,0.01,0.01,0.093046,1776243850000
1776243852.036,252.036,0.01,166.65,,,0.02,10.0,0.03,94.3,0.98,0.08,0.97,10.0,0.99,435.27,,,0.01,0.01,0.093046,1776243850000
1776243852.465,252.465,0.01,166.65,,,0.02,10.0,0.03,94.3,0.98,10.0,0.97,94.3,0.99,166.65,,,0.01,0.01,0.093046,1776243851000
1776243852.726,252.726,0.01,161.6,,,0.02,10.0,0.03,94.3,0.98,10.0,0.97,94.3,0.99,166.65,,,0.01,0.01,0.093046,1776243851000
1776243853.006,253.006,0.01,161.6,,,0.02,10.0,0.03,94.3,0.98,10.0,0.97,94.3,0.99,161.6,,,0.01,0.01,0.093046,1776243852000
1776243854.165,254.165,0.01,161.6,,,0.02,10.0,0.03,94.3,0.98,10.0,0.97,94.3,0.99,161.6,,,0.01,0.01,0.093046,1776243853000
1776243855.312,255.312,0.01,161.6,,,0.02,10.0,0.03,94.3,0.98,10.0,0.97,94.3,0.99,161.6,,,0.01,0.01,0.093047,1776243854000
1776243855.58,255.58,0.01,159.58,,,0.02,142.69,0.03,94.3,0.98,10.0,0.97,94.3,0.99,161.6,,,0.01,0.01,0.093047,1776243854000
1776243856.148,256.148,0.01,155.54,,,0.02,142.69,0.03,94.3,0.98,142.69,0.97,94.3,0.99,157.56,,,0.01,0.01,0.093047,1776243854000
1776243856.856,256.856,0.01,155.54,,,0.02,142.69,0.03,94.3,0.98,142.69,0.97,94.3,0.99,155.54,,,0.01,0.01,0.093047,1776243856000
1776243857.917,257.917,0.01,155.54,,,0.02,142.69,0.03,94.3,0.98,142.69,0.97,94.3,0.99,155.54,,,0.01,0.01,0.093047,1776243857000
1776243858.952,258.952,0.01,155.54,,,0.02,142.69,0.03,94.3,0.98,142.69,0.97,94.3,0.99,155.54,,,0.01,0.01,0.093046,1776243858000
1776243860.035,260.035,0.01,155.54,,,0.02,142.69,0.03,94.3,0.98,142.69,0.97,94.3,0.99,155.54,,,0.01,0.01,0.09304,1776243859000
1776243861.014,261.014,0.01,155.54,,,0.02,142.69,0.03,94.3,0.98,142.69,0.97,94.3,0.99,155.54,,,0.01,0.01,0.09304,1776243860000
1776243862.431,262.431,0.01,155.54,,,0.02,142.69,0.03,94.3,0.98,142.69,0.97,94.3,0.99,155.54,,,0.01,0.01,0.093052,1776243861000
1776243862.966,262.966,0.01,155.54,,,0.02,142.69,0.03,94.3,0.98,142.69,0.97,94.3,0.99,155.54,,,0.01,0.01,0.093057,1776243862000
1776243863.236,263.236,0.01,154.52,,,0.02,10.0,0.03,94.3,0.98,142.69,0.97,94.3,0.99,155.54,,,0.01,0.01,0.093057,1776243862000
1776243863.686,263.686,0.01,103.52,,,0.02,142.69,0.03,94.3,0.98,10.0,0.97,94.3,0.99,154.52,,,0.01,0.01,0.093057,1776243862000
1776243863.972,263.972,0.01,103.52,,,0.02,142.69,0.03,94.3,0.98,142.69,0.97,94.3,0.99,103.52,,,0.01,0.01,0.093061,1776243863000
1776243864.766,264.766,0.01,102.5,,,0.02,142.69,0.03,94.3,0.98,142.69,0.97,94.3,0.99,103.52,,,0.01,0.01,0.093061,1776243863000
1776243864.97,264.97,0.01,102.5,,,0.02,142.69,0.03,94.3,0.98,142.69,0.97,94.3,0.99,102.5,,,0.01,0.01,0.093055,1776243864000
1776243865.33,265.33,0.01,52.5,,,0.02,142.69,0.03,94.3,0.98,142.69,0.97,94.3,0.99,102.5,,,0.01,0.01,0.093055,1776243864000
1776243866.013,266.013,0.01,52.5,,,0.02,142.69,0.03,94.3,0.98,142.69,0.97,94.3,0.99,52.5,,,0.01,0.01,0.093041,1776243865000
1776243866.339,266.339,0.01,39.66,,,0.02,142.69,0.03,94.3,0.98,142.69,0.97,94.3,0.99,52.5,,,0.01,0.01,0.093041,1776243865000
1776243866.957,266.957,,,,,0.01,960.34,0.02,142.69,0.99,960.34,0.98,142.69,,,,,,,0.09304,1776243866000
1776243868.015,268.015,,,,,0.01,960.34,0.02,142.69,0.99,960.34,0.98,142.69,,,,,,,0.09304,1776243867000
1776243869.116,269.116,,,,,0.01,960.34,0.02,142.69,0.99,960.34,0.98,142.69,,,,,,,0.093033,1776243868000
1776243870.114,270.114,,,,,0.01,960.34,0.02,142.69,0.99,960.34,0.98,142.69,,,,,,,0.093031,1776243869000
1776243871.112,271.112,,,,,0.01,960.34,0.02,142.69,0.99,960.34,0.98,142.69,,,,,,,0.093029,1776243870000
1776243872.195,272.195,,,,,0.01,2263.64,0.02,142.69,0.99,2263.64,0.98,142.69,,,,,,,0.093028,1776243871000
1776243873.178,273.178,,,,,0.01,2263.64,0.02,142.69,0.99,2263.64,0.98,142.69,,,,,,,0.093027,1776243872000
1776243874.213,274.213,,,,,0.01,2263.64,0.02,142.69,0.99,2263.64,0.98,142.69,,,,,,,0.093027,1776243873000
1776243875.855,275.855,,,,,0.01,2263.64,0.02,142.69,0.99,2263.64,0.98,142.69,,,,,,,0.093028,1776243874000
1776243876.378,276.378,,,,,0.01,2263.64,0.02,142.69,0.99,2263.64,0.98,142.69,,,,,,,0.093026,1776243875000
1776243876.911,276.911,,,,,0.01,2263.64,0.02,142.69,0.99,2263.64,0.98,142.69,,,,,,,0.093014,1776243876000
1776243877.956,277.956,,,,,0.01,2263.64,0.02,142.69,0.99,2263.64,0.98,142.69,,,,,,,0.093012,1776243877000
1776243879.0,279.0,,,,,0.01,2263.64,0.02,142.69,0.99,2263.64,0.98,142.69,,,,,,,0.09302,1776243878000
1776243879.995,279.995,,,,,0.01,2263.64,0.02,142.69,0.99,2263.64,0.98,142.69,,,,,,,0.093029,1776243879000
1776243881.052,281.052,,,,,0.01,2263.64,0.02,142.69,0.99,2263.64,0.98,142.69,,,,,,,0.093036,1776243880000
1776243882.048,282.048,,,,,0.01,2263.64,0.02,142.69,0.99,2263.64,0.98,142.69,,,,,,,0.093038,1776243881000
1776243883.087,283.087,,,,,0.01,2263.64,0.02,142.69,0.99,2263.64,0.98,142.69,,,,,,,0.093039,1776243882000
1776243884.141,284.141,,,,,0.01,2263.64,0.02,142.69,0.99,2263.64,0.98,142.69,,,,,,,0.093043,1776243883000
1776243885.226,285.226,,,,,0.01,2263.64,0.02,142.69,0.99,2263.64,0.98,142.69,,,,,,,0.093044,1776243884000
1776243886.299,286.299,,,,,0.01,2263.64,0.02,142.69,0.99,2263.64,0.98,142.69,,,,,,,0.093043,1776243885000
1776243887.315,287.315,,,,,0.01,2263.64,0.02,142.69,0.99,2263.64,0.98,142.69,,,,,,,0.093043,1776243886000
1776243888.375,288.375,,,,,0.01,2263.64,0.02,142.69,0.99,2263.64,0.98,142.69,,,,,,,0.09304,1776243887000
1776243889.373,289.373,,,,,0.01,2263.64,0.02,142.69,0.99,2263.64,0.98,142.69,,,,,,,0.09304,1776243888000
1776243889.937,289.937,,,,,0.01,2263.64,0.02,142.69,0.99,2263.64,0.98,142.69,,,,,,,0.09304,1776243889000
1776243891.003,291.003,,,,,0.01,2263.64,0.02,142.69,0.99,2263.64,0.98,142.69,,,,,,,0.09304,1776243890000
1776243892.059,292.059,,,,,0.01,2263.64,0.02,142.69,0.99,2263.64,0.98,142.69,,,,,,,0.09304,1776243891000
1776243893.185,293.185,,,,,0.01,2263.64,0.02,142.69,0.99,2263.64,0.98,142.69,,,,,,,0.09304,1776243892000
1776243894.087,294.087,,,,,0.01,2263.64,0.02,142.69,0.99,2263.64,0.98,142.69,,,,,,,0.09304,1776243893000
1776243895.072,295.072,,,,,0.01,2263.64,0.02,142.69,0.99,2263.64,0.98,142.69,,,,,,,0.09304,1776243894000
1776243896.168,296.168,,,,,0.01,2263.64,0.02,142.69,0.99,2263.64,0.98,142.69,,,,,,,0.09304,1776243895000
1776243897.214,297.214,,,,,0.01,2263.64,0.02,142.69,0.99,2263.64,0.98,142.69,,,,,,,0.09304,1776243896000
1776243898.291,298.291,,,,,0.01,2263.64,0.02,142.69,0.99,2263.64,0.98,142.69,,,,,,,0.09304,1776243897000
1776243899.172,299.172,,,,,0.01,2263.64,0.02,142.69,0.99,2263.64,0.98,142.69,,,,,,,0.09304,1776243898000
1776243900.215,300.215,,,,,0.01,2263.64,0.02,142.69,0.99,2263.64,0.98,142.69,,,,,,,0.09304,1776243899000
1776243901.224,301.224,,,,,0.01,2263.64,0.02,142.69,0.99,2263.64,0.98,142.69,,,,,,,0.093039,1776243900000
1776243902.777,302.777,,,,,0.01,2263.64,0.02,142.69,0.99,2263.64,0.98,142.69,,,,,,,0.093023,1776243901000
