timestamp,elapsed_sec,up_bid_p1,up_bid_s1,up_bid_p2,up_bid_s2,up_ask_p1,up_ask_s1,up_ask_p2,up_ask_s2,down_bid_p1,down_bid_s1,down_bid_p2,down_bid_s2,down_ask_p1,down_ask_s1,down_ask_p2,down_ask_s2,up_spread,down_spread,doge_price,doge_oracle_ts
1776216001.488,1.488,0.33,300.0,0.31,375.0,0.47,5.0,0.67,300.0,0.53,5.0,0.33,300.0,0.67,300.0,0.69,375.0,0.14,0.14,0.093616,1776216000000
1776216001.824,1.824,0.33,300.0,0.31,375.0,0.47,5.0,0.67,300.0,0.53,5.0,0.33,300.0,0.67,300.0,0.69,375.0,0.14,0.14,0.093616,1776216000000
1776216002.173,2.173,0.33,300.0,0.31,375.0,0.47,5.0,0.67,300.0,0.53,5.0,0.33,300.0,0.67,300.0,0.69,375.0,0.14,0.14,0.093617,1776216001000
1776216003.065,3.065,0.33,300.0,0.31,375.0,0.47,5.0,0.67,300.0,0.53,5.0,0.33,300.0,0.67,300.0,0.69,375.0,0.14,0.14,0.093614,1776216002000
1776216004.112,4.112,0.33,300.0,0.31,375.0,0.47,5.0,0.67,300.0,0.53,5.0,0.33,300.0,0.67,300.0,0.69,375.0,0.14,0.14,0.093613,1776216003000
1776216005.11,5.11,0.33,300.0,0.31,375.0,0.47,5.0,0.67,300.0,0.53,5.0,0.33,300.0,0.67,300.0,0.69,375.0,0.14,0.14,0.093609,1776216004000
1776216006.062,6.062,0.33,300.0,0.31,375.0,0.47,5.0,0.67,300.0,0.53,5.0,0.33,300.0,0.67,300.0,0.69,375.0,0.14,0.14,0.09361,1776216005000
1776216007.096,7.096,0.33,300.0,0.31,375.0,0.47,5.0,0.67,300.0,0.53,5.0,0.33,300.0,0.67,300.0,0.69,375.0,0.14,0.14,0.093608,1776216006000
1776216008.076,8.076,0.33,300.0,0.31,375.0,0.47,5.0,0.67,300.0,0.53,5.0,0.33,300.0,0.67,300.0,0.69,375.0,0.14,0.14,0.093613,1776216007000
1776216009.107,9.107,0.33,300.0,0.31,375.0,0.47,5.0,0.67,300.0,0.53,5.0,0.33,300.0,0.67,300.0,0.69,375.0,0.14,0.14,0.093611,1776216008000
1776216010.066,10.066,0.33,300.0,0.31,375.0,0.47,5.0,0.67,300.0,0.53,5.0,0.33,300.0,0.67,300.0,0.69,375.0,0.14,0.14,0.09361,1776216009000
1776216011.211,11.211,0.33,300.0,0.31,375.0,0.47,5.0,0.67,300.0,0.53,5.0,0.33,300.0,0.67,300.0,0.69,375.0,0.14,0.14,0.093611,1776216010000
1776216012.263,12.263,0.33,300.0,0.31,375.0,0.47,5.0,0.67,300.0,0.53,5.0,0.33,300.0,0.67,300.0,0.69,375.0,0.14,0.14,0.093601,1776216011000
1776216013.368,13.368,0.33,300.0,0.31,375.0,0.47,5.0,0.67,300.0,0.53,5.0,0.33,300.0,0.67,300.0,0.69,375.0,0.14,0.14,0.093599,1776216012000
1776216014.048,14.048,0.33,300.0,0.31,375.0,0.47,5.0,0.67,300.0,0.53,5.0,0.33,300.0,0.67,300.0,0.69,375.0,0.14,0.14,0.093597,1776216013000
1776216015.137,15.137,0.33,300.0,0.31,375.0,0.47,5.0,0.67,300.0,0.53,5.0,0.33,300.0,0.67,300.0,0.69,375.0,0.14,0.14,0.09359,1776216014000
1776216016.183,16.183,0.33,300.0,0.31,375.0,0.47,5.0,0.67,300.0,0.53,5.0,0.33,300.0,0.67,300.0,0.69,375.0,0.14,0.14,0.093585,1776216015000
1776216017.21,17.21,0.33,300.0,0.31,375.0,0.47,5.0,0.67,300.0,0.53,5.0,0.33,300.0,0.67,300.0,0.69,375.0,0.14,0.14,0.093584,1776216016000
1776216017.738,17.738,0.32,5.0,0.3,31.0,0.4,15.0,0.41,5.0,0.53,5.0,0.33,300.0,0.67,300.0,0.69,375.0,0.08,0.14,0.093584,1776216016000
1776216018.328,18.328,0.32,5.0,0.3,31.0,0.4,15.0,0.41,5.0,0.6,15.0,0.59,5.0,0.68,5.0,0.7,31.0,0.08,0.08,0.093587,1776216017000
1776216018.892,18.892,0.32,5.0,0.3,31.0,0.4,15.0,0.41,5.0,0.6,15.0,0.59,5.0,0.68,5.0,0.7,31.0,0.08,0.08,0.093589,1776216018000
1776216019.239,19.239,0.36,5.0,0.33,25.0,0.44,7.61,0.45,5.0,0.6,15.0,0.59,5.0,0.68,5.0,0.7,31.0,0.08,0.08,0.093589,1776216018000
1776216020.001,20.001,0.36,5.0,0.33,25.0,0.44,7.61,0.45,5.0,0.56,7.61,0.55,5.0,0.64,5.0,0.67,25.0,0.08,0.08,0.093593,1776216019000
1776216021.09,21.09,0.36,5.0,0.33,25.0,0.44,7.61,0.45,5.0,0.56,7.61,0.55,5.0,0.64,5.0,0.67,25.0,0.08,0.08,0.0936,1776216020000
1776216022.109,22.109,0.36,5.0,0.33,25.0,0.44,7.61,0.45,5.0,0.56,7.61,0.55,5.0,0.64,5.0,0.67,25.0,0.08,0.08,0.093604,1776216021000
1776216023.159,23.159,0.36,5.0,0.33,25.0,0.44,7.61,0.45,5.0,0.56,7.61,0.55,5.0,0.64,5.0,0.67,25.0,0.08,0.08,0.093604,1776216022000
1776216024.283,24.283,0.36,5.0,0.33,25.0,0.44,7.61,0.45,5.0,0.56,7.61,0.55,5.0,0.64,5.0,0.67,25.0,0.08,0.08,0.093604,1776216023000
1776216025.256,25.256,0.36,5.0,0.33,25.0,0.44,7.61,0.45,5.0,0.56,7.61,0.55,5.0,0.64,5.0,0.67,25.0,0.08,0.08,0.093601,1776216024000
1776216026.329,26.329,0.36,5.0,0.33,25.0,0.44,7.61,0.45,5.0,0.56,7.61,0.55,5.0,0.64,5.0,0.67,25.0,0.08,0.08,0.093601,1776216025000
1776216027.429,27.429,0.36,5.0,0.33,25.0,0.44,7.61,0.45,5.0,0.56,7.61,0.55,5.0,0.64,5.0,0.67,25.0,0.08,0.08,0.093603,1776216026000
1776216027.958,27.958,0.36,5.0,0.33,25.0,0.44,7.61,0.45,5.0,0.56,7.61,0.55,5.0,0.64,5.0,0.67,25.0,0.08,0.08,0.093603,1776216027000
1776216028.793,28.793,0.39,5.0,0.37,5.0,0.5,14.8,0.53,10.0,0.56,7.61,0.55,5.0,0.64,5.0,0.67,25.0,0.11,0.08,0.093603,1776216027000
1776216029.052,29.052,0.39,5.0,0.37,5.0,0.5,14.8,0.53,10.0,0.5,14.8,0.47,10.0,0.61,5.0,0.63,5.0,0.11,0.11,0.093612,1776216028000
1776216030.255,30.255,0.39,5.0,0.37,5.0,0.5,14.8,0.53,10.0,0.5,14.8,0.47,10.0,0.61,5.0,0.63,5.0,0.11,0.11,0.093612,1776216029000
1776216031.215,31.215,0.39,5.0,0.37,5.0,0.5,14.8,0.53,10.0,0.5,14.8,0.47,10.0,0.61,5.0,0.63,5.0,0.11,0.11,0.093612,1776216030000
1776216032.337,32.337,0.39,5.0,0.37,5.0,0.5,14.8,0.53,10.0,0.5,14.8,0.47,10.0,0.61,5.0,0.63,5.0,0.11,0.11,0.093612,1776216031000
1776216032.963,32.963,0.39,5.0,0.37,5.0,0.5,14.8,0.53,10.0,0.5,14.8,0.47,10.0,0.61,5.0,0.63,5.0,0.11,0.11,0.093614,1776216032000
1776216034.006,34.006,0.39,5.0,0.37,5.0,0.5,14.8,0.53,10.0,0.5,14.8,0.47,10.0,0.61,5.0,0.63,5.0,0.11,0.11,0.093614,1776216033000
1776216035.212,35.212,0.39,5.0,0.37,5.0,0.5,14.8,0.53,10.0,0.5,14.8,0.47,10.0,0.61,5.0,0.63,5.0,0.11,0.11,0.093614,1776216034000
1776216036.336,36.336,0.39,5.0,0.37,5.0,0.5,14.8,0.53,10.0,0.5,14.8,0.47,10.0,0.61,5.0,0.63,5.0,0.11,0.11,0.093615,1776216035000
1776216036.868,36.868,0.39,5.0,0.37,5.0,0.5,14.8,0.53,10.0,0.5,14.8,0.47,10.0,0.61,5.0,0.63,5.0,0.11,0.11,0.093615,1776216036000
1776216037.941,37.941,0.39,5.0,0.37,5.0,0.5,14.8,0.53,10.0,0.5,14.8,0.47,10.0,0.61,5.0,0.63,5.0,0.11,0.11,0.093615,1776216037000
1776216039.656,39.656,0.39,5.0,0.37,5.0,0.5,14.8,0.53,10.0,0.5,14.8,0.47,10.0,0.61,5.0,0.63,5.0,0.11,0.11,0.093616,1776216038000
1776216040.947,40.947,0.39,5.0,0.37,5.0,0.5,14.8,0.53,10.0,0.5,14.8,0.47,10.0,0.61,5.0,0.63,5.0,0.11,0.11,0.093616,1776216039000
1776216041.862,41.862,0.39,5.0,0.37,5.0,0.5,14.8,0.53,10.0,0.5,14.8,0.47,10.0,0.61,5.0,0.63,5.0,0.11,0.11,0.093617,1776216040000
1776216042.59,42.59,0.39,5.0,0.37,5.0,0.5,14.8,0.53,10.0,0.5,14.8,0.47,10.0,0.61,5.0,0.63,5.0,0.11,0.11,0.093619,1776216041000
1776216043.315,43.315,0.39,5.0,0.37,5.0,0.5,14.8,0.53,10.0,0.5,14.8,0.47,10.0,0.61,5.0,0.63,5.0,0.11,0.11,0.093619,1776216042000
1776216044.19,44.19,0.39,5.0,0.37,5.0,0.5,14.8,0.53,10.0,0.5,14.8,0.47,10.0,0.61,5.0,0.63,5.0,0.11,0.11,0.093619,1776216043000
1776216045.538,45.538,0.39,5.0,0.37,5.0,0.5,14.8,0.53,10.0,0.5,14.8,0.47,10.0,0.61,5.0,0.63,5.0,0.11,0.11,0.093617,1776216044000
1776216046.362,46.362,0.39,5.0,0.37,5.0,0.5,14.8,0.53,10.0,0.5,14.8,0.47,10.0,0.61,5.0,0.63,5.0,0.11,0.11,0.093616,1776216045000
1776216047.031,47.031,0.39,5.0,0.37,5.0,0.5,14.8,0.53,10.0,0.5,14.8,0.47,10.0,0.61,5.0,0.63,5.0,0.11,0.11,0.093616,1776216046000
1776216048.535,48.535,0.39,5.0,0.37,5.0,0.5,14.8,0.53,10.0,0.5,14.8,0.47,10.0,0.61,5.0,0.63,5.0,0.11,0.11,0.093609,1776216047000
1776216049.311,49.311,0.39,5.0,0.37,5.0,0.5,14.8,0.53,10.0,0.5,14.8,0.47,10.0,0.61,5.0,0.63,5.0,0.11,0.11,0.093608,1776216048000
1776216049.977,49.977,0.39,5.0,0.37,5.0,0.5,14.8,0.53,10.0,0.5,14.8,0.47,10.0,0.61,5.0,0.63,5.0,0.11,0.11,0.093607,1776216049000
1776216050.971,50.971,0.38,5.0,0.35,10.0,0.39,5.0,0.42,10.0,0.5,14.8,0.47,10.0,0.61,5.0,0.63,5.0,0.01,0.11,0.093607,1776216049000
1776216051.52,51.52,0.38,5.0,0.35,10.0,0.39,5.0,0.42,10.0,0.61,5.0,0.58,10.0,0.62,5.0,0.65,10.0,0.01,0.01,0.093598,1776216050000
1776216052.442,52.442,0.38,5.0,0.35,10.0,0.39,5.0,0.42,10.0,0.61,5.0,0.58,10.0,0.62,5.0,0.65,10.0,0.01,0.01,0.093584,1776216051000
1776216053.056,53.056,0.38,5.0,0.35,10.0,0.39,5.0,0.42,10.0,0.61,5.0,0.58,10.0,0.62,5.0,0.65,10.0,0.01,0.01,0.093583,1776216052000
1776216054.456,54.456,0.38,5.0,0.35,10.0,0.39,5.0,0.42,10.0,0.61,5.0,0.58,10.0,0.62,5.0,0.65,10.0,0.01,0.01,0.093563,1776216053000
1776216055.258,55.258,0.38,5.0,0.35,10.0,0.39,5.0,0.42,10.0,0.61,5.0,0.58,10.0,0.62,5.0,0.65,10.0,0.01,0.01,0.093566,1776216054000
1776216056.672,56.672,0.38,5.0,0.35,10.0,0.39,5.0,0.42,10.0,0.61,5.0,0.58,10.0,0.62,5.0,0.65,10.0,0.01,0.01,0.093572,1776216055000
1776216057.311,57.311,0.38,5.0,0.35,10.0,0.39,5.0,0.42,10.0,0.61,5.0,0.58,10.0,0.62,5.0,0.65,10.0,0.01,0.01,0.093571,1776216056000
1776216058.013,58.013,0.38,5.0,0.35,10.0,0.39,5.0,0.42,10.0,0.61,5.0,0.58,10.0,0.62,5.0,0.65,10.0,0.01,0.01,0.093571,1776216057000
1776216060.101,60.101,0.38,5.0,0.35,10.0,0.39,5.0,0.42,10.0,0.61,5.0,0.58,10.0,0.62,5.0,0.65,10.0,0.01,0.01,0.093571,1776216058000
1776216061.201,61.201,0.38,5.0,0.35,10.0,0.39,5.0,0.42,10.0,0.61,5.0,0.58,10.0,0.62,5.0,0.65,10.0,0.01,0.01,0.093565,1776216060000
1776216062.256,62.256,0.38,5.0,0.35,10.0,0.39,5.0,0.42,10.0,0.61,5.0,0.58,10.0,0.62,5.0,0.65,10.0,0.01,0.01,0.093567,1776216061000
1776216062.844,62.844,0.38,5.0,0.35,10.0,0.39,5.0,0.42,10.0,0.61,5.0,0.58,10.0,0.62,5.0,0.65,10.0,0.01,0.01,0.09357,1776216062000
1776216063.85,63.85,0.38,5.0,0.35,10.0,0.39,5.0,0.42,10.0,0.61,5.0,0.58,10.0,0.62,5.0,0.65,10.0,0.01,0.01,0.093571,1776216063000
1776216064.88,64.88,0.38,5.0,0.35,10.0,0.39,5.0,0.42,10.0,0.61,5.0,0.58,10.0,0.62,5.0,0.65,10.0,0.01,0.01,0.093571,1776216064000
1776216065.807,65.807,0.38,5.0,0.35,10.0,0.39,5.0,0.42,10.0,0.61,5.0,0.58,10.0,0.62,5.0,0.65,10.0,0.01,0.01,0.093569,1776216065000
1776216066.848,66.848,0.38,5.0,0.35,10.0,0.39,5.0,0.42,10.0,0.61,5.0,0.58,10.0,0.62,5.0,0.65,10.0,0.01,0.01,0.093568,1776216066000
1776216068.444,68.444,0.38,5.0,0.35,10.0,0.39,5.0,0.42,10.0,0.61,5.0,0.58,10.0,0.62,5.0,0.65,10.0,0.01,0.01,0.093559,1776216067000
1776216068.984,68.984,0.38,5.0,0.35,10.0,0.39,5.0,0.42,10.0,0.61,5.0,0.58,10.0,0.62,5.0,0.65,10.0,0.01,0.01,0.093559,1776216068000
1776216069.957,69.957,0.38,5.0,0.35,10.0,0.39,5.0,0.42,10.0,0.61,5.0,0.58,10.0,0.62,5.0,0.65,10.0,0.01,0.01,0.093558,1776216069000
1776216071.187,71.187,0.38,5.0,0.35,10.0,0.39,5.0,0.42,10.0,0.61,5.0,0.58,10.0,0.62,5.0,0.65,10.0,0.01,0.01,0.093559,1776216070000
1776216072.785,72.785,0.38,5.0,0.35,10.0,0.39,5.0,0.42,10.0,0.61,5.0,0.58,10.0,0.62,5.0,0.65,10.0,0.01,0.01,0.09356,1776216071000
1776216073.449,73.449,0.38,5.0,0.35,10.0,0.39,5.0,0.42,10.0,0.61,5.0,0.58,10.0,0.62,5.0,0.65,10.0,0.01,0.01,0.093559,1776216072000
1776216074.088,74.088,0.38,5.0,0.35,10.0,0.39,5.0,0.42,10.0,0.61,5.0,0.58,10.0,0.62,5.0,0.65,10.0,0.01,0.01,0.093565,1776216073000
1776216075.18,75.18,0.38,5.0,0.35,10.0,0.39,5.0,0.42,10.0,0.61,5.0,0.58,10.0,0.62,5.0,0.65,10.0,0.01,0.01,0.093572,1776216074000
1776216076.253,76.253,0.38,5.0,0.35,10.0,0.39,5.0,0.42,10.0,0.61,5.0,0.58,10.0,0.62,5.0,0.65,10.0,0.01,0.01,0.09357,1776216075000
1776216077.252,77.252,0.38,5.0,0.35,10.0,0.39,5.0,0.42,10.0,0.61,5.0,0.58,10.0,0.62,5.0,0.65,10.0,0.01,0.01,0.093571,1776216076000
1776216078.191,78.191,0.38,5.0,0.35,10.0,0.39,5.0,0.42,10.0,0.61,5.0,0.58,10.0,0.62,5.0,0.65,10.0,0.01,0.01,0.093571,1776216077000
1776216079.232,79.232,0.38,5.0,0.35,10.0,0.39,5.0,0.42,10.0,0.61,5.0,0.58,10.0,0.62,5.0,0.65,10.0,0.01,0.01,0.093572,1776216078000
1776216080.154,80.154,0.38,5.0,0.35,10.0,0.39,5.0,0.42,10.0,0.61,5.0,0.58,10.0,0.62,5.0,0.65,10.0,0.01,0.01,0.093572,1776216079000
1776216081.108,81.108,0.38,5.0,0.35,10.0,0.39,5.0,0.42,10.0,0.61,5.0,0.58,10.0,0.62,5.0,0.65,10.0,0.01,0.01,0.093571,1776216080000
1776216082.164,82.164,0.38,5.0,0.35,10.0,0.39,5.0,0.42,10.0,0.61,5.0,0.58,10.0,0.62,5.0,0.65,10.0,0.01,0.01,0.093571,1776216081000
1776216083.138,83.138,0.38,5.0,0.35,10.0,0.39,5.0,0.42,10.0,0.61,5.0,0.58,10.0,0.62,5.0,0.65,10.0,0.01,0.01,0.093571,1776216082000
1776216084.158,84.158,0.38,5.0,0.35,10.0,0.39,5.0,0.42,10.0,0.61,5.0,0.58,10.0,0.62,5.0,0.65,10.0,0.01,0.01,0.093571,1776216083000
1776216085.061,85.061,0.38,5.0,0.35,10.0,0.39,5.0,0.42,10.0,0.61,5.0,0.58,10.0,0.62,5.0,0.65,10.0,0.01,0.01,0.093571,1776216084000
1776216086.136,86.136,0.38,5.0,0.35,10.0,0.39,5.0,0.42,10.0,0.61,5.0,0.58,10.0,0.62,5.0,0.65,10.0,0.01,0.01,0.093571,1776216085000
1776216087.19,87.19,0.38,5.0,0.35,10.0,0.39,5.0,0.42,10.0,0.61,5.0,0.58,10.0,0.62,5.0,0.65,10.0,0.01,0.01,0.093571,1776216086000
1776216088.179,88.179,0.38,5.0,0.35,10.0,0.39,5.0,0.42,10.0,0.61,5.0,0.58,10.0,0.62,5.0,0.65,10.0,0.01,0.01,0.093571,1776216087000
1776216089.813,89.813,0.25,11.38,0.22,14.0,0.27,5.0,0.29,10.0,0.61,5.0,0.58,10.0,0.62,5.0,0.65,10.0,0.02,0.01,0.093571,1776216087000
1776216090.33,90.33,0.25,11.38,0.22,14.0,0.27,5.0,0.29,10.0,0.73,5.0,0.71,10.0,0.75,11.38,0.78,14.0,0.02,0.02,0.09355,1776216089000
1776216090.61,90.61,0.22,14.0,0.21,15.7,0.27,5.0,0.29,10.0,0.73,5.0,0.71,10.0,0.75,11.38,0.78,14.0,0.05,0.02,0.09355,1776216089000
1776216090.963,90.963,0.22,14.0,0.21,15.7,0.27,5.0,0.29,10.0,0.73,5.0,0.71,10.0,0.78,14.0,0.79,15.7,0.05,0.05,0.093551,1776216090000
1776216092.042,92.042,0.22,14.0,0.21,15.7,0.27,5.0,0.29,10.0,0.73,5.0,0.71,10.0,0.78,14.0,0.79,15.7,0.05,0.05,0.09355,1776216091000
1776216093.123,93.123,0.22,14.0,0.21,15.7,0.27,5.0,0.29,10.0,0.73,5.0,0.71,10.0,0.78,14.0,0.79,15.7,0.05,0.05,0.093549,1776216092000
1776216094.232,94.232,0.22,14.0,0.21,15.7,0.27,5.0,0.29,10.0,0.73,5.0,0.71,10.0,0.78,14.0,0.79,15.7,0.05,0.05,0.093551,1776216093000
1776216095.269,95.269,0.22,14.0,0.21,15.7,0.27,5.0,0.29,10.0,0.73,5.0,0.71,10.0,0.78,14.0,0.79,15.7,0.05,0.05,0.093551,1776216094000
1776216096.514,96.514,0.22,14.0,0.21,15.7,0.27,5.0,0.29,10.0,0.73,5.0,0.71,10.0,0.78,14.0,0.79,15.7,0.05,0.05,0.093547,1776216095000
1776216097.007,97.007,0.22,14.0,0.21,15.7,0.27,5.0,0.29,10.0,0.73,5.0,0.71,10.0,0.78,14.0,0.79,15.7,0.05,0.05,0.093547,1776216096000
1776216097.242,97.242,0.19,10.0,0.16,17.0,0.21,50.0,0.24,19.0,0.73,5.0,0.71,10.0,0.78,14.0,0.79,15.7,0.02,0.05,0.093547,1776216096000
1776216097.504,97.504,0.19,8.37,0.16,17.0,0.2,5.0,0.21,74.0,0.79,50.0,0.76,19.0,0.81,10.0,0.84,17.0,0.01,0.02,0.093547,1776216096000
1776216098.109,98.109,0.19,8.37,0.16,17.0,0.2,5.0,0.21,74.0,0.8,5.0,0.79,74.0,0.81,8.37,0.84,17.0,0.01,0.01,0.093544,1776216097000
1776216099.239,99.239,0.19,8.37,0.16,17.0,0.2,5.0,0.21,74.0,0.8,5.0,0.79,74.0,0.81,8.37,0.84,17.0,0.01,0.01,0.093514,1776216098000
1776216100.409,100.409,0.19,8.37,0.16,17.0,0.2,5.0,0.21,74.0,0.8,5.0,0.79,74.0,0.81,8.37,0.84,17.0,0.01,0.01,0.093502,1776216099000
1776216101.462,101.462,0.19,8.37,0.16,17.0,0.2,5.0,0.21,74.0,0.8,5.0,0.79,74.0,0.81,8.37,0.84,17.0,0.01,0.01,0.093479,1776216100000
1776216101.978,101.978,0.19,8.37,0.16,17.0,0.2,5.0,0.21,74.0,0.8,5.0,0.79,74.0,0.81,8.37,0.84,17.0,0.01,0.01,0.093474,1776216101000
1776216102.252,102.252,0.07,33.0,0.06,46.1,0.11,5.0,0.12,15.0,0.8,5.0,0.79,74.0,0.81,8.37,0.84,17.0,0.04,0.01,0.093474,1776216101000
1776216103.073,103.073,0.07,13.0,0.06,46.1,0.08,5.0,0.12,15.0,0.92,5.0,0.88,15.0,0.93,13.0,0.94,46.1,0.01,0.01,0.093463,1776216102000
1776216103.557,103.557,0.06,46.1,0.05,94.7,0.08,5.0,0.12,15.0,0.92,5.0,0.88,15.0,0.93,13.0,0.94,46.1,0.02,0.01,0.093463,1776216102000
1776216104.807,104.807,0.06,46.1,0.05,94.7,0.08,5.0,0.12,15.0,0.92,5.0,0.88,15.0,0.94,46.1,0.95,94.7,0.02,0.02,0.093462,1776216103000
1776216105.579,105.579,0.06,46.1,0.05,94.7,0.08,5.0,0.12,15.0,0.92,5.0,0.88,15.0,0.94,46.1,0.95,94.7,0.02,0.02,0.093462,1776216104000
1776216106.429,106.429,0.06,46.1,0.05,94.7,0.08,5.0,0.12,15.0,0.92,5.0,0.88,15.0,0.94,46.1,0.95,94.7,0.02,0.02,0.093466,1776216105000
1776216106.653,106.653,0.07,39.9,0.06,51.1,0.13,20.0,0.14,38.6,0.92,5.0,0.88,15.0,0.94,46.1,0.95,94.7,0.06,0.02,0.093466,1776216105000
1776216107.103,107.103,0.07,39.9,0.06,51.1,0.13,20.0,0.14,38.6,0.87,20.0,0.86,38.6,0.93,39.9,0.94,51.1,0.06,0.06,0.093471,1776216106000
1776216108.548,108.548,0.07,39.9,0.06,51.1,0.13,20.0,0.14,38.6,0.87,20.0,0.86,38.6,0.93,39.9,0.94,51.1,0.06,0.06,0.093467,1776216107000
1776216109.204,109.204,0.07,39.9,0.06,51.1,0.13,20.0,0.14,38.6,0.87,20.0,0.86,38.6,0.93,39.9,0.94,51.1,0.06,0.06,0.093464,1776216108000
1776216110.79,110.79,0.07,39.9,0.06,51.1,0.13,20.0,0.14,38.6,0.87,20.0,0.86,38.6,0.93,39.9,0.94,51.1,0.06,0.06,0.093464,1776216109000
1776216111.466,111.466,0.07,39.9,0.06,51.1,0.13,20.0,0.14,38.6,0.87,20.0,0.86,38.6,0.93,39.9,0.94,51.1,0.06,0.06,0.093452,1776216110000
1776216112.056,112.056,0.06,51.1,0.05,54.7,0.08,5.0,0.11,18.0,0.92,5.0,0.89,18.0,0.94,51.1,0.95,54.7,0.02,0.02,0.09345,1776216111000
1776216113.593,113.593,0.06,51.1,0.05,54.7,0.08,5.0,0.11,18.0,0.92,5.0,0.89,18.0,0.94,51.1,0.95,54.7,0.02,0.02,0.093454,1776216112000
1776216114.393,114.393,0.06,51.1,0.05,54.7,0.08,5.0,0.11,18.0,0.92,5.0,0.89,18.0,0.94,51.1,0.95,54.7,0.02,0.02,0.093465,1776216113000
1776216115.001,115.001,0.06,51.1,0.05,54.7,0.08,5.0,0.11,18.0,0.92,5.0,0.89,18.0,0.94,51.1,0.95,54.7,0.02,0.02,0.093465,1776216114000
1776216115.254,115.254,0.06,51.1,0.05,54.7,0.11,18.0,0.12,24.6,0.92,5.0,0.89,18.0,0.94,51.1,0.95,54.7,0.05,0.02,0.093465,1776216114000
1776216116.3,116.3,0.06,51.1,0.05,54.7,0.11,18.0,0.12,24.6,0.89,18.0,0.88,24.6,0.94,51.1,0.95,54.7,0.05,0.05,0.093472,1776216115000
1776216117.074,117.074,0.06,51.1,0.05,54.7,0.11,18.0,0.12,24.6,0.89,18.0,0.88,24.6,0.94,51.1,0.95,54.7,0.05,0.05,0.093471,1776216116000
1776216118.441,118.441,0.06,51.1,0.05,54.7,0.11,18.0,0.12,24.6,0.89,18.0,0.88,24.6,0.94,51.1,0.95,54.7,0.05,0.05,0.093468,1776216117000
1776216119.13,119.13,0.06,51.1,0.05,54.7,0.11,18.0,0.12,24.6,0.89,18.0,0.88,24.6,0.94,51.1,0.95,54.7,0.05,0.05,0.093467,1776216118000
1776216120.564,120.564,0.06,51.1,0.05,54.7,0.11,18.0,0.12,24.6,0.89,18.0,0.88,24.6,0.94,51.1,0.95,54.7,0.05,0.05,0.093461,1776216119000
1776216121.277,121.277,0.06,51.1,0.05,54.7,0.11,18.0,0.12,24.6,0.89,18.0,0.88,24.6,0.94,51.1,0.95,54.7,0.05,0.05,0.093457,1776216120000
1776216123.266,123.266,0.06,51.1,0.05,54.7,0.11,18.0,0.12,24.6,0.89,18.0,0.88,24.6,0.94,51.1,0.95,54.7,0.05,0.05,0.093451,1776216122000
1776216124.559,124.559,0.06,51.1,0.05,54.7,0.11,18.0,0.12,24.6,0.89,18.0,0.88,24.6,0.94,51.1,0.95,54.7,0.05,0.05,0.093452,1776216123000
1776216125.084,125.084,0.06,51.1,0.05,54.7,0.11,18.0,0.12,24.6,0.89,18.0,0.88,24.6,0.94,51.1,0.95,54.7,0.05,0.05,0.093454,1776216124000
1776216126.299,126.299,0.06,51.1,0.05,54.7,0.11,18.0,0.12,24.6,0.89,18.0,0.88,24.6,0.94,51.1,0.95,54.7,0.05,0.05,0.093457,1776216125000
1776216127.042,127.042,0.06,51.1,0.05,54.7,0.11,18.0,0.12,24.6,0.89,18.0,0.88,24.6,0.94,51.1,0.95,54.7,0.05,0.05,0.093463,1776216126000
1776216128.155,128.155,0.06,51.1,0.05,54.7,0.11,18.0,0.12,24.6,0.89,18.0,0.88,24.6,0.94,51.1,0.95,54.7,0.05,0.05,0.09346,1776216127000
1776216129.418,129.418,0.06,51.1,0.05,54.7,0.11,18.0,0.12,24.6,0.89,18.0,0.88,24.6,0.94,51.1,0.95,54.7,0.05,0.05,0.093455,1776216128000
1776216129.985,129.985,0.06,51.1,0.05,54.7,0.11,18.0,0.12,24.6,0.89,18.0,0.88,24.6,0.94,51.1,0.95,54.7,0.05,0.05,0.093458,1776216129000
1776216131.188,131.188,0.06,51.1,0.05,54.7,0.11,18.0,0.12,24.6,0.89,18.0,0.88,24.6,0.94,51.1,0.95,54.7,0.05,0.05,0.093462,1776216130000
1776216132.397,132.397,0.06,51.1,0.05,54.7,0.11,18.0,0.12,24.6,0.89,18.0,0.88,24.6,0.94,51.1,0.95,54.7,0.05,0.05,0.09346,1776216131000
1776216132.994,132.994,0.06,51.1,0.05,54.7,0.11,18.0,0.12,24.6,0.89,18.0,0.88,24.6,0.94,51.1,0.95,54.7,0.05,0.05,0.093458,1776216132000
1776216134.122,134.122,0.06,51.1,0.05,54.7,0.11,18.0,0.12,24.6,0.89,18.0,0.88,24.6,0.94,51.1,0.95,54.7,0.05,0.05,0.093458,1776216133000
1776216135.235,135.235,0.06,51.1,0.05,54.7,0.11,18.0,0.12,24.6,0.89,18.0,0.88,24.6,0.94,51.1,0.95,54.7,0.05,0.05,0.093458,1776216134000
1776216136.33,136.33,0.06,51.1,0.05,54.7,0.11,18.0,0.12,24.6,0.89,18.0,0.88,24.6,0.94,51.1,0.95,54.7,0.05,0.05,0.093458,1776216135000
1776216136.985,136.985,0.06,51.1,0.05,54.7,0.11,18.0,0.12,24.6,0.89,18.0,0.88,24.6,0.94,51.1,0.95,54.7,0.05,0.05,0.09346,1776216136000
1776216139.238,139.238,0.06,51.1,0.05,54.7,0.11,18.0,0.12,24.6,0.89,18.0,0.88,24.6,0.94,51.1,0.95,54.7,0.05,0.05,0.093461,1776216138000
1776216140.638,140.638,0.06,51.1,0.05,54.7,0.11,18.0,0.12,24.6,0.89,18.0,0.88,24.6,0.94,51.1,0.95,54.7,0.05,0.05,0.093462,1776216139000
1776216141.253,141.253,0.06,51.1,0.05,54.7,0.11,18.0,0.12,24.6,0.89,18.0,0.88,24.6,0.94,51.1,0.95,54.7,0.05,0.05,0.09346,1776216140000
1776216142.656,142.656,0.06,51.1,0.05,54.7,0.11,18.0,0.12,24.6,0.89,18.0,0.88,24.6,0.94,51.1,0.95,54.7,0.05,0.05,0.09346,1776216141000
1776216143.215,143.215,0.06,51.1,0.05,54.7,0.11,18.0,0.12,24.6,0.89,18.0,0.88,24.6,0.94,51.1,0.95,54.7,0.05,0.05,0.09346,1776216142000
1776216144.543,144.543,0.06,51.1,0.05,54.7,0.11,18.0,0.12,24.6,0.89,18.0,0.88,24.6,0.94,51.1,0.95,54.7,0.05,0.05,0.093459,1776216143000
1776216145.128,145.128,0.06,51.1,0.05,54.7,0.11,18.0,0.12,24.6,0.89,18.0,0.88,24.6,0.94,51.1,0.95,54.7,0.05,0.05,0.093461,1776216144000
1776216146.93,146.93,0.06,51.1,0.05,54.7,0.11,18.0,0.12,24.6,0.89,18.0,0.88,24.6,0.94,51.1,0.95,54.7,0.05,0.05,0.093462,1776216146000
1776216148.719,148.719,0.06,51.1,0.05,54.7,0.11,18.0,0.12,24.6,0.89,18.0,0.88,24.6,0.94,51.1,0.95,54.7,0.05,0.05,0.093465,1776216147000
1776216149.365,149.365,0.06,51.1,0.05,54.7,0.11,18.0,0.12,24.6,0.89,18.0,0.88,24.6,0.94,51.1,0.95,54.7,0.05,0.05,0.09347,1776216148000
1776216150.544,150.544,0.04,74.78,0.03,226.83,0.09,31.7,0.1,28.9,0.89,18.0,0.88,24.6,0.94,51.1,0.95,54.7,0.05,0.05,0.09347,1776216148000
1776216150.818,150.818,0.04,74.78,0.03,226.83,0.09,31.7,0.1,28.9,0.91,31.7,0.9,28.9,0.96,74.78,0.97,226.83,0.05,0.05,0.093474,1776216149000
1776216151.49,151.49,0.04,74.78,0.03,226.83,0.09,31.7,0.1,28.9,0.91,31.7,0.9,28.9,0.96,74.78,0.97,226.83,0.05,0.05,0.093473,1776216150000
1776216152.665,152.665,0.04,74.78,0.03,226.83,0.09,31.7,0.1,28.9,0.91,31.7,0.9,28.9,0.96,74.78,0.97,226.83,0.05,0.05,0.093473,1776216151000
1776216153.292,153.292,0.04,74.78,0.03,226.83,0.09,31.7,0.1,28.9,0.91,31.7,0.9,28.9,0.96,74.78,0.97,226.83,0.05,0.05,0.093473,1776216152000
1776216154.641,154.641,0.04,74.78,0.03,226.83,0.09,31.7,0.1,28.9,0.91,31.7,0.9,28.9,0.96,74.78,0.97,226.83,0.05,0.05,0.093476,1776216153000
1776216155.224,155.224,0.04,74.78,0.03,226.83,0.09,31.7,0.1,28.9,0.91,31.7,0.9,28.9,0.96,74.78,0.97,226.83,0.05,0.05,0.093485,1776216154000
1776216156.741,156.741,0.04,74.78,0.03,226.83,0.09,31.7,0.1,28.9,0.91,31.7,0.9,28.9,0.96,74.78,0.97,226.83,0.05,0.05,0.093485,1776216155000
1776216158.274,158.274,0.05,53.64,0.04,74.78,0.09,31.7,0.1,28.9,0.91,31.7,0.9,28.9,0.96,74.78,0.97,226.83,0.04,0.05,0.093485,1776216155000
1776216159.049,159.049,0.05,53.64,0.04,74.78,0.09,31.7,0.1,28.9,0.91,31.7,0.9,28.9,0.95,53.64,0.96,74.78,0.04,0.04,0.093483,1776216158000
1776216160.419,160.419,0.05,53.64,0.04,74.78,0.09,31.7,0.1,28.9,0.91,31.7,0.9,28.9,0.95,53.64,0.96,74.78,0.04,0.04,0.093483,1776216159000
1776216161.152,161.152,0.05,53.64,0.04,74.78,0.09,31.7,0.1,28.9,0.91,31.7,0.9,28.9,0.95,53.64,0.96,74.78,0.04,0.04,0.093483,1776216160000
1776216162.482,162.482,0.05,53.64,0.04,74.78,0.09,31.7,0.1,28.9,0.91,31.7,0.9,28.9,0.95,53.64,0.96,74.78,0.04,0.04,0.093483,1776216161000
1776216163.141,163.141,0.05,53.64,0.04,74.78,0.09,31.7,0.1,28.9,0.91,31.7,0.9,28.9,0.95,53.64,0.96,74.78,0.04,0.04,0.093483,1776216162000
1776216164.406,164.406,0.05,53.64,0.04,74.78,0.09,31.7,0.1,28.9,0.91,31.7,0.9,28.9,0.95,53.64,0.96,74.78,0.04,0.04,0.093486,1776216163000
1776216165.118,165.118,0.05,53.64,0.04,74.78,0.09,31.7,0.1,28.9,0.91,31.7,0.9,28.9,0.95,53.64,0.96,74.78,0.04,0.04,0.093486,1776216164000
1776216166.347,166.347,0.05,53.64,0.04,74.78,0.09,31.7,0.1,28.9,0.91,31.7,0.9,28.9,0.95,53.64,0.96,74.78,0.04,0.04,0.093486,1776216165000
1776216167.082,167.082,0.05,53.64,0.04,74.78,0.09,31.7,0.1,28.9,0.91,31.7,0.9,28.9,0.95,53.64,0.96,74.78,0.04,0.04,0.093486,1776216166000
1776216168.32,168.32,0.05,53.64,0.04,74.78,0.09,31.7,0.1,28.9,0.91,31.7,0.9,28.9,0.95,53.64,0.96,74.78,0.04,0.04,0.093486,1776216167000
1776216169.626,169.626,0.05,53.64,0.04,74.78,0.09,31.7,0.1,28.9,0.91,31.7,0.9,28.9,0.95,53.64,0.96,74.78,0.04,0.04,0.093487,1776216168000
1776216170.307,170.307,0.05,53.64,0.04,74.78,0.09,31.7,0.1,28.9,0.91,31.7,0.9,28.9,0.95,53.64,0.96,74.78,0.04,0.04,0.093487,1776216169000
1776216171.478,171.478,0.05,53.64,0.04,74.78,0.09,31.7,0.1,28.9,0.91,31.7,0.9,28.9,0.95,53.64,0.96,74.78,0.04,0.04,0.093487,1776216170000
1776216172.089,172.089,0.05,53.64,0.04,74.78,0.09,31.7,0.1,28.9,0.91,31.7,0.9,28.9,0.95,53.64,0.96,74.78,0.04,0.04,0.093487,1776216171000
1776216172.338,172.338,0.07,35.29,0.06,46.1,0.1,25.0,0.13,20.0,0.91,31.7,0.9,28.9,0.95,53.64,0.96,74.78,0.03,0.04,0.093487,1776216171000
1776216173.415,173.415,0.07,35.29,0.06,46.1,0.1,25.0,0.13,20.0,0.9,25.0,0.87,20.0,0.93,35.29,0.94,46.1,0.03,0.03,0.093515,1776216172000
1776216174.146,174.146,0.07,35.29,0.06,46.1,0.1,25.0,0.13,20.0,0.9,25.0,0.87,20.0,0.93,35.29,0.94,46.1,0.03,0.03,0.09351,1776216173000
1776216175.383,175.383,0.07,35.29,0.06,46.1,0.1,25.0,0.13,20.0,0.9,25.0,0.87,20.0,0.93,35.29,0.94,46.1,0.03,0.03,0.093513,1776216174000
1776216175.986,175.986,0.07,35.29,0.06,46.1,0.1,25.0,0.13,20.0,0.9,25.0,0.87,20.0,0.93,35.29,0.94,46.1,0.03,0.03,0.093512,1776216175000
1776216177.412,177.412,0.07,35.29,0.06,46.1,0.1,25.0,0.13,20.0,0.9,25.0,0.87,20.0,0.93,35.29,0.94,46.1,0.03,0.03,0.093512,1776216176000
1776216178.169,178.169,0.07,35.29,0.06,46.1,0.1,25.0,0.13,20.0,0.9,25.0,0.87,20.0,0.93,35.29,0.94,46.1,0.03,0.03,0.093512,1776216177000
1776216179.291,179.291,0.07,35.29,0.06,46.1,0.1,25.0,0.13,20.0,0.9,25.0,0.87,20.0,0.93,35.29,0.94,46.1,0.03,0.03,0.093512,1776216178000
1776216180.344,180.344,0.07,35.29,0.06,46.1,0.1,25.0,0.13,20.0,0.9,25.0,0.87,20.0,0.93,35.29,0.94,46.1,0.03,0.03,0.093512,1776216179000
1776216181.035,181.035,0.07,35.29,0.06,46.1,0.1,25.0,0.13,20.0,0.9,25.0,0.87,20.0,0.93,35.29,0.94,46.1,0.03,0.03,0.093518,1776216180000
1776216181.644,181.644,0.08,33.27,0.07,44.9,0.17,16.0,0.18,17.6,0.9,25.0,0.87,20.0,0.93,35.29,0.94,46.1,0.09,0.03,0.093518,1776216180000
1776216182.108,182.108,0.08,33.27,0.07,44.9,0.17,16.0,0.18,17.6,0.83,16.0,0.82,17.6,0.92,33.27,0.93,44.9,0.09,0.09,0.09352,1776216181000
1776216183.588,183.588,0.08,33.27,0.07,44.9,0.17,16.0,0.18,17.6,0.83,16.0,0.82,17.6,0.92,33.27,0.93,44.9,0.09,0.09,0.09352,1776216182000
1776216184.476,184.476,0.08,33.27,0.07,44.9,0.17,16.0,0.18,17.6,0.83,16.0,0.82,17.6,0.92,33.27,0.93,44.9,0.09,0.09,0.093518,1776216183000
1776216184.992,184.992,0.08,33.27,0.07,44.9,0.17,16.0,0.18,17.6,0.83,16.0,0.82,17.6,0.92,33.27,0.93,44.9,0.09,0.09,0.093519,1776216184000
1776216186.199,186.199,0.08,33.27,0.07,44.9,0.17,16.0,0.18,17.6,0.83,16.0,0.82,17.6,0.92,33.27,0.93,44.9,0.09,0.09,0.093519,1776216185000
1776216187.429,187.429,0.08,33.27,0.07,44.9,0.17,16.0,0.18,17.6,0.83,16.0,0.82,17.6,0.92,33.27,0.93,44.9,0.09,0.09,0.093519,1776216186000
1776216188.015,188.015,0.08,33.27,0.07,44.9,0.17,16.0,0.18,17.6,0.83,16.0,0.82,17.6,0.92,33.27,0.93,44.9,0.09,0.09,0.093518,1776216187000
1776216189.283,189.283,0.08,33.27,0.07,44.9,0.17,16.0,0.18,17.6,0.83,16.0,0.82,17.6,0.92,33.27,0.93,44.9,0.09,0.09,0.093518,1776216188000
1776216190.439,190.439,0.08,33.27,0.07,44.9,0.17,16.0,0.18,17.6,0.83,16.0,0.82,17.6,0.92,33.27,0.93,44.9,0.09,0.09,0.093518,1776216189000
1776216191.035,191.035,0.08,33.27,0.07,44.9,0.17,16.0,0.18,17.6,0.83,16.0,0.82,17.6,0.92,33.27,0.93,44.9,0.09,0.09,0.093518,1776216190000
1776216192.033,192.033,0.08,33.27,0.07,44.9,0.17,16.0,0.18,17.6,0.83,16.0,0.82,17.6,0.92,33.27,0.93,44.9,0.09,0.09,0.093518,1776216191000
1776216193.247,193.247,0.08,33.27,0.07,44.9,0.17,16.0,0.18,17.6,0.83,16.0,0.82,17.6,0.92,33.27,0.93,44.9,0.09,0.09,0.093519,1776216192000
1776216194.315,194.315,0.08,33.27,0.07,44.9,0.17,16.0,0.18,17.6,0.83,16.0,0.82,17.6,0.92,33.27,0.93,44.9,0.09,0.09,0.093518,1776216193000
1776216195.39,195.39,0.08,33.27,0.07,44.9,0.17,16.0,0.18,17.6,0.83,16.0,0.82,17.6,0.92,33.27,0.93,44.9,0.09,0.09,0.093516,1776216194000
1776216196.33,196.33,0.08,33.27,0.07,44.9,0.17,16.0,0.18,17.6,0.83,16.0,0.82,17.6,0.92,33.27,0.93,44.9,0.09,0.09,0.093518,1776216195000
1776216197.029,197.029,0.08,33.27,0.07,44.9,0.17,16.0,0.18,17.6,0.83,16.0,0.82,17.6,0.92,33.27,0.93,44.9,0.09,0.09,0.093518,1776216196000
1776216198.031,198.031,0.08,33.27,0.07,44.9,0.17,16.0,0.18,17.6,0.83,16.0,0.82,17.6,0.92,33.27,0.93,44.9,0.09,0.09,0.093518,1776216197000
1776216198.357,198.357,0.05,54.7,0.04,69.78,0.12,59.6,0.13,23.0,0.83,16.0,0.82,17.6,0.92,33.27,0.93,44.9,0.07,0.09,0.093518,1776216197000
1776216199.007,199.007,0.05,54.7,0.04,69.78,0.12,59.6,0.13,23.0,0.88,59.6,0.87,23.0,0.95,54.7,0.96,69.78,0.07,0.07,0.093518,1776216198000
1776216200.086,200.086,0.05,54.7,0.04,69.78,0.12,59.6,0.13,23.0,0.88,59.6,0.87,23.0,0.95,54.7,0.96,69.78,0.07,0.07,0.093517,1776216199000
1776216201.139,201.139,0.05,54.7,0.04,69.78,0.12,59.6,0.13,23.0,0.88,59.6,0.87,23.0,0.95,54.7,0.96,69.78,0.07,0.07,0.093517,1776216200000
1776216202.163,202.163,0.05,54.7,0.04,69.78,0.12,59.6,0.13,23.0,0.88,59.6,0.87,23.0,0.95,54.7,0.96,69.78,0.07,0.07,0.093517,1776216201000
1776216203.124,203.124,0.05,54.7,0.04,69.78,0.12,59.6,0.13,23.0,0.88,59.6,0.87,23.0,0.95,54.7,0.96,69.78,0.07,0.07,0.093503,1776216202000
1776216204.153,204.153,0.05,54.7,0.04,69.78,0.12,59.6,0.13,23.0,0.88,59.6,0.87,23.0,0.95,54.7,0.96,69.78,0.07,0.07,0.0935,1776216203000
1776216205.792,205.792,0.05,54.7,0.04,69.78,0.12,59.6,0.13,23.0,0.88,59.6,0.87,23.0,0.95,54.7,0.96,69.78,0.07,0.07,0.093495,1776216204000
1776216206.278,206.278,0.05,54.7,0.04,69.78,0.12,59.6,0.13,23.0,0.88,59.6,0.87,23.0,0.95,54.7,0.96,69.78,0.07,0.07,0.093495,1776216205000
1776216206.939,206.939,0.05,54.7,0.04,69.78,0.12,59.6,0.13,23.0,0.88,59.6,0.87,23.0,0.95,54.7,0.96,69.78,0.07,0.07,0.093495,1776216206000
1776216207.968,207.968,0.05,54.7,0.04,69.78,0.12,59.6,0.13,23.0,0.88,59.6,0.87,23.0,0.95,54.7,0.96,69.78,0.07,0.07,0.093495,1776216207000
1776216208.237,208.237,0.03,79.35,0.02,147.69,0.05,54.7,0.06,46.1,0.95,54.7,0.94,46.1,0.96,1.03,0.97,100.0,0.02,0.01,0.093495,1776216207000
1776216209.13,209.13,0.03,79.35,0.02,147.69,0.05,54.7,0.06,46.1,0.95,54.7,0.94,46.1,0.97,79.35,0.98,147.69,0.02,0.02,0.093496,1776216208000
1776216210.147,210.147,0.03,79.35,0.02,147.69,0.05,54.7,0.06,46.1,0.95,54.7,0.94,46.1,0.97,79.35,0.98,147.69,0.02,0.02,0.093491,1776216209000
1776216211.15,211.15,0.03,79.35,0.02,147.69,0.05,54.7,0.06,46.1,0.95,54.7,0.94,46.1,0.97,79.35,0.98,147.69,0.02,0.02,0.093488,1776216210000
1776216212.312,212.312,0.03,79.35,0.02,147.69,0.05,54.7,0.06,46.1,0.95,54.7,0.94,46.1,0.97,79.35,0.98,147.69,0.02,0.02,0.093487,1776216211000
1776216212.819,212.819,0.03,79.35,0.02,147.69,0.05,54.7,0.06,46.1,0.95,54.7,0.94,46.1,0.97,79.35,0.98,147.69,0.02,0.02,0.093487,1776216212000
1776216213.966,213.966,0.03,79.35,0.02,147.69,0.05,54.7,0.06,46.1,0.95,54.7,0.94,46.1,0.97,79.35,0.98,147.69,0.02,0.02,0.09349,1776216213000
1776216214.968,214.968,0.03,79.35,0.02,147.69,0.05,54.7,0.06,46.1,0.95,54.7,0.94,46.1,0.97,79.35,0.98,147.69,0.02,0.02,0.09349,1776216214000
1776216215.968,215.968,0.03,43.33,0.02,15.0,0.04,72.7,0.05,64.7,0.96,72.7,0.95,64.7,0.97,43.33,0.98,15.0,0.01,0.01,0.093488,1776216215000
1776216216.435,216.435,0.02,15.0,0.01,5437.6,0.04,72.7,0.05,64.7,0.96,72.7,0.95,64.7,0.97,43.33,0.98,15.0,0.02,0.01,0.093488,1776216215000
1776216217.143,217.143,0.02,15.0,0.01,5437.6,0.04,72.7,0.05,64.7,0.96,72.7,0.95,64.7,0.98,15.0,0.99,5437.6,0.02,0.02,0.093481,1776216216000
1776216218.202,218.202,0.02,15.0,0.01,5437.6,0.04,72.7,0.05,64.7,0.96,72.7,0.95,64.7,0.98,15.0,0.99,5437.6,0.02,0.02,0.09348,1776216217000
1776216218.498,218.498,0.01,5437.6,,,0.03,94.3,0.04,72.7,0.96,72.7,0.95,64.7,0.98,15.0,0.99,5437.6,0.02,0.02,0.09348,1776216217000
1776216219.789,219.789,0.01,5386.6,,,0.03,94.3,0.04,72.7,0.97,94.3,0.96,72.7,0.99,5437.6,,,0.02,0.02,0.09348,1776216217000
1776216220.379,220.379,0.01,5386.6,,,0.03,94.3,0.04,72.7,0.97,94.3,0.96,72.7,0.99,5386.6,,,0.02,0.02,0.093481,1776216219000
1776216221.053,221.053,0.01,5386.6,,,0.03,94.3,0.04,72.7,0.97,94.3,0.96,72.7,0.99,5386.6,,,0.02,0.02,0.09348,1776216220000
1776216222.142,222.142,0.01,5386.6,,,0.03,94.3,0.04,72.7,0.97,94.3,0.96,72.7,0.99,5386.6,,,0.02,0.02,0.09348,1776216221000
1776216223.308,223.308,0.01,5386.6,,,0.03,94.3,0.04,72.7,0.97,94.3,0.96,72.7,0.99,5386.6,,,0.02,0.02,0.09348,1776216222000
1776216224.455,224.455,0.01,5386.6,,,0.03,94.3,0.04,72.7,0.97,94.3,0.96,72.7,0.99,5386.6,,,0.02,0.02,0.09348,1776216223000
1776216225.018,225.018,0.01,5386.6,,,0.03,94.3,0.04,72.7,0.97,94.3,0.96,72.7,0.99,5386.6,,,0.02,0.02,0.09348,1776216224000
1776216225.294,225.294,0.01,18.75,,,0.02,137.69,0.03,94.3,0.97,94.3,0.96,72.7,0.99,5386.6,,,0.01,0.02,0.09348,1776216224000
1776216226.098,226.098,0.01,18.75,,,0.02,137.69,0.03,94.3,0.98,137.69,0.97,94.3,0.99,18.75,,,0.01,0.01,0.093473,1776216225000
1776216227.202,227.202,0.01,18.75,,,0.02,137.69,0.03,94.3,0.98,137.69,0.97,94.3,0.99,18.75,,,0.01,0.01,0.093473,1776216226000
1776216228.317,228.317,0.01,18.75,,,0.02,137.69,0.03,94.3,0.98,137.69,0.97,94.3,0.99,18.75,,,0.01,0.01,0.093475,1776216227000
1776216229.443,229.443,0.01,18.75,,,0.02,137.69,0.03,94.3,0.98,137.69,0.97,94.3,0.99,18.75,,,0.01,0.01,0.093475,1776216228000
1776216229.901,229.901,0.01,18.75,,,0.02,137.69,0.03,94.3,0.98,137.69,0.97,94.3,0.99,18.75,,,0.01,0.01,0.093475,1776216229000
1776216231.122,231.122,0.01,18.75,,,0.02,137.69,0.03,94.3,0.98,137.69,0.97,94.3,0.99,18.75,,,0.01,0.01,0.093477,1776216230000
1776216232.19,232.19,0.01,18.75,,,0.02,137.69,0.03,94.3,0.98,137.69,0.97,94.3,0.99,18.75,,,0.01,0.01,0.093478,1776216231000
1776216233.276,233.276,0.01,18.75,,,0.02,137.69,0.03,94.3,0.98,137.69,0.97,94.3,0.99,18.75,,,0.01,0.01,0.093477,1776216232000
1776216234.84,234.84,0.01,13.75,,,0.02,137.69,0.03,89.3,0.98,137.69,0.97,89.3,0.99,13.75,,,0.01,0.01,0.093478,1776216233000
1776216235.448,235.448,0.01,13.75,,,0.02,137.69,0.03,89.3,0.98,137.69,0.97,89.3,0.99,13.75,,,0.01,0.01,0.093477,1776216234000
1776216236.309,236.309,0.01,13.75,,,0.02,137.69,0.03,89.3,0.98,137.69,0.97,89.3,0.99,13.75,,,0.01,0.01,0.093477,1776216235000
1776216237.062,237.062,0.01,13.75,,,0.02,137.69,0.03,89.3,0.98,137.69,0.97,89.3,0.99,13.75,,,0.01,0.01,0.093472,1776216236000
1776216238.473,238.473,0.01,13.75,,,0.02,137.69,0.03,89.3,0.98,137.69,0.97,89.3,0.99,13.75,,,0.01,0.01,0.093473,1776216237000
1776216238.773,238.773,0.01,3.64,,,0.02,137.69,0.03,89.3,0.98,137.69,0.97,89.3,0.99,13.75,,,0.01,0.01,0.093473,1776216237000
1776216239.248,239.248,0.01,3.64,,,0.02,137.69,0.03,89.3,0.98,137.69,0.97,89.3,0.99,3.64,,,0.01,0.01,0.093473,1776216238000
1776216240.133,240.133,,,,,0.01,14.36,0.02,137.69,0.98,137.69,0.97,89.3,0.99,3.64,,,,0.01,0.093473,1776216238000
1776216240.428,240.428,,,,,0.02,132.76,0.03,89.3,0.99,14.36,0.98,137.69,,,,,,,0.093473,1776216239000
1776216241.399,241.399,,,,,0.02,132.76,0.03,89.3,0.98,132.76,0.97,89.3,,,,,,,0.093474,1776216240000
1776216242.065,242.065,,,,,0.01,1266.05,0.02,132.76,0.98,132.76,0.97,89.3,,,,,,,0.093474,1776216240000
1776216243.469,243.469,,,,,0.01,1266.05,0.02,132.76,0.99,1266.05,0.98,132.76,,,,,,,0.093463,1776216242000
1776216244.101,244.101,,,,,0.01,1266.05,0.02,132.76,0.99,1266.05,0.98,132.76,,,,,,,0.093457,1776216243000
1776216245.494,245.494,,,,,0.01,1266.05,0.02,132.76,0.99,1266.05,0.98,132.76,,,,,,,0.09343,1776216244000
1776216246.194,246.194,,,,,0.01,1266.05,0.02,132.76,0.99,1266.05,0.98,132.76,,,,,,,0.09343,1776216245000
1776216247.669,247.669,,,,,0.01,1266.05,0.02,132.76,0.99,1266.05,0.98,132.76,,,,,,,0.093429,1776216246000
1776216248.316,248.316,,,,,0.01,1266.05,0.02,132.76,0.99,1266.05,0.98,132.76,,,,,,,0.093429,1776216247000
1776216249.559,249.559,,,,,0.01,1266.05,0.02,132.76,0.99,1266.05,0.98,132.76,,,,,,,0.093423,1776216248000
1776216250.312,250.312,,,,,0.01,1266.05,0.02,132.76,0.99,1266.05,0.98,132.76,,,,,,,0.093425,1776216249000
1776216250.982,250.982,,,,,0.01,1266.05,0.02,132.76,0.99,1266.05,0.98,132.76,,,,,,,0.093425,1776216250000
1776216252.744,252.744,,,,,0.01,1266.05,0.02,132.76,0.99,1266.05,0.98,132.76,,,,,,,0.093425,1776216251000
1776216253.528,253.528,,,,,0.01,1266.05,0.02,132.76,0.99,1266.05,0.98,132.76,,,,,,,0.093425,1776216252000
1776216254.138,254.138,,,,,0.01,1266.05,0.02,132.76,0.99,1266.05,0.98,132.76,,,,,,,0.093426,1776216253000
1776216255.544,255.544,,,,,0.01,1266.05,0.02,132.76,0.99,1266.05,0.98,132.76,,,,,,,0.093425,1776216254000
1776216256.228,256.228,,,,,0.01,1266.05,0.02,132.76,0.99,1266.05,0.98,132.76,,,,,,,0.093425,1776216255000
1776216257.495,257.495,,,,,0.01,1266.05,0.02,132.76,0.99,1266.05,0.98,132.76,,,,,,,0.093425,1776216256000
1776216258.25,258.25,,,,,0.01,1266.05,0.02,132.76,0.99,1266.05,0.98,132.76,,,,,,,0.093424,1776216257000
1776216259.506,259.506,,,,,0.01,1266.05,0.02,132.76,0.99,1266.05,0.98,132.76,,,,,,,0.093424,1776216258000
1776216260.503,260.503,,,,,0.01,1266.05,0.02,132.76,0.99,1266.05,0.98,132.76,,,,,,,0.093425,1776216259000
1776216261.261,261.261,,,,,0.01,1266.05,0.02,132.76,0.99,1266.05,0.98,132.76,,,,,,,0.093425,1776216260000
1776216262.693,262.693,,,,,0.01,1266.05,0.02,132.76,0.99,1266.05,0.98,132.76,,,,,,,0.093424,1776216261000
1776216263.364,263.364,,,,,0.01,1266.05,0.02,132.76,0.99,1266.05,0.98,132.76,,,,,,,0.093424,1776216262000
1776216264.151,264.151,,,,,0.01,1266.05,0.02,132.76,0.99,1266.05,0.98,132.76,,,,,,,0.093425,1776216263000
1776216265.663,265.663,,,,,0.01,1266.05,0.02,132.76,0.99,1266.05,0.98,132.76,,,,,,,0.093423,1776216264000
1776216266.46,266.46,,,,,0.01,1266.05,0.02,132.76,0.99,1266.05,0.98,132.76,,,,,,,0.093422,1776216265000
1776216267.356,267.356,,,,,0.01,1266.05,0.02,132.76,0.99,1266.05,0.98,132.76,,,,,,,0.093422,1776216266000
1776216267.957,267.957,,,,,0.01,1266.05,0.02,132.76,0.99,1266.05,0.98,132.76,,,,,,,0.093422,1776216267000
1776216269.309,269.309,,,,,0.01,1266.05,0.02,132.76,0.99,1266.05,0.98,132.76,,,,,,,0.093421,1776216268000
1776216269.947,269.947,,,,,0.01,1266.05,0.02,132.76,0.99,1266.05,0.98,132.76,,,,,,,0.09342,1776216269000
1776216270.927,270.927,,,,,0.01,1266.05,0.02,132.76,0.99,1266.05,0.98,132.76,,,,,,,0.093422,1776216270000
1776216272.028,272.028,,,,,0.01,1266.05,0.02,132.76,0.99,1266.05,0.98,132.76,,,,,,,0.093423,1776216271000
1776216273.131,273.131,,,,,0.01,1266.05,0.02,132.76,0.99,1266.05,0.98,132.76,,,,,,,0.093422,1776216272000
1776216274.173,274.173,,,,,0.01,1266.05,0.02,132.76,0.99,1266.05,0.98,132.76,,,,,,,0.093422,1776216273000
1776216275.208,275.208,,,,,0.01,1266.05,0.02,132.76,0.99,1266.05,0.98,132.76,,,,,,,0.093423,1776216274000
1776216276.279,276.279,,,,,0.01,1266.05,0.02,132.76,0.99,1266.05,0.98,132.76,,,,,,,0.093424,1776216275000
1776216277.34,277.34,,,,,0.01,1266.05,0.02,132.76,0.99,1266.05,0.98,132.76,,,,,,,0.093425,1776216276000
1776216277.941,277.941,,,,,0.01,1266.05,0.02,132.76,0.99,1266.05,0.98,132.76,,,,,,,0.093425,1776216277000
1776216278.979,278.979,,,,,0.01,1266.05,0.02,132.76,0.99,1266.05,0.98,132.76,,,,,,,0.093425,1776216278000
1776216280.085,280.085,,,,,0.01,1266.05,0.02,132.76,0.99,1266.05,0.98,132.76,,,,,,,0.093425,1776216279000
1776216281.115,281.115,,,,,0.01,1266.05,0.02,132.76,0.99,1266.05,0.98,132.76,,,,,,,0.093425,1776216280000
1776216282.139,282.139,,,,,0.01,1266.05,0.02,132.76,0.99,1266.05,0.98,132.76,,,,,,,0.093425,1776216281000
1776216283.307,283.307,,,,,0.01,1266.05,0.02,132.76,0.99,1266.05,0.98,132.76,,,,,,,0.093425,1776216282000
1776216285.002,285.002,,,,,0.01,1266.05,0.02,132.76,0.99,1266.05,0.98,132.76,,,,,,,0.093421,1776216283000
1776216285.514,285.514,,,,,0.01,1266.05,0.02,132.76,0.99,1266.05,0.98,132.76,,,,,,,0.093421,1776216284000
1776216286.082,286.082,,,,,0.01,1266.05,0.02,132.76,0.99,1266.05,0.98,132.76,,,,,,,0.09343,1776216285000
1776216287.323,287.323,,,,,0.01,1266.05,0.02,132.76,0.99,1266.05,0.98,132.76,,,,,,,0.093445,1776216286000
1776216288.406,288.406,,,,,0.01,1266.05,0.02,132.76,0.99,1266.05,0.98,132.76,,,,,,,0.093451,1776216287000
1776216289.005,289.005,,,,,0.01,1266.05,0.02,132.76,0.99,1266.05,0.98,132.76,,,,,,,0.093451,1776216288000
1776216290.219,290.219,,,,,0.01,1266.05,0.02,132.76,0.99,1266.05,0.98,132.76,,,,,,,0.093451,1776216289000
1776216291.31,291.31,,,,,0.01,1266.05,0.02,132.76,0.99,1266.05,0.98,132.76,,,,,,,0.09345,1776216290000
1776216292.41,292.41,,,,,0.01,1266.05,0.02,132.76,0.99,1266.05,0.98,132.76,,,,,,,0.093449,1776216291000
1776216293.026,293.026,,,,,0.01,1266.05,0.02,132.76,0.99,1266.05,0.98,132.76,,,,,,,0.093449,1776216292000
1776216294.159,294.159,,,,,0.01,1266.05,0.02,132.76,0.99,1266.05,0.98,132.76,,,,,,,0.093449,1776216293000
1776216295.25,295.25,,,,,0.01,1266.05,0.02,132.76,0.99,1266.05,0.98,132.76,,,,,,,0.09345,1776216294000
1776216296.3,296.3,,,,,0.01,1266.05,0.02,132.76,0.99,1266.05,0.98,132.76,,,,,,,0.09345,1776216295000
1776216297.385,297.385,,,,,0.01,1266.05,0.02,132.76,0.99,1266.05,0.98,132.76,,,,,,,0.09345,1776216296000
1776216297.967,297.967,,,,,0.01,1266.05,0.02,132.76,0.99,1266.05,0.98,132.76,,,,,,,0.09345,1776216297000
1776216299.774,299.774,,,,,0.01,1266.05,0.02,132.76,0.99,1266.05,0.98,132.76,,,,,,,0.09345,1776216298000
1776216300.525,300.525,,,,,0.01,1266.05,0.02,132.76,0.99,1266.05,0.98,132.76,,,,,,,0.093452,1776216299000
1776216301.058,301.058,,,,,0.01,1266.05,0.02,132.76,0.99,1266.05,0.98,132.76,,,,,,,0.093452,1776216300000
1776216302.316,302.316,,,,,0.01,1266.05,0.02,132.76,0.99,1266.05,0.98,132.76,,,,,,,0.093452,1776216301000
1776216302.881,302.881,,,,,0.01,1266.05,0.02,132.76,0.99,1266.05,0.98,132.76,,,,,,,0.093469,1776216302000

# RESULT,winner=Down,slug=doge-updown-5m-1776216000,ticks=320
