timestamp,elapsed_sec,up_bid_p1,up_bid_s1,up_bid_p2,up_bid_s2,up_ask_p1,up_ask_s1,up_ask_p2,up_ask_s2,down_bid_p1,down_bid_s1,down_bid_p2,down_bid_s2,down_ask_p1,down_ask_s1,down_ask_p2,down_ask_s2,up_spread,down_spread,doge_price,doge_oracle_ts
1776326101.857,1.857,0.5,1.0,0.41,37.0,0.59,37.0,0.6,33.0,0.41,37.0,0.4,33.0,0.5,1.0,0.59,37.0,0.09,0.09,0.096299,1776326100000
1776326102.611,2.611,0.5,1.0,0.41,37.0,0.59,37.0,0.6,33.0,0.41,37.0,0.4,33.0,0.5,1.0,0.59,37.0,0.09,0.09,0.096308,1776326101000
1776326103.582,3.582,0.5,1.0,0.41,37.0,0.59,37.0,0.6,33.0,0.41,37.0,0.4,33.0,0.5,1.0,0.59,37.0,0.09,0.09,0.096292,1776326102000
1776326104.368,4.368,0.5,1.0,0.41,37.0,0.59,37.0,0.6,33.0,0.41,37.0,0.4,33.0,0.5,1.0,0.59,37.0,0.09,0.09,0.09627,1776326103000
1776326105.074,5.074,0.5,1.0,0.41,37.0,0.59,37.0,0.6,33.0,0.41,37.0,0.4,33.0,0.5,1.0,0.59,37.0,0.09,0.09,0.096275,1776326104000
1776326105.843,5.843,0.45,8.0,0.38,5.0,0.51,6.0,0.52,10.0,0.41,37.0,0.4,33.0,0.5,1.0,0.59,37.0,0.06,0.09,0.096275,1776326104000
1776326106.324,6.324,0.45,5.12,0.37,5.0,0.46,6.0,0.55,8.0,0.49,6.0,0.48,10.0,0.55,8.0,0.62,5.0,0.01,0.06,0.096275,1776326104000
1776326106.784,6.784,0.45,0.12,0.41,50.0,0.5,10.0,0.51,10.0,0.54,6.0,0.45,8.0,0.55,5.12,0.63,5.0,0.05,0.01,0.096277,1776326105000
1776326107.0,7.0,0.46,1.0,0.45,0.12,0.55,8.0,0.61,60.0,0.5,10.0,0.49,10.0,0.55,0.12,0.59,50.0,0.09,0.05,0.096277,1776326105000
1776326108.081,8.081,0.54,3.82,0.45,0.12,0.55,8.0,0.65,10.0,0.45,8.0,0.39,60.0,0.54,1.0,0.55,0.12,0.01,0.09,0.096278,1776326106000
1776326108.317,8.317,0.54,3.82,0.45,10.12,0.55,3.0,0.69,10.0,0.45,8.0,0.35,10.0,0.46,3.82,0.55,0.12,0.01,0.01,0.096278,1776326106000
1776326108.706,8.706,0.54,3.82,0.45,10.12,0.69,10.0,0.7,10.0,0.31,10.0,0.3,10.0,0.46,3.82,0.55,10.12,0.15,0.15,0.096274,1776326107000
1776326109.392,9.392,0.54,3.82,0.45,10.12,0.69,10.0,0.7,10.0,0.31,10.0,0.3,10.0,0.46,3.82,0.55,10.12,0.15,0.15,0.09628,1776326108000
1776326109.626,9.626,0.5,10.0,0.49,10.0,0.67,6.0,0.7,5.0,0.31,10.0,0.3,10.0,0.46,3.82,0.55,10.12,0.17,0.15,0.09628,1776326108000
1776326110.213,10.213,0.5,10.0,0.49,10.0,0.67,6.0,0.7,5.0,0.33,6.0,0.3,5.0,0.5,10.0,0.51,10.0,0.17,0.17,0.096327,1776326109000
1776326111.639,11.639,0.5,10.0,0.49,10.0,0.67,6.0,0.7,5.0,0.33,6.0,0.3,5.0,0.5,10.0,0.51,10.0,0.17,0.17,0.096347,1776326110000
1776326112.374,12.374,0.5,10.0,0.49,10.0,0.67,6.0,0.7,5.0,0.33,6.0,0.3,5.0,0.5,10.0,0.51,10.0,0.17,0.17,0.096361,1776326111000
1776326113.027,13.027,0.5,10.0,0.49,10.0,0.67,6.0,0.7,5.0,0.33,6.0,0.3,5.0,0.5,10.0,0.51,10.0,0.17,0.17,0.096362,1776326112000
1776326114.055,14.055,0.64,3.22,0.63,10.0,0.71,50.0,0.73,30.0,0.33,6.0,0.3,5.0,0.5,10.0,0.51,10.0,0.07,0.17,0.096362,1776326112000
1776326114.606,14.606,0.64,3.22,0.63,10.0,0.71,50.0,0.73,30.0,0.29,50.0,0.27,30.0,0.36,3.22,0.37,10.0,0.07,0.07,0.096368,1776326113000
1776326115.281,15.281,0.64,3.22,0.63,10.0,0.71,50.0,0.73,30.0,0.29,50.0,0.27,30.0,0.36,3.22,0.37,10.0,0.07,0.07,0.096361,1776326114000
1776326115.685,15.685,0.64,1.83,0.63,10.0,0.71,50.0,0.73,10.0,0.29,50.0,0.27,30.0,0.36,3.22,0.37,10.0,0.07,0.07,0.096361,1776326114000
1776326116.011,16.011,0.64,1.83,0.63,10.0,0.71,50.0,0.73,10.0,0.29,50.0,0.27,10.0,0.36,1.83,0.37,10.0,0.07,0.07,0.09636,1776326115000
1776326116.75,16.75,0.64,1.83,0.63,10.0,0.71,44.51,0.73,10.0,0.29,50.0,0.27,10.0,0.36,1.83,0.37,10.0,0.07,0.07,0.09636,1776326115000
1776326117.618,17.618,0.64,1.83,0.63,10.0,0.71,44.51,0.73,10.0,0.29,44.51,0.27,10.0,0.36,1.83,0.37,10.0,0.07,0.07,0.096362,1776326116000
1776326118.407,18.407,0.64,1.83,0.63,10.0,0.71,40.74,0.73,10.0,0.29,40.74,0.27,10.0,0.36,1.83,0.37,10.0,0.07,0.07,0.096364,1776326117000
1776326119.132,19.132,0.64,1.83,0.63,10.0,0.71,40.74,0.73,10.0,0.29,40.74,0.27,10.0,0.36,1.83,0.37,10.0,0.07,0.07,0.096365,1776326118000
1776326120.111,20.111,0.64,1.83,0.63,10.0,0.71,40.74,0.73,10.0,0.29,40.74,0.27,10.0,0.36,1.83,0.37,10.0,0.07,0.07,0.096369,1776326119000
1776326121.357,21.357,0.64,1.83,0.63,10.0,0.71,40.74,0.73,10.0,0.29,40.74,0.27,10.0,0.36,1.83,0.37,10.0,0.07,0.07,0.09637,1776326120000
1776326122.37,22.37,0.64,1.83,0.63,10.0,0.71,40.74,0.73,10.0,0.29,40.74,0.27,10.0,0.36,1.83,0.37,10.0,0.07,0.07,0.096381,1776326121000
1776326123.192,23.192,0.64,1.83,0.63,10.0,0.71,40.74,0.73,10.0,0.29,40.74,0.27,10.0,0.36,1.83,0.37,10.0,0.07,0.07,0.096386,1776326122000
1776326124.266,24.266,0.64,1.83,0.63,10.0,0.71,40.74,0.73,10.0,0.29,40.74,0.27,10.0,0.36,1.83,0.37,10.0,0.07,0.07,0.096391,1776326123000
1776326125.604,25.604,0.64,1.83,0.63,10.0,0.71,40.74,0.73,10.0,0.29,40.74,0.27,10.0,0.36,1.83,0.37,10.0,0.07,0.07,0.096395,1776326124000
1776326126.239,26.239,0.64,1.83,0.63,10.0,0.71,40.74,0.73,10.0,0.29,40.74,0.27,10.0,0.36,1.83,0.37,10.0,0.07,0.07,0.096395,1776326125000
1776326127.361,27.361,0.64,1.83,0.63,10.0,0.71,40.74,0.73,10.0,0.29,40.74,0.27,10.0,0.36,1.83,0.37,10.0,0.07,0.07,0.096396,1776326126000
1776326127.953,27.953,0.64,1.83,0.63,10.0,0.71,40.74,0.73,10.0,0.29,40.74,0.27,10.0,0.36,1.83,0.37,10.0,0.07,0.07,0.096396,1776326127000
1776326129.161,29.161,0.64,1.83,0.63,10.0,0.71,40.74,0.73,10.0,0.29,40.74,0.27,10.0,0.36,1.83,0.37,10.0,0.07,0.07,0.096395,1776326128000
1776326130.289,30.289,0.64,1.83,0.63,10.0,0.71,40.74,0.73,10.0,0.29,40.74,0.27,10.0,0.36,1.83,0.37,10.0,0.07,0.07,0.096394,1776326129000
1776326131.443,31.443,0.64,1.83,0.63,10.0,0.71,40.74,0.73,10.0,0.29,40.74,0.27,10.0,0.36,1.83,0.37,10.0,0.07,0.07,0.096383,1776326130000
1776326131.997,31.997,0.64,1.83,0.63,10.0,0.71,40.74,0.73,10.0,0.29,40.74,0.27,10.0,0.36,1.83,0.37,10.0,0.07,0.07,0.096386,1776326131000
1776326133.19,33.19,0.64,1.83,0.63,10.0,0.71,40.74,0.73,10.0,0.29,40.74,0.27,10.0,0.36,1.83,0.37,10.0,0.07,0.07,0.096389,1776326132000
1776326134.363,34.363,0.64,1.83,0.63,10.0,0.71,40.74,0.73,10.0,0.29,40.74,0.27,10.0,0.36,1.83,0.37,10.0,0.07,0.07,0.096386,1776326133000
1776326135.392,35.392,0.64,1.83,0.63,10.0,0.71,40.74,0.73,10.0,0.29,40.74,0.27,10.0,0.36,1.83,0.37,10.0,0.07,0.07,0.096387,1776326134000
1776326135.808,35.808,0.76,5.83,0.65,20.0,0.81,50.0,0.84,20.0,0.29,40.74,0.27,10.0,0.36,1.83,0.37,10.0,0.05,0.07,0.096387,1776326134000
1776326136.051,36.051,0.76,5.83,0.65,20.0,0.81,50.0,0.84,20.0,0.19,50.0,0.16,20.0,0.24,5.83,0.35,20.0,0.05,0.05,0.096387,1776326135000
1776326136.992,36.992,0.76,5.83,0.65,20.0,0.81,50.0,0.84,20.0,0.19,50.0,0.16,20.0,0.24,5.83,0.35,20.0,0.05,0.05,0.096404,1776326136000
1776326137.479,37.479,0.76,5.0,0.66,20.0,0.81,49.0,0.83,18.39,0.19,50.0,0.16,20.0,0.24,5.83,0.35,20.0,0.05,0.05,0.096404,1776326136000
1776326138.072,38.072,0.76,5.0,0.66,20.0,0.81,49.0,0.83,18.39,0.19,49.0,0.17,18.39,0.24,5.0,0.34,20.0,0.05,0.05,0.09641,1776326137000
1776326139.18,39.18,0.76,5.0,0.66,20.0,0.81,49.0,0.83,18.39,0.19,49.0,0.17,18.39,0.24,5.0,0.34,20.0,0.05,0.05,0.096412,1776326138000
1776326139.712,39.712,0.76,5.0,0.66,20.0,0.8,11.2,0.81,65.89,0.19,49.0,0.17,18.39,0.24,5.0,0.34,20.0,0.04,0.05,0.096412,1776326138000
1776326140.183,40.183,0.76,5.0,0.66,20.0,0.8,11.2,0.81,65.89,0.2,11.2,0.19,65.89,0.24,5.0,0.34,20.0,0.04,0.04,0.096415,1776326139000
1776326140.671,40.671,0.76,0.83,0.66,20.0,0.8,11.2,0.81,65.89,0.2,11.2,0.19,65.89,0.24,5.0,0.34,20.0,0.04,0.04,0.096415,1776326139000
1776326141.186,41.186,0.76,0.83,0.66,20.0,0.8,11.2,0.81,65.89,0.2,11.2,0.19,65.89,0.24,0.83,0.34,20.0,0.04,0.04,0.096411,1776326140000
1776326142.211,42.211,0.76,0.83,0.66,20.0,0.8,11.2,0.81,65.89,0.2,11.2,0.19,65.89,0.24,0.83,0.34,20.0,0.04,0.04,0.096413,1776326141000
1776326143.262,43.262,0.76,0.83,0.66,20.0,0.8,11.2,0.81,65.89,0.2,11.2,0.19,65.89,0.24,0.83,0.34,20.0,0.04,0.04,0.096411,1776326142000
1776326143.948,43.948,0.67,6.0,0.64,20.0,0.8,9.95,0.81,65.89,0.2,11.2,0.19,65.89,0.24,0.83,0.34,20.0,0.13,0.04,0.096411,1776326142000
1776326144.354,44.354,0.67,6.0,0.64,20.0,0.8,9.95,0.81,65.89,0.2,9.95,0.19,65.89,0.33,6.0,0.36,20.0,0.13,0.13,0.096411,1776326143000
1776326144.855,44.855,0.67,6.0,0.64,20.0,0.8,9.95,0.81,65.89,0.2,9.95,0.19,65.89,0.33,6.0,0.36,20.0,0.13,0.13,0.096411,1776326144000
1776326145.856,45.856,0.67,6.0,0.64,20.0,0.8,9.95,0.81,65.89,0.2,9.95,0.19,65.89,0.33,6.0,0.36,20.0,0.13,0.13,0.096415,1776326145000
1776326146.912,46.912,0.67,6.0,0.64,20.0,0.8,9.95,0.81,65.89,0.2,9.95,0.19,65.89,0.33,6.0,0.36,20.0,0.13,0.13,0.096422,1776326146000
1776326147.962,47.962,0.67,6.0,0.64,20.0,0.8,9.95,0.81,65.89,0.2,9.95,0.19,65.89,0.33,6.0,0.36,20.0,0.13,0.13,0.096439,1776326147000
1776326149.234,49.234,0.67,6.0,0.64,20.0,0.8,9.95,0.81,65.89,0.2,9.95,0.19,65.89,0.33,6.0,0.36,20.0,0.13,0.13,0.096436,1776326148000
1776326151.242,51.242,0.69,69.0,0.68,30.0,0.85,11.91,0.86,41.6,0.15,11.91,0.14,41.6,0.31,69.0,0.32,30.0,0.16,0.16,0.096439,1776326149000
1776326151.807,51.807,0.69,69.0,0.68,30.0,0.85,11.91,0.86,41.6,0.15,11.91,0.14,41.6,0.31,69.0,0.32,30.0,0.16,0.16,0.096439,1776326150000
1776326152.703,52.703,0.69,69.0,0.68,30.0,0.85,11.91,0.86,41.6,0.15,11.91,0.14,41.6,0.31,69.0,0.32,30.0,0.16,0.16,0.096431,1776326151000
1776326153.318,53.318,0.69,69.0,0.68,30.0,0.85,11.91,0.86,41.6,0.15,11.91,0.14,41.6,0.31,69.0,0.32,30.0,0.16,0.16,0.096434,1776326152000
1776326154.249,54.249,0.69,69.0,0.68,30.0,0.85,11.91,0.86,41.6,0.15,11.91,0.14,41.6,0.31,69.0,0.32,30.0,0.16,0.16,0.096435,1776326153000
1776326155.573,55.573,0.69,69.0,0.68,30.0,0.85,11.91,0.86,41.6,0.15,11.91,0.14,41.6,0.31,69.0,0.32,30.0,0.16,0.16,0.096435,1776326154000
1776326156.279,56.279,0.69,78.0,0.67,10.0,0.85,11.91,0.86,21.6,0.15,11.91,0.14,21.6,0.31,78.0,0.33,10.0,0.16,0.16,0.096435,1776326155000
1776326157.637,57.637,0.69,78.0,0.67,10.0,0.85,11.91,0.86,21.6,0.15,11.91,0.14,21.6,0.31,78.0,0.33,10.0,0.16,0.16,0.096436,1776326156000
1776326158.454,58.454,0.69,78.0,0.67,10.0,0.85,11.91,0.86,21.6,0.15,11.91,0.14,21.6,0.31,78.0,0.33,10.0,0.16,0.16,0.096445,1776326157000
1776326158.781,58.781,0.7,86.66,0.69,10.0,0.88,44.6,0.89,126.6,0.15,11.91,0.14,21.6,0.31,78.0,0.33,10.0,0.18,0.16,0.096445,1776326157000
1776326159.356,59.356,0.7,86.66,0.69,10.0,0.88,44.6,0.89,126.6,0.12,44.6,0.11,126.6,0.3,86.66,0.31,10.0,0.18,0.18,0.096445,1776326158000
1776326160.23,60.23,0.7,86.66,0.69,10.0,0.88,44.6,0.89,126.6,0.12,44.6,0.11,126.6,0.3,86.66,0.31,10.0,0.18,0.18,0.096443,1776326159000
1776326161.127,61.127,0.71,72.0,0.7,10.0,0.88,23.35,0.89,26.6,0.12,44.6,0.11,126.6,0.3,86.66,0.31,10.0,0.17,0.18,0.096443,1776326159000
1776326161.697,61.697,0.71,72.0,0.7,10.0,0.88,23.35,0.89,26.6,0.12,23.35,0.11,26.6,0.29,72.0,0.3,10.0,0.17,0.17,0.096446,1776326160000
1776326162.346,62.346,0.71,72.0,0.7,10.0,0.88,23.35,0.89,26.6,0.12,23.35,0.11,26.6,0.29,72.0,0.3,10.0,0.17,0.17,0.096448,1776326161000
1776326163.296,63.296,0.71,10.0,0.7,10.0,0.89,14.48,0.9,48.9,0.11,14.48,0.1,48.9,0.29,10.0,0.3,10.0,0.18,0.18,0.096449,1776326162000
1776326164.088,64.088,0.71,10.0,0.7,10.0,0.89,14.48,0.9,48.9,0.11,14.48,0.1,48.9,0.29,10.0,0.3,10.0,0.18,0.18,0.096451,1776326163000
1776326165.552,65.552,0.71,10.0,0.7,10.0,0.89,14.48,0.9,48.9,0.11,14.48,0.1,48.9,0.29,10.0,0.3,10.0,0.18,0.18,0.096462,1776326164000
1776326166.315,66.315,0.71,10.0,0.7,10.0,0.89,14.48,0.9,48.9,0.11,14.48,0.1,48.9,0.29,10.0,0.3,10.0,0.18,0.18,0.096467,1776326165000
1776326167.006,67.006,0.71,10.0,0.7,10.0,0.89,14.48,0.9,48.9,0.11,14.48,0.1,48.9,0.29,10.0,0.3,10.0,0.18,0.18,0.096485,1776326166000
1776326169.061,69.061,0.71,10.0,0.7,10.0,0.89,14.48,0.9,48.9,0.11,14.48,0.1,48.9,0.29,10.0,0.3,10.0,0.18,0.18,0.09648,1776326168000
1776326170.002,70.002,0.71,10.0,0.7,10.0,0.89,14.48,0.9,48.9,0.11,14.48,0.1,48.9,0.29,10.0,0.3,10.0,0.18,0.18,0.096482,1776326169000
1776326170.945,70.945,0.71,10.0,0.7,10.0,0.89,14.48,0.9,48.9,0.11,14.48,0.1,48.9,0.29,10.0,0.3,10.0,0.18,0.18,0.096483,1776326170000
1776326171.942,71.942,0.71,10.0,0.7,10.0,0.89,14.48,0.9,48.9,0.11,14.48,0.1,48.9,0.29,10.0,0.3,10.0,0.18,0.18,0.096483,1776326171000
1776326173.648,73.648,0.71,10.0,0.7,10.0,0.89,14.48,0.9,48.9,0.11,14.48,0.1,48.9,0.29,10.0,0.3,10.0,0.18,0.18,0.096483,1776326172000
1776326174.115,74.115,0.71,10.0,0.7,10.0,0.89,14.48,0.9,48.9,0.11,14.48,0.1,48.9,0.29,10.0,0.3,10.0,0.18,0.18,0.096486,1776326173000
1776326175.236,75.236,0.71,10.0,0.7,10.0,0.89,14.48,0.9,48.9,0.11,14.48,0.1,48.9,0.29,10.0,0.3,10.0,0.18,0.18,0.096487,1776326174000
1776326175.891,75.891,0.71,10.0,0.7,10.0,0.89,14.48,0.9,48.9,0.11,14.48,0.1,48.9,0.29,10.0,0.3,10.0,0.18,0.18,0.096486,1776326175000
1776326176.971,76.971,0.71,10.0,0.7,10.0,0.89,14.48,0.9,48.9,0.11,14.48,0.1,48.9,0.29,10.0,0.3,10.0,0.18,0.18,0.096486,1776326176000
1776326177.948,77.948,0.71,10.0,0.7,10.0,0.89,14.48,0.9,48.9,0.11,14.48,0.1,48.9,0.29,10.0,0.3,10.0,0.18,0.18,0.09649,1776326177000
1776326179.088,79.088,0.71,10.0,0.7,10.0,0.89,14.48,0.9,48.9,0.11,14.48,0.1,48.9,0.29,10.0,0.3,10.0,0.18,0.18,0.096492,1776326178000
1776326180.032,80.032,0.71,10.0,0.7,10.0,0.89,14.48,0.9,48.9,0.11,14.48,0.1,48.9,0.29,10.0,0.3,10.0,0.18,0.18,0.096492,1776326179000
1776326181.098,81.098,0.71,10.0,0.7,10.0,0.89,14.48,0.9,48.9,0.11,14.48,0.1,48.9,0.29,10.0,0.3,10.0,0.18,0.18,0.096492,1776326180000
1776326182.117,82.117,0.71,10.0,0.7,10.0,0.89,14.48,0.9,48.9,0.11,14.48,0.1,48.9,0.29,10.0,0.3,10.0,0.18,0.18,0.096497,1776326181000
1776326183.227,83.227,0.71,10.0,0.7,10.0,0.89,14.48,0.9,48.9,0.11,14.48,0.1,48.9,0.29,10.0,0.3,10.0,0.18,0.18,0.096501,1776326182000
1776326184.243,84.243,0.71,10.0,0.7,10.0,0.89,14.48,0.9,48.9,0.11,14.48,0.1,48.9,0.29,10.0,0.3,10.0,0.18,0.18,0.096501,1776326183000
1776326185.346,85.346,0.9,28.9,0.89,26.6,0.95,58.64,0.96,97.7,0.05,58.64,0.04,97.7,0.1,28.9,0.11,26.6,0.05,0.05,0.096501,1776326184000
1776326186.28,86.28,0.9,28.9,0.89,26.6,0.95,58.64,0.96,97.7,0.05,58.64,0.04,97.7,0.1,28.9,0.11,26.6,0.05,0.05,0.096501,1776326185000
1776326187.299,87.299,0.9,28.9,0.89,26.6,0.95,58.64,0.96,97.7,0.05,58.64,0.04,97.7,0.1,28.9,0.11,26.6,0.05,0.05,0.096502,1776326186000
1776326188.321,88.321,0.9,28.9,0.89,26.6,0.95,58.64,0.96,97.7,0.05,58.64,0.04,97.7,0.1,28.9,0.11,26.6,0.05,0.05,0.096502,1776326187000
1776326188.854,88.854,0.9,28.9,0.89,26.6,0.95,58.64,0.96,97.7,0.05,58.64,0.04,97.7,0.1,28.9,0.11,26.6,0.05,0.05,0.096502,1776326188000
1776326189.849,89.849,0.9,28.9,0.89,26.6,0.95,58.64,0.96,97.7,0.05,58.64,0.04,97.7,0.1,28.9,0.11,26.6,0.05,0.05,0.096499,1776326189000
1776326190.858,90.858,0.9,28.9,0.89,26.6,0.95,58.64,0.96,97.7,0.05,58.64,0.04,97.7,0.1,28.9,0.11,26.6,0.05,0.05,0.096497,1776326190000
1776326191.883,91.883,0.9,28.9,0.89,26.6,0.95,58.64,0.96,97.7,0.05,58.64,0.04,97.7,0.1,28.9,0.11,26.6,0.05,0.05,0.096498,1776326191000
1776326192.917,92.917,0.9,28.9,0.89,26.6,0.95,58.64,0.96,97.7,0.05,58.64,0.04,97.7,0.1,28.9,0.11,26.6,0.05,0.05,0.096498,1776326192000
1776326193.911,93.911,0.9,28.9,0.89,26.6,0.95,58.64,0.96,97.7,0.05,58.64,0.04,97.7,0.1,28.9,0.11,26.6,0.05,0.05,0.096497,1776326193000
1776326195.319,95.319,0.9,28.9,0.89,26.6,0.95,58.64,0.96,97.7,0.05,58.64,0.04,97.7,0.1,28.9,0.11,26.6,0.05,0.05,0.096499,1776326194000
1776326196.517,96.517,0.9,28.9,0.89,26.6,0.95,58.64,0.96,97.7,0.05,58.64,0.04,97.7,0.1,28.9,0.11,26.6,0.05,0.05,0.096497,1776326195000
1776326196.94,96.94,0.9,28.9,0.89,26.6,0.95,58.64,0.96,97.7,0.05,58.64,0.04,97.7,0.1,28.9,0.11,26.6,0.05,0.05,0.096497,1776326196000
1776326197.949,97.949,0.9,28.9,0.89,26.6,0.95,58.64,0.96,97.7,0.05,58.64,0.04,97.7,0.1,28.9,0.11,26.6,0.05,0.05,0.096499,1776326197000
1776326198.905,98.905,0.9,28.9,0.89,26.6,0.95,58.64,0.96,97.7,0.05,58.64,0.04,97.7,0.1,28.9,0.11,26.6,0.05,0.05,0.096498,1776326198000
1776326199.932,99.932,0.9,28.9,0.89,26.6,0.95,58.64,0.96,97.7,0.05,58.64,0.04,97.7,0.1,28.9,0.11,26.6,0.05,0.05,0.096488,1776326199000
1776326201.004,101.004,0.91,14.48,0.9,41.13,0.95,58.64,0.96,97.7,0.05,58.64,0.04,97.7,0.09,14.48,0.1,41.13,0.04,0.04,0.096486,1776326200000
1776326202.005,102.005,0.91,14.48,0.9,41.13,0.95,58.64,0.96,97.7,0.05,58.64,0.04,97.7,0.09,14.48,0.1,41.13,0.04,0.04,0.096485,1776326201000
1776326203.023,103.023,0.91,14.48,0.9,41.13,0.95,58.64,0.96,97.7,0.05,58.64,0.04,97.7,0.09,14.48,0.1,41.13,0.04,0.04,0.096485,1776326202000
1776326203.999,103.999,0.91,14.48,0.9,41.13,0.95,58.64,0.96,97.7,0.05,58.64,0.04,97.7,0.09,14.48,0.1,41.13,0.04,0.04,0.096485,1776326203000
1776326205.028,105.028,0.91,14.48,0.9,41.13,0.95,58.64,0.96,97.7,0.05,58.64,0.04,97.7,0.09,14.48,0.1,41.13,0.04,0.04,0.096476,1776326204000
1776326205.966,105.966,0.91,14.48,0.9,41.13,0.95,58.64,0.96,97.7,0.05,58.64,0.04,97.7,0.09,14.48,0.1,41.13,0.04,0.04,0.096475,1776326205000
1776326206.979,106.979,0.91,14.48,0.9,41.13,0.95,58.64,0.96,97.7,0.05,58.64,0.04,97.7,0.09,14.48,0.1,41.13,0.04,0.04,0.096475,1776326206000
1776326207.896,107.896,0.91,14.48,0.9,41.13,0.95,58.64,0.96,97.7,0.05,58.64,0.04,97.7,0.09,14.48,0.1,41.13,0.04,0.04,0.096476,1776326207000
1776326209.303,109.303,0.91,14.48,0.9,41.13,0.95,58.64,0.96,97.7,0.05,58.64,0.04,97.7,0.09,14.48,0.1,41.13,0.04,0.04,0.096476,1776326208000
1776326210.269,110.269,0.91,14.48,0.9,41.13,0.95,58.64,0.96,97.7,0.05,58.64,0.04,97.7,0.09,14.48,0.1,41.13,0.04,0.04,0.09648,1776326209000
1776326211.259,111.259,0.91,14.48,0.9,41.13,0.95,58.64,0.96,97.7,0.05,58.64,0.04,97.7,0.09,14.48,0.1,41.13,0.04,0.04,0.096481,1776326210000
1776326212.247,112.247,0.91,14.48,0.9,41.13,0.95,58.64,0.96,97.7,0.05,58.64,0.04,97.7,0.09,14.48,0.1,41.13,0.04,0.04,0.096481,1776326211000
1776326213.181,113.181,0.91,14.48,0.9,41.13,0.95,58.64,0.96,97.7,0.05,58.64,0.04,97.7,0.09,14.48,0.1,41.13,0.04,0.04,0.096492,1776326212000
1776326214.229,114.229,0.91,14.48,0.9,41.13,0.95,58.64,0.96,97.7,0.05,58.64,0.04,97.7,0.09,14.48,0.1,41.13,0.04,0.04,0.096497,1776326213000
1776326215.198,115.198,0.91,14.48,0.9,41.13,0.95,58.64,0.96,97.7,0.05,58.64,0.04,97.7,0.09,14.48,0.1,41.13,0.04,0.04,0.096497,1776326214000
1776326216.244,116.244,0.91,14.48,0.9,41.13,0.95,58.64,0.96,97.7,0.05,58.64,0.04,97.7,0.09,14.48,0.1,41.13,0.04,0.04,0.096497,1776326215000
1776326217.18,117.18,0.91,14.48,0.9,41.13,0.95,58.64,0.96,97.7,0.05,58.64,0.04,97.7,0.09,14.48,0.1,41.13,0.04,0.04,0.096496,1776326216000
1776326218.233,118.233,0.91,14.48,0.9,41.13,0.95,58.64,0.96,97.7,0.05,58.64,0.04,97.7,0.09,14.48,0.1,41.13,0.04,0.04,0.096497,1776326217000
1776326219.196,119.196,0.91,14.48,0.9,41.13,0.95,58.64,0.96,97.7,0.05,58.64,0.04,97.7,0.09,14.48,0.1,41.13,0.04,0.04,0.096496,1776326218000
1776326220.218,120.218,0.91,14.48,0.9,41.13,0.95,58.64,0.96,97.7,0.05,58.64,0.04,97.7,0.09,14.48,0.1,41.13,0.04,0.04,0.096496,1776326219000
1776326221.168,121.168,0.91,14.48,0.9,41.13,0.95,58.64,0.96,97.7,0.05,58.64,0.04,97.7,0.09,14.48,0.1,41.13,0.04,0.04,0.096496,1776326220000
1776326222.359,122.359,0.91,14.48,0.9,41.13,0.95,58.64,0.96,97.7,0.05,58.64,0.04,97.7,0.09,14.48,0.1,41.13,0.04,0.04,0.09648,1776326221000
1776326223.483,123.483,0.91,14.48,0.9,41.13,0.95,58.64,0.96,97.7,0.05,58.64,0.04,97.7,0.09,14.48,0.1,41.13,0.04,0.04,0.096464,1776326222000
1776326223.979,123.979,0.91,14.48,0.9,41.13,0.95,58.64,0.96,97.7,0.05,58.64,0.04,97.7,0.09,14.48,0.1,41.13,0.04,0.04,0.096468,1776326223000
1776326225.036,125.036,0.91,14.48,0.9,41.13,0.95,58.64,0.96,97.7,0.05,58.64,0.04,97.7,0.09,14.48,0.1,41.13,0.04,0.04,0.096468,1776326224000
1776326225.478,125.478,0.91,31.7,0.9,41.13,0.95,3.79,0.96,97.7,0.05,58.64,0.04,97.7,0.09,14.48,0.1,41.13,0.04,0.04,0.096468,1776326224000
1776326226.526,126.526,0.91,31.7,0.9,41.13,0.95,3.79,0.96,97.7,0.05,3.79,0.04,97.7,0.09,31.7,0.1,41.13,0.04,0.04,0.096476,1776326225000
1776326227.087,127.087,0.91,31.7,0.9,41.13,0.95,3.79,0.96,97.7,0.05,3.79,0.04,97.7,0.09,31.7,0.1,41.13,0.04,0.04,0.096477,1776326226000
1776326228.205,128.205,0.91,31.7,0.9,41.13,0.95,3.79,0.96,97.7,0.05,3.79,0.04,97.7,0.09,31.7,0.1,41.13,0.04,0.04,0.096481,1776326227000
1776326229.294,129.294,0.91,31.7,0.9,41.13,0.95,3.79,0.96,97.7,0.05,3.79,0.04,97.7,0.09,31.7,0.1,41.13,0.04,0.04,0.096475,1776326228000
1776326230.316,130.316,0.91,31.7,0.9,41.13,0.95,57.43,0.96,72.7,0.05,57.43,0.04,72.7,0.09,31.7,0.1,41.13,0.04,0.04,0.096477,1776326229000
1776326231.415,131.415,0.91,31.7,0.9,41.13,0.95,57.43,0.96,72.7,0.05,57.43,0.04,72.7,0.09,31.7,0.1,41.13,0.04,0.04,0.096477,1776326230000
1776326232.019,132.019,0.91,31.7,0.9,41.13,0.95,57.43,0.96,72.7,0.05,57.43,0.04,72.7,0.09,31.7,0.1,41.13,0.04,0.04,0.096474,1776326231000
1776326233.128,133.128,0.91,31.7,0.9,41.13,0.95,57.43,0.96,72.7,0.05,57.43,0.04,72.7,0.09,31.7,0.1,41.13,0.04,0.04,0.096471,1776326232000
1776326234.254,134.254,0.91,31.7,0.9,41.13,0.95,57.43,0.96,72.7,0.05,57.43,0.04,72.7,0.09,31.7,0.1,41.13,0.04,0.04,0.096471,1776326233000
1776326235.375,135.375,0.91,31.7,0.9,41.13,0.95,57.43,0.96,72.7,0.05,57.43,0.04,72.7,0.09,31.7,0.1,41.13,0.04,0.04,0.096473,1776326234000
1776326236.893,136.893,0.91,31.7,0.9,41.13,0.95,57.43,0.96,72.7,0.05,57.43,0.04,72.7,0.09,31.7,0.1,41.13,0.04,0.04,0.096466,1776326235000
1776326237.945,137.945,0.91,31.7,0.9,41.13,0.95,57.43,0.96,72.7,0.05,57.43,0.04,72.7,0.09,31.7,0.1,41.13,0.04,0.04,0.096472,1776326236000
1776326238.861,138.861,0.91,31.7,0.9,41.13,0.95,57.43,0.96,72.7,0.05,57.43,0.04,72.7,0.09,31.7,0.1,41.13,0.04,0.04,0.09646,1776326237000
1776326239.57,139.57,0.91,31.7,0.9,41.13,0.95,57.43,0.96,72.7,0.05,57.43,0.04,72.7,0.09,31.7,0.1,41.13,0.04,0.04,0.096451,1776326238000
1776326240.386,140.386,0.91,31.7,0.9,41.13,0.95,57.43,0.96,72.7,0.05,57.43,0.04,72.7,0.09,31.7,0.1,41.13,0.04,0.04,0.096445,1776326239000
1776326241.071,141.071,0.91,31.7,0.9,41.13,0.95,57.43,0.96,72.7,0.05,57.43,0.04,72.7,0.09,31.7,0.1,41.13,0.04,0.04,0.096441,1776326240000
1776326242.693,142.693,0.91,31.7,0.9,41.13,0.95,57.43,0.96,72.7,0.05,57.43,0.04,72.7,0.09,31.7,0.1,41.13,0.04,0.04,0.096438,1776326241000
1776326243.514,143.514,0.91,31.7,0.9,41.13,0.95,57.43,0.96,72.7,0.05,57.43,0.04,72.7,0.09,31.7,0.1,41.13,0.04,0.04,0.09644,1776326242000
1776326244.211,144.211,0.91,31.7,0.9,41.13,0.95,57.43,0.96,72.7,0.05,57.43,0.04,72.7,0.09,31.7,0.1,41.13,0.04,0.04,0.096446,1776326243000
1776326245.825,145.825,0.91,31.7,0.9,41.13,0.95,57.43,0.96,72.7,0.05,57.43,0.04,72.7,0.09,31.7,0.1,41.13,0.04,0.04,0.096461,1776326244000
1776326246.587,146.587,0.91,31.7,0.9,41.13,0.95,57.43,0.96,72.7,0.05,57.43,0.04,72.7,0.09,31.7,0.1,41.13,0.04,0.04,0.096464,1776326245000
1776326247.291,147.291,0.91,31.7,0.9,41.13,0.95,57.43,0.96,72.7,0.05,57.43,0.04,72.7,0.09,31.7,0.1,41.13,0.04,0.04,0.096467,1776326246000
1776326248.026,148.026,0.91,31.7,0.9,41.13,0.95,57.43,0.96,72.7,0.05,57.43,0.04,72.7,0.09,31.7,0.1,41.13,0.04,0.04,0.096482,1776326247000
1776326249.617,149.617,0.91,31.7,0.9,41.13,0.95,57.43,0.96,72.7,0.05,57.43,0.04,72.7,0.09,31.7,0.1,41.13,0.04,0.04,0.096478,1776326248000
1776326250.388,150.388,0.91,31.7,0.9,41.13,0.95,57.43,0.96,72.7,0.05,57.43,0.04,72.7,0.09,31.7,0.1,41.13,0.04,0.04,0.096473,1776326249000
1776326251.165,151.165,0.91,31.7,0.9,41.13,0.95,57.43,0.96,72.7,0.05,57.43,0.04,72.7,0.09,31.7,0.1,41.13,0.04,0.04,0.096472,1776326250000
1776326252.844,152.844,0.91,31.7,0.9,41.13,0.95,57.43,0.96,72.7,0.05,57.43,0.04,72.7,0.09,31.7,0.1,41.13,0.04,0.04,0.096469,1776326251000
1776326253.533,153.533,0.91,31.7,0.9,41.13,0.95,57.43,0.96,72.7,0.05,57.43,0.04,72.7,0.09,31.7,0.1,41.13,0.04,0.04,0.096464,1776326252000
1776326254.469,154.469,0.91,31.7,0.9,41.13,0.95,57.43,0.96,72.7,0.05,57.43,0.04,72.7,0.09,31.7,0.1,41.13,0.04,0.04,0.096463,1776326253000
1776326255.281,155.281,0.91,31.7,0.9,41.13,0.95,57.43,0.96,72.7,0.05,57.43,0.04,72.7,0.09,31.7,0.1,41.13,0.04,0.04,0.09646,1776326254000
1776326257.09,157.09,0.91,31.7,0.9,41.13,0.95,57.43,0.96,72.7,0.05,57.43,0.04,72.7,0.09,31.7,0.1,41.13,0.04,0.04,0.096451,1776326256000
1776326258.087,158.087,0.91,31.7,0.9,41.13,0.95,57.43,0.96,72.7,0.05,57.43,0.04,72.7,0.09,31.7,0.1,41.13,0.04,0.04,0.096451,1776326257000
1776326259.014,159.014,0.91,31.7,0.9,41.13,0.95,57.43,0.96,72.7,0.05,57.43,0.04,72.7,0.09,31.7,0.1,41.13,0.04,0.04,0.096452,1776326258000
1776326259.992,159.992,0.91,31.7,0.9,41.13,0.95,57.43,0.96,72.7,0.05,57.43,0.04,72.7,0.09,31.7,0.1,41.13,0.04,0.04,0.096451,1776326259000
1776326260.964,160.964,0.91,31.7,0.9,41.13,0.95,57.43,0.96,72.7,0.05,57.43,0.04,72.7,0.09,31.7,0.1,41.13,0.04,0.04,0.09645,1776326260000
1776326262.021,162.021,0.91,31.7,0.9,41.13,0.95,57.43,0.96,72.7,0.05,57.43,0.04,72.7,0.09,31.7,0.1,41.13,0.04,0.04,0.096451,1776326261000
1776326263.139,163.139,0.9,8.04,0.89,26.6,0.94,46.1,0.95,57.43,0.06,46.1,0.05,57.43,0.1,8.04,0.11,26.6,0.04,0.04,0.096447,1776326262000
1776326264.204,164.204,0.9,8.04,0.89,26.6,0.94,46.1,0.95,57.43,0.06,46.1,0.05,57.43,0.1,8.04,0.11,26.6,0.04,0.04,0.09644,1776326263000
1776326265.302,165.302,0.9,8.04,0.89,26.6,0.94,46.1,0.95,57.43,0.06,46.1,0.05,57.43,0.1,8.04,0.11,26.6,0.04,0.04,0.096437,1776326264000
1776326266.288,166.288,0.9,8.04,0.89,26.6,0.94,46.1,0.95,57.43,0.06,46.1,0.05,57.43,0.1,8.04,0.11,26.6,0.04,0.04,0.096441,1776326265000
1776326267.376,167.376,0.9,8.04,0.89,26.6,0.94,46.1,0.95,57.43,0.06,46.1,0.05,57.43,0.1,8.04,0.11,26.6,0.04,0.04,0.096439,1776326266000
1776326267.982,167.982,0.9,8.04,0.89,26.6,0.94,46.1,0.95,57.43,0.06,46.1,0.05,57.43,0.1,8.04,0.11,26.6,0.04,0.04,0.096439,1776326267000
1776326269.541,169.541,0.9,8.04,0.89,26.6,0.94,46.1,0.95,57.43,0.06,46.1,0.05,57.43,0.1,8.04,0.11,26.6,0.04,0.04,0.09644,1776326268000
1776326270.096,170.096,0.9,8.04,0.89,26.6,0.94,46.1,0.95,57.43,0.06,46.1,0.05,57.43,0.1,8.04,0.11,26.6,0.04,0.04,0.09644,1776326269000
1776326271.199,171.199,0.9,8.04,0.89,26.6,0.94,46.1,0.95,57.43,0.06,46.1,0.05,57.43,0.1,8.04,0.11,26.6,0.04,0.04,0.096437,1776326270000
1776326272.272,172.272,0.9,8.04,0.89,26.6,0.94,46.1,0.95,57.43,0.06,46.1,0.05,57.43,0.1,8.04,0.11,26.6,0.04,0.04,0.096434,1776326271000
1776326273.319,173.319,0.9,8.04,0.89,26.6,0.94,46.1,0.95,57.43,0.06,46.1,0.05,57.43,0.1,8.04,0.11,26.6,0.04,0.04,0.096432,1776326272000
1776326274.453,174.453,0.9,8.04,0.89,26.6,0.94,46.1,0.95,57.43,0.06,46.1,0.05,57.43,0.1,8.04,0.11,26.6,0.04,0.04,0.096431,1776326273000
1776326275.028,175.028,0.9,8.04,0.89,26.6,0.94,46.1,0.95,57.43,0.06,46.1,0.05,57.43,0.1,8.04,0.11,26.6,0.04,0.04,0.09643,1776326274000
1776326276.195,176.195,0.9,8.04,0.89,26.6,0.94,46.1,0.95,57.43,0.06,46.1,0.05,57.43,0.1,8.04,0.11,26.6,0.04,0.04,0.096431,1776326275000
1776326277.141,177.141,0.9,8.04,0.89,26.6,0.94,46.1,0.95,57.43,0.06,46.1,0.05,57.43,0.1,8.04,0.11,26.6,0.04,0.04,0.096421,1776326276000
1776326278.456,178.456,0.9,8.04,0.89,26.6,0.94,46.1,0.95,57.43,0.06,46.1,0.05,57.43,0.1,8.04,0.11,26.6,0.04,0.04,0.096403,1776326277000
1776326279.457,179.457,0.9,8.04,0.89,26.6,0.94,46.1,0.95,57.43,0.06,46.1,0.05,57.43,0.1,8.04,0.11,26.6,0.04,0.04,0.096401,1776326278000
1776326280.007,180.007,0.9,8.04,0.89,26.6,0.94,46.1,0.95,57.43,0.06,46.1,0.05,57.43,0.1,8.04,0.11,26.6,0.04,0.04,0.096403,1776326279000
1776326281.081,181.081,0.9,8.04,0.89,26.6,0.94,46.1,0.95,57.43,0.06,46.1,0.05,57.43,0.1,8.04,0.11,26.6,0.04,0.04,0.096402,1776326280000
1776326282.128,182.128,0.9,8.04,0.89,26.6,0.94,46.1,0.95,57.43,0.06,46.1,0.05,57.43,0.1,8.04,0.11,26.6,0.04,0.04,0.096402,1776326281000
1776326283.392,183.392,0.9,8.04,0.89,26.6,0.94,46.1,0.95,57.43,0.06,46.1,0.05,57.43,0.1,8.04,0.11,26.6,0.04,0.04,0.096396,1776326282000
1776326283.894,183.894,0.9,8.04,0.89,26.6,0.94,46.1,0.95,57.43,0.06,46.1,0.05,57.43,0.1,8.04,0.11,26.6,0.04,0.04,0.096397,1776326283000
1776326284.311,184.311,0.9,58.04,0.86,20.0,0.95,2.73,0.96,72.7,0.06,46.1,0.05,57.43,0.1,8.04,0.11,26.6,0.05,0.04,0.096397,1776326283000
1776326284.567,184.567,0.9,58.04,0.86,41.6,0.96,24.43,0.97,94.3,0.05,2.73,0.04,72.7,0.1,58.04,0.14,20.0,0.06,0.05,0.096397,1776326283000
1776326285.548,185.548,0.9,58.04,0.86,41.6,0.96,24.43,0.97,94.3,0.04,24.43,0.03,94.3,0.1,58.04,0.14,41.6,0.06,0.06,0.096397,1776326284000
1776326285.957,185.957,0.9,58.04,0.86,41.6,0.96,24.43,0.97,94.3,0.04,24.43,0.03,94.3,0.1,58.04,0.14,41.6,0.06,0.06,0.09643,1776326285000
1776326286.907,186.907,0.9,58.04,0.86,41.6,0.96,24.43,0.97,94.3,0.04,24.43,0.03,94.3,0.1,58.04,0.14,41.6,0.06,0.06,0.096465,1776326286000
1776326287.977,187.977,0.9,58.04,0.86,41.6,0.96,24.43,0.97,94.3,0.04,24.43,0.03,94.3,0.1,58.04,0.14,41.6,0.06,0.06,0.096469,1776326287000
1776326288.85,188.85,0.9,58.04,0.86,41.6,0.96,24.43,0.97,94.3,0.04,24.43,0.03,94.3,0.1,58.04,0.14,41.6,0.06,0.06,0.096471,1776326288000
1776326289.795,189.795,0.9,58.04,0.86,41.6,0.96,24.43,0.97,94.3,0.04,24.43,0.03,94.3,0.1,58.04,0.14,41.6,0.06,0.06,0.096471,1776326289000
1776326291.228,191.228,0.9,58.04,0.86,41.6,0.96,24.43,0.97,94.3,0.04,24.43,0.03,94.3,0.1,58.04,0.14,41.6,0.06,0.06,0.096479,1776326290000
1776326292.337,192.337,0.9,58.04,0.86,41.6,0.96,24.43,0.97,94.3,0.04,24.43,0.03,94.3,0.1,58.04,0.14,41.6,0.06,0.06,0.096482,1776326291000
1776326293.373,193.373,0.9,58.04,0.86,41.6,0.96,24.43,0.97,94.3,0.04,24.43,0.03,94.3,0.1,58.04,0.14,41.6,0.06,0.06,0.096481,1776326292000
1776326294.318,194.318,0.9,58.04,0.86,41.6,0.96,24.43,0.97,94.3,0.04,24.43,0.03,94.3,0.1,58.04,0.14,41.6,0.06,0.06,0.096481,1776326293000
1776326294.842,194.842,0.9,58.04,0.86,41.6,0.96,24.43,0.97,94.3,0.04,24.43,0.03,94.3,0.1,58.04,0.14,41.6,0.06,0.06,0.096481,1776326294000
1776326296.262,196.262,0.9,58.04,0.86,41.6,0.96,24.43,0.97,94.3,0.04,24.43,0.03,94.3,0.1,58.04,0.14,41.6,0.06,0.06,0.096499,1776326295000
1776326297.133,197.133,0.96,67.7,0.95,54.7,0.97,2.93,0.98,20.0,0.04,24.43,0.03,94.3,0.1,58.04,0.14,41.6,0.01,0.06,0.096499,1776326295000
1776326298.202,198.202,0.96,67.7,0.95,54.7,0.97,2.93,0.98,20.0,0.03,2.93,0.02,20.0,0.04,67.7,0.05,54.7,0.01,0.01,0.096499,1776326297000
1776326299.591,199.591,0.96,67.7,0.95,54.7,0.97,2.93,0.98,20.0,0.03,2.93,0.02,20.0,0.04,67.7,0.05,54.7,0.01,0.01,0.096507,1776326298000
1776326300.186,200.186,0.96,67.7,0.95,54.7,0.97,2.93,0.98,20.0,0.03,2.93,0.02,20.0,0.04,67.7,0.05,54.7,0.01,0.01,0.096506,1776326299000
1776326301.62,201.62,0.96,67.7,0.95,54.7,0.97,2.93,0.98,20.0,0.03,2.93,0.02,20.0,0.04,67.7,0.05,54.7,0.01,0.01,0.096508,1776326300000
1776326302.278,202.278,0.96,67.7,0.95,54.7,0.97,2.93,0.98,20.0,0.03,2.93,0.02,20.0,0.04,67.7,0.05,54.7,0.01,0.01,0.096508,1776326301000
1776326303.067,203.067,0.96,67.7,0.95,54.7,0.97,2.93,0.98,20.0,0.03,2.93,0.02,20.0,0.04,67.7,0.05,54.7,0.01,0.01,0.096509,1776326302000
1776326304.376,204.376,0.96,67.7,0.95,54.7,0.97,2.93,0.98,20.0,0.03,2.93,0.02,20.0,0.04,67.7,0.05,54.7,0.01,0.01,0.096506,1776326303000
1776326305.72,205.72,0.96,67.7,0.95,54.7,0.97,2.93,0.98,20.0,0.03,2.93,0.02,20.0,0.04,67.7,0.05,54.7,0.01,0.01,0.096503,1776326304000
1776326306.404,206.404,0.96,67.7,0.95,54.7,0.97,2.93,0.98,20.0,0.03,2.93,0.02,20.0,0.04,67.7,0.05,54.7,0.01,0.01,0.096498,1776326305000
1776326307.158,207.158,0.96,67.7,0.95,54.7,0.97,2.93,0.98,20.0,0.03,2.93,0.02,20.0,0.04,67.7,0.05,54.7,0.01,0.01,0.096498,1776326306000
1776326308.612,208.612,0.96,67.7,0.95,54.7,0.98,14.73,0.99,572.6,0.02,14.73,0.01,572.6,0.04,67.7,0.05,54.7,0.02,0.02,0.096499,1776326307000
1776326309.635,209.635,0.96,67.7,0.95,54.7,0.98,14.73,0.99,572.6,0.02,14.73,0.01,572.6,0.04,67.7,0.05,54.7,0.02,0.02,0.096493,1776326308000
1776326310.216,210.216,0.96,67.7,0.95,54.7,0.98,14.73,0.99,572.6,0.02,14.73,0.01,572.6,0.04,67.7,0.05,54.7,0.02,0.02,0.096499,1776326309000
1776326311.652,211.652,0.96,67.7,0.95,54.7,0.98,14.73,0.99,572.6,0.02,14.73,0.01,572.6,0.04,67.7,0.05,54.7,0.02,0.02,0.096497,1776326310000
1776326312.279,212.279,0.96,67.7,0.95,54.7,0.98,14.73,0.99,572.6,0.02,14.73,0.01,572.6,0.04,67.7,0.05,54.7,0.02,0.02,0.096496,1776326311000
1776326313.654,213.654,0.96,67.7,0.95,54.7,0.98,14.73,0.99,572.6,0.02,14.73,0.01,572.6,0.04,67.7,0.05,54.7,0.02,0.02,0.0965,1776326312000
1776326314.294,214.294,0.96,67.7,0.95,54.7,0.98,14.73,0.99,572.6,0.02,14.73,0.01,572.6,0.04,67.7,0.05,54.7,0.02,0.02,0.096496,1776326313000
1776326314.971,214.971,0.96,67.7,0.95,54.7,0.98,14.73,0.99,572.6,0.02,14.73,0.01,572.6,0.04,67.7,0.05,54.7,0.02,0.02,0.096496,1776326314000
1776326316.078,216.078,0.96,67.7,0.95,54.7,0.98,14.73,0.99,572.6,0.02,14.73,0.01,572.6,0.04,67.7,0.05,54.7,0.02,0.02,0.096496,1776326315000
1776326317.307,217.307,0.96,67.7,0.95,54.7,0.98,14.73,0.99,572.6,0.02,14.73,0.01,572.6,0.04,67.7,0.05,54.7,0.02,0.02,0.096494,1776326316000
1776326319.151,219.151,0.97,89.3,0.96,67.7,0.99,124.73,,,0.02,14.73,0.01,572.6,0.04,67.7,0.05,54.7,0.02,0.02,0.096494,1776326316000
1776326319.886,219.886,0.97,89.3,0.96,67.7,0.99,124.73,,,0.01,124.73,,,0.03,89.3,0.04,67.7,0.02,0.02,0.096494,1776326318000
1776326320.859,220.859,0.99,20.67,0.98,132.69,,,,,0.01,124.73,,,0.03,89.3,0.04,67.7,,0.02,0.096494,1776326318000
1776326321.194,221.194,0.99,15.75,0.98,132.69,,,,,,,,,0.01,20.67,0.02,132.69,,,0.096505,1776326319000
1776326321.671,221.671,0.99,15.75,0.98,132.69,,,,,,,,,0.01,15.75,0.02,132.69,,,0.096512,1776326320000
1776326322.238,222.238,0.99,15.75,0.98,132.69,,,,,,,,,0.01,15.75,0.02,132.69,,,0.096511,1776326321000
1776326323.848,223.848,0.99,15.75,0.98,132.69,,,,,,,,,0.01,15.75,0.02,132.69,,,0.096505,1776326322000
1776326324.396,224.396,0.99,15.75,0.98,132.69,,,,,,,,,0.01,15.75,0.02,132.69,,,0.096508,1776326323000
1776326325.146,225.146,0.99,15.75,0.98,132.69,,,,,,,,,0.01,15.75,0.02,132.69,,,0.096505,1776326324000
1776326326.384,226.384,0.99,15.75,0.98,132.69,,,,,,,,,0.01,15.75,0.02,132.69,,,0.096504,1776326325000
1776326327.247,227.247,0.99,15.75,0.98,132.69,,,,,,,,,0.01,15.75,0.02,132.69,,,0.096494,1776326326000
1776326328.56,228.56,0.99,15.75,0.98,132.69,,,,,,,,,0.01,15.75,0.02,132.69,,,0.096488,1776326327000
1776326329.287,229.287,0.99,15.75,0.98,132.69,,,,,,,,,0.01,15.75,0.02,132.69,,,0.09649,1776326328000
1776326330.488,230.488,0.99,15.75,0.98,132.69,,,,,,,,,0.01,15.75,0.02,132.69,,,0.096489,1776326329000
1776326331.241,231.241,0.99,15.75,0.98,132.69,,,,,,,,,0.01,15.75,0.02,132.69,,,0.09649,1776326330000
1776326332.483,232.483,0.99,15.75,0.98,132.69,,,,,,,,,0.01,15.75,0.02,132.69,,,0.096492,1776326331000
1776326333.317,233.317,0.99,15.75,0.98,132.69,,,,,,,,,0.01,15.75,0.02,132.69,,,0.096492,1776326332000
1776326334.278,234.278,0.99,15.75,0.98,132.69,,,,,,,,,0.01,15.75,0.02,132.69,,,0.096489,1776326333000
1776326335.207,235.207,0.99,15.75,0.98,132.69,,,,,,,,,0.01,15.75,0.02,132.69,,,0.09649,1776326334000
1776326336.27,236.27,0.99,15.75,0.98,132.69,,,,,,,,,0.01,15.75,0.02,132.69,,,0.096494,1776326335000
1776326337.243,237.243,0.99,15.75,0.98,132.69,,,,,,,,,0.01,15.75,0.02,132.69,,,0.096493,1776326336000
1776326338.127,238.127,0.99,15.75,0.98,132.69,,,,,,,,,0.01,15.75,0.02,132.69,,,0.096495,1776326337000
1776326339.088,239.088,0.99,15.75,0.98,132.69,,,,,,,,,0.01,15.75,0.02,132.69,,,0.096495,1776326338000
1776326340.081,240.081,0.99,15.75,0.98,132.69,,,,,,,,,0.01,15.75,0.02,132.69,,,0.096495,1776326339000
1776326341.118,241.118,0.99,15.75,0.98,132.69,,,,,,,,,0.01,15.75,0.02,132.69,,,0.096495,1776326340000
1776326342.19,242.19,0.99,15.75,0.98,132.69,,,,,,,,,0.01,15.75,0.02,132.69,,,0.096491,1776326341000
1776326343.077,243.077,0.99,15.75,0.98,132.69,,,,,,,,,0.01,15.75,0.02,132.69,,,0.096498,1776326342000
1776326344.253,244.253,0.99,15.75,0.98,132.69,,,,,,,,,0.01,15.75,0.02,132.69,,,0.096515,1776326343000
1776326345.213,245.213,0.99,15.75,0.98,132.69,,,,,,,,,0.01,15.75,0.02,132.69,,,0.096503,1776326344000
1776326346.293,246.293,0.99,15.75,0.98,132.69,,,,,,,,,0.01,15.75,0.02,132.69,,,0.0965,1776326345000
1776326347.587,247.587,0.99,15.75,0.98,132.69,,,,,,,,,0.01,15.75,0.02,132.69,,,0.0965,1776326346000
1776326348.169,248.169,0.99,15.75,0.98,132.69,,,,,,,,,0.01,15.75,0.02,132.69,,,0.096501,1776326347000
1776326349.273,249.273,0.99,15.75,0.98,132.69,,,,,,,,,0.01,15.75,0.02,132.69,,,0.096497,1776326348000
1776326350.342,250.342,0.99,15.75,0.98,132.69,,,,,,,,,0.01,15.75,0.02,132.69,,,0.096501,1776326349000
1776326350.958,250.958,0.99,15.75,0.98,132.69,,,,,,,,,0.01,15.75,0.02,132.69,,,0.096505,1776326350000
1776326352.217,252.217,0.99,15.75,0.98,132.69,,,,,,,,,0.01,15.75,0.02,132.69,,,0.096505,1776326351000
1776326353.469,253.469,0.99,15.75,0.98,132.69,,,,,,,,,0.01,15.75,0.02,132.69,,,0.096505,1776326352000
1776326353.883,253.883,0.99,15.75,0.98,132.69,,,,,,,,,0.01,15.75,0.02,132.69,,,0.096505,1776326353000
1776326354.537,254.537,0.99,1241.87,0.98,132.69,,,,,,,,,0.01,15.75,0.02,132.69,,,0.096505,1776326353000
1776326355.232,255.232,0.99,1241.87,0.98,132.69,,,,,,,,,0.01,1241.87,0.02,132.69,,,0.096502,1776326354000
1776326355.935,255.935,0.99,1241.87,0.98,132.69,,,,,,,,,0.01,1241.87,0.02,132.69,,,0.096504,1776326355000
1776326357.133,257.133,0.99,1241.87,0.98,132.69,,,,,,,,,0.01,1241.87,0.02,132.69,,,0.096507,1776326356000
1776326358.255,258.255,0.99,1241.87,0.98,132.69,,,,,,,,,0.01,1241.87,0.02,132.69,,,0.09651,1776326357000
1776326359.406,259.406,0.99,1241.87,0.98,132.69,,,,,,,,,0.01,1241.87,0.02,132.69,,,0.096512,1776326358000
1776326359.96,259.96,0.99,1241.87,0.98,132.69,,,,,,,,,0.01,1241.87,0.02,132.69,,,0.096512,1776326359000
1776326361.171,261.171,0.99,1241.87,0.98,132.69,,,,,,,,,0.01,1241.87,0.02,132.69,,,0.096513,1776326360000
1776326362.931,262.931,0.99,1241.87,0.98,132.69,,,,,,,,,0.01,1241.87,0.02,132.69,,,0.096513,1776326361000
1776326363.333,263.333,0.99,1241.87,0.98,132.69,,,,,,,,,0.01,1241.87,0.02,132.69,,,0.096512,1776326362000
1776326364.002,264.002,0.99,1241.87,0.98,132.69,,,,,,,,,0.01,1241.87,0.02,132.69,,,0.096513,1776326363000
1776326365.027,265.027,0.99,1241.87,0.98,132.69,,,,,,,,,0.01,1241.87,0.02,132.69,,,0.09651,1776326364000
1776326366.036,266.036,0.99,1241.87,0.98,132.69,,,,,,,,,0.01,1241.87,0.02,132.69,,,0.096507,1776326365000
1776326367.054,267.054,0.99,1241.87,0.98,132.69,,,,,,,,,0.01,1241.87,0.02,132.69,,,0.096503,1776326366000
1776326368.245,268.245,0.99,1241.87,0.98,132.69,,,,,,,,,0.01,1241.87,0.02,132.69,,,0.096503,1776326367000
1776326369.233,269.233,0.99,1241.87,0.98,132.69,,,,,,,,,0.01,1241.87,0.02,132.69,,,0.096516,1776326368000
1776326370.317,270.317,0.99,1241.87,0.98,132.69,,,,,,,,,0.01,1241.87,0.02,132.69,,,0.096524,1776326369000
1776326371.262,271.262,0.99,1241.87,0.98,132.69,,,,,,,,,0.01,1241.87,0.02,132.69,,,0.096521,1776326370000
1776326372.253,272.253,0.99,1241.87,0.98,132.69,,,,,,,,,0.01,1241.87,0.02,132.69,,,0.096521,1776326371000
1776326373.355,273.355,0.99,1241.87,0.98,132.69,,,,,,,,,0.01,1241.87,0.02,132.69,,,0.096525,1776326372000
1776326373.872,273.872,0.99,1241.87,0.98,132.69,,,,,,,,,0.01,1241.87,0.02,132.69,,,0.096524,1776326373000
1776326374.885,274.885,0.99,1241.87,0.98,132.69,,,,,,,,,0.01,1241.87,0.02,132.69,,,0.096525,1776326374000
1776326377.866,277.866,0.99,1241.87,0.98,132.69,,,,,,,,,0.01,1241.87,0.02,132.69,,,0.096525,1776326376000
1776326378.366,278.366,0.99,1241.87,0.98,132.69,,,,,,,,,0.01,1241.87,0.02,132.69,,,0.096526,1776326377000
1776326379.032,279.032,0.99,1241.87,0.98,132.69,,,,,,,,,0.01,1241.87,0.02,132.69,,,0.096525,1776326378000
1776326380.115,280.115,0.99,1241.87,0.98,132.69,,,,,,,,,0.01,1241.87,0.02,132.69,,,0.096526,1776326379000
1776326381.276,281.276,0.99,1241.87,0.98,132.69,,,,,,,,,0.01,1241.87,0.02,132.69,,,0.096527,1776326380000
1776326382.468,282.468,0.99,1241.87,0.98,132.69,,,,,,,,,0.01,1241.87,0.02,132.69,,,0.096526,1776326381000
1776326382.996,282.996,0.99,1241.87,0.98,132.69,,,,,,,,,0.01,1241.87,0.02,132.69,,,0.096522,1776326382000
1776326384.205,284.205,0.99,1241.87,0.98,132.69,,,,,,,,,0.01,1241.87,0.02,132.69,,,0.096523,1776326383000
1776326385.391,285.391,0.99,1241.87,0.98,132.69,,,,,,,,,0.01,1241.87,0.02,132.69,,,0.096522,1776326384000
1776326385.933,285.933,0.99,1241.87,0.98,132.69,,,,,,,,,0.01,1241.87,0.02,132.69,,,0.096522,1776326385000
1776326387.075,287.075,0.99,1241.87,0.98,132.69,,,,,,,,,0.01,1241.87,0.02,132.69,,,0.096518,1776326386000
1776326388.249,288.249,0.99,1241.87,0.98,132.69,,,,,,,,,0.01,1241.87,0.02,132.69,,,0.096514,1776326387000
1776326389.344,289.344,0.99,1241.87,0.98,132.69,,,,,,,,,0.01,1241.87,0.02,132.69,,,0.096515,1776326388000

# RESULT,winner=Up,slug=doge-updown-5m-1776326100,ticks=306
