timestamp,elapsed_sec,up_bid_p1,up_bid_s1,up_bid_p2,up_bid_s2,up_bid_p3,up_bid_s3,up_bid_p4,up_bid_s4,up_bid_p5,up_bid_s5,up_ask_p1,up_ask_s1,up_ask_p2,up_ask_s2,up_ask_p3,up_ask_s3,up_ask_p4,up_ask_s4,up_ask_p5,up_ask_s5,down_bid_p1,down_bid_s1,down_bid_p2,down_bid_s2,down_bid_p3,down_bid_s3,down_bid_p4,down_bid_s4,down_bid_p5,down_bid_s5,down_ask_p1,down_ask_s1,down_ask_p2,down_ask_s2,down_ask_p3,down_ask_s3,down_ask_p4,down_ask_s4,down_ask_p5,down_ask_s5,up_spread,down_spread,doge_price,doge_oracle_ts
1776162011.219,11.219,,,,,,,,,,,,,,,,,,,,,,,,,,,,,,,,,,,,,,,,,,,0.093978,1776162010000
1776162011.996,11.996,0.38,5.0,0.37,10.0,0.28,10.0,0.26,29.0,0.25,10.0,0.45,5.0,0.47,9.0,0.48,10.0,0.5,10.0,0.51,60.0,0.55,5.0,0.53,9.0,0.52,10.0,0.5,10.0,0.49,60.0,0.62,5.0,0.63,10.0,0.72,10.0,0.74,29.0,0.75,10.0,0.07,0.07,0.093978,1776162010000
1776162012.311,12.311,0.38,5.0,0.37,10.0,0.28,10.0,0.26,29.0,0.25,10.0,0.45,5.0,0.47,9.0,0.48,10.0,0.5,10.0,0.51,60.0,0.55,5.0,0.53,9.0,0.52,10.0,0.5,10.0,0.49,60.0,0.62,5.0,0.63,10.0,0.72,10.0,0.74,29.0,0.75,10.0,0.07,0.07,0.093978,1776162011000
1776162013.295,13.295,0.38,5.0,0.37,10.0,0.28,10.0,0.26,29.0,0.25,10.0,0.45,5.0,0.47,9.0,0.48,10.0,0.5,10.0,0.51,60.0,0.55,5.0,0.53,9.0,0.52,10.0,0.5,10.0,0.49,60.0,0.62,5.0,0.63,10.0,0.72,10.0,0.74,29.0,0.75,10.0,0.07,0.07,0.093978,1776162012000
1776162014.446,14.446,0.38,5.0,0.37,10.0,0.28,10.0,0.26,29.0,0.25,10.0,0.45,5.0,0.47,9.0,0.48,10.0,0.5,10.0,0.51,60.0,0.55,5.0,0.53,9.0,0.52,10.0,0.5,10.0,0.49,60.0,0.62,5.0,0.63,10.0,0.72,10.0,0.74,29.0,0.75,10.0,0.07,0.07,0.093978,1776162013000
1776162014.927,14.927,0.38,5.0,0.37,10.0,0.28,10.0,0.26,29.0,0.25,10.0,0.45,5.0,0.47,9.0,0.48,10.0,0.5,10.0,0.51,60.0,0.55,5.0,0.53,9.0,0.52,10.0,0.5,10.0,0.49,60.0,0.62,5.0,0.63,10.0,0.72,10.0,0.74,29.0,0.75,10.0,0.07,0.07,0.093978,1776162014000
1776162016.028,16.028,0.38,5.0,0.37,10.0,0.28,10.0,0.26,29.0,0.25,10.0,0.45,5.0,0.47,9.0,0.48,10.0,0.5,10.0,0.51,60.0,0.55,5.0,0.53,9.0,0.52,10.0,0.5,10.0,0.49,60.0,0.62,5.0,0.63,10.0,0.72,10.0,0.74,29.0,0.75,10.0,0.07,0.07,0.093978,1776162015000
1776162017.168,17.168,0.38,5.0,0.37,10.0,0.28,10.0,0.26,29.0,0.25,10.0,0.45,5.0,0.47,9.0,0.48,10.0,0.5,10.0,0.51,60.0,0.55,5.0,0.53,9.0,0.52,10.0,0.5,10.0,0.49,60.0,0.62,5.0,0.63,10.0,0.72,10.0,0.74,29.0,0.75,10.0,0.07,0.07,0.093978,1776162016000
1776162018.138,18.138,0.38,5.0,0.37,10.0,0.28,10.0,0.26,29.0,0.25,10.0,0.45,5.0,0.47,9.0,0.48,10.0,0.5,10.0,0.51,60.0,0.55,5.0,0.53,9.0,0.52,10.0,0.5,10.0,0.49,60.0,0.62,5.0,0.63,10.0,0.72,10.0,0.74,29.0,0.75,10.0,0.07,0.07,0.093984,1776162017000
1776162019.191,19.191,0.38,5.0,0.37,10.0,0.28,10.0,0.26,29.0,0.25,10.0,0.45,5.0,0.47,9.0,0.48,10.0,0.5,10.0,0.51,60.0,0.55,5.0,0.53,9.0,0.52,10.0,0.5,10.0,0.49,60.0,0.62,5.0,0.63,10.0,0.72,10.0,0.74,29.0,0.75,10.0,0.07,0.07,0.093983,1776162018000
1776162019.621,19.621,0.4,10.0,0.38,5.0,0.31,60.0,0.3,26.0,0.29,10.0,0.51,20.0,0.54,10.0,0.55,10.0,0.56,10.0,0.57,10.0,0.55,5.0,0.53,9.0,0.52,10.0,0.5,10.0,0.49,60.0,0.62,5.0,0.63,10.0,0.72,10.0,0.74,29.0,0.75,10.0,0.11,0.07,0.093983,1776162018000
1776162020.097,20.097,0.4,10.0,0.38,5.0,0.31,60.0,0.3,26.0,0.29,10.0,0.51,20.0,0.54,10.0,0.55,10.0,0.56,10.0,0.57,10.0,0.49,20.0,0.46,10.0,0.45,10.0,0.44,10.0,0.43,10.0,0.6,10.0,0.62,5.0,0.69,60.0,0.7,26.0,0.71,10.0,0.11,0.11,0.093983,1776162019000
1776162021.003,21.003,0.4,10.0,0.38,5.0,0.31,60.0,0.3,26.0,0.29,10.0,0.51,20.0,0.54,10.0,0.55,10.0,0.56,10.0,0.57,10.0,0.49,20.0,0.46,10.0,0.45,10.0,0.44,10.0,0.43,10.0,0.6,10.0,0.62,5.0,0.69,60.0,0.7,26.0,0.71,10.0,0.11,0.11,0.093983,1776162020000
1776162022.018,22.018,0.4,10.0,0.38,5.0,0.31,60.0,0.3,26.0,0.29,10.0,0.51,20.0,0.54,10.0,0.55,10.0,0.56,10.0,0.57,10.0,0.49,20.0,0.46,10.0,0.45,10.0,0.44,10.0,0.43,10.0,0.6,10.0,0.62,5.0,0.69,60.0,0.7,26.0,0.71,10.0,0.11,0.11,0.093987,1776162021000
1776162022.996,22.996,0.4,10.0,0.38,5.0,0.31,60.0,0.3,26.0,0.29,10.0,0.51,20.0,0.54,10.0,0.55,10.0,0.56,10.0,0.57,10.0,0.49,20.0,0.46,10.0,0.45,10.0,0.44,10.0,0.43,10.0,0.6,10.0,0.62,5.0,0.69,60.0,0.7,26.0,0.71,10.0,0.11,0.11,0.093987,1776162022000
1776162023.886,23.886,0.4,10.0,0.38,5.0,0.31,60.0,0.3,26.0,0.29,10.0,0.51,20.0,0.54,10.0,0.55,10.0,0.56,10.0,0.57,10.0,0.49,20.0,0.46,10.0,0.45,10.0,0.44,10.0,0.43,10.0,0.6,10.0,0.62,5.0,0.69,60.0,0.7,26.0,0.71,10.0,0.11,0.11,0.093985,1776162023000
1776162024.889,24.889,0.4,10.0,0.38,5.0,0.31,60.0,0.3,26.0,0.29,10.0,0.51,20.0,0.54,10.0,0.55,10.0,0.56,10.0,0.57,10.0,0.49,20.0,0.46,10.0,0.45,10.0,0.44,10.0,0.43,10.0,0.6,10.0,0.62,5.0,0.69,60.0,0.7,26.0,0.71,10.0,0.11,0.11,0.093978,1776162024000
1776162026.344,26.344,0.4,10.0,0.38,5.0,0.31,60.0,0.3,26.0,0.29,10.0,0.51,20.0,0.54,10.0,0.55,10.0,0.56,10.0,0.57,10.0,0.49,20.0,0.46,10.0,0.45,10.0,0.44,10.0,0.43,10.0,0.6,10.0,0.62,5.0,0.69,60.0,0.7,26.0,0.71,10.0,0.11,0.11,0.093975,1776162025000
1776162027.313,27.313,0.28,5.0,0.27,5.0,0.22,15.0,0.19,26.0,0.14,10.0,0.39,10.0,0.41,65.1,0.42,18.0,0.49,10.0,0.51,50.0,0.61,10.0,0.59,65.1,0.58,18.0,0.51,10.0,0.49,50.0,0.72,5.0,0.73,5.0,0.78,15.0,0.81,26.0,0.86,10.0,0.11,0.11,0.093975,1776162026000
1776162028.412,28.412,0.28,5.0,0.27,5.0,0.22,15.0,0.19,26.0,0.14,10.0,0.39,10.0,0.41,65.1,0.42,18.0,0.49,10.0,0.51,50.0,0.61,10.0,0.59,65.1,0.58,18.0,0.51,10.0,0.49,50.0,0.72,5.0,0.73,5.0,0.78,15.0,0.81,26.0,0.86,10.0,0.11,0.11,0.093965,1776162027000
1776162028.899,28.899,0.28,5.0,0.27,5.0,0.22,15.0,0.19,26.0,0.14,10.0,0.39,10.0,0.41,65.1,0.42,18.0,0.49,10.0,0.51,50.0,0.61,10.0,0.59,65.1,0.58,18.0,0.51,10.0,0.49,50.0,0.72,5.0,0.73,5.0,0.78,15.0,0.81,26.0,0.86,10.0,0.11,0.11,0.093965,1776162028000
1776162029.945,29.945,0.28,5.0,0.27,5.0,0.22,15.0,0.19,26.0,0.14,10.0,0.39,10.0,0.41,65.1,0.42,18.0,0.49,10.0,0.51,50.0,0.61,10.0,0.59,65.1,0.58,18.0,0.51,10.0,0.49,50.0,0.72,5.0,0.73,5.0,0.78,15.0,0.81,26.0,0.86,10.0,0.11,0.11,0.093966,1776162029000
1776162031.363,31.363,0.28,5.0,0.27,5.0,0.22,15.0,0.19,26.0,0.14,10.0,0.39,10.0,0.41,65.1,0.42,18.0,0.49,10.0,0.51,50.0,0.61,10.0,0.59,65.1,0.58,18.0,0.51,10.0,0.49,50.0,0.72,5.0,0.73,5.0,0.78,15.0,0.81,26.0,0.86,10.0,0.11,0.11,0.093965,1776162030000
1776162032.741,32.741,0.28,5.0,0.27,5.0,0.22,15.0,0.19,26.0,0.14,10.0,0.39,10.0,0.41,65.1,0.42,18.0,0.49,10.0,0.51,50.0,0.61,10.0,0.59,65.1,0.58,18.0,0.51,10.0,0.49,50.0,0.72,5.0,0.73,5.0,0.78,15.0,0.81,26.0,0.86,10.0,0.11,0.11,0.093964,1776162031000
1776162033.341,33.341,0.28,5.0,0.27,5.0,0.22,15.0,0.19,26.0,0.14,10.0,0.39,10.0,0.41,65.1,0.42,18.0,0.49,10.0,0.51,50.0,0.61,10.0,0.59,65.1,0.58,18.0,0.51,10.0,0.49,50.0,0.72,5.0,0.73,5.0,0.78,15.0,0.81,26.0,0.86,10.0,0.11,0.11,0.093964,1776162032000
1776162034.441,34.441,0.28,5.0,0.27,5.0,0.22,15.0,0.19,26.0,0.14,10.0,0.39,10.0,0.41,65.1,0.42,18.0,0.49,10.0,0.51,50.0,0.61,10.0,0.59,65.1,0.58,18.0,0.51,10.0,0.49,50.0,0.72,5.0,0.73,5.0,0.78,15.0,0.81,26.0,0.86,10.0,0.11,0.11,0.093965,1776162033000
1776162034.845,34.845,0.28,5.0,0.27,5.0,0.22,15.0,0.19,26.0,0.14,10.0,0.39,10.0,0.41,65.1,0.42,18.0,0.49,10.0,0.51,50.0,0.61,10.0,0.59,65.1,0.58,18.0,0.51,10.0,0.49,50.0,0.72,5.0,0.73,5.0,0.78,15.0,0.81,26.0,0.86,10.0,0.11,0.11,0.093965,1776162034000
1776162035.813,35.813,0.28,5.0,0.27,5.0,0.22,15.0,0.19,26.0,0.14,10.0,0.39,10.0,0.41,65.1,0.42,18.0,0.49,10.0,0.51,50.0,0.61,10.0,0.59,65.1,0.58,18.0,0.51,10.0,0.49,50.0,0.72,5.0,0.73,5.0,0.78,15.0,0.81,26.0,0.86,10.0,0.11,0.11,0.093964,1776162035000
1776162037.364,37.364,0.28,5.0,0.27,5.0,0.22,15.0,0.19,26.0,0.14,10.0,0.39,10.0,0.41,65.1,0.42,18.0,0.49,10.0,0.51,50.0,0.61,10.0,0.59,65.1,0.58,18.0,0.51,10.0,0.49,50.0,0.72,5.0,0.73,5.0,0.78,15.0,0.81,26.0,0.86,10.0,0.11,0.11,0.093964,1776162036000
1776162038.416,38.416,0.28,5.0,0.27,5.0,0.22,15.0,0.19,26.0,0.14,10.0,0.39,10.0,0.41,65.1,0.42,18.0,0.49,10.0,0.51,50.0,0.61,10.0,0.59,65.1,0.58,18.0,0.51,10.0,0.49,50.0,0.72,5.0,0.73,5.0,0.78,15.0,0.81,26.0,0.86,10.0,0.11,0.11,0.093969,1776162037000
1776162038.912,38.912,0.28,5.0,0.27,5.0,0.22,15.0,0.19,26.0,0.14,10.0,0.39,10.0,0.41,65.1,0.42,18.0,0.49,10.0,0.51,50.0,0.61,10.0,0.59,65.1,0.58,18.0,0.51,10.0,0.49,50.0,0.72,5.0,0.73,5.0,0.78,15.0,0.81,26.0,0.86,10.0,0.11,0.11,0.093969,1776162038000
1776162039.904,39.904,0.28,5.0,0.27,5.0,0.22,15.0,0.19,26.0,0.14,10.0,0.39,10.0,0.41,65.1,0.42,18.0,0.49,10.0,0.51,50.0,0.61,10.0,0.59,65.1,0.58,18.0,0.51,10.0,0.49,50.0,0.72,5.0,0.73,5.0,0.78,15.0,0.81,26.0,0.86,10.0,0.11,0.11,0.09397,1776162039000
1776162040.811,40.811,0.28,5.0,0.27,5.0,0.22,15.0,0.19,26.0,0.14,10.0,0.39,10.0,0.41,65.1,0.42,18.0,0.49,10.0,0.51,50.0,0.61,10.0,0.59,65.1,0.58,18.0,0.51,10.0,0.49,50.0,0.72,5.0,0.73,5.0,0.78,15.0,0.81,26.0,0.86,10.0,0.11,0.11,0.09397,1776162040000
1776162041.816,41.816,0.32,10.0,0.31,60.0,0.24,20.0,0.21,50.0,0.19,21.89,0.33,1.0,0.34,5.0,0.45,9.0,0.51,10.0,0.53,10.0,0.61,10.0,0.59,65.1,0.58,18.0,0.51,10.0,0.49,50.0,0.72,5.0,0.73,5.0,0.78,15.0,0.81,26.0,0.86,10.0,0.01,0.11,0.09397,1776162040000
1776162042.185,42.185,0.33,10.0,0.32,10.0,0.31,60.0,0.3,10.0,0.29,10.0,0.45,9.0,0.51,10.0,0.53,10.0,0.54,10.0,0.55,10.0,0.66,0.97,0.55,9.0,0.49,10.0,0.47,10.0,0.39,50.0,0.68,10.0,0.69,60.0,0.76,20.0,0.79,50.0,0.81,21.89,0.12,0.02,0.09397,1776162040000
1776162043.235,43.235,0.33,10.0,0.32,10.0,0.31,60.0,0.3,10.0,0.29,10.0,0.45,9.0,0.51,10.0,0.53,10.0,0.54,10.0,0.55,10.0,0.55,9.0,0.49,10.0,0.47,10.0,0.46,10.0,0.45,10.0,0.67,10.0,0.68,10.0,0.69,60.0,0.7,10.0,0.71,10.0,0.12,0.12,0.093971,1776162042000
1776162044.291,44.291,0.33,10.0,0.32,10.0,0.31,60.0,0.3,10.0,0.29,10.0,0.45,9.0,0.51,10.0,0.53,10.0,0.54,10.0,0.55,10.0,0.55,9.0,0.49,10.0,0.47,10.0,0.46,10.0,0.45,10.0,0.67,10.0,0.68,10.0,0.69,60.0,0.7,10.0,0.71,10.0,0.12,0.12,0.093986,1776162043000
1776162045.93,45.93,0.33,10.0,0.32,10.0,0.31,60.0,0.3,10.0,0.29,10.0,0.45,9.0,0.51,10.0,0.53,10.0,0.54,10.0,0.55,10.0,0.55,9.0,0.49,10.0,0.47,10.0,0.46,10.0,0.45,10.0,0.67,10.0,0.68,10.0,0.69,60.0,0.7,10.0,0.71,10.0,0.12,0.12,0.093987,1776162044000
1776162046.597,46.597,0.33,10.0,0.32,10.0,0.31,60.0,0.3,10.0,0.29,10.0,0.45,9.0,0.51,10.0,0.53,10.0,0.54,10.0,0.55,10.0,0.55,9.0,0.49,10.0,0.47,10.0,0.46,10.0,0.45,10.0,0.67,10.0,0.68,10.0,0.69,60.0,0.7,10.0,0.71,10.0,0.12,0.12,0.093988,1776162045000
1776162047.331,47.331,0.33,10.0,0.32,10.0,0.31,60.0,0.3,10.0,0.29,10.0,0.45,9.0,0.51,10.0,0.53,10.0,0.54,10.0,0.55,10.0,0.55,9.0,0.49,10.0,0.47,10.0,0.46,10.0,0.45,10.0,0.67,10.0,0.68,10.0,0.69,60.0,0.7,10.0,0.71,10.0,0.12,0.12,0.093988,1776162046000
1776162048.525,48.525,0.33,10.0,0.32,10.0,0.31,60.0,0.3,10.0,0.29,10.0,0.45,9.0,0.51,10.0,0.53,10.0,0.54,10.0,0.55,10.0,0.55,9.0,0.49,10.0,0.47,10.0,0.46,10.0,0.45,10.0,0.67,10.0,0.68,10.0,0.69,60.0,0.7,10.0,0.71,10.0,0.12,0.12,0.093988,1776162047000
1776162049.075,49.075,0.33,10.0,0.32,10.0,0.31,60.0,0.3,10.0,0.29,10.0,0.45,9.0,0.51,10.0,0.53,10.0,0.54,10.0,0.55,10.0,0.55,9.0,0.49,10.0,0.47,10.0,0.46,10.0,0.45,10.0,0.67,10.0,0.68,10.0,0.69,60.0,0.7,10.0,0.71,10.0,0.12,0.12,0.093988,1776162048000
1776162050.785,50.785,0.33,10.0,0.32,10.0,0.31,60.0,0.3,10.0,0.29,10.0,0.45,9.0,0.51,10.0,0.53,10.0,0.54,10.0,0.55,10.0,0.55,9.0,0.49,10.0,0.47,10.0,0.46,10.0,0.45,10.0,0.67,10.0,0.68,10.0,0.69,60.0,0.7,10.0,0.71,10.0,0.12,0.12,0.093987,1776162049000
1776162051.34,51.34,0.33,10.0,0.32,10.0,0.31,60.0,0.3,10.0,0.29,10.0,0.45,9.0,0.51,10.0,0.53,10.0,0.54,10.0,0.55,10.0,0.55,9.0,0.49,10.0,0.47,10.0,0.46,10.0,0.45,10.0,0.67,10.0,0.68,10.0,0.69,60.0,0.7,10.0,0.71,10.0,0.12,0.12,0.093987,1776162050000
1776162052.655,52.655,0.33,10.0,0.32,10.0,0.31,60.0,0.3,10.0,0.29,10.0,0.45,9.0,0.51,10.0,0.53,10.0,0.54,10.0,0.55,10.0,0.55,9.0,0.49,10.0,0.47,10.0,0.46,10.0,0.45,10.0,0.67,10.0,0.68,10.0,0.69,60.0,0.7,10.0,0.71,10.0,0.12,0.12,0.093987,1776162051000
1776162053.334,53.334,0.33,10.0,0.32,10.0,0.31,60.0,0.3,10.0,0.29,10.0,0.45,9.0,0.51,10.0,0.53,10.0,0.54,10.0,0.55,10.0,0.55,9.0,0.49,10.0,0.47,10.0,0.46,10.0,0.45,10.0,0.67,10.0,0.68,10.0,0.69,60.0,0.7,10.0,0.71,10.0,0.12,0.12,0.093987,1776162052000
1776162054.131,54.131,0.33,10.0,0.32,10.0,0.31,60.0,0.3,10.0,0.29,10.0,0.45,9.0,0.51,10.0,0.53,10.0,0.54,10.0,0.55,10.0,0.55,9.0,0.49,10.0,0.47,10.0,0.46,10.0,0.45,10.0,0.67,10.0,0.68,10.0,0.69,60.0,0.7,10.0,0.71,10.0,0.12,0.12,0.093987,1776162053000
1776162055.627,55.627,0.33,10.0,0.32,10.0,0.31,60.0,0.3,10.0,0.29,10.0,0.45,9.0,0.51,10.0,0.53,10.0,0.54,10.0,0.55,10.0,0.55,9.0,0.49,10.0,0.47,10.0,0.46,10.0,0.45,10.0,0.67,10.0,0.68,10.0,0.69,60.0,0.7,10.0,0.71,10.0,0.12,0.12,0.093986,1776162054000
1776162056.159,56.159,0.33,10.0,0.32,10.0,0.31,60.0,0.3,10.0,0.29,10.0,0.45,9.0,0.51,10.0,0.53,10.0,0.54,10.0,0.55,10.0,0.55,9.0,0.49,10.0,0.47,10.0,0.46,10.0,0.45,10.0,0.67,10.0,0.68,10.0,0.69,60.0,0.7,10.0,0.71,10.0,0.12,0.12,0.093987,1776162055000
1776162057.557,57.557,0.33,10.0,0.32,10.0,0.31,60.0,0.3,10.0,0.29,10.0,0.45,9.0,0.51,10.0,0.53,10.0,0.54,10.0,0.55,10.0,0.55,9.0,0.49,10.0,0.47,10.0,0.46,10.0,0.45,10.0,0.67,10.0,0.68,10.0,0.69,60.0,0.7,10.0,0.71,10.0,0.12,0.12,0.093989,1776162056000
1776162058.109,58.109,0.33,10.0,0.32,10.0,0.31,60.0,0.3,10.0,0.29,10.0,0.45,9.0,0.51,10.0,0.53,10.0,0.54,10.0,0.55,10.0,0.55,9.0,0.49,10.0,0.47,10.0,0.46,10.0,0.45,10.0,0.67,10.0,0.68,10.0,0.69,60.0,0.7,10.0,0.71,10.0,0.12,0.12,0.093988,1776162057000
1776162059.299,59.299,0.33,10.0,0.32,10.0,0.31,60.0,0.3,10.0,0.29,10.0,0.45,9.0,0.51,10.0,0.53,10.0,0.54,10.0,0.55,10.0,0.55,9.0,0.49,10.0,0.47,10.0,0.46,10.0,0.45,10.0,0.67,10.0,0.68,10.0,0.69,60.0,0.7,10.0,0.71,10.0,0.12,0.12,0.093996,1776162058000
1776162060.709,60.709,0.33,10.0,0.32,10.0,0.31,60.0,0.3,10.0,0.29,10.0,0.45,9.0,0.51,10.0,0.53,10.0,0.54,10.0,0.55,10.0,0.55,9.0,0.49,10.0,0.47,10.0,0.46,10.0,0.45,10.0,0.67,10.0,0.68,10.0,0.69,60.0,0.7,10.0,0.71,10.0,0.12,0.12,0.093998,1776162059000
1776162061.371,61.371,0.33,10.0,0.32,10.0,0.31,60.0,0.3,10.0,0.29,10.0,0.45,9.0,0.51,10.0,0.53,10.0,0.54,10.0,0.55,10.0,0.55,9.0,0.49,10.0,0.47,10.0,0.46,10.0,0.45,10.0,0.67,10.0,0.68,10.0,0.69,60.0,0.7,10.0,0.71,10.0,0.12,0.12,0.093998,1776162060000
1776162062.919,62.919,0.33,10.0,0.32,10.0,0.31,60.0,0.3,10.0,0.29,10.0,0.45,9.0,0.51,10.0,0.53,10.0,0.54,10.0,0.55,10.0,0.55,9.0,0.49,10.0,0.47,10.0,0.46,10.0,0.45,10.0,0.67,10.0,0.68,10.0,0.69,60.0,0.7,10.0,0.71,10.0,0.12,0.12,0.093999,1776162062000
1776162064.011,64.011,0.33,10.0,0.32,10.0,0.31,60.0,0.3,10.0,0.29,10.0,0.45,9.0,0.51,10.0,0.53,10.0,0.54,10.0,0.55,10.0,0.55,9.0,0.49,10.0,0.47,10.0,0.46,10.0,0.45,10.0,0.67,10.0,0.68,10.0,0.69,60.0,0.7,10.0,0.71,10.0,0.12,0.12,0.093999,1776162063000
1776162065.175,65.175,0.33,10.0,0.32,10.0,0.31,60.0,0.3,10.0,0.29,10.0,0.45,9.0,0.51,10.0,0.53,10.0,0.54,10.0,0.55,10.0,0.55,9.0,0.49,10.0,0.47,10.0,0.46,10.0,0.45,10.0,0.67,10.0,0.68,10.0,0.69,60.0,0.7,10.0,0.71,10.0,0.12,0.12,0.093999,1776162064000
1776162066.454,66.454,0.33,10.0,0.32,10.0,0.31,60.0,0.3,10.0,0.29,10.0,0.45,9.0,0.51,10.0,0.53,10.0,0.54,10.0,0.55,10.0,0.55,9.0,0.49,10.0,0.47,10.0,0.46,10.0,0.45,10.0,0.67,10.0,0.68,10.0,0.69,60.0,0.7,10.0,0.71,10.0,0.12,0.12,0.094,1776162065000
1776162067.431,67.431,0.33,10.0,0.32,10.0,0.31,60.0,0.3,10.0,0.29,10.0,0.45,9.0,0.51,10.0,0.53,10.0,0.54,10.0,0.55,10.0,0.55,9.0,0.49,10.0,0.47,10.0,0.46,10.0,0.45,10.0,0.67,10.0,0.68,10.0,0.69,60.0,0.7,10.0,0.71,10.0,0.12,0.12,0.094,1776162066000
1776162067.972,67.972,0.33,10.0,0.32,10.0,0.31,60.0,0.3,10.0,0.29,10.0,0.45,9.0,0.51,10.0,0.53,10.0,0.54,10.0,0.55,10.0,0.55,9.0,0.49,10.0,0.47,10.0,0.46,10.0,0.45,10.0,0.67,10.0,0.68,10.0,0.69,60.0,0.7,10.0,0.71,10.0,0.12,0.12,0.093999,1776162067000
1776162068.268,68.268,0.42,4.92,0.41,10.7,0.4,10.8,0.39,10.9,0.38,11.0,0.48,9.0,0.54,10.0,0.57,20.6,0.58,20.7,0.59,20.7,0.55,9.0,0.49,10.0,0.47,10.0,0.46,10.0,0.45,10.0,0.67,10.0,0.68,10.0,0.69,60.0,0.7,10.0,0.71,10.0,0.06,0.12,0.093999,1776162067000
1776162069.243,69.243,0.42,4.92,0.41,10.7,0.4,10.8,0.39,10.9,0.38,11.0,0.48,9.0,0.54,10.0,0.57,20.6,0.58,20.7,0.59,20.7,0.52,9.0,0.46,10.0,0.43,20.6,0.42,20.7,0.41,20.7,0.58,4.92,0.59,10.7,0.6,10.8,0.61,10.9,0.62,11.0,0.06,0.06,0.093998,1776162068000
1776162070.325,70.325,0.42,4.92,0.41,10.7,0.4,10.8,0.39,10.9,0.38,11.0,0.48,9.0,0.54,10.0,0.57,20.6,0.58,20.7,0.59,20.7,0.52,9.0,0.46,10.0,0.43,20.6,0.42,20.7,0.41,20.7,0.58,4.92,0.59,10.7,0.6,10.8,0.61,10.9,0.62,11.0,0.06,0.06,0.093998,1776162069000
1776162070.945,70.945,0.42,4.92,0.41,10.7,0.4,10.8,0.39,10.9,0.38,11.0,0.48,9.0,0.54,10.0,0.57,20.6,0.58,20.7,0.59,20.7,0.52,9.0,0.46,10.0,0.43,20.6,0.42,20.7,0.41,20.7,0.58,4.92,0.59,10.7,0.6,10.8,0.61,10.9,0.62,11.0,0.06,0.06,0.093998,1776162070000
1776162072.023,72.023,0.42,4.92,0.41,10.7,0.4,10.8,0.39,10.9,0.38,11.0,0.48,9.0,0.54,10.0,0.57,20.6,0.58,20.7,0.59,20.7,0.52,9.0,0.46,10.0,0.43,20.6,0.42,20.7,0.41,20.7,0.58,4.92,0.59,10.7,0.6,10.8,0.61,10.9,0.62,11.0,0.06,0.06,0.09399,1776162071000
1776162073.19,73.19,0.42,4.92,0.41,10.7,0.4,10.8,0.39,10.9,0.38,11.0,0.48,9.0,0.54,10.0,0.57,20.6,0.58,20.7,0.59,20.7,0.52,9.0,0.46,10.0,0.43,20.6,0.42,20.7,0.41,20.7,0.58,4.92,0.59,10.7,0.6,10.8,0.61,10.9,0.62,11.0,0.06,0.06,0.093991,1776162072000
1776162074.498,74.498,0.42,4.92,0.41,10.7,0.4,10.8,0.39,10.9,0.38,11.0,0.48,9.0,0.54,10.0,0.57,20.6,0.58,20.7,0.59,20.7,0.52,9.0,0.46,10.0,0.43,20.6,0.42,20.7,0.41,20.7,0.58,4.92,0.59,10.7,0.6,10.8,0.61,10.9,0.62,11.0,0.06,0.06,0.094,1776162073000
1776162074.973,74.973,0.41,8.3,0.4,15.8,0.39,10.9,0.38,11.0,0.37,24.2,0.54,5.0,0.55,5.0,0.58,10.0,0.59,20.7,0.6,32.8,0.46,5.0,0.45,5.0,0.42,10.0,0.41,20.7,0.4,32.8,0.59,8.3,0.6,15.8,0.61,10.9,0.62,11.0,0.63,24.2,0.13,0.13,0.094004,1776162074000
1776162076.162,76.162,0.41,8.3,0.4,15.8,0.39,10.9,0.38,11.0,0.37,24.2,0.54,5.0,0.55,5.0,0.58,10.0,0.59,20.7,0.6,32.8,0.46,5.0,0.45,5.0,0.42,10.0,0.41,20.7,0.4,32.8,0.59,8.3,0.6,15.8,0.61,10.9,0.62,11.0,0.63,24.2,0.13,0.13,0.094004,1776162075000
1776162077.706,77.706,0.41,8.3,0.4,15.8,0.39,10.9,0.38,11.0,0.37,24.2,0.54,5.0,0.55,5.0,0.58,10.0,0.59,20.7,0.6,32.8,0.46,5.0,0.45,5.0,0.42,10.0,0.41,20.7,0.4,32.8,0.59,8.3,0.6,15.8,0.61,10.9,0.62,11.0,0.63,24.2,0.13,0.13,0.094005,1776162076000
1776162078.689,78.689,0.41,8.3,0.4,15.8,0.39,10.9,0.38,11.0,0.37,24.2,0.54,5.0,0.55,5.0,0.58,10.0,0.59,20.7,0.6,32.8,0.46,5.0,0.45,5.0,0.42,10.0,0.41,20.7,0.4,32.8,0.59,8.3,0.6,15.8,0.61,10.9,0.62,11.0,0.63,24.2,0.13,0.13,0.094005,1776162077000
1776162079.406,79.406,0.41,8.3,0.4,15.8,0.39,10.9,0.38,11.0,0.37,24.2,0.54,5.0,0.55,5.0,0.58,10.0,0.59,20.7,0.6,32.8,0.46,5.0,0.45,5.0,0.42,10.0,0.41,20.7,0.4,32.8,0.59,8.3,0.6,15.8,0.61,10.9,0.62,11.0,0.63,24.2,0.13,0.13,0.094005,1776162078000
1776162080.226,80.226,0.41,8.3,0.4,15.8,0.39,10.9,0.38,11.0,0.37,24.2,0.54,5.0,0.55,5.0,0.58,10.0,0.59,20.7,0.6,32.8,0.46,5.0,0.45,5.0,0.42,10.0,0.41,20.7,0.4,32.8,0.59,8.3,0.6,15.8,0.61,10.9,0.62,11.0,0.63,24.2,0.13,0.13,0.094005,1776162079000
1776162081.637,81.637,0.41,8.3,0.4,15.8,0.39,10.9,0.38,11.0,0.37,24.2,0.54,5.0,0.55,5.0,0.58,10.0,0.59,20.7,0.6,32.8,0.46,5.0,0.45,5.0,0.42,10.0,0.41,20.7,0.4,32.8,0.59,8.3,0.6,15.8,0.61,10.9,0.62,11.0,0.63,24.2,0.13,0.13,0.094005,1776162080000
1776162082.398,82.398,0.41,8.3,0.4,15.8,0.39,10.9,0.38,11.0,0.37,24.2,0.54,5.0,0.55,5.0,0.58,10.0,0.59,20.7,0.6,32.8,0.46,5.0,0.45,5.0,0.42,10.0,0.41,20.7,0.4,32.8,0.59,8.3,0.6,15.8,0.61,10.9,0.62,11.0,0.63,24.2,0.13,0.13,0.094004,1776162081000
1776162083.09,83.09,0.41,8.3,0.4,15.8,0.39,10.9,0.38,11.0,0.37,24.2,0.54,5.0,0.55,5.0,0.58,10.0,0.59,20.7,0.6,32.8,0.46,5.0,0.45,5.0,0.42,10.0,0.41,20.7,0.4,32.8,0.59,8.3,0.6,15.8,0.61,10.9,0.62,11.0,0.63,24.2,0.13,0.13,0.094004,1776162082000
1776162084.459,84.459,0.41,8.3,0.4,15.8,0.39,10.9,0.38,11.0,0.37,24.2,0.54,5.0,0.55,5.0,0.58,10.0,0.59,20.7,0.6,32.8,0.46,5.0,0.45,5.0,0.42,10.0,0.41,20.7,0.4,32.8,0.59,8.3,0.6,15.8,0.61,10.9,0.62,11.0,0.63,24.2,0.13,0.13,0.094004,1776162083000
1776162085.223,85.223,0.41,8.3,0.4,15.8,0.39,10.9,0.38,11.0,0.37,24.2,0.54,5.0,0.55,5.0,0.58,10.0,0.59,20.7,0.6,32.8,0.46,5.0,0.45,5.0,0.42,10.0,0.41,20.7,0.4,32.8,0.59,8.3,0.6,15.8,0.61,10.9,0.62,11.0,0.63,24.2,0.13,0.13,0.094001,1776162084000
1776162086.57,86.57,0.41,8.3,0.4,15.8,0.39,10.9,0.38,11.0,0.37,24.2,0.54,5.0,0.55,5.0,0.58,10.0,0.59,20.7,0.6,32.8,0.46,5.0,0.45,5.0,0.42,10.0,0.41,20.7,0.4,32.8,0.59,8.3,0.6,15.8,0.61,10.9,0.62,11.0,0.63,24.2,0.13,0.13,0.093997,1776162085000
1776162087.391,87.391,0.41,8.3,0.4,15.8,0.39,10.9,0.38,11.0,0.37,24.2,0.54,5.0,0.55,5.0,0.58,10.0,0.59,20.7,0.6,32.8,0.46,5.0,0.45,5.0,0.42,10.0,0.41,20.7,0.4,32.8,0.59,8.3,0.6,15.8,0.61,10.9,0.62,11.0,0.63,24.2,0.13,0.13,0.093997,1776162086000
1776162088.04,88.04,0.41,8.3,0.4,15.8,0.39,10.9,0.38,11.0,0.37,24.2,0.54,5.0,0.55,5.0,0.58,10.0,0.59,20.7,0.6,32.8,0.46,5.0,0.45,5.0,0.42,10.0,0.41,20.7,0.4,32.8,0.59,8.3,0.6,15.8,0.61,10.9,0.62,11.0,0.63,24.2,0.13,0.13,0.093997,1776162087000
1776162089.589,89.589,0.41,8.3,0.4,15.8,0.39,10.9,0.38,11.0,0.37,24.2,0.54,5.0,0.55,5.0,0.58,10.0,0.59,20.7,0.6,32.8,0.46,5.0,0.45,5.0,0.42,10.0,0.41,20.7,0.4,32.8,0.59,8.3,0.6,15.8,0.61,10.9,0.62,11.0,0.63,24.2,0.13,0.13,0.09399,1776162088000
1776162090.218,90.218,0.41,8.3,0.4,15.8,0.39,10.9,0.38,11.0,0.37,24.2,0.54,5.0,0.55,5.0,0.58,10.0,0.59,20.7,0.6,32.8,0.46,5.0,0.45,5.0,0.42,10.0,0.41,20.7,0.4,32.8,0.59,8.3,0.6,15.8,0.61,10.9,0.62,11.0,0.63,24.2,0.13,0.13,0.09399,1776162089000
1776162091.767,91.767,0.41,8.3,0.4,15.8,0.39,10.9,0.38,11.0,0.37,24.2,0.54,5.0,0.55,5.0,0.58,10.0,0.59,20.7,0.6,32.8,0.46,5.0,0.45,5.0,0.42,10.0,0.41,20.7,0.4,32.8,0.59,8.3,0.6,15.8,0.61,10.9,0.62,11.0,0.63,24.2,0.13,0.13,0.093989,1776162090000
1776162092.477,92.477,0.41,8.3,0.4,15.8,0.39,10.9,0.38,11.0,0.37,24.2,0.54,5.0,0.55,5.0,0.58,10.0,0.59,20.7,0.6,32.8,0.46,5.0,0.45,5.0,0.42,10.0,0.41,20.7,0.4,32.8,0.59,8.3,0.6,15.8,0.61,10.9,0.62,11.0,0.63,24.2,0.13,0.13,0.093979,1776162091000
1776162093.053,93.053,0.41,8.3,0.4,15.8,0.39,10.9,0.38,11.0,0.37,24.2,0.54,5.0,0.55,5.0,0.58,10.0,0.59,20.7,0.6,32.8,0.46,5.0,0.45,5.0,0.42,10.0,0.41,20.7,0.4,32.8,0.59,8.3,0.6,15.8,0.61,10.9,0.62,11.0,0.63,24.2,0.13,0.13,0.09398,1776162092000
1776162094.523,94.523,0.41,8.3,0.4,15.8,0.39,10.9,0.38,11.0,0.37,24.2,0.54,5.0,0.55,5.0,0.58,10.0,0.59,20.7,0.6,32.8,0.46,5.0,0.45,5.0,0.42,10.0,0.41,20.7,0.4,32.8,0.59,8.3,0.6,15.8,0.61,10.9,0.62,11.0,0.63,24.2,0.13,0.13,0.093981,1776162093000
1776162095.194,95.194,0.41,8.3,0.4,15.8,0.39,10.9,0.38,11.0,0.37,24.2,0.54,5.0,0.55,5.0,0.58,10.0,0.59,20.7,0.6,32.8,0.46,5.0,0.45,5.0,0.42,10.0,0.41,20.7,0.4,32.8,0.59,8.3,0.6,15.8,0.61,10.9,0.62,11.0,0.63,24.2,0.13,0.13,0.093976,1776162094000
1776162096.331,96.331,0.41,8.3,0.4,15.8,0.39,10.9,0.38,11.0,0.37,24.2,0.54,5.0,0.55,5.0,0.58,10.0,0.59,20.7,0.6,32.8,0.46,5.0,0.45,5.0,0.42,10.0,0.41,20.7,0.4,32.8,0.59,8.3,0.6,15.8,0.61,10.9,0.62,11.0,0.63,24.2,0.13,0.13,0.093975,1776162095000
1776162097.264,97.264,0.41,8.3,0.4,15.8,0.39,10.9,0.38,11.0,0.37,24.2,0.54,5.0,0.55,5.0,0.58,10.0,0.59,20.7,0.6,32.8,0.46,5.0,0.45,5.0,0.42,10.0,0.41,20.7,0.4,32.8,0.59,8.3,0.6,15.8,0.61,10.9,0.62,11.0,0.63,24.2,0.13,0.13,0.093975,1776162096000
1776162098.26,98.26,0.41,8.3,0.4,15.8,0.39,10.9,0.38,11.0,0.37,24.2,0.54,5.0,0.55,5.0,0.58,10.0,0.59,20.7,0.6,32.8,0.46,5.0,0.45,5.0,0.42,10.0,0.41,20.7,0.4,32.8,0.59,8.3,0.6,15.8,0.61,10.9,0.62,11.0,0.63,24.2,0.13,0.13,0.093975,1776162097000
1776162099.22,99.22,0.41,8.3,0.4,15.8,0.39,10.9,0.38,11.0,0.37,24.2,0.54,5.0,0.55,5.0,0.58,10.0,0.59,20.7,0.6,32.8,0.46,5.0,0.45,5.0,0.42,10.0,0.41,20.7,0.4,32.8,0.59,8.3,0.6,15.8,0.61,10.9,0.62,11.0,0.63,24.2,0.13,0.13,0.093975,1776162098000
1776162100.083,100.083,0.41,8.3,0.4,15.8,0.39,10.9,0.38,11.0,0.37,24.2,0.54,5.0,0.55,5.0,0.58,10.0,0.59,20.7,0.6,32.8,0.46,5.0,0.45,5.0,0.42,10.0,0.41,20.7,0.4,32.8,0.59,8.3,0.6,15.8,0.61,10.9,0.62,11.0,0.63,24.2,0.13,0.13,0.09397,1776162099000
1776162101.026,101.026,0.41,8.3,0.4,15.8,0.39,10.9,0.38,11.0,0.37,24.2,0.54,5.0,0.55,5.0,0.58,10.0,0.59,20.7,0.6,32.8,0.46,5.0,0.45,5.0,0.42,10.0,0.41,20.7,0.4,32.8,0.59,8.3,0.6,15.8,0.61,10.9,0.62,11.0,0.63,24.2,0.13,0.13,0.093969,1776162100000
1776162101.937,101.937,0.41,8.3,0.4,15.8,0.39,10.9,0.38,11.0,0.37,24.2,0.54,5.0,0.55,5.0,0.58,10.0,0.59,20.7,0.6,32.8,0.46,5.0,0.45,5.0,0.42,10.0,0.41,20.7,0.4,32.8,0.59,8.3,0.6,15.8,0.61,10.9,0.62,11.0,0.63,24.2,0.13,0.13,0.093969,1776162101000
1776162102.883,102.883,0.41,8.3,0.4,15.8,0.39,10.9,0.38,11.0,0.37,24.2,0.54,5.0,0.55,5.0,0.58,10.0,0.59,20.7,0.6,32.8,0.46,5.0,0.45,5.0,0.42,10.0,0.41,20.7,0.4,32.8,0.59,8.3,0.6,15.8,0.61,10.9,0.62,11.0,0.63,24.2,0.13,0.13,0.093968,1776162102000
1776162103.916,103.916,0.33,5.0,0.32,5.0,0.31,17.2,0.3,12.4,0.29,12.6,0.38,3.0,0.47,10.0,0.48,10.0,0.49,10.0,0.5,10.0,0.46,5.0,0.45,5.0,0.42,10.0,0.41,20.7,0.4,32.8,0.59,8.3,0.6,15.8,0.61,10.9,0.62,11.0,0.63,24.2,0.05,0.13,0.093968,1776162102000
1776162104.371,104.371,0.33,5.0,0.32,5.0,0.31,17.2,0.3,12.4,0.29,12.6,0.38,3.0,0.47,10.0,0.48,10.0,0.49,10.0,0.5,10.0,0.62,3.0,0.53,10.0,0.52,10.0,0.51,10.0,0.5,10.0,0.67,5.0,0.68,5.0,0.69,17.2,0.7,12.4,0.71,12.6,0.05,0.05,0.093969,1776162103000
1776162105.264,105.264,0.33,5.0,0.32,5.0,0.31,17.2,0.3,12.4,0.29,12.6,0.38,3.0,0.47,10.0,0.48,10.0,0.49,10.0,0.5,10.0,0.62,3.0,0.53,10.0,0.52,10.0,0.51,10.0,0.5,10.0,0.67,5.0,0.68,5.0,0.69,17.2,0.7,12.4,0.71,12.6,0.05,0.05,0.093969,1776162104000
1776162106.309,106.309,0.33,5.0,0.32,5.0,0.31,17.2,0.3,12.4,0.29,12.6,0.38,3.0,0.47,10.0,0.48,10.0,0.49,10.0,0.5,10.0,0.62,3.0,0.53,10.0,0.52,10.0,0.51,10.0,0.5,10.0,0.67,5.0,0.68,5.0,0.69,17.2,0.7,12.4,0.71,12.6,0.05,0.05,0.093983,1776162105000
1776162107.204,107.204,0.33,5.0,0.32,5.0,0.31,17.2,0.3,12.4,0.29,12.6,0.38,3.0,0.47,10.0,0.48,10.0,0.49,10.0,0.5,10.0,0.62,3.0,0.53,10.0,0.52,10.0,0.51,10.0,0.5,10.0,0.67,5.0,0.68,5.0,0.69,17.2,0.7,12.4,0.71,12.6,0.05,0.05,0.093985,1776162106000
1776162108.578,108.578,0.33,5.0,0.32,5.0,0.31,17.2,0.3,12.4,0.29,12.6,0.38,3.0,0.47,10.0,0.48,10.0,0.49,10.0,0.5,10.0,0.62,3.0,0.53,10.0,0.52,10.0,0.51,10.0,0.5,10.0,0.67,5.0,0.68,5.0,0.69,17.2,0.7,12.4,0.71,12.6,0.05,0.05,0.093985,1776162107000
1776162109.225,109.225,0.33,5.0,0.32,5.0,0.31,17.2,0.3,12.4,0.29,12.6,0.38,3.0,0.47,10.0,0.48,10.0,0.49,10.0,0.5,10.0,0.62,3.0,0.53,10.0,0.52,10.0,0.51,10.0,0.5,10.0,0.67,5.0,0.68,5.0,0.69,17.2,0.7,12.4,0.71,12.6,0.05,0.05,0.093985,1776162108000
1776162110.029,110.029,0.33,5.0,0.32,5.0,0.31,17.2,0.3,12.4,0.29,12.6,0.38,3.0,0.47,10.0,0.48,10.0,0.49,10.0,0.5,10.0,0.62,3.0,0.53,10.0,0.52,10.0,0.51,10.0,0.5,10.0,0.67,5.0,0.68,5.0,0.69,17.2,0.7,12.4,0.71,12.6,0.05,0.05,0.093985,1776162109000
1776162110.994,110.994,0.33,5.0,0.32,5.0,0.31,17.2,0.3,12.4,0.29,12.6,0.38,3.0,0.47,10.0,0.48,10.0,0.49,10.0,0.5,10.0,0.62,3.0,0.53,10.0,0.52,10.0,0.51,10.0,0.5,10.0,0.67,5.0,0.68,5.0,0.69,17.2,0.7,12.4,0.71,12.6,0.05,0.05,0.093982,1776162110000
1776162112.008,112.008,0.33,5.0,0.32,5.0,0.31,17.2,0.3,12.4,0.29,12.6,0.38,3.0,0.47,10.0,0.48,10.0,0.49,10.0,0.5,10.0,0.62,3.0,0.53,10.0,0.52,10.0,0.51,10.0,0.5,10.0,0.67,5.0,0.68,5.0,0.69,17.2,0.7,12.4,0.71,12.6,0.05,0.05,0.093976,1776162111000
1776162112.953,112.953,0.33,5.0,0.32,5.0,0.31,17.2,0.3,12.4,0.29,12.6,0.38,3.0,0.47,10.0,0.48,10.0,0.49,10.0,0.5,10.0,0.62,3.0,0.53,10.0,0.52,10.0,0.51,10.0,0.5,10.0,0.67,5.0,0.68,5.0,0.69,17.2,0.7,12.4,0.71,12.6,0.05,0.05,0.093976,1776162112000
1776162113.908,113.908,0.33,5.0,0.32,5.0,0.31,17.2,0.3,12.4,0.29,12.6,0.38,3.0,0.47,10.0,0.48,10.0,0.49,10.0,0.5,10.0,0.62,3.0,0.53,10.0,0.52,10.0,0.51,10.0,0.5,10.0,0.67,5.0,0.68,5.0,0.69,17.2,0.7,12.4,0.71,12.6,0.05,0.05,0.093982,1776162113000
1776162114.949,114.949,0.33,5.0,0.32,5.0,0.31,17.2,0.3,12.4,0.29,12.6,0.38,3.0,0.47,10.0,0.48,10.0,0.49,10.0,0.5,10.0,0.62,3.0,0.53,10.0,0.52,10.0,0.51,10.0,0.5,10.0,0.67,5.0,0.68,5.0,0.69,17.2,0.7,12.4,0.71,12.6,0.05,0.05,0.093982,1776162114000
1776162116.031,116.031,0.33,5.0,0.32,5.0,0.31,17.2,0.3,12.4,0.29,12.6,0.38,3.0,0.47,10.0,0.48,10.0,0.49,10.0,0.5,10.0,0.62,3.0,0.53,10.0,0.52,10.0,0.51,10.0,0.5,10.0,0.67,5.0,0.68,5.0,0.69,17.2,0.7,12.4,0.71,12.6,0.05,0.05,0.093983,1776162115000
1776162117.077,117.077,0.33,5.0,0.32,5.0,0.31,17.2,0.3,12.4,0.29,12.6,0.38,3.0,0.47,10.0,0.48,10.0,0.49,10.0,0.5,10.0,0.62,3.0,0.53,10.0,0.52,10.0,0.51,10.0,0.5,10.0,0.67,5.0,0.68,5.0,0.69,17.2,0.7,12.4,0.71,12.6,0.05,0.05,0.093983,1776162116000
1776162118.065,118.065,0.33,5.0,0.32,5.0,0.31,17.2,0.3,12.4,0.29,12.6,0.38,3.0,0.47,10.0,0.48,10.0,0.49,10.0,0.5,10.0,0.62,3.0,0.53,10.0,0.52,10.0,0.51,10.0,0.5,10.0,0.67,5.0,0.68,5.0,0.69,17.2,0.7,12.4,0.71,12.6,0.05,0.05,0.093983,1776162117000
1776162118.827,118.827,0.39,5.0,0.38,5.0,0.37,11.2,0.36,11.3,0.35,11.4,0.49,4.0,0.55,10.0,0.57,10.0,0.58,20.0,0.59,10.0,0.62,3.0,0.53,10.0,0.52,10.0,0.51,10.0,0.5,10.0,0.67,5.0,0.68,5.0,0.69,17.2,0.7,12.4,0.71,12.6,0.1,0.05,0.093983,1776162117000
1776162119.03,119.03,0.39,5.0,0.38,5.0,0.37,11.2,0.36,11.3,0.35,11.4,0.49,4.0,0.55,10.0,0.57,10.0,0.58,20.0,0.59,10.0,0.51,4.0,0.45,10.0,0.43,10.0,0.42,20.0,0.41,10.0,0.61,5.0,0.62,5.0,0.63,11.2,0.64,11.3,0.65,11.4,0.1,0.1,0.093991,1776162118000
1776162120.005,120.005,0.39,5.0,0.38,5.0,0.37,11.2,0.36,11.3,0.35,11.4,0.49,4.0,0.55,10.0,0.57,10.0,0.58,20.0,0.59,10.0,0.51,4.0,0.45,10.0,0.43,10.0,0.42,20.0,0.41,10.0,0.61,5.0,0.62,5.0,0.63,11.2,0.64,11.3,0.65,11.4,0.1,0.1,0.094004,1776162119000
1776162121.695,121.695,0.39,5.0,0.38,5.0,0.37,11.2,0.36,11.3,0.35,11.4,0.49,4.0,0.55,10.0,0.57,10.0,0.58,20.0,0.59,10.0,0.51,4.0,0.45,10.0,0.43,10.0,0.42,20.0,0.41,10.0,0.61,5.0,0.62,5.0,0.63,11.2,0.64,11.3,0.65,11.4,0.1,0.1,0.094005,1776162120000
1776162122.253,122.253,0.39,5.0,0.38,5.0,0.37,11.2,0.36,11.3,0.35,11.4,0.49,4.0,0.55,10.0,0.57,10.0,0.58,20.0,0.59,10.0,0.51,4.0,0.45,10.0,0.43,10.0,0.42,20.0,0.41,10.0,0.61,5.0,0.62,5.0,0.63,11.2,0.64,11.3,0.65,11.4,0.1,0.1,0.094005,1776162121000
1776162123.32,123.32,0.39,5.0,0.38,5.0,0.37,11.2,0.36,11.3,0.35,11.4,0.49,4.0,0.55,10.0,0.57,10.0,0.58,20.0,0.59,10.0,0.51,4.0,0.45,10.0,0.43,10.0,0.42,20.0,0.41,10.0,0.61,5.0,0.62,5.0,0.63,11.2,0.64,11.3,0.65,11.4,0.1,0.1,0.094003,1776162122000
1776162124.365,124.365,0.39,5.0,0.38,5.0,0.37,11.2,0.36,11.3,0.35,11.4,0.49,4.0,0.55,10.0,0.57,10.0,0.58,20.0,0.59,10.0,0.51,4.0,0.45,10.0,0.43,10.0,0.42,20.0,0.41,10.0,0.61,5.0,0.62,5.0,0.63,11.2,0.64,11.3,0.65,11.4,0.1,0.1,0.094003,1776162123000
1776162124.981,124.981,0.43,10.6,0.42,10.7,0.41,10.7,0.4,10.8,0.39,10.9,0.49,1.95,0.55,10.0,0.59,10.0,0.61,60.9,0.62,11.0,0.51,4.0,0.45,10.0,0.43,10.0,0.42,20.0,0.41,10.0,0.61,5.0,0.62,5.0,0.63,11.2,0.64,11.3,0.65,11.4,0.06,0.1,0.094003,1776162123000
1776162125.363,125.363,0.43,10.6,0.42,10.7,0.41,10.7,0.4,10.8,0.39,10.9,0.49,1.95,0.55,10.0,0.59,10.0,0.61,60.9,0.62,11.0,0.51,1.95,0.45,10.0,0.41,10.0,0.39,60.9,0.38,11.0,0.57,10.6,0.58,10.7,0.59,10.7,0.6,10.8,0.61,10.9,0.06,0.06,0.094003,1776162124000
1776162126.386,126.386,0.43,10.6,0.42,10.7,0.41,10.7,0.4,10.8,0.39,10.9,0.49,1.95,0.55,10.0,0.59,10.0,0.61,60.9,0.62,11.0,0.51,1.95,0.45,10.0,0.41,10.0,0.39,60.9,0.38,11.0,0.57,10.6,0.58,10.7,0.59,10.7,0.6,10.8,0.61,10.9,0.06,0.06,0.094003,1776162125000
1776162126.95,126.95,0.43,10.6,0.42,10.7,0.41,10.7,0.4,10.8,0.39,10.9,0.49,1.95,0.55,10.0,0.59,10.0,0.61,60.9,0.62,11.0,0.51,1.95,0.45,10.0,0.41,10.0,0.39,60.9,0.38,11.0,0.57,10.6,0.58,10.7,0.59,10.7,0.6,10.8,0.61,10.9,0.06,0.06,0.094006,1776162126000
1776162128.026,128.026,0.43,10.6,0.42,10.7,0.41,10.7,0.4,10.8,0.39,10.9,0.49,1.95,0.55,10.0,0.59,10.0,0.61,60.9,0.62,11.0,0.51,1.95,0.45,10.0,0.41,10.0,0.39,60.9,0.38,11.0,0.57,10.6,0.58,10.7,0.59,10.7,0.6,10.8,0.61,10.9,0.06,0.06,0.094006,1776162127000
1776162128.986,128.986,0.43,10.6,0.42,10.7,0.41,10.7,0.4,10.8,0.39,10.9,0.49,1.95,0.55,10.0,0.59,10.0,0.61,60.9,0.62,11.0,0.51,1.95,0.45,10.0,0.41,10.0,0.39,60.9,0.38,11.0,0.57,10.6,0.58,10.7,0.59,10.7,0.6,10.8,0.61,10.9,0.06,0.06,0.094006,1776162128000
1776162130.07,130.07,0.43,10.6,0.42,10.7,0.41,10.7,0.4,10.8,0.39,10.9,0.49,1.95,0.55,10.0,0.59,10.0,0.61,60.9,0.62,11.0,0.51,1.95,0.45,10.0,0.41,10.0,0.39,60.9,0.38,11.0,0.57,10.6,0.58,10.7,0.59,10.7,0.6,10.8,0.61,10.9,0.06,0.06,0.094005,1776162129000
1776162131.21,131.21,0.43,10.6,0.42,10.7,0.41,10.7,0.4,10.8,0.39,10.9,0.49,1.95,0.55,10.0,0.59,10.0,0.61,60.9,0.62,11.0,0.51,1.95,0.45,10.0,0.41,10.0,0.39,60.9,0.38,11.0,0.57,10.6,0.58,10.7,0.59,10.7,0.6,10.8,0.61,10.9,0.06,0.06,0.094006,1776162130000
1776162132.111,132.111,0.43,10.6,0.42,10.7,0.41,10.7,0.4,10.8,0.39,10.9,0.49,1.95,0.55,10.0,0.59,10.0,0.61,60.9,0.62,11.0,0.51,1.95,0.45,10.0,0.41,10.0,0.39,60.9,0.38,11.0,0.57,10.6,0.58,10.7,0.59,10.7,0.6,10.8,0.61,10.9,0.06,0.06,0.094006,1776162131000
1776162133.103,133.103,0.43,10.6,0.42,10.7,0.41,10.7,0.4,10.8,0.39,10.9,0.49,1.95,0.55,10.0,0.59,10.0,0.61,60.9,0.62,11.0,0.51,1.95,0.45,10.0,0.41,10.0,0.39,60.9,0.38,11.0,0.57,10.6,0.58,10.7,0.59,10.7,0.6,10.8,0.61,10.9,0.06,0.06,0.094005,1776162132000
1776162134.155,134.155,0.43,10.6,0.42,10.7,0.41,10.7,0.4,10.8,0.39,10.9,0.49,1.95,0.55,10.0,0.59,10.0,0.61,60.9,0.62,11.0,0.51,1.95,0.45,10.0,0.41,10.0,0.39,60.9,0.38,11.0,0.57,10.6,0.58,10.7,0.59,10.7,0.6,10.8,0.61,10.9,0.06,0.06,0.094005,1776162133000
1776162135.247,135.247,0.43,10.6,0.42,10.7,0.41,10.7,0.4,10.8,0.39,10.9,0.49,1.95,0.55,10.0,0.59,10.0,0.61,60.9,0.62,11.0,0.51,1.95,0.45,10.0,0.41,10.0,0.39,60.9,0.38,11.0,0.57,10.6,0.58,10.7,0.59,10.7,0.6,10.8,0.61,10.9,0.06,0.06,0.094005,1776162134000
1776162136.336,136.336,0.43,10.6,0.42,10.7,0.41,10.7,0.4,10.8,0.39,10.9,0.49,1.95,0.55,10.0,0.59,10.0,0.61,60.9,0.62,11.0,0.51,1.95,0.45,10.0,0.41,10.0,0.39,60.9,0.38,11.0,0.57,10.6,0.58,10.7,0.59,10.7,0.6,10.8,0.61,10.9,0.06,0.06,0.094005,1776162135000
1776162137.461,137.461,0.43,10.6,0.42,10.7,0.41,10.7,0.4,10.8,0.39,10.9,0.49,1.95,0.55,10.0,0.59,10.0,0.61,60.9,0.62,11.0,0.51,1.95,0.45,10.0,0.41,10.0,0.39,60.9,0.38,11.0,0.57,10.6,0.58,10.7,0.59,10.7,0.6,10.8,0.61,10.9,0.06,0.06,0.094005,1776162136000
1776162137.827,137.827,0.43,10.6,0.42,10.7,0.41,10.7,0.4,10.8,0.39,10.9,0.49,1.95,0.55,10.0,0.59,10.0,0.61,60.9,0.62,11.0,0.51,1.95,0.45,10.0,0.41,10.0,0.39,60.9,0.38,11.0,0.57,10.6,0.58,10.7,0.59,10.7,0.6,10.8,0.61,10.9,0.06,0.06,0.094005,1776162137000
1776162138.838,138.838,0.43,10.6,0.42,10.7,0.41,10.7,0.4,10.8,0.39,10.9,0.49,1.95,0.55,10.0,0.59,10.0,0.61,60.9,0.62,11.0,0.51,1.95,0.45,10.0,0.41,10.0,0.39,60.9,0.38,11.0,0.57,10.6,0.58,10.7,0.59,10.7,0.6,10.8,0.61,10.9,0.06,0.06,0.094005,1776162138000
1776162139.787,139.787,0.43,10.6,0.42,10.7,0.41,10.7,0.4,10.8,0.39,10.9,0.49,1.95,0.55,10.0,0.59,10.0,0.61,60.9,0.62,11.0,0.51,1.95,0.45,10.0,0.41,10.0,0.39,60.9,0.38,11.0,0.57,10.6,0.58,10.7,0.59,10.7,0.6,10.8,0.61,10.9,0.06,0.06,0.094005,1776162139000
1776162140.553,140.553,0.43,10.6,0.42,10.7,0.41,10.7,0.4,10.8,0.39,18.9,0.55,10.0,0.59,10.7,0.6,10.8,0.61,70.9,0.62,11.0,0.51,1.95,0.45,10.0,0.41,10.0,0.39,60.9,0.38,11.0,0.57,10.6,0.58,10.7,0.59,10.7,0.6,10.8,0.61,10.9,0.12,0.06,0.094005,1776162139000
1776162141.335,141.335,0.43,10.6,0.42,10.7,0.41,10.7,0.4,10.8,0.39,18.9,0.55,10.0,0.59,10.7,0.6,10.8,0.61,70.9,0.62,11.0,0.45,10.0,0.41,10.7,0.4,10.8,0.39,70.9,0.38,11.0,0.57,10.6,0.58,10.7,0.59,10.7,0.6,10.8,0.61,18.9,0.12,0.12,0.094005,1776162140000
1776162142.283,142.283,0.43,10.6,0.42,10.7,0.41,10.7,0.4,10.8,0.39,18.9,0.55,10.0,0.59,10.7,0.6,10.8,0.61,70.9,0.62,11.0,0.45,10.0,0.41,10.7,0.4,10.8,0.39,70.9,0.38,11.0,0.57,10.6,0.58,10.7,0.59,10.7,0.6,10.8,0.61,18.9,0.12,0.12,0.094005,1776162141000
1776162143.294,143.294,0.43,10.6,0.42,10.7,0.41,10.7,0.4,10.8,0.39,18.9,0.55,10.0,0.59,10.7,0.6,10.8,0.61,70.9,0.62,11.0,0.45,10.0,0.41,10.7,0.4,10.8,0.39,70.9,0.38,11.0,0.57,10.6,0.58,10.7,0.59,10.7,0.6,10.8,0.61,18.9,0.12,0.12,0.094005,1776162142000
1776162144.259,144.259,0.42,10.7,0.41,10.7,0.4,10.8,0.39,18.9,0.38,16.0,0.55,6.4,0.58,10.7,0.59,20.7,0.6,10.8,0.61,60.9,0.45,6.4,0.42,10.7,0.41,20.7,0.4,10.8,0.39,60.9,0.58,10.7,0.59,10.7,0.6,10.8,0.61,18.9,0.62,16.0,0.13,0.13,0.094005,1776162143000
1776162144.73,144.73,0.4,5.0,0.39,8.0,0.37,16.2,0.36,11.3,0.35,11.4,0.55,8.18,0.57,10.6,0.58,10.7,0.59,20.7,0.6,10.8,0.45,6.4,0.42,10.7,0.41,20.7,0.4,10.8,0.39,60.9,0.58,10.7,0.59,10.7,0.6,10.8,0.61,18.9,0.62,16.0,0.15,0.13,0.094005,1776162143000
1776162145.219,145.219,0.4,5.0,0.39,8.0,0.37,16.2,0.36,11.3,0.35,11.4,0.55,8.18,0.57,10.6,0.58,10.7,0.59,20.7,0.6,10.8,0.45,8.18,0.43,10.6,0.42,10.7,0.41,20.7,0.4,10.8,0.6,5.0,0.61,8.0,0.63,16.2,0.64,11.3,0.65,11.4,0.15,0.15,0.094005,1776162144000
1776162146.234,146.234,0.4,5.0,0.39,8.0,0.37,16.2,0.36,11.3,0.35,11.4,0.55,8.18,0.57,10.6,0.58,10.7,0.59,20.7,0.6,10.8,0.45,8.18,0.43,10.6,0.42,10.7,0.41,20.7,0.4,10.8,0.6,5.0,0.61,8.0,0.63,16.2,0.64,11.3,0.65,11.4,0.15,0.15,0.094005,1776162145000
1776162147.192,147.192,0.4,5.0,0.39,8.0,0.37,16.2,0.36,11.3,0.35,11.4,0.55,8.18,0.57,10.6,0.58,10.7,0.59,20.7,0.6,10.8,0.45,8.18,0.43,10.6,0.42,10.7,0.41,20.7,0.4,10.8,0.6,5.0,0.61,8.0,0.63,16.2,0.64,11.3,0.65,11.4,0.15,0.15,0.094005,1776162146000
1776162148.044,148.044,0.4,5.0,0.39,8.0,0.37,16.2,0.36,11.3,0.35,11.4,0.55,8.18,0.57,10.6,0.58,10.7,0.59,20.7,0.6,10.8,0.45,8.18,0.43,10.6,0.42,10.7,0.41,20.7,0.4,10.8,0.6,5.0,0.61,8.0,0.63,16.2,0.64,11.3,0.65,11.4,0.15,0.15,0.094005,1776162147000
1776162149.054,149.054,0.4,5.0,0.39,8.0,0.37,16.2,0.36,11.3,0.35,11.4,0.55,8.18,0.57,10.6,0.58,10.7,0.59,20.7,0.6,10.8,0.45,8.18,0.43,10.6,0.42,10.7,0.41,20.7,0.4,10.8,0.6,5.0,0.61,8.0,0.63,16.2,0.64,11.3,0.65,11.4,0.15,0.15,0.094005,1776162148000
1776162150.035,150.035,0.4,5.0,0.39,8.0,0.37,16.2,0.36,11.3,0.35,11.4,0.55,8.18,0.57,10.6,0.58,10.7,0.59,20.7,0.6,10.8,0.45,8.18,0.43,10.6,0.42,10.7,0.41,20.7,0.4,10.8,0.6,5.0,0.61,8.0,0.63,16.2,0.64,11.3,0.65,11.4,0.15,0.15,0.094005,1776162149000
1776162150.948,150.948,0.4,5.0,0.39,8.0,0.37,16.2,0.36,11.3,0.35,11.4,0.55,8.18,0.57,10.6,0.58,10.7,0.59,20.7,0.6,10.8,0.45,8.18,0.43,10.6,0.42,10.7,0.41,20.7,0.4,10.8,0.6,5.0,0.61,8.0,0.63,16.2,0.64,11.3,0.65,11.4,0.15,0.15,0.094004,1776162150000
1776162151.96,151.96,0.4,5.0,0.39,8.0,0.37,16.2,0.36,11.3,0.35,11.4,0.55,8.18,0.57,10.6,0.58,10.7,0.59,20.7,0.6,10.8,0.45,8.18,0.43,10.6,0.42,10.7,0.41,20.7,0.4,10.8,0.6,5.0,0.61,8.0,0.63,16.2,0.64,11.3,0.65,11.4,0.15,0.15,0.094004,1776162151000
1776162152.913,152.913,0.4,5.0,0.39,8.0,0.37,16.2,0.36,11.3,0.35,11.4,0.55,8.18,0.57,10.6,0.58,10.7,0.59,20.7,0.6,10.8,0.45,8.18,0.43,10.6,0.42,10.7,0.41,20.7,0.4,10.8,0.6,5.0,0.61,8.0,0.63,16.2,0.64,11.3,0.65,11.4,0.15,0.15,0.094004,1776162152000
1776162153.905,153.905,0.4,5.0,0.39,8.0,0.37,16.2,0.36,11.3,0.35,11.4,0.55,8.18,0.57,10.6,0.58,10.7,0.59,20.7,0.6,10.8,0.45,8.18,0.43,10.6,0.42,10.7,0.41,20.7,0.4,10.8,0.6,5.0,0.61,8.0,0.63,16.2,0.64,11.3,0.65,11.4,0.15,0.15,0.094004,1776162153000
1776162155.33,155.33,0.4,5.0,0.39,8.0,0.37,16.2,0.36,11.3,0.35,11.4,0.55,8.18,0.57,10.6,0.58,10.7,0.59,20.7,0.6,10.8,0.45,8.18,0.43,10.6,0.42,10.7,0.41,20.7,0.4,10.8,0.6,5.0,0.61,8.0,0.63,16.2,0.64,11.3,0.65,11.4,0.15,0.15,0.094004,1776162154000
1776162156.398,156.398,0.4,5.0,0.39,8.0,0.37,16.2,0.36,11.3,0.35,11.4,0.55,8.18,0.57,10.6,0.58,10.7,0.59,20.7,0.6,10.8,0.45,8.18,0.43,10.6,0.42,10.7,0.41,20.7,0.4,10.8,0.6,5.0,0.61,8.0,0.63,16.2,0.64,11.3,0.65,11.4,0.15,0.15,0.094003,1776162155000
1776162157.269,157.269,0.4,5.0,0.39,8.0,0.37,16.2,0.36,11.3,0.35,11.4,0.55,8.18,0.57,10.6,0.58,10.7,0.59,20.7,0.6,10.8,0.45,8.18,0.43,10.6,0.42,10.7,0.41,20.7,0.4,10.8,0.6,5.0,0.61,8.0,0.63,16.2,0.64,11.3,0.65,11.4,0.15,0.15,0.094002,1776162156000
1776162158.314,158.314,0.4,5.0,0.39,8.0,0.37,16.2,0.36,11.3,0.35,11.4,0.55,8.18,0.57,10.6,0.58,10.7,0.59,20.7,0.6,10.8,0.45,8.18,0.43,10.6,0.42,10.7,0.41,20.7,0.4,10.8,0.6,5.0,0.61,8.0,0.63,16.2,0.64,11.3,0.65,11.4,0.15,0.15,0.094002,1776162157000
1776162159.353,159.353,0.4,5.0,0.39,8.0,0.37,16.2,0.36,11.3,0.35,11.4,0.55,8.18,0.57,10.6,0.58,10.7,0.59,20.7,0.6,10.8,0.45,8.18,0.43,10.6,0.42,10.7,0.41,20.7,0.4,10.8,0.6,5.0,0.61,8.0,0.63,16.2,0.64,11.3,0.65,11.4,0.15,0.15,0.094003,1776162158000
1776162159.974,159.974,0.4,5.0,0.39,8.0,0.37,16.2,0.36,11.3,0.35,11.4,0.55,8.18,0.57,10.6,0.58,10.7,0.59,20.7,0.6,10.8,0.45,8.18,0.43,10.6,0.42,10.7,0.41,20.7,0.4,10.8,0.6,5.0,0.61,8.0,0.63,16.2,0.64,11.3,0.65,11.4,0.15,0.15,0.094003,1776162159000
1776162162.024,162.024,0.4,5.0,0.39,8.0,0.37,16.2,0.36,11.3,0.35,11.4,0.55,8.18,0.57,10.6,0.58,10.7,0.59,20.7,0.6,10.8,0.45,8.18,0.43,10.6,0.42,10.7,0.41,20.7,0.4,10.8,0.6,5.0,0.61,8.0,0.63,16.2,0.64,11.3,0.65,11.4,0.15,0.15,0.094003,1776162161000
1776162163.178,163.178,0.4,5.0,0.39,8.0,0.37,16.2,0.36,11.3,0.35,11.4,0.55,8.18,0.57,10.6,0.58,10.7,0.59,20.7,0.6,10.8,0.45,8.18,0.43,10.6,0.42,10.7,0.41,20.7,0.4,10.8,0.6,5.0,0.61,8.0,0.63,16.2,0.64,11.3,0.65,11.4,0.15,0.15,0.094002,1776162162000
1776162164.665,164.665,0.4,5.0,0.39,8.0,0.37,16.2,0.36,11.3,0.35,11.4,0.55,8.18,0.57,10.6,0.58,10.7,0.59,20.7,0.6,10.8,0.45,8.18,0.43,10.6,0.42,10.7,0.41,20.7,0.4,10.8,0.6,5.0,0.61,8.0,0.63,16.2,0.64,11.3,0.65,11.4,0.15,0.15,0.094002,1776162163000
1776162165.231,165.231,0.4,5.0,0.39,8.0,0.37,16.2,0.36,11.3,0.35,11.4,0.55,8.18,0.57,10.6,0.58,10.7,0.59,20.7,0.6,10.8,0.45,8.18,0.43,10.6,0.42,10.7,0.41,20.7,0.4,10.8,0.6,5.0,0.61,8.0,0.63,16.2,0.64,11.3,0.65,11.4,0.15,0.15,0.094002,1776162164000
1776162166.474,166.474,0.4,5.0,0.39,8.0,0.37,16.2,0.36,11.3,0.35,11.4,0.55,8.18,0.57,10.6,0.58,10.7,0.59,20.7,0.6,10.8,0.45,8.18,0.43,10.6,0.42,10.7,0.41,20.7,0.4,10.8,0.6,5.0,0.61,8.0,0.63,16.2,0.64,11.3,0.65,11.4,0.15,0.15,0.094002,1776162165000
1776162167.072,167.072,0.4,5.0,0.39,8.0,0.37,16.2,0.36,11.3,0.35,11.4,0.55,8.18,0.57,10.6,0.58,10.7,0.59,20.7,0.6,10.8,0.45,8.18,0.43,10.6,0.42,10.7,0.41,20.7,0.4,10.8,0.6,5.0,0.61,8.0,0.63,16.2,0.64,11.3,0.65,11.4,0.15,0.15,0.094008,1776162166000
1776162168.233,168.233,0.4,5.0,0.39,8.0,0.37,16.2,0.36,11.3,0.35,11.4,0.55,8.18,0.57,10.6,0.58,10.7,0.59,20.7,0.6,10.8,0.45,8.18,0.43,10.6,0.42,10.7,0.41,20.7,0.4,10.8,0.6,5.0,0.61,8.0,0.63,16.2,0.64,11.3,0.65,11.4,0.15,0.15,0.094008,1776162167000
1776162169.324,169.324,0.4,5.0,0.39,8.0,0.37,16.2,0.36,11.3,0.35,11.4,0.55,8.18,0.57,10.6,0.58,10.7,0.59,20.7,0.6,10.8,0.45,8.18,0.43,10.6,0.42,10.7,0.41,20.7,0.4,10.8,0.6,5.0,0.61,8.0,0.63,16.2,0.64,11.3,0.65,11.4,0.15,0.15,0.09401,1776162168000
1776162170.327,170.327,0.4,5.0,0.39,8.0,0.37,16.2,0.36,11.3,0.35,11.4,0.55,8.18,0.57,10.6,0.58,10.7,0.59,20.7,0.6,10.8,0.45,8.18,0.43,10.6,0.42,10.7,0.41,20.7,0.4,10.8,0.6,5.0,0.61,8.0,0.63,16.2,0.64,11.3,0.65,11.4,0.15,0.15,0.094012,1776162169000
1776162171.189,171.189,0.4,5.0,0.39,8.0,0.37,16.2,0.36,11.3,0.35,11.4,0.55,8.18,0.57,10.6,0.58,10.7,0.59,20.7,0.6,10.8,0.45,8.18,0.43,10.6,0.42,10.7,0.41,20.7,0.4,10.8,0.6,5.0,0.61,8.0,0.63,16.2,0.64,11.3,0.65,11.4,0.15,0.15,0.094013,1776162170000
1776162172.462,172.462,0.4,5.0,0.39,8.0,0.37,16.2,0.36,11.3,0.35,11.4,0.55,8.18,0.57,10.6,0.58,10.7,0.59,20.7,0.6,10.8,0.45,8.18,0.43,10.6,0.42,10.7,0.41,20.7,0.4,10.8,0.6,5.0,0.61,8.0,0.63,16.2,0.64,11.3,0.65,11.4,0.15,0.15,0.094012,1776162171000
1776162173.08,173.08,0.4,5.0,0.39,8.0,0.37,16.2,0.36,11.3,0.35,11.4,0.55,8.18,0.57,10.6,0.58,10.7,0.59,20.7,0.6,10.8,0.45,8.18,0.43,10.6,0.42,10.7,0.41,20.7,0.4,10.8,0.6,5.0,0.61,8.0,0.63,16.2,0.64,11.3,0.65,11.4,0.15,0.15,0.094012,1776162172000
1776162173.697,173.697,0.58,5.0,0.54,9.0,0.51,50.0,0.5,5.1,0.45,10.5,0.68,1.63,0.74,5.0,0.75,18.9,0.76,14.3,0.77,14.7,0.45,8.18,0.43,10.6,0.42,10.7,0.41,20.7,0.4,10.8,0.6,5.0,0.61,8.0,0.63,16.2,0.64,11.3,0.65,11.4,0.1,0.15,0.094012,1776162172000
1776162174.265,174.265,0.58,5.0,0.54,9.0,0.51,50.0,0.5,5.1,0.45,10.5,0.74,2.48,0.75,18.9,0.76,14.3,0.77,14.7,0.78,15.2,0.26,2.48,0.25,18.9,0.24,14.3,0.23,14.7,0.22,15.2,0.42,5.0,0.46,9.0,0.49,50.0,0.5,5.1,0.55,10.5,0.16,0.16,0.094013,1776162173000
1776162175.459,175.459,0.58,5.0,0.54,9.0,0.51,50.0,0.5,5.1,0.45,10.5,0.74,2.48,0.75,18.9,0.76,14.3,0.77,14.7,0.78,15.2,0.26,2.48,0.25,18.9,0.24,14.3,0.23,14.7,0.22,15.2,0.42,5.0,0.46,9.0,0.49,50.0,0.5,5.1,0.55,10.5,0.16,0.16,0.094028,1776162174000
1776162175.982,175.982,0.58,5.0,0.54,9.0,0.51,50.0,0.5,5.1,0.45,10.5,0.74,2.48,0.75,18.9,0.76,14.3,0.77,14.7,0.78,15.2,0.26,2.48,0.25,18.9,0.24,14.3,0.23,14.7,0.22,15.2,0.42,5.0,0.46,9.0,0.49,50.0,0.5,5.1,0.55,10.5,0.16,0.16,0.094041,1776162175000
1776162177.889,177.889,0.58,5.0,0.54,9.0,0.51,50.0,0.5,5.1,0.45,10.5,0.74,2.48,0.75,18.9,0.76,14.3,0.77,14.7,0.78,15.2,0.26,2.48,0.25,18.9,0.24,14.3,0.23,14.7,0.22,15.2,0.42,5.0,0.46,9.0,0.49,50.0,0.5,5.1,0.55,10.5,0.16,0.16,0.094051,1776162176000
1776162178.535,178.535,0.58,5.0,0.54,9.0,0.51,50.0,0.5,5.1,0.45,10.5,0.74,2.48,0.75,18.9,0.76,14.3,0.77,14.7,0.78,15.2,0.26,2.48,0.25,18.9,0.24,14.3,0.23,14.7,0.22,15.2,0.42,5.0,0.46,9.0,0.49,50.0,0.5,5.1,0.55,10.5,0.16,0.16,0.09404,1776162177000
1776162179.182,179.182,0.58,5.0,0.54,9.0,0.51,50.0,0.5,5.1,0.45,10.5,0.74,2.48,0.75,18.9,0.76,14.3,0.77,14.7,0.78,15.2,0.26,2.48,0.25,18.9,0.24,14.3,0.23,14.7,0.22,15.2,0.42,5.0,0.46,9.0,0.49,50.0,0.5,5.1,0.55,10.5,0.16,0.16,0.094031,1776162178000
1776162180.723,180.723,0.58,5.0,0.54,9.0,0.51,50.0,0.5,5.1,0.45,10.5,0.74,2.48,0.75,18.9,0.76,14.3,0.77,14.7,0.78,15.2,0.26,2.48,0.25,18.9,0.24,14.3,0.23,14.7,0.22,15.2,0.42,5.0,0.46,9.0,0.49,50.0,0.5,5.1,0.55,10.5,0.16,0.16,0.094023,1776162179000
1776162181.443,181.443,0.58,5.0,0.54,9.0,0.51,50.0,0.5,5.1,0.45,10.5,0.74,2.48,0.75,18.9,0.76,14.3,0.77,14.7,0.78,15.2,0.26,2.48,0.25,18.9,0.24,14.3,0.23,14.7,0.22,15.2,0.42,5.0,0.46,9.0,0.49,50.0,0.5,5.1,0.55,10.5,0.16,0.16,0.094023,1776162180000
1776162182.145,182.145,0.58,5.0,0.54,9.0,0.51,50.0,0.5,5.1,0.45,10.5,0.74,2.48,0.75,18.9,0.76,14.3,0.77,14.7,0.78,15.2,0.26,2.48,0.25,18.9,0.24,14.3,0.23,14.7,0.22,15.2,0.42,5.0,0.46,9.0,0.49,50.0,0.5,5.1,0.55,10.5,0.16,0.16,0.094024,1776162181000
1776162183.003,183.003,0.53,9.0,0.49,15.4,0.48,15.4,0.47,10.4,0.46,10.5,0.57,1.0,0.65,11.4,0.66,11.6,0.67,21.8,0.68,11.9,0.26,2.48,0.25,18.9,0.24,14.3,0.23,14.7,0.22,15.2,0.42,5.0,0.46,9.0,0.49,50.0,0.5,5.1,0.55,10.5,0.04,0.16,0.094024,1776162181000
1776162183.623,183.623,0.53,9.0,0.49,15.4,0.48,15.4,0.47,10.4,0.46,10.5,0.57,1.0,0.65,11.4,0.66,11.6,0.67,21.8,0.68,11.9,0.43,1.0,0.35,11.4,0.34,11.6,0.33,21.8,0.32,11.9,0.47,9.0,0.51,15.4,0.52,15.4,0.53,10.4,0.54,10.5,0.04,0.04,0.094028,1776162182000
1776162184.268,184.268,0.53,9.0,0.49,15.4,0.48,15.4,0.47,10.4,0.46,10.5,0.57,1.0,0.65,11.4,0.66,11.6,0.67,21.8,0.68,11.9,0.43,1.0,0.35,11.4,0.34,11.6,0.33,21.8,0.32,11.9,0.47,9.0,0.51,15.4,0.52,15.4,0.53,10.4,0.54,10.5,0.04,0.04,0.094026,1776162183000
1776162185.464,185.464,0.61,5.0,0.5,10.4,0.49,15.4,0.48,15.4,0.47,10.4,0.66,10.08,0.67,21.8,0.68,11.9,0.69,12.2,0.7,12.4,0.43,1.0,0.35,11.4,0.34,11.6,0.33,21.8,0.32,11.9,0.47,9.0,0.51,15.4,0.52,15.4,0.53,10.4,0.54,10.5,0.05,0.04,0.094026,1776162183000
1776162185.706,185.706,0.61,5.0,0.5,10.4,0.49,15.4,0.48,15.4,0.47,10.4,0.66,10.08,0.67,21.8,0.68,11.9,0.69,12.2,0.7,12.4,0.34,10.08,0.33,21.8,0.32,11.9,0.31,12.2,0.3,12.4,0.39,5.0,0.5,10.4,0.51,15.4,0.52,15.4,0.53,10.4,0.05,0.05,0.094028,1776162184000
1776162186.377,186.377,0.61,5.0,0.5,10.4,0.49,15.4,0.48,15.4,0.47,10.4,0.66,10.08,0.67,21.8,0.68,11.9,0.69,12.2,0.7,12.4,0.34,10.08,0.33,21.8,0.32,11.9,0.31,12.2,0.3,12.4,0.39,5.0,0.5,10.4,0.51,15.4,0.52,15.4,0.53,10.4,0.05,0.05,0.094029,1776162185000
1776162187.088,187.088,0.61,5.0,0.5,10.4,0.49,15.4,0.48,15.4,0.47,10.4,0.66,10.08,0.67,21.8,0.68,11.9,0.69,12.2,0.7,12.4,0.34,10.08,0.33,21.8,0.32,11.9,0.31,12.2,0.3,12.4,0.39,5.0,0.5,10.4,0.51,15.4,0.52,15.4,0.53,10.4,0.05,0.05,0.094029,1776162186000
1776162188.634,188.634,0.61,5.0,0.5,10.4,0.49,15.4,0.48,15.4,0.47,10.4,0.66,10.08,0.67,21.8,0.68,11.9,0.69,12.2,0.7,12.4,0.34,10.08,0.33,21.8,0.32,11.9,0.31,12.2,0.3,12.4,0.39,5.0,0.5,10.4,0.51,15.4,0.52,15.4,0.53,10.4,0.05,0.05,0.094029,1776162187000
1776162189.253,189.253,0.61,5.0,0.5,10.4,0.49,15.4,0.48,15.4,0.47,10.4,0.66,10.08,0.67,21.8,0.68,11.9,0.69,12.2,0.7,12.4,0.34,10.08,0.33,21.8,0.32,11.9,0.31,12.2,0.3,12.4,0.39,5.0,0.5,10.4,0.51,15.4,0.52,15.4,0.53,10.4,0.05,0.05,0.094034,1776162188000
1776162190.669,190.669,0.61,5.0,0.5,10.4,0.49,15.4,0.48,15.4,0.47,10.4,0.66,10.08,0.67,21.8,0.68,11.9,0.69,12.2,0.7,12.4,0.34,10.08,0.33,21.8,0.32,11.9,0.31,12.2,0.3,12.4,0.39,5.0,0.5,10.4,0.51,15.4,0.52,15.4,0.53,10.4,0.05,0.05,0.094033,1776162189000
1776162191.392,191.392,0.61,5.0,0.5,10.4,0.49,15.4,0.48,15.4,0.47,10.4,0.66,10.08,0.67,21.8,0.68,11.9,0.69,12.2,0.7,12.4,0.34,10.08,0.33,21.8,0.32,11.9,0.31,12.2,0.3,12.4,0.39,5.0,0.5,10.4,0.51,15.4,0.52,15.4,0.53,10.4,0.05,0.05,0.094033,1776162190000
1776162192.001,192.001,0.61,5.0,0.5,10.4,0.49,15.4,0.48,15.4,0.47,10.4,0.66,10.08,0.67,21.8,0.68,11.9,0.69,12.2,0.7,12.4,0.34,10.08,0.33,21.8,0.32,11.9,0.31,12.2,0.3,12.4,0.39,5.0,0.5,10.4,0.51,15.4,0.52,15.4,0.53,10.4,0.05,0.05,0.094034,1776162191000
1776162193.525,193.525,0.61,5.0,0.5,10.4,0.49,15.4,0.48,15.4,0.47,10.4,0.66,10.08,0.67,21.8,0.68,11.9,0.69,12.2,0.7,12.4,0.34,10.08,0.33,21.8,0.32,11.9,0.31,12.2,0.3,12.4,0.39,5.0,0.5,10.4,0.51,15.4,0.52,15.4,0.53,10.4,0.05,0.05,0.094034,1776162192000
1776162194.249,194.249,0.61,5.0,0.5,10.4,0.49,15.4,0.48,15.4,0.47,10.4,0.66,10.08,0.67,21.8,0.68,11.9,0.69,12.2,0.7,12.4,0.34,10.08,0.33,21.8,0.32,11.9,0.31,12.2,0.3,12.4,0.39,5.0,0.5,10.4,0.51,15.4,0.52,15.4,0.53,10.4,0.05,0.05,0.09403,1776162193000
1776162195.821,195.821,0.44,5.0,0.43,10.6,0.42,15.7,0.41,10.7,0.4,22.8,0.61,32.0,0.63,10.0,0.66,16.6,0.67,16.8,0.68,11.9,0.34,10.08,0.33,21.8,0.32,11.9,0.31,12.2,0.3,12.4,0.39,5.0,0.5,10.4,0.51,15.4,0.52,15.4,0.53,10.4,0.17,0.05,0.09403,1776162193000
1776162196.406,196.406,0.44,5.0,0.43,10.6,0.42,15.7,0.41,10.7,0.4,22.8,0.61,32.0,0.63,10.0,0.66,16.6,0.67,16.8,0.68,11.9,0.39,32.0,0.37,10.0,0.34,16.6,0.33,16.8,0.32,11.9,0.56,5.0,0.57,10.6,0.58,15.7,0.59,10.7,0.6,22.8,0.17,0.17,0.094029,1776162195000
1776162197.361,197.361,0.44,5.0,0.43,10.6,0.42,15.7,0.41,10.7,0.4,22.8,0.61,32.0,0.63,10.0,0.66,16.6,0.67,16.8,0.68,11.9,0.39,32.0,0.37,10.0,0.34,16.6,0.33,16.8,0.32,11.9,0.56,5.0,0.57,10.6,0.58,15.7,0.59,10.7,0.6,22.8,0.17,0.17,0.094024,1776162196000
1776162198.275,198.275,0.44,5.0,0.43,10.6,0.42,15.7,0.41,10.7,0.4,22.8,0.61,32.0,0.63,10.0,0.66,16.6,0.67,16.8,0.68,11.9,0.39,32.0,0.37,10.0,0.34,16.6,0.33,16.8,0.32,11.9,0.56,5.0,0.57,10.6,0.58,15.7,0.59,10.7,0.6,22.8,0.17,0.17,0.094019,1776162197000
1776162199.336,199.336,0.44,5.0,0.43,10.6,0.42,15.7,0.41,10.7,0.4,22.8,0.61,32.0,0.63,10.0,0.66,16.6,0.67,16.8,0.68,11.9,0.39,32.0,0.37,10.0,0.34,16.6,0.33,16.8,0.32,11.9,0.56,5.0,0.57,10.6,0.58,15.7,0.59,10.7,0.6,22.8,0.17,0.17,0.094015,1776162198000
1776162200.225,200.225,0.44,5.0,0.43,10.6,0.42,15.7,0.41,10.7,0.4,22.8,0.61,32.0,0.63,10.0,0.66,16.6,0.67,16.8,0.68,11.9,0.39,32.0,0.37,10.0,0.34,16.6,0.33,16.8,0.32,11.9,0.56,5.0,0.57,10.6,0.58,15.7,0.59,10.7,0.6,22.8,0.17,0.17,0.094015,1776162199000
1776162201.235,201.235,0.44,5.0,0.43,10.6,0.42,15.7,0.41,10.7,0.4,22.8,0.61,32.0,0.63,10.0,0.66,16.6,0.67,16.8,0.68,11.9,0.39,32.0,0.37,10.0,0.34,16.6,0.33,16.8,0.32,11.9,0.56,5.0,0.57,10.6,0.58,15.7,0.59,10.7,0.6,22.8,0.17,0.17,0.094015,1776162200000
1776162202.237,202.237,0.44,5.0,0.43,10.6,0.42,15.7,0.41,10.7,0.4,22.8,0.61,32.0,0.63,10.0,0.66,16.6,0.67,16.8,0.68,11.9,0.39,32.0,0.37,10.0,0.34,16.6,0.33,16.8,0.32,11.9,0.56,5.0,0.57,10.6,0.58,15.7,0.59,10.7,0.6,22.8,0.17,0.17,0.094015,1776162201000
1776162203.081,203.081,0.44,5.0,0.43,10.6,0.42,15.7,0.41,10.7,0.4,22.8,0.61,32.0,0.63,10.0,0.66,16.6,0.67,16.8,0.68,11.9,0.39,32.0,0.37,10.0,0.34,16.6,0.33,16.8,0.32,11.9,0.56,5.0,0.57,10.6,0.58,15.7,0.59,10.7,0.6,22.8,0.17,0.17,0.094015,1776162202000
1776162204.067,204.067,0.44,5.0,0.43,10.6,0.42,15.7,0.41,10.7,0.4,22.8,0.61,32.0,0.63,10.0,0.66,16.6,0.67,16.8,0.68,11.9,0.39,32.0,0.37,10.0,0.34,16.6,0.33,16.8,0.32,11.9,0.56,5.0,0.57,10.6,0.58,15.7,0.59,10.7,0.6,22.8,0.17,0.17,0.094014,1776162203000
1776162204.992,204.992,0.44,5.0,0.43,10.6,0.42,15.7,0.41,10.7,0.4,22.8,0.61,32.0,0.63,10.0,0.66,16.6,0.67,16.8,0.68,11.9,0.39,32.0,0.37,10.0,0.34,16.6,0.33,16.8,0.32,11.9,0.56,5.0,0.57,10.6,0.58,15.7,0.59,10.7,0.6,22.8,0.17,0.17,0.094014,1776162204000
1776162205.922,205.922,0.44,5.0,0.43,10.6,0.42,15.7,0.41,10.7,0.4,22.8,0.61,32.0,0.63,10.0,0.66,16.6,0.67,16.8,0.68,11.9,0.39,32.0,0.37,10.0,0.34,16.6,0.33,16.8,0.32,11.9,0.56,5.0,0.57,10.6,0.58,15.7,0.59,10.7,0.6,22.8,0.17,0.17,0.094014,1776162205000
1776162206.446,206.446,0.47,10.4,0.46,10.5,0.45,10.5,0.44,10.6,0.43,15.6,0.61,30.36,0.62,16.0,0.63,16.2,0.64,11.3,0.65,11.4,0.39,32.0,0.37,10.0,0.34,16.6,0.33,16.8,0.32,11.9,0.56,5.0,0.57,10.6,0.58,15.7,0.59,10.7,0.6,22.8,0.14,0.17,0.094014,1776162205000
1776162206.87,206.87,0.47,10.4,0.46,10.5,0.45,10.5,0.44,10.6,0.43,15.6,0.61,30.36,0.62,16.0,0.63,16.2,0.64,11.3,0.65,11.4,0.39,30.36,0.38,16.0,0.37,16.2,0.36,11.3,0.35,11.4,0.53,10.4,0.54,10.5,0.55,10.5,0.56,10.6,0.57,15.6,0.14,0.14,0.094014,1776162206000
1776162208.181,208.181,0.47,10.4,0.46,10.5,0.45,10.5,0.44,10.6,0.43,15.6,0.61,30.36,0.62,16.0,0.63,16.2,0.64,11.3,0.65,11.4,0.39,30.36,0.38,16.0,0.37,16.2,0.36,11.3,0.35,11.4,0.53,10.4,0.54,10.5,0.55,10.5,0.56,10.6,0.57,15.6,0.14,0.14,0.094014,1776162207000
1776162209.257,209.257,0.47,10.4,0.46,10.5,0.45,10.5,0.44,10.6,0.43,15.6,0.61,30.36,0.62,16.0,0.63,16.2,0.64,11.3,0.65,11.4,0.39,30.36,0.38,16.0,0.37,16.2,0.36,11.3,0.35,11.4,0.53,10.4,0.54,10.5,0.55,10.5,0.56,10.6,0.57,15.6,0.14,0.14,0.094014,1776162208000
1776162210.395,210.395,0.47,10.4,0.46,10.5,0.45,10.5,0.44,10.6,0.43,15.6,0.61,30.36,0.62,16.0,0.63,16.2,0.64,11.3,0.65,11.4,0.39,30.36,0.38,16.0,0.37,16.2,0.36,11.3,0.35,11.4,0.53,10.4,0.54,10.5,0.55,10.5,0.56,10.6,0.57,15.6,0.14,0.14,0.094014,1776162209000
1776162211.454,211.454,0.47,10.4,0.46,10.5,0.45,10.5,0.44,10.6,0.43,15.6,0.61,30.36,0.62,16.0,0.63,16.2,0.64,11.3,0.65,11.4,0.39,30.36,0.38,16.0,0.37,16.2,0.36,11.3,0.35,11.4,0.53,10.4,0.54,10.5,0.55,10.5,0.56,10.6,0.57,15.6,0.14,0.14,0.094015,1776162210000
1776162211.979,211.979,0.47,10.4,0.46,10.5,0.45,10.5,0.44,10.6,0.43,15.6,0.61,30.36,0.62,16.0,0.63,16.2,0.64,11.3,0.65,11.4,0.39,30.36,0.38,16.0,0.37,16.2,0.36,11.3,0.35,11.4,0.53,10.4,0.54,10.5,0.55,10.5,0.56,10.6,0.57,15.6,0.14,0.14,0.094014,1776162211000
1776162212.954,212.954,0.47,10.4,0.46,10.5,0.45,10.5,0.44,10.6,0.43,15.6,0.61,30.36,0.62,16.0,0.63,16.2,0.64,11.3,0.65,11.4,0.39,30.36,0.38,16.0,0.37,16.2,0.36,11.3,0.35,11.4,0.53,10.4,0.54,10.5,0.55,10.5,0.56,10.6,0.57,15.6,0.14,0.14,0.094015,1776162212000
1776162214.046,214.046,0.47,10.4,0.46,10.5,0.45,10.5,0.44,10.6,0.43,15.6,0.61,30.36,0.62,16.0,0.63,16.2,0.64,11.3,0.65,11.4,0.39,30.36,0.38,16.0,0.37,16.2,0.36,11.3,0.35,11.4,0.53,10.4,0.54,10.5,0.55,10.5,0.56,10.6,0.57,15.6,0.14,0.14,0.094015,1776162213000
1776162215.099,215.099,0.47,10.4,0.46,10.5,0.45,10.5,0.44,10.6,0.43,15.6,0.61,30.36,0.62,16.0,0.63,16.2,0.64,11.3,0.65,11.4,0.39,30.36,0.38,16.0,0.37,16.2,0.36,11.3,0.35,11.4,0.53,10.4,0.54,10.5,0.55,10.5,0.56,10.6,0.57,15.6,0.14,0.14,0.094015,1776162214000
1776162216.187,216.187,0.47,10.4,0.46,10.5,0.45,10.5,0.44,10.6,0.43,15.6,0.61,30.36,0.62,16.0,0.63,16.2,0.64,11.3,0.65,11.4,0.39,30.36,0.38,16.0,0.37,16.2,0.36,11.3,0.35,11.4,0.53,10.4,0.54,10.5,0.55,10.5,0.56,10.6,0.57,15.6,0.14,0.14,0.094015,1776162215000
1776162217.214,217.214,0.47,10.4,0.46,10.5,0.45,10.5,0.44,10.6,0.43,15.6,0.61,30.36,0.62,16.0,0.63,16.2,0.64,11.3,0.65,11.4,0.39,30.36,0.38,16.0,0.37,16.2,0.36,11.3,0.35,11.4,0.53,10.4,0.54,10.5,0.55,10.5,0.56,10.6,0.57,15.6,0.14,0.14,0.094015,1776162216000
1776162218.258,218.258,0.47,10.4,0.46,10.5,0.45,10.5,0.44,10.6,0.43,15.6,0.61,30.36,0.62,16.0,0.63,16.2,0.64,11.3,0.65,11.4,0.39,30.36,0.38,16.0,0.37,16.2,0.36,11.3,0.35,11.4,0.53,10.4,0.54,10.5,0.55,10.5,0.56,10.6,0.57,15.6,0.14,0.14,0.094015,1776162217000
1776162219.409,219.409,0.47,10.4,0.46,10.5,0.45,10.5,0.44,10.6,0.43,15.6,0.61,30.36,0.62,16.0,0.63,16.2,0.64,11.3,0.65,11.4,0.39,30.36,0.38,16.0,0.37,16.2,0.36,11.3,0.35,11.4,0.53,10.4,0.54,10.5,0.55,10.5,0.56,10.6,0.57,15.6,0.14,0.14,0.094014,1776162218000
1776162219.974,219.974,0.47,10.4,0.46,10.5,0.45,10.5,0.44,10.6,0.43,15.6,0.61,30.36,0.62,16.0,0.63,16.2,0.64,11.3,0.65,11.4,0.39,30.36,0.38,16.0,0.37,16.2,0.36,11.3,0.35,11.4,0.53,10.4,0.54,10.5,0.55,10.5,0.56,10.6,0.57,15.6,0.14,0.14,0.094011,1776162219000
1776162221.123,221.123,0.36,11.3,0.35,11.4,0.34,25.6,0.33,11.8,0.32,11.9,0.57,8.84,0.58,10.7,0.59,10.7,0.6,10.8,0.61,41.26,0.43,8.84,0.42,10.7,0.41,10.7,0.4,10.8,0.39,41.26,0.64,11.3,0.65,11.4,0.66,25.6,0.67,11.8,0.68,11.9,0.21,0.21,0.094011,1776162220000
1776162222.23,222.23,0.36,11.3,0.35,11.4,0.34,25.6,0.33,11.8,0.32,11.9,0.57,8.84,0.58,10.7,0.59,10.7,0.6,10.8,0.61,41.26,0.43,8.84,0.42,10.7,0.41,10.7,0.4,10.8,0.39,41.26,0.64,11.3,0.65,11.4,0.66,25.6,0.67,11.8,0.68,11.9,0.21,0.21,0.094011,1776162221000
1776162223.238,223.238,0.36,11.3,0.35,11.4,0.34,25.6,0.33,11.8,0.32,11.9,0.57,8.84,0.58,10.7,0.59,10.7,0.6,10.8,0.61,41.26,0.43,8.84,0.42,10.7,0.41,10.7,0.4,10.8,0.39,41.26,0.64,11.3,0.65,11.4,0.66,25.6,0.67,11.8,0.68,11.9,0.21,0.21,0.094011,1776162222000
1776162224.28,224.28,0.36,11.3,0.35,11.4,0.34,25.6,0.33,11.8,0.32,11.9,0.57,8.84,0.58,10.7,0.59,10.7,0.6,10.8,0.61,41.26,0.43,8.84,0.42,10.7,0.41,10.7,0.4,10.8,0.39,41.26,0.64,11.3,0.65,11.4,0.66,25.6,0.67,11.8,0.68,11.9,0.21,0.21,0.094007,1776162223000
1776162226.097,226.097,0.36,11.3,0.35,11.4,0.34,25.6,0.33,11.8,0.32,11.9,0.57,8.84,0.58,10.7,0.59,10.7,0.6,10.8,0.61,41.26,0.43,8.84,0.42,10.7,0.41,10.7,0.4,10.8,0.39,41.26,0.64,11.3,0.65,11.4,0.66,25.6,0.67,11.8,0.68,11.9,0.21,0.21,0.094008,1776162225000
1776162227.407,227.407,0.36,11.3,0.35,11.4,0.34,25.6,0.33,11.8,0.32,11.9,0.57,8.84,0.58,10.7,0.59,10.7,0.6,10.8,0.61,41.26,0.43,8.84,0.42,10.7,0.41,10.7,0.4,10.8,0.39,41.26,0.64,11.3,0.65,11.4,0.66,25.6,0.67,11.8,0.68,11.9,0.21,0.21,0.094008,1776162226000
1776162227.929,227.929,0.36,11.3,0.35,11.4,0.34,25.6,0.33,11.8,0.32,11.9,0.57,8.84,0.58,10.7,0.59,10.7,0.6,10.8,0.61,41.26,0.43,8.84,0.42,10.7,0.41,10.7,0.4,10.8,0.39,41.26,0.64,11.3,0.65,11.4,0.66,25.6,0.67,11.8,0.68,11.9,0.21,0.21,0.094,1776162227000
1776162229.255,229.255,0.36,11.3,0.35,11.4,0.34,25.6,0.33,11.8,0.32,11.9,0.57,8.84,0.58,10.7,0.59,10.7,0.6,10.8,0.61,41.26,0.43,8.84,0.42,10.7,0.41,10.7,0.4,10.8,0.39,41.26,0.64,11.3,0.65,11.4,0.66,25.6,0.67,11.8,0.68,11.9,0.21,0.21,0.093994,1776162228000
1776162230.061,230.061,0.25,13.9,0.24,14.3,0.23,14.7,0.22,15.2,0.21,65.7,0.44,5.1,0.45,10.5,0.46,10.5,0.47,10.4,0.48,19.4,0.43,8.84,0.42,10.7,0.41,10.7,0.4,10.8,0.39,41.26,0.64,11.3,0.65,11.4,0.66,25.6,0.67,11.8,0.68,11.9,0.19,0.21,0.093994,1776162228000
1776162230.398,230.398,0.25,13.9,0.24,14.3,0.23,14.7,0.22,15.2,0.21,65.7,0.44,5.1,0.45,10.5,0.46,10.5,0.47,10.4,0.48,19.4,0.56,5.1,0.55,10.5,0.54,10.5,0.53,10.4,0.52,19.4,0.75,13.9,0.76,14.3,0.77,14.7,0.78,15.2,0.79,65.7,0.19,0.19,0.09399,1776162229000
1776162230.912,230.912,0.25,13.9,0.24,14.3,0.23,14.7,0.22,15.2,0.21,65.7,0.44,5.1,0.45,10.5,0.46,10.5,0.47,10.4,0.48,19.4,0.56,5.1,0.55,10.5,0.54,10.5,0.53,10.4,0.52,19.4,0.75,13.9,0.76,14.3,0.77,14.7,0.78,15.2,0.79,65.7,0.19,0.19,0.09399,1776162230000
1776162232.009,232.009,0.25,13.9,0.24,14.3,0.23,14.7,0.22,15.2,0.21,65.7,0.44,5.1,0.45,10.5,0.46,10.5,0.47,10.4,0.48,19.4,0.56,5.1,0.55,10.5,0.54,10.5,0.53,10.4,0.52,19.4,0.75,13.9,0.76,14.3,0.77,14.7,0.78,15.2,0.79,65.7,0.19,0.19,0.09399,1776162231000
1776162233.155,233.155,0.25,13.9,0.24,14.3,0.23,14.7,0.22,15.2,0.21,65.7,0.44,5.1,0.45,10.5,0.46,10.5,0.47,10.4,0.48,19.4,0.56,5.1,0.55,10.5,0.54,10.5,0.53,10.4,0.52,19.4,0.75,13.9,0.76,14.3,0.77,14.7,0.78,15.2,0.79,65.7,0.19,0.19,0.093987,1776162232000
1776162234.337,234.337,0.25,13.9,0.24,14.3,0.23,14.7,0.22,15.2,0.21,65.7,0.44,5.1,0.45,10.5,0.46,10.5,0.47,10.4,0.48,19.4,0.56,5.1,0.55,10.5,0.54,10.5,0.53,10.4,0.52,19.4,0.75,13.9,0.76,14.3,0.77,14.7,0.78,15.2,0.79,65.7,0.19,0.19,0.093983,1776162233000
1776162234.858,234.858,0.25,13.9,0.24,14.3,0.23,14.7,0.22,15.2,0.21,65.7,0.44,5.1,0.45,10.5,0.46,10.5,0.47,10.4,0.48,19.4,0.56,5.1,0.55,10.5,0.54,10.5,0.53,10.4,0.52,19.4,0.75,13.9,0.76,14.3,0.77,14.7,0.78,15.2,0.79,65.7,0.19,0.19,0.09398,1776162234000
1776162235.99,235.99,0.25,13.9,0.24,14.3,0.23,14.7,0.22,15.2,0.21,65.7,0.44,5.1,0.45,10.5,0.46,10.5,0.47,10.4,0.48,19.4,0.56,5.1,0.55,10.5,0.54,10.5,0.53,10.4,0.52,19.4,0.75,13.9,0.76,14.3,0.77,14.7,0.78,15.2,0.79,65.7,0.19,0.19,0.093973,1776162235000
1776162237.402,237.402,0.25,13.9,0.24,14.3,0.23,14.7,0.22,15.2,0.21,65.7,0.44,5.1,0.45,10.5,0.46,10.5,0.47,10.4,0.48,19.4,0.56,5.1,0.55,10.5,0.54,10.5,0.53,10.4,0.52,19.4,0.75,13.9,0.76,14.3,0.77,14.7,0.78,15.2,0.79,65.7,0.19,0.19,0.093971,1776162236000
1776162238.369,238.369,0.28,86.17,0.15,20.39,0.14,21.6,0.13,23.0,0.12,24.6,0.31,62.2,0.32,11.9,0.33,11.8,0.34,11.6,0.35,11.4,0.69,50.0,0.68,11.9,0.67,11.8,0.66,11.6,0.65,11.4,0.72,88.9,0.85,20.39,0.86,21.6,0.87,23.0,0.88,24.6,0.03,0.03,0.093971,1776162236000
1776162238.616,238.616,0.28,86.17,0.15,20.39,0.14,21.6,0.13,23.0,0.12,24.6,0.31,62.2,0.32,11.9,0.33,11.8,0.34,11.6,0.35,11.4,0.69,62.2,0.68,11.9,0.67,11.8,0.66,11.6,0.65,11.4,0.72,86.17,0.85,20.39,0.86,21.6,0.87,23.0,0.88,24.6,0.03,0.03,0.09397,1776162237000
1776162239.105,239.105,0.28,86.17,0.15,20.39,0.14,21.6,0.13,23.0,0.12,24.6,0.31,62.2,0.32,11.9,0.33,11.8,0.34,11.6,0.35,11.4,0.69,62.2,0.68,11.9,0.67,11.8,0.66,11.6,0.65,11.4,0.72,86.17,0.85,20.39,0.86,21.6,0.87,23.0,0.88,24.6,0.03,0.03,0.093974,1776162238000
1776162239.845,239.845,0.28,80.17,0.16,19.3,0.15,20.39,0.14,21.6,0.13,23.0,0.29,12.6,0.3,12.4,0.31,62.2,0.32,11.9,0.33,11.8,0.69,62.2,0.68,11.9,0.67,11.8,0.66,11.6,0.65,11.4,0.72,86.17,0.85,20.39,0.86,21.6,0.87,23.0,0.88,24.6,0.01,0.03,0.093974,1776162238000
1776162240.135,240.135,0.28,80.17,0.16,19.3,0.15,20.39,0.14,21.6,0.13,23.0,0.29,12.6,0.3,12.4,0.31,62.2,0.32,11.9,0.33,11.8,0.71,12.6,0.7,12.4,0.69,62.2,0.68,11.9,0.67,11.8,0.72,80.17,0.84,19.3,0.85,20.39,0.86,21.6,0.87,23.0,0.01,0.01,0.093971,1776162239000
1776162240.543,240.543,0.28,78.78,0.16,19.3,0.15,20.39,0.14,21.6,0.13,23.0,0.29,17.6,0.3,12.4,0.31,62.2,0.32,11.9,0.33,11.8,0.71,12.6,0.7,12.4,0.69,62.2,0.68,11.9,0.67,11.8,0.72,80.17,0.84,19.3,0.85,20.39,0.86,21.6,0.87,23.0,0.01,0.01,0.093971,1776162239000
1776162241.233,241.233,0.28,78.78,0.16,19.3,0.15,20.39,0.14,21.6,0.13,23.0,0.29,17.6,0.3,12.4,0.31,62.2,0.32,11.9,0.33,11.8,0.71,17.6,0.7,12.4,0.69,62.2,0.68,11.9,0.67,11.8,0.72,78.78,0.84,19.3,0.85,20.39,0.86,21.6,0.87,23.0,0.01,0.01,0.093971,1776162240000
1776162241.437,241.437,0.28,72.19,0.16,19.3,0.15,20.39,0.14,21.6,0.13,23.0,0.29,12.6,0.3,12.4,0.31,62.2,0.32,11.9,0.33,11.8,0.71,17.6,0.7,12.4,0.69,62.2,0.68,11.9,0.67,11.8,0.72,78.78,0.84,19.3,0.85,20.39,0.86,21.6,0.87,23.0,0.01,0.01,0.093971,1776162240000
1776162242.25,242.25,0.28,72.19,0.16,19.3,0.15,20.39,0.14,21.6,0.13,23.0,0.29,12.6,0.3,12.4,0.31,62.2,0.32,11.9,0.33,11.8,0.71,12.6,0.7,12.4,0.69,62.2,0.68,11.9,0.67,11.8,0.72,72.19,0.84,19.3,0.85,20.39,0.86,21.6,0.87,23.0,0.01,0.01,0.093973,1776162241000
1776162242.687,242.687,0.28,65.35,0.11,26.6,0.1,28.9,0.09,31.7,0.08,35.29,0.29,17.7,0.3,12.4,0.31,62.2,0.32,11.9,0.33,11.8,0.71,12.6,0.7,12.4,0.69,62.2,0.68,11.9,0.67,11.8,0.72,72.19,0.84,19.3,0.85,20.39,0.86,21.6,0.87,23.0,0.01,0.01,0.093973,1776162241000
1776162243.196,243.196,0.28,65.35,0.12,24.6,0.11,76.6,0.1,28.9,0.09,31.7,0.41,54.64,0.42,10.7,0.43,10.6,0.44,10.6,0.45,10.5,0.71,17.7,0.7,12.4,0.69,62.2,0.68,11.9,0.67,11.8,0.72,65.35,0.89,26.6,0.9,28.9,0.91,31.7,0.92,35.29,0.13,0.01,0.093973,1776162241000
1776162244.431,244.431,0.28,65.35,0.12,24.6,0.11,76.6,0.1,28.9,0.09,31.7,0.41,54.64,0.42,10.7,0.43,10.6,0.44,10.6,0.45,10.5,0.59,54.64,0.58,10.7,0.57,10.6,0.56,10.6,0.55,10.5,0.72,65.35,0.88,24.6,0.89,76.6,0.9,28.9,0.91,31.7,0.13,0.13,0.09397,1776162243000
1776162244.942,244.942,0.28,65.35,0.12,24.6,0.11,76.6,0.1,28.9,0.09,31.7,0.41,54.64,0.42,10.7,0.43,10.6,0.44,10.6,0.45,10.5,0.59,54.64,0.58,10.7,0.57,10.6,0.56,10.6,0.55,10.5,0.72,65.35,0.88,24.6,0.89,76.6,0.9,28.9,0.91,31.7,0.13,0.13,0.093981,1776162244000
1776162245.922,245.922,0.28,65.35,0.23,6.0,0.21,50.0,0.15,20.39,0.14,21.6,0.4,10.8,0.41,10.7,0.42,10.7,0.43,10.6,0.44,10.6,0.6,10.8,0.59,10.7,0.58,10.7,0.57,10.6,0.56,10.6,0.72,65.35,0.77,6.0,0.79,50.0,0.85,20.39,0.86,21.6,0.12,0.12,0.093981,1776162245000
1776162246.254,246.254,0.3,0.5,0.29,12.0,0.28,65.35,0.21,50.0,0.17,18.39,0.39,8.0,0.4,10.8,0.41,10.7,0.42,10.7,0.43,10.6,0.6,10.8,0.59,10.7,0.58,10.7,0.57,10.6,0.56,10.6,0.72,65.35,0.77,6.0,0.79,50.0,0.85,20.39,0.86,21.6,0.09,0.12,0.093981,1776162245000
1776162246.877,246.877,0.29,7.0,0.28,59.35,0.21,50.0,0.17,18.39,0.16,19.3,0.38,8.0,0.39,10.9,0.4,10.8,0.41,10.7,0.42,10.7,0.61,8.0,0.6,10.8,0.59,10.7,0.58,10.7,0.57,10.6,0.7,0.5,0.71,12.0,0.72,65.35,0.79,50.0,0.83,18.39,0.09,0.09,0.093981,1776162245000
1776162247.679,247.679,0.29,7.0,0.28,53.35,0.21,50.0,0.17,18.39,0.16,19.3,0.36,7.0,0.37,11.2,0.38,11.0,0.39,10.9,0.4,10.8,0.62,8.0,0.61,10.9,0.6,10.8,0.59,10.7,0.58,10.7,0.71,7.0,0.72,59.35,0.79,50.0,0.83,18.39,0.84,19.3,0.07,0.09,0.093982,1776162246000
1776162248.006,248.006,0.29,7.0,0.28,53.35,0.21,50.0,0.17,18.39,0.16,19.3,0.36,7.0,0.37,11.2,0.38,11.0,0.39,10.9,0.4,10.8,0.64,7.0,0.63,11.2,0.62,11.0,0.61,10.9,0.6,10.8,0.71,7.0,0.72,53.35,0.79,50.0,0.83,18.39,0.84,19.3,0.07,0.07,0.093982,1776162247000
1776162248.448,248.448,0.29,7.0,0.28,47.35,0.21,50.0,0.18,17.6,0.17,18.39,0.31,7.0,0.37,11.2,0.38,11.0,0.39,10.9,0.4,10.8,0.64,7.0,0.63,11.2,0.62,11.0,0.61,10.9,0.6,10.8,0.71,7.0,0.72,53.35,0.79,50.0,0.83,18.39,0.84,19.3,0.02,0.07,0.093982,1776162247000
1776162249.175,249.175,0.29,7.0,0.28,47.35,0.21,50.0,0.18,17.6,0.17,18.39,0.31,7.0,0.37,11.2,0.38,11.0,0.39,10.9,0.4,10.8,0.69,7.0,0.63,11.2,0.62,11.0,0.61,10.9,0.6,10.8,0.71,7.0,0.72,47.35,0.79,50.0,0.82,17.6,0.83,18.39,0.02,0.02,0.093982,1776162248000
1776162250.187,250.187,0.29,7.0,0.28,47.35,0.21,50.0,0.18,17.6,0.17,18.39,0.31,7.0,0.37,11.2,0.38,11.0,0.39,10.9,0.4,10.8,0.69,7.0,0.63,11.2,0.62,11.0,0.61,10.9,0.6,10.8,0.71,7.0,0.72,47.35,0.79,50.0,0.82,17.6,0.83,18.39,0.02,0.02,0.093982,1776162249000
1776162251.301,251.301,0.29,7.0,0.28,47.35,0.21,50.0,0.18,17.6,0.17,18.39,0.31,7.0,0.37,11.2,0.38,11.0,0.39,10.9,0.4,10.8,0.69,7.0,0.63,11.2,0.62,11.0,0.61,10.9,0.6,10.8,0.71,7.0,0.72,47.35,0.79,50.0,0.82,17.6,0.83,18.39,0.02,0.02,0.093984,1776162250000
1776162252.495,252.495,0.29,7.0,0.28,47.35,0.21,50.0,0.18,17.6,0.17,18.39,0.31,7.0,0.37,11.2,0.38,11.0,0.39,10.9,0.4,10.8,0.69,7.0,0.63,11.2,0.62,11.0,0.61,10.9,0.6,10.8,0.71,7.0,0.72,47.35,0.79,50.0,0.82,17.6,0.83,18.39,0.02,0.02,0.093989,1776162251000
1776162253.111,253.111,0.29,7.0,0.28,47.35,0.21,50.0,0.18,17.6,0.17,18.39,0.31,7.0,0.37,11.2,0.38,11.0,0.39,10.9,0.4,10.8,0.69,7.0,0.63,11.2,0.62,11.0,0.61,10.9,0.6,10.8,0.71,7.0,0.72,47.35,0.79,50.0,0.82,17.6,0.83,18.39,0.02,0.02,0.093984,1776162252000
1776162254.309,254.309,0.29,7.0,0.28,47.35,0.21,50.0,0.18,17.6,0.17,18.39,0.31,7.0,0.37,11.2,0.38,11.0,0.39,10.9,0.4,10.8,0.69,7.0,0.63,11.2,0.62,11.0,0.61,10.9,0.6,10.8,0.71,7.0,0.72,47.35,0.79,50.0,0.82,17.6,0.83,18.39,0.02,0.02,0.093984,1776162253000
1776162254.945,254.945,0.29,7.0,0.28,47.35,0.21,50.0,0.18,17.6,0.17,18.39,0.31,7.0,0.37,11.2,0.38,11.0,0.39,10.9,0.4,10.8,0.69,7.0,0.63,11.2,0.62,11.0,0.61,10.9,0.6,10.8,0.71,7.0,0.72,47.35,0.79,50.0,0.82,17.6,0.83,18.39,0.02,0.02,0.093984,1776162254000
1776162256.04,256.04,0.29,7.0,0.28,47.35,0.21,50.0,0.18,17.6,0.17,18.39,0.31,7.0,0.37,11.2,0.38,11.0,0.39,10.9,0.4,10.8,0.69,7.0,0.63,11.2,0.62,11.0,0.61,10.9,0.6,10.8,0.71,7.0,0.72,47.35,0.79,50.0,0.82,17.6,0.83,18.39,0.02,0.02,0.093984,1776162255000
1776162257.104,257.104,0.29,7.0,0.28,47.35,0.21,50.0,0.18,17.6,0.17,18.39,0.31,7.0,0.37,11.2,0.38,11.0,0.39,10.9,0.4,10.8,0.69,7.0,0.63,11.2,0.62,11.0,0.61,10.9,0.6,10.8,0.71,7.0,0.72,47.35,0.79,50.0,0.82,17.6,0.83,18.39,0.02,0.02,0.093984,1776162256000
1776162258.316,258.316,0.29,7.0,0.28,47.35,0.21,50.0,0.18,17.6,0.17,18.39,0.31,7.0,0.37,11.2,0.38,11.0,0.39,10.9,0.4,10.8,0.69,7.0,0.63,11.2,0.62,11.0,0.61,10.9,0.6,10.8,0.71,7.0,0.72,47.35,0.79,50.0,0.82,17.6,0.83,18.39,0.02,0.02,0.093984,1776162257000
1776162259.328,259.328,0.29,7.0,0.28,47.35,0.21,50.0,0.18,17.6,0.17,18.39,0.31,7.0,0.37,11.2,0.38,11.0,0.39,10.9,0.4,10.8,0.69,7.0,0.63,11.2,0.62,11.0,0.61,10.9,0.6,10.8,0.71,7.0,0.72,47.35,0.79,50.0,0.82,17.6,0.83,18.39,0.02,0.02,0.093985,1776162258000
1776162259.973,259.973,0.29,7.0,0.28,47.35,0.21,50.0,0.18,17.6,0.17,18.39,0.31,7.0,0.37,11.2,0.38,11.0,0.39,10.9,0.4,10.8,0.69,7.0,0.63,11.2,0.62,11.0,0.61,10.9,0.6,10.8,0.71,7.0,0.72,47.35,0.79,50.0,0.82,17.6,0.83,18.39,0.02,0.02,0.093985,1776162259000
1776162260.9,260.9,0.29,7.0,0.28,47.35,0.21,50.0,0.18,17.6,0.17,18.39,0.31,7.0,0.37,11.2,0.38,11.0,0.39,10.9,0.4,10.8,0.69,7.0,0.63,11.2,0.62,11.0,0.61,10.9,0.6,10.8,0.71,7.0,0.72,47.35,0.79,50.0,0.82,17.6,0.83,18.39,0.02,0.02,0.093984,1776162260000
1776162261.81,261.81,0.29,2.0,0.21,50.0,0.18,17.6,0.17,18.39,0.16,19.3,0.31,19.2,0.32,11.9,0.33,11.8,0.34,11.6,0.35,11.4,0.69,7.0,0.63,11.2,0.62,11.0,0.61,10.9,0.6,10.8,0.71,7.0,0.72,47.35,0.79,50.0,0.82,17.6,0.83,18.39,0.02,0.02,0.093984,1776162260000
1776162262.375,262.375,0.17,18.39,0.16,19.3,0.15,20.39,0.14,21.6,0.13,23.0,0.3,19.4,0.31,12.2,0.32,11.9,0.33,11.8,0.34,11.6,0.69,19.2,0.68,11.9,0.67,11.8,0.66,11.6,0.65,11.4,0.71,2.0,0.79,50.0,0.82,17.6,0.83,18.39,0.84,19.3,0.13,0.02,0.093984,1776162261000
1776162263.101,263.101,0.17,18.39,0.16,19.3,0.15,20.39,0.14,21.6,0.13,23.0,0.3,19.4,0.31,12.2,0.32,11.9,0.33,11.8,0.34,11.6,0.7,19.4,0.69,12.2,0.68,11.9,0.67,11.8,0.66,11.6,0.83,18.39,0.84,19.3,0.85,20.39,0.86,21.6,0.87,23.0,0.13,0.13,0.093983,1776162262000
1776162264.306,264.306,0.17,18.39,0.16,19.3,0.15,20.39,0.14,21.6,0.13,23.0,0.3,19.4,0.31,12.2,0.32,11.9,0.33,11.8,0.34,11.6,0.7,19.4,0.69,12.2,0.68,11.9,0.67,11.8,0.66,11.6,0.83,18.39,0.84,19.3,0.85,20.39,0.86,21.6,0.87,23.0,0.13,0.13,0.093984,1776162263000
1776162265.378,265.378,0.17,18.39,0.16,19.3,0.15,20.39,0.14,21.6,0.13,23.0,0.3,19.4,0.31,12.2,0.32,11.9,0.33,11.8,0.34,11.6,0.7,19.4,0.69,12.2,0.68,11.9,0.67,11.8,0.66,11.6,0.83,18.39,0.84,19.3,0.85,20.39,0.86,21.6,0.87,23.0,0.13,0.13,0.093985,1776162264000
1776162265.858,265.858,0.16,18.1,0.15,20.39,0.14,21.6,0.13,23.0,0.12,24.6,0.21,6.0,0.28,12.9,0.29,17.6,0.3,12.4,0.31,12.2,0.7,19.4,0.69,12.2,0.68,11.9,0.67,11.8,0.66,11.6,0.83,18.39,0.84,19.3,0.85,20.39,0.86,21.6,0.87,23.0,0.05,0.13,0.093985,1776162264000
1776162266.908,266.908,0.16,9.03,0.15,20.39,0.14,21.6,0.13,23.0,0.12,24.6,0.27,6.0,0.28,12.9,0.29,12.6,0.3,12.4,0.31,12.2,0.73,6.0,0.72,12.9,0.71,12.6,0.7,12.4,0.69,12.2,0.84,9.03,0.85,20.39,0.86,21.6,0.87,23.0,0.88,24.6,0.11,0.11,0.093985,1776162266000
1776162267.9,267.9,0.16,9.03,0.15,20.39,0.14,21.6,0.13,23.0,0.12,24.6,0.27,6.0,0.28,12.9,0.29,12.6,0.3,12.4,0.31,12.2,0.73,6.0,0.72,12.9,0.71,12.6,0.7,12.4,0.69,12.2,0.84,9.03,0.85,20.39,0.86,21.6,0.87,23.0,0.88,24.6,0.11,0.11,0.093985,1776162267000
1776162269.258,269.258,0.16,9.03,0.15,20.39,0.14,21.6,0.13,23.0,0.12,24.6,0.27,6.0,0.28,12.9,0.29,12.6,0.3,12.4,0.31,12.2,0.73,6.0,0.72,12.9,0.71,12.6,0.7,12.4,0.69,12.2,0.84,9.03,0.85,20.39,0.86,21.6,0.87,23.0,0.88,24.6,0.11,0.11,0.093985,1776162268000
1776162270.29,270.29,0.16,9.03,0.15,20.39,0.14,21.6,0.13,23.0,0.12,24.6,0.27,6.0,0.28,12.9,0.29,12.6,0.3,12.4,0.31,12.2,0.73,6.0,0.72,12.9,0.71,12.6,0.7,12.4,0.69,12.2,0.84,9.03,0.85,20.39,0.86,21.6,0.87,23.0,0.88,24.6,0.11,0.11,0.093985,1776162269000
1776162271.11,271.11,0.16,9.03,0.15,20.39,0.14,21.6,0.13,23.0,0.12,24.6,0.27,6.0,0.28,12.9,0.29,12.6,0.3,12.4,0.31,12.2,0.73,6.0,0.72,12.9,0.71,12.6,0.7,12.4,0.69,12.2,0.84,9.03,0.85,20.39,0.86,21.6,0.87,23.0,0.88,24.6,0.11,0.11,0.093985,1776162270000
1776162271.39,271.39,0.21,50.0,0.16,19.3,0.15,20.39,0.14,21.6,0.13,23.0,0.33,3.07,0.36,11.3,0.37,11.2,0.38,11.0,0.39,10.9,0.73,6.0,0.72,12.9,0.71,12.6,0.7,12.4,0.69,12.2,0.84,9.03,0.85,20.39,0.86,21.6,0.87,23.0,0.88,24.6,0.12,0.11,0.093985,1776162270000
1776162272.2,272.2,0.21,37.34,0.16,19.3,0.15,20.39,0.14,21.6,0.13,23.0,0.24,6.0,0.35,11.4,0.36,11.3,0.37,11.2,0.38,11.0,0.67,3.07,0.64,11.3,0.63,11.2,0.62,11.0,0.61,10.9,0.79,50.0,0.84,19.3,0.85,20.39,0.86,21.6,0.87,23.0,0.03,0.12,0.093985,1776162270000
1776162273.086,273.086,0.21,37.34,0.16,19.3,0.15,20.39,0.14,21.6,0.13,23.0,0.24,6.0,0.35,11.4,0.36,11.3,0.37,11.2,0.38,11.0,0.76,6.0,0.65,11.4,0.64,11.3,0.63,11.2,0.62,11.0,0.79,37.34,0.84,19.3,0.85,20.39,0.86,21.6,0.87,23.0,0.03,0.03,0.093991,1776162272000
1776162273.954,273.954,0.21,37.34,0.16,19.3,0.15,20.39,0.14,21.6,0.13,23.0,0.24,6.0,0.35,11.4,0.36,11.3,0.37,11.2,0.38,11.0,0.76,6.0,0.65,11.4,0.64,11.3,0.63,11.2,0.62,11.0,0.79,37.34,0.84,19.3,0.85,20.39,0.86,21.6,0.87,23.0,0.03,0.03,0.093988,1776162273000
1776162274.94,274.94,0.21,37.34,0.16,19.3,0.15,20.39,0.14,21.6,0.13,23.0,0.24,6.0,0.35,11.4,0.36,11.3,0.37,11.2,0.38,11.0,0.76,6.0,0.65,11.4,0.64,11.3,0.63,11.2,0.62,11.0,0.79,37.34,0.84,19.3,0.85,20.39,0.86,21.6,0.87,23.0,0.03,0.03,0.093985,1776162274000
1776162275.936,275.936,0.21,37.34,0.16,19.3,0.15,20.39,0.14,21.6,0.13,23.0,0.24,6.0,0.35,11.4,0.36,11.3,0.37,11.2,0.38,11.0,0.76,6.0,0.65,11.4,0.64,11.3,0.63,11.2,0.62,11.0,0.79,37.34,0.84,19.3,0.85,20.39,0.86,21.6,0.87,23.0,0.03,0.03,0.093985,1776162275000
1776162277.238,277.238,0.21,37.34,0.16,19.3,0.15,20.39,0.14,21.6,0.13,23.0,0.24,6.0,0.35,11.4,0.36,11.3,0.37,11.2,0.38,11.0,0.76,6.0,0.65,11.4,0.64,11.3,0.63,11.2,0.62,11.0,0.79,37.34,0.84,19.3,0.85,20.39,0.86,21.6,0.87,23.0,0.03,0.03,0.093983,1776162276000
1776162278.143,278.143,0.21,37.34,0.16,19.3,0.15,20.39,0.14,21.6,0.13,23.0,0.24,6.0,0.35,11.4,0.36,11.3,0.37,11.2,0.38,11.0,0.76,6.0,0.65,11.4,0.64,11.3,0.63,11.2,0.62,11.0,0.79,37.34,0.84,19.3,0.85,20.39,0.86,21.6,0.87,23.0,0.03,0.03,0.093977,1776162277000
1776162279.136,279.136,0.21,37.34,0.16,19.3,0.15,20.39,0.14,21.6,0.13,23.0,0.24,6.0,0.35,11.4,0.36,11.3,0.37,11.2,0.38,11.0,0.76,6.0,0.65,11.4,0.64,11.3,0.63,11.2,0.62,11.0,0.79,37.34,0.84,19.3,0.85,20.39,0.86,21.6,0.87,23.0,0.03,0.03,0.093958,1776162278000
1776162280.021,280.021,0.01,261.33,,,,,,,,,0.11,50.0,0.15,5.0,0.16,28.0,0.19,6.0,0.21,50.0,0.76,6.0,0.65,11.4,0.64,11.3,0.63,11.2,0.62,11.0,0.79,37.34,0.84,19.3,0.85,20.39,0.86,21.6,0.87,23.0,0.1,0.03,0.093958,1776162278000
1776162280.237,280.237,0.01,261.33,,,,,,,,,0.11,50.0,0.15,5.0,0.16,28.0,0.19,6.0,0.21,50.0,0.89,50.0,0.85,5.0,0.84,28.0,0.81,6.0,0.79,50.0,0.99,261.33,,,,,,,,,0.1,0.1,0.093953,1776162279000
1776162280.955,280.955,0.01,241.12,,,,,,,,,0.11,50.0,0.14,10.0,0.15,5.0,0.19,6.0,0.21,50.0,0.89,50.0,0.85,5.0,0.84,28.0,0.81,6.0,0.79,50.0,0.99,261.33,,,,,,,,,0.1,0.1,0.093953,1776162279000
1776162281.338,281.338,0.01,241.12,,,,,,,,,0.11,50.0,0.14,10.0,0.15,5.0,0.19,6.0,0.21,50.0,0.89,50.0,0.86,10.0,0.85,5.0,0.81,6.0,0.79,50.0,0.99,241.12,,,,,,,,,0.1,0.1,0.093953,1776162280000
1776162282.359,282.359,0.01,241.12,,,,,,,,,0.11,50.0,0.14,10.0,0.15,5.0,0.19,6.0,0.21,50.0,0.89,50.0,0.86,10.0,0.85,5.0,0.81,6.0,0.79,50.0,0.99,241.12,,,,,,,,,0.1,0.1,0.093953,1776162281000
1776162282.964,282.964,0.01,241.12,,,,,,,,,0.11,50.0,0.14,10.0,0.15,5.0,0.19,6.0,0.21,50.0,0.89,50.0,0.86,10.0,0.85,5.0,0.81,6.0,0.79,50.0,0.99,241.12,,,,,,,,,0.1,0.1,0.093948,1776162282000
1776162284.051,284.051,0.01,241.12,,,,,,,,,0.11,50.0,0.14,10.0,0.15,5.0,0.19,6.0,0.21,50.0,0.89,50.0,0.86,10.0,0.85,5.0,0.81,6.0,0.79,50.0,0.99,241.12,,,,,,,,,0.1,0.1,0.093947,1776162283000
1776162285.211,285.211,0.01,241.12,,,,,,,,,0.11,50.0,0.14,10.0,0.15,5.0,0.19,6.0,0.21,50.0,0.89,50.0,0.86,10.0,0.85,5.0,0.81,6.0,0.79,50.0,0.99,241.12,,,,,,,,,0.1,0.1,0.093947,1776162284000
1776162285.481,285.481,0.01,171.12,,,,,,,,,0.1,33.0,0.11,50.0,0.19,6.0,0.21,50.0,0.31,50.0,0.89,50.0,0.86,10.0,0.85,5.0,0.81,6.0,0.79,50.0,0.99,241.12,,,,,,,,,0.09,0.1,0.093947,1776162284000
1776162286.309,286.309,0.01,171.12,,,,,,,,,0.1,33.0,0.11,50.0,0.19,6.0,0.21,50.0,0.31,50.0,0.9,33.0,0.89,50.0,0.81,6.0,0.79,50.0,0.69,50.0,0.99,171.12,,,,,,,,,0.09,0.09,0.093947,1776162285000
1776162287.051,287.051,0.01,171.12,,,,,,,,,0.1,33.0,0.11,50.0,0.19,6.0,0.21,50.0,0.31,50.0,0.9,33.0,0.89,50.0,0.81,6.0,0.79,50.0,0.69,50.0,0.99,171.12,,,,,,,,,0.09,0.09,0.093946,1776162286000
1776162288.213,288.213,0.01,171.12,,,,,,,,,0.1,33.0,0.11,50.0,0.19,6.0,0.21,50.0,0.31,50.0,0.9,33.0,0.89,50.0,0.81,6.0,0.79,50.0,0.69,50.0,0.99,171.12,,,,,,,,,0.09,0.09,0.093938,1776162287000
1776162289.37,289.37,0.01,171.12,,,,,,,,,0.1,33.0,0.11,50.0,0.19,6.0,0.21,50.0,0.31,50.0,0.9,33.0,0.89,50.0,0.81,6.0,0.79,50.0,0.69,50.0,0.99,171.12,,,,,,,,,0.09,0.09,0.093936,1776162288000
1776162289.686,289.686,0.01,170.1,,,,,,,,,0.1,23.0,0.11,50.0,0.13,5.0,0.16,10.0,0.19,6.0,0.9,33.0,0.89,50.0,0.81,6.0,0.79,50.0,0.69,50.0,0.99,171.12,,,,,,,,,0.09,0.09,0.093936,1776162288000
1776162290.122,290.122,0.01,262.1,,,,,,,,,0.1,23.0,0.11,50.0,0.13,5.0,0.15,10.0,0.19,6.0,0.9,23.0,0.89,50.0,0.87,5.0,0.84,10.0,0.81,6.0,0.99,170.1,,,,,,,,,0.09,0.09,0.093936,1776162288000
1776162291.454,291.454,0.01,262.1,,,,,,,,,0.1,23.0,0.11,50.0,0.13,5.0,0.15,10.0,0.19,6.0,0.9,23.0,0.89,50.0,0.87,5.0,0.85,10.0,0.81,6.0,0.99,262.1,,,,,,,,,0.09,0.09,0.09396,1776162290000
1776162292.016,292.016,0.01,262.1,,,,,,,,,0.1,23.0,0.11,50.0,0.13,5.0,0.15,10.0,0.19,6.0,0.9,23.0,0.89,50.0,0.87,5.0,0.85,10.0,0.81,6.0,0.99,262.1,,,,,,,,,0.09,0.09,0.09396,1776162291000
1776162293.17,293.17,0.01,262.1,,,,,,,,,0.1,23.0,0.11,50.0,0.13,5.0,0.15,10.0,0.19,6.0,0.9,23.0,0.89,50.0,0.87,5.0,0.85,10.0,0.81,6.0,0.99,262.1,,,,,,,,,0.09,0.09,0.09396,1776162292000
1776162294.422,294.422,0.01,262.1,,,,,,,,,0.1,23.0,0.11,50.0,0.13,5.0,0.15,10.0,0.19,6.0,0.9,23.0,0.89,50.0,0.87,5.0,0.85,10.0,0.81,6.0,0.99,262.1,,,,,,,,,0.09,0.09,0.09396,1776162293000
1776162295.285,295.285,0.01,262.1,,,,,,,,,0.1,23.0,0.11,50.0,0.13,5.0,0.15,10.0,0.19,6.0,0.9,23.0,0.89,50.0,0.87,5.0,0.85,10.0,0.81,6.0,0.99,262.1,,,,,,,,,0.09,0.09,0.09396,1776162294000
1776162295.512,295.512,0.01,152.0,,,,,,,,,0.11,50.0,0.12,10.0,0.19,6.0,0.21,50.0,0.31,50.0,0.9,10.0,0.89,50.0,0.81,6.0,0.79,50.0,0.69,50.0,0.99,157.05,,,,,,,,,0.1,0.09,0.09396,1776162294000
1776162295.824,295.824,,,,,,,,,,,0.01,878.3,0.11,50.0,0.12,10.0,0.19,6.0,0.21,50.0,0.89,50.0,0.88,10.0,0.81,6.0,0.79,50.0,0.69,50.0,0.99,121.7,,,,,,,,,,0.1,0.09396,1776162294000
1776162296.388,296.388,,,,,,,,,,,0.01,876.94,0.11,50.0,0.12,10.0,0.19,6.0,0.21,50.0,0.99,878.3,0.89,50.0,0.88,10.0,0.81,6.0,0.79,50.0,,,,,,,,,,,,,0.09396,1776162295000
1776162297.392,297.392,,,,,,,,,,,0.01,870.75,0.11,50.0,0.12,10.0,0.19,6.0,0.21,50.0,0.99,870.75,0.89,50.0,0.88,10.0,0.81,6.0,0.79,50.0,,,,,,,,,,,,,0.09396,1776162296000
1776162298.445,298.445,,,,,,,,,,,0.01,870.75,0.11,50.0,0.12,10.0,0.19,6.0,0.21,50.0,0.99,870.75,0.89,50.0,0.88,10.0,0.81,6.0,0.79,50.0,,,,,,,,,,,,,0.093962,1776162297000
1776162299.124,299.124,,,,,,,,,,,0.01,870.75,0.11,50.0,0.12,10.0,0.19,6.0,0.21,50.0,0.99,870.75,0.89,50.0,0.88,10.0,0.81,6.0,0.79,50.0,,,,,,,,,,,,,0.093962,1776162298000
1776162300.486,300.486,,,,,,,,,,,0.01,870.75,0.11,50.0,0.12,10.0,0.19,6.0,0.21,50.0,0.99,870.75,0.89,50.0,0.88,10.0,0.81,6.0,0.79,50.0,,,,,,,,,,,,,0.093961,1776162299000

# RESULT,winner=Down,slug=doge-updown-5m-1776162000,ticks=317
