timestamp,elapsed_sec,up_bid_p1,up_bid_s1,up_bid_p2,up_bid_s2,up_ask_p1,up_ask_s1,up_ask_p2,up_ask_s2,down_bid_p1,down_bid_s1,down_bid_p2,down_bid_s2,down_ask_p1,down_ask_s1,down_ask_p2,down_ask_s2,up_spread,down_spread,doge_price,doge_oracle_ts
1776224701.284,1.284,,,,,,,,,,,,,,,,,,,0.093204,1776224700000
1776224701.513,1.513,0.39,10.0,0.36,10.0,0.5,5.0,0.6,10.0,0.5,5.0,0.4,10.0,0.61,10.0,0.64,10.0,0.11,0.11,0.093204,1776224700000
1776224701.846,1.846,0.39,10.0,0.36,10.0,0.5,5.0,0.6,10.0,0.5,5.0,0.4,10.0,0.61,10.0,0.64,10.0,0.11,0.11,0.093204,1776224700000
1776224702.277,2.277,0.39,10.0,0.36,10.0,0.5,5.0,0.6,10.0,0.5,5.0,0.4,10.0,0.61,10.0,0.64,10.0,0.11,0.11,0.093207,1776224701000
1776224703.313,3.313,0.39,10.0,0.36,10.0,0.5,5.0,0.6,10.0,0.5,5.0,0.4,10.0,0.61,10.0,0.64,10.0,0.11,0.11,0.093214,1776224702000
1776224704.309,4.309,0.39,10.0,0.36,10.0,0.5,5.0,0.6,10.0,0.5,5.0,0.4,10.0,0.61,10.0,0.64,10.0,0.11,0.11,0.093197,1776224703000
1776224705.256,5.256,0.39,10.0,0.36,10.0,0.5,5.0,0.6,10.0,0.5,5.0,0.4,10.0,0.61,10.0,0.64,10.0,0.11,0.11,0.093188,1776224704000
1776224706.233,6.233,0.39,10.0,0.36,10.0,0.5,5.0,0.6,10.0,0.5,5.0,0.4,10.0,0.61,10.0,0.64,10.0,0.11,0.11,0.093188,1776224705000
1776224707.275,7.275,0.39,10.0,0.36,10.0,0.5,5.0,0.6,10.0,0.5,5.0,0.4,10.0,0.61,10.0,0.64,10.0,0.11,0.11,0.093188,1776224706000
1776224708.19,8.19,0.39,10.0,0.36,10.0,0.5,5.0,0.6,10.0,0.5,5.0,0.4,10.0,0.61,10.0,0.64,10.0,0.11,0.11,0.093187,1776224707000
1776224709.261,9.261,0.39,10.0,0.36,10.0,0.5,5.0,0.6,10.0,0.5,5.0,0.4,10.0,0.61,10.0,0.64,10.0,0.11,0.11,0.093186,1776224708000
1776224711.226,11.226,0.39,10.0,0.36,10.0,0.5,5.0,0.6,10.0,0.5,5.0,0.4,10.0,0.61,10.0,0.64,10.0,0.11,0.11,0.093185,1776224709000
1776224712.202,12.202,0.39,10.0,0.36,10.0,0.5,5.0,0.6,10.0,0.5,5.0,0.4,10.0,0.61,10.0,0.64,10.0,0.11,0.11,0.093186,1776224710000
1776224713.265,13.265,0.39,10.0,0.36,10.0,0.5,5.0,0.6,10.0,0.5,5.0,0.4,10.0,0.61,10.0,0.64,10.0,0.11,0.11,0.093186,1776224711000
1776224713.745,13.745,0.27,5.0,0.26,26.0,0.37,5.0,0.38,5.0,0.65,5.0,0.63,5.0,0.73,5.0,0.74,26.0,0.1,0.08,0.093186,1776224711000
1776224714.276,14.276,0.27,5.0,0.26,26.0,0.37,5.0,0.38,5.0,0.63,5.0,0.62,5.0,0.73,5.0,0.74,26.0,0.1,0.1,0.093182,1776224713000
1776224715.314,15.314,0.27,5.0,0.26,26.0,0.37,5.0,0.38,5.0,0.63,5.0,0.62,5.0,0.73,5.0,0.74,26.0,0.1,0.1,0.093179,1776224714000
1776224716.355,16.355,0.27,5.0,0.26,26.0,0.37,5.0,0.38,5.0,0.63,5.0,0.62,5.0,0.73,5.0,0.74,26.0,0.1,0.1,0.093179,1776224715000
1776224717.234,17.234,0.27,5.0,0.26,26.0,0.37,5.0,0.38,5.0,0.63,5.0,0.62,5.0,0.73,5.0,0.74,26.0,0.1,0.1,0.093179,1776224716000
1776224718.785,18.785,0.27,5.0,0.26,26.0,0.37,5.0,0.38,5.0,0.63,5.0,0.62,5.0,0.73,5.0,0.74,26.0,0.1,0.1,0.09318,1776224717000
1776224719.405,19.405,0.27,5.0,0.26,26.0,0.37,5.0,0.38,5.0,0.63,5.0,0.62,5.0,0.73,5.0,0.74,26.0,0.1,0.1,0.09318,1776224718000
1776224720.226,20.226,0.27,5.0,0.26,26.0,0.37,5.0,0.38,5.0,0.63,5.0,0.62,5.0,0.73,5.0,0.74,26.0,0.1,0.1,0.093179,1776224719000
1776224721.525,21.525,0.27,5.0,0.26,26.0,0.37,5.0,0.38,5.0,0.63,5.0,0.62,5.0,0.73,5.0,0.74,26.0,0.1,0.1,0.09318,1776224720000
1776224722.226,22.226,0.27,5.0,0.26,26.0,0.37,5.0,0.38,5.0,0.63,5.0,0.62,5.0,0.73,5.0,0.74,26.0,0.1,0.1,0.09318,1776224721000
1776224723.475,23.475,0.27,5.0,0.26,26.0,0.37,5.0,0.38,5.0,0.63,5.0,0.62,5.0,0.73,5.0,0.74,26.0,0.1,0.1,0.093179,1776224722000
1776224724.261,24.261,0.27,5.0,0.26,26.0,0.37,5.0,0.38,5.0,0.63,5.0,0.62,5.0,0.73,5.0,0.74,26.0,0.1,0.1,0.093179,1776224723000
1776224725.468,25.468,0.27,5.0,0.26,26.0,0.37,5.0,0.38,5.0,0.63,5.0,0.62,5.0,0.73,5.0,0.74,26.0,0.1,0.1,0.09318,1776224724000
1776224726.313,26.313,0.27,5.0,0.26,26.0,0.37,5.0,0.38,5.0,0.63,5.0,0.62,5.0,0.73,5.0,0.74,26.0,0.1,0.1,0.093181,1776224725000
1776224727.577,27.577,0.37,5.0,0.34,5.0,0.43,10.0,0.46,10.0,0.63,5.0,0.62,5.0,0.73,5.0,0.74,26.0,0.06,0.1,0.093181,1776224725000
1776224728.461,28.461,0.37,5.0,0.34,5.0,0.43,10.0,0.46,10.0,0.57,10.0,0.54,10.0,0.63,5.0,0.66,5.0,0.06,0.06,0.093186,1776224727000
1776224729.124,29.124,0.37,5.0,0.34,5.0,0.43,10.0,0.46,10.0,0.57,10.0,0.54,10.0,0.63,5.0,0.66,5.0,0.06,0.06,0.093186,1776224728000
1776224731.085,31.085,0.37,5.0,0.34,5.0,0.43,10.0,0.46,10.0,0.57,10.0,0.54,10.0,0.63,5.0,0.66,5.0,0.06,0.06,0.0932,1776224729000
1776224731.635,31.635,0.37,5.0,0.34,5.0,0.43,10.0,0.46,10.0,0.57,10.0,0.54,10.0,0.63,5.0,0.66,5.0,0.06,0.06,0.093198,1776224730000
1776224732.283,32.283,0.37,5.0,0.34,5.0,0.43,10.0,0.46,10.0,0.57,10.0,0.54,10.0,0.63,5.0,0.66,5.0,0.06,0.06,0.093197,1776224731000
1776224733.474,33.474,0.37,5.0,0.34,5.0,0.43,10.0,0.46,10.0,0.57,10.0,0.54,10.0,0.63,5.0,0.66,5.0,0.06,0.06,0.093198,1776224732000
1776224734.184,34.184,0.37,5.0,0.34,5.0,0.43,10.0,0.46,10.0,0.57,10.0,0.54,10.0,0.63,5.0,0.66,5.0,0.06,0.06,0.093198,1776224733000
1776224735.358,35.358,0.37,5.0,0.34,5.0,0.43,10.0,0.46,10.0,0.57,10.0,0.54,10.0,0.63,5.0,0.66,5.0,0.06,0.06,0.093199,1776224734000
1776224736.574,36.574,0.37,5.0,0.34,5.0,0.43,10.0,0.46,10.0,0.57,10.0,0.54,10.0,0.63,5.0,0.66,5.0,0.06,0.06,0.093199,1776224735000
1776224737.33,37.33,0.37,5.0,0.34,5.0,0.43,10.0,0.46,10.0,0.57,10.0,0.54,10.0,0.63,5.0,0.66,5.0,0.06,0.06,0.093196,1776224736000
1776224738.21,38.21,0.37,5.0,0.34,5.0,0.43,10.0,0.46,10.0,0.57,10.0,0.54,10.0,0.63,5.0,0.66,5.0,0.06,0.06,0.093196,1776224737000
1776224739.792,39.792,0.37,5.0,0.34,5.0,0.43,10.0,0.46,10.0,0.57,10.0,0.54,10.0,0.63,5.0,0.66,5.0,0.06,0.06,0.093196,1776224738000
1776224740.533,40.533,0.37,5.0,0.34,5.0,0.43,10.0,0.46,10.0,0.57,10.0,0.54,10.0,0.63,5.0,0.66,5.0,0.06,0.06,0.093195,1776224739000
1776224741.424,41.424,0.37,5.0,0.34,5.0,0.43,10.0,0.46,10.0,0.57,10.0,0.54,10.0,0.63,5.0,0.66,5.0,0.06,0.06,0.093195,1776224740000
1776224742.021,42.021,0.37,5.0,0.34,5.0,0.43,10.0,0.46,10.0,0.57,10.0,0.54,10.0,0.63,5.0,0.66,5.0,0.06,0.06,0.093196,1776224741000
1776224743.424,43.424,0.37,5.0,0.34,5.0,0.43,10.0,0.46,10.0,0.57,10.0,0.54,10.0,0.63,5.0,0.66,5.0,0.06,0.06,0.093196,1776224742000
1776224744.059,44.059,0.37,5.0,0.34,5.0,0.43,10.0,0.46,10.0,0.57,10.0,0.54,10.0,0.63,5.0,0.66,5.0,0.06,0.06,0.093195,1776224743000
1776224745.701,45.701,0.37,5.0,0.34,5.0,0.43,10.0,0.46,10.0,0.57,10.0,0.54,10.0,0.63,5.0,0.66,5.0,0.06,0.06,0.093196,1776224744000
1776224746.404,46.404,0.37,5.0,0.34,5.0,0.43,10.0,0.46,10.0,0.57,10.0,0.54,10.0,0.63,5.0,0.66,5.0,0.06,0.06,0.093195,1776224745000
1776224747.148,47.148,0.37,5.0,0.34,5.0,0.43,10.0,0.46,10.0,0.57,10.0,0.54,10.0,0.63,5.0,0.66,5.0,0.06,0.06,0.093196,1776224746000
1776224748.72,48.72,0.37,5.0,0.34,5.0,0.43,10.0,0.46,10.0,0.57,10.0,0.54,10.0,0.63,5.0,0.66,5.0,0.06,0.06,0.093196,1776224747000
1776224749.848,49.848,0.37,5.0,0.34,5.0,0.43,10.0,0.46,10.0,0.57,10.0,0.54,10.0,0.63,5.0,0.66,5.0,0.06,0.06,0.093192,1776224748000
1776224750.456,50.456,0.37,5.0,0.34,5.0,0.43,10.0,0.46,10.0,0.57,10.0,0.54,10.0,0.63,5.0,0.66,5.0,0.06,0.06,0.093189,1776224749000
1776224750.888,50.888,0.37,5.0,0.34,5.0,0.43,10.0,0.46,10.0,0.57,10.0,0.54,10.0,0.63,5.0,0.66,5.0,0.06,0.06,0.093189,1776224750000
1776224752.297,52.297,0.37,5.0,0.34,5.0,0.43,10.0,0.46,10.0,0.57,10.0,0.54,10.0,0.63,5.0,0.66,5.0,0.06,0.06,0.093189,1776224751000
1776224752.853,52.853,0.37,5.0,0.34,5.0,0.43,10.0,0.46,10.0,0.57,10.0,0.54,10.0,0.63,5.0,0.66,5.0,0.06,0.06,0.093189,1776224752000
1776224754.023,54.023,0.37,5.0,0.34,5.0,0.43,10.0,0.46,10.0,0.57,10.0,0.54,10.0,0.63,5.0,0.66,5.0,0.06,0.06,0.093189,1776224753000
1776224755.156,55.156,0.37,5.0,0.34,5.0,0.43,10.0,0.46,10.0,0.57,10.0,0.54,10.0,0.63,5.0,0.66,5.0,0.06,0.06,0.093189,1776224754000
1776224756.292,56.292,0.37,5.0,0.34,5.0,0.43,10.0,0.46,10.0,0.57,10.0,0.54,10.0,0.63,5.0,0.66,5.0,0.06,0.06,0.093189,1776224755000
1776224757.504,57.504,0.37,5.0,0.34,5.0,0.43,10.0,0.46,10.0,0.57,10.0,0.54,10.0,0.63,5.0,0.66,5.0,0.06,0.06,0.093189,1776224756000
1776224758.086,58.086,0.37,5.0,0.34,5.0,0.43,10.0,0.46,10.0,0.57,10.0,0.54,10.0,0.63,5.0,0.66,5.0,0.06,0.06,0.093189,1776224757000
1776224759.2,59.2,0.37,5.0,0.34,5.0,0.43,10.0,0.46,10.0,0.57,10.0,0.54,10.0,0.63,5.0,0.66,5.0,0.06,0.06,0.093189,1776224758000
1776224760.384,60.384,0.37,5.0,0.34,5.0,0.43,10.0,0.46,10.0,0.57,10.0,0.54,10.0,0.63,5.0,0.66,5.0,0.06,0.06,0.093189,1776224759000
1776224760.911,60.911,0.37,5.0,0.34,5.0,0.43,10.0,0.46,10.0,0.57,10.0,0.54,10.0,0.63,5.0,0.66,5.0,0.06,0.06,0.093189,1776224760000
1776224761.998,61.998,0.37,5.0,0.34,5.0,0.43,10.0,0.46,10.0,0.57,10.0,0.54,10.0,0.63,5.0,0.66,5.0,0.06,0.06,0.093189,1776224761000
1776224763.162,63.162,0.37,5.0,0.34,5.0,0.43,10.0,0.46,10.0,0.57,10.0,0.54,10.0,0.63,5.0,0.66,5.0,0.06,0.06,0.093186,1776224762000
1776224764.589,64.589,0.37,5.0,0.34,5.0,0.43,10.0,0.46,10.0,0.57,10.0,0.54,10.0,0.63,5.0,0.66,5.0,0.06,0.06,0.093187,1776224763000
1776224765.144,65.144,0.37,5.0,0.34,5.0,0.43,10.0,0.46,10.0,0.57,10.0,0.54,10.0,0.63,5.0,0.66,5.0,0.06,0.06,0.093187,1776224764000
1776224766.235,66.235,0.37,5.0,0.34,5.0,0.43,10.0,0.46,10.0,0.57,10.0,0.54,10.0,0.63,5.0,0.66,5.0,0.06,0.06,0.093185,1776224765000
1776224767.324,67.324,0.37,5.0,0.34,5.0,0.43,10.0,0.46,10.0,0.57,10.0,0.54,10.0,0.63,5.0,0.66,5.0,0.06,0.06,0.093186,1776224766000
1776224768.35,68.35,0.37,5.0,0.34,5.0,0.43,10.0,0.46,10.0,0.57,10.0,0.54,10.0,0.63,5.0,0.66,5.0,0.06,0.06,0.093186,1776224767000
1776224768.883,68.883,0.37,5.0,0.34,5.0,0.43,10.0,0.46,10.0,0.57,10.0,0.54,10.0,0.63,5.0,0.66,5.0,0.06,0.06,0.093186,1776224768000
1776224769.994,69.994,0.37,5.0,0.34,5.0,0.43,10.0,0.46,10.0,0.57,10.0,0.54,10.0,0.63,5.0,0.66,5.0,0.06,0.06,0.093187,1776224769000
1776224771.096,71.096,0.37,5.0,0.34,5.0,0.43,10.0,0.46,10.0,0.57,10.0,0.54,10.0,0.63,5.0,0.66,5.0,0.06,0.06,0.093187,1776224770000
1776224772.047,72.047,0.37,5.0,0.34,5.0,0.43,10.0,0.46,10.0,0.57,10.0,0.54,10.0,0.63,5.0,0.66,5.0,0.06,0.06,0.093187,1776224771000
1776224773.1,73.1,0.37,5.0,0.34,5.0,0.43,10.0,0.46,10.0,0.57,10.0,0.54,10.0,0.63,5.0,0.66,5.0,0.06,0.06,0.093186,1776224772000
1776224774.235,74.235,0.37,5.0,0.34,5.0,0.43,10.0,0.46,10.0,0.57,10.0,0.54,10.0,0.63,5.0,0.66,5.0,0.06,0.06,0.093182,1776224773000
1776224775.37,75.37,0.37,5.0,0.34,5.0,0.43,10.0,0.46,10.0,0.57,10.0,0.54,10.0,0.63,5.0,0.66,5.0,0.06,0.06,0.09318,1776224774000
1776224776.412,76.412,0.37,5.0,0.34,5.0,0.43,10.0,0.46,10.0,0.57,10.0,0.54,10.0,0.63,5.0,0.66,5.0,0.06,0.06,0.09318,1776224775000
1776224776.922,76.922,0.37,5.0,0.34,5.0,0.43,10.0,0.46,10.0,0.57,10.0,0.54,10.0,0.63,5.0,0.66,5.0,0.06,0.06,0.09318,1776224776000
1776224778.427,78.427,0.37,5.0,0.34,5.0,0.43,10.0,0.46,10.0,0.57,10.0,0.54,10.0,0.63,5.0,0.66,5.0,0.06,0.06,0.09318,1776224777000
1776224778.972,78.972,0.37,5.0,0.34,5.0,0.43,10.0,0.46,10.0,0.57,10.0,0.54,10.0,0.63,5.0,0.66,5.0,0.06,0.06,0.09318,1776224778000
1776224779.405,79.405,0.35,5.0,0.32,5.0,0.38,2.18,0.41,10.0,0.57,10.0,0.54,10.0,0.63,5.0,0.66,5.0,0.03,0.06,0.09318,1776224778000
1776224779.946,79.946,0.35,5.0,0.32,5.0,0.41,10.0,0.44,10.0,0.59,10.0,0.56,10.0,0.65,5.0,0.68,5.0,0.06,0.06,0.09318,1776224779000
1776224781.152,81.152,0.35,5.0,0.32,5.0,0.41,10.0,0.44,10.0,0.59,10.0,0.56,10.0,0.65,5.0,0.68,5.0,0.06,0.06,0.093182,1776224780000
1776224782.184,82.184,0.35,5.0,0.32,5.0,0.41,10.0,0.44,10.0,0.59,10.0,0.56,10.0,0.65,5.0,0.68,5.0,0.06,0.06,0.093202,1776224781000
1776224782.621,82.621,0.41,40.0,0.4,5.0,0.44,10.0,0.47,10.0,0.59,10.0,0.56,10.0,0.65,5.0,0.68,5.0,0.03,0.06,0.093202,1776224781000
1776224782.873,82.873,0.43,5.0,0.42,10.0,0.44,5.0,0.47,10.0,0.56,10.0,0.53,10.0,0.59,40.0,0.6,5.0,0.01,0.03,0.093202,1776224781000
1776224783.326,83.326,0.44,5.0,0.42,10.0,0.47,5.0,0.5,15.0,0.53,5.0,0.5,15.0,0.56,5.0,0.58,10.0,0.03,0.03,0.093205,1776224782000
1776224784.446,84.446,0.44,5.0,0.42,10.0,0.47,5.0,0.5,15.0,0.53,5.0,0.5,15.0,0.56,5.0,0.58,10.0,0.03,0.03,0.093209,1776224783000
1776224784.943,84.943,0.44,5.0,0.42,10.0,0.47,5.0,0.5,15.0,0.53,5.0,0.5,15.0,0.56,5.0,0.58,10.0,0.03,0.03,0.09321,1776224784000
1776224786.073,86.073,0.44,5.0,0.42,10.0,0.47,5.0,0.5,15.0,0.53,5.0,0.5,15.0,0.56,5.0,0.58,10.0,0.03,0.03,0.093218,1776224785000
1776224787.12,87.12,0.44,5.0,0.42,10.0,0.47,5.0,0.5,15.0,0.53,5.0,0.5,15.0,0.56,5.0,0.58,10.0,0.03,0.03,0.093219,1776224786000
1776224788.17,88.17,0.44,5.0,0.42,10.0,0.47,5.0,0.5,15.0,0.53,5.0,0.5,15.0,0.56,5.0,0.58,10.0,0.03,0.03,0.09322,1776224787000
1776224789.172,89.172,0.48,10.4,0.47,10.4,0.58,5.0,0.6,15.0,0.53,5.0,0.5,15.0,0.56,5.0,0.58,10.0,0.1,0.03,0.09322,1776224787000
1776224790.307,90.307,0.48,10.4,0.47,10.4,0.58,5.0,0.6,15.0,0.42,5.0,0.4,15.0,0.52,10.4,0.53,10.4,0.1,0.1,0.093221,1776224789000
1776224790.854,90.854,0.48,10.4,0.47,10.4,0.58,5.0,0.6,15.0,0.42,5.0,0.4,15.0,0.52,10.4,0.53,10.4,0.1,0.1,0.093221,1776224790000
1776224792.547,92.547,0.48,10.4,0.47,10.4,0.58,5.0,0.6,15.0,0.42,5.0,0.4,15.0,0.52,10.4,0.53,10.4,0.1,0.1,0.093222,1776224791000
1776224792.956,92.956,0.48,10.4,0.47,10.4,0.58,5.0,0.6,15.0,0.42,5.0,0.4,15.0,0.52,10.4,0.53,10.4,0.1,0.1,0.093225,1776224792000
1776224793.923,93.923,0.48,10.4,0.47,10.4,0.58,5.0,0.6,15.0,0.42,5.0,0.4,15.0,0.52,10.4,0.53,10.4,0.1,0.1,0.093228,1776224793000
1776224794.934,94.934,0.48,10.4,0.47,10.4,0.58,5.0,0.6,15.0,0.42,5.0,0.4,15.0,0.52,10.4,0.53,10.4,0.1,0.1,0.093225,1776224794000
1776224795.929,95.929,0.48,10.4,0.47,10.4,0.58,5.0,0.6,15.0,0.42,5.0,0.4,15.0,0.52,10.4,0.53,10.4,0.1,0.1,0.093225,1776224795000
1776224796.989,96.989,0.48,10.4,0.47,10.4,0.58,5.0,0.6,15.0,0.42,5.0,0.4,15.0,0.52,10.4,0.53,10.4,0.1,0.1,0.093227,1776224796000
1776224797.267,97.267,0.54,15.5,0.53,10.4,0.66,4.66,0.67,11.0,0.42,5.0,0.4,15.0,0.52,10.4,0.53,10.4,0.12,0.1,0.093227,1776224796000
1776224797.896,97.896,0.54,15.5,0.53,10.4,0.66,4.66,0.67,11.0,0.34,4.66,0.33,11.0,0.46,15.5,0.47,10.4,0.12,0.12,0.093226,1776224797000
1776224798.867,98.867,0.54,15.5,0.53,10.4,0.66,4.66,0.67,11.0,0.34,4.66,0.33,11.0,0.46,15.5,0.47,10.4,0.12,0.12,0.093228,1776224798000
1776224799.876,99.876,0.54,15.5,0.53,10.4,0.66,4.66,0.67,11.0,0.34,4.66,0.33,11.0,0.46,15.5,0.47,10.4,0.12,0.12,0.09323,1776224799000
1776224800.866,100.866,0.54,15.5,0.53,10.4,0.66,4.66,0.67,11.0,0.34,4.66,0.33,11.0,0.46,15.5,0.47,10.4,0.12,0.12,0.093229,1776224800000
1776224801.846,101.846,0.54,15.5,0.53,10.4,0.66,4.66,0.67,11.0,0.34,4.66,0.33,11.0,0.46,15.5,0.47,10.4,0.12,0.12,0.093231,1776224801000
1776224803.236,103.236,0.54,15.5,0.53,10.4,0.66,4.66,0.67,11.0,0.34,4.66,0.33,11.0,0.46,15.5,0.47,10.4,0.12,0.12,0.09323,1776224802000
1776224804.254,104.254,0.54,15.5,0.53,10.4,0.66,4.66,0.67,11.0,0.34,4.66,0.33,11.0,0.46,15.5,0.47,10.4,0.12,0.12,0.093229,1776224803000
1776224805.238,105.238,0.54,15.5,0.53,10.4,0.66,4.66,0.67,11.0,0.34,4.66,0.33,11.0,0.46,15.5,0.47,10.4,0.12,0.12,0.093229,1776224804000
1776224806.348,106.348,0.54,15.5,0.53,10.4,0.66,4.66,0.67,11.0,0.34,4.66,0.33,11.0,0.46,15.5,0.47,10.4,0.12,0.12,0.093229,1776224805000
1776224806.779,106.779,0.54,15.5,0.53,10.4,0.66,4.66,0.67,11.0,0.34,4.66,0.33,11.0,0.46,15.5,0.47,10.4,0.12,0.12,0.093229,1776224806000
1776224807.877,107.877,0.54,15.5,0.53,10.4,0.66,4.66,0.67,11.0,0.34,4.66,0.33,11.0,0.46,15.5,0.47,10.4,0.12,0.12,0.093229,1776224807000
1776224808.88,108.88,0.54,15.5,0.53,10.4,0.66,4.66,0.67,11.0,0.34,4.66,0.33,11.0,0.46,15.5,0.47,10.4,0.12,0.12,0.093229,1776224808000
1776224810.024,110.024,0.54,15.5,0.53,10.4,0.66,4.66,0.67,11.0,0.34,4.66,0.33,11.0,0.46,15.5,0.47,10.4,0.12,0.12,0.093229,1776224809000
1776224811.08,111.08,0.54,15.5,0.53,10.4,0.66,4.66,0.67,11.0,0.34,4.66,0.33,11.0,0.46,15.5,0.47,10.4,0.12,0.12,0.093229,1776224810000
1776224812.143,112.143,0.54,15.5,0.53,10.4,0.66,4.66,0.67,11.0,0.34,4.66,0.33,11.0,0.46,15.5,0.47,10.4,0.12,0.12,0.093229,1776224811000
1776224813.056,113.056,0.54,15.5,0.53,10.4,0.66,4.66,0.67,11.0,0.34,4.66,0.33,11.0,0.46,15.5,0.47,10.4,0.12,0.12,0.093229,1776224812000
1776224814.137,114.137,0.54,15.5,0.53,10.4,0.66,4.66,0.67,11.0,0.34,4.66,0.33,11.0,0.46,15.5,0.47,10.4,0.12,0.12,0.093226,1776224813000
1776224815.204,115.204,0.54,15.5,0.53,10.4,0.66,4.66,0.67,11.0,0.34,4.66,0.33,11.0,0.46,15.5,0.47,10.4,0.12,0.12,0.093226,1776224814000
1776224816.224,116.224,0.54,15.5,0.53,10.4,0.66,4.66,0.67,11.0,0.34,4.66,0.33,11.0,0.46,15.5,0.47,10.4,0.12,0.12,0.093227,1776224815000
1776224817.281,117.281,0.54,15.5,0.53,10.4,0.66,4.66,0.67,11.0,0.34,4.66,0.33,11.0,0.46,15.5,0.47,10.4,0.12,0.12,0.093227,1776224816000
1776224818.823,118.823,0.54,15.5,0.53,10.4,0.66,4.66,0.67,11.0,0.34,4.66,0.33,11.0,0.46,15.5,0.47,10.4,0.12,0.12,0.093226,1776224817000
1776224819.344,119.344,0.54,15.5,0.53,10.4,0.66,4.66,0.67,11.0,0.34,4.66,0.33,11.0,0.46,15.5,0.47,10.4,0.12,0.12,0.093226,1776224818000
1776224820.33,120.33,0.54,15.5,0.53,10.4,0.66,4.66,0.67,11.0,0.34,4.66,0.33,11.0,0.46,15.5,0.47,10.4,0.12,0.12,0.093225,1776224819000
1776224820.831,120.831,0.54,15.5,0.53,10.4,0.66,4.66,0.67,11.0,0.34,4.66,0.33,11.0,0.46,15.5,0.47,10.4,0.12,0.12,0.093227,1776224820000
1776224822.013,122.013,0.54,15.5,0.53,10.4,0.66,4.66,0.67,11.0,0.34,4.66,0.33,11.0,0.46,15.5,0.47,10.4,0.12,0.12,0.093228,1776224821000
1776224823.012,123.012,0.54,15.5,0.53,10.4,0.66,4.66,0.67,11.0,0.34,4.66,0.33,11.0,0.46,15.5,0.47,10.4,0.12,0.12,0.093229,1776224822000
1776224824.517,124.517,0.54,15.5,0.53,10.4,0.66,4.66,0.67,11.0,0.34,4.66,0.33,11.0,0.46,15.5,0.47,10.4,0.12,0.12,0.09323,1776224823000
1776224825.081,125.081,0.54,15.5,0.53,10.4,0.66,4.66,0.67,11.0,0.34,4.66,0.33,11.0,0.46,15.5,0.47,10.4,0.12,0.12,0.093231,1776224824000
1776224826.287,126.287,0.54,15.5,0.53,10.4,0.66,4.66,0.67,11.0,0.34,4.66,0.33,11.0,0.46,15.5,0.47,10.4,0.12,0.12,0.093231,1776224825000
1776224827.366,127.366,0.54,15.5,0.53,10.4,0.66,4.66,0.67,11.0,0.34,4.66,0.33,11.0,0.46,15.5,0.47,10.4,0.12,0.12,0.093231,1776224826000
1776224828.041,128.041,0.54,15.5,0.53,10.4,0.66,4.66,0.67,11.0,0.34,4.66,0.33,11.0,0.46,15.5,0.47,10.4,0.12,0.12,0.09323,1776224827000
1776224829.155,129.155,0.54,15.5,0.53,10.4,0.66,4.66,0.67,11.0,0.34,4.66,0.33,11.0,0.46,15.5,0.47,10.4,0.12,0.12,0.093229,1776224828000
1776224830.442,130.442,0.54,15.5,0.53,10.4,0.66,4.66,0.67,11.0,0.34,4.66,0.33,11.0,0.46,15.5,0.47,10.4,0.12,0.12,0.09323,1776224829000
1776224830.909,130.909,0.54,15.5,0.53,10.4,0.66,4.66,0.67,11.0,0.34,4.66,0.33,11.0,0.46,15.5,0.47,10.4,0.12,0.12,0.09323,1776224830000
1776224831.988,131.988,0.54,15.5,0.53,10.4,0.66,4.66,0.67,11.0,0.34,4.66,0.33,11.0,0.46,15.5,0.47,10.4,0.12,0.12,0.09323,1776224831000
1776224833.464,133.464,0.54,15.5,0.53,10.4,0.66,4.66,0.67,11.0,0.34,4.66,0.33,11.0,0.46,15.5,0.47,10.4,0.12,0.12,0.09323,1776224832000
1776224834.105,134.105,0.54,15.5,0.53,10.4,0.66,4.66,0.67,11.0,0.34,4.66,0.33,11.0,0.46,15.5,0.47,10.4,0.12,0.12,0.09323,1776224833000
1776224835.051,135.051,0.54,15.5,0.53,10.4,0.66,4.66,0.67,11.0,0.34,4.66,0.33,11.0,0.46,15.5,0.47,10.4,0.12,0.12,0.09323,1776224834000
1776224835.982,135.982,0.54,15.5,0.53,10.4,0.66,4.66,0.67,11.0,0.34,4.66,0.33,11.0,0.46,15.5,0.47,10.4,0.12,0.12,0.09323,1776224835000
1776224837.034,137.034,0.54,15.5,0.53,10.4,0.66,4.66,0.67,11.0,0.34,4.66,0.33,11.0,0.46,15.5,0.47,10.4,0.12,0.12,0.09323,1776224836000
1776224837.948,137.948,0.54,15.5,0.53,10.4,0.66,4.66,0.67,11.0,0.34,4.66,0.33,11.0,0.46,15.5,0.47,10.4,0.12,0.12,0.093231,1776224837000
1776224838.93,138.93,0.54,15.5,0.53,10.4,0.66,4.66,0.67,11.0,0.34,4.66,0.33,11.0,0.46,15.5,0.47,10.4,0.12,0.12,0.093231,1776224838000
1776224839.889,139.889,0.71,5.0,0.63,20.0,0.75,5.0,0.76,5.0,0.25,5.0,0.24,5.0,0.29,5.0,0.37,20.0,0.04,0.04,0.093231,1776224839000
1776224840.949,140.949,0.71,5.0,0.63,20.0,0.75,5.0,0.76,5.0,0.25,5.0,0.24,5.0,0.29,5.0,0.37,20.0,0.04,0.04,0.093243,1776224840000
1776224841.924,141.924,0.71,5.0,0.63,20.0,0.75,5.0,0.76,5.0,0.25,5.0,0.24,5.0,0.29,5.0,0.37,20.0,0.04,0.04,0.093253,1776224841000
1776224842.336,142.336,0.71,41.0,0.64,11.3,0.76,5.0,0.79,14.0,0.25,5.0,0.24,5.0,0.29,5.0,0.37,20.0,0.05,0.04,0.093253,1776224841000
1776224842.901,142.901,0.71,41.0,0.64,11.3,0.76,5.0,0.79,14.0,0.24,5.0,0.21,14.0,0.29,41.0,0.36,11.3,0.05,0.05,0.093254,1776224842000
1776224843.198,143.198,0.76,5.0,0.71,70.0,0.79,9.0,0.82,16.0,0.21,14.0,0.18,16.0,0.25,5.0,0.29,70.0,0.03,0.04,0.093254,1776224842000
1776224843.89,143.89,0.76,5.0,0.71,70.0,0.79,9.0,0.82,16.0,0.21,9.0,0.18,16.0,0.24,5.0,0.29,70.0,0.03,0.03,0.093254,1776224843000
1776224844.955,144.955,0.76,5.0,0.71,70.0,0.79,9.0,0.82,16.0,0.21,9.0,0.18,16.0,0.24,5.0,0.29,70.0,0.03,0.03,0.093261,1776224844000
1776224846.756,146.756,0.76,5.0,0.71,70.0,0.79,9.0,0.82,16.0,0.21,9.0,0.18,16.0,0.24,5.0,0.29,70.0,0.03,0.03,0.093266,1776224845000
1776224847.477,147.477,0.76,5.0,0.71,70.0,0.79,9.0,0.82,16.0,0.21,9.0,0.18,16.0,0.24,5.0,0.29,70.0,0.03,0.03,0.093273,1776224846000
1776224848.29,148.29,0.76,5.0,0.71,70.0,0.79,9.0,0.82,16.0,0.21,9.0,0.18,16.0,0.24,5.0,0.29,70.0,0.03,0.03,0.093273,1776224847000
1776224849.685,149.685,0.76,5.0,0.71,70.0,0.79,9.0,0.82,16.0,0.21,9.0,0.18,16.0,0.24,5.0,0.29,70.0,0.03,0.03,0.093273,1776224848000
1776224850.349,150.349,0.76,5.0,0.71,70.0,0.79,9.0,0.82,16.0,0.21,9.0,0.18,16.0,0.24,5.0,0.29,70.0,0.03,0.03,0.093273,1776224849000
1776224851.536,151.536,0.76,5.0,0.71,70.0,0.79,9.0,0.82,16.0,0.21,9.0,0.18,16.0,0.24,5.0,0.29,70.0,0.03,0.03,0.093273,1776224850000
1776224852.177,152.177,0.76,5.0,0.71,70.0,0.79,9.0,0.82,16.0,0.21,9.0,0.18,16.0,0.24,5.0,0.29,70.0,0.03,0.03,0.093273,1776224851000
1776224853.004,153.004,0.82,5.0,0.81,21.89,0.9,27.78,0.91,31.7,0.21,9.0,0.18,16.0,0.24,5.0,0.29,70.0,0.08,0.03,0.093273,1776224851000
1776224853.482,153.482,0.82,5.0,0.81,21.89,0.9,27.78,0.91,31.7,0.1,27.78,0.09,31.7,0.18,5.0,0.19,21.89,0.08,0.08,0.093272,1776224852000
1776224854.449,154.449,0.82,5.0,0.81,21.89,0.9,27.78,0.91,31.7,0.1,27.78,0.09,31.7,0.18,5.0,0.19,21.89,0.08,0.08,0.093272,1776224853000
1776224855.006,155.006,0.82,5.0,0.81,21.89,0.9,27.78,0.91,31.7,0.1,27.78,0.09,31.7,0.18,5.0,0.19,21.89,0.08,0.08,0.093272,1776224854000
1776224856.166,156.166,0.82,5.0,0.81,21.89,0.9,27.78,0.91,31.7,0.1,27.78,0.09,31.7,0.18,5.0,0.19,21.89,0.08,0.08,0.093272,1776224855000
1776224856.878,156.878,0.82,5.0,0.81,21.89,0.9,27.78,0.91,31.7,0.1,27.78,0.09,31.7,0.18,5.0,0.19,21.89,0.08,0.08,0.093272,1776224856000
1776224858.005,158.005,0.82,5.0,0.81,21.89,0.9,27.78,0.91,31.7,0.1,27.78,0.09,31.7,0.18,5.0,0.19,21.89,0.08,0.08,0.093272,1776224857000
1776224859.233,159.233,0.82,5.0,0.81,21.89,0.9,27.78,0.91,31.7,0.1,27.78,0.09,31.7,0.18,5.0,0.19,21.89,0.08,0.08,0.093272,1776224858000
1776224860.315,160.315,0.82,5.0,0.81,21.89,0.9,27.78,0.91,31.7,0.1,27.78,0.09,31.7,0.18,5.0,0.19,21.89,0.08,0.08,0.093272,1776224859000
1776224860.989,160.989,0.82,5.0,0.81,21.89,0.9,27.78,0.91,31.7,0.1,27.78,0.09,31.7,0.18,5.0,0.19,21.89,0.08,0.08,0.093272,1776224860000
1776224862.702,162.702,0.82,5.0,0.81,21.89,0.9,27.78,0.91,31.7,0.1,27.78,0.09,31.7,0.18,5.0,0.19,21.89,0.08,0.08,0.093269,1776224861000
1776224863.323,163.323,0.82,5.0,0.81,21.89,0.9,27.78,0.91,31.7,0.1,27.78,0.09,31.7,0.18,5.0,0.19,21.89,0.08,0.08,0.093267,1776224862000
1776224863.926,163.926,0.82,5.0,0.81,21.89,0.9,27.78,0.91,31.7,0.1,27.78,0.09,31.7,0.18,5.0,0.19,21.89,0.08,0.08,0.093267,1776224863000
1776224864.866,164.866,0.81,32.89,0.8,31.3,0.89,24.71,0.9,27.78,0.1,27.78,0.09,31.7,0.18,5.0,0.19,21.89,0.08,0.08,0.093267,1776224863000
1776224865.137,165.137,0.81,32.89,0.8,31.3,0.89,24.71,0.9,27.78,0.11,24.71,0.1,27.78,0.19,32.89,0.2,31.3,0.08,0.08,0.093267,1776224864000
1776224866.256,166.256,0.81,32.89,0.8,31.3,0.89,24.71,0.9,27.78,0.11,24.71,0.1,27.78,0.19,32.89,0.2,31.3,0.08,0.08,0.093267,1776224865000
1776224867.382,167.382,0.81,32.89,0.8,31.3,0.89,24.71,0.9,27.78,0.11,24.71,0.1,27.78,0.19,32.89,0.2,31.3,0.08,0.08,0.093267,1776224866000
1776224868.05,168.05,0.81,32.89,0.8,31.3,0.89,24.71,0.9,27.78,0.11,24.71,0.1,27.78,0.19,32.89,0.2,31.3,0.08,0.08,0.093267,1776224867000
1776224869.33,169.33,0.81,32.89,0.8,31.3,0.89,24.71,0.9,27.78,0.11,24.71,0.1,27.78,0.19,32.89,0.2,31.3,0.08,0.08,0.093268,1776224868000
1776224870.387,170.387,0.81,32.89,0.8,31.3,0.89,24.71,0.9,27.78,0.11,24.71,0.1,27.78,0.19,32.89,0.2,31.3,0.08,0.08,0.093268,1776224869000
1776224870.984,170.984,0.81,32.89,0.8,31.3,0.89,24.71,0.9,27.78,0.11,24.71,0.1,27.78,0.19,32.89,0.2,31.3,0.08,0.08,0.093268,1776224870000
1776224872.294,172.294,0.81,32.89,0.8,31.3,0.89,24.71,0.9,27.78,0.11,24.71,0.1,27.78,0.19,32.89,0.2,31.3,0.08,0.08,0.093267,1776224871000
1776224872.836,172.836,0.81,32.89,0.8,31.3,0.89,24.71,0.9,27.78,0.11,24.71,0.1,27.78,0.19,32.89,0.2,31.3,0.08,0.08,0.093268,1776224872000
1776224874.16,174.16,0.81,32.89,0.8,31.3,0.89,24.71,0.9,27.78,0.11,24.71,0.1,27.78,0.19,32.89,0.2,31.3,0.08,0.08,0.093268,1776224873000
1776224875.309,175.309,0.81,32.89,0.8,31.3,0.89,24.71,0.9,27.78,0.11,24.71,0.1,27.78,0.19,32.89,0.2,31.3,0.08,0.08,0.093268,1776224874000
1776224875.917,175.917,0.81,32.89,0.8,31.3,0.89,24.71,0.9,27.78,0.11,24.71,0.1,27.78,0.19,32.89,0.2,31.3,0.08,0.08,0.093268,1776224875000
1776224877.116,177.116,0.81,32.89,0.8,31.3,0.89,24.71,0.9,27.78,0.11,24.71,0.1,27.78,0.19,32.89,0.2,31.3,0.08,0.08,0.093268,1776224876000
1776224879.076,179.076,0.81,32.89,0.8,31.3,0.89,24.71,0.9,27.78,0.11,24.71,0.1,27.78,0.19,32.89,0.2,31.3,0.08,0.08,0.093267,1776224877000
1776224879.997,179.997,0.81,32.89,0.8,31.3,0.89,24.71,0.9,27.78,0.11,24.71,0.1,27.78,0.19,32.89,0.2,31.3,0.08,0.08,0.093263,1776224878000
1776224881.24,181.24,0.81,32.89,0.8,31.3,0.89,24.71,0.9,27.78,0.11,24.71,0.1,27.78,0.19,32.89,0.2,31.3,0.08,0.08,0.09326,1776224879000
1776224882.047,182.047,0.81,32.89,0.8,31.3,0.89,24.71,0.9,27.78,0.11,24.71,0.1,27.78,0.19,32.89,0.2,31.3,0.08,0.08,0.093257,1776224880000
1776224883.112,183.112,0.81,32.89,0.8,31.3,0.89,24.71,0.9,27.78,0.11,24.71,0.1,27.78,0.19,32.89,0.2,31.3,0.08,0.08,0.093257,1776224881000
1776224883.877,183.877,0.81,32.89,0.8,31.3,0.89,24.71,0.9,27.78,0.11,24.71,0.1,27.78,0.19,32.89,0.2,31.3,0.08,0.08,0.093257,1776224882000
1776224885.01,185.01,0.81,32.89,0.8,31.3,0.89,24.71,0.9,27.78,0.11,24.71,0.1,27.78,0.19,32.89,0.2,31.3,0.08,0.08,0.093257,1776224883000
1776224885.876,185.876,0.81,32.89,0.8,31.3,0.89,24.71,0.9,27.78,0.11,24.71,0.1,27.78,0.19,32.89,0.2,31.3,0.08,0.08,0.093257,1776224884000
1776224886.751,186.751,0.81,32.89,0.8,31.3,0.89,24.71,0.9,27.78,0.11,24.71,0.1,27.78,0.19,32.89,0.2,31.3,0.08,0.08,0.093257,1776224885000
1776224887.388,187.388,0.81,32.89,0.8,31.3,0.89,24.71,0.9,27.78,0.11,24.71,0.1,27.78,0.19,32.89,0.2,31.3,0.08,0.08,0.093257,1776224886000
1776224888.035,188.035,0.81,32.89,0.8,31.3,0.89,24.71,0.9,27.78,0.11,24.71,0.1,27.78,0.19,32.89,0.2,31.3,0.08,0.08,0.093259,1776224887000
1776224889.318,189.318,0.81,32.89,0.8,31.3,0.89,24.71,0.9,27.78,0.11,24.71,0.1,27.78,0.19,32.89,0.2,31.3,0.08,0.08,0.093259,1776224888000
1776224890.015,190.015,0.81,32.89,0.8,31.3,0.89,24.71,0.9,27.78,0.11,24.71,0.1,27.78,0.19,32.89,0.2,31.3,0.08,0.08,0.093259,1776224889000
1776224890.794,190.794,0.8,16.3,0.79,33.7,0.89,25.47,0.9,27.78,0.11,24.71,0.1,27.78,0.19,32.89,0.2,31.3,0.09,0.08,0.093259,1776224889000
1776224891.254,191.254,0.8,16.3,0.79,33.7,0.89,25.47,0.9,27.78,0.11,25.47,0.1,27.78,0.2,16.3,0.21,33.7,0.09,0.09,0.093257,1776224890000
1776224892.654,192.654,0.8,16.3,0.79,33.7,0.89,25.47,0.9,27.78,0.11,25.47,0.1,27.78,0.2,16.3,0.21,33.7,0.09,0.09,0.093258,1776224891000
1776224893.307,193.307,0.8,16.3,0.79,33.7,0.89,25.47,0.9,27.78,0.11,25.47,0.1,27.78,0.2,16.3,0.21,33.7,0.09,0.09,0.093258,1776224892000
1776224894.023,194.023,0.8,16.3,0.79,33.7,0.89,25.47,0.9,27.78,0.11,25.47,0.1,27.78,0.2,16.3,0.21,33.7,0.09,0.09,0.093258,1776224893000
1776224895.627,195.627,0.8,16.3,0.79,33.7,0.89,25.47,0.9,27.78,0.11,25.47,0.1,27.78,0.2,16.3,0.21,33.7,0.09,0.09,0.093259,1776224894000
1776224896.559,196.559,0.8,16.3,0.79,33.7,0.89,25.47,0.9,27.78,0.11,25.47,0.1,27.78,0.2,16.3,0.21,33.7,0.09,0.09,0.093259,1776224895000
1776224897.308,197.308,0.8,16.3,0.79,33.7,0.89,25.47,0.9,27.78,0.11,25.47,0.1,27.78,0.2,16.3,0.21,33.7,0.09,0.09,0.09326,1776224896000
1776224898.994,198.994,0.8,16.3,0.79,33.7,0.89,25.47,0.9,27.78,0.11,25.47,0.1,27.78,0.2,16.3,0.21,33.7,0.09,0.09,0.093261,1776224898000
1776224900.441,200.441,0.8,16.3,0.79,33.7,0.89,25.47,0.9,27.78,0.11,25.47,0.1,27.78,0.2,16.3,0.21,33.7,0.09,0.09,0.09326,1776224899000
1776224900.941,200.941,0.8,16.3,0.79,33.7,0.89,25.47,0.9,27.78,0.11,25.47,0.1,27.78,0.2,16.3,0.21,33.7,0.09,0.09,0.09326,1776224900000
1776224902.127,202.127,0.8,16.3,0.79,33.7,0.89,25.47,0.9,27.78,0.11,25.47,0.1,27.78,0.2,16.3,0.21,33.7,0.09,0.09,0.09326,1776224901000
1776224903.269,203.269,0.8,16.3,0.79,33.7,0.89,25.47,0.9,27.78,0.11,25.47,0.1,27.78,0.2,16.3,0.21,33.7,0.09,0.09,0.09326,1776224902000
1776224904.088,204.088,0.83,18.39,0.82,30.6,0.9,12.44,0.91,31.7,0.11,25.47,0.1,27.78,0.2,16.3,0.21,33.7,0.07,0.09,0.09326,1776224902000
1776224904.38,204.38,0.83,18.39,0.82,30.6,0.9,12.44,0.91,31.7,0.1,12.44,0.09,31.7,0.17,18.39,0.18,30.6,0.07,0.07,0.09326,1776224903000
1776224904.912,204.912,0.83,18.39,0.82,30.6,0.9,12.44,0.91,31.7,0.1,12.44,0.09,31.7,0.17,18.39,0.18,30.6,0.07,0.07,0.09326,1776224904000
1776224905.976,205.976,0.83,18.39,0.82,30.6,0.9,12.44,0.91,31.7,0.1,12.44,0.09,31.7,0.17,18.39,0.18,30.6,0.07,0.07,0.09326,1776224905000
1776224907.139,207.139,0.83,18.39,0.82,30.6,0.9,12.44,0.91,31.7,0.1,12.44,0.09,31.7,0.17,18.39,0.18,30.6,0.07,0.07,0.09326,1776224906000
1776224908.208,208.208,0.83,18.39,0.82,30.6,0.9,12.44,0.91,31.7,0.1,12.44,0.09,31.7,0.17,18.39,0.18,30.6,0.07,0.07,0.093261,1776224907000
1776224909.253,209.253,0.83,18.39,0.82,30.6,0.9,12.44,0.91,31.7,0.1,12.44,0.09,31.7,0.17,18.39,0.18,30.6,0.07,0.07,0.09326,1776224908000
1776224910.415,210.415,0.83,18.39,0.82,30.6,0.9,12.44,0.91,31.7,0.1,12.44,0.09,31.7,0.17,18.39,0.18,30.6,0.07,0.07,0.09326,1776224909000
1776224910.94,210.94,0.83,18.39,0.82,30.6,0.9,12.44,0.91,31.7,0.1,12.44,0.09,31.7,0.17,18.39,0.18,30.6,0.07,0.07,0.09326,1776224910000
1776224912.019,212.019,0.83,18.39,0.82,30.6,0.9,12.44,0.91,31.7,0.1,12.44,0.09,31.7,0.17,18.39,0.18,30.6,0.07,0.07,0.09326,1776224911000
1776224913.608,213.608,0.83,18.39,0.82,30.6,0.9,12.44,0.91,31.7,0.1,12.44,0.09,31.7,0.17,18.39,0.18,30.6,0.07,0.07,0.09326,1776224912000
1776224914.125,214.125,0.83,18.39,0.82,30.6,0.9,12.44,0.91,31.7,0.1,12.44,0.09,31.7,0.17,18.39,0.18,30.6,0.07,0.07,0.09326,1776224913000
1776224915.115,215.115,0.83,18.39,0.82,30.6,0.9,12.44,0.91,31.7,0.1,12.44,0.09,31.7,0.17,18.39,0.18,30.6,0.07,0.07,0.09326,1776224914000
1776224916.211,216.211,0.83,18.39,0.82,30.6,0.9,12.44,0.91,31.7,0.1,12.44,0.09,31.7,0.17,18.39,0.18,30.6,0.07,0.07,0.093259,1776224915000
1776224917.195,217.195,0.83,18.39,0.82,30.6,0.9,12.44,0.91,31.7,0.1,12.44,0.09,31.7,0.17,18.39,0.18,30.6,0.07,0.07,0.09326,1776224916000
1776224918.387,218.387,0.83,18.39,0.82,30.6,0.9,12.44,0.91,31.7,0.1,12.44,0.09,31.7,0.17,18.39,0.18,30.6,0.07,0.07,0.093262,1776224917000
1776224919.294,219.294,0.83,18.39,0.82,30.6,0.9,12.44,0.91,31.7,0.1,12.44,0.09,31.7,0.17,18.39,0.18,30.6,0.07,0.07,0.093262,1776224918000
1776224920.314,220.314,0.83,18.39,0.82,30.6,0.9,12.44,0.91,31.7,0.1,12.44,0.09,31.7,0.17,18.39,0.18,30.6,0.07,0.07,0.093262,1776224919000
1776224920.83,220.83,0.83,18.39,0.82,30.6,0.9,12.44,0.91,31.7,0.1,12.44,0.09,31.7,0.17,18.39,0.18,30.6,0.07,0.07,0.093262,1776224920000
1776224921.946,221.946,0.83,18.39,0.82,30.6,0.9,12.44,0.91,31.7,0.1,12.44,0.09,31.7,0.17,18.39,0.18,30.6,0.07,0.07,0.093262,1776224921000
1776224922.984,222.984,0.83,18.39,0.82,30.6,0.9,12.44,0.91,31.7,0.1,12.44,0.09,31.7,0.17,18.39,0.18,30.6,0.07,0.07,0.093262,1776224922000
1776224924.02,224.02,0.83,18.39,0.82,30.6,0.9,12.44,0.91,31.7,0.1,12.44,0.09,31.7,0.17,18.39,0.18,30.6,0.07,0.07,0.093263,1776224923000
1776224924.969,224.969,0.83,18.39,0.82,30.6,0.9,12.44,0.91,31.7,0.1,12.44,0.09,31.7,0.17,18.39,0.18,30.6,0.07,0.07,0.093263,1776224924000
1776224925.988,225.988,0.83,18.39,0.82,30.6,0.9,12.44,0.91,31.7,0.1,12.44,0.09,31.7,0.17,18.39,0.18,30.6,0.07,0.07,0.093263,1776224925000
1776224927.137,227.137,0.83,18.39,0.82,30.6,0.9,12.44,0.91,31.7,0.1,12.44,0.09,31.7,0.17,18.39,0.18,30.6,0.07,0.07,0.093262,1776224926000
1776224928.468,228.468,0.83,18.39,0.82,30.6,0.9,12.44,0.91,31.7,0.1,12.44,0.09,31.7,0.17,18.39,0.18,30.6,0.07,0.07,0.093262,1776224927000
1776224929.026,229.026,0.83,18.39,0.82,30.6,0.9,12.44,0.91,31.7,0.1,12.44,0.09,31.7,0.17,18.39,0.18,30.6,0.07,0.07,0.093262,1776224928000
1776224930.158,230.158,0.83,18.39,0.82,30.6,0.9,12.44,0.91,31.7,0.1,12.44,0.09,31.7,0.17,18.39,0.18,30.6,0.07,0.07,0.093263,1776224929000
1776224931.462,231.462,0.83,18.39,0.82,30.6,0.9,12.44,0.91,31.7,0.1,12.44,0.09,31.7,0.17,18.39,0.18,30.6,0.07,0.07,0.093264,1776224930000
1776224932.142,232.142,0.83,18.39,0.82,30.6,0.9,12.44,0.91,31.7,0.1,12.44,0.09,31.7,0.17,18.39,0.18,30.6,0.07,0.07,0.093265,1776224931000
1776224933.274,233.274,0.83,18.39,0.82,30.6,0.9,12.44,0.91,31.7,0.1,12.44,0.09,31.7,0.17,18.39,0.18,30.6,0.07,0.07,0.093265,1776224932000
1776224934.157,234.157,0.83,18.39,0.82,30.6,0.9,12.44,0.91,31.7,0.1,12.44,0.09,31.7,0.17,18.39,0.18,30.6,0.07,0.07,0.093265,1776224933000
1776224935.634,235.634,0.83,18.39,0.82,30.6,0.9,12.44,0.91,31.7,0.1,12.44,0.09,31.7,0.17,18.39,0.18,30.6,0.07,0.07,0.093265,1776224934000
1776224935.927,235.927,0.88,35.6,0.87,23.0,0.93,194.62,0.94,46.1,0.1,12.44,0.09,31.7,0.17,18.39,0.18,30.6,0.05,0.07,0.093265,1776224934000
1776224936.42,236.42,0.88,35.6,0.87,23.0,0.93,194.62,0.94,46.1,0.07,194.62,0.06,46.1,0.12,35.6,0.13,23.0,0.05,0.05,0.093265,1776224935000
1776224937.009,237.009,0.88,35.6,0.87,23.0,0.93,194.62,0.94,46.1,0.07,194.62,0.06,46.1,0.12,35.6,0.13,23.0,0.05,0.05,0.093265,1776224936000
1776224938.384,238.384,0.88,35.6,0.87,23.0,0.93,194.62,0.94,46.1,0.07,194.62,0.06,46.1,0.12,35.6,0.13,23.0,0.05,0.05,0.093265,1776224937000
1776224938.635,238.635,0.89,26.6,0.88,35.6,0.93,189.24,0.94,46.1,0.07,194.62,0.06,46.1,0.12,35.6,0.13,23.0,0.04,0.05,0.093265,1776224937000
1776224939.008,239.008,0.89,26.6,0.88,35.6,0.93,183.86,0.94,46.1,0.07,183.86,0.06,46.1,0.11,26.6,0.12,35.6,0.04,0.04,0.093265,1776224938000
1776224939.269,239.269,0.89,26.6,0.88,35.6,0.93,163.85,0.95,54.7,0.07,183.86,0.06,46.1,0.11,26.6,0.12,35.6,0.04,0.04,0.093265,1776224938000
1776224940.111,240.111,0.89,26.6,0.88,35.6,0.93,163.85,0.95,54.7,0.07,163.85,0.05,54.7,0.11,26.6,0.12,35.6,0.04,0.04,0.093265,1776224939000
1776224940.577,240.577,0.89,26.6,0.88,35.6,0.93,161.69,0.95,54.7,0.07,163.85,0.05,54.7,0.11,26.6,0.12,35.6,0.04,0.04,0.093265,1776224939000
1776224941.228,241.228,0.89,26.6,0.88,35.6,0.93,161.69,0.95,54.7,0.07,161.69,0.05,54.7,0.11,26.6,0.12,35.6,0.04,0.04,0.093264,1776224940000
1776224942.17,242.17,0.89,26.6,0.88,35.6,0.93,161.69,0.95,54.7,0.07,161.69,0.05,54.7,0.11,26.6,0.12,35.6,0.04,0.04,0.093264,1776224941000
1776224943.909,243.909,0.89,26.6,0.88,35.6,0.93,161.69,0.95,54.7,0.07,161.69,0.05,54.7,0.11,26.6,0.12,35.6,0.04,0.04,0.093264,1776224942000
1776224944.464,244.464,0.89,26.6,0.88,35.6,0.93,161.69,0.95,54.7,0.07,161.69,0.05,54.7,0.11,26.6,0.12,35.6,0.04,0.04,0.093264,1776224943000
1776224945.074,245.074,0.89,26.6,0.88,35.6,0.93,161.69,0.95,54.7,0.07,161.69,0.05,54.7,0.11,26.6,0.12,35.6,0.04,0.04,0.093265,1776224944000
1776224946.081,246.081,0.95,54.7,0.94,61.1,0.96,2.91,0.98,15.0,0.07,161.69,0.05,54.7,0.11,26.6,0.12,35.6,0.01,0.04,0.093265,1776224944000
1776224947.046,247.046,0.95,54.7,0.94,61.1,0.99,590.51,,,0.01,590.51,,,0.05,54.7,0.06,61.1,0.04,0.04,0.093279,1776224946000
1776224948.284,248.284,0.95,54.7,0.94,61.1,0.99,590.51,,,0.01,590.51,,,0.05,54.7,0.06,61.1,0.04,0.04,0.093278,1776224947000
1776224949.251,249.251,0.95,54.7,0.94,61.1,0.99,590.51,,,0.01,590.51,,,0.05,54.7,0.06,61.1,0.04,0.04,0.093281,1776224948000
1776224949.583,249.583,0.97,94.3,0.96,67.7,0.99,585.45,,,0.01,590.51,,,0.05,54.7,0.06,61.1,0.02,0.04,0.093281,1776224948000
1776224950.17,250.17,0.97,94.3,0.96,67.7,0.99,584.43,,,0.01,585.45,,,0.03,94.3,0.04,67.7,0.02,0.02,0.093281,1776224948000
1776224950.483,250.483,0.97,94.3,0.96,67.7,0.99,584.43,,,0.01,584.43,,,0.03,94.3,0.04,67.7,0.02,0.02,0.093283,1776224949000
1776224951.141,251.141,0.97,94.3,0.96,67.7,0.99,584.43,,,0.01,584.43,,,0.03,94.3,0.04,67.7,0.02,0.02,0.093279,1776224950000
1776224952.548,252.548,0.97,94.3,0.96,67.7,0.99,584.43,,,0.01,584.43,,,0.03,94.3,0.04,67.7,0.02,0.02,0.093279,1776224951000
1776224953.32,253.32,0.97,94.3,0.96,67.7,0.99,584.43,,,0.01,584.43,,,0.03,94.3,0.04,67.7,0.02,0.02,0.093277,1776224952000
1776224954.611,254.611,0.97,94.3,0.96,67.7,0.99,584.43,,,0.01,584.43,,,0.03,94.3,0.04,67.7,0.02,0.02,0.093278,1776224953000
1776224954.824,254.824,0.97,94.3,0.96,67.7,0.99,462.49,,,0.01,584.43,,,0.03,94.3,0.04,67.7,0.02,0.02,0.093278,1776224953000
1776224955.318,255.318,0.97,94.3,0.96,67.7,0.99,462.49,,,0.01,462.49,,,0.03,94.3,0.04,67.7,0.02,0.02,0.093278,1776224954000
1776224956.042,256.042,0.97,94.3,0.96,67.7,0.99,462.49,,,0.01,462.49,,,0.03,94.3,0.04,67.7,0.02,0.02,0.093278,1776224955000
1776224957.218,257.218,0.97,94.3,0.96,67.7,0.99,462.49,,,0.01,462.49,,,0.03,94.3,0.04,67.7,0.02,0.02,0.093277,1776224956000
1776224958.66,258.66,0.97,94.3,0.96,67.7,0.99,462.49,,,0.01,462.49,,,0.03,94.3,0.04,67.7,0.02,0.02,0.093278,1776224957000
1776224959.31,259.31,0.97,94.3,0.96,67.7,0.99,462.49,,,0.01,462.49,,,0.03,94.3,0.04,67.7,0.02,0.02,0.093279,1776224958000
1776224960.089,260.089,0.97,94.3,0.96,67.7,0.99,462.49,,,0.01,462.49,,,0.03,94.3,0.04,67.7,0.02,0.02,0.093279,1776224959000
1776224961.898,261.898,0.97,94.3,0.96,67.7,0.99,462.49,,,0.01,462.49,,,0.03,94.3,0.04,67.7,0.02,0.02,0.093279,1776224960000
1776224962.926,262.926,0.97,94.3,0.96,67.7,0.99,462.49,,,0.01,462.49,,,0.03,94.3,0.04,67.7,0.02,0.02,0.093278,1776224961000
1776224963.649,263.649,0.97,94.3,0.96,67.7,0.99,462.49,,,0.01,462.49,,,0.03,94.3,0.04,67.7,0.02,0.02,0.093277,1776224962000
1776224964.372,264.372,0.97,94.3,0.96,67.7,0.99,462.49,,,0.01,462.49,,,0.03,94.3,0.04,67.7,0.02,0.02,0.093278,1776224963000
1776224965.071,265.071,0.97,94.3,0.96,67.7,0.99,462.49,,,0.01,462.49,,,0.03,94.3,0.04,67.7,0.02,0.02,0.093278,1776224964000
1776224965.676,265.676,0.98,137.69,0.97,94.3,0.99,98.87,,,0.01,462.49,,,0.03,94.3,0.04,67.7,0.01,0.02,0.093278,1776224964000
1776224966.635,266.635,0.98,137.69,0.97,94.3,0.99,98.87,,,0.01,98.87,,,0.02,137.69,0.03,94.3,0.01,0.01,0.093281,1776224965000
1776224967.411,267.411,0.98,137.69,0.97,94.3,0.99,98.87,,,0.01,98.87,,,0.02,137.69,0.03,94.3,0.01,0.01,0.093283,1776224966000
1776224968.098,268.098,0.98,137.69,0.97,94.3,0.99,98.87,,,0.01,98.87,,,0.02,137.69,0.03,94.3,0.01,0.01,0.093283,1776224967000
1776224969.125,269.125,0.98,137.69,0.97,94.3,0.99,78.02,,,0.01,98.87,,,0.02,137.69,0.03,94.3,0.01,0.01,0.093283,1776224967000
1776224969.57,269.57,0.98,137.69,0.97,94.3,0.99,78.02,,,0.01,78.02,,,0.02,137.69,0.03,94.3,0.01,0.01,0.093283,1776224968000
1776224970.195,270.195,0.98,137.69,0.97,94.3,0.99,78.02,,,0.01,78.02,,,0.02,137.69,0.03,94.3,0.01,0.01,0.093283,1776224969000
1776224971.738,271.738,0.98,132.69,0.97,89.3,0.99,72.02,,,0.01,78.02,,,0.02,137.69,0.03,94.3,0.01,0.01,0.093283,1776224969000
1776224972.091,272.091,0.98,132.69,0.97,89.3,0.99,72.02,,,0.01,72.02,,,0.02,132.69,0.03,89.3,0.01,0.01,0.093283,1776224970000
1776224972.315,272.315,0.98,132.69,0.97,89.3,0.99,72.02,,,0.01,72.02,,,0.02,132.69,0.03,89.3,0.01,0.01,0.093283,1776224971000
1776224973.124,273.124,0.98,132.69,0.97,89.3,0.99,72.02,,,0.01,72.02,,,0.02,132.69,0.03,89.3,0.01,0.01,0.093283,1776224972000
1776224973.992,273.992,0.98,137.69,0.97,89.3,0.99,71.0,,,0.01,72.02,,,0.02,132.69,0.03,89.3,0.01,0.01,0.093283,1776224972000
1776224974.598,274.598,0.98,137.69,0.97,89.3,0.99,71.0,,,0.01,71.0,,,0.02,137.69,0.03,89.3,0.01,0.01,0.093283,1776224973000
1776224975.247,275.247,0.98,137.69,0.97,89.3,0.99,71.0,,,0.01,71.0,,,0.02,137.69,0.03,89.3,0.01,0.01,0.093283,1776224974000
1776224976.692,276.692,0.98,5.0,0.95,5.0,0.99,60.89,,,0.01,60.89,,,0.02,5.0,0.05,5.0,0.01,0.01,0.093281,1776224975000
1776224977.398,277.398,0.98,5.0,0.95,5.0,0.99,60.89,,,0.01,60.89,,,0.02,5.0,0.05,5.0,0.01,0.01,0.093281,1776224976000
1776224978.149,278.149,0.98,5.0,0.95,5.0,0.99,60.89,,,0.01,60.89,,,0.02,5.0,0.05,5.0,0.01,0.01,0.093279,1776224977000
1776224978.796,278.796,0.99,444.11,0.98,5.0,,,,,0.01,60.89,,,0.02,5.0,0.05,5.0,,0.01,0.093279,1776224977000
1776224979.635,279.635,0.99,444.11,0.98,5.0,,,,,,,,,0.01,444.11,0.02,5.0,,,0.093279,1776224978000
1776224980.874,280.874,0.98,5.0,0.95,5.0,0.99,95.0,,,,,,,0.01,444.11,0.02,5.0,0.01,,0.093279,1776224978000
1776224981.336,281.336,0.98,5.0,0.95,5.0,0.99,84.9,,,0.01,95.0,,,0.02,5.0,0.05,5.0,0.01,0.01,0.09328,1776224979000
1776224981.908,281.908,0.98,5.0,0.95,5.0,0.99,84.9,,,0.01,84.9,,,0.02,5.0,0.05,5.0,0.01,0.01,0.09328,1776224981000
1776224983.08,283.08,0.98,5.0,0.95,5.0,0.99,84.9,,,0.01,84.9,,,0.02,5.0,0.05,5.0,0.01,0.01,0.093263,1776224982000
1776224984.417,284.417,0.98,5.0,0.95,5.0,0.99,25.9,,,0.01,38.9,,,0.02,5.0,0.05,5.0,0.01,0.01,0.093263,1776224982000
1776224985.045,285.045,0.98,5.0,0.95,5.0,0.99,25.9,,,0.01,25.9,,,0.02,5.0,0.05,5.0,0.01,0.01,0.093266,1776224984000
1776224986.003,286.003,0.98,5.0,0.95,5.0,0.99,15.79,,,0.01,25.9,,,0.02,5.0,0.05,5.0,0.01,0.01,0.093266,1776224984000
1776224986.309,286.309,0.98,5.0,0.95,5.0,0.99,15.79,,,0.01,15.79,,,0.02,5.0,0.05,5.0,0.01,0.01,0.093281,1776224985000
1776224986.814,286.814,0.98,5.0,0.95,5.0,0.99,13.77,,,0.01,15.79,,,0.02,5.0,0.05,5.0,0.01,0.01,0.093281,1776224985000
1776224987.589,287.589,0.98,5.0,0.95,5.0,0.99,13.77,,,0.01,13.77,,,0.02,5.0,0.05,5.0,0.01,0.01,0.093278,1776224986000
1776224988.166,288.166,0.98,5.0,0.95,5.0,0.99,13.77,,,0.01,13.77,,,0.02,5.0,0.05,5.0,0.01,0.01,0.093278,1776224987000
1776224989.362,289.362,0.98,5.0,0.95,5.0,0.99,13.77,,,0.01,13.77,,,0.02,5.0,0.05,5.0,0.01,0.01,0.09327,1776224988000
1776224989.953,289.953,0.98,5.0,0.95,5.0,0.99,13.77,,,0.01,13.77,,,0.02,5.0,0.05,5.0,0.01,0.01,0.093266,1776224989000
1776224990.614,290.614,0.98,10.11,0.95,5.0,0.99,11.34,,,0.01,13.77,,,0.02,5.0,0.05,5.0,0.01,0.01,0.093266,1776224989000
1776224991.096,291.096,0.99,511.66,0.98,10.11,,,,,0.01,11.34,,,0.02,10.11,0.05,5.0,,0.01,0.093266,1776224989000
1776224992.488,292.488,0.99,511.66,0.98,10.11,,,,,,,,,0.01,511.66,0.02,10.11,,,0.093267,1776224991000
1776224993.11,293.11,0.99,511.66,0.98,10.11,,,,,,,,,0.01,511.66,0.02,10.11,,,0.093267,1776224992000
1776224994.407,294.407,0.99,511.45,0.98,10.11,,,,,,,,,0.01,511.45,0.02,10.11,,,0.093267,1776224993000
1776224995.067,295.067,0.99,511.45,0.98,10.11,,,,,,,,,0.01,511.45,0.02,10.11,,,0.093267,1776224994000
1776224996.864,296.864,0.99,511.45,0.98,10.11,,,,,,,,,0.01,511.45,0.02,10.11,,,0.093267,1776224995000
1776224997.574,297.574,0.99,511.45,0.98,10.11,,,,,,,,,0.01,511.45,0.02,10.11,,,0.093267,1776224996000
1776224998.395,298.395,0.99,511.45,0.98,10.11,,,,,,,,,0.01,511.45,0.02,10.11,,,0.093267,1776224997000
1776224999.57,299.57,0.99,511.45,0.98,10.11,,,,,,,,,0.01,511.45,0.02,10.11,,,0.093266,1776224998000
1776225000.338,300.338,0.99,511.45,0.98,10.11,,,,,,,,,0.01,511.45,0.02,10.11,,,0.093267,1776224999000

# RESULT,winner=Up,slug=doge-updown-5m-1776224700,ticks=326
