timestamp,elapsed_sec,up_bid_p1,up_bid_s1,up_bid_p2,up_bid_s2,up_bid_p3,up_bid_s3,up_bid_p4,up_bid_s4,up_bid_p5,up_bid_s5,up_ask_p1,up_ask_s1,up_ask_p2,up_ask_s2,up_ask_p3,up_ask_s3,up_ask_p4,up_ask_s4,up_ask_p5,up_ask_s5,down_bid_p1,down_bid_s1,down_bid_p2,down_bid_s2,down_bid_p3,down_bid_s3,down_bid_p4,down_bid_s4,down_bid_p5,down_bid_s5,down_ask_p1,down_ask_s1,down_ask_p2,down_ask_s2,down_ask_p3,down_ask_s3,down_ask_p4,down_ask_s4,down_ask_p5,down_ask_s5,up_spread,down_spread,doge_price,doge_oracle_ts
1776168311.296,11.296,,,,,,,,,,,,,,,,,,,,,,,,,,,,,,,,,,,,,,,,,,,0.094321,1776168310000
1776168311.943,11.943,0.45,5.0,0.43,10.0,0.35,29.0,0.34,10.0,0.33,20.0,0.54,10.0,0.55,5.0,0.56,11.0,0.59,10.0,0.6,10.0,0.46,10.0,0.45,5.0,0.44,11.0,0.41,10.0,0.4,10.0,0.55,5.0,0.57,10.0,0.65,29.0,0.66,10.0,0.67,20.0,0.09,0.09,0.094321,1776168310000
1776168312.5,12.5,0.45,5.0,0.43,10.0,0.35,29.0,0.34,10.0,0.33,20.0,0.54,10.0,0.55,5.0,0.56,11.0,0.59,10.0,0.6,10.0,0.46,10.0,0.45,5.0,0.44,11.0,0.41,10.0,0.4,10.0,0.55,5.0,0.57,10.0,0.65,29.0,0.66,10.0,0.67,20.0,0.09,0.09,0.09432,1776168311000
1776168313.579,13.579,0.45,5.0,0.43,10.0,0.35,29.0,0.34,10.0,0.33,20.0,0.54,10.0,0.55,5.0,0.56,11.0,0.59,10.0,0.6,10.0,0.46,10.0,0.45,5.0,0.44,11.0,0.41,10.0,0.4,10.0,0.55,5.0,0.57,10.0,0.65,29.0,0.66,10.0,0.67,20.0,0.09,0.09,0.09432,1776168312000
1776168314.73,14.73,0.45,5.0,0.43,10.0,0.35,29.0,0.34,10.0,0.33,20.0,0.54,10.0,0.55,5.0,0.56,11.0,0.59,10.0,0.6,10.0,0.46,10.0,0.45,5.0,0.44,11.0,0.41,10.0,0.4,10.0,0.55,5.0,0.57,10.0,0.65,29.0,0.66,10.0,0.67,20.0,0.09,0.09,0.094318,1776168313000
1776168315.604,15.604,0.45,5.0,0.43,10.0,0.35,29.0,0.34,10.0,0.33,20.0,0.54,10.0,0.55,5.0,0.56,11.0,0.59,10.0,0.6,10.0,0.46,10.0,0.45,5.0,0.44,11.0,0.41,10.0,0.4,10.0,0.55,5.0,0.57,10.0,0.65,29.0,0.66,10.0,0.67,20.0,0.09,0.09,0.094319,1776168314000
1776168316.285,16.285,0.45,5.0,0.43,10.0,0.35,29.0,0.34,10.0,0.33,20.0,0.54,10.0,0.55,5.0,0.56,11.0,0.59,10.0,0.6,10.0,0.46,10.0,0.45,5.0,0.44,11.0,0.41,10.0,0.4,10.0,0.55,5.0,0.57,10.0,0.65,29.0,0.66,10.0,0.67,20.0,0.09,0.09,0.094319,1776168315000
1776168318.086,18.086,0.45,5.0,0.43,10.0,0.35,29.0,0.34,10.0,0.33,20.0,0.54,10.0,0.55,5.0,0.56,11.0,0.59,10.0,0.6,10.0,0.46,10.0,0.45,5.0,0.44,11.0,0.41,10.0,0.4,10.0,0.55,5.0,0.57,10.0,0.65,29.0,0.66,10.0,0.67,20.0,0.09,0.09,0.094319,1776168316000
1776168318.739,18.739,0.45,5.0,0.43,10.0,0.35,29.0,0.34,10.0,0.33,20.0,0.54,10.0,0.55,5.0,0.56,11.0,0.59,10.0,0.6,10.0,0.46,10.0,0.45,5.0,0.44,11.0,0.41,10.0,0.4,10.0,0.55,5.0,0.57,10.0,0.65,29.0,0.66,10.0,0.67,20.0,0.09,0.09,0.094319,1776168317000
1776168319.546,19.546,0.45,5.0,0.43,10.0,0.35,29.0,0.34,10.0,0.33,20.0,0.54,10.0,0.55,5.0,0.56,11.0,0.59,10.0,0.6,10.0,0.46,10.0,0.45,5.0,0.44,11.0,0.41,10.0,0.4,10.0,0.55,5.0,0.57,10.0,0.65,29.0,0.66,10.0,0.67,20.0,0.09,0.09,0.094315,1776168318000
1776168320.18,20.18,0.45,5.0,0.43,10.0,0.35,29.0,0.34,10.0,0.33,20.0,0.54,10.0,0.55,5.0,0.56,11.0,0.59,10.0,0.6,10.0,0.46,10.0,0.45,5.0,0.44,11.0,0.41,10.0,0.4,10.0,0.55,5.0,0.57,10.0,0.65,29.0,0.66,10.0,0.67,20.0,0.09,0.09,0.094315,1776168319000
1776168321.889,21.889,0.45,5.0,0.43,10.0,0.35,29.0,0.34,10.0,0.33,20.0,0.54,10.0,0.55,5.0,0.56,11.0,0.59,10.0,0.6,10.0,0.46,10.0,0.45,5.0,0.44,11.0,0.41,10.0,0.4,10.0,0.55,5.0,0.57,10.0,0.65,29.0,0.66,10.0,0.67,20.0,0.09,0.09,0.094315,1776168320000
1776168322.541,22.541,0.4,12.0,0.36,5.0,0.35,10.0,0.22,5.0,0.21,50.0,0.47,10.0,0.51,50.0,0.55,5.0,0.6,10.0,0.61,62.0,0.46,10.0,0.45,5.0,0.44,11.0,0.41,10.0,0.4,10.0,0.55,5.0,0.57,10.0,0.65,29.0,0.66,10.0,0.67,20.0,0.07,0.09,0.094315,1776168320000
1776168322.885,22.885,0.35,5.0,0.34,5.0,0.33,5.0,0.22,5.0,0.21,50.0,0.44,5.0,0.45,5.0,0.51,50.0,0.55,5.0,0.59,10.0,0.53,10.0,0.49,50.0,0.45,5.0,0.4,10.0,0.39,62.0,0.6,12.0,0.64,5.0,0.65,10.0,0.78,5.0,0.79,50.0,0.09,0.07,0.094319,1776168321000
1776168323.315,23.315,0.35,5.0,0.34,5.0,0.33,5.0,0.22,5.0,0.21,50.0,0.44,5.0,0.45,5.0,0.51,50.0,0.55,5.0,0.59,10.0,0.56,5.0,0.55,5.0,0.49,50.0,0.45,5.0,0.41,10.0,0.65,5.0,0.66,5.0,0.67,5.0,0.78,5.0,0.79,50.0,0.09,0.09,0.094326,1776168322000
1776168323.55,23.55,0.35,5.0,0.31,10.0,0.27,10.0,0.21,50.0,0.2,25.0,0.42,12.76,0.43,10.0,0.44,10.0,0.45,10.0,0.46,10.0,0.56,5.0,0.55,5.0,0.49,50.0,0.45,5.0,0.41,10.0,0.65,5.0,0.66,5.0,0.67,5.0,0.78,5.0,0.79,50.0,0.07,0.09,0.094326,1776168322000
1776168324.089,24.089,0.35,5.0,0.31,10.0,0.27,10.0,0.21,50.0,0.2,25.0,0.42,12.76,0.43,10.0,0.44,10.0,0.45,10.0,0.46,10.0,0.58,12.76,0.57,10.0,0.56,10.0,0.55,10.0,0.54,10.0,0.65,5.0,0.69,10.0,0.73,10.0,0.79,50.0,0.8,25.0,0.07,0.07,0.094323,1776168323000
1776168325.632,25.632,0.35,5.0,0.31,10.0,0.27,10.0,0.21,50.0,0.2,25.0,0.42,12.76,0.43,10.0,0.44,10.0,0.45,10.0,0.46,10.0,0.58,12.76,0.57,10.0,0.56,10.0,0.55,10.0,0.54,10.0,0.65,5.0,0.69,10.0,0.73,10.0,0.79,50.0,0.8,25.0,0.07,0.07,0.094279,1776168324000
1776168326.424,26.424,0.35,5.0,0.31,10.0,0.27,10.0,0.21,50.0,0.2,25.0,0.42,12.76,0.43,10.0,0.44,10.0,0.45,10.0,0.46,10.0,0.58,12.76,0.57,10.0,0.56,10.0,0.55,10.0,0.54,10.0,0.65,5.0,0.69,10.0,0.73,10.0,0.79,50.0,0.8,25.0,0.07,0.07,0.094272,1776168325000
1776168327.302,27.302,0.35,5.0,0.31,10.0,0.27,10.0,0.21,50.0,0.2,25.0,0.42,12.76,0.43,10.0,0.44,10.0,0.45,10.0,0.46,10.0,0.58,12.76,0.57,10.0,0.56,10.0,0.55,10.0,0.54,10.0,0.65,5.0,0.69,10.0,0.73,10.0,0.79,50.0,0.8,25.0,0.07,0.07,0.094272,1776168326000
1776168327.625,27.625,0.27,5.0,0.26,5.0,0.25,10.0,0.19,26.0,0.15,10.0,0.37,5.0,0.38,5.0,0.39,10.0,0.4,10.0,0.41,60.0,0.58,12.76,0.57,10.0,0.56,10.0,0.55,10.0,0.54,10.0,0.65,5.0,0.69,10.0,0.73,10.0,0.79,50.0,0.8,25.0,0.1,0.07,0.094272,1776168326000
1776168328.692,28.692,0.27,5.0,0.26,5.0,0.25,10.0,0.19,26.0,0.15,10.0,0.37,5.0,0.38,5.0,0.39,10.0,0.4,10.0,0.41,60.0,0.63,5.0,0.62,5.0,0.61,10.0,0.6,10.0,0.59,60.0,0.73,5.0,0.74,5.0,0.75,10.0,0.81,26.0,0.85,10.0,0.1,0.1,0.094272,1776168327000
1776168329.473,29.473,0.27,5.0,0.26,5.0,0.25,10.0,0.19,26.0,0.15,10.0,0.37,5.0,0.38,5.0,0.39,10.0,0.4,10.0,0.41,60.0,0.63,5.0,0.62,5.0,0.61,10.0,0.6,10.0,0.59,60.0,0.73,5.0,0.74,5.0,0.75,10.0,0.81,26.0,0.85,10.0,0.1,0.1,0.094264,1776168328000
1776168330.195,30.195,0.27,5.0,0.26,5.0,0.25,10.0,0.19,26.0,0.15,10.0,0.37,5.0,0.38,5.0,0.39,10.0,0.4,10.0,0.41,60.0,0.63,5.0,0.62,5.0,0.61,10.0,0.6,10.0,0.59,60.0,0.73,5.0,0.74,5.0,0.75,10.0,0.81,26.0,0.85,10.0,0.1,0.1,0.094259,1776168329000
1776168331.745,31.745,0.27,5.0,0.26,5.0,0.25,10.0,0.19,26.0,0.15,10.0,0.37,5.0,0.38,5.0,0.39,10.0,0.4,10.0,0.41,60.0,0.63,5.0,0.62,5.0,0.61,10.0,0.6,10.0,0.59,60.0,0.73,5.0,0.74,5.0,0.75,10.0,0.81,26.0,0.85,10.0,0.1,0.1,0.094263,1776168330000
1776168332.529,32.529,0.27,5.0,0.26,5.0,0.25,10.0,0.19,26.0,0.15,10.0,0.37,5.0,0.38,5.0,0.39,10.0,0.4,10.0,0.41,60.0,0.63,5.0,0.62,5.0,0.61,10.0,0.6,10.0,0.59,60.0,0.73,5.0,0.74,5.0,0.75,10.0,0.81,26.0,0.85,10.0,0.1,0.1,0.094263,1776168331000
1776168333.73,33.73,0.27,5.0,0.26,5.0,0.25,10.0,0.19,26.0,0.15,10.0,0.37,5.0,0.38,5.0,0.39,10.0,0.4,10.0,0.41,60.0,0.63,5.0,0.62,5.0,0.61,10.0,0.6,10.0,0.59,60.0,0.73,5.0,0.74,5.0,0.75,10.0,0.81,26.0,0.85,10.0,0.1,0.1,0.094263,1776168332000
1776168334.186,34.186,0.27,5.0,0.26,5.0,0.25,10.0,0.19,26.0,0.15,10.0,0.37,5.0,0.38,5.0,0.39,10.0,0.4,10.0,0.41,60.0,0.63,5.0,0.62,5.0,0.61,10.0,0.6,10.0,0.59,60.0,0.73,5.0,0.74,5.0,0.75,10.0,0.81,26.0,0.85,10.0,0.1,0.1,0.094262,1776168333000
1776168335.49,35.49,0.27,5.0,0.26,5.0,0.25,10.0,0.19,26.0,0.15,10.0,0.37,5.0,0.38,5.0,0.39,10.0,0.4,10.0,0.41,60.0,0.63,5.0,0.62,5.0,0.61,10.0,0.6,10.0,0.59,60.0,0.73,5.0,0.74,5.0,0.75,10.0,0.81,26.0,0.85,10.0,0.1,0.1,0.094263,1776168334000
1776168335.995,35.995,0.27,5.0,0.26,5.0,0.25,10.0,0.19,26.0,0.15,10.0,0.37,5.0,0.38,5.0,0.39,10.0,0.4,10.0,0.41,60.0,0.63,5.0,0.62,5.0,0.61,10.0,0.6,10.0,0.59,60.0,0.73,5.0,0.74,5.0,0.75,10.0,0.81,26.0,0.85,10.0,0.1,0.1,0.094263,1776168335000
1776168337.177,37.177,0.27,5.0,0.26,5.0,0.25,10.0,0.19,26.0,0.15,10.0,0.37,5.0,0.38,5.0,0.39,10.0,0.4,10.0,0.41,60.0,0.63,5.0,0.62,5.0,0.61,10.0,0.6,10.0,0.59,60.0,0.73,5.0,0.74,5.0,0.75,10.0,0.81,26.0,0.85,10.0,0.1,0.1,0.094262,1776168336000
1776168338.354,38.354,0.27,5.0,0.26,5.0,0.25,10.0,0.19,26.0,0.15,10.0,0.37,5.0,0.38,5.0,0.39,10.0,0.4,10.0,0.41,60.0,0.63,5.0,0.62,5.0,0.61,10.0,0.6,10.0,0.59,60.0,0.73,5.0,0.74,5.0,0.75,10.0,0.81,26.0,0.85,10.0,0.1,0.1,0.094262,1776168337000
1776168339.06,39.06,0.27,5.0,0.26,5.0,0.25,10.0,0.19,26.0,0.15,10.0,0.37,5.0,0.38,5.0,0.39,10.0,0.4,10.0,0.41,60.0,0.63,5.0,0.62,5.0,0.61,10.0,0.6,10.0,0.59,60.0,0.73,5.0,0.74,5.0,0.75,10.0,0.81,26.0,0.85,10.0,0.1,0.1,0.094263,1776168338000
1776168339.989,39.989,0.29,10.0,0.21,50.0,0.19,26.0,0.14,10.0,0.13,10.0,0.3,7.0,0.4,10.0,0.41,10.0,0.42,28.0,0.51,50.0,0.63,5.0,0.62,5.0,0.61,10.0,0.6,10.0,0.59,60.0,0.73,5.0,0.74,5.0,0.75,10.0,0.81,26.0,0.85,10.0,0.01,0.1,0.094263,1776168338000
1776168340.236,40.236,0.29,10.0,0.21,50.0,0.19,26.0,0.14,10.0,0.13,10.0,0.3,7.0,0.4,10.0,0.41,10.0,0.42,28.0,0.51,50.0,0.7,7.0,0.6,10.0,0.59,10.0,0.58,28.0,0.49,50.0,0.71,10.0,0.79,50.0,0.81,26.0,0.86,10.0,0.87,10.0,0.01,0.01,0.094265,1776168339000
1776168341.42,41.42,0.29,10.0,0.21,50.0,0.19,26.0,0.14,10.0,0.13,10.0,0.3,7.0,0.4,10.0,0.41,10.0,0.42,28.0,0.51,50.0,0.7,7.0,0.6,10.0,0.59,10.0,0.58,28.0,0.49,50.0,0.71,10.0,0.79,50.0,0.81,26.0,0.86,10.0,0.87,10.0,0.01,0.01,0.094265,1776168340000
1776168342.244,42.244,0.29,10.0,0.21,50.0,0.19,26.0,0.14,10.0,0.13,10.0,0.3,7.0,0.4,10.0,0.41,10.0,0.42,28.0,0.51,50.0,0.7,7.0,0.6,10.0,0.59,10.0,0.58,28.0,0.49,50.0,0.71,10.0,0.79,50.0,0.81,26.0,0.86,10.0,0.87,10.0,0.01,0.01,0.094274,1776168341000
1776168343.347,43.347,0.29,10.0,0.21,50.0,0.19,26.0,0.14,10.0,0.13,10.0,0.3,7.0,0.4,10.0,0.41,10.0,0.42,28.0,0.51,50.0,0.7,7.0,0.6,10.0,0.59,10.0,0.58,28.0,0.49,50.0,0.71,10.0,0.79,50.0,0.81,26.0,0.86,10.0,0.87,10.0,0.01,0.01,0.094274,1776168342000
1776168344.049,44.049,0.29,10.0,0.21,50.0,0.19,26.0,0.14,10.0,0.13,10.0,0.3,7.0,0.4,10.0,0.41,10.0,0.42,28.0,0.51,50.0,0.7,7.0,0.6,10.0,0.59,10.0,0.58,28.0,0.49,50.0,0.71,10.0,0.79,50.0,0.81,26.0,0.86,10.0,0.87,10.0,0.01,0.01,0.094274,1776168343000
1776168345.24,45.24,0.29,10.0,0.21,50.0,0.19,26.0,0.14,10.0,0.13,10.0,0.3,7.0,0.4,10.0,0.41,10.0,0.42,28.0,0.51,50.0,0.7,7.0,0.6,10.0,0.59,10.0,0.58,28.0,0.49,50.0,0.71,10.0,0.79,50.0,0.81,26.0,0.86,10.0,0.87,10.0,0.01,0.01,0.094274,1776168344000
1776168346.434,46.434,0.29,10.0,0.21,50.0,0.19,26.0,0.14,10.0,0.13,10.0,0.3,7.0,0.4,10.0,0.41,10.0,0.42,28.0,0.51,50.0,0.7,7.0,0.6,10.0,0.59,10.0,0.58,28.0,0.49,50.0,0.71,10.0,0.79,50.0,0.81,26.0,0.86,10.0,0.87,10.0,0.01,0.01,0.094274,1776168345000
1776168347.002,47.002,0.29,10.0,0.21,50.0,0.19,26.0,0.14,10.0,0.13,10.0,0.3,7.0,0.4,10.0,0.41,10.0,0.42,28.0,0.51,50.0,0.7,7.0,0.6,10.0,0.59,10.0,0.58,28.0,0.49,50.0,0.71,10.0,0.79,50.0,0.81,26.0,0.86,10.0,0.87,10.0,0.01,0.01,0.094274,1776168346000
1776168348.285,48.285,0.29,10.0,0.21,50.0,0.19,26.0,0.14,10.0,0.13,10.0,0.3,7.0,0.4,10.0,0.41,10.0,0.42,28.0,0.51,50.0,0.7,7.0,0.6,10.0,0.59,10.0,0.58,28.0,0.49,50.0,0.71,10.0,0.79,50.0,0.81,26.0,0.86,10.0,0.87,10.0,0.01,0.01,0.094274,1776168347000
1776168349.187,49.187,0.29,10.0,0.21,50.0,0.19,26.0,0.14,10.0,0.13,10.0,0.3,7.0,0.4,10.0,0.41,10.0,0.42,28.0,0.51,50.0,0.7,7.0,0.6,10.0,0.59,10.0,0.58,28.0,0.49,50.0,0.71,10.0,0.79,50.0,0.81,26.0,0.86,10.0,0.87,10.0,0.01,0.01,0.094271,1776168348000
1776168350.402,50.402,0.29,10.0,0.21,50.0,0.19,26.0,0.14,10.0,0.13,10.0,0.3,7.0,0.4,10.0,0.41,10.0,0.42,28.0,0.51,50.0,0.7,7.0,0.6,10.0,0.59,10.0,0.58,28.0,0.49,50.0,0.71,10.0,0.79,50.0,0.81,26.0,0.86,10.0,0.87,10.0,0.01,0.01,0.094269,1776168349000
1776168350.943,50.943,0.29,10.0,0.21,50.0,0.19,26.0,0.14,10.0,0.13,10.0,0.3,7.0,0.4,10.0,0.41,10.0,0.42,28.0,0.51,50.0,0.7,7.0,0.6,10.0,0.59,10.0,0.58,28.0,0.49,50.0,0.71,10.0,0.79,50.0,0.81,26.0,0.86,10.0,0.87,10.0,0.01,0.01,0.094267,1776168350000
1776168352.147,52.147,0.29,10.0,0.21,50.0,0.19,26.0,0.14,10.0,0.13,10.0,0.3,7.0,0.4,10.0,0.41,10.0,0.42,28.0,0.51,50.0,0.7,7.0,0.6,10.0,0.59,10.0,0.58,28.0,0.49,50.0,0.71,10.0,0.79,50.0,0.81,26.0,0.86,10.0,0.87,10.0,0.01,0.01,0.094266,1776168351000
1776168352.597,52.597,0.28,10.0,0.25,10.0,0.23,14.7,0.22,15.2,0.21,15.7,0.3,3.66,0.39,10.0,0.4,18.0,0.41,60.0,0.42,10.0,0.7,7.0,0.6,10.0,0.59,10.0,0.58,28.0,0.49,50.0,0.71,10.0,0.79,50.0,0.81,26.0,0.86,10.0,0.87,10.0,0.02,0.01,0.094266,1776168351000
1776168353.37,53.37,0.28,10.0,0.25,10.0,0.23,14.7,0.22,15.2,0.21,15.7,0.3,3.66,0.39,10.0,0.4,18.0,0.41,60.0,0.42,10.0,0.7,3.66,0.61,10.0,0.6,18.0,0.59,60.0,0.58,10.0,0.72,10.0,0.75,10.0,0.77,14.7,0.78,15.2,0.79,15.7,0.02,0.02,0.094266,1776168352000
1776168354.331,54.331,0.28,10.0,0.25,10.0,0.23,14.7,0.22,15.2,0.21,15.7,0.3,3.66,0.39,10.0,0.4,18.0,0.41,60.0,0.42,10.0,0.7,3.66,0.61,10.0,0.6,18.0,0.59,60.0,0.58,10.0,0.72,10.0,0.75,10.0,0.77,14.7,0.78,15.2,0.79,15.7,0.02,0.02,0.094267,1776168353000
1776168355.478,55.478,0.28,10.0,0.25,10.0,0.23,14.7,0.22,15.2,0.21,15.7,0.3,3.66,0.39,10.0,0.4,18.0,0.41,60.0,0.42,10.0,0.7,3.66,0.61,10.0,0.6,18.0,0.59,60.0,0.58,10.0,0.72,10.0,0.75,10.0,0.77,14.7,0.78,15.2,0.79,15.7,0.02,0.02,0.094267,1776168354000
1776168356.064,56.064,0.28,10.0,0.25,10.0,0.23,14.7,0.22,15.2,0.21,15.7,0.3,3.66,0.39,10.0,0.4,18.0,0.41,60.0,0.42,10.0,0.7,3.66,0.61,10.0,0.6,18.0,0.59,60.0,0.58,10.0,0.72,10.0,0.75,10.0,0.77,14.7,0.78,15.2,0.79,15.7,0.02,0.02,0.094266,1776168355000
1776168357.191,57.191,0.28,10.0,0.25,10.0,0.23,14.7,0.22,15.2,0.21,15.7,0.3,3.66,0.39,10.0,0.4,18.0,0.41,60.0,0.42,10.0,0.7,3.66,0.61,10.0,0.6,18.0,0.59,60.0,0.58,10.0,0.72,10.0,0.75,10.0,0.77,14.7,0.78,15.2,0.79,15.7,0.02,0.02,0.094265,1776168356000
1776168358.202,58.202,0.28,10.0,0.25,10.0,0.23,14.7,0.22,15.2,0.21,15.7,0.3,3.66,0.39,10.0,0.4,18.0,0.41,60.0,0.42,10.0,0.7,3.66,0.61,10.0,0.6,18.0,0.59,60.0,0.58,10.0,0.72,10.0,0.75,10.0,0.77,14.7,0.78,15.2,0.79,15.7,0.02,0.02,0.094265,1776168357000
1776168359.457,59.457,0.28,10.0,0.25,10.0,0.23,14.7,0.22,15.2,0.21,15.7,0.3,3.66,0.39,10.0,0.4,18.0,0.41,60.0,0.42,10.0,0.7,3.66,0.61,10.0,0.6,18.0,0.59,60.0,0.58,10.0,0.72,10.0,0.75,10.0,0.77,14.7,0.78,15.2,0.79,15.7,0.02,0.02,0.094265,1776168358000
1776168359.987,59.987,0.28,10.0,0.25,10.0,0.23,14.7,0.22,15.2,0.21,15.7,0.3,3.66,0.39,10.0,0.4,18.0,0.41,60.0,0.42,10.0,0.7,3.66,0.61,10.0,0.6,18.0,0.59,60.0,0.58,10.0,0.72,10.0,0.75,10.0,0.77,14.7,0.78,15.2,0.79,15.7,0.02,0.02,0.094265,1776168359000
1776168361.198,61.198,0.28,10.0,0.25,10.0,0.23,14.7,0.22,15.2,0.21,15.7,0.3,3.66,0.39,10.0,0.4,18.0,0.41,60.0,0.42,10.0,0.7,3.66,0.61,10.0,0.6,18.0,0.59,60.0,0.58,10.0,0.72,10.0,0.75,10.0,0.77,14.7,0.78,15.2,0.79,15.7,0.02,0.02,0.094266,1776168360000
1776168362.414,62.414,0.28,10.0,0.25,10.0,0.23,14.7,0.22,15.2,0.21,15.7,0.3,3.66,0.39,10.0,0.4,18.0,0.41,60.0,0.42,10.0,0.7,3.66,0.61,10.0,0.6,18.0,0.59,60.0,0.58,10.0,0.72,10.0,0.75,10.0,0.77,14.7,0.78,15.2,0.79,15.7,0.02,0.02,0.094264,1776168361000
1776168362.923,62.923,0.28,10.0,0.25,10.0,0.23,14.7,0.22,15.2,0.21,15.7,0.3,3.66,0.39,10.0,0.4,18.0,0.41,60.0,0.42,10.0,0.7,3.66,0.61,10.0,0.6,18.0,0.59,60.0,0.58,10.0,0.72,10.0,0.75,10.0,0.77,14.7,0.78,15.2,0.79,15.7,0.02,0.02,0.094261,1776168362000
1776168364.386,64.386,0.28,10.0,0.25,10.0,0.23,14.7,0.22,15.2,0.21,15.7,0.3,3.66,0.39,10.0,0.4,18.0,0.41,60.0,0.42,10.0,0.7,3.66,0.61,10.0,0.6,18.0,0.59,60.0,0.58,10.0,0.72,10.0,0.75,10.0,0.77,14.7,0.78,15.2,0.79,15.7,0.02,0.02,0.09427,1776168363000
1776168364.674,64.674,0.31,6.06,0.3,12.4,0.29,12.6,0.28,12.9,0.27,28.2,0.35,7.0,0.39,20.0,0.4,10.0,0.41,60.0,0.42,10.0,0.7,3.66,0.61,10.0,0.6,18.0,0.59,60.0,0.58,10.0,0.72,10.0,0.75,10.0,0.77,14.7,0.78,15.2,0.79,15.7,0.04,0.02,0.09427,1776168363000
1776168365.288,65.288,0.31,6.06,0.3,12.4,0.29,12.6,0.28,12.9,0.27,28.2,0.35,7.0,0.39,20.0,0.4,10.0,0.41,60.0,0.42,10.0,0.65,7.0,0.61,20.0,0.6,10.0,0.59,60.0,0.58,10.0,0.69,6.06,0.7,12.4,0.71,12.6,0.72,12.9,0.73,28.2,0.04,0.04,0.09427,1776168364000
1776168366.234,66.234,0.31,6.06,0.3,12.4,0.29,12.6,0.28,12.9,0.27,28.2,0.35,7.0,0.39,20.0,0.4,10.0,0.41,60.0,0.42,10.0,0.65,7.0,0.61,20.0,0.6,10.0,0.59,60.0,0.58,10.0,0.69,6.06,0.7,12.4,0.71,12.6,0.72,12.9,0.73,28.2,0.04,0.04,0.094262,1776168365000
1776168367.204,67.204,0.31,6.06,0.3,12.4,0.29,12.6,0.28,12.9,0.27,28.2,0.35,7.0,0.39,20.0,0.4,10.0,0.41,60.0,0.42,10.0,0.65,7.0,0.61,20.0,0.6,10.0,0.59,60.0,0.58,10.0,0.69,6.06,0.7,12.4,0.71,12.6,0.72,12.9,0.73,28.2,0.04,0.04,0.094261,1776168366000
1776168368.182,68.182,0.31,6.06,0.3,12.4,0.29,12.6,0.28,12.9,0.27,28.2,0.35,7.0,0.39,20.0,0.4,10.0,0.41,60.0,0.42,10.0,0.65,7.0,0.61,20.0,0.6,10.0,0.59,60.0,0.58,10.0,0.69,6.06,0.7,12.4,0.71,12.6,0.72,12.9,0.73,28.2,0.04,0.04,0.094261,1776168367000
1776168369.073,69.073,0.31,6.06,0.3,12.4,0.29,12.6,0.28,12.9,0.27,28.2,0.35,7.0,0.39,20.0,0.4,10.0,0.41,60.0,0.42,10.0,0.65,7.0,0.61,20.0,0.6,10.0,0.59,60.0,0.58,10.0,0.69,6.06,0.7,12.4,0.71,12.6,0.72,12.9,0.73,28.2,0.04,0.04,0.094262,1776168368000
1776168370.076,70.076,0.31,6.06,0.3,12.4,0.29,12.6,0.28,12.9,0.27,28.2,0.35,7.0,0.39,20.0,0.4,10.0,0.41,60.0,0.42,10.0,0.65,7.0,0.61,20.0,0.6,10.0,0.59,60.0,0.58,10.0,0.69,6.06,0.7,12.4,0.71,12.6,0.72,12.9,0.73,28.2,0.04,0.04,0.09426,1776168369000
1776168371.054,71.054,0.31,6.06,0.3,12.4,0.29,12.6,0.28,12.9,0.27,28.2,0.35,7.0,0.39,20.0,0.4,10.0,0.41,60.0,0.42,10.0,0.65,7.0,0.61,20.0,0.6,10.0,0.59,60.0,0.58,10.0,0.69,6.06,0.7,12.4,0.71,12.6,0.72,12.9,0.73,28.2,0.04,0.04,0.09426,1776168370000
1776168372.118,72.118,0.31,6.06,0.3,12.4,0.29,12.6,0.28,12.9,0.27,28.2,0.35,7.0,0.39,20.0,0.4,10.0,0.41,60.0,0.42,10.0,0.65,7.0,0.61,20.0,0.6,10.0,0.59,60.0,0.58,10.0,0.69,6.06,0.7,12.4,0.71,12.6,0.72,12.9,0.73,28.2,0.04,0.04,0.09426,1776168371000
1776168373.124,73.124,0.31,6.06,0.3,12.4,0.29,12.6,0.28,12.9,0.27,28.2,0.35,7.0,0.39,20.0,0.4,10.0,0.41,60.0,0.42,10.0,0.65,7.0,0.61,20.0,0.6,10.0,0.59,60.0,0.58,10.0,0.69,6.06,0.7,12.4,0.71,12.6,0.72,12.9,0.73,28.2,0.04,0.04,0.094256,1776168372000
1776168374.011,74.011,0.31,6.06,0.3,12.4,0.29,12.6,0.28,12.9,0.27,28.2,0.35,7.0,0.39,20.0,0.4,10.0,0.41,60.0,0.42,10.0,0.65,7.0,0.61,20.0,0.6,10.0,0.59,60.0,0.58,10.0,0.69,6.06,0.7,12.4,0.71,12.6,0.72,12.9,0.73,28.2,0.04,0.04,0.094261,1776168373000
1776168375.056,75.056,0.31,6.06,0.3,12.4,0.29,12.6,0.28,12.9,0.27,28.2,0.35,7.0,0.39,20.0,0.4,10.0,0.41,60.0,0.42,10.0,0.65,7.0,0.61,20.0,0.6,10.0,0.59,60.0,0.58,10.0,0.69,6.06,0.7,12.4,0.71,12.6,0.72,12.9,0.73,28.2,0.04,0.04,0.094257,1776168374000
1776168375.444,75.444,0.2,16.2,0.19,16.89,0.18,17.6,0.17,18.39,0.16,29.3,0.28,10.0,0.29,7.0,0.31,50.0,0.34,10.0,0.41,50.0,0.65,7.0,0.61,20.0,0.6,10.0,0.59,60.0,0.58,10.0,0.69,6.06,0.7,12.4,0.71,12.6,0.72,12.9,0.73,28.2,0.08,0.04,0.094257,1776168374000
1776168376.463,76.463,0.2,16.2,0.19,16.89,0.18,17.6,0.17,18.39,0.16,29.3,0.28,10.0,0.29,7.0,0.31,50.0,0.34,10.0,0.41,50.0,0.72,10.0,0.71,7.0,0.69,50.0,0.66,10.0,0.59,50.0,0.8,16.2,0.81,16.89,0.82,17.6,0.83,18.39,0.84,29.3,0.08,0.08,0.09425,1776168375000
1776168376.806,76.806,0.22,15.2,0.21,15.7,0.2,16.2,0.19,16.89,0.18,17.6,0.25,1.0,0.33,10.0,0.34,10.0,0.35,10.0,0.36,10.0,0.72,10.0,0.71,7.0,0.69,50.0,0.66,10.0,0.59,50.0,0.8,16.2,0.81,16.89,0.82,17.6,0.83,18.39,0.84,29.3,0.03,0.08,0.09425,1776168375000
1776168377.425,77.425,0.22,15.2,0.21,15.7,0.2,26.2,0.19,16.89,0.18,17.6,0.25,1.0,0.35,10.0,0.36,20.0,0.37,10.0,0.41,50.0,0.75,1.0,0.67,10.0,0.66,10.0,0.65,10.0,0.64,10.0,0.78,15.2,0.79,15.7,0.8,16.2,0.81,16.89,0.82,17.6,0.03,0.03,0.094234,1776168376000
1776168377.918,77.918,0.22,15.2,0.21,15.7,0.2,26.2,0.19,16.89,0.18,17.6,0.25,1.0,0.35,10.0,0.36,20.0,0.37,10.0,0.41,50.0,0.75,1.0,0.65,10.0,0.64,20.0,0.63,10.0,0.59,50.0,0.78,15.2,0.79,15.7,0.8,26.2,0.81,16.89,0.82,17.6,0.03,0.03,0.094232,1776168377000
1776168378.774,78.774,0.22,13.91,0.21,15.7,0.2,16.2,0.19,16.89,0.18,17.6,0.24,6.0,0.29,20.0,0.3,10.0,0.31,60.0,0.32,10.0,0.75,1.0,0.65,10.0,0.64,20.0,0.63,10.0,0.59,50.0,0.78,15.2,0.79,15.7,0.8,26.2,0.81,16.89,0.82,17.6,0.02,0.03,0.094232,1776168377000
1776168379.313,79.313,0.22,13.91,0.21,15.7,0.2,16.2,0.19,16.89,0.18,17.6,0.24,6.0,0.29,20.0,0.3,10.0,0.31,60.0,0.32,10.0,0.76,6.0,0.71,20.0,0.7,10.0,0.69,60.0,0.68,10.0,0.78,13.91,0.79,15.7,0.8,16.2,0.81,16.89,0.82,17.6,0.02,0.02,0.09425,1776168378000
1776168380.284,80.284,0.22,13.91,0.21,15.7,0.2,16.2,0.19,16.89,0.18,17.6,0.24,6.0,0.29,20.0,0.3,10.0,0.31,60.0,0.32,10.0,0.76,6.0,0.71,20.0,0.7,10.0,0.69,60.0,0.68,10.0,0.78,13.91,0.79,15.7,0.8,16.2,0.81,16.89,0.82,17.6,0.02,0.02,0.094221,1776168379000
1776168380.512,80.512,0.22,13.91,0.21,15.7,0.2,16.2,0.19,16.89,0.18,17.6,0.24,6.0,0.29,20.0,0.3,10.0,0.31,60.0,0.32,10.0,0.76,6.0,0.71,20.0,0.7,10.0,0.69,60.0,0.68,10.0,0.78,13.91,0.79,15.7,0.8,16.2,0.81,16.89,0.82,17.6,0.02,0.02,0.094221,1776168379000
1776168381.268,81.268,0.22,13.91,0.21,15.7,0.2,16.2,0.19,16.89,0.18,17.6,0.24,6.0,0.29,20.0,0.3,10.0,0.31,60.0,0.32,10.0,0.76,6.0,0.71,20.0,0.7,10.0,0.69,60.0,0.68,10.0,0.78,13.91,0.79,15.7,0.8,16.2,0.81,16.89,0.82,17.6,0.02,0.02,0.094223,1776168380000
1776168382.156,82.156,0.22,13.91,0.21,15.7,0.2,16.2,0.19,16.89,0.18,17.6,0.24,6.0,0.29,20.0,0.3,10.0,0.31,60.0,0.32,10.0,0.76,6.0,0.71,20.0,0.7,10.0,0.69,60.0,0.68,10.0,0.78,13.91,0.79,15.7,0.8,16.2,0.81,16.89,0.82,17.6,0.02,0.02,0.094223,1776168381000
1776168383.12,83.12,0.22,13.91,0.21,15.7,0.2,16.2,0.19,16.89,0.18,17.6,0.24,6.0,0.29,20.0,0.3,10.0,0.31,60.0,0.32,10.0,0.76,6.0,0.71,20.0,0.7,10.0,0.69,60.0,0.68,10.0,0.78,13.91,0.79,15.7,0.8,16.2,0.81,16.89,0.82,17.6,0.02,0.02,0.094223,1776168382000
1776168384.087,84.087,0.22,13.91,0.21,15.7,0.2,16.2,0.19,16.89,0.18,17.6,0.24,6.0,0.29,20.0,0.3,10.0,0.31,60.0,0.32,10.0,0.76,6.0,0.71,20.0,0.7,10.0,0.69,60.0,0.68,10.0,0.78,13.91,0.79,15.7,0.8,16.2,0.81,16.89,0.82,17.6,0.02,0.02,0.094223,1776168383000
1776168384.988,84.988,0.21,15.7,0.2,16.2,0.19,16.89,0.18,17.6,0.17,18.39,0.25,1.0,0.29,20.0,0.3,10.0,0.31,60.0,0.32,10.0,0.76,6.0,0.71,20.0,0.7,10.0,0.69,60.0,0.68,10.0,0.78,13.91,0.79,15.7,0.8,16.2,0.81,16.89,0.82,17.6,0.04,0.02,0.094223,1776168383000
1776168385.996,85.996,0.21,15.7,0.2,16.2,0.19,16.89,0.18,17.6,0.17,18.39,0.25,1.0,0.29,20.0,0.3,10.0,0.31,60.0,0.32,10.0,0.75,1.0,0.71,20.0,0.7,10.0,0.69,60.0,0.68,10.0,0.79,15.7,0.8,16.2,0.81,16.89,0.82,17.6,0.83,18.39,0.04,0.04,0.094223,1776168385000
1776168386.25,86.25,0.21,15.7,0.2,16.2,0.19,16.89,0.18,17.6,0.17,18.39,0.29,18.0,0.3,10.0,0.31,60.0,0.32,10.0,0.33,10.0,0.75,1.0,0.71,20.0,0.7,10.0,0.69,60.0,0.68,10.0,0.79,15.7,0.8,16.2,0.81,16.89,0.82,17.6,0.83,18.39,0.08,0.04,0.094223,1776168385000
1776168386.955,86.955,0.21,15.7,0.2,16.2,0.19,16.89,0.18,17.6,0.17,18.39,0.29,18.0,0.3,10.0,0.31,60.0,0.32,10.0,0.33,10.0,0.71,18.0,0.7,10.0,0.69,60.0,0.68,10.0,0.67,10.0,0.79,15.7,0.8,16.2,0.81,16.89,0.82,17.6,0.83,18.39,0.08,0.08,0.094224,1776168386000
1776168387.892,87.892,0.21,15.7,0.2,16.2,0.19,16.89,0.18,17.6,0.17,18.39,0.29,18.0,0.3,10.0,0.31,60.0,0.32,10.0,0.33,10.0,0.71,18.0,0.7,10.0,0.69,60.0,0.68,10.0,0.67,10.0,0.79,15.7,0.8,16.2,0.81,16.89,0.82,17.6,0.83,18.39,0.08,0.08,0.094225,1776168387000
1776168389.321,89.321,0.21,15.7,0.2,16.2,0.19,16.89,0.18,17.6,0.17,18.39,0.29,18.0,0.3,10.0,0.31,60.0,0.32,10.0,0.33,10.0,0.71,18.0,0.7,10.0,0.69,60.0,0.68,10.0,0.67,10.0,0.79,15.7,0.8,16.2,0.81,16.89,0.82,17.6,0.83,18.39,0.08,0.08,0.094225,1776168388000
1776168390.398,90.398,0.21,15.7,0.2,16.2,0.19,16.89,0.18,17.6,0.17,18.39,0.29,18.0,0.3,10.0,0.31,60.0,0.32,10.0,0.33,10.0,0.71,18.0,0.7,10.0,0.69,60.0,0.68,10.0,0.67,10.0,0.79,15.7,0.8,16.2,0.81,16.89,0.82,17.6,0.83,18.39,0.08,0.08,0.09423,1776168389000
1776168391.329,91.329,0.2,16.2,0.19,16.89,0.18,17.6,0.17,18.39,0.16,19.3,0.29,10.0,0.31,50.0,0.33,10.0,0.36,10.0,0.37,11.2,0.71,18.0,0.7,10.0,0.69,60.0,0.68,10.0,0.67,10.0,0.79,15.7,0.8,16.2,0.81,16.89,0.82,17.6,0.83,18.39,0.09,0.08,0.09423,1776168389000
1776168391.899,91.899,0.2,16.2,0.19,16.89,0.18,17.6,0.17,18.39,0.16,19.3,0.29,10.0,0.31,50.0,0.33,10.0,0.36,10.0,0.37,11.2,0.71,10.0,0.69,50.0,0.67,10.0,0.64,10.0,0.63,11.2,0.8,16.2,0.81,16.89,0.82,17.6,0.83,18.39,0.84,19.3,0.09,0.09,0.094236,1776168391000
1776168392.974,92.974,0.2,16.2,0.19,16.89,0.18,17.6,0.17,18.39,0.16,19.3,0.29,10.0,0.31,50.0,0.33,10.0,0.36,10.0,0.37,11.2,0.71,10.0,0.69,50.0,0.67,10.0,0.64,10.0,0.63,11.2,0.8,16.2,0.81,16.89,0.82,17.6,0.83,18.39,0.84,19.3,0.09,0.09,0.094231,1776168392000
1776168394.19,94.19,0.22,15.2,0.21,15.7,0.2,16.2,0.19,16.89,0.18,17.6,0.26,1.0,0.31,60.0,0.33,10.0,0.36,11.3,0.37,11.2,0.71,10.0,0.69,50.0,0.67,10.0,0.64,10.0,0.63,11.2,0.8,16.2,0.81,16.89,0.82,17.6,0.83,18.39,0.84,19.3,0.04,0.09,0.094231,1776168392000
1776168395.322,95.322,0.22,15.2,0.21,15.7,0.2,16.2,0.19,16.89,0.18,17.6,0.26,1.0,0.31,60.0,0.33,10.0,0.36,11.3,0.37,11.2,0.74,1.0,0.69,60.0,0.67,10.0,0.64,11.3,0.63,11.2,0.78,15.2,0.79,15.7,0.8,16.2,0.81,16.89,0.82,17.6,0.04,0.04,0.094231,1776168394000
1776168396.198,96.198,0.22,15.2,0.21,15.7,0.2,16.2,0.19,16.89,0.18,17.6,0.26,1.0,0.31,60.0,0.33,10.0,0.36,11.3,0.37,11.2,0.74,1.0,0.69,60.0,0.67,10.0,0.64,11.3,0.63,11.2,0.78,15.2,0.79,15.7,0.8,16.2,0.81,16.89,0.82,17.6,0.04,0.04,0.094231,1776168395000
1776168397.281,97.281,0.22,15.2,0.21,15.7,0.2,16.2,0.19,16.89,0.18,17.6,0.26,1.0,0.31,60.0,0.33,10.0,0.36,11.3,0.37,11.2,0.74,1.0,0.69,60.0,0.67,10.0,0.64,11.3,0.63,11.2,0.78,15.2,0.79,15.7,0.8,16.2,0.81,16.89,0.82,17.6,0.04,0.04,0.094233,1776168396000
1776168398.228,98.228,0.26,13.5,0.25,13.9,0.24,14.3,0.23,14.7,0.22,15.2,0.28,1.0,0.35,10.0,0.36,20.0,0.37,10.0,0.38,10.0,0.74,1.0,0.69,60.0,0.67,10.0,0.64,11.3,0.63,11.2,0.78,15.2,0.79,15.7,0.8,16.2,0.81,16.89,0.82,17.6,0.02,0.04,0.094233,1776168396000
1776168398.527,98.527,0.26,4.42,0.25,13.9,0.24,14.3,0.23,14.7,0.22,15.2,0.28,1.0,0.35,10.0,0.36,20.0,0.37,10.0,0.38,10.0,0.72,1.0,0.65,10.0,0.64,20.0,0.63,10.0,0.62,10.0,0.74,13.5,0.75,13.9,0.76,14.3,0.77,14.7,0.78,15.2,0.02,0.02,0.094238,1776168397000
1776168399.318,99.318,0.26,4.42,0.25,13.9,0.24,14.3,0.23,14.7,0.22,15.2,0.28,1.0,0.35,10.0,0.36,20.0,0.37,10.0,0.38,10.0,0.72,1.0,0.65,10.0,0.64,20.0,0.63,10.0,0.62,10.0,0.74,4.42,0.75,13.9,0.76,14.3,0.77,14.7,0.78,15.2,0.02,0.02,0.094244,1776168398000
1776168399.973,99.973,0.26,4.42,0.25,13.9,0.24,14.3,0.23,14.7,0.22,15.2,0.28,1.0,0.35,10.0,0.36,20.0,0.37,10.0,0.38,10.0,0.72,1.0,0.65,10.0,0.64,20.0,0.63,10.0,0.62,10.0,0.74,4.42,0.75,13.9,0.76,14.3,0.77,14.7,0.78,15.2,0.02,0.02,0.094245,1776168399000
1776168400.926,100.926,0.26,4.42,0.25,13.9,0.24,14.3,0.23,14.7,0.22,15.2,0.28,1.0,0.35,10.0,0.36,20.0,0.37,10.0,0.38,10.0,0.72,1.0,0.65,10.0,0.64,20.0,0.63,10.0,0.62,10.0,0.74,4.42,0.75,13.9,0.76,14.3,0.77,14.7,0.78,15.2,0.02,0.02,0.094243,1776168400000
1776168402.608,102.608,0.26,4.42,0.25,13.9,0.24,14.3,0.23,14.7,0.22,15.2,0.28,1.0,0.35,10.0,0.36,20.0,0.37,10.0,0.38,10.0,0.72,1.0,0.65,10.0,0.64,20.0,0.63,10.0,0.62,10.0,0.74,4.42,0.75,13.9,0.76,14.3,0.77,14.7,0.78,15.2,0.02,0.02,0.094243,1776168401000
1776168403.115,103.115,0.26,4.42,0.25,13.9,0.24,14.3,0.23,14.7,0.22,15.2,0.28,1.0,0.35,10.0,0.36,20.0,0.37,10.0,0.38,10.0,0.72,1.0,0.65,10.0,0.64,20.0,0.63,10.0,0.62,10.0,0.74,4.42,0.75,13.9,0.76,14.3,0.77,14.7,0.78,15.2,0.02,0.02,0.094244,1776168402000
1776168404.084,104.084,0.26,4.42,0.25,13.9,0.24,14.3,0.23,14.7,0.22,15.2,0.28,1.0,0.35,10.0,0.36,20.0,0.37,10.0,0.38,10.0,0.72,1.0,0.65,10.0,0.64,20.0,0.63,10.0,0.62,10.0,0.74,4.42,0.75,13.9,0.76,14.3,0.77,14.7,0.78,15.2,0.02,0.02,0.094247,1776168403000
1776168405.116,105.116,0.26,4.42,0.25,13.9,0.24,14.3,0.23,14.7,0.22,15.2,0.28,1.0,0.35,10.0,0.36,20.0,0.37,10.0,0.38,10.0,0.72,1.0,0.65,10.0,0.64,20.0,0.63,10.0,0.62,10.0,0.74,4.42,0.75,13.9,0.76,14.3,0.77,14.7,0.78,15.2,0.02,0.02,0.094247,1776168404000
1776168406.164,106.164,0.26,4.42,0.25,13.9,0.24,14.3,0.23,14.7,0.22,15.2,0.28,1.0,0.35,10.0,0.36,20.0,0.37,10.0,0.38,10.0,0.72,1.0,0.65,10.0,0.64,20.0,0.63,10.0,0.62,10.0,0.74,4.42,0.75,13.9,0.76,14.3,0.77,14.7,0.78,15.2,0.02,0.02,0.094247,1776168405000
1776168406.398,106.398,0.24,14.3,0.23,14.7,0.22,15.2,0.21,15.7,0.2,26.2,0.33,7.0,0.34,10.0,0.35,20.0,0.36,10.0,0.37,10.0,0.72,1.0,0.65,10.0,0.64,20.0,0.63,10.0,0.62,10.0,0.74,4.42,0.75,13.9,0.76,14.3,0.77,14.7,0.78,15.2,0.09,0.02,0.094247,1776168405000
1776168407.138,107.138,0.24,14.3,0.23,14.7,0.22,15.2,0.21,15.7,0.2,26.2,0.33,7.0,0.34,10.0,0.35,20.0,0.36,10.0,0.37,10.0,0.67,7.0,0.66,10.0,0.65,20.0,0.64,10.0,0.63,10.0,0.76,14.3,0.77,14.7,0.78,15.2,0.79,15.7,0.8,26.2,0.09,0.09,0.094249,1776168406000
1776168408.092,108.092,0.24,14.3,0.23,14.7,0.22,15.2,0.21,15.7,0.2,26.2,0.33,7.0,0.34,10.0,0.35,20.0,0.36,10.0,0.37,10.0,0.67,7.0,0.66,10.0,0.65,20.0,0.64,10.0,0.63,10.0,0.76,14.3,0.77,14.7,0.78,15.2,0.79,15.7,0.8,26.2,0.09,0.09,0.094249,1776168407000
1776168409.186,109.186,0.24,14.3,0.23,14.7,0.22,15.2,0.21,15.7,0.2,26.2,0.33,7.0,0.34,10.0,0.35,20.0,0.36,10.0,0.37,10.0,0.67,7.0,0.66,10.0,0.65,20.0,0.64,10.0,0.63,10.0,0.76,14.3,0.77,14.7,0.78,15.2,0.79,15.7,0.8,26.2,0.09,0.09,0.094249,1776168408000
1776168410.062,110.062,0.24,14.3,0.23,14.7,0.22,15.2,0.21,15.7,0.2,26.2,0.33,7.0,0.34,10.0,0.35,20.0,0.36,10.0,0.37,10.0,0.67,7.0,0.66,10.0,0.65,20.0,0.64,10.0,0.63,10.0,0.76,14.3,0.77,14.7,0.78,15.2,0.79,15.7,0.8,26.2,0.09,0.09,0.09425,1776168409000
1776168411.057,111.057,0.24,14.3,0.23,14.7,0.22,15.2,0.21,15.7,0.2,26.2,0.33,7.0,0.34,10.0,0.35,20.0,0.36,10.0,0.37,10.0,0.67,7.0,0.66,10.0,0.65,20.0,0.64,10.0,0.63,10.0,0.76,14.3,0.77,14.7,0.78,15.2,0.79,15.7,0.8,26.2,0.09,0.09,0.094251,1776168410000
1776168412.096,112.096,0.24,14.3,0.23,14.7,0.22,15.2,0.21,15.7,0.2,26.2,0.33,7.0,0.34,10.0,0.35,20.0,0.36,10.0,0.37,10.0,0.67,7.0,0.66,10.0,0.65,20.0,0.64,10.0,0.63,10.0,0.76,14.3,0.77,14.7,0.78,15.2,0.79,15.7,0.8,26.2,0.09,0.09,0.094251,1776168411000
1776168413.094,113.094,0.24,14.3,0.23,14.7,0.22,15.2,0.21,15.7,0.2,26.2,0.33,7.0,0.34,10.0,0.35,20.0,0.36,10.0,0.37,10.0,0.67,7.0,0.66,10.0,0.65,20.0,0.64,10.0,0.63,10.0,0.76,14.3,0.77,14.7,0.78,15.2,0.79,15.7,0.8,26.2,0.09,0.09,0.094252,1776168412000
1776168414.138,114.138,0.24,14.3,0.23,14.7,0.22,15.2,0.21,15.7,0.2,26.2,0.33,7.0,0.34,10.0,0.35,20.0,0.36,10.0,0.37,10.0,0.67,7.0,0.66,10.0,0.65,20.0,0.64,10.0,0.63,10.0,0.76,14.3,0.77,14.7,0.78,15.2,0.79,15.7,0.8,26.2,0.09,0.09,0.094252,1776168413000
1776168415.87,115.87,0.24,14.3,0.23,14.7,0.22,15.2,0.21,15.7,0.2,26.2,0.33,7.0,0.34,10.0,0.35,20.0,0.36,10.0,0.37,10.0,0.67,7.0,0.66,10.0,0.65,20.0,0.64,10.0,0.63,10.0,0.76,14.3,0.77,14.7,0.78,15.2,0.79,15.7,0.8,26.2,0.09,0.09,0.094231,1776168414000
1776168416.699,116.699,0.24,14.3,0.23,14.7,0.22,15.2,0.21,15.7,0.2,26.2,0.33,7.0,0.34,10.0,0.35,20.0,0.36,10.0,0.37,10.0,0.67,7.0,0.66,10.0,0.65,20.0,0.64,10.0,0.63,10.0,0.76,14.3,0.77,14.7,0.78,15.2,0.79,15.7,0.8,26.2,0.09,0.09,0.094229,1776168415000
1776168417.418,117.418,0.24,14.3,0.23,14.7,0.22,15.2,0.21,15.7,0.2,26.2,0.33,7.0,0.34,10.0,0.35,20.0,0.36,10.0,0.37,10.0,0.67,7.0,0.66,10.0,0.65,20.0,0.64,10.0,0.63,10.0,0.76,14.3,0.77,14.7,0.78,15.2,0.79,15.7,0.8,26.2,0.09,0.09,0.094229,1776168416000
1776168418.39,118.39,0.24,14.3,0.23,14.7,0.22,15.2,0.21,15.7,0.2,26.2,0.33,7.0,0.34,10.0,0.35,20.0,0.36,10.0,0.37,10.0,0.67,7.0,0.66,10.0,0.65,20.0,0.64,10.0,0.63,10.0,0.76,14.3,0.77,14.7,0.78,15.2,0.79,15.7,0.8,26.2,0.09,0.09,0.094229,1776168417000
1776168419.149,119.149,0.24,14.3,0.23,14.7,0.22,15.2,0.21,15.7,0.2,26.2,0.33,7.0,0.34,10.0,0.35,20.0,0.36,10.0,0.37,10.0,0.67,7.0,0.66,10.0,0.65,20.0,0.64,10.0,0.63,10.0,0.76,14.3,0.77,14.7,0.78,15.2,0.79,15.7,0.8,26.2,0.09,0.09,0.094229,1776168418000
1776168420.272,120.272,0.24,14.3,0.23,14.7,0.22,15.2,0.21,15.7,0.2,26.2,0.33,7.0,0.34,10.0,0.35,20.0,0.36,10.0,0.37,10.0,0.67,7.0,0.66,10.0,0.65,20.0,0.64,10.0,0.63,10.0,0.76,14.3,0.77,14.7,0.78,15.2,0.79,15.7,0.8,26.2,0.09,0.09,0.094228,1776168419000
1776168422.049,122.049,0.24,14.3,0.23,14.7,0.22,15.2,0.21,15.7,0.2,26.2,0.33,7.0,0.34,10.0,0.35,20.0,0.36,10.0,0.37,10.0,0.67,7.0,0.66,10.0,0.65,20.0,0.64,10.0,0.63,10.0,0.76,14.3,0.77,14.7,0.78,15.2,0.79,15.7,0.8,26.2,0.09,0.09,0.094233,1776168421000
1776168423.39,123.39,0.2,1.83,0.19,16.89,0.18,17.6,0.17,24.39,0.16,19.3,0.26,5.0,0.27,6.0,0.29,10.0,0.31,50.0,0.32,11.9,0.67,7.0,0.66,10.0,0.65,20.0,0.64,10.0,0.63,10.0,0.76,14.3,0.77,14.7,0.78,15.2,0.79,15.7,0.8,26.2,0.06,0.09,0.094233,1776168421000
1776168424.04,124.04,0.18,17.6,0.17,24.39,0.16,19.3,0.15,20.39,0.14,41.6,0.19,6.28,0.26,5.0,0.27,6.0,0.29,10.0,0.31,50.0,0.74,5.0,0.73,6.0,0.71,10.0,0.69,50.0,0.68,11.9,0.8,1.83,0.81,16.89,0.82,17.6,0.83,24.39,0.84,19.3,0.01,0.06,0.094233,1776168422000
1776168424.375,124.375,0.18,17.6,0.17,24.39,0.16,19.3,0.15,20.39,0.14,41.6,0.19,6.28,0.26,5.0,0.27,6.0,0.29,10.0,0.31,50.0,0.81,6.28,0.74,5.0,0.73,6.0,0.71,10.0,0.69,50.0,0.82,17.6,0.83,24.39,0.84,19.3,0.85,20.39,0.86,41.6,0.01,0.01,0.094234,1776168423000
1776168425.708,125.708,0.18,17.6,0.17,24.39,0.16,39.3,0.15,20.39,0.14,21.6,0.19,1.28,0.26,5.0,0.27,6.0,0.31,60.0,0.37,11.2,0.81,1.28,0.74,5.0,0.73,6.0,0.69,60.0,0.63,11.2,0.82,17.6,0.83,24.39,0.84,39.3,0.85,20.39,0.86,21.6,0.01,0.01,0.094234,1776168424000
1776168426.367,126.367,0.18,17.6,0.17,24.39,0.16,39.3,0.15,20.39,0.14,21.6,0.19,1.28,0.26,5.0,0.27,6.0,0.31,60.0,0.37,11.2,0.81,1.28,0.74,5.0,0.73,6.0,0.69,60.0,0.63,11.2,0.82,17.6,0.83,24.39,0.84,39.3,0.85,20.39,0.86,21.6,0.01,0.01,0.094235,1776168425000
1776168427.238,127.238,0.18,17.6,0.17,24.39,0.16,39.3,0.15,20.39,0.14,21.6,0.19,1.28,0.26,5.0,0.27,6.0,0.31,60.0,0.37,11.2,0.81,1.28,0.74,5.0,0.73,6.0,0.69,60.0,0.63,11.2,0.82,17.6,0.83,24.39,0.84,39.3,0.85,20.39,0.86,21.6,0.01,0.01,0.094242,1776168426000
1776168428.725,128.725,0.18,17.6,0.17,24.39,0.16,39.3,0.15,20.39,0.14,21.6,0.19,1.28,0.26,5.0,0.27,6.0,0.31,60.0,0.37,11.2,0.81,1.28,0.74,5.0,0.73,6.0,0.69,60.0,0.63,11.2,0.82,17.6,0.83,24.39,0.84,39.3,0.85,20.39,0.86,21.6,0.01,0.01,0.094242,1776168427000
1776168429.302,129.302,0.18,17.6,0.17,24.39,0.16,39.3,0.15,20.39,0.14,21.6,0.19,1.28,0.26,5.0,0.27,6.0,0.31,60.0,0.37,11.2,0.81,1.28,0.74,5.0,0.73,6.0,0.69,60.0,0.63,11.2,0.82,17.6,0.83,24.39,0.84,39.3,0.85,20.39,0.86,21.6,0.01,0.01,0.094243,1776168428000
1776168430.171,130.171,0.18,17.6,0.17,24.39,0.16,39.3,0.15,20.39,0.14,21.6,0.19,1.28,0.26,5.0,0.27,6.0,0.31,60.0,0.37,11.2,0.81,1.28,0.74,5.0,0.73,6.0,0.69,60.0,0.63,11.2,0.82,17.6,0.83,24.39,0.84,39.3,0.85,20.39,0.86,21.6,0.01,0.01,0.094243,1776168429000
1776168431.65,131.65,0.18,17.6,0.17,24.39,0.16,39.3,0.15,20.39,0.14,21.6,0.19,1.28,0.26,5.0,0.27,6.0,0.31,60.0,0.37,11.2,0.81,1.28,0.74,5.0,0.73,6.0,0.69,60.0,0.63,11.2,0.82,17.6,0.83,24.39,0.84,39.3,0.85,20.39,0.86,21.6,0.01,0.01,0.094245,1776168430000
1776168432.624,132.624,0.18,17.6,0.17,24.39,0.16,39.3,0.15,20.39,0.14,21.6,0.19,1.28,0.26,5.0,0.27,6.0,0.31,60.0,0.37,11.2,0.81,1.28,0.74,5.0,0.73,6.0,0.69,60.0,0.63,11.2,0.82,17.6,0.83,24.39,0.84,39.3,0.85,20.39,0.86,21.6,0.01,0.01,0.09425,1776168431000
1776168433.107,133.107,0.18,17.6,0.17,24.39,0.16,39.3,0.15,20.39,0.14,21.6,0.19,1.28,0.26,5.0,0.27,6.0,0.31,60.0,0.37,11.2,0.81,1.28,0.74,5.0,0.73,6.0,0.69,60.0,0.63,11.2,0.82,17.6,0.83,24.39,0.84,39.3,0.85,20.39,0.86,21.6,0.01,0.01,0.09425,1776168432000
1776168434.695,134.695,0.18,17.6,0.17,24.39,0.16,39.3,0.15,20.39,0.14,21.6,0.19,1.28,0.26,5.0,0.27,6.0,0.31,60.0,0.37,11.2,0.81,1.28,0.74,5.0,0.73,6.0,0.69,60.0,0.63,11.2,0.82,17.6,0.83,24.39,0.84,39.3,0.85,20.39,0.86,21.6,0.01,0.01,0.09425,1776168433000
1776168435.227,135.227,0.18,17.6,0.17,24.39,0.16,39.3,0.15,20.39,0.14,21.6,0.19,1.28,0.26,5.0,0.27,6.0,0.31,60.0,0.37,11.2,0.81,1.28,0.74,5.0,0.73,6.0,0.69,60.0,0.63,11.2,0.82,17.6,0.83,24.39,0.84,39.3,0.85,20.39,0.86,21.6,0.01,0.01,0.09425,1776168434000
1776168436.245,136.245,0.18,17.6,0.17,24.39,0.16,39.3,0.15,20.39,0.14,21.6,0.19,1.28,0.26,5.0,0.27,6.0,0.31,60.0,0.37,11.2,0.81,1.28,0.74,5.0,0.73,6.0,0.69,60.0,0.63,11.2,0.82,17.6,0.83,24.39,0.84,39.3,0.85,20.39,0.86,21.6,0.01,0.01,0.09425,1776168435000
1776168437.253,137.253,0.18,17.6,0.17,24.39,0.16,39.3,0.15,20.39,0.14,21.6,0.19,1.28,0.26,5.0,0.27,6.0,0.31,60.0,0.37,11.2,0.81,1.28,0.74,5.0,0.73,6.0,0.69,60.0,0.63,11.2,0.82,17.6,0.83,24.39,0.84,39.3,0.85,20.39,0.86,21.6,0.01,0.01,0.09425,1776168436000
1776168438.153,138.153,0.18,17.6,0.17,24.39,0.16,39.3,0.15,20.39,0.14,21.6,0.19,1.28,0.26,5.0,0.27,6.0,0.31,60.0,0.37,11.2,0.81,1.28,0.74,5.0,0.73,6.0,0.69,60.0,0.63,11.2,0.82,17.6,0.83,24.39,0.84,39.3,0.85,20.39,0.86,21.6,0.01,0.01,0.09425,1776168437000
1776168438.791,138.791,0.18,27.6,0.17,24.39,0.16,19.3,0.15,20.39,0.14,21.6,0.26,5.0,0.29,7.0,0.39,10.0,0.41,60.7,0.42,10.7,0.81,1.28,0.74,5.0,0.73,6.0,0.69,60.0,0.63,11.2,0.82,17.6,0.83,24.39,0.84,39.3,0.85,20.39,0.86,21.6,0.08,0.01,0.09425,1776168437000
1776168439.22,139.22,0.23,5.0,0.19,16.89,0.18,17.6,0.17,34.39,0.16,19.3,0.29,7.0,0.39,10.0,0.41,50.0,0.44,10.6,0.45,20.5,0.74,5.0,0.71,7.0,0.61,10.0,0.59,60.7,0.58,10.7,0.82,27.6,0.83,24.39,0.84,19.3,0.85,20.39,0.86,21.6,0.06,0.08,0.09425,1776168437000
1776168440.25,140.25,0.23,5.0,0.19,16.89,0.18,17.6,0.17,34.39,0.16,19.3,0.29,7.0,0.39,10.0,0.41,50.0,0.44,10.6,0.45,20.5,0.71,7.0,0.61,10.0,0.59,50.0,0.56,10.6,0.55,20.5,0.77,5.0,0.81,16.89,0.82,17.6,0.83,34.39,0.84,19.3,0.06,0.06,0.094251,1776168439000
1776168441.24,141.24,0.23,5.0,0.19,16.89,0.18,17.6,0.17,34.39,0.16,19.3,0.29,7.0,0.39,10.0,0.41,50.0,0.44,10.6,0.45,20.5,0.71,7.0,0.61,10.0,0.59,50.0,0.56,10.6,0.55,20.5,0.77,5.0,0.81,16.89,0.82,17.6,0.83,34.39,0.84,19.3,0.06,0.06,0.094266,1776168440000
1776168442.3,142.3,0.23,5.0,0.19,16.89,0.18,17.6,0.17,34.39,0.16,19.3,0.29,7.0,0.39,10.0,0.41,50.0,0.44,10.6,0.45,20.5,0.71,7.0,0.61,10.0,0.59,50.0,0.56,10.6,0.55,20.5,0.77,5.0,0.81,16.89,0.82,17.6,0.83,34.39,0.84,19.3,0.06,0.06,0.094268,1776168441000
1776168443.211,143.211,0.23,5.0,0.19,16.89,0.18,17.6,0.17,34.39,0.16,19.3,0.29,7.0,0.39,10.0,0.41,50.0,0.44,10.6,0.45,20.5,0.71,7.0,0.61,10.0,0.59,50.0,0.56,10.6,0.55,20.5,0.77,5.0,0.81,16.89,0.82,17.6,0.83,34.39,0.84,19.3,0.06,0.06,0.094278,1776168442000
1776168444.261,144.261,0.23,5.0,0.19,16.89,0.18,17.6,0.17,34.39,0.16,19.3,0.29,7.0,0.39,10.0,0.41,50.0,0.44,10.6,0.45,20.5,0.71,7.0,0.61,10.0,0.59,50.0,0.56,10.6,0.55,20.5,0.77,5.0,0.81,16.89,0.82,17.6,0.83,34.39,0.84,19.3,0.06,0.06,0.094278,1776168443000
1776168445.273,145.273,0.23,5.0,0.19,16.89,0.18,17.6,0.17,34.39,0.16,19.3,0.29,7.0,0.39,10.0,0.41,50.0,0.44,10.6,0.45,20.5,0.71,7.0,0.61,10.0,0.59,50.0,0.56,10.6,0.55,20.5,0.77,5.0,0.81,16.89,0.82,17.6,0.83,34.39,0.84,19.3,0.06,0.06,0.094285,1776168444000
1776168446.257,146.257,0.23,5.0,0.19,16.89,0.18,17.6,0.17,34.39,0.16,19.3,0.29,7.0,0.39,10.0,0.41,50.0,0.44,10.6,0.45,20.5,0.71,7.0,0.61,10.0,0.59,50.0,0.56,10.6,0.55,20.5,0.77,5.0,0.81,16.89,0.82,17.6,0.83,34.39,0.84,19.3,0.06,0.06,0.094286,1776168445000
1776168447.959,147.959,0.23,5.0,0.19,16.89,0.18,17.6,0.17,34.39,0.16,19.3,0.29,7.0,0.39,10.0,0.41,50.0,0.44,10.6,0.45,20.5,0.71,7.0,0.61,10.0,0.59,50.0,0.56,10.6,0.55,20.5,0.77,5.0,0.81,16.89,0.82,17.6,0.83,34.39,0.84,19.3,0.06,0.06,0.094286,1776168447000
1776168449.739,149.739,0.23,5.0,0.19,16.89,0.18,17.6,0.17,34.39,0.16,19.3,0.29,7.0,0.39,10.0,0.41,50.0,0.44,10.6,0.45,20.5,0.71,7.0,0.61,10.0,0.59,50.0,0.56,10.6,0.55,20.5,0.77,5.0,0.81,16.89,0.82,17.6,0.83,34.39,0.84,19.3,0.06,0.06,0.094286,1776168448000
1776168450.361,150.361,0.3,10.97,0.29,12.6,0.28,17.9,0.27,13.2,0.26,13.5,0.41,8.0,0.46,10.0,0.49,10.4,0.5,10.4,0.51,70.4,0.59,8.0,0.54,10.0,0.51,10.4,0.5,10.4,0.49,70.4,0.7,10.97,0.71,12.6,0.72,17.9,0.73,13.2,0.74,13.5,0.11,0.11,0.094286,1776168449000
1776168451.432,151.432,0.3,10.97,0.29,12.6,0.28,17.9,0.27,13.2,0.26,13.5,0.41,8.0,0.46,10.0,0.49,10.4,0.5,10.4,0.51,70.4,0.59,8.0,0.54,10.0,0.51,10.4,0.5,10.4,0.49,70.4,0.7,10.97,0.71,12.6,0.72,17.9,0.73,13.2,0.74,13.5,0.11,0.11,0.094286,1776168450000
1776168452.2,152.2,0.3,10.97,0.29,12.6,0.28,17.9,0.27,13.2,0.26,13.5,0.41,8.0,0.46,10.0,0.49,10.4,0.5,10.4,0.51,70.4,0.59,8.0,0.54,10.0,0.51,10.4,0.5,10.4,0.49,70.4,0.7,10.97,0.71,12.6,0.72,17.9,0.73,13.2,0.74,13.5,0.11,0.11,0.094286,1776168451000
1776168453.648,153.648,0.3,10.97,0.29,12.6,0.28,17.9,0.27,13.2,0.26,13.5,0.41,8.0,0.46,10.0,0.49,10.4,0.5,10.4,0.51,70.4,0.59,8.0,0.54,10.0,0.51,10.4,0.5,10.4,0.49,70.4,0.7,10.97,0.71,12.6,0.72,17.9,0.73,13.2,0.74,13.5,0.11,0.11,0.094287,1776168452000
1776168454.186,154.186,0.3,10.97,0.29,12.6,0.28,17.9,0.27,13.2,0.26,13.5,0.41,8.0,0.46,10.0,0.49,10.4,0.5,10.4,0.51,70.4,0.59,8.0,0.54,10.0,0.51,10.4,0.5,10.4,0.49,70.4,0.7,10.97,0.71,12.6,0.72,17.9,0.73,13.2,0.74,13.5,0.11,0.11,0.094287,1776168453000
1776168455.565,155.565,0.3,10.97,0.29,12.6,0.28,17.9,0.27,13.2,0.26,13.5,0.41,8.0,0.46,10.0,0.49,10.4,0.5,10.4,0.51,70.4,0.59,8.0,0.54,10.0,0.51,10.4,0.5,10.4,0.49,70.4,0.7,10.97,0.71,12.6,0.72,17.9,0.73,13.2,0.74,13.5,0.11,0.11,0.094288,1776168454000
1776168456.187,156.187,0.3,10.97,0.29,12.6,0.28,17.9,0.27,13.2,0.26,13.5,0.41,8.0,0.46,10.0,0.49,10.4,0.5,10.4,0.51,70.4,0.59,8.0,0.54,10.0,0.51,10.4,0.5,10.4,0.49,70.4,0.7,10.97,0.71,12.6,0.72,17.9,0.73,13.2,0.74,13.5,0.11,0.11,0.094288,1776168455000
1776168457.394,157.394,0.3,10.97,0.29,12.6,0.28,17.9,0.27,13.2,0.26,13.5,0.41,8.0,0.46,10.0,0.49,10.4,0.5,10.4,0.51,70.4,0.59,8.0,0.54,10.0,0.51,10.4,0.5,10.4,0.49,70.4,0.7,10.97,0.71,12.6,0.72,17.9,0.73,13.2,0.74,13.5,0.11,0.11,0.094289,1776168456000
1776168458.064,158.064,0.3,10.97,0.29,12.6,0.28,17.9,0.27,13.2,0.26,13.5,0.41,8.0,0.46,10.0,0.49,10.4,0.5,10.4,0.51,70.4,0.59,8.0,0.54,10.0,0.51,10.4,0.5,10.4,0.49,70.4,0.7,10.97,0.71,12.6,0.72,17.9,0.73,13.2,0.74,13.5,0.11,0.11,0.094289,1776168457000
1776168459.444,159.444,0.3,10.97,0.29,12.6,0.28,17.9,0.27,13.2,0.26,13.5,0.41,8.0,0.46,10.0,0.49,10.4,0.5,10.4,0.51,70.4,0.59,8.0,0.54,10.0,0.51,10.4,0.5,10.4,0.49,70.4,0.7,10.97,0.71,12.6,0.72,17.9,0.73,13.2,0.74,13.5,0.11,0.11,0.094288,1776168458000
1776168460.049,160.049,0.3,10.97,0.29,12.6,0.28,17.9,0.27,13.2,0.26,13.5,0.41,8.0,0.46,10.0,0.49,10.4,0.5,10.4,0.51,70.4,0.59,8.0,0.54,10.0,0.51,10.4,0.5,10.4,0.49,70.4,0.7,10.97,0.71,12.6,0.72,17.9,0.73,13.2,0.74,13.5,0.11,0.11,0.094288,1776168459000
1776168461.22,161.22,0.3,10.97,0.29,12.6,0.28,17.9,0.27,13.2,0.26,13.5,0.41,8.0,0.46,10.0,0.49,10.4,0.5,10.4,0.51,70.4,0.59,8.0,0.54,10.0,0.51,10.4,0.5,10.4,0.49,70.4,0.7,10.97,0.71,12.6,0.72,17.9,0.73,13.2,0.74,13.5,0.11,0.11,0.094292,1776168460000
1776168462.599,162.599,0.3,10.97,0.29,12.6,0.28,17.9,0.27,13.2,0.26,13.5,0.41,8.0,0.46,10.0,0.49,10.4,0.5,10.4,0.51,70.4,0.59,8.0,0.54,10.0,0.51,10.4,0.5,10.4,0.49,70.4,0.7,10.97,0.71,12.6,0.72,17.9,0.73,13.2,0.74,13.5,0.11,0.11,0.094293,1776168461000
1776168463.186,163.186,0.3,10.97,0.29,12.6,0.28,17.9,0.27,13.2,0.26,13.5,0.41,8.0,0.46,10.0,0.49,10.4,0.5,10.4,0.51,70.4,0.59,8.0,0.54,10.0,0.51,10.4,0.5,10.4,0.49,70.4,0.7,10.97,0.71,12.6,0.72,17.9,0.73,13.2,0.74,13.5,0.11,0.11,0.094293,1776168462000
1776168464.895,164.895,0.3,10.97,0.29,12.6,0.28,17.9,0.27,13.2,0.26,13.5,0.41,8.0,0.46,10.0,0.49,10.4,0.5,10.4,0.51,70.4,0.59,8.0,0.54,10.0,0.51,10.4,0.5,10.4,0.49,70.4,0.7,10.97,0.71,12.6,0.72,17.9,0.73,13.2,0.74,13.5,0.11,0.11,0.094293,1776168463000
1776168465.535,165.535,0.3,10.97,0.29,12.6,0.28,17.9,0.27,13.2,0.26,13.5,0.41,8.0,0.46,10.0,0.49,10.4,0.5,10.4,0.51,70.4,0.59,8.0,0.54,10.0,0.51,10.4,0.5,10.4,0.49,70.4,0.7,10.97,0.71,12.6,0.72,17.9,0.73,13.2,0.74,13.5,0.11,0.11,0.094293,1776168464000
1776168466.064,166.064,0.3,10.97,0.29,12.6,0.28,17.9,0.27,13.2,0.26,13.5,0.41,8.0,0.46,10.0,0.49,10.4,0.5,10.4,0.51,70.4,0.59,8.0,0.54,10.0,0.51,10.4,0.5,10.4,0.49,70.4,0.7,10.97,0.71,12.6,0.72,17.9,0.73,13.2,0.74,13.5,0.11,0.11,0.094293,1776168465000
1776168467.176,167.176,0.3,10.97,0.29,12.6,0.28,17.9,0.27,13.2,0.26,13.5,0.41,8.0,0.46,10.0,0.49,10.4,0.5,10.4,0.51,70.4,0.59,8.0,0.54,10.0,0.51,10.4,0.5,10.4,0.49,70.4,0.7,10.97,0.71,12.6,0.72,17.9,0.73,13.2,0.74,13.5,0.11,0.11,0.094293,1776168466000
1776168468.357,168.357,0.3,10.97,0.29,12.6,0.28,17.9,0.27,13.2,0.26,13.5,0.41,8.0,0.46,10.0,0.49,10.4,0.5,10.4,0.51,70.4,0.59,8.0,0.54,10.0,0.51,10.4,0.5,10.4,0.49,70.4,0.7,10.97,0.71,12.6,0.72,17.9,0.73,13.2,0.74,13.5,0.11,0.11,0.094292,1776168467000
1776168468.902,168.902,0.3,10.97,0.29,12.6,0.28,17.9,0.27,13.2,0.26,13.5,0.41,8.0,0.46,10.0,0.49,10.4,0.5,10.4,0.51,70.4,0.59,8.0,0.54,10.0,0.51,10.4,0.5,10.4,0.49,70.4,0.7,10.97,0.71,12.6,0.72,17.9,0.73,13.2,0.74,13.5,0.11,0.11,0.094293,1776168468000
1776168470.113,170.113,0.3,10.97,0.29,12.6,0.28,17.9,0.27,13.2,0.26,13.5,0.41,8.0,0.46,10.0,0.49,10.4,0.5,10.4,0.51,70.4,0.59,8.0,0.54,10.0,0.51,10.4,0.5,10.4,0.49,70.4,0.7,10.97,0.71,12.6,0.72,17.9,0.73,13.2,0.74,13.5,0.11,0.11,0.094294,1776168469000
1776168471.128,171.128,0.3,10.97,0.29,12.6,0.28,17.9,0.27,13.2,0.26,13.5,0.41,8.0,0.46,10.0,0.49,10.4,0.5,10.4,0.51,70.4,0.59,8.0,0.54,10.0,0.51,10.4,0.5,10.4,0.49,70.4,0.7,10.97,0.71,12.6,0.72,17.9,0.73,13.2,0.74,13.5,0.11,0.11,0.094277,1776168470000
1776168472.331,172.331,0.3,10.97,0.29,12.6,0.28,17.9,0.27,13.2,0.26,13.5,0.41,8.0,0.46,10.0,0.49,10.4,0.5,10.4,0.51,70.4,0.59,8.0,0.54,10.0,0.51,10.4,0.5,10.4,0.49,70.4,0.7,10.97,0.71,12.6,0.72,17.9,0.73,13.2,0.74,13.5,0.11,0.11,0.094249,1776168471000
1776168473.454,173.454,0.3,10.97,0.29,12.6,0.28,17.9,0.27,13.2,0.26,13.5,0.41,8.0,0.46,10.0,0.49,10.4,0.5,10.4,0.51,70.4,0.59,8.0,0.54,10.0,0.51,10.4,0.5,10.4,0.49,70.4,0.7,10.97,0.71,12.6,0.72,17.9,0.73,13.2,0.74,13.5,0.11,0.11,0.094243,1776168472000
1776168474.038,174.038,0.3,10.97,0.29,12.6,0.28,17.9,0.27,13.2,0.26,13.5,0.41,8.0,0.46,10.0,0.49,10.4,0.5,10.4,0.51,70.4,0.59,8.0,0.54,10.0,0.51,10.4,0.5,10.4,0.49,70.4,0.7,10.97,0.71,12.6,0.72,17.9,0.73,13.2,0.74,13.5,0.11,0.11,0.094243,1776168473000
1776168475.024,175.024,0.3,10.97,0.29,12.6,0.28,17.9,0.27,13.2,0.26,13.5,0.41,8.0,0.46,10.0,0.49,10.4,0.5,10.4,0.51,70.4,0.59,8.0,0.54,10.0,0.51,10.4,0.5,10.4,0.49,70.4,0.7,10.97,0.71,12.6,0.72,17.9,0.73,13.2,0.74,13.5,0.11,0.11,0.094243,1776168474000
1776168476.195,176.195,0.3,10.97,0.29,12.6,0.28,17.9,0.27,13.2,0.26,13.5,0.41,8.0,0.46,10.0,0.49,10.4,0.5,10.4,0.51,70.4,0.59,8.0,0.54,10.0,0.51,10.4,0.5,10.4,0.49,70.4,0.7,10.97,0.71,12.6,0.72,17.9,0.73,13.2,0.74,13.5,0.11,0.11,0.094244,1776168475000
1776168477.362,177.362,0.3,10.97,0.29,12.6,0.28,17.9,0.27,13.2,0.26,13.5,0.41,8.0,0.46,10.0,0.49,10.4,0.5,10.4,0.51,70.4,0.59,8.0,0.54,10.0,0.51,10.4,0.5,10.4,0.49,70.4,0.7,10.97,0.71,12.6,0.72,17.9,0.73,13.2,0.74,13.5,0.11,0.11,0.094245,1776168476000
1776168478.555,178.555,0.3,10.97,0.29,12.6,0.28,17.9,0.27,13.2,0.26,13.5,0.41,8.0,0.46,10.0,0.49,10.4,0.5,10.4,0.51,70.4,0.59,8.0,0.54,10.0,0.51,10.4,0.5,10.4,0.49,70.4,0.7,10.97,0.71,12.6,0.72,17.9,0.73,13.2,0.74,13.5,0.11,0.11,0.094245,1776168477000
1776168479.76,179.76,0.3,10.97,0.29,12.6,0.28,17.9,0.27,13.2,0.26,13.5,0.41,8.0,0.46,10.0,0.49,10.4,0.5,10.4,0.51,70.4,0.59,8.0,0.54,10.0,0.51,10.4,0.5,10.4,0.49,70.4,0.7,10.97,0.71,12.6,0.72,17.9,0.73,13.2,0.74,13.5,0.11,0.11,0.094251,1776168478000
1776168480.137,180.137,0.3,10.97,0.29,12.6,0.28,17.9,0.27,13.2,0.26,13.5,0.41,8.0,0.46,10.0,0.49,10.4,0.5,10.4,0.51,70.4,0.59,8.0,0.54,10.0,0.51,10.4,0.5,10.4,0.49,70.4,0.7,10.97,0.71,12.6,0.72,17.9,0.73,13.2,0.74,13.5,0.11,0.11,0.094251,1776168479000
1776168481.166,181.166,0.3,10.97,0.29,12.6,0.28,17.9,0.27,13.2,0.26,13.5,0.41,8.0,0.46,10.0,0.49,10.4,0.5,10.4,0.51,70.4,0.59,8.0,0.54,10.0,0.51,10.4,0.5,10.4,0.49,70.4,0.7,10.97,0.71,12.6,0.72,17.9,0.73,13.2,0.74,13.5,0.11,0.11,0.09425,1776168480000
1776168482.23,182.23,0.3,10.97,0.29,12.6,0.28,17.9,0.27,13.2,0.26,13.5,0.41,8.0,0.46,10.0,0.49,10.4,0.5,10.4,0.51,70.4,0.59,8.0,0.54,10.0,0.51,10.4,0.5,10.4,0.49,70.4,0.7,10.97,0.71,12.6,0.72,17.9,0.73,13.2,0.74,13.5,0.11,0.11,0.094256,1776168481000
1776168483.301,183.301,0.3,10.97,0.29,12.6,0.28,17.9,0.27,13.2,0.26,13.5,0.41,8.0,0.46,10.0,0.49,10.4,0.5,10.4,0.51,70.4,0.59,8.0,0.54,10.0,0.51,10.4,0.5,10.4,0.49,70.4,0.7,10.97,0.71,12.6,0.72,17.9,0.73,13.2,0.74,13.5,0.11,0.11,0.094253,1776168482000
1776168484.429,184.429,0.3,10.97,0.29,12.6,0.28,17.9,0.27,13.2,0.26,13.5,0.41,8.0,0.46,10.0,0.49,10.4,0.5,10.4,0.51,70.4,0.59,8.0,0.54,10.0,0.51,10.4,0.5,10.4,0.49,70.4,0.7,10.97,0.71,12.6,0.72,17.9,0.73,13.2,0.74,13.5,0.11,0.11,0.094253,1776168483000
1776168485.437,185.437,0.3,10.97,0.29,12.6,0.28,17.9,0.27,13.2,0.26,13.5,0.41,8.0,0.46,10.0,0.49,10.4,0.5,10.4,0.51,70.4,0.59,8.0,0.54,10.0,0.51,10.4,0.5,10.4,0.49,70.4,0.7,10.97,0.71,12.6,0.72,17.9,0.73,13.2,0.74,13.5,0.11,0.11,0.094253,1776168484000
1776168485.962,185.962,0.3,10.97,0.29,12.6,0.28,17.9,0.27,13.2,0.26,13.5,0.41,8.0,0.46,10.0,0.49,10.4,0.5,10.4,0.51,70.4,0.59,8.0,0.54,10.0,0.51,10.4,0.5,10.4,0.49,70.4,0.7,10.97,0.71,12.6,0.72,17.9,0.73,13.2,0.74,13.5,0.11,0.11,0.094253,1776168485000
1776168487.002,187.002,0.3,10.97,0.29,12.6,0.28,17.9,0.27,13.2,0.26,13.5,0.41,8.0,0.46,10.0,0.49,10.4,0.5,10.4,0.51,70.4,0.59,8.0,0.54,10.0,0.51,10.4,0.5,10.4,0.49,70.4,0.7,10.97,0.71,12.6,0.72,17.9,0.73,13.2,0.74,13.5,0.11,0.11,0.094253,1776168486000
1776168488.076,188.076,0.3,10.97,0.29,12.6,0.28,17.9,0.27,13.2,0.26,13.5,0.41,8.0,0.46,10.0,0.49,10.4,0.5,10.4,0.51,70.4,0.59,8.0,0.54,10.0,0.51,10.4,0.5,10.4,0.49,70.4,0.7,10.97,0.71,12.6,0.72,17.9,0.73,13.2,0.74,13.5,0.11,0.11,0.094254,1776168487000
1776168489.049,189.049,0.3,10.97,0.29,12.6,0.28,17.9,0.27,13.2,0.26,13.5,0.41,8.0,0.46,10.0,0.49,10.4,0.5,10.4,0.51,70.4,0.59,8.0,0.54,10.0,0.51,10.4,0.5,10.4,0.49,70.4,0.7,10.97,0.71,12.6,0.72,17.9,0.73,13.2,0.74,13.5,0.11,0.11,0.094254,1776168488000
1776168490.039,190.039,0.3,10.97,0.29,12.6,0.28,17.9,0.27,13.2,0.26,13.5,0.41,8.0,0.46,10.0,0.49,10.4,0.5,10.4,0.51,70.4,0.59,8.0,0.54,10.0,0.51,10.4,0.5,10.4,0.49,70.4,0.7,10.97,0.71,12.6,0.72,17.9,0.73,13.2,0.74,13.5,0.11,0.11,0.094253,1776168489000
1776168491.105,191.105,0.3,10.97,0.29,12.6,0.28,17.9,0.27,13.2,0.26,13.5,0.41,8.0,0.46,10.0,0.49,10.4,0.5,10.4,0.51,70.4,0.59,8.0,0.54,10.0,0.51,10.4,0.5,10.4,0.49,70.4,0.7,10.97,0.71,12.6,0.72,17.9,0.73,13.2,0.74,13.5,0.11,0.11,0.094253,1776168490000
1776168491.978,191.978,0.3,10.97,0.29,12.6,0.28,17.9,0.27,13.2,0.26,13.5,0.41,8.0,0.46,10.0,0.49,10.4,0.5,10.4,0.51,70.4,0.59,8.0,0.54,10.0,0.51,10.4,0.5,10.4,0.49,70.4,0.7,10.97,0.71,12.6,0.72,17.9,0.73,13.2,0.74,13.5,0.11,0.11,0.09425,1776168491000
1776168494.064,194.064,0.3,10.97,0.29,12.6,0.28,17.9,0.27,13.2,0.26,13.5,0.41,8.0,0.46,10.0,0.49,10.4,0.5,10.4,0.51,70.4,0.59,8.0,0.54,10.0,0.51,10.4,0.5,10.4,0.49,70.4,0.7,10.97,0.71,12.6,0.72,17.9,0.73,13.2,0.74,13.5,0.11,0.11,0.094252,1776168493000
1776168495.778,195.778,0.3,10.97,0.29,12.6,0.28,17.9,0.27,13.2,0.26,13.5,0.41,8.0,0.46,10.0,0.49,10.4,0.5,10.4,0.51,70.4,0.59,8.0,0.54,10.0,0.51,10.4,0.5,10.4,0.49,70.4,0.7,10.97,0.71,12.6,0.72,17.9,0.73,13.2,0.74,13.5,0.11,0.11,0.094251,1776168494000
1776168496.334,196.334,0.3,10.97,0.29,12.6,0.28,17.9,0.27,13.2,0.26,13.5,0.41,8.0,0.46,10.0,0.49,10.4,0.5,10.4,0.51,70.4,0.59,8.0,0.54,10.0,0.51,10.4,0.5,10.4,0.49,70.4,0.7,10.97,0.71,12.6,0.72,17.9,0.73,13.2,0.74,13.5,0.11,0.11,0.094253,1776168495000
1776168496.881,196.881,0.19,6.0,0.15,20.39,0.14,21.6,0.13,23.0,0.12,24.6,0.24,1.0,0.29,22.6,0.3,12.4,0.31,62.2,0.32,11.9,0.76,1.0,0.71,22.6,0.7,12.4,0.69,62.2,0.68,11.9,0.81,6.0,0.85,20.39,0.86,21.6,0.87,23.0,0.88,24.6,0.05,0.05,0.094253,1776168496000
1776168498.011,198.011,0.19,6.0,0.15,20.39,0.14,21.6,0.13,23.0,0.12,24.6,0.24,1.0,0.29,22.6,0.3,12.4,0.31,62.2,0.32,11.9,0.76,1.0,0.71,22.6,0.7,12.4,0.69,62.2,0.68,11.9,0.81,6.0,0.85,20.39,0.86,21.6,0.87,23.0,0.88,24.6,0.05,0.05,0.094253,1776168497000
1776168499.131,199.131,0.19,6.0,0.15,20.39,0.14,21.6,0.13,23.0,0.12,24.6,0.24,1.0,0.29,22.6,0.3,12.4,0.31,62.2,0.32,11.9,0.76,1.0,0.71,22.6,0.7,12.4,0.69,62.2,0.68,11.9,0.81,6.0,0.85,20.39,0.86,21.6,0.87,23.0,0.88,24.6,0.05,0.05,0.094254,1776168498000
1776168500.135,200.135,0.19,6.0,0.15,20.39,0.14,21.6,0.13,23.0,0.12,24.6,0.24,1.0,0.29,22.6,0.3,12.4,0.31,62.2,0.32,11.9,0.76,1.0,0.71,22.6,0.7,12.4,0.69,62.2,0.68,11.9,0.81,6.0,0.85,20.39,0.86,21.6,0.87,23.0,0.88,24.6,0.05,0.05,0.094255,1776168499000
1776168500.363,200.363,0.15,20.39,0.14,21.6,0.13,23.0,0.12,24.6,0.11,26.6,0.23,6.0,0.29,22.6,0.3,24.8,0.31,74.4,0.32,11.9,0.76,1.0,0.71,22.6,0.7,12.4,0.69,62.2,0.68,11.9,0.81,6.0,0.85,20.39,0.86,21.6,0.87,23.0,0.88,24.6,0.08,0.05,0.094255,1776168499000
1776168501.234,201.234,0.15,20.39,0.14,21.6,0.13,23.0,0.12,24.6,0.11,26.6,0.23,6.0,0.29,22.6,0.3,24.8,0.31,74.4,0.32,11.9,0.77,6.0,0.71,22.6,0.7,24.8,0.69,74.4,0.68,11.9,0.85,20.39,0.86,21.6,0.87,23.0,0.88,24.6,0.89,26.6,0.08,0.08,0.094249,1776168500000
1776168502.282,202.282,0.15,20.39,0.14,21.6,0.13,23.0,0.12,24.6,0.11,26.6,0.23,6.0,0.29,22.6,0.3,24.8,0.31,74.4,0.32,11.9,0.77,6.0,0.71,22.6,0.7,24.8,0.69,74.4,0.68,11.9,0.85,20.39,0.86,21.6,0.87,23.0,0.88,24.6,0.89,26.6,0.08,0.08,0.094249,1776168501000
1776168503.397,203.397,0.15,20.39,0.14,21.6,0.13,23.0,0.12,24.6,0.11,26.6,0.23,6.0,0.29,22.6,0.3,24.8,0.31,74.4,0.32,11.9,0.77,6.0,0.71,22.6,0.7,24.8,0.69,74.4,0.68,11.9,0.85,20.39,0.86,21.6,0.87,23.0,0.88,24.6,0.89,26.6,0.08,0.08,0.094249,1776168502000
1776168503.976,203.976,0.15,20.39,0.14,21.6,0.13,23.0,0.12,24.6,0.11,26.6,0.23,6.0,0.29,22.6,0.3,24.8,0.31,74.4,0.32,11.9,0.77,6.0,0.71,22.6,0.7,24.8,0.69,74.4,0.68,11.9,0.85,20.39,0.86,21.6,0.87,23.0,0.88,24.6,0.89,26.6,0.08,0.08,0.094249,1776168503000
1776168505.075,205.075,0.15,20.39,0.14,21.6,0.13,23.0,0.12,24.6,0.11,26.6,0.23,6.0,0.29,22.6,0.3,24.8,0.31,74.4,0.32,11.9,0.77,6.0,0.71,22.6,0.7,24.8,0.69,74.4,0.68,11.9,0.85,20.39,0.86,21.6,0.87,23.0,0.88,24.6,0.89,26.6,0.08,0.08,0.09425,1776168504000
1776168506.144,206.144,0.15,20.39,0.14,21.6,0.13,23.0,0.12,24.6,0.11,26.6,0.23,6.0,0.29,22.6,0.3,24.8,0.31,74.4,0.32,11.9,0.77,6.0,0.71,22.6,0.7,24.8,0.69,74.4,0.68,11.9,0.85,20.39,0.86,21.6,0.87,23.0,0.88,24.6,0.89,26.6,0.08,0.08,0.09425,1776168505000
1776168507.203,207.203,0.15,20.39,0.14,21.6,0.13,23.0,0.12,24.6,0.11,26.6,0.23,6.0,0.29,22.6,0.3,24.8,0.31,74.4,0.32,11.9,0.77,6.0,0.71,22.6,0.7,24.8,0.69,74.4,0.68,11.9,0.85,20.39,0.86,21.6,0.87,23.0,0.88,24.6,0.89,26.6,0.08,0.08,0.094251,1776168506000
1776168508.635,208.635,0.15,20.39,0.14,21.6,0.13,23.0,0.12,24.6,0.11,26.6,0.23,6.0,0.29,22.6,0.3,24.8,0.31,74.4,0.32,11.9,0.77,6.0,0.71,22.6,0.7,24.8,0.69,74.4,0.68,11.9,0.85,20.39,0.86,21.6,0.87,23.0,0.88,24.6,0.89,26.6,0.08,0.08,0.094251,1776168507000
1776168509.844,209.844,0.15,20.39,0.14,21.6,0.13,23.0,0.12,24.6,0.11,26.6,0.23,6.0,0.29,22.6,0.3,24.8,0.31,74.4,0.32,11.9,0.77,6.0,0.71,22.6,0.7,24.8,0.69,74.4,0.68,11.9,0.85,20.39,0.86,21.6,0.87,23.0,0.88,24.6,0.89,26.6,0.08,0.08,0.094251,1776168508000
1776168510.277,210.277,0.15,20.39,0.14,21.6,0.13,23.0,0.12,24.6,0.11,26.6,0.23,6.0,0.29,22.6,0.3,24.8,0.31,74.4,0.32,11.9,0.77,6.0,0.71,22.6,0.7,24.8,0.69,74.4,0.68,11.9,0.85,20.39,0.86,21.6,0.87,23.0,0.88,24.6,0.89,26.6,0.08,0.08,0.09424,1776168509000
1776168511.327,211.327,0.1,6.67,0.09,31.7,0.08,35.29,0.07,39.9,0.06,46.1,0.15,5.0,0.19,6.0,0.21,50.0,0.27,13.2,0.28,12.9,0.77,6.0,0.71,22.6,0.7,24.8,0.69,74.4,0.68,11.9,0.85,20.39,0.86,21.6,0.87,23.0,0.88,24.6,0.89,26.6,0.05,0.08,0.09424,1776168509000
1776168512.048,212.048,0.1,6.67,0.09,31.7,0.08,35.29,0.07,39.9,0.06,46.1,0.15,5.0,0.19,6.0,0.21,50.0,0.27,13.2,0.28,12.9,0.85,5.0,0.81,6.0,0.79,50.0,0.73,13.2,0.72,12.9,0.9,6.67,0.91,31.7,0.92,35.29,0.93,39.9,0.94,46.1,0.05,0.05,0.094236,1776168511000
1776168513.238,213.238,0.1,6.67,0.09,31.7,0.08,35.29,0.07,39.9,0.06,46.1,0.15,5.0,0.19,6.0,0.21,50.0,0.27,13.2,0.28,12.9,0.85,5.0,0.81,6.0,0.79,50.0,0.73,13.2,0.72,12.9,0.9,6.67,0.91,31.7,0.92,35.29,0.93,39.9,0.94,46.1,0.05,0.05,0.094236,1776168512000
1776168514.282,214.282,0.1,6.67,0.09,31.7,0.08,35.29,0.07,39.9,0.06,46.1,0.15,5.0,0.19,6.0,0.21,50.0,0.27,13.2,0.28,12.9,0.85,5.0,0.81,6.0,0.79,50.0,0.73,13.2,0.72,12.9,0.9,6.67,0.91,31.7,0.92,35.29,0.93,39.9,0.94,46.1,0.05,0.05,0.094236,1776168513000
1776168515.565,215.565,0.1,6.67,0.09,31.7,0.08,35.29,0.07,39.9,0.06,46.1,0.15,5.0,0.19,6.0,0.21,50.0,0.27,13.2,0.28,12.9,0.85,5.0,0.81,6.0,0.79,50.0,0.73,13.2,0.72,12.9,0.9,6.67,0.91,31.7,0.92,35.29,0.93,39.9,0.94,46.1,0.05,0.05,0.094236,1776168514000
1776168515.998,215.998,0.1,6.67,0.09,31.7,0.08,35.29,0.07,39.9,0.06,46.1,0.15,5.0,0.19,6.0,0.21,50.0,0.27,13.2,0.28,12.9,0.85,5.0,0.81,6.0,0.79,50.0,0.73,13.2,0.72,12.9,0.9,6.67,0.91,31.7,0.92,35.29,0.93,39.9,0.94,46.1,0.05,0.05,0.094236,1776168515000
1776168517.113,217.113,0.1,6.67,0.09,31.7,0.08,35.29,0.07,39.9,0.06,46.1,0.15,5.0,0.19,6.0,0.21,50.0,0.27,13.2,0.28,12.9,0.85,5.0,0.81,6.0,0.79,50.0,0.73,13.2,0.72,12.9,0.9,6.67,0.91,31.7,0.92,35.29,0.93,39.9,0.94,46.1,0.05,0.05,0.094234,1776168516000
1776168518.264,218.264,0.1,6.67,0.09,31.7,0.08,35.29,0.07,39.9,0.06,46.1,0.15,5.0,0.19,6.0,0.21,50.0,0.27,13.2,0.28,12.9,0.85,5.0,0.81,6.0,0.79,50.0,0.73,13.2,0.72,12.9,0.9,6.67,0.91,31.7,0.92,35.29,0.93,39.9,0.94,46.1,0.05,0.05,0.094233,1776168517000
1776168518.528,218.528,0.1,35.57,0.09,31.7,0.08,35.29,0.07,39.9,0.06,46.1,0.16,5.0,0.21,65.7,0.22,15.2,0.23,14.7,0.24,14.3,0.85,5.0,0.81,6.0,0.79,50.0,0.73,13.2,0.72,12.9,0.9,6.67,0.91,31.7,0.92,35.29,0.93,39.9,0.94,46.1,0.06,0.05,0.094233,1776168517000
1776168519.225,219.225,0.1,30.57,0.09,31.7,0.08,35.29,0.07,39.9,0.06,46.1,0.16,5.0,0.2,16.3,0.21,65.7,0.22,15.2,0.23,14.7,0.84,5.0,0.79,65.7,0.78,15.2,0.77,14.7,0.76,14.3,0.9,35.57,0.91,31.7,0.92,35.29,0.93,39.9,0.94,46.1,0.06,0.06,0.094233,1776168517000
1776168520.469,220.469,0.1,30.57,0.09,31.7,0.08,35.29,0.07,39.9,0.06,46.1,0.16,5.0,0.2,16.3,0.21,65.7,0.22,15.2,0.23,14.7,0.84,5.0,0.8,16.3,0.79,65.7,0.78,15.2,0.77,14.7,0.9,30.57,0.91,31.7,0.92,35.29,0.93,39.9,0.94,46.1,0.06,0.06,0.094237,1776168519000
1776168521.058,221.058,0.1,30.57,0.09,31.7,0.08,35.29,0.07,39.9,0.06,46.1,0.16,5.0,0.2,16.3,0.21,65.7,0.22,15.2,0.23,14.7,0.84,5.0,0.8,16.3,0.79,65.7,0.78,15.2,0.77,14.7,0.9,30.57,0.91,31.7,0.92,35.29,0.93,39.9,0.94,46.1,0.06,0.06,0.094237,1776168520000
1776168522.17,222.17,0.1,30.57,0.09,31.7,0.08,35.29,0.07,39.9,0.06,46.1,0.16,5.0,0.2,16.3,0.21,65.7,0.22,15.2,0.23,14.7,0.84,5.0,0.8,16.3,0.79,65.7,0.78,15.2,0.77,14.7,0.9,30.57,0.91,31.7,0.92,35.29,0.93,39.9,0.94,46.1,0.06,0.06,0.094238,1776168521000
1776168524.017,224.017,0.1,30.57,0.09,31.7,0.08,35.29,0.07,39.9,0.06,46.1,0.16,5.0,0.2,16.3,0.21,65.7,0.22,15.2,0.23,14.7,0.84,5.0,0.8,16.3,0.79,65.7,0.78,15.2,0.77,14.7,0.9,30.57,0.91,31.7,0.92,35.29,0.93,39.9,0.94,46.1,0.06,0.06,0.094238,1776168522000
1776168524.522,224.522,0.1,30.57,0.09,31.7,0.08,35.29,0.07,39.9,0.06,46.1,0.16,5.0,0.2,16.3,0.21,65.7,0.22,15.2,0.23,14.7,0.84,5.0,0.8,16.3,0.79,65.7,0.78,15.2,0.77,14.7,0.9,30.57,0.91,31.7,0.92,35.29,0.93,39.9,0.94,46.1,0.06,0.06,0.094238,1776168523000
1776168525.129,225.129,0.1,30.57,0.09,31.7,0.08,35.29,0.07,39.9,0.06,46.1,0.16,5.0,0.2,16.3,0.21,65.7,0.22,15.2,0.23,14.7,0.84,5.0,0.8,16.3,0.79,65.7,0.78,15.2,0.77,14.7,0.9,30.57,0.91,31.7,0.92,35.29,0.93,39.9,0.94,46.1,0.06,0.06,0.094238,1776168524000
1776168526.323,226.323,0.1,30.57,0.09,31.7,0.08,35.29,0.07,39.9,0.06,46.1,0.16,5.0,0.2,16.3,0.21,65.7,0.22,15.2,0.23,14.7,0.84,5.0,0.8,16.3,0.79,65.7,0.78,15.2,0.77,14.7,0.9,30.57,0.91,31.7,0.92,35.29,0.93,39.9,0.94,46.1,0.06,0.06,0.094238,1776168525000
1776168527.465,227.465,0.1,30.57,0.09,31.7,0.08,35.29,0.07,39.9,0.06,46.1,0.16,5.0,0.2,16.3,0.21,65.7,0.22,15.2,0.23,14.7,0.84,5.0,0.8,16.3,0.79,65.7,0.78,15.2,0.77,14.7,0.9,30.57,0.91,31.7,0.92,35.29,0.93,39.9,0.94,46.1,0.06,0.06,0.094238,1776168526000
1776168527.87,227.87,0.1,30.57,0.09,31.7,0.08,35.29,0.07,39.9,0.06,46.1,0.16,5.0,0.2,16.3,0.21,65.7,0.22,15.2,0.23,14.7,0.84,5.0,0.8,16.3,0.79,65.7,0.78,15.2,0.77,14.7,0.9,30.57,0.91,31.7,0.92,35.29,0.93,39.9,0.94,46.1,0.06,0.06,0.094238,1776168527000
1776168529.014,229.014,0.1,30.57,0.09,31.7,0.08,35.29,0.07,39.9,0.06,46.1,0.16,5.0,0.2,16.3,0.21,65.7,0.22,15.2,0.23,14.7,0.84,5.0,0.8,16.3,0.79,65.7,0.78,15.2,0.77,14.7,0.9,30.57,0.91,31.7,0.92,35.29,0.93,39.9,0.94,46.1,0.06,0.06,0.094238,1776168528000
1776168530.195,230.195,0.1,30.57,0.09,31.7,0.08,35.29,0.07,39.9,0.06,46.1,0.16,5.0,0.2,16.3,0.21,65.7,0.22,15.2,0.23,14.7,0.84,5.0,0.8,16.3,0.79,65.7,0.78,15.2,0.77,14.7,0.9,30.57,0.91,31.7,0.92,35.29,0.93,39.9,0.94,46.1,0.06,0.06,0.094238,1776168529000
1776168531.195,231.195,0.1,30.57,0.09,31.7,0.08,35.29,0.07,39.9,0.06,46.1,0.16,5.0,0.2,16.3,0.21,65.7,0.22,15.2,0.23,14.7,0.84,5.0,0.8,16.3,0.79,65.7,0.78,15.2,0.77,14.7,0.9,30.57,0.91,31.7,0.92,35.29,0.93,39.9,0.94,46.1,0.06,0.06,0.094238,1776168530000
1776168532.357,232.357,0.1,30.57,0.09,31.7,0.08,35.29,0.07,39.9,0.06,46.1,0.16,5.0,0.2,16.3,0.21,65.7,0.22,15.2,0.23,14.7,0.84,5.0,0.8,16.3,0.79,65.7,0.78,15.2,0.77,14.7,0.9,30.57,0.91,31.7,0.92,35.29,0.93,39.9,0.94,46.1,0.06,0.06,0.094238,1776168531000
1776168532.885,232.885,0.1,30.57,0.09,31.7,0.08,35.29,0.07,39.9,0.06,46.1,0.16,5.0,0.2,16.3,0.21,65.7,0.22,15.2,0.23,14.7,0.84,5.0,0.8,16.3,0.79,65.7,0.78,15.2,0.77,14.7,0.9,30.57,0.91,31.7,0.92,35.29,0.93,39.9,0.94,46.1,0.06,0.06,0.094232,1776168532000
1776168534.006,234.006,0.1,30.57,0.09,31.7,0.08,35.29,0.07,39.9,0.06,46.1,0.16,5.0,0.2,16.3,0.21,65.7,0.22,15.2,0.23,14.7,0.84,5.0,0.8,16.3,0.79,65.7,0.78,15.2,0.77,14.7,0.9,30.57,0.91,31.7,0.92,35.29,0.93,39.9,0.94,46.1,0.06,0.06,0.09422,1776168533000
1776168534.833,234.833,0.05,10.37,0.04,77.7,0.03,89.3,0.02,147.69,0.01,523.69,0.14,21.6,0.15,20.39,0.16,36.3,0.17,18.39,0.18,17.6,0.84,5.0,0.8,16.3,0.79,65.7,0.78,15.2,0.77,14.7,0.9,30.57,0.91,31.7,0.92,35.29,0.93,39.9,0.94,46.1,0.09,0.06,0.09422,1776168533000
1776168535.171,235.171,0.05,10.37,0.04,77.7,0.03,89.3,0.02,147.69,0.01,523.69,0.14,21.6,0.15,20.39,0.16,36.3,0.17,18.39,0.18,17.6,0.86,21.6,0.85,20.39,0.84,36.3,0.83,18.39,0.82,17.6,0.95,10.37,0.96,77.7,0.97,89.3,0.98,147.69,0.99,523.69,0.09,0.09,0.09422,1776168534000
1776168536.221,236.221,0.05,10.37,0.04,77.7,0.03,89.3,0.02,147.69,0.01,523.69,0.14,21.6,0.15,20.39,0.16,36.3,0.17,18.39,0.18,17.6,0.86,21.6,0.85,20.39,0.84,36.3,0.83,18.39,0.82,17.6,0.95,10.37,0.96,77.7,0.97,89.3,0.98,147.69,0.99,523.69,0.09,0.09,0.09422,1776168535000
1776168537.31,237.31,0.05,10.37,0.04,77.7,0.03,89.3,0.02,147.69,0.01,523.69,0.14,21.6,0.15,20.39,0.16,36.3,0.17,18.39,0.18,17.6,0.86,21.6,0.85,20.39,0.84,36.3,0.83,18.39,0.82,17.6,0.95,10.37,0.96,77.7,0.97,89.3,0.98,147.69,0.99,523.69,0.09,0.09,0.094219,1776168536000
1776168538.288,238.288,0.05,10.37,0.04,77.7,0.03,89.3,0.02,147.69,0.01,523.69,0.14,21.6,0.15,20.39,0.16,36.3,0.17,18.39,0.18,17.6,0.86,21.6,0.85,20.39,0.84,36.3,0.83,18.39,0.82,17.6,0.95,10.37,0.96,77.7,0.97,89.3,0.98,147.69,0.99,523.69,0.09,0.09,0.094219,1776168537000
1776168539.317,239.317,0.05,10.37,0.04,77.7,0.03,89.3,0.02,147.69,0.01,523.69,0.14,21.6,0.15,20.39,0.16,36.3,0.17,18.39,0.18,17.6,0.86,21.6,0.85,20.39,0.84,36.3,0.83,18.39,0.82,17.6,0.95,10.37,0.96,77.7,0.97,89.3,0.98,147.69,0.99,523.69,0.09,0.09,0.094219,1776168538000
1776168540.415,240.415,0.05,10.37,0.04,77.7,0.03,89.3,0.02,147.69,0.01,523.69,0.14,21.6,0.15,20.39,0.16,36.3,0.17,18.39,0.18,17.6,0.86,21.6,0.85,20.39,0.84,36.3,0.83,18.39,0.82,17.6,0.95,10.37,0.96,77.7,0.97,89.3,0.98,147.69,0.99,523.69,0.09,0.09,0.094217,1776168539000
1776168540.935,240.935,0.05,10.37,0.04,77.7,0.03,89.3,0.02,147.69,0.01,523.69,0.14,21.6,0.15,20.39,0.16,36.3,0.17,18.39,0.18,17.6,0.86,21.6,0.85,20.39,0.84,36.3,0.83,18.39,0.82,17.6,0.95,10.37,0.96,77.7,0.97,89.3,0.98,147.69,0.99,523.69,0.09,0.09,0.094217,1776168540000
1776168542.04,242.04,0.05,10.37,0.04,77.7,0.03,89.3,0.02,147.69,0.01,523.69,0.14,21.6,0.15,20.39,0.16,36.3,0.17,18.39,0.18,17.6,0.86,21.6,0.85,20.39,0.84,36.3,0.83,18.39,0.82,17.6,0.95,10.37,0.96,77.7,0.97,89.3,0.98,147.69,0.99,523.69,0.09,0.09,0.094212,1776168541000
1776168543.082,243.082,0.05,10.37,0.04,77.7,0.03,89.3,0.02,147.69,0.01,523.69,0.14,21.6,0.15,20.39,0.16,36.3,0.17,18.39,0.18,17.6,0.86,21.6,0.85,20.39,0.84,36.3,0.83,18.39,0.82,17.6,0.95,10.37,0.96,77.7,0.97,89.3,0.98,147.69,0.99,523.69,0.09,0.09,0.094206,1776168542000
1776168543.997,243.997,0.05,10.37,0.04,77.7,0.03,89.3,0.02,147.69,0.01,523.69,0.14,21.6,0.15,20.39,0.16,36.3,0.17,18.39,0.18,17.6,0.86,21.6,0.85,20.39,0.84,36.3,0.83,18.39,0.82,17.6,0.95,10.37,0.96,77.7,0.97,89.3,0.98,147.69,0.99,523.69,0.09,0.09,0.094205,1776168543000
1776168545.017,245.017,0.05,10.37,0.04,77.7,0.03,89.3,0.02,147.69,0.01,523.69,0.14,21.6,0.15,20.39,0.16,36.3,0.17,18.39,0.18,17.6,0.86,21.6,0.85,20.39,0.84,36.3,0.83,18.39,0.82,17.6,0.95,10.37,0.96,77.7,0.97,89.3,0.98,147.69,0.99,523.69,0.09,0.09,0.094206,1776168544000
1776168545.965,245.965,0.03,81.7,0.02,147.69,0.01,518.69,,,,,0.07,39.9,0.08,35.29,0.09,31.7,0.1,28.9,0.11,76.6,0.93,39.9,0.92,35.29,0.91,31.7,0.9,28.9,0.89,76.6,0.97,81.7,0.98,147.69,0.99,518.69,,,,,0.04,0.04,0.094207,1776168545000
1776168546.943,246.943,0.03,81.7,0.02,147.69,0.01,518.69,,,,,0.07,39.9,0.08,35.29,0.09,31.7,0.1,28.9,0.11,76.6,0.93,39.9,0.92,35.29,0.91,31.7,0.9,28.9,0.89,76.6,0.97,81.7,0.98,147.69,0.99,518.69,,,,,0.04,0.04,0.094207,1776168546000
1776168547.937,247.937,0.03,81.7,0.02,147.69,0.01,518.69,,,,,0.07,39.9,0.08,35.29,0.09,31.7,0.1,28.9,0.11,76.6,0.93,39.9,0.92,35.29,0.91,31.7,0.9,28.9,0.89,76.6,0.97,81.7,0.98,147.69,0.99,518.69,,,,,0.04,0.04,0.094206,1776168547000
1776168548.897,248.897,0.03,81.7,0.02,147.69,0.01,518.69,,,,,0.07,39.9,0.08,35.29,0.09,31.7,0.1,28.9,0.11,76.6,0.93,39.9,0.92,35.29,0.91,31.7,0.9,28.9,0.89,76.6,0.97,81.7,0.98,147.69,0.99,518.69,,,,,0.04,0.04,0.094206,1776168548000
1776168549.866,249.866,0.03,81.7,0.02,147.69,0.01,518.69,,,,,0.07,39.9,0.08,35.29,0.09,31.7,0.1,28.9,0.11,76.6,0.93,39.9,0.92,35.29,0.91,31.7,0.9,28.9,0.89,76.6,0.97,81.7,0.98,147.69,0.99,518.69,,,,,0.04,0.04,0.094206,1776168549000
1776168550.081,250.081,0.02,4.9,0.01,518.69,,,,,,,0.04,67.7,0.05,59.96,0.06,46.1,0.07,44.9,0.08,45.29,0.93,39.9,0.92,35.29,0.91,31.7,0.9,28.9,0.89,76.6,0.97,81.7,0.98,147.69,0.99,518.69,,,,,0.02,0.04,0.094206,1776168549000
1776168551.398,251.398,0.01,518.69,,,,,,,,,0.03,89.3,0.04,67.7,0.05,54.7,0.06,46.1,0.07,44.9,0.96,67.7,0.95,59.96,0.94,46.1,0.93,44.9,0.92,45.29,0.98,4.9,0.99,518.69,,,,,,,0.02,0.02,0.094206,1776168549000
1776168551.826,251.826,0.01,437.54,,,,,,,,,0.03,89.3,0.04,67.7,0.05,54.7,0.06,46.1,0.07,44.9,0.97,89.3,0.96,67.7,0.95,54.7,0.94,46.1,0.93,44.9,0.99,518.69,,,,,,,,,0.02,0.02,0.094181,1776168550000
1776168552.424,252.424,0.01,437.54,,,,,,,,,0.03,89.3,0.04,67.7,0.05,54.7,0.06,46.1,0.07,44.9,0.97,89.3,0.96,67.7,0.95,54.7,0.94,46.1,0.93,44.9,0.99,437.54,,,,,,,,,0.02,0.02,0.094179,1776168551000
1776168553.032,253.032,0.01,437.54,,,,,,,,,0.03,89.3,0.04,67.7,0.05,54.7,0.06,46.1,0.07,44.9,0.97,89.3,0.96,67.7,0.95,54.7,0.94,46.1,0.93,44.9,0.99,437.54,,,,,,,,,0.02,0.02,0.094178,1776168552000
1776168554.789,254.789,0.01,437.54,,,,,,,,,0.03,89.3,0.04,67.7,0.05,54.7,0.06,46.1,0.07,44.9,0.97,89.3,0.96,67.7,0.95,54.7,0.94,46.1,0.93,44.9,0.99,437.54,,,,,,,,,0.02,0.02,0.094178,1776168553000
1776168555.335,255.335,0.01,437.54,,,,,,,,,0.03,89.3,0.04,67.7,0.05,54.7,0.06,46.1,0.07,44.9,0.97,89.3,0.96,67.7,0.95,54.7,0.94,46.1,0.93,44.9,0.99,437.54,,,,,,,,,0.02,0.02,0.094179,1776168554000
1776168555.957,255.957,0.01,132.62,,,,,,,,,0.03,89.3,0.04,67.7,0.05,54.7,0.06,46.1,0.07,44.9,0.97,89.3,0.96,67.7,0.95,54.7,0.94,46.1,0.93,44.9,0.99,437.54,,,,,,,,,0.02,0.02,0.094179,1776168554000
1776168556.221,256.221,0.01,132.62,,,,,,,,,0.03,89.3,0.04,67.7,0.05,54.7,0.06,46.1,0.07,44.9,0.97,89.3,0.96,67.7,0.95,54.7,0.94,46.1,0.93,44.9,0.99,132.62,,,,,,,,,0.02,0.02,0.09418,1776168555000
1776168557.658,257.658,0.01,132.62,,,,,,,,,0.03,89.3,0.04,67.7,0.05,54.7,0.06,46.1,0.07,44.9,0.97,89.3,0.96,67.7,0.95,54.7,0.94,46.1,0.93,44.9,0.99,132.62,,,,,,,,,0.02,0.02,0.09418,1776168556000
1776168558.47,258.47,0.01,132.62,,,,,,,,,0.03,89.3,0.04,67.7,0.05,54.7,0.06,46.1,0.07,44.9,0.97,89.3,0.96,67.7,0.95,54.7,0.94,46.1,0.93,44.9,0.99,132.62,,,,,,,,,0.02,0.02,0.09418,1776168557000
1776168559.169,259.169,0.01,132.62,,,,,,,,,0.03,89.3,0.04,67.7,0.05,54.7,0.06,46.1,0.07,44.9,0.97,89.3,0.96,67.7,0.95,54.7,0.94,46.1,0.93,44.9,0.99,132.62,,,,,,,,,0.02,0.02,0.09418,1776168558000
1776168559.377,259.377,0.01,380.22,,,,,,,,,0.03,89.3,0.04,67.7,0.05,54.7,0.06,46.1,0.07,49.9,0.97,89.3,0.96,67.7,0.95,54.7,0.94,46.1,0.93,44.9,0.99,132.62,,,,,,,,,0.02,0.02,0.09418,1776168558000
1776168560.051,260.051,0.01,379.2,,,,,,,,,0.03,89.3,0.04,67.7,0.05,54.7,0.06,46.1,0.07,49.9,0.97,89.3,0.96,67.7,0.95,54.7,0.94,46.1,0.93,49.9,0.99,380.22,,,,,,,,,0.02,0.02,0.09418,1776168558000
1776168560.732,260.732,0.01,379.2,,,,,,,,,0.03,89.3,0.04,67.7,0.05,54.7,0.06,46.1,0.07,49.9,0.97,89.3,0.96,67.7,0.95,54.7,0.94,46.1,0.93,49.9,0.99,379.2,,,,,,,,,0.02,0.02,0.094182,1776168559000
1776168561.181,261.181,0.01,276.43,,,,,,,,,0.03,89.3,0.04,67.7,0.05,54.7,0.06,46.1,0.07,49.9,0.97,89.3,0.96,67.7,0.95,54.7,0.94,46.1,0.93,49.9,0.99,377.43,,,,,,,,,0.02,0.02,0.094182,1776168559000
1776168561.46,261.46,0.01,276.43,,,,,,,,,0.03,89.3,0.04,67.7,0.05,54.7,0.06,46.1,0.07,49.9,0.97,89.3,0.96,67.7,0.95,54.7,0.94,46.1,0.93,49.9,0.99,276.43,,,,,,,,,0.02,0.02,0.094183,1776168560000
1776168562.309,262.309,0.01,276.43,,,,,,,,,0.03,89.3,0.04,67.7,0.05,54.7,0.06,46.1,0.07,49.9,0.97,89.3,0.96,67.7,0.95,54.7,0.94,46.1,0.93,49.9,0.99,276.43,,,,,,,,,0.02,0.02,0.094182,1776168561000
1776168563.053,263.053,0.01,256.43,,,,,,,,,0.03,89.3,0.04,67.7,0.05,54.7,0.06,46.1,0.07,39.9,0.97,89.3,0.96,67.7,0.95,54.7,0.94,46.1,0.93,49.9,0.99,276.43,,,,,,,,,0.02,0.02,0.094182,1776168561000
1776168563.724,263.724,0.01,256.43,,,,,,,,,0.03,89.3,0.04,67.7,0.05,54.7,0.06,46.1,0.07,39.9,0.97,89.3,0.96,67.7,0.95,54.7,0.94,46.1,0.93,39.9,0.99,256.43,,,,,,,,,0.02,0.02,0.094182,1776168562000
1776168564.601,264.601,0.01,256.43,,,,,,,,,0.03,89.3,0.04,67.7,0.05,54.7,0.06,46.1,0.07,39.9,0.97,89.3,0.96,67.7,0.95,54.7,0.94,46.1,0.93,39.9,0.99,256.43,,,,,,,,,0.02,0.02,0.094182,1776168563000
1776168565.319,265.319,0.01,256.43,,,,,,,,,0.03,89.3,0.04,67.7,0.05,54.7,0.06,46.1,0.07,39.9,0.97,89.3,0.96,67.7,0.95,54.7,0.94,46.1,0.93,39.9,0.99,256.43,,,,,,,,,0.02,0.02,0.094177,1776168564000
1776168566.066,266.066,0.01,256.43,,,,,,,,,0.03,89.3,0.04,67.7,0.05,54.7,0.06,46.1,0.07,39.9,0.97,89.3,0.96,67.7,0.95,54.7,0.94,46.1,0.93,39.9,0.99,256.43,,,,,,,,,0.02,0.02,0.094177,1776168565000
1776168567.674,267.674,0.01,256.43,,,,,,,,,0.03,89.3,0.04,67.7,0.05,54.7,0.06,46.1,0.07,39.9,0.97,89.3,0.96,67.7,0.95,54.7,0.94,46.1,0.93,39.9,0.99,256.43,,,,,,,,,0.02,0.02,0.094177,1776168566000
1776168568.44,268.44,0.01,256.43,,,,,,,,,0.03,89.3,0.04,67.7,0.05,54.7,0.06,46.1,0.07,39.9,0.97,89.3,0.96,67.7,0.95,54.7,0.94,46.1,0.93,39.9,0.99,256.43,,,,,,,,,0.02,0.02,0.094177,1776168567000
1776168569.089,269.089,,,,,,,,,,,0.01,5.1,0.02,132.69,0.03,89.3,0.04,67.7,0.05,54.7,0.97,89.3,0.96,67.7,0.95,54.7,0.94,46.1,0.93,39.9,0.99,256.43,,,,,,,,,,0.02,0.094177,1776168567000
1776168570.918,270.918,,,,,,,,,,,0.01,5.1,0.02,132.69,0.03,89.3,0.04,67.7,0.05,54.7,0.99,5.1,0.98,132.69,0.97,89.3,0.96,67.7,0.95,54.7,,,,,,,,,,,,,0.094181,1776168569000
1776168571.54,271.54,,,,,,,,,,,0.01,5.1,0.02,132.69,0.03,89.3,0.04,67.7,0.05,54.7,0.99,5.1,0.98,132.69,0.97,89.3,0.96,67.7,0.95,54.7,,,,,,,,,,,,,0.094184,1776168570000
1776168571.992,271.992,,,,,,,,,,,0.01,5.1,0.02,132.69,0.03,89.3,0.04,67.7,0.05,54.7,0.99,5.1,0.98,132.69,0.97,89.3,0.96,67.7,0.95,54.7,,,,,,,,,,,,,0.094184,1776168571000
1776168573.003,273.003,,,,,,,,,,,0.01,5.1,0.02,132.69,0.03,89.3,0.04,67.7,0.05,54.7,0.99,5.1,0.98,132.69,0.97,89.3,0.96,67.7,0.95,54.7,,,,,,,,,,,,,0.094184,1776168572000
1776168574.075,274.075,,,,,,,,,,,0.01,5.1,0.02,132.69,0.03,89.3,0.04,67.7,0.05,54.7,0.99,5.1,0.98,132.69,0.97,89.3,0.96,67.7,0.95,54.7,,,,,,,,,,,,,0.094184,1776168573000
1776168575.004,275.004,,,,,,,,,,,0.01,5.1,0.02,132.69,0.03,89.3,0.04,67.7,0.05,54.7,0.99,5.1,0.98,132.69,0.97,89.3,0.96,67.7,0.95,54.7,,,,,,,,,,,,,0.094184,1776168574000
1776168576.0,276.0,,,,,,,,,,,0.01,5.1,0.02,132.69,0.03,89.3,0.04,67.7,0.05,54.7,0.99,5.1,0.98,132.69,0.97,89.3,0.96,67.7,0.95,54.7,,,,,,,,,,,,,0.094184,1776168575000
1776168576.887,276.887,,,,,,,,,,,0.01,5.1,0.02,132.69,0.03,89.3,0.04,67.7,0.05,54.7,0.99,5.1,0.98,132.69,0.97,89.3,0.96,67.7,0.95,54.7,,,,,,,,,,,,,0.094185,1776168576000
1776168577.877,277.877,,,,,,,,,,,0.01,5.1,0.02,132.69,0.03,89.3,0.04,67.7,0.05,54.7,0.99,5.1,0.98,132.69,0.97,89.3,0.96,67.7,0.95,54.7,,,,,,,,,,,,,0.094186,1776168577000
1776168578.874,278.874,,,,,,,,,,,0.01,5.1,0.02,132.69,0.03,89.3,0.04,67.7,0.05,54.7,0.99,5.1,0.98,132.69,0.97,89.3,0.96,67.7,0.95,54.7,,,,,,,,,,,,,0.094202,1776168578000
1776168580.293,280.293,,,,,,,,,,,0.01,5.1,0.02,132.69,0.03,89.3,0.04,67.7,0.05,54.7,0.99,5.1,0.98,132.69,0.97,89.3,0.96,67.7,0.95,54.7,,,,,,,,,,,,,0.0942,1776168579000
1776168581.221,281.221,,,,,,,,,,,0.01,5.1,0.02,132.69,0.03,89.3,0.04,67.7,0.05,54.7,0.99,5.1,0.98,132.69,0.97,89.3,0.96,67.7,0.95,54.7,,,,,,,,,,,,,0.0942,1776168580000
1776168582.211,282.211,,,,,,,,,,,0.01,5.1,0.02,132.69,0.03,89.3,0.04,67.7,0.05,54.7,0.99,5.1,0.98,132.69,0.97,89.3,0.96,67.7,0.95,54.7,,,,,,,,,,,,,0.0942,1776168581000
1776168583.763,283.763,,,,,,,,,,,0.01,5.1,0.02,132.69,0.03,89.3,0.04,67.7,0.05,54.7,0.99,5.1,0.98,132.69,0.97,89.3,0.96,67.7,0.95,54.7,,,,,,,,,,,,,0.094201,1776168582000
1776168584.714,284.714,,,,,,,,,,,0.01,5.1,0.02,132.69,0.03,89.3,0.04,67.7,0.05,54.7,0.99,5.1,0.98,132.69,0.97,89.3,0.96,67.7,0.95,54.7,,,,,,,,,,,,,0.094201,1776168583000
1776168585.139,285.139,,,,,,,,,,,0.01,5.1,0.02,132.69,0.03,89.3,0.04,67.7,0.05,54.7,0.99,5.1,0.98,132.69,0.97,89.3,0.96,67.7,0.95,54.7,,,,,,,,,,,,,0.094197,1776168584000
1776168586.748,286.748,,,,,,,,,,,0.01,5.1,0.02,132.69,0.03,89.3,0.04,67.7,0.05,54.7,0.99,5.1,0.98,132.69,0.97,89.3,0.96,67.7,0.95,54.7,,,,,,,,,,,,,0.094187,1776168585000
1776168587.535,287.535,,,,,,,,,,,0.01,5.1,0.02,132.69,0.03,89.3,0.04,67.7,0.05,54.7,0.99,5.1,0.98,132.69,0.97,89.3,0.96,67.7,0.95,54.7,,,,,,,,,,,,,0.094187,1776168586000
1776168588.221,288.221,,,,,,,,,,,0.01,5.1,0.02,132.69,0.03,89.3,0.04,67.7,0.05,54.7,0.99,5.1,0.98,132.69,0.97,89.3,0.96,67.7,0.95,54.7,,,,,,,,,,,,,0.094188,1776168587000
1776168589.964,289.964,,,,,,,,,,,0.01,5.1,0.02,132.69,0.03,89.3,0.04,67.7,0.05,54.7,0.99,5.1,0.98,132.69,0.97,89.3,0.96,67.7,0.95,54.7,,,,,,,,,,,,,0.094187,1776168588000
1776168590.542,290.542,,,,,,,,,,,0.01,5.1,0.02,132.69,0.03,89.3,0.04,67.7,0.05,54.7,0.99,5.1,0.98,132.69,0.97,89.3,0.96,67.7,0.95,54.7,,,,,,,,,,,,,0.094187,1776168589000
1776168591.268,291.268,,,,,,,,,,,0.01,5.1,0.02,132.69,0.03,89.3,0.04,67.7,0.05,54.7,0.99,5.1,0.98,132.69,0.97,89.3,0.96,67.7,0.95,54.7,,,,,,,,,,,,,0.094175,1776168590000
1776168592.62,292.62,,,,,,,,,,,0.01,5.1,0.02,132.69,0.03,89.3,0.04,67.7,0.05,54.7,0.99,5.1,0.98,132.69,0.97,89.3,0.96,67.7,0.95,54.7,,,,,,,,,,,,,0.094173,1776168591000
1776168593.338,293.338,,,,,,,,,,,0.01,5.1,0.02,132.69,0.03,89.3,0.04,67.7,0.05,54.7,0.99,5.1,0.98,132.69,0.97,89.3,0.96,67.7,0.95,54.7,,,,,,,,,,,,,0.09417,1776168592000
1776168594.112,294.112,,,,,,,,,,,0.01,5.1,0.02,132.69,0.03,89.3,0.04,67.7,0.05,54.7,0.99,5.1,0.98,132.69,0.97,89.3,0.96,67.7,0.95,54.7,,,,,,,,,,,,,0.094171,1776168593000
1776168595.373,295.373,,,,,,,,,,,0.01,5.1,0.02,132.69,0.03,89.3,0.04,67.7,0.05,54.7,0.99,5.1,0.98,132.69,0.97,89.3,0.96,67.7,0.95,54.7,,,,,,,,,,,,,0.094172,1776168594000
1776168596.102,296.102,,,,,,,,,,,0.01,5.1,0.02,132.69,0.03,89.3,0.04,67.7,0.05,54.7,0.99,5.1,0.98,132.69,0.97,89.3,0.96,67.7,0.95,54.7,,,,,,,,,,,,,0.094174,1776168595000
1776168597.389,297.389,,,,,,,,,,,0.01,5.1,0.02,132.69,0.03,89.3,0.04,67.7,0.05,54.7,0.99,5.1,0.98,132.69,0.97,89.3,0.96,67.7,0.95,54.7,,,,,,,,,,,,,0.094173,1776168596000
1776168598.305,298.305,,,,,,,,,,,0.01,5.1,0.02,132.69,0.03,89.3,0.04,67.7,0.05,54.7,0.99,5.1,0.98,132.69,0.97,89.3,0.96,67.7,0.95,54.7,,,,,,,,,,,,,0.094173,1776168597000
1776168599.721,299.721,,,,,,,,,,,0.01,5.1,0.02,132.69,0.03,89.3,0.04,67.7,0.05,54.7,0.99,5.1,0.98,132.69,0.97,89.3,0.96,67.7,0.95,54.7,,,,,,,,,,,,,0.094174,1776168598000
1776168600.305,300.305,,,,,,,,,,,0.01,5.1,0.02,132.69,0.03,89.3,0.04,67.7,0.05,54.7,0.99,5.1,0.98,132.69,0.97,89.3,0.96,67.7,0.95,54.7,,,,,,,,,,,,,0.094175,1776168599000
1776168601.996,301.996,,,,,,,,,,,0.01,5.1,0.02,132.69,0.03,89.3,0.04,67.7,0.05,54.7,0.99,5.1,0.98,132.69,0.97,89.3,0.96,67.7,0.95,54.7,,,,,,,,,,,,,0.094175,1776168601000

# RESULT,winner=Down,slug=doge-updown-5m-1776168300,ticks=314
