timestamp,elapsed_sec,up_bid_p1,up_bid_s1,up_bid_p2,up_bid_s2,up_ask_p1,up_ask_s1,up_ask_p2,up_ask_s2,down_bid_p1,down_bid_s1,down_bid_p2,down_bid_s2,down_ask_p1,down_ask_s1,down_ask_p2,down_ask_s2,up_spread,down_spread,doge_price,doge_oracle_ts
1776226501.303,1.303,,,,,,,,,,,,,,,,,,,0.093216,1776226500000
1776226501.814,1.814,0.49,0.4,0.33,300.0,0.5,11.0,0.67,300.0,0.5,5.0,0.33,300.0,0.51,0.4,0.67,300.0,0.01,0.01,0.093216,1776226500000
1776226502.595,2.595,0.49,0.4,0.33,300.0,0.5,11.0,0.67,300.0,0.5,11.0,0.33,300.0,0.51,0.4,0.67,300.0,0.01,0.01,0.093206,1776226501000
1776226503.305,3.305,0.49,0.4,0.33,300.0,0.5,11.0,0.67,300.0,0.5,11.0,0.33,300.0,0.51,0.4,0.67,300.0,0.01,0.01,0.09319,1776226502000
1776226504.123,4.123,0.49,0.4,0.33,300.0,0.5,11.0,0.67,300.0,0.5,11.0,0.33,300.0,0.51,0.4,0.67,300.0,0.01,0.01,0.093186,1776226503000
1776226504.948,4.948,0.31,436.0,0.28,12.0,0.5,31.0,0.61,50.0,0.5,11.0,0.33,300.0,0.51,0.4,0.67,300.0,0.19,0.01,0.093186,1776226503000
1776226505.937,5.937,0.31,436.0,0.28,12.0,0.5,31.0,0.61,50.0,0.5,31.0,0.39,50.0,0.69,436.0,0.72,12.0,0.19,0.19,0.093187,1776226504000
1776226506.429,6.429,0.31,436.0,0.28,12.0,0.5,31.0,0.61,50.0,0.5,31.0,0.39,50.0,0.69,436.0,0.72,12.0,0.19,0.19,0.093186,1776226505000
1776226507.083,7.083,0.31,436.0,0.28,12.0,0.5,31.0,0.61,50.0,0.5,31.0,0.39,50.0,0.69,436.0,0.72,12.0,0.19,0.19,0.093185,1776226506000
1776226508.192,8.192,0.31,436.0,0.28,12.0,0.5,31.0,0.61,50.0,0.5,31.0,0.39,50.0,0.69,436.0,0.72,12.0,0.19,0.19,0.093184,1776226507000
1776226508.719,8.719,0.49,5.0,0.41,50.0,0.5,15.0,0.62,5.0,0.5,20.0,0.38,5.0,0.51,5.0,0.59,50.0,0.01,0.01,0.093184,1776226507000
1776226509.32,9.32,0.49,5.0,0.41,50.0,0.5,15.0,0.62,5.0,0.5,15.0,0.38,5.0,0.51,5.0,0.59,50.0,0.01,0.01,0.093188,1776226508000
1776226509.894,9.894,0.49,5.0,0.41,50.0,0.5,15.0,0.62,5.0,0.5,15.0,0.38,5.0,0.51,5.0,0.59,50.0,0.01,0.01,0.0932,1776226509000
1776226511.034,11.034,0.49,5.0,0.41,50.0,0.5,15.0,0.62,5.0,0.5,15.0,0.38,5.0,0.51,5.0,0.59,50.0,0.01,0.01,0.093215,1776226510000
1776226512.178,12.178,0.49,5.0,0.41,50.0,0.5,15.0,0.62,5.0,0.5,15.0,0.38,5.0,0.51,5.0,0.59,50.0,0.01,0.01,0.093209,1776226511000
1776226513.397,13.397,0.49,5.0,0.41,50.0,0.5,15.0,0.62,5.0,0.5,15.0,0.38,5.0,0.51,5.0,0.59,50.0,0.01,0.01,0.093209,1776226512000
1776226513.963,13.963,0.49,5.0,0.41,50.0,0.5,15.0,0.62,5.0,0.5,15.0,0.38,5.0,0.51,5.0,0.59,50.0,0.01,0.01,0.093209,1776226513000
1776226515.118,15.118,0.49,5.0,0.41,50.0,0.5,15.0,0.62,5.0,0.5,15.0,0.38,5.0,0.51,5.0,0.59,50.0,0.01,0.01,0.093209,1776226514000
1776226516.225,16.225,0.49,5.0,0.41,50.0,0.5,15.0,0.62,5.0,0.5,15.0,0.38,5.0,0.51,5.0,0.59,50.0,0.01,0.01,0.093208,1776226515000
1776226517.212,17.212,0.49,5.0,0.41,50.0,0.5,15.0,0.62,5.0,0.5,15.0,0.38,5.0,0.51,5.0,0.59,50.0,0.01,0.01,0.093208,1776226516000
1776226518.288,18.288,0.49,5.0,0.41,50.0,0.5,15.0,0.62,5.0,0.5,15.0,0.38,5.0,0.51,5.0,0.59,50.0,0.01,0.01,0.09321,1776226517000
1776226519.29,19.29,0.49,5.0,0.41,50.0,0.5,15.0,0.62,5.0,0.5,15.0,0.38,5.0,0.51,5.0,0.59,50.0,0.01,0.01,0.093209,1776226518000
1776226520.719,20.719,0.49,5.0,0.41,50.0,0.5,15.0,0.62,5.0,0.5,15.0,0.38,5.0,0.51,5.0,0.59,50.0,0.01,0.01,0.093208,1776226519000
1776226521.345,21.345,0.49,5.0,0.41,50.0,0.5,15.0,0.62,5.0,0.5,15.0,0.38,5.0,0.51,5.0,0.59,50.0,0.01,0.01,0.093208,1776226520000
1776226522.467,22.467,0.49,5.0,0.41,50.0,0.5,15.0,0.62,5.0,0.5,15.0,0.38,5.0,0.51,5.0,0.59,50.0,0.01,0.01,0.093208,1776226521000
1776226522.99,22.99,0.49,5.0,0.41,50.0,0.5,15.0,0.62,5.0,0.5,15.0,0.38,5.0,0.51,5.0,0.59,50.0,0.01,0.01,0.093208,1776226522000
1776226524.197,24.197,0.49,5.0,0.41,50.0,0.5,15.0,0.62,5.0,0.5,15.0,0.38,5.0,0.51,5.0,0.59,50.0,0.01,0.01,0.093208,1776226523000
1776226525.428,25.428,0.49,5.0,0.41,50.0,0.5,15.0,0.62,5.0,0.5,15.0,0.38,5.0,0.51,5.0,0.59,50.0,0.01,0.01,0.093205,1776226524000
1776226526.539,26.539,0.49,5.0,0.41,50.0,0.5,15.0,0.62,5.0,0.5,15.0,0.38,5.0,0.51,5.0,0.59,50.0,0.01,0.01,0.093204,1776226525000
1776226527.056,27.056,0.49,5.0,0.41,50.0,0.5,15.0,0.62,5.0,0.5,15.0,0.38,5.0,0.51,5.0,0.59,50.0,0.01,0.01,0.093204,1776226526000
1776226528.206,28.206,0.49,5.0,0.41,50.0,0.5,15.0,0.62,5.0,0.5,15.0,0.38,5.0,0.51,5.0,0.59,50.0,0.01,0.01,0.093208,1776226527000
1776226529.309,29.309,0.49,5.0,0.41,50.0,0.5,15.0,0.62,5.0,0.5,15.0,0.38,5.0,0.51,5.0,0.59,50.0,0.01,0.01,0.093208,1776226528000
1776226529.846,29.846,0.49,5.0,0.41,50.0,0.5,15.0,0.62,5.0,0.5,15.0,0.38,5.0,0.51,5.0,0.59,50.0,0.01,0.01,0.093209,1776226529000
1776226530.931,30.931,0.49,5.0,0.41,50.0,0.5,15.0,0.62,5.0,0.5,15.0,0.38,5.0,0.51,5.0,0.59,50.0,0.01,0.01,0.093209,1776226530000
1776226532.129,32.129,0.49,5.0,0.41,50.0,0.5,15.0,0.62,5.0,0.5,15.0,0.38,5.0,0.51,5.0,0.59,50.0,0.01,0.01,0.09321,1776226531000
1776226533.392,33.392,0.49,5.0,0.41,50.0,0.5,15.0,0.62,5.0,0.5,15.0,0.38,5.0,0.51,5.0,0.59,50.0,0.01,0.01,0.093211,1776226532000
1776226533.827,33.827,0.49,5.0,0.41,50.0,0.5,15.0,0.62,5.0,0.5,15.0,0.38,5.0,0.51,5.0,0.59,50.0,0.01,0.01,0.093211,1776226533000
1776226535.603,35.603,0.49,5.0,0.41,50.0,0.5,15.0,0.62,5.0,0.5,15.0,0.38,5.0,0.51,5.0,0.59,50.0,0.01,0.01,0.093208,1776226534000
1776226536.276,36.276,0.49,5.0,0.41,50.0,0.5,15.0,0.62,5.0,0.5,15.0,0.38,5.0,0.51,5.0,0.59,50.0,0.01,0.01,0.093208,1776226535000
1776226537.401,37.401,0.49,5.0,0.41,50.0,0.5,15.0,0.62,5.0,0.5,15.0,0.38,5.0,0.51,5.0,0.59,50.0,0.01,0.01,0.093209,1776226536000
1776226537.938,37.938,0.49,5.0,0.41,50.0,0.5,15.0,0.62,5.0,0.5,15.0,0.38,5.0,0.51,5.0,0.59,50.0,0.01,0.01,0.09321,1776226537000
1776226539.043,39.043,0.49,5.0,0.41,50.0,0.5,15.0,0.62,5.0,0.5,15.0,0.38,5.0,0.51,5.0,0.59,50.0,0.01,0.01,0.09321,1776226538000
1776226540.313,40.313,0.49,5.0,0.41,50.0,0.5,15.0,0.62,5.0,0.5,15.0,0.38,5.0,0.51,5.0,0.59,50.0,0.01,0.01,0.09321,1776226539000
1776226540.982,40.982,0.49,5.0,0.41,50.0,0.5,15.0,0.62,5.0,0.5,15.0,0.38,5.0,0.51,5.0,0.59,50.0,0.01,0.01,0.09321,1776226540000
1776226542.206,42.206,0.49,5.0,0.41,50.0,0.5,15.0,0.62,5.0,0.5,15.0,0.38,5.0,0.51,5.0,0.59,50.0,0.01,0.01,0.093209,1776226541000
1776226543.419,43.419,0.49,5.0,0.41,50.0,0.5,15.0,0.62,5.0,0.5,15.0,0.38,5.0,0.51,5.0,0.59,50.0,0.01,0.01,0.09321,1776226542000
1776226544.002,44.002,0.49,5.0,0.41,50.0,0.5,15.0,0.62,5.0,0.5,15.0,0.38,5.0,0.51,5.0,0.59,50.0,0.01,0.01,0.093211,1776226543000
1776226545.168,45.168,0.49,5.0,0.41,50.0,0.5,15.0,0.62,5.0,0.5,15.0,0.38,5.0,0.51,5.0,0.59,50.0,0.01,0.01,0.09321,1776226544000
1776226546.382,46.382,0.49,5.0,0.41,50.0,0.5,15.0,0.62,5.0,0.5,15.0,0.38,5.0,0.51,5.0,0.59,50.0,0.01,0.01,0.093209,1776226545000
1776226546.945,46.945,0.49,5.0,0.41,50.0,0.5,15.0,0.62,5.0,0.5,15.0,0.38,5.0,0.51,5.0,0.59,50.0,0.01,0.01,0.093211,1776226546000
1776226548.09,48.09,0.49,5.0,0.41,50.0,0.5,15.0,0.62,5.0,0.5,15.0,0.38,5.0,0.51,5.0,0.59,50.0,0.01,0.01,0.093211,1776226547000
1776226549.202,49.202,0.49,5.0,0.41,50.0,0.5,15.0,0.62,5.0,0.5,15.0,0.38,5.0,0.51,5.0,0.59,50.0,0.01,0.01,0.093211,1776226548000
1776226550.758,50.758,0.49,5.0,0.41,50.0,0.5,15.0,0.62,5.0,0.5,15.0,0.38,5.0,0.51,5.0,0.59,50.0,0.01,0.01,0.093215,1776226549000
1776226551.64,51.64,0.49,5.0,0.41,50.0,0.5,15.0,0.62,5.0,0.5,15.0,0.38,5.0,0.51,5.0,0.59,50.0,0.01,0.01,0.093214,1776226550000
1776226552.378,52.378,0.49,5.0,0.41,50.0,0.5,15.0,0.62,5.0,0.5,15.0,0.38,5.0,0.51,5.0,0.59,50.0,0.01,0.01,0.093214,1776226551000
1776226553.895,53.895,0.49,5.0,0.41,50.0,0.5,15.0,0.62,5.0,0.5,15.0,0.38,5.0,0.51,5.0,0.59,50.0,0.01,0.01,0.093214,1776226552000
1776226554.654,54.654,0.49,5.0,0.41,50.0,0.5,15.0,0.62,5.0,0.5,15.0,0.38,5.0,0.51,5.0,0.59,50.0,0.01,0.01,0.093213,1776226553000
1776226555.31,55.31,0.49,5.0,0.41,50.0,0.5,15.0,0.62,5.0,0.5,15.0,0.38,5.0,0.51,5.0,0.59,50.0,0.01,0.01,0.093213,1776226554000
1776226556.66,56.66,0.49,5.0,0.41,50.0,0.5,15.0,0.62,5.0,0.5,15.0,0.38,5.0,0.51,5.0,0.59,50.0,0.01,0.01,0.093213,1776226555000
1776226557.342,57.342,0.49,5.0,0.41,50.0,0.5,15.0,0.62,5.0,0.5,15.0,0.38,5.0,0.51,5.0,0.59,50.0,0.01,0.01,0.093213,1776226556000
1776226557.937,57.937,0.49,5.0,0.41,50.0,0.5,15.0,0.62,5.0,0.5,15.0,0.38,5.0,0.51,5.0,0.59,50.0,0.01,0.01,0.093213,1776226557000
1776226559.31,59.31,0.49,5.0,0.41,50.0,0.5,15.0,0.62,5.0,0.5,15.0,0.38,5.0,0.51,5.0,0.59,50.0,0.01,0.01,0.093213,1776226558000
1776226560.603,60.603,0.49,5.0,0.41,50.0,0.5,15.0,0.62,5.0,0.5,15.0,0.38,5.0,0.51,5.0,0.59,50.0,0.01,0.01,0.093212,1776226559000
1776226561.307,61.307,0.49,5.0,0.41,50.0,0.5,15.0,0.62,5.0,0.5,15.0,0.38,5.0,0.51,5.0,0.59,50.0,0.01,0.01,0.093212,1776226560000
1776226562.682,62.682,0.49,5.0,0.41,50.0,0.5,15.0,0.62,5.0,0.5,15.0,0.38,5.0,0.51,5.0,0.59,50.0,0.01,0.01,0.093213,1776226561000
1776226563.377,63.377,0.49,5.0,0.41,50.0,0.5,15.0,0.62,5.0,0.5,15.0,0.38,5.0,0.51,5.0,0.59,50.0,0.01,0.01,0.093213,1776226562000
1776226564.066,64.066,0.49,5.0,0.41,50.0,0.5,15.0,0.62,5.0,0.5,15.0,0.38,5.0,0.51,5.0,0.59,50.0,0.01,0.01,0.093213,1776226563000
1776226565.417,65.417,0.48,1.0,0.47,5.0,0.58,15.0,0.59,15.0,0.42,15.0,0.41,15.0,0.52,1.0,0.53,5.0,0.1,0.1,0.093212,1776226564000
1776226566.121,66.121,0.48,1.0,0.47,5.0,0.58,15.0,0.59,15.0,0.42,15.0,0.41,15.0,0.52,1.0,0.53,5.0,0.1,0.1,0.093213,1776226565000
1776226567.578,67.578,0.48,1.0,0.47,5.0,0.58,15.0,0.59,15.0,0.42,15.0,0.41,15.0,0.52,1.0,0.53,5.0,0.1,0.1,0.093212,1776226566000
1776226568.707,68.707,0.48,1.0,0.47,5.0,0.58,15.0,0.59,15.0,0.42,15.0,0.41,15.0,0.52,1.0,0.53,5.0,0.1,0.1,0.093212,1776226567000
1776226569.27,69.27,0.48,1.0,0.47,5.0,0.58,15.0,0.59,15.0,0.42,15.0,0.41,15.0,0.52,1.0,0.53,5.0,0.1,0.1,0.093212,1776226568000
1776226569.831,69.831,0.48,1.0,0.47,5.0,0.58,15.0,0.59,15.0,0.42,15.0,0.41,15.0,0.52,1.0,0.53,5.0,0.1,0.1,0.093213,1776226569000
1776226570.904,70.904,0.48,1.0,0.47,5.0,0.58,15.0,0.59,15.0,0.42,15.0,0.41,15.0,0.52,1.0,0.53,5.0,0.1,0.1,0.093214,1776226570000
1776226571.856,71.856,0.48,1.0,0.47,5.0,0.58,15.0,0.59,15.0,0.42,15.0,0.41,15.0,0.52,1.0,0.53,5.0,0.1,0.1,0.093213,1776226571000
1776226573.531,73.531,0.48,1.0,0.47,5.0,0.58,15.0,0.59,15.0,0.42,15.0,0.41,15.0,0.52,1.0,0.53,5.0,0.1,0.1,0.093213,1776226572000
1776226574.322,74.322,0.48,1.0,0.47,5.0,0.58,15.0,0.59,15.0,0.42,15.0,0.41,15.0,0.52,1.0,0.53,5.0,0.1,0.1,0.093213,1776226573000
1776226574.524,74.524,0.47,10.4,0.46,10.5,0.59,10.0,0.62,10.0,0.42,15.0,0.41,15.0,0.52,1.0,0.53,5.0,0.12,0.1,0.093213,1776226573000
1776226575.302,75.302,0.47,10.4,0.46,10.5,0.59,10.0,0.62,10.0,0.41,10.0,0.38,10.0,0.53,10.4,0.54,10.5,0.12,0.12,0.093213,1776226574000
1776226575.947,75.947,0.47,10.4,0.46,10.5,0.59,10.0,0.62,10.0,0.41,10.0,0.38,10.0,0.53,10.4,0.54,10.5,0.12,0.12,0.093213,1776226575000
1776226576.825,76.825,0.47,10.4,0.46,10.5,0.59,10.0,0.62,10.0,0.41,10.0,0.38,10.0,0.53,10.4,0.54,10.5,0.12,0.12,0.093225,1776226576000
1776226577.872,77.872,0.47,10.4,0.46,10.5,0.59,10.0,0.62,10.0,0.41,10.0,0.38,10.0,0.53,10.4,0.54,10.5,0.12,0.12,0.093225,1776226577000
1776226579.031,79.031,0.47,10.4,0.46,10.5,0.59,10.0,0.62,10.0,0.41,10.0,0.38,10.0,0.53,10.4,0.54,10.5,0.12,0.12,0.093225,1776226578000
1776226580.224,80.224,0.47,10.4,0.46,10.5,0.59,10.0,0.62,10.0,0.41,10.0,0.38,10.0,0.53,10.4,0.54,10.5,0.12,0.12,0.093226,1776226579000
1776226581.344,81.344,0.47,10.4,0.46,10.5,0.59,10.0,0.62,10.0,0.41,10.0,0.38,10.0,0.53,10.4,0.54,10.5,0.12,0.12,0.093227,1776226580000
1776226582.294,82.294,0.47,10.4,0.46,10.5,0.59,10.0,0.62,10.0,0.41,10.0,0.38,10.0,0.53,10.4,0.54,10.5,0.12,0.12,0.093227,1776226581000
1776226583.408,83.408,0.47,10.4,0.46,10.5,0.59,10.0,0.62,10.0,0.41,10.0,0.38,10.0,0.53,10.4,0.54,10.5,0.12,0.12,0.093227,1776226582000
1776226584.005,84.005,0.47,10.4,0.46,10.5,0.59,10.0,0.62,10.0,0.41,10.0,0.38,10.0,0.53,10.4,0.54,10.5,0.12,0.12,0.093228,1776226583000
1776226584.963,84.963,0.47,10.4,0.46,10.5,0.59,10.0,0.62,10.0,0.41,10.0,0.38,10.0,0.53,10.4,0.54,10.5,0.12,0.12,0.093228,1776226584000
1776226585.863,85.863,0.62,5.0,0.54,10.0,0.64,3.59,0.65,10.0,0.41,10.0,0.38,10.0,0.53,10.4,0.54,10.5,0.02,0.12,0.093228,1776226584000
1776226586.689,86.689,0.62,5.0,0.54,10.0,0.64,3.59,0.65,10.0,0.36,3.59,0.35,10.0,0.38,5.0,0.46,10.0,0.02,0.02,0.093238,1776226585000
1776226587.187,87.187,0.62,5.0,0.54,10.0,0.64,3.59,0.65,10.0,0.36,3.59,0.35,10.0,0.38,5.0,0.46,10.0,0.02,0.02,0.09324,1776226586000
1776226588.424,88.424,0.62,5.0,0.54,10.0,0.64,3.59,0.65,10.0,0.36,3.59,0.35,10.0,0.38,5.0,0.46,10.0,0.02,0.02,0.09324,1776226587000
1776226589.015,89.015,0.62,5.0,0.54,10.0,0.64,3.59,0.65,10.0,0.36,3.59,0.35,10.0,0.38,5.0,0.46,10.0,0.02,0.02,0.09324,1776226588000
1776226590.601,90.601,0.62,5.0,0.54,10.0,0.64,3.59,0.65,10.0,0.36,3.59,0.35,10.0,0.38,5.0,0.46,10.0,0.02,0.02,0.09324,1776226589000
1776226591.26,91.26,0.62,5.0,0.54,10.0,0.64,3.59,0.65,10.0,0.36,3.59,0.35,10.0,0.38,5.0,0.46,10.0,0.02,0.02,0.09324,1776226590000
1776226592.42,92.42,0.62,20.0,0.56,10.6,0.71,13.6,0.72,12.9,0.29,13.6,0.28,12.9,0.38,20.0,0.44,10.6,0.09,0.09,0.093239,1776226591000
1776226593.02,93.02,0.62,20.0,0.56,10.6,0.71,13.6,0.72,12.9,0.29,13.6,0.28,12.9,0.38,20.0,0.44,10.6,0.09,0.09,0.093239,1776226592000
1776226594.202,94.202,0.62,20.0,0.56,10.6,0.71,13.6,0.72,12.9,0.29,13.6,0.28,12.9,0.38,20.0,0.44,10.6,0.09,0.09,0.093239,1776226593000
1776226595.367,95.367,0.62,20.0,0.56,10.6,0.71,13.6,0.72,12.9,0.29,13.6,0.28,12.9,0.38,20.0,0.44,10.6,0.09,0.09,0.09324,1776226594000
1776226595.964,95.964,0.62,20.0,0.56,10.6,0.71,13.6,0.72,12.9,0.29,13.6,0.28,12.9,0.38,20.0,0.44,10.6,0.09,0.09,0.09324,1776226595000
1776226597.113,97.113,0.62,20.0,0.56,10.6,0.71,13.6,0.72,12.9,0.29,13.6,0.28,12.9,0.38,20.0,0.44,10.6,0.09,0.09,0.09324,1776226596000
1776226598.326,98.326,0.62,20.0,0.56,10.6,0.71,13.6,0.72,12.9,0.29,13.6,0.28,12.9,0.38,20.0,0.44,10.6,0.09,0.09,0.09324,1776226597000
1776226599.405,99.405,0.62,20.0,0.56,10.6,0.71,13.6,0.72,12.9,0.29,13.6,0.28,12.9,0.38,20.0,0.44,10.6,0.09,0.09,0.09324,1776226598000
1776226599.926,99.926,0.62,20.0,0.56,10.6,0.71,13.6,0.72,12.9,0.29,13.6,0.28,12.9,0.38,20.0,0.44,10.6,0.09,0.09,0.09324,1776226599000
1776226600.949,100.949,0.62,20.0,0.56,10.6,0.71,13.6,0.72,12.9,0.29,13.6,0.28,12.9,0.38,20.0,0.44,10.6,0.09,0.09,0.09324,1776226600000
1776226601.872,101.872,0.62,20.0,0.56,10.6,0.71,13.6,0.72,12.9,0.29,13.6,0.28,12.9,0.38,20.0,0.44,10.6,0.09,0.09,0.09324,1776226601000
1776226602.883,102.883,0.62,20.0,0.56,10.6,0.71,13.6,0.72,12.9,0.29,13.6,0.28,12.9,0.38,20.0,0.44,10.6,0.09,0.09,0.09324,1776226602000
1776226603.789,103.789,0.62,20.0,0.56,10.6,0.71,13.6,0.72,12.9,0.29,13.6,0.28,12.9,0.38,20.0,0.44,10.6,0.09,0.09,0.09324,1776226603000
1776226604.891,104.891,0.62,20.0,0.56,10.6,0.71,13.6,0.72,12.9,0.29,13.6,0.28,12.9,0.38,20.0,0.44,10.6,0.09,0.09,0.09324,1776226604000
1776226605.807,105.807,0.62,20.0,0.56,10.6,0.71,13.6,0.72,12.9,0.29,13.6,0.28,12.9,0.38,20.0,0.44,10.6,0.09,0.09,0.09324,1776226605000
1776226606.903,106.903,0.62,20.0,0.56,10.6,0.71,13.6,0.72,12.9,0.29,13.6,0.28,12.9,0.38,20.0,0.44,10.6,0.09,0.09,0.09324,1776226606000
1776226607.897,107.897,0.62,20.0,0.56,10.6,0.71,13.6,0.72,12.9,0.29,13.6,0.28,12.9,0.38,20.0,0.44,10.6,0.09,0.09,0.093239,1776226607000
1776226608.88,108.88,0.62,20.0,0.56,10.6,0.71,13.6,0.72,12.9,0.29,13.6,0.28,12.9,0.38,20.0,0.44,10.6,0.09,0.09,0.093239,1776226608000
1776226609.917,109.917,0.62,20.0,0.56,10.6,0.71,13.6,0.72,12.9,0.29,13.6,0.28,12.9,0.38,20.0,0.44,10.6,0.09,0.09,0.093239,1776226609000
1776226610.984,110.984,0.62,20.0,0.56,10.6,0.71,13.6,0.72,12.9,0.29,13.6,0.28,12.9,0.38,20.0,0.44,10.6,0.09,0.09,0.093239,1776226610000
1776226612.557,112.557,0.62,20.0,0.56,10.6,0.71,13.6,0.72,12.9,0.29,13.6,0.28,12.9,0.38,20.0,0.44,10.6,0.09,0.09,0.09324,1776226611000
1776226613.336,113.336,0.62,20.0,0.56,10.6,0.71,13.6,0.72,12.9,0.29,13.6,0.28,12.9,0.38,20.0,0.44,10.6,0.09,0.09,0.09324,1776226612000
1776226614.868,114.868,0.62,20.0,0.56,10.6,0.71,13.6,0.72,12.9,0.29,13.6,0.28,12.9,0.38,20.0,0.44,10.6,0.09,0.09,0.093239,1776226613000
1776226615.671,115.671,0.62,20.0,0.56,10.6,0.71,13.6,0.72,12.9,0.29,13.6,0.28,12.9,0.38,20.0,0.44,10.6,0.09,0.09,0.09324,1776226614000
1776226616.183,116.183,0.62,20.0,0.56,10.6,0.71,13.6,0.72,12.9,0.29,13.6,0.28,12.9,0.38,20.0,0.44,10.6,0.09,0.09,0.09324,1776226615000
1776226617.4,117.4,0.62,20.0,0.56,10.6,0.71,13.6,0.72,12.9,0.29,13.6,0.28,12.9,0.38,20.0,0.44,10.6,0.09,0.09,0.09324,1776226616000
1776226618.048,118.048,0.62,20.0,0.56,10.6,0.71,13.6,0.72,12.9,0.29,13.6,0.28,12.9,0.38,20.0,0.44,10.6,0.09,0.09,0.09324,1776226617000
1776226619.201,119.201,0.62,20.0,0.56,10.6,0.71,13.6,0.72,12.9,0.29,13.6,0.28,12.9,0.38,20.0,0.44,10.6,0.09,0.09,0.09324,1776226618000
1776226620.348,120.348,0.62,20.0,0.56,10.6,0.71,13.6,0.72,12.9,0.29,13.6,0.28,12.9,0.38,20.0,0.44,10.6,0.09,0.09,0.093239,1776226619000
1776226621.178,121.178,0.62,20.0,0.56,10.6,0.71,13.6,0.72,12.9,0.29,13.6,0.28,12.9,0.38,20.0,0.44,10.6,0.09,0.09,0.093239,1776226620000
1776226622.286,122.286,0.62,20.0,0.56,10.6,0.71,13.6,0.72,12.9,0.29,13.6,0.28,12.9,0.38,20.0,0.44,10.6,0.09,0.09,0.093239,1776226621000
1776226623.319,123.319,0.62,20.0,0.56,10.6,0.71,13.6,0.72,12.9,0.29,13.6,0.28,12.9,0.38,20.0,0.44,10.6,0.09,0.09,0.093239,1776226622000
1776226624.096,124.096,0.62,20.0,0.56,10.6,0.71,13.6,0.72,12.9,0.29,13.6,0.28,12.9,0.38,20.0,0.44,10.6,0.09,0.09,0.09324,1776226623000
1776226625.27,125.27,0.62,20.0,0.56,10.6,0.71,13.6,0.72,12.9,0.29,13.6,0.28,12.9,0.38,20.0,0.44,10.6,0.09,0.09,0.09324,1776226624000
1776226626.141,126.141,0.62,20.0,0.56,10.6,0.71,13.6,0.72,12.9,0.29,13.6,0.28,12.9,0.38,20.0,0.44,10.6,0.09,0.09,0.09324,1776226625000
1776226627.666,127.666,0.62,20.0,0.56,10.6,0.71,13.6,0.72,12.9,0.29,13.6,0.28,12.9,0.38,20.0,0.44,10.6,0.09,0.09,0.093239,1776226626000
1776226628.515,128.515,0.62,20.0,0.56,10.6,0.71,13.6,0.72,12.9,0.29,13.6,0.28,12.9,0.38,20.0,0.44,10.6,0.09,0.09,0.093238,1776226627000
1776226629.442,129.442,0.62,20.0,0.56,10.6,0.71,13.6,0.72,12.9,0.29,13.6,0.28,12.9,0.38,20.0,0.44,10.6,0.09,0.09,0.093239,1776226628000
1776226630.395,130.395,0.62,20.0,0.56,10.6,0.71,13.6,0.72,12.9,0.29,13.6,0.28,12.9,0.38,20.0,0.44,10.6,0.09,0.09,0.09324,1776226629000
1776226630.814,130.814,0.7,5.0,0.69,15.0,0.72,10.64,0.75,18.0,0.29,13.6,0.28,12.9,0.38,20.0,0.44,10.6,0.02,0.09,0.09324,1776226629000
1776226631.466,131.466,0.7,5.0,0.69,15.0,0.75,18.0,0.78,14.0,0.28,10.64,0.25,18.0,0.3,5.0,0.31,15.0,0.05,0.02,0.093252,1776226630000
1776226632.059,132.059,0.7,5.0,0.69,15.0,0.75,18.0,0.78,14.0,0.25,18.0,0.22,14.0,0.3,5.0,0.31,15.0,0.05,0.05,0.093254,1776226631000
1776226633.072,133.072,0.7,5.0,0.69,15.0,0.75,18.0,0.78,14.0,0.25,18.0,0.22,14.0,0.3,5.0,0.31,15.0,0.05,0.05,0.093254,1776226632000
1776226634.129,134.129,0.7,5.0,0.69,15.0,0.75,18.0,0.78,14.0,0.25,18.0,0.22,14.0,0.3,5.0,0.31,15.0,0.05,0.05,0.093255,1776226633000
1776226635.091,135.091,0.7,5.0,0.69,15.0,0.75,18.0,0.78,14.0,0.25,18.0,0.22,14.0,0.3,5.0,0.31,15.0,0.05,0.05,0.093255,1776226634000
1776226636.129,136.129,0.7,5.0,0.69,15.0,0.75,18.0,0.78,14.0,0.25,18.0,0.22,14.0,0.3,5.0,0.31,15.0,0.05,0.05,0.093255,1776226635000
1776226637.157,137.157,0.7,5.0,0.69,15.0,0.75,18.0,0.78,14.0,0.25,18.0,0.22,14.0,0.3,5.0,0.31,15.0,0.05,0.05,0.093255,1776226636000
1776226638.172,138.172,0.7,5.0,0.69,15.0,0.75,18.0,0.78,14.0,0.25,18.0,0.22,14.0,0.3,5.0,0.31,15.0,0.05,0.05,0.093256,1776226637000
1776226639.274,139.274,0.7,5.0,0.69,15.0,0.75,18.0,0.78,14.0,0.25,18.0,0.22,14.0,0.3,5.0,0.31,15.0,0.05,0.05,0.093259,1776226638000
1776226640.277,140.277,0.7,5.0,0.69,15.0,0.75,18.0,0.78,14.0,0.25,18.0,0.22,14.0,0.3,5.0,0.31,15.0,0.05,0.05,0.093258,1776226639000
1776226641.319,141.319,0.7,5.0,0.69,15.0,0.75,18.0,0.78,14.0,0.25,18.0,0.22,14.0,0.3,5.0,0.31,15.0,0.05,0.05,0.093258,1776226640000
1776226642.268,142.268,0.7,5.0,0.69,15.0,0.75,18.0,0.78,14.0,0.25,18.0,0.22,14.0,0.3,5.0,0.31,15.0,0.05,0.05,0.093258,1776226641000
1776226643.042,143.042,0.74,34.0,0.72,20.0,0.81,7.28,0.84,17.0,0.25,18.0,0.22,14.0,0.3,5.0,0.31,15.0,0.07,0.05,0.093258,1776226641000
1776226643.963,143.963,0.74,34.0,0.72,20.0,0.81,7.28,0.84,17.0,0.19,7.28,0.16,17.0,0.26,34.0,0.28,20.0,0.07,0.07,0.093275,1776226642000
1776226644.698,144.698,0.74,34.0,0.72,20.0,0.81,7.28,0.84,17.0,0.19,7.28,0.16,17.0,0.26,34.0,0.28,20.0,0.07,0.07,0.093278,1776226643000
1776226645.305,145.305,0.74,34.0,0.72,20.0,0.81,7.28,0.84,17.0,0.19,7.28,0.16,17.0,0.26,34.0,0.28,20.0,0.07,0.07,0.093278,1776226644000
1776226645.877,145.877,0.74,34.0,0.72,20.0,0.81,7.28,0.84,17.0,0.19,7.28,0.16,17.0,0.26,34.0,0.28,20.0,0.07,0.07,0.093278,1776226645000
1776226647.33,147.33,0.74,34.0,0.72,20.0,0.81,7.28,0.84,17.0,0.19,7.28,0.16,17.0,0.26,34.0,0.28,20.0,0.07,0.07,0.09328,1776226646000
1776226647.96,147.96,0.74,34.0,0.72,20.0,0.81,7.28,0.84,17.0,0.19,7.28,0.16,17.0,0.26,34.0,0.28,20.0,0.07,0.07,0.09328,1776226647000
1776226648.273,148.273,0.86,5.0,0.81,16.89,0.91,22.91,0.92,55.29,0.19,7.28,0.16,17.0,0.26,34.0,0.28,20.0,0.05,0.07,0.09328,1776226647000
1776226649.19,149.19,0.86,5.0,0.81,16.89,0.91,22.91,0.92,55.29,0.09,22.91,0.08,55.29,0.14,5.0,0.19,16.89,0.05,0.05,0.093288,1776226648000
1776226650.943,150.943,0.86,5.0,0.81,16.89,0.91,22.91,0.92,55.29,0.09,22.91,0.08,55.29,0.14,5.0,0.19,16.89,0.05,0.05,0.093288,1776226649000
1776226651.639,151.639,0.86,5.0,0.81,16.89,0.91,22.91,0.92,55.29,0.09,22.91,0.08,55.29,0.14,5.0,0.19,16.89,0.05,0.05,0.093287,1776226650000
1776226652.332,152.332,0.86,5.0,0.81,16.89,0.91,22.91,0.92,55.29,0.09,22.91,0.08,55.29,0.14,5.0,0.19,16.89,0.05,0.05,0.093287,1776226651000
1776226653.013,153.013,0.86,5.0,0.81,16.89,0.91,22.91,0.92,55.29,0.09,22.91,0.08,55.29,0.14,5.0,0.19,16.89,0.05,0.05,0.093287,1776226652000
1776226654.345,154.345,0.86,5.0,0.81,16.89,0.91,22.91,0.92,55.29,0.09,22.91,0.08,55.29,0.14,5.0,0.19,16.89,0.05,0.05,0.093287,1776226653000
1776226654.941,154.941,0.86,5.0,0.81,16.89,0.91,22.91,0.92,55.29,0.09,22.91,0.08,55.29,0.14,5.0,0.19,16.89,0.05,0.05,0.093287,1776226654000
1776226656.366,156.366,0.86,5.0,0.81,16.89,0.91,22.91,0.92,55.29,0.09,22.91,0.08,55.29,0.14,5.0,0.19,16.89,0.05,0.05,0.093287,1776226655000
1776226657.057,157.057,0.86,5.0,0.81,16.89,0.91,22.91,0.92,55.29,0.09,22.91,0.08,55.29,0.14,5.0,0.19,16.89,0.05,0.05,0.093287,1776226656000
1776226658.552,158.552,0.83,11.0,0.8,20.0,0.87,23.0,0.88,24.6,0.13,23.0,0.12,24.6,0.17,11.0,0.2,20.0,0.04,0.04,0.093275,1776226657000
1776226659.213,159.213,0.83,11.0,0.8,20.0,0.87,23.0,0.88,24.6,0.13,23.0,0.12,24.6,0.17,11.0,0.2,20.0,0.04,0.04,0.09327,1776226658000
1776226660.571,160.571,0.83,11.0,0.8,20.0,0.87,23.0,0.88,24.6,0.13,23.0,0.12,24.6,0.17,11.0,0.2,20.0,0.04,0.04,0.093264,1776226659000
1776226661.694,161.694,0.83,11.0,0.8,20.0,0.87,23.0,0.88,24.6,0.13,23.0,0.12,24.6,0.17,11.0,0.2,20.0,0.04,0.04,0.093263,1776226660000
1776226662.201,162.201,0.83,11.0,0.8,20.0,0.87,23.0,0.88,24.6,0.13,23.0,0.12,24.6,0.17,11.0,0.2,20.0,0.04,0.04,0.093263,1776226661000
1776226663.239,163.239,0.83,11.0,0.8,20.0,0.87,23.0,0.88,24.6,0.13,23.0,0.12,24.6,0.17,11.0,0.2,20.0,0.04,0.04,0.093261,1776226662000
1776226664.305,164.305,0.83,11.0,0.8,20.0,0.87,23.0,0.88,24.6,0.13,23.0,0.12,24.6,0.17,11.0,0.2,20.0,0.04,0.04,0.093254,1776226663000
1776226664.817,164.817,0.76,5.0,0.73,5.0,0.78,10.2,0.79,15.7,0.13,23.0,0.12,24.6,0.17,11.0,0.2,20.0,0.02,0.04,0.093254,1776226663000
1776226665.278,165.278,0.76,5.0,0.73,5.0,0.78,10.2,0.79,15.7,0.22,10.2,0.21,15.7,0.24,5.0,0.27,5.0,0.02,0.02,0.093252,1776226664000
1776226666.248,166.248,0.73,5.0,0.71,5.0,0.77,6.0,0.78,10.2,0.23,6.0,0.22,10.2,0.27,5.0,0.29,5.0,0.04,0.04,0.093253,1776226665000
1776226667.175,167.175,0.73,5.0,0.71,5.0,0.77,6.0,0.78,10.2,0.23,6.0,0.22,10.2,0.27,5.0,0.29,5.0,0.04,0.04,0.093253,1776226666000
1776226668.218,168.218,0.73,5.0,0.71,5.0,0.77,6.0,0.78,10.2,0.23,6.0,0.22,10.2,0.27,5.0,0.29,5.0,0.04,0.04,0.093249,1776226667000
1776226668.74,168.74,0.54,3.1,0.53,5.0,0.74,6.0,0.75,13.9,0.23,6.0,0.22,10.2,0.27,5.0,0.29,5.0,0.2,0.04,0.093249,1776226667000
1776226669.171,169.171,0.54,3.1,0.53,5.0,0.74,6.0,0.75,13.9,0.26,6.0,0.25,13.9,0.46,3.1,0.47,5.0,0.2,0.2,0.093237,1776226668000
1776226670.179,170.179,0.54,3.1,0.53,5.0,0.74,6.0,0.75,13.9,0.26,6.0,0.25,13.9,0.46,3.1,0.47,5.0,0.2,0.2,0.093235,1776226669000
1776226671.125,171.125,0.54,3.1,0.53,5.0,0.74,6.0,0.75,13.9,0.26,6.0,0.25,13.9,0.46,3.1,0.47,5.0,0.2,0.2,0.093231,1776226670000
1776226672.246,172.246,0.54,3.1,0.53,5.0,0.74,6.0,0.75,13.9,0.26,6.0,0.25,13.9,0.46,3.1,0.47,5.0,0.2,0.2,0.093231,1776226671000
1776226673.205,173.205,0.54,3.1,0.53,5.0,0.74,6.0,0.75,13.9,0.26,6.0,0.25,13.9,0.46,3.1,0.47,5.0,0.2,0.2,0.093231,1776226672000
1776226674.835,174.835,0.54,3.1,0.53,5.0,0.74,6.0,0.75,13.9,0.26,6.0,0.25,13.9,0.46,3.1,0.47,5.0,0.2,0.2,0.093231,1776226673000
1776226675.454,175.454,0.54,3.1,0.53,5.0,0.74,6.0,0.75,13.9,0.26,6.0,0.25,13.9,0.46,3.1,0.47,5.0,0.2,0.2,0.093231,1776226674000
1776226675.948,175.948,0.54,3.1,0.53,5.0,0.74,6.0,0.75,13.9,0.26,6.0,0.25,13.9,0.46,3.1,0.47,5.0,0.2,0.2,0.093231,1776226675000
1776226676.994,176.994,0.54,3.1,0.53,5.0,0.74,6.0,0.75,13.9,0.26,6.0,0.25,13.9,0.46,3.1,0.47,5.0,0.2,0.2,0.093229,1776226676000
1776226678.045,178.045,0.54,3.1,0.53,5.0,0.74,6.0,0.75,13.9,0.26,6.0,0.25,13.9,0.46,3.1,0.47,5.0,0.2,0.2,0.093224,1776226677000
1776226678.999,178.999,0.54,3.1,0.53,5.0,0.74,6.0,0.75,13.9,0.26,6.0,0.25,13.9,0.46,3.1,0.47,5.0,0.2,0.2,0.093222,1776226678000
1776226680.075,180.075,0.54,3.1,0.53,5.0,0.74,6.0,0.75,13.9,0.26,6.0,0.25,13.9,0.46,3.1,0.47,5.0,0.2,0.2,0.093222,1776226679000
1776226681.221,181.221,0.54,3.1,0.53,5.0,0.74,6.0,0.75,13.9,0.26,6.0,0.25,13.9,0.46,3.1,0.47,5.0,0.2,0.2,0.093222,1776226680000
1776226682.255,182.255,0.54,3.1,0.53,5.0,0.74,6.0,0.75,13.9,0.26,6.0,0.25,13.9,0.46,3.1,0.47,5.0,0.2,0.2,0.093222,1776226681000
1776226683.211,183.211,0.54,3.1,0.53,5.0,0.74,6.0,0.75,13.9,0.26,6.0,0.25,13.9,0.46,3.1,0.47,5.0,0.2,0.2,0.093218,1776226682000
1776226684.284,184.284,0.54,3.1,0.53,5.0,0.74,6.0,0.75,13.9,0.26,6.0,0.25,13.9,0.46,3.1,0.47,5.0,0.2,0.2,0.093216,1776226683000
1776226685.312,185.312,0.54,3.1,0.53,5.0,0.74,6.0,0.75,13.9,0.26,6.0,0.25,13.9,0.46,3.1,0.47,5.0,0.2,0.2,0.093216,1776226684000
1776226686.292,186.292,0.54,3.1,0.53,5.0,0.74,6.0,0.75,13.9,0.26,6.0,0.25,13.9,0.46,3.1,0.47,5.0,0.2,0.2,0.093225,1776226685000
1776226686.989,186.989,0.54,3.1,0.53,5.0,0.74,6.0,0.75,13.9,0.26,6.0,0.25,13.9,0.46,3.1,0.47,5.0,0.2,0.2,0.093227,1776226686000
1776226689.33,189.33,0.54,3.1,0.53,5.0,0.74,6.0,0.75,13.9,0.26,6.0,0.25,13.9,0.46,3.1,0.47,5.0,0.2,0.2,0.093227,1776226687000
1776226690.148,190.148,0.54,3.1,0.53,5.0,0.74,6.0,0.75,13.9,0.26,6.0,0.25,13.9,0.46,3.1,0.47,5.0,0.2,0.2,0.093227,1776226688000
1776226690.879,190.879,0.54,3.1,0.53,5.0,0.74,6.0,0.75,13.9,0.26,6.0,0.25,13.9,0.46,3.1,0.47,5.0,0.2,0.2,0.093227,1776226689000
1776226691.658,191.658,0.54,3.1,0.53,5.0,0.74,6.0,0.75,13.9,0.26,6.0,0.25,13.9,0.46,3.1,0.47,5.0,0.2,0.2,0.093227,1776226690000
1776226692.48,192.48,0.54,3.1,0.53,5.0,0.74,6.0,0.75,13.9,0.26,6.0,0.25,13.9,0.46,3.1,0.47,5.0,0.2,0.2,0.093231,1776226691000
1776226693.136,193.136,0.54,3.1,0.53,5.0,0.74,6.0,0.75,13.9,0.26,6.0,0.25,13.9,0.46,3.1,0.47,5.0,0.2,0.2,0.093236,1776226692000
1776226694.281,194.281,0.54,3.1,0.53,5.0,0.74,6.0,0.75,13.9,0.26,6.0,0.25,13.9,0.46,3.1,0.47,5.0,0.2,0.2,0.093234,1776226693000
1776226694.938,194.938,0.58,10.7,0.57,10.6,0.82,8.6,0.83,25.39,0.26,6.0,0.25,13.9,0.46,3.1,0.47,5.0,0.24,0.2,0.093234,1776226693000
1776226695.519,195.519,0.58,10.7,0.57,10.6,0.82,8.6,0.83,25.39,0.18,8.6,0.17,25.39,0.42,10.7,0.43,10.6,0.24,0.24,0.093234,1776226694000
1776226696.085,196.085,0.58,10.7,0.57,10.6,0.82,8.6,0.83,25.39,0.18,8.6,0.17,25.39,0.42,10.7,0.43,10.6,0.24,0.24,0.093231,1776226695000
1776226697.304,197.304,0.58,10.7,0.57,10.6,0.82,8.6,0.83,25.39,0.18,8.6,0.17,25.39,0.42,10.7,0.43,10.6,0.24,0.24,0.093231,1776226696000
1776226698.524,198.524,0.58,10.7,0.57,10.6,0.82,8.6,0.83,25.39,0.18,8.6,0.17,25.39,0.42,10.7,0.43,10.6,0.24,0.24,0.09323,1776226697000
1776226699.228,199.228,0.58,10.7,0.57,10.6,0.82,8.6,0.83,25.39,0.18,8.6,0.17,25.39,0.42,10.7,0.43,10.6,0.24,0.24,0.09323,1776226698000
1776226700.303,200.303,0.58,10.7,0.57,10.6,0.82,8.6,0.83,25.39,0.18,8.6,0.17,25.39,0.42,10.7,0.43,10.6,0.24,0.24,0.09323,1776226699000
1776226701.412,201.412,0.58,10.7,0.57,10.6,0.82,8.6,0.83,25.39,0.18,8.6,0.17,25.39,0.42,10.7,0.43,10.6,0.24,0.24,0.09323,1776226700000
1776226702.073,202.073,0.58,10.7,0.57,10.6,0.82,8.6,0.83,25.39,0.18,8.6,0.17,25.39,0.42,10.7,0.43,10.6,0.24,0.24,0.09323,1776226701000
1776226703.216,203.216,0.58,10.7,0.57,10.6,0.82,8.6,0.83,25.39,0.18,8.6,0.17,25.39,0.42,10.7,0.43,10.6,0.24,0.24,0.09323,1776226702000
1776226704.66,204.66,0.58,10.7,0.57,10.6,0.82,8.6,0.83,25.39,0.18,8.6,0.17,25.39,0.42,10.7,0.43,10.6,0.24,0.24,0.09323,1776226703000
1776226705.629,205.629,0.58,10.7,0.57,10.6,0.82,8.6,0.83,25.39,0.18,8.6,0.17,25.39,0.42,10.7,0.43,10.6,0.24,0.24,0.09323,1776226704000
1776226706.334,206.334,0.58,10.7,0.57,10.6,0.82,8.6,0.83,25.39,0.18,8.6,0.17,25.39,0.42,10.7,0.43,10.6,0.24,0.24,0.09323,1776226705000
1776226707.507,207.507,0.58,10.7,0.57,10.6,0.82,8.6,0.83,25.39,0.18,8.6,0.17,25.39,0.42,10.7,0.43,10.6,0.24,0.24,0.09323,1776226706000
1776226707.929,207.929,0.58,10.7,0.57,10.6,0.82,8.6,0.83,25.39,0.18,8.6,0.17,25.39,0.42,10.7,0.43,10.6,0.24,0.24,0.09323,1776226707000
1776226709.016,209.016,0.58,10.7,0.57,10.6,0.82,8.6,0.83,25.39,0.18,8.6,0.17,25.39,0.42,10.7,0.43,10.6,0.24,0.24,0.093231,1776226708000
1776226710.015,210.015,0.58,10.7,0.57,10.6,0.82,8.6,0.83,25.39,0.18,8.6,0.17,25.39,0.42,10.7,0.43,10.6,0.24,0.24,0.093231,1776226709000
1776226711.087,211.087,0.58,10.7,0.57,10.6,0.82,8.6,0.83,25.39,0.18,8.6,0.17,25.39,0.42,10.7,0.43,10.6,0.24,0.24,0.093231,1776226710000
1776226712.606,212.606,0.58,10.7,0.57,10.6,0.82,8.6,0.83,25.39,0.18,8.6,0.17,25.39,0.42,10.7,0.43,10.6,0.24,0.24,0.093231,1776226711000
1776226713.208,213.208,0.58,10.7,0.57,10.6,0.82,8.6,0.83,25.39,0.18,8.6,0.17,25.39,0.42,10.7,0.43,10.6,0.24,0.24,0.093234,1776226712000
1776226714.232,214.232,0.58,10.7,0.57,10.6,0.82,8.6,0.83,25.39,0.18,8.6,0.17,25.39,0.42,10.7,0.43,10.6,0.24,0.24,0.093237,1776226713000
1776226715.359,215.359,0.58,10.7,0.57,10.6,0.82,8.6,0.83,25.39,0.18,8.6,0.17,25.39,0.42,10.7,0.43,10.6,0.24,0.24,0.093236,1776226714000
1776226715.943,215.943,0.58,10.7,0.57,10.6,0.82,8.6,0.83,25.39,0.18,8.6,0.17,25.39,0.42,10.7,0.43,10.6,0.24,0.24,0.09325,1776226715000
1776226717.055,217.055,0.58,10.7,0.57,10.6,0.82,8.6,0.83,25.39,0.18,8.6,0.17,25.39,0.42,10.7,0.43,10.6,0.24,0.24,0.093252,1776226716000
1776226718.108,218.108,0.58,10.7,0.57,10.6,0.82,8.6,0.83,25.39,0.18,8.6,0.17,25.39,0.42,10.7,0.43,10.6,0.24,0.24,0.093254,1776226717000
1776226719.607,219.607,0.58,10.7,0.57,10.6,0.82,8.6,0.83,25.39,0.18,8.6,0.17,25.39,0.42,10.7,0.43,10.6,0.24,0.24,0.093254,1776226718000
1776226720.677,220.677,0.58,10.7,0.57,10.6,0.82,8.6,0.83,25.39,0.18,8.6,0.17,25.39,0.42,10.7,0.43,10.6,0.24,0.24,0.093254,1776226719000
1776226721.305,221.305,0.58,10.7,0.57,10.6,0.82,8.6,0.83,25.39,0.18,8.6,0.17,25.39,0.42,10.7,0.43,10.6,0.24,0.24,0.093254,1776226720000
1776226722.684,222.684,0.58,10.7,0.57,10.6,0.82,8.6,0.83,25.39,0.18,8.6,0.17,25.39,0.42,10.7,0.43,10.6,0.24,0.24,0.093258,1776226721000
1776226723.236,223.236,0.58,10.7,0.57,10.6,0.82,8.6,0.83,25.39,0.18,8.6,0.17,25.39,0.42,10.7,0.43,10.6,0.24,0.24,0.093263,1776226722000
1776226723.902,223.902,0.58,10.7,0.57,10.6,0.82,8.6,0.83,25.39,0.18,8.6,0.17,25.39,0.42,10.7,0.43,10.6,0.24,0.24,0.093266,1776226723000
1776226725.084,225.084,0.58,10.7,0.57,10.6,0.82,8.6,0.83,25.39,0.18,8.6,0.17,25.39,0.42,10.7,0.43,10.6,0.24,0.24,0.093267,1776226724000
1776226726.391,226.391,0.58,10.7,0.57,10.6,0.82,8.6,0.83,25.39,0.18,8.6,0.17,25.39,0.42,10.7,0.43,10.6,0.24,0.24,0.093273,1776226725000
1776226726.847,226.847,0.58,10.7,0.57,10.6,0.82,8.6,0.83,25.39,0.18,8.6,0.17,25.39,0.42,10.7,0.43,10.6,0.24,0.24,0.093273,1776226726000
1776226727.928,227.928,0.58,10.7,0.57,10.6,0.82,8.6,0.83,25.39,0.18,8.6,0.17,25.39,0.42,10.7,0.43,10.6,0.24,0.24,0.093271,1776226727000
1776226728.83,228.83,0.91,65.0,0.88,20.0,0.93,180.0,0.96,5.0,0.18,8.6,0.17,25.39,0.42,10.7,0.43,10.6,0.02,0.24,0.093271,1776226727000
1776226729.289,229.289,0.91,65.0,0.88,44.6,0.93,174.62,0.96,5.0,0.07,180.0,0.04,5.0,0.09,65.0,0.12,20.0,0.02,0.02,0.093271,1776226727000
1776226729.489,229.489,0.91,65.0,0.88,44.6,0.93,174.62,0.96,5.0,0.07,174.62,0.04,5.0,0.09,65.0,0.12,44.6,0.02,0.02,0.093277,1776226728000
1776226729.945,229.945,0.91,65.0,0.89,26.6,0.93,173.54,0.96,5.0,0.07,174.62,0.04,5.0,0.09,65.0,0.12,44.6,0.02,0.02,0.093277,1776226728000
1776226730.208,230.208,0.91,65.0,0.89,26.6,0.93,173.54,0.96,5.0,0.07,173.54,0.04,5.0,0.09,65.0,0.11,26.6,0.02,0.02,0.09328,1776226729000
1776226731.43,231.43,0.91,65.0,0.89,26.6,0.93,173.54,0.96,5.0,0.07,173.54,0.04,5.0,0.09,65.0,0.11,26.6,0.02,0.02,0.09328,1776226730000
1776226732.676,232.676,0.91,65.0,0.89,26.6,0.93,173.54,0.96,5.0,0.07,173.54,0.04,5.0,0.09,65.0,0.11,26.6,0.02,0.02,0.093283,1776226731000
1776226733.438,233.438,0.91,65.0,0.89,26.6,0.93,173.54,0.96,5.0,0.07,173.54,0.04,5.0,0.09,65.0,0.11,26.6,0.02,0.02,0.093278,1776226732000
1776226734.337,234.337,0.91,65.0,0.89,26.6,0.93,173.54,0.96,5.0,0.07,173.54,0.04,5.0,0.09,65.0,0.11,26.6,0.02,0.02,0.093278,1776226733000
1776226735.533,235.533,0.91,65.0,0.89,26.6,0.93,173.54,0.96,5.0,0.07,173.54,0.04,5.0,0.09,65.0,0.11,26.6,0.02,0.02,0.093278,1776226734000
1776226736.332,236.332,0.91,27.45,0.87,23.0,0.93,173.54,0.95,20.0,0.07,173.54,0.04,5.0,0.09,65.0,0.11,26.6,0.02,0.02,0.093278,1776226734000
1776226736.832,236.832,0.91,17.03,0.87,23.0,0.93,173.54,0.95,20.0,0.07,173.54,0.05,20.0,0.09,17.03,0.13,23.0,0.02,0.02,0.093274,1776226736000
1776226738.422,238.422,0.91,17.03,0.87,23.0,0.93,173.54,0.95,20.0,0.07,173.54,0.05,20.0,0.09,17.03,0.13,23.0,0.02,0.02,0.093273,1776226737000
1776226738.898,238.898,0.91,17.03,0.87,23.0,0.93,173.54,0.95,20.0,0.07,173.54,0.05,20.0,0.09,17.03,0.13,23.0,0.02,0.02,0.093271,1776226738000
1776226739.914,239.914,0.91,17.03,0.87,23.0,0.93,173.54,0.95,20.0,0.07,173.54,0.05,20.0,0.09,17.03,0.13,23.0,0.02,0.02,0.09327,1776226739000
1776226740.91,240.91,0.91,17.03,0.87,23.0,0.93,173.54,0.95,20.0,0.07,173.54,0.05,20.0,0.09,17.03,0.13,23.0,0.02,0.02,0.09327,1776226740000
1776226741.912,241.912,0.91,17.03,0.87,23.0,0.93,173.54,0.95,20.0,0.07,173.54,0.05,20.0,0.09,17.03,0.13,23.0,0.02,0.02,0.09327,1776226741000
1776226742.39,242.39,0.92,35.29,0.91,48.73,0.95,4.69,0.96,5.0,0.07,173.54,0.05,20.0,0.09,17.03,0.13,23.0,0.03,0.02,0.09327,1776226741000
1776226743.357,243.357,0.92,35.29,0.91,48.73,0.95,4.69,0.96,5.0,0.05,4.69,0.04,5.0,0.08,35.29,0.09,48.73,0.03,0.03,0.093274,1776226742000
1776226744.276,244.276,0.92,35.29,0.91,48.73,0.95,4.69,0.96,5.0,0.05,4.69,0.04,5.0,0.08,35.29,0.09,48.73,0.03,0.03,0.093276,1776226743000
1776226745.253,245.253,0.92,35.29,0.91,48.73,0.95,4.69,0.96,5.0,0.05,4.69,0.04,5.0,0.08,35.29,0.09,48.73,0.03,0.03,0.093276,1776226744000
1776226746.237,246.237,0.92,35.29,0.91,48.73,0.95,4.69,0.96,5.0,0.05,4.69,0.04,5.0,0.08,35.29,0.09,48.73,0.03,0.03,0.093276,1776226745000
1776226747.217,247.217,0.92,35.29,0.91,48.73,0.95,4.69,0.96,5.0,0.05,4.69,0.04,5.0,0.08,35.29,0.09,48.73,0.03,0.03,0.093277,1776226746000
1776226748.185,248.185,0.92,35.29,0.91,48.73,0.95,4.69,0.96,5.0,0.05,4.69,0.04,5.0,0.08,35.29,0.09,48.73,0.03,0.03,0.093276,1776226747000
1776226749.211,249.211,0.92,35.29,0.91,48.73,0.95,4.69,0.96,5.0,0.05,4.69,0.04,5.0,0.08,35.29,0.09,48.73,0.03,0.03,0.093275,1776226748000
1776226750.635,250.635,0.92,35.29,0.91,48.73,0.95,4.69,0.96,5.0,0.05,4.69,0.04,5.0,0.08,35.29,0.09,48.73,0.03,0.03,0.093276,1776226749000
1776226751.164,251.164,0.92,35.29,0.91,48.73,0.95,4.69,0.96,5.0,0.05,4.69,0.04,5.0,0.08,35.29,0.09,48.73,0.03,0.03,0.093276,1776226750000
1776226752.124,252.124,0.92,35.29,0.91,48.73,0.95,4.69,0.96,5.0,0.05,4.69,0.04,5.0,0.08,35.29,0.09,48.73,0.03,0.03,0.093276,1776226751000
1776226752.749,252.749,0.94,46.1,0.93,39.9,0.98,15.0,0.99,5687.6,0.05,4.69,0.04,5.0,0.08,35.29,0.09,48.73,0.04,0.03,0.093276,1776226751000
1776226753.085,253.085,0.94,46.1,0.93,39.9,0.98,15.0,0.99,5687.6,0.02,15.0,0.01,5687.6,0.06,46.1,0.07,39.9,0.04,0.04,0.093275,1776226752000
1776226754.078,254.078,0.94,46.1,0.93,39.9,0.98,15.0,0.99,5687.6,0.02,15.0,0.01,5687.6,0.06,46.1,0.07,39.9,0.04,0.04,0.093275,1776226753000
1776226754.53,254.53,0.92,35.29,0.91,68.73,0.98,196.66,0.99,5687.6,0.02,15.0,0.01,5687.6,0.06,46.1,0.07,39.9,0.06,0.04,0.093275,1776226753000
1776226755.237,255.237,0.92,35.29,0.91,68.73,0.98,196.66,0.99,5687.6,0.02,196.66,0.01,5687.6,0.08,35.29,0.09,68.73,0.06,0.06,0.093275,1776226754000
1776226756.521,256.521,0.92,35.29,0.91,68.73,0.98,196.66,0.99,5687.6,0.02,196.66,0.01,5687.6,0.08,35.29,0.09,68.73,0.06,0.06,0.09327,1776226755000
1776226757.026,257.026,0.92,35.29,0.91,68.73,0.98,196.66,0.99,5687.6,0.02,196.66,0.01,5687.6,0.08,35.29,0.09,68.73,0.06,0.06,0.093269,1776226756000
1776226758.019,258.019,0.91,11.47,0.88,44.6,0.97,94.3,0.98,146.66,0.02,196.66,0.01,5687.6,0.08,35.29,0.09,68.73,0.06,0.06,0.093269,1776226756000
1776226759.097,259.097,0.91,11.47,0.88,44.6,0.97,94.3,0.98,146.66,0.03,94.3,0.02,146.66,0.09,11.47,0.12,44.6,0.06,0.06,0.093264,1776226758000
1776226760.147,260.147,0.91,11.47,0.88,44.6,0.97,94.3,0.98,146.66,0.03,94.3,0.02,146.66,0.09,11.47,0.12,44.6,0.06,0.06,0.093264,1776226759000
1776226761.412,261.412,0.91,11.47,0.88,44.6,0.97,94.3,0.98,146.66,0.03,94.3,0.02,146.66,0.09,11.47,0.12,44.6,0.06,0.06,0.093264,1776226760000
1776226762.37,262.37,0.91,11.47,0.9,28.9,0.96,4.95,0.97,5.0,0.04,4.95,0.03,5.0,0.09,11.47,0.1,28.9,0.05,0.05,0.093263,1776226761000
1776226762.861,262.861,0.91,11.47,0.9,28.9,0.96,4.95,0.97,5.0,0.04,4.95,0.03,5.0,0.09,11.47,0.1,28.9,0.05,0.05,0.093263,1776226762000
1776226764.413,264.413,0.91,11.47,0.9,28.9,0.96,4.95,0.97,5.0,0.04,4.95,0.03,5.0,0.09,11.47,0.1,28.9,0.05,0.05,0.093262,1776226763000
1776226764.865,264.865,0.91,11.47,0.9,28.9,0.96,4.95,0.97,5.0,0.04,4.95,0.03,5.0,0.09,11.47,0.1,28.9,0.05,0.05,0.093261,1776226764000
1776226765.944,265.944,0.91,11.47,0.9,28.9,0.96,4.95,0.97,5.0,0.04,4.95,0.03,5.0,0.09,11.47,0.1,28.9,0.05,0.05,0.093261,1776226765000
1776226767.001,267.001,0.91,11.47,0.9,28.9,0.96,4.95,0.97,5.0,0.04,4.95,0.03,5.0,0.09,11.47,0.1,28.9,0.05,0.05,0.093262,1776226766000
1776226767.973,267.973,0.91,11.47,0.9,28.9,0.96,4.95,0.97,5.0,0.04,4.95,0.03,5.0,0.09,11.47,0.1,28.9,0.05,0.05,0.093262,1776226767000
1776226769.015,269.015,0.91,11.47,0.9,28.9,0.96,4.95,0.97,5.0,0.04,4.95,0.03,5.0,0.09,11.47,0.1,28.9,0.05,0.05,0.093262,1776226768000
1776226769.533,269.533,0.93,31.18,0.92,35.29,0.97,5.0,0.98,63.97,0.04,4.95,0.03,5.0,0.09,11.47,0.1,28.9,0.04,0.05,0.093262,1776226768000
1776226769.947,269.947,0.93,31.18,0.92,35.29,0.97,5.0,0.98,63.97,0.03,5.0,0.02,63.97,0.07,31.18,0.08,35.29,0.04,0.04,0.093263,1776226769000
1776226770.988,270.988,0.93,31.18,0.92,35.29,0.97,5.0,0.98,63.97,0.03,5.0,0.02,63.97,0.07,31.18,0.08,35.29,0.04,0.04,0.093263,1776226770000
1776226772.162,272.162,0.93,31.18,0.92,35.29,0.97,5.0,0.98,63.97,0.03,5.0,0.02,63.97,0.07,31.18,0.08,35.29,0.04,0.04,0.093262,1776226771000
1776226773.19,273.19,0.93,31.18,0.92,35.29,0.97,5.0,0.98,63.97,0.03,5.0,0.02,63.97,0.07,31.18,0.08,35.29,0.04,0.04,0.093262,1776226772000
1776226774.186,274.186,0.93,31.18,0.92,35.29,0.97,5.0,0.98,63.97,0.03,5.0,0.02,63.97,0.07,31.18,0.08,35.29,0.04,0.04,0.093262,1776226773000
1776226775.271,275.271,0.93,31.18,0.92,35.29,0.97,5.0,0.98,63.97,0.03,5.0,0.02,63.97,0.07,31.18,0.08,35.29,0.04,0.04,0.093262,1776226774000
1776226776.369,276.369,0.93,31.18,0.92,35.29,0.97,5.0,0.98,63.97,0.03,5.0,0.02,63.97,0.07,31.18,0.08,35.29,0.04,0.04,0.093262,1776226775000
1776226776.876,276.876,0.93,31.18,0.92,35.29,0.97,5.0,0.98,63.97,0.03,5.0,0.02,63.97,0.07,31.18,0.08,35.29,0.04,0.04,0.093262,1776226776000
1776226778.593,278.593,0.93,31.18,0.92,35.29,0.97,5.0,0.98,63.97,0.03,5.0,0.02,63.97,0.07,31.18,0.08,35.29,0.04,0.04,0.093262,1776226777000
1776226779.585,279.585,0.93,31.18,0.92,35.29,0.97,5.0,0.98,63.97,0.03,5.0,0.02,63.97,0.07,31.18,0.08,35.29,0.04,0.04,0.093263,1776226778000
1776226780.529,280.529,0.93,31.18,0.92,35.29,0.97,5.0,0.98,63.97,0.03,5.0,0.02,63.97,0.07,31.18,0.08,35.29,0.04,0.04,0.093263,1776226779000
1776226781.477,281.477,0.93,31.18,0.92,35.29,0.97,5.0,0.98,63.97,0.03,5.0,0.02,63.97,0.07,31.18,0.08,35.29,0.04,0.04,0.093263,1776226780000
1776226782.424,282.424,0.93,31.18,0.92,35.29,0.97,5.0,0.98,63.97,0.03,5.0,0.02,63.97,0.07,31.18,0.08,35.29,0.04,0.04,0.093263,1776226781000
1776226783.34,283.34,0.93,31.18,0.92,35.29,0.97,5.0,0.98,63.97,0.03,5.0,0.02,63.97,0.07,31.18,0.08,35.29,0.04,0.04,0.093263,1776226782000
1776226784.252,284.252,0.93,31.18,0.92,35.29,0.97,5.0,0.98,63.97,0.03,5.0,0.02,63.97,0.07,31.18,0.08,35.29,0.04,0.04,0.093263,1776226783000
1776226785.71,285.71,0.93,31.18,0.92,35.29,0.97,5.0,0.98,63.97,0.03,5.0,0.02,63.97,0.07,31.18,0.08,35.29,0.04,0.04,0.093264,1776226784000
1776226786.498,286.498,0.93,31.18,0.92,35.29,0.97,5.0,0.98,63.97,0.03,5.0,0.02,63.97,0.07,31.18,0.08,35.29,0.04,0.04,0.093264,1776226785000
1776226787.382,287.382,0.93,31.18,0.92,35.29,0.97,5.0,0.98,63.97,0.03,5.0,0.02,63.97,0.07,31.18,0.08,35.29,0.04,0.04,0.093264,1776226786000
1776226788.426,288.426,0.93,31.18,0.92,35.29,0.97,5.0,0.98,63.97,0.03,5.0,0.02,63.97,0.07,31.18,0.08,35.29,0.04,0.04,0.093263,1776226787000
1776226789.212,289.212,0.93,31.18,0.92,35.29,0.97,5.0,0.98,63.97,0.03,5.0,0.02,63.97,0.07,31.18,0.08,35.29,0.04,0.04,0.093262,1776226788000
1776226789.437,289.437,0.97,20.0,0.96,25.94,0.98,6.99,0.99,325.0,0.03,5.0,0.02,63.97,0.07,31.18,0.08,35.29,0.01,0.04,0.093262,1776226788000
1776226790.409,290.409,0.98,14.04,0.97,5.0,0.99,325.0,,,0.02,5.96,0.01,325.0,0.03,20.0,0.04,25.94,0.01,0.01,0.093262,1776226788000
1776226790.644,290.644,0.99,675.0,0.98,14.04,,,,,,,,,0.01,675.0,0.02,14.04,,,0.093262,1776226789000
1776226791.037,291.037,0.99,673.7,0.97,5.0,,,,,,,,,0.01,675.0,0.02,14.04,,,0.093262,1776226789000
1776226791.446,291.446,0.99,673.7,0.97,5.0,,,,,,,,,0.01,673.7,0.03,5.0,,,0.093262,1776226790000
1776226792.205,292.205,0.99,673.44,0.97,5.0,,,,,,,,,0.01,673.44,0.03,5.0,,,0.093262,1776226791000
1776226793.567,293.567,0.99,673.44,0.97,5.0,,,,,,,,,0.01,673.44,0.03,5.0,,,0.09328,1776226792000
1776226794.216,294.216,0.99,673.44,0.97,5.0,,,,,,,,,0.01,673.44,0.03,5.0,,,0.09328,1776226793000
1776226795.876,295.876,0.99,673.44,0.97,5.0,,,,,,,,,0.01,673.44,0.03,5.0,,,0.09328,1776226794000
1776226796.351,296.351,0.99,71.59,0.96,20.94,,,,,,,,,0.01,673.44,0.03,5.0,,,0.09328,1776226794000
1776226796.722,296.722,0.99,71.59,0.96,20.94,,,,,,,,,0.01,71.59,0.04,20.94,,,0.09328,1776226795000
1776226797.75,297.75,0.99,71.59,0.96,20.94,,,,,,,,,0.01,71.59,0.04,20.94,,,0.093278,1776226796000
1776226798.182,298.182,0.95,4.35,0.91,11.47,,,,,,,,,0.01,71.59,0.04,20.94,,,0.093278,1776226796000
1776226798.705,298.705,0.95,4.35,0.91,11.47,,,,,,,,,0.05,4.35,0.09,11.47,,,0.093241,1776226797000
1776226799.304,299.304,0.25,4.44,0.05,30.0,,,,,,,,,0.05,4.35,0.09,11.47,,,0.093241,1776226797000
1776226799.698,299.698,0.27,14.88,0.25,4.44,0.64,82.23,,,0.36,82.23,,,0.73,14.88,0.75,4.44,0.37,0.37,0.093226,1776226798000
1776226800.013,300.013,0.43,5.0,0.28,22.84,0.5,102.56,0.64,82.23,0.36,82.23,,,0.73,14.88,0.75,4.44,0.07,0.37,0.093226,1776226798000
1776226800.322,300.322,0.44,12.59,0.43,5.0,0.5,99.76,0.64,82.23,0.5,99.76,0.36,82.23,0.56,12.59,0.57,5.0,0.06,0.06,0.093225,1776226799000
1776226800.58,300.58,0.44,12.59,0.43,5.0,0.99,18.0,,,0.5,99.76,0.36,82.23,0.56,12.59,0.57,5.0,0.55,0.06,0.093225,1776226799000
1776226800.897,300.897,0.44,12.59,0.43,5.0,0.99,18.0,,,0.01,18.0,,,0.56,12.59,0.57,5.0,0.55,0.55,0.09322,1776226800000

# RESULT,winner=Up,slug=doge-updown-5m-1776226500,ticks=327
