timestamp,elapsed_sec,up_bid_p1,up_bid_s1,up_bid_p2,up_bid_s2,up_bid_p3,up_bid_s3,up_bid_p4,up_bid_s4,up_bid_p5,up_bid_s5,up_ask_p1,up_ask_s1,up_ask_p2,up_ask_s2,up_ask_p3,up_ask_s3,up_ask_p4,up_ask_s4,up_ask_p5,up_ask_s5,down_bid_p1,down_bid_s1,down_bid_p2,down_bid_s2,down_bid_p3,down_bid_s3,down_bid_p4,down_bid_s4,down_bid_p5,down_bid_s5,down_ask_p1,down_ask_s1,down_ask_p2,down_ask_s2,down_ask_p3,down_ask_s3,down_ask_p4,down_ask_s4,down_ask_p5,down_ask_s5,up_spread,down_spread,doge_price,doge_oracle_ts
1776163801.57,1.57,,,,,,,,,,,,,,,,,,,,,,,,,,,,,,,,,,,,,,,,,,,0.094488,1776163800000
1776163802.112,2.112,0.38,13.0,0.33,300.0,0.31,375.0,0.27,450.0,0.25,600.0,0.62,13.0,0.67,300.0,0.69,375.0,0.73,450.0,0.75,600.0,0.38,13.0,0.33,300.0,0.31,375.0,0.27,450.0,0.25,600.0,0.62,13.0,0.67,300.0,0.69,375.0,0.73,450.0,0.75,600.0,0.24,0.24,0.094488,1776163800000
1776163803.622,3.622,0.38,13.0,0.33,300.0,0.31,375.0,0.27,450.0,0.25,600.0,0.62,13.0,0.67,300.0,0.69,375.0,0.73,450.0,0.75,600.0,0.38,13.0,0.33,300.0,0.31,375.0,0.27,450.0,0.25,600.0,0.62,13.0,0.67,300.0,0.69,375.0,0.73,450.0,0.75,600.0,0.24,0.24,0.094488,1776163802000
1776163804.327,4.327,0.38,13.0,0.33,300.0,0.31,375.0,0.27,450.0,0.25,600.0,0.62,13.0,0.67,300.0,0.69,375.0,0.73,450.0,0.75,600.0,0.38,13.0,0.33,300.0,0.31,375.0,0.27,450.0,0.25,600.0,0.62,13.0,0.67,300.0,0.69,375.0,0.73,450.0,0.75,600.0,0.24,0.24,0.094488,1776163803000
1776163805.673,5.673,0.38,13.0,0.33,300.0,0.31,375.0,0.27,450.0,0.25,600.0,0.62,13.0,0.67,300.0,0.69,375.0,0.73,450.0,0.75,600.0,0.38,13.0,0.33,300.0,0.31,375.0,0.27,450.0,0.25,600.0,0.62,13.0,0.67,300.0,0.69,375.0,0.73,450.0,0.75,600.0,0.24,0.24,0.094488,1776163804000
1776163806.741,6.741,0.38,13.0,0.33,300.0,0.31,375.0,0.27,450.0,0.25,600.0,0.62,13.0,0.67,300.0,0.69,375.0,0.73,450.0,0.75,600.0,0.38,13.0,0.33,300.0,0.31,375.0,0.27,450.0,0.25,600.0,0.62,13.0,0.67,300.0,0.69,375.0,0.73,450.0,0.75,600.0,0.24,0.24,0.094488,1776163805000
1776163807.235,7.235,0.38,13.0,0.33,300.0,0.31,375.0,0.27,450.0,0.25,600.0,0.62,13.0,0.67,300.0,0.69,375.0,0.73,450.0,0.75,600.0,0.38,13.0,0.33,300.0,0.31,375.0,0.27,450.0,0.25,600.0,0.62,13.0,0.67,300.0,0.69,375.0,0.73,450.0,0.75,600.0,0.24,0.24,0.094488,1776163806000
1776163808.372,8.372,0.38,13.0,0.33,300.0,0.31,375.0,0.27,450.0,0.25,600.0,0.62,13.0,0.67,300.0,0.69,375.0,0.73,450.0,0.75,600.0,0.38,13.0,0.33,300.0,0.31,375.0,0.27,450.0,0.25,600.0,0.62,13.0,0.67,300.0,0.69,375.0,0.73,450.0,0.75,600.0,0.24,0.24,0.094488,1776163807000
1776163809.978,9.978,0.38,13.0,0.33,300.0,0.31,375.0,0.27,450.0,0.25,600.0,0.62,13.0,0.67,300.0,0.69,375.0,0.73,450.0,0.75,600.0,0.38,13.0,0.33,300.0,0.31,375.0,0.27,450.0,0.25,600.0,0.62,13.0,0.67,300.0,0.69,375.0,0.73,450.0,0.75,600.0,0.24,0.24,0.094488,1776163809000
1776163811.121,11.121,0.38,13.0,0.33,300.0,0.31,375.0,0.27,450.0,0.25,600.0,0.62,13.0,0.67,300.0,0.69,375.0,0.73,450.0,0.75,600.0,0.38,13.0,0.33,300.0,0.31,375.0,0.27,450.0,0.25,600.0,0.62,13.0,0.67,300.0,0.69,375.0,0.73,450.0,0.75,600.0,0.24,0.24,0.094488,1776163810000
1776163812.234,12.234,0.38,13.0,0.33,300.0,0.31,375.0,0.27,450.0,0.25,600.0,0.62,13.0,0.67,300.0,0.69,375.0,0.73,450.0,0.75,600.0,0.38,13.0,0.33,300.0,0.31,375.0,0.27,450.0,0.25,600.0,0.62,13.0,0.67,300.0,0.69,375.0,0.73,450.0,0.75,600.0,0.24,0.24,0.094488,1776163811000
1776163812.589,12.589,0.46,5.0,0.45,5.0,0.4,10.0,0.39,15.0,0.38,10.0,0.57,5.61,0.6,27.0,0.61,50.0,0.64,10.0,0.65,16.0,0.38,13.0,0.33,300.0,0.31,375.0,0.27,450.0,0.25,600.0,0.62,13.0,0.67,300.0,0.69,375.0,0.73,450.0,0.75,600.0,0.11,0.24,0.094488,1776163811000
1776163813.63,13.63,0.46,5.0,0.45,5.0,0.4,10.0,0.39,15.0,0.38,10.0,0.57,5.61,0.6,27.0,0.61,50.0,0.64,10.0,0.65,16.0,0.43,5.61,0.4,27.0,0.39,50.0,0.36,10.0,0.35,16.0,0.54,5.0,0.55,5.0,0.6,10.0,0.61,15.0,0.62,10.0,0.11,0.11,0.094488,1776163812000
1776163814.256,14.256,0.46,5.0,0.45,5.0,0.4,10.0,0.39,15.0,0.38,10.0,0.57,5.61,0.6,27.0,0.61,50.0,0.64,10.0,0.65,16.0,0.43,5.61,0.4,27.0,0.39,50.0,0.36,10.0,0.35,16.0,0.54,5.0,0.55,5.0,0.6,10.0,0.61,15.0,0.62,10.0,0.11,0.11,0.094484,1776163813000
1776163815.482,15.482,0.46,5.0,0.45,5.0,0.4,10.0,0.39,15.0,0.38,10.0,0.57,5.61,0.6,27.0,0.61,50.0,0.64,10.0,0.65,16.0,0.43,5.61,0.4,27.0,0.39,50.0,0.36,10.0,0.35,16.0,0.54,5.0,0.55,5.0,0.6,10.0,0.61,15.0,0.62,10.0,0.11,0.11,0.094483,1776163814000
1776163816.006,16.006,0.46,5.0,0.45,5.0,0.4,10.0,0.39,15.0,0.38,10.0,0.57,5.61,0.6,27.0,0.61,50.0,0.64,10.0,0.65,16.0,0.43,5.61,0.4,27.0,0.39,50.0,0.36,10.0,0.35,16.0,0.54,5.0,0.55,5.0,0.6,10.0,0.61,15.0,0.62,10.0,0.11,0.11,0.094483,1776163815000
1776163816.707,16.707,0.46,5.0,0.45,5.0,0.4,10.0,0.39,15.0,0.38,10.0,0.57,3.24,0.58,5.0,0.6,27.0,0.61,50.0,0.64,10.0,0.43,5.61,0.4,27.0,0.39,50.0,0.36,10.0,0.35,16.0,0.54,5.0,0.55,5.0,0.6,10.0,0.61,15.0,0.62,10.0,0.11,0.11,0.094483,1776163815000
1776163817.167,17.167,0.46,5.0,0.45,5.0,0.4,10.0,0.39,15.0,0.38,10.0,0.57,3.24,0.58,5.0,0.6,27.0,0.61,50.0,0.64,10.0,0.43,3.24,0.42,5.0,0.4,27.0,0.39,50.0,0.36,10.0,0.54,5.0,0.55,5.0,0.6,10.0,0.61,15.0,0.62,10.0,0.11,0.11,0.094484,1776163816000
1776163818.405,18.405,0.46,5.0,0.45,5.0,0.4,10.0,0.39,15.0,0.38,10.0,0.57,3.24,0.58,5.0,0.6,27.0,0.61,50.0,0.64,10.0,0.43,3.24,0.42,5.0,0.4,27.0,0.39,50.0,0.36,10.0,0.54,5.0,0.55,5.0,0.6,10.0,0.61,15.0,0.62,10.0,0.11,0.11,0.094484,1776163817000
1776163819.026,19.026,0.46,5.0,0.45,5.0,0.4,10.0,0.39,15.0,0.38,10.0,0.57,3.24,0.58,5.0,0.6,27.0,0.61,50.0,0.64,10.0,0.43,3.24,0.42,5.0,0.4,27.0,0.39,50.0,0.36,10.0,0.54,5.0,0.55,5.0,0.6,10.0,0.61,15.0,0.62,10.0,0.11,0.11,0.094484,1776163818000
1776163820.238,20.238,0.46,5.0,0.45,5.0,0.4,10.0,0.39,15.0,0.38,10.0,0.57,3.24,0.58,5.0,0.6,27.0,0.61,50.0,0.64,10.0,0.43,3.24,0.42,5.0,0.4,27.0,0.39,50.0,0.36,10.0,0.54,5.0,0.55,5.0,0.6,10.0,0.61,15.0,0.62,10.0,0.11,0.11,0.094481,1776163819000
1776163821.337,21.337,0.46,5.0,0.45,5.0,0.4,10.0,0.39,15.0,0.38,10.0,0.57,3.24,0.58,5.0,0.6,27.0,0.61,50.0,0.64,10.0,0.43,3.24,0.42,5.0,0.4,27.0,0.39,50.0,0.36,10.0,0.54,5.0,0.55,5.0,0.6,10.0,0.61,15.0,0.62,10.0,0.11,0.11,0.094481,1776163820000
1776163829.696,29.696,0.46,5.0,0.45,5.0,0.4,10.0,0.39,15.0,0.38,10.0,0.57,3.24,0.58,5.0,0.6,27.0,0.61,50.0,0.64,10.0,0.43,3.24,0.42,5.0,0.4,27.0,0.39,50.0,0.36,10.0,0.54,5.0,0.55,5.0,0.6,10.0,0.61,15.0,0.62,10.0,0.11,0.11,0.09448,1776163828000
1776163830.325,30.325,0.46,5.0,0.45,5.0,0.4,10.0,0.39,15.0,0.38,10.0,0.57,3.24,0.58,5.0,0.6,27.0,0.61,50.0,0.64,10.0,0.43,3.24,0.42,5.0,0.4,27.0,0.39,50.0,0.36,10.0,0.54,5.0,0.55,5.0,0.6,10.0,0.61,15.0,0.62,10.0,0.11,0.11,0.094475,1776163829000
1776163831.366,31.366,0.46,5.0,0.45,5.0,0.4,10.0,0.39,15.0,0.38,10.0,0.57,3.24,0.58,5.0,0.6,27.0,0.61,50.0,0.64,10.0,0.43,3.24,0.42,5.0,0.4,27.0,0.39,50.0,0.36,10.0,0.54,5.0,0.55,5.0,0.6,10.0,0.61,15.0,0.62,10.0,0.11,0.11,0.094475,1776163830000
1776163832.013,32.013,0.46,5.0,0.45,5.0,0.4,10.0,0.39,15.0,0.38,10.0,0.57,3.24,0.58,5.0,0.6,27.0,0.61,50.0,0.64,10.0,0.43,3.24,0.42,5.0,0.4,27.0,0.39,50.0,0.36,10.0,0.54,5.0,0.55,5.0,0.6,10.0,0.61,15.0,0.62,10.0,0.11,0.11,0.094475,1776163831000
1776163833.111,33.111,0.46,5.0,0.45,5.0,0.4,10.0,0.39,15.0,0.38,10.0,0.57,3.24,0.58,5.0,0.6,27.0,0.61,50.0,0.64,10.0,0.43,3.24,0.42,5.0,0.4,27.0,0.39,50.0,0.36,10.0,0.54,5.0,0.55,5.0,0.6,10.0,0.61,15.0,0.62,10.0,0.11,0.11,0.094475,1776163832000
1776163834.262,34.262,0.46,5.0,0.45,5.0,0.4,10.0,0.39,15.0,0.38,10.0,0.57,3.24,0.58,5.0,0.6,27.0,0.61,50.0,0.64,10.0,0.43,3.24,0.42,5.0,0.4,27.0,0.39,50.0,0.36,10.0,0.54,5.0,0.55,5.0,0.6,10.0,0.61,15.0,0.62,10.0,0.11,0.11,0.094475,1776163833000
1776163835.138,35.138,0.46,5.0,0.45,5.0,0.4,10.0,0.39,15.0,0.38,10.0,0.57,3.24,0.58,5.0,0.6,27.0,0.61,50.0,0.64,10.0,0.43,3.24,0.42,5.0,0.4,27.0,0.39,50.0,0.36,10.0,0.54,5.0,0.55,5.0,0.6,10.0,0.61,15.0,0.62,10.0,0.11,0.11,0.094474,1776163834000
1776163836.845,36.845,0.46,5.0,0.45,5.0,0.4,10.0,0.39,15.0,0.38,10.0,0.57,3.24,0.58,5.0,0.6,27.0,0.61,50.0,0.64,10.0,0.43,3.24,0.42,5.0,0.4,27.0,0.39,50.0,0.36,10.0,0.54,5.0,0.55,5.0,0.6,10.0,0.61,15.0,0.62,10.0,0.11,0.11,0.094475,1776163835000
1776163837.32,37.32,0.46,5.0,0.45,5.0,0.4,10.0,0.39,15.0,0.38,10.0,0.57,3.24,0.58,5.0,0.6,27.0,0.61,50.0,0.64,10.0,0.43,3.24,0.42,5.0,0.4,27.0,0.39,50.0,0.36,10.0,0.54,5.0,0.55,5.0,0.6,10.0,0.61,15.0,0.62,10.0,0.11,0.11,0.094475,1776163836000
1776163838.338,38.338,0.46,5.0,0.45,5.0,0.4,10.0,0.39,15.0,0.38,10.0,0.57,3.24,0.58,5.0,0.6,27.0,0.61,50.0,0.64,10.0,0.43,3.24,0.42,5.0,0.4,27.0,0.39,50.0,0.36,10.0,0.54,5.0,0.55,5.0,0.6,10.0,0.61,15.0,0.62,10.0,0.11,0.11,0.094475,1776163837000
1776163839.209,39.209,0.46,5.0,0.45,5.0,0.4,10.0,0.39,15.0,0.38,10.0,0.57,3.24,0.58,5.0,0.6,27.0,0.61,50.0,0.64,10.0,0.43,3.24,0.42,5.0,0.4,27.0,0.39,50.0,0.36,10.0,0.54,5.0,0.55,5.0,0.6,10.0,0.61,15.0,0.62,10.0,0.11,0.11,0.094475,1776163838000
1776163840.208,40.208,0.46,5.0,0.45,5.0,0.4,10.0,0.39,15.0,0.38,10.0,0.57,3.24,0.58,5.0,0.6,27.0,0.61,50.0,0.64,10.0,0.43,3.24,0.42,5.0,0.4,27.0,0.39,50.0,0.36,10.0,0.54,5.0,0.55,5.0,0.6,10.0,0.61,15.0,0.62,10.0,0.11,0.11,0.094475,1776163839000
1776163841.168,41.168,0.46,5.0,0.45,5.0,0.4,10.0,0.39,15.0,0.38,10.0,0.57,3.24,0.58,5.0,0.6,27.0,0.61,50.0,0.64,10.0,0.43,3.24,0.42,5.0,0.4,27.0,0.39,50.0,0.36,10.0,0.54,5.0,0.55,5.0,0.6,10.0,0.61,15.0,0.62,10.0,0.11,0.11,0.094475,1776163840000
1776163842.175,42.175,0.46,5.0,0.45,5.0,0.4,10.0,0.39,15.0,0.38,10.0,0.57,3.24,0.58,5.0,0.6,27.0,0.61,50.0,0.64,10.0,0.43,3.24,0.42,5.0,0.4,27.0,0.39,50.0,0.36,10.0,0.54,5.0,0.55,5.0,0.6,10.0,0.61,15.0,0.62,10.0,0.11,0.11,0.094475,1776163841000
1776163843.156,43.156,0.46,5.0,0.45,5.0,0.4,10.0,0.39,15.0,0.38,10.0,0.57,3.24,0.58,5.0,0.6,27.0,0.61,50.0,0.64,10.0,0.43,3.24,0.42,5.0,0.4,27.0,0.39,50.0,0.36,10.0,0.54,5.0,0.55,5.0,0.6,10.0,0.61,15.0,0.62,10.0,0.11,0.11,0.094476,1776163842000
1776163844.122,44.122,0.46,5.0,0.45,5.0,0.4,10.0,0.39,15.0,0.38,10.0,0.57,3.24,0.58,5.0,0.6,27.0,0.61,50.0,0.64,10.0,0.43,3.24,0.42,5.0,0.4,27.0,0.39,50.0,0.36,10.0,0.54,5.0,0.55,5.0,0.6,10.0,0.61,15.0,0.62,10.0,0.11,0.11,0.09447,1776163843000
1776163844.405,44.405,0.35,5.72,0.33,10.0,0.32,10.0,0.31,10.0,0.3,10.0,0.51,50.0,0.53,10.0,0.57,21.0,0.58,10.0,0.59,20.0,0.43,3.24,0.42,5.0,0.4,27.0,0.39,50.0,0.36,10.0,0.54,5.0,0.55,5.0,0.6,10.0,0.61,15.0,0.62,10.0,0.16,0.11,0.09447,1776163843000
1776163845.162,45.162,0.35,5.72,0.33,10.0,0.32,10.0,0.31,10.0,0.3,10.0,0.51,50.0,0.53,10.0,0.57,21.0,0.58,10.0,0.59,20.0,0.49,50.0,0.47,10.0,0.43,21.0,0.42,10.0,0.41,20.0,0.65,5.72,0.67,10.0,0.68,10.0,0.69,10.0,0.7,10.0,0.16,0.16,0.09447,1776163844000
1776163846.149,46.149,0.35,5.72,0.33,10.0,0.32,10.0,0.31,10.0,0.3,10.0,0.51,50.0,0.53,10.0,0.57,21.0,0.58,10.0,0.59,20.0,0.49,50.0,0.47,10.0,0.43,21.0,0.42,10.0,0.41,20.0,0.65,5.72,0.67,10.0,0.68,10.0,0.69,10.0,0.7,10.0,0.16,0.16,0.094467,1776163845000
1776163847.096,47.096,0.35,5.72,0.33,10.0,0.32,10.0,0.31,10.0,0.3,10.0,0.51,50.0,0.53,10.0,0.57,21.0,0.58,10.0,0.59,20.0,0.49,50.0,0.47,10.0,0.43,21.0,0.42,10.0,0.41,20.0,0.65,5.72,0.67,10.0,0.68,10.0,0.69,10.0,0.7,10.0,0.16,0.16,0.094467,1776163846000
1776163848.087,48.087,0.35,5.72,0.33,10.0,0.32,10.0,0.31,10.0,0.3,10.0,0.51,50.0,0.53,10.0,0.57,21.0,0.58,10.0,0.59,20.0,0.49,50.0,0.47,10.0,0.43,21.0,0.42,10.0,0.41,20.0,0.65,5.72,0.67,10.0,0.68,10.0,0.69,10.0,0.7,10.0,0.16,0.16,0.094467,1776163847000
1776163849.729,49.729,0.35,5.72,0.33,10.0,0.32,10.0,0.31,10.0,0.3,10.0,0.51,50.0,0.53,10.0,0.57,21.0,0.58,10.0,0.59,20.0,0.49,50.0,0.47,10.0,0.43,21.0,0.42,10.0,0.41,20.0,0.65,5.72,0.67,10.0,0.68,10.0,0.69,10.0,0.7,10.0,0.16,0.16,0.094466,1776163848000
1776163850.935,50.935,0.35,5.72,0.33,10.0,0.32,10.0,0.31,10.0,0.3,10.0,0.51,50.0,0.53,10.0,0.57,21.0,0.58,10.0,0.59,20.0,0.49,50.0,0.47,10.0,0.43,21.0,0.42,10.0,0.41,20.0,0.65,5.72,0.67,10.0,0.68,10.0,0.69,10.0,0.7,10.0,0.16,0.16,0.094466,1776163849000
1776163851.882,51.882,0.35,5.72,0.33,10.0,0.32,10.0,0.31,10.0,0.3,10.0,0.51,50.0,0.53,10.0,0.57,21.0,0.58,10.0,0.59,20.0,0.49,50.0,0.47,10.0,0.43,21.0,0.42,10.0,0.41,20.0,0.65,5.72,0.67,10.0,0.68,10.0,0.69,10.0,0.7,10.0,0.16,0.16,0.094466,1776163850000
1776163852.402,52.402,0.35,5.72,0.33,10.0,0.32,10.0,0.31,10.0,0.3,10.0,0.51,50.0,0.53,10.0,0.57,21.0,0.58,10.0,0.59,20.0,0.49,50.0,0.47,10.0,0.43,21.0,0.42,10.0,0.41,20.0,0.65,5.72,0.67,10.0,0.68,10.0,0.69,10.0,0.7,10.0,0.16,0.16,0.094466,1776163851000
1776163853.399,53.399,0.35,5.72,0.33,10.0,0.32,10.0,0.31,10.0,0.3,10.0,0.51,50.0,0.53,10.0,0.57,21.0,0.58,10.0,0.59,20.0,0.49,50.0,0.47,10.0,0.43,21.0,0.42,10.0,0.41,20.0,0.65,5.72,0.67,10.0,0.68,10.0,0.69,10.0,0.7,10.0,0.16,0.16,0.094466,1776163852000
1776163854.043,54.043,0.35,5.72,0.33,10.0,0.32,10.0,0.31,10.0,0.3,10.0,0.51,50.0,0.53,10.0,0.57,21.0,0.58,10.0,0.59,20.0,0.49,50.0,0.47,10.0,0.43,21.0,0.42,10.0,0.41,20.0,0.65,5.72,0.67,10.0,0.68,10.0,0.69,10.0,0.7,10.0,0.16,0.16,0.094466,1776163853000
1776163855.502,55.502,0.35,5.72,0.33,10.0,0.32,10.0,0.31,10.0,0.3,10.0,0.51,50.0,0.53,10.0,0.57,21.0,0.58,10.0,0.59,20.0,0.49,50.0,0.47,10.0,0.43,21.0,0.42,10.0,0.41,20.0,0.65,5.72,0.67,10.0,0.68,10.0,0.69,10.0,0.7,10.0,0.16,0.16,0.094466,1776163854000
1776163855.864,55.864,0.38,8.37,0.32,20.0,0.31,10.0,0.3,10.0,0.29,10.0,0.51,55.0,0.52,5.0,0.56,10.0,0.57,21.0,0.58,20.0,0.49,50.0,0.47,10.0,0.43,21.0,0.42,10.0,0.41,20.0,0.65,5.72,0.67,10.0,0.68,10.0,0.69,10.0,0.7,10.0,0.13,0.16,0.094466,1776163854000
1776163856.132,56.132,0.38,8.37,0.32,20.0,0.31,10.0,0.3,10.0,0.29,10.0,0.51,55.0,0.52,5.0,0.56,10.0,0.57,21.0,0.58,20.0,0.49,55.0,0.48,5.0,0.44,10.0,0.43,21.0,0.42,20.0,0.62,8.37,0.68,20.0,0.69,10.0,0.7,10.0,0.71,10.0,0.13,0.13,0.094466,1776163855000
1776163857.558,57.558,0.38,8.37,0.32,20.0,0.31,10.0,0.3,10.0,0.29,10.0,0.51,55.0,0.52,5.0,0.56,10.0,0.57,21.0,0.58,20.0,0.49,55.0,0.48,5.0,0.44,10.0,0.43,21.0,0.42,20.0,0.62,8.37,0.68,20.0,0.69,10.0,0.7,10.0,0.71,10.0,0.13,0.13,0.094466,1776163856000
1776163858.267,58.267,0.38,8.37,0.32,20.0,0.31,10.0,0.3,10.0,0.29,10.0,0.51,55.0,0.52,5.0,0.56,10.0,0.57,21.0,0.58,20.0,0.49,55.0,0.48,5.0,0.44,10.0,0.43,21.0,0.42,20.0,0.62,8.37,0.68,20.0,0.69,10.0,0.7,10.0,0.71,10.0,0.13,0.13,0.094466,1776163857000
1776163859.638,59.638,0.38,8.37,0.32,20.0,0.31,10.0,0.3,10.0,0.29,10.0,0.51,55.0,0.52,5.0,0.56,10.0,0.57,21.0,0.58,20.0,0.49,55.0,0.48,5.0,0.44,10.0,0.43,21.0,0.42,20.0,0.62,8.37,0.68,20.0,0.69,10.0,0.7,10.0,0.71,10.0,0.13,0.13,0.094466,1776163858000
1776163860.248,60.248,0.38,8.37,0.32,20.0,0.31,10.0,0.3,10.0,0.29,10.0,0.51,55.0,0.52,5.0,0.56,10.0,0.57,21.0,0.58,20.0,0.49,55.0,0.48,5.0,0.44,10.0,0.43,21.0,0.42,20.0,0.62,8.37,0.68,20.0,0.69,10.0,0.7,10.0,0.71,10.0,0.13,0.13,0.094466,1776163859000
1776163861.009,61.009,0.38,3.37,0.37,5.0,0.35,11.4,0.34,11.6,0.33,11.8,0.51,55.0,0.52,5.0,0.56,10.0,0.57,21.0,0.58,10.0,0.49,55.0,0.48,5.0,0.44,10.0,0.43,21.0,0.42,20.0,0.62,8.37,0.68,20.0,0.69,10.0,0.7,10.0,0.71,10.0,0.13,0.13,0.094466,1776163859000
1776163861.872,61.872,0.38,3.37,0.37,5.0,0.35,11.4,0.34,11.6,0.33,11.8,0.51,55.0,0.52,5.0,0.56,10.0,0.57,21.0,0.58,10.0,0.49,55.0,0.48,5.0,0.44,10.0,0.43,21.0,0.42,10.0,0.62,3.37,0.63,5.0,0.65,11.4,0.66,11.6,0.67,11.8,0.13,0.13,0.094466,1776163860000
1776163862.647,62.647,0.38,3.37,0.37,5.0,0.35,11.4,0.34,11.6,0.33,11.8,0.51,55.0,0.52,5.0,0.56,10.0,0.57,21.0,0.58,10.0,0.49,55.0,0.48,5.0,0.44,10.0,0.43,21.0,0.42,10.0,0.62,3.37,0.63,5.0,0.65,11.4,0.66,11.6,0.67,11.8,0.13,0.13,0.094467,1776163861000
1776163863.323,63.323,0.38,3.37,0.37,5.0,0.35,11.4,0.34,11.6,0.33,11.8,0.51,55.0,0.52,5.0,0.56,10.0,0.57,21.0,0.58,10.0,0.49,55.0,0.48,5.0,0.44,10.0,0.43,21.0,0.42,10.0,0.62,3.37,0.63,5.0,0.65,11.4,0.66,11.6,0.67,11.8,0.13,0.13,0.094466,1776163862000
1776163864.115,64.115,0.38,3.37,0.37,5.0,0.35,11.4,0.34,11.6,0.33,11.8,0.51,55.0,0.52,5.0,0.56,10.0,0.57,21.0,0.58,10.0,0.49,55.0,0.48,5.0,0.44,10.0,0.43,21.0,0.42,10.0,0.62,3.37,0.63,5.0,0.65,11.4,0.66,11.6,0.67,11.8,0.13,0.13,0.094466,1776163863000
1776163865.536,65.536,0.41,3.28,0.4,5.0,0.36,10.0,0.35,21.4,0.34,21.6,0.54,5.0,0.55,5.0,0.58,11.0,0.59,10.0,0.6,10.0,0.49,55.0,0.48,5.0,0.44,10.0,0.43,21.0,0.42,10.0,0.62,3.37,0.63,5.0,0.65,11.4,0.66,11.6,0.67,11.8,0.13,0.13,0.094466,1776163863000
1776163866.308,66.308,0.41,3.28,0.4,5.0,0.36,10.0,0.35,21.4,0.34,21.6,0.54,5.0,0.55,5.0,0.58,11.0,0.59,10.0,0.6,10.0,0.46,5.0,0.45,5.0,0.42,11.0,0.41,10.0,0.4,10.0,0.59,3.28,0.6,5.0,0.64,10.0,0.65,21.4,0.66,21.6,0.13,0.13,0.094466,1776163865000
1776163867.804,67.804,0.41,3.28,0.4,5.0,0.36,10.0,0.35,21.4,0.34,21.6,0.54,5.0,0.55,5.0,0.58,11.0,0.59,10.0,0.6,10.0,0.46,5.0,0.45,5.0,0.42,11.0,0.41,10.0,0.4,10.0,0.59,3.28,0.6,5.0,0.64,10.0,0.65,21.4,0.66,21.6,0.13,0.13,0.094472,1776163866000
1776163868.801,68.801,0.41,3.28,0.4,5.0,0.36,10.0,0.35,21.4,0.34,21.6,0.54,5.0,0.55,5.0,0.58,11.0,0.59,10.0,0.6,10.0,0.46,5.0,0.45,5.0,0.42,11.0,0.41,10.0,0.4,10.0,0.59,3.28,0.6,5.0,0.64,10.0,0.65,21.4,0.66,21.6,0.13,0.13,0.094472,1776163867000
1776163869.413,69.413,0.41,3.28,0.4,5.0,0.36,10.0,0.35,21.4,0.34,21.6,0.54,5.0,0.55,5.0,0.58,11.0,0.59,10.0,0.6,10.0,0.46,5.0,0.45,5.0,0.42,11.0,0.41,10.0,0.4,10.0,0.59,3.28,0.6,5.0,0.64,10.0,0.65,21.4,0.66,21.6,0.13,0.13,0.094472,1776163868000
1776163870.605,70.605,0.41,3.28,0.4,5.0,0.36,10.0,0.35,21.4,0.34,21.6,0.54,5.0,0.55,5.0,0.58,11.0,0.59,10.0,0.6,10.0,0.46,5.0,0.45,5.0,0.42,11.0,0.41,10.0,0.4,10.0,0.59,3.28,0.6,5.0,0.64,10.0,0.65,21.4,0.66,21.6,0.13,0.13,0.094472,1776163869000
1776163871.253,71.253,0.41,3.28,0.4,5.0,0.36,10.0,0.35,21.4,0.34,21.6,0.54,5.0,0.55,5.0,0.58,11.0,0.59,10.0,0.6,10.0,0.46,5.0,0.45,5.0,0.42,11.0,0.41,10.0,0.4,10.0,0.59,3.28,0.6,5.0,0.64,10.0,0.65,21.4,0.66,21.6,0.13,0.13,0.094467,1776163870000
1776163872.549,72.549,0.41,3.28,0.4,5.0,0.36,10.0,0.35,21.4,0.34,21.6,0.54,5.0,0.55,5.0,0.58,11.0,0.59,10.0,0.6,10.0,0.46,5.0,0.45,5.0,0.42,11.0,0.41,10.0,0.4,10.0,0.59,3.28,0.6,5.0,0.64,10.0,0.65,21.4,0.66,21.6,0.13,0.13,0.094468,1776163871000
1776163873.211,73.211,0.41,3.28,0.4,5.0,0.36,10.0,0.35,21.4,0.34,21.6,0.54,5.0,0.55,5.0,0.58,11.0,0.59,10.0,0.6,10.0,0.46,5.0,0.45,5.0,0.42,11.0,0.41,10.0,0.4,10.0,0.59,3.28,0.6,5.0,0.64,10.0,0.65,21.4,0.66,21.6,0.13,0.13,0.094468,1776163872000
1776163874.54,74.54,0.41,3.28,0.4,5.0,0.36,10.0,0.35,21.4,0.34,21.6,0.54,5.0,0.55,5.0,0.58,11.0,0.59,10.0,0.6,10.0,0.46,5.0,0.45,5.0,0.42,11.0,0.41,10.0,0.4,10.0,0.59,3.28,0.6,5.0,0.64,10.0,0.65,21.4,0.66,21.6,0.13,0.13,0.094468,1776163873000
1776163875.169,75.169,0.41,3.28,0.4,5.0,0.36,10.0,0.35,21.4,0.34,21.6,0.54,5.0,0.55,5.0,0.58,11.0,0.59,10.0,0.6,10.0,0.46,5.0,0.45,5.0,0.42,11.0,0.41,10.0,0.4,10.0,0.59,3.28,0.6,5.0,0.64,10.0,0.65,21.4,0.66,21.6,0.13,0.13,0.09447,1776163874000
1776163876.304,76.304,0.41,3.28,0.4,5.0,0.36,10.0,0.35,21.4,0.34,21.6,0.54,5.0,0.55,5.0,0.58,11.0,0.59,10.0,0.6,10.0,0.46,5.0,0.45,5.0,0.42,11.0,0.41,10.0,0.4,10.0,0.59,3.28,0.6,5.0,0.64,10.0,0.65,21.4,0.66,21.6,0.13,0.13,0.094492,1776163875000
1776163877.4,77.4,0.41,3.28,0.4,5.0,0.36,10.0,0.35,21.4,0.34,21.6,0.54,5.0,0.55,5.0,0.58,11.0,0.59,10.0,0.6,10.0,0.46,5.0,0.45,5.0,0.42,11.0,0.41,10.0,0.4,10.0,0.59,3.28,0.6,5.0,0.64,10.0,0.65,21.4,0.66,21.6,0.13,0.13,0.094504,1776163876000
1776163878.031,78.031,0.41,3.28,0.4,5.0,0.36,10.0,0.35,21.4,0.34,21.6,0.54,5.0,0.55,5.0,0.58,11.0,0.59,10.0,0.6,10.0,0.46,5.0,0.45,5.0,0.42,11.0,0.41,10.0,0.4,10.0,0.59,3.28,0.6,5.0,0.64,10.0,0.65,21.4,0.66,21.6,0.13,0.13,0.094504,1776163877000
1776163879.273,79.273,0.41,3.28,0.4,5.0,0.36,10.0,0.35,21.4,0.34,21.6,0.54,5.0,0.55,5.0,0.58,11.0,0.59,10.0,0.6,10.0,0.46,5.0,0.45,5.0,0.42,11.0,0.41,10.0,0.4,10.0,0.59,3.28,0.6,5.0,0.64,10.0,0.65,21.4,0.66,21.6,0.13,0.13,0.094504,1776163878000
1776163880.539,80.539,0.41,3.28,0.4,5.0,0.36,10.0,0.35,21.4,0.34,21.6,0.54,5.0,0.55,5.0,0.58,11.0,0.59,10.0,0.6,10.0,0.46,5.0,0.45,5.0,0.42,11.0,0.41,10.0,0.4,10.0,0.59,3.28,0.6,5.0,0.64,10.0,0.65,21.4,0.66,21.6,0.13,0.13,0.094501,1776163879000
1776163881.228,81.228,0.41,3.28,0.4,5.0,0.36,10.0,0.35,21.4,0.34,21.6,0.54,5.0,0.55,5.0,0.58,11.0,0.59,10.0,0.6,10.0,0.46,5.0,0.45,5.0,0.42,11.0,0.41,10.0,0.4,10.0,0.59,3.28,0.6,5.0,0.64,10.0,0.65,21.4,0.66,21.6,0.13,0.13,0.094501,1776163880000
1776163882.459,82.459,0.41,3.28,0.4,5.0,0.36,10.0,0.35,21.4,0.34,21.6,0.54,5.0,0.55,5.0,0.58,11.0,0.59,10.0,0.6,10.0,0.46,5.0,0.45,5.0,0.42,11.0,0.41,10.0,0.4,10.0,0.59,3.28,0.6,5.0,0.64,10.0,0.65,21.4,0.66,21.6,0.13,0.13,0.0945,1776163881000
1776163882.971,82.971,0.41,3.28,0.4,5.0,0.36,10.0,0.35,21.4,0.34,21.6,0.54,5.0,0.55,5.0,0.58,11.0,0.59,10.0,0.6,10.0,0.46,5.0,0.45,5.0,0.42,11.0,0.41,10.0,0.4,10.0,0.59,3.28,0.6,5.0,0.64,10.0,0.65,21.4,0.66,21.6,0.13,0.13,0.094501,1776163882000
1776163884.174,84.174,0.41,3.28,0.4,5.0,0.36,10.0,0.35,21.4,0.34,21.6,0.54,5.0,0.55,5.0,0.58,11.0,0.59,10.0,0.6,10.0,0.46,5.0,0.45,5.0,0.42,11.0,0.41,10.0,0.4,10.0,0.59,3.28,0.6,5.0,0.64,10.0,0.65,21.4,0.66,21.6,0.13,0.13,0.094501,1776163883000
1776163885.678,85.678,0.41,3.28,0.4,5.0,0.36,10.0,0.35,21.4,0.34,21.6,0.54,5.0,0.55,5.0,0.58,11.0,0.59,10.0,0.6,10.0,0.46,5.0,0.45,5.0,0.42,11.0,0.41,10.0,0.4,10.0,0.59,3.28,0.6,5.0,0.64,10.0,0.65,21.4,0.66,21.6,0.13,0.13,0.094501,1776163884000
1776163886.241,86.241,0.41,3.28,0.4,5.0,0.36,10.0,0.35,21.4,0.34,21.6,0.54,5.0,0.55,5.0,0.58,11.0,0.59,10.0,0.6,10.0,0.46,5.0,0.45,5.0,0.42,11.0,0.41,10.0,0.4,10.0,0.59,3.28,0.6,5.0,0.64,10.0,0.65,21.4,0.66,21.6,0.13,0.13,0.09449,1776163885000
1776163887.331,87.331,0.41,3.28,0.4,5.0,0.36,10.0,0.35,21.4,0.34,21.6,0.54,5.0,0.55,5.0,0.58,11.0,0.59,10.0,0.6,10.0,0.46,5.0,0.45,5.0,0.42,11.0,0.41,10.0,0.4,10.0,0.59,3.28,0.6,5.0,0.64,10.0,0.65,21.4,0.66,21.6,0.13,0.13,0.094485,1776163886000
1776163888.409,88.409,0.41,3.28,0.4,5.0,0.36,10.0,0.35,21.4,0.34,21.6,0.54,5.0,0.55,5.0,0.58,11.0,0.59,10.0,0.6,10.0,0.46,5.0,0.45,5.0,0.42,11.0,0.41,10.0,0.4,10.0,0.59,3.28,0.6,5.0,0.64,10.0,0.65,21.4,0.66,21.6,0.13,0.13,0.094486,1776163887000
1776163889.005,89.005,0.41,3.28,0.4,5.0,0.36,10.0,0.35,21.4,0.34,21.6,0.54,5.0,0.55,5.0,0.58,11.0,0.59,10.0,0.6,10.0,0.46,5.0,0.45,5.0,0.42,11.0,0.41,10.0,0.4,10.0,0.59,3.28,0.6,5.0,0.64,10.0,0.65,21.4,0.66,21.6,0.13,0.13,0.094486,1776163888000
1776163890.159,90.159,0.41,3.28,0.4,5.0,0.36,10.0,0.35,21.4,0.34,21.6,0.54,5.0,0.55,5.0,0.58,11.0,0.59,10.0,0.6,10.0,0.46,5.0,0.45,5.0,0.42,11.0,0.41,10.0,0.4,10.0,0.59,3.28,0.6,5.0,0.64,10.0,0.65,21.4,0.66,21.6,0.13,0.13,0.094486,1776163889000
1776163891.256,91.256,0.41,3.28,0.4,5.0,0.36,10.0,0.35,21.4,0.34,21.6,0.54,5.0,0.55,5.0,0.58,11.0,0.59,10.0,0.6,10.0,0.46,5.0,0.45,5.0,0.42,11.0,0.41,10.0,0.4,10.0,0.59,3.28,0.6,5.0,0.64,10.0,0.65,21.4,0.66,21.6,0.13,0.13,0.094485,1776163890000
1776163892.433,92.433,0.41,3.28,0.4,5.0,0.36,10.0,0.35,21.4,0.34,21.6,0.54,5.0,0.55,5.0,0.58,11.0,0.59,10.0,0.6,10.0,0.46,5.0,0.45,5.0,0.42,11.0,0.41,10.0,0.4,10.0,0.59,3.28,0.6,5.0,0.64,10.0,0.65,21.4,0.66,21.6,0.13,0.13,0.094486,1776163891000
1776163893.012,93.012,0.41,3.28,0.4,5.0,0.36,10.0,0.35,21.4,0.34,21.6,0.54,5.0,0.55,5.0,0.58,11.0,0.59,10.0,0.6,10.0,0.46,5.0,0.45,5.0,0.42,11.0,0.41,10.0,0.4,10.0,0.59,3.28,0.6,5.0,0.64,10.0,0.65,21.4,0.66,21.6,0.13,0.13,0.094486,1776163892000
1776163894.123,94.123,0.41,3.28,0.4,5.0,0.36,10.0,0.35,21.4,0.34,21.6,0.54,5.0,0.55,5.0,0.58,11.0,0.59,10.0,0.6,10.0,0.46,5.0,0.45,5.0,0.42,11.0,0.41,10.0,0.4,10.0,0.59,3.28,0.6,5.0,0.64,10.0,0.65,21.4,0.66,21.6,0.13,0.13,0.094487,1776163893000
1776163895.225,95.225,0.41,3.28,0.4,5.0,0.36,10.0,0.35,21.4,0.34,21.6,0.54,5.0,0.55,5.0,0.58,11.0,0.59,10.0,0.6,10.0,0.46,5.0,0.45,5.0,0.42,11.0,0.41,10.0,0.4,10.0,0.59,3.28,0.6,5.0,0.64,10.0,0.65,21.4,0.66,21.6,0.13,0.13,0.094497,1776163894000
1776163896.335,96.335,0.41,3.28,0.4,5.0,0.36,10.0,0.35,21.4,0.34,21.6,0.54,5.0,0.55,5.0,0.58,11.0,0.59,10.0,0.6,10.0,0.46,5.0,0.45,5.0,0.42,11.0,0.41,10.0,0.4,10.0,0.59,3.28,0.6,5.0,0.64,10.0,0.65,21.4,0.66,21.6,0.13,0.13,0.094503,1776163895000
1776163897.406,97.406,0.41,3.28,0.4,5.0,0.36,10.0,0.35,21.4,0.34,21.6,0.54,5.0,0.55,5.0,0.58,11.0,0.59,10.0,0.6,10.0,0.46,5.0,0.45,5.0,0.42,11.0,0.41,10.0,0.4,10.0,0.59,3.28,0.6,5.0,0.64,10.0,0.65,21.4,0.66,21.6,0.13,0.13,0.0945,1776163896000
1776163897.993,97.993,0.41,3.28,0.4,5.0,0.36,10.0,0.35,21.4,0.34,21.6,0.54,5.0,0.55,5.0,0.58,11.0,0.59,10.0,0.6,10.0,0.46,5.0,0.45,5.0,0.42,11.0,0.41,10.0,0.4,10.0,0.59,3.28,0.6,5.0,0.64,10.0,0.65,21.4,0.66,21.6,0.13,0.13,0.0945,1776163897000
1776163899.142,99.142,0.41,3.28,0.4,5.0,0.36,10.0,0.35,21.4,0.34,21.6,0.54,5.0,0.55,5.0,0.58,11.0,0.59,10.0,0.6,10.0,0.46,5.0,0.45,5.0,0.42,11.0,0.41,10.0,0.4,10.0,0.59,3.28,0.6,5.0,0.64,10.0,0.65,21.4,0.66,21.6,0.13,0.13,0.094495,1776163898000
1776163900.079,100.079,0.41,3.28,0.4,5.0,0.36,10.0,0.35,21.4,0.34,21.6,0.54,5.0,0.55,5.0,0.58,11.0,0.59,10.0,0.6,10.0,0.46,5.0,0.45,5.0,0.42,11.0,0.41,10.0,0.4,10.0,0.59,3.28,0.6,5.0,0.64,10.0,0.65,21.4,0.66,21.6,0.13,0.13,0.094495,1776163899000
1776163901.08,101.08,0.41,3.28,0.4,5.0,0.36,10.0,0.35,21.4,0.34,21.6,0.54,5.0,0.55,5.0,0.58,11.0,0.59,10.0,0.6,10.0,0.46,5.0,0.45,5.0,0.42,11.0,0.41,10.0,0.4,10.0,0.59,3.28,0.6,5.0,0.64,10.0,0.65,21.4,0.66,21.6,0.13,0.13,0.094496,1776163900000
1776163902.017,102.017,0.41,3.28,0.4,5.0,0.36,10.0,0.35,21.4,0.34,21.6,0.54,5.0,0.55,5.0,0.58,11.0,0.59,10.0,0.6,10.0,0.46,5.0,0.45,5.0,0.42,11.0,0.41,10.0,0.4,10.0,0.59,3.28,0.6,5.0,0.64,10.0,0.65,21.4,0.66,21.6,0.13,0.13,0.094496,1776163901000
1776163902.955,102.955,0.41,3.28,0.4,5.0,0.36,10.0,0.35,21.4,0.34,21.6,0.54,5.0,0.55,5.0,0.58,11.0,0.59,10.0,0.6,10.0,0.46,5.0,0.45,5.0,0.42,11.0,0.41,10.0,0.4,10.0,0.59,3.28,0.6,5.0,0.64,10.0,0.65,21.4,0.66,21.6,0.13,0.13,0.094496,1776163902000
1776163903.846,103.846,0.41,3.28,0.4,5.0,0.36,10.0,0.35,21.4,0.34,21.6,0.54,5.0,0.55,5.0,0.58,11.0,0.59,10.0,0.6,10.0,0.46,5.0,0.45,5.0,0.42,11.0,0.41,10.0,0.4,10.0,0.59,3.28,0.6,5.0,0.64,10.0,0.65,21.4,0.66,21.6,0.13,0.13,0.094496,1776163903000
1776163905.243,105.243,0.41,3.28,0.4,5.0,0.36,10.0,0.35,21.4,0.34,21.6,0.54,5.0,0.55,5.0,0.58,11.0,0.59,10.0,0.6,10.0,0.46,5.0,0.45,5.0,0.42,11.0,0.41,10.0,0.4,10.0,0.59,3.28,0.6,5.0,0.64,10.0,0.65,21.4,0.66,21.6,0.13,0.13,0.094495,1776163904000
1776163906.255,106.255,0.41,3.28,0.4,5.0,0.36,10.0,0.35,21.4,0.34,21.6,0.54,5.0,0.55,5.0,0.58,11.0,0.59,10.0,0.6,10.0,0.46,5.0,0.45,5.0,0.42,11.0,0.41,10.0,0.4,10.0,0.59,3.28,0.6,5.0,0.64,10.0,0.65,21.4,0.66,21.6,0.13,0.13,0.094495,1776163905000
1776163907.289,107.289,0.41,3.28,0.4,5.0,0.36,10.0,0.35,21.4,0.34,21.6,0.54,5.0,0.55,5.0,0.58,11.0,0.59,10.0,0.6,10.0,0.46,5.0,0.45,5.0,0.42,11.0,0.41,10.0,0.4,10.0,0.59,3.28,0.6,5.0,0.64,10.0,0.65,21.4,0.66,21.6,0.13,0.13,0.094496,1776163906000
1776163908.198,108.198,0.41,3.28,0.4,5.0,0.36,10.0,0.35,21.4,0.34,21.6,0.54,5.0,0.55,5.0,0.58,11.0,0.59,10.0,0.6,10.0,0.46,5.0,0.45,5.0,0.42,11.0,0.41,10.0,0.4,10.0,0.59,3.28,0.6,5.0,0.64,10.0,0.65,21.4,0.66,21.6,0.13,0.13,0.094496,1776163907000
1776163909.134,109.134,0.41,3.28,0.4,5.0,0.36,10.0,0.35,21.4,0.34,21.6,0.54,5.0,0.55,5.0,0.58,11.0,0.59,10.0,0.6,10.0,0.46,5.0,0.45,5.0,0.42,11.0,0.41,10.0,0.4,10.0,0.59,3.28,0.6,5.0,0.64,10.0,0.65,21.4,0.66,21.6,0.13,0.13,0.094496,1776163908000
1776163910.067,110.067,0.41,3.28,0.4,5.0,0.36,10.0,0.35,21.4,0.34,21.6,0.54,5.0,0.55,5.0,0.58,11.0,0.59,10.0,0.6,10.0,0.46,5.0,0.45,5.0,0.42,11.0,0.41,10.0,0.4,10.0,0.59,3.28,0.6,5.0,0.64,10.0,0.65,21.4,0.66,21.6,0.13,0.13,0.094501,1776163909000
1776163910.991,110.991,0.41,3.28,0.4,5.0,0.36,10.0,0.35,21.4,0.34,21.6,0.54,5.0,0.55,5.0,0.58,11.0,0.59,10.0,0.6,10.0,0.46,5.0,0.45,5.0,0.42,11.0,0.41,10.0,0.4,10.0,0.59,3.28,0.6,5.0,0.64,10.0,0.65,21.4,0.66,21.6,0.13,0.13,0.094508,1776163910000
1776163912.644,112.644,0.41,3.28,0.4,5.0,0.36,10.0,0.35,21.4,0.34,21.6,0.54,5.0,0.55,5.0,0.58,11.0,0.59,10.0,0.6,10.0,0.46,5.0,0.45,5.0,0.42,11.0,0.41,10.0,0.4,10.0,0.59,3.28,0.6,5.0,0.64,10.0,0.65,21.4,0.66,21.6,0.13,0.13,0.09451,1776163911000
1776163913.366,113.366,0.41,3.28,0.4,5.0,0.36,10.0,0.35,21.4,0.34,21.6,0.54,5.0,0.55,5.0,0.58,11.0,0.59,10.0,0.6,10.0,0.46,5.0,0.45,5.0,0.42,11.0,0.41,10.0,0.4,10.0,0.59,3.28,0.6,5.0,0.64,10.0,0.65,21.4,0.66,21.6,0.13,0.13,0.094518,1776163912000
1776163914.229,114.229,0.41,3.28,0.4,5.0,0.36,10.0,0.35,21.4,0.34,21.6,0.54,5.0,0.55,5.0,0.58,11.0,0.59,10.0,0.6,10.0,0.46,5.0,0.45,5.0,0.42,11.0,0.41,10.0,0.4,10.0,0.59,3.28,0.6,5.0,0.64,10.0,0.65,21.4,0.66,21.6,0.13,0.13,0.094522,1776163913000
1776163915.34,115.34,0.41,3.28,0.4,5.0,0.36,10.0,0.35,21.4,0.34,21.6,0.54,5.0,0.55,5.0,0.58,11.0,0.59,10.0,0.6,10.0,0.46,5.0,0.45,5.0,0.42,11.0,0.41,10.0,0.4,10.0,0.59,3.28,0.6,5.0,0.64,10.0,0.65,21.4,0.66,21.6,0.13,0.13,0.094541,1776163914000
1776163916.201,116.201,0.41,3.28,0.4,5.0,0.36,10.0,0.35,21.4,0.34,21.6,0.54,5.0,0.55,5.0,0.58,11.0,0.59,10.0,0.6,10.0,0.46,5.0,0.45,5.0,0.42,11.0,0.41,10.0,0.4,10.0,0.59,3.28,0.6,5.0,0.64,10.0,0.65,21.4,0.66,21.6,0.13,0.13,0.094541,1776163915000
1776163917.284,117.284,0.41,3.28,0.4,5.0,0.36,10.0,0.35,21.4,0.34,21.6,0.54,5.0,0.55,5.0,0.58,11.0,0.59,10.0,0.6,10.0,0.46,5.0,0.45,5.0,0.42,11.0,0.41,10.0,0.4,10.0,0.59,3.28,0.6,5.0,0.64,10.0,0.65,21.4,0.66,21.6,0.13,0.13,0.094541,1776163916000
1776163918.11,118.11,0.41,3.28,0.4,5.0,0.36,10.0,0.35,21.4,0.34,21.6,0.54,5.0,0.55,5.0,0.58,11.0,0.59,10.0,0.6,10.0,0.46,5.0,0.45,5.0,0.42,11.0,0.41,10.0,0.4,10.0,0.59,3.28,0.6,5.0,0.64,10.0,0.65,21.4,0.66,21.6,0.13,0.13,0.094541,1776163917000
1776163919.138,119.138,0.41,3.28,0.4,5.0,0.36,10.0,0.35,21.4,0.34,21.6,0.54,5.0,0.55,5.0,0.58,11.0,0.59,10.0,0.6,10.0,0.46,5.0,0.45,5.0,0.42,11.0,0.41,10.0,0.4,10.0,0.59,3.28,0.6,5.0,0.64,10.0,0.65,21.4,0.66,21.6,0.13,0.13,0.094541,1776163918000
1776163920.039,120.039,0.41,3.28,0.4,5.0,0.36,10.0,0.35,21.4,0.34,21.6,0.54,5.0,0.55,5.0,0.58,11.0,0.59,10.0,0.6,10.0,0.46,5.0,0.45,5.0,0.42,11.0,0.41,10.0,0.4,10.0,0.59,3.28,0.6,5.0,0.64,10.0,0.65,21.4,0.66,21.6,0.13,0.13,0.094541,1776163919000
1776163921.138,121.138,0.41,3.28,0.4,5.0,0.36,10.0,0.35,21.4,0.34,21.6,0.54,5.0,0.55,5.0,0.58,11.0,0.59,10.0,0.6,10.0,0.46,5.0,0.45,5.0,0.42,11.0,0.41,10.0,0.4,10.0,0.59,3.28,0.6,5.0,0.64,10.0,0.65,21.4,0.66,21.6,0.13,0.13,0.094541,1776163920000
1776163922.202,122.202,0.41,3.28,0.4,5.0,0.36,10.0,0.35,21.4,0.34,21.6,0.54,5.0,0.55,5.0,0.58,11.0,0.59,10.0,0.6,10.0,0.46,5.0,0.45,5.0,0.42,11.0,0.41,10.0,0.4,10.0,0.59,3.28,0.6,5.0,0.64,10.0,0.65,21.4,0.66,21.6,0.13,0.13,0.094536,1776163921000
1776163923.132,123.132,0.41,3.28,0.4,5.0,0.36,10.0,0.35,21.4,0.34,21.6,0.54,5.0,0.55,5.0,0.58,11.0,0.59,10.0,0.6,10.0,0.46,5.0,0.45,5.0,0.42,11.0,0.41,10.0,0.4,10.0,0.59,3.28,0.6,5.0,0.64,10.0,0.65,21.4,0.66,21.6,0.13,0.13,0.094548,1776163922000
1776163924.187,124.187,0.41,3.28,0.4,5.0,0.36,10.0,0.35,21.4,0.34,21.6,0.54,5.0,0.55,5.0,0.58,11.0,0.59,10.0,0.6,10.0,0.46,5.0,0.45,5.0,0.42,11.0,0.41,10.0,0.4,10.0,0.59,3.28,0.6,5.0,0.64,10.0,0.65,21.4,0.66,21.6,0.13,0.13,0.09455,1776163923000
1776163925.839,125.839,0.41,3.28,0.4,5.0,0.36,10.0,0.35,21.4,0.34,21.6,0.54,5.0,0.55,5.0,0.58,11.0,0.59,10.0,0.6,10.0,0.46,5.0,0.45,5.0,0.42,11.0,0.41,10.0,0.4,10.0,0.59,3.28,0.6,5.0,0.64,10.0,0.65,21.4,0.66,21.6,0.13,0.13,0.094552,1776163924000
1776163926.441,126.441,0.41,3.28,0.4,5.0,0.36,10.0,0.35,21.4,0.34,21.6,0.54,5.0,0.55,5.0,0.58,11.0,0.59,10.0,0.6,10.0,0.46,5.0,0.45,5.0,0.42,11.0,0.41,10.0,0.4,10.0,0.59,3.28,0.6,5.0,0.64,10.0,0.65,21.4,0.66,21.6,0.13,0.13,0.094551,1776163925000
1776163927.433,127.433,0.41,3.28,0.4,5.0,0.36,10.0,0.35,21.4,0.34,21.6,0.54,5.0,0.55,5.0,0.58,11.0,0.59,10.0,0.6,10.0,0.46,5.0,0.45,5.0,0.42,11.0,0.41,10.0,0.4,10.0,0.59,3.28,0.6,5.0,0.64,10.0,0.65,21.4,0.66,21.6,0.13,0.13,0.094551,1776163926000
1776163928.248,128.248,0.41,3.28,0.4,5.0,0.36,10.0,0.35,21.4,0.34,21.6,0.54,5.0,0.55,5.0,0.58,11.0,0.59,10.0,0.6,10.0,0.46,5.0,0.45,5.0,0.42,11.0,0.41,10.0,0.4,10.0,0.59,3.28,0.6,5.0,0.64,10.0,0.65,21.4,0.66,21.6,0.13,0.13,0.094552,1776163927000
1776163929.28,129.28,0.41,3.28,0.4,5.0,0.36,10.0,0.35,21.4,0.34,21.6,0.54,5.0,0.55,5.0,0.58,11.0,0.59,10.0,0.6,10.0,0.46,5.0,0.45,5.0,0.42,11.0,0.41,10.0,0.4,10.0,0.59,3.28,0.6,5.0,0.64,10.0,0.65,21.4,0.66,21.6,0.13,0.13,0.094552,1776163928000
1776163930.283,130.283,0.41,3.28,0.4,5.0,0.36,10.0,0.35,21.4,0.34,21.6,0.54,5.0,0.55,5.0,0.58,11.0,0.59,10.0,0.6,10.0,0.46,5.0,0.45,5.0,0.42,11.0,0.41,10.0,0.4,10.0,0.59,3.28,0.6,5.0,0.64,10.0,0.65,21.4,0.66,21.6,0.13,0.13,0.094552,1776163929000
1776163931.169,131.169,0.41,3.28,0.4,5.0,0.36,10.0,0.35,21.4,0.34,21.6,0.54,5.0,0.55,5.0,0.58,11.0,0.59,10.0,0.6,10.0,0.46,5.0,0.45,5.0,0.42,11.0,0.41,10.0,0.4,10.0,0.59,3.28,0.6,5.0,0.64,10.0,0.65,21.4,0.66,21.6,0.13,0.13,0.094553,1776163930000
1776163932.226,132.226,0.41,3.28,0.4,5.0,0.36,10.0,0.35,21.4,0.34,21.6,0.54,5.0,0.55,5.0,0.58,11.0,0.59,10.0,0.6,10.0,0.46,5.0,0.45,5.0,0.42,11.0,0.41,10.0,0.4,10.0,0.59,3.28,0.6,5.0,0.64,10.0,0.65,21.4,0.66,21.6,0.13,0.13,0.094553,1776163931000
1776163933.173,133.173,0.41,3.28,0.4,5.0,0.36,10.0,0.35,21.4,0.34,21.6,0.54,5.0,0.55,5.0,0.58,11.0,0.59,10.0,0.6,10.0,0.46,5.0,0.45,5.0,0.42,11.0,0.41,10.0,0.4,10.0,0.59,3.28,0.6,5.0,0.64,10.0,0.65,21.4,0.66,21.6,0.13,0.13,0.094528,1776163932000
1776163934.12,134.12,0.41,3.28,0.4,5.0,0.36,10.0,0.35,21.4,0.34,21.6,0.54,5.0,0.55,5.0,0.58,11.0,0.59,10.0,0.6,10.0,0.46,5.0,0.45,5.0,0.42,11.0,0.41,10.0,0.4,10.0,0.59,3.28,0.6,5.0,0.64,10.0,0.65,21.4,0.66,21.6,0.13,0.13,0.094524,1776163933000
1776163935.114,135.114,0.41,3.28,0.4,5.0,0.36,10.0,0.35,21.4,0.34,21.6,0.54,5.0,0.55,5.0,0.58,11.0,0.59,10.0,0.6,10.0,0.46,5.0,0.45,5.0,0.42,11.0,0.41,10.0,0.4,10.0,0.59,3.28,0.6,5.0,0.64,10.0,0.65,21.4,0.66,21.6,0.13,0.13,0.094527,1776163934000
1776163936.091,136.091,0.41,3.28,0.4,5.0,0.36,10.0,0.35,21.4,0.34,21.6,0.54,5.0,0.55,5.0,0.58,11.0,0.59,10.0,0.6,10.0,0.46,5.0,0.45,5.0,0.42,11.0,0.41,10.0,0.4,10.0,0.59,3.28,0.6,5.0,0.64,10.0,0.65,21.4,0.66,21.6,0.13,0.13,0.094529,1776163935000
1776163937.152,137.152,0.41,3.28,0.4,5.0,0.36,10.0,0.35,21.4,0.34,21.6,0.54,5.0,0.55,5.0,0.58,11.0,0.59,10.0,0.6,10.0,0.46,5.0,0.45,5.0,0.42,11.0,0.41,10.0,0.4,10.0,0.59,3.28,0.6,5.0,0.64,10.0,0.65,21.4,0.66,21.6,0.13,0.13,0.094539,1776163936000
1776163938.493,138.493,0.41,3.28,0.4,5.0,0.36,10.0,0.35,21.4,0.34,21.6,0.54,5.0,0.55,5.0,0.58,11.0,0.59,10.0,0.6,10.0,0.46,5.0,0.45,5.0,0.42,11.0,0.41,10.0,0.4,10.0,0.59,3.28,0.6,5.0,0.64,10.0,0.65,21.4,0.66,21.6,0.13,0.13,0.094552,1776163937000
1776163939.04,139.04,0.41,3.28,0.4,5.0,0.36,10.0,0.35,21.4,0.34,21.6,0.54,5.0,0.55,5.0,0.58,11.0,0.59,10.0,0.6,10.0,0.46,5.0,0.45,5.0,0.42,11.0,0.41,10.0,0.4,10.0,0.59,3.28,0.6,5.0,0.64,10.0,0.65,21.4,0.66,21.6,0.13,0.13,0.094553,1776163938000
1776163940.02,140.02,0.41,3.28,0.4,5.0,0.36,10.0,0.35,21.4,0.34,21.6,0.54,5.0,0.55,5.0,0.58,11.0,0.59,10.0,0.6,10.0,0.46,5.0,0.45,5.0,0.42,11.0,0.41,10.0,0.4,10.0,0.59,3.28,0.6,5.0,0.64,10.0,0.65,21.4,0.66,21.6,0.13,0.13,0.094553,1776163939000
1776163941.039,141.039,0.41,3.28,0.4,5.0,0.36,10.0,0.35,21.4,0.34,21.6,0.54,5.0,0.55,5.0,0.58,11.0,0.59,10.0,0.6,10.0,0.46,5.0,0.45,5.0,0.42,11.0,0.41,10.0,0.4,10.0,0.59,3.28,0.6,5.0,0.64,10.0,0.65,21.4,0.66,21.6,0.13,0.13,0.094555,1776163940000
1776163941.981,141.981,0.41,3.28,0.4,5.0,0.36,10.0,0.35,21.4,0.34,21.6,0.54,5.0,0.55,5.0,0.58,11.0,0.59,10.0,0.6,10.0,0.46,5.0,0.45,5.0,0.42,11.0,0.41,10.0,0.4,10.0,0.59,3.28,0.6,5.0,0.64,10.0,0.65,21.4,0.66,21.6,0.13,0.13,0.094554,1776163941000
1776163943.109,143.109,0.41,3.28,0.4,5.0,0.36,10.0,0.35,21.4,0.34,21.6,0.54,5.0,0.55,5.0,0.58,11.0,0.59,10.0,0.6,10.0,0.46,5.0,0.45,5.0,0.42,11.0,0.41,10.0,0.4,10.0,0.59,3.28,0.6,5.0,0.64,10.0,0.65,21.4,0.66,21.6,0.13,0.13,0.094553,1776163942000
1776163944.005,144.005,0.41,3.28,0.4,5.0,0.36,10.0,0.35,21.4,0.34,21.6,0.54,5.0,0.55,5.0,0.58,11.0,0.59,10.0,0.6,10.0,0.46,5.0,0.45,5.0,0.42,11.0,0.41,10.0,0.4,10.0,0.59,3.28,0.6,5.0,0.64,10.0,0.65,21.4,0.66,21.6,0.13,0.13,0.094553,1776163943000
1776163944.976,144.976,0.41,3.28,0.4,5.0,0.36,10.0,0.35,21.4,0.34,21.6,0.54,5.0,0.55,5.0,0.58,11.0,0.59,10.0,0.6,10.0,0.46,5.0,0.45,5.0,0.42,11.0,0.41,10.0,0.4,10.0,0.59,3.28,0.6,5.0,0.64,10.0,0.65,21.4,0.66,21.6,0.13,0.13,0.094553,1776163944000
1776163945.935,145.935,0.41,3.28,0.4,5.0,0.36,10.0,0.35,21.4,0.34,21.6,0.54,5.0,0.55,5.0,0.58,11.0,0.59,10.0,0.6,10.0,0.46,5.0,0.45,5.0,0.42,11.0,0.41,10.0,0.4,10.0,0.59,3.28,0.6,5.0,0.64,10.0,0.65,21.4,0.66,21.6,0.13,0.13,0.094552,1776163945000
1776163946.949,146.949,0.41,3.28,0.4,5.0,0.36,10.0,0.35,21.4,0.34,21.6,0.54,5.0,0.55,5.0,0.58,11.0,0.59,10.0,0.6,10.0,0.46,5.0,0.45,5.0,0.42,11.0,0.41,10.0,0.4,10.0,0.59,3.28,0.6,5.0,0.64,10.0,0.65,21.4,0.66,21.6,0.13,0.13,0.094552,1776163946000
1776163947.902,147.902,0.41,3.28,0.4,5.0,0.36,10.0,0.35,21.4,0.34,21.6,0.54,5.0,0.55,5.0,0.58,11.0,0.59,10.0,0.6,10.0,0.46,5.0,0.45,5.0,0.42,11.0,0.41,10.0,0.4,10.0,0.59,3.28,0.6,5.0,0.64,10.0,0.65,21.4,0.66,21.6,0.13,0.13,0.094552,1776163947000
1776163948.9,148.9,0.41,3.28,0.4,5.0,0.36,10.0,0.35,21.4,0.34,21.6,0.54,5.0,0.55,5.0,0.58,11.0,0.59,10.0,0.6,10.0,0.46,5.0,0.45,5.0,0.42,11.0,0.41,10.0,0.4,10.0,0.59,3.28,0.6,5.0,0.64,10.0,0.65,21.4,0.66,21.6,0.13,0.13,0.094552,1776163948000
1776163949.98,149.98,0.41,3.28,0.4,5.0,0.36,10.0,0.35,21.4,0.34,21.6,0.54,5.0,0.55,5.0,0.58,11.0,0.59,10.0,0.6,10.0,0.46,5.0,0.45,5.0,0.42,11.0,0.41,10.0,0.4,10.0,0.59,3.28,0.6,5.0,0.64,10.0,0.65,21.4,0.66,21.6,0.13,0.13,0.094552,1776163949000
1776163951.614,151.614,0.41,3.28,0.4,5.0,0.36,10.0,0.35,21.4,0.34,21.6,0.54,5.0,0.55,5.0,0.58,11.0,0.59,10.0,0.6,10.0,0.46,5.0,0.45,5.0,0.42,11.0,0.41,10.0,0.4,10.0,0.59,3.28,0.6,5.0,0.64,10.0,0.65,21.4,0.66,21.6,0.13,0.13,0.094552,1776163950000
1776163952.302,152.302,0.41,3.28,0.4,5.0,0.36,10.0,0.35,21.4,0.34,21.6,0.54,5.0,0.55,5.0,0.58,11.0,0.59,10.0,0.6,10.0,0.46,5.0,0.45,5.0,0.42,11.0,0.41,10.0,0.4,10.0,0.59,3.28,0.6,5.0,0.64,10.0,0.65,21.4,0.66,21.6,0.13,0.13,0.094553,1776163951000
1776163953.61,153.61,0.41,3.28,0.4,5.0,0.36,10.0,0.35,21.4,0.34,21.6,0.54,5.0,0.55,5.0,0.58,11.0,0.59,10.0,0.6,10.0,0.46,5.0,0.45,5.0,0.42,11.0,0.41,10.0,0.4,10.0,0.59,3.28,0.6,5.0,0.64,10.0,0.65,21.4,0.66,21.6,0.13,0.13,0.09456,1776163952000
1776163954.367,154.367,0.41,3.28,0.4,5.0,0.36,10.0,0.35,21.4,0.34,21.6,0.54,5.0,0.55,5.0,0.58,11.0,0.59,10.0,0.6,10.0,0.46,5.0,0.45,5.0,0.42,11.0,0.41,10.0,0.4,10.0,0.59,3.28,0.6,5.0,0.64,10.0,0.65,21.4,0.66,21.6,0.13,0.13,0.09456,1776163953000
1776163955.645,155.645,0.41,3.28,0.4,5.0,0.36,10.0,0.35,21.4,0.34,21.6,0.54,5.0,0.55,5.0,0.58,11.0,0.59,10.0,0.6,10.0,0.46,5.0,0.45,5.0,0.42,11.0,0.41,10.0,0.4,10.0,0.59,3.28,0.6,5.0,0.64,10.0,0.65,21.4,0.66,21.6,0.13,0.13,0.094555,1776163954000
1776163956.277,156.277,0.41,3.28,0.4,5.0,0.36,10.0,0.35,21.4,0.34,21.6,0.54,5.0,0.55,5.0,0.58,11.0,0.59,10.0,0.6,10.0,0.46,5.0,0.45,5.0,0.42,11.0,0.41,10.0,0.4,10.0,0.59,3.28,0.6,5.0,0.64,10.0,0.65,21.4,0.66,21.6,0.13,0.13,0.094554,1776163955000
1776163957.731,157.731,0.41,3.28,0.4,5.0,0.36,10.0,0.35,21.4,0.34,21.6,0.54,5.0,0.55,5.0,0.58,11.0,0.59,10.0,0.6,10.0,0.46,5.0,0.45,5.0,0.42,11.0,0.41,10.0,0.4,10.0,0.59,3.28,0.6,5.0,0.64,10.0,0.65,21.4,0.66,21.6,0.13,0.13,0.094553,1776163956000
1776163958.64,158.64,0.41,3.28,0.4,5.0,0.36,10.0,0.35,21.4,0.34,21.6,0.54,5.0,0.55,5.0,0.58,11.0,0.59,10.0,0.6,10.0,0.46,5.0,0.45,5.0,0.42,11.0,0.41,10.0,0.4,10.0,0.59,3.28,0.6,5.0,0.64,10.0,0.65,21.4,0.66,21.6,0.13,0.13,0.094553,1776163957000
1776163959.221,159.221,0.41,3.28,0.4,5.0,0.36,10.0,0.35,21.4,0.34,21.6,0.54,5.0,0.55,5.0,0.58,11.0,0.59,10.0,0.6,10.0,0.46,5.0,0.45,5.0,0.42,11.0,0.41,10.0,0.4,10.0,0.59,3.28,0.6,5.0,0.64,10.0,0.65,21.4,0.66,21.6,0.13,0.13,0.094553,1776163958000
1776163960.636,160.636,0.41,3.28,0.4,5.0,0.36,10.0,0.35,21.4,0.34,21.6,0.54,5.0,0.55,5.0,0.58,11.0,0.59,10.0,0.6,10.0,0.46,5.0,0.45,5.0,0.42,11.0,0.41,10.0,0.4,10.0,0.59,3.28,0.6,5.0,0.64,10.0,0.65,21.4,0.66,21.6,0.13,0.13,0.094604,1776163959000
1776163961.284,161.284,0.41,3.28,0.4,5.0,0.36,10.0,0.35,21.4,0.34,21.6,0.54,5.0,0.55,5.0,0.58,11.0,0.59,10.0,0.6,10.0,0.46,5.0,0.45,5.0,0.42,11.0,0.41,10.0,0.4,10.0,0.59,3.28,0.6,5.0,0.64,10.0,0.65,21.4,0.66,21.6,0.13,0.13,0.094613,1776163960000
1776163962.633,162.633,0.41,3.28,0.4,5.0,0.36,10.0,0.35,21.4,0.34,21.6,0.54,5.0,0.55,5.0,0.58,11.0,0.59,10.0,0.6,10.0,0.46,5.0,0.45,5.0,0.42,11.0,0.41,10.0,0.4,10.0,0.59,3.28,0.6,5.0,0.64,10.0,0.65,21.4,0.66,21.6,0.13,0.13,0.094615,1776163961000
1776163963.258,163.258,0.41,3.28,0.4,5.0,0.36,10.0,0.35,21.4,0.34,21.6,0.54,5.0,0.55,5.0,0.58,11.0,0.59,10.0,0.6,10.0,0.46,5.0,0.45,5.0,0.42,11.0,0.41,10.0,0.4,10.0,0.59,3.28,0.6,5.0,0.64,10.0,0.65,21.4,0.66,21.6,0.13,0.13,0.094615,1776163962000
1776163964.485,164.485,0.41,3.28,0.4,5.0,0.36,10.0,0.35,21.4,0.34,21.6,0.54,5.0,0.55,5.0,0.58,11.0,0.59,10.0,0.6,10.0,0.46,5.0,0.45,5.0,0.42,11.0,0.41,10.0,0.4,10.0,0.59,3.28,0.6,5.0,0.64,10.0,0.65,21.4,0.66,21.6,0.13,0.13,0.094622,1776163963000
1776163965.109,165.109,0.41,3.28,0.4,5.0,0.36,10.0,0.35,21.4,0.34,21.6,0.54,5.0,0.55,5.0,0.58,11.0,0.59,10.0,0.6,10.0,0.46,5.0,0.45,5.0,0.42,11.0,0.41,10.0,0.4,10.0,0.59,3.28,0.6,5.0,0.64,10.0,0.65,21.4,0.66,21.6,0.13,0.13,0.09462,1776163964000
1776163965.782,165.782,0.73,5.29,0.71,50.0,0.7,12.4,0.69,12.2,0.68,11.9,0.81,50.0,0.91,5.0,0.92,35.29,0.93,39.9,0.94,51.1,0.46,5.0,0.45,5.0,0.42,11.0,0.41,10.0,0.4,10.0,0.59,3.28,0.6,5.0,0.64,10.0,0.65,21.4,0.66,21.6,0.08,0.13,0.09462,1776163964000
1776163966.605,166.605,0.71,41.27,0.7,12.4,0.69,12.2,0.68,11.9,0.67,11.8,0.81,50.0,0.91,5.0,0.92,35.29,0.93,39.9,0.94,51.1,0.19,50.0,0.09,5.0,0.08,35.29,0.07,39.9,0.06,51.1,0.29,41.27,0.3,12.4,0.31,12.2,0.32,11.9,0.33,11.8,0.1,0.1,0.09462,1776163965000
1776163967.185,167.185,0.71,41.27,0.7,12.4,0.69,12.2,0.68,11.9,0.67,11.8,0.81,50.0,0.91,5.0,0.92,35.29,0.93,39.9,0.94,51.1,0.19,50.0,0.09,5.0,0.08,35.29,0.07,39.9,0.06,51.1,0.29,41.27,0.3,12.4,0.31,12.2,0.32,11.9,0.33,11.8,0.1,0.1,0.094621,1776163966000
1776163968.168,168.168,0.77,33.0,0.73,13.2,0.72,12.9,0.71,53.87,0.7,12.4,0.9,13.15,0.91,31.7,0.92,35.29,0.93,39.9,0.94,51.1,0.19,50.0,0.09,5.0,0.08,35.29,0.07,39.9,0.06,51.1,0.29,41.27,0.3,12.4,0.31,12.2,0.32,11.9,0.33,11.8,0.13,0.1,0.094621,1776163966000
1776163969.055,169.055,0.77,33.0,0.73,13.2,0.72,12.9,0.71,53.87,0.7,12.4,0.9,13.15,0.91,31.7,0.92,35.29,0.93,39.9,0.94,51.1,0.1,13.15,0.09,31.7,0.08,35.29,0.07,39.9,0.06,51.1,0.23,33.0,0.27,13.2,0.28,12.9,0.29,53.87,0.3,12.4,0.13,0.13,0.094599,1776163967000
1776163970.017,170.017,0.77,33.0,0.73,13.2,0.72,12.9,0.71,53.87,0.7,12.4,0.9,13.15,0.91,31.7,0.92,35.29,0.93,39.9,0.94,51.1,0.1,13.15,0.09,31.7,0.08,35.29,0.07,39.9,0.06,51.1,0.23,33.0,0.27,13.2,0.28,12.9,0.29,53.87,0.3,12.4,0.13,0.13,0.094599,1776163968000
1776163970.718,170.718,0.77,33.0,0.73,13.2,0.72,12.9,0.71,53.87,0.7,12.4,0.9,13.15,0.91,31.7,0.92,35.29,0.93,39.9,0.94,51.1,0.1,13.15,0.09,31.7,0.08,35.29,0.07,39.9,0.06,51.1,0.23,33.0,0.27,13.2,0.28,12.9,0.29,53.87,0.3,12.4,0.13,0.13,0.094602,1776163969000
1776163971.659,171.659,0.77,33.0,0.73,13.2,0.72,12.9,0.71,53.87,0.7,12.4,0.9,13.15,0.91,31.7,0.92,35.29,0.93,39.9,0.94,51.1,0.1,13.15,0.09,31.7,0.08,35.29,0.07,39.9,0.06,51.1,0.23,33.0,0.27,13.2,0.28,12.9,0.29,53.87,0.3,12.4,0.13,0.13,0.094602,1776163970000
1776163972.344,172.344,0.77,33.0,0.73,13.2,0.72,12.9,0.71,53.87,0.7,12.4,0.9,13.15,0.91,31.7,0.92,35.29,0.93,39.9,0.94,51.1,0.1,13.15,0.09,31.7,0.08,35.29,0.07,39.9,0.06,51.1,0.23,33.0,0.27,13.2,0.28,12.9,0.29,53.87,0.3,12.4,0.13,0.13,0.094602,1776163971000
1776163973.057,173.057,0.77,33.0,0.73,13.2,0.72,12.9,0.71,53.87,0.7,12.4,0.9,13.15,0.91,31.7,0.92,35.29,0.93,39.9,0.94,51.1,0.1,13.15,0.09,31.7,0.08,35.29,0.07,39.9,0.06,51.1,0.23,33.0,0.27,13.2,0.28,12.9,0.29,53.87,0.3,12.4,0.13,0.13,0.094602,1776163972000
1776163974.461,174.461,0.77,33.0,0.73,13.2,0.72,12.9,0.71,53.87,0.7,12.4,0.9,13.15,0.91,31.7,0.92,35.29,0.93,39.9,0.94,51.1,0.1,13.15,0.09,31.7,0.08,35.29,0.07,39.9,0.06,51.1,0.23,33.0,0.27,13.2,0.28,12.9,0.29,53.87,0.3,12.4,0.13,0.13,0.094602,1776163973000
1776163975.171,175.171,0.77,33.0,0.73,13.2,0.72,12.9,0.71,53.87,0.7,12.4,0.9,13.15,0.91,31.7,0.92,35.29,0.93,39.9,0.94,51.1,0.1,13.15,0.09,31.7,0.08,35.29,0.07,39.9,0.06,51.1,0.23,33.0,0.27,13.2,0.28,12.9,0.29,53.87,0.3,12.4,0.13,0.13,0.094602,1776163974000
1776163976.643,176.643,0.77,33.0,0.73,13.2,0.72,12.9,0.71,53.87,0.7,12.4,0.9,13.15,0.91,31.7,0.92,35.29,0.93,39.9,0.94,51.1,0.1,13.15,0.09,31.7,0.08,35.29,0.07,39.9,0.06,51.1,0.23,33.0,0.27,13.2,0.28,12.9,0.29,53.87,0.3,12.4,0.13,0.13,0.094625,1776163975000
1776163977.382,177.382,0.77,33.0,0.73,13.2,0.72,12.9,0.71,53.87,0.7,12.4,0.9,13.15,0.91,31.7,0.92,35.29,0.93,39.9,0.94,51.1,0.1,13.15,0.09,31.7,0.08,35.29,0.07,39.9,0.06,51.1,0.23,33.0,0.27,13.2,0.28,12.9,0.29,53.87,0.3,12.4,0.13,0.13,0.094626,1776163976000
1776163978.021,178.021,0.77,33.0,0.73,13.2,0.72,12.9,0.71,53.87,0.7,12.4,0.9,13.15,0.91,31.7,0.92,35.29,0.93,39.9,0.94,51.1,0.1,13.15,0.09,31.7,0.08,35.29,0.07,39.9,0.06,51.1,0.23,33.0,0.27,13.2,0.28,12.9,0.29,53.87,0.3,12.4,0.13,0.13,0.094626,1776163977000
1776163979.487,179.487,0.77,33.0,0.73,13.2,0.72,12.9,0.71,53.87,0.7,12.4,0.9,13.15,0.91,31.7,0.92,35.29,0.93,39.9,0.94,51.1,0.1,13.15,0.09,31.7,0.08,35.29,0.07,39.9,0.06,51.1,0.23,33.0,0.27,13.2,0.28,12.9,0.29,53.87,0.3,12.4,0.13,0.13,0.094626,1776163978000
1776163980.257,180.257,0.77,33.0,0.73,13.2,0.72,12.9,0.71,53.87,0.7,12.4,0.9,13.15,0.91,31.7,0.92,35.29,0.93,39.9,0.94,51.1,0.1,13.15,0.09,31.7,0.08,35.29,0.07,39.9,0.06,51.1,0.23,33.0,0.27,13.2,0.28,12.9,0.29,53.87,0.3,12.4,0.13,0.13,0.094612,1776163979000
1776163981.753,181.753,0.77,33.0,0.73,13.2,0.72,12.9,0.71,53.87,0.7,12.4,0.9,13.15,0.91,31.7,0.92,35.29,0.93,39.9,0.94,51.1,0.1,13.15,0.09,31.7,0.08,35.29,0.07,39.9,0.06,51.1,0.23,33.0,0.27,13.2,0.28,12.9,0.29,53.87,0.3,12.4,0.13,0.13,0.09458,1776163980000
1776163982.283,182.283,0.77,9.7,0.76,60.3,0.75,13.9,0.74,13.5,0.73,13.2,0.82,6.0,0.86,13.15,0.87,8.0,0.9,78.9,0.91,81.7,0.1,13.15,0.09,31.7,0.08,35.29,0.07,39.9,0.06,51.1,0.23,33.0,0.27,13.2,0.28,12.9,0.29,53.87,0.3,12.4,0.05,0.13,0.09458,1776163980000
1776163983.228,183.228,0.77,9.7,0.76,60.3,0.75,13.9,0.74,13.5,0.73,13.2,0.82,6.0,0.86,13.15,0.87,8.0,0.9,78.9,0.91,81.7,0.18,6.0,0.14,13.15,0.13,8.0,0.1,78.9,0.09,81.7,0.23,9.7,0.24,60.3,0.25,13.9,0.26,13.5,0.27,13.2,0.05,0.05,0.094595,1776163982000
1776163984.641,184.641,0.77,9.7,0.76,60.3,0.75,13.9,0.74,13.5,0.73,13.2,0.82,6.0,0.86,13.15,0.87,8.0,0.9,78.9,0.91,81.7,0.18,6.0,0.14,13.15,0.13,8.0,0.1,78.9,0.09,81.7,0.23,9.7,0.24,60.3,0.25,13.9,0.26,13.5,0.27,13.2,0.05,0.05,0.094587,1776163983000
1776163985.433,185.433,0.77,9.7,0.76,60.3,0.75,13.9,0.74,13.5,0.73,13.2,0.82,6.0,0.86,13.15,0.87,8.0,0.9,78.9,0.91,81.7,0.18,6.0,0.14,13.15,0.13,8.0,0.1,78.9,0.09,81.7,0.23,9.7,0.24,60.3,0.25,13.9,0.26,13.5,0.27,13.2,0.05,0.05,0.094586,1776163984000
1776163986.159,186.159,0.77,9.7,0.76,60.3,0.75,13.9,0.74,13.5,0.73,13.2,0.82,6.0,0.86,13.15,0.87,8.0,0.9,78.9,0.91,81.7,0.18,6.0,0.14,13.15,0.13,8.0,0.1,78.9,0.09,81.7,0.23,9.7,0.24,60.3,0.25,13.9,0.26,13.5,0.27,13.2,0.05,0.05,0.094586,1776163985000
1776163986.614,186.614,0.77,9.7,0.76,60.3,0.75,13.9,0.74,13.5,0.73,13.2,0.86,13.15,0.89,26.6,0.9,78.9,0.91,81.7,0.92,35.29,0.18,6.0,0.14,13.15,0.13,8.0,0.1,78.9,0.09,81.7,0.23,9.7,0.24,60.3,0.25,13.9,0.26,13.5,0.27,13.2,0.09,0.05,0.094586,1776163985000
1776163988.085,188.085,0.77,9.7,0.76,60.3,0.75,13.9,0.74,13.5,0.73,13.2,0.86,13.15,0.89,26.6,0.9,78.9,0.91,81.7,0.92,35.29,0.14,13.15,0.11,26.6,0.1,78.9,0.09,81.7,0.08,35.29,0.23,9.7,0.24,60.3,0.25,13.9,0.26,13.5,0.27,13.2,0.09,0.09,0.094586,1776163986000
1776163988.716,188.716,0.77,9.7,0.76,60.3,0.75,13.9,0.74,13.5,0.73,13.2,0.86,13.15,0.89,26.6,0.9,78.9,0.91,81.7,0.92,35.29,0.14,13.15,0.11,26.6,0.1,78.9,0.09,81.7,0.08,35.29,0.23,9.7,0.24,60.3,0.25,13.9,0.26,13.5,0.27,13.2,0.09,0.09,0.094585,1776163987000
1776163989.492,189.492,0.77,9.7,0.76,60.3,0.75,13.9,0.74,13.5,0.73,13.2,0.86,13.15,0.89,26.6,0.9,78.9,0.91,81.7,0.92,35.29,0.14,13.15,0.11,26.6,0.1,78.9,0.09,81.7,0.08,35.29,0.23,9.7,0.24,60.3,0.25,13.9,0.26,13.5,0.27,13.2,0.09,0.09,0.094586,1776163988000
1776163990.281,190.281,0.77,9.7,0.76,60.3,0.75,13.9,0.74,13.5,0.73,13.2,0.86,13.15,0.89,26.6,0.9,78.9,0.91,81.7,0.92,35.29,0.14,13.15,0.11,26.6,0.1,78.9,0.09,81.7,0.08,35.29,0.23,9.7,0.24,60.3,0.25,13.9,0.26,13.5,0.27,13.2,0.09,0.09,0.094586,1776163989000
1776163991.611,191.611,0.77,9.7,0.76,60.3,0.75,13.9,0.74,13.5,0.73,13.2,0.86,13.15,0.89,26.6,0.9,78.9,0.91,81.7,0.92,35.29,0.14,13.15,0.11,26.6,0.1,78.9,0.09,81.7,0.08,35.29,0.23,9.7,0.24,60.3,0.25,13.9,0.26,13.5,0.27,13.2,0.09,0.09,0.094586,1776163990000
1776163992.212,192.212,0.77,9.7,0.76,60.3,0.75,13.9,0.74,13.5,0.73,13.2,0.86,13.15,0.89,26.6,0.9,78.9,0.91,81.7,0.92,35.29,0.14,13.15,0.11,26.6,0.1,78.9,0.09,81.7,0.08,35.29,0.23,9.7,0.24,60.3,0.25,13.9,0.26,13.5,0.27,13.2,0.09,0.09,0.094586,1776163991000
1776163993.837,193.837,0.77,9.7,0.76,60.3,0.75,13.9,0.74,13.5,0.73,13.2,0.86,13.15,0.89,26.6,0.9,78.9,0.91,81.7,0.92,35.29,0.14,13.15,0.11,26.6,0.1,78.9,0.09,81.7,0.08,35.29,0.23,9.7,0.24,60.3,0.25,13.9,0.26,13.5,0.27,13.2,0.09,0.09,0.094583,1776163992000
1776163994.492,194.492,0.77,9.7,0.76,60.3,0.75,13.9,0.74,13.5,0.73,13.2,0.86,13.15,0.89,26.6,0.9,78.9,0.91,81.7,0.92,35.29,0.14,13.15,0.11,26.6,0.1,78.9,0.09,81.7,0.08,35.29,0.23,9.7,0.24,60.3,0.25,13.9,0.26,13.5,0.27,13.2,0.09,0.09,0.094583,1776163993000
1776163995.326,195.326,0.77,9.7,0.76,60.3,0.75,13.9,0.74,13.5,0.73,13.2,0.86,13.15,0.89,26.6,0.9,78.9,0.91,81.7,0.92,35.29,0.14,13.15,0.11,26.6,0.1,78.9,0.09,81.7,0.08,35.29,0.23,9.7,0.24,60.3,0.25,13.9,0.26,13.5,0.27,13.2,0.09,0.09,0.094583,1776163994000
1776163996.725,196.725,0.77,9.7,0.76,60.3,0.75,13.9,0.74,13.5,0.73,13.2,0.86,13.15,0.89,26.6,0.9,78.9,0.91,81.7,0.92,35.29,0.14,13.15,0.11,26.6,0.1,78.9,0.09,81.7,0.08,35.29,0.23,9.7,0.24,60.3,0.25,13.9,0.26,13.5,0.27,13.2,0.09,0.09,0.094576,1776163995000
1776163997.384,197.384,0.77,9.7,0.76,60.3,0.75,13.9,0.74,13.5,0.73,13.2,0.86,13.15,0.89,26.6,0.9,78.9,0.91,81.7,0.92,35.29,0.14,13.15,0.11,26.6,0.1,78.9,0.09,81.7,0.08,35.29,0.23,9.7,0.24,60.3,0.25,13.9,0.26,13.5,0.27,13.2,0.09,0.09,0.09457,1776163996000
1776163998.4,198.4,0.77,9.7,0.76,60.3,0.75,13.9,0.74,13.5,0.73,13.2,0.86,13.15,0.89,26.6,0.9,78.9,0.91,81.7,0.92,35.29,0.14,13.15,0.11,26.6,0.1,78.9,0.09,81.7,0.08,35.29,0.23,9.7,0.24,60.3,0.25,13.9,0.26,13.5,0.27,13.2,0.09,0.09,0.094567,1776163997000
1776163999.206,199.206,0.77,9.7,0.76,60.3,0.75,13.9,0.74,13.5,0.73,13.2,0.86,13.15,0.89,26.6,0.9,78.9,0.91,81.7,0.92,35.29,0.14,13.15,0.11,26.6,0.1,78.9,0.09,81.7,0.08,35.29,0.23,9.7,0.24,60.3,0.25,13.9,0.26,13.5,0.27,13.2,0.09,0.09,0.094564,1776163998000
1776164000.588,200.588,0.77,9.7,0.76,60.3,0.75,13.9,0.74,13.5,0.73,13.2,0.86,13.15,0.89,26.6,0.9,78.9,0.91,81.7,0.92,35.29,0.14,13.15,0.11,26.6,0.1,78.9,0.09,81.7,0.08,35.29,0.23,9.7,0.24,60.3,0.25,13.9,0.26,13.5,0.27,13.2,0.09,0.09,0.094564,1776163999000
1776164001.252,201.252,0.77,9.7,0.76,60.3,0.75,13.9,0.74,13.5,0.73,13.2,0.86,13.15,0.89,26.6,0.9,78.9,0.91,81.7,0.92,35.29,0.14,13.15,0.11,26.6,0.1,78.9,0.09,81.7,0.08,35.29,0.23,9.7,0.24,60.3,0.25,13.9,0.26,13.5,0.27,13.2,0.09,0.09,0.094561,1776164000000
1776164002.65,202.65,0.77,9.7,0.76,60.3,0.75,13.9,0.74,13.5,0.73,13.2,0.86,13.15,0.89,26.6,0.9,78.9,0.91,81.7,0.92,35.29,0.14,13.15,0.11,26.6,0.1,78.9,0.09,81.7,0.08,35.29,0.23,9.7,0.24,60.3,0.25,13.9,0.26,13.5,0.27,13.2,0.09,0.09,0.094549,1776164001000
1776164003.339,203.339,0.77,9.7,0.76,60.3,0.75,13.9,0.74,13.5,0.73,13.2,0.86,13.15,0.89,26.6,0.9,78.9,0.91,81.7,0.92,35.29,0.14,13.15,0.11,26.6,0.1,78.9,0.09,81.7,0.08,35.29,0.23,9.7,0.24,60.3,0.25,13.9,0.26,13.5,0.27,13.2,0.09,0.09,0.094547,1776164002000
1776164004.123,204.123,0.77,9.7,0.76,60.3,0.75,13.9,0.74,13.5,0.73,13.2,0.86,13.15,0.89,26.6,0.9,78.9,0.91,81.7,0.92,35.29,0.14,13.15,0.11,26.6,0.1,78.9,0.09,81.7,0.08,35.29,0.23,9.7,0.24,60.3,0.25,13.9,0.26,13.5,0.27,13.2,0.09,0.09,0.094549,1776164003000
1776164005.467,205.467,0.77,9.7,0.76,60.3,0.75,13.9,0.74,13.5,0.73,13.2,0.86,13.15,0.89,26.6,0.9,78.9,0.91,81.7,0.92,35.29,0.14,13.15,0.11,26.6,0.1,78.9,0.09,81.7,0.08,35.29,0.23,9.7,0.24,60.3,0.25,13.9,0.26,13.5,0.27,13.2,0.09,0.09,0.094549,1776164004000
1776164006.375,206.375,0.77,9.7,0.76,60.3,0.75,13.9,0.74,13.5,0.73,13.2,0.86,13.15,0.89,26.6,0.9,78.9,0.91,81.7,0.92,35.29,0.14,13.15,0.11,26.6,0.1,78.9,0.09,81.7,0.08,35.29,0.23,9.7,0.24,60.3,0.25,13.9,0.26,13.5,0.27,13.2,0.09,0.09,0.094549,1776164005000
1776164006.911,206.911,0.77,9.7,0.76,60.3,0.75,13.9,0.74,13.5,0.73,13.2,0.86,13.15,0.89,26.6,0.9,78.9,0.91,81.7,0.92,35.29,0.14,13.15,0.11,26.6,0.1,78.9,0.09,81.7,0.08,35.29,0.23,9.7,0.24,60.3,0.25,13.9,0.26,13.5,0.27,13.2,0.09,0.09,0.094549,1776164006000
1776164007.931,207.931,0.77,9.7,0.76,60.3,0.75,13.9,0.74,13.5,0.73,13.2,0.86,13.15,0.89,26.6,0.9,78.9,0.91,81.7,0.92,35.29,0.14,13.15,0.11,26.6,0.1,78.9,0.09,81.7,0.08,35.29,0.23,9.7,0.24,60.3,0.25,13.9,0.26,13.5,0.27,13.2,0.09,0.09,0.094549,1776164007000
1776164008.883,208.883,0.77,9.7,0.76,60.3,0.75,13.9,0.74,13.5,0.73,13.2,0.86,13.15,0.89,26.6,0.9,78.9,0.91,81.7,0.92,35.29,0.14,13.15,0.11,26.6,0.1,78.9,0.09,81.7,0.08,35.29,0.23,9.7,0.24,60.3,0.25,13.9,0.26,13.5,0.27,13.2,0.09,0.09,0.094546,1776164008000
1776164010.22,210.22,0.77,9.7,0.76,60.3,0.75,13.9,0.74,13.5,0.73,13.2,0.86,13.15,0.89,26.6,0.9,78.9,0.91,81.7,0.92,35.29,0.14,13.15,0.11,26.6,0.1,78.9,0.09,81.7,0.08,35.29,0.23,9.7,0.24,60.3,0.25,13.9,0.26,13.5,0.27,13.2,0.09,0.09,0.094546,1776164009000
1776164011.173,211.173,0.77,9.7,0.76,60.3,0.75,13.9,0.74,13.5,0.73,13.2,0.86,13.15,0.89,26.6,0.9,78.9,0.91,81.7,0.92,35.29,0.14,13.15,0.11,26.6,0.1,78.9,0.09,81.7,0.08,35.29,0.23,9.7,0.24,60.3,0.25,13.9,0.26,13.5,0.27,13.2,0.09,0.09,0.094546,1776164010000
1776164012.167,212.167,0.77,9.7,0.76,60.3,0.75,13.9,0.74,13.5,0.73,13.2,0.86,13.15,0.89,26.6,0.9,78.9,0.91,81.7,0.92,35.29,0.14,13.15,0.11,26.6,0.1,78.9,0.09,81.7,0.08,35.29,0.23,9.7,0.24,60.3,0.25,13.9,0.26,13.5,0.27,13.2,0.09,0.09,0.094546,1776164011000
1776164013.07,213.07,0.77,9.7,0.76,60.3,0.75,13.9,0.74,13.5,0.73,13.2,0.86,13.15,0.89,26.6,0.9,78.9,0.91,81.7,0.92,35.29,0.14,13.15,0.11,26.6,0.1,78.9,0.09,81.7,0.08,35.29,0.23,9.7,0.24,60.3,0.25,13.9,0.26,13.5,0.27,13.2,0.09,0.09,0.094546,1776164012000
1776164014.099,214.099,0.77,9.7,0.76,60.3,0.75,13.9,0.74,13.5,0.73,13.2,0.86,13.15,0.89,26.6,0.9,78.9,0.91,81.7,0.92,35.29,0.14,13.15,0.11,26.6,0.1,78.9,0.09,81.7,0.08,35.29,0.23,9.7,0.24,60.3,0.25,13.9,0.26,13.5,0.27,13.2,0.09,0.09,0.094546,1776164013000
1776164015.015,215.015,0.77,9.7,0.76,60.3,0.75,13.9,0.74,13.5,0.73,13.2,0.86,13.15,0.89,26.6,0.9,78.9,0.91,81.7,0.92,35.29,0.14,13.15,0.11,26.6,0.1,78.9,0.09,81.7,0.08,35.29,0.23,9.7,0.24,60.3,0.25,13.9,0.26,13.5,0.27,13.2,0.09,0.09,0.094546,1776164014000
1776164015.988,215.988,0.77,9.7,0.76,60.3,0.75,13.9,0.74,13.5,0.73,13.2,0.86,13.15,0.89,26.6,0.9,78.9,0.91,81.7,0.92,35.29,0.14,13.15,0.11,26.6,0.1,78.9,0.09,81.7,0.08,35.29,0.23,9.7,0.24,60.3,0.25,13.9,0.26,13.5,0.27,13.2,0.09,0.09,0.094546,1776164015000
1776164016.912,216.912,0.77,9.7,0.76,60.3,0.75,13.9,0.74,13.5,0.73,13.2,0.86,13.15,0.89,26.6,0.9,78.9,0.91,81.7,0.92,35.29,0.14,13.15,0.11,26.6,0.1,78.9,0.09,81.7,0.08,35.29,0.23,9.7,0.24,60.3,0.25,13.9,0.26,13.5,0.27,13.2,0.09,0.09,0.094546,1776164016000
1776164017.859,217.859,0.77,9.7,0.76,60.3,0.75,13.9,0.74,13.5,0.73,13.2,0.86,13.15,0.89,26.6,0.9,78.9,0.91,81.7,0.92,35.29,0.14,13.15,0.11,26.6,0.1,78.9,0.09,81.7,0.08,35.29,0.23,9.7,0.24,60.3,0.25,13.9,0.26,13.5,0.27,13.2,0.09,0.09,0.094546,1776164017000
1776164019.335,219.335,0.77,9.7,0.76,60.3,0.75,13.9,0.74,13.5,0.73,13.2,0.86,13.15,0.89,26.6,0.9,78.9,0.91,81.7,0.92,35.29,0.14,13.15,0.11,26.6,0.1,78.9,0.09,81.7,0.08,35.29,0.23,9.7,0.24,60.3,0.25,13.9,0.26,13.5,0.27,13.2,0.09,0.09,0.094546,1776164018000
1776164020.288,220.288,0.76,11.0,0.67,11.8,0.66,11.6,0.65,11.4,0.64,11.3,0.81,13.15,0.89,36.6,0.9,28.9,0.91,81.7,0.92,35.29,0.14,13.15,0.11,26.6,0.1,78.9,0.09,81.7,0.08,35.29,0.23,9.7,0.24,60.3,0.25,13.9,0.26,13.5,0.27,13.2,0.05,0.09,0.094546,1776164018000
1776164021.355,221.355,0.76,11.0,0.67,11.8,0.66,11.6,0.65,11.4,0.64,11.3,0.81,13.15,0.89,36.6,0.9,28.9,0.91,81.7,0.92,35.29,0.19,13.15,0.11,36.6,0.1,28.9,0.09,81.7,0.08,35.29,0.24,11.0,0.33,11.8,0.34,11.6,0.35,11.4,0.36,11.3,0.05,0.05,0.094546,1776164020000
1776164021.917,221.917,0.76,11.0,0.67,11.8,0.66,11.6,0.65,11.4,0.64,11.3,0.81,13.15,0.89,36.6,0.9,28.9,0.91,81.7,0.92,35.29,0.19,13.15,0.11,36.6,0.1,28.9,0.09,81.7,0.08,35.29,0.24,11.0,0.33,11.8,0.34,11.6,0.35,11.4,0.36,11.3,0.05,0.05,0.094551,1776164021000
1776164022.896,222.896,0.76,11.0,0.67,11.8,0.66,11.6,0.65,11.4,0.64,11.3,0.81,13.15,0.89,36.6,0.9,28.9,0.91,81.7,0.92,35.29,0.19,13.15,0.11,36.6,0.1,28.9,0.09,81.7,0.08,35.29,0.24,11.0,0.33,11.8,0.34,11.6,0.35,11.4,0.36,11.3,0.05,0.05,0.094555,1776164022000
1776164023.876,223.876,0.76,11.0,0.67,11.8,0.66,11.6,0.65,11.4,0.64,11.3,0.81,13.15,0.89,36.6,0.9,28.9,0.91,81.7,0.92,35.29,0.19,13.15,0.11,36.6,0.1,28.9,0.09,81.7,0.08,35.29,0.24,11.0,0.33,11.8,0.34,11.6,0.35,11.4,0.36,11.3,0.05,0.05,0.094558,1776164023000
1776164024.906,224.906,0.76,11.0,0.67,11.8,0.66,11.6,0.65,11.4,0.64,11.3,0.81,13.15,0.89,36.6,0.9,28.9,0.91,81.7,0.92,35.29,0.19,13.15,0.11,36.6,0.1,28.9,0.09,81.7,0.08,35.29,0.24,11.0,0.33,11.8,0.34,11.6,0.35,11.4,0.36,11.3,0.05,0.05,0.094576,1776164024000
1776164025.875,225.875,0.76,11.0,0.67,11.8,0.66,11.6,0.65,11.4,0.64,11.3,0.81,13.15,0.89,36.6,0.9,28.9,0.91,81.7,0.92,35.29,0.19,13.15,0.11,36.6,0.1,28.9,0.09,81.7,0.08,35.29,0.24,11.0,0.33,11.8,0.34,11.6,0.35,11.4,0.36,11.3,0.05,0.05,0.094603,1776164025000
1776164026.082,226.082,0.86,21.0,0.85,5.0,0.82,6.0,0.81,55.0,0.77,14.7,0.96,56.76,0.97,89.3,0.98,137.69,0.99,563.69,,,0.19,13.15,0.11,36.6,0.1,28.9,0.09,81.7,0.08,35.29,0.24,11.0,0.33,11.8,0.34,11.6,0.35,11.4,0.36,11.3,0.1,0.05,0.094603,1776164025000
1776164026.951,226.951,0.86,21.0,0.85,5.0,0.82,6.0,0.81,55.0,0.77,14.7,0.96,56.76,0.97,89.3,0.98,137.69,0.99,563.69,,,0.04,56.76,0.03,89.3,0.02,137.69,0.01,563.69,,,0.14,21.0,0.15,5.0,0.18,6.0,0.19,55.0,0.23,14.7,0.1,0.1,0.094605,1776164026000
1776164027.986,227.986,0.86,21.0,0.85,5.0,0.82,6.0,0.81,55.0,0.77,14.7,0.96,56.76,0.97,89.3,0.98,137.69,0.99,563.69,,,0.04,56.76,0.03,89.3,0.02,137.69,0.01,563.69,,,0.14,21.0,0.15,5.0,0.18,6.0,0.19,55.0,0.23,14.7,0.1,0.1,0.094605,1776164027000
1776164028.992,228.992,0.86,21.0,0.85,5.0,0.82,6.0,0.81,55.0,0.77,14.7,0.96,56.76,0.97,89.3,0.98,137.69,0.99,563.69,,,0.04,56.76,0.03,89.3,0.02,137.69,0.01,563.69,,,0.14,21.0,0.15,5.0,0.18,6.0,0.19,55.0,0.23,14.7,0.1,0.1,0.094606,1776164028000
1776164029.974,229.974,0.86,21.0,0.85,5.0,0.82,6.0,0.81,55.0,0.77,14.7,0.96,56.76,0.97,89.3,0.98,137.69,0.99,563.69,,,0.04,56.76,0.03,89.3,0.02,137.69,0.01,563.69,,,0.14,21.0,0.15,5.0,0.18,6.0,0.19,55.0,0.23,14.7,0.1,0.1,0.094609,1776164029000
1776164030.941,230.941,0.86,21.0,0.85,5.0,0.82,6.0,0.81,55.0,0.77,14.7,0.96,56.76,0.97,89.3,0.98,137.69,0.99,563.69,,,0.04,56.76,0.03,89.3,0.02,137.69,0.01,563.69,,,0.14,21.0,0.15,5.0,0.18,6.0,0.19,55.0,0.23,14.7,0.1,0.1,0.094626,1776164030000
1776164032.624,232.624,0.86,21.0,0.85,5.0,0.82,6.0,0.81,55.0,0.77,14.7,0.96,56.76,0.97,89.3,0.98,137.69,0.99,563.69,,,0.04,56.76,0.03,89.3,0.02,137.69,0.01,563.69,,,0.14,21.0,0.15,5.0,0.18,6.0,0.19,55.0,0.23,14.7,0.1,0.1,0.094626,1776164031000
1776164033.115,233.115,0.86,21.0,0.85,5.0,0.82,6.0,0.81,55.0,0.77,14.7,0.96,56.76,0.97,89.3,0.98,137.69,0.99,563.69,,,0.04,56.76,0.03,89.3,0.02,137.69,0.01,563.69,,,0.14,21.0,0.15,5.0,0.18,6.0,0.19,55.0,0.23,14.7,0.1,0.1,0.094626,1776164032000
1776164034.548,234.548,0.86,21.0,0.85,5.0,0.82,6.0,0.81,55.0,0.77,14.7,0.96,56.76,0.97,89.3,0.98,137.69,0.99,563.69,,,0.04,56.76,0.03,89.3,0.02,137.69,0.01,563.69,,,0.14,21.0,0.15,5.0,0.18,6.0,0.19,55.0,0.23,14.7,0.1,0.1,0.094626,1776164033000
1776164035.184,235.184,0.86,21.0,0.85,5.0,0.82,6.0,0.81,55.0,0.77,14.7,0.96,56.76,0.97,89.3,0.98,137.69,0.99,563.69,,,0.04,56.76,0.03,89.3,0.02,137.69,0.01,563.69,,,0.14,21.0,0.15,5.0,0.18,6.0,0.19,55.0,0.23,14.7,0.1,0.1,0.094626,1776164034000
1776164036.462,236.462,0.86,21.0,0.85,5.0,0.82,6.0,0.81,55.0,0.77,14.7,0.96,56.76,0.97,89.3,0.98,137.69,0.99,563.69,,,0.04,56.76,0.03,89.3,0.02,137.69,0.01,563.69,,,0.14,21.0,0.15,5.0,0.18,6.0,0.19,55.0,0.23,14.7,0.1,0.1,0.094634,1776164035000
1776164036.665,236.665,0.97,83.59,0.96,67.7,0.95,54.7,0.94,46.1,0.93,44.9,0.98,5.0,0.99,568.69,,,,,,,0.04,56.76,0.03,89.3,0.02,137.69,0.01,563.69,,,0.14,21.0,0.15,5.0,0.18,6.0,0.19,55.0,0.23,14.7,0.01,0.1,0.094634,1776164035000
1776164037.087,237.087,0.97,83.59,0.96,67.7,0.95,54.7,0.94,46.1,0.93,44.9,0.98,5.0,0.99,568.69,,,,,,,0.02,5.0,0.01,568.69,,,,,,,0.03,83.59,0.04,67.7,0.05,54.7,0.06,46.1,0.07,44.9,0.01,0.01,0.094642,1776164036000
1776164037.318,237.318,0.97,83.59,0.96,67.7,0.95,54.7,0.94,46.1,0.93,44.9,0.98,1.93,0.99,568.69,,,,,,,0.02,2.96,0.01,568.69,,,,,,,0.03,83.59,0.04,67.7,0.05,54.7,0.06,46.1,0.07,44.9,0.01,0.01,0.094642,1776164036000
1776164038.012,238.012,0.97,88.59,0.96,67.7,0.95,54.7,0.94,46.1,0.93,39.9,0.99,566.57,,,,,,,,,0.01,568.59,,,,,,,,,0.03,83.59,0.04,67.7,0.05,54.7,0.06,46.1,0.07,44.9,0.02,0.02,0.094642,1776164036000
1776164038.351,238.351,0.97,88.59,0.96,67.7,0.95,54.7,0.94,46.1,0.93,39.9,0.99,562.53,,,,,,,,,0.01,564.55,,,,,,,,,0.03,88.59,0.04,67.7,0.05,54.7,0.06,46.1,0.07,39.9,0.02,0.02,0.094643,1776164037000
1776164039.165,239.165,0.97,88.59,0.96,67.7,0.95,54.7,0.94,46.1,0.93,39.9,0.99,561.51,,,,,,,,,0.01,561.51,,,,,,,,,0.03,88.59,0.04,67.7,0.05,54.7,0.06,46.1,0.07,39.9,0.02,0.02,0.094642,1776164038000
1776164040.32,240.32,0.97,88.59,0.96,67.7,0.95,54.7,0.94,46.1,0.93,39.9,0.99,561.51,,,,,,,,,0.01,561.51,,,,,,,,,0.03,88.59,0.04,67.7,0.05,54.7,0.06,46.1,0.07,39.9,0.02,0.02,0.094646,1776164039000
1776164040.799,240.799,0.98,132.69,0.97,83.59,0.96,67.7,0.95,54.7,0.94,46.1,0.99,479.49,,,,,,,,,0.01,561.51,,,,,,,,,0.03,88.59,0.04,67.7,0.05,54.7,0.06,46.1,0.07,39.9,0.01,0.02,0.094646,1776164039000
1776164041.021,241.021,0.97,83.59,0.96,67.7,0.95,54.7,0.94,46.1,0.93,39.9,0.99,477.47,,,,,,,,,0.01,479.49,,,,,,,,,0.02,132.69,0.03,83.59,0.04,67.7,0.05,54.7,0.06,46.1,0.02,0.01,0.094646,1776164039000
1776164041.696,241.696,0.96,72.7,0.95,54.7,0.94,46.1,0.93,39.9,0.92,35.29,0.98,131.66,0.99,477.47,,,,,,,0.01,477.47,,,,,,,,,0.03,83.59,0.04,67.7,0.05,54.7,0.06,46.1,0.07,39.9,0.02,0.02,0.094646,1776164040000
1776164042.005,242.005,0.96,72.7,0.95,54.7,0.94,46.1,0.93,39.9,0.92,35.29,0.98,130.63,0.99,477.47,,,,,,,0.02,131.66,0.01,477.47,,,,,,,0.04,72.7,0.05,54.7,0.06,46.1,0.07,39.9,0.08,35.29,0.02,0.02,0.094646,1776164040000
1776164043.221,243.221,0.91,36.7,0.9,28.9,0.89,26.6,0.88,29.6,0.87,23.0,0.98,127.69,0.99,482.47,,,,,,,0.02,130.63,0.01,477.47,,,,,,,0.04,72.7,0.05,54.7,0.06,46.1,0.07,39.9,0.08,35.29,0.07,0.02,0.094646,1776164041000
1776164043.951,243.951,0.92,35.29,0.91,36.7,0.9,28.9,0.89,36.6,0.88,24.6,0.98,119.52,0.99,482.47,,,,,,,0.03,88.26,0.02,121.56,0.01,482.47,,,,,0.09,36.7,0.1,28.9,0.11,26.6,0.12,29.6,0.13,23.0,0.06,0.06,0.09464,1776164042000
1776164045.198,245.198,0.92,35.29,0.91,36.7,0.9,28.9,0.89,36.6,0.88,24.6,0.98,119.52,0.99,482.47,,,,,,,0.02,119.52,0.01,482.47,,,,,,,0.08,35.29,0.09,36.7,0.1,28.9,0.11,36.6,0.12,24.6,0.06,0.06,0.094604,1776164044000
1776164046.409,246.409,0.92,35.29,0.91,36.7,0.9,28.9,0.89,36.6,0.88,24.6,0.98,119.52,0.99,482.47,,,,,,,0.02,119.52,0.01,482.47,,,,,,,0.08,35.29,0.09,36.7,0.1,28.9,0.11,36.6,0.12,24.6,0.06,0.06,0.09462,1776164045000
1776164047.332,247.332,0.92,35.29,0.91,36.7,0.9,28.9,0.89,36.6,0.88,24.6,0.98,119.52,0.99,482.47,,,,,,,0.02,119.52,0.01,482.47,,,,,,,0.08,35.29,0.09,36.7,0.1,28.9,0.11,36.6,0.12,24.6,0.06,0.06,0.094615,1776164046000
1776164047.958,247.958,0.92,35.29,0.91,36.7,0.9,28.9,0.89,36.6,0.88,24.6,0.98,119.52,0.99,482.47,,,,,,,0.02,119.52,0.01,482.47,,,,,,,0.08,35.29,0.09,36.7,0.1,28.9,0.11,36.6,0.12,24.6,0.06,0.06,0.094609,1776164047000
1776164048.45,248.45,0.95,5.0,0.9,28.9,0.89,26.6,0.88,24.6,0.87,23.0,0.96,52.07,0.97,89.3,0.98,169.52,0.99,487.54,,,0.02,119.52,0.01,482.47,,,,,,,0.08,35.29,0.09,36.7,0.1,28.9,0.11,36.6,0.12,24.6,0.01,0.06,0.094609,1776164047000
1776164048.959,248.959,0.95,5.0,0.88,24.6,0.87,23.0,0.86,21.6,0.85,20.39,0.96,46.86,0.97,89.3,0.98,169.52,0.99,487.54,,,0.04,52.07,0.03,89.3,0.02,169.52,0.01,487.54,,,0.05,5.0,0.1,28.9,0.11,26.6,0.12,24.6,0.13,23.0,0.01,0.01,0.094609,1776164047000
1776164050.242,250.242,0.95,5.0,0.88,24.6,0.87,23.0,0.86,21.6,0.85,20.39,0.96,39.04,0.97,89.3,0.98,169.52,0.99,487.54,,,0.04,39.04,0.03,89.3,0.02,169.52,0.01,487.54,,,0.05,5.0,0.12,24.6,0.13,23.0,0.14,21.6,0.15,20.39,0.01,0.01,0.094589,1776164049000
1776164050.744,250.744,0.95,5.0,0.88,24.6,0.87,23.0,0.86,21.6,0.85,20.39,0.96,29.92,0.97,89.3,0.98,119.52,0.99,487.54,,,0.04,35.13,0.03,89.3,0.02,119.52,0.01,487.54,,,0.05,5.0,0.12,24.6,0.13,23.0,0.14,21.6,0.15,20.39,0.01,0.01,0.094589,1776164049000
1776164051.315,251.315,0.95,5.0,0.88,24.6,0.87,23.0,0.86,21.6,0.85,20.39,0.96,29.92,0.97,89.3,0.98,119.52,0.99,487.54,,,0.04,29.92,0.03,89.3,0.02,119.52,0.01,487.54,,,0.05,5.0,0.12,24.6,0.13,23.0,0.14,21.6,0.15,20.39,0.01,0.01,0.09458,1776164050000
1776164052.013,252.013,0.95,5.0,0.89,26.6,0.88,24.6,0.87,23.0,0.86,21.6,0.96,27.96,0.97,89.3,0.98,119.52,0.99,487.54,,,0.04,27.96,0.03,89.3,0.02,119.52,0.01,487.54,,,0.05,5.0,0.11,26.6,0.12,24.6,0.13,23.0,0.14,21.6,0.01,0.01,0.094574,1776164051000
1776164053.084,253.084,0.95,5.0,0.89,26.6,0.88,24.6,0.87,23.0,0.86,21.6,0.96,27.96,0.97,89.3,0.98,119.52,0.99,487.54,,,0.04,27.96,0.03,89.3,0.02,119.52,0.01,487.54,,,0.05,5.0,0.11,26.6,0.12,24.6,0.13,23.0,0.14,21.6,0.01,0.01,0.094578,1776164052000
1776164053.912,253.912,0.95,5.0,0.92,35.29,0.91,31.7,0.9,28.9,0.89,26.6,0.96,7.32,0.97,89.3,0.98,119.52,0.99,487.54,,,0.04,27.96,0.03,89.3,0.02,119.52,0.01,487.54,,,0.05,5.0,0.11,26.6,0.12,24.6,0.13,23.0,0.14,21.6,0.01,0.01,0.094578,1776164052000
1776164054.362,254.362,0.95,5.0,0.92,35.29,0.91,31.7,0.9,28.9,0.89,26.6,0.96,7.32,0.97,89.3,0.98,119.52,0.99,487.54,,,0.04,7.32,0.03,89.3,0.02,119.52,0.01,487.54,,,0.05,5.0,0.08,35.29,0.09,31.7,0.1,28.9,0.11,26.6,0.01,0.01,0.09458,1776164053000
1776164055.392,255.392,0.95,5.0,0.92,35.29,0.91,31.7,0.9,28.9,0.89,26.6,0.96,7.32,0.97,89.3,0.98,119.52,0.99,487.54,,,0.04,7.32,0.03,89.3,0.02,119.52,0.01,487.54,,,0.05,5.0,0.08,35.29,0.09,31.7,0.1,28.9,0.11,26.6,0.01,0.01,0.09458,1776164054000
1776164056.035,256.035,0.95,5.0,0.92,35.29,0.91,31.7,0.9,28.9,0.89,26.6,0.96,7.32,0.97,89.3,0.98,119.52,0.99,487.54,,,0.04,7.32,0.03,89.3,0.02,119.52,0.01,487.54,,,0.05,5.0,0.08,35.29,0.09,31.7,0.1,28.9,0.11,26.6,0.01,0.01,0.094581,1776164055000
1776164057.127,257.127,0.95,5.0,0.92,35.29,0.91,31.7,0.9,28.9,0.89,26.6,0.96,7.32,0.97,89.3,0.98,119.52,0.99,487.54,,,0.04,7.32,0.03,89.3,0.02,119.52,0.01,487.54,,,0.05,5.0,0.08,35.29,0.09,31.7,0.1,28.9,0.11,26.6,0.01,0.01,0.094579,1776164056000
1776164058.305,258.305,0.95,5.0,0.92,35.29,0.91,31.7,0.9,28.9,0.89,26.6,0.96,7.32,0.97,89.3,0.98,119.52,0.99,487.54,,,0.04,7.32,0.03,89.3,0.02,119.52,0.01,487.54,,,0.05,5.0,0.08,35.29,0.09,31.7,0.1,28.9,0.11,26.6,0.01,0.01,0.094584,1776164057000
1776164059.306,259.306,0.95,5.0,0.92,35.29,0.91,31.7,0.9,28.9,0.89,26.6,0.96,7.32,0.97,89.3,0.98,119.52,0.99,487.54,,,0.04,7.32,0.03,89.3,0.02,119.52,0.01,487.54,,,0.05,5.0,0.08,35.29,0.09,31.7,0.1,28.9,0.11,26.6,0.01,0.01,0.094584,1776164058000
1776164060.445,260.445,0.95,5.0,0.92,35.29,0.91,31.7,0.9,28.9,0.89,26.6,0.96,7.32,0.97,89.3,0.98,119.52,0.99,487.54,,,0.04,7.32,0.03,89.3,0.02,119.52,0.01,487.54,,,0.05,5.0,0.08,35.29,0.09,31.7,0.1,28.9,0.11,26.6,0.01,0.01,0.094584,1776164059000
1776164060.957,260.957,0.95,5.0,0.92,35.29,0.91,31.7,0.9,28.9,0.89,26.6,0.96,7.32,0.97,89.3,0.98,119.52,0.99,487.54,,,0.04,7.32,0.03,89.3,0.02,119.52,0.01,487.54,,,0.05,5.0,0.08,35.29,0.09,31.7,0.1,28.9,0.11,26.6,0.01,0.01,0.094584,1776164060000
1776164062.165,262.165,0.95,5.0,0.92,35.29,0.91,31.7,0.9,28.9,0.89,26.6,0.96,7.32,0.97,89.3,0.98,119.52,0.99,487.54,,,0.04,7.32,0.03,89.3,0.02,119.52,0.01,487.54,,,0.05,5.0,0.08,35.29,0.09,31.7,0.1,28.9,0.11,26.6,0.01,0.01,0.094584,1776164061000
1776164063.329,263.329,0.95,5.0,0.92,35.29,0.91,31.7,0.9,28.9,0.89,26.6,0.96,7.32,0.97,89.3,0.98,119.52,0.99,487.54,,,0.04,7.32,0.03,89.3,0.02,119.52,0.01,487.54,,,0.05,5.0,0.08,35.29,0.09,31.7,0.1,28.9,0.11,26.6,0.01,0.01,0.094583,1776164062000
1776164064.547,264.547,0.95,5.0,0.92,35.29,0.91,31.7,0.9,28.9,0.89,26.6,0.96,7.32,0.97,89.3,0.98,119.52,0.99,487.54,,,0.04,7.32,0.03,89.3,0.02,119.52,0.01,487.54,,,0.05,5.0,0.08,35.29,0.09,31.7,0.1,28.9,0.11,26.6,0.01,0.01,0.094573,1776164063000
1776164065.138,265.138,0.95,5.0,0.92,35.29,0.91,31.7,0.9,28.9,0.89,26.6,0.96,7.32,0.97,89.3,0.98,119.52,0.99,487.54,,,0.04,7.32,0.03,89.3,0.02,119.52,0.01,487.54,,,0.05,5.0,0.08,35.29,0.09,31.7,0.1,28.9,0.11,26.6,0.01,0.01,0.094572,1776164064000
1776164066.298,266.298,0.95,5.0,0.92,35.29,0.91,31.7,0.9,28.9,0.89,26.6,0.96,7.32,0.97,89.3,0.98,119.52,0.99,487.54,,,0.04,7.32,0.03,89.3,0.02,119.52,0.01,487.54,,,0.05,5.0,0.08,35.29,0.09,31.7,0.1,28.9,0.11,26.6,0.01,0.01,0.094572,1776164065000
1776164067.528,267.528,0.95,5.0,0.92,35.29,0.91,31.7,0.9,28.9,0.89,26.6,0.96,7.32,0.97,89.3,0.98,119.52,0.99,487.54,,,0.04,7.32,0.03,89.3,0.02,119.52,0.01,487.54,,,0.05,5.0,0.08,35.29,0.09,31.7,0.1,28.9,0.11,26.6,0.01,0.01,0.094568,1776164066000
1776164068.107,268.107,0.95,5.0,0.92,35.29,0.91,31.7,0.9,28.9,0.89,26.6,0.96,7.32,0.97,89.3,0.98,119.52,0.99,487.54,,,0.04,7.32,0.03,89.3,0.02,119.52,0.01,487.54,,,0.05,5.0,0.08,35.29,0.09,31.7,0.1,28.9,0.11,26.6,0.01,0.01,0.094567,1776164067000
1776164069.577,269.577,0.95,5.0,0.92,35.29,0.91,31.7,0.9,28.9,0.89,26.6,0.96,7.32,0.97,89.3,0.98,119.52,0.99,487.54,,,0.04,7.32,0.03,89.3,0.02,119.52,0.01,487.54,,,0.05,5.0,0.08,35.29,0.09,31.7,0.1,28.9,0.11,26.6,0.01,0.01,0.094567,1776164068000
1776164069.947,269.947,0.95,5.0,0.93,39.9,0.92,35.29,0.91,31.7,0.9,28.9,0.97,84.25,0.98,119.52,0.99,487.54,,,,,0.03,84.25,0.02,119.52,0.01,487.54,,,,,0.05,5.0,0.07,39.9,0.08,35.29,0.09,31.7,0.1,28.9,0.02,0.02,0.094567,1776164069000
1776164071.317,271.317,0.95,5.0,0.93,39.9,0.92,35.29,0.91,31.7,0.9,28.9,0.97,84.25,0.98,119.52,0.99,487.54,,,,,0.03,84.25,0.02,119.52,0.01,487.54,,,,,0.05,5.0,0.07,39.9,0.08,35.29,0.09,31.7,0.1,28.9,0.02,0.02,0.094567,1776164070000
1776164071.915,271.915,0.95,5.0,0.93,39.9,0.92,35.29,0.91,31.7,0.9,28.9,0.97,84.25,0.98,119.52,0.99,487.54,,,,,0.03,84.25,0.02,119.52,0.01,487.54,,,,,0.05,5.0,0.07,39.9,0.08,35.29,0.09,31.7,0.1,28.9,0.02,0.02,0.094567,1776164071000
1776164073.09,273.09,0.95,5.0,0.93,39.9,0.92,35.29,0.91,31.7,0.9,28.9,0.97,84.25,0.98,119.52,0.99,487.54,,,,,0.03,84.25,0.02,119.52,0.01,487.54,,,,,0.05,5.0,0.07,39.9,0.08,35.29,0.09,31.7,0.1,28.9,0.02,0.02,0.094568,1776164072000
1776164073.293,273.293,0.95,59.7,0.94,46.1,0.93,39.9,0.92,35.29,0.91,31.7,0.98,118.49,0.99,482.54,,,,,,,0.03,84.25,0.02,119.52,0.01,487.54,,,,,0.05,5.0,0.07,39.9,0.08,35.29,0.09,31.7,0.1,28.9,0.03,0.02,0.094568,1776164072000
1776164074.287,274.287,0.95,59.7,0.94,46.1,0.93,39.9,0.92,35.29,0.91,31.7,0.98,118.49,0.99,482.54,,,,,,,0.02,118.49,0.01,482.54,,,,,,,0.05,59.7,0.06,46.1,0.07,39.9,0.08,35.29,0.09,31.7,0.03,0.03,0.094567,1776164073000
1776164075.364,275.364,0.95,59.7,0.94,46.1,0.93,39.9,0.92,35.29,0.91,31.7,0.98,118.49,0.99,482.54,,,,,,,0.02,118.49,0.01,482.54,,,,,,,0.05,59.7,0.06,46.1,0.07,39.9,0.08,35.29,0.09,31.7,0.03,0.03,0.094567,1776164074000
1776164076.089,276.089,0.95,59.7,0.94,46.1,0.93,39.9,0.92,35.29,0.91,31.7,0.98,118.49,0.99,482.54,,,,,,,0.02,118.49,0.01,482.54,,,,,,,0.05,59.7,0.06,46.1,0.07,39.9,0.08,35.29,0.09,31.7,0.03,0.03,0.094567,1776164075000
1776164077.589,277.589,0.95,59.7,0.94,46.1,0.93,39.9,0.92,35.29,0.91,31.7,0.98,118.49,0.99,482.54,,,,,,,0.02,118.49,0.01,482.54,,,,,,,0.05,59.7,0.06,46.1,0.07,39.9,0.08,35.29,0.09,31.7,0.03,0.03,0.094564,1776164076000
1776164078.084,278.084,0.95,59.7,0.94,46.1,0.93,39.9,0.92,35.29,0.91,31.7,0.98,118.49,0.99,482.54,,,,,,,0.02,118.49,0.01,482.54,,,,,,,0.05,59.7,0.06,46.1,0.07,39.9,0.08,35.29,0.09,31.7,0.03,0.03,0.094557,1776164077000
1776164079.145,279.145,0.95,59.7,0.94,46.1,0.93,39.9,0.92,35.29,0.91,31.7,0.98,118.49,0.99,482.54,,,,,,,0.02,118.49,0.01,482.54,,,,,,,0.05,59.7,0.06,46.1,0.07,39.9,0.08,35.29,0.09,31.7,0.03,0.03,0.094553,1776164078000
1776164080.184,280.184,0.95,59.7,0.94,46.1,0.93,39.9,0.92,35.29,0.91,31.7,0.98,118.49,0.99,482.54,,,,,,,0.02,118.49,0.01,482.54,,,,,,,0.05,59.7,0.06,46.1,0.07,39.9,0.08,35.29,0.09,31.7,0.03,0.03,0.094559,1776164079000
1776164081.304,281.304,0.95,59.7,0.94,46.1,0.93,39.9,0.92,35.29,0.91,31.7,0.98,118.49,0.99,482.54,,,,,,,0.02,118.49,0.01,482.54,,,,,,,0.05,59.7,0.06,46.1,0.07,39.9,0.08,35.29,0.09,31.7,0.03,0.03,0.094559,1776164080000
1776164082.011,282.011,0.94,5.0,0.88,5.0,0.81,50.0,0.72,10.0,0.71,50.0,0.97,19.0,0.98,5.0,0.99,219.94,,,,,0.02,118.49,0.01,482.54,,,,,,,0.05,59.7,0.06,46.1,0.07,39.9,0.08,35.29,0.09,31.7,0.03,0.03,0.094559,1776164080000
1776164082.298,282.298,0.94,5.0,0.88,5.0,0.81,50.0,0.72,10.0,0.71,50.0,0.97,19.0,0.98,5.0,0.99,219.94,,,,,0.03,19.0,0.02,5.0,0.01,219.94,,,,,0.06,5.0,0.12,5.0,0.19,50.0,0.28,10.0,0.29,50.0,0.03,0.03,0.094559,1776164081000
1776164083.44,283.44,0.94,5.0,0.88,5.0,0.81,50.0,0.72,10.0,0.71,50.0,0.97,19.0,0.98,5.0,0.99,219.94,,,,,0.03,19.0,0.02,5.0,0.01,219.94,,,,,0.06,5.0,0.12,5.0,0.19,50.0,0.28,10.0,0.29,50.0,0.03,0.03,0.09456,1776164082000
1776164083.986,283.986,0.94,5.0,0.88,5.0,0.81,50.0,0.72,10.0,0.71,50.0,0.97,19.0,0.98,5.0,0.99,219.94,,,,,0.03,19.0,0.02,5.0,0.01,219.94,,,,,0.06,5.0,0.12,5.0,0.19,50.0,0.28,10.0,0.29,50.0,0.03,0.03,0.094561,1776164083000
1776164085.034,285.034,0.94,5.0,0.88,5.0,0.81,50.0,0.72,10.0,0.71,50.0,0.97,19.0,0.98,5.0,0.99,219.94,,,,,0.03,19.0,0.02,5.0,0.01,219.94,,,,,0.06,5.0,0.12,5.0,0.19,50.0,0.28,10.0,0.29,50.0,0.03,0.03,0.09456,1776164084000
1776164086.127,286.127,0.94,5.0,0.88,5.0,0.81,50.0,0.72,10.0,0.71,50.0,0.97,19.0,0.98,5.0,0.99,219.94,,,,,0.03,19.0,0.02,5.0,0.01,219.94,,,,,0.06,5.0,0.12,5.0,0.19,50.0,0.28,10.0,0.29,50.0,0.03,0.03,0.09456,1776164085000
1776164087.225,287.225,0.94,5.0,0.88,5.0,0.81,50.0,0.72,10.0,0.71,50.0,0.97,19.0,0.98,5.0,0.99,219.94,,,,,0.03,19.0,0.02,5.0,0.01,219.94,,,,,0.06,5.0,0.12,5.0,0.19,50.0,0.28,10.0,0.29,50.0,0.03,0.03,0.094561,1776164086000
1776164088.248,288.248,0.94,5.0,0.88,5.0,0.81,50.0,0.72,10.0,0.71,50.0,0.97,19.0,0.98,5.0,0.99,219.94,,,,,0.03,19.0,0.02,5.0,0.01,219.94,,,,,0.06,5.0,0.12,5.0,0.19,50.0,0.28,10.0,0.29,50.0,0.03,0.03,0.094561,1776164087000
1776164089.41,289.41,0.98,35.4,0.94,5.0,0.9,5.0,0.89,5.0,0.81,50.0,0.99,214.94,,,,,,,,,0.01,214.94,,,,,,,,,0.02,35.4,0.06,5.0,0.1,5.0,0.11,5.0,0.19,50.0,0.01,0.01,0.094561,1776164088000
1776164089.755,289.755,0.98,35.4,0.89,5.0,0.81,60.0,0.71,50.0,0.61,50.0,0.99,213.92,,,,,,,,,0.01,214.94,,,,,,,,,0.02,35.4,0.06,5.0,0.1,5.0,0.11,5.0,0.19,50.0,0.01,0.01,0.094561,1776164088000
1776164089.983,289.983,0.98,35.4,0.89,5.0,0.81,60.0,0.71,50.0,0.61,50.0,0.99,213.92,,,,,,,,,0.01,213.92,,,,,,,,,0.02,35.4,0.11,5.0,0.19,60.0,0.29,50.0,0.39,50.0,0.01,0.01,0.094561,1776164089000
1776164090.788,290.788,0.98,35.4,0.89,5.0,0.83,10.0,0.81,50.0,0.71,50.0,0.99,208.86,,,,,,,,,0.01,213.92,,,,,,,,,0.02,35.4,0.11,5.0,0.19,60.0,0.29,50.0,0.39,50.0,0.01,0.01,0.094561,1776164089000
1776164091.276,291.276,0.98,35.4,0.89,5.0,0.83,10.0,0.81,50.0,0.71,50.0,0.99,208.86,,,,,,,,,0.01,208.86,,,,,,,,,0.02,35.4,0.11,5.0,0.17,10.0,0.19,50.0,0.29,50.0,0.01,0.01,0.094559,1776164090000
1776164092.304,292.304,0.98,35.4,0.89,5.0,0.83,10.0,0.81,50.0,0.71,50.0,0.99,208.86,,,,,,,,,0.01,208.86,,,,,,,,,0.02,35.4,0.11,5.0,0.17,10.0,0.19,50.0,0.29,50.0,0.01,0.01,0.094559,1776164091000
1776164093.296,293.296,0.98,35.4,0.89,5.0,0.85,10.0,0.81,50.0,0.71,50.0,0.99,203.81,,,,,,,,,0.01,208.86,,,,,,,,,0.02,35.4,0.11,5.0,0.17,10.0,0.19,50.0,0.29,50.0,0.01,0.01,0.094559,1776164091000
1776164094.341,294.341,0.98,35.4,0.89,5.0,0.87,10.0,0.81,50.0,0.71,50.0,0.99,183.6,,,,,,,,,0.01,183.6,,,,,,,,,0.02,35.4,0.11,5.0,0.13,10.0,0.19,50.0,0.29,50.0,0.01,0.01,0.094558,1776164093000
1776164094.833,294.833,0.98,35.4,0.89,15.0,0.81,50.0,0.71,50.0,0.61,50.0,0.99,178.6,,,,,,,,,0.01,183.6,,,,,,,,,0.02,35.4,0.11,5.0,0.13,10.0,0.19,50.0,0.29,50.0,0.01,0.01,0.094558,1776164093000
1776164095.405,295.405,0.98,35.4,0.9,10.0,0.89,5.0,0.81,50.0,0.71,50.0,0.99,176.6,,,,,,,,,0.01,178.6,,,,,,,,,0.02,35.4,0.11,15.0,0.19,50.0,0.29,50.0,0.39,50.0,0.01,0.01,0.094558,1776164094000
1776164095.652,295.652,0.98,35.4,0.89,5.0,0.81,50.0,0.71,50.0,0.61,50.0,0.99,174.6,,,,,,,,,0.01,176.6,,,,,,,,,0.02,35.4,0.1,10.0,0.11,5.0,0.19,50.0,0.29,50.0,0.01,0.01,0.094558,1776164094000
1776164095.917,295.917,0.98,35.4,0.89,5.0,0.88,10.0,0.81,50.0,0.71,50.0,0.99,159.6,,,,,,,,,0.01,174.6,,,,,,,,,0.02,35.4,0.11,5.0,0.19,50.0,0.29,50.0,0.39,50.0,0.01,0.01,0.094558,1776164094000
1776164096.32,296.32,0.98,35.4,0.89,5.0,0.88,10.0,0.81,50.0,0.71,50.0,0.99,94.54,,,,,,,,,0.01,159.6,,,,,,,,,0.02,35.4,0.11,5.0,0.12,10.0,0.19,50.0,0.29,50.0,0.01,0.01,0.094558,1776164094000
1776164096.654,296.654,0.98,35.4,0.89,15.0,0.81,50.0,0.71,50.0,0.61,50.0,0.99,74.48,,,,,,,,,0.01,84.2,,,,,,,,,0.02,35.4,0.11,5.0,0.12,10.0,0.19,50.0,0.29,50.0,0.01,0.01,0.094559,1776164095000
1776164096.872,296.872,0.98,35.4,0.89,5.0,0.81,50.0,0.71,50.0,0.61,50.0,0.99,60.48,,,,,,,,,0.01,74.48,,,,,,,,,0.02,35.4,0.11,15.0,0.19,50.0,0.29,50.0,0.39,50.0,0.01,0.01,0.094559,1776164095000
1776164097.359,297.359,0.98,35.4,0.89,15.0,0.81,50.0,0.71,50.0,0.61,50.0,0.99,35.21,,,,,,,,,0.01,55.42,,,,,,,,,0.02,35.4,0.11,5.0,0.12,10.0,0.19,50.0,0.29,50.0,0.01,0.01,0.094559,1776164096000
1776164097.848,297.848,0.98,35.4,0.89,15.0,0.81,50.0,0.71,50.0,0.61,50.0,,,,,,,,,,,,,,,,,,,,,0.02,35.4,0.11,15.0,0.19,50.0,0.29,50.0,0.39,50.0,,,0.094559,1776164097000
1776164098.814,298.814,0.98,35.4,0.89,15.0,0.81,50.0,0.71,50.0,0.61,50.0,,,,,,,,,,,,,,,,,,,,,0.02,35.4,0.11,15.0,0.19,50.0,0.29,50.0,0.39,50.0,,,0.094559,1776164098000
1776164100.295,300.295,0.98,35.4,0.89,15.0,0.81,50.0,0.71,50.0,0.61,50.0,,,,,,,,,,,,,,,,,,,,,0.02,35.4,0.11,15.0,0.19,50.0,0.29,50.0,0.39,50.0,,,0.094559,1776164099000

# RESULT,winner=Up,slug=doge-updown-5m-1776163800,ticks=318
