timestamp,elapsed_sec,up_bid_p1,up_bid_s1,up_bid_p2,up_bid_s2,up_ask_p1,up_ask_s1,up_ask_p2,up_ask_s2,down_bid_p1,down_bid_s1,down_bid_p2,down_bid_s2,down_ask_p1,down_ask_s1,down_ask_p2,down_ask_s2,up_spread,down_spread,doge_price,doge_oracle_ts
1776183001.306,1.306,,,,,,,,,,,,,,,,,,,0.095992,1776183000000
1776183001.638,1.638,0.49,31.09,0.48,6.0,0.51,36.0,0.52,6.0,0.49,36.0,0.48,6.0,0.51,31.09,0.52,6.0,0.02,0.02,0.095992,1776183000000
1776183002.102,2.102,0.49,31.09,0.48,6.0,0.5,10.0,0.51,36.0,0.49,36.0,0.48,6.0,0.51,31.09,0.52,6.0,0.01,0.02,0.095992,1776183000000
1776183003.405,3.405,0.49,31.09,0.48,6.0,0.5,10.0,0.51,36.0,0.5,10.0,0.49,36.0,0.51,31.09,0.52,6.0,0.01,0.01,0.095986,1776183002000
1776183004.117,4.117,0.49,31.09,0.48,6.0,0.5,10.0,0.51,36.0,0.5,10.0,0.49,36.0,0.51,31.09,0.52,6.0,0.01,0.01,0.095986,1776183003000
1776183005.081,5.081,0.49,31.09,0.48,6.0,0.5,10.0,0.51,36.0,0.5,10.0,0.49,36.0,0.51,31.09,0.52,6.0,0.01,0.01,0.095986,1776183004000
1776183006.242,6.242,0.49,31.09,0.48,6.0,0.5,10.0,0.51,36.0,0.5,10.0,0.49,36.0,0.51,31.09,0.52,6.0,0.01,0.01,0.095994,1776183005000
1776183007.737,7.737,0.49,31.09,0.48,6.0,0.5,10.0,0.51,36.0,0.5,10.0,0.49,36.0,0.51,31.09,0.52,6.0,0.01,0.01,0.095998,1776183006000
1776183008.27,8.27,0.49,31.09,0.48,6.0,0.5,10.0,0.51,36.0,0.5,10.0,0.49,36.0,0.51,31.09,0.52,6.0,0.01,0.01,0.095997,1776183007000
1776183008.558,8.558,0.49,26.09,0.48,6.0,0.5,10.0,0.51,36.0,0.5,10.0,0.49,36.0,0.51,31.09,0.52,6.0,0.01,0.01,0.095997,1776183007000
1776183009.409,9.409,0.49,26.09,0.48,6.0,0.5,10.0,0.51,36.0,0.5,10.0,0.49,36.0,0.51,26.09,0.52,6.0,0.01,0.01,0.095996,1776183008000
1776183010.084,10.084,0.49,26.09,0.48,6.0,0.5,10.0,0.51,36.0,0.5,10.0,0.49,36.0,0.51,26.09,0.52,6.0,0.01,0.01,0.095996,1776183009000
1776183011.143,11.143,0.49,26.09,0.48,6.0,0.5,10.0,0.51,36.0,0.5,10.0,0.49,36.0,0.51,26.09,0.52,6.0,0.01,0.01,0.09598,1776183010000
1776183011.741,11.741,0.49,26.09,0.48,6.0,0.5,6.82,0.51,36.0,0.5,10.0,0.49,36.0,0.51,26.09,0.52,6.0,0.01,0.01,0.09598,1776183010000
1776183012.303,12.303,0.49,26.09,0.48,6.0,0.5,6.82,0.51,36.0,0.5,6.82,0.49,36.0,0.51,26.09,0.52,6.0,0.01,0.01,0.095975,1776183011000
1776183012.883,12.883,0.49,21.29,0.48,6.0,0.5,6.82,0.51,41.0,0.5,6.82,0.49,36.0,0.51,26.09,0.52,6.0,0.01,0.01,0.095975,1776183011000
1776183013.419,13.419,0.49,21.29,0.48,6.0,0.5,6.82,0.51,41.0,0.5,6.82,0.49,41.0,0.51,21.29,0.52,6.0,0.01,0.01,0.095974,1776183012000
1776183014.029,14.029,0.49,21.29,0.48,6.0,0.5,6.82,0.51,41.0,0.5,6.82,0.49,41.0,0.51,21.29,0.52,6.0,0.01,0.01,0.09598,1776183013000
1776183014.248,14.248,0.49,13.47,0.48,6.0,0.5,6.82,0.51,41.0,0.5,6.82,0.49,41.0,0.51,21.29,0.52,6.0,0.01,0.01,0.09598,1776183013000
1776183015.031,15.031,0.49,13.47,0.48,6.0,0.5,6.82,0.51,41.0,0.5,6.82,0.49,41.0,0.51,13.47,0.52,6.0,0.01,0.01,0.095972,1776183014000
1776183015.351,15.351,0.49,8.47,0.48,6.0,0.5,6.82,0.51,41.0,0.5,6.82,0.49,41.0,0.51,13.47,0.52,6.0,0.01,0.01,0.095972,1776183014000
1776183015.635,15.635,0.49,0.9,0.48,6.0,0.5,6.82,0.51,41.0,0.5,6.82,0.49,41.0,0.51,8.47,0.52,6.0,0.01,0.01,0.095972,1776183014000
1776183016.11,16.11,0.49,0.9,0.48,6.0,0.5,6.82,0.51,41.0,0.5,6.82,0.49,41.0,0.51,0.9,0.52,6.0,0.01,0.01,0.09598,1776183015000
1776183017.276,17.276,0.49,0.9,0.48,6.0,0.5,6.82,0.51,41.0,0.5,6.82,0.49,41.0,0.51,0.9,0.52,6.0,0.01,0.01,0.095975,1776183016000
1776183018.251,18.251,0.48,3.92,0.38,10.0,0.5,36.82,0.51,91.0,0.5,6.82,0.49,41.0,0.51,0.9,0.52,6.0,0.02,0.01,0.095975,1776183016000
1776183018.722,18.722,0.38,10.0,0.33,15.0,0.49,10.0,0.5,26.82,0.5,36.82,0.49,91.0,0.52,3.92,0.62,10.0,0.11,0.02,0.095966,1776183017000
1776183019.457,19.457,0.38,10.0,0.33,15.0,0.49,10.0,0.5,26.82,0.51,10.0,0.5,26.82,0.62,10.0,0.67,15.0,0.11,0.11,0.095949,1776183018000
1776183020.014,20.014,0.38,10.0,0.33,15.0,0.49,10.0,0.5,26.82,0.51,10.0,0.5,26.82,0.62,10.0,0.67,15.0,0.11,0.11,0.095943,1776183019000
1776183021.05,21.05,0.38,10.0,0.33,15.0,0.49,10.0,0.5,26.82,0.51,10.0,0.5,26.82,0.62,10.0,0.67,15.0,0.11,0.11,0.095941,1776183020000
1776183022.165,22.165,0.38,10.0,0.33,15.0,0.49,10.0,0.5,26.82,0.51,10.0,0.5,26.82,0.62,10.0,0.67,15.0,0.11,0.11,0.095941,1776183021000
1776183023.213,23.213,0.38,10.0,0.33,15.0,0.49,10.0,0.5,26.82,0.51,10.0,0.5,26.82,0.62,10.0,0.67,15.0,0.11,0.11,0.095936,1776183022000
1776183024.272,24.272,0.38,10.0,0.33,15.0,0.49,10.0,0.5,26.82,0.51,10.0,0.5,26.82,0.62,10.0,0.67,15.0,0.11,0.11,0.095922,1776183023000
1776183025.365,25.365,0.38,10.0,0.33,15.0,0.49,10.0,0.5,26.82,0.51,10.0,0.5,26.82,0.62,10.0,0.67,15.0,0.11,0.11,0.095904,1776183024000
1776183025.888,25.888,0.38,10.0,0.33,15.0,0.49,10.0,0.5,26.82,0.51,10.0,0.5,26.82,0.62,10.0,0.67,15.0,0.11,0.11,0.095904,1776183025000
1776183026.898,26.898,0.38,10.0,0.33,15.0,0.49,10.0,0.5,26.82,0.51,10.0,0.5,26.82,0.62,10.0,0.67,15.0,0.11,0.11,0.095906,1776183026000
1776183028.004,28.004,0.36,2.04,0.31,10.0,0.4,8.0,0.42,10.0,0.6,8.0,0.58,10.0,0.64,2.04,0.69,10.0,0.04,0.04,0.095906,1776183027000
1776183029.061,29.061,0.36,2.04,0.31,10.0,0.4,8.0,0.42,10.0,0.6,8.0,0.58,10.0,0.64,2.04,0.69,10.0,0.04,0.04,0.095904,1776183028000
1776183030.103,30.103,0.36,2.04,0.31,10.0,0.4,8.0,0.42,10.0,0.6,8.0,0.58,10.0,0.64,2.04,0.69,10.0,0.04,0.04,0.095904,1776183029000
1776183030.402,30.402,0.44,9.82,0.4,10.0,0.5,10.82,0.51,56.0,0.6,8.0,0.58,10.0,0.64,2.04,0.69,10.0,0.06,0.04,0.095904,1776183029000
1776183031.121,31.121,0.44,9.82,0.4,10.0,0.5,4.82,0.51,56.0,0.5,4.82,0.49,56.0,0.56,9.82,0.6,10.0,0.06,0.06,0.095935,1776183030000
1776183032.166,32.166,0.44,9.82,0.4,10.0,0.5,4.82,0.51,56.0,0.5,4.82,0.49,56.0,0.56,9.82,0.6,10.0,0.06,0.06,0.095949,1776183031000
1776183033.127,33.127,0.44,9.82,0.4,10.0,0.5,4.82,0.51,56.0,0.5,4.82,0.49,56.0,0.56,9.82,0.6,10.0,0.06,0.06,0.095957,1776183032000
1776183034.179,34.179,0.44,9.82,0.4,10.0,0.5,4.82,0.51,56.0,0.5,4.82,0.49,56.0,0.56,9.82,0.6,10.0,0.06,0.06,0.095947,1776183033000
1776183035.764,35.764,0.44,9.82,0.4,10.0,0.5,4.82,0.51,56.0,0.5,4.82,0.49,56.0,0.56,9.82,0.6,10.0,0.06,0.06,0.095948,1776183034000
1776183036.608,36.608,0.44,9.82,0.4,10.0,0.5,4.82,0.51,56.0,0.5,4.82,0.49,56.0,0.56,9.82,0.6,10.0,0.06,0.06,0.095945,1776183035000
1776183037.242,37.242,0.44,9.82,0.4,10.0,0.5,4.82,0.51,56.0,0.5,4.82,0.49,56.0,0.56,9.82,0.6,10.0,0.06,0.06,0.095946,1776183036000
1776183038.494,38.494,0.44,9.82,0.4,10.0,0.5,4.82,0.51,56.0,0.5,4.82,0.49,56.0,0.56,9.82,0.6,10.0,0.06,0.06,0.095946,1776183037000
1776183039.185,39.185,0.44,9.82,0.4,10.0,0.5,4.82,0.51,56.0,0.5,4.82,0.49,56.0,0.56,9.82,0.6,10.0,0.06,0.06,0.095946,1776183038000
1776183039.432,39.432,0.44,4.82,0.36,2.04,0.45,32.0,0.51,86.0,0.5,4.82,0.49,56.0,0.56,9.82,0.6,10.0,0.01,0.06,0.095946,1776183038000
1776183039.64,39.64,0.44,0.8,0.36,2.04,0.45,32.0,0.48,9.0,0.55,32.0,0.49,86.0,0.56,4.82,0.64,2.04,0.01,0.01,0.095946,1776183038000
1776183040.476,40.476,0.36,2.04,0.32,10.0,0.45,32.0,0.48,9.0,0.55,32.0,0.52,9.0,0.64,2.04,0.68,10.0,0.09,0.09,0.095932,1776183039000
1776183040.996,40.996,0.32,10.0,0.29,15.0,0.43,6.0,0.44,10.0,0.55,32.0,0.52,9.0,0.64,2.04,0.68,10.0,0.11,0.09,0.095932,1776183039000
1776183041.878,41.878,0.3,2.5,0.28,10.0,0.42,10.0,0.43,6.0,0.57,6.0,0.56,10.0,0.68,10.0,0.71,15.0,0.12,0.11,0.095932,1776183040000
1776183042.404,42.404,0.3,2.5,0.28,10.0,0.42,10.0,0.43,6.0,0.58,10.0,0.57,6.0,0.7,2.5,0.72,10.0,0.12,0.12,0.09591,1776183041000
1776183042.915,42.915,0.3,3.55,0.27,10.0,0.43,6.0,0.44,10.0,0.58,10.0,0.57,6.0,0.7,2.5,0.72,10.0,0.13,0.12,0.09591,1776183041000
1776183043.929,43.929,0.3,19.58,0.29,10.0,0.43,6.0,0.47,14.0,0.57,6.0,0.56,10.0,0.7,3.55,0.73,10.0,0.13,0.13,0.09591,1776183042000
1776183044.272,44.272,0.3,19.58,0.29,10.0,0.43,6.0,0.47,14.0,0.57,6.0,0.53,14.0,0.7,19.58,0.71,10.0,0.13,0.13,0.095911,1776183043000
1776183045.767,45.767,0.3,19.58,0.29,10.0,0.43,6.0,0.47,14.0,0.57,6.0,0.53,14.0,0.7,19.58,0.71,10.0,0.13,0.13,0.095928,1776183044000
1776183046.339,46.339,0.3,19.58,0.29,10.0,0.43,6.0,0.47,14.0,0.57,6.0,0.53,14.0,0.7,19.58,0.71,10.0,0.13,0.13,0.095941,1776183045000
1776183047.615,47.615,0.3,19.58,0.29,10.0,0.43,6.0,0.47,14.0,0.57,6.0,0.53,14.0,0.7,19.58,0.71,10.0,0.13,0.13,0.09593,1776183046000
1776183048.411,48.411,0.3,19.58,0.29,10.0,0.43,6.0,0.47,14.0,0.57,6.0,0.53,14.0,0.7,19.58,0.71,10.0,0.13,0.13,0.095936,1776183047000
1776183049.018,49.018,0.3,19.58,0.29,10.0,0.43,6.0,0.47,14.0,0.57,6.0,0.53,14.0,0.7,19.58,0.71,10.0,0.13,0.13,0.095936,1776183048000
1776183050.381,50.381,0.3,19.58,0.29,10.0,0.43,6.0,0.47,14.0,0.57,6.0,0.53,14.0,0.7,19.58,0.71,10.0,0.13,0.13,0.095933,1776183049000
1776183051.052,51.052,0.3,19.58,0.29,10.0,0.43,6.0,0.47,14.0,0.57,6.0,0.53,14.0,0.7,19.58,0.71,10.0,0.13,0.13,0.095935,1776183050000
1776183052.827,52.827,0.3,19.58,0.29,10.0,0.43,6.0,0.47,14.0,0.57,6.0,0.53,14.0,0.7,19.58,0.71,10.0,0.13,0.13,0.095943,1776183051000
1776183053.4,53.4,0.3,19.58,0.29,10.0,0.43,6.0,0.47,14.0,0.57,6.0,0.53,14.0,0.7,19.58,0.71,10.0,0.13,0.13,0.095939,1776183052000
1776183054.017,54.017,0.3,19.58,0.29,10.0,0.43,6.0,0.47,14.0,0.57,6.0,0.53,14.0,0.7,19.58,0.71,10.0,0.13,0.13,0.09594,1776183053000
1776183055.065,55.065,0.3,19.58,0.29,10.0,0.43,6.0,0.47,14.0,0.57,6.0,0.53,14.0,0.7,19.58,0.71,10.0,0.13,0.13,0.095939,1776183054000
1776183055.552,55.552,0.31,65.0,0.3,16.0,0.35,18.62,0.43,6.0,0.57,6.0,0.53,14.0,0.7,19.58,0.71,10.0,0.04,0.13,0.095939,1776183054000
1776183056.169,56.169,0.31,65.0,0.3,16.0,0.35,18.62,0.43,6.0,0.65,18.62,0.57,6.0,0.69,65.0,0.7,16.0,0.04,0.04,0.095939,1776183055000
1776183056.548,56.548,0.34,45.0,0.31,50.0,0.35,8.78,0.43,6.0,0.65,13.78,0.57,6.0,0.66,24.0,0.67,5.0,0.01,0.01,0.095939,1776183055000
1776183057.238,57.238,0.35,6.37,0.34,45.0,0.43,6.0,0.51,36.0,0.57,6.0,0.49,36.0,0.65,6.37,0.66,45.0,0.08,0.08,0.095949,1776183056000
1776183058.22,58.22,0.42,11.0,0.41,50.0,0.43,1.0,0.51,36.0,0.57,6.0,0.49,36.0,0.65,6.37,0.66,45.0,0.01,0.08,0.095949,1776183056000
1776183058.426,58.426,0.42,11.0,0.41,50.0,0.51,32.0,0.52,6.0,0.57,1.0,0.49,36.0,0.58,11.0,0.59,50.0,0.09,0.01,0.095968,1776183057000
1776183058.909,58.909,0.42,11.0,0.41,50.0,0.51,27.0,0.52,6.0,0.49,27.0,0.48,6.0,0.58,11.0,0.59,50.0,0.09,0.09,0.095975,1776183058000
1776183059.562,59.562,0.41,48.3,0.39,12.0,0.51,27.0,0.52,6.0,0.49,27.0,0.48,6.0,0.58,11.0,0.59,50.0,0.1,0.09,0.095975,1776183058000
1776183060.031,60.031,0.41,48.3,0.39,12.0,0.51,27.0,0.52,6.0,0.49,27.0,0.48,6.0,0.59,48.3,0.61,12.0,0.1,0.1,0.095977,1776183059000
1776183060.858,60.858,0.47,10.0,0.41,48.3,0.51,22.0,0.52,6.0,0.49,27.0,0.48,6.0,0.59,48.3,0.61,12.0,0.04,0.1,0.095977,1776183059000
1776183061.222,61.222,0.47,10.0,0.41,48.3,0.51,22.0,0.52,6.0,0.49,22.0,0.48,6.0,0.53,10.0,0.59,48.3,0.04,0.04,0.096008,1776183060000
1776183062.5,62.5,0.47,10.0,0.41,48.3,0.51,22.0,0.52,6.0,0.49,22.0,0.48,6.0,0.53,10.0,0.59,48.3,0.04,0.04,0.096015,1776183061000
1776183063.064,63.064,0.47,10.0,0.41,48.3,0.51,22.0,0.52,6.0,0.49,22.0,0.48,6.0,0.53,10.0,0.59,48.3,0.04,0.04,0.096015,1776183062000
1776183064.182,64.182,0.47,10.0,0.41,48.3,0.51,22.0,0.52,6.0,0.49,22.0,0.48,6.0,0.53,10.0,0.59,48.3,0.04,0.04,0.096026,1776183063000
1776183064.713,64.713,0.45,11.0,0.43,10.6,0.51,16.5,0.52,6.0,0.49,22.0,0.48,6.0,0.53,10.0,0.59,48.3,0.06,0.04,0.096026,1776183063000
1776183065.214,65.214,0.45,11.0,0.43,10.6,0.51,16.5,0.52,6.0,0.49,16.5,0.48,6.0,0.55,11.0,0.57,10.6,0.06,0.06,0.096026,1776183064000
1776183066.372,66.372,0.45,11.0,0.43,10.6,0.51,16.5,0.52,6.0,0.49,16.5,0.48,6.0,0.55,11.0,0.57,10.6,0.06,0.06,0.096023,1776183065000
1776183067.374,67.374,0.45,11.0,0.43,10.6,0.51,16.5,0.52,6.0,0.49,16.5,0.48,6.0,0.55,11.0,0.57,10.6,0.06,0.06,0.096011,1776183066000
1776183067.946,67.946,0.45,11.0,0.43,10.6,0.51,16.5,0.52,6.0,0.49,16.5,0.48,6.0,0.55,11.0,0.57,10.6,0.06,0.06,0.096014,1776183067000
1776183068.822,68.822,0.45,11.0,0.43,10.6,0.51,16.5,0.52,6.0,0.49,16.5,0.48,6.0,0.55,11.0,0.57,10.6,0.06,0.06,0.096014,1776183068000
1776183070.363,70.363,0.45,11.0,0.43,10.6,0.51,16.5,0.52,6.0,0.49,16.5,0.48,6.0,0.55,11.0,0.57,10.6,0.06,0.06,0.096009,1776183069000
1776183071.278,71.278,0.45,11.0,0.43,10.6,0.51,16.5,0.52,6.0,0.49,16.5,0.48,6.0,0.55,11.0,0.57,10.6,0.06,0.06,0.096007,1776183070000
1776183071.537,71.537,0.44,15.83,0.43,20.6,0.51,16.5,0.52,6.0,0.49,16.5,0.48,6.0,0.55,11.0,0.57,10.6,0.07,0.06,0.096007,1776183070000
1776183072.231,72.231,0.44,15.83,0.43,20.6,0.51,16.5,0.52,6.0,0.49,16.5,0.48,6.0,0.56,15.83,0.57,20.6,0.07,0.07,0.096008,1776183071000
1776183072.916,72.916,0.44,26.29,0.43,20.6,0.51,16.5,0.52,6.0,0.49,16.5,0.48,6.0,0.56,15.83,0.57,20.6,0.07,0.07,0.096008,1776183071000
1776183073.27,73.27,0.44,26.29,0.43,20.6,0.51,16.5,0.52,6.0,0.49,16.5,0.48,6.0,0.56,26.29,0.57,20.6,0.07,0.07,0.096009,1776183072000
1776183074.231,74.231,0.44,26.29,0.43,20.6,0.51,16.5,0.52,6.0,0.49,16.5,0.48,6.0,0.56,26.29,0.57,20.6,0.07,0.07,0.096009,1776183073000
1776183074.497,74.497,0.44,0.38,0.43,11.0,0.51,16.5,0.52,6.0,0.49,16.5,0.48,6.0,0.56,26.29,0.57,20.6,0.07,0.07,0.096009,1776183073000
1776183075.275,75.275,0.44,0.38,0.43,11.0,0.51,16.5,0.52,6.0,0.49,16.5,0.48,6.0,0.56,0.38,0.57,11.0,0.07,0.07,0.095979,1776183074000
1776183076.239,76.239,0.45,0.26,0.37,15.0,0.48,9.61,0.51,16.5,0.49,16.5,0.48,6.0,0.56,0.38,0.57,11.0,0.03,0.07,0.095979,1776183074000
1776183076.964,76.964,0.45,0.26,0.41,72.0,0.48,4.61,0.51,16.5,0.52,9.61,0.49,16.5,0.55,0.26,0.63,15.0,0.03,0.03,0.095979,1776183075000
1776183077.351,77.351,0.45,0.26,0.41,72.0,0.48,4.61,0.51,16.5,0.52,4.61,0.49,16.5,0.55,0.26,0.59,72.0,0.03,0.03,0.095966,1776183076000
1776183078.279,78.279,0.45,0.26,0.41,72.0,0.48,4.61,0.51,16.5,0.52,4.61,0.49,16.5,0.55,0.26,0.59,72.0,0.03,0.03,0.095976,1776183077000
1776183078.542,78.542,0.41,72.0,0.4,10.0,0.48,4.61,0.51,21.88,0.52,4.61,0.49,21.88,0.59,72.0,0.6,10.0,0.07,0.07,0.095976,1776183077000
1776183079.368,79.368,0.41,72.0,0.4,10.0,0.48,4.61,0.51,21.88,0.52,4.61,0.49,21.88,0.59,72.0,0.6,10.0,0.07,0.07,0.095986,1776183078000
1776183080.242,80.242,0.35,13.46,0.34,20.0,0.48,4.61,0.51,21.88,0.52,4.61,0.49,21.88,0.59,72.0,0.6,10.0,0.13,0.07,0.095986,1776183078000
1776183081.083,81.083,0.35,19.78,0.34,31.6,0.48,4.61,0.51,21.88,0.52,4.61,0.49,21.88,0.65,13.46,0.66,20.0,0.13,0.13,0.095986,1776183079000
1776183082.638,82.638,0.35,19.78,0.34,31.6,0.48,4.61,0.51,21.88,0.52,4.61,0.49,21.88,0.65,19.78,0.66,31.6,0.13,0.13,0.095973,1776183081000
1776183082.849,82.849,0.35,3.38,0.34,50.6,0.48,4.61,0.5,5.27,0.52,4.61,0.49,21.88,0.65,19.78,0.66,31.6,0.13,0.13,0.095973,1776183081000
1776183083.188,83.188,0.35,3.38,0.34,50.6,0.48,4.61,0.5,5.27,0.52,4.61,0.5,5.27,0.65,3.38,0.66,50.6,0.13,0.13,0.095973,1776183082000
1776183084.368,84.368,0.35,3.38,0.34,50.6,0.48,4.61,0.5,5.27,0.52,4.61,0.5,5.27,0.65,3.38,0.66,50.6,0.13,0.13,0.095954,1776183083000
1776183085.011,85.011,0.35,3.38,0.34,50.6,0.48,4.61,0.5,5.27,0.52,4.61,0.5,5.27,0.65,3.38,0.66,50.6,0.13,0.13,0.095954,1776183084000
1776183086.301,86.301,0.35,3.38,0.34,50.6,0.48,4.61,0.5,5.27,0.52,4.61,0.5,5.27,0.65,3.38,0.66,50.6,0.13,0.13,0.095954,1776183085000
1776183086.975,86.975,0.35,3.38,0.34,50.6,0.48,4.61,0.5,5.27,0.52,4.61,0.5,5.27,0.65,3.38,0.66,50.6,0.13,0.13,0.095954,1776183086000
1776183088.179,88.179,0.34,25.94,0.33,21.8,0.48,4.61,0.51,26.9,0.52,4.61,0.5,5.27,0.65,3.38,0.66,50.6,0.14,0.13,0.095954,1776183086000
1776183088.942,88.942,0.34,25.94,0.33,21.8,0.48,4.61,0.51,26.9,0.52,4.61,0.49,26.9,0.66,25.94,0.67,21.8,0.14,0.14,0.095957,1776183088000
1776183090.248,90.248,0.34,25.94,0.33,21.8,0.48,4.61,0.51,26.9,0.52,4.61,0.49,26.9,0.66,25.94,0.67,21.8,0.14,0.14,0.095957,1776183089000
1776183091.515,91.515,0.34,25.94,0.33,21.8,0.48,4.61,0.51,26.9,0.52,4.61,0.49,26.9,0.66,25.94,0.67,21.8,0.14,0.14,0.095961,1776183090000
1776183091.786,91.786,0.3,3.57,0.29,12.6,0.44,10.26,0.47,9.0,0.52,4.61,0.49,26.9,0.66,25.94,0.67,21.8,0.14,0.14,0.095961,1776183090000
1776183092.23,92.23,0.3,3.57,0.29,12.6,0.44,10.26,0.47,9.0,0.56,10.26,0.53,9.0,0.7,3.57,0.71,12.6,0.14,0.14,0.095962,1776183091000
1776183093.449,93.449,0.3,3.57,0.29,12.6,0.44,10.26,0.47,9.0,0.56,10.26,0.53,9.0,0.7,3.57,0.71,12.6,0.14,0.14,0.095942,1776183092000
1776183094.147,94.147,0.3,3.57,0.29,12.6,0.44,10.26,0.47,9.0,0.56,10.26,0.53,9.0,0.7,3.57,0.71,12.6,0.14,0.14,0.095942,1776183093000
1776183095.308,95.308,0.3,3.57,0.29,12.6,0.44,10.26,0.47,9.0,0.56,10.26,0.53,9.0,0.7,3.57,0.71,12.6,0.14,0.14,0.095925,1776183094000
1776183096.906,96.906,0.29,5.0,0.28,12.9,0.44,4.57,0.45,10.5,0.56,10.26,0.53,9.0,0.7,3.57,0.71,12.6,0.15,0.14,0.095925,1776183094000
1776183097.13,97.13,0.29,5.0,0.28,12.9,0.44,4.57,0.45,10.5,0.56,4.57,0.55,10.5,0.71,5.0,0.72,12.9,0.15,0.15,0.095928,1776183096000
1776183098.18,98.18,0.29,5.0,0.28,12.9,0.44,4.57,0.45,10.5,0.56,4.57,0.55,10.5,0.71,5.0,0.72,12.9,0.15,0.15,0.095926,1776183097000
1776183099.342,99.342,0.29,5.0,0.28,12.9,0.44,4.57,0.45,10.5,0.56,4.57,0.55,10.5,0.71,5.0,0.72,12.9,0.15,0.15,0.095927,1776183098000
1776183100.356,100.356,0.29,5.0,0.28,12.9,0.44,4.57,0.45,10.5,0.56,4.57,0.55,10.5,0.71,5.0,0.72,12.9,0.15,0.15,0.09593,1776183099000
1776183100.933,100.933,0.29,5.0,0.28,12.9,0.44,4.57,0.45,10.5,0.56,4.57,0.55,10.5,0.71,5.0,0.72,12.9,0.15,0.15,0.095929,1776183100000
1776183102.087,102.087,0.29,5.0,0.28,12.9,0.44,4.57,0.45,10.5,0.56,4.57,0.55,10.5,0.71,5.0,0.72,12.9,0.15,0.15,0.095929,1776183101000
1776183103.137,103.137,0.29,5.0,0.28,12.9,0.44,4.57,0.45,10.5,0.56,4.57,0.55,10.5,0.71,5.0,0.72,12.9,0.15,0.15,0.095933,1776183102000
1776183104.186,104.186,0.29,5.0,0.28,12.9,0.44,4.57,0.45,10.5,0.56,4.57,0.55,10.5,0.71,5.0,0.72,12.9,0.15,0.15,0.095935,1776183103000
1776183105.105,105.105,0.29,5.0,0.28,12.9,0.44,4.57,0.45,10.5,0.56,4.57,0.55,10.5,0.71,5.0,0.72,12.9,0.15,0.15,0.095936,1776183104000
1776183106.138,106.138,0.29,5.0,0.28,12.9,0.46,6.82,0.47,10.4,0.54,6.82,0.53,10.4,0.71,5.0,0.72,12.9,0.17,0.17,0.095944,1776183105000
1776183107.27,107.27,0.29,5.0,0.28,12.9,0.46,6.82,0.47,10.4,0.54,6.82,0.53,10.4,0.71,5.0,0.72,12.9,0.17,0.17,0.095933,1776183106000
1776183108.279,108.279,0.29,5.0,0.28,12.9,0.46,6.82,0.47,10.4,0.54,6.82,0.53,10.4,0.71,5.0,0.72,12.9,0.17,0.17,0.095919,1776183107000
1776183109.217,109.217,0.29,5.0,0.28,12.9,0.46,6.82,0.47,10.4,0.54,6.82,0.53,10.4,0.71,5.0,0.72,12.9,0.17,0.17,0.095915,1776183108000
1776183110.686,110.686,0.29,5.0,0.28,12.9,0.46,6.82,0.47,10.4,0.54,6.82,0.53,10.4,0.71,5.0,0.72,12.9,0.17,0.17,0.095915,1776183109000
1776183111.299,111.299,0.29,5.0,0.28,12.9,0.46,6.82,0.47,10.4,0.54,6.82,0.53,10.4,0.71,5.0,0.72,12.9,0.17,0.17,0.095915,1776183110000
1776183112.75,112.75,0.29,5.0,0.28,12.9,0.46,6.82,0.47,10.4,0.54,6.82,0.53,10.4,0.71,5.0,0.72,12.9,0.17,0.17,0.095915,1776183111000
1776183113.562,113.562,0.29,5.0,0.28,12.9,0.46,6.82,0.47,10.4,0.54,6.82,0.53,10.4,0.71,5.0,0.72,12.9,0.17,0.17,0.095914,1776183112000
1776183114.149,114.149,0.29,5.0,0.28,12.9,0.46,6.82,0.47,10.4,0.54,6.82,0.53,10.4,0.71,5.0,0.72,12.9,0.17,0.17,0.095914,1776183113000
1776183115.313,115.313,0.29,5.0,0.28,12.9,0.46,6.82,0.47,10.4,0.54,6.82,0.53,10.4,0.71,5.0,0.72,12.9,0.17,0.17,0.095913,1776183114000
1776183116.472,116.472,0.29,5.0,0.28,12.9,0.46,6.82,0.47,10.4,0.54,6.82,0.53,10.4,0.71,5.0,0.72,12.9,0.17,0.17,0.095914,1776183115000
1776183117.082,117.082,0.29,5.0,0.28,12.9,0.46,6.82,0.47,10.4,0.54,6.82,0.53,10.4,0.71,5.0,0.72,12.9,0.17,0.17,0.095914,1776183116000
1776183117.995,117.995,0.27,8.63,0.26,15.0,0.38,11.0,0.39,10.9,0.54,6.82,0.53,10.4,0.71,5.0,0.72,12.9,0.11,0.17,0.095914,1776183116000
1776183118.211,118.211,0.27,8.63,0.26,15.0,0.38,11.0,0.39,10.9,0.62,11.0,0.61,10.9,0.73,8.63,0.74,15.0,0.11,0.11,0.095915,1776183117000
1776183119.418,119.418,0.27,8.63,0.26,15.0,0.38,11.0,0.39,10.9,0.62,11.0,0.61,10.9,0.73,8.63,0.74,15.0,0.11,0.11,0.095916,1776183118000
1776183119.99,119.99,0.27,8.63,0.26,15.0,0.38,11.0,0.39,10.9,0.62,11.0,0.61,10.9,0.73,8.63,0.74,15.0,0.11,0.11,0.095916,1776183119000
1776183121.217,121.217,0.27,8.63,0.26,15.0,0.38,11.0,0.39,10.9,0.62,11.0,0.61,10.9,0.73,8.63,0.74,15.0,0.11,0.11,0.095915,1776183120000
1776183122.325,122.325,0.27,8.63,0.26,15.0,0.38,11.0,0.39,10.9,0.62,11.0,0.61,10.9,0.73,8.63,0.74,15.0,0.11,0.11,0.095914,1776183121000
1776183123.532,123.532,0.27,8.63,0.26,15.0,0.38,11.0,0.39,10.9,0.62,11.0,0.61,10.9,0.73,8.63,0.74,15.0,0.11,0.11,0.095916,1776183122000
1776183124.095,124.095,0.27,8.63,0.26,15.0,0.38,11.0,0.39,10.9,0.62,11.0,0.61,10.9,0.73,8.63,0.74,15.0,0.11,0.11,0.095921,1776183123000
1776183125.269,125.269,0.27,8.63,0.26,15.0,0.38,11.0,0.39,10.9,0.62,11.0,0.61,10.9,0.73,8.63,0.74,15.0,0.11,0.11,0.095899,1776183124000
1776183126.236,126.236,0.27,8.63,0.26,15.0,0.38,11.0,0.39,10.9,0.62,11.0,0.61,10.9,0.73,8.63,0.74,15.0,0.11,0.11,0.095894,1776183125000
1776183127.214,127.214,0.27,8.63,0.26,15.0,0.38,11.0,0.39,10.9,0.62,11.0,0.61,10.9,0.73,8.63,0.74,15.0,0.11,0.11,0.095878,1776183126000
1776183128.235,128.235,0.27,8.63,0.26,15.0,0.38,11.0,0.39,10.9,0.62,11.0,0.61,10.9,0.73,8.63,0.74,15.0,0.11,0.11,0.095881,1776183127000
1776183129.205,129.205,0.27,8.63,0.26,15.0,0.38,11.0,0.39,10.9,0.62,11.0,0.61,10.9,0.73,8.63,0.74,15.0,0.11,0.11,0.09588,1776183128000
1776183130.269,130.269,0.27,8.63,0.26,15.0,0.38,11.0,0.39,10.9,0.62,11.0,0.61,10.9,0.73,8.63,0.74,15.0,0.11,0.11,0.09587,1776183129000
1776183131.197,131.197,0.27,8.63,0.26,15.0,0.38,11.0,0.39,10.9,0.62,11.0,0.61,10.9,0.73,8.63,0.74,15.0,0.11,0.11,0.095847,1776183130000
1776183131.481,131.481,0.14,24.85,0.13,33.0,0.25,6.0,0.27,5.0,0.62,11.0,0.61,10.9,0.73,8.63,0.74,15.0,0.11,0.11,0.095847,1776183130000
1776183132.25,132.25,0.14,24.85,0.13,33.0,0.25,6.0,0.27,5.0,0.75,6.0,0.73,5.0,0.86,24.85,0.87,33.0,0.11,0.11,0.095854,1776183131000
1776183133.312,133.312,0.14,24.85,0.13,33.0,0.25,6.0,0.27,5.0,0.75,6.0,0.73,5.0,0.86,24.85,0.87,33.0,0.11,0.11,0.095882,1776183132000
1776183134.269,134.269,0.14,24.85,0.13,33.0,0.25,6.0,0.27,5.0,0.75,6.0,0.73,5.0,0.86,24.85,0.87,33.0,0.11,0.11,0.095904,1776183133000
1776183135.343,135.343,0.14,24.85,0.13,33.0,0.25,6.0,0.27,5.0,0.75,6.0,0.73,5.0,0.86,24.85,0.87,33.0,0.11,0.11,0.095908,1776183134000
1776183136.323,136.323,0.14,24.85,0.13,33.0,0.25,6.0,0.27,5.0,0.75,6.0,0.73,5.0,0.86,24.85,0.87,33.0,0.11,0.11,0.095911,1776183135000
1776183137.378,137.378,0.14,24.85,0.13,33.0,0.25,6.0,0.27,5.0,0.75,6.0,0.73,5.0,0.86,24.85,0.87,33.0,0.11,0.11,0.095908,1776183136000
1776183137.938,137.938,0.14,24.85,0.13,33.0,0.25,6.0,0.27,5.0,0.75,6.0,0.73,5.0,0.86,24.85,0.87,33.0,0.11,0.11,0.095908,1776183137000
1776183139.509,139.509,0.22,5.0,0.2,16.2,0.35,6.4,0.36,11.3,0.75,6.0,0.73,5.0,0.86,24.85,0.87,33.0,0.13,0.11,0.095908,1776183137000
1776183139.712,139.712,0.22,5.0,0.2,16.2,0.35,6.4,0.36,11.3,0.65,6.4,0.64,11.3,0.78,5.0,0.8,16.2,0.13,0.13,0.095908,1776183138000
1776183140.415,140.415,0.22,5.0,0.2,16.2,0.35,6.4,0.36,11.3,0.65,6.4,0.64,11.3,0.78,5.0,0.8,16.2,0.13,0.13,0.095911,1776183139000
1776183141.746,141.746,0.22,5.0,0.2,16.2,0.35,6.4,0.36,11.3,0.65,6.4,0.64,11.3,0.78,5.0,0.8,16.2,0.13,0.13,0.095911,1776183140000
1776183142.335,142.335,0.22,5.0,0.2,16.2,0.35,6.4,0.36,11.3,0.65,6.4,0.64,11.3,0.78,5.0,0.8,16.2,0.13,0.13,0.095912,1776183141000
1776183144.074,144.074,0.22,5.0,0.2,16.2,0.35,6.4,0.36,11.3,0.65,6.4,0.64,11.3,0.78,5.0,0.8,16.2,0.13,0.13,0.095878,1776183143000
1776183145.588,145.588,0.22,5.0,0.2,16.2,0.35,6.4,0.36,11.3,0.65,6.4,0.64,11.3,0.78,5.0,0.8,16.2,0.13,0.13,0.095878,1776183144000
1776183146.247,146.247,0.22,5.0,0.2,16.2,0.35,6.4,0.36,11.3,0.65,6.4,0.64,11.3,0.78,5.0,0.8,16.2,0.13,0.13,0.095878,1776183145000
1776183147.837,147.837,0.22,5.0,0.2,16.2,0.35,6.4,0.36,11.3,0.65,6.4,0.64,11.3,0.78,5.0,0.8,16.2,0.13,0.13,0.095877,1776183146000
1776183148.363,148.363,0.22,5.0,0.2,16.2,0.35,6.4,0.36,11.3,0.65,6.4,0.64,11.3,0.78,5.0,0.8,16.2,0.13,0.13,0.095877,1776183147000
1776183149.168,149.168,0.22,5.0,0.2,16.2,0.35,6.4,0.36,11.3,0.65,6.4,0.64,11.3,0.78,5.0,0.8,16.2,0.13,0.13,0.095877,1776183148000
1776183150.511,150.511,0.22,5.0,0.2,16.2,0.35,6.4,0.36,11.3,0.65,6.4,0.64,11.3,0.78,5.0,0.8,16.2,0.13,0.13,0.095878,1776183149000
1776183151.294,151.294,0.22,5.0,0.2,16.2,0.35,6.4,0.36,11.3,0.65,6.4,0.64,11.3,0.78,5.0,0.8,16.2,0.13,0.13,0.095881,1776183150000
1776183152.647,152.647,0.22,5.0,0.2,16.2,0.35,6.4,0.36,11.3,0.65,6.4,0.64,11.3,0.78,5.0,0.8,16.2,0.13,0.13,0.095874,1776183151000
1776183153.437,153.437,0.22,5.0,0.2,16.2,0.35,6.4,0.36,11.3,0.65,6.4,0.64,11.3,0.78,5.0,0.8,16.2,0.13,0.13,0.095865,1776183152000
1776183154.178,154.178,0.22,5.0,0.2,16.2,0.35,6.4,0.36,11.3,0.65,6.4,0.64,11.3,0.78,5.0,0.8,16.2,0.13,0.13,0.095844,1776183153000
1776183155.545,155.545,0.22,5.0,0.2,16.2,0.35,6.4,0.36,11.3,0.65,6.4,0.64,11.3,0.78,5.0,0.8,16.2,0.13,0.13,0.095826,1776183154000
1776183156.257,156.257,0.22,5.0,0.2,16.2,0.35,6.4,0.36,11.3,0.65,6.4,0.64,11.3,0.78,5.0,0.8,16.2,0.13,0.13,0.095819,1776183155000
1776183157.82,157.82,0.22,5.0,0.2,16.2,0.35,6.4,0.36,11.3,0.65,6.4,0.64,11.3,0.78,5.0,0.8,16.2,0.13,0.13,0.095833,1776183156000
1776183158.895,158.895,0.22,5.0,0.2,16.2,0.35,6.4,0.36,11.3,0.65,6.4,0.64,11.3,0.78,5.0,0.8,16.2,0.13,0.13,0.09583,1776183157000
1776183159.52,159.52,0.22,5.0,0.2,16.2,0.35,6.4,0.36,11.3,0.65,6.4,0.64,11.3,0.78,5.0,0.8,16.2,0.13,0.13,0.09583,1776183158000
1776183160.115,160.115,0.22,5.0,0.2,16.2,0.35,6.4,0.36,11.3,0.65,6.4,0.64,11.3,0.78,5.0,0.8,16.2,0.13,0.13,0.09583,1776183159000
1776183161.353,161.353,0.22,5.0,0.2,16.2,0.35,6.4,0.36,11.3,0.65,6.4,0.64,11.3,0.78,5.0,0.8,16.2,0.13,0.13,0.095791,1776183160000
1776183161.974,161.974,0.22,5.0,0.2,16.2,0.35,6.4,0.36,11.3,0.65,6.4,0.64,11.3,0.78,5.0,0.8,16.2,0.13,0.13,0.095786,1776183161000
1776183162.921,162.921,0.22,5.0,0.2,16.2,0.35,6.4,0.36,11.3,0.65,6.4,0.64,11.3,0.78,5.0,0.8,16.2,0.13,0.13,0.095793,1776183162000
1776183164.117,164.117,0.22,5.0,0.2,16.2,0.35,6.4,0.36,11.3,0.65,6.4,0.64,11.3,0.78,5.0,0.8,16.2,0.13,0.13,0.095792,1776183163000
1776183165.199,165.199,0.22,5.0,0.2,16.2,0.35,6.4,0.36,11.3,0.65,6.4,0.64,11.3,0.78,5.0,0.8,16.2,0.13,0.13,0.09579,1776183164000
1776183166.43,166.43,0.22,5.0,0.2,16.2,0.35,6.4,0.36,11.3,0.65,6.4,0.64,11.3,0.78,5.0,0.8,16.2,0.13,0.13,0.095797,1776183165000
1776183166.886,166.886,0.1,8.88,0.07,39.9,0.13,23.0,0.14,21.6,0.65,6.4,0.64,11.3,0.78,5.0,0.8,16.2,0.03,0.13,0.095797,1776183165000
1776183168.145,168.145,0.1,8.88,0.07,39.9,0.13,23.0,0.14,21.6,0.87,23.0,0.86,21.6,0.9,8.88,0.93,39.9,0.03,0.03,0.09581,1776183167000
1776183169.178,169.178,0.1,8.88,0.07,39.9,0.13,23.0,0.14,21.6,0.87,23.0,0.86,21.6,0.9,8.88,0.93,39.9,0.03,0.03,0.095817,1776183168000
1776183170.43,170.43,0.1,8.88,0.07,39.9,0.13,23.0,0.14,21.6,0.87,23.0,0.86,21.6,0.9,8.88,0.93,39.9,0.03,0.03,0.095809,1776183169000
1776183170.915,170.915,0.1,8.88,0.07,39.9,0.13,23.0,0.14,21.6,0.87,23.0,0.86,21.6,0.9,8.88,0.93,39.9,0.03,0.03,0.095809,1776183170000
1776183172.085,172.085,0.1,8.88,0.07,39.9,0.13,23.0,0.14,21.6,0.87,23.0,0.86,21.6,0.9,8.88,0.93,39.9,0.03,0.03,0.095803,1776183171000
1776183173.571,173.571,0.1,8.88,0.07,39.9,0.13,23.0,0.14,21.6,0.87,23.0,0.86,21.6,0.9,8.88,0.93,39.9,0.03,0.03,0.095799,1776183172000
1776183173.785,173.785,0.1,3.82,0.04,5.0,0.11,39.6,0.12,34.6,0.87,23.0,0.86,21.6,0.9,8.88,0.93,39.9,0.01,0.03,0.095799,1776183172000
1776183174.166,174.166,0.1,3.82,0.04,5.0,0.11,39.6,0.12,34.6,0.89,39.6,0.88,34.6,0.9,3.82,0.96,5.0,0.01,0.01,0.095799,1776183173000
1776183174.675,174.675,0.04,5.0,0.03,89.3,0.11,44.6,0.12,29.6,0.89,39.6,0.88,34.6,0.9,3.82,0.96,5.0,0.07,0.01,0.095799,1776183173000
1776183175.416,175.416,0.04,5.0,0.03,89.3,0.11,44.6,0.12,29.6,0.89,44.6,0.88,29.6,0.96,5.0,0.97,89.3,0.07,0.07,0.095781,1776183174000
1776183176.036,176.036,0.04,5.0,0.03,89.3,0.11,44.6,0.12,29.6,0.89,44.6,0.88,29.6,0.96,5.0,0.97,89.3,0.07,0.07,0.095779,1776183175000
1776183177.068,177.068,0.04,5.0,0.03,89.3,0.11,44.6,0.12,29.6,0.89,44.6,0.88,29.6,0.96,5.0,0.97,89.3,0.07,0.07,0.095767,1776183176000
1776183178.254,178.254,0.04,5.0,0.03,89.3,0.11,44.6,0.12,29.6,0.89,44.6,0.88,29.6,0.96,5.0,0.97,89.3,0.07,0.07,0.095758,1776183177000
1776183179.362,179.362,0.04,5.0,0.03,89.3,0.11,44.6,0.12,29.6,0.89,44.6,0.88,29.6,0.96,5.0,0.97,89.3,0.07,0.07,0.095767,1776183178000
1776183180.36,180.36,0.04,5.0,0.03,89.3,0.11,44.6,0.12,29.6,0.89,44.6,0.88,29.6,0.96,5.0,0.97,89.3,0.07,0.07,0.095771,1776183179000
1776183180.992,180.992,0.04,5.0,0.03,89.3,0.11,44.6,0.12,29.6,0.89,44.6,0.88,29.6,0.96,5.0,0.97,89.3,0.07,0.07,0.095765,1776183180000
1776183181.197,181.197,0.04,70.61,0.03,123.3,0.09,31.7,0.1,28.9,0.89,44.6,0.88,29.6,0.96,5.0,0.97,89.3,0.05,0.07,0.095765,1776183180000
1776183182.096,182.096,0.04,70.61,0.03,123.3,0.09,31.7,0.1,28.9,0.91,31.7,0.9,28.9,0.96,70.61,0.97,123.3,0.05,0.05,0.095764,1776183181000
1776183183.209,183.209,0.04,70.61,0.03,123.3,0.09,31.7,0.1,28.9,0.91,31.7,0.9,28.9,0.96,70.61,0.97,123.3,0.05,0.05,0.095781,1776183182000
1776183184.382,184.382,0.04,70.61,0.03,123.3,0.09,31.7,0.1,28.9,0.91,31.7,0.9,28.9,0.96,70.61,0.97,123.3,0.05,0.05,0.095798,1776183183000
1776183185.474,185.474,0.04,70.61,0.03,123.3,0.09,31.7,0.1,28.9,0.91,31.7,0.9,28.9,0.96,70.61,0.97,123.3,0.05,0.05,0.095788,1776183184000
1776183186.092,186.092,0.04,70.61,0.03,123.3,0.09,31.7,0.1,28.9,0.91,31.7,0.9,28.9,0.96,70.61,0.97,123.3,0.05,0.05,0.095786,1776183185000
1776183187.104,187.104,0.04,70.61,0.03,123.3,0.09,31.7,0.1,28.9,0.91,31.7,0.9,28.9,0.96,70.61,0.97,123.3,0.05,0.05,0.09576,1776183186000
1776183188.1,188.1,0.04,70.61,0.03,123.3,0.09,31.7,0.1,28.9,0.91,31.7,0.9,28.9,0.96,70.61,0.97,123.3,0.05,0.05,0.095749,1776183187000
1776183188.627,188.627,0.01,5450.16,,,0.05,59.7,0.06,46.1,0.91,31.7,0.9,28.9,0.96,70.61,0.97,123.3,0.04,0.05,0.095749,1776183187000
1776183189.245,189.245,0.01,5450.16,,,0.05,59.7,0.06,46.1,0.95,59.7,0.94,46.1,0.99,5450.16,,,0.04,0.04,0.095737,1776183188000
1776183190.401,190.401,0.01,5445.16,,,0.04,67.7,0.05,59.7,0.96,67.7,0.95,59.7,0.99,5445.16,,,0.03,0.03,0.09574,1776183189000
1776183190.949,190.949,0.01,5445.16,,,0.04,67.7,0.05,59.7,0.96,67.7,0.95,59.7,0.99,5445.16,,,0.03,0.03,0.095741,1776183190000
1776183192.208,192.208,0.01,5445.16,,,0.04,67.7,0.05,59.7,0.96,67.7,0.95,59.7,0.99,5445.16,,,0.03,0.03,0.095738,1776183191000
1776183193.068,193.068,0.01,2890.16,,,0.03,94.3,0.04,72.7,0.96,67.7,0.95,59.7,0.99,5445.16,,,0.02,0.03,0.095738,1776183191000
1776183193.302,193.302,0.01,2890.16,,,0.03,94.3,0.04,72.7,0.97,94.3,0.96,72.7,0.99,2890.16,,,0.02,0.02,0.095726,1776183192000
1776183194.46,194.46,0.01,2890.16,,,0.03,94.3,0.04,72.7,0.97,94.3,0.96,72.7,0.99,2890.16,,,0.02,0.02,0.095727,1776183193000
1776183194.989,194.989,0.01,2890.16,,,0.03,94.3,0.04,72.7,0.97,94.3,0.96,72.7,0.99,2890.16,,,0.02,0.02,0.095717,1776183194000
1776183195.509,195.509,0.01,2869.96,,,0.03,94.3,0.04,72.7,0.97,94.3,0.96,72.7,0.99,2890.16,,,0.02,0.02,0.095717,1776183194000
1776183196.218,196.218,0.01,2869.96,,,0.03,94.3,0.04,72.7,0.97,94.3,0.96,72.7,0.99,2869.96,,,0.02,0.02,0.095718,1776183195000
1776183197.249,197.249,0.01,2869.96,,,0.03,94.3,0.04,72.7,0.97,94.3,0.96,72.7,0.99,2869.96,,,0.02,0.02,0.095725,1776183196000
1776183197.784,197.784,0.01,2507.36,,,0.02,132.69,0.03,94.3,0.97,94.3,0.96,72.7,0.99,2869.96,,,0.01,0.02,0.095725,1776183196000
1776183198.363,198.363,0.01,2507.36,,,0.02,132.69,0.03,94.3,0.98,132.69,0.97,94.3,0.99,2507.36,,,0.01,0.01,0.095727,1776183197000
1776183198.851,198.851,0.01,2506.34,,,0.02,123.25,0.03,94.3,0.98,132.69,0.97,94.3,0.99,2506.34,,,0.01,0.01,0.095727,1776183197000
1776183199.545,199.545,0.01,2506.34,,,0.02,123.25,0.03,94.3,0.98,123.25,0.97,94.3,0.99,2506.34,,,0.01,0.01,0.095718,1776183198000
1776183200.057,200.057,0.01,2506.34,,,0.02,123.25,0.03,94.3,0.98,123.25,0.97,94.3,0.99,2506.34,,,0.01,0.01,0.095714,1776183199000
1776183201.104,201.104,0.01,2506.34,,,0.02,123.25,0.03,94.3,0.98,123.25,0.97,94.3,0.99,2506.34,,,0.01,0.01,0.09571,1776183200000
1776183201.711,201.711,0.01,2748.73,,,0.03,94.3,0.04,72.7,0.98,123.25,0.97,94.3,0.99,2506.34,,,0.02,0.01,0.09571,1776183200000
1776183202.765,202.765,0.01,2748.73,,,0.03,94.3,0.04,72.7,0.97,94.3,0.96,72.7,0.99,2748.73,,,0.02,0.02,0.095712,1776183201000
1776183203.301,203.301,0.01,2748.73,,,0.03,94.3,0.04,72.7,0.97,94.3,0.96,72.7,0.99,2748.73,,,0.02,0.02,0.095716,1776183202000
1776183204.317,204.317,0.01,2748.73,,,0.03,94.3,0.04,72.7,0.97,94.3,0.96,72.7,0.99,2748.73,,,0.02,0.02,0.095726,1776183203000
1776183204.73,204.73,0.01,2435.13,,,0.02,132.69,0.03,94.3,0.97,94.3,0.96,72.7,0.99,2748.73,,,0.01,0.02,0.095726,1776183203000
1776183205.854,205.854,0.01,2435.13,,,0.02,132.69,0.03,94.3,0.98,132.69,0.97,94.3,0.99,2435.13,,,0.01,0.01,0.095697,1776183205000
1776183206.906,206.906,0.01,2435.13,,,0.02,132.69,0.03,94.3,0.98,132.69,0.97,94.3,0.99,2435.13,,,0.01,0.01,0.095688,1776183206000
1776183207.872,207.872,0.01,2435.13,,,0.02,132.69,0.03,94.3,0.98,132.69,0.97,94.3,0.99,2435.13,,,0.01,0.01,0.095689,1776183207000
1776183208.894,208.894,0.01,2435.13,,,0.02,132.69,0.03,94.3,0.98,132.69,0.97,94.3,0.99,2435.13,,,0.01,0.01,0.095692,1776183208000
1776183209.273,209.273,0.01,2429.33,,,0.02,137.69,0.03,94.3,0.98,132.69,0.97,94.3,0.99,2435.13,,,0.01,0.01,0.095692,1776183208000
1776183209.889,209.889,0.01,2429.33,,,0.02,137.69,0.03,94.3,0.98,137.69,0.97,94.3,0.99,2429.33,,,0.01,0.01,0.095692,1776183209000
1776183210.94,210.94,0.01,2429.33,,,0.02,137.69,0.03,94.3,0.98,137.69,0.97,94.3,0.99,2429.33,,,0.01,0.01,0.095693,1776183210000
1776183211.907,211.907,0.01,2429.33,,,0.02,137.69,0.03,94.3,0.98,137.69,0.97,94.3,0.99,2429.33,,,0.01,0.01,0.095687,1776183211000
1776183212.903,212.903,0.01,2429.33,,,0.02,137.69,0.03,94.3,0.98,137.69,0.97,94.3,0.99,2429.33,,,0.01,0.01,0.095687,1776183212000
1776183213.212,213.212,0.01,2428.31,,,0.02,137.69,0.03,94.3,0.98,137.69,0.97,94.3,0.99,2429.33,,,0.01,0.01,0.095687,1776183212000
1776183213.948,213.948,0.01,2428.31,,,0.02,137.69,0.03,94.3,0.98,137.69,0.97,94.3,0.99,2428.31,,,0.01,0.01,0.095697,1776183213000
1776183214.995,214.995,0.01,2428.31,,,0.02,137.69,0.03,94.3,0.98,137.69,0.97,94.3,0.99,2428.31,,,0.01,0.01,0.095697,1776183214000
1776183215.582,215.582,0.01,2427.29,,,0.02,137.69,0.03,94.3,0.98,137.69,0.97,94.3,0.99,2428.31,,,0.01,0.01,0.095697,1776183214000
1776183216.37,216.37,0.01,2427.29,,,0.02,137.69,0.03,94.3,0.98,137.69,0.97,94.3,0.99,2427.29,,,0.01,0.01,0.095715,1776183215000
1776183216.957,216.957,0.01,2407.09,,,0.02,137.69,0.03,94.3,0.98,137.69,0.97,94.3,0.99,2427.29,,,0.01,0.01,0.095715,1776183215000
1776183218.166,218.166,0.01,2407.09,,,0.02,137.69,0.03,94.3,0.98,137.69,0.97,94.3,0.99,2407.09,,,0.01,0.01,0.095726,1776183217000
1776183219.344,219.344,0.01,2407.09,,,0.02,137.69,0.03,94.3,0.98,137.69,0.97,94.3,0.99,2407.09,,,0.01,0.01,0.095731,1776183218000
1776183220.205,220.205,0.01,2407.09,,,0.02,137.69,0.03,94.3,0.98,137.69,0.97,94.3,0.99,2407.09,,,0.01,0.01,0.095731,1776183219000
1776183221.651,221.651,0.01,2407.09,,,0.02,137.69,0.03,94.3,0.98,137.69,0.97,94.3,0.99,2407.09,,,0.01,0.01,0.095739,1776183220000
1776183221.948,221.948,0.01,2381.74,,,0.02,137.69,0.03,94.3,0.98,137.69,0.97,94.3,0.99,2407.09,,,0.01,0.01,0.095739,1776183220000
1776183222.195,222.195,0.01,2381.74,,,0.02,137.69,0.03,94.3,0.98,137.69,0.97,94.3,0.99,2381.74,,,0.01,0.01,0.095739,1776183221000
1776183223.344,223.344,0.01,2381.74,,,0.02,137.69,0.03,94.3,0.98,137.69,0.97,94.3,0.99,2381.74,,,0.01,0.01,0.095727,1776183222000
1776183223.925,223.925,0.01,2381.74,,,0.02,137.69,0.03,94.3,0.98,137.69,0.97,94.3,0.99,2381.74,,,0.01,0.01,0.095723,1776183223000
1776183225.171,225.171,0.01,2381.74,,,0.02,137.69,0.03,94.3,0.98,137.69,0.97,94.3,0.99,2381.74,,,0.01,0.01,0.095718,1776183224000
1776183226.267,226.267,0.01,2381.74,,,0.02,137.69,0.03,94.3,0.98,137.69,0.97,94.3,0.99,2381.74,,,0.01,0.01,0.095715,1776183225000
1776183227.35,227.35,0.01,2381.74,,,0.02,137.69,0.03,94.3,0.98,137.69,0.97,94.3,0.99,2381.74,,,0.01,0.01,0.095718,1776183226000
1776183227.895,227.895,0.01,2381.74,,,0.02,137.69,0.03,94.3,0.98,137.69,0.97,94.3,0.99,2381.74,,,0.01,0.01,0.095713,1776183227000
1776183229.047,229.047,0.01,2381.74,,,0.02,137.69,0.03,94.3,0.98,137.69,0.97,94.3,0.99,2381.74,,,0.01,0.01,0.095713,1776183228000
1776183230.132,230.132,0.01,2381.74,,,0.02,137.69,0.03,94.3,0.98,137.69,0.97,94.3,0.99,2381.74,,,0.01,0.01,0.095705,1776183229000
1776183231.789,231.789,0.01,2381.74,,,0.02,137.69,0.03,94.3,0.98,137.69,0.97,94.3,0.99,2381.74,,,0.01,0.01,0.095708,1776183230000
1776183232.258,232.258,0.01,2381.74,,,0.02,137.69,0.03,94.3,0.98,137.69,0.97,94.3,0.99,2381.74,,,0.01,0.01,0.095708,1776183231000
1776183232.834,232.834,0.01,2362.33,,,0.02,137.69,0.03,94.3,0.98,137.69,0.97,94.3,0.99,2381.74,,,0.01,0.01,0.095708,1776183231000
1776183233.471,233.471,0.01,2362.33,,,0.02,137.69,0.03,94.3,0.98,137.69,0.97,94.3,0.99,2362.33,,,0.01,0.01,0.095705,1776183232000
1776183234.039,234.039,0.01,2362.33,,,0.02,137.69,0.03,94.3,0.98,137.69,0.97,94.3,0.99,2362.33,,,0.01,0.01,0.095704,1776183233000
1776183235.207,235.207,0.01,2362.33,,,0.02,137.69,0.03,94.3,0.98,137.69,0.97,94.3,0.99,2362.33,,,0.01,0.01,0.09571,1776183234000
1776183236.207,236.207,0.01,2362.33,,,0.02,137.69,0.03,94.3,0.98,137.69,0.97,94.3,0.99,2362.33,,,0.01,0.01,0.095711,1776183235000
1776183237.298,237.298,0.01,2355.33,,,0.02,137.69,0.03,94.3,0.98,137.69,0.97,94.3,0.99,2355.33,,,0.01,0.01,0.095711,1776183236000
1776183238.403,238.403,0.01,2355.33,,,0.02,137.69,0.03,94.3,0.98,137.69,0.97,94.3,0.99,2355.33,,,0.01,0.01,0.095713,1776183237000
1776183238.952,238.952,0.01,2355.33,,,0.02,137.69,0.03,94.3,0.98,137.69,0.97,94.3,0.99,2355.33,,,0.01,0.01,0.095733,1776183238000
1776183240.15,240.15,0.01,2359.31,,,0.02,137.69,0.03,94.3,0.98,137.69,0.97,94.3,0.99,2359.31,,,0.01,0.01,0.095746,1776183239000
1776183240.549,240.549,0.01,2349.21,,,0.02,137.69,0.03,94.3,0.98,137.69,0.97,94.3,0.99,2359.31,,,0.01,0.01,0.095746,1776183239000
1776183241.243,241.243,0.01,2349.21,,,0.02,137.69,0.03,94.3,0.98,137.69,0.97,94.3,0.99,2349.21,,,0.01,0.01,0.095743,1776183240000
1776183242.405,242.405,0.01,2349.21,,,0.02,137.69,0.03,94.3,0.98,137.69,0.97,94.3,0.99,2349.21,,,0.01,0.01,0.095733,1776183241000
1776183242.955,242.955,0.01,2349.21,,,0.02,137.69,0.03,94.3,0.98,137.69,0.97,94.3,0.99,2349.21,,,0.01,0.01,0.095733,1776183242000
1776183244.078,244.078,0.01,2349.21,,,0.02,137.69,0.03,94.3,0.98,137.69,0.97,94.3,0.99,2349.21,,,0.01,0.01,0.095738,1776183243000
1776183244.29,244.29,0.01,2344.15,,,0.02,137.69,0.03,94.3,0.98,137.69,0.97,94.3,0.99,2349.21,,,0.01,0.01,0.095738,1776183243000
1776183245.198,245.198,0.01,2344.15,,,0.02,137.69,0.03,94.3,0.98,137.69,0.97,94.3,0.99,2344.15,,,0.01,0.01,0.095743,1776183244000
1776183246.671,246.671,0.01,2344.15,,,0.02,137.69,0.03,94.3,0.98,137.69,0.97,94.3,0.99,2344.15,,,0.01,0.01,0.095746,1776183245000
1776183247.384,247.384,0.01,2334.15,,,0.02,137.69,0.03,94.3,0.98,137.69,0.97,94.3,0.99,2344.15,,,0.01,0.01,0.095746,1776183245000
1776183247.881,247.881,0.01,2298.59,,,0.02,137.69,0.03,94.3,0.98,137.69,0.97,94.3,0.99,2334.15,,,0.01,0.01,0.095746,1776183246000
1776183248.529,248.529,0.01,2298.59,,,0.02,137.69,0.03,94.3,0.98,137.69,0.97,94.3,0.99,2298.59,,,0.01,0.01,0.095746,1776183247000
1776183249.216,249.216,0.01,2298.59,,,0.02,137.69,0.03,94.3,0.98,137.69,0.97,94.3,0.99,2298.59,,,0.01,0.01,0.095738,1776183248000
1776183250.809,250.809,0.01,2298.59,,,0.02,137.69,0.03,94.3,0.98,137.69,0.97,94.3,0.99,2298.59,,,0.01,0.01,0.095738,1776183249000
1776183251.643,251.643,0.01,2298.59,,,0.02,137.69,0.03,94.3,0.98,137.69,0.97,94.3,0.99,2298.59,,,0.01,0.01,0.095741,1776183250000
1776183252.293,252.293,0.01,2298.59,,,0.02,137.69,0.03,94.3,0.98,137.69,0.97,94.3,0.99,2298.59,,,0.01,0.01,0.095744,1776183251000
1776183253.112,253.112,0.01,2298.59,,,0.02,137.69,0.03,94.3,0.98,137.69,0.97,94.3,0.99,2298.59,,,0.01,0.01,0.095744,1776183252000
1776183254.851,254.851,0.01,2298.59,,,0.02,137.69,0.03,94.3,0.98,137.69,0.97,94.3,0.99,2298.59,,,0.01,0.01,0.095764,1776183253000
1776183255.772,255.772,0.01,2298.59,,,0.02,137.69,0.03,94.3,0.98,137.69,0.97,94.3,0.99,2298.59,,,0.01,0.01,0.095766,1776183254000
1776183256.607,256.607,0.01,2298.59,,,0.02,137.69,0.03,94.3,0.98,137.69,0.97,94.3,0.99,2298.59,,,0.01,0.01,0.095768,1776183255000
1776183257.283,257.283,0.01,2295.59,,,0.02,137.69,0.03,94.3,0.98,137.69,0.97,94.3,0.99,2298.59,,,0.01,0.01,0.095768,1776183255000
1776183257.513,257.513,0.01,2295.59,,,0.02,137.69,0.03,94.3,0.98,137.69,0.97,94.3,0.99,2295.59,,,0.01,0.01,0.095769,1776183256000
1776183258.561,258.561,0.01,2283.59,,,0.02,137.69,0.03,94.3,0.98,137.69,0.97,94.3,0.99,2295.59,,,0.01,0.01,0.095769,1776183256000
1776183258.988,258.988,0.01,2260.59,,,0.02,137.69,0.03,94.3,0.98,137.69,0.97,94.3,0.99,2272.59,,,0.01,0.01,0.095769,1776183256000
1776183260.428,260.428,0.01,2242.59,,,0.02,137.69,0.03,94.3,0.98,137.69,0.97,94.3,0.99,2260.59,,,0.01,0.01,0.095769,1776183256000
1776183260.981,260.981,0.01,2141.59,,,0.02,137.69,0.03,94.3,0.98,137.69,0.97,94.3,0.99,2242.59,,,0.01,0.01,0.095769,1776183256000
1776183261.742,261.742,0.01,2129.59,,,0.02,137.69,0.03,94.3,0.98,137.69,0.97,94.3,0.99,2141.59,,,0.01,0.01,0.095769,1776183256000
1776183262.425,262.425,0.01,2109.59,,,0.02,137.69,0.03,94.3,0.98,137.69,0.97,94.3,0.99,2129.59,,,0.01,0.01,0.095769,1776183256000
1776183264.681,264.681,0.01,2099.59,,,0.02,137.69,0.03,94.3,0.98,137.69,0.97,94.3,0.99,2109.59,,,0.01,0.01,0.095769,1776183256000
1776183264.993,264.993,0.01,2098.57,,,0.02,137.69,0.03,94.3,0.98,137.69,0.97,94.3,0.99,2099.59,,,0.01,0.01,0.095769,1776183256000
1776183265.658,265.658,0.01,2098.57,,,0.02,137.69,0.03,94.3,0.98,137.69,0.97,94.3,0.99,2098.57,,,0.01,0.01,0.09577,1776183264000
1776183266.606,266.606,0.01,2087.57,,,0.02,137.69,0.03,94.3,0.98,137.69,0.97,94.3,0.99,2098.57,,,0.01,0.01,0.09577,1776183264000
1776183267.39,267.39,0.01,2087.57,,,0.02,137.69,0.03,94.3,0.98,137.69,0.97,94.3,0.99,2087.57,,,0.01,0.01,0.095765,1776183266000
1776183268.129,268.129,0.01,2081.55,,,0.02,137.69,0.03,94.3,0.98,137.69,0.97,94.3,0.99,2087.57,,,0.01,0.01,0.095765,1776183266000
1776183268.389,268.389,0.01,2081.55,,,0.02,137.69,0.03,94.3,0.98,137.69,0.97,94.3,0.99,2081.55,,,0.01,0.01,0.095768,1776183267000
1776183269.063,269.063,0.01,2081.55,,,0.02,137.69,0.03,94.3,0.98,137.69,0.97,94.3,0.99,2081.55,,,0.01,0.01,0.095767,1776183268000
1776183269.591,269.591,0.01,2086.55,,,0.02,87.69,0.03,94.3,0.98,137.69,0.97,94.3,0.99,2081.55,,,0.01,0.01,0.095767,1776183268000
1776183269.798,269.798,0.01,2081.5,,,0.02,87.69,0.03,94.3,0.98,87.69,0.97,94.3,0.99,2086.55,,,0.01,0.01,0.095767,1776183268000
1776183270.493,270.493,0.01,1879.47,,,0.02,87.69,0.03,94.3,0.98,87.69,0.97,94.3,0.99,2081.5,,,0.01,0.01,0.095767,1776183268000
1776183271.176,271.176,0.01,1879.47,,,0.02,87.69,0.03,94.3,0.98,87.69,0.97,94.3,0.99,1879.47,,,0.01,0.01,0.095766,1776183270000
1776183271.721,271.721,0.01,1874.42,,,0.02,87.69,0.03,94.3,0.98,87.69,0.97,94.3,0.99,1879.47,,,0.01,0.01,0.095766,1776183270000
1776183272.564,272.564,0.01,1874.42,,,0.02,87.69,0.03,94.3,0.98,87.69,0.97,94.3,0.99,1874.42,,,0.01,0.01,0.095783,1776183271000
1776183273.353,273.353,0.01,1874.42,,,0.02,87.69,0.03,94.3,0.98,87.69,0.97,94.3,0.99,1874.42,,,0.01,0.01,0.095784,1776183272000
1776183274.688,274.688,0.01,1874.42,,,0.02,87.69,0.03,94.3,0.98,87.69,0.97,94.3,0.99,1874.42,,,0.01,0.01,0.095781,1776183273000
1776183275.461,275.461,0.01,1873.4,,,0.02,87.69,0.03,94.3,0.98,87.69,0.97,94.3,0.99,1873.4,,,0.01,0.01,0.09578,1776183274000
1776183276.12,276.12,0.01,1873.4,,,0.02,87.69,0.03,94.3,0.98,87.69,0.97,94.3,0.99,1873.4,,,0.01,0.01,0.09578,1776183275000
1776183276.592,276.592,0.01,1265.39,,,0.02,5.0,0.03,5.0,0.98,87.69,0.97,94.3,0.99,1873.4,,,0.01,0.01,0.09578,1776183275000
1776183277.162,277.162,0.01,657.37,,,0.02,5.0,0.03,5.0,0.98,5.0,0.97,5.0,0.99,1265.39,,,0.01,0.01,0.09578,1776183275000
1776183277.565,277.565,0.01,657.37,,,0.02,5.0,0.03,5.0,0.98,5.0,0.97,5.0,0.99,657.37,,,0.01,0.01,0.095777,1776183276000
1776183278.241,278.241,0.01,657.37,,,0.02,5.0,0.03,5.0,0.98,5.0,0.97,5.0,0.99,657.37,,,0.01,0.01,0.095781,1776183277000
1776183279.565,279.565,0.01,657.37,,,0.02,5.0,0.03,5.0,0.98,5.0,0.97,5.0,0.99,657.37,,,0.01,0.01,0.095782,1776183278000
1776183280.344,280.344,0.01,657.37,,,0.02,5.0,0.03,5.0,0.98,5.0,0.97,5.0,0.99,657.37,,,0.01,0.01,0.095789,1776183279000
1776183280.795,280.795,0.01,567.37,,,0.02,5.0,0.03,5.0,0.98,5.0,0.97,5.0,0.99,657.37,,,0.01,0.01,0.095789,1776183279000
1776183281.68,281.68,0.01,567.37,,,0.02,5.0,0.03,5.0,0.98,5.0,0.97,5.0,0.99,567.37,,,0.01,0.01,0.095806,1776183280000
1776183282.366,282.366,0.01,567.37,,,0.02,5.0,0.03,5.0,0.98,5.0,0.97,5.0,0.99,567.37,,,0.01,0.01,0.095815,1776183281000
1776183283.088,283.088,0.01,567.37,,,0.02,5.0,0.03,5.0,0.98,5.0,0.97,5.0,0.99,567.37,,,0.01,0.01,0.095815,1776183282000
1776183284.487,284.487,0.01,567.37,,,0.02,5.0,0.03,5.0,0.98,5.0,0.97,5.0,0.99,567.37,,,0.01,0.01,0.095811,1776183283000
1776183285.169,285.169,0.01,491.61,,,0.02,5.0,0.03,5.0,0.98,5.0,0.97,5.0,0.99,532.02,,,0.01,0.01,0.095811,1776183283000
1776183285.518,285.518,0.01,486.61,,,0.02,5.0,0.03,5.0,0.98,5.0,0.97,5.0,0.99,491.61,,,0.01,0.01,0.095811,1776183283000
1776183285.856,285.856,0.01,481.55,,,0.02,5.0,0.03,5.0,0.98,5.0,0.97,5.0,0.99,486.61,,,0.01,0.01,0.095811,1776183283000
1776183287.007,287.007,0.01,481.55,,,0.02,5.0,0.03,5.0,0.98,5.0,0.97,5.0,0.99,481.55,,,0.01,0.01,0.095817,1776183286000
1776183287.959,287.959,0.01,481.55,,,0.02,5.0,0.03,5.0,0.98,5.0,0.97,5.0,0.99,481.55,,,0.01,0.01,0.095817,1776183287000
1776183288.913,288.913,0.01,481.55,,,0.02,5.0,0.03,5.0,0.98,5.0,0.97,5.0,0.99,481.55,,,0.01,0.01,0.095821,1776183288000
1776183290.287,290.287,0.01,481.55,,,0.02,5.0,0.03,5.0,0.98,5.0,0.97,5.0,0.99,481.55,,,0.01,0.01,0.095821,1776183289000
1776183291.125,291.125,0.01,479.52,,,0.02,5.0,0.03,5.0,0.98,5.0,0.97,5.0,0.99,481.55,,,0.01,0.01,0.095821,1776183289000
1776183291.543,291.543,0.01,476.48,,,0.02,5.0,0.03,5.0,0.98,5.0,0.97,5.0,0.99,479.52,,,0.01,0.01,0.095825,1776183290000
1776183292.192,292.192,0.01,476.48,,,0.02,5.0,0.03,5.0,0.98,5.0,0.97,5.0,0.99,476.48,,,0.01,0.01,0.095825,1776183291000
1776183293.139,293.139,0.01,476.48,,,0.02,5.0,0.03,5.0,0.98,5.0,0.97,5.0,0.99,476.48,,,0.01,0.01,0.095824,1776183292000
1776183293.665,293.665,0.01,456.27,,,0.02,5.0,0.03,5.0,0.98,5.0,0.97,5.0,0.99,476.48,,,0.01,0.01,0.095824,1776183292000
1776183294.089,294.089,0.01,456.27,,,0.02,5.0,0.03,5.0,0.98,5.0,0.97,5.0,0.99,456.27,,,0.01,0.01,0.095825,1776183293000
1776183294.943,294.943,0.01,456.27,,,0.02,5.0,0.03,5.0,0.98,5.0,0.97,5.0,0.99,456.27,,,0.01,0.01,0.095825,1776183294000
1776183295.327,295.327,0.01,451.22,,,0.02,5.0,0.03,5.0,0.98,5.0,0.97,5.0,0.99,456.27,,,0.01,0.01,0.095825,1776183294000
1776183295.996,295.996,0.01,446.19,,,0.02,5.0,0.03,5.0,0.98,5.0,0.97,5.0,0.99,446.19,,,0.01,0.01,0.095827,1776183295000
1776183296.448,296.448,0.01,398.58,,,0.02,5.0,0.03,5.0,0.98,5.0,0.97,5.0,0.99,433.58,,,0.01,0.01,0.095827,1776183295000
1776183296.933,296.933,0.01,367.62,,,0.02,5.0,0.03,5.0,0.98,5.0,0.97,5.0,0.99,367.62,,,0.01,0.01,0.095829,1776183296000
1776183297.347,297.347,0.01,334.78,,,0.02,37.0,0.03,5.0,0.98,5.0,0.97,5.0,0.99,363.07,,,0.01,0.01,0.095829,1776183296000
1776183297.576,297.576,0.01,273.37,,,0.02,37.0,0.03,5.0,0.98,37.0,0.97,5.0,0.99,283.37,,,0.01,0.01,0.095829,1776183296000
1776183297.972,297.972,,,,,0.01,311.68,0.02,37.0,0.99,231.68,0.98,37.0,,,,,,,0.095829,1776183296000
1776183298.378,298.378,,,,,0.01,311.68,0.02,37.0,0.99,311.68,0.98,37.0,,,,,,,0.095828,1776183297000
1776183298.986,298.986,,,,,0.01,311.68,0.02,37.0,0.99,311.68,0.98,37.0,,,,,,,0.095827,1776183298000
1776183300.787,300.787,,,,,0.01,311.68,0.02,37.0,0.99,311.68,0.98,37.0,,,,,,,0.095829,1776183299000

# RESULT,winner=Down,slug=doge-updown-5m-1776183000,ticks=362
