timestamp,elapsed_sec,up_bid_p1,up_bid_s1,up_bid_p2,up_bid_s2,up_ask_p1,up_ask_s1,up_ask_p2,up_ask_s2,down_bid_p1,down_bid_s1,down_bid_p2,down_bid_s2,down_ask_p1,down_ask_s1,down_ask_p2,down_ask_s2,up_spread,down_spread,doge_price,doge_oracle_ts
1776208501.134,1.134,,,,,,,,,,,,,,,,,,,0.092883,1776208500000
1776208501.473,1.473,0.33,300.0,0.31,375.0,0.5,5.0,0.67,300.0,0.5,5.0,0.33,300.0,0.67,300.0,0.69,375.0,0.17,0.17,0.092883,1776208500000
1776208501.774,1.774,0.33,300.0,0.31,375.0,0.5,5.0,0.67,300.0,0.5,5.0,0.33,300.0,0.67,300.0,0.69,375.0,0.17,0.17,0.092883,1776208500000
1776208502.655,2.655,0.33,300.0,0.31,375.0,0.5,5.0,0.67,300.0,0.5,5.0,0.33,300.0,0.67,300.0,0.69,375.0,0.17,0.17,0.092883,1776208501000
1776208503.239,3.239,0.33,300.0,0.31,375.0,0.5,5.0,0.67,300.0,0.5,5.0,0.33,300.0,0.67,300.0,0.69,375.0,0.17,0.17,0.092883,1776208502000
1776208505.084,5.084,0.33,300.0,0.31,375.0,0.5,5.0,0.67,300.0,0.5,5.0,0.33,300.0,0.67,300.0,0.69,375.0,0.17,0.17,0.092895,1776208504000
1776208505.989,5.989,0.49,5.0,0.41,50.0,0.63,5.0,0.65,5.0,0.5,5.0,0.33,300.0,0.67,300.0,0.69,375.0,0.14,0.17,0.092895,1776208504000
1776208506.236,6.236,0.49,5.0,0.41,50.0,0.63,5.0,0.65,5.0,0.37,5.0,0.35,5.0,0.51,5.0,0.59,50.0,0.14,0.14,0.092897,1776208505000
1776208507.332,7.332,0.49,5.0,0.41,50.0,0.63,5.0,0.65,5.0,0.37,5.0,0.35,5.0,0.51,5.0,0.59,50.0,0.14,0.14,0.092908,1776208506000
1776208507.976,7.976,0.49,5.0,0.41,50.0,0.63,5.0,0.65,5.0,0.37,5.0,0.35,5.0,0.51,5.0,0.59,50.0,0.14,0.14,0.092913,1776208507000
1776208508.914,8.914,0.49,5.0,0.41,50.0,0.63,5.0,0.65,5.0,0.37,5.0,0.35,5.0,0.51,5.0,0.59,50.0,0.14,0.14,0.092915,1776208508000
1776208510.036,10.036,0.54,5.0,0.5,5.0,0.61,5.0,0.71,50.0,0.39,5.0,0.29,50.0,0.46,5.0,0.5,5.0,0.07,0.07,0.092915,1776208509000
1776208511.078,11.078,0.54,5.0,0.5,5.0,0.61,5.0,0.71,50.0,0.39,5.0,0.29,50.0,0.46,5.0,0.5,5.0,0.07,0.07,0.092898,1776208510000
1776208511.856,11.856,0.39,5.0,0.36,10.0,0.55,27.0,0.61,50.0,0.39,5.0,0.29,50.0,0.46,5.0,0.5,5.0,0.16,0.07,0.092898,1776208510000
1776208513.15,13.15,0.39,5.0,0.36,10.0,0.55,27.0,0.61,50.0,0.45,27.0,0.39,50.0,0.61,5.0,0.64,10.0,0.16,0.16,0.09289,1776208512000
1776208513.425,13.425,0.36,5.0,0.25,10.0,0.37,5.0,0.41,73.0,0.45,27.0,0.39,50.0,0.61,5.0,0.64,10.0,0.01,0.16,0.09289,1776208512000
1776208513.657,13.657,0.25,10.0,0.22,7.0,0.37,31.0,0.41,50.0,0.63,31.0,0.59,50.0,0.64,5.0,0.75,10.0,0.12,0.01,0.09289,1776208512000
1776208514.281,14.281,0.25,10.0,0.22,7.0,0.37,31.0,0.41,50.0,0.63,31.0,0.59,50.0,0.75,10.0,0.78,7.0,0.12,0.12,0.092877,1776208513000
1776208515.243,15.243,0.25,10.0,0.22,7.0,0.37,31.0,0.41,50.0,0.63,31.0,0.59,50.0,0.75,10.0,0.78,7.0,0.12,0.12,0.092834,1776208514000
1776208516.296,16.296,0.25,10.0,0.22,7.0,0.37,31.0,0.41,50.0,0.63,31.0,0.59,50.0,0.75,10.0,0.78,7.0,0.12,0.12,0.09282,1776208515000
1776208517.22,17.22,0.25,10.0,0.22,7.0,0.37,31.0,0.41,50.0,0.63,31.0,0.59,50.0,0.75,10.0,0.78,7.0,0.12,0.12,0.092812,1776208516000
1776208519.58,19.58,0.25,10.0,0.22,7.0,0.37,31.0,0.41,50.0,0.63,31.0,0.59,50.0,0.75,10.0,0.78,7.0,0.12,0.12,0.092809,1776208518000
1776208520.073,20.073,0.25,10.0,0.22,7.0,0.37,31.0,0.41,50.0,0.63,31.0,0.59,50.0,0.75,10.0,0.78,7.0,0.12,0.12,0.092809,1776208519000
1776208521.259,21.259,0.25,10.0,0.22,7.0,0.37,31.0,0.41,50.0,0.63,31.0,0.59,50.0,0.75,10.0,0.78,7.0,0.12,0.12,0.092809,1776208520000
1776208522.361,22.361,0.25,10.0,0.22,7.0,0.37,31.0,0.41,50.0,0.63,31.0,0.59,50.0,0.75,10.0,0.78,7.0,0.12,0.12,0.092809,1776208521000
1776208522.853,22.853,0.25,10.0,0.22,7.0,0.37,31.0,0.41,50.0,0.63,31.0,0.59,50.0,0.75,10.0,0.78,7.0,0.12,0.12,0.092809,1776208522000
1776208523.433,23.433,0.19,5.0,0.18,5.0,0.34,8.67,0.35,10.0,0.63,31.0,0.59,50.0,0.75,10.0,0.78,7.0,0.15,0.12,0.092809,1776208522000
1776208523.965,23.965,0.19,5.0,0.18,5.0,0.34,8.67,0.35,10.0,0.66,8.67,0.65,10.0,0.81,5.0,0.82,5.0,0.15,0.15,0.092809,1776208523000
1776208524.966,24.966,0.19,5.0,0.18,5.0,0.34,8.67,0.35,10.0,0.66,8.67,0.65,10.0,0.81,5.0,0.82,5.0,0.15,0.15,0.092809,1776208524000
1776208525.96,25.96,0.19,5.0,0.18,5.0,0.34,8.67,0.35,10.0,0.66,8.67,0.65,10.0,0.81,5.0,0.82,5.0,0.15,0.15,0.092809,1776208525000
1776208526.918,26.918,0.19,5.0,0.18,5.0,0.34,8.67,0.35,10.0,0.66,8.67,0.65,10.0,0.81,5.0,0.82,5.0,0.15,0.15,0.092809,1776208526000
1776208528.114,28.114,0.19,5.0,0.18,5.0,0.34,8.67,0.35,10.0,0.66,8.67,0.65,10.0,0.81,5.0,0.82,5.0,0.15,0.15,0.092809,1776208527000
1776208529.125,29.125,0.19,5.0,0.18,5.0,0.34,8.67,0.35,10.0,0.66,8.67,0.65,10.0,0.81,5.0,0.82,5.0,0.15,0.15,0.092809,1776208528000
1776208530.237,30.237,0.19,5.0,0.18,5.0,0.34,8.67,0.35,10.0,0.66,8.67,0.65,10.0,0.81,5.0,0.82,5.0,0.15,0.15,0.092809,1776208529000
1776208531.451,31.451,0.19,5.0,0.18,5.0,0.34,8.67,0.35,10.0,0.66,8.67,0.65,10.0,0.81,5.0,0.82,5.0,0.15,0.15,0.092834,1776208530000
1776208532.396,32.396,0.19,5.0,0.18,5.0,0.34,8.67,0.35,10.0,0.66,8.67,0.65,10.0,0.81,5.0,0.82,5.0,0.15,0.15,0.09286,1776208531000
1776208533.274,33.274,0.19,5.0,0.18,5.0,0.34,8.67,0.35,10.0,0.66,8.67,0.65,10.0,0.81,5.0,0.82,5.0,0.15,0.15,0.092866,1776208532000
1776208534.226,34.226,0.19,5.0,0.18,5.0,0.34,8.67,0.35,10.0,0.66,8.67,0.65,10.0,0.81,5.0,0.82,5.0,0.15,0.15,0.092869,1776208533000
1776208535.338,35.338,0.19,5.0,0.18,5.0,0.34,8.67,0.35,10.0,0.66,8.67,0.65,10.0,0.81,5.0,0.82,5.0,0.15,0.15,0.09287,1776208534000
1776208535.986,35.986,0.19,5.0,0.18,5.0,0.34,8.67,0.35,10.0,0.66,8.67,0.65,10.0,0.81,5.0,0.82,5.0,0.15,0.15,0.09287,1776208535000
1776208537.005,37.005,0.19,5.0,0.18,5.0,0.34,8.67,0.35,10.0,0.66,8.67,0.65,10.0,0.81,5.0,0.82,5.0,0.15,0.15,0.09287,1776208536000
1776208537.999,37.999,0.19,5.0,0.18,5.0,0.34,8.67,0.35,10.0,0.66,8.67,0.65,10.0,0.81,5.0,0.82,5.0,0.15,0.15,0.09287,1776208537000
1776208539.249,39.249,0.19,5.0,0.18,5.0,0.34,8.67,0.35,10.0,0.66,8.67,0.65,10.0,0.81,5.0,0.82,5.0,0.15,0.15,0.092884,1776208538000
1776208540.263,40.263,0.19,5.0,0.18,5.0,0.34,8.67,0.35,10.0,0.66,8.67,0.65,10.0,0.81,5.0,0.82,5.0,0.15,0.15,0.092885,1776208539000
1776208541.365,41.365,0.19,5.0,0.18,5.0,0.34,8.67,0.35,10.0,0.66,8.67,0.65,10.0,0.81,5.0,0.82,5.0,0.15,0.15,0.092885,1776208540000
1776208542.362,42.362,0.19,5.0,0.18,5.0,0.34,8.67,0.35,10.0,0.66,8.67,0.65,10.0,0.81,5.0,0.82,5.0,0.15,0.15,0.092885,1776208541000
1776208542.924,42.924,0.19,5.0,0.18,5.0,0.34,8.67,0.35,10.0,0.66,8.67,0.65,10.0,0.81,5.0,0.82,5.0,0.15,0.15,0.092885,1776208542000
1776208543.994,43.994,0.19,5.0,0.18,5.0,0.34,8.67,0.35,10.0,0.66,8.67,0.65,10.0,0.81,5.0,0.82,5.0,0.15,0.15,0.092885,1776208543000
1776208545.054,45.054,0.19,5.0,0.18,5.0,0.34,8.67,0.35,10.0,0.66,8.67,0.65,10.0,0.81,5.0,0.82,5.0,0.15,0.15,0.092888,1776208544000
1776208546.093,46.093,0.19,5.0,0.18,5.0,0.34,8.67,0.35,10.0,0.66,8.67,0.65,10.0,0.81,5.0,0.82,5.0,0.15,0.15,0.092889,1776208545000
1776208547.208,47.208,0.19,5.0,0.18,5.0,0.34,8.67,0.35,10.0,0.66,8.67,0.65,10.0,0.81,5.0,0.82,5.0,0.15,0.15,0.09289,1776208546000
1776208548.383,48.383,0.19,5.0,0.18,5.0,0.34,8.67,0.35,10.0,0.66,8.67,0.65,10.0,0.81,5.0,0.82,5.0,0.15,0.15,0.092886,1776208547000
1776208548.864,48.864,0.19,5.0,0.18,5.0,0.34,8.67,0.35,10.0,0.66,8.67,0.65,10.0,0.81,5.0,0.82,5.0,0.15,0.15,0.092886,1776208548000
1776208549.994,49.994,0.19,5.0,0.18,5.0,0.34,8.67,0.35,10.0,0.66,8.67,0.65,10.0,0.81,5.0,0.82,5.0,0.15,0.15,0.092883,1776208549000
1776208550.99,50.99,0.19,5.0,0.18,5.0,0.34,8.67,0.35,10.0,0.66,8.67,0.65,10.0,0.81,5.0,0.82,5.0,0.15,0.15,0.092872,1776208550000
1776208552.114,52.114,0.19,5.0,0.18,5.0,0.34,8.67,0.35,10.0,0.66,8.67,0.65,10.0,0.81,5.0,0.82,5.0,0.15,0.15,0.092868,1776208551000
1776208553.21,53.21,0.19,5.0,0.18,5.0,0.34,8.67,0.35,10.0,0.66,8.67,0.65,10.0,0.81,5.0,0.82,5.0,0.15,0.15,0.092867,1776208552000
1776208554.307,54.307,0.19,5.0,0.18,5.0,0.34,8.67,0.35,10.0,0.66,8.67,0.65,10.0,0.81,5.0,0.82,5.0,0.15,0.15,0.092867,1776208553000
1776208555.298,55.298,0.19,5.0,0.18,5.0,0.34,8.67,0.35,10.0,0.66,8.67,0.65,10.0,0.81,5.0,0.82,5.0,0.15,0.15,0.092867,1776208554000
1776208555.939,55.939,0.19,5.0,0.18,5.0,0.34,8.67,0.35,10.0,0.66,8.67,0.65,10.0,0.81,5.0,0.82,5.0,0.15,0.15,0.092867,1776208555000
1776208556.975,56.975,0.19,5.0,0.18,5.0,0.34,8.67,0.35,10.0,0.66,8.67,0.65,10.0,0.81,5.0,0.82,5.0,0.15,0.15,0.092865,1776208556000
1776208557.863,57.863,0.19,5.0,0.18,5.0,0.34,8.67,0.35,10.0,0.66,8.67,0.65,10.0,0.81,5.0,0.82,5.0,0.15,0.15,0.092867,1776208557000
1776208558.982,58.982,0.19,5.0,0.18,5.0,0.34,8.67,0.35,10.0,0.66,8.67,0.65,10.0,0.81,5.0,0.82,5.0,0.15,0.15,0.092869,1776208558000
1776208560.013,60.013,0.19,5.0,0.18,5.0,0.34,8.67,0.35,10.0,0.66,8.67,0.65,10.0,0.81,5.0,0.82,5.0,0.15,0.15,0.092864,1776208559000
1776208561.279,61.279,0.19,5.0,0.18,5.0,0.34,8.67,0.35,10.0,0.66,8.67,0.65,10.0,0.81,5.0,0.82,5.0,0.15,0.15,0.092857,1776208560000
1776208562.024,62.024,0.19,5.0,0.18,5.0,0.34,8.67,0.35,10.0,0.66,8.67,0.65,10.0,0.81,5.0,0.82,5.0,0.15,0.15,0.092855,1776208561000
1776208563.272,63.272,0.19,5.0,0.18,5.0,0.34,8.67,0.35,10.0,0.66,8.67,0.65,10.0,0.81,5.0,0.82,5.0,0.15,0.15,0.092852,1776208562000
1776208564.519,64.519,0.19,5.0,0.18,5.0,0.34,8.67,0.35,10.0,0.66,8.67,0.65,10.0,0.81,5.0,0.82,5.0,0.15,0.15,0.092854,1776208563000
1776208565.058,65.058,0.19,5.0,0.18,5.0,0.34,8.67,0.35,10.0,0.66,8.67,0.65,10.0,0.81,5.0,0.82,5.0,0.15,0.15,0.092854,1776208564000
1776208566.286,66.286,0.19,5.0,0.18,5.0,0.34,8.67,0.35,10.0,0.66,8.67,0.65,10.0,0.81,5.0,0.82,5.0,0.15,0.15,0.09285,1776208565000
1776208567.487,67.487,0.19,5.0,0.18,5.0,0.34,8.67,0.35,10.0,0.66,8.67,0.65,10.0,0.81,5.0,0.82,5.0,0.15,0.15,0.09285,1776208566000
1776208568.0,68.0,0.19,5.0,0.18,5.0,0.34,8.67,0.35,10.0,0.66,8.67,0.65,10.0,0.81,5.0,0.82,5.0,0.15,0.15,0.09285,1776208567000
1776208568.401,68.401,0.32,7.56,0.31,12.2,0.43,10.0,0.44,10.0,0.66,8.67,0.65,10.0,0.81,5.0,0.82,5.0,0.11,0.15,0.09285,1776208567000
1776208569.126,69.126,0.32,7.56,0.31,12.2,0.43,10.0,0.44,10.0,0.57,10.0,0.56,10.0,0.68,7.56,0.69,12.2,0.11,0.11,0.092849,1776208568000
1776208570.278,70.278,0.32,7.56,0.31,12.2,0.43,10.0,0.44,10.0,0.57,10.0,0.56,10.0,0.68,7.56,0.69,12.2,0.11,0.11,0.092849,1776208569000
1776208571.316,71.316,0.32,7.56,0.31,12.2,0.43,10.0,0.44,10.0,0.57,10.0,0.56,10.0,0.68,7.56,0.69,12.2,0.11,0.11,0.09285,1776208570000
1776208571.949,71.949,0.32,7.56,0.31,12.2,0.43,10.0,0.44,10.0,0.57,10.0,0.56,10.0,0.68,7.56,0.69,12.2,0.11,0.11,0.09285,1776208571000
1776208572.969,72.969,0.32,7.56,0.31,12.2,0.43,10.0,0.44,10.0,0.57,10.0,0.56,10.0,0.68,7.56,0.69,12.2,0.11,0.11,0.09285,1776208572000
1776208574.085,74.085,0.32,7.56,0.31,12.2,0.43,10.0,0.44,10.0,0.57,10.0,0.56,10.0,0.68,7.56,0.69,12.2,0.11,0.11,0.09285,1776208573000
1776208575.203,75.203,0.32,7.56,0.31,12.2,0.43,10.0,0.44,10.0,0.57,10.0,0.56,10.0,0.68,7.56,0.69,12.2,0.11,0.11,0.09285,1776208574000
1776208576.289,76.289,0.32,7.56,0.31,12.2,0.43,10.0,0.44,10.0,0.57,10.0,0.56,10.0,0.68,7.56,0.69,12.2,0.11,0.11,0.09285,1776208575000
1776208577.345,77.345,0.32,7.56,0.31,12.2,0.43,10.0,0.44,10.0,0.57,10.0,0.56,10.0,0.68,7.56,0.69,12.2,0.11,0.11,0.092855,1776208576000
1776208578.297,78.297,0.32,7.56,0.31,12.2,0.43,10.0,0.44,10.0,0.57,10.0,0.56,10.0,0.68,7.56,0.69,12.2,0.11,0.11,0.092868,1776208577000
1776208579.205,79.205,0.32,7.56,0.31,12.2,0.43,10.0,0.44,10.0,0.57,10.0,0.56,10.0,0.68,7.56,0.69,12.2,0.11,0.11,0.092871,1776208578000
1776208580.246,80.246,0.32,7.56,0.31,12.2,0.43,10.0,0.44,10.0,0.57,10.0,0.56,10.0,0.68,7.56,0.69,12.2,0.11,0.11,0.09287,1776208579000
1776208581.192,81.192,0.32,7.56,0.31,12.2,0.43,10.0,0.44,10.0,0.57,10.0,0.56,10.0,0.68,7.56,0.69,12.2,0.11,0.11,0.09287,1776208580000
1776208582.143,82.143,0.32,7.56,0.31,12.2,0.43,10.0,0.44,10.0,0.57,10.0,0.56,10.0,0.68,7.56,0.69,12.2,0.11,0.11,0.092871,1776208581000
1776208583.173,83.173,0.32,7.56,0.31,12.2,0.43,10.0,0.44,10.0,0.57,10.0,0.56,10.0,0.68,7.56,0.69,12.2,0.11,0.11,0.092871,1776208582000
1776208584.156,84.156,0.32,7.56,0.31,12.2,0.43,10.0,0.44,10.0,0.57,10.0,0.56,10.0,0.68,7.56,0.69,12.2,0.11,0.11,0.092871,1776208583000
1776208585.077,85.077,0.32,7.56,0.31,12.2,0.43,10.0,0.44,10.0,0.57,10.0,0.56,10.0,0.68,7.56,0.69,12.2,0.11,0.11,0.092871,1776208584000
1776208586.249,86.249,0.32,7.56,0.31,12.2,0.43,10.0,0.44,10.0,0.57,10.0,0.56,10.0,0.68,7.56,0.69,12.2,0.11,0.11,0.092871,1776208585000
1776208587.267,87.267,0.32,7.56,0.31,12.2,0.43,10.0,0.44,10.0,0.57,10.0,0.56,10.0,0.68,7.56,0.69,12.2,0.11,0.11,0.092871,1776208586000
1776208588.217,88.217,0.32,7.56,0.31,12.2,0.43,10.0,0.44,10.0,0.57,10.0,0.56,10.0,0.68,7.56,0.69,12.2,0.11,0.11,0.092871,1776208587000
1776208589.052,89.052,0.32,7.56,0.31,12.2,0.43,10.0,0.44,10.0,0.57,10.0,0.56,10.0,0.68,7.56,0.69,12.2,0.11,0.11,0.09287,1776208588000
1776208590.146,90.146,0.32,7.56,0.31,12.2,0.43,10.0,0.44,10.0,0.57,10.0,0.56,10.0,0.68,7.56,0.69,12.2,0.11,0.11,0.092871,1776208589000
1776208591.197,91.197,0.32,7.56,0.31,12.2,0.43,10.0,0.44,10.0,0.57,10.0,0.56,10.0,0.68,7.56,0.69,12.2,0.11,0.11,0.092871,1776208590000
1776208592.316,92.316,0.32,7.56,0.31,12.2,0.43,10.0,0.44,10.0,0.57,10.0,0.56,10.0,0.68,7.56,0.69,12.2,0.11,0.11,0.092873,1776208591000
1776208593.45,93.45,0.32,7.56,0.31,12.2,0.43,10.0,0.44,10.0,0.57,10.0,0.56,10.0,0.68,7.56,0.69,12.2,0.11,0.11,0.092874,1776208592000
1776208594.049,94.049,0.32,7.56,0.31,12.2,0.43,10.0,0.44,10.0,0.57,10.0,0.56,10.0,0.68,7.56,0.69,12.2,0.11,0.11,0.092875,1776208593000
1776208594.344,94.344,0.5,5.0,0.47,10.0,0.65,11.4,0.66,11.6,0.57,10.0,0.56,10.0,0.68,7.56,0.69,12.2,0.15,0.11,0.092875,1776208593000
1776208594.691,94.691,0.51,5.0,0.5,5.0,0.65,8.63,0.66,11.6,0.35,11.4,0.34,11.6,0.5,5.0,0.53,10.0,0.14,0.15,0.092875,1776208593000
1776208595.088,95.088,0.51,5.0,0.5,5.0,0.65,8.63,0.66,11.6,0.35,8.63,0.34,11.6,0.49,5.0,0.5,5.0,0.14,0.14,0.092899,1776208594000
1776208596.29,96.29,0.51,5.0,0.5,5.0,0.65,8.63,0.66,11.6,0.35,8.63,0.34,11.6,0.49,5.0,0.5,5.0,0.14,0.14,0.092904,1776208595000
1776208597.465,97.465,0.51,5.0,0.5,5.0,0.65,8.63,0.66,11.6,0.35,8.63,0.34,11.6,0.49,5.0,0.5,5.0,0.14,0.14,0.092907,1776208596000
1776208598.027,98.027,0.51,5.0,0.5,5.0,0.65,8.63,0.66,11.6,0.35,8.63,0.34,11.6,0.49,5.0,0.5,5.0,0.14,0.14,0.092903,1776208597000
1776208599.083,99.083,0.51,5.0,0.5,5.0,0.65,8.63,0.66,11.6,0.35,8.63,0.34,11.6,0.49,5.0,0.5,5.0,0.14,0.14,0.092901,1776208598000
1776208600.326,100.326,0.51,5.0,0.5,5.0,0.65,8.63,0.66,11.6,0.35,8.63,0.34,11.6,0.49,5.0,0.5,5.0,0.14,0.14,0.092901,1776208599000
1776208601.284,101.284,0.51,5.0,0.5,5.0,0.65,8.63,0.66,11.6,0.35,8.63,0.34,11.6,0.49,5.0,0.5,5.0,0.14,0.14,0.092901,1776208600000
1776208602.355,102.355,0.51,5.0,0.5,5.0,0.65,8.63,0.66,11.6,0.35,8.63,0.34,11.6,0.49,5.0,0.5,5.0,0.14,0.14,0.092902,1776208601000
1776208604.004,104.004,0.51,5.0,0.5,5.0,0.65,8.63,0.66,11.6,0.35,8.63,0.34,11.6,0.49,5.0,0.5,5.0,0.14,0.14,0.092902,1776208602000
1776208605.168,105.168,0.51,5.0,0.5,5.0,0.65,8.63,0.66,11.6,0.35,8.63,0.34,11.6,0.49,5.0,0.5,5.0,0.14,0.14,0.092902,1776208603000
1776208606.079,106.079,0.51,5.0,0.5,5.0,0.65,8.63,0.66,11.6,0.35,8.63,0.34,11.6,0.49,5.0,0.5,5.0,0.14,0.14,0.092902,1776208604000
1776208606.975,106.975,0.51,5.0,0.5,5.0,0.65,8.63,0.66,11.6,0.35,8.63,0.34,11.6,0.49,5.0,0.5,5.0,0.14,0.14,0.092902,1776208605000
1776208607.722,107.722,0.51,5.0,0.5,5.0,0.65,8.63,0.66,11.6,0.35,8.63,0.34,11.6,0.49,5.0,0.5,5.0,0.14,0.14,0.092902,1776208606000
1776208608.329,108.329,0.51,5.0,0.5,5.0,0.65,8.63,0.66,11.6,0.35,8.63,0.34,11.6,0.49,5.0,0.5,5.0,0.14,0.14,0.092903,1776208607000
1776208609.113,109.113,0.51,5.0,0.5,5.0,0.65,8.63,0.66,11.6,0.35,8.63,0.34,11.6,0.49,5.0,0.5,5.0,0.14,0.14,0.092903,1776208608000
1776208610.344,110.344,0.51,5.0,0.5,5.0,0.65,8.63,0.66,11.6,0.35,8.63,0.34,11.6,0.49,5.0,0.5,5.0,0.14,0.14,0.092901,1776208609000
1776208611.345,111.345,0.51,5.0,0.5,5.0,0.65,8.63,0.66,11.6,0.35,8.63,0.34,11.6,0.49,5.0,0.5,5.0,0.14,0.14,0.092901,1776208610000
1776208612.79,112.79,0.51,5.0,0.5,5.0,0.65,8.63,0.66,11.6,0.35,8.63,0.34,11.6,0.49,5.0,0.5,5.0,0.14,0.14,0.092901,1776208611000
1776208613.331,113.331,0.51,5.0,0.5,5.0,0.65,8.63,0.66,11.6,0.35,8.63,0.34,11.6,0.49,5.0,0.5,5.0,0.14,0.14,0.0929,1776208612000
1776208613.943,113.943,0.51,5.0,0.5,5.0,0.65,8.63,0.66,11.6,0.35,8.63,0.34,11.6,0.49,5.0,0.5,5.0,0.14,0.14,0.0929,1776208613000
1776208615.265,115.265,0.51,5.0,0.5,5.0,0.65,8.63,0.66,11.6,0.35,8.63,0.34,11.6,0.49,5.0,0.5,5.0,0.14,0.14,0.092901,1776208614000
1776208616.601,116.601,0.51,5.0,0.5,5.0,0.65,8.63,0.66,11.6,0.35,8.63,0.34,11.6,0.49,5.0,0.5,5.0,0.14,0.14,0.092902,1776208615000
1776208617.134,117.134,0.51,5.0,0.5,5.0,0.65,8.63,0.66,11.6,0.35,8.63,0.34,11.6,0.49,5.0,0.5,5.0,0.14,0.14,0.092903,1776208616000
1776208618.427,118.427,0.51,5.0,0.5,5.0,0.65,8.63,0.66,11.6,0.35,8.63,0.34,11.6,0.49,5.0,0.5,5.0,0.14,0.14,0.092903,1776208617000
1776208618.992,118.992,0.51,5.0,0.5,5.0,0.65,8.63,0.66,11.6,0.35,8.63,0.34,11.6,0.49,5.0,0.5,5.0,0.14,0.14,0.092903,1776208618000
1776208620.27,120.27,0.51,5.0,0.5,5.0,0.65,8.63,0.66,11.6,0.35,8.63,0.34,11.6,0.49,5.0,0.5,5.0,0.14,0.14,0.092903,1776208619000
1776208621.906,121.906,0.51,5.0,0.5,5.0,0.65,8.63,0.66,11.6,0.35,8.63,0.34,11.6,0.49,5.0,0.5,5.0,0.14,0.14,0.092903,1776208620000
1776208622.491,122.491,0.51,5.0,0.5,5.0,0.65,8.63,0.66,11.6,0.35,8.63,0.34,11.6,0.49,5.0,0.5,5.0,0.14,0.14,0.092902,1776208621000
1776208622.986,122.986,0.51,5.0,0.5,5.0,0.65,8.63,0.66,11.6,0.35,8.63,0.34,11.6,0.49,5.0,0.5,5.0,0.14,0.14,0.092902,1776208622000
1776208623.963,123.963,0.51,5.0,0.5,5.0,0.65,8.63,0.66,11.6,0.35,8.63,0.34,11.6,0.49,5.0,0.5,5.0,0.14,0.14,0.092904,1776208623000
1776208625.042,125.042,0.51,5.0,0.5,5.0,0.65,8.63,0.66,11.6,0.35,8.63,0.34,11.6,0.49,5.0,0.5,5.0,0.14,0.14,0.092902,1776208624000
1776208626.036,126.036,0.51,5.0,0.5,5.0,0.65,8.63,0.66,11.6,0.35,8.63,0.34,11.6,0.49,5.0,0.5,5.0,0.14,0.14,0.092902,1776208625000
1776208627.042,127.042,0.51,5.0,0.5,5.0,0.65,8.63,0.66,11.6,0.35,8.63,0.34,11.6,0.49,5.0,0.5,5.0,0.14,0.14,0.092902,1776208626000
1776208628.06,128.06,0.51,5.0,0.5,5.0,0.65,8.63,0.66,11.6,0.35,8.63,0.34,11.6,0.49,5.0,0.5,5.0,0.14,0.14,0.092911,1776208627000
1776208629.006,129.006,0.51,5.0,0.5,5.0,0.65,8.63,0.66,11.6,0.35,8.63,0.34,11.6,0.49,5.0,0.5,5.0,0.14,0.14,0.092919,1776208628000
1776208630.156,130.156,0.51,5.0,0.5,5.0,0.65,8.63,0.66,11.6,0.35,8.63,0.34,11.6,0.49,5.0,0.5,5.0,0.14,0.14,0.092922,1776208629000
1776208631.152,131.152,0.51,5.0,0.5,5.0,0.65,8.63,0.66,11.6,0.35,8.63,0.34,11.6,0.49,5.0,0.5,5.0,0.14,0.14,0.092922,1776208630000
1776208632.141,132.141,0.51,5.0,0.5,5.0,0.65,8.63,0.66,11.6,0.35,8.63,0.34,11.6,0.49,5.0,0.5,5.0,0.14,0.14,0.092934,1776208631000
1776208633.076,133.076,0.51,5.0,0.5,5.0,0.65,8.63,0.66,11.6,0.35,8.63,0.34,11.6,0.49,5.0,0.5,5.0,0.14,0.14,0.092949,1776208632000
1776208634.113,134.113,0.51,5.0,0.5,5.0,0.65,8.63,0.66,11.6,0.35,8.63,0.34,11.6,0.49,5.0,0.5,5.0,0.14,0.14,0.092942,1776208633000
1776208634.95,134.95,0.51,5.0,0.5,5.0,0.65,8.63,0.66,11.6,0.35,8.63,0.34,11.6,0.49,5.0,0.5,5.0,0.14,0.14,0.092934,1776208634000
1776208635.294,135.294,0.71,17.0,0.67,5.0,0.79,15.2,0.8,16.2,0.35,8.63,0.34,11.6,0.49,5.0,0.5,5.0,0.08,0.14,0.092934,1776208634000
1776208635.95,135.95,0.71,17.0,0.67,5.0,0.79,15.2,0.8,16.2,0.21,15.2,0.2,16.2,0.29,17.0,0.33,5.0,0.08,0.08,0.092934,1776208635000
1776208636.984,136.984,0.71,17.0,0.67,5.0,0.79,15.2,0.8,16.2,0.21,15.2,0.2,16.2,0.29,17.0,0.33,5.0,0.08,0.08,0.092934,1776208636000
1776208637.984,137.984,0.71,17.0,0.67,5.0,0.79,15.2,0.8,16.2,0.21,15.2,0.2,16.2,0.29,17.0,0.33,5.0,0.08,0.08,0.092935,1776208637000
1776208638.967,138.967,0.71,17.0,0.67,5.0,0.79,15.2,0.8,16.2,0.21,15.2,0.2,16.2,0.29,17.0,0.33,5.0,0.08,0.08,0.092936,1776208638000
1776208639.883,139.883,0.71,17.0,0.67,5.0,0.79,15.2,0.8,16.2,0.21,15.2,0.2,16.2,0.29,17.0,0.33,5.0,0.08,0.08,0.092936,1776208639000
1776208640.857,140.857,0.71,17.0,0.67,5.0,0.79,15.2,0.8,16.2,0.21,15.2,0.2,16.2,0.29,17.0,0.33,5.0,0.08,0.08,0.092937,1776208640000
1776208641.587,141.587,0.71,10.37,0.67,5.0,0.79,15.2,0.8,16.2,0.21,15.2,0.2,16.2,0.29,17.0,0.33,5.0,0.08,0.08,0.092937,1776208640000
1776208641.825,141.825,0.67,5.0,0.66,5.0,0.71,6.63,0.79,15.2,0.29,6.63,0.21,15.2,0.33,5.0,0.34,5.0,0.04,0.04,0.092937,1776208641000
1776208643.258,143.258,0.67,5.0,0.66,5.0,0.71,6.63,0.79,15.2,0.29,6.63,0.21,15.2,0.33,5.0,0.34,5.0,0.04,0.04,0.092935,1776208642000
1776208644.228,144.228,0.67,5.0,0.66,5.0,0.71,6.63,0.79,15.2,0.29,6.63,0.21,15.2,0.33,5.0,0.34,5.0,0.04,0.04,0.092935,1776208643000
1776208645.304,145.304,0.67,5.0,0.66,5.0,0.71,6.63,0.79,15.2,0.29,6.63,0.21,15.2,0.33,5.0,0.34,5.0,0.04,0.04,0.092935,1776208644000
1776208646.172,146.172,0.67,5.0,0.66,5.0,0.71,6.63,0.79,15.2,0.29,6.63,0.21,15.2,0.33,5.0,0.34,5.0,0.04,0.04,0.092934,1776208645000
1776208647.649,147.649,0.67,5.0,0.66,5.0,0.71,6.63,0.79,15.2,0.29,6.63,0.21,15.2,0.33,5.0,0.34,5.0,0.04,0.04,0.092934,1776208646000
1776208648.249,148.249,0.67,5.0,0.66,5.0,0.71,6.63,0.79,15.2,0.29,6.63,0.21,15.2,0.33,5.0,0.34,5.0,0.04,0.04,0.092934,1776208647000
1776208649.798,149.798,0.7,15.0,0.66,11.6,0.71,1.63,0.83,18.39,0.29,6.63,0.21,15.2,0.33,5.0,0.34,5.0,0.01,0.04,0.092934,1776208647000
1776208650.31,150.31,0.7,15.0,0.67,11.8,0.83,18.39,0.84,19.3,0.29,1.63,0.17,18.39,0.3,15.0,0.34,11.6,0.13,0.01,0.092935,1776208649000
1776208651.423,151.423,0.7,15.0,0.67,11.8,0.83,18.39,0.84,19.3,0.17,18.39,0.16,19.3,0.3,15.0,0.33,11.8,0.13,0.13,0.092942,1776208650000
1776208652.066,152.066,0.7,15.0,0.67,11.8,0.83,18.39,0.84,19.3,0.17,18.39,0.16,19.3,0.3,15.0,0.33,11.8,0.13,0.13,0.092947,1776208651000
1776208653.274,153.274,0.7,15.0,0.67,11.8,0.83,18.39,0.84,19.3,0.17,18.39,0.16,19.3,0.3,15.0,0.33,11.8,0.13,0.13,0.092963,1776208652000
1776208654.514,154.514,0.7,15.0,0.67,11.8,0.83,18.39,0.84,19.3,0.17,18.39,0.16,19.3,0.3,15.0,0.33,11.8,0.13,0.13,0.09297,1776208653000
1776208655.323,155.323,0.7,15.0,0.67,11.8,0.83,18.39,0.84,19.3,0.17,18.39,0.16,19.3,0.3,15.0,0.33,11.8,0.13,0.13,0.092972,1776208654000
1776208655.979,155.979,0.7,15.0,0.67,11.8,0.83,18.39,0.84,19.3,0.17,18.39,0.16,19.3,0.3,15.0,0.33,11.8,0.13,0.13,0.092972,1776208655000
1776208657.273,157.273,0.7,15.0,0.67,11.8,0.83,18.39,0.84,19.3,0.17,18.39,0.16,19.3,0.3,15.0,0.33,11.8,0.13,0.13,0.092988,1776208656000
1776208658.521,158.521,0.7,15.0,0.67,11.8,0.83,18.39,0.84,19.3,0.17,18.39,0.16,19.3,0.3,15.0,0.33,11.8,0.13,0.13,0.09299,1776208657000
1776208659.313,159.313,0.88,5.0,0.87,5.0,0.92,34.2,0.93,39.9,0.08,34.2,0.07,39.9,0.12,5.0,0.13,5.0,0.04,0.04,0.09299,1776208658000
1776208659.651,159.651,0.88,5.0,0.87,5.0,0.92,29.2,0.93,39.9,0.08,34.2,0.07,39.9,0.12,5.0,0.13,5.0,0.04,0.04,0.09299,1776208658000
1776208660.523,160.523,0.88,5.0,0.87,5.0,0.92,29.2,0.93,39.9,0.08,29.2,0.07,39.9,0.12,5.0,0.13,5.0,0.04,0.04,0.092993,1776208659000
1776208660.766,160.766,0.84,35.06,0.83,18.39,0.93,39.9,0.94,46.1,0.08,29.2,0.07,39.9,0.12,5.0,0.13,5.0,0.09,0.04,0.092993,1776208659000
1776208661.212,161.212,0.84,35.06,0.83,18.39,0.93,39.9,0.94,46.1,0.07,39.9,0.06,46.1,0.16,35.06,0.17,18.39,0.09,0.09,0.092996,1776208660000
1776208662.075,162.075,0.86,29.1,0.84,19.3,0.95,54.7,0.96,72.7,0.07,39.9,0.06,46.1,0.16,35.06,0.17,18.39,0.09,0.09,0.092996,1776208660000
1776208662.447,162.447,0.86,29.1,0.84,19.3,0.95,54.7,0.96,72.7,0.05,54.7,0.04,72.7,0.14,29.1,0.16,19.3,0.09,0.09,0.093001,1776208661000
1776208663.039,163.039,0.86,29.1,0.84,19.3,0.95,54.7,0.96,72.7,0.05,54.7,0.04,72.7,0.14,29.1,0.16,19.3,0.09,0.09,0.093005,1776208662000
1776208665.587,165.587,0.86,29.1,0.84,19.3,0.95,54.7,0.96,72.7,0.05,54.7,0.04,72.7,0.14,29.1,0.16,19.3,0.09,0.09,0.093011,1776208664000
1776208666.232,166.232,0.86,29.1,0.84,19.3,0.95,54.7,0.96,72.7,0.05,54.7,0.04,72.7,0.14,29.1,0.16,19.3,0.09,0.09,0.093012,1776208665000
1776208666.53,166.53,0.92,5.0,0.89,31.6,0.96,71.65,0.97,123.98,0.05,54.7,0.04,72.7,0.14,29.1,0.16,19.3,0.04,0.09,0.093012,1776208665000
1776208667.227,167.227,0.92,5.0,0.89,31.6,0.96,71.65,0.97,123.98,0.04,71.65,0.03,123.98,0.08,5.0,0.11,31.6,0.04,0.04,0.093021,1776208666000
1776208668.61,168.61,0.91,30.84,0.9,33.9,0.96,3.95,0.97,123.98,0.04,71.65,0.03,123.98,0.08,5.0,0.11,31.6,0.05,0.04,0.093021,1776208666000
1776208669.491,169.491,0.93,5.0,0.91,30.84,0.97,107.93,0.98,147.69,0.03,107.93,0.02,147.69,0.07,5.0,0.09,30.84,0.04,0.04,0.093022,1776208668000
1776208670.027,170.027,0.93,5.0,0.91,30.84,0.97,107.93,0.98,147.69,0.03,107.93,0.02,147.69,0.07,5.0,0.09,30.84,0.04,0.04,0.093028,1776208669000
1776208671.29,171.29,0.93,5.0,0.91,30.84,0.97,107.93,0.98,147.69,0.03,107.93,0.02,147.69,0.07,5.0,0.09,30.84,0.04,0.04,0.093031,1776208670000
1776208672.315,172.315,0.93,5.0,0.91,30.84,0.97,107.93,0.98,147.69,0.03,107.93,0.02,147.69,0.07,5.0,0.09,30.84,0.04,0.04,0.093029,1776208671000
1776208674.919,174.919,0.93,5.0,0.91,30.84,0.97,101.74,0.98,147.69,0.03,107.93,0.02,147.69,0.07,5.0,0.09,30.84,0.04,0.04,0.093029,1776208671000
1776208675.319,175.319,0.93,5.0,0.91,30.84,0.97,95.56,0.98,147.69,0.03,101.74,0.02,147.69,0.07,5.0,0.09,30.84,0.04,0.04,0.093029,1776208671000
1776208676.752,176.752,0.93,5.0,0.91,30.84,0.97,95.56,0.98,147.69,0.03,95.56,0.02,147.69,0.07,5.0,0.09,30.84,0.04,0.04,0.093029,1776208675000
1776208677.289,177.289,0.93,5.0,0.91,30.84,0.97,95.56,0.98,147.69,0.03,95.56,0.02,147.69,0.07,5.0,0.09,30.84,0.04,0.04,0.093029,1776208676000
1776208678.311,178.311,0.93,5.0,0.91,30.84,0.97,95.56,0.98,147.69,0.03,95.56,0.02,147.69,0.07,5.0,0.09,30.84,0.04,0.04,0.093029,1776208677000
1776208679.248,179.248,0.93,5.0,0.91,30.84,0.97,95.56,0.98,147.69,0.03,95.56,0.02,147.69,0.07,5.0,0.09,30.84,0.04,0.04,0.093027,1776208678000
1776208680.236,180.236,0.93,5.0,0.91,30.84,0.97,95.56,0.98,147.69,0.03,95.56,0.02,147.69,0.07,5.0,0.09,30.84,0.04,0.04,0.093027,1776208679000
1776208681.184,181.184,0.93,5.0,0.91,30.84,0.97,95.56,0.98,147.69,0.03,95.56,0.02,147.69,0.07,5.0,0.09,30.84,0.04,0.04,0.093027,1776208680000
1776208681.799,181.799,0.93,39.9,0.92,35.29,0.98,133.47,0.99,5442.6,0.03,95.56,0.02,147.69,0.07,5.0,0.09,30.84,0.05,0.04,0.093027,1776208680000
1776208682.222,182.222,0.93,39.9,0.92,35.29,0.98,133.47,0.99,5442.6,0.02,133.47,0.01,5442.6,0.07,39.9,0.08,35.29,0.05,0.05,0.093027,1776208681000
1776208682.885,182.885,0.94,46.1,0.93,39.9,0.98,108.22,0.99,5442.6,0.02,133.47,0.01,5442.6,0.07,39.9,0.08,35.29,0.04,0.05,0.093027,1776208681000
1776208683.2,183.2,0.94,46.1,0.93,39.9,0.98,108.22,0.99,5442.6,0.02,108.22,0.01,5442.6,0.06,46.1,0.07,39.9,0.04,0.04,0.093032,1776208682000
1776208684.213,184.213,0.94,46.1,0.93,39.9,0.98,108.22,0.99,5442.6,0.02,108.22,0.01,5442.6,0.06,46.1,0.07,39.9,0.04,0.04,0.093035,1776208683000
1776208685.196,185.196,0.94,46.1,0.93,39.9,0.98,108.22,0.99,5442.6,0.02,108.22,0.01,5442.6,0.06,46.1,0.07,39.9,0.04,0.04,0.09303,1776208684000
1776208686.18,186.18,0.94,46.1,0.93,39.9,0.98,108.22,0.99,5442.6,0.02,108.22,0.01,5442.6,0.06,46.1,0.07,39.9,0.04,0.04,0.093018,1776208685000
1776208687.122,187.122,0.94,46.1,0.93,39.9,0.98,108.22,0.99,5442.6,0.02,108.22,0.01,5442.6,0.06,46.1,0.07,39.9,0.04,0.04,0.093012,1776208686000
1776208688.166,188.166,0.94,46.1,0.93,39.9,0.98,108.22,0.99,5442.6,0.02,108.22,0.01,5442.6,0.06,46.1,0.07,39.9,0.04,0.04,0.093008,1776208687000
1776208689.879,189.879,0.94,46.1,0.93,39.9,0.98,108.22,0.99,5442.6,0.02,108.22,0.01,5442.6,0.06,46.1,0.07,39.9,0.04,0.04,0.093041,1776208688000
1776208691.257,191.257,0.94,46.1,0.93,39.9,0.98,108.22,0.99,5442.6,0.02,108.22,0.01,5442.6,0.06,46.1,0.07,39.9,0.04,0.04,0.093041,1776208689000
1776208691.914,191.914,0.94,46.1,0.93,39.9,0.98,108.22,0.99,5442.6,0.02,108.22,0.01,5442.6,0.06,46.1,0.07,39.9,0.04,0.04,0.093041,1776208690000
1776208692.875,192.875,0.94,46.1,0.93,39.9,0.98,108.22,0.99,5442.6,0.02,108.22,0.01,5442.6,0.06,46.1,0.07,39.9,0.04,0.04,0.093042,1776208691000
1776208693.557,193.557,0.94,46.1,0.93,39.9,0.98,108.22,0.99,5442.6,0.02,108.22,0.01,5442.6,0.06,46.1,0.07,39.9,0.04,0.04,0.093041,1776208692000
1776208694.405,194.405,0.94,46.1,0.93,39.9,0.98,108.22,0.99,5442.6,0.02,108.22,0.01,5442.6,0.06,46.1,0.07,39.9,0.04,0.04,0.093041,1776208693000
1776208695.127,195.127,0.94,46.1,0.93,39.9,0.98,108.22,0.99,5442.6,0.02,108.22,0.01,5442.6,0.06,46.1,0.07,39.9,0.04,0.04,0.093041,1776208694000
1776208696.555,196.555,0.94,46.1,0.93,39.9,0.98,108.22,0.99,5442.6,0.02,108.22,0.01,5442.6,0.06,46.1,0.07,39.9,0.04,0.04,0.093041,1776208695000
1776208697.243,197.243,0.94,46.1,0.93,39.9,0.98,108.22,0.99,5442.6,0.02,108.22,0.01,5442.6,0.06,46.1,0.07,39.9,0.04,0.04,0.093041,1776208696000
1776208698.712,198.712,0.94,46.1,0.93,39.9,0.98,108.22,0.99,5442.6,0.02,108.22,0.01,5442.6,0.06,46.1,0.07,39.9,0.04,0.04,0.093041,1776208697000
1776208699.366,199.366,0.94,46.1,0.93,39.9,0.98,108.22,0.99,5442.6,0.02,108.22,0.01,5442.6,0.06,46.1,0.07,39.9,0.04,0.04,0.093038,1776208698000
1776208700.001,200.001,0.94,46.1,0.93,39.9,0.98,108.22,0.99,5442.6,0.02,108.22,0.01,5442.6,0.06,46.1,0.07,39.9,0.04,0.04,0.093038,1776208699000
1776208701.248,201.248,0.97,89.3,0.96,72.7,0.99,129.0,,,0.02,108.22,0.01,5442.6,0.06,46.1,0.07,39.9,0.02,0.04,0.093038,1776208699000
1776208701.51,201.51,0.97,89.3,0.96,72.7,0.99,129.0,,,0.01,129.0,,,0.03,89.3,0.04,72.7,0.02,0.02,0.093036,1776208700000
1776208702.037,202.037,0.98,132.69,0.97,94.3,0.99,127.98,,,0.01,129.0,,,0.03,89.3,0.04,72.7,0.01,0.02,0.093036,1776208700000
1776208702.257,202.257,0.98,132.69,0.97,94.3,0.99,122.98,,,0.01,122.98,,,0.02,132.69,0.03,94.3,0.01,0.01,0.093036,1776208701000
1776208703.753,203.753,0.98,132.69,0.97,94.3,0.99,122.98,,,0.01,122.98,,,0.02,132.69,0.03,94.3,0.01,0.01,0.093086,1776208702000
1776208704.267,204.267,0.98,137.69,0.97,94.3,0.99,60.96,,,0.01,122.98,,,0.02,132.69,0.03,94.3,0.01,0.01,0.093086,1776208702000
1776208704.476,204.476,0.98,137.69,0.97,94.3,0.99,55.9,,,0.01,55.9,,,0.02,137.69,0.03,94.3,0.01,0.01,0.09309,1776208703000
1776208704.692,204.692,0.98,137.69,0.97,94.3,0.99,50.84,,,0.01,52.86,,,0.02,137.69,0.03,94.3,0.01,0.01,0.09309,1776208703000
1776208705.17,205.17,0.98,137.69,0.97,94.3,0.99,48.82,,,0.01,50.84,,,0.02,137.69,0.03,94.3,0.01,0.01,0.09309,1776208703000
1776208706.637,206.637,0.98,137.69,0.97,94.3,0.99,48.82,,,0.01,48.82,,,0.02,137.69,0.03,94.3,0.01,0.01,0.093088,1776208705000
1776208707.457,207.457,0.98,137.69,0.97,94.3,0.99,48.82,,,0.01,48.82,,,0.02,137.69,0.03,94.3,0.01,0.01,0.093122,1776208706000
1776208708.175,208.175,0.98,137.69,0.97,94.3,0.99,48.82,,,0.01,48.82,,,0.02,137.69,0.03,94.3,0.01,0.01,0.093127,1776208707000
1776208708.385,208.385,0.98,137.69,0.97,94.3,0.99,34.68,,,0.01,44.78,,,0.02,137.69,0.03,94.3,0.01,0.01,0.093127,1776208707000
1776208708.801,208.801,0.98,137.69,0.97,94.3,0.99,26.6,,,0.01,28.62,,,0.02,137.69,0.03,94.3,0.01,0.01,0.093127,1776208707000
1776208709.167,209.167,0.98,137.69,0.97,94.3,0.99,26.6,,,0.01,26.6,,,0.02,137.69,0.03,94.3,0.01,0.01,0.093119,1776208708000
1776208709.991,209.991,0.99,8.75,0.98,137.69,,,,,0.01,26.6,,,0.02,137.69,0.03,94.3,,0.01,0.093119,1776208708000
1776208711.167,211.167,0.99,8.75,0.98,137.69,,,,,,,,,0.01,8.75,0.02,137.69,,,0.093118,1776208710000
1776208712.207,212.207,0.99,8.75,0.98,137.69,,,,,,,,,0.01,8.75,0.02,137.69,,,0.093118,1776208711000
1776208713.127,213.127,0.99,8.75,0.98,137.69,,,,,,,,,0.01,8.75,0.02,137.69,,,0.093116,1776208712000
1776208714.165,214.165,0.99,8.75,0.98,137.69,,,,,,,,,0.01,8.75,0.02,137.69,,,0.093113,1776208713000
1776208715.012,215.012,0.99,8.75,0.98,137.69,,,,,,,,,0.01,8.75,0.02,137.69,,,0.093111,1776208714000
1776208715.968,215.968,0.99,8.75,0.98,137.69,,,,,,,,,0.01,8.75,0.02,137.69,,,0.093114,1776208715000
1776208716.891,216.891,0.99,8.75,0.98,137.69,,,,,,,,,0.01,8.75,0.02,137.69,,,0.093123,1776208716000
1776208717.803,217.803,0.99,8.75,0.98,137.69,,,,,,,,,0.01,8.75,0.02,137.69,,,0.093129,1776208717000
1776208719.201,219.201,0.99,8.75,0.98,137.69,,,,,,,,,0.01,8.75,0.02,137.69,,,0.09313,1776208718000
1776208720.175,220.175,0.99,8.75,0.98,137.69,,,,,,,,,0.01,8.75,0.02,137.69,,,0.09313,1776208719000
1776208722.123,222.123,0.99,8.75,0.98,137.69,,,,,,,,,0.01,8.75,0.02,137.69,,,0.09313,1776208720000
1776208722.79,222.79,0.99,8.75,0.98,137.69,,,,,,,,,0.01,8.75,0.02,137.69,,,0.09313,1776208721000
1776208723.528,223.528,0.99,8.75,0.98,137.69,,,,,,,,,0.01,8.75,0.02,137.69,,,0.093129,1776208722000
1776208724.384,224.384,0.99,8.75,0.98,137.69,,,,,,,,,0.01,8.75,0.02,137.69,,,0.093129,1776208723000
1776208725.045,225.045,0.99,8.75,0.98,137.69,,,,,,,,,0.01,8.75,0.02,137.69,,,0.093129,1776208724000
1776208726.506,226.506,0.99,8.75,0.98,137.69,,,,,,,,,0.01,8.75,0.02,137.69,,,0.093128,1776208725000
1776208726.973,226.973,0.99,8.75,0.98,137.69,,,,,,,,,0.01,8.75,0.02,137.69,,,0.093128,1776208726000
1776208728.388,228.388,0.99,8.75,0.98,137.69,,,,,,,,,0.01,8.75,0.02,137.69,,,0.093128,1776208727000
1776208729.041,229.041,0.99,8.75,0.98,137.69,,,,,,,,,0.01,8.75,0.02,137.69,,,0.093128,1776208728000
1776208730.299,230.299,0.99,8.75,0.98,137.69,,,,,,,,,0.01,8.75,0.02,137.69,,,0.093119,1776208729000
1776208731.657,231.657,0.99,8.75,0.98,137.69,,,,,,,,,0.01,8.75,0.02,137.69,,,0.09312,1776208730000
1776208732.275,232.275,0.99,8.75,0.98,137.69,,,,,,,,,0.01,8.75,0.02,137.69,,,0.09312,1776208731000
1776208733.757,233.757,0.98,94.56,0.97,89.3,,,,,,,,,0.02,94.56,0.03,89.3,,,0.0931,1776208732000
1776208734.331,234.331,0.98,94.56,0.97,89.3,,,,,,,,,0.02,94.56,0.03,89.3,,,0.093096,1776208733000
1776208735.02,235.02,0.98,94.56,0.97,89.3,,,,,,,,,0.02,94.56,0.03,89.3,,,0.093093,1776208734000
1776208736.487,236.487,0.98,94.56,0.97,89.3,,,,,,,,,0.02,94.56,0.03,89.3,,,0.093082,1776208735000
1776208737.092,237.092,0.98,94.56,0.97,89.3,,,,,,,,,0.02,94.56,0.03,89.3,,,0.093082,1776208736000
1776208738.425,238.425,0.98,94.56,0.97,89.3,,,,,,,,,0.02,94.56,0.03,89.3,,,0.093078,1776208737000
1776208739.296,239.296,0.98,94.56,0.97,89.3,,,,,,,,,0.02,94.56,0.03,89.3,,,0.093079,1776208738000
1776208740.36,240.36,0.98,94.56,0.97,89.3,,,,,,,,,0.02,94.56,0.03,89.3,,,0.093079,1776208739000
1776208740.974,240.974,0.98,94.56,0.97,89.3,,,,,,,,,0.02,94.56,0.03,89.3,,,0.093079,1776208740000
1776208742.036,242.036,0.98,94.56,0.97,89.3,,,,,,,,,0.02,94.56,0.03,89.3,,,0.093079,1776208741000
1776208743.072,243.072,0.98,94.56,0.97,89.3,,,,,,,,,0.02,94.56,0.03,89.3,,,0.093079,1776208742000
1776208744.195,244.195,0.98,94.56,0.97,89.3,,,,,,,,,0.02,94.56,0.03,89.3,,,0.093076,1776208743000
1776208745.203,245.203,0.98,94.56,0.97,89.3,,,,,,,,,0.02,94.56,0.03,89.3,,,0.093061,1776208744000
1776208746.261,246.261,0.98,94.56,0.97,89.3,,,,,,,,,0.02,94.56,0.03,89.3,,,0.093059,1776208745000
1776208747.344,247.344,0.98,94.56,0.97,89.3,,,,,,,,,0.02,94.56,0.03,89.3,,,0.093059,1776208746000
1776208747.911,247.911,0.98,94.56,0.97,89.3,,,,,,,,,0.02,94.56,0.03,89.3,,,0.093059,1776208747000
1776208749.027,249.027,0.98,94.56,0.97,89.3,,,,,,,,,0.02,94.56,0.03,89.3,,,0.093059,1776208748000
1776208750.108,250.108,0.98,94.56,0.97,89.3,,,,,,,,,0.02,94.56,0.03,89.3,,,0.093061,1776208749000
1776208751.156,251.156,0.98,94.56,0.97,89.3,,,,,,,,,0.02,94.56,0.03,89.3,,,0.093062,1776208750000
1776208752.298,252.298,0.98,94.56,0.97,89.3,,,,,,,,,0.02,94.56,0.03,89.3,,,0.093062,1776208751000
1776208753.199,253.199,0.98,94.56,0.97,89.3,,,,,,,,,0.02,94.56,0.03,89.3,,,0.093065,1776208752000
1776208754.225,254.225,0.98,94.56,0.97,89.3,,,,,,,,,0.02,94.56,0.03,89.3,,,0.093066,1776208753000
1776208755.286,255.286,0.98,94.56,0.97,89.3,,,,,,,,,0.02,94.56,0.03,89.3,,,0.093069,1776208754000
1776208756.387,256.387,0.98,94.56,0.97,89.3,,,,,,,,,0.02,94.56,0.03,89.3,,,0.093076,1776208755000
1776208757.187,257.187,0.98,94.56,0.97,89.3,,,,,,,,,0.02,94.56,0.03,89.3,,,0.093087,1776208756000
1776208758.187,258.187,0.98,94.56,0.97,89.3,,,,,,,,,0.02,94.56,0.03,89.3,,,0.093088,1776208757000
1776208759.178,259.178,0.98,94.56,0.97,89.3,,,,,,,,,0.02,94.56,0.03,89.3,,,0.093088,1776208758000
1776208760.202,260.202,0.98,94.56,0.97,89.3,,,,,,,,,0.02,94.56,0.03,89.3,,,0.093088,1776208759000
1776208761.073,261.073,0.98,94.56,0.97,89.3,,,,,,,,,0.02,94.56,0.03,89.3,,,0.093088,1776208760000
1776208762.081,262.081,0.98,94.56,0.97,89.3,,,,,,,,,0.02,94.56,0.03,89.3,,,0.093088,1776208761000
1776208763.043,263.043,0.98,94.56,0.97,89.3,,,,,,,,,0.02,94.56,0.03,89.3,,,0.093087,1776208762000
1776208764.059,264.059,0.98,94.56,0.97,89.3,,,,,,,,,0.02,94.56,0.03,89.3,,,0.093089,1776208763000
1776208765.139,265.139,0.98,94.56,0.97,89.3,,,,,,,,,0.02,94.56,0.03,89.3,,,0.093088,1776208764000
1776208766.148,266.148,0.98,94.56,0.97,89.3,,,,,,,,,0.02,94.56,0.03,89.3,,,0.093088,1776208765000
1776208767.056,267.056,0.98,94.56,0.97,89.3,,,,,,,,,0.02,94.56,0.03,89.3,,,0.093082,1776208766000
1776208768.107,268.107,0.98,94.56,0.97,89.3,,,,,,,,,0.02,94.56,0.03,89.3,,,0.093082,1776208767000
1776208769.385,269.385,0.98,94.56,0.97,89.3,,,,,,,,,0.02,94.56,0.03,89.3,,,0.093083,1776208768000
1776208770.057,270.057,0.98,94.56,0.97,89.3,,,,,,,,,0.02,94.56,0.03,89.3,,,0.093082,1776208769000
1776208771.041,271.041,0.98,94.56,0.97,89.3,,,,,,,,,0.02,94.56,0.03,89.3,,,0.093082,1776208770000
1776208772.254,272.254,0.98,94.56,0.97,89.3,,,,,,,,,0.02,94.56,0.03,89.3,,,0.093078,1776208771000
1776208773.403,273.403,0.98,94.56,0.97,89.3,,,,,,,,,0.02,94.56,0.03,89.3,,,0.093078,1776208772000
1776208773.922,273.922,0.98,94.56,0.97,89.3,,,,,,,,,0.02,94.56,0.03,89.3,,,0.093078,1776208773000
1776208774.901,274.901,0.98,94.56,0.97,89.3,,,,,,,,,0.02,94.56,0.03,89.3,,,0.093084,1776208774000
1776208775.915,275.915,0.98,94.56,0.97,89.3,,,,,,,,,0.02,94.56,0.03,89.3,,,0.093108,1776208775000
1776208776.971,276.971,0.98,94.56,0.97,89.3,,,,,,,,,0.02,94.56,0.03,89.3,,,0.093109,1776208776000
1776208777.884,277.884,0.98,94.56,0.97,89.3,,,,,,,,,0.02,94.56,0.03,89.3,,,0.093109,1776208777000
1776208778.895,278.895,0.98,94.56,0.97,89.3,,,,,,,,,0.02,94.56,0.03,89.3,,,0.09311,1776208778000
1776208780.659,280.659,0.98,94.56,0.97,89.3,,,,,,,,,0.02,94.56,0.03,89.3,,,0.09311,1776208779000
1776208781.252,281.252,0.98,94.56,0.97,89.3,,,,,,,,,0.02,94.56,0.03,89.3,,,0.09311,1776208780000
1776208782.288,282.288,0.98,94.56,0.97,89.3,,,,,,,,,0.02,94.56,0.03,89.3,,,0.09311,1776208781000
1776208782.94,282.94,0.98,94.56,0.97,89.3,,,,,,,,,0.02,94.56,0.03,89.3,,,0.09311,1776208782000
1776208784.069,284.069,0.98,94.56,0.97,89.3,,,,,,,,,0.02,94.56,0.03,89.3,,,0.093097,1776208783000
1776208785.086,285.086,0.98,94.56,0.97,89.3,,,,,,,,,0.02,94.56,0.03,89.3,,,0.093091,1776208784000
1776208786.278,286.278,0.98,94.56,0.97,89.3,,,,,,,,,0.02,94.56,0.03,89.3,,,0.09309,1776208785000
1776208787.257,287.257,0.98,94.56,0.97,89.3,,,,,,,,,0.02,94.56,0.03,89.3,,,0.09309,1776208786000
1776208788.45,288.45,0.98,94.56,0.97,89.3,,,,,,,,,0.02,94.56,0.03,89.3,,,0.093089,1776208787000
1776208789.014,289.014,0.98,94.56,0.97,89.3,,,,,,,,,0.02,94.56,0.03,89.3,,,0.093089,1776208788000
1776208790.086,290.086,0.98,94.56,0.97,89.3,,,,,,,,,0.02,94.56,0.03,89.3,,,0.093089,1776208789000
1776208791.247,291.247,0.98,94.56,0.97,89.3,,,,,,,,,0.02,94.56,0.03,89.3,,,0.093085,1776208790000
1776208792.528,292.528,0.98,94.56,0.97,89.3,,,,,,,,,0.02,94.56,0.03,89.3,,,0.093085,1776208791000
1776208793.014,293.014,0.98,94.56,0.97,89.3,,,,,,,,,0.02,94.56,0.03,89.3,,,0.093089,1776208792000
1776208794.722,294.722,0.98,94.56,0.97,89.3,,,,,,,,,0.02,94.56,0.03,89.3,,,0.09309,1776208793000
1776208795.634,295.634,0.98,94.56,0.97,89.3,,,,,,,,,0.02,94.56,0.03,89.3,,,0.09309,1776208794000
1776208796.361,296.361,0.98,94.56,0.97,89.3,,,,,,,,,0.02,94.56,0.03,89.3,,,0.09309,1776208795000
1776208797.073,297.073,0.98,94.56,0.97,89.3,,,,,,,,,0.02,94.56,0.03,89.3,,,0.093089,1776208796000
1776208798.435,298.435,0.98,94.56,0.97,89.3,,,,,,,,,0.02,94.56,0.03,89.3,,,0.093089,1776208797000
1776208799.112,299.112,0.98,94.56,0.97,89.3,,,,,,,,,0.02,94.56,0.03,89.3,,,0.093089,1776208798000
1776208800.372,300.372,0.98,94.56,0.97,89.3,,,,,,,,,0.02,94.56,0.03,89.3,,,0.093089,1776208799000
1776208801.037,301.037,0.98,94.56,0.97,89.3,,,,,,,,,0.02,94.56,0.03,89.3,,,0.093089,1776208800000

# RESULT,winner=Up,slug=doge-updown-5m-1776208500,ticks=320
