timestamp,elapsed_sec,up_bid_p1,up_bid_s1,up_bid_p2,up_bid_s2,up_bid_p3,up_bid_s3,up_bid_p4,up_bid_s4,up_bid_p5,up_bid_s5,up_ask_p1,up_ask_s1,up_ask_p2,up_ask_s2,up_ask_p3,up_ask_s3,up_ask_p4,up_ask_s4,up_ask_p5,up_ask_s5,down_bid_p1,down_bid_s1,down_bid_p2,down_bid_s2,down_bid_p3,down_bid_s3,down_bid_p4,down_bid_s4,down_bid_p5,down_bid_s5,down_ask_p1,down_ask_s1,down_ask_p2,down_ask_s2,down_ask_p3,down_ask_s3,down_ask_p4,down_ask_s4,down_ask_p5,down_ask_s5,up_spread,down_spread,doge_price,doge_oracle_ts
1776170700.604,0.604,0.49,10.0,0.48,5.0,0.47,31.0,0.46,41.0,0.45,45.0,0.51,7.88,0.52,2.03,0.53,31.0,0.54,41.0,0.55,45.0,0.49,7.88,0.48,2.03,0.47,31.0,0.46,41.0,0.45,45.0,0.51,10.0,0.52,5.0,0.53,31.0,0.54,41.0,0.55,45.0,0.02,0.02,0.093871,1776170699000
1776170701.549,1.549,0.41,13.0,0.4,8.0,0.39,8.0,0.38,8.0,0.37,189.0,0.59,13.0,0.6,8.0,0.61,8.0,0.62,8.0,0.63,189.0,0.41,13.0,0.4,8.0,0.39,8.0,0.38,8.0,0.37,189.0,0.59,13.0,0.6,8.0,0.61,8.0,0.62,8.0,0.63,189.0,0.18,0.18,0.093871,1776170700000
1776170702.265,2.265,0.41,13.0,0.4,8.0,0.39,8.0,0.38,8.0,0.37,189.0,0.59,13.0,0.6,8.0,0.61,8.0,0.62,8.0,0.63,189.0,0.41,13.0,0.4,8.0,0.39,8.0,0.38,8.0,0.37,189.0,0.59,13.0,0.6,8.0,0.61,8.0,0.62,8.0,0.63,189.0,0.18,0.18,0.093869,1776170701000
1776170703.708,3.708,0.41,13.0,0.4,8.0,0.39,8.0,0.38,8.0,0.37,189.0,0.59,13.0,0.6,8.0,0.61,8.0,0.62,8.0,0.63,189.0,0.41,13.0,0.4,8.0,0.39,8.0,0.38,8.0,0.37,189.0,0.59,13.0,0.6,8.0,0.61,8.0,0.62,8.0,0.63,189.0,0.18,0.18,0.093877,1776170702000
1776170704.52,4.52,0.41,13.0,0.4,8.0,0.39,8.0,0.38,8.0,0.37,189.0,0.59,13.0,0.6,8.0,0.61,8.0,0.62,8.0,0.63,189.0,0.41,13.0,0.4,8.0,0.39,8.0,0.38,8.0,0.37,189.0,0.59,13.0,0.6,8.0,0.61,8.0,0.62,8.0,0.63,189.0,0.18,0.18,0.09388,1776170703000
1776170705.222,5.222,0.41,13.0,0.4,8.0,0.39,8.0,0.38,8.0,0.37,189.0,0.59,13.0,0.6,8.0,0.61,8.0,0.62,8.0,0.63,189.0,0.41,13.0,0.4,8.0,0.39,8.0,0.38,8.0,0.37,189.0,0.59,13.0,0.6,8.0,0.61,8.0,0.62,8.0,0.63,189.0,0.18,0.18,0.093883,1776170704000
1776170706.741,6.741,0.41,13.0,0.4,8.0,0.39,8.0,0.38,8.0,0.37,189.0,0.59,13.0,0.6,8.0,0.61,8.0,0.62,8.0,0.63,189.0,0.41,13.0,0.4,8.0,0.39,8.0,0.38,8.0,0.37,189.0,0.59,13.0,0.6,8.0,0.61,8.0,0.62,8.0,0.63,189.0,0.18,0.18,0.093882,1776170705000
1776170707.487,7.487,0.41,13.0,0.4,8.0,0.39,8.0,0.38,8.0,0.37,189.0,0.59,13.0,0.6,8.0,0.61,8.0,0.62,8.0,0.63,189.0,0.41,13.0,0.4,8.0,0.39,8.0,0.38,8.0,0.37,189.0,0.59,13.0,0.6,8.0,0.61,8.0,0.62,8.0,0.63,189.0,0.18,0.18,0.093887,1776170706000
1776170707.742,7.742,0.55,10.0,0.51,50.0,0.5,10.0,0.47,5.0,0.41,50.0,0.66,6.0,0.67,5.0,0.68,5.0,0.73,18.0,0.75,600.0,0.41,13.0,0.4,8.0,0.39,8.0,0.38,8.0,0.37,189.0,0.59,13.0,0.6,8.0,0.61,8.0,0.62,8.0,0.63,189.0,0.11,0.18,0.093887,1776170706000
1776170708.221,8.221,0.55,10.0,0.51,50.0,0.5,10.0,0.47,5.0,0.41,50.0,0.66,6.0,0.67,5.0,0.68,5.0,0.73,18.0,0.75,600.0,0.34,6.0,0.33,5.0,0.32,5.0,0.27,18.0,0.25,600.0,0.45,10.0,0.49,50.0,0.5,10.0,0.53,5.0,0.59,50.0,0.11,0.11,0.093884,1776170707000
1776170709.731,9.731,0.55,10.0,0.51,50.0,0.5,10.0,0.47,5.0,0.41,50.0,0.66,6.0,0.67,5.0,0.68,5.0,0.73,18.0,0.75,600.0,0.34,6.0,0.33,5.0,0.32,5.0,0.27,18.0,0.25,600.0,0.45,10.0,0.49,50.0,0.5,10.0,0.53,5.0,0.59,50.0,0.11,0.11,0.093892,1776170708000
1776170710.386,10.386,0.55,10.0,0.51,50.0,0.5,10.0,0.47,5.0,0.41,50.0,0.66,6.0,0.67,5.0,0.68,5.0,0.73,18.0,0.75,600.0,0.34,6.0,0.33,5.0,0.32,5.0,0.27,18.0,0.25,600.0,0.45,10.0,0.49,50.0,0.5,10.0,0.53,5.0,0.59,50.0,0.11,0.11,0.093914,1776170709000
1776170711.462,11.462,0.55,10.0,0.51,50.0,0.5,10.0,0.47,5.0,0.41,50.0,0.66,6.0,0.67,5.0,0.68,5.0,0.73,18.0,0.75,600.0,0.34,6.0,0.33,5.0,0.32,5.0,0.27,18.0,0.25,600.0,0.45,10.0,0.49,50.0,0.5,10.0,0.53,5.0,0.59,50.0,0.11,0.11,0.093895,1776170710000
1776170711.966,11.966,0.55,10.0,0.51,50.0,0.5,10.0,0.47,5.0,0.41,50.0,0.66,6.0,0.67,5.0,0.68,5.0,0.73,18.0,0.75,600.0,0.34,6.0,0.33,5.0,0.32,5.0,0.27,18.0,0.25,600.0,0.45,10.0,0.49,50.0,0.5,10.0,0.53,5.0,0.59,50.0,0.11,0.11,0.093895,1776170711000
1776170712.95,12.95,0.55,10.0,0.51,50.0,0.5,10.0,0.47,5.0,0.41,50.0,0.66,6.0,0.67,5.0,0.68,5.0,0.73,18.0,0.75,600.0,0.34,6.0,0.33,5.0,0.32,5.0,0.27,18.0,0.25,600.0,0.45,10.0,0.49,50.0,0.5,10.0,0.53,5.0,0.59,50.0,0.11,0.11,0.093893,1776170712000
1776170713.85,13.85,0.55,10.0,0.51,50.0,0.5,10.0,0.47,5.0,0.41,50.0,0.66,6.0,0.67,5.0,0.68,5.0,0.73,18.0,0.75,600.0,0.34,6.0,0.33,5.0,0.32,5.0,0.27,18.0,0.25,600.0,0.45,10.0,0.49,50.0,0.5,10.0,0.53,5.0,0.59,50.0,0.11,0.11,0.093891,1776170713000
1776170715.275,15.275,0.55,10.0,0.51,50.0,0.5,10.0,0.47,5.0,0.41,50.0,0.66,6.0,0.67,5.0,0.68,5.0,0.73,18.0,0.75,600.0,0.34,6.0,0.33,5.0,0.32,5.0,0.27,18.0,0.25,600.0,0.45,10.0,0.49,50.0,0.5,10.0,0.53,5.0,0.59,50.0,0.11,0.11,0.093896,1776170714000
1776170716.236,16.236,0.55,10.0,0.51,50.0,0.5,10.0,0.47,5.0,0.41,50.0,0.66,6.0,0.67,5.0,0.68,5.0,0.73,18.0,0.75,600.0,0.34,6.0,0.33,5.0,0.32,5.0,0.27,18.0,0.25,600.0,0.45,10.0,0.49,50.0,0.5,10.0,0.53,5.0,0.59,50.0,0.11,0.11,0.093896,1776170715000
1776170717.154,17.154,0.49,5.0,0.48,5.0,0.47,5.0,0.46,10.0,0.45,10.0,0.6,5.0,0.67,25.0,0.69,10.0,0.7,10.0,0.71,66.0,0.4,5.0,0.33,25.0,0.31,10.0,0.3,10.0,0.29,66.0,0.51,5.0,0.52,5.0,0.53,5.0,0.54,10.0,0.55,10.0,0.11,0.11,0.093898,1776170716000
1776170717.533,17.533,0.49,5.0,0.48,5.0,0.47,5.0,0.46,10.0,0.45,10.0,0.67,11.71,0.69,10.0,0.7,10.0,0.71,66.0,0.72,10.0,0.4,5.0,0.33,25.0,0.31,10.0,0.3,10.0,0.29,66.0,0.51,5.0,0.52,5.0,0.53,5.0,0.54,10.0,0.55,10.0,0.18,0.11,0.093898,1776170716000
1776170718.121,18.121,0.49,5.0,0.48,5.0,0.47,5.0,0.46,10.0,0.45,10.0,0.67,11.71,0.69,10.0,0.7,10.0,0.71,66.0,0.72,10.0,0.33,11.71,0.31,10.0,0.3,10.0,0.29,66.0,0.28,10.0,0.51,5.0,0.52,5.0,0.53,5.0,0.54,10.0,0.55,10.0,0.18,0.18,0.093897,1776170717000
1776170719.123,19.123,0.49,5.0,0.48,5.0,0.47,5.0,0.46,10.0,0.45,10.0,0.67,11.71,0.69,10.0,0.7,10.0,0.71,66.0,0.72,10.0,0.33,11.71,0.31,10.0,0.3,10.0,0.29,66.0,0.28,10.0,0.51,5.0,0.52,5.0,0.53,5.0,0.54,10.0,0.55,10.0,0.18,0.18,0.093897,1776170718000
1776170720.146,20.146,0.49,5.0,0.48,5.0,0.47,5.0,0.46,10.0,0.45,10.0,0.67,11.71,0.69,10.0,0.7,10.0,0.71,66.0,0.72,10.0,0.33,11.71,0.31,10.0,0.3,10.0,0.29,66.0,0.28,10.0,0.51,5.0,0.52,5.0,0.53,5.0,0.54,10.0,0.55,10.0,0.18,0.18,0.093898,1776170719000
1776170721.142,21.142,0.49,5.0,0.48,5.0,0.47,5.0,0.46,10.0,0.45,10.0,0.67,11.71,0.69,10.0,0.7,10.0,0.71,66.0,0.72,10.0,0.33,11.71,0.31,10.0,0.3,10.0,0.29,66.0,0.28,10.0,0.51,5.0,0.52,5.0,0.53,5.0,0.54,10.0,0.55,10.0,0.18,0.18,0.093899,1776170720000
1776170722.137,22.137,0.49,5.0,0.48,5.0,0.47,5.0,0.46,10.0,0.45,10.0,0.67,11.71,0.69,10.0,0.7,10.0,0.71,66.0,0.72,10.0,0.33,11.71,0.31,10.0,0.3,10.0,0.29,66.0,0.28,10.0,0.51,5.0,0.52,5.0,0.53,5.0,0.54,10.0,0.55,10.0,0.18,0.18,0.093898,1776170721000
1776170723.15,23.15,0.49,5.0,0.48,5.0,0.47,5.0,0.46,10.0,0.45,10.0,0.67,11.71,0.69,10.0,0.7,10.0,0.71,66.0,0.72,10.0,0.33,11.71,0.31,10.0,0.3,10.0,0.29,66.0,0.28,10.0,0.51,5.0,0.52,5.0,0.53,5.0,0.54,10.0,0.55,10.0,0.18,0.18,0.093898,1776170722000
1776170724.192,24.192,0.49,5.0,0.48,5.0,0.47,5.0,0.46,10.0,0.45,10.0,0.67,11.71,0.69,10.0,0.7,10.0,0.71,66.0,0.72,10.0,0.33,11.71,0.31,10.0,0.3,10.0,0.29,66.0,0.28,10.0,0.51,5.0,0.52,5.0,0.53,5.0,0.54,10.0,0.55,10.0,0.18,0.18,0.093898,1776170723000
1776170725.185,25.185,0.49,5.0,0.48,5.0,0.47,5.0,0.46,10.0,0.45,10.0,0.67,11.71,0.69,10.0,0.7,10.0,0.71,66.0,0.72,10.0,0.33,11.71,0.31,10.0,0.3,10.0,0.29,66.0,0.28,10.0,0.51,5.0,0.52,5.0,0.53,5.0,0.54,10.0,0.55,10.0,0.18,0.18,0.093898,1776170724000
1776170726.201,26.201,0.49,5.0,0.48,5.0,0.47,5.0,0.46,10.0,0.45,10.0,0.67,11.71,0.69,10.0,0.7,10.0,0.71,66.0,0.72,10.0,0.33,11.71,0.31,10.0,0.3,10.0,0.29,66.0,0.28,10.0,0.51,5.0,0.52,5.0,0.53,5.0,0.54,10.0,0.55,10.0,0.18,0.18,0.093899,1776170725000
1776170727.215,27.215,0.49,5.0,0.48,5.0,0.47,5.0,0.46,10.0,0.45,10.0,0.67,11.71,0.69,10.0,0.7,10.0,0.71,66.0,0.72,10.0,0.33,11.71,0.31,10.0,0.3,10.0,0.29,66.0,0.28,10.0,0.51,5.0,0.52,5.0,0.53,5.0,0.54,10.0,0.55,10.0,0.18,0.18,0.093899,1776170726000
1776170728.21,28.21,0.49,5.0,0.48,5.0,0.47,5.0,0.46,10.0,0.45,10.0,0.67,11.71,0.69,10.0,0.7,10.0,0.71,66.0,0.72,10.0,0.33,11.71,0.31,10.0,0.3,10.0,0.29,66.0,0.28,10.0,0.51,5.0,0.52,5.0,0.53,5.0,0.54,10.0,0.55,10.0,0.18,0.18,0.093898,1776170727000
1776170729.264,29.264,0.49,5.0,0.48,5.0,0.47,5.0,0.46,10.0,0.45,10.0,0.67,11.71,0.69,10.0,0.7,10.0,0.71,66.0,0.72,10.0,0.33,11.71,0.31,10.0,0.3,10.0,0.29,66.0,0.28,10.0,0.51,5.0,0.52,5.0,0.53,5.0,0.54,10.0,0.55,10.0,0.18,0.18,0.093896,1776170728000
1776170730.254,30.254,0.49,5.0,0.48,5.0,0.47,5.0,0.46,10.0,0.45,10.0,0.67,11.71,0.69,10.0,0.7,10.0,0.71,66.0,0.72,10.0,0.33,11.71,0.31,10.0,0.3,10.0,0.29,66.0,0.28,10.0,0.51,5.0,0.52,5.0,0.53,5.0,0.54,10.0,0.55,10.0,0.18,0.18,0.093898,1776170729000
1776170731.188,31.188,0.49,5.0,0.48,5.0,0.47,5.0,0.46,10.0,0.45,10.0,0.67,11.71,0.69,10.0,0.7,10.0,0.71,66.0,0.72,10.0,0.33,11.71,0.31,10.0,0.3,10.0,0.29,66.0,0.28,10.0,0.51,5.0,0.52,5.0,0.53,5.0,0.54,10.0,0.55,10.0,0.18,0.18,0.093896,1776170730000
1776170732.218,32.218,0.49,5.0,0.48,5.0,0.47,5.0,0.46,10.0,0.45,10.0,0.67,11.71,0.69,10.0,0.7,10.0,0.71,66.0,0.72,10.0,0.33,11.71,0.31,10.0,0.3,10.0,0.29,66.0,0.28,10.0,0.51,5.0,0.52,5.0,0.53,5.0,0.54,10.0,0.55,10.0,0.18,0.18,0.093896,1776170731000
1776170733.086,33.086,0.49,5.0,0.48,5.0,0.47,5.0,0.46,10.0,0.45,10.0,0.67,11.71,0.69,10.0,0.7,10.0,0.71,66.0,0.72,10.0,0.33,11.71,0.31,10.0,0.3,10.0,0.29,66.0,0.28,10.0,0.51,5.0,0.52,5.0,0.53,5.0,0.54,10.0,0.55,10.0,0.18,0.18,0.093896,1776170732000
1776170734.023,34.023,0.49,5.0,0.48,5.0,0.47,5.0,0.46,10.0,0.45,10.0,0.67,11.71,0.69,10.0,0.7,10.0,0.71,66.0,0.72,10.0,0.33,11.71,0.31,10.0,0.3,10.0,0.29,66.0,0.28,10.0,0.51,5.0,0.52,5.0,0.53,5.0,0.54,10.0,0.55,10.0,0.18,0.18,0.093895,1776170733000
1776170734.984,34.984,0.49,5.0,0.48,5.0,0.47,5.0,0.46,10.0,0.45,10.0,0.67,11.71,0.69,10.0,0.7,10.0,0.71,66.0,0.72,10.0,0.33,11.71,0.31,10.0,0.3,10.0,0.29,66.0,0.28,10.0,0.51,5.0,0.52,5.0,0.53,5.0,0.54,10.0,0.55,10.0,0.18,0.18,0.093897,1776170734000
1776170735.97,35.97,0.49,5.0,0.48,5.0,0.47,5.0,0.46,10.0,0.45,10.0,0.67,11.71,0.69,10.0,0.7,10.0,0.71,66.0,0.72,10.0,0.33,11.71,0.31,10.0,0.3,10.0,0.29,66.0,0.28,10.0,0.51,5.0,0.52,5.0,0.53,5.0,0.54,10.0,0.55,10.0,0.18,0.18,0.093895,1776170735000
1776170737.235,37.235,0.49,5.0,0.48,5.0,0.47,5.0,0.46,10.0,0.45,10.0,0.67,11.71,0.69,10.0,0.7,10.0,0.71,66.0,0.72,10.0,0.33,11.71,0.31,10.0,0.3,10.0,0.29,66.0,0.28,10.0,0.51,5.0,0.52,5.0,0.53,5.0,0.54,10.0,0.55,10.0,0.18,0.18,0.093894,1776170736000
1776170738.361,38.361,0.49,5.0,0.48,5.0,0.47,5.0,0.46,10.0,0.45,10.0,0.67,11.71,0.69,10.0,0.7,10.0,0.71,66.0,0.72,10.0,0.33,11.71,0.31,10.0,0.3,10.0,0.29,66.0,0.28,10.0,0.51,5.0,0.52,5.0,0.53,5.0,0.54,10.0,0.55,10.0,0.18,0.18,0.093895,1776170737000
1776170739.267,39.267,0.49,5.0,0.48,5.0,0.47,5.0,0.46,10.0,0.45,10.0,0.67,11.71,0.69,10.0,0.7,10.0,0.71,66.0,0.72,10.0,0.33,11.71,0.31,10.0,0.3,10.0,0.29,66.0,0.28,10.0,0.51,5.0,0.52,5.0,0.53,5.0,0.54,10.0,0.55,10.0,0.18,0.18,0.093904,1776170738000
1776170740.382,40.382,0.49,5.0,0.48,5.0,0.47,5.0,0.46,10.0,0.45,10.0,0.67,11.71,0.69,10.0,0.7,10.0,0.71,66.0,0.72,10.0,0.33,11.71,0.31,10.0,0.3,10.0,0.29,66.0,0.28,10.0,0.51,5.0,0.52,5.0,0.53,5.0,0.54,10.0,0.55,10.0,0.18,0.18,0.093906,1776170739000
1776170741.305,41.305,0.49,5.0,0.48,5.0,0.47,5.0,0.46,10.0,0.45,10.0,0.67,11.71,0.69,10.0,0.7,10.0,0.71,66.0,0.72,10.0,0.33,11.71,0.31,10.0,0.3,10.0,0.29,66.0,0.28,10.0,0.51,5.0,0.52,5.0,0.53,5.0,0.54,10.0,0.55,10.0,0.18,0.18,0.093908,1776170740000
1776170742.261,42.261,0.49,5.0,0.48,5.0,0.47,5.0,0.46,10.0,0.45,10.0,0.67,11.71,0.69,10.0,0.7,10.0,0.71,66.0,0.72,10.0,0.33,11.71,0.31,10.0,0.3,10.0,0.29,66.0,0.28,10.0,0.51,5.0,0.52,5.0,0.53,5.0,0.54,10.0,0.55,10.0,0.18,0.18,0.093913,1776170741000
1776170743.26,43.26,0.49,5.0,0.48,5.0,0.47,5.0,0.46,10.0,0.45,10.0,0.67,11.71,0.69,10.0,0.7,10.0,0.71,66.0,0.72,10.0,0.33,11.71,0.31,10.0,0.3,10.0,0.29,66.0,0.28,10.0,0.51,5.0,0.52,5.0,0.53,5.0,0.54,10.0,0.55,10.0,0.18,0.18,0.093916,1776170742000
1776170744.276,44.276,0.49,5.0,0.48,5.0,0.47,5.0,0.46,10.0,0.45,10.0,0.67,11.71,0.69,10.0,0.7,10.0,0.71,66.0,0.72,10.0,0.33,11.71,0.31,10.0,0.3,10.0,0.29,66.0,0.28,10.0,0.51,5.0,0.52,5.0,0.53,5.0,0.54,10.0,0.55,10.0,0.18,0.18,0.093917,1776170743000
1776170745.152,45.152,0.49,5.0,0.48,5.0,0.47,5.0,0.46,10.0,0.45,10.0,0.67,11.71,0.69,10.0,0.7,10.0,0.71,66.0,0.72,10.0,0.33,11.71,0.31,10.0,0.3,10.0,0.29,66.0,0.28,10.0,0.51,5.0,0.52,5.0,0.53,5.0,0.54,10.0,0.55,10.0,0.18,0.18,0.093916,1776170744000
1776170746.21,46.21,0.49,5.0,0.48,5.0,0.47,5.0,0.46,10.0,0.45,10.0,0.67,11.71,0.69,10.0,0.7,10.0,0.71,66.0,0.72,10.0,0.33,11.71,0.31,10.0,0.3,10.0,0.29,66.0,0.28,10.0,0.51,5.0,0.52,5.0,0.53,5.0,0.54,10.0,0.55,10.0,0.18,0.18,0.093916,1776170745000
1776170747.116,47.116,0.49,5.0,0.48,5.0,0.47,5.0,0.46,10.0,0.45,10.0,0.67,11.71,0.69,10.0,0.7,10.0,0.71,66.0,0.72,10.0,0.33,11.71,0.31,10.0,0.3,10.0,0.29,66.0,0.28,10.0,0.51,5.0,0.52,5.0,0.53,5.0,0.54,10.0,0.55,10.0,0.18,0.18,0.093916,1776170746000
1776170748.134,48.134,0.49,5.0,0.48,5.0,0.47,5.0,0.46,10.0,0.45,10.0,0.67,11.71,0.69,10.0,0.7,10.0,0.71,66.0,0.72,10.0,0.33,11.71,0.31,10.0,0.3,10.0,0.29,66.0,0.28,10.0,0.51,5.0,0.52,5.0,0.53,5.0,0.54,10.0,0.55,10.0,0.18,0.18,0.093923,1776170747000
1776170749.8,49.8,0.49,5.0,0.48,5.0,0.47,5.0,0.46,10.0,0.45,10.0,0.67,11.71,0.69,10.0,0.7,10.0,0.71,66.0,0.72,10.0,0.33,11.71,0.31,10.0,0.3,10.0,0.29,66.0,0.28,10.0,0.51,5.0,0.52,5.0,0.53,5.0,0.54,10.0,0.55,10.0,0.18,0.18,0.093929,1776170748000
1776170750.397,50.397,0.49,5.0,0.48,5.0,0.47,5.0,0.46,10.0,0.45,10.0,0.67,11.71,0.69,10.0,0.7,10.0,0.71,66.0,0.72,10.0,0.33,11.71,0.31,10.0,0.3,10.0,0.29,66.0,0.28,10.0,0.51,5.0,0.52,5.0,0.53,5.0,0.54,10.0,0.55,10.0,0.18,0.18,0.093931,1776170749000
1776170750.986,50.986,0.49,5.0,0.48,5.0,0.47,5.0,0.46,10.0,0.45,10.0,0.67,11.71,0.69,10.0,0.7,10.0,0.71,66.0,0.72,10.0,0.33,11.71,0.31,10.0,0.3,10.0,0.29,66.0,0.28,10.0,0.51,5.0,0.52,5.0,0.53,5.0,0.54,10.0,0.55,10.0,0.18,0.18,0.093931,1776170750000
1776170752.141,52.141,0.49,5.0,0.48,5.0,0.47,5.0,0.46,10.0,0.45,10.0,0.67,11.71,0.69,10.0,0.7,10.0,0.71,66.0,0.72,10.0,0.33,11.71,0.31,10.0,0.3,10.0,0.29,66.0,0.28,10.0,0.51,5.0,0.52,5.0,0.53,5.0,0.54,10.0,0.55,10.0,0.18,0.18,0.093934,1776170751000
1776170753.69,53.69,0.49,5.0,0.48,5.0,0.47,5.0,0.46,10.0,0.45,10.0,0.67,11.71,0.69,10.0,0.7,10.0,0.71,66.0,0.72,10.0,0.33,11.71,0.31,10.0,0.3,10.0,0.29,66.0,0.28,10.0,0.51,5.0,0.52,5.0,0.53,5.0,0.54,10.0,0.55,10.0,0.18,0.18,0.093933,1776170752000
1776170754.242,54.242,0.49,5.0,0.48,5.0,0.47,5.0,0.46,10.0,0.45,10.0,0.67,11.71,0.69,10.0,0.7,10.0,0.71,66.0,0.72,10.0,0.33,11.71,0.31,10.0,0.3,10.0,0.29,66.0,0.28,10.0,0.51,5.0,0.52,5.0,0.53,5.0,0.54,10.0,0.55,10.0,0.18,0.18,0.093933,1776170753000
1776170755.325,55.325,0.49,5.0,0.48,5.0,0.47,5.0,0.46,10.0,0.45,10.0,0.67,11.71,0.69,10.0,0.7,10.0,0.71,66.0,0.72,10.0,0.33,11.71,0.31,10.0,0.3,10.0,0.29,66.0,0.28,10.0,0.51,5.0,0.52,5.0,0.53,5.0,0.54,10.0,0.55,10.0,0.18,0.18,0.093933,1776170754000
1776170755.93,55.93,0.49,5.0,0.48,5.0,0.47,5.0,0.46,10.0,0.45,10.0,0.67,11.71,0.69,10.0,0.7,10.0,0.71,66.0,0.72,10.0,0.33,11.71,0.31,10.0,0.3,10.0,0.29,66.0,0.28,10.0,0.51,5.0,0.52,5.0,0.53,5.0,0.54,10.0,0.55,10.0,0.18,0.18,0.093933,1776170755000
1776170757.124,57.124,0.49,5.0,0.48,5.0,0.47,5.0,0.46,10.0,0.45,10.0,0.67,11.71,0.69,10.0,0.7,10.0,0.71,66.0,0.72,10.0,0.33,11.71,0.31,10.0,0.3,10.0,0.29,66.0,0.28,10.0,0.51,5.0,0.52,5.0,0.53,5.0,0.54,10.0,0.55,10.0,0.18,0.18,0.093931,1776170756000
1776170758.14,58.14,0.49,5.0,0.48,5.0,0.47,5.0,0.46,10.0,0.45,10.0,0.67,11.71,0.69,10.0,0.7,10.0,0.71,66.0,0.72,10.0,0.33,11.71,0.31,10.0,0.3,10.0,0.29,66.0,0.28,10.0,0.51,5.0,0.52,5.0,0.53,5.0,0.54,10.0,0.55,10.0,0.18,0.18,0.093932,1776170757000
1776170759.233,59.233,0.49,5.0,0.48,5.0,0.47,5.0,0.46,10.0,0.45,10.0,0.67,11.71,0.69,10.0,0.7,10.0,0.71,66.0,0.72,10.0,0.33,11.71,0.31,10.0,0.3,10.0,0.29,66.0,0.28,10.0,0.51,5.0,0.52,5.0,0.53,5.0,0.54,10.0,0.55,10.0,0.18,0.18,0.093925,1776170758000
1776170759.969,59.969,0.49,5.0,0.48,5.0,0.47,5.0,0.46,10.0,0.45,10.0,0.67,11.71,0.69,10.0,0.7,10.0,0.71,66.0,0.72,10.0,0.33,11.71,0.31,10.0,0.3,10.0,0.29,66.0,0.28,10.0,0.51,5.0,0.52,5.0,0.53,5.0,0.54,10.0,0.55,10.0,0.18,0.18,0.093922,1776170759000
1776170761.129,61.129,0.49,5.0,0.48,5.0,0.47,5.0,0.46,10.0,0.45,10.0,0.67,11.71,0.69,10.0,0.7,10.0,0.71,66.0,0.72,10.0,0.33,11.71,0.31,10.0,0.3,10.0,0.29,66.0,0.28,10.0,0.51,5.0,0.52,5.0,0.53,5.0,0.54,10.0,0.55,10.0,0.18,0.18,0.093917,1776170760000
1776170762.272,62.272,0.49,5.0,0.48,5.0,0.47,5.0,0.46,10.0,0.45,10.0,0.67,11.71,0.69,10.0,0.7,10.0,0.71,66.0,0.72,10.0,0.33,11.71,0.31,10.0,0.3,10.0,0.29,66.0,0.28,10.0,0.51,5.0,0.52,5.0,0.53,5.0,0.54,10.0,0.55,10.0,0.18,0.18,0.093918,1776170761000
1776170762.988,62.988,0.49,5.0,0.48,5.0,0.47,5.0,0.46,10.0,0.45,10.0,0.67,11.71,0.69,10.0,0.7,10.0,0.71,66.0,0.72,10.0,0.33,11.71,0.31,10.0,0.3,10.0,0.29,66.0,0.28,10.0,0.51,5.0,0.52,5.0,0.53,5.0,0.54,10.0,0.55,10.0,0.18,0.18,0.093918,1776170762000
1776170764.566,64.566,0.49,5.0,0.48,5.0,0.47,5.0,0.46,10.0,0.45,10.0,0.67,11.71,0.69,10.0,0.7,10.0,0.71,66.0,0.72,10.0,0.33,11.71,0.31,10.0,0.3,10.0,0.29,66.0,0.28,10.0,0.51,5.0,0.52,5.0,0.53,5.0,0.54,10.0,0.55,10.0,0.18,0.18,0.093922,1776170763000
1776170765.432,65.432,0.49,5.0,0.48,5.0,0.47,5.0,0.46,10.0,0.45,10.0,0.67,11.71,0.69,10.0,0.7,10.0,0.71,66.0,0.72,10.0,0.33,11.71,0.31,10.0,0.3,10.0,0.29,66.0,0.28,10.0,0.51,5.0,0.52,5.0,0.53,5.0,0.54,10.0,0.55,10.0,0.18,0.18,0.093922,1776170764000
1776170766.093,66.093,0.49,5.0,0.48,5.0,0.47,5.0,0.46,10.0,0.45,10.0,0.67,11.71,0.69,10.0,0.7,10.0,0.71,66.0,0.72,10.0,0.33,11.71,0.31,10.0,0.3,10.0,0.29,66.0,0.28,10.0,0.51,5.0,0.52,5.0,0.53,5.0,0.54,10.0,0.55,10.0,0.18,0.18,0.093922,1776170765000
1776170767.211,67.211,0.49,5.0,0.48,5.0,0.47,5.0,0.46,10.0,0.45,10.0,0.67,11.71,0.69,10.0,0.7,10.0,0.71,66.0,0.72,10.0,0.33,11.71,0.31,10.0,0.3,10.0,0.29,66.0,0.28,10.0,0.51,5.0,0.52,5.0,0.53,5.0,0.54,10.0,0.55,10.0,0.18,0.18,0.093923,1776170766000
1776170768.351,68.351,0.49,5.0,0.48,5.0,0.47,5.0,0.46,10.0,0.45,10.0,0.67,11.71,0.69,10.0,0.7,10.0,0.71,66.0,0.72,10.0,0.33,11.71,0.31,10.0,0.3,10.0,0.29,66.0,0.28,10.0,0.51,5.0,0.52,5.0,0.53,5.0,0.54,10.0,0.55,10.0,0.18,0.18,0.093921,1776170767000
1776170769.486,69.486,0.49,5.0,0.48,5.0,0.47,5.0,0.46,10.0,0.45,10.0,0.67,11.71,0.69,10.0,0.7,10.0,0.71,66.0,0.72,10.0,0.33,11.71,0.31,10.0,0.3,10.0,0.29,66.0,0.28,10.0,0.51,5.0,0.52,5.0,0.53,5.0,0.54,10.0,0.55,10.0,0.18,0.18,0.093921,1776170768000
1776170770.435,70.435,0.49,5.0,0.48,5.0,0.47,5.0,0.46,10.0,0.45,10.0,0.67,11.71,0.69,10.0,0.7,10.0,0.71,66.0,0.72,10.0,0.33,11.71,0.31,10.0,0.3,10.0,0.29,66.0,0.28,10.0,0.51,5.0,0.52,5.0,0.53,5.0,0.54,10.0,0.55,10.0,0.18,0.18,0.093921,1776170769000
1776170770.994,70.994,0.49,5.0,0.48,5.0,0.47,5.0,0.46,10.0,0.45,10.0,0.67,11.71,0.69,10.0,0.7,10.0,0.71,66.0,0.72,10.0,0.33,11.71,0.31,10.0,0.3,10.0,0.29,66.0,0.28,10.0,0.51,5.0,0.52,5.0,0.53,5.0,0.54,10.0,0.55,10.0,0.18,0.18,0.093921,1776170770000
1776170772.167,72.167,0.49,5.0,0.48,5.0,0.47,5.0,0.46,10.0,0.45,10.0,0.67,11.71,0.69,10.0,0.7,10.0,0.71,66.0,0.72,10.0,0.33,11.71,0.31,10.0,0.3,10.0,0.29,66.0,0.28,10.0,0.51,5.0,0.52,5.0,0.53,5.0,0.54,10.0,0.55,10.0,0.18,0.18,0.093924,1776170771000
1776170773.251,73.251,0.49,5.0,0.48,5.0,0.47,5.0,0.46,10.0,0.45,10.0,0.67,11.71,0.69,10.0,0.7,10.0,0.71,66.0,0.72,10.0,0.33,11.71,0.31,10.0,0.3,10.0,0.29,66.0,0.28,10.0,0.51,5.0,0.52,5.0,0.53,5.0,0.54,10.0,0.55,10.0,0.18,0.18,0.093923,1776170772000
1776170774.431,74.431,0.49,5.0,0.48,5.0,0.47,5.0,0.46,10.0,0.45,10.0,0.67,11.71,0.69,10.0,0.7,10.0,0.71,66.0,0.72,10.0,0.33,11.71,0.31,10.0,0.3,10.0,0.29,66.0,0.28,10.0,0.51,5.0,0.52,5.0,0.53,5.0,0.54,10.0,0.55,10.0,0.18,0.18,0.093921,1776170773000
1776170775.09,75.09,0.49,5.0,0.48,5.0,0.47,5.0,0.46,10.0,0.45,10.0,0.67,11.71,0.69,10.0,0.7,10.0,0.71,66.0,0.72,10.0,0.33,11.71,0.31,10.0,0.3,10.0,0.29,66.0,0.28,10.0,0.51,5.0,0.52,5.0,0.53,5.0,0.54,10.0,0.55,10.0,0.18,0.18,0.093921,1776170774000
1776170776.206,76.206,0.49,5.0,0.48,5.0,0.47,5.0,0.46,10.0,0.45,10.0,0.67,11.71,0.69,10.0,0.7,10.0,0.71,66.0,0.72,10.0,0.33,11.71,0.31,10.0,0.3,10.0,0.29,66.0,0.28,10.0,0.51,5.0,0.52,5.0,0.53,5.0,0.54,10.0,0.55,10.0,0.18,0.18,0.093921,1776170775000
1776170777.328,77.328,0.49,5.0,0.48,5.0,0.47,5.0,0.46,10.0,0.45,10.0,0.67,11.71,0.69,10.0,0.7,10.0,0.71,66.0,0.72,10.0,0.33,11.71,0.31,10.0,0.3,10.0,0.29,66.0,0.28,10.0,0.51,5.0,0.52,5.0,0.53,5.0,0.54,10.0,0.55,10.0,0.18,0.18,0.093921,1776170776000
1776170778.527,78.527,0.49,5.0,0.48,5.0,0.47,5.0,0.46,10.0,0.45,10.0,0.67,11.71,0.69,10.0,0.7,10.0,0.71,66.0,0.72,10.0,0.33,11.71,0.31,10.0,0.3,10.0,0.29,66.0,0.28,10.0,0.51,5.0,0.52,5.0,0.53,5.0,0.54,10.0,0.55,10.0,0.18,0.18,0.093916,1776170777000
1776170779.068,79.068,0.49,5.0,0.48,5.0,0.47,5.0,0.46,10.0,0.45,10.0,0.67,11.71,0.69,10.0,0.7,10.0,0.71,66.0,0.72,10.0,0.33,11.71,0.31,10.0,0.3,10.0,0.29,66.0,0.28,10.0,0.51,5.0,0.52,5.0,0.53,5.0,0.54,10.0,0.55,10.0,0.18,0.18,0.09391,1776170778000
1776170781.087,81.087,0.49,5.0,0.48,5.0,0.47,5.0,0.46,10.0,0.45,10.0,0.67,11.71,0.69,10.0,0.7,10.0,0.71,66.0,0.72,10.0,0.33,11.71,0.31,10.0,0.3,10.0,0.29,66.0,0.28,10.0,0.51,5.0,0.52,5.0,0.53,5.0,0.54,10.0,0.55,10.0,0.18,0.18,0.093903,1776170779000
1776170781.541,81.541,0.49,5.0,0.48,5.0,0.47,5.0,0.46,10.0,0.45,10.0,0.67,11.71,0.69,10.0,0.7,10.0,0.71,66.0,0.72,10.0,0.33,11.71,0.31,10.0,0.3,10.0,0.29,66.0,0.28,10.0,0.51,5.0,0.52,5.0,0.53,5.0,0.54,10.0,0.55,10.0,0.18,0.18,0.093903,1776170780000
1776170782.098,82.098,0.49,5.0,0.48,5.0,0.47,5.0,0.46,10.0,0.45,10.0,0.67,11.71,0.69,10.0,0.7,10.0,0.71,66.0,0.72,10.0,0.33,11.71,0.31,10.0,0.3,10.0,0.29,66.0,0.28,10.0,0.51,5.0,0.52,5.0,0.53,5.0,0.54,10.0,0.55,10.0,0.18,0.18,0.093904,1776170781000
1776170783.201,83.201,0.49,5.0,0.48,5.0,0.47,5.0,0.46,10.0,0.45,10.0,0.67,11.71,0.69,10.0,0.7,10.0,0.71,66.0,0.72,10.0,0.33,11.71,0.31,10.0,0.3,10.0,0.29,66.0,0.28,10.0,0.51,5.0,0.52,5.0,0.53,5.0,0.54,10.0,0.55,10.0,0.18,0.18,0.093904,1776170782000
1776170784.298,84.298,0.49,5.0,0.48,5.0,0.47,5.0,0.46,10.0,0.45,10.0,0.67,11.71,0.69,10.0,0.7,10.0,0.71,66.0,0.72,10.0,0.33,11.71,0.31,10.0,0.3,10.0,0.29,66.0,0.28,10.0,0.51,5.0,0.52,5.0,0.53,5.0,0.54,10.0,0.55,10.0,0.18,0.18,0.093905,1776170783000
1776170785.467,85.467,0.49,5.0,0.48,5.0,0.47,5.0,0.46,10.0,0.45,10.0,0.67,11.71,0.69,10.0,0.7,10.0,0.71,66.0,0.72,10.0,0.33,11.71,0.31,10.0,0.3,10.0,0.29,66.0,0.28,10.0,0.51,5.0,0.52,5.0,0.53,5.0,0.54,10.0,0.55,10.0,0.18,0.18,0.093915,1776170784000
1776170786.016,86.016,0.49,5.0,0.48,5.0,0.47,5.0,0.46,10.0,0.45,10.0,0.67,11.71,0.69,10.0,0.7,10.0,0.71,66.0,0.72,10.0,0.33,11.71,0.31,10.0,0.3,10.0,0.29,66.0,0.28,10.0,0.51,5.0,0.52,5.0,0.53,5.0,0.54,10.0,0.55,10.0,0.18,0.18,0.093915,1776170785000
1776170787.254,87.254,0.49,5.0,0.48,5.0,0.47,5.0,0.46,10.0,0.45,10.0,0.67,11.71,0.69,10.0,0.7,10.0,0.71,66.0,0.72,10.0,0.33,11.71,0.31,10.0,0.3,10.0,0.29,66.0,0.28,10.0,0.51,5.0,0.52,5.0,0.53,5.0,0.54,10.0,0.55,10.0,0.18,0.18,0.093917,1776170786000
1776170788.347,88.347,0.49,5.0,0.48,5.0,0.47,5.0,0.46,10.0,0.45,10.0,0.67,11.71,0.69,10.0,0.7,10.0,0.71,66.0,0.72,10.0,0.33,11.71,0.31,10.0,0.3,10.0,0.29,66.0,0.28,10.0,0.51,5.0,0.52,5.0,0.53,5.0,0.54,10.0,0.55,10.0,0.18,0.18,0.093917,1776170787000
1776170789.394,89.394,0.49,5.0,0.48,5.0,0.47,5.0,0.46,10.0,0.45,10.0,0.67,11.71,0.69,10.0,0.7,10.0,0.71,66.0,0.72,10.0,0.33,11.71,0.31,10.0,0.3,10.0,0.29,66.0,0.28,10.0,0.51,5.0,0.52,5.0,0.53,5.0,0.54,10.0,0.55,10.0,0.18,0.18,0.093915,1776170788000
1776170789.992,89.992,0.49,5.0,0.48,5.0,0.47,5.0,0.46,10.0,0.45,10.0,0.67,11.71,0.69,10.0,0.7,10.0,0.71,66.0,0.72,10.0,0.33,11.71,0.31,10.0,0.3,10.0,0.29,66.0,0.28,10.0,0.51,5.0,0.52,5.0,0.53,5.0,0.54,10.0,0.55,10.0,0.18,0.18,0.093915,1776170789000
1776170791.115,91.115,0.49,5.0,0.48,5.0,0.47,5.0,0.46,10.0,0.45,10.0,0.67,11.71,0.69,10.0,0.7,10.0,0.71,66.0,0.72,10.0,0.33,11.71,0.31,10.0,0.3,10.0,0.29,66.0,0.28,10.0,0.51,5.0,0.52,5.0,0.53,5.0,0.54,10.0,0.55,10.0,0.18,0.18,0.093912,1776170790000
1776170792.186,92.186,0.49,5.0,0.48,5.0,0.47,5.0,0.46,10.0,0.45,10.0,0.67,11.71,0.69,10.0,0.7,10.0,0.71,66.0,0.72,10.0,0.33,11.71,0.31,10.0,0.3,10.0,0.29,66.0,0.28,10.0,0.51,5.0,0.52,5.0,0.53,5.0,0.54,10.0,0.55,10.0,0.18,0.18,0.093914,1776170791000
1776170793.293,93.293,0.49,5.0,0.48,5.0,0.47,5.0,0.46,10.0,0.45,10.0,0.67,11.71,0.69,10.0,0.7,10.0,0.71,66.0,0.72,10.0,0.33,11.71,0.31,10.0,0.3,10.0,0.29,66.0,0.28,10.0,0.51,5.0,0.52,5.0,0.53,5.0,0.54,10.0,0.55,10.0,0.18,0.18,0.093915,1776170792000
1776170793.981,93.981,0.49,5.0,0.48,5.0,0.47,5.0,0.46,10.0,0.45,10.0,0.67,11.71,0.69,10.0,0.7,10.0,0.71,66.0,0.72,10.0,0.33,11.71,0.31,10.0,0.3,10.0,0.29,66.0,0.28,10.0,0.51,5.0,0.52,5.0,0.53,5.0,0.54,10.0,0.55,10.0,0.18,0.18,0.093915,1776170793000
1776170795.563,95.563,0.49,5.0,0.48,5.0,0.47,5.0,0.46,10.0,0.45,10.0,0.67,11.71,0.69,10.0,0.7,10.0,0.71,66.0,0.72,10.0,0.33,11.71,0.31,10.0,0.3,10.0,0.29,66.0,0.28,10.0,0.51,5.0,0.52,5.0,0.53,5.0,0.54,10.0,0.55,10.0,0.18,0.18,0.093919,1776170794000
1776170795.943,95.943,0.49,5.0,0.48,5.0,0.47,5.0,0.46,10.0,0.45,10.0,0.67,11.71,0.69,10.0,0.7,10.0,0.71,66.0,0.72,10.0,0.33,11.71,0.31,10.0,0.3,10.0,0.29,66.0,0.28,10.0,0.51,5.0,0.52,5.0,0.53,5.0,0.54,10.0,0.55,10.0,0.18,0.18,0.093919,1776170795000
1776170796.998,96.998,0.49,5.0,0.48,5.0,0.47,5.0,0.46,10.0,0.45,10.0,0.67,11.71,0.69,10.0,0.7,10.0,0.71,66.0,0.72,10.0,0.33,11.71,0.31,10.0,0.3,10.0,0.29,66.0,0.28,10.0,0.51,5.0,0.52,5.0,0.53,5.0,0.54,10.0,0.55,10.0,0.18,0.18,0.09392,1776170796000
1776170798.037,98.037,0.49,5.0,0.48,5.0,0.47,5.0,0.46,10.0,0.45,10.0,0.67,11.71,0.69,10.0,0.7,10.0,0.71,66.0,0.72,10.0,0.33,11.71,0.31,10.0,0.3,10.0,0.29,66.0,0.28,10.0,0.51,5.0,0.52,5.0,0.53,5.0,0.54,10.0,0.55,10.0,0.18,0.18,0.093919,1776170797000
1776170798.94,98.94,0.49,5.0,0.48,5.0,0.47,5.0,0.46,10.0,0.45,10.0,0.67,11.71,0.69,10.0,0.7,10.0,0.71,66.0,0.72,10.0,0.33,11.71,0.31,10.0,0.3,10.0,0.29,66.0,0.28,10.0,0.51,5.0,0.52,5.0,0.53,5.0,0.54,10.0,0.55,10.0,0.18,0.18,0.093919,1776170798000
1776170799.936,99.936,0.49,5.0,0.48,5.0,0.47,5.0,0.46,10.0,0.45,10.0,0.67,11.71,0.69,10.0,0.7,10.0,0.71,66.0,0.72,10.0,0.33,11.71,0.31,10.0,0.3,10.0,0.29,66.0,0.28,10.0,0.51,5.0,0.52,5.0,0.53,5.0,0.54,10.0,0.55,10.0,0.18,0.18,0.09392,1776170799000
1776170800.972,100.972,0.49,5.0,0.48,5.0,0.47,5.0,0.46,10.0,0.45,10.0,0.67,11.71,0.69,10.0,0.7,10.0,0.71,66.0,0.72,10.0,0.33,11.71,0.31,10.0,0.3,10.0,0.29,66.0,0.28,10.0,0.51,5.0,0.52,5.0,0.53,5.0,0.54,10.0,0.55,10.0,0.18,0.18,0.093919,1776170800000
1776170801.881,101.881,0.49,5.0,0.48,5.0,0.47,5.0,0.46,10.0,0.45,10.0,0.67,11.71,0.69,10.0,0.7,10.0,0.71,66.0,0.72,10.0,0.33,11.71,0.31,10.0,0.3,10.0,0.29,66.0,0.28,10.0,0.51,5.0,0.52,5.0,0.53,5.0,0.54,10.0,0.55,10.0,0.18,0.18,0.09392,1776170801000
1776170802.832,102.832,0.49,5.0,0.48,5.0,0.47,5.0,0.46,10.0,0.45,10.0,0.67,11.71,0.69,10.0,0.7,10.0,0.71,66.0,0.72,10.0,0.33,11.71,0.31,10.0,0.3,10.0,0.29,66.0,0.28,10.0,0.51,5.0,0.52,5.0,0.53,5.0,0.54,10.0,0.55,10.0,0.18,0.18,0.09392,1776170802000
1776170803.937,103.937,0.49,5.0,0.48,5.0,0.47,5.0,0.46,10.0,0.45,10.0,0.67,11.71,0.69,10.0,0.7,10.0,0.71,66.0,0.72,10.0,0.33,11.71,0.31,10.0,0.3,10.0,0.29,66.0,0.28,10.0,0.51,5.0,0.52,5.0,0.53,5.0,0.54,10.0,0.55,10.0,0.18,0.18,0.093922,1776170803000
1776170804.871,104.871,0.49,5.0,0.48,5.0,0.47,5.0,0.46,10.0,0.45,10.0,0.67,11.71,0.69,10.0,0.7,10.0,0.71,66.0,0.72,10.0,0.33,11.71,0.31,10.0,0.3,10.0,0.29,66.0,0.28,10.0,0.51,5.0,0.52,5.0,0.53,5.0,0.54,10.0,0.55,10.0,0.18,0.18,0.093928,1776170804000
1776170805.851,105.851,0.49,5.0,0.48,5.0,0.47,5.0,0.46,10.0,0.45,10.0,0.67,11.71,0.69,10.0,0.7,10.0,0.71,66.0,0.72,10.0,0.33,11.71,0.31,10.0,0.3,10.0,0.29,66.0,0.28,10.0,0.51,5.0,0.52,5.0,0.53,5.0,0.54,10.0,0.55,10.0,0.18,0.18,0.093928,1776170805000
1776170806.859,106.859,0.49,5.0,0.48,5.0,0.47,5.0,0.46,10.0,0.45,10.0,0.67,11.71,0.69,10.0,0.7,10.0,0.71,66.0,0.72,10.0,0.33,11.71,0.31,10.0,0.3,10.0,0.29,66.0,0.28,10.0,0.51,5.0,0.52,5.0,0.53,5.0,0.54,10.0,0.55,10.0,0.18,0.18,0.093928,1776170806000
1776170808.358,108.358,0.49,5.0,0.48,5.0,0.47,5.0,0.46,10.0,0.45,10.0,0.67,11.71,0.69,10.0,0.7,10.0,0.71,66.0,0.72,10.0,0.33,11.71,0.31,10.0,0.3,10.0,0.29,66.0,0.28,10.0,0.51,5.0,0.52,5.0,0.53,5.0,0.54,10.0,0.55,10.0,0.18,0.18,0.093928,1776170807000
1776170809.874,109.874,0.49,5.0,0.48,5.0,0.47,5.0,0.46,10.0,0.45,10.0,0.67,11.71,0.69,10.0,0.7,10.0,0.71,66.0,0.72,10.0,0.33,11.71,0.31,10.0,0.3,10.0,0.29,66.0,0.28,10.0,0.51,5.0,0.52,5.0,0.53,5.0,0.54,10.0,0.55,10.0,0.18,0.18,0.093926,1776170808000
1776170810.594,110.594,0.49,5.0,0.48,5.0,0.47,5.0,0.46,10.0,0.45,10.0,0.67,11.71,0.69,10.0,0.7,10.0,0.71,66.0,0.72,10.0,0.33,11.71,0.31,10.0,0.3,10.0,0.29,66.0,0.28,10.0,0.51,5.0,0.52,5.0,0.53,5.0,0.54,10.0,0.55,10.0,0.18,0.18,0.093926,1776170809000
1776170811.449,111.449,0.49,5.0,0.48,5.0,0.47,5.0,0.46,10.0,0.45,10.0,0.67,11.71,0.69,10.0,0.7,10.0,0.71,66.0,0.72,10.0,0.33,11.71,0.31,10.0,0.3,10.0,0.29,66.0,0.28,10.0,0.51,5.0,0.52,5.0,0.53,5.0,0.54,10.0,0.55,10.0,0.18,0.18,0.093926,1776170810000
1776170812.031,112.031,0.49,5.0,0.48,5.0,0.47,5.0,0.46,10.0,0.45,10.0,0.67,11.71,0.69,10.0,0.7,10.0,0.71,66.0,0.72,10.0,0.33,11.71,0.31,10.0,0.3,10.0,0.29,66.0,0.28,10.0,0.51,5.0,0.52,5.0,0.53,5.0,0.54,10.0,0.55,10.0,0.18,0.18,0.093926,1776170811000
1776170813.724,113.724,0.49,5.0,0.48,5.0,0.47,5.0,0.46,10.0,0.45,10.0,0.67,11.71,0.69,10.0,0.7,10.0,0.71,66.0,0.72,10.0,0.33,11.71,0.31,10.0,0.3,10.0,0.29,66.0,0.28,10.0,0.51,5.0,0.52,5.0,0.53,5.0,0.54,10.0,0.55,10.0,0.18,0.18,0.093925,1776170812000
1776170814.417,114.417,0.49,5.0,0.48,5.0,0.47,5.0,0.46,10.0,0.45,10.0,0.67,11.71,0.69,10.0,0.7,10.0,0.71,66.0,0.72,10.0,0.33,11.71,0.31,10.0,0.3,10.0,0.29,66.0,0.28,10.0,0.51,5.0,0.52,5.0,0.53,5.0,0.54,10.0,0.55,10.0,0.18,0.18,0.093923,1776170813000
1776170815.009,115.009,0.49,5.0,0.48,5.0,0.47,5.0,0.46,10.0,0.45,10.0,0.67,11.71,0.69,10.0,0.7,10.0,0.71,66.0,0.72,10.0,0.33,11.71,0.31,10.0,0.3,10.0,0.29,66.0,0.28,10.0,0.51,5.0,0.52,5.0,0.53,5.0,0.54,10.0,0.55,10.0,0.18,0.18,0.093923,1776170814000
1776170816.565,116.565,0.49,5.0,0.48,5.0,0.47,5.0,0.46,10.0,0.45,10.0,0.67,11.71,0.69,10.0,0.7,10.0,0.71,66.0,0.72,10.0,0.33,11.71,0.31,10.0,0.3,10.0,0.29,66.0,0.28,10.0,0.51,5.0,0.52,5.0,0.53,5.0,0.54,10.0,0.55,10.0,0.18,0.18,0.093922,1776170815000
1776170817.466,117.466,0.49,5.0,0.48,5.0,0.47,5.0,0.46,10.0,0.45,10.0,0.67,11.71,0.69,10.0,0.7,10.0,0.71,66.0,0.72,10.0,0.33,11.71,0.31,10.0,0.3,10.0,0.29,66.0,0.28,10.0,0.51,5.0,0.52,5.0,0.53,5.0,0.54,10.0,0.55,10.0,0.18,0.18,0.093922,1776170816000
1776170818.063,118.063,0.49,5.0,0.48,5.0,0.47,5.0,0.46,10.0,0.45,10.0,0.67,11.71,0.69,10.0,0.7,10.0,0.71,66.0,0.72,10.0,0.33,11.71,0.31,10.0,0.3,10.0,0.29,66.0,0.28,10.0,0.51,5.0,0.52,5.0,0.53,5.0,0.54,10.0,0.55,10.0,0.18,0.18,0.093922,1776170817000
1776170819.487,119.487,0.49,5.0,0.48,5.0,0.47,5.0,0.46,10.0,0.45,10.0,0.67,11.71,0.69,10.0,0.7,10.0,0.71,66.0,0.72,10.0,0.33,11.71,0.31,10.0,0.3,10.0,0.29,66.0,0.28,10.0,0.51,5.0,0.52,5.0,0.53,5.0,0.54,10.0,0.55,10.0,0.18,0.18,0.093923,1776170818000
1776170820.201,120.201,0.49,5.0,0.48,5.0,0.47,5.0,0.46,10.0,0.45,10.0,0.67,11.71,0.69,10.0,0.7,10.0,0.71,66.0,0.72,10.0,0.33,11.71,0.31,10.0,0.3,10.0,0.29,66.0,0.28,10.0,0.51,5.0,0.52,5.0,0.53,5.0,0.54,10.0,0.55,10.0,0.18,0.18,0.093923,1776170819000
1776170821.521,121.521,0.49,5.0,0.48,5.0,0.47,5.0,0.46,10.0,0.45,10.0,0.67,11.71,0.69,10.0,0.7,10.0,0.71,66.0,0.72,10.0,0.33,11.71,0.31,10.0,0.3,10.0,0.29,66.0,0.28,10.0,0.51,5.0,0.52,5.0,0.53,5.0,0.54,10.0,0.55,10.0,0.18,0.18,0.093923,1776170820000
1776170822.236,122.236,0.49,5.0,0.48,5.0,0.47,5.0,0.46,10.0,0.45,10.0,0.67,11.71,0.69,10.0,0.7,10.0,0.71,66.0,0.72,10.0,0.33,11.71,0.31,10.0,0.3,10.0,0.29,66.0,0.28,10.0,0.51,5.0,0.52,5.0,0.53,5.0,0.54,10.0,0.55,10.0,0.18,0.18,0.093924,1776170821000
1776170823.82,123.82,0.49,5.0,0.48,5.0,0.47,5.0,0.46,10.0,0.45,10.0,0.67,11.71,0.69,10.0,0.7,10.0,0.71,66.0,0.72,10.0,0.33,11.71,0.31,10.0,0.3,10.0,0.29,66.0,0.28,10.0,0.51,5.0,0.52,5.0,0.53,5.0,0.54,10.0,0.55,10.0,0.18,0.18,0.093923,1776170822000
1776170824.475,124.475,0.49,5.0,0.48,5.0,0.47,5.0,0.46,10.0,0.45,10.0,0.67,11.71,0.69,10.0,0.7,10.0,0.71,66.0,0.72,10.0,0.33,11.71,0.31,10.0,0.3,10.0,0.29,66.0,0.28,10.0,0.51,5.0,0.52,5.0,0.53,5.0,0.54,10.0,0.55,10.0,0.18,0.18,0.09392,1776170823000
1776170825.037,125.037,0.49,5.0,0.48,5.0,0.47,5.0,0.46,10.0,0.45,10.0,0.67,11.71,0.69,10.0,0.7,10.0,0.71,66.0,0.72,10.0,0.33,11.71,0.31,10.0,0.3,10.0,0.29,66.0,0.28,10.0,0.51,5.0,0.52,5.0,0.53,5.0,0.54,10.0,0.55,10.0,0.18,0.18,0.093916,1776170824000
1776170826.858,126.858,0.49,5.0,0.48,5.0,0.47,5.0,0.46,10.0,0.45,10.0,0.67,11.71,0.69,10.0,0.7,10.0,0.71,66.0,0.72,10.0,0.33,11.71,0.31,10.0,0.3,10.0,0.29,66.0,0.28,10.0,0.51,5.0,0.52,5.0,0.53,5.0,0.54,10.0,0.55,10.0,0.18,0.18,0.093905,1776170825000
1776170827.383,127.383,0.49,5.0,0.48,5.0,0.47,5.0,0.46,10.0,0.45,10.0,0.67,11.71,0.69,10.0,0.7,10.0,0.71,66.0,0.72,10.0,0.33,11.71,0.31,10.0,0.3,10.0,0.29,66.0,0.28,10.0,0.51,5.0,0.52,5.0,0.53,5.0,0.54,10.0,0.55,10.0,0.18,0.18,0.093904,1776170826000
1776170827.933,127.933,0.49,5.0,0.48,5.0,0.47,5.0,0.46,10.0,0.45,10.0,0.67,11.71,0.69,10.0,0.7,10.0,0.71,66.0,0.72,10.0,0.33,11.71,0.31,10.0,0.3,10.0,0.29,66.0,0.28,10.0,0.51,5.0,0.52,5.0,0.53,5.0,0.54,10.0,0.55,10.0,0.18,0.18,0.093905,1776170827000
1776170828.961,128.961,0.49,5.0,0.48,5.0,0.47,5.0,0.46,10.0,0.45,10.0,0.67,11.71,0.69,10.0,0.7,10.0,0.71,66.0,0.72,10.0,0.33,11.71,0.31,10.0,0.3,10.0,0.29,66.0,0.28,10.0,0.51,5.0,0.52,5.0,0.53,5.0,0.54,10.0,0.55,10.0,0.18,0.18,0.093906,1776170828000
1776170829.925,129.925,0.49,5.0,0.48,5.0,0.47,5.0,0.46,10.0,0.45,10.0,0.67,11.71,0.69,10.0,0.7,10.0,0.71,66.0,0.72,10.0,0.33,11.71,0.31,10.0,0.3,10.0,0.29,66.0,0.28,10.0,0.51,5.0,0.52,5.0,0.53,5.0,0.54,10.0,0.55,10.0,0.18,0.18,0.093907,1776170829000
1776170830.97,130.97,0.49,5.0,0.48,5.0,0.47,5.0,0.46,10.0,0.45,10.0,0.67,11.71,0.69,10.0,0.7,10.0,0.71,66.0,0.72,10.0,0.33,11.71,0.31,10.0,0.3,10.0,0.29,66.0,0.28,10.0,0.51,5.0,0.52,5.0,0.53,5.0,0.54,10.0,0.55,10.0,0.18,0.18,0.093907,1776170830000
1776170831.93,131.93,0.49,5.0,0.48,5.0,0.47,5.0,0.46,10.0,0.45,10.0,0.67,11.71,0.69,10.0,0.7,10.0,0.71,66.0,0.72,10.0,0.33,11.71,0.31,10.0,0.3,10.0,0.29,66.0,0.28,10.0,0.51,5.0,0.52,5.0,0.53,5.0,0.54,10.0,0.55,10.0,0.18,0.18,0.093909,1776170831000
1776170832.876,132.876,0.49,5.0,0.48,5.0,0.47,5.0,0.46,10.0,0.45,10.0,0.67,11.71,0.69,10.0,0.7,10.0,0.71,66.0,0.72,10.0,0.33,11.71,0.31,10.0,0.3,10.0,0.29,66.0,0.28,10.0,0.51,5.0,0.52,5.0,0.53,5.0,0.54,10.0,0.55,10.0,0.18,0.18,0.093909,1776170832000
1776170833.961,133.961,0.49,5.0,0.48,5.0,0.47,5.0,0.46,10.0,0.45,10.0,0.67,11.71,0.69,10.0,0.7,10.0,0.71,66.0,0.72,10.0,0.33,11.71,0.31,10.0,0.3,10.0,0.29,66.0,0.28,10.0,0.51,5.0,0.52,5.0,0.53,5.0,0.54,10.0,0.55,10.0,0.18,0.18,0.093883,1776170833000
1776170834.957,134.957,0.49,5.0,0.48,5.0,0.47,5.0,0.46,10.0,0.45,10.0,0.67,11.71,0.69,10.0,0.7,10.0,0.71,66.0,0.72,10.0,0.33,11.71,0.31,10.0,0.3,10.0,0.29,66.0,0.28,10.0,0.51,5.0,0.52,5.0,0.53,5.0,0.54,10.0,0.55,10.0,0.18,0.18,0.093868,1776170834000
1776170835.934,135.934,0.49,5.0,0.48,5.0,0.47,5.0,0.46,10.0,0.45,10.0,0.67,11.71,0.69,10.0,0.7,10.0,0.71,66.0,0.72,10.0,0.33,11.71,0.31,10.0,0.3,10.0,0.29,66.0,0.28,10.0,0.51,5.0,0.52,5.0,0.53,5.0,0.54,10.0,0.55,10.0,0.18,0.18,0.09388,1776170835000
1776170837.026,137.026,0.49,5.0,0.48,5.0,0.47,5.0,0.46,10.0,0.45,10.0,0.67,11.71,0.69,10.0,0.7,10.0,0.71,66.0,0.72,10.0,0.33,11.71,0.31,10.0,0.3,10.0,0.29,66.0,0.28,10.0,0.51,5.0,0.52,5.0,0.53,5.0,0.54,10.0,0.55,10.0,0.18,0.18,0.093874,1776170836000
1776170837.901,137.901,0.49,5.0,0.48,5.0,0.47,5.0,0.46,10.0,0.45,10.0,0.67,11.71,0.69,10.0,0.7,10.0,0.71,66.0,0.72,10.0,0.33,11.71,0.31,10.0,0.3,10.0,0.29,66.0,0.28,10.0,0.51,5.0,0.52,5.0,0.53,5.0,0.54,10.0,0.55,10.0,0.18,0.18,0.093874,1776170837000
1776170838.986,138.986,0.49,5.0,0.48,5.0,0.47,5.0,0.46,10.0,0.45,10.0,0.67,11.71,0.69,10.0,0.7,10.0,0.71,66.0,0.72,10.0,0.33,11.71,0.31,10.0,0.3,10.0,0.29,66.0,0.28,10.0,0.51,5.0,0.52,5.0,0.53,5.0,0.54,10.0,0.55,10.0,0.18,0.18,0.093871,1776170838000
1776170840.165,140.165,0.49,5.0,0.48,5.0,0.47,5.0,0.46,10.0,0.45,10.0,0.67,11.71,0.69,10.0,0.7,10.0,0.71,66.0,0.72,10.0,0.33,11.71,0.31,10.0,0.3,10.0,0.29,66.0,0.28,10.0,0.51,5.0,0.52,5.0,0.53,5.0,0.54,10.0,0.55,10.0,0.18,0.18,0.093872,1776170839000
1776170842.161,142.161,0.49,5.0,0.48,5.0,0.47,5.0,0.46,10.0,0.45,10.0,0.67,11.71,0.69,10.0,0.7,10.0,0.71,66.0,0.72,10.0,0.33,11.71,0.31,10.0,0.3,10.0,0.29,66.0,0.28,10.0,0.51,5.0,0.52,5.0,0.53,5.0,0.54,10.0,0.55,10.0,0.18,0.18,0.093875,1776170841000
1776170843.614,143.614,0.49,5.0,0.48,5.0,0.47,5.0,0.46,10.0,0.45,10.0,0.67,11.71,0.69,10.0,0.7,10.0,0.71,66.0,0.72,10.0,0.33,11.71,0.31,10.0,0.3,10.0,0.29,66.0,0.28,10.0,0.51,5.0,0.52,5.0,0.53,5.0,0.54,10.0,0.55,10.0,0.18,0.18,0.09388,1776170842000
1776170844.213,144.213,0.49,5.0,0.48,5.0,0.47,5.0,0.46,10.0,0.45,10.0,0.67,11.71,0.69,10.0,0.7,10.0,0.71,66.0,0.72,10.0,0.33,11.71,0.31,10.0,0.3,10.0,0.29,66.0,0.28,10.0,0.51,5.0,0.52,5.0,0.53,5.0,0.54,10.0,0.55,10.0,0.18,0.18,0.093876,1776170843000
1776170845.65,145.65,0.49,5.0,0.48,5.0,0.47,5.0,0.46,10.0,0.45,10.0,0.67,11.71,0.69,10.0,0.7,10.0,0.71,66.0,0.72,10.0,0.33,11.71,0.31,10.0,0.3,10.0,0.29,66.0,0.28,10.0,0.51,5.0,0.52,5.0,0.53,5.0,0.54,10.0,0.55,10.0,0.18,0.18,0.093878,1776170844000
1776170846.33,146.33,0.49,5.0,0.48,5.0,0.47,5.0,0.46,10.0,0.45,10.0,0.67,11.71,0.69,10.0,0.7,10.0,0.71,66.0,0.72,10.0,0.33,11.71,0.31,10.0,0.3,10.0,0.29,66.0,0.28,10.0,0.51,5.0,0.52,5.0,0.53,5.0,0.54,10.0,0.55,10.0,0.18,0.18,0.093878,1776170845000
1776170847.086,147.086,0.49,5.0,0.48,5.0,0.47,5.0,0.46,10.0,0.45,10.0,0.67,11.71,0.69,10.0,0.7,10.0,0.71,66.0,0.72,10.0,0.33,11.71,0.31,10.0,0.3,10.0,0.29,66.0,0.28,10.0,0.51,5.0,0.52,5.0,0.53,5.0,0.54,10.0,0.55,10.0,0.18,0.18,0.093878,1776170846000
1776170848.429,148.429,0.49,5.0,0.48,5.0,0.47,5.0,0.46,10.0,0.45,10.0,0.67,11.71,0.69,10.0,0.7,10.0,0.71,66.0,0.72,10.0,0.33,11.71,0.31,10.0,0.3,10.0,0.29,66.0,0.28,10.0,0.51,5.0,0.52,5.0,0.53,5.0,0.54,10.0,0.55,10.0,0.18,0.18,0.09388,1776170847000
1776170849.154,149.154,0.49,5.0,0.48,5.0,0.47,5.0,0.46,10.0,0.45,10.0,0.67,11.71,0.69,10.0,0.7,10.0,0.71,66.0,0.72,10.0,0.33,11.71,0.31,10.0,0.3,10.0,0.29,66.0,0.28,10.0,0.51,5.0,0.52,5.0,0.53,5.0,0.54,10.0,0.55,10.0,0.18,0.18,0.09388,1776170848000
1776170850.733,150.733,0.49,5.0,0.48,5.0,0.47,5.0,0.46,10.0,0.45,10.0,0.67,11.71,0.69,10.0,0.7,10.0,0.71,66.0,0.72,10.0,0.33,11.71,0.31,10.0,0.3,10.0,0.29,66.0,0.28,10.0,0.51,5.0,0.52,5.0,0.53,5.0,0.54,10.0,0.55,10.0,0.18,0.18,0.093878,1776170849000
1776170851.38,151.38,0.49,5.0,0.48,5.0,0.47,5.0,0.46,10.0,0.45,10.0,0.67,11.71,0.69,10.0,0.7,10.0,0.71,66.0,0.72,10.0,0.33,11.71,0.31,10.0,0.3,10.0,0.29,66.0,0.28,10.0,0.51,5.0,0.52,5.0,0.53,5.0,0.54,10.0,0.55,10.0,0.18,0.18,0.093878,1776170850000
1776170852.194,152.194,0.49,5.0,0.48,5.0,0.47,5.0,0.46,10.0,0.45,10.0,0.67,11.71,0.69,10.0,0.7,10.0,0.71,66.0,0.72,10.0,0.33,11.71,0.31,10.0,0.3,10.0,0.29,66.0,0.28,10.0,0.51,5.0,0.52,5.0,0.53,5.0,0.54,10.0,0.55,10.0,0.18,0.18,0.093877,1776170851000
1776170853.592,153.592,0.49,5.0,0.48,5.0,0.47,5.0,0.46,10.0,0.45,10.0,0.67,11.71,0.69,10.0,0.7,10.0,0.71,66.0,0.72,10.0,0.33,11.71,0.31,10.0,0.3,10.0,0.29,66.0,0.28,10.0,0.51,5.0,0.52,5.0,0.53,5.0,0.54,10.0,0.55,10.0,0.18,0.18,0.093877,1776170852000
1776170854.172,154.172,0.49,5.0,0.48,5.0,0.47,5.0,0.46,10.0,0.45,10.0,0.67,11.71,0.69,10.0,0.7,10.0,0.71,66.0,0.72,10.0,0.33,11.71,0.31,10.0,0.3,10.0,0.29,66.0,0.28,10.0,0.51,5.0,0.52,5.0,0.53,5.0,0.54,10.0,0.55,10.0,0.18,0.18,0.093877,1776170853000
1776170855.637,155.637,0.49,5.0,0.48,5.0,0.47,5.0,0.46,10.0,0.45,10.0,0.67,11.71,0.69,10.0,0.7,10.0,0.71,66.0,0.72,10.0,0.33,11.71,0.31,10.0,0.3,10.0,0.29,66.0,0.28,10.0,0.51,5.0,0.52,5.0,0.53,5.0,0.54,10.0,0.55,10.0,0.18,0.18,0.093878,1776170854000
1776170856.315,156.315,0.49,5.0,0.48,5.0,0.47,5.0,0.46,10.0,0.45,10.0,0.67,11.71,0.69,10.0,0.7,10.0,0.71,66.0,0.72,10.0,0.33,11.71,0.31,10.0,0.3,10.0,0.29,66.0,0.28,10.0,0.51,5.0,0.52,5.0,0.53,5.0,0.54,10.0,0.55,10.0,0.18,0.18,0.093878,1776170855000
1776170857.034,157.034,0.49,5.0,0.48,5.0,0.47,5.0,0.46,10.0,0.45,10.0,0.67,11.71,0.69,10.0,0.7,10.0,0.71,66.0,0.72,10.0,0.33,11.71,0.31,10.0,0.3,10.0,0.29,66.0,0.28,10.0,0.51,5.0,0.52,5.0,0.53,5.0,0.54,10.0,0.55,10.0,0.18,0.18,0.093877,1776170856000
1776170858.632,158.632,0.49,5.0,0.48,5.0,0.47,5.0,0.46,10.0,0.45,10.0,0.67,11.71,0.69,10.0,0.7,10.0,0.71,66.0,0.72,10.0,0.33,11.71,0.31,10.0,0.3,10.0,0.29,66.0,0.28,10.0,0.51,5.0,0.52,5.0,0.53,5.0,0.54,10.0,0.55,10.0,0.18,0.18,0.093877,1776170857000
1776170859.256,159.256,0.49,5.0,0.48,5.0,0.47,5.0,0.46,10.0,0.45,10.0,0.67,11.71,0.69,10.0,0.7,10.0,0.71,66.0,0.72,10.0,0.33,11.71,0.31,10.0,0.3,10.0,0.29,66.0,0.28,10.0,0.51,5.0,0.52,5.0,0.53,5.0,0.54,10.0,0.55,10.0,0.18,0.18,0.093877,1776170858000
1776170860.547,160.547,0.49,5.0,0.48,5.0,0.47,5.0,0.46,10.0,0.45,10.0,0.67,11.71,0.69,10.0,0.7,10.0,0.71,66.0,0.72,10.0,0.33,11.71,0.31,10.0,0.3,10.0,0.29,66.0,0.28,10.0,0.51,5.0,0.52,5.0,0.53,5.0,0.54,10.0,0.55,10.0,0.18,0.18,0.093881,1776170859000
1776170861.148,161.148,0.49,5.0,0.48,5.0,0.47,5.0,0.46,10.0,0.45,10.0,0.67,11.71,0.69,10.0,0.7,10.0,0.71,66.0,0.72,10.0,0.33,11.71,0.31,10.0,0.3,10.0,0.29,66.0,0.28,10.0,0.51,5.0,0.52,5.0,0.53,5.0,0.54,10.0,0.55,10.0,0.18,0.18,0.093881,1776170860000
1776170862.367,162.367,0.49,5.0,0.48,5.0,0.47,5.0,0.46,10.0,0.45,10.0,0.67,11.71,0.69,10.0,0.7,10.0,0.71,66.0,0.72,10.0,0.33,11.71,0.31,10.0,0.3,10.0,0.29,66.0,0.28,10.0,0.51,5.0,0.52,5.0,0.53,5.0,0.54,10.0,0.55,10.0,0.18,0.18,0.093881,1776170861000
1776170863.022,163.022,0.49,5.0,0.48,5.0,0.47,5.0,0.46,10.0,0.45,10.0,0.67,11.71,0.69,10.0,0.7,10.0,0.71,66.0,0.72,10.0,0.33,11.71,0.31,10.0,0.3,10.0,0.29,66.0,0.28,10.0,0.51,5.0,0.52,5.0,0.53,5.0,0.54,10.0,0.55,10.0,0.18,0.18,0.093882,1776170862000
1776170864.208,164.208,0.49,5.0,0.48,5.0,0.47,5.0,0.46,10.0,0.45,10.0,0.67,11.71,0.69,10.0,0.7,10.0,0.71,66.0,0.72,10.0,0.33,11.71,0.31,10.0,0.3,10.0,0.29,66.0,0.28,10.0,0.51,5.0,0.52,5.0,0.53,5.0,0.54,10.0,0.55,10.0,0.18,0.18,0.093882,1776170863000
1776170865.378,165.378,0.49,5.0,0.48,5.0,0.47,5.0,0.46,10.0,0.45,10.0,0.67,11.71,0.69,10.0,0.7,10.0,0.71,66.0,0.72,10.0,0.33,11.71,0.31,10.0,0.3,10.0,0.29,66.0,0.28,10.0,0.51,5.0,0.52,5.0,0.53,5.0,0.54,10.0,0.55,10.0,0.18,0.18,0.093881,1776170864000
1776170866.041,166.041,0.49,5.0,0.48,5.0,0.47,5.0,0.46,10.0,0.45,10.0,0.67,11.71,0.69,10.0,0.7,10.0,0.71,66.0,0.72,10.0,0.33,11.71,0.31,10.0,0.3,10.0,0.29,66.0,0.28,10.0,0.51,5.0,0.52,5.0,0.53,5.0,0.54,10.0,0.55,10.0,0.18,0.18,0.093881,1776170865000
1776170867.107,167.107,0.49,5.0,0.48,5.0,0.47,5.0,0.46,10.0,0.45,10.0,0.67,11.71,0.69,10.0,0.7,10.0,0.71,66.0,0.72,10.0,0.33,11.71,0.31,10.0,0.3,10.0,0.29,66.0,0.28,10.0,0.51,5.0,0.52,5.0,0.53,5.0,0.54,10.0,0.55,10.0,0.18,0.18,0.093881,1776170866000
1776170868.175,168.175,0.49,5.0,0.48,5.0,0.47,5.0,0.46,10.0,0.45,10.0,0.67,11.71,0.69,10.0,0.7,10.0,0.71,66.0,0.72,10.0,0.33,11.71,0.31,10.0,0.3,10.0,0.29,66.0,0.28,10.0,0.51,5.0,0.52,5.0,0.53,5.0,0.54,10.0,0.55,10.0,0.18,0.18,0.093897,1776170867000
1776170869.228,169.228,0.49,5.0,0.48,5.0,0.47,5.0,0.46,10.0,0.45,10.0,0.67,11.71,0.69,10.0,0.7,10.0,0.71,66.0,0.72,10.0,0.33,11.71,0.31,10.0,0.3,10.0,0.29,66.0,0.28,10.0,0.51,5.0,0.52,5.0,0.53,5.0,0.54,10.0,0.55,10.0,0.18,0.18,0.093913,1776170868000
1776170870.303,170.303,0.49,5.0,0.48,5.0,0.47,5.0,0.46,10.0,0.45,10.0,0.67,11.71,0.69,10.0,0.7,10.0,0.71,66.0,0.72,10.0,0.33,11.71,0.31,10.0,0.3,10.0,0.29,66.0,0.28,10.0,0.51,5.0,0.52,5.0,0.53,5.0,0.54,10.0,0.55,10.0,0.18,0.18,0.09391,1776170869000
1776170871.565,171.565,0.49,5.0,0.48,5.0,0.47,5.0,0.46,10.0,0.45,10.0,0.67,11.71,0.69,10.0,0.7,10.0,0.71,66.0,0.72,10.0,0.33,11.71,0.31,10.0,0.3,10.0,0.29,66.0,0.28,10.0,0.51,5.0,0.52,5.0,0.53,5.0,0.54,10.0,0.55,10.0,0.18,0.18,0.09391,1776170870000
1776170872.089,172.089,0.49,5.0,0.48,5.0,0.47,5.0,0.46,10.0,0.45,10.0,0.67,11.71,0.69,10.0,0.7,10.0,0.71,66.0,0.72,10.0,0.33,11.71,0.31,10.0,0.3,10.0,0.29,66.0,0.28,10.0,0.51,5.0,0.52,5.0,0.53,5.0,0.54,10.0,0.55,10.0,0.18,0.18,0.09391,1776170871000
1776170873.581,173.581,0.49,5.0,0.48,5.0,0.47,5.0,0.46,10.0,0.45,10.0,0.67,11.71,0.69,10.0,0.7,10.0,0.71,66.0,0.72,10.0,0.33,11.71,0.31,10.0,0.3,10.0,0.29,66.0,0.28,10.0,0.51,5.0,0.52,5.0,0.53,5.0,0.54,10.0,0.55,10.0,0.18,0.18,0.093912,1776170872000
1776170874.094,174.094,0.49,5.0,0.48,5.0,0.47,5.0,0.46,10.0,0.45,10.0,0.67,11.71,0.69,10.0,0.7,10.0,0.71,66.0,0.72,10.0,0.33,11.71,0.31,10.0,0.3,10.0,0.29,66.0,0.28,10.0,0.51,5.0,0.52,5.0,0.53,5.0,0.54,10.0,0.55,10.0,0.18,0.18,0.093915,1776170873000
1776170875.777,175.777,0.49,5.0,0.48,5.0,0.47,5.0,0.46,10.0,0.45,10.0,0.67,11.71,0.69,10.0,0.7,10.0,0.71,66.0,0.72,10.0,0.33,11.71,0.31,10.0,0.3,10.0,0.29,66.0,0.28,10.0,0.51,5.0,0.52,5.0,0.53,5.0,0.54,10.0,0.55,10.0,0.18,0.18,0.093914,1776170874000
1776170876.386,176.386,0.49,5.0,0.48,5.0,0.47,5.0,0.46,10.0,0.45,10.0,0.67,11.71,0.69,10.0,0.7,10.0,0.71,66.0,0.72,10.0,0.33,11.71,0.31,10.0,0.3,10.0,0.29,66.0,0.28,10.0,0.51,5.0,0.52,5.0,0.53,5.0,0.54,10.0,0.55,10.0,0.18,0.18,0.093914,1776170875000
1776170877.057,177.057,0.49,5.0,0.48,5.0,0.47,5.0,0.46,10.0,0.45,10.0,0.67,11.71,0.69,10.0,0.7,10.0,0.71,66.0,0.72,10.0,0.33,11.71,0.31,10.0,0.3,10.0,0.29,66.0,0.28,10.0,0.51,5.0,0.52,5.0,0.53,5.0,0.54,10.0,0.55,10.0,0.18,0.18,0.093914,1776170876000
1776170878.265,178.265,0.49,5.0,0.48,5.0,0.47,5.0,0.46,10.0,0.45,10.0,0.67,11.71,0.69,10.0,0.7,10.0,0.71,66.0,0.72,10.0,0.33,11.71,0.31,10.0,0.3,10.0,0.29,66.0,0.28,10.0,0.51,5.0,0.52,5.0,0.53,5.0,0.54,10.0,0.55,10.0,0.18,0.18,0.093915,1776170877000
1776170879.537,179.537,0.49,5.0,0.48,5.0,0.47,5.0,0.46,10.0,0.45,10.0,0.67,11.71,0.69,10.0,0.7,10.0,0.71,66.0,0.72,10.0,0.33,11.71,0.31,10.0,0.3,10.0,0.29,66.0,0.28,10.0,0.51,5.0,0.52,5.0,0.53,5.0,0.54,10.0,0.55,10.0,0.18,0.18,0.093915,1776170878000
1776170880.169,180.169,0.49,5.0,0.48,5.0,0.47,5.0,0.46,10.0,0.45,10.0,0.67,11.71,0.69,10.0,0.7,10.0,0.71,66.0,0.72,10.0,0.33,11.71,0.31,10.0,0.3,10.0,0.29,66.0,0.28,10.0,0.51,5.0,0.52,5.0,0.53,5.0,0.54,10.0,0.55,10.0,0.18,0.18,0.093915,1776170879000
1776170880.818,180.818,0.71,14.0,0.68,32.0,0.67,15.0,0.66,12.0,0.65,5.0,0.72,10.0,0.73,10.0,0.81,50.0,0.85,5.0,0.93,71.0,0.33,11.71,0.31,10.0,0.3,10.0,0.29,66.0,0.28,10.0,0.51,5.0,0.52,5.0,0.53,5.0,0.54,10.0,0.55,10.0,0.01,0.18,0.093915,1776170879000
1776170881.121,181.121,0.71,35.0,0.67,10.0,0.66,7.0,0.61,50.0,0.51,50.0,0.72,4.93,0.73,10.0,0.81,100.0,0.85,5.0,0.91,50.0,0.28,10.0,0.27,10.0,0.19,50.0,0.15,5.0,0.07,71.0,0.29,14.0,0.32,32.0,0.33,15.0,0.34,12.0,0.35,5.0,0.01,0.01,0.093915,1776170879000
1776170881.471,181.471,0.71,35.0,0.67,10.0,0.66,7.0,0.61,50.0,0.51,50.0,0.72,4.93,0.73,10.0,0.81,100.0,0.85,5.0,0.91,50.0,0.28,4.93,0.27,10.0,0.19,100.0,0.15,5.0,0.09,50.0,0.29,35.0,0.33,10.0,0.34,7.0,0.39,50.0,0.49,50.0,0.01,0.01,0.093915,1776170880000
1776170882.112,182.112,0.71,35.0,0.67,10.0,0.66,7.0,0.61,50.0,0.51,50.0,0.72,4.93,0.73,10.0,0.81,100.0,0.85,5.0,0.91,50.0,0.28,4.93,0.27,10.0,0.19,100.0,0.15,5.0,0.09,50.0,0.29,35.0,0.33,10.0,0.34,7.0,0.39,50.0,0.49,50.0,0.01,0.01,0.093917,1776170881000
1776170883.225,183.225,0.71,38.44,0.61,50.0,0.51,50.0,0.47,5.0,0.45,10.0,0.73,8.36,0.81,50.0,0.91,50.0,0.95,5.0,0.96,72.7,0.28,4.93,0.27,10.0,0.19,50.0,0.11,5.0,0.09,50.0,0.29,43.44,0.39,50.0,0.49,50.0,0.53,5.0,0.55,10.0,0.02,0.01,0.093917,1776170881000
1776170883.58,183.58,0.72,15.0,0.71,28.44,0.61,50.0,0.51,50.0,0.47,5.0,0.73,2.74,0.81,50.0,0.91,50.0,0.95,54.7,0.96,77.7,0.27,8.36,0.19,50.0,0.09,50.0,0.05,5.0,0.04,72.7,0.29,38.44,0.39,50.0,0.49,50.0,0.53,5.0,0.55,10.0,0.01,0.02,0.093933,1776170882000
1776170884.123,184.123,0.72,15.0,0.71,28.44,0.61,50.0,0.51,50.0,0.47,5.0,0.73,2.74,0.81,50.0,0.91,50.0,0.95,54.7,0.96,77.7,0.27,2.74,0.19,50.0,0.09,50.0,0.05,54.7,0.04,77.7,0.28,15.0,0.29,28.44,0.39,50.0,0.49,50.0,0.53,5.0,0.01,0.01,0.093945,1776170883000
1776170885.266,185.266,0.72,15.0,0.71,28.44,0.61,50.0,0.51,50.0,0.47,5.0,0.73,2.74,0.81,50.0,0.91,50.0,0.95,54.7,0.96,77.7,0.27,2.74,0.19,50.0,0.09,50.0,0.05,54.7,0.04,77.7,0.28,15.0,0.29,28.44,0.39,50.0,0.49,50.0,0.53,5.0,0.01,0.01,0.093953,1776170884000
1776170886.469,186.469,0.72,15.0,0.71,28.44,0.61,50.0,0.51,50.0,0.47,5.0,0.73,2.74,0.81,50.0,0.91,50.0,0.95,54.7,0.96,77.7,0.27,2.74,0.19,50.0,0.09,50.0,0.05,54.7,0.04,77.7,0.28,15.0,0.29,28.44,0.39,50.0,0.49,50.0,0.53,5.0,0.01,0.01,0.093941,1776170885000
1776170887.048,187.048,0.72,15.0,0.71,28.44,0.61,50.0,0.51,50.0,0.47,5.0,0.73,2.74,0.81,50.0,0.91,50.0,0.95,54.7,0.96,77.7,0.27,2.74,0.19,50.0,0.09,50.0,0.05,54.7,0.04,77.7,0.28,15.0,0.29,28.44,0.39,50.0,0.49,50.0,0.53,5.0,0.01,0.01,0.09394,1776170886000
1776170888.346,188.346,0.72,47.0,0.71,7.44,0.61,50.0,0.51,50.0,0.47,5.0,0.81,50.0,0.91,50.0,0.93,39.9,0.94,46.1,0.95,54.7,0.19,50.0,0.09,50.0,0.07,39.9,0.06,46.1,0.05,54.7,0.28,47.0,0.29,7.44,0.39,50.0,0.49,50.0,0.53,5.0,0.09,0.09,0.093947,1776170887000
1776170889.989,189.989,0.72,47.0,0.71,7.44,0.61,50.0,0.51,50.0,0.47,5.0,0.81,50.0,0.91,50.0,0.93,39.9,0.94,46.1,0.95,54.7,0.19,50.0,0.09,50.0,0.07,39.9,0.06,46.1,0.05,54.7,0.28,47.0,0.29,7.44,0.39,50.0,0.49,50.0,0.53,5.0,0.09,0.09,0.093941,1776170889000
1776170891.388,191.388,0.72,47.0,0.71,7.44,0.61,50.0,0.51,50.0,0.47,5.0,0.81,50.0,0.91,50.0,0.93,39.9,0.94,46.1,0.95,54.7,0.19,50.0,0.09,50.0,0.07,39.9,0.06,46.1,0.05,54.7,0.28,47.0,0.29,7.44,0.39,50.0,0.49,50.0,0.53,5.0,0.09,0.09,0.093925,1776170890000
1776170891.959,191.959,0.72,47.0,0.71,7.44,0.61,50.0,0.51,50.0,0.47,5.0,0.81,50.0,0.91,50.0,0.93,39.9,0.94,46.1,0.95,54.7,0.19,50.0,0.09,50.0,0.07,39.9,0.06,46.1,0.05,54.7,0.28,47.0,0.29,7.44,0.39,50.0,0.49,50.0,0.53,5.0,0.09,0.09,0.093925,1776170891000
1776170893.164,193.164,0.72,47.0,0.71,7.44,0.61,50.0,0.51,50.0,0.47,5.0,0.81,50.0,0.91,50.0,0.93,39.9,0.94,46.1,0.95,54.7,0.19,50.0,0.09,50.0,0.07,39.9,0.06,46.1,0.05,54.7,0.28,47.0,0.29,7.44,0.39,50.0,0.49,50.0,0.53,5.0,0.09,0.09,0.093925,1776170892000
1776170894.477,194.477,0.71,7.44,0.69,5.0,0.68,5.0,0.63,7.0,0.59,10.0,0.81,97.53,0.84,19.3,0.85,20.39,0.86,21.6,0.87,23.0,0.19,50.0,0.09,50.0,0.07,39.9,0.06,46.1,0.05,54.7,0.28,47.0,0.29,7.44,0.39,50.0,0.49,50.0,0.53,5.0,0.1,0.09,0.093925,1776170892000
1776170894.728,194.728,0.71,7.44,0.69,5.0,0.68,5.0,0.63,7.0,0.59,10.0,0.81,97.53,0.84,19.3,0.85,20.39,0.86,21.6,0.87,23.0,0.19,97.53,0.16,19.3,0.15,20.39,0.14,21.6,0.13,23.0,0.29,7.44,0.31,5.0,0.32,5.0,0.37,7.0,0.41,10.0,0.1,0.1,0.093925,1776170893000
1776170895.381,195.381,0.71,7.44,0.69,5.0,0.68,5.0,0.63,7.0,0.59,10.0,0.81,97.53,0.84,19.3,0.85,20.39,0.86,21.6,0.87,23.0,0.19,97.53,0.16,19.3,0.15,20.39,0.14,21.6,0.13,23.0,0.29,7.44,0.31,5.0,0.32,5.0,0.37,7.0,0.41,10.0,0.1,0.1,0.093925,1776170894000
1776170896.693,196.693,0.71,7.44,0.69,5.0,0.68,5.0,0.63,7.0,0.59,10.0,0.81,97.53,0.84,19.3,0.85,20.39,0.86,21.6,0.87,23.0,0.19,97.53,0.16,19.3,0.15,20.39,0.14,21.6,0.13,23.0,0.29,7.44,0.31,5.0,0.32,5.0,0.37,7.0,0.41,10.0,0.1,0.1,0.093925,1776170895000
1776170897.392,197.392,0.71,7.44,0.69,5.0,0.68,5.0,0.63,7.0,0.59,10.0,0.81,97.53,0.84,19.3,0.85,20.39,0.86,21.6,0.87,23.0,0.19,97.53,0.16,19.3,0.15,20.39,0.14,21.6,0.13,23.0,0.29,7.44,0.31,5.0,0.32,5.0,0.37,7.0,0.41,10.0,0.1,0.1,0.093925,1776170896000
1776170898.027,198.027,0.71,7.44,0.69,5.0,0.68,5.0,0.63,7.0,0.59,10.0,0.81,97.53,0.84,19.3,0.85,20.39,0.86,21.6,0.87,23.0,0.19,97.53,0.16,19.3,0.15,20.39,0.14,21.6,0.13,23.0,0.29,7.44,0.31,5.0,0.32,5.0,0.37,7.0,0.41,10.0,0.1,0.1,0.093925,1776170897000
1776170899.565,199.565,0.71,7.44,0.69,5.0,0.68,5.0,0.63,7.0,0.59,10.0,0.81,97.53,0.84,19.3,0.85,20.39,0.86,21.6,0.87,23.0,0.19,97.53,0.16,19.3,0.15,20.39,0.14,21.6,0.13,23.0,0.29,7.44,0.31,5.0,0.32,5.0,0.37,7.0,0.41,10.0,0.1,0.1,0.093925,1776170898000
1776170900.07,200.07,0.71,7.44,0.69,5.0,0.68,5.0,0.63,7.0,0.59,10.0,0.81,97.53,0.84,19.3,0.85,20.39,0.86,21.6,0.87,23.0,0.19,97.53,0.16,19.3,0.15,20.39,0.14,21.6,0.13,23.0,0.29,7.44,0.31,5.0,0.32,5.0,0.37,7.0,0.41,10.0,0.1,0.1,0.093925,1776170899000
1776170901.592,201.592,0.71,7.44,0.69,5.0,0.68,5.0,0.63,7.0,0.59,10.0,0.81,97.53,0.84,19.3,0.85,20.39,0.86,21.6,0.87,23.0,0.19,97.53,0.16,19.3,0.15,20.39,0.14,21.6,0.13,23.0,0.29,7.44,0.31,5.0,0.32,5.0,0.37,7.0,0.41,10.0,0.1,0.1,0.093925,1776170900000
1776170902.133,202.133,0.71,7.44,0.69,5.0,0.68,5.0,0.63,7.0,0.59,10.0,0.81,97.53,0.84,19.3,0.85,20.39,0.86,21.6,0.87,23.0,0.19,97.53,0.16,19.3,0.15,20.39,0.14,21.6,0.13,23.0,0.29,7.44,0.31,5.0,0.32,5.0,0.37,7.0,0.41,10.0,0.1,0.1,0.093925,1776170901000
1776170902.528,202.528,0.61,10.0,0.51,50.0,0.49,21.67,0.47,5.0,0.45,10.0,0.8,16.2,0.81,114.42,0.82,17.6,0.83,18.39,0.84,19.3,0.19,97.53,0.16,19.3,0.15,20.39,0.14,21.6,0.13,23.0,0.29,7.44,0.31,5.0,0.32,5.0,0.37,7.0,0.41,10.0,0.19,0.1,0.093925,1776170901000
1776170903.615,203.615,0.61,10.0,0.51,50.0,0.49,21.67,0.47,5.0,0.45,10.0,0.8,16.2,0.81,114.42,0.82,17.6,0.83,18.39,0.84,19.3,0.2,16.2,0.19,114.42,0.18,17.6,0.17,18.39,0.16,19.3,0.39,10.0,0.49,50.0,0.51,21.67,0.53,5.0,0.55,10.0,0.19,0.19,0.093925,1776170902000
1776170904.229,204.229,0.61,10.0,0.51,50.0,0.49,21.67,0.47,5.0,0.45,10.0,0.8,16.2,0.81,114.42,0.82,17.6,0.83,18.39,0.84,19.3,0.2,16.2,0.19,114.42,0.18,17.6,0.17,18.39,0.16,19.3,0.39,10.0,0.49,50.0,0.51,21.67,0.53,5.0,0.55,10.0,0.19,0.19,0.093925,1776170903000
1776170905.419,205.419,0.61,10.0,0.51,50.0,0.49,21.67,0.47,5.0,0.45,10.0,0.8,16.2,0.81,114.42,0.82,17.6,0.83,18.39,0.84,19.3,0.2,16.2,0.19,114.42,0.18,17.6,0.17,18.39,0.16,19.3,0.39,10.0,0.49,50.0,0.51,21.67,0.53,5.0,0.55,10.0,0.19,0.19,0.093925,1776170904000
1776170906.535,206.535,0.61,10.0,0.51,50.0,0.49,21.67,0.47,5.0,0.45,10.0,0.8,16.2,0.81,114.42,0.82,17.6,0.83,18.39,0.84,19.3,0.2,16.2,0.19,114.42,0.18,17.6,0.17,18.39,0.16,19.3,0.39,10.0,0.49,50.0,0.51,21.67,0.53,5.0,0.55,10.0,0.19,0.19,0.093925,1776170905000
1776170907.515,207.515,0.61,10.0,0.51,50.0,0.49,21.67,0.47,5.0,0.45,10.0,0.8,16.2,0.81,114.42,0.82,17.6,0.83,18.39,0.84,19.3,0.2,16.2,0.19,114.42,0.18,17.6,0.17,18.39,0.16,19.3,0.39,10.0,0.49,50.0,0.51,21.67,0.53,5.0,0.55,10.0,0.19,0.19,0.093924,1776170906000
1776170908.11,208.11,0.61,10.0,0.51,50.0,0.49,21.67,0.47,5.0,0.45,10.0,0.8,16.2,0.81,114.42,0.82,17.6,0.83,18.39,0.84,19.3,0.2,16.2,0.19,114.42,0.18,17.6,0.17,18.39,0.16,19.3,0.39,10.0,0.49,50.0,0.51,21.67,0.53,5.0,0.55,10.0,0.19,0.19,0.093924,1776170907000
1776170909.202,209.202,0.61,10.0,0.51,50.0,0.49,21.67,0.47,5.0,0.45,10.0,0.8,16.2,0.81,114.42,0.82,17.6,0.83,18.39,0.84,19.3,0.2,16.2,0.19,114.42,0.18,17.6,0.17,18.39,0.16,19.3,0.39,10.0,0.49,50.0,0.51,21.67,0.53,5.0,0.55,10.0,0.19,0.19,0.093924,1776170908000
1776170910.197,210.197,0.61,10.0,0.51,50.0,0.49,21.67,0.47,5.0,0.45,10.0,0.8,16.2,0.81,114.42,0.82,17.6,0.83,18.39,0.84,19.3,0.2,16.2,0.19,114.42,0.18,17.6,0.17,18.39,0.16,19.3,0.39,10.0,0.49,50.0,0.51,21.67,0.53,5.0,0.55,10.0,0.19,0.19,0.093924,1776170909000
1776170911.158,211.158,0.61,10.0,0.51,50.0,0.49,21.67,0.47,5.0,0.45,10.0,0.8,16.2,0.81,114.42,0.82,17.6,0.83,18.39,0.84,19.3,0.2,16.2,0.19,114.42,0.18,17.6,0.17,18.39,0.16,19.3,0.39,10.0,0.49,50.0,0.51,21.67,0.53,5.0,0.55,10.0,0.19,0.19,0.093924,1776170910000
1776170912.158,212.158,0.61,10.0,0.51,50.0,0.49,21.67,0.47,5.0,0.45,10.0,0.8,16.2,0.81,114.42,0.82,17.6,0.83,18.39,0.84,19.3,0.2,16.2,0.19,114.42,0.18,17.6,0.17,18.39,0.16,19.3,0.39,10.0,0.49,50.0,0.51,21.67,0.53,5.0,0.55,10.0,0.19,0.19,0.093919,1776170911000
1776170913.084,213.084,0.72,6.0,0.68,7.0,0.6,10.0,0.51,50.0,0.49,21.67,0.79,13.16,0.8,16.2,0.81,114.42,0.82,17.6,0.83,18.39,0.21,13.16,0.2,16.2,0.19,114.42,0.18,17.6,0.17,18.39,0.28,6.0,0.32,7.0,0.4,10.0,0.49,50.0,0.51,21.67,0.07,0.07,0.093916,1776170912000
1776170914.048,214.048,0.72,6.0,0.68,7.0,0.6,10.0,0.51,50.0,0.49,21.67,0.79,13.16,0.8,16.2,0.81,114.42,0.82,17.6,0.83,18.39,0.21,13.16,0.2,16.2,0.19,114.42,0.18,17.6,0.17,18.39,0.28,6.0,0.32,7.0,0.4,10.0,0.49,50.0,0.51,21.67,0.07,0.07,0.093916,1776170913000
1776170914.982,214.982,0.72,6.0,0.68,7.0,0.6,10.0,0.51,50.0,0.49,21.67,0.79,13.16,0.8,16.2,0.81,114.42,0.82,17.6,0.83,18.39,0.21,13.16,0.2,16.2,0.19,114.42,0.18,17.6,0.17,18.39,0.28,6.0,0.32,7.0,0.4,10.0,0.49,50.0,0.51,21.67,0.07,0.07,0.093916,1776170914000
1776170915.969,215.969,0.72,6.0,0.68,7.0,0.6,10.0,0.51,50.0,0.49,21.67,0.79,13.16,0.8,16.2,0.81,114.42,0.82,17.6,0.83,18.39,0.21,13.16,0.2,16.2,0.19,114.42,0.18,17.6,0.17,18.39,0.28,6.0,0.32,7.0,0.4,10.0,0.49,50.0,0.51,21.67,0.07,0.07,0.093924,1776170915000
1776170917.268,217.268,0.72,6.0,0.68,7.0,0.6,10.0,0.51,50.0,0.49,21.67,0.79,13.16,0.8,16.2,0.81,114.42,0.82,17.6,0.83,18.39,0.21,13.16,0.2,16.2,0.19,114.42,0.18,17.6,0.17,18.39,0.28,6.0,0.32,7.0,0.4,10.0,0.49,50.0,0.51,21.67,0.07,0.07,0.093924,1776170916000
1776170918.45,218.45,0.72,29.0,0.69,7.0,0.61,10.0,0.51,50.0,0.49,32.07,0.75,5.0,0.76,5.0,0.77,5.0,0.81,97.53,0.84,19.3,0.25,5.0,0.24,5.0,0.23,5.0,0.19,97.53,0.16,19.3,0.28,29.0,0.31,7.0,0.39,10.0,0.49,50.0,0.51,32.07,0.03,0.03,0.093924,1776170917000
1776170919.018,219.018,0.72,29.0,0.69,7.0,0.61,10.0,0.51,50.0,0.49,32.07,0.75,5.0,0.76,5.0,0.77,5.0,0.81,97.53,0.84,19.3,0.25,5.0,0.24,5.0,0.23,5.0,0.19,97.53,0.16,19.3,0.28,29.0,0.31,7.0,0.39,10.0,0.49,50.0,0.51,32.07,0.03,0.03,0.093923,1776170918000
1776170919.955,219.955,0.72,6.0,0.7,7.0,0.61,10.0,0.51,60.4,0.5,10.4,0.81,113.18,0.82,17.6,0.83,18.39,0.84,19.3,0.85,20.39,0.25,5.0,0.24,5.0,0.23,5.0,0.19,97.53,0.16,19.3,0.28,29.0,0.31,7.0,0.39,10.0,0.49,50.0,0.51,32.07,0.09,0.03,0.093923,1776170918000
1776170920.293,220.293,0.72,6.0,0.7,7.0,0.61,10.0,0.51,60.4,0.5,10.4,0.81,113.18,0.82,17.6,0.83,18.39,0.84,19.3,0.85,20.39,0.19,113.18,0.18,17.6,0.17,18.39,0.16,19.3,0.15,20.39,0.28,6.0,0.3,7.0,0.39,10.0,0.49,60.4,0.5,10.4,0.09,0.09,0.093918,1776170919000
1776170921.663,221.663,0.72,6.0,0.7,7.0,0.61,10.0,0.51,60.4,0.5,10.4,0.81,113.18,0.82,17.6,0.83,18.39,0.84,19.3,0.85,20.39,0.19,113.18,0.18,17.6,0.17,18.39,0.16,19.3,0.15,20.39,0.28,6.0,0.3,7.0,0.39,10.0,0.49,60.4,0.5,10.4,0.09,0.09,0.093918,1776170920000
1776170922.188,222.188,0.72,6.0,0.7,7.0,0.61,10.0,0.51,60.4,0.5,10.4,0.81,113.18,0.82,17.6,0.83,18.39,0.84,19.3,0.85,20.39,0.19,113.18,0.18,17.6,0.17,18.39,0.16,19.3,0.15,20.39,0.28,6.0,0.3,7.0,0.39,10.0,0.49,60.4,0.5,10.4,0.09,0.09,0.093918,1776170921000
1776170923.387,223.387,0.72,6.0,0.7,7.0,0.61,10.0,0.51,60.4,0.5,10.4,0.81,113.18,0.82,17.6,0.83,18.39,0.84,19.3,0.85,20.39,0.19,113.18,0.18,17.6,0.17,18.39,0.16,19.3,0.15,20.39,0.28,6.0,0.3,7.0,0.39,10.0,0.49,60.4,0.5,10.4,0.09,0.09,0.093918,1776170922000
1776170924.048,224.048,0.72,6.0,0.7,7.0,0.61,10.0,0.51,60.4,0.5,10.4,0.81,113.18,0.82,17.6,0.83,18.39,0.84,19.3,0.85,20.39,0.19,113.18,0.18,17.6,0.17,18.39,0.16,19.3,0.15,20.39,0.28,6.0,0.3,7.0,0.39,10.0,0.49,60.4,0.5,10.4,0.09,0.09,0.093918,1776170923000
1776170925.202,225.202,0.72,6.0,0.7,7.0,0.61,10.0,0.51,60.4,0.5,10.4,0.81,113.18,0.82,17.6,0.83,18.39,0.84,19.3,0.85,20.39,0.19,113.18,0.18,17.6,0.17,18.39,0.16,19.3,0.15,20.39,0.28,6.0,0.3,7.0,0.39,10.0,0.49,60.4,0.5,10.4,0.09,0.09,0.093918,1776170924000
1776170926.568,226.568,0.73,6.0,0.72,6.0,0.62,10.0,0.59,10.7,0.58,10.7,0.75,5.0,0.76,5.0,0.77,5.0,0.8,16.2,0.81,113.18,0.25,5.0,0.24,5.0,0.23,5.0,0.2,16.2,0.19,113.18,0.27,6.0,0.28,6.0,0.38,10.0,0.41,10.7,0.42,10.7,0.02,0.02,0.093918,1776170925000
1776170927.05,227.05,0.73,6.0,0.72,6.0,0.62,10.0,0.59,10.7,0.58,10.7,0.75,5.0,0.76,5.0,0.77,5.0,0.8,16.2,0.81,113.18,0.25,5.0,0.24,5.0,0.23,5.0,0.2,16.2,0.19,113.18,0.27,6.0,0.28,6.0,0.38,10.0,0.41,10.7,0.42,10.7,0.02,0.02,0.093918,1776170926000
1776170928.06,228.06,0.73,6.0,0.72,6.0,0.62,10.0,0.59,10.7,0.58,10.7,0.75,5.0,0.76,5.0,0.77,5.0,0.8,16.2,0.81,113.18,0.25,5.0,0.24,5.0,0.23,5.0,0.2,16.2,0.19,113.18,0.27,6.0,0.28,6.0,0.38,10.0,0.41,10.7,0.42,10.7,0.02,0.02,0.093921,1776170927000
1776170929.287,229.287,0.73,6.0,0.72,6.0,0.62,10.0,0.59,10.7,0.58,10.7,0.75,5.0,0.76,5.0,0.77,5.0,0.8,16.2,0.81,113.18,0.25,5.0,0.24,5.0,0.23,5.0,0.2,16.2,0.19,113.18,0.27,6.0,0.28,6.0,0.38,10.0,0.41,10.7,0.42,10.7,0.02,0.02,0.093921,1776170928000
1776170930.409,230.409,0.73,6.0,0.72,6.0,0.62,10.0,0.59,10.7,0.58,10.7,0.75,5.0,0.76,5.0,0.77,5.0,0.8,16.2,0.81,113.18,0.25,5.0,0.24,5.0,0.23,5.0,0.2,16.2,0.19,113.18,0.27,6.0,0.28,6.0,0.38,10.0,0.41,10.7,0.42,10.7,0.02,0.02,0.093928,1776170929000
1776170931.04,231.04,0.73,6.0,0.72,6.0,0.62,10.0,0.59,10.7,0.58,10.7,0.75,5.0,0.76,5.0,0.77,5.0,0.8,16.2,0.81,113.18,0.25,5.0,0.24,5.0,0.23,5.0,0.2,16.2,0.19,113.18,0.27,6.0,0.28,6.0,0.38,10.0,0.41,10.7,0.42,10.7,0.02,0.02,0.093933,1776170930000
1776170932.614,232.614,0.73,6.0,0.72,6.0,0.62,10.0,0.59,10.7,0.58,10.7,0.75,5.0,0.76,5.0,0.77,5.0,0.8,16.2,0.81,113.18,0.25,5.0,0.24,5.0,0.23,5.0,0.2,16.2,0.19,113.18,0.27,6.0,0.28,6.0,0.38,10.0,0.41,10.7,0.42,10.7,0.02,0.02,0.093935,1776170931000
1776170933.146,233.146,0.73,6.0,0.72,6.0,0.62,10.0,0.59,10.7,0.58,10.7,0.75,5.0,0.76,5.0,0.77,5.0,0.8,16.2,0.81,113.18,0.25,5.0,0.24,5.0,0.23,5.0,0.2,16.2,0.19,113.18,0.27,6.0,0.28,6.0,0.38,10.0,0.41,10.7,0.42,10.7,0.02,0.02,0.093935,1776170932000
1776170934.239,234.239,0.73,6.0,0.72,6.0,0.62,10.0,0.59,10.7,0.58,10.7,0.75,5.0,0.76,5.0,0.77,5.0,0.8,16.2,0.81,113.18,0.25,5.0,0.24,5.0,0.23,5.0,0.2,16.2,0.19,113.18,0.27,6.0,0.28,6.0,0.38,10.0,0.41,10.7,0.42,10.7,0.02,0.02,0.093935,1776170933000
1776170935.302,235.302,0.73,6.0,0.72,6.0,0.62,10.0,0.59,10.7,0.58,10.7,0.75,5.0,0.76,5.0,0.77,5.0,0.8,16.2,0.81,113.18,0.25,5.0,0.24,5.0,0.23,5.0,0.2,16.2,0.19,113.18,0.27,6.0,0.28,6.0,0.38,10.0,0.41,10.7,0.42,10.7,0.02,0.02,0.093935,1776170934000
1776170936.652,236.652,0.78,26.0,0.77,14.7,0.76,14.3,0.75,19.9,0.74,13.5,0.81,40.29,0.86,5.0,0.88,24.6,0.89,26.6,0.9,28.9,0.19,40.29,0.14,5.0,0.12,24.6,0.11,26.6,0.1,28.9,0.22,26.0,0.23,14.7,0.24,14.3,0.25,19.9,0.26,13.5,0.03,0.03,0.093935,1776170935000
1776170937.624,237.624,0.78,26.0,0.77,14.7,0.76,14.3,0.75,19.9,0.74,13.5,0.81,40.29,0.86,5.0,0.88,24.6,0.89,26.6,0.9,28.9,0.19,40.29,0.14,5.0,0.12,24.6,0.11,26.6,0.1,28.9,0.22,26.0,0.23,14.7,0.24,14.3,0.25,19.9,0.26,13.5,0.03,0.03,0.093935,1776170936000
1776170938.208,238.208,0.78,26.0,0.77,14.7,0.76,14.3,0.75,19.9,0.74,13.5,0.81,40.29,0.86,5.0,0.88,24.6,0.89,26.6,0.9,28.9,0.19,40.29,0.14,5.0,0.12,24.6,0.11,26.6,0.1,28.9,0.22,26.0,0.23,14.7,0.24,14.3,0.25,19.9,0.26,13.5,0.03,0.03,0.093935,1776170937000
1776170939.155,239.155,0.8,19.0,0.79,15.7,0.78,15.2,0.77,14.7,0.76,14.3,0.81,34.14,0.86,5.0,0.88,24.6,0.89,26.6,0.9,28.9,0.19,34.14,0.14,5.0,0.12,24.6,0.11,26.6,0.1,28.9,0.2,19.0,0.21,15.7,0.22,15.2,0.23,14.7,0.24,14.3,0.01,0.01,0.093935,1776170938000
1776170939.362,239.362,0.8,35.3,0.79,15.7,0.78,15.2,0.77,14.7,0.76,14.3,0.81,27.95,0.86,5.0,0.9,28.9,0.91,31.7,0.92,35.29,0.19,34.14,0.14,5.0,0.12,24.6,0.11,26.6,0.1,28.9,0.2,19.0,0.21,15.7,0.22,15.2,0.23,14.7,0.24,14.3,0.01,0.01,0.093935,1776170938000
1776170940.245,240.245,0.8,35.3,0.79,15.7,0.78,15.2,0.77,14.7,0.76,14.3,0.81,27.95,0.86,5.0,0.9,28.9,0.91,31.7,0.92,35.29,0.19,27.95,0.14,5.0,0.1,28.9,0.09,31.7,0.08,35.29,0.2,35.3,0.21,15.7,0.22,15.2,0.23,14.7,0.24,14.3,0.01,0.01,0.093935,1776170939000
1776170940.524,240.524,0.8,35.3,0.79,15.7,0.78,15.2,0.77,14.7,0.76,14.3,0.81,25.18,0.86,5.0,0.91,31.7,0.92,35.29,0.93,39.9,0.19,27.95,0.14,5.0,0.1,28.9,0.09,31.7,0.08,35.29,0.2,35.3,0.21,15.7,0.22,15.2,0.23,14.7,0.24,14.3,0.01,0.01,0.093935,1776170939000
1776170941.286,241.286,0.8,35.3,0.79,15.7,0.78,15.2,0.77,14.7,0.76,14.3,0.81,25.18,0.86,5.0,0.91,31.7,0.92,35.29,0.93,39.9,0.19,25.18,0.14,5.0,0.09,31.7,0.08,35.29,0.07,39.9,0.2,35.3,0.21,15.7,0.22,15.2,0.23,14.7,0.24,14.3,0.01,0.01,0.093938,1776170940000
1776170941.593,241.593,0.8,35.3,0.79,15.7,0.78,15.2,0.77,14.7,0.76,14.3,0.81,12.98,0.86,5.0,0.91,31.7,0.92,35.29,0.93,39.9,0.19,25.18,0.14,5.0,0.09,31.7,0.08,35.29,0.07,39.9,0.2,35.3,0.21,15.7,0.22,15.2,0.23,14.7,0.24,14.3,0.01,0.01,0.093938,1776170940000
1776170941.883,241.883,0.8,35.3,0.79,15.7,0.78,15.2,0.77,14.7,0.76,14.3,0.81,7.91,0.86,5.0,0.91,31.7,0.92,35.29,0.93,39.9,0.19,12.98,0.14,5.0,0.09,31.7,0.08,35.29,0.07,39.9,0.2,35.3,0.21,15.7,0.22,15.2,0.23,14.7,0.24,14.3,0.01,0.01,0.093938,1776170940000
1776170942.43,242.43,0.8,35.3,0.79,15.7,0.78,15.2,0.77,14.7,0.76,14.3,0.81,7.91,0.86,5.0,0.91,31.7,0.92,35.29,0.93,39.9,0.19,7.91,0.14,5.0,0.09,31.7,0.08,35.29,0.07,39.9,0.2,35.3,0.21,15.7,0.22,15.2,0.23,14.7,0.24,14.3,0.01,0.01,0.093939,1776170941000
1776170942.998,242.998,0.8,35.3,0.79,15.7,0.78,15.2,0.77,14.7,0.76,14.3,0.81,7.91,0.86,5.0,0.91,31.7,0.92,35.29,0.93,39.9,0.19,7.91,0.14,5.0,0.09,31.7,0.08,35.29,0.07,39.9,0.2,35.3,0.21,15.7,0.22,15.2,0.23,14.7,0.24,14.3,0.01,0.01,0.093939,1776170942000
1776170943.981,243.981,0.8,35.3,0.79,15.7,0.78,15.2,0.77,14.7,0.76,14.3,0.81,7.91,0.86,5.0,0.91,31.7,0.92,35.29,0.93,39.9,0.19,7.91,0.14,5.0,0.09,31.7,0.08,35.29,0.07,39.9,0.2,35.3,0.21,15.7,0.22,15.2,0.23,14.7,0.24,14.3,0.01,0.01,0.093939,1776170943000
1776170945.003,245.003,0.8,35.3,0.79,15.7,0.78,15.2,0.77,14.7,0.76,14.3,0.81,1.76,0.86,5.0,0.91,31.7,0.92,35.29,0.93,39.9,0.19,1.76,0.14,5.0,0.09,31.7,0.08,35.29,0.07,39.9,0.2,35.3,0.21,15.7,0.22,15.2,0.23,14.7,0.24,14.3,0.01,0.01,0.093939,1776170944000
1776170946.128,246.128,0.8,35.3,0.79,15.7,0.78,15.2,0.77,14.7,0.76,14.3,0.81,1.76,0.86,5.0,0.91,31.7,0.92,35.29,0.93,39.9,0.19,1.76,0.14,5.0,0.09,31.7,0.08,35.29,0.07,39.9,0.2,35.3,0.21,15.7,0.22,15.2,0.23,14.7,0.24,14.3,0.01,0.01,0.093939,1776170945000
1776170946.69,246.69,0.75,19.0,0.72,6.0,0.71,50.0,0.69,12.2,0.68,11.9,0.87,18.09,0.88,24.6,0.89,26.6,0.9,28.9,0.91,31.7,0.19,1.76,0.14,5.0,0.09,31.7,0.08,35.29,0.07,39.9,0.2,35.3,0.21,15.7,0.22,15.2,0.23,14.7,0.24,14.3,0.12,0.01,0.093939,1776170945000
1776170947.221,247.221,0.75,19.0,0.72,6.0,0.71,50.0,0.69,12.2,0.68,11.9,0.87,18.09,0.88,24.6,0.89,26.6,0.9,28.9,0.91,31.7,0.13,18.09,0.12,24.6,0.11,26.6,0.1,28.9,0.09,31.7,0.25,19.0,0.28,6.0,0.29,50.0,0.31,12.2,0.32,11.9,0.12,0.12,0.093927,1776170946000
1776170948.295,248.295,0.75,19.0,0.72,6.0,0.71,50.0,0.69,12.2,0.68,11.9,0.87,18.09,0.88,24.6,0.89,26.6,0.9,28.9,0.91,31.7,0.13,18.09,0.12,24.6,0.11,26.6,0.1,28.9,0.09,31.7,0.25,19.0,0.28,6.0,0.29,50.0,0.31,12.2,0.32,11.9,0.12,0.12,0.093916,1776170947000
1776170949.25,249.25,0.79,14.0,0.75,6.0,0.72,18.9,0.71,62.6,0.7,12.4,0.86,16.6,0.87,18.09,0.88,24.6,0.89,26.6,0.9,28.9,0.13,18.09,0.12,24.6,0.11,26.6,0.1,28.9,0.09,31.7,0.25,19.0,0.28,6.0,0.29,50.0,0.31,12.2,0.32,11.9,0.07,0.12,0.093916,1776170947000
1776170949.892,249.892,0.79,14.0,0.75,6.0,0.72,18.9,0.71,62.6,0.7,12.4,0.86,16.6,0.87,18.09,0.88,24.6,0.89,26.6,0.9,28.9,0.14,16.6,0.13,18.09,0.12,24.6,0.11,26.6,0.1,28.9,0.21,14.0,0.25,6.0,0.28,18.9,0.29,62.6,0.3,12.4,0.07,0.07,0.093916,1776170949000
1776170951.001,251.001,0.79,6.0,0.75,6.0,0.73,13.2,0.72,18.9,0.71,62.6,0.84,16.91,0.85,20.39,0.86,16.6,0.87,18.09,0.88,24.6,0.14,16.6,0.13,18.09,0.12,24.6,0.11,26.6,0.1,28.9,0.21,14.0,0.25,6.0,0.28,18.9,0.29,62.6,0.3,12.4,0.05,0.07,0.093916,1776170949000
1776170951.431,251.431,0.79,6.0,0.75,6.0,0.73,13.2,0.72,18.9,0.71,62.6,0.84,16.91,0.85,20.39,0.86,16.6,0.87,18.09,0.88,24.6,0.16,16.91,0.15,20.39,0.14,16.6,0.13,18.09,0.12,24.6,0.21,6.0,0.25,6.0,0.27,13.2,0.28,18.9,0.29,62.6,0.05,0.05,0.093916,1776170950000
1776170951.992,251.992,0.79,6.0,0.75,6.0,0.73,13.2,0.72,18.9,0.71,62.6,0.84,16.91,0.85,20.39,0.86,16.6,0.87,18.09,0.88,24.6,0.16,16.91,0.15,20.39,0.14,16.6,0.13,18.09,0.12,24.6,0.21,6.0,0.25,6.0,0.27,13.2,0.28,18.9,0.29,62.6,0.05,0.05,0.093916,1776170951000
1776170953.564,253.564,0.79,6.0,0.75,6.0,0.74,13.5,0.73,13.2,0.72,18.9,0.85,19.21,0.86,16.6,0.87,18.09,0.88,24.6,0.89,26.6,0.15,19.21,0.14,16.6,0.13,18.09,0.12,24.6,0.11,26.6,0.21,6.0,0.25,6.0,0.26,13.5,0.27,13.2,0.28,18.9,0.06,0.06,0.093918,1776170952000
1776170954.087,254.087,0.82,6.0,0.81,66.0,0.76,5.0,0.75,19.9,0.74,13.5,0.88,3.31,0.89,10.0,0.91,31.7,0.92,40.29,0.93,39.9,0.12,3.31,0.11,10.0,0.09,31.7,0.08,40.29,0.07,39.9,0.18,6.0,0.19,66.0,0.24,5.0,0.25,19.9,0.26,13.5,0.06,0.06,0.093918,1776170953000
1776170955.156,255.156,0.82,6.0,0.81,66.0,0.78,15.2,0.77,14.7,0.76,14.3,0.91,19.07,0.92,40.29,0.93,39.9,0.94,46.1,0.95,54.7,0.12,3.31,0.11,10.0,0.09,31.7,0.08,40.29,0.07,39.9,0.18,6.0,0.19,66.0,0.24,5.0,0.25,19.9,0.26,13.5,0.09,0.06,0.093918,1776170953000
1776170955.554,255.554,0.82,6.0,0.81,66.0,0.78,15.2,0.77,14.7,0.76,14.3,0.91,19.07,0.92,40.29,0.93,39.9,0.94,46.1,0.95,54.7,0.09,19.07,0.08,40.29,0.07,39.9,0.06,46.1,0.05,54.7,0.18,6.0,0.19,66.0,0.22,15.2,0.23,14.7,0.24,14.3,0.09,0.09,0.093918,1776170954000
1776170956.071,256.071,0.82,6.0,0.81,66.0,0.78,15.2,0.77,14.7,0.76,14.3,0.91,19.07,0.92,40.29,0.93,39.9,0.94,46.1,0.95,54.7,0.09,19.07,0.08,40.29,0.07,39.9,0.06,46.1,0.05,54.7,0.18,6.0,0.19,66.0,0.22,15.2,0.23,14.7,0.24,14.3,0.09,0.09,0.093927,1776170955000
1776170957.181,257.181,0.82,6.0,0.81,66.0,0.78,15.2,0.77,14.7,0.76,14.3,0.91,19.07,0.92,40.29,0.93,39.9,0.94,46.1,0.95,54.7,0.09,19.07,0.08,40.29,0.07,39.9,0.06,46.1,0.05,54.7,0.18,6.0,0.19,66.0,0.22,15.2,0.23,14.7,0.24,14.3,0.09,0.09,0.093927,1776170956000
1776170958.357,258.357,0.82,6.0,0.81,66.0,0.78,15.2,0.77,14.7,0.76,14.3,0.91,19.07,0.92,40.29,0.93,39.9,0.94,46.1,0.95,54.7,0.09,19.07,0.08,40.29,0.07,39.9,0.06,46.1,0.05,54.7,0.18,6.0,0.19,66.0,0.22,15.2,0.23,14.7,0.24,14.3,0.09,0.09,0.093928,1776170957000
1776170959.505,259.505,0.82,6.0,0.81,66.0,0.78,15.2,0.77,14.7,0.76,14.3,0.91,19.07,0.92,40.29,0.93,39.9,0.94,46.1,0.95,54.7,0.09,19.07,0.08,40.29,0.07,39.9,0.06,46.1,0.05,54.7,0.18,6.0,0.19,66.0,0.22,15.2,0.23,14.7,0.24,14.3,0.09,0.09,0.093936,1776170958000
1776170960.078,260.078,0.82,6.0,0.81,66.0,0.78,15.2,0.77,14.7,0.76,14.3,0.91,19.07,0.92,40.29,0.93,39.9,0.94,46.1,0.95,54.7,0.09,19.07,0.08,40.29,0.07,39.9,0.06,46.1,0.05,54.7,0.18,6.0,0.19,66.0,0.22,15.2,0.23,14.7,0.24,14.3,0.09,0.09,0.093936,1776170959000
1776170961.305,261.305,0.82,6.0,0.81,66.0,0.78,15.2,0.77,14.7,0.76,14.3,0.91,19.07,0.92,40.29,0.93,39.9,0.94,46.1,0.95,54.7,0.09,19.07,0.08,40.29,0.07,39.9,0.06,46.1,0.05,54.7,0.18,6.0,0.19,66.0,0.22,15.2,0.23,14.7,0.24,14.3,0.09,0.09,0.093933,1776170960000
1776170962.299,262.299,0.82,6.0,0.81,66.0,0.78,15.2,0.77,14.7,0.76,14.3,0.91,19.07,0.92,40.29,0.93,39.9,0.94,46.1,0.95,54.7,0.09,19.07,0.08,40.29,0.07,39.9,0.06,46.1,0.05,54.7,0.18,6.0,0.19,66.0,0.22,15.2,0.23,14.7,0.24,14.3,0.09,0.09,0.093933,1776170961000
1776170962.857,262.857,0.89,26.6,0.88,24.6,0.87,23.0,0.86,21.6,0.85,20.39,0.92,7.13,0.94,46.1,0.95,54.7,0.96,72.7,0.97,89.3,0.09,19.07,0.08,40.29,0.07,39.9,0.06,46.1,0.05,54.7,0.18,6.0,0.19,66.0,0.22,15.2,0.23,14.7,0.24,14.3,0.03,0.09,0.093933,1776170961000
1776170963.488,263.488,0.89,26.6,0.88,24.6,0.87,23.0,0.86,21.6,0.85,20.39,0.94,45.03,0.95,54.7,0.96,72.7,0.97,89.3,0.98,147.69,0.06,45.03,0.05,54.7,0.04,72.7,0.03,89.3,0.02,147.69,0.11,26.6,0.12,24.6,0.13,23.0,0.14,21.6,0.15,20.39,0.05,0.05,0.093933,1776170962000
1776170964.043,264.043,0.89,26.6,0.88,24.6,0.87,23.0,0.86,21.6,0.85,20.39,0.94,45.03,0.95,54.7,0.96,72.7,0.97,89.3,0.98,147.69,0.06,45.03,0.05,54.7,0.04,72.7,0.03,89.3,0.02,147.69,0.11,26.6,0.12,24.6,0.13,23.0,0.14,21.6,0.15,20.39,0.05,0.05,0.093933,1776170963000
1776170965.173,265.173,0.89,26.6,0.88,24.6,0.87,23.0,0.86,21.6,0.85,20.39,0.94,45.03,0.95,54.7,0.96,72.7,0.97,89.3,0.98,147.69,0.06,45.03,0.05,54.7,0.04,72.7,0.03,89.3,0.02,147.69,0.11,26.6,0.12,24.6,0.13,23.0,0.14,21.6,0.15,20.39,0.05,0.05,0.093933,1776170964000
1776170966.789,266.789,0.89,26.6,0.88,24.6,0.87,23.0,0.86,21.6,0.85,20.39,0.94,45.03,0.95,54.7,0.96,72.7,0.97,89.3,0.98,147.69,0.06,45.03,0.05,54.7,0.04,72.7,0.03,89.3,0.02,147.69,0.11,26.6,0.12,24.6,0.13,23.0,0.14,21.6,0.15,20.39,0.05,0.05,0.093934,1776170965000
1776170967.213,267.213,0.89,26.6,0.88,24.6,0.87,23.0,0.86,21.6,0.85,20.39,0.94,45.03,0.95,54.7,0.96,72.7,0.97,89.3,0.98,147.69,0.06,45.03,0.05,54.7,0.04,72.7,0.03,89.3,0.02,147.69,0.11,26.6,0.12,24.6,0.13,23.0,0.14,21.6,0.15,20.39,0.05,0.05,0.093934,1776170966000
1776170968.132,268.132,0.89,26.6,0.88,24.6,0.87,23.0,0.86,21.6,0.85,20.39,0.94,45.03,0.95,54.7,0.96,72.7,0.97,89.3,0.98,147.69,0.06,45.03,0.05,54.7,0.04,72.7,0.03,89.3,0.02,147.69,0.11,26.6,0.12,24.6,0.13,23.0,0.14,21.6,0.15,20.39,0.05,0.05,0.093926,1776170967000
1776170968.458,268.458,0.88,24.6,0.87,23.0,0.86,21.6,0.85,20.39,0.84,19.3,0.91,3.92,0.94,46.1,0.95,54.7,0.96,72.7,0.97,89.3,0.06,45.03,0.05,54.7,0.04,72.7,0.03,89.3,0.02,147.69,0.11,26.6,0.12,24.6,0.13,23.0,0.14,21.6,0.15,20.39,0.03,0.05,0.093926,1776170967000
1776170968.661,268.661,0.88,24.6,0.87,23.0,0.86,21.6,0.85,20.39,0.84,19.3,0.94,45.03,0.95,54.7,0.96,72.7,0.97,89.3,0.98,147.69,0.09,3.92,0.06,46.1,0.05,54.7,0.04,72.7,0.03,89.3,0.12,24.6,0.13,23.0,0.14,21.6,0.15,20.39,0.16,19.3,0.06,0.03,0.093926,1776170967000
1776170969.097,269.097,0.88,24.6,0.87,23.0,0.86,21.6,0.85,20.39,0.84,19.3,0.94,45.03,0.95,54.7,0.96,72.7,0.97,89.3,0.98,147.69,0.06,45.03,0.05,54.7,0.04,72.7,0.03,89.3,0.02,147.69,0.12,24.6,0.13,23.0,0.14,21.6,0.15,20.39,0.16,19.3,0.06,0.06,0.093926,1776170968000
1776170969.986,269.986,0.88,24.6,0.87,23.0,0.86,21.6,0.85,20.39,0.84,19.3,0.94,45.03,0.95,54.7,0.96,72.7,0.97,89.3,0.98,147.69,0.06,45.03,0.05,54.7,0.04,72.7,0.03,89.3,0.02,147.69,0.12,24.6,0.13,23.0,0.14,21.6,0.15,20.39,0.16,19.3,0.06,0.06,0.093926,1776170969000
1776170971.013,271.013,0.88,24.6,0.87,23.0,0.86,21.6,0.85,20.39,0.84,19.3,0.94,45.03,0.95,54.7,0.96,72.7,0.97,89.3,0.98,147.69,0.06,45.03,0.05,54.7,0.04,72.7,0.03,89.3,0.02,147.69,0.12,24.6,0.13,23.0,0.14,21.6,0.15,20.39,0.16,19.3,0.06,0.06,0.093926,1776170970000
1776170971.895,271.895,0.88,24.6,0.87,23.0,0.86,21.6,0.85,20.39,0.84,19.3,0.94,45.03,0.95,54.7,0.96,72.7,0.97,89.3,0.98,147.69,0.06,45.03,0.05,54.7,0.04,72.7,0.03,89.3,0.02,147.69,0.12,24.6,0.13,23.0,0.14,21.6,0.15,20.39,0.16,19.3,0.06,0.06,0.093941,1776170971000
1776170972.681,272.681,0.94,46.1,0.93,39.9,0.92,35.29,0.91,31.7,0.9,38.9,0.98,142.38,0.99,508.69,,,,,,,0.06,45.03,0.05,54.7,0.04,72.7,0.03,89.3,0.02,147.69,0.12,24.6,0.13,23.0,0.14,21.6,0.15,20.39,0.16,19.3,0.04,0.06,0.093941,1776170971000
1776170973.835,273.835,0.94,46.1,0.93,39.9,0.92,35.29,0.91,31.7,0.9,38.9,0.98,142.38,0.99,508.69,,,,,,,0.02,142.38,0.01,508.69,,,,,,,0.06,46.1,0.07,39.9,0.08,35.29,0.09,31.7,0.1,38.9,0.04,0.04,0.093944,1776170973000
1776170975.336,275.336,0.94,46.1,0.93,39.9,0.92,35.29,0.91,31.7,0.9,38.9,0.98,142.38,0.99,508.69,,,,,,,0.02,142.38,0.01,508.69,,,,,,,0.06,46.1,0.07,39.9,0.08,35.29,0.09,31.7,0.1,38.9,0.04,0.04,0.093945,1776170974000
1776170976.264,276.264,0.94,46.1,0.93,39.9,0.92,35.29,0.91,31.7,0.9,38.9,0.98,142.38,0.99,508.69,,,,,,,0.02,142.38,0.01,508.69,,,,,,,0.06,46.1,0.07,39.9,0.08,35.29,0.09,31.7,0.1,38.9,0.04,0.04,0.093946,1776170975000
1776170977.256,277.256,0.97,13.18,0.96,5.0,0.95,5.0,0.94,10.0,0.87,15.0,0.98,7.63,0.99,246.09,,,,,,,0.02,8.66,0.01,246.09,,,,,,,0.03,5.18,0.04,5.0,0.05,5.0,0.07,10.0,0.13,5.0,0.01,0.01,0.093946,1776170975000
1776170977.627,277.627,0.97,9.02,0.96,5.0,0.95,5.0,0.94,10.0,0.87,15.0,0.98,7.63,0.99,246.09,,,,,,,0.02,7.63,0.01,246.09,,,,,,,0.03,13.18,0.04,5.0,0.05,5.0,0.06,10.0,0.13,15.0,0.01,0.01,0.09395,1776170976000
1776170978.18,278.18,0.97,9.02,0.96,5.0,0.95,5.0,0.94,10.0,0.88,10.0,0.98,2.58,0.99,246.09,,,,,,,0.02,7.63,0.01,246.09,,,,,,,0.03,9.02,0.04,5.0,0.05,5.0,0.06,10.0,0.13,15.0,0.01,0.01,0.09395,1776170976000
1776170979.184,279.184,0.97,9.02,0.96,5.0,0.95,5.0,0.94,10.0,0.88,10.0,0.98,2.58,0.99,246.09,,,,,,,0.02,2.58,0.01,246.09,,,,,,,0.03,9.02,0.04,5.0,0.05,5.0,0.06,10.0,0.12,10.0,0.01,0.01,0.093951,1776170978000
1776170980.19,280.19,0.97,9.02,0.96,5.0,0.95,5.0,0.94,10.0,0.88,10.0,0.98,2.58,0.99,246.09,,,,,,,0.02,2.58,0.01,246.09,,,,,,,0.03,9.02,0.04,5.0,0.05,5.0,0.06,10.0,0.12,10.0,0.01,0.01,0.093951,1776170979000
1776170980.602,280.602,0.97,9.02,0.96,5.0,0.95,15.0,0.89,10.0,0.87,5.0,0.99,245.67,,,,,,,,,0.02,2.58,0.01,246.09,,,,,,,0.03,9.02,0.04,5.0,0.05,5.0,0.06,10.0,0.12,10.0,0.02,0.01,0.093951,1776170979000
1776170981.253,281.253,0.97,9.02,0.96,15.0,0.95,5.0,0.89,10.0,0.87,5.0,0.99,240.61,,,,,,,,,0.01,240.61,,,,,,,,,0.03,9.02,0.04,15.0,0.05,5.0,0.11,10.0,0.13,5.0,0.02,0.02,0.09395,1776170980000
1776170981.47,281.47,0.97,6.32,0.96,15.0,0.95,5.0,0.89,10.0,0.87,5.0,0.99,240.61,,,,,,,,,0.01,240.61,,,,,,,,,0.03,9.02,0.04,15.0,0.05,5.0,0.11,10.0,0.13,5.0,0.02,0.02,0.09395,1776170980000
1776170982.416,282.416,0.97,6.32,0.96,15.0,0.95,5.0,0.89,10.0,0.87,5.0,0.99,240.61,,,,,,,,,0.01,240.61,,,,,,,,,0.03,6.32,0.04,15.0,0.05,5.0,0.11,10.0,0.13,5.0,0.02,0.02,0.093952,1776170981000
1776170983.004,283.004,0.97,6.32,0.96,15.0,0.95,5.0,0.89,10.0,0.87,5.0,0.99,240.61,,,,,,,,,0.01,240.61,,,,,,,,,0.03,6.32,0.04,15.0,0.05,5.0,0.11,10.0,0.13,5.0,0.02,0.02,0.093952,1776170982000
1776170984.094,284.094,0.97,6.32,0.96,15.0,0.95,5.0,0.89,10.0,0.87,5.0,0.99,240.61,,,,,,,,,0.01,240.61,,,,,,,,,0.03,6.32,0.04,15.0,0.05,5.0,0.11,10.0,0.13,5.0,0.02,0.02,0.093953,1776170983000
1776170985.09,285.09,0.97,6.32,0.96,15.0,0.95,5.0,0.89,10.0,0.87,5.0,0.99,240.61,,,,,,,,,0.01,240.61,,,,,,,,,0.03,6.32,0.04,15.0,0.05,5.0,0.11,10.0,0.13,5.0,0.02,0.02,0.093953,1776170984000
1776170985.523,285.523,0.97,16.32,0.96,5.0,0.95,5.0,0.92,10.0,0.87,5.0,0.99,153.1,,,,,,,,,0.01,240.61,,,,,,,,,0.03,6.32,0.04,15.0,0.05,5.0,0.11,10.0,0.13,5.0,0.02,0.02,0.093953,1776170984000
1776170986.049,286.049,0.97,16.32,0.96,5.0,0.95,5.0,0.92,10.0,0.87,5.0,0.99,153.1,,,,,,,,,0.01,153.1,,,,,,,,,0.03,16.32,0.04,5.0,0.05,5.0,0.08,10.0,0.13,5.0,0.02,0.02,0.093954,1776170985000
1776170987.103,287.103,0.97,16.32,0.96,5.0,0.95,5.0,0.92,10.0,0.87,5.0,0.99,153.1,,,,,,,,,0.01,153.1,,,,,,,,,0.03,16.32,0.04,5.0,0.05,5.0,0.08,10.0,0.13,5.0,0.02,0.02,0.093953,1776170986000
1776170988.042,288.042,0.97,16.32,0.96,5.0,0.95,5.0,0.92,10.0,0.87,5.0,0.99,153.1,,,,,,,,,0.01,153.1,,,,,,,,,0.03,16.32,0.04,5.0,0.05,5.0,0.08,10.0,0.13,5.0,0.02,0.02,0.093953,1776170987000
1776170988.497,288.497,0.93,9.13,0.87,5.0,0.81,50.0,0.75,6.0,0.72,6.0,0.99,153.1,,,,,,,,,0.01,153.1,,,,,,,,,0.03,16.32,0.04,5.0,0.05,5.0,0.08,10.0,0.13,5.0,0.06,0.02,0.093953,1776170987000
1776170989.119,289.119,0.93,9.13,0.87,5.0,0.81,50.0,0.75,6.0,0.72,6.0,0.99,153.1,,,,,,,,,0.01,153.1,,,,,,,,,0.07,9.13,0.13,5.0,0.19,50.0,0.25,6.0,0.28,6.0,0.06,0.06,0.093954,1776170988000
1776170990.069,290.069,0.93,9.13,0.87,5.0,0.81,50.0,0.75,6.0,0.72,6.0,0.99,153.1,,,,,,,,,0.01,153.1,,,,,,,,,0.07,9.13,0.13,5.0,0.19,50.0,0.25,6.0,0.28,6.0,0.06,0.06,0.093954,1776170989000
1776170990.898,290.898,0.87,5.0,0.81,50.0,0.75,6.0,0.72,6.0,0.71,50.0,0.99,27.08,,,,,,,,,0.01,52.08,,,,,,,,,0.07,10.0,0.13,5.0,0.19,50.0,0.25,6.0,0.28,6.0,0.12,0.06,0.093954,1776170989000
1776170993.026,293.026,0.87,5.0,0.81,50.0,0.75,6.0,0.72,6.0,0.71,50.0,0.99,27.08,,,,,,,,,0.01,27.08,,,,,,,,,0.13,5.0,0.19,50.0,0.25,6.0,0.28,6.0,0.29,50.0,0.12,0.12,0.093953,1776170991000
1776170993.261,293.261,0.87,11.96,0.81,50.0,0.75,6.0,0.72,6.0,0.71,50.0,0.99,22.03,,,,,,,,,0.01,27.08,,,,,,,,,0.13,5.0,0.19,50.0,0.25,6.0,0.28,6.0,0.29,50.0,0.12,0.12,0.093953,1776170991000
1776170993.75,293.75,0.87,11.96,0.81,50.0,0.75,6.0,0.72,6.0,0.71,50.0,0.99,22.03,,,,,,,,,0.01,22.03,,,,,,,,,0.13,11.96,0.19,50.0,0.25,6.0,0.28,6.0,0.29,50.0,0.12,0.12,0.093953,1776170992000
1776170994.487,294.487,0.87,11.96,0.81,50.0,0.75,6.0,0.72,6.0,0.71,50.0,0.99,22.03,,,,,,,,,0.01,22.03,,,,,,,,,0.13,11.96,0.19,50.0,0.25,6.0,0.28,6.0,0.29,50.0,0.12,0.12,0.09394,1776170993000
1776170995.23,295.23,0.87,11.96,0.81,50.0,0.75,6.0,0.72,6.0,0.71,50.0,0.99,11.23,,,,,,,,,0.01,11.23,,,,,,,,,0.13,11.96,0.19,50.0,0.25,6.0,0.28,6.0,0.29,50.0,0.12,0.12,0.093937,1776170994000
1776170996.532,296.532,0.87,11.96,0.81,50.0,0.75,6.0,0.72,6.0,0.71,50.0,,,,,,,,,,,,,,,,,,,,,0.13,11.96,0.19,50.0,0.25,6.0,0.28,6.0,0.29,50.0,,,0.093937,1776170995000
1776170997.168,297.168,0.87,11.96,0.81,50.0,0.75,6.0,0.72,6.0,0.71,50.0,,,,,,,,,,,,,,,,,,,,,0.13,11.96,0.19,50.0,0.25,6.0,0.28,6.0,0.29,50.0,,,0.093937,1776170996000
1776170998.32,298.32,0.87,11.96,0.81,50.0,0.75,6.0,0.72,6.0,0.71,50.0,,,,,,,,,,,,,,,,,,,,,0.13,11.96,0.19,50.0,0.25,6.0,0.28,6.0,0.29,50.0,,,0.093937,1776170997000
1776170999.414,299.414,0.87,11.96,0.81,50.0,0.75,6.0,0.72,6.0,0.71,50.0,,,,,,,,,,,,,,,,,,,,,0.13,11.96,0.19,50.0,0.25,6.0,0.28,6.0,0.29,50.0,,,0.093937,1776170998000
1776171000.03,300.03,0.87,11.96,0.81,50.0,0.75,6.0,0.72,6.0,0.71,50.0,,,,,,,,,,,,,,,,,,,,,0.13,11.96,0.19,50.0,0.25,6.0,0.28,6.0,0.29,50.0,,,0.093936,1776170999000
1776171001.166,301.166,0.87,11.96,0.81,50.0,0.75,6.0,0.72,6.0,0.71,50.0,,,,,,,,,,,,,,,,,,,,,0.13,11.96,0.19,50.0,0.25,6.0,0.28,6.0,0.29,50.0,,,0.093937,1776171000000
1776171002.192,302.192,0.87,11.96,0.81,50.0,0.75,6.0,0.72,6.0,0.71,50.0,,,,,,,,,,,,,,,,,,,,,0.13,11.96,0.19,50.0,0.25,6.0,0.28,6.0,0.29,50.0,,,0.093937,1776171001000

# RESULT,winner=Up,slug=doge-updown-5m-1776170700,ticks=325
