timestamp,elapsed_sec,up_bid_p1,up_bid_s1,up_bid_p2,up_bid_s2,up_ask_p1,up_ask_s1,up_ask_p2,up_ask_s2,down_bid_p1,down_bid_s1,down_bid_p2,down_bid_s2,down_ask_p1,down_ask_s1,down_ask_p2,down_ask_s2,up_spread,down_spread,doge_price,doge_oracle_ts
1776186301.611,1.611,0.49,6.0,0.48,13.66,0.51,6.0,0.52,6.0,0.49,6.0,0.48,6.0,0.51,6.0,0.52,13.66,0.02,0.02,0.095122,1776186299000
1776186302.165,2.165,0.49,6.0,0.48,13.66,0.51,6.0,0.52,6.0,0.49,6.0,0.48,6.0,0.51,6.0,0.52,13.66,0.02,0.02,0.095131,1776186300000
1776186302.786,2.786,0.49,6.0,0.48,13.66,0.51,6.0,0.52,6.0,0.49,6.0,0.48,6.0,0.51,6.0,0.52,13.66,0.02,0.02,0.09514,1776186301000
1776186304.058,4.058,0.49,6.0,0.48,13.66,0.51,6.0,0.52,6.0,0.49,6.0,0.48,6.0,0.51,6.0,0.52,13.66,0.02,0.02,0.095127,1776186302000
1776186304.526,4.526,0.49,6.0,0.48,13.66,0.51,6.0,0.52,6.0,0.49,6.0,0.48,6.0,0.51,6.0,0.52,13.66,0.02,0.02,0.095128,1776186303000
1776186305.126,5.126,0.49,6.0,0.48,13.66,0.51,6.0,0.52,6.0,0.49,6.0,0.48,6.0,0.51,6.0,0.52,13.66,0.02,0.02,0.09513,1776186304000
1776186306.543,6.543,0.49,6.0,0.48,13.66,0.51,6.0,0.52,6.0,0.49,6.0,0.48,6.0,0.51,6.0,0.52,13.66,0.02,0.02,0.095132,1776186305000
1776186307.286,7.286,0.49,6.0,0.48,13.66,0.51,6.0,0.52,6.0,0.49,6.0,0.48,6.0,0.51,6.0,0.52,13.66,0.02,0.02,0.095134,1776186306000
1776186308.626,8.626,0.49,6.0,0.48,13.66,0.51,6.0,0.52,6.0,0.49,6.0,0.48,6.0,0.51,6.0,0.52,13.66,0.02,0.02,0.095134,1776186306000
1776186309.486,9.486,0.49,6.0,0.48,13.66,0.51,1.0,0.52,6.0,0.49,6.0,0.48,6.0,0.51,6.0,0.52,13.66,0.02,0.02,0.095134,1776186307000
1776186309.928,9.928,0.49,2.82,0.48,13.66,0.51,5.0,0.52,11.0,0.49,1.0,0.48,6.0,0.51,6.0,0.52,13.66,0.02,0.02,0.095135,1776186308000
1776186310.198,10.198,0.48,11.48,0.42,5.0,0.51,5.0,0.52,11.0,0.49,5.0,0.48,11.0,0.52,11.48,0.58,5.0,0.03,0.03,0.095135,1776186309000
1776186311.605,11.605,0.48,11.48,0.42,5.0,0.51,5.0,0.52,11.0,0.49,5.0,0.48,11.0,0.52,11.48,0.58,5.0,0.03,0.03,0.095128,1776186310000
1776186311.858,11.858,0.42,5.0,0.41,5.0,0.51,5.0,0.52,11.0,0.49,5.0,0.48,11.0,0.52,11.48,0.58,5.0,0.09,0.03,0.095128,1776186310000
1776186312.179,12.179,0.37,10.0,0.36,13.0,0.51,5.0,0.52,11.0,0.49,5.0,0.48,11.0,0.58,5.0,0.59,5.0,0.14,0.09,0.095128,1776186310000
1776186313.079,13.079,0.37,10.0,0.36,13.0,0.51,5.0,0.52,11.0,0.49,5.0,0.48,11.0,0.63,10.0,0.64,13.0,0.14,0.14,0.095117,1776186312000
1776186314.519,14.519,0.37,10.0,0.36,13.0,0.51,5.0,0.52,11.0,0.49,5.0,0.48,11.0,0.63,10.0,0.64,13.0,0.14,0.14,0.095116,1776186313000
1776186315.89,15.89,0.37,10.0,0.36,13.0,0.51,5.0,0.52,11.0,0.49,5.0,0.48,11.0,0.63,10.0,0.64,13.0,0.14,0.14,0.095115,1776186314000
1776186316.161,16.161,0.4,4.5,0.39,10.0,0.48,9.61,0.49,5.0,0.52,9.61,0.51,5.0,0.6,4.5,0.61,10.0,0.08,0.08,0.095131,1776186315000
1776186317.197,17.197,0.45,5.0,0.43,5.0,0.48,4.61,0.52,6.0,0.52,9.61,0.51,5.0,0.6,4.5,0.61,10.0,0.03,0.08,0.095131,1776186315000
1776186318.46,18.46,0.45,5.0,0.43,5.0,0.48,4.61,0.52,6.0,0.52,4.61,0.48,6.0,0.55,5.0,0.57,5.0,0.03,0.03,0.095145,1776186317000
1776186318.954,18.954,0.45,5.0,0.43,5.0,0.48,4.61,0.52,6.0,0.52,4.61,0.48,6.0,0.55,5.0,0.57,5.0,0.03,0.03,0.095145,1776186318000
1776186320.049,20.049,0.45,5.0,0.43,5.0,0.48,4.61,0.52,6.0,0.52,4.61,0.48,6.0,0.55,5.0,0.57,5.0,0.03,0.03,0.095145,1776186319000
1776186321.106,21.106,0.45,5.0,0.43,5.0,0.48,4.61,0.52,6.0,0.52,4.61,0.48,6.0,0.55,5.0,0.57,5.0,0.03,0.03,0.095145,1776186320000
1776186322.085,22.085,0.45,5.0,0.43,5.0,0.48,4.61,0.52,6.0,0.52,4.61,0.48,6.0,0.55,5.0,0.57,5.0,0.03,0.03,0.095149,1776186321000
1776186323.129,23.129,0.45,5.0,0.43,5.0,0.48,4.61,0.52,6.0,0.52,4.61,0.48,6.0,0.55,5.0,0.57,5.0,0.03,0.03,0.095151,1776186322000
1776186324.139,24.139,0.45,5.0,0.43,5.0,0.48,4.61,0.52,6.0,0.52,4.61,0.48,6.0,0.55,5.0,0.57,5.0,0.03,0.03,0.095122,1776186323000
1776186325.212,25.212,0.45,5.0,0.43,5.0,0.48,4.61,0.52,6.0,0.52,4.61,0.48,6.0,0.55,5.0,0.57,5.0,0.03,0.03,0.095122,1776186324000
1776186326.327,26.327,0.45,5.0,0.43,5.0,0.48,4.61,0.52,6.0,0.52,4.61,0.48,6.0,0.55,5.0,0.57,5.0,0.03,0.03,0.095134,1776186325000
1776186327.215,27.215,0.45,5.0,0.43,5.0,0.52,5.61,0.55,11.66,0.52,4.61,0.48,6.0,0.55,5.0,0.57,5.0,0.07,0.03,0.095134,1776186325000
1776186328.407,28.407,0.45,5.0,0.43,5.0,0.52,5.61,0.55,11.66,0.48,5.61,0.45,11.66,0.55,5.0,0.57,5.0,0.07,0.07,0.09515,1776186327000
1776186329.352,29.352,0.45,5.0,0.43,5.0,0.52,5.61,0.55,11.66,0.48,5.61,0.45,11.66,0.55,5.0,0.57,5.0,0.07,0.07,0.095153,1776186328000
1776186330.571,30.571,0.45,5.0,0.43,5.0,0.52,5.61,0.55,11.66,0.48,5.61,0.45,11.66,0.55,5.0,0.57,5.0,0.07,0.07,0.095147,1776186329000
1776186331.159,31.159,0.45,5.0,0.43,5.0,0.52,5.61,0.55,11.66,0.48,5.61,0.45,11.66,0.55,5.0,0.57,5.0,0.07,0.07,0.095142,1776186330000
1776186332.339,32.339,0.45,5.0,0.43,5.0,0.52,5.61,0.55,11.66,0.48,5.61,0.45,11.66,0.55,5.0,0.57,5.0,0.07,0.07,0.09514,1776186331000
1776186333.439,33.439,0.39,12.0,0.36,5.0,0.49,5.0,0.52,5.61,0.51,5.0,0.48,5.61,0.61,12.0,0.64,5.0,0.1,0.1,0.095108,1776186332000
1776186334.034,34.034,0.39,12.0,0.36,5.0,0.49,5.0,0.52,5.61,0.51,5.0,0.48,5.61,0.61,12.0,0.64,5.0,0.1,0.1,0.095098,1776186333000
1776186335.172,35.172,0.39,8.72,0.38,5.0,0.47,5.0,0.49,5.0,0.53,5.0,0.51,5.0,0.61,8.72,0.62,5.0,0.08,0.08,0.095095,1776186334000
1776186336.216,36.216,0.39,8.72,0.38,5.0,0.47,5.0,0.49,5.0,0.53,5.0,0.51,5.0,0.61,8.72,0.62,5.0,0.08,0.08,0.095095,1776186335000
1776186337.256,37.256,0.39,8.72,0.38,5.0,0.47,5.0,0.49,5.0,0.53,5.0,0.51,5.0,0.61,8.72,0.62,5.0,0.08,0.08,0.095095,1776186336000
1776186338.498,38.498,0.39,8.72,0.38,5.0,0.47,5.0,0.49,5.0,0.53,5.0,0.51,5.0,0.61,8.72,0.62,5.0,0.08,0.08,0.095093,1776186337000
1776186339.038,39.038,0.39,8.72,0.38,5.0,0.47,5.0,0.49,5.0,0.53,5.0,0.51,5.0,0.61,8.72,0.62,5.0,0.08,0.08,0.095094,1776186338000
1776186340.218,40.218,0.39,8.72,0.38,5.0,0.47,5.0,0.49,5.0,0.53,5.0,0.51,5.0,0.61,8.72,0.62,5.0,0.08,0.08,0.095094,1776186339000
1776186341.25,41.25,0.39,8.72,0.38,5.0,0.47,5.0,0.49,5.0,0.53,5.0,0.51,5.0,0.61,8.72,0.62,5.0,0.08,0.08,0.095096,1776186340000
1776186342.28,42.28,0.39,8.72,0.38,5.0,0.47,5.0,0.49,5.0,0.53,5.0,0.51,5.0,0.61,8.72,0.62,5.0,0.08,0.08,0.095096,1776186341000
1776186344.189,44.189,0.39,8.72,0.38,5.0,0.47,5.0,0.49,5.0,0.53,5.0,0.51,5.0,0.61,8.72,0.62,5.0,0.08,0.08,0.09511,1776186343000
1776186345.399,45.399,0.39,8.72,0.38,5.0,0.47,5.0,0.49,5.0,0.53,5.0,0.51,5.0,0.61,8.72,0.62,5.0,0.08,0.08,0.095113,1776186344000
1776186346.045,46.045,0.39,8.72,0.38,5.0,0.47,5.0,0.49,5.0,0.53,5.0,0.51,5.0,0.61,8.72,0.62,5.0,0.08,0.08,0.095113,1776186345000
1776186347.528,47.528,0.39,8.72,0.38,5.0,0.47,5.0,0.49,5.0,0.53,5.0,0.51,5.0,0.61,8.72,0.62,5.0,0.08,0.08,0.095111,1776186346000
1776186348.246,48.246,0.39,8.72,0.38,5.0,0.47,5.0,0.49,5.0,0.53,5.0,0.51,5.0,0.61,8.72,0.62,5.0,0.08,0.08,0.095111,1776186347000
1776186349.191,49.191,0.45,5.0,0.42,11.0,0.52,5.61,0.55,16.66,0.53,5.0,0.51,5.0,0.61,8.72,0.62,5.0,0.07,0.08,0.095111,1776186347000
1776186349.578,49.578,0.45,5.0,0.42,11.0,0.52,5.61,0.55,16.66,0.48,5.61,0.45,16.66,0.55,5.0,0.58,11.0,0.07,0.07,0.095109,1776186348000
1776186350.295,50.295,0.45,5.0,0.42,11.0,0.52,5.61,0.55,16.66,0.48,5.61,0.45,16.66,0.55,5.0,0.58,11.0,0.07,0.07,0.095125,1776186349000
1776186351.724,51.724,0.45,5.0,0.42,11.0,0.52,5.61,0.55,16.66,0.48,5.61,0.45,16.66,0.55,5.0,0.58,11.0,0.07,0.07,0.095137,1776186350000
1776186352.457,52.457,0.45,5.0,0.42,11.0,0.52,5.61,0.55,16.66,0.48,5.61,0.45,16.66,0.55,5.0,0.58,11.0,0.07,0.07,0.095137,1776186351000
1776186353.111,53.111,0.45,5.0,0.42,11.0,0.52,5.61,0.55,16.66,0.48,5.61,0.45,16.66,0.55,5.0,0.58,11.0,0.07,0.07,0.095137,1776186352000
1776186354.38,54.38,0.45,5.0,0.42,11.0,0.52,5.61,0.55,16.66,0.48,5.61,0.45,16.66,0.55,5.0,0.58,11.0,0.07,0.07,0.095131,1776186353000
1776186355.078,55.078,0.45,5.0,0.42,11.0,0.52,5.61,0.55,16.66,0.48,5.61,0.45,16.66,0.55,5.0,0.58,11.0,0.07,0.07,0.095129,1776186354000
1776186356.316,56.316,0.45,5.0,0.42,11.0,0.52,5.61,0.55,16.66,0.48,5.61,0.45,16.66,0.55,5.0,0.58,11.0,0.07,0.07,0.095129,1776186355000
1776186357.517,57.517,0.45,5.0,0.42,11.0,0.52,5.61,0.55,16.66,0.48,5.61,0.45,16.66,0.55,5.0,0.58,11.0,0.07,0.07,0.095129,1776186356000
1776186358.277,58.277,0.45,5.0,0.42,11.0,0.52,5.61,0.55,16.66,0.48,5.61,0.45,16.66,0.55,5.0,0.58,11.0,0.07,0.07,0.095125,1776186357000
1776186359.604,59.604,0.45,5.0,0.42,11.0,0.52,5.61,0.55,16.66,0.48,5.61,0.45,16.66,0.55,5.0,0.58,11.0,0.07,0.07,0.095111,1776186358000
1776186360.22,60.22,0.45,5.0,0.42,11.0,0.52,5.61,0.55,16.66,0.48,5.61,0.45,16.66,0.55,5.0,0.58,11.0,0.07,0.07,0.095114,1776186359000
1776186361.251,61.251,0.45,5.0,0.42,11.0,0.52,5.61,0.55,16.66,0.48,5.61,0.45,16.66,0.55,5.0,0.58,11.0,0.07,0.07,0.095115,1776186360000
1776186362.314,62.314,0.45,5.0,0.42,11.0,0.52,5.61,0.55,16.66,0.48,5.61,0.45,16.66,0.55,5.0,0.58,11.0,0.07,0.07,0.095102,1776186361000
1776186363.1,63.1,0.45,5.0,0.42,11.0,0.52,5.61,0.55,16.66,0.48,5.61,0.45,16.66,0.55,5.0,0.58,11.0,0.07,0.07,0.095101,1776186362000
1776186364.16,64.16,0.45,5.0,0.42,11.0,0.52,5.61,0.55,16.66,0.48,5.61,0.45,16.66,0.55,5.0,0.58,11.0,0.07,0.07,0.095112,1776186363000
1776186365.42,65.42,0.45,5.0,0.42,11.0,0.52,5.61,0.55,16.66,0.48,5.61,0.45,16.66,0.55,5.0,0.58,11.0,0.07,0.07,0.095117,1776186364000
1776186365.987,65.987,0.45,5.0,0.42,11.0,0.52,5.61,0.55,16.66,0.48,5.61,0.45,16.66,0.55,5.0,0.58,11.0,0.07,0.07,0.09513,1776186365000
1776186367.188,67.188,0.45,5.0,0.42,11.0,0.52,5.61,0.55,16.66,0.48,5.61,0.45,16.66,0.55,5.0,0.58,11.0,0.07,0.07,0.095131,1776186366000
1776186368.307,68.307,0.45,5.0,0.42,11.0,0.52,5.61,0.55,16.66,0.48,5.61,0.45,16.66,0.55,5.0,0.58,11.0,0.07,0.07,0.095131,1776186367000
1776186369.038,69.038,0.45,5.0,0.42,11.0,0.52,5.61,0.55,16.66,0.48,5.61,0.45,16.66,0.55,5.0,0.58,11.0,0.07,0.07,0.095127,1776186368000
1776186370.073,70.073,0.45,5.0,0.42,11.0,0.52,5.61,0.55,16.66,0.48,5.61,0.45,16.66,0.55,5.0,0.58,11.0,0.07,0.07,0.095125,1776186369000
1776186371.252,71.252,0.45,5.0,0.42,11.0,0.52,5.61,0.55,16.66,0.48,5.61,0.45,16.66,0.55,5.0,0.58,11.0,0.07,0.07,0.095109,1776186370000
1776186372.274,72.274,0.45,5.0,0.42,11.0,0.52,5.61,0.55,16.66,0.48,5.61,0.45,16.66,0.55,5.0,0.58,11.0,0.07,0.07,0.095109,1776186371000
1776186373.087,73.087,0.45,5.0,0.42,11.0,0.52,5.61,0.55,16.66,0.48,5.61,0.45,16.66,0.55,5.0,0.58,11.0,0.07,0.07,0.095108,1776186372000
1776186374.153,74.153,0.45,5.0,0.42,11.0,0.52,5.61,0.55,16.66,0.48,5.61,0.45,16.66,0.55,5.0,0.58,11.0,0.07,0.07,0.095107,1776186373000
1776186375.332,75.332,0.45,5.0,0.42,11.0,0.52,5.61,0.55,16.66,0.48,5.61,0.45,16.66,0.55,5.0,0.58,11.0,0.07,0.07,0.095109,1776186374000
1776186376.531,76.531,0.45,5.0,0.42,11.0,0.52,5.61,0.55,16.66,0.48,5.61,0.45,16.66,0.55,5.0,0.58,11.0,0.07,0.07,0.095112,1776186375000
1776186377.005,77.005,0.45,5.0,0.42,11.0,0.52,5.61,0.55,16.66,0.48,5.61,0.45,16.66,0.55,5.0,0.58,11.0,0.07,0.07,0.095116,1776186376000
1776186378.076,78.076,0.45,5.0,0.42,11.0,0.52,5.61,0.55,16.66,0.48,5.61,0.45,16.66,0.55,5.0,0.58,11.0,0.07,0.07,0.095132,1776186377000
1776186379.126,79.126,0.45,5.0,0.42,11.0,0.52,5.61,0.55,16.66,0.48,5.61,0.45,16.66,0.55,5.0,0.58,11.0,0.07,0.07,0.095132,1776186378000
1776186380.294,80.294,0.45,5.0,0.42,11.0,0.52,5.61,0.55,16.66,0.48,5.61,0.45,16.66,0.55,5.0,0.58,11.0,0.07,0.07,0.095126,1776186379000
1776186381.343,81.343,0.45,5.0,0.42,11.0,0.52,5.61,0.55,16.66,0.48,5.61,0.45,16.66,0.55,5.0,0.58,11.0,0.07,0.07,0.095125,1776186380000
1776186382.295,82.295,0.45,5.0,0.42,11.0,0.52,5.61,0.55,16.66,0.48,5.61,0.45,16.66,0.55,5.0,0.58,11.0,0.07,0.07,0.095126,1776186381000
1776186383.337,83.337,0.45,5.0,0.42,11.0,0.52,5.61,0.55,16.66,0.48,5.61,0.45,16.66,0.55,5.0,0.58,11.0,0.07,0.07,0.095126,1776186382000
1776186384.48,84.48,0.45,5.0,0.42,11.0,0.52,5.61,0.55,16.66,0.48,5.61,0.45,16.66,0.55,5.0,0.58,11.0,0.07,0.07,0.095127,1776186383000
1776186384.95,84.95,0.45,5.0,0.42,11.0,0.52,5.61,0.55,16.66,0.48,5.61,0.45,16.66,0.55,5.0,0.58,11.0,0.07,0.07,0.095127,1776186384000
1776186385.285,85.285,0.45,12.33,0.44,10.6,0.52,5.61,0.55,16.66,0.48,5.61,0.45,16.66,0.55,5.0,0.58,11.0,0.07,0.07,0.095127,1776186384000
1776186385.962,85.962,0.45,12.33,0.44,10.6,0.52,5.61,0.55,16.66,0.48,5.61,0.45,16.66,0.55,12.33,0.56,10.6,0.07,0.07,0.095134,1776186385000
1776186386.894,86.894,0.45,12.33,0.44,10.6,0.52,5.61,0.55,16.66,0.48,5.61,0.45,16.66,0.55,12.33,0.56,10.6,0.07,0.07,0.095139,1776186386000
1776186387.965,87.965,0.48,10.4,0.47,10.4,0.52,0.61,0.55,6.66,0.48,0.61,0.45,6.66,0.52,10.4,0.53,10.4,0.04,0.04,0.09514,1776186387000
1776186389.015,89.015,0.5,10.4,0.49,10.4,0.55,6.66,0.56,5.0,0.45,6.66,0.44,5.0,0.5,10.4,0.51,10.4,0.05,0.05,0.095153,1776186388000
1776186389.977,89.977,0.5,10.4,0.49,10.4,0.55,6.66,0.56,5.0,0.45,6.66,0.44,5.0,0.5,10.4,0.51,10.4,0.05,0.05,0.095156,1776186389000
1776186391.149,91.149,0.5,10.4,0.49,10.4,0.55,6.66,0.56,5.0,0.45,6.66,0.44,5.0,0.5,10.4,0.51,10.4,0.05,0.05,0.095153,1776186390000
1776186392.301,92.301,0.5,10.4,0.49,10.4,0.55,6.66,0.56,5.0,0.45,6.66,0.44,5.0,0.5,10.4,0.51,10.4,0.05,0.05,0.095153,1776186391000
1776186393.377,93.377,0.5,10.4,0.49,10.4,0.55,6.66,0.56,5.0,0.45,6.66,0.44,5.0,0.5,10.4,0.51,10.4,0.05,0.05,0.095155,1776186392000
1776186394.025,94.025,0.5,10.4,0.49,10.4,0.55,6.66,0.56,5.0,0.45,6.66,0.44,5.0,0.5,10.4,0.51,10.4,0.05,0.05,0.095154,1776186393000
1776186395.089,95.089,0.5,10.4,0.49,10.4,0.55,6.66,0.56,5.0,0.45,6.66,0.44,5.0,0.5,10.4,0.51,10.4,0.05,0.05,0.095158,1776186394000
1776186396.354,96.354,0.5,10.4,0.49,10.4,0.55,6.66,0.56,5.0,0.45,6.66,0.44,5.0,0.5,10.4,0.51,10.4,0.05,0.05,0.095158,1776186395000
1776186397.239,97.239,0.5,10.4,0.49,10.4,0.55,6.66,0.56,5.0,0.45,6.66,0.44,5.0,0.5,10.4,0.51,10.4,0.05,0.05,0.095155,1776186396000
1776186398.311,98.311,0.5,10.4,0.49,10.4,0.55,6.66,0.56,5.0,0.45,6.66,0.44,5.0,0.5,10.4,0.51,10.4,0.05,0.05,0.095142,1776186397000
1776186399.382,99.382,0.5,10.4,0.49,10.4,0.55,6.66,0.56,5.0,0.45,6.66,0.44,5.0,0.5,10.4,0.51,10.4,0.05,0.05,0.095143,1776186398000
1776186400.357,100.357,0.5,10.4,0.49,10.4,0.55,6.66,0.56,5.0,0.45,6.66,0.44,5.0,0.5,10.4,0.51,10.4,0.05,0.05,0.095144,1776186399000
1776186400.938,100.938,0.5,10.4,0.49,10.4,0.55,6.66,0.56,5.0,0.45,6.66,0.44,5.0,0.5,10.4,0.51,10.4,0.05,0.05,0.09514,1776186400000
1776186401.919,101.919,0.5,10.4,0.49,10.4,0.55,6.66,0.56,5.0,0.45,6.66,0.44,5.0,0.5,10.4,0.51,10.4,0.05,0.05,0.095143,1776186401000
1776186402.998,102.998,0.5,10.4,0.49,10.4,0.55,6.66,0.56,5.0,0.45,6.66,0.44,5.0,0.5,10.4,0.51,10.4,0.05,0.05,0.095144,1776186402000
1776186403.593,103.593,0.53,6.0,0.47,10.4,0.55,1.66,0.56,5.0,0.45,6.66,0.44,5.0,0.5,10.4,0.51,10.4,0.02,0.05,0.095144,1776186402000
1776186404.347,104.347,0.53,6.0,0.47,10.4,0.55,1.66,0.56,5.0,0.45,1.66,0.44,5.0,0.47,6.0,0.53,10.4,0.02,0.02,0.095146,1776186403000
1776186404.937,104.937,0.53,6.0,0.47,10.4,0.55,1.66,0.56,5.0,0.45,1.66,0.44,5.0,0.47,6.0,0.53,10.4,0.02,0.02,0.095146,1776186404000
1776186406.004,106.004,0.53,6.0,0.47,10.4,0.55,1.66,0.56,5.0,0.45,1.66,0.44,5.0,0.47,6.0,0.53,10.4,0.02,0.02,0.095151,1776186405000
1776186406.988,106.988,0.53,6.0,0.47,10.4,0.55,1.66,0.56,5.0,0.45,1.66,0.44,5.0,0.47,6.0,0.53,10.4,0.02,0.02,0.095155,1776186406000
1776186408.063,108.063,0.53,6.0,0.47,10.4,0.55,1.66,0.56,5.0,0.45,1.66,0.44,5.0,0.47,6.0,0.53,10.4,0.02,0.02,0.095143,1776186407000
1776186409.11,109.11,0.53,6.0,0.47,10.4,0.55,1.66,0.56,5.0,0.45,1.66,0.44,5.0,0.47,6.0,0.53,10.4,0.02,0.02,0.095138,1776186408000
1776186410.143,110.143,0.53,6.0,0.47,10.4,0.55,1.66,0.56,5.0,0.45,1.66,0.44,5.0,0.47,6.0,0.53,10.4,0.02,0.02,0.095139,1776186409000
1776186411.166,111.166,0.46,10.5,0.45,10.5,0.54,5.0,0.55,1.66,0.46,5.0,0.45,1.66,0.54,10.5,0.55,10.5,0.08,0.08,0.09514,1776186410000
1776186412.235,112.235,0.46,10.5,0.45,10.5,0.54,5.0,0.55,1.66,0.46,5.0,0.45,1.66,0.54,10.5,0.55,10.5,0.08,0.08,0.095142,1776186411000
1776186413.236,113.236,0.46,10.5,0.45,10.5,0.54,5.0,0.55,1.66,0.46,5.0,0.45,1.66,0.54,10.5,0.55,10.5,0.08,0.08,0.095141,1776186412000
1776186414.258,114.258,0.46,10.5,0.45,10.5,0.54,5.0,0.55,1.66,0.46,5.0,0.45,1.66,0.54,10.5,0.55,10.5,0.08,0.08,0.095141,1776186413000
1776186415.464,115.464,0.46,10.5,0.45,10.5,0.54,5.0,0.55,1.66,0.46,5.0,0.45,1.66,0.54,10.5,0.55,10.5,0.08,0.08,0.095141,1776186414000
1776186416.026,116.026,0.46,10.5,0.45,10.5,0.54,5.0,0.55,1.66,0.46,5.0,0.45,1.66,0.54,10.5,0.55,10.5,0.08,0.08,0.095139,1776186415000
1776186417.471,117.471,0.46,10.5,0.45,10.5,0.54,5.0,0.55,1.66,0.46,5.0,0.45,1.66,0.54,10.5,0.55,10.5,0.08,0.08,0.095151,1776186416000
1776186417.947,117.947,0.46,10.5,0.45,10.5,0.54,5.0,0.55,1.66,0.46,5.0,0.45,1.66,0.54,10.5,0.55,10.5,0.08,0.08,0.095151,1776186417000
1776186418.985,118.985,0.46,10.5,0.45,10.5,0.54,5.0,0.55,1.66,0.46,5.0,0.45,1.66,0.54,10.5,0.55,10.5,0.08,0.08,0.095149,1776186418000
1776186420.104,120.104,0.46,10.5,0.45,10.5,0.54,5.0,0.55,1.66,0.46,5.0,0.45,1.66,0.54,10.5,0.55,10.5,0.08,0.08,0.095148,1776186419000
1776186420.536,120.536,0.45,10.5,0.44,10.6,0.54,0.37,0.55,1.66,0.46,5.0,0.45,1.66,0.54,10.5,0.55,10.5,0.09,0.08,0.095148,1776186419000
1776186421.083,121.083,0.45,10.5,0.44,10.6,0.54,0.37,0.55,1.66,0.46,0.37,0.45,1.66,0.55,10.5,0.56,10.6,0.09,0.09,0.095148,1776186420000
1776186422.022,122.022,0.45,10.5,0.44,10.6,0.54,0.37,0.55,1.66,0.46,0.37,0.45,1.66,0.55,10.5,0.56,10.6,0.09,0.09,0.095133,1776186421000
1776186423.127,123.127,0.45,10.5,0.44,10.6,0.54,0.37,0.55,1.66,0.46,0.37,0.45,1.66,0.55,10.5,0.56,10.6,0.09,0.09,0.095119,1776186422000
1776186424.112,124.112,0.45,10.5,0.44,10.6,0.54,0.37,0.55,1.66,0.46,0.37,0.45,1.66,0.55,10.5,0.56,10.6,0.09,0.09,0.095125,1776186423000
1776186425.21,125.21,0.45,10.5,0.44,10.6,0.54,0.37,0.55,1.66,0.46,0.37,0.45,1.66,0.55,10.5,0.56,10.6,0.09,0.09,0.095152,1776186424000
1776186426.149,126.149,0.45,10.5,0.44,10.6,0.54,0.37,0.55,1.66,0.46,0.37,0.45,1.66,0.55,10.5,0.56,10.6,0.09,0.09,0.095154,1776186425000
1776186427.189,127.189,0.45,10.5,0.44,10.6,0.54,0.37,0.55,1.66,0.46,0.37,0.45,1.66,0.55,10.5,0.56,10.6,0.09,0.09,0.095153,1776186426000
1776186428.179,128.179,0.45,10.5,0.44,10.6,0.54,0.37,0.55,1.66,0.46,0.37,0.45,1.66,0.55,10.5,0.56,10.6,0.09,0.09,0.095153,1776186427000
1776186429.119,129.119,0.45,10.5,0.44,10.6,0.54,0.37,0.55,1.66,0.46,0.37,0.45,1.66,0.55,10.5,0.56,10.6,0.09,0.09,0.095154,1776186428000
1776186430.543,130.543,0.45,10.5,0.44,10.6,0.54,0.37,0.55,1.66,0.46,0.37,0.45,1.66,0.55,10.5,0.56,10.6,0.09,0.09,0.095154,1776186429000
1776186431.077,131.077,0.45,10.5,0.44,10.6,0.54,0.37,0.55,1.66,0.46,0.37,0.45,1.66,0.55,10.5,0.56,10.6,0.09,0.09,0.095152,1776186430000
1776186432.145,132.145,0.45,10.5,0.44,10.6,0.54,0.37,0.55,1.66,0.46,0.37,0.45,1.66,0.55,10.5,0.56,10.6,0.09,0.09,0.09515,1776186431000
1776186433.024,133.024,0.45,10.5,0.44,10.6,0.54,0.37,0.55,1.66,0.46,0.37,0.45,1.66,0.55,10.5,0.56,10.6,0.09,0.09,0.095142,1776186432000
1776186434.057,134.057,0.48,0.57,0.45,15.5,0.54,5.26,0.55,1.66,0.46,0.37,0.45,1.66,0.55,10.5,0.56,10.6,0.06,0.09,0.095142,1776186432000
1776186435.079,135.079,0.48,0.57,0.45,15.5,0.54,5.26,0.55,1.66,0.46,5.26,0.45,1.66,0.52,0.57,0.55,15.5,0.06,0.06,0.095132,1776186434000
1776186436.199,136.199,0.48,0.57,0.45,15.5,0.54,5.26,0.55,1.66,0.46,5.26,0.45,1.66,0.52,0.57,0.55,15.5,0.06,0.06,0.095144,1776186435000
1776186437.208,137.208,0.48,0.57,0.45,15.5,0.54,5.26,0.55,1.66,0.46,5.26,0.45,1.66,0.52,0.57,0.55,15.5,0.06,0.06,0.095151,1776186436000
1776186438.241,138.241,0.48,0.57,0.45,15.5,0.54,5.26,0.55,1.66,0.46,5.26,0.45,1.66,0.52,0.57,0.55,15.5,0.06,0.06,0.095152,1776186437000
1776186438.656,138.656,0.5,5.56,0.49,10.4,0.55,1.66,0.66,11.6,0.46,5.26,0.45,1.66,0.52,0.57,0.55,15.5,0.05,0.06,0.095152,1776186437000
1776186439.278,139.278,0.5,5.56,0.49,10.4,0.55,1.66,0.66,11.6,0.45,1.66,0.34,11.6,0.5,5.56,0.51,10.4,0.05,0.05,0.095154,1776186438000
1776186440.28,140.28,0.5,5.56,0.49,10.4,0.55,1.66,0.66,11.6,0.45,1.66,0.34,11.6,0.5,5.56,0.51,10.4,0.05,0.05,0.095154,1776186439000
1776186441.099,141.099,0.51,1.13,0.5,10.56,0.55,1.66,0.61,5.0,0.45,1.66,0.34,11.6,0.5,5.56,0.51,10.4,0.04,0.05,0.095154,1776186439000
1776186442.134,142.134,0.51,1.13,0.5,10.56,0.55,1.66,0.61,5.0,0.45,1.66,0.39,5.0,0.49,1.13,0.5,10.56,0.04,0.04,0.095161,1776186441000
1776186443.803,143.803,0.51,1.13,0.5,10.56,0.55,1.66,0.61,5.0,0.45,1.66,0.39,5.0,0.49,1.13,0.5,10.56,0.04,0.04,0.095161,1776186442000
1776186444.037,144.037,0.53,15.4,0.52,10.4,0.63,5.0,0.65,5.0,0.45,1.66,0.39,5.0,0.49,1.13,0.5,10.56,0.1,0.04,0.095161,1776186442000
1776186444.765,144.765,0.53,15.4,0.52,10.4,0.63,5.0,0.65,5.0,0.37,5.0,0.35,5.0,0.47,15.4,0.48,10.4,0.1,0.1,0.095163,1776186443000
1776186445.317,145.317,0.53,15.4,0.52,10.4,0.63,5.0,0.65,5.0,0.37,5.0,0.35,5.0,0.47,15.4,0.48,10.4,0.1,0.1,0.095167,1776186444000
1776186446.046,146.046,0.53,15.4,0.52,10.4,0.63,5.0,0.65,5.0,0.37,5.0,0.35,5.0,0.47,15.4,0.48,10.4,0.1,0.1,0.095167,1776186445000
1776186447.562,147.562,0.53,15.4,0.52,10.4,0.63,5.0,0.65,5.0,0.37,5.0,0.35,5.0,0.47,15.4,0.48,10.4,0.1,0.1,0.09517,1776186446000
1776186448.344,148.344,0.53,15.4,0.52,10.4,0.63,5.0,0.65,5.0,0.37,5.0,0.35,5.0,0.47,15.4,0.48,10.4,0.1,0.1,0.09517,1776186447000
1776186449.588,149.588,0.53,15.4,0.52,10.4,0.63,5.0,0.65,5.0,0.37,5.0,0.35,5.0,0.47,15.4,0.48,10.4,0.1,0.1,0.095164,1776186448000
1776186450.271,150.271,0.53,15.4,0.52,10.4,0.63,5.0,0.65,5.0,0.37,5.0,0.35,5.0,0.47,15.4,0.48,10.4,0.1,0.1,0.095164,1776186449000
1776186451.705,151.705,0.53,15.4,0.52,10.4,0.63,5.0,0.65,5.0,0.37,5.0,0.35,5.0,0.47,15.4,0.48,10.4,0.1,0.1,0.095166,1776186450000
1776186452.368,152.368,0.53,15.4,0.52,10.4,0.63,5.0,0.65,5.0,0.37,5.0,0.35,5.0,0.47,15.4,0.48,10.4,0.1,0.1,0.095174,1776186451000
1776186453.131,153.131,0.53,15.4,0.52,10.4,0.63,5.0,0.65,5.0,0.37,5.0,0.35,5.0,0.47,15.4,0.48,10.4,0.1,0.1,0.095168,1776186452000
1776186454.514,154.514,0.53,15.4,0.52,10.4,0.63,5.0,0.65,5.0,0.37,5.0,0.35,5.0,0.47,15.4,0.48,10.4,0.1,0.1,0.095165,1776186453000
1776186455.173,155.173,0.53,15.4,0.52,10.4,0.63,5.0,0.65,5.0,0.37,5.0,0.35,5.0,0.47,15.4,0.48,10.4,0.1,0.1,0.095166,1776186454000
1776186456.548,156.548,0.53,15.4,0.52,10.4,0.63,5.0,0.65,5.0,0.37,5.0,0.35,5.0,0.47,15.4,0.48,10.4,0.1,0.1,0.095163,1776186455000
1776186457.217,157.217,0.53,15.4,0.52,10.4,0.63,5.0,0.65,5.0,0.37,5.0,0.35,5.0,0.47,15.4,0.48,10.4,0.1,0.1,0.09516,1776186456000
1776186458.639,158.639,0.53,15.4,0.52,10.4,0.63,5.0,0.65,5.0,0.37,5.0,0.35,5.0,0.47,15.4,0.48,10.4,0.1,0.1,0.095169,1776186457000
1776186459.431,159.431,0.53,15.4,0.52,10.4,0.63,5.0,0.65,5.0,0.37,5.0,0.35,5.0,0.47,15.4,0.48,10.4,0.1,0.1,0.095158,1776186458000
1776186460.09,160.09,0.53,15.4,0.52,10.4,0.63,5.0,0.65,5.0,0.37,5.0,0.35,5.0,0.47,15.4,0.48,10.4,0.1,0.1,0.095152,1776186459000
1776186460.292,160.292,0.55,0.86,0.48,5.0,0.59,5.0,0.6,5.0,0.37,5.0,0.35,5.0,0.47,15.4,0.48,10.4,0.04,0.1,0.095152,1776186459000
1776186460.992,160.992,0.45,5.0,0.43,10.6,0.57,10.0,0.61,50.0,0.41,5.0,0.4,5.0,0.45,0.86,0.52,5.0,0.12,0.04,0.095152,1776186459000
1776186461.794,161.794,0.45,5.0,0.43,10.6,0.57,10.0,0.61,50.0,0.43,10.0,0.39,50.0,0.55,5.0,0.57,10.6,0.12,0.12,0.095145,1776186460000
1776186462.36,162.36,0.45,5.0,0.43,10.6,0.57,10.0,0.61,50.0,0.43,10.0,0.39,50.0,0.55,5.0,0.57,10.6,0.12,0.12,0.095136,1776186461000
1776186463.619,163.619,0.45,5.0,0.43,10.6,0.57,10.0,0.61,50.0,0.43,10.0,0.39,50.0,0.55,5.0,0.57,10.6,0.12,0.12,0.095128,1776186462000
1776186464.294,164.294,0.45,5.0,0.43,10.6,0.57,10.0,0.61,50.0,0.43,10.0,0.39,50.0,0.55,5.0,0.57,10.6,0.12,0.12,0.095124,1776186463000
1776186465.294,165.294,0.45,5.0,0.43,10.6,0.57,10.0,0.61,50.0,0.43,10.0,0.39,50.0,0.55,5.0,0.57,10.6,0.12,0.12,0.095132,1776186464000
1776186466.23,166.23,0.45,5.0,0.43,10.6,0.57,10.0,0.61,50.0,0.43,10.0,0.39,50.0,0.55,5.0,0.57,10.6,0.12,0.12,0.095134,1776186465000
1776186467.664,167.664,0.45,5.0,0.43,10.6,0.57,10.0,0.61,50.0,0.43,10.0,0.39,50.0,0.55,5.0,0.57,10.6,0.12,0.12,0.095128,1776186466000
1776186468.273,168.273,0.45,5.0,0.43,10.6,0.57,10.0,0.61,50.0,0.43,10.0,0.39,50.0,0.55,5.0,0.57,10.6,0.12,0.12,0.095127,1776186467000
1776186468.896,168.896,0.42,5.0,0.41,10.7,0.55,5.0,0.6,10.8,0.43,10.0,0.39,50.0,0.55,5.0,0.57,10.6,0.13,0.12,0.095127,1776186467000
1776186469.444,169.444,0.42,5.0,0.41,10.7,0.55,5.0,0.6,10.8,0.45,5.0,0.4,10.8,0.58,5.0,0.59,10.7,0.13,0.13,0.095134,1776186468000
1776186469.974,169.974,0.42,5.0,0.41,10.7,0.55,5.0,0.6,10.8,0.45,5.0,0.4,10.8,0.58,5.0,0.59,10.7,0.13,0.13,0.095133,1776186469000
1776186471.145,171.145,0.42,5.0,0.41,10.7,0.55,5.0,0.6,10.8,0.45,5.0,0.4,10.8,0.58,5.0,0.59,10.7,0.13,0.13,0.095133,1776186470000
1776186472.226,172.226,0.42,5.0,0.41,10.7,0.55,5.0,0.6,10.8,0.45,5.0,0.4,10.8,0.58,5.0,0.59,10.7,0.13,0.13,0.095132,1776186471000
1776186473.235,173.235,0.42,5.0,0.41,10.7,0.55,5.0,0.6,10.8,0.45,5.0,0.4,10.8,0.58,5.0,0.59,10.7,0.13,0.13,0.095132,1776186472000
1776186474.288,174.288,0.42,5.0,0.41,10.7,0.55,5.0,0.6,10.8,0.45,5.0,0.4,10.8,0.58,5.0,0.59,10.7,0.13,0.13,0.095131,1776186473000
1776186475.573,175.573,0.42,5.0,0.41,10.7,0.55,5.0,0.6,10.8,0.45,5.0,0.4,10.8,0.58,5.0,0.59,10.7,0.13,0.13,0.095131,1776186474000
1776186476.616,176.616,0.42,5.0,0.41,10.7,0.55,5.0,0.6,10.8,0.45,5.0,0.4,10.8,0.58,5.0,0.59,10.7,0.13,0.13,0.095131,1776186475000
1776186477.3,177.3,0.42,5.0,0.41,10.7,0.55,5.0,0.6,10.8,0.45,5.0,0.4,10.8,0.58,5.0,0.59,10.7,0.13,0.13,0.095125,1776186476000
1776186478.822,178.822,0.42,5.0,0.41,10.7,0.55,5.0,0.6,10.8,0.45,5.0,0.4,10.8,0.58,5.0,0.59,10.7,0.13,0.13,0.095122,1776186477000
1776186479.467,179.467,0.42,5.0,0.41,10.7,0.55,5.0,0.6,10.8,0.45,5.0,0.4,10.8,0.58,5.0,0.59,10.7,0.13,0.13,0.095122,1776186478000
1776186480.079,180.079,0.42,5.0,0.41,10.7,0.55,5.0,0.6,10.8,0.45,5.0,0.4,10.8,0.58,5.0,0.59,10.7,0.13,0.13,0.095119,1776186479000
1776186481.436,181.436,0.42,5.0,0.41,10.7,0.55,5.0,0.6,10.8,0.45,5.0,0.4,10.8,0.58,5.0,0.59,10.7,0.13,0.13,0.09512,1776186480000
1776186482.047,182.047,0.42,5.0,0.41,10.7,0.55,5.0,0.6,10.8,0.45,5.0,0.4,10.8,0.58,5.0,0.59,10.7,0.13,0.13,0.09512,1776186481000
1776186483.46,183.46,0.42,5.0,0.41,10.7,0.55,5.0,0.6,10.8,0.45,5.0,0.4,10.8,0.58,5.0,0.59,10.7,0.13,0.13,0.095121,1776186482000
1776186484.15,184.15,0.42,5.0,0.41,10.7,0.55,5.0,0.6,10.8,0.45,5.0,0.4,10.8,0.58,5.0,0.59,10.7,0.13,0.13,0.095121,1776186483000
1776186485.527,185.527,0.42,5.0,0.41,10.7,0.55,5.0,0.6,10.8,0.45,5.0,0.4,10.8,0.58,5.0,0.59,10.7,0.13,0.13,0.09512,1776186484000
1776186486.252,186.252,0.42,5.0,0.41,10.7,0.55,5.0,0.6,10.8,0.45,5.0,0.4,10.8,0.58,5.0,0.59,10.7,0.13,0.13,0.095119,1776186485000
1776186487.416,187.416,0.42,5.0,0.41,10.7,0.55,5.0,0.6,10.8,0.45,5.0,0.4,10.8,0.58,5.0,0.59,10.7,0.13,0.13,0.095118,1776186486000
1776186488.09,188.09,0.42,5.0,0.41,10.7,0.55,5.0,0.6,10.8,0.45,5.0,0.4,10.8,0.58,5.0,0.59,10.7,0.13,0.13,0.095115,1776186487000
1776186489.349,189.349,0.42,5.0,0.41,10.7,0.55,5.0,0.6,10.8,0.45,5.0,0.4,10.8,0.58,5.0,0.59,10.7,0.13,0.13,0.095131,1776186488000
1776186489.964,189.964,0.42,5.0,0.41,10.7,0.55,5.0,0.6,10.8,0.45,5.0,0.4,10.8,0.58,5.0,0.59,10.7,0.13,0.13,0.095136,1776186489000
1776186491.212,191.212,0.42,5.0,0.41,10.7,0.55,5.0,0.6,10.8,0.45,5.0,0.4,10.8,0.58,5.0,0.59,10.7,0.13,0.13,0.095141,1776186490000
1776186492.505,192.505,0.42,5.0,0.41,10.7,0.55,5.0,0.6,10.8,0.45,5.0,0.4,10.8,0.58,5.0,0.59,10.7,0.13,0.13,0.095138,1776186491000
1776186493.849,193.849,0.42,5.0,0.41,10.7,0.55,5.0,0.6,10.8,0.45,5.0,0.4,10.8,0.58,5.0,0.59,10.7,0.13,0.13,0.095144,1776186492000
1776186494.761,194.761,0.42,5.0,0.41,10.7,0.55,5.0,0.6,10.8,0.45,5.0,0.4,10.8,0.58,5.0,0.59,10.7,0.13,0.13,0.095146,1776186493000
1776186495.193,195.193,0.54,1.8,0.52,15.4,0.6,5.0,0.65,5.0,0.45,5.0,0.4,10.8,0.58,5.0,0.59,10.7,0.06,0.13,0.095146,1776186493000
1776186496.12,196.12,0.54,1.8,0.52,15.4,0.6,5.0,0.65,5.0,0.4,5.0,0.35,5.0,0.46,1.8,0.48,15.4,0.06,0.06,0.095151,1776186495000
1776186497.761,197.761,0.54,1.8,0.52,15.4,0.6,5.0,0.65,5.0,0.4,5.0,0.35,5.0,0.46,1.8,0.48,15.4,0.06,0.06,0.095161,1776186496000
1776186498.402,198.402,0.54,1.8,0.52,15.4,0.6,5.0,0.65,5.0,0.4,5.0,0.35,5.0,0.46,1.8,0.48,15.4,0.06,0.06,0.095161,1776186497000
1776186499.23,199.23,0.54,1.8,0.52,15.4,0.6,5.0,0.65,5.0,0.4,5.0,0.35,5.0,0.46,1.8,0.48,15.4,0.06,0.06,0.095161,1776186498000
1776186500.553,200.553,0.54,1.8,0.52,15.4,0.6,5.0,0.65,5.0,0.4,5.0,0.35,5.0,0.46,1.8,0.48,15.4,0.06,0.06,0.095158,1776186499000
1776186501.282,201.282,0.54,1.8,0.52,15.4,0.6,5.0,0.65,5.0,0.4,5.0,0.35,5.0,0.46,1.8,0.48,15.4,0.06,0.06,0.095159,1776186500000
1776186502.621,202.621,0.54,1.8,0.52,15.4,0.6,5.0,0.65,5.0,0.4,5.0,0.35,5.0,0.46,1.8,0.48,15.4,0.06,0.06,0.095154,1776186501000
1776186503.317,203.317,0.54,1.8,0.52,15.4,0.6,5.0,0.65,5.0,0.4,5.0,0.35,5.0,0.46,1.8,0.48,15.4,0.06,0.06,0.095154,1776186502000
1776186504.028,204.028,0.54,1.8,0.52,15.4,0.6,5.0,0.65,5.0,0.4,5.0,0.35,5.0,0.46,1.8,0.48,15.4,0.06,0.06,0.095154,1776186503000
1776186505.386,205.386,0.54,1.8,0.52,15.4,0.6,5.0,0.65,5.0,0.4,5.0,0.35,5.0,0.46,1.8,0.48,15.4,0.06,0.06,0.095153,1776186504000
1776186506.03,206.03,0.54,1.8,0.52,15.4,0.6,5.0,0.65,5.0,0.4,5.0,0.35,5.0,0.46,1.8,0.48,15.4,0.06,0.06,0.095155,1776186505000
1776186507.794,207.794,0.54,1.8,0.52,15.4,0.6,5.0,0.65,5.0,0.4,5.0,0.35,5.0,0.46,1.8,0.48,15.4,0.06,0.06,0.095162,1776186506000
1776186508.383,208.383,0.54,1.8,0.52,15.4,0.6,5.0,0.65,5.0,0.4,5.0,0.35,5.0,0.46,1.8,0.48,15.4,0.06,0.06,0.095162,1776186507000
1776186509.145,209.145,0.54,1.8,0.52,15.4,0.6,5.0,0.65,5.0,0.4,5.0,0.35,5.0,0.46,1.8,0.48,15.4,0.06,0.06,0.095162,1776186508000
1776186510.645,210.645,0.54,1.8,0.52,15.4,0.6,5.0,0.65,5.0,0.4,5.0,0.35,5.0,0.46,1.8,0.48,15.4,0.06,0.06,0.095162,1776186509000
1776186511.283,211.283,0.54,1.8,0.52,15.4,0.6,5.0,0.65,5.0,0.4,5.0,0.35,5.0,0.46,1.8,0.48,15.4,0.06,0.06,0.095162,1776186510000
1776186512.596,212.596,0.54,1.8,0.52,15.4,0.6,5.0,0.65,5.0,0.4,5.0,0.35,5.0,0.46,1.8,0.48,15.4,0.06,0.06,0.095162,1776186511000
1776186513.041,213.041,0.46,10.5,0.45,10.5,0.55,5.0,0.61,50.0,0.4,5.0,0.35,5.0,0.46,1.8,0.48,15.4,0.09,0.06,0.095162,1776186511000
1776186513.407,213.407,0.46,10.5,0.45,10.5,0.55,5.0,0.61,50.0,0.45,5.0,0.39,50.0,0.54,10.5,0.55,10.5,0.09,0.09,0.095157,1776186512000
1776186513.982,213.982,0.46,10.5,0.45,10.5,0.55,5.0,0.61,50.0,0.45,5.0,0.39,50.0,0.54,10.5,0.55,10.5,0.09,0.09,0.095155,1776186513000
1776186515.43,215.43,0.46,10.5,0.45,10.5,0.55,5.0,0.61,50.0,0.45,5.0,0.39,50.0,0.54,10.5,0.55,10.5,0.09,0.09,0.095139,1776186514000
1776186515.982,215.982,0.46,10.5,0.45,10.5,0.55,5.0,0.61,50.0,0.45,5.0,0.39,50.0,0.54,10.5,0.55,10.5,0.09,0.09,0.095137,1776186515000
1776186517.238,217.238,0.46,10.5,0.45,10.5,0.55,5.0,0.61,50.0,0.45,5.0,0.39,50.0,0.54,10.5,0.55,10.5,0.09,0.09,0.095137,1776186516000
1776186518.887,218.887,0.46,10.5,0.45,10.5,0.55,5.0,0.61,50.0,0.45,5.0,0.39,50.0,0.54,10.5,0.55,10.5,0.09,0.09,0.09512,1776186517000
1776186519.815,219.815,0.46,10.5,0.45,10.5,0.55,5.0,0.61,50.0,0.45,5.0,0.39,50.0,0.54,10.5,0.55,10.5,0.09,0.09,0.095118,1776186518000
1776186520.417,220.417,0.46,10.5,0.45,10.5,0.55,5.0,0.61,50.0,0.45,5.0,0.39,50.0,0.54,10.5,0.55,10.5,0.09,0.09,0.095118,1776186519000
1776186521.116,221.116,0.46,10.5,0.45,10.5,0.55,5.0,0.61,50.0,0.45,5.0,0.39,50.0,0.54,10.5,0.55,10.5,0.09,0.09,0.095122,1776186520000
1776186522.542,222.542,0.46,10.5,0.45,10.5,0.55,5.0,0.61,50.0,0.45,5.0,0.39,50.0,0.54,10.5,0.55,10.5,0.09,0.09,0.095123,1776186521000
1776186523.226,223.226,0.46,10.5,0.45,10.5,0.55,5.0,0.61,50.0,0.45,5.0,0.39,50.0,0.54,10.5,0.55,10.5,0.09,0.09,0.095123,1776186522000
1776186524.72,224.72,0.46,10.5,0.45,10.5,0.55,5.0,0.61,50.0,0.45,5.0,0.39,50.0,0.54,10.5,0.55,10.5,0.09,0.09,0.095123,1776186523000
1776186525.362,225.362,0.46,10.5,0.45,10.5,0.55,5.0,0.61,50.0,0.45,5.0,0.39,50.0,0.54,10.5,0.55,10.5,0.09,0.09,0.095127,1776186524000
1776186526.66,226.66,0.46,10.5,0.45,10.5,0.55,5.0,0.61,50.0,0.45,5.0,0.39,50.0,0.54,10.5,0.55,10.5,0.09,0.09,0.09513,1776186525000
1776186527.319,227.319,0.46,10.5,0.45,10.5,0.55,5.0,0.61,50.0,0.45,5.0,0.39,50.0,0.54,10.5,0.55,10.5,0.09,0.09,0.095132,1776186526000
1776186528.663,228.663,0.46,10.5,0.45,10.5,0.55,5.0,0.61,50.0,0.45,5.0,0.39,50.0,0.54,10.5,0.55,10.5,0.09,0.09,0.095126,1776186527000
1776186529.32,229.32,0.46,10.5,0.45,10.5,0.55,5.0,0.61,50.0,0.45,5.0,0.39,50.0,0.54,10.5,0.55,10.5,0.09,0.09,0.095128,1776186528000
1776186530.575,230.575,0.46,10.5,0.45,10.5,0.55,5.0,0.61,50.0,0.45,5.0,0.39,50.0,0.54,10.5,0.55,10.5,0.09,0.09,0.095128,1776186529000
1776186531.218,231.218,0.46,10.5,0.45,10.5,0.55,5.0,0.61,50.0,0.45,5.0,0.39,50.0,0.54,10.5,0.55,10.5,0.09,0.09,0.095133,1776186530000
1776186532.495,232.495,0.46,10.5,0.45,10.5,0.55,5.0,0.61,50.0,0.45,5.0,0.39,50.0,0.54,10.5,0.55,10.5,0.09,0.09,0.095133,1776186531000
1776186533.148,233.148,0.46,10.5,0.45,10.5,0.55,5.0,0.61,50.0,0.45,5.0,0.39,50.0,0.54,10.5,0.55,10.5,0.09,0.09,0.095132,1776186532000
1776186533.653,233.653,0.53,5.0,0.45,10.5,0.55,5.0,0.61,50.0,0.45,5.0,0.39,50.0,0.54,10.5,0.55,10.5,0.02,0.09,0.095132,1776186532000
1776186534.275,234.275,0.53,5.0,0.45,10.5,0.55,5.0,0.61,50.0,0.45,5.0,0.39,50.0,0.47,5.0,0.55,10.5,0.02,0.02,0.095134,1776186533000
1776186535.515,235.515,0.53,5.0,0.45,10.5,0.55,5.0,0.61,50.0,0.45,5.0,0.39,50.0,0.47,5.0,0.55,10.5,0.02,0.02,0.095141,1776186534000
1776186536.235,236.235,0.53,5.0,0.45,10.5,0.55,5.0,0.61,50.0,0.45,5.0,0.39,50.0,0.47,5.0,0.55,10.5,0.02,0.02,0.095144,1776186535000
1776186537.431,237.431,0.53,5.0,0.45,10.5,0.55,5.0,0.61,50.0,0.45,5.0,0.39,50.0,0.47,5.0,0.55,10.5,0.02,0.02,0.095144,1776186536000
1776186537.958,237.958,0.51,5.0,0.5,15.4,0.55,1.82,0.61,50.0,0.45,5.0,0.39,50.0,0.47,5.0,0.55,10.5,0.04,0.02,0.095144,1776186536000
1776186539.11,239.11,0.51,5.0,0.5,15.4,0.55,1.82,0.61,50.0,0.45,1.82,0.39,50.0,0.49,5.0,0.5,15.4,0.04,0.04,0.095137,1776186538000
1776186540.264,240.264,0.39,6.03,0.38,16.0,0.51,50.0,0.55,1.82,0.45,1.82,0.39,50.0,0.49,5.0,0.5,15.4,0.12,0.04,0.095137,1776186538000
1776186540.985,240.985,0.39,6.03,0.38,16.0,0.51,50.0,0.55,1.82,0.49,50.0,0.45,1.82,0.61,6.03,0.62,16.0,0.12,0.12,0.095138,1776186540000
1776186542.311,242.311,0.39,6.03,0.38,16.0,0.51,50.0,0.55,1.82,0.49,50.0,0.45,1.82,0.61,6.03,0.62,16.0,0.12,0.12,0.09513,1776186541000
1776186542.928,242.928,0.39,6.03,0.38,16.0,0.51,50.0,0.55,1.82,0.49,50.0,0.45,1.82,0.61,6.03,0.62,16.0,0.12,0.12,0.095122,1776186542000
1776186543.14,243.14,0.51,5.0,0.41,55.0,0.69,12.2,0.7,12.4,0.49,50.0,0.45,1.82,0.61,6.03,0.62,16.0,0.18,0.12,0.095122,1776186542000
1776186544.301,244.301,0.51,5.0,0.41,55.0,0.69,12.2,0.7,12.4,0.31,12.2,0.3,12.4,0.49,5.0,0.59,55.0,0.18,0.18,0.095138,1776186543000
1776186544.888,244.888,0.61,2.0,0.6,5.0,0.69,12.2,0.7,12.4,0.31,12.2,0.3,12.4,0.49,5.0,0.59,55.0,0.08,0.18,0.095138,1776186543000
1776186545.401,245.401,0.61,2.0,0.6,5.0,0.69,12.2,0.7,12.4,0.31,12.2,0.3,12.4,0.39,2.0,0.4,5.0,0.08,0.08,0.095143,1776186544000
1776186546.71,246.71,0.61,2.0,0.6,5.0,0.69,12.2,0.7,12.4,0.31,12.2,0.3,12.4,0.39,2.0,0.4,5.0,0.08,0.08,0.095144,1776186545000
1776186547.302,247.302,0.61,2.0,0.6,5.0,0.69,12.2,0.7,12.4,0.31,12.2,0.3,12.4,0.39,2.0,0.4,5.0,0.08,0.08,0.095143,1776186546000
1776186548.29,248.29,0.61,2.0,0.6,5.0,0.69,12.2,0.7,12.4,0.31,12.2,0.3,12.4,0.39,2.0,0.4,5.0,0.08,0.08,0.095142,1776186547000
1776186549.374,249.374,0.61,2.0,0.6,5.0,0.69,12.2,0.7,12.4,0.31,12.2,0.3,12.4,0.39,2.0,0.4,5.0,0.08,0.08,0.095144,1776186548000
1776186550.27,250.27,0.61,2.0,0.6,5.0,0.69,12.2,0.7,12.4,0.31,12.2,0.3,12.4,0.39,2.0,0.4,5.0,0.08,0.08,0.095142,1776186549000
1776186551.407,251.407,0.61,2.0,0.6,5.0,0.69,12.2,0.7,12.4,0.31,12.2,0.3,12.4,0.39,2.0,0.4,5.0,0.08,0.08,0.095139,1776186550000
1776186551.917,251.917,0.61,2.0,0.6,5.0,0.69,12.2,0.7,12.4,0.31,12.2,0.3,12.4,0.39,2.0,0.4,5.0,0.08,0.08,0.095133,1776186551000
1776186553.187,253.187,0.61,2.0,0.6,5.0,0.69,12.2,0.7,12.4,0.31,12.2,0.3,12.4,0.39,2.0,0.4,5.0,0.08,0.08,0.095137,1776186552000
1776186554.372,254.372,0.61,2.0,0.6,5.0,0.69,12.2,0.7,12.4,0.31,12.2,0.3,12.4,0.39,2.0,0.4,5.0,0.08,0.08,0.095137,1776186553000
1776186555.396,255.396,0.61,2.0,0.6,5.0,0.69,12.2,0.7,12.4,0.31,12.2,0.3,12.4,0.39,2.0,0.4,5.0,0.08,0.08,0.095141,1776186554000
1776186555.655,255.655,0.5,10.4,0.47,10.4,0.52,5.0,0.53,5.0,0.31,12.2,0.3,12.4,0.39,2.0,0.4,5.0,0.02,0.08,0.095141,1776186554000
1776186555.937,255.937,0.5,10.4,0.47,10.4,0.52,5.0,0.53,5.0,0.48,5.0,0.47,5.0,0.5,10.4,0.53,10.4,0.02,0.02,0.095139,1776186555000
1776186557.131,257.131,0.5,10.4,0.47,10.4,0.52,5.0,0.53,5.0,0.48,5.0,0.47,5.0,0.5,10.4,0.53,10.4,0.02,0.02,0.095138,1776186556000
1776186558.196,258.196,0.5,10.4,0.47,10.4,0.52,5.0,0.53,5.0,0.48,5.0,0.47,5.0,0.5,10.4,0.53,10.4,0.02,0.02,0.095138,1776186557000
1776186559.35,259.35,0.5,10.4,0.47,10.4,0.52,5.0,0.53,5.0,0.48,5.0,0.47,5.0,0.5,10.4,0.53,10.4,0.02,0.02,0.095138,1776186558000
1776186560.817,260.817,0.5,10.4,0.47,10.4,0.52,5.0,0.53,5.0,0.48,5.0,0.47,5.0,0.5,10.4,0.53,10.4,0.02,0.02,0.095138,1776186559000
1776186561.741,261.741,0.5,10.4,0.47,10.4,0.52,5.0,0.53,5.0,0.48,5.0,0.47,5.0,0.5,10.4,0.53,10.4,0.02,0.02,0.095138,1776186560000
1776186562.385,262.385,0.5,10.4,0.47,10.4,0.52,5.0,0.53,5.0,0.48,5.0,0.47,5.0,0.5,10.4,0.53,10.4,0.02,0.02,0.095138,1776186561000
1776186563.588,263.588,0.5,10.4,0.47,10.4,0.52,5.0,0.53,5.0,0.48,5.0,0.47,5.0,0.5,10.4,0.53,10.4,0.02,0.02,0.095138,1776186562000
1776186564.082,264.082,0.5,10.4,0.47,10.4,0.52,5.0,0.53,5.0,0.48,5.0,0.47,5.0,0.5,10.4,0.53,10.4,0.02,0.02,0.095139,1776186563000
1776186565.267,265.267,0.5,10.4,0.47,10.4,0.52,5.0,0.53,5.0,0.48,5.0,0.47,5.0,0.5,10.4,0.53,10.4,0.02,0.02,0.095139,1776186564000
1776186566.459,266.459,0.5,10.4,0.47,10.4,0.52,5.0,0.53,5.0,0.48,5.0,0.47,5.0,0.5,10.4,0.53,10.4,0.02,0.02,0.095139,1776186565000
1776186566.978,266.978,0.5,10.4,0.47,10.4,0.52,5.0,0.53,5.0,0.48,5.0,0.47,5.0,0.5,10.4,0.53,10.4,0.02,0.02,0.095138,1776186566000
1776186568.114,268.114,0.5,10.4,0.47,10.4,0.52,5.0,0.53,5.0,0.48,5.0,0.47,5.0,0.5,10.4,0.53,10.4,0.02,0.02,0.095144,1776186567000
1776186568.551,268.551,0.6,5.0,0.56,10.6,0.7,0.75,0.79,7.0,0.48,5.0,0.47,5.0,0.5,10.4,0.53,10.4,0.1,0.02,0.095144,1776186567000
1776186569.253,269.253,0.6,5.0,0.56,10.6,0.7,0.75,0.79,7.0,0.3,0.75,0.21,7.0,0.4,5.0,0.44,10.6,0.1,0.1,0.095144,1776186568000
1776186570.328,270.328,0.6,5.0,0.56,10.6,0.7,0.75,0.79,7.0,0.3,0.75,0.21,7.0,0.4,5.0,0.44,10.6,0.1,0.1,0.095154,1776186569000
1776186571.507,271.507,0.6,5.0,0.56,10.6,0.7,0.75,0.79,7.0,0.3,0.75,0.21,7.0,0.4,5.0,0.44,10.6,0.1,0.1,0.095163,1776186570000
1776186572.013,272.013,0.6,5.0,0.56,10.6,0.7,0.75,0.79,7.0,0.3,0.75,0.21,7.0,0.4,5.0,0.44,10.6,0.1,0.1,0.095163,1776186571000
1776186573.185,273.185,0.6,5.0,0.56,10.6,0.7,0.75,0.79,7.0,0.3,0.75,0.21,7.0,0.4,5.0,0.44,10.6,0.1,0.1,0.095165,1776186572000
1776186574.292,274.292,0.6,5.0,0.56,10.6,0.7,0.75,0.79,7.0,0.3,0.75,0.21,7.0,0.4,5.0,0.44,10.6,0.1,0.1,0.095167,1776186573000
1776186574.543,274.543,0.67,11.8,0.66,11.6,0.78,3.71,0.88,24.6,0.3,0.75,0.21,7.0,0.4,5.0,0.44,10.6,0.11,0.1,0.095167,1776186573000
1776186575.087,275.087,0.68,11.9,0.67,11.8,0.78,1.91,0.88,24.6,0.22,3.71,0.12,24.6,0.33,11.8,0.34,11.6,0.1,0.11,0.095167,1776186573000
1776186575.968,275.968,0.68,11.9,0.67,11.8,0.78,1.91,0.88,24.6,0.22,1.91,0.12,24.6,0.32,11.9,0.33,11.8,0.1,0.1,0.095167,1776186574000
1776186576.507,276.507,0.68,11.9,0.67,11.8,0.78,1.91,0.88,24.6,0.22,1.91,0.12,24.6,0.32,11.9,0.33,11.8,0.1,0.1,0.095167,1776186575000
1776186577.15,277.15,0.68,11.9,0.67,11.8,0.78,1.91,0.88,24.6,0.22,1.91,0.12,24.6,0.32,11.9,0.33,11.8,0.1,0.1,0.095167,1776186576000
1776186578.227,278.227,0.68,11.9,0.67,11.8,0.78,1.91,0.88,24.6,0.22,1.91,0.12,24.6,0.32,11.9,0.33,11.8,0.1,0.1,0.095168,1776186577000
1776186579.556,279.556,0.68,11.9,0.67,11.8,0.78,1.91,0.88,24.6,0.22,1.91,0.12,24.6,0.32,11.9,0.33,11.8,0.1,0.1,0.095173,1776186578000
1776186580.1,280.1,0.68,11.9,0.67,11.8,0.78,1.91,0.88,24.6,0.22,1.91,0.12,24.6,0.32,11.9,0.33,11.8,0.1,0.1,0.095168,1776186579000
1776186581.179,281.179,0.68,11.9,0.67,11.8,0.78,1.91,0.88,24.6,0.22,1.91,0.12,24.6,0.32,11.9,0.33,11.8,0.1,0.1,0.095171,1776186580000
1776186581.415,281.415,0.72,1.57,0.71,50.0,0.98,5.0,0.99,6435.0,0.22,1.91,0.12,24.6,0.32,11.9,0.33,11.8,0.26,0.1,0.095171,1776186580000
1776186582.229,282.229,0.72,1.57,0.71,50.0,0.98,5.0,0.99,6435.0,0.02,5.0,0.01,6435.0,0.28,1.57,0.29,50.0,0.26,0.26,0.095173,1776186581000
1776186583.508,283.508,0.72,1.57,0.71,50.0,0.98,5.0,0.99,6435.0,0.02,5.0,0.01,6435.0,0.28,1.57,0.29,50.0,0.26,0.26,0.095175,1776186582000
1776186584.452,284.452,0.72,1.57,0.71,50.0,0.98,5.0,0.99,6435.0,0.02,5.0,0.01,6435.0,0.28,1.57,0.29,50.0,0.26,0.26,0.095174,1776186583000
1776186585.024,285.024,0.72,1.57,0.71,50.0,0.98,5.0,0.99,6435.0,0.02,5.0,0.01,6435.0,0.28,1.57,0.29,50.0,0.26,0.26,0.095176,1776186584000
1776186586.036,286.036,0.72,1.57,0.71,50.0,0.98,5.0,0.99,6435.0,0.02,5.0,0.01,6435.0,0.28,1.57,0.29,50.0,0.26,0.26,0.095179,1776186585000
1776186587.175,287.175,0.72,1.57,0.71,50.0,0.98,5.0,0.99,6435.0,0.02,5.0,0.01,6435.0,0.28,1.57,0.29,50.0,0.26,0.26,0.095176,1776186586000
1776186588.314,288.314,0.72,1.57,0.71,50.0,0.98,5.0,0.99,6435.0,0.02,5.0,0.01,6435.0,0.28,1.57,0.29,50.0,0.26,0.26,0.095175,1776186587000
1776186589.392,289.392,0.72,1.57,0.71,50.0,0.98,5.0,0.99,6435.0,0.02,5.0,0.01,6435.0,0.28,1.57,0.29,50.0,0.26,0.26,0.095187,1776186588000
1776186590.28,290.28,0.72,1.57,0.71,50.0,0.98,5.0,0.99,6435.0,0.02,5.0,0.01,6435.0,0.28,1.57,0.29,50.0,0.26,0.26,0.095187,1776186589000
1776186591.423,291.423,0.72,1.57,0.71,50.0,0.98,5.0,0.99,6435.0,0.02,5.0,0.01,6435.0,0.28,1.57,0.29,50.0,0.26,0.26,0.095186,1776186590000
1776186592.025,292.025,0.72,1.57,0.71,50.0,0.98,5.0,0.99,6435.0,0.02,5.0,0.01,6435.0,0.28,1.57,0.29,50.0,0.26,0.26,0.095186,1776186591000
1776186592.838,292.838,0.81,50.0,0.72,1.57,0.99,229.0,,,0.02,5.0,0.01,6435.0,0.28,1.57,0.29,50.0,0.18,0.26,0.095186,1776186591000
1776186593.096,293.096,0.81,50.0,0.72,1.57,0.99,229.0,,,0.01,229.0,,,0.19,50.0,0.28,1.57,0.18,0.18,0.095181,1776186592000
1776186594.246,294.246,0.81,50.0,0.72,1.57,0.99,208.79,,,0.01,208.79,,,0.19,50.0,0.28,1.57,0.18,0.18,0.09518,1776186593000
1776186595.4,295.4,0.81,50.0,0.72,1.57,0.99,124.89,,,0.01,124.89,,,0.19,50.0,0.28,1.57,0.18,0.18,0.095181,1776186594000
1776186595.879,295.879,0.81,50.0,0.72,1.57,0.99,124.89,,,0.01,124.89,,,0.19,50.0,0.28,1.57,0.18,0.18,0.095181,1776186595000
1776186596.095,296.095,0.81,50.0,0.8,6.0,0.99,89.62,,,0.01,124.89,,,0.19,50.0,0.28,1.57,0.18,0.18,0.095181,1776186595000
1776186597.066,297.066,0.81,50.0,0.8,6.0,0.99,89.62,,,0.01,89.62,,,0.19,50.0,0.2,6.0,0.18,0.18,0.095181,1776186596000
1776186597.439,297.439,0.81,50.0,0.8,6.0,0.99,49.21,,,0.01,89.62,,,0.19,50.0,0.2,6.0,0.18,0.18,0.095181,1776186596000
1776186598.022,298.022,0.81,50.0,0.8,6.0,0.99,37.19,,,0.01,38.21,,,0.19,50.0,0.2,6.0,0.18,0.18,0.095181,1776186596000
1776186599.184,299.184,0.99,19.95,0.81,50.0,,,,,,,,,0.01,19.95,0.19,50.0,,,0.095188,1776186598000
1776186600.276,300.276,0.99,19.95,0.81,50.0,,,,,,,,,0.01,19.95,0.19,50.0,,,0.095178,1776186599000

# RESULT,winner=Up,slug=doge-updown-5m-1776186300,ticks=323
