timestamp,elapsed_sec,up_bid_p1,up_bid_s1,up_bid_p2,up_bid_s2,up_ask_p1,up_ask_s1,up_ask_p2,up_ask_s2,down_bid_p1,down_bid_s1,down_bid_p2,down_bid_s2,down_ask_p1,down_ask_s1,down_ask_p2,down_ask_s2,up_spread,down_spread,doge_price,doge_oracle_ts
1776209401.289,1.289,,,,,,,,,,,,,,,,,,,0.093093,1776209400000
1776209401.5,1.5,0.33,300.0,0.31,375.0,0.5,5.0,0.67,300.0,0.5,5.0,0.33,300.0,0.67,300.0,0.69,375.0,0.17,0.17,0.093093,1776209400000
1776209401.788,1.788,0.33,300.0,0.31,375.0,0.5,5.0,0.67,300.0,0.5,5.0,0.33,300.0,0.67,300.0,0.69,375.0,0.17,0.17,0.093093,1776209400000
1776209402.344,2.344,0.33,300.0,0.31,375.0,0.5,5.0,0.67,300.0,0.5,5.0,0.33,300.0,0.67,300.0,0.69,375.0,0.17,0.17,0.093092,1776209401000
1776209402.927,2.927,0.33,300.0,0.31,375.0,0.5,5.0,0.67,300.0,0.5,5.0,0.33,300.0,0.67,300.0,0.69,375.0,0.17,0.17,0.093092,1776209402000
1776209404.051,4.051,0.33,300.0,0.31,375.0,0.5,5.0,0.67,300.0,0.5,5.0,0.33,300.0,0.67,300.0,0.69,375.0,0.17,0.17,0.093089,1776209403000
1776209405.19,5.19,0.33,300.0,0.31,375.0,0.5,5.0,0.67,300.0,0.5,5.0,0.33,300.0,0.67,300.0,0.69,375.0,0.17,0.17,0.093089,1776209404000
1776209405.74,5.74,0.47,4.4,0.46,5.0,0.5,5.0,0.56,5.0,0.5,5.0,0.33,300.0,0.67,300.0,0.69,375.0,0.03,0.17,0.093089,1776209404000
1776209406.82,6.82,0.46,4.4,0.31,50.0,0.5,5.0,0.56,5.0,0.5,5.0,0.44,5.0,0.54,4.4,0.69,50.0,0.04,0.04,0.093089,1776209405000
1776209407.496,7.496,0.46,4.4,0.31,50.0,0.5,5.0,0.56,5.0,0.5,5.0,0.44,5.0,0.54,4.4,0.69,50.0,0.04,0.04,0.093089,1776209406000
1776209408.265,8.265,0.46,4.4,0.31,50.0,0.5,5.0,0.56,5.0,0.5,5.0,0.44,5.0,0.54,4.4,0.69,50.0,0.04,0.04,0.093089,1776209407000
1776209409.593,9.593,0.46,4.4,0.31,50.0,0.5,5.0,0.56,5.0,0.5,5.0,0.44,5.0,0.54,4.4,0.69,50.0,0.04,0.04,0.093089,1776209408000
1776209410.172,10.172,0.46,2.98,0.45,5.0,0.5,5.0,0.56,5.0,0.5,5.0,0.44,5.0,0.54,2.98,0.55,5.0,0.04,0.04,0.093089,1776209409000
1776209411.358,11.358,0.46,2.98,0.45,5.0,0.5,5.0,0.56,5.0,0.5,5.0,0.44,5.0,0.54,2.98,0.55,5.0,0.04,0.04,0.093091,1776209410000
1776209411.923,11.923,0.46,2.98,0.45,5.0,0.5,5.0,0.56,5.0,0.5,5.0,0.44,5.0,0.54,2.98,0.55,5.0,0.04,0.04,0.093091,1776209411000
1776209413.187,13.187,0.46,2.98,0.45,5.0,0.5,5.0,0.56,5.0,0.5,5.0,0.44,5.0,0.54,2.98,0.55,5.0,0.04,0.04,0.09309,1776209412000
1776209414.561,14.561,0.46,2.98,0.45,5.0,0.5,5.0,0.56,5.0,0.5,5.0,0.44,5.0,0.54,2.98,0.55,5.0,0.04,0.04,0.093091,1776209413000
1776209415.1,15.1,0.45,5.0,0.4,10.0,0.58,5.0,0.61,50.0,0.42,5.0,0.39,50.0,0.55,5.0,0.6,10.0,0.13,0.13,0.093091,1776209414000
1776209416.393,16.393,0.45,5.0,0.4,10.0,0.58,5.0,0.61,50.0,0.42,5.0,0.39,50.0,0.55,5.0,0.6,10.0,0.13,0.13,0.093094,1776209415000
1776209416.946,16.946,0.45,5.0,0.4,10.0,0.58,5.0,0.61,50.0,0.42,5.0,0.39,50.0,0.55,5.0,0.6,10.0,0.13,0.13,0.093093,1776209416000
1776209418.244,18.244,0.45,5.0,0.4,10.0,0.58,5.0,0.61,50.0,0.42,5.0,0.39,50.0,0.55,5.0,0.6,10.0,0.13,0.13,0.093095,1776209417000
1776209419.603,19.603,0.45,5.0,0.4,10.0,0.58,5.0,0.61,50.0,0.42,5.0,0.39,50.0,0.55,5.0,0.6,10.0,0.13,0.13,0.093085,1776209418000
1776209420.171,20.171,0.45,5.0,0.4,10.0,0.58,5.0,0.61,50.0,0.42,5.0,0.39,50.0,0.55,5.0,0.6,10.0,0.13,0.13,0.093083,1776209419000
1776209421.915,21.915,0.45,5.0,0.4,10.0,0.58,5.0,0.61,50.0,0.42,5.0,0.39,50.0,0.55,5.0,0.6,10.0,0.13,0.13,0.093076,1776209420000
1776209422.43,22.43,0.37,10.0,0.32,8.4,0.5,4.11,0.51,50.0,0.5,4.11,0.49,50.0,0.63,10.0,0.68,8.4,0.13,0.13,0.093074,1776209421000
1776209423.023,23.023,0.37,10.0,0.32,8.4,0.5,4.11,0.51,50.0,0.5,4.11,0.49,50.0,0.63,10.0,0.68,8.4,0.13,0.13,0.093073,1776209422000
1776209423.335,23.335,0.38,5.0,0.31,10.0,0.48,5.0,0.5,5.0,0.5,4.11,0.49,50.0,0.63,10.0,0.68,8.4,0.1,0.13,0.093073,1776209422000
1776209424.129,24.129,0.38,5.0,0.31,10.0,0.48,5.0,0.5,5.0,0.52,5.0,0.5,5.0,0.62,5.0,0.69,10.0,0.1,0.1,0.093067,1776209423000
1776209425.152,25.152,0.38,5.0,0.31,10.0,0.48,5.0,0.5,5.0,0.52,5.0,0.5,5.0,0.62,5.0,0.69,10.0,0.1,0.1,0.093066,1776209424000
1776209426.107,26.107,0.38,5.0,0.31,10.0,0.48,5.0,0.5,5.0,0.52,5.0,0.5,5.0,0.62,5.0,0.69,10.0,0.1,0.1,0.093068,1776209425000
1776209427.184,27.184,0.38,5.0,0.31,10.0,0.48,5.0,0.5,5.0,0.52,5.0,0.5,5.0,0.62,5.0,0.69,10.0,0.1,0.1,0.093072,1776209426000
1776209428.215,28.215,0.38,5.0,0.31,10.0,0.48,5.0,0.5,5.0,0.52,5.0,0.5,5.0,0.62,5.0,0.69,10.0,0.1,0.1,0.093072,1776209427000
1776209429.192,29.192,0.38,5.0,0.31,10.0,0.48,5.0,0.5,5.0,0.52,5.0,0.5,5.0,0.62,5.0,0.69,10.0,0.1,0.1,0.093072,1776209428000
1776209430.26,30.26,0.38,5.0,0.31,10.0,0.48,5.0,0.5,5.0,0.52,5.0,0.5,5.0,0.62,5.0,0.69,10.0,0.1,0.1,0.093072,1776209429000
1776209431.338,31.338,0.38,5.0,0.31,10.0,0.48,5.0,0.5,5.0,0.52,5.0,0.5,5.0,0.62,5.0,0.69,10.0,0.1,0.1,0.093072,1776209430000
1776209432.299,32.299,0.38,5.0,0.31,10.0,0.48,5.0,0.5,5.0,0.52,5.0,0.5,5.0,0.62,5.0,0.69,10.0,0.1,0.1,0.093072,1776209431000
1776209432.865,32.865,0.38,5.0,0.31,10.0,0.48,5.0,0.5,5.0,0.52,5.0,0.5,5.0,0.62,5.0,0.69,10.0,0.1,0.1,0.093072,1776209432000
1776209433.927,33.927,0.38,5.0,0.31,10.0,0.48,5.0,0.5,5.0,0.52,5.0,0.5,5.0,0.62,5.0,0.69,10.0,0.1,0.1,0.093069,1776209433000
1776209435.528,35.528,0.38,5.0,0.31,10.0,0.48,5.0,0.5,5.0,0.52,5.0,0.5,5.0,0.62,5.0,0.69,10.0,0.1,0.1,0.093067,1776209434000
1776209436.977,36.977,0.38,5.0,0.31,10.0,0.48,5.0,0.5,5.0,0.52,5.0,0.5,5.0,0.62,5.0,0.69,10.0,0.1,0.1,0.093067,1776209435000
1776209437.618,37.618,0.38,5.0,0.31,10.0,0.48,5.0,0.5,5.0,0.52,5.0,0.5,5.0,0.62,5.0,0.69,10.0,0.1,0.1,0.093071,1776209436000
1776209438.234,38.234,0.38,5.0,0.31,10.0,0.48,5.0,0.5,5.0,0.52,5.0,0.5,5.0,0.62,5.0,0.69,10.0,0.1,0.1,0.093071,1776209437000
1776209439.685,39.685,0.38,5.0,0.31,10.0,0.48,5.0,0.5,5.0,0.52,5.0,0.5,5.0,0.62,5.0,0.69,10.0,0.1,0.1,0.093071,1776209438000
1776209440.423,40.423,0.38,5.0,0.31,10.0,0.48,5.0,0.5,5.0,0.52,5.0,0.5,5.0,0.62,5.0,0.69,10.0,0.1,0.1,0.093071,1776209439000
1776209441.091,41.091,0.38,5.0,0.31,10.0,0.48,5.0,0.5,5.0,0.52,5.0,0.5,5.0,0.62,5.0,0.69,10.0,0.1,0.1,0.093072,1776209440000
1776209442.411,42.411,0.38,5.0,0.31,10.0,0.48,5.0,0.5,5.0,0.52,5.0,0.5,5.0,0.62,5.0,0.69,10.0,0.1,0.1,0.093071,1776209441000
1776209443.138,43.138,0.38,5.0,0.31,10.0,0.48,5.0,0.5,5.0,0.52,5.0,0.5,5.0,0.62,5.0,0.69,10.0,0.1,0.1,0.093071,1776209442000
1776209444.318,44.318,0.38,5.0,0.31,10.0,0.48,5.0,0.5,5.0,0.52,5.0,0.5,5.0,0.62,5.0,0.69,10.0,0.1,0.1,0.093072,1776209443000
1776209444.978,44.978,0.38,5.0,0.31,10.0,0.48,5.0,0.5,5.0,0.52,5.0,0.5,5.0,0.62,5.0,0.69,10.0,0.1,0.1,0.093072,1776209444000
1776209446.32,46.32,0.38,5.0,0.31,10.0,0.48,5.0,0.5,5.0,0.52,5.0,0.5,5.0,0.62,5.0,0.69,10.0,0.1,0.1,0.093072,1776209445000
1776209447.547,47.547,0.38,5.0,0.31,10.0,0.48,5.0,0.5,5.0,0.52,5.0,0.5,5.0,0.62,5.0,0.69,10.0,0.1,0.1,0.093072,1776209446000
1776209448.136,48.136,0.38,5.0,0.31,10.0,0.48,5.0,0.5,5.0,0.52,5.0,0.5,5.0,0.62,5.0,0.69,10.0,0.1,0.1,0.093071,1776209447000
1776209448.373,48.373,0.33,5.0,0.32,5.0,0.43,5.0,0.45,5.0,0.52,5.0,0.5,5.0,0.62,5.0,0.69,10.0,0.1,0.1,0.093071,1776209447000
1776209449.588,49.588,0.33,5.0,0.32,5.0,0.43,5.0,0.45,5.0,0.57,5.0,0.55,5.0,0.67,5.0,0.68,5.0,0.1,0.1,0.093064,1776209448000
1776209450.143,50.143,0.33,5.0,0.32,5.0,0.43,5.0,0.45,5.0,0.57,5.0,0.55,5.0,0.67,5.0,0.68,5.0,0.1,0.1,0.093062,1776209449000
1776209450.391,50.391,0.32,5.0,0.27,8.4,0.43,5.0,0.45,5.0,0.57,5.0,0.55,5.0,0.67,5.0,0.68,5.0,0.11,0.1,0.093062,1776209449000
1776209451.595,51.595,0.32,5.0,0.27,8.4,0.43,5.0,0.45,5.0,0.57,5.0,0.55,5.0,0.68,5.0,0.73,8.4,0.11,0.11,0.093062,1776209450000
1776209452.286,52.286,0.32,5.0,0.27,8.4,0.43,5.0,0.45,5.0,0.57,5.0,0.55,5.0,0.68,5.0,0.73,8.4,0.11,0.11,0.093061,1776209451000
1776209453.504,53.504,0.26,10.0,0.25,18.4,0.41,50.0,0.43,5.0,0.59,50.0,0.57,5.0,0.74,10.0,0.75,18.4,0.15,0.15,0.093063,1776209452000
1776209454.037,54.037,0.26,10.0,0.25,18.4,0.41,50.0,0.43,5.0,0.59,50.0,0.57,5.0,0.74,10.0,0.75,18.4,0.15,0.15,0.093063,1776209453000
1776209455.072,55.072,0.26,10.0,0.25,18.4,0.41,50.0,0.43,5.0,0.59,50.0,0.57,5.0,0.74,10.0,0.75,18.4,0.15,0.15,0.093063,1776209454000
1776209456.095,56.095,0.26,5.0,0.25,32.3,0.41,50.0,0.43,5.0,0.59,50.0,0.57,5.0,0.74,5.0,0.75,32.3,0.15,0.15,0.093063,1776209455000
1776209457.065,57.065,0.26,5.0,0.25,32.3,0.41,50.0,0.43,5.0,0.59,50.0,0.57,5.0,0.74,5.0,0.75,32.3,0.15,0.15,0.093063,1776209456000
1776209458.05,58.05,0.26,5.0,0.25,32.3,0.41,50.0,0.43,5.0,0.59,50.0,0.57,5.0,0.74,5.0,0.75,32.3,0.15,0.15,0.093063,1776209457000
1776209459.049,59.049,0.26,5.0,0.25,32.3,0.41,50.0,0.43,5.0,0.59,50.0,0.57,5.0,0.74,5.0,0.75,32.3,0.15,0.15,0.093066,1776209458000
1776209460.071,60.071,0.26,5.0,0.25,32.3,0.41,50.0,0.43,5.0,0.59,50.0,0.57,5.0,0.74,5.0,0.75,32.3,0.15,0.15,0.093066,1776209459000
1776209460.301,60.301,0.29,12.6,0.28,12.9,0.43,5.0,0.45,5.0,0.59,50.0,0.57,5.0,0.74,5.0,0.75,32.3,0.14,0.15,0.093066,1776209459000
1776209461.063,61.063,0.29,12.6,0.28,12.9,0.43,5.0,0.45,5.0,0.57,5.0,0.55,5.0,0.71,12.6,0.72,12.9,0.14,0.14,0.093066,1776209460000
1776209462.16,62.16,0.29,12.6,0.28,12.9,0.43,5.0,0.45,5.0,0.57,5.0,0.55,5.0,0.71,12.6,0.72,12.9,0.14,0.14,0.093071,1776209461000
1776209463.13,63.13,0.29,12.6,0.28,12.9,0.43,5.0,0.45,5.0,0.57,5.0,0.55,5.0,0.71,12.6,0.72,12.9,0.14,0.14,0.093069,1776209462000
1776209463.452,63.452,0.35,11.3,0.34,11.6,0.52,5.0,0.54,5.0,0.57,5.0,0.55,5.0,0.71,12.6,0.72,12.9,0.17,0.14,0.093069,1776209462000
1776209464.229,64.229,0.35,11.3,0.34,11.6,0.52,5.0,0.54,5.0,0.48,5.0,0.46,5.0,0.65,11.3,0.66,11.6,0.17,0.17,0.093078,1776209463000
1776209465.193,65.193,0.35,11.3,0.34,11.6,0.52,5.0,0.54,5.0,0.48,5.0,0.46,5.0,0.65,11.3,0.66,11.6,0.17,0.17,0.093087,1776209464000
1776209466.599,66.599,0.35,11.3,0.34,11.6,0.52,5.0,0.54,5.0,0.48,5.0,0.46,5.0,0.65,11.3,0.66,11.6,0.17,0.17,0.093091,1776209465000
1776209467.167,67.167,0.35,11.3,0.34,11.6,0.52,5.0,0.54,5.0,0.48,5.0,0.46,5.0,0.65,11.3,0.66,11.6,0.17,0.17,0.093091,1776209466000
1776209468.282,68.282,0.35,11.3,0.34,11.6,0.52,5.0,0.54,5.0,0.48,5.0,0.46,5.0,0.65,11.3,0.66,11.6,0.17,0.17,0.093093,1776209467000
1776209469.313,69.313,0.35,11.3,0.34,11.6,0.52,5.0,0.54,5.0,0.48,5.0,0.46,5.0,0.65,11.3,0.66,11.6,0.17,0.17,0.093094,1776209468000
1776209469.852,69.852,0.35,11.3,0.34,11.6,0.52,5.0,0.54,5.0,0.48,5.0,0.46,5.0,0.65,11.3,0.66,11.6,0.17,0.17,0.093095,1776209469000
1776209470.915,70.915,0.35,11.3,0.34,11.6,0.52,5.0,0.54,5.0,0.48,5.0,0.46,5.0,0.65,11.3,0.66,11.6,0.17,0.17,0.093095,1776209470000
1776209471.961,71.961,0.35,11.3,0.34,11.6,0.52,5.0,0.54,5.0,0.48,5.0,0.46,5.0,0.65,11.3,0.66,11.6,0.17,0.17,0.093098,1776209471000
1776209472.996,72.996,0.35,11.3,0.34,11.6,0.52,5.0,0.54,5.0,0.48,5.0,0.46,5.0,0.65,11.3,0.66,11.6,0.17,0.17,0.093099,1776209472000
1776209474.066,74.066,0.35,11.3,0.34,11.6,0.52,5.0,0.54,5.0,0.48,5.0,0.46,5.0,0.65,11.3,0.66,11.6,0.17,0.17,0.093099,1776209473000
1776209475.131,75.131,0.35,11.3,0.34,11.6,0.52,5.0,0.54,5.0,0.48,5.0,0.46,5.0,0.65,11.3,0.66,11.6,0.17,0.17,0.0931,1776209474000
1776209476.176,76.176,0.35,11.3,0.34,11.6,0.52,5.0,0.54,5.0,0.48,5.0,0.46,5.0,0.65,11.3,0.66,11.6,0.17,0.17,0.093108,1776209475000
1776209477.181,77.181,0.35,11.3,0.34,11.6,0.52,5.0,0.54,5.0,0.48,5.0,0.46,5.0,0.65,11.3,0.66,11.6,0.17,0.17,0.09311,1776209476000
1776209478.266,78.266,0.35,11.3,0.34,11.6,0.52,5.0,0.54,5.0,0.48,5.0,0.46,5.0,0.65,11.3,0.66,11.6,0.17,0.17,0.09311,1776209477000
1776209479.324,79.324,0.35,11.3,0.34,11.6,0.52,5.0,0.54,5.0,0.48,5.0,0.46,5.0,0.65,11.3,0.66,11.6,0.17,0.17,0.09312,1776209478000
1776209480.446,80.446,0.35,11.3,0.34,11.6,0.52,5.0,0.54,5.0,0.48,5.0,0.46,5.0,0.65,11.3,0.66,11.6,0.17,0.17,0.093125,1776209479000
1776209480.946,80.946,0.35,11.3,0.34,11.6,0.52,5.0,0.54,5.0,0.48,5.0,0.46,5.0,0.65,11.3,0.66,11.6,0.17,0.17,0.093126,1776209480000
1776209482.215,82.215,0.35,11.3,0.34,11.6,0.52,5.0,0.54,5.0,0.48,5.0,0.46,5.0,0.65,11.3,0.66,11.6,0.17,0.17,0.093132,1776209481000
1776209483.299,83.299,0.35,11.3,0.34,11.6,0.52,5.0,0.54,5.0,0.48,5.0,0.46,5.0,0.65,11.3,0.66,11.6,0.17,0.17,0.093125,1776209482000
1776209484.333,84.333,0.35,11.3,0.34,11.6,0.52,5.0,0.54,5.0,0.48,5.0,0.46,5.0,0.65,11.3,0.66,11.6,0.17,0.17,0.093125,1776209483000
1776209484.941,84.941,0.35,11.3,0.34,11.6,0.52,5.0,0.54,5.0,0.48,5.0,0.46,5.0,0.65,11.3,0.66,11.6,0.17,0.17,0.093125,1776209484000
1776209486.083,86.083,0.35,11.3,0.34,11.6,0.52,5.0,0.54,5.0,0.48,5.0,0.46,5.0,0.65,11.3,0.66,11.6,0.17,0.17,0.093125,1776209485000
1776209486.308,86.308,0.55,10.0,0.54,10.0,0.81,75.33,0.82,27.6,0.48,5.0,0.46,5.0,0.65,11.3,0.66,11.6,0.26,0.17,0.093125,1776209485000
1776209487.097,87.097,0.55,10.0,0.54,10.0,0.81,75.33,0.82,27.6,0.19,75.33,0.18,27.6,0.45,10.0,0.46,10.0,0.26,0.26,0.093124,1776209486000
1776209488.219,88.219,0.55,10.0,0.54,10.0,0.81,75.33,0.82,27.6,0.19,75.33,0.18,27.6,0.45,10.0,0.46,10.0,0.26,0.26,0.093121,1776209487000
1776209489.304,89.304,0.55,10.0,0.54,10.0,0.81,75.33,0.82,27.6,0.19,75.33,0.18,27.6,0.45,10.0,0.46,10.0,0.26,0.26,0.093121,1776209488000
1776209489.959,89.959,0.55,10.0,0.54,10.0,0.81,75.33,0.82,27.6,0.19,75.33,0.18,27.6,0.45,10.0,0.46,10.0,0.26,0.26,0.093121,1776209489000
1776209490.987,90.987,0.55,10.0,0.54,10.0,0.81,75.33,0.82,27.6,0.19,75.33,0.18,27.6,0.45,10.0,0.46,10.0,0.26,0.26,0.093116,1776209490000
1776209492.099,92.099,0.55,10.0,0.54,10.0,0.81,75.33,0.82,27.6,0.19,75.33,0.18,27.6,0.45,10.0,0.46,10.0,0.26,0.26,0.093115,1776209491000
1776209493.213,93.213,0.55,10.0,0.54,10.0,0.81,75.33,0.82,27.6,0.19,75.33,0.18,27.6,0.45,10.0,0.46,10.0,0.26,0.26,0.093116,1776209492000
1776209494.734,94.734,0.55,10.0,0.54,10.0,0.81,75.33,0.82,27.6,0.19,75.33,0.18,27.6,0.45,10.0,0.46,10.0,0.26,0.26,0.093115,1776209493000
1776209495.38,95.38,0.55,10.0,0.54,10.0,0.81,75.33,0.82,27.6,0.19,75.33,0.18,27.6,0.45,10.0,0.46,10.0,0.26,0.26,0.093116,1776209494000
1776209496.02,96.02,0.55,10.0,0.54,10.0,0.81,75.33,0.82,27.6,0.19,75.33,0.18,27.6,0.45,10.0,0.46,10.0,0.26,0.26,0.093124,1776209495000
1776209497.279,97.279,0.55,10.0,0.54,10.0,0.81,75.33,0.82,27.6,0.19,75.33,0.18,27.6,0.45,10.0,0.46,10.0,0.26,0.26,0.093135,1776209496000
1776209498.448,98.448,0.55,10.0,0.54,10.0,0.81,75.33,0.82,27.6,0.19,75.33,0.18,27.6,0.45,10.0,0.46,10.0,0.26,0.26,0.093136,1776209497000
1776209499.104,99.104,0.55,10.0,0.54,10.0,0.81,75.33,0.82,27.6,0.19,75.33,0.18,27.6,0.45,10.0,0.46,10.0,0.26,0.26,0.093137,1776209498000
1776209500.198,100.198,0.55,10.0,0.54,10.0,0.81,75.33,0.82,27.6,0.19,75.33,0.18,27.6,0.45,10.0,0.46,10.0,0.26,0.26,0.093137,1776209499000
1776209501.304,101.304,0.55,10.0,0.54,10.0,0.81,75.33,0.82,27.6,0.19,75.33,0.18,27.6,0.45,10.0,0.46,10.0,0.26,0.26,0.093137,1776209500000
1776209509.875,109.875,0.55,10.0,0.54,10.0,0.81,75.33,0.82,27.6,0.19,75.33,0.18,27.6,0.45,10.0,0.46,10.0,0.26,0.26,0.093147,1776209508000
1776209510.567,110.567,0.55,10.0,0.54,10.0,0.81,75.33,0.82,27.6,0.19,75.33,0.18,27.6,0.45,10.0,0.46,10.0,0.26,0.26,0.093147,1776209509000
1776209511.067,111.067,0.55,10.0,0.54,10.0,0.81,75.33,0.82,27.6,0.19,75.33,0.18,27.6,0.45,10.0,0.46,10.0,0.26,0.26,0.093147,1776209510000
1776209512.099,112.099,0.55,10.0,0.54,10.0,0.81,75.33,0.82,27.6,0.19,75.33,0.18,27.6,0.45,10.0,0.46,10.0,0.26,0.26,0.093148,1776209511000
1776209513.177,113.177,0.55,10.0,0.54,10.0,0.81,75.33,0.82,27.6,0.19,75.33,0.18,27.6,0.45,10.0,0.46,10.0,0.26,0.26,0.093145,1776209512000
1776209514.229,114.229,0.55,10.0,0.54,10.0,0.81,75.33,0.82,27.6,0.19,75.33,0.18,27.6,0.45,10.0,0.46,10.0,0.26,0.26,0.093145,1776209513000
1776209515.237,115.237,0.55,10.0,0.54,10.0,0.81,75.33,0.82,27.6,0.19,75.33,0.18,27.6,0.45,10.0,0.46,10.0,0.26,0.26,0.093146,1776209514000
1776209516.342,116.342,0.55,10.0,0.54,10.0,0.81,75.33,0.82,27.6,0.19,75.33,0.18,27.6,0.45,10.0,0.46,10.0,0.26,0.26,0.093146,1776209515000
1776209516.908,116.908,0.55,10.0,0.54,10.0,0.81,75.33,0.82,27.6,0.19,75.33,0.18,27.6,0.45,10.0,0.46,10.0,0.26,0.26,0.093146,1776209516000
1776209517.859,117.859,0.55,10.0,0.54,10.0,0.81,75.33,0.82,27.6,0.19,75.33,0.18,27.6,0.45,10.0,0.46,10.0,0.26,0.26,0.093146,1776209517000
1776209518.898,118.898,0.55,10.0,0.54,10.0,0.81,75.33,0.82,27.6,0.19,75.33,0.18,27.6,0.45,10.0,0.46,10.0,0.26,0.26,0.093146,1776209518000
1776209519.941,119.941,0.55,10.0,0.54,10.0,0.81,75.33,0.82,27.6,0.19,75.33,0.18,27.6,0.45,10.0,0.46,10.0,0.26,0.26,0.093145,1776209519000
1776209521.035,121.035,0.55,10.0,0.54,10.0,0.81,75.33,0.82,27.6,0.19,75.33,0.18,27.6,0.45,10.0,0.46,10.0,0.26,0.26,0.093148,1776209520000
1776209522.203,122.203,0.55,10.0,0.54,10.0,0.81,75.33,0.82,27.6,0.19,75.33,0.18,27.6,0.45,10.0,0.46,10.0,0.26,0.26,0.093148,1776209521000
1776209523.811,123.811,0.55,10.0,0.54,10.0,0.81,75.33,0.82,27.6,0.19,75.33,0.18,27.6,0.45,10.0,0.46,10.0,0.26,0.26,0.093148,1776209522000
1776209524.316,124.316,0.55,10.0,0.54,10.0,0.81,75.33,0.82,27.6,0.19,75.33,0.18,27.6,0.45,10.0,0.46,10.0,0.26,0.26,0.093148,1776209523000
1776209524.967,124.967,0.55,10.0,0.54,10.0,0.81,75.33,0.82,27.6,0.19,75.33,0.18,27.6,0.45,10.0,0.46,10.0,0.26,0.26,0.093148,1776209524000
1776209526.154,126.154,0.55,10.0,0.54,10.0,0.81,75.33,0.82,27.6,0.19,75.33,0.18,27.6,0.45,10.0,0.46,10.0,0.26,0.26,0.093149,1776209525000
1776209527.232,127.232,0.55,10.0,0.54,10.0,0.81,75.33,0.82,27.6,0.19,75.33,0.18,27.6,0.45,10.0,0.46,10.0,0.26,0.26,0.093149,1776209526000
1776209528.367,128.367,0.55,10.0,0.54,10.0,0.81,75.33,0.82,27.6,0.19,75.33,0.18,27.6,0.45,10.0,0.46,10.0,0.26,0.26,0.093149,1776209527000
1776209528.983,128.983,0.55,10.0,0.54,10.0,0.81,75.33,0.82,27.6,0.19,75.33,0.18,27.6,0.45,10.0,0.46,10.0,0.26,0.26,0.093149,1776209528000
1776209530.121,130.121,0.55,10.0,0.54,10.0,0.81,75.33,0.82,27.6,0.19,75.33,0.18,27.6,0.45,10.0,0.46,10.0,0.26,0.26,0.093148,1776209529000
1776209531.132,131.132,0.55,10.0,0.54,10.0,0.81,75.33,0.82,27.6,0.19,75.33,0.18,27.6,0.45,10.0,0.46,10.0,0.26,0.26,0.093149,1776209530000
1776209532.313,132.313,0.55,10.0,0.54,10.0,0.81,75.33,0.82,27.6,0.19,75.33,0.18,27.6,0.45,10.0,0.46,10.0,0.26,0.26,0.093149,1776209531000
1776209533.414,133.414,0.55,10.0,0.54,10.0,0.81,75.33,0.82,27.6,0.19,75.33,0.18,27.6,0.45,10.0,0.46,10.0,0.26,0.26,0.093145,1776209532000
1776209533.632,133.632,0.71,50.0,0.65,20.0,0.88,24.6,0.89,26.6,0.19,75.33,0.18,27.6,0.45,10.0,0.46,10.0,0.17,0.26,0.093145,1776209532000
1776209533.971,133.971,0.71,50.0,0.65,20.0,0.88,24.6,0.89,26.6,0.12,24.6,0.11,26.6,0.29,50.0,0.35,20.0,0.17,0.17,0.09314,1776209533000
1776209535.086,135.086,0.71,50.0,0.65,20.0,0.88,24.6,0.89,26.6,0.12,24.6,0.11,26.6,0.29,50.0,0.35,20.0,0.17,0.17,0.093138,1776209534000
1776209536.167,136.167,0.71,50.0,0.65,20.0,0.88,24.6,0.89,26.6,0.12,24.6,0.11,26.6,0.29,50.0,0.35,20.0,0.17,0.17,0.093138,1776209535000
1776209537.328,137.328,0.71,50.0,0.65,20.0,0.88,24.6,0.89,26.6,0.12,24.6,0.11,26.6,0.29,50.0,0.35,20.0,0.17,0.17,0.093145,1776209536000
1776209538.404,138.404,0.71,50.0,0.65,20.0,0.88,24.6,0.89,26.6,0.12,24.6,0.11,26.6,0.29,50.0,0.35,20.0,0.17,0.17,0.093145,1776209537000
1776209538.905,138.905,0.71,50.0,0.65,20.0,0.88,24.6,0.89,26.6,0.12,24.6,0.11,26.6,0.29,50.0,0.35,20.0,0.17,0.17,0.093146,1776209538000
1776209539.885,139.885,0.71,50.0,0.65,20.0,0.88,24.6,0.89,26.6,0.12,24.6,0.11,26.6,0.29,50.0,0.35,20.0,0.17,0.17,0.093145,1776209539000
1776209540.932,140.932,0.71,50.0,0.65,20.0,0.88,24.6,0.89,26.6,0.12,24.6,0.11,26.6,0.29,50.0,0.35,20.0,0.17,0.17,0.093145,1776209540000
1776209541.916,141.916,0.71,50.0,0.65,20.0,0.88,24.6,0.89,26.6,0.12,24.6,0.11,26.6,0.29,50.0,0.35,20.0,0.17,0.17,0.093143,1776209541000
1776209542.993,142.993,0.71,50.0,0.65,20.0,0.88,24.6,0.89,26.6,0.12,24.6,0.11,26.6,0.29,50.0,0.35,20.0,0.17,0.17,0.093143,1776209542000
1776209543.906,143.906,0.71,50.0,0.65,20.0,0.88,24.6,0.89,26.6,0.12,24.6,0.11,26.6,0.29,50.0,0.35,20.0,0.17,0.17,0.093143,1776209543000
1776209544.902,144.902,0.71,50.0,0.65,20.0,0.88,24.6,0.89,26.6,0.12,24.6,0.11,26.6,0.29,50.0,0.35,20.0,0.17,0.17,0.093143,1776209544000
1776209545.828,145.828,0.71,50.0,0.65,20.0,0.88,24.6,0.89,26.6,0.12,24.6,0.11,26.6,0.29,50.0,0.35,20.0,0.17,0.17,0.093143,1776209545000
1776209546.811,146.811,0.71,50.0,0.65,20.0,0.88,24.6,0.89,26.6,0.12,24.6,0.11,26.6,0.29,50.0,0.35,20.0,0.17,0.17,0.093143,1776209546000
1776209548.335,148.335,0.71,50.0,0.65,20.0,0.88,24.6,0.89,26.6,0.12,24.6,0.11,26.6,0.29,50.0,0.35,20.0,0.17,0.17,0.093143,1776209547000
1776209549.189,149.189,0.71,50.0,0.65,20.0,0.88,24.6,0.89,26.6,0.12,24.6,0.11,26.6,0.29,50.0,0.35,20.0,0.17,0.17,0.093143,1776209548000
1776209550.235,150.235,0.71,50.0,0.65,20.0,0.88,24.6,0.89,26.6,0.12,24.6,0.11,26.6,0.29,50.0,0.35,20.0,0.17,0.17,0.093143,1776209549000
1776209551.127,151.127,0.71,50.0,0.65,20.0,0.88,24.6,0.89,26.6,0.12,24.6,0.11,26.6,0.29,50.0,0.35,20.0,0.17,0.17,0.093143,1776209550000
1776209552.102,152.102,0.71,50.0,0.65,20.0,0.88,24.6,0.89,26.6,0.12,24.6,0.11,26.6,0.29,50.0,0.35,20.0,0.17,0.17,0.093142,1776209551000
1776209553.051,153.051,0.71,50.0,0.65,20.0,0.88,24.6,0.89,26.6,0.12,24.6,0.11,26.6,0.29,50.0,0.35,20.0,0.17,0.17,0.093142,1776209552000
1776209554.008,154.008,0.71,50.0,0.65,20.0,0.88,24.6,0.89,26.6,0.12,24.6,0.11,26.6,0.29,50.0,0.35,20.0,0.17,0.17,0.093142,1776209553000
1776209554.482,154.482,0.51,48.83,0.5,5.0,0.65,5.0,0.67,5.0,0.12,24.6,0.11,26.6,0.29,50.0,0.35,20.0,0.14,0.17,0.093142,1776209553000
1776209554.988,154.988,0.53,20.0,0.52,5.0,0.68,5.0,0.81,70.0,0.32,5.0,0.19,70.0,0.47,20.0,0.48,5.0,0.15,0.15,0.093141,1776209554000
1776209555.952,155.952,0.53,20.0,0.52,5.0,0.68,5.0,0.81,70.0,0.32,5.0,0.19,70.0,0.47,20.0,0.48,5.0,0.15,0.15,0.093125,1776209555000
1776209556.88,156.88,0.53,20.0,0.52,5.0,0.68,5.0,0.81,70.0,0.32,5.0,0.19,70.0,0.47,20.0,0.48,5.0,0.15,0.15,0.093105,1776209556000
1776209557.886,157.886,0.53,20.0,0.52,5.0,0.68,5.0,0.81,70.0,0.32,5.0,0.19,70.0,0.47,20.0,0.48,5.0,0.15,0.15,0.093105,1776209557000
1776209558.828,158.828,0.53,20.0,0.52,5.0,0.68,5.0,0.81,70.0,0.32,5.0,0.19,70.0,0.47,20.0,0.48,5.0,0.15,0.15,0.093109,1776209558000
1776209559.719,159.719,0.52,17.97,0.51,20.0,0.71,50.0,0.77,20.0,0.32,5.0,0.19,70.0,0.47,20.0,0.48,5.0,0.19,0.15,0.093109,1776209558000
1776209560.116,160.116,0.52,5.61,0.46,5.0,0.62,5.0,0.71,50.0,0.29,50.0,0.22,58.0,0.48,15.61,0.59,62.19,0.1,0.19,0.093109,1776209558000
1776209561.218,161.218,0.52,5.61,0.46,5.0,0.62,5.0,0.71,50.0,0.38,5.0,0.29,50.0,0.48,5.61,0.54,5.0,0.1,0.1,0.093113,1776209560000
1776209561.474,161.474,0.41,12.19,0.32,5.62,0.51,31.0,0.61,50.0,0.38,5.0,0.29,50.0,0.48,5.61,0.54,5.0,0.1,0.1,0.093113,1776209560000
1776209561.725,161.725,0.41,2.19,0.31,50.0,0.46,5.0,0.61,50.0,0.54,5.0,0.49,31.0,0.59,7.19,0.69,50.0,0.05,0.05,0.093113,1776209560000
1776209562.156,162.156,0.41,2.19,0.31,50.0,0.46,5.0,0.61,50.0,0.54,5.0,0.39,50.0,0.59,2.19,0.69,50.0,0.05,0.05,0.093092,1776209561000
1776209563.858,163.858,0.41,2.19,0.31,50.0,0.46,5.0,0.61,50.0,0.54,5.0,0.39,50.0,0.59,2.19,0.69,50.0,0.05,0.05,0.09306,1776209562000
1776209565.031,165.031,0.41,2.19,0.31,50.0,0.46,5.0,0.61,50.0,0.54,5.0,0.39,50.0,0.59,2.19,0.69,50.0,0.05,0.05,0.093059,1776209564000
1776209565.357,165.357,0.4,10.62,0.39,5.0,0.46,15.0,0.58,5.0,0.54,5.0,0.39,50.0,0.59,2.19,0.69,50.0,0.06,0.05,0.093059,1776209564000
1776209566.082,166.082,0.4,10.62,0.39,5.0,0.46,15.0,0.58,5.0,0.54,15.0,0.42,5.0,0.6,10.62,0.61,5.0,0.06,0.06,0.093079,1776209565000
1776209567.127,167.127,0.4,10.62,0.39,5.0,0.46,15.0,0.58,5.0,0.54,15.0,0.42,5.0,0.6,10.62,0.61,5.0,0.06,0.06,0.093087,1776209566000
1776209568.304,168.304,0.4,10.62,0.39,5.0,0.46,15.0,0.58,5.0,0.54,15.0,0.42,5.0,0.6,10.62,0.61,5.0,0.06,0.06,0.093088,1776209567000
1776209570.085,170.085,0.4,10.62,0.39,5.0,0.46,15.0,0.58,5.0,0.54,15.0,0.42,5.0,0.6,10.62,0.61,5.0,0.06,0.06,0.093085,1776209569000
1776209571.403,171.403,0.4,10.62,0.39,5.0,0.46,15.0,0.58,5.0,0.54,15.0,0.42,5.0,0.6,10.62,0.61,5.0,0.06,0.06,0.093085,1776209570000
1776209571.932,171.932,0.4,10.62,0.39,5.0,0.46,15.0,0.58,5.0,0.54,15.0,0.42,5.0,0.6,10.62,0.61,5.0,0.06,0.06,0.093089,1776209571000
1776209573.222,173.222,0.4,10.62,0.39,5.0,0.46,15.0,0.58,5.0,0.54,15.0,0.42,5.0,0.6,10.62,0.61,5.0,0.06,0.06,0.093086,1776209572000
1776209574.371,174.371,0.4,10.62,0.39,5.0,0.46,15.0,0.58,5.0,0.54,15.0,0.42,5.0,0.6,10.62,0.61,5.0,0.06,0.06,0.093086,1776209573000
1776209574.917,174.917,0.4,10.62,0.39,5.0,0.46,15.0,0.58,5.0,0.54,15.0,0.42,5.0,0.6,10.62,0.61,5.0,0.06,0.06,0.093086,1776209574000
1776209576.093,176.093,0.4,10.62,0.39,5.0,0.46,15.0,0.58,5.0,0.54,15.0,0.42,5.0,0.6,10.62,0.61,5.0,0.06,0.06,0.093085,1776209575000
1776209577.173,177.173,0.4,10.62,0.39,5.0,0.46,15.0,0.58,5.0,0.54,15.0,0.42,5.0,0.6,10.62,0.61,5.0,0.06,0.06,0.093081,1776209576000
1776209578.277,178.277,0.4,10.62,0.39,5.0,0.46,15.0,0.58,5.0,0.54,15.0,0.42,5.0,0.6,10.62,0.61,5.0,0.06,0.06,0.093081,1776209577000
1776209579.48,179.48,0.4,10.62,0.39,5.0,0.46,15.0,0.58,5.0,0.54,15.0,0.42,5.0,0.6,10.62,0.61,5.0,0.06,0.06,0.093081,1776209578000
1776209580.492,180.492,0.4,10.62,0.39,5.0,0.46,15.0,0.58,5.0,0.54,15.0,0.42,5.0,0.6,10.62,0.61,5.0,0.06,0.06,0.093081,1776209579000
1776209581.215,181.215,0.4,10.62,0.39,5.0,0.46,15.0,0.58,5.0,0.54,15.0,0.42,5.0,0.6,10.62,0.61,5.0,0.06,0.06,0.093081,1776209580000
1776209582.254,182.254,0.4,10.62,0.39,5.0,0.46,15.0,0.58,5.0,0.54,15.0,0.42,5.0,0.6,10.62,0.61,5.0,0.06,0.06,0.093081,1776209581000
1776209583.31,183.31,0.4,10.62,0.39,5.0,0.46,15.0,0.58,5.0,0.54,15.0,0.42,5.0,0.6,10.62,0.61,5.0,0.06,0.06,0.093082,1776209582000
1776209584.338,184.338,0.4,10.62,0.39,5.0,0.46,15.0,0.58,5.0,0.54,15.0,0.42,5.0,0.6,10.62,0.61,5.0,0.06,0.06,0.093075,1776209583000
1776209585.674,185.674,0.4,10.62,0.39,5.0,0.46,15.0,0.58,5.0,0.54,15.0,0.42,5.0,0.6,10.62,0.61,5.0,0.06,0.06,0.093075,1776209584000
1776209586.283,186.283,0.4,10.62,0.39,5.0,0.46,15.0,0.58,5.0,0.54,15.0,0.42,5.0,0.6,10.62,0.61,5.0,0.06,0.06,0.093075,1776209585000
1776209587.443,187.443,0.4,10.62,0.39,5.0,0.46,15.0,0.58,5.0,0.54,15.0,0.42,5.0,0.6,10.62,0.61,5.0,0.06,0.06,0.093077,1776209586000
1776209587.975,187.975,0.4,10.62,0.39,5.0,0.46,15.0,0.58,5.0,0.54,15.0,0.42,5.0,0.6,10.62,0.61,5.0,0.06,0.06,0.093077,1776209587000
1776209589.063,189.063,0.4,10.62,0.39,5.0,0.46,15.0,0.58,5.0,0.54,15.0,0.42,5.0,0.6,10.62,0.61,5.0,0.06,0.06,0.093077,1776209588000
1776209590.31,190.31,0.4,10.62,0.39,5.0,0.46,15.0,0.58,5.0,0.54,15.0,0.42,5.0,0.6,10.62,0.61,5.0,0.06,0.06,0.093077,1776209589000
1776209591.475,191.475,0.4,10.62,0.39,5.0,0.46,15.0,0.58,5.0,0.54,15.0,0.42,5.0,0.6,10.62,0.61,5.0,0.06,0.06,0.093077,1776209590000
1776209592.015,192.015,0.4,10.62,0.39,5.0,0.46,15.0,0.58,5.0,0.54,15.0,0.42,5.0,0.6,10.62,0.61,5.0,0.06,0.06,0.093077,1776209591000
1776209593.126,193.126,0.4,10.62,0.39,5.0,0.46,15.0,0.58,5.0,0.54,15.0,0.42,5.0,0.6,10.62,0.61,5.0,0.06,0.06,0.093077,1776209592000
1776209594.257,194.257,0.4,10.62,0.39,5.0,0.46,15.0,0.58,5.0,0.54,15.0,0.42,5.0,0.6,10.62,0.61,5.0,0.06,0.06,0.093077,1776209593000
1776209595.483,195.483,0.4,10.62,0.39,5.0,0.46,15.0,0.58,5.0,0.54,15.0,0.42,5.0,0.6,10.62,0.61,5.0,0.06,0.06,0.093077,1776209594000
1776209596.603,196.603,0.4,10.62,0.39,5.0,0.46,15.0,0.58,5.0,0.54,15.0,0.42,5.0,0.6,10.62,0.61,5.0,0.06,0.06,0.093077,1776209595000
1776209597.227,197.227,0.4,10.62,0.39,5.0,0.46,15.0,0.58,5.0,0.54,15.0,0.42,5.0,0.6,10.62,0.61,5.0,0.06,0.06,0.093085,1776209596000
1776209598.77,198.77,0.4,10.62,0.39,5.0,0.46,15.0,0.58,5.0,0.54,15.0,0.42,5.0,0.6,10.62,0.61,5.0,0.06,0.06,0.093086,1776209597000
1776209599.405,199.405,0.4,10.62,0.39,5.0,0.46,15.0,0.58,5.0,0.54,15.0,0.42,5.0,0.6,10.62,0.61,5.0,0.06,0.06,0.093087,1776209598000
1776209600.122,200.122,0.4,10.62,0.39,5.0,0.46,15.0,0.58,5.0,0.54,15.0,0.42,5.0,0.6,10.62,0.61,5.0,0.06,0.06,0.093088,1776209599000
1776209601.584,201.584,0.4,10.62,0.39,5.0,0.46,15.0,0.58,5.0,0.54,15.0,0.42,5.0,0.6,10.62,0.61,5.0,0.06,0.06,0.093089,1776209600000
1776209602.388,202.388,0.4,10.62,0.39,5.0,0.46,15.0,0.58,5.0,0.54,15.0,0.42,5.0,0.6,10.62,0.61,5.0,0.06,0.06,0.093094,1776209601000
1776209603.299,203.299,0.4,10.62,0.39,5.0,0.46,15.0,0.58,5.0,0.54,15.0,0.42,5.0,0.6,10.62,0.61,5.0,0.06,0.06,0.093094,1776209602000
1776209604.805,204.805,0.4,10.62,0.39,5.0,0.46,15.0,0.58,5.0,0.54,15.0,0.42,5.0,0.6,10.62,0.61,5.0,0.06,0.06,0.093096,1776209603000
1776209605.519,205.519,0.4,10.62,0.39,5.0,0.46,15.0,0.58,5.0,0.54,15.0,0.42,5.0,0.6,10.62,0.61,5.0,0.06,0.06,0.093096,1776209604000
1776209606.301,206.301,0.4,10.62,0.39,5.0,0.46,15.0,0.58,5.0,0.54,15.0,0.42,5.0,0.6,10.62,0.61,5.0,0.06,0.06,0.093096,1776209605000
1776209607.176,207.176,0.4,10.62,0.39,5.0,0.46,15.0,0.58,5.0,0.54,15.0,0.42,5.0,0.6,10.62,0.61,5.0,0.06,0.06,0.093096,1776209606000
1776209608.803,208.803,0.4,10.62,0.39,5.0,0.46,15.0,0.58,5.0,0.54,15.0,0.42,5.0,0.6,10.62,0.61,5.0,0.06,0.06,0.093097,1776209607000
1776209609.586,209.586,0.4,10.62,0.39,5.0,0.46,15.0,0.58,5.0,0.54,15.0,0.42,5.0,0.6,10.62,0.61,5.0,0.06,0.06,0.093097,1776209608000
1776209610.374,210.374,0.4,10.62,0.39,5.0,0.46,15.0,0.58,5.0,0.54,15.0,0.42,5.0,0.6,10.62,0.61,5.0,0.06,0.06,0.093097,1776209609000
1776209611.274,211.274,0.4,10.62,0.39,5.0,0.46,15.0,0.58,5.0,0.54,15.0,0.42,5.0,0.6,10.62,0.61,5.0,0.06,0.06,0.093097,1776209610000
1776209612.805,212.805,0.4,10.62,0.39,5.0,0.46,15.0,0.58,5.0,0.54,15.0,0.42,5.0,0.6,10.62,0.61,5.0,0.06,0.06,0.093099,1776209611000
1776209613.615,213.615,0.4,10.62,0.39,5.0,0.46,15.0,0.58,5.0,0.54,15.0,0.42,5.0,0.6,10.62,0.61,5.0,0.06,0.06,0.093092,1776209612000
1776209614.496,214.496,0.4,10.62,0.39,5.0,0.46,15.0,0.58,5.0,0.54,15.0,0.42,5.0,0.6,10.62,0.61,5.0,0.06,0.06,0.09309,1776209613000
1776209615.159,215.159,0.37,11.2,0.36,11.3,0.61,46.72,0.71,50.0,0.54,15.0,0.42,5.0,0.6,10.62,0.61,5.0,0.24,0.06,0.09309,1776209613000
1776209615.461,215.461,0.37,11.2,0.36,11.3,0.61,46.72,0.71,50.0,0.39,46.72,0.29,50.0,0.63,11.2,0.64,11.3,0.24,0.24,0.093094,1776209614000
1776209616.029,216.029,0.37,11.2,0.36,11.3,0.61,46.72,0.71,50.0,0.39,46.72,0.29,50.0,0.63,11.2,0.64,11.3,0.24,0.24,0.093091,1776209615000
1776209617.094,217.094,0.37,11.2,0.36,11.3,0.61,46.72,0.71,50.0,0.39,46.72,0.29,50.0,0.63,11.2,0.64,11.3,0.24,0.24,0.093091,1776209616000
1776209618.242,218.242,0.37,11.2,0.36,11.3,0.61,46.72,0.71,50.0,0.39,46.72,0.29,50.0,0.63,11.2,0.64,11.3,0.24,0.24,0.093091,1776209617000
1776209619.243,219.243,0.37,11.2,0.36,11.3,0.61,46.72,0.71,50.0,0.39,46.72,0.29,50.0,0.63,11.2,0.64,11.3,0.24,0.24,0.093091,1776209618000
1776209620.235,220.235,0.37,11.2,0.36,11.3,0.61,46.72,0.71,50.0,0.39,46.72,0.29,50.0,0.63,11.2,0.64,11.3,0.24,0.24,0.093091,1776209619000
1776209621.296,221.296,0.37,11.2,0.36,11.3,0.61,46.72,0.71,50.0,0.39,46.72,0.29,50.0,0.63,11.2,0.64,11.3,0.24,0.24,0.093089,1776209620000
1776209622.195,222.195,0.37,11.2,0.36,11.3,0.61,46.72,0.71,50.0,0.39,46.72,0.29,50.0,0.63,11.2,0.64,11.3,0.24,0.24,0.093089,1776209621000
1776209623.143,223.143,0.37,11.2,0.36,11.3,0.61,46.72,0.71,50.0,0.39,46.72,0.29,50.0,0.63,11.2,0.64,11.3,0.24,0.24,0.093088,1776209622000
1776209624.209,224.209,0.37,11.2,0.36,11.3,0.61,46.72,0.71,50.0,0.39,46.72,0.29,50.0,0.63,11.2,0.64,11.3,0.24,0.24,0.093088,1776209623000
1776209625.172,225.172,0.37,11.2,0.36,11.3,0.61,46.72,0.71,50.0,0.39,46.72,0.29,50.0,0.63,11.2,0.64,11.3,0.24,0.24,0.093088,1776209624000
1776209626.151,226.151,0.37,11.2,0.36,11.3,0.61,46.72,0.71,50.0,0.39,46.72,0.29,50.0,0.63,11.2,0.64,11.3,0.24,0.24,0.093088,1776209625000
1776209627.197,227.197,0.37,11.2,0.36,11.3,0.61,46.72,0.71,50.0,0.39,46.72,0.29,50.0,0.63,11.2,0.64,11.3,0.24,0.24,0.093088,1776209626000
1776209628.642,228.642,0.37,11.2,0.36,11.3,0.61,46.72,0.71,50.0,0.39,46.72,0.29,50.0,0.63,11.2,0.64,11.3,0.24,0.24,0.093089,1776209627000
1776209629.315,229.315,0.37,11.2,0.36,11.3,0.61,46.72,0.71,50.0,0.39,46.72,0.29,50.0,0.63,11.2,0.64,11.3,0.24,0.24,0.093089,1776209628000
1776209630.572,230.572,0.37,11.2,0.36,11.3,0.61,46.72,0.71,50.0,0.39,46.72,0.29,50.0,0.63,11.2,0.64,11.3,0.24,0.24,0.093089,1776209629000
1776209631.244,231.244,0.37,11.2,0.36,11.3,0.61,46.72,0.71,50.0,0.39,46.72,0.29,50.0,0.63,11.2,0.64,11.3,0.24,0.24,0.093089,1776209630000
1776209632.505,232.505,0.37,11.2,0.36,11.3,0.61,46.72,0.71,50.0,0.39,46.72,0.29,50.0,0.63,11.2,0.64,11.3,0.24,0.24,0.093091,1776209631000
1776209633.045,233.045,0.37,11.2,0.36,11.3,0.61,46.72,0.71,50.0,0.39,46.72,0.29,50.0,0.63,11.2,0.64,11.3,0.24,0.24,0.093091,1776209632000
1776209634.324,234.324,0.37,11.2,0.36,11.3,0.61,46.72,0.71,50.0,0.39,46.72,0.29,50.0,0.63,11.2,0.64,11.3,0.24,0.24,0.093091,1776209633000
1776209635.467,235.467,0.37,11.2,0.36,11.3,0.61,46.72,0.71,50.0,0.39,46.72,0.29,50.0,0.63,11.2,0.64,11.3,0.24,0.24,0.093091,1776209634000
1776209636.024,236.024,0.37,11.2,0.36,11.3,0.61,46.72,0.71,50.0,0.39,46.72,0.29,50.0,0.63,11.2,0.64,11.3,0.24,0.24,0.093091,1776209635000
1776209637.179,237.179,0.37,11.2,0.36,11.3,0.61,46.72,0.71,50.0,0.39,46.72,0.29,50.0,0.63,11.2,0.64,11.3,0.24,0.24,0.093091,1776209636000
1776209638.265,238.265,0.37,11.2,0.36,11.3,0.61,46.72,0.71,50.0,0.39,46.72,0.29,50.0,0.63,11.2,0.64,11.3,0.24,0.24,0.093092,1776209637000
1776209639.463,239.463,0.37,11.2,0.36,11.3,0.61,46.72,0.71,50.0,0.39,46.72,0.29,50.0,0.63,11.2,0.64,11.3,0.24,0.24,0.093092,1776209638000
1776209639.988,239.988,0.37,11.2,0.36,11.3,0.61,46.72,0.71,50.0,0.39,46.72,0.29,50.0,0.63,11.2,0.64,11.3,0.24,0.24,0.093091,1776209639000
1776209641.03,241.03,0.37,11.2,0.36,11.3,0.61,46.72,0.71,50.0,0.39,46.72,0.29,50.0,0.63,11.2,0.64,11.3,0.24,0.24,0.093091,1776209640000
1776209642.142,242.142,0.38,11.0,0.37,11.2,0.61,45.13,0.71,50.0,0.39,45.13,0.29,50.0,0.62,11.0,0.63,11.2,0.23,0.23,0.093091,1776209641000
1776209643.616,243.616,0.38,11.0,0.37,11.2,0.61,45.13,0.71,50.0,0.39,45.13,0.29,50.0,0.62,11.0,0.63,11.2,0.23,0.23,0.093091,1776209642000
1776209644.136,244.136,0.38,11.0,0.37,11.2,0.61,45.13,0.71,50.0,0.39,45.13,0.29,50.0,0.62,11.0,0.63,11.2,0.23,0.23,0.093085,1776209643000
1776209645.244,245.244,0.38,11.0,0.37,11.2,0.61,45.13,0.71,50.0,0.39,45.13,0.29,50.0,0.62,11.0,0.63,11.2,0.23,0.23,0.093084,1776209644000
1776209646.235,246.235,0.38,11.0,0.37,11.2,0.61,45.13,0.71,50.0,0.39,45.13,0.29,50.0,0.62,11.0,0.63,11.2,0.23,0.23,0.093084,1776209645000
1776209647.267,247.267,0.38,11.0,0.37,11.2,0.61,45.13,0.71,50.0,0.39,45.13,0.29,50.0,0.62,11.0,0.63,11.2,0.23,0.23,0.093083,1776209646000
1776209648.299,248.299,0.38,11.0,0.37,11.2,0.61,45.13,0.71,50.0,0.39,45.13,0.29,50.0,0.62,11.0,0.63,11.2,0.23,0.23,0.093081,1776209647000
1776209649.313,249.313,0.38,11.0,0.37,11.2,0.61,45.13,0.71,50.0,0.39,45.13,0.29,50.0,0.62,11.0,0.63,11.2,0.23,0.23,0.093081,1776209648000
1776209649.875,249.875,0.38,11.0,0.37,11.2,0.61,45.13,0.71,50.0,0.39,45.13,0.29,50.0,0.62,11.0,0.63,11.2,0.23,0.23,0.093081,1776209649000
1776209650.961,250.961,0.38,11.0,0.37,11.2,0.61,45.13,0.71,50.0,0.39,45.13,0.29,50.0,0.62,11.0,0.63,11.2,0.23,0.23,0.093081,1776209650000
1776209651.255,251.255,0.23,3.14,0.16,19.3,0.41,50.0,0.51,50.0,0.39,45.13,0.29,50.0,0.62,11.0,0.63,11.2,0.18,0.23,0.093081,1776209650000
1776209651.826,251.826,0.25,2.95,0.16,18.64,0.41,60.0,0.51,50.0,0.59,50.0,0.49,50.0,0.84,18.64,0.85,20.39,0.16,0.25,0.093081,1776209650000
1776209652.14,252.14,0.16,15.1,0.15,40.39,0.41,60.0,0.51,50.0,0.59,60.0,0.49,50.0,0.75,2.95,0.84,18.64,0.25,0.16,0.093083,1776209651000
1776209653.187,253.187,0.16,15.1,0.15,40.39,0.41,60.0,0.51,50.0,0.59,60.0,0.49,50.0,0.84,15.1,0.85,40.39,0.25,0.25,0.093076,1776209652000
1776209654.198,254.198,0.16,15.1,0.15,40.39,0.41,60.0,0.51,50.0,0.59,60.0,0.49,50.0,0.84,15.1,0.85,40.39,0.25,0.25,0.093067,1776209653000
1776209655.225,255.225,0.16,15.1,0.15,40.39,0.41,60.0,0.51,50.0,0.59,60.0,0.49,50.0,0.84,15.1,0.85,40.39,0.25,0.25,0.093067,1776209654000
1776209656.249,256.249,0.16,15.1,0.15,40.39,0.41,60.0,0.51,50.0,0.59,60.0,0.49,50.0,0.84,15.1,0.85,40.39,0.25,0.25,0.093067,1776209655000
1776209656.779,256.779,0.21,48.44,0.17,20.0,0.41,10.0,0.51,50.0,0.59,60.0,0.49,50.0,0.84,15.1,0.85,40.39,0.2,0.25,0.093067,1776209655000
1776209657.304,257.304,0.21,48.44,0.17,20.0,0.41,10.0,0.51,50.0,0.59,10.0,0.49,50.0,0.79,48.44,0.83,20.0,0.2,0.2,0.093067,1776209656000
1776209657.992,257.992,0.21,48.44,0.17,20.0,0.41,10.0,0.51,50.0,0.59,10.0,0.49,50.0,0.79,48.44,0.83,20.0,0.2,0.2,0.093075,1776209657000
1776209659.107,259.107,0.21,48.44,0.17,20.0,0.41,10.0,0.51,50.0,0.59,10.0,0.49,50.0,0.79,48.44,0.83,20.0,0.2,0.2,0.093078,1776209658000
1776209660.079,260.079,0.21,48.44,0.17,20.0,0.41,10.0,0.51,50.0,0.59,10.0,0.49,50.0,0.79,48.44,0.83,20.0,0.2,0.2,0.093076,1776209659000
1776209661.139,261.139,0.21,48.44,0.17,20.0,0.41,10.0,0.51,50.0,0.59,10.0,0.49,50.0,0.79,48.44,0.83,20.0,0.2,0.2,0.093076,1776209660000
1776209662.201,262.201,0.21,48.44,0.17,20.0,0.41,10.0,0.51,50.0,0.59,10.0,0.49,50.0,0.79,48.44,0.83,20.0,0.2,0.2,0.093076,1776209661000
1776209663.398,263.398,0.31,25.0,0.22,15.2,0.41,10.0,0.51,50.0,0.59,10.0,0.49,50.0,0.69,25.0,0.78,15.2,0.1,0.1,0.09308,1776209662000
1776209663.856,263.856,0.31,25.0,0.22,15.2,0.41,10.0,0.51,50.0,0.59,10.0,0.49,50.0,0.69,25.0,0.78,15.2,0.1,0.1,0.093087,1776209663000
1776209664.924,264.924,0.31,25.0,0.22,15.2,0.41,10.0,0.51,50.0,0.59,10.0,0.49,50.0,0.69,25.0,0.78,15.2,0.1,0.1,0.093083,1776209664000
1776209665.913,265.913,0.31,25.0,0.22,15.2,0.41,10.0,0.51,50.0,0.59,10.0,0.49,50.0,0.69,25.0,0.78,15.2,0.1,0.1,0.093087,1776209665000
1776209666.927,266.927,0.31,25.0,0.22,15.2,0.41,10.0,0.51,50.0,0.59,10.0,0.49,50.0,0.69,25.0,0.78,15.2,0.1,0.1,0.093089,1776209666000
1776209667.886,267.886,0.31,25.0,0.22,15.2,0.41,10.0,0.51,50.0,0.59,10.0,0.49,50.0,0.69,25.0,0.78,15.2,0.1,0.1,0.093088,1776209667000
1776209668.92,268.92,0.31,25.0,0.22,15.2,0.41,10.0,0.51,50.0,0.59,10.0,0.49,50.0,0.69,25.0,0.78,15.2,0.1,0.1,0.093087,1776209668000
1776209670.097,270.097,0.31,25.0,0.22,15.2,0.41,10.0,0.51,50.0,0.59,10.0,0.49,50.0,0.69,25.0,0.78,15.2,0.1,0.1,0.093085,1776209669000
1776209671.259,271.259,0.31,25.0,0.22,15.2,0.41,10.0,0.51,50.0,0.59,10.0,0.49,50.0,0.69,25.0,0.78,15.2,0.1,0.1,0.093085,1776209670000
1776209672.47,272.47,0.32,3.52,0.31,25.0,0.41,10.0,0.51,50.0,0.59,10.0,0.49,50.0,0.69,25.0,0.78,15.2,0.09,0.1,0.093085,1776209670000
1776209672.755,272.755,0.32,3.52,0.31,25.0,0.41,10.0,0.51,50.0,0.59,10.0,0.49,50.0,0.68,3.52,0.69,25.0,0.09,0.09,0.093084,1776209671000
1776209673.571,273.571,0.32,3.52,0.31,25.0,0.41,10.0,0.51,50.0,0.59,10.0,0.49,50.0,0.68,3.52,0.69,25.0,0.09,0.09,0.093084,1776209672000
1776209674.176,274.176,0.32,3.52,0.31,25.0,0.41,10.0,0.51,50.0,0.59,10.0,0.49,50.0,0.68,3.52,0.69,25.0,0.09,0.09,0.093084,1776209673000
1776209675.484,275.484,0.32,3.52,0.31,25.0,0.41,10.0,0.51,50.0,0.59,10.0,0.49,50.0,0.68,3.52,0.69,25.0,0.09,0.09,0.093078,1776209674000
1776209676.111,276.111,0.04,5.0,0.02,115.0,0.31,46.48,0.41,100.0,0.59,10.0,0.49,50.0,0.68,3.52,0.69,25.0,0.27,0.09,0.093078,1776209674000
1776209677.48,277.48,0.04,1.9,0.02,115.0,0.31,70.48,0.41,80.0,0.69,46.48,0.59,100.0,0.96,5.0,0.98,115.0,0.27,0.27,0.093078,1776209675000
1776209678.123,278.123,0.04,1.9,0.02,115.0,0.31,70.48,0.41,80.0,0.69,70.48,0.59,80.0,0.96,1.9,0.98,115.0,0.27,0.27,0.093077,1776209677000
1776209678.81,278.81,0.02,113.83,0.01,1305.0,0.16,20.0,0.21,92.0,0.69,70.48,0.59,80.0,0.96,1.9,0.98,115.0,0.14,0.27,0.093077,1776209677000
1776209679.492,279.492,0.02,113.83,0.01,1305.0,0.16,20.0,0.21,92.0,0.84,20.0,0.79,92.0,0.98,113.83,0.99,1305.0,0.14,0.14,0.093062,1776209678000
1776209679.694,279.694,0.01,1398.83,,,0.16,33.0,0.18,20.0,0.84,20.0,0.79,92.0,0.98,113.83,0.99,1305.0,0.15,0.14,0.093062,1776209678000
1776209680.156,280.156,0.01,1398.83,,,0.16,33.0,0.18,20.0,0.84,33.0,0.82,20.0,0.99,1398.83,,,0.15,0.15,0.093059,1776209679000
1776209681.395,281.395,0.01,1398.83,,,0.16,33.0,0.18,20.0,0.84,33.0,0.82,20.0,0.99,1398.83,,,0.15,0.15,0.093036,1776209680000
1776209682.044,282.044,0.01,1398.83,,,0.16,33.0,0.18,20.0,0.84,33.0,0.82,20.0,0.99,1398.83,,,0.15,0.15,0.093034,1776209681000
1776209683.422,283.422,0.01,1398.83,,,0.16,33.0,0.18,20.0,0.84,33.0,0.82,20.0,0.99,1398.83,,,0.15,0.15,0.093035,1776209682000
1776209684.033,284.033,0.01,1398.83,,,0.16,33.0,0.18,20.0,0.84,33.0,0.82,20.0,0.99,1398.83,,,0.15,0.15,0.093036,1776209683000
1776209685.331,285.331,0.01,1398.83,,,0.16,33.0,0.18,20.0,0.84,33.0,0.82,20.0,0.99,1398.83,,,0.15,0.15,0.093035,1776209684000
1776209685.997,285.997,0.01,1398.83,,,0.16,33.0,0.18,20.0,0.84,33.0,0.82,20.0,0.99,1398.83,,,0.15,0.15,0.093038,1776209685000
1776209687.206,287.206,0.01,1398.83,,,0.16,33.0,0.18,20.0,0.84,33.0,0.82,20.0,0.99,1398.83,,,0.15,0.15,0.093038,1776209686000
1776209688.389,288.389,0.01,1398.83,,,0.16,33.0,0.18,20.0,0.84,33.0,0.82,20.0,0.99,1398.83,,,0.15,0.15,0.093038,1776209687000
1776209688.905,288.905,0.01,1398.83,,,0.16,33.0,0.18,20.0,0.84,33.0,0.82,20.0,0.99,1398.83,,,0.15,0.15,0.093038,1776209688000
1776209690.059,290.059,0.01,1398.83,,,0.16,33.0,0.18,20.0,0.84,33.0,0.82,20.0,0.99,1398.83,,,0.15,0.15,0.093038,1776209689000
1776209691.223,291.223,0.01,1398.83,,,0.16,33.0,0.18,20.0,0.84,33.0,0.82,20.0,0.99,1398.83,,,0.15,0.15,0.093037,1776209690000
1776209691.434,291.434,0.01,188.83,,,0.11,50.0,0.21,50.0,0.84,33.0,0.82,20.0,0.99,1398.83,,,0.1,0.15,0.093037,1776209690000
1776209692.45,292.45,0.01,188.83,,,0.11,50.0,0.21,50.0,0.89,50.0,0.79,50.0,0.99,188.83,,,0.1,0.1,0.093036,1776209691000
1776209693.029,293.029,0.01,188.83,,,0.11,50.0,0.21,50.0,0.89,50.0,0.79,50.0,0.99,188.83,,,0.1,0.1,0.093036,1776209692000
1776209693.397,293.397,0.01,115.0,,,0.11,50.0,0.21,50.0,0.89,50.0,0.79,50.0,0.99,188.83,,,0.1,0.1,0.093036,1776209692000
1776209694.301,294.301,,,,,0.01,885.0,0.11,50.0,0.99,885.0,0.89,50.0,,,,,,,0.093034,1776209693000
1776209695.326,295.326,,,,,0.01,885.0,0.11,50.0,0.99,885.0,0.89,50.0,,,,,,,0.093023,1776209694000
1776209695.918,295.918,,,,,0.01,885.0,0.11,50.0,0.99,885.0,0.89,50.0,,,,,,,0.093035,1776209695000
1776209696.19,296.19,,,,,0.41,49.22,0.51,50.0,0.99,885.0,0.89,50.0,,,,,,,0.093035,1776209695000
1776209697.081,297.081,0.01,38.58,,,0.41,41.97,0.51,50.0,0.59,41.97,0.49,50.0,0.99,38.58,,,0.4,0.4,0.093067,1776209696000
1776209697.406,297.406,0.81,50.0,0.71,50.0,0.96,1.9,0.98,25.0,0.59,41.97,0.49,50.0,0.99,38.58,,,0.15,0.4,0.093067,1776209696000
1776209697.662,297.662,0.64,42.0,0.45,6.66,0.71,50.0,0.81,50.0,0.02,23.83,0.01,230.0,0.29,31.89,0.36,47.01,0.07,0.27,0.093067,1776209696000
1776209697.867,297.867,0.11,46.66,0.06,10.0,0.21,50.0,0.31,50.0,0.59,18.97,0.39,9.23,0.89,50.0,0.94,10.0,0.1,0.3,0.093067,1776209696000
1776209698.143,298.143,0.71,43.34,0.51,50.0,0.95,20.0,0.98,23.83,0.39,4.36,0.3,6.66,0.89,46.66,0.94,10.0,0.24,0.5,0.093067,1776209696000
1776209698.387,298.387,0.71,30.71,0.51,50.0,0.94,43.16,0.95,20.0,0.05,20.0,0.02,23.83,0.29,30.71,0.49,50.0,0.23,0.24,0.093079,1776209697000
1776209698.741,298.741,0.51,6.34,0.41,50.0,0.94,43.16,0.95,20.0,0.06,43.16,0.05,20.0,0.49,47.16,0.59,50.0,0.43,0.43,0.093079,1776209697000
1776209699.351,299.351,0.51,4.29,0.41,50.0,0.94,40.0,0.95,20.0,0.06,40.0,0.05,20.0,0.49,4.29,0.59,50.0,0.43,0.43,0.093095,1776209698000
1776209699.965,299.965,0.5,121.34,0.43,5.0,0.95,20.0,0.98,23.83,0.05,20.0,0.02,23.83,0.5,121.34,0.57,5.0,0.45,0.45,0.093111,1776209699000
1776209700.337,300.337,0.94,17.04,0.5,121.34,0.95,64.74,0.98,25.83,0.05,20.0,0.02,23.83,0.5,121.34,0.57,5.0,0.01,0.45,0.093111,1776209699000
1776209700.871,300.871,0.94,17.88,0.5,121.34,0.95,13.09,0.98,18.83,0.05,18.74,0.02,25.83,0.06,6.94,0.5,121.34,0.01,0.01,0.093111,1776209699000

# RESULT,winner=Up,slug=doge-updown-5m-1776209400,ticks=323
