timestamp,elapsed_sec,up_bid_p1,up_bid_s1,up_bid_p2,up_bid_s2,up_ask_p1,up_ask_s1,up_ask_p2,up_ask_s2,down_bid_p1,down_bid_s1,down_bid_p2,down_bid_s2,down_ask_p1,down_ask_s1,down_ask_p2,down_ask_s2,up_spread,down_spread,doge_price,doge_oracle_ts
1776211801.332,1.332,,,,,,,,,,,,,,,,,,,0.093458,1776211800000
1776211801.805,1.805,0.33,300.0,0.31,375.0,0.48,5.0,0.67,300.0,0.52,5.0,0.33,300.0,0.67,300.0,0.69,375.0,0.15,0.15,0.093458,1776211800000
1776211802.975,2.975,0.33,300.0,0.31,375.0,0.48,5.0,0.67,300.0,0.52,5.0,0.33,300.0,0.67,300.0,0.69,375.0,0.15,0.15,0.09347,1776211802000
1776211804.054,4.054,0.33,300.0,0.31,375.0,0.48,5.0,0.67,300.0,0.52,5.0,0.33,300.0,0.67,300.0,0.69,375.0,0.15,0.15,0.093471,1776211803000
1776211805.286,5.286,0.33,300.0,0.31,375.0,0.48,5.0,0.67,300.0,0.52,5.0,0.33,300.0,0.67,300.0,0.69,375.0,0.15,0.15,0.093471,1776211804000
1776211805.988,5.988,0.46,2.4,0.43,10.0,0.48,5.0,0.56,5.0,0.52,5.0,0.33,300.0,0.67,300.0,0.69,375.0,0.02,0.15,0.093471,1776211804000
1776211806.609,6.609,0.45,5.0,0.43,10.0,0.48,5.0,0.56,5.0,0.52,5.0,0.44,5.0,0.54,2.4,0.57,10.0,0.03,0.02,0.093471,1776211804000
1776211806.874,6.874,0.45,5.0,0.43,10.0,0.48,5.0,0.56,5.0,0.52,5.0,0.44,5.0,0.55,5.0,0.57,10.0,0.03,0.03,0.093471,1776211805000
1776211807.392,7.392,0.45,5.0,0.43,10.0,0.48,5.0,0.56,5.0,0.52,5.0,0.44,5.0,0.55,5.0,0.57,10.0,0.03,0.03,0.093471,1776211806000
1776211808.093,8.093,0.45,5.0,0.43,10.0,0.48,5.0,0.56,5.0,0.52,5.0,0.44,5.0,0.55,5.0,0.57,10.0,0.03,0.03,0.093471,1776211807000
1776211809.236,9.236,0.45,5.0,0.43,10.0,0.48,5.0,0.56,5.0,0.52,5.0,0.44,5.0,0.55,5.0,0.57,10.0,0.03,0.03,0.093465,1776211808000
1776211810.346,10.346,0.45,5.0,0.43,10.0,0.48,5.0,0.56,5.0,0.52,5.0,0.44,5.0,0.55,5.0,0.57,10.0,0.03,0.03,0.093461,1776211809000
1776211811.49,11.49,0.45,5.0,0.43,10.0,0.48,5.0,0.56,5.0,0.52,5.0,0.44,5.0,0.55,5.0,0.57,10.0,0.03,0.03,0.093446,1776211810000
1776211812.062,12.062,0.45,5.0,0.43,10.0,0.48,5.0,0.56,5.0,0.52,5.0,0.44,5.0,0.55,5.0,0.57,10.0,0.03,0.03,0.093446,1776211811000
1776211813.148,13.148,0.45,5.0,0.43,10.0,0.48,5.0,0.56,5.0,0.52,5.0,0.44,5.0,0.55,5.0,0.57,10.0,0.03,0.03,0.093445,1776211812000
1776211814.297,14.297,0.45,5.0,0.43,10.0,0.48,5.0,0.56,5.0,0.52,5.0,0.44,5.0,0.55,5.0,0.57,10.0,0.03,0.03,0.093445,1776211813000
1776211814.903,14.903,0.45,5.0,0.43,10.0,0.48,5.0,0.56,5.0,0.52,5.0,0.44,5.0,0.55,5.0,0.57,10.0,0.03,0.03,0.093445,1776211814000
1776211816.071,16.071,0.45,5.0,0.43,10.0,0.48,5.0,0.56,5.0,0.52,5.0,0.44,5.0,0.55,5.0,0.57,10.0,0.03,0.03,0.093445,1776211815000
1776211817.204,17.204,0.45,5.0,0.43,10.0,0.48,5.0,0.56,5.0,0.52,5.0,0.44,5.0,0.55,5.0,0.57,10.0,0.03,0.03,0.093446,1776211816000
1776211818.26,18.26,0.45,5.0,0.43,10.0,0.48,5.0,0.56,5.0,0.52,5.0,0.44,5.0,0.55,5.0,0.57,10.0,0.03,0.03,0.093446,1776211817000
1776211819.384,19.384,0.45,5.0,0.43,10.0,0.48,5.0,0.56,5.0,0.52,5.0,0.44,5.0,0.55,5.0,0.57,10.0,0.03,0.03,0.093444,1776211818000
1776211819.992,19.992,0.45,5.0,0.43,10.0,0.48,5.0,0.56,5.0,0.52,5.0,0.44,5.0,0.55,5.0,0.57,10.0,0.03,0.03,0.093437,1776211819000
1776211821.538,21.538,0.45,5.0,0.43,10.0,0.48,5.0,0.56,5.0,0.52,5.0,0.44,5.0,0.55,5.0,0.57,10.0,0.03,0.03,0.093437,1776211820000
1776211822.16,22.16,0.45,5.0,0.43,10.0,0.48,5.0,0.56,5.0,0.52,5.0,0.44,5.0,0.55,5.0,0.57,10.0,0.03,0.03,0.093437,1776211821000
1776211823.254,23.254,0.45,5.0,0.43,10.0,0.48,5.0,0.56,5.0,0.52,5.0,0.44,5.0,0.55,5.0,0.57,10.0,0.03,0.03,0.093439,1776211822000
1776211824.784,24.784,0.45,5.0,0.43,10.0,0.48,5.0,0.56,5.0,0.52,5.0,0.44,5.0,0.55,5.0,0.57,10.0,0.03,0.03,0.093439,1776211823000
1776211825.497,25.497,0.45,5.0,0.43,10.0,0.48,5.0,0.56,5.0,0.52,5.0,0.44,5.0,0.55,5.0,0.57,10.0,0.03,0.03,0.093438,1776211824000
1776211826.156,26.156,0.45,5.0,0.43,10.0,0.48,5.0,0.56,5.0,0.52,5.0,0.44,5.0,0.55,5.0,0.57,10.0,0.03,0.03,0.093427,1776211825000
1776211827.359,27.359,0.31,5.0,0.3,10.0,0.39,5.0,0.48,5.0,0.61,5.0,0.52,5.0,0.69,5.0,0.7,10.0,0.08,0.08,0.093412,1776211826000
1776211828.079,28.079,0.31,5.0,0.3,10.0,0.39,5.0,0.48,5.0,0.61,5.0,0.52,5.0,0.69,5.0,0.7,10.0,0.08,0.08,0.093412,1776211827000
1776211829.329,29.329,0.31,5.0,0.3,10.0,0.39,5.0,0.48,5.0,0.61,5.0,0.52,5.0,0.69,5.0,0.7,10.0,0.08,0.08,0.093425,1776211828000
1776211830.074,30.074,0.31,5.0,0.3,10.0,0.39,5.0,0.48,5.0,0.61,5.0,0.52,5.0,0.69,5.0,0.7,10.0,0.08,0.08,0.093439,1776211829000
1776211831.386,31.386,0.31,5.0,0.3,10.0,0.39,5.0,0.48,5.0,0.61,5.0,0.52,5.0,0.69,5.0,0.7,10.0,0.08,0.08,0.093441,1776211830000
1776211832.025,32.025,0.31,5.0,0.3,10.0,0.39,5.0,0.48,5.0,0.61,5.0,0.52,5.0,0.69,5.0,0.7,10.0,0.08,0.08,0.09344,1776211831000
1776211833.311,33.311,0.31,5.0,0.3,10.0,0.39,5.0,0.48,5.0,0.61,5.0,0.52,5.0,0.69,5.0,0.7,10.0,0.08,0.08,0.093439,1776211832000
1776211834.083,34.083,0.31,5.0,0.3,10.0,0.39,5.0,0.48,5.0,0.61,5.0,0.52,5.0,0.69,5.0,0.7,10.0,0.08,0.08,0.093441,1776211833000
1776211835.337,35.337,0.31,5.0,0.3,10.0,0.39,5.0,0.48,5.0,0.61,5.0,0.52,5.0,0.69,5.0,0.7,10.0,0.08,0.08,0.093431,1776211834000
1776211835.954,35.954,0.31,5.0,0.3,10.0,0.39,5.0,0.48,5.0,0.61,5.0,0.52,5.0,0.69,5.0,0.7,10.0,0.08,0.08,0.093428,1776211835000
1776211837.261,37.261,0.31,5.0,0.3,10.0,0.39,5.0,0.48,5.0,0.61,5.0,0.52,5.0,0.69,5.0,0.7,10.0,0.08,0.08,0.093428,1776211836000
1776211838.236,38.236,0.31,5.0,0.3,10.0,0.39,5.0,0.48,5.0,0.61,5.0,0.52,5.0,0.69,5.0,0.7,10.0,0.08,0.08,0.093429,1776211837000
1776211839.312,39.312,0.31,5.0,0.3,10.0,0.39,5.0,0.48,5.0,0.61,5.0,0.52,5.0,0.69,5.0,0.7,10.0,0.08,0.08,0.093428,1776211838000
1776211840.907,40.907,0.31,5.0,0.3,10.0,0.39,5.0,0.48,5.0,0.61,5.0,0.52,5.0,0.69,5.0,0.7,10.0,0.08,0.08,0.093426,1776211839000
1776211841.493,41.493,0.31,5.0,0.3,10.0,0.39,5.0,0.48,5.0,0.61,5.0,0.52,5.0,0.69,5.0,0.7,10.0,0.08,0.08,0.093426,1776211840000
1776211842.133,42.133,0.31,5.0,0.3,10.0,0.39,5.0,0.48,5.0,0.61,5.0,0.52,5.0,0.69,5.0,0.7,10.0,0.08,0.08,0.093426,1776211841000
1776211843.291,43.291,0.31,5.0,0.3,10.0,0.39,5.0,0.48,5.0,0.61,5.0,0.52,5.0,0.69,5.0,0.7,10.0,0.08,0.08,0.09343,1776211842000
1776211844.456,44.456,0.31,5.0,0.3,10.0,0.39,5.0,0.48,5.0,0.61,5.0,0.52,5.0,0.69,5.0,0.7,10.0,0.08,0.08,0.093427,1776211843000
1776211845.022,45.022,0.31,5.0,0.3,10.0,0.39,5.0,0.48,5.0,0.61,5.0,0.52,5.0,0.69,5.0,0.7,10.0,0.08,0.08,0.093427,1776211844000
1776211846.142,46.142,0.31,5.0,0.3,10.0,0.39,5.0,0.48,5.0,0.61,5.0,0.52,5.0,0.69,5.0,0.7,10.0,0.08,0.08,0.093426,1776211845000
1776211846.447,46.447,0.3,7.78,0.29,10.0,0.42,5.0,0.45,5.0,0.61,5.0,0.52,5.0,0.69,5.0,0.7,10.0,0.12,0.08,0.093426,1776211845000
1776211847.533,47.533,0.3,7.78,0.29,10.0,0.42,5.0,0.45,5.0,0.58,5.0,0.55,5.0,0.7,7.78,0.71,10.0,0.12,0.12,0.093427,1776211846000
1776211848.179,48.179,0.3,7.78,0.29,10.0,0.42,5.0,0.45,5.0,0.58,5.0,0.55,5.0,0.7,7.78,0.71,10.0,0.12,0.12,0.093427,1776211847000
1776211849.371,49.371,0.3,7.78,0.29,10.0,0.42,5.0,0.45,5.0,0.58,5.0,0.55,5.0,0.7,7.78,0.71,10.0,0.12,0.12,0.093428,1776211848000
1776211850.019,50.019,0.3,7.78,0.29,10.0,0.42,5.0,0.45,5.0,0.58,5.0,0.55,5.0,0.7,7.78,0.71,10.0,0.12,0.12,0.093434,1776211849000
1776211851.216,51.216,0.3,7.78,0.29,10.0,0.42,5.0,0.45,5.0,0.58,5.0,0.55,5.0,0.7,7.78,0.71,10.0,0.12,0.12,0.093434,1776211850000
1776211852.304,52.304,0.3,7.78,0.29,10.0,0.42,5.0,0.45,5.0,0.58,5.0,0.55,5.0,0.7,7.78,0.71,10.0,0.12,0.12,0.093424,1776211851000
1776211852.955,52.955,0.3,7.78,0.29,10.0,0.42,5.0,0.45,5.0,0.58,5.0,0.55,5.0,0.7,7.78,0.71,10.0,0.12,0.12,0.093421,1776211852000
1776211854.129,54.129,0.3,7.78,0.29,10.0,0.42,5.0,0.45,5.0,0.58,5.0,0.55,5.0,0.7,7.78,0.71,10.0,0.12,0.12,0.093417,1776211853000
1776211855.245,55.245,0.3,7.78,0.29,10.0,0.42,5.0,0.45,5.0,0.58,5.0,0.55,5.0,0.7,7.78,0.71,10.0,0.12,0.12,0.093413,1776211854000
1776211856.315,56.315,0.3,7.78,0.29,10.0,0.42,5.0,0.45,5.0,0.58,5.0,0.55,5.0,0.7,7.78,0.71,10.0,0.12,0.12,0.093413,1776211855000
1776211856.965,56.965,0.3,7.78,0.29,10.0,0.42,5.0,0.45,5.0,0.58,5.0,0.55,5.0,0.7,7.78,0.71,10.0,0.12,0.12,0.093413,1776211856000
1776211858.054,58.054,0.3,7.78,0.29,10.0,0.42,5.0,0.45,5.0,0.58,5.0,0.55,5.0,0.7,7.78,0.71,10.0,0.12,0.12,0.093406,1776211857000
1776211858.316,58.316,0.25,13.9,0.24,14.3,0.31,5.0,0.36,5.0,0.58,5.0,0.55,5.0,0.7,7.78,0.71,10.0,0.06,0.12,0.093406,1776211857000
1776211859.136,59.136,0.25,5.9,0.24,14.3,0.31,5.0,0.36,5.0,0.69,5.0,0.64,5.0,0.75,5.9,0.76,14.3,0.06,0.06,0.093395,1776211858000
1776211860.248,60.248,0.25,5.9,0.24,14.3,0.31,5.0,0.36,5.0,0.69,5.0,0.64,5.0,0.75,5.9,0.76,14.3,0.06,0.06,0.093402,1776211859000
1776211860.935,60.935,0.27,13.2,0.25,5.9,0.34,5.0,0.37,6.0,0.66,5.0,0.63,6.0,0.73,13.2,0.75,5.9,0.07,0.07,0.093405,1776211860000
1776211862.007,62.007,0.27,13.2,0.25,5.9,0.34,5.0,0.37,6.0,0.66,5.0,0.63,6.0,0.73,13.2,0.75,5.9,0.07,0.07,0.09341,1776211861000
1776211863.026,63.026,0.28,12.9,0.27,13.2,0.37,1.0,0.38,5.0,0.63,1.0,0.62,5.0,0.72,12.9,0.73,13.2,0.09,0.09,0.093422,1776211862000
1776211864.17,64.17,0.28,12.9,0.27,13.2,0.37,1.0,0.38,5.0,0.63,1.0,0.62,5.0,0.72,12.9,0.73,13.2,0.09,0.09,0.093422,1776211863000
1776211865.479,65.479,0.28,12.9,0.27,13.2,0.37,1.0,0.38,5.0,0.63,1.0,0.62,5.0,0.72,12.9,0.73,13.2,0.09,0.09,0.093421,1776211864000
1776211866.007,66.007,0.29,12.6,0.28,12.9,0.41,1.0,0.48,19.41,0.59,1.0,0.52,19.41,0.71,12.6,0.72,12.9,0.12,0.12,0.093421,1776211865000
1776211867.178,67.178,0.29,12.6,0.28,12.9,0.41,1.0,0.48,19.41,0.59,1.0,0.52,19.41,0.71,12.6,0.72,12.9,0.12,0.12,0.093421,1776211866000
1776211869.091,69.091,0.29,12.6,0.28,12.9,0.41,1.0,0.48,19.41,0.59,1.0,0.52,19.41,0.71,12.6,0.72,12.9,0.12,0.12,0.093411,1776211867000
1776211869.496,69.496,0.29,12.6,0.28,12.9,0.41,1.0,0.48,19.41,0.59,1.0,0.52,19.41,0.71,12.6,0.72,12.9,0.12,0.12,0.093409,1776211868000
1776211870.218,70.218,0.29,12.6,0.28,12.9,0.41,1.0,0.48,19.41,0.59,1.0,0.52,19.41,0.71,12.6,0.72,12.9,0.12,0.12,0.093398,1776211869000
1776211871.196,71.196,0.29,12.6,0.28,12.9,0.41,1.0,0.48,19.41,0.59,1.0,0.52,19.41,0.71,12.6,0.72,12.9,0.12,0.12,0.093392,1776211870000
1776211871.414,71.414,0.2,16.2,0.19,21.89,0.26,5.0,0.32,5.0,0.59,1.0,0.52,19.41,0.71,12.6,0.72,12.9,0.06,0.12,0.093392,1776211870000
1776211872.328,72.328,0.2,16.2,0.19,21.89,0.26,5.0,0.32,5.0,0.74,5.0,0.68,5.0,0.8,16.2,0.81,21.89,0.06,0.06,0.093392,1776211871000
1776211872.855,72.855,0.2,16.2,0.19,21.89,0.26,5.0,0.32,5.0,0.74,5.0,0.68,5.0,0.8,16.2,0.81,21.89,0.06,0.06,0.09339,1776211872000
1776211873.143,73.143,0.19,21.89,0.18,17.6,0.26,5.0,0.32,5.0,0.74,5.0,0.68,5.0,0.8,16.2,0.81,21.89,0.07,0.06,0.09339,1776211872000
1776211873.94,73.94,0.19,21.89,0.18,17.6,0.26,5.0,0.32,5.0,0.74,5.0,0.68,5.0,0.81,21.89,0.82,17.6,0.07,0.07,0.093391,1776211873000
1776211875.04,75.04,0.19,21.89,0.18,17.6,0.26,5.0,0.32,5.0,0.74,5.0,0.68,5.0,0.81,21.89,0.82,17.6,0.07,0.07,0.093391,1776211874000
1776211876.153,76.153,0.19,21.89,0.18,17.6,0.26,5.0,0.32,5.0,0.74,5.0,0.68,5.0,0.81,21.89,0.82,17.6,0.07,0.07,0.093391,1776211875000
1776211877.17,77.17,0.19,21.89,0.18,17.6,0.26,5.0,0.32,5.0,0.74,5.0,0.68,5.0,0.81,21.89,0.82,17.6,0.07,0.07,0.093394,1776211876000
1776211878.344,78.344,0.19,21.89,0.18,17.6,0.26,5.0,0.32,5.0,0.74,5.0,0.68,5.0,0.81,21.89,0.82,17.6,0.07,0.07,0.093396,1776211877000
1776211879.028,79.028,0.19,21.89,0.18,17.6,0.26,5.0,0.32,5.0,0.74,5.0,0.68,5.0,0.81,21.89,0.82,17.6,0.07,0.07,0.093396,1776211878000
1776211880.069,80.069,0.19,21.89,0.18,17.6,0.26,5.0,0.32,5.0,0.74,5.0,0.68,5.0,0.81,21.89,0.82,17.6,0.07,0.07,0.09342,1776211879000
1776211881.117,81.117,0.19,21.89,0.18,17.6,0.26,5.0,0.32,5.0,0.74,5.0,0.68,5.0,0.81,21.89,0.82,17.6,0.07,0.07,0.09342,1776211880000
1776211882.322,82.322,0.19,21.89,0.18,17.6,0.26,5.0,0.32,5.0,0.74,5.0,0.68,5.0,0.81,21.89,0.82,17.6,0.07,0.07,0.093423,1776211881000
1776211883.512,83.512,0.19,21.89,0.18,17.6,0.26,5.0,0.32,5.0,0.74,5.0,0.68,5.0,0.81,21.89,0.82,17.6,0.07,0.07,0.093437,1776211882000
1776211884.073,84.073,0.19,21.89,0.18,17.6,0.26,5.0,0.32,5.0,0.74,5.0,0.68,5.0,0.81,21.89,0.82,17.6,0.07,0.07,0.093443,1776211883000
1776211885.296,85.296,0.19,21.89,0.18,17.6,0.26,5.0,0.32,5.0,0.74,5.0,0.68,5.0,0.81,21.89,0.82,17.6,0.07,0.07,0.093451,1776211884000
1776211885.897,85.897,0.19,21.89,0.18,17.6,0.26,5.0,0.32,5.0,0.74,5.0,0.68,5.0,0.81,21.89,0.82,17.6,0.07,0.07,0.09346,1776211885000
1776211887.03,87.03,0.19,21.89,0.18,17.6,0.26,5.0,0.32,5.0,0.74,5.0,0.68,5.0,0.81,21.89,0.82,17.6,0.07,0.07,0.09346,1776211886000
1776211888.164,88.164,0.19,21.89,0.18,17.6,0.26,5.0,0.32,5.0,0.74,5.0,0.68,5.0,0.81,21.89,0.82,17.6,0.07,0.07,0.093458,1776211887000
1776211889.435,89.435,0.19,21.89,0.18,17.6,0.26,5.0,0.32,5.0,0.74,5.0,0.68,5.0,0.81,21.89,0.82,17.6,0.07,0.07,0.093459,1776211888000
1776211889.885,89.885,0.44,10.0,0.4,10.0,0.48,14.41,0.57,5.0,0.74,5.0,0.68,5.0,0.81,21.89,0.82,17.6,0.04,0.07,0.093459,1776211888000
1776211890.506,90.506,0.44,10.0,0.4,10.0,0.48,14.41,0.57,5.0,0.52,14.41,0.43,5.0,0.56,10.0,0.6,10.0,0.04,0.04,0.093457,1776211889000
1776211891.015,91.015,0.44,10.0,0.4,10.0,0.48,14.41,0.57,5.0,0.52,14.41,0.43,5.0,0.56,10.0,0.6,10.0,0.04,0.04,0.093457,1776211890000
1776211892.159,92.159,0.44,10.0,0.4,10.0,0.48,14.41,0.57,5.0,0.52,14.41,0.43,5.0,0.56,10.0,0.6,10.0,0.04,0.04,0.093469,1776211891000
1776211892.483,92.483,0.47,5.0,0.46,10.0,0.61,5.0,0.62,5.0,0.52,14.41,0.43,5.0,0.56,10.0,0.6,10.0,0.14,0.04,0.093469,1776211891000
1776211893.447,93.447,0.47,5.0,0.46,10.0,0.61,5.0,0.62,5.0,0.39,5.0,0.38,5.0,0.53,5.0,0.54,10.0,0.14,0.14,0.093467,1776211892000
1776211894.255,94.255,0.47,5.0,0.46,10.0,0.61,5.0,0.62,5.0,0.39,5.0,0.38,5.0,0.53,5.0,0.54,10.0,0.14,0.14,0.093471,1776211893000
1776211895.394,95.394,0.47,5.0,0.46,10.0,0.61,5.0,0.62,5.0,0.39,5.0,0.38,5.0,0.53,5.0,0.54,10.0,0.14,0.14,0.093481,1776211894000
1776211895.944,95.944,0.47,5.0,0.46,10.0,0.61,5.0,0.62,5.0,0.39,5.0,0.38,5.0,0.53,5.0,0.54,10.0,0.14,0.14,0.093481,1776211895000
1776211897.13,97.13,0.47,5.0,0.46,10.0,0.61,5.0,0.62,5.0,0.39,5.0,0.38,5.0,0.53,5.0,0.54,10.0,0.14,0.14,0.093481,1776211896000
1776211898.499,98.499,0.47,5.0,0.46,10.0,0.61,5.0,0.62,5.0,0.39,5.0,0.38,5.0,0.53,5.0,0.54,10.0,0.14,0.14,0.093461,1776211897000
1776211899.484,99.484,0.47,5.0,0.46,10.0,0.61,5.0,0.62,5.0,0.39,5.0,0.38,5.0,0.53,5.0,0.54,10.0,0.14,0.14,0.093457,1776211898000
1776211900.125,100.125,0.47,5.0,0.46,10.0,0.61,5.0,0.62,5.0,0.39,5.0,0.38,5.0,0.53,5.0,0.54,10.0,0.14,0.14,0.093453,1776211899000
1776211901.375,101.375,0.47,5.0,0.46,10.0,0.61,5.0,0.62,5.0,0.39,5.0,0.38,5.0,0.53,5.0,0.54,10.0,0.14,0.14,0.093437,1776211900000
1776211901.942,101.942,0.47,5.0,0.46,10.0,0.61,5.0,0.62,5.0,0.39,5.0,0.38,5.0,0.53,5.0,0.54,10.0,0.14,0.14,0.093436,1776211901000
1776211903.163,103.163,0.47,5.0,0.46,10.0,0.61,5.0,0.62,5.0,0.39,5.0,0.38,5.0,0.53,5.0,0.54,10.0,0.14,0.14,0.093436,1776211902000
1776211904.301,104.301,0.47,5.0,0.46,10.0,0.61,5.0,0.62,5.0,0.39,5.0,0.38,5.0,0.53,5.0,0.54,10.0,0.14,0.14,0.093436,1776211903000
1776211905.441,105.441,0.47,5.0,0.46,10.0,0.61,5.0,0.62,5.0,0.39,5.0,0.38,5.0,0.53,5.0,0.54,10.0,0.14,0.14,0.093436,1776211904000
1776211906.024,106.024,0.47,5.0,0.46,10.0,0.61,5.0,0.62,5.0,0.39,5.0,0.38,5.0,0.53,5.0,0.54,10.0,0.14,0.14,0.093436,1776211905000
1776211907.08,107.08,0.47,5.0,0.46,10.0,0.61,5.0,0.62,5.0,0.39,5.0,0.38,5.0,0.53,5.0,0.54,10.0,0.14,0.14,0.093436,1776211906000
1776211908.278,108.278,0.47,5.0,0.46,10.0,0.61,5.0,0.62,5.0,0.39,5.0,0.38,5.0,0.53,5.0,0.54,10.0,0.14,0.14,0.093436,1776211907000
1776211909.557,109.557,0.47,5.0,0.46,10.0,0.61,5.0,0.62,5.0,0.39,5.0,0.38,5.0,0.53,5.0,0.54,10.0,0.14,0.14,0.09345,1776211908000
1776211910.105,110.105,0.47,5.0,0.46,10.0,0.61,5.0,0.62,5.0,0.39,5.0,0.38,5.0,0.53,5.0,0.54,10.0,0.14,0.14,0.093456,1776211909000
1776211911.262,111.262,0.47,5.0,0.46,10.0,0.61,5.0,0.62,5.0,0.39,5.0,0.38,5.0,0.53,5.0,0.54,10.0,0.14,0.14,0.093457,1776211910000
1776211912.501,112.501,0.47,5.0,0.46,10.0,0.61,5.0,0.62,5.0,0.39,5.0,0.38,5.0,0.53,5.0,0.54,10.0,0.14,0.14,0.093462,1776211911000
1776211913.179,113.179,0.47,5.0,0.46,10.0,0.61,5.0,0.62,5.0,0.39,5.0,0.38,5.0,0.53,5.0,0.54,10.0,0.14,0.14,0.09349,1776211912000
1776211914.848,114.848,0.47,5.0,0.46,10.0,0.61,5.0,0.62,5.0,0.39,5.0,0.38,5.0,0.53,5.0,0.54,10.0,0.14,0.14,0.093492,1776211913000
1776211915.392,115.392,0.47,5.0,0.46,10.0,0.61,5.0,0.62,5.0,0.39,5.0,0.38,5.0,0.53,5.0,0.54,10.0,0.14,0.14,0.093492,1776211914000
1776211915.928,115.928,0.47,5.0,0.46,10.0,0.61,5.0,0.62,5.0,0.39,5.0,0.38,5.0,0.53,5.0,0.54,10.0,0.14,0.14,0.093492,1776211915000
1776211917.001,117.001,0.47,5.0,0.46,10.0,0.61,5.0,0.62,5.0,0.39,5.0,0.38,5.0,0.53,5.0,0.54,10.0,0.14,0.14,0.093498,1776211916000
1776211918.042,118.042,0.57,0.23,0.54,5.0,0.7,5.0,0.71,67.6,0.3,5.0,0.29,67.6,0.43,0.23,0.46,5.0,0.13,0.13,0.093496,1776211917000
1776211919.24,119.24,0.57,0.23,0.54,5.0,0.7,5.0,0.71,67.6,0.3,5.0,0.29,67.6,0.43,0.23,0.46,5.0,0.13,0.13,0.093498,1776211918000
1776211920.396,120.396,0.57,0.23,0.54,5.0,0.7,5.0,0.71,67.6,0.3,5.0,0.29,67.6,0.43,0.23,0.46,5.0,0.13,0.13,0.093487,1776211919000
1776211921.448,121.448,0.57,0.23,0.54,5.0,0.7,5.0,0.71,67.6,0.3,5.0,0.29,67.6,0.43,0.23,0.46,5.0,0.13,0.13,0.093485,1776211920000
1776211922.005,122.005,0.57,0.23,0.54,5.0,0.7,5.0,0.71,67.6,0.3,5.0,0.29,67.6,0.43,0.23,0.46,5.0,0.13,0.13,0.093485,1776211921000
1776211923.118,123.118,0.57,0.23,0.54,5.0,0.7,5.0,0.71,67.6,0.3,5.0,0.29,67.6,0.43,0.23,0.46,5.0,0.13,0.13,0.093486,1776211922000
1776211924.256,124.256,0.57,0.23,0.54,5.0,0.7,5.0,0.71,67.6,0.3,5.0,0.29,67.6,0.43,0.23,0.46,5.0,0.13,0.13,0.093489,1776211923000
1776211925.492,125.492,0.57,0.23,0.54,5.0,0.7,5.0,0.71,67.6,0.3,5.0,0.29,67.6,0.43,0.23,0.46,5.0,0.13,0.13,0.093489,1776211924000
1776211925.782,125.782,0.45,10.5,0.44,30.6,0.66,5.0,0.67,5.0,0.3,5.0,0.29,67.6,0.43,0.23,0.46,5.0,0.21,0.13,0.093489,1776211924000
1776211926.006,126.006,0.45,10.5,0.44,30.6,0.66,5.0,0.67,5.0,0.34,5.0,0.33,5.0,0.55,10.5,0.56,30.6,0.21,0.21,0.09349,1776211925000
1776211927.119,127.119,0.45,10.5,0.44,30.6,0.66,5.0,0.67,5.0,0.34,5.0,0.33,5.0,0.55,10.5,0.56,30.6,0.21,0.21,0.093492,1776211926000
1776211928.307,128.307,0.45,10.5,0.44,30.6,0.66,5.0,0.67,5.0,0.34,5.0,0.33,5.0,0.55,10.5,0.56,30.6,0.21,0.21,0.093492,1776211927000
1776211929.321,129.321,0.45,10.5,0.44,30.6,0.66,5.0,0.67,5.0,0.34,5.0,0.33,5.0,0.55,10.5,0.56,30.6,0.21,0.21,0.093492,1776211928000
1776211929.904,129.904,0.45,10.5,0.44,30.6,0.66,5.0,0.67,5.0,0.34,5.0,0.33,5.0,0.55,10.5,0.56,30.6,0.21,0.21,0.093492,1776211929000
1776211930.929,130.929,0.45,10.5,0.44,30.6,0.66,5.0,0.67,5.0,0.34,5.0,0.33,5.0,0.55,10.5,0.56,30.6,0.21,0.21,0.093492,1776211930000
1776211931.949,131.949,0.45,10.5,0.44,30.6,0.66,5.0,0.67,5.0,0.34,5.0,0.33,5.0,0.55,10.5,0.56,30.6,0.21,0.21,0.093488,1776211931000
1776211933.03,133.03,0.45,10.5,0.44,30.6,0.66,5.0,0.67,5.0,0.34,5.0,0.33,5.0,0.55,10.5,0.56,30.6,0.21,0.21,0.093488,1776211932000
1776211934.105,134.105,0.45,10.5,0.44,30.6,0.66,5.0,0.67,5.0,0.34,5.0,0.33,5.0,0.55,10.5,0.56,30.6,0.21,0.21,0.093477,1776211933000
1776211935.176,135.176,0.45,10.5,0.44,30.6,0.66,5.0,0.67,5.0,0.34,5.0,0.33,5.0,0.55,10.5,0.56,30.6,0.21,0.21,0.093476,1776211934000
1776211936.101,136.101,0.45,10.5,0.44,30.6,0.66,5.0,0.67,5.0,0.34,5.0,0.33,5.0,0.55,10.5,0.56,30.6,0.21,0.21,0.093477,1776211935000
1776211937.118,137.118,0.45,10.5,0.44,30.6,0.66,5.0,0.67,5.0,0.34,5.0,0.33,5.0,0.55,10.5,0.56,30.6,0.21,0.21,0.093485,1776211936000
1776211938.094,138.094,0.45,10.5,0.44,30.6,0.66,5.0,0.67,5.0,0.34,5.0,0.33,5.0,0.55,10.5,0.56,30.6,0.21,0.21,0.093485,1776211937000
1776211939.1,139.1,0.45,10.5,0.44,30.6,0.66,5.0,0.67,5.0,0.34,5.0,0.33,5.0,0.55,10.5,0.56,30.6,0.21,0.21,0.093483,1776211938000
1776211940.08,140.08,0.45,10.5,0.44,30.6,0.66,5.0,0.67,5.0,0.34,5.0,0.33,5.0,0.55,10.5,0.56,30.6,0.21,0.21,0.093484,1776211939000
1776211941.069,141.069,0.45,10.5,0.44,30.6,0.66,5.0,0.67,5.0,0.34,5.0,0.33,5.0,0.55,10.5,0.56,30.6,0.21,0.21,0.093483,1776211940000
1776211942.609,142.609,0.45,10.5,0.44,30.6,0.66,5.0,0.67,5.0,0.34,5.0,0.33,5.0,0.55,10.5,0.56,30.6,0.21,0.21,0.093483,1776211941000
1776211943.219,143.219,0.45,10.5,0.44,30.6,0.66,5.0,0.67,5.0,0.34,5.0,0.33,5.0,0.55,10.5,0.56,30.6,0.21,0.21,0.093482,1776211942000
1776211944.406,144.406,0.45,10.5,0.44,30.6,0.66,5.0,0.67,5.0,0.34,5.0,0.33,5.0,0.55,10.5,0.56,30.6,0.21,0.21,0.093482,1776211943000
1776211945.196,145.196,0.45,10.5,0.44,30.6,0.66,5.0,0.67,5.0,0.34,5.0,0.33,5.0,0.55,10.5,0.56,30.6,0.21,0.21,0.093482,1776211944000
1776211946.21,146.21,0.45,10.5,0.44,30.6,0.66,5.0,0.67,5.0,0.34,5.0,0.33,5.0,0.55,10.5,0.56,30.6,0.21,0.21,0.093482,1776211945000
1776211947.244,147.244,0.45,10.5,0.44,30.6,0.66,5.0,0.67,5.0,0.34,5.0,0.33,5.0,0.55,10.5,0.56,30.6,0.21,0.21,0.093482,1776211946000
1776211948.236,148.236,0.45,10.5,0.44,30.6,0.66,5.0,0.67,5.0,0.34,5.0,0.33,5.0,0.55,10.5,0.56,30.6,0.21,0.21,0.093485,1776211947000
1776211949.29,149.29,0.45,10.5,0.44,30.6,0.66,5.0,0.67,5.0,0.34,5.0,0.33,5.0,0.55,10.5,0.56,30.6,0.21,0.21,0.093493,1776211948000
1776211950.182,150.182,0.45,10.5,0.44,30.6,0.66,5.0,0.67,5.0,0.34,5.0,0.33,5.0,0.55,10.5,0.56,30.6,0.21,0.21,0.093492,1776211949000
1776211951.225,151.225,0.45,10.5,0.44,30.6,0.66,5.0,0.67,5.0,0.34,5.0,0.33,5.0,0.55,10.5,0.56,30.6,0.21,0.21,0.093493,1776211950000
1776211952.784,152.784,0.45,10.5,0.44,30.6,0.66,5.0,0.67,5.0,0.34,5.0,0.33,5.0,0.55,10.5,0.56,30.6,0.21,0.21,0.093493,1776211951000
1776211953.211,153.211,0.45,10.5,0.44,30.6,0.66,5.0,0.67,5.0,0.34,5.0,0.33,5.0,0.55,10.5,0.56,30.6,0.21,0.21,0.093493,1776211952000
1776211954.374,154.374,0.45,10.5,0.44,30.6,0.66,5.0,0.67,5.0,0.34,5.0,0.33,5.0,0.55,10.5,0.56,30.6,0.21,0.21,0.093495,1776211953000
1776211954.85,154.85,0.45,10.5,0.44,30.6,0.66,5.0,0.67,5.0,0.34,5.0,0.33,5.0,0.55,10.5,0.56,30.6,0.21,0.21,0.093495,1776211954000
1776211956.449,156.449,0.45,10.5,0.44,30.6,0.66,5.0,0.67,5.0,0.34,5.0,0.33,5.0,0.55,10.5,0.56,30.6,0.21,0.21,0.093483,1776211955000
1776211956.941,156.941,0.45,10.5,0.44,30.6,0.66,5.0,0.67,5.0,0.34,5.0,0.33,5.0,0.55,10.5,0.56,30.6,0.21,0.21,0.093483,1776211956000
1776211958.53,158.53,0.45,10.5,0.44,30.6,0.66,5.0,0.67,5.0,0.34,5.0,0.33,5.0,0.55,10.5,0.56,30.6,0.21,0.21,0.093494,1776211957000
1776211959.143,159.143,0.45,10.5,0.44,30.6,0.66,5.0,0.67,5.0,0.34,5.0,0.33,5.0,0.55,10.5,0.56,30.6,0.21,0.21,0.0935,1776211958000
1776211960.41,160.41,0.45,10.5,0.44,30.6,0.66,5.0,0.67,5.0,0.34,5.0,0.33,5.0,0.55,10.5,0.56,30.6,0.21,0.21,0.093498,1776211959000
1776211961.082,161.082,0.45,10.5,0.44,30.6,0.66,5.0,0.67,5.0,0.34,5.0,0.33,5.0,0.55,10.5,0.56,30.6,0.21,0.21,0.093498,1776211960000
1776211962.296,162.296,0.45,10.5,0.44,30.6,0.66,5.0,0.67,5.0,0.34,5.0,0.33,5.0,0.55,10.5,0.56,30.6,0.21,0.21,0.0935,1776211961000
1776211962.623,162.623,0.53,10.4,0.52,10.4,0.72,5.0,0.74,5.0,0.34,5.0,0.33,5.0,0.55,10.5,0.56,30.6,0.19,0.21,0.0935,1776211961000
1776211963.537,163.537,0.53,10.4,0.52,10.4,0.72,5.0,0.74,5.0,0.28,5.0,0.26,5.0,0.47,10.4,0.48,10.4,0.19,0.19,0.093515,1776211962000
1776211964.397,164.397,0.53,10.4,0.52,10.4,0.72,5.0,0.74,5.0,0.28,5.0,0.26,5.0,0.47,10.4,0.48,10.4,0.19,0.19,0.093505,1776211963000
1776211965.114,165.114,0.53,10.4,0.52,10.4,0.72,5.0,0.74,5.0,0.28,5.0,0.26,5.0,0.47,10.4,0.48,10.4,0.19,0.19,0.093497,1776211964000
1776211966.32,166.32,0.53,10.4,0.52,10.4,0.72,5.0,0.74,5.0,0.28,5.0,0.26,5.0,0.47,10.4,0.48,10.4,0.19,0.19,0.093497,1776211965000
1776211967.083,167.083,0.53,10.4,0.52,10.4,0.72,5.0,0.74,5.0,0.28,5.0,0.26,5.0,0.47,10.4,0.48,10.4,0.19,0.19,0.093497,1776211966000
1776211968.296,168.296,0.53,10.4,0.52,10.4,0.72,5.0,0.74,5.0,0.28,5.0,0.26,5.0,0.47,10.4,0.48,10.4,0.19,0.19,0.093497,1776211967000
1776211969.008,169.008,0.53,10.4,0.52,10.4,0.72,5.0,0.74,5.0,0.28,5.0,0.26,5.0,0.47,10.4,0.48,10.4,0.19,0.19,0.093496,1776211968000
1776211970.153,170.153,0.53,10.4,0.52,10.4,0.72,5.0,0.74,5.0,0.28,5.0,0.26,5.0,0.47,10.4,0.48,10.4,0.19,0.19,0.093497,1776211969000
1776211970.878,170.878,0.52,10.16,0.51,60.4,0.73,5.0,0.75,18.9,0.28,5.0,0.26,5.0,0.47,10.4,0.48,10.4,0.21,0.19,0.093497,1776211969000
1776211971.421,171.421,0.52,10.16,0.51,60.4,0.73,5.0,0.75,18.9,0.27,5.0,0.25,18.9,0.48,10.16,0.49,60.4,0.21,0.21,0.093497,1776211970000
1776211972.071,172.071,0.52,10.16,0.51,60.4,0.73,5.0,0.75,18.9,0.27,5.0,0.25,18.9,0.48,10.16,0.49,60.4,0.21,0.21,0.093497,1776211971000
1776211973.408,173.408,0.52,10.16,0.51,60.4,0.73,5.0,0.75,18.9,0.27,5.0,0.25,18.9,0.48,10.16,0.49,60.4,0.21,0.21,0.093502,1776211972000
1776211973.952,173.952,0.52,10.16,0.51,60.4,0.73,5.0,0.75,18.9,0.27,5.0,0.25,18.9,0.48,10.16,0.49,60.4,0.21,0.21,0.093502,1776211973000
1776211975.824,175.824,0.52,10.16,0.51,60.4,0.73,5.0,0.75,18.9,0.27,5.0,0.25,18.9,0.48,10.16,0.49,60.4,0.21,0.21,0.093495,1776211974000
1776211976.46,176.46,0.52,10.16,0.51,60.4,0.73,5.0,0.75,18.9,0.27,5.0,0.25,18.9,0.48,10.16,0.49,60.4,0.21,0.21,0.093495,1776211975000
1776211977.142,177.142,0.52,10.16,0.51,60.4,0.73,5.0,0.75,18.9,0.27,5.0,0.25,18.9,0.48,10.16,0.49,60.4,0.21,0.21,0.093496,1776211976000
1776211978.602,178.602,0.52,10.16,0.51,60.4,0.73,5.0,0.75,18.9,0.27,5.0,0.25,18.9,0.48,10.16,0.49,60.4,0.21,0.21,0.093489,1776211977000
1776211979.421,179.421,0.52,10.16,0.51,60.4,0.73,5.0,0.75,18.9,0.27,5.0,0.25,18.9,0.48,10.16,0.49,60.4,0.21,0.21,0.093489,1776211978000
1776211980.101,180.101,0.52,10.16,0.51,60.4,0.73,5.0,0.75,18.9,0.27,5.0,0.25,18.9,0.48,10.16,0.49,60.4,0.21,0.21,0.093489,1776211979000
1776211981.626,181.626,0.52,10.16,0.51,60.4,0.73,5.0,0.75,18.9,0.27,5.0,0.25,18.9,0.48,10.16,0.49,60.4,0.21,0.21,0.093489,1776211980000
1776211982.273,182.273,0.52,10.16,0.51,60.4,0.73,5.0,0.75,18.9,0.27,5.0,0.25,18.9,0.48,10.16,0.49,60.4,0.21,0.21,0.093488,1776211981000
1776211983.09,183.09,0.52,10.16,0.51,60.4,0.73,5.0,0.75,18.9,0.27,5.0,0.25,18.9,0.48,10.16,0.49,60.4,0.21,0.21,0.093488,1776211982000
1776211984.577,184.577,0.52,10.16,0.51,60.4,0.73,5.0,0.75,18.9,0.27,5.0,0.25,18.9,0.48,10.16,0.49,60.4,0.21,0.21,0.093494,1776211983000
1776211985.311,185.311,0.52,10.16,0.51,60.4,0.73,5.0,0.75,18.9,0.27,5.0,0.25,18.9,0.48,10.16,0.49,60.4,0.21,0.21,0.093494,1776211984000
1776211985.956,185.956,0.52,10.16,0.51,60.4,0.73,5.0,0.75,18.9,0.27,5.0,0.25,18.9,0.48,10.16,0.49,60.4,0.21,0.21,0.093494,1776211985000
1776211987.451,187.451,0.52,10.16,0.51,60.4,0.73,5.0,0.75,18.9,0.27,5.0,0.25,18.9,0.48,10.16,0.49,60.4,0.21,0.21,0.093495,1776211986000
1776211988.16,188.16,0.52,10.16,0.51,60.4,0.73,5.0,0.75,18.9,0.27,5.0,0.25,18.9,0.48,10.16,0.49,60.4,0.21,0.21,0.093496,1776211987000
1776211989.745,189.745,0.52,10.16,0.51,60.4,0.73,5.0,0.75,18.9,0.27,5.0,0.25,18.9,0.48,10.16,0.49,60.4,0.21,0.21,0.093496,1776211988000
1776211990.071,190.071,0.49,10.4,0.48,10.4,0.71,53.59,0.72,17.9,0.27,5.0,0.25,18.9,0.48,10.16,0.49,60.4,0.22,0.21,0.093496,1776211988000
1776211990.311,190.311,0.49,10.4,0.48,10.4,0.71,53.59,0.72,17.9,0.29,53.59,0.28,17.9,0.51,10.4,0.52,10.4,0.22,0.22,0.093497,1776211989000
1776211990.998,190.998,0.49,10.4,0.48,10.4,0.71,53.59,0.72,17.9,0.29,53.59,0.28,17.9,0.51,10.4,0.52,10.4,0.22,0.22,0.093497,1776211990000
1776211992.895,192.895,0.49,10.4,0.48,10.4,0.71,53.59,0.72,17.9,0.29,53.59,0.28,17.9,0.51,10.4,0.52,10.4,0.22,0.22,0.093497,1776211991000
1776211993.943,193.943,0.49,10.4,0.48,10.4,0.71,53.59,0.72,17.9,0.29,53.59,0.28,17.9,0.51,10.4,0.52,10.4,0.22,0.22,0.093498,1776211992000
1776211995.009,195.009,0.49,10.4,0.48,10.4,0.71,53.59,0.72,17.9,0.29,53.59,0.28,17.9,0.51,10.4,0.52,10.4,0.22,0.22,0.093498,1776211993000
1776211995.822,195.822,0.49,10.4,0.48,10.4,0.71,53.59,0.72,17.9,0.29,53.59,0.28,17.9,0.51,10.4,0.52,10.4,0.22,0.22,0.093498,1776211994000
1776211996.924,196.924,0.49,10.4,0.48,10.4,0.71,53.59,0.72,17.9,0.29,53.59,0.28,17.9,0.51,10.4,0.52,10.4,0.22,0.22,0.093496,1776211995000
1776211997.856,197.856,0.49,10.4,0.48,10.4,0.71,53.59,0.72,17.9,0.29,53.59,0.28,17.9,0.51,10.4,0.52,10.4,0.22,0.22,0.093496,1776211996000
1776211998.744,198.744,0.49,10.4,0.48,10.4,0.71,53.59,0.72,17.9,0.29,53.59,0.28,17.9,0.51,10.4,0.52,10.4,0.22,0.22,0.093495,1776211997000
1776211999.744,199.744,0.49,10.4,0.48,10.4,0.71,53.59,0.72,17.9,0.29,53.59,0.28,17.9,0.51,10.4,0.52,10.4,0.22,0.22,0.093495,1776211998000
1776212000.718,200.718,0.49,10.4,0.48,10.4,0.71,53.59,0.72,17.9,0.29,53.59,0.28,17.9,0.51,10.4,0.52,10.4,0.22,0.22,0.093495,1776211999000
1776212001.506,201.506,0.49,10.4,0.48,10.4,0.71,53.59,0.72,17.9,0.29,53.59,0.28,17.9,0.51,10.4,0.52,10.4,0.22,0.22,0.093495,1776212000000
1776212002.325,202.325,0.49,10.4,0.48,10.4,0.71,53.59,0.72,17.9,0.29,53.59,0.28,17.9,0.51,10.4,0.52,10.4,0.22,0.22,0.093495,1776212001000
1776212003.186,203.186,0.49,10.4,0.48,10.4,0.71,53.59,0.72,17.9,0.29,53.59,0.28,17.9,0.51,10.4,0.52,10.4,0.22,0.22,0.093496,1776212002000
1776212004.958,204.958,0.49,10.4,0.48,10.4,0.71,53.59,0.72,17.9,0.29,53.59,0.28,17.9,0.51,10.4,0.52,10.4,0.22,0.22,0.093493,1776212003000
1776212005.674,205.674,0.49,10.4,0.48,10.4,0.71,53.59,0.72,17.9,0.29,53.59,0.28,17.9,0.51,10.4,0.52,10.4,0.22,0.22,0.093493,1776212004000
1776212006.661,206.661,0.49,10.4,0.48,10.4,0.71,53.59,0.72,17.9,0.29,53.59,0.28,17.9,0.51,10.4,0.52,10.4,0.22,0.22,0.09349,1776212005000
1776212007.574,207.574,0.49,10.4,0.48,10.4,0.71,53.59,0.72,17.9,0.29,53.59,0.28,17.9,0.51,10.4,0.52,10.4,0.22,0.22,0.093489,1776212006000
1776212008.597,208.597,0.49,10.4,0.48,10.4,0.71,53.59,0.72,17.9,0.29,53.59,0.28,17.9,0.51,10.4,0.52,10.4,0.22,0.22,0.093489,1776212007000
1776212009.654,209.654,0.49,10.4,0.48,10.4,0.71,53.59,0.72,17.9,0.29,53.59,0.28,17.9,0.51,10.4,0.52,10.4,0.22,0.22,0.093489,1776212008000
1776212010.779,210.779,0.49,10.4,0.48,10.4,0.71,53.59,0.72,17.9,0.29,53.59,0.28,17.9,0.51,10.4,0.52,10.4,0.22,0.22,0.093488,1776212009000
1776212011.76,211.76,0.49,10.4,0.48,10.4,0.71,53.59,0.72,17.9,0.29,53.59,0.28,17.9,0.51,10.4,0.52,10.4,0.22,0.22,0.093488,1776212010000
1776212012.904,212.904,0.49,10.4,0.48,10.4,0.71,53.59,0.72,17.9,0.29,53.59,0.28,17.9,0.51,10.4,0.52,10.4,0.22,0.22,0.093488,1776212011000
1776212013.962,213.962,0.49,10.4,0.48,10.4,0.71,53.59,0.72,17.9,0.29,53.59,0.28,17.9,0.51,10.4,0.52,10.4,0.22,0.22,0.093488,1776212012000
1776212015.013,215.013,0.49,10.4,0.48,10.4,0.71,53.59,0.72,17.9,0.29,53.59,0.28,17.9,0.51,10.4,0.52,10.4,0.22,0.22,0.093474,1776212013000
1776212015.901,215.901,0.49,10.4,0.48,10.4,0.71,53.59,0.72,17.9,0.29,53.59,0.28,17.9,0.51,10.4,0.52,10.4,0.22,0.22,0.093459,1776212014000
1776212017.004,217.004,0.49,10.4,0.48,10.4,0.71,53.59,0.72,17.9,0.29,53.59,0.28,17.9,0.51,10.4,0.52,10.4,0.22,0.22,0.093457,1776212016000
1776212017.943,217.943,0.49,10.4,0.48,10.4,0.71,53.59,0.72,17.9,0.29,53.59,0.28,17.9,0.51,10.4,0.52,10.4,0.22,0.22,0.093458,1776212017000
1776212018.95,218.95,0.49,10.4,0.48,10.4,0.71,53.59,0.72,17.9,0.29,53.59,0.28,17.9,0.51,10.4,0.52,10.4,0.22,0.22,0.093457,1776212018000
1776212019.968,219.968,0.49,10.4,0.48,10.4,0.71,53.59,0.72,17.9,0.29,53.59,0.28,17.9,0.51,10.4,0.52,10.4,0.22,0.22,0.093458,1776212019000
1776212020.893,220.893,0.49,10.4,0.48,10.4,0.71,53.59,0.72,17.9,0.29,53.59,0.28,17.9,0.51,10.4,0.52,10.4,0.22,0.22,0.093459,1776212020000
1776212021.839,221.839,0.49,10.4,0.48,10.4,0.71,53.59,0.72,17.9,0.29,53.59,0.28,17.9,0.51,10.4,0.52,10.4,0.22,0.22,0.093458,1776212021000
1776212022.827,222.827,0.49,10.4,0.48,10.4,0.71,53.59,0.72,17.9,0.29,53.59,0.28,17.9,0.51,10.4,0.52,10.4,0.22,0.22,0.093454,1776212022000
1776212023.8,223.8,0.49,10.4,0.48,10.4,0.71,53.59,0.72,17.9,0.29,53.59,0.28,17.9,0.51,10.4,0.52,10.4,0.22,0.22,0.093455,1776212023000
1776212024.832,224.832,0.49,10.4,0.48,10.4,0.71,53.59,0.72,17.9,0.29,53.59,0.28,17.9,0.51,10.4,0.52,10.4,0.22,0.22,0.093455,1776212024000
1776212025.894,225.894,0.49,10.4,0.48,10.4,0.71,53.59,0.72,17.9,0.29,53.59,0.28,17.9,0.51,10.4,0.52,10.4,0.22,0.22,0.093455,1776212025000
1776212026.852,226.852,0.49,10.4,0.48,10.4,0.71,53.59,0.72,17.9,0.29,53.59,0.28,17.9,0.51,10.4,0.52,10.4,0.22,0.22,0.093464,1776212026000
1776212027.817,227.817,0.49,10.4,0.48,10.4,0.71,53.59,0.72,17.9,0.29,53.59,0.28,17.9,0.51,10.4,0.52,10.4,0.22,0.22,0.093465,1776212027000
1776212028.821,228.821,0.49,10.4,0.48,10.4,0.71,53.59,0.72,17.9,0.29,53.59,0.28,17.9,0.51,10.4,0.52,10.4,0.22,0.22,0.093464,1776212028000
1776212030.939,230.939,0.49,10.4,0.48,10.4,0.71,53.59,0.72,17.9,0.29,53.59,0.28,17.9,0.51,10.4,0.52,10.4,0.22,0.22,0.093479,1776212029000
1776212031.455,231.455,0.49,10.4,0.48,10.4,0.71,53.59,0.72,17.9,0.29,53.59,0.28,17.9,0.51,10.4,0.52,10.4,0.22,0.22,0.093486,1776212030000
1776212032.067,232.067,0.49,10.4,0.48,10.4,0.71,53.59,0.72,17.9,0.29,53.59,0.28,17.9,0.51,10.4,0.52,10.4,0.22,0.22,0.093488,1776212031000
1776212033.285,233.285,0.49,10.4,0.48,10.4,0.71,53.59,0.72,17.9,0.29,53.59,0.28,17.9,0.51,10.4,0.52,10.4,0.22,0.22,0.09349,1776212032000
1776212034.414,234.414,0.49,10.4,0.48,10.4,0.71,53.59,0.72,17.9,0.29,53.59,0.28,17.9,0.51,10.4,0.52,10.4,0.22,0.22,0.093491,1776212033000
1776212034.992,234.992,0.49,10.4,0.48,10.4,0.71,53.59,0.72,17.9,0.29,53.59,0.28,17.9,0.51,10.4,0.52,10.4,0.22,0.22,0.093492,1776212034000
1776212036.317,236.317,0.49,10.4,0.48,10.4,0.71,53.59,0.72,17.9,0.29,53.59,0.28,17.9,0.51,10.4,0.52,10.4,0.22,0.22,0.093494,1776212035000
1776212036.945,236.945,0.49,10.4,0.48,10.4,0.71,53.59,0.72,17.9,0.29,53.59,0.28,17.9,0.51,10.4,0.52,10.4,0.22,0.22,0.093494,1776212036000
1776212038.27,238.27,0.49,10.4,0.48,10.4,0.71,53.59,0.72,17.9,0.29,53.59,0.28,17.9,0.51,10.4,0.52,10.4,0.22,0.22,0.093494,1776212037000
1776212039.269,239.269,0.49,10.4,0.48,10.4,0.71,53.59,0.72,17.9,0.29,53.59,0.28,17.9,0.51,10.4,0.52,10.4,0.22,0.22,0.093494,1776212038000
1776212040.48,240.48,0.49,10.4,0.48,10.4,0.71,53.59,0.72,17.9,0.29,53.59,0.28,17.9,0.51,10.4,0.52,10.4,0.22,0.22,0.093493,1776212039000
1776212041.072,241.072,0.49,10.4,0.48,10.4,0.71,53.59,0.72,17.9,0.29,53.59,0.28,17.9,0.51,10.4,0.52,10.4,0.22,0.22,0.093493,1776212040000
1776212042.22,242.22,0.49,10.4,0.48,10.4,0.71,53.59,0.72,17.9,0.29,53.59,0.28,17.9,0.51,10.4,0.52,10.4,0.22,0.22,0.093493,1776212041000
1776212042.959,242.959,0.61,10.9,0.6,10.8,0.81,64.42,0.82,17.6,0.29,53.59,0.28,17.9,0.51,10.4,0.52,10.4,0.2,0.22,0.093493,1776212041000
1776212043.414,243.414,0.61,10.9,0.6,10.8,0.81,64.42,0.82,17.6,0.19,64.42,0.18,17.6,0.39,10.9,0.4,10.8,0.2,0.2,0.093493,1776212042000
1776212044.072,244.072,0.61,10.9,0.6,10.8,0.81,64.42,0.82,17.6,0.19,64.42,0.18,17.6,0.39,10.9,0.4,10.8,0.2,0.2,0.093493,1776212043000
1776212045.849,245.849,0.61,10.9,0.6,10.8,0.81,64.42,0.82,17.6,0.19,64.42,0.18,17.6,0.39,10.9,0.4,10.8,0.2,0.2,0.093494,1776212044000
1776212046.571,246.571,0.61,10.9,0.6,10.8,0.81,64.42,0.82,17.6,0.19,64.42,0.18,17.6,0.39,10.9,0.4,10.8,0.2,0.2,0.093494,1776212045000
1776212048.171,248.171,0.61,10.9,0.6,10.8,0.81,64.42,0.82,17.6,0.19,64.42,0.18,17.6,0.39,10.9,0.4,10.8,0.2,0.2,0.093494,1776212047000
1776212049.506,249.506,0.61,10.9,0.6,10.8,0.81,64.42,0.82,17.6,0.19,64.42,0.18,17.6,0.39,10.9,0.4,10.8,0.2,0.2,0.093507,1776212048000
1776212049.975,249.975,0.61,10.9,0.6,10.8,0.81,64.42,0.82,17.6,0.19,64.42,0.18,17.6,0.39,10.9,0.4,10.8,0.2,0.2,0.093507,1776212049000
1776212051.225,251.225,0.73,13.2,0.72,12.9,0.9,8.88,0.91,81.7,0.19,64.42,0.18,17.6,0.39,10.9,0.4,10.8,0.17,0.2,0.093507,1776212049000
1776212051.522,251.522,0.73,13.2,0.72,12.9,0.9,8.88,0.91,81.7,0.1,8.88,0.09,81.7,0.27,13.2,0.28,12.9,0.17,0.17,0.093507,1776212050000
1776212052.021,252.021,0.73,13.2,0.72,12.9,0.9,8.88,0.91,81.7,0.1,8.88,0.09,81.7,0.27,13.2,0.28,12.9,0.17,0.17,0.093507,1776212051000
1776212055.114,255.114,0.71,12.6,0.7,12.4,0.87,21.85,0.88,24.6,0.1,8.88,0.09,81.7,0.27,13.2,0.28,12.9,0.16,0.17,0.093507,1776212051000
1776212055.826,255.826,0.71,12.6,0.7,12.4,0.87,21.85,0.88,24.6,0.13,21.85,0.12,24.6,0.29,12.6,0.3,12.4,0.16,0.16,0.093497,1776212054000
1776212056.436,256.436,0.71,12.6,0.7,12.4,0.87,21.85,0.88,24.6,0.13,21.85,0.12,24.6,0.29,12.6,0.3,12.4,0.16,0.16,0.093497,1776212055000
1776212057.094,257.094,0.71,12.6,0.7,12.4,0.87,21.85,0.88,24.6,0.13,21.85,0.12,24.6,0.29,12.6,0.3,12.4,0.16,0.16,0.093497,1776212056000
1776212058.433,258.433,0.71,12.6,0.7,12.4,0.87,21.85,0.88,24.6,0.13,21.85,0.12,24.6,0.29,12.6,0.3,12.4,0.16,0.16,0.093498,1776212057000
1776212059.097,259.097,0.71,12.6,0.7,12.4,0.87,21.85,0.88,24.6,0.13,21.85,0.12,24.6,0.29,12.6,0.3,12.4,0.16,0.16,0.093498,1776212058000
1776212059.395,259.395,0.65,11.4,0.64,11.3,0.81,7.1,0.85,20.39,0.13,21.85,0.12,24.6,0.29,12.6,0.3,12.4,0.16,0.16,0.093498,1776212058000
1776212060.376,260.376,0.65,11.4,0.64,11.3,0.81,7.1,0.85,20.39,0.19,7.1,0.15,20.39,0.35,11.4,0.36,11.3,0.16,0.16,0.09349,1776212059000
1776212061.05,261.05,0.65,11.4,0.64,11.3,0.81,7.1,0.85,20.39,0.19,7.1,0.15,20.39,0.35,11.4,0.36,11.3,0.16,0.16,0.09349,1776212060000
1776212062.151,262.151,0.65,11.4,0.64,11.3,0.81,7.1,0.85,20.39,0.19,7.1,0.15,20.39,0.35,11.4,0.36,11.3,0.16,0.16,0.09349,1776212061000
1776212063.291,263.291,0.65,11.4,0.64,11.3,0.81,7.1,0.85,20.39,0.19,7.1,0.15,20.39,0.35,11.4,0.36,11.3,0.16,0.16,0.09348,1776212062000
1776212064.355,264.355,0.65,11.4,0.64,11.3,0.81,7.1,0.85,20.39,0.19,7.1,0.15,20.39,0.35,11.4,0.36,11.3,0.16,0.16,0.093492,1776212063000
1776212064.937,264.937,0.65,11.4,0.64,11.3,0.81,7.1,0.85,20.39,0.19,7.1,0.15,20.39,0.35,11.4,0.36,11.3,0.16,0.16,0.093492,1776212064000
1776212066.115,266.115,0.65,11.4,0.64,11.3,0.81,7.1,0.85,20.39,0.19,7.1,0.15,20.39,0.35,11.4,0.36,11.3,0.16,0.16,0.093492,1776212065000
1776212067.215,267.215,0.65,11.4,0.64,11.3,0.81,7.1,0.85,20.39,0.19,7.1,0.15,20.39,0.35,11.4,0.36,11.3,0.16,0.16,0.093493,1776212066000
1776212068.269,268.269,0.65,11.4,0.64,11.3,0.81,7.1,0.85,20.39,0.19,7.1,0.15,20.39,0.35,11.4,0.36,11.3,0.16,0.16,0.093493,1776212067000
1776212069.455,269.455,0.65,11.4,0.64,11.3,0.81,7.1,0.85,20.39,0.19,7.1,0.15,20.39,0.35,11.4,0.36,11.3,0.16,0.16,0.093495,1776212068000
1776212070.089,270.089,0.65,11.4,0.64,11.3,0.81,7.1,0.85,20.39,0.19,7.1,0.15,20.39,0.35,11.4,0.36,11.3,0.16,0.16,0.093494,1776212069000
1776212070.585,270.585,0.71,62.6,0.7,12.4,0.86,5.0,0.87,21.85,0.19,7.1,0.15,20.39,0.35,11.4,0.36,11.3,0.15,0.16,0.093494,1776212069000
1776212071.102,271.102,0.71,62.6,0.7,12.4,0.86,5.0,0.87,21.85,0.14,5.0,0.13,21.85,0.29,62.6,0.3,12.4,0.15,0.15,0.093494,1776212070000
1776212072.32,272.32,0.71,62.6,0.7,12.4,0.86,5.0,0.87,21.85,0.14,5.0,0.13,21.85,0.29,62.6,0.3,12.4,0.15,0.15,0.093494,1776212071000
1776212072.794,272.794,0.71,62.6,0.7,12.4,0.86,5.0,0.87,21.85,0.14,5.0,0.13,21.85,0.29,62.6,0.3,12.4,0.15,0.15,0.093494,1776212072000
1776212073.878,273.878,0.71,62.6,0.7,12.4,0.86,5.0,0.87,21.85,0.14,5.0,0.13,21.85,0.29,62.6,0.3,12.4,0.15,0.15,0.093496,1776212073000
1776212074.292,274.292,0.87,17.0,0.81,50.0,0.9,3.88,0.95,54.7,0.14,5.0,0.13,21.85,0.29,62.6,0.3,12.4,0.03,0.15,0.093496,1776212073000
1776212074.946,274.946,0.87,17.0,0.81,50.0,0.9,3.88,0.95,54.7,0.1,3.88,0.05,54.7,0.13,17.0,0.19,50.0,0.03,0.03,0.0935,1776212074000
1776212076.243,276.243,0.87,17.0,0.81,50.0,0.9,3.88,0.95,54.7,0.1,3.88,0.05,54.7,0.13,17.0,0.19,50.0,0.03,0.03,0.093503,1776212075000
1776212077.235,277.235,0.87,17.0,0.81,50.0,0.9,3.88,0.95,54.7,0.1,3.88,0.05,54.7,0.13,17.0,0.19,50.0,0.03,0.03,0.093504,1776212076000
1776212078.345,278.345,0.87,17.0,0.81,50.0,0.9,3.88,0.95,54.7,0.1,3.88,0.05,54.7,0.13,17.0,0.19,50.0,0.03,0.03,0.093505,1776212077000
1776212078.923,278.923,0.87,17.0,0.81,50.0,0.9,3.88,0.95,54.7,0.1,3.88,0.05,54.7,0.13,17.0,0.19,50.0,0.03,0.03,0.093505,1776212078000
1776212080.085,280.085,0.87,17.0,0.81,50.0,0.9,3.88,0.95,54.7,0.1,3.88,0.05,54.7,0.13,17.0,0.19,50.0,0.03,0.03,0.093505,1776212079000
1776212081.331,281.331,0.87,17.0,0.81,50.0,0.9,3.88,0.95,54.7,0.1,3.88,0.05,54.7,0.13,17.0,0.19,50.0,0.03,0.03,0.093505,1776212080000
1776212081.612,281.612,0.87,5.0,0.81,50.0,0.96,5.0,0.98,15.0,0.1,3.88,0.05,54.7,0.13,17.0,0.19,50.0,0.09,0.03,0.093505,1776212080000
1776212082.3,282.3,0.87,5.0,0.81,50.0,0.96,5.0,0.98,15.0,0.04,5.0,0.02,15.0,0.13,5.0,0.19,50.0,0.09,0.09,0.093502,1776212081000
1776212082.945,282.945,0.87,5.0,0.81,50.0,0.96,5.0,0.98,15.0,0.04,5.0,0.02,15.0,0.13,5.0,0.19,50.0,0.09,0.09,0.093505,1776212082000
1776212083.501,283.501,0.87,5.0,0.81,50.0,0.98,15.0,0.99,5805.0,0.04,5.0,0.02,15.0,0.13,5.0,0.19,50.0,0.11,0.09,0.093505,1776212082000
1776212084.383,284.383,0.87,5.0,0.81,50.0,0.98,15.0,0.99,5805.0,0.02,15.0,0.01,5805.0,0.13,5.0,0.19,50.0,0.11,0.11,0.093505,1776212083000
1776212084.875,284.875,0.87,5.0,0.81,50.0,0.98,15.0,0.99,5805.0,0.02,15.0,0.01,5805.0,0.13,5.0,0.19,50.0,0.11,0.11,0.093505,1776212084000
1776212086.043,286.043,0.87,5.0,0.81,50.0,0.98,15.0,0.99,5805.0,0.02,15.0,0.01,5805.0,0.13,5.0,0.19,50.0,0.11,0.11,0.093505,1776212085000
1776212087.178,287.178,0.87,5.0,0.81,50.0,0.98,15.0,0.99,5805.0,0.02,15.0,0.01,5805.0,0.13,5.0,0.19,50.0,0.11,0.11,0.093505,1776212086000
1776212088.196,288.196,0.87,5.0,0.81,50.0,0.98,15.0,0.99,5805.0,0.02,15.0,0.01,5805.0,0.13,5.0,0.19,50.0,0.11,0.11,0.093505,1776212087000
1776212089.238,289.238,0.87,5.0,0.81,50.0,0.98,15.0,0.99,5805.0,0.02,15.0,0.01,5805.0,0.13,5.0,0.19,50.0,0.11,0.11,0.093505,1776212088000
1776212089.921,289.921,0.91,70.0,0.87,5.0,0.99,700.0,,,0.02,15.0,0.01,5805.0,0.13,5.0,0.19,50.0,0.08,0.11,0.093505,1776212088000
1776212090.2,290.2,0.91,70.0,0.87,5.0,0.99,700.0,,,0.01,700.0,,,0.09,70.0,0.13,5.0,0.08,0.08,0.093505,1776212089000
1776212091.27,291.27,0.91,70.0,0.87,5.0,0.99,700.0,,,0.01,700.0,,,0.09,70.0,0.13,5.0,0.08,0.08,0.093509,1776212090000
1776212092.302,292.302,0.91,70.0,0.87,5.0,0.99,700.0,,,0.01,700.0,,,0.09,70.0,0.13,5.0,0.08,0.08,0.093509,1776212091000
1776212093.382,293.382,0.91,70.0,0.87,5.0,0.99,700.0,,,0.01,700.0,,,0.09,70.0,0.13,5.0,0.08,0.08,0.093509,1776212092000
1776212093.864,293.864,0.91,70.0,0.87,5.0,0.99,700.0,,,0.01,700.0,,,0.09,70.0,0.13,5.0,0.08,0.08,0.093509,1776212093000
1776212094.067,294.067,0.91,50.0,0.87,5.0,0.99,669.89,,,0.01,700.0,,,0.09,70.0,0.13,5.0,0.08,0.08,0.093509,1776212093000
1776212094.972,294.972,0.91,50.0,0.87,5.0,0.99,669.89,,,0.01,669.89,,,0.09,50.0,0.13,5.0,0.08,0.08,0.093509,1776212094000
1776212096.04,296.04,0.91,50.0,0.87,5.0,0.99,669.89,,,0.01,669.89,,,0.09,50.0,0.13,5.0,0.08,0.08,0.093511,1776212095000
1776212096.413,296.413,0.91,50.0,0.87,5.0,0.99,608.78,,,0.01,669.89,,,0.09,50.0,0.13,5.0,0.08,0.08,0.093511,1776212095000
1776212097.081,297.081,0.91,50.0,0.87,5.0,0.99,608.78,,,0.01,608.78,,,0.09,50.0,0.13,5.0,0.08,0.08,0.093514,1776212096000
1776212097.34,297.34,0.91,50.0,0.87,5.0,0.99,598.67,,,0.01,608.78,,,0.09,50.0,0.13,5.0,0.08,0.08,0.093514,1776212096000
1776212097.6,297.6,0.99,463.25,0.91,50.0,,,,,0.01,536.75,,,0.09,50.0,0.13,5.0,,0.08,0.093514,1776212096000
1776212097.92,297.92,0.99,548.25,0.91,50.0,,,,,,,,,0.01,463.25,0.09,50.0,,,0.093514,1776212096000
1776212098.135,298.135,0.99,548.25,0.91,50.0,,,,,,,,,0.01,548.25,0.09,50.0,,,0.093514,1776212097000
1776212099.565,299.565,0.99,548.25,0.91,50.0,,,,,,,,,0.01,548.25,0.09,50.0,,,0.093514,1776212098000
1776212100.094,300.094,0.99,548.25,0.91,50.0,,,,,,,,,0.01,548.25,0.09,50.0,,,0.093514,1776212099000
1776212101.085,301.085,0.99,548.25,0.91,50.0,,,,,,,,,0.01,548.25,0.09,50.0,,,0.093521,1776212100000

# RESULT,winner=Up,slug=doge-updown-5m-1776211800,ticks=323
