timestamp,elapsed_sec,up_bid_p1,up_bid_s1,up_bid_p2,up_bid_s2,up_ask_p1,up_ask_s1,up_ask_p2,up_ask_s2,down_bid_p1,down_bid_s1,down_bid_p2,down_bid_s2,down_ask_p1,down_ask_s1,down_ask_p2,down_ask_s2,up_spread,down_spread,doge_price,doge_oracle_ts
1776208801.397,1.397,0.33,300.0,0.31,375.0,0.48,5.0,0.67,300.0,0.52,5.0,0.33,300.0,0.67,300.0,0.69,375.0,0.15,0.15,0.093089,1776208800000
1776208801.728,1.728,0.33,300.0,0.31,375.0,0.48,5.0,0.67,300.0,0.52,5.0,0.33,300.0,0.67,300.0,0.69,375.0,0.15,0.15,0.093089,1776208800000
1776208802.384,2.384,0.33,300.0,0.31,375.0,0.48,5.0,0.67,300.0,0.52,5.0,0.33,300.0,0.67,300.0,0.69,375.0,0.15,0.15,0.093089,1776208801000
1776208803.656,3.656,0.33,300.0,0.31,375.0,0.48,5.0,0.67,300.0,0.52,5.0,0.33,300.0,0.67,300.0,0.69,375.0,0.15,0.15,0.093081,1776208802000
1776208804.2,4.2,0.33,300.0,0.31,375.0,0.48,5.0,0.67,300.0,0.52,5.0,0.33,300.0,0.67,300.0,0.69,375.0,0.15,0.15,0.093073,1776208803000
1776208805.478,5.478,0.33,300.0,0.31,375.0,0.48,5.0,0.67,300.0,0.52,5.0,0.33,300.0,0.67,300.0,0.69,375.0,0.15,0.15,0.093073,1776208804000
1776208806.156,6.156,0.33,300.0,0.31,375.0,0.48,5.0,0.67,300.0,0.52,5.0,0.33,300.0,0.67,300.0,0.69,375.0,0.15,0.15,0.093073,1776208805000
1776208807.442,7.442,0.33,300.0,0.31,375.0,0.48,5.0,0.67,300.0,0.52,5.0,0.33,300.0,0.67,300.0,0.69,375.0,0.15,0.15,0.093073,1776208806000
1776208807.981,7.981,0.33,300.0,0.31,375.0,0.48,5.0,0.67,300.0,0.52,5.0,0.33,300.0,0.67,300.0,0.69,375.0,0.15,0.15,0.093073,1776208807000
1776208809.126,9.126,0.39,5.0,0.32,10.0,0.5,5.0,0.56,10.0,0.52,5.0,0.33,300.0,0.67,300.0,0.69,375.0,0.11,0.15,0.093073,1776208807000
1776208809.804,9.804,0.39,3.13,0.32,10.0,0.5,5.0,0.56,10.0,0.5,5.0,0.44,10.0,0.61,5.0,0.68,10.0,0.11,0.11,0.093072,1776208808000
1776208810.591,10.591,0.39,3.13,0.32,10.0,0.5,5.0,0.56,10.0,0.5,5.0,0.44,10.0,0.61,3.13,0.68,10.0,0.11,0.11,0.093072,1776208809000
1776208811.626,11.626,0.39,3.13,0.32,10.0,0.5,5.0,0.56,10.0,0.5,5.0,0.44,10.0,0.61,3.13,0.68,10.0,0.11,0.11,0.093072,1776208810000
1776208812.247,12.247,0.39,3.13,0.32,10.0,0.5,5.0,0.56,10.0,0.5,5.0,0.44,10.0,0.61,3.13,0.68,10.0,0.11,0.11,0.093072,1776208811000
1776208813.135,13.135,0.39,3.13,0.32,10.0,0.5,5.0,0.56,10.0,0.5,5.0,0.44,10.0,0.61,3.13,0.68,10.0,0.11,0.11,0.093072,1776208812000
1776208814.097,14.097,0.39,3.13,0.32,10.0,0.5,5.0,0.56,10.0,0.5,5.0,0.44,10.0,0.61,3.13,0.68,10.0,0.11,0.11,0.093072,1776208813000
1776208815.065,15.065,0.39,3.13,0.32,10.0,0.5,5.0,0.56,10.0,0.5,5.0,0.44,10.0,0.61,3.13,0.68,10.0,0.11,0.11,0.093072,1776208814000
1776208816.208,16.208,0.39,3.13,0.32,10.0,0.5,5.0,0.56,10.0,0.5,5.0,0.44,10.0,0.61,3.13,0.68,10.0,0.11,0.11,0.093072,1776208815000
1776208817.139,17.139,0.39,3.13,0.32,10.0,0.5,5.0,0.56,10.0,0.5,5.0,0.44,10.0,0.61,3.13,0.68,10.0,0.11,0.11,0.093072,1776208816000
1776208818.191,18.191,0.39,3.13,0.32,10.0,0.5,5.0,0.56,10.0,0.5,5.0,0.44,10.0,0.61,3.13,0.68,10.0,0.11,0.11,0.093072,1776208817000
1776208819.222,19.222,0.39,3.13,0.32,10.0,0.5,5.0,0.56,10.0,0.5,5.0,0.44,10.0,0.61,3.13,0.68,10.0,0.11,0.11,0.093072,1776208818000
1776208820.273,20.273,0.39,3.13,0.32,10.0,0.5,5.0,0.56,10.0,0.5,5.0,0.44,10.0,0.61,3.13,0.68,10.0,0.11,0.11,0.093072,1776208819000
1776208821.372,21.372,0.39,3.13,0.32,10.0,0.5,5.0,0.56,10.0,0.5,5.0,0.44,10.0,0.61,3.13,0.68,10.0,0.11,0.11,0.093072,1776208820000
1776208822.315,22.315,0.39,3.13,0.32,10.0,0.5,5.0,0.56,10.0,0.5,5.0,0.44,10.0,0.61,3.13,0.68,10.0,0.11,0.11,0.093072,1776208821000
1776208823.312,23.312,0.39,3.13,0.32,10.0,0.5,5.0,0.56,10.0,0.5,5.0,0.44,10.0,0.61,3.13,0.68,10.0,0.11,0.11,0.093072,1776208822000
1776208824.763,24.763,0.39,3.13,0.32,10.0,0.5,5.0,0.56,10.0,0.5,5.0,0.44,10.0,0.61,3.13,0.68,10.0,0.11,0.11,0.093072,1776208823000
1776208825.627,25.627,0.39,3.13,0.32,10.0,0.5,5.0,0.56,10.0,0.5,5.0,0.44,10.0,0.61,3.13,0.68,10.0,0.11,0.11,0.093072,1776208824000
1776208825.976,25.976,0.38,1.94,0.32,10.0,0.49,5.0,0.5,5.0,0.5,5.0,0.44,10.0,0.61,3.13,0.68,10.0,0.11,0.11,0.093072,1776208824000
1776208826.392,26.392,0.38,1.94,0.32,10.0,0.49,5.0,0.5,5.0,0.51,5.0,0.5,5.0,0.62,1.94,0.68,10.0,0.11,0.11,0.093072,1776208825000
1776208827.092,27.092,0.38,1.94,0.32,10.0,0.49,5.0,0.5,5.0,0.51,5.0,0.5,5.0,0.62,1.94,0.68,10.0,0.11,0.11,0.093069,1776208826000
1776208828.64,28.64,0.38,1.94,0.32,10.0,0.49,5.0,0.5,5.0,0.51,5.0,0.5,5.0,0.62,1.94,0.68,10.0,0.11,0.11,0.093069,1776208827000
1776208829.302,29.302,0.38,1.94,0.32,10.0,0.49,5.0,0.5,5.0,0.51,5.0,0.5,5.0,0.62,1.94,0.68,10.0,0.11,0.11,0.093069,1776208828000
1776208830.034,30.034,0.33,7.01,0.31,50.0,0.45,5.0,0.47,5.0,0.51,5.0,0.5,5.0,0.62,1.94,0.68,10.0,0.12,0.11,0.093069,1776208828000
1776208831.309,31.309,0.33,7.01,0.31,50.0,0.45,5.0,0.47,5.0,0.55,5.0,0.53,5.0,0.67,7.01,0.69,50.0,0.12,0.12,0.093066,1776208830000
1776208832.126,32.126,0.33,7.01,0.31,50.0,0.45,5.0,0.47,5.0,0.55,5.0,0.53,5.0,0.67,7.01,0.69,50.0,0.12,0.12,0.093066,1776208831000
1776208833.44,33.44,0.33,7.01,0.31,50.0,0.45,5.0,0.47,5.0,0.55,5.0,0.53,5.0,0.67,7.01,0.69,50.0,0.12,0.12,0.093066,1776208832000
1776208834.31,34.31,0.33,7.01,0.31,50.0,0.45,5.0,0.47,5.0,0.55,5.0,0.53,5.0,0.67,7.01,0.69,50.0,0.12,0.12,0.093066,1776208833000
1776208835.665,35.665,0.33,7.01,0.31,50.0,0.45,5.0,0.47,5.0,0.55,5.0,0.53,5.0,0.67,7.01,0.69,50.0,0.12,0.12,0.093066,1776208834000
1776208836.469,36.469,0.33,7.01,0.31,50.0,0.45,5.0,0.47,5.0,0.55,5.0,0.53,5.0,0.67,7.01,0.69,50.0,0.12,0.12,0.093066,1776208835000
1776208837.234,37.234,0.33,7.01,0.31,50.0,0.45,5.0,0.47,5.0,0.55,5.0,0.53,5.0,0.67,7.01,0.69,50.0,0.12,0.12,0.093066,1776208836000
1776208838.69,38.69,0.33,7.01,0.31,50.0,0.45,5.0,0.47,5.0,0.55,5.0,0.53,5.0,0.67,7.01,0.69,50.0,0.12,0.12,0.093067,1776208837000
1776208839.518,39.518,0.33,7.01,0.31,50.0,0.45,5.0,0.47,5.0,0.55,5.0,0.53,5.0,0.67,7.01,0.69,50.0,0.12,0.12,0.093067,1776208838000
1776208840.231,40.231,0.33,7.01,0.31,50.0,0.45,5.0,0.47,5.0,0.55,5.0,0.53,5.0,0.67,7.01,0.69,50.0,0.12,0.12,0.093067,1776208839000
1776208841.596,41.596,0.33,7.01,0.31,50.0,0.45,5.0,0.47,5.0,0.55,5.0,0.53,5.0,0.67,7.01,0.69,50.0,0.12,0.12,0.093071,1776208840000
1776208842.618,42.618,0.33,7.01,0.31,50.0,0.45,5.0,0.47,5.0,0.55,5.0,0.53,5.0,0.67,7.01,0.69,50.0,0.12,0.12,0.093072,1776208841000
1776208843.641,43.641,0.33,7.01,0.31,50.0,0.45,5.0,0.47,5.0,0.55,5.0,0.53,5.0,0.67,7.01,0.69,50.0,0.12,0.12,0.093072,1776208842000
1776208844.18,44.18,0.33,7.01,0.31,50.0,0.45,5.0,0.47,5.0,0.55,5.0,0.53,5.0,0.67,7.01,0.69,50.0,0.12,0.12,0.093072,1776208843000
1776208845.361,45.361,0.33,7.01,0.31,50.0,0.45,5.0,0.47,5.0,0.55,5.0,0.53,5.0,0.67,7.01,0.69,50.0,0.12,0.12,0.093072,1776208844000
1776208845.943,45.943,0.33,7.01,0.31,50.0,0.45,5.0,0.47,5.0,0.55,5.0,0.53,5.0,0.67,7.01,0.69,50.0,0.12,0.12,0.093072,1776208845000
1776208847.08,47.08,0.33,7.01,0.31,50.0,0.45,5.0,0.47,5.0,0.55,5.0,0.53,5.0,0.67,7.01,0.69,50.0,0.12,0.12,0.093072,1776208846000
1776208848.151,48.151,0.33,7.01,0.31,50.0,0.45,5.0,0.47,5.0,0.55,5.0,0.53,5.0,0.67,7.01,0.69,50.0,0.12,0.12,0.093072,1776208847000
1776208849.307,49.307,0.33,7.01,0.31,50.0,0.45,5.0,0.47,5.0,0.55,5.0,0.53,5.0,0.67,7.01,0.69,50.0,0.12,0.12,0.093072,1776208848000
1776208850.307,50.307,0.33,7.01,0.31,50.0,0.45,5.0,0.47,5.0,0.55,5.0,0.53,5.0,0.67,7.01,0.69,50.0,0.12,0.12,0.093072,1776208849000
1776208850.896,50.896,0.33,7.01,0.31,50.0,0.45,5.0,0.47,5.0,0.55,5.0,0.53,5.0,0.67,7.01,0.69,50.0,0.12,0.12,0.093072,1776208850000
1776208852.064,52.064,0.33,7.01,0.31,50.0,0.45,5.0,0.47,5.0,0.55,5.0,0.53,5.0,0.67,7.01,0.69,50.0,0.12,0.12,0.093072,1776208851000
1776208853.047,53.047,0.33,7.01,0.31,50.0,0.45,5.0,0.47,5.0,0.55,5.0,0.53,5.0,0.67,7.01,0.69,50.0,0.12,0.12,0.093072,1776208852000
1776208854.254,54.254,0.33,7.01,0.31,50.0,0.45,5.0,0.47,5.0,0.55,5.0,0.53,5.0,0.67,7.01,0.69,50.0,0.12,0.12,0.093072,1776208853000
1776208855.338,55.338,0.32,10.0,0.31,60.0,0.5,5.0,0.56,10.0,0.5,5.0,0.44,10.0,0.68,10.0,0.69,60.0,0.18,0.18,0.093072,1776208854000
1776208855.936,55.936,0.32,10.0,0.31,60.0,0.5,5.0,0.56,10.0,0.5,5.0,0.44,10.0,0.68,10.0,0.69,60.0,0.18,0.18,0.093072,1776208855000
1776208857.103,57.103,0.32,10.0,0.31,60.0,0.5,5.0,0.56,10.0,0.5,5.0,0.44,10.0,0.68,10.0,0.69,60.0,0.18,0.18,0.093072,1776208856000
1776208858.05,58.05,0.32,10.0,0.31,60.0,0.5,5.0,0.56,10.0,0.5,5.0,0.44,10.0,0.68,10.0,0.69,60.0,0.18,0.18,0.093072,1776208857000
1776208859.109,59.109,0.32,10.0,0.31,60.0,0.5,5.0,0.56,10.0,0.5,5.0,0.44,10.0,0.68,10.0,0.69,60.0,0.18,0.18,0.093072,1776208858000
1776208860.356,60.356,0.32,10.0,0.31,60.0,0.5,5.0,0.56,10.0,0.5,5.0,0.44,10.0,0.68,10.0,0.69,60.0,0.18,0.18,0.093072,1776208859000
1776208861.553,61.553,0.32,10.0,0.31,60.0,0.5,5.0,0.56,10.0,0.5,5.0,0.44,10.0,0.68,10.0,0.69,60.0,0.18,0.18,0.093072,1776208860000
1776208862.075,62.075,0.32,10.0,0.31,60.0,0.5,5.0,0.56,10.0,0.5,5.0,0.44,10.0,0.68,10.0,0.69,60.0,0.18,0.18,0.093073,1776208861000
1776208863.166,63.166,0.32,10.0,0.31,60.0,0.5,5.0,0.56,10.0,0.5,5.0,0.44,10.0,0.68,10.0,0.69,60.0,0.18,0.18,0.093073,1776208862000
1776208864.394,64.394,0.32,10.0,0.31,60.0,0.5,5.0,0.56,10.0,0.5,5.0,0.44,10.0,0.68,10.0,0.69,60.0,0.18,0.18,0.093073,1776208863000
1776208864.98,64.98,0.32,10.0,0.31,60.0,0.5,5.0,0.56,10.0,0.5,5.0,0.44,10.0,0.68,10.0,0.69,60.0,0.18,0.18,0.093073,1776208864000
1776208866.339,66.339,0.32,10.0,0.31,60.0,0.5,5.0,0.56,10.0,0.5,5.0,0.44,10.0,0.68,10.0,0.69,60.0,0.18,0.18,0.093074,1776208865000
1776208866.555,66.555,0.41,24.13,0.4,10.8,0.54,5.0,0.64,10.0,0.5,5.0,0.44,10.0,0.68,10.0,0.69,60.0,0.13,0.18,0.093074,1776208865000
1776208867.331,67.331,0.41,24.13,0.4,10.8,0.54,5.0,0.64,10.0,0.46,5.0,0.36,10.0,0.59,24.13,0.6,10.8,0.13,0.13,0.093083,1776208866000
1776208868.006,68.006,0.41,24.13,0.4,10.8,0.54,5.0,0.64,10.0,0.46,5.0,0.36,10.0,0.59,24.13,0.6,10.8,0.13,0.13,0.093086,1776208867000
1776208869.154,69.154,0.52,10.0,0.51,10.0,0.69,5.0,0.7,5.0,0.31,5.0,0.3,5.0,0.48,10.0,0.49,10.0,0.17,0.17,0.093106,1776208868000
1776208870.323,70.323,0.52,10.0,0.51,10.0,0.69,5.0,0.7,5.0,0.31,5.0,0.3,5.0,0.48,10.0,0.49,10.0,0.17,0.17,0.093118,1776208869000
1776208870.941,70.941,0.52,10.0,0.51,10.0,0.69,5.0,0.7,5.0,0.31,5.0,0.3,5.0,0.48,10.0,0.49,10.0,0.17,0.17,0.09312,1776208870000
1776208872.114,72.114,0.52,10.0,0.51,10.0,0.69,5.0,0.7,5.0,0.31,5.0,0.3,5.0,0.48,10.0,0.49,10.0,0.17,0.17,0.093121,1776208871000
1776208873.301,73.301,0.52,10.0,0.51,10.0,0.69,5.0,0.7,5.0,0.31,5.0,0.3,5.0,0.48,10.0,0.49,10.0,0.17,0.17,0.093131,1776208872000
1776208874.434,74.434,0.52,10.0,0.51,10.0,0.69,5.0,0.7,5.0,0.31,5.0,0.3,5.0,0.48,10.0,0.49,10.0,0.17,0.17,0.09313,1776208873000
1776208874.972,74.972,0.52,10.0,0.51,10.0,0.69,5.0,0.7,5.0,0.31,5.0,0.3,5.0,0.48,10.0,0.49,10.0,0.17,0.17,0.09313,1776208874000
1776208876.086,76.086,0.52,10.0,0.51,10.0,0.69,5.0,0.7,5.0,0.31,5.0,0.3,5.0,0.48,10.0,0.49,10.0,0.17,0.17,0.093128,1776208875000
1776208877.162,77.162,0.52,10.0,0.51,10.0,0.69,5.0,0.7,5.0,0.31,5.0,0.3,5.0,0.48,10.0,0.49,10.0,0.17,0.17,0.093129,1776208876000
1776208878.228,78.228,0.52,10.0,0.51,10.0,0.69,5.0,0.7,5.0,0.31,5.0,0.3,5.0,0.48,10.0,0.49,10.0,0.17,0.17,0.09313,1776208877000
1776208878.783,78.783,0.59,10.7,0.58,10.7,0.71,45.0,0.73,5.0,0.31,5.0,0.3,5.0,0.48,10.0,0.49,10.0,0.12,0.17,0.09313,1776208877000
1776208879.261,79.261,0.59,10.7,0.58,10.7,0.71,45.0,0.73,5.0,0.29,45.0,0.27,5.0,0.41,10.7,0.42,10.7,0.12,0.12,0.09313,1776208878000
1776208880.384,80.384,0.59,10.7,0.58,10.7,0.71,45.0,0.73,5.0,0.29,45.0,0.27,5.0,0.41,10.7,0.42,10.7,0.12,0.12,0.09313,1776208879000
1776208880.98,80.98,0.59,10.7,0.58,10.7,0.71,45.0,0.73,5.0,0.29,45.0,0.27,5.0,0.41,10.7,0.42,10.7,0.12,0.12,0.09313,1776208880000
1776208882.159,82.159,0.59,10.7,0.58,10.7,0.71,45.0,0.73,5.0,0.29,45.0,0.27,5.0,0.41,10.7,0.42,10.7,0.12,0.12,0.09313,1776208881000
1776208883.13,83.13,0.59,10.7,0.58,10.7,0.71,45.0,0.73,5.0,0.29,45.0,0.27,5.0,0.41,10.7,0.42,10.7,0.12,0.12,0.09313,1776208882000
1776208884.277,84.277,0.59,10.7,0.58,10.7,0.71,45.0,0.73,5.0,0.29,45.0,0.27,5.0,0.41,10.7,0.42,10.7,0.12,0.12,0.09313,1776208883000
1776208885.299,85.299,0.59,10.7,0.58,10.7,0.71,45.0,0.73,5.0,0.29,45.0,0.27,5.0,0.41,10.7,0.42,10.7,0.12,0.12,0.09313,1776208884000
1776208885.859,85.859,0.59,10.7,0.58,10.7,0.71,45.0,0.73,5.0,0.29,45.0,0.27,5.0,0.41,10.7,0.42,10.7,0.12,0.12,0.09313,1776208885000
1776208887.32,87.32,0.59,10.7,0.58,10.7,0.71,45.0,0.73,5.0,0.29,45.0,0.27,5.0,0.41,10.7,0.42,10.7,0.12,0.12,0.09313,1776208886000
1776208888.027,88.027,0.59,10.7,0.58,10.7,0.71,45.0,0.73,5.0,0.29,45.0,0.27,5.0,0.41,10.7,0.42,10.7,0.12,0.12,0.09313,1776208887000
1776208889.18,89.18,0.59,10.7,0.58,10.7,0.71,45.0,0.73,5.0,0.29,45.0,0.27,5.0,0.41,10.7,0.42,10.7,0.12,0.12,0.093129,1776208888000
1776208890.321,90.321,0.59,10.7,0.58,10.7,0.71,45.0,0.73,5.0,0.29,45.0,0.27,5.0,0.41,10.7,0.42,10.7,0.12,0.12,0.093129,1776208889000
1776208890.995,90.995,0.59,10.7,0.58,10.7,0.71,45.0,0.73,5.0,0.29,45.0,0.27,5.0,0.41,10.7,0.42,10.7,0.12,0.12,0.093128,1776208890000
1776208892.085,92.085,0.59,10.7,0.58,10.7,0.71,45.0,0.73,5.0,0.29,45.0,0.27,5.0,0.41,10.7,0.42,10.7,0.12,0.12,0.093117,1776208891000
1776208893.237,93.237,0.59,10.7,0.58,10.7,0.71,45.0,0.73,5.0,0.29,45.0,0.27,5.0,0.41,10.7,0.42,10.7,0.12,0.12,0.093117,1776208892000
1776208894.287,94.287,0.59,10.7,0.58,10.7,0.71,45.0,0.73,5.0,0.29,45.0,0.27,5.0,0.41,10.7,0.42,10.7,0.12,0.12,0.093117,1776208893000
1776208895.419,95.419,0.59,10.7,0.58,10.7,0.71,45.0,0.73,5.0,0.29,45.0,0.27,5.0,0.41,10.7,0.42,10.7,0.12,0.12,0.093119,1776208894000
1776208896.053,96.053,0.59,10.7,0.58,10.7,0.71,45.0,0.73,5.0,0.29,45.0,0.27,5.0,0.41,10.7,0.42,10.7,0.12,0.12,0.093121,1776208895000
1776208897.171,97.171,0.59,10.7,0.58,10.7,0.71,45.0,0.73,5.0,0.29,45.0,0.27,5.0,0.41,10.7,0.42,10.7,0.12,0.12,0.093122,1776208896000
1776208898.351,98.351,0.59,10.7,0.58,10.7,0.71,45.0,0.73,5.0,0.29,45.0,0.27,5.0,0.41,10.7,0.42,10.7,0.12,0.12,0.093122,1776208897000
1776208899.043,99.043,0.59,10.7,0.58,10.7,0.71,45.0,0.73,5.0,0.29,45.0,0.27,5.0,0.41,10.7,0.42,10.7,0.12,0.12,0.093121,1776208898000
1776208900.21,100.21,0.59,10.7,0.58,10.7,0.71,45.0,0.73,5.0,0.29,45.0,0.27,5.0,0.41,10.7,0.42,10.7,0.12,0.12,0.093121,1776208899000
1776208901.443,101.443,0.59,10.7,0.58,10.7,0.71,45.0,0.73,5.0,0.29,45.0,0.27,5.0,0.41,10.7,0.42,10.7,0.12,0.12,0.093122,1776208900000
1776208902.438,102.438,0.59,10.7,0.58,10.7,0.71,45.0,0.73,5.0,0.29,45.0,0.27,5.0,0.41,10.7,0.42,10.7,0.12,0.12,0.093122,1776208901000
1776208903.019,103.019,0.59,10.7,0.58,10.7,0.71,45.0,0.73,5.0,0.29,45.0,0.27,5.0,0.41,10.7,0.42,10.7,0.12,0.12,0.093122,1776208902000
1776208904.537,104.537,0.59,10.7,0.58,10.7,0.71,45.0,0.73,5.0,0.29,45.0,0.27,5.0,0.41,10.7,0.42,10.7,0.12,0.12,0.093121,1776208903000
1776208905.282,105.282,0.59,10.7,0.58,10.7,0.71,45.0,0.73,5.0,0.29,45.0,0.27,5.0,0.41,10.7,0.42,10.7,0.12,0.12,0.093122,1776208904000
1776208906.694,106.694,0.59,10.7,0.58,10.7,0.71,45.0,0.73,5.0,0.29,45.0,0.27,5.0,0.41,10.7,0.42,10.7,0.12,0.12,0.093123,1776208905000
1776208907.238,107.238,0.59,10.7,0.58,10.7,0.71,45.0,0.73,5.0,0.29,45.0,0.27,5.0,0.41,10.7,0.42,10.7,0.12,0.12,0.093123,1776208906000
1776208907.469,107.469,0.55,5.5,0.54,20.5,0.7,7.4,0.71,22.6,0.3,12.4,0.29,22.6,0.45,5.5,0.46,20.5,0.15,0.15,0.093123,1776208906000
1776208908.717,108.717,0.55,5.5,0.54,20.5,0.7,7.4,0.71,22.6,0.3,7.4,0.29,22.6,0.45,5.5,0.46,20.5,0.15,0.15,0.093123,1776208907000
1776208909.321,109.321,0.55,5.5,0.54,20.5,0.7,7.4,0.71,22.6,0.3,7.4,0.29,22.6,0.45,5.5,0.46,20.5,0.15,0.15,0.093123,1776208908000
1776208910.504,110.504,0.55,5.5,0.54,20.5,0.7,7.4,0.71,22.6,0.3,7.4,0.29,22.6,0.45,5.5,0.46,20.5,0.15,0.15,0.093123,1776208909000
1776208911.158,111.158,0.55,5.5,0.54,20.5,0.7,7.4,0.71,22.6,0.3,7.4,0.29,22.6,0.45,5.5,0.46,20.5,0.15,0.15,0.093123,1776208910000
1776208912.334,112.334,0.55,5.5,0.54,20.5,0.7,7.4,0.71,22.6,0.3,7.4,0.29,22.6,0.45,5.5,0.46,20.5,0.15,0.15,0.093122,1776208911000
1776208913.036,113.036,0.55,5.5,0.54,20.5,0.7,7.4,0.71,22.6,0.3,7.4,0.29,22.6,0.45,5.5,0.46,20.5,0.15,0.15,0.093122,1776208912000
1776208914.244,114.244,0.55,5.5,0.54,20.5,0.7,7.4,0.71,22.6,0.3,7.4,0.29,22.6,0.45,5.5,0.46,20.5,0.15,0.15,0.093121,1776208913000
1776208915.571,115.571,0.55,5.5,0.54,20.5,0.7,7.4,0.71,22.6,0.3,7.4,0.29,22.6,0.45,5.5,0.46,20.5,0.15,0.15,0.093122,1776208914000
1776208916.16,116.16,0.55,5.5,0.54,20.5,0.7,7.4,0.71,22.6,0.3,7.4,0.29,22.6,0.45,5.5,0.46,20.5,0.15,0.15,0.093122,1776208915000
1776208917.43,117.43,0.55,5.5,0.54,20.5,0.7,7.4,0.71,22.6,0.3,7.4,0.29,22.6,0.45,5.5,0.46,20.5,0.15,0.15,0.093122,1776208916000
1776208918.078,118.078,0.55,5.5,0.54,20.5,0.7,7.4,0.71,22.6,0.3,7.4,0.29,22.6,0.45,5.5,0.46,20.5,0.15,0.15,0.093122,1776208917000
1776208919.101,119.101,0.55,5.5,0.54,20.5,0.7,7.4,0.71,22.6,0.3,7.4,0.29,22.6,0.45,5.5,0.46,20.5,0.15,0.15,0.093122,1776208918000
1776208920.198,120.198,0.56,10.6,0.55,5.5,0.71,9.82,0.72,22.9,0.29,9.82,0.28,22.9,0.44,10.6,0.45,5.5,0.15,0.15,0.093121,1776208919000
1776208921.127,121.127,0.56,10.6,0.55,5.5,0.71,9.82,0.72,22.9,0.29,9.82,0.28,22.9,0.44,10.6,0.45,5.5,0.15,0.15,0.093121,1776208920000
1776208922.189,122.189,0.56,10.6,0.55,5.5,0.71,9.82,0.72,22.9,0.29,9.82,0.28,22.9,0.44,10.6,0.45,5.5,0.15,0.15,0.093121,1776208921000
1776208923.398,123.398,0.56,10.6,0.55,5.5,0.71,9.82,0.72,22.9,0.29,9.82,0.28,22.9,0.44,10.6,0.45,5.5,0.15,0.15,0.093121,1776208922000
1776208924.004,124.004,0.56,10.6,0.55,5.5,0.71,9.82,0.72,22.9,0.29,9.82,0.28,22.9,0.44,10.6,0.45,5.5,0.15,0.15,0.093121,1776208923000
1776208924.983,124.983,0.56,10.6,0.55,5.5,0.71,9.82,0.72,22.9,0.29,9.82,0.28,22.9,0.44,10.6,0.45,5.5,0.15,0.15,0.093121,1776208924000
1776208926.015,126.015,0.56,10.6,0.55,5.5,0.71,9.82,0.72,22.9,0.29,9.82,0.28,22.9,0.44,10.6,0.45,5.5,0.15,0.15,0.093121,1776208925000
1776208927.107,127.107,0.56,10.6,0.55,5.5,0.71,9.82,0.72,22.9,0.29,9.82,0.28,22.9,0.44,10.6,0.45,5.5,0.15,0.15,0.093121,1776208926000
1776208928.287,128.287,0.56,10.6,0.55,5.5,0.71,9.82,0.72,22.9,0.29,9.82,0.28,22.9,0.44,10.6,0.45,5.5,0.15,0.15,0.093121,1776208927000
1776208929.24,129.24,0.56,10.6,0.55,5.5,0.71,9.82,0.72,22.9,0.29,9.82,0.28,22.9,0.44,10.6,0.45,5.5,0.15,0.15,0.093122,1776208928000
1776208930.288,130.288,0.56,10.6,0.55,5.5,0.71,9.82,0.72,22.9,0.29,9.82,0.28,22.9,0.44,10.6,0.45,5.5,0.15,0.15,0.093121,1776208929000
1776208931.3,131.3,0.56,10.6,0.55,5.5,0.71,9.82,0.72,22.9,0.29,9.82,0.28,22.9,0.44,10.6,0.45,5.5,0.15,0.15,0.093121,1776208930000
1776208932.872,132.872,0.56,10.6,0.55,5.5,0.71,9.82,0.72,22.9,0.29,9.82,0.28,22.9,0.44,10.6,0.45,5.5,0.15,0.15,0.093121,1776208931000
1776208933.368,133.368,0.56,10.6,0.55,5.5,0.71,9.82,0.72,22.9,0.29,9.82,0.28,22.9,0.44,10.6,0.45,5.5,0.15,0.15,0.093121,1776208932000
1776208933.925,133.925,0.56,10.6,0.55,5.5,0.71,9.82,0.72,22.9,0.29,9.82,0.28,22.9,0.44,10.6,0.45,5.5,0.15,0.15,0.093121,1776208933000
1776208934.919,134.919,0.56,10.6,0.55,5.5,0.71,9.82,0.72,22.9,0.29,9.82,0.28,22.9,0.44,10.6,0.45,5.5,0.15,0.15,0.093121,1776208934000
1776208935.871,135.871,0.56,10.6,0.55,5.5,0.71,9.82,0.72,22.9,0.29,9.82,0.28,22.9,0.44,10.6,0.45,5.5,0.15,0.15,0.093119,1776208935000
1776208938.258,138.258,0.56,10.6,0.55,5.5,0.71,9.82,0.72,22.9,0.29,9.82,0.28,22.9,0.44,10.6,0.45,5.5,0.15,0.15,0.093119,1776208937000
1776208939.229,139.229,0.56,10.6,0.55,5.5,0.71,9.82,0.72,22.9,0.29,9.82,0.28,22.9,0.44,10.6,0.45,5.5,0.15,0.15,0.093119,1776208938000
1776208940.195,140.195,0.56,10.6,0.55,5.5,0.71,9.82,0.72,22.9,0.29,9.82,0.28,22.9,0.44,10.6,0.45,5.5,0.15,0.15,0.093121,1776208939000
1776208941.219,141.219,0.56,10.6,0.55,5.5,0.71,9.82,0.72,22.9,0.29,9.82,0.28,22.9,0.44,10.6,0.45,5.5,0.15,0.15,0.093121,1776208940000
1776208942.242,142.242,0.56,10.6,0.55,5.5,0.71,9.82,0.72,22.9,0.29,9.82,0.28,22.9,0.44,10.6,0.45,5.5,0.15,0.15,0.093121,1776208941000
1776208943.107,143.107,0.56,10.6,0.55,5.5,0.71,9.82,0.72,22.9,0.29,9.82,0.28,22.9,0.44,10.6,0.45,5.5,0.15,0.15,0.09312,1776208942000
1776208944.168,144.168,0.56,10.6,0.55,5.5,0.71,9.82,0.72,22.9,0.29,9.82,0.28,22.9,0.44,10.6,0.45,5.5,0.15,0.15,0.09312,1776208943000
1776208945.595,145.595,0.56,10.6,0.55,5.5,0.71,9.82,0.72,22.9,0.29,9.82,0.28,22.9,0.44,10.6,0.45,5.5,0.15,0.15,0.09312,1776208944000
1776208946.097,146.097,0.56,10.6,0.55,5.5,0.71,9.82,0.72,22.9,0.29,9.82,0.28,22.9,0.44,10.6,0.45,5.5,0.15,0.15,0.093121,1776208945000
1776208947.275,147.275,0.56,10.6,0.55,5.5,0.71,9.82,0.72,22.9,0.29,9.82,0.28,22.9,0.44,10.6,0.45,5.5,0.15,0.15,0.093121,1776208946000
1776208948.443,148.443,0.56,10.6,0.55,5.5,0.71,9.82,0.72,22.9,0.29,9.82,0.28,22.9,0.44,10.6,0.45,5.5,0.15,0.15,0.09312,1776208947000
1776208949.092,149.092,0.56,10.6,0.55,5.5,0.71,9.82,0.72,22.9,0.29,9.82,0.28,22.9,0.44,10.6,0.45,5.5,0.15,0.15,0.09312,1776208948000
1776208950.069,150.069,0.56,10.6,0.55,5.5,0.71,9.82,0.72,22.9,0.29,9.82,0.28,22.9,0.44,10.6,0.45,5.5,0.15,0.15,0.093121,1776208949000
1776208951.164,151.164,0.56,10.6,0.55,5.5,0.71,9.82,0.72,22.9,0.29,9.82,0.28,22.9,0.44,10.6,0.45,5.5,0.15,0.15,0.093121,1776208950000
1776208952.302,152.302,0.56,10.6,0.55,5.5,0.71,9.82,0.72,22.9,0.29,9.82,0.28,22.9,0.44,10.6,0.45,5.5,0.15,0.15,0.093121,1776208951000
1776208953.344,153.344,0.56,10.6,0.55,5.5,0.71,9.82,0.72,22.9,0.29,9.82,0.28,22.9,0.44,10.6,0.45,5.5,0.15,0.15,0.093122,1776208952000
1776208953.889,153.889,0.56,10.6,0.55,5.5,0.71,9.82,0.72,22.9,0.29,9.82,0.28,22.9,0.44,10.6,0.45,5.5,0.15,0.15,0.093122,1776208953000
1776208954.999,154.999,0.56,10.6,0.55,5.5,0.71,9.82,0.72,22.9,0.29,9.82,0.28,22.9,0.44,10.6,0.45,5.5,0.15,0.15,0.093122,1776208954000
1776208956.09,156.09,0.56,10.6,0.55,5.5,0.71,9.82,0.72,22.9,0.29,9.82,0.28,22.9,0.44,10.6,0.45,5.5,0.15,0.15,0.093122,1776208955000
1776208957.13,157.13,0.56,10.6,0.55,5.5,0.71,9.82,0.72,22.9,0.29,9.82,0.28,22.9,0.44,10.6,0.45,5.5,0.15,0.15,0.093122,1776208956000
1776208958.285,158.285,0.56,10.6,0.55,5.5,0.71,9.82,0.72,22.9,0.29,9.82,0.28,22.9,0.44,10.6,0.45,5.5,0.15,0.15,0.093121,1776208957000
1776208958.495,158.495,0.58,10.7,0.57,10.6,0.72,3.88,0.73,13.2,0.29,9.82,0.28,22.9,0.44,10.6,0.45,5.5,0.14,0.15,0.093121,1776208957000
1776208959.935,159.935,0.58,10.7,0.57,10.6,0.72,3.88,0.73,13.2,0.28,3.88,0.27,13.2,0.42,10.7,0.43,10.6,0.14,0.14,0.09312,1776208958000
1776208960.574,160.574,0.58,10.7,0.57,10.6,0.72,3.88,0.73,13.2,0.28,3.88,0.27,13.2,0.42,10.7,0.43,10.6,0.14,0.14,0.09312,1776208959000
1776208961.182,161.182,0.58,10.7,0.57,10.6,0.72,3.88,0.73,13.2,0.28,3.88,0.27,13.2,0.42,10.7,0.43,10.6,0.14,0.14,0.09312,1776208960000
1776208963.121,163.121,0.58,10.7,0.57,10.6,0.72,3.88,0.73,13.2,0.28,3.88,0.27,13.2,0.42,10.7,0.43,10.6,0.14,0.14,0.09312,1776208961000
1776208963.795,163.795,0.58,10.7,0.57,10.6,0.72,3.88,0.73,13.2,0.28,3.88,0.27,13.2,0.42,10.7,0.43,10.6,0.14,0.14,0.09312,1776208962000
1776208964.49,164.49,0.58,10.7,0.57,10.6,0.72,3.88,0.73,13.2,0.28,3.88,0.27,13.2,0.42,10.7,0.43,10.6,0.14,0.14,0.09312,1776208963000
1776208965.247,165.247,0.58,10.7,0.57,10.6,0.72,3.88,0.73,13.2,0.28,3.88,0.27,13.2,0.42,10.7,0.43,10.6,0.14,0.14,0.093121,1776208964000
1776208966.669,166.669,0.58,10.7,0.57,10.6,0.72,3.88,0.73,13.2,0.28,3.88,0.27,13.2,0.42,10.7,0.43,10.6,0.14,0.14,0.093121,1776208965000
1776208967.406,167.406,0.58,10.7,0.57,10.6,0.72,3.88,0.73,13.2,0.28,3.88,0.27,13.2,0.42,10.7,0.43,10.6,0.14,0.14,0.09312,1776208966000
1776208967.609,167.609,0.59,10.7,0.58,10.7,0.74,13.5,0.75,13.9,0.28,3.88,0.27,13.2,0.42,10.7,0.43,10.6,0.15,0.14,0.09312,1776208966000
1776208967.994,167.994,0.59,10.7,0.58,10.7,0.74,13.5,0.75,13.9,0.26,13.5,0.25,13.9,0.41,10.7,0.42,10.7,0.15,0.15,0.093119,1776208967000
1776208969.382,169.382,0.59,10.7,0.58,10.7,0.74,13.5,0.75,13.9,0.26,13.5,0.25,13.9,0.41,10.7,0.42,10.7,0.15,0.15,0.09312,1776208968000
1776208969.955,169.955,0.59,10.7,0.58,10.7,0.74,13.5,0.75,13.9,0.26,13.5,0.25,13.9,0.41,10.7,0.42,10.7,0.15,0.15,0.09312,1776208969000
1776208970.375,170.375,0.59,10.7,0.58,10.7,0.75,8.01,0.76,24.3,0.26,13.5,0.25,13.9,0.41,10.7,0.42,10.7,0.16,0.15,0.09312,1776208969000
1776208971.467,171.467,0.59,10.7,0.58,10.7,0.75,8.01,0.76,24.3,0.25,8.01,0.24,24.3,0.41,10.7,0.42,10.7,0.16,0.16,0.093121,1776208970000
1776208972.18,172.18,0.59,10.7,0.58,10.7,0.75,8.01,0.76,24.3,0.25,8.01,0.24,24.3,0.41,10.7,0.42,10.7,0.16,0.16,0.093123,1776208971000
1776208972.385,172.385,0.59,10.7,0.58,10.7,0.76,24.3,0.77,39.7,0.25,8.01,0.24,24.3,0.41,10.7,0.42,10.7,0.17,0.16,0.093123,1776208971000
1776208973.763,173.763,0.59,10.7,0.58,10.7,0.76,24.3,0.77,39.7,0.24,24.3,0.23,39.7,0.41,10.7,0.42,10.7,0.17,0.17,0.093124,1776208972000
1776208974.483,174.483,0.59,10.7,0.58,10.7,0.76,24.3,0.77,39.7,0.24,24.3,0.23,39.7,0.41,10.7,0.42,10.7,0.17,0.17,0.093123,1776208973000
1776208975.212,175.212,0.59,10.7,0.58,10.7,0.76,24.3,0.77,39.7,0.24,24.3,0.23,39.7,0.41,10.7,0.42,10.7,0.17,0.17,0.093122,1776208974000
1776208976.619,176.619,0.59,10.7,0.58,10.7,0.76,24.3,0.77,39.7,0.24,24.3,0.23,39.7,0.41,10.7,0.42,10.7,0.17,0.17,0.093123,1776208975000
1776208977.315,177.315,0.59,10.7,0.58,10.7,0.76,24.3,0.77,39.7,0.24,24.3,0.23,39.7,0.41,10.7,0.42,10.7,0.17,0.17,0.093124,1776208976000
1776208977.603,177.603,0.65,11.4,0.64,11.3,0.82,17.6,0.83,18.39,0.24,24.3,0.23,39.7,0.41,10.7,0.42,10.7,0.17,0.17,0.093124,1776208976000
1776208978.312,178.312,0.65,11.4,0.64,11.3,0.82,17.6,0.83,18.39,0.18,17.6,0.17,18.39,0.35,11.4,0.36,11.3,0.17,0.17,0.093124,1776208977000
1776208978.848,178.848,0.65,11.4,0.64,11.3,0.82,17.6,0.83,18.39,0.18,17.6,0.17,18.39,0.35,11.4,0.36,11.3,0.17,0.17,0.093124,1776208978000
1776208979.894,179.894,0.65,11.4,0.64,11.3,0.82,17.6,0.83,18.39,0.18,17.6,0.17,18.39,0.35,11.4,0.36,11.3,0.17,0.17,0.093124,1776208979000
1776208980.529,180.529,0.66,11.6,0.65,11.4,0.81,16.89,0.82,17.6,0.18,17.6,0.17,18.39,0.35,11.4,0.36,11.3,0.15,0.17,0.093124,1776208979000
1776208980.922,180.922,0.66,11.6,0.65,11.4,0.81,16.89,0.82,17.6,0.19,16.89,0.18,17.6,0.34,11.6,0.35,11.4,0.15,0.15,0.093124,1776208980000
1776208981.845,181.845,0.66,11.6,0.65,11.4,0.81,16.89,0.82,17.6,0.19,16.89,0.18,17.6,0.34,11.6,0.35,11.4,0.15,0.15,0.093124,1776208981000
1776208982.16,182.16,0.66,11.6,0.65,16.4,0.79,5.0,0.81,16.89,0.19,16.89,0.18,17.6,0.34,11.6,0.35,11.4,0.13,0.15,0.093124,1776208981000
1776208982.973,182.973,0.66,11.6,0.65,16.4,0.79,5.0,0.81,16.89,0.21,5.0,0.19,16.89,0.34,11.6,0.35,16.4,0.13,0.13,0.093124,1776208982000
1776208983.978,183.978,0.66,11.6,0.65,16.4,0.79,5.0,0.81,16.89,0.21,5.0,0.19,16.89,0.34,11.6,0.35,16.4,0.13,0.13,0.093124,1776208983000
1776208984.975,184.975,0.66,11.6,0.65,16.4,0.79,5.0,0.81,16.89,0.21,5.0,0.19,16.89,0.34,11.6,0.35,16.4,0.13,0.13,0.093124,1776208984000
1776208985.994,185.994,0.66,11.6,0.65,16.4,0.79,5.0,0.81,16.89,0.21,5.0,0.19,16.89,0.34,11.6,0.35,16.4,0.13,0.13,0.093124,1776208985000
1776208986.938,186.938,0.66,11.6,0.65,16.4,0.79,5.0,0.81,16.89,0.21,5.0,0.19,16.89,0.34,11.6,0.35,16.4,0.13,0.13,0.093124,1776208986000
1776208987.998,187.998,0.66,11.6,0.65,16.4,0.8,2.5,0.81,21.89,0.2,2.5,0.19,21.89,0.34,11.6,0.35,16.4,0.14,0.14,0.093124,1776208987000
1776208988.957,188.957,0.66,11.6,0.65,16.4,0.8,2.5,0.81,21.89,0.2,2.5,0.19,21.89,0.34,11.6,0.35,16.4,0.14,0.14,0.093124,1776208988000
1776208989.988,189.988,0.66,11.6,0.65,16.4,0.8,2.5,0.81,21.89,0.2,2.5,0.19,21.89,0.34,11.6,0.35,16.4,0.14,0.14,0.093124,1776208989000
1776208991.375,191.375,0.66,11.6,0.65,16.4,0.8,2.5,0.81,21.89,0.2,2.5,0.19,21.89,0.34,11.6,0.35,16.4,0.14,0.14,0.093124,1776208990000
1776208992.055,192.055,0.66,11.6,0.65,16.4,0.8,2.5,0.81,21.89,0.2,2.5,0.19,21.89,0.34,11.6,0.35,16.4,0.14,0.14,0.093124,1776208991000
1776208993.16,193.16,0.66,11.6,0.65,16.4,0.8,2.5,0.81,21.89,0.2,2.5,0.19,21.89,0.34,11.6,0.35,16.4,0.14,0.14,0.093125,1776208992000
1776208994.242,194.242,0.66,11.6,0.65,16.4,0.8,2.5,0.81,21.89,0.2,2.5,0.19,21.89,0.34,11.6,0.35,16.4,0.14,0.14,0.093125,1776208993000
1776208995.282,195.282,0.66,11.6,0.65,16.4,0.8,2.5,0.81,21.89,0.2,2.5,0.19,21.89,0.34,11.6,0.35,16.4,0.14,0.14,0.093123,1776208994000
1776208995.863,195.863,0.66,11.6,0.65,16.4,0.8,2.5,0.81,21.89,0.2,2.5,0.19,21.89,0.34,11.6,0.35,16.4,0.14,0.14,0.093122,1776208995000
1776208996.936,196.936,0.66,11.6,0.65,16.4,0.8,2.5,0.81,21.89,0.2,2.5,0.19,21.89,0.34,11.6,0.35,16.4,0.14,0.14,0.093122,1776208996000
1776208998.025,198.025,0.66,11.6,0.65,16.4,0.8,2.5,0.81,21.89,0.2,2.5,0.19,21.89,0.34,11.6,0.35,16.4,0.14,0.14,0.093122,1776208997000
1776208999.101,199.101,0.66,11.6,0.65,16.4,0.8,2.5,0.81,21.89,0.2,2.5,0.19,21.89,0.34,11.6,0.35,16.4,0.14,0.14,0.093121,1776208998000
1776209000.216,200.216,0.66,11.6,0.65,16.4,0.8,2.5,0.81,21.89,0.2,2.5,0.19,21.89,0.34,11.6,0.35,16.4,0.14,0.14,0.093133,1776208999000
1776209001.274,201.274,0.66,11.6,0.65,16.4,0.8,2.5,0.81,21.89,0.2,2.5,0.19,21.89,0.34,11.6,0.35,16.4,0.14,0.14,0.093137,1776209000000
1776209001.834,201.834,0.66,11.6,0.65,16.4,0.8,2.5,0.81,21.89,0.2,2.5,0.19,21.89,0.34,11.6,0.35,16.4,0.14,0.14,0.093137,1776209001000
1776209002.961,202.961,0.66,11.6,0.65,16.4,0.8,2.5,0.81,21.89,0.2,2.5,0.19,21.89,0.34,11.6,0.35,16.4,0.14,0.14,0.093137,1776209002000
1776209004.087,204.087,0.66,11.6,0.65,16.4,0.8,2.5,0.81,21.89,0.2,2.5,0.19,21.89,0.34,11.6,0.35,16.4,0.14,0.14,0.093135,1776209003000
1776209005.585,205.585,0.66,11.6,0.65,16.4,0.8,2.5,0.81,21.89,0.2,2.5,0.19,21.89,0.34,11.6,0.35,16.4,0.14,0.14,0.093127,1776209004000
1776209006.322,206.322,0.66,11.6,0.65,16.4,0.8,2.5,0.81,21.89,0.2,2.5,0.19,21.89,0.34,11.6,0.35,16.4,0.14,0.14,0.093127,1776209005000
1776209007.38,207.38,0.66,11.6,0.65,16.4,0.8,2.5,0.81,21.89,0.2,2.5,0.19,21.89,0.34,11.6,0.35,16.4,0.14,0.14,0.093127,1776209006000
1776209008.013,208.013,0.67,5.0,0.63,5.0,0.8,16.2,0.81,138.89,0.2,2.5,0.19,21.89,0.34,11.6,0.35,16.4,0.13,0.14,0.093127,1776209006000
1776209008.371,208.371,0.71,5.57,0.52,15.0,0.79,15.7,0.8,16.2,0.29,44.43,0.2,16.2,0.37,5.0,0.48,15.0,0.08,0.08,0.093127,1776209007000
1776209008.697,208.697,0.52,15.0,0.51,55.0,0.72,5.0,0.79,70.7,0.21,15.7,0.2,16.2,0.29,5.57,0.48,15.0,0.2,0.08,0.093127,1776209007000
1776209009.163,209.163,0.52,15.0,0.51,55.0,0.72,5.0,0.79,70.7,0.28,5.0,0.21,70.7,0.48,15.0,0.49,55.0,0.2,0.2,0.093125,1776209008000
1776209009.486,209.486,0.52,11.75,0.51,55.0,0.65,5.0,0.66,5.0,0.28,5.0,0.21,70.7,0.48,15.0,0.49,55.0,0.13,0.2,0.093125,1776209008000
1776209010.189,210.189,0.52,11.75,0.51,55.0,0.65,5.0,0.66,5.0,0.35,5.0,0.34,5.0,0.48,11.75,0.49,55.0,0.13,0.13,0.093107,1776209009000
1776209011.262,211.262,0.52,11.75,0.51,55.0,0.75,12.43,0.76,14.3,0.35,5.0,0.34,5.0,0.48,11.75,0.49,55.0,0.23,0.13,0.093107,1776209009000
1776209011.566,211.566,0.52,9.41,0.51,5.0,0.71,50.0,0.75,12.43,0.25,12.43,0.24,14.3,0.48,11.75,0.49,55.0,0.19,0.23,0.093096,1776209010000
1776209011.82,211.82,0.52,3.22,0.51,5.0,0.71,50.0,0.74,13.5,0.29,50.0,0.25,12.43,0.48,9.41,0.49,5.0,0.19,0.19,0.093096,1776209010000
1776209012.368,212.368,0.51,3.22,0.41,74.13,0.71,99.0,0.74,13.5,0.29,99.0,0.26,13.5,0.49,3.22,0.59,74.13,0.2,0.2,0.093096,1776209011000
1776209012.937,212.937,0.51,3.22,0.41,74.13,0.71,99.0,0.74,13.5,0.29,99.0,0.26,13.5,0.49,3.22,0.59,74.13,0.2,0.2,0.093096,1776209012000
1776209014.093,214.093,0.51,3.22,0.41,74.13,0.71,99.0,0.74,13.5,0.29,99.0,0.26,13.5,0.49,3.22,0.59,74.13,0.2,0.2,0.093083,1776209013000
1776209015.155,215.155,0.51,3.22,0.41,74.13,0.71,99.0,0.74,13.5,0.29,99.0,0.26,13.5,0.49,3.22,0.59,74.13,0.2,0.2,0.093079,1776209014000
1776209016.232,216.232,0.51,3.22,0.41,74.13,0.71,99.0,0.74,13.5,0.29,99.0,0.26,13.5,0.49,3.22,0.59,74.13,0.2,0.2,0.093081,1776209015000
1776209017.332,217.332,0.51,3.22,0.41,74.13,0.71,99.0,0.74,13.5,0.29,99.0,0.26,13.5,0.49,3.22,0.59,74.13,0.2,0.2,0.093084,1776209016000
1776209018.404,218.404,0.51,3.22,0.41,74.13,0.71,99.0,0.74,13.5,0.29,99.0,0.26,13.5,0.49,3.22,0.59,74.13,0.2,0.2,0.093084,1776209017000
1776209019.056,219.056,0.51,3.22,0.41,74.13,0.71,99.0,0.74,13.5,0.29,99.0,0.26,13.5,0.49,3.22,0.59,74.13,0.2,0.2,0.093084,1776209018000
1776209020.129,220.129,0.51,3.22,0.41,74.13,0.71,99.0,0.74,13.5,0.29,99.0,0.26,13.5,0.49,3.22,0.59,74.13,0.2,0.2,0.093089,1776209019000
1776209021.269,221.269,0.51,3.22,0.41,74.13,0.71,99.0,0.74,13.5,0.29,99.0,0.26,13.5,0.49,3.22,0.59,74.13,0.2,0.2,0.093089,1776209020000
1776209021.915,221.915,0.51,3.22,0.41,74.13,0.71,99.0,0.74,13.5,0.29,99.0,0.26,13.5,0.49,3.22,0.59,74.13,0.2,0.2,0.093089,1776209021000
1776209022.175,222.175,0.51,5.0,0.41,74.13,0.71,12.6,0.72,12.9,0.29,99.0,0.26,13.5,0.49,3.22,0.59,74.13,0.2,0.2,0.093089,1776209021000
1776209022.95,222.95,0.51,5.0,0.41,74.13,0.71,12.6,0.72,12.9,0.29,12.6,0.28,12.9,0.49,5.0,0.59,74.13,0.2,0.2,0.093089,1776209022000
1776209023.782,223.782,0.41,74.13,0.4,10.8,0.7,12.4,0.71,62.6,0.29,12.6,0.28,12.9,0.49,5.0,0.59,74.13,0.29,0.2,0.093089,1776209022000
1776209024.057,224.057,0.41,74.13,0.4,10.8,0.7,12.4,0.71,62.6,0.3,12.4,0.29,62.6,0.59,74.13,0.6,10.8,0.29,0.29,0.093091,1776209023000
1776209025.159,225.159,0.41,74.13,0.4,10.8,0.7,12.4,0.71,62.6,0.3,12.4,0.29,62.6,0.59,74.13,0.6,10.8,0.29,0.29,0.093103,1776209024000
1776209026.342,226.342,0.41,74.13,0.4,10.8,0.7,12.4,0.71,62.6,0.3,12.4,0.29,62.6,0.59,74.13,0.6,10.8,0.29,0.29,0.093103,1776209025000
1776209026.883,226.883,0.41,74.13,0.4,10.8,0.7,12.4,0.71,62.6,0.3,12.4,0.29,62.6,0.59,74.13,0.6,10.8,0.29,0.29,0.093103,1776209026000
1776209028.06,228.06,0.41,74.13,0.4,10.8,0.7,12.4,0.71,62.6,0.3,12.4,0.29,62.6,0.59,74.13,0.6,10.8,0.29,0.29,0.093103,1776209027000
1776209028.828,228.828,0.41,74.13,0.4,10.8,0.7,12.4,0.71,62.6,0.3,12.4,0.29,62.6,0.59,74.13,0.6,10.8,0.29,0.29,0.093101,1776209028000
1776209030.049,230.049,0.41,74.13,0.4,10.8,0.7,12.4,0.71,62.6,0.3,12.4,0.29,62.6,0.59,74.13,0.6,10.8,0.29,0.29,0.093099,1776209029000
1776209031.151,231.151,0.41,74.13,0.4,10.8,0.7,12.4,0.71,62.6,0.3,12.4,0.29,62.6,0.59,74.13,0.6,10.8,0.29,0.29,0.093098,1776209030000
1776209032.423,232.423,0.41,74.13,0.4,10.8,0.7,12.4,0.71,62.6,0.3,12.4,0.29,62.6,0.59,74.13,0.6,10.8,0.29,0.29,0.093098,1776209031000
1776209033.071,233.071,0.41,74.13,0.4,10.8,0.7,12.4,0.71,62.6,0.3,12.4,0.29,62.6,0.59,74.13,0.6,10.8,0.29,0.29,0.093098,1776209032000
1776209034.012,234.012,0.41,74.13,0.4,10.8,0.7,12.4,0.71,62.6,0.3,12.4,0.29,62.6,0.59,74.13,0.6,10.8,0.29,0.29,0.093098,1776209033000
1776209035.031,235.031,0.41,74.13,0.4,10.8,0.7,12.4,0.71,62.6,0.3,12.4,0.29,62.6,0.59,74.13,0.6,10.8,0.29,0.29,0.093098,1776209034000
1776209036.365,236.365,0.41,74.13,0.4,10.8,0.7,12.4,0.71,62.6,0.3,12.4,0.29,62.6,0.59,74.13,0.6,10.8,0.29,0.29,0.093098,1776209035000
1776209037.568,237.568,0.41,74.13,0.4,10.8,0.7,12.4,0.71,62.6,0.3,12.4,0.29,62.6,0.59,74.13,0.6,10.8,0.29,0.29,0.093098,1776209036000
1776209038.74,238.74,0.41,74.13,0.4,10.8,0.7,12.4,0.71,62.6,0.3,12.4,0.29,62.6,0.59,74.13,0.6,10.8,0.29,0.29,0.093098,1776209037000
1776209039.255,239.255,0.41,74.13,0.4,10.8,0.7,12.4,0.71,62.6,0.3,12.4,0.29,62.6,0.59,74.13,0.6,10.8,0.29,0.29,0.093098,1776209038000
1776209040.518,240.518,0.41,74.13,0.4,10.8,0.7,12.4,0.71,62.6,0.3,12.4,0.29,62.6,0.59,74.13,0.6,10.8,0.29,0.29,0.093098,1776209039000
1776209041.529,241.529,0.41,74.13,0.4,10.8,0.7,12.4,0.71,62.6,0.3,12.4,0.29,62.6,0.59,74.13,0.6,10.8,0.29,0.29,0.093098,1776209040000
1776209042.303,242.303,0.41,74.13,0.4,10.8,0.7,12.4,0.71,62.6,0.3,12.4,0.29,62.6,0.59,74.13,0.6,10.8,0.29,0.29,0.093099,1776209041000
1776209043.171,243.171,0.41,74.13,0.4,10.8,0.7,12.4,0.71,62.6,0.3,12.4,0.29,62.6,0.59,74.13,0.6,10.8,0.29,0.29,0.093102,1776209042000
1776209044.015,244.015,0.61,10.9,0.6,10.8,0.77,12.1,0.78,15.2,0.3,12.4,0.29,62.6,0.59,74.13,0.6,10.8,0.16,0.29,0.093102,1776209042000
1776209044.47,244.47,0.61,10.9,0.6,10.8,0.77,12.1,0.78,15.2,0.23,12.1,0.22,15.2,0.39,10.9,0.4,10.8,0.16,0.16,0.093101,1776209043000
1776209045.263,245.263,0.61,10.9,0.6,10.8,0.77,12.1,0.78,15.2,0.23,12.1,0.22,15.2,0.39,10.9,0.4,10.8,0.16,0.16,0.093104,1776209044000
1776209045.739,245.739,0.47,4.79,0.46,10.5,0.71,50.0,0.78,15.2,0.23,12.1,0.22,15.2,0.39,10.9,0.4,10.8,0.24,0.16,0.093104,1776209044000
1776209046.615,246.615,0.47,4.79,0.46,10.5,0.71,50.0,0.78,15.2,0.29,50.0,0.22,15.2,0.53,4.79,0.54,10.5,0.24,0.24,0.093104,1776209045000
1776209047.404,247.404,0.47,4.79,0.46,10.5,0.71,50.0,0.78,15.2,0.29,50.0,0.22,15.2,0.53,4.79,0.54,10.5,0.24,0.24,0.093103,1776209046000
1776209048.224,248.224,0.41,19.09,0.26,13.5,0.51,50.0,0.61,50.0,0.49,50.0,0.39,50.0,0.59,19.09,0.74,13.5,0.1,0.1,0.093102,1776209047000
1776209049.52,249.52,0.41,9.05,0.23,25.0,0.51,82.0,0.61,50.0,0.49,82.0,0.39,50.0,0.59,14.05,0.77,25.0,0.1,0.1,0.093102,1776209047000
1776209050.441,250.441,0.41,9.05,0.23,25.0,0.51,82.0,0.61,50.0,0.49,82.0,0.39,50.0,0.59,9.05,0.77,25.0,0.1,0.1,0.093076,1776209049000
1776209051.41,251.41,0.24,4.36,0.23,25.0,0.31,50.0,0.41,50.0,0.49,82.0,0.39,50.0,0.76,7.0,0.77,25.0,0.07,0.27,0.093076,1776209049000
1776209051.616,251.616,0.24,4.36,0.23,25.0,0.31,50.0,0.41,50.0,0.69,50.0,0.59,50.0,0.76,4.36,0.77,25.0,0.07,0.07,0.093066,1776209050000
1776209052.47,252.47,0.24,4.36,0.23,25.0,0.31,50.0,0.41,50.0,0.69,50.0,0.59,50.0,0.76,4.36,0.77,25.0,0.07,0.07,0.093066,1776209051000
1776209052.9,252.9,0.15,20.39,0.11,26.6,0.21,25.0,0.31,74.0,0.69,50.0,0.59,50.0,0.76,4.36,0.77,25.0,0.06,0.07,0.093066,1776209051000
1776209053.578,253.578,0.15,20.39,0.11,26.6,0.21,25.0,0.31,74.0,0.79,25.0,0.69,74.0,0.85,20.39,0.89,26.6,0.06,0.06,0.093064,1776209052000
1776209054.093,254.093,0.15,20.39,0.11,26.6,0.21,25.0,0.31,74.0,0.79,25.0,0.69,74.0,0.85,20.39,0.89,26.6,0.06,0.06,0.093063,1776209053000
1776209055.092,255.092,0.15,20.39,0.11,26.6,0.21,25.0,0.31,74.0,0.79,25.0,0.69,74.0,0.85,20.39,0.89,26.6,0.06,0.06,0.09306,1776209054000
1776209055.387,255.387,0.15,16.89,0.04,72.7,0.17,24.0,0.21,75.0,0.83,7.0,0.79,75.0,0.85,16.89,0.96,72.7,0.02,0.02,0.09306,1776209054000
1776209055.72,255.72,0.15,15.74,0.04,72.7,0.17,24.0,0.21,75.0,0.83,24.0,0.79,75.0,0.85,16.89,0.96,72.7,0.02,0.02,0.09306,1776209054000
1776209056.016,256.016,0.15,10.74,0.04,72.7,0.17,24.0,0.21,75.0,0.83,24.0,0.79,75.0,0.85,15.74,0.96,72.7,0.02,0.02,0.093058,1776209055000
1776209056.936,256.936,0.15,10.74,0.04,72.7,0.17,24.0,0.21,75.0,0.83,24.0,0.79,75.0,0.85,10.74,0.96,72.7,0.02,0.02,0.093039,1776209056000
1776209057.41,257.41,0.04,72.7,0.03,89.3,0.17,39.0,0.21,75.0,0.83,24.0,0.79,75.0,0.85,10.74,0.96,72.7,0.13,0.02,0.093039,1776209056000
1776209057.932,257.932,0.04,71.65,0.03,89.3,0.17,22.0,0.21,75.0,0.83,39.0,0.79,75.0,0.96,72.7,0.97,89.3,0.13,0.13,0.093039,1776209056000
1776209059.095,259.095,0.04,71.65,0.03,89.3,0.17,22.0,0.21,75.0,0.83,22.0,0.79,75.0,0.96,71.65,0.97,89.3,0.13,0.13,0.093029,1776209058000
1776209060.065,260.065,0.04,71.65,0.03,89.3,0.17,22.0,0.21,75.0,0.83,22.0,0.79,75.0,0.96,71.65,0.97,89.3,0.13,0.13,0.093034,1776209059000
1776209061.031,261.031,0.04,71.65,0.03,89.3,0.17,22.0,0.21,75.0,0.83,22.0,0.79,75.0,0.96,71.65,0.97,89.3,0.13,0.13,0.093034,1776209060000
1776209061.996,261.996,0.04,71.65,0.03,89.3,0.17,22.0,0.21,75.0,0.83,22.0,0.79,75.0,0.96,71.65,0.97,89.3,0.13,0.13,0.093034,1776209061000
1776209062.993,262.993,0.04,71.65,0.03,89.3,0.17,22.0,0.21,75.0,0.83,22.0,0.79,75.0,0.96,71.65,0.97,89.3,0.13,0.13,0.093034,1776209062000
1776209063.989,263.989,0.04,71.65,0.03,89.3,0.17,22.0,0.21,75.0,0.83,22.0,0.79,75.0,0.96,71.65,0.97,89.3,0.13,0.13,0.093034,1776209063000
1776209064.981,264.981,0.04,71.65,0.03,89.3,0.17,22.0,0.21,75.0,0.83,22.0,0.79,75.0,0.96,71.65,0.97,89.3,0.13,0.13,0.093034,1776209064000
1776209066.158,266.158,0.04,3.95,0.03,89.3,0.17,19.17,0.21,75.0,0.83,22.0,0.79,75.0,0.96,71.65,0.97,89.3,0.13,0.13,0.093034,1776209064000
1776209066.367,266.367,0.04,3.95,0.03,89.3,0.17,19.17,0.21,75.0,0.83,19.17,0.79,75.0,0.96,3.95,0.97,89.3,0.13,0.13,0.093034,1776209065000
1776209066.871,266.871,0.04,3.95,0.03,89.3,0.17,19.17,0.21,75.0,0.83,19.17,0.79,75.0,0.96,3.95,0.97,89.3,0.13,0.13,0.093034,1776209066000
1776209067.842,267.842,0.04,3.95,0.03,89.3,0.17,19.17,0.21,75.0,0.83,19.17,0.79,75.0,0.96,3.95,0.97,89.3,0.13,0.13,0.093034,1776209067000
1776209068.861,268.861,0.04,3.95,0.03,89.3,0.17,19.17,0.21,75.0,0.83,19.17,0.79,75.0,0.96,3.95,0.97,89.3,0.13,0.13,0.093034,1776209068000
1776209070.218,270.218,0.04,3.95,0.03,89.3,0.17,19.17,0.21,75.0,0.83,19.17,0.79,75.0,0.96,3.95,0.97,89.3,0.13,0.13,0.093033,1776209069000
1776209071.237,271.237,0.04,3.95,0.03,89.3,0.17,19.17,0.21,75.0,0.83,19.17,0.79,75.0,0.96,3.95,0.97,89.3,0.13,0.13,0.093033,1776209070000
1776209072.138,272.138,0.04,3.95,0.03,89.3,0.17,19.17,0.21,75.0,0.83,19.17,0.79,75.0,0.96,3.95,0.97,89.3,0.13,0.13,0.093033,1776209071000
1776209073.165,273.165,0.04,3.95,0.03,89.3,0.17,19.17,0.21,75.0,0.83,19.17,0.79,75.0,0.96,3.95,0.97,89.3,0.13,0.13,0.093033,1776209072000
1776209074.1,274.1,0.04,3.95,0.03,89.3,0.17,19.17,0.21,75.0,0.83,19.17,0.79,75.0,0.96,3.95,0.97,89.3,0.13,0.13,0.093033,1776209073000
1776209075.212,275.212,0.04,3.95,0.03,89.3,0.17,19.17,0.21,75.0,0.83,19.17,0.79,75.0,0.96,3.95,0.97,89.3,0.13,0.13,0.093033,1776209074000
1776209076.066,276.066,0.04,3.95,0.03,89.3,0.17,19.17,0.21,75.0,0.83,19.17,0.79,75.0,0.96,3.95,0.97,89.3,0.13,0.13,0.093033,1776209075000
1776209077.086,277.086,0.04,3.95,0.03,89.3,0.17,19.17,0.21,75.0,0.83,19.17,0.79,75.0,0.96,3.95,0.97,89.3,0.13,0.13,0.093033,1776209076000
1776209078.054,278.054,0.04,3.95,0.03,89.3,0.17,19.17,0.21,75.0,0.83,19.17,0.79,75.0,0.96,3.95,0.97,89.3,0.13,0.13,0.093032,1776209077000
1776209078.579,278.579,0.02,13.76,0.01,5165.0,0.17,19.17,0.21,75.0,0.83,19.17,0.79,75.0,0.96,3.95,0.97,89.3,0.15,0.13,0.093032,1776209077000
1776209079.309,279.309,0.02,13.76,0.01,5165.0,0.17,19.17,0.21,75.0,0.83,19.17,0.79,75.0,0.98,13.76,0.99,5165.0,0.15,0.15,0.093032,1776209078000
1776209080.639,280.639,0.01,158.76,,,0.11,60.0,0.17,14.17,0.83,19.17,0.79,75.0,0.98,13.76,0.99,5165.0,0.1,0.15,0.093032,1776209078000
1776209081.422,281.422,0.01,158.76,,,0.11,60.0,0.17,14.17,0.89,60.0,0.83,14.17,0.99,158.76,,,0.1,0.1,0.093032,1776209080000
1776209082.133,282.133,0.01,158.76,,,0.11,60.0,0.17,14.17,0.89,60.0,0.83,14.17,0.99,158.76,,,0.1,0.1,0.093032,1776209081000
1776209083.427,283.427,0.01,158.76,,,0.11,60.0,0.17,14.17,0.89,60.0,0.83,14.17,0.99,158.76,,,0.1,0.1,0.093022,1776209082000
1776209084.083,284.083,0.01,158.76,,,0.11,60.0,0.17,14.17,0.89,60.0,0.83,14.17,0.99,158.76,,,0.1,0.1,0.093022,1776209083000
1776209085.415,285.415,0.01,158.76,,,0.11,60.0,0.17,14.17,0.89,60.0,0.83,14.17,0.99,158.76,,,0.1,0.1,0.09302,1776209084000
1776209085.971,285.971,0.01,153.76,,,0.11,60.0,0.17,14.17,0.89,60.0,0.83,14.17,0.99,153.76,,,0.1,0.1,0.093017,1776209085000
1776209087.206,287.206,0.01,91.65,,,0.11,60.0,0.17,4.17,0.89,60.0,0.83,14.17,0.99,153.76,,,0.1,0.1,0.093017,1776209085000
1776209088.029,288.029,0.01,91.65,,,0.11,60.0,0.17,4.17,0.89,60.0,0.83,4.17,0.99,91.65,,,0.1,0.1,0.093022,1776209087000
1776209089.293,289.293,0.01,91.65,,,0.11,60.0,0.17,4.17,0.89,60.0,0.83,4.17,0.99,91.65,,,0.1,0.1,0.093022,1776209088000
1776209090.639,290.639,0.01,80.0,,,0.11,60.0,0.21,75.0,0.89,60.0,0.79,75.0,0.99,80.0,,,0.1,0.1,0.093022,1776209089000
1776209091.026,291.026,,,,,0.01,917.0,0.11,50.0,0.99,920.0,0.89,50.0,,,,,,,0.093022,1776209089000
1776209091.366,291.366,,,,,0.01,917.0,0.11,50.0,0.99,917.0,0.89,50.0,,,,,,,0.093022,1776209090000
1776209091.954,291.954,,,,,0.01,917.0,0.11,50.0,0.99,917.0,0.89,50.0,,,,,,,0.093017,1776209091000
1776209093.348,293.348,,,,,0.01,917.0,0.11,50.0,0.99,917.0,0.89,50.0,,,,,,,0.093009,1776209092000
1776209093.977,293.977,,,,,0.01,917.0,0.11,50.0,0.99,917.0,0.89,50.0,,,,,,,0.093008,1776209093000
1776209095.358,295.358,,,,,0.01,917.0,0.11,50.0,0.99,917.0,0.89,50.0,,,,,,,0.093009,1776209094000
1776209096.224,296.224,,,,,0.01,917.0,0.11,50.0,0.99,917.0,0.89,50.0,,,,,,,0.093013,1776209095000
1776209097.406,297.406,,,,,0.01,917.0,0.11,50.0,0.99,917.0,0.89,50.0,,,,,,,0.093013,1776209096000
1776209097.947,297.947,,,,,0.01,917.0,0.11,50.0,0.99,917.0,0.89,50.0,,,,,,,0.093013,1776209097000
1776209099.143,299.143,,,,,0.01,917.0,0.11,50.0,0.99,917.0,0.89,50.0,,,,,,,0.093013,1776209098000
1776209100.186,300.186,,,,,0.01,917.0,0.11,50.0,0.99,917.0,0.89,50.0,,,,,,,0.093013,1776209099000

# RESULT,winner=Down,slug=doge-updown-5m-1776208800,ticks=329
