timestamp,elapsed_sec,up_bid_p1,up_bid_s1,up_bid_p2,up_bid_s2,up_bid_p3,up_bid_s3,up_bid_p4,up_bid_s4,up_bid_p5,up_bid_s5,up_ask_p1,up_ask_s1,up_ask_p2,up_ask_s2,up_ask_p3,up_ask_s3,up_ask_p4,up_ask_s4,up_ask_p5,up_ask_s5,down_bid_p1,down_bid_s1,down_bid_p2,down_bid_s2,down_bid_p3,down_bid_s3,down_bid_p4,down_bid_s4,down_bid_p5,down_bid_s5,down_ask_p1,down_ask_s1,down_ask_p2,down_ask_s2,down_ask_p3,down_ask_s3,down_ask_p4,down_ask_s4,down_ask_p5,down_ask_s5,up_spread,down_spread,doge_price,doge_oracle_ts
1776168900.904,0.904,0.41,13.0,0.4,8.0,0.39,8.0,0.38,8.0,0.37,189.0,0.59,13.0,0.6,8.0,0.61,8.0,0.62,8.0,0.63,189.0,0.41,13.0,0.4,8.0,0.39,8.0,0.38,8.0,0.37,189.0,0.59,13.0,0.6,8.0,0.61,8.0,0.62,8.0,0.63,189.0,0.18,0.18,0.094061,1776168899000
1776168901.859,1.859,0.41,13.0,0.4,8.0,0.39,8.0,0.38,8.0,0.37,189.0,0.59,13.0,0.6,8.0,0.61,8.0,0.62,8.0,0.63,189.0,0.41,13.0,0.4,8.0,0.39,8.0,0.38,8.0,0.37,189.0,0.59,13.0,0.6,8.0,0.61,8.0,0.62,8.0,0.63,189.0,0.18,0.18,0.094062,1776168900000
1776168902.952,2.952,0.41,13.0,0.4,8.0,0.39,8.0,0.38,8.0,0.37,189.0,0.59,13.0,0.6,8.0,0.61,8.0,0.62,8.0,0.63,189.0,0.41,13.0,0.4,8.0,0.39,8.0,0.38,8.0,0.37,189.0,0.59,13.0,0.6,8.0,0.61,8.0,0.62,8.0,0.63,189.0,0.18,0.18,0.094062,1776168901000
1776168903.881,3.881,0.41,13.0,0.4,8.0,0.39,8.0,0.38,8.0,0.37,189.0,0.59,13.0,0.6,8.0,0.61,8.0,0.62,8.0,0.63,189.0,0.41,13.0,0.4,8.0,0.39,8.0,0.38,8.0,0.37,189.0,0.59,13.0,0.6,8.0,0.61,8.0,0.62,8.0,0.63,189.0,0.18,0.18,0.094063,1776168902000
1776168904.25,4.25,0.41,13.0,0.4,8.0,0.39,8.0,0.38,8.0,0.37,189.0,0.59,13.0,0.6,8.0,0.61,8.0,0.62,8.0,0.63,189.0,0.41,13.0,0.4,8.0,0.39,8.0,0.38,8.0,0.37,189.0,0.59,13.0,0.6,8.0,0.61,8.0,0.62,8.0,0.63,189.0,0.18,0.18,0.094051,1776168903000
1776168905.895,5.895,0.41,13.0,0.4,8.0,0.39,8.0,0.38,8.0,0.37,189.0,0.59,13.0,0.6,8.0,0.61,8.0,0.62,8.0,0.63,189.0,0.41,13.0,0.4,8.0,0.39,8.0,0.38,8.0,0.37,189.0,0.59,13.0,0.6,8.0,0.61,8.0,0.62,8.0,0.63,189.0,0.18,0.18,0.094041,1776168904000
1776168907.639,7.639,0.41,13.0,0.4,8.0,0.39,8.0,0.38,8.0,0.37,189.0,0.59,13.0,0.6,8.0,0.61,8.0,0.62,8.0,0.63,189.0,0.41,13.0,0.4,8.0,0.39,8.0,0.38,8.0,0.37,189.0,0.59,13.0,0.6,8.0,0.61,8.0,0.62,8.0,0.63,189.0,0.18,0.18,0.094043,1776168905000
1776168907.909,7.909,0.41,13.0,0.4,8.0,0.39,8.0,0.38,8.0,0.37,189.0,0.59,13.0,0.6,8.0,0.61,8.0,0.62,8.0,0.63,189.0,0.41,13.0,0.4,8.0,0.39,8.0,0.38,8.0,0.37,189.0,0.59,13.0,0.6,8.0,0.61,8.0,0.62,8.0,0.63,189.0,0.18,0.18,0.094043,1776168906000
1776168908.693,8.693,0.41,13.0,0.4,8.0,0.39,8.0,0.38,8.0,0.37,189.0,0.59,13.0,0.6,8.0,0.61,8.0,0.62,8.0,0.63,189.0,0.41,13.0,0.4,8.0,0.39,8.0,0.38,8.0,0.37,189.0,0.59,13.0,0.6,8.0,0.61,8.0,0.62,8.0,0.63,189.0,0.18,0.18,0.094041,1776168907000
1776168909.072,9.072,0.41,13.0,0.4,8.0,0.39,8.0,0.38,8.0,0.37,189.0,0.59,13.0,0.6,8.0,0.61,8.0,0.62,8.0,0.63,189.0,0.41,13.0,0.4,8.0,0.39,8.0,0.38,8.0,0.37,189.0,0.59,13.0,0.6,8.0,0.61,8.0,0.62,8.0,0.63,189.0,0.18,0.18,0.094041,1776168908000
1776168910.704,10.704,0.41,13.0,0.4,8.0,0.39,8.0,0.38,8.0,0.37,189.0,0.59,13.0,0.6,8.0,0.61,8.0,0.62,8.0,0.63,189.0,0.41,13.0,0.4,8.0,0.39,8.0,0.38,8.0,0.37,189.0,0.59,13.0,0.6,8.0,0.61,8.0,0.62,8.0,0.63,189.0,0.18,0.18,0.094041,1776168909000
1776168912.395,12.395,0.41,13.0,0.4,8.0,0.39,8.0,0.38,8.0,0.37,189.0,0.59,13.0,0.6,8.0,0.61,8.0,0.62,8.0,0.63,189.0,0.41,13.0,0.4,8.0,0.39,8.0,0.38,8.0,0.37,189.0,0.59,13.0,0.6,8.0,0.61,8.0,0.62,8.0,0.63,189.0,0.18,0.18,0.094041,1776168910000
1776168912.647,12.647,0.41,13.0,0.4,8.0,0.39,8.0,0.38,8.0,0.37,189.0,0.59,13.0,0.6,8.0,0.61,8.0,0.62,8.0,0.63,189.0,0.41,13.0,0.4,8.0,0.39,8.0,0.38,8.0,0.37,189.0,0.59,13.0,0.6,8.0,0.61,8.0,0.62,8.0,0.63,189.0,0.18,0.18,0.094035,1776168911000
1776168914.598,14.598,0.41,13.0,0.4,8.0,0.39,8.0,0.38,8.0,0.37,189.0,0.59,13.0,0.6,8.0,0.61,8.0,0.62,8.0,0.63,189.0,0.41,13.0,0.4,8.0,0.39,8.0,0.38,8.0,0.37,189.0,0.59,13.0,0.6,8.0,0.61,8.0,0.62,8.0,0.63,189.0,0.18,0.18,0.094033,1776168912000
1776168915.93,15.93,0.41,13.0,0.4,8.0,0.39,8.0,0.38,8.0,0.37,189.0,0.59,13.0,0.6,8.0,0.61,8.0,0.62,8.0,0.63,189.0,0.41,13.0,0.4,8.0,0.39,8.0,0.38,8.0,0.37,189.0,0.59,13.0,0.6,8.0,0.61,8.0,0.62,8.0,0.63,189.0,0.18,0.18,0.094037,1776168914000
1776168916.529,16.529,0.41,13.0,0.4,8.0,0.39,8.0,0.38,8.0,0.37,189.0,0.59,13.0,0.6,8.0,0.61,8.0,0.62,8.0,0.63,189.0,0.41,13.0,0.4,8.0,0.39,8.0,0.38,8.0,0.37,189.0,0.59,13.0,0.6,8.0,0.61,8.0,0.62,8.0,0.63,189.0,0.18,0.18,0.094042,1776168915000
1776168917.157,17.157,0.41,13.0,0.4,8.0,0.39,8.0,0.38,8.0,0.37,189.0,0.59,13.0,0.6,8.0,0.61,8.0,0.62,8.0,0.63,189.0,0.41,13.0,0.4,8.0,0.39,8.0,0.38,8.0,0.37,189.0,0.59,13.0,0.6,8.0,0.61,8.0,0.62,8.0,0.63,189.0,0.18,0.18,0.094042,1776168916000
1776168918.425,18.425,0.41,13.0,0.4,8.0,0.39,8.0,0.38,8.0,0.37,189.0,0.59,13.0,0.6,8.0,0.61,8.0,0.62,8.0,0.63,189.0,0.41,13.0,0.4,8.0,0.39,8.0,0.38,8.0,0.37,189.0,0.59,13.0,0.6,8.0,0.61,8.0,0.62,8.0,0.63,189.0,0.18,0.18,0.094042,1776168917000
1776168918.913,18.913,0.37,10.0,0.34,10.0,0.33,15.0,0.31,50.0,0.27,10.0,0.48,4.5,0.49,5.0,0.51,10.0,0.52,10.0,0.53,10.0,0.41,13.0,0.4,8.0,0.39,8.0,0.38,8.0,0.37,189.0,0.59,13.0,0.6,8.0,0.61,8.0,0.62,8.0,0.63,189.0,0.11,0.18,0.094042,1776168917000
1776168919.951,19.951,0.37,10.0,0.34,10.0,0.33,15.0,0.31,50.0,0.27,10.0,0.48,4.5,0.49,5.0,0.51,10.0,0.52,10.0,0.53,10.0,0.52,4.5,0.51,5.0,0.49,10.0,0.48,10.0,0.47,10.0,0.63,10.0,0.66,10.0,0.67,15.0,0.69,50.0,0.73,10.0,0.11,0.11,0.094043,1776168918000
1776168921.0,21.0,0.37,10.0,0.34,10.0,0.33,15.0,0.31,50.0,0.27,10.0,0.48,4.5,0.49,5.0,0.51,10.0,0.52,10.0,0.53,10.0,0.52,4.5,0.51,5.0,0.49,10.0,0.48,10.0,0.47,10.0,0.63,10.0,0.66,10.0,0.67,15.0,0.69,50.0,0.73,10.0,0.11,0.11,0.094046,1776168919000
1776168921.709,21.709,0.37,10.0,0.34,10.0,0.33,15.0,0.31,50.0,0.27,10.0,0.48,4.5,0.49,5.0,0.51,10.0,0.52,10.0,0.53,10.0,0.52,4.5,0.51,5.0,0.49,10.0,0.48,10.0,0.47,10.0,0.63,10.0,0.66,10.0,0.67,15.0,0.69,50.0,0.73,10.0,0.11,0.11,0.094043,1776168920000
1776168922.637,22.637,0.37,10.0,0.34,10.0,0.33,15.0,0.31,50.0,0.27,10.0,0.48,4.5,0.49,5.0,0.51,10.0,0.52,10.0,0.53,10.0,0.52,4.5,0.51,5.0,0.49,10.0,0.48,10.0,0.47,10.0,0.63,10.0,0.66,10.0,0.67,15.0,0.69,50.0,0.73,10.0,0.11,0.11,0.094044,1776168921000
1776168923.235,23.235,0.43,10.0,0.36,20.0,0.35,10.0,0.34,10.0,0.33,10.0,0.46,4.0,0.54,10.0,0.59,10.0,0.6,10.0,0.61,60.0,0.52,4.5,0.51,5.0,0.49,10.0,0.48,10.0,0.47,10.0,0.63,10.0,0.66,10.0,0.67,15.0,0.69,50.0,0.73,10.0,0.03,0.11,0.094044,1776168921000
1776168924.007,24.007,0.43,10.0,0.36,20.0,0.35,10.0,0.34,10.0,0.33,10.0,0.46,4.0,0.54,10.0,0.59,10.0,0.6,10.0,0.61,60.0,0.54,4.0,0.46,10.0,0.41,10.0,0.4,10.0,0.39,60.0,0.57,10.0,0.64,20.0,0.65,10.0,0.66,10.0,0.67,10.0,0.03,0.03,0.094035,1776168922000
1776168924.552,24.552,0.43,10.0,0.36,20.0,0.35,10.0,0.34,10.0,0.33,10.0,0.46,4.0,0.54,10.0,0.59,10.0,0.6,10.0,0.61,60.0,0.54,4.0,0.46,10.0,0.41,10.0,0.4,10.0,0.39,60.0,0.57,10.0,0.64,20.0,0.65,10.0,0.66,10.0,0.67,10.0,0.03,0.03,0.094035,1776168923000
1776168925.106,25.106,0.43,10.0,0.36,20.0,0.35,10.0,0.34,10.0,0.33,10.0,0.46,4.0,0.54,10.0,0.59,10.0,0.6,10.0,0.61,60.0,0.54,4.0,0.46,10.0,0.41,10.0,0.4,10.0,0.39,60.0,0.57,10.0,0.64,20.0,0.65,10.0,0.66,10.0,0.67,10.0,0.03,0.03,0.094055,1776168924000
1776168926.08,26.08,0.43,10.0,0.36,20.0,0.35,10.0,0.34,10.0,0.33,10.0,0.46,4.0,0.54,10.0,0.59,10.0,0.6,10.0,0.61,60.0,0.54,4.0,0.46,10.0,0.41,10.0,0.4,10.0,0.39,60.0,0.57,10.0,0.64,20.0,0.65,10.0,0.66,10.0,0.67,10.0,0.03,0.03,0.094058,1776168925000
1776168927.253,27.253,0.43,10.0,0.36,20.0,0.35,10.0,0.34,10.0,0.33,10.0,0.46,4.0,0.54,10.0,0.59,10.0,0.6,10.0,0.61,60.0,0.54,4.0,0.46,10.0,0.41,10.0,0.4,10.0,0.39,60.0,0.57,10.0,0.64,20.0,0.65,10.0,0.66,10.0,0.67,10.0,0.03,0.03,0.094058,1776168926000
1776168928.102,28.102,0.43,10.0,0.36,20.0,0.35,10.0,0.34,10.0,0.33,10.0,0.46,4.0,0.54,10.0,0.59,10.0,0.6,10.0,0.61,60.0,0.54,4.0,0.46,10.0,0.41,10.0,0.4,10.0,0.39,60.0,0.57,10.0,0.64,20.0,0.65,10.0,0.66,10.0,0.67,10.0,0.03,0.03,0.094063,1776168927000
1776168928.865,28.865,0.54,5.0,0.52,5.0,0.51,5.0,0.48,10.0,0.47,10.0,0.6,3.66,0.62,5.0,0.63,5.0,0.66,10.0,0.7,6.0,0.54,4.0,0.46,10.0,0.41,10.0,0.4,10.0,0.39,60.0,0.57,10.0,0.64,20.0,0.65,10.0,0.66,10.0,0.67,10.0,0.06,0.03,0.094063,1776168927000
1776168929.417,29.417,0.54,5.0,0.52,5.0,0.51,5.0,0.48,10.0,0.47,10.0,0.6,3.66,0.62,5.0,0.63,5.0,0.66,10.0,0.7,6.0,0.4,3.66,0.38,5.0,0.37,5.0,0.34,10.0,0.3,6.0,0.46,5.0,0.48,5.0,0.49,5.0,0.52,10.0,0.53,10.0,0.06,0.06,0.094079,1776168928000
1776168930.358,30.358,0.54,5.0,0.52,5.0,0.51,5.0,0.48,10.0,0.47,10.0,0.6,3.66,0.62,5.0,0.63,5.0,0.66,10.0,0.7,6.0,0.4,3.66,0.38,5.0,0.37,5.0,0.34,10.0,0.3,6.0,0.46,5.0,0.48,5.0,0.49,5.0,0.52,10.0,0.53,10.0,0.06,0.06,0.094084,1776168929000
1776168931.027,31.027,0.54,5.0,0.53,5.0,0.52,10.0,0.51,60.0,0.5,10.0,0.65,5.0,0.66,5.0,0.68,10.0,0.69,16.0,0.75,6.0,0.4,3.66,0.38,5.0,0.37,5.0,0.34,10.0,0.3,6.0,0.46,5.0,0.48,5.0,0.49,5.0,0.52,10.0,0.53,10.0,0.11,0.06,0.094084,1776168929000
1776168931.431,31.431,0.54,5.0,0.53,5.0,0.52,10.0,0.51,60.0,0.5,10.0,0.65,5.0,0.66,5.0,0.68,10.0,0.69,16.0,0.75,6.0,0.35,5.0,0.34,5.0,0.32,10.0,0.31,16.0,0.25,6.0,0.46,5.0,0.47,5.0,0.48,10.0,0.49,60.0,0.5,10.0,0.11,0.11,0.094083,1776168930000
1776168932.565,32.565,0.54,5.0,0.53,5.0,0.52,10.0,0.51,60.0,0.5,10.0,0.65,5.0,0.66,5.0,0.68,10.0,0.69,16.0,0.75,6.0,0.35,5.0,0.34,5.0,0.32,10.0,0.31,16.0,0.25,6.0,0.46,5.0,0.47,5.0,0.48,10.0,0.49,60.0,0.5,10.0,0.11,0.11,0.094087,1776168931000
1776168933.267,33.267,0.54,5.0,0.53,5.0,0.52,10.0,0.51,60.0,0.5,10.0,0.65,5.0,0.66,5.0,0.68,10.0,0.69,16.0,0.75,6.0,0.35,5.0,0.34,5.0,0.32,10.0,0.31,16.0,0.25,6.0,0.46,5.0,0.47,5.0,0.48,10.0,0.49,60.0,0.5,10.0,0.11,0.11,0.094087,1776168932000
1776168934.184,34.184,0.54,5.0,0.53,5.0,0.52,10.0,0.51,60.0,0.5,10.0,0.65,5.0,0.66,5.0,0.68,10.0,0.69,16.0,0.75,6.0,0.35,5.0,0.34,5.0,0.32,10.0,0.31,16.0,0.25,6.0,0.46,5.0,0.47,5.0,0.48,10.0,0.49,60.0,0.5,10.0,0.11,0.11,0.094087,1776168933000
1776168935.268,35.268,0.54,5.0,0.53,5.0,0.52,10.0,0.51,60.0,0.5,10.0,0.65,5.0,0.66,5.0,0.68,10.0,0.69,16.0,0.75,6.0,0.35,5.0,0.34,5.0,0.32,10.0,0.31,16.0,0.25,6.0,0.46,5.0,0.47,5.0,0.48,10.0,0.49,60.0,0.5,10.0,0.11,0.11,0.094085,1776168934000
1776168936.172,36.172,0.54,5.0,0.53,5.0,0.52,10.0,0.51,60.0,0.5,10.0,0.65,5.0,0.66,5.0,0.68,10.0,0.69,16.0,0.75,6.0,0.35,5.0,0.34,5.0,0.32,10.0,0.31,16.0,0.25,6.0,0.46,5.0,0.47,5.0,0.48,10.0,0.49,60.0,0.5,10.0,0.11,0.11,0.094084,1776168935000
1776168937.125,37.125,0.54,5.0,0.53,5.0,0.52,10.0,0.51,60.0,0.5,10.0,0.65,5.0,0.66,5.0,0.68,10.0,0.69,16.0,0.75,6.0,0.35,5.0,0.34,5.0,0.32,10.0,0.31,16.0,0.25,6.0,0.46,5.0,0.47,5.0,0.48,10.0,0.49,60.0,0.5,10.0,0.11,0.11,0.094084,1776168936000
1776168938.278,38.278,0.54,5.0,0.53,5.0,0.52,10.0,0.51,60.0,0.5,10.0,0.65,5.0,0.66,5.0,0.68,10.0,0.69,16.0,0.75,6.0,0.35,5.0,0.34,5.0,0.32,10.0,0.31,16.0,0.25,6.0,0.46,5.0,0.47,5.0,0.48,10.0,0.49,60.0,0.5,10.0,0.11,0.11,0.094086,1776168937000
1776168939.201,39.201,0.54,5.0,0.53,5.0,0.52,10.0,0.51,60.0,0.5,10.0,0.65,5.0,0.66,5.0,0.68,10.0,0.69,16.0,0.75,6.0,0.35,5.0,0.34,5.0,0.32,10.0,0.31,16.0,0.25,6.0,0.46,5.0,0.47,5.0,0.48,10.0,0.49,60.0,0.5,10.0,0.11,0.11,0.094086,1776168938000
1776168940.138,40.138,0.54,5.0,0.53,5.0,0.52,10.0,0.51,60.0,0.5,10.0,0.65,5.0,0.66,5.0,0.68,10.0,0.69,16.0,0.75,6.0,0.35,5.0,0.34,5.0,0.32,10.0,0.31,16.0,0.25,6.0,0.46,5.0,0.47,5.0,0.48,10.0,0.49,60.0,0.5,10.0,0.11,0.11,0.094088,1776168939000
1776168941.379,41.379,0.54,5.0,0.53,5.0,0.52,10.0,0.51,60.0,0.5,10.0,0.65,5.0,0.66,5.0,0.68,10.0,0.69,16.0,0.75,6.0,0.35,5.0,0.34,5.0,0.32,10.0,0.31,16.0,0.25,6.0,0.46,5.0,0.47,5.0,0.48,10.0,0.49,60.0,0.5,10.0,0.11,0.11,0.094091,1776168940000
1776168942.318,42.318,0.54,5.0,0.53,5.0,0.52,10.0,0.51,60.0,0.5,10.0,0.65,5.0,0.66,5.0,0.68,10.0,0.69,16.0,0.75,6.0,0.35,5.0,0.34,5.0,0.32,10.0,0.31,16.0,0.25,6.0,0.46,5.0,0.47,5.0,0.48,10.0,0.49,60.0,0.5,10.0,0.11,0.11,0.094096,1776168941000
1776168943.379,43.379,0.54,5.0,0.53,5.0,0.52,10.0,0.51,60.0,0.5,10.0,0.65,5.0,0.66,5.0,0.68,10.0,0.69,16.0,0.75,6.0,0.35,5.0,0.34,5.0,0.32,10.0,0.31,16.0,0.25,6.0,0.46,5.0,0.47,5.0,0.48,10.0,0.49,60.0,0.5,10.0,0.11,0.11,0.094096,1776168942000
1776168944.452,44.452,0.54,5.0,0.53,5.0,0.52,10.0,0.51,60.0,0.5,10.0,0.65,5.0,0.66,5.0,0.68,10.0,0.69,16.0,0.75,6.0,0.35,5.0,0.34,5.0,0.32,10.0,0.31,16.0,0.25,6.0,0.46,5.0,0.47,5.0,0.48,10.0,0.49,60.0,0.5,10.0,0.11,0.11,0.094099,1776168943000
1776168944.991,44.991,0.54,5.0,0.53,5.0,0.52,10.0,0.51,60.0,0.5,10.0,0.65,5.0,0.66,5.0,0.68,10.0,0.69,16.0,0.75,6.0,0.35,5.0,0.34,5.0,0.32,10.0,0.31,16.0,0.25,6.0,0.46,5.0,0.47,5.0,0.48,10.0,0.49,60.0,0.5,10.0,0.11,0.11,0.094099,1776168944000
1776168945.98,45.98,0.54,5.0,0.53,5.0,0.52,10.0,0.51,60.0,0.5,10.0,0.65,5.0,0.66,5.0,0.68,10.0,0.69,16.0,0.75,6.0,0.35,5.0,0.34,5.0,0.32,10.0,0.31,16.0,0.25,6.0,0.46,5.0,0.47,5.0,0.48,10.0,0.49,60.0,0.5,10.0,0.11,0.11,0.094102,1776168945000
1776168947.005,47.005,0.54,5.0,0.53,5.0,0.52,10.0,0.51,60.0,0.5,10.0,0.65,5.0,0.66,5.0,0.68,10.0,0.69,16.0,0.75,6.0,0.35,5.0,0.34,5.0,0.32,10.0,0.31,16.0,0.25,6.0,0.46,5.0,0.47,5.0,0.48,10.0,0.49,60.0,0.5,10.0,0.11,0.11,0.094102,1776168946000
1776168947.953,47.953,0.54,5.0,0.53,5.0,0.52,10.0,0.51,60.0,0.5,10.0,0.65,5.0,0.66,5.0,0.68,10.0,0.69,16.0,0.75,6.0,0.35,5.0,0.34,5.0,0.32,10.0,0.31,16.0,0.25,6.0,0.46,5.0,0.47,5.0,0.48,10.0,0.49,60.0,0.5,10.0,0.11,0.11,0.094102,1776168947000
1776168949.451,49.451,0.54,5.0,0.53,5.0,0.52,10.0,0.51,60.0,0.5,10.0,0.65,5.0,0.66,5.0,0.68,10.0,0.69,16.0,0.75,6.0,0.35,5.0,0.34,5.0,0.32,10.0,0.31,16.0,0.25,6.0,0.46,5.0,0.47,5.0,0.48,10.0,0.49,60.0,0.5,10.0,0.11,0.11,0.094101,1776168948000
1776168949.964,49.964,0.54,5.0,0.53,5.0,0.52,10.0,0.51,60.0,0.5,10.0,0.65,5.0,0.66,5.0,0.68,10.0,0.69,16.0,0.75,6.0,0.35,5.0,0.34,5.0,0.32,10.0,0.31,16.0,0.25,6.0,0.46,5.0,0.47,5.0,0.48,10.0,0.49,60.0,0.5,10.0,0.11,0.11,0.094101,1776168949000
1776168950.964,50.964,0.54,5.0,0.53,5.0,0.52,10.0,0.51,60.0,0.5,10.0,0.65,5.0,0.66,5.0,0.68,10.0,0.69,16.0,0.75,6.0,0.35,5.0,0.34,5.0,0.32,10.0,0.31,16.0,0.25,6.0,0.46,5.0,0.47,5.0,0.48,10.0,0.49,60.0,0.5,10.0,0.11,0.11,0.094105,1776168950000
1776168951.937,51.937,0.54,5.0,0.53,5.0,0.52,10.0,0.51,60.0,0.5,10.0,0.65,5.0,0.66,5.0,0.68,10.0,0.69,16.0,0.75,6.0,0.35,5.0,0.34,5.0,0.32,10.0,0.31,16.0,0.25,6.0,0.46,5.0,0.47,5.0,0.48,10.0,0.49,60.0,0.5,10.0,0.11,0.11,0.094106,1776168951000
1776168952.917,52.917,0.54,5.0,0.53,5.0,0.52,10.0,0.51,60.0,0.5,10.0,0.65,5.0,0.66,5.0,0.68,10.0,0.69,16.0,0.75,6.0,0.35,5.0,0.34,5.0,0.32,10.0,0.31,16.0,0.25,6.0,0.46,5.0,0.47,5.0,0.48,10.0,0.49,60.0,0.5,10.0,0.11,0.11,0.094105,1776168952000
1776168954.4,54.4,0.54,5.0,0.53,5.0,0.52,10.0,0.51,60.0,0.5,10.0,0.65,5.0,0.66,5.0,0.68,10.0,0.69,16.0,0.75,6.0,0.35,5.0,0.34,5.0,0.32,10.0,0.31,16.0,0.25,6.0,0.46,5.0,0.47,5.0,0.48,10.0,0.49,60.0,0.5,10.0,0.11,0.11,0.094105,1776168953000
1776168955.321,55.321,0.54,5.0,0.53,5.0,0.52,10.0,0.51,60.0,0.5,10.0,0.65,5.0,0.66,5.0,0.68,10.0,0.69,16.0,0.75,6.0,0.35,5.0,0.34,5.0,0.32,10.0,0.31,16.0,0.25,6.0,0.46,5.0,0.47,5.0,0.48,10.0,0.49,60.0,0.5,10.0,0.11,0.11,0.094105,1776168954000
1776168956.277,56.277,0.54,5.0,0.53,5.0,0.52,10.0,0.51,60.0,0.5,10.0,0.65,5.0,0.66,5.0,0.68,10.0,0.69,16.0,0.75,6.0,0.35,5.0,0.34,5.0,0.32,10.0,0.31,16.0,0.25,6.0,0.46,5.0,0.47,5.0,0.48,10.0,0.49,60.0,0.5,10.0,0.11,0.11,0.094105,1776168955000
1776168964.753,64.753,0.54,5.0,0.53,5.0,0.52,10.0,0.51,60.0,0.5,10.0,0.65,5.0,0.66,5.0,0.68,10.0,0.69,16.0,0.75,6.0,0.35,5.0,0.34,5.0,0.32,10.0,0.31,16.0,0.25,6.0,0.46,5.0,0.47,5.0,0.48,10.0,0.49,60.0,0.5,10.0,0.11,0.11,0.094158,1776168963000
1776168965.5,65.5,0.54,5.0,0.53,5.0,0.52,10.0,0.51,60.0,0.5,10.0,0.65,5.0,0.66,5.0,0.68,10.0,0.69,16.0,0.75,6.0,0.35,5.0,0.34,5.0,0.32,10.0,0.31,16.0,0.25,6.0,0.46,5.0,0.47,5.0,0.48,10.0,0.49,60.0,0.5,10.0,0.11,0.11,0.094157,1776168964000
1776168966.098,66.098,0.54,5.0,0.53,5.0,0.52,10.0,0.51,60.0,0.5,10.0,0.65,5.0,0.66,5.0,0.68,10.0,0.69,16.0,0.75,6.0,0.35,5.0,0.34,5.0,0.32,10.0,0.31,16.0,0.25,6.0,0.46,5.0,0.47,5.0,0.48,10.0,0.49,60.0,0.5,10.0,0.11,0.11,0.094158,1776168965000
1776168967.428,67.428,0.54,5.0,0.53,5.0,0.52,10.0,0.51,60.0,0.5,10.0,0.65,5.0,0.66,5.0,0.68,10.0,0.69,16.0,0.75,6.0,0.35,5.0,0.34,5.0,0.32,10.0,0.31,16.0,0.25,6.0,0.46,5.0,0.47,5.0,0.48,10.0,0.49,60.0,0.5,10.0,0.11,0.11,0.094157,1776168966000
1776168968.754,68.754,0.54,5.0,0.53,5.0,0.52,10.0,0.51,60.0,0.5,10.0,0.65,5.0,0.66,5.0,0.68,10.0,0.69,16.0,0.75,6.0,0.35,5.0,0.34,5.0,0.32,10.0,0.31,16.0,0.25,6.0,0.46,5.0,0.47,5.0,0.48,10.0,0.49,60.0,0.5,10.0,0.11,0.11,0.094155,1776168967000
1776168969.338,69.338,0.54,5.0,0.53,5.0,0.52,10.0,0.51,60.0,0.5,10.0,0.65,5.0,0.66,5.0,0.68,10.0,0.69,16.0,0.75,6.0,0.35,5.0,0.34,5.0,0.32,10.0,0.31,16.0,0.25,6.0,0.46,5.0,0.47,5.0,0.48,10.0,0.49,60.0,0.5,10.0,0.11,0.11,0.094155,1776168968000
1776168970.495,70.495,0.54,5.0,0.53,5.0,0.52,10.0,0.51,60.0,0.5,10.0,0.65,5.0,0.66,5.0,0.68,10.0,0.69,16.0,0.75,6.0,0.35,5.0,0.34,5.0,0.32,10.0,0.31,16.0,0.25,6.0,0.46,5.0,0.47,5.0,0.48,10.0,0.49,60.0,0.5,10.0,0.11,0.11,0.094154,1776168969000
1776168971.098,71.098,0.54,5.0,0.53,5.0,0.52,10.0,0.51,60.0,0.5,10.0,0.65,5.0,0.66,5.0,0.68,10.0,0.69,16.0,0.75,6.0,0.35,5.0,0.34,5.0,0.32,10.0,0.31,16.0,0.25,6.0,0.46,5.0,0.47,5.0,0.48,10.0,0.49,60.0,0.5,10.0,0.11,0.11,0.094154,1776168970000
1776168971.526,71.526,0.73,7.81,0.57,5.0,0.56,13.0,0.52,10.4,0.51,60.4,0.74,10.0,0.78,15.2,0.79,38.7,0.8,16.2,0.81,66.89,0.35,5.0,0.34,5.0,0.32,10.0,0.31,16.0,0.25,6.0,0.46,5.0,0.47,5.0,0.48,10.0,0.49,60.0,0.5,10.0,0.01,0.11,0.094154,1776168970000
1776168972.181,72.181,0.73,2.81,0.57,5.0,0.56,13.0,0.52,10.4,0.51,60.4,0.74,10.0,0.78,15.2,0.79,38.7,0.8,16.2,0.81,66.89,0.26,10.0,0.22,15.2,0.21,38.7,0.2,16.2,0.19,66.89,0.27,2.81,0.43,5.0,0.44,13.0,0.48,10.4,0.49,60.4,0.01,0.01,0.094153,1776168971000
1776168973.319,73.319,0.73,2.81,0.57,5.0,0.56,13.0,0.52,10.4,0.51,60.4,0.74,10.0,0.78,15.2,0.79,38.7,0.8,16.2,0.81,66.89,0.26,10.0,0.22,15.2,0.21,38.7,0.2,16.2,0.19,66.89,0.27,2.81,0.43,5.0,0.44,13.0,0.48,10.4,0.49,60.4,0.01,0.01,0.094127,1776168972000
1776168974.458,74.458,0.73,2.81,0.57,5.0,0.56,13.0,0.52,10.4,0.51,60.4,0.74,10.0,0.78,15.2,0.79,38.7,0.8,16.2,0.81,66.89,0.26,10.0,0.22,15.2,0.21,38.7,0.2,16.2,0.19,66.89,0.27,2.81,0.43,5.0,0.44,13.0,0.48,10.4,0.49,60.4,0.01,0.01,0.094125,1776168973000
1776168975.665,75.665,0.73,2.81,0.57,5.0,0.56,13.0,0.52,10.4,0.51,60.4,0.74,10.0,0.78,15.2,0.79,38.7,0.8,16.2,0.81,66.89,0.26,10.0,0.22,15.2,0.21,38.7,0.2,16.2,0.19,66.89,0.27,2.81,0.43,5.0,0.44,13.0,0.48,10.4,0.49,60.4,0.01,0.01,0.094124,1776168974000
1776168976.193,76.193,0.73,2.81,0.57,5.0,0.56,13.0,0.52,10.4,0.51,60.4,0.74,10.0,0.78,15.2,0.79,38.7,0.8,16.2,0.81,66.89,0.26,10.0,0.22,15.2,0.21,38.7,0.2,16.2,0.19,66.89,0.27,2.81,0.43,5.0,0.44,13.0,0.48,10.4,0.49,60.4,0.01,0.01,0.094122,1776168975000
1776168978.07,78.07,0.73,2.81,0.57,5.0,0.56,13.0,0.52,10.4,0.51,60.4,0.74,10.0,0.78,15.2,0.79,38.7,0.8,16.2,0.81,66.89,0.26,10.0,0.22,15.2,0.21,38.7,0.2,16.2,0.19,66.89,0.27,2.81,0.43,5.0,0.44,13.0,0.48,10.4,0.49,60.4,0.01,0.01,0.094124,1776168976000
1776168978.938,78.938,0.73,2.81,0.57,5.0,0.56,13.0,0.52,10.4,0.51,60.4,0.74,10.0,0.78,15.2,0.79,38.7,0.8,16.2,0.81,66.89,0.26,10.0,0.22,15.2,0.21,38.7,0.2,16.2,0.19,66.89,0.27,2.81,0.43,5.0,0.44,13.0,0.48,10.4,0.49,60.4,0.01,0.01,0.094124,1776168977000
1776168979.899,79.899,0.73,2.81,0.57,5.0,0.56,13.0,0.52,10.4,0.51,60.4,0.74,10.0,0.78,15.2,0.79,38.7,0.8,16.2,0.81,66.89,0.26,10.0,0.22,15.2,0.21,38.7,0.2,16.2,0.19,66.89,0.27,2.81,0.43,5.0,0.44,13.0,0.48,10.4,0.49,60.4,0.01,0.01,0.094124,1776168978000
1776168980.766,80.766,0.73,2.81,0.57,5.0,0.56,13.0,0.52,10.4,0.51,60.4,0.74,10.0,0.78,15.2,0.79,38.7,0.8,16.2,0.81,66.89,0.26,10.0,0.22,15.2,0.21,38.7,0.2,16.2,0.19,66.89,0.27,2.81,0.43,5.0,0.44,13.0,0.48,10.4,0.49,60.4,0.01,0.01,0.094124,1776168979000
1776168981.749,81.749,0.73,2.81,0.57,5.0,0.56,13.0,0.52,10.4,0.51,60.4,0.74,10.0,0.78,15.2,0.79,38.7,0.8,16.2,0.81,66.89,0.26,10.0,0.22,15.2,0.21,38.7,0.2,16.2,0.19,66.89,0.27,2.81,0.43,5.0,0.44,13.0,0.48,10.4,0.49,60.4,0.01,0.01,0.094124,1776168980000
1776168982.715,82.715,0.73,2.81,0.57,5.0,0.56,13.0,0.52,10.4,0.51,60.4,0.74,10.0,0.78,15.2,0.79,38.7,0.8,16.2,0.81,66.89,0.26,10.0,0.22,15.2,0.21,38.7,0.2,16.2,0.19,66.89,0.27,2.81,0.43,5.0,0.44,13.0,0.48,10.4,0.49,60.4,0.01,0.01,0.094124,1776168981000
1776168983.629,83.629,0.73,2.81,0.57,5.0,0.56,13.0,0.52,10.4,0.51,60.4,0.74,10.0,0.78,15.2,0.79,38.7,0.8,16.2,0.81,66.89,0.26,10.0,0.22,15.2,0.21,38.7,0.2,16.2,0.19,66.89,0.27,2.81,0.43,5.0,0.44,13.0,0.48,10.4,0.49,60.4,0.01,0.01,0.094124,1776168982000
1776168984.781,84.781,0.73,2.81,0.57,5.0,0.56,13.0,0.52,10.4,0.51,60.4,0.74,10.0,0.78,15.2,0.79,38.7,0.8,16.2,0.81,66.89,0.26,10.0,0.22,15.2,0.21,38.7,0.2,16.2,0.19,66.89,0.27,2.81,0.43,5.0,0.44,13.0,0.48,10.4,0.49,60.4,0.01,0.01,0.094124,1776168983000
1776168985.614,85.614,0.73,2.81,0.57,5.0,0.56,13.0,0.52,10.4,0.51,60.4,0.74,10.0,0.78,15.2,0.79,38.7,0.8,16.2,0.81,66.89,0.26,10.0,0.22,15.2,0.21,38.7,0.2,16.2,0.19,66.89,0.27,2.81,0.43,5.0,0.44,13.0,0.48,10.4,0.49,60.4,0.01,0.01,0.094124,1776168984000
1776168986.39,86.39,0.73,2.81,0.57,5.0,0.56,13.0,0.52,10.4,0.51,60.4,0.74,10.0,0.78,15.2,0.79,38.7,0.8,16.2,0.81,66.89,0.26,10.0,0.22,15.2,0.21,38.7,0.2,16.2,0.19,66.89,0.27,2.81,0.43,5.0,0.44,13.0,0.48,10.4,0.49,60.4,0.01,0.01,0.094124,1776168985000
1776168987.275,87.275,0.73,2.81,0.57,5.0,0.56,13.0,0.52,10.4,0.51,60.4,0.74,10.0,0.78,15.2,0.79,38.7,0.8,16.2,0.81,66.89,0.26,10.0,0.22,15.2,0.21,38.7,0.2,16.2,0.19,66.89,0.27,2.81,0.43,5.0,0.44,13.0,0.48,10.4,0.49,60.4,0.01,0.01,0.094127,1776168986000
1776168988.697,88.697,0.73,2.81,0.57,5.0,0.56,13.0,0.52,10.4,0.51,60.4,0.74,10.0,0.78,15.2,0.79,38.7,0.8,16.2,0.81,66.89,0.26,10.0,0.22,15.2,0.21,38.7,0.2,16.2,0.19,66.89,0.27,2.81,0.43,5.0,0.44,13.0,0.48,10.4,0.49,60.4,0.01,0.01,0.094125,1776168987000
1776168989.455,89.455,0.73,2.81,0.57,5.0,0.56,13.0,0.52,10.4,0.51,60.4,0.74,10.0,0.78,15.2,0.79,38.7,0.8,16.2,0.81,66.89,0.26,10.0,0.22,15.2,0.21,38.7,0.2,16.2,0.19,66.89,0.27,2.81,0.43,5.0,0.44,13.0,0.48,10.4,0.49,60.4,0.01,0.01,0.094125,1776168988000
1776168990.369,90.369,0.73,2.81,0.57,5.0,0.56,13.0,0.52,10.4,0.51,60.4,0.74,10.0,0.78,15.2,0.79,38.7,0.8,16.2,0.81,66.89,0.26,10.0,0.22,15.2,0.21,38.7,0.2,16.2,0.19,66.89,0.27,2.81,0.43,5.0,0.44,13.0,0.48,10.4,0.49,60.4,0.01,0.01,0.094127,1776168989000
1776168991.787,91.787,0.73,2.81,0.57,5.0,0.56,13.0,0.52,10.4,0.51,60.4,0.74,10.0,0.78,15.2,0.79,38.7,0.8,16.2,0.81,66.89,0.26,10.0,0.22,15.2,0.21,38.7,0.2,16.2,0.19,66.89,0.27,2.81,0.43,5.0,0.44,13.0,0.48,10.4,0.49,60.4,0.01,0.01,0.094134,1776168990000
1776168992.653,92.653,0.73,2.81,0.57,5.0,0.56,13.0,0.52,10.4,0.51,60.4,0.74,10.0,0.78,15.2,0.79,38.7,0.8,16.2,0.81,66.89,0.26,10.0,0.22,15.2,0.21,38.7,0.2,16.2,0.19,66.89,0.27,2.81,0.43,5.0,0.44,13.0,0.48,10.4,0.49,60.4,0.01,0.01,0.094136,1776168991000
1776168993.355,93.355,0.73,2.81,0.57,5.0,0.56,13.0,0.52,10.4,0.51,60.4,0.74,10.0,0.78,15.2,0.79,38.7,0.8,16.2,0.81,66.89,0.26,10.0,0.22,15.2,0.21,38.7,0.2,16.2,0.19,66.89,0.27,2.81,0.43,5.0,0.44,13.0,0.48,10.4,0.49,60.4,0.01,0.01,0.094137,1776168992000
1776168994.731,94.731,0.73,2.81,0.57,5.0,0.56,13.0,0.52,10.4,0.51,60.4,0.74,10.0,0.78,15.2,0.79,38.7,0.8,16.2,0.81,66.89,0.26,10.0,0.22,15.2,0.21,38.7,0.2,16.2,0.19,66.89,0.27,2.81,0.43,5.0,0.44,13.0,0.48,10.4,0.49,60.4,0.01,0.01,0.094135,1776168993000
1776168995.316,95.316,0.73,2.81,0.57,5.0,0.56,13.0,0.52,10.4,0.51,60.4,0.74,10.0,0.78,15.2,0.79,38.7,0.8,16.2,0.81,66.89,0.26,10.0,0.22,15.2,0.21,38.7,0.2,16.2,0.19,66.89,0.27,2.81,0.43,5.0,0.44,13.0,0.48,10.4,0.49,60.4,0.01,0.01,0.094135,1776168994000
1776168996.81,96.81,0.73,2.81,0.57,5.0,0.56,13.0,0.52,10.4,0.51,60.4,0.74,10.0,0.78,15.2,0.79,38.7,0.8,16.2,0.81,66.89,0.26,10.0,0.22,15.2,0.21,38.7,0.2,16.2,0.19,66.89,0.27,2.81,0.43,5.0,0.44,13.0,0.48,10.4,0.49,60.4,0.01,0.01,0.094135,1776168995000
1776168997.43,97.43,0.73,2.81,0.57,5.0,0.56,13.0,0.52,10.4,0.51,60.4,0.74,10.0,0.78,15.2,0.79,38.7,0.8,16.2,0.81,66.89,0.26,10.0,0.22,15.2,0.21,38.7,0.2,16.2,0.19,66.89,0.27,2.81,0.43,5.0,0.44,13.0,0.48,10.4,0.49,60.4,0.01,0.01,0.094136,1776168996000
1776168998.762,98.762,0.73,2.81,0.57,5.0,0.56,13.0,0.52,10.4,0.51,60.4,0.74,10.0,0.78,15.2,0.79,38.7,0.8,16.2,0.81,66.89,0.26,10.0,0.22,15.2,0.21,38.7,0.2,16.2,0.19,66.89,0.27,2.81,0.43,5.0,0.44,13.0,0.48,10.4,0.49,60.4,0.01,0.01,0.094135,1776168997000
1776168999.483,99.483,0.73,2.81,0.57,5.0,0.56,13.0,0.52,10.4,0.51,60.4,0.74,10.0,0.78,15.2,0.79,38.7,0.8,16.2,0.81,66.89,0.26,10.0,0.22,15.2,0.21,38.7,0.2,16.2,0.19,66.89,0.27,2.81,0.43,5.0,0.44,13.0,0.48,10.4,0.49,60.4,0.01,0.01,0.094135,1776168998000
1776169000.076,100.076,0.73,2.81,0.57,5.0,0.56,13.0,0.52,10.4,0.51,60.4,0.74,10.0,0.78,15.2,0.79,38.7,0.8,16.2,0.81,66.89,0.26,10.0,0.22,15.2,0.21,38.7,0.2,16.2,0.19,66.89,0.27,2.81,0.43,5.0,0.44,13.0,0.48,10.4,0.49,60.4,0.01,0.01,0.094135,1776168999000
1776169001.406,101.406,0.73,2.81,0.57,5.0,0.56,13.0,0.52,10.4,0.51,60.4,0.74,10.0,0.78,15.2,0.79,38.7,0.8,16.2,0.81,66.89,0.26,10.0,0.22,15.2,0.21,38.7,0.2,16.2,0.19,66.89,0.27,2.81,0.43,5.0,0.44,13.0,0.48,10.4,0.49,60.4,0.01,0.01,0.094135,1776169000000
1776169001.997,101.997,0.73,2.81,0.57,5.0,0.56,13.0,0.52,10.4,0.51,60.4,0.74,10.0,0.78,15.2,0.79,38.7,0.8,16.2,0.81,66.89,0.26,10.0,0.22,15.2,0.21,38.7,0.2,16.2,0.19,66.89,0.27,2.81,0.43,5.0,0.44,13.0,0.48,10.4,0.49,60.4,0.01,0.01,0.09413,1776169001000
1776169003.244,103.244,0.73,2.81,0.57,5.0,0.56,13.0,0.52,10.4,0.51,60.4,0.74,10.0,0.78,15.2,0.79,38.7,0.8,16.2,0.81,66.89,0.26,10.0,0.22,15.2,0.21,38.7,0.2,16.2,0.19,66.89,0.27,2.81,0.43,5.0,0.44,13.0,0.48,10.4,0.49,60.4,0.01,0.01,0.09413,1776169002000
1776169005.331,105.331,0.73,2.81,0.57,5.0,0.56,13.0,0.52,10.4,0.51,60.4,0.74,10.0,0.78,15.2,0.79,38.7,0.8,16.2,0.81,66.89,0.26,10.0,0.22,15.2,0.21,38.7,0.2,16.2,0.19,66.89,0.27,2.81,0.43,5.0,0.44,13.0,0.48,10.4,0.49,60.4,0.01,0.01,0.09413,1776169004000
1776169006.245,106.245,0.73,2.81,0.57,5.0,0.56,13.0,0.52,10.4,0.51,60.4,0.74,10.0,0.78,15.2,0.79,38.7,0.8,16.2,0.81,66.89,0.26,10.0,0.22,15.2,0.21,38.7,0.2,16.2,0.19,66.89,0.27,2.81,0.43,5.0,0.44,13.0,0.48,10.4,0.49,60.4,0.01,0.01,0.094132,1776169005000
1776169007.774,107.774,0.73,2.81,0.57,5.0,0.56,13.0,0.52,10.4,0.51,60.4,0.74,10.0,0.78,15.2,0.79,38.7,0.8,16.2,0.81,66.89,0.26,10.0,0.22,15.2,0.21,38.7,0.2,16.2,0.19,66.89,0.27,2.81,0.43,5.0,0.44,13.0,0.48,10.4,0.49,60.4,0.01,0.01,0.094136,1776169006000
1776169008.344,108.344,0.73,2.81,0.57,5.0,0.56,13.0,0.52,10.4,0.51,60.4,0.74,10.0,0.78,15.2,0.79,38.7,0.8,16.2,0.81,66.89,0.26,10.0,0.22,15.2,0.21,38.7,0.2,16.2,0.19,66.89,0.27,2.81,0.43,5.0,0.44,13.0,0.48,10.4,0.49,60.4,0.01,0.01,0.094148,1776169007000
1776169009.148,109.148,0.73,2.81,0.57,5.0,0.56,13.0,0.52,10.4,0.51,60.4,0.74,10.0,0.78,15.2,0.79,38.7,0.8,16.2,0.81,66.89,0.26,10.0,0.22,15.2,0.21,38.7,0.2,16.2,0.19,66.89,0.27,2.81,0.43,5.0,0.44,13.0,0.48,10.4,0.49,60.4,0.01,0.01,0.094148,1776169008000
1776169010.425,110.425,0.73,2.81,0.57,5.0,0.56,13.0,0.52,10.4,0.51,60.4,0.74,10.0,0.78,15.2,0.79,38.7,0.8,16.2,0.81,66.89,0.26,10.0,0.22,15.2,0.21,38.7,0.2,16.2,0.19,66.89,0.27,2.81,0.43,5.0,0.44,13.0,0.48,10.4,0.49,60.4,0.01,0.01,0.094148,1776169009000
1776169011.303,111.303,0.73,2.81,0.57,5.0,0.56,13.0,0.52,10.4,0.51,60.4,0.74,10.0,0.78,15.2,0.79,38.7,0.8,16.2,0.81,66.89,0.26,10.0,0.22,15.2,0.21,38.7,0.2,16.2,0.19,66.89,0.27,2.81,0.43,5.0,0.44,13.0,0.48,10.4,0.49,60.4,0.01,0.01,0.094148,1776169010000
1776169012.74,112.74,0.73,2.81,0.57,5.0,0.56,13.0,0.52,10.4,0.51,60.4,0.74,10.0,0.78,15.2,0.79,38.7,0.8,16.2,0.81,66.89,0.26,10.0,0.22,15.2,0.21,38.7,0.2,16.2,0.19,66.89,0.27,2.81,0.43,5.0,0.44,13.0,0.48,10.4,0.49,60.4,0.01,0.01,0.094149,1776169011000
1776169013.456,113.456,0.73,2.81,0.57,5.0,0.56,13.0,0.52,10.4,0.51,60.4,0.74,10.0,0.78,15.2,0.79,38.7,0.8,16.2,0.81,66.89,0.26,10.0,0.22,15.2,0.21,38.7,0.2,16.2,0.19,66.89,0.27,2.81,0.43,5.0,0.44,13.0,0.48,10.4,0.49,60.4,0.01,0.01,0.094147,1776169012000
1776169014.211,114.211,0.73,2.81,0.57,5.0,0.56,13.0,0.52,10.4,0.51,60.4,0.74,10.0,0.78,15.2,0.79,38.7,0.8,16.2,0.81,66.89,0.26,10.0,0.22,15.2,0.21,38.7,0.2,16.2,0.19,66.89,0.27,2.81,0.43,5.0,0.44,13.0,0.48,10.4,0.49,60.4,0.01,0.01,0.094148,1776169013000
1776169015.574,115.574,0.73,2.81,0.57,5.0,0.56,13.0,0.52,10.4,0.51,60.4,0.74,10.0,0.78,15.2,0.79,38.7,0.8,16.2,0.81,66.89,0.26,10.0,0.22,15.2,0.21,38.7,0.2,16.2,0.19,66.89,0.27,2.81,0.43,5.0,0.44,13.0,0.48,10.4,0.49,60.4,0.01,0.01,0.094153,1776169014000
1776169016.256,116.256,0.73,2.81,0.57,5.0,0.56,13.0,0.52,10.4,0.51,60.4,0.74,10.0,0.78,15.2,0.79,38.7,0.8,16.2,0.81,66.89,0.26,10.0,0.22,15.2,0.21,38.7,0.2,16.2,0.19,66.89,0.27,2.81,0.43,5.0,0.44,13.0,0.48,10.4,0.49,60.4,0.01,0.01,0.094154,1776169015000
1776169017.471,117.471,0.73,2.81,0.57,5.0,0.56,13.0,0.52,10.4,0.51,60.4,0.74,10.0,0.78,15.2,0.79,38.7,0.8,16.2,0.81,66.89,0.26,10.0,0.22,15.2,0.21,38.7,0.2,16.2,0.19,66.89,0.27,2.81,0.43,5.0,0.44,13.0,0.48,10.4,0.49,60.4,0.01,0.01,0.094153,1776169016000
1776169018.029,118.029,0.73,2.81,0.57,5.0,0.56,13.0,0.52,10.4,0.51,60.4,0.74,10.0,0.78,15.2,0.79,38.7,0.8,16.2,0.81,66.89,0.26,10.0,0.22,15.2,0.21,38.7,0.2,16.2,0.19,66.89,0.27,2.81,0.43,5.0,0.44,13.0,0.48,10.4,0.49,60.4,0.01,0.01,0.094153,1776169017000
1776169019.025,119.025,0.73,2.81,0.57,5.0,0.56,13.0,0.52,10.4,0.51,60.4,0.74,10.0,0.78,15.2,0.79,38.7,0.8,16.2,0.81,66.89,0.26,10.0,0.22,15.2,0.21,38.7,0.2,16.2,0.19,66.89,0.27,2.81,0.43,5.0,0.44,13.0,0.48,10.4,0.49,60.4,0.01,0.01,0.094153,1776169018000
1776169020.199,120.199,0.73,2.81,0.57,5.0,0.56,13.0,0.52,10.4,0.51,60.4,0.74,10.0,0.78,15.2,0.79,38.7,0.8,16.2,0.81,66.89,0.26,10.0,0.22,15.2,0.21,38.7,0.2,16.2,0.19,66.89,0.27,2.81,0.43,5.0,0.44,13.0,0.48,10.4,0.49,60.4,0.01,0.01,0.094156,1776169019000
1776169021.322,121.322,0.73,2.81,0.57,5.0,0.56,13.0,0.52,10.4,0.51,60.4,0.74,10.0,0.78,15.2,0.79,38.7,0.8,16.2,0.81,66.89,0.26,10.0,0.22,15.2,0.21,38.7,0.2,16.2,0.19,66.89,0.27,2.81,0.43,5.0,0.44,13.0,0.48,10.4,0.49,60.4,0.01,0.01,0.094158,1776169020000
1776169022.439,122.439,0.73,2.81,0.57,5.0,0.56,13.0,0.52,10.4,0.51,60.4,0.74,10.0,0.78,15.2,0.79,38.7,0.8,16.2,0.81,66.89,0.26,10.0,0.22,15.2,0.21,38.7,0.2,16.2,0.19,66.89,0.27,2.81,0.43,5.0,0.44,13.0,0.48,10.4,0.49,60.4,0.01,0.01,0.09416,1776169021000
1776169022.782,122.782,0.77,6.0,0.73,10.0,0.71,62.6,0.7,12.4,0.69,12.2,0.83,2.99,0.84,19.3,0.85,25.39,0.86,21.6,0.87,28.0,0.26,10.0,0.22,15.2,0.21,38.7,0.2,16.2,0.19,66.89,0.27,2.81,0.43,5.0,0.44,13.0,0.48,10.4,0.49,60.4,0.06,0.01,0.09416,1776169021000
1776169023.068,123.068,0.77,6.0,0.73,10.0,0.71,62.6,0.7,12.4,0.69,12.2,0.83,2.99,0.84,19.3,0.85,25.39,0.86,21.6,0.87,28.0,0.17,2.99,0.16,19.3,0.15,25.39,0.14,21.6,0.13,28.0,0.23,6.0,0.27,10.0,0.29,62.6,0.3,12.4,0.31,12.2,0.06,0.06,0.09416,1776169022000
1776169024.342,124.342,0.77,6.0,0.73,10.0,0.71,62.6,0.7,12.4,0.69,12.2,0.83,2.99,0.84,19.3,0.85,25.39,0.86,21.6,0.87,28.0,0.17,2.99,0.16,19.3,0.15,25.39,0.14,21.6,0.13,28.0,0.23,6.0,0.27,10.0,0.29,62.6,0.3,12.4,0.31,12.2,0.06,0.06,0.094158,1776169023000
1776169025.245,125.245,0.77,6.0,0.73,10.0,0.71,62.6,0.7,12.4,0.69,12.2,0.83,2.99,0.84,19.3,0.85,25.39,0.86,21.6,0.87,28.0,0.17,2.99,0.16,19.3,0.15,25.39,0.14,21.6,0.13,28.0,0.23,6.0,0.27,10.0,0.29,62.6,0.3,12.4,0.31,12.2,0.06,0.06,0.094158,1776169024000
1776169026.334,126.334,0.77,6.0,0.73,10.0,0.71,62.6,0.7,12.4,0.69,12.2,0.83,2.99,0.84,19.3,0.85,25.39,0.86,21.6,0.87,28.0,0.17,2.99,0.16,19.3,0.15,25.39,0.14,21.6,0.13,28.0,0.23,6.0,0.27,10.0,0.29,62.6,0.3,12.4,0.31,12.2,0.06,0.06,0.094168,1776169025000
1776169026.966,126.966,0.77,6.0,0.73,10.0,0.71,62.6,0.7,12.4,0.69,12.2,0.83,2.99,0.84,19.3,0.85,25.39,0.86,21.6,0.87,28.0,0.17,2.99,0.16,19.3,0.15,25.39,0.14,21.6,0.13,28.0,0.23,6.0,0.27,10.0,0.29,62.6,0.3,12.4,0.31,12.2,0.06,0.06,0.094169,1776169026000
1776169028.131,128.131,0.77,6.0,0.73,10.0,0.71,62.6,0.7,12.4,0.69,12.2,0.83,2.99,0.84,19.3,0.85,25.39,0.86,21.6,0.87,28.0,0.17,2.99,0.16,19.3,0.15,25.39,0.14,21.6,0.13,28.0,0.23,6.0,0.27,10.0,0.29,62.6,0.3,12.4,0.31,12.2,0.06,0.06,0.094169,1776169027000
1776169029.237,129.237,0.84,5.0,0.81,50.0,0.8,5.0,0.79,5.0,0.76,24.3,0.88,9.42,0.89,26.6,0.9,33.9,0.91,36.7,0.92,35.29,0.12,9.42,0.11,26.6,0.1,33.9,0.09,36.7,0.08,35.29,0.16,5.0,0.19,50.0,0.2,5.0,0.21,5.0,0.24,24.3,0.04,0.04,0.09417,1776169028000
1776169029.916,129.916,0.84,5.0,0.81,50.0,0.8,5.0,0.79,5.0,0.76,24.3,0.88,9.42,0.89,26.6,0.9,33.9,0.91,36.7,0.92,35.29,0.12,9.42,0.11,26.6,0.1,33.9,0.09,36.7,0.08,35.29,0.16,5.0,0.19,50.0,0.2,5.0,0.21,5.0,0.24,24.3,0.04,0.04,0.094175,1776169029000
1776169030.966,130.966,0.84,5.0,0.81,50.0,0.8,5.0,0.79,5.0,0.76,24.3,0.88,9.42,0.89,26.6,0.9,33.9,0.91,36.7,0.92,35.29,0.12,9.42,0.11,26.6,0.1,33.9,0.09,36.7,0.08,35.29,0.16,5.0,0.19,50.0,0.2,5.0,0.21,5.0,0.24,24.3,0.04,0.04,0.09418,1776169030000
1776169032.039,132.039,0.84,5.0,0.81,50.0,0.8,5.0,0.79,5.0,0.76,24.3,0.88,9.42,0.89,26.6,0.9,33.9,0.91,36.7,0.92,35.29,0.12,9.42,0.11,26.6,0.1,33.9,0.09,36.7,0.08,35.29,0.16,5.0,0.19,50.0,0.2,5.0,0.21,5.0,0.24,24.3,0.04,0.04,0.09418,1776169031000
1776169032.982,132.982,0.84,5.0,0.81,50.0,0.8,5.0,0.79,5.0,0.76,24.3,0.88,9.42,0.89,26.6,0.9,33.9,0.91,36.7,0.92,35.29,0.12,9.42,0.11,26.6,0.1,33.9,0.09,36.7,0.08,35.29,0.16,5.0,0.19,50.0,0.2,5.0,0.21,5.0,0.24,24.3,0.04,0.04,0.09418,1776169032000
1776169034.022,134.022,0.84,5.0,0.81,50.0,0.8,5.0,0.79,5.0,0.76,24.3,0.88,9.42,0.89,26.6,0.9,33.9,0.91,36.7,0.92,35.29,0.12,9.42,0.11,26.6,0.1,33.9,0.09,36.7,0.08,35.29,0.16,5.0,0.19,50.0,0.2,5.0,0.21,5.0,0.24,24.3,0.04,0.04,0.094179,1776169033000
1776169035.092,135.092,0.84,5.0,0.81,50.0,0.8,5.0,0.79,5.0,0.76,24.3,0.88,9.42,0.89,26.6,0.9,33.9,0.91,36.7,0.92,35.29,0.12,9.42,0.11,26.6,0.1,33.9,0.09,36.7,0.08,35.29,0.16,5.0,0.19,50.0,0.2,5.0,0.21,5.0,0.24,24.3,0.04,0.04,0.094191,1776169034000
1776169036.125,136.125,0.84,5.0,0.81,50.0,0.8,5.0,0.79,5.0,0.76,24.3,0.88,9.42,0.89,26.6,0.9,33.9,0.91,36.7,0.92,35.29,0.12,9.42,0.11,26.6,0.1,33.9,0.09,36.7,0.08,35.29,0.16,5.0,0.19,50.0,0.2,5.0,0.21,5.0,0.24,24.3,0.04,0.04,0.094192,1776169035000
1776169037.043,137.043,0.84,5.0,0.81,50.0,0.8,5.0,0.79,5.0,0.76,24.3,0.88,9.42,0.89,26.6,0.9,33.9,0.91,36.7,0.92,35.29,0.12,9.42,0.11,26.6,0.1,33.9,0.09,36.7,0.08,35.29,0.16,5.0,0.19,50.0,0.2,5.0,0.21,5.0,0.24,24.3,0.04,0.04,0.0942,1776169036000
1776169038.095,138.095,0.84,5.0,0.81,50.0,0.8,5.0,0.79,5.0,0.76,24.3,0.88,9.42,0.89,26.6,0.9,33.9,0.91,36.7,0.92,35.29,0.12,9.42,0.11,26.6,0.1,33.9,0.09,36.7,0.08,35.29,0.16,5.0,0.19,50.0,0.2,5.0,0.21,5.0,0.24,24.3,0.04,0.04,0.0942,1776169037000

# RESULT,winner=Up,slug=doge-updown-5m-1776168900,ticks=136
