timestamp,elapsed_sec,up_bid_p1,up_bid_s1,up_bid_p2,up_bid_s2,up_ask_p1,up_ask_s1,up_ask_p2,up_ask_s2,down_bid_p1,down_bid_s1,down_bid_p2,down_bid_s2,down_ask_p1,down_ask_s1,down_ask_p2,down_ask_s2,up_spread,down_spread,doge_price,doge_oracle_ts
1776228601.377,1.377,0.39,5.0,0.36,5.0,0.61,5.0,0.64,5.0,0.39,5.0,0.36,5.0,0.61,5.0,0.64,5.0,0.22,0.22,0.093548,1776228600000
1776228601.815,1.815,0.39,5.0,0.36,5.0,0.61,10.0,0.64,10.0,0.39,5.0,0.36,5.0,0.61,5.0,0.64,5.0,0.22,0.22,0.093548,1776228600000
1776228602.27,2.27,0.39,5.0,0.36,5.0,0.61,10.0,0.64,10.0,0.39,10.0,0.36,10.0,0.61,5.0,0.64,5.0,0.22,0.22,0.093548,1776228601000
1776228603.274,3.274,0.39,5.0,0.36,5.0,0.61,10.0,0.64,10.0,0.39,10.0,0.36,10.0,0.61,5.0,0.64,5.0,0.22,0.22,0.093534,1776228602000
1776228604.429,4.429,0.39,5.0,0.36,5.0,0.61,10.0,0.64,10.0,0.39,10.0,0.36,10.0,0.61,5.0,0.64,5.0,0.22,0.22,0.093522,1776228603000
1776228604.998,4.998,0.39,5.0,0.36,5.0,0.61,10.0,0.64,10.0,0.39,10.0,0.36,10.0,0.61,5.0,0.64,5.0,0.22,0.22,0.093522,1776228604000
1776228605.888,5.888,0.39,5.0,0.36,10.0,0.46,33.0,0.47,10.0,0.39,10.0,0.36,10.0,0.61,5.0,0.64,5.0,0.07,0.22,0.093522,1776228604000
1776228606.301,6.301,0.36,10.0,0.33,11.0,0.4,5.0,0.46,33.0,0.54,33.0,0.53,10.0,0.61,5.0,0.64,10.0,0.04,0.07,0.093522,1776228605000
1776228607.21,7.21,0.36,10.0,0.33,11.0,0.4,5.0,0.46,33.0,0.6,5.0,0.54,33.0,0.64,10.0,0.67,11.0,0.04,0.04,0.09352,1776228606000
1776228608.359,8.359,0.36,10.0,0.33,11.0,0.4,5.0,0.46,33.0,0.6,5.0,0.54,33.0,0.64,10.0,0.67,11.0,0.04,0.04,0.093517,1776228607000
1776228608.89,8.89,0.29,3.45,0.28,5.0,0.38,5.0,0.4,5.0,0.6,5.0,0.54,33.0,0.64,10.0,0.67,11.0,0.09,0.04,0.093517,1776228607000
1776228609.311,9.311,0.29,5.0,0.28,5.0,0.42,7.52,0.43,10.0,0.62,5.0,0.6,5.0,0.71,3.45,0.72,5.0,0.13,0.09,0.093514,1776228608000
1776228610.186,10.186,0.29,5.0,0.28,5.0,0.42,7.52,0.43,10.0,0.58,7.52,0.57,10.0,0.71,5.0,0.72,5.0,0.13,0.13,0.093515,1776228609000
1776228611.276,11.276,0.29,5.0,0.28,5.0,0.42,7.52,0.43,10.0,0.58,7.52,0.57,10.0,0.71,5.0,0.72,5.0,0.13,0.13,0.093514,1776228610000
1776228612.441,12.441,0.29,5.0,0.28,5.0,0.42,7.52,0.43,10.0,0.58,7.52,0.57,10.0,0.71,5.0,0.72,5.0,0.13,0.13,0.093514,1776228611000
1776228612.901,12.901,0.29,5.0,0.28,5.0,0.42,7.52,0.43,10.0,0.58,7.52,0.57,10.0,0.71,5.0,0.72,5.0,0.13,0.13,0.093515,1776228612000
1776228613.315,13.315,0.28,5.0,0.26,32.0,0.41,5.0,0.42,7.52,0.58,7.52,0.57,10.0,0.71,5.0,0.72,5.0,0.13,0.13,0.093515,1776228612000
1776228614.113,14.113,0.28,5.0,0.26,32.0,0.41,5.0,0.42,7.52,0.59,5.0,0.58,7.52,0.72,5.0,0.74,32.0,0.13,0.13,0.093516,1776228613000
1776228615.828,15.828,0.28,5.0,0.26,32.0,0.41,5.0,0.42,7.52,0.59,5.0,0.58,7.52,0.72,5.0,0.74,32.0,0.13,0.13,0.093515,1776228614000
1776228616.332,16.332,0.28,5.0,0.26,32.0,0.41,5.0,0.42,7.52,0.59,5.0,0.58,7.52,0.72,5.0,0.74,32.0,0.13,0.13,0.093508,1776228615000
1776228617.389,17.389,0.28,5.0,0.26,32.0,0.41,5.0,0.42,7.52,0.59,5.0,0.58,7.52,0.72,5.0,0.74,32.0,0.13,0.13,0.093511,1776228616000
1776228617.953,17.953,0.28,5.0,0.26,32.0,0.41,5.0,0.42,7.52,0.59,5.0,0.58,7.52,0.72,5.0,0.74,32.0,0.13,0.13,0.093511,1776228617000
1776228618.925,18.925,0.28,5.0,0.26,32.0,0.41,5.0,0.42,7.52,0.59,5.0,0.58,7.52,0.72,5.0,0.74,32.0,0.13,0.13,0.093513,1776228618000
1776228620.005,20.005,0.28,5.0,0.26,32.0,0.41,5.0,0.42,7.52,0.59,5.0,0.58,7.52,0.72,5.0,0.74,32.0,0.13,0.13,0.093511,1776228619000
1776228621.133,21.133,0.28,5.0,0.26,32.0,0.41,5.0,0.42,7.52,0.59,5.0,0.58,7.52,0.72,5.0,0.74,32.0,0.13,0.13,0.093524,1776228620000
1776228622.128,22.128,0.28,5.0,0.26,32.0,0.41,5.0,0.42,7.52,0.59,5.0,0.58,7.52,0.72,5.0,0.74,32.0,0.13,0.13,0.093524,1776228621000
1776228622.385,22.385,0.45,5.0,0.41,50.0,0.47,3.68,0.5,10.0,0.59,5.0,0.58,7.52,0.72,5.0,0.74,32.0,0.02,0.13,0.093524,1776228621000
1776228623.186,23.186,0.5,1.58,0.45,37.0,0.53,5.0,0.56,10.0,0.47,5.0,0.44,10.0,0.5,1.58,0.55,37.0,0.03,0.03,0.093523,1776228622000
1776228624.265,24.265,0.52,29.0,0.5,8.58,0.56,10.0,0.59,10.0,0.44,10.0,0.41,10.0,0.48,29.0,0.5,8.58,0.04,0.04,0.093532,1776228623000
1776228624.591,24.591,0.52,24.0,0.51,5.0,0.56,10.0,0.59,10.0,0.44,10.0,0.41,10.0,0.48,29.0,0.5,8.58,0.04,0.04,0.093532,1776228623000
1776228625.325,25.325,0.52,24.0,0.51,5.0,0.56,10.0,0.59,10.0,0.44,10.0,0.41,10.0,0.48,24.0,0.49,5.0,0.04,0.04,0.093576,1776228624000
1776228626.331,26.331,0.52,24.0,0.51,5.0,0.56,10.0,0.59,10.0,0.44,10.0,0.41,10.0,0.48,24.0,0.49,5.0,0.04,0.04,0.093564,1776228625000
1776228626.877,26.877,0.52,24.0,0.51,5.0,0.56,10.0,0.59,10.0,0.44,10.0,0.41,10.0,0.48,24.0,0.49,5.0,0.04,0.04,0.093564,1776228626000
1776228627.967,27.967,0.52,24.0,0.51,5.0,0.56,10.0,0.59,10.0,0.44,10.0,0.41,10.0,0.48,24.0,0.49,5.0,0.04,0.04,0.093572,1776228627000
1776228629.446,29.446,0.52,24.0,0.51,5.0,0.56,10.0,0.59,10.0,0.44,10.0,0.41,10.0,0.48,24.0,0.49,5.0,0.04,0.04,0.093567,1776228628000
1776228629.728,29.728,0.5,3.58,0.49,20.0,0.57,5.0,0.58,5.0,0.44,10.0,0.41,10.0,0.48,24.0,0.49,5.0,0.07,0.04,0.093567,1776228628000
1776228630.022,30.022,0.5,3.58,0.49,20.0,0.57,5.0,0.58,5.0,0.43,5.0,0.42,5.0,0.5,3.58,0.51,20.0,0.07,0.07,0.093566,1776228629000
1776228631.019,31.019,0.5,3.58,0.49,20.0,0.57,5.0,0.58,5.0,0.43,5.0,0.42,5.0,0.5,3.58,0.51,20.0,0.07,0.07,0.093556,1776228630000
1776228632.118,32.118,0.5,3.58,0.49,20.0,0.57,5.0,0.58,5.0,0.43,5.0,0.42,5.0,0.5,3.58,0.51,20.0,0.07,0.07,0.093561,1776228631000
1776228633.006,33.006,0.5,3.58,0.49,20.0,0.57,5.0,0.58,5.0,0.43,5.0,0.42,5.0,0.5,3.58,0.51,20.0,0.07,0.07,0.093565,1776228632000
1776228634.154,34.154,0.5,3.58,0.49,20.0,0.57,5.0,0.58,5.0,0.43,5.0,0.42,5.0,0.5,3.58,0.51,20.0,0.07,0.07,0.093564,1776228633000
1776228635.161,35.161,0.5,3.58,0.49,20.0,0.57,5.0,0.58,5.0,0.43,5.0,0.42,5.0,0.5,3.58,0.51,20.0,0.07,0.07,0.093559,1776228634000
1776228636.264,36.264,0.5,3.58,0.49,20.0,0.57,5.0,0.58,5.0,0.43,5.0,0.42,5.0,0.5,3.58,0.51,20.0,0.07,0.07,0.093566,1776228635000
1776228637.236,37.236,0.5,3.58,0.49,20.0,0.57,5.0,0.58,5.0,0.43,5.0,0.42,5.0,0.5,3.58,0.51,20.0,0.07,0.07,0.093566,1776228636000
1776228638.175,38.175,0.5,3.58,0.49,20.0,0.57,5.0,0.58,5.0,0.43,5.0,0.42,5.0,0.5,3.58,0.51,20.0,0.07,0.07,0.093566,1776228637000
1776228639.205,39.205,0.5,3.58,0.49,20.0,0.57,5.0,0.58,5.0,0.43,5.0,0.42,5.0,0.5,3.58,0.51,20.0,0.07,0.07,0.093566,1776228638000
1776228640.31,40.31,0.5,3.58,0.49,20.0,0.57,5.0,0.58,5.0,0.43,5.0,0.42,5.0,0.5,3.58,0.51,20.0,0.07,0.07,0.093565,1776228639000
1776228641.325,41.325,0.5,3.58,0.49,20.0,0.57,5.0,0.58,5.0,0.43,5.0,0.42,5.0,0.5,3.58,0.51,20.0,0.07,0.07,0.093562,1776228640000
1776228641.923,41.923,0.5,3.58,0.49,20.0,0.57,5.0,0.58,5.0,0.43,5.0,0.42,5.0,0.5,3.58,0.51,20.0,0.07,0.07,0.093562,1776228641000
1776228642.124,42.124,0.55,60.34,0.51,15.0,0.63,2.06,0.65,10.0,0.43,5.0,0.42,5.0,0.5,3.58,0.51,20.0,0.08,0.07,0.093562,1776228641000
1776228643.487,43.487,0.55,60.34,0.51,15.0,0.63,2.06,0.65,10.0,0.37,2.06,0.35,10.0,0.45,60.34,0.49,15.0,0.08,0.08,0.093563,1776228642000
1776228643.968,43.968,0.55,60.34,0.51,15.0,0.63,2.06,0.65,10.0,0.37,2.06,0.35,10.0,0.45,60.34,0.49,15.0,0.08,0.08,0.093561,1776228643000
1776228645.15,45.15,0.55,60.34,0.51,15.0,0.63,2.06,0.65,10.0,0.37,2.06,0.35,10.0,0.45,60.34,0.49,15.0,0.08,0.08,0.093561,1776228644000
1776228646.334,46.334,0.55,60.34,0.51,15.0,0.63,2.06,0.65,10.0,0.37,2.06,0.35,10.0,0.45,60.34,0.49,15.0,0.08,0.08,0.093561,1776228645000
1776228646.988,46.988,0.55,60.34,0.51,15.0,0.63,2.06,0.65,10.0,0.37,2.06,0.35,10.0,0.45,60.34,0.49,15.0,0.08,0.08,0.093564,1776228646000
1776228648.114,48.114,0.55,60.34,0.51,15.0,0.63,2.06,0.65,10.0,0.37,2.06,0.35,10.0,0.45,60.34,0.49,15.0,0.08,0.08,0.093571,1776228647000
1776228649.308,49.308,0.55,60.34,0.51,15.0,0.63,2.06,0.65,10.0,0.37,2.06,0.35,10.0,0.45,60.34,0.49,15.0,0.08,0.08,0.093572,1776228648000
1776228650.443,50.443,0.55,60.34,0.51,15.0,0.63,2.06,0.65,10.0,0.37,2.06,0.35,10.0,0.45,60.34,0.49,15.0,0.08,0.08,0.093572,1776228649000
1776228651.176,51.176,0.55,60.34,0.51,15.0,0.63,2.06,0.65,10.0,0.37,2.06,0.35,10.0,0.45,60.34,0.49,15.0,0.08,0.08,0.093572,1776228650000
1776228652.764,52.764,0.55,60.34,0.51,15.0,0.63,2.06,0.65,10.0,0.37,2.06,0.35,10.0,0.45,60.34,0.49,15.0,0.08,0.08,0.093574,1776228651000
1776228653.798,53.798,0.55,60.34,0.51,15.0,0.63,2.06,0.65,10.0,0.37,2.06,0.35,10.0,0.45,60.34,0.49,15.0,0.08,0.08,0.093576,1776228652000
1776228654.701,54.701,0.55,60.34,0.51,15.0,0.63,2.06,0.65,10.0,0.37,2.06,0.35,10.0,0.45,60.34,0.49,15.0,0.08,0.08,0.093578,1776228653000
1776228655.347,55.347,0.55,60.34,0.51,15.0,0.63,2.06,0.65,10.0,0.37,2.06,0.35,10.0,0.45,60.34,0.49,15.0,0.08,0.08,0.093576,1776228654000
1776228656.074,56.074,0.55,60.34,0.51,15.0,0.63,2.06,0.65,10.0,0.37,2.06,0.35,10.0,0.45,60.34,0.49,15.0,0.08,0.08,0.093576,1776228655000
1776228656.531,56.531,0.59,5.0,0.56,5.0,0.66,4.11,0.67,11.8,0.37,2.06,0.35,10.0,0.45,60.34,0.49,15.0,0.07,0.08,0.093576,1776228655000
1776228657.281,57.281,0.59,5.0,0.56,5.0,0.66,4.11,0.67,11.8,0.34,4.11,0.33,11.8,0.41,5.0,0.44,5.0,0.07,0.07,0.093573,1776228656000
1776228657.962,57.962,0.59,5.0,0.56,5.0,0.66,4.11,0.67,11.8,0.34,4.11,0.33,11.8,0.41,5.0,0.44,5.0,0.07,0.07,0.093573,1776228657000
1776228659.093,59.093,0.59,5.0,0.56,5.0,0.66,4.11,0.67,11.8,0.34,4.11,0.33,11.8,0.41,5.0,0.44,5.0,0.07,0.07,0.093572,1776228658000
1776228660.168,60.168,0.59,5.0,0.56,5.0,0.66,4.11,0.67,11.8,0.34,4.11,0.33,11.8,0.41,5.0,0.44,5.0,0.07,0.07,0.093572,1776228659000
1776228661.539,61.539,0.59,5.0,0.56,5.0,0.66,4.11,0.67,11.8,0.34,4.11,0.33,11.8,0.41,5.0,0.44,5.0,0.07,0.07,0.093573,1776228660000
1776228662.256,62.256,0.59,5.0,0.56,5.0,0.66,4.11,0.67,11.8,0.34,4.11,0.33,11.8,0.41,5.0,0.44,5.0,0.07,0.07,0.093573,1776228661000
1776228663.573,63.573,0.59,5.0,0.56,5.0,0.66,4.11,0.67,11.8,0.34,4.11,0.33,11.8,0.41,5.0,0.44,5.0,0.07,0.07,0.093573,1776228662000
1776228664.211,64.211,0.59,5.0,0.56,5.0,0.66,4.11,0.67,11.8,0.34,4.11,0.33,11.8,0.41,5.0,0.44,5.0,0.07,0.07,0.093573,1776228663000
1776228665.549,65.549,0.59,5.0,0.56,5.0,0.66,4.11,0.67,11.8,0.34,4.11,0.33,11.8,0.41,5.0,0.44,5.0,0.07,0.07,0.093573,1776228664000
1776228666.181,66.181,0.59,5.0,0.56,5.0,0.66,4.11,0.67,11.8,0.34,4.11,0.33,11.8,0.41,5.0,0.44,5.0,0.07,0.07,0.093573,1776228665000
1776228666.983,66.983,0.55,65.34,0.52,10.0,0.56,15.0,0.57,10.0,0.34,4.11,0.33,11.8,0.41,5.0,0.44,5.0,0.01,0.07,0.093573,1776228665000
1776228667.384,67.384,0.55,45.34,0.51,5.0,0.56,15.0,0.57,10.0,0.44,15.0,0.43,10.0,0.45,60.34,0.48,10.0,0.01,0.01,0.093573,1776228665000
1776228668.096,68.096,0.55,45.34,0.51,5.0,0.56,15.0,0.57,10.0,0.44,15.0,0.43,10.0,0.45,45.34,0.49,5.0,0.01,0.01,0.093565,1776228667000
1776228669.456,69.456,0.55,45.34,0.51,5.0,0.56,15.0,0.57,10.0,0.44,15.0,0.43,10.0,0.45,45.34,0.49,5.0,0.01,0.01,0.093548,1776228668000
1776228670.003,70.003,0.55,36.14,0.51,5.0,0.56,15.0,0.57,10.0,0.44,15.0,0.43,10.0,0.45,36.14,0.49,5.0,0.01,0.01,0.093543,1776228669000
1776228671.403,71.403,0.55,36.14,0.51,5.0,0.56,15.0,0.57,10.0,0.44,15.0,0.43,10.0,0.45,36.14,0.49,5.0,0.01,0.01,0.093543,1776228670000
1776228672.007,72.007,0.55,24.84,0.51,5.0,0.56,25.6,0.57,20.6,0.44,25.6,0.43,20.6,0.45,24.84,0.49,5.0,0.01,0.01,0.093543,1776228671000
1776228673.24,73.24,0.55,24.84,0.51,5.0,0.56,25.6,0.57,20.6,0.44,25.6,0.43,20.6,0.45,24.84,0.49,5.0,0.01,0.01,0.093541,1776228672000
1776228674.511,74.511,0.55,24.84,0.51,5.0,0.56,25.6,0.57,20.6,0.44,25.6,0.43,20.6,0.45,24.84,0.49,5.0,0.01,0.01,0.093541,1776228673000
1776228675.075,75.075,0.55,24.84,0.51,5.0,0.56,25.6,0.57,20.6,0.44,25.6,0.43,20.6,0.45,24.84,0.49,5.0,0.01,0.01,0.093542,1776228674000
1776228677.019,77.019,0.55,24.84,0.51,5.0,0.56,25.6,0.57,20.6,0.44,25.6,0.43,20.6,0.45,24.84,0.49,5.0,0.01,0.01,0.093543,1776228676000
1776228678.656,78.656,0.55,24.84,0.51,5.0,0.56,23.81,0.57,20.6,0.44,25.6,0.43,20.6,0.45,24.84,0.49,5.0,0.01,0.01,0.093543,1776228676000
1776228679.663,79.663,0.55,24.84,0.51,5.0,0.56,23.81,0.57,20.6,0.44,23.81,0.43,20.6,0.45,24.84,0.49,5.0,0.01,0.01,0.093543,1776228678000
1776228679.872,79.872,0.55,24.84,0.51,5.0,0.58,5.0,0.61,15.0,0.42,10.0,0.39,15.0,0.45,24.84,0.49,5.0,0.03,0.03,0.093543,1776228678000
1776228680.4,80.4,0.55,24.84,0.51,5.0,0.58,5.0,0.61,15.0,0.42,5.0,0.39,15.0,0.45,24.84,0.49,5.0,0.03,0.03,0.093543,1776228679000
1776228681.133,81.133,0.55,24.84,0.51,5.0,0.58,5.0,0.61,15.0,0.42,5.0,0.39,15.0,0.45,24.84,0.49,5.0,0.03,0.03,0.093544,1776228680000
1776228682.612,82.612,0.55,24.84,0.51,5.0,0.58,5.0,0.61,15.0,0.42,5.0,0.39,15.0,0.45,24.84,0.49,5.0,0.03,0.03,0.093557,1776228681000
1776228683.273,83.273,0.55,24.84,0.51,5.0,0.58,5.0,0.61,15.0,0.42,5.0,0.39,15.0,0.45,24.84,0.49,5.0,0.03,0.03,0.093557,1776228682000
1776228684.659,84.659,0.55,24.84,0.51,5.0,0.58,5.0,0.61,15.0,0.42,5.0,0.39,15.0,0.45,24.84,0.49,5.0,0.03,0.03,0.093557,1776228683000
1776228685.29,85.29,0.55,24.84,0.51,5.0,0.58,5.0,0.61,15.0,0.42,5.0,0.39,15.0,0.45,24.84,0.49,5.0,0.03,0.03,0.093557,1776228684000
1776228686.076,86.076,0.55,24.84,0.51,5.0,0.58,5.0,0.61,15.0,0.42,5.0,0.39,15.0,0.45,24.84,0.49,5.0,0.03,0.03,0.093557,1776228685000
1776228687.44,87.44,0.55,24.84,0.51,5.0,0.58,5.0,0.61,15.0,0.42,5.0,0.39,15.0,0.45,24.84,0.49,5.0,0.03,0.03,0.093557,1776228686000
1776228688.098,88.098,0.55,24.84,0.51,5.0,0.58,5.0,0.61,15.0,0.42,5.0,0.39,15.0,0.45,24.84,0.49,5.0,0.03,0.03,0.093557,1776228687000
1776228689.438,89.438,0.55,24.84,0.51,5.0,0.58,5.0,0.61,15.0,0.42,5.0,0.39,15.0,0.45,24.84,0.49,5.0,0.03,0.03,0.093558,1776228688000
1776228689.667,89.667,0.57,5.0,0.55,24.84,0.63,5.0,0.66,10.0,0.42,5.0,0.39,15.0,0.45,24.84,0.49,5.0,0.06,0.03,0.093558,1776228688000
1776228690.13,90.13,0.57,5.0,0.55,24.84,0.63,5.0,0.66,10.0,0.37,5.0,0.34,10.0,0.43,5.0,0.45,24.84,0.06,0.06,0.093558,1776228689000
1776228691.415,91.415,0.57,5.0,0.55,24.84,0.63,5.0,0.66,10.0,0.37,5.0,0.34,10.0,0.43,5.0,0.45,24.84,0.06,0.06,0.093558,1776228690000
1776228692.143,92.143,0.57,5.0,0.55,24.84,0.63,5.0,0.66,10.0,0.37,5.0,0.34,10.0,0.43,5.0,0.45,24.84,0.06,0.06,0.09357,1776228691000
1776228693.439,93.439,0.57,5.0,0.55,24.84,0.63,5.0,0.66,10.0,0.37,5.0,0.34,10.0,0.43,5.0,0.45,24.84,0.06,0.06,0.093573,1776228692000
1776228694.267,94.267,0.57,5.0,0.55,24.84,0.63,5.0,0.66,10.0,0.37,5.0,0.34,10.0,0.43,5.0,0.45,24.84,0.06,0.06,0.093573,1776228693000
1776228695.334,95.334,0.57,5.0,0.55,24.84,0.63,5.0,0.66,10.0,0.37,5.0,0.34,10.0,0.43,5.0,0.45,24.84,0.06,0.06,0.093575,1776228694000
1776228696.411,96.411,0.57,5.0,0.55,24.84,0.63,5.0,0.66,10.0,0.37,5.0,0.34,10.0,0.43,5.0,0.45,24.84,0.06,0.06,0.093572,1776228695000
1776228696.932,96.932,0.57,5.0,0.55,24.84,0.63,5.0,0.66,10.0,0.37,5.0,0.34,10.0,0.43,5.0,0.45,24.84,0.06,0.06,0.09357,1776228696000
1776228697.602,97.602,0.55,34.84,0.52,10.0,0.6,15.0,0.61,65.0,0.37,5.0,0.34,10.0,0.43,5.0,0.45,24.84,0.05,0.06,0.09357,1776228696000
1776228698.025,98.025,0.55,34.84,0.52,10.0,0.6,15.0,0.61,65.0,0.4,15.0,0.39,65.0,0.45,34.84,0.48,10.0,0.05,0.05,0.093559,1776228697000
1776228699.206,99.206,0.55,34.84,0.52,10.0,0.6,15.0,0.61,65.0,0.4,15.0,0.39,65.0,0.45,34.84,0.48,10.0,0.05,0.05,0.093557,1776228698000
1776228700.379,100.379,0.55,34.84,0.52,10.0,0.6,15.0,0.61,65.0,0.4,15.0,0.39,65.0,0.45,34.84,0.48,10.0,0.05,0.05,0.093557,1776228699000
1776228700.68,100.68,0.55,29.84,0.52,5.0,0.62,5.0,0.65,10.0,0.4,15.0,0.39,65.0,0.45,34.84,0.48,10.0,0.07,0.05,0.093557,1776228699000
1776228701.356,101.356,0.55,29.84,0.52,5.0,0.62,5.0,0.65,10.0,0.38,5.0,0.35,10.0,0.45,29.84,0.48,5.0,0.07,0.07,0.093557,1776228700000
1776228701.885,101.885,0.55,29.84,0.52,5.0,0.62,5.0,0.65,10.0,0.38,5.0,0.35,10.0,0.45,29.84,0.48,5.0,0.07,0.07,0.093557,1776228701000
1776228702.587,102.587,0.57,5.0,0.55,24.84,0.65,10.0,0.68,11.0,0.38,5.0,0.35,10.0,0.45,29.84,0.48,5.0,0.08,0.07,0.093557,1776228701000
1776228703.007,103.007,0.57,5.0,0.55,24.84,0.65,10.0,0.68,11.0,0.35,10.0,0.32,11.0,0.43,5.0,0.45,24.84,0.08,0.08,0.093566,1776228702000
1776228704.037,104.037,0.57,5.0,0.55,24.84,0.65,10.0,0.68,11.0,0.35,10.0,0.32,11.0,0.43,5.0,0.45,24.84,0.08,0.08,0.093569,1776228703000
1776228704.451,104.451,0.63,5.0,0.61,62.68,0.68,11.0,0.71,61.0,0.35,5.0,0.32,11.0,0.37,5.0,0.39,62.68,0.05,0.02,0.093569,1776228703000
1776228705.097,105.097,0.63,5.0,0.61,62.68,0.68,11.0,0.71,61.0,0.32,11.0,0.29,61.0,0.37,5.0,0.39,62.68,0.05,0.05,0.093571,1776228704000
1776228706.1,106.1,0.63,5.0,0.61,62.68,0.68,11.0,0.71,61.0,0.32,11.0,0.29,61.0,0.37,5.0,0.39,62.68,0.05,0.05,0.093578,1776228705000
1776228707.184,107.184,0.63,5.0,0.61,62.68,0.68,11.0,0.71,61.0,0.32,11.0,0.29,61.0,0.37,5.0,0.39,62.68,0.05,0.05,0.093579,1776228706000
1776228708.212,108.212,0.63,5.0,0.61,62.68,0.68,11.0,0.71,61.0,0.32,11.0,0.29,61.0,0.37,5.0,0.39,62.68,0.05,0.05,0.09358,1776228707000
1776228708.719,108.719,0.61,62.68,0.58,10.7,0.63,5.0,0.73,13.2,0.32,11.0,0.29,61.0,0.37,5.0,0.39,62.68,0.02,0.05,0.09358,1776228707000
1776228709.428,109.428,0.61,62.68,0.58,10.7,0.63,5.0,0.73,13.2,0.37,5.0,0.27,13.2,0.39,62.68,0.42,10.7,0.02,0.02,0.093581,1776228708000
1776228710.018,110.018,0.61,62.68,0.58,10.7,0.63,5.0,0.73,13.2,0.37,5.0,0.27,13.2,0.39,62.68,0.42,10.7,0.02,0.02,0.09358,1776228709000
1776228710.305,110.305,0.62,21.0,0.61,62.68,0.73,13.2,0.74,13.5,0.37,5.0,0.27,13.2,0.39,62.68,0.42,10.7,0.11,0.02,0.09358,1776228709000
1776228711.879,111.879,0.62,21.0,0.61,62.68,0.73,13.2,0.74,13.5,0.27,13.2,0.26,13.5,0.38,21.0,0.39,62.68,0.11,0.11,0.09358,1776228710000
1776228712.482,112.482,0.62,21.0,0.61,62.68,0.73,13.2,0.74,13.5,0.27,13.2,0.26,13.5,0.38,21.0,0.39,62.68,0.11,0.11,0.09358,1776228711000
1776228713.233,113.233,0.62,21.0,0.61,62.68,0.73,13.2,0.74,13.5,0.27,13.2,0.26,13.5,0.38,21.0,0.39,62.68,0.11,0.11,0.09358,1776228712000
1776228714.434,114.434,0.62,21.0,0.61,62.68,0.73,13.2,0.74,13.5,0.27,13.2,0.26,13.5,0.38,21.0,0.39,62.68,0.11,0.11,0.09358,1776228713000
1776228714.987,114.987,0.62,21.0,0.61,62.68,0.73,13.2,0.74,13.5,0.27,13.2,0.26,13.5,0.38,21.0,0.39,62.68,0.11,0.11,0.09358,1776228714000
1776228716.261,116.261,0.62,21.0,0.61,62.68,0.73,13.2,0.74,13.5,0.27,13.2,0.26,13.5,0.38,21.0,0.39,62.68,0.11,0.11,0.09358,1776228715000
1776228717.379,117.379,0.62,21.0,0.61,62.68,0.73,13.2,0.74,13.5,0.27,13.2,0.26,13.5,0.38,21.0,0.39,62.68,0.11,0.11,0.093576,1776228716000
1776228718.042,118.042,0.62,21.0,0.61,62.68,0.73,13.2,0.74,13.5,0.27,13.2,0.26,13.5,0.38,21.0,0.39,62.68,0.11,0.11,0.093576,1776228717000
1776228719.237,119.237,0.62,21.0,0.61,62.68,0.73,13.2,0.74,13.5,0.27,13.2,0.26,13.5,0.38,21.0,0.39,62.68,0.11,0.11,0.093576,1776228718000
1776228719.991,119.991,0.62,21.0,0.61,62.68,0.73,13.2,0.74,13.5,0.27,13.2,0.26,13.5,0.38,21.0,0.39,62.68,0.11,0.11,0.093576,1776228719000
1776228721.139,121.139,0.62,21.0,0.61,62.68,0.73,13.2,0.74,13.5,0.27,13.2,0.26,13.5,0.38,21.0,0.39,62.68,0.11,0.11,0.093592,1776228720000
1776228722.286,122.286,0.62,21.0,0.61,62.68,0.73,13.2,0.74,13.5,0.27,13.2,0.26,13.5,0.38,21.0,0.39,62.68,0.11,0.11,0.093599,1776228721000
1776228722.878,122.878,0.62,21.0,0.61,62.68,0.73,13.2,0.74,13.5,0.27,13.2,0.26,13.5,0.38,21.0,0.39,62.68,0.11,0.11,0.093602,1776228722000
1776228724.044,124.044,0.62,21.0,0.61,62.68,0.73,13.2,0.74,13.5,0.27,13.2,0.26,13.5,0.38,21.0,0.39,62.68,0.11,0.11,0.093609,1776228723000
1776228725.903,125.903,0.62,21.0,0.61,62.68,0.73,13.2,0.74,13.5,0.27,13.2,0.26,13.5,0.38,21.0,0.39,62.68,0.11,0.11,0.0936,1776228724000
1776228726.441,126.441,0.62,21.0,0.61,62.68,0.73,13.2,0.74,13.5,0.27,13.2,0.26,13.5,0.38,21.0,0.39,62.68,0.11,0.11,0.093601,1776228725000
1776228726.94,126.94,0.62,21.0,0.61,62.68,0.73,13.2,0.74,13.5,0.27,13.2,0.26,13.5,0.38,21.0,0.39,62.68,0.11,0.11,0.093601,1776228726000
1776228728.038,128.038,0.62,21.0,0.61,62.68,0.73,13.2,0.74,13.5,0.27,13.2,0.26,13.5,0.38,21.0,0.39,62.68,0.11,0.11,0.093599,1776228727000
1776228729.12,129.12,0.62,21.0,0.61,62.68,0.73,13.2,0.74,13.5,0.27,13.2,0.26,13.5,0.38,21.0,0.39,62.68,0.11,0.11,0.093599,1776228728000
1776228730.229,130.229,0.62,21.0,0.61,62.68,0.73,13.2,0.74,13.5,0.27,13.2,0.26,13.5,0.38,21.0,0.39,62.68,0.11,0.11,0.093599,1776228729000
1776228731.213,131.213,0.62,21.0,0.61,62.68,0.73,13.2,0.74,13.5,0.27,13.2,0.26,13.5,0.38,21.0,0.39,62.68,0.11,0.11,0.093599,1776228730000
1776228732.346,132.346,0.62,21.0,0.61,62.68,0.73,13.2,0.74,13.5,0.27,13.2,0.26,13.5,0.38,21.0,0.39,62.68,0.11,0.11,0.093605,1776228731000
1776228733.095,133.095,0.71,11.98,0.7,12.4,0.81,50.0,0.83,18.39,0.27,13.2,0.26,13.5,0.38,21.0,0.39,62.68,0.1,0.11,0.093605,1776228731000
1776228733.496,133.496,0.71,11.98,0.7,12.4,0.81,50.0,0.83,18.39,0.19,50.0,0.17,18.39,0.29,11.98,0.3,12.4,0.1,0.1,0.093604,1776228732000
1776228733.991,133.991,0.71,11.98,0.7,12.4,0.81,50.0,0.83,18.39,0.19,50.0,0.17,18.39,0.29,11.98,0.3,12.4,0.1,0.1,0.093604,1776228733000
1776228734.999,134.999,0.71,11.98,0.7,12.4,0.81,50.0,0.83,18.39,0.19,50.0,0.17,18.39,0.29,11.98,0.3,12.4,0.1,0.1,0.093604,1776228734000
1776228735.241,135.241,0.77,5.0,0.75,19.0,0.81,50.0,0.83,18.39,0.23,0.29,0.19,50.0,0.25,19.0,0.29,22.98,0.04,0.02,0.093604,1776228734000
1776228736.092,136.092,0.77,5.0,0.75,19.0,0.81,50.0,0.83,18.39,0.19,50.0,0.17,18.39,0.23,5.0,0.25,19.0,0.04,0.04,0.093605,1776228735000
1776228737.068,137.068,0.77,5.0,0.75,19.0,0.81,50.0,0.83,18.39,0.19,50.0,0.17,18.39,0.23,5.0,0.25,19.0,0.04,0.04,0.093604,1776228736000
1776228738.194,138.194,0.77,5.0,0.75,19.0,0.81,50.0,0.83,18.39,0.19,50.0,0.17,18.39,0.23,5.0,0.25,19.0,0.04,0.04,0.093607,1776228737000
1776228740.393,140.393,0.77,5.0,0.75,19.0,0.81,50.0,0.83,18.39,0.19,50.0,0.17,18.39,0.23,5.0,0.25,19.0,0.04,0.04,0.093605,1776228738000
1776228741.26,141.26,0.77,5.0,0.75,19.0,0.81,50.0,0.83,18.39,0.19,50.0,0.17,18.39,0.23,5.0,0.25,19.0,0.04,0.04,0.093609,1776228739000
1776228742.244,142.244,0.77,5.0,0.75,19.0,0.81,50.0,0.83,18.39,0.19,50.0,0.17,18.39,0.23,5.0,0.25,19.0,0.04,0.04,0.093607,1776228740000
1776228743.289,143.289,0.77,5.0,0.75,19.0,0.81,50.0,0.83,18.39,0.19,50.0,0.17,18.39,0.23,5.0,0.25,19.0,0.04,0.04,0.09361,1776228742000
1776228745.008,145.008,0.77,5.0,0.75,19.0,0.81,50.0,0.83,18.39,0.19,50.0,0.17,18.39,0.23,5.0,0.25,19.0,0.04,0.04,0.09361,1776228743000
1776228745.718,145.718,0.77,5.0,0.75,19.0,0.81,50.0,0.83,18.39,0.19,50.0,0.17,18.39,0.23,5.0,0.25,19.0,0.04,0.04,0.093611,1776228744000
1776228746.452,146.452,0.77,5.0,0.75,19.0,0.81,50.0,0.83,18.39,0.19,50.0,0.17,18.39,0.23,5.0,0.25,19.0,0.04,0.04,0.09361,1776228745000
1776228747.34,147.34,0.77,5.0,0.75,19.0,0.81,50.0,0.83,18.39,0.19,50.0,0.17,18.39,0.23,5.0,0.25,19.0,0.04,0.04,0.093611,1776228746000
1776228747.811,147.811,0.77,12.28,0.75,18.9,0.86,21.6,0.87,23.0,0.19,50.0,0.17,18.39,0.23,5.0,0.25,19.0,0.09,0.04,0.093611,1776228746000
1776228748.716,148.716,0.77,12.28,0.75,18.9,0.86,21.6,0.87,23.0,0.14,21.6,0.13,23.0,0.23,12.28,0.25,18.9,0.09,0.09,0.09361,1776228747000
1776228749.473,149.473,0.77,12.28,0.75,18.9,0.86,21.6,0.87,23.0,0.14,21.6,0.13,23.0,0.23,12.28,0.25,18.9,0.09,0.09,0.093611,1776228748000
1776228750.14,150.14,0.77,12.28,0.75,18.9,0.86,21.6,0.87,23.0,0.14,21.6,0.13,23.0,0.23,12.28,0.25,18.9,0.09,0.09,0.093611,1776228749000
1776228750.408,150.408,0.78,15.2,0.77,26.98,0.88,10.45,0.89,26.6,0.14,21.6,0.13,23.0,0.23,12.28,0.25,18.9,0.1,0.09,0.093611,1776228749000
1776228751.45,151.45,0.78,15.2,0.77,26.98,0.88,10.45,0.89,26.6,0.12,10.45,0.11,26.6,0.22,15.2,0.23,26.98,0.1,0.1,0.093611,1776228750000
1776228752.094,152.094,0.78,15.2,0.77,26.98,0.88,10.45,0.89,26.6,0.12,10.45,0.11,26.6,0.22,15.2,0.23,26.98,0.1,0.1,0.093611,1776228751000
1776228753.402,153.402,0.78,15.2,0.77,26.98,0.88,10.45,0.89,26.6,0.12,10.45,0.11,26.6,0.22,15.2,0.23,26.98,0.1,0.1,0.093624,1776228752000
1776228753.987,153.987,0.78,15.2,0.77,26.98,0.88,10.45,0.89,26.6,0.12,10.45,0.11,26.6,0.22,15.2,0.23,26.98,0.1,0.1,0.093628,1776228753000
1776228754.58,154.58,0.8,41.3,0.79,15.7,0.89,25.47,0.9,28.9,0.12,10.45,0.11,26.6,0.22,15.2,0.23,26.98,0.09,0.1,0.093628,1776228753000
1776228755.032,155.032,0.8,41.3,0.79,15.7,0.89,25.47,0.9,28.9,0.11,25.47,0.1,28.9,0.2,41.3,0.21,15.7,0.09,0.09,0.093628,1776228754000
1776228756.246,156.246,0.8,41.3,0.79,15.7,0.89,25.47,0.9,28.9,0.11,25.47,0.1,28.9,0.2,41.3,0.21,15.7,0.09,0.09,0.093628,1776228755000
1776228757.414,157.414,0.8,41.3,0.79,15.7,0.89,25.47,0.9,28.9,0.11,25.47,0.1,28.9,0.2,41.3,0.21,15.7,0.09,0.09,0.093629,1776228756000
1776228758.485,158.485,0.8,41.3,0.79,15.7,0.89,25.47,0.9,28.9,0.11,25.47,0.1,28.9,0.2,41.3,0.21,15.7,0.09,0.09,0.093628,1776228757000
1776228758.981,158.981,0.8,41.3,0.79,15.7,0.89,25.47,0.9,28.9,0.11,25.47,0.1,28.9,0.2,41.3,0.21,15.7,0.09,0.09,0.093628,1776228758000
1776228760.191,160.191,0.8,41.3,0.79,15.7,0.89,25.47,0.9,28.9,0.11,25.47,0.1,28.9,0.2,41.3,0.21,15.7,0.09,0.09,0.093631,1776228759000
1776228761.318,161.318,0.8,41.3,0.79,15.7,0.89,25.47,0.9,28.9,0.11,25.47,0.1,28.9,0.2,41.3,0.21,15.7,0.09,0.09,0.09363,1776228760000
1776228762.494,162.494,0.8,41.3,0.79,15.7,0.89,25.47,0.9,28.9,0.11,25.47,0.1,28.9,0.2,41.3,0.21,15.7,0.09,0.09,0.093631,1776228761000
1776228763.109,163.109,0.8,41.3,0.79,15.7,0.89,25.47,0.9,28.9,0.11,25.47,0.1,28.9,0.2,41.3,0.21,15.7,0.09,0.09,0.093631,1776228762000
1776228764.211,164.211,0.8,41.3,0.79,15.7,0.89,25.47,0.9,28.9,0.11,25.47,0.1,28.9,0.2,41.3,0.21,15.7,0.09,0.09,0.09363,1776228763000
1776228765.325,165.325,0.8,41.3,0.79,15.7,0.89,25.47,0.9,28.9,0.11,25.47,0.1,28.9,0.2,41.3,0.21,15.7,0.09,0.09,0.09363,1776228764000
1776228766.433,166.433,0.8,41.3,0.79,15.7,0.89,25.47,0.9,28.9,0.11,25.47,0.1,28.9,0.2,41.3,0.21,15.7,0.09,0.09,0.093629,1776228765000
1776228766.88,166.88,0.8,41.3,0.79,15.7,0.89,25.47,0.9,28.9,0.11,25.47,0.1,28.9,0.2,41.3,0.21,15.7,0.09,0.09,0.09363,1776228766000
1776228768.073,168.073,0.8,41.3,0.79,15.7,0.89,25.47,0.9,28.9,0.11,25.47,0.1,28.9,0.2,41.3,0.21,15.7,0.09,0.09,0.093631,1776228767000
1776228769.091,169.091,0.8,41.3,0.79,15.7,0.89,25.47,0.9,28.9,0.11,25.47,0.1,28.9,0.2,41.3,0.21,15.7,0.09,0.09,0.09363,1776228768000
1776228770.269,170.269,0.8,41.3,0.79,15.7,0.89,25.47,0.9,28.9,0.11,25.47,0.1,28.9,0.2,41.3,0.21,15.7,0.09,0.09,0.093634,1776228769000
1776228771.309,171.309,0.8,41.3,0.79,15.7,0.89,25.47,0.9,28.9,0.11,25.47,0.1,28.9,0.2,41.3,0.21,15.7,0.09,0.09,0.093635,1776228770000
1776228772.947,172.947,0.8,41.3,0.79,15.7,0.89,25.47,0.9,28.9,0.11,25.47,0.1,28.9,0.2,41.3,0.21,15.7,0.09,0.09,0.093635,1776228771000
1776228773.414,173.414,0.8,41.3,0.79,15.7,0.89,25.47,0.9,28.9,0.11,25.47,0.1,28.9,0.2,41.3,0.21,15.7,0.09,0.09,0.093635,1776228772000
1776228774.016,174.016,0.8,41.3,0.79,15.7,0.89,25.47,0.9,28.9,0.11,25.47,0.1,28.9,0.2,41.3,0.21,15.7,0.09,0.09,0.093635,1776228773000
1776228775.055,175.055,0.8,41.3,0.79,15.7,0.89,25.47,0.9,28.9,0.11,25.47,0.1,28.9,0.2,41.3,0.21,15.7,0.09,0.09,0.093634,1776228774000
1776228776.131,176.131,0.8,41.3,0.79,15.7,0.89,25.47,0.9,28.9,0.11,25.47,0.1,28.9,0.2,41.3,0.21,15.7,0.09,0.09,0.093634,1776228775000
1776228777.158,177.158,0.8,41.3,0.79,15.7,0.89,25.47,0.9,28.9,0.11,25.47,0.1,28.9,0.2,41.3,0.21,15.7,0.09,0.09,0.093634,1776228776000
1776228778.195,178.195,0.8,41.3,0.79,15.7,0.89,25.47,0.9,28.9,0.11,25.47,0.1,28.9,0.2,41.3,0.21,15.7,0.09,0.09,0.093634,1776228777000
1776228779.3,179.3,0.8,41.3,0.79,15.7,0.89,25.47,0.9,28.9,0.11,25.47,0.1,28.9,0.2,41.3,0.21,15.7,0.09,0.09,0.093633,1776228778000
1776228780.256,180.256,0.8,41.3,0.79,15.7,0.89,25.47,0.9,28.9,0.11,25.47,0.1,28.9,0.2,41.3,0.21,15.7,0.09,0.09,0.093633,1776228779000
1776228781.347,181.347,0.8,41.3,0.79,15.7,0.89,25.47,0.9,28.9,0.11,25.47,0.1,28.9,0.2,41.3,0.21,15.7,0.09,0.09,0.093633,1776228780000
1776228782.305,182.305,0.8,41.3,0.79,15.7,0.89,25.47,0.9,28.9,0.11,25.47,0.1,28.9,0.2,41.3,0.21,15.7,0.09,0.09,0.093633,1776228781000
1776228782.831,182.831,0.8,41.3,0.79,15.7,0.89,25.47,0.9,28.9,0.11,25.47,0.1,28.9,0.2,41.3,0.21,15.7,0.09,0.09,0.093633,1776228782000
1776228783.964,183.964,0.89,51.0,0.87,23.0,0.94,18.0,0.95,5.0,0.11,25.47,0.1,28.9,0.2,41.3,0.21,15.7,0.05,0.09,0.093633,1776228782000
1776228784.758,184.758,0.89,51.0,0.87,23.0,0.94,12.68,0.95,59.7,0.06,18.0,0.05,5.0,0.11,51.0,0.13,23.0,0.05,0.05,0.093635,1776228783000
1776228785.059,185.059,0.89,51.0,0.87,23.0,0.94,12.68,0.95,59.7,0.06,12.68,0.05,59.7,0.11,51.0,0.13,23.0,0.05,0.05,0.093638,1776228784000
1776228786.679,186.679,0.89,51.0,0.87,23.0,0.94,12.68,0.95,59.7,0.06,12.68,0.05,59.7,0.11,51.0,0.13,23.0,0.05,0.05,0.093648,1776228785000
1776228787.42,187.42,0.89,51.0,0.87,23.0,0.94,12.68,0.95,59.7,0.06,12.68,0.05,59.7,0.11,51.0,0.13,23.0,0.05,0.05,0.093644,1776228786000
1776228788.31,188.31,0.89,51.0,0.85,25.39,0.93,12.74,0.94,46.1,0.07,12.74,0.06,46.1,0.11,51.0,0.15,25.39,0.04,0.04,0.093637,1776228787000
1776228789.287,189.287,0.89,51.0,0.85,25.39,0.93,12.74,0.94,46.1,0.07,12.74,0.06,46.1,0.11,51.0,0.15,25.39,0.04,0.04,0.093638,1776228788000
1776228790.412,190.412,0.89,51.0,0.85,25.39,0.93,12.74,0.94,46.1,0.07,12.74,0.06,46.1,0.11,51.0,0.15,25.39,0.04,0.04,0.093636,1776228789000
1776228790.913,190.913,0.89,51.0,0.85,25.39,0.93,12.74,0.94,46.1,0.07,12.74,0.06,46.1,0.11,51.0,0.15,25.39,0.04,0.04,0.093636,1776228790000
1776228791.938,191.938,0.89,51.0,0.85,25.39,0.93,12.74,0.94,46.1,0.07,12.74,0.06,46.1,0.11,51.0,0.15,25.39,0.04,0.04,0.093637,1776228791000
1776228793.019,193.019,0.89,51.0,0.85,25.39,0.93,12.74,0.94,46.1,0.07,12.74,0.06,46.1,0.11,51.0,0.15,25.39,0.04,0.04,0.093636,1776228792000
1776228794.125,194.125,0.89,51.0,0.85,25.39,0.93,12.74,0.94,46.1,0.07,12.74,0.06,46.1,0.11,51.0,0.15,25.39,0.04,0.04,0.093636,1776228793000
1776228795.081,195.081,0.89,51.0,0.85,25.39,0.93,12.74,0.94,46.1,0.07,12.74,0.06,46.1,0.11,51.0,0.15,25.39,0.04,0.04,0.093635,1776228794000
1776228796.071,196.071,0.89,51.0,0.85,25.39,0.93,12.74,0.94,46.1,0.07,12.74,0.06,46.1,0.11,51.0,0.15,25.39,0.04,0.04,0.093635,1776228795000
1776228797.099,197.099,0.89,51.0,0.85,25.39,0.93,12.74,0.94,46.1,0.07,12.74,0.06,46.1,0.11,51.0,0.15,25.39,0.04,0.04,0.093635,1776228796000
1776228798.19,198.19,0.89,51.0,0.85,25.39,0.93,12.74,0.94,46.1,0.07,12.74,0.06,46.1,0.11,51.0,0.15,25.39,0.04,0.04,0.093635,1776228797000
1776228799.002,199.002,0.91,53.7,0.9,28.9,0.93,96.8,0.95,5.0,0.07,12.74,0.06,46.1,0.11,51.0,0.15,25.39,0.02,0.04,0.093635,1776228797000
1776228799.33,199.33,0.91,53.7,0.9,28.9,0.93,96.8,0.95,5.0,0.07,96.8,0.05,5.0,0.09,53.7,0.1,28.9,0.02,0.02,0.093635,1776228798000
1776228800.644,200.644,0.92,35.29,0.91,53.7,0.93,55.99,0.95,5.0,0.07,55.99,0.05,5.0,0.08,35.29,0.09,53.7,0.01,0.01,0.093639,1776228799000
1776228800.845,200.845,0.92,35.29,0.91,53.7,0.93,31.18,0.95,5.0,0.07,55.99,0.05,5.0,0.08,35.29,0.09,53.7,0.01,0.01,0.093639,1776228799000
1776228801.165,201.165,0.92,35.29,0.91,53.7,0.93,31.18,0.95,5.0,0.07,31.18,0.05,5.0,0.08,35.29,0.09,53.7,0.01,0.01,0.093639,1776228800000
1776228802.25,202.25,0.92,35.29,0.91,53.7,0.93,31.18,0.95,5.0,0.07,31.18,0.05,5.0,0.08,35.29,0.09,53.7,0.01,0.01,0.093641,1776228801000
1776228802.453,202.453,0.94,73.1,0.93,39.9,0.96,5.0,0.98,147.69,0.07,31.18,0.05,5.0,0.08,35.29,0.09,53.7,0.02,0.01,0.093641,1776228801000
1776228803.405,203.405,0.94,73.1,0.93,39.9,0.96,5.0,0.98,147.69,0.04,5.0,0.02,147.69,0.06,73.1,0.07,39.9,0.02,0.02,0.093661,1776228802000
1776228804.391,204.391,0.94,73.1,0.93,39.9,0.96,5.0,0.98,147.69,0.04,5.0,0.02,147.69,0.06,73.1,0.07,39.9,0.02,0.02,0.093663,1776228803000
1776228805.511,205.511,0.94,73.1,0.93,39.9,0.96,5.0,0.98,147.69,0.04,5.0,0.02,147.69,0.06,73.1,0.07,39.9,0.02,0.02,0.093667,1776228804000
1776228806.129,206.129,0.94,73.1,0.93,39.9,0.96,5.0,0.98,147.69,0.04,5.0,0.02,147.69,0.06,73.1,0.07,39.9,0.02,0.02,0.093668,1776228805000
1776228807.052,207.052,0.96,62.7,0.95,54.7,0.98,15.0,0.99,593.6,0.02,15.0,0.01,593.6,0.05,54.7,0.06,46.1,0.02,0.03,0.093668,1776228805000
1776228807.266,207.266,0.96,62.7,0.95,54.7,0.98,15.0,0.99,593.6,0.02,15.0,0.01,593.6,0.04,62.7,0.05,54.7,0.02,0.02,0.093669,1776228806000
1776228808.055,208.055,0.96,62.7,0.95,54.7,0.99,593.6,,,0.02,15.0,0.01,593.6,0.04,62.7,0.05,54.7,0.03,0.02,0.093669,1776228806000
1776228808.626,208.626,0.96,62.7,0.95,54.7,0.99,593.6,,,0.01,593.6,,,0.04,62.7,0.05,54.7,0.03,0.03,0.093669,1776228807000
1776228809.246,209.246,0.96,62.7,0.95,54.7,0.99,593.6,,,0.01,593.6,,,0.04,62.7,0.05,54.7,0.03,0.03,0.09367,1776228808000
1776228810.482,210.482,0.96,62.7,0.95,54.7,0.99,593.6,,,0.01,593.6,,,0.04,62.7,0.05,54.7,0.03,0.03,0.09367,1776228809000
1776228810.683,210.683,0.97,89.3,0.96,62.7,0.99,575.6,,,0.01,593.6,,,0.04,62.7,0.05,54.7,0.02,0.03,0.09367,1776228809000
1776228811.059,211.059,0.97,89.3,0.96,62.7,0.99,574.58,,,0.01,574.58,,,0.03,89.3,0.04,62.7,0.02,0.02,0.093669,1776228810000
1776228812.276,212.276,0.97,89.3,0.96,62.7,0.99,574.58,,,0.01,574.58,,,0.03,89.3,0.04,62.7,0.02,0.02,0.093668,1776228811000
1776228813.455,213.455,0.97,89.3,0.96,62.7,0.99,574.58,,,0.01,574.58,,,0.03,89.3,0.04,62.7,0.02,0.02,0.093665,1776228812000
1776228813.971,213.971,0.97,89.3,0.96,62.7,0.99,574.58,,,0.01,574.58,,,0.03,89.3,0.04,62.7,0.02,0.02,0.093661,1776228813000
1776228815.264,215.264,0.97,89.3,0.96,62.7,0.99,574.58,,,0.01,574.58,,,0.03,89.3,0.04,62.7,0.02,0.02,0.093664,1776228814000
1776228816.05,216.05,0.97,89.3,0.96,62.7,0.99,574.58,,,0.01,574.58,,,0.03,89.3,0.04,62.7,0.02,0.02,0.093666,1776228815000
1776228816.965,216.965,0.97,89.3,0.96,62.7,0.99,574.58,,,0.01,574.58,,,0.03,89.3,0.04,62.7,0.02,0.02,0.093665,1776228816000
1776228817.97,217.97,0.97,89.3,0.96,62.7,0.99,574.58,,,0.01,574.58,,,0.03,89.3,0.04,62.7,0.02,0.02,0.093665,1776228817000
1776228818.95,218.95,0.97,89.3,0.96,62.7,0.99,574.58,,,0.01,574.58,,,0.03,89.3,0.04,62.7,0.02,0.02,0.093663,1776228818000
1776228819.828,219.828,0.97,89.3,0.96,62.7,0.99,574.58,,,0.01,574.58,,,0.03,89.3,0.04,62.7,0.02,0.02,0.093663,1776228819000
1776228820.753,220.753,0.97,89.3,0.96,62.7,0.99,499.58,,,0.01,574.58,,,0.03,89.3,0.04,62.7,0.02,0.02,0.093663,1776228819000
1776228821.8,221.8,0.97,89.3,0.96,62.7,0.99,499.58,,,0.01,499.58,,,0.03,89.3,0.04,62.7,0.02,0.02,0.093663,1776228821000
1776228823.326,223.326,0.97,89.3,0.96,62.7,0.99,499.58,,,0.01,499.58,,,0.03,89.3,0.04,62.7,0.02,0.02,0.093663,1776228822000
1776228823.599,223.599,0.97,89.3,0.96,62.7,0.99,448.6,,,0.01,499.58,,,0.03,89.3,0.04,62.7,0.02,0.02,0.093663,1776228822000
1776228824.304,224.304,0.97,89.3,0.96,62.7,0.99,448.6,,,0.01,448.6,,,0.03,89.3,0.04,62.7,0.02,0.02,0.093663,1776228823000
1776228825.186,225.186,0.97,89.3,0.96,62.7,0.99,448.6,,,0.01,448.6,,,0.03,89.3,0.04,62.7,0.02,0.02,0.093662,1776228824000
1776228826.491,226.491,0.97,89.3,0.96,62.7,0.99,448.6,,,0.01,448.6,,,0.03,89.3,0.04,62.7,0.02,0.02,0.093663,1776228825000
1776228826.991,226.991,0.97,89.3,0.96,62.7,0.99,448.6,,,0.01,448.6,,,0.03,89.3,0.04,62.7,0.02,0.02,0.093663,1776228826000
1776228828.33,228.33,0.97,89.3,0.96,62.7,0.99,448.6,,,0.01,448.6,,,0.03,89.3,0.04,62.7,0.02,0.02,0.093664,1776228827000
1776228829.567,229.567,0.97,89.3,0.96,62.7,0.99,448.6,,,0.01,448.6,,,0.03,89.3,0.04,62.7,0.02,0.02,0.093675,1776228828000
1776228830.359,230.359,0.97,89.3,0.96,62.7,0.99,448.6,,,0.01,448.6,,,0.03,89.3,0.04,62.7,0.02,0.02,0.093674,1776228829000
1776228831.012,231.012,0.97,89.3,0.96,62.7,0.99,448.6,,,0.01,448.6,,,0.03,89.3,0.04,62.7,0.02,0.02,0.093674,1776228830000
1776228832.46,232.46,0.97,89.3,0.96,62.7,0.99,448.6,,,0.01,448.6,,,0.03,89.3,0.04,62.7,0.02,0.02,0.09368,1776228831000
1776228832.913,232.913,0.98,132.69,0.97,89.3,0.99,175.89,,,0.01,448.6,,,0.03,89.3,0.04,62.7,0.01,0.02,0.09368,1776228831000
1776228834.346,234.346,0.98,132.69,0.97,89.3,0.99,175.89,,,0.01,175.89,,,0.02,132.69,0.03,89.3,0.01,0.01,0.093676,1776228833000
1776228834.939,234.939,0.98,132.69,0.97,89.3,0.99,175.89,,,0.01,175.89,,,0.02,132.69,0.03,89.3,0.01,0.01,0.093677,1776228834000
1776228836.138,236.138,0.98,132.69,0.97,89.3,0.99,175.89,,,0.01,175.89,,,0.02,132.69,0.03,89.3,0.01,0.01,0.093671,1776228835000
1776228837.356,237.356,0.98,132.69,0.97,89.3,0.99,175.89,,,0.01,175.89,,,0.02,132.69,0.03,89.3,0.01,0.01,0.093672,1776228836000
1776228837.805,237.805,0.98,130.97,0.97,89.3,0.99,175.89,,,0.01,175.89,,,0.02,132.69,0.03,89.3,0.01,0.01,0.093672,1776228836000
1776228839.049,239.049,0.98,130.97,0.97,89.3,0.99,175.89,,,0.01,175.89,,,0.02,130.97,0.03,89.3,0.01,0.01,0.093683,1776228838000
1776228839.509,239.509,0.98,130.97,0.97,89.3,0.99,173.87,,,0.01,175.89,,,0.02,130.97,0.03,89.3,0.01,0.01,0.093683,1776228838000
1776228839.987,239.987,0.98,130.97,0.97,89.3,0.99,172.85,,,0.01,173.87,,,0.02,130.97,0.03,89.3,0.01,0.01,0.093683,1776228838000
1776228840.309,240.309,0.98,130.97,0.97,89.3,0.99,172.85,,,0.01,172.85,,,0.02,130.97,0.03,89.3,0.01,0.01,0.093685,1776228839000
1776228841.695,241.695,0.98,130.97,0.97,89.3,0.99,167.85,,,0.01,172.85,,,0.02,130.97,0.03,89.3,0.01,0.01,0.093685,1776228839000
1776228842.045,242.045,0.99,344.15,0.98,130.97,,,,,,,,,0.01,344.15,0.02,130.97,,,0.093685,1776228841000
1776228843.127,243.127,0.99,344.15,0.98,130.97,,,,,,,,,0.01,344.15,0.02,130.97,,,0.093693,1776228842000
1776228843.867,243.867,0.99,1338.94,0.98,130.97,,,,,,,,,0.01,344.15,0.02,130.97,,,0.093693,1776228842000
1776228844.399,244.399,0.99,1338.94,0.98,130.97,,,,,,,,,0.01,1338.94,0.02,130.97,,,0.093709,1776228843000
1776228844.937,244.937,0.99,1338.94,0.98,130.97,,,,,,,,,0.01,1338.94,0.02,130.97,,,0.093709,1776228844000
1776228846.485,246.485,0.99,1338.94,0.98,130.97,,,,,,,,,0.01,1338.94,0.02,130.97,,,0.093705,1776228845000
1776228846.986,246.986,0.99,1338.94,0.98,130.97,,,,,,,,,0.01,1338.94,0.02,130.97,,,0.093705,1776228846000
1776228848.437,248.437,0.99,1338.94,0.98,130.97,,,,,,,,,0.01,1338.94,0.02,130.97,,,0.093701,1776228847000
1776228849.076,249.076,0.99,1338.94,0.98,130.97,,,,,,,,,0.01,1338.94,0.02,130.97,,,0.093698,1776228848000
1776228850.291,250.291,0.99,1338.94,0.98,130.97,,,,,,,,,0.01,1338.94,0.02,130.97,,,0.093694,1776228849000
1776228851.369,251.369,0.99,1338.94,0.98,130.97,,,,,,,,,0.01,1338.94,0.02,130.97,,,0.093694,1776228850000
1776228851.998,251.998,0.99,1338.94,0.98,130.97,,,,,,,,,0.01,1338.94,0.02,130.97,,,0.093694,1776228851000
1776228853.074,253.074,0.99,1338.94,0.98,130.97,,,,,,,,,0.01,1338.94,0.02,130.97,,,0.093693,1776228852000
1776228854.188,254.188,0.99,1338.94,0.98,130.97,,,,,,,,,0.01,1338.94,0.02,130.97,,,0.093692,1776228853000
1776228855.784,255.784,0.99,1338.94,0.98,130.97,,,,,,,,,0.01,1338.94,0.02,130.97,,,0.093694,1776228854000
1776228856.368,256.368,0.99,1338.94,0.98,130.97,,,,,,,,,0.01,1338.94,0.02,130.97,,,0.093695,1776228855000
1776228857.567,257.567,0.99,1338.94,0.98,130.97,,,,,,,,,0.01,1338.94,0.02,130.97,,,0.093695,1776228856000
1776228858.097,258.097,0.99,1338.94,0.98,130.97,,,,,,,,,0.01,1338.94,0.02,130.97,,,0.093695,1776228857000
1776228859.33,259.33,0.99,1338.94,0.98,130.97,,,,,,,,,0.01,1338.94,0.02,130.97,,,0.093695,1776228858000
1776228860.392,260.392,0.99,1338.94,0.98,130.97,,,,,,,,,0.01,1338.94,0.02,130.97,,,0.093694,1776228859000
1776228860.987,260.987,0.99,1338.94,0.98,130.97,,,,,,,,,0.01,1338.94,0.02,130.97,,,0.093695,1776228860000
1776228862.09,262.09,0.99,1338.94,0.98,130.97,,,,,,,,,0.01,1338.94,0.02,130.97,,,0.093695,1776228861000
1776228863.056,263.056,0.99,1338.94,0.98,130.97,,,,,,,,,0.01,1338.94,0.02,130.97,,,0.093696,1776228862000
1776228864.1,264.1,0.99,1338.94,0.98,130.97,,,,,,,,,0.01,1338.94,0.02,130.97,,,0.093696,1776228863000
1776228865.085,265.085,0.99,1338.94,0.98,130.97,,,,,,,,,0.01,1338.94,0.02,130.97,,,0.093696,1776228864000
1776228866.18,266.18,0.99,1338.94,0.98,130.97,,,,,,,,,0.01,1338.94,0.02,130.97,,,0.093696,1776228865000
1776228867.219,267.219,0.99,1338.94,0.98,130.97,,,,,,,,,0.01,1338.94,0.02,130.97,,,0.09369,1776228866000
1776228868.251,268.251,0.99,1338.94,0.98,130.97,,,,,,,,,0.01,1338.94,0.02,130.97,,,0.093683,1776228867000
1776228869.21,269.21,0.99,1338.94,0.98,130.97,,,,,,,,,0.01,1338.94,0.02,130.97,,,0.093678,1776228868000
1776228870.183,270.183,0.99,1338.94,0.98,130.97,,,,,,,,,0.01,1338.94,0.02,130.97,,,0.093678,1776228869000
1776228871.245,271.245,0.99,1338.94,0.98,130.97,,,,,,,,,0.01,1338.94,0.02,130.97,,,0.093688,1776228870000
1776228872.281,272.281,0.99,1338.94,0.98,130.97,,,,,,,,,0.01,1338.94,0.02,130.97,,,0.093689,1776228871000
1776228873.345,273.345,0.99,1338.94,0.98,130.97,,,,,,,,,0.01,1338.94,0.02,130.97,,,0.09369,1776228872000
1776228874.293,274.293,0.99,1338.94,0.98,130.97,,,,,,,,,0.01,1338.94,0.02,130.97,,,0.093691,1776228873000
1776228875.243,275.243,0.99,1338.94,0.98,130.97,,,,,,,,,0.01,1338.94,0.02,130.97,,,0.09369,1776228874000
1776228876.257,276.257,0.99,1338.94,0.98,130.97,,,,,,,,,0.01,1338.94,0.02,130.97,,,0.093688,1776228875000
1776228877.475,277.475,0.99,1338.94,0.98,130.97,,,,,,,,,0.01,1338.94,0.02,130.97,,,0.093686,1776228876000
1776228877.931,277.931,0.99,1338.94,0.98,130.97,,,,,,,,,0.01,1338.94,0.02,130.97,,,0.093686,1776228877000
1776228879.059,279.059,0.99,1338.94,0.98,130.97,,,,,,,,,0.01,1338.94,0.02,130.97,,,0.093686,1776228878000
1776228880.031,280.031,0.99,1338.94,0.98,130.97,,,,,,,,,0.01,1338.94,0.02,130.97,,,0.093686,1776228879000
1776228881.042,281.042,0.99,1338.94,0.98,130.97,,,,,,,,,0.01,1338.94,0.02,130.97,,,0.093687,1776228880000
1776228882.104,282.104,0.99,1338.94,0.98,130.97,,,,,,,,,0.01,1338.94,0.02,130.97,,,0.093686,1776228881000
1776228883.084,283.084,0.99,1338.94,0.98,130.97,,,,,,,,,0.01,1338.94,0.02,130.97,,,0.093687,1776228882000
1776228884.119,284.119,0.99,1338.94,0.98,130.97,,,,,,,,,0.01,1338.94,0.02,130.97,,,0.093687,1776228883000
1776228885.271,285.271,0.99,1338.94,0.98,130.97,,,,,,,,,0.01,1338.94,0.02,130.97,,,0.093687,1776228884000
1776228886.285,286.285,0.99,1338.94,0.98,130.97,,,,,,,,,0.01,1338.94,0.02,130.97,,,0.093687,1776228885000
1776228887.339,287.339,0.99,1338.94,0.98,130.97,,,,,,,,,0.01,1338.94,0.02,130.97,,,0.093687,1776228886000
1776228887.912,287.912,0.99,1338.94,0.98,130.97,,,,,,,,,0.01,1338.94,0.02,130.97,,,0.093687,1776228887000
1776228889.028,289.028,0.99,1338.94,0.98,130.97,,,,,,,,,0.01,1338.94,0.02,130.97,,,0.093686,1776228888000
1776228890.06,290.06,0.99,1725.7,0.89,34.0,,,,,,,,,0.01,1338.94,0.02,130.97,,,0.093686,1776228888000
1776228892.023,292.023,0.99,1725.7,0.89,34.0,,,,,,,,,0.01,1725.7,0.11,34.0,,,0.093665,1776228891000
1776228893.515,293.515,0.99,1725.7,0.89,34.0,,,,,,,,,0.01,1725.7,0.11,34.0,,,0.093663,1776228892000
1776228894.228,294.228,0.99,1725.7,0.89,34.0,,,,,,,,,0.01,1725.7,0.11,34.0,,,0.09366,1776228893000
1776228895.617,295.617,0.99,1725.7,0.89,34.0,,,,,,,,,0.01,1725.7,0.11,34.0,,,0.093655,1776228894000
1776228896.219,296.219,0.99,1725.7,0.89,34.0,,,,,,,,,0.01,1725.7,0.11,34.0,,,0.093655,1776228895000
1776228897.616,297.616,0.99,1725.7,0.89,34.0,,,,,,,,,0.01,1725.7,0.11,34.0,,,0.093649,1776228896000
1776228898.184,298.184,0.99,1725.7,0.89,34.0,,,,,,,,,0.01,1725.7,0.11,34.0,,,0.093645,1776228897000
1776228899.514,299.514,0.99,1725.7,0.89,34.0,,,,,,,,,0.01,1725.7,0.11,34.0,,,0.093647,1776228898000
1776228900.204,300.204,0.99,1725.7,0.89,34.0,,,,,,,,,0.01,1725.7,0.11,34.0,,,0.093646,1776228899000

# RESULT,winner=Up,slug=doge-updown-5m-1776228600,ticks=331
