timestamp,elapsed_sec,up_bid_p1,up_bid_s1,up_bid_p2,up_bid_s2,up_ask_p1,up_ask_s1,up_ask_p2,up_ask_s2,down_bid_p1,down_bid_s1,down_bid_p2,down_bid_s2,down_ask_p1,down_ask_s1,down_ask_p2,down_ask_s2,up_spread,down_spread,doge_price,doge_oracle_ts
1776187201.642,1.642,,,,,,,,,,,,,,,,,,,0.095242,1776187200000
1776187202.272,2.272,0.49,0.29,0.48,13.76,0.51,6.0,0.52,6.0,0.49,6.0,0.48,6.0,0.51,0.29,0.52,13.76,0.02,0.02,0.095242,1776187200000
1776187203.978,3.978,0.49,0.29,0.48,13.76,0.51,6.0,0.52,6.0,0.49,6.0,0.48,6.0,0.51,0.29,0.52,13.76,0.02,0.02,0.095242,1776187202000
1776187204.243,4.243,0.49,0.29,0.48,13.76,0.51,1.0,0.52,6.0,0.49,6.0,0.48,6.0,0.51,0.29,0.52,13.76,0.02,0.02,0.095242,1776187202000
1776187204.961,4.961,0.49,0.29,0.48,13.76,0.51,1.0,0.52,6.0,0.49,1.0,0.48,6.0,0.51,0.29,0.52,13.76,0.02,0.02,0.095254,1776187203000
1776187205.821,5.821,0.49,0.29,0.48,13.76,0.51,1.0,0.52,6.0,0.49,1.0,0.48,6.0,0.51,0.29,0.52,13.76,0.02,0.02,0.095254,1776187204000
1776187206.302,6.302,0.49,0.29,0.48,13.76,0.51,1.0,0.52,6.0,0.49,1.0,0.48,6.0,0.51,0.29,0.52,13.76,0.02,0.02,0.095254,1776187205000
1776187207.678,7.678,0.49,0.29,0.48,13.76,0.51,1.0,0.52,6.0,0.49,1.0,0.48,6.0,0.51,0.29,0.52,13.76,0.02,0.02,0.095255,1776187206000
1776187208.42,8.42,0.48,9.05,0.46,16.28,0.5,5.0,0.51,1.0,0.49,1.0,0.48,6.0,0.51,0.29,0.52,13.76,0.02,0.02,0.095255,1776187206000
1776187208.81,8.81,0.48,1.39,0.46,16.28,0.49,5.0,0.51,1.0,0.51,5.0,0.49,1.0,0.52,6.39,0.54,16.28,0.01,0.01,0.095248,1776187207000
1776187209.061,9.061,0.48,1.39,0.46,16.28,0.49,5.0,0.51,1.0,0.51,5.0,0.49,1.0,0.52,1.39,0.54,16.28,0.01,0.01,0.095244,1776187208000
1776187210.265,10.265,0.48,1.39,0.46,16.28,0.49,5.0,0.51,1.0,0.51,5.0,0.49,1.0,0.52,1.39,0.54,16.28,0.01,0.01,0.095222,1776187209000
1776187210.744,10.744,0.46,12.67,0.37,10.0,0.49,5.0,0.51,1.0,0.51,5.0,0.49,1.0,0.52,1.39,0.54,16.28,0.03,0.01,0.095222,1776187209000
1776187211.708,11.708,0.46,12.67,0.37,10.0,0.49,5.0,0.51,1.0,0.51,5.0,0.49,1.0,0.54,12.67,0.63,10.0,0.03,0.03,0.095214,1776187210000
1776187212.362,12.362,0.46,12.67,0.37,10.0,0.49,5.0,0.51,1.0,0.51,5.0,0.49,1.0,0.54,12.67,0.63,10.0,0.03,0.03,0.095214,1776187211000
1776187213.061,13.061,0.46,3.41,0.37,10.0,0.48,5.0,0.51,1.0,0.52,5.0,0.49,1.0,0.54,3.41,0.63,10.0,0.02,0.02,0.095215,1776187212000
1776187214.689,14.689,0.46,3.41,0.37,10.0,0.48,5.0,0.51,1.0,0.52,5.0,0.49,1.0,0.54,3.41,0.63,10.0,0.02,0.02,0.095214,1776187213000
1776187215.409,15.409,0.46,3.41,0.37,10.0,0.48,5.0,0.51,1.0,0.52,5.0,0.49,1.0,0.54,3.41,0.63,10.0,0.02,0.02,0.095215,1776187214000
1776187216.112,16.112,0.46,3.41,0.37,10.0,0.48,5.0,0.51,1.0,0.52,5.0,0.49,1.0,0.54,3.41,0.63,10.0,0.02,0.02,0.095214,1776187215000
1776187217.732,17.732,0.46,3.41,0.37,10.0,0.48,5.0,0.51,1.0,0.52,5.0,0.49,1.0,0.54,3.41,0.63,10.0,0.02,0.02,0.095214,1776187216000
1776187218.575,18.575,0.46,3.41,0.37,10.0,0.48,5.0,0.51,1.0,0.52,5.0,0.49,1.0,0.54,3.41,0.63,10.0,0.02,0.02,0.095207,1776187217000
1776187219.255,19.255,0.46,3.41,0.39,5.0,0.5,5.0,0.51,6.0,0.5,5.0,0.49,6.0,0.54,3.41,0.61,5.0,0.04,0.04,0.095214,1776187218000
1776187221.568,21.568,0.46,3.41,0.39,5.0,0.5,5.0,0.51,6.0,0.5,5.0,0.49,6.0,0.54,3.41,0.61,5.0,0.04,0.04,0.095213,1776187220000
1776187222.021,22.021,0.46,3.41,0.39,5.0,0.5,5.0,0.51,6.0,0.5,5.0,0.49,6.0,0.54,3.41,0.61,5.0,0.04,0.04,0.095213,1776187221000
1776187222.897,22.897,0.37,10.0,0.34,10.0,0.48,5.0,0.51,66.0,0.5,5.0,0.49,6.0,0.54,3.41,0.61,5.0,0.11,0.04,0.095213,1776187221000
1776187224.128,24.128,0.37,10.0,0.34,10.0,0.48,5.0,0.51,66.0,0.52,5.0,0.49,66.0,0.63,10.0,0.66,10.0,0.11,0.11,0.095213,1776187223000
1776187225.175,25.175,0.37,10.0,0.34,10.0,0.48,5.0,0.51,66.0,0.52,5.0,0.49,66.0,0.63,10.0,0.66,10.0,0.11,0.11,0.09521,1776187224000
1776187226.242,26.242,0.37,10.0,0.34,10.0,0.48,5.0,0.51,66.0,0.52,5.0,0.49,66.0,0.63,10.0,0.66,10.0,0.11,0.11,0.095208,1776187225000
1776187227.383,27.383,0.37,10.0,0.34,10.0,0.48,5.0,0.51,66.0,0.52,5.0,0.49,66.0,0.63,10.0,0.66,10.0,0.11,0.11,0.095208,1776187226000
1776187228.4,28.4,0.37,10.0,0.34,10.0,0.48,5.0,0.51,66.0,0.52,5.0,0.49,66.0,0.63,10.0,0.66,10.0,0.11,0.11,0.095208,1776187227000
1776187228.919,28.919,0.37,10.0,0.34,10.0,0.48,5.0,0.51,66.0,0.52,5.0,0.49,66.0,0.63,10.0,0.66,10.0,0.11,0.11,0.095208,1776187228000
1776187229.928,29.928,0.37,10.0,0.34,10.0,0.48,5.0,0.51,66.0,0.52,5.0,0.49,66.0,0.63,10.0,0.66,10.0,0.11,0.11,0.095207,1776187229000
1776187230.91,30.91,0.37,10.0,0.34,10.0,0.48,5.0,0.51,66.0,0.52,5.0,0.49,66.0,0.63,10.0,0.66,10.0,0.11,0.11,0.095206,1776187230000
1776187231.841,31.841,0.37,10.0,0.34,10.0,0.48,5.0,0.51,66.0,0.52,5.0,0.49,66.0,0.63,10.0,0.66,10.0,0.11,0.11,0.095189,1776187231000
1776187232.941,32.941,0.37,10.0,0.34,10.0,0.48,5.0,0.51,66.0,0.52,5.0,0.49,66.0,0.63,10.0,0.66,10.0,0.11,0.11,0.095204,1776187232000
1776187233.952,33.952,0.37,10.0,0.34,10.0,0.48,5.0,0.51,66.0,0.52,5.0,0.49,66.0,0.63,10.0,0.66,10.0,0.11,0.11,0.095205,1776187233000
1776187235.483,35.483,0.37,10.0,0.34,10.0,0.48,5.0,0.51,66.0,0.52,5.0,0.49,66.0,0.63,10.0,0.66,10.0,0.11,0.11,0.095208,1776187234000
1776187236.064,36.064,0.37,10.0,0.34,10.0,0.48,5.0,0.51,66.0,0.52,5.0,0.49,66.0,0.63,10.0,0.66,10.0,0.11,0.11,0.095208,1776187235000
1776187237.195,37.195,0.37,10.0,0.34,10.0,0.48,5.0,0.51,66.0,0.52,5.0,0.49,66.0,0.63,10.0,0.66,10.0,0.11,0.11,0.095207,1776187236000
1776187238.335,38.335,0.37,10.0,0.34,10.0,0.48,5.0,0.51,66.0,0.52,5.0,0.49,66.0,0.63,10.0,0.66,10.0,0.11,0.11,0.095209,1776187237000
1776187239.426,39.426,0.37,10.0,0.34,10.0,0.48,5.0,0.51,66.0,0.52,5.0,0.49,66.0,0.63,10.0,0.66,10.0,0.11,0.11,0.095209,1776187238000
1776187240.019,40.019,0.37,10.0,0.34,10.0,0.48,5.0,0.51,66.0,0.52,5.0,0.49,66.0,0.63,10.0,0.66,10.0,0.11,0.11,0.095209,1776187239000
1776187241.116,41.116,0.37,10.0,0.34,10.0,0.48,5.0,0.51,66.0,0.52,5.0,0.49,66.0,0.63,10.0,0.66,10.0,0.11,0.11,0.095209,1776187240000
1776187242.282,42.282,0.37,10.0,0.34,10.0,0.48,5.0,0.51,66.0,0.52,5.0,0.49,66.0,0.63,10.0,0.66,10.0,0.11,0.11,0.095209,1776187241000
1776187243.468,43.468,0.37,10.0,0.34,10.0,0.48,5.0,0.51,66.0,0.52,5.0,0.49,66.0,0.63,10.0,0.66,10.0,0.11,0.11,0.095209,1776187242000
1776187244.037,44.037,0.37,10.0,0.34,10.0,0.48,5.0,0.51,66.0,0.52,5.0,0.49,66.0,0.63,10.0,0.66,10.0,0.11,0.11,0.095206,1776187243000
1776187245.099,45.099,0.37,10.0,0.34,10.0,0.48,5.0,0.51,66.0,0.52,5.0,0.49,66.0,0.63,10.0,0.66,10.0,0.11,0.11,0.095206,1776187244000
1776187246.165,46.165,0.37,10.0,0.34,10.0,0.48,5.0,0.51,66.0,0.52,5.0,0.49,66.0,0.63,10.0,0.66,10.0,0.11,0.11,0.095205,1776187245000
1776187247.279,47.279,0.37,10.0,0.34,10.0,0.48,5.0,0.51,66.0,0.52,5.0,0.49,66.0,0.63,10.0,0.66,10.0,0.11,0.11,0.095206,1776187246000
1776187248.369,48.369,0.37,10.0,0.34,10.0,0.48,5.0,0.51,66.0,0.52,5.0,0.49,66.0,0.63,10.0,0.66,10.0,0.11,0.11,0.095206,1776187247000
1776187249.35,49.35,0.37,10.0,0.34,10.0,0.48,5.0,0.51,66.0,0.52,5.0,0.49,66.0,0.63,10.0,0.66,10.0,0.11,0.11,0.095206,1776187248000
1776187250.396,50.396,0.37,10.0,0.34,10.0,0.48,5.0,0.51,66.0,0.52,5.0,0.49,66.0,0.63,10.0,0.66,10.0,0.11,0.11,0.095194,1776187249000
1776187251.282,51.282,0.37,10.0,0.34,10.0,0.48,5.0,0.51,66.0,0.52,5.0,0.49,66.0,0.63,10.0,0.66,10.0,0.11,0.11,0.095208,1776187250000
1776187252.374,52.374,0.37,10.0,0.34,10.0,0.48,5.0,0.51,66.0,0.52,5.0,0.49,66.0,0.63,10.0,0.66,10.0,0.11,0.11,0.095209,1776187251000
1776187253.34,53.34,0.37,10.0,0.34,10.0,0.48,5.0,0.51,66.0,0.52,5.0,0.49,66.0,0.63,10.0,0.66,10.0,0.11,0.11,0.095209,1776187252000
1776187254.351,54.351,0.37,10.0,0.34,10.0,0.48,5.0,0.51,66.0,0.52,5.0,0.49,66.0,0.63,10.0,0.66,10.0,0.11,0.11,0.095209,1776187253000
1776187255.305,55.305,0.37,10.0,0.34,10.0,0.48,5.0,0.51,66.0,0.52,5.0,0.49,66.0,0.63,10.0,0.66,10.0,0.11,0.11,0.095209,1776187254000
1776187256.243,56.243,0.37,10.0,0.34,10.0,0.48,5.0,0.51,66.0,0.52,5.0,0.49,66.0,0.63,10.0,0.66,10.0,0.11,0.11,0.095209,1776187255000
1776187256.843,56.843,0.37,10.0,0.34,10.0,0.48,5.0,0.51,66.0,0.52,5.0,0.49,66.0,0.63,10.0,0.66,10.0,0.11,0.11,0.095209,1776187256000
1776187257.863,57.863,0.37,10.0,0.34,10.0,0.48,5.0,0.51,66.0,0.52,5.0,0.49,66.0,0.63,10.0,0.66,10.0,0.11,0.11,0.095209,1776187257000
1776187258.907,58.907,0.37,10.0,0.34,10.0,0.48,5.0,0.51,66.0,0.52,5.0,0.49,66.0,0.63,10.0,0.66,10.0,0.11,0.11,0.095209,1776187258000
1776187259.92,59.92,0.37,10.0,0.34,10.0,0.48,5.0,0.51,66.0,0.52,5.0,0.49,66.0,0.63,10.0,0.66,10.0,0.11,0.11,0.095222,1776187259000
1776187260.965,60.965,0.37,10.0,0.34,10.0,0.48,5.0,0.51,66.0,0.52,5.0,0.49,66.0,0.63,10.0,0.66,10.0,0.11,0.11,0.095222,1776187260000
1776187262.492,62.492,0.37,10.0,0.34,10.0,0.48,5.0,0.51,66.0,0.52,5.0,0.49,66.0,0.63,10.0,0.66,10.0,0.11,0.11,0.095207,1776187261000
1776187263.043,63.043,0.37,10.0,0.34,10.0,0.48,5.0,0.51,66.0,0.52,5.0,0.49,66.0,0.63,10.0,0.66,10.0,0.11,0.11,0.095207,1776187262000
1776187263.977,63.977,0.37,10.0,0.34,10.0,0.48,5.0,0.51,66.0,0.52,5.0,0.49,66.0,0.63,10.0,0.66,10.0,0.11,0.11,0.095204,1776187263000
1776187264.918,64.918,0.37,10.0,0.34,10.0,0.48,5.0,0.51,66.0,0.52,5.0,0.49,66.0,0.63,10.0,0.66,10.0,0.11,0.11,0.095205,1776187264000
1776187265.963,65.963,0.37,10.0,0.34,10.0,0.48,5.0,0.51,66.0,0.52,5.0,0.49,66.0,0.63,10.0,0.66,10.0,0.11,0.11,0.095206,1776187265000
1776187266.955,66.955,0.37,10.0,0.34,10.0,0.48,5.0,0.51,66.0,0.52,5.0,0.49,66.0,0.63,10.0,0.66,10.0,0.11,0.11,0.095206,1776187266000
1776187267.449,67.449,0.36,5.0,0.35,16.4,0.45,5.0,0.48,5.0,0.52,5.0,0.49,66.0,0.63,10.0,0.66,10.0,0.09,0.11,0.095206,1776187266000
1776187268.014,68.014,0.36,5.0,0.35,16.4,0.48,5.0,0.5,15.0,0.52,5.0,0.5,15.0,0.64,5.0,0.65,16.4,0.12,0.12,0.095207,1776187267000
1776187269.005,69.005,0.36,5.0,0.35,16.4,0.48,5.0,0.5,15.0,0.52,5.0,0.5,15.0,0.64,5.0,0.65,16.4,0.12,0.12,0.095207,1776187268000
1776187269.918,69.918,0.36,5.0,0.35,16.4,0.48,5.0,0.5,15.0,0.52,5.0,0.5,15.0,0.64,5.0,0.65,16.4,0.12,0.12,0.095208,1776187269000
1776187270.918,70.918,0.36,5.0,0.35,16.4,0.48,5.0,0.5,15.0,0.52,5.0,0.5,15.0,0.64,5.0,0.65,16.4,0.12,0.12,0.095209,1776187270000
1776187271.914,71.914,0.36,5.0,0.35,16.4,0.48,5.0,0.5,15.0,0.52,5.0,0.5,15.0,0.64,5.0,0.65,16.4,0.12,0.12,0.095209,1776187271000
1776187272.943,72.943,0.36,5.0,0.35,16.4,0.48,5.0,0.5,15.0,0.52,5.0,0.5,15.0,0.64,5.0,0.65,16.4,0.12,0.12,0.095209,1776187272000
1776187273.911,73.911,0.36,5.0,0.35,16.4,0.48,5.0,0.5,15.0,0.52,5.0,0.5,15.0,0.64,5.0,0.65,16.4,0.12,0.12,0.095208,1776187273000
1776187275.741,75.741,0.36,5.0,0.35,16.4,0.48,5.0,0.5,15.0,0.52,5.0,0.5,15.0,0.64,5.0,0.65,16.4,0.12,0.12,0.095204,1776187274000
1776187276.353,76.353,0.36,5.0,0.35,16.4,0.48,5.0,0.5,15.0,0.52,5.0,0.5,15.0,0.64,5.0,0.65,16.4,0.12,0.12,0.095204,1776187275000
1776187277.276,77.276,0.36,5.0,0.35,16.4,0.48,5.0,0.5,15.0,0.52,5.0,0.5,15.0,0.64,5.0,0.65,16.4,0.12,0.12,0.095204,1776187276000
1776187278.704,78.704,0.36,5.0,0.35,16.4,0.48,5.0,0.5,15.0,0.52,5.0,0.5,15.0,0.64,5.0,0.65,16.4,0.12,0.12,0.0952,1776187277000
1776187279.548,79.548,0.36,5.0,0.35,16.4,0.48,5.0,0.5,15.0,0.52,5.0,0.5,15.0,0.64,5.0,0.65,16.4,0.12,0.12,0.0952,1776187278000
1776187280.293,80.293,0.36,5.0,0.35,16.4,0.48,5.0,0.5,15.0,0.52,5.0,0.5,15.0,0.64,5.0,0.65,16.4,0.12,0.12,0.0952,1776187279000
1776187281.587,81.587,0.36,5.0,0.35,16.4,0.48,5.0,0.5,15.0,0.52,5.0,0.5,15.0,0.64,5.0,0.65,16.4,0.12,0.12,0.0952,1776187280000
1776187282.357,82.357,0.36,5.0,0.35,16.4,0.48,5.0,0.5,15.0,0.52,5.0,0.5,15.0,0.64,5.0,0.65,16.4,0.12,0.12,0.095202,1776187281000
1776187283.952,83.952,0.36,5.0,0.35,16.4,0.48,5.0,0.5,15.0,0.52,5.0,0.5,15.0,0.64,5.0,0.65,16.4,0.12,0.12,0.095205,1776187282000
1776187284.708,84.708,0.36,5.0,0.35,16.4,0.48,5.0,0.5,15.0,0.52,5.0,0.5,15.0,0.64,5.0,0.65,16.4,0.12,0.12,0.095205,1776187283000
1776187285.59,85.59,0.36,5.0,0.35,16.4,0.48,5.0,0.5,15.0,0.52,5.0,0.5,15.0,0.64,5.0,0.65,16.4,0.12,0.12,0.095211,1776187284000
1776187286.161,86.161,0.38,16.0,0.37,16.2,0.49,5.16,0.5,10.0,0.52,5.0,0.5,15.0,0.64,5.0,0.65,16.4,0.11,0.12,0.095211,1776187284000
1776187286.385,86.385,0.38,16.0,0.37,16.2,0.49,5.16,0.5,10.0,0.51,5.16,0.5,10.0,0.62,16.0,0.63,16.2,0.11,0.11,0.095214,1776187285000
1776187287.087,87.087,0.38,16.0,0.37,16.2,0.49,5.16,0.5,10.0,0.51,5.16,0.5,10.0,0.62,16.0,0.63,16.2,0.11,0.11,0.095214,1776187286000
1776187288.649,88.649,0.38,16.0,0.37,16.2,0.49,5.16,0.5,10.0,0.51,5.16,0.5,10.0,0.62,16.0,0.63,16.2,0.11,0.11,0.095214,1776187287000
1776187289.333,89.333,0.38,16.0,0.37,16.2,0.49,5.16,0.5,10.0,0.51,5.16,0.5,10.0,0.62,16.0,0.63,16.2,0.11,0.11,0.095214,1776187288000
1776187290.206,90.206,0.38,16.0,0.37,16.2,0.49,5.16,0.5,10.0,0.51,5.16,0.5,10.0,0.62,16.0,0.63,16.2,0.11,0.11,0.095215,1776187289000
1776187291.642,91.642,0.38,16.0,0.37,16.2,0.49,5.16,0.5,10.0,0.51,5.16,0.5,10.0,0.62,16.0,0.63,16.2,0.11,0.11,0.095215,1776187290000
1776187292.351,92.351,0.38,16.0,0.37,16.2,0.49,5.16,0.5,10.0,0.51,5.16,0.5,10.0,0.62,16.0,0.63,16.2,0.11,0.11,0.095215,1776187291000
1776187293.122,93.122,0.38,16.0,0.37,16.2,0.49,5.16,0.5,10.0,0.51,5.16,0.5,10.0,0.62,16.0,0.63,16.2,0.11,0.11,0.095215,1776187292000
1776187294.906,94.906,0.38,16.0,0.37,16.2,0.49,5.16,0.5,10.0,0.51,5.16,0.5,10.0,0.62,16.0,0.63,16.2,0.11,0.11,0.095209,1776187293000
1776187295.639,95.639,0.38,16.0,0.37,16.2,0.49,5.16,0.5,10.0,0.51,5.16,0.5,10.0,0.62,16.0,0.63,16.2,0.11,0.11,0.095209,1776187294000
1776187296.353,96.353,0.38,16.0,0.37,16.2,0.49,5.16,0.5,10.0,0.51,5.16,0.5,10.0,0.62,16.0,0.63,16.2,0.11,0.11,0.095209,1776187295000
1776187297.023,97.023,0.38,16.0,0.37,16.2,0.49,5.16,0.5,10.0,0.51,5.16,0.5,10.0,0.62,16.0,0.63,16.2,0.11,0.11,0.095209,1776187296000
1776187298.32,98.32,0.38,16.0,0.37,16.2,0.49,5.16,0.5,10.0,0.51,5.16,0.5,10.0,0.62,16.0,0.63,16.2,0.11,0.11,0.095208,1776187297000
1776187299.575,99.575,0.38,16.0,0.37,16.2,0.49,5.16,0.5,10.0,0.51,5.16,0.5,10.0,0.62,16.0,0.63,16.2,0.11,0.11,0.095208,1776187298000
1776187300.273,100.273,0.38,16.0,0.37,16.2,0.49,5.16,0.5,10.0,0.51,5.16,0.5,10.0,0.62,16.0,0.63,16.2,0.11,0.11,0.095208,1776187299000
1776187301.483,101.483,0.38,16.0,0.37,16.2,0.49,5.16,0.5,10.0,0.51,5.16,0.5,10.0,0.62,16.0,0.63,16.2,0.11,0.11,0.095208,1776187300000
1776187302.052,102.052,0.38,16.0,0.37,16.2,0.49,5.16,0.5,10.0,0.51,5.16,0.5,10.0,0.62,16.0,0.63,16.2,0.11,0.11,0.095208,1776187301000
1776187303.407,103.407,0.38,16.0,0.37,16.2,0.49,5.16,0.5,10.0,0.51,5.16,0.5,10.0,0.62,16.0,0.63,16.2,0.11,0.11,0.0952,1776187302000
1776187304.088,104.088,0.38,16.0,0.37,16.2,0.49,5.16,0.5,10.0,0.51,5.16,0.5,10.0,0.62,16.0,0.63,16.2,0.11,0.11,0.095199,1776187303000
1776187305.327,105.327,0.38,16.0,0.37,16.2,0.49,5.16,0.5,10.0,0.51,5.16,0.5,10.0,0.62,16.0,0.63,16.2,0.11,0.11,0.095199,1776187304000
1776187306.71,106.71,0.38,16.0,0.37,16.2,0.49,5.16,0.5,10.0,0.51,5.16,0.5,10.0,0.62,16.0,0.63,16.2,0.11,0.11,0.095199,1776187305000
1776187307.41,107.41,0.38,16.0,0.37,16.2,0.49,5.16,0.5,10.0,0.51,5.16,0.5,10.0,0.62,16.0,0.63,16.2,0.11,0.11,0.095199,1776187306000
1776187308.689,108.689,0.38,16.0,0.37,16.2,0.49,5.16,0.5,10.0,0.51,5.16,0.5,10.0,0.62,16.0,0.63,16.2,0.11,0.11,0.095199,1776187307000
1776187309.223,109.223,0.38,16.0,0.37,16.2,0.49,5.16,0.5,10.0,0.51,5.16,0.5,10.0,0.62,16.0,0.63,16.2,0.11,0.11,0.095199,1776187308000
1776187310.486,110.486,0.38,16.0,0.37,16.2,0.49,5.16,0.5,10.0,0.51,5.16,0.5,10.0,0.62,16.0,0.63,16.2,0.11,0.11,0.0952,1776187309000
1776187311.495,111.495,0.38,16.0,0.37,16.2,0.49,5.16,0.5,10.0,0.51,5.16,0.5,10.0,0.62,16.0,0.63,16.2,0.11,0.11,0.095207,1776187310000
1776187312.276,112.276,0.38,16.0,0.37,16.2,0.49,5.16,0.5,10.0,0.51,5.16,0.5,10.0,0.62,16.0,0.63,16.2,0.11,0.11,0.095208,1776187311000
1776187313.358,113.358,0.38,16.0,0.37,16.2,0.49,5.16,0.5,10.0,0.51,5.16,0.5,10.0,0.62,16.0,0.63,16.2,0.11,0.11,0.095211,1776187312000
1776187314.329,114.329,0.38,16.0,0.37,16.2,0.49,5.16,0.5,10.0,0.51,5.16,0.5,10.0,0.62,16.0,0.63,16.2,0.11,0.11,0.095212,1776187313000
1776187314.873,114.873,0.38,16.0,0.37,16.2,0.49,5.16,0.5,10.0,0.51,5.16,0.5,10.0,0.62,16.0,0.63,16.2,0.11,0.11,0.095212,1776187314000
1776187316.285,116.285,0.38,16.0,0.37,16.2,0.49,5.16,0.5,10.0,0.51,5.16,0.5,10.0,0.62,16.0,0.63,16.2,0.11,0.11,0.095212,1776187315000
1776187317.47,117.47,0.38,16.0,0.37,16.2,0.49,5.16,0.5,10.0,0.51,5.16,0.5,10.0,0.62,16.0,0.63,16.2,0.11,0.11,0.095212,1776187316000
1776187318.415,118.415,0.38,16.0,0.37,16.2,0.49,5.16,0.5,10.0,0.51,5.16,0.5,10.0,0.62,16.0,0.63,16.2,0.11,0.11,0.095212,1776187317000
1776187319.069,119.069,0.38,16.0,0.37,16.2,0.49,5.16,0.5,10.0,0.51,5.16,0.5,10.0,0.62,16.0,0.63,16.2,0.11,0.11,0.095212,1776187318000
1776187320.147,120.147,0.38,16.0,0.37,16.2,0.49,5.16,0.5,10.0,0.51,5.16,0.5,10.0,0.62,16.0,0.63,16.2,0.11,0.11,0.095212,1776187319000
1776187321.118,121.118,0.38,16.0,0.37,16.2,0.49,5.16,0.5,10.0,0.51,5.16,0.5,10.0,0.62,16.0,0.63,16.2,0.11,0.11,0.0952,1776187320000
1776187322.215,122.215,0.38,16.0,0.37,16.2,0.49,5.16,0.5,10.0,0.51,5.16,0.5,10.0,0.62,16.0,0.63,16.2,0.11,0.11,0.095198,1776187321000
1776187323.608,123.608,0.38,16.0,0.37,16.2,0.49,5.16,0.5,10.0,0.51,5.16,0.5,10.0,0.62,16.0,0.63,16.2,0.11,0.11,0.095198,1776187322000
1776187324.188,124.188,0.38,16.0,0.37,16.2,0.49,5.16,0.5,10.0,0.51,5.16,0.5,10.0,0.62,16.0,0.63,16.2,0.11,0.11,0.095206,1776187323000
1776187325.343,125.343,0.38,16.0,0.37,16.2,0.49,5.16,0.5,10.0,0.51,5.16,0.5,10.0,0.62,16.0,0.63,16.2,0.11,0.11,0.095217,1776187324000
1776187326.334,126.334,0.38,16.0,0.37,16.2,0.49,5.16,0.5,10.0,0.51,5.16,0.5,10.0,0.62,16.0,0.63,16.2,0.11,0.11,0.095224,1776187325000
1776187327.407,127.407,0.38,16.0,0.37,16.2,0.49,5.16,0.5,10.0,0.51,5.16,0.5,10.0,0.62,16.0,0.63,16.2,0.11,0.11,0.095225,1776187326000
1776187328.366,128.366,0.38,16.0,0.37,16.2,0.49,5.16,0.5,10.0,0.51,5.16,0.5,10.0,0.62,16.0,0.63,16.2,0.11,0.11,0.095226,1776187327000
1776187328.976,128.976,0.38,16.0,0.37,16.2,0.49,5.16,0.5,10.0,0.51,5.16,0.5,10.0,0.62,16.0,0.63,16.2,0.11,0.11,0.095226,1776187328000
1776187330.06,130.06,0.38,16.0,0.37,16.2,0.49,5.16,0.5,10.0,0.51,5.16,0.5,10.0,0.62,16.0,0.63,16.2,0.11,0.11,0.095223,1776187329000
1776187331.215,131.215,0.38,16.0,0.37,16.2,0.49,5.16,0.5,10.0,0.51,5.16,0.5,10.0,0.62,16.0,0.63,16.2,0.11,0.11,0.09521,1776187330000
1776187332.308,132.308,0.38,16.0,0.37,16.2,0.49,5.16,0.5,10.0,0.51,5.16,0.5,10.0,0.62,16.0,0.63,16.2,0.11,0.11,0.09521,1776187331000
1776187333.442,133.442,0.38,16.0,0.37,16.2,0.49,5.16,0.5,10.0,0.51,5.16,0.5,10.0,0.62,16.0,0.63,16.2,0.11,0.11,0.095211,1776187332000
1776187333.972,133.972,0.38,16.0,0.37,16.2,0.49,5.16,0.5,10.0,0.51,5.16,0.5,10.0,0.62,16.0,0.63,16.2,0.11,0.11,0.095212,1776187333000
1776187335.068,135.068,0.38,16.0,0.37,16.2,0.49,5.16,0.5,10.0,0.51,5.16,0.5,10.0,0.62,16.0,0.63,16.2,0.11,0.11,0.095214,1776187334000
1776187336.238,136.238,0.38,16.0,0.37,16.2,0.49,5.16,0.5,10.0,0.51,5.16,0.5,10.0,0.62,16.0,0.63,16.2,0.11,0.11,0.095214,1776187335000
1776187337.439,137.439,0.38,16.0,0.37,16.2,0.49,5.16,0.5,10.0,0.51,5.16,0.5,10.0,0.62,16.0,0.63,16.2,0.11,0.11,0.095214,1776187336000
1776187337.977,137.977,0.38,16.0,0.37,16.2,0.49,5.16,0.5,10.0,0.51,5.16,0.5,10.0,0.62,16.0,0.63,16.2,0.11,0.11,0.095214,1776187337000
1776187339.129,139.129,0.38,16.0,0.37,16.2,0.49,5.16,0.5,10.0,0.51,5.16,0.5,10.0,0.62,16.0,0.63,16.2,0.11,0.11,0.095215,1776187338000
1776187340.712,140.712,0.38,16.0,0.37,16.2,0.49,5.16,0.5,10.0,0.51,5.16,0.5,10.0,0.62,16.0,0.63,16.2,0.11,0.11,0.095218,1776187339000
1776187341.126,141.126,0.38,16.0,0.37,16.2,0.49,5.16,0.5,10.0,0.51,5.16,0.5,10.0,0.62,16.0,0.63,16.2,0.11,0.11,0.095219,1776187340000
1776187342.334,142.334,0.38,16.0,0.37,16.2,0.49,5.16,0.5,10.0,0.51,5.16,0.5,10.0,0.62,16.0,0.63,16.2,0.11,0.11,0.095219,1776187341000
1776187343.155,143.155,0.38,16.0,0.37,16.2,0.49,5.16,0.5,10.0,0.51,5.16,0.5,10.0,0.62,16.0,0.63,16.2,0.11,0.11,0.095219,1776187342000
1776187344.19,144.19,0.38,16.0,0.37,16.2,0.49,5.16,0.5,10.0,0.51,5.16,0.5,10.0,0.62,16.0,0.63,16.2,0.11,0.11,0.095208,1776187343000
1776187345.081,145.081,0.38,16.0,0.37,16.2,0.49,5.16,0.5,10.0,0.51,5.16,0.5,10.0,0.62,16.0,0.63,16.2,0.11,0.11,0.095208,1776187344000
1776187345.306,145.306,0.36,5.0,0.35,5.0,0.51,51.0,0.52,16.4,0.51,5.16,0.5,10.0,0.62,16.0,0.63,16.2,0.15,0.11,0.095208,1776187344000
1776187346.076,146.076,0.36,5.0,0.35,5.0,0.51,51.0,0.52,16.4,0.49,51.0,0.48,16.4,0.64,5.0,0.65,5.0,0.15,0.15,0.09521,1776187345000
1776187347.044,147.044,0.36,5.0,0.35,5.0,0.51,51.0,0.52,16.4,0.49,51.0,0.48,16.4,0.64,5.0,0.65,5.0,0.15,0.15,0.095218,1776187346000
1776187348.081,148.081,0.36,5.0,0.35,5.0,0.51,51.0,0.52,16.4,0.49,51.0,0.48,16.4,0.64,5.0,0.65,5.0,0.15,0.15,0.095222,1776187347000
1776187349.119,149.119,0.36,5.0,0.35,5.0,0.51,51.0,0.52,16.4,0.49,51.0,0.48,16.4,0.64,5.0,0.65,5.0,0.15,0.15,0.095222,1776187348000
1776187349.984,149.984,0.36,5.0,0.35,5.0,0.51,51.0,0.52,16.4,0.49,51.0,0.48,16.4,0.64,5.0,0.65,5.0,0.15,0.15,0.095222,1776187349000
1776187350.977,150.977,0.36,5.0,0.35,5.0,0.51,51.0,0.52,16.4,0.49,51.0,0.48,16.4,0.64,5.0,0.65,5.0,0.15,0.15,0.095222,1776187350000
1776187351.935,151.935,0.36,5.0,0.35,5.0,0.51,51.0,0.52,16.4,0.49,51.0,0.48,16.4,0.64,5.0,0.65,5.0,0.15,0.15,0.095222,1776187351000
1776187353.504,153.504,0.36,5.0,0.35,5.0,0.51,51.0,0.52,16.4,0.49,51.0,0.48,16.4,0.64,5.0,0.65,5.0,0.15,0.15,0.095222,1776187352000
1776187354.119,154.119,0.36,5.0,0.35,5.0,0.51,51.0,0.52,16.4,0.49,51.0,0.48,16.4,0.64,5.0,0.65,5.0,0.15,0.15,0.095222,1776187353000
1776187355.202,155.202,0.36,5.0,0.35,5.0,0.51,51.0,0.52,16.4,0.49,51.0,0.48,16.4,0.64,5.0,0.65,5.0,0.15,0.15,0.095222,1776187354000
1776187355.765,155.765,0.51,9.19,0.38,16.0,0.52,6.0,0.56,5.0,0.49,51.0,0.48,16.4,0.64,5.0,0.65,5.0,0.01,0.15,0.095222,1776187354000
1776187356.321,156.321,0.51,9.19,0.38,16.0,0.52,6.0,0.56,5.0,0.48,6.0,0.44,5.0,0.49,9.19,0.62,16.0,0.01,0.01,0.095222,1776187355000
1776187357.467,157.467,0.36,11.3,0.35,16.4,0.51,40.81,0.52,11.0,0.49,40.81,0.48,11.0,0.64,11.3,0.65,16.4,0.15,0.15,0.095225,1776187356000
1776187358.169,158.169,0.36,11.3,0.35,16.4,0.51,40.81,0.52,11.0,0.49,40.81,0.48,11.0,0.64,11.3,0.65,16.4,0.15,0.15,0.095224,1776187357000
1776187359.131,159.131,0.36,11.3,0.35,16.4,0.51,40.81,0.52,11.0,0.49,40.81,0.48,11.0,0.64,11.3,0.65,16.4,0.15,0.15,0.09522,1776187358000
1776187360.124,160.124,0.36,11.3,0.35,16.4,0.51,40.81,0.52,11.0,0.49,40.81,0.48,11.0,0.64,11.3,0.65,16.4,0.15,0.15,0.095222,1776187359000
1776187361.053,161.053,0.36,11.3,0.35,16.4,0.51,40.81,0.52,11.0,0.49,40.81,0.48,11.0,0.64,11.3,0.65,16.4,0.15,0.15,0.09522,1776187360000
1776187362.194,162.194,0.36,11.3,0.35,16.4,0.51,40.81,0.52,11.0,0.49,40.81,0.48,11.0,0.64,11.3,0.65,16.4,0.15,0.15,0.095219,1776187361000
1776187363.181,163.181,0.36,11.3,0.35,16.4,0.51,40.81,0.52,11.0,0.49,40.81,0.48,11.0,0.64,11.3,0.65,16.4,0.15,0.15,0.095219,1776187362000
1776187364.332,164.332,0.36,11.3,0.35,16.4,0.51,40.81,0.52,11.0,0.49,40.81,0.48,11.0,0.64,11.3,0.65,16.4,0.15,0.15,0.09522,1776187363000
1776187364.995,164.995,0.36,11.3,0.35,16.4,0.51,40.81,0.52,11.0,0.49,40.81,0.48,11.0,0.64,11.3,0.65,16.4,0.15,0.15,0.09522,1776187364000
1776187366.467,166.467,0.36,11.3,0.35,16.4,0.51,40.81,0.52,11.0,0.49,40.81,0.48,11.0,0.64,11.3,0.65,16.4,0.15,0.15,0.095218,1776187365000
1776187366.922,166.922,0.36,11.3,0.35,16.4,0.51,40.81,0.52,11.0,0.49,40.81,0.48,11.0,0.64,11.3,0.65,16.4,0.15,0.15,0.095214,1776187366000
1776187368.22,168.22,0.36,11.3,0.35,16.4,0.51,40.81,0.52,11.0,0.49,40.81,0.48,11.0,0.64,11.3,0.65,16.4,0.15,0.15,0.095214,1776187367000
1776187370.224,170.224,0.36,11.3,0.35,16.4,0.51,40.81,0.52,11.0,0.49,40.81,0.48,11.0,0.64,11.3,0.65,16.4,0.15,0.15,0.095216,1776187369000
1776187371.898,171.898,0.36,11.3,0.35,16.4,0.51,40.81,0.52,11.0,0.49,40.81,0.48,11.0,0.64,11.3,0.65,16.4,0.15,0.15,0.095216,1776187370000
1776187372.596,172.596,0.36,11.3,0.35,16.4,0.51,40.81,0.52,11.0,0.49,40.81,0.48,11.0,0.64,11.3,0.65,16.4,0.15,0.15,0.095216,1776187371000
1776187373.315,173.315,0.36,11.3,0.35,16.4,0.51,40.81,0.52,11.0,0.49,40.81,0.48,11.0,0.64,11.3,0.65,16.4,0.15,0.15,0.095217,1776187372000
1776187374.558,174.558,0.36,11.3,0.35,16.4,0.51,40.81,0.52,11.0,0.49,40.81,0.48,11.0,0.64,11.3,0.65,16.4,0.15,0.15,0.095218,1776187373000
1776187375.214,175.214,0.36,11.3,0.35,16.4,0.51,40.81,0.52,11.0,0.49,40.81,0.48,11.0,0.64,11.3,0.65,16.4,0.15,0.15,0.095218,1776187374000
1776187376.656,176.656,0.36,11.3,0.35,16.4,0.51,40.81,0.52,11.0,0.49,40.81,0.48,11.0,0.64,11.3,0.65,16.4,0.15,0.15,0.095218,1776187375000
1776187377.331,177.331,0.36,11.3,0.35,16.4,0.51,40.81,0.52,11.0,0.49,40.81,0.48,11.0,0.64,11.3,0.65,16.4,0.15,0.15,0.095222,1776187376000
1776187378.126,178.126,0.36,11.3,0.35,16.4,0.51,40.81,0.52,11.0,0.49,40.81,0.48,11.0,0.64,11.3,0.65,16.4,0.15,0.15,0.095226,1776187377000
1776187379.49,179.49,0.36,11.3,0.35,16.4,0.51,40.81,0.52,11.0,0.49,40.81,0.48,11.0,0.64,11.3,0.65,16.4,0.15,0.15,0.095228,1776187378000
1776187380.215,180.215,0.36,11.3,0.35,16.4,0.51,40.81,0.52,11.0,0.49,40.81,0.48,11.0,0.64,11.3,0.65,16.4,0.15,0.15,0.09524,1776187379000
1776187381.753,181.753,0.36,11.3,0.35,16.4,0.51,40.81,0.52,11.0,0.49,40.81,0.48,11.0,0.64,11.3,0.65,16.4,0.15,0.15,0.095232,1776187380000
1776187382.358,182.358,0.36,11.3,0.35,16.4,0.51,40.81,0.52,11.0,0.49,40.81,0.48,11.0,0.64,11.3,0.65,16.4,0.15,0.15,0.09523,1776187381000
1776187383.668,183.668,0.36,11.3,0.35,16.4,0.51,40.81,0.52,11.0,0.49,40.81,0.48,11.0,0.64,11.3,0.65,16.4,0.15,0.15,0.09524,1776187382000
1776187384.356,184.356,0.36,11.3,0.35,16.4,0.51,40.81,0.52,11.0,0.49,40.81,0.48,11.0,0.64,11.3,0.65,16.4,0.15,0.15,0.09524,1776187383000
1776187385.081,185.081,0.36,11.3,0.35,16.4,0.51,40.81,0.52,11.0,0.49,40.81,0.48,11.0,0.64,11.3,0.65,16.4,0.15,0.15,0.09524,1776187384000
1776187386.828,186.828,0.36,11.3,0.35,16.4,0.51,40.81,0.52,11.0,0.49,40.81,0.48,11.0,0.64,11.3,0.65,16.4,0.15,0.15,0.095236,1776187385000
1776187387.317,187.317,0.36,11.3,0.35,16.4,0.51,40.81,0.52,11.0,0.49,40.81,0.48,11.0,0.64,11.3,0.65,16.4,0.15,0.15,0.095226,1776187386000
1776187388.369,188.369,0.36,11.3,0.35,16.4,0.51,40.81,0.52,11.0,0.49,40.81,0.48,11.0,0.64,11.3,0.65,16.4,0.15,0.15,0.095226,1776187387000
1776187389.281,189.281,0.36,11.3,0.35,16.4,0.51,40.81,0.52,11.0,0.49,40.81,0.48,11.0,0.64,11.3,0.65,16.4,0.15,0.15,0.095224,1776187388000
1776187390.271,190.271,0.36,11.3,0.35,16.4,0.51,40.81,0.52,11.0,0.49,40.81,0.48,11.0,0.64,11.3,0.65,16.4,0.15,0.15,0.095223,1776187389000
1776187391.284,191.284,0.36,11.3,0.35,16.4,0.51,40.81,0.52,11.0,0.49,40.81,0.48,11.0,0.64,11.3,0.65,16.4,0.15,0.15,0.095223,1776187390000
1776187392.343,192.343,0.36,11.3,0.35,16.4,0.51,40.81,0.52,11.0,0.49,40.81,0.48,11.0,0.64,11.3,0.65,16.4,0.15,0.15,0.095224,1776187391000
1776187393.248,193.248,0.36,11.3,0.35,16.4,0.51,40.81,0.52,11.0,0.49,40.81,0.48,11.0,0.64,11.3,0.65,16.4,0.15,0.15,0.095224,1776187392000
1776187394.341,194.341,0.36,11.3,0.35,16.4,0.51,40.81,0.52,11.0,0.49,40.81,0.48,11.0,0.64,11.3,0.65,16.4,0.15,0.15,0.095224,1776187393000
1776187395.336,195.336,0.36,11.3,0.35,16.4,0.51,40.81,0.52,11.0,0.49,40.81,0.48,11.0,0.64,11.3,0.65,16.4,0.15,0.15,0.095224,1776187394000
1776187396.336,196.336,0.36,11.3,0.35,16.4,0.51,40.81,0.52,11.0,0.49,40.81,0.48,11.0,0.64,11.3,0.65,16.4,0.15,0.15,0.095224,1776187395000
1776187397.299,197.299,0.36,11.3,0.35,16.4,0.51,40.81,0.52,11.0,0.49,40.81,0.48,11.0,0.64,11.3,0.65,16.4,0.15,0.15,0.095223,1776187396000
1776187398.389,198.389,0.36,11.3,0.35,16.4,0.51,40.81,0.52,11.0,0.49,40.81,0.48,11.0,0.64,11.3,0.65,16.4,0.15,0.15,0.095223,1776187397000
1776187398.902,198.902,0.36,11.3,0.35,16.4,0.51,40.81,0.52,11.0,0.49,40.81,0.48,11.0,0.64,11.3,0.65,16.4,0.15,0.15,0.095219,1776187398000
1776187400.182,200.182,0.36,11.3,0.35,16.4,0.51,40.81,0.52,11.0,0.49,40.81,0.48,11.0,0.64,11.3,0.65,16.4,0.15,0.15,0.095219,1776187399000
1776187401.109,201.109,0.36,11.3,0.35,16.4,0.51,40.81,0.52,11.0,0.49,40.81,0.48,11.0,0.64,11.3,0.65,16.4,0.15,0.15,0.095219,1776187400000
1776187402.055,202.055,0.36,11.3,0.35,16.4,0.51,40.81,0.52,11.0,0.49,40.81,0.48,11.0,0.64,11.3,0.65,16.4,0.15,0.15,0.095219,1776187401000
1776187402.919,202.919,0.36,11.3,0.35,16.4,0.51,40.81,0.52,11.0,0.49,40.81,0.48,11.0,0.64,11.3,0.65,16.4,0.15,0.15,0.09522,1776187402000
1776187403.946,203.946,0.36,11.3,0.35,16.4,0.51,40.81,0.52,11.0,0.49,40.81,0.48,11.0,0.64,11.3,0.65,16.4,0.15,0.15,0.09522,1776187403000
1776187404.915,204.915,0.36,11.3,0.35,16.4,0.51,40.81,0.52,11.0,0.49,40.81,0.48,11.0,0.64,11.3,0.65,16.4,0.15,0.15,0.09522,1776187404000
1776187405.817,205.817,0.36,11.3,0.35,16.4,0.51,40.81,0.52,11.0,0.49,40.81,0.48,11.0,0.64,11.3,0.65,16.4,0.15,0.15,0.09522,1776187405000
1776187407.307,207.307,0.36,11.3,0.35,16.4,0.51,40.81,0.52,11.0,0.49,40.81,0.48,11.0,0.64,11.3,0.65,16.4,0.15,0.15,0.09522,1776187406000
1776187408.196,208.196,0.36,11.3,0.35,16.4,0.51,40.81,0.52,11.0,0.49,40.81,0.48,11.0,0.64,11.3,0.65,16.4,0.15,0.15,0.095209,1776187407000
1776187409.295,209.295,0.36,11.3,0.35,16.4,0.51,40.81,0.52,11.0,0.49,40.81,0.48,11.0,0.64,11.3,0.65,16.4,0.15,0.15,0.095201,1776187408000
1776187409.588,209.588,0.23,3.51,0.21,15.7,0.31,5.0,0.39,10.9,0.49,40.81,0.48,11.0,0.64,11.3,0.65,16.4,0.08,0.15,0.095201,1776187408000
1776187410.126,210.126,0.23,3.51,0.21,15.7,0.31,5.0,0.39,10.9,0.69,5.0,0.61,10.9,0.77,3.51,0.79,15.7,0.08,0.08,0.095202,1776187409000
1776187411.136,211.136,0.23,3.51,0.21,15.7,0.31,5.0,0.39,10.9,0.69,5.0,0.61,10.9,0.77,3.51,0.79,15.7,0.08,0.08,0.095202,1776187410000
1776187412.125,212.125,0.23,3.51,0.21,15.7,0.31,5.0,0.39,10.9,0.69,5.0,0.61,10.9,0.77,3.51,0.79,15.7,0.08,0.08,0.095202,1776187411000
1776187413.125,213.125,0.23,3.51,0.21,15.7,0.31,5.0,0.39,10.9,0.69,5.0,0.61,10.9,0.77,3.51,0.79,15.7,0.08,0.08,0.095202,1776187412000
1776187414.209,214.209,0.23,3.51,0.21,15.7,0.31,5.0,0.39,10.9,0.69,5.0,0.61,10.9,0.77,3.51,0.79,15.7,0.08,0.08,0.095208,1776187413000
1776187415.221,215.221,0.23,3.51,0.21,15.7,0.31,5.0,0.39,10.9,0.69,5.0,0.61,10.9,0.77,3.51,0.79,15.7,0.08,0.08,0.095208,1776187414000
1776187416.559,216.559,0.23,3.51,0.21,15.7,0.31,5.0,0.39,10.9,0.69,5.0,0.61,10.9,0.77,3.51,0.79,15.7,0.08,0.08,0.095212,1776187415000
1776187417.022,217.022,0.23,3.51,0.21,15.7,0.31,5.0,0.39,10.9,0.69,5.0,0.61,10.9,0.77,3.51,0.79,15.7,0.08,0.08,0.095212,1776187416000
1776187418.159,218.159,0.23,3.51,0.21,15.7,0.31,5.0,0.39,10.9,0.69,5.0,0.61,10.9,0.77,3.51,0.79,15.7,0.08,0.08,0.095214,1776187417000
1776187419.255,219.255,0.23,3.51,0.21,15.7,0.31,5.0,0.39,10.9,0.69,5.0,0.61,10.9,0.77,3.51,0.79,15.7,0.08,0.08,0.095212,1776187418000
1776187420.266,220.266,0.23,3.51,0.21,15.7,0.31,5.0,0.39,10.9,0.69,5.0,0.61,10.9,0.77,3.51,0.79,15.7,0.08,0.08,0.095212,1776187419000
1776187421.557,221.557,0.23,3.51,0.21,15.7,0.31,5.0,0.39,10.9,0.69,5.0,0.61,10.9,0.77,3.51,0.79,15.7,0.08,0.08,0.095214,1776187420000
1776187422.179,222.179,0.23,3.51,0.21,15.7,0.31,5.0,0.39,10.9,0.69,5.0,0.61,10.9,0.77,3.51,0.79,15.7,0.08,0.08,0.095218,1776187421000
1776187423.312,223.312,0.23,3.51,0.21,15.7,0.31,5.0,0.39,10.9,0.69,5.0,0.61,10.9,0.77,3.51,0.79,15.7,0.08,0.08,0.095216,1776187422000
1776187424.376,224.376,0.23,3.51,0.21,15.7,0.31,5.0,0.39,10.9,0.69,5.0,0.61,10.9,0.77,3.51,0.79,15.7,0.08,0.08,0.095216,1776187423000
1776187424.949,224.949,0.23,3.51,0.21,15.7,0.31,5.0,0.39,10.9,0.69,5.0,0.61,10.9,0.77,3.51,0.79,15.7,0.08,0.08,0.095216,1776187424000
1776187426.645,226.645,0.23,3.51,0.21,15.7,0.31,5.0,0.39,10.9,0.69,5.0,0.61,10.9,0.77,3.51,0.79,15.7,0.08,0.08,0.09521,1776187425000
1776187427.402,227.402,0.23,3.51,0.21,15.7,0.31,5.0,0.39,10.9,0.69,5.0,0.61,10.9,0.77,3.51,0.79,15.7,0.08,0.08,0.09521,1776187426000
1776187428.094,228.094,0.23,3.51,0.21,15.7,0.31,5.0,0.39,10.9,0.69,5.0,0.61,10.9,0.77,3.51,0.79,15.7,0.08,0.08,0.095211,1776187427000
1776187429.707,229.707,0.23,3.51,0.21,15.7,0.31,5.0,0.39,10.9,0.69,5.0,0.61,10.9,0.77,3.51,0.79,15.7,0.08,0.08,0.095211,1776187428000
1776187430.398,230.398,0.23,3.51,0.21,15.7,0.31,5.0,0.39,10.9,0.69,5.0,0.61,10.9,0.77,3.51,0.79,15.7,0.08,0.08,0.09521,1776187429000
1776187430.812,230.812,0.31,45.0,0.28,5.0,0.52,6.0,0.6,10.8,0.69,5.0,0.61,10.9,0.77,3.51,0.79,15.7,0.21,0.08,0.09521,1776187429000
1776187431.116,231.116,0.31,37.75,0.28,5.0,0.52,0.28,0.61,50.0,0.48,0.28,0.39,50.0,0.69,37.75,0.72,5.0,0.21,0.21,0.09521,1776187430000
1776187431.771,231.771,0.46,5.0,0.45,5.0,0.61,45.36,0.65,11.4,0.48,0.28,0.39,50.0,0.69,37.75,0.72,5.0,0.15,0.21,0.09521,1776187430000
1776187432.569,232.569,0.46,5.0,0.45,5.0,0.61,45.36,0.65,11.4,0.39,45.36,0.35,11.4,0.54,5.0,0.55,5.0,0.15,0.15,0.09522,1776187431000
1776187433.359,233.359,0.46,5.0,0.45,5.0,0.61,45.36,0.65,11.4,0.39,45.36,0.35,11.4,0.54,5.0,0.55,5.0,0.15,0.15,0.095229,1776187432000
1776187434.006,234.006,0.41,41.0,0.36,5.0,0.69,12.2,0.7,12.4,0.31,12.2,0.3,12.4,0.59,41.0,0.64,5.0,0.28,0.28,0.095245,1776187433000
1776187435.207,235.207,0.51,50.0,0.41,41.0,0.75,9.94,0.76,14.3,0.31,12.2,0.3,12.4,0.59,41.0,0.64,5.0,0.24,0.28,0.095245,1776187433000
1776187435.44,235.44,0.51,50.0,0.41,41.0,0.75,9.94,0.76,14.3,0.25,9.94,0.24,14.3,0.49,50.0,0.59,41.0,0.24,0.24,0.09525,1776187434000
1776187436.262,236.262,0.51,50.0,0.41,41.0,0.75,9.94,0.76,14.3,0.25,9.94,0.24,14.3,0.49,50.0,0.59,41.0,0.24,0.24,0.09525,1776187435000
1776187436.745,236.745,0.51,50.0,0.41,41.0,0.56,5.0,0.57,5.0,0.25,9.94,0.24,14.3,0.49,50.0,0.59,41.0,0.05,0.24,0.09525,1776187435000
1776187437.635,237.635,0.51,50.0,0.41,41.0,0.56,5.0,0.57,5.0,0.44,5.0,0.43,5.0,0.49,50.0,0.59,41.0,0.05,0.05,0.095259,1776187436000
1776187438.241,238.241,0.51,50.0,0.41,41.0,0.56,5.0,0.57,5.0,0.44,5.0,0.43,5.0,0.49,50.0,0.59,41.0,0.05,0.05,0.095262,1776187437000
1776187439.061,239.061,0.61,25.0,0.51,55.0,0.76,21.3,0.77,14.7,0.44,5.0,0.43,5.0,0.49,50.0,0.59,41.0,0.15,0.05,0.095262,1776187437000
1776187439.625,239.625,0.61,25.0,0.51,55.0,0.76,21.3,0.77,14.7,0.24,21.3,0.23,14.7,0.39,25.0,0.49,55.0,0.15,0.15,0.095262,1776187438000
1776187440.326,240.326,0.61,25.0,0.51,55.0,0.76,21.3,0.77,14.7,0.24,21.3,0.23,14.7,0.39,25.0,0.49,55.0,0.15,0.15,0.095268,1776187439000
1776187441.799,241.799,0.61,25.0,0.51,55.0,0.76,21.3,0.77,14.7,0.24,21.3,0.23,14.7,0.39,25.0,0.49,55.0,0.15,0.15,0.095279,1776187440000
1776187442.814,242.814,0.61,25.0,0.51,55.0,0.76,21.3,0.77,14.7,0.24,21.3,0.23,14.7,0.39,25.0,0.49,55.0,0.15,0.15,0.095281,1776187441000
1776187443.479,243.479,0.61,25.0,0.51,55.0,0.76,21.3,0.77,14.7,0.24,21.3,0.23,14.7,0.39,25.0,0.49,55.0,0.15,0.15,0.095284,1776187442000
1776187444.092,244.092,0.61,25.0,0.51,55.0,0.76,21.3,0.77,14.7,0.24,21.3,0.23,14.7,0.39,25.0,0.49,55.0,0.15,0.15,0.095286,1776187443000
1776187445.023,245.023,0.61,25.0,0.51,55.0,0.76,21.3,0.77,14.7,0.24,21.3,0.23,14.7,0.39,25.0,0.49,55.0,0.15,0.15,0.095287,1776187444000
1776187445.957,245.957,0.61,25.0,0.51,55.0,0.76,21.3,0.77,14.7,0.24,21.3,0.23,14.7,0.39,25.0,0.49,55.0,0.15,0.15,0.095287,1776187445000
1776187446.949,246.949,0.61,25.0,0.51,55.0,0.76,21.3,0.77,14.7,0.24,21.3,0.23,14.7,0.39,25.0,0.49,55.0,0.15,0.15,0.095292,1776187446000
1776187447.922,247.922,0.61,25.0,0.51,55.0,0.76,21.3,0.77,14.7,0.24,21.3,0.23,14.7,0.39,25.0,0.49,55.0,0.15,0.15,0.095292,1776187447000
1776187448.883,248.883,0.61,25.0,0.51,55.0,0.76,21.3,0.77,14.7,0.24,21.3,0.23,14.7,0.39,25.0,0.49,55.0,0.15,0.15,0.09529,1776187448000
1776187449.876,249.876,0.61,25.0,0.51,55.0,0.76,21.3,0.77,14.7,0.24,21.3,0.23,14.7,0.39,25.0,0.49,55.0,0.15,0.15,0.09529,1776187449000
1776187451.323,251.323,0.61,25.0,0.51,55.0,0.76,21.3,0.77,14.7,0.24,21.3,0.23,14.7,0.39,25.0,0.49,55.0,0.15,0.15,0.09529,1776187450000
1776187452.325,252.325,0.61,25.0,0.51,55.0,0.76,21.3,0.77,14.7,0.24,21.3,0.23,14.7,0.39,25.0,0.49,55.0,0.15,0.15,0.09529,1776187451000
1776187453.281,253.281,0.61,25.0,0.51,55.0,0.76,21.3,0.77,14.7,0.24,21.3,0.23,14.7,0.39,25.0,0.49,55.0,0.15,0.15,0.095294,1776187452000
1776187454.298,254.298,0.61,25.0,0.51,55.0,0.76,21.3,0.77,14.7,0.24,21.3,0.23,14.7,0.39,25.0,0.49,55.0,0.15,0.15,0.095294,1776187453000
1776187455.228,255.228,0.61,25.0,0.51,55.0,0.76,21.3,0.77,14.7,0.24,21.3,0.23,14.7,0.39,25.0,0.49,55.0,0.15,0.15,0.095294,1776187454000
1776187456.333,256.333,0.61,25.0,0.51,55.0,0.76,21.3,0.77,14.7,0.24,21.3,0.23,14.7,0.39,25.0,0.49,55.0,0.15,0.15,0.095294,1776187455000
1776187458.012,258.012,0.61,25.0,0.51,55.0,0.76,21.3,0.77,14.7,0.24,21.3,0.23,14.7,0.39,25.0,0.49,55.0,0.15,0.15,0.095294,1776187456000
1776187458.735,258.735,0.61,25.0,0.51,55.0,0.76,21.3,0.77,14.7,0.24,21.3,0.23,14.7,0.39,25.0,0.49,55.0,0.15,0.15,0.095292,1776187457000
1776187459.316,259.316,0.61,25.0,0.51,55.0,0.76,21.3,0.77,14.7,0.24,21.3,0.23,14.7,0.39,25.0,0.49,55.0,0.15,0.15,0.09529,1776187458000
1776187460.957,260.957,0.61,25.0,0.51,55.0,0.76,21.3,0.77,14.7,0.24,21.3,0.23,14.7,0.39,25.0,0.49,55.0,0.15,0.15,0.09529,1776187459000
1776187461.833,261.833,0.61,25.0,0.51,55.0,0.76,21.3,0.77,14.7,0.24,21.3,0.23,14.7,0.39,25.0,0.49,55.0,0.15,0.15,0.09529,1776187460000
1776187462.642,262.642,0.61,25.0,0.51,55.0,0.76,21.3,0.77,14.7,0.24,21.3,0.23,14.7,0.39,25.0,0.49,55.0,0.15,0.15,0.09529,1776187461000
1776187463.23,263.23,0.61,25.0,0.51,55.0,0.76,21.3,0.77,14.7,0.24,21.3,0.23,14.7,0.39,25.0,0.49,55.0,0.15,0.15,0.09529,1776187462000
1776187464.583,264.583,0.61,25.0,0.51,55.0,0.76,21.3,0.77,14.7,0.24,21.3,0.23,14.7,0.39,25.0,0.49,55.0,0.15,0.15,0.09529,1776187463000
1776187465.208,265.208,0.61,25.0,0.51,55.0,0.76,21.3,0.77,14.7,0.24,21.3,0.23,14.7,0.39,25.0,0.49,55.0,0.15,0.15,0.09529,1776187464000
1776187466.406,266.406,0.61,25.0,0.51,55.0,0.76,21.3,0.77,14.7,0.24,21.3,0.23,14.7,0.39,25.0,0.49,55.0,0.15,0.15,0.09529,1776187465000
1776187467.19,267.19,0.61,25.0,0.51,55.0,0.76,21.3,0.77,14.7,0.24,21.3,0.23,14.7,0.39,25.0,0.49,55.0,0.15,0.15,0.09529,1776187466000
1776187468.945,268.945,0.61,25.0,0.51,55.0,0.76,21.3,0.77,14.7,0.24,21.3,0.23,14.7,0.39,25.0,0.49,55.0,0.15,0.15,0.095291,1776187467000
1776187469.407,269.407,0.61,25.0,0.51,55.0,0.76,21.3,0.77,14.7,0.24,21.3,0.23,14.7,0.39,25.0,0.49,55.0,0.15,0.15,0.095292,1776187468000
1776187470.172,270.172,0.61,25.0,0.51,55.0,0.76,21.3,0.77,14.7,0.24,21.3,0.23,14.7,0.39,25.0,0.49,55.0,0.15,0.15,0.095292,1776187469000
1776187470.553,270.553,0.73,5.0,0.72,5.0,0.85,38.42,0.9,28.9,0.24,21.3,0.23,14.7,0.39,25.0,0.49,55.0,0.12,0.15,0.095292,1776187469000
1776187471.487,271.487,0.71,49.4,0.7,5.0,0.85,37.24,0.9,28.9,0.15,37.24,0.1,28.9,0.29,49.4,0.3,5.0,0.14,0.14,0.095292,1776187470000
1776187472.266,272.266,0.71,49.4,0.7,5.0,0.85,37.24,0.9,28.9,0.15,37.24,0.1,28.9,0.29,49.4,0.3,5.0,0.14,0.14,0.095297,1776187471000
1776187473.559,273.559,0.71,49.4,0.7,5.0,0.85,37.24,0.9,28.9,0.15,37.24,0.1,28.9,0.29,49.4,0.3,5.0,0.14,0.14,0.095304,1776187472000
1776187474.341,274.341,0.71,49.4,0.7,5.0,0.85,37.24,0.9,28.9,0.15,37.24,0.1,28.9,0.29,49.4,0.3,5.0,0.14,0.14,0.095304,1776187473000
1776187474.975,274.975,0.82,5.0,0.81,5.0,0.93,10.0,0.96,67.7,0.15,37.24,0.1,28.9,0.29,49.4,0.3,5.0,0.11,0.14,0.095304,1776187473000
1776187476.073,276.073,0.82,5.0,0.81,5.0,0.93,10.0,0.96,67.7,0.07,10.0,0.04,67.7,0.18,5.0,0.19,5.0,0.11,0.11,0.095303,1776187475000
1776187477.228,277.228,0.82,5.0,0.81,5.0,0.93,10.0,0.96,67.7,0.07,10.0,0.04,67.7,0.18,5.0,0.19,5.0,0.11,0.11,0.095303,1776187476000
1776187478.389,278.389,0.82,5.0,0.81,5.0,0.93,10.0,0.96,67.7,0.07,10.0,0.04,67.7,0.18,5.0,0.19,5.0,0.11,0.11,0.095303,1776187477000
1776187479.407,279.407,0.82,5.0,0.81,5.0,0.93,10.0,0.96,67.7,0.07,10.0,0.04,67.7,0.18,5.0,0.19,5.0,0.11,0.11,0.095302,1776187478000
1776187479.861,279.861,0.84,19.3,0.83,18.39,0.93,5.0,0.98,5.0,0.07,10.0,0.04,67.7,0.18,5.0,0.19,5.0,0.09,0.11,0.095302,1776187478000
1776187480.852,280.852,0.84,19.3,0.83,18.39,0.99,5937.09,,,0.07,5.0,0.02,5.0,0.16,19.3,0.17,18.39,0.15,0.09,0.095302,1776187479000
1776187481.058,281.058,0.84,19.3,0.83,18.39,0.99,5937.09,,,0.01,5937.09,,,0.16,19.3,0.17,18.39,0.15,0.15,0.095302,1776187480000
1776187482.206,282.206,0.84,19.3,0.83,18.39,0.99,5937.09,,,0.01,5937.09,,,0.16,19.3,0.17,18.39,0.15,0.15,0.095302,1776187481000
1776187483.328,283.328,0.84,19.3,0.83,18.39,0.99,5937.09,,,0.01,5937.09,,,0.16,19.3,0.17,18.39,0.15,0.15,0.095302,1776187482000
1776187483.904,283.904,0.84,19.3,0.83,18.39,0.99,5937.09,,,0.01,5937.09,,,0.16,19.3,0.17,18.39,0.15,0.15,0.095302,1776187483000
1776187485.051,285.051,0.84,19.3,0.83,18.39,0.99,5937.09,,,0.01,5937.09,,,0.16,19.3,0.17,18.39,0.15,0.15,0.095302,1776187484000
1776187486.043,286.043,0.84,19.3,0.83,18.39,0.99,5937.09,,,0.01,5937.09,,,0.16,19.3,0.17,18.39,0.15,0.15,0.095301,1776187485000
1776187487.165,287.165,0.84,19.3,0.83,18.39,0.99,5937.09,,,0.01,5937.09,,,0.16,19.3,0.17,18.39,0.15,0.15,0.0953,1776187486000
1776187488.313,288.313,0.84,19.3,0.83,18.39,0.99,5937.09,,,0.01,5937.09,,,0.16,19.3,0.17,18.39,0.15,0.15,0.095288,1776187487000
1776187488.661,288.661,0.61,71.38,0.51,50.0,0.91,50.0,0.99,5887.09,0.01,5937.09,,,0.16,19.3,0.17,18.39,0.3,0.15,0.095288,1776187487000
1776187489.489,289.489,0.61,21.38,0.42,77.18,0.71,43.4,0.81,50.0,0.09,50.0,0.01,5887.09,0.39,71.38,0.49,50.0,0.1,0.3,0.095288,1776187487000
1776187490.561,290.561,0.61,21.38,0.42,77.18,0.71,43.4,0.81,50.0,0.29,43.4,0.19,50.0,0.39,21.38,0.58,77.18,0.1,0.1,0.095283,1776187489000
1776187490.868,290.868,0.61,21.38,0.42,77.18,0.71,42.0,0.81,50.0,0.29,43.4,0.19,50.0,0.39,21.38,0.58,77.18,0.1,0.1,0.095283,1776187489000
1776187491.16,291.16,0.61,21.38,0.42,77.18,0.71,42.0,0.81,50.0,0.29,42.0,0.19,50.0,0.39,21.38,0.58,77.18,0.1,0.1,0.095266,1776187490000
1776187491.396,291.396,0.61,17.38,0.51,50.0,0.81,50.0,0.91,50.0,0.29,36.99,0.19,50.0,0.39,21.38,0.58,77.18,0.2,0.1,0.095266,1776187490000
1776187491.605,291.605,0.42,77.18,0.41,41.0,0.71,50.0,0.81,50.0,0.19,50.0,0.09,50.0,0.39,17.38,0.49,50.0,0.29,0.2,0.095266,1776187490000
1776187492.185,292.185,0.42,77.18,0.41,41.0,0.71,50.0,0.81,50.0,0.29,50.0,0.19,50.0,0.58,77.18,0.59,41.0,0.29,0.29,0.095261,1776187491000
1776187492.72,292.72,0.43,8.0,0.42,77.18,0.71,48.6,0.81,50.0,0.29,50.0,0.19,50.0,0.58,77.18,0.59,41.0,0.28,0.29,0.095261,1776187491000
1776187493.235,293.235,0.43,8.0,0.42,77.18,0.71,48.6,0.81,50.0,0.29,48.6,0.19,50.0,0.57,8.0,0.58,77.18,0.28,0.28,0.095261,1776187492000
1776187494.347,294.347,0.43,8.0,0.42,77.18,0.71,48.6,0.81,50.0,0.29,48.6,0.19,50.0,0.57,8.0,0.58,77.18,0.28,0.28,0.09526,1776187493000
1776187495.335,295.335,0.43,8.0,0.42,77.18,0.71,48.6,0.81,50.0,0.29,48.6,0.19,50.0,0.57,8.0,0.58,77.18,0.28,0.28,0.095259,1776187494000
1776187495.957,295.957,0.43,8.0,0.42,77.18,0.71,48.6,0.81,50.0,0.29,48.6,0.19,50.0,0.57,8.0,0.58,77.18,0.28,0.28,0.095259,1776187495000
1776187496.833,296.833,0.51,50.0,0.43,8.0,0.81,42.92,0.91,50.0,0.29,48.6,0.19,50.0,0.57,8.0,0.58,77.18,0.3,0.28,0.095259,1776187495000
1776187497.05,297.05,0.51,50.0,0.43,8.0,0.81,42.92,0.91,50.0,0.19,42.92,0.09,50.0,0.49,50.0,0.57,8.0,0.3,0.3,0.095259,1776187496000
1776187497.498,297.498,0.61,50.0,0.51,50.0,0.91,39.0,0.99,95.0,0.19,42.92,0.09,50.0,0.49,50.0,0.57,8.0,0.3,0.3,0.095259,1776187496000
1776187498.0,298.0,0.61,50.0,0.51,50.0,0.91,39.0,0.99,95.0,0.09,39.0,0.01,95.0,0.39,50.0,0.49,50.0,0.3,0.3,0.095259,1776187497000
1776187498.961,298.961,0.61,50.0,0.51,50.0,0.91,39.0,0.99,95.0,0.09,39.0,0.01,95.0,0.39,50.0,0.49,50.0,0.3,0.3,0.095259,1776187498000
1776187499.45,299.45,0.91,12.67,0.77,5.0,0.99,98.8,,,0.09,39.0,0.01,95.0,0.39,50.0,0.49,50.0,0.08,0.3,0.095259,1776187498000
1776187499.702,299.702,0.91,12.67,0.77,5.0,0.99,58.39,,,0.01,98.8,,,0.09,12.67,0.23,5.0,0.08,0.08,0.095259,1776187498000
1776187500.095,300.095,0.99,7.26,0.91,12.67,,,,,,,,,0.01,7.26,0.09,12.67,,,0.095259,1776187499000
1776187501.206,301.206,0.99,7.26,0.91,12.67,,,,,,,,,0.01,7.26,0.09,12.67,,,0.095259,1776187500000

# RESULT,winner=Up,slug=doge-updown-5m-1776187200,ticks=323
