timestamp,elapsed_sec,up_bid_p1,up_bid_s1,up_bid_p2,up_bid_s2,up_ask_p1,up_ask_s1,up_ask_p2,up_ask_s2,down_bid_p1,down_bid_s1,down_bid_p2,down_bid_s2,down_ask_p1,down_ask_s1,down_ask_p2,down_ask_s2,up_spread,down_spread,doge_price,doge_oracle_ts
1776363301.019,1.019,0.41,37.0,0.4,33.0,0.51,7.14,0.59,37.0,0.49,7.14,0.41,37.0,0.59,37.0,0.6,33.0,0.1,0.1,0.097707,1776363300000
1776363303.887,3.887,0.42,5.0,0.41,5.0,0.48,4.0,0.49,5.0,0.49,7.14,0.41,37.0,0.59,37.0,0.6,33.0,0.06,0.1,0.097732,1776363302000
1776363305.487,5.487,0.46,5.0,0.45,5.0,0.48,0.81,0.49,5.0,0.52,4.0,0.51,5.0,0.58,5.0,0.59,5.0,0.02,0.06,0.097701,1776363304000
1776363311.213,11.213,0.44,2.0,0.43,5.0,0.46,5.0,0.47,5.0,0.52,0.81,0.51,5.0,0.54,5.0,0.55,5.0,0.02,0.02,0.097698,1776363310000
1776363315.526,15.526,0.46,5.0,0.45,5.0,0.51,4.14,0.53,5.0,0.54,5.0,0.53,5.0,0.56,2.0,0.57,5.0,0.05,0.02,0.097668,1776363314000
1776363315.962,15.962,0.5,5.0,0.49,5.0,0.52,9.19,0.64,5.0,0.49,1.14,0.36,5.0,0.53,5.0,0.54,5.0,0.02,0.04,0.097668,1776363314000
1776363316.536,16.536,0.62,5.0,0.61,5.0,0.64,5.0,0.69,8.0,0.48,9.19,0.36,5.0,0.5,5.0,0.51,5.0,0.02,0.02,0.097663,1776363315000
1776363316.78,16.78,0.61,5.0,0.6,5.0,0.64,5.0,0.69,8.0,0.36,5.0,0.31,8.0,0.38,5.0,0.39,5.0,0.03,0.02,0.097663,1776363315000
1776363317.234,17.234,0.53,2.0,0.52,5.0,0.55,5.0,0.56,5.0,0.36,5.0,0.32,5.0,0.38,5.0,0.39,5.0,0.02,0.02,0.097665,1776363316000
1776363321.583,21.583,0.51,2.95,0.5,5.0,0.53,5.0,0.54,5.0,0.46,5.0,0.45,5.0,0.48,5.0,0.49,5.0,0.02,0.02,0.097734,1776363320000
1776363322.201,22.201,0.67,5.0,0.66,5.0,0.69,8.0,0.7,8.0,0.47,5.0,0.46,5.0,0.49,2.95,0.5,5.0,0.02,0.02,0.097734,1776363320000
1776363322.967,22.967,0.67,5.0,0.66,5.0,0.68,15.0,0.7,16.67,0.27,5.0,0.26,5.0,0.31,0.7,0.33,5.0,0.01,0.04,0.097729,1776363321000
1776363323.857,23.857,0.68,4.23,0.67,5.0,0.7,11.67,0.71,5.0,0.32,15.0,0.3,16.67,0.33,5.0,0.34,5.0,0.02,0.01,0.097729,1776363322000
1776363324.938,24.938,0.65,5.0,0.64,5.0,0.67,4.07,0.68,5.0,0.3,11.67,0.29,5.0,0.32,4.23,0.33,5.0,0.02,0.02,0.09773,1776363323000
1776363325.233,25.233,0.58,2.0,0.57,5.0,0.6,5.0,0.61,5.0,0.33,4.07,0.32,5.0,0.35,5.0,0.36,5.0,0.02,0.02,0.097793,1776363324000
1776363325.945,25.945,0.62,5.0,0.61,5.0,0.63,2.0,0.64,5.0,0.4,5.0,0.39,5.0,0.42,2.0,0.43,5.0,0.01,0.02,0.097793,1776363324000
1776363326.639,26.639,0.59,2.0,0.58,2.0,0.61,5.0,0.62,5.0,0.37,2.0,0.36,5.0,0.38,5.0,0.39,5.0,0.02,0.01,0.0978,1776363325000
1776363326.845,26.845,0.59,2.56,0.58,2.0,0.6,5.0,0.61,5.0,0.39,5.0,0.38,5.0,0.41,2.0,0.42,2.0,0.01,0.02,0.0978,1776363325000
1776363327.148,27.148,0.59,2.56,0.58,2.0,0.6,0.91,0.61,5.0,0.4,5.0,0.39,5.0,0.41,2.56,0.42,2.0,0.01,0.01,0.0978,1776363325000
1776363327.675,27.675,0.58,2.0,0.57,5.0,0.61,5.0,0.62,5.0,0.4,0.91,0.39,5.0,0.41,2.56,0.42,2.0,0.03,0.01,0.097787,1776363326000
1776363328.256,28.256,0.58,2.0,0.57,5.0,0.61,4.0,0.62,5.0,0.39,5.0,0.38,5.0,0.42,2.0,0.43,5.0,0.03,0.03,0.097778,1776363327000
1776363328.77,28.77,0.59,5.0,0.58,2.0,0.62,0.87,0.63,2.0,0.39,4.0,0.38,5.0,0.42,2.0,0.43,5.0,0.03,0.03,0.097778,1776363327000
1776363329.582,29.582,0.56,2.0,0.55,5.0,0.57,5.0,0.58,5.0,0.38,0.87,0.37,2.0,0.41,5.0,0.42,2.0,0.01,0.03,0.097773,1776363328000
1776363330.599,30.599,0.61,5.0,0.6,5.0,0.62,2.0,0.63,2.0,0.43,5.0,0.42,5.0,0.44,2.0,0.45,5.0,0.01,0.01,0.097768,1776363329000
1776363331.718,31.718,0.63,5.0,0.62,5.0,0.65,2.0,0.66,5.0,0.38,2.0,0.37,2.0,0.39,5.0,0.4,5.0,0.02,0.01,0.097765,1776363330000
1776363332.511,32.511,0.68,5.0,0.67,5.0,0.7,11.67,0.76,13.0,0.35,2.0,0.34,5.0,0.37,5.0,0.38,5.0,0.02,0.02,0.097755,1776363331000
1776363333.116,33.116,0.69,1.77,0.68,5.0,0.7,6.89,0.73,5.0,0.3,11.67,0.26,5.0,0.31,1.77,0.32,5.0,0.01,0.01,0.097755,1776363331000
1776363333.676,33.676,0.68,1.87,0.67,5.0,0.7,11.89,0.71,5.0,0.3,6.89,0.27,5.0,0.31,1.77,0.32,5.0,0.02,0.01,0.097772,1776363332000
1776363333.977,33.977,0.65,5.0,0.64,5.0,0.67,4.94,0.68,5.0,0.3,11.89,0.29,5.0,0.32,1.87,0.33,5.0,0.02,0.02,0.097772,1776363332000
1776363334.282,34.282,0.64,2.0,0.63,5.0,0.65,5.0,0.66,5.0,0.33,4.94,0.32,5.0,0.35,5.0,0.36,5.0,0.01,0.02,0.097778,1776363333000
1776363335.475,35.475,0.53,2.0,0.52,5.0,0.61,5.0,0.62,5.0,0.35,5.0,0.34,5.0,0.36,2.0,0.37,5.0,0.08,0.01,0.097778,1776363333000
1776363335.751,35.751,0.53,2.0,0.52,5.0,0.55,1.0,0.56,5.0,0.39,5.0,0.38,5.0,0.47,2.0,0.48,5.0,0.02,0.08,0.097807,1776363334000
1776363336.163,36.163,0.46,8.0,0.45,13.0,0.48,3.12,0.49,5.0,0.45,1.0,0.44,5.0,0.47,2.0,0.48,5.0,0.02,0.02,0.097803,1776363335000
1776363336.639,36.639,0.49,5.0,0.48,10.0,0.51,5.0,0.52,5.0,0.5,5.0,0.49,5.0,0.54,13.0,0.55,13.0,0.02,0.04,0.097803,1776363335000
1776363337.19,37.19,0.57,5.0,0.56,5.0,0.59,2.0,0.6,5.0,0.49,5.0,0.48,5.0,0.51,5.0,0.52,10.0,0.02,0.02,0.097803,1776363335000
1776363338.227,38.227,0.6,1.89,0.59,5.0,0.62,5.0,0.63,5.0,0.41,2.0,0.4,5.0,0.43,5.0,0.44,5.0,0.02,0.02,0.097756,1776363336000
1776363339.442,39.442,0.49,2.0,0.48,10.0,0.5,5.0,0.51,5.0,0.38,5.0,0.37,5.0,0.4,1.89,0.41,5.0,0.01,0.02,0.097731,1776363338000
1776363339.831,39.831,0.48,10.0,0.47,5.0,0.51,1.8,0.52,5.0,0.5,5.0,0.49,5.0,0.52,10.0,0.53,5.0,0.03,0.02,0.097731,1776363338000
1776363340.648,40.648,0.46,2.0,0.45,5.0,0.48,5.0,0.49,5.0,0.49,1.8,0.48,5.0,0.52,10.0,0.53,5.0,0.02,0.03,0.09773,1776363339000
1776363341.677,41.677,0.45,3.18,0.44,5.0,0.47,5.0,0.48,5.0,0.52,5.0,0.51,5.0,0.54,2.0,0.55,5.0,0.02,0.02,0.09773,1776363340000
1776363345.338,45.338,0.51,2.87,0.5,5.0,0.52,5.0,0.53,5.0,0.53,5.0,0.52,5.0,0.55,3.18,0.56,5.0,0.01,0.02,0.097696,1776363344000
1776363347.855,47.855,0.6,5.0,0.59,5.0,0.61,2.0,0.62,5.0,0.48,2.23,0.47,5.0,0.49,2.87,0.5,5.0,0.01,0.01,0.097699,1776363346000
1776363348.562,48.562,0.66,5.0,0.65,5.0,0.67,2.0,0.7,6.89,0.39,2.0,0.38,5.0,0.4,5.0,0.41,5.0,0.01,0.01,0.097711,1776363347000
1776363349.535,49.535,0.68,5.0,0.67,5.0,0.7,6.89,0.71,12.6,0.33,2.0,0.3,6.89,0.34,5.0,0.35,5.0,0.02,0.01,0.097712,1776363348000
1776363350.849,50.849,0.68,5.0,0.67,5.0,0.7,6.89,0.72,12.9,0.3,6.89,0.29,12.6,0.32,5.0,0.33,5.0,0.02,0.02,0.097768,1776363349000
1776363351.944,51.944,0.69,5.0,0.68,5.0,0.7,3.89,0.74,13.5,0.3,6.89,0.28,12.9,0.32,5.0,0.33,5.0,0.01,0.02,0.097768,1776363349000
1776363352.744,52.744,0.69,6.77,0.68,5.0,0.7,3.89,0.75,13.9,0.3,3.89,0.26,13.5,0.31,5.0,0.32,5.0,0.01,0.01,0.097814,1776363351000
1776363354.08,54.08,0.69,6.77,0.68,5.0,0.76,14.3,0.77,14.7,0.3,3.89,0.25,13.9,0.31,6.77,0.32,5.0,0.07,0.01,0.097819,1776363352000
1776363354.53,54.53,0.74,5.0,0.73,5.0,0.76,14.3,0.77,14.7,0.24,14.3,0.23,14.7,0.31,6.77,0.32,5.0,0.02,0.07,0.097829,1776363353000
1776363355.333,55.333,0.74,2.11,0.73,5.0,0.76,14.3,0.77,14.7,0.24,14.3,0.23,14.7,0.26,5.0,0.27,5.0,0.02,0.02,0.097829,1776363353000
1776363358.595,58.595,0.73,1.29,0.72,5.0,0.74,5.0,0.75,18.9,0.24,14.3,0.23,14.7,0.26,2.11,0.27,5.0,0.01,0.02,0.097837,1776363357000
1776363358.843,58.843,0.7,2.0,0.69,1.77,0.71,5.0,0.72,5.0,0.26,5.0,0.25,18.9,0.27,1.29,0.28,5.0,0.01,0.01,0.097837,1776363357000
1776363359.728,59.728,0.71,1.55,0.7,2.0,0.72,5.0,0.73,5.0,0.27,5.0,0.26,5.0,0.3,2.0,0.31,1.77,0.01,0.03,0.097831,1776363358000
1776363360.022,60.022,0.69,1.77,0.68,5.0,0.71,4.56,0.72,5.0,0.28,5.0,0.27,5.0,0.29,1.55,0.3,2.0,0.02,0.01,0.097831,1776363358000
1776363360.901,60.901,0.7,1.66,0.69,5.0,0.71,5.0,0.72,5.0,0.28,5.0,0.27,5.0,0.3,1.66,0.31,1.77,0.01,0.02,0.097827,1776363359000
1776363361.195,61.195,0.65,5.0,0.64,5.0,0.67,4.16,0.68,5.0,0.29,5.0,0.28,5.0,0.3,1.66,0.31,5.0,0.02,0.01,0.097815,1776363360000
1776363361.46,61.46,0.66,2.0,0.65,5.0,0.68,5.0,0.69,5.0,0.33,4.16,0.32,5.0,0.35,5.0,0.36,5.0,0.02,0.02,0.097815,1776363360000
1776363362.211,62.211,0.62,2.0,0.61,5.0,0.63,5.0,0.64,5.0,0.32,5.0,0.31,5.0,0.34,2.0,0.35,5.0,0.01,0.02,0.097815,1776363360000
1776363363.285,63.285,0.6,5.0,0.59,5.0,0.62,4.0,0.63,5.0,0.37,5.0,0.36,5.0,0.38,2.0,0.39,5.0,0.02,0.01,0.097803,1776363361000
1776363366.5,66.5,0.59,2.0,0.58,5.0,0.6,5.0,0.61,5.0,0.38,4.0,0.37,5.0,0.4,5.0,0.41,5.0,0.01,0.02,0.097762,1776363365000
1776363372.699,72.699,0.56,2.0,0.55,5.0,0.58,5.0,0.59,5.0,0.4,5.0,0.39,5.0,0.41,2.0,0.42,5.0,0.02,0.01,0.097765,1776363371000
1776363374.419,74.419,0.6,2.5,0.59,5.0,0.61,5.0,0.62,5.0,0.42,5.0,0.41,5.0,0.44,2.0,0.45,5.0,0.01,0.02,0.097763,1776363373000
1776363377.863,77.863,0.6,2.37,0.59,5.0,0.63,5.0,0.64,5.0,0.39,5.0,0.38,5.0,0.4,2.5,0.41,5.0,0.03,0.01,0.097767,1776363376000
1776363378.642,78.642,0.57,2.0,0.56,2.0,0.58,5.0,0.59,5.0,0.37,5.0,0.36,5.0,0.4,2.37,0.41,5.0,0.01,0.03,0.097766,1776363377000
1776363379.991,79.991,0.5,5.0,0.49,28.0,0.51,5.0,0.52,5.0,0.42,5.0,0.41,5.0,0.43,2.0,0.44,2.0,0.01,0.01,0.097765,1776363378000
1776363383.293,83.293,0.46,5.0,0.43,15.6,0.48,5.0,0.49,5.0,0.48,5.0,0.47,5.0,0.51,20.0,0.52,5.0,0.02,0.03,0.097744,1776363381000
1776363383.705,83.705,0.47,5.0,0.46,5.0,0.48,5.0,0.49,5.0,0.52,5.0,0.51,5.0,0.53,7.0,0.54,5.0,0.01,0.01,0.097744,1776363381000
1776363384.071,84.071,0.47,5.0,0.46,5.0,0.48,5.0,0.49,5.0,0.52,5.0,0.51,5.0,0.53,5.0,0.54,5.0,0.01,0.01,0.097737,1776363382000
1776363384.555,84.555,0.47,10.0,0.46,10.0,0.49,5.0,0.5,5.0,0.52,5.0,0.51,5.0,0.53,5.0,0.54,5.0,0.02,0.01,0.097735,1776363383000
1776363386.401,86.401,0.47,15.0,0.46,10.0,0.49,5.0,0.5,5.0,0.51,5.0,0.5,5.0,0.53,10.0,0.54,10.0,0.02,0.02,0.097726,1776363385000
1776363390.158,90.158,0.45,5.0,0.44,5.0,0.46,3.07,0.47,5.0,0.51,5.0,0.5,5.0,0.53,15.0,0.54,10.0,0.01,0.02,0.097723,1776363389000
1776363390.938,90.938,0.47,5.0,0.46,10.0,0.48,2.0,0.49,5.0,0.54,3.07,0.53,5.0,0.56,10.0,0.59,5.0,0.01,0.02,0.097723,1776363389000
1776363392.734,92.734,0.45,8.18,0.44,15.0,0.47,5.0,0.48,5.0,0.52,2.0,0.51,5.0,0.53,5.0,0.54,10.0,0.02,0.01,0.097712,1776363391000
1776363393.608,93.608,0.5,5.0,0.49,5.0,0.52,2.0,0.53,5.0,0.53,5.0,0.52,5.0,0.55,8.18,0.56,15.0,0.02,0.02,0.097714,1776363392000
1776363396.306,96.306,0.62,5.0,0.61,5.0,0.63,7.0,0.64,5.0,0.48,2.0,0.47,5.0,0.5,5.0,0.51,5.0,0.01,0.02,0.097736,1776363395000
1776363396.653,96.653,0.63,5.0,0.62,5.0,0.66,10.0,0.67,10.0,0.37,7.0,0.36,5.0,0.38,5.0,0.39,5.0,0.03,0.01,0.097736,1776363395000
1776363398.226,98.226,0.57,2.0,0.56,5.0,0.58,5.0,0.59,5.0,0.34,10.0,0.33,10.0,0.37,5.0,0.38,5.0,0.01,0.03,0.097739,1776363396000
1776363401.094,101.094,0.55,2.0,0.54,5.0,0.56,5.0,0.57,5.0,0.42,5.0,0.41,5.0,0.43,2.0,0.44,5.0,0.01,0.01,0.09775,1776363399000
1776363407.199,107.199,0.47,12.0,0.45,10.5,0.48,5.0,0.49,5.0,0.44,5.0,0.43,5.0,0.45,2.0,0.46,5.0,0.01,0.01,0.097735,1776363405000
1776363408.601,108.601,0.47,20.0,0.46,15.5,0.48,1.75,0.49,5.0,0.52,5.0,0.51,5.0,0.53,12.0,0.55,10.5,0.01,0.01,0.097731,1776363407000
1776363408.96,108.96,0.55,5.0,0.54,5.0,0.57,2.0,0.58,5.0,0.52,1.75,0.51,5.0,0.53,20.0,0.54,15.5,0.02,0.01,0.097731,1776363407000
1776363412.741,112.741,0.47,12.28,0.45,10.5,0.48,5.0,0.49,5.0,0.43,2.0,0.42,5.0,0.45,5.0,0.46,5.0,0.01,0.02,0.097735,1776363411000
1776363419.267,119.267,0.49,12.0,0.44,8.0,0.5,5.0,0.51,5.0,0.52,5.0,0.51,5.0,0.53,12.28,0.55,10.5,0.01,0.01,0.097734,1776363418000
1776363419.813,119.813,0.43,10.0,0.42,20.7,0.46,5.0,0.47,5.0,0.5,5.0,0.49,5.0,0.51,12.0,0.56,8.0,0.03,0.01,0.097734,1776363418000
1776363420.51,120.51,0.44,2.0,0.43,15.0,0.45,5.0,0.46,5.0,0.54,5.0,0.53,5.0,0.57,10.0,0.58,20.7,0.01,0.03,0.097734,1776363419000
1776363421.219,121.219,0.45,15.0,0.44,2.0,0.47,1.93,0.48,5.0,0.55,5.0,0.54,5.0,0.56,2.0,0.57,15.0,0.02,0.01,0.097734,1776363419000
1776363423.807,123.807,0.43,15.0,0.42,5.0,0.46,5.0,0.47,1.93,0.53,1.93,0.52,5.0,0.55,15.0,0.56,2.0,0.03,0.02,0.097714,1776363422000
1776363427.68,127.68,0.4,12.0,0.39,7.14,0.41,5.0,0.42,5.0,0.54,5.0,0.53,1.93,0.57,15.0,0.58,5.0,0.01,0.03,0.097704,1776363426000
1776363430.608,130.608,0.42,5.0,0.41,5.0,0.43,2.0,0.44,5.0,0.59,5.0,0.58,5.0,0.6,12.0,0.61,7.14,0.01,0.01,0.097684,1776363429000
1776363432.277,132.277,0.42,10.0,0.41,5.0,0.45,4.62,0.46,5.0,0.57,2.0,0.56,5.0,0.58,5.0,0.59,5.0,0.03,0.01,0.097684,1776363430000
1776363432.709,132.709,0.48,5.0,0.47,5.0,0.5,2.12,0.51,5.0,0.55,4.62,0.54,5.0,0.58,10.0,0.59,5.0,0.02,0.03,0.097682,1776363431000
1776363436.872,136.872,0.65,5.0,0.64,5.0,0.67,11.8,0.68,11.9,0.5,2.12,0.49,5.0,0.52,5.0,0.53,5.0,0.02,0.02,0.097698,1776363435000
1776363437.222,137.222,0.64,5.0,0.63,5.0,0.67,5.0,0.68,16.9,0.33,11.8,0.32,11.9,0.38,5.0,0.39,5.0,0.03,0.05,0.097697,1776363436000
1776363442.265,142.265,0.59,2.0,0.58,5.0,0.61,5.0,0.62,5.0,0.33,5.0,0.32,16.9,0.37,5.0,0.38,5.0,0.02,0.04,0.09776,1776363440000
1776363447.463,147.463,0.6,5.0,0.59,5.0,0.62,5.0,0.63,5.0,0.39,5.0,0.38,5.0,0.41,2.0,0.42,5.0,0.02,0.02,0.097732,1776363446000
1776363449.219,149.219,0.57,2.0,0.56,5.0,0.59,5.0,0.6,5.0,0.38,5.0,0.37,5.0,0.4,5.0,0.41,5.0,0.02,0.02,0.097745,1776363448000
1776363454.446,154.446,0.49,20.0,0.48,15.4,0.51,5.0,0.52,5.0,0.41,5.0,0.4,5.0,0.43,2.0,0.44,5.0,0.02,0.02,0.097733,1776363453000
1776363459.309,159.309,0.6,5.0,0.59,5.0,0.63,2.0,0.64,5.0,0.49,5.0,0.48,5.0,0.51,20.0,0.52,15.4,0.03,0.02,0.097729,1776363457000
1776363476.196,176.196,0.5,7.0,0.49,15.0,0.52,5.0,0.53,5.0,0.37,2.0,0.36,5.0,0.4,5.0,0.41,5.0,0.02,0.03,0.097744,1776363474000
1776363477.173,177.173,0.5,7.0,0.49,20.0,0.52,1.22,0.53,5.0,0.48,5.0,0.47,5.0,0.5,7.0,0.51,15.0,0.02,0.02,0.097743,1776363475000
1776363478.642,178.642,0.46,2.11,0.44,5.0,0.51,5.0,0.52,5.0,0.48,1.22,0.47,5.0,0.5,7.0,0.51,20.0,0.05,0.02,0.09774,1776363477000
1776363481.197,181.197,0.39,6.14,0.38,10.0,0.41,5.0,0.42,5.0,0.49,5.0,0.48,5.0,0.54,2.11,0.56,5.0,0.02,0.05,0.097712,1776363480000
1776363482.379,182.379,0.41,5.0,0.4,5.0,0.43,2.0,0.44,5.0,0.59,5.0,0.58,5.0,0.61,6.14,0.62,10.0,0.02,0.02,0.097705,1776363481000
1776363483.531,183.531,0.39,3.14,0.33,10.0,0.4,5.0,0.41,5.0,0.57,2.0,0.56,5.0,0.59,5.0,0.6,5.0,0.01,0.02,0.097695,1776363482000
1776363483.789,183.789,0.39,3.14,0.33,10.0,0.4,5.0,0.41,5.0,0.6,5.0,0.59,5.0,0.61,3.14,0.67,10.0,0.01,0.01,0.097695,1776363482000
1776363484.396,184.396,0.39,8.14,0.38,5.0,0.4,2.0,0.41,5.0,0.6,5.0,0.59,5.0,0.61,3.14,0.67,10.0,0.01,0.01,0.097674,1776363483000
1776363487.333,187.333,0.44,10.0,0.43,5.0,0.45,2.0,0.5,5.0,0.6,2.0,0.59,5.0,0.61,8.14,0.62,5.0,0.01,0.01,0.097672,1776363486000
1776363488.12,188.12,0.7,5.0,0.69,5.0,0.72,12.9,0.73,13.2,0.55,2.0,0.5,5.0,0.56,10.0,0.57,5.0,0.02,0.01,0.097673,1776363487000
1776363488.51,188.51,0.71,5.0,0.7,5.0,0.72,11.51,0.73,13.2,0.28,12.9,0.27,13.2,0.3,5.0,0.31,5.0,0.01,0.02,0.097673,1776363487000
1776363488.934,188.934,0.73,5.0,0.72,5.0,0.74,10.5,0.75,18.9,0.28,11.51,0.27,13.2,0.29,5.0,0.3,5.0,0.01,0.01,0.097673,1776363487000
1776363490.025,190.025,0.74,5.0,0.73,5.0,0.75,2.0,0.76,5.0,0.26,10.5,0.25,18.9,0.27,5.0,0.28,5.0,0.01,0.01,0.097688,1776363488000
1776363490.244,190.244,0.72,5.0,0.71,5.0,0.74,2.01,0.75,2.0,0.25,2.0,0.24,5.0,0.26,5.0,0.27,5.0,0.02,0.01,0.097751,1776363489000
1776363492.265,192.265,0.77,5.0,0.74,5.0,0.86,18.6,0.87,23.0,0.26,2.01,0.25,2.0,0.28,5.0,0.29,5.0,0.09,0.02,0.097764,1776363490000
1776363493.9,193.9,0.79,61.0,0.78,5.0,0.8,3.75,0.86,18.6,0.14,18.6,0.13,23.0,0.23,5.0,0.26,5.0,0.01,0.09,0.097773,1776363492000
1776363494.226,194.226,0.79,61.0,0.78,5.0,0.86,23.6,0.87,28.0,0.2,3.75,0.14,18.6,0.21,61.0,0.22,5.0,0.07,0.01,0.097773,1776363492000
1776363494.955,194.955,0.87,5.0,0.86,5.0,0.9,35.9,0.91,42.7,0.14,23.6,0.13,28.0,0.21,61.0,0.22,5.0,0.03,0.07,0.097826,1776363493000
1776363496.511,196.511,0.85,5.0,0.84,5.0,0.9,30.9,0.91,42.7,0.1,35.9,0.09,42.7,0.13,5.0,0.14,5.0,0.05,0.03,0.097825,1776363495000
1776363497.685,197.685,0.85,5.0,0.84,5.0,0.88,29.6,0.89,30.47,0.11,25.47,0.1,30.9,0.15,5.0,0.16,5.0,0.03,0.04,0.097846,1776363496000
1776363498.522,198.522,0.84,3.43,0.83,5.0,0.87,28.0,0.88,29.6,0.12,29.6,0.11,30.47,0.15,5.0,0.16,5.0,0.03,0.03,0.097843,1776363497000
1776363499.376,199.376,0.84,17.75,0.82,5.0,0.85,5.0,0.86,5.0,0.13,28.0,0.12,29.6,0.16,3.43,0.17,5.0,0.01,0.03,0.097834,1776363498000
1776363500.274,200.274,0.84,11.5,0.83,5.0,0.85,5.0,0.86,5.0,0.15,5.0,0.14,5.0,0.16,17.75,0.18,5.0,0.01,0.01,0.097834,1776363498000
1776363500.932,200.932,0.84,16.5,0.83,5.0,0.86,5.0,0.87,28.0,0.15,5.0,0.14,5.0,0.16,11.5,0.17,5.0,0.02,0.01,0.097831,1776363500000
1776363501.302,201.302,0.84,10.25,0.83,5.0,0.88,24.6,0.89,25.47,0.14,5.0,0.13,28.0,0.16,16.5,0.17,5.0,0.04,0.02,0.097831,1776363500000
1776363501.54,201.54,0.87,5.0,0.85,5.0,0.91,10.0,0.92,12.0,0.12,24.6,0.11,25.47,0.16,10.25,0.17,5.0,0.04,0.04,0.097831,1776363500000
1776363502.201,202.201,0.89,10.0,0.88,5.0,0.91,7.84,0.92,12.0,0.09,10.0,0.08,12.0,0.14,2.95,0.15,10.0,0.02,0.05,0.097831,1776363501000
1776363502.805,202.805,0.9,35.0,0.89,5.45,0.91,7.84,0.92,12.0,0.09,7.84,0.08,12.0,0.11,5.45,0.12,5.0,0.01,0.02,0.097831,1776363501000
1776363503.152,203.152,0.9,25.0,0.89,10.45,0.91,2.84,0.92,12.0,0.09,2.84,0.08,12.0,0.1,35.0,0.11,10.45,0.01,0.01,0.097859,1776363502000
1776363503.384,203.384,0.9,25.0,0.89,10.45,0.92,9.58,0.93,14.0,0.09,2.84,0.08,12.0,0.1,25.0,0.11,10.45,0.02,0.01,0.097859,1776363502000
1776363503.896,203.896,0.88,11.24,0.87,5.0,0.92,9.58,0.93,19.0,0.08,9.58,0.07,14.0,0.1,15.0,0.11,10.45,0.04,0.02,0.097859,1776363502000
1776363504.187,204.187,0.88,2.49,0.87,5.0,0.9,5.0,0.91,5.0,0.08,9.58,0.07,19.0,0.12,11.24,0.13,5.0,0.02,0.04,0.097859,1776363502000
1776363504.482,204.482,0.87,17.0,0.86,5.0,0.89,5.0,0.9,5.0,0.1,5.0,0.09,5.0,0.12,2.49,0.13,5.0,0.02,0.02,0.097942,1776363503000
1776363504.738,204.738,0.87,17.0,0.86,5.0,0.88,3.86,0.89,5.0,0.11,5.0,0.1,5.0,0.13,17.0,0.14,5.0,0.01,0.02,0.097942,1776363503000
1776363505.061,205.061,0.85,5.0,0.84,20.0,0.89,5.0,0.9,5.0,0.11,5.0,0.1,5.0,0.13,14.0,0.14,5.0,0.04,0.02,0.097943,1776363504000
1776363505.645,205.645,0.86,2.85,0.85,5.0,0.88,2.72,0.89,5.0,0.12,2.72,0.11,5.0,0.13,5.0,0.14,5.0,0.02,0.01,0.097943,1776363504000
1776363505.96,205.96,0.86,2.85,0.85,5.0,0.89,5.0,0.9,5.0,0.12,1.58,0.11,5.0,0.14,2.85,0.15,5.0,0.03,0.02,0.097943,1776363504000
1776363508.087,208.087,0.87,15.0,0.86,2.85,0.89,2.0,0.9,5.0,0.11,5.0,0.1,5.0,0.14,2.85,0.15,5.0,0.02,0.03,0.09791,1776363506000
1776363508.315,208.315,0.87,27.0,0.86,2.85,0.91,5.0,0.92,14.58,0.11,2.0,0.1,5.0,0.13,15.0,0.14,2.85,0.04,0.02,0.09791,1776363506000
1776363508.958,208.958,0.9,22.0,0.87,10.0,0.92,14.58,0.93,19.0,0.09,5.0,0.08,14.58,0.13,27.0,0.14,2.85,0.02,0.04,0.097912,1776363507000
1776363509.572,209.572,0.88,12.0,0.87,5.0,0.92,14.58,0.93,19.0,0.08,14.58,0.07,19.0,0.1,22.0,0.13,10.0,0.04,0.02,0.097911,1776363508000
1776363513.987,213.987,0.9,11.11,0.89,5.0,0.91,3.9,0.92,14.58,0.08,14.58,0.07,19.0,0.12,12.0,0.13,5.0,0.01,0.04,0.097946,1776363512000
1776363514.275,214.275,0.9,11.11,0.89,5.0,0.94,12.7,0.95,25.0,0.09,1.71,0.08,14.58,0.1,11.11,0.11,5.0,0.04,0.01,0.097942,1776363513000
1776363515.242,215.242,0.92,5.0,0.91,5.0,0.95,4.92,0.96,30.0,0.06,11.63,0.05,25.0,0.1,11.11,0.11,5.0,0.03,0.04,0.097934,1776363514000
1776363517.035,217.035,0.93,5.0,0.92,10.0,0.95,2.82,0.96,30.0,0.05,4.92,0.04,30.0,0.08,5.0,0.09,5.0,0.02,0.03,0.097964,1776363516000
1776363517.326,217.326,0.93,5.0,0.92,10.0,0.96,24.45,0.97,45.0,0.04,25.5,0.03,45.0,0.07,5.0,0.08,10.0,0.03,0.03,0.097964,1776363516000
1776363519.142,219.142,0.94,5.0,0.93,5.0,0.96,22.37,0.97,45.0,0.04,24.45,0.03,45.0,0.07,5.0,0.08,10.0,0.02,0.03,0.097962,1776363517000
1776363519.657,219.657,0.94,5.0,0.93,5.0,0.96,20.29,0.97,45.0,0.04,22.37,0.03,45.0,0.06,5.0,0.07,5.0,0.02,0.02,0.097986,1776363518000
1776363520.082,220.082,0.93,5.38,0.92,2.55,0.96,17.14,0.97,45.0,0.04,18.19,0.03,45.0,0.08,2.55,0.09,5.0,0.03,0.04,0.097986,1776363518000
1776363520.359,220.359,0.93,5.38,0.92,2.55,0.96,12.96,0.97,45.0,0.04,14.01,0.03,45.0,0.07,5.38,0.08,2.55,0.03,0.03,0.098012,1776363519000
1776363520.781,220.781,0.93,5.38,0.92,2.55,0.96,11.91,0.97,45.0,0.04,12.96,0.03,45.0,0.07,5.38,0.08,2.55,0.03,0.03,0.098012,1776363519000
1776363521.116,221.116,0.93,5.38,0.92,2.55,0.96,5.66,0.97,45.0,0.04,6.71,0.03,45.0,0.07,5.38,0.08,2.55,0.03,0.03,0.098015,1776363520000
1776363521.316,221.316,0.93,5.38,0.92,2.55,0.96,0.43,0.97,45.0,0.04,0.43,0.03,45.0,0.07,5.38,0.08,2.55,0.03,0.03,0.098015,1776363520000
1776363521.714,221.714,0.93,5.38,0.92,2.55,0.97,27.86,0.98,60.0,0.03,28.9,0.02,60.0,0.07,5.38,0.08,2.55,0.04,0.04,0.098015,1776363520000
1776363522.151,222.151,0.93,5.38,0.92,2.55,0.97,15.59,0.98,60.0,0.03,25.8,0.02,60.0,0.07,5.38,0.08,2.55,0.04,0.04,0.098015,1776363520000
1776363522.453,222.453,0.93,10.38,0.92,2.55,0.95,4.68,0.96,5.0,0.03,15.59,0.02,60.0,0.07,5.38,0.08,2.55,0.02,0.04,0.098015,1776363520000
1776363522.654,222.654,0.94,5.0,0.93,10.38,0.95,0.46,0.96,5.0,0.05,2.56,0.04,5.0,0.06,5.0,0.07,10.38,0.01,0.01,0.098016,1776363521000
1776363523.179,223.179,0.95,5.0,0.94,5.0,0.97,13.53,0.98,60.0,0.04,0.84,0.03,15.59,0.06,5.0,0.07,10.38,0.02,0.02,0.098013,1776363522000
1776363523.412,223.412,0.95,3.78,0.94,5.0,0.97,13.53,0.98,60.0,0.03,13.53,0.02,60.0,0.05,5.0,0.06,5.0,0.02,0.02,0.098013,1776363522000
1776363525.394,225.394,0.95,8.78,0.94,51.1,0.97,6.29,0.98,60.0,0.03,7.33,0.02,60.0,0.05,3.78,0.06,5.0,0.02,0.02,0.098007,1776363524000
1776363526.493,226.493,0.96,67.7,0.95,63.48,0.97,1.24,0.98,60.0,0.03,6.29,0.02,60.0,0.05,8.78,0.06,51.1,0.01,0.02,0.098007,1776363525000
1776363527.506,227.506,0.97,94.3,0.96,72.7,0.98,49.1,0.99,2835.15,0.02,51.14,0.01,2835.15,0.04,67.7,0.05,63.48,0.01,0.02,0.098007,1776363526000
1776363527.75,227.75,0.97,5.0,0.96,72.7,0.98,42.98,0.99,2835.15,0.02,45.02,0.01,2835.15,0.03,94.3,0.04,72.7,0.01,0.01,0.098007,1776363526000
1776363528.062,228.062,0.97,7.0,0.96,5.0,0.98,42.98,0.99,2935.15,0.02,42.98,0.01,2835.15,0.03,5.0,0.04,72.7,0.01,0.01,0.098007,1776363526000
1776363528.509,228.509,0.97,4.87,0.96,5.0,0.98,42.98,0.99,3097.75,0.02,42.98,0.01,2935.15,0.03,7.0,0.04,5.0,0.01,0.01,0.098017,1776363527000
1776363528.939,228.939,0.97,4.87,0.96,5.0,0.98,155.18,0.99,3097.75,0.02,157.22,0.01,3097.75,0.03,4.87,0.04,5.0,0.01,0.01,0.098017,1776363527000
1776363529.452,229.452,0.97,1.87,0.96,5.0,0.98,196.0,0.99,3097.75,0.02,146.0,0.01,3097.75,0.03,4.87,0.04,5.0,0.01,0.01,0.098017,1776363528000
1776363530.078,230.078,0.97,1.87,0.96,5.0,0.98,143.96,0.99,3097.75,0.02,196.0,0.01,3097.75,0.03,1.87,0.04,5.0,0.01,0.01,0.098017,1776363528000
1776363530.338,230.338,0.97,1.87,0.96,5.0,0.98,124.68,0.99,3097.75,0.02,121.72,0.01,3097.75,0.03,1.87,0.04,5.0,0.01,0.01,0.098017,1776363528000
1776363530.752,230.752,0.97,1.87,0.96,5.0,0.98,122.64,0.99,3097.75,0.02,124.68,0.01,3097.75,0.03,1.87,0.04,5.0,0.01,0.01,0.097933,1776363529000
1776363531.015,231.015,0.97,1.87,0.96,5.0,0.98,117.54,0.99,3097.75,0.02,122.64,0.01,3097.75,0.03,1.87,0.04,5.0,0.01,0.01,0.097925,1776363530000
1776363531.614,231.614,0.96,3.87,0.91,5.0,0.98,117.54,0.99,3097.75,0.02,117.54,0.01,3097.75,0.03,1.87,0.04,5.0,0.02,0.01,0.097925,1776363530000
1776363533.259,233.259,0.96,3.87,0.91,5.0,0.97,84.3,0.98,117.54,0.02,117.54,0.01,3097.75,0.04,3.87,0.09,5.0,0.01,0.02,0.097905,1776363532000
1776363540.542,240.542,0.96,3.87,0.92,5.0,0.97,78.18,0.98,117.54,0.03,84.3,0.02,117.54,0.04,3.87,0.09,5.0,0.01,0.01,0.097868,1776363538000
1776363542.356,242.356,0.96,3.87,0.95,5.0,0.98,167.54,0.99,3149.55,0.03,78.18,0.02,117.54,0.04,3.87,0.08,5.0,0.02,0.01,0.097868,1776363541000
1776363543.487,243.487,0.96,8.87,0.95,5.0,0.98,116.51,0.99,3149.55,0.02,167.54,0.01,3149.55,0.04,3.87,0.05,5.0,0.02,0.02,0.097895,1776363542000
1776363546.277,246.277,0.97,5.0,0.96,13.87,0.98,106.51,0.99,3149.55,0.02,112.51,0.01,3149.55,0.04,8.87,0.05,5.0,0.01,0.02,0.097921,1776363544000
1776363546.645,246.645,0.97,5.0,0.96,81.57,0.98,101.42,0.99,3149.55,0.02,106.51,0.01,3149.55,0.03,5.0,0.04,13.87,0.01,0.01,0.097915,1776363545000
1776363550.759,250.759,0.97,5.0,0.96,81.57,0.98,2.96,0.99,3149.55,0.02,101.42,0.01,3149.55,0.03,5.0,0.04,81.57,0.01,0.01,0.097921,1776363549000
1776363551.874,251.874,0.97,5.0,0.96,13.87,0.98,125.71,0.99,3149.55,0.02,2.96,0.01,3149.55,0.03,5.0,0.04,81.57,0.01,0.01,0.097921,1776363550000
1776363555.717,255.717,0.97,5.0,0.96,76.57,0.98,118.28,0.99,3149.55,0.02,125.71,0.01,3149.55,0.03,5.0,0.04,13.87,0.01,0.01,0.09791,1776363553000
1776363556.031,256.031,0.97,5.0,0.96,76.57,0.98,39.89,0.99,3149.55,0.02,118.28,0.01,3149.55,0.03,5.0,0.04,76.57,0.01,0.01,0.097906,1776363554000
1776363557.504,257.504,0.98,10.0,0.97,94.3,0.99,3146.55,,,0.02,39.89,0.01,3149.55,0.03,5.0,0.04,76.57,0.01,0.01,0.097906,1776363556000
1776363558.006,258.006,0.98,142.69,0.97,94.3,0.99,3136.55,,,0.01,3146.55,,,0.02,10.0,0.03,94.3,0.01,0.01,0.097906,1776363556000
1776363560.085,260.085,0.98,142.69,0.97,94.3,0.99,368.9,,,0.01,3136.55,,,0.02,142.69,0.03,94.3,0.01,0.01,0.097925,1776363559000
1776363560.633,260.633,0.98,142.69,0.97,94.3,0.99,235.57,,,0.01,268.9,,,0.02,142.69,0.03,94.3,0.01,0.01,0.097925,1776363559000
1776363561.085,261.085,0.98,147.69,0.97,94.3,0.99,178.63,,,0.01,184.57,,,0.02,142.69,0.03,94.3,0.01,0.01,0.097925,1776363559000
1776363563.052,263.052,0.98,147.69,0.97,94.3,0.99,69.93,,,0.01,178.63,,,0.02,147.69,0.03,94.3,0.01,0.01,0.097975,1776363561000
1776363563.846,263.846,0.98,97.69,0.97,94.3,0.99,68.91,,,0.01,68.91,,,0.02,147.69,0.03,94.3,0.01,0.01,0.098001,1776363562000
1776363564.076,264.076,0.98,102.69,0.97,94.3,0.99,48.71,,,0.01,68.91,,,0.02,97.69,0.03,94.3,0.01,0.01,0.098005,1776363563000
1776363565.312,265.312,0.98,102.69,0.97,94.3,0.99,26.48,,,0.01,27.5,,,0.02,102.69,0.03,94.3,0.01,0.01,0.098,1776363564000
1776363568.269,268.269,0.99,2663.46,0.98,102.69,,,,,,,,,0.02,102.69,0.03,94.3,,,0.098002,1776363567000

# RESULT,winner=Up,slug=doge-updown-5m-1776363300,ticks=190
