timestamp,elapsed_sec,up_bid_p1,up_bid_s1,up_bid_p2,up_bid_s2,up_ask_p1,up_ask_s1,up_ask_p2,up_ask_s2,down_bid_p1,down_bid_s1,down_bid_p2,down_bid_s2,down_ask_p1,down_ask_s1,down_ask_p2,down_ask_s2,up_spread,down_spread,doge_price,doge_oracle_ts
1776217811.208,11.208,,,,,,,,,,,,,,,,,,,0.093547,1776217810000
1776217811.777,11.777,0.46,5.0,0.45,5.0,0.51,5.0,0.56,5.0,0.49,5.0,0.44,5.0,0.54,5.0,0.55,5.0,0.05,0.05,0.093547,1776217810000
1776217812.224,12.224,0.46,5.0,0.45,5.0,0.56,5.0,0.58,15.0,0.44,5.0,0.42,15.0,0.54,5.0,0.55,5.0,0.1,0.1,0.093546,1776217811000
1776217813.373,13.373,0.46,5.0,0.45,5.0,0.56,5.0,0.58,15.0,0.44,5.0,0.42,15.0,0.54,5.0,0.55,5.0,0.1,0.1,0.093546,1776217812000
1776217814.334,14.334,0.46,5.0,0.45,5.0,0.56,5.0,0.58,15.0,0.44,5.0,0.42,15.0,0.54,5.0,0.55,5.0,0.1,0.1,0.093548,1776217813000
1776217814.948,14.948,0.46,5.0,0.45,5.0,0.56,5.0,0.58,15.0,0.44,5.0,0.42,15.0,0.54,5.0,0.55,5.0,0.1,0.1,0.093548,1776217814000
1776217815.866,15.866,0.46,5.0,0.45,5.0,0.56,5.0,0.58,15.0,0.44,5.0,0.42,15.0,0.54,5.0,0.55,5.0,0.1,0.1,0.093548,1776217815000
1776217816.845,16.845,0.46,5.0,0.45,5.0,0.56,5.0,0.58,15.0,0.44,5.0,0.42,15.0,0.54,5.0,0.55,5.0,0.1,0.1,0.093548,1776217816000
1776217817.861,17.861,0.46,5.0,0.45,5.0,0.56,5.0,0.58,15.0,0.44,5.0,0.42,15.0,0.54,5.0,0.55,5.0,0.1,0.1,0.093548,1776217817000
1776217818.856,18.856,0.46,5.0,0.45,5.0,0.56,5.0,0.58,15.0,0.44,5.0,0.42,15.0,0.54,5.0,0.55,5.0,0.1,0.1,0.093548,1776217818000
1776217820.258,20.258,0.46,5.0,0.45,5.0,0.56,5.0,0.58,15.0,0.44,5.0,0.42,15.0,0.54,5.0,0.55,5.0,0.1,0.1,0.093547,1776217819000
1776217821.675,21.675,0.46,5.0,0.45,5.0,0.56,5.0,0.58,15.0,0.44,5.0,0.42,15.0,0.54,5.0,0.55,5.0,0.1,0.1,0.093548,1776217820000
1776217822.118,22.118,0.46,5.0,0.45,5.0,0.56,5.0,0.58,15.0,0.44,5.0,0.42,15.0,0.54,5.0,0.55,5.0,0.1,0.1,0.093547,1776217821000
1776217823.035,23.035,0.46,5.0,0.45,5.0,0.56,5.0,0.58,15.0,0.44,5.0,0.42,15.0,0.54,5.0,0.55,5.0,0.1,0.1,0.093547,1776217822000
1776217824.039,24.039,0.46,5.0,0.45,5.0,0.56,5.0,0.58,15.0,0.44,5.0,0.42,15.0,0.54,5.0,0.55,5.0,0.1,0.1,0.093547,1776217823000
1776217824.93,24.93,0.46,5.0,0.45,5.0,0.56,5.0,0.58,15.0,0.44,5.0,0.42,15.0,0.54,5.0,0.55,5.0,0.1,0.1,0.093547,1776217824000
1776217825.932,25.932,0.46,5.0,0.45,5.0,0.56,5.0,0.58,15.0,0.44,5.0,0.42,15.0,0.54,5.0,0.55,5.0,0.1,0.1,0.093547,1776217825000
1776217826.87,26.87,0.46,5.0,0.45,5.0,0.56,5.0,0.58,15.0,0.44,5.0,0.42,15.0,0.54,5.0,0.55,5.0,0.1,0.1,0.093547,1776217826000
1776217827.516,27.516,0.55,2.77,0.54,5.0,0.63,10.0,0.65,25.0,0.44,5.0,0.42,15.0,0.54,5.0,0.55,5.0,0.08,0.1,0.093547,1776217826000
1776217827.822,27.822,0.55,2.77,0.54,5.0,0.63,10.0,0.65,25.0,0.37,10.0,0.35,25.0,0.45,2.77,0.46,5.0,0.08,0.08,0.093546,1776217827000
1776217829.26,29.26,0.55,2.77,0.54,5.0,0.63,10.0,0.65,25.0,0.37,10.0,0.35,25.0,0.45,2.77,0.46,5.0,0.08,0.08,0.093559,1776217828000
1776217830.13,30.13,0.62,10.0,0.61,60.0,0.63,5.0,0.66,10.0,0.37,10.0,0.35,25.0,0.45,2.77,0.46,5.0,0.01,0.08,0.093559,1776217828000
1776217831.217,31.217,0.62,10.0,0.61,60.0,0.63,5.0,0.66,10.0,0.37,5.0,0.34,10.0,0.38,10.0,0.39,60.0,0.01,0.01,0.093577,1776217830000
1776217832.196,32.196,0.62,10.0,0.61,60.0,0.63,5.0,0.66,10.0,0.37,5.0,0.34,10.0,0.38,10.0,0.39,60.0,0.01,0.01,0.093579,1776217831000
1776217832.85,32.85,0.62,10.0,0.61,60.0,0.73,20.0,0.74,17.0,0.37,5.0,0.34,10.0,0.38,10.0,0.39,60.0,0.11,0.01,0.093579,1776217831000
1776217833.142,33.142,0.62,10.0,0.61,60.0,0.73,20.0,0.74,17.0,0.27,20.0,0.26,17.0,0.38,10.0,0.39,60.0,0.11,0.11,0.09358,1776217832000
1776217834.193,34.193,0.62,10.0,0.61,60.0,0.73,20.0,0.74,17.0,0.27,20.0,0.26,17.0,0.38,10.0,0.39,60.0,0.11,0.11,0.09358,1776217833000
1776217835.156,35.156,0.62,10.0,0.61,60.0,0.73,20.0,0.74,17.0,0.27,20.0,0.26,17.0,0.38,10.0,0.39,60.0,0.11,0.11,0.093575,1776217834000
1776217836.176,36.176,0.62,10.0,0.61,60.0,0.73,20.0,0.74,17.0,0.27,20.0,0.26,17.0,0.38,10.0,0.39,60.0,0.11,0.11,0.093575,1776217835000
1776217837.735,37.735,0.62,10.0,0.61,60.0,0.73,20.0,0.74,17.0,0.27,20.0,0.26,17.0,0.38,10.0,0.39,60.0,0.11,0.11,0.093559,1776217836000
1776217838.23,38.23,0.62,10.0,0.61,60.0,0.73,20.0,0.74,17.0,0.27,20.0,0.26,17.0,0.38,10.0,0.39,60.0,0.11,0.11,0.093555,1776217837000
1776217838.432,38.432,0.53,5.0,0.5,10.0,0.57,5.0,0.58,5.0,0.27,20.0,0.26,17.0,0.38,10.0,0.39,60.0,0.04,0.11,0.093555,1776217837000
1776217839.428,39.428,0.53,5.0,0.5,10.0,0.57,5.0,0.58,5.0,0.43,5.0,0.42,5.0,0.47,5.0,0.5,10.0,0.04,0.04,0.093555,1776217838000
1776217840.041,40.041,0.53,5.0,0.5,10.0,0.57,5.0,0.58,5.0,0.43,5.0,0.42,5.0,0.47,5.0,0.5,10.0,0.04,0.04,0.09355,1776217839000
1776217841.096,41.096,0.53,5.0,0.5,10.0,0.57,5.0,0.58,5.0,0.43,5.0,0.42,5.0,0.47,5.0,0.5,10.0,0.04,0.04,0.093547,1776217840000
1776217842.468,42.468,0.53,5.0,0.5,10.0,0.57,5.0,0.58,5.0,0.43,5.0,0.42,5.0,0.47,5.0,0.5,10.0,0.04,0.04,0.093544,1776217841000
1776217843.094,43.094,0.53,5.0,0.5,10.0,0.57,5.0,0.58,5.0,0.43,5.0,0.42,5.0,0.47,5.0,0.5,10.0,0.04,0.04,0.093544,1776217842000
1776217844.154,44.154,0.53,5.0,0.5,10.0,0.57,5.0,0.58,5.0,0.43,5.0,0.42,5.0,0.47,5.0,0.5,10.0,0.04,0.04,0.093539,1776217843000
1776217845.407,45.407,0.53,5.0,0.5,10.0,0.57,5.0,0.58,5.0,0.43,5.0,0.42,5.0,0.47,5.0,0.5,10.0,0.04,0.04,0.093541,1776217844000
1776217846.123,46.123,0.53,5.0,0.5,10.0,0.57,5.0,0.58,5.0,0.43,5.0,0.42,5.0,0.47,5.0,0.5,10.0,0.04,0.04,0.09354,1776217845000
1776217847.243,47.243,0.53,5.0,0.5,10.0,0.57,5.0,0.58,5.0,0.43,5.0,0.42,5.0,0.47,5.0,0.5,10.0,0.04,0.04,0.093541,1776217846000
1776217848.411,48.411,0.53,5.0,0.5,10.0,0.57,5.0,0.58,5.0,0.43,5.0,0.42,5.0,0.47,5.0,0.5,10.0,0.04,0.04,0.09354,1776217847000
1776217849.482,49.482,0.53,5.0,0.5,10.0,0.57,5.0,0.58,5.0,0.43,5.0,0.42,5.0,0.47,5.0,0.5,10.0,0.04,0.04,0.09354,1776217848000
1776217850.036,50.036,0.53,5.0,0.5,10.0,0.57,5.0,0.58,5.0,0.43,5.0,0.42,5.0,0.47,5.0,0.5,10.0,0.04,0.04,0.093532,1776217849000
1776217851.006,51.006,0.53,5.0,0.5,10.0,0.57,5.0,0.58,5.0,0.43,5.0,0.42,5.0,0.47,5.0,0.5,10.0,0.04,0.04,0.093531,1776217850000
1776217851.932,51.932,0.53,5.0,0.5,10.0,0.57,5.0,0.58,5.0,0.43,5.0,0.42,5.0,0.47,5.0,0.5,10.0,0.04,0.04,0.093534,1776217851000
1776217852.931,52.931,0.53,5.0,0.5,10.0,0.57,5.0,0.58,5.0,0.43,5.0,0.42,5.0,0.47,5.0,0.5,10.0,0.04,0.04,0.093534,1776217852000
1776217853.941,53.941,0.53,5.0,0.5,10.0,0.57,5.0,0.58,5.0,0.43,5.0,0.42,5.0,0.47,5.0,0.5,10.0,0.04,0.04,0.093531,1776217853000
1776217854.858,54.858,0.53,5.0,0.5,10.0,0.57,5.0,0.58,5.0,0.43,5.0,0.42,5.0,0.47,5.0,0.5,10.0,0.04,0.04,0.09353,1776217854000
1776217855.962,55.962,0.53,5.0,0.5,10.0,0.57,5.0,0.58,5.0,0.43,5.0,0.42,5.0,0.47,5.0,0.5,10.0,0.04,0.04,0.093541,1776217855000
1776217856.831,56.831,0.53,5.0,0.5,10.0,0.57,5.0,0.58,5.0,0.43,5.0,0.42,5.0,0.47,5.0,0.5,10.0,0.04,0.04,0.093542,1776217856000
1776217857.918,57.918,0.53,5.0,0.5,10.0,0.57,5.0,0.58,5.0,0.43,5.0,0.42,5.0,0.47,5.0,0.5,10.0,0.04,0.04,0.093541,1776217857000
1776217859.058,59.058,0.53,5.0,0.5,10.0,0.57,5.0,0.58,5.0,0.43,5.0,0.42,5.0,0.47,5.0,0.5,10.0,0.04,0.04,0.093534,1776217858000
1776217860.083,60.083,0.53,5.0,0.5,10.0,0.57,5.0,0.58,5.0,0.43,5.0,0.42,5.0,0.47,5.0,0.5,10.0,0.04,0.04,0.093531,1776217859000
1776217861.155,61.155,0.53,5.0,0.5,10.0,0.57,5.0,0.58,5.0,0.43,5.0,0.42,5.0,0.47,5.0,0.5,10.0,0.04,0.04,0.09353,1776217860000
1776217862.821,62.821,0.53,5.0,0.5,10.0,0.57,5.0,0.58,5.0,0.43,5.0,0.42,5.0,0.47,5.0,0.5,10.0,0.04,0.04,0.093527,1776217861000
1776217863.295,63.295,0.53,5.0,0.5,10.0,0.57,5.0,0.58,5.0,0.43,5.0,0.42,5.0,0.47,5.0,0.5,10.0,0.04,0.04,0.093527,1776217862000
1776217864.312,64.312,0.53,5.0,0.5,10.0,0.57,5.0,0.58,5.0,0.43,5.0,0.42,5.0,0.47,5.0,0.5,10.0,0.04,0.04,0.093529,1776217863000
1776217865.345,65.345,0.53,5.0,0.5,10.0,0.57,5.0,0.58,5.0,0.43,5.0,0.42,5.0,0.47,5.0,0.5,10.0,0.04,0.04,0.09353,1776217864000
1776217865.909,65.909,0.53,5.0,0.5,10.0,0.57,5.0,0.58,5.0,0.43,5.0,0.42,5.0,0.47,5.0,0.5,10.0,0.04,0.04,0.093531,1776217865000
1776217866.929,66.929,0.53,5.0,0.5,10.0,0.57,5.0,0.58,5.0,0.43,5.0,0.42,5.0,0.47,5.0,0.5,10.0,0.04,0.04,0.093528,1776217866000
1776217867.97,67.97,0.53,5.0,0.5,10.0,0.57,5.0,0.58,5.0,0.43,5.0,0.42,5.0,0.47,5.0,0.5,10.0,0.04,0.04,0.093528,1776217867000
1776217869.038,69.038,0.53,5.0,0.5,10.0,0.57,5.0,0.58,5.0,0.43,5.0,0.42,5.0,0.47,5.0,0.5,10.0,0.04,0.04,0.093528,1776217868000
1776217870.172,70.172,0.53,5.0,0.5,10.0,0.57,5.0,0.58,5.0,0.43,5.0,0.42,5.0,0.47,5.0,0.5,10.0,0.04,0.04,0.093524,1776217869000
1776217871.322,71.322,0.53,5.0,0.5,10.0,0.57,5.0,0.58,5.0,0.43,5.0,0.42,5.0,0.47,5.0,0.5,10.0,0.04,0.04,0.093522,1776217870000
1776217872.344,72.344,0.53,5.0,0.5,10.0,0.57,5.0,0.58,5.0,0.43,5.0,0.42,5.0,0.47,5.0,0.5,10.0,0.04,0.04,0.093522,1776217871000
1776217872.59,72.59,0.35,10.0,0.32,31.0,0.4,5.0,0.46,10.0,0.43,5.0,0.42,5.0,0.47,5.0,0.5,10.0,0.05,0.04,0.093522,1776217871000
1776217873.428,73.428,0.35,10.0,0.32,31.0,0.4,5.0,0.46,10.0,0.6,5.0,0.54,10.0,0.65,10.0,0.68,31.0,0.05,0.05,0.093522,1776217872000
1776217874.025,74.025,0.35,10.0,0.32,31.0,0.4,5.0,0.46,10.0,0.6,5.0,0.54,10.0,0.65,10.0,0.68,31.0,0.05,0.05,0.093515,1776217873000
1776217875.054,75.054,0.35,10.0,0.32,31.0,0.4,5.0,0.46,10.0,0.6,5.0,0.54,10.0,0.65,10.0,0.68,31.0,0.05,0.05,0.093508,1776217874000
1776217876.679,76.679,0.35,10.0,0.32,31.0,0.4,5.0,0.46,10.0,0.6,5.0,0.54,10.0,0.65,10.0,0.68,31.0,0.05,0.05,0.093506,1776217875000
1776217877.307,77.307,0.35,10.0,0.32,31.0,0.4,5.0,0.46,10.0,0.6,5.0,0.54,10.0,0.65,10.0,0.68,31.0,0.05,0.05,0.093506,1776217876000
1776217878.438,78.438,0.35,10.0,0.32,31.0,0.4,5.0,0.46,10.0,0.6,5.0,0.54,10.0,0.65,10.0,0.68,31.0,0.05,0.05,0.093506,1776217877000
1776217879.126,79.126,0.35,10.0,0.32,31.0,0.4,5.0,0.46,10.0,0.6,5.0,0.54,10.0,0.65,10.0,0.68,31.0,0.05,0.05,0.093506,1776217878000
1776217880.374,80.374,0.35,10.0,0.32,31.0,0.4,5.0,0.46,10.0,0.6,5.0,0.54,10.0,0.65,10.0,0.68,31.0,0.05,0.05,0.093497,1776217879000
1776217881.456,81.456,0.45,5.0,0.41,83.0,0.46,5.0,0.49,10.0,0.6,5.0,0.54,10.0,0.65,10.0,0.68,31.0,0.01,0.05,0.093497,1776217879000
1776217882.199,82.199,0.45,5.0,0.41,50.0,0.49,10.0,0.52,10.0,0.51,10.0,0.48,10.0,0.55,5.0,0.59,50.0,0.04,0.04,0.093519,1776217881000
1776217883.487,83.487,0.45,5.0,0.41,50.0,0.49,10.0,0.52,10.0,0.51,10.0,0.48,10.0,0.55,5.0,0.59,50.0,0.04,0.04,0.093547,1776217882000
1776217884.016,84.016,0.45,5.0,0.41,50.0,0.49,10.0,0.52,10.0,0.51,10.0,0.48,10.0,0.55,5.0,0.59,50.0,0.04,0.04,0.093552,1776217883000
1776217884.737,84.737,0.64,29.0,0.61,50.0,0.65,5.0,0.68,11.0,0.51,10.0,0.48,10.0,0.55,5.0,0.59,50.0,0.01,0.04,0.093552,1776217883000
1776217885.102,85.102,0.64,29.0,0.61,50.0,0.65,5.0,0.68,11.0,0.35,5.0,0.32,11.0,0.36,29.0,0.39,50.0,0.01,0.01,0.093552,1776217884000
1776217885.474,85.474,0.64,5.0,0.63,10.0,0.65,5.0,0.67,6.0,0.35,5.0,0.32,11.0,0.36,29.0,0.39,50.0,0.01,0.01,0.093552,1776217884000
1776217886.234,86.234,0.64,5.0,0.63,10.0,0.65,5.0,0.67,6.0,0.35,5.0,0.33,6.0,0.36,5.0,0.37,10.0,0.01,0.01,0.093558,1776217885000
1776217886.574,86.574,0.61,50.0,0.51,50.0,0.67,6.0,0.68,11.0,0.35,5.0,0.33,6.0,0.36,5.0,0.37,10.0,0.06,0.01,0.093558,1776217885000
1776217887.387,87.387,0.61,50.0,0.51,50.0,0.67,6.0,0.68,11.0,0.33,6.0,0.32,11.0,0.39,50.0,0.49,50.0,0.06,0.06,0.093582,1776217886000
1776217887.855,87.855,0.61,50.0,0.51,50.0,0.67,6.0,0.68,11.0,0.33,6.0,0.32,11.0,0.39,50.0,0.49,50.0,0.06,0.06,0.093586,1776217887000
1776217889.037,89.037,0.61,50.0,0.51,50.0,0.67,6.0,0.68,11.0,0.33,6.0,0.32,11.0,0.39,50.0,0.49,50.0,0.06,0.06,0.09359,1776217888000
1776217889.828,89.828,0.68,5.0,0.62,20.0,0.87,21.73,0.88,24.6,0.26,12.0,0.23,13.0,0.29,28.0,0.39,56.0,0.19,0.03,0.09359,1776217888000
1776217890.13,90.13,0.68,5.0,0.62,20.0,0.87,21.73,0.88,24.6,0.13,21.73,0.12,24.6,0.32,5.0,0.38,20.0,0.19,0.19,0.093588,1776217889000
1776217891.563,91.563,0.68,5.0,0.62,20.0,0.87,21.73,0.88,24.6,0.13,21.73,0.12,24.6,0.32,5.0,0.38,20.0,0.19,0.19,0.093611,1776217890000
1776217892.046,92.046,0.68,5.0,0.62,20.0,0.87,21.73,0.88,24.6,0.13,21.73,0.12,24.6,0.32,5.0,0.38,20.0,0.19,0.19,0.093615,1776217891000
1776217893.129,93.129,0.68,5.0,0.62,20.0,0.87,21.73,0.88,24.6,0.13,21.73,0.12,24.6,0.32,5.0,0.38,20.0,0.19,0.19,0.093615,1776217892000
1776217894.101,94.101,0.68,5.0,0.62,20.0,0.87,21.73,0.88,24.6,0.13,21.73,0.12,24.6,0.32,5.0,0.38,20.0,0.19,0.19,0.093615,1776217893000
1776217895.198,95.198,0.68,5.0,0.62,20.0,0.87,21.73,0.88,24.6,0.13,21.73,0.12,24.6,0.32,5.0,0.38,20.0,0.19,0.19,0.093619,1776217894000
1776217896.191,96.191,0.68,5.0,0.62,20.0,0.87,21.73,0.88,24.6,0.13,21.73,0.12,24.6,0.32,5.0,0.38,20.0,0.19,0.19,0.093621,1776217895000
1776217897.185,97.185,0.68,5.0,0.62,20.0,0.87,21.73,0.88,24.6,0.13,21.73,0.12,24.6,0.32,5.0,0.38,20.0,0.19,0.19,0.093621,1776217896000
1776217898.182,98.182,0.68,5.0,0.62,20.0,0.87,21.73,0.88,24.6,0.13,21.73,0.12,24.6,0.32,5.0,0.38,20.0,0.19,0.19,0.093621,1776217897000
1776217899.242,99.242,0.68,5.0,0.62,20.0,0.87,21.73,0.88,24.6,0.13,21.73,0.12,24.6,0.32,5.0,0.38,20.0,0.19,0.19,0.093623,1776217898000
1776217900.21,100.21,0.68,5.0,0.62,20.0,0.87,21.73,0.88,24.6,0.13,21.73,0.12,24.6,0.32,5.0,0.38,20.0,0.19,0.19,0.093639,1776217899000
1776217901.254,101.254,0.68,5.0,0.62,20.0,0.87,21.73,0.88,24.6,0.13,21.73,0.12,24.6,0.32,5.0,0.38,20.0,0.19,0.19,0.093638,1776217900000
1776217902.258,102.258,0.68,5.0,0.62,20.0,0.87,21.73,0.88,24.6,0.13,21.73,0.12,24.6,0.32,5.0,0.38,20.0,0.19,0.19,0.093635,1776217901000
1776217903.337,103.337,0.68,5.0,0.62,20.0,0.87,21.73,0.88,24.6,0.13,21.73,0.12,24.6,0.32,5.0,0.38,20.0,0.19,0.19,0.093633,1776217902000
1776217903.876,103.876,0.68,5.0,0.62,20.0,0.87,21.73,0.88,24.6,0.13,21.73,0.12,24.6,0.32,5.0,0.38,20.0,0.19,0.19,0.093633,1776217903000
1776217905.593,105.593,0.68,5.0,0.62,20.0,0.87,21.73,0.88,24.6,0.13,21.73,0.12,24.6,0.32,5.0,0.38,20.0,0.19,0.19,0.093634,1776217904000
1776217906.229,106.229,0.68,5.0,0.62,20.0,0.87,21.73,0.88,24.6,0.13,21.73,0.12,24.6,0.32,5.0,0.38,20.0,0.19,0.19,0.093632,1776217905000
1776217907.729,107.729,0.68,5.0,0.62,20.0,0.87,21.73,0.88,24.6,0.13,21.73,0.12,24.6,0.32,5.0,0.38,20.0,0.19,0.19,0.093632,1776217906000
1776217908.423,108.423,0.68,5.0,0.62,20.0,0.87,21.73,0.88,24.6,0.13,21.73,0.12,24.6,0.32,5.0,0.38,20.0,0.19,0.19,0.093631,1776217907000
1776217909.057,109.057,0.68,5.0,0.62,20.0,0.87,21.73,0.88,24.6,0.13,21.73,0.12,24.6,0.32,5.0,0.38,20.0,0.19,0.19,0.093631,1776217908000
1776217910.32,110.32,0.68,5.0,0.62,20.0,0.87,21.73,0.88,24.6,0.13,21.73,0.12,24.6,0.32,5.0,0.38,20.0,0.19,0.19,0.093621,1776217909000
1776217910.997,110.997,0.68,5.0,0.62,20.0,0.87,21.73,0.88,24.6,0.13,21.73,0.12,24.6,0.32,5.0,0.38,20.0,0.19,0.19,0.093619,1776217910000
1776217912.562,112.562,0.68,5.0,0.62,20.0,0.87,21.73,0.88,24.6,0.13,21.73,0.12,24.6,0.32,5.0,0.38,20.0,0.19,0.19,0.093621,1776217911000
1776217913.246,113.246,0.68,5.0,0.62,20.0,0.87,21.73,0.88,24.6,0.13,21.73,0.12,24.6,0.32,5.0,0.38,20.0,0.19,0.19,0.093621,1776217912000
1776217914.686,114.686,0.68,5.0,0.62,20.0,0.87,21.73,0.88,24.6,0.13,21.73,0.12,24.6,0.32,5.0,0.38,20.0,0.19,0.19,0.093624,1776217913000
1776217915.334,115.334,0.68,5.0,0.62,20.0,0.87,21.73,0.88,24.6,0.13,21.73,0.12,24.6,0.32,5.0,0.38,20.0,0.19,0.19,0.093638,1776217914000
1776217916.666,116.666,0.68,5.0,0.62,20.0,0.87,21.73,0.88,24.6,0.13,21.73,0.12,24.6,0.32,5.0,0.38,20.0,0.19,0.19,0.093637,1776217915000
1776217917.294,117.294,0.68,5.0,0.62,20.0,0.87,21.73,0.88,24.6,0.13,21.73,0.12,24.6,0.32,5.0,0.38,20.0,0.19,0.19,0.093632,1776217916000
1776217918.736,118.736,0.68,5.0,0.62,20.0,0.87,21.73,0.88,24.6,0.13,21.73,0.12,24.6,0.32,5.0,0.38,20.0,0.19,0.19,0.093634,1776217917000
1776217919.465,119.465,0.68,5.0,0.62,20.0,0.87,21.73,0.88,24.6,0.13,21.73,0.12,24.6,0.32,5.0,0.38,20.0,0.19,0.19,0.093634,1776217918000
1776217919.99,119.99,0.68,5.0,0.62,20.0,0.87,21.73,0.88,24.6,0.13,21.73,0.12,24.6,0.32,5.0,0.38,20.0,0.19,0.19,0.093634,1776217919000
1776217921.487,121.487,0.68,5.0,0.62,20.0,0.87,21.73,0.88,24.6,0.13,21.73,0.12,24.6,0.32,5.0,0.38,20.0,0.19,0.19,0.093621,1776217920000
1776217922.513,122.513,0.68,5.0,0.62,20.0,0.87,21.73,0.88,24.6,0.13,21.73,0.12,24.6,0.32,5.0,0.38,20.0,0.19,0.19,0.093621,1776217921000
1776217923.292,123.292,0.68,5.0,0.62,20.0,0.87,21.73,0.88,24.6,0.13,21.73,0.12,24.6,0.32,5.0,0.38,20.0,0.19,0.19,0.093622,1776217922000
1776217924.583,124.583,0.68,5.0,0.62,20.0,0.87,21.73,0.88,24.6,0.13,21.73,0.12,24.6,0.32,5.0,0.38,20.0,0.19,0.19,0.093622,1776217923000
1776217925.218,125.218,0.68,5.0,0.62,20.0,0.87,21.73,0.88,24.6,0.13,21.73,0.12,24.6,0.32,5.0,0.38,20.0,0.19,0.19,0.093619,1776217924000
1776217926.531,126.531,0.68,5.0,0.62,20.0,0.87,21.73,0.88,24.6,0.13,21.73,0.12,24.6,0.32,5.0,0.38,20.0,0.19,0.19,0.093618,1776217925000
1776217927.202,127.202,0.68,5.0,0.62,20.0,0.87,21.73,0.88,24.6,0.13,21.73,0.12,24.6,0.32,5.0,0.38,20.0,0.19,0.19,0.093612,1776217926000
1776217928.537,128.537,0.68,5.0,0.62,20.0,0.87,21.73,0.88,24.6,0.13,21.73,0.12,24.6,0.32,5.0,0.38,20.0,0.19,0.19,0.093611,1776217927000
1776217929.237,129.237,0.68,5.0,0.62,20.0,0.87,21.73,0.88,24.6,0.13,21.73,0.12,24.6,0.32,5.0,0.38,20.0,0.19,0.19,0.093603,1776217928000
1776217930.515,130.515,0.68,5.0,0.62,20.0,0.87,21.73,0.88,24.6,0.13,21.73,0.12,24.6,0.32,5.0,0.38,20.0,0.19,0.19,0.093601,1776217929000
1776217931.152,131.152,0.68,5.0,0.62,20.0,0.87,21.73,0.88,24.6,0.13,21.73,0.12,24.6,0.32,5.0,0.38,20.0,0.19,0.19,0.093605,1776217930000
1776217932.433,132.433,0.68,5.0,0.62,20.0,0.87,21.73,0.88,24.6,0.13,21.73,0.12,24.6,0.32,5.0,0.38,20.0,0.19,0.19,0.093611,1776217931000
1776217933.036,133.036,0.68,5.0,0.62,20.0,0.87,21.73,0.88,24.6,0.13,21.73,0.12,24.6,0.32,5.0,0.38,20.0,0.19,0.19,0.093622,1776217932000
1776217934.209,134.209,0.68,5.0,0.62,20.0,0.87,21.73,0.88,24.6,0.13,21.73,0.12,24.6,0.32,5.0,0.38,20.0,0.19,0.19,0.093621,1776217933000
1776217935.419,135.419,0.68,5.0,0.62,20.0,0.87,21.73,0.88,24.6,0.13,21.73,0.12,24.6,0.32,5.0,0.38,20.0,0.19,0.19,0.093619,1776217934000
1776217936.072,136.072,0.68,5.0,0.62,20.0,0.87,21.73,0.88,24.6,0.13,21.73,0.12,24.6,0.32,5.0,0.38,20.0,0.19,0.19,0.09362,1776217935000
1776217937.418,137.418,0.68,5.0,0.62,20.0,0.87,21.73,0.88,24.6,0.13,21.73,0.12,24.6,0.32,5.0,0.38,20.0,0.19,0.19,0.09362,1776217936000
1776217937.988,137.988,0.68,5.0,0.62,20.0,0.87,21.73,0.88,24.6,0.13,21.73,0.12,24.6,0.32,5.0,0.38,20.0,0.19,0.19,0.09362,1776217937000
1776217938.965,138.965,0.68,5.0,0.62,20.0,0.87,21.73,0.88,24.6,0.13,21.73,0.12,24.6,0.32,5.0,0.38,20.0,0.19,0.19,0.093613,1776217938000
1776217940.669,140.669,0.68,5.0,0.62,20.0,0.87,21.73,0.88,24.6,0.13,21.73,0.12,24.6,0.32,5.0,0.38,20.0,0.19,0.19,0.093599,1776217939000
1776217941.552,141.552,0.68,5.0,0.62,20.0,0.87,21.73,0.88,24.6,0.13,21.73,0.12,24.6,0.32,5.0,0.38,20.0,0.19,0.19,0.093599,1776217940000
1776217942.136,142.136,0.68,5.0,0.62,20.0,0.87,21.73,0.88,24.6,0.13,21.73,0.12,24.6,0.32,5.0,0.38,20.0,0.19,0.19,0.093599,1776217941000
1776217943.71,143.71,0.68,5.0,0.62,20.0,0.87,21.73,0.88,24.6,0.13,21.73,0.12,24.6,0.32,5.0,0.38,20.0,0.19,0.19,0.093598,1776217942000
1776217944.249,144.249,0.68,5.0,0.62,20.0,0.87,21.73,0.88,24.6,0.13,21.73,0.12,24.6,0.32,5.0,0.38,20.0,0.19,0.19,0.093596,1776217943000
1776217945.59,145.59,0.68,5.0,0.62,20.0,0.87,21.73,0.88,24.6,0.13,21.73,0.12,24.6,0.32,5.0,0.38,20.0,0.19,0.19,0.093591,1776217944000
1776217946.204,146.204,0.68,5.0,0.62,20.0,0.87,21.73,0.88,24.6,0.13,21.73,0.12,24.6,0.32,5.0,0.38,20.0,0.19,0.19,0.093589,1776217945000
1776217947.713,147.713,0.68,5.0,0.62,20.0,0.87,21.73,0.88,24.6,0.13,21.73,0.12,24.6,0.32,5.0,0.38,20.0,0.19,0.19,0.093583,1776217946000
1776217948.326,148.326,0.68,5.0,0.62,20.0,0.87,21.73,0.88,24.6,0.13,21.73,0.12,24.6,0.32,5.0,0.38,20.0,0.19,0.19,0.093583,1776217947000
1776217949.15,149.15,0.68,5.0,0.62,20.0,0.87,21.73,0.88,24.6,0.13,21.73,0.12,24.6,0.32,5.0,0.38,20.0,0.19,0.19,0.093583,1776217948000
1776217950.332,150.332,0.68,5.0,0.62,20.0,0.87,21.73,0.88,24.6,0.13,21.73,0.12,24.6,0.32,5.0,0.38,20.0,0.19,0.19,0.093583,1776217949000
1776217951.032,151.032,0.68,5.0,0.62,20.0,0.87,21.73,0.88,24.6,0.13,21.73,0.12,24.6,0.32,5.0,0.38,20.0,0.19,0.19,0.09358,1776217950000
1776217952.406,152.406,0.68,5.0,0.62,20.0,0.87,21.73,0.88,24.6,0.13,21.73,0.12,24.6,0.32,5.0,0.38,20.0,0.19,0.19,0.093581,1776217951000
1776217953.351,153.351,0.68,5.0,0.62,20.0,0.87,21.73,0.88,24.6,0.13,21.73,0.12,24.6,0.32,5.0,0.38,20.0,0.19,0.19,0.093581,1776217952000
1776217954.555,154.555,0.68,5.0,0.62,20.0,0.87,21.73,0.88,24.6,0.13,21.73,0.12,24.6,0.32,5.0,0.38,20.0,0.19,0.19,0.09358,1776217953000
1776217955.159,155.159,0.68,5.0,0.62,20.0,0.87,21.73,0.88,24.6,0.13,21.73,0.12,24.6,0.32,5.0,0.38,20.0,0.19,0.19,0.09358,1776217954000
1776217956.987,156.987,0.68,5.0,0.62,20.0,0.87,21.73,0.88,24.6,0.13,21.73,0.12,24.6,0.32,5.0,0.38,20.0,0.19,0.19,0.093581,1776217955000
1776217957.512,157.512,0.68,5.0,0.62,20.0,0.87,21.73,0.88,24.6,0.13,21.73,0.12,24.6,0.32,5.0,0.38,20.0,0.19,0.19,0.093584,1776217956000
1776217958.127,158.127,0.68,5.0,0.62,20.0,0.87,21.73,0.88,24.6,0.13,21.73,0.12,24.6,0.32,5.0,0.38,20.0,0.19,0.19,0.093584,1776217957000
1776217959.184,159.184,0.68,5.0,0.62,20.0,0.87,21.73,0.88,24.6,0.13,21.73,0.12,24.6,0.32,5.0,0.38,20.0,0.19,0.19,0.093585,1776217958000
1776217960.256,160.256,0.68,5.0,0.62,20.0,0.87,21.73,0.88,24.6,0.13,21.73,0.12,24.6,0.32,5.0,0.38,20.0,0.19,0.19,0.093585,1776217959000
1776217961.376,161.376,0.68,5.0,0.62,20.0,0.87,21.73,0.88,24.6,0.13,21.73,0.12,24.6,0.32,5.0,0.38,20.0,0.19,0.19,0.093596,1776217960000
1776217961.856,161.856,0.68,5.0,0.62,20.0,0.87,21.73,0.88,24.6,0.13,21.73,0.12,24.6,0.32,5.0,0.38,20.0,0.19,0.19,0.093596,1776217961000
1776217963.003,163.003,0.68,5.0,0.62,20.0,0.87,21.73,0.88,24.6,0.13,21.73,0.12,24.6,0.32,5.0,0.38,20.0,0.19,0.19,0.093597,1776217962000
1776217964.048,164.048,0.68,5.0,0.62,20.0,0.87,21.73,0.88,24.6,0.13,21.73,0.12,24.6,0.32,5.0,0.38,20.0,0.19,0.19,0.093595,1776217963000
1776217965.156,165.156,0.68,5.0,0.62,20.0,0.87,21.73,0.88,24.6,0.13,21.73,0.12,24.6,0.32,5.0,0.38,20.0,0.19,0.19,0.093594,1776217964000
1776217966.272,166.272,0.68,5.0,0.62,20.0,0.87,21.73,0.88,24.6,0.13,21.73,0.12,24.6,0.32,5.0,0.38,20.0,0.19,0.19,0.093594,1776217965000
1776217967.297,167.297,0.68,5.0,0.62,20.0,0.87,21.73,0.88,24.6,0.13,21.73,0.12,24.6,0.32,5.0,0.38,20.0,0.19,0.19,0.093591,1776217966000
1776217967.822,167.822,0.68,5.0,0.62,20.0,0.87,21.73,0.88,24.6,0.13,21.73,0.12,24.6,0.32,5.0,0.38,20.0,0.19,0.19,0.093592,1776217967000
1776217968.921,168.921,0.68,5.0,0.62,20.0,0.87,21.73,0.88,24.6,0.13,21.73,0.12,24.6,0.32,5.0,0.38,20.0,0.19,0.19,0.093592,1776217968000
1776217970.117,170.117,0.68,5.0,0.62,20.0,0.87,21.73,0.88,24.6,0.13,21.73,0.12,24.6,0.32,5.0,0.38,20.0,0.19,0.19,0.093593,1776217969000
1776217971.027,171.027,0.68,5.0,0.62,20.0,0.87,21.73,0.88,24.6,0.13,21.73,0.12,24.6,0.32,5.0,0.38,20.0,0.19,0.19,0.093592,1776217970000
1776217972.084,172.084,0.68,5.0,0.62,20.0,0.87,21.73,0.88,24.6,0.13,21.73,0.12,24.6,0.32,5.0,0.38,20.0,0.19,0.19,0.093592,1776217971000
1776217972.994,172.994,0.68,5.0,0.62,20.0,0.87,21.73,0.88,24.6,0.13,21.73,0.12,24.6,0.32,5.0,0.38,20.0,0.19,0.19,0.093592,1776217972000
1776217973.987,173.987,0.68,5.0,0.62,20.0,0.87,21.73,0.88,24.6,0.13,21.73,0.12,24.6,0.32,5.0,0.38,20.0,0.19,0.19,0.093594,1776217973000
1776217974.896,174.896,0.68,5.0,0.62,20.0,0.87,21.73,0.88,24.6,0.13,21.73,0.12,24.6,0.32,5.0,0.38,20.0,0.19,0.19,0.093595,1776217974000
1776217975.946,175.946,0.68,5.0,0.62,20.0,0.87,21.73,0.88,24.6,0.13,21.73,0.12,24.6,0.32,5.0,0.38,20.0,0.19,0.19,0.093594,1776217975000
1776217976.917,176.917,0.68,5.0,0.62,20.0,0.87,21.73,0.88,24.6,0.13,21.73,0.12,24.6,0.32,5.0,0.38,20.0,0.19,0.19,0.093594,1776217976000
1776217977.91,177.91,0.68,5.0,0.62,20.0,0.87,21.73,0.88,24.6,0.13,21.73,0.12,24.6,0.32,5.0,0.38,20.0,0.19,0.19,0.093602,1776217977000
1776217979.31,179.31,0.68,5.0,0.62,20.0,0.87,21.73,0.88,24.6,0.13,21.73,0.12,24.6,0.32,5.0,0.38,20.0,0.19,0.19,0.093602,1776217978000
1776217980.382,180.382,0.68,5.0,0.62,20.0,0.87,21.73,0.88,24.6,0.13,21.73,0.12,24.6,0.32,5.0,0.38,20.0,0.19,0.19,0.093602,1776217979000
1776217980.972,180.972,0.68,5.0,0.62,20.0,0.87,21.73,0.88,24.6,0.13,21.73,0.12,24.6,0.32,5.0,0.38,20.0,0.19,0.19,0.093602,1776217980000
1776217981.976,181.976,0.68,5.0,0.62,20.0,0.87,21.73,0.88,24.6,0.13,21.73,0.12,24.6,0.32,5.0,0.38,20.0,0.19,0.19,0.093602,1776217981000
1776217983.134,183.134,0.68,5.0,0.62,20.0,0.87,21.73,0.88,24.6,0.13,21.73,0.12,24.6,0.32,5.0,0.38,20.0,0.19,0.19,0.093602,1776217982000
1776217984.542,184.542,0.68,5.0,0.62,20.0,0.87,21.73,0.88,24.6,0.13,21.73,0.12,24.6,0.32,5.0,0.38,20.0,0.19,0.19,0.093598,1776217983000
1776217985.033,185.033,0.68,5.0,0.62,20.0,0.87,21.73,0.88,24.6,0.13,21.73,0.12,24.6,0.32,5.0,0.38,20.0,0.19,0.19,0.09359,1776217984000
1776217986.211,186.211,0.68,5.0,0.62,20.0,0.87,21.73,0.88,24.6,0.13,21.73,0.12,24.6,0.32,5.0,0.38,20.0,0.19,0.19,0.093589,1776217985000
1776217987.017,187.017,0.68,5.0,0.62,20.0,0.87,21.73,0.88,24.6,0.13,21.73,0.12,24.6,0.32,5.0,0.38,20.0,0.19,0.19,0.093587,1776217986000
1776217988.414,188.414,0.68,5.0,0.62,20.0,0.87,21.73,0.88,24.6,0.13,21.73,0.12,24.6,0.32,5.0,0.38,20.0,0.19,0.19,0.09358,1776217987000
1776217988.975,188.975,0.68,5.0,0.62,20.0,0.87,21.73,0.88,24.6,0.13,21.73,0.12,24.6,0.32,5.0,0.38,20.0,0.19,0.19,0.09358,1776217988000
1776217990.195,190.195,0.68,5.0,0.62,20.0,0.87,21.73,0.88,24.6,0.13,21.73,0.12,24.6,0.32,5.0,0.38,20.0,0.19,0.19,0.093574,1776217989000
1776217991.263,191.263,0.68,5.0,0.62,20.0,0.87,21.73,0.88,24.6,0.13,21.73,0.12,24.6,0.32,5.0,0.38,20.0,0.19,0.19,0.09357,1776217990000
1776217991.677,191.677,0.68,11.43,0.61,5.0,0.74,5.0,0.75,5.0,0.13,21.73,0.12,24.6,0.32,5.0,0.38,20.0,0.06,0.19,0.09357,1776217990000
1776217992.089,192.089,0.68,11.43,0.61,5.0,0.74,5.0,0.75,5.0,0.26,5.0,0.25,5.0,0.32,11.43,0.39,5.0,0.06,0.06,0.093571,1776217991000
1776217993.202,193.202,0.68,11.43,0.61,5.0,0.74,5.0,0.75,5.0,0.26,5.0,0.25,5.0,0.32,11.43,0.39,5.0,0.06,0.06,0.093567,1776217992000
1776217994.361,194.361,0.68,11.43,0.61,5.0,0.74,5.0,0.75,5.0,0.26,5.0,0.25,5.0,0.32,11.43,0.39,5.0,0.06,0.06,0.093565,1776217993000
1776217994.889,194.889,0.68,11.43,0.61,5.0,0.74,5.0,0.75,5.0,0.26,5.0,0.25,5.0,0.32,11.43,0.39,5.0,0.06,0.06,0.093576,1776217994000
1776217996.349,196.349,0.68,11.43,0.61,5.0,0.74,5.0,0.75,5.0,0.26,5.0,0.25,5.0,0.32,11.43,0.39,5.0,0.06,0.06,0.093577,1776217995000
1776217997.018,197.018,0.68,11.43,0.61,5.0,0.74,5.0,0.75,5.0,0.26,5.0,0.25,5.0,0.32,11.43,0.39,5.0,0.06,0.06,0.093577,1776217996000
1776217998.349,198.349,0.68,11.43,0.61,5.0,0.74,5.0,0.75,5.0,0.26,5.0,0.25,5.0,0.32,11.43,0.39,5.0,0.06,0.06,0.093577,1776217997000
1776217999.838,199.838,0.68,11.43,0.61,5.0,0.74,5.0,0.75,5.0,0.26,5.0,0.25,5.0,0.32,11.43,0.39,5.0,0.06,0.06,0.093576,1776217998000
1776218000.592,200.592,0.68,11.43,0.61,5.0,0.74,5.0,0.75,5.0,0.26,5.0,0.25,5.0,0.32,11.43,0.39,5.0,0.06,0.06,0.093576,1776217999000
1776218001.198,201.198,0.68,11.43,0.61,5.0,0.74,5.0,0.75,5.0,0.26,5.0,0.25,5.0,0.32,11.43,0.39,5.0,0.06,0.06,0.093572,1776218000000
1776218001.731,201.731,0.68,6.43,0.61,5.0,0.69,10.0,0.81,50.0,0.26,5.0,0.25,5.0,0.32,11.43,0.39,5.0,0.01,0.06,0.093572,1776218000000
1776218002.241,202.241,0.68,6.43,0.61,5.0,0.69,10.0,0.81,50.0,0.31,10.0,0.19,50.0,0.32,6.43,0.39,5.0,0.01,0.01,0.093563,1776218001000
1776218003.25,203.25,0.68,6.43,0.61,5.0,0.69,10.0,0.81,50.0,0.31,10.0,0.19,50.0,0.32,6.43,0.39,5.0,0.01,0.01,0.093556,1776218002000
1776218004.19,204.19,0.6,10.8,0.54,14.57,0.61,38.57,0.69,25.0,0.31,10.0,0.19,50.0,0.32,6.43,0.39,5.0,0.01,0.01,0.093556,1776218002000
1776218004.519,204.519,0.6,10.8,0.54,14.57,0.61,4.94,0.63,5.0,0.39,38.57,0.31,25.0,0.4,10.8,0.46,14.57,0.01,0.01,0.093557,1776218003000
1776218004.898,204.898,0.54,6.37,0.53,43.55,0.61,54.94,0.63,5.0,0.39,54.94,0.37,5.0,0.46,9.57,0.47,43.55,0.07,0.07,0.093557,1776218003000
1776218005.11,205.11,0.54,1.37,0.53,43.55,0.56,5.0,0.61,54.94,0.39,54.94,0.37,5.0,0.46,6.37,0.47,43.55,0.02,0.07,0.093557,1776218003000
1776218005.697,205.697,0.53,43.55,0.4,10.8,0.56,5.0,0.61,54.94,0.44,5.0,0.39,54.94,0.46,1.37,0.47,43.55,0.03,0.02,0.093556,1776218004000
1776218006.237,206.237,0.53,43.55,0.4,10.8,0.56,5.0,0.61,54.94,0.44,5.0,0.39,54.94,0.47,43.55,0.6,10.8,0.03,0.03,0.093533,1776218005000
1776218006.821,206.821,0.53,41.4,0.4,10.8,0.56,5.0,0.61,54.94,0.44,5.0,0.39,54.94,0.47,43.55,0.6,10.8,0.03,0.03,0.093533,1776218005000
1776218007.071,207.071,0.53,36.4,0.4,10.8,0.56,5.0,0.61,54.94,0.44,5.0,0.39,54.94,0.47,41.4,0.6,10.8,0.03,0.03,0.093533,1776218005000
1776218008.27,208.27,0.53,36.4,0.4,10.8,0.56,5.0,0.61,54.94,0.44,5.0,0.39,54.94,0.47,36.4,0.6,10.8,0.03,0.03,0.09353,1776218007000
1776218009.377,209.377,0.53,36.4,0.4,10.8,0.56,5.0,0.61,54.94,0.44,5.0,0.39,54.94,0.47,36.4,0.6,10.8,0.03,0.03,0.093531,1776218008000
1776218009.824,209.824,0.53,36.4,0.4,10.8,0.56,5.0,0.61,54.94,0.44,5.0,0.39,54.94,0.47,36.4,0.6,10.8,0.03,0.03,0.093531,1776218009000
1776218010.882,210.882,0.53,36.4,0.4,10.8,0.56,5.0,0.61,54.94,0.44,5.0,0.39,54.94,0.47,36.4,0.6,10.8,0.03,0.03,0.093531,1776218010000
1776218011.829,211.829,0.53,27.33,0.41,10.7,0.61,54.94,0.63,5.0,0.44,5.0,0.39,54.94,0.47,36.4,0.6,10.8,0.08,0.03,0.093531,1776218010000
1776218012.303,212.303,0.53,27.33,0.41,10.7,0.61,54.94,0.63,5.0,0.39,54.94,0.37,5.0,0.47,27.33,0.59,10.7,0.08,0.08,0.093531,1776218011000
1776218012.58,212.58,0.42,10.7,0.41,10.7,0.61,54.94,0.63,5.0,0.39,54.94,0.37,5.0,0.47,27.33,0.59,10.7,0.19,0.08,0.093531,1776218011000
1776218013.259,213.259,0.42,10.7,0.41,10.7,0.61,54.94,0.63,5.0,0.39,54.94,0.37,5.0,0.58,10.7,0.59,10.7,0.19,0.19,0.093531,1776218012000
1776218014.19,214.19,0.42,10.7,0.41,10.7,0.61,54.94,0.63,5.0,0.39,54.94,0.37,5.0,0.58,10.7,0.59,10.7,0.19,0.19,0.093531,1776218013000
1776218015.128,215.128,0.42,10.7,0.41,10.7,0.61,54.94,0.63,5.0,0.39,54.94,0.37,5.0,0.58,10.7,0.59,10.7,0.19,0.19,0.093531,1776218014000
1776218016.265,216.265,0.42,10.7,0.41,10.7,0.61,54.94,0.63,5.0,0.39,54.94,0.37,5.0,0.58,10.7,0.59,10.7,0.19,0.19,0.093531,1776218015000
1776218017.118,217.118,0.42,10.7,0.41,10.7,0.61,54.94,0.63,5.0,0.39,54.94,0.37,5.0,0.58,10.7,0.59,10.7,0.19,0.19,0.093531,1776218016000
1776218018.161,218.161,0.42,10.7,0.41,10.7,0.61,54.94,0.63,5.0,0.39,54.94,0.37,5.0,0.58,10.7,0.59,10.7,0.19,0.19,0.093531,1776218017000
1776218019.127,219.127,0.42,10.7,0.41,10.7,0.61,54.94,0.63,5.0,0.39,54.94,0.37,5.0,0.58,10.7,0.59,10.7,0.19,0.19,0.093518,1776218018000
1776218020.056,220.056,0.42,10.7,0.41,10.7,0.61,54.94,0.63,5.0,0.39,54.94,0.37,5.0,0.58,10.7,0.59,10.7,0.19,0.19,0.093511,1776218019000
1776218021.071,221.071,0.42,10.7,0.41,10.7,0.61,54.94,0.63,5.0,0.39,54.94,0.37,5.0,0.58,10.7,0.59,10.7,0.19,0.19,0.093511,1776218020000
1776218022.189,222.189,0.42,10.7,0.41,10.7,0.61,54.94,0.63,5.0,0.39,54.94,0.37,5.0,0.58,10.7,0.59,10.7,0.19,0.19,0.093511,1776218021000
1776218023.281,223.281,0.42,10.7,0.41,10.7,0.61,54.94,0.63,5.0,0.39,54.94,0.37,5.0,0.58,10.7,0.59,10.7,0.19,0.19,0.09351,1776218022000
1776218024.218,224.218,0.42,10.7,0.41,10.7,0.61,54.94,0.63,5.0,0.39,54.94,0.37,5.0,0.58,10.7,0.59,10.7,0.19,0.19,0.093507,1776218023000
1776218025.161,225.161,0.42,10.7,0.41,10.7,0.61,54.94,0.63,5.0,0.39,54.94,0.37,5.0,0.58,10.7,0.59,10.7,0.19,0.19,0.093506,1776218024000
1776218026.212,226.212,0.42,10.7,0.41,10.7,0.61,54.94,0.63,5.0,0.39,54.94,0.37,5.0,0.58,10.7,0.59,10.7,0.19,0.19,0.093506,1776218025000
1776218027.191,227.191,0.42,10.7,0.41,10.7,0.61,54.94,0.63,5.0,0.39,54.94,0.37,5.0,0.58,10.7,0.59,10.7,0.19,0.19,0.093506,1776218026000
1776218028.318,228.318,0.42,10.7,0.41,10.7,0.61,54.94,0.63,5.0,0.39,54.94,0.37,5.0,0.58,10.7,0.59,10.7,0.19,0.19,0.093472,1776218027000
1776218029.019,229.019,0.42,10.7,0.41,10.7,0.61,54.94,0.63,5.0,0.39,54.94,0.37,5.0,0.58,10.7,0.59,10.7,0.19,0.19,0.093461,1776218028000
1776218030.086,230.086,0.03,74.3,0.02,147.69,0.21,111.0,0.22,20.0,0.79,111.0,0.78,20.0,0.97,74.3,0.98,147.69,0.18,0.18,0.093438,1776218029000
1776218031.269,231.269,0.03,74.3,0.02,147.69,0.21,111.0,0.22,20.0,0.79,111.0,0.78,20.0,0.97,74.3,0.98,147.69,0.18,0.18,0.093423,1776218030000
1776218031.993,231.993,0.04,40.21,0.03,74.3,0.05,10.0,0.21,50.0,0.79,111.0,0.78,20.0,0.97,74.3,0.98,147.69,0.01,0.18,0.093423,1776218030000
1776218032.577,232.577,0.04,40.21,0.03,74.3,0.05,10.0,0.21,50.0,0.95,10.0,0.79,50.0,0.96,40.21,0.97,74.3,0.01,0.01,0.093437,1776218031000
1776218033.291,233.291,0.04,40.21,0.03,74.3,0.05,10.0,0.21,50.0,0.95,10.0,0.79,50.0,0.96,40.21,0.97,74.3,0.01,0.01,0.093439,1776218032000
1776218033.857,233.857,0.04,39.16,0.03,74.3,0.05,10.0,0.25,5.0,0.95,10.0,0.79,50.0,0.96,40.21,0.97,74.3,0.01,0.01,0.093439,1776218032000
1776218034.49,234.49,0.04,38.11,0.03,74.3,0.05,1.29,0.25,5.0,0.95,1.29,0.75,5.0,0.96,39.16,0.97,74.3,0.01,0.01,0.093439,1776218032000
1776218035.194,235.194,0.04,38.11,0.03,74.3,0.05,1.29,0.25,5.0,0.95,1.29,0.75,5.0,0.96,38.11,0.97,74.3,0.01,0.01,0.093448,1776218034000
1776218036.476,236.476,0.04,38.11,0.03,74.3,0.05,1.29,0.25,5.0,0.95,1.29,0.75,5.0,0.96,38.11,0.97,74.3,0.01,0.01,0.093452,1776218035000
1776218037.226,237.226,0.04,38.11,0.03,74.3,0.05,1.29,0.25,5.0,0.95,1.29,0.75,5.0,0.96,38.11,0.97,74.3,0.01,0.01,0.093456,1776218036000
1776218038.543,238.543,0.04,38.11,0.03,74.3,0.05,1.29,0.25,5.0,0.95,1.29,0.75,5.0,0.96,38.11,0.97,74.3,0.01,0.01,0.093448,1776218037000
1776218039.284,239.284,0.04,38.11,0.03,74.3,0.05,1.29,0.25,5.0,0.95,1.29,0.75,5.0,0.96,38.11,0.97,74.3,0.01,0.01,0.093439,1776218038000
1776218040.565,240.565,0.04,38.11,0.03,74.3,0.05,1.29,0.25,5.0,0.95,1.29,0.75,5.0,0.96,38.11,0.97,74.3,0.01,0.01,0.093405,1776218039000
1776218041.146,241.146,0.03,98.59,0.02,147.69,0.05,25.29,0.14,20.0,0.95,25.29,0.86,20.0,0.97,98.59,0.98,147.69,0.02,0.02,0.093405,1776218040000
1776218041.914,241.914,0.03,186.85,0.02,147.69,0.05,25.29,0.15,20.0,0.95,25.29,0.86,20.0,0.97,98.59,0.98,147.69,0.02,0.02,0.093405,1776218040000
1776218042.501,242.501,0.03,186.85,0.02,147.69,0.05,25.29,0.15,20.0,0.95,25.29,0.85,20.0,0.97,186.85,0.98,147.69,0.02,0.02,0.093419,1776218041000
1776218042.726,242.726,0.03,181.69,0.02,147.69,0.05,25.29,0.15,20.0,0.95,25.29,0.85,20.0,0.97,186.85,0.98,147.69,0.02,0.02,0.093419,1776218041000
1776218043.035,243.035,0.03,176.69,0.02,147.69,0.05,25.29,0.14,20.0,0.95,25.29,0.86,20.0,0.97,176.69,0.98,147.69,0.02,0.02,0.093419,1776218042000
1776218044.705,244.705,0.03,176.69,0.02,147.69,0.05,25.29,0.14,20.0,0.95,25.29,0.86,20.0,0.97,176.69,0.98,147.69,0.02,0.02,0.093425,1776218043000
1776218045.191,245.191,0.03,176.69,0.02,147.69,0.05,25.29,0.14,20.0,0.95,25.29,0.86,20.0,0.97,176.69,0.98,147.69,0.02,0.02,0.093422,1776218044000
1776218046.221,246.221,0.03,176.69,0.02,147.69,0.05,25.29,0.14,20.0,0.95,25.29,0.86,20.0,0.97,176.69,0.98,147.69,0.02,0.02,0.093422,1776218045000
1776218047.172,247.172,0.03,176.69,0.02,147.69,0.05,25.29,0.14,20.0,0.95,25.29,0.86,20.0,0.97,176.69,0.98,147.69,0.02,0.02,0.093423,1776218046000
1776218047.735,247.735,0.03,86.35,0.02,147.69,0.04,25.83,0.05,25.29,0.95,25.29,0.86,20.0,0.97,176.69,0.98,147.69,0.01,0.02,0.093423,1776218046000
1776218048.135,248.135,0.03,86.35,0.02,147.69,0.04,25.83,0.05,25.29,0.96,25.83,0.95,25.29,0.97,86.35,0.98,147.69,0.01,0.01,0.093423,1776218047000
1776218049.255,249.255,0.03,86.35,0.02,147.69,0.04,25.83,0.05,25.29,0.96,25.83,0.95,25.29,0.97,86.35,0.98,147.69,0.01,0.01,0.093426,1776218048000
1776218050.222,250.222,0.03,86.35,0.02,147.69,0.04,25.83,0.05,25.29,0.96,25.83,0.95,25.29,0.97,86.35,0.98,147.69,0.01,0.01,0.093426,1776218049000
1776218051.186,251.186,0.03,86.35,0.02,147.69,0.04,25.83,0.05,25.29,0.96,25.83,0.95,25.29,0.97,86.35,0.98,147.69,0.01,0.01,0.093436,1776218050000
1776218051.493,251.493,0.03,84.28,0.02,147.69,0.04,25.83,0.05,25.29,0.96,25.83,0.95,25.29,0.97,86.35,0.98,147.69,0.01,0.01,0.093436,1776218050000
1776218052.171,252.171,0.03,84.28,0.02,147.69,0.04,25.83,0.05,25.29,0.96,25.83,0.95,25.29,0.97,84.28,0.98,147.69,0.01,0.01,0.093436,1776218051000
1776218053.134,253.134,0.03,84.28,0.02,147.69,0.04,25.83,0.05,25.29,0.96,25.83,0.95,25.29,0.97,84.28,0.98,147.69,0.01,0.01,0.093437,1776218052000
1776218054.11,254.11,0.03,84.28,0.02,147.69,0.04,25.83,0.05,25.29,0.96,25.83,0.95,25.29,0.97,84.28,0.98,147.69,0.01,0.01,0.093436,1776218053000
1776218055.145,255.145,0.03,84.28,0.02,147.69,0.04,25.83,0.05,25.29,0.96,25.83,0.95,25.29,0.97,84.28,0.98,147.69,0.01,0.01,0.093435,1776218054000
1776218056.159,256.159,0.03,82.23,0.02,15.0,0.04,117.53,0.05,55.99,0.96,25.83,0.95,25.29,0.97,84.28,0.98,147.69,0.01,0.01,0.093435,1776218054000
1776218058.298,258.298,0.03,82.23,0.02,15.0,0.04,117.53,0.05,55.99,0.96,117.53,0.95,55.99,0.97,82.23,0.98,15.0,0.01,0.01,0.093427,1776218056000
1776218059.443,259.443,0.03,82.23,0.02,15.0,0.04,117.53,0.05,55.99,0.96,117.53,0.95,55.99,0.97,82.23,0.98,15.0,0.01,0.01,0.093414,1776218058000
1776218059.751,259.751,0.03,81.19,0.02,15.0,0.04,117.53,0.05,55.99,0.96,117.53,0.95,55.99,0.97,82.23,0.98,15.0,0.01,0.01,0.093414,1776218058000
1776218060.515,260.515,0.03,76.03,0.02,15.0,0.04,117.53,0.05,55.99,0.96,117.53,0.95,55.99,0.97,76.03,0.98,15.0,0.01,0.01,0.093413,1776218059000
1776218061.562,261.562,0.03,76.03,0.02,15.0,0.04,117.53,0.05,55.99,0.96,117.53,0.95,55.99,0.97,76.03,0.98,15.0,0.01,0.01,0.093413,1776218060000
1776218062.523,262.523,0.03,76.03,0.02,15.0,0.04,117.53,0.05,55.99,0.96,117.53,0.95,55.99,0.97,76.03,0.98,15.0,0.01,0.01,0.093413,1776218061000
1776218063.548,263.548,0.03,76.03,0.02,15.0,0.04,117.53,0.05,55.99,0.96,117.53,0.95,55.99,0.97,76.03,0.98,15.0,0.01,0.01,0.093413,1776218062000
1776218064.406,264.406,0.03,76.03,0.02,15.0,0.04,117.53,0.05,55.99,0.96,117.53,0.95,55.99,0.97,76.03,0.98,15.0,0.01,0.01,0.093415,1776218063000
1776218064.698,264.698,0.03,74.99,0.02,15.0,0.04,138.36,0.05,55.99,0.96,117.53,0.95,55.99,0.97,76.03,0.98,15.0,0.01,0.01,0.093415,1776218063000
1776218065.212,265.212,0.03,74.99,0.02,15.0,0.04,138.36,0.05,55.99,0.96,138.36,0.95,55.99,0.97,74.99,0.98,15.0,0.01,0.01,0.093415,1776218064000
1776218065.716,265.716,0.03,62.99,0.02,15.0,0.04,138.36,0.05,55.99,0.96,138.36,0.95,55.99,0.97,74.99,0.98,15.0,0.01,0.01,0.093415,1776218064000
1776218067.167,267.167,0.03,62.99,0.02,15.0,0.04,138.36,0.05,55.99,0.96,138.36,0.95,55.99,0.97,62.99,0.98,15.0,0.01,0.01,0.093414,1776218065000
1776218067.671,267.671,0.03,47.99,0.02,15.0,0.04,138.36,0.05,55.99,0.96,138.36,0.95,55.99,0.97,62.99,0.98,15.0,0.01,0.01,0.093414,1776218065000
1776218067.945,267.945,0.03,42.99,0.02,15.0,0.04,138.36,0.05,55.99,0.96,138.36,0.95,55.99,0.97,42.99,0.98,15.0,0.01,0.01,0.093415,1776218066000
1776218068.712,268.712,0.03,37.88,0.02,15.0,0.04,138.36,0.05,55.99,0.96,138.36,0.95,55.99,0.97,37.88,0.98,15.0,0.01,0.01,0.093415,1776218067000
1776218069.437,269.437,0.03,37.88,0.02,15.0,0.04,138.36,0.05,55.99,0.96,138.36,0.95,55.99,0.97,37.88,0.98,15.0,0.01,0.01,0.093414,1776218068000
1776218070.187,270.187,0.02,1.88,0.01,145.0,0.04,138.36,0.05,55.99,0.96,138.36,0.95,55.99,0.98,1.88,0.99,145.0,0.02,0.02,0.093414,1776218069000
1776218070.699,270.699,0.01,136.83,,,0.02,156.69,0.03,89.3,0.97,113.3,0.96,114.36,0.99,141.83,,,0.01,0.02,0.093414,1776218069000
1776218072.006,272.006,0.01,136.83,,,0.02,156.69,0.03,89.3,0.98,156.69,0.97,89.3,0.99,136.83,,,0.01,0.01,0.093414,1776218070000
1776218072.37,272.37,0.01,135.81,,,0.02,161.69,0.03,89.3,0.98,156.69,0.97,89.3,0.99,136.83,,,0.01,0.01,0.093414,1776218070000
1776218072.84,272.84,0.01,135.81,,,0.02,161.69,0.03,89.3,0.98,161.69,0.97,89.3,0.99,135.81,,,0.01,0.01,0.093413,1776218071000
1776218073.404,273.404,0.01,87.26,,,0.02,161.69,0.03,89.3,0.98,161.69,0.97,89.3,0.99,135.81,,,0.01,0.01,0.093413,1776218071000
1776218074.24,274.24,0.01,87.26,,,0.02,161.69,0.03,89.3,0.98,161.69,0.97,89.3,0.99,87.26,,,0.01,0.01,0.093416,1776218073000
1776218075.917,275.917,0.01,87.26,,,0.02,161.69,0.03,89.3,0.98,161.69,0.97,89.3,0.99,87.26,,,0.01,0.01,0.093416,1776218074000
1776218076.659,276.659,0.01,87.26,,,0.02,161.69,0.03,89.3,0.98,161.69,0.97,89.3,0.99,87.26,,,0.01,0.01,0.093416,1776218075000
1776218076.899,276.899,0.01,62.01,,,0.02,29.0,0.04,46.66,0.98,161.69,0.97,89.3,0.99,87.26,,,0.01,0.01,0.093416,1776218075000
1776218077.3,277.3,0.01,62.01,,,0.02,29.0,0.04,46.66,0.98,29.0,0.96,46.66,0.99,62.01,,,0.01,0.01,0.093417,1776218076000
1776218077.953,277.953,0.01,60.99,,,0.02,29.0,0.04,46.66,0.98,29.0,0.96,46.66,0.99,62.01,,,0.01,0.01,0.093417,1776218076000
1776218079.017,279.017,0.01,60.99,,,0.02,29.0,0.04,46.66,0.98,29.0,0.96,46.66,0.99,60.99,,,0.01,0.01,0.093421,1776218077000
1776218080.429,280.429,0.01,60.99,,,0.02,29.0,0.04,46.66,0.98,29.0,0.96,46.66,0.99,60.99,,,0.01,0.01,0.093421,1776218079000
1776218080.969,280.969,0.01,60.99,,,0.02,29.0,0.04,46.66,0.98,29.0,0.96,46.66,0.99,60.99,,,0.01,0.01,0.093421,1776218080000
1776218082.068,282.068,0.01,60.99,,,0.02,29.0,0.04,46.66,0.98,29.0,0.96,46.66,0.99,60.99,,,0.01,0.01,0.093421,1776218081000
1776218083.103,283.103,0.01,60.99,,,0.02,29.0,0.04,46.66,0.98,29.0,0.96,46.66,0.99,60.99,,,0.01,0.01,0.093421,1776218082000
1776218083.459,283.459,0.01,42.85,,,0.02,29.0,0.04,41.66,0.98,29.0,0.96,46.66,0.99,60.99,,,0.01,0.01,0.093421,1776218082000
1776218083.957,283.957,0.01,36.82,,,0.02,29.0,0.04,41.66,0.98,29.0,0.96,41.66,0.99,42.85,,,0.01,0.01,0.093421,1776218082000
1776218084.191,284.191,0.01,36.82,,,0.02,29.0,0.04,41.66,0.98,29.0,0.96,41.66,0.99,36.82,,,0.01,0.01,0.093422,1776218083000
1776218085.006,285.006,0.01,26.17,,,0.02,29.0,0.04,41.66,0.98,29.0,0.96,41.66,0.99,36.82,,,0.01,0.01,0.093422,1776218083000
1776218085.281,285.281,0.01,26.17,,,0.02,29.0,0.04,41.66,0.98,29.0,0.96,41.66,0.99,26.17,,,0.01,0.01,0.093422,1776218084000
1776218085.492,285.492,,,,,0.02,29.0,0.04,41.66,0.98,29.0,0.96,41.66,0.99,25.15,,,,0.01,0.093422,1776218084000
1776218085.797,285.797,,,,,0.02,29.0,0.04,41.66,0.98,29.0,0.96,41.66,,,,,,,0.093422,1776218085000
1776218086.847,286.847,,,,,0.02,29.0,0.04,41.66,0.98,29.0,0.96,41.66,,,,,,,0.093413,1776218086000
1776218087.289,287.289,,,,,0.01,2.05,0.02,29.0,0.98,29.0,0.96,41.66,,,,,,,0.093413,1776218086000
1776218087.89,287.89,,,,,0.01,5.66,0.02,29.0,0.99,2.05,0.98,29.0,,,,,,,0.093413,1776218086000
1776218089.018,289.018,,,,,0.01,5.66,0.02,29.0,0.99,5.66,0.98,29.0,,,,,,,0.093416,1776218088000
1776218090.078,290.078,,,,,0.01,5.66,0.02,29.0,0.99,5.66,0.98,29.0,,,,,,,0.093414,1776218089000
1776218091.149,291.149,,,,,0.01,5.66,0.02,29.0,0.99,5.66,0.98,29.0,,,,,,,0.093415,1776218090000
1776218092.331,292.331,,,,,0.01,5.66,0.02,29.0,0.99,5.66,0.98,29.0,,,,,,,0.093421,1776218091000
1776218093.355,293.355,,,,,0.01,5.66,0.02,29.0,0.99,5.66,0.98,29.0,,,,,,,0.093423,1776218092000
1776218094.415,294.415,,,,,0.01,5.66,0.02,29.0,0.99,5.66,0.98,29.0,,,,,,,0.093418,1776218093000
1776218094.996,294.996,,,,,0.01,5.66,0.02,29.0,0.99,5.66,0.98,29.0,,,,,,,0.093418,1776218094000
1776218096.134,296.134,,,,,0.01,5.66,0.02,29.0,0.99,5.66,0.98,29.0,,,,,,,0.093419,1776218095000
1776218097.251,297.251,,,,,0.01,5.66,0.02,29.0,0.99,5.66,0.98,29.0,,,,,,,0.093426,1776218096000
1776218098.643,298.643,,,,,0.01,5.66,0.02,29.0,0.99,5.66,0.98,29.0,,,,,,,0.093427,1776218097000
1776218099.202,299.202,,,,,0.01,5.66,0.02,29.0,0.99,5.66,0.98,29.0,,,,,,,0.093437,1776218098000
1776218100.339,300.339,,,,,0.01,5.66,0.02,29.0,0.99,5.66,0.98,29.0,,,,,,,0.093441,1776218099000
1776218101.1,301.1,,,,,0.01,5.66,0.02,29.0,0.99,5.66,0.98,29.0,,,,,,,0.093442,1776218100000
1776218102.214,302.214,,,,,0.01,5.66,0.02,29.0,0.99,5.66,0.98,29.0,,,,,,,0.093442,1776218101000

# RESULT,winner=Down,slug=doge-updown-5m-1776217800,ticks=326
