timestamp,elapsed_sec,up_bid_p1,up_bid_s1,up_bid_p2,up_bid_s2,up_ask_p1,up_ask_s1,up_ask_p2,up_ask_s2,down_bid_p1,down_bid_s1,down_bid_p2,down_bid_s2,down_ask_p1,down_ask_s1,down_ask_p2,down_ask_s2,up_spread,down_spread,doge_price,doge_oracle_ts
1776232501.442,1.442,0.42,6.0,0.33,300.0,0.48,5.0,0.51,12.5,0.52,5.0,0.49,12.5,0.58,6.0,0.67,300.0,0.06,0.06,0.093412,1776232500000
1776232501.72,1.72,0.42,6.0,0.33,300.0,0.48,5.0,0.51,12.5,0.52,5.0,0.49,12.5,0.58,6.0,0.67,300.0,0.06,0.06,0.093412,1776232500000
1776232502.154,2.154,0.42,6.0,0.33,300.0,0.48,5.0,0.51,12.5,0.52,5.0,0.49,12.5,0.58,6.0,0.67,300.0,0.06,0.06,0.093409,1776232501000
1776232503.578,3.578,0.42,6.0,0.33,300.0,0.48,5.0,0.51,12.5,0.52,5.0,0.49,12.5,0.58,6.0,0.67,300.0,0.06,0.06,0.093409,1776232502000
1776232504.23,4.23,0.42,6.0,0.33,300.0,0.48,5.0,0.51,12.5,0.52,5.0,0.49,12.5,0.58,6.0,0.67,300.0,0.06,0.06,0.093409,1776232503000
1776232505.594,5.594,0.42,6.0,0.33,300.0,0.48,5.0,0.51,12.5,0.52,5.0,0.49,12.5,0.58,6.0,0.67,300.0,0.06,0.06,0.093414,1776232504000
1776232506.306,6.306,0.42,6.0,0.33,300.0,0.48,5.0,0.51,12.5,0.52,5.0,0.49,12.5,0.58,6.0,0.67,300.0,0.06,0.06,0.093417,1776232505000
1776232506.515,6.515,0.47,2.0,0.46,5.0,0.48,5.0,0.51,12.5,0.52,5.0,0.49,12.5,0.58,6.0,0.67,300.0,0.01,0.06,0.093417,1776232505000
1776232507.678,7.678,0.47,2.0,0.46,5.0,0.48,5.0,0.51,12.5,0.52,5.0,0.49,12.5,0.53,2.0,0.54,5.0,0.01,0.01,0.093414,1776232506000
1776232508.232,8.232,0.47,2.0,0.46,5.0,0.48,5.0,0.51,12.5,0.52,5.0,0.49,12.5,0.53,2.0,0.54,5.0,0.01,0.01,0.093413,1776232507000
1776232509.867,9.867,0.47,2.0,0.46,5.0,0.48,5.0,0.51,12.5,0.52,5.0,0.49,12.5,0.53,2.0,0.54,5.0,0.01,0.01,0.093412,1776232508000
1776232510.498,10.498,0.47,2.0,0.46,5.0,0.48,5.0,0.51,12.5,0.52,5.0,0.49,12.5,0.53,2.0,0.54,5.0,0.01,0.01,0.093412,1776232509000
1776232511.091,11.091,0.47,2.0,0.46,5.0,0.48,5.0,0.51,12.5,0.52,5.0,0.49,12.5,0.53,2.0,0.54,5.0,0.01,0.01,0.093412,1776232510000
1776232511.698,11.698,0.46,5.0,0.42,6.0,0.51,12.5,0.56,5.0,0.52,5.0,0.49,12.5,0.53,2.0,0.54,5.0,0.05,0.01,0.093412,1776232510000
1776232512.383,12.383,0.46,5.0,0.42,6.0,0.51,12.5,0.56,5.0,0.49,12.5,0.44,5.0,0.54,5.0,0.58,6.0,0.05,0.05,0.093413,1776232511000
1776232513.032,13.032,0.46,5.0,0.42,6.0,0.51,12.5,0.56,5.0,0.49,12.5,0.44,5.0,0.54,5.0,0.58,6.0,0.05,0.05,0.093414,1776232512000
1776232514.456,14.456,0.46,5.0,0.42,6.0,0.51,12.5,0.56,5.0,0.49,12.5,0.44,5.0,0.54,5.0,0.58,6.0,0.05,0.05,0.093415,1776232513000
1776232515.083,15.083,0.46,5.0,0.42,6.0,0.51,12.5,0.56,5.0,0.49,12.5,0.44,5.0,0.54,5.0,0.58,6.0,0.05,0.05,0.093415,1776232514000
1776232516.318,16.318,0.46,5.0,0.42,6.0,0.51,12.5,0.56,5.0,0.49,12.5,0.44,5.0,0.54,5.0,0.58,6.0,0.05,0.05,0.093408,1776232515000
1776232516.938,16.938,0.46,5.0,0.42,6.0,0.51,12.5,0.56,5.0,0.49,12.5,0.44,5.0,0.54,5.0,0.58,6.0,0.05,0.05,0.093408,1776232516000
1776232518.391,18.391,0.46,5.0,0.42,6.0,0.51,12.5,0.56,5.0,0.49,12.5,0.44,5.0,0.54,5.0,0.58,6.0,0.05,0.05,0.0934,1776232517000
1776232519.072,19.072,0.46,5.0,0.42,6.0,0.51,12.5,0.56,5.0,0.49,12.5,0.44,5.0,0.54,5.0,0.58,6.0,0.05,0.05,0.0934,1776232518000
1776232519.931,19.931,0.46,5.0,0.42,6.0,0.51,12.5,0.56,5.0,0.49,12.5,0.44,5.0,0.54,5.0,0.58,6.0,0.05,0.05,0.093402,1776232519000
1776232520.87,20.87,0.46,5.0,0.42,6.0,0.51,12.5,0.56,5.0,0.49,12.5,0.44,5.0,0.54,5.0,0.58,6.0,0.05,0.05,0.093397,1776232520000
1776232521.35,21.35,0.37,5.0,0.36,5.0,0.48,5.0,0.5,5.0,0.49,12.5,0.44,5.0,0.54,5.0,0.58,6.0,0.11,0.05,0.093397,1776232520000
1776232521.88,21.88,0.37,5.0,0.36,5.0,0.48,5.0,0.5,5.0,0.52,5.0,0.5,5.0,0.63,5.0,0.64,5.0,0.11,0.11,0.093396,1776232521000
1776232522.882,22.882,0.37,5.0,0.36,5.0,0.48,5.0,0.5,5.0,0.52,5.0,0.5,5.0,0.63,5.0,0.64,5.0,0.11,0.11,0.093394,1776232522000
1776232523.935,23.935,0.37,5.0,0.36,5.0,0.48,5.0,0.5,5.0,0.52,5.0,0.5,5.0,0.63,5.0,0.64,5.0,0.11,0.11,0.093395,1776232523000
1776232524.943,24.943,0.37,5.0,0.36,5.0,0.47,2.0,0.5,5.0,0.53,2.0,0.5,5.0,0.63,5.0,0.64,5.0,0.1,0.1,0.093395,1776232524000
1776232525.254,25.254,0.38,3.38,0.36,5.0,0.47,5.0,0.5,5.0,0.53,2.0,0.5,5.0,0.63,5.0,0.64,5.0,0.09,0.1,0.093395,1776232524000
1776232525.957,25.957,0.36,5.0,0.33,26.0,0.51,22.2,0.53,10.0,0.49,22.2,0.47,10.0,0.64,5.0,0.67,26.0,0.15,0.15,0.093395,1776232525000
1776232526.875,26.875,0.36,5.0,0.33,26.0,0.51,22.2,0.53,10.0,0.49,22.2,0.47,10.0,0.64,5.0,0.67,26.0,0.15,0.15,0.093395,1776232526000
1776232527.884,27.884,0.36,5.0,0.33,26.0,0.51,22.2,0.53,10.0,0.49,22.2,0.47,10.0,0.64,5.0,0.67,26.0,0.15,0.15,0.093395,1776232527000
1776232528.863,28.863,0.36,5.0,0.33,26.0,0.51,22.2,0.53,10.0,0.49,22.2,0.47,10.0,0.64,5.0,0.67,26.0,0.15,0.15,0.093395,1776232528000
1776232529.929,29.929,0.36,5.0,0.33,26.0,0.51,22.2,0.53,10.0,0.49,22.2,0.47,10.0,0.64,5.0,0.67,26.0,0.15,0.15,0.093401,1776232529000
1776232531.04,31.04,0.36,5.0,0.33,26.0,0.51,22.2,0.53,10.0,0.49,22.2,0.47,10.0,0.64,5.0,0.67,26.0,0.15,0.15,0.093401,1776232530000
1776232532.134,32.134,0.36,5.0,0.33,26.0,0.51,22.2,0.53,10.0,0.49,22.2,0.47,10.0,0.64,5.0,0.67,26.0,0.15,0.15,0.093392,1776232531000
1776232533.263,33.263,0.36,5.0,0.33,26.0,0.51,22.2,0.53,10.0,0.49,22.2,0.47,10.0,0.64,5.0,0.67,26.0,0.15,0.15,0.093392,1776232532000
1776232534.308,34.308,0.36,5.0,0.33,26.0,0.51,22.2,0.53,10.0,0.49,22.2,0.47,10.0,0.64,5.0,0.67,26.0,0.15,0.15,0.093402,1776232533000
1776232534.88,34.88,0.36,5.0,0.33,26.0,0.51,22.2,0.53,10.0,0.49,22.2,0.47,10.0,0.64,5.0,0.67,26.0,0.15,0.15,0.093402,1776232534000
1776232535.934,35.934,0.36,5.0,0.33,26.0,0.51,22.2,0.53,10.0,0.49,22.2,0.47,10.0,0.64,5.0,0.67,26.0,0.15,0.15,0.093405,1776232535000
1776232537.054,37.054,0.36,5.0,0.33,26.0,0.51,22.2,0.53,10.0,0.49,22.2,0.47,10.0,0.64,5.0,0.67,26.0,0.15,0.15,0.093405,1776232536000
1776232538.192,38.192,0.36,5.0,0.33,26.0,0.51,22.2,0.53,10.0,0.49,22.2,0.47,10.0,0.64,5.0,0.67,26.0,0.15,0.15,0.093397,1776232537000
1776232539.186,39.186,0.36,5.0,0.33,26.0,0.51,22.2,0.53,10.0,0.49,22.2,0.47,10.0,0.64,5.0,0.67,26.0,0.15,0.15,0.093396,1776232538000
1776232540.426,40.426,0.36,5.0,0.33,26.0,0.51,22.2,0.53,10.0,0.49,22.2,0.47,10.0,0.64,5.0,0.67,26.0,0.15,0.15,0.093395,1776232539000
1776232540.954,40.954,0.36,5.0,0.33,26.0,0.51,22.2,0.53,10.0,0.49,22.2,0.47,10.0,0.64,5.0,0.67,26.0,0.15,0.15,0.093395,1776232540000
1776232542.007,42.007,0.36,5.0,0.33,26.0,0.51,22.2,0.53,10.0,0.49,22.2,0.47,10.0,0.64,5.0,0.67,26.0,0.15,0.15,0.093395,1776232541000
1776232543.094,43.094,0.36,5.0,0.33,26.0,0.51,22.2,0.53,10.0,0.49,22.2,0.47,10.0,0.64,5.0,0.67,26.0,0.15,0.15,0.093395,1776232542000
1776232544.225,44.225,0.36,5.0,0.33,26.0,0.51,22.2,0.53,10.0,0.49,22.2,0.47,10.0,0.64,5.0,0.67,26.0,0.15,0.15,0.093388,1776232543000
1776232545.339,45.339,0.36,5.0,0.33,26.0,0.51,22.2,0.53,10.0,0.49,22.2,0.47,10.0,0.64,5.0,0.67,26.0,0.15,0.15,0.093389,1776232544000
1776232545.804,45.804,0.36,5.0,0.33,26.0,0.51,22.2,0.53,10.0,0.49,22.2,0.47,10.0,0.64,5.0,0.67,26.0,0.15,0.15,0.093398,1776232545000
1776232547.259,47.259,0.36,5.0,0.33,26.0,0.51,22.2,0.53,10.0,0.49,22.2,0.47,10.0,0.64,5.0,0.67,26.0,0.15,0.15,0.093399,1776232546000
1776232548.2,48.2,0.36,5.0,0.33,26.0,0.51,22.2,0.53,10.0,0.49,22.2,0.47,10.0,0.64,5.0,0.67,26.0,0.15,0.15,0.0934,1776232547000
1776232549.285,49.285,0.36,5.0,0.33,26.0,0.51,22.2,0.53,10.0,0.49,22.2,0.47,10.0,0.64,5.0,0.67,26.0,0.15,0.15,0.093404,1776232548000
1776232550.269,50.269,0.36,5.0,0.33,26.0,0.51,22.2,0.53,10.0,0.49,22.2,0.47,10.0,0.64,5.0,0.67,26.0,0.15,0.15,0.093403,1776232549000
1776232551.209,51.209,0.36,5.0,0.33,26.0,0.51,22.2,0.53,10.0,0.49,22.2,0.47,10.0,0.64,5.0,0.67,26.0,0.15,0.15,0.093402,1776232550000
1776232552.204,52.204,0.36,5.0,0.33,26.0,0.51,22.2,0.53,10.0,0.49,22.2,0.47,10.0,0.64,5.0,0.67,26.0,0.15,0.15,0.0934,1776232551000
1776232553.185,53.185,0.36,5.0,0.33,26.0,0.51,22.2,0.53,10.0,0.49,22.2,0.47,10.0,0.64,5.0,0.67,26.0,0.15,0.15,0.0934,1776232552000
1776232554.219,54.219,0.36,5.0,0.33,26.0,0.51,22.2,0.53,10.0,0.49,22.2,0.47,10.0,0.64,5.0,0.67,26.0,0.15,0.15,0.0934,1776232553000
1776232555.134,55.134,0.36,5.0,0.33,26.0,0.51,22.2,0.53,10.0,0.49,22.2,0.47,10.0,0.64,5.0,0.67,26.0,0.15,0.15,0.093397,1776232554000
1776232556.221,56.221,0.36,5.0,0.33,26.0,0.51,22.2,0.53,10.0,0.49,22.2,0.47,10.0,0.64,5.0,0.67,26.0,0.15,0.15,0.093397,1776232555000
1776232557.117,57.117,0.36,5.0,0.33,26.0,0.51,22.2,0.53,10.0,0.49,22.2,0.47,10.0,0.64,5.0,0.67,26.0,0.15,0.15,0.093397,1776232556000
1776232558.131,58.131,0.36,5.0,0.33,26.0,0.51,22.2,0.53,10.0,0.49,22.2,0.47,10.0,0.64,5.0,0.67,26.0,0.15,0.15,0.093397,1776232557000
1776232559.237,59.237,0.36,5.0,0.33,26.0,0.51,22.2,0.53,10.0,0.49,22.2,0.47,10.0,0.64,5.0,0.67,26.0,0.15,0.15,0.093397,1776232558000
1776232560.292,60.292,0.36,5.0,0.33,26.0,0.51,22.2,0.53,10.0,0.49,22.2,0.47,10.0,0.64,5.0,0.67,26.0,0.15,0.15,0.093399,1776232559000
1776232560.954,60.954,0.36,5.0,0.33,26.0,0.51,22.2,0.53,10.0,0.49,22.2,0.47,10.0,0.64,5.0,0.67,26.0,0.15,0.15,0.093399,1776232560000
1776232561.864,61.864,0.43,6.0,0.42,10.0,0.48,1.0,0.5,10.0,0.52,1.0,0.5,10.0,0.57,6.0,0.58,10.0,0.05,0.05,0.093399,1776232561000
1776232563.037,63.037,0.43,6.0,0.42,10.0,0.48,1.0,0.5,10.0,0.52,1.0,0.5,10.0,0.57,6.0,0.58,10.0,0.05,0.05,0.093406,1776232562000
1776232564.045,64.045,0.43,6.0,0.42,10.0,0.48,1.0,0.5,10.0,0.52,1.0,0.5,10.0,0.57,6.0,0.58,10.0,0.05,0.05,0.093406,1776232563000
1776232565.134,65.134,0.43,6.0,0.42,10.0,0.48,1.0,0.5,10.0,0.52,1.0,0.5,10.0,0.57,6.0,0.58,10.0,0.05,0.05,0.093407,1776232564000
1776232566.099,66.099,0.43,6.0,0.42,10.0,0.48,1.0,0.5,10.0,0.52,1.0,0.5,10.0,0.57,6.0,0.58,10.0,0.05,0.05,0.093406,1776232565000
1776232567.193,67.193,0.43,6.0,0.42,10.0,0.48,1.0,0.5,10.0,0.52,1.0,0.5,10.0,0.57,6.0,0.58,10.0,0.05,0.05,0.093406,1776232566000
1776232568.243,68.243,0.43,6.0,0.42,10.0,0.48,1.0,0.5,10.0,0.52,1.0,0.5,10.0,0.57,6.0,0.58,10.0,0.05,0.05,0.093406,1776232567000
1776232569.225,69.225,0.46,5.0,0.43,10.6,0.48,1.0,0.51,12.2,0.52,1.0,0.49,12.2,0.54,5.0,0.57,10.6,0.02,0.02,0.093405,1776232568000
1776232569.72,69.72,0.46,10.0,0.45,10.5,0.51,12.2,0.54,10.0,0.52,1.0,0.49,12.2,0.54,5.0,0.57,10.6,0.05,0.02,0.093405,1776232568000
1776232570.324,70.324,0.46,10.0,0.45,10.5,0.51,12.2,0.54,10.0,0.49,12.2,0.46,10.0,0.54,10.0,0.55,10.5,0.05,0.05,0.09341,1776232569000
1776232570.854,70.854,0.46,10.0,0.45,10.5,0.51,12.2,0.54,10.0,0.49,12.2,0.46,10.0,0.54,10.0,0.55,10.5,0.05,0.05,0.093411,1776232570000
1776232571.997,71.997,0.47,1.0,0.46,20.5,0.51,12.2,0.57,5.0,0.49,12.2,0.46,10.0,0.54,10.0,0.55,10.5,0.04,0.05,0.093411,1776232570000
1776232572.466,72.466,0.47,1.0,0.46,20.5,0.51,12.2,0.57,5.0,0.49,12.2,0.43,5.0,0.53,1.0,0.54,20.5,0.04,0.04,0.093411,1776232571000
1776232573.813,73.813,0.47,1.0,0.46,20.5,0.51,12.2,0.57,5.0,0.49,12.2,0.43,5.0,0.53,1.0,0.54,20.5,0.04,0.04,0.093411,1776232572000
1776232574.429,74.429,0.47,1.0,0.46,20.5,0.51,12.2,0.57,5.0,0.49,12.2,0.43,5.0,0.53,1.0,0.54,20.5,0.04,0.04,0.093406,1776232573000
1776232574.964,74.964,0.44,10.0,0.42,5.0,0.5,6.0,0.51,12.2,0.5,6.0,0.49,12.2,0.56,10.0,0.58,5.0,0.06,0.06,0.093405,1776232574000
1776232576.524,76.524,0.44,10.0,0.42,5.0,0.5,6.0,0.51,12.2,0.5,6.0,0.49,12.2,0.56,10.0,0.58,5.0,0.06,0.06,0.093404,1776232575000
1776232584.641,84.641,0.44,10.0,0.42,5.0,0.5,6.0,0.51,12.2,0.5,6.0,0.49,12.2,0.56,10.0,0.58,5.0,0.06,0.06,0.093404,1776232583000
1776232585.467,85.467,0.44,10.0,0.42,5.0,0.5,6.0,0.51,12.2,0.5,6.0,0.49,12.2,0.56,10.0,0.58,5.0,0.06,0.06,0.093407,1776232584000
1776232586.287,86.287,0.44,10.0,0.42,5.0,0.5,6.0,0.51,12.2,0.5,6.0,0.49,12.2,0.56,10.0,0.58,5.0,0.06,0.06,0.093407,1776232585000
1776232586.94,86.94,0.44,10.0,0.42,5.0,0.5,6.0,0.51,12.2,0.5,6.0,0.49,12.2,0.56,10.0,0.58,5.0,0.06,0.06,0.093407,1776232586000
1776232588.432,88.432,0.44,10.0,0.42,5.0,0.5,6.0,0.51,12.2,0.5,6.0,0.49,12.2,0.56,10.0,0.58,5.0,0.06,0.06,0.093404,1776232587000
1776232588.992,88.992,0.44,10.0,0.42,5.0,0.5,6.0,0.51,12.2,0.5,6.0,0.49,12.2,0.56,10.0,0.58,5.0,0.06,0.06,0.093405,1776232588000
1776232590.096,90.096,0.44,10.0,0.42,5.0,0.5,6.0,0.51,12.2,0.5,6.0,0.49,12.2,0.56,10.0,0.58,5.0,0.06,0.06,0.093405,1776232589000
1776232591.137,91.137,0.44,10.0,0.42,5.0,0.5,6.0,0.51,12.2,0.5,6.0,0.49,12.2,0.56,10.0,0.58,5.0,0.06,0.06,0.093402,1776232590000
1776232592.158,92.158,0.44,10.0,0.42,5.0,0.5,6.0,0.51,12.2,0.5,6.0,0.49,12.2,0.56,10.0,0.58,5.0,0.06,0.06,0.093402,1776232591000
1776232593.088,93.088,0.44,10.0,0.42,5.0,0.5,6.0,0.51,12.2,0.5,6.0,0.49,12.2,0.56,10.0,0.58,5.0,0.06,0.06,0.093404,1776232592000
1776232594.072,94.072,0.44,10.0,0.42,5.0,0.5,6.0,0.51,12.2,0.5,6.0,0.49,12.2,0.56,10.0,0.58,5.0,0.06,0.06,0.093408,1776232593000
1776232595.139,95.139,0.44,10.0,0.42,5.0,0.5,6.0,0.51,12.2,0.5,6.0,0.49,12.2,0.56,10.0,0.58,5.0,0.06,0.06,0.093406,1776232594000
1776232596.182,96.182,0.44,10.0,0.42,5.0,0.5,6.0,0.51,12.2,0.5,6.0,0.49,12.2,0.56,10.0,0.58,5.0,0.06,0.06,0.093407,1776232595000
1776232597.19,97.19,0.44,10.0,0.42,5.0,0.5,6.0,0.51,12.2,0.5,6.0,0.49,12.2,0.56,10.0,0.58,5.0,0.06,0.06,0.093406,1776232596000
1776232598.1,98.1,0.44,10.0,0.42,5.0,0.5,6.0,0.51,12.2,0.5,6.0,0.49,12.2,0.56,10.0,0.58,5.0,0.06,0.06,0.093406,1776232597000
1776232599.109,99.109,0.44,10.0,0.42,5.0,0.5,6.0,0.51,12.2,0.5,6.0,0.49,12.2,0.56,10.0,0.58,5.0,0.06,0.06,0.093407,1776232598000
1776232600.14,100.14,0.44,10.0,0.42,5.0,0.5,6.0,0.51,12.2,0.5,6.0,0.49,12.2,0.56,10.0,0.58,5.0,0.06,0.06,0.093407,1776232599000
1776232601.086,101.086,0.44,10.0,0.42,5.0,0.5,6.0,0.51,12.2,0.5,6.0,0.49,12.2,0.56,10.0,0.58,5.0,0.06,0.06,0.093408,1776232600000
1776232602.013,102.013,0.47,6.0,0.46,10.0,0.5,1.0,0.51,12.2,0.5,6.0,0.49,12.2,0.56,10.0,0.58,5.0,0.03,0.06,0.093408,1776232600000
1776232603.09,103.09,0.47,6.0,0.46,10.0,0.5,1.0,0.51,12.2,0.5,1.0,0.49,12.2,0.53,6.0,0.54,10.0,0.03,0.03,0.093408,1776232602000
1776232604.159,104.159,0.47,6.0,0.46,10.0,0.5,1.0,0.51,12.2,0.5,1.0,0.49,12.2,0.53,6.0,0.54,10.0,0.03,0.03,0.093421,1776232603000
1776232605.124,105.124,0.47,6.0,0.46,10.0,0.5,1.0,0.51,12.2,0.5,1.0,0.49,12.2,0.53,6.0,0.54,10.0,0.03,0.03,0.093422,1776232604000
1776232606.138,106.138,0.47,6.0,0.46,10.0,0.5,1.0,0.51,12.2,0.5,1.0,0.49,12.2,0.53,6.0,0.54,10.0,0.03,0.03,0.093423,1776232605000
1776232606.763,106.763,0.48,16.4,0.47,10.4,0.51,12.2,0.58,15.0,0.5,1.0,0.49,12.2,0.53,6.0,0.54,10.0,0.03,0.03,0.093423,1776232605000
1776232607.174,107.174,0.48,16.4,0.47,10.4,0.51,12.2,0.58,15.0,0.49,12.2,0.42,15.0,0.52,16.4,0.53,10.4,0.03,0.03,0.093423,1776232606000
1776232608.145,108.145,0.48,16.4,0.47,10.4,0.51,12.2,0.58,15.0,0.49,12.2,0.42,15.0,0.52,16.4,0.53,10.4,0.03,0.03,0.09342,1776232607000
1776232608.881,108.881,0.49,6.0,0.48,10.4,0.51,7.2,0.58,15.0,0.49,12.2,0.42,15.0,0.52,16.4,0.53,10.4,0.02,0.03,0.09342,1776232607000
1776232609.469,109.469,0.51,42.8,0.5,31.0,0.58,10.0,0.61,10.0,0.49,7.2,0.42,15.0,0.51,6.0,0.52,10.4,0.07,0.02,0.09342,1776232608000
1776232609.886,109.886,0.57,10.0,0.56,6.0,0.58,4.91,0.61,10.0,0.42,10.0,0.39,10.0,0.49,42.8,0.5,31.0,0.01,0.07,0.09342,1776232608000
1776232610.126,110.126,0.57,10.0,0.56,6.0,0.58,4.91,0.61,10.0,0.42,4.91,0.39,10.0,0.43,10.0,0.44,6.0,0.01,0.01,0.09342,1776232609000
1776232611.148,111.148,0.57,10.0,0.56,6.0,0.58,4.91,0.61,10.0,0.42,4.91,0.39,10.0,0.43,10.0,0.44,6.0,0.01,0.01,0.093433,1776232610000
1776232612.211,112.211,0.61,35.09,0.57,33.0,0.64,10.0,0.67,11.0,0.36,10.0,0.33,11.0,0.39,35.09,0.43,33.0,0.03,0.03,0.093442,1776232611000
1776232613.216,113.216,0.61,35.09,0.57,33.0,0.64,10.0,0.67,11.0,0.36,10.0,0.33,11.0,0.39,35.09,0.43,33.0,0.03,0.03,0.093448,1776232612000
1776232613.468,113.468,0.63,6.0,0.62,5.0,0.71,18.15,0.72,5.0,0.36,10.0,0.33,11.0,0.39,35.09,0.43,33.0,0.08,0.03,0.093448,1776232612000
1776232614.173,114.173,0.63,6.0,0.62,5.0,0.71,18.15,0.72,5.0,0.29,18.15,0.28,5.0,0.37,6.0,0.38,5.0,0.08,0.08,0.093448,1776232613000
1776232615.278,115.278,0.63,6.0,0.62,5.0,0.71,18.15,0.72,5.0,0.29,18.15,0.28,5.0,0.37,6.0,0.38,5.0,0.08,0.08,0.093447,1776232614000
1776232615.692,115.692,0.6,10.0,0.57,15.0,0.64,4.92,0.68,6.0,0.29,18.15,0.28,5.0,0.37,6.0,0.38,5.0,0.04,0.08,0.093447,1776232614000
1776232615.916,115.916,0.6,10.0,0.57,15.0,0.67,5.0,0.68,20.0,0.34,3.43,0.32,6.0,0.4,10.0,0.43,15.0,0.07,0.06,0.093447,1776232614000
1776232616.239,116.239,0.6,10.0,0.57,15.0,0.67,5.0,0.68,20.0,0.33,5.0,0.32,20.0,0.4,10.0,0.43,15.0,0.07,0.07,0.093446,1776232615000
1776232617.238,117.238,0.6,10.0,0.57,15.0,0.67,5.0,0.68,20.0,0.33,5.0,0.32,20.0,0.4,10.0,0.43,15.0,0.07,0.07,0.093444,1776232616000
1776232618.18,118.18,0.6,10.0,0.57,15.0,0.67,5.0,0.68,20.0,0.33,5.0,0.32,20.0,0.4,10.0,0.43,15.0,0.07,0.07,0.093424,1776232617000
1776232619.182,119.182,0.6,10.0,0.57,15.0,0.67,5.0,0.68,20.0,0.33,5.0,0.32,20.0,0.4,10.0,0.43,15.0,0.07,0.07,0.093423,1776232618000
1776232620.142,120.142,0.6,10.0,0.57,15.0,0.67,5.0,0.68,20.0,0.33,5.0,0.32,20.0,0.4,10.0,0.43,15.0,0.07,0.07,0.093425,1776232619000
1776232621.144,121.144,0.6,10.0,0.57,15.0,0.67,5.0,0.68,20.0,0.33,5.0,0.32,20.0,0.4,10.0,0.43,15.0,0.07,0.07,0.093425,1776232620000
1776232622.144,122.144,0.6,10.0,0.57,15.0,0.67,5.0,0.68,20.0,0.33,5.0,0.32,20.0,0.4,10.0,0.43,15.0,0.07,0.07,0.093425,1776232621000
1776232623.108,123.108,0.6,10.0,0.57,15.0,0.67,5.0,0.68,20.0,0.33,5.0,0.32,20.0,0.4,10.0,0.43,15.0,0.07,0.07,0.093426,1776232622000
1776232624.071,124.071,0.6,10.0,0.57,15.0,0.67,5.0,0.68,20.0,0.33,5.0,0.32,20.0,0.4,10.0,0.43,15.0,0.07,0.07,0.09343,1776232623000
1776232625.172,125.172,0.6,10.0,0.57,15.0,0.67,5.0,0.68,20.0,0.33,5.0,0.32,20.0,0.4,10.0,0.43,15.0,0.07,0.07,0.09343,1776232624000
1776232626.041,126.041,0.6,10.0,0.57,15.0,0.67,5.0,0.68,20.0,0.33,5.0,0.32,20.0,0.4,10.0,0.43,15.0,0.07,0.07,0.093431,1776232625000
1776232627.101,127.101,0.6,10.0,0.57,15.0,0.67,5.0,0.68,20.0,0.33,5.0,0.32,20.0,0.4,10.0,0.43,15.0,0.07,0.07,0.093438,1776232626000
1776232628.446,128.446,0.6,16.8,0.59,15.7,0.7,4.57,0.72,17.0,0.33,5.0,0.32,20.0,0.4,10.0,0.43,15.0,0.1,0.07,0.093438,1776232626000
1776232628.709,128.709,0.6,16.8,0.59,15.7,0.7,4.57,0.72,17.0,0.3,4.57,0.28,17.0,0.4,16.8,0.41,15.7,0.1,0.1,0.09344,1776232627000
1776232629.786,129.786,0.6,16.8,0.59,15.7,0.7,4.57,0.72,17.0,0.3,4.57,0.28,17.0,0.4,16.8,0.41,15.7,0.1,0.1,0.093438,1776232628000
1776232630.345,130.345,0.6,16.8,0.59,15.7,0.7,4.57,0.72,17.0,0.3,4.57,0.28,17.0,0.4,16.8,0.41,15.7,0.1,0.1,0.093438,1776232629000
1776232630.822,130.822,0.69,0.32,0.65,5.0,0.7,4.57,0.72,12.0,0.3,4.57,0.28,17.0,0.4,16.8,0.41,15.7,0.01,0.1,0.093438,1776232629000
1776232632.153,132.153,0.69,0.32,0.65,5.0,0.7,4.57,0.72,12.0,0.3,4.57,0.28,12.0,0.31,0.32,0.35,5.0,0.01,0.01,0.09345,1776232631000
1776232633.572,133.572,0.69,0.32,0.65,5.0,0.7,4.57,0.72,12.0,0.3,4.57,0.28,12.0,0.31,0.32,0.35,5.0,0.01,0.01,0.093459,1776232632000
1776232634.215,134.215,0.74,5.0,0.7,5.0,0.78,1.56,0.81,15.0,0.22,1.56,0.19,15.0,0.26,5.0,0.3,5.0,0.04,0.04,0.093459,1776232633000
1776232635.651,135.651,0.74,5.0,0.7,5.0,0.78,1.56,0.81,15.0,0.22,1.56,0.19,15.0,0.26,5.0,0.3,5.0,0.04,0.04,0.09346,1776232634000
1776232636.245,136.245,0.74,5.0,0.7,5.0,0.78,1.56,0.81,15.0,0.22,1.56,0.19,15.0,0.26,5.0,0.3,5.0,0.04,0.04,0.093462,1776232635000
1776232637.594,137.594,0.74,5.0,0.7,5.0,0.78,1.56,0.81,15.0,0.22,1.56,0.19,15.0,0.26,5.0,0.3,5.0,0.04,0.04,0.093464,1776232636000
1776232638.277,138.277,0.74,5.0,0.7,5.0,0.78,1.56,0.81,15.0,0.22,1.56,0.19,15.0,0.26,5.0,0.3,5.0,0.04,0.04,0.093464,1776232637000
1776232639.411,139.411,0.74,5.0,0.7,5.0,0.78,1.56,0.81,15.0,0.22,1.56,0.19,15.0,0.26,5.0,0.3,5.0,0.04,0.04,0.093455,1776232638000
1776232640.059,140.059,0.74,5.0,0.7,5.0,0.78,1.56,0.81,15.0,0.22,1.56,0.19,15.0,0.26,5.0,0.3,5.0,0.04,0.04,0.093468,1776232639000
1776232641.281,141.281,0.74,5.0,0.7,5.0,0.78,1.56,0.81,15.0,0.22,1.56,0.19,15.0,0.26,5.0,0.3,5.0,0.04,0.04,0.093472,1776232640000
1776232642.761,142.761,0.74,5.0,0.7,5.0,0.78,1.56,0.81,15.0,0.22,1.56,0.19,15.0,0.26,5.0,0.3,5.0,0.04,0.04,0.093476,1776232641000
1776232643.272,143.272,0.74,5.0,0.7,5.0,0.78,1.56,0.81,15.0,0.22,1.56,0.19,15.0,0.26,5.0,0.3,5.0,0.04,0.04,0.093476,1776232642000
1776232644.607,144.607,0.74,5.0,0.7,5.0,0.78,1.56,0.81,15.0,0.22,1.56,0.19,15.0,0.26,5.0,0.3,5.0,0.04,0.04,0.093474,1776232643000
1776232645.226,145.226,0.74,5.0,0.7,5.0,0.78,1.56,0.81,15.0,0.22,1.56,0.19,15.0,0.26,5.0,0.3,5.0,0.04,0.04,0.093474,1776232644000
1776232646.202,146.202,0.74,5.0,0.7,5.0,0.78,1.56,0.81,15.0,0.22,1.56,0.19,15.0,0.26,5.0,0.3,5.0,0.04,0.04,0.093471,1776232645000
1776232647.685,147.685,0.74,5.0,0.7,5.0,0.78,1.56,0.81,15.0,0.22,1.56,0.19,15.0,0.26,5.0,0.3,5.0,0.04,0.04,0.09347,1776232646000
1776232648.309,148.309,0.74,5.0,0.7,5.0,0.78,1.56,0.81,15.0,0.22,1.56,0.19,15.0,0.26,5.0,0.3,5.0,0.04,0.04,0.093473,1776232647000
1776232649.387,149.387,0.74,5.0,0.7,5.0,0.78,1.56,0.81,15.0,0.22,1.56,0.19,15.0,0.26,5.0,0.3,5.0,0.04,0.04,0.093473,1776232648000
1776232650.031,150.031,0.74,5.0,0.7,5.0,0.78,1.56,0.81,15.0,0.22,1.56,0.19,15.0,0.26,5.0,0.3,5.0,0.04,0.04,0.093472,1776232649000
1776232651.429,151.429,0.74,5.0,0.7,5.0,0.78,1.56,0.81,15.0,0.22,1.56,0.19,15.0,0.26,5.0,0.3,5.0,0.04,0.04,0.093473,1776232650000
1776232652.021,152.021,0.74,5.0,0.7,5.0,0.78,1.56,0.81,15.0,0.22,1.56,0.19,15.0,0.26,5.0,0.3,5.0,0.04,0.04,0.093475,1776232651000
1776232652.782,152.782,0.79,11.79,0.78,15.2,0.86,5.0,0.87,5.0,0.22,1.56,0.19,15.0,0.26,5.0,0.3,5.0,0.07,0.04,0.093475,1776232651000
1776232653.116,153.116,0.79,11.79,0.78,15.2,0.86,5.0,0.87,5.0,0.14,5.0,0.13,5.0,0.21,11.79,0.22,15.2,0.07,0.07,0.093474,1776232652000
1776232654.338,154.338,0.79,11.79,0.78,15.2,0.86,5.0,0.87,5.0,0.14,5.0,0.13,5.0,0.21,11.79,0.22,15.2,0.07,0.07,0.093477,1776232653000
1776232655.562,155.562,0.79,11.79,0.78,15.2,0.86,5.0,0.87,5.0,0.14,5.0,0.13,5.0,0.21,11.79,0.22,15.2,0.07,0.07,0.093475,1776232654000
1776232656.114,156.114,0.79,11.79,0.78,15.2,0.86,5.0,0.87,5.0,0.14,5.0,0.13,5.0,0.21,11.79,0.22,15.2,0.07,0.07,0.093475,1776232655000
1776232657.239,157.239,0.79,11.79,0.78,15.2,0.86,5.0,0.87,5.0,0.14,5.0,0.13,5.0,0.21,11.79,0.22,15.2,0.07,0.07,0.093475,1776232656000
1776232658.391,158.391,0.79,11.79,0.78,15.2,0.86,5.0,0.87,5.0,0.14,5.0,0.13,5.0,0.21,11.79,0.22,15.2,0.07,0.07,0.093478,1776232657000
1776232658.952,158.952,0.79,11.79,0.78,15.2,0.86,5.0,0.87,5.0,0.14,5.0,0.13,5.0,0.21,11.79,0.22,15.2,0.07,0.07,0.093478,1776232658000
1776232660.276,160.276,0.79,11.79,0.78,15.2,0.86,5.0,0.87,5.0,0.14,5.0,0.13,5.0,0.21,11.79,0.22,15.2,0.07,0.07,0.093482,1776232659000
1776232662.004,162.004,0.79,11.79,0.78,15.2,0.86,5.0,0.87,5.0,0.14,5.0,0.13,5.0,0.21,11.79,0.22,15.2,0.07,0.07,0.093485,1776232660000
1776232662.473,162.473,0.79,11.79,0.78,15.2,0.86,5.0,0.87,5.0,0.14,5.0,0.13,5.0,0.21,11.79,0.22,15.2,0.07,0.07,0.093485,1776232661000
1776232663.043,163.043,0.79,11.79,0.78,15.2,0.86,5.0,0.87,5.0,0.14,5.0,0.13,5.0,0.21,11.79,0.22,15.2,0.07,0.07,0.093485,1776232662000
1776232664.422,164.422,0.79,11.79,0.78,15.2,0.86,5.0,0.87,5.0,0.14,5.0,0.13,5.0,0.21,11.79,0.22,15.2,0.07,0.07,0.093482,1776232663000
1776232664.994,164.994,0.79,11.79,0.78,15.2,0.86,5.0,0.87,5.0,0.14,5.0,0.13,5.0,0.21,11.79,0.22,15.2,0.07,0.07,0.093482,1776232664000
1776232666.323,166.323,0.79,11.79,0.78,15.2,0.86,5.0,0.87,5.0,0.14,5.0,0.13,5.0,0.21,11.79,0.22,15.2,0.07,0.07,0.093482,1776232665000
1776232667.677,167.677,0.79,11.79,0.78,15.2,0.86,5.0,0.87,5.0,0.14,5.0,0.13,5.0,0.21,11.79,0.22,15.2,0.07,0.07,0.093479,1776232666000
1776232668.327,168.327,0.79,11.79,0.78,15.2,0.86,5.0,0.87,5.0,0.14,5.0,0.13,5.0,0.21,11.79,0.22,15.2,0.07,0.07,0.093479,1776232667000
1776232669.023,169.023,0.79,11.79,0.78,15.2,0.86,5.0,0.87,5.0,0.14,5.0,0.13,5.0,0.21,11.79,0.22,15.2,0.07,0.07,0.093481,1776232668000
1776232670.425,170.425,0.79,11.79,0.78,15.2,0.86,5.0,0.87,5.0,0.14,5.0,0.13,5.0,0.21,11.79,0.22,15.2,0.07,0.07,0.093484,1776232669000
1776232671.074,171.074,0.79,11.79,0.78,15.2,0.86,5.0,0.87,5.0,0.14,5.0,0.13,5.0,0.21,11.79,0.22,15.2,0.07,0.07,0.093485,1776232670000
1776232672.396,172.396,0.79,11.79,0.78,15.2,0.86,5.0,0.87,5.0,0.14,5.0,0.13,5.0,0.21,11.79,0.22,15.2,0.07,0.07,0.093481,1776232671000
1776232673.001,173.001,0.79,11.79,0.78,15.2,0.86,5.0,0.87,5.0,0.14,5.0,0.13,5.0,0.21,11.79,0.22,15.2,0.07,0.07,0.093481,1776232672000
1776232674.295,174.295,0.79,11.79,0.78,15.2,0.86,5.0,0.87,5.0,0.14,5.0,0.13,5.0,0.21,11.79,0.22,15.2,0.07,0.07,0.093481,1776232673000
1776232675.52,175.52,0.79,11.79,0.78,15.2,0.86,5.0,0.87,5.0,0.14,5.0,0.13,5.0,0.21,11.79,0.22,15.2,0.07,0.07,0.093483,1776232674000
1776232676.132,176.132,0.79,11.79,0.78,15.2,0.86,5.0,0.87,5.0,0.14,5.0,0.13,5.0,0.21,11.79,0.22,15.2,0.07,0.07,0.093482,1776232675000
1776232677.482,177.482,0.79,11.79,0.78,15.2,0.86,5.0,0.87,5.0,0.14,5.0,0.13,5.0,0.21,11.79,0.22,15.2,0.07,0.07,0.09348,1776232676000
1776232678.729,178.729,0.79,11.79,0.78,15.2,0.86,5.0,0.87,5.0,0.14,5.0,0.13,5.0,0.21,11.79,0.22,15.2,0.07,0.07,0.093482,1776232677000
1776232679.232,179.232,0.79,11.79,0.78,15.2,0.86,5.0,0.87,5.0,0.14,5.0,0.13,5.0,0.21,11.79,0.22,15.2,0.07,0.07,0.093482,1776232678000
1776232680.301,180.301,0.79,11.79,0.78,15.2,0.86,5.0,0.87,5.0,0.14,5.0,0.13,5.0,0.21,11.79,0.22,15.2,0.07,0.07,0.093485,1776232679000
1776232681.405,181.405,0.79,11.79,0.78,15.2,0.86,5.0,0.87,5.0,0.14,5.0,0.13,5.0,0.21,11.79,0.22,15.2,0.07,0.07,0.093485,1776232680000
1776232681.894,181.894,0.79,11.79,0.78,15.2,0.86,5.0,0.87,5.0,0.14,5.0,0.13,5.0,0.21,11.79,0.22,15.2,0.07,0.07,0.093485,1776232681000
1776232682.898,182.898,0.79,11.79,0.78,15.2,0.86,5.0,0.87,5.0,0.14,5.0,0.13,5.0,0.21,11.79,0.22,15.2,0.07,0.07,0.09349,1776232682000
1776232683.369,183.369,0.91,31.7,0.9,28.9,0.93,200.0,0.94,38.0,0.14,5.0,0.13,5.0,0.21,11.79,0.22,15.2,0.02,0.07,0.09349,1776232682000
1776232683.965,183.965,0.91,31.7,0.9,28.9,0.93,200.0,0.94,38.0,0.07,200.0,0.06,38.0,0.09,31.7,0.1,28.9,0.02,0.02,0.093494,1776232683000
1776232685.002,185.002,0.91,31.7,0.9,28.9,0.93,200.0,0.94,38.0,0.07,200.0,0.06,38.0,0.09,31.7,0.1,28.9,0.02,0.02,0.093495,1776232684000
1776232685.441,185.441,0.92,40.29,0.91,31.7,0.93,91.53,0.96,5.0,0.07,200.0,0.06,38.0,0.09,31.7,0.1,28.9,0.01,0.02,0.093495,1776232684000
1776232686.056,186.056,0.92,40.29,0.91,31.7,0.93,75.09,0.96,5.0,0.07,75.09,0.04,5.0,0.08,40.29,0.09,31.7,0.01,0.01,0.093494,1776232685000
1776232686.513,186.513,0.94,46.1,0.93,39.9,0.98,132.69,0.99,5477.6,0.07,75.09,0.04,5.0,0.08,40.29,0.09,31.7,0.04,0.01,0.093494,1776232685000
1776232687.125,187.125,0.94,46.1,0.93,39.9,0.98,132.69,0.99,5477.6,0.02,132.69,0.01,5477.6,0.06,46.1,0.07,39.9,0.04,0.04,0.093505,1776232686000
1776232688.105,188.105,0.95,59.7,0.94,46.1,0.98,112.28,0.99,5477.6,0.02,132.69,0.01,5477.6,0.06,46.1,0.07,39.9,0.03,0.04,0.093505,1776232686000
1776232689.22,189.22,0.95,59.7,0.94,46.1,0.98,112.28,0.99,5477.6,0.02,112.28,0.01,5477.6,0.05,59.7,0.06,46.1,0.03,0.03,0.093515,1776232688000
1776232690.188,190.188,0.95,59.7,0.94,46.1,0.98,112.28,0.99,5477.6,0.02,112.28,0.01,5477.6,0.05,59.7,0.06,46.1,0.03,0.03,0.093515,1776232689000
1776232691.155,191.155,0.95,59.7,0.94,46.1,0.98,112.28,0.99,5477.6,0.02,112.28,0.01,5477.6,0.05,59.7,0.06,46.1,0.03,0.03,0.093516,1776232690000
1776232692.329,192.329,0.95,59.7,0.94,46.1,0.98,112.28,0.99,5477.6,0.02,112.28,0.01,5477.6,0.05,59.7,0.06,46.1,0.03,0.03,0.093519,1776232691000
1776232693.986,193.986,0.95,59.7,0.94,46.1,0.98,112.28,0.99,5477.6,0.02,112.28,0.01,5477.6,0.05,59.7,0.06,46.1,0.03,0.03,0.093514,1776232692000
1776232694.813,194.813,0.95,59.7,0.94,46.1,0.98,112.28,0.99,5477.6,0.02,112.28,0.01,5477.6,0.05,59.7,0.06,46.1,0.03,0.03,0.093512,1776232693000
1776232695.313,195.313,0.94,0.8,0.93,39.9,0.98,112.28,0.99,5477.6,0.02,112.28,0.01,5477.6,0.05,59.7,0.06,46.1,0.04,0.03,0.093512,1776232693000
1776232695.552,195.552,0.94,0.8,0.93,39.9,0.98,112.28,0.99,5477.6,0.02,112.28,0.01,5477.6,0.06,0.8,0.07,39.9,0.04,0.04,0.093512,1776232694000
1776232696.384,196.384,0.92,35.29,0.91,36.7,0.93,59.3,0.98,112.28,0.02,112.28,0.01,5477.6,0.06,0.8,0.07,39.9,0.01,0.04,0.093512,1776232694000
1776232697.239,197.239,0.92,35.29,0.91,36.7,0.93,59.3,0.98,112.28,0.07,59.3,0.02,112.28,0.08,35.29,0.09,36.7,0.01,0.01,0.093513,1776232696000
1776232698.729,198.729,0.92,35.29,0.91,36.7,0.93,59.3,0.98,112.28,0.07,59.3,0.02,112.28,0.08,35.29,0.09,36.7,0.01,0.01,0.093512,1776232697000
1776232699.59,199.59,0.92,35.29,0.91,36.7,0.93,59.3,0.98,112.28,0.07,59.3,0.02,112.28,0.08,35.29,0.09,36.7,0.01,0.01,0.093513,1776232698000
1776232700.411,200.411,0.92,35.29,0.91,36.7,0.93,59.3,0.98,112.28,0.07,59.3,0.02,112.28,0.08,35.29,0.09,36.7,0.01,0.01,0.093516,1776232699000
1776232701.12,201.12,0.92,35.29,0.91,36.7,0.93,59.3,0.98,112.28,0.07,59.3,0.02,112.28,0.08,35.29,0.09,36.7,0.01,0.01,0.093524,1776232700000
1776232702.614,202.614,0.92,35.29,0.91,36.7,0.93,59.3,0.98,112.28,0.07,59.3,0.02,112.28,0.08,35.29,0.09,36.7,0.01,0.01,0.093526,1776232701000
1776232703.419,203.419,0.92,35.29,0.91,36.7,0.93,59.3,0.98,112.28,0.07,59.3,0.02,112.28,0.08,35.29,0.09,36.7,0.01,0.01,0.093523,1776232702000
1776232704.079,204.079,0.92,30.29,0.91,36.7,0.98,132.69,0.99,477.6,0.02,132.69,0.01,477.6,0.08,30.29,0.09,36.7,0.06,0.06,0.093523,1776232703000
1776232705.463,205.463,0.92,30.29,0.91,36.7,0.98,132.69,0.99,477.6,0.02,132.69,0.01,477.6,0.08,30.29,0.09,36.7,0.06,0.06,0.093518,1776232704000
1776232706.226,206.226,0.92,30.29,0.91,36.7,0.98,132.69,0.99,477.6,0.02,132.69,0.01,477.6,0.08,30.29,0.09,36.7,0.06,0.06,0.093514,1776232705000
1776232706.426,206.426,0.92,35.29,0.91,31.7,0.93,60.1,0.99,477.6,0.02,132.69,0.01,477.6,0.08,30.29,0.09,36.7,0.01,0.06,0.093514,1776232705000
1776232707.859,207.859,0.92,35.29,0.91,31.7,0.93,60.1,0.99,477.6,0.07,60.1,0.01,477.6,0.08,35.29,0.09,31.7,0.01,0.01,0.093515,1776232706000
1776232708.605,208.605,0.92,35.29,0.91,31.7,0.93,60.1,0.99,477.6,0.07,60.1,0.01,477.6,0.08,35.29,0.09,31.7,0.01,0.01,0.093515,1776232707000
1776232708.986,208.986,0.92,60.29,0.91,31.7,0.93,58.54,0.99,477.6,0.07,60.1,0.01,477.6,0.08,35.29,0.09,31.7,0.01,0.01,0.093515,1776232707000
1776232709.452,209.452,0.92,60.29,0.91,31.7,0.93,58.54,0.99,477.6,0.07,58.54,0.01,477.6,0.08,60.29,0.09,31.7,0.01,0.01,0.093514,1776232708000
1776232710.274,210.274,0.92,60.29,0.91,31.7,0.99,477.6,,,0.01,477.6,,,0.08,60.29,0.09,31.7,0.07,0.07,0.093515,1776232709000
1776232712.002,212.002,0.92,60.29,0.91,31.7,0.99,477.6,,,0.01,477.6,,,0.08,60.29,0.09,31.7,0.07,0.07,0.093519,1776232710000
1776232713.717,213.717,0.92,60.29,0.91,31.7,0.99,477.6,,,0.01,477.6,,,0.08,60.29,0.09,31.7,0.07,0.07,0.093521,1776232712000
1776232714.42,214.42,0.92,60.29,0.91,31.7,0.99,477.6,,,0.01,477.6,,,0.08,60.29,0.09,31.7,0.07,0.07,0.093521,1776232713000
1776232715.147,215.147,0.92,60.29,0.91,31.7,0.99,477.6,,,0.01,477.6,,,0.08,60.29,0.09,31.7,0.07,0.07,0.093521,1776232714000
1776232715.98,215.98,0.92,60.29,0.91,31.7,0.99,477.6,,,0.01,477.6,,,0.08,60.29,0.09,31.7,0.07,0.07,0.093525,1776232715000
1776232717.56,217.56,0.92,60.29,0.91,31.7,0.99,477.6,,,0.01,477.6,,,0.08,60.29,0.09,31.7,0.07,0.07,0.093533,1776232716000
1776232718.201,218.201,0.92,60.29,0.91,31.7,0.99,477.6,,,0.01,477.6,,,0.08,60.29,0.09,31.7,0.07,0.07,0.093534,1776232717000
1776232719.493,219.493,0.96,67.7,0.95,54.7,0.99,164.0,,,0.01,477.6,,,0.08,60.29,0.09,31.7,0.03,0.07,0.093534,1776232717000
1776232720.414,220.414,0.96,67.7,0.95,54.7,0.99,164.0,,,0.01,164.0,,,0.04,67.7,0.05,54.7,0.03,0.03,0.093527,1776232719000
1776232720.698,220.698,0.96,72.7,0.95,54.7,0.99,159.0,,,0.01,164.0,,,0.04,67.7,0.05,54.7,0.03,0.03,0.093527,1776232719000
1776232721.149,221.149,0.96,72.7,0.95,54.7,0.99,159.0,,,0.01,159.0,,,0.04,72.7,0.05,54.7,0.03,0.03,0.093533,1776232720000
1776232722.647,222.647,0.96,72.7,0.95,54.7,0.99,159.0,,,0.01,159.0,,,0.04,72.7,0.05,54.7,0.03,0.03,0.09353,1776232721000
1776232723.362,223.362,0.96,72.7,0.95,54.7,0.99,159.0,,,0.01,159.0,,,0.04,72.7,0.05,54.7,0.03,0.03,0.093521,1776232722000
1776232724.652,224.652,0.96,72.7,0.95,54.7,0.99,159.0,,,0.01,159.0,,,0.04,72.7,0.05,54.7,0.03,0.03,0.09352,1776232723000
1776232725.416,225.416,0.96,72.7,0.95,54.7,0.99,159.0,,,0.01,159.0,,,0.04,72.7,0.05,54.7,0.03,0.03,0.093519,1776232724000
1776232725.95,225.95,0.96,72.7,0.95,54.7,0.99,159.0,,,0.01,159.0,,,0.04,72.7,0.05,54.7,0.03,0.03,0.093519,1776232725000
1776232727.44,227.44,0.96,72.7,0.95,54.7,0.99,159.0,,,0.01,159.0,,,0.04,72.7,0.05,54.7,0.03,0.03,0.093525,1776232726000
1776232727.957,227.957,0.96,72.7,0.95,54.7,0.99,159.0,,,0.01,159.0,,,0.04,72.7,0.05,54.7,0.03,0.03,0.093525,1776232727000
1776232729.349,229.349,0.96,72.7,0.95,54.7,0.99,159.0,,,0.01,159.0,,,0.04,72.7,0.05,54.7,0.03,0.03,0.093523,1776232728000
1776232729.92,229.92,0.96,72.7,0.95,54.7,0.99,159.0,,,0.01,159.0,,,0.04,72.7,0.05,54.7,0.03,0.03,0.093523,1776232729000
1776232730.2,230.2,0.96,47.7,0.95,54.7,0.99,39.0,,,0.01,159.0,,,0.04,72.7,0.05,54.7,0.03,0.03,0.093523,1776232729000
1776232732.049,232.049,0.96,47.7,0.95,54.7,0.99,39.0,,,0.01,39.0,,,0.04,47.7,0.05,54.7,0.03,0.03,0.093521,1776232730000
1776232732.551,232.551,0.96,47.7,0.95,54.7,0.99,39.0,,,0.01,39.0,,,0.04,47.7,0.05,54.7,0.03,0.03,0.093522,1776232731000
1776232733.345,233.345,0.96,47.7,0.95,54.7,0.99,39.0,,,0.01,39.0,,,0.04,47.7,0.05,54.7,0.03,0.03,0.093521,1776232732000
1776232733.916,233.916,0.96,47.7,0.95,54.7,0.99,39.0,,,0.01,39.0,,,0.04,47.7,0.05,54.7,0.03,0.03,0.093521,1776232733000
1776232734.997,234.997,0.96,47.7,0.95,54.7,0.99,39.0,,,0.01,39.0,,,0.04,47.7,0.05,54.7,0.03,0.03,0.093524,1776232734000
1776232736.118,236.118,0.96,47.7,0.95,54.7,0.99,39.0,,,0.01,39.0,,,0.04,47.7,0.05,54.7,0.03,0.03,0.093524,1776232735000
1776232737.326,237.326,0.96,47.7,0.95,54.7,0.99,39.0,,,0.01,39.0,,,0.04,47.7,0.05,54.7,0.03,0.03,0.093523,1776232736000
1776232738.37,238.37,0.96,47.7,0.95,54.7,0.99,39.0,,,0.01,39.0,,,0.04,47.7,0.05,54.7,0.03,0.03,0.093522,1776232737000
1776232738.922,238.922,0.96,47.7,0.95,54.7,0.99,39.0,,,0.01,39.0,,,0.04,47.7,0.05,54.7,0.03,0.03,0.093523,1776232738000
1776232740.039,240.039,0.96,47.7,0.95,54.7,0.99,39.0,,,0.01,39.0,,,0.04,47.7,0.05,54.7,0.03,0.03,0.093526,1776232739000
1776232741.29,241.29,0.96,47.7,0.95,54.7,0.99,39.0,,,0.01,39.0,,,0.04,47.7,0.05,54.7,0.03,0.03,0.093526,1776232740000
1776232741.823,241.823,0.97,94.3,0.96,42.7,0.99,28.89,,,0.01,39.0,,,0.04,47.7,0.05,54.7,0.02,0.03,0.093526,1776232740000
1776232742.428,242.428,0.97,94.3,0.96,42.7,0.99,28.89,,,0.01,28.89,,,0.03,94.3,0.04,42.7,0.02,0.02,0.093526,1776232741000
1776232742.961,242.961,0.97,94.3,0.96,42.7,0.99,28.89,,,0.01,28.89,,,0.03,94.3,0.04,42.7,0.02,0.02,0.093524,1776232742000
1776232744.165,244.165,0.97,94.3,0.96,42.7,0.99,28.89,,,0.01,28.89,,,0.03,94.3,0.04,42.7,0.02,0.02,0.093524,1776232743000
1776232745.28,245.28,0.97,94.3,0.96,42.7,0.99,28.89,,,0.01,28.89,,,0.03,94.3,0.04,42.7,0.02,0.02,0.093525,1776232744000
1776232746.423,246.423,0.97,94.3,0.96,42.7,0.99,28.89,,,0.01,28.89,,,0.03,94.3,0.04,42.7,0.02,0.02,0.093531,1776232745000
1776232747.705,247.705,0.97,94.3,0.96,42.7,0.99,28.89,,,0.01,28.89,,,0.03,94.3,0.04,42.7,0.02,0.02,0.09353,1776232746000
1776232748.322,248.322,0.97,94.3,0.96,42.7,0.99,28.89,,,0.01,28.89,,,0.03,94.3,0.04,42.7,0.02,0.02,0.093529,1776232747000
1776232749.409,249.409,0.97,94.3,0.96,42.7,0.99,28.89,,,0.01,28.89,,,0.03,94.3,0.04,42.7,0.02,0.02,0.093529,1776232748000
1776232749.92,249.92,0.97,94.3,0.96,42.7,0.99,28.89,,,0.01,28.89,,,0.03,94.3,0.04,42.7,0.02,0.02,0.093529,1776232749000
1776232751.081,251.081,0.97,94.3,0.96,42.7,0.99,28.89,,,0.01,28.89,,,0.03,94.3,0.04,42.7,0.02,0.02,0.093531,1776232750000
1776232752.195,252.195,0.97,94.3,0.96,42.7,0.99,28.89,,,0.01,28.89,,,0.03,94.3,0.04,42.7,0.02,0.02,0.093529,1776232751000
1776232753.261,253.261,0.97,94.3,0.96,42.7,0.99,28.89,,,0.01,28.89,,,0.03,94.3,0.04,42.7,0.02,0.02,0.093523,1776232752000
1776232754.362,254.362,0.98,5.0,0.97,94.3,0.99,23.89,,,0.01,23.89,,,0.02,5.0,0.03,94.3,0.01,0.01,0.093517,1776232753000
1776232754.905,254.905,0.98,5.0,0.97,94.3,0.99,23.89,,,0.01,23.89,,,0.02,5.0,0.03,94.3,0.01,0.01,0.093516,1776232754000
1776232756.087,256.087,0.98,5.0,0.97,94.3,0.99,23.89,,,0.01,23.89,,,0.02,5.0,0.03,94.3,0.01,0.01,0.093517,1776232755000
1776232757.186,257.186,0.98,5.0,0.97,94.3,0.99,23.89,,,0.01,23.89,,,0.02,5.0,0.03,94.3,0.01,0.01,0.093516,1776232756000
1776232758.338,258.338,0.98,5.0,0.97,94.3,0.99,23.89,,,0.01,23.89,,,0.02,5.0,0.03,94.3,0.01,0.01,0.093516,1776232757000
1776232759.431,259.431,0.98,5.0,0.97,94.3,0.99,23.89,,,0.01,23.89,,,0.02,5.0,0.03,94.3,0.01,0.01,0.093516,1776232758000
1776232759.923,259.923,0.98,5.0,0.97,94.3,0.99,23.89,,,0.01,23.89,,,0.02,5.0,0.03,94.3,0.01,0.01,0.093516,1776232759000
1776232761.025,261.025,0.98,5.0,0.97,94.3,0.99,23.89,,,0.01,23.89,,,0.02,5.0,0.03,94.3,0.01,0.01,0.093516,1776232760000
1776232761.99,261.99,0.98,5.0,0.97,94.3,0.99,23.89,,,0.01,23.89,,,0.02,5.0,0.03,94.3,0.01,0.01,0.093516,1776232761000
1776232763.15,263.15,0.98,5.0,0.97,94.3,0.99,23.89,,,0.01,23.89,,,0.02,5.0,0.03,94.3,0.01,0.01,0.093516,1776232762000
1776232764.175,264.175,0.98,5.0,0.97,94.3,0.99,23.89,,,0.01,23.89,,,0.02,5.0,0.03,94.3,0.01,0.01,0.093517,1776232763000
1776232765.299,265.299,0.98,5.0,0.97,94.3,0.99,23.89,,,0.01,23.89,,,0.02,5.0,0.03,94.3,0.01,0.01,0.093516,1776232764000
1776232766.373,266.373,0.98,5.0,0.97,94.3,0.99,23.89,,,0.01,23.89,,,0.02,5.0,0.03,94.3,0.01,0.01,0.093516,1776232765000
1776232766.915,266.915,0.98,132.69,0.97,89.3,0.99,5.89,,,0.01,5.89,,,0.02,132.69,0.03,89.3,0.01,0.01,0.093516,1776232766000
1776232767.958,267.958,0.98,132.69,0.97,89.3,0.99,5.89,,,0.01,5.89,,,0.02,132.69,0.03,89.3,0.01,0.01,0.093518,1776232767000
1776232768.932,268.932,0.98,132.69,0.97,89.3,0.99,5.89,,,0.01,5.89,,,0.02,132.69,0.03,89.3,0.01,0.01,0.093518,1776232768000
1776232770.021,270.021,0.99,994.11,0.98,137.69,,,,,,,,,0.01,994.11,0.02,137.69,,,0.093518,1776232769000
1776232770.99,270.99,0.99,994.11,0.98,137.69,,,,,,,,,0.01,994.11,0.02,137.69,,,0.093521,1776232770000
1776232772.047,272.047,0.99,994.11,0.98,137.69,,,,,,,,,0.01,994.11,0.02,137.69,,,0.093518,1776232771000
1776232773.06,273.06,0.99,994.11,0.98,137.69,,,,,,,,,0.01,994.11,0.02,137.69,,,0.093516,1776232772000
1776232774.108,274.108,0.99,994.11,0.98,137.69,,,,,,,,,0.01,994.11,0.02,137.69,,,0.093518,1776232773000
1776232775.6,275.6,0.99,994.11,0.98,137.69,,,,,,,,,0.01,994.11,0.02,137.69,,,0.093529,1776232774000
1776232776.295,276.295,0.99,994.11,0.98,137.69,,,,,,,,,0.01,994.11,0.02,137.69,,,0.093528,1776232775000
1776232777.364,277.364,0.99,994.11,0.98,137.69,,,,,,,,,0.01,994.11,0.02,137.69,,,0.093529,1776232776000
1776232778.499,278.499,0.99,994.11,0.98,137.69,,,,,,,,,0.01,994.11,0.02,137.69,,,0.093528,1776232777000
1776232779.012,279.012,0.99,994.11,0.98,137.69,,,,,,,,,0.01,994.11,0.02,137.69,,,0.093528,1776232778000
1776232779.993,279.993,0.99,994.11,0.98,137.69,,,,,,,,,0.01,994.11,0.02,137.69,,,0.093528,1776232779000
1776232781.044,281.044,0.99,994.11,0.98,137.69,,,,,,,,,0.01,994.11,0.02,137.69,,,0.093524,1776232780000
1776232782.09,282.09,0.99,994.11,0.98,137.69,,,,,,,,,0.01,994.11,0.02,137.69,,,0.093525,1776232781000
1776232783.112,283.112,0.99,994.11,0.98,137.69,,,,,,,,,0.01,994.11,0.02,137.69,,,0.093525,1776232782000
1776232784.237,284.237,0.99,994.11,0.98,137.69,,,,,,,,,0.01,994.11,0.02,137.69,,,0.093525,1776232783000
1776232784.968,284.968,0.99,994.11,0.98,137.69,,,,,,,,,0.01,994.11,0.02,137.69,,,0.093527,1776232784000
1776232786.022,286.022,0.99,994.11,0.98,137.69,,,,,,,,,0.01,994.11,0.02,137.69,,,0.093526,1776232785000
1776232787.128,287.128,0.99,994.11,0.98,137.69,,,,,,,,,0.01,994.11,0.02,137.69,,,0.093522,1776232786000
1776232788.144,288.144,0.99,994.11,0.98,137.69,,,,,,,,,0.01,994.11,0.02,137.69,,,0.093522,1776232787000
1776232789.716,289.716,0.99,994.11,0.98,137.69,,,,,,,,,0.01,994.11,0.02,137.69,,,0.093522,1776232788000
1776232790.296,290.296,0.99,994.11,0.98,137.69,,,,,,,,,0.01,994.11,0.02,137.69,,,0.093521,1776232789000
1776232791.348,291.348,0.99,994.11,0.98,137.69,,,,,,,,,0.01,994.11,0.02,137.69,,,0.093522,1776232790000
1776232791.975,291.975,0.99,994.11,0.98,137.69,,,,,,,,,0.01,994.11,0.02,137.69,,,0.093522,1776232791000
1776232792.968,292.968,0.99,994.11,0.98,137.69,,,,,,,,,0.01,994.11,0.02,137.69,,,0.093518,1776232792000
1776232793.885,293.885,0.99,2635.98,0.81,50.0,,,,,,,,,0.01,994.11,0.02,137.69,,,0.093518,1776232792000
1776232794.091,294.091,0.99,2635.98,0.81,50.0,,,,,,,,,0.01,2635.98,0.19,50.0,,,0.093526,1776232793000
1776232795.081,295.081,0.99,2635.98,0.81,50.0,,,,,,,,,0.01,2635.98,0.19,50.0,,,0.093527,1776232794000
1776232796.286,296.286,0.99,2635.98,0.81,50.0,,,,,,,,,0.01,2635.98,0.19,50.0,,,0.093531,1776232795000
1776232797.272,297.272,0.99,2635.98,0.81,50.0,,,,,,,,,0.01,2635.98,0.19,50.0,,,0.093528,1776232796000
1776232798.342,298.342,0.99,2635.98,0.81,50.0,,,,,,,,,0.01,2635.98,0.19,50.0,,,0.093527,1776232797000
1776232798.926,298.926,0.99,2635.98,0.81,50.0,,,,,,,,,0.01,2635.98,0.19,50.0,,,0.093527,1776232798000
1776232799.95,299.95,0.99,2635.98,0.81,50.0,,,,,,,,,0.01,2635.98,0.19,50.0,,,0.093521,1776232799000
1776232801.029,301.029,0.99,2635.98,0.81,50.0,,,,,,,,,0.01,2635.98,0.19,50.0,,,0.093521,1776232800000

# RESULT,winner=Up,slug=doge-updown-5m-1776232500,ticks=318
