timestamp,elapsed_sec,up_bid_p1,up_bid_s1,up_bid_p2,up_bid_s2,up_ask_p1,up_ask_s1,up_ask_p2,up_ask_s2,down_bid_p1,down_bid_s1,down_bid_p2,down_bid_s2,down_ask_p1,down_ask_s1,down_ask_p2,down_ask_s2,up_spread,down_spread,doge_price,doge_oracle_ts
1776330901.009,1.009,0.47,19.14,0.41,37.0,0.53,10.63,0.59,37.0,0.47,10.63,0.41,37.0,0.53,19.14,0.59,37.0,0.06,0.06,0.096252,1776330900000
1776330902.146,2.146,0.47,19.14,0.41,37.0,0.53,10.63,0.59,37.0,0.47,10.63,0.41,37.0,0.53,19.14,0.59,37.0,0.06,0.06,0.096255,1776330901000
1776330903.104,3.104,0.47,19.14,0.33,300.0,0.53,3.63,0.67,300.0,0.47,3.63,0.33,300.0,0.53,19.14,0.67,300.0,0.06,0.06,0.09626,1776330902000
1776330904.264,4.264,0.47,19.14,0.33,300.0,0.53,3.63,0.67,300.0,0.47,3.63,0.33,300.0,0.53,19.14,0.67,300.0,0.06,0.06,0.096272,1776330903000
1776330904.523,4.523,0.5,5.0,0.48,11.0,0.54,2.22,0.56,5.0,0.47,3.63,0.33,300.0,0.53,19.14,0.67,300.0,0.04,0.06,0.096272,1776330903000
1776330905.325,5.325,0.5,5.0,0.48,11.0,0.54,2.22,0.56,5.0,0.46,2.22,0.44,5.0,0.5,5.0,0.52,11.0,0.04,0.04,0.096268,1776330904000
1776330906.406,6.406,0.53,2.17,0.52,5.0,0.54,5.0,0.55,5.0,0.46,5.0,0.45,5.0,0.47,2.17,0.48,5.0,0.01,0.01,0.096268,1776330905000
1776330906.943,6.943,0.53,2.17,0.52,5.0,0.54,5.0,0.55,5.0,0.46,5.0,0.45,5.0,0.47,2.17,0.48,5.0,0.01,0.01,0.096268,1776330906000
1776330907.894,7.894,0.53,2.17,0.52,5.0,0.54,5.0,0.55,5.0,0.46,5.0,0.45,5.0,0.47,2.17,0.48,5.0,0.01,0.01,0.096272,1776330907000
1776330908.99,8.99,0.53,2.17,0.52,5.0,0.54,5.0,0.55,5.0,0.46,5.0,0.45,5.0,0.47,2.17,0.48,5.0,0.01,0.01,0.096281,1776330908000
1776330910.359,10.359,0.53,2.17,0.52,5.0,0.54,5.0,0.55,5.0,0.46,5.0,0.45,5.0,0.47,2.17,0.48,5.0,0.01,0.01,0.096279,1776330909000
1776330929.665,29.665,0.62,16.0,0.59,15.0,0.64,3.0,0.65,5.0,0.46,5.0,0.45,5.0,0.47,2.17,0.48,5.0,0.02,0.01,0.096301,1776330928000
1776330934.576,34.576,0.67,5.0,0.66,15.0,0.69,5.0,0.7,5.0,0.36,3.0,0.35,5.0,0.38,16.0,0.41,15.0,0.02,0.02,0.096324,1776330933000
1776330947.388,47.388,0.78,5.0,0.77,10.0,0.79,10.7,0.8,16.2,0.31,5.0,0.3,5.0,0.33,5.0,0.34,15.0,0.01,0.02,0.096333,1776330946000
1776330948.402,48.402,0.8,10.0,0.79,10.0,0.81,15.89,0.82,17.6,0.21,10.7,0.2,16.2,0.22,5.0,0.23,10.0,0.01,0.01,0.09634,1776330947000
1776330949.246,49.246,0.8,58.0,0.79,5.0,0.81,11.89,0.82,17.6,0.19,15.89,0.18,17.6,0.2,10.0,0.21,10.0,0.01,0.01,0.09636,1776330948000
1776330949.458,49.458,0.8,58.0,0.79,15.0,0.81,1.89,0.82,17.6,0.19,6.89,0.18,17.6,0.2,58.0,0.21,15.0,0.01,0.01,0.09636,1776330948000
1776330950.239,50.239,0.8,58.0,0.79,20.0,0.82,17.6,0.83,18.39,0.19,1.89,0.18,17.6,0.2,58.0,0.21,15.0,0.02,0.01,0.096363,1776330949000
1776330956.05,56.05,0.85,46.33,0.84,5.0,0.86,21.6,0.87,28.0,0.18,17.6,0.17,18.39,0.2,58.0,0.21,20.0,0.01,0.02,0.096393,1776330954000
1776330957.012,57.012,0.85,39.66,0.84,5.0,0.86,21.6,0.87,28.0,0.14,21.6,0.13,28.0,0.15,46.33,0.16,5.0,0.01,0.01,0.096393,1776330955000
1776330961.226,61.226,0.86,5.0,0.85,44.66,0.87,21.73,0.88,24.6,0.14,21.6,0.13,28.0,0.15,39.66,0.16,5.0,0.01,0.01,0.096392,1776330959000
1776330961.688,61.688,0.87,1.61,0.86,5.0,0.89,26.6,0.9,38.9,0.13,21.73,0.12,24.6,0.14,5.0,0.15,44.66,0.02,0.01,0.096392,1776330960000
1776330965.379,65.379,0.89,5.0,0.88,46.0,0.9,36.67,0.91,42.7,0.11,26.6,0.1,38.9,0.13,1.61,0.14,5.0,0.01,0.02,0.09642,1776330964000
1776330967.377,67.377,0.89,5.0,0.88,46.0,0.9,32.63,0.91,42.7,0.1,36.67,0.09,42.7,0.11,5.0,0.12,46.0,0.01,0.01,0.096434,1776330966000
1776330967.708,67.708,0.89,11.0,0.88,61.0,0.91,9.73,0.92,47.29,0.1,3.73,0.09,42.7,0.11,5.0,0.12,46.0,0.02,0.01,0.096434,1776330966000
1776330969.031,69.031,0.9,41.0,0.89,5.0,0.92,1.73,0.93,14.0,0.09,9.73,0.08,47.29,0.11,11.0,0.12,61.0,0.02,0.02,0.096434,1776330967000
1776330969.665,69.665,0.92,18.27,0.91,87.0,0.93,14.0,0.94,16.0,0.08,1.73,0.07,14.0,0.1,41.0,0.11,5.0,0.01,0.02,0.096434,1776330967000
1776330970.754,70.754,0.92,5.0,0.91,87.0,0.93,12.92,0.94,16.0,0.07,14.0,0.06,16.0,0.08,18.27,0.09,87.0,0.01,0.01,0.096466,1776330969000
1776330971.377,71.377,0.92,5.0,0.91,87.0,0.93,11.84,0.94,16.0,0.07,12.92,0.06,16.0,0.08,5.0,0.09,87.0,0.01,0.01,0.096555,1776330970000
1776330973.079,73.079,0.92,5.0,0.91,87.0,0.95,16.1,0.96,50.0,0.07,10.76,0.06,16.0,0.08,5.0,0.09,87.0,0.03,0.01,0.096567,1776330971000
1776330973.763,73.763,0.94,75.0,0.93,5.0,0.95,14.0,0.96,50.0,0.05,16.1,0.04,50.0,0.08,5.0,0.09,87.0,0.01,0.03,0.096567,1776330972000
1776330974.043,74.043,0.95,5.0,0.94,5.0,0.96,27.37,0.97,38.0,0.04,28.42,0.03,38.0,0.06,75.0,0.07,5.0,0.01,0.02,0.096567,1776330972000
1776330974.55,74.55,0.95,5.0,0.94,5.0,0.96,14.88,0.97,38.0,0.04,15.93,0.03,38.0,0.05,5.0,0.06,5.0,0.01,0.01,0.096571,1776330973000
1776330974.777,74.777,0.95,5.0,0.94,5.0,0.96,9.67,0.97,38.0,0.04,11.75,0.03,38.0,0.05,5.0,0.06,5.0,0.01,0.01,0.096571,1776330973000
1776330975.232,75.232,0.95,5.0,0.94,5.0,0.96,6.54,0.97,38.0,0.04,7.59,0.03,38.0,0.05,5.0,0.06,5.0,0.01,0.01,0.096581,1776330974000
1776330975.653,75.653,0.95,5.0,0.94,5.0,0.96,4.46,0.97,38.0,0.04,6.54,0.03,38.0,0.05,5.0,0.06,5.0,0.01,0.01,0.096581,1776330974000
1776330976.315,76.315,0.95,5.0,0.94,5.0,0.96,1.33,0.97,38.0,0.04,4.46,0.03,38.0,0.05,5.0,0.06,5.0,0.01,0.01,0.096585,1776330975000
1776330981.914,81.914,0.95,1.0,0.94,5.0,0.96,1.33,0.97,38.0,0.04,1.33,0.03,38.0,0.05,5.0,0.06,5.0,0.01,0.01,0.096548,1776330981000
1776331004.694,104.694,0.93,39.97,0.92,40.29,0.95,5.0,0.96,6.33,0.04,1.33,0.03,38.0,0.05,1.0,0.06,5.0,0.02,0.01,0.096532,1776331003000
1776331016.121,116.121,0.93,47.9,0.92,40.29,0.94,2.88,0.95,5.0,0.05,5.0,0.04,6.33,0.07,39.97,0.08,40.29,0.01,0.02,0.096555,1776331014000
1776331017.312,117.312,0.93,47.9,0.92,40.29,0.94,1.81,0.95,5.0,0.06,2.88,0.05,5.0,0.07,47.9,0.08,40.29,0.01,0.01,0.096559,1776331015000
1776331017.657,117.657,0.93,52.9,0.92,40.29,0.95,2.59,0.96,6.33,0.05,4.69,0.04,6.33,0.07,47.9,0.08,40.29,0.02,0.02,0.096559,1776331016000
1776331021.265,121.265,0.94,56.1,0.93,44.9,0.96,6.33,0.97,43.0,0.05,2.59,0.04,6.33,0.07,52.9,0.08,40.29,0.02,0.02,0.096546,1776331019000
1776331024.878,124.878,0.95,54.7,0.94,64.1,0.96,1.12,0.97,43.0,0.04,6.33,0.03,43.0,0.06,56.1,0.07,44.9,0.01,0.02,0.096552,1776331023000
1776331029.21,129.21,0.95,54.7,0.94,64.1,0.96,0.07,0.97,43.0,0.04,1.12,0.03,43.0,0.05,54.7,0.06,64.1,0.01,0.01,0.096539,1776331027000
1776331031.501,131.501,0.94,43.05,0.93,39.9,0.95,5.0,0.96,0.07,0.04,0.07,0.03,43.0,0.05,54.7,0.06,64.1,0.01,0.01,0.096545,1776331030000
1776331051.013,151.013,0.95,45.0,0.94,43.05,0.96,0.07,0.97,43.0,0.05,5.0,0.04,0.07,0.06,43.05,0.07,39.9,0.01,0.01,0.096509,1776331049000
1776331074.496,174.496,0.96,72.7,0.95,104.7,0.98,65.0,0.99,315.0,0.04,0.07,0.03,43.0,0.05,45.0,0.06,43.05,0.02,0.01,0.096508,1776331073000
1776331079.857,179.857,0.97,94.3,0.96,72.7,0.98,63.68,0.99,315.0,0.02,65.0,0.01,315.0,0.04,72.7,0.05,104.7,0.01,0.02,0.09651,1776331078000
1776331080.711,180.711,0.97,94.3,0.96,91.45,0.99,278.68,,,0.02,63.68,0.01,315.0,0.03,94.3,0.04,72.7,0.02,0.01,0.096506,1776331079000
1776331081.467,181.467,0.98,137.69,0.97,94.3,0.99,182.97,,,0.01,278.68,,,0.03,94.3,0.04,91.45,0.01,0.02,0.096506,1776331079000
1776331083.674,183.674,0.98,137.69,0.97,94.3,0.99,162.77,,,0.01,182.97,,,0.02,137.69,0.03,94.3,0.01,0.01,0.096506,1776331082000
1776331084.572,184.572,0.98,137.69,0.97,94.3,0.99,152.77,,,0.01,162.77,,,0.02,137.69,0.03,94.3,0.01,0.01,0.096527,1776331083000
1776331090.709,190.709,0.98,137.69,0.97,94.3,0.99,151.75,,,0.01,152.77,,,0.02,137.69,0.03,94.3,0.01,0.01,0.096531,1776331089000
1776331098.095,198.095,0.98,137.69,0.97,94.3,0.99,100.75,,,0.01,151.75,,,0.02,137.69,0.03,94.3,0.01,0.01,0.096516,1776331096000
1776331108.059,208.059,0.98,137.69,0.97,94.3,0.99,67.9,,,0.01,80.55,,,0.02,137.69,0.03,94.3,0.01,0.01,0.096473,1776331106000
1776331111.405,211.405,0.98,137.69,0.97,94.3,0.99,54.9,,,0.01,67.9,,,0.02,137.69,0.03,94.3,0.01,0.01,0.096472,1776331109000
1776331123.098,223.098,0.99,945.1,0.98,137.69,,,,,0.01,54.9,,,0.02,137.69,0.03,94.3,,0.01,0.096513,1776331121000
1776331123.459,223.459,0.99,948.24,0.98,137.69,,,,,,,,,0.01,945.1,0.02,137.69,,,0.096511,1776331122000

# RESULT,winner=Up,slug=doge-updown-5m-1776330900,ticks=59
