timestamp,elapsed_sec,up_bid_p1,up_bid_s1,up_bid_p2,up_bid_s2,up_ask_p1,up_ask_s1,up_ask_p2,up_ask_s2,down_bid_p1,down_bid_s1,down_bid_p2,down_bid_s2,down_ask_p1,down_ask_s1,down_ask_p2,down_ask_s2,up_spread,down_spread,doge_price,doge_oracle_ts
1776200711.37,11.37,0.33,10.0,0.25,10.0,0.43,5.0,0.44,5.0,0.57,5.0,0.56,5.0,0.67,10.0,0.75,10.0,0.1,0.1,0.093059,1776200709000
1776200711.714,11.714,0.33,10.0,0.25,10.0,0.43,5.0,0.44,5.0,0.57,5.0,0.56,5.0,0.67,10.0,0.75,10.0,0.1,0.1,0.093059,1776200709000
1776200712.487,12.487,0.33,10.0,0.25,10.0,0.43,5.0,0.44,5.0,0.57,5.0,0.56,5.0,0.67,10.0,0.75,10.0,0.1,0.1,0.093047,1776200711000
1776200713.666,13.666,0.33,10.0,0.25,10.0,0.43,5.0,0.44,5.0,0.57,5.0,0.56,5.0,0.67,10.0,0.75,10.0,0.1,0.1,0.093047,1776200712000
1776200714.211,14.211,0.33,10.0,0.25,10.0,0.43,5.0,0.44,5.0,0.57,5.0,0.56,5.0,0.67,10.0,0.75,10.0,0.1,0.1,0.09305,1776200713000
1776200715.577,15.577,0.33,10.0,0.25,10.0,0.43,5.0,0.44,5.0,0.57,5.0,0.56,5.0,0.67,10.0,0.75,10.0,0.1,0.1,0.093051,1776200714000
1776200716.232,16.232,0.33,10.0,0.25,10.0,0.43,5.0,0.44,5.0,0.57,5.0,0.56,5.0,0.67,10.0,0.75,10.0,0.1,0.1,0.093049,1776200715000
1776200717.466,17.466,0.33,10.0,0.25,10.0,0.43,5.0,0.44,5.0,0.57,5.0,0.56,5.0,0.67,10.0,0.75,10.0,0.1,0.1,0.093043,1776200716000
1776200718.135,18.135,0.33,10.0,0.25,10.0,0.43,5.0,0.44,5.0,0.57,5.0,0.56,5.0,0.67,10.0,0.75,10.0,0.1,0.1,0.093044,1776200717000
1776200718.94,18.94,0.36,5.0,0.35,5.0,0.43,13.0,0.46,5.0,0.57,5.0,0.56,5.0,0.67,10.0,0.75,10.0,0.07,0.1,0.093044,1776200717000
1776200719.288,19.288,0.36,5.0,0.35,5.0,0.43,13.0,0.46,5.0,0.57,13.0,0.54,5.0,0.64,5.0,0.65,5.0,0.07,0.07,0.093065,1776200718000
1776200720.333,20.333,0.36,5.0,0.35,5.0,0.43,13.0,0.46,5.0,0.57,13.0,0.54,5.0,0.64,5.0,0.65,5.0,0.07,0.07,0.093064,1776200719000
1776200720.968,20.968,0.36,5.0,0.35,5.0,0.43,13.0,0.46,5.0,0.57,13.0,0.54,5.0,0.64,5.0,0.65,5.0,0.07,0.07,0.093064,1776200720000
1776200722.396,22.396,0.36,5.0,0.35,5.0,0.43,13.0,0.46,5.0,0.57,13.0,0.54,5.0,0.64,5.0,0.65,5.0,0.07,0.07,0.093035,1776200721000
1776200722.91,22.91,0.36,5.0,0.35,5.0,0.43,13.0,0.46,5.0,0.57,13.0,0.54,5.0,0.64,5.0,0.65,5.0,0.07,0.07,0.093028,1776200722000
1776200724.199,24.199,0.36,5.0,0.35,5.0,0.43,13.0,0.46,5.0,0.57,13.0,0.54,5.0,0.64,5.0,0.65,5.0,0.07,0.07,0.093032,1776200723000
1776200725.523,25.523,0.36,5.0,0.35,5.0,0.43,13.0,0.46,5.0,0.57,13.0,0.54,5.0,0.64,5.0,0.65,5.0,0.07,0.07,0.09303,1776200724000
1776200726.211,26.211,0.36,5.0,0.35,5.0,0.43,13.0,0.46,5.0,0.57,13.0,0.54,5.0,0.64,5.0,0.65,5.0,0.07,0.07,0.093031,1776200725000
1776200726.937,26.937,0.25,5.0,0.23,5.0,0.35,5.0,0.37,5.0,0.65,5.0,0.63,5.0,0.75,5.0,0.77,5.0,0.1,0.1,0.093028,1776200726000
1776200728.563,28.563,0.25,5.0,0.23,5.0,0.35,5.0,0.37,5.0,0.65,5.0,0.63,5.0,0.75,5.0,0.77,5.0,0.1,0.1,0.093025,1776200727000
1776200729.534,29.534,0.25,5.0,0.23,5.0,0.35,5.0,0.37,5.0,0.65,5.0,0.63,5.0,0.75,5.0,0.77,5.0,0.1,0.1,0.093022,1776200728000
1776200730.161,30.161,0.25,5.0,0.23,5.0,0.35,5.0,0.37,5.0,0.65,5.0,0.63,5.0,0.75,5.0,0.77,5.0,0.1,0.1,0.093025,1776200729000
1776200730.409,30.409,0.25,5.0,0.23,10.0,0.36,0.82,0.4,13.0,0.65,5.0,0.63,5.0,0.75,5.0,0.77,5.0,0.11,0.1,0.093025,1776200729000
1776200730.691,30.691,0.26,5.0,0.25,5.0,0.44,10.56,0.45,10.0,0.56,16.56,0.55,10.0,0.75,5.0,0.77,5.0,0.18,0.19,0.093025,1776200729000
1776200731.542,31.542,0.26,5.0,0.25,5.0,0.44,10.56,0.45,10.0,0.56,10.56,0.55,10.0,0.74,5.0,0.75,5.0,0.18,0.18,0.093025,1776200730000
1776200732.125,32.125,0.26,5.0,0.25,5.0,0.44,10.56,0.45,10.0,0.56,10.56,0.55,10.0,0.74,5.0,0.75,5.0,0.18,0.18,0.093025,1776200731000
1776200733.403,33.403,0.26,5.0,0.25,5.0,0.44,10.56,0.45,10.0,0.56,10.56,0.55,10.0,0.74,5.0,0.75,5.0,0.18,0.18,0.09302,1776200732000
1776200733.971,33.971,0.26,5.0,0.25,5.0,0.44,10.56,0.45,10.0,0.56,10.56,0.55,10.0,0.74,5.0,0.75,5.0,0.18,0.18,0.093011,1776200733000
1776200735.216,35.216,0.26,5.0,0.25,5.0,0.44,10.56,0.45,10.0,0.56,10.56,0.55,10.0,0.74,5.0,0.75,5.0,0.18,0.18,0.093004,1776200734000
1776200736.549,36.549,0.26,5.0,0.25,5.0,0.44,10.56,0.45,10.0,0.56,10.56,0.55,10.0,0.74,5.0,0.75,5.0,0.18,0.18,0.093011,1776200735000
1776200737.206,37.206,0.26,5.0,0.25,5.0,0.44,10.56,0.45,10.0,0.56,10.56,0.55,10.0,0.74,5.0,0.75,5.0,0.18,0.18,0.093011,1776200736000
1776200738.4,38.4,0.26,5.0,0.25,5.0,0.44,10.56,0.45,10.0,0.56,10.56,0.55,10.0,0.74,5.0,0.75,5.0,0.18,0.18,0.093015,1776200737000
1776200739.051,39.051,0.26,5.0,0.25,5.0,0.44,10.56,0.45,10.0,0.56,10.56,0.55,10.0,0.74,5.0,0.75,5.0,0.18,0.18,0.093015,1776200738000
1776200740.23,40.23,0.26,5.0,0.25,5.0,0.44,10.56,0.45,10.0,0.56,10.56,0.55,10.0,0.74,5.0,0.75,5.0,0.18,0.18,0.093015,1776200739000
1776200741.432,41.432,0.26,5.0,0.25,5.0,0.44,10.56,0.45,10.0,0.56,10.56,0.55,10.0,0.74,5.0,0.75,5.0,0.18,0.18,0.093011,1776200740000
1776200742.089,42.089,0.26,5.0,0.25,5.0,0.44,10.56,0.45,10.0,0.56,10.56,0.55,10.0,0.74,5.0,0.75,5.0,0.18,0.18,0.093012,1776200741000
1776200743.261,43.261,0.26,5.0,0.25,5.0,0.44,10.56,0.45,10.0,0.56,10.56,0.55,10.0,0.74,5.0,0.75,5.0,0.18,0.18,0.093011,1776200742000
1776200745.088,45.088,0.26,5.0,0.25,5.0,0.44,10.56,0.45,10.0,0.56,10.56,0.55,10.0,0.74,5.0,0.75,5.0,0.18,0.18,0.093013,1776200744000
1776200745.344,45.344,0.27,3.0,0.23,5.0,0.36,9.0,0.41,50.0,0.56,10.56,0.55,10.0,0.74,5.0,0.75,5.0,0.09,0.18,0.093013,1776200744000
1776200746.282,46.282,0.27,3.0,0.23,5.0,0.36,9.0,0.41,50.0,0.64,9.0,0.59,50.0,0.73,3.0,0.77,5.0,0.09,0.09,0.093013,1776200745000
1776200747.2,47.2,0.27,3.0,0.23,5.0,0.36,9.0,0.41,50.0,0.64,9.0,0.59,50.0,0.73,3.0,0.77,5.0,0.09,0.09,0.093006,1776200746000
1776200748.185,48.185,0.27,3.0,0.23,5.0,0.36,9.0,0.41,50.0,0.64,9.0,0.59,50.0,0.73,3.0,0.77,5.0,0.09,0.09,0.093009,1776200747000
1776200749.158,49.158,0.27,3.0,0.23,5.0,0.36,9.0,0.41,50.0,0.64,9.0,0.59,50.0,0.73,3.0,0.77,5.0,0.09,0.09,0.093012,1776200748000
1776200750.283,50.283,0.27,3.0,0.23,5.0,0.36,9.0,0.41,50.0,0.64,9.0,0.59,50.0,0.73,3.0,0.77,5.0,0.09,0.09,0.093009,1776200749000
1776200751.217,51.217,0.27,3.0,0.23,5.0,0.36,9.0,0.41,50.0,0.64,9.0,0.59,50.0,0.73,3.0,0.77,5.0,0.09,0.09,0.093007,1776200750000
1776200752.343,52.343,0.27,3.0,0.23,5.0,0.36,9.0,0.41,50.0,0.64,9.0,0.59,50.0,0.73,3.0,0.77,5.0,0.09,0.09,0.093004,1776200751000
1776200753.222,53.222,0.27,3.0,0.23,5.0,0.36,9.0,0.41,50.0,0.64,9.0,0.59,50.0,0.73,3.0,0.77,5.0,0.09,0.09,0.092994,1776200752000
1776200753.868,53.868,0.27,3.0,0.23,5.0,0.36,9.0,0.41,50.0,0.64,9.0,0.59,50.0,0.73,3.0,0.77,5.0,0.09,0.09,0.092994,1776200753000
1776200754.92,54.92,0.27,3.0,0.23,5.0,0.36,9.0,0.41,50.0,0.64,9.0,0.59,50.0,0.73,3.0,0.77,5.0,0.09,0.09,0.092998,1776200754000
1776200755.889,55.889,0.27,3.0,0.23,5.0,0.36,9.0,0.41,50.0,0.64,9.0,0.59,50.0,0.73,3.0,0.77,5.0,0.09,0.09,0.092997,1776200755000
1776200756.969,56.969,0.27,3.0,0.23,5.0,0.36,9.0,0.41,50.0,0.64,9.0,0.59,50.0,0.73,3.0,0.77,5.0,0.09,0.09,0.092997,1776200756000
1776200758.555,58.555,0.27,3.0,0.23,5.0,0.36,9.0,0.41,50.0,0.64,9.0,0.59,50.0,0.73,3.0,0.77,5.0,0.09,0.09,0.092999,1776200757000
1776200759.077,59.077,0.27,3.0,0.23,5.0,0.36,9.0,0.41,50.0,0.64,9.0,0.59,50.0,0.73,3.0,0.77,5.0,0.09,0.09,0.092999,1776200758000
1776200760.154,60.154,0.27,3.0,0.23,5.0,0.36,9.0,0.41,50.0,0.64,9.0,0.59,50.0,0.73,3.0,0.77,5.0,0.09,0.09,0.092999,1776200759000
1776200761.015,61.015,0.27,1.5,0.23,5.0,0.31,23.0,0.33,10.0,0.64,9.0,0.59,50.0,0.73,3.0,0.77,5.0,0.04,0.09,0.092999,1776200759000
1776200761.344,61.344,0.27,1.5,0.23,5.0,0.31,23.0,0.33,10.0,0.69,23.0,0.67,10.0,0.73,1.5,0.77,5.0,0.04,0.04,0.092997,1776200760000
1776200762.019,62.019,0.27,1.5,0.23,5.0,0.31,23.0,0.33,10.0,0.69,23.0,0.67,10.0,0.73,1.5,0.77,5.0,0.04,0.04,0.092997,1776200761000
1776200762.412,62.412,0.27,5.85,0.23,5.0,0.31,18.0,0.32,5.0,0.69,23.0,0.67,10.0,0.73,1.5,0.77,5.0,0.04,0.04,0.092997,1776200761000
1776200763.018,63.018,0.27,5.85,0.23,5.0,0.31,18.0,0.32,5.0,0.69,18.0,0.68,5.0,0.73,5.85,0.77,5.0,0.04,0.04,0.093,1776200762000
1776200763.237,63.237,0.27,5.85,0.23,10.0,0.31,13.0,0.36,5.0,0.69,18.0,0.68,5.0,0.73,5.85,0.77,5.0,0.04,0.04,0.093,1776200762000
1776200764.022,64.022,0.27,5.85,0.23,10.0,0.31,13.0,0.36,5.0,0.69,13.0,0.64,5.0,0.73,5.85,0.77,10.0,0.04,0.04,0.092998,1776200763000
1776200764.535,64.535,0.23,10.0,0.22,5.0,0.31,10.0,0.36,5.0,0.69,13.0,0.64,5.0,0.73,5.85,0.77,10.0,0.08,0.04,0.092998,1776200763000
1776200765.177,65.177,0.23,10.0,0.22,5.0,0.31,10.0,0.36,5.0,0.69,10.0,0.64,5.0,0.77,10.0,0.78,5.0,0.08,0.08,0.093009,1776200764000
1776200766.239,66.239,0.23,10.0,0.22,5.0,0.31,10.0,0.36,5.0,0.69,10.0,0.64,5.0,0.77,10.0,0.78,5.0,0.08,0.08,0.093016,1776200765000
1776200767.36,67.36,0.23,10.0,0.22,5.0,0.31,10.0,0.36,5.0,0.69,10.0,0.64,5.0,0.77,10.0,0.78,5.0,0.08,0.08,0.09302,1776200766000
1776200767.895,67.895,0.23,10.0,0.22,5.0,0.31,10.0,0.36,5.0,0.69,10.0,0.64,5.0,0.77,10.0,0.78,5.0,0.08,0.08,0.093024,1776200767000
1776200768.978,68.978,0.23,10.0,0.22,5.0,0.31,10.0,0.36,5.0,0.69,10.0,0.64,5.0,0.77,10.0,0.78,5.0,0.08,0.08,0.093028,1776200768000
1776200770.126,70.126,0.23,10.0,0.22,5.0,0.31,10.0,0.36,5.0,0.69,10.0,0.64,5.0,0.77,10.0,0.78,5.0,0.08,0.08,0.093028,1776200769000
1776200771.164,71.164,0.23,10.0,0.22,5.0,0.31,10.0,0.36,5.0,0.69,10.0,0.64,5.0,0.77,10.0,0.78,5.0,0.08,0.08,0.093029,1776200770000
1776200772.908,72.908,0.23,10.0,0.22,5.0,0.31,10.0,0.36,5.0,0.69,10.0,0.64,5.0,0.77,10.0,0.78,5.0,0.08,0.08,0.093029,1776200771000
1776200773.405,73.405,0.23,10.0,0.22,5.0,0.31,10.0,0.36,5.0,0.69,10.0,0.64,5.0,0.77,10.0,0.78,5.0,0.08,0.08,0.093029,1776200772000
1776200773.84,73.84,0.23,10.0,0.22,5.0,0.31,10.0,0.36,5.0,0.69,10.0,0.64,5.0,0.77,10.0,0.78,5.0,0.08,0.08,0.093028,1776200773000
1776200774.784,74.784,0.23,10.0,0.22,5.0,0.31,10.0,0.36,5.0,0.69,10.0,0.64,5.0,0.77,10.0,0.78,5.0,0.08,0.08,0.09303,1776200774000
1776200776.283,76.283,0.23,10.0,0.22,5.0,0.31,10.0,0.36,5.0,0.69,10.0,0.64,5.0,0.77,10.0,0.78,5.0,0.08,0.08,0.093023,1776200775000
1776200777.164,77.164,0.23,10.0,0.22,5.0,0.31,10.0,0.36,5.0,0.69,10.0,0.64,5.0,0.77,10.0,0.78,5.0,0.08,0.08,0.093029,1776200776000
1776200778.155,78.155,0.23,10.0,0.22,5.0,0.31,10.0,0.36,5.0,0.69,10.0,0.64,5.0,0.77,10.0,0.78,5.0,0.08,0.08,0.093029,1776200777000
1776200779.086,79.086,0.23,10.0,0.22,5.0,0.31,10.0,0.36,5.0,0.69,10.0,0.64,5.0,0.77,10.0,0.78,5.0,0.08,0.08,0.093029,1776200778000
1776200780.146,80.146,0.23,10.0,0.22,5.0,0.31,10.0,0.36,5.0,0.69,10.0,0.64,5.0,0.77,10.0,0.78,5.0,0.08,0.08,0.093029,1776200779000
1776200781.067,81.067,0.23,10.0,0.22,5.0,0.31,10.0,0.36,5.0,0.69,10.0,0.64,5.0,0.77,10.0,0.78,5.0,0.08,0.08,0.093029,1776200780000
1776200782.079,82.079,0.23,10.0,0.22,5.0,0.31,10.0,0.36,5.0,0.69,10.0,0.64,5.0,0.77,10.0,0.78,5.0,0.08,0.08,0.093029,1776200781000
1776200783.05,83.05,0.23,10.0,0.22,5.0,0.31,10.0,0.36,5.0,0.69,10.0,0.64,5.0,0.77,10.0,0.78,5.0,0.08,0.08,0.09303,1776200782000
1776200784.036,84.036,0.23,10.0,0.22,5.0,0.31,10.0,0.36,5.0,0.69,10.0,0.64,5.0,0.77,10.0,0.78,5.0,0.08,0.08,0.09303,1776200783000
1776200785.568,85.568,0.23,10.0,0.22,5.0,0.31,10.0,0.36,5.0,0.69,10.0,0.64,5.0,0.77,10.0,0.78,5.0,0.08,0.08,0.09303,1776200784000
1776200786.058,86.058,0.23,10.0,0.22,5.0,0.31,10.0,0.36,5.0,0.69,10.0,0.64,5.0,0.77,10.0,0.78,5.0,0.08,0.08,0.09303,1776200785000
1776200787.144,87.144,0.23,10.0,0.22,5.0,0.31,10.0,0.36,5.0,0.69,10.0,0.64,5.0,0.77,10.0,0.78,5.0,0.08,0.08,0.093024,1776200786000
1776200788.078,88.078,0.23,10.0,0.22,5.0,0.31,10.0,0.36,5.0,0.69,10.0,0.64,5.0,0.77,10.0,0.78,5.0,0.08,0.08,0.093031,1776200787000
1776200789.153,89.153,0.23,10.0,0.22,5.0,0.31,10.0,0.36,5.0,0.69,10.0,0.64,5.0,0.77,10.0,0.78,5.0,0.08,0.08,0.093031,1776200788000
1776200790.04,90.04,0.23,10.0,0.22,5.0,0.31,10.0,0.36,5.0,0.69,10.0,0.64,5.0,0.77,10.0,0.78,5.0,0.08,0.08,0.093031,1776200789000
1776200791.087,91.087,0.23,10.0,0.22,5.0,0.31,10.0,0.36,5.0,0.69,10.0,0.64,5.0,0.77,10.0,0.78,5.0,0.08,0.08,0.093024,1776200790000
1776200792.145,92.145,0.23,10.0,0.22,5.0,0.31,10.0,0.36,5.0,0.69,10.0,0.64,5.0,0.77,10.0,0.78,5.0,0.08,0.08,0.093031,1776200791000
1776200793.212,93.212,0.23,10.0,0.22,5.0,0.31,10.0,0.36,5.0,0.69,10.0,0.64,5.0,0.77,10.0,0.78,5.0,0.08,0.08,0.093031,1776200792000
1776200794.208,94.208,0.23,10.0,0.22,5.0,0.31,10.0,0.36,5.0,0.69,10.0,0.64,5.0,0.77,10.0,0.78,5.0,0.08,0.08,0.09302,1776200793000
1776200795.16,95.16,0.23,10.0,0.22,5.0,0.31,10.0,0.36,5.0,0.69,10.0,0.64,5.0,0.77,10.0,0.78,5.0,0.08,0.08,0.09302,1776200794000
1776200796.233,96.233,0.23,10.0,0.22,5.0,0.31,10.0,0.36,5.0,0.69,10.0,0.64,5.0,0.77,10.0,0.78,5.0,0.08,0.08,0.09302,1776200795000
1776200797.217,97.217,0.23,10.0,0.22,5.0,0.31,10.0,0.36,5.0,0.69,10.0,0.64,5.0,0.77,10.0,0.78,5.0,0.08,0.08,0.093021,1776200796000
1776200798.804,98.804,0.23,10.0,0.22,5.0,0.31,10.0,0.36,5.0,0.69,10.0,0.64,5.0,0.77,10.0,0.78,5.0,0.08,0.08,0.093017,1776200797000
1776200799.281,99.281,0.23,10.0,0.22,5.0,0.31,10.0,0.36,5.0,0.69,10.0,0.64,5.0,0.77,10.0,0.78,5.0,0.08,0.08,0.093017,1776200798000
1776200800.308,100.308,0.23,10.0,0.22,5.0,0.31,10.0,0.36,5.0,0.69,10.0,0.64,5.0,0.77,10.0,0.78,5.0,0.08,0.08,0.092994,1776200799000
1776200801.155,101.155,0.23,5.0,0.15,20.39,0.25,6.9,0.26,13.5,0.75,5.0,0.73,13.2,0.77,5.0,0.85,20.39,0.02,0.02,0.092994,1776200799000
1776200802.308,102.308,0.23,5.0,0.15,20.39,0.25,6.9,0.26,13.5,0.75,6.9,0.74,13.5,0.77,5.0,0.85,20.39,0.02,0.02,0.092995,1776200801000
1776200803.285,103.285,0.23,5.0,0.15,20.39,0.25,6.9,0.26,13.5,0.75,6.9,0.74,13.5,0.77,5.0,0.85,20.39,0.02,0.02,0.092995,1776200802000
1776200804.043,104.043,0.23,5.0,0.16,24.3,0.27,8.2,0.28,22.9,0.75,6.9,0.74,13.5,0.77,5.0,0.85,20.39,0.04,0.02,0.092995,1776200802000
1776200804.285,104.285,0.23,5.0,0.16,24.3,0.27,8.2,0.28,22.9,0.73,8.2,0.72,22.9,0.77,5.0,0.84,24.3,0.04,0.04,0.092998,1776200803000
1776200805.28,105.28,0.23,5.0,0.16,24.3,0.27,8.2,0.28,22.9,0.73,8.2,0.72,22.9,0.77,5.0,0.84,24.3,0.04,0.04,0.092999,1776200804000
1776200806.296,106.296,0.23,5.0,0.16,24.3,0.27,8.2,0.28,22.9,0.73,8.2,0.72,22.9,0.77,5.0,0.84,24.3,0.04,0.04,0.093006,1776200805000
1776200807.27,107.27,0.23,5.0,0.16,24.3,0.27,8.2,0.28,22.9,0.73,8.2,0.72,22.9,0.77,5.0,0.84,24.3,0.04,0.04,0.093016,1776200806000
1776200808.317,108.317,0.23,5.0,0.16,24.3,0.27,8.2,0.28,22.9,0.73,8.2,0.72,22.9,0.77,5.0,0.84,24.3,0.04,0.04,0.093019,1776200807000
1776200809.301,109.301,0.23,5.0,0.16,24.3,0.27,8.2,0.28,22.9,0.73,8.2,0.72,22.9,0.77,5.0,0.84,24.3,0.04,0.04,0.093023,1776200808000
1776200809.8,109.8,0.23,5.0,0.16,24.3,0.27,8.2,0.28,22.9,0.73,8.2,0.72,22.9,0.77,5.0,0.84,24.3,0.04,0.04,0.093023,1776200809000
1776200810.832,110.832,0.23,5.0,0.16,24.3,0.27,8.2,0.28,22.9,0.73,8.2,0.72,22.9,0.77,5.0,0.84,24.3,0.04,0.04,0.093019,1776200810000
1776200811.995,111.995,0.23,5.0,0.16,24.3,0.27,8.2,0.28,22.9,0.73,8.2,0.72,22.9,0.77,5.0,0.84,24.3,0.04,0.04,0.093019,1776200811000
1776200813.031,113.031,0.23,5.0,0.16,24.3,0.27,8.2,0.28,22.9,0.73,8.2,0.72,22.9,0.77,5.0,0.84,24.3,0.04,0.04,0.093017,1776200812000
1776200814.045,114.045,0.23,5.0,0.16,24.3,0.27,8.2,0.28,22.9,0.73,8.2,0.72,22.9,0.77,5.0,0.84,24.3,0.04,0.04,0.093017,1776200813000
1776200815.117,115.117,0.23,5.0,0.16,24.3,0.27,8.2,0.28,22.9,0.73,8.2,0.72,22.9,0.77,5.0,0.84,24.3,0.04,0.04,0.093018,1776200814000
1776200816.095,116.095,0.23,5.0,0.16,24.3,0.27,8.2,0.28,22.9,0.73,8.2,0.72,22.9,0.77,5.0,0.84,24.3,0.04,0.04,0.093019,1776200815000
1776200817.185,117.185,0.23,5.0,0.16,24.3,0.27,8.2,0.28,22.9,0.73,8.2,0.72,22.9,0.77,5.0,0.84,24.3,0.04,0.04,0.093017,1776200816000
1776200818.292,118.292,0.23,5.0,0.16,24.3,0.27,8.2,0.28,22.9,0.73,8.2,0.72,22.9,0.77,5.0,0.84,24.3,0.04,0.04,0.093012,1776200817000
1776200819.378,119.378,0.23,5.0,0.16,24.3,0.27,8.2,0.28,22.9,0.73,8.2,0.72,22.9,0.77,5.0,0.84,24.3,0.04,0.04,0.093017,1776200818000
1776200819.905,119.905,0.23,5.0,0.16,24.3,0.27,8.2,0.28,22.9,0.73,8.2,0.72,22.9,0.77,5.0,0.84,24.3,0.04,0.04,0.093012,1776200819000
1776200821.045,121.045,0.23,5.0,0.16,24.3,0.27,8.2,0.28,22.9,0.73,8.2,0.72,22.9,0.77,5.0,0.84,24.3,0.04,0.04,0.093014,1776200820000
1776200822.214,122.214,0.23,5.0,0.16,24.3,0.27,8.2,0.28,22.9,0.73,8.2,0.72,22.9,0.77,5.0,0.84,24.3,0.04,0.04,0.093015,1776200821000
1776200823.253,123.253,0.23,5.0,0.16,24.3,0.27,8.2,0.28,22.9,0.73,8.2,0.72,22.9,0.77,5.0,0.84,24.3,0.04,0.04,0.093014,1776200822000
1776200823.791,123.791,0.19,16.89,0.18,22.6,0.28,10.0,0.31,62.2,0.73,8.2,0.72,22.9,0.77,5.0,0.84,24.3,0.09,0.04,0.093014,1776200822000
1776200824.243,124.243,0.19,16.89,0.18,22.6,0.28,10.0,0.31,62.2,0.72,10.0,0.69,62.2,0.81,16.89,0.82,22.6,0.09,0.09,0.093017,1776200823000
1776200825.609,125.609,0.19,16.89,0.18,22.6,0.28,10.0,0.31,62.2,0.72,10.0,0.69,62.2,0.81,16.89,0.82,22.6,0.09,0.09,0.093017,1776200824000
1776200826.151,126.151,0.19,16.89,0.18,22.6,0.28,10.0,0.31,62.2,0.72,10.0,0.69,62.2,0.81,16.89,0.82,22.6,0.09,0.09,0.093017,1776200825000
1776200827.158,127.158,0.19,16.89,0.18,22.6,0.28,10.0,0.31,62.2,0.72,10.0,0.69,62.2,0.81,16.89,0.82,22.6,0.09,0.09,0.093017,1776200826000
1776200828.192,128.192,0.19,16.89,0.18,22.6,0.28,10.0,0.31,62.2,0.72,10.0,0.69,62.2,0.81,16.89,0.82,22.6,0.09,0.09,0.093017,1776200827000
1776200829.162,129.162,0.19,16.89,0.18,22.6,0.28,10.0,0.31,62.2,0.72,10.0,0.69,62.2,0.81,16.89,0.82,22.6,0.09,0.09,0.093015,1776200828000
1776200830.23,130.23,0.19,16.89,0.18,22.6,0.28,10.0,0.31,62.2,0.72,10.0,0.69,62.2,0.81,16.89,0.82,22.6,0.09,0.09,0.093002,1776200829000
1776200831.248,131.248,0.19,16.89,0.18,22.6,0.28,10.0,0.31,62.2,0.72,10.0,0.69,62.2,0.81,16.89,0.82,22.6,0.09,0.09,0.093004,1776200830000
1776200832.305,132.305,0.19,16.89,0.18,22.6,0.28,10.0,0.31,62.2,0.72,10.0,0.69,62.2,0.81,16.89,0.82,22.6,0.09,0.09,0.093004,1776200831000
1776200833.485,133.485,0.19,16.89,0.18,22.6,0.28,10.0,0.31,62.2,0.72,10.0,0.69,62.2,0.81,16.89,0.82,22.6,0.09,0.09,0.092993,1776200832000
1776200834.103,134.103,0.19,16.89,0.18,22.6,0.28,10.0,0.31,62.2,0.72,10.0,0.69,62.2,0.81,16.89,0.82,22.6,0.09,0.09,0.092994,1776200833000
1776200834.986,134.986,0.19,16.89,0.18,22.6,0.28,10.0,0.31,62.2,0.72,10.0,0.69,62.2,0.81,16.89,0.82,22.6,0.09,0.09,0.092994,1776200834000
1776200836.006,136.006,0.19,16.89,0.18,22.6,0.28,10.0,0.31,62.2,0.72,10.0,0.69,62.2,0.81,16.89,0.82,22.6,0.09,0.09,0.092991,1776200835000
1776200836.955,136.955,0.19,16.89,0.18,22.6,0.28,10.0,0.31,62.2,0.72,10.0,0.69,62.2,0.81,16.89,0.82,22.6,0.09,0.09,0.09299,1776200836000
1776200838.133,138.133,0.19,16.89,0.18,22.6,0.28,10.0,0.31,62.2,0.72,10.0,0.69,62.2,0.81,16.89,0.82,22.6,0.09,0.09,0.092991,1776200837000
1776200839.143,139.143,0.19,16.89,0.18,22.6,0.28,10.0,0.31,62.2,0.72,10.0,0.69,62.2,0.81,16.89,0.82,22.6,0.09,0.09,0.092994,1776200838000
1776200840.231,140.231,0.19,16.89,0.18,22.6,0.28,10.0,0.31,62.2,0.72,10.0,0.69,62.2,0.81,16.89,0.82,22.6,0.09,0.09,0.092993,1776200839000
1776200840.849,140.849,0.12,27.32,0.11,31.6,0.22,15.2,0.23,14.7,0.72,10.0,0.69,62.2,0.81,16.89,0.82,22.6,0.1,0.09,0.092993,1776200839000
1776200841.179,141.179,0.12,27.32,0.11,31.6,0.22,15.2,0.23,14.7,0.78,15.2,0.77,14.7,0.88,27.32,0.89,31.6,0.1,0.1,0.092995,1776200840000
1776200842.239,142.239,0.12,27.32,0.11,31.6,0.22,15.2,0.23,14.7,0.78,15.2,0.77,14.7,0.88,27.32,0.89,31.6,0.1,0.1,0.092996,1776200841000
1776200843.137,143.137,0.12,27.32,0.11,31.6,0.22,15.2,0.23,14.7,0.78,15.2,0.77,14.7,0.88,27.32,0.89,31.6,0.1,0.1,0.092995,1776200842000
1776200844.14,144.14,0.12,27.32,0.11,31.6,0.22,15.2,0.23,14.7,0.78,15.2,0.77,14.7,0.88,27.32,0.89,31.6,0.1,0.1,0.093003,1776200843000
1776200845.121,145.121,0.12,27.32,0.11,31.6,0.22,15.2,0.23,14.7,0.78,15.2,0.77,14.7,0.88,27.32,0.89,31.6,0.1,0.1,0.093002,1776200844000
1776200846.181,146.181,0.12,27.32,0.11,31.6,0.22,15.2,0.23,14.7,0.78,15.2,0.77,14.7,0.88,27.32,0.89,31.6,0.1,0.1,0.093002,1776200845000
1776200847.237,147.237,0.12,27.32,0.11,31.6,0.22,15.2,0.23,14.7,0.78,15.2,0.77,14.7,0.88,27.32,0.89,31.6,0.1,0.1,0.093002,1776200846000
1776200848.141,148.141,0.12,27.32,0.11,31.6,0.22,15.2,0.23,14.7,0.78,15.2,0.77,14.7,0.88,27.32,0.89,31.6,0.1,0.1,0.093002,1776200847000
1776200849.15,149.15,0.12,27.32,0.11,31.6,0.22,15.2,0.23,14.7,0.78,15.2,0.77,14.7,0.88,27.32,0.89,31.6,0.1,0.1,0.093002,1776200848000
1776200850.173,150.173,0.12,27.32,0.11,31.6,0.22,15.2,0.23,14.7,0.78,15.2,0.77,14.7,0.88,27.32,0.89,31.6,0.1,0.1,0.093002,1776200849000
1776200851.205,151.205,0.12,27.32,0.11,31.6,0.22,15.2,0.23,14.7,0.78,15.2,0.77,14.7,0.88,27.32,0.89,31.6,0.1,0.1,0.093002,1776200850000
1776200852.38,152.38,0.12,27.32,0.11,31.6,0.22,15.2,0.23,14.7,0.78,15.2,0.77,14.7,0.88,27.32,0.89,31.6,0.1,0.1,0.093002,1776200851000
1776200853.004,153.004,0.12,27.32,0.11,31.6,0.22,15.2,0.23,14.7,0.78,15.2,0.77,14.7,0.88,27.32,0.89,31.6,0.1,0.1,0.093002,1776200852000
1776200854.452,154.452,0.12,27.32,0.11,31.6,0.22,15.2,0.23,14.7,0.78,15.2,0.77,14.7,0.88,27.32,0.89,31.6,0.1,0.1,0.092996,1776200853000
1776200855.036,155.036,0.12,27.32,0.11,31.6,0.22,15.2,0.23,14.7,0.78,15.2,0.77,14.7,0.88,27.32,0.89,31.6,0.1,0.1,0.092996,1776200854000
1776200856.302,156.302,0.12,27.32,0.11,31.6,0.22,15.2,0.23,14.7,0.78,15.2,0.77,14.7,0.88,27.32,0.89,31.6,0.1,0.1,0.092996,1776200855000
1776200857.419,157.419,0.12,27.32,0.11,31.6,0.22,15.2,0.23,14.7,0.78,15.2,0.77,14.7,0.88,27.32,0.89,31.6,0.1,0.1,0.093002,1776200856000
1776200858.0,158.0,0.12,27.32,0.11,31.6,0.22,15.2,0.23,14.7,0.78,15.2,0.77,14.7,0.88,27.32,0.89,31.6,0.1,0.1,0.093003,1776200857000
1776200859.235,159.235,0.12,27.32,0.11,31.6,0.22,15.2,0.23,14.7,0.78,15.2,0.77,14.7,0.88,27.32,0.89,31.6,0.1,0.1,0.093003,1776200858000
1776200860.417,160.417,0.12,27.32,0.11,31.6,0.22,15.2,0.23,14.7,0.78,15.2,0.77,14.7,0.88,27.32,0.89,31.6,0.1,0.1,0.093,1776200859000
1776200861.016,161.016,0.12,27.32,0.11,31.6,0.22,15.2,0.23,14.7,0.78,15.2,0.77,14.7,0.88,27.32,0.89,31.6,0.1,0.1,0.092995,1776200860000
1776200862.119,162.119,0.12,27.32,0.11,31.6,0.22,15.2,0.23,14.7,0.78,15.2,0.77,14.7,0.88,27.32,0.89,31.6,0.1,0.1,0.092996,1776200861000
1776200863.299,163.299,0.12,27.32,0.11,31.6,0.22,15.2,0.23,14.7,0.78,15.2,0.77,14.7,0.88,27.32,0.89,31.6,0.1,0.1,0.092996,1776200862000
1776200864.41,164.41,0.12,27.32,0.11,31.6,0.22,15.2,0.23,14.7,0.78,15.2,0.77,14.7,0.88,27.32,0.89,31.6,0.1,0.1,0.092997,1776200863000
1776200864.645,164.645,0.11,25.47,0.1,33.9,0.2,16.3,0.21,65.7,0.78,15.2,0.77,14.7,0.88,27.32,0.89,31.6,0.09,0.1,0.092997,1776200863000
1776200864.902,164.902,0.11,25.47,0.1,33.9,0.2,16.3,0.21,65.7,0.8,16.3,0.79,65.7,0.89,25.47,0.9,33.9,0.09,0.09,0.093001,1776200864000
1776200866.166,166.166,0.11,25.47,0.1,33.9,0.2,16.3,0.21,65.7,0.8,16.3,0.79,65.7,0.89,25.47,0.9,33.9,0.09,0.09,0.092998,1776200865000
1776200867.665,167.665,0.11,24.34,0.1,33.9,0.2,16.3,0.21,65.7,0.8,16.3,0.79,65.7,0.89,24.34,0.9,33.9,0.09,0.09,0.093001,1776200866000
1776200868.213,168.213,0.11,24.34,0.1,33.9,0.2,16.3,0.21,65.7,0.8,16.3,0.79,65.7,0.89,24.34,0.9,33.9,0.09,0.09,0.093001,1776200867000
1776200869.355,169.355,0.11,24.34,0.1,33.9,0.2,16.3,0.21,65.7,0.8,16.3,0.79,65.7,0.89,24.34,0.9,33.9,0.09,0.09,0.093002,1776200868000
1776200870.32,170.32,0.11,24.34,0.1,33.9,0.2,16.3,0.21,65.7,0.8,16.3,0.79,65.7,0.89,24.34,0.9,33.9,0.09,0.09,0.093002,1776200869000
1776200870.893,170.893,0.11,24.34,0.1,33.9,0.2,16.3,0.21,65.7,0.8,16.3,0.79,65.7,0.89,24.34,0.9,33.9,0.09,0.09,0.093001,1776200870000
1776200871.926,171.926,0.11,24.34,0.1,33.9,0.2,16.3,0.21,65.7,0.8,16.3,0.79,65.7,0.89,24.34,0.9,33.9,0.09,0.09,0.093002,1776200871000
1776200873.037,173.037,0.11,24.34,0.1,33.9,0.2,16.3,0.21,65.7,0.8,16.3,0.79,65.7,0.89,24.34,0.9,33.9,0.09,0.09,0.093001,1776200872000
1776200874.269,174.269,0.11,24.34,0.1,33.9,0.2,16.3,0.21,65.7,0.8,16.3,0.79,65.7,0.89,24.34,0.9,33.9,0.09,0.09,0.093005,1776200873000
1776200875.432,175.432,0.11,24.34,0.1,33.9,0.2,16.3,0.21,65.7,0.8,16.3,0.79,65.7,0.89,24.34,0.9,33.9,0.09,0.09,0.093005,1776200874000
1776200875.962,175.962,0.11,24.34,0.1,33.9,0.2,16.3,0.21,65.7,0.8,16.3,0.79,65.7,0.89,24.34,0.9,33.9,0.09,0.09,0.093002,1776200875000
1776200877.113,177.113,0.11,24.34,0.1,33.9,0.2,16.3,0.21,65.7,0.8,16.3,0.79,65.7,0.89,24.34,0.9,33.9,0.09,0.09,0.093005,1776200876000
1776200878.303,178.303,0.11,24.34,0.1,33.9,0.2,16.3,0.21,65.7,0.8,16.3,0.79,65.7,0.89,24.34,0.9,33.9,0.09,0.09,0.092986,1776200877000
1776200878.88,178.88,0.11,24.34,0.1,33.9,0.2,16.3,0.21,65.7,0.8,16.3,0.79,65.7,0.89,24.34,0.9,33.9,0.09,0.09,0.092982,1776200878000
1776200879.877,179.877,0.11,24.34,0.1,33.9,0.2,16.3,0.21,65.7,0.8,16.3,0.79,65.7,0.89,24.34,0.9,33.9,0.09,0.09,0.092982,1776200879000
1776200881.033,181.033,0.11,24.34,0.1,33.9,0.2,16.3,0.21,65.7,0.8,16.3,0.79,65.7,0.89,24.34,0.9,33.9,0.09,0.09,0.09298,1776200880000
1776200882.022,182.022,0.11,24.34,0.1,33.9,0.2,16.3,0.21,65.7,0.8,16.3,0.79,65.7,0.89,24.34,0.9,33.9,0.09,0.09,0.09298,1776200881000
1776200882.999,182.999,0.11,24.34,0.1,33.9,0.2,16.3,0.21,65.7,0.8,16.3,0.79,65.7,0.89,24.34,0.9,33.9,0.09,0.09,0.09298,1776200882000
1776200884.077,184.077,0.11,24.34,0.1,33.9,0.2,16.3,0.21,65.7,0.8,16.3,0.79,65.7,0.89,24.34,0.9,33.9,0.09,0.09,0.09298,1776200883000
1776200885.126,185.126,0.11,24.34,0.1,33.9,0.2,16.3,0.21,65.7,0.8,16.3,0.79,65.7,0.89,24.34,0.9,33.9,0.09,0.09,0.09298,1776200884000
1776200885.605,185.605,0.05,49.8,0.04,83.7,0.12,24.6,0.13,23.0,0.8,16.3,0.79,65.7,0.89,24.34,0.9,33.9,0.07,0.09,0.09298,1776200884000
1776200886.215,186.215,0.05,49.8,0.04,83.7,0.12,24.6,0.13,23.0,0.88,24.6,0.87,23.0,0.95,49.8,0.96,83.7,0.07,0.07,0.09298,1776200885000
1776200887.165,187.165,0.05,49.8,0.04,83.7,0.12,24.6,0.13,23.0,0.88,24.6,0.87,23.0,0.95,49.8,0.96,83.7,0.07,0.07,0.092977,1776200886000
1776200888.207,188.207,0.05,49.8,0.04,83.7,0.12,24.6,0.13,23.0,0.88,24.6,0.87,23.0,0.95,49.8,0.96,83.7,0.07,0.07,0.092977,1776200887000
1776200889.229,189.229,0.05,49.8,0.04,83.7,0.12,24.6,0.13,23.0,0.88,24.6,0.87,23.0,0.95,49.8,0.96,83.7,0.07,0.07,0.092978,1776200888000
1776200890.218,190.218,0.05,49.8,0.04,83.7,0.12,24.6,0.13,23.0,0.88,24.6,0.87,23.0,0.95,49.8,0.96,83.7,0.07,0.07,0.092979,1776200889000
1776200891.256,191.256,0.05,49.8,0.04,83.7,0.12,24.6,0.13,23.0,0.88,24.6,0.87,23.0,0.95,49.8,0.96,83.7,0.07,0.07,0.092979,1776200890000
1776200892.275,192.275,0.05,49.8,0.04,83.7,0.12,24.6,0.13,23.0,0.88,24.6,0.87,23.0,0.95,49.8,0.96,83.7,0.07,0.07,0.092979,1776200891000
1776200893.327,193.327,0.05,49.8,0.04,83.7,0.12,24.6,0.13,23.0,0.88,24.6,0.87,23.0,0.95,49.8,0.96,83.7,0.07,0.07,0.092975,1776200892000
1776200893.833,193.833,0.05,49.8,0.04,83.7,0.12,24.6,0.13,23.0,0.88,24.6,0.87,23.0,0.95,49.8,0.96,83.7,0.07,0.07,0.092975,1776200893000
1776200895.436,195.436,0.05,49.8,0.04,83.7,0.12,24.6,0.13,23.0,0.88,24.6,0.87,23.0,0.95,49.8,0.96,83.7,0.07,0.07,0.09298,1776200894000
1776200896.05,196.05,0.05,49.8,0.04,83.7,0.12,24.6,0.13,23.0,0.88,24.6,0.87,23.0,0.95,49.8,0.96,83.7,0.07,0.07,0.092979,1776200895000
1776200897.075,197.075,0.05,49.8,0.04,83.7,0.12,24.6,0.13,23.0,0.88,24.6,0.87,23.0,0.95,49.8,0.96,83.7,0.07,0.07,0.09298,1776200896000
1776200898.1,198.1,0.05,49.8,0.04,83.7,0.12,24.6,0.13,23.0,0.88,24.6,0.87,23.0,0.95,49.8,0.96,83.7,0.07,0.07,0.09298,1776200897000
1776200899.209,199.209,0.05,49.8,0.04,83.7,0.12,24.6,0.13,23.0,0.88,24.6,0.87,23.0,0.95,49.8,0.96,83.7,0.07,0.07,0.092978,1776200898000
1776200900.238,200.238,0.05,49.8,0.04,83.7,0.12,24.6,0.13,23.0,0.88,24.6,0.87,23.0,0.95,49.8,0.96,83.7,0.07,0.07,0.09298,1776200899000
1776200901.258,201.258,0.05,49.8,0.04,83.7,0.12,24.6,0.13,23.0,0.88,24.6,0.87,23.0,0.95,49.8,0.96,83.7,0.07,0.07,0.092981,1776200900000
1776200902.293,202.293,0.05,49.8,0.04,83.7,0.12,24.6,0.13,23.0,0.88,24.6,0.87,23.0,0.95,49.8,0.96,83.7,0.07,0.07,0.092981,1776200901000
1776200903.335,203.335,0.05,49.8,0.04,83.7,0.12,24.6,0.13,23.0,0.88,24.6,0.87,23.0,0.95,49.8,0.96,83.7,0.07,0.07,0.092981,1776200902000
1776200903.868,203.868,0.05,49.8,0.04,83.7,0.12,24.6,0.13,23.0,0.88,24.6,0.87,23.0,0.95,49.8,0.96,83.7,0.07,0.07,0.092981,1776200903000
1776200904.931,204.931,0.05,49.8,0.04,83.7,0.12,24.6,0.13,23.0,0.88,24.6,0.87,23.0,0.95,49.8,0.96,83.7,0.07,0.07,0.092981,1776200904000
1776200905.977,205.977,0.05,49.8,0.04,83.7,0.12,24.6,0.13,23.0,0.88,24.6,0.87,23.0,0.95,49.8,0.96,83.7,0.07,0.07,0.092981,1776200905000
1776200907.004,207.004,0.05,49.8,0.04,83.7,0.12,24.6,0.13,23.0,0.88,24.6,0.87,23.0,0.95,49.8,0.96,83.7,0.07,0.07,0.092981,1776200906000
1776200908.143,208.143,0.05,49.8,0.04,83.7,0.12,24.6,0.13,23.0,0.88,24.6,0.87,23.0,0.95,49.8,0.96,83.7,0.07,0.07,0.092981,1776200907000
1776200909.158,209.158,0.05,49.8,0.04,83.7,0.12,24.6,0.13,23.0,0.88,24.6,0.87,23.0,0.95,49.8,0.96,83.7,0.07,0.07,0.092981,1776200908000
1776200909.844,209.844,0.04,83.7,0.03,89.3,0.05,3.38,0.1,38.9,0.88,24.6,0.87,23.0,0.95,49.8,0.96,83.7,0.01,0.07,0.092981,1776200908000
1776200910.582,210.582,0.04,67.64,0.03,89.3,0.05,3.38,0.1,28.9,0.95,3.38,0.9,38.9,0.96,73.0,0.97,89.3,0.01,0.01,0.092981,1776200908000
1776200910.885,210.885,0.04,67.64,0.03,89.3,0.05,3.38,0.1,28.9,0.95,3.38,0.9,28.9,0.96,67.64,0.97,89.3,0.01,0.01,0.092981,1776200909000
1776200911.404,211.404,0.04,67.64,0.03,89.3,0.05,3.38,0.1,28.9,0.95,3.38,0.9,28.9,0.96,67.64,0.97,89.3,0.01,0.01,0.092982,1776200910000
1776200911.637,211.637,0.04,64.97,0.03,89.3,0.05,3.38,0.09,31.7,0.95,3.38,0.9,28.9,0.96,67.64,0.97,89.3,0.01,0.01,0.092982,1776200910000
1776200912.463,212.463,0.04,64.97,0.03,89.3,0.05,3.38,0.09,31.7,0.95,3.38,0.91,31.7,0.96,64.97,0.97,89.3,0.01,0.01,0.092984,1776200911000
1776200912.809,212.809,0.04,63.63,0.03,89.3,0.05,3.38,0.09,31.7,0.95,3.38,0.91,31.7,0.96,64.97,0.97,89.3,0.01,0.01,0.092984,1776200911000
1776200913.256,213.256,0.04,63.63,0.03,89.3,0.05,3.38,0.09,31.7,0.95,3.38,0.91,31.7,0.96,63.63,0.97,89.3,0.01,0.01,0.092984,1776200912000
1776200914.196,214.196,0.03,88.26,0.02,147.69,0.05,3.38,0.09,31.7,0.95,3.38,0.91,31.7,0.96,63.63,0.97,89.3,0.02,0.01,0.092984,1776200912000
1776200914.512,214.512,0.03,88.26,0.02,147.69,0.05,3.38,0.09,31.7,0.95,3.38,0.91,31.7,0.97,88.26,0.98,147.69,0.02,0.02,0.092984,1776200913000
1776200915.228,215.228,0.03,88.26,0.02,147.69,0.05,3.38,0.09,31.7,0.95,3.38,0.91,31.7,0.97,88.26,0.98,147.69,0.02,0.02,0.092983,1776200914000
1776200916.559,216.559,0.03,88.26,0.02,147.69,0.05,3.38,0.09,31.7,0.95,3.38,0.91,31.7,0.97,88.26,0.98,147.69,0.02,0.02,0.092983,1776200915000
1776200917.236,217.236,0.03,84.13,0.02,147.69,0.08,35.29,0.09,31.7,0.95,3.38,0.91,31.7,0.97,88.26,0.98,147.69,0.05,0.02,0.092983,1776200915000
1776200918.154,218.154,0.03,84.13,0.02,147.69,0.08,35.29,0.09,31.7,0.92,35.29,0.91,31.7,0.97,84.13,0.98,147.69,0.05,0.05,0.092983,1776200917000
1776200919.525,219.525,0.03,84.13,0.02,147.69,0.08,35.29,0.09,31.7,0.92,35.29,0.91,31.7,0.97,84.13,0.98,147.69,0.05,0.05,0.092981,1776200918000
1776200920.219,220.219,0.03,84.13,0.02,147.69,0.08,35.29,0.09,31.7,0.92,35.29,0.91,31.7,0.97,84.13,0.98,147.69,0.05,0.05,0.092981,1776200919000
1776200921.612,221.612,0.03,84.13,0.02,147.69,0.08,35.29,0.09,31.7,0.92,35.29,0.91,31.7,0.97,84.13,0.98,147.69,0.05,0.05,0.092981,1776200920000
1776200922.424,222.424,0.03,84.13,0.02,147.69,0.08,35.29,0.09,31.7,0.92,35.29,0.91,31.7,0.97,84.13,0.98,147.69,0.05,0.05,0.092981,1776200921000
1776200923.033,223.033,0.03,84.13,0.02,147.69,0.08,35.29,0.09,31.7,0.92,35.29,0.91,31.7,0.97,84.13,0.98,147.69,0.05,0.05,0.092982,1776200922000
1776200924.506,224.506,0.03,84.13,0.02,147.69,0.08,35.29,0.09,31.7,0.92,35.29,0.91,31.7,0.97,84.13,0.98,147.69,0.05,0.05,0.092982,1776200923000
1776200925.254,225.254,0.03,84.13,0.02,147.69,0.08,35.29,0.09,31.7,0.92,35.29,0.91,31.7,0.97,84.13,0.98,147.69,0.05,0.05,0.092982,1776200924000
1776200926.668,226.668,0.03,84.13,0.02,147.69,0.08,35.29,0.09,31.7,0.92,35.29,0.91,31.7,0.97,84.13,0.98,147.69,0.05,0.05,0.092982,1776200925000
1776200927.701,227.701,0.03,84.13,0.02,147.69,0.08,35.29,0.09,31.7,0.92,35.29,0.91,31.7,0.97,84.13,0.98,147.69,0.05,0.05,0.092982,1776200926000
1776200928.524,228.524,0.03,84.13,0.02,147.69,0.08,35.29,0.09,31.7,0.92,35.29,0.91,31.7,0.97,84.13,0.98,147.69,0.05,0.05,0.092982,1776200927000
1776200929.069,229.069,0.03,84.13,0.02,147.69,0.08,35.29,0.09,31.7,0.92,35.29,0.91,31.7,0.97,84.13,0.98,147.69,0.05,0.05,0.092982,1776200928000
1776200930.225,230.225,0.03,84.13,0.02,147.69,0.08,35.29,0.09,31.7,0.92,35.29,0.91,31.7,0.97,84.13,0.98,147.69,0.05,0.05,0.092984,1776200929000
1776200931.431,231.431,0.03,84.13,0.02,147.69,0.08,35.29,0.09,31.7,0.92,35.29,0.91,31.7,0.97,84.13,0.98,147.69,0.05,0.05,0.092983,1776200930000
1776200931.788,231.788,0.03,84.13,0.02,147.69,0.08,35.29,0.09,31.7,0.92,35.29,0.91,31.7,0.97,84.13,0.98,147.69,0.05,0.05,0.092983,1776200931000
1776200932.081,232.081,0.02,142.69,0.01,5492.6,0.07,39.9,0.08,35.29,0.92,35.29,0.91,31.7,0.97,84.13,0.98,147.69,0.05,0.05,0.092983,1776200931000
1776200933.274,233.274,0.02,142.69,0.01,5492.6,0.07,39.9,0.08,35.29,0.93,39.9,0.92,35.29,0.98,142.69,0.99,5492.6,0.05,0.05,0.092984,1776200932000
1776200934.822,234.822,0.02,142.69,0.01,5492.6,0.07,39.9,0.08,35.29,0.93,39.9,0.92,35.29,0.98,142.69,0.99,5492.6,0.05,0.05,0.092984,1776200933000
1776200935.283,235.283,0.02,142.69,0.01,5492.6,0.07,39.9,0.08,35.29,0.93,39.9,0.92,35.29,0.98,142.69,0.99,5492.6,0.05,0.05,0.092984,1776200934000
1776200935.953,235.953,0.02,142.69,0.01,5492.6,0.07,39.9,0.08,35.29,0.93,39.9,0.92,35.29,0.98,142.69,0.99,5492.6,0.05,0.05,0.092984,1776200935000
1776200937.107,237.107,0.02,142.69,0.01,5492.6,0.07,39.9,0.08,35.29,0.93,39.9,0.92,35.29,0.98,142.69,0.99,5492.6,0.05,0.05,0.092984,1776200936000
1776200938.236,238.236,0.02,142.69,0.01,5492.6,0.07,39.9,0.08,35.29,0.93,39.9,0.92,35.29,0.98,142.69,0.99,5492.6,0.05,0.05,0.092982,1776200937000
1776200939.318,239.318,0.02,142.69,0.01,5492.6,0.07,39.9,0.08,35.29,0.93,39.9,0.92,35.29,0.98,142.69,0.99,5492.6,0.05,0.05,0.09298,1776200938000
1776200939.959,239.959,0.02,142.69,0.01,5492.6,0.07,39.9,0.08,35.29,0.93,39.9,0.92,35.29,0.98,142.69,0.99,5492.6,0.05,0.05,0.092979,1776200939000
1776200941.239,241.239,0.02,142.69,0.01,5492.6,0.07,39.9,0.08,35.29,0.93,39.9,0.92,35.29,0.98,142.69,0.99,5492.6,0.05,0.05,0.092981,1776200940000
1776200941.937,241.937,0.03,84.3,0.02,197.69,0.05,5.0,0.11,76.6,0.93,39.9,0.92,35.29,0.98,142.69,0.99,5492.6,0.02,0.05,0.092981,1776200940000
1776200942.352,242.352,0.03,74.11,0.02,197.69,0.05,5.0,0.11,76.6,0.95,5.0,0.89,76.6,0.97,84.3,0.98,197.69,0.02,0.02,0.092981,1776200940000
1776200942.887,242.887,0.03,74.11,0.02,197.69,0.05,5.0,0.11,76.6,0.95,5.0,0.89,76.6,0.97,74.11,0.98,197.69,0.02,0.02,0.092981,1776200941000
1776200943.506,243.506,0.03,74.11,0.02,197.69,0.05,5.0,0.11,76.6,0.95,5.0,0.89,76.6,0.97,74.11,0.98,197.69,0.02,0.02,0.092984,1776200942000
1776200944.093,244.093,0.03,74.11,0.02,197.69,0.05,5.0,0.11,76.6,0.95,5.0,0.89,76.6,0.97,74.11,0.98,197.69,0.02,0.02,0.092991,1776200943000
1776200944.495,244.495,0.04,65.61,0.03,74.11,0.05,5.0,0.1,28.9,0.95,5.0,0.89,76.6,0.97,74.11,0.98,197.69,0.01,0.02,0.092991,1776200943000
1776200945.385,245.385,0.04,65.61,0.03,74.11,0.05,5.0,0.1,28.9,0.95,5.0,0.9,28.9,0.96,65.61,0.97,74.11,0.01,0.01,0.092995,1776200944000
1776200945.986,245.986,0.04,65.61,0.03,74.11,0.05,5.0,0.1,28.9,0.95,5.0,0.9,28.9,0.96,65.61,0.97,74.11,0.01,0.01,0.093003,1776200945000
1776200947.305,247.305,0.04,60.4,0.03,74.11,0.05,5.0,0.1,28.9,0.95,5.0,0.9,28.9,0.96,65.61,0.97,74.11,0.01,0.01,0.093003,1776200945000
1776200948.105,248.105,0.04,60.4,0.03,74.11,0.05,5.0,0.1,28.9,0.95,5.0,0.9,28.9,0.96,60.4,0.97,74.11,0.01,0.01,0.093004,1776200947000
1776200949.543,249.543,0.04,60.4,0.03,74.11,0.05,5.0,0.1,28.9,0.95,5.0,0.9,28.9,0.96,60.4,0.97,74.11,0.01,0.01,0.093004,1776200948000
1776200950.325,250.325,0.04,60.4,0.03,74.11,0.05,5.0,0.1,28.9,0.95,5.0,0.9,28.9,0.96,60.4,0.97,74.11,0.01,0.01,0.093004,1776200949000
1776200950.67,250.67,0.03,73.07,0.02,147.69,0.05,5.0,0.09,31.7,0.95,5.0,0.9,28.9,0.96,60.4,0.97,74.11,0.02,0.01,0.093004,1776200949000
1776200950.987,250.987,0.03,73.07,0.02,147.69,0.05,5.0,0.09,31.7,0.95,5.0,0.91,31.7,0.97,73.07,0.98,147.69,0.02,0.02,0.093003,1776200950000
1776200951.821,251.821,0.03,67.91,0.02,147.69,0.08,35.29,0.09,31.7,0.95,5.0,0.91,31.7,0.97,73.07,0.98,147.69,0.05,0.02,0.093003,1776200950000
1776200952.237,252.237,0.03,67.91,0.02,147.69,0.08,35.29,0.09,31.7,0.92,35.29,0.91,31.7,0.97,67.91,0.98,147.69,0.05,0.05,0.093003,1776200951000
1776200953.412,253.412,0.03,67.91,0.02,147.69,0.08,35.29,0.09,31.7,0.92,35.29,0.91,31.7,0.97,67.91,0.98,147.69,0.05,0.05,0.093004,1776200952000
1776200954.142,254.142,0.03,67.91,0.02,147.69,0.08,35.29,0.09,31.7,0.92,35.29,0.91,31.7,0.97,67.91,0.98,147.69,0.05,0.05,0.093003,1776200953000
1776200955.461,255.461,0.03,67.91,0.02,147.69,0.08,35.29,0.09,31.7,0.92,35.29,0.91,31.7,0.97,67.91,0.98,147.69,0.05,0.05,0.093004,1776200954000
1776200956.157,256.157,0.03,67.91,0.02,147.69,0.08,35.29,0.09,31.7,0.92,35.29,0.91,31.7,0.97,67.91,0.98,147.69,0.05,0.05,0.093003,1776200955000
1776200957.564,257.564,0.03,67.91,0.02,147.69,0.08,35.29,0.09,31.7,0.92,35.29,0.91,31.7,0.97,67.91,0.98,147.69,0.05,0.05,0.093004,1776200956000
1776200958.15,258.15,0.03,67.91,0.02,147.69,0.08,35.29,0.09,31.7,0.92,35.29,0.91,31.7,0.97,67.91,0.98,147.69,0.05,0.05,0.093004,1776200957000
1776200959.757,259.757,0.03,67.91,0.02,147.69,0.08,35.29,0.09,31.7,0.92,35.29,0.91,31.7,0.97,67.91,0.98,147.69,0.05,0.05,0.092995,1776200958000
1776200960.344,260.344,0.03,67.91,0.02,147.69,0.08,35.29,0.09,31.7,0.92,35.29,0.91,31.7,0.97,67.91,0.98,147.69,0.05,0.05,0.092998,1776200959000
1776200961.333,261.333,0.03,67.91,0.02,147.69,0.08,35.29,0.09,31.7,0.92,35.29,0.91,31.7,0.97,67.91,0.98,147.69,0.05,0.05,0.093019,1776200960000
1776200961.81,261.81,0.03,67.91,0.02,147.69,0.08,35.29,0.09,31.7,0.92,35.29,0.91,31.7,0.97,67.91,0.98,147.69,0.05,0.05,0.093023,1776200961000
1776200963.231,263.231,0.03,67.91,0.02,147.69,0.08,35.29,0.09,31.7,0.92,35.29,0.91,31.7,0.97,67.91,0.98,147.69,0.05,0.05,0.093031,1776200962000
1776200964.252,264.252,0.03,67.91,0.02,147.69,0.08,35.29,0.09,31.7,0.92,35.29,0.91,31.7,0.97,67.91,0.98,147.69,0.05,0.05,0.093033,1776200963000
1776200965.197,265.197,0.03,67.91,0.02,147.69,0.08,35.29,0.09,31.7,0.92,35.29,0.91,31.7,0.97,67.91,0.98,147.69,0.05,0.05,0.093029,1776200964000
1776200966.055,266.055,0.04,90.7,0.03,89.3,0.05,6.44,0.35,10.0,0.92,35.29,0.91,31.7,0.97,67.91,0.98,147.69,0.01,0.05,0.093029,1776200964000
1776200967.019,267.019,0.11,43.56,0.04,90.7,0.41,42.75,0.44,10.6,0.59,50.0,0.58,10.7,0.89,43.56,0.96,90.7,0.3,0.3,0.093034,1776200965000
1776200968.03,268.03,0.11,43.56,0.04,90.7,0.41,35.5,0.44,10.6,0.59,35.5,0.56,10.6,0.89,43.56,0.96,90.7,0.3,0.3,0.093049,1776200967000
1776200968.769,268.769,0.08,35.29,0.07,39.9,0.31,40.32,0.41,35.5,0.59,35.5,0.56,10.6,0.89,43.56,0.96,90.7,0.23,0.3,0.093049,1776200967000
1776200969.099,269.099,0.08,35.29,0.07,39.9,0.31,40.32,0.41,35.5,0.69,40.32,0.59,35.5,0.92,35.29,0.93,39.9,0.23,0.23,0.093066,1776200968000
1776200970.064,270.064,0.08,35.29,0.07,39.9,0.31,40.32,0.41,35.5,0.69,40.32,0.59,35.5,0.92,35.29,0.93,39.9,0.23,0.23,0.093066,1776200969000
1776200971.068,271.068,0.08,35.29,0.07,39.9,0.31,40.32,0.41,35.5,0.69,40.32,0.59,35.5,0.92,35.29,0.93,39.9,0.23,0.23,0.093064,1776200970000
1776200972.686,272.686,0.08,35.29,0.07,39.9,0.31,40.32,0.41,35.5,0.69,40.32,0.59,35.5,0.92,35.29,0.93,39.9,0.23,0.23,0.093057,1776200971000
1776200973.238,273.238,0.08,35.29,0.07,39.9,0.31,40.32,0.41,35.5,0.69,40.32,0.59,35.5,0.92,35.29,0.93,39.9,0.23,0.23,0.093055,1776200972000
1776200974.381,274.381,0.08,35.29,0.07,39.9,0.31,40.32,0.41,35.5,0.69,40.32,0.59,35.5,0.92,35.29,0.93,39.9,0.23,0.23,0.093059,1776200973000
1776200974.996,274.996,0.08,35.29,0.07,39.9,0.31,40.32,0.41,35.5,0.69,40.32,0.59,35.5,0.92,35.29,0.93,39.9,0.23,0.23,0.09306,1776200974000
1776200976.272,276.272,0.08,35.29,0.07,39.9,0.31,40.32,0.41,35.5,0.69,40.32,0.59,35.5,0.92,35.29,0.93,39.9,0.23,0.23,0.093061,1776200975000
1776200977.374,277.374,0.08,35.29,0.07,39.9,0.31,40.32,0.41,35.5,0.69,40.32,0.59,35.5,0.92,35.29,0.93,39.9,0.23,0.23,0.093059,1776200976000
1776200977.893,277.893,0.08,35.29,0.07,39.9,0.31,40.32,0.41,35.5,0.69,40.32,0.59,35.5,0.92,35.29,0.93,39.9,0.23,0.23,0.093059,1776200977000
1776200978.956,278.956,0.08,35.29,0.07,39.9,0.31,40.32,0.41,35.5,0.69,40.32,0.59,35.5,0.92,35.29,0.93,39.9,0.23,0.23,0.093059,1776200978000
1776200980.014,280.014,0.08,35.29,0.07,39.9,0.31,40.32,0.41,35.5,0.69,40.32,0.59,35.5,0.92,35.29,0.93,39.9,0.23,0.23,0.093059,1776200979000
1776200981.202,281.202,0.08,35.29,0.07,39.9,0.31,40.32,0.41,35.5,0.69,40.32,0.59,35.5,0.92,35.29,0.93,39.9,0.23,0.23,0.093059,1776200980000
1776200982.254,282.254,0.07,6.0,0.04,23.0,0.21,45.23,0.31,40.32,0.69,40.32,0.59,35.5,0.92,35.29,0.93,39.9,0.14,0.23,0.093059,1776200980000
1776200983.469,283.469,0.07,6.0,0.04,23.0,0.21,45.23,0.31,40.32,0.79,45.23,0.69,40.32,0.93,6.0,0.96,23.0,0.14,0.14,0.093061,1776200982000
1776200984.038,284.038,0.07,6.0,0.04,23.0,0.21,45.23,0.31,40.32,0.79,45.23,0.69,40.32,0.93,6.0,0.96,23.0,0.14,0.14,0.093061,1776200983000
1776200985.229,285.229,0.07,6.0,0.04,23.0,0.21,45.23,0.31,40.32,0.79,45.23,0.69,40.32,0.93,6.0,0.96,23.0,0.14,0.14,0.093065,1776200984000
1776200988.454,288.454,0.07,6.0,0.04,23.0,0.21,45.23,0.31,40.32,0.79,45.23,0.69,40.32,0.93,6.0,0.96,23.0,0.14,0.14,0.093069,1776200987000
1776200988.98,288.98,0.07,6.0,0.04,23.0,0.21,45.23,0.31,40.32,0.79,45.23,0.69,40.32,0.93,6.0,0.96,23.0,0.14,0.14,0.093069,1776200988000
1776200989.882,289.882,0.07,6.0,0.02,10.0,0.21,58.23,0.31,40.32,0.79,45.23,0.69,40.32,0.93,6.0,0.96,23.0,0.14,0.14,0.093069,1776200988000
1776200990.448,290.448,0.07,6.0,0.02,10.0,0.21,58.23,0.31,40.32,0.79,58.23,0.69,40.32,0.93,6.0,0.98,10.0,0.14,0.14,0.09307,1776200989000
1776200991.098,291.098,0.07,6.0,0.02,10.0,0.21,58.23,0.31,40.32,0.79,58.23,0.69,40.32,0.93,6.0,0.98,10.0,0.14,0.14,0.09307,1776200990000
1776200992.691,292.691,0.07,6.0,0.02,10.0,0.21,58.23,0.31,40.32,0.79,58.23,0.69,40.32,0.93,6.0,0.98,10.0,0.14,0.14,0.09307,1776200991000
1776200992.999,292.999,0.07,4.92,0.02,10.0,0.12,28.0,0.21,45.23,0.79,58.23,0.69,40.32,0.93,6.0,0.98,10.0,0.05,0.14,0.09307,1776200991000
1776200993.367,293.367,0.07,4.92,0.02,10.0,0.12,28.0,0.21,45.23,0.88,28.0,0.79,45.23,0.93,4.92,0.98,10.0,0.05,0.05,0.09307,1776200992000
1776200993.994,293.994,0.07,4.92,0.02,10.0,0.12,28.0,0.21,45.23,0.88,28.0,0.79,45.23,0.93,4.92,0.98,10.0,0.05,0.05,0.09307,1776200993000
1776200995.093,295.093,0.02,4.66,0.01,255.0,0.11,50.0,0.21,45.23,0.88,28.0,0.79,45.23,0.93,4.92,0.98,10.0,0.09,0.05,0.09307,1776200993000
1776200995.392,295.392,0.01,229.61,,,0.11,50.0,0.21,45.23,0.89,50.0,0.79,45.23,0.99,229.61,,,0.1,0.1,0.09307,1776200994000
1776200995.982,295.982,0.01,229.61,,,0.11,50.0,0.21,45.23,0.89,50.0,0.79,45.23,0.99,229.61,,,0.1,0.1,0.09307,1776200995000
1776200996.392,296.392,0.01,98.5,,,0.06,5.0,0.11,50.0,0.89,50.0,0.79,45.23,0.99,229.61,,,0.05,0.1,0.09307,1776200995000
1776200997.119,297.119,0.01,46.0,,,0.06,5.0,0.11,50.0,0.94,5.0,0.89,50.0,0.99,98.5,,,0.05,0.05,0.09307,1776200995000
1776200997.323,297.323,0.01,32.86,,,0.06,5.0,0.11,50.0,0.94,5.0,0.89,50.0,0.99,46.0,,,0.05,0.05,0.093067,1776200996000
1776200998.734,298.734,,,,,0.06,5.0,0.11,50.0,0.94,5.0,0.89,50.0,,,,,,,0.093069,1776200997000
1776200999.289,299.289,,,,,0.06,5.0,0.11,50.0,0.94,5.0,0.89,50.0,,,,,,,0.093069,1776200998000
1776201000.676,300.676,,,,,0.06,5.0,0.11,50.0,0.94,5.0,0.89,50.0,,,,,,,0.093069,1776200999000

# RESULT,winner=Up,slug=doge-updown-5m-1776200700,ticks=318
