timestamp,elapsed_sec,up_bid_p1,up_bid_s1,up_bid_p2,up_bid_s2,up_ask_p1,up_ask_s1,up_ask_p2,up_ask_s2,down_bid_p1,down_bid_s1,down_bid_p2,down_bid_s2,down_ask_p1,down_ask_s1,down_ask_p2,down_ask_s2,up_spread,down_spread,doge_price,doge_oracle_ts
1776210311.262,11.262,0.24,5.0,0.22,5.0,0.32,5.0,0.35,15.0,0.68,5.0,0.65,15.0,0.76,5.0,0.78,5.0,0.08,0.08,0.093075,1776210310000
1776210311.543,11.543,0.24,5.0,0.22,5.0,0.32,5.0,0.35,15.0,0.68,5.0,0.65,15.0,0.76,5.0,0.78,5.0,0.08,0.08,0.093075,1776210310000
1776210311.947,11.947,0.24,5.0,0.22,5.0,0.32,5.0,0.35,15.0,0.68,5.0,0.65,15.0,0.76,5.0,0.78,5.0,0.08,0.08,0.093076,1776210311000
1776210312.153,12.153,0.22,5.0,0.2,20.0,0.32,5.0,0.35,15.0,0.68,5.0,0.65,15.0,0.76,5.0,0.78,5.0,0.1,0.08,0.093076,1776210311000
1776210312.996,12.996,0.22,5.0,0.2,20.0,0.32,5.0,0.35,15.0,0.68,5.0,0.65,15.0,0.78,5.0,0.8,20.0,0.1,0.1,0.093076,1776210312000
1776210314.194,14.194,0.22,5.0,0.2,20.0,0.32,5.0,0.35,15.0,0.68,5.0,0.65,15.0,0.78,5.0,0.8,20.0,0.1,0.1,0.093076,1776210313000
1776210315.879,15.879,0.22,5.0,0.2,20.0,0.32,5.0,0.35,15.0,0.68,5.0,0.65,15.0,0.78,5.0,0.8,20.0,0.1,0.1,0.093076,1776210314000
1776210316.55,16.55,0.22,5.0,0.2,20.0,0.32,5.0,0.35,15.0,0.68,5.0,0.65,15.0,0.78,5.0,0.8,20.0,0.1,0.1,0.093076,1776210315000
1776210317.725,17.725,0.22,5.0,0.2,20.0,0.32,5.0,0.35,15.0,0.68,5.0,0.65,15.0,0.78,5.0,0.8,20.0,0.1,0.1,0.093076,1776210316000
1776210318.309,18.309,0.22,5.0,0.2,20.0,0.32,5.0,0.35,15.0,0.68,5.0,0.65,15.0,0.78,5.0,0.8,20.0,0.1,0.1,0.093075,1776210317000
1776210318.962,18.962,0.22,5.0,0.2,20.0,0.32,5.0,0.35,15.0,0.68,5.0,0.65,15.0,0.78,5.0,0.8,20.0,0.1,0.1,0.093075,1776210318000
1776210320.421,20.421,0.22,5.0,0.2,20.0,0.32,5.0,0.35,15.0,0.68,5.0,0.65,15.0,0.78,5.0,0.8,20.0,0.1,0.1,0.093084,1776210319000
1776210321.136,21.136,0.22,5.0,0.2,20.0,0.32,5.0,0.35,15.0,0.68,5.0,0.65,15.0,0.78,5.0,0.8,20.0,0.1,0.1,0.093086,1776210320000
1776210322.296,22.296,0.22,5.0,0.2,20.0,0.32,5.0,0.35,15.0,0.68,5.0,0.65,15.0,0.78,5.0,0.8,20.0,0.1,0.1,0.093087,1776210321000
1776210323.037,23.037,0.22,5.0,0.2,20.0,0.32,5.0,0.35,15.0,0.68,5.0,0.65,15.0,0.78,5.0,0.8,20.0,0.1,0.1,0.093087,1776210322000
1776210324.646,24.646,0.22,5.0,0.2,20.0,0.32,5.0,0.35,15.0,0.68,5.0,0.65,15.0,0.78,5.0,0.8,20.0,0.1,0.1,0.093087,1776210323000
1776210325.123,25.123,0.22,5.0,0.2,20.0,0.32,5.0,0.35,15.0,0.68,5.0,0.65,15.0,0.78,5.0,0.8,20.0,0.1,0.1,0.093087,1776210324000
1776210326.429,26.429,0.22,5.0,0.2,20.0,0.32,5.0,0.35,15.0,0.68,5.0,0.65,15.0,0.78,5.0,0.8,20.0,0.1,0.1,0.093087,1776210325000
1776210327.134,27.134,0.22,5.0,0.2,20.0,0.32,5.0,0.35,15.0,0.68,5.0,0.65,15.0,0.78,5.0,0.8,20.0,0.1,0.1,0.093085,1776210326000
1776210328.315,28.315,0.22,5.0,0.2,20.0,0.32,5.0,0.35,15.0,0.68,5.0,0.65,15.0,0.78,5.0,0.8,20.0,0.1,0.1,0.093084,1776210327000
1776210329.018,29.018,0.22,5.0,0.2,20.0,0.32,5.0,0.35,15.0,0.68,5.0,0.65,15.0,0.78,5.0,0.8,20.0,0.1,0.1,0.093084,1776210328000
1776210330.315,30.315,0.22,5.0,0.2,20.0,0.32,5.0,0.35,15.0,0.68,5.0,0.65,15.0,0.78,5.0,0.8,20.0,0.1,0.1,0.093084,1776210329000
1776210331.838,31.838,0.22,5.0,0.2,20.0,0.32,5.0,0.35,15.0,0.68,5.0,0.65,15.0,0.78,5.0,0.8,20.0,0.1,0.1,0.093084,1776210330000
1776210332.433,32.433,0.22,5.0,0.2,20.0,0.32,5.0,0.35,15.0,0.68,5.0,0.65,15.0,0.78,5.0,0.8,20.0,0.1,0.1,0.093084,1776210331000
1776210333.095,33.095,0.22,5.0,0.2,20.0,0.32,5.0,0.35,15.0,0.68,5.0,0.65,15.0,0.78,5.0,0.8,20.0,0.1,0.1,0.093084,1776210332000
1776210333.308,33.308,0.26,3.57,0.19,5.0,0.28,31.0,0.31,55.0,0.68,5.0,0.65,15.0,0.78,5.0,0.8,20.0,0.02,0.1,0.093084,1776210332000
1776210333.731,33.731,0.16,5.0,0.14,26.6,0.28,26.0,0.29,5.0,0.72,31.0,0.69,55.0,0.74,3.57,0.81,5.0,0.12,0.02,0.093084,1776210332000
1776210334.033,34.033,0.16,5.0,0.14,26.6,0.28,26.0,0.29,5.0,0.72,26.0,0.71,5.0,0.84,5.0,0.86,26.6,0.12,0.12,0.093084,1776210333000
1776210335.074,35.074,0.16,5.0,0.14,26.6,0.28,26.0,0.29,5.0,0.72,26.0,0.71,5.0,0.84,5.0,0.86,26.6,0.12,0.12,0.093061,1776210334000
1776210336.215,36.215,0.16,5.0,0.14,26.6,0.28,26.0,0.29,5.0,0.72,26.0,0.71,5.0,0.84,5.0,0.86,26.6,0.12,0.12,0.093056,1776210335000
1776210337.322,37.322,0.16,5.0,0.14,26.6,0.28,26.0,0.29,5.0,0.72,26.0,0.71,5.0,0.84,5.0,0.86,26.6,0.12,0.12,0.093057,1776210336000
1776210338.079,38.079,0.16,5.0,0.14,26.6,0.28,26.0,0.29,5.0,0.72,26.0,0.71,5.0,0.84,5.0,0.86,26.6,0.12,0.12,0.093059,1776210337000
1776210339.136,39.136,0.16,5.0,0.14,26.6,0.28,26.0,0.29,5.0,0.72,26.0,0.71,5.0,0.84,5.0,0.86,26.6,0.12,0.12,0.093057,1776210338000
1776210340.336,40.336,0.16,5.0,0.14,26.6,0.28,26.0,0.29,5.0,0.72,26.0,0.71,5.0,0.84,5.0,0.86,26.6,0.12,0.12,0.093058,1776210339000
1776210341.384,41.384,0.16,5.0,0.14,26.6,0.28,26.0,0.29,5.0,0.72,26.0,0.71,5.0,0.84,5.0,0.86,26.6,0.12,0.12,0.09306,1776210340000
1776210342.092,42.092,0.19,10.77,0.18,17.6,0.24,5.0,0.28,31.0,0.76,5.0,0.72,31.0,0.81,10.77,0.82,17.6,0.05,0.05,0.09306,1776210341000
1776210343.072,43.072,0.19,10.77,0.18,17.6,0.24,5.0,0.28,31.0,0.76,5.0,0.72,31.0,0.81,10.77,0.82,17.6,0.05,0.05,0.093059,1776210342000
1776210344.183,44.183,0.19,10.77,0.18,17.6,0.24,5.0,0.28,31.0,0.76,5.0,0.72,31.0,0.81,10.77,0.82,17.6,0.05,0.05,0.093059,1776210343000
1776210345.426,45.426,0.19,10.77,0.18,17.6,0.24,5.0,0.28,31.0,0.76,5.0,0.72,31.0,0.81,10.77,0.82,17.6,0.05,0.05,0.09306,1776210344000
1776210346.293,46.293,0.19,10.77,0.18,17.6,0.24,5.0,0.28,31.0,0.76,5.0,0.72,31.0,0.81,10.77,0.82,17.6,0.05,0.05,0.093059,1776210345000
1776210347.378,47.378,0.19,10.77,0.18,17.6,0.24,5.0,0.28,31.0,0.76,5.0,0.72,31.0,0.81,10.77,0.82,17.6,0.05,0.05,0.093059,1776210346000
1776210347.912,47.912,0.19,10.77,0.18,17.6,0.24,5.0,0.28,31.0,0.76,5.0,0.72,31.0,0.81,10.77,0.82,17.6,0.05,0.05,0.093059,1776210347000
1776210348.948,48.948,0.19,10.77,0.18,17.6,0.24,5.0,0.28,31.0,0.76,5.0,0.72,31.0,0.81,10.77,0.82,17.6,0.05,0.05,0.09306,1776210348000
1776210349.981,49.981,0.19,10.77,0.18,17.6,0.24,5.0,0.28,31.0,0.76,5.0,0.72,31.0,0.81,10.77,0.82,17.6,0.05,0.05,0.09306,1776210349000
1776210351.113,51.113,0.19,10.77,0.18,17.6,0.24,5.0,0.28,31.0,0.76,5.0,0.72,31.0,0.81,10.77,0.82,17.6,0.05,0.05,0.09306,1776210350000
1776210352.232,52.232,0.19,10.77,0.18,17.6,0.24,5.0,0.28,31.0,0.76,5.0,0.72,31.0,0.81,10.77,0.82,17.6,0.05,0.05,0.09306,1776210351000
1776210353.242,53.242,0.19,10.77,0.18,17.6,0.24,5.0,0.28,31.0,0.76,5.0,0.72,31.0,0.81,10.77,0.82,17.6,0.05,0.05,0.093069,1776210352000
1776210354.217,54.217,0.19,10.77,0.18,17.6,0.24,5.0,0.28,31.0,0.76,5.0,0.72,31.0,0.81,10.77,0.82,17.6,0.05,0.05,0.093072,1776210353000
1776210355.242,55.242,0.19,10.77,0.18,17.6,0.24,5.0,0.28,31.0,0.76,5.0,0.72,31.0,0.81,10.77,0.82,17.6,0.05,0.05,0.093072,1776210354000
1776210356.244,56.244,0.19,10.77,0.18,17.6,0.24,5.0,0.28,31.0,0.76,5.0,0.72,31.0,0.81,10.77,0.82,17.6,0.05,0.05,0.093073,1776210355000
1776210357.223,57.223,0.19,10.77,0.18,17.6,0.24,5.0,0.28,31.0,0.76,5.0,0.72,31.0,0.81,10.77,0.82,17.6,0.05,0.05,0.093072,1776210356000
1776210358.186,58.186,0.19,10.77,0.18,17.6,0.24,5.0,0.28,31.0,0.76,5.0,0.72,31.0,0.81,10.77,0.82,17.6,0.05,0.05,0.093072,1776210357000
1776210359.642,59.642,0.19,10.77,0.18,17.6,0.24,5.0,0.28,31.0,0.76,5.0,0.72,31.0,0.81,10.77,0.82,17.6,0.05,0.05,0.093072,1776210358000
1776210360.264,60.264,0.19,10.77,0.18,17.6,0.24,5.0,0.28,31.0,0.76,5.0,0.72,31.0,0.81,10.77,0.82,17.6,0.05,0.05,0.093073,1776210359000
1776210360.771,60.771,0.19,15.54,0.18,17.6,0.26,18.0,0.3,10.0,0.76,5.0,0.72,31.0,0.81,10.77,0.82,17.6,0.07,0.05,0.093073,1776210359000
1776210361.308,61.308,0.19,15.54,0.18,17.6,0.26,18.0,0.3,10.0,0.74,18.0,0.7,10.0,0.81,15.54,0.82,17.6,0.07,0.07,0.093072,1776210360000
1776210362.158,62.158,0.19,15.54,0.18,17.6,0.26,18.0,0.3,10.0,0.74,18.0,0.7,10.0,0.81,15.54,0.82,17.6,0.07,0.07,0.093072,1776210361000
1776210363.206,63.206,0.19,15.54,0.18,17.6,0.26,18.0,0.3,10.0,0.74,18.0,0.7,10.0,0.81,15.54,0.82,17.6,0.07,0.07,0.093072,1776210362000
1776210363.842,63.842,0.19,15.54,0.18,22.6,0.26,7.61,0.27,5.0,0.74,18.0,0.7,10.0,0.81,15.54,0.82,17.6,0.07,0.07,0.093072,1776210362000
1776210364.402,64.402,0.19,15.54,0.18,22.6,0.26,7.61,0.27,5.0,0.74,7.61,0.73,5.0,0.81,15.54,0.82,22.6,0.07,0.07,0.093072,1776210363000
1776210365.014,65.014,0.19,15.54,0.18,22.6,0.26,7.61,0.27,5.0,0.74,7.61,0.73,5.0,0.81,15.54,0.82,22.6,0.07,0.07,0.093072,1776210364000
1776210366.157,66.157,0.19,15.54,0.18,22.6,0.26,7.61,0.27,5.0,0.74,7.61,0.73,5.0,0.81,15.54,0.82,22.6,0.07,0.07,0.093072,1776210365000
1776210367.339,67.339,0.19,15.54,0.18,22.6,0.26,7.61,0.27,5.0,0.74,7.61,0.73,5.0,0.81,15.54,0.82,22.6,0.07,0.07,0.093071,1776210366000
1776210368.585,68.585,0.19,15.54,0.18,22.6,0.26,7.61,0.27,5.0,0.74,7.61,0.73,5.0,0.81,15.54,0.82,22.6,0.07,0.07,0.093071,1776210367000
1776210369.216,69.216,0.19,15.54,0.18,22.6,0.26,7.61,0.27,5.0,0.74,7.61,0.73,5.0,0.81,15.54,0.82,22.6,0.07,0.07,0.093071,1776210368000
1776210370.305,70.305,0.19,15.54,0.18,22.6,0.26,7.61,0.27,5.0,0.74,7.61,0.73,5.0,0.81,15.54,0.82,22.6,0.07,0.07,0.093071,1776210369000
1776210370.899,70.899,0.19,15.54,0.18,22.6,0.26,7.61,0.27,5.0,0.74,7.61,0.73,5.0,0.81,15.54,0.82,22.6,0.07,0.07,0.093079,1776210370000
1776210371.356,71.356,0.22,15.2,0.21,15.7,0.33,5.0,0.35,10.0,0.74,7.61,0.73,5.0,0.81,15.54,0.82,22.6,0.11,0.07,0.093079,1776210370000
1776210371.968,71.968,0.22,15.2,0.21,15.7,0.33,5.0,0.35,10.0,0.67,5.0,0.65,10.0,0.78,15.2,0.79,15.7,0.11,0.11,0.093084,1776210371000
1776210373.245,73.245,0.22,15.2,0.21,15.7,0.33,5.0,0.35,10.0,0.67,5.0,0.65,10.0,0.78,15.2,0.79,15.7,0.11,0.11,0.093085,1776210372000
1776210374.887,74.887,0.22,15.2,0.21,15.7,0.33,5.0,0.35,10.0,0.67,5.0,0.65,10.0,0.78,15.2,0.79,15.7,0.11,0.11,0.093092,1776210373000
1776210375.651,75.651,0.22,15.2,0.21,15.7,0.33,5.0,0.35,10.0,0.67,5.0,0.65,10.0,0.78,15.2,0.79,15.7,0.11,0.11,0.093096,1776210374000
1776210376.216,76.216,0.22,15.2,0.21,15.7,0.33,5.0,0.35,10.0,0.67,5.0,0.65,10.0,0.78,15.2,0.79,15.7,0.11,0.11,0.093104,1776210375000
1776210377.532,77.532,0.22,15.2,0.21,15.7,0.33,5.0,0.35,10.0,0.67,5.0,0.65,10.0,0.78,15.2,0.79,15.7,0.11,0.11,0.093106,1776210376000
1776210378.387,78.387,0.22,15.2,0.21,15.7,0.33,5.0,0.35,10.0,0.67,5.0,0.65,10.0,0.78,15.2,0.79,15.7,0.11,0.11,0.093106,1776210377000
1776210379.028,79.028,0.22,15.2,0.21,15.7,0.33,5.0,0.35,10.0,0.67,5.0,0.65,10.0,0.78,15.2,0.79,15.7,0.11,0.11,0.093107,1776210378000
1776210380.516,80.516,0.22,15.2,0.21,15.7,0.33,5.0,0.35,10.0,0.67,5.0,0.65,10.0,0.78,15.2,0.79,15.7,0.11,0.11,0.093107,1776210379000
1776210381.253,81.253,0.22,15.2,0.21,15.7,0.33,5.0,0.35,10.0,0.67,5.0,0.65,10.0,0.78,15.2,0.79,15.7,0.11,0.11,0.093118,1776210380000
1776210382.578,82.578,0.22,15.2,0.21,15.7,0.33,5.0,0.35,10.0,0.67,5.0,0.65,10.0,0.78,15.2,0.79,15.7,0.11,0.11,0.093125,1776210381000
1776210383.195,83.195,0.22,15.2,0.21,15.7,0.33,5.0,0.35,10.0,0.67,5.0,0.65,10.0,0.78,15.2,0.79,15.7,0.11,0.11,0.093125,1776210382000
1776210384.596,84.596,0.22,15.2,0.21,15.7,0.33,5.0,0.35,10.0,0.67,5.0,0.65,10.0,0.78,15.2,0.79,15.7,0.11,0.11,0.09313,1776210383000
1776210385.259,85.259,0.22,15.2,0.21,15.7,0.33,5.0,0.35,10.0,0.67,5.0,0.65,10.0,0.78,15.2,0.79,15.7,0.11,0.11,0.09313,1776210384000
1776210386.517,86.517,0.22,15.2,0.21,15.7,0.33,5.0,0.35,10.0,0.67,5.0,0.65,10.0,0.78,15.2,0.79,15.7,0.11,0.11,0.093131,1776210385000
1776210387.246,87.246,0.22,15.2,0.21,15.7,0.33,5.0,0.35,10.0,0.67,5.0,0.65,10.0,0.78,15.2,0.79,15.7,0.11,0.11,0.093131,1776210386000
1776210388.678,88.678,0.22,15.2,0.21,15.7,0.33,5.0,0.35,10.0,0.67,5.0,0.65,10.0,0.78,15.2,0.79,15.7,0.11,0.11,0.093134,1776210387000
1776210389.352,89.352,0.22,15.2,0.21,15.7,0.33,5.0,0.35,10.0,0.67,5.0,0.65,10.0,0.78,15.2,0.79,15.7,0.11,0.11,0.093133,1776210388000
1776210390.166,90.166,0.22,15.2,0.21,15.7,0.33,5.0,0.35,10.0,0.67,5.0,0.65,10.0,0.78,15.2,0.79,15.7,0.11,0.11,0.093133,1776210389000
1776210391.348,91.348,0.22,15.2,0.21,15.7,0.33,5.0,0.35,10.0,0.67,5.0,0.65,10.0,0.78,15.2,0.79,15.7,0.11,0.11,0.093132,1776210390000
1776210392.358,92.358,0.22,15.2,0.21,15.7,0.33,5.0,0.35,10.0,0.67,5.0,0.65,10.0,0.78,15.2,0.79,15.7,0.11,0.11,0.093134,1776210391000
1776210392.888,92.888,0.22,15.2,0.21,15.7,0.33,5.0,0.35,10.0,0.67,5.0,0.65,10.0,0.78,15.2,0.79,15.7,0.11,0.11,0.093134,1776210392000
1776210393.993,93.993,0.22,15.2,0.21,15.7,0.33,5.0,0.35,10.0,0.67,5.0,0.65,10.0,0.78,15.2,0.79,15.7,0.11,0.11,0.093134,1776210393000
1776210395.166,95.166,0.22,15.2,0.21,15.7,0.33,5.0,0.35,10.0,0.67,5.0,0.65,10.0,0.78,15.2,0.79,15.7,0.11,0.11,0.093134,1776210394000
1776210396.29,96.29,0.22,15.2,0.21,15.7,0.33,5.0,0.35,10.0,0.67,5.0,0.65,10.0,0.78,15.2,0.79,15.7,0.11,0.11,0.093133,1776210395000
1776210397.394,97.394,0.22,15.2,0.21,15.7,0.33,5.0,0.35,10.0,0.67,5.0,0.65,10.0,0.78,15.2,0.79,15.7,0.11,0.11,0.093133,1776210396000
1776210397.836,97.836,0.22,15.2,0.21,15.7,0.33,5.0,0.35,10.0,0.67,5.0,0.65,10.0,0.78,15.2,0.79,15.7,0.11,0.11,0.093133,1776210397000
1776210398.976,98.976,0.22,15.2,0.21,15.7,0.33,5.0,0.35,10.0,0.67,5.0,0.65,10.0,0.78,15.2,0.79,15.7,0.11,0.11,0.093134,1776210398000
1776210400.134,100.134,0.22,15.2,0.21,15.7,0.33,5.0,0.35,10.0,0.67,5.0,0.65,10.0,0.78,15.2,0.79,15.7,0.11,0.11,0.093137,1776210399000
1776210400.995,100.995,0.42,10.7,0.41,10.7,0.57,5.0,0.59,5.0,0.67,5.0,0.65,10.0,0.78,15.2,0.79,15.7,0.15,0.11,0.093137,1776210399000
1776210402.24,102.24,0.42,10.7,0.41,10.7,0.57,5.0,0.59,5.0,0.43,5.0,0.41,5.0,0.58,10.7,0.59,10.7,0.15,0.15,0.093145,1776210401000
1776210403.223,103.223,0.42,10.7,0.41,10.7,0.57,5.0,0.59,5.0,0.43,5.0,0.41,5.0,0.58,10.7,0.59,10.7,0.15,0.15,0.093147,1776210402000
1776210404.346,104.346,0.42,10.7,0.41,10.7,0.57,5.0,0.59,5.0,0.43,5.0,0.41,5.0,0.58,10.7,0.59,10.7,0.15,0.15,0.093138,1776210403000
1776210404.931,104.931,0.42,10.7,0.41,10.7,0.57,5.0,0.59,5.0,0.43,5.0,0.41,5.0,0.58,10.7,0.59,10.7,0.15,0.15,0.093138,1776210404000
1776210406.437,106.437,0.42,10.7,0.41,10.7,0.57,5.0,0.59,5.0,0.43,5.0,0.41,5.0,0.58,10.7,0.59,10.7,0.15,0.15,0.093134,1776210405000
1776210406.688,106.688,0.38,21.0,0.37,11.2,0.55,3.77,0.56,20.6,0.43,5.0,0.41,5.0,0.58,10.7,0.59,10.7,0.17,0.15,0.093134,1776210405000
1776210407.019,107.019,0.38,21.0,0.37,11.2,0.55,3.77,0.56,20.6,0.45,3.77,0.44,20.6,0.62,21.0,0.63,11.2,0.17,0.17,0.093134,1776210406000
1776210408.136,108.136,0.38,21.0,0.37,11.2,0.55,3.77,0.56,20.6,0.45,3.77,0.44,20.6,0.62,21.0,0.63,11.2,0.17,0.17,0.093136,1776210407000
1776210409.225,109.225,0.38,21.0,0.37,11.2,0.55,3.77,0.56,20.6,0.45,3.77,0.44,20.6,0.62,21.0,0.63,11.2,0.17,0.17,0.093137,1776210408000
1776210410.414,110.414,0.38,21.0,0.37,11.2,0.55,3.77,0.56,20.6,0.45,3.77,0.44,20.6,0.62,21.0,0.63,11.2,0.17,0.17,0.093137,1776210409000
1776210410.942,110.942,0.38,21.0,0.37,11.2,0.55,3.77,0.56,20.6,0.45,3.77,0.44,20.6,0.62,21.0,0.63,11.2,0.17,0.17,0.093136,1776210410000
1776210411.424,111.424,0.47,5.0,0.43,10.6,0.62,5.0,0.63,5.0,0.45,3.77,0.44,20.6,0.62,21.0,0.63,11.2,0.15,0.17,0.093136,1776210410000
1776210412.152,112.152,0.47,5.0,0.43,10.6,0.62,5.0,0.63,5.0,0.38,5.0,0.37,5.0,0.53,5.0,0.57,10.6,0.15,0.15,0.09315,1776210411000
1776210413.307,113.307,0.47,5.0,0.43,10.6,0.62,5.0,0.63,5.0,0.38,5.0,0.37,5.0,0.53,5.0,0.57,10.6,0.15,0.15,0.093159,1776210412000
1776210414.41,114.41,0.47,5.0,0.43,10.6,0.62,5.0,0.63,5.0,0.38,5.0,0.37,5.0,0.53,5.0,0.57,10.6,0.15,0.15,0.093158,1776210413000
1776210414.898,114.898,0.47,5.0,0.43,10.6,0.62,5.0,0.63,5.0,0.38,5.0,0.37,5.0,0.53,5.0,0.57,10.6,0.15,0.15,0.093158,1776210414000
1776210416.047,116.047,0.47,5.0,0.43,10.6,0.62,5.0,0.63,5.0,0.38,5.0,0.37,5.0,0.53,5.0,0.57,10.6,0.15,0.15,0.093159,1776210415000
1776210417.216,117.216,0.47,5.0,0.43,10.6,0.62,5.0,0.63,5.0,0.38,5.0,0.37,5.0,0.53,5.0,0.57,10.6,0.15,0.15,0.093159,1776210416000
1776210418.375,118.375,0.47,5.0,0.43,10.6,0.62,5.0,0.63,5.0,0.38,5.0,0.37,5.0,0.53,5.0,0.57,10.6,0.15,0.15,0.093161,1776210417000
1776210418.825,118.825,0.47,5.0,0.43,10.6,0.62,5.0,0.63,5.0,0.38,5.0,0.37,5.0,0.53,5.0,0.57,10.6,0.15,0.15,0.093161,1776210418000
1776210419.934,119.934,0.51,10.4,0.5,15.4,0.66,5.53,0.67,21.8,0.34,5.53,0.33,21.8,0.49,10.4,0.5,15.4,0.15,0.15,0.093161,1776210419000
1776210421.338,121.338,0.51,10.4,0.5,15.4,0.66,5.53,0.67,21.8,0.34,5.53,0.33,21.8,0.49,10.4,0.5,15.4,0.15,0.15,0.09316,1776210420000
1776210421.894,121.894,0.51,10.4,0.5,15.4,0.66,5.53,0.67,21.8,0.34,5.53,0.33,21.8,0.49,10.4,0.5,15.4,0.15,0.15,0.093162,1776210421000
1776210422.951,122.951,0.51,10.4,0.5,15.4,0.66,5.53,0.67,21.8,0.34,5.53,0.33,21.8,0.49,10.4,0.5,15.4,0.15,0.15,0.09316,1776210422000
1776210423.939,123.939,0.51,10.4,0.5,15.4,0.66,5.53,0.67,21.8,0.34,5.53,0.33,21.8,0.49,10.4,0.5,15.4,0.15,0.15,0.093161,1776210423000
1776210424.985,124.985,0.51,10.4,0.5,15.4,0.66,5.53,0.67,21.8,0.34,5.53,0.33,21.8,0.49,10.4,0.5,15.4,0.15,0.15,0.093161,1776210424000
1776210426.008,126.008,0.51,10.4,0.5,15.4,0.66,5.53,0.67,21.8,0.34,5.53,0.33,21.8,0.49,10.4,0.5,15.4,0.15,0.15,0.09316,1776210425000
1776210427.008,127.008,0.44,10.6,0.43,10.6,0.62,5.0,0.63,5.0,0.38,5.0,0.37,5.0,0.56,10.6,0.57,10.6,0.18,0.18,0.09316,1776210426000
1776210428.005,128.005,0.44,10.6,0.43,10.6,0.62,5.0,0.63,5.0,0.38,5.0,0.37,5.0,0.56,10.6,0.57,10.6,0.18,0.18,0.093157,1776210427000
1776210428.954,128.954,0.44,10.6,0.43,10.6,0.62,5.0,0.63,5.0,0.38,5.0,0.37,5.0,0.56,10.6,0.57,10.6,0.18,0.18,0.093154,1776210428000
1776210430.13,130.13,0.44,10.6,0.43,10.6,0.62,5.0,0.63,5.0,0.38,5.0,0.37,5.0,0.56,10.6,0.57,10.6,0.18,0.18,0.093154,1776210429000
1776210431.088,131.088,0.44,10.6,0.43,10.6,0.62,5.0,0.63,5.0,0.38,5.0,0.37,5.0,0.56,10.6,0.57,10.6,0.18,0.18,0.093154,1776210430000
1776210432.06,132.06,0.44,10.6,0.43,10.6,0.62,5.0,0.63,5.0,0.38,5.0,0.37,5.0,0.56,10.6,0.57,10.6,0.18,0.18,0.093154,1776210431000
1776210433.085,133.085,0.44,10.6,0.43,10.6,0.62,5.0,0.63,5.0,0.38,5.0,0.37,5.0,0.56,10.6,0.57,10.6,0.18,0.18,0.093154,1776210432000
1776210434.215,134.215,0.44,10.6,0.43,10.6,0.62,5.0,0.63,5.0,0.38,5.0,0.37,5.0,0.56,10.6,0.57,10.6,0.18,0.18,0.093155,1776210433000
1776210435.413,135.413,0.44,10.6,0.43,10.6,0.62,5.0,0.63,5.0,0.38,5.0,0.37,5.0,0.56,10.6,0.57,10.6,0.18,0.18,0.093153,1776210434000
1776210435.97,135.97,0.44,10.6,0.43,10.6,0.62,5.0,0.63,5.0,0.38,5.0,0.37,5.0,0.56,10.6,0.57,10.6,0.18,0.18,0.093154,1776210435000
1776210437.105,137.105,0.44,10.6,0.43,10.6,0.62,5.0,0.63,5.0,0.38,5.0,0.37,5.0,0.56,10.6,0.57,10.6,0.18,0.18,0.093153,1776210436000
1776210438.375,138.375,0.44,10.6,0.43,10.6,0.62,5.0,0.63,5.0,0.38,5.0,0.37,5.0,0.56,10.6,0.57,10.6,0.18,0.18,0.093152,1776210437000
1776210438.91,138.91,0.44,10.6,0.43,10.6,0.62,5.0,0.63,5.0,0.38,5.0,0.37,5.0,0.56,10.6,0.57,10.6,0.18,0.18,0.093153,1776210438000
1776210440.071,140.071,0.44,10.6,0.43,10.6,0.62,5.0,0.63,5.0,0.38,5.0,0.37,5.0,0.56,10.6,0.57,10.6,0.18,0.18,0.093153,1776210439000
1776210441.303,141.303,0.44,10.6,0.43,10.6,0.62,5.0,0.63,5.0,0.38,5.0,0.37,5.0,0.56,10.6,0.57,10.6,0.18,0.18,0.093152,1776210440000
1776210441.869,141.869,0.44,10.6,0.43,10.6,0.62,5.0,0.63,5.0,0.38,5.0,0.37,5.0,0.56,10.6,0.57,10.6,0.18,0.18,0.093152,1776210441000
1776210442.983,142.983,0.44,10.6,0.43,10.6,0.62,5.0,0.63,5.0,0.38,5.0,0.37,5.0,0.56,10.6,0.57,10.6,0.18,0.18,0.093152,1776210442000
1776210444.337,144.337,0.44,10.6,0.43,10.6,0.62,5.0,0.63,5.0,0.38,5.0,0.37,5.0,0.56,10.6,0.57,10.6,0.18,0.18,0.093152,1776210443000
1776210445.059,145.059,0.44,10.6,0.43,10.6,0.62,5.0,0.63,5.0,0.38,5.0,0.37,5.0,0.56,10.6,0.57,10.6,0.18,0.18,0.093152,1776210444000
1776210446.191,146.191,0.44,10.6,0.43,10.6,0.62,5.0,0.63,5.0,0.38,5.0,0.37,5.0,0.56,10.6,0.57,10.6,0.18,0.18,0.093152,1776210445000
1776210447.259,147.259,0.44,10.6,0.43,10.6,0.62,5.0,0.63,5.0,0.38,5.0,0.37,5.0,0.56,10.6,0.57,10.6,0.18,0.18,0.093155,1776210446000
1776210448.41,148.41,0.44,10.6,0.43,10.6,0.62,5.0,0.63,5.0,0.38,5.0,0.37,5.0,0.56,10.6,0.57,10.6,0.18,0.18,0.093153,1776210447000
1776210448.982,148.982,0.44,10.6,0.43,10.6,0.62,5.0,0.63,5.0,0.38,5.0,0.37,5.0,0.56,10.6,0.57,10.6,0.18,0.18,0.093153,1776210448000
1776210450.269,150.269,0.44,10.6,0.43,10.6,0.62,5.0,0.63,5.0,0.38,5.0,0.37,5.0,0.56,10.6,0.57,10.6,0.18,0.18,0.093157,1776210449000
1776210451.294,151.294,0.44,10.6,0.43,10.6,0.62,5.0,0.63,5.0,0.38,5.0,0.37,5.0,0.56,10.6,0.57,10.6,0.18,0.18,0.093157,1776210450000
1776210452.247,152.247,0.44,10.6,0.43,10.6,0.62,5.0,0.63,5.0,0.38,5.0,0.37,5.0,0.56,10.6,0.57,10.6,0.18,0.18,0.093157,1776210451000
1776210453.338,153.338,0.47,10.4,0.46,10.5,0.68,5.63,0.69,12.2,0.38,5.0,0.37,5.0,0.56,10.6,0.57,10.6,0.21,0.18,0.093157,1776210451000
1776210453.965,153.965,0.47,10.4,0.46,10.5,0.68,5.63,0.69,12.2,0.32,5.63,0.31,12.2,0.53,10.4,0.54,10.5,0.21,0.21,0.093157,1776210453000
1776210454.966,154.966,0.47,10.4,0.46,10.5,0.68,5.63,0.69,12.2,0.32,5.63,0.31,12.2,0.53,10.4,0.54,10.5,0.21,0.21,0.093155,1776210454000
1776210455.565,155.565,0.38,10.0,0.35,5.0,0.51,5.0,0.59,20.0,0.32,5.63,0.31,12.2,0.53,10.4,0.54,10.5,0.13,0.21,0.093155,1776210454000
1776210455.98,155.98,0.38,10.0,0.35,5.0,0.51,5.0,0.59,20.0,0.49,5.0,0.41,20.0,0.62,10.0,0.65,5.0,0.13,0.13,0.093158,1776210455000
1776210456.924,156.924,0.38,10.0,0.35,5.0,0.51,5.0,0.59,20.0,0.49,5.0,0.41,20.0,0.62,10.0,0.65,5.0,0.13,0.13,0.093151,1776210456000
1776210457.847,157.847,0.38,10.0,0.35,5.0,0.51,5.0,0.59,20.0,0.49,5.0,0.41,20.0,0.62,10.0,0.65,5.0,0.13,0.13,0.093142,1776210457000
1776210458.872,158.872,0.38,10.0,0.35,5.0,0.51,5.0,0.59,20.0,0.49,5.0,0.41,20.0,0.62,10.0,0.65,5.0,0.13,0.13,0.093129,1776210458000
1776210459.193,159.193,0.38,1.75,0.31,5.0,0.45,5.0,0.47,5.0,0.49,5.0,0.41,20.0,0.62,10.0,0.65,5.0,0.07,0.13,0.093129,1776210458000
1776210459.917,159.917,0.38,1.75,0.31,5.0,0.45,5.0,0.47,5.0,0.55,5.0,0.53,5.0,0.62,1.75,0.69,5.0,0.07,0.07,0.093127,1776210459000
1776210460.906,160.906,0.38,1.75,0.31,5.0,0.45,5.0,0.47,5.0,0.55,5.0,0.53,5.0,0.62,1.75,0.69,5.0,0.07,0.07,0.093119,1776210460000
1776210461.888,161.888,0.38,1.75,0.31,5.0,0.45,5.0,0.47,5.0,0.55,5.0,0.53,5.0,0.62,1.75,0.69,5.0,0.07,0.07,0.093119,1776210461000
1776210463.659,163.659,0.38,1.75,0.31,5.0,0.45,5.0,0.47,5.0,0.55,5.0,0.53,5.0,0.62,1.75,0.69,5.0,0.07,0.07,0.093119,1776210462000
1776210464.285,164.285,0.38,1.75,0.31,5.0,0.45,5.0,0.47,5.0,0.55,5.0,0.53,5.0,0.62,1.75,0.69,5.0,0.07,0.07,0.093119,1776210463000
1776210465.568,165.568,0.38,1.75,0.31,5.0,0.45,5.0,0.47,5.0,0.55,5.0,0.53,5.0,0.62,1.75,0.69,5.0,0.07,0.07,0.093119,1776210464000
1776210466.217,166.217,0.38,1.75,0.31,5.0,0.45,5.0,0.47,5.0,0.55,5.0,0.53,5.0,0.62,1.75,0.69,5.0,0.07,0.07,0.093119,1776210465000
1776210467.47,167.47,0.38,1.75,0.31,5.0,0.45,5.0,0.47,5.0,0.55,5.0,0.53,5.0,0.62,1.75,0.69,5.0,0.07,0.07,0.093115,1776210466000
1776210467.979,167.979,0.38,1.75,0.31,5.0,0.45,5.0,0.47,5.0,0.55,5.0,0.53,5.0,0.62,1.75,0.69,5.0,0.07,0.07,0.093115,1776210467000
1776210469.129,169.129,0.38,1.75,0.31,5.0,0.45,5.0,0.47,5.0,0.55,5.0,0.53,5.0,0.62,1.75,0.69,5.0,0.07,0.07,0.093115,1776210468000
1776210469.446,169.446,0.38,0.18,0.3,5.0,0.43,10.6,0.44,10.6,0.55,5.0,0.53,5.0,0.62,1.75,0.69,5.0,0.05,0.07,0.093115,1776210468000
1776210470.227,170.227,0.38,0.18,0.3,5.0,0.43,10.6,0.44,10.6,0.57,10.6,0.56,10.6,0.62,0.18,0.7,5.0,0.05,0.05,0.093115,1776210469000
1776210471.508,171.508,0.38,0.18,0.3,5.0,0.43,10.6,0.44,10.6,0.57,10.6,0.56,10.6,0.62,0.18,0.7,5.0,0.05,0.05,0.093115,1776210470000
1776210472.085,172.085,0.38,0.18,0.3,5.0,0.43,10.6,0.44,10.6,0.57,10.6,0.56,10.6,0.62,0.18,0.7,5.0,0.05,0.05,0.093115,1776210471000
1776210473.319,173.319,0.38,0.18,0.3,5.0,0.43,10.6,0.44,10.6,0.57,10.6,0.56,10.6,0.62,0.18,0.7,5.0,0.05,0.05,0.093115,1776210472000
1776210474.421,174.421,0.38,0.18,0.3,5.0,0.43,10.6,0.44,10.6,0.57,10.6,0.56,10.6,0.62,0.18,0.7,5.0,0.05,0.05,0.093115,1776210473000
1776210474.993,174.993,0.38,0.18,0.3,5.0,0.43,10.6,0.44,10.6,0.57,10.6,0.56,10.6,0.62,0.18,0.7,5.0,0.05,0.05,0.093115,1776210474000
1776210476.126,176.126,0.38,0.18,0.3,5.0,0.43,10.6,0.44,10.6,0.57,10.6,0.56,10.6,0.62,0.18,0.7,5.0,0.05,0.05,0.093118,1776210475000
1776210477.161,177.161,0.38,0.18,0.3,5.0,0.43,10.6,0.44,10.6,0.57,10.6,0.56,10.6,0.62,0.18,0.7,5.0,0.05,0.05,0.093122,1776210476000
1776210478.165,178.165,0.38,0.18,0.3,5.0,0.43,10.6,0.44,10.6,0.57,10.6,0.56,10.6,0.62,0.18,0.7,5.0,0.05,0.05,0.093123,1776210477000
1776210479.183,179.183,0.38,0.18,0.3,5.0,0.43,10.6,0.44,10.6,0.57,10.6,0.56,10.6,0.62,0.18,0.7,5.0,0.05,0.05,0.093123,1776210478000
1776210480.274,180.274,0.38,0.18,0.3,5.0,0.43,10.6,0.44,10.6,0.57,10.6,0.56,10.6,0.62,0.18,0.7,5.0,0.05,0.05,0.093123,1776210479000
1776210481.297,181.297,0.38,0.18,0.3,5.0,0.43,10.6,0.44,10.6,0.57,10.6,0.56,10.6,0.62,0.18,0.7,5.0,0.05,0.05,0.093124,1776210480000
1776210482.347,182.347,0.38,0.18,0.3,5.0,0.43,10.6,0.44,10.6,0.57,10.6,0.56,10.6,0.62,0.18,0.7,5.0,0.05,0.05,0.093125,1776210481000
1776210482.897,182.897,0.38,0.18,0.3,5.0,0.43,10.6,0.44,10.6,0.57,10.6,0.56,10.6,0.62,0.18,0.7,5.0,0.05,0.05,0.093125,1776210482000
1776210483.802,183.802,0.38,0.18,0.3,5.0,0.43,10.6,0.44,10.6,0.57,10.6,0.56,10.6,0.62,0.18,0.7,5.0,0.05,0.05,0.093125,1776210483000
1776210484.937,184.937,0.38,0.18,0.3,5.0,0.43,10.6,0.44,10.6,0.57,10.6,0.56,10.6,0.62,0.18,0.7,5.0,0.05,0.05,0.093124,1776210484000
1776210485.915,185.915,0.38,0.18,0.3,5.0,0.43,10.6,0.44,10.6,0.57,10.6,0.56,10.6,0.62,0.18,0.7,5.0,0.05,0.05,0.093125,1776210485000
1776210486.804,186.804,0.38,0.18,0.3,5.0,0.43,10.6,0.44,10.6,0.57,10.6,0.56,10.6,0.62,0.18,0.7,5.0,0.05,0.05,0.093125,1776210486000
1776210487.801,187.801,0.38,0.18,0.3,5.0,0.43,10.6,0.44,10.6,0.57,10.6,0.56,10.6,0.62,0.18,0.7,5.0,0.05,0.05,0.093124,1776210487000
1776210488.873,188.873,0.38,0.18,0.3,5.0,0.43,10.6,0.44,10.6,0.57,10.6,0.56,10.6,0.62,0.18,0.7,5.0,0.05,0.05,0.093125,1776210488000
1776210489.804,189.804,0.38,0.18,0.3,5.0,0.43,10.6,0.44,10.6,0.57,10.6,0.56,10.6,0.62,0.18,0.7,5.0,0.05,0.05,0.093125,1776210489000
1776210491.21,191.21,0.38,0.18,0.3,5.0,0.43,10.6,0.44,10.6,0.57,10.6,0.56,10.6,0.62,0.18,0.7,5.0,0.05,0.05,0.093123,1776210490000
1776210493.28,193.28,0.38,0.18,0.3,5.0,0.43,10.6,0.44,10.6,0.57,10.6,0.56,10.6,0.62,0.18,0.7,5.0,0.05,0.05,0.093124,1776210491000
1776210493.891,193.891,0.38,0.18,0.3,5.0,0.43,10.6,0.44,10.6,0.57,10.6,0.56,10.6,0.62,0.18,0.7,5.0,0.05,0.05,0.093136,1776210492000
1776210494.621,194.621,0.38,0.18,0.3,5.0,0.43,10.6,0.44,10.6,0.57,10.6,0.56,10.6,0.62,0.18,0.7,5.0,0.05,0.05,0.093132,1776210493000
1776210495.392,195.392,0.38,0.18,0.3,5.0,0.43,10.6,0.44,10.6,0.57,10.6,0.56,10.6,0.62,0.18,0.7,5.0,0.05,0.05,0.09313,1776210494000
1776210495.897,195.897,0.38,0.18,0.3,5.0,0.43,10.6,0.44,10.6,0.57,10.6,0.56,10.6,0.62,0.18,0.7,5.0,0.05,0.05,0.093129,1776210495000
1776210497.216,197.216,0.38,0.18,0.3,5.0,0.43,10.6,0.44,10.6,0.57,10.6,0.56,10.6,0.62,0.18,0.7,5.0,0.05,0.05,0.093124,1776210496000
1776210497.553,197.553,0.38,0.18,0.33,5.0,0.45,3.35,0.46,10.5,0.57,10.6,0.56,10.6,0.62,0.18,0.7,5.0,0.07,0.05,0.093124,1776210496000
1776210498.454,198.454,0.38,0.18,0.33,5.0,0.45,3.35,0.46,10.5,0.55,3.35,0.54,10.5,0.62,0.18,0.67,5.0,0.07,0.07,0.093124,1776210497000
1776210499.116,199.116,0.38,0.18,0.33,5.0,0.45,3.35,0.46,10.5,0.55,3.35,0.54,10.5,0.62,0.18,0.67,5.0,0.07,0.07,0.093124,1776210498000
1776210500.343,200.343,0.38,0.18,0.33,5.0,0.45,3.35,0.46,10.5,0.55,3.35,0.54,10.5,0.62,0.18,0.67,5.0,0.07,0.07,0.093122,1776210499000
1776210500.963,200.963,0.38,0.18,0.33,5.0,0.45,3.35,0.46,10.5,0.55,3.35,0.54,10.5,0.62,0.18,0.67,5.0,0.07,0.07,0.093122,1776210500000
1776210502.215,202.215,0.38,0.18,0.33,5.0,0.45,3.35,0.46,10.5,0.55,3.35,0.54,10.5,0.62,0.18,0.67,5.0,0.07,0.07,0.093123,1776210501000
1776210503.452,203.452,0.38,0.18,0.33,5.0,0.45,3.35,0.46,10.5,0.55,3.35,0.54,10.5,0.62,0.18,0.67,5.0,0.07,0.07,0.093127,1776210502000
1776210504.262,204.262,0.43,5.0,0.41,50.0,0.53,5.0,0.62,16.0,0.47,5.0,0.38,16.0,0.57,5.0,0.59,50.0,0.1,0.1,0.093127,1776210503000
1776210505.457,205.457,0.43,5.0,0.41,50.0,0.53,5.0,0.62,16.0,0.47,5.0,0.38,16.0,0.57,5.0,0.59,50.0,0.1,0.1,0.093143,1776210504000
1776210506.162,206.162,0.43,5.0,0.41,50.0,0.53,5.0,0.62,16.0,0.47,5.0,0.38,16.0,0.57,5.0,0.59,50.0,0.1,0.1,0.093143,1776210505000
1776210507.328,207.328,0.43,5.0,0.41,50.0,0.53,5.0,0.62,16.0,0.47,5.0,0.38,16.0,0.57,5.0,0.59,50.0,0.1,0.1,0.093145,1776210506000
1776210508.555,208.555,0.43,5.0,0.41,50.0,0.53,5.0,0.62,16.0,0.47,5.0,0.38,16.0,0.57,5.0,0.59,50.0,0.1,0.1,0.093145,1776210507000
1776210509.212,209.212,0.43,5.0,0.41,50.0,0.53,5.0,0.62,16.0,0.47,5.0,0.38,16.0,0.57,5.0,0.59,50.0,0.1,0.1,0.093145,1776210508000
1776210509.513,209.513,0.09,31.7,0.08,35.29,0.21,43.24,0.31,50.0,0.49,50.0,0.4,10.8,0.77,6.76,0.91,31.7,0.12,0.28,0.093145,1776210508000
1776210510.17,210.17,0.11,46.66,0.09,31.7,0.41,50.0,0.44,5.0,0.79,43.24,0.69,50.0,0.91,31.7,0.92,35.29,0.3,0.12,0.093145,1776210508000
1776210510.52,210.52,0.11,46.66,0.09,31.7,0.41,50.0,0.44,5.0,0.59,50.0,0.56,5.0,0.89,46.66,0.91,31.7,0.3,0.3,0.093139,1776210509000
1776210511.153,211.153,0.11,46.66,0.09,31.7,0.41,50.0,0.44,5.0,0.59,50.0,0.56,5.0,0.89,46.66,0.91,31.7,0.3,0.3,0.093127,1776210510000
1776210512.538,212.538,0.11,46.66,0.09,31.7,0.41,50.0,0.44,5.0,0.59,50.0,0.56,5.0,0.89,46.66,0.91,31.7,0.3,0.3,0.093078,1776210511000
1776210513.056,213.056,0.11,46.66,0.09,31.7,0.41,50.0,0.44,5.0,0.59,50.0,0.56,5.0,0.89,46.66,0.91,31.7,0.3,0.3,0.093079,1776210512000
1776210513.414,213.414,0.21,26.48,0.12,24.6,0.41,42.0,0.44,5.0,0.59,50.0,0.56,5.0,0.89,46.66,0.91,31.7,0.2,0.3,0.093079,1776210512000
1776210514.597,214.597,0.21,26.48,0.12,24.6,0.41,42.0,0.44,5.0,0.59,42.0,0.56,5.0,0.79,26.48,0.88,24.6,0.2,0.2,0.093078,1776210513000
1776210515.27,215.27,0.21,26.48,0.12,24.6,0.41,42.0,0.44,5.0,0.59,42.0,0.56,5.0,0.79,26.48,0.88,24.6,0.2,0.2,0.093081,1776210514000
1776210516.652,216.652,0.21,26.48,0.12,24.6,0.41,42.0,0.44,5.0,0.59,42.0,0.56,5.0,0.79,26.48,0.88,24.6,0.2,0.2,0.0931,1776210515000
1776210517.231,217.231,0.21,26.48,0.12,24.6,0.41,42.0,0.44,5.0,0.59,42.0,0.56,5.0,0.79,26.48,0.88,24.6,0.2,0.2,0.093105,1776210516000
1776210518.774,218.774,0.21,26.48,0.12,24.6,0.41,42.0,0.44,5.0,0.59,42.0,0.56,5.0,0.79,26.48,0.88,24.6,0.2,0.2,0.093114,1776210517000
1776210519.456,219.456,0.21,26.48,0.12,24.6,0.41,42.0,0.44,5.0,0.59,42.0,0.56,5.0,0.79,26.48,0.88,24.6,0.2,0.2,0.093115,1776210518000
1776210520.257,220.257,0.21,26.48,0.12,24.6,0.41,42.0,0.44,5.0,0.59,42.0,0.56,5.0,0.79,26.48,0.88,24.6,0.2,0.2,0.093122,1776210519000
1776210521.56,221.56,0.21,26.48,0.12,24.6,0.41,42.0,0.44,5.0,0.59,42.0,0.56,5.0,0.79,26.48,0.88,24.6,0.2,0.2,0.093125,1776210520000
1776210522.267,222.267,0.21,26.48,0.12,24.6,0.41,42.0,0.44,5.0,0.59,42.0,0.56,5.0,0.79,26.48,0.88,24.6,0.2,0.2,0.093122,1776210521000
1776210522.734,222.734,0.31,46.43,0.21,26.48,0.44,3.9,0.45,10.5,0.56,13.0,0.55,10.5,0.69,46.43,0.79,26.48,0.13,0.13,0.093122,1776210521000
1776210523.633,223.633,0.31,46.43,0.21,26.48,0.44,3.9,0.45,10.5,0.56,3.9,0.55,10.5,0.69,46.43,0.79,26.48,0.13,0.13,0.093122,1776210522000
1776210524.328,224.328,0.31,46.43,0.21,26.48,0.44,3.9,0.45,10.5,0.56,3.9,0.55,10.5,0.69,46.43,0.79,26.48,0.13,0.13,0.093121,1776210523000
1776210524.992,224.992,0.31,46.43,0.21,26.48,0.44,3.9,0.45,10.5,0.56,3.9,0.55,10.5,0.69,46.43,0.79,26.48,0.13,0.13,0.093121,1776210524000
1776210526.102,226.102,0.31,46.43,0.21,26.48,0.44,3.9,0.45,10.5,0.56,3.9,0.55,10.5,0.69,46.43,0.79,26.48,0.13,0.13,0.093121,1776210525000
1776210527.037,227.037,0.31,46.43,0.21,26.48,0.44,3.9,0.45,10.5,0.56,3.9,0.55,10.5,0.69,46.43,0.79,26.48,0.13,0.13,0.093121,1776210526000
1776210528.042,228.042,0.31,46.43,0.21,26.48,0.44,3.9,0.45,10.5,0.56,3.9,0.55,10.5,0.69,46.43,0.79,26.48,0.13,0.13,0.093121,1776210527000
1776210528.945,228.945,0.31,46.43,0.21,26.48,0.44,3.9,0.45,10.5,0.56,3.9,0.55,10.5,0.69,46.43,0.79,26.48,0.13,0.13,0.093121,1776210528000
1776210529.967,229.967,0.31,46.43,0.21,26.48,0.44,3.9,0.45,10.5,0.56,3.9,0.55,10.5,0.69,46.43,0.79,26.48,0.13,0.13,0.093122,1776210529000
1776210530.909,230.909,0.31,46.43,0.21,26.48,0.44,3.9,0.45,10.5,0.56,3.9,0.55,10.5,0.69,46.43,0.79,26.48,0.13,0.13,0.093121,1776210530000
1776210531.887,231.887,0.31,46.43,0.21,26.48,0.44,3.9,0.45,10.5,0.56,3.9,0.55,10.5,0.69,46.43,0.79,26.48,0.13,0.13,0.09312,1776210531000
1776210533.218,233.218,0.31,46.43,0.21,26.48,0.44,3.9,0.45,10.5,0.56,3.9,0.55,10.5,0.69,46.43,0.79,26.48,0.13,0.13,0.09312,1776210532000
1776210534.227,234.227,0.31,46.43,0.21,26.48,0.44,3.9,0.45,10.5,0.56,3.9,0.55,10.5,0.69,46.43,0.79,26.48,0.13,0.13,0.093121,1776210533000
1776210535.179,235.179,0.31,46.43,0.21,26.48,0.44,3.9,0.45,10.5,0.56,3.9,0.55,10.5,0.69,46.43,0.79,26.48,0.13,0.13,0.093121,1776210534000
1776210536.128,236.128,0.31,46.43,0.21,26.48,0.44,3.9,0.45,10.5,0.56,3.9,0.55,10.5,0.69,46.43,0.79,26.48,0.13,0.13,0.093121,1776210535000
1776210537.197,237.197,0.31,46.43,0.21,26.48,0.44,3.9,0.45,10.5,0.56,3.9,0.55,10.5,0.69,46.43,0.79,26.48,0.13,0.13,0.093121,1776210536000
1776210538.831,238.831,0.31,46.43,0.21,26.48,0.44,3.9,0.45,10.5,0.56,3.9,0.55,10.5,0.69,46.43,0.79,26.48,0.13,0.13,0.09312,1776210537000
1776210540.064,240.064,0.31,46.43,0.21,26.48,0.44,3.9,0.45,10.5,0.56,3.9,0.55,10.5,0.69,46.43,0.79,26.48,0.13,0.13,0.093121,1776210538000
1776210540.911,240.911,0.31,46.43,0.21,26.48,0.44,3.9,0.45,10.5,0.56,3.9,0.55,10.5,0.69,46.43,0.79,26.48,0.13,0.13,0.09312,1776210539000
1776210541.598,241.598,0.31,46.43,0.21,26.48,0.44,3.9,0.45,10.5,0.56,3.9,0.55,10.5,0.69,46.43,0.79,26.48,0.13,0.13,0.093121,1776210540000
1776210542.225,242.225,0.31,46.43,0.21,26.48,0.44,3.9,0.45,10.5,0.56,3.9,0.55,10.5,0.69,46.43,0.79,26.48,0.13,0.13,0.093121,1776210541000
1776210543.802,243.802,0.31,46.43,0.21,26.48,0.44,3.9,0.45,10.5,0.56,3.9,0.55,10.5,0.69,46.43,0.79,26.48,0.13,0.13,0.093121,1776210542000
1776210544.505,244.505,0.31,46.43,0.21,26.48,0.44,3.9,0.45,10.5,0.56,3.9,0.55,10.5,0.69,46.43,0.79,26.48,0.13,0.13,0.093121,1776210543000
1776210545.16,245.16,0.31,46.43,0.21,26.48,0.44,3.9,0.45,10.5,0.56,3.9,0.55,10.5,0.69,46.43,0.79,26.48,0.13,0.13,0.093121,1776210544000
1776210546.63,246.63,0.31,46.43,0.21,26.48,0.44,3.9,0.45,10.5,0.56,3.9,0.55,10.5,0.69,46.43,0.79,26.48,0.13,0.13,0.093121,1776210545000
1776210547.47,247.47,0.31,46.43,0.21,26.48,0.44,3.9,0.45,10.5,0.56,3.9,0.55,10.5,0.69,46.43,0.79,26.48,0.13,0.13,0.093121,1776210546000
1776210548.28,248.28,0.31,46.43,0.21,26.48,0.44,3.9,0.45,10.5,0.56,3.9,0.55,10.5,0.69,46.43,0.79,26.48,0.13,0.13,0.093121,1776210547000
1776210549.889,249.889,0.31,46.43,0.21,26.48,0.44,3.9,0.45,10.5,0.56,3.9,0.55,10.5,0.69,46.43,0.79,26.48,0.13,0.13,0.093121,1776210548000
1776210550.699,250.699,0.31,46.43,0.21,26.48,0.44,3.9,0.45,10.5,0.56,3.9,0.55,10.5,0.69,46.43,0.79,26.48,0.13,0.13,0.093121,1776210549000
1776210551.602,251.602,0.31,46.43,0.21,26.48,0.44,3.9,0.45,10.5,0.56,3.9,0.55,10.5,0.69,46.43,0.79,26.48,0.13,0.13,0.093121,1776210550000
1776210552.33,252.33,0.31,46.43,0.21,26.48,0.44,3.9,0.45,10.5,0.56,3.9,0.55,10.5,0.69,46.43,0.79,26.48,0.13,0.13,0.093121,1776210551000
1776210553.159,253.159,0.31,46.43,0.21,26.48,0.44,3.9,0.45,10.5,0.56,3.9,0.55,10.5,0.69,46.43,0.79,26.48,0.13,0.13,0.093121,1776210552000
1776210554.837,254.837,0.31,46.43,0.21,26.48,0.44,3.9,0.45,10.5,0.56,3.9,0.55,10.5,0.69,46.43,0.79,26.48,0.13,0.13,0.093119,1776210553000
1776210555.619,255.619,0.31,46.43,0.21,26.48,0.44,3.9,0.45,10.5,0.56,3.9,0.55,10.5,0.69,46.43,0.79,26.48,0.13,0.13,0.093116,1776210554000
1776210556.363,256.363,0.31,46.43,0.21,26.48,0.44,3.9,0.45,10.5,0.56,3.9,0.55,10.5,0.69,46.43,0.79,26.48,0.13,0.13,0.093112,1776210555000
1776210557.157,257.157,0.31,46.43,0.21,26.48,0.44,3.9,0.45,10.5,0.56,3.9,0.55,10.5,0.69,46.43,0.79,26.48,0.13,0.13,0.093112,1776210556000
1776210558.902,258.902,0.31,46.43,0.21,26.48,0.44,3.9,0.45,10.5,0.56,3.9,0.55,10.5,0.69,46.43,0.79,26.48,0.13,0.13,0.093109,1776210558000
1776210559.285,259.285,0.15,10.2,0.14,21.6,0.26,13.5,0.27,13.2,0.56,3.9,0.55,10.5,0.69,46.43,0.79,26.48,0.11,0.13,0.093109,1776210558000
1776210559.966,259.966,0.15,10.2,0.14,21.6,0.26,13.5,0.27,13.2,0.74,13.5,0.73,13.2,0.85,10.2,0.86,21.6,0.11,0.11,0.09311,1776210559000
1776210561.129,261.129,0.15,10.2,0.14,21.6,0.26,13.5,0.27,13.2,0.74,13.5,0.73,13.2,0.85,10.2,0.86,21.6,0.11,0.11,0.09311,1776210560000
1776210562.15,262.15,0.15,5.11,0.14,21.6,0.25,13.9,0.26,13.5,0.75,13.9,0.74,13.5,0.85,5.11,0.86,21.6,0.1,0.1,0.09311,1776210561000
1776210563.223,263.223,0.15,5.11,0.14,21.6,0.25,13.9,0.26,13.5,0.75,13.9,0.74,13.5,0.85,5.11,0.86,21.6,0.1,0.1,0.09311,1776210562000
1776210564.266,264.266,0.15,5.11,0.14,21.6,0.25,13.9,0.26,13.5,0.75,13.9,0.74,13.5,0.85,5.11,0.86,21.6,0.1,0.1,0.093107,1776210563000
1776210565.38,265.38,0.11,5.58,0.1,28.9,0.2,16.3,0.21,15.7,0.8,16.3,0.79,15.7,0.89,5.58,0.9,28.9,0.09,0.09,0.093103,1776210564000
1776210566.377,266.377,0.11,5.58,0.1,28.9,0.2,16.3,0.21,15.7,0.8,16.3,0.79,15.7,0.89,5.58,0.9,28.9,0.09,0.09,0.093102,1776210565000
1776210566.95,266.95,0.11,5.58,0.1,28.9,0.2,16.3,0.21,15.7,0.8,16.3,0.79,15.7,0.89,5.58,0.9,28.9,0.09,0.09,0.093103,1776210566000
1776210567.983,267.983,0.11,5.58,0.1,28.9,0.2,16.3,0.21,15.7,0.8,16.3,0.79,15.7,0.89,5.58,0.9,28.9,0.09,0.09,0.093102,1776210567000
1776210569.055,269.055,0.11,5.58,0.1,28.9,0.2,16.3,0.21,15.7,0.8,16.3,0.79,15.7,0.89,5.58,0.9,28.9,0.09,0.09,0.093103,1776210568000
1776210570.11,270.11,0.11,5.58,0.1,28.9,0.2,16.3,0.21,15.7,0.8,16.3,0.79,15.7,0.89,5.58,0.9,28.9,0.09,0.09,0.093103,1776210569000
1776210571.074,271.074,0.09,42.3,0.08,35.29,0.16,19.3,0.17,18.39,0.8,16.3,0.79,15.7,0.89,5.58,0.9,28.9,0.07,0.09,0.093103,1776210569000
1776210572.807,272.807,0.09,42.3,0.08,35.29,0.16,19.3,0.17,18.39,0.84,19.3,0.83,18.39,0.91,42.3,0.92,35.29,0.07,0.07,0.093105,1776210571000
1776210573.255,273.255,0.09,42.3,0.08,35.29,0.16,19.3,0.17,18.39,0.84,19.3,0.83,18.39,0.91,42.3,0.92,35.29,0.07,0.07,0.093106,1776210572000
1776210574.256,274.256,0.09,7.5,0.08,35.29,0.15,20.39,0.16,19.3,0.85,20.39,0.84,19.3,0.91,7.5,0.92,35.29,0.06,0.06,0.093106,1776210573000
1776210575.223,275.223,0.04,5.0,0.02,15.0,0.21,50.0,0.31,50.0,0.85,20.39,0.84,19.3,0.91,7.5,0.92,35.29,0.17,0.06,0.093106,1776210573000
1776210576.366,276.366,0.02,15.0,0.01,5255.0,0.21,63.0,0.31,50.0,0.79,63.0,0.69,50.0,0.98,15.0,0.99,5255.0,0.19,0.19,0.093103,1776210575000
1776210577.243,277.243,0.02,15.0,0.01,5255.0,0.21,63.0,0.31,50.0,0.79,63.0,0.69,50.0,0.98,15.0,0.99,5255.0,0.19,0.19,0.0931,1776210576000
1776210578.324,278.324,0.02,15.0,0.01,5310.0,0.31,30.82,0.41,50.0,0.69,30.82,0.59,50.0,0.98,15.0,0.99,5310.0,0.29,0.29,0.093109,1776210577000
1776210578.903,278.903,0.02,15.0,0.01,5310.0,0.31,30.82,0.41,50.0,0.69,30.82,0.59,50.0,0.98,15.0,0.99,5310.0,0.29,0.29,0.093117,1776210578000
1776210579.88,279.88,0.02,15.0,0.01,5310.0,0.31,30.82,0.41,50.0,0.69,30.82,0.59,50.0,0.98,15.0,0.99,5310.0,0.29,0.29,0.093122,1776210579000
1776210580.826,280.826,0.02,15.0,0.01,5310.0,0.31,30.82,0.41,50.0,0.69,30.82,0.59,50.0,0.98,15.0,0.99,5310.0,0.29,0.29,0.093121,1776210580000
1776210581.858,281.858,0.02,15.0,0.01,5310.0,0.31,30.82,0.41,50.0,0.69,30.82,0.59,50.0,0.98,15.0,0.99,5310.0,0.29,0.29,0.093122,1776210581000
1776210582.966,282.966,0.02,15.0,0.01,5310.0,0.31,30.82,0.41,50.0,0.69,30.82,0.59,50.0,0.98,15.0,0.99,5310.0,0.29,0.29,0.093121,1776210582000
1776210583.581,283.581,0.02,15.0,0.01,5310.0,0.31,25.91,0.41,50.0,0.69,30.82,0.59,50.0,0.98,15.0,0.99,5310.0,0.29,0.29,0.093121,1776210582000
1776210583.918,283.918,0.02,15.0,0.01,5310.0,0.31,25.91,0.41,50.0,0.69,25.91,0.59,50.0,0.98,15.0,0.99,5310.0,0.29,0.29,0.093121,1776210583000
1776210584.965,284.965,0.02,15.0,0.01,5310.0,0.31,25.91,0.41,50.0,0.69,25.91,0.59,50.0,0.98,15.0,0.99,5310.0,0.29,0.29,0.093121,1776210584000
1776210586.41,286.41,0.02,15.0,0.01,5310.0,0.31,25.91,0.41,50.0,0.69,25.91,0.59,50.0,0.98,15.0,0.99,5310.0,0.29,0.29,0.093121,1776210585000
1776210586.954,286.954,0.02,15.0,0.01,5310.0,0.31,25.91,0.41,50.0,0.69,25.91,0.59,50.0,0.98,15.0,0.99,5310.0,0.29,0.29,0.093121,1776210586000
1776210587.875,287.875,0.02,15.0,0.01,5310.0,0.31,25.91,0.41,50.0,0.69,25.91,0.59,50.0,0.98,15.0,0.99,5310.0,0.29,0.29,0.09312,1776210587000
1776210588.991,288.991,0.02,15.0,0.01,5310.0,0.31,25.91,0.41,50.0,0.69,25.91,0.59,50.0,0.98,15.0,0.99,5310.0,0.29,0.29,0.09312,1776210588000
1776210589.627,289.627,0.02,15.0,0.01,260.0,0.21,56.98,0.31,25.91,0.69,25.91,0.59,50.0,0.98,15.0,0.99,5310.0,0.19,0.29,0.09312,1776210588000
1776210589.896,289.896,0.02,15.0,0.01,260.0,0.21,56.98,0.31,25.91,0.79,56.98,0.69,25.91,0.98,15.0,0.99,260.0,0.19,0.19,0.093115,1776210589000
1776210591.066,291.066,0.02,15.0,0.01,260.0,0.21,56.98,0.31,25.91,0.79,56.98,0.69,25.91,0.98,15.0,0.99,260.0,0.19,0.19,0.093106,1776210590000
1776210592.162,292.162,0.02,15.0,0.01,260.0,0.21,56.98,0.31,25.91,0.79,56.98,0.69,25.91,0.98,15.0,0.99,260.0,0.19,0.19,0.093103,1776210591000
1776210593.075,293.075,0.02,15.0,0.01,260.0,0.21,56.98,0.31,25.91,0.79,56.98,0.69,25.91,0.98,15.0,0.99,260.0,0.19,0.19,0.093104,1776210592000
1776210594.098,294.098,0.02,15.0,0.01,260.0,0.21,56.98,0.31,25.91,0.79,56.98,0.69,25.91,0.98,15.0,0.99,260.0,0.19,0.19,0.093106,1776210593000
1776210595.093,295.093,0.02,15.0,0.01,260.0,0.21,56.98,0.31,25.91,0.79,56.98,0.69,25.91,0.98,15.0,0.99,260.0,0.19,0.19,0.093109,1776210594000
1776210595.399,295.399,0.02,15.0,0.01,100.0,0.21,29.83,0.31,25.91,0.79,56.98,0.69,25.91,0.98,15.0,0.99,260.0,0.19,0.19,0.093109,1776210594000
1776210596.12,296.12,0.02,9.89,0.01,100.0,0.21,29.83,0.31,25.91,0.79,29.83,0.69,25.91,0.98,9.89,0.99,100.0,0.19,0.19,0.093113,1776210595000
1776210596.401,296.401,0.02,8.77,0.01,100.0,0.11,50.0,0.21,29.83,0.79,29.83,0.69,25.91,0.98,9.89,0.99,100.0,0.09,0.19,0.093113,1776210595000
1776210596.725,296.725,0.02,8.77,0.01,150.0,0.31,16.32,0.41,50.0,0.89,50.0,0.79,29.83,0.98,8.77,0.99,100.0,0.29,0.09,0.093113,1776210595000
1776210597.16,297.16,0.02,8.77,0.01,150.0,0.31,16.32,0.41,50.0,0.69,16.32,0.59,50.0,0.98,8.77,0.99,150.0,0.29,0.29,0.093127,1776210596000
1776210597.426,297.426,0.11,18.25,0.02,8.77,0.31,16.32,0.41,50.0,0.69,16.32,0.59,50.0,0.89,43.25,0.98,8.77,0.2,0.2,0.093127,1776210596000
1776210598.132,298.132,0.11,1.02,0.02,8.77,0.31,66.32,0.41,50.0,0.69,66.32,0.59,50.0,0.89,6.02,0.98,8.77,0.2,0.2,0.093127,1776210596000
1776210598.408,298.408,0.02,4.74,0.01,100.0,0.31,66.32,0.41,50.0,0.69,66.32,0.59,50.0,0.89,1.02,0.98,8.77,0.29,0.2,0.093127,1776210597000
1776210598.904,298.904,,,,,0.01,94.64,0.31,66.32,0.99,66.79,0.69,66.32,,,,,,,0.093127,1776210597000
1776210599.295,299.295,,,,,0.01,94.64,0.31,66.32,0.99,94.64,0.69,66.32,,,,,,,0.093128,1776210598000
1776210600.511,300.511,,,,,0.01,94.64,0.31,66.32,0.99,94.64,0.69,66.32,,,,,,,0.093129,1776210599000
1776210601.068,301.068,,,,,0.01,94.64,0.31,66.32,0.99,94.64,0.69,66.32,,,,,,,0.093128,1776210600000

# RESULT,winner=Up,slug=doge-updown-5m-1776210300,ticks=316
