timestamp,elapsed_sec,up_bid_p1,up_bid_s1,up_bid_p2,up_bid_s2,up_ask_p1,up_ask_s1,up_ask_p2,up_ask_s2,down_bid_p1,down_bid_s1,down_bid_p2,down_bid_s2,down_ask_p1,down_ask_s1,down_ask_p2,down_ask_s2,up_spread,down_spread,doge_price,doge_oracle_ts
1776192901.353,1.353,,,,,,,,,,,,,,,,,,,0.093326,1776192900000
1776192901.783,1.783,0.52,5.13,0.48,6.25,0.61,12.0,0.67,300.0,0.39,12.0,0.33,300.0,0.48,5.13,0.52,6.25,0.09,0.09,0.093326,1776192900000
1776192902.277,2.277,0.52,5.13,0.48,6.25,0.61,12.0,0.67,300.0,0.39,12.0,0.33,300.0,0.48,5.13,0.52,6.25,0.09,0.09,0.093326,1776192900000
1776192903.322,3.322,0.52,5.13,0.48,6.25,0.61,12.0,0.67,300.0,0.39,12.0,0.33,300.0,0.48,5.13,0.52,6.25,0.09,0.09,0.093326,1776192902000
1776192904.752,4.752,0.52,5.13,0.48,6.25,0.61,12.0,0.67,300.0,0.39,12.0,0.33,300.0,0.48,5.13,0.52,6.25,0.09,0.09,0.093328,1776192903000
1776192905.438,5.438,0.52,5.13,0.48,6.25,0.61,12.0,0.67,300.0,0.39,12.0,0.33,300.0,0.48,5.13,0.52,6.25,0.09,0.09,0.093334,1776192904000
1776192905.898,5.898,0.53,13.97,0.52,5.13,0.58,5.0,0.61,12.0,0.39,12.0,0.33,300.0,0.48,5.13,0.52,6.25,0.05,0.09,0.093334,1776192904000
1776192907.099,7.099,0.53,13.97,0.52,5.13,0.58,5.0,0.61,12.0,0.42,5.0,0.39,12.0,0.47,13.97,0.48,5.13,0.05,0.05,0.093337,1776192906000
1776192908.272,8.272,0.53,13.97,0.52,5.13,0.58,5.0,0.61,12.0,0.42,5.0,0.39,12.0,0.47,13.97,0.48,5.13,0.05,0.05,0.093346,1776192907000
1776192909.338,9.338,0.53,13.97,0.52,5.13,0.58,5.0,0.61,12.0,0.42,5.0,0.39,12.0,0.47,13.97,0.48,5.13,0.05,0.05,0.093349,1776192908000
1776192909.812,9.812,0.54,5.91,0.53,5.0,0.56,5.0,0.57,5.0,0.42,5.0,0.39,12.0,0.47,13.97,0.48,5.13,0.02,0.05,0.093349,1776192908000
1776192910.976,10.976,0.54,5.91,0.53,5.0,0.56,5.0,0.57,5.0,0.44,5.0,0.43,5.0,0.46,5.91,0.47,5.0,0.02,0.02,0.093333,1776192910000
1776192912.058,12.058,0.54,5.91,0.53,5.0,0.56,5.0,0.57,5.0,0.44,5.0,0.43,5.0,0.46,5.91,0.47,5.0,0.02,0.02,0.093328,1776192911000
1776192912.365,12.365,0.53,5.0,0.52,5.13,0.56,5.0,0.57,5.0,0.44,5.0,0.43,5.0,0.46,5.91,0.47,5.0,0.03,0.02,0.093328,1776192911000
1776192913.333,13.333,0.53,5.0,0.52,5.13,0.56,5.0,0.57,5.0,0.44,5.0,0.43,5.0,0.47,5.0,0.48,5.13,0.03,0.03,0.093329,1776192912000
1776192913.831,13.831,0.53,5.0,0.52,5.13,0.56,5.0,0.57,5.0,0.44,5.0,0.43,5.0,0.47,5.0,0.48,5.13,0.03,0.03,0.093329,1776192913000
1776192914.824,14.824,0.52,2.24,0.48,6.25,0.55,5.0,0.56,5.0,0.44,5.0,0.43,5.0,0.47,2.11,0.48,5.13,0.03,0.03,0.093329,1776192913000
1776192916.193,16.193,0.52,2.24,0.48,6.25,0.55,5.0,0.56,5.0,0.45,5.0,0.44,5.0,0.48,2.24,0.52,6.25,0.03,0.03,0.093329,1776192915000
1776192917.493,17.493,0.52,2.24,0.48,6.25,0.55,5.0,0.56,5.0,0.45,5.0,0.44,5.0,0.48,2.24,0.52,6.25,0.03,0.03,0.093313,1776192916000
1776192918.033,18.033,0.52,2.24,0.48,6.25,0.55,5.0,0.56,5.0,0.45,5.0,0.44,5.0,0.48,2.24,0.52,6.25,0.03,0.03,0.093312,1776192917000
1776192920.064,20.064,0.52,2.24,0.48,6.25,0.55,5.0,0.56,5.0,0.45,5.0,0.44,5.0,0.48,2.24,0.52,6.25,0.03,0.03,0.093311,1776192918000
1776192920.624,20.624,0.52,2.24,0.48,6.25,0.54,8.14,0.57,10.0,0.46,8.14,0.43,10.0,0.48,2.24,0.52,6.25,0.02,0.02,0.093308,1776192919000
1776192921.093,21.093,0.52,2.24,0.48,6.25,0.54,8.14,0.57,10.0,0.46,8.14,0.43,10.0,0.48,2.24,0.52,6.25,0.02,0.02,0.093308,1776192920000
1776192922.099,22.099,0.48,3.49,0.42,5.0,0.53,5.0,0.57,10.0,0.46,8.14,0.43,10.0,0.48,2.24,0.52,6.25,0.05,0.02,0.093308,1776192920000
1776192922.871,22.871,0.48,3.49,0.42,5.0,0.53,5.0,0.57,10.0,0.47,5.0,0.43,10.0,0.52,3.49,0.58,5.0,0.05,0.05,0.093307,1776192921000
1776192923.504,23.504,0.48,3.49,0.42,5.0,0.53,5.0,0.57,10.0,0.47,5.0,0.43,10.0,0.52,3.49,0.58,5.0,0.05,0.05,0.093308,1776192922000
1776192924.297,24.297,0.48,3.49,0.42,5.0,0.53,5.0,0.57,10.0,0.47,5.0,0.43,10.0,0.52,3.49,0.58,5.0,0.05,0.05,0.093305,1776192923000
1776192925.499,25.499,0.48,3.49,0.42,5.0,0.53,5.0,0.57,10.0,0.47,5.0,0.43,10.0,0.52,3.49,0.58,5.0,0.05,0.05,0.093305,1776192924000
1776192926.166,26.166,0.48,3.49,0.42,5.0,0.53,5.0,0.57,10.0,0.47,5.0,0.43,10.0,0.52,3.49,0.58,5.0,0.05,0.05,0.093303,1776192925000
1776192927.244,27.244,0.48,3.49,0.42,5.0,0.53,5.0,0.57,10.0,0.47,5.0,0.43,10.0,0.52,3.49,0.58,5.0,0.05,0.05,0.093304,1776192926000
1776192927.834,27.834,0.47,3.32,0.42,5.0,0.49,5.0,0.53,5.0,0.47,5.0,0.43,10.0,0.52,3.49,0.58,5.0,0.02,0.05,0.093304,1776192926000
1776192928.44,28.44,0.42,5.0,0.41,5.0,0.49,5.0,0.53,5.0,0.51,5.0,0.47,5.0,0.58,5.0,0.59,5.0,0.07,0.07,0.093303,1776192927000
1776192929.014,29.014,0.42,5.0,0.41,5.0,0.49,5.0,0.53,5.0,0.51,5.0,0.47,5.0,0.58,5.0,0.59,5.0,0.07,0.07,0.093303,1776192928000
1776192930.321,30.321,0.42,5.0,0.41,5.0,0.49,5.0,0.53,5.0,0.51,5.0,0.47,5.0,0.58,5.0,0.59,5.0,0.07,0.07,0.093302,1776192929000
1776192931.526,31.526,0.42,5.0,0.41,5.0,0.49,5.0,0.53,5.0,0.51,5.0,0.47,5.0,0.58,5.0,0.59,5.0,0.07,0.07,0.093301,1776192930000
1776192932.088,32.088,0.42,5.0,0.41,5.0,0.49,5.0,0.53,5.0,0.51,5.0,0.47,5.0,0.58,5.0,0.59,5.0,0.07,0.07,0.093301,1776192931000
1776192933.26,33.26,0.42,5.0,0.41,5.0,0.49,5.0,0.53,5.0,0.51,5.0,0.47,5.0,0.58,5.0,0.59,5.0,0.07,0.07,0.093304,1776192932000
1776192933.592,33.592,0.39,10.81,0.36,10.0,0.49,5.0,0.53,5.0,0.51,5.0,0.47,5.0,0.58,5.0,0.59,5.0,0.1,0.07,0.093304,1776192932000
1776192934.315,34.315,0.39,10.81,0.36,10.0,0.49,5.0,0.53,5.0,0.51,5.0,0.47,5.0,0.61,10.81,0.64,10.0,0.1,0.1,0.093304,1776192933000
1776192935.044,35.044,0.39,10.81,0.36,10.0,0.49,5.0,0.53,5.0,0.51,5.0,0.47,5.0,0.61,10.81,0.64,10.0,0.1,0.1,0.093304,1776192934000
1776192936.263,36.263,0.39,10.81,0.36,10.0,0.49,5.0,0.53,5.0,0.51,5.0,0.47,5.0,0.61,10.81,0.64,10.0,0.1,0.1,0.093304,1776192935000
1776192937.963,37.963,0.39,10.81,0.36,10.0,0.49,5.0,0.53,5.0,0.51,5.0,0.47,5.0,0.61,10.81,0.64,10.0,0.1,0.1,0.093303,1776192936000
1776192938.582,38.582,0.39,10.81,0.36,10.0,0.49,5.0,0.53,5.0,0.51,5.0,0.47,5.0,0.61,10.81,0.64,10.0,0.1,0.1,0.093303,1776192937000
1776192939.436,39.436,0.39,10.81,0.36,10.0,0.49,5.0,0.53,5.0,0.51,5.0,0.47,5.0,0.61,10.81,0.64,10.0,0.1,0.1,0.093303,1776192938000
1776192940.087,40.087,0.39,10.81,0.36,10.0,0.49,5.0,0.53,5.0,0.51,5.0,0.47,5.0,0.61,10.81,0.64,10.0,0.1,0.1,0.093302,1776192939000
1776192941.533,41.533,0.39,10.81,0.36,10.0,0.49,5.0,0.53,5.0,0.51,5.0,0.47,5.0,0.61,10.81,0.64,10.0,0.1,0.1,0.093309,1776192940000
1776192942.087,42.087,0.43,2.29,0.4,5.0,0.49,5.0,0.53,5.0,0.51,5.0,0.47,5.0,0.61,10.81,0.64,10.0,0.06,0.1,0.093309,1776192940000
1776192943.7,43.7,0.43,2.29,0.4,5.0,0.49,5.0,0.53,5.0,0.51,5.0,0.47,5.0,0.57,2.29,0.6,5.0,0.06,0.06,0.093307,1776192942000
1776192944.346,44.346,0.43,2.29,0.4,5.0,0.49,5.0,0.53,5.0,0.51,5.0,0.47,5.0,0.57,2.29,0.6,5.0,0.06,0.06,0.093307,1776192943000
1776192945.024,45.024,0.43,2.29,0.4,5.0,0.49,5.0,0.53,5.0,0.51,5.0,0.47,5.0,0.57,2.29,0.6,5.0,0.06,0.06,0.093307,1776192944000
1776192946.582,46.582,0.43,2.29,0.4,5.0,0.49,5.0,0.53,5.0,0.51,5.0,0.47,5.0,0.57,2.29,0.6,5.0,0.06,0.06,0.093309,1776192945000
1776192947.436,47.436,0.43,2.29,0.4,5.0,0.49,5.0,0.53,5.0,0.51,5.0,0.47,5.0,0.57,2.29,0.6,5.0,0.06,0.06,0.09331,1776192946000
1776192948.178,48.178,0.43,2.29,0.4,5.0,0.49,5.0,0.53,5.0,0.51,5.0,0.47,5.0,0.57,2.29,0.6,5.0,0.06,0.06,0.09331,1776192947000
1776192949.777,49.777,0.43,2.29,0.4,5.0,0.49,5.0,0.53,5.0,0.51,5.0,0.47,5.0,0.57,2.29,0.6,5.0,0.06,0.06,0.093303,1776192948000
1776192950.469,50.469,0.43,2.29,0.4,5.0,0.49,5.0,0.53,5.0,0.51,5.0,0.47,5.0,0.57,2.29,0.6,5.0,0.06,0.06,0.093303,1776192949000
1776192951.324,51.324,0.43,2.29,0.4,5.0,0.49,5.0,0.53,5.0,0.51,5.0,0.47,5.0,0.57,2.29,0.6,5.0,0.06,0.06,0.093303,1776192950000
1776192952.896,52.896,0.43,2.29,0.4,5.0,0.49,5.0,0.53,5.0,0.51,5.0,0.47,5.0,0.57,2.29,0.6,5.0,0.06,0.06,0.093299,1776192951000
1776192953.565,53.565,0.43,2.29,0.4,5.0,0.49,5.0,0.53,5.0,0.51,5.0,0.47,5.0,0.57,2.29,0.6,5.0,0.06,0.06,0.093294,1776192952000
1776192954.345,54.345,0.43,2.29,0.4,5.0,0.49,5.0,0.53,5.0,0.51,5.0,0.47,5.0,0.57,2.29,0.6,5.0,0.06,0.06,0.093292,1776192953000
1776192955.259,55.259,0.43,2.29,0.4,5.0,0.49,5.0,0.53,5.0,0.51,5.0,0.47,5.0,0.57,2.29,0.6,5.0,0.06,0.06,0.093283,1776192954000
1776192956.281,56.281,0.43,2.29,0.4,5.0,0.49,5.0,0.53,5.0,0.51,5.0,0.47,5.0,0.57,2.29,0.6,5.0,0.06,0.06,0.093268,1776192955000
1776192957.427,57.427,0.43,2.29,0.4,5.0,0.49,5.0,0.53,5.0,0.51,5.0,0.47,5.0,0.57,2.29,0.6,5.0,0.06,0.06,0.093226,1776192956000
1776192957.872,57.872,0.43,2.29,0.4,5.0,0.49,5.0,0.53,5.0,0.51,5.0,0.47,5.0,0.57,2.29,0.6,5.0,0.06,0.06,0.093206,1776192957000
1776192958.998,58.998,0.43,2.29,0.4,5.0,0.49,5.0,0.53,5.0,0.51,5.0,0.47,5.0,0.57,2.29,0.6,5.0,0.06,0.06,0.093204,1776192958000
1776192960.114,60.114,0.43,2.29,0.4,5.0,0.49,5.0,0.53,5.0,0.51,5.0,0.47,5.0,0.57,2.29,0.6,5.0,0.06,0.06,0.093209,1776192959000
1776192960.788,60.788,0.26,3.5,0.23,10.0,0.31,50.0,0.32,5.0,0.51,5.0,0.47,5.0,0.57,2.29,0.6,5.0,0.05,0.06,0.093209,1776192959000
1776192961.187,61.187,0.26,3.5,0.23,10.0,0.31,50.0,0.32,5.0,0.69,50.0,0.68,5.0,0.74,3.5,0.77,10.0,0.05,0.05,0.093204,1776192960000
1776192961.711,61.711,0.24,3.36,0.23,5.0,0.31,50.0,0.33,5.0,0.69,50.0,0.68,5.0,0.74,3.5,0.77,10.0,0.07,0.05,0.093204,1776192960000
1776192962.429,62.429,0.24,3.36,0.23,5.0,0.31,50.0,0.33,5.0,0.69,50.0,0.67,5.0,0.76,3.36,0.77,5.0,0.07,0.07,0.093194,1776192961000
1776192963.487,63.487,0.24,3.36,0.23,5.0,0.31,50.0,0.33,5.0,0.69,50.0,0.67,5.0,0.76,3.36,0.77,5.0,0.07,0.07,0.093197,1776192962000
1776192964.023,64.023,0.24,3.36,0.23,5.0,0.31,50.0,0.33,5.0,0.69,50.0,0.67,5.0,0.76,3.36,0.77,5.0,0.07,0.07,0.093193,1776192963000
1776192965.113,65.113,0.24,3.36,0.23,5.0,0.31,50.0,0.33,5.0,0.69,50.0,0.67,5.0,0.76,3.36,0.77,5.0,0.07,0.07,0.093192,1776192964000
1776192966.242,66.242,0.24,3.36,0.23,5.0,0.31,50.0,0.33,5.0,0.69,50.0,0.67,5.0,0.76,3.36,0.77,5.0,0.07,0.07,0.093189,1776192965000
1776192967.382,67.382,0.24,3.36,0.23,5.0,0.31,50.0,0.33,5.0,0.69,50.0,0.67,5.0,0.76,3.36,0.77,5.0,0.07,0.07,0.093191,1776192966000
1776192967.929,67.929,0.24,3.36,0.23,5.0,0.31,50.0,0.33,5.0,0.69,50.0,0.67,5.0,0.76,3.36,0.77,5.0,0.07,0.07,0.093191,1776192967000
1776192969.525,69.525,0.24,3.36,0.23,5.0,0.31,50.0,0.33,5.0,0.69,50.0,0.67,5.0,0.76,3.36,0.77,5.0,0.07,0.07,0.093199,1776192968000
1776192970.091,70.091,0.24,3.36,0.23,5.0,0.31,50.0,0.33,5.0,0.69,50.0,0.67,5.0,0.76,3.36,0.77,5.0,0.07,0.07,0.093207,1776192969000
1776192971.327,71.327,0.24,3.36,0.23,5.0,0.31,50.0,0.33,5.0,0.69,50.0,0.67,5.0,0.76,3.36,0.77,5.0,0.07,0.07,0.093211,1776192970000
1776192972.272,72.272,0.24,3.36,0.23,5.0,0.31,50.0,0.33,5.0,0.69,50.0,0.67,5.0,0.76,3.36,0.77,5.0,0.07,0.07,0.093227,1776192971000
1776192973.297,73.297,0.24,3.36,0.23,5.0,0.31,50.0,0.33,5.0,0.69,50.0,0.67,5.0,0.76,3.36,0.77,5.0,0.07,0.07,0.093209,1776192972000
1776192974.485,74.485,0.24,3.36,0.23,5.0,0.31,50.0,0.33,5.0,0.69,50.0,0.67,5.0,0.76,3.36,0.77,5.0,0.07,0.07,0.093196,1776192973000
1776192975.003,75.003,0.24,3.36,0.23,5.0,0.31,50.0,0.33,5.0,0.69,50.0,0.67,5.0,0.76,3.36,0.77,5.0,0.07,0.07,0.093196,1776192974000
1776192975.999,75.999,0.24,3.36,0.23,5.0,0.31,50.0,0.33,5.0,0.69,50.0,0.67,5.0,0.76,3.36,0.77,5.0,0.07,0.07,0.09319,1776192975000
1776192976.352,76.352,0.23,5.0,0.22,5.0,0.31,48.74,0.33,10.0,0.69,50.0,0.67,5.0,0.76,3.36,0.77,5.0,0.08,0.07,0.09319,1776192975000
1776192977.075,77.075,0.23,5.0,0.22,5.0,0.31,48.74,0.33,10.0,0.69,48.74,0.67,10.0,0.77,5.0,0.78,5.0,0.08,0.08,0.093192,1776192976000
1776192978.196,78.196,0.23,5.0,0.22,5.0,0.31,48.74,0.33,10.0,0.69,48.74,0.67,10.0,0.77,5.0,0.78,5.0,0.08,0.08,0.093193,1776192977000
1776192979.356,79.356,0.23,5.0,0.22,5.0,0.31,48.74,0.33,10.0,0.69,48.74,0.67,10.0,0.77,5.0,0.78,5.0,0.08,0.08,0.093208,1776192978000
1776192980.44,80.44,0.23,5.0,0.22,5.0,0.31,48.74,0.33,10.0,0.69,48.74,0.67,10.0,0.77,5.0,0.78,5.0,0.08,0.08,0.093209,1776192979000
1776192980.871,80.871,0.23,5.0,0.22,5.0,0.31,48.74,0.33,10.0,0.69,48.74,0.67,10.0,0.77,5.0,0.78,5.0,0.08,0.08,0.093209,1776192980000
1776192981.941,81.941,0.23,5.0,0.22,5.0,0.31,48.74,0.33,10.0,0.69,48.74,0.67,10.0,0.77,5.0,0.78,5.0,0.08,0.08,0.093213,1776192981000
1776192983.733,83.733,0.23,5.0,0.22,5.0,0.31,48.74,0.33,10.0,0.69,48.74,0.67,10.0,0.77,5.0,0.78,5.0,0.08,0.08,0.09322,1776192982000
1776192984.305,84.305,0.23,5.0,0.22,5.0,0.31,48.74,0.33,10.0,0.69,48.74,0.67,10.0,0.77,5.0,0.78,5.0,0.08,0.08,0.093221,1776192983000
1776192985.014,85.014,0.23,8.7,0.2,36.2,0.31,50.0,0.33,5.0,0.69,48.74,0.67,10.0,0.77,5.0,0.78,5.0,0.08,0.08,0.093221,1776192983000
1776192985.248,85.248,0.23,8.7,0.2,36.2,0.31,50.0,0.33,5.0,0.69,50.0,0.67,5.0,0.77,8.7,0.8,36.2,0.08,0.08,0.093204,1776192984000
1776192986.313,86.313,0.23,8.7,0.2,36.2,0.31,48.8,0.33,5.0,0.69,48.8,0.67,5.0,0.77,8.7,0.8,36.2,0.08,0.08,0.093199,1776192985000
1776192987.282,87.282,0.23,8.7,0.2,36.2,0.31,48.8,0.33,5.0,0.69,48.8,0.67,5.0,0.77,8.7,0.8,36.2,0.08,0.08,0.093199,1776192986000
1776192988.393,88.393,0.23,8.7,0.2,36.2,0.31,48.8,0.33,5.0,0.69,48.8,0.67,5.0,0.77,8.7,0.8,36.2,0.08,0.08,0.093193,1776192987000
1776192988.819,88.819,0.23,8.7,0.2,36.2,0.31,48.8,0.33,5.0,0.69,48.8,0.67,5.0,0.77,8.7,0.8,36.2,0.08,0.08,0.093193,1776192988000
1776192989.868,89.868,0.23,8.7,0.2,36.2,0.31,48.8,0.33,5.0,0.69,48.8,0.67,5.0,0.77,8.7,0.8,36.2,0.08,0.08,0.093192,1776192989000
1776192990.83,90.83,0.23,8.7,0.2,36.2,0.31,48.8,0.33,5.0,0.69,48.8,0.67,5.0,0.77,8.7,0.8,36.2,0.08,0.08,0.093193,1776192990000
1776192992.323,92.323,0.23,8.7,0.2,36.2,0.31,48.8,0.33,5.0,0.69,48.8,0.67,5.0,0.77,8.7,0.8,36.2,0.08,0.08,0.093191,1776192991000
1776192993.272,93.272,0.23,8.7,0.2,36.2,0.31,48.8,0.33,5.0,0.69,48.8,0.67,5.0,0.77,8.7,0.8,36.2,0.08,0.08,0.093189,1776192992000
1776192994.284,94.284,0.23,8.7,0.2,36.2,0.31,48.8,0.33,5.0,0.69,48.8,0.67,5.0,0.77,8.7,0.8,36.2,0.08,0.08,0.093185,1776192993000
1776192994.892,94.892,0.23,8.7,0.2,36.2,0.31,48.8,0.33,5.0,0.69,48.8,0.67,5.0,0.77,8.7,0.8,36.2,0.08,0.08,0.093179,1776192994000
1776192995.94,95.94,0.23,8.7,0.2,36.2,0.31,48.8,0.33,5.0,0.69,48.8,0.67,5.0,0.77,8.7,0.8,36.2,0.08,0.08,0.093168,1776192995000
1776192996.345,96.345,0.17,5.0,0.16,10.0,0.24,14.3,0.25,13.9,0.69,48.8,0.67,5.0,0.77,8.7,0.8,36.2,0.07,0.08,0.093168,1776192995000
1776192997.311,97.311,0.17,5.0,0.16,10.0,0.24,14.3,0.25,13.9,0.76,14.3,0.75,13.9,0.83,5.0,0.84,10.0,0.07,0.07,0.093162,1776192996000
1776192997.96,97.96,0.17,5.0,0.16,10.0,0.24,14.3,0.25,13.9,0.76,14.3,0.75,13.9,0.83,5.0,0.84,10.0,0.07,0.07,0.093157,1776192997000
1776192999.029,99.029,0.17,5.0,0.16,10.0,0.24,14.3,0.25,13.9,0.76,14.3,0.75,13.9,0.83,5.0,0.84,10.0,0.07,0.07,0.093154,1776192998000
1776192999.332,99.332,0.16,2.61,0.15,10.0,0.24,14.3,0.25,19.9,0.76,14.3,0.75,13.9,0.83,5.0,0.84,10.0,0.08,0.07,0.093154,1776192998000
1776193000.061,100.061,0.16,2.61,0.15,10.0,0.24,14.3,0.25,19.9,0.76,14.3,0.75,19.9,0.84,2.61,0.85,10.0,0.08,0.08,0.093152,1776192999000
1776193001.105,101.105,0.16,2.61,0.15,10.0,0.24,14.3,0.25,19.9,0.76,14.3,0.75,19.9,0.84,2.61,0.85,10.0,0.08,0.08,0.093152,1776193000000
1776193002.183,102.183,0.16,2.61,0.15,10.0,0.24,14.3,0.25,19.9,0.76,14.3,0.75,19.9,0.84,2.61,0.85,10.0,0.08,0.08,0.093152,1776193001000
1776193003.144,103.144,0.16,2.61,0.15,10.0,0.24,14.3,0.25,19.9,0.76,14.3,0.75,19.9,0.84,2.61,0.85,10.0,0.08,0.08,0.093144,1776193002000
1776193004.266,104.266,0.16,2.61,0.15,10.0,0.24,14.3,0.25,19.9,0.76,14.3,0.75,19.9,0.84,2.61,0.85,10.0,0.08,0.08,0.093142,1776193003000
1776193005.266,105.266,0.16,2.61,0.15,10.0,0.24,14.3,0.25,19.9,0.76,14.3,0.75,19.9,0.84,2.61,0.85,10.0,0.08,0.08,0.09314,1776193004000
1776193006.399,106.399,0.16,2.61,0.15,10.0,0.24,14.3,0.25,19.9,0.76,14.3,0.75,19.9,0.84,2.61,0.85,10.0,0.08,0.08,0.093154,1776193005000
1776193006.619,106.619,0.18,15.0,0.17,28.39,0.29,2.94,0.3,17.4,0.76,14.3,0.75,19.9,0.84,2.61,0.85,10.0,0.11,0.08,0.093154,1776193005000
1776193006.867,106.867,0.18,15.0,0.17,28.39,0.29,2.94,0.3,17.4,0.71,2.94,0.7,17.4,0.82,15.0,0.83,28.39,0.11,0.11,0.093154,1776193006000
1776193007.973,107.973,0.18,15.0,0.17,28.39,0.29,2.94,0.3,17.4,0.71,2.94,0.7,17.4,0.82,15.0,0.83,28.39,0.11,0.11,0.093176,1776193007000
1776193008.992,108.992,0.18,15.0,0.17,28.39,0.29,2.94,0.3,17.4,0.71,2.94,0.7,17.4,0.82,15.0,0.83,28.39,0.11,0.11,0.093189,1776193008000
1776193010.559,110.559,0.18,15.0,0.17,28.39,0.29,2.94,0.3,17.4,0.71,2.94,0.7,17.4,0.82,15.0,0.83,28.39,0.11,0.11,0.093188,1776193009000
1776193011.13,111.13,0.18,15.0,0.17,28.39,0.29,2.94,0.3,17.4,0.71,2.94,0.7,17.4,0.82,15.0,0.83,28.39,0.11,0.11,0.093186,1776193010000
1776193012.141,112.141,0.18,15.0,0.17,28.39,0.29,2.94,0.3,17.4,0.71,2.94,0.7,17.4,0.82,15.0,0.83,28.39,0.11,0.11,0.093186,1776193011000
1776193013.212,113.212,0.18,15.0,0.17,28.39,0.29,2.94,0.3,17.4,0.71,2.94,0.7,17.4,0.82,15.0,0.83,28.39,0.11,0.11,0.093182,1776193012000
1776193014.469,114.469,0.18,15.0,0.17,28.39,0.29,2.94,0.3,17.4,0.71,2.94,0.7,17.4,0.82,15.0,0.83,28.39,0.11,0.11,0.093148,1776193013000
1776193015.035,115.035,0.18,15.0,0.17,28.39,0.29,2.94,0.3,17.4,0.71,2.94,0.7,17.4,0.82,15.0,0.83,28.39,0.11,0.11,0.093141,1776193014000
1776193016.325,116.325,0.18,15.0,0.17,28.39,0.29,2.94,0.3,17.4,0.71,2.94,0.7,17.4,0.82,15.0,0.83,28.39,0.11,0.11,0.093137,1776193015000
1776193017.584,117.584,0.18,15.0,0.17,28.39,0.29,2.94,0.3,17.4,0.71,2.94,0.7,17.4,0.82,15.0,0.83,28.39,0.11,0.11,0.093131,1776193016000
1776193018.14,118.14,0.18,15.0,0.17,28.39,0.29,2.94,0.3,17.4,0.71,2.94,0.7,17.4,0.82,15.0,0.83,28.39,0.11,0.11,0.093126,1776193017000
1776193019.354,119.354,0.18,15.0,0.17,28.39,0.29,2.94,0.3,17.4,0.71,2.94,0.7,17.4,0.82,15.0,0.83,28.39,0.11,0.11,0.093118,1776193018000
1776193019.943,119.943,0.18,15.0,0.17,28.39,0.29,2.94,0.3,17.4,0.71,2.94,0.7,17.4,0.82,15.0,0.83,28.39,0.11,0.11,0.093118,1776193019000
1776193021.122,121.122,0.18,15.0,0.17,28.39,0.29,2.94,0.3,17.4,0.71,2.94,0.7,17.4,0.82,15.0,0.83,28.39,0.11,0.11,0.093111,1776193020000
1776193022.225,122.225,0.18,15.0,0.17,28.39,0.29,2.94,0.3,17.4,0.71,2.94,0.7,17.4,0.82,15.0,0.83,28.39,0.11,0.11,0.09311,1776193021000
1776193023.452,123.452,0.18,15.0,0.17,28.39,0.29,2.94,0.3,17.4,0.71,2.94,0.7,17.4,0.82,15.0,0.83,28.39,0.11,0.11,0.09311,1776193022000
1776193024.14,124.14,0.18,15.0,0.17,28.39,0.29,2.94,0.3,17.4,0.71,2.94,0.7,17.4,0.82,15.0,0.83,28.39,0.11,0.11,0.09311,1776193023000
1776193025.645,125.645,0.18,15.0,0.17,28.39,0.29,2.94,0.3,17.4,0.71,2.94,0.7,17.4,0.82,15.0,0.83,28.39,0.11,0.11,0.09311,1776193024000
1776193026.412,126.412,0.18,15.0,0.17,28.39,0.29,2.94,0.3,17.4,0.71,2.94,0.7,17.4,0.82,15.0,0.83,28.39,0.11,0.11,0.093109,1776193025000
1776193027.269,127.269,0.18,15.0,0.17,28.39,0.29,2.94,0.3,17.4,0.71,2.94,0.7,17.4,0.82,15.0,0.83,28.39,0.11,0.11,0.093107,1776193026000
1776193028.434,128.434,0.18,15.0,0.17,28.39,0.29,2.94,0.3,17.4,0.71,2.94,0.7,17.4,0.82,15.0,0.83,28.39,0.11,0.11,0.093116,1776193027000
1776193029.535,129.535,0.18,15.0,0.17,28.39,0.29,2.94,0.3,17.4,0.71,2.94,0.7,17.4,0.82,15.0,0.83,28.39,0.11,0.11,0.093154,1776193028000
1776193030.076,130.076,0.18,15.0,0.17,28.39,0.29,2.94,0.3,17.4,0.71,2.94,0.7,17.4,0.82,15.0,0.83,28.39,0.11,0.11,0.093184,1776193029000
1776193031.4,131.4,0.18,15.0,0.17,28.39,0.29,2.94,0.3,17.4,0.71,2.94,0.7,17.4,0.82,15.0,0.83,28.39,0.11,0.11,0.09319,1776193030000
1776193032.46,132.46,0.16,22.21,0.15,20.39,0.27,13.2,0.28,12.9,0.73,13.2,0.72,12.9,0.84,22.21,0.85,20.39,0.11,0.11,0.093189,1776193031000
1776193033.076,133.076,0.16,22.21,0.15,20.39,0.27,13.2,0.28,12.9,0.73,13.2,0.72,12.9,0.84,22.21,0.85,20.39,0.11,0.11,0.093191,1776193032000
1776193034.219,134.219,0.16,22.21,0.15,20.39,0.27,13.2,0.28,12.9,0.73,13.2,0.72,12.9,0.84,22.21,0.85,20.39,0.11,0.11,0.093196,1776193033000
1776193035.301,135.301,0.16,22.21,0.15,20.39,0.27,13.2,0.28,12.9,0.73,13.2,0.72,12.9,0.84,22.21,0.85,20.39,0.11,0.11,0.093198,1776193034000
1776193036.433,136.433,0.16,22.21,0.15,20.39,0.27,13.2,0.28,12.9,0.73,13.2,0.72,12.9,0.84,22.21,0.85,20.39,0.11,0.11,0.093198,1776193035000
1776193036.945,136.945,0.18,11.5,0.17,18.39,0.31,61.0,0.32,11.9,0.73,13.2,0.72,12.9,0.84,22.21,0.85,20.39,0.13,0.11,0.093198,1776193035000
1776193038.029,138.029,0.18,11.5,0.17,18.39,0.31,61.0,0.32,11.9,0.69,61.0,0.68,11.9,0.82,11.5,0.83,18.39,0.13,0.13,0.093199,1776193037000
1776193039.2,139.2,0.18,11.5,0.17,18.39,0.31,61.0,0.32,11.9,0.69,61.0,0.68,11.9,0.82,11.5,0.83,18.39,0.13,0.13,0.093216,1776193038000
1776193040.185,140.185,0.18,11.5,0.17,18.39,0.31,61.0,0.32,11.9,0.69,61.0,0.68,11.9,0.82,11.5,0.83,18.39,0.13,0.13,0.093222,1776193039000
1776193041.337,141.337,0.26,1.01,0.16,19.3,0.29,12.6,0.3,12.4,0.69,61.0,0.68,11.9,0.82,11.5,0.83,18.39,0.03,0.13,0.093222,1776193039000
1776193042.196,142.196,0.16,19.3,0.15,20.39,0.27,13.2,0.28,12.9,0.71,12.6,0.7,12.4,0.74,1.01,0.84,19.3,0.11,0.03,0.0932,1776193040000
1776193042.468,142.468,0.16,19.3,0.15,20.39,0.27,13.2,0.28,12.9,0.73,13.2,0.72,12.9,0.84,19.3,0.85,20.39,0.11,0.11,0.0932,1776193041000
1776193043.317,143.317,0.16,19.3,0.15,20.39,0.27,13.2,0.28,12.9,0.73,13.2,0.72,12.9,0.84,19.3,0.85,20.39,0.11,0.11,0.093198,1776193042000
1776193044.728,144.728,0.16,19.3,0.15,20.39,0.27,13.2,0.28,12.9,0.73,13.2,0.72,12.9,0.84,19.3,0.85,20.39,0.11,0.11,0.093198,1776193043000
1776193045.338,145.338,0.16,19.3,0.15,20.39,0.27,13.2,0.28,12.9,0.73,13.2,0.72,12.9,0.84,19.3,0.85,20.39,0.11,0.11,0.093198,1776193044000
1776193046.514,146.514,0.16,19.3,0.15,20.39,0.27,13.2,0.28,12.9,0.73,13.2,0.72,12.9,0.84,19.3,0.85,20.39,0.11,0.11,0.093198,1776193045000
1776193047.151,147.151,0.16,19.3,0.15,20.39,0.27,13.2,0.28,12.9,0.73,13.2,0.72,12.9,0.84,19.3,0.85,20.39,0.11,0.11,0.093196,1776193046000
1776193048.578,148.578,0.16,19.3,0.15,20.39,0.27,13.2,0.28,12.9,0.73,13.2,0.72,12.9,0.84,19.3,0.85,20.39,0.11,0.11,0.093177,1776193047000
1776193049.195,149.195,0.16,19.3,0.15,20.39,0.27,13.2,0.28,12.9,0.73,13.2,0.72,12.9,0.84,19.3,0.85,20.39,0.11,0.11,0.093178,1776193048000
1776193050.583,150.583,0.16,19.3,0.15,20.39,0.27,13.2,0.28,12.9,0.73,13.2,0.72,12.9,0.84,19.3,0.85,20.39,0.11,0.11,0.09318,1776193049000
1776193051.172,151.172,0.16,19.3,0.15,20.39,0.27,13.2,0.28,12.9,0.73,13.2,0.72,12.9,0.84,19.3,0.85,20.39,0.11,0.11,0.09318,1776193050000
1776193052.484,152.484,0.16,19.3,0.15,20.39,0.27,13.2,0.28,12.9,0.73,13.2,0.72,12.9,0.84,19.3,0.85,20.39,0.11,0.11,0.093181,1776193051000
1776193053.142,153.142,0.16,19.3,0.15,20.39,0.27,13.2,0.28,12.9,0.73,13.2,0.72,12.9,0.84,19.3,0.85,20.39,0.11,0.11,0.093181,1776193052000
1776193054.548,154.548,0.16,19.3,0.15,20.39,0.27,13.2,0.28,12.9,0.73,13.2,0.72,12.9,0.84,19.3,0.85,20.39,0.11,0.11,0.093179,1776193053000
1776193055.293,155.293,0.16,19.3,0.15,20.39,0.27,13.2,0.28,12.9,0.73,13.2,0.72,12.9,0.84,19.3,0.85,20.39,0.11,0.11,0.093179,1776193054000
1776193056.828,156.828,0.16,19.3,0.15,20.39,0.27,13.2,0.28,12.9,0.73,13.2,0.72,12.9,0.84,19.3,0.85,20.39,0.11,0.11,0.093178,1776193055000
1776193057.478,157.478,0.16,19.3,0.15,20.39,0.27,13.2,0.28,12.9,0.73,13.2,0.72,12.9,0.84,19.3,0.85,20.39,0.11,0.11,0.093182,1776193056000
1776193058.698,158.698,0.16,19.3,0.15,20.39,0.27,13.2,0.28,12.9,0.73,13.2,0.72,12.9,0.84,19.3,0.85,20.39,0.11,0.11,0.093178,1776193057000
1776193059.296,159.296,0.16,19.3,0.15,20.39,0.27,13.2,0.28,12.9,0.73,13.2,0.72,12.9,0.84,19.3,0.85,20.39,0.11,0.11,0.093182,1776193058000
1776193060.671,160.671,0.16,19.3,0.15,20.39,0.27,13.2,0.28,12.9,0.73,13.2,0.72,12.9,0.84,19.3,0.85,20.39,0.11,0.11,0.093177,1776193059000
1776193061.381,161.381,0.16,19.3,0.15,20.39,0.27,13.2,0.28,12.9,0.73,13.2,0.72,12.9,0.84,19.3,0.85,20.39,0.11,0.11,0.093183,1776193060000
1776193062.494,162.494,0.16,19.3,0.15,20.39,0.27,13.2,0.28,12.9,0.73,13.2,0.72,12.9,0.84,19.3,0.85,20.39,0.11,0.11,0.093205,1776193061000
1776193063.086,163.086,0.16,19.3,0.15,20.39,0.27,13.2,0.28,12.9,0.73,13.2,0.72,12.9,0.84,19.3,0.85,20.39,0.11,0.11,0.093205,1776193062000
1776193064.284,164.284,0.16,19.3,0.15,20.39,0.27,13.2,0.28,12.9,0.73,13.2,0.72,12.9,0.84,19.3,0.85,20.39,0.11,0.11,0.093204,1776193063000
1776193065.483,165.483,0.16,19.3,0.15,20.39,0.27,13.2,0.28,12.9,0.73,13.2,0.72,12.9,0.84,19.3,0.85,20.39,0.11,0.11,0.093189,1776193064000
1776193066.125,166.125,0.16,19.3,0.15,20.39,0.27,13.2,0.28,12.9,0.73,13.2,0.72,12.9,0.84,19.3,0.85,20.39,0.11,0.11,0.093185,1776193065000
1776193067.314,167.314,0.16,19.3,0.15,20.39,0.27,13.2,0.28,12.9,0.73,13.2,0.72,12.9,0.84,19.3,0.85,20.39,0.11,0.11,0.093179,1776193066000
1776193068.42,168.42,0.16,19.3,0.15,20.39,0.27,13.2,0.28,12.9,0.73,13.2,0.72,12.9,0.84,19.3,0.85,20.39,0.11,0.11,0.093179,1776193067000
1776193069.007,169.007,0.16,19.3,0.15,20.39,0.27,13.2,0.28,12.9,0.73,13.2,0.72,12.9,0.84,19.3,0.85,20.39,0.11,0.11,0.09318,1776193068000
1776193070.254,170.254,0.16,19.3,0.15,20.39,0.27,13.2,0.28,12.9,0.73,13.2,0.72,12.9,0.84,19.3,0.85,20.39,0.11,0.11,0.093179,1776193069000
1776193071.288,171.288,0.16,19.3,0.15,20.39,0.27,13.2,0.28,12.9,0.73,13.2,0.72,12.9,0.84,19.3,0.85,20.39,0.11,0.11,0.09318,1776193070000
1776193072.451,172.451,0.16,19.3,0.15,20.39,0.27,13.2,0.28,12.9,0.73,13.2,0.72,12.9,0.84,19.3,0.85,20.39,0.11,0.11,0.09318,1776193071000
1776193073.529,173.529,0.1,33.9,0.09,31.7,0.18,14.3,0.19,16.89,0.73,13.2,0.72,12.9,0.84,19.3,0.85,20.39,0.08,0.11,0.09318,1776193071000
1776193074.459,174.459,0.1,33.9,0.09,31.7,0.18,14.3,0.19,16.89,0.82,14.3,0.81,16.89,0.9,33.9,0.91,31.7,0.08,0.08,0.09318,1776193072000
1776193075.174,175.174,0.1,33.9,0.09,31.7,0.18,14.3,0.19,16.89,0.82,14.3,0.81,16.89,0.9,33.9,0.91,31.7,0.08,0.08,0.093177,1776193074000
1776193076.37,176.37,0.1,33.9,0.09,31.7,0.18,14.3,0.19,16.89,0.82,14.3,0.81,16.89,0.9,33.9,0.91,31.7,0.08,0.08,0.09318,1776193075000
1776193076.958,176.958,0.1,33.9,0.09,31.7,0.18,14.3,0.19,16.89,0.82,14.3,0.81,16.89,0.9,33.9,0.91,31.7,0.08,0.08,0.09318,1776193076000
1776193078.007,178.007,0.1,33.9,0.09,31.7,0.18,14.3,0.19,16.89,0.82,14.3,0.81,16.89,0.9,33.9,0.91,31.7,0.08,0.08,0.093186,1776193077000
1776193079.089,179.089,0.1,33.9,0.09,31.7,0.18,14.3,0.19,16.89,0.82,14.3,0.81,16.89,0.9,33.9,0.91,31.7,0.08,0.08,0.093188,1776193078000
1776193080.039,180.039,0.1,33.9,0.09,31.7,0.18,14.3,0.19,16.89,0.82,14.3,0.81,16.89,0.9,33.9,0.91,31.7,0.08,0.08,0.093188,1776193079000
1776193081.093,181.093,0.1,33.9,0.09,31.7,0.18,14.3,0.19,16.89,0.82,14.3,0.81,16.89,0.9,33.9,0.91,31.7,0.08,0.08,0.093188,1776193080000
1776193081.448,181.448,0.12,6.89,0.11,10.0,0.16,19.3,0.17,18.39,0.82,14.3,0.81,16.89,0.9,33.9,0.91,31.7,0.04,0.08,0.093188,1776193080000
1776193082.13,182.13,0.12,6.89,0.11,10.0,0.16,19.3,0.17,18.39,0.84,19.3,0.83,18.39,0.88,6.89,0.89,10.0,0.04,0.04,0.093183,1776193081000
1776193083.281,183.281,0.12,6.89,0.11,10.0,0.16,19.3,0.17,18.39,0.84,19.3,0.83,18.39,0.88,6.89,0.89,10.0,0.04,0.04,0.093166,1776193082000
1776193084.325,184.325,0.12,6.89,0.11,10.0,0.16,19.3,0.17,18.39,0.84,19.3,0.83,18.39,0.88,6.89,0.89,10.0,0.04,0.04,0.093175,1776193083000
1776193084.886,184.886,0.12,6.89,0.11,10.0,0.16,19.3,0.17,18.39,0.84,19.3,0.83,18.39,0.88,6.89,0.89,10.0,0.04,0.04,0.093187,1776193084000
1776193086.02,186.02,0.12,6.89,0.11,10.0,0.16,19.3,0.17,18.39,0.84,19.3,0.83,18.39,0.88,6.89,0.89,10.0,0.04,0.04,0.093196,1776193085000
1776193087.135,187.135,0.12,6.89,0.11,10.0,0.16,19.3,0.17,18.39,0.84,19.3,0.83,18.39,0.88,6.89,0.89,10.0,0.04,0.04,0.093194,1776193086000
1776193088.307,188.307,0.12,6.89,0.11,10.0,0.16,19.3,0.17,18.39,0.84,19.3,0.83,18.39,0.88,6.89,0.89,10.0,0.04,0.04,0.093193,1776193087000
1776193089.382,189.382,0.12,6.89,0.11,10.0,0.16,19.3,0.17,18.39,0.84,19.3,0.83,18.39,0.88,6.89,0.89,10.0,0.04,0.04,0.093194,1776193088000
1776193090.042,190.042,0.12,6.89,0.11,10.0,0.16,19.3,0.17,18.39,0.84,19.3,0.83,18.39,0.88,6.89,0.89,10.0,0.04,0.04,0.093192,1776193089000
1776193091.348,191.348,0.12,6.89,0.11,10.0,0.16,19.3,0.17,18.39,0.84,19.3,0.83,18.39,0.88,6.89,0.89,10.0,0.04,0.04,0.09319,1776193090000
1776193091.955,191.955,0.12,6.89,0.11,10.0,0.16,19.3,0.17,18.39,0.84,19.3,0.83,18.39,0.88,6.89,0.89,10.0,0.04,0.04,0.09319,1776193091000
1776193093.225,193.225,0.12,6.89,0.11,10.0,0.16,19.3,0.17,18.39,0.84,19.3,0.83,18.39,0.88,6.89,0.89,10.0,0.04,0.04,0.093191,1776193092000
1776193094.362,194.362,0.12,6.89,0.11,10.0,0.16,19.3,0.17,18.39,0.84,19.3,0.83,18.39,0.88,6.89,0.89,10.0,0.04,0.04,0.093192,1776193093000
1776193094.959,194.959,0.12,6.89,0.11,10.0,0.16,19.3,0.17,18.39,0.84,19.3,0.83,18.39,0.88,6.89,0.89,10.0,0.04,0.04,0.093192,1776193094000
1776193095.704,195.704,0.21,5.0,0.1,33.9,0.23,1.0,0.31,50.0,0.84,19.3,0.83,18.39,0.88,6.89,0.89,10.0,0.02,0.04,0.093192,1776193094000
1776193096.123,196.123,0.21,5.0,0.1,33.9,0.23,1.0,0.31,50.0,0.77,1.0,0.69,50.0,0.79,5.0,0.9,33.9,0.02,0.02,0.093193,1776193095000
1776193097.149,197.149,0.12,24.6,0.11,26.6,0.25,6.0,0.31,67.2,0.77,1.0,0.69,50.0,0.79,5.0,0.9,33.9,0.13,0.02,0.093193,1776193095000
1776193098.453,198.453,0.12,24.6,0.11,26.6,0.25,6.0,0.31,67.2,0.75,6.0,0.69,67.2,0.88,24.6,0.89,26.6,0.13,0.13,0.093219,1776193097000
1776193098.967,198.967,0.12,24.6,0.11,26.6,0.25,6.0,0.31,67.2,0.75,6.0,0.69,67.2,0.88,24.6,0.89,26.6,0.13,0.13,0.093214,1776193098000
1776193100.08,200.08,0.12,24.6,0.11,26.6,0.25,6.0,0.31,67.2,0.75,6.0,0.69,67.2,0.88,24.6,0.89,26.6,0.13,0.13,0.093214,1776193099000
1776193101.186,201.186,0.12,24.6,0.11,26.6,0.25,6.0,0.31,67.2,0.75,6.0,0.69,67.2,0.88,24.6,0.89,26.6,0.13,0.13,0.093218,1776193100000
1776193102.32,202.32,0.12,24.6,0.11,26.6,0.25,6.0,0.31,67.2,0.75,6.0,0.69,67.2,0.88,24.6,0.89,26.6,0.13,0.13,0.093218,1776193101000
1776193102.756,202.756,0.1,32.78,0.09,31.7,0.19,6.0,0.21,50.0,0.75,6.0,0.69,67.2,0.88,24.6,0.89,26.6,0.09,0.13,0.093218,1776193101000
1776193104.917,204.917,0.1,32.78,0.09,31.7,0.19,6.0,0.21,50.0,0.81,6.0,0.79,50.0,0.9,32.78,0.91,31.7,0.09,0.09,0.093203,1776193103000
1776193106.104,206.104,0.1,32.78,0.09,31.7,0.19,6.0,0.21,50.0,0.81,6.0,0.79,50.0,0.9,32.78,0.91,31.7,0.09,0.09,0.093199,1776193104000
1776193106.899,206.899,0.1,32.78,0.09,31.7,0.19,6.0,0.21,50.0,0.81,6.0,0.79,50.0,0.9,32.78,0.91,31.7,0.09,0.09,0.093194,1776193105000
1776193108.075,208.075,0.1,32.78,0.09,31.7,0.19,6.0,0.21,50.0,0.81,6.0,0.79,50.0,0.9,32.78,0.91,31.7,0.09,0.09,0.093193,1776193106000
1776193108.823,208.823,0.1,32.78,0.09,31.7,0.19,6.0,0.21,50.0,0.81,6.0,0.79,50.0,0.9,32.78,0.91,31.7,0.09,0.09,0.09319,1776193107000
1776193109.666,209.666,0.1,32.78,0.09,31.7,0.19,6.0,0.21,50.0,0.81,6.0,0.79,50.0,0.9,32.78,0.91,31.7,0.09,0.09,0.09319,1776193108000
1776193110.431,210.431,0.1,32.78,0.09,31.7,0.19,6.0,0.21,50.0,0.81,6.0,0.79,50.0,0.9,32.78,0.91,31.7,0.09,0.09,0.093193,1776193109000
1776193111.21,211.21,0.1,32.78,0.09,31.7,0.19,6.0,0.21,50.0,0.81,6.0,0.79,50.0,0.9,32.78,0.91,31.7,0.09,0.09,0.093189,1776193110000
1776193112.756,212.756,0.1,32.78,0.09,31.7,0.19,6.0,0.21,50.0,0.81,6.0,0.79,50.0,0.9,32.78,0.91,31.7,0.09,0.09,0.093178,1776193111000
1776193113.55,213.55,0.1,32.78,0.09,31.7,0.19,6.0,0.21,50.0,0.81,6.0,0.79,50.0,0.9,32.78,0.91,31.7,0.09,0.09,0.093181,1776193112000
1776193114.361,214.361,0.1,32.78,0.09,31.7,0.19,6.0,0.21,50.0,0.81,6.0,0.79,50.0,0.9,32.78,0.91,31.7,0.09,0.09,0.093181,1776193113000
1776193115.089,215.089,0.1,32.78,0.09,31.7,0.19,6.0,0.21,50.0,0.81,6.0,0.79,50.0,0.9,32.78,0.91,31.7,0.09,0.09,0.093185,1776193114000
1776193116.726,216.726,0.1,32.78,0.09,31.7,0.19,6.0,0.21,50.0,0.81,6.0,0.79,50.0,0.9,32.78,0.91,31.7,0.09,0.09,0.093186,1776193115000
1776193117.526,217.526,0.1,32.78,0.09,31.7,0.19,6.0,0.21,50.0,0.81,6.0,0.79,50.0,0.9,32.78,0.91,31.7,0.09,0.09,0.093186,1776193116000
1776193118.32,218.32,0.1,32.78,0.09,31.7,0.19,6.0,0.21,50.0,0.81,6.0,0.79,50.0,0.9,32.78,0.91,31.7,0.09,0.09,0.093187,1776193117000
1776193118.564,218.564,0.07,39.9,0.06,46.1,0.13,5.0,0.14,21.6,0.81,6.0,0.79,50.0,0.9,32.78,0.91,31.7,0.06,0.09,0.093187,1776193117000
1776193119.122,219.122,0.07,39.9,0.06,46.1,0.13,5.0,0.14,21.6,0.87,5.0,0.86,21.6,0.93,39.9,0.94,46.1,0.06,0.06,0.093193,1776193118000
1776193120.804,220.804,0.07,39.9,0.06,46.1,0.13,5.0,0.14,21.6,0.87,5.0,0.86,21.6,0.93,39.9,0.94,46.1,0.06,0.06,0.093194,1776193119000
1776193121.481,221.481,0.07,39.9,0.06,46.1,0.13,5.0,0.14,21.6,0.87,5.0,0.86,21.6,0.93,39.9,0.94,46.1,0.06,0.06,0.093197,1776193120000
1776193122.267,222.267,0.07,39.9,0.06,46.1,0.13,5.0,0.14,21.6,0.87,5.0,0.86,21.6,0.93,39.9,0.94,46.1,0.06,0.06,0.093198,1776193121000
1776193123.074,223.074,0.07,39.9,0.06,46.1,0.13,5.0,0.14,21.6,0.87,5.0,0.86,21.6,0.93,39.9,0.94,46.1,0.06,0.06,0.093183,1776193122000
1776193124.731,224.731,0.07,39.9,0.06,46.1,0.13,5.0,0.14,21.6,0.87,5.0,0.86,21.6,0.93,39.9,0.94,46.1,0.06,0.06,0.093167,1776193123000
1776193125.65,225.65,0.07,39.9,0.06,46.1,0.13,5.0,0.14,21.6,0.87,5.0,0.86,21.6,0.93,39.9,0.94,46.1,0.06,0.06,0.093153,1776193124000
1776193126.493,226.493,0.07,39.9,0.06,46.1,0.13,5.0,0.14,21.6,0.87,5.0,0.86,21.6,0.93,39.9,0.94,46.1,0.06,0.06,0.093156,1776193125000
1776193127.216,227.216,0.07,39.9,0.06,46.1,0.13,5.0,0.14,21.6,0.87,5.0,0.86,21.6,0.93,39.9,0.94,46.1,0.06,0.06,0.093156,1776193126000
1776193128.311,228.311,0.07,39.9,0.06,46.1,0.13,5.0,0.14,21.6,0.87,5.0,0.86,21.6,0.93,39.9,0.94,46.1,0.06,0.06,0.093154,1776193127000
1776193128.892,228.892,0.07,39.9,0.06,46.1,0.13,5.0,0.14,21.6,0.87,5.0,0.86,21.6,0.93,39.9,0.94,46.1,0.06,0.06,0.093152,1776193128000
1776193129.124,229.124,0.04,3.0,0.03,89.3,0.07,39.9,0.08,35.29,0.87,5.0,0.86,21.6,0.93,39.9,0.94,46.1,0.03,0.06,0.093152,1776193128000
1776193130.365,230.365,0.04,3.0,0.03,89.3,0.07,39.9,0.08,35.29,0.93,39.9,0.92,35.29,0.96,3.0,0.97,89.3,0.03,0.03,0.093159,1776193129000
1776193131.675,231.675,0.03,81.95,0.02,137.69,0.07,39.9,0.08,35.29,0.93,39.9,0.92,35.29,0.97,81.95,0.98,137.69,0.04,0.04,0.093159,1776193130000
1776193132.345,232.345,0.03,80.91,0.02,137.69,0.07,39.9,0.08,35.29,0.93,39.9,0.92,35.29,0.97,81.95,0.98,137.69,0.04,0.04,0.093159,1776193130000
1776193133.028,233.028,0.03,80.91,0.02,137.69,0.07,39.9,0.08,35.29,0.93,39.9,0.92,35.29,0.97,80.91,0.98,137.69,0.04,0.04,0.09316,1776193132000
1776193134.655,234.655,0.03,80.91,0.02,137.69,0.07,39.9,0.08,35.29,0.93,39.9,0.92,35.29,0.97,80.91,0.98,137.69,0.04,0.04,0.093164,1776193133000
1776193135.373,235.373,0.03,80.91,0.02,137.69,0.07,39.9,0.08,35.29,0.93,39.9,0.92,35.29,0.97,80.91,0.98,137.69,0.04,0.04,0.093164,1776193134000
1776193136.124,236.124,0.03,75.75,0.02,137.69,0.07,39.9,0.08,35.29,0.93,39.9,0.92,35.29,0.97,75.75,0.98,137.69,0.04,0.04,0.093164,1776193135000
1776193137.507,237.507,0.03,75.75,0.02,137.69,0.07,39.9,0.08,35.29,0.93,39.9,0.92,35.29,0.97,75.75,0.98,137.69,0.04,0.04,0.093166,1776193136000
1776193138.248,238.248,0.03,75.75,0.02,137.69,0.07,39.9,0.08,35.29,0.93,39.9,0.92,35.29,0.97,75.75,0.98,137.69,0.04,0.04,0.093166,1776193137000
1776193139.766,239.766,0.03,75.75,0.02,137.69,0.07,39.9,0.08,35.29,0.93,39.9,0.92,35.29,0.97,75.75,0.98,137.69,0.04,0.04,0.093162,1776193138000
1776193140.322,240.322,0.03,75.75,0.02,137.69,0.07,39.9,0.08,35.29,0.93,39.9,0.92,35.29,0.97,75.75,0.98,137.69,0.04,0.04,0.093162,1776193139000
1776193141.195,241.195,0.03,75.75,0.02,137.69,0.07,39.9,0.08,35.29,0.93,39.9,0.92,35.29,0.97,75.75,0.98,137.69,0.04,0.04,0.093162,1776193140000
1776193141.95,241.95,0.02,132.69,0.01,5492.6,0.06,46.1,0.07,39.9,0.93,39.9,0.92,35.29,0.97,75.75,0.98,137.69,0.04,0.04,0.093162,1776193140000
1776193142.633,242.633,0.02,132.69,0.01,5492.6,0.06,46.1,0.07,39.9,0.94,46.1,0.93,39.9,0.98,132.69,0.99,5492.6,0.04,0.04,0.093162,1776193141000
1776193143.036,243.036,0.02,127.58,0.01,5492.6,0.05,54.7,0.06,46.1,0.94,46.1,0.93,39.9,0.98,132.69,0.99,5492.6,0.03,0.04,0.093162,1776193141000
1776193143.826,243.826,0.02,127.58,0.01,5492.6,0.05,54.7,0.06,46.1,0.95,54.7,0.94,46.1,0.98,127.58,0.99,5492.6,0.03,0.03,0.093163,1776193142000
1776193144.339,244.339,0.02,127.58,0.01,5492.6,0.05,54.7,0.06,46.1,0.95,54.7,0.94,46.1,0.98,127.58,0.99,5492.6,0.03,0.03,0.093163,1776193143000
1776193144.621,244.621,0.02,76.58,0.01,5492.6,0.05,54.7,0.06,46.1,0.95,54.7,0.94,46.1,0.98,127.58,0.99,5492.6,0.03,0.03,0.093163,1776193143000
1776193144.981,244.981,0.02,76.58,0.01,5492.6,0.05,54.7,0.06,46.1,0.95,54.7,0.94,46.1,0.98,76.58,0.99,5492.6,0.03,0.03,0.093163,1776193144000
1776193146.123,246.123,0.02,76.58,0.01,5492.6,0.05,54.7,0.06,46.1,0.95,54.7,0.94,46.1,0.98,76.58,0.99,5492.6,0.03,0.03,0.093164,1776193145000
1776193146.932,246.932,0.02,56.27,0.01,5492.6,0.04,67.7,0.05,54.7,0.96,67.7,0.95,54.7,0.98,66.37,0.99,5492.6,0.02,0.02,0.093164,1776193145000
1776193147.198,247.198,0.02,56.27,0.01,5492.6,0.04,67.7,0.05,54.7,0.96,67.7,0.95,54.7,0.98,56.27,0.99,5492.6,0.02,0.02,0.093167,1776193146000
1776193148.307,248.307,0.02,56.27,0.01,5492.6,0.04,67.7,0.05,54.7,0.96,67.7,0.95,54.7,0.98,56.27,0.99,5492.6,0.02,0.02,0.093167,1776193147000
1776193149.146,249.146,0.01,5416.67,,,0.04,67.7,0.05,54.7,0.96,67.7,0.95,54.7,0.98,56.27,0.99,5492.6,0.03,0.02,0.093167,1776193147000
1776193149.928,249.928,0.01,5416.67,,,0.04,67.7,0.05,54.7,0.96,67.7,0.95,54.7,0.99,5416.67,,,0.03,0.03,0.093164,1776193149000
1776193150.918,250.918,0.01,5416.67,,,0.04,67.7,0.05,54.7,0.96,67.7,0.95,54.7,0.99,5416.67,,,0.03,0.03,0.093165,1776193150000
1776193151.644,251.644,0.02,5.0,0.01,5336.67,0.03,54.3,0.04,67.7,0.96,67.7,0.95,54.7,0.99,5416.67,,,0.01,0.03,0.093165,1776193150000
1776193151.949,251.949,0.02,5.0,0.01,5336.67,0.03,54.3,0.04,67.7,0.97,54.3,0.96,67.7,0.98,5.0,0.99,5336.67,0.01,0.01,0.093169,1776193151000
1776193152.953,252.953,0.02,5.0,0.01,5336.67,0.03,54.3,0.04,67.7,0.97,54.3,0.96,67.7,0.98,5.0,0.99,5336.67,0.01,0.01,0.093169,1776193152000
1776193153.941,253.941,0.02,55.0,0.01,337.6,0.04,65.35,0.05,54.7,0.97,54.3,0.96,67.7,0.98,5.0,0.99,5336.67,0.02,0.01,0.093169,1776193152000
1776193154.625,254.625,0.01,327.5,,,0.04,65.35,0.05,54.7,0.96,65.35,0.95,54.7,0.98,44.79,0.99,337.6,0.03,0.02,0.093148,1776193153000
1776193154.992,254.992,0.01,327.5,,,0.04,65.35,0.05,54.7,0.96,65.35,0.95,54.7,0.99,327.5,,,0.03,0.03,0.093141,1776193154000
1776193156.022,256.022,0.01,327.5,,,0.04,65.35,0.05,54.7,0.96,65.35,0.95,54.7,0.99,327.5,,,0.03,0.03,0.093149,1776193155000
1776193156.977,256.977,0.02,112.29,0.01,327.5,0.04,65.35,0.05,54.7,0.96,65.35,0.95,54.7,0.99,327.5,,,0.02,0.03,0.093149,1776193155000
1776193157.787,257.787,0.02,70.53,0.01,327.5,0.04,65.35,0.05,54.7,0.96,65.35,0.95,54.7,0.98,70.53,0.99,327.5,0.02,0.02,0.093162,1776193156000
1776193158.367,258.367,0.02,70.53,0.01,327.5,0.04,65.35,0.05,54.7,0.96,65.35,0.95,54.7,0.98,70.53,0.99,327.5,0.02,0.02,0.093176,1776193157000
1776193158.969,258.969,0.02,107.19,0.01,327.5,0.04,67.7,0.05,54.7,0.96,67.7,0.95,54.7,0.98,107.19,0.99,327.5,0.02,0.02,0.093176,1776193158000
1776193160.021,260.021,0.02,107.19,0.01,327.5,0.04,67.7,0.05,54.7,0.96,67.7,0.95,54.7,0.98,107.19,0.99,327.5,0.02,0.02,0.093181,1776193159000
1776193161.231,261.231,0.02,107.19,0.01,327.5,0.04,67.7,0.05,54.7,0.96,67.7,0.95,54.7,0.98,107.19,0.99,327.5,0.02,0.02,0.093203,1776193160000
1776193162.369,262.369,0.02,107.19,0.01,327.5,0.04,67.7,0.05,54.7,0.96,67.7,0.95,54.7,0.98,107.19,0.99,327.5,0.02,0.02,0.093204,1776193161000
1776193162.594,262.594,0.02,110.14,0.01,347.85,0.05,54.7,0.06,46.1,0.96,67.7,0.95,54.7,0.98,107.19,0.99,327.5,0.03,0.02,0.093204,1776193161000
1776193162.98,262.98,0.02,110.14,0.01,347.85,0.05,54.7,0.06,46.1,0.95,54.7,0.94,46.1,0.98,110.14,0.99,347.85,0.03,0.03,0.093206,1776193162000
1776193163.858,263.858,0.02,105.08,0.01,347.85,0.05,54.7,0.06,46.1,0.95,54.7,0.94,46.1,0.98,110.14,0.99,347.85,0.03,0.03,0.093206,1776193162000
1776193164.171,264.171,0.02,105.08,0.01,347.85,0.05,54.7,0.06,46.1,0.95,54.7,0.94,46.1,0.98,105.08,0.99,347.85,0.03,0.03,0.093206,1776193163000
1776193164.689,264.689,0.02,104.05,0.01,373.3,0.04,67.7,0.05,54.7,0.95,54.7,0.94,46.1,0.98,105.08,0.99,347.85,0.02,0.03,0.093206,1776193163000
1776193165.243,265.243,0.02,104.05,0.01,373.3,0.04,67.7,0.05,54.7,0.96,67.7,0.95,54.7,0.98,104.05,0.99,373.3,0.02,0.02,0.093209,1776193164000
1776193166.398,266.398,0.02,104.05,0.01,373.3,0.04,67.7,0.05,54.7,0.96,67.7,0.95,54.7,0.98,104.05,0.99,373.3,0.02,0.02,0.093209,1776193165000
1776193166.952,266.952,0.02,104.05,0.01,373.3,0.04,67.7,0.05,54.7,0.96,67.7,0.95,54.7,0.98,104.05,0.99,373.3,0.02,0.02,0.093211,1776193166000
1776193168.144,268.144,0.02,104.05,0.01,373.3,0.04,67.7,0.05,54.7,0.96,67.7,0.95,54.7,0.98,104.05,0.99,373.3,0.02,0.02,0.093212,1776193167000
1776193169.322,269.322,0.02,104.05,0.01,373.3,0.04,67.7,0.05,54.7,0.96,67.7,0.95,54.7,0.98,104.05,0.99,373.3,0.02,0.02,0.09321,1776193168000
1776193169.825,269.825,0.01,373.25,,,0.03,89.3,0.04,67.7,0.96,67.7,0.95,54.7,0.98,104.05,0.99,373.3,0.02,0.02,0.09321,1776193168000
1776193170.483,270.483,0.01,373.25,,,0.03,89.3,0.04,67.7,0.97,89.3,0.96,67.7,0.99,373.25,,,0.02,0.02,0.093208,1776193169000
1776193170.881,270.881,0.01,368.2,,,0.03,89.3,0.04,67.7,0.97,89.3,0.96,67.7,0.99,373.25,,,0.02,0.02,0.093208,1776193169000
1776193171.163,271.163,0.01,366.51,,,0.03,89.3,0.04,67.7,0.97,89.3,0.96,67.7,0.99,366.51,,,0.02,0.02,0.093196,1776193170000
1776193172.668,272.668,0.01,366.51,,,0.03,89.3,0.04,67.7,0.97,89.3,0.96,67.7,0.99,366.51,,,0.02,0.02,0.093191,1776193171000
1776193173.143,273.143,0.01,102.89,,,0.02,132.69,0.03,89.3,0.98,132.69,0.97,89.3,0.99,102.89,,,0.01,0.01,0.093191,1776193172000
1776193174.365,274.365,0.01,102.89,,,0.02,132.69,0.03,89.3,0.98,132.69,0.97,89.3,0.99,102.89,,,0.01,0.01,0.093184,1776193173000
1776193175.313,275.313,0.01,102.89,,,0.02,132.69,0.03,89.3,0.98,132.69,0.97,89.3,0.99,102.89,,,0.01,0.01,0.093181,1776193174000
1776193176.449,276.449,0.01,102.89,,,0.02,132.69,0.03,89.3,0.98,132.69,0.97,89.3,0.99,102.89,,,0.01,0.01,0.093179,1776193175000
1776193176.894,276.894,0.01,87.89,,,0.1,7.08,0.11,64.0,0.98,132.69,0.97,89.3,0.99,102.89,,,0.09,0.01,0.093179,1776193175000
1776193177.843,277.843,0.01,77.78,,,0.1,42.08,0.11,64.0,0.9,7.08,0.89,64.0,0.99,87.89,,,0.09,0.09,0.093179,1776193176000
1776193178.1,278.1,0.01,77.78,,,0.1,42.08,0.11,64.0,0.9,42.08,0.89,64.0,0.99,77.78,,,0.09,0.09,0.093178,1776193177000
1776193179.137,279.137,0.01,77.78,,,0.1,42.08,0.11,64.0,0.9,42.08,0.89,64.0,0.99,77.78,,,0.09,0.09,0.093172,1776193178000
1776193180.298,280.298,0.01,77.78,,,0.1,42.08,0.11,64.0,0.9,42.08,0.89,64.0,0.99,77.78,,,0.09,0.09,0.093173,1776193179000
1776193181.351,281.351,0.01,77.78,,,0.1,42.08,0.11,64.0,0.9,42.08,0.89,64.0,0.99,77.78,,,0.09,0.09,0.093176,1776193180000
1776193181.952,281.952,0.01,77.78,,,0.1,42.08,0.11,64.0,0.9,42.08,0.89,64.0,0.99,77.78,,,0.09,0.09,0.093176,1776193181000
1776193183.05,283.05,0.01,77.78,,,0.1,42.08,0.11,64.0,0.9,42.08,0.89,64.0,0.99,77.78,,,0.09,0.09,0.093182,1776193182000
1776193184.05,284.05,0.01,77.78,,,0.1,42.08,0.11,64.0,0.9,42.08,0.89,64.0,0.99,77.78,,,0.09,0.09,0.093182,1776193183000
1776193184.687,284.687,0.01,67.78,,,0.09,18.0,0.1,7.08,0.9,42.08,0.89,64.0,0.99,77.78,,,0.08,0.09,0.093182,1776193183000
1776193184.957,284.957,0.01,57.68,,,0.09,25.08,0.11,50.0,0.91,18.0,0.9,7.08,0.99,67.78,,,0.08,0.08,0.093182,1776193183000
1776193185.473,285.473,0.01,32.48,,,0.09,25.08,0.11,50.0,0.91,25.08,0.89,50.0,0.99,37.48,,,0.08,0.08,0.093179,1776193184000
1776193186.809,286.809,0.01,27.48,,,0.09,25.08,0.11,50.0,0.91,25.08,0.89,50.0,0.99,27.48,,,0.08,0.08,0.09318,1776193185000
1776193187.221,287.221,0.01,22.43,,,0.08,7.08,0.09,18.0,0.91,25.08,0.89,50.0,0.99,27.48,,,0.07,0.08,0.09318,1776193185000
1776193188.377,288.377,,,,,0.01,7.87,0.08,7.08,0.99,7.87,0.92,7.08,,,,,,,0.093181,1776193187000
1776193189.334,289.334,,,,,0.01,7.87,0.08,7.08,0.99,7.87,0.92,7.08,,,,,,,0.093181,1776193188000
1776193190.419,290.419,,,,,0.01,7.87,0.08,7.08,0.99,7.87,0.92,7.08,,,,,,,0.093181,1776193189000
1776193190.969,290.969,,,,,0.01,7.87,0.08,7.08,0.99,7.87,0.92,7.08,,,,,,,0.093181,1776193190000
1776193192.131,292.131,,,,,0.01,7.87,0.08,7.08,0.99,7.87,0.92,7.08,,,,,,,0.093182,1776193191000
1776193193.203,293.203,,,,,0.01,7.87,0.08,7.08,0.99,7.87,0.92,7.08,,,,,,,0.093183,1776193192000
1776193194.322,294.322,,,,,0.01,7.87,0.08,7.08,0.99,7.87,0.92,7.08,,,,,,,0.093183,1776193193000
1776193195.412,295.412,,,,,0.01,7.87,0.08,7.08,0.99,7.87,0.92,7.08,,,,,,,0.093175,1776193194000
1776193196.013,296.013,,,,,0.01,7.93,0.08,7.08,0.99,7.93,0.92,7.08,,,,,,,0.093175,1776193195000
1776193197.029,297.029,,,,,0.01,7.93,0.08,7.08,0.99,7.93,0.92,7.08,,,,,,,0.093175,1776193196000
1776193198.144,298.144,,,,,0.01,7.93,0.08,7.08,0.99,7.93,0.92,7.08,,,,,,,0.093175,1776193197000
1776193199.056,299.056,,,,,0.01,7.93,0.08,7.08,0.99,7.93,0.92,7.08,,,,,,,0.093175,1776193198000
1776193200.51,300.51,,,,,0.01,7.93,0.08,7.08,0.99,7.93,0.92,7.08,,,,,,,0.093175,1776193199000
1776193201.122,301.122,,,,,0.01,7.93,0.08,7.08,0.99,7.93,0.92,7.08,,,,,,,0.093176,1776193200000
1776193202.218,302.218,,,,,0.01,7.93,0.08,7.08,0.99,7.93,0.92,7.08,,,,,,,0.093161,1776193201000

# RESULT,winner=Down,slug=doge-updown-5m-1776192900,ticks=334
