timestamp,elapsed_sec,up_bid_p1,up_bid_s1,up_bid_p2,up_bid_s2,up_ask_p1,up_ask_s1,up_ask_p2,up_ask_s2,down_bid_p1,down_bid_s1,down_bid_p2,down_bid_s2,down_ask_p1,down_ask_s1,down_ask_p2,down_ask_s2,up_spread,down_spread,doge_price,doge_oracle_ts
1776186901.635,1.635,0.49,6.0,0.41,12.0,0.53,8.1,0.62,13.0,0.47,8.1,0.38,13.0,0.51,6.0,0.67,300.0,0.04,0.04,0.095214,1776186900000
1776186902.176,2.176,0.49,6.0,0.41,12.0,0.53,8.1,0.62,13.0,0.47,8.1,0.38,13.0,0.51,6.0,0.67,300.0,0.04,0.04,0.095214,1776186900000
1776186902.516,2.516,0.49,6.0,0.41,12.0,0.53,8.1,0.62,13.0,0.47,8.1,0.38,13.0,0.51,6.0,0.67,300.0,0.04,0.04,0.09522,1776186901000
1776186903.301,3.301,0.49,6.0,0.41,12.0,0.53,8.1,0.62,13.0,0.47,8.1,0.38,13.0,0.51,6.0,0.67,300.0,0.04,0.04,0.09522,1776186902000
1776186903.627,3.627,0.49,6.0,0.41,62.0,0.53,3.1,0.61,50.0,0.47,8.1,0.38,13.0,0.51,6.0,0.67,300.0,0.04,0.04,0.09522,1776186902000
1776186905.078,5.078,0.49,6.0,0.41,62.0,0.53,3.1,0.61,50.0,0.47,3.1,0.39,50.0,0.51,6.0,0.59,62.0,0.04,0.04,0.095221,1776186903000
1776186906.226,6.226,0.49,6.0,0.41,62.0,0.53,3.1,0.61,50.0,0.47,3.1,0.39,50.0,0.51,6.0,0.59,62.0,0.04,0.04,0.09522,1776186905000
1776186907.384,7.384,0.49,6.0,0.41,62.0,0.53,3.1,0.61,50.0,0.47,3.1,0.39,50.0,0.51,6.0,0.59,62.0,0.04,0.04,0.09522,1776186906000
1776186908.366,8.366,0.49,6.0,0.41,62.0,0.53,3.1,0.61,50.0,0.47,3.1,0.39,50.0,0.51,6.0,0.59,62.0,0.04,0.04,0.095221,1776186907000
1776186909.027,9.027,0.49,6.0,0.41,62.0,0.53,3.1,0.61,50.0,0.47,3.1,0.39,50.0,0.51,6.0,0.59,62.0,0.04,0.04,0.095221,1776186908000
1776186909.287,9.287,0.49,6.0,0.46,5.0,0.53,0.5,0.55,5.0,0.47,3.1,0.39,50.0,0.51,6.0,0.59,62.0,0.04,0.04,0.095221,1776186908000
1776186910.067,10.067,0.49,6.0,0.46,5.0,0.53,0.5,0.55,5.0,0.47,0.5,0.45,5.0,0.51,6.0,0.54,5.0,0.04,0.04,0.095221,1776186909000
1776186911.104,11.104,0.49,6.0,0.46,5.0,0.53,0.5,0.55,5.0,0.47,0.5,0.45,5.0,0.51,6.0,0.54,5.0,0.04,0.04,0.095218,1776186910000
1776186911.644,11.644,0.53,8.93,0.49,6.0,0.55,5.0,0.6,12.0,0.47,0.5,0.45,5.0,0.51,6.0,0.54,5.0,0.02,0.04,0.095218,1776186910000
1776186912.149,12.149,0.53,3.93,0.49,11.0,0.55,5.0,0.6,12.0,0.45,5.0,0.4,12.0,0.47,8.93,0.51,6.0,0.02,0.02,0.095218,1776186910000
1776186913.307,13.307,0.53,3.93,0.49,11.0,0.55,5.0,0.6,12.0,0.45,5.0,0.4,12.0,0.47,3.93,0.51,11.0,0.02,0.02,0.095218,1776186912000
1776186914.37,14.37,0.53,3.93,0.49,11.0,0.55,5.0,0.6,12.0,0.45,5.0,0.4,12.0,0.47,3.93,0.51,11.0,0.02,0.02,0.095215,1776186913000
1776186914.954,14.954,0.53,3.93,0.49,11.0,0.55,5.0,0.6,12.0,0.45,5.0,0.4,12.0,0.47,3.93,0.51,11.0,0.02,0.02,0.095215,1776186914000
1776186916.008,16.008,0.53,3.93,0.49,11.0,0.55,5.0,0.6,12.0,0.45,5.0,0.4,12.0,0.47,3.93,0.51,11.0,0.02,0.02,0.095216,1776186915000
1776186917.224,17.224,0.53,3.93,0.49,11.0,0.55,5.0,0.6,12.0,0.45,5.0,0.4,12.0,0.47,3.93,0.51,11.0,0.02,0.02,0.095216,1776186916000
1776186918.151,18.151,0.53,3.93,0.49,11.0,0.55,5.0,0.6,12.0,0.45,5.0,0.4,12.0,0.47,3.93,0.51,11.0,0.02,0.02,0.095215,1776186917000
1776186918.635,18.635,0.53,3.93,0.49,11.0,0.57,5.0,0.61,60.0,0.45,5.0,0.4,12.0,0.47,3.93,0.51,11.0,0.04,0.02,0.095215,1776186917000
1776186919.289,19.289,0.53,3.93,0.49,11.0,0.57,5.0,0.61,60.0,0.43,5.0,0.39,60.0,0.47,3.93,0.51,11.0,0.04,0.04,0.095215,1776186918000
1776186920.298,20.298,0.53,3.93,0.49,11.0,0.57,5.0,0.61,60.0,0.43,5.0,0.39,60.0,0.47,3.93,0.51,11.0,0.04,0.04,0.095216,1776186919000
1776186921.447,21.447,0.53,3.93,0.49,11.0,0.57,5.0,0.61,60.0,0.43,5.0,0.39,60.0,0.47,3.93,0.51,11.0,0.04,0.04,0.095226,1776186920000
1776186922.392,22.392,0.53,3.93,0.49,11.0,0.57,5.0,0.61,60.0,0.43,5.0,0.39,60.0,0.47,3.93,0.51,11.0,0.04,0.04,0.095227,1776186921000
1776186923.004,23.004,0.53,3.93,0.49,11.0,0.57,5.0,0.61,60.0,0.43,5.0,0.39,60.0,0.47,3.93,0.51,11.0,0.04,0.04,0.095233,1776186922000
1776186924.0,24.0,0.53,3.93,0.49,11.0,0.57,5.0,0.61,60.0,0.43,5.0,0.39,60.0,0.47,3.93,0.51,11.0,0.04,0.04,0.095258,1776186923000
1776186925.181,25.181,0.53,3.93,0.49,11.0,0.57,5.0,0.61,60.0,0.43,5.0,0.39,60.0,0.47,3.93,0.51,11.0,0.04,0.04,0.095258,1776186924000
1776186926.138,26.138,0.53,3.93,0.49,11.0,0.57,5.0,0.61,60.0,0.43,5.0,0.39,60.0,0.47,3.93,0.51,11.0,0.04,0.04,0.095258,1776186925000
1776186927.226,27.226,0.53,3.93,0.49,11.0,0.57,5.0,0.61,60.0,0.43,5.0,0.39,60.0,0.47,3.93,0.51,11.0,0.04,0.04,0.095256,1776186926000
1776186928.242,28.242,0.53,3.93,0.49,11.0,0.57,5.0,0.61,60.0,0.43,5.0,0.39,60.0,0.47,3.93,0.51,11.0,0.04,0.04,0.095256,1776186927000
1776186929.317,29.317,0.53,3.93,0.49,11.0,0.57,5.0,0.61,60.0,0.43,5.0,0.39,60.0,0.47,3.93,0.51,11.0,0.04,0.04,0.095256,1776186928000
1776186930.338,30.338,0.53,3.93,0.49,11.0,0.57,5.0,0.61,60.0,0.43,5.0,0.39,60.0,0.47,3.93,0.51,11.0,0.04,0.04,0.095257,1776186929000
1776186930.972,30.972,0.53,3.93,0.49,11.0,0.57,5.0,0.61,60.0,0.43,5.0,0.39,60.0,0.47,3.93,0.51,11.0,0.04,0.04,0.095257,1776186930000
1776186932.05,32.05,0.53,3.93,0.49,11.0,0.57,5.0,0.61,60.0,0.43,5.0,0.39,60.0,0.47,3.93,0.51,11.0,0.04,0.04,0.095259,1776186931000
1776186933.109,33.109,0.53,3.93,0.49,11.0,0.57,5.0,0.61,60.0,0.43,5.0,0.39,60.0,0.47,3.93,0.51,11.0,0.04,0.04,0.095265,1776186932000
1776186934.41,34.41,0.53,3.93,0.49,11.0,0.57,5.0,0.61,60.0,0.43,5.0,0.39,60.0,0.47,3.93,0.51,11.0,0.04,0.04,0.095265,1776186933000
1776186935.525,35.525,0.53,3.93,0.49,11.0,0.57,5.0,0.61,60.0,0.43,5.0,0.39,60.0,0.47,3.93,0.51,11.0,0.04,0.04,0.095263,1776186934000
1776186936.282,36.282,0.53,3.93,0.49,11.0,0.57,5.0,0.61,60.0,0.43,5.0,0.39,60.0,0.47,3.93,0.51,11.0,0.04,0.04,0.095263,1776186935000
1776186938.241,38.241,0.53,3.93,0.49,11.0,0.57,5.0,0.61,60.0,0.43,5.0,0.39,60.0,0.47,3.93,0.51,11.0,0.04,0.04,0.095263,1776186936000
1776186938.844,38.844,0.53,3.93,0.49,11.0,0.57,5.0,0.61,60.0,0.43,5.0,0.39,60.0,0.47,3.93,0.51,11.0,0.04,0.04,0.095263,1776186937000
1776186939.649,39.649,0.53,3.93,0.49,11.0,0.57,5.0,0.61,60.0,0.43,5.0,0.39,60.0,0.47,3.93,0.51,11.0,0.04,0.04,0.095257,1776186938000
1776186940.309,40.309,0.53,3.93,0.49,11.0,0.57,5.0,0.61,60.0,0.43,5.0,0.39,60.0,0.47,3.93,0.51,11.0,0.04,0.04,0.095262,1776186939000
1776186941.666,41.666,0.53,3.93,0.49,11.0,0.57,5.0,0.61,60.0,0.43,5.0,0.39,60.0,0.47,3.93,0.51,11.0,0.04,0.04,0.095276,1776186940000
1776186942.407,42.407,0.53,3.93,0.49,11.0,0.57,5.0,0.61,60.0,0.43,5.0,0.39,60.0,0.47,3.93,0.51,11.0,0.04,0.04,0.095279,1776186941000
1776186943.109,43.109,0.53,3.93,0.49,11.0,0.57,5.0,0.61,60.0,0.43,5.0,0.39,60.0,0.47,3.93,0.51,11.0,0.04,0.04,0.095279,1776186942000
1776186944.505,44.505,0.53,3.93,0.49,11.0,0.57,5.0,0.61,60.0,0.43,5.0,0.39,60.0,0.47,3.93,0.51,11.0,0.04,0.04,0.09528,1776186943000
1776186945.097,45.097,0.53,3.93,0.49,11.0,0.57,5.0,0.61,60.0,0.43,5.0,0.39,60.0,0.47,3.93,0.51,11.0,0.04,0.04,0.095279,1776186944000
1776186946.909,46.909,0.53,3.93,0.49,11.0,0.57,5.0,0.61,60.0,0.43,5.0,0.39,60.0,0.47,3.93,0.51,11.0,0.04,0.04,0.095282,1776186945000
1776186947.349,47.349,0.66,7.0,0.65,5.0,0.77,18.98,0.78,25.2,0.43,5.0,0.39,60.0,0.47,3.93,0.51,11.0,0.11,0.04,0.095282,1776186945000
1776186950.252,50.252,0.66,7.0,0.65,5.0,0.77,18.98,0.78,25.2,0.23,18.98,0.22,25.2,0.34,7.0,0.35,5.0,0.11,0.11,0.095283,1776186946000
1776186950.529,50.529,0.66,7.0,0.65,5.0,0.77,18.98,0.78,25.2,0.23,18.98,0.22,25.2,0.34,7.0,0.35,5.0,0.11,0.11,0.095301,1776186949000
1776186951.164,51.164,0.66,7.0,0.65,5.0,0.77,18.98,0.78,25.2,0.23,18.98,0.22,25.2,0.34,7.0,0.35,5.0,0.11,0.11,0.095301,1776186950000
1776186952.533,52.533,0.66,7.0,0.65,5.0,0.77,18.98,0.78,25.2,0.23,18.98,0.22,25.2,0.34,7.0,0.35,5.0,0.11,0.11,0.0953,1776186951000
1776186953.486,53.486,0.66,7.0,0.65,5.0,0.77,18.98,0.78,25.2,0.23,18.98,0.22,25.2,0.34,7.0,0.35,5.0,0.11,0.11,0.0953,1776186952000
1776186953.979,53.979,0.66,7.0,0.65,5.0,0.77,18.98,0.78,25.2,0.23,18.98,0.22,25.2,0.34,7.0,0.35,5.0,0.11,0.11,0.0953,1776186953000
1776186955.132,55.132,0.66,7.0,0.65,5.0,0.77,18.98,0.78,25.2,0.23,18.98,0.22,25.2,0.34,7.0,0.35,5.0,0.11,0.11,0.0953,1776186954000
1776186956.245,56.245,0.66,7.0,0.65,5.0,0.77,18.98,0.78,25.2,0.23,18.98,0.22,25.2,0.34,7.0,0.35,5.0,0.11,0.11,0.095293,1776186955000
1776186957.383,57.383,0.66,7.0,0.65,5.0,0.77,18.98,0.78,25.2,0.23,18.98,0.22,25.2,0.34,7.0,0.35,5.0,0.11,0.11,0.095288,1776186956000
1776186958.453,58.453,0.66,7.0,0.65,5.0,0.77,18.98,0.78,25.2,0.23,18.98,0.22,25.2,0.34,7.0,0.35,5.0,0.11,0.11,0.095292,1776186957000
1776186958.996,58.996,0.66,7.0,0.65,5.0,0.77,18.98,0.78,25.2,0.23,18.98,0.22,25.2,0.34,7.0,0.35,5.0,0.11,0.11,0.095292,1776186958000
1776186960.125,60.125,0.66,7.0,0.65,5.0,0.77,18.98,0.78,25.2,0.23,18.98,0.22,25.2,0.34,7.0,0.35,5.0,0.11,0.11,0.095288,1776186959000
1776186961.3,61.3,0.66,7.0,0.65,5.0,0.77,18.98,0.78,25.2,0.23,18.98,0.22,25.2,0.34,7.0,0.35,5.0,0.11,0.11,0.095288,1776186960000
1776186962.367,62.367,0.66,7.0,0.65,5.0,0.77,18.98,0.78,25.2,0.23,18.98,0.22,25.2,0.34,7.0,0.35,5.0,0.11,0.11,0.09529,1776186961000
1776186962.941,62.941,0.66,7.0,0.65,5.0,0.77,18.98,0.78,25.2,0.23,18.98,0.22,25.2,0.34,7.0,0.35,5.0,0.11,0.11,0.095289,1776186962000
1776186964.013,64.013,0.66,7.0,0.65,5.0,0.77,18.98,0.78,25.2,0.23,18.98,0.22,25.2,0.34,7.0,0.35,5.0,0.11,0.11,0.095288,1776186963000
1776186964.852,64.852,0.66,12.0,0.62,5.0,0.76,3.56,0.78,15.2,0.23,18.98,0.22,25.2,0.34,7.0,0.35,5.0,0.1,0.11,0.095288,1776186963000
1776186965.165,65.165,0.66,12.0,0.62,5.0,0.76,3.56,0.78,15.2,0.24,3.56,0.22,15.2,0.34,12.0,0.38,5.0,0.1,0.1,0.095288,1776186964000
1776186966.317,66.317,0.66,12.0,0.62,5.0,0.76,3.56,0.78,15.2,0.24,3.56,0.22,15.2,0.34,12.0,0.38,5.0,0.1,0.1,0.09529,1776186965000
1776186968.239,68.239,0.66,12.0,0.62,5.0,0.76,3.56,0.78,15.2,0.24,3.56,0.22,15.2,0.34,12.0,0.38,5.0,0.1,0.1,0.0953,1776186967000
1776186969.667,69.667,0.66,12.0,0.62,5.0,0.76,3.56,0.78,15.2,0.24,3.56,0.22,15.2,0.34,12.0,0.38,5.0,0.1,0.1,0.09529,1776186968000
1776186970.273,70.273,0.66,12.0,0.62,5.0,0.76,3.56,0.78,15.2,0.24,3.56,0.22,15.2,0.34,12.0,0.38,5.0,0.1,0.1,0.09529,1776186969000
1776186971.484,71.484,0.66,12.0,0.62,5.0,0.76,3.56,0.78,15.2,0.24,3.56,0.22,15.2,0.34,12.0,0.38,5.0,0.1,0.1,0.09529,1776186970000
1776186972.128,72.128,0.66,12.0,0.62,5.0,0.76,3.56,0.78,15.2,0.24,3.56,0.22,15.2,0.34,12.0,0.38,5.0,0.1,0.1,0.09529,1776186971000
1776186973.525,73.525,0.66,12.0,0.62,5.0,0.76,3.56,0.78,15.2,0.24,3.56,0.22,15.2,0.34,12.0,0.38,5.0,0.1,0.1,0.095281,1776186972000
1776186974.118,74.118,0.66,12.0,0.62,5.0,0.76,3.56,0.78,15.2,0.24,3.56,0.22,15.2,0.34,12.0,0.38,5.0,0.1,0.1,0.095281,1776186973000
1776186975.325,75.325,0.66,12.0,0.62,5.0,0.76,3.56,0.78,15.2,0.24,3.56,0.22,15.2,0.34,12.0,0.38,5.0,0.1,0.1,0.095285,1776186974000
1776186976.009,76.009,0.66,12.0,0.62,5.0,0.76,3.56,0.78,15.2,0.24,3.56,0.22,15.2,0.34,12.0,0.38,5.0,0.1,0.1,0.095285,1776186975000
1776186977.383,77.383,0.66,12.0,0.62,5.0,0.76,3.56,0.78,15.2,0.24,3.56,0.22,15.2,0.34,12.0,0.38,5.0,0.1,0.1,0.095286,1776186976000
1776186977.594,77.594,0.67,7.0,0.6,5.0,0.73,8.11,0.74,13.5,0.24,3.56,0.22,15.2,0.34,12.0,0.38,5.0,0.06,0.1,0.095286,1776186976000
1776186978.038,78.038,0.67,7.0,0.6,5.0,0.73,8.11,0.74,13.5,0.27,8.11,0.26,13.5,0.33,7.0,0.4,5.0,0.06,0.06,0.095286,1776186977000
1776186979.288,79.288,0.67,7.0,0.6,5.0,0.73,8.11,0.74,13.5,0.27,8.11,0.26,13.5,0.33,7.0,0.4,5.0,0.06,0.06,0.095284,1776186978000
1776186980.543,80.543,0.67,7.0,0.6,5.0,0.73,8.11,0.74,13.5,0.27,8.11,0.26,13.5,0.33,7.0,0.4,5.0,0.06,0.06,0.095289,1776186979000
1776186981.17,81.17,0.67,7.0,0.6,5.0,0.73,8.11,0.74,13.5,0.27,8.11,0.26,13.5,0.33,7.0,0.4,5.0,0.06,0.06,0.095291,1776186980000
1776186982.465,82.465,0.67,7.0,0.6,5.0,0.73,8.11,0.74,13.5,0.27,8.11,0.26,13.5,0.33,7.0,0.4,5.0,0.06,0.06,0.095288,1776186981000
1776186983.069,83.069,0.67,7.0,0.6,5.0,0.73,8.11,0.74,13.5,0.27,8.11,0.26,13.5,0.33,7.0,0.4,5.0,0.06,0.06,0.095286,1776186982000
1776186984.908,84.908,0.67,7.0,0.6,5.0,0.73,8.11,0.74,13.5,0.27,8.11,0.26,13.5,0.33,7.0,0.4,5.0,0.06,0.06,0.095284,1776186983000
1776186985.575,85.575,0.67,7.0,0.6,5.0,0.73,8.11,0.74,13.5,0.27,8.11,0.26,13.5,0.33,7.0,0.4,5.0,0.06,0.06,0.095284,1776186984000
1776186986.082,86.082,0.67,7.0,0.6,5.0,0.73,8.11,0.74,13.5,0.27,8.11,0.26,13.5,0.33,7.0,0.4,5.0,0.06,0.06,0.095285,1776186985000
1776186987.359,87.359,0.67,7.0,0.6,5.0,0.73,8.11,0.74,13.5,0.27,8.11,0.26,13.5,0.33,7.0,0.4,5.0,0.06,0.06,0.095278,1776186986000
1776186987.96,87.96,0.67,7.0,0.6,5.0,0.73,8.11,0.74,13.5,0.27,8.11,0.26,13.5,0.33,7.0,0.4,5.0,0.06,0.06,0.095279,1776186987000
1776186989.06,89.06,0.67,7.0,0.6,5.0,0.73,8.11,0.74,13.5,0.27,8.11,0.26,13.5,0.33,7.0,0.4,5.0,0.06,0.06,0.09528,1776186988000
1776186989.786,89.786,0.67,3.09,0.61,55.0,0.73,13.2,0.74,13.5,0.27,8.11,0.26,13.5,0.33,7.0,0.4,5.0,0.06,0.06,0.09528,1776186988000
1776186990.168,90.168,0.67,3.09,0.61,55.0,0.73,13.2,0.74,13.5,0.27,13.2,0.26,13.5,0.33,3.09,0.39,55.0,0.06,0.06,0.095279,1776186989000
1776186991.344,91.344,0.67,3.09,0.61,55.0,0.73,13.2,0.74,13.5,0.27,13.2,0.26,13.5,0.33,3.09,0.39,55.0,0.06,0.06,0.095282,1776186990000
1776186991.855,91.855,0.67,3.09,0.61,55.0,0.73,13.2,0.74,13.5,0.27,13.2,0.26,13.5,0.33,3.09,0.39,55.0,0.06,0.06,0.095282,1776186991000
1776186993.086,93.086,0.67,3.09,0.61,55.0,0.73,13.2,0.74,13.5,0.27,13.2,0.26,13.5,0.33,3.09,0.39,55.0,0.06,0.06,0.095287,1776186992000
1776186994.177,94.177,0.67,3.09,0.61,55.0,0.73,13.2,0.74,13.5,0.27,13.2,0.26,13.5,0.33,3.09,0.39,55.0,0.06,0.06,0.095294,1776186993000
1776186995.338,95.338,0.67,3.09,0.61,55.0,0.73,13.2,0.74,13.5,0.27,13.2,0.26,13.5,0.33,3.09,0.39,55.0,0.06,0.06,0.095292,1776186994000
1776186995.925,95.925,0.67,3.09,0.61,55.0,0.73,13.2,0.74,13.5,0.27,13.2,0.26,13.5,0.33,3.09,0.39,55.0,0.06,0.06,0.095294,1776186995000
1776186997.198,97.198,0.67,3.09,0.61,55.0,0.73,13.2,0.74,13.5,0.27,13.2,0.26,13.5,0.33,3.09,0.39,55.0,0.06,0.06,0.095302,1776186996000
1776186997.92,97.92,0.67,3.09,0.61,55.0,0.73,13.2,0.74,13.5,0.27,13.2,0.26,13.5,0.33,3.09,0.39,55.0,0.06,0.06,0.095302,1776186997000
1776186999.003,99.003,0.67,3.09,0.61,55.0,0.73,13.2,0.74,13.5,0.27,13.2,0.26,13.5,0.33,3.09,0.39,55.0,0.06,0.06,0.095303,1776186998000
1776187000.022,100.022,0.67,3.09,0.61,55.0,0.73,13.2,0.74,13.5,0.27,13.2,0.26,13.5,0.33,3.09,0.39,55.0,0.06,0.06,0.095303,1776186999000
1776187000.242,100.242,0.67,11.8,0.66,11.6,0.79,13.92,0.8,16.2,0.21,13.92,0.2,16.2,0.33,11.8,0.34,11.6,0.12,0.12,0.095303,1776186999000
1776187001.33,101.33,0.67,11.8,0.66,11.6,0.79,13.92,0.8,16.2,0.21,13.92,0.2,16.2,0.33,11.8,0.34,11.6,0.12,0.12,0.095299,1776187000000
1776187002.47,102.47,0.67,11.8,0.66,11.6,0.79,13.92,0.8,16.2,0.21,13.92,0.2,16.2,0.33,11.8,0.34,11.6,0.12,0.12,0.095303,1776187001000
1776187003.03,103.03,0.67,11.8,0.66,11.6,0.79,13.92,0.8,16.2,0.21,13.92,0.2,16.2,0.33,11.8,0.34,11.6,0.12,0.12,0.095304,1776187002000
1776187004.126,104.126,0.67,11.8,0.66,11.6,0.79,13.92,0.8,16.2,0.21,13.92,0.2,16.2,0.33,11.8,0.34,11.6,0.12,0.12,0.095304,1776187003000
1776187005.261,105.261,0.67,11.8,0.66,11.6,0.79,13.92,0.8,16.2,0.21,13.92,0.2,16.2,0.33,11.8,0.34,11.6,0.12,0.12,0.095304,1776187004000
1776187006.243,106.243,0.67,11.8,0.66,11.6,0.79,13.92,0.8,16.2,0.21,13.92,0.2,16.2,0.33,11.8,0.34,11.6,0.12,0.12,0.095302,1776187005000
1776187007.342,107.342,0.67,11.8,0.66,11.6,0.79,13.92,0.8,16.2,0.21,13.92,0.2,16.2,0.33,11.8,0.34,11.6,0.12,0.12,0.095299,1776187006000
1776187007.955,107.955,0.67,11.8,0.66,11.6,0.79,13.92,0.8,16.2,0.21,13.92,0.2,16.2,0.33,11.8,0.34,11.6,0.12,0.12,0.095299,1776187007000
1776187008.222,108.222,0.55,5.0,0.53,3.93,0.61,40.0,0.63,10.0,0.21,13.92,0.2,16.2,0.33,11.8,0.34,11.6,0.06,0.12,0.095299,1776187007000
1776187009.031,109.031,0.55,5.0,0.53,3.93,0.61,40.0,0.63,10.0,0.39,40.0,0.37,10.0,0.45,5.0,0.47,3.93,0.06,0.06,0.095295,1776187008000
1776187010.107,110.107,0.55,5.0,0.53,3.93,0.61,40.0,0.63,10.0,0.39,40.0,0.37,10.0,0.45,5.0,0.47,3.93,0.06,0.06,0.095229,1776187009000
1776187011.314,111.314,0.55,5.0,0.53,3.93,0.61,40.0,0.63,10.0,0.39,40.0,0.37,10.0,0.45,5.0,0.47,3.93,0.06,0.06,0.095222,1776187010000
1776187012.291,112.291,0.55,5.0,0.53,3.93,0.61,40.0,0.63,10.0,0.39,40.0,0.37,10.0,0.45,5.0,0.47,3.93,0.06,0.06,0.095225,1776187011000
1776187013.235,113.235,0.5,5.0,0.49,6.0,0.58,35.0,0.59,10.0,0.39,40.0,0.37,10.0,0.45,5.0,0.47,3.93,0.08,0.06,0.095225,1776187011000
1776187013.523,113.523,0.5,2.12,0.49,6.0,0.58,35.0,0.59,10.0,0.42,35.0,0.41,10.0,0.5,2.12,0.51,6.0,0.08,0.08,0.095216,1776187012000
1776187014.053,114.053,0.49,6.0,0.37,10.0,0.57,10.0,0.58,35.0,0.42,35.0,0.41,10.0,0.5,2.12,0.51,6.0,0.08,0.08,0.095216,1776187012000
1776187014.697,114.697,0.49,6.0,0.37,10.0,0.57,10.0,0.58,35.0,0.43,10.0,0.42,35.0,0.51,6.0,0.63,10.0,0.08,0.08,0.09521,1776187013000
1776187015.245,115.245,0.49,6.0,0.37,10.0,0.57,10.0,0.58,35.0,0.43,10.0,0.42,35.0,0.51,6.0,0.63,10.0,0.08,0.08,0.0952,1776187014000
1776187016.027,116.027,0.49,0.8,0.37,10.0,0.54,10.0,0.55,10.0,0.43,10.0,0.42,35.0,0.51,6.0,0.63,10.0,0.05,0.08,0.0952,1776187014000
1776187016.255,116.255,0.49,0.8,0.37,10.0,0.54,10.0,0.55,10.0,0.46,10.0,0.45,10.0,0.51,0.8,0.63,10.0,0.05,0.05,0.095193,1776187015000
1776187017.37,117.37,0.49,0.8,0.37,10.0,0.54,10.0,0.55,10.0,0.46,10.0,0.45,10.0,0.51,0.8,0.63,10.0,0.05,0.05,0.095193,1776187016000
1776187017.905,117.905,0.49,0.8,0.37,10.0,0.54,10.0,0.55,10.0,0.46,10.0,0.45,10.0,0.51,0.8,0.63,10.0,0.05,0.05,0.095193,1776187017000
1776187019.011,119.011,0.49,0.8,0.37,10.0,0.54,10.0,0.55,10.0,0.46,10.0,0.45,10.0,0.51,0.8,0.63,10.0,0.05,0.05,0.095191,1776187018000
1776187020.058,120.058,0.49,0.8,0.37,10.0,0.54,10.0,0.55,10.0,0.46,10.0,0.45,10.0,0.51,0.8,0.63,10.0,0.05,0.05,0.095192,1776187019000
1776187021.185,121.185,0.49,0.8,0.37,10.0,0.54,10.0,0.55,10.0,0.46,10.0,0.45,10.0,0.51,0.8,0.63,10.0,0.05,0.05,0.095194,1776187020000
1776187022.304,122.304,0.49,0.8,0.37,10.0,0.54,10.0,0.55,10.0,0.46,10.0,0.45,10.0,0.51,0.8,0.63,10.0,0.05,0.05,0.095192,1776187021000
1776187022.85,122.85,0.49,0.8,0.37,10.0,0.54,10.0,0.55,10.0,0.46,10.0,0.45,10.0,0.51,0.8,0.63,10.0,0.05,0.05,0.095189,1776187022000
1776187023.464,123.464,0.49,7.87,0.44,5.0,0.53,16.28,0.56,21.6,0.46,10.0,0.45,10.0,0.51,0.8,0.63,10.0,0.04,0.05,0.095189,1776187022000
1776187024.003,124.003,0.44,5.0,0.4,15.8,0.53,16.28,0.56,21.6,0.47,16.28,0.44,21.6,0.51,7.87,0.56,5.0,0.09,0.04,0.095189,1776187022000
1776187025.173,125.173,0.44,5.0,0.4,15.8,0.53,16.28,0.56,21.6,0.47,16.28,0.44,21.6,0.56,5.0,0.6,15.8,0.09,0.09,0.095198,1776187024000
1776187026.25,126.25,0.44,5.0,0.4,15.8,0.53,16.28,0.56,21.6,0.47,16.28,0.44,21.6,0.56,5.0,0.6,15.8,0.09,0.09,0.095199,1776187025000
1776187027.359,127.359,0.44,5.0,0.4,15.8,0.53,16.28,0.56,21.6,0.47,16.28,0.44,21.6,0.56,5.0,0.6,15.8,0.09,0.09,0.095199,1776187026000
1776187028.991,128.991,0.44,5.0,0.4,15.8,0.53,16.28,0.56,21.6,0.47,16.28,0.44,21.6,0.56,5.0,0.6,15.8,0.09,0.09,0.095199,1776187027000
1776187029.627,129.627,0.44,5.0,0.4,15.8,0.53,16.28,0.56,21.6,0.47,16.28,0.44,21.6,0.56,5.0,0.6,15.8,0.09,0.09,0.095198,1776187028000
1776187030.159,130.159,0.4,10.8,0.39,20.9,0.53,16.28,0.54,10.0,0.47,16.28,0.44,21.6,0.56,5.0,0.6,15.8,0.13,0.09,0.095198,1776187028000
1776187031.4,131.4,0.4,10.8,0.39,20.9,0.53,16.28,0.54,10.0,0.47,16.28,0.46,10.0,0.6,10.8,0.61,20.9,0.13,0.13,0.095195,1776187030000
1776187032.069,132.069,0.4,10.8,0.39,20.9,0.53,16.28,0.54,10.0,0.47,16.28,0.46,10.0,0.6,10.8,0.61,20.9,0.13,0.13,0.095195,1776187031000
1776187033.245,133.245,0.4,10.8,0.39,20.9,0.53,16.28,0.54,10.0,0.47,16.28,0.46,10.0,0.6,10.8,0.61,20.9,0.13,0.13,0.095189,1776187032000
1776187034.687,134.687,0.4,10.8,0.39,20.9,0.53,16.28,0.54,10.0,0.47,16.28,0.46,10.0,0.6,10.8,0.61,20.9,0.13,0.13,0.095195,1776187033000
1776187035.567,135.567,0.4,10.8,0.39,20.9,0.53,16.28,0.54,10.0,0.47,16.28,0.46,10.0,0.6,10.8,0.61,20.9,0.13,0.13,0.095195,1776187034000
1776187036.161,136.161,0.4,10.8,0.39,20.9,0.53,16.28,0.54,10.0,0.47,16.28,0.46,10.0,0.6,10.8,0.61,20.9,0.13,0.13,0.095196,1776187035000
1776187037.609,137.609,0.4,10.8,0.39,20.9,0.53,16.28,0.54,10.0,0.47,16.28,0.46,10.0,0.6,10.8,0.61,20.9,0.13,0.13,0.095195,1776187036000
1776187038.246,138.246,0.4,10.8,0.39,20.9,0.53,16.28,0.54,10.0,0.47,16.28,0.46,10.0,0.6,10.8,0.61,20.9,0.13,0.13,0.095187,1776187037000
1776187039.665,139.665,0.4,10.8,0.39,20.9,0.53,16.28,0.54,10.0,0.47,16.28,0.46,10.0,0.6,10.8,0.61,20.9,0.13,0.13,0.095169,1776187038000
1776187040.319,140.319,0.4,10.8,0.39,20.9,0.53,16.28,0.54,10.0,0.47,16.28,0.46,10.0,0.6,10.8,0.61,20.9,0.13,0.13,0.095168,1776187039000
1776187041.692,141.692,0.4,10.8,0.39,20.9,0.53,16.28,0.54,10.0,0.47,16.28,0.46,10.0,0.6,10.8,0.61,20.9,0.13,0.13,0.095167,1776187040000
1776187042.328,142.328,0.4,10.8,0.39,20.9,0.53,16.28,0.54,10.0,0.47,16.28,0.46,10.0,0.6,10.8,0.61,20.9,0.13,0.13,0.095167,1776187041000
1776187043.66,143.66,0.4,10.8,0.39,20.9,0.53,16.28,0.54,10.0,0.47,16.28,0.46,10.0,0.6,10.8,0.61,20.9,0.13,0.13,0.095167,1776187042000
1776187044.467,144.467,0.4,10.8,0.39,20.9,0.53,16.28,0.54,10.0,0.47,16.28,0.46,10.0,0.6,10.8,0.61,20.9,0.13,0.13,0.095167,1776187043000
1776187044.996,144.996,0.4,10.8,0.39,20.9,0.53,16.28,0.54,10.0,0.47,16.28,0.46,10.0,0.6,10.8,0.61,20.9,0.13,0.13,0.095163,1776187044000
1776187046.416,146.416,0.4,10.8,0.39,20.9,0.53,16.28,0.54,10.0,0.47,16.28,0.46,10.0,0.6,10.8,0.61,20.9,0.13,0.13,0.09517,1776187045000
1776187046.965,146.965,0.4,10.8,0.39,20.9,0.53,16.28,0.54,10.0,0.47,16.28,0.46,10.0,0.6,10.8,0.61,20.9,0.13,0.13,0.095172,1776187046000
1776187048.129,148.129,0.4,10.8,0.39,20.9,0.53,16.28,0.54,10.0,0.47,16.28,0.46,10.0,0.6,10.8,0.61,20.9,0.13,0.13,0.095173,1776187047000
1776187049.223,149.223,0.4,10.8,0.39,20.9,0.53,16.28,0.54,10.0,0.47,16.28,0.46,10.0,0.6,10.8,0.61,20.9,0.13,0.13,0.095173,1776187048000
1776187050.205,150.205,0.4,10.8,0.39,20.9,0.53,16.28,0.54,10.0,0.47,16.28,0.46,10.0,0.6,10.8,0.61,20.9,0.13,0.13,0.095172,1776187049000
1776187050.98,150.98,0.28,3.61,0.27,18.2,0.41,50.0,0.42,8.0,0.47,16.28,0.46,10.0,0.6,10.8,0.61,20.9,0.13,0.13,0.095172,1776187049000
1776187051.375,151.375,0.28,3.61,0.27,18.2,0.41,50.0,0.42,8.0,0.59,50.0,0.58,8.0,0.72,3.61,0.73,18.2,0.13,0.13,0.09517,1776187050000
1776187051.948,151.948,0.28,3.61,0.27,18.2,0.41,50.0,0.42,8.0,0.59,50.0,0.58,8.0,0.72,3.61,0.73,18.2,0.13,0.13,0.095164,1776187051000
1776187053.02,153.02,0.28,3.61,0.27,18.2,0.41,50.0,0.42,8.0,0.59,50.0,0.58,8.0,0.72,3.61,0.73,18.2,0.13,0.13,0.095161,1776187052000
1776187054.152,154.152,0.28,3.61,0.27,18.2,0.41,50.0,0.42,8.0,0.59,50.0,0.58,8.0,0.72,3.61,0.73,18.2,0.13,0.13,0.09516,1776187053000
1776187055.228,155.228,0.28,3.61,0.27,18.2,0.41,50.0,0.42,8.0,0.59,50.0,0.58,8.0,0.72,3.61,0.73,18.2,0.13,0.13,0.095158,1776187054000
1776187056.351,156.351,0.28,3.61,0.27,18.2,0.41,50.0,0.42,8.0,0.59,50.0,0.58,8.0,0.72,3.61,0.73,18.2,0.13,0.13,0.095157,1776187055000
1776187057.475,157.475,0.28,3.61,0.27,18.2,0.41,50.0,0.42,8.0,0.59,50.0,0.58,8.0,0.72,3.61,0.73,18.2,0.13,0.13,0.095158,1776187056000
1776187057.732,157.732,0.27,18.2,0.26,13.5,0.28,10.0,0.39,8.0,0.59,50.0,0.58,8.0,0.72,3.61,0.73,18.2,0.01,0.13,0.095158,1776187056000
1776187057.945,157.945,0.27,18.2,0.26,13.5,0.28,10.0,0.39,8.0,0.72,10.0,0.61,8.0,0.73,18.2,0.74,13.5,0.01,0.01,0.095158,1776187057000
1776187058.165,158.165,0.27,13.2,0.26,13.5,0.28,10.0,0.39,8.0,0.72,10.0,0.61,8.0,0.73,18.2,0.74,13.5,0.01,0.01,0.095158,1776187057000
1776187059.064,159.064,0.27,13.2,0.26,13.5,0.28,10.0,0.39,8.0,0.72,10.0,0.61,8.0,0.73,13.2,0.74,13.5,0.01,0.01,0.095158,1776187058000
1776187060.223,160.223,0.27,13.2,0.26,13.5,0.28,10.0,0.39,8.0,0.72,10.0,0.61,8.0,0.73,13.2,0.74,13.5,0.01,0.01,0.095158,1776187059000
1776187061.167,161.167,0.27,13.2,0.26,13.5,0.28,10.0,0.39,8.0,0.72,10.0,0.61,8.0,0.73,13.2,0.74,13.5,0.01,0.01,0.095159,1776187060000
1776187062.189,162.189,0.27,13.2,0.26,13.5,0.28,10.0,0.39,8.0,0.72,10.0,0.61,8.0,0.73,13.2,0.74,13.5,0.01,0.01,0.095158,1776187061000
1776187063.114,163.114,0.27,13.2,0.26,13.5,0.28,10.0,0.39,8.0,0.72,10.0,0.61,8.0,0.73,13.2,0.74,13.5,0.01,0.01,0.095158,1776187062000
1776187064.142,164.142,0.27,13.2,0.26,13.5,0.28,10.0,0.39,8.0,0.72,10.0,0.61,8.0,0.73,13.2,0.74,13.5,0.01,0.01,0.095158,1776187063000
1776187064.842,164.842,0.27,18.2,0.26,18.5,0.28,5.0,0.38,8.0,0.72,10.0,0.61,8.0,0.73,13.2,0.74,13.5,0.01,0.01,0.095158,1776187063000
1776187065.171,165.171,0.27,18.2,0.26,18.5,0.28,5.0,0.38,8.0,0.72,5.0,0.62,8.0,0.73,18.2,0.74,18.5,0.01,0.01,0.095159,1776187064000
1776187066.846,166.846,0.27,18.2,0.26,18.5,0.28,5.0,0.38,8.0,0.72,5.0,0.62,8.0,0.73,18.2,0.74,18.5,0.01,0.01,0.095159,1776187065000
1776187067.285,167.285,0.27,18.2,0.26,18.5,0.28,5.0,0.38,8.0,0.72,5.0,0.62,8.0,0.73,18.2,0.74,18.5,0.01,0.01,0.09516,1776187066000
1776187068.241,168.241,0.27,18.2,0.26,18.5,0.28,5.0,0.38,8.0,0.72,5.0,0.62,8.0,0.73,18.2,0.74,18.5,0.01,0.01,0.095161,1776187067000
1776187069.217,169.217,0.27,18.2,0.26,18.5,0.28,5.0,0.38,8.0,0.72,5.0,0.62,8.0,0.73,18.2,0.74,18.5,0.01,0.01,0.095162,1776187068000
1776187070.171,170.171,0.27,18.2,0.26,18.5,0.28,5.0,0.38,8.0,0.72,5.0,0.62,8.0,0.73,18.2,0.74,18.5,0.01,0.01,0.095162,1776187069000
1776187070.982,170.982,0.27,13.2,0.26,13.5,0.28,5.0,0.41,50.0,0.72,5.0,0.62,8.0,0.73,18.2,0.74,18.5,0.01,0.01,0.095162,1776187069000
1776187071.212,171.212,0.27,13.2,0.26,13.5,0.28,5.0,0.41,50.0,0.72,5.0,0.59,50.0,0.73,13.2,0.74,13.5,0.01,0.01,0.095162,1776187070000
1776187072.126,172.126,0.27,13.2,0.26,13.5,0.28,5.0,0.41,50.0,0.72,5.0,0.59,50.0,0.73,13.2,0.74,13.5,0.01,0.01,0.095162,1776187071000
1776187073.509,173.509,0.27,13.2,0.26,13.5,0.28,5.0,0.41,50.0,0.72,5.0,0.59,50.0,0.73,13.2,0.74,13.5,0.01,0.01,0.095162,1776187072000
1776187073.924,173.924,0.27,13.2,0.26,13.5,0.28,5.0,0.41,50.0,0.72,5.0,0.59,50.0,0.73,13.2,0.74,13.5,0.01,0.01,0.095162,1776187073000
1776187074.902,174.902,0.27,13.2,0.26,13.5,0.28,5.0,0.41,50.0,0.72,5.0,0.59,50.0,0.73,13.2,0.74,13.5,0.01,0.01,0.09516,1776187074000
1776187075.881,175.881,0.27,13.2,0.26,13.5,0.28,5.0,0.41,50.0,0.72,5.0,0.59,50.0,0.73,13.2,0.74,13.5,0.01,0.01,0.095161,1776187075000
1776187076.839,176.839,0.27,13.2,0.26,13.5,0.28,5.0,0.41,50.0,0.72,5.0,0.59,50.0,0.73,13.2,0.74,13.5,0.01,0.01,0.095161,1776187076000
1776187077.332,177.332,0.27,18.2,0.26,13.5,0.48,5.0,0.51,60.4,0.72,5.0,0.59,50.0,0.73,13.2,0.74,13.5,0.21,0.01,0.095161,1776187076000
1776187077.975,177.975,0.27,18.2,0.26,13.5,0.48,5.0,0.51,60.4,0.52,5.0,0.49,60.4,0.73,18.2,0.74,13.5,0.21,0.21,0.095159,1776187077000
1776187078.893,178.893,0.27,18.2,0.26,13.5,0.48,5.0,0.51,60.4,0.52,5.0,0.49,60.4,0.73,18.2,0.74,13.5,0.21,0.21,0.095168,1776187078000
1776187079.863,179.863,0.27,18.2,0.26,13.5,0.48,5.0,0.51,60.4,0.52,5.0,0.49,60.4,0.73,18.2,0.74,13.5,0.21,0.21,0.095181,1776187079000
1776187081.301,181.301,0.27,18.2,0.26,13.5,0.48,5.0,0.51,60.4,0.52,5.0,0.49,60.4,0.73,18.2,0.74,13.5,0.21,0.21,0.095181,1776187080000
1776187082.275,182.275,0.27,18.2,0.26,13.5,0.48,5.0,0.51,60.4,0.52,5.0,0.49,60.4,0.73,18.2,0.74,13.5,0.21,0.21,0.095184,1776187081000
1776187083.25,183.25,0.27,18.2,0.26,13.5,0.48,5.0,0.51,60.4,0.52,5.0,0.49,60.4,0.73,18.2,0.74,13.5,0.21,0.21,0.095188,1776187082000
1776187084.234,184.234,0.27,18.2,0.26,13.5,0.48,5.0,0.51,60.4,0.52,5.0,0.49,60.4,0.73,18.2,0.74,13.5,0.21,0.21,0.095188,1776187083000
1776187085.164,185.164,0.27,18.2,0.26,13.5,0.48,5.0,0.51,60.4,0.52,5.0,0.49,60.4,0.73,18.2,0.74,13.5,0.21,0.21,0.095182,1776187084000
1776187086.419,186.419,0.27,18.2,0.26,13.5,0.48,5.0,0.51,60.4,0.52,5.0,0.49,60.4,0.73,18.2,0.74,13.5,0.21,0.21,0.095178,1776187085000
1776187086.996,186.996,0.27,18.2,0.26,13.5,0.48,5.0,0.51,60.4,0.52,5.0,0.49,60.4,0.73,18.2,0.74,13.5,0.21,0.21,0.095177,1776187086000
1776187088.062,188.062,0.27,18.2,0.26,13.5,0.48,5.0,0.51,60.4,0.52,5.0,0.49,60.4,0.73,18.2,0.74,13.5,0.21,0.21,0.09517,1776187087000
1776187088.526,188.526,0.22,15.2,0.21,15.7,0.38,5.0,0.41,60.0,0.52,5.0,0.49,60.4,0.73,18.2,0.74,13.5,0.16,0.21,0.09517,1776187087000
1776187089.342,189.342,0.22,15.2,0.21,15.7,0.38,5.0,0.41,60.0,0.62,5.0,0.59,60.0,0.78,15.2,0.79,15.7,0.16,0.16,0.095156,1776187088000
1776187089.903,189.903,0.22,15.2,0.21,15.7,0.38,5.0,0.41,60.0,0.62,5.0,0.59,60.0,0.78,15.2,0.79,15.7,0.16,0.16,0.095156,1776187089000
1776187091.063,191.063,0.22,15.2,0.21,15.7,0.38,5.0,0.41,60.0,0.62,5.0,0.59,60.0,0.78,15.2,0.79,15.7,0.16,0.16,0.095156,1776187090000
1776187092.152,192.152,0.22,15.2,0.21,15.7,0.38,5.0,0.41,60.0,0.62,5.0,0.59,60.0,0.78,15.2,0.79,15.7,0.16,0.16,0.095156,1776187091000
1776187093.247,193.247,0.22,15.2,0.21,15.7,0.38,5.0,0.41,60.0,0.62,5.0,0.59,60.0,0.78,15.2,0.79,15.7,0.16,0.16,0.095152,1776187092000
1776187094.358,194.358,0.22,15.2,0.21,15.7,0.38,5.0,0.41,60.0,0.62,5.0,0.59,60.0,0.78,15.2,0.79,15.7,0.16,0.16,0.095152,1776187093000
1776187095.03,195.03,0.22,15.2,0.21,15.7,0.38,5.0,0.41,60.0,0.62,5.0,0.59,60.0,0.78,15.2,0.79,15.7,0.16,0.16,0.095152,1776187094000
1776187096.241,196.241,0.22,15.2,0.21,15.7,0.38,5.0,0.41,60.0,0.62,5.0,0.59,60.0,0.78,15.2,0.79,15.7,0.16,0.16,0.095152,1776187095000
1776187096.443,196.443,0.32,5.0,0.29,5.0,0.41,10.0,0.51,55.0,0.59,10.0,0.49,55.0,0.68,5.0,0.71,5.0,0.09,0.09,0.095152,1776187095000
1776187097.296,197.296,0.32,5.0,0.29,5.0,0.41,5.0,0.51,55.0,0.59,5.0,0.49,55.0,0.68,5.0,0.71,5.0,0.09,0.09,0.095163,1776187096000
1776187098.539,198.539,0.32,5.0,0.29,5.0,0.41,5.0,0.51,55.0,0.59,5.0,0.49,55.0,0.68,5.0,0.71,5.0,0.09,0.09,0.095193,1776187097000
1776187099.288,199.288,0.32,5.0,0.29,5.0,0.41,5.0,0.51,55.0,0.59,5.0,0.49,55.0,0.68,5.0,0.71,5.0,0.09,0.09,0.095192,1776187098000
1776187100.477,200.477,0.32,5.0,0.29,5.0,0.41,5.0,0.51,55.0,0.59,5.0,0.49,55.0,0.68,5.0,0.71,5.0,0.09,0.09,0.095192,1776187099000
1776187101.519,201.519,0.32,5.0,0.29,5.0,0.41,5.0,0.51,55.0,0.59,5.0,0.49,55.0,0.68,5.0,0.71,5.0,0.09,0.09,0.095192,1776187100000
1776187102.527,202.527,0.32,5.0,0.29,5.0,0.41,5.0,0.51,55.0,0.59,5.0,0.49,55.0,0.68,5.0,0.71,5.0,0.09,0.09,0.095192,1776187101000
1776187103.376,203.376,0.32,5.0,0.29,5.0,0.41,5.0,0.51,55.0,0.59,5.0,0.49,55.0,0.68,5.0,0.71,5.0,0.09,0.09,0.095192,1776187102000
1776187104.076,204.076,0.32,5.0,0.29,5.0,0.41,5.0,0.51,55.0,0.59,5.0,0.49,55.0,0.68,5.0,0.71,5.0,0.09,0.09,0.095189,1776187103000
1776187105.427,205.427,0.32,5.0,0.29,5.0,0.41,5.0,0.51,55.0,0.59,5.0,0.49,55.0,0.68,5.0,0.71,5.0,0.09,0.09,0.095189,1776187104000
1776187105.912,205.912,0.4,5.0,0.35,11.4,0.51,60.0,0.53,16.28,0.59,5.0,0.49,55.0,0.68,5.0,0.71,5.0,0.11,0.09,0.095189,1776187104000
1776187107.485,207.485,0.4,5.0,0.35,11.4,0.51,60.0,0.53,16.28,0.49,60.0,0.47,16.28,0.6,5.0,0.65,11.4,0.11,0.11,0.095193,1776187106000
1776187108.047,208.047,0.4,5.0,0.35,11.4,0.51,60.0,0.53,16.28,0.49,60.0,0.47,16.28,0.6,5.0,0.65,11.4,0.11,0.11,0.095208,1776187107000
1776187109.276,209.276,0.4,5.0,0.35,11.4,0.51,60.0,0.53,16.28,0.49,60.0,0.47,16.28,0.6,5.0,0.65,11.4,0.11,0.11,0.095218,1776187108000
1776187110.557,210.557,0.4,5.0,0.35,11.4,0.51,60.0,0.53,16.28,0.49,60.0,0.47,16.28,0.6,5.0,0.65,11.4,0.11,0.11,0.095218,1776187109000
1776187111.177,211.177,0.4,5.0,0.35,11.4,0.51,60.0,0.53,16.28,0.49,60.0,0.47,16.28,0.6,5.0,0.65,11.4,0.11,0.11,0.095217,1776187110000
1776187112.523,212.523,0.4,5.0,0.35,11.4,0.51,60.0,0.53,16.28,0.49,60.0,0.47,16.28,0.6,5.0,0.65,11.4,0.11,0.11,0.095213,1776187111000
1776187113.144,213.144,0.4,5.0,0.35,11.4,0.51,60.0,0.53,16.28,0.49,60.0,0.47,16.28,0.6,5.0,0.65,11.4,0.11,0.11,0.095213,1776187112000
1776187114.553,214.553,0.4,5.0,0.35,11.4,0.51,60.0,0.53,16.28,0.49,60.0,0.47,16.28,0.6,5.0,0.65,11.4,0.11,0.11,0.095213,1776187113000
1776187115.193,215.193,0.4,5.0,0.35,11.4,0.51,60.0,0.53,16.28,0.49,60.0,0.47,16.28,0.6,5.0,0.65,11.4,0.11,0.11,0.095213,1776187114000
1776187116.392,216.392,0.4,5.0,0.35,11.4,0.51,60.0,0.53,16.28,0.49,60.0,0.47,16.28,0.6,5.0,0.65,11.4,0.11,0.11,0.095213,1776187115000
1776187117.137,217.137,0.4,5.0,0.35,11.4,0.51,60.0,0.53,16.28,0.49,60.0,0.47,16.28,0.6,5.0,0.65,11.4,0.11,0.11,0.095213,1776187116000
1776187118.869,218.869,0.4,5.0,0.35,11.4,0.51,60.0,0.53,16.28,0.49,60.0,0.47,16.28,0.6,5.0,0.65,11.4,0.11,0.11,0.095213,1776187117000
1776187119.433,219.433,0.4,5.0,0.35,11.4,0.51,60.0,0.53,16.28,0.49,60.0,0.47,16.28,0.6,5.0,0.65,11.4,0.11,0.11,0.095211,1776187118000
1776187120.357,220.357,0.4,5.0,0.35,11.4,0.51,60.0,0.53,16.28,0.49,60.0,0.47,16.28,0.6,5.0,0.65,11.4,0.11,0.11,0.095205,1776187119000
1776187120.908,220.908,0.4,5.0,0.35,11.4,0.51,60.0,0.53,16.28,0.49,60.0,0.47,16.28,0.6,5.0,0.65,11.4,0.11,0.11,0.095205,1776187120000
1776187122.278,222.278,0.4,5.0,0.35,11.4,0.51,60.0,0.53,16.28,0.49,60.0,0.47,16.28,0.6,5.0,0.65,11.4,0.11,0.11,0.095204,1776187121000
1776187123.214,223.214,0.4,5.0,0.35,11.4,0.51,60.0,0.53,16.28,0.49,60.0,0.47,16.28,0.6,5.0,0.65,11.4,0.11,0.11,0.095204,1776187122000
1776187124.258,224.258,0.4,5.0,0.35,11.4,0.51,60.0,0.53,16.28,0.49,60.0,0.47,16.28,0.6,5.0,0.65,11.4,0.11,0.11,0.095204,1776187123000
1776187125.2,225.2,0.4,5.0,0.35,11.4,0.51,60.0,0.53,16.28,0.49,60.0,0.47,16.28,0.6,5.0,0.65,11.4,0.11,0.11,0.095204,1776187124000
1776187126.17,226.17,0.4,5.0,0.35,11.4,0.51,60.0,0.53,16.28,0.49,60.0,0.47,16.28,0.6,5.0,0.65,11.4,0.11,0.11,0.095207,1776187125000
1776187127.123,227.123,0.4,5.0,0.35,11.4,0.51,60.0,0.53,16.28,0.49,60.0,0.47,16.28,0.6,5.0,0.65,11.4,0.11,0.11,0.095205,1776187126000
1776187128.099,228.099,0.4,5.0,0.35,11.4,0.51,60.0,0.53,16.28,0.49,60.0,0.47,16.28,0.6,5.0,0.65,11.4,0.11,0.11,0.095204,1776187127000
1776187129.096,229.096,0.4,5.0,0.35,11.4,0.51,60.0,0.53,16.28,0.49,60.0,0.47,16.28,0.6,5.0,0.65,11.4,0.11,0.11,0.095204,1776187128000
1776187130.078,230.078,0.4,5.0,0.35,11.4,0.51,60.0,0.53,16.28,0.49,60.0,0.47,16.28,0.6,5.0,0.65,11.4,0.11,0.11,0.095204,1776187129000
1776187130.446,230.446,0.42,5.0,0.41,5.0,0.53,11.38,0.61,50.0,0.49,60.0,0.47,16.28,0.6,5.0,0.65,11.4,0.11,0.11,0.095204,1776187129000
1776187130.831,230.831,0.42,5.0,0.41,5.0,0.53,8.47,0.61,50.0,0.47,11.38,0.39,50.0,0.58,5.0,0.59,5.0,0.11,0.11,0.095204,1776187129000
1776187131.708,231.708,0.42,5.0,0.41,5.0,0.53,8.47,0.61,50.0,0.47,8.47,0.39,50.0,0.58,5.0,0.59,5.0,0.11,0.11,0.095205,1776187130000
1776187132.231,232.231,0.42,5.0,0.41,5.0,0.53,8.47,0.61,50.0,0.47,8.47,0.39,50.0,0.58,5.0,0.59,5.0,0.11,0.11,0.095206,1776187131000
1776187133.343,233.343,0.42,5.0,0.41,5.0,0.53,8.47,0.61,50.0,0.47,8.47,0.39,50.0,0.58,5.0,0.59,5.0,0.11,0.11,0.095219,1776187132000
1776187134.129,234.129,0.42,5.0,0.41,5.0,0.53,8.47,0.61,50.0,0.47,8.47,0.39,50.0,0.58,5.0,0.59,5.0,0.11,0.11,0.09522,1776187133000
1776187135.206,235.206,0.42,5.0,0.41,5.0,0.53,8.47,0.61,50.0,0.47,8.47,0.39,50.0,0.58,5.0,0.59,5.0,0.11,0.11,0.09522,1776187134000
1776187136.235,236.235,0.42,5.0,0.41,5.0,0.53,8.47,0.61,50.0,0.47,8.47,0.39,50.0,0.58,5.0,0.59,5.0,0.11,0.11,0.095219,1776187135000
1776187137.361,237.361,0.42,5.0,0.41,5.0,0.53,8.47,0.61,50.0,0.47,8.47,0.39,50.0,0.58,5.0,0.59,5.0,0.11,0.11,0.09522,1776187136000
1776187137.922,237.922,0.42,5.0,0.41,5.0,0.53,8.47,0.61,50.0,0.47,8.47,0.39,50.0,0.58,5.0,0.59,5.0,0.11,0.11,0.09522,1776187137000
1776187138.999,238.999,0.42,5.0,0.41,5.0,0.53,8.47,0.61,50.0,0.47,8.47,0.39,50.0,0.58,5.0,0.59,5.0,0.11,0.11,0.09522,1776187138000
1776187140.131,240.131,0.42,5.0,0.41,5.0,0.53,8.47,0.61,50.0,0.47,8.47,0.39,50.0,0.58,5.0,0.59,5.0,0.11,0.11,0.09522,1776187139000
1776187141.348,241.348,0.42,5.0,0.41,5.0,0.53,8.47,0.61,50.0,0.47,8.47,0.39,50.0,0.58,5.0,0.59,5.0,0.11,0.11,0.09522,1776187140000
1776187141.966,241.966,0.51,10.4,0.5,10.4,0.53,8.47,0.61,50.0,0.47,8.47,0.39,50.0,0.49,10.4,0.5,10.4,0.02,0.02,0.09522,1776187141000
1776187142.33,242.33,0.51,8.35,0.5,10.4,0.53,3.47,0.61,50.0,0.47,8.47,0.39,50.0,0.49,10.4,0.5,10.4,0.02,0.02,0.09522,1776187141000
1776187143.058,243.058,0.51,8.35,0.5,10.4,0.53,3.47,0.61,50.0,0.47,3.47,0.39,50.0,0.49,8.35,0.5,10.4,0.02,0.02,0.09522,1776187142000
1776187144.001,244.001,0.34,7.1,0.33,11.8,0.53,3.47,0.55,5.0,0.47,3.47,0.39,50.0,0.49,8.35,0.5,10.4,0.19,0.02,0.09522,1776187142000
1776187144.872,244.872,0.34,7.1,0.33,11.8,0.51,48.03,0.53,3.47,0.47,3.47,0.45,5.0,0.66,7.1,0.67,11.8,0.17,0.19,0.095221,1776187143000
1776187145.202,245.202,0.34,7.1,0.33,11.8,0.51,48.03,0.53,3.47,0.49,48.03,0.47,3.47,0.66,7.1,0.67,11.8,0.17,0.17,0.095221,1776187144000
1776187146.437,246.437,0.34,7.1,0.33,11.8,0.51,48.03,0.53,3.47,0.49,48.03,0.47,3.47,0.66,7.1,0.67,11.8,0.17,0.17,0.09521,1776187145000
1776187146.953,246.953,0.34,7.1,0.33,11.8,0.51,48.03,0.53,3.47,0.49,48.03,0.47,3.47,0.66,7.1,0.67,11.8,0.17,0.17,0.095201,1776187146000
1776187147.952,247.952,0.34,7.1,0.33,11.8,0.51,48.03,0.53,3.47,0.49,48.03,0.47,3.47,0.66,7.1,0.67,11.8,0.17,0.17,0.0952,1776187147000
1776187148.923,248.923,0.34,7.1,0.33,11.8,0.51,48.03,0.53,3.47,0.49,48.03,0.47,3.47,0.66,7.1,0.67,11.8,0.17,0.17,0.0952,1776187148000
1776187149.904,249.904,0.34,7.1,0.33,11.8,0.51,48.03,0.53,3.47,0.49,48.03,0.47,3.47,0.66,7.1,0.67,11.8,0.17,0.17,0.095203,1776187149000
1776187150.9,250.9,0.34,7.1,0.33,11.8,0.51,48.03,0.53,3.47,0.49,48.03,0.47,3.47,0.66,7.1,0.67,11.8,0.17,0.17,0.095206,1776187150000
1776187151.923,251.923,0.34,7.1,0.33,11.8,0.51,48.03,0.53,3.47,0.49,48.03,0.47,3.47,0.66,7.1,0.67,11.8,0.17,0.17,0.095214,1776187151000
1776187153.427,253.427,0.34,7.1,0.33,11.8,0.51,48.03,0.53,3.47,0.49,48.03,0.47,3.47,0.66,7.1,0.67,11.8,0.17,0.17,0.095214,1776187152000
1776187153.834,253.834,0.34,7.1,0.33,11.8,0.51,48.03,0.53,3.47,0.49,48.03,0.47,3.47,0.66,7.1,0.67,11.8,0.17,0.17,0.095215,1776187153000
1776187154.976,254.976,0.52,55.0,0.51,50.0,0.8,5.58,0.81,8.36,0.49,48.03,0.47,3.47,0.66,7.1,0.67,11.8,0.28,0.17,0.095215,1776187153000
1776187155.48,255.48,0.76,11.0,0.61,50.0,0.81,6.53,0.85,6.6,0.2,1.86,0.19,8.36,0.48,55.0,0.49,50.0,0.05,0.28,0.095215,1776187154000
1776187156.054,256.054,0.76,6.0,0.61,50.0,0.81,2.86,0.85,6.6,0.19,2.86,0.15,6.6,0.24,6.0,0.39,50.0,0.05,0.05,0.095218,1776187155000
1776187157.052,257.052,0.76,6.0,0.61,50.0,0.81,2.86,0.85,6.6,0.19,2.86,0.15,6.6,0.24,6.0,0.39,50.0,0.05,0.05,0.095276,1776187156000
1776187158.138,258.138,0.76,6.0,0.61,50.0,0.81,2.86,0.85,6.6,0.19,2.86,0.15,6.6,0.24,6.0,0.39,50.0,0.05,0.05,0.095277,1776187157000
1776187159.378,259.378,0.63,28.0,0.61,50.0,0.81,0.39,0.85,6.6,0.19,2.86,0.15,6.6,0.24,6.0,0.39,50.0,0.18,0.05,0.095277,1776187157000
1776187159.66,259.66,0.63,28.0,0.61,50.0,0.81,0.39,0.85,6.6,0.19,0.39,0.15,6.6,0.37,28.0,0.39,50.0,0.18,0.18,0.095277,1776187158000
1776187160.207,260.207,0.63,28.0,0.61,50.0,0.81,0.39,0.85,6.6,0.19,0.39,0.15,6.6,0.37,28.0,0.39,50.0,0.18,0.18,0.095277,1776187159000
1776187161.055,261.055,0.8,5.0,0.79,5.0,0.85,6.6,0.92,35.29,0.19,0.39,0.15,6.6,0.37,28.0,0.39,50.0,0.05,0.18,0.095277,1776187159000
1776187161.363,261.363,0.8,5.0,0.79,5.0,0.85,6.6,0.92,35.29,0.15,6.6,0.08,35.29,0.2,5.0,0.21,5.0,0.05,0.05,0.095278,1776187160000
1776187162.341,262.341,0.8,5.0,0.79,5.0,0.85,6.6,0.92,35.29,0.15,6.6,0.08,35.29,0.2,5.0,0.21,5.0,0.05,0.05,0.095283,1776187161000
1776187163.448,263.448,0.8,5.0,0.79,5.0,0.85,6.6,0.92,35.29,0.15,6.6,0.08,35.29,0.2,5.0,0.21,5.0,0.05,0.05,0.095284,1776187162000
1776187163.714,263.714,0.71,69.1,0.61,50.0,0.85,6.6,0.93,39.9,0.15,6.6,0.08,35.29,0.2,5.0,0.21,5.0,0.14,0.05,0.095284,1776187162000
1776187163.964,263.964,0.71,69.1,0.61,50.0,0.85,6.6,0.93,39.9,0.15,6.6,0.07,39.9,0.29,69.1,0.39,50.0,0.14,0.14,0.095284,1776187163000
1776187164.856,264.856,0.72,32.0,0.71,43.1,0.79,4.73,0.85,6.6,0.15,6.6,0.07,39.9,0.29,69.1,0.39,50.0,0.07,0.14,0.095284,1776187163000
1776187165.203,265.203,0.72,32.0,0.71,43.1,0.79,4.73,0.85,6.6,0.21,4.73,0.15,6.6,0.28,32.0,0.29,43.1,0.07,0.07,0.095284,1776187164000
1776187165.696,265.696,0.72,26.0,0.71,43.1,0.79,3.22,0.85,6.6,0.21,4.73,0.15,6.6,0.28,32.0,0.29,43.1,0.07,0.07,0.095284,1776187164000
1776187165.972,265.972,0.72,26.0,0.71,43.1,0.85,6.6,0.93,39.9,0.21,3.22,0.15,6.6,0.28,26.0,0.29,43.1,0.13,0.07,0.095284,1776187164000
1776187166.669,266.669,0.72,26.0,0.71,43.1,0.85,6.6,0.93,39.9,0.15,6.6,0.07,39.9,0.28,26.0,0.29,43.1,0.13,0.13,0.095285,1776187165000
1776187167.16,267.16,0.72,26.0,0.71,43.1,0.85,6.6,0.93,39.9,0.15,6.6,0.07,39.9,0.28,26.0,0.29,43.1,0.13,0.13,0.095287,1776187166000
1776187167.647,267.647,0.71,29.85,0.65,11.4,0.85,6.6,0.92,13.0,0.15,6.6,0.07,39.9,0.28,26.0,0.29,43.1,0.14,0.13,0.095287,1776187166000
1776187168.311,268.311,0.71,29.85,0.65,11.4,0.85,6.6,0.92,13.0,0.15,6.6,0.08,13.0,0.29,29.85,0.35,11.4,0.14,0.14,0.095287,1776187167000
1776187168.978,268.978,0.71,29.85,0.65,11.4,0.85,6.6,0.92,13.0,0.15,6.6,0.08,13.0,0.29,29.85,0.35,11.4,0.14,0.14,0.095287,1776187168000
1776187170.132,270.132,0.71,29.85,0.65,11.4,0.85,6.6,0.92,13.0,0.15,6.6,0.08,13.0,0.29,29.85,0.35,11.4,0.14,0.14,0.095287,1776187169000
1776187171.5,271.5,0.71,29.85,0.65,11.4,0.85,6.6,0.92,13.0,0.15,6.6,0.08,13.0,0.29,29.85,0.35,11.4,0.14,0.14,0.095287,1776187170000
1776187171.968,271.968,0.71,29.85,0.65,11.4,0.85,6.6,0.92,13.0,0.15,6.6,0.08,13.0,0.29,29.85,0.35,11.4,0.14,0.14,0.095286,1776187171000
1776187173.135,273.135,0.71,29.85,0.65,11.4,0.85,6.6,0.92,13.0,0.15,6.6,0.08,13.0,0.29,29.85,0.35,11.4,0.14,0.14,0.095286,1776187172000
1776187174.698,274.698,0.71,29.85,0.65,11.4,0.85,6.6,0.92,13.0,0.15,6.6,0.08,13.0,0.29,29.85,0.35,11.4,0.14,0.14,0.095282,1776187173000
1776187175.085,275.085,0.85,5.0,0.78,15.2,0.91,44.83,0.95,54.7,0.15,6.6,0.08,13.0,0.29,29.85,0.35,11.4,0.06,0.14,0.095282,1776187173000
1776187175.379,275.379,0.61,44.3,0.59,8.0,0.91,32.83,0.97,166.0,0.09,44.83,0.05,54.7,0.15,5.0,0.22,15.2,0.3,0.06,0.09528,1776187174000
1776187175.956,275.956,0.61,36.68,0.59,8.0,0.91,32.83,0.97,166.0,0.09,32.83,0.03,166.0,0.39,44.3,0.41,8.0,0.3,0.3,0.09528,1776187174000
1776187176.202,276.202,0.61,36.68,0.59,8.0,0.91,32.83,0.97,166.0,0.09,32.83,0.03,166.0,0.39,36.68,0.41,8.0,0.3,0.3,0.09528,1776187175000
1776187177.227,277.227,0.61,36.68,0.59,8.0,0.91,32.83,0.97,166.0,0.09,32.83,0.03,166.0,0.39,36.68,0.41,8.0,0.3,0.3,0.095249,1776187176000
1776187178.284,278.284,0.61,36.68,0.6,8.0,0.91,27.83,0.98,255.0,0.09,27.83,0.02,255.0,0.39,36.68,0.4,8.0,0.3,0.3,0.095249,1776187177000
1776187179.29,279.29,0.61,36.68,0.6,8.0,0.91,27.83,0.98,255.0,0.09,27.83,0.02,255.0,0.39,36.68,0.4,8.0,0.3,0.3,0.095257,1776187178000
1776187180.318,280.318,0.61,36.68,0.6,8.0,0.91,27.83,0.98,255.0,0.09,27.83,0.02,255.0,0.39,36.68,0.4,8.0,0.3,0.3,0.095257,1776187179000
1776187181.313,281.313,0.61,36.68,0.59,8.0,0.91,24.76,0.97,166.0,0.09,24.76,0.03,166.0,0.39,36.68,0.41,8.0,0.3,0.3,0.095243,1776187180000
1776187182.304,282.304,0.61,36.68,0.59,8.0,0.91,24.76,0.97,166.0,0.09,24.76,0.03,166.0,0.39,36.68,0.41,8.0,0.3,0.3,0.095255,1776187181000
1776187183.374,283.374,0.61,36.68,0.59,8.0,0.91,24.76,0.97,166.0,0.09,24.76,0.03,166.0,0.39,36.68,0.41,8.0,0.3,0.3,0.095255,1776187182000
1776187183.957,283.957,0.61,36.68,0.59,8.0,0.91,24.76,0.97,166.0,0.09,24.76,0.03,166.0,0.39,36.68,0.41,8.0,0.3,0.3,0.095255,1776187183000
1776187184.946,284.946,0.61,36.68,0.59,8.0,0.91,24.76,0.97,166.0,0.09,24.76,0.03,166.0,0.39,36.68,0.41,8.0,0.3,0.3,0.095255,1776187184000
1776187185.971,285.971,0.61,36.68,0.59,8.0,0.91,24.76,0.97,166.0,0.09,24.76,0.03,166.0,0.39,36.68,0.41,8.0,0.3,0.3,0.095255,1776187185000
1776187187.041,287.041,0.61,36.68,0.59,8.0,0.91,24.76,0.97,166.0,0.09,24.76,0.03,166.0,0.39,36.68,0.41,8.0,0.3,0.3,0.095254,1776187186000
1776187187.312,287.312,0.61,36.68,0.51,50.0,0.91,74.76,0.98,255.0,0.09,24.76,0.03,166.0,0.39,36.68,0.41,8.0,0.3,0.3,0.095254,1776187186000
1776187187.878,287.878,0.61,36.68,0.51,50.0,0.91,74.76,0.98,255.0,0.09,74.76,0.02,255.0,0.39,36.68,0.49,50.0,0.3,0.3,0.095247,1776187187000
1776187188.985,288.985,0.61,36.68,0.51,50.0,0.91,74.76,0.98,255.0,0.09,74.76,0.02,255.0,0.39,36.68,0.49,50.0,0.3,0.3,0.095247,1776187188000
1776187190.044,290.044,0.61,36.68,0.51,50.0,0.91,74.76,0.98,255.0,0.09,74.76,0.02,255.0,0.39,36.68,0.49,50.0,0.3,0.3,0.095247,1776187189000
1776187191.047,291.047,0.61,36.68,0.51,50.0,0.91,74.76,0.98,255.0,0.09,74.76,0.02,255.0,0.39,36.68,0.49,50.0,0.3,0.3,0.095247,1776187190000
1776187192.192,292.192,0.61,36.68,0.51,50.0,0.91,74.76,0.98,255.0,0.09,74.76,0.02,255.0,0.39,36.68,0.49,50.0,0.3,0.3,0.095247,1776187191000
1776187193.198,293.198,0.61,36.68,0.51,50.0,0.91,74.76,0.98,255.0,0.09,74.76,0.02,255.0,0.39,36.68,0.49,50.0,0.3,0.3,0.095248,1776187192000
1776187194.295,294.295,0.61,36.68,0.51,50.0,0.91,74.76,0.98,255.0,0.09,74.76,0.02,255.0,0.39,36.68,0.49,50.0,0.3,0.3,0.09525,1776187193000
1776187195.358,295.358,0.61,36.68,0.51,50.0,0.91,74.76,0.98,255.0,0.09,74.76,0.02,255.0,0.39,36.68,0.49,50.0,0.3,0.3,0.095244,1776187194000
1776187196.388,296.388,0.61,36.68,0.51,50.0,0.91,74.76,0.98,255.0,0.09,74.76,0.02,255.0,0.39,36.68,0.49,50.0,0.3,0.3,0.095242,1776187195000
1776187196.965,296.965,0.61,36.68,0.51,50.0,0.91,74.76,0.98,255.0,0.09,74.76,0.02,255.0,0.39,36.68,0.49,50.0,0.3,0.3,0.095243,1776187196000
1776187197.504,297.504,0.81,50.0,0.71,50.0,0.91,13.76,0.98,5.0,0.09,74.76,0.02,255.0,0.39,36.68,0.49,50.0,0.1,0.3,0.095243,1776187196000
1776187197.981,297.981,0.81,50.0,0.71,50.0,0.91,13.76,0.98,5.0,0.09,13.76,0.02,5.0,0.19,50.0,0.29,50.0,0.1,0.1,0.095244,1776187197000
1776187198.268,298.268,0.81,50.0,0.71,50.0,0.99,3.76,,,0.01,43.76,,,0.19,50.0,0.29,50.0,0.18,0.18,0.095244,1776187197000
1776187198.652,298.652,0.81,50.0,0.71,50.0,,,,,0.01,3.76,,,0.19,50.0,0.29,50.0,,0.18,0.095244,1776187197000
1776187198.991,298.991,0.81,50.0,0.71,50.0,,,,,,,,,0.19,50.0,0.29,50.0,,,0.095244,1776187198000
1776187199.28,299.28,0.99,123.0,0.77,20.0,,,,,,,,,0.19,50.0,0.29,50.0,,,0.095244,1776187198000
1776187200.108,300.108,0.99,123.0,0.77,20.0,,,,,,,,,0.01,123.0,0.23,20.0,,,0.095242,1776187199000

# RESULT,winner=Up,slug=doge-updown-5m-1776186900,ticks=338
