timestamp,elapsed_sec,up_bid_p1,up_bid_s1,up_bid_p2,up_bid_s2,up_ask_p1,up_ask_s1,up_ask_p2,up_ask_s2,down_bid_p1,down_bid_s1,down_bid_p2,down_bid_s2,down_ask_p1,down_ask_s1,down_ask_p2,down_ask_s2,up_spread,down_spread,doge_price,doge_oracle_ts
1776199200.002,0.002,0.49,10.0,0.48,5.0,0.51,10.0,0.52,5.0,0.49,10.0,0.48,5.0,0.51,10.0,0.52,5.0,0.02,0.02,0.092659,1776199198000
1776199200.48,0.48,0.41,37.0,0.4,33.0,0.59,37.0,0.6,33.0,0.49,10.0,0.48,5.0,0.51,10.0,0.52,5.0,0.18,0.02,0.092659,1776199198000
1776199201.297,1.297,0.41,37.0,0.4,33.0,0.59,37.0,0.6,33.0,0.41,37.0,0.4,33.0,0.59,37.0,0.6,33.0,0.18,0.18,0.092659,1776199200000
1776199202.642,2.642,0.41,37.0,0.4,33.0,0.59,37.0,0.6,33.0,0.41,37.0,0.4,33.0,0.59,37.0,0.6,33.0,0.18,0.18,0.092659,1776199201000
1776199203.405,3.405,0.41,37.0,0.4,33.0,0.59,37.0,0.6,33.0,0.41,37.0,0.4,33.0,0.59,37.0,0.6,33.0,0.18,0.18,0.092659,1776199202000
1776199203.993,3.993,0.31,375.0,0.27,450.0,0.69,367.97,0.73,450.0,0.31,367.97,0.27,450.0,0.69,375.0,0.73,450.0,0.38,0.38,0.092659,1776199203000
1776199205.38,5.38,0.31,375.0,0.27,450.0,0.69,367.97,0.73,450.0,0.31,367.97,0.27,450.0,0.69,375.0,0.73,450.0,0.38,0.38,0.092659,1776199204000
1776199205.983,5.983,0.31,375.0,0.27,450.0,0.69,367.97,0.73,450.0,0.31,367.97,0.27,450.0,0.69,375.0,0.73,450.0,0.38,0.38,0.092656,1776199205000
1776199207.318,7.318,0.31,375.0,0.27,450.0,0.69,367.97,0.73,450.0,0.31,367.97,0.27,450.0,0.69,375.0,0.73,450.0,0.38,0.38,0.092663,1776199206000
1776199208.617,8.617,0.31,375.0,0.27,450.0,0.69,367.97,0.73,450.0,0.31,367.97,0.27,450.0,0.69,375.0,0.73,450.0,0.38,0.38,0.092664,1776199207000
1776199209.224,9.224,0.31,375.0,0.27,450.0,0.69,367.97,0.73,450.0,0.31,367.97,0.27,450.0,0.69,375.0,0.73,450.0,0.38,0.38,0.092664,1776199208000
1776199210.477,10.477,0.31,375.0,0.27,450.0,0.69,367.97,0.73,450.0,0.31,367.97,0.27,450.0,0.69,375.0,0.73,450.0,0.38,0.38,0.092663,1776199209000
1776199211.101,11.101,0.31,375.0,0.27,450.0,0.69,367.97,0.73,450.0,0.31,367.97,0.27,450.0,0.69,375.0,0.73,450.0,0.38,0.38,0.092663,1776199210000
1776199212.215,12.215,0.31,375.0,0.27,450.0,0.69,367.97,0.73,450.0,0.31,367.97,0.27,450.0,0.69,375.0,0.73,450.0,0.38,0.38,0.092667,1776199211000
1776199213.492,13.492,0.31,375.0,0.27,450.0,0.69,367.97,0.73,450.0,0.31,367.97,0.27,450.0,0.69,375.0,0.73,450.0,0.38,0.38,0.092665,1776199212000
1776199214.093,14.093,0.31,375.0,0.27,450.0,0.69,367.97,0.73,450.0,0.31,367.97,0.27,450.0,0.69,375.0,0.73,450.0,0.38,0.38,0.092657,1776199213000
1776199215.239,15.239,0.31,375.0,0.27,450.0,0.69,367.97,0.73,450.0,0.31,367.97,0.27,450.0,0.69,375.0,0.73,450.0,0.38,0.38,0.092655,1776199214000
1776199217.005,17.005,0.31,375.0,0.27,450.0,0.69,367.97,0.73,450.0,0.31,367.97,0.27,450.0,0.69,375.0,0.73,450.0,0.38,0.38,0.092662,1776199215000
1776199217.527,17.527,0.31,375.0,0.27,450.0,0.69,367.97,0.73,450.0,0.31,367.97,0.27,450.0,0.69,375.0,0.73,450.0,0.38,0.38,0.092656,1776199216000
1776199218.808,18.808,0.31,375.0,0.27,450.0,0.69,367.97,0.73,450.0,0.31,367.97,0.27,450.0,0.69,375.0,0.73,450.0,0.38,0.38,0.092656,1776199217000
1776199219.534,19.534,0.31,375.0,0.27,450.0,0.69,367.97,0.73,450.0,0.31,367.97,0.27,450.0,0.69,375.0,0.73,450.0,0.38,0.38,0.092665,1776199218000
1776199220.335,20.335,0.49,5.0,0.44,5.0,0.53,5.0,0.54,5.0,0.31,367.97,0.27,450.0,0.69,375.0,0.73,450.0,0.04,0.38,0.092665,1776199218000
1776199221.556,21.556,0.49,5.0,0.44,5.0,0.53,5.0,0.54,5.0,0.47,5.0,0.46,5.0,0.51,5.0,0.56,5.0,0.04,0.04,0.092665,1776199220000
1776199222.177,22.177,0.49,5.0,0.44,5.0,0.53,5.0,0.54,5.0,0.47,5.0,0.46,5.0,0.51,5.0,0.56,5.0,0.04,0.04,0.092668,1776199221000
1776199223.473,23.473,0.49,5.0,0.44,5.0,0.53,5.0,0.54,5.0,0.47,5.0,0.46,5.0,0.51,5.0,0.56,5.0,0.04,0.04,0.092668,1776199222000
1776199224.158,24.158,0.49,5.0,0.44,5.0,0.53,5.0,0.54,5.0,0.47,5.0,0.46,5.0,0.51,5.0,0.56,5.0,0.04,0.04,0.092667,1776199223000
1776199225.457,25.457,0.49,5.0,0.44,5.0,0.53,5.0,0.54,5.0,0.47,5.0,0.46,5.0,0.51,5.0,0.56,5.0,0.04,0.04,0.092667,1776199224000
1776199226.15,26.15,0.49,5.0,0.44,5.0,0.53,5.0,0.54,5.0,0.47,5.0,0.46,5.0,0.51,5.0,0.56,5.0,0.04,0.04,0.092666,1776199225000
1776199227.368,27.368,0.49,5.0,0.44,5.0,0.53,5.0,0.54,5.0,0.47,5.0,0.46,5.0,0.51,5.0,0.56,5.0,0.04,0.04,0.092657,1776199226000
1776199228.073,28.073,0.49,5.0,0.44,5.0,0.53,5.0,0.54,5.0,0.47,5.0,0.46,5.0,0.51,5.0,0.56,5.0,0.04,0.04,0.092663,1776199227000
1776199229.237,29.237,0.49,5.0,0.44,5.0,0.53,5.0,0.54,5.0,0.47,5.0,0.46,5.0,0.51,5.0,0.56,5.0,0.04,0.04,0.092665,1776199228000
1776199230.48,30.48,0.49,5.0,0.44,5.0,0.53,5.0,0.54,5.0,0.47,5.0,0.46,5.0,0.51,5.0,0.56,5.0,0.04,0.04,0.092663,1776199229000
1776199231.117,31.117,0.49,5.0,0.44,5.0,0.53,5.0,0.54,5.0,0.47,5.0,0.46,5.0,0.51,5.0,0.56,5.0,0.04,0.04,0.092663,1776199230000
1776199232.305,32.305,0.49,5.0,0.44,5.0,0.53,5.0,0.54,5.0,0.47,5.0,0.46,5.0,0.51,5.0,0.56,5.0,0.04,0.04,0.092663,1776199231000
1776199232.924,32.924,0.49,5.0,0.44,5.0,0.53,5.0,0.54,5.0,0.47,5.0,0.46,5.0,0.51,5.0,0.56,5.0,0.04,0.04,0.092663,1776199232000
1776199234.025,34.025,0.49,5.0,0.44,5.0,0.53,5.0,0.54,5.0,0.47,5.0,0.46,5.0,0.51,5.0,0.56,5.0,0.04,0.04,0.092663,1776199233000
1776199234.396,34.396,0.52,5.0,0.51,5.0,0.61,5.0,0.63,5.0,0.47,5.0,0.46,5.0,0.51,5.0,0.56,5.0,0.09,0.04,0.092663,1776199233000
1776199235.606,35.606,0.52,5.0,0.51,5.0,0.61,5.0,0.63,5.0,0.39,5.0,0.37,5.0,0.48,5.0,0.49,5.0,0.09,0.09,0.092677,1776199234000
1776199236.312,36.312,0.52,5.0,0.51,5.0,0.61,5.0,0.63,5.0,0.39,5.0,0.37,5.0,0.48,5.0,0.49,5.0,0.09,0.09,0.09268,1776199235000
1776199236.921,36.921,0.37,5.0,0.32,6.0,0.51,5.0,0.57,10.0,0.39,5.0,0.37,5.0,0.48,5.0,0.49,5.0,0.14,0.09,0.09268,1776199235000
1776199237.591,37.591,0.37,5.0,0.32,6.0,0.51,5.0,0.57,10.0,0.49,5.0,0.43,10.0,0.63,5.0,0.68,6.0,0.14,0.14,0.09269,1776199236000
1776199238.287,38.287,0.37,5.0,0.32,6.0,0.51,5.0,0.57,10.0,0.49,5.0,0.43,10.0,0.63,5.0,0.68,6.0,0.14,0.14,0.092676,1776199237000
1776199239.871,39.871,0.37,5.0,0.32,6.0,0.51,5.0,0.57,10.0,0.49,5.0,0.43,10.0,0.63,5.0,0.68,6.0,0.14,0.14,0.092618,1776199238000
1776199240.571,40.571,0.37,5.0,0.32,6.0,0.51,5.0,0.57,10.0,0.49,5.0,0.43,10.0,0.63,5.0,0.68,6.0,0.14,0.14,0.092615,1776199239000
1776199241.345,41.345,0.37,5.0,0.32,6.0,0.51,5.0,0.57,10.0,0.49,5.0,0.43,10.0,0.63,5.0,0.68,6.0,0.14,0.14,0.092611,1776199240000
1776199242.797,42.797,0.37,5.0,0.32,6.0,0.51,5.0,0.57,10.0,0.49,5.0,0.43,10.0,0.63,5.0,0.68,6.0,0.14,0.14,0.092618,1776199241000
1776199243.419,43.419,0.37,5.0,0.32,6.0,0.51,5.0,0.57,10.0,0.49,5.0,0.43,10.0,0.63,5.0,0.68,6.0,0.14,0.14,0.092618,1776199242000
1776199244.215,44.215,0.37,5.0,0.32,6.0,0.51,5.0,0.57,10.0,0.49,5.0,0.43,10.0,0.63,5.0,0.68,6.0,0.14,0.14,0.092613,1776199243000
1776199245.62,45.62,0.37,5.0,0.32,6.0,0.51,5.0,0.57,10.0,0.49,5.0,0.43,10.0,0.63,5.0,0.68,6.0,0.14,0.14,0.092615,1776199244000
1776199246.351,46.351,0.37,5.0,0.32,6.0,0.51,5.0,0.57,10.0,0.49,5.0,0.43,10.0,0.63,5.0,0.68,6.0,0.14,0.14,0.092615,1776199245000
1776199246.954,46.954,0.28,17.9,0.27,23.2,0.4,5.0,0.41,5.0,0.49,5.0,0.43,10.0,0.63,5.0,0.68,6.0,0.12,0.14,0.092615,1776199245000
1776199247.771,47.771,0.28,17.9,0.27,23.2,0.4,5.0,0.41,5.0,0.6,5.0,0.59,5.0,0.72,17.9,0.73,23.2,0.12,0.12,0.09261,1776199246000
1776199248.449,48.449,0.28,17.9,0.27,23.2,0.4,5.0,0.41,5.0,0.6,5.0,0.59,5.0,0.72,17.9,0.73,23.2,0.12,0.12,0.09261,1776199247000
1776199249.339,49.339,0.28,17.9,0.27,23.2,0.4,5.0,0.41,5.0,0.6,5.0,0.59,5.0,0.72,17.9,0.73,23.2,0.12,0.12,0.09261,1776199248000
1776199251.025,51.025,0.28,17.9,0.27,23.2,0.4,5.0,0.41,5.0,0.6,5.0,0.59,5.0,0.72,17.9,0.73,23.2,0.12,0.12,0.09261,1776199249000
1776199251.842,51.842,0.28,17.9,0.27,23.2,0.4,5.0,0.41,5.0,0.6,5.0,0.59,5.0,0.72,17.9,0.73,23.2,0.12,0.12,0.09261,1776199250000
1776199253.115,53.115,0.28,17.9,0.27,23.2,0.4,5.0,0.41,5.0,0.6,5.0,0.59,5.0,0.72,17.9,0.73,23.2,0.12,0.12,0.09261,1776199252000
1776199254.252,54.252,0.28,17.9,0.27,23.2,0.4,5.0,0.41,5.0,0.6,5.0,0.59,5.0,0.72,17.9,0.73,23.2,0.12,0.12,0.092609,1776199253000
1776199255.347,55.347,0.28,17.9,0.27,23.2,0.4,5.0,0.41,5.0,0.6,5.0,0.59,5.0,0.72,17.9,0.73,23.2,0.12,0.12,0.092608,1776199254000
1776199255.964,55.964,0.28,17.9,0.27,23.2,0.4,5.0,0.41,5.0,0.6,5.0,0.59,5.0,0.72,17.9,0.73,23.2,0.12,0.12,0.092608,1776199255000
1776199257.19,57.19,0.28,17.9,0.27,23.2,0.4,5.0,0.41,5.0,0.6,5.0,0.59,5.0,0.72,17.9,0.73,23.2,0.12,0.12,0.092608,1776199256000
1776199258.311,58.311,0.28,17.9,0.27,23.2,0.4,5.0,0.41,5.0,0.6,5.0,0.59,5.0,0.72,17.9,0.73,23.2,0.12,0.12,0.092609,1776199257000
1776199258.902,58.902,0.28,17.9,0.27,23.2,0.4,5.0,0.41,5.0,0.6,5.0,0.59,5.0,0.72,17.9,0.73,23.2,0.12,0.12,0.092609,1776199258000
1776199259.983,59.983,0.28,17.9,0.27,23.2,0.4,5.0,0.41,5.0,0.6,5.0,0.59,5.0,0.72,17.9,0.73,23.2,0.12,0.12,0.092609,1776199259000
1776199261.044,61.044,0.28,17.9,0.27,23.2,0.4,5.0,0.41,5.0,0.6,5.0,0.59,5.0,0.72,17.9,0.73,23.2,0.12,0.12,0.09261,1776199260000
1776199262.217,62.217,0.28,17.9,0.27,23.2,0.4,5.0,0.41,5.0,0.6,5.0,0.59,5.0,0.72,17.9,0.73,23.2,0.12,0.12,0.09261,1776199261000
1776199263.344,63.344,0.28,17.9,0.27,23.2,0.4,5.0,0.41,5.0,0.6,5.0,0.59,5.0,0.72,17.9,0.73,23.2,0.12,0.12,0.09261,1776199262000
1776199263.847,63.847,0.28,17.9,0.27,23.2,0.4,5.0,0.41,5.0,0.6,5.0,0.59,5.0,0.72,17.9,0.73,23.2,0.12,0.12,0.09261,1776199263000
1776199265.125,65.125,0.28,17.9,0.27,23.2,0.4,5.0,0.41,5.0,0.6,5.0,0.59,5.0,0.72,17.9,0.73,23.2,0.12,0.12,0.092609,1776199264000
1776199266.309,66.309,0.28,17.9,0.27,23.2,0.4,5.0,0.41,5.0,0.6,5.0,0.59,5.0,0.72,17.9,0.73,23.2,0.12,0.12,0.092609,1776199265000
1776199266.873,66.873,0.28,17.9,0.27,23.2,0.4,5.0,0.41,5.0,0.6,5.0,0.59,5.0,0.72,17.9,0.73,23.2,0.12,0.12,0.092609,1776199266000
1776199268.607,68.607,0.28,17.9,0.27,23.2,0.4,5.0,0.41,5.0,0.6,5.0,0.59,5.0,0.72,17.9,0.73,23.2,0.12,0.12,0.092609,1776199267000
1776199269.03,69.03,0.28,17.9,0.27,23.2,0.4,5.0,0.41,5.0,0.6,5.0,0.59,5.0,0.72,17.9,0.73,23.2,0.12,0.12,0.092609,1776199268000
1776199270.236,70.236,0.28,17.9,0.27,23.2,0.4,5.0,0.41,5.0,0.6,5.0,0.59,5.0,0.72,17.9,0.73,23.2,0.12,0.12,0.092609,1776199269000
1776199271.385,71.385,0.28,17.9,0.27,23.2,0.4,5.0,0.41,5.0,0.6,5.0,0.59,5.0,0.72,17.9,0.73,23.2,0.12,0.12,0.092609,1776199270000
1776199271.894,71.894,0.28,17.9,0.27,23.2,0.4,5.0,0.41,5.0,0.6,5.0,0.59,5.0,0.72,17.9,0.73,23.2,0.12,0.12,0.092609,1776199271000
1776199272.877,72.877,0.28,17.9,0.27,23.2,0.4,5.0,0.41,5.0,0.6,5.0,0.59,5.0,0.72,17.9,0.73,23.2,0.12,0.12,0.092609,1776199272000
1776199273.983,73.983,0.28,17.9,0.27,23.2,0.4,5.0,0.41,5.0,0.6,5.0,0.59,5.0,0.72,17.9,0.73,23.2,0.12,0.12,0.092609,1776199273000
1776199274.991,74.991,0.28,17.9,0.27,23.2,0.4,5.0,0.41,5.0,0.6,5.0,0.59,5.0,0.72,17.9,0.73,23.2,0.12,0.12,0.092609,1776199274000
1776199276.078,76.078,0.28,17.9,0.27,23.2,0.4,5.0,0.41,5.0,0.6,5.0,0.59,5.0,0.72,17.9,0.73,23.2,0.12,0.12,0.092609,1776199275000
1776199277.253,77.253,0.28,17.9,0.27,23.2,0.4,5.0,0.41,5.0,0.6,5.0,0.59,5.0,0.72,17.9,0.73,23.2,0.12,0.12,0.092607,1776199276000
1776199278.333,78.333,0.28,17.9,0.27,23.2,0.4,5.0,0.41,5.0,0.6,5.0,0.59,5.0,0.72,17.9,0.73,23.2,0.12,0.12,0.092607,1776199277000
1776199279.342,79.342,0.28,17.9,0.27,23.2,0.4,5.0,0.41,5.0,0.6,5.0,0.59,5.0,0.72,17.9,0.73,23.2,0.12,0.12,0.09261,1776199278000
1776199280.4,80.4,0.28,17.9,0.27,23.2,0.4,5.0,0.41,5.0,0.6,5.0,0.59,5.0,0.72,17.9,0.73,23.2,0.12,0.12,0.092612,1776199279000
1776199280.894,80.894,0.28,17.9,0.27,23.2,0.4,5.0,0.41,5.0,0.6,5.0,0.59,5.0,0.72,17.9,0.73,23.2,0.12,0.12,0.092612,1776199280000
1776199282.623,82.623,0.28,17.9,0.27,23.2,0.4,5.0,0.41,5.0,0.6,5.0,0.59,5.0,0.72,17.9,0.73,23.2,0.12,0.12,0.092612,1776199281000
1776199283.352,83.352,0.28,17.9,0.27,23.2,0.4,5.0,0.41,5.0,0.6,5.0,0.59,5.0,0.72,17.9,0.73,23.2,0.12,0.12,0.092613,1776199282000
1776199284.36,84.36,0.28,17.9,0.27,23.2,0.4,5.0,0.41,5.0,0.6,5.0,0.59,5.0,0.72,17.9,0.73,23.2,0.12,0.12,0.092612,1776199283000
1776199284.992,84.992,0.28,17.9,0.27,23.2,0.4,5.0,0.41,5.0,0.6,5.0,0.59,5.0,0.72,17.9,0.73,23.2,0.12,0.12,0.092612,1776199284000
1776199286.161,86.161,0.28,17.9,0.27,23.2,0.4,5.0,0.41,5.0,0.6,5.0,0.59,5.0,0.72,17.9,0.73,23.2,0.12,0.12,0.092612,1776199285000
1776199287.279,87.279,0.28,17.9,0.27,23.2,0.4,5.0,0.41,5.0,0.6,5.0,0.59,5.0,0.72,17.9,0.73,23.2,0.12,0.12,0.092615,1776199286000
1776199288.477,88.477,0.28,17.9,0.27,23.2,0.4,5.0,0.41,5.0,0.6,5.0,0.59,5.0,0.72,17.9,0.73,23.2,0.12,0.12,0.092616,1776199287000
1776199288.957,88.957,0.28,17.9,0.27,23.2,0.4,5.0,0.41,5.0,0.6,5.0,0.59,5.0,0.72,17.9,0.73,23.2,0.12,0.12,0.092616,1776199288000
1776199290.1,90.1,0.28,17.9,0.27,23.2,0.4,5.0,0.41,5.0,0.6,5.0,0.59,5.0,0.72,17.9,0.73,23.2,0.12,0.12,0.092616,1776199289000
1776199291.23,91.23,0.28,17.9,0.27,23.2,0.4,5.0,0.41,5.0,0.6,5.0,0.59,5.0,0.72,17.9,0.73,23.2,0.12,0.12,0.092617,1776199290000
1776199292.359,92.359,0.28,17.9,0.27,23.2,0.4,5.0,0.41,5.0,0.6,5.0,0.59,5.0,0.72,17.9,0.73,23.2,0.12,0.12,0.092617,1776199291000
1776199292.902,92.902,0.28,17.9,0.27,23.2,0.4,5.0,0.41,5.0,0.6,5.0,0.59,5.0,0.72,17.9,0.73,23.2,0.12,0.12,0.092617,1776199292000
1776199294.054,94.054,0.28,17.9,0.27,23.2,0.4,5.0,0.41,5.0,0.6,5.0,0.59,5.0,0.72,17.9,0.73,23.2,0.12,0.12,0.092617,1776199293000
1776199295.033,95.033,0.28,17.9,0.27,23.2,0.4,5.0,0.41,5.0,0.6,5.0,0.59,5.0,0.72,17.9,0.73,23.2,0.12,0.12,0.092616,1776199294000
1776199296.167,96.167,0.33,2.65,0.22,15.2,0.34,20.0,0.41,60.7,0.6,5.0,0.59,5.0,0.72,17.9,0.73,23.2,0.01,0.12,0.092616,1776199294000
1776199296.436,96.436,0.17,18.39,0.16,19.3,0.33,5.08,0.34,20.0,0.66,20.0,0.59,60.7,0.67,2.65,0.78,15.2,0.16,0.01,0.09261,1776199295000
1776199297.129,97.129,0.17,18.39,0.16,19.3,0.33,5.08,0.34,20.0,0.67,5.08,0.66,20.0,0.83,18.39,0.84,19.3,0.16,0.16,0.092601,1776199296000
1776199298.165,98.165,0.17,18.39,0.16,19.3,0.33,5.08,0.34,20.0,0.67,5.08,0.66,20.0,0.83,18.39,0.84,19.3,0.16,0.16,0.092599,1776199297000
1776199299.282,99.282,0.17,18.39,0.16,19.3,0.33,5.08,0.34,20.0,0.67,5.08,0.66,20.0,0.83,18.39,0.84,19.3,0.16,0.16,0.092561,1776199298000
1776199300.246,100.246,0.17,18.39,0.16,19.3,0.33,5.08,0.34,20.0,0.67,5.08,0.66,20.0,0.83,18.39,0.84,19.3,0.16,0.16,0.092561,1776199299000
1776199301.297,101.297,0.17,18.39,0.16,19.3,0.33,5.08,0.34,20.0,0.67,5.08,0.66,20.0,0.83,18.39,0.84,19.3,0.16,0.16,0.092562,1776199300000
1776199302.375,102.375,0.17,18.39,0.16,19.3,0.33,5.08,0.34,20.0,0.67,5.08,0.66,20.0,0.83,18.39,0.84,19.3,0.16,0.16,0.092573,1776199301000
1776199303.015,103.015,0.17,18.39,0.16,19.3,0.33,5.08,0.34,20.0,0.67,5.08,0.66,20.0,0.83,18.39,0.84,19.3,0.16,0.16,0.092573,1776199302000
1776199303.992,103.992,0.17,18.39,0.16,19.3,0.33,5.08,0.34,20.0,0.67,5.08,0.66,20.0,0.83,18.39,0.84,19.3,0.16,0.16,0.092575,1776199303000
1776199304.985,104.985,0.17,18.39,0.16,19.3,0.33,5.08,0.34,20.0,0.67,5.08,0.66,20.0,0.83,18.39,0.84,19.3,0.16,0.16,0.092576,1776199304000
1776199306.026,106.026,0.17,18.39,0.16,19.3,0.33,5.08,0.34,20.0,0.67,5.08,0.66,20.0,0.83,18.39,0.84,19.3,0.16,0.16,0.092573,1776199305000
1776199307.013,107.013,0.17,18.39,0.16,19.3,0.33,5.08,0.34,20.0,0.67,5.08,0.66,20.0,0.83,18.39,0.84,19.3,0.16,0.16,0.092572,1776199306000
1776199308.162,108.162,0.17,18.39,0.16,19.3,0.33,5.08,0.34,20.0,0.67,5.08,0.66,20.0,0.83,18.39,0.84,19.3,0.16,0.16,0.092576,1776199307000
1776199309.153,109.153,0.17,18.39,0.16,19.3,0.33,5.08,0.34,20.0,0.67,5.08,0.66,20.0,0.83,18.39,0.84,19.3,0.16,0.16,0.092581,1776199308000
1776199310.825,110.825,0.17,18.39,0.16,19.3,0.33,5.08,0.34,20.0,0.67,5.08,0.66,20.0,0.83,18.39,0.84,19.3,0.16,0.16,0.092582,1776199309000
1776199311.4,111.4,0.17,18.39,0.16,19.3,0.33,5.08,0.34,20.0,0.67,5.08,0.66,20.0,0.83,18.39,0.84,19.3,0.16,0.16,0.092583,1776199310000
1776199311.889,111.889,0.17,18.39,0.16,19.3,0.33,5.08,0.34,20.0,0.67,5.08,0.66,20.0,0.83,18.39,0.84,19.3,0.16,0.16,0.092583,1776199311000
1776199312.939,112.939,0.17,18.39,0.16,19.3,0.33,5.08,0.34,20.0,0.67,5.08,0.66,20.0,0.83,18.39,0.84,19.3,0.16,0.16,0.092592,1776199312000
1776199314.049,114.049,0.17,18.39,0.16,19.3,0.33,5.08,0.34,20.0,0.67,5.08,0.66,20.0,0.83,18.39,0.84,19.3,0.16,0.16,0.092593,1776199313000
1776199315.257,115.257,0.17,18.39,0.16,19.3,0.33,5.08,0.34,20.0,0.67,5.08,0.66,20.0,0.83,18.39,0.84,19.3,0.16,0.16,0.092586,1776199314000
1776199316.285,116.285,0.17,18.39,0.16,19.3,0.33,5.08,0.34,20.0,0.67,5.08,0.66,20.0,0.83,18.39,0.84,19.3,0.16,0.16,0.092592,1776199315000
1776199317.327,117.327,0.17,18.39,0.16,19.3,0.33,5.08,0.34,20.0,0.67,5.08,0.66,20.0,0.83,18.39,0.84,19.3,0.16,0.16,0.092586,1776199316000
1776199318.339,118.339,0.17,18.39,0.16,19.3,0.33,5.08,0.34,20.0,0.67,5.08,0.66,20.0,0.83,18.39,0.84,19.3,0.16,0.16,0.092592,1776199317000
1776199318.971,118.971,0.17,18.39,0.16,19.3,0.33,5.08,0.34,20.0,0.67,5.08,0.66,20.0,0.83,18.39,0.84,19.3,0.16,0.16,0.092592,1776199318000
1776199320.008,120.008,0.17,18.39,0.16,19.3,0.33,5.08,0.34,20.0,0.67,5.08,0.66,20.0,0.83,18.39,0.84,19.3,0.16,0.16,0.092593,1776199319000
1776199320.973,120.973,0.17,18.39,0.16,19.3,0.33,5.08,0.34,20.0,0.67,5.08,0.66,20.0,0.83,18.39,0.84,19.3,0.16,0.16,0.092596,1776199320000
1776199321.992,121.992,0.17,18.39,0.16,19.3,0.33,5.08,0.34,20.0,0.67,5.08,0.66,20.0,0.83,18.39,0.84,19.3,0.16,0.16,0.092597,1776199321000
1776199323.034,123.034,0.17,18.39,0.16,19.3,0.33,5.08,0.34,20.0,0.67,5.08,0.66,20.0,0.83,18.39,0.84,19.3,0.16,0.16,0.092603,1776199322000
1776199324.697,124.697,0.17,18.39,0.16,19.3,0.33,5.08,0.34,20.0,0.67,5.08,0.66,20.0,0.83,18.39,0.84,19.3,0.16,0.16,0.092604,1776199323000
1776199326.163,126.163,0.17,18.39,0.16,19.3,0.33,5.08,0.34,20.0,0.67,5.08,0.66,20.0,0.83,18.39,0.84,19.3,0.16,0.16,0.092603,1776199324000
1776199326.958,126.958,0.17,18.39,0.16,19.3,0.33,5.08,0.34,20.0,0.67,5.08,0.66,20.0,0.83,18.39,0.84,19.3,0.16,0.16,0.092605,1776199325000
1776199327.761,127.761,0.17,18.39,0.16,19.3,0.33,5.08,0.34,20.0,0.67,5.08,0.66,20.0,0.83,18.39,0.84,19.3,0.16,0.16,0.092605,1776199326000
1776199328.427,128.427,0.17,18.39,0.16,19.3,0.33,5.08,0.34,20.0,0.67,5.08,0.66,20.0,0.83,18.39,0.84,19.3,0.16,0.16,0.092604,1776199327000
1776199329.146,129.146,0.17,18.39,0.16,19.3,0.33,5.08,0.34,20.0,0.67,5.08,0.66,20.0,0.83,18.39,0.84,19.3,0.16,0.16,0.092604,1776199328000
1776199330.78,130.78,0.17,18.39,0.16,19.3,0.33,5.08,0.34,20.0,0.67,5.08,0.66,20.0,0.83,18.39,0.84,19.3,0.16,0.16,0.092604,1776199329000
1776199331.473,131.473,0.17,18.39,0.16,19.3,0.33,5.08,0.34,20.0,0.67,5.08,0.66,20.0,0.83,18.39,0.84,19.3,0.16,0.16,0.092604,1776199330000
1776199332.172,132.172,0.17,18.39,0.16,19.3,0.33,5.08,0.34,20.0,0.67,5.08,0.66,20.0,0.83,18.39,0.84,19.3,0.16,0.16,0.092604,1776199331000
1776199333.519,133.519,0.17,18.39,0.16,19.3,0.33,5.08,0.34,20.0,0.67,5.08,0.66,20.0,0.83,18.39,0.84,19.3,0.16,0.16,0.092603,1776199332000
1776199334.276,134.276,0.17,18.39,0.16,19.3,0.33,5.08,0.34,20.0,0.67,5.08,0.66,20.0,0.83,18.39,0.84,19.3,0.16,0.16,0.092601,1776199333000
1776199335.618,135.618,0.17,18.39,0.16,19.3,0.33,5.08,0.34,20.0,0.67,5.08,0.66,20.0,0.83,18.39,0.84,19.3,0.16,0.16,0.092604,1776199334000
1776199336.326,136.326,0.17,18.39,0.16,19.3,0.33,5.08,0.34,20.0,0.67,5.08,0.66,20.0,0.83,18.39,0.84,19.3,0.16,0.16,0.092604,1776199335000
1776199337.016,137.016,0.26,9.5,0.25,13.9,0.32,5.0,0.33,10.08,0.68,5.0,0.67,10.08,0.74,9.5,0.75,13.9,0.06,0.06,0.092604,1776199336000
1776199337.274,137.274,0.31,30.96,0.27,13.2,0.33,5.08,0.5,10.0,0.68,5.0,0.67,10.08,0.74,9.5,0.75,13.9,0.02,0.06,0.092604,1776199336000
1776199337.495,137.495,0.32,5.0,0.31,30.96,0.51,5.0,0.55,5.56,0.67,0.08,0.49,5.0,0.68,5.0,0.69,30.96,0.19,0.01,0.092604,1776199336000
1776199338.51,138.51,0.32,5.0,0.31,30.96,0.51,5.0,0.55,5.56,0.49,5.0,0.45,5.56,0.68,5.0,0.69,30.96,0.19,0.19,0.0926,1776199337000
1776199339.346,139.346,0.32,5.0,0.31,30.96,0.51,5.0,0.55,5.56,0.49,5.0,0.45,5.56,0.68,5.0,0.69,30.96,0.19,0.19,0.092629,1776199338000
1776199340.128,140.128,0.32,5.0,0.31,30.96,0.51,5.0,0.55,5.56,0.49,5.0,0.45,5.56,0.68,5.0,0.69,30.96,0.19,0.19,0.092636,1776199339000
1776199341.547,141.547,0.32,5.0,0.31,30.96,0.51,5.0,0.55,5.56,0.49,5.0,0.45,5.56,0.68,5.0,0.69,30.96,0.19,0.19,0.092651,1776199340000
1776199342.438,142.438,0.32,5.0,0.31,30.96,0.51,5.0,0.55,5.56,0.49,5.0,0.45,5.56,0.68,5.0,0.69,30.96,0.19,0.19,0.092649,1776199341000
1776199343.084,143.084,0.32,5.0,0.31,30.96,0.51,5.0,0.55,5.56,0.49,5.0,0.45,5.56,0.68,5.0,0.69,30.96,0.19,0.19,0.092649,1776199342000
1776199344.065,144.065,0.32,5.0,0.31,30.96,0.51,5.0,0.55,5.56,0.49,5.0,0.45,5.56,0.68,5.0,0.69,30.96,0.19,0.19,0.092653,1776199343000
1776199345.096,145.096,0.32,5.0,0.31,30.96,0.51,5.0,0.55,5.56,0.49,5.0,0.45,5.56,0.68,5.0,0.69,30.96,0.19,0.19,0.092647,1776199344000
1776199346.176,146.176,0.32,5.0,0.31,30.96,0.51,5.0,0.55,5.56,0.49,5.0,0.45,5.56,0.68,5.0,0.69,30.96,0.19,0.19,0.092652,1776199345000
1776199347.161,147.161,0.32,5.0,0.31,30.96,0.51,5.0,0.55,5.56,0.49,5.0,0.45,5.56,0.68,5.0,0.69,30.96,0.19,0.19,0.092657,1776199346000
1776199348.199,148.199,0.32,5.0,0.31,30.96,0.51,5.0,0.55,5.56,0.49,5.0,0.45,5.56,0.68,5.0,0.69,30.96,0.19,0.19,0.092656,1776199347000
1776199349.217,149.217,0.32,5.0,0.31,30.96,0.51,5.0,0.55,5.56,0.49,5.0,0.45,5.56,0.68,5.0,0.69,30.96,0.19,0.19,0.092653,1776199348000
1776199350.22,150.22,0.32,5.0,0.31,30.96,0.51,5.0,0.55,5.56,0.49,5.0,0.45,5.56,0.68,5.0,0.69,30.96,0.19,0.19,0.092664,1776199349000
1776199351.287,151.287,0.32,5.0,0.31,30.96,0.51,5.0,0.55,5.56,0.49,5.0,0.45,5.56,0.68,5.0,0.69,30.96,0.19,0.19,0.092668,1776199350000
1776199352.234,152.234,0.32,5.0,0.31,30.96,0.51,5.0,0.55,5.56,0.49,5.0,0.45,5.56,0.68,5.0,0.69,30.96,0.19,0.19,0.092668,1776199351000
1776199353.031,153.031,0.54,24.0,0.52,5.0,0.55,0.56,0.66,5.0,0.49,5.0,0.45,5.56,0.68,5.0,0.69,30.96,0.01,0.19,0.092668,1776199351000
1776199354.182,154.182,0.54,24.0,0.52,5.0,0.55,0.56,0.66,5.0,0.45,0.56,0.34,5.0,0.46,24.0,0.48,5.0,0.01,0.01,0.092676,1776199353000
1776199354.488,154.488,0.54,24.0,0.53,5.0,0.66,5.0,0.68,5.0,0.45,0.56,0.34,5.0,0.46,24.0,0.48,5.0,0.12,0.01,0.092676,1776199353000
1776199355.165,155.165,0.54,24.0,0.53,5.0,0.66,5.0,0.68,5.0,0.34,5.0,0.32,5.0,0.46,24.0,0.47,5.0,0.12,0.12,0.092682,1776199354000
1776199356.231,156.231,0.54,24.0,0.53,5.0,0.66,5.0,0.68,5.0,0.34,5.0,0.32,5.0,0.46,24.0,0.47,5.0,0.12,0.12,0.092689,1776199355000
1776199357.232,157.232,0.54,24.0,0.53,5.0,0.66,5.0,0.68,5.0,0.34,5.0,0.32,5.0,0.46,24.0,0.47,5.0,0.12,0.12,0.092689,1776199356000
1776199358.446,158.446,0.54,24.0,0.53,5.0,0.66,5.0,0.68,5.0,0.34,5.0,0.32,5.0,0.46,24.0,0.47,5.0,0.12,0.12,0.092697,1776199357000
1776199359.046,159.046,0.54,24.0,0.53,5.0,0.66,5.0,0.68,5.0,0.34,5.0,0.32,5.0,0.46,24.0,0.47,5.0,0.12,0.12,0.092699,1776199358000
1776199360.31,160.31,0.54,24.0,0.53,5.0,0.66,5.0,0.68,5.0,0.34,5.0,0.32,5.0,0.46,24.0,0.47,5.0,0.12,0.12,0.092699,1776199359000
1776199361.458,161.458,0.54,24.0,0.53,5.0,0.66,5.0,0.68,5.0,0.34,5.0,0.32,5.0,0.46,24.0,0.47,5.0,0.12,0.12,0.092703,1776199360000
1776199361.965,161.965,0.54,24.0,0.53,5.0,0.66,5.0,0.68,5.0,0.34,5.0,0.32,5.0,0.46,24.0,0.47,5.0,0.12,0.12,0.092705,1776199361000
1776199363.196,163.196,0.54,24.0,0.53,5.0,0.66,5.0,0.68,5.0,0.34,5.0,0.32,5.0,0.46,24.0,0.47,5.0,0.12,0.12,0.092703,1776199362000
1776199364.439,164.439,0.54,24.0,0.53,5.0,0.66,5.0,0.68,5.0,0.34,5.0,0.32,5.0,0.46,24.0,0.47,5.0,0.12,0.12,0.092702,1776199363000
1776199364.991,164.991,0.54,24.0,0.53,5.0,0.66,5.0,0.68,5.0,0.34,5.0,0.32,5.0,0.46,24.0,0.47,5.0,0.12,0.12,0.092702,1776199364000
1776199366.171,166.171,0.54,24.0,0.53,5.0,0.66,5.0,0.68,5.0,0.34,5.0,0.32,5.0,0.46,24.0,0.47,5.0,0.12,0.12,0.092702,1776199365000
1776199367.406,167.406,0.54,24.0,0.53,5.0,0.66,5.0,0.68,5.0,0.34,5.0,0.32,5.0,0.46,24.0,0.47,5.0,0.12,0.12,0.092693,1776199366000
1776199367.95,167.95,0.54,24.0,0.53,5.0,0.66,5.0,0.68,5.0,0.34,5.0,0.32,5.0,0.46,24.0,0.47,5.0,0.12,0.12,0.092693,1776199367000
1776199368.931,168.931,0.54,24.0,0.53,5.0,0.66,5.0,0.68,5.0,0.34,5.0,0.32,5.0,0.46,24.0,0.47,5.0,0.12,0.12,0.092703,1776199368000
1776199370.006,170.006,0.54,24.0,0.53,5.0,0.66,5.0,0.68,5.0,0.34,5.0,0.32,5.0,0.46,24.0,0.47,5.0,0.12,0.12,0.092703,1776199369000
1776199371.208,171.208,0.54,24.0,0.53,5.0,0.66,5.0,0.68,5.0,0.34,5.0,0.32,5.0,0.46,24.0,0.47,5.0,0.12,0.12,0.092703,1776199370000
1776199372.257,172.257,0.54,24.0,0.53,5.0,0.66,5.0,0.68,5.0,0.34,5.0,0.32,5.0,0.46,24.0,0.47,5.0,0.12,0.12,0.092703,1776199371000
1776199373.341,173.341,0.54,24.0,0.53,5.0,0.66,5.0,0.68,5.0,0.34,5.0,0.32,5.0,0.46,24.0,0.47,5.0,0.12,0.12,0.092702,1776199372000
1776199373.977,173.977,0.54,24.0,0.53,5.0,0.66,5.0,0.68,5.0,0.34,5.0,0.32,5.0,0.46,24.0,0.47,5.0,0.12,0.12,0.092703,1776199373000
1776199374.99,174.99,0.54,24.0,0.53,5.0,0.66,5.0,0.68,5.0,0.34,5.0,0.32,5.0,0.46,24.0,0.47,5.0,0.12,0.12,0.092702,1776199374000
1776199376.016,176.016,0.54,24.0,0.53,5.0,0.66,5.0,0.68,5.0,0.34,5.0,0.32,5.0,0.46,24.0,0.47,5.0,0.12,0.12,0.092699,1776199375000
1776199377.093,177.093,0.54,24.0,0.53,5.0,0.66,5.0,0.68,5.0,0.34,5.0,0.32,5.0,0.46,24.0,0.47,5.0,0.12,0.12,0.092699,1776199376000
1776199378.335,178.335,0.54,24.0,0.53,5.0,0.66,5.0,0.68,5.0,0.34,5.0,0.32,5.0,0.46,24.0,0.47,5.0,0.12,0.12,0.092702,1776199377000
1776199378.958,178.958,0.54,24.0,0.53,5.0,0.66,5.0,0.68,5.0,0.34,5.0,0.32,5.0,0.46,24.0,0.47,5.0,0.12,0.12,0.092703,1776199378000
1776199380.151,180.151,0.54,24.0,0.53,5.0,0.66,5.0,0.68,5.0,0.34,5.0,0.32,5.0,0.46,24.0,0.47,5.0,0.12,0.12,0.092702,1776199379000
1776199381.072,181.072,0.64,11.3,0.63,11.2,0.72,1.87,0.73,5.0,0.28,1.87,0.27,5.0,0.36,11.3,0.37,11.2,0.08,0.08,0.092696,1776199380000
1776199382.1,182.1,0.64,11.3,0.63,11.2,0.72,1.87,0.73,5.0,0.28,1.87,0.27,5.0,0.36,11.3,0.37,11.2,0.08,0.08,0.092696,1776199381000
1776199383.264,183.264,0.64,11.3,0.63,11.2,0.72,1.87,0.73,5.0,0.28,1.87,0.27,5.0,0.36,11.3,0.37,11.2,0.08,0.08,0.092697,1776199382000
1776199384.365,184.365,0.64,11.3,0.63,11.2,0.72,1.87,0.73,5.0,0.28,1.87,0.27,5.0,0.36,11.3,0.37,11.2,0.08,0.08,0.092696,1776199383000
1776199385.476,185.476,0.64,11.3,0.63,11.2,0.72,1.87,0.73,5.0,0.28,1.87,0.27,5.0,0.36,11.3,0.37,11.2,0.08,0.08,0.092698,1776199384000
1776199386.441,186.441,0.64,11.3,0.63,11.2,0.72,1.87,0.73,5.0,0.28,1.87,0.27,5.0,0.36,11.3,0.37,11.2,0.08,0.08,0.092698,1776199385000
1776199386.961,186.961,0.64,11.3,0.63,11.2,0.72,1.87,0.73,5.0,0.28,1.87,0.27,5.0,0.36,11.3,0.37,11.2,0.08,0.08,0.092698,1776199386000
1776199388.077,188.077,0.64,11.3,0.63,11.2,0.72,1.87,0.73,5.0,0.28,1.87,0.27,5.0,0.36,11.3,0.37,11.2,0.08,0.08,0.092698,1776199387000
1776199389.19,189.19,0.64,11.3,0.63,11.2,0.72,1.87,0.73,5.0,0.28,1.87,0.27,5.0,0.36,11.3,0.37,11.2,0.08,0.08,0.092693,1776199388000
1776199390.298,190.298,0.64,11.3,0.63,11.2,0.72,1.87,0.73,5.0,0.28,1.87,0.27,5.0,0.36,11.3,0.37,11.2,0.08,0.08,0.092693,1776199389000
1776199391.303,191.303,0.64,11.3,0.63,11.2,0.72,1.87,0.73,5.0,0.28,1.87,0.27,5.0,0.36,11.3,0.37,11.2,0.08,0.08,0.092692,1776199390000
1776199391.936,191.936,0.64,11.3,0.63,11.2,0.72,1.87,0.73,5.0,0.28,1.87,0.27,5.0,0.36,11.3,0.37,11.2,0.08,0.08,0.092692,1776199391000
1776199393.002,193.002,0.64,11.3,0.63,11.2,0.72,1.87,0.73,5.0,0.28,1.87,0.27,5.0,0.36,11.3,0.37,11.2,0.08,0.08,0.092692,1776199392000
1776199393.999,193.999,0.64,11.3,0.63,11.2,0.72,1.87,0.73,5.0,0.28,1.87,0.27,5.0,0.36,11.3,0.37,11.2,0.08,0.08,0.092693,1776199393000
1776199394.996,194.996,0.64,11.3,0.63,11.2,0.72,1.87,0.73,5.0,0.28,1.87,0.27,5.0,0.36,11.3,0.37,11.2,0.08,0.08,0.092692,1776199394000
1776199395.965,195.965,0.64,11.3,0.63,11.2,0.72,1.87,0.73,5.0,0.28,1.87,0.27,5.0,0.36,11.3,0.37,11.2,0.08,0.08,0.092699,1776199395000
1776199397.038,197.038,0.64,11.3,0.63,11.2,0.72,1.87,0.73,5.0,0.28,1.87,0.27,5.0,0.36,11.3,0.37,11.2,0.08,0.08,0.092701,1776199396000
1776199397.979,197.979,0.64,11.3,0.63,11.2,0.72,1.87,0.73,5.0,0.28,1.87,0.27,5.0,0.36,11.3,0.37,11.2,0.08,0.08,0.0927,1776199397000
1776199399.107,199.107,0.64,11.3,0.63,11.2,0.72,1.87,0.73,5.0,0.28,1.87,0.27,5.0,0.36,11.3,0.37,11.2,0.08,0.08,0.092699,1776199398000
1776199400.472,200.472,0.64,11.3,0.63,11.2,0.72,1.87,0.73,5.0,0.28,1.87,0.27,5.0,0.36,11.3,0.37,11.2,0.08,0.08,0.092703,1776199399000
1776199401.303,201.303,0.64,11.3,0.63,11.2,0.72,1.87,0.73,5.0,0.28,1.87,0.27,5.0,0.36,11.3,0.37,11.2,0.08,0.08,0.092702,1776199400000
1776199402.271,202.271,0.64,11.3,0.63,11.2,0.72,1.87,0.73,5.0,0.28,1.87,0.27,5.0,0.36,11.3,0.37,11.2,0.08,0.08,0.092702,1776199401000
1776199402.699,202.699,0.79,5.0,0.72,5.0,0.86,2.67,0.87,5.0,0.28,1.87,0.27,5.0,0.36,11.3,0.37,11.2,0.07,0.08,0.092702,1776199401000
1776199403.336,203.336,0.72,2.0,0.71,50.0,0.87,5.0,0.88,5.0,0.13,5.0,0.12,5.0,0.28,2.0,0.29,50.0,0.15,0.15,0.092703,1776199402000
1776199404.227,204.227,0.72,2.0,0.71,50.0,0.87,5.0,0.88,5.0,0.13,5.0,0.12,5.0,0.28,2.0,0.29,50.0,0.15,0.15,0.09272,1776199403000
1776199406.048,206.048,0.72,2.0,0.71,50.0,0.87,5.0,0.88,5.0,0.13,5.0,0.12,5.0,0.28,2.0,0.29,50.0,0.15,0.15,0.092734,1776199404000
1776199406.688,206.688,0.72,2.0,0.71,50.0,0.87,5.0,0.88,5.0,0.13,5.0,0.12,5.0,0.28,2.0,0.29,50.0,0.15,0.15,0.09274,1776199405000
1776199407.148,207.148,0.79,15.7,0.78,15.2,0.88,3.86,0.91,5.0,0.13,5.0,0.12,5.0,0.28,2.0,0.29,50.0,0.09,0.15,0.09274,1776199405000
1776199407.36,207.36,0.79,15.7,0.78,15.2,0.88,3.86,0.91,5.0,0.12,3.86,0.09,5.0,0.21,15.7,0.22,15.2,0.09,0.09,0.092742,1776199406000
1776199408.492,208.492,0.79,15.7,0.78,15.2,0.88,3.86,0.91,5.0,0.12,3.86,0.09,5.0,0.21,15.7,0.22,15.2,0.09,0.09,0.092743,1776199407000
1776199409.331,209.331,0.79,15.7,0.78,15.2,0.88,3.86,0.91,5.0,0.12,3.86,0.09,5.0,0.21,15.7,0.22,15.2,0.09,0.09,0.092743,1776199408000
1776199410.033,210.033,0.79,15.7,0.78,15.2,0.88,3.86,0.91,5.0,0.12,3.86,0.09,5.0,0.21,15.7,0.22,15.2,0.09,0.09,0.092729,1776199409000
1776199411.403,211.403,0.79,15.7,0.78,15.2,0.88,3.86,0.91,5.0,0.12,3.86,0.09,5.0,0.21,15.7,0.22,15.2,0.09,0.09,0.092732,1776199410000
1776199412.123,212.123,0.79,15.7,0.78,15.2,0.88,3.86,0.91,5.0,0.12,3.86,0.09,5.0,0.21,15.7,0.22,15.2,0.09,0.09,0.092732,1776199411000
1776199413.595,213.595,0.79,15.7,0.78,15.2,0.88,3.86,0.91,5.0,0.12,3.86,0.09,5.0,0.21,15.7,0.22,15.2,0.09,0.09,0.092732,1776199412000
1776199414.549,214.549,0.79,15.7,0.78,15.2,0.88,3.86,0.91,5.0,0.12,3.86,0.09,5.0,0.21,15.7,0.22,15.2,0.09,0.09,0.092732,1776199413000
1776199415.274,215.274,0.79,15.7,0.78,15.2,0.88,3.86,0.91,5.0,0.12,3.86,0.09,5.0,0.21,15.7,0.22,15.2,0.09,0.09,0.092733,1776199414000
1776199416.625,216.625,0.79,15.7,0.78,15.2,0.88,3.86,0.91,5.0,0.12,3.86,0.09,5.0,0.21,15.7,0.22,15.2,0.09,0.09,0.092733,1776199415000
1776199417.331,217.331,0.79,15.7,0.78,15.2,0.88,3.86,0.91,5.0,0.12,3.86,0.09,5.0,0.21,15.7,0.22,15.2,0.09,0.09,0.092733,1776199416000
1776199418.236,218.236,0.79,15.7,0.78,15.2,0.88,3.86,0.91,5.0,0.12,3.86,0.09,5.0,0.21,15.7,0.22,15.2,0.09,0.09,0.092732,1776199417000
1776199420.061,220.061,0.79,15.7,0.78,15.2,0.88,3.86,0.91,5.0,0.12,3.86,0.09,5.0,0.21,15.7,0.22,15.2,0.09,0.09,0.092727,1776199418000
1776199421.447,221.447,0.79,15.7,0.78,15.2,0.88,3.86,0.91,5.0,0.12,3.86,0.09,5.0,0.21,15.7,0.22,15.2,0.09,0.09,0.092734,1776199420000
1776199422.181,222.181,0.79,15.7,0.78,15.2,0.88,3.86,0.91,5.0,0.12,3.86,0.09,5.0,0.21,15.7,0.22,15.2,0.09,0.09,0.092735,1776199421000
1776199423.758,223.758,0.79,15.7,0.78,15.2,0.88,3.86,0.91,5.0,0.12,3.86,0.09,5.0,0.21,15.7,0.22,15.2,0.09,0.09,0.092727,1776199422000
1776199424.293,224.293,0.79,15.7,0.78,15.2,0.88,3.86,0.91,5.0,0.12,3.86,0.09,5.0,0.21,15.7,0.22,15.2,0.09,0.09,0.092736,1776199423000
1776199424.974,224.974,0.84,19.3,0.83,18.39,0.91,26.37,0.92,35.29,0.09,26.37,0.08,35.29,0.16,19.3,0.17,18.39,0.07,0.07,0.092736,1776199424000
1776199426.298,226.298,0.84,19.3,0.83,18.39,0.91,26.37,0.92,35.29,0.09,26.37,0.08,35.29,0.16,19.3,0.17,18.39,0.07,0.07,0.092736,1776199425000
1776199427.648,227.648,0.84,19.3,0.83,18.39,0.91,26.37,0.92,35.29,0.09,26.37,0.08,35.29,0.16,19.3,0.17,18.39,0.07,0.07,0.092736,1776199426000
1776199428.23,228.23,0.84,19.3,0.83,18.39,0.91,26.37,0.92,35.29,0.09,26.37,0.08,35.29,0.16,19.3,0.17,18.39,0.07,0.07,0.092736,1776199427000
1776199429.512,229.512,0.84,19.3,0.83,18.39,0.91,26.37,0.92,35.29,0.09,26.37,0.08,35.29,0.16,19.3,0.17,18.39,0.07,0.07,0.092736,1776199428000
1776199430.21,230.21,0.84,19.3,0.83,18.39,0.91,26.37,0.92,35.29,0.09,26.37,0.08,35.29,0.16,19.3,0.17,18.39,0.07,0.07,0.092736,1776199429000
1776199431.554,231.554,0.84,19.3,0.83,18.39,0.91,26.37,0.92,35.29,0.09,26.37,0.08,35.29,0.16,19.3,0.17,18.39,0.07,0.07,0.092732,1776199430000
1776199432.249,232.249,0.84,19.3,0.83,18.39,0.91,26.37,0.92,35.29,0.09,26.37,0.08,35.29,0.16,19.3,0.17,18.39,0.07,0.07,0.092729,1776199431000
1776199433.715,233.715,0.84,19.3,0.83,18.39,0.91,26.37,0.92,35.29,0.09,26.37,0.08,35.29,0.16,19.3,0.17,18.39,0.07,0.07,0.092729,1776199432000
1776199434.324,234.324,0.84,19.3,0.83,18.39,0.91,26.37,0.92,35.29,0.09,26.37,0.08,35.29,0.16,19.3,0.17,18.39,0.07,0.07,0.092731,1776199433000
1776199435.081,235.081,0.84,19.3,0.83,18.39,0.91,26.37,0.92,35.29,0.09,26.37,0.08,35.29,0.16,19.3,0.17,18.39,0.07,0.07,0.092731,1776199434000
1776199436.443,236.443,0.84,19.3,0.83,18.39,0.91,26.37,0.92,35.29,0.09,26.37,0.08,35.29,0.16,19.3,0.17,18.39,0.07,0.07,0.092736,1776199435000
1776199437.127,237.127,0.84,19.3,0.83,18.39,0.91,26.37,0.92,35.29,0.09,26.37,0.08,35.29,0.16,19.3,0.17,18.39,0.07,0.07,0.092732,1776199436000
1776199438.75,238.75,0.89,26.6,0.88,43.6,0.98,147.69,0.99,5602.6,0.09,26.37,0.08,35.29,0.16,19.3,0.17,18.39,0.09,0.07,0.092732,1776199436000
1776199439.318,239.318,0.89,26.6,0.88,43.6,0.98,147.69,0.99,5602.6,0.02,147.69,0.01,5602.6,0.11,26.6,0.12,43.6,0.09,0.09,0.092749,1776199438000
1776199439.913,239.913,0.91,31.7,0.9,28.9,0.98,133.39,0.99,5602.6,0.02,140.54,0.01,5602.6,0.1,28.9,0.11,26.6,0.07,0.08,0.092749,1776199438000
1776199440.496,240.496,0.91,31.7,0.9,28.9,0.98,133.39,0.99,5602.6,0.02,133.39,0.01,5602.6,0.09,31.7,0.1,28.9,0.07,0.07,0.092764,1776199439000
1776199441.011,241.011,0.91,31.7,0.9,28.9,0.98,133.39,0.99,5602.6,0.02,133.39,0.01,5602.6,0.09,31.7,0.1,28.9,0.07,0.07,0.092773,1776199440000
1776199441.334,241.334,0.94,46.1,0.93,39.9,0.98,128.39,0.99,5502.6,0.02,133.39,0.01,5602.6,0.09,31.7,0.1,28.9,0.04,0.07,0.092773,1776199440000
1776199441.605,241.605,0.95,54.7,0.94,46.1,0.98,77.39,0.99,5502.6,0.02,128.39,0.01,5502.6,0.06,46.1,0.07,39.9,0.03,0.04,0.092773,1776199440000
1776199442.145,242.145,0.95,54.7,0.94,46.1,0.98,77.39,0.99,5502.6,0.02,77.39,0.01,5502.6,0.05,54.7,0.06,46.1,0.03,0.03,0.092773,1776199441000
1776199443.197,243.197,0.95,54.7,0.94,46.1,0.98,77.39,0.99,5502.6,0.02,77.39,0.01,5502.6,0.05,54.7,0.06,46.1,0.03,0.03,0.092767,1776199442000
1776199444.236,244.236,0.95,54.7,0.94,46.1,0.98,77.39,0.99,5502.6,0.02,77.39,0.01,5502.6,0.05,54.7,0.06,46.1,0.03,0.03,0.092762,1776199443000
1776199444.796,244.796,0.92,35.29,0.91,31.7,0.96,62.7,0.97,89.3,0.02,77.39,0.01,5502.6,0.05,54.7,0.06,46.1,0.04,0.03,0.092762,1776199443000
1776199445.268,245.268,0.92,35.29,0.91,31.7,0.96,62.7,0.97,89.3,0.04,62.7,0.03,89.3,0.08,35.29,0.09,31.7,0.04,0.04,0.092755,1776199444000
1776199446.347,246.347,0.92,35.29,0.91,31.7,0.96,62.7,0.97,89.3,0.04,62.7,0.03,89.3,0.08,35.29,0.09,31.7,0.04,0.04,0.092753,1776199445000
1776199446.985,246.985,0.92,35.29,0.91,31.7,0.96,62.7,0.97,89.3,0.04,62.7,0.03,89.3,0.08,35.29,0.09,31.7,0.04,0.04,0.092753,1776199446000
1776199447.614,247.614,0.92,35.29,0.91,31.7,0.96,58.53,0.97,89.3,0.04,62.7,0.03,89.3,0.08,35.29,0.09,31.7,0.04,0.04,0.092753,1776199446000
1776199448.069,248.069,0.92,35.29,0.91,31.7,0.96,58.53,0.97,89.3,0.04,58.53,0.03,89.3,0.08,35.29,0.09,31.7,0.04,0.04,0.092752,1776199447000
1776199449.062,249.062,0.93,39.9,0.92,35.29,0.97,118.3,0.98,77.39,0.04,58.53,0.03,89.3,0.08,35.29,0.09,31.7,0.04,0.04,0.092752,1776199447000
1776199450.063,250.063,0.93,39.9,0.92,35.29,0.97,118.3,0.98,77.39,0.03,118.3,0.02,77.39,0.07,39.9,0.08,35.29,0.04,0.04,0.092753,1776199449000
1776199451.093,251.093,0.93,39.9,0.92,35.29,0.97,118.3,0.98,77.39,0.03,118.3,0.02,77.39,0.07,39.9,0.08,35.29,0.04,0.04,0.092738,1776199450000
1776199452.796,252.796,0.93,39.9,0.92,35.29,0.97,118.3,0.98,77.39,0.03,118.3,0.02,77.39,0.07,39.9,0.08,35.29,0.04,0.04,0.092738,1776199451000
1776199453.641,253.641,0.93,39.9,0.92,35.29,0.97,118.3,0.98,77.39,0.03,118.3,0.02,77.39,0.07,39.9,0.08,35.29,0.04,0.04,0.092737,1776199452000
1776199454.369,254.369,0.93,39.9,0.92,35.29,0.97,118.3,0.98,77.39,0.03,118.3,0.02,77.39,0.07,39.9,0.08,35.29,0.04,0.04,0.09274,1776199453000
1776199454.822,254.822,0.95,54.7,0.94,46.1,0.98,72.39,0.99,5497.6,0.03,118.3,0.02,77.39,0.07,39.9,0.08,35.29,0.03,0.04,0.09274,1776199453000
1776199455.09,255.09,0.95,54.7,0.94,46.1,0.98,72.39,0.99,5497.6,0.02,72.39,0.01,5497.6,0.05,54.7,0.06,46.1,0.03,0.03,0.092741,1776199454000
1776199456.519,256.519,0.95,54.7,0.94,46.1,0.98,72.39,0.99,5497.6,0.02,72.39,0.01,5497.6,0.05,54.7,0.06,46.1,0.03,0.03,0.092751,1776199455000
1776199457.191,257.191,0.95,54.7,0.94,46.1,0.98,72.39,0.99,5497.6,0.02,72.39,0.01,5497.6,0.05,54.7,0.06,46.1,0.03,0.03,0.092758,1776199456000
1776199458.634,258.634,0.95,54.7,0.94,46.1,0.98,72.39,0.99,5497.6,0.02,72.39,0.01,5497.6,0.05,54.7,0.06,46.1,0.03,0.03,0.092762,1776199457000
1776199459.572,259.572,0.95,54.7,0.94,46.1,0.98,72.39,0.99,5497.6,0.02,72.39,0.01,5497.6,0.05,54.7,0.06,46.1,0.03,0.03,0.092723,1776199458000
1776199460.293,260.293,0.95,54.7,0.94,46.1,0.98,72.39,0.99,5497.6,0.02,72.39,0.01,5497.6,0.05,54.7,0.06,46.1,0.03,0.03,0.092713,1776199459000
1776199461.021,261.021,0.96,25.83,0.82,17.6,0.97,84.3,0.98,152.69,0.03,84.3,0.02,152.69,0.04,25.83,0.18,17.6,0.01,0.01,0.092712,1776199460000
1776199461.901,261.901,0.79,10.55,0.78,15.2,0.91,74.17,0.96,67.7,0.09,24.17,0.03,84.3,0.21,15.7,0.22,15.2,0.12,0.12,0.092712,1776199460000
1776199462.428,262.428,0.79,10.55,0.78,15.2,0.91,74.17,0.96,67.7,0.09,74.17,0.04,67.7,0.21,10.55,0.22,15.2,0.12,0.12,0.092708,1776199461000
1776199463.093,263.093,0.79,10.55,0.78,15.2,0.8,3.75,0.91,74.17,0.09,74.17,0.04,67.7,0.21,10.55,0.22,15.2,0.01,0.12,0.092708,1776199461000
1776199463.687,263.687,0.79,10.55,0.78,15.2,0.91,67.57,0.93,39.9,0.2,3.75,0.09,74.17,0.21,10.55,0.22,15.2,0.12,0.01,0.092701,1776199462000
1776199463.979,263.979,0.78,5.95,0.77,14.7,0.91,67.57,0.93,39.9,0.09,67.57,0.07,39.9,0.21,10.55,0.22,15.2,0.13,0.12,0.092701,1776199462000
1776199464.493,264.493,0.78,5.95,0.77,14.7,0.91,67.57,0.93,39.9,0.09,67.57,0.07,39.9,0.22,5.95,0.23,14.7,0.13,0.13,0.092699,1776199463000
1776199464.934,264.934,0.79,15.7,0.78,5.95,0.91,60.97,0.92,35.29,0.09,67.57,0.07,39.9,0.22,5.95,0.23,14.7,0.12,0.13,0.092699,1776199463000
1776199465.156,265.156,0.79,15.7,0.78,5.95,0.91,60.97,0.92,35.29,0.09,60.97,0.08,35.29,0.21,15.7,0.22,5.95,0.12,0.12,0.092699,1776199464000
1776199466.419,266.419,0.79,15.7,0.78,5.95,0.91,60.97,0.92,35.29,0.09,60.97,0.08,35.29,0.21,15.7,0.22,5.95,0.12,0.12,0.092699,1776199465000
1776199467.022,267.022,0.79,15.7,0.78,5.95,0.91,60.97,0.92,35.29,0.09,60.97,0.08,35.29,0.21,15.7,0.22,5.95,0.12,0.12,0.092702,1776199466000
1776199468.636,268.636,0.79,15.7,0.78,5.95,0.91,60.97,0.92,35.29,0.09,60.97,0.08,35.29,0.21,15.7,0.22,5.95,0.12,0.12,0.092704,1776199467000
1776199469.281,269.281,0.79,15.7,0.78,5.95,0.91,60.97,0.92,35.29,0.09,60.97,0.08,35.29,0.21,15.7,0.22,5.95,0.12,0.12,0.092705,1776199468000
1776199470.856,270.856,0.79,15.7,0.78,5.95,0.91,60.97,0.92,35.29,0.09,60.97,0.08,35.29,0.21,15.7,0.22,5.95,0.12,0.12,0.092707,1776199469000
1776199471.327,271.327,0.79,15.7,0.78,5.95,0.91,60.97,0.92,35.29,0.09,60.97,0.08,35.29,0.21,15.7,0.22,5.95,0.12,0.12,0.092704,1776199470000
1776199472.322,272.322,0.79,15.7,0.78,5.95,0.91,60.97,0.92,35.29,0.09,60.97,0.08,35.29,0.21,15.7,0.22,5.95,0.12,0.12,0.092708,1776199471000
1776199473.393,273.393,0.79,15.7,0.78,5.95,0.91,60.97,0.92,35.29,0.09,60.97,0.08,35.29,0.21,15.7,0.22,5.95,0.12,0.12,0.092708,1776199472000
1776199473.93,273.93,0.79,15.7,0.78,5.95,0.91,60.97,0.92,35.29,0.09,60.97,0.08,35.29,0.21,15.7,0.22,5.95,0.12,0.12,0.092708,1776199473000
1776199474.972,274.972,0.79,15.7,0.78,5.95,0.91,60.97,0.92,35.29,0.09,60.97,0.08,35.29,0.21,15.7,0.22,5.95,0.12,0.12,0.092708,1776199474000
1776199475.983,275.983,0.79,15.7,0.78,5.95,0.91,60.97,0.92,35.29,0.09,60.97,0.08,35.29,0.21,15.7,0.22,5.95,0.12,0.12,0.092708,1776199475000
1776199477.03,277.03,0.79,15.7,0.78,5.95,0.91,60.97,0.92,35.29,0.09,60.97,0.08,35.29,0.21,15.7,0.22,5.95,0.12,0.12,0.092705,1776199476000
1776199478.117,278.117,0.79,15.7,0.78,5.95,0.91,60.97,0.92,35.29,0.09,60.97,0.08,35.29,0.21,15.7,0.22,5.95,0.12,0.12,0.092705,1776199477000
1776199479.189,279.189,0.79,15.7,0.78,5.95,0.91,60.97,0.92,35.29,0.09,60.97,0.08,35.29,0.21,15.7,0.22,5.95,0.12,0.12,0.092709,1776199478000
1776199480.214,280.214,0.79,15.7,0.78,5.95,0.91,60.97,0.92,35.29,0.09,60.97,0.08,35.29,0.21,15.7,0.22,5.95,0.12,0.12,0.092711,1776199479000
1776199481.192,281.192,0.79,15.7,0.78,5.95,0.91,60.97,0.92,35.29,0.09,60.97,0.08,35.29,0.21,15.7,0.22,5.95,0.12,0.12,0.092704,1776199480000
1776199482.239,282.239,0.79,15.7,0.78,5.95,0.91,60.97,0.92,35.29,0.09,60.97,0.08,35.29,0.21,15.7,0.22,5.95,0.12,0.12,0.092702,1776199481000
1776199483.234,283.234,0.71,74.0,0.61,50.0,0.91,7.67,0.98,20.0,0.09,7.67,0.02,20.0,0.29,74.0,0.39,50.0,0.2,0.2,0.092703,1776199482000
1776199484.276,284.276,0.81,75.0,0.71,50.0,0.91,1.07,0.98,20.0,0.09,7.67,0.02,20.0,0.29,74.0,0.39,50.0,0.1,0.2,0.092703,1776199482000
1776199485.813,285.813,0.81,75.0,0.71,50.0,0.91,1.07,0.98,20.0,0.09,1.07,0.02,20.0,0.19,75.0,0.29,50.0,0.1,0.1,0.092706,1776199484000
1776199486.118,286.118,0.81,75.0,0.71,50.0,0.98,20.0,0.99,5230.0,0.09,1.07,0.02,20.0,0.19,75.0,0.29,50.0,0.17,0.1,0.092706,1776199484000
1776199486.388,286.388,0.81,75.0,0.71,50.0,0.98,20.0,0.99,5230.0,0.02,20.0,0.01,5230.0,0.19,75.0,0.29,50.0,0.17,0.17,0.092708,1776199485000
1776199487.007,287.007,0.81,75.0,0.71,50.0,0.98,20.0,0.99,5230.0,0.02,20.0,0.01,5230.0,0.19,75.0,0.29,50.0,0.17,0.17,0.092705,1776199486000
1776199488.196,288.196,0.81,75.0,0.71,50.0,0.98,20.0,0.99,5230.0,0.02,20.0,0.01,5230.0,0.19,75.0,0.29,50.0,0.17,0.17,0.092704,1776199487000
1776199489.286,289.286,0.86,12.0,0.81,50.0,0.99,5223.93,,,0.01,5223.93,,,0.14,12.0,0.19,50.0,0.13,0.13,0.092708,1776199488000
1776199490.288,290.288,0.86,12.0,0.81,50.0,0.99,5223.93,,,0.01,5223.93,,,0.14,12.0,0.19,50.0,0.13,0.13,0.092708,1776199489000
1776199491.31,291.31,0.86,12.0,0.81,50.0,0.99,5223.93,,,0.01,5223.93,,,0.14,12.0,0.19,50.0,0.13,0.13,0.092708,1776199490000
1776199491.821,291.821,0.81,50.0,0.71,50.0,0.99,144.77,,,0.01,5223.93,,,0.14,12.0,0.19,50.0,0.18,0.13,0.092708,1776199490000
1776199492.475,292.475,0.81,50.0,0.71,50.0,0.99,144.77,,,0.01,144.77,,,0.19,50.0,0.29,50.0,0.18,0.18,0.092705,1776199491000
1776199493.088,293.088,0.81,50.0,0.71,50.0,0.99,144.77,,,0.01,144.77,,,0.19,50.0,0.29,50.0,0.18,0.18,0.092705,1776199492000
1776199494.312,294.312,0.81,50.0,0.71,50.0,0.99,144.77,,,0.01,144.77,,,0.19,50.0,0.29,50.0,0.18,0.18,0.092702,1776199493000
1776199494.675,294.675,0.81,50.0,0.71,50.0,0.99,35.83,,,0.01,43.75,,,0.19,50.0,0.29,50.0,0.18,0.18,0.092702,1776199493000
1776199495.536,295.536,0.81,50.0,0.71,50.0,0.99,35.83,,,0.01,35.83,,,0.19,50.0,0.29,50.0,0.18,0.18,0.092705,1776199494000
1776199495.819,295.819,0.81,50.0,0.71,50.0,0.99,10.83,,,0.01,35.83,,,0.19,50.0,0.29,50.0,0.18,0.18,0.092705,1776199494000
1776199496.118,296.118,0.81,50.0,0.71,50.0,0.99,10.83,,,0.01,10.83,,,0.19,50.0,0.29,50.0,0.18,0.18,0.092705,1776199495000
1776199496.83,296.83,0.99,1001.0,0.81,50.0,,,,,0.01,10.83,,,0.19,50.0,0.29,50.0,,0.18,0.092705,1776199495000
1776199497.343,297.343,0.99,1001.0,0.81,50.0,,,,,,,,,0.01,1001.0,0.19,50.0,,,0.092704,1776199496000
1776199498.398,298.398,0.99,1001.0,0.81,50.0,,,,,,,,,0.01,1001.0,0.19,50.0,,,0.092706,1776199497000
1776199499.093,299.093,0.99,1001.0,0.81,50.0,,,,,,,,,0.01,1001.0,0.19,50.0,,,0.092707,1776199498000
1776199500.193,300.193,0.99,1001.0,0.81,50.0,,,,,,,,,0.01,1001.0,0.19,50.0,,,0.092715,1776199499000

# RESULT,winner=Up,slug=doge-updown-5m-1776199200,ticks=324
