timestamp,elapsed_sec,up_bid_p1,up_bid_s1,up_bid_p2,up_bid_s2,up_ask_p1,up_ask_s1,up_ask_p2,up_ask_s2,down_bid_p1,down_bid_s1,down_bid_p2,down_bid_s2,down_ask_p1,down_ask_s1,down_ask_p2,down_ask_s2,up_spread,down_spread,doge_price,doge_oracle_ts
1776216911.361,11.361,0.51,12.0,0.5,5.0,0.6,5.0,0.61,15.0,0.4,5.0,0.39,15.0,0.49,12.0,0.5,5.0,0.09,0.09,0.093341,1776216909000
1776216911.662,11.662,0.51,12.0,0.5,5.0,0.6,5.0,0.61,15.0,0.4,5.0,0.39,15.0,0.49,12.0,0.5,5.0,0.09,0.09,0.093341,1776216909000
1776216911.925,11.925,0.51,12.0,0.5,5.0,0.6,5.0,0.61,15.0,0.4,5.0,0.39,15.0,0.49,12.0,0.5,5.0,0.09,0.09,0.093341,1776216910000
1776216912.617,12.617,0.51,12.0,0.5,5.0,0.6,5.0,0.61,15.0,0.4,5.0,0.39,15.0,0.49,12.0,0.5,5.0,0.09,0.09,0.093352,1776216911000
1776216913.313,13.313,0.51,12.0,0.5,5.0,0.6,5.0,0.61,15.0,0.4,5.0,0.39,15.0,0.49,12.0,0.5,5.0,0.09,0.09,0.093352,1776216912000
1776216913.953,13.953,0.51,12.0,0.5,5.0,0.6,5.0,0.61,15.0,0.4,5.0,0.39,15.0,0.49,12.0,0.5,5.0,0.09,0.09,0.093352,1776216913000
1776216915.391,15.391,0.51,12.0,0.5,5.0,0.6,5.0,0.61,15.0,0.4,5.0,0.39,15.0,0.49,12.0,0.5,5.0,0.09,0.09,0.093352,1776216914000
1776216916.041,16.041,0.5,2.98,0.49,5.0,0.59,10.0,0.6,5.0,0.4,5.0,0.39,15.0,0.49,12.0,0.5,5.0,0.09,0.09,0.093352,1776216914000
1776216917.551,17.551,0.5,2.98,0.49,5.0,0.59,10.0,0.6,5.0,0.41,10.0,0.4,5.0,0.5,2.98,0.51,5.0,0.09,0.09,0.093352,1776216916000
1776216918.348,18.348,0.5,2.98,0.49,5.0,0.59,10.0,0.6,5.0,0.41,10.0,0.4,5.0,0.5,2.98,0.51,5.0,0.09,0.09,0.093352,1776216917000
1776216919.724,19.724,0.5,2.98,0.49,5.0,0.59,10.0,0.6,5.0,0.41,10.0,0.4,5.0,0.5,2.98,0.51,5.0,0.09,0.09,0.093353,1776216918000
1776216920.374,20.374,0.5,2.98,0.49,5.0,0.59,10.0,0.6,5.0,0.41,10.0,0.4,5.0,0.5,2.98,0.51,5.0,0.09,0.09,0.093353,1776216919000
1776216921.185,21.185,0.5,2.98,0.49,5.0,0.59,10.0,0.6,5.0,0.41,10.0,0.4,5.0,0.5,2.98,0.51,5.0,0.09,0.09,0.093353,1776216920000
1776216922.514,22.514,0.5,2.98,0.49,5.0,0.59,10.0,0.6,5.0,0.41,10.0,0.4,5.0,0.5,2.98,0.51,5.0,0.09,0.09,0.093354,1776216921000
1776216923.365,23.365,0.5,2.98,0.49,5.0,0.59,10.0,0.6,5.0,0.41,10.0,0.4,5.0,0.5,2.98,0.51,5.0,0.09,0.09,0.093354,1776216922000
1776216924.702,24.702,0.5,2.98,0.49,5.0,0.59,10.0,0.6,5.0,0.41,10.0,0.4,5.0,0.5,2.98,0.51,5.0,0.09,0.09,0.093354,1776216923000
1776216925.307,25.307,0.5,2.98,0.49,5.0,0.59,10.0,0.6,5.0,0.41,10.0,0.4,5.0,0.5,2.98,0.51,5.0,0.09,0.09,0.093354,1776216924000
1776216926.245,26.245,0.5,2.98,0.49,5.0,0.59,10.0,0.6,5.0,0.41,10.0,0.4,5.0,0.5,2.98,0.51,5.0,0.09,0.09,0.093353,1776216925000
1776216927.355,27.355,0.5,2.98,0.49,5.0,0.59,10.0,0.6,5.0,0.41,10.0,0.4,5.0,0.5,2.98,0.51,5.0,0.09,0.09,0.093352,1776216926000
1776216927.932,27.932,0.5,2.98,0.49,5.0,0.59,10.0,0.6,5.0,0.41,10.0,0.4,5.0,0.5,2.98,0.51,5.0,0.09,0.09,0.093352,1776216927000
1776216928.137,28.137,0.44,4.69,0.41,10.0,0.45,13.0,0.46,5.0,0.41,10.0,0.4,5.0,0.5,2.98,0.51,5.0,0.01,0.09,0.093352,1776216927000
1776216929.286,29.286,0.41,10.0,0.38,10.0,0.45,13.0,0.46,5.0,0.55,13.0,0.54,5.0,0.59,10.0,0.62,10.0,0.04,0.04,0.093351,1776216928000
1776216929.524,29.524,0.38,10.0,0.35,10.0,0.42,33.0,0.43,10.0,0.58,23.0,0.55,23.0,0.59,5.0,0.62,10.0,0.04,0.01,0.093351,1776216928000
1776216929.727,29.727,0.38,15.0,0.35,10.0,0.39,5.0,0.41,10.0,0.58,33.0,0.57,10.0,0.62,10.0,0.65,10.0,0.01,0.04,0.093351,1776216928000
1776216930.64,30.64,0.38,15.0,0.35,10.0,0.39,5.0,0.41,10.0,0.61,5.0,0.59,10.0,0.62,15.0,0.65,10.0,0.01,0.01,0.09332,1776216929000
1776216931.261,31.261,0.38,15.0,0.35,10.0,0.39,5.0,0.41,10.0,0.61,5.0,0.59,10.0,0.62,15.0,0.65,10.0,0.01,0.01,0.093302,1776216930000
1776216932.581,32.581,0.38,15.0,0.35,10.0,0.39,5.0,0.41,10.0,0.61,5.0,0.59,10.0,0.62,15.0,0.65,10.0,0.01,0.01,0.093296,1776216931000
1776216933.215,33.215,0.26,17.0,0.23,13.0,0.37,16.0,0.38,5.0,0.63,16.0,0.62,5.0,0.74,17.0,0.77,13.0,0.11,0.11,0.093292,1776216932000
1776216934.477,34.477,0.26,17.0,0.23,13.0,0.37,16.0,0.38,5.0,0.63,16.0,0.62,5.0,0.74,17.0,0.77,13.0,0.11,0.11,0.093293,1776216933000
1776216935.071,35.071,0.26,17.0,0.23,13.0,0.37,16.0,0.38,5.0,0.63,16.0,0.62,5.0,0.74,17.0,0.77,13.0,0.11,0.11,0.093292,1776216934000
1776216936.411,36.411,0.26,17.0,0.23,13.0,0.37,16.0,0.38,5.0,0.63,16.0,0.62,5.0,0.74,17.0,0.77,13.0,0.11,0.11,0.093293,1776216935000
1776216937.114,37.114,0.26,17.0,0.23,13.0,0.37,16.0,0.38,5.0,0.63,16.0,0.62,5.0,0.74,17.0,0.77,13.0,0.11,0.11,0.093292,1776216936000
1776216938.441,38.441,0.26,17.0,0.23,13.0,0.37,16.0,0.38,5.0,0.63,16.0,0.62,5.0,0.74,17.0,0.77,13.0,0.11,0.11,0.093281,1776216937000
1776216939.095,39.095,0.26,17.0,0.23,13.0,0.37,16.0,0.38,5.0,0.63,16.0,0.62,5.0,0.74,17.0,0.77,13.0,0.11,0.11,0.093267,1776216938000
1776216940.49,40.49,0.26,17.0,0.23,13.0,0.37,16.0,0.38,5.0,0.63,16.0,0.62,5.0,0.74,17.0,0.77,13.0,0.11,0.11,0.093252,1776216939000
1776216941.173,41.173,0.26,17.0,0.23,13.0,0.37,16.0,0.38,5.0,0.63,16.0,0.62,5.0,0.74,17.0,0.77,13.0,0.11,0.11,0.093248,1776216940000
1776216942.555,42.555,0.26,17.0,0.23,13.0,0.37,16.0,0.38,5.0,0.63,16.0,0.62,5.0,0.74,17.0,0.77,13.0,0.11,0.11,0.093249,1776216941000
1776216943.228,43.228,0.26,17.0,0.23,13.0,0.37,16.0,0.38,5.0,0.63,16.0,0.62,5.0,0.74,17.0,0.77,13.0,0.11,0.11,0.093251,1776216942000
1776216944.328,44.328,0.26,17.0,0.23,13.0,0.37,16.0,0.38,5.0,0.63,16.0,0.62,5.0,0.74,17.0,0.77,13.0,0.11,0.11,0.093262,1776216943000
1776216944.949,44.949,0.26,17.0,0.23,13.0,0.37,16.0,0.38,5.0,0.63,16.0,0.62,5.0,0.74,17.0,0.77,13.0,0.11,0.11,0.093265,1776216944000
1776216945.88,45.88,0.26,17.0,0.23,13.0,0.37,16.0,0.38,5.0,0.63,16.0,0.62,5.0,0.74,17.0,0.77,13.0,0.11,0.11,0.093257,1776216945000
1776216946.941,46.941,0.26,17.0,0.23,13.0,0.37,16.0,0.38,5.0,0.63,16.0,0.62,5.0,0.74,17.0,0.77,13.0,0.11,0.11,0.093249,1776216946000
1776216948.007,48.007,0.26,17.0,0.23,13.0,0.37,16.0,0.38,5.0,0.63,16.0,0.62,5.0,0.74,17.0,0.77,13.0,0.11,0.11,0.093245,1776216947000
1776216949.112,49.112,0.26,17.0,0.23,13.0,0.37,16.0,0.38,5.0,0.63,16.0,0.62,5.0,0.74,17.0,0.77,13.0,0.11,0.11,0.093242,1776216948000
1776216950.084,50.084,0.26,17.0,0.23,13.0,0.37,16.0,0.38,5.0,0.63,16.0,0.62,5.0,0.74,17.0,0.77,13.0,0.11,0.11,0.093243,1776216949000
1776216951.199,51.199,0.26,17.0,0.23,13.0,0.37,16.0,0.38,5.0,0.63,16.0,0.62,5.0,0.74,17.0,0.77,13.0,0.11,0.11,0.093243,1776216950000
1776216952.268,52.268,0.26,17.0,0.23,13.0,0.37,16.0,0.38,5.0,0.63,16.0,0.62,5.0,0.74,17.0,0.77,13.0,0.11,0.11,0.093243,1776216951000
1776216953.371,53.371,0.26,17.0,0.23,13.0,0.37,16.0,0.38,5.0,0.63,16.0,0.62,5.0,0.74,17.0,0.77,13.0,0.11,0.11,0.093243,1776216952000
1776216954.354,54.354,0.26,17.0,0.23,13.0,0.37,16.0,0.38,5.0,0.63,16.0,0.62,5.0,0.74,17.0,0.77,13.0,0.11,0.11,0.093242,1776216953000
1776216954.88,54.88,0.26,17.0,0.23,13.0,0.37,16.0,0.38,5.0,0.63,16.0,0.62,5.0,0.74,17.0,0.77,13.0,0.11,0.11,0.093242,1776216954000
1776216955.929,55.929,0.26,17.0,0.23,13.0,0.37,16.0,0.38,5.0,0.63,16.0,0.62,5.0,0.74,17.0,0.77,13.0,0.11,0.11,0.093243,1776216955000
1776216956.527,56.527,0.18,17.6,0.17,18.39,0.19,8.0,0.21,9.0,0.63,16.0,0.62,5.0,0.74,17.0,0.77,13.0,0.01,0.11,0.093243,1776216955000
1776216956.97,56.97,0.18,17.6,0.17,18.39,0.19,8.0,0.21,9.0,0.81,8.0,0.79,9.0,0.82,17.6,0.83,18.39,0.01,0.01,0.093243,1776216956000
1776216958.309,58.309,0.18,17.6,0.17,18.39,0.19,8.0,0.21,9.0,0.81,8.0,0.79,9.0,0.82,17.6,0.83,18.39,0.01,0.01,0.093247,1776216957000
1776216959.4,59.4,0.18,17.6,0.17,18.39,0.19,8.0,0.21,9.0,0.81,8.0,0.79,9.0,0.82,17.6,0.83,18.39,0.01,0.01,0.093252,1776216958000
1776216960.046,60.046,0.18,17.6,0.17,18.39,0.19,8.0,0.21,9.0,0.81,8.0,0.79,9.0,0.82,17.6,0.83,18.39,0.01,0.01,0.093252,1776216959000
1776216960.771,60.771,0.18,16.26,0.17,18.39,0.27,10.0,0.29,11.0,0.81,8.0,0.79,9.0,0.82,17.6,0.83,18.39,0.09,0.01,0.093252,1776216959000
1776216961.1,61.1,0.18,16.26,0.17,18.39,0.27,10.0,0.29,11.0,0.73,10.0,0.71,11.0,0.82,16.26,0.83,18.39,0.09,0.09,0.093255,1776216960000
1776216962.284,62.284,0.18,16.26,0.17,18.39,0.27,10.0,0.29,11.0,0.73,10.0,0.71,11.0,0.82,16.26,0.83,18.39,0.09,0.09,0.093256,1776216961000
1776216963.41,63.41,0.18,16.26,0.17,18.39,0.27,10.0,0.29,11.0,0.73,10.0,0.71,11.0,0.82,16.26,0.83,18.39,0.09,0.09,0.093267,1776216962000
1776216964.021,64.021,0.18,16.26,0.17,18.39,0.27,10.0,0.29,11.0,0.73,10.0,0.71,11.0,0.82,16.26,0.83,18.39,0.09,0.09,0.093267,1776216963000
1776216965.272,65.272,0.18,16.26,0.17,18.39,0.27,10.0,0.29,11.0,0.73,10.0,0.71,11.0,0.82,16.26,0.83,18.39,0.09,0.09,0.09326,1776216964000
1776216966.306,66.306,0.18,16.26,0.17,18.39,0.27,10.0,0.29,11.0,0.73,10.0,0.71,11.0,0.82,16.26,0.83,18.39,0.09,0.09,0.093254,1776216965000
1776216966.966,66.966,0.18,16.26,0.17,18.39,0.27,10.0,0.29,11.0,0.73,10.0,0.71,11.0,0.82,16.26,0.83,18.39,0.09,0.09,0.093254,1776216966000
1776216968.071,68.071,0.18,16.26,0.17,18.39,0.27,10.0,0.29,11.0,0.73,10.0,0.71,11.0,0.82,16.26,0.83,18.39,0.09,0.09,0.09326,1776216967000
1776216969.234,69.234,0.18,16.26,0.17,18.39,0.27,10.0,0.29,11.0,0.73,10.0,0.71,11.0,0.82,16.26,0.83,18.39,0.09,0.09,0.093263,1776216968000
1776216970.361,70.361,0.18,16.26,0.17,18.39,0.27,10.0,0.29,11.0,0.73,10.0,0.71,11.0,0.82,16.26,0.83,18.39,0.09,0.09,0.093263,1776216969000
1776216971.158,71.158,0.18,16.26,0.17,18.39,0.27,10.0,0.29,11.0,0.73,10.0,0.71,11.0,0.82,16.26,0.83,18.39,0.09,0.09,0.093259,1776216970000
1776216972.151,72.151,0.18,16.26,0.17,18.39,0.27,10.0,0.29,11.0,0.73,10.0,0.71,11.0,0.82,16.26,0.83,18.39,0.09,0.09,0.093254,1776216971000
1776216973.172,73.172,0.18,16.26,0.17,18.39,0.27,10.0,0.29,11.0,0.73,10.0,0.71,11.0,0.82,16.26,0.83,18.39,0.09,0.09,0.093254,1776216972000
1776216974.211,74.211,0.18,16.26,0.17,18.39,0.27,10.0,0.29,11.0,0.73,10.0,0.71,11.0,0.82,16.26,0.83,18.39,0.09,0.09,0.09325,1776216973000
1776216975.228,75.228,0.18,16.26,0.17,18.39,0.27,10.0,0.29,11.0,0.73,10.0,0.71,11.0,0.82,16.26,0.83,18.39,0.09,0.09,0.09325,1776216974000
1776216976.936,76.936,0.18,16.26,0.17,18.39,0.27,10.0,0.29,11.0,0.73,10.0,0.71,11.0,0.82,16.26,0.83,18.39,0.09,0.09,0.093256,1776216976000
1776216977.97,77.97,0.18,1.0,0.15,38.39,0.19,5.0,0.2,5.0,0.73,10.0,0.71,11.0,0.82,16.26,0.83,18.39,0.01,0.09,0.093256,1776216976000
1776216978.259,78.259,0.15,38.39,0.14,21.6,0.19,30.0,0.2,5.0,0.81,5.0,0.8,5.0,0.82,1.0,0.85,38.39,0.04,0.01,0.093257,1776216977000
1776216979.132,79.132,0.15,38.39,0.14,21.6,0.19,30.0,0.2,5.0,0.81,30.0,0.8,5.0,0.85,38.39,0.86,21.6,0.04,0.04,0.093253,1776216978000
1776216980.169,80.169,0.15,38.39,0.14,21.6,0.19,30.0,0.2,5.0,0.81,30.0,0.8,5.0,0.85,38.39,0.86,21.6,0.04,0.04,0.09324,1776216979000
1776216981.137,81.137,0.15,38.39,0.14,21.6,0.19,30.0,0.2,5.0,0.81,30.0,0.8,5.0,0.85,38.39,0.86,21.6,0.04,0.04,0.093239,1776216980000
1776216982.153,82.153,0.15,38.39,0.14,21.6,0.19,30.0,0.2,5.0,0.81,30.0,0.8,5.0,0.85,38.39,0.86,21.6,0.04,0.04,0.093238,1776216981000
1776216983.105,83.105,0.15,38.39,0.14,21.6,0.19,30.0,0.2,5.0,0.81,30.0,0.8,5.0,0.85,38.39,0.86,21.6,0.04,0.04,0.09324,1776216982000
1776216984.048,84.048,0.15,38.39,0.14,21.6,0.19,30.0,0.2,5.0,0.81,30.0,0.8,5.0,0.85,38.39,0.86,21.6,0.04,0.04,0.093239,1776216983000
1776216985.091,85.091,0.15,38.39,0.14,21.6,0.19,30.0,0.2,5.0,0.81,30.0,0.8,5.0,0.85,38.39,0.86,21.6,0.04,0.04,0.09323,1776216984000
1776216986.156,86.156,0.15,38.39,0.14,21.6,0.19,30.0,0.2,5.0,0.81,30.0,0.8,5.0,0.85,38.39,0.86,21.6,0.04,0.04,0.093227,1776216985000
1776216987.334,87.334,0.15,38.39,0.14,21.6,0.19,30.0,0.2,5.0,0.81,30.0,0.8,5.0,0.85,38.39,0.86,21.6,0.04,0.04,0.093225,1776216986000
1776216987.88,87.88,0.15,38.39,0.14,21.6,0.19,30.0,0.2,5.0,0.81,30.0,0.8,5.0,0.85,38.39,0.86,21.6,0.04,0.04,0.093223,1776216987000
1776216989.248,89.248,0.15,38.39,0.14,21.6,0.19,30.0,0.2,5.0,0.81,30.0,0.8,5.0,0.85,38.39,0.86,21.6,0.04,0.04,0.093214,1776216988000
1776216990.469,90.469,0.15,38.39,0.14,21.6,0.19,30.0,0.2,5.0,0.81,30.0,0.8,5.0,0.85,38.39,0.86,21.6,0.04,0.04,0.093209,1776216989000
1776216991.051,91.051,0.15,38.39,0.14,21.6,0.19,30.0,0.2,5.0,0.81,30.0,0.8,5.0,0.85,38.39,0.86,21.6,0.04,0.04,0.093208,1776216990000
1776216992.192,92.192,0.15,38.39,0.14,21.6,0.19,30.0,0.2,5.0,0.81,30.0,0.8,5.0,0.85,38.39,0.86,21.6,0.04,0.04,0.093207,1776216991000
1776216993.5,93.5,0.15,38.39,0.14,21.6,0.19,30.0,0.2,5.0,0.81,30.0,0.8,5.0,0.85,38.39,0.86,21.6,0.04,0.04,0.093204,1776216992000
1776216994.11,94.11,0.15,38.39,0.14,21.6,0.19,30.0,0.2,5.0,0.81,30.0,0.8,5.0,0.85,38.39,0.86,21.6,0.04,0.04,0.093204,1776216993000
1776216994.667,94.667,0.09,31.7,0.08,65.29,0.16,4.68,0.17,44.39,0.81,30.0,0.8,5.0,0.85,38.39,0.86,21.6,0.07,0.04,0.093204,1776216993000
1776216995.273,95.273,0.09,31.7,0.08,65.29,0.16,4.68,0.17,44.39,0.84,4.68,0.83,44.39,0.91,31.7,0.92,65.29,0.07,0.07,0.093206,1776216994000
1776216996.435,96.435,0.09,31.7,0.08,65.29,0.16,4.68,0.17,44.39,0.84,4.68,0.83,44.39,0.91,31.7,0.92,65.29,0.07,0.07,0.093207,1776216995000
1776216997.166,97.166,0.09,31.7,0.08,65.29,0.16,4.68,0.17,44.39,0.84,4.68,0.83,44.39,0.91,31.7,0.92,65.29,0.07,0.07,0.093207,1776216996000
1776216998.237,98.237,0.09,31.7,0.08,65.29,0.16,4.68,0.17,44.39,0.84,4.68,0.83,44.39,0.91,31.7,0.92,65.29,0.07,0.07,0.093207,1776216997000
1776216999.371,99.371,0.09,31.7,0.08,65.29,0.16,4.68,0.17,44.39,0.84,4.68,0.83,44.39,0.91,31.7,0.92,65.29,0.07,0.07,0.093198,1776216998000
1776216999.928,99.928,0.09,31.7,0.08,65.29,0.16,4.68,0.17,44.39,0.84,4.68,0.83,44.39,0.91,31.7,0.92,65.29,0.07,0.07,0.093198,1776216999000
1776217001.474,101.474,0.09,31.7,0.08,65.29,0.16,4.68,0.17,44.39,0.84,4.68,0.83,44.39,0.91,31.7,0.92,65.29,0.07,0.07,0.093213,1776217000000
1776217002.275,102.275,0.09,31.7,0.08,65.29,0.16,4.68,0.17,44.39,0.84,4.68,0.83,44.39,0.91,31.7,0.92,65.29,0.07,0.07,0.093214,1776217001000
1776217003.437,103.437,0.09,31.7,0.08,65.29,0.16,4.68,0.17,44.39,0.84,4.68,0.83,44.39,0.91,31.7,0.92,65.29,0.07,0.07,0.093213,1776217002000
1776217004.107,104.107,0.09,31.7,0.08,65.29,0.16,4.68,0.17,44.39,0.84,4.68,0.83,44.39,0.91,31.7,0.92,65.29,0.07,0.07,0.093213,1776217003000
1776217005.352,105.352,0.09,31.7,0.08,65.29,0.16,4.68,0.17,44.39,0.84,4.68,0.83,44.39,0.91,31.7,0.92,65.29,0.07,0.07,0.093213,1776217004000
1776217006.128,106.128,0.11,26.6,0.1,33.9,0.14,25.0,0.15,5.0,0.86,25.0,0.85,5.0,0.89,26.6,0.9,33.9,0.03,0.03,0.093213,1776217005000
1776217007.302,107.302,0.11,26.6,0.1,33.9,0.14,25.0,0.15,5.0,0.86,25.0,0.85,5.0,0.89,26.6,0.9,33.9,0.03,0.03,0.093224,1776217006000
1776217007.576,107.576,0.11,11.46,0.1,33.9,0.14,25.0,0.15,5.0,0.86,25.0,0.85,5.0,0.89,26.6,0.9,33.9,0.03,0.03,0.093224,1776217006000
1776217008.537,108.537,0.11,11.46,0.1,33.9,0.14,25.0,0.15,5.0,0.86,25.0,0.85,5.0,0.89,11.46,0.9,33.9,0.03,0.03,0.093225,1776217007000
1776217009.696,109.696,0.11,11.46,0.1,33.9,0.14,25.0,0.15,5.0,0.86,25.0,0.85,5.0,0.89,11.46,0.9,33.9,0.03,0.03,0.093225,1776217008000
1776217010.403,110.403,0.11,11.46,0.1,33.9,0.14,25.0,0.15,5.0,0.86,25.0,0.85,5.0,0.89,11.46,0.9,33.9,0.03,0.03,0.093225,1776217009000
1776217011.072,111.072,0.11,26.6,0.1,33.9,0.14,25.0,0.15,5.0,0.86,25.0,0.85,5.0,0.89,26.6,0.9,33.9,0.03,0.03,0.093224,1776217010000
1776217012.523,112.523,0.11,26.6,0.1,33.9,0.14,25.0,0.15,5.0,0.86,25.0,0.85,5.0,0.89,26.6,0.9,33.9,0.03,0.03,0.093226,1776217011000
1776217013.17,113.17,0.11,26.6,0.1,33.9,0.14,25.0,0.15,5.0,0.86,25.0,0.85,5.0,0.89,26.6,0.9,33.9,0.03,0.03,0.093226,1776217012000
1776217014.476,114.476,0.11,26.6,0.1,33.9,0.14,25.0,0.15,5.0,0.86,25.0,0.85,5.0,0.89,26.6,0.9,33.9,0.03,0.03,0.093224,1776217013000
1776217015.056,115.056,0.11,26.6,0.1,33.9,0.14,25.0,0.15,5.0,0.86,25.0,0.85,5.0,0.89,26.6,0.9,33.9,0.03,0.03,0.093229,1776217014000
1776217016.667,116.667,0.11,26.6,0.1,33.9,0.14,25.0,0.15,5.0,0.86,25.0,0.85,5.0,0.89,26.6,0.9,33.9,0.03,0.03,0.093234,1776217015000
1776217017.215,117.215,0.11,26.6,0.1,33.9,0.14,25.0,0.15,5.0,0.86,25.0,0.85,5.0,0.89,26.6,0.9,33.9,0.03,0.03,0.093234,1776217016000
1776217018.486,118.486,0.11,26.6,0.1,33.9,0.14,25.0,0.15,5.0,0.86,25.0,0.85,5.0,0.89,26.6,0.9,33.9,0.03,0.03,0.093233,1776217017000
1776217019.108,119.108,0.11,26.6,0.1,33.9,0.14,25.0,0.15,5.0,0.86,25.0,0.85,5.0,0.89,26.6,0.9,33.9,0.03,0.03,0.093232,1776217018000
1776217020.573,120.573,0.1,32.78,0.09,31.7,0.14,25.0,0.15,5.0,0.86,25.0,0.85,5.0,0.89,26.6,0.9,33.9,0.04,0.03,0.093232,1776217018000
1776217020.812,120.812,0.1,32.78,0.09,31.7,0.14,25.0,0.15,5.0,0.86,25.0,0.85,5.0,0.9,32.78,0.91,31.7,0.04,0.04,0.093236,1776217019000
1776217021.415,121.415,0.1,32.78,0.09,31.7,0.14,25.0,0.15,5.0,0.86,25.0,0.85,5.0,0.9,32.78,0.91,31.7,0.04,0.04,0.093237,1776217020000
1776217022.298,122.298,0.1,32.78,0.09,31.7,0.14,25.0,0.15,5.0,0.86,25.0,0.85,5.0,0.9,32.78,0.91,31.7,0.04,0.04,0.093237,1776217021000
1776217023.511,123.511,0.1,32.78,0.09,31.7,0.14,25.0,0.15,5.0,0.86,25.0,0.85,5.0,0.9,32.78,0.91,31.7,0.04,0.04,0.093235,1776217022000
1776217024.249,124.249,0.1,32.78,0.09,31.7,0.14,25.0,0.15,5.0,0.86,25.0,0.85,5.0,0.9,32.78,0.91,31.7,0.04,0.04,0.093236,1776217023000
1776217025.381,125.381,0.1,32.78,0.09,31.7,0.14,25.0,0.15,5.0,0.86,25.0,0.85,5.0,0.9,32.78,0.91,31.7,0.04,0.04,0.093236,1776217024000
1776217026.084,126.084,0.1,32.78,0.09,31.7,0.14,25.0,0.15,5.0,0.86,25.0,0.85,5.0,0.9,32.78,0.91,31.7,0.04,0.04,0.093236,1776217025000
1776217027.32,127.32,0.1,32.78,0.09,31.7,0.14,25.0,0.15,5.0,0.86,25.0,0.85,5.0,0.9,32.78,0.91,31.7,0.04,0.04,0.093242,1776217026000
1776217028.577,128.577,0.1,32.78,0.09,31.7,0.14,25.0,0.15,5.0,0.86,25.0,0.85,5.0,0.9,32.78,0.91,31.7,0.04,0.04,0.093237,1776217027000
1776217029.139,129.139,0.1,32.78,0.09,31.7,0.14,25.0,0.15,5.0,0.86,25.0,0.85,5.0,0.9,32.78,0.91,31.7,0.04,0.04,0.093239,1776217028000
1776217030.341,130.341,0.1,32.78,0.09,31.7,0.14,25.0,0.15,5.0,0.86,25.0,0.85,5.0,0.9,32.78,0.91,31.7,0.04,0.04,0.093241,1776217029000
1776217030.986,130.986,0.1,32.78,0.09,31.7,0.14,25.0,0.15,5.0,0.86,25.0,0.85,5.0,0.9,32.78,0.91,31.7,0.04,0.04,0.093241,1776217030000
1776217032.223,132.223,0.1,32.78,0.09,31.7,0.14,25.0,0.15,5.0,0.86,25.0,0.85,5.0,0.9,32.78,0.91,31.7,0.04,0.04,0.093242,1776217031000
1776217034.084,134.084,0.1,32.78,0.09,31.7,0.14,25.0,0.15,5.0,0.86,25.0,0.85,5.0,0.9,32.78,0.91,31.7,0.04,0.04,0.093242,1776217032000
1776217034.875,134.875,0.1,32.78,0.09,31.7,0.14,25.0,0.15,5.0,0.86,25.0,0.85,5.0,0.9,32.78,0.91,31.7,0.04,0.04,0.093234,1776217033000
1776217035.53,135.53,0.1,32.78,0.09,31.7,0.14,25.0,0.15,5.0,0.86,25.0,0.85,5.0,0.9,32.78,0.91,31.7,0.04,0.04,0.093234,1776217034000
1776217036.326,136.326,0.1,32.78,0.09,31.7,0.14,25.0,0.15,5.0,0.86,25.0,0.85,5.0,0.9,32.78,0.91,31.7,0.04,0.04,0.093234,1776217035000
1776217037.948,137.948,0.1,32.78,0.09,31.7,0.14,25.0,0.15,5.0,0.86,25.0,0.85,5.0,0.9,32.78,0.91,31.7,0.04,0.04,0.09323,1776217037000
1776217039.017,139.017,0.1,32.78,0.09,31.7,0.14,25.0,0.15,5.0,0.86,25.0,0.85,5.0,0.9,32.78,0.91,31.7,0.04,0.04,0.09323,1776217038000
1776217039.98,139.98,0.1,32.78,0.09,31.7,0.14,25.0,0.15,5.0,0.86,25.0,0.85,5.0,0.9,32.78,0.91,31.7,0.04,0.04,0.093229,1776217039000
1776217040.967,140.967,0.1,32.78,0.09,31.7,0.14,25.0,0.15,5.0,0.86,25.0,0.85,5.0,0.9,32.78,0.91,31.7,0.04,0.04,0.093229,1776217040000
1776217041.984,141.984,0.1,32.78,0.09,31.7,0.14,25.0,0.15,5.0,0.86,25.0,0.85,5.0,0.9,32.78,0.91,31.7,0.04,0.04,0.093228,1776217041000
1776217043.014,143.014,0.1,32.78,0.09,31.7,0.14,25.0,0.15,5.0,0.86,25.0,0.85,5.0,0.9,32.78,0.91,31.7,0.04,0.04,0.09324,1776217042000
1776217043.955,143.955,0.1,32.78,0.09,31.7,0.14,25.0,0.15,5.0,0.86,25.0,0.85,5.0,0.9,32.78,0.91,31.7,0.04,0.04,0.093241,1776217043000
1776217045.134,145.134,0.1,32.78,0.09,31.7,0.14,25.0,0.15,5.0,0.86,25.0,0.85,5.0,0.9,32.78,0.91,31.7,0.04,0.04,0.09324,1776217044000
1776217046.086,146.086,0.1,32.78,0.09,31.7,0.14,25.0,0.15,5.0,0.86,25.0,0.85,5.0,0.9,32.78,0.91,31.7,0.04,0.04,0.09325,1776217045000
1776217047.094,147.094,0.1,32.78,0.09,31.7,0.14,25.0,0.15,5.0,0.86,25.0,0.85,5.0,0.9,32.78,0.91,31.7,0.04,0.04,0.093269,1776217046000
1776217048.095,148.095,0.1,32.78,0.09,31.7,0.14,25.0,0.15,5.0,0.86,25.0,0.85,5.0,0.9,32.78,0.91,31.7,0.04,0.04,0.093269,1776217047000
1776217049.082,149.082,0.1,32.78,0.09,31.7,0.14,25.0,0.15,5.0,0.86,25.0,0.85,5.0,0.9,32.78,0.91,31.7,0.04,0.04,0.09327,1776217048000
1776217050.074,150.074,0.1,32.78,0.09,31.7,0.14,25.0,0.15,5.0,0.86,25.0,0.85,5.0,0.9,32.78,0.91,31.7,0.04,0.04,0.09327,1776217049000
1776217051.249,151.249,0.1,32.78,0.09,31.7,0.14,25.0,0.15,5.0,0.86,25.0,0.85,5.0,0.9,32.78,0.91,31.7,0.04,0.04,0.09327,1776217050000
1776217052.182,152.182,0.1,32.78,0.09,31.7,0.14,25.0,0.15,5.0,0.86,25.0,0.85,5.0,0.9,32.78,0.91,31.7,0.04,0.04,0.09327,1776217051000
1776217053.187,153.187,0.1,32.78,0.09,31.7,0.14,25.0,0.15,5.0,0.86,25.0,0.85,5.0,0.9,32.78,0.91,31.7,0.04,0.04,0.09327,1776217052000
1776217054.252,154.252,0.1,32.78,0.09,31.7,0.14,25.0,0.15,5.0,0.86,25.0,0.85,5.0,0.9,32.78,0.91,31.7,0.04,0.04,0.09327,1776217053000
1776217055.276,155.276,0.1,32.78,0.09,31.7,0.14,25.0,0.15,5.0,0.86,25.0,0.85,5.0,0.9,32.78,0.91,31.7,0.04,0.04,0.09327,1776217054000
1776217056.352,156.352,0.1,32.78,0.09,31.7,0.14,25.0,0.15,5.0,0.86,25.0,0.85,5.0,0.9,32.78,0.91,31.7,0.04,0.04,0.09327,1776217055000
1776217057.303,157.303,0.1,32.78,0.09,31.7,0.14,25.0,0.15,5.0,0.86,25.0,0.85,5.0,0.9,32.78,0.91,31.7,0.04,0.04,0.09327,1776217056000
1776217058.311,158.311,0.1,32.78,0.09,31.7,0.14,25.0,0.15,5.0,0.86,25.0,0.85,5.0,0.9,32.78,0.91,31.7,0.04,0.04,0.09327,1776217057000
1776217058.82,158.82,0.1,32.78,0.09,31.7,0.14,25.0,0.15,5.0,0.86,25.0,0.85,5.0,0.9,32.78,0.91,31.7,0.04,0.04,0.09327,1776217058000
1776217059.856,159.856,0.1,32.78,0.09,31.7,0.14,25.0,0.15,5.0,0.86,25.0,0.85,5.0,0.9,32.78,0.91,31.7,0.04,0.04,0.09327,1776217059000
1776217060.849,160.849,0.1,32.78,0.09,31.7,0.14,25.0,0.15,5.0,0.86,25.0,0.85,5.0,0.9,32.78,0.91,31.7,0.04,0.04,0.093277,1776217060000
1776217061.855,161.855,0.1,32.78,0.09,31.7,0.14,25.0,0.15,5.0,0.86,25.0,0.85,5.0,0.9,32.78,0.91,31.7,0.04,0.04,0.093283,1776217061000
1776217062.887,162.887,0.1,32.78,0.09,31.7,0.14,25.0,0.15,5.0,0.86,25.0,0.85,5.0,0.9,32.78,0.91,31.7,0.04,0.04,0.093281,1776217062000
1776217063.369,163.369,0.19,5.0,0.17,18.39,0.32,11.0,0.35,10.0,0.86,25.0,0.85,5.0,0.9,32.78,0.91,31.7,0.13,0.04,0.093281,1776217062000
1776217064.419,164.419,0.19,5.0,0.17,18.39,0.32,11.0,0.35,10.0,0.68,11.0,0.65,10.0,0.81,5.0,0.83,18.39,0.13,0.13,0.093281,1776217063000
1776217064.991,164.991,0.19,5.0,0.17,18.39,0.32,11.0,0.35,10.0,0.68,11.0,0.65,10.0,0.81,5.0,0.83,18.39,0.13,0.13,0.093282,1776217064000
1776217066.144,166.144,0.19,5.0,0.17,18.39,0.32,11.0,0.35,10.0,0.68,11.0,0.65,10.0,0.81,5.0,0.83,18.39,0.13,0.13,0.09329,1776217065000
1776217067.285,167.285,0.19,5.0,0.17,18.39,0.32,11.0,0.35,10.0,0.68,11.0,0.65,10.0,0.81,5.0,0.83,18.39,0.13,0.13,0.093286,1776217066000
1776217067.852,167.852,0.19,5.0,0.17,18.39,0.32,11.0,0.35,10.0,0.68,11.0,0.65,10.0,0.81,5.0,0.83,18.39,0.13,0.13,0.093286,1776217067000
1776217068.957,168.957,0.19,5.0,0.17,18.39,0.32,11.0,0.35,10.0,0.68,11.0,0.65,10.0,0.81,5.0,0.83,18.39,0.13,0.13,0.093284,1776217068000
1776217070.081,170.081,0.19,5.0,0.17,18.39,0.32,11.0,0.35,10.0,0.68,11.0,0.65,10.0,0.81,5.0,0.83,18.39,0.13,0.13,0.093285,1776217069000
1776217071.115,171.115,0.19,5.0,0.17,18.39,0.32,11.0,0.35,10.0,0.68,11.0,0.65,10.0,0.81,5.0,0.83,18.39,0.13,0.13,0.093285,1776217070000
1776217072.292,172.292,0.19,5.0,0.17,18.39,0.32,11.0,0.35,10.0,0.68,11.0,0.65,10.0,0.81,5.0,0.83,18.39,0.13,0.13,0.093289,1776217071000
1776217072.914,172.914,0.19,5.0,0.17,18.39,0.32,11.0,0.35,10.0,0.68,11.0,0.65,10.0,0.81,5.0,0.83,18.39,0.13,0.13,0.09329,1776217072000
1776217074.138,174.138,0.19,5.0,0.17,18.39,0.32,11.0,0.35,10.0,0.68,11.0,0.65,10.0,0.81,5.0,0.83,18.39,0.13,0.13,0.09329,1776217073000
1776217075.279,175.279,0.19,5.0,0.17,18.39,0.32,11.0,0.35,10.0,0.68,11.0,0.65,10.0,0.81,5.0,0.83,18.39,0.13,0.13,0.093289,1776217074000
1776217075.938,175.938,0.19,5.0,0.17,18.39,0.32,11.0,0.35,10.0,0.68,11.0,0.65,10.0,0.81,5.0,0.83,18.39,0.13,0.13,0.093289,1776217075000
1776217076.907,176.907,0.16,14.29,0.15,20.39,0.25,25.0,0.26,5.0,0.68,11.0,0.65,10.0,0.81,5.0,0.83,18.39,0.09,0.13,0.093289,1776217075000
1776217077.321,177.321,0.16,14.29,0.15,20.39,0.25,25.0,0.26,5.0,0.75,25.0,0.74,5.0,0.84,14.29,0.85,20.39,0.09,0.09,0.093284,1776217076000
1776217077.96,177.96,0.16,14.29,0.15,20.39,0.25,25.0,0.26,5.0,0.75,25.0,0.74,5.0,0.84,14.29,0.85,20.39,0.09,0.09,0.093287,1776217077000
1776217079.684,179.684,0.16,14.29,0.15,20.39,0.25,25.0,0.26,5.0,0.75,25.0,0.74,5.0,0.84,14.29,0.85,20.39,0.09,0.09,0.093289,1776217078000
1776217080.333,180.333,0.16,14.29,0.15,20.39,0.25,25.0,0.26,5.0,0.75,25.0,0.74,5.0,0.84,14.29,0.85,20.39,0.09,0.09,0.093292,1776217079000
1776217080.859,180.859,0.17,25.39,0.16,19.3,0.3,20.0,0.36,5.0,0.75,25.0,0.74,5.0,0.84,14.29,0.85,20.39,0.13,0.09,0.093292,1776217079000
1776217081.47,181.47,0.17,25.39,0.16,19.3,0.3,20.0,0.36,5.0,0.7,20.0,0.64,5.0,0.83,25.39,0.84,19.3,0.13,0.13,0.093292,1776217080000
1776217082.16,182.16,0.17,25.39,0.16,19.3,0.3,20.0,0.36,5.0,0.7,20.0,0.64,5.0,0.83,25.39,0.84,19.3,0.13,0.13,0.093292,1776217081000
1776217083.327,183.327,0.17,25.39,0.16,19.3,0.3,20.0,0.36,5.0,0.7,20.0,0.64,5.0,0.83,25.39,0.84,19.3,0.13,0.13,0.093302,1776217082000
1776217084.416,184.416,0.17,25.39,0.16,19.3,0.3,20.0,0.36,5.0,0.7,20.0,0.64,5.0,0.83,25.39,0.84,19.3,0.13,0.13,0.093309,1776217083000
1776217085.059,185.059,0.17,25.39,0.16,19.3,0.3,20.0,0.36,5.0,0.7,20.0,0.64,5.0,0.83,25.39,0.84,19.3,0.13,0.13,0.093309,1776217084000
1776217086.266,186.266,0.17,25.39,0.16,19.3,0.3,20.0,0.36,5.0,0.7,20.0,0.64,5.0,0.83,25.39,0.84,19.3,0.13,0.13,0.093309,1776217085000
1776217087.372,187.372,0.17,25.39,0.16,19.3,0.3,20.0,0.36,5.0,0.7,20.0,0.64,5.0,0.83,25.39,0.84,19.3,0.13,0.13,0.093306,1776217086000
1776217087.924,187.924,0.17,25.39,0.16,19.3,0.3,20.0,0.36,5.0,0.7,20.0,0.64,5.0,0.83,25.39,0.84,19.3,0.13,0.13,0.093305,1776217087000
1776217089.012,189.012,0.17,25.39,0.16,19.3,0.3,20.0,0.36,5.0,0.7,20.0,0.64,5.0,0.83,25.39,0.84,19.3,0.13,0.13,0.093293,1776217088000
1776217090.217,190.217,0.17,25.39,0.16,19.3,0.3,20.0,0.36,5.0,0.7,20.0,0.64,5.0,0.83,25.39,0.84,19.3,0.13,0.13,0.093293,1776217089000
1776217091.337,191.337,0.17,25.39,0.16,19.3,0.3,20.0,0.36,5.0,0.7,20.0,0.64,5.0,0.83,25.39,0.84,19.3,0.13,0.13,0.093291,1776217090000
1776217092.36,192.36,0.17,25.39,0.16,19.3,0.3,20.0,0.36,5.0,0.7,20.0,0.64,5.0,0.83,25.39,0.84,19.3,0.13,0.13,0.09329,1776217091000
1776217092.992,192.992,0.17,25.39,0.16,19.3,0.3,20.0,0.36,5.0,0.7,20.0,0.64,5.0,0.83,25.39,0.84,19.3,0.13,0.13,0.09329,1776217092000
1776217095.192,195.192,0.17,25.39,0.16,19.3,0.3,20.0,0.36,5.0,0.7,20.0,0.64,5.0,0.83,25.39,0.84,19.3,0.13,0.13,0.093291,1776217093000
1776217096.306,196.306,0.17,25.39,0.16,19.3,0.3,20.0,0.36,5.0,0.7,20.0,0.64,5.0,0.83,25.39,0.84,19.3,0.13,0.13,0.09329,1776217094000
1776217097.041,197.041,0.14,21.6,0.13,28.0,0.28,22.0,0.29,17.6,0.7,20.0,0.64,5.0,0.83,25.39,0.84,19.3,0.14,0.13,0.09329,1776217094000
1776217097.94,197.94,0.14,21.6,0.13,28.0,0.28,22.0,0.29,17.6,0.72,22.0,0.71,17.6,0.86,21.6,0.87,28.0,0.14,0.14,0.093291,1776217096000
1776217098.73,198.73,0.14,21.6,0.13,28.0,0.28,22.0,0.29,17.6,0.72,22.0,0.71,17.6,0.86,21.6,0.87,28.0,0.14,0.14,0.093291,1776217097000
1776217099.567,199.567,0.14,21.6,0.13,28.0,0.28,22.0,0.29,17.6,0.72,22.0,0.71,17.6,0.86,21.6,0.87,28.0,0.14,0.14,0.093292,1776217098000
1776217100.188,200.188,0.14,21.6,0.13,28.0,0.28,22.0,0.29,17.6,0.72,22.0,0.71,17.6,0.86,21.6,0.87,28.0,0.14,0.14,0.093289,1776217099000
1776217101.453,201.453,0.14,21.6,0.13,28.0,0.28,22.0,0.29,17.6,0.72,22.0,0.71,17.6,0.86,21.6,0.87,28.0,0.14,0.14,0.093292,1776217100000
1776217102.172,202.172,0.14,21.6,0.13,28.0,0.28,22.0,0.29,17.6,0.72,22.0,0.71,17.6,0.86,21.6,0.87,28.0,0.14,0.14,0.093292,1776217101000
1776217103.367,203.367,0.14,21.6,0.13,28.0,0.28,22.0,0.29,17.6,0.72,22.0,0.71,17.6,0.86,21.6,0.87,28.0,0.14,0.14,0.093293,1776217102000
1776217104.113,204.113,0.14,20.43,0.13,23.0,0.27,23.0,0.28,17.9,0.73,23.0,0.72,17.9,0.86,20.43,0.87,23.0,0.13,0.13,0.093293,1776217103000
1776217105.31,205.31,0.14,20.43,0.13,23.0,0.27,23.0,0.28,17.9,0.73,23.0,0.72,17.9,0.86,20.43,0.87,23.0,0.13,0.13,0.093294,1776217104000
1776217105.976,205.976,0.14,20.43,0.13,23.0,0.27,23.0,0.28,17.9,0.73,23.0,0.72,17.9,0.86,20.43,0.87,23.0,0.13,0.13,0.093294,1776217105000
1776217107.237,207.237,0.14,20.43,0.13,23.0,0.27,23.0,0.28,17.9,0.73,23.0,0.72,17.9,0.86,20.43,0.87,23.0,0.13,0.13,0.093291,1776217106000
1776217107.728,207.728,0.17,17.17,0.16,24.3,0.27,23.0,0.33,5.0,0.73,23.0,0.72,17.9,0.86,20.43,0.87,23.0,0.1,0.13,0.093291,1776217106000
1776217109.108,209.108,0.17,17.17,0.16,24.3,0.27,23.0,0.33,5.0,0.73,23.0,0.67,5.0,0.83,17.17,0.84,24.3,0.1,0.1,0.093304,1776217108000
1776217110.462,210.462,0.17,17.17,0.16,24.3,0.27,23.0,0.33,5.0,0.73,23.0,0.67,5.0,0.83,17.17,0.84,24.3,0.1,0.1,0.093304,1776217109000
1776217111.148,211.148,0.17,17.17,0.16,24.3,0.27,23.0,0.33,5.0,0.73,23.0,0.67,5.0,0.83,17.17,0.84,24.3,0.1,0.1,0.093308,1776217110000
1776217112.964,212.964,0.17,17.17,0.16,24.3,0.27,23.0,0.33,5.0,0.73,23.0,0.67,5.0,0.83,17.17,0.84,24.3,0.1,0.1,0.093307,1776217111000
1776217114.098,214.098,0.17,17.17,0.16,24.3,0.27,23.0,0.33,5.0,0.73,23.0,0.67,5.0,0.83,17.17,0.84,24.3,0.1,0.1,0.093304,1776217112000
1776217114.718,214.718,0.17,17.17,0.16,24.3,0.27,23.0,0.33,5.0,0.73,23.0,0.67,5.0,0.83,17.17,0.84,24.3,0.1,0.1,0.093304,1776217113000
1776217115.489,215.489,0.17,17.17,0.16,24.3,0.27,23.0,0.33,5.0,0.73,23.0,0.67,5.0,0.83,17.17,0.84,24.3,0.1,0.1,0.093302,1776217114000
1776217116.125,216.125,0.17,17.17,0.16,24.3,0.27,23.0,0.33,5.0,0.73,23.0,0.67,5.0,0.83,17.17,0.84,24.3,0.1,0.1,0.093304,1776217115000
1776217117.737,217.737,0.17,17.17,0.16,24.3,0.27,23.0,0.33,5.0,0.73,23.0,0.67,5.0,0.83,17.17,0.84,24.3,0.1,0.1,0.093304,1776217116000
1776217118.361,218.361,0.17,17.17,0.16,24.3,0.27,23.0,0.33,5.0,0.73,23.0,0.67,5.0,0.83,17.17,0.84,24.3,0.1,0.1,0.093304,1776217117000
1776217119.02,219.02,0.17,17.17,0.16,24.3,0.27,23.0,0.33,5.0,0.73,23.0,0.67,5.0,0.83,17.17,0.84,24.3,0.1,0.1,0.093304,1776217118000
1776217120.337,220.337,0.17,17.17,0.16,24.3,0.27,23.0,0.33,5.0,0.73,23.0,0.67,5.0,0.83,17.17,0.84,24.3,0.1,0.1,0.093302,1776217119000
1776217120.948,220.948,0.17,17.17,0.16,24.3,0.27,23.0,0.33,5.0,0.73,23.0,0.67,5.0,0.83,17.17,0.84,24.3,0.1,0.1,0.093299,1776217120000
1776217122.636,222.636,0.17,17.17,0.16,24.3,0.27,23.0,0.33,5.0,0.73,23.0,0.67,5.0,0.83,17.17,0.84,24.3,0.1,0.1,0.093299,1776217121000
1776217123.373,223.373,0.17,15.96,0.16,19.3,0.33,29.8,0.34,11.6,0.67,29.8,0.66,11.6,0.83,15.96,0.84,19.3,0.16,0.16,0.093299,1776217122000
1776217124.151,224.151,0.17,15.96,0.16,19.3,0.33,29.8,0.34,11.6,0.67,29.8,0.66,11.6,0.83,15.96,0.84,19.3,0.16,0.16,0.093299,1776217123000
1776217125.439,225.439,0.17,15.96,0.16,19.3,0.33,29.8,0.34,11.6,0.67,29.8,0.66,11.6,0.83,15.96,0.84,19.3,0.16,0.16,0.093299,1776217124000
1776217126.105,226.105,0.17,15.96,0.16,19.3,0.33,29.8,0.34,11.6,0.67,29.8,0.66,11.6,0.83,15.96,0.84,19.3,0.16,0.16,0.093299,1776217125000
1776217127.426,227.426,0.17,15.96,0.16,19.3,0.33,29.8,0.34,11.6,0.67,29.8,0.66,11.6,0.83,15.96,0.84,19.3,0.16,0.16,0.093303,1776217126000
1776217128.12,228.12,0.17,15.96,0.16,19.3,0.33,29.8,0.34,11.6,0.67,29.8,0.66,11.6,0.83,15.96,0.84,19.3,0.16,0.16,0.093304,1776217127000
1776217129.502,229.502,0.17,15.96,0.16,19.3,0.33,29.8,0.34,11.6,0.67,29.8,0.66,11.6,0.83,15.96,0.84,19.3,0.16,0.16,0.093309,1776217128000
1776217130.157,230.157,0.17,15.96,0.16,19.3,0.33,29.8,0.34,11.6,0.67,29.8,0.66,11.6,0.83,15.96,0.84,19.3,0.16,0.16,0.093309,1776217129000
1776217131.241,231.241,0.17,15.96,0.16,19.3,0.33,29.8,0.34,11.6,0.67,29.8,0.66,11.6,0.83,15.96,0.84,19.3,0.16,0.16,0.093309,1776217130000
1776217132.856,232.856,0.17,15.96,0.16,19.3,0.33,29.8,0.34,11.6,0.67,29.8,0.66,11.6,0.83,15.96,0.84,19.3,0.16,0.16,0.093309,1776217131000
1776217133.428,233.428,0.17,15.96,0.16,19.3,0.33,29.8,0.34,11.6,0.67,29.8,0.66,11.6,0.83,15.96,0.84,19.3,0.16,0.16,0.093309,1776217132000
1776217134.032,234.032,0.17,15.96,0.16,19.3,0.33,29.8,0.34,11.6,0.67,29.8,0.66,11.6,0.83,15.96,0.84,19.3,0.16,0.16,0.093309,1776217133000
1776217135.358,235.358,0.41,50.0,0.32,10.0,0.64,4.0,0.65,11.4,0.67,29.8,0.66,11.6,0.83,15.96,0.84,19.3,0.23,0.16,0.093309,1776217133000
1776217135.69,235.69,0.41,50.0,0.32,10.0,0.64,4.0,0.65,11.4,0.36,4.0,0.35,11.4,0.59,50.0,0.68,10.0,0.23,0.23,0.093319,1776217134000
1776217136.374,236.374,0.41,50.0,0.32,10.0,0.64,4.0,0.65,11.4,0.36,4.0,0.35,11.4,0.59,50.0,0.68,10.0,0.23,0.23,0.093331,1776217135000
1776217137.091,237.091,0.41,50.0,0.32,10.0,0.64,4.0,0.65,11.4,0.36,4.0,0.35,11.4,0.59,50.0,0.68,10.0,0.23,0.23,0.093333,1776217136000
1776217138.434,238.434,0.41,50.0,0.32,10.0,0.64,4.0,0.65,11.4,0.36,4.0,0.35,11.4,0.59,50.0,0.68,10.0,0.23,0.23,0.093341,1776217137000
1776217139.11,239.11,0.41,50.0,0.32,10.0,0.64,4.0,0.65,11.4,0.36,4.0,0.35,11.4,0.59,50.0,0.68,10.0,0.23,0.23,0.093341,1776217138000
1776217140.331,240.331,0.41,50.0,0.32,10.0,0.64,4.0,0.65,11.4,0.36,4.0,0.35,11.4,0.59,50.0,0.68,10.0,0.23,0.23,0.093341,1776217139000
1776217141.233,241.233,0.42,4.87,0.32,10.0,0.58,44.0,0.61,60.9,0.36,4.0,0.35,11.4,0.59,50.0,0.68,10.0,0.16,0.23,0.093341,1776217139000
1776217141.732,241.732,0.42,4.87,0.32,10.0,0.58,44.0,0.61,60.9,0.42,44.0,0.39,60.9,0.58,4.87,0.68,10.0,0.16,0.16,0.093341,1776217140000
1776217142.138,242.138,0.32,5.63,0.31,5.0,0.4,15.0,0.41,50.0,0.42,44.0,0.39,60.9,0.58,4.87,0.68,10.0,0.08,0.16,0.093341,1776217140000
1776217142.405,242.405,0.32,5.63,0.31,5.0,0.4,15.0,0.41,50.0,0.6,15.0,0.59,50.0,0.68,5.63,0.69,5.0,0.08,0.08,0.09334,1776217141000
1776217143.088,243.088,0.32,5.63,0.31,5.0,0.4,15.0,0.41,50.0,0.6,15.0,0.59,50.0,0.68,5.63,0.69,5.0,0.08,0.08,0.093335,1776217142000
1776217144.228,244.228,0.33,4.0,0.32,5.63,0.41,73.0,0.51,50.0,0.6,15.0,0.59,50.0,0.68,5.63,0.69,5.0,0.08,0.08,0.093335,1776217142000
1776217144.469,244.469,0.33,4.0,0.32,5.63,0.41,73.0,0.51,50.0,0.59,73.0,0.49,50.0,0.67,4.0,0.68,5.63,0.08,0.08,0.093306,1776217143000
1776217145.051,245.051,0.33,4.0,0.32,5.63,0.41,73.0,0.51,50.0,0.59,73.0,0.49,50.0,0.67,4.0,0.68,5.63,0.08,0.08,0.093303,1776217144000
1776217146.419,246.419,0.33,4.0,0.32,5.63,0.41,73.0,0.51,50.0,0.59,73.0,0.49,50.0,0.67,4.0,0.68,5.63,0.08,0.08,0.093306,1776217145000
1776217147.172,247.172,0.33,4.0,0.32,5.63,0.41,73.0,0.51,50.0,0.59,73.0,0.49,50.0,0.67,4.0,0.68,5.63,0.08,0.08,0.093304,1776217146000
1776217148.944,248.944,0.31,5.0,0.14,20.0,0.4,15.0,0.41,73.0,0.6,15.0,0.59,73.0,0.69,5.0,0.86,20.0,0.09,0.09,0.093308,1776217147000
1776217149.59,249.59,0.12,20.0,0.09,31.7,0.31,45.0,0.4,15.0,0.69,45.0,0.6,15.0,0.88,20.0,0.91,31.7,0.19,0.19,0.093308,1776217148000
1776217150.19,250.19,0.12,20.0,0.09,31.7,0.31,45.0,0.4,15.0,0.69,45.0,0.6,15.0,0.88,20.0,0.91,31.7,0.19,0.19,0.093308,1776217149000
1776217151.151,251.151,0.12,20.0,0.09,31.7,0.31,45.0,0.4,15.0,0.69,45.0,0.6,15.0,0.88,20.0,0.91,31.7,0.19,0.19,0.093307,1776217150000
1776217151.56,251.56,0.31,9.0,0.21,50.0,0.43,10.6,0.44,10.6,0.69,45.0,0.6,15.0,0.88,20.0,0.91,31.7,0.12,0.19,0.093307,1776217150000
1776217152.118,252.118,0.31,9.0,0.21,50.0,0.43,10.6,0.44,10.6,0.57,10.6,0.56,10.6,0.69,9.0,0.79,50.0,0.12,0.12,0.093304,1776217151000
1776217153.065,253.065,0.31,9.0,0.21,50.0,0.43,10.6,0.44,10.6,0.57,10.6,0.56,10.6,0.69,9.0,0.79,50.0,0.12,0.12,0.093314,1776217152000
1776217154.577,254.577,0.31,9.0,0.21,50.0,0.43,10.6,0.44,10.6,0.57,10.6,0.56,10.6,0.69,9.0,0.79,50.0,0.12,0.12,0.09332,1776217153000
1776217155.142,255.142,0.31,9.0,0.21,50.0,0.43,10.6,0.44,10.6,0.57,10.6,0.56,10.6,0.69,9.0,0.79,50.0,0.12,0.12,0.093318,1776217154000
1776217156.166,256.166,0.31,9.0,0.21,50.0,0.43,10.6,0.44,10.6,0.57,10.6,0.56,10.6,0.69,9.0,0.79,50.0,0.12,0.12,0.093317,1776217155000
1776217157.352,257.352,0.31,9.0,0.21,50.0,0.43,10.6,0.44,10.6,0.57,10.6,0.56,10.6,0.69,9.0,0.79,50.0,0.12,0.12,0.093312,1776217156000
1776217158.042,258.042,0.31,9.0,0.21,50.0,0.43,10.6,0.44,10.6,0.57,10.6,0.56,10.6,0.69,9.0,0.79,50.0,0.12,0.12,0.093312,1776217157000
1776217158.358,258.358,0.31,9.0,0.21,50.0,0.41,42.75,0.42,10.7,0.57,10.6,0.56,10.6,0.69,9.0,0.79,50.0,0.1,0.12,0.093312,1776217157000
1776217158.902,258.902,0.21,50.0,0.15,20.0,0.41,42.75,0.42,10.7,0.59,42.75,0.58,10.7,0.79,50.0,0.85,20.0,0.2,0.2,0.093312,1776217158000
1776217159.995,259.995,0.21,50.0,0.15,20.0,0.41,42.75,0.42,10.7,0.59,42.75,0.58,10.7,0.79,50.0,0.85,20.0,0.2,0.2,0.093318,1776217159000
1776217160.979,260.979,0.21,50.0,0.15,20.0,0.41,42.75,0.42,10.7,0.59,42.75,0.58,10.7,0.79,50.0,0.85,20.0,0.2,0.2,0.093324,1776217160000
1776217162.063,262.063,0.21,50.0,0.15,20.0,0.41,42.75,0.42,10.7,0.59,42.75,0.58,10.7,0.79,50.0,0.85,20.0,0.2,0.2,0.093325,1776217161000
1776217162.653,262.653,0.41,50.0,0.31,50.0,0.71,45.81,0.73,13.2,0.59,42.75,0.58,10.7,0.79,50.0,0.85,20.0,0.3,0.2,0.093325,1776217161000
1776217163.345,263.345,0.41,50.0,0.31,50.0,0.71,45.81,0.73,13.2,0.29,45.81,0.27,13.2,0.59,50.0,0.69,50.0,0.3,0.3,0.093325,1776217162000
1776217163.574,263.574,0.51,95.0,0.45,20.0,0.79,3.24,0.81,50.0,0.29,45.81,0.27,13.2,0.59,50.0,0.69,50.0,0.28,0.3,0.093325,1776217162000
1776217164.119,264.119,0.51,11.55,0.47,20.0,0.79,3.24,0.81,50.0,0.21,3.24,0.19,50.0,0.49,11.55,0.53,20.0,0.28,0.28,0.093334,1776217163000
1776217165.324,265.324,0.51,11.55,0.47,20.0,0.79,3.24,0.81,50.0,0.21,3.24,0.19,50.0,0.49,11.55,0.53,20.0,0.28,0.28,0.093364,1776217164000
1776217165.73,265.73,0.3,20.0,0.23,14.7,0.51,40.0,0.61,50.0,0.3,8.0,0.29,50.0,0.49,10.48,0.59,50.0,0.21,0.19,0.093364,1776217164000
1776217166.016,266.016,0.3,20.0,0.23,14.7,0.51,40.0,0.61,50.0,0.49,40.0,0.39,50.0,0.7,20.0,0.77,14.7,0.21,0.21,0.093371,1776217165000
1776217166.955,266.955,0.51,50.0,0.41,50.0,0.81,46.33,0.83,23.39,0.49,40.0,0.39,50.0,0.7,20.0,0.77,14.7,0.3,0.21,0.093371,1776217165000
1776217167.489,267.489,0.51,50.0,0.41,50.0,0.81,46.33,0.83,23.39,0.19,46.33,0.17,23.39,0.49,50.0,0.59,50.0,0.3,0.3,0.093361,1776217166000
1776217170.993,270.993,0.51,50.0,0.41,50.0,0.81,46.33,0.83,23.39,0.19,46.33,0.17,23.39,0.49,50.0,0.59,50.0,0.3,0.3,0.093363,1776217169000
1776217171.423,271.423,0.51,50.0,0.41,50.0,0.81,46.33,0.83,23.39,0.19,46.33,0.17,23.39,0.49,50.0,0.59,50.0,0.3,0.3,0.093367,1776217170000
1776217172.094,272.094,0.51,50.0,0.41,50.0,0.81,46.33,0.83,23.39,0.19,46.33,0.17,23.39,0.49,50.0,0.59,50.0,0.3,0.3,0.093374,1776217171000
1776217173.205,273.205,0.51,50.0,0.41,50.0,0.81,46.33,0.83,23.39,0.19,46.33,0.17,23.39,0.49,50.0,0.59,50.0,0.3,0.3,0.093376,1776217172000
1776217174.243,274.243,0.51,50.0,0.41,50.0,0.81,46.33,0.83,23.39,0.19,46.33,0.17,23.39,0.49,50.0,0.59,50.0,0.3,0.3,0.093376,1776217173000
1776217175.281,275.281,0.51,50.0,0.41,50.0,0.81,46.33,0.83,23.39,0.19,46.33,0.17,23.39,0.49,50.0,0.59,50.0,0.3,0.3,0.093378,1776217174000
1776217175.843,275.843,0.51,50.0,0.41,50.0,0.81,46.33,0.83,23.39,0.19,46.33,0.17,23.39,0.49,50.0,0.59,50.0,0.3,0.3,0.093384,1776217175000
1776217176.951,276.951,0.79,5.0,0.61,50.0,0.91,48.9,0.96,5.0,0.09,48.9,0.04,5.0,0.21,5.0,0.39,50.0,0.12,0.12,0.093386,1776217176000
1776217178.05,278.05,0.79,5.0,0.61,50.0,0.91,48.9,0.96,5.0,0.09,48.9,0.04,5.0,0.21,5.0,0.39,50.0,0.12,0.12,0.093384,1776217177000
1776217178.866,278.866,0.99,551.0,0.92,13.0,,,,,,,,,0.01,631.0,0.08,13.0,,,0.093384,1776217177000
1776217179.218,279.218,0.99,551.0,0.92,13.0,,,,,,,,,0.01,551.0,0.08,13.0,,,0.093398,1776217178000
1776217180.217,280.217,0.99,551.0,0.92,13.0,,,,,,,,,0.01,551.0,0.08,13.0,,,0.093437,1776217179000
1776217181.331,281.331,0.99,551.0,0.92,13.0,,,,,,,,,0.01,551.0,0.08,13.0,,,0.093442,1776217180000
1776217181.845,281.845,0.99,551.0,0.92,13.0,,,,,,,,,0.01,551.0,0.08,13.0,,,0.093452,1776217181000
1776217182.81,282.81,0.92,13.0,0.91,20.0,,,,,,,,,0.01,551.0,0.08,13.0,,,0.093452,1776217181000
1776217183.1,283.1,0.92,13.0,0.91,20.0,,,,,,,,,0.08,13.0,0.09,20.0,,,0.093466,1776217182000
1776217183.403,283.403,0.92,13.0,0.91,20.0,,,,,,,,,0.08,13.0,0.09,20.0,,,0.093466,1776217182000
1776217184.118,284.118,0.92,13.0,0.91,20.0,,,,,,,,,0.08,13.0,0.09,20.0,,,0.093421,1776217183000
1776217185.412,285.412,0.92,13.0,0.91,20.0,,,,,,,,,0.08,13.0,0.09,20.0,,,0.093414,1776217184000
1776217186.0,286.0,0.92,13.0,0.91,20.0,,,,,,,,,0.08,13.0,0.09,20.0,,,0.093416,1776217185000
1776217187.223,287.223,0.92,13.0,0.91,20.0,,,,,,,,,0.08,13.0,0.09,20.0,,,0.09346,1776217186000
1776217188.373,288.373,0.92,13.0,0.91,20.0,,,,,,,,,0.08,13.0,0.09,20.0,,,0.093446,1776217187000
1776217189.006,289.006,0.92,13.0,0.91,20.0,,,,,,,,,0.08,13.0,0.09,20.0,,,0.093446,1776217188000
1776217190.239,290.239,0.92,13.0,0.91,20.0,,,,,,,,,0.08,13.0,0.09,20.0,,,0.093442,1776217189000
1776217191.373,291.373,0.92,13.0,0.91,20.0,,,,,,,,,0.08,13.0,0.09,20.0,,,0.093442,1776217190000
1776217192.099,292.099,0.92,13.0,0.91,20.0,,,,,,,,,0.08,13.0,0.09,20.0,,,0.093442,1776217191000
1776217193.24,293.24,0.92,13.0,0.91,20.0,,,,,,,,,0.08,13.0,0.09,20.0,,,0.093435,1776217192000
1776217194.338,294.338,0.92,13.0,0.91,20.0,,,,,,,,,0.08,13.0,0.09,20.0,,,0.093436,1776217193000
1776217194.937,294.937,0.92,13.0,0.91,20.0,,,,,,,,,0.08,13.0,0.09,20.0,,,0.093434,1776217194000
1776217196.009,296.009,0.92,13.0,0.91,20.0,,,,,,,,,0.08,13.0,0.09,20.0,,,0.093433,1776217195000
1776217197.099,297.099,0.92,13.0,0.91,20.0,,,,,,,,,0.08,13.0,0.09,20.0,,,0.093433,1776217196000
1776217198.279,298.279,0.92,13.0,0.91,20.0,,,,,,,,,0.08,13.0,0.09,20.0,,,0.093433,1776217197000
1776217199.324,299.324,0.92,13.0,0.91,20.0,,,,,,,,,0.08,13.0,0.09,20.0,,,0.093433,1776217198000
1776217200.733,300.733,0.92,13.0,0.91,20.0,,,,,,,,,0.08,13.0,0.09,20.0,,,0.09343,1776217199000

# RESULT,winner=Up,slug=doge-updown-5m-1776216900,ticks=313
