timestamp,elapsed_sec,up_bid_p1,up_bid_s1,up_bid_p2,up_bid_s2,up_ask_p1,up_ask_s1,up_ask_p2,up_ask_s2,down_bid_p1,down_bid_s1,down_bid_p2,down_bid_s2,down_ask_p1,down_ask_s1,down_ask_p2,down_ask_s2,up_spread,down_spread,doge_price,doge_oracle_ts
1776335400.588,0.588,0.51,5.0,0.41,37.0,0.59,37.0,0.6,33.0,0.41,37.0,0.4,33.0,0.49,5.0,0.59,37.0,0.08,0.08,0.095642,1776335399000
1776335401.123,1.123,0.51,5.0,0.41,37.0,0.59,37.0,0.6,33.0,0.41,37.0,0.4,33.0,0.49,5.0,0.59,37.0,0.08,0.08,0.095642,1776335400000
1776335415.933,15.933,0.57,5.0,0.56,15.0,0.58,1.0,0.65,5.0,0.41,37.0,0.4,33.0,0.49,5.0,0.59,37.0,0.01,0.08,0.095663,1776335415000
1776335416.773,16.773,0.65,5.0,0.64,5.0,0.67,5.0,0.68,5.0,0.35,5.0,0.34,5.0,0.43,5.0,0.44,15.0,0.02,0.08,0.095663,1776335415000
1776335439.382,39.382,0.69,5.0,0.68,5.0,0.71,4.5,0.72,5.0,0.33,5.0,0.32,5.0,0.35,5.0,0.36,5.0,0.02,0.02,0.095715,1776335438000
1776335462.029,62.029,0.64,0.69,0.63,5.0,0.67,5.0,0.68,5.0,0.29,4.5,0.28,5.0,0.31,5.0,0.32,5.0,0.03,0.02,0.09569,1776335460000
1776335469.894,69.894,0.72,5.0,0.71,5.0,0.74,4.0,0.75,5.0,0.33,5.0,0.32,5.0,0.36,0.69,0.37,5.0,0.02,0.03,0.095699,1776335468000
1776335475.622,75.622,0.74,10.0,0.73,5.0,0.76,1.0,0.77,5.0,0.26,4.0,0.25,5.0,0.28,5.0,0.29,5.0,0.02,0.02,0.095738,1776335474000
1776335477.33,77.33,0.78,5.0,0.77,5.0,0.8,5.0,0.81,5.0,0.24,1.0,0.23,5.0,0.26,10.0,0.27,5.0,0.02,0.02,0.09574,1776335476000
1776335479.903,79.903,0.79,0.23,0.78,5.0,0.8,5.0,0.81,5.0,0.2,5.0,0.19,5.0,0.22,5.0,0.23,5.0,0.01,0.02,0.095743,1776335478000
1776335484.366,84.366,0.76,5.0,0.75,5.0,0.79,5.0,0.8,5.0,0.2,5.0,0.19,5.0,0.21,0.23,0.22,5.0,0.03,0.01,0.095758,1776335483000
1776335490.532,90.532,0.83,5.0,0.82,5.0,0.85,5.0,0.86,5.0,0.21,5.0,0.2,5.0,0.24,5.0,0.25,5.0,0.02,0.03,0.09576,1776335489000
1776335512.665,112.665,0.81,5.0,0.8,5.0,0.85,23.44,0.86,26.6,0.15,5.0,0.14,5.0,0.17,5.0,0.18,5.0,0.04,0.02,0.095754,1776335510000
1776335542.547,142.547,0.87,5.0,0.86,5.0,0.89,10.0,0.9,43.9,0.15,23.44,0.14,26.6,0.19,5.0,0.2,5.0,0.02,0.04,0.095744,1776335541000
1776335544.518,144.518,0.88,5.0,0.87,5.0,0.9,38.9,0.91,47.7,0.11,10.0,0.1,43.9,0.13,5.0,0.14,5.0,0.02,0.02,0.095743,1776335543000
1776335546.459,146.459,0.89,5.0,0.88,5.0,0.91,42.7,0.92,52.29,0.1,38.9,0.09,47.7,0.12,5.0,0.13,5.0,0.02,0.02,0.095744,1776335545000
1776335551.379,151.379,0.89,5.0,0.88,5.0,0.9,13.37,0.91,47.7,0.09,42.7,0.08,52.29,0.11,5.0,0.12,5.0,0.01,0.02,0.095748,1776335550000
1776335564.42,164.42,0.9,5.0,0.89,5.0,0.91,37.97,0.92,47.29,0.1,13.37,0.09,47.7,0.11,5.0,0.12,5.0,0.01,0.01,0.095745,1776335562000
1776335564.755,164.755,0.9,5.0,0.89,5.0,0.91,32.91,0.92,47.29,0.09,37.97,0.08,47.29,0.1,5.0,0.11,5.0,0.01,0.01,0.095746,1776335563000
1776335572.352,172.352,0.85,5.8,0.84,5.0,0.88,20.0,0.89,31.6,0.09,32.91,0.08,47.29,0.1,5.0,0.11,5.0,0.03,0.01,0.095746,1776335571000
1776335575.433,175.433,0.86,5.0,0.85,10.8,0.88,15.0,0.89,31.6,0.12,20.0,0.11,31.6,0.15,5.8,0.16,5.0,0.02,0.03,0.095721,1776335574000
1776335577.325,177.325,0.86,5.0,0.85,10.8,0.88,15.0,0.89,31.6,0.12,15.0,0.11,31.6,0.14,5.0,0.15,10.8,0.02,0.02,0.095721,1776335576000
1776335578.95,178.95,0.86,5.0,0.85,10.8,0.87,25.75,0.88,25.0,0.12,15.0,0.11,31.6,0.14,5.0,0.15,10.8,0.01,0.02,0.095721,1776335577000
1776335594.437,194.437,0.73,5.0,0.72,5.0,0.75,3.66,0.76,5.0,0.13,25.75,0.12,25.0,0.14,5.0,0.15,10.8,0.02,0.01,0.095697,1776335593000
1776335596.061,196.061,0.74,5.0,0.73,5.0,0.76,14.3,0.77,19.7,0.25,3.66,0.24,5.0,0.27,5.0,0.28,5.0,0.02,0.02,0.095685,1776335594000
1776335597.654,197.654,0.74,5.0,0.73,5.0,0.76,14.3,0.77,19.7,0.24,14.3,0.23,19.7,0.26,5.0,0.27,5.0,0.02,0.02,0.095682,1776335596000
1776335599.576,199.576,0.76,5.0,0.75,5.0,0.78,15.2,0.79,20.7,0.24,14.3,0.23,19.7,0.26,5.0,0.27,5.0,0.02,0.02,0.095682,1776335598000
1776335601.467,201.467,0.75,5.0,0.74,5.0,0.77,5.0,0.78,5.0,0.22,15.2,0.21,20.7,0.24,5.0,0.25,5.0,0.02,0.02,0.095681,1776335600000
1776335604.613,204.613,0.75,5.0,0.74,5.0,0.77,5.0,0.79,20.7,0.23,5.0,0.22,5.0,0.25,5.0,0.26,5.0,0.02,0.02,0.095682,1776335603000
1776335606.509,206.509,0.76,5.0,0.75,5.0,0.78,10.0,0.79,5.0,0.23,5.0,0.21,20.7,0.25,5.0,0.26,5.0,0.02,0.02,0.095682,1776335605000
1776335609.197,209.197,0.78,5.0,0.77,5.0,0.81,5.0,0.82,5.0,0.22,10.0,0.21,5.0,0.24,5.0,0.25,5.0,0.03,0.02,0.09569,1776335608000
1776335617.239,217.239,0.79,5.0,0.78,5.0,0.8,8.75,0.81,11.0,0.19,5.0,0.18,5.0,0.21,0.14,0.22,5.0,0.01,0.02,0.095693,1776335616000
1776335636.687,236.687,0.88,5.0,0.87,5.0,0.89,3.87,0.9,33.9,0.2,8.75,0.19,11.0,0.21,5.0,0.22,5.0,0.01,0.01,0.095688,1776335635000
1776335640.724,240.724,0.82,22.6,0.81,21.89,0.83,0.39,0.84,5.0,0.11,3.87,0.1,33.9,0.12,5.0,0.13,5.0,0.01,0.01,0.095705,1776335639000
1776335641.153,241.153,0.83,5.0,0.82,22.6,0.85,3.18,0.86,5.0,0.17,0.39,0.16,5.0,0.18,22.6,0.19,21.89,0.02,0.01,0.095705,1776335639000
1776335650.884,250.884,0.89,5.0,0.88,5.0,0.91,5.0,0.92,52.29,0.15,3.18,0.14,5.0,0.17,5.0,0.18,22.6,0.02,0.02,0.095699,1776335649000
1776335652.157,252.157,0.89,5.0,0.88,5.0,0.92,52.29,0.93,58.9,0.09,5.0,0.08,52.29,0.11,5.0,0.12,5.0,0.03,0.02,0.095698,1776335650000
1776335657.103,257.103,0.72,3.02,0.71,5.0,0.73,5.0,0.74,5.0,0.08,52.29,0.07,58.9,0.11,5.0,0.12,5.0,0.01,0.03,0.095672,1776335656000
1776335657.961,257.961,0.73,3.62,0.72,5.0,0.74,10.0,0.75,5.0,0.27,5.0,0.26,5.0,0.28,3.02,0.29,5.0,0.01,0.01,0.095672,1776335656000
1776335658.765,258.765,0.73,1.76,0.72,5.0,0.74,5.0,0.75,5.0,0.26,10.0,0.25,5.0,0.27,3.62,0.28,5.0,0.01,0.01,0.09567,1776335657000
1776335660.408,260.408,0.72,5.0,0.71,5.0,0.75,8.34,0.76,5.0,0.26,5.0,0.25,5.0,0.27,1.76,0.28,5.0,0.03,0.01,0.095671,1776335659000
1776335664.617,264.617,0.74,5.0,0.73,5.0,0.76,5.0,0.79,5.0,0.25,8.34,0.24,5.0,0.28,5.0,0.29,5.0,0.02,0.03,0.095671,1776335663000
1776335664.917,264.917,0.75,5.0,0.74,5.0,0.78,5.0,0.79,5.0,0.24,5.0,0.21,5.0,0.26,5.0,0.27,5.0,0.03,0.02,0.095671,1776335663000
1776335666.491,266.491,0.77,5.0,0.76,5.0,0.79,5.0,0.8,5.0,0.22,5.0,0.21,5.0,0.25,5.0,0.26,5.0,0.02,0.03,0.095671,1776335665000
1776335668.505,268.505,0.77,5.0,0.76,5.0,0.8,5.0,0.81,5.0,0.21,5.0,0.2,5.0,0.23,5.0,0.24,5.0,0.03,0.02,0.095671,1776335667000
1776335670.302,270.302,0.79,5.0,0.78,5.0,0.8,3.75,0.81,5.0,0.2,5.0,0.19,5.0,0.23,5.0,0.24,5.0,0.01,0.03,0.095672,1776335668000
1776335671.573,271.573,0.76,5.0,0.75,5.0,0.78,5.51,0.79,10.0,0.21,5.0,0.2,3.75,0.23,5.0,0.24,5.0,0.02,0.02,0.095672,1776335670000
1776335672.181,272.181,0.78,5.0,0.77,5.0,0.8,3.75,0.81,5.0,0.22,5.51,0.21,10.0,0.24,5.0,0.25,5.0,0.02,0.02,0.095672,1776335671000
1776335677.008,277.008,0.77,5.0,0.76,5.0,0.8,1.26,0.81,5.0,0.2,3.75,0.19,5.0,0.22,5.0,0.23,5.0,0.03,0.02,0.095672,1776335675000
1776335677.888,277.888,0.81,5.0,0.8,5.0,0.82,3.78,0.83,5.0,0.2,1.26,0.19,5.0,0.23,5.0,0.24,5.0,0.01,0.03,0.095671,1776335676000
1776335680.564,280.564,0.63,1.83,0.62,5.0,0.65,5.0,0.66,5.0,0.18,3.78,0.17,5.0,0.19,5.0,0.2,5.0,0.02,0.01,0.095671,1776335679000
1776335681.155,281.155,0.62,2.05,0.61,5.0,0.67,5.0,0.68,5.0,0.35,5.0,0.34,5.0,0.37,1.83,0.38,5.0,0.05,0.02,0.095671,1776335679000
1776335681.447,281.447,0.56,14.11,0.51,5.0,0.58,5.0,0.59,5.0,0.33,5.0,0.32,5.0,0.38,2.05,0.39,5.0,0.02,0.05,0.095671,1776335680000
1776335682.22,282.22,0.5,5.0,0.49,5.0,0.51,28.85,0.54,5.0,0.49,35.89,0.48,5.0,0.5,0.08,0.51,5.0,0.01,0.01,0.095671,1776335680000
1776335682.544,282.544,0.49,4.07,0.48,5.0,0.51,28.85,0.54,5.0,0.49,28.85,0.46,5.0,0.5,5.0,0.51,5.0,0.02,0.01,0.095658,1776335681000
1776335683.997,283.997,0.6,5.0,0.59,5.0,0.61,45.13,0.68,5.0,0.49,28.85,0.48,5.0,0.51,3.87,0.52,5.0,0.01,0.02,0.095648,1776335682000
1776335685.169,285.169,0.67,5.0,0.66,5.0,0.69,4.0,0.7,5.0,0.39,45.13,0.32,5.0,0.4,5.0,0.41,5.0,0.02,0.01,0.095637,1776335683000
1776335685.544,285.544,0.89,5.0,0.88,5.0,0.91,1.73,0.92,17.0,0.3,4.7,0.29,55.0,0.33,5.0,0.34,5.0,0.02,0.03,0.095637,1776335684000
1776335685.771,285.771,0.91,3.77,0.9,5.0,0.92,12.0,0.93,14.0,0.09,1.73,0.08,17.0,0.11,5.0,0.12,5.0,0.01,0.02,0.095637,1776335684000
1776335686.154,286.154,0.91,5.0,0.9,5.0,0.92,8.77,0.93,19.0,0.08,12.0,0.07,14.0,0.11,3.53,0.12,5.0,0.01,0.03,0.095637,1776335684000
1776335686.691,286.691,0.91,5.0,0.9,5.0,0.93,8.79,0.94,16.0,0.08,5.54,0.07,19.0,0.09,5.0,0.1,5.0,0.02,0.01,0.095637,1776335684000
1776335687.245,287.245,0.85,3.48,0.84,5.0,0.93,8.79,0.94,16.0,0.07,8.79,0.06,16.0,0.09,5.0,0.1,5.0,0.08,0.02,0.095644,1776335685000
1776335689.341,289.341,0.91,119.56,0.9,5.0,0.93,7.71,0.94,21.0,0.07,7.71,0.06,16.0,0.15,3.48,0.16,5.0,0.02,0.08,0.095675,1776335688000
1776335691.063,291.063,0.92,5.0,0.91,5.0,0.95,4.68,0.96,30.0,0.07,7.71,0.06,21.0,0.09,119.56,0.1,5.0,0.03,0.02,0.095679,1776335689000
1776335693.165,293.165,0.94,5.0,0.93,5.0,0.96,28.68,0.97,43.0,0.05,4.68,0.04,30.0,0.08,5.0,0.09,5.0,0.02,0.03,0.095699,1776335692000
1776335693.512,293.512,0.95,5.0,0.94,5.0,0.96,3.06,0.97,43.0,0.04,23.63,0.03,43.0,0.05,5.0,0.06,5.0,0.01,0.01,0.095699,1776335692000
1776335693.973,293.973,0.95,5.0,0.94,5.0,0.97,22.38,0.98,65.0,0.04,3.06,0.03,43.0,0.05,5.0,0.06,5.0,0.02,0.01,0.095699,1776335692000
1776335694.223,294.223,0.95,5.0,0.94,5.0,0.97,5.75,0.98,65.0,0.03,12.17,0.02,65.0,0.05,5.0,0.06,5.0,0.02,0.02,0.095708,1776335693000
1776335695.593,295.593,0.97,5.0,0.96,5.0,0.98,65.0,0.99,205.0,0.03,5.75,0.02,65.0,0.05,5.0,0.06,5.0,0.01,0.02,0.095709,1776335694000
1776335696.205,296.205,0.99,730.0,0.97,5.0,,,,,0.02,65.0,0.01,205.0,0.03,5.0,0.04,5.0,,0.01,0.095709,1776335694000
1776335696.516,296.516,0.99,707.03,0.98,5.0,,,,,,,,,0.01,730.0,0.03,5.0,,,0.095708,1776335695000

# RESULT,winner=Up,slug=doge-updown-5m-1776335400,ticks=71
