timestamp,elapsed_sec,up_bid_p1,up_bid_s1,up_bid_p2,up_bid_s2,up_ask_p1,up_ask_s1,up_ask_p2,up_ask_s2,down_bid_p1,down_bid_s1,down_bid_p2,down_bid_s2,down_ask_p1,down_ask_s1,down_ask_p2,down_ask_s2,up_spread,down_spread,doge_price,doge_oracle_ts
1776271200.597,0.597,0.41,37.0,0.4,33.0,0.48,15.0,0.59,37.0,0.52,15.0,0.47,26.0,0.53,7.14,0.54,64.0,0.07,0.01,0.094438,1776271199000
1776271201.302,1.302,0.41,37.0,0.4,33.0,0.48,15.0,0.59,37.0,0.52,15.0,0.41,37.0,0.59,37.0,0.6,33.0,0.07,0.07,0.094435,1776271200000
1776271202.553,2.553,0.41,37.0,0.4,33.0,0.48,15.0,0.59,37.0,0.52,15.0,0.41,37.0,0.59,37.0,0.6,33.0,0.07,0.07,0.094434,1776271201000
1776271203.134,3.134,0.41,37.0,0.4,33.0,0.48,15.0,0.59,37.0,0.52,15.0,0.41,37.0,0.59,37.0,0.6,33.0,0.07,0.07,0.094437,1776271202000
1776271204.207,4.207,0.41,37.0,0.4,33.0,0.48,15.0,0.59,37.0,0.52,15.0,0.41,37.0,0.59,37.0,0.6,33.0,0.07,0.07,0.094449,1776271203000
1776271204.584,4.584,0.47,5.0,0.46,10.0,0.48,10.0,0.49,5.0,0.52,15.0,0.41,37.0,0.59,37.0,0.6,33.0,0.01,0.07,0.094449,1776271203000
1776271205.298,5.298,0.47,5.0,0.46,10.0,0.48,1.68,0.49,5.0,0.52,1.68,0.51,5.0,0.53,5.0,0.54,10.0,0.01,0.01,0.09445,1776271204000
1776271206.557,6.557,0.47,5.0,0.46,10.0,0.48,1.68,0.49,5.0,0.52,1.68,0.51,5.0,0.53,5.0,0.54,10.0,0.01,0.01,0.09445,1776271205000
1776271206.884,6.884,0.47,5.0,0.46,10.0,0.48,1.68,0.49,5.0,0.52,1.68,0.51,5.0,0.53,5.0,0.54,10.0,0.01,0.01,0.09445,1776271206000
1776271207.281,7.281,0.46,7.81,0.45,13.0,0.47,5.0,0.48,11.68,0.52,1.68,0.51,5.0,0.53,5.0,0.54,10.0,0.01,0.01,0.09445,1776271206000
1776271207.805,7.805,0.45,5.81,0.42,5.0,0.47,11.0,0.48,11.68,0.53,5.0,0.52,11.68,0.54,7.81,0.55,13.0,0.02,0.01,0.09445,1776271206000
1776271208.124,8.124,0.45,5.81,0.42,5.0,0.47,11.0,0.48,11.68,0.53,11.0,0.52,11.68,0.55,5.81,0.58,5.0,0.02,0.02,0.094449,1776271207000
1776271209.55,9.55,0.45,0.81,0.42,5.0,0.46,5.0,0.47,11.0,0.54,5.0,0.53,11.0,0.55,0.81,0.58,5.0,0.01,0.01,0.094411,1776271208000
1776271210.143,10.143,0.45,0.81,0.42,5.0,0.46,5.0,0.47,11.0,0.54,5.0,0.53,11.0,0.55,0.81,0.58,5.0,0.01,0.01,0.0944,1776271209000
1776271211.091,11.091,0.45,0.81,0.42,5.0,0.46,5.0,0.47,11.0,0.54,5.0,0.53,11.0,0.55,0.81,0.58,5.0,0.01,0.01,0.094403,1776271210000
1776271211.447,11.447,0.46,5.0,0.45,5.81,0.48,1.68,0.5,15.0,0.54,5.0,0.53,11.0,0.55,0.81,0.58,5.0,0.02,0.01,0.094403,1776271210000
1776271211.802,11.802,0.47,3.0,0.46,5.0,0.48,1.68,0.52,5.0,0.52,1.68,0.5,15.0,0.54,5.0,0.55,5.81,0.01,0.02,0.094403,1776271210000
1776271212.15,12.15,0.47,3.0,0.46,5.0,0.48,1.68,0.52,5.0,0.52,1.68,0.48,5.0,0.53,3.0,0.54,5.0,0.01,0.01,0.094404,1776271211000
1776271213.15,13.15,0.47,3.0,0.46,5.0,0.48,1.68,0.52,5.0,0.52,1.68,0.48,5.0,0.53,3.0,0.54,5.0,0.01,0.01,0.094409,1776271212000
1776271214.119,14.119,0.44,5.0,0.43,5.0,0.47,5.0,0.48,6.68,0.53,5.0,0.52,6.68,0.56,5.0,0.57,5.0,0.03,0.03,0.094421,1776271213000
1776271214.655,14.655,0.46,5.0,0.45,5.0,0.48,5.04,0.49,5.0,0.52,5.04,0.51,5.0,0.54,5.0,0.55,5.0,0.02,0.02,0.094421,1776271213000
1776271215.133,15.133,0.45,4.54,0.44,5.0,0.48,5.04,0.49,5.0,0.52,5.04,0.51,5.0,0.55,4.54,0.56,5.0,0.03,0.03,0.094414,1776271214000
1776271215.789,15.789,0.4,5.0,0.39,5.0,0.43,3.04,0.44,5.0,0.52,5.04,0.51,5.0,0.55,4.54,0.56,5.0,0.03,0.03,0.094414,1776271214000
1776271216.202,16.202,0.4,5.0,0.39,5.0,0.43,3.04,0.44,5.0,0.57,3.04,0.56,5.0,0.6,5.0,0.61,5.0,0.03,0.03,0.094417,1776271215000
1776271217.251,17.251,0.4,5.0,0.39,5.0,0.43,3.04,0.44,5.0,0.57,3.04,0.56,5.0,0.6,5.0,0.61,5.0,0.03,0.03,0.094416,1776271216000
1776271218.316,18.316,0.4,5.0,0.39,5.0,0.43,3.04,0.44,5.0,0.57,3.04,0.56,5.0,0.6,5.0,0.61,5.0,0.03,0.03,0.094405,1776271217000
1776271219.216,19.216,0.44,5.0,0.43,5.0,0.46,5.0,0.47,5.0,0.57,3.04,0.56,5.0,0.6,5.0,0.61,5.0,0.02,0.03,0.094405,1776271217000
1776271220.266,20.266,0.36,5.0,0.35,5.0,0.39,5.0,0.4,5.0,0.54,5.0,0.53,5.0,0.56,5.0,0.57,5.0,0.03,0.02,0.094387,1776271218000
1776271221.299,21.299,0.36,5.0,0.35,5.0,0.39,5.0,0.4,5.0,0.61,5.0,0.6,5.0,0.64,5.0,0.65,5.0,0.03,0.03,0.094389,1776271220000
1776271222.715,22.715,0.36,5.0,0.35,5.0,0.39,5.0,0.4,5.0,0.61,5.0,0.6,5.0,0.64,5.0,0.65,5.0,0.03,0.03,0.094384,1776271221000
1776271223.176,23.176,0.36,5.0,0.35,5.0,0.39,5.0,0.4,5.0,0.61,5.0,0.6,5.0,0.64,5.0,0.65,5.0,0.03,0.03,0.094387,1776271222000
1776271224.158,24.158,0.36,5.0,0.35,5.0,0.39,5.0,0.4,5.0,0.61,5.0,0.6,5.0,0.64,5.0,0.65,5.0,0.03,0.03,0.094407,1776271223000
1776271225.291,25.291,0.36,5.0,0.35,5.0,0.39,5.0,0.4,5.0,0.61,5.0,0.6,5.0,0.64,5.0,0.65,5.0,0.03,0.03,0.094408,1776271224000
1776271226.149,26.149,0.36,5.0,0.35,5.0,0.39,5.0,0.4,5.0,0.61,5.0,0.6,5.0,0.64,5.0,0.65,5.0,0.03,0.03,0.094404,1776271225000
1776271227.156,27.156,0.36,5.0,0.35,5.0,0.39,5.0,0.4,5.0,0.61,5.0,0.6,5.0,0.64,5.0,0.65,5.0,0.03,0.03,0.094381,1776271226000
1776271227.734,27.734,0.27,3.45,0.26,5.0,0.28,5.0,0.29,5.0,0.61,5.0,0.6,5.0,0.64,5.0,0.65,5.0,0.01,0.03,0.094381,1776271226000
1776271228.026,28.026,0.22,5.0,0.21,5.0,0.25,4.73,0.26,5.0,0.72,5.0,0.71,5.0,0.73,3.45,0.74,5.0,0.03,0.01,0.094381,1776271226000
1776271228.262,28.262,0.22,5.0,0.21,5.0,0.25,4.73,0.26,5.0,0.75,4.73,0.74,5.0,0.78,5.0,0.79,5.0,0.03,0.03,0.09436,1776271227000
1776271228.527,28.527,0.24,5.0,0.23,5.0,0.26,5.0,0.27,5.0,0.75,4.73,0.74,5.0,0.78,5.0,0.79,5.0,0.02,0.03,0.09436,1776271227000
1776271229.213,29.213,0.24,5.0,0.23,5.0,0.26,5.0,0.27,5.0,0.74,5.0,0.73,5.0,0.76,5.0,0.77,5.0,0.02,0.02,0.094352,1776271228000
1776271230.249,30.249,0.29,5.0,0.28,5.0,0.31,5.0,0.32,5.0,0.69,5.0,0.68,5.0,0.71,5.0,0.72,5.0,0.02,0.02,0.094344,1776271229000
1776271231.207,31.207,0.29,5.0,0.28,5.0,0.31,5.0,0.32,5.0,0.69,5.0,0.68,5.0,0.71,5.0,0.72,5.0,0.02,0.02,0.094354,1776271230000
1776271232.173,32.173,0.29,5.0,0.28,5.0,0.31,5.0,0.32,5.0,0.69,5.0,0.68,5.0,0.71,5.0,0.72,5.0,0.02,0.02,0.094365,1776271231000
1776271233.071,33.071,0.41,5.0,0.4,5.0,0.43,5.0,0.44,5.0,0.57,5.0,0.56,5.0,0.59,5.0,0.6,5.0,0.02,0.02,0.094391,1776271232000
1776271233.613,33.613,0.41,5.0,0.4,5.0,0.44,5.0,0.45,5.0,0.57,5.0,0.56,5.0,0.59,5.0,0.6,5.0,0.03,0.02,0.094391,1776271232000
1776271234.042,34.042,0.41,5.0,0.4,5.0,0.44,5.0,0.45,5.0,0.56,5.0,0.55,5.0,0.59,5.0,0.6,5.0,0.03,0.03,0.094405,1776271233000
1776271235.557,35.557,0.41,5.0,0.4,5.0,0.44,5.0,0.45,5.0,0.56,5.0,0.55,5.0,0.59,5.0,0.6,5.0,0.03,0.03,0.094413,1776271234000
1776271236.036,36.036,0.41,5.0,0.4,5.0,0.44,5.0,0.45,5.0,0.56,5.0,0.55,5.0,0.59,5.0,0.6,5.0,0.03,0.03,0.094412,1776271235000
1776271236.271,36.271,0.49,5.0,0.48,5.0,0.51,5.0,0.52,5.0,0.49,4.14,0.48,5.0,0.53,5.0,0.54,5.0,0.02,0.04,0.094412,1776271235000
1776271236.534,36.534,0.48,5.0,0.47,5.0,0.5,4.1,0.51,5.0,0.49,5.0,0.48,5.0,0.51,5.0,0.52,5.0,0.02,0.02,0.094412,1776271235000
1776271237.231,37.231,0.48,5.0,0.47,5.0,0.5,4.1,0.51,5.0,0.5,4.1,0.49,5.0,0.52,5.0,0.53,5.0,0.02,0.02,0.094429,1776271236000
1776271238.625,38.625,0.48,5.0,0.47,5.0,0.5,4.1,0.51,5.0,0.5,4.1,0.49,5.0,0.52,5.0,0.53,5.0,0.02,0.02,0.094435,1776271237000
1776271239.244,39.244,0.48,5.0,0.47,5.0,0.5,4.1,0.51,5.0,0.5,4.1,0.49,5.0,0.52,5.0,0.53,5.0,0.02,0.02,0.094433,1776271238000
1776271240.788,40.788,0.48,5.0,0.47,5.0,0.5,4.1,0.51,5.0,0.5,4.1,0.49,5.0,0.52,5.0,0.53,5.0,0.02,0.02,0.094437,1776271239000
1776271241.716,41.716,0.44,9.84,0.43,5.0,0.48,5.0,0.49,5.0,0.5,4.1,0.49,5.0,0.52,5.0,0.53,5.0,0.04,0.02,0.094437,1776271239000
1776271242.473,42.473,0.44,9.84,0.43,5.0,0.48,5.0,0.49,5.0,0.52,5.0,0.51,5.0,0.56,9.84,0.57,5.0,0.04,0.04,0.094435,1776271241000
1776271243.054,43.054,0.44,9.84,0.43,5.0,0.48,5.0,0.49,5.0,0.52,5.0,0.51,5.0,0.56,9.84,0.57,5.0,0.04,0.04,0.094435,1776271242000
1776271244.404,44.404,0.44,9.84,0.43,5.0,0.48,5.0,0.49,5.0,0.52,5.0,0.51,5.0,0.56,9.84,0.57,5.0,0.04,0.04,0.094434,1776271243000
1776271244.943,44.943,0.44,9.84,0.43,5.0,0.48,5.0,0.49,5.0,0.52,5.0,0.51,5.0,0.56,9.84,0.57,5.0,0.04,0.04,0.094434,1776271244000
1776271245.663,45.663,0.44,5.0,0.42,5.0,0.46,5.0,0.47,5.0,0.52,5.0,0.51,5.0,0.56,9.84,0.57,5.0,0.02,0.04,0.094434,1776271244000
1776271246.434,46.434,0.44,5.0,0.42,5.0,0.46,5.0,0.47,5.0,0.54,5.0,0.53,5.0,0.56,5.0,0.58,5.0,0.02,0.02,0.094434,1776271245000
1776271247.201,47.201,0.44,5.0,0.42,5.0,0.46,5.0,0.47,5.0,0.54,5.0,0.53,5.0,0.56,5.0,0.58,5.0,0.02,0.02,0.094436,1776271246000
1776271248.091,48.091,0.42,5.0,0.41,5.0,0.46,5.0,0.47,5.0,0.54,5.0,0.53,5.0,0.58,5.0,0.59,5.0,0.04,0.04,0.094432,1776271247000
1776271249.554,49.554,0.42,5.0,0.41,5.0,0.46,5.0,0.47,5.0,0.54,5.0,0.53,5.0,0.58,5.0,0.59,5.0,0.04,0.04,0.09443,1776271248000
1776271250.375,50.375,0.42,5.0,0.41,5.0,0.46,5.0,0.47,5.0,0.54,5.0,0.53,5.0,0.58,5.0,0.59,5.0,0.04,0.04,0.094424,1776271249000
1776271250.98,50.98,0.42,5.0,0.41,10.0,0.44,2.2,0.45,5.0,0.54,5.0,0.53,5.0,0.58,5.0,0.59,5.0,0.02,0.04,0.094424,1776271249000
1776271251.444,51.444,0.44,5.0,0.43,5.0,0.47,2.2,0.48,5.0,0.56,2.2,0.55,5.0,0.58,5.0,0.59,10.0,0.03,0.02,0.094424,1776271249000
1776271252.245,52.245,0.44,5.0,0.43,5.0,0.47,2.2,0.48,5.0,0.53,2.2,0.52,5.0,0.56,5.0,0.57,5.0,0.03,0.03,0.09443,1776271251000
1776271253.346,53.346,0.44,5.0,0.43,5.0,0.47,2.2,0.48,5.0,0.53,2.2,0.52,5.0,0.56,5.0,0.57,5.0,0.03,0.03,0.094426,1776271252000
1776271253.988,53.988,0.44,5.0,0.43,5.0,0.47,2.2,0.48,5.0,0.53,2.2,0.52,5.0,0.56,5.0,0.57,5.0,0.03,0.03,0.094418,1776271253000
1776271255.013,55.013,0.44,5.0,0.43,5.0,0.47,2.2,0.48,5.0,0.53,2.2,0.52,5.0,0.56,5.0,0.57,5.0,0.03,0.03,0.094414,1776271254000
1776271256.015,56.015,0.44,5.0,0.43,5.0,0.47,2.2,0.48,5.0,0.53,2.2,0.52,5.0,0.56,5.0,0.57,5.0,0.03,0.03,0.094414,1776271255000
1776271257.047,57.047,0.44,5.0,0.43,5.0,0.47,2.2,0.48,5.0,0.53,2.2,0.52,5.0,0.56,5.0,0.57,5.0,0.03,0.03,0.094421,1776271256000
1776271258.033,58.033,0.44,5.0,0.43,5.0,0.47,2.2,0.48,5.0,0.53,2.2,0.52,5.0,0.56,5.0,0.57,5.0,0.03,0.03,0.094422,1776271257000
1776271258.956,58.956,0.44,5.0,0.43,5.0,0.47,2.2,0.48,5.0,0.53,2.2,0.52,5.0,0.56,5.0,0.57,5.0,0.03,0.03,0.094421,1776271258000
1776271260.042,60.042,0.44,5.0,0.43,5.0,0.47,2.2,0.48,5.0,0.53,2.2,0.52,5.0,0.56,5.0,0.57,5.0,0.03,0.03,0.094422,1776271259000
1776271261.149,61.149,0.44,5.0,0.43,5.0,0.47,2.2,0.48,5.0,0.53,2.2,0.52,5.0,0.56,5.0,0.57,5.0,0.03,0.03,0.094422,1776271260000
1776271262.252,62.252,0.44,5.0,0.43,5.0,0.47,2.2,0.48,5.0,0.53,2.2,0.52,5.0,0.56,5.0,0.57,5.0,0.03,0.03,0.094414,1776271261000
1776271263.337,63.337,0.44,5.0,0.43,5.0,0.47,2.2,0.48,5.0,0.53,2.2,0.52,5.0,0.56,5.0,0.57,5.0,0.03,0.03,0.094415,1776271262000
1776271264.324,64.324,0.44,5.0,0.43,5.0,0.47,2.2,0.48,5.0,0.53,2.2,0.52,5.0,0.56,5.0,0.57,5.0,0.03,0.03,0.094419,1776271263000
1776271265.368,65.368,0.44,5.0,0.43,5.0,0.47,2.2,0.48,5.0,0.53,2.2,0.52,5.0,0.56,5.0,0.57,5.0,0.03,0.03,0.094414,1776271264000
1776271266.018,66.018,0.44,5.0,0.43,5.0,0.47,2.2,0.48,5.0,0.53,2.2,0.52,5.0,0.56,5.0,0.57,5.0,0.03,0.03,0.094412,1776271265000
1776271267.272,67.272,0.35,5.0,0.34,5.0,0.38,0.2,0.39,5.0,0.53,2.2,0.52,5.0,0.56,5.0,0.57,5.0,0.03,0.03,0.094412,1776271265000
1776271267.737,67.737,0.38,5.0,0.37,5.0,0.4,0.2,0.41,5.0,0.62,0.2,0.61,5.0,0.65,5.0,0.66,5.0,0.02,0.03,0.094412,1776271265000
1776271267.961,67.961,0.38,5.0,0.37,5.0,0.4,0.2,0.41,5.0,0.6,0.2,0.59,5.0,0.62,5.0,0.63,5.0,0.02,0.02,0.094409,1776271266000
1776271268.491,68.491,0.38,5.0,0.37,5.0,0.4,0.2,0.41,5.0,0.6,0.2,0.59,5.0,0.62,5.0,0.63,5.0,0.02,0.02,0.094396,1776271267000
1776271268.996,68.996,0.38,5.0,0.37,5.0,0.4,0.2,0.41,5.0,0.6,0.2,0.59,5.0,0.62,5.0,0.63,5.0,0.02,0.02,0.094392,1776271268000
1776271270.054,70.054,0.38,5.0,0.37,5.0,0.4,0.2,0.41,5.0,0.6,0.2,0.59,5.0,0.62,5.0,0.63,5.0,0.02,0.02,0.094382,1776271269000
1776271271.11,71.11,0.38,5.0,0.37,5.0,0.4,0.2,0.41,5.0,0.6,0.2,0.59,5.0,0.62,5.0,0.63,5.0,0.02,0.02,0.094357,1776271270000
1776271272.227,72.227,0.38,5.0,0.37,5.0,0.4,0.2,0.41,5.0,0.6,0.2,0.59,5.0,0.62,5.0,0.63,5.0,0.02,0.02,0.094344,1776271271000
1776271272.925,72.925,0.24,3.55,0.23,5.0,0.25,5.0,0.26,10.0,0.6,0.2,0.59,5.0,0.62,5.0,0.63,5.0,0.01,0.02,0.094344,1776271271000
1776271273.294,73.294,0.24,3.55,0.23,5.0,0.25,5.0,0.26,10.0,0.75,5.0,0.74,10.0,0.76,3.55,0.77,5.0,0.01,0.01,0.094343,1776271272000
1776271274.914,74.914,0.24,3.55,0.23,5.0,0.25,5.0,0.26,10.0,0.75,5.0,0.74,10.0,0.76,3.55,0.77,5.0,0.01,0.01,0.09434,1776271273000
1776271275.405,75.405,0.24,3.55,0.23,5.0,0.25,5.0,0.26,10.0,0.75,5.0,0.74,10.0,0.76,3.55,0.77,5.0,0.01,0.01,0.094342,1776271274000
1776271276.112,76.112,0.24,3.55,0.23,5.0,0.25,5.0,0.26,10.0,0.75,5.0,0.74,10.0,0.76,3.55,0.77,5.0,0.01,0.01,0.094342,1776271275000
1776271276.952,76.952,0.25,5.0,0.24,3.55,0.29,2.58,0.3,5.0,0.75,5.0,0.74,10.0,0.76,3.55,0.77,5.0,0.04,0.01,0.094342,1776271275000
1776271277.386,77.386,0.25,5.0,0.24,3.55,0.29,2.58,0.3,5.0,0.71,2.58,0.7,5.0,0.75,5.0,0.76,3.55,0.04,0.04,0.094343,1776271276000
1776271278.626,78.626,0.25,5.0,0.24,3.55,0.29,2.58,0.3,5.0,0.71,2.58,0.7,5.0,0.75,5.0,0.76,3.55,0.04,0.04,0.094345,1776271277000
1776271279.18,79.18,0.25,5.0,0.24,3.55,0.29,2.58,0.3,5.0,0.71,2.58,0.7,5.0,0.75,5.0,0.76,3.55,0.04,0.04,0.094347,1776271278000
1776271280.604,80.604,0.25,5.0,0.24,3.55,0.29,2.58,0.3,5.0,0.71,2.58,0.7,5.0,0.75,5.0,0.76,3.55,0.04,0.04,0.094345,1776271279000
1776271281.196,81.196,0.25,5.0,0.24,3.55,0.29,2.58,0.3,5.0,0.71,2.58,0.7,5.0,0.75,5.0,0.76,3.55,0.04,0.04,0.094354,1776271280000
1776271281.581,81.581,0.34,5.0,0.33,5.0,0.36,3.3,0.37,5.0,0.65,4.1,0.64,5.0,0.67,5.0,0.68,5.0,0.02,0.02,0.094354,1776271280000
1776271282.077,82.077,0.34,5.0,0.33,5.0,0.37,2.4,0.38,5.0,0.64,3.3,0.63,5.0,0.66,5.0,0.67,5.0,0.03,0.02,0.094354,1776271280000
1776271282.411,82.411,0.35,5.0,0.34,5.0,0.38,4.2,0.39,5.0,0.63,2.4,0.62,5.0,0.66,5.0,0.67,5.0,0.03,0.03,0.094354,1776271280000
1776271283.651,83.651,0.35,5.0,0.34,5.0,0.38,4.2,0.39,5.0,0.62,4.2,0.61,5.0,0.65,5.0,0.66,5.0,0.03,0.03,0.094375,1776271282000
1776271284.52,84.52,0.35,5.0,0.34,5.0,0.38,4.2,0.39,5.0,0.62,4.2,0.61,5.0,0.65,5.0,0.66,5.0,0.03,0.03,0.094372,1776271283000
1776271285.633,85.633,0.35,5.0,0.34,5.0,0.38,4.2,0.39,5.0,0.62,4.2,0.61,5.0,0.65,5.0,0.66,5.0,0.03,0.03,0.094372,1776271284000
1776271286.809,86.809,0.35,5.0,0.34,5.0,0.38,4.2,0.39,5.0,0.62,4.2,0.61,5.0,0.65,5.0,0.66,5.0,0.03,0.03,0.094375,1776271285000
1776271287.529,87.529,0.36,2.9,0.35,5.0,0.37,5.0,0.38,5.0,0.63,5.0,0.62,5.0,0.64,2.9,0.65,5.0,0.01,0.01,0.094373,1776271286000
1776271288.218,88.218,0.36,2.9,0.35,5.0,0.37,5.0,0.38,5.0,0.63,5.0,0.62,5.0,0.64,2.9,0.65,5.0,0.01,0.01,0.094371,1776271287000
1776271289.685,89.685,0.36,2.9,0.35,5.0,0.37,5.0,0.38,5.0,0.63,5.0,0.62,5.0,0.64,2.9,0.65,5.0,0.01,0.01,0.094371,1776271288000
1776271290.349,90.349,0.36,2.9,0.35,5.0,0.37,5.0,0.38,5.0,0.63,5.0,0.62,5.0,0.64,2.9,0.65,5.0,0.01,0.01,0.094374,1776271289000
1776271291.17,91.17,0.36,2.9,0.35,5.0,0.37,5.0,0.38,5.0,0.63,5.0,0.62,5.0,0.64,2.9,0.65,5.0,0.01,0.01,0.094381,1776271290000
1776271292.424,92.424,0.36,2.9,0.35,5.0,0.37,5.0,0.38,5.0,0.63,5.0,0.62,5.0,0.64,2.9,0.65,5.0,0.01,0.01,0.094391,1776271291000
1776271293.178,93.178,0.36,2.9,0.35,5.0,0.37,5.0,0.38,5.0,0.63,5.0,0.62,5.0,0.64,2.9,0.65,5.0,0.01,0.01,0.094394,1776271292000
1776271294.336,94.336,0.34,5.0,0.33,5.0,0.37,2.97,0.38,5.0,0.63,5.0,0.62,5.0,0.64,2.9,0.65,5.0,0.03,0.01,0.094394,1776271292000
1776271295.187,95.187,0.34,5.0,0.33,5.0,0.37,2.97,0.38,5.0,0.63,2.97,0.62,5.0,0.66,5.0,0.67,5.0,0.03,0.03,0.094387,1776271294000
1776271296.563,96.563,0.34,5.0,0.33,5.0,0.37,2.97,0.38,5.0,0.63,2.97,0.62,5.0,0.66,5.0,0.67,5.0,0.03,0.03,0.094363,1776271295000
1776271296.856,96.856,0.18,3.85,0.17,5.0,0.21,5.0,0.22,32.0,0.63,2.97,0.62,5.0,0.66,5.0,0.67,5.0,0.03,0.03,0.094363,1776271295000
1776271297.27,97.27,0.19,5.0,0.18,5.0,0.22,5.0,0.23,5.0,0.79,5.0,0.78,32.0,0.82,3.85,0.83,5.0,0.03,0.03,0.094363,1776271295000
1776271297.579,97.579,0.19,5.0,0.18,10.0,0.2,8.75,0.28,5.0,0.78,5.0,0.77,5.0,0.81,5.0,0.82,5.0,0.01,0.03,0.094353,1776271296000
1776271298.056,98.056,0.19,5.0,0.18,10.0,0.2,8.75,0.28,5.0,0.8,8.75,0.72,5.0,0.81,5.0,0.82,10.0,0.01,0.01,0.094341,1776271297000
1776271298.71,98.71,0.27,5.0,0.26,5.0,0.28,20.1,0.29,5.0,0.8,8.75,0.72,5.0,0.81,5.0,0.82,10.0,0.01,0.01,0.094341,1776271297000
1776271299.032,99.032,0.27,5.0,0.26,5.0,0.28,13.4,0.29,5.0,0.72,20.1,0.71,5.0,0.73,5.0,0.74,5.0,0.01,0.01,0.094341,1776271297000
1776271299.418,99.418,0.27,5.0,0.26,5.0,0.28,13.4,0.29,5.0,0.72,13.4,0.71,5.0,0.73,5.0,0.74,5.0,0.01,0.01,0.094318,1776271298000
1776271299.851,99.851,0.2,5.0,0.19,5.0,0.23,1.4,0.24,10.0,0.78,3.1,0.77,5.0,0.8,5.0,0.81,5.0,0.03,0.02,0.094318,1776271298000
1776271300.226,100.226,0.2,5.0,0.19,5.0,0.23,1.4,0.24,10.0,0.77,1.4,0.76,10.0,0.8,5.0,0.81,5.0,0.03,0.03,0.094328,1776271299000
1776271301.076,101.076,0.24,3.65,0.23,5.0,0.25,5.0,0.26,10.0,0.77,1.4,0.76,10.0,0.8,5.0,0.81,5.0,0.01,0.03,0.094328,1776271299000
1776271301.785,101.785,0.26,2.29,0.25,5.0,0.28,10.0,0.29,13.0,0.75,5.0,0.74,10.0,0.76,3.65,0.77,5.0,0.02,0.01,0.094328,1776271299000
1776271302.825,102.825,0.26,2.29,0.25,5.0,0.28,10.0,0.29,13.0,0.72,10.0,0.71,13.0,0.74,2.29,0.75,5.0,0.02,0.02,0.094303,1776271301000
1776271303.471,103.471,0.26,2.29,0.25,5.0,0.28,10.0,0.29,13.0,0.72,10.0,0.71,13.0,0.74,2.29,0.75,5.0,0.02,0.02,0.09431,1776271302000
1776271303.973,103.973,0.26,2.29,0.25,5.0,0.28,10.0,0.29,13.0,0.72,10.0,0.71,13.0,0.74,2.29,0.75,5.0,0.02,0.02,0.094323,1776271303000
1776271305.187,105.187,0.26,2.29,0.25,5.0,0.28,10.0,0.29,13.0,0.72,10.0,0.71,13.0,0.74,2.29,0.75,5.0,0.02,0.02,0.094322,1776271304000
1776271305.578,105.578,0.25,5.0,0.24,5.0,0.27,5.0,0.3,17.4,0.72,10.0,0.71,13.0,0.74,2.29,0.75,5.0,0.02,0.02,0.094322,1776271304000
1776271306.215,106.215,0.25,5.0,0.24,5.0,0.27,5.0,0.3,17.4,0.73,5.0,0.7,17.4,0.75,5.0,0.76,5.0,0.02,0.02,0.094325,1776271305000
1776271307.422,107.422,0.25,5.0,0.24,5.0,0.27,5.0,0.3,17.4,0.73,5.0,0.7,17.4,0.75,5.0,0.76,5.0,0.02,0.02,0.094332,1776271306000
1776271307.865,107.865,0.25,5.0,0.24,5.0,0.27,5.0,0.3,17.4,0.73,5.0,0.7,17.4,0.75,5.0,0.76,5.0,0.02,0.02,0.094343,1776271307000
1776271309.063,109.063,0.25,5.0,0.24,5.0,0.27,5.0,0.3,17.4,0.73,5.0,0.7,17.4,0.75,5.0,0.76,5.0,0.02,0.02,0.094342,1776271308000
1776271310.338,110.338,0.25,5.0,0.24,5.0,0.27,5.0,0.3,17.4,0.73,5.0,0.7,17.4,0.75,5.0,0.76,5.0,0.02,0.02,0.09435,1776271309000
1776271311.327,111.327,0.25,5.0,0.24,5.0,0.27,5.0,0.3,17.4,0.73,5.0,0.7,17.4,0.75,5.0,0.76,5.0,0.02,0.02,0.094349,1776271310000
1776271312.361,112.361,0.25,5.0,0.24,5.0,0.27,5.0,0.3,17.4,0.73,5.0,0.7,17.4,0.75,5.0,0.76,5.0,0.02,0.02,0.094344,1776271311000
1776271312.938,112.938,0.25,5.0,0.24,5.0,0.27,5.0,0.3,17.4,0.73,5.0,0.7,17.4,0.75,5.0,0.76,5.0,0.02,0.02,0.094343,1776271312000
1776271314.044,114.044,0.25,5.0,0.24,5.0,0.27,5.0,0.3,17.4,0.73,5.0,0.7,17.4,0.75,5.0,0.76,5.0,0.02,0.02,0.094335,1776271313000
1776271314.851,114.851,0.21,5.0,0.2,5.0,0.24,3.1,0.25,5.0,0.73,5.0,0.7,17.4,0.75,5.0,0.76,5.0,0.03,0.02,0.094335,1776271313000
1776271315.137,115.137,0.21,5.0,0.2,5.0,0.24,3.1,0.25,5.0,0.76,3.1,0.75,5.0,0.79,5.0,0.8,5.0,0.03,0.03,0.094329,1776271314000
1776271315.748,115.748,0.24,5.0,0.23,5.0,0.25,13.4,0.26,18.5,0.75,15.3,0.74,18.5,0.77,5.0,0.78,5.0,0.01,0.02,0.094329,1776271314000
1776271316.07,116.07,0.24,5.0,0.23,5.0,0.25,6.7,0.26,18.5,0.75,13.4,0.74,18.5,0.76,5.0,0.77,5.0,0.01,0.01,0.094329,1776271314000
1776271316.856,116.856,0.22,2.56,0.21,5.0,0.23,5.0,0.24,28.3,0.75,6.7,0.74,18.5,0.76,5.0,0.77,5.0,0.01,0.01,0.094324,1776271315000
1776271317.439,117.439,0.22,2.56,0.21,5.0,0.23,5.0,0.24,28.3,0.77,5.0,0.76,28.3,0.78,2.56,0.79,5.0,0.01,0.01,0.094322,1776271316000
1776271318.786,118.786,0.22,2.56,0.21,5.0,0.23,5.0,0.24,28.3,0.77,5.0,0.76,28.3,0.78,2.56,0.79,5.0,0.01,0.01,0.094321,1776271317000
1776271319.648,119.648,0.22,2.56,0.21,5.0,0.23,5.0,0.24,28.3,0.77,5.0,0.76,28.3,0.78,2.56,0.79,5.0,0.01,0.01,0.094311,1776271318000
1776271320.38,120.38,0.22,2.56,0.21,5.0,0.23,5.0,0.24,28.3,0.77,5.0,0.76,28.3,0.78,2.56,0.79,5.0,0.01,0.01,0.094309,1776271319000
1776271321.107,121.107,0.22,2.56,0.21,5.0,0.23,5.0,0.24,28.3,0.77,5.0,0.76,28.3,0.78,2.56,0.79,5.0,0.01,0.01,0.09431,1776271320000
1776271322.738,122.738,0.22,2.56,0.21,5.0,0.23,5.0,0.24,28.3,0.77,5.0,0.76,28.3,0.78,2.56,0.79,5.0,0.01,0.01,0.09432,1776271321000
1776271323.506,123.506,0.22,2.56,0.21,5.0,0.23,5.0,0.24,28.3,0.77,5.0,0.76,28.3,0.78,2.56,0.79,5.0,0.01,0.01,0.094342,1776271322000
1776271324.389,124.389,0.22,2.56,0.21,5.0,0.23,5.0,0.24,28.3,0.77,5.0,0.76,28.3,0.78,2.56,0.79,5.0,0.01,0.01,0.094343,1776271323000
1776271325.153,125.153,0.22,2.56,0.21,5.0,0.23,5.0,0.24,28.3,0.77,5.0,0.76,28.3,0.78,2.56,0.79,5.0,0.01,0.01,0.094344,1776271324000
1776271326.752,126.752,0.22,2.56,0.21,5.0,0.23,5.0,0.24,28.3,0.77,5.0,0.76,28.3,0.78,2.56,0.79,5.0,0.01,0.01,0.094352,1776271325000
1776271327.67,127.67,0.22,2.56,0.21,5.0,0.23,5.0,0.24,28.3,0.77,5.0,0.76,28.3,0.78,2.56,0.79,5.0,0.01,0.01,0.094352,1776271326000
1776271328.424,128.424,0.22,2.56,0.21,5.0,0.23,5.0,0.24,28.3,0.77,5.0,0.76,28.3,0.78,2.56,0.79,5.0,0.01,0.01,0.094345,1776271327000
1776271329.153,129.153,0.22,2.56,0.21,5.0,0.23,5.0,0.24,28.3,0.77,5.0,0.76,28.3,0.78,2.56,0.79,5.0,0.01,0.01,0.094344,1776271328000
1776271330.621,130.621,0.22,2.56,0.21,5.0,0.23,5.0,0.24,28.3,0.77,5.0,0.76,28.3,0.78,2.56,0.79,5.0,0.01,0.01,0.094343,1776271329000
1776271330.839,130.839,0.26,3.64,0.25,5.0,0.27,5.0,0.3,12.4,0.77,5.0,0.76,28.3,0.78,2.56,0.79,5.0,0.01,0.01,0.094343,1776271329000
1776271331.431,131.431,0.26,3.64,0.25,5.0,0.27,5.0,0.3,12.4,0.73,5.0,0.7,12.4,0.74,3.64,0.75,5.0,0.01,0.01,0.094343,1776271330000
1776271332.135,132.135,0.26,3.64,0.25,5.0,0.27,5.0,0.3,12.4,0.73,5.0,0.7,12.4,0.74,3.64,0.75,5.0,0.01,0.01,0.094352,1776271331000
1776271333.727,133.727,0.26,3.64,0.25,5.0,0.27,5.0,0.3,12.4,0.73,5.0,0.7,12.4,0.74,3.64,0.75,5.0,0.01,0.01,0.094354,1776271332000
1776271334.488,134.488,0.26,3.64,0.25,5.0,0.27,5.0,0.3,12.4,0.73,5.0,0.7,12.4,0.74,3.64,0.75,5.0,0.01,0.01,0.094355,1776271333000
1776271335.241,135.241,0.26,3.64,0.25,5.0,0.27,5.0,0.3,12.4,0.73,5.0,0.7,12.4,0.74,3.64,0.75,5.0,0.01,0.01,0.094355,1776271334000
1776271336.683,136.683,0.26,3.64,0.25,5.0,0.27,5.0,0.3,12.4,0.73,5.0,0.7,12.4,0.74,3.64,0.75,5.0,0.01,0.01,0.094356,1776271335000
1776271338.036,138.036,0.26,3.64,0.25,5.0,0.27,5.0,0.3,12.4,0.73,5.0,0.7,12.4,0.74,3.64,0.75,5.0,0.01,0.01,0.094364,1776271336000
1776271338.498,138.498,0.3,5.0,0.29,5.0,0.37,13.4,0.38,16.0,0.73,5.0,0.7,12.4,0.74,3.64,0.75,5.0,0.07,0.01,0.094364,1776271336000
1776271339.315,139.315,0.3,5.0,0.29,5.0,0.37,13.4,0.38,16.0,0.63,13.4,0.62,16.0,0.7,5.0,0.71,5.0,0.07,0.07,0.094364,1776271338000
1776271340.387,140.387,0.35,5.0,0.34,5.0,0.37,18.9,0.38,16.0,0.63,11.7,0.62,16.0,0.64,5.0,0.65,5.0,0.02,0.01,0.094364,1776271338000
1776271340.619,140.619,0.35,5.0,0.34,5.0,0.37,18.9,0.38,16.0,0.63,18.9,0.62,16.0,0.65,5.0,0.66,5.0,0.02,0.02,0.094372,1776271339000
1776271341.136,141.136,0.35,5.0,0.34,5.0,0.37,18.9,0.38,16.0,0.63,18.9,0.62,16.0,0.65,5.0,0.66,5.0,0.02,0.02,0.094372,1776271340000
1776271342.45,142.45,0.36,5.0,0.35,5.0,0.37,11.2,0.38,16.0,0.63,11.2,0.62,16.0,0.64,5.0,0.65,5.0,0.01,0.01,0.094371,1776271341000
1776271343.045,143.045,0.36,5.0,0.35,5.0,0.37,11.2,0.38,16.0,0.63,11.2,0.62,16.0,0.64,5.0,0.65,5.0,0.01,0.01,0.094368,1776271342000
1776271344.25,144.25,0.36,5.0,0.35,5.0,0.37,11.2,0.38,16.0,0.63,11.2,0.62,16.0,0.64,5.0,0.65,5.0,0.01,0.01,0.094368,1776271343000
1776271345.442,145.442,0.36,5.0,0.35,5.0,0.37,11.2,0.38,16.0,0.63,11.2,0.62,16.0,0.64,5.0,0.65,5.0,0.01,0.01,0.094368,1776271344000
1776271346.046,146.046,0.36,3.23,0.35,5.0,0.37,21.2,0.38,16.0,0.63,21.2,0.62,16.0,0.64,3.23,0.65,5.0,0.01,0.01,0.094368,1776271345000
1776271347.235,147.235,0.36,3.23,0.35,5.0,0.37,21.2,0.38,16.0,0.63,21.2,0.62,16.0,0.64,3.23,0.65,5.0,0.01,0.01,0.094372,1776271346000
1776271348.477,148.477,0.36,3.23,0.35,5.0,0.37,21.2,0.38,16.0,0.63,21.2,0.62,16.0,0.64,3.23,0.65,5.0,0.01,0.01,0.094368,1776271347000
1776271349.012,149.012,0.36,3.23,0.35,5.0,0.37,21.2,0.38,16.0,0.63,21.2,0.62,16.0,0.64,3.23,0.65,5.0,0.01,0.01,0.094368,1776271348000
1776271350.213,150.213,0.36,3.23,0.35,5.0,0.37,21.2,0.38,16.0,0.63,21.2,0.62,16.0,0.64,3.23,0.65,5.0,0.01,0.01,0.094367,1776271349000
1776271351.459,151.459,0.36,3.23,0.35,5.0,0.37,21.2,0.38,16.0,0.63,21.2,0.62,16.0,0.64,3.23,0.65,5.0,0.01,0.01,0.094368,1776271350000
1776271352.008,152.008,0.36,3.23,0.35,5.0,0.37,21.2,0.38,16.0,0.63,21.2,0.62,16.0,0.64,3.23,0.65,5.0,0.01,0.01,0.094379,1776271351000
1776271353.519,153.519,0.36,3.23,0.35,5.0,0.37,21.2,0.38,16.0,0.63,21.2,0.62,16.0,0.64,3.23,0.65,5.0,0.01,0.01,0.094384,1776271352000
1776271353.901,153.901,0.35,2.98,0.34,5.0,0.37,10.0,0.39,5.0,0.63,21.2,0.62,16.0,0.64,3.23,0.65,5.0,0.02,0.01,0.094384,1776271352000
1776271354.18,154.18,0.35,2.98,0.34,5.0,0.37,10.0,0.39,5.0,0.63,10.0,0.61,5.0,0.65,2.98,0.66,5.0,0.02,0.02,0.09438,1776271353000
1776271354.908,154.908,0.35,2.98,0.34,5.0,0.37,10.0,0.39,5.0,0.63,10.0,0.61,5.0,0.65,2.98,0.66,5.0,0.02,0.02,0.09438,1776271354000
1776271355.891,155.891,0.35,2.98,0.34,5.0,0.37,10.0,0.39,5.0,0.63,10.0,0.61,5.0,0.65,2.98,0.66,5.0,0.02,0.02,0.09438,1776271355000
1776271357.09,157.09,0.35,2.98,0.34,5.0,0.37,10.0,0.39,5.0,0.63,10.0,0.61,5.0,0.65,2.98,0.66,5.0,0.02,0.02,0.094382,1776271356000
1776271358.128,158.128,0.35,2.98,0.34,5.0,0.37,10.0,0.39,5.0,0.63,10.0,0.61,5.0,0.65,2.98,0.66,5.0,0.02,0.02,0.094388,1776271357000
1776271359.091,159.091,0.35,2.98,0.34,5.0,0.37,10.0,0.39,5.0,0.63,10.0,0.61,5.0,0.65,2.98,0.66,5.0,0.02,0.02,0.094387,1776271358000
1776271360.067,160.067,0.35,2.98,0.34,5.0,0.37,10.0,0.39,5.0,0.63,10.0,0.61,5.0,0.65,2.98,0.66,5.0,0.02,0.02,0.094386,1776271359000
1776271361.051,161.051,0.35,2.98,0.34,5.0,0.37,10.0,0.39,5.0,0.63,10.0,0.61,5.0,0.65,2.98,0.66,5.0,0.02,0.02,0.094377,1776271360000
1776271361.286,161.286,0.35,3.46,0.34,5.0,0.36,5.0,0.37,15.0,0.63,10.0,0.61,5.0,0.65,2.98,0.66,5.0,0.01,0.02,0.094377,1776271360000
1776271361.982,161.982,0.35,3.46,0.34,5.0,0.36,5.0,0.37,15.0,0.64,5.0,0.63,15.0,0.65,3.46,0.66,5.0,0.01,0.01,0.094379,1776271361000
1776271362.967,162.967,0.35,3.46,0.34,5.0,0.36,5.0,0.37,15.0,0.64,5.0,0.63,15.0,0.65,3.46,0.66,5.0,0.01,0.01,0.094379,1776271362000
1776271363.979,163.979,0.35,3.46,0.34,5.0,0.36,5.0,0.37,15.0,0.64,5.0,0.63,15.0,0.65,3.46,0.66,5.0,0.01,0.01,0.09438,1776271363000
1776271364.912,164.912,0.35,3.46,0.34,5.0,0.36,5.0,0.37,15.0,0.64,5.0,0.63,15.0,0.65,3.46,0.66,5.0,0.01,0.01,0.094377,1776271364000
1776271366.238,166.238,0.35,3.46,0.34,5.0,0.36,5.0,0.37,15.0,0.64,5.0,0.63,15.0,0.65,3.46,0.66,5.0,0.01,0.01,0.094375,1776271365000
1776271367.362,167.362,0.35,3.46,0.34,5.0,0.36,5.0,0.37,15.0,0.64,5.0,0.63,15.0,0.65,3.46,0.66,5.0,0.01,0.01,0.094368,1776271366000
1776271367.726,167.726,0.25,4.35,0.24,5.0,0.28,5.0,0.29,5.0,0.72,5.0,0.71,5.0,0.74,0.93,0.75,5.0,0.03,0.02,0.094368,1776271366000
1776271367.961,167.961,0.25,4.35,0.24,5.0,0.29,2.2,0.3,5.0,0.71,2.2,0.7,5.0,0.75,4.35,0.76,5.0,0.04,0.04,0.094368,1776271367000
1776271369.027,169.027,0.25,4.35,0.24,5.0,0.29,2.2,0.3,5.0,0.71,2.2,0.7,5.0,0.75,4.35,0.76,5.0,0.04,0.04,0.094364,1776271368000
1776271370.14,170.14,0.25,4.35,0.24,5.0,0.29,2.2,0.3,5.0,0.71,2.2,0.7,5.0,0.75,4.35,0.76,5.0,0.04,0.04,0.094363,1776271369000
1776271370.561,170.561,0.27,5.0,0.26,5.0,0.28,5.2,0.29,17.6,0.71,2.2,0.7,5.0,0.75,4.35,0.76,5.0,0.01,0.04,0.094363,1776271369000
1776271371.381,171.381,0.27,5.0,0.26,5.0,0.28,5.2,0.29,17.6,0.72,5.2,0.71,17.6,0.73,5.0,0.74,5.0,0.01,0.01,0.094363,1776271370000
1776271371.687,171.687,0.27,5.0,0.26,5.0,0.29,15.0,0.3,17.4,0.72,5.2,0.71,17.6,0.73,5.0,0.74,5.0,0.02,0.01,0.094363,1776271370000
1776271372.288,172.288,0.27,5.0,0.26,5.0,0.28,10.2,0.29,15.0,0.71,15.0,0.7,17.4,0.73,5.0,0.74,5.0,0.01,0.02,0.094363,1776271370000
1776271372.719,172.719,0.26,5.0,0.25,4.35,0.28,4.9,0.29,15.0,0.72,10.2,0.71,15.0,0.73,5.0,0.74,5.0,0.02,0.01,0.094355,1776271371000
1776271372.938,172.938,0.26,5.0,0.25,4.35,0.28,4.9,0.29,15.0,0.72,4.9,0.71,15.0,0.74,5.0,0.75,4.35,0.02,0.02,0.094355,1776271372000
1776271374.119,174.119,0.26,5.0,0.25,4.35,0.28,4.9,0.29,15.0,0.72,4.9,0.71,15.0,0.74,5.0,0.75,4.35,0.02,0.02,0.094356,1776271373000
1776271375.183,175.183,0.26,2.22,0.25,4.35,0.28,9.9,0.29,15.0,0.72,4.9,0.71,15.0,0.73,2.26,0.74,5.0,0.02,0.01,0.094356,1776271373000
1776271376.286,176.286,0.26,2.22,0.25,4.35,0.28,9.9,0.29,15.0,0.72,9.9,0.71,15.0,0.74,2.22,0.75,4.35,0.02,0.02,0.094365,1776271375000
1776271377.404,177.404,0.24,3.35,0.23,5.0,0.26,5.0,0.27,18.2,0.72,9.9,0.71,15.0,0.74,2.22,0.75,4.35,0.02,0.02,0.094365,1776271375000
1776271377.948,177.948,0.24,3.35,0.23,5.0,0.26,5.0,0.27,18.2,0.74,5.0,0.73,18.2,0.76,3.35,0.77,5.0,0.02,0.02,0.094363,1776271377000
1776271379.16,179.16,0.24,3.35,0.23,5.0,0.26,5.0,0.27,18.2,0.74,5.0,0.73,18.2,0.76,3.35,0.77,5.0,0.02,0.02,0.094363,1776271378000
1776271380.651,180.651,0.24,3.35,0.23,5.0,0.26,5.0,0.27,18.2,0.74,5.0,0.73,18.2,0.76,3.35,0.77,5.0,0.02,0.02,0.094364,1776271379000
1776271381.35,181.35,0.24,3.35,0.23,5.0,0.26,5.0,0.27,18.2,0.74,5.0,0.73,18.2,0.76,3.35,0.77,5.0,0.02,0.02,0.094364,1776271380000
1776271382.448,182.448,0.24,3.35,0.23,5.0,0.26,5.0,0.27,18.2,0.74,5.0,0.73,18.2,0.76,3.35,0.77,5.0,0.02,0.02,0.094364,1776271381000
1776271383.201,183.201,0.24,3.35,0.23,5.0,0.26,5.0,0.27,18.2,0.74,5.0,0.73,18.2,0.76,3.35,0.77,5.0,0.02,0.02,0.094366,1776271382000
1776271384.426,184.426,0.24,3.35,0.23,5.0,0.26,5.0,0.27,18.2,0.74,5.0,0.73,18.2,0.76,3.35,0.77,5.0,0.02,0.02,0.094364,1776271383000
1776271385.057,185.057,0.24,3.35,0.23,5.0,0.26,5.0,0.27,18.2,0.74,5.0,0.73,18.2,0.76,3.35,0.77,5.0,0.02,0.02,0.094364,1776271384000
1776271386.202,186.202,0.24,3.35,0.23,5.0,0.26,5.0,0.27,18.2,0.74,5.0,0.73,18.2,0.76,3.35,0.77,5.0,0.02,0.02,0.094363,1776271385000
1776271387.138,187.138,0.21,2.46,0.2,5.0,0.23,5.0,0.24,10.0,0.74,5.0,0.73,18.2,0.76,3.35,0.77,5.0,0.02,0.02,0.094363,1776271385000
1776271388.062,188.062,0.21,2.46,0.2,5.0,0.23,5.0,0.24,10.0,0.77,5.0,0.76,10.0,0.79,2.46,0.8,5.0,0.02,0.02,0.094359,1776271387000
1776271389.241,189.241,0.21,2.46,0.2,5.0,0.23,5.0,0.24,10.0,0.77,5.0,0.76,10.0,0.79,2.46,0.8,5.0,0.02,0.02,0.094358,1776271388000
1776271390.467,190.467,0.21,2.46,0.2,5.0,0.23,5.0,0.24,10.0,0.77,5.0,0.76,10.0,0.79,2.46,0.8,5.0,0.02,0.02,0.094347,1776271389000
1776271391.065,191.065,0.21,2.46,0.2,5.0,0.23,5.0,0.24,10.0,0.77,5.0,0.76,10.0,0.79,2.46,0.8,5.0,0.02,0.02,0.094346,1776271390000
1776271392.316,192.316,0.21,2.46,0.2,5.0,0.23,5.0,0.24,10.0,0.77,5.0,0.76,10.0,0.79,2.46,0.8,5.0,0.02,0.02,0.094344,1776271391000
1776271393.525,193.525,0.21,2.46,0.2,5.0,0.23,5.0,0.24,10.0,0.77,5.0,0.76,10.0,0.79,2.46,0.8,5.0,0.02,0.02,0.094347,1776271392000
1776271394.258,194.258,0.21,2.46,0.2,5.0,0.23,5.0,0.24,10.0,0.77,5.0,0.76,10.0,0.79,2.46,0.8,5.0,0.02,0.02,0.094348,1776271393000
1776271395.793,195.793,0.21,2.46,0.2,5.0,0.23,5.0,0.24,10.0,0.77,5.0,0.76,10.0,0.79,2.46,0.8,5.0,0.02,0.02,0.094349,1776271394000
1776271396.629,196.629,0.24,5.0,0.23,5.0,0.38,5.0,0.39,5.0,0.75,5.0,0.68,5.0,0.79,35.0,0.83,11.0,0.14,0.04,0.094349,1776271394000
1776271397.351,197.351,0.24,5.0,0.23,5.0,0.38,5.0,0.39,5.0,0.62,5.0,0.61,5.0,0.76,5.0,0.77,5.0,0.14,0.14,0.09435,1776271396000
1776271397.996,197.996,0.24,5.0,0.23,5.0,0.38,5.0,0.39,5.0,0.62,5.0,0.61,5.0,0.76,5.0,0.77,5.0,0.14,0.14,0.094389,1776271397000
1776271399.039,199.039,0.24,5.0,0.23,5.0,0.38,5.0,0.39,5.0,0.62,5.0,0.61,5.0,0.76,5.0,0.77,5.0,0.14,0.14,0.094406,1776271398000
1776271400.113,200.113,0.24,5.0,0.23,5.0,0.38,5.0,0.39,5.0,0.62,5.0,0.61,5.0,0.76,5.0,0.77,5.0,0.14,0.14,0.094406,1776271399000
1776271401.184,201.184,0.23,5.0,0.22,5.0,0.25,5.0,0.26,5.0,0.75,5.0,0.74,5.0,0.77,5.0,0.78,5.0,0.02,0.02,0.094406,1776271400000
1776271402.266,202.266,0.21,5.0,0.2,10.0,0.23,5.0,0.25,5.0,0.77,5.0,0.75,5.0,0.79,5.0,0.8,10.0,0.02,0.02,0.094391,1776271401000
1776271403.337,203.337,0.21,5.0,0.2,10.0,0.23,5.0,0.25,5.0,0.77,5.0,0.75,5.0,0.79,5.0,0.8,10.0,0.02,0.02,0.09438,1776271402000
1776271404.372,204.372,0.21,5.0,0.2,10.0,0.23,5.0,0.25,5.0,0.77,5.0,0.75,5.0,0.79,5.0,0.8,10.0,0.02,0.02,0.09438,1776271403000
1776271404.944,204.944,0.21,5.0,0.2,10.0,0.23,5.0,0.24,5.0,0.77,5.0,0.76,5.0,0.79,5.0,0.8,10.0,0.02,0.02,0.09438,1776271404000
1776271405.973,205.973,0.21,5.0,0.2,10.0,0.23,5.0,0.24,5.0,0.77,5.0,0.76,5.0,0.79,5.0,0.8,10.0,0.02,0.02,0.09438,1776271405000
1776271406.608,206.608,0.21,3.73,0.2,5.0,0.23,5.0,0.24,5.0,0.77,5.0,0.76,5.0,0.79,5.0,0.8,10.0,0.02,0.02,0.09438,1776271405000
1776271407.044,207.044,0.21,3.73,0.2,5.0,0.23,5.0,0.24,5.0,0.77,5.0,0.76,5.0,0.79,3.73,0.8,5.0,0.02,0.02,0.09438,1776271406000
1776271408.129,208.129,0.21,3.73,0.2,5.0,0.23,5.0,0.24,5.0,0.77,5.0,0.76,5.0,0.79,3.73,0.8,5.0,0.02,0.02,0.09438,1776271407000
1776271409.155,209.155,0.21,3.73,0.2,5.0,0.23,5.0,0.24,5.0,0.77,5.0,0.76,5.0,0.79,3.73,0.8,5.0,0.02,0.02,0.094392,1776271408000
1776271410.762,210.762,0.21,3.73,0.2,5.0,0.23,5.0,0.24,5.0,0.77,5.0,0.76,5.0,0.79,3.73,0.8,5.0,0.02,0.02,0.094393,1776271409000
1776271411.405,211.405,0.21,3.73,0.2,5.0,0.23,5.0,0.24,5.0,0.77,5.0,0.76,5.0,0.79,3.73,0.8,5.0,0.02,0.02,0.094393,1776271410000
1776271412.348,212.348,0.21,3.73,0.2,5.0,0.23,5.0,0.24,5.0,0.77,5.0,0.76,5.0,0.79,3.73,0.8,5.0,0.02,0.02,0.094394,1776271411000
1776271413.316,213.316,0.16,24.3,0.15,25.39,0.19,5.0,0.2,5.0,0.81,5.0,0.8,5.0,0.84,24.3,0.85,25.39,0.03,0.03,0.094391,1776271412000
1776271413.6,213.6,0.17,5.0,0.16,24.3,0.2,4.1,0.21,5.0,0.81,5.0,0.8,5.0,0.84,24.3,0.85,25.39,0.03,0.03,0.094391,1776271412000
1776271414.264,214.264,0.17,5.0,0.16,24.3,0.2,4.1,0.21,5.0,0.8,4.1,0.79,5.0,0.83,5.0,0.84,24.3,0.03,0.03,0.094379,1776271413000
1776271415.321,215.321,0.17,5.0,0.16,24.3,0.2,4.1,0.21,5.0,0.8,4.1,0.79,5.0,0.83,5.0,0.84,24.3,0.03,0.03,0.094377,1776271414000
1776271415.934,215.934,0.12,28.06,0.11,31.6,0.16,5.0,0.17,5.0,0.8,4.1,0.79,5.0,0.83,5.0,0.84,24.3,0.04,0.03,0.094377,1776271414000
1776271416.334,216.334,0.12,28.06,0.11,31.6,0.16,5.0,0.17,5.0,0.84,5.0,0.83,5.0,0.88,28.06,0.89,31.6,0.04,0.04,0.094374,1776271415000
1776271417.041,217.041,0.13,5.0,0.12,3.46,0.16,4.2,0.17,5.0,0.84,5.0,0.83,5.0,0.88,28.06,0.89,31.6,0.03,0.04,0.094374,1776271415000
1776271417.3,217.3,0.13,5.0,0.12,3.46,0.16,4.2,0.17,5.0,0.84,4.2,0.83,5.0,0.87,5.0,0.88,3.46,0.03,0.03,0.094364,1776271416000
1776271417.566,217.566,0.14,5.0,0.13,5.0,0.16,4.2,0.17,5.0,0.84,4.2,0.83,5.0,0.87,5.0,0.88,3.46,0.02,0.03,0.094364,1776271416000
1776271418.225,218.225,0.14,5.0,0.13,28.0,0.17,3.5,0.18,5.0,0.84,4.2,0.83,5.0,0.86,5.0,0.87,5.0,0.03,0.02,0.094364,1776271416000
1776271419.503,219.503,0.14,5.0,0.13,28.0,0.17,3.5,0.18,5.0,0.83,3.5,0.82,5.0,0.86,5.0,0.87,28.0,0.03,0.03,0.094368,1776271418000
1776271419.873,219.873,0.14,5.0,0.13,28.0,0.17,3.5,0.18,5.0,0.83,3.5,0.82,5.0,0.86,5.0,0.87,28.0,0.03,0.03,0.09437,1776271419000
1776271420.714,220.714,0.14,5.0,0.13,28.0,0.17,2.6,0.18,5.0,0.83,3.5,0.82,5.0,0.86,5.0,0.87,28.0,0.03,0.03,0.09437,1776271419000
1776271421.858,221.858,0.14,5.0,0.13,28.0,0.17,2.6,0.18,5.0,0.83,2.6,0.82,5.0,0.86,5.0,0.87,28.0,0.03,0.03,0.094372,1776271421000
1776271422.582,222.582,0.15,5.0,0.14,5.0,0.18,1.8,0.19,5.0,0.83,2.6,0.82,5.0,0.86,5.0,0.87,28.0,0.03,0.03,0.094372,1776271421000
1776271422.837,222.837,0.15,5.0,0.14,5.0,0.18,1.8,0.19,5.0,0.82,1.8,0.81,5.0,0.85,5.0,0.86,5.0,0.03,0.03,0.094371,1776271422000
1776271423.487,223.487,0.17,5.0,0.16,5.0,0.19,1.1,0.2,4.1,0.82,1.8,0.81,5.0,0.85,5.0,0.86,5.0,0.02,0.03,0.094371,1776271422000
1776271424.385,224.385,0.17,5.0,0.16,5.0,0.19,1.1,0.2,4.1,0.81,1.1,0.8,4.1,0.83,5.0,0.84,5.0,0.02,0.02,0.094371,1776271423000
1776271424.942,224.942,0.17,5.0,0.16,5.0,0.19,1.1,0.2,4.1,0.81,1.1,0.8,4.1,0.83,5.0,0.84,5.0,0.02,0.02,0.094372,1776271424000
1776271425.99,225.99,0.25,5.0,0.24,5.0,0.28,5.0,0.29,5.0,0.72,5.0,0.71,5.0,0.75,5.0,0.76,5.0,0.03,0.03,0.094374,1776271425000
1776271426.492,226.492,0.21,4.87,0.2,5.0,0.23,5.0,0.24,5.0,0.72,5.0,0.71,5.0,0.75,5.0,0.76,5.0,0.02,0.03,0.094374,1776271425000
1776271427.143,227.143,0.21,4.87,0.2,5.0,0.23,5.0,0.24,5.0,0.77,5.0,0.76,5.0,0.79,4.87,0.8,5.0,0.02,0.02,0.09439,1776271426000
1776271428.256,228.256,0.21,4.87,0.2,5.0,0.23,5.0,0.24,5.0,0.77,5.0,0.76,5.0,0.79,4.87,0.8,5.0,0.02,0.02,0.094391,1776271427000
1776271429.28,229.28,0.21,4.87,0.2,5.0,0.23,5.0,0.24,5.0,0.77,5.0,0.76,5.0,0.79,4.87,0.8,5.0,0.02,0.02,0.094392,1776271428000
1776271429.908,229.908,0.21,4.87,0.2,5.0,0.23,5.0,0.24,5.0,0.77,5.0,0.76,5.0,0.79,4.87,0.8,5.0,0.02,0.02,0.094393,1776271429000
1776271430.951,230.951,0.21,4.87,0.2,5.0,0.23,5.0,0.24,5.0,0.77,5.0,0.76,5.0,0.79,4.87,0.8,5.0,0.02,0.02,0.094398,1776271430000
1776271431.947,231.947,0.21,4.87,0.2,5.0,0.23,5.0,0.24,5.0,0.77,5.0,0.76,5.0,0.79,4.87,0.8,5.0,0.02,0.02,0.094406,1776271431000
1776271432.989,232.989,0.21,4.87,0.2,5.0,0.23,5.0,0.24,5.0,0.77,5.0,0.76,5.0,0.79,4.87,0.8,5.0,0.02,0.02,0.094406,1776271432000
1776271434.036,234.036,0.21,4.87,0.2,5.0,0.23,5.0,0.24,5.0,0.77,5.0,0.76,5.0,0.79,4.87,0.8,5.0,0.02,0.02,0.094407,1776271433000
1776271434.247,234.247,0.28,4.67,0.27,18.2,0.29,5.0,0.3,15.0,0.77,5.0,0.76,5.0,0.79,4.87,0.8,5.0,0.01,0.02,0.094407,1776271433000
1776271435.1,235.1,0.28,4.67,0.27,18.2,0.29,5.0,0.3,15.0,0.71,5.0,0.7,15.0,0.72,4.67,0.73,18.2,0.01,0.01,0.094407,1776271434000
1776271436.041,236.041,0.28,4.67,0.27,18.2,0.29,5.0,0.3,15.0,0.71,5.0,0.7,15.0,0.72,4.67,0.73,18.2,0.01,0.01,0.094408,1776271435000
1776271436.717,236.717,0.29,17.6,0.28,9.67,0.3,4.83,0.4,10.0,0.71,5.0,0.7,15.0,0.72,4.67,0.73,18.2,0.01,0.01,0.094408,1776271435000
1776271437.649,237.649,0.29,17.6,0.28,9.67,0.4,10.0,0.43,5.0,0.6,10.0,0.57,5.0,0.71,17.6,0.72,9.67,0.11,0.11,0.094409,1776271436000
1776271438.186,238.186,0.29,17.6,0.28,9.67,0.4,10.0,0.43,5.0,0.6,10.0,0.57,5.0,0.71,17.6,0.72,9.67,0.11,0.11,0.094409,1776271437000
1776271439.146,239.146,0.29,17.6,0.28,9.67,0.4,10.0,0.43,5.0,0.6,10.0,0.57,5.0,0.71,17.6,0.72,9.67,0.11,0.11,0.094412,1776271438000
1776271440.159,240.159,0.29,17.6,0.28,9.67,0.4,10.0,0.43,5.0,0.6,10.0,0.57,5.0,0.71,17.6,0.72,9.67,0.11,0.11,0.094412,1776271439000
1776271441.144,241.144,0.29,17.6,0.28,9.67,0.4,10.0,0.43,5.0,0.6,10.0,0.57,5.0,0.71,17.6,0.72,9.67,0.11,0.11,0.094412,1776271440000
1776271442.423,242.423,0.29,17.6,0.28,9.67,0.4,10.0,0.43,5.0,0.6,10.0,0.57,5.0,0.71,17.6,0.72,9.67,0.11,0.11,0.094412,1776271441000
1776271442.684,242.684,0.39,10.0,0.38,5.0,0.4,5.0,0.53,5.0,0.6,10.0,0.57,5.0,0.71,17.6,0.72,9.67,0.01,0.11,0.094412,1776271441000
1776271443.431,243.431,0.39,10.0,0.38,5.0,0.53,5.0,0.54,5.0,0.47,5.0,0.46,5.0,0.61,10.0,0.62,5.0,0.14,0.14,0.094416,1776271442000
1776271443.807,243.807,0.39,10.0,0.38,5.0,0.53,5.0,0.54,5.0,0.47,5.0,0.46,5.0,0.61,10.0,0.62,5.0,0.14,0.14,0.094425,1776271443000
1776271444.736,244.736,0.51,5.0,0.5,5.0,0.52,0.9,0.56,5.0,0.47,5.0,0.46,5.0,0.61,10.0,0.62,5.0,0.01,0.14,0.094425,1776271443000
1776271445.703,245.703,0.49,5.0,0.48,5.0,0.51,3.0,0.52,5.0,0.48,0.9,0.44,5.0,0.49,5.0,0.5,5.0,0.02,0.01,0.09443,1776271444000
1776271446.353,246.353,0.49,5.0,0.48,5.0,0.51,3.0,0.52,5.0,0.49,3.0,0.48,5.0,0.51,5.0,0.52,5.0,0.02,0.02,0.094437,1776271445000
1776271447.316,247.316,0.4,16.8,0.39,10.9,0.43,4.4,0.44,5.0,0.57,4.4,0.56,5.0,0.6,16.8,0.61,10.9,0.03,0.03,0.094433,1776271446000
1776271448.297,248.297,0.4,16.8,0.39,10.9,0.43,4.4,0.44,5.0,0.57,4.4,0.56,5.0,0.6,16.8,0.61,10.9,0.03,0.03,0.09443,1776271447000
1776271449.249,249.249,0.4,16.8,0.39,10.9,0.43,4.4,0.44,5.0,0.57,4.4,0.56,5.0,0.6,16.8,0.61,10.9,0.03,0.03,0.094428,1776271448000
1776271450.926,250.926,0.4,16.8,0.39,10.9,0.43,4.4,0.44,5.0,0.57,4.4,0.56,5.0,0.6,16.8,0.61,10.9,0.03,0.03,0.094429,1776271449000
1776271451.511,251.511,0.4,16.8,0.39,10.9,0.43,4.4,0.44,5.0,0.57,4.4,0.56,5.0,0.6,16.8,0.61,10.9,0.03,0.03,0.094429,1776271450000
1776271452.223,252.223,0.4,16.8,0.39,10.9,0.43,4.4,0.44,5.0,0.57,4.4,0.56,5.0,0.6,16.8,0.61,10.9,0.03,0.03,0.094429,1776271451000
1776271453.258,253.258,0.4,16.8,0.39,10.9,0.43,4.4,0.44,5.0,0.57,4.4,0.56,5.0,0.6,16.8,0.61,10.9,0.03,0.03,0.09443,1776271452000
1776271454.42,254.42,0.4,16.8,0.39,10.9,0.43,4.4,0.44,5.0,0.57,4.4,0.56,5.0,0.6,16.8,0.61,10.9,0.03,0.03,0.094437,1776271453000
1776271455.153,255.153,0.56,4.77,0.55,5.0,0.59,31.7,0.6,15.8,0.41,31.7,0.4,15.8,0.44,4.77,0.45,5.0,0.03,0.03,0.094436,1776271454000
1776271455.778,255.778,0.59,5.0,0.58,5.0,0.61,0.79,0.62,5.0,0.41,31.7,0.4,15.8,0.44,4.77,0.45,5.0,0.02,0.03,0.094436,1776271454000
1776271456.088,256.088,0.6,5.0,0.59,5.0,0.62,4.48,0.63,5.0,0.38,4.48,0.37,5.0,0.4,5.0,0.41,5.0,0.02,0.02,0.094437,1776271455000
1776271457.239,257.239,0.6,5.0,0.59,5.0,0.62,4.48,0.63,5.0,0.38,4.48,0.37,5.0,0.4,5.0,0.41,5.0,0.02,0.02,0.094437,1776271456000
1776271458.323,258.323,0.6,5.0,0.59,5.0,0.62,4.48,0.63,5.0,0.38,4.48,0.37,5.0,0.4,5.0,0.41,5.0,0.02,0.02,0.094435,1776271457000
1776271459.313,259.313,0.55,4.44,0.54,5.0,0.57,10.0,0.58,5.0,0.38,4.48,0.37,5.0,0.4,5.0,0.41,5.0,0.02,0.02,0.094435,1776271457000
1776271459.539,259.539,0.54,4.44,0.53,5.0,0.57,10.0,0.58,5.0,0.43,10.0,0.42,5.0,0.46,4.44,0.47,5.0,0.03,0.03,0.09443,1776271458000
1776271460.074,260.074,0.54,4.44,0.53,5.0,0.57,10.0,0.58,5.0,0.43,10.0,0.42,5.0,0.46,4.44,0.47,5.0,0.03,0.03,0.09443,1776271459000
1776271461.073,261.073,0.54,4.44,0.53,5.0,0.57,10.0,0.58,5.0,0.43,10.0,0.42,5.0,0.46,4.44,0.47,5.0,0.03,0.03,0.09443,1776271460000
1776271462.265,262.265,0.54,4.44,0.53,5.0,0.57,10.0,0.58,5.0,0.43,10.0,0.42,5.0,0.46,4.44,0.47,5.0,0.03,0.03,0.094432,1776271461000
1776271463.444,263.444,0.54,4.44,0.53,5.0,0.57,10.0,0.58,5.0,0.43,10.0,0.42,5.0,0.46,4.44,0.47,5.0,0.03,0.03,0.094432,1776271462000
1776271464.019,264.019,0.54,4.44,0.53,5.0,0.57,10.0,0.58,5.0,0.43,10.0,0.42,5.0,0.46,4.44,0.47,5.0,0.03,0.03,0.094431,1776271463000
1776271465.453,265.453,0.54,4.44,0.53,5.0,0.57,10.0,0.58,5.0,0.43,10.0,0.42,5.0,0.46,4.44,0.47,5.0,0.03,0.03,0.094429,1776271464000
1776271466.011,266.011,0.54,4.44,0.53,5.0,0.57,10.0,0.58,5.0,0.43,10.0,0.42,5.0,0.46,4.44,0.47,5.0,0.03,0.03,0.094429,1776271465000
1776271467.151,267.151,0.54,4.44,0.53,5.0,0.57,10.0,0.58,5.0,0.43,10.0,0.42,5.0,0.46,4.44,0.47,5.0,0.03,0.03,0.094429,1776271466000
1776271468.392,268.392,0.54,4.44,0.53,5.0,0.57,10.0,0.58,5.0,0.43,10.0,0.42,5.0,0.46,4.44,0.47,5.0,0.03,0.03,0.094428,1776271467000
1776271469.405,269.405,0.54,4.44,0.53,5.0,0.57,10.0,0.58,5.0,0.43,10.0,0.42,5.0,0.46,4.44,0.47,5.0,0.03,0.03,0.094424,1776271468000
1776271469.944,269.944,0.54,4.44,0.53,5.0,0.57,10.0,0.58,5.0,0.43,10.0,0.42,5.0,0.46,4.44,0.47,5.0,0.03,0.03,0.094418,1776271469000
1776271470.477,270.477,0.45,5.0,0.44,5.0,0.47,4.5,0.48,15.4,0.43,10.0,0.42,5.0,0.46,4.44,0.47,5.0,0.02,0.03,0.094418,1776271469000
1776271471.039,271.039,0.45,5.0,0.44,5.0,0.47,4.5,0.48,15.4,0.53,4.5,0.52,15.4,0.55,5.0,0.56,5.0,0.02,0.02,0.094418,1776271470000
1776271471.918,271.918,0.38,5.0,0.37,5.0,0.42,4.3,0.43,5.0,0.55,4.7,0.54,10.5,0.56,5.0,0.57,5.0,0.04,0.01,0.094418,1776271470000
1776271472.22,272.22,0.38,5.0,0.37,5.0,0.42,4.3,0.43,5.0,0.58,4.3,0.57,5.0,0.62,5.0,0.63,5.0,0.04,0.04,0.09442,1776271471000
1776271473.342,273.342,0.38,5.0,0.37,5.0,0.42,4.3,0.43,5.0,0.58,4.3,0.57,5.0,0.62,5.0,0.63,5.0,0.04,0.04,0.094424,1776271472000
1776271474.39,274.39,0.38,5.0,0.37,5.0,0.42,4.3,0.43,5.0,0.58,4.3,0.57,5.0,0.62,5.0,0.63,5.0,0.04,0.04,0.094424,1776271473000
1776271474.926,274.926,0.38,5.0,0.37,5.0,0.42,4.3,0.43,5.0,0.58,4.3,0.57,5.0,0.62,5.0,0.63,5.0,0.04,0.04,0.094422,1776271474000
1776271476.09,276.09,0.38,5.0,0.37,5.0,0.42,4.3,0.43,5.0,0.58,4.3,0.57,5.0,0.62,5.0,0.63,5.0,0.04,0.04,0.094424,1776271475000
1776271476.305,276.305,0.43,5.0,0.42,5.0,0.45,4.1,0.46,5.0,0.58,4.3,0.57,5.0,0.62,5.0,0.63,5.0,0.02,0.04,0.094424,1776271475000
1776271476.947,276.947,0.39,5.0,0.38,5.0,0.42,4.2,0.43,5.0,0.55,4.1,0.54,5.0,0.57,5.0,0.58,5.0,0.03,0.02,0.094424,1776271475000
1776271477.164,277.164,0.39,5.0,0.38,5.0,0.42,4.2,0.43,5.0,0.58,4.2,0.57,5.0,0.61,5.0,0.62,5.0,0.03,0.03,0.094424,1776271476000
1776271477.691,277.691,0.42,5.0,0.41,5.0,0.45,3.4,0.46,5.0,0.58,4.2,0.57,5.0,0.61,5.0,0.62,5.0,0.03,0.03,0.094424,1776271476000
1776271478.198,278.198,0.42,5.0,0.41,5.0,0.45,3.4,0.46,5.0,0.55,3.4,0.54,5.0,0.58,5.0,0.59,5.0,0.03,0.03,0.094423,1776271477000
1776271479.702,279.702,0.42,5.0,0.41,5.0,0.45,3.4,0.46,5.0,0.55,3.4,0.54,5.0,0.58,5.0,0.59,5.0,0.03,0.03,0.09442,1776271478000
1776271480.301,280.301,0.42,5.0,0.41,5.0,0.45,3.4,0.46,5.0,0.55,3.4,0.54,5.0,0.58,5.0,0.59,5.0,0.03,0.03,0.09442,1776271479000
1776271480.897,280.897,0.27,3.3,0.26,5.0,0.28,5.0,0.29,5.0,0.55,3.4,0.54,5.0,0.58,5.0,0.59,5.0,0.01,0.03,0.09442,1776271479000
1776271482.045,282.045,0.27,3.3,0.26,5.0,0.28,5.0,0.29,5.0,0.72,5.0,0.71,5.0,0.73,3.3,0.74,5.0,0.01,0.01,0.094413,1776271481000
1776271483.294,283.294,0.27,3.3,0.26,5.0,0.28,5.0,0.29,5.0,0.72,5.0,0.71,5.0,0.73,3.3,0.74,5.0,0.01,0.01,0.094409,1776271482000
1776271484.376,284.376,0.27,3.3,0.26,5.0,0.28,5.0,0.29,5.0,0.72,5.0,0.71,5.0,0.73,3.3,0.74,5.0,0.01,0.01,0.094409,1776271483000
1776271485.067,285.067,0.27,3.3,0.26,5.0,0.28,5.0,0.29,5.0,0.72,5.0,0.71,5.0,0.73,3.3,0.74,5.0,0.01,0.01,0.094409,1776271484000
1776271486.195,286.195,0.27,3.3,0.26,5.0,0.28,5.0,0.29,5.0,0.72,5.0,0.71,5.0,0.73,3.3,0.74,5.0,0.01,0.01,0.094409,1776271485000
1776271486.488,286.488,0.2,0.91,0.19,5.0,0.22,7.87,0.24,10.0,0.76,5.0,0.75,10.0,0.8,2.19,0.81,5.0,0.02,0.04,0.094409,1776271485000
1776271486.924,286.924,0.18,4.74,0.17,5.0,0.22,7.87,0.23,5.0,0.78,7.87,0.76,10.0,0.8,0.91,0.81,5.0,0.04,0.02,0.094409,1776271485000
1776271487.266,287.266,0.18,4.74,0.17,5.0,0.22,7.87,0.23,5.0,0.78,7.87,0.77,5.0,0.82,4.74,0.83,5.0,0.04,0.04,0.094407,1776271486000
1776271488.421,288.421,0.18,4.74,0.17,5.0,0.22,7.87,0.23,5.0,0.78,7.87,0.77,5.0,0.82,4.74,0.83,5.0,0.04,0.04,0.094407,1776271487000
1776271489.089,289.089,0.18,4.74,0.17,5.0,0.22,7.87,0.23,5.0,0.78,7.87,0.77,5.0,0.82,4.74,0.83,5.0,0.04,0.04,0.094408,1776271488000
1776271492.062,292.062,0.1,5.0,0.09,5.0,0.11,18.71,0.17,5.0,0.78,7.87,0.77,5.0,0.82,4.74,0.83,5.0,0.01,0.04,0.094408,1776271490000
1776271493.288,293.288,0.09,4.95,0.08,5.0,0.11,68.71,0.12,5.0,0.89,18.71,0.83,5.0,0.9,5.0,0.91,5.0,0.02,0.01,0.094389,1776271492000
1776271493.592,293.592,0.01,248.04,,,0.11,73.71,0.12,5.0,0.9,29.0,0.89,73.71,0.98,8.33,0.99,260.0,0.1,0.08,0.094389,1776271492000
1776271494.22,294.22,,,,,0.01,871.96,0.03,5.0,0.89,73.71,0.88,5.0,0.99,248.04,,,,0.1,0.094389,1776271492000
1776271494.976,294.976,,,,,0.01,875.3,0.02,5.0,0.99,871.96,0.97,5.0,,,,,,,0.09436,1776271493000
1776271498.092,298.092,,,,,0.01,3979.97,0.02,5.0,0.99,875.3,0.98,5.0,,,,,,,0.094349,1776271496000

# RESULT,winner=Down,slug=doge-updown-5m-1776271200,ticks=356
