timestamp,elapsed_sec,up_bid_p1,up_bid_s1,up_bid_p2,up_bid_s2,up_ask_p1,up_ask_s1,up_ask_p2,up_ask_s2,down_bid_p1,down_bid_s1,down_bid_p2,down_bid_s2,down_ask_p1,down_ask_s1,down_ask_p2,down_ask_s2,up_spread,down_spread,doge_price,doge_oracle_ts
1776380401.254,1.254,0.41,5.0,0.4,65.0,0.59,5.0,0.6,65.0,0.41,5.0,0.4,65.0,0.59,5.0,0.6,65.0,0.18,0.18,0.098931,1776380400000
1776380402.293,2.293,0.41,5.0,0.4,65.0,0.59,5.0,0.6,65.0,0.41,5.0,0.4,65.0,0.59,5.0,0.6,65.0,0.18,0.18,0.098931,1776380401000
1776380404.053,4.053,0.41,5.0,0.4,65.0,0.59,5.0,0.6,65.0,0.41,5.0,0.4,65.0,0.59,5.0,0.6,65.0,0.18,0.18,0.098914,1776380403000
1776380405.348,5.348,0.41,5.0,0.4,65.0,0.59,5.0,0.6,65.0,0.41,5.0,0.4,65.0,0.59,5.0,0.6,65.0,0.18,0.18,0.098888,1776380404000
1776380406.418,6.418,0.18,27.0,0.11,100.0,0.41,50.0,0.46,9.0,0.59,50.0,0.54,9.0,0.82,27.0,0.89,100.0,0.23,0.23,0.098886,1776380405000
1776380407.037,7.037,0.18,27.0,0.11,100.0,0.41,50.0,0.46,9.0,0.59,50.0,0.54,9.0,0.82,27.0,0.89,100.0,0.23,0.23,0.098856,1776380406000
1776380408.257,8.257,0.18,27.0,0.11,100.0,0.41,50.0,0.46,9.0,0.59,50.0,0.54,9.0,0.82,27.0,0.89,100.0,0.23,0.23,0.098836,1776380407000
1776380408.934,8.934,0.2,10.0,0.15,5.0,0.27,6.0,0.28,18.0,0.59,50.0,0.54,9.0,0.82,27.0,0.89,100.0,0.07,0.23,0.098836,1776380407000
1776380409.486,9.486,0.2,10.0,0.15,5.0,0.27,6.0,0.28,18.0,0.73,6.0,0.72,18.0,0.8,10.0,0.85,5.0,0.07,0.07,0.098833,1776380408000
1776380410.002,10.002,0.2,10.0,0.15,5.0,0.27,6.0,0.28,18.0,0.73,6.0,0.72,18.0,0.8,10.0,0.85,5.0,0.07,0.07,0.098829,1776380409000
1776380411.003,11.003,0.15,43.0,0.11,120.0,0.25,5.0,0.27,6.0,0.73,6.0,0.72,18.0,0.8,10.0,0.85,5.0,0.1,0.07,0.098829,1776380409000
1776380411.434,11.434,0.15,43.0,0.11,120.0,0.25,5.0,0.27,6.0,0.75,5.0,0.73,6.0,0.85,43.0,0.89,120.0,0.1,0.1,0.098824,1776380410000
1776380412.455,12.455,0.15,43.0,0.11,120.0,0.25,5.0,0.27,6.0,0.75,5.0,0.73,6.0,0.85,43.0,0.89,120.0,0.1,0.1,0.098822,1776380411000
1776380413.051,13.051,0.15,43.0,0.11,120.0,0.25,5.0,0.27,6.0,0.75,5.0,0.73,6.0,0.85,43.0,0.89,120.0,0.1,0.1,0.098822,1776380412000
1776380414.271,14.271,0.15,43.0,0.11,120.0,0.25,5.0,0.27,6.0,0.75,5.0,0.73,6.0,0.85,43.0,0.89,120.0,0.1,0.1,0.098821,1776380413000
1776380415.471,15.471,0.15,43.0,0.11,120.0,0.25,5.0,0.27,6.0,0.75,5.0,0.73,6.0,0.85,43.0,0.89,120.0,0.1,0.1,0.09882,1776380414000
1776380416.186,16.186,0.15,43.0,0.11,120.0,0.25,5.0,0.27,6.0,0.75,5.0,0.73,6.0,0.85,43.0,0.89,120.0,0.1,0.1,0.098819,1776380415000
1776380417.247,17.247,0.15,43.0,0.11,120.0,0.25,5.0,0.27,6.0,0.75,5.0,0.73,6.0,0.85,43.0,0.89,120.0,0.1,0.1,0.098818,1776380416000
1776380418.017,18.017,0.15,43.0,0.11,120.0,0.25,5.0,0.27,6.0,0.75,5.0,0.73,6.0,0.85,43.0,0.89,120.0,0.1,0.1,0.098813,1776380417000
1776380420.079,20.079,0.15,43.0,0.11,120.0,0.25,5.0,0.27,6.0,0.75,5.0,0.73,6.0,0.85,43.0,0.89,120.0,0.1,0.1,0.098812,1776380418000
1776380420.692,20.692,0.15,43.0,0.11,120.0,0.25,5.0,0.27,6.0,0.75,5.0,0.73,6.0,0.85,43.0,0.89,120.0,0.1,0.1,0.098811,1776380419000
1776380421.18,21.18,0.15,43.0,0.11,120.0,0.25,5.0,0.27,6.0,0.75,5.0,0.73,6.0,0.85,43.0,0.89,120.0,0.1,0.1,0.098809,1776380420000
1776380422.215,22.215,0.15,43.0,0.11,120.0,0.25,5.0,0.27,6.0,0.75,5.0,0.73,6.0,0.85,43.0,0.89,120.0,0.1,0.1,0.09881,1776380421000
1776380423.52,23.52,0.15,43.0,0.11,120.0,0.25,5.0,0.27,6.0,0.75,5.0,0.73,6.0,0.85,43.0,0.89,120.0,0.1,0.1,0.09881,1776380422000
1776380424.151,24.151,0.15,43.0,0.11,120.0,0.25,5.0,0.27,6.0,0.75,5.0,0.73,6.0,0.85,43.0,0.89,120.0,0.1,0.1,0.09881,1776380423000
1776380425.406,25.406,0.15,43.0,0.11,120.0,0.25,5.0,0.27,6.0,0.75,5.0,0.73,6.0,0.85,43.0,0.89,120.0,0.1,0.1,0.09881,1776380424000
1776380425.968,25.968,0.15,43.0,0.11,120.0,0.25,5.0,0.27,6.0,0.75,5.0,0.73,6.0,0.85,43.0,0.89,120.0,0.1,0.1,0.098806,1776380425000
1776380427.109,27.109,0.15,43.0,0.11,120.0,0.25,5.0,0.27,6.0,0.75,5.0,0.73,6.0,0.85,43.0,0.89,120.0,0.1,0.1,0.098805,1776380426000
1776380428.123,28.123,0.15,43.0,0.11,120.0,0.25,5.0,0.27,6.0,0.75,5.0,0.73,6.0,0.85,43.0,0.89,120.0,0.1,0.1,0.098805,1776380427000
1776380429.692,29.692,0.15,43.0,0.11,120.0,0.25,5.0,0.27,6.0,0.75,5.0,0.73,6.0,0.85,43.0,0.89,120.0,0.1,0.1,0.098803,1776380428000
1776380430.282,30.282,0.15,43.0,0.11,120.0,0.25,5.0,0.27,6.0,0.75,5.0,0.73,6.0,0.85,43.0,0.89,120.0,0.1,0.1,0.098796,1776380429000
1776380431.485,31.485,0.15,43.0,0.11,120.0,0.25,5.0,0.27,6.0,0.75,5.0,0.73,6.0,0.85,43.0,0.89,120.0,0.1,0.1,0.098787,1776380430000
1776380432.089,32.089,0.15,43.0,0.11,120.0,0.25,5.0,0.27,6.0,0.75,5.0,0.73,6.0,0.85,43.0,0.89,120.0,0.1,0.1,0.098782,1776380431000
1776380433.17,33.17,0.15,43.0,0.11,120.0,0.25,5.0,0.27,6.0,0.75,5.0,0.73,6.0,0.85,43.0,0.89,120.0,0.1,0.1,0.098795,1776380432000
1776380434.129,34.129,0.15,43.0,0.11,120.0,0.25,5.0,0.27,6.0,0.75,5.0,0.73,6.0,0.85,43.0,0.89,120.0,0.1,0.1,0.098803,1776380433000
1776380435.199,35.199,0.15,43.0,0.11,120.0,0.25,5.0,0.27,6.0,0.75,5.0,0.73,6.0,0.85,43.0,0.89,120.0,0.1,0.1,0.098805,1776380434000
1776380436.865,36.865,0.15,43.0,0.11,120.0,0.25,5.0,0.27,6.0,0.75,5.0,0.73,6.0,0.85,43.0,0.89,120.0,0.1,0.1,0.098806,1776380435000
1776380437.755,37.755,0.15,43.0,0.11,120.0,0.25,5.0,0.27,6.0,0.75,5.0,0.73,6.0,0.85,43.0,0.89,120.0,0.1,0.1,0.098807,1776380436000
1776380438.303,38.303,0.15,43.0,0.11,120.0,0.25,5.0,0.27,6.0,0.75,5.0,0.73,6.0,0.85,43.0,0.89,120.0,0.1,0.1,0.098809,1776380437000
1776380438.921,38.921,0.17,13.39,0.16,19.3,0.2,5.0,0.22,6.0,0.75,5.0,0.73,6.0,0.85,43.0,0.89,120.0,0.03,0.1,0.098809,1776380437000
1776380439.319,39.319,0.17,13.39,0.16,19.3,0.2,5.0,0.22,6.0,0.8,5.0,0.78,6.0,0.83,13.39,0.84,19.3,0.03,0.03,0.098813,1776380438000
1776380440.75,40.75,0.17,13.39,0.16,19.3,0.2,5.0,0.22,6.0,0.8,5.0,0.78,6.0,0.83,13.39,0.84,19.3,0.03,0.03,0.098804,1776380439000
1776380441.41,41.41,0.17,13.39,0.16,19.3,0.2,5.0,0.22,6.0,0.8,5.0,0.78,6.0,0.83,13.39,0.84,19.3,0.03,0.03,0.098803,1776380440000
1776380442.176,42.176,0.17,13.39,0.16,19.3,0.2,5.0,0.22,6.0,0.8,5.0,0.78,6.0,0.83,13.39,0.84,19.3,0.03,0.03,0.098803,1776380441000
1776380443.65,43.65,0.17,13.39,0.16,19.3,0.2,5.0,0.22,6.0,0.8,5.0,0.78,6.0,0.83,13.39,0.84,19.3,0.03,0.03,0.098808,1776380442000
1776380444.438,44.438,0.17,13.39,0.16,19.3,0.2,5.0,0.22,6.0,0.8,5.0,0.78,6.0,0.83,13.39,0.84,19.3,0.03,0.03,0.098811,1776380443000
1776380445.133,45.133,0.17,13.39,0.16,19.3,0.2,5.0,0.22,6.0,0.8,5.0,0.78,6.0,0.83,13.39,0.84,19.3,0.03,0.03,0.098811,1776380444000
1776380446.542,46.542,0.17,13.39,0.16,19.3,0.2,5.0,0.22,6.0,0.8,5.0,0.78,6.0,0.83,13.39,0.84,19.3,0.03,0.03,0.098811,1776380445000
1776380446.816,46.816,0.21,9.5,0.2,16.2,0.22,11.0,0.24,10.0,0.8,5.0,0.78,6.0,0.83,13.39,0.84,19.3,0.01,0.03,0.098811,1776380445000
1776380447.28,47.28,0.21,9.5,0.2,16.2,0.22,11.0,0.24,10.0,0.78,11.0,0.76,10.0,0.79,9.5,0.8,16.2,0.01,0.01,0.098811,1776380446000
1776380448.691,48.691,0.21,9.5,0.2,16.2,0.24,2.0,0.26,24.0,0.78,11.0,0.76,10.0,0.79,9.5,0.8,16.2,0.03,0.01,0.098811,1776380446000
1776380449.708,49.708,0.21,9.5,0.2,16.2,0.24,2.0,0.26,24.0,0.76,2.0,0.74,24.0,0.79,9.5,0.8,16.2,0.03,0.03,0.098811,1776380448000
1776380450.465,50.465,0.21,9.5,0.2,16.2,0.24,2.0,0.26,24.0,0.76,2.0,0.74,24.0,0.79,9.5,0.8,16.2,0.03,0.03,0.098816,1776380449000
1776380450.765,50.765,0.25,3.9,0.24,14.3,0.28,24.0,0.29,8.0,0.76,2.0,0.74,24.0,0.79,9.5,0.8,16.2,0.03,0.03,0.098816,1776380449000
1776380451.375,51.375,0.25,3.9,0.24,14.3,0.28,24.0,0.29,8.0,0.72,24.0,0.71,8.0,0.75,3.9,0.76,14.3,0.03,0.03,0.098826,1776380450000
1776380452.802,52.802,0.25,3.9,0.24,14.3,0.28,24.0,0.29,8.0,0.72,24.0,0.71,8.0,0.75,3.9,0.76,14.3,0.03,0.03,0.098831,1776380451000
1776380453.565,53.565,0.25,3.9,0.24,14.3,0.28,24.0,0.29,8.0,0.72,24.0,0.71,8.0,0.75,3.9,0.76,14.3,0.03,0.03,0.098833,1776380452000
1776380455.104,55.104,0.25,3.9,0.24,14.3,0.28,24.0,0.29,8.0,0.72,24.0,0.71,8.0,0.75,3.9,0.76,14.3,0.03,0.03,0.098833,1776380453000
1776380455.959,55.959,0.25,3.9,0.24,14.3,0.28,24.0,0.29,8.0,0.72,24.0,0.71,8.0,0.75,3.9,0.76,14.3,0.03,0.03,0.098828,1776380454000
1776380456.671,56.671,0.25,3.9,0.24,14.3,0.28,24.0,0.29,8.0,0.72,24.0,0.71,8.0,0.75,3.9,0.76,14.3,0.03,0.03,0.098832,1776380455000
1776380457.419,57.419,0.25,3.9,0.24,14.3,0.28,24.0,0.29,8.0,0.72,24.0,0.71,8.0,0.75,3.9,0.76,14.3,0.03,0.03,0.098838,1776380456000
1776380458.197,58.197,0.25,3.9,0.24,14.3,0.28,24.0,0.29,8.0,0.72,24.0,0.71,8.0,0.75,3.9,0.76,14.3,0.03,0.03,0.098838,1776380457000
1776380459.542,59.542,0.25,3.9,0.24,14.3,0.28,24.0,0.29,8.0,0.72,24.0,0.71,8.0,0.75,3.9,0.76,14.3,0.03,0.03,0.098837,1776380458000
1776380460.064,60.064,0.25,3.9,0.24,14.3,0.28,24.0,0.29,8.0,0.72,24.0,0.71,8.0,0.75,3.9,0.76,14.3,0.03,0.03,0.098831,1776380459000
1776380460.374,60.374,0.23,13.81,0.22,15.2,0.27,8.0,0.28,24.0,0.72,24.0,0.71,8.0,0.75,3.9,0.76,14.3,0.04,0.03,0.098831,1776380459000
1776380461.268,61.268,0.23,13.81,0.22,15.2,0.27,8.0,0.28,24.0,0.73,8.0,0.72,24.0,0.77,13.81,0.78,15.2,0.04,0.04,0.098831,1776380460000
1776380462.514,62.514,0.23,13.81,0.22,15.2,0.27,8.0,0.28,24.0,0.73,8.0,0.72,24.0,0.77,13.81,0.78,15.2,0.04,0.04,0.098849,1776380461000
1776380463.052,63.052,0.23,13.81,0.22,15.2,0.27,8.0,0.28,24.0,0.73,8.0,0.72,24.0,0.77,13.81,0.78,15.2,0.04,0.04,0.098835,1776380462000
1776380464.223,64.223,0.23,13.81,0.22,15.2,0.27,8.0,0.28,24.0,0.73,8.0,0.72,24.0,0.77,13.81,0.78,15.2,0.04,0.04,0.098832,1776380463000
1776380465.381,65.381,0.23,13.81,0.22,15.2,0.27,8.0,0.28,24.0,0.73,8.0,0.72,24.0,0.77,13.81,0.78,15.2,0.04,0.04,0.098832,1776380464000
1776380465.956,65.956,0.23,13.81,0.22,15.2,0.27,8.0,0.28,24.0,0.73,8.0,0.72,24.0,0.77,13.81,0.78,15.2,0.04,0.04,0.098833,1776380465000
1776380467.198,67.198,0.23,13.81,0.22,15.2,0.27,8.0,0.28,24.0,0.73,8.0,0.72,24.0,0.77,13.81,0.78,15.2,0.04,0.04,0.098837,1776380466000
1776380468.455,68.455,0.23,13.81,0.22,15.2,0.27,8.0,0.28,24.0,0.73,8.0,0.72,24.0,0.77,13.81,0.78,15.2,0.04,0.04,0.098851,1776380467000
1776380469.529,69.529,0.23,13.81,0.22,15.2,0.27,8.0,0.28,24.0,0.73,8.0,0.72,24.0,0.77,13.81,0.78,15.2,0.04,0.04,0.098869,1776380468000
1776380470.055,70.055,0.23,13.81,0.22,15.2,0.27,8.0,0.28,24.0,0.73,8.0,0.72,24.0,0.77,13.81,0.78,15.2,0.04,0.04,0.098869,1776380469000
1776380471.475,71.475,0.23,13.81,0.22,15.2,0.27,8.0,0.28,24.0,0.73,8.0,0.72,24.0,0.77,13.81,0.78,15.2,0.04,0.04,0.098875,1776380470000
1776380472.016,72.016,0.23,13.81,0.22,15.2,0.27,8.0,0.28,24.0,0.73,8.0,0.72,24.0,0.77,13.81,0.78,15.2,0.04,0.04,0.098875,1776380471000
1776380473.318,73.318,0.23,13.81,0.22,15.2,0.27,8.0,0.28,24.0,0.73,8.0,0.72,24.0,0.77,13.81,0.78,15.2,0.04,0.04,0.098868,1776380472000
1776380473.914,73.914,0.23,13.81,0.22,15.2,0.27,8.0,0.28,24.0,0.73,8.0,0.72,24.0,0.77,13.81,0.78,15.2,0.04,0.04,0.098871,1776380473000
1776380475.087,75.087,0.23,13.81,0.22,15.2,0.27,8.0,0.28,24.0,0.73,8.0,0.72,24.0,0.77,13.81,0.78,15.2,0.04,0.04,0.098875,1776380474000
1776380476.266,76.266,0.23,13.81,0.22,15.2,0.27,8.0,0.28,24.0,0.73,8.0,0.72,24.0,0.77,13.81,0.78,15.2,0.04,0.04,0.098875,1776380475000
1776380477.519,77.519,0.23,13.81,0.22,15.2,0.27,8.0,0.28,24.0,0.73,8.0,0.72,24.0,0.77,13.81,0.78,15.2,0.04,0.04,0.098877,1776380476000
1776380478.104,78.104,0.23,13.81,0.22,15.2,0.27,8.0,0.28,24.0,0.73,8.0,0.72,24.0,0.77,13.81,0.78,15.2,0.04,0.04,0.098879,1776380477000
1776380479.277,79.277,0.23,13.81,0.22,15.2,0.27,8.0,0.28,24.0,0.73,8.0,0.72,24.0,0.77,13.81,0.78,15.2,0.04,0.04,0.098872,1776380478000
1776380480.508,80.508,0.23,13.81,0.22,15.2,0.27,8.0,0.28,24.0,0.73,8.0,0.72,24.0,0.77,13.81,0.78,15.2,0.04,0.04,0.098877,1776380479000
1776380481.208,81.208,0.23,13.81,0.22,15.2,0.27,8.0,0.28,24.0,0.73,8.0,0.72,24.0,0.77,13.81,0.78,15.2,0.04,0.04,0.098877,1776380480000
1776380482.431,82.431,0.23,13.81,0.22,15.2,0.27,8.0,0.28,24.0,0.73,8.0,0.72,24.0,0.77,13.81,0.78,15.2,0.04,0.04,0.098884,1776380481000
1776380483.007,83.007,0.23,13.81,0.22,15.2,0.27,8.0,0.28,24.0,0.73,8.0,0.72,24.0,0.77,13.81,0.78,15.2,0.04,0.04,0.098885,1776380482000
1776380484.36,84.36,0.23,13.81,0.22,15.2,0.27,8.0,0.28,24.0,0.73,8.0,0.72,24.0,0.77,13.81,0.78,15.2,0.04,0.04,0.098885,1776380483000
1776380485.217,85.217,0.23,13.81,0.22,15.2,0.27,8.0,0.28,24.0,0.73,8.0,0.72,24.0,0.77,13.81,0.78,15.2,0.04,0.04,0.098885,1776380484000
1776380486.464,86.464,0.23,13.81,0.22,15.2,0.27,8.0,0.28,24.0,0.73,8.0,0.72,24.0,0.77,13.81,0.78,15.2,0.04,0.04,0.098885,1776380485000
1776380488.46,88.46,0.23,13.81,0.22,15.2,0.27,8.0,0.28,24.0,0.73,8.0,0.72,24.0,0.77,13.81,0.78,15.2,0.04,0.04,0.098886,1776380486000
1776380489.53,89.53,0.23,13.81,0.22,15.2,0.27,8.0,0.28,24.0,0.73,8.0,0.72,24.0,0.77,13.81,0.78,15.2,0.04,0.04,0.09885,1776380488000
1776380490.554,90.554,0.23,13.81,0.22,15.2,0.27,8.0,0.28,24.0,0.73,8.0,0.72,24.0,0.77,13.81,0.78,15.2,0.04,0.04,0.098847,1776380489000
1776380491.584,91.584,0.23,13.81,0.22,15.2,0.27,8.0,0.28,24.0,0.73,8.0,0.72,24.0,0.77,13.81,0.78,15.2,0.04,0.04,0.098848,1776380490000
1776380492.553,92.553,0.23,13.81,0.22,15.2,0.27,8.0,0.28,24.0,0.73,8.0,0.72,24.0,0.77,13.81,0.78,15.2,0.04,0.04,0.098848,1776380491000
1776380493.596,93.596,0.23,13.81,0.22,15.2,0.27,8.0,0.28,24.0,0.73,8.0,0.72,24.0,0.77,13.81,0.78,15.2,0.04,0.04,0.098849,1776380492000
1776380494.52,94.52,0.23,13.81,0.22,15.2,0.27,8.0,0.28,24.0,0.73,8.0,0.72,24.0,0.77,13.81,0.78,15.2,0.04,0.04,0.098873,1776380493000
1776380495.296,95.296,0.23,13.81,0.22,15.2,0.27,8.0,0.28,24.0,0.73,8.0,0.72,24.0,0.77,13.81,0.78,15.2,0.04,0.04,0.098874,1776380494000
1776380497.115,97.115,0.23,13.81,0.22,15.2,0.27,8.0,0.28,24.0,0.73,8.0,0.72,24.0,0.77,13.81,0.78,15.2,0.04,0.04,0.098875,1776380495000
1776380498.045,98.045,0.23,13.81,0.22,15.2,0.27,8.0,0.28,24.0,0.73,8.0,0.72,24.0,0.77,13.81,0.78,15.2,0.04,0.04,0.098875,1776380496000
1776380499.267,99.267,0.23,13.81,0.22,15.2,0.27,8.0,0.28,24.0,0.73,8.0,0.72,24.0,0.77,13.81,0.78,15.2,0.04,0.04,0.098877,1776380497000
1776380500.215,100.215,0.23,13.81,0.22,15.2,0.27,8.0,0.28,24.0,0.73,8.0,0.72,24.0,0.77,13.81,0.78,15.2,0.04,0.04,0.09888,1776380499000
1776380502.198,102.198,0.23,13.81,0.22,15.2,0.27,8.0,0.28,24.0,0.73,8.0,0.72,24.0,0.77,13.81,0.78,15.2,0.04,0.04,0.098888,1776380501000
1776380504.16,104.16,0.23,13.81,0.22,15.2,0.27,8.0,0.28,24.0,0.73,8.0,0.72,24.0,0.77,13.81,0.78,15.2,0.04,0.04,0.098889,1776380502000
1776380504.889,104.889,0.23,13.81,0.22,15.2,0.27,8.0,0.28,24.0,0.73,8.0,0.72,24.0,0.77,13.81,0.78,15.2,0.04,0.04,0.098899,1776380503000
1776380505.708,105.708,0.23,13.81,0.22,15.2,0.27,8.0,0.28,24.0,0.73,8.0,0.72,24.0,0.77,13.81,0.78,15.2,0.04,0.04,0.0989,1776380504000
1776380506.387,106.387,0.23,13.81,0.22,15.2,0.27,8.0,0.28,24.0,0.73,8.0,0.72,24.0,0.77,13.81,0.78,15.2,0.04,0.04,0.098902,1776380505000
1776380507.332,107.332,0.23,13.81,0.22,15.2,0.27,8.0,0.28,24.0,0.73,8.0,0.72,24.0,0.77,13.81,0.78,15.2,0.04,0.04,0.098902,1776380506000
1776380508.117,108.117,0.23,13.81,0.22,15.2,0.27,8.0,0.28,24.0,0.73,8.0,0.72,24.0,0.77,13.81,0.78,15.2,0.04,0.04,0.098902,1776380507000
1776380509.478,109.478,0.23,13.81,0.22,15.2,0.27,8.0,0.28,24.0,0.73,8.0,0.72,24.0,0.77,13.81,0.78,15.2,0.04,0.04,0.098901,1776380508000
1776380510.351,110.351,0.23,13.81,0.22,15.2,0.27,8.0,0.28,24.0,0.73,8.0,0.72,24.0,0.77,13.81,0.78,15.2,0.04,0.04,0.098904,1776380509000
1776380511.343,111.343,0.23,13.81,0.22,15.2,0.27,8.0,0.28,24.0,0.73,8.0,0.72,24.0,0.77,13.81,0.78,15.2,0.04,0.04,0.098903,1776380510000
1776380511.888,111.888,0.23,13.81,0.22,15.2,0.27,8.0,0.28,24.0,0.73,8.0,0.72,24.0,0.77,13.81,0.78,15.2,0.04,0.04,0.098902,1776380511000
1776380512.929,112.929,0.23,13.81,0.22,15.2,0.27,8.0,0.28,24.0,0.73,8.0,0.72,24.0,0.77,13.81,0.78,15.2,0.04,0.04,0.098896,1776380512000
1776380513.897,113.897,0.23,13.81,0.22,15.2,0.27,8.0,0.28,24.0,0.73,8.0,0.72,24.0,0.77,13.81,0.78,15.2,0.04,0.04,0.098896,1776380513000
1776380514.943,114.943,0.23,13.81,0.22,15.2,0.27,8.0,0.28,24.0,0.73,8.0,0.72,24.0,0.77,13.81,0.78,15.2,0.04,0.04,0.098895,1776380514000
1776380515.969,115.969,0.23,13.81,0.22,15.2,0.27,8.0,0.28,24.0,0.73,8.0,0.72,24.0,0.77,13.81,0.78,15.2,0.04,0.04,0.098892,1776380515000
1776380517.027,117.027,0.23,13.81,0.22,15.2,0.27,8.0,0.28,24.0,0.73,8.0,0.72,24.0,0.77,13.81,0.78,15.2,0.04,0.04,0.098891,1776380516000
1776380518.047,118.047,0.23,13.81,0.22,15.2,0.27,8.0,0.28,24.0,0.73,8.0,0.72,24.0,0.77,13.81,0.78,15.2,0.04,0.04,0.098889,1776380517000
1776380518.989,118.989,0.23,13.81,0.22,15.2,0.27,8.0,0.28,24.0,0.73,8.0,0.72,24.0,0.77,13.81,0.78,15.2,0.04,0.04,0.098889,1776380518000
1776380519.972,119.972,0.23,13.81,0.22,15.2,0.27,8.0,0.28,24.0,0.73,8.0,0.72,24.0,0.77,13.81,0.78,15.2,0.04,0.04,0.09889,1776380519000
1776380521.032,121.032,0.23,13.81,0.22,15.2,0.27,8.0,0.28,24.0,0.73,8.0,0.72,24.0,0.77,13.81,0.78,15.2,0.04,0.04,0.098891,1776380520000
1776380522.077,122.077,0.23,13.81,0.22,15.2,0.27,8.0,0.28,24.0,0.73,8.0,0.72,24.0,0.77,13.81,0.78,15.2,0.04,0.04,0.09889,1776380521000
1776380523.145,123.145,0.23,13.81,0.22,15.2,0.27,8.0,0.28,24.0,0.73,8.0,0.72,24.0,0.77,13.81,0.78,15.2,0.04,0.04,0.09889,1776380522000
1776380524.835,124.835,0.23,13.81,0.22,15.2,0.27,8.0,0.28,24.0,0.73,8.0,0.72,24.0,0.77,13.81,0.78,15.2,0.04,0.04,0.098895,1776380523000
1776380525.552,125.552,0.23,13.81,0.22,15.2,0.27,8.0,0.28,24.0,0.73,8.0,0.72,24.0,0.77,13.81,0.78,15.2,0.04,0.04,0.098894,1776380524000
1776380526.176,126.176,0.23,13.81,0.22,15.2,0.27,8.0,0.28,24.0,0.73,8.0,0.72,24.0,0.77,13.81,0.78,15.2,0.04,0.04,0.098891,1776380525000
1776380527.408,127.408,0.23,13.81,0.22,15.2,0.27,8.0,0.28,24.0,0.73,8.0,0.72,24.0,0.77,13.81,0.78,15.2,0.04,0.04,0.098892,1776380526000
1776380528.034,128.034,0.23,13.81,0.22,15.2,0.27,8.0,0.28,24.0,0.73,8.0,0.72,24.0,0.77,13.81,0.78,15.2,0.04,0.04,0.098892,1776380527000
1776380529.2,129.2,0.23,13.81,0.22,15.2,0.27,8.0,0.28,24.0,0.73,8.0,0.72,24.0,0.77,13.81,0.78,15.2,0.04,0.04,0.09889,1776380528000
1776380530.256,130.256,0.23,13.81,0.22,15.2,0.27,8.0,0.28,24.0,0.73,8.0,0.72,24.0,0.77,13.81,0.78,15.2,0.04,0.04,0.098887,1776380529000
1776380531.435,131.435,0.23,13.81,0.22,15.2,0.27,8.0,0.28,24.0,0.73,8.0,0.72,24.0,0.77,13.81,0.78,15.2,0.04,0.04,0.098882,1776380530000
1776380531.999,131.999,0.23,13.81,0.22,15.2,0.27,8.0,0.28,24.0,0.73,8.0,0.72,24.0,0.77,13.81,0.78,15.2,0.04,0.04,0.098882,1776380531000
1776380533.032,133.032,0.23,13.81,0.22,15.2,0.27,8.0,0.28,24.0,0.73,8.0,0.72,24.0,0.77,13.81,0.78,15.2,0.04,0.04,0.09889,1776380532000
1776380534.141,134.141,0.23,13.81,0.22,15.2,0.27,8.0,0.28,24.0,0.73,8.0,0.72,24.0,0.77,13.81,0.78,15.2,0.04,0.04,0.098886,1776380533000
1776380535.217,135.217,0.23,13.81,0.22,15.2,0.27,8.0,0.28,24.0,0.73,8.0,0.72,24.0,0.77,13.81,0.78,15.2,0.04,0.04,0.098885,1776380534000
1776380536.3,136.3,0.23,13.81,0.22,15.2,0.27,8.0,0.28,24.0,0.73,8.0,0.72,24.0,0.77,13.81,0.78,15.2,0.04,0.04,0.098884,1776380535000
1776380537.377,137.377,0.23,13.81,0.22,15.2,0.27,8.0,0.28,24.0,0.73,8.0,0.72,24.0,0.77,13.81,0.78,15.2,0.04,0.04,0.098881,1776380536000
1776380537.976,137.976,0.23,13.81,0.22,15.2,0.27,8.0,0.28,24.0,0.73,8.0,0.72,24.0,0.77,13.81,0.78,15.2,0.04,0.04,0.098882,1776380537000
1776380539.479,139.479,0.23,13.81,0.22,15.2,0.27,8.0,0.28,24.0,0.73,8.0,0.72,24.0,0.77,13.81,0.78,15.2,0.04,0.04,0.098883,1776380538000
1776380539.932,139.932,0.23,13.81,0.22,15.2,0.27,8.0,0.28,24.0,0.73,8.0,0.72,24.0,0.77,13.81,0.78,15.2,0.04,0.04,0.098884,1776380539000
1776380541.007,141.007,0.23,13.81,0.22,15.2,0.27,8.0,0.28,24.0,0.73,8.0,0.72,24.0,0.77,13.81,0.78,15.2,0.04,0.04,0.098884,1776380540000
1776380542.096,142.096,0.23,13.81,0.22,15.2,0.27,8.0,0.28,24.0,0.73,8.0,0.72,24.0,0.77,13.81,0.78,15.2,0.04,0.04,0.098884,1776380541000
1776380543.279,143.279,0.23,13.81,0.22,15.2,0.27,8.0,0.28,24.0,0.73,8.0,0.72,24.0,0.77,13.81,0.78,15.2,0.04,0.04,0.09889,1776380542000
1776380544.353,144.353,0.23,13.81,0.22,15.2,0.27,8.0,0.28,24.0,0.73,8.0,0.72,24.0,0.77,13.81,0.78,15.2,0.04,0.04,0.098875,1776380543000
1776380544.987,144.987,0.23,13.81,0.22,15.2,0.27,8.0,0.28,24.0,0.73,8.0,0.72,24.0,0.77,13.81,0.78,15.2,0.04,0.04,0.09886,1776380544000
1776380545.981,145.981,0.23,13.81,0.22,15.2,0.27,8.0,0.28,24.0,0.73,8.0,0.72,24.0,0.77,13.81,0.78,15.2,0.04,0.04,0.098851,1776380545000
1776380547.052,147.052,0.23,13.81,0.22,15.2,0.27,8.0,0.28,24.0,0.73,8.0,0.72,24.0,0.77,13.81,0.78,15.2,0.04,0.04,0.098847,1776380546000
1776380548.24,148.24,0.23,13.81,0.22,15.2,0.27,8.0,0.28,24.0,0.73,8.0,0.72,24.0,0.77,13.81,0.78,15.2,0.04,0.04,0.098843,1776380547000
1776380549.15,149.15,0.23,13.81,0.22,15.2,0.27,8.0,0.28,24.0,0.73,8.0,0.72,24.0,0.77,13.81,0.78,15.2,0.04,0.04,0.09884,1776380548000
1776380550.213,150.213,0.23,13.81,0.22,15.2,0.27,8.0,0.28,24.0,0.73,8.0,0.72,24.0,0.77,13.81,0.78,15.2,0.04,0.04,0.098841,1776380549000
1776380551.116,151.116,0.23,13.81,0.22,15.2,0.27,8.0,0.28,24.0,0.73,8.0,0.72,24.0,0.77,13.81,0.78,15.2,0.04,0.04,0.09884,1776380550000
1776380552.154,152.154,0.23,13.81,0.22,15.2,0.27,8.0,0.28,24.0,0.73,8.0,0.72,24.0,0.77,13.81,0.78,15.2,0.04,0.04,0.098841,1776380551000
1776380553.324,153.324,0.23,13.81,0.22,15.2,0.27,8.0,0.28,24.0,0.73,8.0,0.72,24.0,0.77,13.81,0.78,15.2,0.04,0.04,0.098845,1776380552000
1776380553.972,153.972,0.23,13.81,0.22,15.2,0.27,8.0,0.28,24.0,0.73,8.0,0.72,24.0,0.77,13.81,0.78,15.2,0.04,0.04,0.098854,1776380553000
1776380555.666,155.666,0.23,13.81,0.22,15.2,0.27,8.0,0.28,24.0,0.73,8.0,0.72,24.0,0.77,13.81,0.78,15.2,0.04,0.04,0.098854,1776380554000
1776380556.317,156.317,0.23,13.81,0.22,15.2,0.27,8.0,0.28,24.0,0.73,8.0,0.72,24.0,0.77,13.81,0.78,15.2,0.04,0.04,0.098854,1776380555000
1776380557.055,157.055,0.23,13.81,0.22,15.2,0.27,8.0,0.28,24.0,0.73,8.0,0.72,24.0,0.77,13.81,0.78,15.2,0.04,0.04,0.098866,1776380556000
1776380558.53,158.53,0.23,13.81,0.22,15.2,0.27,8.0,0.28,24.0,0.73,8.0,0.72,24.0,0.77,13.81,0.78,15.2,0.04,0.04,0.098866,1776380557000
1776380559.377,159.377,0.23,13.81,0.22,15.2,0.27,8.0,0.28,24.0,0.73,8.0,0.72,24.0,0.77,13.81,0.78,15.2,0.04,0.04,0.09886,1776380558000
1776380560.188,160.188,0.23,13.81,0.22,15.2,0.27,8.0,0.28,24.0,0.73,8.0,0.72,24.0,0.77,13.81,0.78,15.2,0.04,0.04,0.09886,1776380559000
1776380561.49,161.49,0.23,13.81,0.22,15.2,0.27,8.0,0.28,24.0,0.73,8.0,0.72,24.0,0.77,13.81,0.78,15.2,0.04,0.04,0.098859,1776380560000
1776380562.173,162.173,0.23,13.81,0.22,15.2,0.27,8.0,0.28,24.0,0.73,8.0,0.72,24.0,0.77,13.81,0.78,15.2,0.04,0.04,0.098857,1776380561000
1776380563.525,163.525,0.23,13.81,0.22,15.2,0.27,8.0,0.28,24.0,0.73,8.0,0.72,24.0,0.77,13.81,0.78,15.2,0.04,0.04,0.098865,1776380562000
1776380564.142,164.142,0.23,13.81,0.22,15.2,0.27,8.0,0.28,24.0,0.73,8.0,0.72,24.0,0.77,13.81,0.78,15.2,0.04,0.04,0.098864,1776380563000
1776380565.554,165.554,0.23,13.81,0.22,15.2,0.27,8.0,0.28,24.0,0.73,8.0,0.72,24.0,0.77,13.81,0.78,15.2,0.04,0.04,0.098869,1776380564000
1776380566.199,166.199,0.23,13.81,0.22,15.2,0.27,8.0,0.28,24.0,0.73,8.0,0.72,24.0,0.77,13.81,0.78,15.2,0.04,0.04,0.098869,1776380565000
1776380567.552,167.552,0.23,13.81,0.22,15.2,0.27,8.0,0.28,24.0,0.73,8.0,0.72,24.0,0.77,13.81,0.78,15.2,0.04,0.04,0.098869,1776380566000
1776380568.3,168.3,0.23,13.81,0.22,15.2,0.27,8.0,0.28,24.0,0.73,8.0,0.72,24.0,0.77,13.81,0.78,15.2,0.04,0.04,0.098869,1776380567000
1776380568.953,168.953,0.23,13.81,0.22,15.2,0.27,8.0,0.28,24.0,0.73,8.0,0.72,24.0,0.77,13.81,0.78,15.2,0.04,0.04,0.098869,1776380568000
1776380570.331,170.331,0.23,13.81,0.22,15.2,0.27,8.0,0.28,24.0,0.73,8.0,0.72,24.0,0.77,13.81,0.78,15.2,0.04,0.04,0.098869,1776380569000
1776380571.288,171.288,0.23,13.81,0.22,15.2,0.27,8.0,0.28,24.0,0.73,8.0,0.72,24.0,0.77,13.81,0.78,15.2,0.04,0.04,0.098868,1776380570000
1776380572.315,172.315,0.23,13.81,0.22,15.2,0.27,8.0,0.28,24.0,0.73,8.0,0.72,24.0,0.77,13.81,0.78,15.2,0.04,0.04,0.098868,1776380571000
1776380572.948,172.948,0.23,13.81,0.22,15.2,0.27,8.0,0.28,24.0,0.73,8.0,0.72,24.0,0.77,13.81,0.78,15.2,0.04,0.04,0.098868,1776380572000
1776380574.111,174.111,0.23,13.81,0.22,15.2,0.27,8.0,0.28,24.0,0.73,8.0,0.72,24.0,0.77,13.81,0.78,15.2,0.04,0.04,0.098868,1776380573000
1776380575.125,175.125,0.23,13.81,0.22,15.2,0.27,8.0,0.28,24.0,0.73,8.0,0.72,24.0,0.77,13.81,0.78,15.2,0.04,0.04,0.098868,1776380574000
1776380575.484,175.484,0.24,11.66,0.23,14.7,0.36,10.0,0.37,10.0,0.73,8.0,0.72,24.0,0.77,13.81,0.78,15.2,0.12,0.04,0.098868,1776380574000
1776380576.191,176.191,0.24,11.66,0.23,14.7,0.36,10.0,0.37,10.0,0.64,10.0,0.63,10.0,0.76,11.66,0.77,14.7,0.12,0.12,0.098875,1776380575000
1776380577.225,177.225,0.24,11.66,0.23,14.7,0.36,10.0,0.37,10.0,0.64,10.0,0.63,10.0,0.76,11.66,0.77,14.7,0.12,0.12,0.09888,1776380576000
1776380578.287,178.287,0.24,11.66,0.23,14.7,0.36,10.0,0.37,10.0,0.64,10.0,0.63,10.0,0.76,11.66,0.77,14.7,0.12,0.12,0.09889,1776380577000
1776380578.856,178.856,0.24,11.66,0.23,14.7,0.36,10.0,0.37,10.0,0.64,10.0,0.63,10.0,0.76,11.66,0.77,14.7,0.12,0.12,0.098889,1776380578000
1776380579.841,179.841,0.24,11.66,0.23,14.7,0.36,10.0,0.37,10.0,0.64,10.0,0.63,10.0,0.76,11.66,0.77,14.7,0.12,0.12,0.098889,1776380579000
1776380580.091,180.091,0.3,12.4,0.29,12.6,0.36,7.0,0.4,20.0,0.64,10.0,0.63,10.0,0.76,11.66,0.77,14.7,0.06,0.12,0.098889,1776380579000
1776380580.96,180.96,0.3,12.4,0.29,12.6,0.36,7.0,0.4,20.0,0.64,7.0,0.6,20.0,0.7,12.4,0.71,12.6,0.06,0.06,0.098888,1776380580000
1776380582.107,182.107,0.3,12.4,0.29,12.6,0.36,7.0,0.4,20.0,0.64,7.0,0.6,20.0,0.7,12.4,0.71,12.6,0.06,0.06,0.098888,1776380581000
1776380583.273,183.273,0.3,12.4,0.29,12.6,0.36,7.0,0.4,20.0,0.64,7.0,0.6,20.0,0.7,12.4,0.71,12.6,0.06,0.06,0.098887,1776380582000
1776380584.209,184.209,0.3,12.4,0.29,12.6,0.36,7.0,0.4,20.0,0.64,7.0,0.6,20.0,0.7,12.4,0.71,12.6,0.06,0.06,0.09889,1776380583000
1776380585.329,185.329,0.3,12.4,0.29,12.6,0.36,7.0,0.4,20.0,0.64,7.0,0.6,20.0,0.7,12.4,0.71,12.6,0.06,0.06,0.09889,1776380584000
1776380586.539,186.539,0.3,12.4,0.29,12.6,0.36,7.0,0.4,20.0,0.64,7.0,0.6,20.0,0.7,12.4,0.71,12.6,0.06,0.06,0.09889,1776380585000
1776380587.011,187.011,0.3,12.4,0.29,12.6,0.36,7.0,0.4,20.0,0.64,7.0,0.6,20.0,0.7,12.4,0.71,12.6,0.06,0.06,0.09889,1776380586000
1776380588.132,188.132,0.3,12.4,0.29,12.6,0.36,7.0,0.4,20.0,0.64,7.0,0.6,20.0,0.7,12.4,0.71,12.6,0.06,0.06,0.09889,1776380587000
1776380588.532,188.532,0.23,4.48,0.19,10.0,0.25,5.0,0.26,51.0,0.64,7.0,0.6,20.0,0.7,12.4,0.71,12.6,0.02,0.06,0.09889,1776380587000
1776380589.637,189.637,0.23,4.48,0.19,10.0,0.25,5.0,0.26,51.0,0.75,5.0,0.74,51.0,0.77,4.48,0.81,10.0,0.02,0.02,0.098889,1776380588000
1776380590.266,190.266,0.23,4.48,0.19,10.0,0.25,5.0,0.26,51.0,0.75,5.0,0.74,51.0,0.77,4.48,0.81,10.0,0.02,0.02,0.098871,1776380589000
1776380591.312,191.312,0.23,4.48,0.19,10.0,0.25,5.0,0.26,51.0,0.75,5.0,0.74,51.0,0.77,4.48,0.81,10.0,0.02,0.02,0.098851,1776380590000
1776380591.876,191.876,0.23,4.48,0.19,10.0,0.25,5.0,0.26,51.0,0.75,5.0,0.74,51.0,0.77,4.48,0.81,10.0,0.02,0.02,0.098859,1776380591000
1776380593.303,193.303,0.23,4.48,0.19,10.0,0.25,5.0,0.26,51.0,0.75,5.0,0.74,51.0,0.77,4.48,0.81,10.0,0.02,0.02,0.098862,1776380592000
1776380594.488,194.488,0.23,4.48,0.19,10.0,0.25,5.0,0.26,51.0,0.75,5.0,0.74,51.0,0.77,4.48,0.81,10.0,0.02,0.02,0.098861,1776380593000
1776380595.087,195.087,0.23,4.48,0.19,10.0,0.25,5.0,0.26,51.0,0.75,5.0,0.74,51.0,0.77,4.48,0.81,10.0,0.02,0.02,0.098861,1776380594000
1776380596.251,196.251,0.23,4.48,0.19,10.0,0.25,5.0,0.26,51.0,0.75,5.0,0.74,51.0,0.77,4.48,0.81,10.0,0.02,0.02,0.098865,1776380595000
1776380597.299,197.299,0.22,5.0,0.21,5.0,0.24,5.0,0.39,10.0,0.76,5.0,0.61,10.0,0.78,5.0,0.79,5.0,0.02,0.02,0.098866,1776380596000
1776380597.922,197.922,0.22,5.0,0.21,5.0,0.24,5.0,0.39,10.0,0.76,5.0,0.61,10.0,0.78,5.0,0.79,5.0,0.02,0.02,0.098878,1776380597000
1776380599.165,199.165,0.22,5.0,0.21,5.0,0.24,5.0,0.39,10.0,0.76,5.0,0.61,10.0,0.78,5.0,0.79,5.0,0.02,0.02,0.098892,1776380598000
1776380600.77,200.77,0.22,5.0,0.21,5.0,0.24,5.0,0.39,10.0,0.76,5.0,0.61,10.0,0.78,5.0,0.79,5.0,0.02,0.02,0.098895,1776380599000
1776380601.247,201.247,0.22,5.0,0.21,5.0,0.24,5.0,0.39,10.0,0.76,5.0,0.61,10.0,0.78,5.0,0.79,5.0,0.02,0.02,0.098895,1776380600000
1776380602.273,202.273,0.22,5.0,0.21,5.0,0.24,5.0,0.39,10.0,0.76,5.0,0.61,10.0,0.78,5.0,0.79,5.0,0.02,0.02,0.098887,1776380601000
1776380603.258,203.258,0.22,5.0,0.21,5.0,0.24,5.0,0.39,10.0,0.76,5.0,0.61,10.0,0.78,5.0,0.79,5.0,0.02,0.02,0.098887,1776380602000
1776380604.353,204.353,0.22,5.0,0.21,5.0,0.24,5.0,0.39,10.0,0.76,5.0,0.61,10.0,0.78,5.0,0.79,5.0,0.02,0.02,0.098887,1776380603000
1776380605.288,205.288,0.22,5.0,0.21,5.0,0.24,5.0,0.39,10.0,0.76,5.0,0.61,10.0,0.78,5.0,0.79,5.0,0.02,0.02,0.098888,1776380604000
1776380606.278,206.278,0.22,5.0,0.21,5.0,0.24,5.0,0.39,10.0,0.76,5.0,0.61,10.0,0.78,5.0,0.79,5.0,0.02,0.02,0.098888,1776380605000
1776380607.161,207.161,0.23,12.1,0.22,15.2,0.24,5.0,0.31,50.0,0.76,5.0,0.61,10.0,0.78,5.0,0.79,5.0,0.01,0.02,0.098888,1776380605000
1776380608.201,208.201,0.23,12.1,0.22,15.2,0.24,5.0,0.31,50.0,0.76,5.0,0.69,50.0,0.77,12.1,0.78,15.2,0.01,0.01,0.098888,1776380607000
1776380609.271,209.271,0.23,12.1,0.22,15.2,0.24,5.0,0.31,50.0,0.76,5.0,0.69,50.0,0.77,12.1,0.78,15.2,0.01,0.01,0.098897,1776380608000
1776380610.201,210.201,0.23,12.1,0.22,15.2,0.24,5.0,0.31,50.0,0.76,5.0,0.69,50.0,0.77,12.1,0.78,15.2,0.01,0.01,0.098896,1776380609000
1776380611.26,211.26,0.23,12.1,0.22,15.2,0.24,5.0,0.31,50.0,0.76,5.0,0.69,50.0,0.77,12.1,0.78,15.2,0.01,0.01,0.098896,1776380610000
1776380612.145,212.145,0.23,12.1,0.22,15.2,0.24,5.0,0.31,50.0,0.76,5.0,0.69,50.0,0.77,12.1,0.78,15.2,0.01,0.01,0.098897,1776380611000
1776380614.004,214.004,0.23,12.1,0.22,15.2,0.24,5.0,0.31,50.0,0.76,5.0,0.69,50.0,0.77,12.1,0.78,15.2,0.01,0.01,0.098883,1776380612000
1776380614.637,214.637,0.23,12.1,0.22,15.2,0.24,5.0,0.31,50.0,0.76,5.0,0.69,50.0,0.77,12.1,0.78,15.2,0.01,0.01,0.098881,1776380613000
1776380615.227,215.227,0.23,12.1,0.22,15.2,0.24,5.0,0.31,50.0,0.76,5.0,0.69,50.0,0.77,12.1,0.78,15.2,0.01,0.01,0.098879,1776380614000
1776380616.557,216.557,0.21,191.0,0.17,18.39,0.61,47.09,0.64,11.3,0.76,5.0,0.69,50.0,0.77,12.1,0.78,15.2,0.4,0.01,0.098879,1776380614000
1776380617.05,217.05,0.58,2.61,0.57,10.0,0.71,50.0,0.74,13.5,0.31,7.27,0.3,12.4,0.46,5.0,0.47,5.0,0.13,0.15,0.098872,1776380615000
1776380617.258,217.258,0.58,2.61,0.57,10.0,0.71,50.0,0.74,13.5,0.29,50.0,0.26,13.5,0.42,2.61,0.43,10.0,0.13,0.13,0.098871,1776380616000
1776380617.499,217.499,0.6,10.0,0.57,5.0,0.71,41.62,0.74,13.5,0.29,45.81,0.26,13.5,0.4,10.0,0.43,5.0,0.11,0.11,0.098871,1776380616000
1776380617.7,217.7,0.6,4.0,0.57,5.0,0.71,40.21,0.73,13.2,0.29,40.21,0.26,13.5,0.4,10.0,0.43,5.0,0.11,0.11,0.098871,1776380616000
1776380618.239,218.239,0.58,5.23,0.57,5.0,0.71,35.21,0.73,13.2,0.29,35.21,0.27,13.2,0.43,5.0,0.59,50.0,0.13,0.14,0.098871,1776380616000
1776380618.46,218.46,0.58,5.23,0.57,5.0,0.71,35.21,0.73,13.2,0.29,35.21,0.27,13.2,0.42,5.23,0.43,5.0,0.13,0.13,0.0989,1776380617000
1776380619.259,219.259,0.58,5.23,0.57,5.0,0.71,35.21,0.73,13.2,0.29,35.21,0.27,13.2,0.42,5.23,0.43,5.0,0.13,0.13,0.098954,1776380618000
1776380620.393,220.393,0.6,5.0,0.57,5.0,0.71,6.47,0.75,13.9,0.29,6.47,0.25,13.9,0.4,5.0,0.43,5.0,0.11,0.11,0.098964,1776380619000
1776380621.138,221.138,0.65,10.0,0.57,5.0,0.79,3.7,0.8,16.2,0.29,6.47,0.25,13.9,0.4,5.0,0.43,5.0,0.14,0.11,0.098964,1776380619000
1776380621.875,221.875,0.65,10.0,0.57,5.0,0.8,16.2,0.81,66.89,0.21,3.7,0.2,16.2,0.35,10.0,0.43,5.0,0.15,0.14,0.098964,1776380620000
1776380622.564,222.564,0.65,10.0,0.57,5.0,0.8,16.2,0.81,66.89,0.2,16.2,0.19,66.89,0.35,10.0,0.43,5.0,0.15,0.15,0.098976,1776380621000
1776380623.162,223.162,0.65,10.0,0.57,5.0,0.8,16.2,0.81,66.89,0.2,16.2,0.19,66.89,0.35,10.0,0.43,5.0,0.15,0.15,0.098979,1776380622000
1776380624.624,224.624,0.65,10.0,0.57,5.0,0.8,16.2,0.81,66.89,0.2,16.2,0.19,66.89,0.35,10.0,0.43,5.0,0.15,0.15,0.09898,1776380623000
1776380625.231,225.231,0.66,60.0,0.65,10.0,0.8,14.12,0.81,66.89,0.2,14.12,0.19,66.89,0.34,60.0,0.35,10.0,0.14,0.14,0.098979,1776380624000
1776380626.375,226.375,0.66,60.0,0.65,10.0,0.8,14.12,0.81,66.89,0.2,14.12,0.19,66.89,0.34,60.0,0.35,10.0,0.14,0.14,0.09898,1776380625000
1776380626.966,226.966,0.66,60.0,0.65,10.0,0.8,14.12,0.81,66.89,0.2,14.12,0.19,66.89,0.34,60.0,0.35,10.0,0.14,0.14,0.09898,1776380626000
1776380628.377,228.377,0.66,60.0,0.65,10.0,0.8,14.12,0.81,66.89,0.2,14.12,0.19,66.89,0.34,60.0,0.35,10.0,0.14,0.14,0.098985,1776380627000
1776380629.09,229.09,0.66,60.0,0.65,10.0,0.8,14.12,0.81,66.89,0.2,14.12,0.19,66.89,0.34,60.0,0.35,10.0,0.14,0.14,0.098986,1776380628000
1776380630.565,230.565,0.8,5.0,0.67,10.0,0.81,64.68,0.82,17.6,0.2,14.12,0.19,66.89,0.34,60.0,0.35,10.0,0.01,0.14,0.098986,1776380628000
1776380630.837,230.837,0.8,5.0,0.67,10.0,0.81,64.68,0.82,17.6,0.19,64.68,0.18,17.6,0.2,5.0,0.33,10.0,0.01,0.01,0.098974,1776380629000
1776380631.309,231.309,0.8,5.0,0.67,10.0,0.81,64.68,0.82,17.6,0.19,64.68,0.18,17.6,0.2,5.0,0.33,10.0,0.01,0.01,0.098981,1776380630000
1776380632.341,232.341,0.71,5.0,0.67,10.0,0.81,64.68,0.82,17.6,0.19,64.68,0.18,17.6,0.29,5.0,0.33,10.0,0.1,0.1,0.098979,1776380631000
1776380632.888,232.888,0.71,5.0,0.67,10.0,0.81,64.68,0.82,17.6,0.19,64.68,0.18,17.6,0.29,5.0,0.33,10.0,0.1,0.1,0.098979,1776380632000
1776380633.95,233.95,0.71,5.0,0.67,10.0,0.81,64.68,0.82,17.6,0.19,64.68,0.18,17.6,0.29,5.0,0.33,10.0,0.1,0.1,0.098984,1776380633000
1776380634.952,234.952,0.71,5.0,0.67,10.0,0.81,64.68,0.82,17.6,0.19,64.68,0.18,17.6,0.29,5.0,0.33,10.0,0.1,0.1,0.098982,1776380634000
1776380636.039,236.039,0.71,5.0,0.67,10.0,0.81,64.68,0.82,17.6,0.19,64.68,0.18,17.6,0.29,5.0,0.33,10.0,0.1,0.1,0.098977,1776380635000
1776380637.015,237.015,0.71,5.0,0.67,10.0,0.81,64.68,0.82,17.6,0.19,64.68,0.18,17.6,0.29,5.0,0.33,10.0,0.1,0.1,0.098982,1776380636000
1776380637.909,237.909,0.67,3.93,0.57,5.0,0.8,16.2,0.81,64.68,0.2,16.2,0.19,64.68,0.33,3.93,0.43,5.0,0.13,0.13,0.098979,1776380637000
1776380638.905,238.905,0.67,3.93,0.57,5.0,0.8,16.2,0.81,64.68,0.2,16.2,0.19,64.68,0.33,3.93,0.43,5.0,0.13,0.13,0.098972,1776380638000
1776380639.244,239.244,0.65,10.0,0.57,5.0,0.79,13.7,0.8,16.2,0.2,16.2,0.19,64.68,0.33,3.93,0.43,5.0,0.14,0.13,0.098972,1776380638000
1776380639.855,239.855,0.65,10.0,0.57,5.0,0.79,11.7,0.8,16.2,0.21,11.7,0.2,16.2,0.35,10.0,0.43,5.0,0.14,0.14,0.098971,1776380639000
1776380640.797,240.797,0.65,10.0,0.57,5.0,0.79,11.7,0.8,16.2,0.21,11.7,0.2,16.2,0.35,10.0,0.43,5.0,0.14,0.14,0.09897,1776380640000
1776380641.378,241.378,0.65,32.0,0.59,10.0,0.69,2.88,0.7,5.0,0.21,11.7,0.2,16.2,0.35,10.0,0.43,5.0,0.04,0.14,0.09897,1776380640000
1776380641.802,241.802,0.65,32.0,0.59,10.0,0.69,2.88,0.7,5.0,0.31,2.88,0.3,5.0,0.35,32.0,0.41,10.0,0.04,0.04,0.09897,1776380641000
1776380643.912,243.912,0.65,32.0,0.59,10.0,0.69,2.88,0.7,5.0,0.31,2.88,0.3,5.0,0.35,32.0,0.41,10.0,0.04,0.04,0.098966,1776380642000
1776380644.575,244.575,0.65,32.0,0.59,10.0,0.69,2.88,0.7,5.0,0.31,2.88,0.3,5.0,0.35,32.0,0.41,10.0,0.04,0.04,0.098967,1776380643000
1776380645.165,245.165,0.65,32.0,0.59,10.0,0.69,2.88,0.7,5.0,0.31,2.88,0.3,5.0,0.35,32.0,0.41,10.0,0.04,0.04,0.098967,1776380644000
1776380646.292,246.292,0.65,32.0,0.59,10.0,0.69,2.88,0.7,5.0,0.31,2.88,0.3,5.0,0.35,32.0,0.41,10.0,0.04,0.04,0.098972,1776380645000
1776380647.722,247.722,0.65,32.0,0.59,10.0,0.69,2.88,0.7,5.0,0.31,2.88,0.3,5.0,0.35,32.0,0.41,10.0,0.04,0.04,0.098967,1776380646000
1776380648.711,248.711,0.65,32.0,0.59,10.0,0.69,2.88,0.7,5.0,0.31,2.88,0.3,5.0,0.35,32.0,0.41,10.0,0.04,0.04,0.098967,1776380647000
1776380649.314,249.314,0.65,32.0,0.59,10.0,0.69,2.88,0.7,5.0,0.31,2.88,0.3,5.0,0.35,32.0,0.41,10.0,0.04,0.04,0.098968,1776380648000
1776380650.561,250.561,0.65,32.0,0.59,10.0,0.69,2.88,0.7,5.0,0.31,2.88,0.3,5.0,0.35,32.0,0.41,10.0,0.04,0.04,0.098968,1776380649000
1776380651.232,251.232,0.65,32.0,0.59,10.0,0.69,2.88,0.7,5.0,0.31,2.88,0.3,5.0,0.35,32.0,0.41,10.0,0.04,0.04,0.098968,1776380650000
1776380652.443,252.443,0.65,32.0,0.59,10.0,0.69,2.88,0.7,5.0,0.31,2.88,0.3,5.0,0.35,32.0,0.41,10.0,0.04,0.04,0.09897,1776380651000
1776380653.025,253.025,0.65,32.0,0.59,10.0,0.69,2.88,0.7,5.0,0.31,2.88,0.3,5.0,0.35,32.0,0.41,10.0,0.04,0.04,0.098976,1776380652000
1776380654.189,254.189,0.65,32.0,0.59,10.0,0.69,2.88,0.7,5.0,0.31,2.88,0.3,5.0,0.35,32.0,0.41,10.0,0.04,0.04,0.098977,1776380653000
1776380655.323,255.323,0.65,32.0,0.59,10.0,0.69,2.88,0.7,5.0,0.31,2.88,0.3,5.0,0.35,32.0,0.41,10.0,0.04,0.04,0.098979,1776380654000
1776380656.03,256.03,0.65,32.0,0.59,10.0,0.69,2.88,0.7,5.0,0.31,2.88,0.3,5.0,0.35,32.0,0.41,10.0,0.04,0.04,0.098978,1776380655000
1776380657.16,257.16,0.65,32.0,0.59,10.0,0.69,2.88,0.7,5.0,0.31,2.88,0.3,5.0,0.35,32.0,0.41,10.0,0.04,0.04,0.098978,1776380656000
1776380658.291,258.291,0.65,32.0,0.59,10.0,0.69,2.88,0.7,5.0,0.31,2.88,0.3,5.0,0.35,32.0,0.41,10.0,0.04,0.04,0.098977,1776380657000
1776380658.899,258.899,0.65,32.0,0.59,10.0,0.69,2.88,0.7,5.0,0.31,2.88,0.3,5.0,0.35,32.0,0.41,10.0,0.04,0.04,0.098977,1776380658000
1776380660.093,260.093,0.65,32.0,0.59,10.0,0.69,2.88,0.7,5.0,0.31,2.88,0.3,5.0,0.35,32.0,0.41,10.0,0.04,0.04,0.098978,1776380659000
1776380661.197,261.197,0.65,32.0,0.59,10.0,0.69,2.88,0.7,5.0,0.31,2.88,0.3,5.0,0.35,32.0,0.41,10.0,0.04,0.04,0.098978,1776380660000
1776380662.587,262.587,0.65,32.0,0.59,10.0,0.69,2.88,0.7,5.0,0.31,2.88,0.3,5.0,0.35,32.0,0.41,10.0,0.04,0.04,0.098974,1776380661000
1776380663.103,263.103,0.65,32.0,0.59,10.0,0.69,2.88,0.7,5.0,0.31,2.88,0.3,5.0,0.35,32.0,0.41,10.0,0.04,0.04,0.098973,1776380662000
1776380664.234,264.234,0.65,32.0,0.59,10.0,0.69,2.88,0.7,5.0,0.31,2.88,0.3,5.0,0.35,32.0,0.41,10.0,0.04,0.04,0.098973,1776380663000
1776380665.46,265.46,0.65,32.0,0.59,10.0,0.69,2.88,0.7,5.0,0.31,2.88,0.3,5.0,0.35,32.0,0.41,10.0,0.04,0.04,0.098972,1776380664000
1776380665.95,265.95,0.65,32.0,0.59,10.0,0.69,2.88,0.7,5.0,0.31,2.88,0.3,5.0,0.35,32.0,0.41,10.0,0.04,0.04,0.098972,1776380665000
1776380667.088,267.088,0.65,32.0,0.59,10.0,0.69,2.88,0.7,5.0,0.31,2.88,0.3,5.0,0.35,32.0,0.41,10.0,0.04,0.04,0.098973,1776380666000
1776380667.868,267.868,0.65,32.0,0.59,10.0,0.69,2.88,0.7,5.0,0.31,2.88,0.3,5.0,0.35,32.0,0.41,10.0,0.04,0.04,0.098972,1776380667000
1776380668.989,268.989,0.65,32.0,0.59,10.0,0.69,2.88,0.7,5.0,0.31,2.88,0.3,5.0,0.35,32.0,0.41,10.0,0.04,0.04,0.098972,1776380668000
1776380670.155,270.155,0.65,32.0,0.59,10.0,0.69,2.88,0.7,5.0,0.31,2.88,0.3,5.0,0.35,32.0,0.41,10.0,0.04,0.04,0.098972,1776380669000
1776380671.198,271.198,0.65,32.0,0.59,10.0,0.69,2.88,0.7,5.0,0.31,2.88,0.3,5.0,0.35,32.0,0.41,10.0,0.04,0.04,0.098968,1776380670000
1776380672.411,272.411,0.65,32.0,0.59,10.0,0.69,2.88,0.7,5.0,0.31,2.88,0.3,5.0,0.35,32.0,0.41,10.0,0.04,0.04,0.09898,1776380671000
1776380673.008,273.008,0.65,32.0,0.59,10.0,0.69,2.88,0.7,5.0,0.31,2.88,0.3,5.0,0.35,32.0,0.41,10.0,0.04,0.04,0.098977,1776380672000
1776380673.44,273.44,0.82,2.12,0.81,5.0,0.89,10.0,0.9,20.0,0.31,2.88,0.3,5.0,0.35,32.0,0.41,10.0,0.07,0.04,0.098977,1776380672000
1776380674.074,274.074,0.82,2.12,0.81,5.0,0.89,10.0,0.9,20.0,0.11,10.0,0.1,20.0,0.18,2.12,0.19,5.0,0.07,0.07,0.098975,1776380673000
1776380675.065,275.065,0.67,11.8,0.66,21.6,0.81,31.62,0.83,10.0,0.11,10.0,0.1,20.0,0.18,2.12,0.19,5.0,0.14,0.07,0.098975,1776380673000
1776380676.485,276.485,0.67,11.8,0.66,21.6,0.81,31.62,0.83,10.0,0.19,31.62,0.17,10.0,0.33,11.8,0.34,21.6,0.14,0.14,0.098968,1776380675000
1776380677.154,277.154,0.67,11.8,0.66,21.6,0.81,31.62,0.83,10.0,0.19,31.62,0.17,10.0,0.33,11.8,0.34,21.6,0.14,0.14,0.098967,1776380676000
1776380678.579,278.579,0.67,11.8,0.66,21.6,0.81,31.62,0.83,10.0,0.19,31.62,0.17,10.0,0.33,11.8,0.34,21.6,0.14,0.14,0.098967,1776380677000
1776380679.277,279.277,0.67,11.8,0.66,21.6,0.81,31.62,0.83,10.0,0.19,31.62,0.17,10.0,0.33,11.8,0.34,21.6,0.14,0.14,0.098967,1776380678000
1776380680.071,280.071,0.67,11.8,0.66,21.6,0.81,31.62,0.83,10.0,0.19,31.62,0.17,10.0,0.33,11.8,0.34,21.6,0.14,0.14,0.098967,1776380679000
1776380681.308,281.308,0.67,11.8,0.66,21.6,0.81,31.62,0.83,10.0,0.19,31.62,0.17,10.0,0.33,11.8,0.34,21.6,0.14,0.14,0.098967,1776380680000
1776380682.5,282.5,0.67,11.8,0.66,21.6,0.81,31.62,0.83,10.0,0.19,31.62,0.17,10.0,0.33,11.8,0.34,21.6,0.14,0.14,0.098967,1776380681000
1776380683.002,283.002,0.67,11.8,0.66,21.6,0.81,31.62,0.83,10.0,0.19,31.62,0.17,10.0,0.33,11.8,0.34,21.6,0.14,0.14,0.098968,1776380682000
1776380684.237,284.237,0.67,11.8,0.66,21.6,0.81,31.62,0.83,10.0,0.19,31.62,0.17,10.0,0.33,11.8,0.34,21.6,0.14,0.14,0.098968,1776380683000
1776380684.99,284.99,0.79,5.0,0.78,5.0,0.9,4.45,0.91,11.0,0.19,31.62,0.17,10.0,0.33,11.8,0.34,21.6,0.11,0.14,0.098968,1776380683000
1776380685.494,285.494,0.79,5.0,0.78,5.0,0.9,4.45,0.91,11.0,0.1,4.45,0.09,11.0,0.21,5.0,0.22,5.0,0.11,0.11,0.098967,1776380684000
1776380685.911,285.911,0.82,5.0,0.81,55.0,0.91,7.33,0.92,12.0,0.1,4.45,0.09,11.0,0.21,5.0,0.22,5.0,0.09,0.11,0.098967,1776380684000
1776380687.161,287.161,0.9,5.0,0.89,15.0,0.92,9.33,0.93,28.28,0.09,7.33,0.08,12.0,0.18,5.0,0.19,55.0,0.02,0.09,0.098967,1776380685000
1776380688.408,288.408,0.91,55.0,0.9,5.0,0.93,22.5,0.94,16.0,0.07,22.5,0.06,16.0,0.09,55.0,0.1,5.0,0.02,0.02,0.098988,1776380687000
1776380688.976,288.976,0.91,55.0,0.9,5.0,0.93,22.5,0.94,16.0,0.07,22.5,0.06,16.0,0.09,55.0,0.1,5.0,0.02,0.02,0.098988,1776380688000
1776380689.194,289.194,0.92,70.0,0.91,50.0,0.94,16.0,0.95,20.0,0.07,22.5,0.06,16.0,0.09,55.0,0.1,5.0,0.02,0.02,0.098988,1776380688000
1776380690.513,290.513,0.91,60.0,0.81,50.0,0.95,20.0,0.96,25.0,0.06,16.0,0.05,20.0,0.08,70.0,0.09,50.0,0.04,0.02,0.099012,1776380689000
1776380690.895,290.895,0.99,600.0,0.91,60.0,,,,,0.05,20.0,0.04,25.0,0.09,60.0,0.19,50.0,,0.04,0.099012,1776380689000
1776380691.241,291.241,0.99,595.11,0.91,60.0,,,,,,,,,0.01,600.0,0.09,60.0,,,0.099012,1776380689000

# RESULT,winner=Up,slug=doge-updown-5m-1776380400,ticks=308
