timestamp,elapsed_sec,up_bid_p1,up_bid_s1,up_bid_p2,up_bid_s2,up_bid_p3,up_bid_s3,up_bid_p4,up_bid_s4,up_bid_p5,up_bid_s5,up_ask_p1,up_ask_s1,up_ask_p2,up_ask_s2,up_ask_p3,up_ask_s3,up_ask_p4,up_ask_s4,up_ask_p5,up_ask_s5,down_bid_p1,down_bid_s1,down_bid_p2,down_bid_s2,down_bid_p3,down_bid_s3,down_bid_p4,down_bid_s4,down_bid_p5,down_bid_s5,down_ask_p1,down_ask_s1,down_ask_p2,down_ask_s2,down_ask_p3,down_ask_s3,down_ask_p4,down_ask_s4,down_ask_p5,down_ask_s5,up_spread,down_spread,doge_price,doge_oracle_ts
1776164701.592,1.592,,,,,,,,,,,,,,,,,,,,,,,,,,,,,,,,,,,,,,,,,,,0.094417,1776164700000
1776164702.04,2.04,0.35,14.0,0.33,300.0,0.31,375.0,0.27,450.0,0.25,600.0,0.57,11.0,0.67,300.0,0.69,375.0,0.73,450.0,0.75,600.0,0.43,11.0,0.33,300.0,0.31,375.0,0.27,450.0,0.25,600.0,0.65,14.0,0.67,300.0,0.69,375.0,0.73,450.0,0.75,600.0,0.22,0.22,0.094417,1776164700000
1776164702.364,2.364,0.35,14.0,0.33,300.0,0.31,375.0,0.27,450.0,0.25,600.0,0.57,11.0,0.67,300.0,0.69,375.0,0.73,450.0,0.75,600.0,0.43,11.0,0.33,300.0,0.31,375.0,0.27,450.0,0.25,600.0,0.65,14.0,0.67,300.0,0.69,375.0,0.73,450.0,0.75,600.0,0.22,0.22,0.094417,1776164701000
1776164703.09,3.09,0.35,14.0,0.33,300.0,0.31,375.0,0.27,450.0,0.25,600.0,0.57,11.0,0.67,300.0,0.69,375.0,0.73,450.0,0.75,600.0,0.43,11.0,0.33,300.0,0.31,375.0,0.27,450.0,0.25,600.0,0.65,14.0,0.67,300.0,0.69,375.0,0.73,450.0,0.75,600.0,0.22,0.22,0.094414,1776164702000
1776164704.325,4.325,0.35,14.0,0.33,300.0,0.31,375.0,0.27,450.0,0.25,600.0,0.57,11.0,0.67,300.0,0.69,375.0,0.73,450.0,0.75,600.0,0.43,11.0,0.33,300.0,0.31,375.0,0.27,450.0,0.25,600.0,0.65,14.0,0.67,300.0,0.69,375.0,0.73,450.0,0.75,600.0,0.22,0.22,0.0944,1776164703000
1776164704.883,4.883,0.35,14.0,0.33,300.0,0.31,375.0,0.27,450.0,0.25,600.0,0.57,11.0,0.67,300.0,0.69,375.0,0.73,450.0,0.75,600.0,0.43,11.0,0.33,300.0,0.31,375.0,0.27,450.0,0.25,600.0,0.65,14.0,0.67,300.0,0.69,375.0,0.73,450.0,0.75,600.0,0.22,0.22,0.094398,1776164704000
1776164705.977,5.977,0.35,14.0,0.33,300.0,0.31,375.0,0.27,450.0,0.25,600.0,0.57,11.0,0.67,300.0,0.69,375.0,0.73,450.0,0.75,600.0,0.43,11.0,0.33,300.0,0.31,375.0,0.27,450.0,0.25,600.0,0.65,14.0,0.67,300.0,0.69,375.0,0.73,450.0,0.75,600.0,0.22,0.22,0.094397,1776164705000
1776164707.035,7.035,0.35,14.0,0.33,300.0,0.31,375.0,0.27,450.0,0.25,600.0,0.57,11.0,0.67,300.0,0.69,375.0,0.73,450.0,0.75,600.0,0.43,11.0,0.33,300.0,0.31,375.0,0.27,450.0,0.25,600.0,0.65,14.0,0.67,300.0,0.69,375.0,0.73,450.0,0.75,600.0,0.22,0.22,0.094394,1776164706000
1776164708.065,8.065,0.35,14.0,0.33,300.0,0.31,375.0,0.27,450.0,0.25,600.0,0.57,11.0,0.67,300.0,0.69,375.0,0.73,450.0,0.75,600.0,0.43,11.0,0.33,300.0,0.31,375.0,0.27,450.0,0.25,600.0,0.65,14.0,0.67,300.0,0.69,375.0,0.73,450.0,0.75,600.0,0.22,0.22,0.094395,1776164707000
1776164709.351,9.351,0.35,14.0,0.33,300.0,0.31,375.0,0.27,450.0,0.25,600.0,0.57,11.0,0.67,300.0,0.69,375.0,0.73,450.0,0.75,600.0,0.43,11.0,0.33,300.0,0.31,375.0,0.27,450.0,0.25,600.0,0.65,14.0,0.67,300.0,0.69,375.0,0.73,450.0,0.75,600.0,0.22,0.22,0.094394,1776164708000
1776164710.192,10.192,0.35,14.0,0.33,300.0,0.31,375.0,0.27,450.0,0.25,600.0,0.57,11.0,0.67,300.0,0.69,375.0,0.73,450.0,0.75,600.0,0.43,11.0,0.33,300.0,0.31,375.0,0.27,450.0,0.25,600.0,0.65,14.0,0.67,300.0,0.69,375.0,0.73,450.0,0.75,600.0,0.22,0.22,0.09438,1776164709000
1776164711.247,11.247,0.35,14.0,0.33,300.0,0.31,375.0,0.27,450.0,0.25,600.0,0.57,11.0,0.67,300.0,0.69,375.0,0.73,450.0,0.75,600.0,0.43,11.0,0.33,300.0,0.31,375.0,0.27,450.0,0.25,600.0,0.65,14.0,0.67,300.0,0.69,375.0,0.73,450.0,0.75,600.0,0.22,0.22,0.094375,1776164710000
1776164712.246,12.246,0.35,14.0,0.33,300.0,0.31,375.0,0.27,450.0,0.25,600.0,0.57,11.0,0.67,300.0,0.69,375.0,0.73,450.0,0.75,600.0,0.43,11.0,0.33,300.0,0.31,375.0,0.27,450.0,0.25,600.0,0.65,14.0,0.67,300.0,0.69,375.0,0.73,450.0,0.75,600.0,0.22,0.22,0.094377,1776164711000
1776164713.186,13.186,0.35,14.0,0.33,300.0,0.31,375.0,0.27,450.0,0.25,600.0,0.57,11.0,0.67,300.0,0.69,375.0,0.73,450.0,0.75,600.0,0.43,11.0,0.33,300.0,0.31,375.0,0.27,450.0,0.25,600.0,0.65,14.0,0.67,300.0,0.69,375.0,0.73,450.0,0.75,600.0,0.22,0.22,0.094378,1776164712000
1776164713.623,13.623,0.28,5.0,0.27,5.0,0.23,31.0,0.21,60.0,0.2,10.0,0.4,4.27,0.45,9.0,0.47,10.0,0.48,10.0,0.49,10.0,0.58,4.54,0.53,10.0,0.52,10.0,0.51,19.0,0.5,10.0,0.69,5.0,0.7,5.0,0.73,18.0,0.75,10.0,0.77,10.0,0.12,0.11,0.094378,1776164712000
1776164714.209,14.209,0.27,3.08,0.23,31.0,0.21,60.0,0.2,10.0,0.19,10.0,0.45,19.0,0.46,10.0,0.47,10.0,0.48,10.0,0.49,10.0,0.55,19.0,0.54,10.0,0.53,10.0,0.52,10.0,0.51,10.0,0.73,3.08,0.77,31.0,0.79,60.0,0.8,10.0,0.81,10.0,0.18,0.18,0.094378,1776164713000
1776164715.233,15.233,0.27,3.08,0.23,31.0,0.21,60.0,0.2,10.0,0.19,10.0,0.45,19.0,0.46,10.0,0.47,10.0,0.48,10.0,0.49,10.0,0.55,19.0,0.54,10.0,0.53,10.0,0.52,10.0,0.51,10.0,0.73,3.08,0.77,31.0,0.79,60.0,0.8,10.0,0.81,10.0,0.18,0.18,0.094366,1776164714000
1776164716.299,16.299,0.27,3.08,0.23,31.0,0.21,60.0,0.2,10.0,0.19,10.0,0.45,19.0,0.46,10.0,0.47,10.0,0.48,10.0,0.49,10.0,0.55,19.0,0.54,10.0,0.53,10.0,0.52,10.0,0.51,10.0,0.73,3.08,0.77,31.0,0.79,60.0,0.8,10.0,0.81,10.0,0.18,0.18,0.094357,1776164715000
1776164718.112,18.112,0.27,3.08,0.23,31.0,0.21,60.0,0.2,10.0,0.19,10.0,0.45,19.0,0.46,10.0,0.47,10.0,0.48,10.0,0.49,10.0,0.55,19.0,0.54,10.0,0.53,10.0,0.52,10.0,0.51,10.0,0.73,3.08,0.77,31.0,0.79,60.0,0.8,10.0,0.81,10.0,0.18,0.18,0.094348,1776164717000
1776164719.012,19.012,0.27,3.08,0.23,31.0,0.21,60.0,0.2,10.0,0.19,10.0,0.45,19.0,0.46,10.0,0.47,10.0,0.48,10.0,0.49,10.0,0.55,19.0,0.54,10.0,0.53,10.0,0.52,10.0,0.51,10.0,0.73,3.08,0.77,31.0,0.79,60.0,0.8,10.0,0.81,10.0,0.18,0.18,0.094349,1776164718000
1776164720.125,20.125,0.27,3.08,0.23,31.0,0.21,60.0,0.2,10.0,0.19,10.0,0.45,19.0,0.46,10.0,0.47,10.0,0.48,10.0,0.49,10.0,0.55,19.0,0.54,10.0,0.53,10.0,0.52,10.0,0.51,10.0,0.73,3.08,0.77,31.0,0.79,60.0,0.8,10.0,0.81,10.0,0.18,0.18,0.09435,1776164719000
1776164721.13,21.13,0.27,3.08,0.23,31.0,0.21,60.0,0.2,10.0,0.19,10.0,0.45,19.0,0.46,10.0,0.47,10.0,0.48,10.0,0.49,10.0,0.55,19.0,0.54,10.0,0.53,10.0,0.52,10.0,0.51,10.0,0.73,3.08,0.77,31.0,0.79,60.0,0.8,10.0,0.81,10.0,0.18,0.18,0.094347,1776164720000
1776164722.124,22.124,0.27,3.08,0.23,31.0,0.21,60.0,0.2,10.0,0.19,10.0,0.45,19.0,0.46,10.0,0.47,10.0,0.48,10.0,0.49,10.0,0.55,19.0,0.54,10.0,0.53,10.0,0.52,10.0,0.51,10.0,0.73,3.08,0.77,31.0,0.79,60.0,0.8,10.0,0.81,10.0,0.18,0.18,0.094347,1776164721000
1776164723.075,23.075,0.27,3.08,0.23,31.0,0.21,60.0,0.2,10.0,0.19,10.0,0.45,19.0,0.46,10.0,0.47,10.0,0.48,10.0,0.49,10.0,0.55,19.0,0.54,10.0,0.53,10.0,0.52,10.0,0.51,10.0,0.73,3.08,0.77,31.0,0.79,60.0,0.8,10.0,0.81,10.0,0.18,0.18,0.094351,1776164722000
1776164724.109,24.109,0.27,3.08,0.23,31.0,0.21,60.0,0.2,10.0,0.19,10.0,0.45,19.0,0.46,10.0,0.47,10.0,0.48,10.0,0.49,10.0,0.55,19.0,0.54,10.0,0.53,10.0,0.52,10.0,0.51,10.0,0.73,3.08,0.77,31.0,0.79,60.0,0.8,10.0,0.81,10.0,0.18,0.18,0.094351,1776164723000
1776164725.165,25.165,0.27,3.08,0.23,31.0,0.21,60.0,0.2,10.0,0.19,10.0,0.45,19.0,0.46,10.0,0.47,10.0,0.48,10.0,0.49,10.0,0.55,19.0,0.54,10.0,0.53,10.0,0.52,10.0,0.51,10.0,0.73,3.08,0.77,31.0,0.79,60.0,0.8,10.0,0.81,10.0,0.18,0.18,0.094349,1776164724000
1776164726.121,26.121,0.27,3.08,0.23,31.0,0.21,60.0,0.2,10.0,0.19,10.0,0.45,19.0,0.46,10.0,0.47,10.0,0.48,10.0,0.49,10.0,0.55,19.0,0.54,10.0,0.53,10.0,0.52,10.0,0.51,10.0,0.73,3.08,0.77,31.0,0.79,60.0,0.8,10.0,0.81,10.0,0.18,0.18,0.094348,1776164725000
1776164727.095,27.095,0.27,3.08,0.23,31.0,0.21,60.0,0.2,10.0,0.19,10.0,0.45,19.0,0.46,10.0,0.47,10.0,0.48,10.0,0.49,10.0,0.55,19.0,0.54,10.0,0.53,10.0,0.52,10.0,0.51,10.0,0.73,3.08,0.77,31.0,0.79,60.0,0.8,10.0,0.81,10.0,0.18,0.18,0.094348,1776164726000
1776164728.188,28.188,0.27,3.08,0.23,31.0,0.21,60.0,0.2,10.0,0.19,10.0,0.45,19.0,0.46,10.0,0.47,10.0,0.48,10.0,0.49,10.0,0.55,19.0,0.54,10.0,0.53,10.0,0.52,10.0,0.51,10.0,0.73,3.08,0.77,31.0,0.79,60.0,0.8,10.0,0.81,10.0,0.18,0.18,0.094348,1776164727000
1776164729.203,29.203,0.27,3.08,0.23,31.0,0.21,60.0,0.2,10.0,0.19,10.0,0.45,19.0,0.46,10.0,0.47,10.0,0.48,10.0,0.49,10.0,0.55,19.0,0.54,10.0,0.53,10.0,0.52,10.0,0.51,10.0,0.73,3.08,0.77,31.0,0.79,60.0,0.8,10.0,0.81,10.0,0.18,0.18,0.09435,1776164728000
1776164730.171,30.171,0.27,3.08,0.23,31.0,0.21,60.0,0.2,10.0,0.19,10.0,0.45,19.0,0.46,10.0,0.47,10.0,0.48,10.0,0.49,10.0,0.55,19.0,0.54,10.0,0.53,10.0,0.52,10.0,0.51,10.0,0.73,3.08,0.77,31.0,0.79,60.0,0.8,10.0,0.81,10.0,0.18,0.18,0.09435,1776164729000
1776164731.238,31.238,0.27,3.08,0.23,31.0,0.21,60.0,0.2,10.0,0.19,10.0,0.45,19.0,0.46,10.0,0.47,10.0,0.48,10.0,0.49,10.0,0.55,19.0,0.54,10.0,0.53,10.0,0.52,10.0,0.51,10.0,0.73,3.08,0.77,31.0,0.79,60.0,0.8,10.0,0.81,10.0,0.18,0.18,0.094353,1776164730000
1776164732.369,32.369,0.27,3.08,0.23,31.0,0.21,60.0,0.2,10.0,0.19,10.0,0.45,19.0,0.46,10.0,0.47,10.0,0.48,10.0,0.49,10.0,0.55,19.0,0.54,10.0,0.53,10.0,0.52,10.0,0.51,10.0,0.73,3.08,0.77,31.0,0.79,60.0,0.8,10.0,0.81,10.0,0.18,0.18,0.094364,1776164731000
1776164733.687,33.687,0.27,3.08,0.23,31.0,0.21,60.0,0.2,10.0,0.19,10.0,0.45,19.0,0.46,10.0,0.47,10.0,0.48,10.0,0.49,10.0,0.55,19.0,0.54,10.0,0.53,10.0,0.52,10.0,0.51,10.0,0.73,3.08,0.77,31.0,0.79,60.0,0.8,10.0,0.81,10.0,0.18,0.18,0.094369,1776164732000
1776164734.211,34.211,0.27,3.08,0.23,31.0,0.21,60.0,0.2,10.0,0.19,10.0,0.45,19.0,0.46,10.0,0.47,10.0,0.48,10.0,0.49,10.0,0.55,19.0,0.54,10.0,0.53,10.0,0.52,10.0,0.51,10.0,0.73,3.08,0.77,31.0,0.79,60.0,0.8,10.0,0.81,10.0,0.18,0.18,0.094369,1776164733000
1776164742.559,42.559,0.27,3.08,0.23,31.0,0.21,60.0,0.2,10.0,0.19,10.0,0.45,19.0,0.46,10.0,0.47,10.0,0.48,10.0,0.49,10.0,0.55,19.0,0.54,10.0,0.53,10.0,0.52,10.0,0.51,10.0,0.73,3.08,0.77,31.0,0.79,60.0,0.8,10.0,0.81,10.0,0.18,0.18,0.094372,1776164741000
1776164743.101,43.101,0.27,3.08,0.23,31.0,0.21,60.0,0.2,10.0,0.19,10.0,0.45,19.0,0.46,10.0,0.47,10.0,0.48,10.0,0.49,10.0,0.55,19.0,0.54,10.0,0.53,10.0,0.52,10.0,0.51,10.0,0.73,3.08,0.77,31.0,0.79,60.0,0.8,10.0,0.81,10.0,0.18,0.18,0.094372,1776164742000
1776164744.24,44.24,0.27,3.08,0.23,31.0,0.21,60.0,0.2,10.0,0.19,10.0,0.45,19.0,0.46,10.0,0.47,10.0,0.48,10.0,0.49,10.0,0.55,19.0,0.54,10.0,0.53,10.0,0.52,10.0,0.51,10.0,0.73,3.08,0.77,31.0,0.79,60.0,0.8,10.0,0.81,10.0,0.18,0.18,0.094373,1776164743000
1776164745.282,45.282,0.27,3.08,0.23,31.0,0.21,60.0,0.2,10.0,0.19,10.0,0.45,19.0,0.46,10.0,0.47,10.0,0.48,10.0,0.49,10.0,0.55,19.0,0.54,10.0,0.53,10.0,0.52,10.0,0.51,10.0,0.73,3.08,0.77,31.0,0.79,60.0,0.8,10.0,0.81,10.0,0.18,0.18,0.094373,1776164744000
1776164746.449,46.449,0.27,3.08,0.23,31.0,0.21,60.0,0.2,10.0,0.19,10.0,0.45,19.0,0.46,10.0,0.47,10.0,0.48,10.0,0.49,10.0,0.55,19.0,0.54,10.0,0.53,10.0,0.52,10.0,0.51,10.0,0.73,3.08,0.77,31.0,0.79,60.0,0.8,10.0,0.81,10.0,0.18,0.18,0.094375,1776164745000
1776164746.888,46.888,0.27,3.08,0.23,31.0,0.21,60.0,0.2,10.0,0.19,10.0,0.45,19.0,0.46,10.0,0.47,10.0,0.48,10.0,0.49,10.0,0.55,19.0,0.54,10.0,0.53,10.0,0.52,10.0,0.51,10.0,0.73,3.08,0.77,31.0,0.79,60.0,0.8,10.0,0.81,10.0,0.18,0.18,0.094376,1776164746000
1776164747.852,47.852,0.27,3.08,0.23,31.0,0.21,60.0,0.2,10.0,0.19,10.0,0.45,19.0,0.46,10.0,0.47,10.0,0.48,10.0,0.49,10.0,0.55,19.0,0.54,10.0,0.53,10.0,0.52,10.0,0.51,10.0,0.73,3.08,0.77,31.0,0.79,60.0,0.8,10.0,0.81,10.0,0.18,0.18,0.094377,1776164747000
1776164749.223,49.223,0.27,3.08,0.23,31.0,0.21,60.0,0.2,10.0,0.19,10.0,0.45,19.0,0.46,10.0,0.47,10.0,0.48,10.0,0.49,10.0,0.55,19.0,0.54,10.0,0.53,10.0,0.52,10.0,0.51,10.0,0.73,3.08,0.77,31.0,0.79,60.0,0.8,10.0,0.81,10.0,0.18,0.18,0.094377,1776164748000
1776164750.082,50.082,0.27,3.08,0.23,31.0,0.21,60.0,0.2,10.0,0.19,10.0,0.45,19.0,0.46,10.0,0.47,10.0,0.48,10.0,0.49,10.0,0.55,19.0,0.54,10.0,0.53,10.0,0.52,10.0,0.51,10.0,0.73,3.08,0.77,31.0,0.79,60.0,0.8,10.0,0.81,10.0,0.18,0.18,0.094377,1776164749000
1776164751.08,51.08,0.27,3.08,0.23,31.0,0.21,60.0,0.2,10.0,0.19,10.0,0.45,19.0,0.46,10.0,0.47,10.0,0.48,10.0,0.49,10.0,0.55,19.0,0.54,10.0,0.53,10.0,0.52,10.0,0.51,10.0,0.73,3.08,0.77,31.0,0.79,60.0,0.8,10.0,0.81,10.0,0.18,0.18,0.094377,1776164750000
1776164752.122,52.122,0.27,3.08,0.23,31.0,0.21,60.0,0.2,10.0,0.19,10.0,0.45,19.0,0.46,10.0,0.47,10.0,0.48,10.0,0.49,10.0,0.55,19.0,0.54,10.0,0.53,10.0,0.52,10.0,0.51,10.0,0.73,3.08,0.77,31.0,0.79,60.0,0.8,10.0,0.81,10.0,0.18,0.18,0.094357,1776164751000
1776164752.988,52.988,0.27,3.08,0.23,31.0,0.21,60.0,0.2,10.0,0.19,10.0,0.45,19.0,0.46,10.0,0.47,10.0,0.48,10.0,0.49,10.0,0.55,19.0,0.54,10.0,0.53,10.0,0.52,10.0,0.51,10.0,0.73,3.08,0.77,31.0,0.79,60.0,0.8,10.0,0.81,10.0,0.18,0.18,0.094353,1776164752000
1776164753.929,53.929,0.27,3.08,0.23,31.0,0.21,60.0,0.2,10.0,0.19,10.0,0.45,19.0,0.46,10.0,0.47,10.0,0.48,10.0,0.49,10.0,0.55,19.0,0.54,10.0,0.53,10.0,0.52,10.0,0.51,10.0,0.73,3.08,0.77,31.0,0.79,60.0,0.8,10.0,0.81,10.0,0.18,0.18,0.094376,1776164753000
1776164754.856,54.856,0.27,3.08,0.23,31.0,0.21,60.0,0.2,10.0,0.19,10.0,0.45,19.0,0.46,10.0,0.47,10.0,0.48,10.0,0.49,10.0,0.55,19.0,0.54,10.0,0.53,10.0,0.52,10.0,0.51,10.0,0.73,3.08,0.77,31.0,0.79,60.0,0.8,10.0,0.81,10.0,0.18,0.18,0.094376,1776164754000
1776164755.856,55.856,0.27,3.08,0.23,31.0,0.21,60.0,0.2,10.0,0.19,10.0,0.45,19.0,0.46,10.0,0.47,10.0,0.48,10.0,0.49,10.0,0.55,19.0,0.54,10.0,0.53,10.0,0.52,10.0,0.51,10.0,0.73,3.08,0.77,31.0,0.79,60.0,0.8,10.0,0.81,10.0,0.18,0.18,0.094376,1776164755000
1776164756.753,56.753,0.27,3.08,0.23,31.0,0.21,60.0,0.2,10.0,0.19,10.0,0.45,19.0,0.46,10.0,0.47,10.0,0.48,10.0,0.49,10.0,0.55,19.0,0.54,10.0,0.53,10.0,0.52,10.0,0.51,10.0,0.73,3.08,0.77,31.0,0.79,60.0,0.8,10.0,0.81,10.0,0.18,0.18,0.094376,1776164756000
1776164758.691,58.691,0.27,3.08,0.23,31.0,0.21,60.0,0.2,10.0,0.19,10.0,0.45,19.0,0.46,10.0,0.47,10.0,0.48,10.0,0.49,10.0,0.55,19.0,0.54,10.0,0.53,10.0,0.52,10.0,0.51,10.0,0.73,3.08,0.77,31.0,0.79,60.0,0.8,10.0,0.81,10.0,0.18,0.18,0.094376,1776164757000
1776164759.231,59.231,0.27,3.08,0.23,31.0,0.21,60.0,0.2,10.0,0.19,10.0,0.45,19.0,0.46,10.0,0.47,10.0,0.48,10.0,0.49,10.0,0.55,19.0,0.54,10.0,0.53,10.0,0.52,10.0,0.51,10.0,0.73,3.08,0.77,31.0,0.79,60.0,0.8,10.0,0.81,10.0,0.18,0.18,0.094375,1776164758000
1776164760.03,60.03,0.27,3.08,0.23,31.0,0.21,60.0,0.2,10.0,0.19,10.0,0.45,19.0,0.46,10.0,0.47,10.0,0.48,10.0,0.49,10.0,0.55,19.0,0.54,10.0,0.53,10.0,0.52,10.0,0.51,10.0,0.73,3.08,0.77,31.0,0.79,60.0,0.8,10.0,0.81,10.0,0.18,0.18,0.094375,1776164759000
1776164760.977,60.977,0.27,3.08,0.23,31.0,0.21,60.0,0.2,10.0,0.19,10.0,0.45,19.0,0.46,10.0,0.47,10.0,0.48,10.0,0.49,10.0,0.55,19.0,0.54,10.0,0.53,10.0,0.52,10.0,0.51,10.0,0.73,3.08,0.77,31.0,0.79,60.0,0.8,10.0,0.81,10.0,0.18,0.18,0.094375,1776164760000
1776164761.798,61.798,0.28,11.38,0.27,18.2,0.26,13.5,0.25,18.9,0.24,14.3,0.37,10.0,0.38,20.0,0.39,10.0,0.4,10.0,0.41,60.0,0.55,19.0,0.54,10.0,0.53,10.0,0.52,10.0,0.51,10.0,0.73,3.08,0.77,31.0,0.79,60.0,0.8,10.0,0.81,10.0,0.09,0.18,0.094375,1776164760000
1776164762.047,62.047,0.28,11.38,0.27,18.2,0.26,13.5,0.25,18.9,0.24,14.3,0.37,10.0,0.38,20.0,0.39,10.0,0.4,10.0,0.41,60.0,0.63,10.0,0.62,20.0,0.61,10.0,0.6,10.0,0.59,60.0,0.72,11.38,0.73,18.2,0.74,13.5,0.75,18.9,0.76,14.3,0.09,0.09,0.094375,1776164761000
1776164762.993,62.993,0.28,11.38,0.27,18.2,0.26,13.5,0.25,18.9,0.24,14.3,0.37,10.0,0.38,20.0,0.39,10.0,0.4,10.0,0.41,60.0,0.63,10.0,0.62,20.0,0.61,10.0,0.6,10.0,0.59,60.0,0.72,11.38,0.73,18.2,0.74,13.5,0.75,18.9,0.76,14.3,0.09,0.09,0.094368,1776164762000
1776164763.971,63.971,0.28,11.38,0.27,18.2,0.26,13.5,0.25,18.9,0.24,14.3,0.37,10.0,0.38,20.0,0.39,10.0,0.4,10.0,0.41,60.0,0.63,10.0,0.62,20.0,0.61,10.0,0.6,10.0,0.59,60.0,0.72,11.38,0.73,18.2,0.74,13.5,0.75,18.9,0.76,14.3,0.09,0.09,0.094357,1776164763000
1776164764.889,64.889,0.28,11.38,0.27,18.2,0.26,13.5,0.25,18.9,0.24,14.3,0.37,10.0,0.38,20.0,0.39,10.0,0.4,10.0,0.41,60.0,0.63,10.0,0.62,20.0,0.61,10.0,0.6,10.0,0.59,60.0,0.72,11.38,0.73,18.2,0.74,13.5,0.75,18.9,0.76,14.3,0.09,0.09,0.094354,1776164764000
1776164766.222,66.222,0.28,11.38,0.27,18.2,0.26,13.5,0.25,18.9,0.24,14.3,0.37,10.0,0.38,20.0,0.39,10.0,0.4,10.0,0.41,60.0,0.63,10.0,0.62,20.0,0.61,10.0,0.6,10.0,0.59,60.0,0.72,11.38,0.73,18.2,0.74,13.5,0.75,18.9,0.76,14.3,0.09,0.09,0.094347,1776164765000
1776164767.098,67.098,0.28,11.38,0.27,18.2,0.26,13.5,0.25,18.9,0.24,14.3,0.37,10.0,0.38,20.0,0.39,10.0,0.4,10.0,0.41,60.0,0.63,10.0,0.62,20.0,0.61,10.0,0.6,10.0,0.59,60.0,0.72,11.38,0.73,18.2,0.74,13.5,0.75,18.9,0.76,14.3,0.09,0.09,0.094346,1776164766000
1776164768.18,68.18,0.28,11.38,0.27,18.2,0.26,13.5,0.25,18.9,0.24,14.3,0.37,10.0,0.38,20.0,0.39,10.0,0.4,10.0,0.41,60.0,0.63,10.0,0.62,20.0,0.61,10.0,0.6,10.0,0.59,60.0,0.72,11.38,0.73,18.2,0.74,13.5,0.75,18.9,0.76,14.3,0.09,0.09,0.094346,1776164767000
1776164769.038,69.038,0.28,11.38,0.27,18.2,0.26,13.5,0.25,18.9,0.24,14.3,0.37,10.0,0.38,20.0,0.39,10.0,0.4,10.0,0.41,60.0,0.63,10.0,0.62,20.0,0.61,10.0,0.6,10.0,0.59,60.0,0.72,11.38,0.73,18.2,0.74,13.5,0.75,18.9,0.76,14.3,0.09,0.09,0.094346,1776164768000
1776164770.078,70.078,0.28,11.38,0.27,18.2,0.26,13.5,0.25,18.9,0.24,14.3,0.37,10.0,0.38,20.0,0.39,10.0,0.4,10.0,0.41,60.0,0.63,10.0,0.62,20.0,0.61,10.0,0.6,10.0,0.59,60.0,0.72,11.38,0.73,18.2,0.74,13.5,0.75,18.9,0.76,14.3,0.09,0.09,0.094341,1776164769000
1776164771.301,71.301,0.28,11.38,0.27,18.2,0.26,13.5,0.25,18.9,0.24,14.3,0.37,10.0,0.38,20.0,0.39,10.0,0.4,10.0,0.41,60.0,0.63,10.0,0.62,20.0,0.61,10.0,0.6,10.0,0.59,60.0,0.72,11.38,0.73,18.2,0.74,13.5,0.75,18.9,0.76,14.3,0.09,0.09,0.094328,1776164770000
1776164772.048,72.048,0.28,11.38,0.27,18.2,0.26,13.5,0.25,18.9,0.24,14.3,0.37,10.0,0.38,20.0,0.39,10.0,0.4,10.0,0.41,60.0,0.63,10.0,0.62,20.0,0.61,10.0,0.6,10.0,0.59,60.0,0.72,11.38,0.73,18.2,0.74,13.5,0.75,18.9,0.76,14.3,0.09,0.09,0.094323,1776164771000
1776164773.232,73.232,0.28,11.38,0.27,18.2,0.26,13.5,0.25,18.9,0.24,14.3,0.37,10.0,0.38,20.0,0.39,10.0,0.4,10.0,0.41,60.0,0.63,10.0,0.62,20.0,0.61,10.0,0.6,10.0,0.59,60.0,0.72,11.38,0.73,18.2,0.74,13.5,0.75,18.9,0.76,14.3,0.09,0.09,0.094323,1776164772000
1776164774.241,74.241,0.28,11.38,0.27,18.2,0.26,13.5,0.25,18.9,0.24,14.3,0.37,10.0,0.38,20.0,0.39,10.0,0.4,10.0,0.41,60.0,0.63,10.0,0.62,20.0,0.61,10.0,0.6,10.0,0.59,60.0,0.72,11.38,0.73,18.2,0.74,13.5,0.75,18.9,0.76,14.3,0.09,0.09,0.094323,1776164773000
1776164775.395,75.395,0.28,11.38,0.27,18.2,0.26,13.5,0.25,18.9,0.24,14.3,0.37,10.0,0.38,20.0,0.39,10.0,0.4,10.0,0.41,60.0,0.63,10.0,0.62,20.0,0.61,10.0,0.6,10.0,0.59,60.0,0.72,11.38,0.73,18.2,0.74,13.5,0.75,18.9,0.76,14.3,0.09,0.09,0.094325,1776164774000
1776164775.973,75.973,0.28,11.38,0.27,18.2,0.26,13.5,0.25,18.9,0.24,14.3,0.37,10.0,0.38,20.0,0.39,10.0,0.4,10.0,0.41,60.0,0.63,10.0,0.62,20.0,0.61,10.0,0.6,10.0,0.59,60.0,0.72,11.38,0.73,18.2,0.74,13.5,0.75,18.9,0.76,14.3,0.09,0.09,0.094325,1776164775000
1776164777.102,77.102,0.28,11.38,0.27,18.2,0.26,13.5,0.25,18.9,0.24,14.3,0.37,10.0,0.38,20.0,0.39,10.0,0.4,10.0,0.41,60.0,0.63,10.0,0.62,20.0,0.61,10.0,0.6,10.0,0.59,60.0,0.72,11.38,0.73,18.2,0.74,13.5,0.75,18.9,0.76,14.3,0.09,0.09,0.094324,1776164776000
1776164778.239,78.239,0.28,11.38,0.27,18.2,0.26,13.5,0.25,18.9,0.24,14.3,0.37,10.0,0.38,20.0,0.39,10.0,0.4,10.0,0.41,60.0,0.63,10.0,0.62,20.0,0.61,10.0,0.6,10.0,0.59,60.0,0.72,11.38,0.73,18.2,0.74,13.5,0.75,18.9,0.76,14.3,0.09,0.09,0.094324,1776164777000
1776164779.323,79.323,0.28,11.38,0.27,18.2,0.26,13.5,0.25,18.9,0.24,14.3,0.37,10.0,0.38,20.0,0.39,10.0,0.4,10.0,0.41,60.0,0.63,10.0,0.62,20.0,0.61,10.0,0.6,10.0,0.59,60.0,0.72,11.38,0.73,18.2,0.74,13.5,0.75,18.9,0.76,14.3,0.09,0.09,0.094324,1776164778000
1776164779.92,79.92,0.28,11.38,0.27,18.2,0.26,13.5,0.25,18.9,0.24,14.3,0.37,10.0,0.38,20.0,0.39,10.0,0.4,10.0,0.41,60.0,0.63,10.0,0.62,20.0,0.61,10.0,0.6,10.0,0.59,60.0,0.72,11.38,0.73,18.2,0.74,13.5,0.75,18.9,0.76,14.3,0.09,0.09,0.094324,1776164779000
1776164781.211,81.211,0.28,11.38,0.27,18.2,0.26,13.5,0.25,18.9,0.24,14.3,0.37,10.0,0.38,20.0,0.39,10.0,0.4,10.0,0.41,60.0,0.63,10.0,0.62,20.0,0.61,10.0,0.6,10.0,0.59,60.0,0.72,11.38,0.73,18.2,0.74,13.5,0.75,18.9,0.76,14.3,0.09,0.09,0.094324,1776164780000
1776164782.352,82.352,0.28,11.38,0.27,18.2,0.26,13.5,0.25,18.9,0.24,14.3,0.37,10.0,0.38,20.0,0.39,10.0,0.4,10.0,0.41,60.0,0.63,10.0,0.62,20.0,0.61,10.0,0.6,10.0,0.59,60.0,0.72,11.38,0.73,18.2,0.74,13.5,0.75,18.9,0.76,14.3,0.09,0.09,0.094324,1776164781000
1776164782.672,82.672,0.31,44.93,0.25,10.0,0.24,10.0,0.21,65.7,0.2,16.2,0.51,5.0,0.52,15.0,0.55,10.5,0.56,10.6,0.57,10.6,0.63,10.0,0.62,20.0,0.61,10.0,0.6,10.0,0.59,60.0,0.72,11.38,0.73,18.2,0.74,13.5,0.75,18.9,0.76,14.3,0.2,0.09,0.094324,1776164781000
1776164782.911,82.911,0.31,44.93,0.25,10.0,0.24,10.0,0.21,65.7,0.2,16.2,0.51,5.0,0.52,15.0,0.55,10.5,0.56,10.6,0.57,10.6,0.49,5.0,0.48,15.0,0.45,10.5,0.44,10.6,0.43,10.6,0.69,44.93,0.75,10.0,0.76,10.0,0.79,65.7,0.8,16.2,0.2,0.2,0.094324,1776164782000
1776164783.29,83.29,0.32,5.0,0.31,15.0,0.3,5.0,0.24,10.0,0.22,15.2,0.51,48.58,0.52,10.0,0.55,10.5,0.56,10.6,0.57,10.6,0.49,5.0,0.48,15.0,0.45,10.5,0.44,10.6,0.43,10.6,0.69,44.93,0.75,10.0,0.76,10.0,0.79,65.7,0.8,16.2,0.19,0.2,0.094324,1776164782000
1776164784.083,84.083,0.32,5.0,0.31,15.0,0.3,5.0,0.24,10.0,0.22,15.2,0.51,48.58,0.52,10.0,0.55,10.5,0.56,10.6,0.57,10.6,0.49,48.58,0.48,10.0,0.45,10.5,0.44,10.6,0.43,10.6,0.68,5.0,0.69,15.0,0.7,5.0,0.76,10.0,0.78,15.2,0.19,0.19,0.094324,1776164783000
1776164785.403,85.403,0.32,5.0,0.31,15.0,0.3,5.0,0.24,10.0,0.22,15.2,0.51,48.58,0.52,10.0,0.55,10.5,0.56,10.6,0.57,10.6,0.49,48.58,0.48,10.0,0.45,10.5,0.44,10.6,0.43,10.6,0.68,5.0,0.69,15.0,0.7,5.0,0.76,10.0,0.78,15.2,0.19,0.19,0.094383,1776164784000
1776164786.405,86.405,0.32,5.0,0.31,15.0,0.3,5.0,0.24,10.0,0.22,15.2,0.51,48.58,0.52,10.0,0.55,10.5,0.56,10.6,0.57,10.6,0.49,48.58,0.48,10.0,0.45,10.5,0.44,10.6,0.43,10.6,0.68,5.0,0.69,15.0,0.7,5.0,0.76,10.0,0.78,15.2,0.19,0.19,0.094371,1776164785000
1776164786.99,86.99,0.32,5.0,0.31,15.0,0.3,5.0,0.24,10.0,0.22,15.2,0.51,48.58,0.52,10.0,0.55,10.5,0.56,10.6,0.57,10.6,0.49,48.58,0.48,10.0,0.45,10.5,0.44,10.6,0.43,10.6,0.68,5.0,0.69,15.0,0.7,5.0,0.76,10.0,0.78,15.2,0.19,0.19,0.094365,1776164786000
1776164787.882,87.882,0.32,5.0,0.31,15.0,0.3,5.0,0.24,10.0,0.22,15.2,0.51,48.58,0.52,10.0,0.55,10.5,0.56,10.6,0.57,10.6,0.49,48.58,0.48,10.0,0.45,10.5,0.44,10.6,0.43,10.6,0.68,5.0,0.69,15.0,0.7,5.0,0.76,10.0,0.78,15.2,0.19,0.19,0.094357,1776164787000
1776164788.932,88.932,0.32,5.0,0.31,15.0,0.3,5.0,0.24,10.0,0.22,15.2,0.51,48.58,0.52,10.0,0.55,10.5,0.56,10.6,0.57,10.6,0.49,48.58,0.48,10.0,0.45,10.5,0.44,10.6,0.43,10.6,0.68,5.0,0.69,15.0,0.7,5.0,0.76,10.0,0.78,15.2,0.19,0.19,0.094361,1776164788000
1776164789.883,89.883,0.32,5.0,0.31,15.0,0.3,5.0,0.24,10.0,0.22,15.2,0.51,48.58,0.52,10.0,0.55,10.5,0.56,10.6,0.57,10.6,0.49,48.58,0.48,10.0,0.45,10.5,0.44,10.6,0.43,10.6,0.68,5.0,0.69,15.0,0.7,5.0,0.76,10.0,0.78,15.2,0.19,0.19,0.094361,1776164789000
1776164790.872,90.872,0.32,5.0,0.31,15.0,0.3,5.0,0.24,10.0,0.22,15.2,0.51,48.58,0.52,10.0,0.55,10.5,0.56,10.6,0.57,10.6,0.49,48.58,0.48,10.0,0.45,10.5,0.44,10.6,0.43,10.6,0.68,5.0,0.69,15.0,0.7,5.0,0.76,10.0,0.78,15.2,0.19,0.19,0.094385,1776164790000
1776164791.884,91.884,0.32,5.0,0.31,15.0,0.3,5.0,0.24,10.0,0.22,15.2,0.51,48.58,0.52,10.0,0.55,10.5,0.56,10.6,0.57,10.6,0.49,48.58,0.48,10.0,0.45,10.5,0.44,10.6,0.43,10.6,0.68,5.0,0.69,15.0,0.7,5.0,0.76,10.0,0.78,15.2,0.19,0.19,0.094385,1776164791000
1776164792.956,92.956,0.32,5.0,0.31,15.0,0.3,5.0,0.24,10.0,0.22,15.2,0.51,48.58,0.52,10.0,0.55,10.5,0.56,10.6,0.57,10.6,0.49,48.58,0.48,10.0,0.45,10.5,0.44,10.6,0.43,10.6,0.68,5.0,0.69,15.0,0.7,5.0,0.76,10.0,0.78,15.2,0.19,0.19,0.094385,1776164792000
1776164793.995,93.995,0.32,5.0,0.31,15.0,0.3,5.0,0.24,10.0,0.22,15.2,0.51,48.58,0.52,10.0,0.55,10.5,0.56,10.6,0.57,10.6,0.49,48.58,0.48,10.0,0.45,10.5,0.44,10.6,0.43,10.6,0.68,5.0,0.69,15.0,0.7,5.0,0.76,10.0,0.78,15.2,0.19,0.19,0.094385,1776164793000
1776164794.981,94.981,0.32,5.0,0.31,15.0,0.3,5.0,0.24,10.0,0.22,15.2,0.51,48.58,0.52,10.0,0.55,10.5,0.56,10.6,0.57,10.6,0.49,48.58,0.48,10.0,0.45,10.5,0.44,10.6,0.43,10.6,0.68,5.0,0.69,15.0,0.7,5.0,0.76,10.0,0.78,15.2,0.19,0.19,0.094376,1776164794000
1776164795.956,95.956,0.32,5.0,0.31,15.0,0.3,5.0,0.24,10.0,0.22,15.2,0.51,48.58,0.52,10.0,0.55,10.5,0.56,10.6,0.57,10.6,0.49,48.58,0.48,10.0,0.45,10.5,0.44,10.6,0.43,10.6,0.68,5.0,0.69,15.0,0.7,5.0,0.76,10.0,0.78,15.2,0.19,0.19,0.094362,1776164795000
1776164796.918,96.918,0.32,5.0,0.31,15.0,0.3,5.0,0.24,10.0,0.22,15.2,0.51,48.58,0.52,10.0,0.55,10.5,0.56,10.6,0.57,10.6,0.49,48.58,0.48,10.0,0.45,10.5,0.44,10.6,0.43,10.6,0.68,5.0,0.69,15.0,0.7,5.0,0.76,10.0,0.78,15.2,0.19,0.19,0.094361,1776164796000
1776164797.985,97.985,0.32,5.0,0.31,15.0,0.3,5.0,0.24,10.0,0.22,15.2,0.51,48.58,0.52,10.0,0.55,10.5,0.56,10.6,0.57,10.6,0.49,48.58,0.48,10.0,0.45,10.5,0.44,10.6,0.43,10.6,0.68,5.0,0.69,15.0,0.7,5.0,0.76,10.0,0.78,15.2,0.19,0.19,0.094361,1776164797000
1776164799.577,99.577,0.32,5.0,0.31,15.0,0.3,5.0,0.24,10.0,0.22,15.2,0.51,48.58,0.52,10.0,0.55,10.5,0.56,10.6,0.57,10.6,0.49,48.58,0.48,10.0,0.45,10.5,0.44,10.6,0.43,10.6,0.68,5.0,0.69,15.0,0.7,5.0,0.76,10.0,0.78,15.2,0.19,0.19,0.09436,1776164798000
1776164800.555,100.555,0.32,5.0,0.31,15.0,0.3,5.0,0.24,10.0,0.22,15.2,0.51,48.58,0.52,10.0,0.55,10.5,0.56,10.6,0.57,10.6,0.49,48.58,0.48,10.0,0.45,10.5,0.44,10.6,0.43,10.6,0.68,5.0,0.69,15.0,0.7,5.0,0.76,10.0,0.78,15.2,0.19,0.19,0.094362,1776164799000
1776164800.96,100.96,0.32,5.0,0.31,15.0,0.3,5.0,0.24,10.0,0.22,15.2,0.51,48.58,0.52,10.0,0.55,10.5,0.56,10.6,0.57,10.6,0.49,48.58,0.48,10.0,0.45,10.5,0.44,10.6,0.43,10.6,0.68,5.0,0.69,15.0,0.7,5.0,0.76,10.0,0.78,15.2,0.19,0.19,0.094362,1776164800000
1776164802.699,102.699,0.32,5.0,0.31,15.0,0.3,5.0,0.24,10.0,0.22,15.2,0.51,48.58,0.52,10.0,0.55,10.5,0.56,10.6,0.57,10.6,0.49,48.58,0.48,10.0,0.45,10.5,0.44,10.6,0.43,10.6,0.68,5.0,0.69,15.0,0.7,5.0,0.76,10.0,0.78,15.2,0.19,0.19,0.094362,1776164801000
1776164803.427,103.427,0.32,5.0,0.31,15.0,0.3,5.0,0.24,10.0,0.22,15.2,0.51,48.58,0.52,10.0,0.55,10.5,0.56,10.6,0.57,10.6,0.49,48.58,0.48,10.0,0.45,10.5,0.44,10.6,0.43,10.6,0.68,5.0,0.69,15.0,0.7,5.0,0.76,10.0,0.78,15.2,0.19,0.19,0.094362,1776164802000
1776164804.129,104.129,0.32,5.0,0.31,15.0,0.3,5.0,0.24,10.0,0.22,15.2,0.51,48.58,0.52,10.0,0.55,10.5,0.56,10.6,0.57,10.6,0.49,48.58,0.48,10.0,0.45,10.5,0.44,10.6,0.43,10.6,0.68,5.0,0.69,15.0,0.7,5.0,0.76,10.0,0.78,15.2,0.19,0.19,0.094362,1776164803000
1776164805.272,105.272,0.32,5.0,0.31,15.0,0.3,5.0,0.24,10.0,0.22,15.2,0.51,48.58,0.52,10.0,0.55,10.5,0.56,10.6,0.57,10.6,0.49,48.58,0.48,10.0,0.45,10.5,0.44,10.6,0.43,10.6,0.68,5.0,0.69,15.0,0.7,5.0,0.76,10.0,0.78,15.2,0.19,0.19,0.094363,1776164804000
1776164806.657,106.657,0.32,5.0,0.31,15.0,0.3,5.0,0.24,10.0,0.22,15.2,0.51,48.58,0.52,10.0,0.55,10.5,0.56,10.6,0.57,10.6,0.49,48.58,0.48,10.0,0.45,10.5,0.44,10.6,0.43,10.6,0.68,5.0,0.69,15.0,0.7,5.0,0.76,10.0,0.78,15.2,0.19,0.19,0.094357,1776164805000
1776164807.292,107.292,0.32,5.0,0.31,15.0,0.3,5.0,0.24,10.0,0.22,15.2,0.51,48.58,0.52,10.0,0.55,10.5,0.56,10.6,0.57,10.6,0.49,48.58,0.48,10.0,0.45,10.5,0.44,10.6,0.43,10.6,0.68,5.0,0.69,15.0,0.7,5.0,0.76,10.0,0.78,15.2,0.19,0.19,0.094357,1776164806000
1776164808.76,108.76,0.32,5.0,0.31,15.0,0.3,5.0,0.24,10.0,0.22,15.2,0.51,48.58,0.52,10.0,0.55,10.5,0.56,10.6,0.57,10.6,0.49,48.58,0.48,10.0,0.45,10.5,0.44,10.6,0.43,10.6,0.68,5.0,0.69,15.0,0.7,5.0,0.76,10.0,0.78,15.2,0.19,0.19,0.094357,1776164807000
1776164809.435,109.435,0.32,5.0,0.31,15.0,0.3,5.0,0.24,10.0,0.22,15.2,0.51,48.58,0.52,10.0,0.55,10.5,0.56,10.6,0.57,10.6,0.49,48.58,0.48,10.0,0.45,10.5,0.44,10.6,0.43,10.6,0.68,5.0,0.69,15.0,0.7,5.0,0.76,10.0,0.78,15.2,0.19,0.19,0.094357,1776164808000
1776164810.067,110.067,0.32,5.0,0.31,15.0,0.3,5.0,0.24,10.0,0.22,15.2,0.51,48.58,0.52,10.0,0.55,10.5,0.56,10.6,0.57,10.6,0.49,48.58,0.48,10.0,0.45,10.5,0.44,10.6,0.43,10.6,0.68,5.0,0.69,15.0,0.7,5.0,0.76,10.0,0.78,15.2,0.19,0.19,0.094357,1776164809000
1776164811.413,111.413,0.32,5.0,0.31,15.0,0.3,5.0,0.24,10.0,0.22,15.2,0.51,48.58,0.52,10.0,0.55,10.5,0.56,10.6,0.57,10.6,0.49,48.58,0.48,10.0,0.45,10.5,0.44,10.6,0.43,10.6,0.68,5.0,0.69,15.0,0.7,5.0,0.76,10.0,0.78,15.2,0.19,0.19,0.094356,1776164810000
1776164812.076,112.076,0.32,5.0,0.31,15.0,0.3,5.0,0.24,10.0,0.22,15.2,0.51,48.58,0.52,10.0,0.55,10.5,0.56,10.6,0.57,10.6,0.49,48.58,0.48,10.0,0.45,10.5,0.44,10.6,0.43,10.6,0.68,5.0,0.69,15.0,0.7,5.0,0.76,10.0,0.78,15.2,0.19,0.19,0.094356,1776164811000
1776164813.528,113.528,0.32,5.0,0.31,15.0,0.3,5.0,0.24,10.0,0.22,15.2,0.51,48.58,0.52,10.0,0.55,10.5,0.56,10.6,0.57,10.6,0.49,48.58,0.48,10.0,0.45,10.5,0.44,10.6,0.43,10.6,0.68,5.0,0.69,15.0,0.7,5.0,0.76,10.0,0.78,15.2,0.19,0.19,0.094357,1776164812000
1776164814.104,114.104,0.32,5.0,0.31,15.0,0.3,5.0,0.24,10.0,0.22,15.2,0.51,48.58,0.52,10.0,0.55,10.5,0.56,10.6,0.57,10.6,0.49,48.58,0.48,10.0,0.45,10.5,0.44,10.6,0.43,10.6,0.68,5.0,0.69,15.0,0.7,5.0,0.76,10.0,0.78,15.2,0.19,0.19,0.094357,1776164813000
1776164815.402,115.402,0.32,5.0,0.31,15.0,0.3,5.0,0.24,10.0,0.22,15.2,0.51,48.58,0.52,10.0,0.55,10.5,0.56,10.6,0.57,10.6,0.49,48.58,0.48,10.0,0.45,10.5,0.44,10.6,0.43,10.6,0.68,5.0,0.69,15.0,0.7,5.0,0.76,10.0,0.78,15.2,0.19,0.19,0.094357,1776164814000
1776164816.067,116.067,0.32,5.0,0.31,15.0,0.3,5.0,0.24,10.0,0.22,15.2,0.51,48.58,0.52,10.0,0.55,10.5,0.56,10.6,0.57,10.6,0.49,48.58,0.48,10.0,0.45,10.5,0.44,10.6,0.43,10.6,0.68,5.0,0.69,15.0,0.7,5.0,0.76,10.0,0.78,15.2,0.19,0.19,0.094357,1776164815000
1776164816.943,116.943,0.32,5.0,0.31,15.0,0.3,5.0,0.24,10.0,0.22,15.2,0.51,48.58,0.52,10.0,0.55,10.5,0.56,10.6,0.57,10.6,0.49,48.58,0.48,10.0,0.45,10.5,0.44,10.6,0.43,10.6,0.68,5.0,0.69,15.0,0.7,5.0,0.76,10.0,0.78,15.2,0.19,0.19,0.094359,1776164816000
1776164817.973,117.973,0.32,5.0,0.31,15.0,0.3,5.0,0.24,10.0,0.22,15.2,0.51,48.58,0.52,10.0,0.55,10.5,0.56,10.6,0.57,10.6,0.49,48.58,0.48,10.0,0.45,10.5,0.44,10.6,0.43,10.6,0.68,5.0,0.69,15.0,0.7,5.0,0.76,10.0,0.78,15.2,0.19,0.19,0.094367,1776164817000
1776164819.006,119.006,0.32,5.0,0.31,15.0,0.3,5.0,0.24,10.0,0.22,15.2,0.51,48.58,0.52,10.0,0.55,10.5,0.56,10.6,0.57,10.6,0.49,48.58,0.48,10.0,0.45,10.5,0.44,10.6,0.43,10.6,0.68,5.0,0.69,15.0,0.7,5.0,0.76,10.0,0.78,15.2,0.19,0.19,0.094374,1776164818000
1776164820.167,120.167,0.32,5.0,0.31,15.0,0.3,5.0,0.24,10.0,0.22,15.2,0.51,48.58,0.52,10.0,0.55,10.5,0.56,10.6,0.57,10.6,0.49,48.58,0.48,10.0,0.45,10.5,0.44,10.6,0.43,10.6,0.68,5.0,0.69,15.0,0.7,5.0,0.76,10.0,0.78,15.2,0.19,0.19,0.094379,1776164819000
1776164820.966,120.966,0.32,5.0,0.31,15.0,0.3,5.0,0.24,10.0,0.22,15.2,0.51,48.58,0.52,10.0,0.55,10.5,0.56,10.6,0.57,10.6,0.49,48.58,0.48,10.0,0.45,10.5,0.44,10.6,0.43,10.6,0.68,5.0,0.69,15.0,0.7,5.0,0.76,10.0,0.78,15.2,0.19,0.19,0.094376,1776164820000
1776164821.206,121.206,0.53,10.0,0.41,50.0,0.35,11.4,0.34,11.6,0.33,11.8,0.56,6.0,0.65,11.4,0.66,11.6,0.67,16.8,0.68,11.9,0.49,48.58,0.48,10.0,0.45,10.5,0.44,10.6,0.43,10.6,0.68,5.0,0.69,15.0,0.7,5.0,0.76,10.0,0.78,15.2,0.03,0.19,0.094376,1776164820000
1776164821.898,121.898,0.55,10.0,0.51,50.0,0.41,50.0,0.36,11.3,0.35,11.4,0.56,0.91,0.72,12.9,0.73,13.2,0.74,13.5,0.75,13.9,0.44,6.0,0.35,11.4,0.34,11.6,0.33,16.8,0.32,11.9,0.59,50.0,0.65,11.4,0.66,11.6,0.67,11.8,0.68,26.9,0.01,0.15,0.094376,1776164820000
1776164822.146,122.146,0.66,0.67,0.62,5.0,0.51,50.0,0.45,39.3,0.41,50.0,0.72,12.9,0.73,13.2,0.74,13.5,0.75,13.9,0.76,14.3,0.28,12.9,0.27,13.2,0.26,13.5,0.25,13.9,0.24,14.3,0.45,10.0,0.49,50.0,0.59,50.0,0.64,11.3,0.65,11.4,0.06,0.17,0.094383,1776164821000
1776164822.935,122.935,0.66,0.67,0.62,5.0,0.51,50.0,0.45,39.3,0.41,50.0,0.72,12.9,0.73,13.2,0.74,13.5,0.75,13.9,0.76,14.3,0.28,12.9,0.27,13.2,0.26,13.5,0.25,13.9,0.24,14.3,0.34,0.67,0.38,5.0,0.49,50.0,0.55,39.3,0.59,50.0,0.06,0.06,0.094432,1776164822000
1776164824.006,124.006,0.66,0.67,0.62,5.0,0.51,50.0,0.45,39.3,0.41,50.0,0.72,12.9,0.73,13.2,0.74,13.5,0.75,13.9,0.76,14.3,0.28,12.9,0.27,13.2,0.26,13.5,0.25,13.9,0.24,14.3,0.34,0.67,0.38,5.0,0.49,50.0,0.55,39.3,0.59,50.0,0.06,0.06,0.094453,1776164823000
1776164824.989,124.989,0.66,0.67,0.62,5.0,0.51,50.0,0.45,39.3,0.41,50.0,0.72,12.9,0.73,13.2,0.74,13.5,0.75,13.9,0.76,14.3,0.28,12.9,0.27,13.2,0.26,13.5,0.25,13.9,0.24,14.3,0.34,0.67,0.38,5.0,0.49,50.0,0.55,39.3,0.59,50.0,0.06,0.06,0.094447,1776164824000
1776164826.015,126.015,0.66,0.67,0.62,5.0,0.51,50.0,0.45,39.3,0.41,50.0,0.72,12.9,0.73,13.2,0.74,13.5,0.75,13.9,0.76,14.3,0.28,12.9,0.27,13.2,0.26,13.5,0.25,13.9,0.24,14.3,0.34,0.67,0.38,5.0,0.49,50.0,0.55,39.3,0.59,50.0,0.06,0.06,0.094438,1776164825000
1776164826.373,126.373,0.54,5.0,0.51,5.0,0.45,176.85,0.43,11.0,0.41,60.0,0.65,9.42,0.66,11.6,0.67,31.8,0.68,16.9,0.69,12.2,0.28,12.9,0.27,13.2,0.26,13.5,0.25,13.9,0.24,14.3,0.34,0.67,0.38,5.0,0.49,50.0,0.55,39.3,0.59,50.0,0.11,0.06,0.094438,1776164825000
1776164826.992,126.992,0.54,5.0,0.51,5.0,0.45,176.85,0.43,11.0,0.41,60.0,0.65,9.42,0.66,11.6,0.67,31.8,0.68,16.9,0.69,12.2,0.35,9.42,0.34,11.6,0.33,31.8,0.32,16.9,0.31,12.2,0.46,5.0,0.49,5.0,0.55,176.85,0.57,11.0,0.59,60.0,0.11,0.11,0.094438,1776164826000
1776164827.942,127.942,0.54,5.0,0.51,5.0,0.45,176.85,0.43,11.0,0.41,60.0,0.65,9.42,0.66,11.6,0.67,31.8,0.68,16.9,0.69,12.2,0.35,9.42,0.34,11.6,0.33,31.8,0.32,16.9,0.31,12.2,0.46,5.0,0.49,5.0,0.55,176.85,0.57,11.0,0.59,60.0,0.11,0.11,0.094437,1776164827000
1776164828.811,128.811,0.54,5.0,0.51,5.0,0.45,176.85,0.43,11.0,0.41,60.0,0.65,9.42,0.66,11.6,0.67,31.8,0.68,16.9,0.69,12.2,0.35,9.42,0.34,11.6,0.33,31.8,0.32,16.9,0.31,12.2,0.46,5.0,0.49,5.0,0.55,176.85,0.57,11.0,0.59,60.0,0.11,0.11,0.094437,1776164828000
1776164830.403,130.403,0.54,5.0,0.51,5.0,0.45,176.85,0.43,11.0,0.41,60.0,0.65,9.42,0.66,11.6,0.67,31.8,0.68,16.9,0.69,12.2,0.35,9.42,0.34,11.6,0.33,31.8,0.32,16.9,0.31,12.2,0.46,5.0,0.49,5.0,0.55,176.85,0.57,11.0,0.59,60.0,0.11,0.11,0.09446,1776164829000
1776164830.997,130.997,0.54,5.0,0.51,5.0,0.45,176.85,0.43,11.0,0.41,60.0,0.65,9.42,0.66,11.6,0.67,31.8,0.68,16.9,0.69,12.2,0.35,9.42,0.34,11.6,0.33,31.8,0.32,16.9,0.31,12.2,0.46,5.0,0.49,5.0,0.55,176.85,0.57,11.0,0.59,60.0,0.11,0.11,0.094464,1776164830000
1776164832.17,132.17,0.54,5.0,0.51,5.0,0.45,176.85,0.43,11.0,0.41,60.0,0.65,9.42,0.66,11.6,0.67,31.8,0.68,16.9,0.69,12.2,0.35,9.42,0.34,11.6,0.33,31.8,0.32,16.9,0.31,12.2,0.46,5.0,0.49,5.0,0.55,176.85,0.57,11.0,0.59,60.0,0.11,0.11,0.094464,1776164831000
1776164833.188,133.188,0.54,5.0,0.51,5.0,0.45,176.85,0.43,11.0,0.41,60.0,0.65,9.42,0.66,11.6,0.67,31.8,0.68,16.9,0.69,12.2,0.35,9.42,0.34,11.6,0.33,31.8,0.32,16.9,0.31,12.2,0.46,5.0,0.49,5.0,0.55,176.85,0.57,11.0,0.59,60.0,0.11,0.11,0.094477,1776164832000
1776164834.927,134.927,0.54,5.0,0.51,5.0,0.45,176.85,0.43,11.0,0.41,60.0,0.65,9.42,0.66,11.6,0.67,31.8,0.68,16.9,0.69,12.2,0.35,9.42,0.34,11.6,0.33,31.8,0.32,16.9,0.31,12.2,0.46,5.0,0.49,5.0,0.55,176.85,0.57,11.0,0.59,60.0,0.11,0.11,0.094483,1776164834000
1776164836.301,136.301,0.54,5.0,0.51,5.0,0.45,176.85,0.43,11.0,0.41,60.0,0.65,9.42,0.66,11.6,0.67,31.8,0.68,16.9,0.69,12.2,0.35,9.42,0.34,11.6,0.33,31.8,0.32,16.9,0.31,12.2,0.46,5.0,0.49,5.0,0.55,176.85,0.57,11.0,0.59,60.0,0.11,0.11,0.094482,1776164835000
1776164836.931,136.931,0.7,2.54,0.68,10.0,0.61,50.0,0.59,10.0,0.58,8.0,0.77,14.7,0.78,15.2,0.79,15.7,0.8,41.2,0.81,16.89,0.35,9.42,0.34,11.6,0.33,31.8,0.32,16.9,0.31,12.2,0.46,5.0,0.49,5.0,0.55,176.85,0.57,11.0,0.59,60.0,0.07,0.11,0.094482,1776164835000
1776164837.473,137.473,0.7,2.54,0.68,10.0,0.61,50.0,0.59,10.0,0.58,8.0,0.77,14.7,0.78,15.2,0.79,15.7,0.8,41.2,0.81,16.89,0.23,14.7,0.22,15.2,0.21,15.7,0.2,41.2,0.19,16.89,0.3,2.54,0.32,10.0,0.39,50.0,0.41,10.0,0.42,8.0,0.07,0.07,0.094483,1776164836000
1776164837.872,137.872,0.68,1.56,0.61,50.0,0.59,10.0,0.58,18.7,0.57,10.6,0.77,14.7,0.78,15.2,0.79,15.7,0.8,41.2,0.81,16.89,0.23,14.7,0.22,15.2,0.21,15.7,0.2,41.2,0.19,16.89,0.3,2.54,0.32,10.0,0.39,50.0,0.41,10.0,0.42,8.0,0.09,0.07,0.094483,1776164836000
1776164838.367,138.367,0.68,1.56,0.61,50.0,0.59,10.0,0.58,18.7,0.57,10.6,0.77,14.7,0.78,15.2,0.79,15.7,0.8,41.2,0.81,16.89,0.23,14.7,0.22,15.2,0.21,15.7,0.2,41.2,0.19,16.89,0.32,1.56,0.39,50.0,0.41,10.0,0.42,18.7,0.43,10.6,0.09,0.09,0.094483,1776164837000
1776164839.493,139.493,0.68,1.56,0.61,50.0,0.59,10.0,0.58,18.7,0.57,10.6,0.77,14.7,0.78,15.2,0.79,15.7,0.8,41.2,0.81,16.89,0.23,14.7,0.22,15.2,0.21,15.7,0.2,41.2,0.19,16.89,0.32,1.56,0.39,50.0,0.41,10.0,0.42,18.7,0.43,10.6,0.09,0.09,0.094485,1776164838000
1776164840.178,140.178,0.68,1.56,0.61,50.0,0.59,10.0,0.58,18.7,0.57,10.6,0.77,14.7,0.78,15.2,0.79,15.7,0.8,41.2,0.81,16.89,0.23,14.7,0.22,15.2,0.21,15.7,0.2,41.2,0.19,16.89,0.32,1.56,0.39,50.0,0.41,10.0,0.42,18.7,0.43,10.6,0.09,0.09,0.094485,1776164839000
1776164841.325,141.325,0.68,1.56,0.61,50.0,0.59,10.0,0.58,18.7,0.57,10.6,0.77,14.7,0.78,15.2,0.79,15.7,0.8,41.2,0.81,16.89,0.23,14.7,0.22,15.2,0.21,15.7,0.2,41.2,0.19,16.89,0.32,1.56,0.39,50.0,0.41,10.0,0.42,18.7,0.43,10.6,0.09,0.09,0.094485,1776164840000
1776164842.655,142.655,0.68,1.56,0.61,50.0,0.59,10.0,0.58,18.7,0.57,10.6,0.77,14.7,0.78,15.2,0.79,15.7,0.8,41.2,0.81,16.89,0.23,14.7,0.22,15.2,0.21,15.7,0.2,41.2,0.19,16.89,0.32,1.56,0.39,50.0,0.41,10.0,0.42,18.7,0.43,10.6,0.09,0.09,0.094484,1776164841000
1776164843.284,143.284,0.68,1.56,0.61,50.0,0.59,10.0,0.58,18.7,0.57,10.6,0.77,14.7,0.78,15.2,0.79,15.7,0.8,41.2,0.81,16.89,0.23,14.7,0.22,15.2,0.21,15.7,0.2,41.2,0.19,16.89,0.32,1.56,0.39,50.0,0.41,10.0,0.42,18.7,0.43,10.6,0.09,0.09,0.094484,1776164842000
1776164844.675,144.675,0.68,1.56,0.61,50.0,0.59,10.0,0.58,18.7,0.57,10.6,0.77,14.7,0.78,15.2,0.79,15.7,0.8,41.2,0.81,16.89,0.23,14.7,0.22,15.2,0.21,15.7,0.2,41.2,0.19,16.89,0.32,1.56,0.39,50.0,0.41,10.0,0.42,18.7,0.43,10.6,0.09,0.09,0.094485,1776164843000
1776164845.271,145.271,0.68,1.56,0.61,50.0,0.59,10.0,0.58,18.7,0.57,10.6,0.77,14.7,0.78,15.2,0.79,15.7,0.8,41.2,0.81,16.89,0.23,14.7,0.22,15.2,0.21,15.7,0.2,41.2,0.19,16.89,0.32,1.56,0.39,50.0,0.41,10.0,0.42,18.7,0.43,10.6,0.09,0.09,0.094485,1776164844000
1776164846.339,146.339,0.68,1.56,0.61,50.0,0.59,10.0,0.58,18.7,0.57,10.6,0.77,14.7,0.78,15.2,0.79,15.7,0.8,41.2,0.81,16.89,0.23,14.7,0.22,15.2,0.21,15.7,0.2,41.2,0.19,16.89,0.32,1.56,0.39,50.0,0.41,10.0,0.42,18.7,0.43,10.6,0.09,0.09,0.094489,1776164845000
1776164847.194,147.194,0.68,1.56,0.61,50.0,0.59,10.0,0.58,18.7,0.57,10.6,0.77,14.7,0.78,15.2,0.79,15.7,0.8,41.2,0.81,16.89,0.23,14.7,0.22,15.2,0.21,15.7,0.2,41.2,0.19,16.89,0.32,1.56,0.39,50.0,0.41,10.0,0.42,18.7,0.43,10.6,0.09,0.09,0.094501,1776164846000
1776164848.356,148.356,0.68,1.56,0.61,50.0,0.59,10.0,0.58,18.7,0.57,10.6,0.77,14.7,0.78,15.2,0.79,15.7,0.8,41.2,0.81,16.89,0.23,14.7,0.22,15.2,0.21,15.7,0.2,41.2,0.19,16.89,0.32,1.56,0.39,50.0,0.41,10.0,0.42,18.7,0.43,10.6,0.09,0.09,0.094502,1776164847000
1776164849.454,149.454,0.68,1.56,0.61,50.0,0.59,10.0,0.58,18.7,0.57,10.6,0.77,14.7,0.78,15.2,0.79,15.7,0.8,41.2,0.81,16.89,0.23,14.7,0.22,15.2,0.21,15.7,0.2,41.2,0.19,16.89,0.32,1.56,0.39,50.0,0.41,10.0,0.42,18.7,0.43,10.6,0.09,0.09,0.094503,1776164848000
1776164850.037,150.037,0.68,1.56,0.61,50.0,0.59,10.0,0.58,18.7,0.57,10.6,0.77,14.7,0.78,15.2,0.79,15.7,0.8,41.2,0.81,16.89,0.23,14.7,0.22,15.2,0.21,15.7,0.2,41.2,0.19,16.89,0.32,1.56,0.39,50.0,0.41,10.0,0.42,18.7,0.43,10.6,0.09,0.09,0.094503,1776164849000
1776164851.094,151.094,0.68,1.56,0.61,50.0,0.59,10.0,0.58,18.7,0.57,10.6,0.77,14.7,0.78,15.2,0.79,15.7,0.8,41.2,0.81,16.89,0.23,14.7,0.22,15.2,0.21,15.7,0.2,41.2,0.19,16.89,0.32,1.56,0.39,50.0,0.41,10.0,0.42,18.7,0.43,10.6,0.09,0.09,0.094503,1776164850000
1776164852.119,152.119,0.68,1.56,0.61,50.0,0.59,10.0,0.58,18.7,0.57,10.6,0.77,14.7,0.78,15.2,0.79,15.7,0.8,41.2,0.81,16.89,0.23,14.7,0.22,15.2,0.21,15.7,0.2,41.2,0.19,16.89,0.32,1.56,0.39,50.0,0.41,10.0,0.42,18.7,0.43,10.6,0.09,0.09,0.094504,1776164851000
1776164853.162,153.162,0.68,1.56,0.61,50.0,0.59,10.0,0.58,18.7,0.57,10.6,0.77,14.7,0.78,15.2,0.79,15.7,0.8,41.2,0.81,16.89,0.23,14.7,0.22,15.2,0.21,15.7,0.2,41.2,0.19,16.89,0.32,1.56,0.39,50.0,0.41,10.0,0.42,18.7,0.43,10.6,0.09,0.09,0.094504,1776164852000
1776164854.224,154.224,0.68,1.56,0.61,50.0,0.59,10.0,0.58,18.7,0.57,10.6,0.77,14.7,0.78,15.2,0.79,15.7,0.8,41.2,0.81,16.89,0.23,14.7,0.22,15.2,0.21,15.7,0.2,41.2,0.19,16.89,0.32,1.56,0.39,50.0,0.41,10.0,0.42,18.7,0.43,10.6,0.09,0.09,0.094504,1776164853000
1776164855.298,155.298,0.68,1.56,0.61,50.0,0.59,10.0,0.58,18.7,0.57,10.6,0.77,14.7,0.78,15.2,0.79,15.7,0.8,41.2,0.81,16.89,0.23,14.7,0.22,15.2,0.21,15.7,0.2,41.2,0.19,16.89,0.32,1.56,0.39,50.0,0.41,10.0,0.42,18.7,0.43,10.6,0.09,0.09,0.094504,1776164854000
1776164855.927,155.927,0.68,1.56,0.61,50.0,0.59,10.0,0.58,18.7,0.57,10.6,0.77,14.7,0.78,15.2,0.79,15.7,0.8,41.2,0.81,16.89,0.23,14.7,0.22,15.2,0.21,15.7,0.2,41.2,0.19,16.89,0.32,1.56,0.39,50.0,0.41,10.0,0.42,18.7,0.43,10.6,0.09,0.09,0.094505,1776164855000
1776164856.922,156.922,0.68,1.56,0.61,50.0,0.59,10.0,0.58,18.7,0.57,10.6,0.77,14.7,0.78,15.2,0.79,15.7,0.8,41.2,0.81,16.89,0.23,14.7,0.22,15.2,0.21,15.7,0.2,41.2,0.19,16.89,0.32,1.56,0.39,50.0,0.41,10.0,0.42,18.7,0.43,10.6,0.09,0.09,0.094521,1776164856000
1776164858.206,158.206,0.68,1.56,0.61,50.0,0.59,10.0,0.58,18.7,0.57,10.6,0.77,14.7,0.78,15.2,0.79,15.7,0.8,41.2,0.81,16.89,0.23,14.7,0.22,15.2,0.21,15.7,0.2,41.2,0.19,16.89,0.32,1.56,0.39,50.0,0.41,10.0,0.42,18.7,0.43,10.6,0.09,0.09,0.094523,1776164857000
1776164859.075,159.075,0.68,1.56,0.61,50.0,0.59,10.0,0.58,18.7,0.57,10.6,0.77,14.7,0.78,15.2,0.79,15.7,0.8,41.2,0.81,16.89,0.23,14.7,0.22,15.2,0.21,15.7,0.2,41.2,0.19,16.89,0.32,1.56,0.39,50.0,0.41,10.0,0.42,18.7,0.43,10.6,0.09,0.09,0.094526,1776164858000
1776164860.186,160.186,0.68,1.56,0.61,50.0,0.59,10.0,0.58,18.7,0.57,10.6,0.77,14.7,0.78,15.2,0.79,15.7,0.8,41.2,0.81,16.89,0.23,14.7,0.22,15.2,0.21,15.7,0.2,41.2,0.19,16.89,0.32,1.56,0.39,50.0,0.41,10.0,0.42,18.7,0.43,10.6,0.09,0.09,0.094522,1776164859000
1776164862.145,162.145,0.68,1.56,0.61,50.0,0.59,10.0,0.58,18.7,0.57,10.6,0.77,14.7,0.78,15.2,0.79,15.7,0.8,41.2,0.81,16.89,0.23,14.7,0.22,15.2,0.21,15.7,0.2,41.2,0.19,16.89,0.32,1.56,0.39,50.0,0.41,10.0,0.42,18.7,0.43,10.6,0.09,0.09,0.094514,1776164861000
1776164863.279,163.279,0.68,1.56,0.61,50.0,0.59,10.0,0.58,18.7,0.57,10.6,0.77,14.7,0.78,15.2,0.79,15.7,0.8,41.2,0.81,16.89,0.23,14.7,0.22,15.2,0.21,15.7,0.2,41.2,0.19,16.89,0.32,1.56,0.39,50.0,0.41,10.0,0.42,18.7,0.43,10.6,0.09,0.09,0.094531,1776164862000
1776164864.391,164.391,0.68,1.56,0.61,50.0,0.59,10.0,0.58,18.7,0.57,10.6,0.77,14.7,0.78,15.2,0.79,15.7,0.8,41.2,0.81,16.89,0.23,14.7,0.22,15.2,0.21,15.7,0.2,41.2,0.19,16.89,0.32,1.56,0.39,50.0,0.41,10.0,0.42,18.7,0.43,10.6,0.09,0.09,0.09452,1776164863000
1776164864.903,164.903,0.68,1.56,0.61,50.0,0.59,10.0,0.58,18.7,0.57,10.6,0.77,14.7,0.78,15.2,0.79,15.7,0.8,41.2,0.81,16.89,0.23,14.7,0.22,15.2,0.21,15.7,0.2,41.2,0.19,16.89,0.32,1.56,0.39,50.0,0.41,10.0,0.42,18.7,0.43,10.6,0.09,0.09,0.094502,1776164864000
1776164866.166,166.166,0.68,1.56,0.61,50.0,0.59,10.0,0.58,18.7,0.57,10.6,0.77,14.7,0.78,15.2,0.79,15.7,0.8,41.2,0.81,16.89,0.23,14.7,0.22,15.2,0.21,15.7,0.2,41.2,0.19,16.89,0.32,1.56,0.39,50.0,0.41,10.0,0.42,18.7,0.43,10.6,0.09,0.09,0.094486,1776164865000
1776164867.763,167.763,0.71,33.0,0.61,70.9,0.6,10.8,0.59,10.7,0.58,18.7,0.8,21.28,0.85,20.39,0.86,21.6,0.87,23.0,0.88,24.6,0.23,14.7,0.22,15.2,0.21,15.7,0.2,41.2,0.19,16.89,0.32,1.56,0.39,50.0,0.41,10.0,0.42,18.7,0.43,10.6,0.09,0.09,0.094486,1776164865000
1776164868.421,168.421,0.71,29.06,0.61,70.9,0.6,10.8,0.59,10.7,0.58,10.7,0.85,20.39,0.86,21.6,0.87,23.0,0.88,24.6,0.89,26.6,0.15,20.39,0.14,21.6,0.13,23.0,0.12,24.6,0.11,26.6,0.29,29.06,0.39,70.9,0.4,10.8,0.41,10.7,0.42,10.7,0.14,0.14,0.094485,1776164867000
1776164869.08,169.08,0.71,29.06,0.61,70.9,0.6,10.8,0.59,10.7,0.58,10.7,0.85,20.39,0.86,21.6,0.87,23.0,0.88,24.6,0.89,26.6,0.15,20.39,0.14,21.6,0.13,23.0,0.12,24.6,0.11,26.6,0.29,29.06,0.39,70.9,0.4,10.8,0.41,10.7,0.42,10.7,0.14,0.14,0.094485,1776164868000
1776164870.251,170.251,0.71,29.06,0.61,70.9,0.6,10.8,0.59,10.7,0.58,10.7,0.85,20.39,0.86,21.6,0.87,23.0,0.88,24.6,0.89,26.6,0.15,20.39,0.14,21.6,0.13,23.0,0.12,24.6,0.11,26.6,0.29,29.06,0.39,70.9,0.4,10.8,0.41,10.7,0.42,10.7,0.14,0.14,0.094494,1776164869000
1776164871.213,171.213,0.71,29.06,0.61,70.9,0.6,10.8,0.59,10.7,0.58,10.7,0.85,20.39,0.86,21.6,0.87,23.0,0.88,24.6,0.89,26.6,0.15,20.39,0.14,21.6,0.13,23.0,0.12,24.6,0.11,26.6,0.29,29.06,0.39,70.9,0.4,10.8,0.41,10.7,0.42,10.7,0.14,0.14,0.094495,1776164870000
1776164872.487,172.487,0.71,29.06,0.61,70.9,0.6,10.8,0.59,10.7,0.58,10.7,0.85,20.39,0.86,21.6,0.87,23.0,0.88,24.6,0.89,26.6,0.15,20.39,0.14,21.6,0.13,23.0,0.12,24.6,0.11,26.6,0.29,29.06,0.39,70.9,0.4,10.8,0.41,10.7,0.42,10.7,0.14,0.14,0.094525,1776164871000
1776164873.142,173.142,0.71,29.06,0.61,70.9,0.6,10.8,0.59,10.7,0.58,10.7,0.85,20.39,0.86,21.6,0.87,23.0,0.88,24.6,0.89,26.6,0.15,20.39,0.14,21.6,0.13,23.0,0.12,24.6,0.11,26.6,0.29,29.06,0.39,70.9,0.4,10.8,0.41,10.7,0.42,10.7,0.14,0.14,0.094525,1776164872000
1776164874.156,174.156,0.71,29.06,0.61,70.9,0.6,10.8,0.59,10.7,0.58,10.7,0.85,20.39,0.86,21.6,0.87,23.0,0.88,24.6,0.89,26.6,0.15,20.39,0.14,21.6,0.13,23.0,0.12,24.6,0.11,26.6,0.29,29.06,0.39,70.9,0.4,10.8,0.41,10.7,0.42,10.7,0.14,0.14,0.094526,1776164873000
1776164875.293,175.293,0.71,29.06,0.61,70.9,0.6,10.8,0.59,10.7,0.58,10.7,0.85,20.39,0.86,21.6,0.87,23.0,0.88,24.6,0.89,26.6,0.15,20.39,0.14,21.6,0.13,23.0,0.12,24.6,0.11,26.6,0.29,29.06,0.39,70.9,0.4,10.8,0.41,10.7,0.42,10.7,0.14,0.14,0.094528,1776164874000
1776164876.308,176.308,0.71,29.06,0.61,70.9,0.6,10.8,0.59,10.7,0.58,10.7,0.85,20.39,0.86,21.6,0.87,23.0,0.88,24.6,0.89,26.6,0.15,20.39,0.14,21.6,0.13,23.0,0.12,24.6,0.11,26.6,0.29,29.06,0.39,70.9,0.4,10.8,0.41,10.7,0.42,10.7,0.14,0.14,0.094531,1776164875000
1776164876.879,176.879,0.71,29.06,0.61,70.9,0.6,10.8,0.59,10.7,0.58,10.7,0.85,20.39,0.86,21.6,0.87,23.0,0.88,24.6,0.89,26.6,0.15,20.39,0.14,21.6,0.13,23.0,0.12,24.6,0.11,26.6,0.29,29.06,0.39,70.9,0.4,10.8,0.41,10.7,0.42,10.7,0.14,0.14,0.094532,1776164876000
1776164877.812,177.812,0.71,29.06,0.61,70.9,0.6,10.8,0.59,10.7,0.58,10.7,0.85,20.39,0.86,21.6,0.87,23.0,0.88,24.6,0.89,26.6,0.15,20.39,0.14,21.6,0.13,23.0,0.12,24.6,0.11,26.6,0.29,29.06,0.39,70.9,0.4,10.8,0.41,10.7,0.42,10.7,0.14,0.14,0.094534,1776164877000
1776164878.838,178.838,0.71,29.06,0.61,70.9,0.6,10.8,0.59,10.7,0.58,10.7,0.85,20.39,0.86,21.6,0.87,23.0,0.88,24.6,0.89,26.6,0.15,20.39,0.14,21.6,0.13,23.0,0.12,24.6,0.11,26.6,0.29,29.06,0.39,70.9,0.4,10.8,0.41,10.7,0.42,10.7,0.14,0.14,0.09453,1776164878000
1776164879.854,179.854,0.71,29.06,0.61,70.9,0.6,10.8,0.59,10.7,0.58,10.7,0.85,20.39,0.86,21.6,0.87,23.0,0.88,24.6,0.89,26.6,0.15,20.39,0.14,21.6,0.13,23.0,0.12,24.6,0.11,26.6,0.29,29.06,0.39,70.9,0.4,10.8,0.41,10.7,0.42,10.7,0.14,0.14,0.094526,1776164879000
1776164880.909,180.909,0.71,29.06,0.61,70.9,0.6,10.8,0.59,10.7,0.58,10.7,0.85,20.39,0.86,21.6,0.87,23.0,0.88,24.6,0.89,26.6,0.15,20.39,0.14,21.6,0.13,23.0,0.12,24.6,0.11,26.6,0.29,29.06,0.39,70.9,0.4,10.8,0.41,10.7,0.42,10.7,0.14,0.14,0.094549,1776164880000
1776164881.791,181.791,0.85,42.39,0.84,19.3,0.83,18.39,0.82,23.6,0.81,21.89,0.93,38.82,0.94,46.1,0.95,64.7,0.96,72.7,0.97,89.3,0.15,20.39,0.14,21.6,0.13,23.0,0.12,24.6,0.11,26.6,0.29,29.06,0.39,70.9,0.4,10.8,0.41,10.7,0.42,10.7,0.08,0.14,0.094549,1776164880000
1776164882.916,182.916,0.85,42.39,0.84,19.3,0.83,18.39,0.82,23.6,0.81,21.89,0.93,38.82,0.94,46.1,0.95,64.7,0.96,72.7,0.97,89.3,0.07,38.82,0.06,46.1,0.05,64.7,0.04,72.7,0.03,89.3,0.15,42.39,0.16,19.3,0.17,18.39,0.18,23.6,0.19,21.89,0.08,0.08,0.094553,1776164882000
1776164883.368,183.368,0.85,15.72,0.84,19.3,0.83,18.39,0.82,23.6,0.81,21.89,0.92,35.29,0.93,38.82,0.94,46.1,0.95,64.7,0.96,72.7,0.07,38.82,0.06,46.1,0.05,64.7,0.04,72.7,0.03,89.3,0.15,42.39,0.16,19.3,0.17,18.39,0.18,23.6,0.19,21.89,0.07,0.08,0.094553,1776164882000
1776164884.02,184.02,0.85,15.72,0.84,19.3,0.83,18.39,0.82,23.6,0.81,21.89,0.92,35.29,0.93,38.82,0.94,46.1,0.95,64.7,0.96,72.7,0.08,35.29,0.07,38.82,0.06,46.1,0.05,64.7,0.04,72.7,0.15,15.72,0.16,19.3,0.17,18.39,0.18,23.6,0.19,21.89,0.07,0.07,0.094553,1776164883000
1776164884.907,184.907,0.85,15.72,0.84,19.3,0.83,18.39,0.82,23.6,0.81,21.89,0.92,35.29,0.93,38.82,0.94,46.1,0.95,64.7,0.96,72.7,0.08,35.29,0.07,38.82,0.06,46.1,0.05,64.7,0.04,72.7,0.15,15.72,0.16,19.3,0.17,18.39,0.18,23.6,0.19,21.89,0.07,0.07,0.094555,1776164884000
1776164885.86,185.86,0.85,15.72,0.84,19.3,0.83,18.39,0.82,23.6,0.81,21.89,0.92,35.29,0.93,38.82,0.94,46.1,0.95,64.7,0.96,72.7,0.08,35.29,0.07,38.82,0.06,46.1,0.05,64.7,0.04,72.7,0.15,15.72,0.16,19.3,0.17,18.39,0.18,23.6,0.19,21.89,0.07,0.07,0.094554,1776164885000
1776164886.829,186.829,0.85,15.72,0.84,19.3,0.83,18.39,0.82,23.6,0.81,21.89,0.92,35.29,0.93,38.82,0.94,46.1,0.95,64.7,0.96,72.7,0.08,35.29,0.07,38.82,0.06,46.1,0.05,64.7,0.04,72.7,0.15,15.72,0.16,19.3,0.17,18.39,0.18,23.6,0.19,21.89,0.07,0.07,0.094554,1776164886000
1776164887.867,187.867,0.92,40.4,0.82,6.0,0.81,5.0,0.8,6.0,0.79,15.7,0.93,51.89,0.94,51.1,0.95,64.7,0.96,72.7,0.97,94.3,0.08,35.29,0.07,38.82,0.06,46.1,0.05,64.7,0.04,72.7,0.15,15.72,0.16,19.3,0.17,18.39,0.18,23.6,0.19,21.89,0.01,0.07,0.094554,1776164886000
1776164888.291,188.291,0.92,40.4,0.82,6.0,0.81,5.0,0.8,6.0,0.79,15.7,0.93,51.89,0.94,51.1,0.95,64.7,0.96,72.7,0.97,94.3,0.07,51.89,0.06,51.1,0.05,64.7,0.04,72.7,0.03,94.3,0.08,40.4,0.18,6.0,0.19,5.0,0.2,6.0,0.21,15.7,0.01,0.01,0.094551,1776164887000
1776164889.189,189.189,0.92,40.4,0.82,6.0,0.81,5.0,0.8,6.0,0.79,15.7,0.93,51.89,0.94,51.1,0.95,64.7,0.96,72.7,0.97,94.3,0.07,51.89,0.06,51.1,0.05,64.7,0.04,72.7,0.03,94.3,0.08,40.4,0.18,6.0,0.19,5.0,0.2,6.0,0.21,15.7,0.01,0.01,0.094543,1776164888000
1776164890.169,190.169,0.92,40.4,0.82,6.0,0.81,5.0,0.8,6.0,0.79,15.7,0.93,51.89,0.94,51.1,0.95,64.7,0.96,72.7,0.97,94.3,0.07,51.89,0.06,51.1,0.05,64.7,0.04,72.7,0.03,94.3,0.08,40.4,0.18,6.0,0.19,5.0,0.2,6.0,0.21,15.7,0.01,0.01,0.094532,1776164889000
1776164891.3,191.3,0.92,40.4,0.82,6.0,0.81,5.0,0.8,6.0,0.79,15.7,0.93,51.89,0.94,51.1,0.95,64.7,0.96,72.7,0.97,94.3,0.07,51.89,0.06,51.1,0.05,64.7,0.04,72.7,0.03,94.3,0.08,40.4,0.18,6.0,0.19,5.0,0.2,6.0,0.21,15.7,0.01,0.01,0.094532,1776164890000
1776164892.233,192.233,0.92,40.4,0.82,6.0,0.81,5.0,0.8,6.0,0.79,15.7,0.93,51.89,0.94,51.1,0.95,64.7,0.96,72.7,0.97,94.3,0.07,51.89,0.06,51.1,0.05,64.7,0.04,72.7,0.03,94.3,0.08,40.4,0.18,6.0,0.19,5.0,0.2,6.0,0.21,15.7,0.01,0.01,0.094532,1776164891000
1776164892.819,192.819,0.92,40.4,0.81,21.89,0.8,16.3,0.79,15.7,0.78,21.2,0.93,35.81,0.94,46.1,0.95,69.7,0.96,72.7,0.97,89.3,0.07,35.81,0.06,46.1,0.05,69.7,0.04,72.7,0.03,89.3,0.08,40.4,0.19,21.89,0.2,16.3,0.21,15.7,0.22,21.2,0.01,0.01,0.094534,1776164892000
1776164893.859,193.859,0.92,40.4,0.81,21.89,0.8,16.3,0.79,15.7,0.78,21.2,0.93,35.81,0.94,46.1,0.95,69.7,0.96,72.7,0.97,89.3,0.07,35.81,0.06,46.1,0.05,69.7,0.04,72.7,0.03,89.3,0.08,40.4,0.19,21.89,0.2,16.3,0.21,15.7,0.22,21.2,0.01,0.01,0.094533,1776164893000
1776164896.027,196.027,0.92,40.4,0.81,21.89,0.8,16.3,0.79,15.7,0.78,21.2,0.93,35.81,0.94,46.1,0.95,69.7,0.96,72.7,0.97,89.3,0.07,35.81,0.06,46.1,0.05,69.7,0.04,72.7,0.03,89.3,0.08,40.4,0.19,21.89,0.2,16.3,0.21,15.7,0.22,21.2,0.01,0.01,0.094584,1776164895000
1776164896.988,196.988,0.92,40.4,0.88,34.6,0.87,23.0,0.86,21.6,0.85,20.39,0.95,7.9,0.96,72.7,0.97,89.3,0.98,147.69,0.99,3288.69,0.07,35.81,0.06,46.1,0.05,69.7,0.04,72.7,0.03,89.3,0.08,40.4,0.19,21.89,0.2,16.3,0.21,15.7,0.22,21.2,0.03,0.01,0.094584,1776164895000
1776164897.235,197.235,0.92,40.4,0.88,34.6,0.87,23.0,0.86,21.6,0.85,20.39,0.95,2.62,0.96,72.7,0.97,89.3,0.98,147.69,0.99,3288.69,0.05,3.68,0.04,72.7,0.03,89.3,0.02,147.69,0.01,3288.69,0.08,40.4,0.12,34.6,0.13,23.0,0.14,21.6,0.15,20.39,0.03,0.03,0.094588,1776164896000
1776164897.859,197.859,0.92,40.4,0.9,28.9,0.89,26.6,0.88,34.6,0.87,23.0,0.96,72.15,0.97,89.3,0.98,147.69,0.99,3288.69,,,0.05,0.5,0.04,72.7,0.03,89.3,0.02,147.69,0.01,3288.69,0.08,40.4,0.11,26.6,0.12,34.6,0.13,23.0,0.14,21.6,0.04,0.03,0.094588,1776164896000
1776164898.179,198.179,0.95,32.45,0.92,40.4,0.9,28.9,0.89,26.6,0.88,34.6,0.96,66.9,0.97,89.3,0.98,147.69,0.99,3288.69,,,0.04,66.9,0.03,89.3,0.02,147.69,0.01,3288.69,,,0.05,32.45,0.08,40.4,0.1,28.9,0.11,26.6,0.12,34.6,0.01,0.01,0.094588,1776164897000
1776164898.419,198.419,0.95,32.45,0.92,40.4,0.91,31.7,0.9,28.9,0.89,26.6,0.96,65.85,0.97,89.3,0.98,147.69,0.99,3288.69,,,0.04,66.9,0.03,89.3,0.02,147.69,0.01,3288.69,,,0.05,32.45,0.08,40.4,0.1,28.9,0.11,26.6,0.12,34.6,0.01,0.01,0.094588,1776164897000
1776164898.636,198.636,0.95,32.45,0.92,40.4,0.91,31.7,0.9,28.9,0.89,26.6,0.96,60.64,0.97,89.3,0.98,147.69,0.99,3288.69,,,0.04,62.72,0.03,89.3,0.02,147.69,0.01,3288.69,,,0.05,32.45,0.08,40.4,0.09,31.7,0.1,28.9,0.11,26.6,0.01,0.01,0.094588,1776164897000
1776164899.466,199.466,0.95,32.45,0.92,75.69,0.91,31.7,0.9,28.9,0.89,26.6,0.96,17.13,0.97,89.3,0.98,147.69,0.99,3288.69,,,0.04,32.76,0.03,89.3,0.02,147.69,0.01,3288.69,,,0.05,32.45,0.08,75.69,0.09,31.7,0.1,28.9,0.11,26.6,0.01,0.01,0.094588,1776164897000
1776164899.801,199.801,0.95,32.45,0.92,75.69,0.91,31.7,0.9,28.9,0.89,26.6,0.96,17.13,0.97,89.3,0.98,147.69,0.99,3288.69,,,0.04,17.13,0.03,89.3,0.02,147.69,0.01,3288.69,,,0.05,32.45,0.08,75.69,0.09,31.7,0.1,28.9,0.11,26.6,0.01,0.01,0.094587,1776164898000
1776164900.304,200.304,0.95,32.45,0.92,75.69,0.91,31.7,0.9,28.9,0.89,26.6,0.96,17.13,0.97,89.3,0.98,147.69,0.99,3288.69,,,0.04,17.13,0.03,89.3,0.02,147.69,0.01,3288.69,,,0.05,32.45,0.08,75.69,0.09,31.7,0.1,28.9,0.11,26.6,0.01,0.01,0.094587,1776164899000
1776164900.526,200.526,0.95,32.45,0.92,75.69,0.91,31.7,0.9,28.9,0.89,26.6,0.96,9.31,0.97,89.3,0.98,147.69,0.99,3288.69,,,0.04,17.13,0.03,89.3,0.02,147.69,0.01,3288.69,,,0.05,32.45,0.08,75.69,0.09,31.7,0.1,28.9,0.11,26.6,0.01,0.01,0.094587,1776164899000
1776164901.021,201.021,0.95,32.45,0.92,75.69,0.91,31.7,0.9,28.9,0.89,26.6,0.97,77.89,0.98,147.69,0.99,3288.69,,,,,0.04,9.31,0.03,89.3,0.02,147.69,0.01,3288.69,,,0.05,32.45,0.08,75.69,0.09,31.7,0.1,28.9,0.11,26.6,0.02,0.01,0.094587,1776164899000
1776164901.451,201.451,0.95,32.45,0.92,75.69,0.91,31.7,0.9,28.9,0.89,26.6,0.97,77.89,0.98,147.69,0.99,3288.69,,,,,0.03,77.89,0.02,147.69,0.01,3288.69,,,,,0.05,32.45,0.08,75.69,0.09,31.7,0.1,28.9,0.11,26.6,0.02,0.02,0.094588,1776164900000
1776164902.141,202.141,0.95,32.45,0.92,75.69,0.91,31.7,0.9,28.9,0.89,26.6,0.97,77.89,0.98,147.69,0.99,3288.69,,,,,0.03,77.89,0.02,147.69,0.01,3288.69,,,,,0.05,32.45,0.08,75.69,0.09,31.7,0.1,28.9,0.11,26.6,0.02,0.02,0.094588,1776164901000
1776164903.248,203.248,0.95,32.45,0.92,75.69,0.91,31.7,0.9,28.9,0.89,26.6,0.97,77.89,0.98,147.69,0.99,3288.69,,,,,0.03,77.89,0.02,147.69,0.01,3288.69,,,,,0.05,32.45,0.08,75.69,0.09,31.7,0.1,28.9,0.11,26.6,0.02,0.02,0.094587,1776164902000
1776164904.26,204.26,0.95,32.45,0.92,75.69,0.91,31.7,0.9,28.9,0.89,26.6,0.97,77.89,0.98,147.69,0.99,3288.69,,,,,0.03,77.89,0.02,147.69,0.01,3288.69,,,,,0.05,32.45,0.08,75.69,0.09,31.7,0.1,28.9,0.11,26.6,0.02,0.02,0.094587,1776164903000
1776164905.153,205.153,0.95,32.45,0.92,75.69,0.91,31.7,0.9,28.9,0.89,26.6,0.97,77.89,0.98,147.69,0.99,3288.69,,,,,0.03,77.89,0.02,147.69,0.01,3288.69,,,,,0.05,32.45,0.08,75.69,0.09,31.7,0.1,28.9,0.11,26.6,0.02,0.02,0.094587,1776164904000
1776164906.436,206.436,0.95,32.45,0.92,75.69,0.91,31.7,0.9,28.9,0.89,26.6,0.97,77.89,0.98,147.69,0.99,3288.69,,,,,0.03,77.89,0.02,147.69,0.01,3288.69,,,,,0.05,32.45,0.08,75.69,0.09,31.7,0.1,28.9,0.11,26.6,0.02,0.02,0.094587,1776164905000
1776164907.022,207.022,0.95,32.45,0.92,40.4,0.91,31.7,0.9,28.9,0.89,26.6,0.97,87.24,0.98,147.69,0.99,3288.69,,,,,0.03,77.89,0.02,147.69,0.01,3288.69,,,,,0.05,32.45,0.08,75.69,0.09,31.7,0.1,28.9,0.11,26.6,0.02,0.02,0.094587,1776164905000
1776164907.305,207.305,0.95,32.45,0.92,40.4,0.91,31.7,0.9,28.9,0.89,26.6,0.97,77.97,0.98,147.69,0.99,3288.69,,,,,0.03,83.12,0.02,147.69,0.01,3288.69,,,,,0.05,32.45,0.08,40.4,0.09,31.7,0.1,28.9,0.11,26.6,0.02,0.02,0.094587,1776164906000
1776164908.521,208.521,0.95,32.45,0.92,40.4,0.91,31.7,0.9,28.9,0.89,26.6,0.97,75.89,0.98,147.69,0.99,3288.69,,,,,0.03,76.93,0.02,147.69,0.01,3288.69,,,,,0.05,32.45,0.08,40.4,0.09,31.7,0.1,28.9,0.11,26.6,0.02,0.02,0.094587,1776164906000
1776164909.179,209.179,0.95,32.45,0.92,40.4,0.91,31.7,0.9,28.9,0.89,26.6,0.97,75.89,0.98,147.69,0.99,3288.69,,,,,0.03,75.89,0.02,147.69,0.01,3288.69,,,,,0.05,32.45,0.08,40.4,0.09,31.7,0.1,28.9,0.11,26.6,0.02,0.02,0.094576,1776164908000
1776164910.291,210.291,0.95,32.45,0.92,40.4,0.91,31.7,0.9,28.9,0.89,26.6,0.97,75.89,0.98,147.69,0.99,3288.69,,,,,0.03,75.89,0.02,147.69,0.01,3288.69,,,,,0.05,32.45,0.08,40.4,0.09,31.7,0.1,28.9,0.11,26.6,0.02,0.02,0.094573,1776164909000
1776164911.022,211.022,0.95,32.45,0.92,40.4,0.91,31.7,0.9,28.9,0.89,26.6,0.97,75.89,0.98,147.69,0.99,3288.69,,,,,0.03,75.89,0.02,147.69,0.01,3288.69,,,,,0.05,32.45,0.08,40.4,0.09,31.7,0.1,28.9,0.11,26.6,0.02,0.02,0.094573,1776164910000
1776164912.257,212.257,0.95,32.45,0.92,40.4,0.91,31.7,0.9,28.9,0.89,26.6,0.97,75.89,0.98,147.69,0.99,3288.69,,,,,0.03,75.89,0.02,147.69,0.01,3288.69,,,,,0.05,32.45,0.08,40.4,0.09,31.7,0.1,28.9,0.11,26.6,0.02,0.02,0.094571,1776164911000
1776164913.395,213.395,0.95,32.45,0.92,40.4,0.91,31.7,0.9,28.9,0.89,26.6,0.97,75.89,0.98,147.69,0.99,3288.69,,,,,0.03,75.89,0.02,147.69,0.01,3288.69,,,,,0.05,32.45,0.08,40.4,0.09,31.7,0.1,28.9,0.11,26.6,0.02,0.02,0.094558,1776164912000
1776164914.087,214.087,0.95,32.45,0.92,40.4,0.91,31.7,0.9,28.9,0.89,26.6,0.97,75.89,0.98,147.69,0.99,3288.69,,,,,0.03,75.89,0.02,147.69,0.01,3288.69,,,,,0.05,32.45,0.08,40.4,0.09,31.7,0.1,28.9,0.11,26.6,0.02,0.02,0.094558,1776164913000
1776164915.5,215.5,0.95,32.45,0.92,40.4,0.91,31.7,0.9,28.9,0.89,26.6,0.97,75.89,0.98,147.69,0.99,3288.69,,,,,0.03,75.89,0.02,147.69,0.01,3288.69,,,,,0.05,32.45,0.08,40.4,0.09,31.7,0.1,28.9,0.11,26.6,0.02,0.02,0.094558,1776164914000
1776164916.119,216.119,0.95,32.45,0.92,40.4,0.91,31.7,0.9,28.9,0.89,26.6,0.97,75.89,0.98,147.69,0.99,3288.69,,,,,0.03,75.89,0.02,147.69,0.01,3288.69,,,,,0.05,32.45,0.08,40.4,0.09,31.7,0.1,28.9,0.11,26.6,0.02,0.02,0.094563,1776164915000
1776164917.362,217.362,0.95,32.45,0.92,40.4,0.91,31.7,0.9,28.9,0.89,26.6,0.97,75.89,0.98,147.69,0.99,3288.69,,,,,0.03,75.89,0.02,147.69,0.01,3288.69,,,,,0.05,32.45,0.08,40.4,0.09,31.7,0.1,28.9,0.11,26.6,0.02,0.02,0.094565,1776164916000
1776164918.531,218.531,0.95,32.45,0.92,40.4,0.91,31.7,0.9,28.9,0.89,26.6,0.97,75.89,0.98,147.69,0.99,3288.69,,,,,0.03,75.89,0.02,147.69,0.01,3288.69,,,,,0.05,32.45,0.08,40.4,0.09,31.7,0.1,28.9,0.11,26.6,0.02,0.02,0.094564,1776164917000
1776164919.115,219.115,0.95,32.45,0.92,40.4,0.91,31.7,0.9,28.9,0.89,26.6,0.97,75.89,0.98,147.69,0.99,3288.69,,,,,0.03,75.89,0.02,147.69,0.01,3288.69,,,,,0.05,32.45,0.08,40.4,0.09,31.7,0.1,28.9,0.11,26.6,0.02,0.02,0.094564,1776164918000
1776164920.646,220.646,0.95,32.45,0.92,40.4,0.91,31.7,0.9,28.9,0.89,26.6,0.97,75.89,0.98,147.69,0.99,3288.69,,,,,0.03,75.89,0.02,147.69,0.01,3288.69,,,,,0.05,32.45,0.08,40.4,0.09,31.7,0.1,28.9,0.11,26.6,0.02,0.02,0.094561,1776164919000
1776164921.136,221.136,0.95,32.45,0.92,40.4,0.91,31.7,0.9,28.9,0.89,26.6,0.97,75.89,0.98,147.69,0.99,3288.69,,,,,0.03,75.89,0.02,147.69,0.01,3288.69,,,,,0.05,32.45,0.08,40.4,0.09,31.7,0.1,28.9,0.11,26.6,0.02,0.02,0.094564,1776164920000
1776164922.183,222.183,0.95,32.45,0.92,40.4,0.91,31.7,0.9,28.9,0.89,26.6,0.97,75.89,0.98,147.69,0.99,3288.69,,,,,0.03,75.89,0.02,147.69,0.01,3288.69,,,,,0.05,32.45,0.08,40.4,0.09,31.7,0.1,28.9,0.11,26.6,0.02,0.02,0.094564,1776164921000
1776164923.072,223.072,0.95,32.45,0.92,40.4,0.91,31.7,0.9,28.9,0.89,26.6,0.97,75.89,0.98,147.69,0.99,3288.69,,,,,0.03,75.89,0.02,147.69,0.01,3288.69,,,,,0.05,32.45,0.08,40.4,0.09,31.7,0.1,28.9,0.11,26.6,0.02,0.02,0.094564,1776164922000
1776164924.028,224.028,0.95,32.45,0.92,40.4,0.91,31.7,0.9,28.9,0.89,26.6,0.97,75.89,0.98,147.69,0.99,3288.69,,,,,0.03,75.89,0.02,147.69,0.01,3288.69,,,,,0.05,32.45,0.08,40.4,0.09,31.7,0.1,28.9,0.11,26.6,0.02,0.02,0.094564,1776164923000
1776164925.027,225.027,0.95,32.45,0.92,40.4,0.91,31.7,0.9,28.9,0.89,26.6,0.97,75.89,0.98,147.69,0.99,3288.69,,,,,0.03,75.89,0.02,147.69,0.01,3288.69,,,,,0.05,32.45,0.08,40.4,0.09,31.7,0.1,28.9,0.11,26.6,0.02,0.02,0.094564,1776164924000
1776164925.959,225.959,0.95,32.45,0.92,40.4,0.91,31.7,0.9,28.9,0.89,26.6,0.97,75.89,0.98,147.69,0.99,3288.69,,,,,0.03,75.89,0.02,147.69,0.01,3288.69,,,,,0.05,32.45,0.08,40.4,0.09,31.7,0.1,28.9,0.11,26.6,0.02,0.02,0.094564,1776164925000
1776164926.894,226.894,0.95,32.45,0.92,40.4,0.91,31.7,0.9,28.9,0.89,26.6,0.97,75.89,0.98,147.69,0.99,3288.69,,,,,0.03,75.89,0.02,147.69,0.01,3288.69,,,,,0.05,32.45,0.08,40.4,0.09,31.7,0.1,28.9,0.11,26.6,0.02,0.02,0.094564,1776164926000
1776164927.94,227.94,0.95,32.45,0.92,40.4,0.91,31.7,0.9,28.9,0.89,26.6,0.97,75.89,0.98,147.69,0.99,3288.69,,,,,0.03,75.89,0.02,147.69,0.01,3288.69,,,,,0.05,32.45,0.08,40.4,0.09,31.7,0.1,28.9,0.11,26.6,0.02,0.02,0.094564,1776164927000
1776164928.79,228.79,0.95,32.45,0.92,40.4,0.91,31.7,0.9,28.9,0.89,26.6,0.97,75.89,0.98,147.69,0.99,3288.69,,,,,0.03,75.89,0.02,147.69,0.01,3288.69,,,,,0.05,32.45,0.08,40.4,0.09,31.7,0.1,28.9,0.11,26.6,0.02,0.02,0.094564,1776164928000
1776164930.287,230.287,0.95,32.45,0.92,40.4,0.91,31.7,0.9,28.9,0.89,26.6,0.97,75.89,0.98,147.69,0.99,3288.69,,,,,0.03,75.89,0.02,147.69,0.01,3288.69,,,,,0.05,32.45,0.08,40.4,0.09,31.7,0.1,28.9,0.11,26.6,0.02,0.02,0.094565,1776164929000
1776164931.446,231.446,0.95,32.45,0.92,40.4,0.91,31.7,0.9,28.9,0.89,26.6,0.97,75.89,0.98,147.69,0.99,3288.69,,,,,0.03,75.89,0.02,147.69,0.01,3288.69,,,,,0.05,32.45,0.08,40.4,0.09,31.7,0.1,28.9,0.11,26.6,0.02,0.02,0.094564,1776164930000
1776164932.229,232.229,0.95,32.45,0.92,40.4,0.91,31.7,0.9,28.9,0.89,26.6,0.97,75.89,0.98,147.69,0.99,3288.69,,,,,0.03,75.89,0.02,147.69,0.01,3288.69,,,,,0.05,32.45,0.08,40.4,0.09,31.7,0.1,28.9,0.11,26.6,0.02,0.02,0.094564,1776164931000
1776164933.266,233.266,0.95,32.45,0.92,40.4,0.91,31.7,0.9,28.9,0.89,26.6,0.97,75.89,0.98,147.69,0.99,3288.69,,,,,0.03,75.89,0.02,147.69,0.01,3288.69,,,,,0.05,32.45,0.08,40.4,0.09,31.7,0.1,28.9,0.11,26.6,0.02,0.02,0.094565,1776164932000
1776164934.566,234.566,0.95,32.45,0.92,40.4,0.91,31.7,0.9,28.9,0.89,26.6,0.97,75.89,0.98,147.69,0.99,3288.69,,,,,0.03,75.89,0.02,147.69,0.01,3288.69,,,,,0.05,32.45,0.08,40.4,0.09,31.7,0.1,28.9,0.11,26.6,0.02,0.02,0.094565,1776164933000
1776164935.18,235.18,0.95,32.45,0.92,40.4,0.91,31.7,0.9,28.9,0.89,26.6,0.97,75.89,0.98,147.69,0.99,3288.69,,,,,0.03,75.89,0.02,147.69,0.01,3288.69,,,,,0.05,32.45,0.08,40.4,0.09,31.7,0.1,28.9,0.11,26.6,0.02,0.02,0.094563,1776164934000
1776164936.66,236.66,0.95,32.45,0.92,40.4,0.91,31.7,0.9,28.9,0.89,26.6,0.97,75.89,0.98,147.69,0.99,3288.69,,,,,0.03,75.89,0.02,147.69,0.01,3288.69,,,,,0.05,32.45,0.08,40.4,0.09,31.7,0.1,28.9,0.11,26.6,0.02,0.02,0.094563,1776164935000
1776164937.365,237.365,0.96,67.7,0.95,92.35,0.94,46.1,0.93,39.9,0.92,75.69,0.98,12.96,0.99,3288.69,,,,,,,0.03,75.89,0.02,147.69,0.01,3288.69,,,,,0.05,32.45,0.08,40.4,0.09,31.7,0.1,28.9,0.11,26.6,0.02,0.02,0.094563,1776164935000
1776164937.953,237.953,0.96,67.7,0.95,92.35,0.94,46.1,0.93,39.9,0.92,75.69,0.98,12.96,0.99,3288.69,,,,,,,0.02,12.96,0.01,3288.69,,,,,,,0.04,67.7,0.05,92.35,0.06,46.1,0.07,39.9,0.08,75.69,0.02,0.02,0.094564,1776164937000
1776164939.579,239.579,0.96,67.7,0.95,92.35,0.94,46.1,0.93,39.9,0.92,75.69,0.98,12.96,0.99,3288.69,,,,,,,0.02,12.96,0.01,3288.69,,,,,,,0.04,67.7,0.05,92.35,0.06,46.1,0.07,39.9,0.08,75.69,0.02,0.02,0.094563,1776164938000
1776164940.312,240.312,0.96,67.7,0.95,92.35,0.94,46.1,0.93,39.9,0.92,75.69,0.98,12.96,0.99,3288.69,,,,,,,0.02,12.96,0.01,3288.69,,,,,,,0.04,67.7,0.05,92.35,0.06,46.1,0.07,39.9,0.08,75.69,0.02,0.02,0.094566,1776164939000
1776164940.757,240.757,0.96,67.7,0.95,92.35,0.94,46.1,0.93,39.9,0.92,75.69,0.98,2.86,0.99,3288.69,,,,,,,0.02,12.96,0.01,3288.69,,,,,,,0.04,67.7,0.05,92.35,0.06,46.1,0.07,39.9,0.08,75.69,0.02,0.02,0.094566,1776164939000
1776164940.987,240.987,0.96,67.7,0.95,92.35,0.94,46.1,0.93,39.9,0.92,75.69,0.98,2.86,0.99,3288.69,,,,,,,0.02,2.86,0.01,3288.69,,,,,,,0.04,67.7,0.05,92.35,0.06,46.1,0.07,39.9,0.08,75.69,0.02,0.02,0.094566,1776164940000
1776164941.5,241.5,0.96,67.7,0.95,92.35,0.94,46.1,0.93,39.9,0.92,75.69,0.99,3286.55,,,,,,,,,0.02,2.86,0.01,3288.69,,,,,,,0.04,67.7,0.05,92.35,0.06,46.1,0.07,39.9,0.08,75.69,0.03,0.02,0.094566,1776164940000
1776164942.531,242.531,0.96,67.7,0.95,92.35,0.94,46.1,0.93,39.9,0.92,75.69,0.99,3286.55,,,,,,,,,0.01,3286.55,,,,,,,,,0.04,67.7,0.05,92.35,0.06,46.1,0.07,39.9,0.08,75.69,0.03,0.03,0.094566,1776164941000
1776164943.276,243.276,0.96,67.7,0.95,92.35,0.94,46.1,0.93,39.9,0.92,75.69,0.99,3286.55,,,,,,,,,0.01,3286.55,,,,,,,,,0.04,67.7,0.05,92.35,0.06,46.1,0.07,39.9,0.08,75.69,0.03,0.03,0.094566,1776164942000
1776164944.813,244.813,0.96,67.7,0.95,92.35,0.94,46.1,0.93,39.9,0.92,75.69,0.99,3286.55,,,,,,,,,0.01,3286.55,,,,,,,,,0.04,67.7,0.05,92.35,0.06,46.1,0.07,39.9,0.08,75.69,0.03,0.03,0.094571,1776164943000
1776164945.27,245.27,0.97,89.3,0.96,67.7,0.95,92.35,0.94,46.1,0.93,39.9,0.99,3284.53,,,,,,,,,0.01,3286.55,,,,,,,,,0.04,67.7,0.05,92.35,0.06,46.1,0.07,39.9,0.08,75.69,0.02,0.03,0.094571,1776164943000
1776164945.679,245.679,0.97,89.3,0.96,67.7,0.95,92.35,0.94,46.1,0.93,39.9,0.99,3282.51,,,,,,,,,0.01,3282.51,,,,,,,,,0.03,89.3,0.04,67.7,0.05,92.35,0.06,46.1,0.07,39.9,0.02,0.02,0.09457,1776164944000
1776164946.355,246.355,0.97,89.3,0.96,67.7,0.95,92.35,0.94,46.1,0.93,39.9,0.99,3282.51,,,,,,,,,0.01,3282.51,,,,,,,,,0.03,89.3,0.04,67.7,0.05,92.35,0.06,46.1,0.07,39.9,0.02,0.02,0.09457,1776164945000
1776164946.881,246.881,0.95,37.65,0.94,46.1,0.93,39.9,0.92,75.69,0.91,31.7,0.98,130.65,0.99,3287.51,,,,,,,0.01,3282.51,,,,,,,,,0.03,89.3,0.04,67.7,0.05,92.35,0.06,46.1,0.07,39.9,0.03,0.02,0.09457,1776164945000
1776164947.306,247.306,0.95,37.65,0.94,46.1,0.93,39.9,0.92,75.69,0.91,31.7,0.98,130.65,0.99,3287.51,,,,,,,0.02,130.65,0.01,3287.51,,,,,,,0.05,37.65,0.06,46.1,0.07,39.9,0.08,75.69,0.09,31.7,0.03,0.03,0.094568,1776164946000
1776164947.561,247.561,0.95,37.65,0.94,46.1,0.93,39.9,0.92,75.69,0.91,31.7,0.98,124.52,0.99,3287.51,,,,,,,0.02,125.55,0.01,3287.51,,,,,,,0.05,37.65,0.06,46.1,0.07,39.9,0.08,75.69,0.09,31.7,0.03,0.03,0.094568,1776164946000
1776164948.395,248.395,0.95,37.65,0.94,46.1,0.93,39.9,0.92,75.69,0.91,31.7,0.98,104.65,0.99,3207.51,,,,,,,0.02,123.49,0.01,3287.51,,,,,,,0.05,37.65,0.06,46.1,0.07,39.9,0.08,75.69,0.09,31.7,0.03,0.03,0.094568,1776164946000
1776164948.842,248.842,0.95,37.65,0.94,46.1,0.93,39.9,0.92,75.69,0.91,31.7,0.98,104.65,0.99,3207.51,,,,,,,0.02,104.65,0.01,3207.51,,,,,,,0.05,37.65,0.06,46.1,0.07,39.9,0.08,75.69,0.09,31.7,0.03,0.03,0.094544,1776164947000
1776164949.62,249.62,0.95,37.65,0.94,46.1,0.93,39.9,0.92,75.69,0.91,31.7,0.98,104.65,0.99,3207.51,,,,,,,0.02,104.65,0.01,3207.51,,,,,,,0.05,37.65,0.06,46.1,0.07,39.9,0.08,75.69,0.09,31.7,0.03,0.03,0.094539,1776164948000
1776164950.363,250.363,0.95,37.65,0.94,46.1,0.93,39.9,0.92,75.69,0.91,31.7,0.98,104.65,0.99,3207.51,,,,,,,0.02,104.65,0.01,3207.51,,,,,,,0.05,37.65,0.06,46.1,0.07,39.9,0.08,75.69,0.09,31.7,0.03,0.03,0.094536,1776164949000
1776164951.112,251.112,0.95,37.65,0.94,46.1,0.93,39.9,0.92,75.69,0.91,31.7,0.98,104.65,0.99,3207.51,,,,,,,0.02,104.65,0.01,3207.51,,,,,,,0.05,37.65,0.06,46.1,0.07,39.9,0.08,75.69,0.09,31.7,0.03,0.03,0.094536,1776164950000
1776164951.326,251.326,0.92,16.36,0.86,5.0,0.83,6.0,0.81,21.89,0.8,16.3,0.98,104.65,0.99,3212.58,,,,,,,0.02,104.65,0.01,3207.51,,,,,,,0.05,37.65,0.06,46.1,0.07,39.9,0.08,75.69,0.09,31.7,0.06,0.03,0.094536,1776164950000
1776164953.367,253.367,0.92,16.36,0.86,5.0,0.83,6.0,0.81,21.89,0.8,16.3,0.98,104.65,0.99,3212.58,,,,,,,0.02,104.65,0.01,3212.58,,,,,,,0.08,16.36,0.14,5.0,0.17,6.0,0.19,21.89,0.2,16.3,0.06,0.06,0.09451,1776164952000
1776164953.883,253.883,0.92,16.36,0.86,5.0,0.83,6.0,0.81,21.89,0.8,16.3,0.98,104.65,0.99,3212.58,,,,,,,0.02,104.65,0.01,3212.58,,,,,,,0.08,16.36,0.14,5.0,0.17,6.0,0.19,21.89,0.2,16.3,0.06,0.06,0.094495,1776164953000
1776164954.964,254.964,0.92,16.36,0.86,5.0,0.83,6.0,0.81,21.89,0.8,16.3,0.98,104.65,0.99,3212.58,,,,,,,0.02,104.65,0.01,3212.58,,,,,,,0.08,16.36,0.14,5.0,0.17,6.0,0.19,21.89,0.2,16.3,0.06,0.06,0.094496,1776164954000
1776164956.253,256.253,0.92,16.36,0.86,5.0,0.83,6.0,0.81,21.89,0.8,16.3,0.98,104.65,0.99,3212.58,,,,,,,0.02,104.65,0.01,3212.58,,,,,,,0.08,16.36,0.14,5.0,0.17,6.0,0.19,21.89,0.2,16.3,0.06,0.06,0.094496,1776164955000
1776164957.366,257.366,0.92,16.36,0.86,5.0,0.83,6.0,0.81,21.89,0.8,16.3,0.98,104.65,0.99,3212.58,,,,,,,0.02,104.65,0.01,3212.58,,,,,,,0.08,16.36,0.14,5.0,0.17,6.0,0.19,21.89,0.2,16.3,0.06,0.06,0.094496,1776164956000
1776164957.868,257.868,0.92,16.36,0.86,5.0,0.83,6.0,0.81,21.89,0.8,16.3,0.98,104.65,0.99,3212.58,,,,,,,0.02,104.65,0.01,3212.58,,,,,,,0.08,16.36,0.14,5.0,0.17,6.0,0.19,21.89,0.2,16.3,0.06,0.06,0.094495,1776164957000
1776164958.937,258.937,0.92,16.36,0.86,5.0,0.83,6.0,0.81,21.89,0.8,16.3,0.98,104.65,0.99,3212.58,,,,,,,0.02,104.65,0.01,3212.58,,,,,,,0.08,16.36,0.14,5.0,0.17,6.0,0.19,21.89,0.2,16.3,0.06,0.06,0.094498,1776164958000
1776164960.06,260.06,0.92,16.36,0.86,5.0,0.83,6.0,0.81,21.89,0.8,16.3,0.98,104.65,0.99,3212.58,,,,,,,0.02,104.65,0.01,3212.58,,,,,,,0.08,16.36,0.14,5.0,0.17,6.0,0.19,21.89,0.2,16.3,0.06,0.06,0.094499,1776164959000
1776164961.151,261.151,0.92,16.36,0.86,5.0,0.83,6.0,0.81,21.89,0.8,16.3,0.98,104.65,0.99,3212.58,,,,,,,0.02,104.65,0.01,3212.58,,,,,,,0.08,16.36,0.14,5.0,0.17,6.0,0.19,21.89,0.2,16.3,0.06,0.06,0.094496,1776164960000
1776164962.356,262.356,0.92,16.36,0.86,5.0,0.83,6.0,0.81,21.89,0.8,16.3,0.98,104.65,0.99,3212.58,,,,,,,0.02,104.65,0.01,3212.58,,,,,,,0.08,16.36,0.14,5.0,0.17,6.0,0.19,21.89,0.2,16.3,0.06,0.06,0.094497,1776164961000
1776164962.828,262.828,0.92,16.36,0.86,5.0,0.83,6.0,0.81,21.89,0.8,16.3,0.98,104.65,0.99,3212.58,,,,,,,0.02,104.65,0.01,3212.58,,,,,,,0.08,16.36,0.14,5.0,0.17,6.0,0.19,21.89,0.2,16.3,0.06,0.06,0.0945,1776164962000
1776164963.896,263.896,0.92,16.36,0.86,5.0,0.83,6.0,0.81,21.89,0.8,16.3,0.98,104.65,0.99,3212.58,,,,,,,0.02,104.65,0.01,3212.58,,,,,,,0.08,16.36,0.14,5.0,0.17,6.0,0.19,21.89,0.2,16.3,0.06,0.06,0.0945,1776164963000
1776164965.022,265.022,0.92,16.36,0.86,5.0,0.83,6.0,0.81,21.89,0.8,16.3,0.98,104.65,0.99,3212.58,,,,,,,0.02,104.65,0.01,3212.58,,,,,,,0.08,16.36,0.14,5.0,0.17,6.0,0.19,21.89,0.2,16.3,0.06,0.06,0.0945,1776164964000
1776164966.072,266.072,0.92,16.36,0.86,5.0,0.83,6.0,0.81,21.89,0.8,16.3,0.98,104.65,0.99,3212.58,,,,,,,0.02,104.65,0.01,3212.58,,,,,,,0.08,16.36,0.14,5.0,0.17,6.0,0.19,21.89,0.2,16.3,0.06,0.06,0.094534,1776164965000
1776164966.39,266.39,0.97,89.3,0.96,67.7,0.95,54.7,0.94,46.1,0.93,39.9,0.99,711.56,,,,,,,,,0.02,104.65,0.01,3212.58,,,,,,,0.08,16.36,0.14,5.0,0.17,6.0,0.19,21.89,0.2,16.3,0.02,0.06,0.094534,1776164965000
1776164967.604,267.604,0.97,89.3,0.96,67.7,0.95,54.7,0.94,46.1,0.93,39.9,0.99,711.56,,,,,,,,,0.01,711.56,,,,,,,,,0.03,89.3,0.04,67.7,0.05,54.7,0.06,46.1,0.07,39.9,0.02,0.02,0.094535,1776164966000
1776164968.141,268.141,0.97,89.3,0.96,67.7,0.95,54.7,0.94,46.1,0.93,39.9,0.99,711.56,,,,,,,,,0.01,711.56,,,,,,,,,0.03,89.3,0.04,67.7,0.05,54.7,0.06,46.1,0.07,39.9,0.02,0.02,0.094535,1776164967000
1776164969.084,269.084,0.97,89.3,0.96,67.7,0.95,54.7,0.94,46.1,0.93,39.9,0.99,711.56,,,,,,,,,0.01,711.56,,,,,,,,,0.03,89.3,0.04,67.7,0.05,54.7,0.06,46.1,0.07,39.9,0.02,0.02,0.094535,1776164968000
1776164970.054,270.054,0.98,132.69,0.97,89.3,0.96,67.7,0.95,54.7,0.94,46.1,0.99,443.91,,,,,,,,,0.01,711.56,,,,,,,,,0.03,89.3,0.04,67.7,0.05,54.7,0.06,46.1,0.07,39.9,0.01,0.02,0.094535,1776164968000
1776164971.058,271.058,0.98,132.69,0.97,89.3,0.96,67.7,0.95,54.7,0.94,46.1,0.99,443.91,,,,,,,,,0.01,443.91,,,,,,,,,0.02,132.69,0.03,89.3,0.04,67.7,0.05,54.7,0.06,46.1,0.01,0.01,0.094535,1776164970000
1776164972.03,272.03,0.98,132.69,0.97,89.3,0.96,67.7,0.95,54.7,0.94,46.1,0.99,443.91,,,,,,,,,0.01,443.91,,,,,,,,,0.02,132.69,0.03,89.3,0.04,67.7,0.05,54.7,0.06,46.1,0.01,0.01,0.094537,1776164971000
1776164972.883,272.883,0.98,132.69,0.97,89.3,0.96,67.7,0.95,54.7,0.94,46.1,0.99,442.89,,,,,,,,,0.01,443.91,,,,,,,,,0.02,132.69,0.03,89.3,0.04,67.7,0.05,54.7,0.06,46.1,0.01,0.01,0.094537,1776164971000
1776164973.745,273.745,0.98,132.69,0.97,89.3,0.96,67.7,0.95,54.7,0.94,46.1,0.99,441.87,,,,,,,,,0.01,442.89,,,,,,,,,0.02,132.69,0.03,89.3,0.04,67.7,0.05,54.7,0.06,46.1,0.01,0.01,0.094538,1776164972000
1776164973.953,273.953,0.98,132.69,0.97,89.3,0.96,67.7,0.95,54.7,0.94,46.1,0.99,441.87,,,,,,,,,0.01,441.87,,,,,,,,,0.02,132.69,0.03,89.3,0.04,67.7,0.05,54.7,0.06,46.1,0.01,0.01,0.094538,1776164973000
1776164974.593,274.593,0.98,132.69,0.97,89.3,0.96,67.7,0.95,54.7,0.94,46.1,0.99,390.87,,,,,,,,,0.01,441.87,,,,,,,,,0.02,132.69,0.03,89.3,0.04,67.7,0.05,54.7,0.06,46.1,0.01,0.01,0.094538,1776164973000
1776164974.877,274.877,0.98,132.69,0.97,89.3,0.96,67.7,0.95,54.7,0.94,46.1,0.99,390.87,,,,,,,,,0.01,390.87,,,,,,,,,0.02,132.69,0.03,89.3,0.04,67.7,0.05,54.7,0.06,46.1,0.01,0.01,0.094538,1776164974000
1776164975.249,275.249,0.92,26.36,0.89,5.0,0.81,55.0,0.72,5.12,0.71,50.0,0.99,388.85,,,,,,,,,0.01,390.87,,,,,,,,,0.02,132.69,0.03,89.3,0.04,67.7,0.05,54.7,0.06,46.1,0.07,0.01,0.094538,1776164974000
1776164975.83,275.83,0.92,26.36,0.89,5.0,0.81,55.0,0.72,5.12,0.71,50.0,0.99,381.8,,,,,,,,,0.01,381.8,,,,,,,,,0.08,26.36,0.11,5.0,0.19,55.0,0.28,5.12,0.29,50.0,0.07,0.07,0.094538,1776164975000
1776164976.84,276.84,0.92,26.36,0.89,5.0,0.81,55.0,0.72,5.12,0.71,50.0,0.99,381.8,,,,,,,,,0.01,381.8,,,,,,,,,0.08,26.36,0.11,5.0,0.19,55.0,0.28,5.12,0.29,50.0,0.07,0.07,0.094538,1776164976000
1776164977.784,277.784,0.92,26.36,0.89,5.0,0.81,55.0,0.72,5.12,0.71,50.0,0.99,381.8,,,,,,,,,0.01,381.8,,,,,,,,,0.08,26.36,0.11,5.0,0.19,55.0,0.28,5.12,0.29,50.0,0.07,0.07,0.094538,1776164977000
1776164978.174,278.174,0.93,10.0,0.92,16.36,0.89,5.0,0.81,55.0,0.72,5.12,0.99,370.8,,,,,,,,,0.01,381.8,,,,,,,,,0.08,26.36,0.11,5.0,0.19,55.0,0.28,5.12,0.29,50.0,0.06,0.07,0.094538,1776164977000
1776164979.347,279.347,0.93,10.0,0.92,16.36,0.89,5.0,0.81,55.0,0.72,5.12,0.99,370.8,,,,,,,,,0.01,370.8,,,,,,,,,0.07,10.0,0.08,16.36,0.11,5.0,0.19,55.0,0.28,5.12,0.06,0.06,0.094537,1776164978000
1776164980.171,280.171,0.93,10.0,0.92,16.36,0.89,5.0,0.81,55.0,0.72,5.12,0.99,370.8,,,,,,,,,0.01,370.8,,,,,,,,,0.07,10.0,0.08,16.36,0.11,5.0,0.19,55.0,0.28,5.12,0.06,0.06,0.094538,1776164979000
1776164980.8,280.8,0.99,629.2,0.94,17.09,0.92,16.36,0.89,5.0,0.81,55.0,,,,,,,,,,,0.01,370.8,,,,,,,,,0.07,10.0,0.08,16.36,0.11,5.0,0.19,55.0,0.28,5.12,,0.06,0.094538,1776164979000
1776164981.224,281.224,0.99,629.2,0.94,17.09,0.92,16.36,0.89,5.0,0.81,55.0,,,,,,,,,,,,,,,,,,,,,0.01,629.2,0.06,17.09,0.08,16.36,0.11,5.0,0.19,55.0,,,0.094538,1776164980000
1776164982.276,282.276,0.99,629.2,0.94,17.09,0.92,16.36,0.89,5.0,0.81,55.0,,,,,,,,,,,,,,,,,,,,,0.01,629.2,0.06,17.09,0.08,16.36,0.11,5.0,0.19,55.0,,,0.094537,1776164981000
1776164983.383,283.383,0.99,629.2,0.94,17.09,0.92,16.36,0.89,5.0,0.81,55.0,,,,,,,,,,,,,,,,,,,,,0.01,629.2,0.06,17.09,0.08,16.36,0.11,5.0,0.19,55.0,,,0.094538,1776164982000
1776164983.909,283.909,0.99,629.2,0.94,17.09,0.92,16.36,0.89,5.0,0.81,55.0,,,,,,,,,,,,,,,,,,,,,0.01,629.2,0.06,17.09,0.08,16.36,0.11,5.0,0.19,55.0,,,0.094534,1776164983000
1776164985.056,285.056,0.99,629.2,0.94,17.09,0.92,16.36,0.89,5.0,0.81,55.0,,,,,,,,,,,,,,,,,,,,,0.01,629.2,0.06,17.09,0.08,16.36,0.11,5.0,0.19,55.0,,,0.094533,1776164984000
1776164986.252,286.252,0.99,629.2,0.94,17.09,0.92,16.36,0.89,5.0,0.81,55.0,,,,,,,,,,,,,,,,,,,,,0.01,629.2,0.06,17.09,0.08,16.36,0.11,5.0,0.19,55.0,,,0.094533,1776164985000
1776164987.302,287.302,0.99,629.2,0.94,17.09,0.92,16.36,0.89,5.0,0.81,55.0,,,,,,,,,,,,,,,,,,,,,0.01,629.2,0.06,17.09,0.08,16.36,0.11,5.0,0.19,55.0,,,0.094534,1776164986000
1776164987.956,287.956,0.99,629.2,0.94,17.09,0.92,16.36,0.89,5.0,0.81,55.0,,,,,,,,,,,,,,,,,,,,,0.01,629.2,0.06,17.09,0.08,16.36,0.11,5.0,0.19,55.0,,,0.094534,1776164987000
1776164989.146,289.146,0.99,629.2,0.94,17.09,0.92,16.36,0.89,5.0,0.81,55.0,,,,,,,,,,,,,,,,,,,,,0.01,629.2,0.06,17.09,0.08,16.36,0.11,5.0,0.19,55.0,,,0.094533,1776164988000
1776164990.181,290.181,0.99,629.2,0.94,17.09,0.92,16.36,0.89,5.0,0.81,55.0,,,,,,,,,,,,,,,,,,,,,0.01,629.2,0.06,17.09,0.08,16.36,0.11,5.0,0.19,55.0,,,0.094534,1776164989000
1776164991.411,291.411,0.99,629.2,0.94,17.09,0.92,16.36,0.89,5.0,0.81,55.0,,,,,,,,,,,,,,,,,,,,,0.01,629.2,0.06,17.09,0.08,16.36,0.11,5.0,0.19,55.0,,,0.094534,1776164990000
1776164991.938,291.938,0.99,629.2,0.94,17.09,0.92,16.36,0.89,5.0,0.81,55.0,,,,,,,,,,,,,,,,,,,,,0.01,629.2,0.06,17.09,0.08,16.36,0.11,5.0,0.19,55.0,,,0.094534,1776164991000
1776164992.999,292.999,0.99,629.2,0.94,17.09,0.92,16.36,0.89,5.0,0.81,55.0,,,,,,,,,,,,,,,,,,,,,0.01,629.2,0.06,17.09,0.08,16.36,0.11,5.0,0.19,55.0,,,0.094529,1776164992000
1776164995.075,295.075,0.99,629.2,0.94,17.09,0.92,16.36,0.89,5.0,0.81,55.0,,,,,,,,,,,,,,,,,,,,,0.01,629.2,0.06,17.09,0.08,16.36,0.11,5.0,0.19,55.0,,,0.09452,1776164993000
1776164995.882,295.882,0.99,629.2,0.94,17.09,0.92,16.36,0.89,5.0,0.81,55.0,,,,,,,,,,,,,,,,,,,,,0.01,629.2,0.06,17.09,0.08,16.36,0.11,5.0,0.19,55.0,,,0.09452,1776164994000
1776164996.736,296.736,0.99,629.2,0.94,17.09,0.92,16.36,0.89,5.0,0.81,55.0,,,,,,,,,,,,,,,,,,,,,0.01,629.2,0.06,17.09,0.08,16.36,0.11,5.0,0.19,55.0,,,0.09452,1776164995000
1776164997.703,297.703,0.99,629.2,0.94,17.09,0.92,16.36,0.89,5.0,0.81,55.0,,,,,,,,,,,,,,,,,,,,,0.01,629.2,0.06,17.09,0.08,16.36,0.11,5.0,0.19,55.0,,,0.094521,1776164996000
1776164998.554,298.554,0.99,629.2,0.94,17.09,0.92,16.36,0.89,5.0,0.81,55.0,,,,,,,,,,,,,,,,,,,,,0.01,629.2,0.06,17.09,0.08,16.36,0.11,5.0,0.19,55.0,,,0.094521,1776164997000
1776164999.308,299.308,0.99,629.2,0.94,17.09,0.92,16.36,0.89,5.0,0.81,55.0,,,,,,,,,,,,,,,,,,,,,0.01,629.2,0.06,17.09,0.08,16.36,0.11,5.0,0.19,55.0,,,0.094524,1776164998000
1776165000.012,300.012,0.99,629.2,0.94,17.09,0.92,16.36,0.89,5.0,0.81,55.0,,,,,,,,,,,,,,,,,,,,,0.01,629.2,0.06,17.09,0.08,16.36,0.11,5.0,0.19,55.0,,,0.094524,1776164999000

# RESULT,winner=Up,slug=doge-updown-5m-1776164700,ticks=321
