timestamp,elapsed_sec,up_bid_p1,up_bid_s1,up_bid_p2,up_bid_s2,up_ask_p1,up_ask_s1,up_ask_p2,up_ask_s2,down_bid_p1,down_bid_s1,down_bid_p2,down_bid_s2,down_ask_p1,down_ask_s1,down_ask_p2,down_ask_s2,up_spread,down_spread,doge_price,doge_oracle_ts
1776198311.185,11.185,,,,,,,,,,,,,,,,,,,0.092595,1776198310000
1776198311.467,11.467,0.33,16.0,0.26,10.0,0.42,5.0,0.43,5.0,0.58,5.0,0.57,5.0,0.67,16.0,0.74,10.0,0.09,0.09,0.092595,1776198310000
1776198311.995,11.995,0.33,16.0,0.26,10.0,0.42,5.0,0.43,5.0,0.58,5.0,0.57,5.0,0.67,16.0,0.74,10.0,0.09,0.09,0.092595,1776198310000
1776198312.731,12.731,0.33,16.0,0.26,10.0,0.42,5.0,0.43,5.0,0.58,5.0,0.57,5.0,0.67,16.0,0.74,10.0,0.09,0.09,0.092578,1776198311000
1776198313.339,13.339,0.33,16.0,0.26,10.0,0.42,5.0,0.43,5.0,0.58,5.0,0.57,5.0,0.67,16.0,0.74,10.0,0.09,0.09,0.092574,1776198312000
1776198314.067,14.067,0.33,16.0,0.26,10.0,0.42,5.0,0.43,5.0,0.58,5.0,0.57,5.0,0.67,16.0,0.74,10.0,0.09,0.09,0.092571,1776198313000
1776198315.435,15.435,0.33,16.0,0.26,10.0,0.42,5.0,0.43,5.0,0.58,5.0,0.57,5.0,0.67,16.0,0.74,10.0,0.09,0.09,0.092566,1776198314000
1776198316.178,16.178,0.33,16.0,0.26,10.0,0.42,5.0,0.43,5.0,0.58,5.0,0.57,5.0,0.67,16.0,0.74,10.0,0.09,0.09,0.092569,1776198315000
1776198317.492,17.492,0.33,16.0,0.26,10.0,0.42,5.0,0.43,5.0,0.58,5.0,0.57,5.0,0.67,16.0,0.74,10.0,0.09,0.09,0.092569,1776198316000
1776198318.232,18.232,0.33,16.0,0.26,10.0,0.42,5.0,0.43,5.0,0.58,5.0,0.57,5.0,0.67,16.0,0.74,10.0,0.09,0.09,0.092569,1776198317000
1776198319.664,19.664,0.33,16.0,0.26,10.0,0.42,5.0,0.43,5.0,0.58,5.0,0.57,5.0,0.67,16.0,0.74,10.0,0.09,0.09,0.092578,1776198318000
1776198320.38,20.38,0.33,16.0,0.26,10.0,0.42,5.0,0.43,5.0,0.58,5.0,0.57,5.0,0.67,16.0,0.74,10.0,0.09,0.09,0.092579,1776198319000
1776198321.05,21.05,0.33,16.0,0.26,10.0,0.42,5.0,0.43,5.0,0.58,5.0,0.57,5.0,0.67,16.0,0.74,10.0,0.09,0.09,0.092578,1776198320000
1776198322.217,22.217,0.33,16.0,0.26,10.0,0.42,5.0,0.43,5.0,0.58,5.0,0.57,5.0,0.67,16.0,0.74,10.0,0.09,0.09,0.092578,1776198321000
1776198323.254,23.254,0.33,16.0,0.26,10.0,0.42,5.0,0.43,5.0,0.58,5.0,0.57,5.0,0.67,16.0,0.74,10.0,0.09,0.09,0.092576,1776198322000
1776198324.27,24.27,0.33,16.0,0.26,10.0,0.42,5.0,0.43,5.0,0.58,5.0,0.57,5.0,0.67,16.0,0.74,10.0,0.09,0.09,0.092584,1776198323000
1776198325.188,25.188,0.33,16.0,0.26,10.0,0.42,5.0,0.43,5.0,0.58,5.0,0.57,5.0,0.67,16.0,0.74,10.0,0.09,0.09,0.092584,1776198324000
1776198326.318,26.318,0.33,16.0,0.26,10.0,0.42,5.0,0.43,5.0,0.58,5.0,0.57,5.0,0.67,16.0,0.74,10.0,0.09,0.09,0.092584,1776198325000
1776198327.281,27.281,0.33,16.0,0.26,10.0,0.42,5.0,0.43,5.0,0.58,5.0,0.57,5.0,0.67,16.0,0.74,10.0,0.09,0.09,0.092581,1776198326000
1776198328.277,28.277,0.33,16.0,0.26,10.0,0.42,5.0,0.43,5.0,0.58,5.0,0.57,5.0,0.67,16.0,0.74,10.0,0.09,0.09,0.092579,1776198327000
1776198329.284,29.284,0.33,16.0,0.26,10.0,0.42,5.0,0.43,5.0,0.58,5.0,0.57,5.0,0.67,16.0,0.74,10.0,0.09,0.09,0.092584,1776198328000
1776198330.394,30.394,0.33,16.0,0.26,10.0,0.42,5.0,0.43,5.0,0.58,5.0,0.57,5.0,0.67,16.0,0.74,10.0,0.09,0.09,0.092584,1776198329000
1776198331.001,31.001,0.33,16.0,0.26,10.0,0.42,5.0,0.43,5.0,0.58,5.0,0.57,5.0,0.67,16.0,0.74,10.0,0.09,0.09,0.092584,1776198330000
1776198331.959,31.959,0.33,16.0,0.26,10.0,0.42,5.0,0.43,5.0,0.58,5.0,0.57,5.0,0.67,16.0,0.74,10.0,0.09,0.09,0.092584,1776198331000
1776198332.955,32.955,0.33,16.0,0.26,10.0,0.42,5.0,0.43,5.0,0.58,5.0,0.57,5.0,0.67,16.0,0.74,10.0,0.09,0.09,0.092581,1776198332000
1776198333.929,33.929,0.33,16.0,0.26,10.0,0.42,5.0,0.43,5.0,0.58,5.0,0.57,5.0,0.67,16.0,0.74,10.0,0.09,0.09,0.092581,1776198333000
1776198335.724,35.724,0.33,16.0,0.26,10.0,0.42,5.0,0.43,5.0,0.58,5.0,0.57,5.0,0.67,16.0,0.74,10.0,0.09,0.09,0.092578,1776198334000
1776198336.462,36.462,0.33,16.0,0.26,10.0,0.42,5.0,0.43,5.0,0.58,5.0,0.57,5.0,0.67,16.0,0.74,10.0,0.09,0.09,0.092572,1776198335000
1776198337.224,37.224,0.33,16.0,0.26,10.0,0.42,5.0,0.43,5.0,0.58,5.0,0.57,5.0,0.67,16.0,0.74,10.0,0.09,0.09,0.092571,1776198336000
1776198338.808,38.808,0.33,16.0,0.26,10.0,0.42,5.0,0.43,5.0,0.58,5.0,0.57,5.0,0.67,16.0,0.74,10.0,0.09,0.09,0.092571,1776198337000
1776198339.401,39.401,0.33,16.0,0.26,10.0,0.42,5.0,0.43,5.0,0.58,5.0,0.57,5.0,0.67,16.0,0.74,10.0,0.09,0.09,0.092572,1776198338000
1776198340.124,40.124,0.33,16.0,0.26,10.0,0.42,5.0,0.43,5.0,0.58,5.0,0.57,5.0,0.67,16.0,0.74,10.0,0.09,0.09,0.092572,1776198339000
1776198341.556,41.556,0.33,16.0,0.26,10.0,0.42,5.0,0.43,5.0,0.58,5.0,0.57,5.0,0.67,16.0,0.74,10.0,0.09,0.09,0.092572,1776198340000
1776198341.843,41.843,0.37,3.41,0.36,13.0,0.46,5.0,0.48,5.0,0.58,5.0,0.57,5.0,0.67,16.0,0.74,10.0,0.09,0.09,0.092572,1776198340000
1776198342.338,42.338,0.37,3.41,0.36,13.0,0.46,5.0,0.48,5.0,0.54,5.0,0.52,5.0,0.63,3.41,0.64,13.0,0.09,0.09,0.092574,1776198341000
1776198343.073,43.073,0.37,3.41,0.36,13.0,0.46,5.0,0.48,5.0,0.54,5.0,0.52,5.0,0.63,3.41,0.64,13.0,0.09,0.09,0.092584,1776198342000
1776198344.739,44.739,0.37,3.41,0.36,13.0,0.46,5.0,0.48,5.0,0.54,5.0,0.52,5.0,0.63,3.41,0.64,13.0,0.09,0.09,0.092586,1776198343000
1776198345.387,45.387,0.37,3.41,0.36,13.0,0.46,5.0,0.48,5.0,0.54,5.0,0.52,5.0,0.63,3.41,0.64,13.0,0.09,0.09,0.092587,1776198344000
1776198346.134,46.134,0.37,3.41,0.36,13.0,0.46,5.0,0.48,5.0,0.54,5.0,0.52,5.0,0.63,3.41,0.64,13.0,0.09,0.09,0.092587,1776198345000
1776198347.639,47.639,0.37,3.41,0.36,13.0,0.46,5.0,0.48,5.0,0.54,5.0,0.52,5.0,0.63,3.41,0.64,13.0,0.09,0.09,0.092587,1776198346000
1776198348.301,48.301,0.37,3.41,0.36,13.0,0.46,5.0,0.48,5.0,0.54,5.0,0.52,5.0,0.63,3.41,0.64,13.0,0.09,0.09,0.092587,1776198347000
1776198349.838,49.838,0.37,3.41,0.36,13.0,0.46,5.0,0.48,5.0,0.54,5.0,0.52,5.0,0.63,3.41,0.64,13.0,0.09,0.09,0.092588,1776198348000
1776198350.599,50.599,0.37,3.41,0.36,13.0,0.46,5.0,0.48,5.0,0.54,5.0,0.52,5.0,0.63,3.41,0.64,13.0,0.09,0.09,0.092588,1776198349000
1776198351.355,51.355,0.37,3.41,0.36,13.0,0.46,5.0,0.48,5.0,0.54,5.0,0.52,5.0,0.63,3.41,0.64,13.0,0.09,0.09,0.092597,1776198350000
1776198352.08,52.08,0.37,3.41,0.36,13.0,0.46,5.0,0.48,5.0,0.54,5.0,0.52,5.0,0.63,3.41,0.64,13.0,0.09,0.09,0.09259,1776198351000
1776198353.615,53.615,0.37,3.41,0.36,13.0,0.46,5.0,0.48,5.0,0.54,5.0,0.52,5.0,0.63,3.41,0.64,13.0,0.09,0.09,0.092597,1776198352000
1776198354.676,54.676,0.37,3.41,0.36,13.0,0.46,5.0,0.48,5.0,0.54,5.0,0.52,5.0,0.63,3.41,0.64,13.0,0.09,0.09,0.092597,1776198353000
1776198355.151,55.151,0.37,3.41,0.36,13.0,0.46,5.0,0.48,5.0,0.54,5.0,0.52,5.0,0.63,3.41,0.64,13.0,0.09,0.09,0.092597,1776198354000
1776198356.176,56.176,0.37,3.41,0.36,13.0,0.46,5.0,0.48,5.0,0.54,5.0,0.52,5.0,0.63,3.41,0.64,13.0,0.09,0.09,0.092595,1776198355000
1776198357.238,57.238,0.37,3.41,0.36,13.0,0.46,5.0,0.48,5.0,0.54,5.0,0.52,5.0,0.63,3.41,0.64,13.0,0.09,0.09,0.092572,1776198356000
1776198358.136,58.136,0.37,3.41,0.36,13.0,0.46,5.0,0.48,5.0,0.54,5.0,0.52,5.0,0.63,3.41,0.64,13.0,0.09,0.09,0.092565,1776198357000
1776198358.485,58.485,0.31,5.0,0.3,5.0,0.4,5.0,0.43,5.0,0.54,5.0,0.52,5.0,0.63,3.41,0.64,13.0,0.09,0.09,0.092565,1776198357000
1776198359.183,59.183,0.31,5.0,0.3,5.0,0.4,5.0,0.43,5.0,0.6,5.0,0.57,5.0,0.69,5.0,0.7,5.0,0.09,0.09,0.092566,1776198358000
1776198360.186,60.186,0.31,5.0,0.3,5.0,0.4,5.0,0.43,5.0,0.6,5.0,0.57,5.0,0.69,5.0,0.7,5.0,0.09,0.09,0.092568,1776198359000
1776198361.174,61.174,0.31,5.0,0.3,5.0,0.4,5.0,0.43,5.0,0.6,5.0,0.57,5.0,0.69,5.0,0.7,5.0,0.09,0.09,0.092565,1776198360000
1776198362.129,62.129,0.31,5.0,0.3,5.0,0.4,5.0,0.43,5.0,0.6,5.0,0.57,5.0,0.69,5.0,0.7,5.0,0.09,0.09,0.092565,1776198361000
1776198362.764,62.764,0.33,4.09,0.31,5.0,0.4,5.0,0.43,5.0,0.6,5.0,0.57,5.0,0.69,5.0,0.7,5.0,0.07,0.09,0.092565,1776198361000
1776198363.086,63.086,0.33,4.09,0.31,5.0,0.4,5.0,0.43,5.0,0.6,5.0,0.57,5.0,0.67,4.09,0.69,5.0,0.07,0.07,0.092576,1776198362000
1776198364.181,64.181,0.33,4.09,0.31,5.0,0.4,5.0,0.43,5.0,0.6,5.0,0.57,5.0,0.67,4.09,0.69,5.0,0.07,0.07,0.092578,1776198363000
1776198365.004,65.004,0.33,4.09,0.31,5.0,0.4,5.0,0.43,5.0,0.6,5.0,0.57,5.0,0.67,4.09,0.69,5.0,0.07,0.07,0.092579,1776198364000
1776198366.096,66.096,0.33,4.09,0.31,5.0,0.4,5.0,0.43,5.0,0.6,5.0,0.57,5.0,0.67,4.09,0.69,5.0,0.07,0.07,0.09258,1776198365000
1776198367.578,67.578,0.33,4.09,0.31,5.0,0.4,5.0,0.43,5.0,0.6,5.0,0.57,5.0,0.67,4.09,0.69,5.0,0.07,0.07,0.092579,1776198366000
1776198368.195,68.195,0.33,4.09,0.31,5.0,0.4,5.0,0.43,5.0,0.6,5.0,0.57,5.0,0.67,4.09,0.69,5.0,0.07,0.07,0.092581,1776198367000
1776198369.281,69.281,0.33,4.09,0.31,5.0,0.4,5.0,0.43,5.0,0.6,5.0,0.57,5.0,0.67,4.09,0.69,5.0,0.07,0.07,0.092581,1776198368000
1776198370.426,70.426,0.33,4.09,0.31,5.0,0.4,5.0,0.43,5.0,0.6,5.0,0.57,5.0,0.67,4.09,0.69,5.0,0.07,0.07,0.092581,1776198369000
1776198371.234,71.234,0.33,4.09,0.31,5.0,0.4,5.0,0.43,5.0,0.6,5.0,0.57,5.0,0.67,4.09,0.69,5.0,0.07,0.07,0.092581,1776198370000
1776198372.405,72.405,0.33,4.09,0.31,5.0,0.4,5.0,0.43,5.0,0.6,5.0,0.57,5.0,0.67,4.09,0.69,5.0,0.07,0.07,0.092581,1776198371000
1776198372.884,72.884,0.33,4.09,0.31,5.0,0.4,5.0,0.43,5.0,0.6,5.0,0.57,5.0,0.67,4.09,0.69,5.0,0.07,0.07,0.092581,1776198372000
1776198374.133,74.133,0.33,4.09,0.31,5.0,0.4,5.0,0.43,5.0,0.6,5.0,0.57,5.0,0.67,4.09,0.69,5.0,0.07,0.07,0.092581,1776198373000
1776198375.401,75.401,0.33,4.09,0.31,5.0,0.4,5.0,0.43,5.0,0.6,5.0,0.57,5.0,0.67,4.09,0.69,5.0,0.07,0.07,0.092581,1776198374000
1776198376.067,76.067,0.33,4.09,0.31,5.0,0.4,5.0,0.43,5.0,0.6,5.0,0.57,5.0,0.67,4.09,0.69,5.0,0.07,0.07,0.092581,1776198375000
1776198377.216,77.216,0.33,4.09,0.31,5.0,0.4,5.0,0.43,5.0,0.6,5.0,0.57,5.0,0.67,4.09,0.69,5.0,0.07,0.07,0.09258,1776198376000
1776198378.291,78.291,0.33,4.09,0.31,5.0,0.4,5.0,0.43,5.0,0.6,5.0,0.57,5.0,0.67,4.09,0.69,5.0,0.07,0.07,0.092575,1776198377000
1776198378.861,78.861,0.33,4.09,0.31,5.0,0.4,5.0,0.43,5.0,0.6,5.0,0.57,5.0,0.67,4.09,0.69,5.0,0.07,0.07,0.092575,1776198378000
1776198379.975,79.975,0.33,4.09,0.31,5.0,0.4,5.0,0.43,5.0,0.6,5.0,0.57,5.0,0.67,4.09,0.69,5.0,0.07,0.07,0.092573,1776198379000
1776198381.102,81.102,0.33,4.09,0.31,5.0,0.4,5.0,0.43,5.0,0.6,5.0,0.57,5.0,0.67,4.09,0.69,5.0,0.07,0.07,0.092568,1776198380000
1776198382.539,82.539,0.33,4.09,0.31,5.0,0.4,5.0,0.43,5.0,0.6,5.0,0.57,5.0,0.67,4.09,0.69,5.0,0.07,0.07,0.092571,1776198381000
1776198383.02,83.02,0.33,4.09,0.31,5.0,0.4,5.0,0.43,5.0,0.6,5.0,0.57,5.0,0.67,4.09,0.69,5.0,0.07,0.07,0.092573,1776198382000
1776198384.101,84.101,0.33,4.09,0.31,5.0,0.4,5.0,0.43,5.0,0.6,5.0,0.57,5.0,0.67,4.09,0.69,5.0,0.07,0.07,0.092573,1776198383000
1776198385.065,85.065,0.33,4.09,0.31,5.0,0.4,5.0,0.43,5.0,0.6,5.0,0.57,5.0,0.67,4.09,0.69,5.0,0.07,0.07,0.092573,1776198384000
1776198386.155,86.155,0.33,4.09,0.31,5.0,0.4,5.0,0.43,5.0,0.6,5.0,0.57,5.0,0.67,4.09,0.69,5.0,0.07,0.07,0.092573,1776198385000
1776198387.09,87.09,0.33,4.09,0.31,5.0,0.4,5.0,0.43,5.0,0.6,5.0,0.57,5.0,0.67,4.09,0.69,5.0,0.07,0.07,0.092573,1776198386000
1776198388.162,88.162,0.33,4.09,0.31,5.0,0.4,5.0,0.43,5.0,0.6,5.0,0.57,5.0,0.67,4.09,0.69,5.0,0.07,0.07,0.092573,1776198387000
1776198389.175,89.175,0.33,4.09,0.31,5.0,0.4,5.0,0.43,5.0,0.6,5.0,0.57,5.0,0.67,4.09,0.69,5.0,0.07,0.07,0.092573,1776198388000
1776198390.15,90.15,0.33,4.09,0.31,5.0,0.4,5.0,0.43,5.0,0.6,5.0,0.57,5.0,0.67,4.09,0.69,5.0,0.07,0.07,0.092569,1776198389000
1776198391.218,91.218,0.33,4.09,0.31,5.0,0.4,5.0,0.43,5.0,0.6,5.0,0.57,5.0,0.67,4.09,0.69,5.0,0.07,0.07,0.092572,1776198390000
1776198392.276,92.276,0.33,4.09,0.31,5.0,0.4,5.0,0.43,5.0,0.6,5.0,0.57,5.0,0.67,4.09,0.69,5.0,0.07,0.07,0.092572,1776198391000
1776198393.388,93.388,0.33,4.09,0.31,5.0,0.4,5.0,0.43,5.0,0.6,5.0,0.57,5.0,0.67,4.09,0.69,5.0,0.07,0.07,0.092575,1776198392000
1776198394.47,94.47,0.33,4.09,0.31,5.0,0.4,5.0,0.43,5.0,0.6,5.0,0.57,5.0,0.67,4.09,0.69,5.0,0.07,0.07,0.092574,1776198393000
1776198395.053,95.053,0.33,4.09,0.31,5.0,0.4,5.0,0.43,5.0,0.6,5.0,0.57,5.0,0.67,4.09,0.69,5.0,0.07,0.07,0.092574,1776198394000
1776198396.107,96.107,0.33,4.09,0.31,5.0,0.4,5.0,0.43,5.0,0.6,5.0,0.57,5.0,0.67,4.09,0.69,5.0,0.07,0.07,0.092574,1776198395000
1776198397.148,97.148,0.33,4.09,0.31,5.0,0.4,5.0,0.43,5.0,0.6,5.0,0.57,5.0,0.67,4.09,0.69,5.0,0.07,0.07,0.092574,1776198396000
1776198398.197,98.197,0.33,4.09,0.31,5.0,0.4,5.0,0.43,5.0,0.6,5.0,0.57,5.0,0.67,4.09,0.69,5.0,0.07,0.07,0.092572,1776198397000
1776198399.182,99.182,0.37,10.0,0.33,4.09,0.5,28.86,0.51,70.4,0.5,28.86,0.49,70.4,0.63,10.0,0.67,4.09,0.13,0.13,0.092572,1776198398000
1776198400.141,100.141,0.37,10.0,0.33,4.09,0.5,28.86,0.51,70.4,0.5,28.86,0.49,70.4,0.63,10.0,0.67,4.09,0.13,0.13,0.092585,1776198399000
1776198401.18,101.18,0.37,10.0,0.33,4.09,0.5,28.86,0.51,70.4,0.5,28.86,0.49,70.4,0.63,10.0,0.67,4.09,0.13,0.13,0.092597,1776198400000
1776198402.269,102.269,0.37,10.0,0.33,4.09,0.5,28.86,0.51,70.4,0.5,28.86,0.49,70.4,0.63,10.0,0.67,4.09,0.13,0.13,0.092602,1776198401000
1776198403.336,103.336,0.37,10.0,0.33,4.09,0.5,28.86,0.51,70.4,0.5,28.86,0.49,70.4,0.63,10.0,0.67,4.09,0.13,0.13,0.092602,1776198402000
1776198404.403,104.403,0.37,10.0,0.33,4.09,0.5,28.86,0.51,70.4,0.5,28.86,0.49,70.4,0.63,10.0,0.67,4.09,0.13,0.13,0.092601,1776198403000
1776198405.394,105.394,0.37,10.0,0.33,4.09,0.5,28.86,0.51,70.4,0.5,28.86,0.49,70.4,0.63,10.0,0.67,4.09,0.13,0.13,0.092603,1776198404000
1776198405.882,105.882,0.37,10.0,0.33,4.09,0.5,28.86,0.51,70.4,0.5,28.86,0.49,70.4,0.63,10.0,0.67,4.09,0.13,0.13,0.092603,1776198405000
1776198406.888,106.888,0.37,10.0,0.33,4.09,0.5,28.86,0.51,70.4,0.5,28.86,0.49,70.4,0.63,10.0,0.67,4.09,0.13,0.13,0.092602,1776198406000
1776198407.877,107.877,0.37,10.0,0.33,4.09,0.5,28.86,0.51,70.4,0.5,28.86,0.49,70.4,0.63,10.0,0.67,4.09,0.13,0.13,0.092597,1776198407000
1776198408.438,108.438,0.45,0.45,0.37,5.0,0.5,44.26,0.51,60.4,0.5,28.86,0.49,70.4,0.63,10.0,0.67,4.09,0.05,0.13,0.092597,1776198407000
1776198409.491,109.491,0.45,0.45,0.37,5.0,0.5,44.26,0.51,60.4,0.5,44.26,0.49,60.4,0.55,0.45,0.63,5.0,0.05,0.05,0.092604,1776198408000
1776198410.047,110.047,0.45,0.45,0.37,5.0,0.5,44.26,0.51,60.4,0.5,44.26,0.49,60.4,0.55,0.45,0.63,5.0,0.05,0.05,0.092607,1776198409000
1776198410.335,110.335,0.45,0.45,0.37,5.0,0.5,39.26,0.51,60.4,0.5,44.26,0.49,60.4,0.55,0.45,0.63,5.0,0.05,0.05,0.092607,1776198409000
1776198411.0,111.0,0.45,0.45,0.37,5.0,0.5,39.26,0.51,60.4,0.5,39.26,0.49,60.4,0.55,0.45,0.63,5.0,0.05,0.05,0.092607,1776198410000
1776198412.087,112.087,0.45,0.45,0.37,5.0,0.5,39.26,0.51,60.4,0.5,39.26,0.49,60.4,0.55,0.45,0.63,5.0,0.05,0.05,0.092606,1776198411000
1776198413.122,113.122,0.45,0.45,0.37,5.0,0.5,39.26,0.51,60.4,0.5,39.26,0.49,60.4,0.55,0.45,0.63,5.0,0.05,0.05,0.092607,1776198412000
1776198414.07,114.07,0.45,0.45,0.37,5.0,0.5,39.26,0.51,60.4,0.5,39.26,0.49,60.4,0.55,0.45,0.63,5.0,0.05,0.05,0.092602,1776198413000
1776198414.557,114.557,0.37,5.0,0.36,5.0,0.5,39.26,0.51,60.4,0.5,39.26,0.49,60.4,0.55,0.45,0.63,5.0,0.13,0.05,0.092602,1776198413000
1776198414.936,114.936,0.37,5.0,0.36,5.0,0.5,33.14,0.51,60.4,0.5,39.26,0.49,60.4,0.63,5.0,0.64,5.0,0.13,0.13,0.092602,1776198413000
1776198415.175,115.175,0.37,5.0,0.36,5.0,0.5,33.14,0.51,60.4,0.5,33.14,0.49,60.4,0.63,5.0,0.64,5.0,0.13,0.13,0.0926,1776198414000
1776198416.189,116.189,0.37,5.0,0.36,5.0,0.5,33.14,0.51,60.4,0.5,33.14,0.49,60.4,0.63,5.0,0.64,5.0,0.13,0.13,0.092601,1776198415000
1776198417.143,117.143,0.37,5.0,0.36,5.0,0.5,33.14,0.51,60.4,0.5,33.14,0.49,60.4,0.63,5.0,0.64,5.0,0.13,0.13,0.092593,1776198416000
1776198418.149,118.149,0.37,5.0,0.36,5.0,0.5,33.14,0.51,60.4,0.5,33.14,0.49,60.4,0.63,5.0,0.64,5.0,0.13,0.13,0.092593,1776198417000
1776198419.178,119.178,0.37,5.0,0.36,5.0,0.5,33.14,0.51,60.4,0.5,33.14,0.49,60.4,0.63,5.0,0.64,5.0,0.13,0.13,0.092588,1776198418000
1776198420.182,120.182,0.37,5.0,0.36,5.0,0.5,33.14,0.51,60.4,0.5,33.14,0.49,60.4,0.63,5.0,0.64,5.0,0.13,0.13,0.092588,1776198419000
1776198421.221,121.221,0.37,5.0,0.36,5.0,0.5,33.14,0.51,60.4,0.5,33.14,0.49,60.4,0.63,5.0,0.64,5.0,0.13,0.13,0.092588,1776198420000
1776198422.79,122.79,0.37,5.0,0.36,5.0,0.5,33.14,0.51,60.4,0.5,33.14,0.49,60.4,0.63,5.0,0.64,5.0,0.13,0.13,0.092586,1776198421000
1776198423.404,123.404,0.37,5.0,0.36,5.0,0.5,33.14,0.51,60.4,0.5,33.14,0.49,60.4,0.63,5.0,0.64,5.0,0.13,0.13,0.092586,1776198422000
1776198424.303,124.303,0.37,5.0,0.36,5.0,0.5,33.14,0.51,60.4,0.5,33.14,0.49,60.4,0.63,5.0,0.64,5.0,0.13,0.13,0.092586,1776198423000
1776198425.71,125.71,0.37,5.0,0.36,5.0,0.5,33.14,0.51,60.4,0.5,33.14,0.49,60.4,0.63,5.0,0.64,5.0,0.13,0.13,0.092587,1776198424000
1776198426.545,126.545,0.37,5.0,0.36,5.0,0.5,33.14,0.51,60.4,0.5,33.14,0.49,60.4,0.63,5.0,0.64,5.0,0.13,0.13,0.092577,1776198425000
1776198427.088,127.088,0.37,5.0,0.36,5.0,0.5,33.14,0.51,60.4,0.5,33.14,0.49,60.4,0.63,5.0,0.64,5.0,0.13,0.13,0.09257,1776198426000
1776198428.425,128.425,0.37,5.0,0.36,5.0,0.5,33.14,0.51,60.4,0.5,33.14,0.49,60.4,0.63,5.0,0.64,5.0,0.13,0.13,0.092564,1776198427000
1776198428.84,128.84,0.24,10.0,0.2,26.2,0.35,11.4,0.36,16.3,0.5,33.14,0.49,60.4,0.63,5.0,0.64,5.0,0.11,0.13,0.092564,1776198427000
1776198429.075,129.075,0.24,10.0,0.2,26.2,0.35,11.4,0.36,16.3,0.65,11.4,0.64,16.3,0.76,10.0,0.8,26.2,0.11,0.11,0.092563,1776198428000
1776198430.314,130.314,0.24,10.0,0.2,26.2,0.35,11.4,0.36,16.3,0.65,11.4,0.64,16.3,0.76,10.0,0.8,26.2,0.11,0.11,0.092563,1776198429000
1776198431.583,131.583,0.24,10.0,0.2,26.2,0.35,11.4,0.36,16.3,0.65,11.4,0.64,16.3,0.76,10.0,0.8,26.2,0.11,0.11,0.092578,1776198430000
1776198432.199,132.199,0.24,10.0,0.2,26.2,0.35,11.4,0.36,16.3,0.65,11.4,0.64,16.3,0.76,10.0,0.8,26.2,0.11,0.11,0.092607,1776198431000
1776198433.367,133.367,0.24,10.0,0.2,26.2,0.35,11.4,0.36,16.3,0.65,11.4,0.64,16.3,0.76,10.0,0.8,26.2,0.11,0.11,0.092593,1776198432000
1776198434.052,134.052,0.24,10.0,0.2,26.2,0.35,11.4,0.36,16.3,0.65,11.4,0.64,16.3,0.76,10.0,0.8,26.2,0.11,0.11,0.092586,1776198433000
1776198435.301,135.301,0.24,10.0,0.2,26.2,0.35,11.4,0.36,16.3,0.65,11.4,0.64,16.3,0.76,10.0,0.8,26.2,0.11,0.11,0.092587,1776198434000
1776198436.047,136.047,0.24,10.0,0.2,26.2,0.35,11.4,0.36,16.3,0.65,11.4,0.64,16.3,0.76,10.0,0.8,26.2,0.11,0.11,0.092588,1776198435000
1776198437.207,137.207,0.24,10.0,0.2,26.2,0.35,11.4,0.36,16.3,0.65,11.4,0.64,16.3,0.76,10.0,0.8,26.2,0.11,0.11,0.092591,1776198436000
1776198438.622,138.622,0.24,10.0,0.2,26.2,0.35,11.4,0.36,16.3,0.65,11.4,0.64,16.3,0.76,10.0,0.8,26.2,0.11,0.11,0.092585,1776198437000
1776198439.77,139.77,0.24,10.0,0.2,26.2,0.35,11.4,0.36,16.3,0.65,11.4,0.64,16.3,0.76,10.0,0.8,26.2,0.11,0.11,0.092583,1776198438000
1776198440.317,140.317,0.24,10.0,0.2,26.2,0.35,11.4,0.36,16.3,0.65,11.4,0.64,16.3,0.76,10.0,0.8,26.2,0.11,0.11,0.092587,1776198439000
1776198441.241,141.241,0.24,10.0,0.2,26.2,0.35,11.4,0.36,16.3,0.65,11.4,0.64,16.3,0.76,10.0,0.8,26.2,0.11,0.11,0.092587,1776198440000
1776198442.305,142.305,0.24,10.0,0.2,26.2,0.35,11.4,0.36,16.3,0.65,11.4,0.64,16.3,0.76,10.0,0.8,26.2,0.11,0.11,0.092591,1776198441000
1776198443.289,143.289,0.24,10.0,0.2,26.2,0.35,11.4,0.36,16.3,0.65,11.4,0.64,16.3,0.76,10.0,0.8,26.2,0.11,0.11,0.092591,1776198442000
1776198444.324,144.324,0.24,10.0,0.2,26.2,0.35,11.4,0.36,16.3,0.65,11.4,0.64,16.3,0.76,10.0,0.8,26.2,0.11,0.11,0.092589,1776198443000
1776198445.333,145.333,0.24,10.0,0.2,26.2,0.35,11.4,0.36,16.3,0.65,11.4,0.64,16.3,0.76,10.0,0.8,26.2,0.11,0.11,0.092588,1776198444000
1776198446.381,146.381,0.24,10.0,0.2,26.2,0.35,11.4,0.36,16.3,0.65,11.4,0.64,16.3,0.76,10.0,0.8,26.2,0.11,0.11,0.092588,1776198445000
1776198446.819,146.819,0.24,10.0,0.2,26.2,0.35,11.4,0.36,16.3,0.65,11.4,0.64,16.3,0.76,10.0,0.8,26.2,0.11,0.11,0.092588,1776198446000
1776198447.75,147.75,0.29,10.0,0.27,13.2,0.42,13.31,0.43,15.6,0.65,11.4,0.64,16.3,0.76,10.0,0.8,26.2,0.13,0.11,0.092588,1776198446000
1776198448.839,148.839,0.29,10.0,0.27,13.2,0.42,13.31,0.43,15.6,0.58,13.31,0.57,15.6,0.71,10.0,0.73,13.2,0.13,0.13,0.092587,1776198448000
1776198449.906,149.906,0.29,10.0,0.27,13.2,0.42,13.31,0.43,15.6,0.58,13.31,0.57,15.6,0.71,10.0,0.73,13.2,0.13,0.13,0.092587,1776198449000
1776198450.896,150.896,0.29,10.0,0.27,13.2,0.42,13.31,0.43,15.6,0.58,13.31,0.57,15.6,0.71,10.0,0.73,13.2,0.13,0.13,0.092587,1776198450000
1776198451.919,151.919,0.29,10.0,0.27,13.2,0.42,13.31,0.43,15.6,0.58,13.31,0.57,15.6,0.71,10.0,0.73,13.2,0.13,0.13,0.092585,1776198451000
1776198453.846,153.846,0.29,10.0,0.27,13.2,0.42,13.31,0.43,15.6,0.58,13.31,0.57,15.6,0.71,10.0,0.73,13.2,0.13,0.13,0.092598,1776198452000
1776198454.335,154.335,0.29,10.0,0.27,13.2,0.42,13.31,0.43,15.6,0.58,13.31,0.57,15.6,0.71,10.0,0.73,13.2,0.13,0.13,0.092606,1776198453000
1776198455.393,155.393,0.29,10.0,0.27,13.2,0.42,13.31,0.43,15.6,0.58,13.31,0.57,15.6,0.71,10.0,0.73,13.2,0.13,0.13,0.092612,1776198454000
1776198456.026,156.026,0.29,10.0,0.27,13.2,0.42,13.31,0.43,15.6,0.58,13.31,0.57,15.6,0.71,10.0,0.73,13.2,0.13,0.13,0.092612,1776198455000
1776198456.946,156.946,0.29,10.0,0.27,13.2,0.42,13.31,0.43,15.6,0.58,13.31,0.57,15.6,0.71,10.0,0.73,13.2,0.13,0.13,0.092614,1776198456000
1776198458.145,158.145,0.29,10.0,0.27,13.2,0.42,13.31,0.43,15.6,0.58,13.31,0.57,15.6,0.71,10.0,0.73,13.2,0.13,0.13,0.092614,1776198457000
1776198459.271,159.271,0.29,10.0,0.27,13.2,0.42,13.31,0.43,15.6,0.58,13.31,0.57,15.6,0.71,10.0,0.73,13.2,0.13,0.13,0.092615,1776198458000
1776198460.453,160.453,0.29,10.0,0.27,13.2,0.42,13.31,0.43,15.6,0.58,13.31,0.57,15.6,0.71,10.0,0.73,13.2,0.13,0.13,0.092616,1776198459000
1776198461.089,161.089,0.29,10.0,0.27,13.2,0.42,13.31,0.43,15.6,0.58,13.31,0.57,15.6,0.71,10.0,0.73,13.2,0.13,0.13,0.092616,1776198460000
1776198462.261,162.261,0.29,10.0,0.27,13.2,0.42,13.31,0.43,15.6,0.58,13.31,0.57,15.6,0.71,10.0,0.73,13.2,0.13,0.13,0.092612,1776198461000
1776198463.376,163.376,0.29,10.0,0.27,13.2,0.42,13.31,0.43,15.6,0.58,13.31,0.57,15.6,0.71,10.0,0.73,13.2,0.13,0.13,0.092615,1776198462000
1776198464.029,164.029,0.29,10.0,0.27,13.2,0.42,13.31,0.43,15.6,0.58,13.31,0.57,15.6,0.71,10.0,0.73,13.2,0.13,0.13,0.092615,1776198463000
1776198465.126,165.126,0.45,5.0,0.44,5.0,0.55,5.56,0.6,10.0,0.58,13.31,0.57,15.6,0.71,10.0,0.73,13.2,0.1,0.13,0.092615,1776198463000
1776198466.427,166.427,0.45,5.0,0.44,5.0,0.55,5.56,0.6,10.0,0.45,5.56,0.4,10.0,0.55,5.0,0.56,5.0,0.1,0.1,0.092615,1776198465000
1776198467.072,167.072,0.45,5.0,0.44,5.0,0.55,5.56,0.6,10.0,0.45,5.56,0.4,10.0,0.55,5.0,0.56,5.0,0.1,0.1,0.092629,1776198466000
1776198468.309,168.309,0.45,5.0,0.44,5.0,0.55,5.56,0.6,10.0,0.45,5.56,0.4,10.0,0.55,5.0,0.56,5.0,0.1,0.1,0.092633,1776198467000
1776198469.653,169.653,0.45,5.0,0.44,5.0,0.55,5.56,0.6,10.0,0.45,5.56,0.4,10.0,0.55,5.0,0.56,5.0,0.1,0.1,0.092608,1776198468000
1776198470.459,170.459,0.45,5.0,0.44,5.0,0.55,5.56,0.6,10.0,0.45,5.56,0.4,10.0,0.55,5.0,0.56,5.0,0.1,0.1,0.092601,1776198469000
1776198471.114,171.114,0.45,5.0,0.44,5.0,0.55,5.56,0.6,10.0,0.45,5.56,0.4,10.0,0.55,5.0,0.56,5.0,0.1,0.1,0.092596,1776198470000
1776198472.322,172.322,0.45,5.0,0.44,5.0,0.55,5.56,0.6,10.0,0.45,5.56,0.4,10.0,0.55,5.0,0.56,5.0,0.1,0.1,0.092601,1776198471000
1776198473.682,173.682,0.45,5.0,0.44,5.0,0.55,5.56,0.6,10.0,0.45,5.56,0.4,10.0,0.55,5.0,0.56,5.0,0.1,0.1,0.092598,1776198472000
1776198474.233,174.233,0.45,5.0,0.44,5.0,0.55,5.56,0.6,10.0,0.45,5.56,0.4,10.0,0.55,5.0,0.56,5.0,0.1,0.1,0.092601,1776198473000
1776198475.684,175.684,0.45,5.0,0.44,5.0,0.55,5.56,0.6,10.0,0.45,5.56,0.4,10.0,0.55,5.0,0.56,5.0,0.1,0.1,0.092601,1776198474000
1776198476.361,176.361,0.45,5.0,0.44,5.0,0.55,5.56,0.6,10.0,0.45,5.56,0.4,10.0,0.55,5.0,0.56,5.0,0.1,0.1,0.092601,1776198475000
1776198477.043,177.043,0.45,5.0,0.44,5.0,0.55,5.56,0.6,10.0,0.45,5.56,0.4,10.0,0.55,5.0,0.56,5.0,0.1,0.1,0.092601,1776198476000
1776198478.377,178.377,0.45,5.0,0.44,5.0,0.55,5.56,0.6,10.0,0.45,5.56,0.4,10.0,0.55,5.0,0.56,5.0,0.1,0.1,0.092601,1776198477000
1776198478.981,178.981,0.45,5.0,0.44,5.0,0.55,5.56,0.6,10.0,0.45,5.56,0.4,10.0,0.55,5.0,0.56,5.0,0.1,0.1,0.092601,1776198478000
1776198480.255,180.255,0.45,5.0,0.44,5.0,0.55,5.56,0.6,10.0,0.45,5.56,0.4,10.0,0.55,5.0,0.56,5.0,0.1,0.1,0.092603,1776198479000
1776198481.527,181.527,0.45,5.0,0.44,5.0,0.55,5.56,0.6,10.0,0.45,5.56,0.4,10.0,0.55,5.0,0.56,5.0,0.1,0.1,0.092602,1776198480000
1776198482.081,182.081,0.45,5.0,0.44,5.0,0.55,5.56,0.6,10.0,0.45,5.56,0.4,10.0,0.55,5.0,0.56,5.0,0.1,0.1,0.092602,1776198481000
1776198483.554,183.554,0.45,5.0,0.44,5.0,0.55,5.56,0.6,10.0,0.45,5.56,0.4,10.0,0.55,5.0,0.56,5.0,0.1,0.1,0.092619,1776198482000
1776198484.127,184.127,0.45,5.0,0.44,5.0,0.55,5.56,0.6,10.0,0.45,5.56,0.4,10.0,0.55,5.0,0.56,5.0,0.1,0.1,0.092626,1776198483000
1776198485.384,185.384,0.45,5.0,0.44,5.0,0.55,5.56,0.6,10.0,0.45,5.56,0.4,10.0,0.55,5.0,0.56,5.0,0.1,0.1,0.092626,1776198484000
1776198486.079,186.079,0.45,5.0,0.44,5.0,0.55,5.56,0.6,10.0,0.45,5.56,0.4,10.0,0.55,5.0,0.56,5.0,0.1,0.1,0.092623,1776198485000
1776198487.548,187.548,0.45,5.0,0.44,5.0,0.55,5.56,0.6,10.0,0.45,5.56,0.4,10.0,0.55,5.0,0.56,5.0,0.1,0.1,0.09262,1776198486000
1776198488.143,188.143,0.45,5.0,0.44,5.0,0.55,5.56,0.6,10.0,0.45,5.56,0.4,10.0,0.55,5.0,0.56,5.0,0.1,0.1,0.09262,1776198487000
1776198489.334,189.334,0.45,5.0,0.44,5.0,0.55,5.56,0.6,10.0,0.45,5.56,0.4,10.0,0.55,5.0,0.56,5.0,0.1,0.1,0.09262,1776198488000
1776198490.01,190.01,0.45,5.0,0.44,5.0,0.55,5.56,0.6,10.0,0.45,5.56,0.4,10.0,0.55,5.0,0.56,5.0,0.1,0.1,0.092616,1776198489000
1776198491.538,191.538,0.45,5.0,0.44,5.0,0.55,5.56,0.6,10.0,0.45,5.56,0.4,10.0,0.55,5.0,0.56,5.0,0.1,0.1,0.092626,1776198490000
1776198492.212,192.212,0.45,5.0,0.44,5.0,0.55,5.56,0.6,10.0,0.45,5.56,0.4,10.0,0.55,5.0,0.56,5.0,0.1,0.1,0.092626,1776198491000
1776198493.569,193.569,0.45,5.0,0.44,5.0,0.55,5.56,0.6,10.0,0.45,5.56,0.4,10.0,0.55,5.0,0.56,5.0,0.1,0.1,0.092627,1776198492000
1776198494.191,194.191,0.45,5.0,0.44,5.0,0.55,5.56,0.6,10.0,0.45,5.56,0.4,10.0,0.55,5.0,0.56,5.0,0.1,0.1,0.092627,1776198493000
1776198495.587,195.587,0.45,5.0,0.44,5.0,0.55,5.56,0.6,10.0,0.45,5.56,0.4,10.0,0.55,5.0,0.56,5.0,0.1,0.1,0.092629,1776198494000
1776198496.286,196.286,0.45,5.0,0.44,5.0,0.55,5.56,0.6,10.0,0.45,5.56,0.4,10.0,0.55,5.0,0.56,5.0,0.1,0.1,0.092627,1776198495000
1776198497.678,197.678,0.45,5.0,0.44,5.0,0.55,5.56,0.6,10.0,0.45,5.56,0.4,10.0,0.55,5.0,0.56,5.0,0.1,0.1,0.092607,1776198496000
1776198498.298,198.298,0.45,5.0,0.44,5.0,0.55,5.56,0.6,10.0,0.45,5.56,0.4,10.0,0.55,5.0,0.56,5.0,0.1,0.1,0.092607,1776198497000
1776198499.646,199.646,0.45,5.0,0.44,5.0,0.55,5.56,0.6,10.0,0.45,5.56,0.4,10.0,0.55,5.0,0.56,5.0,0.1,0.1,0.092606,1776198498000
1776198500.329,200.329,0.45,5.0,0.44,5.0,0.55,5.56,0.6,10.0,0.45,5.56,0.4,10.0,0.55,5.0,0.56,5.0,0.1,0.1,0.092607,1776198499000
1776198501.786,201.786,0.45,5.0,0.44,5.0,0.55,5.56,0.6,10.0,0.45,5.56,0.4,10.0,0.55,5.0,0.56,5.0,0.1,0.1,0.09261,1776198500000
1776198502.293,202.293,0.36,3.43,0.35,5.0,0.48,10.4,0.49,10.4,0.45,5.56,0.4,10.0,0.55,5.0,0.56,5.0,0.12,0.1,0.09261,1776198500000
1776198502.838,202.838,0.36,3.43,0.35,5.0,0.48,10.4,0.49,10.4,0.52,10.4,0.51,10.4,0.64,3.43,0.65,5.0,0.12,0.12,0.092608,1776198501000
1776198503.364,203.364,0.36,3.43,0.35,5.0,0.48,10.4,0.49,10.4,0.52,10.4,0.51,10.4,0.64,3.43,0.65,5.0,0.12,0.12,0.092608,1776198502000
1776198503.888,203.888,0.36,3.43,0.35,5.0,0.48,10.4,0.49,10.4,0.52,10.4,0.51,10.4,0.64,3.43,0.65,5.0,0.12,0.12,0.092608,1776198503000
1776198504.973,204.973,0.36,3.43,0.35,5.0,0.48,10.4,0.49,10.4,0.52,10.4,0.51,10.4,0.64,3.43,0.65,5.0,0.12,0.12,0.092608,1776198504000
1776198506.077,206.077,0.36,3.43,0.35,5.0,0.48,10.4,0.49,10.4,0.52,10.4,0.51,10.4,0.64,3.43,0.65,5.0,0.12,0.12,0.092605,1776198505000
1776198506.826,206.826,0.31,5.0,0.3,5.0,0.43,10.6,0.44,10.6,0.52,10.4,0.51,10.4,0.64,3.43,0.65,5.0,0.12,0.12,0.092605,1776198505000
1776198507.057,207.057,0.31,5.0,0.3,5.0,0.43,10.6,0.44,10.6,0.57,10.6,0.56,10.6,0.69,5.0,0.7,5.0,0.12,0.12,0.092604,1776198506000
1776198508.184,208.184,0.31,5.0,0.3,5.0,0.43,10.6,0.44,10.6,0.57,10.6,0.56,10.6,0.69,5.0,0.7,5.0,0.12,0.12,0.092605,1776198507000
1776198508.673,208.673,0.31,5.0,0.3,5.0,0.43,5.94,0.44,10.6,0.57,10.6,0.56,10.6,0.69,5.0,0.7,5.0,0.12,0.12,0.092605,1776198507000
1776198509.204,209.204,0.31,5.0,0.3,5.0,0.43,5.94,0.44,10.6,0.57,5.94,0.56,10.6,0.69,5.0,0.7,5.0,0.12,0.12,0.092603,1776198508000
1776198510.339,210.339,0.31,5.0,0.3,5.0,0.43,5.94,0.44,10.6,0.57,5.94,0.56,10.6,0.69,5.0,0.7,5.0,0.12,0.12,0.092606,1776198509000
1776198511.324,211.324,0.42,5.0,0.28,12.9,0.43,0.94,0.44,10.6,0.57,5.94,0.56,10.6,0.69,5.0,0.7,5.0,0.01,0.12,0.092606,1776198509000
1776198512.476,212.476,0.42,5.0,0.28,12.9,0.43,0.94,0.44,10.6,0.57,0.94,0.56,10.6,0.58,5.0,0.72,12.9,0.01,0.01,0.092605,1776198511000
1776198512.944,212.944,0.42,5.0,0.28,12.9,0.43,0.94,0.44,10.6,0.57,0.94,0.56,10.6,0.58,5.0,0.72,12.9,0.01,0.01,0.092605,1776198512000
1776198513.817,213.817,0.27,12.22,0.26,13.5,0.43,0.94,0.44,10.6,0.57,0.94,0.56,10.6,0.58,5.0,0.72,12.9,0.16,0.01,0.092605,1776198512000
1776198514.034,214.034,0.27,12.22,0.26,13.5,0.43,0.94,0.44,10.6,0.57,0.94,0.56,10.6,0.73,12.22,0.74,13.5,0.16,0.16,0.092606,1776198513000
1776198515.072,215.072,0.54,5.0,0.53,5.0,0.63,6.48,0.64,11.3,0.37,6.48,0.36,11.3,0.46,5.0,0.47,5.0,0.09,0.09,0.092606,1776198514000
1776198516.765,216.765,0.54,5.0,0.53,5.0,0.63,6.48,0.64,11.3,0.37,6.48,0.36,11.3,0.46,5.0,0.47,5.0,0.09,0.09,0.092627,1776198515000
1776198517.293,217.293,0.54,5.0,0.53,5.0,0.63,6.48,0.64,11.3,0.37,6.48,0.36,11.3,0.46,5.0,0.47,5.0,0.09,0.09,0.092636,1776198516000
1776198518.464,218.464,0.31,72.2,0.3,12.4,0.61,46.83,0.66,16.6,0.39,46.83,0.34,16.6,0.69,72.2,0.7,12.4,0.3,0.3,0.092637,1776198517000
1776198518.963,218.963,0.31,72.2,0.3,12.4,0.61,46.83,0.66,16.6,0.39,46.83,0.34,16.6,0.69,72.2,0.7,12.4,0.3,0.3,0.092637,1776198518000
1776198520.287,220.287,0.31,72.2,0.3,12.4,0.61,46.83,0.66,16.6,0.39,46.83,0.34,16.6,0.69,72.2,0.7,12.4,0.3,0.3,0.092614,1776198519000
1776198521.357,221.357,0.31,72.2,0.3,12.4,0.61,46.83,0.66,16.6,0.39,46.83,0.34,16.6,0.69,72.2,0.7,12.4,0.3,0.3,0.092615,1776198520000
1776198521.888,221.888,0.31,72.2,0.3,12.4,0.61,46.83,0.66,16.6,0.39,46.83,0.34,16.6,0.69,72.2,0.7,12.4,0.3,0.3,0.092612,1776198521000
1776198523.072,223.072,0.31,72.2,0.3,12.4,0.61,46.83,0.66,16.6,0.39,46.83,0.34,16.6,0.69,72.2,0.7,12.4,0.3,0.3,0.092611,1776198522000
1776198524.153,224.153,0.31,72.2,0.3,12.4,0.61,46.83,0.66,16.6,0.39,46.83,0.34,16.6,0.69,72.2,0.7,12.4,0.3,0.3,0.09261,1776198523000
1776198525.291,225.291,0.31,72.2,0.3,12.4,0.61,46.83,0.66,16.6,0.39,46.83,0.34,16.6,0.69,72.2,0.7,12.4,0.3,0.3,0.092612,1776198524000
1776198525.878,225.878,0.31,72.2,0.3,12.4,0.61,46.83,0.66,16.6,0.39,46.83,0.34,16.6,0.69,72.2,0.7,12.4,0.3,0.3,0.092612,1776198525000
1776198526.985,226.985,0.31,72.2,0.3,12.4,0.61,46.83,0.66,16.6,0.39,46.83,0.34,16.6,0.69,72.2,0.7,12.4,0.3,0.3,0.09261,1776198526000
1776198528.039,228.039,0.31,72.2,0.3,12.4,0.61,46.83,0.66,16.6,0.39,46.83,0.34,16.6,0.69,72.2,0.7,12.4,0.3,0.3,0.09261,1776198527000
1776198528.853,228.853,0.58,5.0,0.41,50.0,0.65,10.25,0.66,11.6,0.36,6.65,0.35,11.4,0.45,5.0,0.59,50.0,0.07,0.09,0.09261,1776198527000
1776198529.072,229.072,0.58,5.0,0.41,50.0,0.65,10.25,0.66,11.6,0.35,10.25,0.34,11.6,0.42,5.0,0.59,50.0,0.07,0.07,0.09262,1776198528000
1776198530.191,230.191,0.58,5.0,0.41,50.0,0.65,10.25,0.66,11.6,0.35,10.25,0.34,11.6,0.42,5.0,0.59,50.0,0.07,0.07,0.092632,1776198529000
1776198531.414,231.414,0.58,5.0,0.41,50.0,0.65,10.25,0.66,11.6,0.35,10.25,0.34,11.6,0.42,5.0,0.59,50.0,0.07,0.07,0.092633,1776198530000
1776198532.009,232.009,0.58,5.0,0.41,50.0,0.65,10.25,0.66,11.6,0.35,10.25,0.34,11.6,0.42,5.0,0.59,50.0,0.07,0.07,0.092632,1776198531000
1776198533.96,233.96,0.58,5.0,0.41,50.0,0.65,10.25,0.66,11.6,0.35,10.25,0.34,11.6,0.42,5.0,0.59,50.0,0.07,0.07,0.092633,1776198532000
1776198534.685,234.685,0.58,5.0,0.41,50.0,0.65,10.25,0.66,11.6,0.35,10.25,0.34,11.6,0.42,5.0,0.59,50.0,0.07,0.07,0.092633,1776198533000
1776198535.574,235.574,0.58,5.0,0.41,50.0,0.65,10.25,0.66,11.6,0.35,10.25,0.34,11.6,0.42,5.0,0.59,50.0,0.07,0.07,0.092633,1776198534000
1776198536.243,236.243,0.58,5.0,0.41,50.0,0.65,10.25,0.66,11.6,0.35,10.25,0.34,11.6,0.42,5.0,0.59,50.0,0.07,0.07,0.092623,1776198535000
1776198537.567,237.567,0.58,5.0,0.41,50.0,0.65,10.25,0.66,11.6,0.35,10.25,0.34,11.6,0.42,5.0,0.59,50.0,0.07,0.07,0.092615,1776198536000
1776198538.247,238.247,0.58,5.0,0.41,50.0,0.65,10.25,0.66,11.6,0.35,10.25,0.34,11.6,0.42,5.0,0.59,50.0,0.07,0.07,0.092615,1776198537000
1776198539.687,239.687,0.58,5.0,0.41,50.0,0.65,10.25,0.66,11.6,0.35,10.25,0.34,11.6,0.42,5.0,0.59,50.0,0.07,0.07,0.092614,1776198538000
1776198540.465,240.465,0.58,5.0,0.41,50.0,0.65,10.25,0.66,11.6,0.35,10.25,0.34,11.6,0.42,5.0,0.59,50.0,0.07,0.07,0.092621,1776198539000
1776198541.13,241.13,0.36,5.0,0.32,11.9,0.41,2.59,0.57,10.6,0.35,10.25,0.34,11.6,0.42,5.0,0.59,50.0,0.05,0.07,0.092621,1776198539000
1776198541.466,241.466,0.41,47.41,0.4,5.0,0.65,10.25,0.66,11.6,0.59,2.59,0.43,10.6,0.64,5.0,0.68,11.9,0.24,0.05,0.09262,1776198540000
1776198542.675,242.675,0.41,47.41,0.4,5.0,0.65,10.25,0.66,11.6,0.35,10.25,0.34,11.6,0.59,47.41,0.6,5.0,0.24,0.24,0.092623,1776198541000
1776198543.518,243.518,0.41,47.41,0.4,5.0,0.65,10.25,0.66,11.6,0.35,10.25,0.34,11.6,0.59,47.41,0.6,5.0,0.24,0.24,0.092639,1776198542000
1776198543.791,243.791,0.51,50.0,0.46,5.0,0.72,11.91,0.73,13.2,0.35,10.25,0.34,11.6,0.59,47.41,0.6,5.0,0.21,0.24,0.092639,1776198542000
1776198544.162,244.162,0.51,50.0,0.46,5.0,0.72,11.91,0.73,13.2,0.28,11.91,0.27,13.2,0.49,50.0,0.54,5.0,0.21,0.21,0.092642,1776198543000
1776198545.73,245.73,0.51,50.0,0.46,5.0,0.72,11.91,0.73,13.2,0.28,11.91,0.27,13.2,0.49,50.0,0.54,5.0,0.21,0.21,0.092641,1776198544000
1776198546.473,246.473,0.51,50.0,0.46,5.0,0.72,11.91,0.73,13.2,0.28,11.91,0.27,13.2,0.49,50.0,0.54,5.0,0.21,0.21,0.092644,1776198545000
1776198547.257,247.257,0.51,50.0,0.46,5.0,0.72,11.91,0.73,13.2,0.28,11.91,0.27,13.2,0.49,50.0,0.54,5.0,0.21,0.21,0.092644,1776198546000
1776198548.449,248.449,0.51,45.54,0.46,15.5,0.73,13.2,0.74,13.5,0.28,11.91,0.27,13.2,0.49,50.0,0.54,5.0,0.22,0.21,0.092644,1776198546000
1776198548.762,248.762,0.51,45.54,0.46,15.5,0.73,13.2,0.74,13.5,0.27,13.2,0.26,13.5,0.49,45.54,0.54,15.5,0.22,0.22,0.092641,1776198547000
1776198549.51,249.51,0.51,45.54,0.46,15.5,0.73,13.2,0.74,13.5,0.27,13.2,0.26,13.5,0.49,45.54,0.54,15.5,0.22,0.22,0.092641,1776198548000
1776198550.878,250.878,0.51,45.54,0.46,15.5,0.73,13.2,0.74,13.5,0.27,13.2,0.26,13.5,0.49,45.54,0.54,15.5,0.22,0.22,0.092647,1776198549000
1776198551.745,251.745,0.51,45.54,0.46,15.5,0.73,13.2,0.74,13.5,0.27,13.2,0.26,13.5,0.49,45.54,0.54,15.5,0.22,0.22,0.092647,1776198550000
1776198552.425,252.425,0.51,45.54,0.46,15.5,0.73,13.2,0.74,13.5,0.27,13.2,0.26,13.5,0.49,45.54,0.54,15.5,0.22,0.22,0.092647,1776198551000
1776198553.02,253.02,0.51,45.54,0.46,15.5,0.73,13.2,0.74,13.5,0.27,13.2,0.26,13.5,0.49,45.54,0.54,15.5,0.22,0.22,0.092653,1776198552000
1776198554.3,254.3,0.51,45.54,0.46,15.5,0.73,13.2,0.74,13.5,0.27,13.2,0.26,13.5,0.49,45.54,0.54,15.5,0.22,0.22,0.092654,1776198553000
1776198555.418,255.418,0.51,45.54,0.46,15.5,0.73,13.2,0.74,13.5,0.27,13.2,0.26,13.5,0.49,45.54,0.54,15.5,0.22,0.22,0.092655,1776198554000
1776198556.162,256.162,0.51,45.54,0.46,15.5,0.73,13.2,0.74,13.5,0.27,13.2,0.26,13.5,0.49,45.54,0.54,15.5,0.22,0.22,0.092656,1776198555000
1776198557.313,257.313,0.51,45.54,0.46,15.5,0.73,13.2,0.74,13.5,0.27,13.2,0.26,13.5,0.49,45.54,0.54,15.5,0.22,0.22,0.092656,1776198556000
1776198558.441,258.441,0.51,45.54,0.46,15.5,0.73,13.2,0.74,13.5,0.27,13.2,0.26,13.5,0.49,45.54,0.54,15.5,0.22,0.22,0.092658,1776198557000
1776198559.175,259.175,0.51,45.54,0.46,15.5,0.73,13.2,0.74,13.5,0.27,13.2,0.26,13.5,0.49,45.54,0.54,15.5,0.22,0.22,0.092658,1776198558000
1776198560.251,260.251,0.51,45.54,0.46,15.5,0.73,13.2,0.74,13.5,0.27,13.2,0.26,13.5,0.49,45.54,0.54,15.5,0.22,0.22,0.092658,1776198559000
1776198561.519,261.519,0.51,45.54,0.46,15.5,0.73,13.2,0.74,13.5,0.27,13.2,0.26,13.5,0.49,45.54,0.54,15.5,0.22,0.22,0.092657,1776198560000
1776198562.115,262.115,0.51,45.54,0.46,15.5,0.73,13.2,0.74,13.5,0.27,13.2,0.26,13.5,0.49,45.54,0.54,15.5,0.22,0.22,0.092656,1776198561000
1776198563.254,263.254,0.51,45.54,0.46,15.5,0.73,13.2,0.74,13.5,0.27,13.2,0.26,13.5,0.49,45.54,0.54,15.5,0.22,0.22,0.092655,1776198562000
1776198564.506,264.506,0.51,45.54,0.46,15.5,0.73,13.2,0.74,13.5,0.27,13.2,0.26,13.5,0.49,45.54,0.54,15.5,0.22,0.22,0.092655,1776198563000
1776198565.048,265.048,0.49,10.4,0.48,10.4,0.57,5.0,0.71,50.0,0.27,13.2,0.26,13.5,0.49,45.54,0.54,15.5,0.08,0.22,0.092655,1776198563000
1776198566.816,266.816,0.49,10.4,0.48,10.4,0.57,5.0,0.71,50.0,0.43,5.0,0.29,50.0,0.51,10.4,0.52,10.4,0.08,0.08,0.092638,1776198565000
1776198567.448,267.448,0.49,10.4,0.48,10.4,0.57,5.0,0.71,50.0,0.43,5.0,0.29,50.0,0.51,10.4,0.52,10.4,0.08,0.08,0.092638,1776198566000
1776198567.95,267.95,0.51,45.0,0.5,20.4,0.71,50.0,0.76,14.3,0.43,5.0,0.29,50.0,0.51,10.4,0.52,10.4,0.2,0.08,0.092638,1776198566000
1776198569.086,269.086,0.51,45.0,0.5,20.4,0.71,50.0,0.76,14.3,0.29,50.0,0.24,14.3,0.49,45.0,0.5,20.4,0.2,0.2,0.09264,1776198568000
1776198570.328,270.328,0.51,45.0,0.5,20.4,0.71,50.0,0.76,14.3,0.29,50.0,0.24,14.3,0.49,45.0,0.5,20.4,0.2,0.2,0.09264,1776198569000
1776198571.411,271.411,0.51,45.0,0.5,20.4,0.71,50.0,0.76,14.3,0.29,50.0,0.24,14.3,0.49,45.0,0.5,20.4,0.2,0.2,0.092636,1776198570000
1776198571.888,271.888,0.51,45.0,0.5,20.4,0.71,50.0,0.76,14.3,0.29,50.0,0.24,14.3,0.49,45.0,0.5,20.4,0.2,0.2,0.092636,1776198571000
1776198572.948,272.948,0.51,45.0,0.5,20.4,0.71,50.0,0.76,14.3,0.29,50.0,0.24,14.3,0.49,45.0,0.5,20.4,0.2,0.2,0.092636,1776198572000
1776198574.031,274.031,0.51,45.0,0.5,20.4,0.71,50.0,0.76,14.3,0.29,50.0,0.24,14.3,0.49,45.0,0.5,20.4,0.2,0.2,0.092628,1776198573000
1776198575.036,275.036,0.51,45.0,0.5,20.4,0.71,50.0,0.76,14.3,0.29,50.0,0.24,14.3,0.49,45.0,0.5,20.4,0.2,0.2,0.092625,1776198574000
1776198576.169,276.169,0.51,45.0,0.5,20.4,0.71,50.0,0.76,14.3,0.29,50.0,0.24,14.3,0.49,45.0,0.5,20.4,0.2,0.2,0.092624,1776198575000
1776198576.38,276.38,0.46,5.0,0.21,50.0,0.51,68.0,0.61,50.0,0.29,50.0,0.24,14.3,0.49,45.0,0.5,20.4,0.05,0.2,0.092624,1776198575000
1776198577.319,277.319,0.46,5.0,0.21,50.0,0.51,68.0,0.61,50.0,0.49,68.0,0.39,50.0,0.54,5.0,0.79,50.0,0.05,0.05,0.092615,1776198576000
1776198578.128,278.128,0.46,2.96,0.21,50.0,0.51,68.0,0.59,5.12,0.49,68.0,0.39,50.0,0.54,5.0,0.79,50.0,0.05,0.05,0.092615,1776198576000
1776198579.389,279.389,0.46,2.96,0.21,50.0,0.51,68.0,0.59,5.12,0.49,68.0,0.41,5.12,0.54,2.96,0.79,50.0,0.05,0.05,0.092615,1776198578000
1776198579.877,279.877,0.46,2.96,0.21,50.0,0.51,68.0,0.59,5.12,0.49,68.0,0.41,5.12,0.54,2.96,0.79,50.0,0.05,0.05,0.092616,1776198579000
1776198581.672,281.672,0.46,2.96,0.21,50.0,0.51,68.0,0.59,5.12,0.49,68.0,0.41,5.12,0.54,2.96,0.79,50.0,0.05,0.05,0.092616,1776198580000
1776198582.941,282.941,0.46,2.96,0.21,50.0,0.51,68.0,0.59,5.12,0.49,68.0,0.41,5.12,0.54,2.96,0.79,50.0,0.05,0.05,0.092615,1776198581000
1776198583.893,283.893,0.46,2.96,0.21,50.0,0.51,68.0,0.59,5.12,0.49,68.0,0.41,5.12,0.54,2.96,0.79,50.0,0.05,0.05,0.092617,1776198582000
1776198584.8,284.8,0.46,2.96,0.21,50.0,0.51,68.0,0.59,5.12,0.49,68.0,0.41,5.12,0.54,2.96,0.79,50.0,0.05,0.05,0.092618,1776198583000
1776198585.595,285.595,0.46,2.96,0.21,50.0,0.51,68.0,0.59,5.12,0.49,68.0,0.41,5.12,0.54,2.96,0.79,50.0,0.05,0.05,0.092621,1776198584000
1776198585.949,285.949,0.31,50.0,0.21,50.0,0.38,37.05,0.61,73.0,0.39,73.0,0.29,50.0,0.54,2.95,0.69,50.0,0.07,0.15,0.092621,1776198584000
1776198586.461,286.461,0.31,50.0,0.21,50.0,0.38,37.05,0.61,73.0,0.62,37.05,0.39,73.0,0.69,50.0,0.79,50.0,0.07,0.07,0.092627,1776198585000
1776198586.778,286.778,0.31,50.0,0.21,50.0,0.38,25.05,0.61,50.0,0.62,37.05,0.39,73.0,0.69,50.0,0.79,50.0,0.07,0.07,0.092627,1776198585000
1776198587.128,287.128,0.31,50.0,0.21,50.0,0.38,25.05,0.61,50.0,0.62,25.05,0.39,50.0,0.69,50.0,0.79,50.0,0.07,0.07,0.092627,1776198586000
1776198588.509,288.509,0.31,50.0,0.21,50.0,0.38,25.05,0.61,50.0,0.62,25.05,0.39,50.0,0.69,50.0,0.79,50.0,0.07,0.07,0.092626,1776198587000
1776198589.11,289.11,0.31,50.0,0.21,50.0,0.38,25.05,0.61,50.0,0.62,25.05,0.39,50.0,0.69,50.0,0.79,50.0,0.07,0.07,0.092623,1776198588000
1776198590.722,290.722,0.31,50.0,0.21,50.0,0.38,25.05,0.61,50.0,0.62,25.05,0.39,50.0,0.69,50.0,0.79,50.0,0.07,0.07,0.092629,1776198589000
1776198591.377,291.377,0.31,50.0,0.21,50.0,0.38,25.05,0.61,50.0,0.62,25.05,0.39,50.0,0.69,50.0,0.79,50.0,0.07,0.07,0.092631,1776198590000
1776198592.074,292.074,0.31,50.0,0.21,50.0,0.38,25.05,0.61,50.0,0.62,25.05,0.39,50.0,0.69,50.0,0.79,50.0,0.07,0.07,0.092631,1776198591000
1776198593.526,293.526,0.31,50.0,0.21,50.0,0.38,25.05,0.61,50.0,0.62,25.05,0.39,50.0,0.69,50.0,0.79,50.0,0.07,0.07,0.09263,1776198592000
1776198594.165,294.165,0.31,50.0,0.21,50.0,0.61,45.13,0.71,50.0,0.62,25.05,0.39,50.0,0.69,50.0,0.79,50.0,0.3,0.07,0.09263,1776198592000
1776198595.512,295.512,0.31,50.0,0.21,50.0,0.61,45.13,0.71,50.0,0.39,45.13,0.29,50.0,0.69,50.0,0.79,50.0,0.3,0.3,0.09263,1776198594000
1776198596.137,296.137,0.31,50.0,0.21,50.0,0.61,45.13,0.71,50.0,0.39,45.13,0.29,50.0,0.69,50.0,0.79,50.0,0.3,0.3,0.092634,1776198595000
1776198597.431,297.431,0.31,50.0,0.21,50.0,0.61,45.13,0.71,50.0,0.39,45.13,0.29,50.0,0.69,50.0,0.79,50.0,0.3,0.3,0.092635,1776198596000
1776198597.982,297.982,0.31,39.0,0.21,50.0,0.71,50.0,0.81,50.0,0.29,50.0,0.19,50.0,0.69,39.0,0.79,50.0,0.4,0.4,0.092634,1776198597000
1776198598.31,298.31,0.41,45.0,0.31,39.0,0.71,50.0,0.81,50.0,0.29,50.0,0.19,50.0,0.69,39.0,0.79,50.0,0.3,0.4,0.092634,1776198597000
1776198598.528,298.528,0.41,45.0,0.31,39.0,0.81,40.34,0.89,11.0,0.19,41.88,0.11,11.0,0.59,45.0,0.69,39.0,0.4,0.4,0.092634,1776198597000
1776198599.231,299.231,0.5,124.68,0.05,5.0,0.59,8.0,0.69,9.0,0.19,40.34,0.11,11.0,0.59,45.0,0.69,39.0,0.09,0.4,0.092634,1776198597000
1776198599.472,299.472,0.5,117.68,0.05,5.0,0.79,10.0,0.89,11.0,0.21,10.0,0.11,11.0,0.5,117.68,0.95,5.0,0.29,0.29,0.092628,1776198598000
1776198600.41,300.41,0.5,117.68,0.05,5.0,0.79,10.0,0.89,11.0,0.21,10.0,0.11,11.0,0.5,117.68,0.95,5.0,0.29,0.29,0.092628,1776198599000
1776198601.001,301.001,0.5,117.68,0.05,5.0,0.79,10.0,0.89,11.0,0.21,10.0,0.11,11.0,0.5,117.68,0.95,5.0,0.29,0.29,0.092628,1776198600000
1776198601.904,301.904,0.5,117.68,0.05,5.0,0.79,10.0,0.89,11.0,0.21,10.0,0.11,11.0,0.5,117.68,0.95,5.0,0.29,0.29,0.092628,1776198601000
1776198602.981,302.981,0.5,117.68,0.05,5.0,0.79,10.0,0.89,11.0,0.21,10.0,0.11,11.0,0.5,117.68,0.95,5.0,0.29,0.29,0.092629,1776198602000

# RESULT,winner=Up,slug=doge-updown-5m-1776198300,ticks=317
