timestamp,elapsed_sec,up_bid_p1,up_bid_s1,up_bid_p2,up_bid_s2,up_ask_p1,up_ask_s1,up_ask_p2,up_ask_s2,down_bid_p1,down_bid_s1,down_bid_p2,down_bid_s2,down_ask_p1,down_ask_s1,down_ask_p2,down_ask_s2,up_spread,down_spread,doge_price,doge_oracle_ts
1776359101.006,1.006,0.51,5.71,0.41,37.0,0.59,37.0,0.6,33.0,0.41,37.0,0.4,33.0,0.49,5.71,0.59,37.0,0.08,0.08,0.096726,1776359100000
1776359104.385,4.385,0.61,5.0,0.6,5.0,0.63,6.86,0.68,5.0,0.41,37.0,0.4,33.0,0.49,5.71,0.59,37.0,0.02,0.08,0.09678,1776359103000
1776359105.851,5.851,0.62,40.0,0.61,5.0,0.63,5.27,0.65,10.0,0.37,6.86,0.32,5.0,0.39,5.0,0.4,5.0,0.01,0.02,0.096782,1776359104000
1776359106.424,6.424,0.62,40.0,0.61,10.0,0.69,15.0,0.73,458.0,0.37,5.27,0.35,10.0,0.38,40.0,0.39,5.0,0.07,0.01,0.096808,1776359105000
1776359107.418,7.418,0.67,5.0,0.66,5.0,0.69,15.0,0.73,8.0,0.31,15.0,0.27,458.0,0.38,40.0,0.39,10.0,0.02,0.07,0.096813,1776359106000
1776359108.01,8.01,0.71,5.0,0.7,5.0,0.73,8.0,0.74,8.0,0.31,15.0,0.27,8.0,0.33,5.0,0.34,5.0,0.02,0.02,0.096813,1776359106000
1776359109.139,9.139,0.73,5.0,0.72,5.0,0.76,8.0,0.77,8.0,0.27,8.0,0.26,8.0,0.31,5.0,0.32,5.0,0.03,0.04,0.09685,1776359107000
1776359110.409,10.409,0.74,5.0,0.73,5.0,0.77,5.0,0.78,13.0,0.24,8.0,0.23,18.0,0.26,5.0,0.27,5.0,0.03,0.02,0.096868,1776359109000
1776359112.148,12.148,0.75,5.0,0.74,5.0,0.77,3.7,0.78,18.0,0.23,5.0,0.22,13.0,0.26,5.0,0.27,5.0,0.02,0.03,0.096875,1776359111000
1776359115.971,15.971,0.7,5.0,0.69,5.0,0.71,3.0,0.72,5.0,0.23,3.7,0.22,18.0,0.25,5.0,0.26,5.0,0.01,0.02,0.09686,1776359115000
1776359119.84,19.84,0.64,4.86,0.63,5.0,0.71,5.0,0.72,5.0,0.29,3.0,0.28,5.0,0.3,5.0,0.31,5.0,0.07,0.01,0.096845,1776359118000
1776359120.315,20.315,0.6,5.0,0.59,5.0,0.63,5.0,0.64,5.0,0.29,5.0,0.28,5.0,0.36,4.86,0.37,5.0,0.03,0.07,0.09684,1776359119000
1776359132.672,32.672,0.55,5.0,0.54,5.0,0.59,3.3,0.6,5.0,0.37,5.0,0.36,5.0,0.4,5.0,0.41,5.0,0.04,0.03,0.096787,1776359131000
1776359133.918,33.918,0.58,2.73,0.57,5.0,0.6,5.0,0.61,5.0,0.41,3.3,0.4,5.0,0.45,5.0,0.46,5.0,0.02,0.04,0.096774,1776359132000
1776359134.216,34.216,0.56,5.0,0.55,5.0,0.58,1.0,0.59,5.0,0.4,5.0,0.39,5.0,0.42,2.73,0.43,5.0,0.02,0.02,0.096774,1776359132000
1776359139.066,39.066,0.58,12.8,0.56,5.0,0.59,5.0,0.6,5.0,0.42,1.0,0.41,5.0,0.44,5.0,0.45,5.0,0.01,0.02,0.096784,1776359137000
1776359141.918,41.918,0.58,7.89,0.52,5.0,0.59,5.0,0.6,5.0,0.41,5.0,0.4,5.0,0.42,12.8,0.44,5.0,0.01,0.01,0.096768,1776359140000
1776359142.205,42.205,0.58,4.08,0.51,10.71,0.59,5.0,0.6,5.0,0.41,5.0,0.4,5.0,0.42,7.89,0.48,5.0,0.01,0.01,0.096772,1776359141000
1776359152.467,52.467,0.69,5.0,0.68,5.0,0.71,5.0,0.72,5.0,0.41,5.0,0.4,5.0,0.42,4.08,0.49,10.71,0.02,0.01,0.096809,1776359151000
1776359152.76,52.76,0.69,5.0,0.68,5.0,0.71,1.11,0.72,5.0,0.29,5.0,0.28,5.0,0.31,5.0,0.32,5.0,0.02,0.02,0.096809,1776359151000
1776359153.645,53.645,0.75,0.52,0.74,5.0,0.76,22.3,0.77,27.7,0.29,1.11,0.28,5.0,0.31,5.0,0.32,5.0,0.01,0.02,0.096822,1776359152000
1776359154.303,54.303,0.75,0.52,0.74,5.0,0.76,4.1,0.77,8.0,0.24,22.3,0.23,27.7,0.25,0.52,0.26,5.0,0.01,0.01,0.096832,1776359153000
1776359156.903,56.903,0.73,5.0,0.72,5.0,0.77,15.82,0.78,33.2,0.24,4.1,0.23,8.0,0.25,0.52,0.26,5.0,0.04,0.01,0.096864,1776359155000
1776359157.459,57.459,0.75,5.0,0.74,5.0,0.77,14.7,0.78,33.2,0.23,15.82,0.22,33.2,0.27,5.0,0.28,5.0,0.02,0.04,0.096868,1776359156000
1776359159.426,59.426,0.76,5.0,0.75,5.0,0.78,23.2,0.79,23.7,0.23,14.7,0.22,33.2,0.25,5.0,0.26,5.0,0.02,0.02,0.096857,1776359158000
1776359159.719,59.719,0.77,5.0,0.76,5.0,0.78,19.3,0.79,23.7,0.22,23.2,0.21,23.7,0.24,5.0,0.25,5.0,0.01,0.02,0.096857,1776359158000
1776359160.021,60.021,0.77,5.0,0.76,5.0,0.78,15.35,0.79,23.7,0.22,19.3,0.21,23.7,0.23,5.0,0.24,5.0,0.01,0.01,0.096857,1776359158000
1776359162.163,62.163,0.7,3.36,0.69,5.0,0.71,5.0,0.72,5.0,0.22,15.35,0.21,23.7,0.23,5.0,0.24,5.0,0.01,0.01,0.096861,1776359160000
1776359163.619,63.619,0.74,5.0,0.73,5.0,0.76,14.3,0.77,14.7,0.29,5.0,0.28,5.0,0.3,3.36,0.31,5.0,0.02,0.01,0.096867,1776359162000
1776359174.996,74.996,0.56,4.19,0.54,5.0,0.62,5.0,0.63,5.0,0.24,14.3,0.23,14.7,0.26,5.0,0.27,5.0,0.06,0.02,0.096811,1776359173000
1776359194.681,94.681,0.67,5.0,0.66,5.0,0.7,4.92,0.71,5.0,0.38,5.0,0.37,5.0,0.44,4.19,0.46,5.0,0.03,0.06,0.096816,1776359192000
1776359195.769,95.769,0.64,5.0,0.63,5.0,0.68,4.85,0.69,5.0,0.3,4.92,0.29,5.0,0.33,5.0,0.34,5.0,0.04,0.03,0.096811,1776359194000
1776359198.09,98.09,0.65,5.0,0.64,5.0,0.67,3.5,0.68,16.75,0.32,4.85,0.31,5.0,0.36,5.0,0.37,5.0,0.02,0.04,0.096804,1776359196000
1776359216.303,116.303,0.68,5.0,0.67,5.0,0.74,5.0,0.76,14.3,0.33,3.5,0.32,16.75,0.35,5.0,0.36,5.0,0.06,0.02,0.096779,1776359214000
1776359221.518,121.518,0.63,5.0,0.62,5.0,0.67,5.0,0.68,5.0,0.26,5.0,0.24,14.3,0.32,5.0,0.33,5.0,0.04,0.06,0.096819,1776359220000
1776359221.825,121.825,0.73,0.7,0.72,5.0,0.74,13.5,0.75,13.9,0.33,5.0,0.32,5.0,0.37,5.0,0.38,5.0,0.01,0.04,0.096819,1776359220000
1776359222.03,122.03,0.71,5.0,0.7,5.0,0.75,13.9,0.76,14.3,0.25,13.9,0.24,14.3,0.28,4.03,0.29,5.0,0.04,0.03,0.096819,1776359220000
1776359222.263,122.263,0.67,5.0,0.66,5.0,0.73,1.0,0.74,5.0,0.25,13.9,0.24,19.3,0.27,3.37,0.28,5.0,0.06,0.02,0.096819,1776359220000
1776359222.572,122.572,0.64,5.0,0.63,5.0,0.66,0.81,0.67,5.0,0.27,1.0,0.26,5.0,0.33,5.0,0.34,5.0,0.02,0.06,0.096815,1776359221000
1776359222.879,122.879,0.66,1.11,0.65,5.0,0.68,5.0,0.69,5.0,0.34,0.81,0.33,5.0,0.36,5.0,0.37,5.0,0.02,0.02,0.096815,1776359221000
1776359224.456,124.456,0.68,5.0,0.67,5.0,0.72,0.2,0.73,14.2,0.32,5.0,0.31,5.0,0.34,1.11,0.35,5.0,0.04,0.02,0.096801,1776359223000
1776359226.287,126.287,0.73,5.0,0.72,5.0,0.75,13.9,0.76,19.3,0.28,0.2,0.27,14.2,0.32,5.0,0.33,5.0,0.02,0.04,0.096791,1776359225000
1776359226.583,126.583,0.73,1.29,0.72,5.0,0.75,13.9,0.76,19.3,0.25,13.9,0.24,19.3,0.27,5.0,0.28,5.0,0.02,0.02,0.096791,1776359225000
1776359229.58,129.58,0.7,5.0,0.69,5.0,0.72,5.0,0.73,5.0,0.25,13.9,0.24,19.3,0.27,1.29,0.28,5.0,0.02,0.02,0.096823,1776359228000
1776359232.952,132.952,0.61,0.11,0.6,5.0,0.63,5.0,0.64,5.0,0.28,5.0,0.27,5.0,0.3,5.0,0.31,5.0,0.02,0.02,0.096804,1776359231000
1776359238.99,138.99,0.51,3.46,0.5,5.0,0.52,5.0,0.53,5.0,0.37,5.0,0.36,5.0,0.39,0.11,0.4,5.0,0.01,0.02,0.096738,1776359237000
1776359240.906,140.906,0.46,5.0,0.4,10.0,0.51,46.54,0.52,53.0,0.48,5.0,0.47,5.0,0.49,3.46,0.5,5.0,0.05,0.01,0.096732,1776359239000
1776359242.552,142.552,0.39,10.0,0.38,5.0,0.41,5.0,0.42,5.0,0.49,46.54,0.48,53.0,0.54,5.0,0.6,10.0,0.02,0.05,0.096724,1776359241000
1776359242.768,142.768,0.4,5.0,0.39,10.0,0.42,5.0,0.43,5.0,0.59,5.0,0.58,5.0,0.61,10.0,0.62,5.0,0.02,0.02,0.096724,1776359241000
1776359243.068,143.068,0.44,0.85,0.43,5.0,0.45,5.0,0.48,5.0,0.58,5.0,0.57,5.0,0.6,5.0,0.61,10.0,0.01,0.02,0.096724,1776359241000
1776359243.397,143.397,0.44,10.0,0.43,5.0,0.45,1.08,0.46,5.0,0.55,5.0,0.53,5.0,0.58,2.23,0.59,5.0,0.01,0.03,0.096702,1776359242000
1776359244.104,144.104,0.44,10.0,0.43,20.0,0.47,5.0,0.48,5.0,0.55,1.08,0.54,5.0,0.56,10.0,0.57,5.0,0.03,0.01,0.096702,1776359242000
1776359245.646,145.646,0.42,5.0,0.4,5.0,0.43,5.0,0.44,5.0,0.53,5.0,0.52,5.0,0.56,10.0,0.57,20.0,0.01,0.03,0.096701,1776359244000
1776359246.328,146.328,0.34,11.6,0.33,11.8,0.36,5.0,0.37,5.0,0.57,5.0,0.56,5.0,0.58,5.0,0.6,5.0,0.02,0.01,0.096724,1776359245000
1776359247.049,147.049,0.35,16.4,0.34,16.6,0.38,5.0,0.39,5.0,0.62,5.0,0.61,5.0,0.63,5.0,0.65,11.4,0.03,0.01,0.096724,1776359245000
1776359250.828,150.828,0.51,10.0,0.5,5.0,0.58,10.0,0.59,5.0,0.62,5.0,0.61,5.0,0.65,16.4,0.66,16.6,0.07,0.03,0.096694,1776359249000
1776359252.672,152.672,0.47,5.0,0.46,15.0,0.48,9.0,0.5,5.0,0.42,10.0,0.41,5.0,0.49,10.0,0.5,5.0,0.01,0.07,0.096728,1776359251000
1776359258.811,158.811,0.45,5.0,0.44,5.0,0.47,5.0,0.48,5.0,0.52,9.0,0.5,5.0,0.53,5.0,0.54,15.0,0.02,0.01,0.096716,1776359257000
1776359259.578,159.578,0.36,5.0,0.35,5.0,0.37,5.0,0.38,5.0,0.53,5.0,0.52,5.0,0.55,5.0,0.56,5.0,0.01,0.02,0.096713,1776359258000
1776359260.81,160.81,0.33,5.0,0.32,5.0,0.34,5.0,0.35,5.0,0.63,5.0,0.62,5.0,0.64,5.0,0.65,5.0,0.01,0.01,0.09671,1776359259000
1776359261.868,161.868,0.28,12.9,0.27,18.2,0.32,5.0,0.33,5.0,0.66,5.0,0.65,5.0,0.67,5.0,0.68,5.0,0.04,0.01,0.09671,1776359260000
1776359266.221,166.221,0.4,3.28,0.39,5.0,0.41,5.0,0.42,5.0,0.68,5.0,0.67,5.0,0.72,12.9,0.73,18.2,0.01,0.04,0.096654,1776359264000
1776359271.917,171.917,0.31,2.68,0.3,5.0,0.33,5.0,0.34,5.0,0.59,5.0,0.58,5.0,0.6,3.28,0.61,5.0,0.02,0.01,0.096647,1776359270000
1776359272.306,172.306,0.3,5.0,0.29,5.0,0.31,3.5,0.32,5.0,0.67,5.0,0.66,5.0,0.69,2.68,0.7,5.0,0.01,0.02,0.09666,1776359271000
1776359283.439,183.439,0.2,5.0,0.1,67.07,0.21,40.0,0.22,10.0,0.69,3.5,0.68,5.0,0.7,5.0,0.71,5.0,0.01,0.01,0.096642,1776359282000
1776359284.645,184.645,0.1,67.07,0.09,42.7,0.14,5.0,0.15,5.0,0.79,40.0,0.78,10.0,0.9,67.07,0.91,42.7,0.04,0.11,0.096641,1776359283000
1776359284.874,184.874,0.13,6.85,0.12,9.0,0.14,5.0,0.15,5.0,0.86,5.0,0.85,5.0,0.9,67.07,0.91,42.7,0.01,0.04,0.096641,1776359283000
1776359287.414,187.414,0.1,55.97,0.09,42.7,0.11,5.0,0.12,5.0,0.86,5.0,0.85,5.0,0.87,6.85,0.88,9.0,0.01,0.01,0.096561,1776359286000
1776359289.568,189.568,0.1,55.97,0.09,47.7,0.26,2.42,0.27,5.0,0.89,5.0,0.88,5.0,0.9,55.97,0.91,42.7,0.16,0.01,0.096563,1776359288000
1776359291.221,191.221,0.19,8.99,0.18,5.0,0.21,5.0,0.22,5.0,0.74,2.42,0.73,5.0,0.9,55.97,0.91,47.7,0.02,0.16,0.096566,1776359289000
1776359302.686,202.686,0.34,3.71,0.3,5.0,0.38,10.0,0.39,5.0,0.79,5.0,0.78,5.0,0.81,8.99,0.82,5.0,0.04,0.02,0.096691,1776359301000
1776359304.367,204.367,0.39,5.0,0.38,5.0,0.47,5.0,0.48,5.0,0.62,10.0,0.61,5.0,0.66,3.71,0.7,5.0,0.08,0.04,0.096688,1776359303000
1776359309.016,209.016,0.53,5.0,0.52,5.0,0.55,26.5,0.56,10.0,0.53,5.0,0.52,5.0,0.61,5.0,0.62,5.0,0.02,0.08,0.096709,1776359307000
1776359310.095,210.095,0.48,3.07,0.47,5.0,0.49,5.0,0.5,5.0,0.45,21.5,0.44,10.0,0.47,5.0,0.48,5.0,0.01,0.02,0.096709,1776359309000
1776359312.914,212.914,0.49,4.7,0.48,8.07,0.52,5.0,0.53,5.0,0.51,5.0,0.5,5.0,0.52,3.07,0.53,5.0,0.03,0.01,0.096719,1776359311000
1776359319.523,219.523,0.51,3.0,0.5,5.0,0.55,21.5,0.58,5.0,0.48,5.0,0.47,5.0,0.51,4.7,0.52,8.07,0.04,0.03,0.096729,1776359318000
1776359326.289,226.289,0.54,4.63,0.53,5.0,0.55,21.5,0.62,10.0,0.45,21.5,0.42,5.0,0.49,3.0,0.5,5.0,0.01,0.04,0.096739,1776359325000
1776359326.584,226.584,0.54,1.08,0.53,5.0,0.55,21.5,0.61,5.0,0.45,21.5,0.38,10.0,0.46,4.63,0.47,5.0,0.01,0.01,0.096739,1776359325000
1776359332.826,232.826,0.54,10.0,0.53,5.0,0.55,18.28,0.66,10.0,0.45,21.5,0.39,5.0,0.46,1.08,0.47,5.0,0.01,0.01,0.096738,1776359331000
1776359333.57,233.57,0.54,10.0,0.53,5.0,0.55,12.03,0.66,10.0,0.45,18.28,0.34,10.0,0.46,10.0,0.47,5.0,0.01,0.01,0.09674,1776359332000
1776359334.336,234.336,0.54,7.82,0.53,15.4,0.55,8.51,0.61,5.0,0.45,8.51,0.34,10.0,0.46,10.0,0.47,5.0,0.01,0.01,0.096758,1776359333000
1776359338.535,238.535,0.54,10.0,0.53,5.0,0.55,3.51,0.62,5.0,0.45,8.51,0.39,5.0,0.46,7.82,0.47,15.4,0.01,0.01,0.096757,1776359337000
1776359340.727,240.727,0.54,62.61,0.53,15.4,0.55,3.51,0.68,5.0,0.45,3.51,0.38,5.0,0.46,10.0,0.47,5.0,0.01,0.01,0.09675,1776359339000
1776359344.276,244.276,0.54,72.5,0.53,15.4,0.72,5.0,0.76,5.0,0.45,3.51,0.32,5.0,0.46,62.61,0.47,15.4,0.18,0.01,0.096756,1776359343000
1776359348.175,248.175,0.65,5.0,0.64,5.0,0.67,7.92,0.68,5.0,0.28,5.0,0.24,5.0,0.46,72.5,0.47,15.4,0.02,0.18,0.096783,1776359347000
1776359348.761,248.761,0.58,5.0,0.57,5.0,0.6,1.06,0.61,5.0,0.33,7.92,0.32,5.0,0.35,5.0,0.36,5.0,0.02,0.02,0.096783,1776359347000
1776359349.238,249.238,0.58,5.0,0.57,5.0,0.6,3.33,0.61,5.0,0.4,1.06,0.39,5.0,0.42,5.0,0.43,5.0,0.02,0.02,0.09677,1776359348000
1776359351.293,251.293,0.77,5.0,0.76,5.0,0.79,20.7,0.8,21.2,0.4,3.33,0.39,5.0,0.42,5.0,0.43,5.0,0.02,0.02,0.096753,1776359350000
1776359351.703,251.703,0.79,3.66,0.78,5.0,0.81,5.26,0.82,17.6,0.21,20.7,0.2,21.2,0.25,3.72,0.26,5.0,0.02,0.04,0.096753,1776359350000
1776359353.92,253.92,0.83,5.0,0.82,5.0,0.85,20.39,0.86,26.6,0.19,5.26,0.18,17.6,0.21,3.66,0.22,5.0,0.02,0.02,0.096771,1776359352000
1776359355.952,255.952,0.84,5.0,0.83,5.0,0.85,15.39,0.86,26.6,0.15,20.39,0.14,26.6,0.17,5.0,0.18,5.0,0.01,0.02,0.09679,1776359354000
1776359356.313,256.313,0.89,5.0,0.88,5.0,0.91,41.61,0.92,47.29,0.15,15.39,0.14,26.6,0.16,5.0,0.17,5.0,0.02,0.01,0.096796,1776359355000
1776359356.607,256.607,0.86,5.0,0.85,5.0,0.87,1.09,0.88,5.0,0.09,41.61,0.08,47.29,0.11,5.0,0.12,5.0,0.01,0.02,0.096796,1776359355000
1776359358.193,258.193,0.9,10.55,0.89,5.0,0.91,30.73,0.92,52.29,0.13,1.09,0.12,5.0,0.14,5.0,0.15,5.0,0.01,0.01,0.096811,1776359357000
1776359359.04,259.04,0.9,10.55,0.89,5.0,0.91,25.73,0.92,47.29,0.09,30.73,0.08,52.29,0.1,10.55,0.11,5.0,0.01,0.01,0.096811,1776359357000
1776359360.909,260.909,0.91,5.0,0.9,10.55,0.92,46.2,0.93,53.9,0.09,25.73,0.08,47.29,0.1,10.55,0.11,5.0,0.01,0.01,0.096818,1776359359000
1776359361.24,261.24,0.81,2.55,0.8,5.0,0.92,46.2,0.93,53.9,0.08,46.2,0.07,53.9,0.09,5.0,0.1,10.55,0.11,0.01,0.096819,1776359360000
1776359361.585,261.585,0.83,5.0,0.82,5.0,0.84,2.79,0.85,5.0,0.08,46.2,0.07,53.9,0.19,2.55,0.2,5.0,0.01,0.11,0.096819,1776359360000
1776359361.88,261.88,0.83,5.0,0.82,5.0,0.9,0.79,0.91,36.7,0.16,2.79,0.15,5.0,0.17,5.0,0.18,5.0,0.07,0.01,0.096819,1776359360000
1776359363.021,263.021,0.9,5.0,0.89,5.0,0.91,24.55,0.92,51.2,0.1,0.79,0.09,36.7,0.17,5.0,0.18,5.0,0.01,0.07,0.096828,1776359361000
1776359364.063,264.063,0.86,5.0,0.85,10.0,0.87,2.25,0.91,24.55,0.09,24.55,0.08,51.2,0.1,5.0,0.11,5.0,0.01,0.01,0.096823,1776359362000
1776359368.549,268.549,0.91,31.0,0.9,5.0,0.92,0.91,0.93,14.0,0.13,2.25,0.09,24.55,0.14,5.0,0.15,10.0,0.01,0.01,0.096817,1776359367000
1776359369.474,269.474,0.91,5.0,0.9,5.0,0.93,29.0,0.94,16.0,0.08,0.91,0.07,14.0,0.09,31.0,0.1,5.0,0.02,0.01,0.09682,1776359368000
1776359370.85,270.85,0.92,5.0,0.91,5.0,0.93,9.0,0.94,16.0,0.07,29.0,0.06,16.0,0.09,5.0,0.1,5.0,0.01,0.02,0.096839,1776359369000
1776359371.83,271.83,0.92,5.0,0.91,5.0,0.93,43.53,0.94,62.1,0.07,9.0,0.06,16.0,0.08,5.0,0.09,5.0,0.01,0.01,0.096835,1776359370000
1776359372.282,272.282,0.92,5.0,0.91,5.0,0.94,12.21,0.95,74.7,0.07,38.53,0.06,62.1,0.08,5.0,0.09,5.0,0.02,0.01,0.096832,1776359371000
1776359372.988,272.988,0.94,10.0,0.93,5.0,0.95,14.0,0.96,92.7,0.06,12.21,0.05,74.7,0.08,5.0,0.09,5.0,0.01,0.02,0.096832,1776359371000
1776359373.366,273.366,0.94,10.0,0.93,5.0,0.95,3.47,0.96,92.7,0.05,14.0,0.04,92.7,0.06,10.0,0.07,5.0,0.01,0.01,0.096816,1776359372000
1776359375.262,275.262,0.94,5.0,0.93,5.0,0.96,25.0,0.97,45.0,0.05,3.47,0.04,92.7,0.06,10.0,0.07,5.0,0.02,0.01,0.096824,1776359374000
1776359375.492,275.492,0.95,5.0,0.94,5.0,0.96,17.64,0.97,45.0,0.04,25.0,0.03,45.0,0.06,5.0,0.07,5.0,0.01,0.02,0.096824,1776359374000
1776359380.093,280.093,0.95,5.0,0.94,5.0,0.99,935.77,,,0.04,17.64,0.03,45.0,0.05,5.0,0.06,5.0,0.04,0.01,0.096824,1776359378000
1776359381.198,281.198,0.98,5.0,0.97,5.0,0.99,31.03,,,0.01,935.77,,,0.05,5.0,0.06,5.0,0.01,0.04,0.096831,1776359380000
1776359381.426,281.426,0.96,5.0,0.95,5.0,0.99,31.03,,,0.01,31.03,,,0.02,5.0,0.03,5.0,0.03,0.01,0.096831,1776359380000
1776359381.944,281.944,0.96,5.0,0.95,5.0,0.98,3.97,0.99,36.03,0.01,31.03,,,0.04,5.0,0.05,5.0,0.02,0.03,0.096831,1776359380000
1776359382.601,282.601,0.97,5.0,0.96,5.0,0.99,31.03,,,0.01,36.03,,,0.04,5.0,0.05,5.0,0.02,0.03,0.096854,1776359381000
1776359382.861,282.861,0.97,5.0,0.96,5.0,0.99,20.93,,,0.01,31.03,,,0.03,5.0,0.04,5.0,0.02,0.02,0.096854,1776359381000
1776359383.226,283.226,0.99,40.16,0.98,5.0,,,,,,,,,0.03,5.0,0.04,5.0,,,0.096854,1776359381000
1776359383.824,283.824,0.98,5.0,0.97,5.0,,,,,,,,,0.01,40.16,0.02,5.0,,,0.096856,1776359382000
1776359385.507,285.507,0.98,5.0,0.97,5.0,,,,,,,,,0.02,5.0,0.03,5.0,,,0.096852,1776359384000

# RESULT,winner=Up,slug=doge-updown-5m-1776359100,ticks=119
