timestamp,elapsed_sec,up_bid_p1,up_bid_s1,up_bid_p2,up_bid_s2,up_ask_p1,up_ask_s1,up_ask_p2,up_ask_s2,down_bid_p1,down_bid_s1,down_bid_p2,down_bid_s2,down_ask_p1,down_ask_s1,down_ask_p2,down_ask_s2,up_spread,down_spread,doge_price,doge_oracle_ts
1776244201.5,1.5,0.33,300.0,0.31,375.0,0.5,5.0,0.67,300.0,0.5,5.0,0.33,300.0,0.67,300.0,0.69,375.0,0.17,0.17,0.093014,1776244200000
1776244201.832,1.832,0.33,300.0,0.31,375.0,0.5,5.0,0.67,300.0,0.5,5.0,0.33,300.0,0.67,300.0,0.69,375.0,0.17,0.17,0.093014,1776244200000
1776244203.016,3.016,0.33,300.0,0.31,375.0,0.5,5.0,0.67,300.0,0.5,5.0,0.33,300.0,0.67,300.0,0.69,375.0,0.17,0.17,0.093017,1776244202000
1776244204.002,4.002,0.33,300.0,0.31,375.0,0.5,5.0,0.67,300.0,0.5,5.0,0.33,300.0,0.67,300.0,0.69,375.0,0.17,0.17,0.093019,1776244203000
1776244205.087,5.087,0.49,5.0,0.48,5.0,0.51,50.0,0.57,5.0,0.49,50.0,0.43,5.0,0.51,5.0,0.52,5.0,0.02,0.02,0.093024,1776244204000
1776244205.585,5.585,0.55,5.0,0.54,5.0,0.57,5.0,0.58,5.0,0.49,50.0,0.43,5.0,0.51,5.0,0.52,5.0,0.02,0.02,0.093024,1776244204000
1776244206.051,6.051,0.55,5.0,0.54,5.0,0.57,5.0,0.58,5.0,0.43,5.0,0.42,5.0,0.45,5.0,0.46,5.0,0.02,0.02,0.093024,1776244205000
1776244207.039,7.039,0.55,5.0,0.54,5.0,0.57,5.0,0.58,5.0,0.43,5.0,0.42,5.0,0.45,5.0,0.46,5.0,0.02,0.02,0.093026,1776244206000
1776244207.985,7.985,0.55,5.0,0.54,5.0,0.57,5.0,0.58,5.0,0.43,5.0,0.42,5.0,0.45,5.0,0.46,5.0,0.02,0.02,0.093026,1776244207000
1776244208.22,8.22,0.55,10.0,0.54,5.0,0.58,5.0,0.59,5.0,0.43,5.0,0.42,5.0,0.45,5.0,0.46,5.0,0.03,0.02,0.093026,1776244207000
1776244209.016,9.016,0.55,10.0,0.54,5.0,0.58,5.0,0.59,5.0,0.42,5.0,0.41,5.0,0.45,10.0,0.46,5.0,0.03,0.03,0.093026,1776244208000
1776244209.99,9.99,0.55,10.0,0.54,5.0,0.58,5.0,0.59,5.0,0.42,5.0,0.41,5.0,0.45,10.0,0.46,5.0,0.03,0.03,0.093031,1776244209000
1776244210.91,10.91,0.55,10.0,0.54,5.0,0.58,5.0,0.59,5.0,0.42,5.0,0.41,5.0,0.45,10.0,0.46,5.0,0.03,0.03,0.093031,1776244210000
1776244212.413,12.413,0.55,10.0,0.54,5.0,0.58,5.0,0.59,5.0,0.42,5.0,0.41,5.0,0.45,10.0,0.46,5.0,0.03,0.03,0.093031,1776244211000
1776244212.976,12.976,0.55,10.0,0.54,5.0,0.58,5.0,0.59,5.0,0.42,5.0,0.41,5.0,0.45,10.0,0.46,5.0,0.03,0.03,0.093031,1776244212000
1776244214.069,14.069,0.55,10.0,0.54,5.0,0.58,5.0,0.59,5.0,0.42,5.0,0.41,5.0,0.45,10.0,0.46,5.0,0.03,0.03,0.09303,1776244213000
1776244215.169,15.169,0.55,10.0,0.54,5.0,0.58,5.0,0.59,5.0,0.42,5.0,0.41,5.0,0.45,10.0,0.46,5.0,0.03,0.03,0.093032,1776244214000
1776244215.874,15.874,0.55,10.0,0.54,5.0,0.58,5.0,0.59,5.0,0.42,5.0,0.41,5.0,0.45,10.0,0.46,5.0,0.03,0.03,0.093032,1776244215000
1776244216.98,16.98,0.55,10.0,0.54,5.0,0.58,5.0,0.59,5.0,0.42,5.0,0.41,5.0,0.45,10.0,0.46,5.0,0.03,0.03,0.093032,1776244216000
1776244217.596,17.596,0.58,5.0,0.57,5.0,0.61,5.0,0.62,5.0,0.42,5.0,0.41,5.0,0.45,10.0,0.46,5.0,0.03,0.03,0.093032,1776244216000
1776244218.15,18.15,0.58,5.0,0.57,5.0,0.61,5.0,0.62,5.0,0.39,5.0,0.38,5.0,0.42,5.0,0.43,5.0,0.03,0.03,0.093032,1776244217000
1776244219.202,19.202,0.58,5.0,0.57,5.0,0.61,5.0,0.62,5.0,0.39,5.0,0.38,5.0,0.42,5.0,0.43,5.0,0.03,0.03,0.093038,1776244218000
1776244220.252,20.252,0.58,5.0,0.57,5.0,0.61,5.0,0.62,5.0,0.39,5.0,0.38,5.0,0.42,5.0,0.43,5.0,0.03,0.03,0.093039,1776244219000
1776244221.326,21.326,0.58,5.0,0.57,5.0,0.61,5.0,0.62,5.0,0.39,5.0,0.38,5.0,0.42,5.0,0.43,5.0,0.03,0.03,0.093039,1776244220000
1776244222.414,22.414,0.58,5.0,0.57,5.0,0.61,5.0,0.62,5.0,0.39,5.0,0.38,5.0,0.42,5.0,0.43,5.0,0.03,0.03,0.093038,1776244221000
1776244223.418,23.418,0.58,5.0,0.57,5.0,0.61,5.0,0.62,5.0,0.39,5.0,0.38,5.0,0.42,5.0,0.43,5.0,0.03,0.03,0.093047,1776244222000
1776244223.915,23.915,0.58,5.0,0.57,5.0,0.61,5.0,0.62,5.0,0.39,5.0,0.38,5.0,0.42,5.0,0.43,5.0,0.03,0.03,0.093047,1776244223000
1776244225.317,25.317,0.58,5.0,0.57,5.0,0.61,5.0,0.62,5.0,0.39,5.0,0.38,5.0,0.42,5.0,0.43,5.0,0.03,0.03,0.093046,1776244224000
1776244225.597,25.597,0.68,5.0,0.67,5.0,0.7,11.0,0.71,10.0,0.39,5.0,0.38,5.0,0.42,5.0,0.43,5.0,0.02,0.03,0.093046,1776244224000
1776244226.397,26.397,0.68,5.0,0.67,5.0,0.7,11.0,0.71,10.0,0.3,11.0,0.29,10.0,0.32,5.0,0.33,5.0,0.02,0.02,0.093047,1776244225000
1776244226.895,26.895,0.68,5.0,0.67,5.0,0.7,11.0,0.71,10.0,0.3,11.0,0.29,10.0,0.32,5.0,0.33,5.0,0.02,0.02,0.093046,1776244226000
1776244227.87,27.87,0.68,5.0,0.67,5.0,0.7,11.0,0.71,10.0,0.3,11.0,0.29,10.0,0.32,5.0,0.33,5.0,0.02,0.02,0.093046,1776244227000
1776244228.927,28.927,0.68,5.0,0.67,5.0,0.7,11.0,0.71,10.0,0.3,11.0,0.29,10.0,0.32,5.0,0.33,5.0,0.02,0.02,0.093045,1776244228000
1776244229.985,29.985,0.68,5.0,0.67,5.0,0.7,11.0,0.71,10.0,0.3,11.0,0.29,10.0,0.32,5.0,0.33,5.0,0.02,0.02,0.093045,1776244229000
1776244231.064,31.064,0.68,5.0,0.67,5.0,0.7,11.0,0.71,10.0,0.3,11.0,0.29,10.0,0.32,5.0,0.33,5.0,0.02,0.02,0.093047,1776244230000
1776244232.034,32.034,0.68,5.0,0.67,5.0,0.7,11.0,0.71,10.0,0.3,11.0,0.29,10.0,0.32,5.0,0.33,5.0,0.02,0.02,0.093046,1776244231000
1776244232.989,32.989,0.68,5.0,0.67,5.0,0.7,11.0,0.71,10.0,0.3,11.0,0.29,10.0,0.32,5.0,0.33,5.0,0.02,0.02,0.093046,1776244232000
1776244233.957,33.957,0.68,5.0,0.67,5.0,0.7,11.0,0.71,10.0,0.3,11.0,0.29,10.0,0.32,5.0,0.33,5.0,0.02,0.02,0.093046,1776244233000
1776244234.224,34.224,0.53,0.18,0.52,5.0,0.56,5.0,0.57,5.0,0.44,5.0,0.43,5.0,0.47,5.0,0.48,5.0,0.03,0.03,0.093046,1776244233000
1776244234.526,34.526,0.51,10.0,0.5,5.0,0.55,4.81,0.56,5.0,0.45,5.0,0.44,5.0,0.48,5.0,0.49,10.0,0.04,0.03,0.093046,1776244233000
1776244234.942,34.942,0.51,10.0,0.5,5.0,0.55,4.81,0.56,5.0,0.45,4.81,0.44,5.0,0.49,10.0,0.5,5.0,0.04,0.04,0.093045,1776244234000
1776244235.962,35.962,0.51,10.0,0.5,5.0,0.55,4.81,0.56,5.0,0.45,4.81,0.44,5.0,0.49,10.0,0.5,5.0,0.04,0.04,0.09304,1776244235000
1776244236.198,36.198,0.55,5.0,0.54,5.0,0.57,5.0,0.58,5.0,0.45,4.81,0.44,5.0,0.49,10.0,0.5,5.0,0.02,0.04,0.09304,1776244235000
1776244236.933,36.933,0.55,5.0,0.54,5.0,0.57,5.0,0.58,5.0,0.43,5.0,0.42,5.0,0.45,5.0,0.46,5.0,0.02,0.02,0.093019,1776244236000
1776244237.839,37.839,0.55,5.0,0.54,5.0,0.57,5.0,0.58,5.0,0.43,5.0,0.42,5.0,0.45,5.0,0.46,5.0,0.02,0.02,0.09302,1776244237000
1776244239.419,39.419,0.57,5.0,0.56,5.0,0.59,11.0,0.6,5.0,0.41,11.0,0.4,5.0,0.43,5.0,0.44,5.0,0.02,0.02,0.093027,1776244238000
1776244240.407,40.407,0.57,5.0,0.56,5.0,0.59,11.0,0.6,5.0,0.41,11.0,0.4,5.0,0.43,5.0,0.44,5.0,0.02,0.02,0.093028,1776244239000
1776244241.434,41.434,0.57,5.0,0.56,5.0,0.59,11.0,0.6,5.0,0.41,11.0,0.4,5.0,0.43,5.0,0.44,5.0,0.02,0.02,0.093027,1776244240000
1776244242.148,42.148,0.57,5.0,0.56,5.0,0.59,11.0,0.6,5.0,0.41,11.0,0.4,5.0,0.43,5.0,0.44,5.0,0.02,0.02,0.093027,1776244241000
1776244243.004,43.004,0.49,1.0,0.48,5.0,0.5,5.0,0.51,5.0,0.5,5.0,0.49,5.0,0.51,1.0,0.52,5.0,0.01,0.01,0.093029,1776244242000
1776244244.251,44.251,0.49,1.0,0.48,5.0,0.5,5.0,0.51,5.0,0.5,5.0,0.49,5.0,0.51,1.0,0.52,5.0,0.01,0.01,0.093025,1776244243000
1776244245.351,45.351,0.49,1.0,0.48,5.0,0.5,5.0,0.51,5.0,0.5,5.0,0.49,5.0,0.51,1.0,0.52,5.0,0.01,0.01,0.09301,1776244244000
1776244245.921,45.921,0.49,1.0,0.48,5.0,0.5,5.0,0.51,5.0,0.5,5.0,0.49,5.0,0.51,1.0,0.52,5.0,0.01,0.01,0.09301,1776244245000
1776244247.112,47.112,0.49,1.0,0.48,5.0,0.5,5.0,0.51,5.0,0.5,5.0,0.49,5.0,0.51,1.0,0.52,5.0,0.01,0.01,0.093011,1776244246000
1776244247.995,47.995,0.52,5.0,0.51,5.0,0.53,3.0,0.54,5.0,0.5,5.0,0.49,5.0,0.51,1.0,0.52,5.0,0.01,0.01,0.093011,1776244246000
1776244248.314,48.314,0.52,5.0,0.51,5.0,0.53,3.0,0.54,5.0,0.47,3.0,0.46,5.0,0.48,5.0,0.49,5.0,0.01,0.01,0.093012,1776244247000
1776244249.522,49.522,0.52,5.0,0.51,5.0,0.53,3.0,0.54,5.0,0.47,3.0,0.46,5.0,0.48,5.0,0.49,5.0,0.01,0.01,0.09302,1776244248000
1776244250.139,50.139,0.52,5.0,0.51,5.0,0.53,3.0,0.54,5.0,0.47,3.0,0.46,5.0,0.48,5.0,0.49,5.0,0.01,0.01,0.09302,1776244249000
1776244251.472,51.472,0.52,5.0,0.51,5.0,0.53,3.0,0.54,5.0,0.47,3.0,0.46,5.0,0.48,5.0,0.49,5.0,0.01,0.01,0.093018,1776244250000
1776244252.143,52.143,0.52,5.0,0.51,5.0,0.53,3.0,0.54,5.0,0.47,3.0,0.46,5.0,0.48,5.0,0.49,5.0,0.01,0.01,0.093018,1776244251000
1776244253.277,53.277,0.52,5.0,0.51,5.0,0.53,3.0,0.54,5.0,0.47,3.0,0.46,5.0,0.48,5.0,0.49,5.0,0.01,0.01,0.093018,1776244252000
1776244254.933,54.933,0.52,5.0,0.51,5.0,0.53,3.0,0.54,5.0,0.47,3.0,0.46,5.0,0.48,5.0,0.49,5.0,0.01,0.01,0.093019,1776244253000
1776244255.928,55.928,0.52,5.0,0.51,5.0,0.53,3.0,0.54,5.0,0.47,3.0,0.46,5.0,0.48,5.0,0.49,5.0,0.01,0.01,0.093018,1776244254000
1776244256.867,56.867,0.52,5.0,0.51,5.0,0.53,3.0,0.54,5.0,0.47,3.0,0.46,5.0,0.48,5.0,0.49,5.0,0.01,0.01,0.093019,1776244255000
1776244257.468,57.468,0.52,5.0,0.51,5.0,0.53,3.0,0.54,5.0,0.47,3.0,0.46,5.0,0.48,5.0,0.49,5.0,0.01,0.01,0.093019,1776244256000
1776244258.088,58.088,0.52,5.0,0.51,5.0,0.53,3.0,0.54,5.0,0.47,3.0,0.46,5.0,0.48,5.0,0.49,5.0,0.01,0.01,0.093019,1776244257000
1776244259.574,59.574,0.52,5.0,0.51,5.0,0.53,3.0,0.54,5.0,0.47,3.0,0.46,5.0,0.48,5.0,0.49,5.0,0.01,0.01,0.093019,1776244258000
1776244260.334,60.334,0.52,5.0,0.51,5.0,0.53,3.0,0.54,5.0,0.47,3.0,0.46,5.0,0.48,5.0,0.49,5.0,0.01,0.01,0.093018,1776244259000
1776244261.822,61.822,0.52,5.0,0.51,5.0,0.53,3.0,0.54,5.0,0.47,3.0,0.46,5.0,0.48,5.0,0.49,5.0,0.01,0.01,0.093017,1776244260000
1776244262.516,62.516,0.52,5.0,0.51,5.0,0.53,3.0,0.54,5.0,0.47,3.0,0.46,5.0,0.48,5.0,0.49,5.0,0.01,0.01,0.093017,1776244261000
1776244263.221,63.221,0.52,5.0,0.51,5.0,0.53,3.0,0.54,5.0,0.47,3.0,0.46,5.0,0.48,5.0,0.49,5.0,0.01,0.01,0.093002,1776244262000
1776244264.584,64.584,0.52,5.0,0.51,5.0,0.53,3.0,0.54,5.0,0.47,3.0,0.46,5.0,0.48,5.0,0.49,5.0,0.01,0.01,0.093,1776244263000
1776244265.356,65.356,0.34,1.0,0.27,5.0,0.35,11.0,0.36,5.0,0.65,11.0,0.64,5.0,0.66,1.0,0.73,5.0,0.01,0.01,0.092997,1776244264000
1776244266.013,66.013,0.34,1.0,0.27,5.0,0.35,11.0,0.36,5.0,0.65,11.0,0.64,5.0,0.66,1.0,0.73,5.0,0.01,0.01,0.092984,1776244265000
1776244267.551,67.551,0.34,1.0,0.27,5.0,0.35,11.0,0.36,5.0,0.65,11.0,0.64,5.0,0.66,1.0,0.73,5.0,0.01,0.01,0.092977,1776244266000
1776244268.163,68.163,0.34,1.0,0.27,5.0,0.35,11.0,0.36,5.0,0.65,11.0,0.64,5.0,0.66,1.0,0.73,5.0,0.01,0.01,0.092974,1776244267000
1776244269.64,69.64,0.34,1.0,0.27,5.0,0.35,11.0,0.36,5.0,0.65,11.0,0.64,5.0,0.66,1.0,0.73,5.0,0.01,0.01,0.092976,1776244268000
1776244270.396,70.396,0.34,1.0,0.27,5.0,0.35,11.0,0.36,5.0,0.65,11.0,0.64,5.0,0.66,1.0,0.73,5.0,0.01,0.01,0.092977,1776244269000
1776244271.206,71.206,0.34,1.0,0.27,5.0,0.35,11.0,0.36,5.0,0.65,11.0,0.64,5.0,0.66,1.0,0.73,5.0,0.01,0.01,0.092978,1776244270000
1776244272.742,72.742,0.34,1.0,0.27,5.0,0.35,11.0,0.36,5.0,0.65,11.0,0.64,5.0,0.66,1.0,0.73,5.0,0.01,0.01,0.092978,1776244271000
1776244273.825,73.825,0.34,1.0,0.27,5.0,0.35,11.0,0.36,5.0,0.65,11.0,0.64,5.0,0.66,1.0,0.73,5.0,0.01,0.01,0.092978,1776244272000
1776244274.311,74.311,0.34,1.0,0.27,5.0,0.35,11.0,0.36,5.0,0.65,11.0,0.64,5.0,0.66,1.0,0.73,5.0,0.01,0.01,0.092978,1776244273000
1776244275.343,75.343,0.34,1.0,0.27,5.0,0.35,11.0,0.36,5.0,0.65,11.0,0.64,5.0,0.66,1.0,0.73,5.0,0.01,0.01,0.092979,1776244274000
1776244275.951,75.951,0.34,1.0,0.27,5.0,0.35,11.0,0.36,5.0,0.65,11.0,0.64,5.0,0.66,1.0,0.73,5.0,0.01,0.01,0.092978,1776244275000
1776244276.873,76.873,0.34,1.0,0.27,5.0,0.35,11.0,0.36,5.0,0.65,11.0,0.64,5.0,0.66,1.0,0.73,5.0,0.01,0.01,0.092984,1776244276000
1776244277.888,77.888,0.34,1.0,0.27,5.0,0.35,11.0,0.36,5.0,0.65,11.0,0.64,5.0,0.66,1.0,0.73,5.0,0.01,0.01,0.092986,1776244277000
1776244278.869,78.869,0.34,1.0,0.27,5.0,0.35,11.0,0.36,5.0,0.65,11.0,0.64,5.0,0.66,1.0,0.73,5.0,0.01,0.01,0.092989,1776244278000
1776244280.252,80.252,0.34,1.0,0.27,5.0,0.35,11.0,0.36,5.0,0.65,11.0,0.64,5.0,0.66,1.0,0.73,5.0,0.01,0.01,0.092982,1776244279000
1776244281.227,81.227,0.34,1.0,0.27,5.0,0.35,11.0,0.36,5.0,0.65,11.0,0.64,5.0,0.66,1.0,0.73,5.0,0.01,0.01,0.092985,1776244280000
1776244282.334,82.334,0.34,1.0,0.27,5.0,0.35,11.0,0.36,5.0,0.65,11.0,0.64,5.0,0.66,1.0,0.73,5.0,0.01,0.01,0.092985,1776244281000
1776244283.304,83.304,0.34,1.0,0.27,5.0,0.35,11.0,0.36,5.0,0.65,11.0,0.64,5.0,0.66,1.0,0.73,5.0,0.01,0.01,0.092984,1776244282000
1776244284.209,84.209,0.34,1.0,0.27,5.0,0.35,11.0,0.36,5.0,0.65,11.0,0.64,5.0,0.66,1.0,0.73,5.0,0.01,0.01,0.09298,1776244283000
1776244285.218,85.218,0.34,1.0,0.27,5.0,0.35,11.0,0.36,5.0,0.65,11.0,0.64,5.0,0.66,1.0,0.73,5.0,0.01,0.01,0.092979,1776244284000
1776244286.612,86.612,0.34,1.0,0.27,5.0,0.35,11.0,0.36,5.0,0.65,11.0,0.64,5.0,0.66,1.0,0.73,5.0,0.01,0.01,0.092975,1776244285000
1776244287.272,87.272,0.34,1.0,0.27,5.0,0.35,11.0,0.36,5.0,0.65,11.0,0.64,5.0,0.66,1.0,0.73,5.0,0.01,0.01,0.092975,1776244286000
1776244288.283,88.283,0.34,1.0,0.27,5.0,0.35,11.0,0.36,5.0,0.65,11.0,0.64,5.0,0.66,1.0,0.73,5.0,0.01,0.01,0.092974,1776244287000
1776244289.31,89.31,0.34,1.0,0.27,5.0,0.35,11.0,0.36,5.0,0.65,11.0,0.64,5.0,0.66,1.0,0.73,5.0,0.01,0.01,0.092976,1776244288000
1776244290.423,90.423,0.34,1.0,0.27,5.0,0.35,11.0,0.36,5.0,0.65,11.0,0.64,5.0,0.66,1.0,0.73,5.0,0.01,0.01,0.092975,1776244289000
1776244290.967,90.967,0.34,1.0,0.27,5.0,0.35,11.0,0.36,5.0,0.65,11.0,0.64,5.0,0.66,1.0,0.73,5.0,0.01,0.01,0.092975,1776244290000
1776244291.922,91.922,0.34,1.0,0.27,5.0,0.35,11.0,0.36,5.0,0.65,11.0,0.64,5.0,0.66,1.0,0.73,5.0,0.01,0.01,0.092975,1776244291000
1776244292.957,92.957,0.34,1.0,0.27,5.0,0.35,11.0,0.36,5.0,0.65,11.0,0.64,5.0,0.66,1.0,0.73,5.0,0.01,0.01,0.092975,1776244292000
1776244294.075,94.075,0.34,1.0,0.27,5.0,0.35,11.0,0.36,5.0,0.65,11.0,0.64,5.0,0.66,1.0,0.73,5.0,0.01,0.01,0.092974,1776244293000
1776244295.144,95.144,0.34,1.0,0.27,5.0,0.35,11.0,0.36,5.0,0.65,11.0,0.64,5.0,0.66,1.0,0.73,5.0,0.01,0.01,0.092971,1776244294000
1776244295.503,95.503,0.26,13.5,0.25,13.9,0.27,5.0,0.28,15.0,0.65,11.0,0.64,5.0,0.66,1.0,0.73,5.0,0.01,0.01,0.092971,1776244294000
1776244296.234,96.234,0.26,13.5,0.25,13.9,0.28,10.62,0.29,20.0,0.72,10.62,0.71,20.0,0.74,13.5,0.75,13.9,0.02,0.02,0.092971,1776244295000
1776244297.287,97.287,0.26,13.5,0.25,13.9,0.28,10.62,0.29,20.0,0.72,10.62,0.71,20.0,0.74,13.5,0.75,13.9,0.02,0.02,0.092972,1776244296000
1776244298.345,98.345,0.26,13.5,0.25,13.9,0.28,10.62,0.29,20.0,0.72,10.62,0.71,20.0,0.74,13.5,0.75,13.9,0.02,0.02,0.092972,1776244297000
1776244298.934,98.934,0.26,13.5,0.25,13.9,0.28,10.62,0.29,20.0,0.72,10.62,0.71,20.0,0.74,13.5,0.75,13.9,0.02,0.02,0.092972,1776244298000
1776244300.51,100.51,0.26,13.5,0.25,13.9,0.28,10.62,0.29,20.0,0.72,10.62,0.71,20.0,0.74,13.5,0.75,13.9,0.02,0.02,0.092946,1776244299000
1776244301.149,101.149,0.26,13.5,0.25,13.9,0.28,10.62,0.29,20.0,0.72,10.62,0.71,20.0,0.74,13.5,0.75,13.9,0.02,0.02,0.092942,1776244300000
1776244302.149,102.149,0.16,19.3,0.15,20.39,0.18,5.0,0.19,5.0,0.82,5.0,0.81,5.0,0.84,19.3,0.85,20.39,0.02,0.02,0.092941,1776244301000
1776244303.315,103.315,0.16,19.3,0.15,20.39,0.18,5.0,0.19,5.0,0.82,5.0,0.81,5.0,0.84,19.3,0.85,20.39,0.02,0.02,0.092941,1776244302000
1776244304.298,104.298,0.15,20.39,0.14,26.6,0.17,5.0,0.18,5.0,0.83,5.0,0.82,5.0,0.85,20.39,0.86,26.6,0.02,0.02,0.092941,1776244303000
1776244305.412,105.412,0.15,20.39,0.14,26.6,0.17,5.0,0.18,5.0,0.83,5.0,0.82,5.0,0.85,20.39,0.86,26.6,0.02,0.02,0.092941,1776244304000
1776244306.015,106.015,0.15,20.39,0.14,26.6,0.17,5.0,0.18,5.0,0.83,5.0,0.82,5.0,0.85,20.39,0.86,26.6,0.02,0.02,0.092941,1776244305000
1776244306.351,106.351,0.14,11.57,0.13,28.0,0.15,5.0,0.16,5.0,0.83,5.0,0.82,5.0,0.85,20.39,0.86,26.6,0.01,0.02,0.092941,1776244305000
1776244307.079,107.079,0.14,11.57,0.13,28.0,0.15,5.0,0.16,5.0,0.85,5.0,0.84,5.0,0.86,11.57,0.87,28.0,0.01,0.01,0.092941,1776244306000
1776244307.372,107.372,0.14,11.57,0.13,28.0,0.16,2.81,0.17,5.0,0.85,5.0,0.84,5.0,0.86,11.57,0.87,28.0,0.02,0.01,0.092941,1776244306000
1776244308.163,108.163,0.14,11.57,0.13,28.0,0.16,2.81,0.17,5.0,0.84,2.81,0.83,5.0,0.86,11.57,0.87,28.0,0.02,0.02,0.092942,1776244307000
1776244308.618,108.618,0.1,33.9,0.09,36.7,0.12,5.0,0.13,5.0,0.84,2.81,0.83,5.0,0.86,11.57,0.87,28.0,0.02,0.02,0.092942,1776244307000
1776244309.193,109.193,0.1,33.9,0.09,36.7,0.12,5.0,0.13,5.0,0.88,5.0,0.87,5.0,0.9,33.9,0.91,36.7,0.02,0.02,0.092942,1776244308000
1776244310.189,110.189,0.1,33.9,0.09,36.7,0.12,5.0,0.13,5.0,0.88,5.0,0.87,5.0,0.9,33.9,0.91,36.7,0.02,0.02,0.09293,1776244309000
1776244311.236,111.236,0.1,33.9,0.09,36.7,0.12,5.0,0.13,5.0,0.88,5.0,0.87,5.0,0.9,33.9,0.91,36.7,0.02,0.02,0.092931,1776244310000
1776244312.28,112.28,0.1,33.9,0.09,36.7,0.12,5.0,0.13,5.0,0.88,5.0,0.87,5.0,0.9,33.9,0.91,36.7,0.02,0.02,0.092934,1776244311000
1776244312.5,112.5,0.09,5.0,0.08,40.29,0.11,5.0,0.12,5.0,0.88,5.0,0.87,5.0,0.9,33.9,0.91,36.7,0.02,0.02,0.092934,1776244311000
1776244313.034,113.034,0.14,5.0,0.13,5.0,0.16,11.0,0.17,5.0,0.89,5.0,0.88,5.0,0.91,5.0,0.92,40.29,0.02,0.02,0.092934,1776244311000
1776244313.354,113.354,0.14,5.0,0.13,5.0,0.16,11.0,0.17,5.0,0.84,11.0,0.83,5.0,0.86,5.0,0.87,5.0,0.02,0.02,0.092931,1776244312000
1776244314.617,114.617,0.14,5.0,0.13,5.0,0.16,11.0,0.17,5.0,0.84,11.0,0.83,5.0,0.86,5.0,0.87,5.0,0.02,0.02,0.092922,1776244313000
1776244315.085,115.085,0.14,5.0,0.13,5.0,0.16,11.0,0.17,5.0,0.84,11.0,0.83,5.0,0.86,5.0,0.87,5.0,0.02,0.02,0.092933,1776244314000
1776244321.458,121.458,0.14,5.0,0.13,5.0,0.16,13.0,0.18,5.0,0.84,11.0,0.83,5.0,0.86,5.0,0.87,5.0,0.02,0.02,0.092933,1776244314000
1776244321.829,121.829,0.15,10.0,0.14,5.0,0.16,8.0,0.24,5.0,0.84,13.0,0.82,5.0,0.86,5.0,0.87,5.0,0.01,0.02,0.092933,1776244314000
1776244323.189,123.189,0.21,5.0,0.2,5.0,0.24,5.0,0.25,5.0,0.84,8.0,0.76,5.0,0.85,10.0,0.86,5.0,0.03,0.01,0.092933,1776244314000
1776244323.695,123.695,0.21,2.49,0.2,5.0,0.22,11.0,0.23,5.0,0.76,5.0,0.75,5.0,0.79,5.0,0.8,5.0,0.01,0.03,0.092927,1776244322000
1776244324.008,124.008,0.21,2.49,0.2,5.0,0.22,11.0,0.23,5.0,0.78,11.0,0.77,5.0,0.79,2.49,0.8,5.0,0.01,0.01,0.092955,1776244323000
1776244324.236,124.236,0.23,4.74,0.22,10.0,0.26,5.0,0.27,5.0,0.78,11.0,0.77,5.0,0.79,2.49,0.8,5.0,0.03,0.01,0.092955,1776244323000
1776244325.078,125.078,0.23,4.74,0.22,10.0,0.26,5.0,0.27,5.0,0.74,5.0,0.73,5.0,0.77,4.74,0.78,10.0,0.03,0.03,0.092958,1776244324000
1776244326.151,126.151,0.23,4.74,0.22,10.0,0.26,5.0,0.27,5.0,0.74,5.0,0.73,5.0,0.77,4.74,0.78,10.0,0.03,0.03,0.092971,1776244325000
1776244326.413,126.413,0.22,11.0,0.21,52.49,0.24,5.0,0.25,5.0,0.74,5.0,0.73,5.0,0.77,4.74,0.78,10.0,0.02,0.03,0.092971,1776244325000
1776244327.351,127.351,0.22,11.0,0.21,52.49,0.24,5.0,0.25,5.0,0.76,5.0,0.75,5.0,0.78,11.0,0.79,52.49,0.02,0.02,0.092974,1776244326000
1776244327.863,127.863,0.22,11.0,0.21,52.49,0.24,5.0,0.25,5.0,0.76,5.0,0.75,5.0,0.78,11.0,0.79,52.49,0.02,0.02,0.092973,1776244327000
1776244328.499,128.499,0.26,10.0,0.25,5.0,0.28,0.62,0.29,5.0,0.76,5.0,0.75,5.0,0.78,11.0,0.79,52.49,0.02,0.02,0.092973,1776244327000
1776244329.565,129.565,0.26,10.0,0.25,5.0,0.28,0.62,0.29,5.0,0.72,0.62,0.71,5.0,0.74,10.0,0.75,5.0,0.02,0.02,0.092973,1776244328000
1776244330.407,130.407,0.26,10.0,0.25,5.0,0.28,0.62,0.29,5.0,0.72,0.62,0.71,5.0,0.74,10.0,0.75,5.0,0.02,0.02,0.092973,1776244329000
1776244330.92,130.92,0.26,10.0,0.25,5.0,0.28,0.62,0.29,5.0,0.72,0.62,0.71,5.0,0.74,10.0,0.75,5.0,0.02,0.02,0.092977,1776244330000
1776244332.344,132.344,0.26,10.0,0.25,5.0,0.28,0.62,0.29,5.0,0.72,0.62,0.71,5.0,0.74,10.0,0.75,5.0,0.02,0.02,0.092987,1776244331000
1776244333.041,133.041,0.3,5.0,0.29,22.6,0.32,5.0,0.33,5.0,0.68,5.0,0.67,5.0,0.7,5.0,0.71,22.6,0.02,0.02,0.092985,1776244332000
1776244334.319,134.319,0.3,5.0,0.29,22.6,0.32,5.0,0.33,5.0,0.68,5.0,0.67,5.0,0.7,5.0,0.71,22.6,0.02,0.02,0.092982,1776244333000
1776244335.114,135.114,0.3,5.0,0.29,22.6,0.32,5.0,0.33,5.0,0.68,5.0,0.67,5.0,0.7,5.0,0.71,22.6,0.02,0.02,0.092982,1776244334000
1776244335.447,135.447,0.28,6.0,0.27,5.0,0.3,5.0,0.31,5.0,0.68,5.0,0.67,5.0,0.7,5.0,0.71,22.6,0.02,0.02,0.092982,1776244334000
1776244336.459,136.459,0.28,6.0,0.27,5.0,0.3,5.0,0.31,5.0,0.7,5.0,0.69,5.0,0.72,6.0,0.73,5.0,0.02,0.02,0.09298,1776244335000
1776244337.173,137.173,0.28,6.0,0.27,5.0,0.3,5.0,0.31,5.0,0.7,5.0,0.69,5.0,0.72,6.0,0.73,5.0,0.02,0.02,0.092978,1776244336000
1776244338.607,138.607,0.28,6.0,0.27,5.0,0.3,5.0,0.31,5.0,0.7,5.0,0.69,5.0,0.72,6.0,0.73,5.0,0.02,0.02,0.092977,1776244337000
1776244339.259,139.259,0.28,6.0,0.27,5.0,0.3,5.0,0.31,5.0,0.7,5.0,0.69,5.0,0.72,6.0,0.73,5.0,0.02,0.02,0.092977,1776244338000
1776244340.784,140.784,0.28,6.0,0.27,5.0,0.3,5.0,0.31,5.0,0.7,5.0,0.69,5.0,0.72,6.0,0.73,5.0,0.02,0.02,0.092981,1776244339000
1776244341.362,141.362,0.28,6.0,0.27,5.0,0.3,5.0,0.31,5.0,0.7,5.0,0.69,5.0,0.72,6.0,0.73,5.0,0.02,0.02,0.092982,1776244340000
1776244342.056,142.056,0.28,6.0,0.27,5.0,0.3,5.0,0.31,5.0,0.7,5.0,0.69,5.0,0.72,6.0,0.73,5.0,0.02,0.02,0.092982,1776244341000
1776244343.411,143.411,0.28,6.0,0.27,5.0,0.3,5.0,0.31,5.0,0.7,5.0,0.69,5.0,0.72,6.0,0.73,5.0,0.02,0.02,0.092981,1776244342000
1776244344.07,144.07,0.28,6.0,0.27,5.0,0.3,5.0,0.31,5.0,0.7,5.0,0.69,5.0,0.72,6.0,0.73,5.0,0.02,0.02,0.092981,1776244343000
1776244345.508,145.508,0.28,6.0,0.27,5.0,0.3,5.0,0.31,5.0,0.7,5.0,0.69,5.0,0.72,6.0,0.73,5.0,0.02,0.02,0.092982,1776244344000
1776244346.614,146.614,0.28,6.0,0.27,5.0,0.3,5.0,0.31,5.0,0.7,5.0,0.69,5.0,0.72,6.0,0.73,5.0,0.02,0.02,0.092981,1776244345000
1776244347.131,147.131,0.28,6.0,0.27,5.0,0.3,5.0,0.31,5.0,0.7,5.0,0.69,5.0,0.72,6.0,0.73,5.0,0.02,0.02,0.092982,1776244346000
1776244347.461,147.461,0.35,2.34,0.34,10.0,0.36,5.0,0.37,5.0,0.7,5.0,0.69,5.0,0.72,6.0,0.73,5.0,0.01,0.02,0.092982,1776244346000
1776244348.24,148.24,0.35,2.34,0.34,10.0,0.36,5.0,0.37,5.0,0.64,5.0,0.63,5.0,0.65,2.34,0.66,10.0,0.01,0.01,0.092988,1776244347000
1776244349.298,149.298,0.35,2.34,0.34,10.0,0.36,5.0,0.37,5.0,0.64,5.0,0.63,5.0,0.65,2.34,0.66,10.0,0.01,0.01,0.092993,1776244348000
1776244350.352,150.352,0.35,2.34,0.34,10.0,0.36,5.0,0.37,5.0,0.64,5.0,0.63,5.0,0.65,2.34,0.66,10.0,0.01,0.01,0.092997,1776244349000
1776244350.974,150.974,0.35,2.34,0.34,10.0,0.36,5.0,0.37,5.0,0.64,5.0,0.63,5.0,0.65,2.34,0.66,10.0,0.01,0.01,0.092997,1776244350000
1776244352.059,152.059,0.35,2.34,0.34,10.0,0.36,5.0,0.37,5.0,0.64,5.0,0.63,5.0,0.65,2.34,0.66,10.0,0.01,0.01,0.092998,1776244351000
1776244353.05,153.05,0.35,2.34,0.34,10.0,0.36,5.0,0.37,5.0,0.64,5.0,0.63,5.0,0.65,2.34,0.66,10.0,0.01,0.01,0.092996,1776244352000
1776244354.172,154.172,0.35,2.34,0.34,10.0,0.36,5.0,0.37,5.0,0.64,5.0,0.63,5.0,0.65,2.34,0.66,10.0,0.01,0.01,0.092995,1776244353000
1776244355.149,155.149,0.35,2.34,0.34,10.0,0.36,5.0,0.37,5.0,0.64,5.0,0.63,5.0,0.65,2.34,0.66,10.0,0.01,0.01,0.092995,1776244354000
1776244356.216,156.216,0.35,2.34,0.34,10.0,0.36,5.0,0.37,5.0,0.64,5.0,0.63,5.0,0.65,2.34,0.66,10.0,0.01,0.01,0.092995,1776244355000
1776244357.251,157.251,0.35,2.34,0.34,10.0,0.36,5.0,0.37,5.0,0.64,5.0,0.63,5.0,0.65,2.34,0.66,10.0,0.01,0.01,0.092996,1776244356000
1776244358.219,158.219,0.35,2.34,0.34,10.0,0.36,5.0,0.37,5.0,0.64,5.0,0.63,5.0,0.65,2.34,0.66,10.0,0.01,0.01,0.093003,1776244357000
1776244359.244,159.244,0.35,2.34,0.34,10.0,0.36,5.0,0.37,5.0,0.64,5.0,0.63,5.0,0.65,2.34,0.66,10.0,0.01,0.01,0.093004,1776244358000
1776244360.173,160.173,0.35,2.34,0.34,10.0,0.36,5.0,0.37,5.0,0.64,5.0,0.63,5.0,0.65,2.34,0.66,10.0,0.01,0.01,0.093009,1776244359000
1776244361.247,161.247,0.35,2.34,0.34,10.0,0.36,5.0,0.37,5.0,0.64,5.0,0.63,5.0,0.65,2.34,0.66,10.0,0.01,0.01,0.093009,1776244360000
1776244362.28,162.28,0.35,2.34,0.34,10.0,0.36,5.0,0.37,5.0,0.64,5.0,0.63,5.0,0.65,2.34,0.66,10.0,0.01,0.01,0.093009,1776244361000
1776244363.125,163.125,0.47,8.0,0.46,5.0,0.49,5.0,0.5,5.0,0.64,5.0,0.63,5.0,0.65,2.34,0.66,10.0,0.02,0.01,0.093009,1776244361000
1776244364.392,164.392,0.47,8.0,0.46,5.0,0.49,5.0,0.5,5.0,0.51,5.0,0.5,5.0,0.53,8.0,0.54,5.0,0.02,0.02,0.093015,1776244363000
1776244364.927,164.927,0.47,8.0,0.46,5.0,0.49,5.0,0.5,5.0,0.51,5.0,0.5,5.0,0.53,8.0,0.54,5.0,0.02,0.02,0.093015,1776244364000
1776244365.225,165.225,0.4,5.0,0.39,5.0,0.42,5.0,0.43,5.0,0.51,5.0,0.5,5.0,0.53,8.0,0.54,5.0,0.02,0.02,0.093015,1776244364000
1776244365.981,165.981,0.4,5.0,0.39,5.0,0.42,5.0,0.43,5.0,0.58,5.0,0.57,5.0,0.6,5.0,0.61,5.0,0.02,0.02,0.093014,1776244365000
1776244366.96,166.96,0.4,5.0,0.39,5.0,0.42,5.0,0.43,5.0,0.58,5.0,0.57,5.0,0.6,5.0,0.61,5.0,0.02,0.02,0.093008,1776244366000
1776244367.269,167.269,0.4,11.0,0.39,5.0,0.42,5.0,0.43,5.0,0.58,5.0,0.57,5.0,0.6,5.0,0.61,5.0,0.02,0.02,0.093008,1776244366000
1776244368.012,168.012,0.4,11.0,0.39,5.0,0.42,5.0,0.43,5.0,0.58,5.0,0.57,5.0,0.6,11.0,0.61,5.0,0.02,0.02,0.093008,1776244367000
1776244369.024,169.024,0.4,11.0,0.39,5.0,0.42,5.0,0.43,5.0,0.58,5.0,0.57,5.0,0.6,11.0,0.61,5.0,0.02,0.02,0.093006,1776244368000
1776244370.032,170.032,0.4,11.0,0.39,5.0,0.42,5.0,0.43,5.0,0.58,5.0,0.57,5.0,0.6,11.0,0.61,5.0,0.02,0.02,0.093005,1776244369000
1776244371.023,171.023,0.41,5.0,0.4,54.0,0.55,5.06,0.65,16.4,0.58,5.0,0.57,5.0,0.6,11.0,0.61,5.0,0.14,0.02,0.093005,1776244369000
1776244372.114,172.114,0.41,5.0,0.4,54.0,0.65,16.11,0.66,11.6,0.35,16.11,0.34,11.6,0.59,5.0,0.6,54.0,0.24,0.24,0.093004,1776244371000
1776244372.352,172.352,0.58,4.0,0.55,5.0,0.63,6.0,0.64,5.0,0.35,16.11,0.34,11.6,0.59,5.0,0.6,54.0,0.05,0.24,0.093004,1776244371000
1776244373.616,173.616,0.58,4.0,0.55,5.0,0.63,6.0,0.64,5.0,0.37,6.0,0.36,5.0,0.42,4.0,0.45,5.0,0.05,0.05,0.093021,1776244372000
1776244374.105,174.105,0.58,4.0,0.55,5.0,0.63,6.0,0.64,5.0,0.37,6.0,0.36,5.0,0.42,4.0,0.45,5.0,0.05,0.05,0.093022,1776244373000
1776244375.192,175.192,0.58,4.0,0.55,5.0,0.63,6.0,0.64,5.0,0.37,6.0,0.36,5.0,0.42,4.0,0.45,5.0,0.05,0.05,0.093024,1776244374000
1776244376.035,176.035,0.64,5.0,0.63,5.0,0.68,6.0,0.76,19.3,0.37,6.0,0.36,5.0,0.42,4.0,0.45,5.0,0.04,0.05,0.093024,1776244374000
1776244376.544,176.544,0.66,5.0,0.65,5.0,0.68,12.0,0.76,19.3,0.32,6.0,0.24,19.3,0.36,5.0,0.37,5.0,0.02,0.04,0.093023,1776244375000
1776244377.258,177.258,0.66,5.0,0.65,5.0,0.68,12.0,0.76,19.3,0.32,12.0,0.24,19.3,0.34,5.0,0.35,5.0,0.02,0.02,0.093036,1776244376000
1776244378.338,178.338,0.66,5.0,0.65,5.0,0.68,12.0,0.76,19.3,0.32,12.0,0.24,19.3,0.34,5.0,0.35,5.0,0.02,0.02,0.093039,1776244377000
1776244378.909,178.909,0.66,5.0,0.65,5.0,0.68,12.0,0.76,19.3,0.32,12.0,0.24,19.3,0.34,5.0,0.35,5.0,0.02,0.02,0.093038,1776244378000
1776244379.976,179.976,0.66,5.0,0.65,5.0,0.68,12.0,0.76,19.3,0.32,12.0,0.24,19.3,0.34,5.0,0.35,5.0,0.02,0.02,0.093036,1776244379000
1776244381.059,181.059,0.66,5.0,0.65,5.0,0.68,12.0,0.76,19.3,0.32,12.0,0.24,19.3,0.34,5.0,0.35,5.0,0.02,0.02,0.093042,1776244380000
1776244382.179,182.179,0.76,5.0,0.75,10.0,0.85,20.39,0.86,21.6,0.32,12.0,0.24,19.3,0.34,5.0,0.35,5.0,0.09,0.02,0.093042,1776244380000
1776244382.425,182.425,0.83,5.0,0.82,5.0,0.85,16.89,0.86,21.6,0.15,16.89,0.14,21.6,0.24,5.0,0.25,10.0,0.02,0.09,0.09304,1776244381000
1776244383.293,183.293,0.83,5.0,0.82,5.0,0.85,16.89,0.86,21.6,0.15,16.89,0.14,21.6,0.17,5.0,0.18,5.0,0.02,0.02,0.093041,1776244382000
1776244384.444,184.444,0.83,5.0,0.82,5.0,0.85,16.89,0.86,21.6,0.15,16.89,0.14,21.6,0.17,5.0,0.18,5.0,0.02,0.02,0.093065,1776244383000
1776244384.888,184.888,0.83,5.0,0.82,5.0,0.85,16.89,0.86,21.6,0.15,16.89,0.14,21.6,0.17,5.0,0.18,5.0,0.02,0.02,0.093065,1776244384000
1776244385.408,185.408,0.79,5.0,0.78,5.0,0.81,50.0,0.82,17.6,0.15,16.89,0.14,21.6,0.17,5.0,0.18,5.0,0.02,0.02,0.093065,1776244384000
1776244385.992,185.992,0.79,5.0,0.78,5.0,0.81,50.0,0.82,17.6,0.19,50.0,0.18,17.6,0.21,5.0,0.22,5.0,0.02,0.02,0.093051,1776244385000
1776244386.946,186.946,0.8,5.0,0.79,5.0,0.81,40.0,0.83,18.39,0.19,50.0,0.18,17.6,0.21,5.0,0.22,5.0,0.01,0.02,0.093051,1776244385000
1776244387.51,187.51,0.8,5.0,0.79,5.0,0.81,40.0,0.83,18.39,0.19,40.0,0.17,18.39,0.2,5.0,0.21,5.0,0.01,0.01,0.093047,1776244386000
1776244387.973,187.973,0.8,5.0,0.79,5.0,0.81,40.0,0.83,18.39,0.19,40.0,0.17,18.39,0.2,5.0,0.21,5.0,0.01,0.01,0.09305,1776244387000
1776244389.006,189.006,0.8,5.0,0.79,5.0,0.81,40.0,0.83,18.39,0.19,40.0,0.17,18.39,0.2,5.0,0.21,5.0,0.01,0.01,0.093056,1776244388000
1776244390.018,190.018,0.8,5.0,0.79,5.0,0.81,40.0,0.83,18.39,0.19,40.0,0.17,18.39,0.2,5.0,0.21,5.0,0.01,0.01,0.093056,1776244389000
1776244390.81,190.81,0.8,5.0,0.79,5.0,0.81,40.0,0.83,18.39,0.19,40.0,0.17,18.39,0.2,5.0,0.21,5.0,0.01,0.01,0.093056,1776244390000
1776244392.255,192.255,0.8,5.0,0.79,5.0,0.81,40.0,0.83,18.39,0.19,40.0,0.17,18.39,0.2,5.0,0.21,5.0,0.01,0.01,0.093054,1776244391000
1776244393.251,193.251,0.8,5.0,0.79,5.0,0.81,40.0,0.83,18.39,0.19,40.0,0.17,18.39,0.2,5.0,0.21,5.0,0.01,0.01,0.093054,1776244392000
1776244394.097,194.097,0.8,5.0,0.79,5.0,0.81,40.0,0.83,18.39,0.19,40.0,0.17,18.39,0.2,5.0,0.21,5.0,0.01,0.01,0.093056,1776244393000
1776244395.1,195.1,0.8,5.0,0.79,5.0,0.81,40.0,0.83,18.39,0.19,40.0,0.17,18.39,0.2,5.0,0.21,5.0,0.01,0.01,0.093056,1776244394000
1776244396.046,196.046,0.8,5.0,0.79,5.0,0.81,40.0,0.83,18.39,0.19,40.0,0.17,18.39,0.2,5.0,0.21,5.0,0.01,0.01,0.093055,1776244395000
1776244397.029,197.029,0.8,5.0,0.79,5.0,0.81,40.0,0.83,18.39,0.19,40.0,0.17,18.39,0.2,5.0,0.21,5.0,0.01,0.01,0.09306,1776244396000
1776244397.977,197.977,0.8,5.0,0.79,5.0,0.81,40.0,0.83,18.39,0.19,40.0,0.17,18.39,0.2,5.0,0.21,5.0,0.01,0.01,0.093059,1776244397000
1776244398.88,198.88,0.8,5.0,0.79,5.0,0.81,40.0,0.83,18.39,0.19,40.0,0.17,18.39,0.2,5.0,0.21,5.0,0.01,0.01,0.093061,1776244398000
1776244400.563,200.563,0.8,5.0,0.79,5.0,0.81,40.0,0.83,18.39,0.19,40.0,0.17,18.39,0.2,5.0,0.21,5.0,0.01,0.01,0.093061,1776244399000
1776244401.132,201.132,0.8,5.0,0.79,5.0,0.81,40.0,0.83,18.39,0.19,40.0,0.17,18.39,0.2,5.0,0.21,5.0,0.01,0.01,0.093061,1776244400000
1776244402.203,202.203,0.8,5.0,0.79,5.0,0.81,40.0,0.83,18.39,0.19,40.0,0.17,18.39,0.2,5.0,0.21,5.0,0.01,0.01,0.093061,1776244401000
1776244403.235,203.235,0.8,5.0,0.79,5.0,0.81,40.0,0.83,18.39,0.19,40.0,0.17,18.39,0.2,5.0,0.21,5.0,0.01,0.01,0.09306,1776244402000
1776244403.882,203.882,0.8,5.0,0.79,5.0,0.81,40.0,0.83,18.39,0.19,40.0,0.17,18.39,0.2,5.0,0.21,5.0,0.01,0.01,0.093059,1776244403000
1776244404.983,204.983,0.8,5.0,0.79,5.0,0.81,40.0,0.83,18.39,0.19,40.0,0.17,18.39,0.2,5.0,0.21,5.0,0.01,0.01,0.093054,1776244404000
1776244406.097,206.097,0.8,5.0,0.79,5.0,0.81,40.0,0.83,18.39,0.19,40.0,0.17,18.39,0.2,5.0,0.21,5.0,0.01,0.01,0.093054,1776244405000
1776244407.05,207.05,0.8,5.0,0.79,5.0,0.81,40.0,0.83,18.39,0.19,40.0,0.17,18.39,0.2,5.0,0.21,5.0,0.01,0.01,0.093053,1776244406000
1776244408.149,208.149,0.8,5.0,0.79,5.0,0.81,40.0,0.83,18.39,0.19,40.0,0.17,18.39,0.2,5.0,0.21,5.0,0.01,0.01,0.093053,1776244407000
1776244408.8,208.8,0.83,5.0,0.82,5.0,0.84,18.1,0.85,21.89,0.19,40.0,0.17,18.39,0.2,5.0,0.21,5.0,0.01,0.01,0.093053,1776244407000
1776244409.255,209.255,0.83,5.0,0.82,5.0,0.84,18.1,0.85,21.89,0.16,18.1,0.15,21.89,0.17,5.0,0.18,5.0,0.01,0.01,0.093051,1776244408000
1776244410.343,210.343,0.83,5.0,0.82,5.0,0.84,18.1,0.85,21.89,0.16,18.1,0.15,21.89,0.17,5.0,0.18,5.0,0.01,0.01,0.093051,1776244409000
1776244411.397,211.397,0.83,5.0,0.82,5.0,0.84,18.1,0.85,21.89,0.16,18.1,0.15,21.89,0.17,5.0,0.18,5.0,0.01,0.01,0.093051,1776244410000
1776244412.371,212.371,0.83,5.0,0.82,5.0,0.84,18.1,0.85,21.89,0.16,18.1,0.15,21.89,0.17,5.0,0.18,5.0,0.01,0.01,0.093051,1776244411000
1776244413.018,213.018,0.83,5.0,0.82,5.0,0.84,18.1,0.85,21.89,0.16,18.1,0.15,21.89,0.17,5.0,0.18,5.0,0.01,0.01,0.093051,1776244412000
1776244414.038,214.038,0.83,5.0,0.82,5.0,0.84,18.1,0.85,21.89,0.16,18.1,0.15,21.89,0.17,5.0,0.18,5.0,0.01,0.01,0.093051,1776244413000
1776244415.121,215.121,0.83,5.0,0.82,5.0,0.84,18.1,0.85,21.89,0.16,18.1,0.15,21.89,0.17,5.0,0.18,5.0,0.01,0.01,0.09305,1776244414000
1776244416.488,216.488,0.83,5.0,0.82,5.0,0.84,18.1,0.85,21.89,0.16,18.1,0.15,21.89,0.17,5.0,0.18,5.0,0.01,0.01,0.09305,1776244415000
1776244417.049,217.049,0.83,5.0,0.82,5.0,0.84,18.1,0.85,21.89,0.16,18.1,0.15,21.89,0.17,5.0,0.18,5.0,0.01,0.01,0.09305,1776244416000
1776244418.144,218.144,0.83,5.0,0.82,5.0,0.84,18.1,0.85,21.89,0.16,18.1,0.15,21.89,0.17,5.0,0.18,5.0,0.01,0.01,0.09305,1776244417000
1776244419.682,219.682,0.83,5.0,0.82,5.0,0.84,18.1,0.85,21.89,0.16,18.1,0.15,21.89,0.17,5.0,0.18,5.0,0.01,0.01,0.093051,1776244418000
1776244420.338,220.338,0.83,5.0,0.82,5.0,0.84,18.1,0.85,21.89,0.16,18.1,0.15,21.89,0.17,5.0,0.18,5.0,0.01,0.01,0.09305,1776244419000
1776244421.598,221.598,0.83,5.0,0.82,5.0,0.84,18.1,0.85,21.89,0.16,18.1,0.15,21.89,0.17,5.0,0.18,5.0,0.01,0.01,0.09305,1776244420000
1776244422.197,222.197,0.83,5.0,0.82,5.0,0.84,18.1,0.85,21.89,0.16,18.1,0.15,21.89,0.17,5.0,0.18,5.0,0.01,0.01,0.093059,1776244421000
1776244423.408,223.408,0.84,5.0,0.83,5.0,0.85,8.5,0.86,26.6,0.15,8.5,0.14,26.6,0.16,5.0,0.17,5.0,0.01,0.01,0.093059,1776244422000
1776244424.574,224.574,0.84,5.0,0.83,5.0,0.85,8.5,0.86,26.6,0.15,8.5,0.14,26.6,0.16,5.0,0.17,5.0,0.01,0.01,0.093057,1776244423000
1776244425.096,225.096,0.84,5.0,0.83,5.0,0.85,8.5,0.86,26.6,0.15,8.5,0.14,26.6,0.16,5.0,0.17,5.0,0.01,0.01,0.093057,1776244424000
1776244426.303,226.303,0.84,5.0,0.83,5.0,0.85,8.5,0.86,26.6,0.15,8.5,0.14,26.6,0.16,5.0,0.17,5.0,0.01,0.01,0.093059,1776244425000
1776244426.611,226.611,0.85,5.0,0.84,5.0,0.86,2.55,0.87,23.0,0.15,8.5,0.14,26.6,0.16,5.0,0.17,5.0,0.01,0.01,0.093059,1776244425000
1776244427.501,227.501,0.86,5.34,0.85,5.0,0.87,23.0,0.88,24.6,0.13,23.0,0.12,24.6,0.14,5.34,0.15,5.0,0.01,0.01,0.093058,1776244426000
1776244428.012,228.012,0.86,5.34,0.85,5.0,0.87,23.0,0.88,24.6,0.13,23.0,0.12,24.6,0.14,5.34,0.15,5.0,0.01,0.01,0.093057,1776244427000
1776244429.133,229.133,0.9,5.0,0.89,5.0,0.91,30.6,0.92,35.29,0.13,23.0,0.12,24.6,0.14,5.34,0.15,5.0,0.01,0.01,0.093057,1776244427000
1776244429.878,229.878,0.9,5.0,0.89,5.0,0.91,30.6,0.92,35.29,0.09,30.6,0.08,35.29,0.1,5.0,0.11,5.0,0.01,0.01,0.093067,1776244428000
1776244430.611,230.611,0.9,5.0,0.89,5.0,0.91,30.6,0.92,35.29,0.09,30.6,0.08,35.29,0.1,5.0,0.11,5.0,0.01,0.01,0.093066,1776244429000
1776244431.319,231.319,0.9,5.0,0.89,5.0,0.91,30.6,0.92,35.29,0.09,30.6,0.08,35.29,0.1,5.0,0.11,5.0,0.01,0.01,0.093066,1776244430000
1776244432.624,232.624,0.9,5.0,0.89,5.0,0.91,30.6,0.92,35.29,0.09,30.6,0.08,35.29,0.1,5.0,0.11,5.0,0.01,0.01,0.093066,1776244431000
1776244433.406,233.406,0.9,5.0,0.89,5.0,0.91,30.6,0.92,35.29,0.09,30.6,0.08,35.29,0.1,5.0,0.11,5.0,0.01,0.01,0.093066,1776244432000
1776244434.389,234.389,0.9,5.0,0.89,5.0,0.91,30.6,0.92,35.29,0.09,30.6,0.08,35.29,0.1,5.0,0.11,5.0,0.01,0.01,0.093066,1776244433000
1776244435.015,235.015,0.9,5.0,0.89,5.0,0.91,30.6,0.92,35.29,0.09,30.6,0.08,35.29,0.1,5.0,0.11,5.0,0.01,0.01,0.093066,1776244434000
1776244436.291,236.291,0.9,5.0,0.89,5.0,0.91,30.6,0.92,35.29,0.09,30.6,0.08,35.29,0.1,5.0,0.11,5.0,0.01,0.01,0.093066,1776244435000
1776244436.953,236.953,0.9,5.0,0.89,5.0,0.91,30.6,0.92,35.29,0.09,30.6,0.08,35.29,0.1,5.0,0.11,5.0,0.01,0.01,0.093067,1776244436000
1776244438.126,238.126,0.9,5.0,0.89,5.0,0.91,30.6,0.92,35.29,0.09,30.6,0.08,35.29,0.1,5.0,0.11,5.0,0.01,0.01,0.093065,1776244437000
1776244439.249,239.249,0.9,5.0,0.89,5.0,0.91,30.6,0.92,35.29,0.09,30.6,0.08,35.29,0.1,5.0,0.11,5.0,0.01,0.01,0.093065,1776244438000
1776244440.358,240.358,0.9,5.0,0.89,5.0,0.91,30.6,0.92,35.29,0.09,30.6,0.08,35.29,0.1,5.0,0.11,5.0,0.01,0.01,0.093065,1776244439000
1776244440.949,240.949,0.9,5.0,0.89,5.0,0.91,30.6,0.92,35.29,0.09,30.6,0.08,35.29,0.1,5.0,0.11,5.0,0.01,0.01,0.093065,1776244440000
1776244442.25,242.25,0.9,5.0,0.89,5.0,0.91,30.6,0.92,35.29,0.09,30.6,0.08,35.29,0.1,5.0,0.11,5.0,0.01,0.01,0.093065,1776244441000
1776244442.878,242.878,0.91,5.0,0.9,5.0,0.93,43.82,0.94,51.1,0.09,30.6,0.08,35.29,0.1,5.0,0.11,5.0,0.02,0.01,0.093065,1776244441000
1776244443.585,243.585,0.91,5.0,0.9,5.0,0.93,43.82,0.94,51.1,0.07,43.82,0.06,51.1,0.09,5.0,0.1,5.0,0.02,0.02,0.093065,1776244442000
1776244444.127,244.127,0.91,5.0,0.9,5.0,0.93,43.82,0.94,51.1,0.07,43.82,0.06,51.1,0.09,5.0,0.1,5.0,0.02,0.02,0.093065,1776244443000
1776244445.748,245.748,0.91,5.0,0.9,5.0,0.93,43.82,0.94,51.1,0.07,43.82,0.06,51.1,0.09,5.0,0.1,5.0,0.02,0.02,0.093059,1776244444000
1776244446.313,246.313,0.91,5.0,0.9,5.0,0.93,43.82,0.94,51.1,0.07,43.82,0.06,51.1,0.09,5.0,0.1,5.0,0.02,0.02,0.093059,1776244445000
1776244447.223,247.223,0.91,5.0,0.9,5.0,0.93,43.82,0.94,51.1,0.07,43.82,0.06,51.1,0.09,5.0,0.1,5.0,0.02,0.02,0.093059,1776244446000
1776244448.326,248.326,0.91,5.0,0.9,5.0,0.93,43.82,0.94,51.1,0.07,43.82,0.06,51.1,0.09,5.0,0.1,5.0,0.02,0.02,0.093058,1776244447000
1776244448.917,248.917,0.87,17.0,0.86,5.34,0.88,3.86,0.89,5.0,0.07,43.82,0.06,51.1,0.09,5.0,0.1,5.0,0.01,0.02,0.093058,1776244447000
1776244449.298,249.298,0.87,17.0,0.86,5.34,0.88,3.86,0.89,5.0,0.12,3.86,0.11,5.0,0.13,17.0,0.14,5.34,0.01,0.01,0.093058,1776244448000
1776244450.291,250.291,0.87,17.0,0.86,5.34,0.88,3.86,0.89,5.0,0.12,3.86,0.11,5.0,0.13,17.0,0.14,5.34,0.01,0.01,0.093057,1776244449000
1776244451.274,251.274,0.87,17.0,0.86,5.34,0.88,3.86,0.89,5.0,0.12,3.86,0.11,5.0,0.13,17.0,0.14,5.34,0.01,0.01,0.093057,1776244450000
1776244452.342,252.342,0.87,17.0,0.86,5.34,0.88,3.86,0.89,5.0,0.12,3.86,0.11,5.0,0.13,17.0,0.14,5.34,0.01,0.01,0.093057,1776244451000
1776244452.864,252.864,0.87,17.0,0.86,5.34,0.88,3.86,0.89,5.0,0.12,3.86,0.11,5.0,0.13,17.0,0.14,5.34,0.01,0.01,0.093057,1776244452000
1776244453.95,253.95,0.87,17.0,0.86,5.34,0.88,3.86,0.89,5.0,0.12,3.86,0.11,5.0,0.13,17.0,0.14,5.34,0.01,0.01,0.093057,1776244453000
1776244454.877,254.877,0.87,17.0,0.86,5.34,0.88,3.86,0.89,5.0,0.12,3.86,0.11,5.0,0.13,17.0,0.14,5.34,0.01,0.01,0.093057,1776244454000
1776244455.895,255.895,0.87,17.0,0.86,5.34,0.88,3.86,0.89,5.0,0.12,3.86,0.11,5.0,0.13,17.0,0.14,5.34,0.01,0.01,0.093057,1776244455000
1776244456.892,256.892,0.87,17.0,0.86,5.34,0.88,3.86,0.89,5.0,0.12,3.86,0.11,5.0,0.13,17.0,0.14,5.34,0.01,0.01,0.093057,1776244456000
1776244458.026,258.026,0.87,17.0,0.86,5.34,0.88,3.86,0.89,5.0,0.12,3.86,0.11,5.0,0.13,17.0,0.14,5.34,0.01,0.01,0.093057,1776244457000
1776244459.175,259.175,0.87,17.0,0.86,5.34,0.88,3.86,0.89,5.0,0.12,3.86,0.11,5.0,0.13,17.0,0.14,5.34,0.01,0.01,0.093057,1776244458000
1776244460.456,260.456,0.87,17.0,0.86,5.34,0.88,3.86,0.89,5.0,0.12,3.86,0.11,5.0,0.13,17.0,0.14,5.34,0.01,0.01,0.093056,1776244459000
1776244460.91,260.91,0.87,17.0,0.86,5.34,0.88,3.86,0.89,5.0,0.12,3.86,0.11,5.0,0.13,17.0,0.14,5.34,0.01,0.01,0.093055,1776244460000
1776244461.871,261.871,0.89,5.0,0.88,5.0,0.9,21.84,0.91,36.7,0.12,3.86,0.11,5.0,0.13,17.0,0.14,5.34,0.01,0.01,0.093055,1776244460000
1776244462.563,262.563,0.89,5.0,0.88,5.0,0.91,31.7,0.92,40.29,0.1,21.84,0.09,36.7,0.11,5.0,0.12,5.0,0.02,0.01,0.093049,1776244461000
1776244463.505,263.505,0.89,5.0,0.88,5.0,0.91,31.7,0.92,40.29,0.09,31.7,0.08,40.29,0.11,5.0,0.12,5.0,0.02,0.02,0.093053,1776244462000
1776244464.022,264.022,0.89,5.0,0.88,5.0,0.91,31.7,0.92,40.29,0.09,31.7,0.08,40.29,0.11,5.0,0.12,5.0,0.02,0.02,0.093053,1776244463000
1776244464.986,264.986,0.89,5.0,0.88,5.0,0.91,31.7,0.92,40.29,0.09,31.7,0.08,40.29,0.11,5.0,0.12,5.0,0.02,0.02,0.093052,1776244464000
1776244466.187,266.187,0.89,5.0,0.88,5.0,0.91,31.7,0.92,40.29,0.09,31.7,0.08,40.29,0.11,5.0,0.12,5.0,0.02,0.02,0.093051,1776244465000
1776244467.274,267.274,0.91,5.0,0.9,5.0,0.92,34.2,0.93,38.82,0.08,34.2,0.07,38.82,0.09,5.0,0.1,5.0,0.01,0.01,0.093051,1776244466000
1776244468.004,268.004,0.91,5.0,0.9,5.0,0.92,34.2,0.93,38.82,0.08,34.2,0.07,38.82,0.09,5.0,0.1,5.0,0.01,0.01,0.093051,1776244467000
1776244469.109,269.109,0.91,5.0,0.9,5.0,0.92,34.2,0.93,38.82,0.08,34.2,0.07,38.82,0.09,5.0,0.1,5.0,0.01,0.01,0.093051,1776244468000
1776244471.397,271.397,0.91,5.0,0.9,5.0,0.93,4.7,0.94,51.1,0.08,34.2,0.07,38.82,0.09,5.0,0.1,5.0,0.02,0.01,0.093051,1776244468000
1776244472.647,272.647,0.91,5.0,0.9,5.0,0.93,4.7,0.94,51.1,0.07,4.7,0.06,51.1,0.09,5.0,0.1,5.0,0.02,0.02,0.093049,1776244470000
1776244473.324,273.324,0.91,5.0,0.9,5.0,0.93,4.7,0.94,51.1,0.07,4.7,0.06,51.1,0.09,5.0,0.1,5.0,0.02,0.02,0.093047,1776244472000
1776244474.297,274.297,0.91,5.0,0.9,5.0,0.93,4.7,0.94,51.1,0.07,4.7,0.06,51.1,0.09,5.0,0.1,5.0,0.02,0.02,0.093047,1776244473000
1776244475.331,275.331,0.91,5.0,0.9,5.0,0.93,4.7,0.94,51.1,0.07,4.7,0.06,51.1,0.09,5.0,0.1,5.0,0.02,0.02,0.093048,1776244474000
1776244476.729,276.729,0.91,5.0,0.9,5.0,0.93,4.7,0.94,51.1,0.07,4.7,0.06,51.1,0.09,5.0,0.1,5.0,0.02,0.02,0.093047,1776244475000
1776244477.473,277.473,0.91,5.0,0.9,5.0,0.93,4.7,0.94,51.1,0.07,4.7,0.06,51.1,0.09,5.0,0.1,5.0,0.02,0.02,0.093047,1776244476000
1776244478.253,278.253,0.91,5.0,0.9,5.0,0.93,4.7,0.94,51.1,0.07,4.7,0.06,51.1,0.09,5.0,0.1,5.0,0.02,0.02,0.093047,1776244477000
1776244479.595,279.595,0.91,5.0,0.9,5.0,0.93,4.7,0.94,51.1,0.07,4.7,0.06,51.1,0.09,5.0,0.1,5.0,0.02,0.02,0.093047,1776244478000
1776244480.127,280.127,0.96,5.0,0.95,5.0,0.98,8.97,0.99,5407.0,0.07,4.7,0.06,51.1,0.09,5.0,0.1,5.0,0.02,0.02,0.093047,1776244478000
1776244481.513,281.513,0.96,5.0,0.95,5.0,0.98,8.97,0.99,5407.0,0.02,8.97,0.01,5407.0,0.04,5.0,0.05,5.0,0.02,0.02,0.093048,1776244480000
1776244481.921,281.921,0.95,5.0,0.86,5.34,0.99,5505.97,,,0.02,8.97,0.01,5407.0,0.04,5.0,0.05,5.0,0.04,0.02,0.093048,1776244480000
1776244482.125,282.125,0.54,0.16,0.53,5.0,0.96,5.0,0.97,39.0,0.04,5.0,0.03,39.0,0.14,5.34,0.46,5.0,0.42,0.1,0.093048,1776244480000
1776244482.679,282.679,0.55,23.0,0.51,55.0,0.56,2.96,0.58,5.0,0.04,5.0,0.03,39.0,0.46,0.16,0.47,5.0,0.01,0.42,0.093048,1776244481000
1776244482.933,282.933,0.49,4.07,0.48,5.0,0.52,5.0,0.53,5.0,0.44,2.96,0.42,5.0,0.45,23.0,0.49,55.0,0.03,0.01,0.093048,1776244481000
1776244483.263,283.263,0.46,3.92,0.45,5.0,0.48,5.0,0.49,5.0,0.48,5.0,0.47,5.0,0.51,4.07,0.52,5.0,0.02,0.03,0.093048,1776244481000
1776244483.546,283.546,0.45,3.44,0.44,5.0,0.48,5.0,0.49,5.0,0.52,5.0,0.51,5.0,0.55,3.44,0.56,5.0,0.03,0.03,0.093048,1776244482000
1776244484.049,284.049,0.53,3.57,0.52,5.0,0.55,5.0,0.56,2.96,0.52,5.0,0.51,5.0,0.55,3.44,0.56,5.0,0.02,0.03,0.093048,1776244482000
1776244485.083,285.083,0.52,6.0,0.51,5.0,0.61,55.0,0.62,5.0,0.44,5.0,0.42,5.0,0.47,2.14,0.48,11.0,0.09,0.03,0.093035,1776244483000
1776244485.593,285.593,0.52,6.0,0.51,5.0,0.61,55.0,0.62,5.0,0.39,55.0,0.38,5.0,0.48,6.0,0.49,5.0,0.09,0.09,0.093014,1776244484000
1776244486.341,286.341,0.52,6.0,0.51,5.0,0.61,55.0,0.62,5.0,0.39,55.0,0.38,5.0,0.48,6.0,0.49,5.0,0.09,0.09,0.093012,1776244485000
1776244487.149,287.149,0.52,6.0,0.51,5.0,0.61,55.0,0.62,5.0,0.39,55.0,0.38,5.0,0.48,6.0,0.49,5.0,0.09,0.09,0.093011,1776244486000
1776244488.612,288.612,0.59,4.18,0.58,5.0,0.61,73.0,0.63,5.0,0.39,73.0,0.37,5.0,0.41,4.18,0.42,5.0,0.02,0.02,0.093011,1776244487000
1776244489.348,289.348,0.59,4.18,0.58,5.0,0.61,73.0,0.63,5.0,0.39,73.0,0.37,5.0,0.41,4.18,0.42,5.0,0.02,0.02,0.093011,1776244488000
1776244490.004,290.004,0.53,5.0,0.52,5.0,0.55,5.0,0.56,5.0,0.45,5.0,0.44,5.0,0.47,5.0,0.48,5.0,0.02,0.02,0.093011,1776244489000
1776244491.858,291.858,0.19,1.33,0.18,5.0,0.21,5.0,0.22,5.0,0.79,5.0,0.78,5.0,0.81,1.33,0.82,5.0,0.02,0.02,0.09301,1776244490000
1776244492.471,292.471,0.19,1.33,0.18,5.0,0.21,5.0,0.22,5.0,0.79,5.0,0.78,5.0,0.81,1.33,0.82,5.0,0.02,0.02,0.093005,1776244491000
1776244492.744,292.744,0.3,3.51,0.29,5.0,0.32,5.0,0.33,5.0,0.79,5.0,0.78,5.0,0.81,1.33,0.82,5.0,0.02,0.02,0.093005,1776244491000
1776244492.971,292.971,0.3,2.02,0.29,5.0,0.32,5.0,0.33,5.0,0.68,5.0,0.67,5.0,0.7,2.02,0.71,5.0,0.02,0.02,0.093005,1776244492000
1776244493.178,293.178,0.61,45.0,0.6,11.0,0.84,5.0,0.85,5.0,0.39,40.26,0.32,5.0,0.4,11.0,0.41,5.0,0.23,0.01,0.093005,1776244492000
1776244493.701,293.701,0.89,5.0,0.88,5.0,0.9,96.7,0.94,5.0,0.16,5.0,0.15,5.0,0.39,45.0,0.4,11.0,0.01,0.23,0.093005,1776244492000
1776244493.939,293.939,0.89,5.0,0.88,5.0,0.9,93.4,0.94,5.0,0.1,93.4,0.06,5.0,0.11,5.0,0.12,5.0,0.01,0.01,0.093005,1776244493000
1776244494.283,294.283,0.89,5.0,0.86,5.0,0.9,90.1,0.91,5.0,0.1,93.4,0.06,5.0,0.11,5.0,0.12,5.0,0.01,0.01,0.093005,1776244493000
1776244494.906,294.906,0.89,5.0,0.88,5.0,0.9,86.8,0.91,5.0,0.1,86.8,0.09,5.0,0.11,5.0,0.12,5.0,0.01,0.01,0.093012,1776244494000
1776244495.937,295.937,0.89,5.0,0.88,5.0,0.9,86.8,0.91,5.0,0.1,86.8,0.09,5.0,0.11,5.0,0.12,5.0,0.01,0.01,0.093025,1776244495000
1776244496.538,296.538,0.95,5.0,0.94,5.0,0.96,3.86,0.97,5.0,0.1,86.8,0.09,5.0,0.11,5.0,0.12,5.0,0.01,0.01,0.093025,1776244495000
1776244496.791,296.791,0.95,10.0,0.94,5.0,0.98,5.0,0.99,190.97,0.04,3.86,0.03,5.0,0.05,5.0,0.06,5.0,0.03,0.01,0.093025,1776244495000
1776244497.049,297.049,0.98,5.0,0.97,5.0,0.99,188.97,,,0.02,5.0,0.01,190.97,0.05,10.0,0.06,5.0,0.01,0.03,0.093027,1776244496000
1776244497.328,297.328,0.97,5.0,0.96,5.0,0.99,164.02,,,0.01,179.02,,,0.02,5.0,0.03,5.0,0.02,0.01,0.093027,1776244496000
1776244497.632,297.632,0.98,5.0,0.97,5.0,0.99,141.48,,,0.01,151.84,,,0.03,5.0,0.04,5.0,0.01,0.02,0.093027,1776244496000
1776244497.985,297.985,0.97,5.0,0.96,5.0,0.99,73.5,,,0.01,73.5,,,0.03,5.0,0.04,5.0,0.02,0.02,0.093027,1776244497000
1776244498.319,298.319,0.98,10.0,0.97,5.0,0.99,56.47,,,0.01,58.5,,,0.02,10.0,0.03,5.0,0.01,0.01,0.093027,1776244497000
1776244498.66,298.66,0.98,5.0,0.97,5.0,,,,,0.01,32.53,,,0.03,5.0,0.04,5.0,,0.02,0.093027,1776244497000
1776244498.905,298.905,0.98,5.0,0.97,5.0,,,,,,,,,0.02,5.0,0.03,5.0,,,0.093027,1776244498000
1776244499.95,299.95,0.98,5.0,0.97,5.0,,,,,,,,,0.02,5.0,0.03,5.0,,,0.093027,1776244499000
1776244500.956,300.956,0.98,5.0,0.97,5.0,,,,,,,,,0.02,5.0,0.03,5.0,,,0.093027,1776244500000
