timestamp,elapsed_sec,up_bid_p1,up_bid_s1,up_bid_p2,up_bid_s2,up_ask_p1,up_ask_s1,up_ask_p2,up_ask_s2,down_bid_p1,down_bid_s1,down_bid_p2,down_bid_s2,down_ask_p1,down_ask_s1,down_ask_p2,down_ask_s2,up_spread,down_spread,doge_price,doge_oracle_ts
1776232801.432,1.432,0.33,300.0,0.31,375.0,0.67,300.0,0.69,375.0,0.41,5.0,0.33,300.0,0.67,300.0,0.69,375.0,0.34,0.26,0.093521,1776232800000
1776232801.758,1.758,0.33,300.0,0.31,375.0,0.67,300.0,0.69,375.0,0.41,5.0,0.33,300.0,0.67,300.0,0.69,375.0,0.34,0.26,0.093521,1776232800000
1776232802.125,2.125,0.33,300.0,0.31,375.0,0.67,300.0,0.69,375.0,0.41,5.0,0.33,300.0,0.67,300.0,0.69,375.0,0.34,0.26,0.093518,1776232801000
1776232803.504,3.504,0.33,300.0,0.31,375.0,0.67,300.0,0.69,375.0,0.41,5.0,0.33,300.0,0.67,300.0,0.69,375.0,0.34,0.26,0.093517,1776232802000
1776232803.978,3.978,0.33,300.0,0.31,375.0,0.67,300.0,0.69,375.0,0.41,5.0,0.33,300.0,0.67,300.0,0.69,375.0,0.34,0.26,0.093517,1776232803000
1776232805.063,5.063,0.33,300.0,0.31,375.0,0.67,300.0,0.69,375.0,0.41,5.0,0.33,300.0,0.67,300.0,0.69,375.0,0.34,0.26,0.093515,1776232804000
1776232806.042,6.042,0.33,300.0,0.31,375.0,0.67,300.0,0.69,375.0,0.41,5.0,0.33,300.0,0.67,300.0,0.69,375.0,0.34,0.26,0.09353,1776232805000
1776232807.175,7.175,0.33,300.0,0.31,375.0,0.67,300.0,0.69,375.0,0.41,5.0,0.33,300.0,0.67,300.0,0.69,375.0,0.34,0.26,0.093533,1776232806000
1776232808.214,8.214,0.47,5.0,0.46,5.0,0.55,3.0,0.56,5.0,0.45,3.0,0.44,5.0,0.53,5.0,0.54,5.0,0.08,0.08,0.093532,1776232807000
1776232809.16,9.16,0.47,5.0,0.46,5.0,0.55,3.0,0.56,5.0,0.45,3.0,0.44,5.0,0.53,5.0,0.54,5.0,0.08,0.08,0.093531,1776232808000
1776232810.216,10.216,0.47,5.0,0.46,5.0,0.55,3.0,0.56,5.0,0.45,3.0,0.44,5.0,0.53,5.0,0.54,5.0,0.08,0.08,0.093545,1776232809000
1776232811.222,11.222,0.47,5.0,0.46,5.0,0.55,3.0,0.56,5.0,0.45,3.0,0.44,5.0,0.53,5.0,0.54,5.0,0.08,0.08,0.093541,1776232810000
1776232811.949,11.949,0.52,5.0,0.5,15.0,0.6,4.33,0.61,5.0,0.45,3.0,0.44,5.0,0.53,5.0,0.54,5.0,0.08,0.08,0.093541,1776232810000
1776232812.169,12.169,0.52,5.0,0.5,15.0,0.6,4.33,0.61,5.0,0.4,4.33,0.39,5.0,0.48,5.0,0.5,15.0,0.08,0.08,0.093541,1776232811000
1776232813.177,13.177,0.52,5.0,0.5,15.0,0.6,4.33,0.61,5.0,0.4,4.33,0.39,5.0,0.48,5.0,0.5,15.0,0.08,0.08,0.09354,1776232812000
1776232814.208,14.208,0.52,5.0,0.5,15.0,0.6,4.33,0.61,5.0,0.4,4.33,0.39,5.0,0.48,5.0,0.5,15.0,0.08,0.08,0.093538,1776232813000
1776232815.233,15.233,0.52,5.0,0.5,15.0,0.6,4.33,0.61,5.0,0.4,4.33,0.39,5.0,0.48,5.0,0.5,15.0,0.08,0.08,0.093538,1776232814000
1776232816.848,16.848,0.52,5.0,0.5,15.0,0.6,4.33,0.61,5.0,0.4,4.33,0.39,5.0,0.48,5.0,0.5,15.0,0.08,0.08,0.093535,1776232815000
1776232817.447,17.447,0.52,5.0,0.5,15.0,0.6,4.33,0.61,5.0,0.4,4.33,0.39,5.0,0.48,5.0,0.5,15.0,0.08,0.08,0.093535,1776232816000
1776232818.122,18.122,0.52,5.0,0.5,15.0,0.6,4.33,0.61,5.0,0.4,4.33,0.39,5.0,0.48,5.0,0.5,15.0,0.08,0.08,0.093535,1776232817000
1776232819.38,19.38,0.52,5.0,0.5,15.0,0.6,4.33,0.61,5.0,0.4,4.33,0.39,5.0,0.48,5.0,0.5,15.0,0.08,0.08,0.093532,1776232818000
1776232820.024,20.024,0.52,5.0,0.5,15.0,0.6,4.33,0.61,5.0,0.4,4.33,0.39,5.0,0.48,5.0,0.5,15.0,0.08,0.08,0.093532,1776232819000
1776232821.259,21.259,0.52,5.0,0.5,15.0,0.6,4.33,0.61,5.0,0.4,4.33,0.39,5.0,0.48,5.0,0.5,15.0,0.08,0.08,0.093533,1776232820000
1776232822.446,22.446,0.52,5.0,0.5,15.0,0.6,4.33,0.61,5.0,0.4,4.33,0.39,5.0,0.48,5.0,0.5,15.0,0.08,0.08,0.093528,1776232821000
1776232823.042,23.042,0.52,5.0,0.5,15.0,0.6,4.33,0.61,5.0,0.4,4.33,0.39,5.0,0.48,5.0,0.5,15.0,0.08,0.08,0.093529,1776232822000
1776232824.247,24.247,0.52,5.0,0.5,15.0,0.6,4.33,0.61,5.0,0.4,4.33,0.39,5.0,0.48,5.0,0.5,15.0,0.08,0.08,0.093524,1776232823000
1776232825.32,25.32,0.52,5.0,0.5,15.0,0.6,4.33,0.61,5.0,0.4,4.33,0.39,5.0,0.48,5.0,0.5,15.0,0.08,0.08,0.093523,1776232824000
1776232826.578,26.578,0.52,5.0,0.5,15.0,0.6,4.33,0.61,5.0,0.4,4.33,0.39,5.0,0.48,5.0,0.5,15.0,0.08,0.08,0.093519,1776232825000
1776232827.089,27.089,0.52,5.0,0.5,15.0,0.6,4.33,0.61,5.0,0.4,4.33,0.39,5.0,0.48,5.0,0.5,15.0,0.08,0.08,0.093514,1776232826000
1776232828.2,28.2,0.52,5.0,0.5,15.0,0.6,4.33,0.61,5.0,0.4,4.33,0.39,5.0,0.48,5.0,0.5,15.0,0.08,0.08,0.093517,1776232827000
1776232829.378,29.378,0.52,5.0,0.5,15.0,0.6,4.33,0.61,5.0,0.4,4.33,0.39,5.0,0.48,5.0,0.5,15.0,0.08,0.08,0.093516,1776232828000
1776232830.02,30.02,0.52,5.0,0.5,15.0,0.6,4.33,0.61,5.0,0.4,4.33,0.39,5.0,0.48,5.0,0.5,15.0,0.08,0.08,0.093516,1776232829000
1776232831.145,31.145,0.52,5.0,0.5,15.0,0.6,4.33,0.61,5.0,0.4,4.33,0.39,5.0,0.48,5.0,0.5,15.0,0.08,0.08,0.093515,1776232830000
1776232831.968,31.968,0.52,5.0,0.5,15.0,0.6,4.33,0.61,5.0,0.4,4.33,0.39,5.0,0.48,5.0,0.5,15.0,0.08,0.08,0.093515,1776232831000
1776232833.245,33.245,0.52,5.0,0.5,15.0,0.6,4.33,0.61,5.0,0.4,4.33,0.39,5.0,0.48,5.0,0.5,15.0,0.08,0.08,0.093515,1776232832000
1776232834.511,34.511,0.52,5.0,0.5,15.0,0.6,4.33,0.61,5.0,0.4,4.33,0.39,5.0,0.48,5.0,0.5,15.0,0.08,0.08,0.09352,1776232833000
1776232834.998,34.998,0.52,5.0,0.5,15.0,0.6,4.33,0.61,5.0,0.4,4.33,0.39,5.0,0.48,5.0,0.5,15.0,0.08,0.08,0.093516,1776232834000
1776232836.244,36.244,0.39,1.0,0.38,10.0,0.47,5.0,0.49,5.0,0.53,5.0,0.51,5.0,0.61,1.0,0.62,10.0,0.08,0.08,0.093514,1776232835000
1776232837.311,37.311,0.39,1.0,0.38,10.0,0.47,5.0,0.49,5.0,0.53,5.0,0.51,5.0,0.61,1.0,0.62,10.0,0.08,0.08,0.093511,1776232836000
1776232837.886,37.886,0.39,1.0,0.38,10.0,0.47,5.0,0.49,5.0,0.53,5.0,0.51,5.0,0.61,1.0,0.62,10.0,0.08,0.08,0.093511,1776232837000
1776232839.044,39.044,0.39,1.0,0.38,10.0,0.47,5.0,0.49,5.0,0.53,5.0,0.51,5.0,0.61,1.0,0.62,10.0,0.08,0.08,0.093511,1776232838000
1776232840.141,40.141,0.39,1.0,0.38,10.0,0.47,5.0,0.49,5.0,0.53,5.0,0.51,5.0,0.61,1.0,0.62,10.0,0.08,0.08,0.09351,1776232839000
1776232841.263,41.263,0.39,1.0,0.38,10.0,0.47,5.0,0.49,5.0,0.53,5.0,0.51,5.0,0.61,1.0,0.62,10.0,0.08,0.08,0.093509,1776232840000
1776232842.567,42.567,0.39,1.0,0.38,10.0,0.47,5.0,0.49,5.0,0.53,5.0,0.51,5.0,0.61,1.0,0.62,10.0,0.08,0.08,0.093509,1776232841000
1776232843.087,43.087,0.39,1.0,0.38,10.0,0.47,5.0,0.49,5.0,0.53,5.0,0.51,5.0,0.61,1.0,0.62,10.0,0.08,0.08,0.093508,1776232842000
1776232844.287,44.287,0.39,1.0,0.38,10.0,0.47,5.0,0.49,5.0,0.53,5.0,0.51,5.0,0.61,1.0,0.62,10.0,0.08,0.08,0.093506,1776232843000
1776232845.42,45.42,0.39,1.0,0.38,10.0,0.47,5.0,0.49,5.0,0.53,5.0,0.51,5.0,0.61,1.0,0.62,10.0,0.08,0.08,0.093493,1776232844000
1776232846.023,46.023,0.39,1.0,0.38,10.0,0.47,5.0,0.49,5.0,0.53,5.0,0.51,5.0,0.61,1.0,0.62,10.0,0.08,0.08,0.09349,1776232845000
1776232847.123,47.123,0.34,1.0,0.3,11.0,0.36,6.0,0.41,60.0,0.53,5.0,0.51,5.0,0.61,1.0,0.62,10.0,0.02,0.08,0.09349,1776232845000
1776232847.501,47.501,0.3,11.0,0.27,18.0,0.35,5.0,0.36,22.0,0.64,6.0,0.59,60.0,0.66,1.0,0.7,11.0,0.05,0.02,0.093487,1776232846000
1776232848.501,48.501,0.3,11.0,0.27,18.0,0.35,5.0,0.36,22.0,0.65,5.0,0.64,22.0,0.7,11.0,0.73,18.0,0.05,0.05,0.093486,1776232847000
1776232849.229,49.229,0.3,11.0,0.27,18.0,0.35,5.0,0.36,22.0,0.65,5.0,0.64,22.0,0.7,11.0,0.73,18.0,0.05,0.05,0.093472,1776232848000
1776232851.186,51.186,0.27,18.0,0.24,13.0,0.3,10.0,0.31,19.0,0.7,10.0,0.69,19.0,0.73,18.0,0.76,13.0,0.03,0.03,0.093462,1776232849000
1776232851.84,51.84,0.27,18.0,0.24,13.0,0.3,10.0,0.31,19.0,0.7,10.0,0.69,19.0,0.73,18.0,0.76,13.0,0.03,0.03,0.093457,1776232850000
1776232852.628,52.628,0.27,18.0,0.24,13.0,0.3,10.0,0.31,19.0,0.7,10.0,0.69,19.0,0.73,18.0,0.76,13.0,0.03,0.03,0.093455,1776232851000
1776232853.309,53.309,0.27,18.0,0.24,13.0,0.3,10.0,0.31,19.0,0.7,10.0,0.69,19.0,0.73,18.0,0.76,13.0,0.03,0.03,0.093458,1776232852000
1776232854.631,54.631,0.27,18.0,0.24,13.0,0.3,10.0,0.31,19.0,0.7,10.0,0.69,19.0,0.73,18.0,0.76,13.0,0.03,0.03,0.093463,1776232853000
1776232855.277,55.277,0.27,18.0,0.24,13.0,0.3,10.0,0.31,19.0,0.7,10.0,0.69,19.0,0.73,18.0,0.76,13.0,0.03,0.03,0.093463,1776232854000
1776232856.567,56.567,0.27,18.0,0.24,13.0,0.3,10.0,0.31,19.0,0.7,10.0,0.69,19.0,0.73,18.0,0.76,13.0,0.03,0.03,0.093461,1776232855000
1776232857.23,57.23,0.27,18.0,0.24,13.0,0.3,10.0,0.31,19.0,0.7,10.0,0.69,19.0,0.73,18.0,0.76,13.0,0.03,0.03,0.093459,1776232856000
1776232858.451,58.451,0.21,15.7,0.2,16.2,0.3,3.96,0.34,20.0,0.7,10.0,0.69,19.0,0.73,18.0,0.76,13.0,0.09,0.03,0.093459,1776232856000
1776232859.234,59.234,0.21,15.7,0.2,16.2,0.3,3.96,0.34,20.0,0.7,3.96,0.66,20.0,0.79,15.7,0.8,16.2,0.09,0.09,0.093456,1776232858000
1776232860.595,60.595,0.21,15.7,0.2,16.2,0.3,3.96,0.34,20.0,0.7,3.96,0.66,20.0,0.79,15.7,0.8,16.2,0.09,0.09,0.093457,1776232859000
1776232861.111,61.111,0.21,15.7,0.2,16.2,0.3,3.96,0.34,20.0,0.7,3.96,0.66,20.0,0.79,15.7,0.8,16.2,0.09,0.09,0.093446,1776232860000
1776232862.613,62.613,0.21,15.7,0.2,16.2,0.3,3.96,0.34,20.0,0.7,3.96,0.66,20.0,0.79,15.7,0.8,16.2,0.09,0.09,0.093452,1776232861000
1776232862.891,62.891,0.19,15.0,0.17,18.39,0.29,19.55,0.3,3.96,0.7,3.96,0.66,20.0,0.79,15.7,0.8,16.2,0.1,0.09,0.093452,1776232861000
1776232863.316,63.316,0.19,15.0,0.17,18.39,0.29,19.55,0.3,3.96,0.71,19.55,0.7,3.96,0.81,15.0,0.83,18.39,0.1,0.1,0.093453,1776232862000
1776232864.2,64.2,0.19,15.0,0.17,18.39,0.29,19.55,0.3,3.96,0.71,19.55,0.7,3.96,0.81,15.0,0.83,18.39,0.1,0.1,0.093449,1776232863000
1776232865.261,65.261,0.19,15.0,0.17,18.39,0.29,19.55,0.3,3.96,0.71,19.55,0.7,3.96,0.81,15.0,0.83,18.39,0.1,0.1,0.093448,1776232864000
1776232866.339,66.339,0.19,15.0,0.17,18.39,0.29,19.55,0.3,3.96,0.71,19.55,0.7,3.96,0.81,15.0,0.83,18.39,0.1,0.1,0.093448,1776232865000
1776232866.932,66.932,0.19,15.0,0.17,18.39,0.29,19.55,0.3,3.96,0.71,19.55,0.7,3.96,0.81,15.0,0.83,18.39,0.1,0.1,0.093448,1776232866000
1776232868.094,68.094,0.19,15.0,0.17,18.39,0.29,19.55,0.3,3.96,0.71,19.55,0.7,3.96,0.81,15.0,0.83,18.39,0.1,0.1,0.09345,1776232867000
1776232869.147,69.147,0.19,15.0,0.17,18.39,0.29,19.55,0.3,3.96,0.71,19.55,0.7,3.96,0.81,15.0,0.83,18.39,0.1,0.1,0.09345,1776232868000
1776232870.226,70.226,0.19,15.0,0.17,18.39,0.29,19.55,0.3,3.96,0.71,19.55,0.7,3.96,0.81,15.0,0.83,18.39,0.1,0.1,0.093439,1776232869000
1776232871.147,71.147,0.19,15.0,0.17,18.39,0.29,19.55,0.3,3.96,0.71,19.55,0.7,3.96,0.81,15.0,0.83,18.39,0.1,0.1,0.093444,1776232870000
1776232872.161,72.161,0.19,15.0,0.17,18.39,0.29,19.55,0.3,3.96,0.71,19.55,0.7,3.96,0.81,15.0,0.83,18.39,0.1,0.1,0.093444,1776232871000
1776232873.189,73.189,0.19,15.0,0.17,18.39,0.29,19.55,0.3,3.96,0.71,19.55,0.7,3.96,0.81,15.0,0.83,18.39,0.1,0.1,0.093438,1776232872000
1776232874.283,74.283,0.19,15.0,0.17,18.39,0.29,19.55,0.3,3.96,0.71,19.55,0.7,3.96,0.81,15.0,0.83,18.39,0.1,0.1,0.093429,1776232873000
1776232875.181,75.181,0.15,14.86,0.14,21.6,0.25,26.0,0.26,10.0,0.71,19.55,0.7,3.96,0.81,15.0,0.83,18.39,0.1,0.1,0.093429,1776232873000
1776232875.474,75.474,0.15,14.86,0.14,21.6,0.25,26.0,0.26,10.0,0.75,26.0,0.74,10.0,0.85,14.86,0.86,21.6,0.1,0.1,0.093425,1776232874000
1776232876.047,76.047,0.15,14.86,0.14,21.6,0.25,26.0,0.26,10.0,0.75,26.0,0.74,10.0,0.85,14.86,0.86,21.6,0.1,0.1,0.093425,1776232875000
1776232877.44,77.44,0.15,14.86,0.14,21.6,0.25,26.0,0.26,10.0,0.75,26.0,0.74,10.0,0.85,14.86,0.86,21.6,0.1,0.1,0.093424,1776232876000
1776232878.201,78.201,0.15,14.86,0.14,21.6,0.25,26.0,0.26,10.0,0.75,26.0,0.74,10.0,0.85,14.86,0.86,21.6,0.1,0.1,0.093423,1776232877000
1776232879.227,79.227,0.15,14.86,0.14,21.6,0.25,26.0,0.26,10.0,0.75,26.0,0.74,10.0,0.85,14.86,0.86,21.6,0.1,0.1,0.093412,1776232878000
1776232880.167,80.167,0.15,14.86,0.14,21.6,0.25,26.0,0.26,10.0,0.75,26.0,0.74,10.0,0.85,14.86,0.86,21.6,0.1,0.1,0.093405,1776232879000
1776232881.481,81.481,0.15,14.86,0.14,21.6,0.25,26.0,0.26,10.0,0.75,26.0,0.74,10.0,0.85,14.86,0.86,21.6,0.1,0.1,0.093406,1776232880000
1776232882.97,82.97,0.15,14.86,0.14,21.6,0.25,26.0,0.26,10.0,0.75,26.0,0.74,10.0,0.85,14.86,0.86,21.6,0.1,0.1,0.093406,1776232881000
1776232883.696,83.696,0.15,14.86,0.14,21.6,0.25,26.0,0.26,10.0,0.75,26.0,0.74,10.0,0.85,14.86,0.86,21.6,0.1,0.1,0.093407,1776232882000
1776232884.396,84.396,0.15,14.86,0.14,21.6,0.25,26.0,0.26,10.0,0.75,26.0,0.74,10.0,0.85,14.86,0.86,21.6,0.1,0.1,0.093407,1776232883000
1776232885.408,85.408,0.15,14.86,0.14,21.6,0.25,26.0,0.26,10.0,0.75,26.0,0.74,10.0,0.85,14.86,0.86,21.6,0.1,0.1,0.093407,1776232884000
1776232886.204,86.204,0.15,14.86,0.14,21.6,0.25,26.0,0.26,10.0,0.75,26.0,0.74,10.0,0.85,14.86,0.86,21.6,0.1,0.1,0.093407,1776232885000
1776232887.867,87.867,0.15,14.86,0.14,21.6,0.25,26.0,0.26,10.0,0.75,26.0,0.74,10.0,0.85,14.86,0.86,21.6,0.1,0.1,0.093407,1776232886000
1776232888.592,88.592,0.15,14.86,0.14,21.6,0.25,26.0,0.26,10.0,0.75,26.0,0.74,10.0,0.85,14.86,0.86,21.6,0.1,0.1,0.093406,1776232887000
1776232889.5,89.5,0.15,14.86,0.14,21.6,0.25,26.0,0.26,10.0,0.75,26.0,0.74,10.0,0.85,14.86,0.86,21.6,0.1,0.1,0.093405,1776232888000
1776232890.692,90.692,0.15,14.86,0.14,21.6,0.25,26.0,0.26,10.0,0.75,26.0,0.74,10.0,0.85,14.86,0.86,21.6,0.1,0.1,0.093402,1776232889000
1776232891.405,91.405,0.15,14.86,0.14,21.6,0.25,26.0,0.26,10.0,0.75,26.0,0.74,10.0,0.85,14.86,0.86,21.6,0.1,0.1,0.093401,1776232890000
1776232891.937,91.937,0.08,35.29,0.07,72.9,0.15,46.42,0.16,19.3,0.75,26.0,0.74,10.0,0.85,14.86,0.86,21.6,0.07,0.1,0.093401,1776232890000
1776232892.278,92.278,0.07,57.73,0.06,46.1,0.13,6.0,0.14,21.6,0.85,46.42,0.84,19.3,0.92,35.29,0.93,72.9,0.06,0.07,0.093401,1776232891000
1776232893.513,93.513,0.07,57.73,0.06,46.1,0.13,6.0,0.14,21.6,0.87,6.0,0.86,21.6,0.93,57.73,0.94,46.1,0.06,0.06,0.093399,1776232892000
1776232894.32,94.32,0.07,57.73,0.06,46.1,0.13,6.0,0.14,21.6,0.87,6.0,0.86,21.6,0.93,57.73,0.94,46.1,0.06,0.06,0.093393,1776232893000
1776232895.764,95.764,0.07,57.73,0.06,46.1,0.13,6.0,0.14,21.6,0.87,6.0,0.86,21.6,0.93,57.73,0.94,46.1,0.06,0.06,0.093395,1776232894000
1776232896.471,96.471,0.07,57.73,0.06,46.1,0.13,6.0,0.14,21.6,0.87,6.0,0.86,21.6,0.93,57.73,0.94,46.1,0.06,0.06,0.093395,1776232895000
1776232897.199,97.199,0.07,57.73,0.06,46.1,0.13,6.0,0.14,21.6,0.87,6.0,0.86,21.6,0.93,57.73,0.94,46.1,0.06,0.06,0.093395,1776232896000
1776232898.602,98.602,0.07,57.73,0.06,46.1,0.13,6.0,0.14,21.6,0.87,6.0,0.86,21.6,0.93,57.73,0.94,46.1,0.06,0.06,0.093397,1776232897000
1776232899.233,99.233,0.08,29.29,0.07,24.73,0.13,17.0,0.14,21.6,0.87,6.0,0.86,21.6,0.93,57.73,0.94,46.1,0.05,0.06,0.093397,1776232897000
1776232900.216,100.216,0.08,29.29,0.07,24.73,0.13,17.0,0.14,21.6,0.87,17.0,0.86,21.6,0.92,29.29,0.93,24.73,0.05,0.05,0.093394,1776232899000
1776232901.029,101.029,0.08,29.29,0.07,24.73,0.13,17.0,0.14,21.6,0.87,17.0,0.86,21.6,0.92,29.29,0.93,24.73,0.05,0.05,0.093393,1776232900000
1776232902.617,102.617,0.08,29.29,0.07,24.73,0.13,17.0,0.14,21.6,0.87,17.0,0.86,21.6,0.92,29.29,0.93,24.73,0.05,0.05,0.093397,1776232901000
1776232903.239,103.239,0.08,29.29,0.07,24.73,0.13,17.0,0.14,21.6,0.87,17.0,0.86,21.6,0.92,29.29,0.93,24.73,0.05,0.05,0.093398,1776232902000
1776232904.411,104.411,0.08,29.29,0.07,24.73,0.13,17.0,0.14,21.6,0.87,17.0,0.86,21.6,0.92,29.29,0.93,24.73,0.05,0.05,0.093398,1776232903000
1776232904.914,104.914,0.08,29.29,0.07,24.73,0.13,17.0,0.14,21.6,0.87,17.0,0.86,21.6,0.92,29.29,0.93,24.73,0.05,0.05,0.093401,1776232904000
1776232906.073,106.073,0.08,29.29,0.07,24.73,0.13,17.0,0.14,21.6,0.87,17.0,0.86,21.6,0.92,29.29,0.93,24.73,0.05,0.05,0.093401,1776232905000
1776232907.389,107.389,0.08,29.29,0.07,24.73,0.13,17.0,0.14,21.6,0.87,17.0,0.86,21.6,0.92,29.29,0.93,24.73,0.05,0.05,0.093411,1776232906000
1776232908.075,108.075,0.08,29.29,0.07,24.73,0.13,17.0,0.14,21.6,0.87,17.0,0.86,21.6,0.92,29.29,0.93,24.73,0.05,0.05,0.093411,1776232907000
1776232909.214,109.214,0.08,29.29,0.07,24.73,0.13,17.0,0.14,21.6,0.87,17.0,0.86,21.6,0.92,29.29,0.93,24.73,0.05,0.05,0.093409,1776232908000
1776232910.451,110.451,0.08,29.29,0.07,24.73,0.13,17.0,0.14,21.6,0.87,17.0,0.86,21.6,0.92,29.29,0.93,24.73,0.05,0.05,0.093417,1776232909000
1776232911.048,111.048,0.08,29.29,0.07,24.73,0.13,17.0,0.14,21.6,0.87,17.0,0.86,21.6,0.92,29.29,0.93,24.73,0.05,0.05,0.093421,1776232910000
1776232912.182,112.182,0.08,29.29,0.07,24.73,0.13,17.0,0.14,21.6,0.87,17.0,0.86,21.6,0.92,29.29,0.93,24.73,0.05,0.05,0.09342,1776232911000
1776232913.368,113.368,0.08,29.29,0.07,24.73,0.13,17.0,0.14,21.6,0.87,17.0,0.86,21.6,0.92,29.29,0.93,24.73,0.05,0.05,0.093411,1776232912000
1776232913.92,113.92,0.07,42.73,0.06,46.1,0.12,36.83,0.13,23.0,0.88,36.83,0.87,23.0,0.93,42.73,0.94,46.1,0.05,0.05,0.093404,1776232913000
1776232915.094,115.094,0.07,42.73,0.06,46.1,0.12,36.83,0.13,23.0,0.88,36.83,0.87,23.0,0.93,42.73,0.94,46.1,0.05,0.05,0.093401,1776232914000
1776232916.581,116.581,0.07,42.73,0.06,46.1,0.12,36.83,0.13,23.0,0.88,36.83,0.87,23.0,0.93,42.73,0.94,46.1,0.05,0.05,0.0934,1776232915000
1776232917.087,117.087,0.07,42.73,0.06,46.1,0.12,36.83,0.13,23.0,0.88,36.83,0.87,23.0,0.93,42.73,0.94,46.1,0.05,0.05,0.093399,1776232916000
1776232918.146,118.146,0.07,42.73,0.06,46.1,0.12,36.83,0.13,23.0,0.88,36.83,0.87,23.0,0.93,42.73,0.94,46.1,0.05,0.05,0.093399,1776232917000
1776232919.198,119.198,0.07,42.73,0.06,46.1,0.12,36.83,0.13,23.0,0.88,36.83,0.87,23.0,0.93,42.73,0.94,46.1,0.05,0.05,0.0934,1776232918000
1776232920.32,120.32,0.07,42.73,0.06,46.1,0.12,36.83,0.13,23.0,0.88,36.83,0.87,23.0,0.93,42.73,0.94,46.1,0.05,0.05,0.0934,1776232919000
1776232921.288,121.288,0.07,42.73,0.06,46.1,0.12,36.83,0.13,23.0,0.88,36.83,0.87,23.0,0.93,42.73,0.94,46.1,0.05,0.05,0.093413,1776232920000
1776232922.34,122.34,0.07,42.73,0.06,46.1,0.12,36.83,0.13,23.0,0.88,36.83,0.87,23.0,0.93,42.73,0.94,46.1,0.05,0.05,0.093421,1776232921000
1776232922.79,122.79,0.07,42.73,0.06,46.1,0.12,36.83,0.13,23.0,0.88,36.83,0.87,23.0,0.93,42.73,0.94,46.1,0.05,0.05,0.093418,1776232922000
1776232924.349,124.349,0.07,42.73,0.06,46.1,0.12,36.83,0.13,23.0,0.88,36.83,0.87,23.0,0.93,42.73,0.94,46.1,0.05,0.05,0.093417,1776232923000
1776232925.285,125.285,0.07,42.73,0.06,46.1,0.12,36.83,0.13,23.0,0.88,36.83,0.87,23.0,0.93,42.73,0.94,46.1,0.05,0.05,0.093417,1776232924000
1776232926.325,126.325,0.07,42.73,0.06,46.1,0.12,36.83,0.13,23.0,0.88,36.83,0.87,23.0,0.93,42.73,0.94,46.1,0.05,0.05,0.093417,1776232925000
1776232926.85,126.85,0.07,42.73,0.06,46.1,0.12,36.83,0.13,23.0,0.88,36.83,0.87,23.0,0.93,42.73,0.94,46.1,0.05,0.05,0.093416,1776232926000
1776232927.908,127.908,0.07,42.73,0.06,46.1,0.12,36.83,0.13,23.0,0.88,36.83,0.87,23.0,0.93,42.73,0.94,46.1,0.05,0.05,0.093415,1776232927000
1776232928.935,128.935,0.07,42.73,0.06,46.1,0.12,36.83,0.13,23.0,0.88,36.83,0.87,23.0,0.93,42.73,0.94,46.1,0.05,0.05,0.093415,1776232928000
1776232930.327,130.327,0.07,42.73,0.06,46.1,0.12,36.83,0.13,23.0,0.88,36.83,0.87,23.0,0.93,42.73,0.94,46.1,0.05,0.05,0.093416,1776232929000
1776232930.842,130.842,0.08,24.96,0.07,9.73,0.12,36.83,0.15,20.39,0.88,36.83,0.85,20.39,0.92,24.96,0.93,9.73,0.04,0.04,0.093416,1776232930000
1776232931.881,131.881,0.08,24.96,0.07,9.73,0.12,36.83,0.15,20.39,0.88,36.83,0.85,20.39,0.92,24.96,0.93,9.73,0.04,0.04,0.093416,1776232931000
1776232932.911,132.911,0.08,24.96,0.07,9.73,0.12,36.83,0.15,20.39,0.88,36.83,0.85,20.39,0.92,24.96,0.93,9.73,0.04,0.04,0.093415,1776232932000
1776232933.881,133.881,0.08,24.96,0.07,9.73,0.12,36.83,0.15,20.39,0.88,36.83,0.85,20.39,0.92,24.96,0.93,9.73,0.04,0.04,0.093419,1776232933000
1776232934.9,134.9,0.08,24.96,0.07,9.73,0.12,36.83,0.15,20.39,0.88,36.83,0.85,20.39,0.92,24.96,0.93,9.73,0.04,0.04,0.093419,1776232934000
1776232935.946,135.946,0.08,24.96,0.07,9.73,0.12,36.83,0.15,20.39,0.88,36.83,0.85,20.39,0.92,24.96,0.93,9.73,0.04,0.04,0.093419,1776232935000
1776232936.981,136.981,0.08,24.96,0.07,9.73,0.12,36.83,0.15,20.39,0.88,36.83,0.85,20.39,0.92,24.96,0.93,9.73,0.04,0.04,0.093418,1776232936000
1776232938.049,138.049,0.08,24.96,0.07,9.73,0.12,36.83,0.15,20.39,0.88,36.83,0.85,20.39,0.92,24.96,0.93,9.73,0.04,0.04,0.093418,1776232937000
1776232938.991,138.991,0.08,24.96,0.07,9.73,0.12,36.83,0.15,20.39,0.88,36.83,0.85,20.39,0.92,24.96,0.93,9.73,0.04,0.04,0.093416,1776232938000
1776232939.975,139.975,0.08,24.96,0.07,9.73,0.12,36.83,0.15,20.39,0.88,36.83,0.85,20.39,0.92,24.96,0.93,9.73,0.04,0.04,0.09342,1776232939000
1776232940.978,140.978,0.08,24.96,0.07,9.73,0.12,36.83,0.15,20.39,0.88,36.83,0.85,20.39,0.92,24.96,0.93,9.73,0.04,0.04,0.093418,1776232940000
1776232941.991,141.991,0.08,24.96,0.07,9.73,0.12,36.83,0.15,20.39,0.88,36.83,0.85,20.39,0.92,24.96,0.93,9.73,0.04,0.04,0.093418,1776232941000
1776232943.036,143.036,0.08,24.96,0.07,9.73,0.12,36.83,0.15,20.39,0.88,36.83,0.85,20.39,0.92,24.96,0.93,9.73,0.04,0.04,0.093421,1776232942000
1776232944.024,144.024,0.08,24.96,0.07,9.73,0.12,36.83,0.15,20.39,0.88,36.83,0.85,20.39,0.92,24.96,0.93,9.73,0.04,0.04,0.093427,1776232943000
1776232945.028,145.028,0.08,24.96,0.07,9.73,0.12,36.83,0.15,20.39,0.88,36.83,0.85,20.39,0.92,24.96,0.93,9.73,0.04,0.04,0.093427,1776232944000
1776232946.048,146.048,0.08,24.96,0.07,9.73,0.12,36.83,0.15,20.39,0.88,36.83,0.85,20.39,0.92,24.96,0.93,9.73,0.04,0.04,0.09343,1776232945000
1776232947.051,147.051,0.08,24.96,0.07,9.73,0.12,36.83,0.15,20.39,0.88,36.83,0.85,20.39,0.92,24.96,0.93,9.73,0.04,0.04,0.093408,1776232946000
1776232948.025,148.025,0.08,24.96,0.07,9.73,0.12,36.83,0.15,20.39,0.88,36.83,0.85,20.39,0.92,24.96,0.93,9.73,0.04,0.04,0.093403,1776232947000
1776232949.043,149.043,0.08,24.96,0.07,9.73,0.12,36.83,0.15,20.39,0.88,36.83,0.85,20.39,0.92,24.96,0.93,9.73,0.04,0.04,0.093404,1776232948000
1776232950.056,150.056,0.08,24.96,0.07,9.73,0.12,36.83,0.15,20.39,0.88,36.83,0.85,20.39,0.92,24.96,0.93,9.73,0.04,0.04,0.093402,1776232949000
1776232951.092,151.092,0.08,24.96,0.07,9.73,0.12,36.83,0.15,20.39,0.88,36.83,0.85,20.39,0.92,24.96,0.93,9.73,0.04,0.04,0.093405,1776232950000
1776232951.847,151.847,0.05,54.7,0.04,127.7,0.1,48.9,0.11,26.6,0.88,36.83,0.85,20.39,0.92,24.96,0.93,9.73,0.05,0.04,0.093405,1776232950000
1776232952.101,152.101,0.05,54.7,0.04,127.7,0.1,48.9,0.11,26.6,0.9,48.9,0.89,26.6,0.95,54.7,0.96,127.7,0.05,0.05,0.093403,1776232951000
1776232953.184,153.184,0.05,54.7,0.04,127.7,0.1,48.9,0.11,26.6,0.9,48.9,0.89,26.6,0.95,54.7,0.96,127.7,0.05,0.05,0.093395,1776232952000
1776232954.069,154.069,0.05,54.7,0.04,127.7,0.1,48.9,0.11,26.6,0.9,48.9,0.89,26.6,0.95,54.7,0.96,127.7,0.05,0.05,0.093393,1776232953000
1776232955.02,155.02,0.05,54.7,0.04,127.7,0.1,48.9,0.11,26.6,0.9,48.9,0.89,26.6,0.95,54.7,0.96,127.7,0.05,0.05,0.093393,1776232954000
1776232956.168,156.168,0.05,54.7,0.04,127.7,0.1,48.9,0.11,26.6,0.9,48.9,0.89,26.6,0.95,54.7,0.96,127.7,0.05,0.05,0.093393,1776232955000
1776232957.49,157.49,0.05,54.7,0.04,127.7,0.1,48.9,0.11,26.6,0.9,48.9,0.89,26.6,0.95,54.7,0.96,127.7,0.05,0.05,0.093392,1776232956000
1776232958.115,158.115,0.05,54.7,0.04,127.7,0.1,48.9,0.11,26.6,0.9,48.9,0.89,26.6,0.95,54.7,0.96,127.7,0.05,0.05,0.093394,1776232957000
1776232959.729,159.729,0.05,54.7,0.04,127.7,0.1,48.9,0.11,26.6,0.9,48.9,0.89,26.6,0.95,54.7,0.96,127.7,0.05,0.05,0.093393,1776232958000
1776232960.36,160.36,0.05,54.7,0.04,127.7,0.1,48.9,0.11,26.6,0.9,48.9,0.89,26.6,0.95,54.7,0.96,127.7,0.05,0.05,0.093391,1776232959000
1776232961.004,161.004,0.05,54.7,0.04,127.7,0.1,48.9,0.11,26.6,0.9,48.9,0.89,26.6,0.95,54.7,0.96,127.7,0.05,0.05,0.09339,1776232960000
1776232962.308,162.308,0.05,54.7,0.04,127.7,0.1,48.9,0.11,26.6,0.9,48.9,0.89,26.6,0.95,54.7,0.96,127.7,0.05,0.05,0.09339,1776232961000
1776232963.493,163.493,0.05,54.7,0.04,127.7,0.1,48.9,0.11,26.6,0.9,48.9,0.89,26.6,0.95,54.7,0.96,127.7,0.05,0.05,0.093385,1776232962000
1776232964.106,164.106,0.05,54.7,0.04,127.7,0.1,48.9,0.11,26.6,0.9,48.9,0.89,26.6,0.95,54.7,0.96,127.7,0.05,0.05,0.09338,1776232963000
1776232965.504,165.504,0.05,54.7,0.04,127.7,0.1,48.9,0.11,26.6,0.9,48.9,0.89,26.6,0.95,54.7,0.96,127.7,0.05,0.05,0.093373,1776232964000
1776232966.229,166.229,0.05,54.7,0.04,127.7,0.1,48.9,0.11,26.6,0.9,48.9,0.89,26.6,0.95,54.7,0.96,127.7,0.05,0.05,0.093374,1776232965000
1776232967.394,167.394,0.05,54.7,0.04,127.7,0.1,48.9,0.11,26.6,0.9,48.9,0.89,26.6,0.95,54.7,0.96,127.7,0.05,0.05,0.093374,1776232966000
1776232968.111,168.111,0.05,54.7,0.04,127.7,0.1,48.9,0.11,26.6,0.9,48.9,0.89,26.6,0.95,54.7,0.96,127.7,0.05,0.05,0.093372,1776232967000
1776232969.426,169.426,0.02,147.69,0.01,5677.6,0.05,54.7,0.06,62.1,0.95,54.7,0.94,62.1,0.98,147.69,0.99,5677.6,0.03,0.03,0.093374,1776232968000
1776232970.07,170.07,0.02,147.69,0.01,5677.6,0.05,54.7,0.06,62.1,0.95,54.7,0.94,62.1,0.98,147.69,0.99,5677.6,0.03,0.03,0.093372,1776232969000
1776232971.279,171.279,0.02,147.69,0.01,5677.6,0.05,54.7,0.06,62.1,0.95,54.7,0.94,62.1,0.98,147.69,0.99,5677.6,0.03,0.03,0.093374,1776232970000
1776232972.013,172.013,0.02,147.69,0.01,5677.6,0.05,54.7,0.06,62.1,0.95,54.7,0.94,62.1,0.98,147.69,0.99,5677.6,0.03,0.03,0.093374,1776232971000
1776232972.966,172.966,0.02,147.69,0.01,5677.6,0.05,54.7,0.06,62.1,0.95,54.7,0.94,62.1,0.98,147.69,0.99,5677.6,0.03,0.03,0.093372,1776232972000
1776232974.073,174.073,0.01,677.6,,,0.03,89.3,0.04,67.7,0.95,54.7,0.94,62.1,0.98,147.69,0.99,5677.6,0.02,0.03,0.093372,1776232972000
1776232974.682,174.682,0.01,677.6,,,0.03,89.3,0.04,67.7,0.97,89.3,0.96,67.7,0.99,677.6,,,0.02,0.02,0.09337,1776232973000
1776232975.077,175.077,0.01,667.49,,,0.03,89.3,0.04,67.7,0.97,89.3,0.96,67.7,0.99,677.6,,,0.02,0.02,0.09337,1776232973000
1776232976.672,176.672,0.01,667.49,,,0.03,89.3,0.04,67.7,0.97,89.3,0.96,67.7,0.99,667.49,,,0.02,0.02,0.093372,1776232975000
1776232977.443,177.443,0.01,667.49,,,0.03,89.3,0.04,67.7,0.97,89.3,0.96,67.7,0.99,667.49,,,0.02,0.02,0.093372,1776232976000
1776232978.161,178.161,0.01,667.49,,,0.03,89.3,0.04,67.7,0.97,89.3,0.96,67.7,0.99,667.49,,,0.02,0.02,0.093372,1776232977000
1776232979.561,179.561,0.01,522.94,,,0.03,89.3,0.04,67.7,0.97,89.3,0.96,67.7,0.99,667.49,,,0.02,0.02,0.093372,1776232977000
1776232980.305,180.305,0.01,522.94,,,0.03,89.3,0.04,67.7,0.97,89.3,0.96,67.7,0.99,522.94,,,0.02,0.02,0.093378,1776232979000
1776232980.62,180.62,0.01,471.94,,,0.02,17.34,0.03,89.3,0.97,89.3,0.96,67.7,0.99,522.94,,,0.01,0.02,0.093378,1776232979000
1776232981.571,181.571,0.01,471.94,,,0.02,17.34,0.03,89.3,0.98,17.34,0.97,89.3,0.99,471.94,,,0.01,0.01,0.093378,1776232980000
1776232982.256,182.256,0.01,471.94,,,0.02,17.34,0.03,89.3,0.98,17.34,0.97,89.3,0.99,471.94,,,0.01,0.01,0.093379,1776232981000
1776232983.558,183.558,0.01,471.94,,,0.02,17.34,0.03,89.3,0.98,17.34,0.97,89.3,0.99,471.94,,,0.01,0.01,0.093379,1776232982000
1776232984.253,184.253,0.01,471.94,,,0.02,17.34,0.03,89.3,0.98,17.34,0.97,89.3,0.99,471.94,,,0.01,0.01,0.093377,1776232983000
1776232985.506,185.506,0.01,471.94,,,0.02,17.34,0.03,89.3,0.98,17.34,0.97,89.3,0.99,471.94,,,0.01,0.01,0.093372,1776232984000
1776232986.12,186.12,0.01,471.94,,,0.02,17.34,0.03,89.3,0.98,17.34,0.97,89.3,0.99,471.94,,,0.01,0.01,0.093359,1776232985000
1776232987.582,187.582,0.01,471.94,,,0.02,17.34,0.03,89.3,0.98,17.34,0.97,89.3,0.99,471.94,,,0.01,0.01,0.093366,1776232986000
1776232988.066,188.066,0.01,471.94,,,0.02,17.34,0.03,89.3,0.98,17.34,0.97,89.3,0.99,471.94,,,0.01,0.01,0.093369,1776232987000
1776232989.315,189.315,0.01,471.94,,,0.02,17.34,0.03,89.3,0.98,17.34,0.97,89.3,0.99,471.94,,,0.01,0.01,0.093378,1776232988000
1776232990.462,190.462,0.01,471.94,,,0.02,17.34,0.03,89.3,0.98,17.34,0.97,89.3,0.99,471.94,,,0.01,0.01,0.093378,1776232989000
1776232991.086,191.086,0.01,471.94,,,0.02,17.34,0.03,89.3,0.98,17.34,0.97,89.3,0.99,471.94,,,0.01,0.01,0.093378,1776232990000
1776232992.158,192.158,0.01,471.94,,,0.02,17.34,0.03,89.3,0.98,17.34,0.97,89.3,0.99,471.94,,,0.01,0.01,0.093374,1776232991000
1776232993.216,193.216,0.01,471.94,,,0.02,17.34,0.03,89.3,0.98,17.34,0.97,89.3,0.99,471.94,,,0.01,0.01,0.093373,1776232992000
1776232994.329,194.329,0.01,471.94,,,0.02,17.34,0.03,89.3,0.98,17.34,0.97,89.3,0.99,471.94,,,0.01,0.01,0.093373,1776232993000
1776232994.925,194.925,0.01,471.94,,,0.02,17.34,0.03,89.3,0.98,17.34,0.97,89.3,0.99,471.94,,,0.01,0.01,0.093374,1776232994000
1776232996.106,196.106,0.01,471.94,,,0.02,17.34,0.03,89.3,0.98,17.34,0.97,89.3,0.99,471.94,,,0.01,0.01,0.093374,1776232995000
1776232997.209,197.209,0.01,471.94,,,0.02,17.34,0.03,89.3,0.98,17.34,0.97,89.3,0.99,471.94,,,0.01,0.01,0.093374,1776232996000
1776232998.311,198.311,0.01,471.94,,,0.02,17.34,0.03,89.3,0.98,17.34,0.97,89.3,0.99,471.94,,,0.01,0.01,0.093359,1776232997000
1776232998.913,198.913,0.01,471.94,,,0.02,17.34,0.03,89.3,0.98,17.34,0.97,89.3,0.99,471.94,,,0.01,0.01,0.093358,1776232998000
1776233000.029,200.029,0.01,471.94,,,0.02,17.34,0.03,89.3,0.98,17.34,0.97,89.3,0.99,471.94,,,0.01,0.01,0.093357,1776232999000
1776233000.919,200.919,,,,,0.01,15.91,0.02,155.03,0.98,17.34,0.97,89.3,0.99,471.94,,,,0.01,0.093357,1776232999000
1776233001.241,201.241,,,,,0.01,10.94,0.02,155.03,0.99,15.91,0.98,155.03,,,,,,,0.093357,1776232999000
1776233002.3,202.3,,,,,0.01,10.94,0.02,155.03,0.99,10.94,0.98,155.03,,,,,,,0.093337,1776233001000
1776233002.914,202.914,,,,,0.01,10.94,0.02,155.03,0.99,10.94,0.98,155.03,,,,,,,0.093337,1776233002000
1776233004.076,204.076,,,,,0.01,10.94,0.02,155.03,0.99,10.94,0.98,155.03,,,,,,,0.093337,1776233003000
1776233005.035,205.035,,,,,0.01,10.94,0.02,155.03,0.99,10.94,0.98,155.03,,,,,,,0.093336,1776233004000
1776233006.19,206.19,,,,,0.01,10.94,0.02,155.03,0.99,10.94,0.98,155.03,,,,,,,0.093331,1776233005000
1776233007.288,207.288,,,,,0.01,10.94,0.02,155.03,0.99,10.94,0.98,155.03,,,,,,,0.093326,1776233006000
1776233008.356,208.356,,,,,0.01,10.94,0.02,155.03,0.99,10.94,0.98,155.03,,,,,,,0.093324,1776233007000
1776233008.84,208.84,,,,,0.01,10.94,0.02,155.03,0.99,10.94,0.98,155.03,,,,,,,0.093323,1776233008000
1776233009.972,209.972,,,,,0.01,10.94,0.02,155.03,0.99,10.94,0.98,155.03,,,,,,,0.093322,1776233009000
1776233011.034,211.034,,,,,0.01,10.94,0.02,155.03,0.99,10.94,0.98,155.03,,,,,,,0.093327,1776233010000
1776233012.023,212.023,,,,,0.01,10.94,0.02,155.03,0.99,10.94,0.98,155.03,,,,,,,0.093324,1776233011000
1776233013.079,213.079,,,,,0.01,10.94,0.02,155.03,0.99,10.94,0.98,155.03,,,,,,,0.093324,1776233012000
1776233014.124,214.124,,,,,0.01,10.94,0.02,155.03,0.99,10.94,0.98,155.03,,,,,,,0.093324,1776233013000
1776233015.213,215.213,,,,,0.01,10.94,0.02,155.03,0.99,10.94,0.98,155.03,,,,,,,0.093325,1776233014000
1776233016.274,216.274,,,,,0.01,10.94,0.02,155.03,0.99,10.94,0.98,155.03,,,,,,,0.093325,1776233015000
1776233017.576,217.576,,,,,0.01,10.94,0.02,155.03,0.99,10.94,0.98,155.03,,,,,,,0.093324,1776233016000
1776233019.056,219.056,,,,,0.01,10.94,0.02,155.03,0.99,10.94,0.98,155.03,,,,,,,0.093324,1776233018000
1776233020.214,220.214,,,,,0.01,10.94,0.02,155.03,0.99,10.94,0.98,155.03,,,,,,,0.093327,1776233019000
1776233021.345,221.345,,,,,0.01,10.94,0.02,155.03,0.99,10.94,0.98,155.03,,,,,,,0.093324,1776233020000
1776233021.957,221.957,,,,,0.01,10.94,0.02,155.03,0.99,10.94,0.98,155.03,,,,,,,0.093324,1776233021000
1776233023.159,223.159,,,,,0.01,10.94,0.02,155.03,0.99,10.94,0.98,155.03,,,,,,,0.093324,1776233022000
1776233024.512,224.512,,,,,0.01,10.94,0.02,155.03,0.99,10.94,0.98,155.03,,,,,,,0.093324,1776233023000
1776233025.05,225.05,,,,,0.01,10.94,0.02,155.03,0.99,10.94,0.98,155.03,,,,,,,0.093324,1776233024000
1776233026.21,226.21,,,,,0.01,10.94,0.02,155.03,0.99,10.94,0.98,155.03,,,,,,,0.093327,1776233025000
1776233027.672,227.672,,,,,0.01,10.94,0.02,155.03,0.99,10.94,0.98,155.03,,,,,,,0.093321,1776233026000
1776233028.299,228.299,,,,,0.01,10.94,0.02,155.03,0.99,10.94,0.98,155.03,,,,,,,0.093321,1776233027000
1776233029.456,229.456,,,,,0.01,10.94,0.02,155.03,0.99,10.94,0.98,155.03,,,,,,,0.093322,1776233028000
1776233030.017,230.017,,,,,0.01,10.94,0.02,155.03,0.99,10.94,0.98,155.03,,,,,,,0.093322,1776233029000
1776233031.204,231.204,,,,,0.01,10.94,0.02,155.03,0.99,10.94,0.98,155.03,,,,,,,0.093317,1776233030000
1776233032.366,232.366,,,,,0.01,10.94,0.02,155.03,0.99,10.94,0.98,155.03,,,,,,,0.093315,1776233031000
1776233032.864,232.864,,,,,0.01,10.94,0.02,155.03,0.99,10.94,0.98,155.03,,,,,,,0.093316,1776233032000
1776233034.472,234.472,,,,,0.01,10.94,0.02,155.03,0.99,10.94,0.98,155.03,,,,,,,0.093317,1776233033000
1776233034.966,234.966,,,,,0.01,10.94,0.02,155.03,0.99,10.94,0.98,155.03,,,,,,,0.093315,1776233034000
1776233036.043,236.043,,,,,0.01,10.94,0.02,155.03,0.99,10.94,0.98,155.03,,,,,,,0.093315,1776233035000
1776233037.075,237.075,,,,,0.01,10.94,0.02,155.03,0.99,10.94,0.98,155.03,,,,,,,0.093313,1776233036000
1776233038.13,238.13,,,,,0.01,10.94,0.02,155.03,0.99,10.94,0.98,155.03,,,,,,,0.093312,1776233037000
1776233039.209,239.209,,,,,0.01,10.94,0.02,155.03,0.99,10.94,0.98,155.03,,,,,,,0.093314,1776233038000
1776233040.276,240.276,,,,,0.01,10.94,0.02,155.03,0.99,10.94,0.98,155.03,,,,,,,0.09331,1776233039000
1776233041.334,241.334,,,,,0.01,10.94,0.02,155.03,0.99,10.94,0.98,155.03,,,,,,,0.09331,1776233040000
1776233041.916,241.916,,,,,0.01,10.94,0.02,155.03,0.99,10.94,0.98,155.03,,,,,,,0.09331,1776233041000
1776233043.002,243.002,,,,,0.01,10.94,0.02,155.03,0.99,10.94,0.98,155.03,,,,,,,0.093303,1776233042000
1776233044.067,244.067,,,,,0.01,10.94,0.02,155.03,0.99,10.94,0.98,155.03,,,,,,,0.093307,1776233043000
1776233045.179,245.179,,,,,0.01,10.94,0.02,155.03,0.99,10.94,0.98,155.03,,,,,,,0.093304,1776233044000
1776233046.172,246.172,,,,,0.01,10.94,0.02,155.03,0.99,10.94,0.98,155.03,,,,,,,0.093305,1776233045000
1776233047.173,247.173,,,,,0.01,10.94,0.02,155.03,0.99,10.94,0.98,155.03,,,,,,,0.093301,1776233046000
1776233048.192,248.192,,,,,0.01,10.94,0.02,155.03,0.99,10.94,0.98,155.03,,,,,,,0.093303,1776233047000
1776233049.233,249.233,,,,,0.01,10.94,0.02,155.03,0.99,10.94,0.98,155.03,,,,,,,0.093303,1776233048000
1776233050.149,250.149,,,,,0.01,10.94,0.02,155.03,0.99,10.94,0.98,155.03,,,,,,,0.093303,1776233049000
1776233051.126,251.126,,,,,0.01,10.94,0.02,155.03,0.99,10.94,0.98,155.03,,,,,,,0.093301,1776233050000
1776233052.127,252.127,,,,,0.01,10.94,0.02,155.03,0.99,10.94,0.98,155.03,,,,,,,0.093301,1776233051000
1776233053.14,253.14,,,,,0.01,10.94,0.02,155.03,0.99,10.94,0.98,155.03,,,,,,,0.093302,1776233052000
1776233054.195,254.195,,,,,0.01,10.94,0.02,155.03,0.99,10.94,0.98,155.03,,,,,,,0.093305,1776233053000
1776233055.102,255.102,,,,,0.01,10.94,0.02,155.03,0.99,10.94,0.98,155.03,,,,,,,0.093298,1776233054000
1776233056.181,256.181,,,,,0.01,10.94,0.02,155.03,0.99,10.94,0.98,155.03,,,,,,,0.093298,1776233055000
1776233057.224,257.224,,,,,0.01,10.94,0.02,155.03,0.99,10.94,0.98,155.03,,,,,,,0.093296,1776233056000
1776233058.156,258.156,,,,,0.01,10.94,0.02,155.03,0.99,10.94,0.98,155.03,,,,,,,0.093299,1776233057000
1776233059.149,259.149,,,,,0.01,10.94,0.02,155.03,0.99,10.94,0.98,155.03,,,,,,,0.0933,1776233058000
1776233060.153,260.153,,,,,0.01,10.94,0.02,155.03,0.99,10.94,0.98,155.03,,,,,,,0.0933,1776233059000
1776233061.203,261.203,,,,,0.01,10.94,0.02,155.03,0.99,10.94,0.98,155.03,,,,,,,0.093299,1776233060000
1776233062.103,262.103,,,,,0.01,10.94,0.02,155.03,0.99,10.94,0.98,155.03,,,,,,,0.093293,1776233061000
1776233063.255,263.255,,,,,0.01,10.94,0.02,155.03,0.99,10.94,0.98,155.03,,,,,,,0.093291,1776233062000
1776233064.344,264.344,,,,,0.01,10.94,0.02,155.03,0.99,10.94,0.98,155.03,,,,,,,0.093289,1776233063000
1776233065.212,265.212,,,,,0.01,10.94,0.02,155.03,0.99,10.94,0.98,155.03,,,,,,,0.093289,1776233064000
1776233066.364,266.364,,,,,0.01,10.94,0.02,155.03,0.99,10.94,0.98,155.03,,,,,,,0.093293,1776233065000
1776233066.914,266.914,,,,,0.01,10.94,0.02,155.03,0.99,10.94,0.98,155.03,,,,,,,0.093293,1776233066000
1776233067.893,267.893,,,,,0.01,10.94,0.02,155.03,0.99,10.94,0.98,155.03,,,,,,,0.093295,1776233067000
1776233068.916,268.916,,,,,0.01,10.94,0.02,155.03,0.99,10.94,0.98,155.03,,,,,,,0.093292,1776233068000
1776233069.818,269.818,,,,,0.01,10.94,0.02,155.03,0.99,10.94,0.98,155.03,,,,,,,0.093296,1776233069000
1776233070.944,270.944,,,,,0.01,10.94,0.02,155.03,0.99,10.94,0.98,155.03,,,,,,,0.093299,1776233070000
1776233072.147,272.147,,,,,0.01,10.94,0.02,155.03,0.99,10.94,0.98,155.03,,,,,,,0.093313,1776233071000
1776233073.242,273.242,,,,,0.01,10.94,0.02,155.03,0.99,10.94,0.98,155.03,,,,,,,0.093314,1776233072000
1776233074.352,274.352,,,,,0.01,10.94,0.02,155.03,0.99,10.94,0.98,155.03,,,,,,,0.093313,1776233073000
1776233075.319,275.319,,,,,0.01,10.94,0.02,155.03,0.99,10.94,0.98,155.03,,,,,,,0.093314,1776233074000
1776233075.894,275.894,,,,,0.01,10.94,0.02,155.03,0.99,10.94,0.98,155.03,,,,,,,0.093308,1776233075000
1776233076.962,276.962,,,,,0.01,10.94,0.02,155.03,0.99,10.94,0.98,155.03,,,,,,,0.093307,1776233076000
1776233078.007,278.007,,,,,0.01,10.94,0.02,155.03,0.99,10.94,0.98,155.03,,,,,,,0.093304,1776233077000
1776233079.037,279.037,,,,,0.01,10.94,0.02,155.03,0.99,10.94,0.98,155.03,,,,,,,0.093299,1776233078000
1776233080.21,280.21,,,,,0.01,10.94,0.02,155.03,0.99,10.94,0.98,155.03,,,,,,,0.093299,1776233079000
1776233081.206,281.206,,,,,0.01,10.94,0.02,155.03,0.99,10.94,0.98,155.03,,,,,,,0.093272,1776233080000
1776233082.3,282.3,,,,,0.01,10.94,0.02,155.03,0.99,10.94,0.98,155.03,,,,,,,0.09327,1776233081000
1776233082.862,282.862,,,,,0.01,10.94,0.02,155.03,0.99,10.94,0.98,155.03,,,,,,,0.09327,1776233082000
1776233083.837,283.837,,,,,0.01,10.94,0.02,155.03,0.99,10.94,0.98,155.03,,,,,,,0.093277,1776233083000
1776233084.893,284.893,,,,,0.01,10.94,0.02,155.03,0.99,10.94,0.98,155.03,,,,,,,0.093276,1776233084000
1776233086.129,286.129,,,,,0.01,10.94,0.02,155.03,0.99,10.94,0.98,155.03,,,,,,,0.093271,1776233085000
1776233087.19,287.19,,,,,0.01,10.94,0.02,155.03,0.99,10.94,0.98,155.03,,,,,,,0.093256,1776233086000
1776233088.172,288.172,,,,,0.01,10.94,0.02,155.03,0.99,10.94,0.98,155.03,,,,,,,0.093252,1776233087000
1776233089.056,289.056,,,,,0.01,10.94,0.02,155.03,0.99,10.94,0.98,155.03,,,,,,,0.093252,1776233088000
1776233089.662,289.662,0.001,218.99,,,0.01,2590.45,0.02,5.0,0.99,10.94,0.98,155.03,,,,,0.009,,0.093252,1776233088000
1776233090.203,290.203,0.001,218.99,,,0.01,2590.45,0.02,5.0,0.99,2590.45,0.98,5.0,0.999,218.99,,,0.009,0.009,0.093252,1776233089000
1776233091.227,291.227,0.001,218.99,,,0.01,2590.45,0.02,5.0,0.99,2590.45,0.98,5.0,0.999,218.99,,,0.009,0.009,0.09325,1776233090000
1776233092.339,292.339,0.001,218.99,,,0.01,2590.45,0.02,5.0,0.99,2590.45,0.98,5.0,0.999,218.99,,,0.009,0.009,0.093246,1776233091000
1776233092.607,292.607,0.001,232.92,,,0.01,2605.45,0.02,5.0,0.99,2590.45,0.98,5.0,0.999,218.99,,,0.009,0.009,0.093246,1776233091000
1776233092.904,292.904,0.001,232.92,,,0.01,2605.45,0.02,5.0,0.99,2605.45,0.98,5.0,0.999,232.92,,,0.009,0.009,0.093252,1776233092000
1776233093.948,293.948,0.001,232.92,,,0.01,2605.45,0.02,5.0,0.99,2605.45,0.98,5.0,0.999,232.92,,,0.009,0.009,0.093263,1776233093000
1776233094.28,294.28,0.001,224.93,,,0.01,2610.5,0.02,5.0,0.99,2605.45,0.98,5.0,0.999,232.92,,,0.009,0.009,0.093263,1776233093000
1776233095.076,295.076,0.001,224.93,,,0.01,2610.5,0.02,5.0,0.99,2610.5,0.98,5.0,0.999,224.93,,,0.009,0.009,0.093264,1776233094000
1776233096.068,296.068,0.001,224.93,,,0.01,2610.5,0.02,5.0,0.99,2610.5,0.98,5.0,0.999,224.93,,,0.009,0.009,0.093264,1776233095000
1776233096.639,296.639,0.001,216.94,,,0.01,2610.5,0.02,5.0,0.99,2610.5,0.98,5.0,0.999,224.93,,,0.009,0.009,0.093264,1776233095000
1776233097.17,297.17,0.001,216.94,,,0.01,2610.5,0.02,5.0,0.99,2610.5,0.98,5.0,0.999,216.94,,,0.009,0.009,0.093266,1776233096000
1776233097.499,297.499,0.001,206.94,,,0.01,2610.5,0.02,5.0,0.99,2610.5,0.98,5.0,0.999,216.94,,,0.009,0.009,0.093266,1776233096000
1776233098.388,298.388,0.001,206.94,,,0.01,2610.5,0.02,5.0,0.99,2610.5,0.98,5.0,0.999,206.94,,,0.009,0.009,0.093267,1776233097000
1776233098.909,298.909,0.001,196.94,,,0.01,3640.55,0.02,5.0,0.99,2610.5,0.98,5.0,0.999,206.94,,,0.009,0.009,0.093267,1776233097000
1776233099.347,299.347,0.001,156.94,,,0.01,3640.55,0.02,5.0,0.99,3640.55,0.98,5.0,0.999,156.94,,,0.009,0.009,0.093268,1776233098000
1776233099.548,299.548,,,,,0.001,43.26,0.01,13928.42,0.99,13928.42,0.98,5.0,0.999,56.84,,,,0.009,0.093268,1776233098000
1776233099.938,299.938,,,,,0.001,43.26,0.01,13928.42,0.999,43.26,0.99,13928.42,,,,,,,0.093267,1776233099000
1776233100.87,300.87,,,,,0.001,43.26,0.01,13928.42,0.999,43.26,0.99,13928.42,,,,,,,0.093268,1776233100000
1776233102.085,302.085,,,,,0.001,43.26,0.01,13928.42,0.999,43.26,0.99,13928.42,,,,,,,0.093268,1776233101000

# RESULT,winner=Down,slug=doge-updown-5m-1776232800,ticks=318
