timestamp,elapsed_sec,up_bid_p1,up_bid_s1,up_bid_p2,up_bid_s2,up_ask_p1,up_ask_s1,up_ask_p2,up_ask_s2,down_bid_p1,down_bid_s1,down_bid_p2,down_bid_s2,down_ask_p1,down_ask_s1,down_ask_p2,down_ask_s2,up_spread,down_spread,doge_price,doge_oracle_ts
1776213311.308,11.308,0.35,16.0,0.34,10.0,0.51,50.0,0.57,20.0,0.49,50.0,0.48,5.0,0.59,5.0,0.65,16.0,0.16,0.1,0.093273,1776213309000
1776213311.823,11.823,0.38,10.0,0.35,6.0,0.47,5.0,0.49,5.0,0.49,50.0,0.48,5.0,0.59,5.0,0.65,16.0,0.09,0.1,0.093273,1776213310000
1776213313.049,13.049,0.38,10.0,0.35,6.0,0.47,5.0,0.49,5.0,0.53,5.0,0.51,5.0,0.62,10.0,0.65,6.0,0.09,0.09,0.093256,1776213312000
1776213314.135,14.135,0.38,10.0,0.35,6.0,0.47,5.0,0.49,5.0,0.53,5.0,0.51,5.0,0.62,10.0,0.65,6.0,0.09,0.09,0.093243,1776213313000
1776213315.308,15.308,0.38,10.0,0.35,6.0,0.47,5.0,0.49,5.0,0.53,5.0,0.51,5.0,0.62,10.0,0.65,6.0,0.09,0.09,0.093236,1776213314000
1776213316.311,16.311,0.38,10.0,0.35,6.0,0.47,5.0,0.49,5.0,0.53,5.0,0.51,5.0,0.62,10.0,0.65,6.0,0.09,0.09,0.093241,1776213315000
1776213316.901,16.901,0.38,10.0,0.35,6.0,0.47,5.0,0.49,5.0,0.53,5.0,0.51,5.0,0.62,10.0,0.65,6.0,0.09,0.09,0.093246,1776213316000
1776213318.1,18.1,0.38,10.0,0.35,6.0,0.47,5.0,0.49,5.0,0.53,5.0,0.51,5.0,0.62,10.0,0.65,6.0,0.09,0.09,0.093247,1776213317000
1776213319.191,19.191,0.38,10.0,0.35,6.0,0.47,5.0,0.49,5.0,0.53,5.0,0.51,5.0,0.62,10.0,0.65,6.0,0.09,0.09,0.093246,1776213318000
1776213320.318,20.318,0.38,10.0,0.35,6.0,0.47,5.0,0.49,5.0,0.53,5.0,0.51,5.0,0.62,10.0,0.65,6.0,0.09,0.09,0.093246,1776213319000
1776213321.394,21.394,0.38,10.0,0.35,6.0,0.47,5.0,0.49,5.0,0.53,5.0,0.51,5.0,0.62,10.0,0.65,6.0,0.09,0.09,0.09324,1776213320000
1776213322.048,22.048,0.38,10.0,0.35,6.0,0.47,5.0,0.49,5.0,0.53,5.0,0.51,5.0,0.62,10.0,0.65,6.0,0.09,0.09,0.093244,1776213321000
1776213323.475,23.475,0.38,10.0,0.35,6.0,0.47,5.0,0.49,5.0,0.53,5.0,0.51,5.0,0.62,10.0,0.65,6.0,0.09,0.09,0.093252,1776213322000
1776213323.986,23.986,0.38,10.0,0.35,6.0,0.47,5.0,0.49,5.0,0.53,5.0,0.51,5.0,0.62,10.0,0.65,6.0,0.09,0.09,0.093253,1776213323000
1776213325.162,25.162,0.38,10.0,0.35,6.0,0.47,5.0,0.49,5.0,0.53,5.0,0.51,5.0,0.62,10.0,0.65,6.0,0.09,0.09,0.093253,1776213324000
1776213326.313,26.313,0.38,10.0,0.35,6.0,0.47,5.0,0.49,5.0,0.53,5.0,0.51,5.0,0.62,10.0,0.65,6.0,0.09,0.09,0.093253,1776213325000
1776213326.851,26.851,0.38,10.0,0.35,6.0,0.47,5.0,0.49,5.0,0.53,5.0,0.51,5.0,0.62,10.0,0.65,6.0,0.09,0.09,0.093253,1776213326000
1776213327.905,27.905,0.38,10.0,0.35,6.0,0.47,5.0,0.49,5.0,0.53,5.0,0.51,5.0,0.62,10.0,0.65,6.0,0.09,0.09,0.093253,1776213327000
1776213329.138,29.138,0.38,10.0,0.35,6.0,0.47,5.0,0.49,5.0,0.53,5.0,0.51,5.0,0.62,10.0,0.65,6.0,0.09,0.09,0.093253,1776213328000
1776213330.206,30.206,0.38,10.0,0.35,6.0,0.47,5.0,0.49,5.0,0.53,5.0,0.51,5.0,0.62,10.0,0.65,6.0,0.09,0.09,0.093255,1776213329000
1776213330.419,30.419,0.4,10.0,0.31,60.0,0.52,1.01,0.55,10.0,0.53,5.0,0.51,5.0,0.62,10.0,0.65,6.0,0.12,0.09,0.093255,1776213329000
1776213330.719,30.719,0.53,85.44,0.4,10.0,0.54,5.0,0.55,10.0,0.45,10.0,0.44,10.0,0.47,7.91,0.6,10.0,0.01,0.02,0.093255,1776213329000
1776213331.276,31.276,0.53,85.44,0.4,10.0,0.54,5.0,0.55,10.0,0.46,5.0,0.45,10.0,0.47,85.44,0.6,10.0,0.01,0.01,0.093257,1776213330000
1776213332.269,32.269,0.53,85.44,0.4,10.0,0.54,5.0,0.55,10.0,0.46,5.0,0.45,10.0,0.47,85.44,0.6,10.0,0.01,0.01,0.093257,1776213331000
1776213332.573,32.573,0.53,30.44,0.38,5.0,0.54,57.0,0.55,10.0,0.46,47.0,0.45,10.0,0.47,35.44,0.62,5.0,0.01,0.01,0.093257,1776213331000
1776213333.409,33.409,0.53,30.44,0.38,5.0,0.54,57.0,0.55,10.0,0.46,57.0,0.45,10.0,0.47,30.44,0.62,5.0,0.01,0.01,0.093255,1776213332000
1776213333.918,33.918,0.53,30.44,0.38,5.0,0.54,57.0,0.55,10.0,0.46,57.0,0.45,10.0,0.47,30.44,0.62,5.0,0.01,0.01,0.093255,1776213333000
1776213334.255,34.255,0.38,5.0,0.37,5.0,0.54,62.0,0.55,10.0,0.46,57.0,0.45,10.0,0.47,30.44,0.62,5.0,0.16,0.01,0.093255,1776213333000
1776213335.12,35.12,0.38,5.0,0.37,5.0,0.54,62.0,0.55,10.0,0.46,62.0,0.45,10.0,0.62,5.0,0.63,5.0,0.16,0.16,0.093243,1776213334000
1776213336.094,36.094,0.38,5.0,0.37,5.0,0.54,62.0,0.55,10.0,0.46,62.0,0.45,10.0,0.62,5.0,0.63,5.0,0.16,0.16,0.09324,1776213335000
1776213337.816,37.816,0.38,5.0,0.37,5.0,0.54,62.0,0.55,10.0,0.46,62.0,0.45,10.0,0.62,5.0,0.63,5.0,0.16,0.16,0.093239,1776213336000
1776213338.298,38.298,0.38,5.0,0.37,5.0,0.54,62.0,0.55,10.0,0.46,62.0,0.45,10.0,0.62,5.0,0.63,5.0,0.16,0.16,0.093239,1776213337000
1776213339.295,39.295,0.38,5.0,0.37,5.0,0.54,62.0,0.55,10.0,0.46,62.0,0.45,10.0,0.62,5.0,0.63,5.0,0.16,0.16,0.093239,1776213338000
1776213340.274,40.274,0.38,5.0,0.37,5.0,0.54,62.0,0.55,10.0,0.46,62.0,0.45,10.0,0.62,5.0,0.63,5.0,0.16,0.16,0.093235,1776213339000
1776213341.277,41.277,0.38,5.0,0.37,5.0,0.54,62.0,0.55,10.0,0.46,62.0,0.45,10.0,0.62,5.0,0.63,5.0,0.16,0.16,0.093234,1776213340000
1776213342.23,42.23,0.38,5.0,0.37,5.0,0.54,62.0,0.55,10.0,0.46,62.0,0.45,10.0,0.62,5.0,0.63,5.0,0.16,0.16,0.093234,1776213341000
1776213343.224,43.224,0.38,5.0,0.37,5.0,0.54,62.0,0.55,10.0,0.46,62.0,0.45,10.0,0.62,5.0,0.63,5.0,0.16,0.16,0.093235,1776213342000
1776213344.23,44.23,0.38,5.0,0.37,5.0,0.54,62.0,0.55,10.0,0.46,62.0,0.45,10.0,0.62,5.0,0.63,5.0,0.16,0.16,0.093235,1776213343000
1776213345.253,45.253,0.38,5.0,0.37,5.0,0.54,62.0,0.55,10.0,0.46,62.0,0.45,10.0,0.62,5.0,0.63,5.0,0.16,0.16,0.093236,1776213344000
1776213346.186,46.186,0.38,5.0,0.37,5.0,0.54,62.0,0.55,10.0,0.46,62.0,0.45,10.0,0.62,5.0,0.63,5.0,0.16,0.16,0.093236,1776213345000
1776213347.153,47.153,0.38,5.0,0.37,5.0,0.54,62.0,0.55,10.0,0.46,62.0,0.45,10.0,0.62,5.0,0.63,5.0,0.16,0.16,0.093236,1776213346000
1776213348.193,48.193,0.38,5.0,0.37,5.0,0.54,62.0,0.55,10.0,0.46,62.0,0.45,10.0,0.62,5.0,0.63,5.0,0.16,0.16,0.093236,1776213347000
1776213349.173,49.173,0.38,5.0,0.37,5.0,0.54,62.0,0.55,10.0,0.46,62.0,0.45,10.0,0.62,5.0,0.63,5.0,0.16,0.16,0.093239,1776213348000
1776213350.75,50.75,0.38,5.0,0.37,5.0,0.54,62.0,0.55,10.0,0.46,62.0,0.45,10.0,0.62,5.0,0.63,5.0,0.16,0.16,0.093244,1776213349000
1776213351.308,51.308,0.38,5.0,0.37,5.0,0.54,62.0,0.55,10.0,0.46,62.0,0.45,10.0,0.62,5.0,0.63,5.0,0.16,0.16,0.093245,1776213350000
1776213352.12,52.12,0.48,5.0,0.41,50.0,0.49,13.53,0.54,20.0,0.46,62.0,0.45,10.0,0.62,5.0,0.63,5.0,0.01,0.16,0.093245,1776213350000
1776213352.431,52.431,0.71,30.1,0.61,42.75,0.72,20.0,0.81,5.0,0.28,20.0,0.19,5.0,0.29,30.1,0.39,42.75,0.01,0.01,0.093243,1776213351000
1776213352.969,52.969,0.61,75.75,0.59,10.0,0.79,1.24,0.82,17.6,0.21,1.24,0.18,17.6,0.39,75.75,0.41,10.0,0.18,0.18,0.093245,1776213352000
1776213353.954,53.954,0.61,75.75,0.59,10.0,0.79,1.24,0.82,17.6,0.21,1.24,0.18,17.6,0.39,75.75,0.41,10.0,0.18,0.18,0.093335,1776213353000
1776213355.123,55.123,0.61,75.75,0.59,10.0,0.79,1.24,0.82,17.6,0.21,1.24,0.18,17.6,0.39,75.75,0.41,10.0,0.18,0.18,0.093368,1776213354000
1776213355.462,55.462,0.78,5.0,0.74,13.0,0.79,10.7,0.8,16.2,0.21,1.24,0.18,17.6,0.39,75.75,0.41,10.0,0.01,0.18,0.093368,1776213354000
1776213356.234,56.234,0.78,5.0,0.74,13.0,0.79,10.7,0.8,16.2,0.21,10.7,0.2,16.2,0.22,5.0,0.26,13.0,0.01,0.01,0.093375,1776213355000
1776213357.403,57.403,0.78,5.0,0.74,13.0,0.79,10.7,0.8,16.2,0.21,10.7,0.2,16.2,0.22,5.0,0.26,13.0,0.01,0.01,0.093384,1776213356000
1776213358.09,58.09,0.78,5.0,0.74,13.0,0.79,10.7,0.8,16.2,0.21,10.7,0.2,16.2,0.22,5.0,0.26,13.0,0.01,0.01,0.093384,1776213357000
1776213359.235,59.235,0.78,5.0,0.74,13.0,0.79,10.7,0.8,16.2,0.21,10.7,0.2,16.2,0.22,5.0,0.26,13.0,0.01,0.01,0.093375,1776213358000
1776213359.613,59.613,0.74,5.0,0.68,5.0,0.77,14.7,0.78,15.2,0.21,10.7,0.2,16.2,0.22,5.0,0.26,13.0,0.03,0.01,0.093375,1776213358000
1776213360.235,60.235,0.74,5.0,0.68,5.0,0.77,14.7,0.78,15.2,0.23,14.7,0.22,15.2,0.26,5.0,0.32,5.0,0.03,0.03,0.093373,1776213359000
1776213361.379,61.379,0.74,5.0,0.68,5.0,0.77,14.7,0.78,15.2,0.23,14.7,0.22,15.2,0.26,5.0,0.32,5.0,0.03,0.03,0.093365,1776213360000
1776213362.372,62.372,0.74,5.0,0.68,5.0,0.77,14.7,0.78,15.2,0.23,14.7,0.22,15.2,0.26,5.0,0.32,5.0,0.03,0.03,0.093346,1776213361000
1776213362.989,62.989,0.74,5.0,0.68,5.0,0.77,14.7,0.78,15.2,0.23,14.7,0.22,15.2,0.26,5.0,0.32,5.0,0.03,0.03,0.093337,1776213362000
1776213364.078,64.078,0.74,5.0,0.68,5.0,0.77,14.7,0.78,15.2,0.23,14.7,0.22,15.2,0.26,5.0,0.32,5.0,0.03,0.03,0.093335,1776213363000
1776213365.126,65.126,0.74,5.0,0.68,5.0,0.77,14.7,0.78,15.2,0.23,14.7,0.22,15.2,0.26,5.0,0.32,5.0,0.03,0.03,0.093329,1776213364000
1776213366.649,66.649,0.74,5.0,0.68,5.0,0.77,14.7,0.78,15.2,0.23,14.7,0.22,15.2,0.26,5.0,0.32,5.0,0.03,0.03,0.09332,1776213365000
1776213367.192,67.192,0.74,5.0,0.68,5.0,0.77,14.7,0.78,15.2,0.23,14.7,0.22,15.2,0.26,5.0,0.32,5.0,0.03,0.03,0.09332,1776213366000
1776213368.367,68.367,0.74,5.0,0.68,5.0,0.77,14.7,0.78,15.2,0.23,14.7,0.22,15.2,0.26,5.0,0.32,5.0,0.03,0.03,0.093314,1776213367000
1776213368.969,68.969,0.74,5.0,0.68,5.0,0.77,14.7,0.78,15.2,0.23,14.7,0.22,15.2,0.26,5.0,0.32,5.0,0.03,0.03,0.093314,1776213368000
1776213370.392,70.392,0.74,5.0,0.68,5.0,0.77,14.7,0.78,15.2,0.23,14.7,0.22,15.2,0.26,5.0,0.32,5.0,0.03,0.03,0.093313,1776213369000
1776213370.99,70.99,0.74,5.0,0.68,5.0,0.77,14.7,0.78,15.2,0.23,14.7,0.22,15.2,0.26,5.0,0.32,5.0,0.03,0.03,0.093313,1776213370000
1776213372.24,72.24,0.74,5.0,0.68,5.0,0.77,14.7,0.78,15.2,0.23,14.7,0.22,15.2,0.26,5.0,0.32,5.0,0.03,0.03,0.09331,1776213371000
1776213373.403,73.403,0.74,5.0,0.68,5.0,0.77,14.7,0.78,15.2,0.23,14.7,0.22,15.2,0.26,5.0,0.32,5.0,0.03,0.03,0.093311,1776213372000
1776213373.826,73.826,0.61,5.0,0.56,5.0,0.69,7.18,0.7,17.4,0.23,14.7,0.22,15.2,0.26,5.0,0.32,5.0,0.08,0.03,0.093311,1776213372000
1776213375.104,75.104,0.61,5.0,0.56,5.0,0.69,7.18,0.7,17.4,0.31,7.18,0.3,17.4,0.39,5.0,0.44,5.0,0.08,0.08,0.09331,1776213374000
1776213376.154,76.154,0.61,5.0,0.56,5.0,0.69,7.18,0.7,17.4,0.31,7.18,0.3,17.4,0.39,5.0,0.44,5.0,0.08,0.08,0.093306,1776213375000
1776213377.543,77.543,0.61,5.0,0.56,5.0,0.69,7.18,0.7,17.4,0.31,7.18,0.3,17.4,0.39,5.0,0.44,5.0,0.08,0.08,0.093308,1776213376000
1776213378.136,78.136,0.61,5.0,0.56,5.0,0.69,7.18,0.7,17.4,0.31,7.18,0.3,17.4,0.39,5.0,0.44,5.0,0.08,0.08,0.093309,1776213377000
1776213379.392,79.392,0.61,5.0,0.56,5.0,0.69,7.18,0.7,17.4,0.31,7.18,0.3,17.4,0.39,5.0,0.44,5.0,0.08,0.08,0.093309,1776213378000
1776213380.023,80.023,0.61,5.0,0.56,5.0,0.69,7.18,0.7,17.4,0.31,7.18,0.3,17.4,0.39,5.0,0.44,5.0,0.08,0.08,0.093312,1776213379000
1776213381.503,81.503,0.61,5.0,0.56,5.0,0.69,7.18,0.7,17.4,0.31,7.18,0.3,17.4,0.39,5.0,0.44,5.0,0.08,0.08,0.093311,1776213380000
1776213382.16,82.16,0.61,5.0,0.56,5.0,0.69,7.18,0.7,17.4,0.31,7.18,0.3,17.4,0.39,5.0,0.44,5.0,0.08,0.08,0.093311,1776213381000
1776213383.672,83.672,0.61,5.0,0.56,5.0,0.69,7.18,0.7,17.4,0.31,7.18,0.3,17.4,0.39,5.0,0.44,5.0,0.08,0.08,0.093311,1776213382000
1776213384.369,84.369,0.61,5.0,0.56,5.0,0.69,7.18,0.7,17.4,0.31,7.18,0.3,17.4,0.39,5.0,0.44,5.0,0.08,0.08,0.093311,1776213383000
1776213385.656,85.656,0.61,5.0,0.56,5.0,0.69,7.18,0.7,17.4,0.31,7.18,0.3,17.4,0.39,5.0,0.44,5.0,0.08,0.08,0.093315,1776213384000
1776213386.26,86.26,0.61,5.0,0.56,5.0,0.69,7.18,0.7,17.4,0.31,7.18,0.3,17.4,0.39,5.0,0.44,5.0,0.08,0.08,0.093316,1776213385000
1776213388.192,88.192,0.61,5.0,0.56,5.0,0.69,7.18,0.7,17.4,0.31,7.18,0.3,17.4,0.39,5.0,0.44,5.0,0.08,0.08,0.093316,1776213387000
1776213389.846,89.846,0.61,5.0,0.56,5.0,0.69,7.18,0.7,17.4,0.31,7.18,0.3,17.4,0.39,5.0,0.44,5.0,0.08,0.08,0.093308,1776213388000
1776213390.481,90.481,0.61,5.0,0.56,5.0,0.69,7.18,0.7,17.4,0.31,7.18,0.3,17.4,0.39,5.0,0.44,5.0,0.08,0.08,0.093316,1776213389000
1776213391.298,91.298,0.61,5.0,0.56,5.0,0.69,7.18,0.7,17.4,0.31,7.18,0.3,17.4,0.39,5.0,0.44,5.0,0.08,0.08,0.093335,1776213390000
1776213392.857,92.857,0.61,5.0,0.56,5.0,0.69,7.18,0.7,17.4,0.31,7.18,0.3,17.4,0.39,5.0,0.44,5.0,0.08,0.08,0.093349,1776213391000
1776213393.597,93.597,0.61,5.0,0.56,5.0,0.69,7.18,0.7,17.4,0.31,7.18,0.3,17.4,0.39,5.0,0.44,5.0,0.08,0.08,0.093349,1776213392000
1776213394.29,94.29,0.61,5.0,0.56,5.0,0.69,7.18,0.7,17.4,0.31,7.18,0.3,17.4,0.39,5.0,0.44,5.0,0.08,0.08,0.09335,1776213393000
1776213395.691,95.691,0.61,5.0,0.56,5.0,0.69,7.18,0.7,17.4,0.31,7.18,0.3,17.4,0.39,5.0,0.44,5.0,0.08,0.08,0.09335,1776213394000
1776213399.361,99.361,0.61,5.0,0.56,5.0,0.69,7.18,0.7,17.4,0.31,7.18,0.3,17.4,0.39,5.0,0.44,5.0,0.08,0.08,0.093366,1776213398000
1776213400.346,100.346,0.61,5.0,0.56,5.0,0.69,7.18,0.7,17.4,0.31,7.18,0.3,17.4,0.39,5.0,0.44,5.0,0.08,0.08,0.093366,1776213399000
1776213400.872,100.872,0.61,5.0,0.56,5.0,0.69,7.18,0.7,17.4,0.31,7.18,0.3,17.4,0.39,5.0,0.44,5.0,0.08,0.08,0.09336,1776213400000
1776213402.107,102.107,0.61,5.0,0.56,5.0,0.69,7.18,0.7,17.4,0.31,7.18,0.3,17.4,0.39,5.0,0.44,5.0,0.08,0.08,0.093365,1776213401000
1776213403.204,103.204,0.61,5.0,0.56,5.0,0.69,7.18,0.7,17.4,0.31,7.18,0.3,17.4,0.39,5.0,0.44,5.0,0.08,0.08,0.093365,1776213402000
1776213404.303,104.303,0.61,5.0,0.56,5.0,0.69,7.18,0.7,17.4,0.31,7.18,0.3,17.4,0.39,5.0,0.44,5.0,0.08,0.08,0.093362,1776213403000
1776213404.871,104.871,0.61,5.0,0.56,5.0,0.69,7.18,0.7,17.4,0.31,7.18,0.3,17.4,0.39,5.0,0.44,5.0,0.08,0.08,0.093362,1776213404000
1776213406.086,106.086,0.61,5.0,0.56,5.0,0.69,7.18,0.7,17.4,0.31,7.18,0.3,17.4,0.39,5.0,0.44,5.0,0.08,0.08,0.093361,1776213405000
1776213407.285,107.285,0.61,5.0,0.56,5.0,0.69,7.18,0.7,17.4,0.31,7.18,0.3,17.4,0.39,5.0,0.44,5.0,0.08,0.08,0.093361,1776213406000
1776213408.392,108.392,0.61,5.0,0.56,5.0,0.69,7.18,0.7,17.4,0.31,7.18,0.3,17.4,0.39,5.0,0.44,5.0,0.08,0.08,0.093361,1776213407000
1776213409.409,109.409,0.61,5.0,0.56,5.0,0.69,7.18,0.7,17.4,0.31,7.18,0.3,17.4,0.39,5.0,0.44,5.0,0.08,0.08,0.093361,1776213408000
1776213410.041,110.041,0.61,5.0,0.56,5.0,0.69,7.18,0.7,17.4,0.31,7.18,0.3,17.4,0.39,5.0,0.44,5.0,0.08,0.08,0.093362,1776213409000
1776213411.172,111.172,0.61,5.0,0.56,5.0,0.69,7.18,0.7,17.4,0.31,7.18,0.3,17.4,0.39,5.0,0.44,5.0,0.08,0.08,0.093354,1776213410000
1776213412.247,112.247,0.61,5.0,0.56,5.0,0.69,7.18,0.7,17.4,0.31,7.18,0.3,17.4,0.39,5.0,0.44,5.0,0.08,0.08,0.093362,1776213411000
1776213413.988,113.988,0.61,5.0,0.56,5.0,0.69,7.18,0.7,17.4,0.31,7.18,0.3,17.4,0.39,5.0,0.44,5.0,0.08,0.08,0.093363,1776213412000
1776213414.632,114.632,0.61,5.0,0.56,5.0,0.69,7.18,0.7,17.4,0.31,7.18,0.3,17.4,0.39,5.0,0.44,5.0,0.08,0.08,0.093362,1776213413000
1776213415.995,115.995,0.61,5.0,0.56,5.0,0.69,7.18,0.7,17.4,0.31,7.18,0.3,17.4,0.39,5.0,0.44,5.0,0.08,0.08,0.093363,1776213414000
1776213416.764,116.764,0.61,5.0,0.56,5.0,0.69,7.18,0.7,17.4,0.31,7.18,0.3,17.4,0.39,5.0,0.44,5.0,0.08,0.08,0.093363,1776213415000
1776213417.648,117.648,0.61,5.0,0.56,5.0,0.69,7.18,0.7,17.4,0.31,7.18,0.3,17.4,0.39,5.0,0.44,5.0,0.08,0.08,0.093363,1776213416000
1776213418.437,118.437,0.61,5.0,0.56,5.0,0.69,7.18,0.7,17.4,0.31,7.18,0.3,17.4,0.39,5.0,0.44,5.0,0.08,0.08,0.093364,1776213417000
1776213419.183,119.183,0.61,5.0,0.56,5.0,0.69,7.18,0.7,17.4,0.31,7.18,0.3,17.4,0.39,5.0,0.44,5.0,0.08,0.08,0.093364,1776213418000
1776213420.522,120.522,0.61,5.0,0.56,5.0,0.69,7.18,0.7,17.4,0.31,7.18,0.3,17.4,0.39,5.0,0.44,5.0,0.08,0.08,0.093364,1776213419000
1776213421.192,121.192,0.61,5.0,0.56,5.0,0.69,7.18,0.7,17.4,0.31,7.18,0.3,17.4,0.39,5.0,0.44,5.0,0.08,0.08,0.093364,1776213420000
1776213422.782,122.782,0.61,5.0,0.56,5.0,0.69,7.18,0.7,17.4,0.31,7.18,0.3,17.4,0.39,5.0,0.44,5.0,0.08,0.08,0.093363,1776213421000
1776213423.572,123.572,0.61,5.0,0.56,5.0,0.69,7.18,0.7,17.4,0.31,7.18,0.3,17.4,0.39,5.0,0.44,5.0,0.08,0.08,0.093397,1776213422000
1776213424.248,124.248,0.61,5.0,0.56,5.0,0.69,7.18,0.7,17.4,0.31,7.18,0.3,17.4,0.39,5.0,0.44,5.0,0.08,0.08,0.093407,1776213423000
1776213425.753,125.753,0.61,5.0,0.56,5.0,0.69,7.18,0.7,17.4,0.31,7.18,0.3,17.4,0.39,5.0,0.44,5.0,0.08,0.08,0.093408,1776213424000
1776213426.546,126.546,0.61,5.0,0.56,5.0,0.69,7.18,0.7,17.4,0.31,7.18,0.3,17.4,0.39,5.0,0.44,5.0,0.08,0.08,0.093408,1776213425000
1776213427.285,127.285,0.61,5.0,0.56,5.0,0.69,7.18,0.7,17.4,0.31,7.18,0.3,17.4,0.39,5.0,0.44,5.0,0.08,0.08,0.093408,1776213426000
1776213427.622,127.622,0.86,16.0,0.81,5.0,0.89,25.36,0.9,28.9,0.31,7.18,0.3,17.4,0.39,5.0,0.44,5.0,0.03,0.08,0.093408,1776213426000
1776213428.063,128.063,0.86,16.0,0.81,5.0,0.89,25.36,0.9,28.9,0.11,25.36,0.1,28.9,0.14,16.0,0.19,5.0,0.03,0.03,0.093408,1776213427000
1776213428.379,128.379,0.86,16.0,0.81,5.0,0.89,20.36,0.9,28.9,0.11,25.36,0.1,28.9,0.14,16.0,0.19,5.0,0.03,0.03,0.093408,1776213427000
1776213429.624,129.624,0.86,16.0,0.81,5.0,0.89,20.36,0.9,28.9,0.11,20.36,0.1,28.9,0.14,16.0,0.19,5.0,0.03,0.03,0.093405,1776213428000
1776213430.221,130.221,0.86,16.0,0.81,5.0,0.89,20.36,0.9,28.9,0.11,20.36,0.1,28.9,0.14,16.0,0.19,5.0,0.03,0.03,0.093403,1776213429000
1776213431.744,131.744,0.86,16.0,0.81,5.0,0.89,20.36,0.9,28.9,0.11,20.36,0.1,28.9,0.14,16.0,0.19,5.0,0.03,0.03,0.093404,1776213430000
1776213432.5,132.5,0.86,16.0,0.81,5.0,0.89,20.36,0.9,28.9,0.11,20.36,0.1,28.9,0.14,16.0,0.19,5.0,0.03,0.03,0.093413,1776213431000
1776213433.561,133.561,0.86,16.0,0.81,5.0,0.89,20.36,0.9,28.9,0.11,20.36,0.1,28.9,0.14,16.0,0.19,5.0,0.03,0.03,0.093416,1776213432000
1776213434.148,134.148,0.86,16.0,0.81,5.0,0.89,20.36,0.9,28.9,0.11,20.36,0.1,28.9,0.14,16.0,0.19,5.0,0.03,0.03,0.093424,1776213433000
1776213435.224,135.224,0.86,16.0,0.81,5.0,0.89,20.36,0.9,28.9,0.11,20.36,0.1,28.9,0.14,16.0,0.19,5.0,0.03,0.03,0.093408,1776213434000
1776213436.292,136.292,0.86,16.0,0.81,5.0,0.89,20.36,0.9,28.9,0.11,20.36,0.1,28.9,0.14,16.0,0.19,5.0,0.03,0.03,0.093398,1776213435000
1776213436.822,136.822,0.86,16.0,0.81,5.0,0.89,20.36,0.9,28.9,0.11,20.36,0.1,28.9,0.14,16.0,0.19,5.0,0.03,0.03,0.093398,1776213436000
1776213437.931,137.931,0.86,16.0,0.81,5.0,0.89,20.36,0.9,28.9,0.11,20.36,0.1,28.9,0.14,16.0,0.19,5.0,0.03,0.03,0.093401,1776213437000
1776213438.962,138.962,0.86,16.0,0.81,5.0,0.89,20.36,0.9,28.9,0.11,20.36,0.1,28.9,0.14,16.0,0.19,5.0,0.03,0.03,0.093397,1776213438000
1776213439.8,139.8,0.86,16.0,0.81,5.0,0.89,20.36,0.9,28.9,0.11,20.36,0.1,28.9,0.14,16.0,0.19,5.0,0.03,0.03,0.093405,1776213439000
1776213441.625,141.625,0.86,16.0,0.81,5.0,0.89,20.36,0.9,28.9,0.11,20.36,0.1,28.9,0.14,16.0,0.19,5.0,0.03,0.03,0.093408,1776213440000
1776213442.232,142.232,0.86,16.0,0.81,5.0,0.89,20.36,0.9,28.9,0.11,20.36,0.1,28.9,0.14,16.0,0.19,5.0,0.03,0.03,0.093408,1776213441000
1776213442.878,142.878,0.89,5.0,0.83,5.0,0.9,23.9,0.91,31.7,0.11,20.36,0.1,28.9,0.14,16.0,0.19,5.0,0.01,0.03,0.093408,1776213441000
1776213443.474,143.474,0.89,5.0,0.83,5.0,0.9,23.9,0.91,31.7,0.1,23.9,0.09,31.7,0.11,5.0,0.17,5.0,0.01,0.01,0.093412,1776213442000
1776213444.104,144.104,0.89,5.0,0.83,5.0,0.9,23.9,0.91,31.7,0.1,23.9,0.09,31.7,0.11,5.0,0.17,5.0,0.01,0.01,0.093413,1776213443000
1776213444.48,144.48,0.89,5.0,0.83,5.0,0.91,31.7,0.92,35.29,0.1,23.9,0.09,31.7,0.11,5.0,0.17,5.0,0.02,0.01,0.093413,1776213443000
1776213445.165,145.165,0.89,5.0,0.83,5.0,0.91,31.7,0.92,35.29,0.09,31.7,0.08,35.29,0.11,5.0,0.17,5.0,0.02,0.02,0.093412,1776213444000
1776213446.187,146.187,0.89,5.0,0.83,5.0,0.91,31.7,0.92,35.29,0.09,31.7,0.08,35.29,0.11,5.0,0.17,5.0,0.02,0.02,0.093413,1776213445000
1776213447.736,147.736,0.89,5.0,0.83,5.0,0.91,31.7,0.92,35.29,0.09,31.7,0.08,35.29,0.11,5.0,0.17,5.0,0.02,0.02,0.093413,1776213446000
1776213448.27,148.27,0.89,5.0,0.84,5.0,0.92,15.29,0.93,39.9,0.09,31.7,0.08,35.29,0.11,5.0,0.17,5.0,0.03,0.02,0.093413,1776213446000
1776213448.518,148.518,0.89,5.0,0.84,5.0,0.92,15.29,0.93,39.9,0.08,15.29,0.07,39.9,0.11,5.0,0.16,5.0,0.03,0.03,0.093413,1776213447000
1776213449.167,149.167,0.89,5.0,0.84,5.0,0.92,15.29,0.93,39.9,0.08,15.29,0.07,39.9,0.11,5.0,0.16,5.0,0.03,0.03,0.093413,1776213448000
1776213450.578,150.578,0.89,5.0,0.84,5.0,0.92,15.29,0.93,39.9,0.08,15.29,0.07,39.9,0.11,5.0,0.16,5.0,0.03,0.03,0.093412,1776213449000
1776213451.479,151.479,0.89,5.0,0.84,5.0,0.92,15.29,0.93,39.9,0.08,15.29,0.07,39.9,0.11,5.0,0.16,5.0,0.03,0.03,0.093411,1776213450000
1776213452.095,152.095,0.89,5.0,0.84,5.0,0.92,15.29,0.93,39.9,0.08,15.29,0.07,39.9,0.11,5.0,0.16,5.0,0.03,0.03,0.093412,1776213451000
1776213453.252,153.252,0.89,5.0,0.84,5.0,0.92,14.2,0.93,39.9,0.08,15.29,0.07,39.9,0.11,5.0,0.16,5.0,0.03,0.03,0.093412,1776213451000
1776213454.596,154.596,0.89,5.0,0.84,5.0,0.92,14.2,0.93,39.9,0.08,14.2,0.07,39.9,0.11,5.0,0.16,5.0,0.03,0.03,0.093414,1776213453000
1776213455.266,155.266,0.89,5.0,0.84,5.0,0.92,14.2,0.93,39.9,0.08,14.2,0.07,39.9,0.11,5.0,0.16,5.0,0.03,0.03,0.093414,1776213454000
1776213455.515,155.515,0.89,5.0,0.84,5.0,0.94,46.1,0.95,54.7,0.08,14.2,0.07,39.9,0.11,5.0,0.16,5.0,0.05,0.03,0.093414,1776213454000
1776213456.612,156.612,0.89,5.0,0.84,5.0,0.94,46.1,0.95,54.7,0.06,46.1,0.05,54.7,0.11,5.0,0.16,5.0,0.05,0.05,0.093413,1776213455000
1776213457.43,157.43,0.89,5.0,0.84,5.0,0.94,46.1,0.95,54.7,0.06,46.1,0.05,54.7,0.11,5.0,0.16,5.0,0.05,0.05,0.093412,1776213456000
1776213457.834,157.834,0.9,5.0,0.84,24.3,0.94,45.03,0.95,54.7,0.06,46.1,0.05,54.7,0.11,5.0,0.16,5.0,0.04,0.05,0.093412,1776213456000
1776213458.143,158.143,0.9,5.0,0.84,24.3,0.94,45.03,0.95,54.7,0.06,45.03,0.05,54.7,0.1,5.0,0.16,24.3,0.04,0.04,0.093411,1776213457000
1776213458.855,158.855,0.9,5.0,0.84,24.3,0.94,43.96,0.95,54.7,0.06,45.03,0.05,54.7,0.1,5.0,0.16,24.3,0.04,0.04,0.093411,1776213457000
1776213459.336,159.336,0.9,5.0,0.84,24.3,0.94,43.96,0.95,54.7,0.06,43.96,0.05,54.7,0.1,5.0,0.16,24.3,0.04,0.04,0.093409,1776213458000
1776213459.579,159.579,0.9,5.0,0.84,24.3,0.94,42.89,0.95,54.7,0.06,43.96,0.05,54.7,0.1,5.0,0.16,24.3,0.04,0.04,0.093409,1776213458000
1776213460.53,160.53,0.9,5.0,0.84,24.3,0.94,42.89,0.95,54.7,0.06,42.89,0.05,54.7,0.1,5.0,0.16,24.3,0.04,0.04,0.093409,1776213459000
1776213461.194,161.194,0.9,5.0,0.84,24.3,0.94,42.89,0.95,54.7,0.06,42.89,0.05,54.7,0.1,5.0,0.16,24.3,0.04,0.04,0.093409,1776213460000
1776213462.474,162.474,0.9,5.0,0.84,24.3,0.94,42.89,0.95,54.7,0.06,42.89,0.05,54.7,0.1,5.0,0.16,24.3,0.04,0.04,0.093409,1776213461000
1776213463.095,163.095,0.9,5.0,0.84,24.3,0.94,42.89,0.95,54.7,0.06,42.89,0.05,54.7,0.1,5.0,0.16,24.3,0.04,0.04,0.09341,1776213462000
1776213464.852,164.852,0.9,5.0,0.84,24.3,0.94,42.89,0.95,54.7,0.06,42.89,0.05,54.7,0.1,5.0,0.16,24.3,0.04,0.04,0.093412,1776213463000
1776213465.456,165.456,0.9,5.0,0.84,24.3,0.94,42.89,0.95,54.7,0.06,42.89,0.05,54.7,0.1,5.0,0.16,24.3,0.04,0.04,0.093411,1776213464000
1776213466.138,166.138,0.9,5.0,0.84,24.3,0.94,42.89,0.95,54.7,0.06,42.89,0.05,54.7,0.1,5.0,0.16,24.3,0.04,0.04,0.093412,1776213465000
1776213467.429,167.429,0.9,5.0,0.84,24.3,0.94,42.89,0.95,54.7,0.06,42.89,0.05,54.7,0.1,5.0,0.16,24.3,0.04,0.04,0.093415,1776213466000
1776213467.977,167.977,0.9,5.0,0.84,24.3,0.94,42.89,0.95,54.7,0.06,42.89,0.05,54.7,0.1,5.0,0.16,24.3,0.04,0.04,0.093415,1776213467000
1776213469.193,169.193,0.9,5.0,0.84,24.3,0.94,42.89,0.95,54.7,0.06,42.89,0.05,54.7,0.1,5.0,0.16,24.3,0.04,0.04,0.093415,1776213468000
1776213470.418,170.418,0.9,5.0,0.84,24.3,0.94,42.89,0.95,54.7,0.06,42.89,0.05,54.7,0.1,5.0,0.16,24.3,0.04,0.04,0.093414,1776213469000
1776213471.138,171.138,0.9,5.0,0.84,24.3,0.94,42.89,0.95,54.7,0.06,42.89,0.05,54.7,0.1,5.0,0.16,24.3,0.04,0.04,0.093414,1776213470000
1776213472.244,172.244,0.9,5.0,0.84,24.3,0.94,42.89,0.95,54.7,0.06,42.89,0.05,54.7,0.1,5.0,0.16,24.3,0.04,0.04,0.093415,1776213471000
1776213472.983,172.983,0.9,5.0,0.88,24.6,0.96,70.61,0.97,189.3,0.06,42.89,0.05,54.7,0.1,5.0,0.16,24.3,0.06,0.04,0.093415,1776213471000
1776213473.362,173.362,0.9,5.0,0.88,24.6,0.96,70.61,0.97,189.3,0.04,70.61,0.03,189.3,0.1,5.0,0.12,24.6,0.06,0.06,0.093415,1776213472000
1776213473.95,173.95,0.9,5.0,0.88,24.6,0.96,70.61,0.97,189.3,0.04,70.61,0.03,189.3,0.1,5.0,0.12,24.6,0.06,0.06,0.093416,1776213473000
1776213475.144,175.144,0.9,5.0,0.88,24.6,0.96,70.61,0.97,189.3,0.04,70.61,0.03,189.3,0.1,5.0,0.12,24.6,0.06,0.06,0.093415,1776213474000
1776213476.305,176.305,0.9,5.0,0.88,24.6,0.96,70.61,0.97,189.3,0.04,70.61,0.03,189.3,0.1,5.0,0.12,24.6,0.06,0.06,0.093416,1776213475000
1776213476.947,176.947,0.9,5.0,0.88,24.6,0.96,70.61,0.97,189.3,0.04,70.61,0.03,189.3,0.1,5.0,0.12,24.6,0.06,0.06,0.093416,1776213476000
1776213477.545,177.545,0.9,5.0,0.87,23.0,0.95,47.78,0.96,70.61,0.04,70.61,0.03,189.3,0.1,5.0,0.12,24.6,0.05,0.06,0.093416,1776213476000
1776213478.202,178.202,0.9,5.0,0.87,23.0,0.95,47.78,0.96,70.61,0.05,47.78,0.04,70.61,0.1,5.0,0.13,23.0,0.05,0.05,0.093416,1776213477000
1776213479.29,179.29,0.9,5.0,0.87,23.0,0.95,47.78,0.96,70.61,0.05,47.78,0.04,70.61,0.1,5.0,0.13,23.0,0.05,0.05,0.093409,1776213478000
1776213480.57,180.57,0.9,5.0,0.87,23.0,0.95,47.78,0.96,70.61,0.05,47.78,0.04,70.61,0.1,5.0,0.13,23.0,0.05,0.05,0.093392,1776213479000
1776213481.047,181.047,0.9,5.0,0.87,23.0,0.95,47.78,0.96,70.61,0.05,47.78,0.04,70.61,0.1,5.0,0.13,23.0,0.05,0.05,0.09339,1776213480000
1776213481.248,181.248,0.87,5.0,0.8,5.0,0.92,0.29,0.93,39.9,0.05,47.78,0.04,70.61,0.1,5.0,0.13,23.0,0.05,0.05,0.09339,1776213480000
1776213481.646,181.646,0.88,5.0,0.8,21.3,0.93,38.19,0.94,46.1,0.08,0.29,0.07,39.9,0.13,5.0,0.2,5.0,0.05,0.05,0.09339,1776213480000
1776213482.519,182.519,0.88,5.0,0.8,21.3,0.93,38.19,0.94,46.1,0.07,38.19,0.06,46.1,0.12,5.0,0.2,21.3,0.05,0.05,0.093388,1776213481000
1776213483.106,183.106,0.88,5.0,0.8,21.3,0.93,38.19,0.94,46.1,0.07,38.19,0.06,46.1,0.12,5.0,0.2,21.3,0.05,0.05,0.093385,1776213482000
1776213484.216,184.216,0.88,5.0,0.8,21.3,0.93,38.19,0.94,46.1,0.07,38.19,0.06,46.1,0.12,5.0,0.2,21.3,0.05,0.05,0.093386,1776213483000
1776213484.568,184.568,0.88,5.0,0.81,21.89,0.94,46.1,0.95,52.78,0.07,38.19,0.06,46.1,0.12,5.0,0.2,21.3,0.06,0.05,0.093386,1776213483000
1776213485.4,185.4,0.88,5.0,0.81,21.89,0.94,46.1,0.95,52.78,0.06,46.1,0.05,52.78,0.12,5.0,0.19,21.89,0.06,0.06,0.093386,1776213484000
1776213486.028,186.028,0.88,5.0,0.81,21.89,0.94,46.1,0.95,52.78,0.06,46.1,0.05,52.78,0.12,5.0,0.19,21.89,0.06,0.06,0.093386,1776213485000
1776213487.114,187.114,0.88,5.0,0.81,21.89,0.94,46.1,0.95,52.78,0.06,46.1,0.05,52.78,0.12,5.0,0.19,21.89,0.06,0.06,0.093386,1776213486000
1776213488.402,188.402,0.88,5.0,0.81,21.89,0.94,46.1,0.95,52.78,0.06,46.1,0.05,52.78,0.12,5.0,0.19,21.89,0.06,0.06,0.093387,1776213487000
1776213489.132,189.132,0.88,5.0,0.81,21.89,0.94,46.1,0.95,52.78,0.06,46.1,0.05,52.78,0.12,5.0,0.19,21.89,0.06,0.06,0.093387,1776213488000
1776213490.188,190.188,0.88,5.0,0.81,21.89,0.94,46.1,0.95,52.78,0.06,46.1,0.05,52.78,0.12,5.0,0.19,21.89,0.06,0.06,0.093376,1776213489000
1776213491.44,191.44,0.88,5.0,0.81,21.89,0.94,46.1,0.95,52.78,0.06,46.1,0.05,52.78,0.12,5.0,0.19,21.89,0.06,0.06,0.093376,1776213490000
1776213492.024,192.024,0.88,5.0,0.81,21.89,0.94,46.1,0.95,52.78,0.06,46.1,0.05,52.78,0.12,5.0,0.19,21.89,0.06,0.06,0.093376,1776213491000
1776213493.186,193.186,0.88,5.0,0.81,21.89,0.94,46.1,0.95,52.78,0.06,46.1,0.05,52.78,0.12,5.0,0.19,21.89,0.06,0.06,0.093372,1776213492000
1776213494.335,194.335,0.88,5.0,0.81,21.89,0.94,46.1,0.95,52.78,0.06,46.1,0.05,52.78,0.12,5.0,0.19,21.89,0.06,0.06,0.09337,1776213493000
1776213494.924,194.924,0.88,5.0,0.81,21.89,0.94,46.1,0.95,52.78,0.06,46.1,0.05,52.78,0.12,5.0,0.19,21.89,0.06,0.06,0.09337,1776213494000
1776213496.545,196.545,0.88,5.0,0.81,21.89,0.94,46.1,0.95,52.78,0.06,46.1,0.05,52.78,0.12,5.0,0.19,21.89,0.06,0.06,0.09337,1776213495000
1776213497.268,197.268,0.88,5.0,0.81,21.89,0.94,46.1,0.95,52.78,0.06,46.1,0.05,52.78,0.12,5.0,0.19,21.89,0.06,0.06,0.09337,1776213496000
1776213498.576,198.576,0.88,5.0,0.81,21.89,0.94,46.1,0.95,52.78,0.06,46.1,0.05,52.78,0.12,5.0,0.19,21.89,0.06,0.06,0.093371,1776213497000
1776213499.093,199.093,0.88,5.0,0.81,21.89,0.94,46.1,0.95,52.78,0.06,46.1,0.05,52.78,0.12,5.0,0.19,21.89,0.06,0.06,0.093371,1776213498000
1776213500.268,200.268,0.88,5.0,0.81,21.89,0.94,46.1,0.95,52.78,0.06,46.1,0.05,52.78,0.12,5.0,0.19,21.89,0.06,0.06,0.093371,1776213499000
1776213500.868,200.868,0.88,5.0,0.81,21.89,0.94,46.1,0.95,52.78,0.06,46.1,0.05,52.78,0.12,5.0,0.19,21.89,0.06,0.06,0.093369,1776213500000
1776213502.001,202.001,0.88,5.0,0.81,21.89,0.94,46.1,0.95,52.78,0.06,46.1,0.05,52.78,0.12,5.0,0.19,21.89,0.06,0.06,0.093372,1776213501000
1776213503.326,203.326,0.88,5.0,0.81,21.89,0.94,46.1,0.95,52.78,0.06,46.1,0.05,52.78,0.12,5.0,0.19,21.89,0.06,0.06,0.093372,1776213502000
1776213503.871,203.871,0.88,5.0,0.81,21.89,0.94,46.1,0.95,52.78,0.06,46.1,0.05,52.78,0.12,5.0,0.19,21.89,0.06,0.06,0.093371,1776213503000
1776213505.09,205.09,0.88,5.0,0.81,21.89,0.94,46.1,0.95,52.78,0.06,46.1,0.05,52.78,0.12,5.0,0.19,21.89,0.06,0.06,0.093371,1776213504000
1776213506.371,206.371,0.88,5.0,0.81,21.89,0.94,46.1,0.95,52.78,0.06,46.1,0.05,52.78,0.12,5.0,0.19,21.89,0.06,0.06,0.093375,1776213505000
1776213506.982,206.982,0.88,5.0,0.81,21.89,0.94,46.1,0.95,52.78,0.06,46.1,0.05,52.78,0.12,5.0,0.19,21.89,0.06,0.06,0.093374,1776213506000
1776213508.108,208.108,0.88,5.0,0.81,21.89,0.94,46.1,0.95,52.78,0.06,46.1,0.05,52.78,0.12,5.0,0.19,21.89,0.06,0.06,0.093374,1776213507000
1776213509.256,209.256,0.88,5.0,0.81,21.89,0.94,46.1,0.95,52.78,0.06,46.1,0.05,52.78,0.12,5.0,0.19,21.89,0.06,0.06,0.093374,1776213508000
1776213510.452,210.452,0.88,5.0,0.81,21.89,0.94,46.1,0.95,52.78,0.06,46.1,0.05,52.78,0.12,5.0,0.19,21.89,0.06,0.06,0.093365,1776213509000
1776213511.495,211.495,0.88,5.0,0.81,21.89,0.94,46.1,0.95,52.78,0.06,46.1,0.05,52.78,0.12,5.0,0.19,21.89,0.06,0.06,0.093364,1776213510000
1776213512.093,212.093,0.88,5.0,0.81,21.89,0.94,46.1,0.95,52.78,0.06,46.1,0.05,52.78,0.12,5.0,0.19,21.89,0.06,0.06,0.093362,1776213511000
1776213513.052,213.052,0.88,5.0,0.81,21.89,0.94,46.1,0.95,52.78,0.06,46.1,0.05,52.78,0.12,5.0,0.19,21.89,0.06,0.06,0.093355,1776213512000
1776213514.226,214.226,0.88,5.0,0.81,21.89,0.94,46.1,0.95,52.78,0.06,46.1,0.05,52.78,0.12,5.0,0.19,21.89,0.06,0.06,0.093355,1776213513000
1776213514.485,214.485,0.8,16.3,0.79,15.7,0.93,194.62,0.94,46.1,0.06,46.1,0.05,52.78,0.12,5.0,0.19,21.89,0.13,0.06,0.093355,1776213513000
1776213515.349,215.349,0.8,16.3,0.79,15.7,0.93,194.62,0.94,46.1,0.07,194.62,0.06,46.1,0.2,16.3,0.21,15.7,0.13,0.13,0.093356,1776213514000
1776213515.83,215.83,0.8,16.3,0.79,15.7,0.93,194.62,0.94,46.1,0.07,194.62,0.06,46.1,0.2,16.3,0.21,15.7,0.13,0.13,0.093356,1776213515000
1776213517.0,217.0,0.8,16.3,0.79,15.7,0.93,194.62,0.94,46.1,0.07,194.62,0.06,46.1,0.2,16.3,0.21,15.7,0.13,0.13,0.093355,1776213516000
1776213518.055,218.055,0.8,16.3,0.79,15.7,0.93,194.62,0.94,46.1,0.07,194.62,0.06,46.1,0.2,16.3,0.21,15.7,0.13,0.13,0.093355,1776213517000
1776213519.135,219.135,0.8,16.3,0.79,15.7,0.93,194.62,0.94,46.1,0.07,194.62,0.06,46.1,0.2,16.3,0.21,15.7,0.13,0.13,0.093355,1776213518000
1776213520.285,220.285,0.8,16.3,0.79,15.7,0.93,194.62,0.94,46.1,0.07,194.62,0.06,46.1,0.2,16.3,0.21,15.7,0.13,0.13,0.093355,1776213519000
1776213520.86,220.86,0.8,16.3,0.79,15.7,0.93,194.62,0.94,46.1,0.07,194.62,0.06,46.1,0.2,16.3,0.21,15.7,0.13,0.13,0.093355,1776213520000
1776213522.014,222.014,0.8,16.3,0.79,15.7,0.93,194.62,0.94,46.1,0.07,194.62,0.06,46.1,0.2,16.3,0.21,15.7,0.13,0.13,0.093354,1776213521000
1776213523.089,223.089,0.8,16.3,0.79,15.7,0.93,194.62,0.94,46.1,0.07,194.62,0.06,46.1,0.2,16.3,0.21,15.7,0.13,0.13,0.093356,1776213522000
1776213524.288,224.288,0.8,16.3,0.79,15.7,0.93,194.62,0.94,46.1,0.07,194.62,0.06,46.1,0.2,16.3,0.21,15.7,0.13,0.13,0.093357,1776213523000
1776213525.683,225.683,0.8,16.3,0.79,15.7,0.93,194.62,0.94,46.1,0.07,194.62,0.06,46.1,0.2,16.3,0.21,15.7,0.13,0.13,0.093357,1776213524000
1776213526.192,226.192,0.8,16.3,0.79,15.7,0.93,194.62,0.94,46.1,0.07,194.62,0.06,46.1,0.2,16.3,0.21,15.7,0.13,0.13,0.093357,1776213525000
1776213527.113,227.113,0.8,16.3,0.79,15.7,0.93,194.62,0.94,46.1,0.07,194.62,0.06,46.1,0.2,16.3,0.21,15.7,0.13,0.13,0.093357,1776213526000
1776213528.093,228.093,0.8,16.3,0.79,15.7,0.93,194.62,0.94,46.1,0.07,194.62,0.06,46.1,0.2,16.3,0.21,15.7,0.13,0.13,0.093357,1776213527000
1776213529.026,229.026,0.8,16.3,0.79,15.7,0.93,194.62,0.94,46.1,0.07,194.62,0.06,46.1,0.2,16.3,0.21,15.7,0.13,0.13,0.093355,1776213528000
1776213530.001,230.001,0.8,16.3,0.79,15.7,0.93,194.62,0.94,46.1,0.07,194.62,0.06,46.1,0.2,16.3,0.21,15.7,0.13,0.13,0.093356,1776213529000
1776213530.967,230.967,0.8,16.3,0.79,15.7,0.93,194.62,0.94,46.1,0.07,194.62,0.06,46.1,0.2,16.3,0.21,15.7,0.13,0.13,0.093356,1776213530000
1776213531.985,231.985,0.8,16.3,0.79,15.7,0.93,194.62,0.94,46.1,0.07,194.62,0.06,46.1,0.2,16.3,0.21,15.7,0.13,0.13,0.093356,1776213531000
1776213532.939,232.939,0.8,16.3,0.79,15.7,0.93,194.62,0.94,46.1,0.07,194.62,0.06,46.1,0.2,16.3,0.21,15.7,0.13,0.13,0.093355,1776213532000
1776213533.893,233.893,0.8,16.3,0.79,15.7,0.93,194.62,0.94,46.1,0.07,194.62,0.06,46.1,0.2,16.3,0.21,15.7,0.13,0.13,0.093356,1776213533000
1776213534.987,234.987,0.8,16.3,0.79,15.7,0.93,194.62,0.94,46.1,0.07,194.62,0.06,46.1,0.2,16.3,0.21,15.7,0.13,0.13,0.093356,1776213534000
1776213535.927,235.927,0.8,16.3,0.79,15.7,0.93,194.62,0.94,46.1,0.07,194.62,0.06,46.1,0.2,16.3,0.21,15.7,0.13,0.13,0.093355,1776213535000
1776213536.862,236.862,0.8,16.3,0.79,15.7,0.93,194.62,0.94,46.1,0.07,194.62,0.06,46.1,0.2,16.3,0.21,15.7,0.13,0.13,0.093355,1776213536000
1776213538.372,238.372,0.8,16.3,0.79,15.7,0.93,194.62,0.94,46.1,0.07,194.62,0.06,46.1,0.2,16.3,0.21,15.7,0.13,0.13,0.093357,1776213537000
1776213538.895,238.895,0.8,16.3,0.79,15.7,0.93,194.62,0.94,46.1,0.07,194.62,0.06,46.1,0.2,16.3,0.21,15.7,0.13,0.13,0.093357,1776213538000
1776213539.904,239.904,0.8,16.3,0.79,15.7,0.93,194.62,0.94,46.1,0.07,194.62,0.06,46.1,0.2,16.3,0.21,15.7,0.13,0.13,0.093357,1776213539000
1776213540.893,240.893,0.8,16.3,0.79,15.7,0.93,194.62,0.94,46.1,0.07,194.62,0.06,46.1,0.2,16.3,0.21,15.7,0.13,0.13,0.093357,1776213540000
1776213541.941,241.941,0.8,16.3,0.79,15.7,0.93,194.62,0.94,46.1,0.07,194.62,0.06,46.1,0.2,16.3,0.21,15.7,0.13,0.13,0.093357,1776213541000
1776213542.911,242.911,0.87,23.0,0.86,21.6,0.92,2.82,0.96,70.61,0.08,2.82,0.04,70.61,0.13,23.0,0.14,21.6,0.05,0.05,0.093357,1776213542000
1776213543.855,243.855,0.87,23.0,0.86,21.6,0.92,2.82,0.96,70.61,0.08,2.82,0.04,70.61,0.13,23.0,0.14,21.6,0.05,0.05,0.093357,1776213543000
1776213544.397,244.397,0.89,26.6,0.88,42.6,0.96,0.73,0.97,105.0,0.08,2.82,0.04,70.61,0.13,23.0,0.14,21.6,0.07,0.05,0.093357,1776213543000
1776213544.877,244.877,0.89,26.6,0.88,42.6,0.97,54.73,0.98,157.69,0.03,54.73,0.02,157.69,0.11,26.6,0.12,42.6,0.08,0.08,0.093357,1776213544000
1776213545.794,245.794,0.89,26.6,0.88,42.6,0.97,54.73,0.98,157.69,0.03,54.73,0.02,157.69,0.11,26.6,0.12,42.6,0.08,0.08,0.093358,1776213545000
1776213546.866,246.866,0.89,26.6,0.88,42.6,0.97,54.73,0.98,157.69,0.03,54.73,0.02,157.69,0.11,26.6,0.12,42.6,0.08,0.08,0.093369,1776213546000
1776213547.849,247.849,0.89,26.6,0.88,42.6,0.97,54.73,0.98,157.69,0.03,54.73,0.02,157.69,0.11,26.6,0.12,42.6,0.08,0.08,0.09337,1776213547000
1776213548.865,248.865,0.89,26.6,0.88,42.6,0.97,54.73,0.98,157.69,0.03,54.73,0.02,157.69,0.11,26.6,0.12,42.6,0.08,0.08,0.09337,1776213548000
1776213549.907,249.907,0.89,26.6,0.88,42.6,0.97,54.73,0.98,157.69,0.03,54.73,0.02,157.69,0.11,26.6,0.12,42.6,0.08,0.08,0.093369,1776213549000
1776213551.558,251.558,0.89,26.6,0.88,42.6,0.97,54.73,0.98,157.69,0.03,54.73,0.02,157.69,0.11,26.6,0.12,42.6,0.08,0.08,0.093369,1776213550000
1776213552.34,252.34,0.89,26.6,0.88,42.6,0.97,54.73,0.98,157.69,0.03,54.73,0.02,157.69,0.11,26.6,0.12,42.6,0.08,0.08,0.09337,1776213551000
1776213553.227,253.227,0.89,26.6,0.88,42.6,0.97,54.73,0.98,157.69,0.03,54.73,0.02,157.69,0.11,26.6,0.12,42.6,0.08,0.08,0.09337,1776213552000
1776213553.454,253.454,0.95,54.7,0.94,46.1,0.97,8.66,0.98,25.0,0.03,49.57,0.02,25.0,0.05,54.7,0.06,46.1,0.02,0.02,0.09337,1776213552000
1776213554.834,254.834,0.95,54.7,0.94,46.1,0.97,8.66,0.98,25.0,0.03,8.66,0.02,25.0,0.05,54.7,0.06,46.1,0.02,0.02,0.093378,1776213553000
1776213555.475,255.475,0.95,54.7,0.94,46.1,0.97,8.66,0.98,25.0,0.03,8.66,0.02,25.0,0.05,54.7,0.06,46.1,0.02,0.02,0.093378,1776213554000
1776213556.238,256.238,0.95,54.7,0.94,46.1,0.97,8.66,0.98,25.0,0.03,8.66,0.02,25.0,0.05,54.7,0.06,46.1,0.02,0.02,0.093381,1776213555000
1776213557.171,257.171,0.97,94.3,0.96,72.7,0.98,20.0,0.99,223.0,0.02,25.0,0.01,223.0,0.04,72.7,0.05,59.7,0.01,0.02,0.093381,1776213555000
1776213557.713,257.713,0.97,94.3,0.96,72.7,0.98,20.0,0.99,223.0,0.02,20.0,0.01,223.0,0.03,94.3,0.04,72.7,0.01,0.01,0.093383,1776213556000
1776213557.98,257.98,0.97,94.3,0.96,72.7,0.98,15.0,0.99,223.0,0.02,20.0,0.01,223.0,0.03,94.3,0.04,72.7,0.01,0.01,0.093383,1776213556000
1776213558.248,258.248,0.97,94.3,0.96,72.7,0.98,12.95,0.99,223.0,0.02,15.0,0.01,223.0,0.03,94.3,0.04,72.7,0.01,0.01,0.093383,1776213556000
1776213559.154,259.154,0.97,94.3,0.96,72.7,0.98,12.95,0.99,223.0,0.02,12.95,0.01,223.0,0.03,94.3,0.04,72.7,0.01,0.01,0.093387,1776213558000
1776213560.521,260.521,0.97,94.3,0.96,72.7,0.98,12.95,0.99,223.0,0.02,12.95,0.01,223.0,0.03,94.3,0.04,72.7,0.01,0.01,0.093387,1776213559000
1776213561.024,261.024,0.97,94.3,0.96,72.7,0.98,7.84,0.99,223.0,0.02,12.95,0.01,223.0,0.03,94.3,0.04,72.7,0.01,0.01,0.093387,1776213559000
1776213562.715,262.715,0.97,94.3,0.96,72.7,0.98,2.73,0.99,223.0,0.02,2.73,0.01,223.0,0.03,94.3,0.04,72.7,0.01,0.01,0.093388,1776213561000
1776213563.407,263.407,0.97,94.3,0.96,72.7,0.98,2.73,0.99,223.0,0.02,2.73,0.01,223.0,0.03,94.3,0.04,72.7,0.01,0.01,0.093389,1776213562000
1776213564.147,264.147,0.97,94.3,0.96,72.7,0.98,2.73,0.99,223.0,0.02,2.73,0.01,223.0,0.03,94.3,0.04,72.7,0.01,0.01,0.093392,1776213563000
1776213565.006,265.006,0.97,89.3,0.96,67.7,0.98,1.7,0.99,223.0,0.02,2.73,0.01,223.0,0.03,94.3,0.04,72.7,0.01,0.01,0.093392,1776213563000
1776213565.618,265.618,0.97,89.3,0.96,67.7,0.98,1.7,0.99,223.0,0.02,1.7,0.01,223.0,0.03,89.3,0.04,67.7,0.01,0.01,0.093395,1776213564000
1776213566.325,266.325,0.97,89.3,0.96,67.7,0.98,1.7,0.99,223.0,0.02,1.7,0.01,223.0,0.03,89.3,0.04,67.7,0.01,0.01,0.093396,1776213565000
1776213567.053,267.053,0.97,89.3,0.96,67.7,0.98,1.7,0.99,223.0,0.02,1.7,0.01,223.0,0.03,89.3,0.04,67.7,0.01,0.01,0.093397,1776213566000
1776213568.547,268.547,0.97,94.3,0.96,67.7,0.98,0.67,0.99,223.0,0.02,0.67,0.01,223.0,0.03,94.3,0.04,67.7,0.01,0.01,0.093397,1776213567000
1776213569.197,269.197,0.97,94.3,0.96,67.7,0.98,0.67,0.99,223.0,0.02,0.67,0.01,223.0,0.03,94.3,0.04,67.7,0.01,0.01,0.093397,1776213568000
1776213570.06,270.06,0.97,94.3,0.96,67.7,0.98,0.67,0.99,223.0,0.02,0.67,0.01,223.0,0.03,94.3,0.04,67.7,0.01,0.01,0.093395,1776213569000
1776213570.45,270.45,0.97,94.3,0.96,67.7,0.99,221.64,,,0.02,0.67,0.01,223.0,0.03,94.3,0.04,67.7,0.02,0.01,0.093395,1776213569000
1776213570.97,270.97,0.98,137.69,0.97,94.3,0.99,211.53,,,0.01,221.64,,,0.03,94.3,0.04,67.7,0.01,0.02,0.093395,1776213569000
1776213571.461,271.461,0.98,137.69,0.97,94.3,0.99,121.53,,,0.01,211.53,,,0.02,137.69,0.03,94.3,0.01,0.01,0.093395,1776213570000
1776213572.273,272.273,0.98,137.69,0.97,94.3,0.99,121.53,,,0.01,121.53,,,0.02,137.69,0.03,94.3,0.01,0.01,0.093396,1776213571000
1776213573.297,273.297,0.98,137.69,0.97,94.3,0.99,56.93,,,0.01,56.93,,,0.02,137.69,0.03,94.3,0.01,0.01,0.093395,1776213572000
1776213573.934,273.934,0.98,137.69,0.97,94.3,0.99,56.93,,,0.01,56.93,,,0.02,137.69,0.03,94.3,0.01,0.01,0.093395,1776213573000
1776213574.213,274.213,0.98,137.69,0.97,94.3,0.99,22.27,,,0.01,47.52,,,0.02,137.69,0.03,94.3,0.01,0.01,0.093395,1776213573000
1776213574.544,274.544,0.98,137.69,0.97,94.3,0.99,11.14,,,0.01,22.27,,,0.02,137.69,0.03,94.3,0.01,0.01,0.093395,1776213573000
1776213575.032,275.032,0.98,137.69,0.97,94.3,0.99,11.14,,,0.01,11.14,,,0.02,137.69,0.03,94.3,0.01,0.01,0.093396,1776213574000
1776213576.155,276.155,0.98,137.69,0.97,94.3,0.99,11.14,,,0.01,11.14,,,0.02,137.69,0.03,94.3,0.01,0.01,0.093396,1776213575000
1776213577.151,277.151,0.98,5.0,0.97,5.0,,,,,,,,,0.02,5.0,0.03,5.0,,,0.093396,1776213576000
1776213578.252,278.252,0.98,5.0,0.97,5.0,,,,,,,,,0.02,5.0,0.03,5.0,,,0.093396,1776213577000
1776213579.31,279.31,0.98,5.0,0.97,5.0,,,,,,,,,0.02,5.0,0.03,5.0,,,0.093397,1776213578000
1776213580.427,280.427,0.98,5.0,0.97,5.0,,,,,,,,,0.02,5.0,0.03,5.0,,,0.093394,1776213579000
1776213580.987,280.987,0.98,5.0,0.97,5.0,,,,,,,,,0.02,5.0,0.03,5.0,,,0.093394,1776213580000
1776213582.117,282.117,0.98,5.0,0.97,5.0,,,,,,,,,0.02,5.0,0.03,5.0,,,0.093393,1776213581000
1776213583.101,283.101,0.98,5.0,0.97,5.0,,,,,,,,,0.02,5.0,0.03,5.0,,,0.093393,1776213582000
1776213584.106,284.106,0.98,5.0,0.97,5.0,,,,,,,,,0.02,5.0,0.03,5.0,,,0.093394,1776213583000
1776213585.148,285.148,0.98,5.0,0.97,5.0,,,,,,,,,0.02,5.0,0.03,5.0,,,0.093394,1776213584000
1776213586.176,286.176,0.98,5.0,0.97,5.0,,,,,,,,,0.02,5.0,0.03,5.0,,,0.093395,1776213585000
1776213587.227,287.227,0.98,5.0,0.97,5.0,,,,,,,,,0.02,5.0,0.03,5.0,,,0.093395,1776213586000
1776213588.231,288.231,0.98,5.0,0.97,5.0,,,,,,,,,0.02,5.0,0.03,5.0,,,0.093394,1776213587000
1776213589.131,289.131,0.98,5.0,0.97,5.0,,,,,,,,,0.02,5.0,0.03,5.0,,,0.093393,1776213588000
1776213590.411,290.411,0.98,5.0,0.97,5.0,,,,,,,,,0.02,5.0,0.03,5.0,,,0.093394,1776213589000
1776213590.932,290.932,0.98,5.0,0.97,5.0,,,,,,,,,0.02,5.0,0.03,5.0,,,0.093394,1776213590000
1776213592.078,292.078,0.98,5.0,0.97,5.0,,,,,,,,,0.02,5.0,0.03,5.0,,,0.093394,1776213591000
1776213593.098,293.098,0.98,5.0,0.97,5.0,,,,,,,,,0.02,5.0,0.03,5.0,,,0.093394,1776213592000
1776213594.074,294.074,0.98,5.0,0.97,5.0,,,,,,,,,0.02,5.0,0.03,5.0,,,0.093394,1776213593000
1776213595.398,295.398,0.98,5.0,0.97,5.0,,,,,,,,,0.02,5.0,0.03,5.0,,,0.093393,1776213594000
1776213596.295,296.295,0.98,5.0,0.97,5.0,,,,,,,,,0.02,5.0,0.03,5.0,,,0.093393,1776213595000
1776213597.998,297.998,0.98,5.0,0.97,5.0,,,,,,,,,0.02,5.0,0.03,5.0,,,0.093394,1776213597000
1776213599.074,299.074,0.98,5.0,0.97,5.0,,,,,,,,,0.02,5.0,0.03,5.0,,,0.093396,1776213598000
1776213600.013,300.013,0.98,5.0,0.97,5.0,,,,,,,,,0.02,5.0,0.03,5.0,,,0.093396,1776213599000
1776213601.029,301.029,0.98,5.0,0.97,5.0,,,,,,,,,0.02,5.0,0.03,5.0,,,0.093395,1776213600000
1776213602.13,302.13,0.98,5.0,0.97,5.0,,,,,,,,,0.02,5.0,0.03,5.0,,,0.093396,1776213601000

# RESULT,winner=Up,slug=doge-updown-5m-1776213300,ticks=318
