timestamp,elapsed_sec,up_bid_p1,up_bid_s1,up_bid_p2,up_bid_s2,up_ask_p1,up_ask_s1,up_ask_p2,up_ask_s2,down_bid_p1,down_bid_s1,down_bid_p2,down_bid_s2,down_ask_p1,down_ask_s1,down_ask_p2,down_ask_s2,up_spread,down_spread,doge_price,doge_oracle_ts
1776252301.085,1.085,0.41,37.0,0.4,33.0,0.46,5.0,0.49,9.8,0.54,5.0,0.51,9.8,0.59,37.0,0.6,33.0,0.05,0.05,0.093116,1776252300000
1776252302.035,2.035,0.41,37.0,0.4,33.0,0.46,5.0,0.49,9.8,0.54,5.0,0.51,9.8,0.59,37.0,0.6,33.0,0.05,0.05,0.093116,1776252301000
1776252302.596,2.596,0.45,9.0,0.34,6.0,0.46,5.0,0.49,9.8,0.54,5.0,0.51,9.8,0.59,37.0,0.6,33.0,0.01,0.05,0.093116,1776252301000
1776252303.137,3.137,0.45,9.0,0.34,6.0,0.46,5.0,0.49,9.8,0.54,5.0,0.51,9.8,0.55,9.0,0.66,6.0,0.01,0.01,0.093115,1776252302000
1776252304.139,4.139,0.45,9.0,0.34,6.0,0.46,5.0,0.49,9.8,0.54,5.0,0.51,9.8,0.55,9.0,0.66,6.0,0.01,0.01,0.093115,1776252303000
1776252305.129,5.129,0.45,9.0,0.34,6.0,0.46,5.0,0.49,9.8,0.54,5.0,0.51,9.8,0.55,9.0,0.66,6.0,0.01,0.01,0.093114,1776252304000
1776252305.872,5.872,0.45,14.0,0.44,5.0,0.49,9.8,0.51,5.0,0.54,5.0,0.51,9.8,0.55,9.0,0.66,6.0,0.04,0.01,0.093114,1776252304000
1776252306.185,6.185,0.45,14.0,0.44,5.0,0.49,9.8,0.51,5.0,0.51,9.8,0.49,5.0,0.55,14.0,0.56,5.0,0.04,0.04,0.093114,1776252305000
1776252307.761,7.761,0.45,14.0,0.44,5.0,0.49,9.8,0.51,5.0,0.51,9.8,0.49,5.0,0.55,14.0,0.56,5.0,0.04,0.04,0.093114,1776252306000
1776252308.278,8.278,0.45,14.0,0.44,5.0,0.49,9.8,0.51,5.0,0.51,9.8,0.49,5.0,0.55,14.0,0.56,5.0,0.04,0.04,0.093114,1776252307000
1776252309.283,9.283,0.45,14.0,0.44,5.0,0.49,9.8,0.51,5.0,0.51,9.8,0.49,5.0,0.55,14.0,0.56,5.0,0.04,0.04,0.093114,1776252308000
1776252310.253,10.253,0.46,10.0,0.45,25.0,0.48,5.0,0.49,14.8,0.51,9.8,0.49,5.0,0.55,14.0,0.56,5.0,0.02,0.04,0.093114,1776252308000
1776252311.358,11.358,0.46,10.0,0.45,25.0,0.48,5.0,0.49,14.8,0.52,5.0,0.51,14.8,0.54,10.0,0.55,25.0,0.02,0.02,0.093114,1776252310000
1776252312.28,12.28,0.46,10.0,0.45,25.0,0.48,5.0,0.49,14.8,0.52,5.0,0.51,14.8,0.54,10.0,0.55,25.0,0.02,0.02,0.093114,1776252311000
1776252313.304,13.304,0.46,10.0,0.45,25.0,0.48,5.0,0.49,14.8,0.52,5.0,0.51,14.8,0.54,10.0,0.55,25.0,0.02,0.02,0.093114,1776252312000
1776252314.35,14.35,0.46,10.0,0.45,25.0,0.48,5.0,0.49,14.8,0.52,5.0,0.51,14.8,0.54,10.0,0.55,25.0,0.02,0.02,0.093114,1776252313000
1776252314.936,14.936,0.46,10.0,0.45,25.0,0.48,5.0,0.49,14.8,0.52,5.0,0.51,14.8,0.54,10.0,0.55,25.0,0.02,0.02,0.093114,1776252314000
1776252315.866,15.866,0.46,10.0,0.45,25.0,0.48,5.0,0.49,14.8,0.52,5.0,0.51,14.8,0.54,10.0,0.55,25.0,0.02,0.02,0.093114,1776252315000
1776252316.878,16.878,0.46,10.0,0.45,25.0,0.48,5.0,0.49,14.8,0.52,5.0,0.51,14.8,0.54,10.0,0.55,25.0,0.02,0.02,0.093114,1776252316000
1776252317.89,17.89,0.46,10.0,0.45,25.0,0.48,5.0,0.49,14.8,0.52,5.0,0.51,14.8,0.54,10.0,0.55,25.0,0.02,0.02,0.093114,1776252317000
1776252318.916,18.916,0.46,10.0,0.45,25.0,0.48,5.0,0.49,14.8,0.52,5.0,0.51,14.8,0.54,10.0,0.55,25.0,0.02,0.02,0.093114,1776252318000
1776252319.812,19.812,0.46,10.0,0.45,25.0,0.48,5.0,0.49,14.8,0.52,5.0,0.51,14.8,0.54,10.0,0.55,25.0,0.02,0.02,0.093114,1776252319000
1776252320.54,20.54,0.53,10.0,0.52,5.0,0.55,11.0,0.6,5.0,0.45,11.0,0.39,5.0,0.52,20.0,0.53,15.0,0.02,0.07,0.093114,1776252319000
1776252321.36,21.36,0.53,10.0,0.52,5.0,0.55,11.0,0.6,5.0,0.45,11.0,0.4,5.0,0.47,10.0,0.48,5.0,0.02,0.02,0.093114,1776252320000
1776252321.938,21.938,0.53,10.0,0.52,5.0,0.55,11.0,0.6,5.0,0.45,11.0,0.4,5.0,0.47,10.0,0.48,5.0,0.02,0.02,0.093132,1776252321000
1776252322.91,22.91,0.53,10.0,0.52,5.0,0.55,11.0,0.6,5.0,0.45,11.0,0.4,5.0,0.47,10.0,0.48,5.0,0.02,0.02,0.093135,1776252322000
1776252323.466,23.466,0.54,5.0,0.53,15.0,0.55,1.39,0.58,5.0,0.45,11.0,0.4,5.0,0.47,10.0,0.48,5.0,0.01,0.02,0.093135,1776252322000
1776252324.043,24.043,0.54,5.0,0.53,15.0,0.55,1.39,0.58,5.0,0.45,1.39,0.42,5.0,0.46,5.0,0.47,15.0,0.01,0.01,0.093135,1776252323000
1776252325.003,25.003,0.54,5.0,0.53,15.0,0.55,1.39,0.58,5.0,0.45,1.39,0.42,5.0,0.46,5.0,0.47,15.0,0.01,0.01,0.093135,1776252324000
1776252326.123,26.123,0.54,5.0,0.53,15.0,0.55,1.39,0.58,5.0,0.45,1.39,0.42,5.0,0.46,5.0,0.47,15.0,0.01,0.01,0.093135,1776252325000
1776252326.361,26.361,0.54,5.0,0.53,15.0,0.59,5.0,0.6,5.0,0.45,1.39,0.42,5.0,0.46,5.0,0.47,15.0,0.05,0.01,0.093135,1776252325000
1776252327.111,27.111,0.54,5.0,0.53,15.0,0.59,5.0,0.6,5.0,0.41,5.0,0.4,5.0,0.46,5.0,0.47,15.0,0.05,0.05,0.093135,1776252326000
1776252328.193,28.193,0.54,5.0,0.53,15.0,0.59,5.0,0.6,5.0,0.41,5.0,0.4,5.0,0.46,5.0,0.47,15.0,0.05,0.05,0.093134,1776252327000
1776252328.647,28.647,0.55,4.0,0.54,5.0,0.58,5.0,0.59,5.0,0.41,5.0,0.4,5.0,0.46,5.0,0.47,15.0,0.03,0.05,0.093134,1776252327000
1776252329.312,29.312,0.55,4.0,0.54,5.0,0.58,5.0,0.59,5.0,0.42,5.0,0.41,5.0,0.45,4.0,0.46,5.0,0.03,0.03,0.093135,1776252328000
1776252329.938,29.938,0.57,5.0,0.56,5.0,0.59,3.3,0.6,5.0,0.42,5.0,0.41,5.0,0.45,4.0,0.46,5.0,0.02,0.03,0.093135,1776252328000
1776252330.347,30.347,0.57,5.0,0.56,5.0,0.59,3.3,0.6,5.0,0.41,3.3,0.4,5.0,0.43,5.0,0.44,5.0,0.02,0.02,0.093134,1776252329000
1776252330.881,30.881,0.57,5.0,0.56,5.0,0.59,3.3,0.6,5.0,0.41,3.3,0.4,5.0,0.43,5.0,0.44,5.0,0.02,0.02,0.093134,1776252330000
1776252331.965,31.965,0.57,5.0,0.56,5.0,0.59,3.3,0.6,5.0,0.41,3.3,0.4,5.0,0.43,5.0,0.44,5.0,0.02,0.02,0.093135,1776252331000
1776252333.041,33.041,0.57,5.0,0.56,5.0,0.59,3.3,0.6,5.0,0.41,3.3,0.4,5.0,0.43,5.0,0.44,5.0,0.02,0.02,0.093135,1776252332000
1776252333.777,33.777,0.53,12.65,0.52,5.0,0.59,5.0,0.6,5.0,0.41,3.3,0.4,5.0,0.43,5.0,0.44,5.0,0.06,0.02,0.093135,1776252332000
1776252334.557,34.557,0.53,12.65,0.52,5.0,0.59,5.0,0.6,5.0,0.41,5.0,0.4,5.0,0.47,12.65,0.48,5.0,0.06,0.06,0.093134,1776252333000
1776252335.047,35.047,0.54,4.58,0.53,20.0,0.56,5.0,0.57,5.0,0.41,5.0,0.4,5.0,0.47,12.65,0.48,5.0,0.02,0.06,0.093134,1776252333000
1776252336.215,36.215,0.54,4.58,0.53,20.0,0.56,5.0,0.57,5.0,0.44,5.0,0.43,5.0,0.46,4.58,0.47,20.0,0.02,0.02,0.093134,1776252335000
1776252337.464,37.464,0.54,4.58,0.53,20.0,0.56,5.0,0.57,5.0,0.44,5.0,0.43,5.0,0.46,4.58,0.47,20.0,0.02,0.02,0.093138,1776252336000
1776252338.016,38.016,0.54,4.58,0.53,20.0,0.56,5.0,0.57,5.0,0.44,5.0,0.43,5.0,0.46,4.58,0.47,20.0,0.02,0.02,0.093139,1776252337000
1776252339.092,39.092,0.54,4.58,0.53,20.0,0.56,5.0,0.57,5.0,0.44,5.0,0.43,5.0,0.46,4.58,0.47,20.0,0.02,0.02,0.093139,1776252338000
1776252340.598,40.598,0.54,4.58,0.53,20.0,0.56,5.0,0.57,5.0,0.44,5.0,0.43,5.0,0.46,4.58,0.47,20.0,0.02,0.02,0.093139,1776252339000
1776252341.142,41.142,0.54,4.58,0.53,20.0,0.56,5.0,0.57,5.0,0.44,5.0,0.43,5.0,0.46,4.58,0.47,20.0,0.02,0.02,0.093139,1776252340000
1776252341.44,41.44,0.55,10.0,0.54,10.0,0.57,5.0,0.58,5.0,0.44,5.0,0.43,5.0,0.46,4.58,0.47,20.0,0.02,0.02,0.093139,1776252340000
1776252342.224,42.224,0.55,10.0,0.54,10.0,0.57,5.0,0.58,5.0,0.43,5.0,0.42,5.0,0.45,10.0,0.46,10.0,0.02,0.02,0.093139,1776252341000
1776252343.45,43.45,0.55,10.0,0.54,10.0,0.57,5.0,0.58,5.0,0.43,5.0,0.42,5.0,0.45,10.0,0.46,10.0,0.02,0.02,0.093141,1776252342000
1776252343.926,43.926,0.55,10.0,0.54,10.0,0.57,5.0,0.58,5.0,0.43,5.0,0.42,5.0,0.45,10.0,0.46,10.0,0.02,0.02,0.093141,1776252343000
1776252345.087,45.087,0.55,10.0,0.54,10.0,0.57,5.0,0.58,5.0,0.43,5.0,0.42,5.0,0.45,10.0,0.46,10.0,0.02,0.02,0.093141,1776252344000
1776252346.112,46.112,0.55,10.0,0.54,10.0,0.57,5.0,0.58,5.0,0.43,5.0,0.42,5.0,0.45,10.0,0.46,10.0,0.02,0.02,0.093142,1776252345000
1776252347.359,47.359,0.55,10.0,0.54,10.0,0.57,5.0,0.58,5.0,0.43,5.0,0.42,5.0,0.45,10.0,0.46,10.0,0.02,0.02,0.093142,1776252346000
1776252348.43,48.43,0.55,10.0,0.54,10.0,0.57,5.0,0.58,5.0,0.43,5.0,0.42,5.0,0.45,10.0,0.46,10.0,0.02,0.02,0.093142,1776252347000
1776252349.307,49.307,0.55,10.0,0.54,10.0,0.57,5.0,0.58,5.0,0.43,5.0,0.42,5.0,0.45,10.0,0.46,10.0,0.02,0.02,0.093142,1776252348000
1776252350.219,50.219,0.55,10.0,0.54,10.0,0.57,5.0,0.58,5.0,0.43,5.0,0.42,5.0,0.45,10.0,0.46,10.0,0.02,0.02,0.093142,1776252349000
1776252351.489,51.489,0.63,5.0,0.62,5.0,0.66,5.0,0.67,5.0,0.43,5.0,0.42,5.0,0.45,10.0,0.46,10.0,0.03,0.02,0.093142,1776252349000
1776252351.938,51.938,0.63,5.0,0.62,5.0,0.66,5.0,0.67,5.0,0.34,5.0,0.33,5.0,0.37,5.0,0.38,5.0,0.03,0.03,0.093151,1776252350000
1776252352.579,52.579,0.63,5.0,0.62,5.0,0.66,5.0,0.67,5.0,0.34,5.0,0.33,5.0,0.37,5.0,0.38,5.0,0.03,0.03,0.093155,1776252351000
1776252353.407,53.407,0.63,5.0,0.62,5.0,0.66,5.0,0.67,5.0,0.34,5.0,0.33,5.0,0.37,5.0,0.38,5.0,0.03,0.03,0.093155,1776252352000
1776252353.939,53.939,0.63,5.0,0.62,5.0,0.66,5.0,0.67,5.0,0.34,5.0,0.33,5.0,0.37,5.0,0.38,5.0,0.03,0.03,0.09315,1776252353000
1776252355.496,55.496,0.63,5.0,0.62,5.0,0.66,5.0,0.67,5.0,0.34,5.0,0.33,5.0,0.37,5.0,0.38,5.0,0.03,0.03,0.09315,1776252354000
1776252356.071,56.071,0.63,5.0,0.62,5.0,0.66,5.0,0.67,5.0,0.34,5.0,0.33,5.0,0.37,5.0,0.38,5.0,0.03,0.03,0.09315,1776252355000
1776252357.453,57.453,0.63,5.0,0.62,5.0,0.66,5.0,0.67,5.0,0.34,5.0,0.33,5.0,0.37,5.0,0.38,5.0,0.03,0.03,0.093156,1776252356000
1776252358.265,58.265,0.63,5.0,0.62,5.0,0.66,5.0,0.67,5.0,0.34,5.0,0.33,5.0,0.37,5.0,0.38,5.0,0.03,0.03,0.093156,1776252357000
1776252359.523,59.523,0.63,5.0,0.62,5.0,0.66,5.0,0.67,5.0,0.34,5.0,0.33,5.0,0.37,5.0,0.38,5.0,0.03,0.03,0.093156,1776252358000
1776252360.171,60.171,0.63,5.0,0.62,5.0,0.66,5.0,0.67,5.0,0.34,5.0,0.33,5.0,0.37,5.0,0.38,5.0,0.03,0.03,0.093156,1776252359000
1776252361.523,61.523,0.63,5.0,0.62,5.0,0.66,5.0,0.67,5.0,0.34,5.0,0.33,5.0,0.37,5.0,0.38,5.0,0.03,0.03,0.093156,1776252360000
1776252362.167,62.167,0.63,5.0,0.62,5.0,0.66,5.0,0.67,5.0,0.34,5.0,0.33,5.0,0.37,5.0,0.38,5.0,0.03,0.03,0.093161,1776252361000
1776252363.569,63.569,0.63,5.0,0.62,5.0,0.66,5.0,0.67,5.0,0.34,5.0,0.33,5.0,0.37,5.0,0.38,5.0,0.03,0.03,0.093175,1776252362000
1776252364.292,64.292,0.63,5.0,0.62,5.0,0.66,5.0,0.67,5.0,0.34,5.0,0.33,5.0,0.37,5.0,0.38,5.0,0.03,0.03,0.093174,1776252363000
1776252365.708,65.708,0.62,5.0,0.61,5.0,0.64,5.0,0.65,5.0,0.36,5.0,0.35,5.0,0.38,5.0,0.39,5.0,0.02,0.02,0.093158,1776252364000
1776252366.469,66.469,0.62,5.0,0.61,5.0,0.64,5.0,0.65,5.0,0.36,5.0,0.35,5.0,0.38,5.0,0.39,5.0,0.02,0.02,0.093158,1776252365000
1776252367.662,67.662,0.62,5.0,0.61,5.0,0.64,5.0,0.65,5.0,0.36,5.0,0.35,5.0,0.38,5.0,0.39,5.0,0.02,0.02,0.093154,1776252366000
1776252368.216,68.216,0.62,5.0,0.61,5.0,0.64,5.0,0.65,5.0,0.36,5.0,0.35,5.0,0.38,5.0,0.39,5.0,0.02,0.02,0.093153,1776252367000
1776252369.223,69.223,0.62,5.0,0.61,5.0,0.64,5.0,0.65,5.0,0.36,5.0,0.35,5.0,0.38,5.0,0.39,5.0,0.02,0.02,0.093154,1776252368000
1776252370.292,70.292,0.62,5.0,0.61,5.0,0.64,5.0,0.65,5.0,0.36,5.0,0.35,5.0,0.38,5.0,0.39,5.0,0.02,0.02,0.093154,1776252369000
1776252371.285,71.285,0.62,5.0,0.61,5.0,0.64,5.0,0.65,5.0,0.36,5.0,0.35,5.0,0.38,5.0,0.39,5.0,0.02,0.02,0.093153,1776252370000
1776252372.242,72.242,0.62,5.0,0.61,5.0,0.64,5.0,0.65,5.0,0.36,5.0,0.35,5.0,0.38,5.0,0.39,5.0,0.02,0.02,0.093153,1776252371000
1776252373.698,73.698,0.62,5.0,0.61,5.0,0.64,5.0,0.65,5.0,0.36,5.0,0.35,5.0,0.38,5.0,0.39,5.0,0.02,0.02,0.093154,1776252372000
1776252374.275,74.275,0.62,5.0,0.61,5.0,0.64,5.0,0.65,5.0,0.36,5.0,0.35,5.0,0.38,5.0,0.39,5.0,0.02,0.02,0.093154,1776252373000
1776252375.397,75.397,0.62,5.0,0.61,5.0,0.64,5.0,0.65,5.0,0.36,5.0,0.35,5.0,0.38,5.0,0.39,5.0,0.02,0.02,0.093154,1776252374000
1776252375.995,75.995,0.62,5.0,0.61,5.0,0.64,5.0,0.65,5.0,0.36,5.0,0.35,5.0,0.38,5.0,0.39,5.0,0.02,0.02,0.093154,1776252375000
1776252377.045,77.045,0.62,5.0,0.61,5.0,0.64,5.0,0.65,5.0,0.36,5.0,0.35,5.0,0.38,5.0,0.39,5.0,0.02,0.02,0.093154,1776252376000
1776252378.095,78.095,0.62,5.0,0.61,5.0,0.64,5.0,0.65,5.0,0.36,5.0,0.35,5.0,0.38,5.0,0.39,5.0,0.02,0.02,0.093153,1776252377000
1776252379.11,79.11,0.62,5.0,0.61,5.0,0.64,5.0,0.65,5.0,0.36,5.0,0.35,5.0,0.38,5.0,0.39,5.0,0.02,0.02,0.093154,1776252378000
1776252379.537,79.537,0.74,5.0,0.73,5.0,0.76,10.0,0.77,24.7,0.36,5.0,0.35,5.0,0.38,5.0,0.39,5.0,0.02,0.02,0.093154,1776252378000
1776252380.458,80.458,0.73,5.0,0.72,5.0,0.76,10.0,0.77,24.7,0.24,10.0,0.23,24.7,0.27,5.0,0.28,5.0,0.03,0.03,0.093153,1776252379000
1776252380.978,80.978,0.73,5.0,0.72,5.0,0.76,10.0,0.77,24.7,0.24,10.0,0.23,24.7,0.27,5.0,0.28,5.0,0.03,0.03,0.093153,1776252380000
1776252382.258,82.258,0.73,5.0,0.72,5.0,0.76,10.0,0.77,24.7,0.24,10.0,0.23,24.7,0.27,5.0,0.28,5.0,0.03,0.03,0.093157,1776252381000
1776252383.496,83.496,0.73,5.0,0.72,5.0,0.76,10.0,0.77,24.7,0.24,10.0,0.23,24.7,0.27,5.0,0.28,5.0,0.03,0.03,0.093158,1776252382000
1776252384.03,84.03,0.73,5.0,0.72,5.0,0.76,10.0,0.77,24.7,0.24,10.0,0.23,24.7,0.27,5.0,0.28,5.0,0.03,0.03,0.093163,1776252383000
1776252385.125,85.125,0.73,5.0,0.72,5.0,0.76,10.0,0.77,24.7,0.24,10.0,0.23,24.7,0.27,5.0,0.28,5.0,0.03,0.03,0.093164,1776252384000
1776252386.36,86.36,0.73,5.0,0.72,5.0,0.76,10.0,0.77,24.7,0.24,10.0,0.23,24.7,0.27,5.0,0.28,5.0,0.03,0.03,0.093162,1776252385000
1776252386.939,86.939,0.73,5.0,0.72,5.0,0.76,10.0,0.77,24.7,0.24,10.0,0.23,24.7,0.27,5.0,0.28,5.0,0.03,0.03,0.093163,1776252386000
1776252388.056,88.056,0.73,5.0,0.72,5.0,0.76,10.0,0.77,24.7,0.24,10.0,0.23,24.7,0.27,5.0,0.28,5.0,0.03,0.03,0.093164,1776252387000
1776252389.193,89.193,0.73,5.0,0.72,5.0,0.76,10.0,0.77,24.7,0.24,10.0,0.23,24.7,0.27,5.0,0.28,5.0,0.03,0.03,0.093165,1776252388000
1776252390.436,90.436,0.73,5.0,0.72,5.0,0.76,10.0,0.77,24.7,0.24,10.0,0.23,24.7,0.27,5.0,0.28,5.0,0.03,0.03,0.093164,1776252389000
1776252390.893,90.893,0.73,5.0,0.72,5.0,0.76,10.0,0.77,24.7,0.24,10.0,0.23,24.7,0.27,5.0,0.28,5.0,0.03,0.03,0.093163,1776252390000
1776252392.073,92.073,0.73,5.0,0.72,5.0,0.76,10.0,0.77,24.7,0.24,10.0,0.23,24.7,0.27,5.0,0.28,5.0,0.03,0.03,0.093164,1776252391000
1776252393.357,93.357,0.73,5.0,0.72,5.0,0.76,10.0,0.77,24.7,0.24,10.0,0.23,24.7,0.27,5.0,0.28,5.0,0.03,0.03,0.093165,1776252392000
1776252393.996,93.996,0.73,5.0,0.72,5.0,0.76,10.0,0.77,24.7,0.24,10.0,0.23,24.7,0.27,5.0,0.28,5.0,0.03,0.03,0.093165,1776252393000
1776252395.026,95.026,0.73,5.0,0.72,5.0,0.76,10.0,0.77,24.7,0.24,10.0,0.23,24.7,0.27,5.0,0.28,5.0,0.03,0.03,0.093165,1776252394000
1776252396.22,96.22,0.73,5.0,0.72,5.0,0.76,10.0,0.77,24.7,0.24,10.0,0.23,24.7,0.27,5.0,0.28,5.0,0.03,0.03,0.093165,1776252395000
1776252397.267,97.267,0.73,5.0,0.72,5.0,0.76,10.0,0.77,24.7,0.24,10.0,0.23,24.7,0.27,5.0,0.28,5.0,0.03,0.03,0.093165,1776252396000
1776252398.348,98.348,0.73,5.0,0.72,5.0,0.76,10.0,0.77,24.7,0.24,10.0,0.23,24.7,0.27,5.0,0.28,5.0,0.03,0.03,0.093165,1776252397000
1776252399.337,99.337,0.73,5.0,0.72,5.0,0.76,10.0,0.77,24.7,0.24,10.0,0.23,24.7,0.27,5.0,0.28,5.0,0.03,0.03,0.093165,1776252398000
1776252400.413,100.413,0.73,5.0,0.72,5.0,0.76,10.0,0.77,24.7,0.24,10.0,0.23,24.7,0.27,5.0,0.28,5.0,0.03,0.03,0.093166,1776252399000
1776252400.903,100.903,0.73,5.0,0.72,5.0,0.76,10.0,0.77,24.7,0.24,10.0,0.23,24.7,0.27,5.0,0.28,5.0,0.03,0.03,0.093166,1776252400000
1776252401.877,101.877,0.73,5.0,0.72,5.0,0.76,10.0,0.77,24.7,0.24,10.0,0.23,24.7,0.27,5.0,0.28,5.0,0.03,0.03,0.093172,1776252401000
1776252402.931,102.931,0.73,5.0,0.72,5.0,0.76,10.0,0.77,24.7,0.24,10.0,0.23,24.7,0.27,5.0,0.28,5.0,0.03,0.03,0.093172,1776252402000
1776252404.049,104.049,0.73,5.0,0.72,5.0,0.76,10.0,0.77,24.7,0.24,10.0,0.23,24.7,0.27,5.0,0.28,5.0,0.03,0.03,0.093171,1776252403000
1776252405.162,105.162,0.73,5.0,0.72,5.0,0.76,10.0,0.77,24.7,0.24,10.0,0.23,24.7,0.27,5.0,0.28,5.0,0.03,0.03,0.093172,1776252404000
1776252406.189,106.189,0.73,5.0,0.72,5.0,0.76,10.0,0.77,24.7,0.24,10.0,0.23,24.7,0.27,5.0,0.28,5.0,0.03,0.03,0.093172,1776252405000
1776252407.185,107.185,0.73,5.0,0.72,5.0,0.76,10.0,0.77,24.7,0.24,10.0,0.23,24.7,0.27,5.0,0.28,5.0,0.03,0.03,0.093172,1776252406000
1776252408.295,108.295,0.73,5.0,0.72,5.0,0.76,10.0,0.77,24.7,0.24,10.0,0.23,24.7,0.27,5.0,0.28,5.0,0.03,0.03,0.093172,1776252407000
1776252409.366,109.366,0.73,5.0,0.72,5.0,0.76,10.0,0.77,24.7,0.24,10.0,0.23,24.7,0.27,5.0,0.28,5.0,0.03,0.03,0.093173,1776252408000
1776252410.882,110.882,0.73,5.0,0.72,5.0,0.76,10.0,0.77,24.7,0.24,10.0,0.23,24.7,0.27,5.0,0.28,5.0,0.03,0.03,0.093174,1776252409000
1776252411.713,111.713,0.73,5.0,0.72,5.0,0.76,10.0,0.77,24.7,0.24,10.0,0.23,24.7,0.27,5.0,0.28,5.0,0.03,0.03,0.093174,1776252410000
1776252412.662,112.662,0.73,5.0,0.72,5.0,0.76,10.0,0.77,24.7,0.24,10.0,0.23,24.7,0.27,5.0,0.28,5.0,0.03,0.03,0.093178,1776252411000
1776252413.26,113.26,0.73,5.0,0.72,5.0,0.76,10.0,0.77,24.7,0.24,10.0,0.23,24.7,0.27,5.0,0.28,5.0,0.03,0.03,0.093177,1776252412000
1776252414.687,114.687,0.73,5.0,0.72,5.0,0.76,10.0,0.77,24.7,0.24,10.0,0.23,24.7,0.27,5.0,0.28,5.0,0.03,0.03,0.093177,1776252413000
1776252415.284,115.284,0.73,5.0,0.72,5.0,0.76,10.0,0.77,24.7,0.24,10.0,0.23,24.7,0.27,5.0,0.28,5.0,0.03,0.03,0.093178,1776252414000
1776252416.548,116.548,0.73,5.0,0.72,5.0,0.76,10.0,0.77,24.7,0.24,10.0,0.23,24.7,0.27,5.0,0.28,5.0,0.03,0.03,0.093178,1776252415000
1776252417.196,117.196,0.73,5.0,0.72,5.0,0.76,10.0,0.77,24.7,0.24,10.0,0.23,24.7,0.27,5.0,0.28,5.0,0.03,0.03,0.093178,1776252416000
1776252418.526,118.526,0.73,5.0,0.72,5.0,0.76,10.0,0.77,24.7,0.24,10.0,0.23,24.7,0.27,5.0,0.28,5.0,0.03,0.03,0.093178,1776252417000
1776252419.109,119.109,0.73,5.0,0.72,5.0,0.76,10.0,0.77,24.7,0.24,10.0,0.23,24.7,0.27,5.0,0.28,5.0,0.03,0.03,0.093178,1776252418000
1776252420.563,120.563,0.73,5.0,0.72,5.0,0.76,10.0,0.77,24.7,0.24,10.0,0.23,24.7,0.27,5.0,0.28,5.0,0.03,0.03,0.093179,1776252419000
1776252421.301,121.301,0.73,5.0,0.72,5.0,0.76,10.0,0.77,24.7,0.24,10.0,0.23,24.7,0.27,5.0,0.28,5.0,0.03,0.03,0.093179,1776252420000
1776252422.188,122.188,0.81,5.0,0.8,5.0,0.84,5.0,0.85,25.39,0.16,5.0,0.15,25.39,0.19,5.0,0.2,5.0,0.03,0.03,0.093178,1776252421000
1776252423.599,123.599,0.81,5.0,0.8,5.0,0.84,5.0,0.85,25.39,0.16,5.0,0.15,25.39,0.19,5.0,0.2,5.0,0.03,0.03,0.093178,1776252422000
1776252424.394,124.394,0.81,5.0,0.8,5.0,0.84,5.0,0.85,25.39,0.16,5.0,0.15,25.39,0.19,5.0,0.2,5.0,0.03,0.03,0.093178,1776252423000
1776252425.366,125.366,0.81,5.0,0.8,5.0,0.84,5.0,0.85,25.39,0.16,5.0,0.15,25.39,0.19,5.0,0.2,5.0,0.03,0.03,0.09318,1776252424000
1776252426.157,126.157,0.81,5.0,0.8,5.0,0.84,5.0,0.85,25.39,0.16,5.0,0.15,25.39,0.19,5.0,0.2,5.0,0.03,0.03,0.093184,1776252425000
1776252427.543,127.543,0.81,5.0,0.8,5.0,0.84,5.0,0.85,25.39,0.16,5.0,0.15,25.39,0.19,5.0,0.2,5.0,0.03,0.03,0.093184,1776252426000
1776252428.192,128.192,0.81,5.0,0.8,5.0,0.84,5.0,0.85,25.39,0.16,5.0,0.15,25.39,0.19,5.0,0.2,5.0,0.03,0.03,0.093185,1776252427000
1776252429.179,129.179,0.81,5.0,0.8,5.0,0.84,5.0,0.85,25.39,0.16,5.0,0.15,25.39,0.19,5.0,0.2,5.0,0.03,0.03,0.093185,1776252428000
1776252430.165,130.165,0.81,5.0,0.8,5.0,0.84,5.0,0.85,25.39,0.16,5.0,0.15,25.39,0.19,5.0,0.2,5.0,0.03,0.03,0.093185,1776252429000
1776252431.106,131.106,0.81,5.0,0.8,5.0,0.84,5.0,0.85,25.39,0.16,5.0,0.15,25.39,0.19,5.0,0.2,5.0,0.03,0.03,0.093185,1776252430000
1776252432.126,132.126,0.81,5.0,0.8,5.0,0.84,5.0,0.85,25.39,0.16,5.0,0.15,25.39,0.19,5.0,0.2,5.0,0.03,0.03,0.093196,1776252431000
1776252433.135,133.135,0.81,5.0,0.8,5.0,0.84,5.0,0.85,25.39,0.16,5.0,0.15,25.39,0.19,5.0,0.2,5.0,0.03,0.03,0.093195,1776252432000
1776252434.185,134.185,0.81,5.0,0.8,5.0,0.84,5.0,0.85,25.39,0.16,5.0,0.15,25.39,0.19,5.0,0.2,5.0,0.03,0.03,0.093196,1776252433000
1776252435.148,135.148,0.81,5.0,0.8,5.0,0.84,5.0,0.85,25.39,0.16,5.0,0.15,25.39,0.19,5.0,0.2,5.0,0.03,0.03,0.093202,1776252434000
1776252436.162,136.162,0.81,5.0,0.8,5.0,0.84,5.0,0.85,25.39,0.16,5.0,0.15,25.39,0.19,5.0,0.2,5.0,0.03,0.03,0.093201,1776252435000
1776252437.105,137.105,0.81,5.0,0.8,5.0,0.84,5.0,0.85,25.39,0.16,5.0,0.15,25.39,0.19,5.0,0.2,5.0,0.03,0.03,0.093201,1776252436000
1776252438.112,138.112,0.81,5.0,0.8,5.0,0.84,5.0,0.85,25.39,0.16,5.0,0.15,25.39,0.19,5.0,0.2,5.0,0.03,0.03,0.0932,1776252437000
1776252439.075,139.075,0.81,5.0,0.8,5.0,0.84,5.0,0.85,25.39,0.16,5.0,0.15,25.39,0.19,5.0,0.2,5.0,0.03,0.03,0.0932,1776252438000
1776252440.067,140.067,0.81,5.0,0.8,5.0,0.84,5.0,0.85,25.39,0.16,5.0,0.15,25.39,0.19,5.0,0.2,5.0,0.03,0.03,0.0932,1776252439000
1776252441.0,141.0,0.81,5.0,0.8,5.0,0.84,5.0,0.85,25.39,0.16,5.0,0.15,25.39,0.19,5.0,0.2,5.0,0.03,0.03,0.093201,1776252440000
1776252442.104,142.104,0.81,5.0,0.8,5.0,0.84,5.0,0.85,25.39,0.16,5.0,0.15,25.39,0.19,5.0,0.2,5.0,0.03,0.03,0.093202,1776252441000
1776252443.35,143.35,0.81,5.0,0.8,5.0,0.84,5.0,0.85,25.39,0.16,5.0,0.15,25.39,0.19,5.0,0.2,5.0,0.03,0.03,0.093202,1776252442000
1776252444.036,144.036,0.81,5.0,0.8,5.0,0.84,5.0,0.85,25.39,0.16,5.0,0.15,25.39,0.19,5.0,0.2,5.0,0.03,0.03,0.093202,1776252443000
1776252445.441,145.441,0.81,5.0,0.8,5.0,0.84,5.0,0.85,25.39,0.16,5.0,0.15,25.39,0.19,5.0,0.2,5.0,0.03,0.03,0.093202,1776252444000
1776252446.136,146.136,0.81,5.0,0.8,5.0,0.84,5.0,0.85,25.39,0.16,5.0,0.15,25.39,0.19,5.0,0.2,5.0,0.03,0.03,0.093202,1776252445000
1776252447.37,147.37,0.81,5.0,0.8,5.0,0.84,5.0,0.85,25.39,0.16,5.0,0.15,25.39,0.19,5.0,0.2,5.0,0.03,0.03,0.093202,1776252446000
1776252447.989,147.989,0.81,5.0,0.8,5.0,0.84,5.0,0.85,25.39,0.16,5.0,0.15,25.39,0.19,5.0,0.2,5.0,0.03,0.03,0.093202,1776252447000
1776252449.222,149.222,0.81,5.0,0.8,5.0,0.84,5.0,0.85,25.39,0.16,5.0,0.15,25.39,0.19,5.0,0.2,5.0,0.03,0.03,0.093202,1776252448000
1776252450.49,150.49,0.81,5.0,0.8,5.0,0.84,5.0,0.85,25.39,0.16,5.0,0.15,25.39,0.19,5.0,0.2,5.0,0.03,0.03,0.093202,1776252449000
1776252450.77,150.77,0.83,5.0,0.82,5.0,0.84,2.61,0.85,5.0,0.16,5.0,0.15,25.39,0.19,5.0,0.2,5.0,0.01,0.03,0.093202,1776252449000
1776252451.036,151.036,0.83,5.0,0.82,5.0,0.84,2.61,0.85,5.0,0.16,2.61,0.15,5.0,0.17,5.0,0.18,5.0,0.01,0.01,0.093202,1776252450000
1776252452.245,152.245,0.83,3.36,0.82,5.0,0.85,5.0,0.86,5.0,0.15,5.0,0.14,5.0,0.17,3.36,0.18,5.0,0.02,0.02,0.093202,1776252451000
1776252452.8,152.8,0.85,5.0,0.84,5.0,0.87,5.0,0.88,5.0,0.15,5.0,0.14,5.0,0.17,3.36,0.18,5.0,0.02,0.02,0.093202,1776252451000
1776252453.442,153.442,0.85,5.0,0.84,5.0,0.87,5.0,0.88,5.0,0.13,5.0,0.12,5.0,0.15,5.0,0.16,5.0,0.02,0.02,0.093184,1776252452000
1776252453.907,153.907,0.85,5.0,0.84,5.0,0.87,5.0,0.88,5.0,0.13,5.0,0.12,5.0,0.15,5.0,0.16,5.0,0.02,0.02,0.09318,1776252453000
1776252455.105,155.105,0.85,5.0,0.84,5.0,0.87,5.0,0.88,5.0,0.13,5.0,0.12,5.0,0.15,5.0,0.16,5.0,0.02,0.02,0.093185,1776252454000
1776252456.307,156.307,0.85,5.0,0.84,5.0,0.87,5.0,0.88,5.0,0.13,5.0,0.12,5.0,0.15,5.0,0.16,5.0,0.02,0.02,0.093184,1776252455000
1776252457.83,157.83,0.85,5.0,0.84,5.0,0.87,5.0,0.88,5.0,0.13,5.0,0.12,5.0,0.15,5.0,0.16,5.0,0.02,0.02,0.093184,1776252456000
1776252458.401,158.401,0.85,5.0,0.84,5.0,0.87,5.0,0.88,5.0,0.13,5.0,0.12,5.0,0.15,5.0,0.16,5.0,0.02,0.02,0.093184,1776252457000
1776252459.021,159.021,0.85,5.0,0.84,5.0,0.87,5.0,0.88,5.0,0.13,5.0,0.12,5.0,0.15,5.0,0.16,5.0,0.02,0.02,0.093184,1776252458000
1776252460.063,160.063,0.85,5.0,0.84,5.0,0.87,5.0,0.88,5.0,0.13,5.0,0.12,5.0,0.15,5.0,0.16,5.0,0.02,0.02,0.093184,1776252459000
1776252461.047,161.047,0.85,5.0,0.84,5.0,0.87,5.0,0.88,5.0,0.13,5.0,0.12,5.0,0.15,5.0,0.16,5.0,0.02,0.02,0.093184,1776252460000
1776252462.161,162.161,0.85,5.0,0.84,5.0,0.87,5.0,0.88,5.0,0.13,5.0,0.12,5.0,0.15,5.0,0.16,5.0,0.02,0.02,0.093184,1776252461000
1776252463.315,163.315,0.85,5.0,0.84,5.0,0.87,5.0,0.88,5.0,0.13,5.0,0.12,5.0,0.15,5.0,0.16,5.0,0.02,0.02,0.093184,1776252462000
1776252464.342,164.342,0.85,5.0,0.84,5.0,0.87,5.0,0.88,5.0,0.13,5.0,0.12,5.0,0.15,5.0,0.16,5.0,0.02,0.02,0.093185,1776252463000
1776252464.907,164.907,0.85,5.0,0.84,5.0,0.87,5.0,0.88,5.0,0.13,5.0,0.12,5.0,0.15,5.0,0.16,5.0,0.02,0.02,0.093185,1776252464000
1776252465.906,165.906,0.85,5.0,0.84,5.0,0.87,5.0,0.88,5.0,0.13,5.0,0.12,5.0,0.15,5.0,0.16,5.0,0.02,0.02,0.093185,1776252465000
1776252466.963,166.963,0.85,5.0,0.84,5.0,0.87,5.0,0.88,5.0,0.13,5.0,0.12,5.0,0.15,5.0,0.16,5.0,0.02,0.02,0.093185,1776252466000
1776252468.105,168.105,0.85,5.0,0.84,5.0,0.87,5.0,0.88,5.0,0.13,5.0,0.12,5.0,0.15,5.0,0.16,5.0,0.02,0.02,0.093185,1776252467000
1776252469.15,169.15,0.85,5.0,0.84,5.0,0.87,5.0,0.88,5.0,0.13,5.0,0.12,5.0,0.15,5.0,0.16,5.0,0.02,0.02,0.093185,1776252468000
1776252469.373,169.373,0.88,5.0,0.87,5.0,0.89,3.87,0.9,5.0,0.13,5.0,0.12,5.0,0.15,5.0,0.16,5.0,0.01,0.02,0.093185,1776252468000
1776252470.206,170.206,0.88,5.0,0.87,5.0,0.89,3.87,0.9,5.0,0.11,3.87,0.1,5.0,0.12,5.0,0.13,5.0,0.01,0.01,0.093185,1776252469000
1776252471.644,171.644,0.88,5.0,0.87,5.0,0.89,3.87,0.9,5.0,0.11,3.87,0.1,5.0,0.12,5.0,0.13,5.0,0.01,0.01,0.093185,1776252470000
1776252472.182,172.182,0.88,5.0,0.87,5.0,0.89,3.87,0.9,5.0,0.11,3.87,0.1,5.0,0.12,5.0,0.13,5.0,0.01,0.01,0.093185,1776252471000
1776252473.165,173.165,0.88,5.0,0.87,5.0,0.89,3.87,0.9,5.0,0.11,3.87,0.1,5.0,0.12,5.0,0.13,5.0,0.01,0.01,0.093193,1776252472000
1776252474.218,174.218,0.88,5.0,0.87,5.0,0.89,3.87,0.9,5.0,0.11,3.87,0.1,5.0,0.12,5.0,0.13,5.0,0.01,0.01,0.093193,1776252473000
1776252475.233,175.233,0.88,5.0,0.87,5.0,0.89,3.87,0.9,5.0,0.11,3.87,0.1,5.0,0.12,5.0,0.13,5.0,0.01,0.01,0.093193,1776252474000
1776252476.336,176.336,0.88,5.0,0.87,5.0,0.89,3.87,0.9,5.0,0.11,3.87,0.1,5.0,0.12,5.0,0.13,5.0,0.01,0.01,0.093193,1776252475000
1776252476.827,176.827,0.88,5.0,0.87,5.0,0.89,3.87,0.9,5.0,0.11,3.87,0.1,5.0,0.12,5.0,0.13,5.0,0.01,0.01,0.093193,1776252476000
1776252477.911,177.911,0.88,5.0,0.87,5.0,0.89,3.87,0.9,5.0,0.11,3.87,0.1,5.0,0.12,5.0,0.13,5.0,0.01,0.01,0.093203,1776252477000
1776252478.974,178.974,0.88,5.0,0.87,5.0,0.89,3.87,0.9,5.0,0.11,3.87,0.1,5.0,0.12,5.0,0.13,5.0,0.01,0.01,0.093203,1776252478000
1776252480.119,180.119,0.88,5.0,0.87,5.0,0.89,3.87,0.9,5.0,0.11,3.87,0.1,5.0,0.12,5.0,0.13,5.0,0.01,0.01,0.093203,1776252479000
1776252481.21,181.21,0.88,5.0,0.87,5.0,0.89,3.87,0.9,5.0,0.11,3.87,0.1,5.0,0.12,5.0,0.13,5.0,0.01,0.01,0.093203,1776252480000
1776252482.179,182.179,0.88,5.0,0.87,5.0,0.89,3.87,0.9,5.0,0.11,3.87,0.1,5.0,0.12,5.0,0.13,5.0,0.01,0.01,0.093204,1776252481000
1776252483.323,183.323,0.88,5.0,0.87,5.0,0.89,3.87,0.9,5.0,0.11,3.87,0.1,5.0,0.12,5.0,0.13,5.0,0.01,0.01,0.093203,1776252482000
1776252483.915,183.915,0.91,31.7,0.9,33.9,0.96,77.7,0.97,94.3,0.11,3.87,0.1,5.0,0.12,5.0,0.13,5.0,0.05,0.01,0.093203,1776252482000
1776252484.371,184.371,0.91,31.7,0.9,33.9,0.96,77.7,0.97,94.3,0.04,77.7,0.03,94.3,0.09,31.7,0.1,33.9,0.05,0.05,0.093203,1776252483000
1776252485.405,185.405,0.91,31.7,0.9,33.9,0.96,77.7,0.97,94.3,0.04,77.7,0.03,94.3,0.09,31.7,0.1,33.9,0.05,0.05,0.093203,1776252484000
1776252486.138,186.138,0.91,31.7,0.9,33.9,0.96,77.7,0.97,94.3,0.04,77.7,0.03,94.3,0.09,31.7,0.1,33.9,0.05,0.05,0.093203,1776252485000
1776252487.392,187.392,0.91,31.7,0.9,33.9,0.96,77.7,0.97,94.3,0.04,77.7,0.03,94.3,0.09,31.7,0.1,33.9,0.05,0.05,0.093203,1776252486000
1776252488.02,188.02,0.95,5.0,0.94,51.1,0.96,7.91,0.97,94.3,0.04,7.91,0.03,94.3,0.05,5.0,0.06,51.1,0.01,0.01,0.093203,1776252487000
1776252489.255,189.255,0.95,5.0,0.94,51.1,0.96,7.91,0.97,94.3,0.04,7.91,0.03,94.3,0.05,5.0,0.06,51.1,0.01,0.01,0.093211,1776252488000
1776252490.499,190.499,0.95,5.0,0.94,51.1,0.96,2.7,0.97,94.3,0.04,7.91,0.03,94.3,0.05,5.0,0.06,51.1,0.01,0.01,0.093211,1776252488000
1776252491.103,191.103,0.95,5.0,0.94,51.1,0.96,2.7,0.97,94.3,0.04,2.7,0.03,94.3,0.05,5.0,0.06,51.1,0.01,0.01,0.093211,1776252490000
1776252492.303,192.303,0.95,5.0,0.94,51.1,0.96,2.7,0.97,94.3,0.04,2.7,0.03,94.3,0.05,5.0,0.06,51.1,0.01,0.01,0.093211,1776252491000
1776252493.522,193.522,0.95,5.0,0.94,51.1,0.96,2.7,0.97,94.3,0.04,2.7,0.03,94.3,0.05,5.0,0.06,51.1,0.01,0.01,0.093211,1776252492000
1776252493.985,193.985,0.95,5.0,0.94,51.1,0.96,2.7,0.97,94.3,0.04,2.7,0.03,94.3,0.05,5.0,0.06,51.1,0.01,0.01,0.093211,1776252493000
1776252495.057,195.057,0.95,5.0,0.94,51.1,0.96,2.7,0.97,94.3,0.04,2.7,0.03,94.3,0.05,5.0,0.06,51.1,0.01,0.01,0.093209,1776252494000
1776252496.269,196.269,0.95,5.0,0.94,51.1,0.96,2.7,0.97,94.3,0.04,2.7,0.03,94.3,0.05,5.0,0.06,51.1,0.01,0.01,0.093209,1776252495000
1776252497.366,197.366,0.95,5.0,0.94,51.1,0.96,2.7,0.97,94.3,0.04,2.7,0.03,94.3,0.05,5.0,0.06,51.1,0.01,0.01,0.093209,1776252496000
1776252498.013,198.013,0.95,5.0,0.94,51.1,0.96,2.7,0.97,94.3,0.04,2.7,0.03,94.3,0.05,5.0,0.06,51.1,0.01,0.01,0.093208,1776252497000
1776252498.366,198.366,0.95,5.0,0.94,5.0,0.96,50.6,0.97,94.3,0.04,2.7,0.03,94.3,0.05,5.0,0.06,51.1,0.01,0.01,0.093208,1776252497000
1776252499.07,199.07,0.95,5.0,0.94,5.0,0.96,50.6,0.97,94.3,0.04,50.6,0.03,94.3,0.05,5.0,0.06,5.0,0.01,0.01,0.0932,1776252498000
1776252500.359,200.359,0.95,5.0,0.94,5.0,0.97,93.26,0.98,152.69,0.04,50.6,0.03,94.3,0.05,5.0,0.06,5.0,0.02,0.01,0.0932,1776252498000
1776252500.741,200.741,0.95,5.0,0.94,5.0,0.97,93.26,0.98,152.69,0.03,93.26,0.02,152.69,0.05,5.0,0.06,5.0,0.02,0.02,0.0932,1776252499000
1776252501.161,201.161,0.95,5.0,0.94,5.0,0.97,93.26,0.98,152.69,0.03,93.26,0.02,152.69,0.05,5.0,0.06,5.0,0.02,0.02,0.0932,1776252500000
1776252502.194,202.194,0.95,5.0,0.94,5.0,0.97,93.26,0.98,152.69,0.03,93.26,0.02,152.69,0.05,5.0,0.06,5.0,0.02,0.02,0.0932,1776252501000
1776252503.117,203.117,0.95,5.0,0.94,5.0,0.97,93.26,0.98,152.69,0.03,93.26,0.02,152.69,0.05,5.0,0.06,5.0,0.02,0.02,0.0932,1776252502000
1776252504.172,204.172,0.95,5.0,0.94,5.0,0.97,93.26,0.98,152.69,0.03,93.26,0.02,152.69,0.05,5.0,0.06,5.0,0.02,0.02,0.093199,1776252503000
1776252505.169,205.169,0.95,5.0,0.94,5.0,0.97,93.26,0.98,152.69,0.03,93.26,0.02,152.69,0.05,5.0,0.06,5.0,0.02,0.02,0.093199,1776252504000
1776252506.196,206.196,0.95,5.0,0.94,5.0,0.97,93.26,0.98,152.69,0.03,93.26,0.02,152.69,0.05,5.0,0.06,5.0,0.02,0.02,0.093199,1776252505000
1776252507.185,207.185,0.95,5.0,0.94,5.0,0.97,93.26,0.98,152.69,0.03,93.26,0.02,152.69,0.05,5.0,0.06,5.0,0.02,0.02,0.093199,1776252506000
1776252508.227,208.227,0.95,5.0,0.94,5.0,0.97,93.26,0.98,152.69,0.03,93.26,0.02,152.69,0.05,5.0,0.06,5.0,0.02,0.02,0.093199,1776252507000
1776252509.161,209.161,0.95,5.0,0.94,5.0,0.97,93.26,0.98,152.69,0.03,93.26,0.02,152.69,0.05,5.0,0.06,5.0,0.02,0.02,0.093201,1776252508000
1776252510.214,210.214,0.95,5.0,0.94,5.0,0.97,93.26,0.98,152.69,0.03,93.26,0.02,152.69,0.05,5.0,0.06,5.0,0.02,0.02,0.093201,1776252509000
1776252511.199,211.199,0.95,5.0,0.94,5.0,0.97,93.26,0.98,152.69,0.03,93.26,0.02,152.69,0.05,5.0,0.06,5.0,0.02,0.02,0.093201,1776252510000
1776252512.142,212.142,0.95,5.0,0.94,5.0,0.97,93.26,0.98,152.69,0.03,93.26,0.02,152.69,0.05,5.0,0.06,5.0,0.02,0.02,0.093202,1776252511000
1776252513.629,213.629,0.95,5.0,0.94,5.0,0.97,93.26,0.98,152.69,0.03,93.26,0.02,152.69,0.05,5.0,0.06,5.0,0.02,0.02,0.093202,1776252512000
1776252514.264,214.264,0.95,5.0,0.94,5.0,0.97,93.26,0.98,152.69,0.03,93.26,0.02,152.69,0.05,5.0,0.06,5.0,0.02,0.02,0.093201,1776252513000
1776252514.798,214.798,0.95,5.0,0.94,5.0,0.97,93.26,0.98,152.69,0.03,93.26,0.02,152.69,0.05,5.0,0.06,5.0,0.02,0.02,0.093201,1776252514000
1776252516.053,216.053,0.95,5.0,0.94,5.0,0.97,93.26,0.98,152.69,0.03,93.26,0.02,152.69,0.05,5.0,0.06,5.0,0.02,0.02,0.093201,1776252515000
1776252517.035,217.035,0.95,5.0,0.94,5.0,0.97,93.26,0.98,152.69,0.03,93.26,0.02,152.69,0.05,5.0,0.06,5.0,0.02,0.02,0.093202,1776252516000
1776252518.049,218.049,0.95,5.0,0.94,5.0,0.97,93.26,0.98,152.69,0.03,93.26,0.02,152.69,0.05,5.0,0.06,5.0,0.02,0.02,0.093204,1776252517000
1776252519.173,219.173,0.95,5.0,0.94,5.0,0.97,93.26,0.98,152.69,0.03,93.26,0.02,152.69,0.05,5.0,0.06,5.0,0.02,0.02,0.093204,1776252518000
1776252520.161,220.161,0.95,5.0,0.94,5.0,0.97,93.26,0.98,152.69,0.03,93.26,0.02,152.69,0.05,5.0,0.06,5.0,0.02,0.02,0.093204,1776252519000
1776252521.404,221.404,0.95,5.0,0.94,5.0,0.97,93.26,0.98,152.69,0.03,93.26,0.02,152.69,0.05,5.0,0.06,5.0,0.02,0.02,0.093204,1776252520000
1776252522.277,222.277,0.96,77.7,0.95,64.7,0.99,635.56,,,0.01,635.56,,,0.04,77.7,0.05,64.7,0.03,0.03,0.093204,1776252521000
1776252523.225,223.225,0.96,77.7,0.95,64.7,0.99,635.56,,,0.01,635.56,,,0.04,77.7,0.05,64.7,0.03,0.03,0.093212,1776252522000
1776252524.181,224.181,0.96,77.7,0.95,64.7,0.99,635.56,,,0.01,635.56,,,0.04,77.7,0.05,64.7,0.03,0.03,0.09322,1776252523000
1776252525.361,225.361,0.96,77.7,0.95,64.7,0.99,635.56,,,0.01,635.56,,,0.04,77.7,0.05,64.7,0.03,0.03,0.09322,1776252524000
1776252526.257,226.257,0.96,77.7,0.95,64.7,0.99,635.56,,,0.01,635.56,,,0.04,77.7,0.05,64.7,0.03,0.03,0.09322,1776252525000
1776252527.308,227.308,0.96,77.7,0.95,64.7,0.99,635.56,,,0.01,635.56,,,0.04,77.7,0.05,64.7,0.03,0.03,0.09322,1776252526000
1776252528.135,228.135,0.96,77.7,0.95,64.7,0.99,635.56,,,0.01,635.56,,,0.04,77.7,0.05,64.7,0.03,0.03,0.093219,1776252527000
1776252529.535,229.535,0.96,77.7,0.95,64.7,0.99,635.56,,,0.01,635.56,,,0.04,77.7,0.05,64.7,0.03,0.03,0.093214,1776252528000
1776252530.026,230.026,0.96,77.7,0.95,64.7,0.99,635.56,,,0.01,635.56,,,0.04,77.7,0.05,64.7,0.03,0.03,0.093214,1776252529000
1776252531.474,231.474,0.96,77.7,0.95,64.7,0.99,635.56,,,0.01,635.56,,,0.04,77.7,0.05,64.7,0.03,0.03,0.093212,1776252530000
1776252532.284,232.284,0.96,77.7,0.95,64.7,0.99,635.56,,,0.01,635.56,,,0.04,77.7,0.05,64.7,0.03,0.03,0.093202,1776252531000
1776252533.787,233.787,0.96,77.7,0.95,64.7,0.99,635.56,,,0.01,635.56,,,0.04,77.7,0.05,64.7,0.03,0.03,0.093201,1776252532000
1776252534.309,234.309,0.96,77.7,0.95,64.7,0.99,635.56,,,0.01,635.56,,,0.04,77.7,0.05,64.7,0.03,0.03,0.093201,1776252533000
1776252535.495,235.495,0.96,77.7,0.95,64.7,0.99,635.56,,,0.01,635.56,,,0.04,77.7,0.05,64.7,0.03,0.03,0.093202,1776252534000
1776252536.046,236.046,0.96,77.7,0.95,64.7,0.99,635.56,,,0.01,635.56,,,0.04,77.7,0.05,64.7,0.03,0.03,0.093202,1776252535000
1776252537.487,237.487,0.96,77.7,0.95,64.7,0.99,635.56,,,0.01,635.56,,,0.04,77.7,0.05,64.7,0.03,0.03,0.093194,1776252536000
1776252537.981,237.981,0.96,77.7,0.95,64.7,0.99,635.56,,,0.01,635.56,,,0.04,77.7,0.05,64.7,0.03,0.03,0.093198,1776252537000
1776252539.177,239.177,0.96,77.7,0.95,64.7,0.99,635.56,,,0.01,635.56,,,0.04,77.7,0.05,64.7,0.03,0.03,0.093202,1776252538000
1776252540.354,240.354,0.96,77.7,0.95,64.7,0.99,635.56,,,0.01,635.56,,,0.04,77.7,0.05,64.7,0.03,0.03,0.093202,1776252539000
1776252541.015,241.015,0.96,77.7,0.95,64.7,0.99,635.56,,,0.01,635.56,,,0.04,77.7,0.05,64.7,0.03,0.03,0.093201,1776252540000
1776252542.079,242.079,0.96,77.7,0.95,64.7,0.99,635.56,,,0.01,635.56,,,0.04,77.7,0.05,64.7,0.03,0.03,0.093201,1776252541000
1776252542.332,242.332,0.97,5.0,0.96,5.0,0.98,126.63,0.99,640.56,0.01,635.56,,,0.04,77.7,0.05,64.7,0.01,0.03,0.093201,1776252541000
1776252543.124,243.124,0.97,5.0,0.96,72.7,0.98,92.04,0.99,640.56,0.02,126.63,0.01,640.56,0.03,5.0,0.04,5.0,0.01,0.01,0.093201,1776252541000
1776252543.693,243.693,0.97,5.0,0.96,72.7,0.98,92.04,0.99,640.56,0.02,92.04,0.01,640.56,0.03,5.0,0.04,72.7,0.01,0.01,0.093197,1776252542000
1776252544.373,244.373,0.97,5.0,0.96,72.7,0.98,92.04,0.99,640.56,0.02,92.04,0.01,640.56,0.03,5.0,0.04,72.7,0.01,0.01,0.093197,1776252543000
1776252545.563,245.563,0.97,5.0,0.96,72.7,0.98,92.04,0.99,640.56,0.02,92.04,0.01,640.56,0.03,5.0,0.04,72.7,0.01,0.01,0.093196,1776252544000
1776252546.193,246.193,0.97,5.0,0.96,72.7,0.98,92.04,0.99,640.56,0.02,92.04,0.01,640.56,0.03,5.0,0.04,72.7,0.01,0.01,0.093197,1776252545000
1776252547.426,247.426,0.97,5.0,0.96,72.7,0.98,92.04,0.99,640.56,0.02,92.04,0.01,640.56,0.03,5.0,0.04,72.7,0.01,0.01,0.093197,1776252546000
1776252548.401,248.401,0.97,5.0,0.96,72.7,0.98,92.04,0.99,640.56,0.02,92.04,0.01,640.56,0.03,5.0,0.04,72.7,0.01,0.01,0.093197,1776252547000
1776252549.095,249.095,0.97,5.0,0.96,72.7,0.98,92.04,0.99,640.56,0.02,92.04,0.01,640.56,0.03,5.0,0.04,72.7,0.01,0.01,0.093197,1776252548000
1776252550.661,250.661,0.97,5.0,0.96,72.7,0.98,92.04,0.99,640.56,0.02,92.04,0.01,640.56,0.03,5.0,0.04,72.7,0.01,0.01,0.093197,1776252549000
1776252551.289,251.289,0.97,5.0,0.96,72.7,0.98,92.04,0.99,640.56,0.02,92.04,0.01,640.56,0.03,5.0,0.04,72.7,0.01,0.01,0.093196,1776252550000
1776252551.579,251.579,0.97,94.3,0.96,72.7,0.99,539.54,,,0.02,92.04,0.01,640.56,0.03,5.0,0.04,72.7,0.02,0.01,0.093196,1776252550000
1776252552.68,252.68,0.97,94.3,0.96,72.7,0.99,539.54,,,0.01,539.54,,,0.03,94.3,0.04,72.7,0.02,0.02,0.093196,1776252551000
1776252553.584,253.584,0.97,94.3,0.96,72.7,0.99,539.54,,,0.01,539.54,,,0.03,94.3,0.04,72.7,0.02,0.02,0.093195,1776252552000
1776252554.166,254.166,0.97,94.3,0.96,72.7,0.99,539.54,,,0.01,539.54,,,0.03,94.3,0.04,72.7,0.02,0.02,0.093196,1776252553000
1776252555.609,255.609,0.97,94.3,0.96,72.7,0.99,539.54,,,0.01,539.54,,,0.03,94.3,0.04,72.7,0.02,0.02,0.093196,1776252554000
1776252556.35,256.35,0.97,94.3,0.96,72.7,0.99,539.54,,,0.01,539.54,,,0.03,94.3,0.04,72.7,0.02,0.02,0.093194,1776252555000
1776252557.068,257.068,0.97,94.3,0.96,72.7,0.99,539.54,,,0.01,539.54,,,0.03,94.3,0.04,72.7,0.02,0.02,0.093193,1776252556000
1776252558.697,258.697,0.97,94.3,0.96,72.7,0.99,539.54,,,0.01,539.54,,,0.03,94.3,0.04,72.7,0.02,0.02,0.093192,1776252557000
1776252559.526,259.526,0.97,94.3,0.96,72.7,0.99,539.54,,,0.01,539.54,,,0.03,94.3,0.04,72.7,0.02,0.02,0.093192,1776252558000
1776252560.278,260.278,0.97,94.3,0.96,72.7,0.99,539.54,,,0.01,539.54,,,0.03,94.3,0.04,72.7,0.02,0.02,0.093192,1776252559000
1776252561.617,261.617,0.97,94.3,0.96,72.7,0.99,539.54,,,0.01,539.54,,,0.03,94.3,0.04,72.7,0.02,0.02,0.093194,1776252560000
1776252562.584,262.584,0.97,94.3,0.96,72.7,0.99,539.54,,,0.01,539.54,,,0.03,94.3,0.04,72.7,0.02,0.02,0.093194,1776252561000
1776252563.085,263.085,0.97,94.3,0.96,72.7,0.99,539.54,,,0.01,539.54,,,0.03,94.3,0.04,72.7,0.02,0.02,0.093194,1776252562000
1776252564.211,264.211,0.97,94.3,0.96,72.7,0.99,539.54,,,0.01,539.54,,,0.03,94.3,0.04,72.7,0.02,0.02,0.093194,1776252563000
1776252564.468,264.468,0.98,132.69,0.97,94.3,0.99,155.92,0.999,220.0,0.01,539.54,,,0.03,94.3,0.04,72.7,0.01,0.02,0.093194,1776252563000
1776252565.357,265.357,0.98,132.69,0.97,94.3,0.99,155.92,0.999,220.0,0.01,155.92,0.001,220.0,0.02,132.69,0.03,94.3,0.01,0.01,0.093194,1776252564000
1776252566.384,266.384,0.98,132.69,0.97,94.3,0.99,155.92,0.999,220.0,0.01,155.92,0.001,220.0,0.02,132.69,0.03,94.3,0.01,0.01,0.093195,1776252565000
1776252566.899,266.899,0.98,132.69,0.97,94.3,0.99,155.92,0.999,220.0,0.01,155.92,0.001,220.0,0.02,132.69,0.03,94.3,0.01,0.01,0.093196,1776252566000
1776252567.948,267.948,0.98,132.69,0.97,94.3,0.99,155.92,0.999,220.0,0.01,155.92,0.001,220.0,0.02,132.69,0.03,94.3,0.01,0.01,0.093201,1776252567000
1776252569.096,269.096,0.98,132.69,0.97,94.3,0.99,155.92,0.999,220.0,0.01,155.92,0.001,220.0,0.02,132.69,0.03,94.3,0.01,0.01,0.093201,1776252568000
1776252570.187,270.187,0.98,132.69,0.97,94.3,0.99,155.92,0.999,220.0,0.01,155.92,0.001,220.0,0.02,132.69,0.03,94.3,0.01,0.01,0.093201,1776252569000
1776252571.393,271.393,0.98,132.69,0.97,94.3,0.99,155.92,0.999,220.0,0.01,155.92,0.001,220.0,0.02,132.69,0.03,94.3,0.01,0.01,0.093196,1776252570000
1776252571.947,271.947,0.98,132.69,0.97,94.3,0.99,155.92,0.999,220.0,0.01,155.92,0.001,220.0,0.02,132.69,0.03,94.3,0.01,0.01,0.093196,1776252571000
1776252573.281,273.281,0.98,132.69,0.97,94.3,0.99,155.92,0.999,220.0,0.01,155.92,0.001,220.0,0.02,132.69,0.03,94.3,0.01,0.01,0.093196,1776252572000
1776252574.301,274.301,0.98,132.69,0.97,94.3,0.99,155.92,0.999,220.0,0.01,155.92,0.001,220.0,0.02,132.69,0.03,94.3,0.01,0.01,0.093195,1776252573000
1776252575.234,275.234,0.98,132.69,0.97,94.3,0.99,155.92,0.999,220.0,0.01,155.92,0.001,220.0,0.02,132.69,0.03,94.3,0.01,0.01,0.093195,1776252574000
1776252576.92,276.92,0.98,132.69,0.97,94.3,0.99,155.92,0.999,220.0,0.01,155.92,0.001,220.0,0.02,132.69,0.03,94.3,0.01,0.01,0.093198,1776252575000
1776252577.441,277.441,0.98,132.69,0.97,94.3,0.99,155.92,0.999,220.0,0.01,155.92,0.001,220.0,0.02,132.69,0.03,94.3,0.01,0.01,0.093196,1776252576000
1776252577.995,277.995,0.98,132.69,0.97,94.3,0.99,155.92,0.999,220.0,0.01,155.92,0.001,220.0,0.02,132.69,0.03,94.3,0.01,0.01,0.093195,1776252577000
1776252579.046,279.046,0.98,132.69,0.97,94.3,0.99,155.92,0.999,220.0,0.01,155.92,0.001,220.0,0.02,132.69,0.03,94.3,0.01,0.01,0.093195,1776252578000
1776252579.957,279.957,0.98,132.69,0.97,94.3,0.99,155.92,0.999,220.0,0.01,155.92,0.001,220.0,0.02,132.69,0.03,94.3,0.01,0.01,0.093195,1776252579000
1776252580.947,280.947,0.98,132.69,0.97,94.3,0.99,155.92,0.999,220.0,0.01,155.92,0.001,220.0,0.02,132.69,0.03,94.3,0.01,0.01,0.093194,1776252580000
1776252581.902,281.902,0.98,132.69,0.97,94.3,0.99,155.92,0.999,220.0,0.01,155.92,0.001,220.0,0.02,132.69,0.03,94.3,0.01,0.01,0.093193,1776252581000
1776252582.838,282.838,0.98,132.69,0.97,94.3,0.99,155.92,0.999,220.0,0.01,155.92,0.001,220.0,0.02,132.69,0.03,94.3,0.01,0.01,0.093193,1776252582000
1776252583.152,283.152,0.97,5.0,0.96,5.0,0.99,159.9,0.999,240.0,0.01,155.92,0.001,220.0,0.02,132.69,0.03,94.3,0.02,0.01,0.093193,1776252582000
1776252584.227,284.227,0.97,5.0,0.96,5.0,0.99,159.9,0.999,240.0,0.01,159.9,0.001,240.0,0.03,5.0,0.04,5.0,0.02,0.02,0.093194,1776252583000
1776252585.169,285.169,0.97,5.0,0.96,5.0,0.99,159.9,0.999,240.0,0.01,159.9,0.001,240.0,0.03,5.0,0.04,5.0,0.02,0.02,0.093194,1776252584000
1776252586.089,286.089,0.97,5.0,0.96,5.0,0.99,159.9,0.999,240.0,0.01,159.9,0.001,240.0,0.03,5.0,0.04,5.0,0.02,0.02,0.093194,1776252585000
1776252587.103,287.103,0.97,2.36,0.96,5.0,0.99,159.9,0.999,240.0,0.01,159.9,0.001,240.0,0.03,2.36,0.04,5.0,0.02,0.02,0.093192,1776252586000
1776252588.091,288.091,0.97,2.36,0.96,5.0,0.99,159.9,0.999,240.0,0.01,159.9,0.001,240.0,0.03,2.36,0.04,5.0,0.02,0.02,0.093189,1776252587000
1776252589.633,289.633,0.97,2.36,0.96,5.0,0.99,159.9,0.999,240.0,0.01,159.9,0.001,240.0,0.03,2.36,0.04,5.0,0.02,0.02,0.093172,1776252588000
1776252594.002,294.002,0.97,2.36,0.96,5.0,0.99,139.69,0.999,240.0,0.01,159.9,0.001,240.0,0.03,2.36,0.04,5.0,0.02,0.02,0.093162,1776252592000
1776252595.273,295.273,0.97,2.36,0.96,5.0,0.99,138.67,0.999,240.0,0.01,139.69,0.001,240.0,0.03,2.36,0.04,5.0,0.02,0.02,0.093162,1776252593000
1776252596.237,296.237,0.97,2.36,0.96,5.0,0.99,133.67,0.999,240.0,0.01,138.67,0.001,240.0,0.03,2.36,0.04,5.0,0.02,0.02,0.093162,1776252595000
1776252596.505,296.505,0.97,2.36,0.96,5.0,0.99,30.65,0.999,240.0,0.01,32.65,0.001,240.0,0.03,2.36,0.04,5.0,0.02,0.02,0.093162,1776252595000
1776252596.913,296.913,0.97,2.36,0.96,5.0,0.99,23.54,0.999,240.0,0.01,29.54,0.001,240.0,0.03,2.36,0.04,5.0,0.02,0.02,0.093162,1776252595000
1776252597.51,297.51,0.97,2.36,0.96,5.0,0.99,22.43,0.999,240.0,0.01,23.54,0.001,240.0,0.03,2.36,0.04,5.0,0.02,0.02,0.093162,1776252595000
1776252597.914,297.914,0.99,26.57,0.97,2.36,0.999,240.0,,,0.01,22.43,0.001,240.0,0.03,2.36,0.04,5.0,0.009,0.02,0.093162,1776252596000
1776252598.248,298.248,0.99,226.93,0.97,2.36,0.999,240.0,,,0.001,240.0,,,0.01,26.57,0.03,2.36,0.009,0.009,0.093162,1776252597000
1776252599.099,299.099,0.99,271.03,0.97,2.36,0.999,230.0,,,0.001,240.0,,,0.01,226.93,0.03,2.36,0.009,0.009,0.093162,1776252597000
1776252600.17,300.17,0.999,47.01,0.99,1129.08,,,,,0.001,210.0,,,0.01,271.03,0.03,2.36,,0.009,0.093162,1776252598000

# RESULT,winner=Up,slug=doge-updown-5m-1776252300,ticks=321
