timestamp,elapsed_sec,up_bid_p1,up_bid_s1,up_bid_p2,up_bid_s2,up_ask_p1,up_ask_s1,up_ask_p2,up_ask_s2,down_bid_p1,down_bid_s1,down_bid_p2,down_bid_s2,down_ask_p1,down_ask_s1,down_ask_p2,down_ask_s2,up_spread,down_spread,doge_price,doge_oracle_ts
1776186001.339,1.339,,,,,,,,,,,,,,,,,,,0.095177,1776186000000
1776186001.633,1.633,0.33,300.0,0.31,375.0,0.67,300.0,0.69,375.0,0.33,300.0,0.31,375.0,0.67,300.0,0.69,375.0,0.34,0.34,0.095177,1776186000000
1776186002.068,2.068,0.33,315.0,0.31,375.0,0.54,10.0,0.67,300.0,0.33,300.0,0.31,375.0,0.67,300.0,0.69,375.0,0.21,0.34,0.095177,1776186000000
1776186002.523,2.523,0.33,315.0,0.31,375.0,0.54,10.0,0.67,300.0,0.46,10.0,0.33,300.0,0.67,315.0,0.69,375.0,0.21,0.21,0.095174,1776186001000
1776186003.048,3.048,0.33,315.0,0.31,375.0,0.54,10.0,0.67,300.0,0.46,10.0,0.33,300.0,0.67,315.0,0.69,375.0,0.21,0.21,0.095161,1776186002000
1776186003.612,3.612,0.32,15.0,0.31,425.0,0.53,4.33,0.61,50.0,0.46,10.0,0.33,300.0,0.67,315.0,0.69,375.0,0.21,0.21,0.095161,1776186002000
1776186006.558,6.558,0.32,15.0,0.31,425.0,0.53,4.33,0.61,50.0,0.47,4.33,0.39,50.0,0.68,15.0,0.69,425.0,0.21,0.21,0.095131,1776186005000
1776186007.157,7.157,0.32,15.0,0.31,425.0,0.53,4.33,0.61,50.0,0.47,4.33,0.39,50.0,0.68,15.0,0.69,425.0,0.21,0.21,0.095134,1776186006000
1776186008.278,8.278,0.32,15.0,0.31,425.0,0.53,4.33,0.61,50.0,0.47,4.33,0.39,50.0,0.68,15.0,0.69,425.0,0.21,0.21,0.095133,1776186007000
1776186009.393,9.393,0.32,15.0,0.31,425.0,0.53,4.33,0.61,50.0,0.47,4.33,0.39,50.0,0.68,15.0,0.69,425.0,0.21,0.21,0.095121,1776186008000
1776186009.95,9.95,0.32,15.0,0.31,425.0,0.53,4.33,0.61,50.0,0.47,4.33,0.39,50.0,0.68,15.0,0.69,425.0,0.21,0.21,0.095111,1776186009000
1776186011.021,11.021,0.32,15.0,0.31,425.0,0.53,4.33,0.61,50.0,0.47,4.33,0.39,50.0,0.68,15.0,0.69,425.0,0.21,0.21,0.095078,1776186010000
1776186011.238,11.238,0.3,2.14,0.28,5.0,0.36,5.0,0.4,5.0,0.47,4.33,0.39,50.0,0.68,15.0,0.69,425.0,0.06,0.21,0.095078,1776186010000
1776186012.267,12.267,0.3,2.14,0.28,5.0,0.36,5.0,0.4,5.0,0.64,5.0,0.6,5.0,0.7,2.14,0.72,5.0,0.06,0.06,0.095074,1776186011000
1776186013.285,13.285,0.3,2.14,0.28,5.0,0.36,5.0,0.4,5.0,0.64,5.0,0.6,5.0,0.7,2.14,0.72,5.0,0.06,0.06,0.095074,1776186012000
1776186014.509,14.509,0.3,2.14,0.28,5.0,0.36,5.0,0.4,5.0,0.64,5.0,0.6,5.0,0.7,2.14,0.72,5.0,0.06,0.06,0.095074,1776186013000
1776186015.027,15.027,0.3,2.14,0.28,5.0,0.36,5.0,0.4,5.0,0.64,5.0,0.6,5.0,0.7,2.14,0.72,5.0,0.06,0.06,0.095074,1776186014000
1776186016.099,16.099,0.3,2.14,0.28,5.0,0.36,5.0,0.4,5.0,0.64,5.0,0.6,5.0,0.7,2.14,0.72,5.0,0.06,0.06,0.095087,1776186015000
1776186017.253,17.253,0.3,2.14,0.28,5.0,0.36,5.0,0.4,5.0,0.64,5.0,0.6,5.0,0.7,2.14,0.72,5.0,0.06,0.06,0.095089,1776186016000
1776186018.317,18.317,0.3,2.14,0.28,5.0,0.36,5.0,0.4,5.0,0.64,5.0,0.6,5.0,0.7,2.14,0.72,5.0,0.06,0.06,0.095089,1776186017000
1776186019.403,19.403,0.3,2.14,0.28,5.0,0.36,5.0,0.4,5.0,0.64,5.0,0.6,5.0,0.7,2.14,0.72,5.0,0.06,0.06,0.095099,1776186018000
1776186019.946,19.946,0.3,2.14,0.28,5.0,0.36,5.0,0.4,5.0,0.64,5.0,0.6,5.0,0.7,2.14,0.72,5.0,0.06,0.06,0.095097,1776186019000
1776186021.029,21.029,0.33,5.0,0.32,5.0,0.49,17.28,0.5,15.0,0.64,5.0,0.6,5.0,0.7,2.14,0.72,5.0,0.16,0.06,0.095097,1776186019000
1776186022.851,22.851,0.33,5.0,0.32,5.0,0.49,17.28,0.5,15.0,0.51,17.28,0.5,15.0,0.67,5.0,0.68,5.0,0.16,0.16,0.095091,1776186021000
1776186023.379,23.379,0.33,5.0,0.32,5.0,0.49,17.28,0.5,15.0,0.51,17.28,0.5,15.0,0.67,5.0,0.68,5.0,0.16,0.16,0.095081,1776186022000
1776186024.454,24.454,0.33,5.0,0.32,5.0,0.49,17.28,0.5,15.0,0.51,17.28,0.5,15.0,0.67,5.0,0.68,5.0,0.16,0.16,0.095078,1776186023000
1776186024.992,24.992,0.33,5.0,0.32,5.0,0.49,17.28,0.5,15.0,0.51,17.28,0.5,15.0,0.67,5.0,0.68,5.0,0.16,0.16,0.09507,1776186024000
1776186025.627,25.627,0.26,10.0,0.2,15.0,0.35,5.0,0.38,5.0,0.51,17.28,0.5,15.0,0.67,5.0,0.68,5.0,0.09,0.16,0.09507,1776186024000
1776186026.135,26.135,0.26,10.0,0.2,15.0,0.35,5.0,0.38,5.0,0.65,5.0,0.62,5.0,0.74,10.0,0.8,15.0,0.09,0.09,0.095068,1776186025000
1776186027.263,27.263,0.26,10.0,0.2,15.0,0.35,5.0,0.38,5.0,0.65,5.0,0.62,5.0,0.74,10.0,0.8,15.0,0.09,0.09,0.095051,1776186026000
1776186028.409,28.409,0.26,10.0,0.2,15.0,0.35,5.0,0.38,5.0,0.65,5.0,0.62,5.0,0.74,10.0,0.8,15.0,0.09,0.09,0.095049,1776186027000
1776186028.975,28.975,0.26,10.0,0.2,15.0,0.35,5.0,0.38,5.0,0.65,5.0,0.62,5.0,0.74,10.0,0.8,15.0,0.09,0.09,0.09505,1776186028000
1776186030.148,30.148,0.26,10.0,0.2,15.0,0.35,5.0,0.38,5.0,0.65,5.0,0.62,5.0,0.74,10.0,0.8,15.0,0.09,0.09,0.095049,1776186029000
1776186031.359,31.359,0.26,10.0,0.2,15.0,0.35,5.0,0.38,5.0,0.65,5.0,0.62,5.0,0.74,10.0,0.8,15.0,0.09,0.09,0.095032,1776186030000
1776186032.572,32.572,0.26,10.0,0.2,15.0,0.35,5.0,0.38,5.0,0.65,5.0,0.62,5.0,0.74,10.0,0.8,15.0,0.09,0.09,0.095016,1776186031000
1776186033.103,33.103,0.26,10.0,0.2,15.0,0.35,5.0,0.38,5.0,0.65,5.0,0.62,5.0,0.74,10.0,0.8,15.0,0.09,0.09,0.095018,1776186032000
1776186033.85,33.85,0.27,6.0,0.22,10.0,0.3,14.7,0.34,5.0,0.65,5.0,0.62,5.0,0.74,10.0,0.8,15.0,0.03,0.09,0.095018,1776186032000
1776186034.21,34.21,0.27,6.0,0.22,10.0,0.3,14.7,0.34,5.0,0.7,14.7,0.66,5.0,0.73,6.0,0.78,10.0,0.03,0.03,0.095018,1776186033000
1776186034.885,34.885,0.27,6.0,0.22,10.0,0.3,8.7,0.34,5.0,0.7,14.7,0.66,5.0,0.73,6.0,0.78,10.0,0.03,0.03,0.095018,1776186033000
1776186035.366,35.366,0.27,6.0,0.22,10.0,0.3,8.7,0.34,5.0,0.7,8.7,0.66,5.0,0.73,6.0,0.78,10.0,0.03,0.03,0.095018,1776186034000
1776186036.5,36.5,0.27,6.0,0.22,10.0,0.3,8.7,0.34,5.0,0.7,8.7,0.66,5.0,0.73,6.0,0.78,10.0,0.03,0.03,0.095018,1776186035000
1776186037.022,37.022,0.27,6.0,0.22,10.0,0.3,8.7,0.34,5.0,0.7,8.7,0.66,5.0,0.73,6.0,0.78,10.0,0.03,0.03,0.095018,1776186036000
1776186038.185,38.185,0.27,6.0,0.22,10.0,0.3,8.7,0.34,5.0,0.7,8.7,0.66,5.0,0.73,6.0,0.78,10.0,0.03,0.03,0.095037,1776186037000
1776186039.285,39.285,0.27,6.0,0.22,10.0,0.3,8.7,0.34,5.0,0.7,8.7,0.66,5.0,0.73,6.0,0.78,10.0,0.03,0.03,0.095058,1776186038000
1776186040.274,40.274,0.27,6.0,0.22,10.0,0.3,8.7,0.34,5.0,0.7,8.7,0.66,5.0,0.73,6.0,0.78,10.0,0.03,0.03,0.09507,1776186039000
1776186041.238,41.238,0.27,6.0,0.22,10.0,0.3,8.7,0.34,5.0,0.7,8.7,0.66,5.0,0.73,6.0,0.78,10.0,0.03,0.03,0.095071,1776186040000
1776186042.32,42.32,0.27,6.0,0.22,10.0,0.3,8.7,0.34,5.0,0.7,8.7,0.66,5.0,0.73,6.0,0.78,10.0,0.03,0.03,0.095071,1776186041000
1776186043.352,43.352,0.27,6.0,0.22,10.0,0.3,8.7,0.34,5.0,0.7,8.7,0.66,5.0,0.73,6.0,0.78,10.0,0.03,0.03,0.09507,1776186042000
1776186044.407,44.407,0.27,6.0,0.22,10.0,0.3,8.7,0.34,5.0,0.7,8.7,0.66,5.0,0.73,6.0,0.78,10.0,0.03,0.03,0.095069,1776186043000
1776186045.319,45.319,0.27,6.0,0.22,10.0,0.3,8.7,0.34,5.0,0.7,8.7,0.66,5.0,0.73,6.0,0.78,10.0,0.03,0.03,0.09507,1776186044000
1776186046.254,46.254,0.27,6.0,0.22,10.0,0.3,8.7,0.34,5.0,0.7,8.7,0.66,5.0,0.73,6.0,0.78,10.0,0.03,0.03,0.095071,1776186045000
1776186047.295,47.295,0.27,6.0,0.22,10.0,0.3,8.7,0.34,5.0,0.7,8.7,0.66,5.0,0.73,6.0,0.78,10.0,0.03,0.03,0.095078,1776186046000
1776186048.257,48.257,0.27,6.0,0.22,10.0,0.3,8.7,0.34,5.0,0.7,8.7,0.66,5.0,0.73,6.0,0.78,10.0,0.03,0.03,0.095079,1776186047000
1776186049.956,49.956,0.27,6.0,0.22,10.0,0.3,8.7,0.34,5.0,0.7,8.7,0.66,5.0,0.73,6.0,0.78,10.0,0.03,0.03,0.095071,1776186048000
1776186050.485,50.485,0.27,6.0,0.22,10.0,0.3,8.7,0.34,5.0,0.7,8.7,0.66,5.0,0.73,6.0,0.78,10.0,0.03,0.03,0.095074,1776186049000
1776186051.125,51.125,0.27,6.0,0.22,10.0,0.3,8.7,0.34,5.0,0.7,8.7,0.66,5.0,0.73,6.0,0.78,10.0,0.03,0.03,0.095075,1776186050000
1776186052.315,52.315,0.27,6.0,0.22,10.0,0.3,8.7,0.34,5.0,0.7,8.7,0.66,5.0,0.73,6.0,0.78,10.0,0.03,0.03,0.095083,1776186051000
1776186053.477,53.477,0.27,6.0,0.22,10.0,0.3,8.7,0.34,5.0,0.7,8.7,0.66,5.0,0.73,6.0,0.78,10.0,0.03,0.03,0.095099,1776186052000
1776186054.013,54.013,0.27,6.0,0.22,10.0,0.3,8.7,0.34,5.0,0.7,8.7,0.66,5.0,0.73,6.0,0.78,10.0,0.03,0.03,0.095097,1776186053000
1776186055.227,55.227,0.27,6.0,0.22,10.0,0.3,8.7,0.34,5.0,0.7,8.7,0.66,5.0,0.73,6.0,0.78,10.0,0.03,0.03,0.095089,1776186054000
1776186056.504,56.504,0.27,6.0,0.22,10.0,0.3,8.7,0.34,5.0,0.7,8.7,0.66,5.0,0.73,6.0,0.78,10.0,0.03,0.03,0.095092,1776186055000
1776186057.124,57.124,0.27,6.0,0.22,10.0,0.3,8.7,0.34,5.0,0.7,8.7,0.66,5.0,0.73,6.0,0.78,10.0,0.03,0.03,0.095092,1776186056000
1776186058.329,58.329,0.27,6.0,0.22,10.0,0.3,8.7,0.34,5.0,0.7,8.7,0.66,5.0,0.73,6.0,0.78,10.0,0.03,0.03,0.095092,1776186057000
1776186059.426,59.426,0.27,6.0,0.22,10.0,0.3,8.7,0.34,5.0,0.7,8.7,0.66,5.0,0.73,6.0,0.78,10.0,0.03,0.03,0.095097,1776186058000
1776186060.015,60.015,0.27,6.0,0.22,10.0,0.3,8.7,0.34,5.0,0.7,8.7,0.66,5.0,0.73,6.0,0.78,10.0,0.03,0.03,0.095098,1776186059000
1776186061.111,61.111,0.27,6.0,0.22,10.0,0.3,8.7,0.34,5.0,0.7,8.7,0.66,5.0,0.73,6.0,0.78,10.0,0.03,0.03,0.095117,1776186060000
1776186062.373,62.373,0.27,6.0,0.22,10.0,0.3,8.7,0.34,5.0,0.7,8.7,0.66,5.0,0.73,6.0,0.78,10.0,0.03,0.03,0.095126,1776186061000
1776186063.042,63.042,0.27,6.0,0.22,10.0,0.3,8.7,0.34,5.0,0.7,8.7,0.66,5.0,0.73,6.0,0.78,10.0,0.03,0.03,0.095117,1776186062000
1776186063.838,63.838,0.41,5.0,0.38,5.0,0.51,10.0,0.57,15.0,0.7,8.7,0.66,5.0,0.73,6.0,0.78,10.0,0.1,0.03,0.095117,1776186062000
1776186064.166,64.166,0.41,5.0,0.38,5.0,0.51,10.0,0.57,15.0,0.49,10.0,0.43,15.0,0.59,5.0,0.62,5.0,0.1,0.1,0.095117,1776186063000
1776186065.342,65.342,0.41,5.0,0.38,5.0,0.51,10.0,0.57,15.0,0.49,10.0,0.43,15.0,0.59,5.0,0.62,5.0,0.1,0.1,0.095123,1776186064000
1776186066.415,66.415,0.41,5.0,0.38,5.0,0.51,10.0,0.57,15.0,0.49,10.0,0.43,15.0,0.59,5.0,0.62,5.0,0.1,0.1,0.095147,1776186065000
1776186067.066,67.066,0.41,5.0,0.38,5.0,0.51,10.0,0.57,15.0,0.49,10.0,0.43,15.0,0.59,5.0,0.62,5.0,0.1,0.1,0.095149,1776186066000
1776186068.182,68.182,0.41,5.0,0.38,5.0,0.51,10.0,0.57,15.0,0.49,10.0,0.43,15.0,0.59,5.0,0.62,5.0,0.1,0.1,0.095157,1776186067000
1776186069.302,69.302,0.41,5.0,0.38,5.0,0.51,10.0,0.57,15.0,0.49,10.0,0.43,15.0,0.59,5.0,0.62,5.0,0.1,0.1,0.09517,1776186068000
1776186070.52,70.52,0.41,5.0,0.38,5.0,0.51,10.0,0.57,15.0,0.49,10.0,0.43,15.0,0.59,5.0,0.62,5.0,0.1,0.1,0.095182,1776186069000
1776186071.279,71.279,0.41,5.0,0.38,5.0,0.51,10.0,0.57,15.0,0.49,10.0,0.43,15.0,0.59,5.0,0.62,5.0,0.1,0.1,0.095185,1776186070000
1776186072.292,72.292,0.41,5.0,0.38,5.0,0.51,10.0,0.57,15.0,0.49,10.0,0.43,15.0,0.59,5.0,0.62,5.0,0.1,0.1,0.095193,1776186071000
1776186073.353,73.353,0.41,5.0,0.38,5.0,0.51,10.0,0.57,15.0,0.49,10.0,0.43,15.0,0.59,5.0,0.62,5.0,0.1,0.1,0.095197,1776186072000
1776186074.332,74.332,0.41,5.0,0.38,5.0,0.51,10.0,0.57,15.0,0.49,10.0,0.43,15.0,0.59,5.0,0.62,5.0,0.1,0.1,0.095197,1776186073000
1776186075.486,75.486,0.41,5.0,0.38,5.0,0.51,10.0,0.57,15.0,0.49,10.0,0.43,15.0,0.59,5.0,0.62,5.0,0.1,0.1,0.09521,1776186074000
1776186076.076,76.076,0.41,5.0,0.38,5.0,0.51,10.0,0.57,15.0,0.49,10.0,0.43,15.0,0.59,5.0,0.62,5.0,0.1,0.1,0.095213,1776186075000
1776186077.182,77.182,0.41,5.0,0.38,5.0,0.51,10.0,0.57,15.0,0.49,10.0,0.43,15.0,0.59,5.0,0.62,5.0,0.1,0.1,0.095219,1776186076000
1776186078.411,78.411,0.41,5.0,0.38,5.0,0.51,10.0,0.57,15.0,0.49,10.0,0.43,15.0,0.59,5.0,0.62,5.0,0.1,0.1,0.095221,1776186077000
1776186079.054,79.054,0.56,11.0,0.5,5.0,0.59,10.0,0.6,15.0,0.41,5.0,0.4,5.0,0.42,0.44,0.44,11.0,0.03,0.01,0.095221,1776186077000
1776186079.908,79.908,0.56,11.0,0.5,5.0,0.59,10.0,0.6,15.0,0.41,10.0,0.4,15.0,0.44,11.0,0.5,5.0,0.03,0.03,0.095205,1776186078000
1776186080.141,80.141,0.56,11.0,0.46,5.0,0.63,28.0,0.64,10.0,0.41,10.0,0.4,15.0,0.44,11.0,0.5,5.0,0.07,0.03,0.095205,1776186078000
1776186080.578,80.578,0.56,11.0,0.46,5.0,0.63,28.0,0.64,10.0,0.37,28.0,0.36,10.0,0.44,11.0,0.54,5.0,0.07,0.07,0.095182,1776186079000
1776186081.362,81.362,0.56,11.0,0.46,5.0,0.63,28.0,0.64,10.0,0.37,28.0,0.36,10.0,0.44,11.0,0.54,5.0,0.07,0.07,0.09517,1776186080000
1776186082.219,82.219,0.56,5.65,0.47,10.4,0.6,5.0,0.63,23.0,0.4,5.0,0.37,23.0,0.44,5.65,0.53,10.4,0.04,0.04,0.095188,1776186081000
1776186083.814,83.814,0.56,5.65,0.47,10.4,0.6,5.0,0.63,23.0,0.4,5.0,0.37,23.0,0.44,5.65,0.53,10.4,0.04,0.04,0.095188,1776186082000
1776186084.441,84.441,0.56,5.65,0.47,10.4,0.6,5.0,0.63,23.0,0.4,5.0,0.37,23.0,0.44,5.65,0.53,10.4,0.04,0.04,0.095184,1776186083000
1776186085.17,85.17,0.56,5.65,0.47,10.4,0.6,5.0,0.63,23.0,0.4,5.0,0.37,23.0,0.44,5.65,0.53,10.4,0.04,0.04,0.095183,1776186084000
1776186085.501,85.501,0.56,5.65,0.52,5.0,0.62,5.0,0.63,13.0,0.4,5.0,0.37,23.0,0.44,5.65,0.53,10.4,0.06,0.04,0.095183,1776186084000
1776186086.59,86.59,0.56,5.65,0.52,5.0,0.62,5.0,0.63,13.0,0.38,5.0,0.37,13.0,0.44,5.65,0.48,5.0,0.06,0.06,0.095188,1776186085000
1776186087.421,87.421,0.56,5.65,0.52,5.0,0.62,5.0,0.63,13.0,0.38,5.0,0.37,13.0,0.44,5.65,0.48,5.0,0.06,0.06,0.095188,1776186086000
1776186088.136,88.136,0.56,5.65,0.52,5.0,0.62,5.0,0.63,13.0,0.38,5.0,0.37,13.0,0.44,5.65,0.48,5.0,0.06,0.06,0.095193,1776186087000
1776186089.869,89.869,0.56,5.65,0.52,5.0,0.62,5.0,0.63,13.0,0.38,5.0,0.37,13.0,0.44,5.65,0.48,5.0,0.06,0.06,0.095193,1776186088000
1776186090.556,90.556,0.56,5.65,0.52,5.0,0.62,5.0,0.63,13.0,0.38,5.0,0.37,13.0,0.44,5.65,0.48,5.0,0.06,0.06,0.095193,1776186089000
1776186091.361,91.361,0.56,5.65,0.52,5.0,0.62,5.0,0.63,13.0,0.38,5.0,0.37,13.0,0.44,5.65,0.48,5.0,0.06,0.06,0.095194,1776186090000
1776186092.236,92.236,0.56,5.65,0.52,5.0,0.62,5.0,0.63,13.0,0.38,5.0,0.37,13.0,0.44,5.65,0.48,5.0,0.06,0.06,0.095194,1776186091000
1776186093.236,93.236,0.56,1.44,0.54,15.5,0.64,5.0,0.66,15.0,0.38,5.0,0.37,13.0,0.44,5.65,0.48,5.0,0.08,0.06,0.095194,1776186091000
1776186093.816,93.816,0.56,1.44,0.54,15.5,0.64,5.0,0.66,15.0,0.36,5.0,0.34,15.0,0.44,1.44,0.46,15.5,0.08,0.08,0.095193,1776186092000
1776186094.557,94.557,0.56,1.44,0.54,15.5,0.64,5.0,0.66,15.0,0.36,5.0,0.34,15.0,0.44,1.44,0.46,15.5,0.08,0.08,0.095193,1776186093000
1776186095.342,95.342,0.56,1.44,0.54,15.5,0.64,5.0,0.66,15.0,0.36,5.0,0.34,15.0,0.44,1.44,0.46,15.5,0.08,0.08,0.095203,1776186094000
1776186096.14,96.14,0.56,1.44,0.54,15.5,0.64,5.0,0.66,15.0,0.36,5.0,0.34,15.0,0.44,1.44,0.46,15.5,0.08,0.08,0.095212,1776186095000
1776186097.752,97.752,0.56,1.44,0.54,15.5,0.64,5.0,0.66,15.0,0.36,5.0,0.34,15.0,0.44,1.44,0.46,15.5,0.08,0.08,0.095207,1776186096000
1776186098.531,98.531,0.56,1.44,0.54,15.5,0.64,5.0,0.66,15.0,0.36,5.0,0.34,15.0,0.44,1.44,0.46,15.5,0.08,0.08,0.095205,1776186097000
1776186099.706,99.706,0.56,1.44,0.54,15.5,0.64,5.0,0.66,15.0,0.36,5.0,0.34,15.0,0.44,1.44,0.46,15.5,0.08,0.08,0.095205,1776186098000
1776186100.338,100.338,0.56,1.44,0.54,15.5,0.64,5.0,0.66,15.0,0.36,5.0,0.34,15.0,0.44,1.44,0.46,15.5,0.08,0.08,0.095202,1776186099000
1776186100.98,100.98,0.56,1.44,0.54,15.5,0.64,5.0,0.66,15.0,0.36,5.0,0.34,15.0,0.44,1.44,0.46,15.5,0.08,0.08,0.095196,1776186100000
1776186102.166,102.166,0.56,1.44,0.54,15.5,0.64,5.0,0.66,15.0,0.36,5.0,0.34,15.0,0.44,1.44,0.46,15.5,0.08,0.08,0.095194,1776186101000
1776186103.371,103.371,0.56,1.44,0.54,15.5,0.64,5.0,0.66,15.0,0.36,5.0,0.34,15.0,0.44,1.44,0.46,15.5,0.08,0.08,0.095194,1776186102000
1776186104.558,104.558,0.56,1.44,0.54,15.5,0.64,5.0,0.66,15.0,0.36,5.0,0.34,15.0,0.44,1.44,0.46,15.5,0.08,0.08,0.095191,1776186103000
1776186105.124,105.124,0.56,1.44,0.54,15.5,0.64,5.0,0.66,15.0,0.36,5.0,0.34,15.0,0.44,1.44,0.46,15.5,0.08,0.08,0.095192,1776186104000
1776186106.342,106.342,0.56,1.44,0.54,15.5,0.64,5.0,0.66,15.0,0.36,5.0,0.34,15.0,0.44,1.44,0.46,15.5,0.08,0.08,0.095194,1776186105000
1776186107.386,107.386,0.56,1.44,0.54,15.5,0.64,5.0,0.66,15.0,0.36,5.0,0.34,15.0,0.44,1.44,0.46,15.5,0.08,0.08,0.095193,1776186106000
1776186107.969,107.969,0.56,1.44,0.54,15.5,0.64,5.0,0.66,15.0,0.36,5.0,0.34,15.0,0.44,1.44,0.46,15.5,0.08,0.08,0.095193,1776186107000
1776186109.098,109.098,0.56,1.44,0.54,15.5,0.64,5.0,0.66,15.0,0.36,5.0,0.34,15.0,0.44,1.44,0.46,15.5,0.08,0.08,0.095214,1776186108000
1776186110.375,110.375,0.56,1.44,0.54,15.5,0.64,5.0,0.66,15.0,0.36,5.0,0.34,15.0,0.44,1.44,0.46,15.5,0.08,0.08,0.095218,1776186109000
1776186111.537,111.537,0.56,1.44,0.54,15.5,0.64,5.0,0.66,15.0,0.36,5.0,0.34,15.0,0.44,1.44,0.46,15.5,0.08,0.08,0.095234,1776186110000
1776186111.951,111.951,0.56,1.44,0.54,15.5,0.64,5.0,0.66,15.0,0.36,5.0,0.34,15.0,0.44,1.44,0.46,15.5,0.08,0.08,0.095234,1776186111000
1776186113.208,113.208,0.56,1.44,0.54,15.5,0.64,5.0,0.66,15.0,0.36,5.0,0.34,15.0,0.44,1.44,0.46,15.5,0.08,0.08,0.095227,1776186112000
1776186116.743,116.743,0.56,1.44,0.54,15.5,0.64,5.0,0.66,15.0,0.36,5.0,0.34,15.0,0.44,1.44,0.46,15.5,0.08,0.08,0.09522,1776186115000
1776186117.317,117.317,0.56,1.44,0.54,15.5,0.64,5.0,0.66,15.0,0.36,5.0,0.34,15.0,0.44,1.44,0.46,15.5,0.08,0.08,0.095221,1776186116000
1776186117.971,117.971,0.56,1.44,0.54,15.5,0.64,5.0,0.66,15.0,0.36,5.0,0.34,15.0,0.44,1.44,0.46,15.5,0.08,0.08,0.095222,1776186117000
1776186119.049,119.049,0.56,1.44,0.54,15.5,0.64,5.0,0.66,15.0,0.36,5.0,0.34,15.0,0.44,1.44,0.46,15.5,0.08,0.08,0.095222,1776186118000
1776186119.549,119.549,0.56,11.77,0.55,10.5,0.68,5.0,0.7,15.0,0.36,5.0,0.34,15.0,0.44,1.44,0.46,15.5,0.12,0.08,0.095222,1776186118000
1776186120.072,120.072,0.56,11.77,0.55,10.5,0.68,5.0,0.7,15.0,0.32,5.0,0.3,15.0,0.44,11.77,0.45,10.5,0.12,0.12,0.095222,1776186119000
1776186121.173,121.173,0.56,11.77,0.55,10.5,0.68,5.0,0.7,15.0,0.32,5.0,0.3,15.0,0.44,11.77,0.45,10.5,0.12,0.12,0.095222,1776186120000
1776186122.331,122.331,0.56,11.77,0.55,10.5,0.68,5.0,0.7,15.0,0.32,5.0,0.3,15.0,0.44,11.77,0.45,10.5,0.12,0.12,0.095222,1776186121000
1776186123.485,123.485,0.56,11.77,0.55,10.5,0.68,5.0,0.7,15.0,0.32,5.0,0.3,15.0,0.44,11.77,0.45,10.5,0.12,0.12,0.09522,1776186122000
1776186123.963,123.963,0.56,11.77,0.55,10.5,0.68,5.0,0.7,15.0,0.32,5.0,0.3,15.0,0.44,11.77,0.45,10.5,0.12,0.12,0.09522,1776186123000
1776186125.079,125.079,0.56,11.77,0.55,10.5,0.68,5.0,0.7,15.0,0.32,5.0,0.3,15.0,0.44,11.77,0.45,10.5,0.12,0.12,0.095235,1776186124000
1776186126.185,126.185,0.56,11.77,0.55,10.5,0.68,5.0,0.7,15.0,0.32,5.0,0.3,15.0,0.44,11.77,0.45,10.5,0.12,0.12,0.095243,1776186125000
1776186127.325,127.325,0.56,11.77,0.55,10.5,0.68,5.0,0.7,15.0,0.32,5.0,0.3,15.0,0.44,11.77,0.45,10.5,0.12,0.12,0.095264,1776186126000
1776186127.908,127.908,0.56,11.77,0.55,10.5,0.68,5.0,0.7,15.0,0.32,5.0,0.3,15.0,0.44,11.77,0.45,10.5,0.12,0.12,0.095264,1776186127000
1776186129.084,129.084,0.56,11.77,0.55,10.5,0.68,5.0,0.7,15.0,0.32,5.0,0.3,15.0,0.44,11.77,0.45,10.5,0.12,0.12,0.095264,1776186128000
1776186130.135,130.135,0.56,11.77,0.55,10.5,0.68,5.0,0.7,15.0,0.32,5.0,0.3,15.0,0.44,11.77,0.45,10.5,0.12,0.12,0.095268,1776186129000
1776186131.052,131.052,0.56,11.77,0.55,10.5,0.68,5.0,0.7,15.0,0.32,5.0,0.3,15.0,0.44,11.77,0.45,10.5,0.12,0.12,0.095281,1776186130000
1776186132.051,132.051,0.56,11.77,0.55,10.5,0.68,5.0,0.7,15.0,0.32,5.0,0.3,15.0,0.44,11.77,0.45,10.5,0.12,0.12,0.095287,1776186131000
1776186133.22,133.22,0.56,11.77,0.55,10.5,0.68,5.0,0.7,15.0,0.32,5.0,0.3,15.0,0.44,11.77,0.45,10.5,0.12,0.12,0.09527,1776186132000
1776186134.266,134.266,0.56,11.77,0.55,10.5,0.68,5.0,0.7,15.0,0.32,5.0,0.3,15.0,0.44,11.77,0.45,10.5,0.12,0.12,0.095267,1776186133000
1776186135.379,135.379,0.56,11.77,0.55,10.5,0.68,5.0,0.7,15.0,0.32,5.0,0.3,15.0,0.44,11.77,0.45,10.5,0.12,0.12,0.095275,1776186134000
1776186136.389,136.389,0.56,11.77,0.55,10.5,0.68,5.0,0.7,15.0,0.32,5.0,0.3,15.0,0.44,11.77,0.45,10.5,0.12,0.12,0.095276,1776186135000
1776186137.069,137.069,0.56,11.77,0.55,10.5,0.68,5.0,0.7,15.0,0.32,5.0,0.3,15.0,0.44,11.77,0.45,10.5,0.12,0.12,0.095277,1776186136000
1776186138.006,138.006,0.56,11.77,0.55,10.5,0.68,5.0,0.7,15.0,0.32,5.0,0.3,15.0,0.44,11.77,0.45,10.5,0.12,0.12,0.095284,1776186137000
1776186139.093,139.093,0.56,11.77,0.55,10.5,0.68,5.0,0.7,15.0,0.32,5.0,0.3,15.0,0.44,11.77,0.45,10.5,0.12,0.12,0.095284,1776186138000
1776186140.094,140.094,0.56,11.77,0.55,10.5,0.68,5.0,0.7,15.0,0.32,5.0,0.3,15.0,0.44,11.77,0.45,10.5,0.12,0.12,0.095284,1776186139000
1776186141.173,141.173,0.56,11.77,0.55,10.5,0.68,5.0,0.7,15.0,0.32,5.0,0.3,15.0,0.44,11.77,0.45,10.5,0.12,0.12,0.095284,1776186140000
1776186142.251,142.251,0.56,11.77,0.55,10.5,0.68,5.0,0.7,15.0,0.32,5.0,0.3,15.0,0.44,11.77,0.45,10.5,0.12,0.12,0.095284,1776186141000
1776186143.339,143.339,0.56,11.77,0.55,10.5,0.68,5.0,0.7,15.0,0.32,5.0,0.3,15.0,0.44,11.77,0.45,10.5,0.12,0.12,0.095284,1776186142000
1776186143.875,143.875,0.56,11.77,0.55,10.5,0.68,5.0,0.7,15.0,0.32,5.0,0.3,15.0,0.44,11.77,0.45,10.5,0.12,0.12,0.095283,1776186143000
1776186144.9,144.9,0.68,5.5,0.65,5.0,0.73,5.0,0.75,5.0,0.32,5.0,0.3,15.0,0.44,11.77,0.45,10.5,0.05,0.12,0.095283,1776186143000
1776186145.559,145.559,0.68,5.5,0.65,5.0,0.73,5.0,0.75,5.0,0.27,5.0,0.25,5.0,0.32,5.5,0.35,5.0,0.05,0.05,0.095283,1776186144000
1776186146.186,146.186,0.68,5.5,0.65,5.0,0.73,5.0,0.75,5.0,0.27,5.0,0.25,5.0,0.32,5.5,0.35,5.0,0.05,0.05,0.095282,1776186145000
1776186146.859,146.859,0.68,0.5,0.61,5.0,0.7,5.0,0.72,5.0,0.26,5.0,0.21,48.7,0.32,5.5,0.39,5.0,0.02,0.06,0.095282,1776186145000
1776186147.362,147.362,0.68,0.5,0.61,5.0,0.7,5.0,0.72,5.0,0.3,5.0,0.28,5.0,0.32,0.5,0.39,5.0,0.02,0.02,0.095236,1776186146000
1776186148.117,148.117,0.51,60.4,0.5,10.4,0.71,5.0,0.75,20.0,0.3,5.0,0.28,5.0,0.32,0.5,0.39,5.0,0.2,0.02,0.095236,1776186146000
1776186148.498,148.498,0.51,60.4,0.5,10.4,0.71,5.0,0.75,20.0,0.29,5.0,0.25,20.0,0.49,60.4,0.5,10.4,0.2,0.2,0.095227,1776186147000
1776186149.027,149.027,0.51,60.4,0.5,10.4,0.71,5.0,0.75,20.0,0.29,5.0,0.25,20.0,0.49,60.4,0.5,10.4,0.2,0.2,0.095224,1776186148000
1776186150.101,150.101,0.51,60.4,0.5,10.4,0.71,5.0,0.75,20.0,0.29,5.0,0.25,20.0,0.49,60.4,0.5,10.4,0.2,0.2,0.095214,1776186149000
1776186151.149,151.149,0.51,60.4,0.5,10.4,0.71,5.0,0.75,20.0,0.29,5.0,0.25,20.0,0.49,60.4,0.5,10.4,0.2,0.2,0.095209,1776186150000
1776186152.245,152.245,0.51,60.4,0.5,10.4,0.71,5.0,0.75,20.0,0.29,5.0,0.25,20.0,0.49,60.4,0.5,10.4,0.2,0.2,0.095209,1776186151000
1776186153.241,153.241,0.51,60.4,0.5,10.4,0.71,5.0,0.75,20.0,0.29,5.0,0.25,20.0,0.49,60.4,0.5,10.4,0.2,0.2,0.095207,1776186152000
1776186154.353,154.353,0.51,60.4,0.5,10.4,0.71,5.0,0.75,20.0,0.29,5.0,0.25,20.0,0.49,60.4,0.5,10.4,0.2,0.2,0.095207,1776186153000
1776186155.448,155.448,0.51,60.4,0.5,10.4,0.71,5.0,0.75,20.0,0.29,5.0,0.25,20.0,0.49,60.4,0.5,10.4,0.2,0.2,0.095206,1776186154000
1776186155.961,155.961,0.51,60.4,0.5,10.4,0.71,5.0,0.75,20.0,0.29,5.0,0.25,20.0,0.49,60.4,0.5,10.4,0.2,0.2,0.095195,1776186155000
1776186157.025,157.025,0.51,60.4,0.5,10.4,0.71,5.0,0.75,20.0,0.29,5.0,0.25,20.0,0.49,60.4,0.5,10.4,0.2,0.2,0.09519,1776186156000
1776186158.069,158.069,0.51,60.4,0.5,10.4,0.71,5.0,0.75,20.0,0.29,5.0,0.25,20.0,0.49,60.4,0.5,10.4,0.2,0.2,0.095185,1776186157000
1776186158.334,158.334,0.37,16.2,0.36,11.3,0.5,6.95,0.58,10.7,0.29,5.0,0.25,20.0,0.49,60.4,0.5,10.4,0.13,0.2,0.095185,1776186157000
1776186159.219,159.219,0.37,16.2,0.36,11.3,0.5,6.95,0.58,10.7,0.5,6.95,0.42,10.7,0.63,16.2,0.64,11.3,0.13,0.13,0.095181,1776186158000
1776186160.185,160.185,0.37,16.2,0.36,11.3,0.5,6.95,0.58,10.7,0.5,6.95,0.42,10.7,0.63,16.2,0.64,11.3,0.13,0.13,0.095168,1776186159000
1776186160.639,160.639,0.39,5.0,0.37,11.2,0.44,5.0,0.5,6.95,0.5,6.95,0.42,10.7,0.63,16.2,0.64,11.3,0.05,0.13,0.095168,1776186159000
1776186160.946,160.946,0.39,5.0,0.37,11.2,0.42,1.0,0.44,5.0,0.56,5.0,0.5,6.95,0.61,5.0,0.63,11.2,0.03,0.05,0.095168,1776186159000
1776186161.177,161.177,0.39,5.0,0.37,11.2,0.42,1.0,0.44,5.0,0.58,1.0,0.56,5.0,0.61,5.0,0.63,11.2,0.03,0.03,0.095155,1776186160000
1776186162.141,162.141,0.39,5.0,0.37,11.2,0.42,1.0,0.44,5.0,0.58,1.0,0.56,5.0,0.61,5.0,0.63,11.2,0.03,0.03,0.095153,1776186161000
1776186163.106,163.106,0.39,5.0,0.37,11.2,0.42,1.0,0.44,5.0,0.58,1.0,0.56,5.0,0.61,5.0,0.63,11.2,0.03,0.03,0.095153,1776186162000
1776186164.118,164.118,0.39,5.0,0.37,11.2,0.42,1.0,0.44,5.0,0.58,1.0,0.56,5.0,0.61,5.0,0.63,11.2,0.03,0.03,0.095156,1776186163000
1776186165.15,165.15,0.39,5.0,0.37,11.2,0.42,1.0,0.44,5.0,0.58,1.0,0.56,5.0,0.61,5.0,0.63,11.2,0.03,0.03,0.095157,1776186164000
1776186166.182,166.182,0.39,5.0,0.37,11.2,0.42,1.0,0.44,5.0,0.58,1.0,0.56,5.0,0.61,5.0,0.63,11.2,0.03,0.03,0.09516,1776186165000
1776186167.086,167.086,0.39,5.0,0.37,11.2,0.42,1.0,0.44,5.0,0.58,1.0,0.56,5.0,0.61,5.0,0.63,11.2,0.03,0.03,0.095158,1776186166000
1776186168.102,168.102,0.39,5.0,0.37,11.2,0.42,1.0,0.44,5.0,0.58,1.0,0.56,5.0,0.61,5.0,0.63,11.2,0.03,0.03,0.09515,1776186167000
1776186169.186,169.186,0.39,5.0,0.37,11.2,0.42,1.0,0.44,5.0,0.58,1.0,0.56,5.0,0.61,5.0,0.63,11.2,0.03,0.03,0.095131,1776186168000
1776186170.111,170.111,0.39,5.0,0.37,11.2,0.42,1.0,0.44,5.0,0.58,1.0,0.56,5.0,0.61,5.0,0.63,11.2,0.03,0.03,0.095112,1776186169000
1776186171.083,171.083,0.39,5.0,0.37,11.2,0.42,1.0,0.44,5.0,0.58,1.0,0.56,5.0,0.61,5.0,0.63,11.2,0.03,0.03,0.095099,1776186170000
1776186172.243,172.243,0.39,5.0,0.37,11.2,0.42,1.0,0.44,5.0,0.58,1.0,0.56,5.0,0.61,5.0,0.63,11.2,0.03,0.03,0.095097,1776186171000
1776186173.567,173.567,0.39,5.0,0.37,11.2,0.42,1.0,0.44,5.0,0.58,1.0,0.56,5.0,0.61,5.0,0.63,11.2,0.03,0.03,0.095094,1776186172000
1776186174.169,174.169,0.39,5.0,0.37,11.2,0.42,1.0,0.44,5.0,0.58,1.0,0.56,5.0,0.61,5.0,0.63,11.2,0.03,0.03,0.095094,1776186173000
1776186175.274,175.274,0.39,5.0,0.37,11.2,0.42,1.0,0.44,5.0,0.58,1.0,0.56,5.0,0.61,5.0,0.63,11.2,0.03,0.03,0.095092,1776186174000
1776186176.594,176.594,0.39,5.0,0.37,11.2,0.42,1.0,0.44,5.0,0.58,1.0,0.56,5.0,0.61,5.0,0.63,11.2,0.03,0.03,0.095073,1776186175000
1776186177.16,177.16,0.39,5.0,0.37,11.2,0.42,1.0,0.44,5.0,0.58,1.0,0.56,5.0,0.61,5.0,0.63,11.2,0.03,0.03,0.095072,1776186176000
1776186178.287,178.287,0.39,5.0,0.37,11.2,0.42,1.0,0.44,5.0,0.58,1.0,0.56,5.0,0.61,5.0,0.63,11.2,0.03,0.03,0.095071,1776186177000
1776186179.459,179.459,0.39,5.0,0.37,11.2,0.42,1.0,0.44,5.0,0.58,1.0,0.56,5.0,0.61,5.0,0.63,11.2,0.03,0.03,0.095069,1776186178000
1776186180.015,180.015,0.39,5.0,0.37,11.2,0.42,1.0,0.44,5.0,0.58,1.0,0.56,5.0,0.61,5.0,0.63,11.2,0.03,0.03,0.095072,1776186179000
1776186181.171,181.171,0.39,5.0,0.37,11.2,0.42,1.0,0.44,5.0,0.58,1.0,0.56,5.0,0.61,5.0,0.63,11.2,0.03,0.03,0.095072,1776186180000
1776186182.219,182.219,0.39,5.0,0.37,11.2,0.42,1.0,0.44,5.0,0.58,1.0,0.56,5.0,0.61,5.0,0.63,11.2,0.03,0.03,0.095069,1776186181000
1776186183.419,183.419,0.39,5.0,0.37,11.2,0.42,1.0,0.44,5.0,0.58,1.0,0.56,5.0,0.61,5.0,0.63,11.2,0.03,0.03,0.095071,1776186182000
1776186184.001,184.001,0.39,5.0,0.37,11.2,0.42,1.0,0.44,5.0,0.58,1.0,0.56,5.0,0.61,5.0,0.63,11.2,0.03,0.03,0.095078,1776186183000
1776186184.867,184.867,0.37,3.41,0.33,5.0,0.38,5.0,0.42,1.0,0.58,1.0,0.56,5.0,0.61,5.0,0.63,11.2,0.01,0.03,0.095078,1776186183000
1776186185.147,185.147,0.37,3.41,0.33,5.0,0.38,5.0,0.42,1.0,0.62,5.0,0.58,1.0,0.63,3.41,0.67,5.0,0.01,0.01,0.09509,1776186184000
1776186185.517,185.517,0.34,5.0,0.31,50.0,0.38,5.0,0.42,1.0,0.62,5.0,0.58,1.0,0.63,3.41,0.67,5.0,0.04,0.01,0.09509,1776186184000
1776186186.198,186.198,0.41,94.0,0.36,5.0,0.44,2.4,0.5,6.95,0.58,1.0,0.56,5.0,0.66,5.0,0.69,50.0,0.03,0.08,0.09509,1776186184000
1776186186.617,186.617,0.41,94.0,0.31,50.0,0.44,2.4,0.5,6.95,0.56,2.4,0.5,6.95,0.59,94.0,0.64,5.0,0.03,0.03,0.095117,1776186185000
1776186187.004,187.004,0.43,5.0,0.41,50.0,0.5,6.95,0.61,5.0,0.56,2.4,0.5,6.95,0.59,94.0,0.69,50.0,0.07,0.03,0.095117,1776186185000
1776186187.697,187.697,0.43,5.0,0.41,50.0,0.5,6.95,0.61,5.0,0.5,6.95,0.39,5.0,0.57,5.0,0.59,45.0,0.07,0.07,0.095166,1776186186000
1776186188.304,188.304,0.43,5.0,0.41,50.0,0.5,6.95,0.61,5.0,0.5,6.95,0.39,5.0,0.57,5.0,0.59,45.0,0.07,0.07,0.095192,1776186187000
1776186189.224,189.224,0.49,5.0,0.45,5.0,0.5,1.95,0.6,5.0,0.5,6.95,0.39,5.0,0.57,5.0,0.59,45.0,0.01,0.07,0.095192,1776186187000
1776186189.449,189.449,0.49,5.0,0.45,5.0,0.5,1.95,0.6,5.0,0.5,1.95,0.4,5.0,0.51,5.0,0.55,5.0,0.01,0.01,0.095193,1776186188000
1776186189.982,189.982,0.49,5.0,0.45,5.0,0.5,1.95,0.6,5.0,0.5,1.95,0.4,5.0,0.51,5.0,0.55,5.0,0.01,0.01,0.095192,1776186189000
1776186191.151,191.151,0.49,5.0,0.45,5.0,0.5,1.95,0.6,5.0,0.5,1.95,0.4,5.0,0.51,5.0,0.55,5.0,0.01,0.01,0.095188,1776186190000
1776186192.359,192.359,0.49,5.0,0.45,5.0,0.5,1.95,0.6,5.0,0.5,1.95,0.4,5.0,0.51,5.0,0.55,5.0,0.01,0.01,0.095183,1776186191000
1776186193.455,193.455,0.49,5.0,0.45,5.0,0.5,1.95,0.6,5.0,0.5,1.95,0.4,5.0,0.51,5.0,0.55,5.0,0.01,0.01,0.095177,1776186192000
1776186194.012,194.012,0.49,5.0,0.45,5.0,0.5,1.95,0.6,5.0,0.5,1.95,0.4,5.0,0.51,5.0,0.55,5.0,0.01,0.01,0.095179,1776186193000
1776186195.212,195.212,0.49,5.0,0.45,5.0,0.5,1.95,0.6,5.0,0.5,1.95,0.4,5.0,0.51,5.0,0.55,5.0,0.01,0.01,0.095183,1776186194000
1776186196.529,196.529,0.49,5.0,0.45,5.0,0.5,1.95,0.6,5.0,0.5,1.95,0.4,5.0,0.51,5.0,0.55,5.0,0.01,0.01,0.095181,1776186195000
1776186197.104,197.104,0.49,5.0,0.45,5.0,0.5,1.95,0.6,5.0,0.5,1.95,0.4,5.0,0.51,5.0,0.55,5.0,0.01,0.01,0.095186,1776186196000
1776186198.272,198.272,0.49,5.0,0.45,5.0,0.5,1.95,0.6,5.0,0.5,1.95,0.4,5.0,0.51,5.0,0.55,5.0,0.01,0.01,0.095188,1776186197000
1776186199.505,199.505,0.49,5.0,0.45,5.0,0.5,1.95,0.6,5.0,0.5,1.95,0.4,5.0,0.51,5.0,0.55,5.0,0.01,0.01,0.095184,1776186198000
1776186199.95,199.95,0.49,5.0,0.45,5.0,0.5,1.95,0.6,5.0,0.5,1.95,0.4,5.0,0.51,5.0,0.55,5.0,0.01,0.01,0.095183,1776186199000
1776186201.104,201.104,0.54,7.87,0.45,10.5,0.59,5.0,0.63,5.0,0.5,1.95,0.4,5.0,0.51,5.0,0.55,5.0,0.05,0.01,0.095183,1776186199000
1776186202.844,202.844,0.54,7.87,0.45,10.5,0.59,5.0,0.63,5.0,0.41,5.0,0.37,5.0,0.46,7.87,0.55,10.5,0.05,0.05,0.095186,1776186201000
1776186203.691,203.691,0.54,7.87,0.45,10.5,0.59,5.0,0.63,5.0,0.41,5.0,0.37,5.0,0.46,7.87,0.55,10.5,0.05,0.05,0.095197,1776186202000
1776186204.426,204.426,0.54,7.87,0.45,10.5,0.59,5.0,0.63,5.0,0.41,5.0,0.37,5.0,0.46,7.87,0.55,10.5,0.05,0.05,0.095206,1776186203000
1776186205.119,205.119,0.54,7.87,0.45,10.5,0.59,5.0,0.63,5.0,0.41,5.0,0.37,5.0,0.46,7.87,0.55,10.5,0.05,0.05,0.095208,1776186204000
1776186206.655,206.655,0.54,7.87,0.45,10.5,0.59,5.0,0.63,5.0,0.41,5.0,0.37,5.0,0.46,7.87,0.55,10.5,0.05,0.05,0.095215,1776186205000
1776186207.376,207.376,0.54,7.87,0.45,10.5,0.59,5.0,0.63,5.0,0.41,5.0,0.37,5.0,0.46,7.87,0.55,10.5,0.05,0.05,0.095221,1776186206000
1776186207.999,207.999,0.54,7.87,0.45,10.5,0.59,5.0,0.63,5.0,0.41,5.0,0.37,5.0,0.46,7.87,0.55,10.5,0.05,0.05,0.095234,1776186207000
1776186209.449,209.449,0.54,7.87,0.45,10.5,0.59,5.0,0.63,5.0,0.41,5.0,0.37,5.0,0.46,7.87,0.55,10.5,0.05,0.05,0.095231,1776186208000
1776186210.182,210.182,0.54,7.87,0.45,10.5,0.59,5.0,0.63,5.0,0.41,5.0,0.37,5.0,0.46,7.87,0.55,10.5,0.05,0.05,0.095241,1776186209000
1776186211.973,211.973,0.54,7.87,0.45,10.5,0.59,5.0,0.63,5.0,0.41,5.0,0.37,5.0,0.46,7.87,0.55,10.5,0.05,0.05,0.095221,1776186210000
1776186212.569,212.569,0.54,7.87,0.45,10.5,0.59,5.0,0.63,5.0,0.41,5.0,0.37,5.0,0.46,7.87,0.55,10.5,0.05,0.05,0.095212,1776186211000
1776186213.479,213.479,0.54,7.87,0.45,10.5,0.59,5.0,0.63,5.0,0.41,5.0,0.37,5.0,0.46,7.87,0.55,10.5,0.05,0.05,0.095211,1776186212000
1776186214.232,214.232,0.54,7.87,0.45,10.5,0.59,5.0,0.63,5.0,0.41,5.0,0.37,5.0,0.46,7.87,0.55,10.5,0.05,0.05,0.095207,1776186213000
1776186215.613,215.613,0.54,7.87,0.45,10.5,0.59,5.0,0.63,5.0,0.41,5.0,0.37,5.0,0.46,7.87,0.55,10.5,0.05,0.05,0.095201,1776186214000
1776186216.274,216.274,0.54,7.87,0.45,10.5,0.59,5.0,0.63,5.0,0.41,5.0,0.37,5.0,0.46,7.87,0.55,10.5,0.05,0.05,0.095198,1776186215000
1776186217.693,217.693,0.54,7.87,0.45,10.5,0.59,5.0,0.63,5.0,0.41,5.0,0.37,5.0,0.46,7.87,0.55,10.5,0.05,0.05,0.095191,1776186216000
1776186218.391,218.391,0.54,7.87,0.45,10.5,0.59,5.0,0.63,5.0,0.41,5.0,0.37,5.0,0.46,7.87,0.55,10.5,0.05,0.05,0.095197,1776186217000
1776186218.867,218.867,0.62,5.0,0.54,7.87,0.76,11.72,0.77,14.7,0.41,5.0,0.37,5.0,0.46,7.87,0.55,10.5,0.14,0.05,0.095197,1776186217000
1776186219.265,219.265,0.62,5.0,0.54,7.87,0.76,11.72,0.77,14.7,0.24,11.72,0.23,14.7,0.38,5.0,0.46,7.87,0.14,0.14,0.095203,1776186218000
1776186220.714,220.714,0.62,5.0,0.54,7.87,0.76,11.72,0.77,14.7,0.24,11.72,0.23,14.7,0.38,5.0,0.46,7.87,0.14,0.14,0.095218,1776186219000
1776186222.049,222.049,0.62,5.0,0.54,7.87,0.76,11.72,0.77,14.7,0.24,11.72,0.23,14.7,0.38,5.0,0.46,7.87,0.14,0.14,0.095213,1776186220000
1776186222.618,222.618,0.62,5.0,0.54,7.87,0.76,11.72,0.77,14.7,0.24,11.72,0.23,14.7,0.38,5.0,0.46,7.87,0.14,0.14,0.095211,1776186221000
1776186223.22,223.22,0.62,5.0,0.54,7.87,0.76,11.72,0.77,14.7,0.24,11.72,0.23,14.7,0.38,5.0,0.46,7.87,0.14,0.14,0.095211,1776186222000
1776186224.329,224.329,0.62,5.0,0.54,7.87,0.76,11.72,0.77,14.7,0.24,11.72,0.23,14.7,0.38,5.0,0.46,7.87,0.14,0.14,0.095212,1776186223000
1776186225.467,225.467,0.62,5.0,0.54,7.87,0.76,11.72,0.77,14.7,0.24,11.72,0.23,14.7,0.38,5.0,0.46,7.87,0.14,0.14,0.09521,1776186224000
1776186226.029,226.029,0.62,5.0,0.54,7.87,0.76,11.72,0.77,14.7,0.24,11.72,0.23,14.7,0.38,5.0,0.46,7.87,0.14,0.14,0.095206,1776186225000
1776186227.125,227.125,0.62,5.0,0.54,7.87,0.76,11.72,0.77,14.7,0.24,11.72,0.23,14.7,0.38,5.0,0.46,7.87,0.14,0.14,0.095202,1776186226000
1776186228.252,228.252,0.62,5.0,0.54,7.87,0.76,11.72,0.77,14.7,0.24,11.72,0.23,14.7,0.38,5.0,0.46,7.87,0.14,0.14,0.095198,1776186227000
1776186229.285,229.285,0.62,5.0,0.54,7.87,0.76,11.72,0.77,14.7,0.24,11.72,0.23,14.7,0.38,5.0,0.46,7.87,0.14,0.14,0.095193,1776186228000
1776186230.426,230.426,0.62,5.0,0.54,7.87,0.76,11.72,0.77,14.7,0.24,11.72,0.23,14.7,0.38,5.0,0.46,7.87,0.14,0.14,0.095192,1776186229000
1776186230.953,230.953,0.62,5.0,0.54,7.87,0.76,11.72,0.77,14.7,0.24,11.72,0.23,14.7,0.38,5.0,0.46,7.87,0.14,0.14,0.095192,1776186230000
1776186232.012,232.012,0.62,5.0,0.54,7.87,0.76,11.72,0.77,14.7,0.24,11.72,0.23,14.7,0.38,5.0,0.46,7.87,0.14,0.14,0.095192,1776186231000
1776186233.043,233.043,0.62,5.0,0.54,7.87,0.76,11.72,0.77,14.7,0.24,11.72,0.23,14.7,0.38,5.0,0.46,7.87,0.14,0.14,0.095193,1776186232000
1776186234.106,234.106,0.62,5.0,0.54,7.87,0.76,11.72,0.77,14.7,0.24,11.72,0.23,14.7,0.38,5.0,0.46,7.87,0.14,0.14,0.095191,1776186233000
1776186235.139,235.139,0.62,5.0,0.54,7.87,0.76,11.72,0.77,14.7,0.24,11.72,0.23,14.7,0.38,5.0,0.46,7.87,0.14,0.14,0.095197,1776186234000
1776186236.116,236.116,0.62,5.0,0.54,7.87,0.76,11.72,0.77,14.7,0.24,11.72,0.23,14.7,0.38,5.0,0.46,7.87,0.14,0.14,0.095197,1776186235000
1776186237.312,237.312,0.62,5.0,0.54,7.87,0.76,11.72,0.77,14.7,0.24,11.72,0.23,14.7,0.38,5.0,0.46,7.87,0.14,0.14,0.095196,1776186236000
1776186238.417,238.417,0.62,5.0,0.54,7.87,0.76,11.72,0.77,14.7,0.24,11.72,0.23,14.7,0.38,5.0,0.46,7.87,0.14,0.14,0.095197,1776186237000
1776186238.962,238.962,0.62,5.0,0.54,7.87,0.76,11.72,0.77,14.7,0.24,11.72,0.23,14.7,0.38,5.0,0.46,7.87,0.14,0.14,0.095197,1776186238000
1776186240.05,240.05,0.62,5.0,0.54,7.87,0.76,11.72,0.77,14.7,0.24,11.72,0.23,14.7,0.38,5.0,0.46,7.87,0.14,0.14,0.095199,1776186239000
1776186241.12,241.12,0.62,5.0,0.54,7.87,0.76,11.72,0.77,14.7,0.24,11.72,0.23,14.7,0.38,5.0,0.46,7.87,0.14,0.14,0.0952,1776186240000
1776186242.175,242.175,0.62,5.0,0.54,7.87,0.76,11.72,0.77,14.7,0.24,11.72,0.23,14.7,0.38,5.0,0.46,7.87,0.14,0.14,0.095198,1776186241000
1776186243.151,243.151,0.62,5.0,0.54,7.87,0.76,11.72,0.77,14.7,0.24,11.72,0.23,14.7,0.38,5.0,0.46,7.87,0.14,0.14,0.09521,1776186242000
1776186244.298,244.298,0.62,5.0,0.54,7.87,0.76,11.72,0.77,14.7,0.24,11.72,0.23,14.7,0.38,5.0,0.46,7.87,0.14,0.14,0.095204,1776186243000
1776186245.389,245.389,0.62,5.0,0.54,7.87,0.76,11.72,0.77,14.7,0.24,11.72,0.23,14.7,0.38,5.0,0.46,7.87,0.14,0.14,0.095207,1776186244000
1776186245.873,245.873,0.62,5.0,0.54,7.87,0.76,11.72,0.77,14.7,0.24,11.72,0.23,14.7,0.38,5.0,0.46,7.87,0.14,0.14,0.095214,1776186245000
1776186246.952,246.952,0.62,5.0,0.54,7.87,0.76,11.72,0.77,14.7,0.24,11.72,0.23,14.7,0.38,5.0,0.46,7.87,0.14,0.14,0.09523,1776186246000
1776186247.984,247.984,0.62,5.0,0.54,7.87,0.76,11.72,0.77,14.7,0.24,11.72,0.23,14.7,0.38,5.0,0.46,7.87,0.14,0.14,0.09523,1776186247000
1776186249.005,249.005,0.71,50.0,0.65,7.0,0.89,26.6,0.9,28.9,0.24,11.72,0.23,14.7,0.38,5.0,0.46,7.87,0.18,0.14,0.09523,1776186247000
1776186250.307,250.307,0.71,50.0,0.65,7.0,0.89,26.6,0.9,28.9,0.11,26.6,0.1,28.9,0.29,50.0,0.35,7.0,0.18,0.18,0.095252,1776186249000
1776186251.919,251.919,0.71,50.0,0.65,7.0,0.89,26.6,0.9,28.9,0.11,26.6,0.1,28.9,0.29,50.0,0.35,7.0,0.18,0.18,0.095243,1776186250000
1776186252.78,252.78,0.71,50.0,0.65,7.0,0.89,26.6,0.9,28.9,0.11,26.6,0.1,28.9,0.29,50.0,0.35,7.0,0.18,0.18,0.095243,1776186251000
1776186253.465,253.465,0.71,50.0,0.65,7.0,0.89,26.6,0.9,28.9,0.11,26.6,0.1,28.9,0.29,50.0,0.35,7.0,0.18,0.18,0.095243,1776186252000
1776186254.07,254.07,0.71,50.0,0.65,7.0,0.89,26.6,0.9,28.9,0.11,26.6,0.1,28.9,0.29,50.0,0.35,7.0,0.18,0.18,0.095243,1776186253000
1776186254.558,254.558,0.87,0.72,0.69,12.2,0.88,24.6,0.89,26.6,0.11,26.6,0.1,28.9,0.29,50.0,0.35,7.0,0.01,0.18,0.095243,1776186253000
1776186255.763,255.763,0.87,0.72,0.69,12.2,0.88,24.6,0.89,26.6,0.12,24.6,0.11,26.6,0.13,0.72,0.31,12.2,0.01,0.01,0.095232,1776186254000
1776186256.405,256.405,0.87,0.72,0.69,12.2,0.88,24.6,0.89,26.6,0.12,24.6,0.11,26.6,0.13,0.72,0.31,12.2,0.01,0.01,0.095232,1776186255000
1776186257.037,257.037,0.71,50.0,0.7,12.4,0.83,2.8,0.84,7.0,0.12,24.6,0.11,26.6,0.13,0.72,0.31,12.2,0.12,0.01,0.095232,1776186255000
1776186258.638,258.638,0.71,50.0,0.7,12.4,0.83,0.39,0.84,7.0,0.17,0.39,0.16,7.0,0.29,50.0,0.3,12.4,0.12,0.12,0.095234,1776186257000
1776186259.269,259.269,0.71,50.0,0.7,12.4,0.83,0.39,0.84,7.0,0.17,0.39,0.16,7.0,0.29,50.0,0.3,12.4,0.12,0.12,0.09523,1776186258000
1776186260.678,260.678,0.71,50.0,0.7,12.4,0.83,0.39,0.84,7.0,0.17,0.39,0.16,7.0,0.29,50.0,0.3,12.4,0.12,0.12,0.095221,1776186259000
1776186261.376,261.376,0.71,50.0,0.7,12.4,0.83,0.39,0.84,7.0,0.17,0.39,0.16,7.0,0.29,50.0,0.3,12.4,0.12,0.12,0.095222,1776186260000
1776186262.135,262.135,0.71,50.0,0.7,12.4,0.83,0.39,0.84,7.0,0.17,0.39,0.16,7.0,0.29,50.0,0.3,12.4,0.12,0.12,0.095223,1776186261000
1776186263.533,263.533,0.71,50.0,0.7,12.4,0.83,0.39,0.84,7.0,0.17,0.39,0.16,7.0,0.29,50.0,0.3,12.4,0.12,0.12,0.095237,1776186262000
1776186264.315,264.315,0.71,50.0,0.7,12.4,0.83,0.39,0.84,7.0,0.17,0.39,0.16,7.0,0.29,50.0,0.3,12.4,0.12,0.12,0.095237,1776186263000
1776186265.832,265.832,0.71,50.0,0.7,12.4,0.83,0.39,0.84,7.0,0.17,0.39,0.16,7.0,0.29,50.0,0.3,12.4,0.12,0.12,0.095239,1776186264000
1776186266.617,266.617,0.71,50.0,0.7,12.4,0.83,0.39,0.84,7.0,0.17,0.39,0.16,7.0,0.29,50.0,0.3,12.4,0.12,0.12,0.095237,1776186265000
1776186267.351,267.351,0.71,50.0,0.7,12.4,0.83,0.39,0.84,7.0,0.17,0.39,0.16,7.0,0.29,50.0,0.3,12.4,0.12,0.12,0.095234,1776186266000
1776186268.971,268.971,0.71,50.0,0.7,12.4,0.83,0.39,0.84,7.0,0.17,0.39,0.16,7.0,0.29,50.0,0.3,12.4,0.12,0.12,0.095234,1776186268000
1776186270.019,270.019,0.71,50.0,0.7,12.4,0.83,0.39,0.84,7.0,0.17,0.39,0.16,7.0,0.29,50.0,0.3,12.4,0.12,0.12,0.095236,1776186269000
1776186271.097,271.097,0.71,50.0,0.7,12.4,0.83,0.39,0.84,7.0,0.17,0.39,0.16,7.0,0.29,50.0,0.3,12.4,0.12,0.12,0.095234,1776186270000
1776186272.268,272.268,0.41,38.14,0.34,11.6,0.57,5.0,0.58,5.0,0.43,5.0,0.42,5.0,0.59,38.14,0.66,11.6,0.16,0.16,0.095222,1776186271000
1776186272.531,272.531,0.31,45.69,0.28,12.9,0.54,5.0,0.61,50.0,0.43,5.0,0.42,5.0,0.59,38.14,0.66,11.6,0.23,0.16,0.095222,1776186271000
1776186273.309,273.309,0.31,45.69,0.28,12.9,0.54,5.0,0.61,50.0,0.46,5.0,0.39,50.0,0.69,45.69,0.72,12.9,0.23,0.23,0.095197,1776186272000
1776186274.362,274.362,0.31,45.69,0.28,12.9,0.54,5.0,0.61,50.0,0.46,5.0,0.39,50.0,0.69,45.69,0.72,12.9,0.23,0.23,0.095172,1776186273000
1776186274.935,274.935,0.31,45.69,0.28,12.9,0.54,5.0,0.61,50.0,0.46,5.0,0.39,50.0,0.69,45.69,0.72,12.9,0.23,0.23,0.095166,1776186274000
1776186275.373,275.373,0.31,40.69,0.21,50.0,0.61,50.0,0.71,50.0,0.46,5.0,0.39,50.0,0.69,45.69,0.72,12.9,0.3,0.23,0.095166,1776186274000
1776186275.704,275.704,0.41,50.0,0.31,40.69,0.71,45.81,0.79,10.0,0.39,50.0,0.29,50.0,0.69,40.69,0.79,50.0,0.3,0.3,0.095166,1776186274000
1776186276.016,276.016,0.41,45.16,0.31,40.69,0.71,45.81,0.79,10.0,0.29,45.81,0.21,10.0,0.59,45.16,0.69,40.69,0.3,0.3,0.095158,1776186275000
1776186277.108,277.108,0.41,45.16,0.31,40.69,0.71,45.81,0.79,10.0,0.29,45.81,0.21,10.0,0.59,45.16,0.69,40.69,0.3,0.3,0.095157,1776186276000
1776186278.232,278.232,0.41,45.16,0.31,40.69,0.71,45.81,0.79,10.0,0.29,45.81,0.21,10.0,0.59,45.16,0.69,40.69,0.3,0.3,0.095167,1776186277000
1776186279.258,279.258,0.41,45.16,0.31,40.69,0.71,45.81,0.79,10.0,0.29,45.81,0.21,10.0,0.59,45.16,0.69,40.69,0.3,0.3,0.095168,1776186278000
1776186280.379,280.379,0.41,36.09,0.31,40.69,0.71,45.81,0.8,10.0,0.29,45.81,0.2,10.0,0.59,36.09,0.69,40.69,0.3,0.3,0.09517,1776186279000
1776186281.415,281.415,0.41,36.09,0.31,40.69,0.71,45.81,0.8,10.0,0.29,45.81,0.2,10.0,0.59,36.09,0.69,40.69,0.3,0.3,0.095169,1776186280000
1776186285.202,285.202,0.41,36.09,0.31,40.69,0.71,45.81,0.8,10.0,0.29,45.81,0.2,10.0,0.59,36.09,0.69,40.69,0.3,0.3,0.095173,1776186281000
1776186285.592,285.592,0.41,36.09,0.31,40.69,0.71,45.81,0.8,10.0,0.29,45.81,0.2,10.0,0.59,36.09,0.69,40.69,0.3,0.3,0.095168,1776186284000
1776186286.49,286.49,0.41,36.09,0.31,40.69,0.71,45.81,0.8,10.0,0.29,45.81,0.2,10.0,0.59,36.09,0.69,40.69,0.3,0.3,0.09516,1776186285000
1776186287.008,287.008,0.41,36.09,0.31,40.69,0.71,45.81,0.8,10.0,0.29,45.81,0.2,10.0,0.59,36.09,0.69,40.69,0.3,0.3,0.095159,1776186286000
1776186288.011,288.011,0.41,36.09,0.31,40.69,0.71,45.81,0.8,10.0,0.29,45.81,0.2,10.0,0.59,36.09,0.69,40.69,0.3,0.3,0.095153,1776186287000
1776186289.03,289.03,0.41,36.09,0.31,40.69,0.71,45.81,0.8,10.0,0.29,45.81,0.2,10.0,0.59,36.09,0.69,40.69,0.3,0.3,0.095138,1776186288000
1776186290.175,290.175,0.41,36.09,0.31,40.69,0.71,45.81,0.8,10.0,0.29,45.81,0.2,10.0,0.59,36.09,0.69,40.69,0.3,0.3,0.09513,1776186289000
1776186291.282,291.282,0.41,36.09,0.31,40.69,0.71,45.81,0.8,10.0,0.29,45.81,0.2,10.0,0.59,36.09,0.69,40.69,0.3,0.3,0.095131,1776186290000
1776186292.276,292.276,0.41,36.09,0.31,40.69,0.71,45.81,0.8,10.0,0.29,45.81,0.2,10.0,0.59,36.09,0.69,40.69,0.3,0.3,0.095129,1776186291000
1776186293.318,293.318,0.01,229.95,,,0.21,50.0,0.22,6.0,0.29,45.81,0.2,10.0,0.59,36.09,0.69,40.69,0.2,0.3,0.095129,1776186291000
1776186294.549,294.549,0.01,229.95,,,0.21,50.0,0.22,6.0,0.79,50.0,0.78,6.0,0.99,229.95,,,0.2,0.2,0.095131,1776186293000
1776186295.071,295.071,0.01,229.95,,,0.21,50.0,0.22,6.0,0.79,50.0,0.78,6.0,0.99,229.95,,,0.2,0.2,0.09513,1776186294000
1776186296.234,296.234,0.01,229.95,,,0.21,50.0,0.22,6.0,0.79,50.0,0.78,6.0,0.99,229.95,,,0.2,0.2,0.09513,1776186295000
1776186296.968,296.968,0.01,199.79,,,0.11,55.0,0.21,50.0,0.79,50.0,0.78,6.0,0.99,229.95,,,0.1,0.2,0.09513,1776186295000
1776186297.329,297.329,0.01,199.79,,,0.11,55.0,0.21,50.0,0.89,55.0,0.79,50.0,0.99,199.79,,,0.1,0.1,0.09513,1776186296000
1776186297.873,297.873,,,,,0.01,401.67,0.11,55.0,0.89,55.0,0.79,50.0,0.99,98.38,,,,0.1,0.09513,1776186296000
1776186298.59,298.59,,,,,0.01,401.67,0.11,55.0,0.99,401.67,0.89,55.0,,,,,,,0.095128,1776186297000
1776186299.086,299.086,,,,,0.01,401.67,0.11,55.0,0.99,401.67,0.89,55.0,,,,,,,0.095128,1776186298000
1776186300.149,300.149,,,,,0.01,401.67,0.11,55.0,0.99,401.67,0.89,55.0,,,,,,,0.095122,1776186299000

# RESULT,winner=Down,slug=doge-updown-5m-1776186000,ticks=324
