timestamp,elapsed_sec,up_bid_p1,up_bid_s1,up_bid_p2,up_bid_s2,up_ask_p1,up_ask_s1,up_ask_p2,up_ask_s2,down_bid_p1,down_bid_s1,down_bid_p2,down_bid_s2,down_ask_p1,down_ask_s1,down_ask_p2,down_ask_s2,up_spread,down_spread,doge_price,doge_oracle_ts
1776182711.334,11.334,,,,,,,,,,,,,,,,,,,0.095913,1776182710000
1776182711.535,11.535,0.49,36.0,0.48,11.0,0.59,5.0,0.6,5.0,0.41,5.0,0.4,5.0,0.51,36.0,0.52,11.0,0.1,0.1,0.095913,1776182710000
1776182712.041,12.041,0.49,36.0,0.48,11.0,0.59,5.0,0.6,5.0,0.41,5.0,0.4,5.0,0.51,36.0,0.52,11.0,0.1,0.1,0.095913,1776182710000
1776182713.158,13.158,0.49,36.0,0.48,11.0,0.59,5.0,0.6,5.0,0.41,5.0,0.4,5.0,0.51,36.0,0.52,11.0,0.1,0.1,0.095921,1776182712000
1776182714.26,14.26,0.49,36.0,0.48,11.0,0.59,5.0,0.6,5.0,0.41,5.0,0.4,5.0,0.51,36.0,0.52,11.0,0.1,0.1,0.095924,1776182713000
1776182715.172,15.172,0.49,36.0,0.48,11.0,0.59,5.0,0.6,5.0,0.41,5.0,0.4,5.0,0.51,36.0,0.52,11.0,0.1,0.1,0.095943,1776182714000
1776182715.821,15.821,0.49,26.0,0.48,6.0,0.53,5.0,0.55,5.0,0.41,5.0,0.4,5.0,0.51,36.0,0.52,11.0,0.04,0.1,0.095943,1776182714000
1776182716.158,16.158,0.49,26.0,0.48,6.0,0.53,5.0,0.55,5.0,0.47,5.0,0.45,5.0,0.51,26.0,0.52,6.0,0.04,0.04,0.095942,1776182715000
1776182716.555,16.555,0.49,26.0,0.48,6.0,0.53,5.0,0.57,11.0,0.47,5.0,0.45,5.0,0.51,26.0,0.52,6.0,0.04,0.04,0.095942,1776182715000
1776182717.234,17.234,0.49,26.0,0.48,6.0,0.53,5.0,0.57,11.0,0.47,5.0,0.43,11.0,0.51,26.0,0.52,6.0,0.04,0.04,0.095924,1776182716000
1776182718.054,18.054,0.49,26.0,0.48,6.0,0.53,5.0,0.57,11.0,0.47,5.0,0.43,11.0,0.51,26.0,0.52,6.0,0.04,0.04,0.095885,1776182717000
1776182719.213,19.213,0.49,26.0,0.48,6.0,0.53,5.0,0.57,11.0,0.47,5.0,0.43,11.0,0.51,26.0,0.52,6.0,0.04,0.04,0.09588,1776182718000
1776182720.612,20.612,0.49,26.0,0.48,6.0,0.53,5.0,0.57,11.0,0.47,5.0,0.43,11.0,0.51,26.0,0.52,6.0,0.04,0.04,0.095872,1776182719000
1776182721.476,21.476,0.49,21.13,0.48,6.0,0.53,10.0,0.57,11.0,0.47,5.0,0.43,11.0,0.51,26.0,0.52,6.0,0.04,0.04,0.095872,1776182719000
1776182722.319,22.319,0.49,21.13,0.48,6.0,0.53,10.0,0.57,11.0,0.47,10.0,0.43,11.0,0.51,21.13,0.52,6.0,0.04,0.04,0.095872,1776182721000
1776182723.092,23.092,0.49,16.13,0.48,6.0,0.51,10.0,0.57,21.0,0.47,10.0,0.43,11.0,0.51,21.13,0.52,6.0,0.02,0.04,0.095872,1776182721000
1776182724.588,24.588,0.49,16.13,0.48,6.0,0.51,10.0,0.57,21.0,0.49,10.0,0.43,21.0,0.51,16.13,0.52,6.0,0.02,0.02,0.09586,1776182723000
1776182725.542,25.542,0.49,16.13,0.48,6.0,0.51,10.0,0.57,21.0,0.49,10.0,0.43,21.0,0.51,16.13,0.52,6.0,0.02,0.02,0.095855,1776182724000
1776182726.296,26.296,0.49,16.13,0.48,6.0,0.51,10.0,0.57,21.0,0.49,10.0,0.43,21.0,0.51,16.13,0.52,6.0,0.02,0.02,0.095855,1776182725000
1776182726.942,26.942,0.49,5.73,0.48,6.0,0.5,10.0,0.51,50.0,0.5,10.0,0.49,50.0,0.51,11.13,0.52,6.0,0.01,0.01,0.095855,1776182725000
1776182727.893,27.893,0.49,5.73,0.48,6.0,0.5,10.0,0.51,50.0,0.5,10.0,0.49,50.0,0.51,5.73,0.52,6.0,0.01,0.01,0.095855,1776182726000
1776182728.6,28.6,0.49,5.73,0.48,6.0,0.5,10.0,0.51,50.0,0.5,10.0,0.49,50.0,0.51,5.73,0.52,6.0,0.01,0.01,0.095848,1776182727000
1776182729.15,29.15,0.49,0.73,0.48,6.0,0.5,15.0,0.51,60.0,0.5,10.0,0.49,50.0,0.51,5.73,0.52,6.0,0.01,0.01,0.095848,1776182727000
1776182729.385,29.385,0.49,0.73,0.48,6.0,0.5,15.0,0.51,60.0,0.5,15.0,0.49,60.0,0.51,0.73,0.52,6.0,0.01,0.01,0.095838,1776182728000
1776182730.24,30.24,0.49,0.73,0.48,6.0,0.5,15.0,0.51,60.0,0.5,15.0,0.49,60.0,0.51,0.73,0.52,6.0,0.01,0.01,0.095835,1776182729000
1776182731.841,31.841,0.49,0.73,0.48,6.0,0.5,15.0,0.51,60.0,0.5,15.0,0.49,60.0,0.51,0.73,0.52,6.0,0.01,0.01,0.095822,1776182730000
1776182732.663,32.663,0.49,0.73,0.48,6.0,0.5,15.0,0.51,60.0,0.5,15.0,0.49,60.0,0.51,0.73,0.52,6.0,0.01,0.01,0.095826,1776182731000
1776182733.438,33.438,0.49,0.73,0.48,6.0,0.5,15.0,0.51,60.0,0.5,15.0,0.49,60.0,0.51,0.73,0.52,6.0,0.01,0.01,0.095825,1776182732000
1776182734.284,34.284,0.49,0.73,0.48,6.0,0.5,15.0,0.51,60.0,0.5,15.0,0.49,60.0,0.51,0.73,0.52,6.0,0.01,0.01,0.095827,1776182733000
1776182735.888,35.888,0.49,0.73,0.48,6.0,0.5,15.0,0.51,60.0,0.5,15.0,0.49,60.0,0.51,0.73,0.52,6.0,0.01,0.01,0.095821,1776182734000
1776182736.579,36.579,0.49,0.73,0.48,6.0,0.5,15.0,0.51,60.0,0.5,15.0,0.49,60.0,0.51,0.73,0.52,6.0,0.01,0.01,0.095821,1776182735000
1776182737.393,37.393,0.48,1.73,0.3,15.0,0.5,65.9,0.51,60.0,0.5,15.0,0.49,60.0,0.51,0.73,0.52,6.0,0.02,0.01,0.095821,1776182735000
1776182737.996,37.996,0.31,5.0,0.3,10.0,0.49,42.0,0.5,34.9,0.5,65.9,0.49,60.0,0.52,1.73,0.7,15.0,0.18,0.02,0.095822,1776182736000
1776182738.229,38.229,0.31,5.0,0.3,10.0,0.49,42.0,0.5,34.9,0.51,42.0,0.5,34.9,0.69,5.0,0.7,10.0,0.18,0.18,0.095814,1776182737000
1776182738.838,38.838,0.31,7.75,0.29,27.0,0.42,5.0,0.43,5.0,0.51,42.0,0.5,34.9,0.69,5.0,0.7,10.0,0.11,0.18,0.095814,1776182737000
1776182739.242,39.242,0.31,7.75,0.29,27.0,0.42,5.0,0.43,5.0,0.58,5.0,0.57,5.0,0.69,7.75,0.71,27.0,0.11,0.11,0.09581,1776182738000
1776182740.291,40.291,0.31,7.75,0.29,27.0,0.42,5.0,0.43,5.0,0.58,5.0,0.57,5.0,0.69,7.75,0.71,27.0,0.11,0.11,0.095806,1776182739000
1776182741.896,41.896,0.31,7.75,0.29,27.0,0.42,5.0,0.43,5.0,0.58,5.0,0.57,5.0,0.69,7.75,0.71,27.0,0.11,0.11,0.09581,1776182741000
1776182743.23,43.23,0.31,7.75,0.29,27.0,0.42,5.0,0.43,5.0,0.58,5.0,0.57,5.0,0.69,7.75,0.71,27.0,0.11,0.11,0.095794,1776182742000
1776182744.426,44.426,0.31,7.75,0.29,27.0,0.42,5.0,0.43,5.0,0.58,5.0,0.57,5.0,0.69,7.75,0.71,27.0,0.11,0.11,0.095808,1776182743000
1776182745.003,45.003,0.31,7.75,0.29,27.0,0.42,5.0,0.43,5.0,0.58,5.0,0.57,5.0,0.69,7.75,0.71,27.0,0.11,0.11,0.09583,1776182744000
1776182746.15,46.15,0.31,7.75,0.29,27.0,0.42,5.0,0.43,5.0,0.58,5.0,0.57,5.0,0.69,7.75,0.71,27.0,0.11,0.11,0.095828,1776182745000
1776182747.8,47.8,0.31,7.75,0.29,27.0,0.42,5.0,0.43,5.0,0.58,5.0,0.57,5.0,0.69,7.75,0.71,27.0,0.11,0.11,0.09583,1776182746000
1776182748.406,48.406,0.31,7.75,0.29,27.0,0.42,5.0,0.43,5.0,0.58,5.0,0.57,5.0,0.69,7.75,0.71,27.0,0.11,0.11,0.095826,1776182747000
1776182748.913,48.913,0.31,7.75,0.29,27.0,0.42,5.0,0.43,5.0,0.58,5.0,0.57,5.0,0.69,7.75,0.71,27.0,0.11,0.11,0.095826,1776182748000
1776182750.08,50.08,0.31,7.75,0.29,27.0,0.42,5.0,0.43,5.0,0.58,5.0,0.57,5.0,0.69,7.75,0.71,27.0,0.11,0.11,0.095823,1776182749000
1776182751.307,51.307,0.31,7.75,0.29,27.0,0.42,5.0,0.43,5.0,0.58,5.0,0.57,5.0,0.69,7.75,0.71,27.0,0.11,0.11,0.095841,1776182750000
1776182752.46,52.46,0.31,7.75,0.29,27.0,0.42,5.0,0.43,5.0,0.58,5.0,0.57,5.0,0.69,7.75,0.71,27.0,0.11,0.11,0.095839,1776182751000
1776182753.178,53.178,0.31,7.75,0.29,27.0,0.42,5.0,0.43,5.0,0.58,5.0,0.57,5.0,0.69,7.75,0.71,27.0,0.11,0.11,0.095839,1776182752000
1776182754.244,54.244,0.28,9.37,0.26,19.0,0.42,17.24,0.47,9.0,0.58,17.24,0.53,9.0,0.72,9.37,0.74,19.0,0.14,0.14,0.095836,1776182753000
1776182755.271,55.271,0.28,9.37,0.26,19.0,0.42,17.24,0.47,9.0,0.58,17.24,0.53,9.0,0.72,9.37,0.74,19.0,0.14,0.14,0.095821,1776182754000
1776182756.299,56.299,0.28,9.37,0.26,19.0,0.42,17.24,0.47,9.0,0.58,17.24,0.53,9.0,0.72,9.37,0.74,19.0,0.14,0.14,0.095811,1776182755000
1776182757.613,57.613,0.28,9.37,0.26,19.0,0.42,17.24,0.47,9.0,0.58,17.24,0.53,9.0,0.72,9.37,0.74,19.0,0.14,0.14,0.095812,1776182756000
1776182758.127,58.127,0.28,9.37,0.26,19.0,0.42,17.24,0.47,9.0,0.58,17.24,0.53,9.0,0.72,9.37,0.74,19.0,0.14,0.14,0.095817,1776182757000
1776182759.4,59.4,0.28,9.37,0.26,19.0,0.42,17.24,0.47,9.0,0.58,17.24,0.53,9.0,0.72,9.37,0.74,19.0,0.14,0.14,0.095818,1776182758000
1776182759.957,59.957,0.28,9.37,0.26,19.0,0.42,17.24,0.47,9.0,0.58,17.24,0.53,9.0,0.72,9.37,0.74,19.0,0.14,0.14,0.095819,1776182759000
1776182760.217,60.217,0.3,15.34,0.29,12.6,0.4,5.0,0.41,7.24,0.58,17.24,0.53,9.0,0.72,9.37,0.74,19.0,0.1,0.14,0.095819,1776182759000
1776182761.126,61.126,0.3,15.34,0.29,12.6,0.4,5.0,0.41,7.24,0.6,5.0,0.59,7.24,0.7,15.34,0.71,12.6,0.1,0.1,0.09582,1776182760000
1776182761.95,61.95,0.3,8.96,0.29,12.6,0.4,5.0,0.41,7.24,0.6,5.0,0.59,7.24,0.7,15.34,0.71,12.6,0.1,0.1,0.09582,1776182760000
1776182762.273,62.273,0.3,8.96,0.29,12.6,0.4,5.0,0.41,7.24,0.6,5.0,0.59,7.24,0.7,8.96,0.71,12.6,0.1,0.1,0.095819,1776182761000
1776182762.878,62.878,0.3,8.96,0.29,12.6,0.4,5.0,0.41,7.24,0.6,5.0,0.59,7.24,0.7,8.96,0.71,12.6,0.1,0.1,0.095815,1776182762000
1776182763.823,63.823,0.3,8.73,0.29,12.6,0.4,5.0,0.41,7.24,0.6,5.0,0.59,7.24,0.7,8.96,0.71,12.6,0.1,0.1,0.095815,1776182762000
1776182764.157,64.157,0.3,8.73,0.29,12.6,0.4,5.0,0.41,7.24,0.6,5.0,0.59,7.24,0.7,8.73,0.71,12.6,0.1,0.1,0.095815,1776182763000
1776182764.904,64.904,0.3,8.73,0.29,12.6,0.4,5.0,0.41,7.24,0.6,5.0,0.59,7.24,0.7,8.73,0.71,12.6,0.1,0.1,0.095815,1776182764000
1776182765.118,65.118,0.3,3.73,0.29,12.6,0.4,5.0,0.41,7.24,0.6,5.0,0.59,7.24,0.7,8.73,0.71,12.6,0.1,0.1,0.095815,1776182764000
1776182766.267,66.267,0.3,3.73,0.29,12.6,0.4,5.0,0.41,7.24,0.6,5.0,0.59,7.24,0.7,3.73,0.71,12.6,0.1,0.1,0.095823,1776182765000
1776182766.508,66.508,0.28,22.9,0.27,13.2,0.4,17.86,0.42,5.0,0.6,5.0,0.59,7.24,0.7,3.73,0.71,12.6,0.12,0.1,0.095823,1776182765000
1776182767.424,67.424,0.28,22.9,0.27,13.2,0.4,17.86,0.42,5.0,0.6,17.86,0.58,5.0,0.72,22.9,0.73,13.2,0.12,0.12,0.09582,1776182766000
1776182768.007,68.007,0.28,17.91,0.27,13.2,0.4,17.86,0.42,5.0,0.6,17.86,0.58,5.0,0.72,17.91,0.73,13.2,0.12,0.12,0.095815,1776182767000
1776182768.583,68.583,0.28,12.92,0.27,13.2,0.4,17.86,0.42,5.0,0.6,17.86,0.58,5.0,0.72,17.91,0.73,13.2,0.12,0.12,0.095815,1776182767000
1776182769.199,69.199,0.28,12.92,0.27,13.2,0.4,17.86,0.42,5.0,0.6,17.86,0.58,5.0,0.72,12.92,0.73,13.2,0.12,0.12,0.09581,1776182768000
1776182769.592,69.592,0.28,7.93,0.27,13.2,0.39,5.53,0.4,12.24,0.6,17.86,0.58,5.0,0.72,12.92,0.73,13.2,0.11,0.12,0.09581,1776182768000
1776182770.738,70.738,0.28,7.93,0.27,13.2,0.39,5.53,0.4,12.24,0.61,5.53,0.6,12.24,0.72,7.93,0.73,13.2,0.11,0.11,0.095811,1776182769000
1776182770.966,70.966,0.28,9.94,0.26,13.5,0.39,5.53,0.4,12.24,0.61,5.53,0.6,12.24,0.72,7.93,0.73,13.2,0.11,0.11,0.095811,1776182769000
1776182771.242,71.242,0.28,9.94,0.26,13.5,0.39,5.53,0.4,12.24,0.61,5.53,0.6,12.24,0.72,9.94,0.74,13.5,0.11,0.11,0.095809,1776182770000
1776182772.346,72.346,0.28,9.94,0.26,13.5,0.39,5.53,0.4,12.24,0.61,5.53,0.6,12.24,0.72,9.94,0.74,13.5,0.11,0.11,0.095809,1776182771000
1776182773.385,73.385,0.28,9.94,0.26,13.5,0.39,5.53,0.4,12.24,0.61,5.53,0.6,12.24,0.72,9.94,0.74,13.5,0.11,0.11,0.095809,1776182772000
1776182774.372,74.372,0.28,9.94,0.26,13.5,0.39,5.53,0.4,12.24,0.61,5.53,0.6,12.24,0.72,9.94,0.74,13.5,0.11,0.11,0.095819,1776182773000
1776182774.939,74.939,0.28,9.94,0.26,13.5,0.39,5.53,0.4,12.24,0.61,5.53,0.6,12.24,0.72,9.94,0.74,13.5,0.11,0.11,0.095819,1776182774000
1776182776.017,76.017,0.28,9.94,0.26,13.5,0.39,5.53,0.4,12.24,0.61,5.53,0.6,12.24,0.72,9.94,0.74,13.5,0.11,0.11,0.095808,1776182775000
1776182776.981,76.981,0.28,9.94,0.26,13.5,0.39,5.53,0.4,12.24,0.61,5.53,0.6,12.24,0.72,9.94,0.74,13.5,0.11,0.11,0.095794,1776182776000
1776182778.067,78.067,0.28,9.94,0.26,13.5,0.39,5.53,0.4,12.24,0.61,5.53,0.6,12.24,0.72,9.94,0.74,13.5,0.11,0.11,0.09578,1776182777000
1776182778.802,78.802,0.23,3.58,0.22,10.0,0.29,10.7,0.32,7.24,0.61,5.53,0.6,12.24,0.72,9.94,0.74,13.5,0.06,0.11,0.09578,1776182777000
1776182779.072,79.072,0.23,3.58,0.22,10.0,0.29,10.7,0.32,7.24,0.71,10.7,0.68,7.24,0.77,3.58,0.78,10.0,0.06,0.06,0.09578,1776182778000
1776182780.144,80.144,0.23,3.58,0.22,10.0,0.29,10.7,0.32,7.24,0.71,10.7,0.68,7.24,0.77,3.58,0.78,10.0,0.06,0.06,0.095783,1776182779000
1776182781.164,81.164,0.23,3.58,0.22,10.0,0.29,10.7,0.32,7.24,0.71,10.7,0.68,7.24,0.77,3.58,0.78,10.0,0.06,0.06,0.095783,1776182780000
1776182782.194,82.194,0.23,3.58,0.22,10.0,0.29,10.7,0.32,7.24,0.71,10.7,0.68,7.24,0.77,3.58,0.78,10.0,0.06,0.06,0.095787,1776182781000
1776182782.577,82.577,0.21,8.73,0.2,21.2,0.31,7.24,0.32,5.0,0.71,10.7,0.68,7.24,0.77,3.58,0.78,10.0,0.1,0.06,0.095787,1776182781000
1776182783.068,83.068,0.21,8.73,0.2,21.2,0.31,7.24,0.32,5.0,0.69,7.24,0.68,5.0,0.79,8.73,0.8,21.2,0.1,0.1,0.095782,1776182782000
1776182784.128,84.128,0.21,8.73,0.2,21.2,0.31,7.24,0.32,5.0,0.69,7.24,0.68,5.0,0.79,8.73,0.8,21.2,0.1,0.1,0.095782,1776182783000
1776182785.187,85.187,0.21,8.73,0.2,21.2,0.31,7.24,0.32,5.0,0.69,7.24,0.68,5.0,0.79,8.73,0.8,21.2,0.1,0.1,0.095781,1776182784000
1776182786.178,86.178,0.21,8.73,0.2,21.2,0.31,7.24,0.32,5.0,0.69,7.24,0.68,5.0,0.79,8.73,0.8,21.2,0.1,0.1,0.095781,1776182785000
1776182787.161,87.161,0.21,8.73,0.2,21.2,0.31,7.24,0.32,5.0,0.69,7.24,0.68,5.0,0.79,8.73,0.8,21.2,0.1,0.1,0.095781,1776182786000
1776182787.884,87.884,0.28,5.0,0.27,10.0,0.4,10.0,0.41,50.0,0.69,7.24,0.68,5.0,0.79,8.73,0.8,21.2,0.12,0.1,0.095781,1776182786000
1776182788.124,88.124,0.28,5.0,0.27,10.0,0.4,10.0,0.41,50.0,0.6,10.0,0.59,50.0,0.72,5.0,0.73,10.0,0.12,0.12,0.095786,1776182787000
1776182789.137,89.137,0.28,5.0,0.27,10.0,0.4,10.0,0.41,50.0,0.6,10.0,0.59,50.0,0.72,5.0,0.73,10.0,0.12,0.12,0.095796,1776182788000
1776182790.114,90.114,0.28,5.0,0.27,10.0,0.4,10.0,0.41,50.0,0.6,10.0,0.59,50.0,0.72,5.0,0.73,10.0,0.12,0.12,0.095812,1776182789000
1776182792.056,92.056,0.28,5.0,0.27,10.0,0.4,10.0,0.41,50.0,0.6,10.0,0.59,50.0,0.72,5.0,0.73,10.0,0.12,0.12,0.09582,1776182790000
1776182793.064,93.064,0.28,5.0,0.27,10.0,0.4,10.0,0.41,50.0,0.6,10.0,0.59,50.0,0.72,5.0,0.73,10.0,0.12,0.12,0.095819,1776182792000
1776182794.078,94.078,0.28,5.0,0.27,10.0,0.4,10.0,0.41,50.0,0.6,10.0,0.59,50.0,0.72,5.0,0.73,10.0,0.12,0.12,0.095834,1776182793000
1776182795.092,95.092,0.28,5.0,0.27,10.0,0.4,10.0,0.41,50.0,0.6,10.0,0.59,50.0,0.72,5.0,0.73,10.0,0.12,0.12,0.095829,1776182794000
1776182796.065,96.065,0.28,5.0,0.27,10.0,0.4,10.0,0.41,50.0,0.6,10.0,0.59,50.0,0.72,5.0,0.73,10.0,0.12,0.12,0.095815,1776182795000
1776182797.047,97.047,0.28,5.0,0.27,10.0,0.4,10.0,0.41,50.0,0.6,10.0,0.59,50.0,0.72,5.0,0.73,10.0,0.12,0.12,0.095811,1776182796000
1776182798.112,98.112,0.28,5.0,0.27,10.0,0.4,10.0,0.41,50.0,0.6,10.0,0.59,50.0,0.72,5.0,0.73,10.0,0.12,0.12,0.095798,1776182797000
1776182799.129,99.129,0.28,5.0,0.27,10.0,0.4,10.0,0.41,50.0,0.6,10.0,0.59,50.0,0.72,5.0,0.73,10.0,0.12,0.12,0.095798,1776182798000
1776182800.187,100.187,0.28,5.0,0.27,10.0,0.4,10.0,0.41,50.0,0.6,10.0,0.59,50.0,0.72,5.0,0.73,10.0,0.12,0.12,0.095794,1776182799000
1776182801.27,101.27,0.28,5.0,0.27,10.0,0.4,10.0,0.41,50.0,0.6,10.0,0.59,50.0,0.72,5.0,0.73,10.0,0.12,0.12,0.095798,1776182800000
1776182802.19,102.19,0.28,5.0,0.27,10.0,0.4,10.0,0.41,50.0,0.6,10.0,0.59,50.0,0.72,5.0,0.73,10.0,0.12,0.12,0.095801,1776182801000
1776182803.269,103.269,0.28,5.0,0.27,10.0,0.4,10.0,0.41,50.0,0.6,10.0,0.59,50.0,0.72,5.0,0.73,10.0,0.12,0.12,0.095809,1776182802000
1776182803.602,103.602,0.22,15.07,0.21,15.7,0.35,12.24,0.36,5.0,0.6,10.0,0.59,50.0,0.72,5.0,0.73,10.0,0.13,0.12,0.095809,1776182802000
1776182804.416,104.416,0.22,15.07,0.21,15.7,0.35,12.24,0.36,5.0,0.65,12.24,0.64,5.0,0.78,15.07,0.79,15.7,0.13,0.13,0.095783,1776182803000
1776182805.038,105.038,0.22,15.07,0.21,15.7,0.35,12.24,0.36,5.0,0.65,12.24,0.64,5.0,0.78,15.07,0.79,15.7,0.13,0.13,0.095788,1776182804000
1776182805.98,105.98,0.22,15.07,0.21,15.7,0.35,12.24,0.36,5.0,0.65,12.24,0.64,5.0,0.78,15.07,0.79,15.7,0.13,0.13,0.095792,1776182805000
1776182806.997,106.997,0.22,15.07,0.21,15.7,0.35,12.24,0.36,5.0,0.65,12.24,0.64,5.0,0.78,15.07,0.79,15.7,0.13,0.13,0.095791,1776182806000
1776182808.07,108.07,0.22,15.07,0.21,15.7,0.35,12.24,0.36,5.0,0.65,12.24,0.64,5.0,0.78,15.07,0.79,15.7,0.13,0.13,0.095796,1776182807000
1776182809.049,109.049,0.22,15.07,0.21,15.7,0.35,12.24,0.36,5.0,0.65,12.24,0.64,5.0,0.78,15.07,0.79,15.7,0.13,0.13,0.09579,1776182808000
1776182810.828,110.828,0.22,15.07,0.21,15.7,0.35,12.24,0.36,5.0,0.65,12.24,0.64,5.0,0.78,15.07,0.79,15.7,0.13,0.13,0.095786,1776182809000
1776182811.381,111.381,0.22,15.07,0.21,15.7,0.35,12.24,0.36,5.0,0.65,12.24,0.64,5.0,0.78,15.07,0.79,15.7,0.13,0.13,0.09579,1776182810000
1776182811.934,111.934,0.22,15.07,0.21,15.7,0.35,12.24,0.36,5.0,0.65,12.24,0.64,5.0,0.78,15.07,0.79,15.7,0.13,0.13,0.09579,1776182811000
1776182813.12,113.12,0.22,15.07,0.21,15.7,0.35,12.24,0.36,5.0,0.65,12.24,0.64,5.0,0.78,15.07,0.79,15.7,0.13,0.13,0.09579,1776182812000
1776182814.375,114.375,0.22,15.07,0.21,15.7,0.35,12.24,0.36,5.0,0.65,12.24,0.64,5.0,0.78,15.07,0.79,15.7,0.13,0.13,0.095794,1776182813000
1776182815.06,115.06,0.22,15.07,0.21,15.7,0.35,12.24,0.36,5.0,0.65,12.24,0.64,5.0,0.78,15.07,0.79,15.7,0.13,0.13,0.095794,1776182814000
1776182816.203,116.203,0.22,15.07,0.21,15.7,0.35,12.24,0.36,5.0,0.65,12.24,0.64,5.0,0.78,15.07,0.79,15.7,0.13,0.13,0.095794,1776182815000
1776182817.343,117.343,0.22,15.07,0.21,15.7,0.35,12.24,0.36,5.0,0.65,12.24,0.64,5.0,0.78,15.07,0.79,15.7,0.13,0.13,0.095794,1776182816000
1776182818.371,118.371,0.22,15.07,0.21,15.7,0.35,12.24,0.36,5.0,0.65,12.24,0.64,5.0,0.78,15.07,0.79,15.7,0.13,0.13,0.095792,1776182817000
1776182819.146,119.146,0.22,15.07,0.21,15.7,0.35,12.24,0.36,5.0,0.65,12.24,0.64,5.0,0.78,15.07,0.79,15.7,0.13,0.13,0.095797,1776182818000
1776182820.515,120.515,0.22,15.07,0.21,15.7,0.35,12.24,0.36,5.0,0.65,12.24,0.64,5.0,0.78,15.07,0.79,15.7,0.13,0.13,0.095797,1776182819000
1776182821.065,121.065,0.22,15.07,0.21,15.7,0.35,12.24,0.36,5.0,0.65,12.24,0.64,5.0,0.78,15.07,0.79,15.7,0.13,0.13,0.095797,1776182820000
1776182821.52,121.52,0.2,14.95,0.19,16.89,0.3,7.24,0.31,50.0,0.65,12.24,0.64,5.0,0.78,15.07,0.79,15.7,0.1,0.13,0.095797,1776182820000
1776182822.203,122.203,0.2,14.95,0.19,16.89,0.3,7.24,0.31,50.0,0.7,7.24,0.69,50.0,0.8,14.95,0.81,16.89,0.1,0.1,0.095791,1776182821000
1776182823.315,123.315,0.2,14.95,0.19,16.89,0.3,7.24,0.31,50.0,0.7,7.24,0.69,50.0,0.8,14.95,0.81,16.89,0.1,0.1,0.095791,1776182822000
1776182824.713,124.713,0.2,14.95,0.19,16.89,0.3,7.24,0.31,50.0,0.7,7.24,0.69,50.0,0.8,14.95,0.81,16.89,0.1,0.1,0.095791,1776182823000
1776182826.002,126.002,0.2,14.95,0.19,16.89,0.3,7.24,0.31,50.0,0.7,7.24,0.69,50.0,0.8,14.95,0.81,16.89,0.1,0.1,0.095792,1776182824000
1776182826.562,126.562,0.2,14.95,0.19,16.89,0.3,7.24,0.31,50.0,0.7,7.24,0.69,50.0,0.8,14.95,0.81,16.89,0.1,0.1,0.095792,1776182825000
1776182827.659,127.659,0.2,14.95,0.19,16.89,0.3,7.24,0.31,50.0,0.7,7.24,0.69,50.0,0.8,14.95,0.81,16.89,0.1,0.1,0.095794,1776182826000
1776182828.971,128.971,0.2,14.95,0.19,16.89,0.3,7.24,0.31,50.0,0.7,7.24,0.69,50.0,0.8,14.95,0.81,16.89,0.1,0.1,0.095793,1776182827000
1776182829.992,129.992,0.2,14.95,0.19,16.89,0.3,7.24,0.31,50.0,0.7,7.24,0.69,50.0,0.8,14.95,0.81,16.89,0.1,0.1,0.095793,1776182828000
1776182830.697,130.697,0.2,14.95,0.19,16.89,0.3,7.24,0.31,50.0,0.7,7.24,0.69,50.0,0.8,14.95,0.81,16.89,0.1,0.1,0.095791,1776182829000
1776182831.438,131.438,0.2,14.95,0.19,16.89,0.3,7.24,0.31,50.0,0.7,7.24,0.69,50.0,0.8,14.95,0.81,16.89,0.1,0.1,0.095791,1776182830000
1776182832.112,132.112,0.2,14.95,0.19,16.89,0.3,7.24,0.31,50.0,0.7,7.24,0.69,50.0,0.8,14.95,0.81,16.89,0.1,0.1,0.095803,1776182831000
1776182833.481,133.481,0.2,14.95,0.19,16.89,0.3,7.24,0.31,50.0,0.7,7.24,0.69,50.0,0.8,14.95,0.81,16.89,0.1,0.1,0.09581,1776182832000
1776182834.214,134.214,0.2,14.95,0.19,16.89,0.3,7.24,0.31,50.0,0.7,7.24,0.69,50.0,0.8,14.95,0.81,16.89,0.1,0.1,0.095828,1776182833000
1776182835.778,135.778,0.2,14.95,0.19,16.89,0.3,7.24,0.31,50.0,0.7,7.24,0.69,50.0,0.8,14.95,0.81,16.89,0.1,0.1,0.095853,1776182834000
1776182836.455,136.455,0.2,14.95,0.19,16.89,0.3,7.24,0.31,50.0,0.7,7.24,0.69,50.0,0.8,14.95,0.81,16.89,0.1,0.1,0.095857,1776182835000
1776182837.156,137.156,0.2,14.95,0.19,16.89,0.3,7.24,0.31,50.0,0.7,7.24,0.69,50.0,0.8,14.95,0.81,16.89,0.1,0.1,0.095862,1776182836000
1776182838.634,138.634,0.2,14.95,0.19,16.89,0.3,7.24,0.31,50.0,0.7,7.24,0.69,50.0,0.8,14.95,0.81,16.89,0.1,0.1,0.095865,1776182837000
1776182839.337,139.337,0.2,14.95,0.19,16.89,0.3,7.24,0.31,50.0,0.7,7.24,0.69,50.0,0.8,14.95,0.81,16.89,0.1,0.1,0.095862,1776182838000
1776182840.046,140.046,0.2,14.95,0.19,16.89,0.3,7.24,0.31,50.0,0.7,7.24,0.69,50.0,0.8,14.95,0.81,16.89,0.1,0.1,0.095848,1776182839000
1776182841.617,141.617,0.2,14.95,0.19,16.89,0.3,7.24,0.31,50.0,0.7,7.24,0.69,50.0,0.8,14.95,0.81,16.89,0.1,0.1,0.095836,1776182840000
1776182842.713,142.713,0.2,14.95,0.19,16.89,0.3,7.24,0.31,50.0,0.7,7.24,0.69,50.0,0.8,14.95,0.81,16.89,0.1,0.1,0.095833,1776182841000
1776182843.281,143.281,0.2,14.95,0.19,16.89,0.3,7.24,0.31,50.0,0.7,7.24,0.69,50.0,0.8,14.95,0.81,16.89,0.1,0.1,0.095833,1776182842000
1776182844.941,144.941,0.2,14.95,0.19,16.89,0.3,7.24,0.31,50.0,0.7,7.24,0.69,50.0,0.8,14.95,0.81,16.89,0.1,0.1,0.095834,1776182843000
1776182845.543,145.543,0.2,14.95,0.19,16.89,0.3,7.24,0.31,50.0,0.7,7.24,0.69,50.0,0.8,14.95,0.81,16.89,0.1,0.1,0.095834,1776182844000
1776182846.357,146.357,0.2,14.95,0.19,16.89,0.3,7.24,0.31,50.0,0.7,7.24,0.69,50.0,0.8,14.95,0.81,16.89,0.1,0.1,0.095834,1776182845000
1776182847.386,147.386,0.2,14.95,0.19,16.89,0.3,7.24,0.31,50.0,0.7,7.24,0.69,50.0,0.8,14.95,0.81,16.89,0.1,0.1,0.095834,1776182846000
1776182847.94,147.94,0.2,14.95,0.19,16.89,0.3,7.24,0.31,50.0,0.7,7.24,0.69,50.0,0.8,14.95,0.81,16.89,0.1,0.1,0.095834,1776182847000
1776182849.02,149.02,0.2,14.95,0.19,16.89,0.3,7.24,0.31,50.0,0.7,7.24,0.69,50.0,0.8,14.95,0.81,16.89,0.1,0.1,0.095835,1776182848000
1776182850.108,150.108,0.2,14.95,0.19,16.89,0.3,7.24,0.31,50.0,0.7,7.24,0.69,50.0,0.8,14.95,0.81,16.89,0.1,0.1,0.095833,1776182849000
1776182851.218,151.218,0.2,14.95,0.19,16.89,0.3,7.24,0.31,50.0,0.7,7.24,0.69,50.0,0.8,14.95,0.81,16.89,0.1,0.1,0.095835,1776182850000
1776182852.196,152.196,0.2,14.95,0.19,16.89,0.3,7.24,0.31,50.0,0.7,7.24,0.69,50.0,0.8,14.95,0.81,16.89,0.1,0.1,0.095834,1776182851000
1776182853.362,153.362,0.2,14.95,0.19,16.89,0.3,7.24,0.31,50.0,0.7,7.24,0.69,50.0,0.8,14.95,0.81,16.89,0.1,0.1,0.095834,1776182852000
1776182854.376,154.376,0.2,14.95,0.19,16.89,0.3,7.24,0.31,50.0,0.7,7.24,0.69,50.0,0.8,14.95,0.81,16.89,0.1,0.1,0.095834,1776182853000
1776182854.825,154.825,0.2,14.95,0.19,16.89,0.3,7.24,0.31,50.0,0.7,7.24,0.69,50.0,0.8,14.95,0.81,16.89,0.1,0.1,0.095834,1776182854000
1776182855.905,155.905,0.2,14.95,0.19,16.89,0.3,7.24,0.31,50.0,0.7,7.24,0.69,50.0,0.8,14.95,0.81,16.89,0.1,0.1,0.095837,1776182855000
1776182856.967,156.967,0.2,14.95,0.19,16.89,0.3,7.24,0.31,50.0,0.7,7.24,0.69,50.0,0.8,14.95,0.81,16.89,0.1,0.1,0.095864,1776182856000
1776182857.787,157.787,0.37,16.2,0.36,11.3,0.41,7.12,0.5,14.9,0.7,7.24,0.69,50.0,0.8,14.95,0.81,16.89,0.04,0.1,0.095864,1776182856000
1776182858.011,158.011,0.37,16.2,0.36,11.3,0.41,7.12,0.5,14.9,0.59,7.12,0.5,14.9,0.63,16.2,0.64,11.3,0.04,0.04,0.095872,1776182857000
1776182858.912,158.912,0.39,10.9,0.38,11.0,0.41,2.12,0.5,14.9,0.59,7.12,0.5,14.9,0.63,16.2,0.64,11.3,0.02,0.04,0.095872,1776182857000
1776182859.452,159.452,0.4,10.8,0.39,10.9,0.5,14.9,0.54,10.0,0.59,2.12,0.5,14.9,0.61,10.9,0.62,11.0,0.1,0.02,0.095881,1776182858000
1776182860.056,160.056,0.4,10.8,0.39,10.9,0.5,14.9,0.54,10.0,0.5,14.9,0.46,10.0,0.6,10.8,0.61,10.9,0.1,0.1,0.095881,1776182859000
1776182861.045,161.045,0.4,10.8,0.39,10.9,0.5,14.9,0.54,10.0,0.5,14.9,0.46,10.0,0.6,10.8,0.61,10.9,0.1,0.1,0.095882,1776182860000
1776182862.266,162.266,0.4,10.8,0.39,10.9,0.5,14.9,0.54,10.0,0.5,14.9,0.46,10.0,0.6,10.8,0.61,10.9,0.1,0.1,0.095881,1776182861000
1776182863.386,163.386,0.4,10.8,0.39,10.9,0.5,14.9,0.54,10.0,0.5,14.9,0.46,10.0,0.6,10.8,0.61,10.9,0.1,0.1,0.095883,1776182862000
1776182863.982,163.982,0.4,10.8,0.39,10.9,0.5,14.9,0.54,10.0,0.5,14.9,0.46,10.0,0.6,10.8,0.61,10.9,0.1,0.1,0.095879,1776182863000
1776182865.213,165.213,0.4,10.8,0.39,10.9,0.5,14.9,0.54,10.0,0.5,14.9,0.46,10.0,0.6,10.8,0.61,10.9,0.1,0.1,0.095866,1776182864000
1776182866.241,166.241,0.4,10.8,0.39,10.9,0.5,14.9,0.54,10.0,0.5,14.9,0.46,10.0,0.6,10.8,0.61,10.9,0.1,0.1,0.095863,1776182865000
1776182867.49,167.49,0.4,10.8,0.39,10.9,0.5,14.9,0.54,10.0,0.5,14.9,0.46,10.0,0.6,10.8,0.61,10.9,0.1,0.1,0.095862,1776182866000
1776182867.922,167.922,0.4,10.8,0.39,10.9,0.5,14.9,0.54,10.0,0.5,14.9,0.46,10.0,0.6,10.8,0.61,10.9,0.1,0.1,0.095862,1776182867000
1776182869.152,169.152,0.4,10.8,0.39,10.9,0.5,14.9,0.54,10.0,0.5,14.9,0.46,10.0,0.6,10.8,0.61,10.9,0.1,0.1,0.095861,1776182868000
1776182870.321,170.321,0.4,10.8,0.39,10.9,0.5,14.9,0.54,10.0,0.5,14.9,0.46,10.0,0.6,10.8,0.61,10.9,0.1,0.1,0.09586,1776182869000
1776182871.51,171.51,0.4,10.8,0.39,10.9,0.5,14.9,0.54,10.0,0.5,14.9,0.46,10.0,0.6,10.8,0.61,10.9,0.1,0.1,0.095862,1776182870000
1776182871.98,171.98,0.4,10.8,0.39,10.9,0.5,14.9,0.54,10.0,0.5,14.9,0.46,10.0,0.6,10.8,0.61,10.9,0.1,0.1,0.095867,1776182871000
1776182873.171,173.171,0.4,10.8,0.39,10.9,0.5,14.9,0.54,10.0,0.5,14.9,0.46,10.0,0.6,10.8,0.61,10.9,0.1,0.1,0.095867,1776182872000
1776182874.292,174.292,0.4,10.8,0.39,10.9,0.5,14.9,0.54,10.0,0.5,14.9,0.46,10.0,0.6,10.8,0.61,10.9,0.1,0.1,0.095867,1776182873000
1776182875.89,175.89,0.4,10.8,0.39,10.9,0.5,14.9,0.54,10.0,0.5,14.9,0.46,10.0,0.6,10.8,0.61,10.9,0.1,0.1,0.09587,1776182874000
1776182876.149,176.149,0.33,11.8,0.32,11.9,0.48,4.5,0.5,22.14,0.5,14.9,0.46,10.0,0.6,10.8,0.61,10.9,0.15,0.1,0.09587,1776182874000
1776182876.371,176.371,0.33,11.8,0.32,11.9,0.48,4.5,0.5,22.14,0.52,4.5,0.5,22.14,0.67,11.8,0.68,11.9,0.15,0.15,0.095869,1776182875000
1776182876.911,176.911,0.33,11.8,0.32,11.9,0.48,4.5,0.5,22.14,0.52,4.5,0.5,22.14,0.67,11.8,0.68,11.9,0.15,0.15,0.095869,1776182876000
1776182877.888,177.888,0.33,11.8,0.32,11.9,0.48,4.5,0.5,22.14,0.52,4.5,0.5,22.14,0.67,11.8,0.68,11.9,0.15,0.15,0.095869,1776182877000
1776182878.975,178.975,0.33,11.8,0.32,11.9,0.48,4.5,0.5,22.14,0.52,4.5,0.5,22.14,0.67,11.8,0.68,11.9,0.15,0.15,0.095865,1776182878000
1776182879.452,179.452,0.33,11.8,0.32,11.9,0.48,2.75,0.49,7.24,0.52,4.5,0.5,22.14,0.67,11.8,0.68,11.9,0.15,0.15,0.095865,1776182878000
1776182879.988,179.988,0.33,11.8,0.32,11.9,0.48,2.75,0.49,7.24,0.52,2.75,0.51,7.24,0.67,11.8,0.68,11.9,0.15,0.15,0.095865,1776182879000
1776182881.003,181.003,0.33,11.8,0.32,11.9,0.48,2.75,0.49,7.24,0.52,2.75,0.51,7.24,0.67,11.8,0.68,11.9,0.15,0.15,0.095865,1776182880000
1776182882.0,182.0,0.33,11.8,0.32,11.9,0.48,2.75,0.49,7.24,0.52,2.75,0.51,7.24,0.67,11.8,0.68,11.9,0.15,0.15,0.095862,1776182881000
1776182883.069,183.069,0.33,11.8,0.32,11.9,0.48,2.75,0.49,7.24,0.52,2.75,0.51,7.24,0.67,11.8,0.68,11.9,0.15,0.15,0.095862,1776182882000
1776182884.145,184.145,0.33,11.8,0.32,11.9,0.48,2.75,0.49,7.24,0.52,2.75,0.51,7.24,0.67,11.8,0.68,11.9,0.15,0.15,0.095864,1776182883000
1776182885.098,185.098,0.33,11.8,0.32,11.9,0.48,2.75,0.49,7.24,0.52,2.75,0.51,7.24,0.67,11.8,0.68,11.9,0.15,0.15,0.095865,1776182884000
1776182886.133,186.133,0.33,11.8,0.32,11.9,0.48,2.75,0.49,7.24,0.52,2.75,0.51,7.24,0.67,11.8,0.68,11.9,0.15,0.15,0.095867,1776182885000
1776182887.1,187.1,0.33,11.8,0.32,11.9,0.48,2.75,0.49,7.24,0.52,2.75,0.51,7.24,0.67,11.8,0.68,11.9,0.15,0.15,0.095868,1776182886000
1776182888.156,188.156,0.33,11.8,0.32,11.9,0.48,2.75,0.49,7.24,0.52,2.75,0.51,7.24,0.67,11.8,0.68,11.9,0.15,0.15,0.095866,1776182887000
1776182888.99,188.99,0.33,11.8,0.32,11.9,0.48,2.75,0.49,7.24,0.52,2.75,0.51,7.24,0.67,11.8,0.68,11.9,0.15,0.15,0.095867,1776182888000
1776182890.015,190.015,0.33,11.8,0.32,11.9,0.48,2.75,0.49,7.24,0.52,2.75,0.51,7.24,0.67,11.8,0.68,11.9,0.15,0.15,0.095865,1776182889000
1776182890.951,190.951,0.49,25.0,0.48,14.05,0.5,9.9,0.63,5.0,0.52,2.75,0.51,7.24,0.67,11.8,0.68,11.9,0.01,0.15,0.095865,1776182889000
1776182892.323,192.323,0.49,25.0,0.48,14.05,0.5,5.08,0.63,5.0,0.5,5.08,0.37,5.0,0.51,25.0,0.52,14.05,0.01,0.01,0.095885,1776182891000
1776182892.714,192.714,0.5,19.92,0.49,15.0,0.63,5.0,0.66,5.0,0.5,5.08,0.37,5.0,0.51,15.0,0.52,14.05,0.13,0.01,0.095885,1776182891000
1776182893.297,193.297,0.5,19.92,0.49,15.0,0.63,5.0,0.66,5.0,0.37,5.0,0.34,5.0,0.5,19.92,0.51,15.0,0.13,0.13,0.095904,1776182892000
1776182894.391,194.391,0.5,19.92,0.49,15.0,0.63,5.0,0.66,5.0,0.37,5.0,0.34,5.0,0.5,19.92,0.51,15.0,0.13,0.13,0.09592,1776182893000
1776182895.453,195.453,0.5,19.92,0.49,15.0,0.63,5.0,0.66,5.0,0.37,5.0,0.34,5.0,0.5,19.92,0.51,15.0,0.13,0.13,0.095919,1776182894000
1776182895.961,195.961,0.5,19.92,0.49,15.0,0.63,5.0,0.66,5.0,0.37,5.0,0.34,5.0,0.5,19.92,0.51,15.0,0.13,0.13,0.095919,1776182895000
1776182897.044,197.044,0.5,19.92,0.49,15.0,0.63,5.0,0.66,5.0,0.37,5.0,0.34,5.0,0.5,19.92,0.51,15.0,0.13,0.13,0.095918,1776182896000
1776182898.009,198.009,0.5,19.92,0.49,15.0,0.63,5.0,0.66,5.0,0.37,5.0,0.34,5.0,0.5,19.92,0.51,15.0,0.13,0.13,0.095922,1776182897000
1776182899.146,199.146,0.5,19.92,0.49,15.0,0.63,5.0,0.66,5.0,0.37,5.0,0.34,5.0,0.5,19.92,0.51,15.0,0.13,0.13,0.095921,1776182898000
1776182900.099,200.099,0.5,19.92,0.49,15.0,0.63,5.0,0.66,5.0,0.37,5.0,0.34,5.0,0.5,19.92,0.51,15.0,0.13,0.13,0.095922,1776182899000
1776182901.226,201.226,0.5,19.92,0.49,15.0,0.63,5.0,0.66,5.0,0.37,5.0,0.34,5.0,0.5,19.92,0.51,15.0,0.13,0.13,0.095942,1776182900000
1776182904.485,204.485,0.5,19.92,0.49,15.0,0.63,5.0,0.66,5.0,0.37,5.0,0.34,5.0,0.5,19.92,0.51,15.0,0.13,0.13,0.09595,1776182901000
1776182904.985,204.985,0.5,19.92,0.49,15.0,0.63,5.0,0.66,5.0,0.37,5.0,0.34,5.0,0.5,19.92,0.51,15.0,0.13,0.13,0.095941,1776182904000
1776182906.005,206.005,0.5,19.92,0.49,15.0,0.63,5.0,0.66,5.0,0.37,5.0,0.34,5.0,0.5,19.92,0.51,15.0,0.13,0.13,0.095939,1776182905000
1776182906.952,206.952,0.5,19.92,0.49,15.0,0.63,5.0,0.66,5.0,0.37,5.0,0.34,5.0,0.5,19.92,0.51,15.0,0.13,0.13,0.095937,1776182906000
1776182907.41,207.41,0.62,11.0,0.61,10.9,0.71,45.0,0.76,5.0,0.37,5.0,0.34,5.0,0.5,19.92,0.51,15.0,0.09,0.13,0.095937,1776182906000
1776182907.664,207.664,0.5,13.98,0.48,5.0,0.71,45.0,0.81,50.0,0.29,45.0,0.24,5.0,0.38,11.0,0.39,10.9,0.21,0.09,0.095937,1776182906000
1776182907.975,207.975,0.5,8.04,0.48,5.0,0.71,45.0,0.81,50.0,0.29,45.0,0.19,50.0,0.5,8.04,0.52,5.0,0.21,0.21,0.095935,1776182907000
1776182908.883,208.883,0.5,8.04,0.48,5.0,0.71,45.0,0.81,50.0,0.29,45.0,0.19,50.0,0.5,8.04,0.52,5.0,0.21,0.21,0.095935,1776182908000
1776182909.291,209.291,0.55,10.0,0.51,50.0,0.71,2.95,0.74,5.0,0.29,45.0,0.19,50.0,0.5,8.04,0.52,5.0,0.16,0.21,0.095935,1776182908000
1776182909.916,209.916,0.55,10.0,0.51,50.0,0.71,2.95,0.74,5.0,0.29,2.95,0.26,5.0,0.45,10.0,0.49,50.0,0.16,0.16,0.095917,1776182909000
1776182910.704,210.704,0.5,3.16,0.48,5.0,0.69,5.0,0.7,5.0,0.29,2.95,0.26,5.0,0.45,10.0,0.49,50.0,0.19,0.16,0.095917,1776182909000
1776182911.371,211.371,0.5,3.16,0.48,5.0,0.69,5.0,0.7,5.0,0.31,5.0,0.3,5.0,0.5,3.16,0.52,5.0,0.19,0.19,0.095913,1776182910000
1776182912.323,212.323,0.5,3.16,0.48,5.0,0.69,5.0,0.7,5.0,0.31,5.0,0.3,5.0,0.5,3.16,0.52,5.0,0.19,0.19,0.095923,1776182911000
1776182913.351,213.351,0.5,3.16,0.48,5.0,0.69,5.0,0.7,5.0,0.31,5.0,0.3,5.0,0.5,3.16,0.52,5.0,0.19,0.19,0.095923,1776182912000
1776182914.329,214.329,0.5,3.16,0.48,5.0,0.69,5.0,0.7,5.0,0.31,5.0,0.3,5.0,0.5,3.16,0.52,5.0,0.19,0.19,0.095908,1776182913000
1776182915.293,215.293,0.5,3.16,0.48,5.0,0.69,5.0,0.7,5.0,0.31,5.0,0.3,5.0,0.5,3.16,0.52,5.0,0.19,0.19,0.095908,1776182914000
1776182916.278,216.278,0.5,3.16,0.48,5.0,0.69,5.0,0.7,5.0,0.31,5.0,0.3,5.0,0.5,3.16,0.52,5.0,0.19,0.19,0.09592,1776182915000
1776182916.631,216.631,0.51,50.0,0.5,25.16,0.76,5.0,0.77,21.0,0.31,5.0,0.3,5.0,0.5,3.16,0.52,5.0,0.25,0.19,0.09592,1776182915000
1776182917.842,217.842,0.51,50.0,0.5,25.16,0.76,5.0,0.77,21.0,0.24,5.0,0.23,21.0,0.49,50.0,0.5,25.16,0.25,0.25,0.095909,1776182916000
1776182918.317,218.317,0.51,50.0,0.5,25.16,0.76,5.0,0.77,21.0,0.24,5.0,0.23,21.0,0.49,50.0,0.5,25.16,0.25,0.25,0.095931,1776182917000
1776182919.237,219.237,0.51,50.0,0.5,25.16,0.76,5.0,0.77,21.0,0.24,5.0,0.23,21.0,0.49,50.0,0.5,25.16,0.25,0.25,0.095938,1776182918000
1776182920.352,220.352,0.51,50.0,0.5,25.16,0.76,5.0,0.77,21.0,0.24,5.0,0.23,21.0,0.49,50.0,0.5,25.16,0.25,0.25,0.095939,1776182919000
1776182921.134,221.134,0.51,50.0,0.5,25.16,0.76,5.0,0.77,21.0,0.24,5.0,0.23,21.0,0.49,50.0,0.5,25.16,0.25,0.25,0.095942,1776182920000
1776182922.129,222.129,0.51,50.0,0.5,25.16,0.76,5.0,0.77,21.0,0.24,5.0,0.23,21.0,0.49,50.0,0.5,25.16,0.25,0.25,0.095964,1776182921000
1776182923.046,223.046,0.51,50.0,0.5,25.16,0.76,5.0,0.77,21.0,0.24,5.0,0.23,21.0,0.49,50.0,0.5,25.16,0.25,0.25,0.095969,1776182922000
1776182924.01,224.01,0.51,50.0,0.5,25.16,0.76,5.0,0.77,21.0,0.24,5.0,0.23,21.0,0.49,50.0,0.5,25.16,0.25,0.25,0.095969,1776182923000
1776182924.942,224.942,0.51,50.0,0.5,25.16,0.76,5.0,0.77,21.0,0.24,5.0,0.23,21.0,0.49,50.0,0.5,25.16,0.25,0.25,0.095997,1776182924000
1776182925.862,225.862,0.81,16.0,0.76,5.0,0.82,21.93,0.93,39.9,0.24,5.0,0.23,21.0,0.49,50.0,0.5,25.16,0.01,0.25,0.095997,1776182924000
1776182926.098,226.098,0.81,16.0,0.76,5.0,0.82,9.74,0.93,54.9,0.18,21.93,0.07,39.9,0.19,16.0,0.24,5.0,0.01,0.01,0.095997,1776182925000
1776182926.881,226.881,0.81,16.0,0.76,5.0,0.82,3.65,0.93,54.9,0.18,3.65,0.07,54.9,0.19,16.0,0.24,5.0,0.01,0.01,0.095989,1776182926000
1776182927.918,227.918,0.81,16.0,0.76,5.0,0.82,3.65,0.93,54.9,0.18,3.65,0.07,54.9,0.19,16.0,0.24,5.0,0.01,0.01,0.096006,1776182927000
1776182929.116,229.116,0.81,16.0,0.76,5.0,0.82,3.65,0.93,54.9,0.18,3.65,0.07,54.9,0.19,16.0,0.24,5.0,0.01,0.01,0.096006,1776182928000
1776182929.74,229.74,0.81,50.0,0.71,50.0,0.94,24.82,0.95,74.7,0.18,3.65,0.07,54.9,0.19,16.0,0.24,5.0,0.13,0.01,0.096006,1776182928000
1776182930.501,230.501,0.81,50.0,0.71,50.0,0.94,24.82,0.95,74.7,0.06,24.82,0.05,74.7,0.19,50.0,0.29,50.0,0.13,0.13,0.09601,1776182929000
1776182931.252,231.252,0.81,50.0,0.71,50.0,0.94,24.82,0.95,74.7,0.06,24.82,0.05,74.7,0.19,50.0,0.29,50.0,0.13,0.13,0.096003,1776182930000
1776182932.397,232.397,0.81,50.0,0.71,50.0,0.94,24.82,0.95,74.7,0.06,24.82,0.05,74.7,0.19,50.0,0.29,50.0,0.13,0.13,0.096022,1776182931000
1776182933.115,233.115,0.81,50.0,0.71,50.0,0.94,24.82,0.95,74.7,0.06,24.82,0.05,74.7,0.19,50.0,0.29,50.0,0.13,0.13,0.09603,1776182932000
1776182934.3,234.3,0.81,56.0,0.71,62.6,0.95,52.75,0.96,72.7,0.06,24.82,0.05,74.7,0.19,50.0,0.29,50.0,0.14,0.13,0.09603,1776182932000
1776182935.071,235.071,0.81,56.0,0.71,62.6,0.95,52.75,0.96,72.7,0.05,52.75,0.04,72.7,0.19,56.0,0.29,62.6,0.14,0.14,0.09602,1776182934000
1776182936.247,236.247,0.81,56.0,0.71,62.6,0.95,52.75,0.96,72.7,0.05,52.75,0.04,72.7,0.19,56.0,0.29,62.6,0.14,0.14,0.096024,1776182935000
1776182937.523,237.523,0.81,56.0,0.71,62.6,0.95,52.75,0.96,72.7,0.05,52.75,0.04,72.7,0.19,56.0,0.29,62.6,0.14,0.14,0.09604,1776182936000
1776182938.091,238.091,0.81,56.0,0.71,62.6,0.95,52.75,0.96,72.7,0.05,52.75,0.04,72.7,0.19,56.0,0.29,62.6,0.14,0.14,0.096041,1776182937000
1776182940.834,240.834,0.88,5.0,0.82,17.6,0.96,3.95,0.97,89.3,0.05,52.75,0.04,72.7,0.19,56.0,0.29,62.6,0.08,0.14,0.096041,1776182937000
1776182942.671,242.671,0.88,5.0,0.85,20.39,0.96,2.66,0.97,89.3,0.04,3.95,0.03,89.3,0.12,5.0,0.18,17.6,0.08,0.08,0.096041,1776182937000
1776182943.6,243.6,0.88,5.0,0.85,20.39,0.96,2.66,0.97,89.3,0.04,2.66,0.03,89.3,0.12,5.0,0.15,20.39,0.08,0.08,0.096038,1776182938000
1776182943.982,243.982,0.88,5.0,0.85,20.39,0.96,2.66,0.97,89.3,0.04,2.66,0.03,89.3,0.12,5.0,0.15,20.39,0.08,0.08,0.096035,1776182939000
1776182944.252,244.252,0.88,5.0,0.85,20.39,0.96,2.66,0.97,89.3,0.04,2.66,0.03,89.3,0.12,5.0,0.15,20.39,0.08,0.08,0.096035,1776182940000
1776182944.453,244.453,0.88,5.0,0.85,20.39,0.96,2.66,0.97,89.3,0.04,2.66,0.03,89.3,0.12,5.0,0.15,20.39,0.08,0.08,0.096035,1776182943000
1776182945.028,245.028,0.88,5.0,0.85,20.39,0.96,2.66,0.97,89.3,0.04,2.66,0.03,89.3,0.12,5.0,0.15,20.39,0.08,0.08,0.096035,1776182944000
1776182946.555,246.555,0.88,5.0,0.85,20.39,0.96,2.66,0.97,89.3,0.04,2.66,0.03,89.3,0.12,5.0,0.15,20.39,0.08,0.08,0.096025,1776182945000
1776182947.044,247.044,0.88,5.0,0.85,20.39,0.96,2.66,0.97,89.3,0.04,2.66,0.03,89.3,0.12,5.0,0.15,20.39,0.08,0.08,0.096024,1776182946000
1776182947.402,247.402,0.95,5.0,0.88,5.0,0.96,69.31,0.97,89.3,0.04,2.66,0.03,89.3,0.12,5.0,0.15,20.39,0.01,0.08,0.096024,1776182946000
1776182948.075,248.075,0.95,5.0,0.88,5.0,0.96,69.31,0.97,89.3,0.04,69.31,0.03,89.3,0.05,5.0,0.12,5.0,0.01,0.01,0.096016,1776182947000
1776182948.994,248.994,0.89,26.6,0.88,29.6,0.95,49.7,0.96,74.31,0.04,69.31,0.03,89.3,0.05,5.0,0.12,5.0,0.06,0.01,0.096016,1776182947000
1776182950.23,250.23,0.89,26.6,0.88,29.6,0.95,49.7,0.96,74.31,0.05,49.7,0.04,74.31,0.11,26.6,0.12,29.6,0.06,0.06,0.096015,1776182949000
1776182951.295,251.295,0.89,26.6,0.88,29.6,0.95,49.7,0.96,74.31,0.05,49.7,0.04,74.31,0.11,26.6,0.12,29.6,0.06,0.06,0.096013,1776182950000
1776182952.411,252.411,0.89,26.6,0.88,29.6,0.95,49.7,0.96,74.31,0.05,49.7,0.04,74.31,0.11,26.6,0.12,29.6,0.06,0.06,0.095994,1776182951000
1776182953.017,253.017,0.89,26.6,0.88,29.6,0.95,49.7,0.96,74.31,0.05,49.7,0.04,74.31,0.11,26.6,0.12,29.6,0.06,0.06,0.095993,1776182952000
1776182954.066,254.066,0.89,26.6,0.88,29.6,0.95,49.7,0.96,74.31,0.05,49.7,0.04,74.31,0.11,26.6,0.12,29.6,0.06,0.06,0.095982,1776182953000
1776182955.108,255.108,0.89,26.6,0.88,29.6,0.95,49.7,0.96,74.31,0.05,49.7,0.04,74.31,0.11,26.6,0.12,29.6,0.06,0.06,0.095971,1776182954000
1776182956.085,256.085,0.89,26.6,0.88,29.6,0.95,49.7,0.96,74.31,0.05,49.7,0.04,74.31,0.11,26.6,0.12,29.6,0.06,0.06,0.09597,1776182955000
1776182957.125,257.125,0.89,26.6,0.88,29.6,0.95,49.7,0.96,74.31,0.05,49.7,0.04,74.31,0.11,26.6,0.12,29.6,0.06,0.06,0.095969,1776182956000
1776182958.101,258.101,0.89,26.6,0.88,29.6,0.95,49.7,0.96,74.31,0.05,49.7,0.04,74.31,0.11,26.6,0.12,29.6,0.06,0.06,0.095937,1776182957000
1776182959.153,259.153,0.89,26.6,0.88,29.6,0.95,49.7,0.96,74.31,0.05,49.7,0.04,74.31,0.11,26.6,0.12,29.6,0.06,0.06,0.095938,1776182958000
1776182959.815,259.815,0.69,8.58,0.68,11.9,0.84,19.3,0.85,20.39,0.05,49.7,0.04,74.31,0.11,26.6,0.12,29.6,0.15,0.06,0.095938,1776182958000
1776182960.328,260.328,0.69,8.58,0.68,11.9,0.84,19.3,0.85,20.39,0.16,19.3,0.15,20.39,0.31,8.58,0.32,11.9,0.15,0.15,0.095938,1776182959000
1776182960.966,260.966,0.69,8.58,0.68,11.9,0.84,19.3,0.85,20.39,0.16,19.3,0.15,20.39,0.31,8.58,0.32,11.9,0.15,0.15,0.095942,1776182960000
1776182962.045,262.045,0.69,8.58,0.68,11.9,0.84,19.3,0.85,20.39,0.16,19.3,0.15,20.39,0.31,8.58,0.32,11.9,0.15,0.15,0.095942,1776182961000
1776182963.257,263.257,0.69,8.58,0.68,11.9,0.84,19.3,0.85,20.39,0.16,19.3,0.15,20.39,0.31,8.58,0.32,11.9,0.15,0.15,0.095946,1776182962000
1776182964.401,264.401,0.69,8.58,0.68,11.9,0.84,19.3,0.85,20.39,0.16,19.3,0.15,20.39,0.31,8.58,0.32,11.9,0.15,0.15,0.095967,1776182963000
1776182964.966,264.966,0.69,8.58,0.68,11.9,0.84,19.3,0.85,20.39,0.16,19.3,0.15,20.39,0.31,8.58,0.32,11.9,0.15,0.15,0.095969,1776182964000
1776182966.065,266.065,0.69,8.58,0.68,11.9,0.84,19.3,0.85,20.39,0.16,19.3,0.15,20.39,0.31,8.58,0.32,11.9,0.15,0.15,0.095971,1776182965000
1776182967.187,267.187,0.69,8.58,0.68,11.9,0.84,19.3,0.85,20.39,0.16,19.3,0.15,20.39,0.31,8.58,0.32,11.9,0.15,0.15,0.095987,1776182966000
1776182968.249,268.249,0.69,8.58,0.68,11.9,0.84,19.3,0.85,20.39,0.16,19.3,0.15,20.39,0.31,8.58,0.32,11.9,0.15,0.15,0.095988,1776182967000
1776182969.36,269.36,0.91,5.52,0.85,5.0,0.97,74.57,0.98,147.69,0.03,74.57,0.02,147.69,0.09,5.52,0.15,5.0,0.06,0.06,0.095988,1776182968000
1776182969.884,269.884,0.91,5.52,0.85,5.0,0.97,74.57,0.98,147.69,0.03,74.57,0.02,147.69,0.09,5.52,0.15,5.0,0.06,0.06,0.095988,1776182969000
1776182971.049,271.049,0.91,5.52,0.85,5.0,0.97,74.57,0.98,147.69,0.03,74.57,0.02,147.69,0.09,5.52,0.15,5.0,0.06,0.06,0.095987,1776182970000
1776182971.511,271.511,0.91,5.52,0.88,24.6,0.98,13.97,0.99,5454.49,0.03,74.57,0.02,147.69,0.09,5.52,0.15,5.0,0.07,0.06,0.095987,1776182970000
1776182972.097,272.097,0.91,5.52,0.88,24.6,0.98,13.97,0.99,5454.49,0.02,13.97,0.01,5454.49,0.09,5.52,0.12,24.6,0.07,0.07,0.095984,1776182971000
1776182973.184,273.184,0.91,37.22,0.9,28.9,0.98,57.97,0.99,5454.49,0.02,13.97,0.01,5454.49,0.09,5.52,0.12,24.6,0.07,0.07,0.095984,1776182971000
1776182973.609,273.609,0.92,35.29,0.91,37.22,0.98,6.94,0.99,5454.49,0.02,57.97,0.01,5454.49,0.09,37.22,0.1,28.9,0.06,0.07,0.096002,1776182972000
1776182973.871,273.871,0.92,35.29,0.91,37.22,0.99,5454.22,,,0.02,6.94,0.01,5454.49,0.08,35.29,0.09,37.22,0.07,0.06,0.096002,1776182972000
1776182974.166,274.166,0.93,39.9,0.92,35.29,0.99,5449.16,,,0.01,5454.22,,,0.08,35.29,0.09,37.22,0.06,0.07,0.096002,1776182972000
1776182974.843,274.843,0.93,39.9,0.92,35.29,0.99,5449.16,,,0.01,5449.16,,,0.07,39.9,0.08,35.29,0.06,0.06,0.096018,1776182973000
1776182975.558,275.558,0.91,5.52,0.86,5.0,0.93,4.25,0.99,5186.56,0.02,127.63,0.01,5449.16,0.09,37.22,0.1,28.9,0.02,0.07,0.096018,1776182973000
1776182975.785,275.785,0.91,5.52,0.86,5.0,0.93,3.17,0.99,5186.56,0.07,3.17,0.01,5186.56,0.09,5.52,0.14,5.0,0.02,0.02,0.096001,1776182974000
1776182976.589,276.589,0.91,5.52,0.86,5.0,0.93,3.17,0.99,5186.56,0.07,3.17,0.01,5186.56,0.09,5.52,0.14,5.0,0.02,0.02,0.096002,1776182975000
1776182977.556,277.556,0.91,5.52,0.86,5.0,0.93,3.17,0.99,5186.56,0.07,3.17,0.01,5186.56,0.09,5.52,0.14,5.0,0.02,0.02,0.09598,1776182976000
1776182978.204,278.204,0.91,5.52,0.86,5.0,0.93,3.17,0.99,5186.56,0.07,3.17,0.01,5186.56,0.09,5.52,0.14,5.0,0.02,0.02,0.095988,1776182977000
1776182979.595,279.595,0.91,5.52,0.86,5.0,0.93,3.17,0.99,5186.56,0.07,3.17,0.01,5186.56,0.09,5.52,0.14,5.0,0.02,0.02,0.095987,1776182978000
1776182980.497,280.497,0.91,5.52,0.86,5.0,0.93,3.17,0.99,5186.56,0.07,3.17,0.01,5186.56,0.09,5.52,0.14,5.0,0.02,0.02,0.095985,1776182979000
1776182981.163,281.163,0.91,5.52,0.86,5.0,0.93,3.17,0.99,5186.56,0.07,3.17,0.01,5186.56,0.09,5.52,0.14,5.0,0.02,0.02,0.095979,1776182980000
1776182982.398,282.398,0.91,5.52,0.86,5.0,0.93,3.17,0.99,5186.56,0.07,3.17,0.01,5186.56,0.09,5.52,0.14,5.0,0.02,0.02,0.095963,1776182981000
1776182983.314,283.314,0.91,5.52,0.86,5.0,0.93,3.17,0.99,5186.56,0.07,3.17,0.01,5186.56,0.09,5.52,0.14,5.0,0.02,0.02,0.095963,1776182982000
1776182984.583,284.583,0.91,5.52,0.87,5.0,0.99,5108.32,,,0.07,3.17,0.01,5186.56,0.09,5.52,0.14,5.0,0.08,0.02,0.095963,1776182982000
1776182985.331,285.331,0.91,5.52,0.87,5.0,0.99,5108.32,,,0.01,5108.32,,,0.09,5.52,0.13,5.0,0.08,0.08,0.095978,1776182984000
1776182986.819,286.819,0.91,5.52,0.87,5.0,0.99,5094.4,,,0.01,5094.4,,,0.09,5.52,0.13,5.0,0.08,0.08,0.095977,1776182985000
1776182987.409,287.409,0.91,5.52,0.87,5.0,0.99,5094.4,,,0.01,5094.4,,,0.09,5.52,0.13,5.0,0.08,0.08,0.09597,1776182986000
1776182988.163,288.163,0.91,5.52,0.87,5.0,0.99,5094.4,,,0.01,5094.4,,,0.09,5.52,0.13,5.0,0.08,0.08,0.09597,1776182987000
1776182989.458,289.458,0.91,5.52,0.87,5.0,0.99,5094.4,,,0.01,5094.4,,,0.09,5.52,0.13,5.0,0.08,0.08,0.095975,1776182988000
1776182990.163,290.163,0.91,5.52,0.87,5.0,0.99,5094.4,,,0.01,5094.4,,,0.09,5.52,0.13,5.0,0.08,0.08,0.095975,1776182989000
1776182990.515,290.515,0.91,5.52,0.89,5.0,0.99,192.56,,,0.01,5094.4,,,0.09,5.52,0.13,5.0,0.08,0.08,0.095975,1776182989000
1776182990.97,290.97,0.91,5.52,0.89,5.0,0.99,191.54,,,0.01,192.56,,,0.09,5.52,0.11,5.0,0.08,0.08,0.095975,1776182989000
1776182991.501,291.501,0.91,5.52,0.89,5.0,0.99,191.54,,,0.01,191.54,,,0.09,5.52,0.11,5.0,0.08,0.08,0.095975,1776182990000
1776182992.208,292.208,0.91,5.52,0.89,5.0,0.99,191.54,,,0.01,191.54,,,0.09,5.52,0.11,5.0,0.08,0.08,0.095975,1776182991000
1776182992.431,292.431,0.91,5.52,0.89,5.0,0.99,166.29,,,0.01,171.34,,,0.09,5.52,0.11,5.0,0.08,0.08,0.095975,1776182991000
1776182992.7,292.7,0.91,5.52,0.89,5.0,0.99,100.89,,,0.01,125.89,,,0.09,5.52,0.11,5.0,0.08,0.08,0.095975,1776182991000
1776182993.174,293.174,0.91,5.52,0.89,5.0,0.99,100.89,,,0.01,100.89,,,0.09,5.52,0.11,5.0,0.08,0.08,0.095974,1776182992000
1776182993.469,293.469,0.91,5.52,0.89,5.0,0.99,87.8,,,0.01,95.84,,,0.09,5.52,0.11,5.0,0.08,0.08,0.095974,1776182992000
1776182994.019,294.019,0.99,983.41,0.91,5.52,,,,,0.01,16.59,,,0.09,5.52,0.11,5.0,,0.08,0.095974,1776182992000
1776182994.322,294.322,0.99,983.41,0.91,5.52,,,,,,,,,0.01,983.41,0.09,5.52,,,0.095975,1776182993000
1776182994.774,294.774,0.99,992.6,0.97,5.15,,,,,,,,,0.01,988.81,0.03,5.15,,,0.095975,1776182993000
1776182995.456,295.456,0.99,992.6,0.97,5.15,,,,,,,,,0.01,992.6,0.03,5.15,,,0.095976,1776182994000
1776182996.171,296.171,0.99,992.6,0.97,5.15,,,,,,,,,0.01,992.6,0.03,5.15,,,0.095989,1776182995000
1776182997.297,297.297,0.99,992.6,0.97,5.15,,,,,,,,,0.01,992.6,0.03,5.15,,,0.09599,1776182996000
1776182997.905,297.905,0.99,992.6,0.97,5.15,,,,,,,,,0.01,992.6,0.03,5.15,,,0.095988,1776182997000
1776182999.023,299.023,0.99,992.6,0.97,5.15,,,,,,,,,0.01,992.6,0.03,5.15,,,0.095991,1776182998000
1776183000.122,300.122,0.99,992.6,0.97,5.15,,,,,,,,,0.01,992.6,0.03,5.15,,,0.095991,1776182999000

# RESULT,winner=Up,slug=doge-updown-5m-1776182700,ticks=332
