timestamp,elapsed_sec,up_bid_p1,up_bid_s1,up_bid_p2,up_bid_s2,up_ask_p1,up_ask_s1,up_ask_p2,up_ask_s2,down_bid_p1,down_bid_s1,down_bid_p2,down_bid_s2,down_ask_p1,down_ask_s1,down_ask_p2,down_ask_s2,up_spread,down_spread,doge_price,doge_oracle_ts
1776214201.39,1.39,,,,,,,,,,,,,,,,,,,0.09331,1776214200000
1776214201.865,1.865,0.33,300.0,0.31,375.0,0.5,5.0,0.67,300.0,0.5,5.0,0.41,32.0,0.67,300.0,0.69,375.0,0.17,0.17,0.09331,1776214200000
1776214202.52,2.52,0.33,300.0,0.31,375.0,0.5,5.0,0.67,300.0,0.5,5.0,0.41,32.0,0.67,300.0,0.69,375.0,0.17,0.17,0.093312,1776214201000
1776214203.255,3.255,0.33,300.0,0.31,375.0,0.5,5.0,0.67,300.0,0.5,5.0,0.41,32.0,0.67,300.0,0.69,375.0,0.17,0.17,0.093311,1776214202000
1776214204.621,4.621,0.33,300.0,0.31,375.0,0.5,5.0,0.67,300.0,0.5,5.0,0.41,32.0,0.67,300.0,0.69,375.0,0.17,0.17,0.093304,1776214203000
1776214205.216,5.216,0.33,300.0,0.31,375.0,0.5,5.0,0.67,300.0,0.5,5.0,0.41,32.0,0.67,300.0,0.69,375.0,0.17,0.17,0.093299,1776214204000
1776214206.689,6.689,0.33,300.0,0.31,375.0,0.5,5.0,0.67,300.0,0.5,5.0,0.41,32.0,0.67,300.0,0.69,375.0,0.17,0.17,0.093287,1776214205000
1776214207.25,7.25,0.33,300.0,0.31,375.0,0.5,5.0,0.67,300.0,0.5,5.0,0.41,32.0,0.67,300.0,0.69,375.0,0.17,0.17,0.093289,1776214206000
1776214208.686,8.686,0.33,300.0,0.31,375.0,0.5,5.0,0.67,300.0,0.5,5.0,0.41,32.0,0.67,300.0,0.69,375.0,0.17,0.17,0.093298,1776214207000
1776214208.978,8.978,0.48,5.0,0.41,50.0,0.5,1.79,0.6,5.0,0.51,1.79,0.5,5.0,0.59,50.0,0.64,10.0,0.02,0.08,0.093298,1776214207000
1776214209.258,9.258,0.48,5.0,0.41,50.0,0.5,1.79,0.6,5.0,0.5,1.79,0.4,5.0,0.52,5.0,0.59,50.0,0.02,0.02,0.093299,1776214208000
1776214210.401,10.401,0.43,10.0,0.42,10.0,0.63,5.0,0.7,10.0,0.37,5.0,0.3,10.0,0.57,10.0,0.58,10.0,0.2,0.2,0.093299,1776214209000
1776214211.127,11.127,0.43,10.0,0.42,10.0,0.63,5.0,0.7,10.0,0.37,5.0,0.3,10.0,0.57,10.0,0.58,10.0,0.2,0.2,0.093325,1776214210000
1776214212.194,12.194,0.43,10.0,0.42,10.0,0.63,5.0,0.7,10.0,0.37,5.0,0.3,10.0,0.57,10.0,0.58,10.0,0.2,0.2,0.093333,1776214211000
1776214213.291,13.291,0.43,10.0,0.42,10.0,0.63,5.0,0.7,10.0,0.37,5.0,0.3,10.0,0.57,10.0,0.58,10.0,0.2,0.2,0.09333,1776214212000
1776214214.198,14.198,0.43,10.0,0.42,10.0,0.63,5.0,0.7,10.0,0.37,5.0,0.3,10.0,0.57,10.0,0.58,10.0,0.2,0.2,0.093327,1776214213000
1776214215.255,15.255,0.43,10.0,0.42,10.0,0.63,5.0,0.7,10.0,0.37,5.0,0.3,10.0,0.57,10.0,0.58,10.0,0.2,0.2,0.093327,1776214214000
1776214216.371,16.371,0.43,10.0,0.42,10.0,0.63,5.0,0.7,10.0,0.37,5.0,0.3,10.0,0.57,10.0,0.58,10.0,0.2,0.2,0.093326,1776214215000
1776214217.461,17.461,0.43,10.0,0.42,10.0,0.63,5.0,0.7,10.0,0.37,5.0,0.3,10.0,0.57,10.0,0.58,10.0,0.2,0.2,0.093326,1776214216000
1776214218.002,18.002,0.43,10.0,0.42,10.0,0.63,5.0,0.7,10.0,0.37,5.0,0.3,10.0,0.57,10.0,0.58,10.0,0.2,0.2,0.093326,1776214217000
1776214219.082,19.082,0.43,10.0,0.42,10.0,0.63,5.0,0.7,10.0,0.37,5.0,0.3,10.0,0.57,10.0,0.58,10.0,0.2,0.2,0.093327,1776214218000
1776214220.343,20.343,0.43,10.0,0.42,10.0,0.63,5.0,0.7,10.0,0.37,5.0,0.3,10.0,0.57,10.0,0.58,10.0,0.2,0.2,0.093329,1776214219000
1776214221.321,21.321,0.43,10.0,0.42,10.0,0.63,5.0,0.7,10.0,0.37,5.0,0.3,10.0,0.57,10.0,0.58,10.0,0.2,0.2,0.093329,1776214220000
1776214221.85,21.85,0.43,10.0,0.42,10.0,0.63,5.0,0.7,10.0,0.37,5.0,0.3,10.0,0.57,10.0,0.58,10.0,0.2,0.2,0.093331,1776214221000
1776214222.333,22.333,0.59,5.0,0.54,10.0,0.72,10.0,0.73,20.0,0.37,5.0,0.3,10.0,0.57,10.0,0.58,10.0,0.13,0.2,0.093331,1776214221000
1776214223.073,23.073,0.59,5.0,0.54,10.0,0.72,10.0,0.73,20.0,0.28,10.0,0.27,20.0,0.41,5.0,0.46,10.0,0.13,0.13,0.093347,1776214222000
1776214224.031,24.031,0.59,5.0,0.54,10.0,0.72,5.0,0.74,26.0,0.28,10.0,0.27,20.0,0.41,5.0,0.46,10.0,0.13,0.13,0.093347,1776214222000
1776214224.93,24.93,0.59,5.0,0.54,10.0,0.72,5.0,0.74,26.0,0.28,5.0,0.26,26.0,0.41,5.0,0.46,10.0,0.13,0.13,0.093363,1776214223000
1776214225.656,25.656,0.59,5.0,0.54,10.0,0.72,5.0,0.74,26.0,0.28,5.0,0.26,26.0,0.41,5.0,0.46,10.0,0.13,0.13,0.093368,1776214224000
1776214226.461,26.461,0.59,5.0,0.54,10.0,0.72,5.0,0.74,26.0,0.28,5.0,0.26,26.0,0.41,5.0,0.46,10.0,0.13,0.13,0.09337,1776214225000
1776214227.351,27.351,0.59,5.0,0.54,10.0,0.72,5.0,0.74,26.0,0.28,5.0,0.26,26.0,0.41,5.0,0.46,10.0,0.13,0.13,0.09337,1776214226000
1776214228.138,28.138,0.59,5.0,0.54,10.0,0.72,5.0,0.74,26.0,0.28,5.0,0.26,26.0,0.41,5.0,0.46,10.0,0.13,0.13,0.093369,1776214227000
1776214229.732,29.732,0.59,5.0,0.54,10.0,0.72,5.0,0.74,26.0,0.28,5.0,0.26,26.0,0.41,5.0,0.46,10.0,0.13,0.13,0.093369,1776214228000
1776214230.531,30.531,0.59,5.0,0.54,10.0,0.72,5.0,0.74,26.0,0.28,5.0,0.26,26.0,0.41,5.0,0.46,10.0,0.13,0.13,0.093369,1776214229000
1776214231.289,31.289,0.59,5.0,0.54,10.0,0.72,5.0,0.74,26.0,0.28,5.0,0.26,26.0,0.41,5.0,0.46,10.0,0.13,0.13,0.093369,1776214230000
1776214232.211,32.211,0.59,5.0,0.54,10.0,0.72,5.0,0.74,26.0,0.28,5.0,0.26,26.0,0.41,5.0,0.46,10.0,0.13,0.13,0.093366,1776214231000
1776214233.596,33.596,0.59,5.0,0.54,10.0,0.72,5.0,0.74,26.0,0.28,5.0,0.26,26.0,0.41,5.0,0.46,10.0,0.13,0.13,0.093364,1776214232000
1776214234.297,34.297,0.59,5.0,0.54,10.0,0.72,5.0,0.74,26.0,0.28,5.0,0.26,26.0,0.41,5.0,0.46,10.0,0.13,0.13,0.093365,1776214233000
1776214235.054,35.054,0.59,5.0,0.54,10.0,0.72,5.0,0.74,26.0,0.28,5.0,0.26,26.0,0.41,5.0,0.46,10.0,0.13,0.13,0.093365,1776214234000
1776214236.443,36.443,0.59,5.0,0.54,10.0,0.72,5.0,0.74,26.0,0.28,5.0,0.26,26.0,0.41,5.0,0.46,10.0,0.13,0.13,0.093366,1776214235000
1776214237.078,37.078,0.59,5.0,0.54,10.0,0.72,5.0,0.74,26.0,0.28,5.0,0.26,26.0,0.41,5.0,0.46,10.0,0.13,0.13,0.093366,1776214236000
1776214238.557,38.557,0.59,5.0,0.54,10.0,0.72,5.0,0.74,26.0,0.28,5.0,0.26,26.0,0.41,5.0,0.46,10.0,0.13,0.13,0.093366,1776214237000
1776214239.238,39.238,0.59,5.0,0.54,10.0,0.72,5.0,0.74,26.0,0.28,5.0,0.26,26.0,0.41,5.0,0.46,10.0,0.13,0.13,0.093366,1776214238000
1776214240.674,40.674,0.59,5.0,0.54,10.0,0.72,5.0,0.74,26.0,0.28,5.0,0.26,26.0,0.41,5.0,0.46,10.0,0.13,0.13,0.093367,1776214239000
1776214241.456,41.456,0.59,5.0,0.54,10.0,0.72,5.0,0.74,26.0,0.28,5.0,0.26,26.0,0.41,5.0,0.46,10.0,0.13,0.13,0.093367,1776214240000
1776214242.186,42.186,0.59,5.0,0.54,10.0,0.72,5.0,0.74,26.0,0.28,5.0,0.26,26.0,0.41,5.0,0.46,10.0,0.13,0.13,0.093367,1776214241000
1776214243.945,43.945,0.59,5.0,0.54,10.0,0.72,5.0,0.74,26.0,0.28,5.0,0.26,26.0,0.41,5.0,0.46,10.0,0.13,0.13,0.093367,1776214242000
1776214244.626,44.626,0.59,5.0,0.54,10.0,0.72,5.0,0.74,26.0,0.28,5.0,0.26,26.0,0.41,5.0,0.46,10.0,0.13,0.13,0.093367,1776214243000
1776214245.366,45.366,0.59,5.0,0.54,10.0,0.72,5.0,0.74,26.0,0.28,5.0,0.26,26.0,0.41,5.0,0.46,10.0,0.13,0.13,0.093368,1776214244000
1776214245.958,45.958,0.59,5.0,0.54,10.0,0.72,5.0,0.74,26.0,0.28,5.0,0.26,26.0,0.41,5.0,0.46,10.0,0.13,0.13,0.093368,1776214245000
1776214247.335,47.335,0.59,5.0,0.54,10.0,0.72,5.0,0.74,26.0,0.28,5.0,0.26,26.0,0.41,5.0,0.46,10.0,0.13,0.13,0.093369,1776214246000
1776214247.957,47.957,0.59,5.0,0.54,10.0,0.72,5.0,0.74,26.0,0.28,5.0,0.26,26.0,0.41,5.0,0.46,10.0,0.13,0.13,0.093369,1776214247000
1776214249.199,49.199,0.59,5.0,0.54,10.0,0.72,5.0,0.74,26.0,0.28,5.0,0.26,26.0,0.41,5.0,0.46,10.0,0.13,0.13,0.093379,1776214248000
1776214250.413,50.413,0.59,5.0,0.54,10.0,0.72,5.0,0.74,26.0,0.28,5.0,0.26,26.0,0.41,5.0,0.46,10.0,0.13,0.13,0.093395,1776214249000
1776214251.029,51.029,0.59,5.0,0.54,10.0,0.72,5.0,0.74,26.0,0.28,5.0,0.26,26.0,0.41,5.0,0.46,10.0,0.13,0.13,0.093394,1776214250000
1776214252.285,52.285,0.59,5.0,0.54,10.0,0.72,5.0,0.74,26.0,0.28,5.0,0.26,26.0,0.41,5.0,0.46,10.0,0.13,0.13,0.093394,1776214251000
1776214253.439,53.439,0.59,5.0,0.54,10.0,0.72,5.0,0.74,26.0,0.28,5.0,0.26,26.0,0.41,5.0,0.46,10.0,0.13,0.13,0.093394,1776214252000
1776214254.108,54.108,0.59,5.0,0.54,10.0,0.72,5.0,0.74,26.0,0.28,5.0,0.26,26.0,0.41,5.0,0.46,10.0,0.13,0.13,0.093394,1776214253000
1776214255.208,55.208,0.59,5.0,0.54,10.0,0.72,5.0,0.74,26.0,0.28,5.0,0.26,26.0,0.41,5.0,0.46,10.0,0.13,0.13,0.093396,1776214254000
1776214256.411,56.411,0.59,5.0,0.54,10.0,0.72,5.0,0.74,26.0,0.28,5.0,0.26,26.0,0.41,5.0,0.46,10.0,0.13,0.13,0.093395,1776214255000
1776214257.032,57.032,0.59,5.0,0.54,10.0,0.72,5.0,0.74,26.0,0.28,5.0,0.26,26.0,0.41,5.0,0.46,10.0,0.13,0.13,0.093395,1776214256000
1776214258.146,58.146,0.59,5.0,0.54,10.0,0.72,5.0,0.74,26.0,0.28,5.0,0.26,26.0,0.41,5.0,0.46,10.0,0.13,0.13,0.093395,1776214257000
1776214259.967,59.967,0.59,5.0,0.54,10.0,0.72,5.0,0.74,26.0,0.28,5.0,0.26,26.0,0.41,5.0,0.46,10.0,0.13,0.13,0.093395,1776214258000
1776214260.639,60.639,0.59,5.0,0.54,10.0,0.72,5.0,0.74,26.0,0.28,5.0,0.26,26.0,0.41,5.0,0.46,10.0,0.13,0.13,0.093395,1776214259000
1776214261.27,61.27,0.59,5.0,0.54,10.0,0.72,5.0,0.74,26.0,0.28,5.0,0.26,26.0,0.41,5.0,0.46,10.0,0.13,0.13,0.093395,1776214260000
1776214263.01,63.01,0.59,5.0,0.54,10.0,0.72,5.0,0.74,26.0,0.28,5.0,0.26,26.0,0.41,5.0,0.46,10.0,0.13,0.13,0.093394,1776214261000
1776214263.704,63.704,0.59,5.0,0.54,10.0,0.72,5.0,0.74,26.0,0.28,5.0,0.26,26.0,0.41,5.0,0.46,10.0,0.13,0.13,0.093393,1776214262000
1776214264.366,64.366,0.59,5.0,0.54,10.0,0.72,5.0,0.74,26.0,0.28,5.0,0.26,26.0,0.41,5.0,0.46,10.0,0.13,0.13,0.093393,1776214263000
1776214265.747,65.747,0.59,5.0,0.54,10.0,0.72,5.0,0.74,26.0,0.28,5.0,0.26,26.0,0.41,5.0,0.46,10.0,0.13,0.13,0.093391,1776214264000
1776214266.489,66.489,0.59,5.0,0.54,10.0,0.72,5.0,0.74,26.0,0.28,5.0,0.26,26.0,0.41,5.0,0.46,10.0,0.13,0.13,0.093393,1776214265000
1776214267.225,67.225,0.59,5.0,0.54,10.0,0.72,5.0,0.74,26.0,0.28,5.0,0.26,26.0,0.41,5.0,0.46,10.0,0.13,0.13,0.093394,1776214266000
1776214268.627,68.627,0.59,5.0,0.54,10.0,0.72,5.0,0.74,26.0,0.28,5.0,0.26,26.0,0.41,5.0,0.46,10.0,0.13,0.13,0.093406,1776214267000
1776214269.308,69.308,0.59,5.0,0.54,10.0,0.72,5.0,0.74,26.0,0.28,5.0,0.26,26.0,0.41,5.0,0.46,10.0,0.13,0.13,0.093416,1776214268000
1776214270.004,70.004,0.59,5.0,0.54,10.0,0.72,5.0,0.74,26.0,0.28,5.0,0.26,26.0,0.41,5.0,0.46,10.0,0.13,0.13,0.093417,1776214269000
1776214270.79,70.79,0.85,5.0,0.77,5.0,0.88,29.48,0.89,26.6,0.28,5.0,0.26,26.0,0.41,5.0,0.46,10.0,0.03,0.13,0.093417,1776214269000
1776214271.22,71.22,0.85,5.0,0.77,5.0,0.88,29.48,0.89,26.6,0.12,29.48,0.11,26.6,0.15,5.0,0.23,5.0,0.03,0.03,0.093416,1776214270000
1776214271.47,71.47,0.85,5.0,0.78,20.0,0.88,24.48,0.89,26.6,0.12,29.48,0.11,26.6,0.15,5.0,0.23,5.0,0.03,0.03,0.093416,1776214270000
1776214272.006,72.006,0.85,5.0,0.78,20.0,0.88,24.48,0.89,26.6,0.12,24.48,0.11,26.6,0.15,5.0,0.22,20.0,0.03,0.03,0.093416,1776214271000
1776214273.325,73.325,0.85,5.0,0.78,20.0,0.88,24.48,0.89,26.6,0.12,24.48,0.11,26.6,0.15,5.0,0.22,20.0,0.03,0.03,0.093427,1776214272000
1776214274.249,74.249,0.85,5.0,0.78,20.0,0.88,24.48,0.89,26.6,0.12,24.48,0.11,26.6,0.15,5.0,0.22,20.0,0.03,0.03,0.093427,1776214273000
1776214276.114,76.114,0.85,5.0,0.78,20.0,0.88,24.48,0.89,26.6,0.12,24.48,0.11,26.6,0.15,5.0,0.22,20.0,0.03,0.03,0.093432,1776214274000
1776214276.832,76.832,0.85,5.0,0.78,20.0,0.88,24.48,0.89,26.6,0.12,24.48,0.11,26.6,0.15,5.0,0.22,20.0,0.03,0.03,0.09343,1776214275000
1776214277.596,77.596,0.85,5.0,0.78,20.0,0.88,24.48,0.89,26.6,0.12,24.48,0.11,26.6,0.15,5.0,0.22,20.0,0.03,0.03,0.093428,1776214276000
1776214278.815,78.815,0.85,5.0,0.78,20.0,0.88,24.48,0.89,26.6,0.12,24.48,0.11,26.6,0.15,5.0,0.22,20.0,0.03,0.03,0.093427,1776214277000
1776214279.58,79.58,0.85,5.0,0.78,20.0,0.88,24.48,0.89,26.6,0.12,24.48,0.11,26.6,0.15,5.0,0.22,20.0,0.03,0.03,0.093425,1776214278000
1776214280.21,80.21,0.85,5.0,0.78,20.0,0.88,24.48,0.89,26.6,0.12,24.48,0.11,26.6,0.15,5.0,0.22,20.0,0.03,0.03,0.093418,1776214279000
1776214281.493,81.493,0.85,5.0,0.78,20.0,0.88,24.48,0.89,26.6,0.12,24.48,0.11,26.6,0.15,5.0,0.22,20.0,0.03,0.03,0.093408,1776214280000
1776214282.153,82.153,0.85,5.0,0.78,20.0,0.88,24.48,0.89,26.6,0.12,24.48,0.11,26.6,0.15,5.0,0.22,20.0,0.03,0.03,0.093406,1776214281000
1776214283.275,83.275,0.85,5.0,0.78,20.0,0.88,24.48,0.89,26.6,0.12,24.48,0.11,26.6,0.15,5.0,0.22,20.0,0.03,0.03,0.093405,1776214282000
1776214284.378,84.378,0.85,5.0,0.78,20.0,0.88,24.48,0.89,26.6,0.12,24.48,0.11,26.6,0.15,5.0,0.22,20.0,0.03,0.03,0.093405,1776214283000
1776214284.971,84.971,0.85,5.0,0.78,20.0,0.88,24.48,0.89,26.6,0.12,24.48,0.11,26.6,0.15,5.0,0.22,20.0,0.03,0.03,0.093406,1776214284000
1776214286.165,86.165,0.85,5.0,0.78,20.0,0.88,24.48,0.89,26.6,0.12,24.48,0.11,26.6,0.15,5.0,0.22,20.0,0.03,0.03,0.093406,1776214285000
1776214287.172,87.172,0.85,5.0,0.78,20.0,0.88,24.48,0.89,26.6,0.12,24.48,0.11,26.6,0.15,5.0,0.22,20.0,0.03,0.03,0.093403,1776214286000
1776214288.214,88.214,0.85,5.0,0.78,20.0,0.88,24.48,0.89,26.6,0.12,24.48,0.11,26.6,0.15,5.0,0.22,20.0,0.03,0.03,0.093401,1776214287000
1776214289.216,89.216,0.85,5.0,0.76,34.3,0.86,26.6,0.87,28.0,0.12,24.48,0.11,26.6,0.15,5.0,0.22,20.0,0.01,0.03,0.093401,1776214287000
1776214289.998,89.998,0.85,5.0,0.76,34.3,0.86,26.6,0.87,28.0,0.14,26.6,0.13,28.0,0.15,5.0,0.24,34.3,0.01,0.01,0.0934,1776214289000
1776214291.107,91.107,0.85,5.0,0.76,34.3,0.86,26.6,0.87,28.0,0.14,26.6,0.13,28.0,0.15,5.0,0.24,34.3,0.01,0.01,0.093402,1776214290000
1776214292.156,92.156,0.85,5.0,0.76,34.3,0.86,26.6,0.87,28.0,0.14,26.6,0.13,28.0,0.15,5.0,0.24,34.3,0.01,0.01,0.093402,1776214291000
1776214293.773,93.773,0.85,5.0,0.76,34.3,0.86,26.6,0.87,28.0,0.14,26.6,0.13,28.0,0.15,5.0,0.24,34.3,0.01,0.01,0.093403,1776214292000
1776214294.253,94.253,0.85,5.0,0.76,34.3,0.86,26.6,0.87,28.0,0.14,26.6,0.13,28.0,0.15,5.0,0.24,34.3,0.01,0.01,0.093403,1776214293000
1776214295.232,95.232,0.85,5.0,0.76,34.3,0.86,26.6,0.87,28.0,0.14,26.6,0.13,28.0,0.15,5.0,0.24,34.3,0.01,0.01,0.093402,1776214294000
1776214296.288,96.288,0.85,5.0,0.76,34.3,0.86,26.6,0.87,28.0,0.14,26.6,0.13,28.0,0.15,5.0,0.24,34.3,0.01,0.01,0.093403,1776214295000
1776214297.361,97.361,0.85,5.0,0.76,34.3,0.86,26.6,0.87,28.0,0.14,26.6,0.13,28.0,0.15,5.0,0.24,34.3,0.01,0.01,0.093403,1776214296000
1776214297.897,97.897,0.85,5.0,0.76,34.3,0.86,26.6,0.87,28.0,0.14,26.6,0.13,28.0,0.15,5.0,0.24,34.3,0.01,0.01,0.093403,1776214297000
1776214298.829,98.829,0.85,5.0,0.76,34.3,0.86,26.6,0.87,28.0,0.14,26.6,0.13,28.0,0.15,5.0,0.24,34.3,0.01,0.01,0.0934,1776214298000
1776214299.938,99.938,0.85,5.0,0.76,34.3,0.86,26.6,0.87,28.0,0.14,26.6,0.13,28.0,0.15,5.0,0.24,34.3,0.01,0.01,0.093403,1776214299000
1776214300.917,100.917,0.85,5.0,0.76,34.3,0.86,26.6,0.87,28.0,0.14,26.6,0.13,28.0,0.15,5.0,0.24,34.3,0.01,0.01,0.093403,1776214300000
1776214301.924,101.924,0.85,5.0,0.76,34.3,0.86,26.6,0.87,28.0,0.14,26.6,0.13,28.0,0.15,5.0,0.24,34.3,0.01,0.01,0.093403,1776214301000
1776214302.873,102.873,0.85,5.0,0.76,34.3,0.86,26.6,0.87,28.0,0.14,26.6,0.13,28.0,0.15,5.0,0.24,34.3,0.01,0.01,0.093404,1776214302000
1776214303.884,103.884,0.85,5.0,0.76,34.3,0.86,26.6,0.87,28.0,0.14,26.6,0.13,28.0,0.15,5.0,0.24,34.3,0.01,0.01,0.093404,1776214303000
1776214304.821,104.821,0.85,5.0,0.76,34.3,0.86,26.6,0.87,28.0,0.14,26.6,0.13,28.0,0.15,5.0,0.24,34.3,0.01,0.01,0.093403,1776214304000
1776214306.96,106.96,0.85,5.0,0.76,34.3,0.86,26.6,0.87,28.0,0.14,26.6,0.13,28.0,0.15,5.0,0.24,34.3,0.01,0.01,0.093404,1776214305000
1776214307.505,107.505,0.85,5.0,0.76,34.3,0.86,26.6,0.87,28.0,0.14,26.6,0.13,28.0,0.15,5.0,0.24,34.3,0.01,0.01,0.093393,1776214306000
1776214308.334,108.334,0.85,5.0,0.76,34.3,0.86,26.6,0.87,28.0,0.14,26.6,0.13,28.0,0.15,5.0,0.24,34.3,0.01,0.01,0.093387,1776214307000
1776214308.874,108.874,0.85,5.0,0.76,34.3,0.86,26.6,0.87,28.0,0.14,26.6,0.13,28.0,0.15,5.0,0.24,34.3,0.01,0.01,0.093379,1776214308000
1776214310.729,110.729,0.85,5.0,0.76,34.3,0.86,26.6,0.87,28.0,0.14,26.6,0.13,28.0,0.15,5.0,0.24,34.3,0.01,0.01,0.093375,1776214309000
1776214311.422,111.422,0.85,5.0,0.76,34.3,0.86,26.6,0.87,28.0,0.14,26.6,0.13,28.0,0.15,5.0,0.24,34.3,0.01,0.01,0.093375,1776214310000
1776214312.162,112.162,0.85,5.0,0.76,34.3,0.86,26.6,0.87,28.0,0.14,26.6,0.13,28.0,0.15,5.0,0.24,34.3,0.01,0.01,0.093374,1776214311000
1776214313.007,113.007,0.66,11.6,0.65,36.4,0.79,14.43,0.8,16.2,0.14,26.6,0.13,28.0,0.15,5.0,0.24,34.3,0.13,0.01,0.093374,1776214311000
1776214313.409,113.409,0.66,11.6,0.65,36.4,0.79,14.43,0.8,16.2,0.21,14.43,0.2,16.2,0.34,11.6,0.35,36.4,0.13,0.13,0.093374,1776214312000
1776214314.186,114.186,0.66,11.6,0.65,36.4,0.79,14.43,0.8,16.2,0.21,14.43,0.2,16.2,0.34,11.6,0.35,36.4,0.13,0.13,0.093375,1776214313000
1776214315.58,115.58,0.66,11.6,0.65,36.4,0.79,14.43,0.8,16.2,0.21,14.43,0.2,16.2,0.34,11.6,0.35,36.4,0.13,0.13,0.093377,1776214314000
1776214316.22,116.22,0.66,11.6,0.65,36.4,0.79,14.43,0.8,16.2,0.21,14.43,0.2,16.2,0.34,11.6,0.35,36.4,0.13,0.13,0.093375,1776214315000
1776214317.164,117.164,0.66,8.8,0.65,11.4,0.79,14.43,0.8,16.2,0.21,14.43,0.2,16.2,0.34,11.6,0.35,36.4,0.13,0.13,0.093375,1776214315000
1776214317.396,117.396,0.66,8.8,0.65,11.4,0.79,14.43,0.8,16.2,0.21,14.43,0.2,16.2,0.34,8.8,0.35,11.4,0.13,0.13,0.093374,1776214316000
1776214318.244,118.244,0.66,8.8,0.65,11.4,0.79,14.43,0.8,16.2,0.21,14.43,0.2,16.2,0.34,8.8,0.35,11.4,0.13,0.13,0.093372,1776214317000
1776214319.469,119.469,0.66,8.8,0.65,11.4,0.79,14.43,0.8,16.2,0.21,14.43,0.2,16.2,0.34,8.8,0.35,11.4,0.13,0.13,0.093378,1776214318000
1776214320.215,120.215,0.66,8.8,0.65,11.4,0.79,14.43,0.8,16.2,0.21,14.43,0.2,16.2,0.34,8.8,0.35,11.4,0.13,0.13,0.093381,1776214319000
1776214321.351,121.351,0.66,8.8,0.65,11.4,0.79,14.43,0.8,16.2,0.21,14.43,0.2,16.2,0.34,8.8,0.35,11.4,0.13,0.13,0.093389,1776214320000
1776214322.668,122.668,0.66,8.8,0.65,11.4,0.79,14.43,0.8,16.2,0.21,14.43,0.2,16.2,0.34,8.8,0.35,11.4,0.13,0.13,0.093389,1776214321000
1776214323.143,123.143,0.66,8.8,0.65,11.4,0.79,14.43,0.8,16.2,0.21,14.43,0.2,16.2,0.34,8.8,0.35,11.4,0.13,0.13,0.093389,1776214322000
1776214324.088,124.088,0.66,8.8,0.65,11.4,0.79,14.43,0.8,16.2,0.21,14.43,0.2,16.2,0.34,8.8,0.35,11.4,0.13,0.13,0.093389,1776214323000
1776214325.109,125.109,0.66,8.8,0.65,11.4,0.79,14.43,0.8,16.2,0.21,14.43,0.2,16.2,0.34,8.8,0.35,11.4,0.13,0.13,0.093389,1776214324000
1776214326.077,126.077,0.66,8.8,0.65,11.4,0.79,14.43,0.8,16.2,0.21,14.43,0.2,16.2,0.34,8.8,0.35,11.4,0.13,0.13,0.093389,1776214325000
1776214327.015,127.015,0.66,8.8,0.65,11.4,0.79,14.43,0.8,16.2,0.21,14.43,0.2,16.2,0.34,8.8,0.35,11.4,0.13,0.13,0.093392,1776214326000
1776214328.12,128.12,0.66,8.8,0.65,11.4,0.79,14.43,0.8,16.2,0.21,14.43,0.2,16.2,0.34,8.8,0.35,11.4,0.13,0.13,0.093399,1776214327000
1776214329.001,129.001,0.66,8.8,0.65,11.4,0.79,14.43,0.8,16.2,0.21,14.43,0.2,16.2,0.34,8.8,0.35,11.4,0.13,0.13,0.093401,1776214328000
1776214330.073,130.073,0.66,8.8,0.65,11.4,0.79,14.43,0.8,16.2,0.21,14.43,0.2,16.2,0.34,8.8,0.35,11.4,0.13,0.13,0.093409,1776214329000
1776214331.177,131.177,0.66,8.8,0.65,11.4,0.79,14.43,0.8,16.2,0.21,14.43,0.2,16.2,0.34,8.8,0.35,11.4,0.13,0.13,0.093409,1776214330000
1776214332.081,132.081,0.66,8.8,0.65,11.4,0.79,14.43,0.8,16.2,0.21,14.43,0.2,16.2,0.34,8.8,0.35,11.4,0.13,0.13,0.093407,1776214331000
1776214333.112,133.112,0.66,8.8,0.65,11.4,0.79,14.43,0.8,16.2,0.21,14.43,0.2,16.2,0.34,8.8,0.35,11.4,0.13,0.13,0.093407,1776214332000
1776214334.101,134.101,0.66,8.8,0.65,11.4,0.79,14.43,0.8,16.2,0.21,14.43,0.2,16.2,0.34,8.8,0.35,11.4,0.13,0.13,0.093407,1776214333000
1776214335.189,135.189,0.66,8.8,0.65,11.4,0.79,14.43,0.8,16.2,0.21,14.43,0.2,16.2,0.34,8.8,0.35,11.4,0.13,0.13,0.093407,1776214334000
1776214336.206,136.206,0.66,8.8,0.65,11.4,0.79,14.43,0.8,16.2,0.21,14.43,0.2,16.2,0.34,8.8,0.35,11.4,0.13,0.13,0.093407,1776214335000
1776214337.31,137.31,0.66,8.8,0.65,11.4,0.79,14.43,0.8,16.2,0.21,14.43,0.2,16.2,0.34,8.8,0.35,11.4,0.13,0.13,0.093407,1776214336000
1776214338.001,138.001,0.66,8.8,0.65,11.4,0.79,14.43,0.8,16.2,0.21,14.43,0.2,16.2,0.34,8.8,0.35,11.4,0.13,0.13,0.093407,1776214337000
1776214338.839,138.839,0.66,8.8,0.65,11.4,0.79,14.43,0.8,16.2,0.21,14.43,0.2,16.2,0.34,8.8,0.35,11.4,0.13,0.13,0.093405,1776214338000
1776214339.846,139.846,0.66,8.8,0.65,11.4,0.79,14.43,0.8,16.2,0.21,14.43,0.2,16.2,0.34,8.8,0.35,11.4,0.13,0.13,0.093405,1776214339000
1776214341.324,141.324,0.66,8.8,0.65,11.4,0.79,14.43,0.8,16.2,0.21,14.43,0.2,16.2,0.34,8.8,0.35,11.4,0.13,0.13,0.093405,1776214340000
1776214342.301,142.301,0.66,8.8,0.65,11.4,0.79,14.43,0.8,16.2,0.21,14.43,0.2,16.2,0.34,8.8,0.35,11.4,0.13,0.13,0.093405,1776214341000
1776214343.351,143.351,0.66,8.8,0.65,11.4,0.79,14.43,0.8,16.2,0.21,14.43,0.2,16.2,0.34,8.8,0.35,11.4,0.13,0.13,0.093405,1776214342000
1776214344.262,144.262,0.66,8.8,0.65,11.4,0.79,14.43,0.8,16.2,0.21,14.43,0.2,16.2,0.34,8.8,0.35,11.4,0.13,0.13,0.093405,1776214343000
1776214345.329,145.329,0.66,8.8,0.65,11.4,0.79,14.43,0.8,16.2,0.21,14.43,0.2,16.2,0.34,8.8,0.35,11.4,0.13,0.13,0.093405,1776214344000
1776214346.258,146.258,0.66,8.8,0.65,11.4,0.79,14.43,0.8,16.2,0.21,14.43,0.2,16.2,0.34,8.8,0.35,11.4,0.13,0.13,0.093405,1776214345000
1776214347.162,147.162,0.66,8.8,0.65,11.4,0.79,14.43,0.8,16.2,0.21,14.43,0.2,16.2,0.34,8.8,0.35,11.4,0.13,0.13,0.093405,1776214346000
1776214348.232,148.232,0.66,8.8,0.65,11.4,0.79,14.43,0.8,16.2,0.21,14.43,0.2,16.2,0.34,8.8,0.35,11.4,0.13,0.13,0.093392,1776214347000
1776214349.175,149.175,0.66,8.8,0.65,11.4,0.79,14.43,0.8,16.2,0.21,14.43,0.2,16.2,0.34,8.8,0.35,11.4,0.13,0.13,0.093387,1776214348000
1776214350.216,150.216,0.66,8.8,0.65,11.4,0.79,14.43,0.8,16.2,0.21,14.43,0.2,16.2,0.34,8.8,0.35,11.4,0.13,0.13,0.093387,1776214349000
1776214351.634,151.634,0.66,8.8,0.65,11.4,0.79,14.43,0.8,16.2,0.21,14.43,0.2,16.2,0.34,8.8,0.35,11.4,0.13,0.13,0.093388,1776214350000
1776214352.018,152.018,0.76,14.3,0.75,13.9,0.86,16.6,0.87,28.0,0.21,14.43,0.2,16.2,0.34,8.8,0.35,11.4,0.1,0.13,0.093388,1776214350000
1776214353.119,153.119,0.76,14.3,0.75,13.9,0.86,16.6,0.87,28.0,0.14,16.6,0.13,28.0,0.24,14.3,0.25,13.9,0.1,0.1,0.093388,1776214352000
1776214354.288,154.288,0.76,14.3,0.75,13.9,0.86,16.6,0.87,28.0,0.14,16.6,0.13,28.0,0.24,14.3,0.25,13.9,0.1,0.1,0.093391,1776214353000
1776214354.548,154.548,0.8,16.3,0.79,35.7,0.91,30.6,0.92,40.29,0.14,16.6,0.13,28.0,0.24,14.3,0.25,13.9,0.11,0.1,0.093391,1776214353000
1776214354.995,154.995,0.8,16.3,0.79,35.7,0.91,30.6,0.92,40.29,0.09,30.6,0.08,40.29,0.2,16.3,0.21,35.7,0.11,0.11,0.093401,1776214354000
1776214355.982,155.982,0.8,16.3,0.79,35.7,0.91,30.6,0.92,40.29,0.09,30.6,0.08,40.29,0.2,16.3,0.21,35.7,0.11,0.11,0.093409,1776214355000
1776214357.061,157.061,0.8,16.3,0.79,35.7,0.91,30.6,0.92,40.29,0.09,30.6,0.08,40.29,0.2,16.3,0.21,35.7,0.11,0.11,0.093409,1776214356000
1776214358.185,158.185,0.8,16.3,0.79,35.7,0.91,30.6,0.92,40.29,0.09,30.6,0.08,40.29,0.2,16.3,0.21,35.7,0.11,0.11,0.093409,1776214357000
1776214358.492,158.492,0.67,11.8,0.66,3.8,0.89,26.6,0.9,28.9,0.09,30.6,0.08,40.29,0.2,16.3,0.21,35.7,0.22,0.11,0.093409,1776214357000
1776214359.294,159.294,0.67,11.8,0.66,3.8,0.89,26.6,0.9,28.9,0.11,26.6,0.1,28.9,0.33,11.8,0.34,3.8,0.22,0.22,0.093396,1776214358000
1776214359.911,159.911,0.67,11.8,0.66,3.8,0.89,26.6,0.9,28.9,0.11,26.6,0.1,28.9,0.33,11.8,0.34,3.8,0.22,0.22,0.093387,1776214359000
1776214361.079,161.079,0.67,11.8,0.66,3.8,0.89,26.6,0.9,28.9,0.11,26.6,0.1,28.9,0.33,11.8,0.34,3.8,0.22,0.22,0.093369,1776214360000
1776214362.148,162.148,0.67,11.8,0.66,3.8,0.89,26.6,0.9,28.9,0.11,26.6,0.1,28.9,0.33,11.8,0.34,3.8,0.22,0.22,0.093368,1776214361000
1776214363.245,163.245,0.67,11.8,0.66,3.8,0.89,26.6,0.9,28.9,0.11,26.6,0.1,28.9,0.33,11.8,0.34,3.8,0.22,0.22,0.093371,1776214362000
1776214364.818,164.818,0.67,11.8,0.66,3.8,0.89,26.6,0.9,28.9,0.11,26.6,0.1,28.9,0.33,11.8,0.34,3.8,0.22,0.22,0.093386,1776214363000
1776214365.402,165.402,0.77,5.0,0.74,13.5,0.87,20.28,0.88,29.6,0.13,20.28,0.12,29.6,0.23,5.0,0.26,13.5,0.1,0.1,0.093388,1776214364000
1776214366.625,166.625,0.77,5.0,0.74,13.5,0.87,20.28,0.88,29.6,0.13,20.28,0.12,29.6,0.23,5.0,0.26,13.5,0.1,0.1,0.09339,1776214365000
1776214367.096,167.096,0.77,5.0,0.74,13.5,0.87,20.28,0.88,29.6,0.13,20.28,0.12,29.6,0.23,5.0,0.26,13.5,0.1,0.1,0.093392,1776214366000
1776214368.194,168.194,0.77,5.0,0.74,13.5,0.87,20.28,0.88,29.6,0.13,20.28,0.12,29.6,0.23,5.0,0.26,13.5,0.1,0.1,0.093394,1776214367000
1776214369.532,169.532,0.77,5.0,0.74,13.5,0.87,20.28,0.88,29.6,0.13,20.28,0.12,29.6,0.23,5.0,0.26,13.5,0.1,0.1,0.093396,1776214368000
1776214370.113,170.113,0.77,5.0,0.74,13.5,0.87,20.28,0.88,29.6,0.13,20.28,0.12,29.6,0.23,5.0,0.26,13.5,0.1,0.1,0.093396,1776214369000
1776214371.359,171.359,0.77,5.0,0.74,13.5,0.87,20.28,0.88,29.6,0.13,20.28,0.12,29.6,0.23,5.0,0.26,13.5,0.1,0.1,0.093396,1776214370000
1776214372.51,172.51,0.77,5.0,0.74,13.5,0.87,20.28,0.88,29.6,0.13,20.28,0.12,29.6,0.23,5.0,0.26,13.5,0.1,0.1,0.093396,1776214371000
1776214373.139,173.139,0.77,5.0,0.74,13.5,0.87,20.28,0.88,29.6,0.13,20.28,0.12,29.6,0.23,5.0,0.26,13.5,0.1,0.1,0.093396,1776214372000
1776214374.307,174.307,0.77,5.0,0.74,13.5,0.87,20.28,0.88,29.6,0.13,20.28,0.12,29.6,0.23,5.0,0.26,13.5,0.1,0.1,0.093396,1776214373000
1776214375.408,175.408,0.77,5.0,0.74,13.5,0.87,20.28,0.88,29.6,0.13,20.28,0.12,29.6,0.23,5.0,0.26,13.5,0.1,0.1,0.093387,1776214374000
1776214376.024,176.024,0.77,5.0,0.74,13.5,0.87,20.28,0.88,29.6,0.13,20.28,0.12,29.6,0.23,5.0,0.26,13.5,0.1,0.1,0.093387,1776214375000
1776214377.259,177.259,0.77,5.0,0.74,13.5,0.87,20.28,0.88,29.6,0.13,20.28,0.12,29.6,0.23,5.0,0.26,13.5,0.1,0.1,0.093387,1776214376000
1776214378.334,178.334,0.77,5.0,0.74,13.5,0.87,20.28,0.88,29.6,0.13,20.28,0.12,29.6,0.23,5.0,0.26,13.5,0.1,0.1,0.093387,1776214377000
1776214378.936,178.936,0.77,5.0,0.74,13.5,0.87,20.28,0.88,29.6,0.13,20.28,0.12,29.6,0.23,5.0,0.26,13.5,0.1,0.1,0.093378,1776214378000
1776214380.024,180.024,0.77,5.0,0.74,13.5,0.87,20.28,0.88,29.6,0.13,20.28,0.12,29.6,0.23,5.0,0.26,13.5,0.1,0.1,0.093377,1776214379000
1776214381.241,181.241,0.77,5.0,0.74,13.5,0.87,20.28,0.88,29.6,0.13,20.28,0.12,29.6,0.23,5.0,0.26,13.5,0.1,0.1,0.093386,1776214380000
1776214382.325,182.325,0.77,5.0,0.74,13.5,0.87,20.28,0.88,29.6,0.13,20.28,0.12,29.6,0.23,5.0,0.26,13.5,0.1,0.1,0.093387,1776214381000
1776214382.859,182.859,0.77,5.0,0.74,13.5,0.87,20.28,0.88,29.6,0.13,20.28,0.12,29.6,0.23,5.0,0.26,13.5,0.1,0.1,0.093386,1776214382000
1776214383.379,183.379,0.68,5.0,0.65,11.4,0.81,5.0,0.82,5.0,0.13,20.28,0.12,29.6,0.23,5.0,0.26,13.5,0.13,0.1,0.093386,1776214382000
1776214384.013,184.013,0.68,5.0,0.65,11.4,0.82,5.0,0.87,23.0,0.18,5.0,0.13,23.0,0.32,5.0,0.35,11.4,0.14,0.14,0.093387,1776214383000
1776214385.127,185.127,0.68,5.0,0.65,11.4,0.82,5.0,0.87,23.0,0.18,5.0,0.13,23.0,0.32,5.0,0.35,11.4,0.14,0.14,0.093371,1776214384000
1776214386.299,186.299,0.68,5.0,0.65,11.4,0.82,5.0,0.87,23.0,0.18,5.0,0.13,23.0,0.32,5.0,0.35,11.4,0.14,0.14,0.093357,1776214385000
1776214387.348,187.348,0.68,5.0,0.65,11.4,0.82,5.0,0.87,23.0,0.18,5.0,0.13,23.0,0.32,5.0,0.35,11.4,0.14,0.14,0.093361,1776214386000
1776214388.412,188.412,0.68,5.0,0.65,11.4,0.82,5.0,0.87,23.0,0.18,5.0,0.13,23.0,0.32,5.0,0.35,11.4,0.14,0.14,0.093361,1776214387000
1776214388.933,188.933,0.68,5.0,0.65,11.4,0.82,5.0,0.87,23.0,0.18,5.0,0.13,23.0,0.32,5.0,0.35,11.4,0.14,0.14,0.093361,1776214388000
1776214390.229,190.229,0.68,5.0,0.65,11.4,0.82,5.0,0.87,23.0,0.18,5.0,0.13,23.0,0.32,5.0,0.35,11.4,0.14,0.14,0.093361,1776214389000
1776214391.419,191.419,0.68,5.0,0.65,11.4,0.82,5.0,0.87,23.0,0.18,5.0,0.13,23.0,0.32,5.0,0.35,11.4,0.14,0.14,0.093377,1776214390000
1776214391.934,191.934,0.68,5.0,0.65,11.4,0.82,5.0,0.87,23.0,0.18,5.0,0.13,23.0,0.32,5.0,0.35,11.4,0.14,0.14,0.09338,1776214391000
1776214392.984,192.984,0.68,5.0,0.65,11.4,0.82,5.0,0.87,23.0,0.18,5.0,0.13,23.0,0.32,5.0,0.35,11.4,0.14,0.14,0.09338,1776214392000
1776214394.811,194.811,0.68,5.0,0.65,11.4,0.82,5.0,0.87,23.0,0.18,5.0,0.13,23.0,0.32,5.0,0.35,11.4,0.14,0.14,0.09338,1776214393000
1776214395.404,195.404,0.68,5.0,0.65,11.4,0.82,5.0,0.87,23.0,0.18,5.0,0.13,23.0,0.32,5.0,0.35,11.4,0.14,0.14,0.093377,1776214394000
1776214395.938,195.938,0.68,5.0,0.65,11.4,0.82,5.0,0.87,23.0,0.18,5.0,0.13,23.0,0.32,5.0,0.35,11.4,0.14,0.14,0.093377,1776214395000
1776214397.011,197.011,0.68,5.0,0.65,11.4,0.82,5.0,0.87,23.0,0.18,5.0,0.13,23.0,0.32,5.0,0.35,11.4,0.14,0.14,0.093377,1776214396000
1776214398.33,198.33,0.68,5.0,0.65,11.4,0.82,5.0,0.87,23.0,0.18,5.0,0.13,23.0,0.32,5.0,0.35,11.4,0.14,0.14,0.093391,1776214397000
1776214398.885,198.885,0.68,5.0,0.65,11.4,0.82,5.0,0.87,23.0,0.18,5.0,0.13,23.0,0.32,5.0,0.35,11.4,0.14,0.14,0.093397,1776214398000
1776214400.121,200.121,0.68,5.0,0.65,11.4,0.82,5.0,0.87,23.0,0.18,5.0,0.13,23.0,0.32,5.0,0.35,11.4,0.14,0.14,0.093398,1776214399000
1776214401.257,201.257,0.68,5.0,0.65,11.4,0.82,5.0,0.87,23.0,0.18,5.0,0.13,23.0,0.32,5.0,0.35,11.4,0.14,0.14,0.0934,1776214400000
1776214402.407,202.407,0.68,5.0,0.65,11.4,0.82,5.0,0.87,23.0,0.18,5.0,0.13,23.0,0.32,5.0,0.35,11.4,0.14,0.14,0.093406,1776214401000
1776214403.027,203.027,0.68,5.0,0.65,11.4,0.82,5.0,0.87,23.0,0.18,5.0,0.13,23.0,0.32,5.0,0.35,11.4,0.14,0.14,0.093407,1776214402000
1776214404.237,204.237,0.68,5.0,0.65,11.4,0.82,5.0,0.87,23.0,0.18,5.0,0.13,23.0,0.32,5.0,0.35,11.4,0.14,0.14,0.093407,1776214403000
1776214405.215,205.215,0.89,21.6,0.88,24.6,0.95,54.7,0.96,72.7,0.18,5.0,0.13,23.0,0.32,5.0,0.35,11.4,0.06,0.14,0.093407,1776214403000
1776214405.436,205.436,0.89,21.6,0.88,24.6,0.95,54.7,0.96,72.7,0.05,54.7,0.04,72.7,0.11,21.6,0.12,24.6,0.06,0.06,0.093407,1776214404000
1776214406.034,206.034,0.89,21.6,0.88,24.6,0.95,54.7,0.96,72.7,0.05,54.7,0.04,72.7,0.11,21.6,0.12,24.6,0.06,0.06,0.093407,1776214405000
1776214407.144,207.144,0.89,21.6,0.88,24.6,0.95,54.7,0.96,72.7,0.05,54.7,0.04,72.7,0.11,21.6,0.12,24.6,0.06,0.06,0.093407,1776214406000
1776214408.484,208.484,0.89,21.6,0.88,24.6,0.95,54.7,0.96,72.7,0.05,54.7,0.04,72.7,0.11,21.6,0.12,24.6,0.06,0.06,0.093407,1776214407000
1776214409.617,209.617,0.89,21.6,0.88,24.6,0.95,54.7,0.96,72.7,0.05,54.7,0.04,72.7,0.11,21.6,0.12,24.6,0.06,0.06,0.093407,1776214408000
1776214410.797,210.797,0.64,8.05,0.63,11.2,0.91,50.0,0.94,46.1,0.09,50.0,0.06,46.1,0.36,8.05,0.37,11.2,0.27,0.27,0.093407,1776214409000
1776214411.346,211.346,0.89,0.06,0.61,60.9,0.91,165.0,0.92,55.29,0.09,50.0,0.06,46.1,0.36,8.05,0.37,11.2,0.02,0.27,0.093407,1776214409000
1776214411.918,211.918,0.61,60.9,0.6,15.8,0.91,191.7,0.92,35.29,0.09,165.0,0.08,55.29,0.39,60.9,0.4,15.8,0.3,0.3,0.09339,1776214410000
1776214412.33,212.33,0.61,60.9,0.6,15.8,0.91,191.7,0.92,35.29,0.09,191.7,0.08,35.29,0.39,60.9,0.4,15.8,0.3,0.3,0.09335,1776214411000
1776214412.892,212.892,0.61,60.9,0.6,15.8,0.91,191.7,0.92,35.29,0.09,191.7,0.08,35.29,0.39,60.9,0.4,15.8,0.3,0.3,0.093351,1776214412000
1776214413.442,213.442,0.77,19.03,0.61,60.9,0.89,26.6,0.9,28.9,0.09,191.7,0.08,35.29,0.39,60.9,0.4,15.8,0.12,0.3,0.093351,1776214412000
1776214413.931,213.931,0.61,60.9,0.6,15.8,0.77,19.97,0.89,26.6,0.23,19.97,0.11,26.6,0.39,60.9,0.4,15.8,0.16,0.16,0.093351,1776214413000
1776214414.953,214.953,0.61,60.9,0.6,15.8,0.77,19.97,0.89,26.6,0.23,19.97,0.11,26.6,0.39,60.9,0.4,15.8,0.16,0.16,0.093352,1776214414000
1776214416.057,216.057,0.61,60.9,0.6,15.8,0.77,19.97,0.89,26.6,0.23,19.97,0.11,26.6,0.39,60.9,0.4,15.8,0.16,0.16,0.093352,1776214415000
1776214417.008,217.008,0.61,60.9,0.6,15.8,0.77,19.97,0.89,26.6,0.23,19.97,0.11,26.6,0.39,60.9,0.4,15.8,0.16,0.16,0.093349,1776214416000
1776214418.126,218.126,0.61,60.9,0.6,15.8,0.77,19.97,0.89,26.6,0.23,19.97,0.11,26.6,0.39,60.9,0.4,15.8,0.16,0.16,0.093353,1776214417000
1776214419.095,219.095,0.61,60.9,0.6,15.8,0.77,19.97,0.89,26.6,0.23,19.97,0.11,26.6,0.39,60.9,0.4,15.8,0.16,0.16,0.093353,1776214418000
1776214420.009,220.009,0.61,60.9,0.6,15.8,0.77,19.97,0.89,26.6,0.23,19.97,0.11,26.6,0.39,60.9,0.4,15.8,0.16,0.16,0.093346,1776214419000
1776214421.101,221.101,0.61,60.9,0.6,15.8,0.77,19.97,0.89,26.6,0.23,19.97,0.11,26.6,0.39,60.9,0.4,15.8,0.16,0.16,0.093347,1776214420000
1776214422.05,222.05,0.61,60.9,0.6,15.8,0.77,19.97,0.89,26.6,0.23,19.97,0.11,26.6,0.39,60.9,0.4,15.8,0.16,0.16,0.093345,1776214421000
1776214423.075,223.075,0.61,60.9,0.6,15.8,0.77,19.97,0.89,26.6,0.23,19.97,0.11,26.6,0.39,60.9,0.4,15.8,0.16,0.16,0.093348,1776214422000
1776214424.12,224.12,0.61,60.9,0.6,15.8,0.77,19.97,0.89,26.6,0.23,19.97,0.11,26.6,0.39,60.9,0.4,15.8,0.16,0.16,0.093348,1776214423000
1776214425.297,225.297,0.66,11.6,0.65,11.4,0.77,14.97,0.79,15.7,0.23,14.97,0.21,15.7,0.34,11.6,0.35,11.4,0.11,0.11,0.093348,1776214424000
1776214426.559,226.559,0.66,11.6,0.65,11.4,0.77,14.97,0.79,15.7,0.23,14.97,0.21,15.7,0.34,11.6,0.35,11.4,0.11,0.11,0.093348,1776214425000
1776214427.247,227.247,0.66,11.6,0.65,11.4,0.77,14.97,0.79,15.7,0.23,14.97,0.21,15.7,0.34,11.6,0.35,11.4,0.11,0.11,0.093348,1776214426000
1776214428.522,228.522,0.66,11.6,0.65,11.4,0.77,14.97,0.79,15.7,0.23,14.97,0.21,15.7,0.34,11.6,0.35,11.4,0.11,0.11,0.093345,1776214427000
1776214429.283,229.283,0.66,11.6,0.65,11.4,0.77,14.97,0.79,15.7,0.23,14.97,0.21,15.7,0.34,11.6,0.35,11.4,0.11,0.11,0.093344,1776214428000
1776214430.477,230.477,0.66,11.6,0.65,11.4,0.77,14.97,0.79,15.7,0.23,14.97,0.21,15.7,0.34,11.6,0.35,11.4,0.11,0.11,0.093334,1776214429000
1776214431.052,231.052,0.66,11.6,0.65,11.4,0.77,14.97,0.79,15.7,0.23,14.97,0.21,15.7,0.34,11.6,0.35,11.4,0.11,0.11,0.093334,1776214430000
1776214432.278,232.278,0.66,11.6,0.65,11.4,0.77,14.97,0.79,15.7,0.23,14.97,0.21,15.7,0.34,11.6,0.35,11.4,0.11,0.11,0.093335,1776214431000
1776214433.359,233.359,0.66,11.6,0.65,11.4,0.77,14.97,0.79,15.7,0.23,14.97,0.21,15.7,0.34,11.6,0.35,11.4,0.11,0.11,0.093333,1776214432000
1776214434.081,234.081,0.66,11.6,0.65,11.4,0.77,14.97,0.79,15.7,0.23,14.97,0.21,15.7,0.34,11.6,0.35,11.4,0.11,0.11,0.093333,1776214433000
1776214435.219,235.219,0.66,11.6,0.65,11.4,0.77,14.97,0.79,15.7,0.23,14.97,0.21,15.7,0.34,11.6,0.35,11.4,0.11,0.11,0.093333,1776214434000
1776214436.464,236.464,0.66,11.6,0.65,11.4,0.77,14.97,0.79,15.7,0.23,14.97,0.21,15.7,0.34,11.6,0.35,11.4,0.11,0.11,0.093335,1776214435000
1776214437.066,237.066,0.66,11.6,0.65,11.4,0.77,14.97,0.79,15.7,0.23,14.97,0.21,15.7,0.34,11.6,0.35,11.4,0.11,0.11,0.093335,1776214436000
1776214438.241,238.241,0.66,11.6,0.65,11.4,0.77,14.97,0.79,15.7,0.23,14.97,0.21,15.7,0.34,11.6,0.35,11.4,0.11,0.11,0.093333,1776214437000
1776214439.854,239.854,0.66,11.6,0.65,11.4,0.77,14.97,0.79,15.7,0.23,14.97,0.21,15.7,0.34,11.6,0.35,11.4,0.11,0.11,0.093334,1776214438000
1776214440.819,240.819,0.66,11.6,0.65,11.4,0.77,14.97,0.79,15.7,0.23,14.97,0.21,15.7,0.34,11.6,0.35,11.4,0.11,0.11,0.093334,1776214439000
1776214441.57,241.57,0.66,11.6,0.65,11.4,0.77,14.97,0.79,15.7,0.23,14.97,0.21,15.7,0.34,11.6,0.35,11.4,0.11,0.11,0.093334,1776214440000
1776214442.197,242.197,0.66,11.6,0.65,11.4,0.77,14.97,0.79,15.7,0.23,14.97,0.21,15.7,0.34,11.6,0.35,11.4,0.11,0.11,0.093334,1776214441000
1776214442.973,242.973,0.62,11.0,0.61,60.9,0.76,11.66,0.77,29.67,0.23,14.97,0.21,15.7,0.34,11.6,0.35,11.4,0.14,0.11,0.093334,1776214441000
1776214443.561,243.561,0.62,11.0,0.61,60.9,0.76,11.66,0.77,29.67,0.24,11.66,0.23,29.67,0.38,11.0,0.39,60.9,0.14,0.14,0.093332,1776214442000
1776214444.251,244.251,0.62,11.0,0.61,60.9,0.76,11.66,0.77,29.67,0.24,11.66,0.23,29.67,0.38,11.0,0.39,60.9,0.14,0.14,0.093332,1776214443000
1776214445.554,245.554,0.62,11.0,0.61,60.9,0.76,11.66,0.77,29.67,0.24,11.66,0.23,29.67,0.38,11.0,0.39,60.9,0.14,0.14,0.093336,1776214444000
1776214446.281,246.281,0.62,11.0,0.61,60.9,0.76,11.66,0.77,29.67,0.24,11.66,0.23,29.67,0.38,11.0,0.39,60.9,0.14,0.14,0.093336,1776214445000
1776214447.592,247.592,0.62,11.0,0.61,60.9,0.76,11.66,0.77,29.67,0.24,11.66,0.23,29.67,0.38,11.0,0.39,60.9,0.14,0.14,0.093336,1776214446000
1776214448.212,248.212,0.62,11.0,0.61,60.9,0.76,11.66,0.77,29.67,0.24,11.66,0.23,29.67,0.38,11.0,0.39,60.9,0.14,0.14,0.093336,1776214447000
1776214449.634,249.634,0.62,11.0,0.61,60.9,0.76,11.66,0.77,29.67,0.24,11.66,0.23,29.67,0.38,11.0,0.39,60.9,0.14,0.14,0.093336,1776214448000
1776214450.25,250.25,0.62,11.0,0.61,60.9,0.76,11.66,0.77,29.67,0.24,11.66,0.23,29.67,0.38,11.0,0.39,60.9,0.14,0.14,0.093336,1776214449000
1776214451.613,251.613,0.62,11.0,0.61,60.9,0.76,11.66,0.77,29.67,0.24,11.66,0.23,29.67,0.38,11.0,0.39,60.9,0.14,0.14,0.093336,1776214450000
1776214452.43,252.43,0.62,11.0,0.61,60.9,0.76,11.66,0.77,29.67,0.24,11.66,0.23,29.67,0.38,11.0,0.39,60.9,0.14,0.14,0.093336,1776214451000
1776214453.292,253.292,0.62,11.0,0.61,60.9,0.76,11.66,0.77,29.67,0.24,11.66,0.23,29.67,0.38,11.0,0.39,60.9,0.14,0.14,0.093336,1776214452000
1776214454.457,254.457,0.62,11.0,0.61,60.9,0.76,11.66,0.77,29.67,0.24,11.66,0.23,29.67,0.38,11.0,0.39,60.9,0.14,0.14,0.093336,1776214453000
1776214455.181,255.181,0.62,11.0,0.61,60.9,0.76,11.66,0.77,29.67,0.24,11.66,0.23,29.67,0.38,11.0,0.39,60.9,0.14,0.14,0.093336,1776214454000
1776214456.562,256.562,0.62,11.0,0.61,60.9,0.76,11.66,0.77,29.67,0.24,11.66,0.23,29.67,0.38,11.0,0.39,60.9,0.14,0.14,0.093337,1776214455000
1776214457.742,257.742,0.62,11.0,0.61,60.9,0.76,11.66,0.77,29.67,0.24,11.66,0.23,29.67,0.38,11.0,0.39,60.9,0.14,0.14,0.093337,1776214456000
1776214458.309,258.309,0.62,11.0,0.61,60.9,0.76,11.66,0.77,29.67,0.24,11.66,0.23,29.67,0.38,11.0,0.39,60.9,0.14,0.14,0.093337,1776214457000
1776214459.458,259.458,0.62,11.0,0.61,60.9,0.76,11.66,0.77,29.67,0.24,11.66,0.23,29.67,0.38,11.0,0.39,60.9,0.14,0.14,0.093337,1776214458000
1776214460.082,260.082,0.62,11.0,0.61,60.9,0.76,11.66,0.77,29.67,0.24,11.66,0.23,29.67,0.38,11.0,0.39,60.9,0.14,0.14,0.093337,1776214459000
1776214461.349,261.349,0.62,11.0,0.61,60.9,0.76,11.66,0.77,29.67,0.24,11.66,0.23,29.67,0.38,11.0,0.39,60.9,0.14,0.14,0.093336,1776214460000
1776214461.862,261.862,0.62,11.0,0.61,60.9,0.76,11.66,0.77,29.67,0.24,11.66,0.23,29.67,0.38,11.0,0.39,60.9,0.14,0.14,0.093336,1776214461000
1776214463.047,263.047,0.62,11.0,0.61,60.9,0.76,11.66,0.77,29.67,0.24,11.66,0.23,29.67,0.38,11.0,0.39,60.9,0.14,0.14,0.093348,1776214462000
1776214464.172,264.172,0.62,11.0,0.61,60.9,0.76,11.66,0.77,29.67,0.24,11.66,0.23,29.67,0.38,11.0,0.39,60.9,0.14,0.14,0.093349,1776214463000
1776214464.671,264.671,0.76,9.3,0.75,13.9,0.77,14.97,0.88,24.6,0.24,11.66,0.23,29.67,0.38,11.0,0.39,60.9,0.01,0.14,0.093349,1776214463000
1776214465.674,265.674,0.76,9.3,0.75,13.9,0.77,8.6,0.88,24.6,0.23,8.6,0.12,24.6,0.24,9.3,0.25,13.9,0.01,0.01,0.093346,1776214464000
1776214466.227,266.227,0.76,9.3,0.75,13.9,0.77,8.6,0.88,24.6,0.23,8.6,0.12,24.6,0.24,9.3,0.25,13.9,0.01,0.01,0.093346,1776214465000
1776214467.311,267.311,0.76,9.3,0.75,13.9,0.77,8.6,0.88,24.6,0.23,8.6,0.12,24.6,0.24,9.3,0.25,13.9,0.01,0.01,0.093346,1776214466000
1776214467.83,267.83,0.76,9.3,0.75,13.9,0.77,8.6,0.88,24.6,0.23,8.6,0.12,24.6,0.24,9.3,0.25,13.9,0.01,0.01,0.093346,1776214467000
1776214468.941,268.941,0.55,8.34,0.54,10.5,0.77,8.6,0.81,50.0,0.23,8.6,0.12,24.6,0.24,9.3,0.25,13.9,0.22,0.01,0.093346,1776214467000
1776214469.237,269.237,0.55,1.74,0.54,10.5,0.77,8.6,0.81,50.0,0.23,8.6,0.19,50.0,0.45,1.74,0.46,10.5,0.22,0.22,0.093343,1776214468000
1776214470.358,270.358,0.55,1.74,0.54,10.5,0.77,8.6,0.81,50.0,0.23,8.6,0.19,50.0,0.45,1.74,0.46,10.5,0.22,0.22,0.093336,1776214469000
1776214470.835,270.835,0.55,1.74,0.54,10.5,0.77,8.6,0.81,50.0,0.23,8.6,0.19,50.0,0.45,1.74,0.46,10.5,0.22,0.22,0.093323,1776214470000
1776214472.104,272.104,0.55,1.74,0.54,10.5,0.77,8.6,0.81,50.0,0.23,8.6,0.19,50.0,0.45,1.74,0.46,10.5,0.22,0.22,0.093316,1776214471000
1776214473.714,273.714,0.55,1.74,0.54,10.5,0.77,8.6,0.81,50.0,0.23,8.6,0.19,50.0,0.45,1.74,0.46,10.5,0.22,0.22,0.093316,1776214472000
1776214474.203,274.203,0.55,1.74,0.54,10.5,0.77,8.6,0.81,50.0,0.23,8.6,0.19,50.0,0.45,1.74,0.46,10.5,0.22,0.22,0.093316,1776214473000
1776214475.204,275.204,0.55,1.74,0.54,10.5,0.77,8.6,0.81,50.0,0.23,8.6,0.19,50.0,0.45,1.74,0.46,10.5,0.22,0.22,0.093317,1776214474000
1776214476.145,276.145,0.55,1.74,0.54,10.5,0.77,8.6,0.81,50.0,0.23,8.6,0.19,50.0,0.45,1.74,0.46,10.5,0.22,0.22,0.093318,1776214475000
1776214477.193,277.193,0.55,1.74,0.54,10.5,0.77,8.6,0.81,50.0,0.23,8.6,0.19,50.0,0.45,1.74,0.46,10.5,0.22,0.22,0.093318,1776214476000
1776214478.216,278.216,0.55,1.74,0.54,10.5,0.77,8.6,0.81,50.0,0.23,8.6,0.19,50.0,0.45,1.74,0.46,10.5,0.22,0.22,0.093318,1776214477000
1776214479.206,279.206,0.55,1.74,0.54,10.5,0.77,8.6,0.81,50.0,0.23,8.6,0.19,50.0,0.45,1.74,0.46,10.5,0.22,0.22,0.093318,1776214478000
1776214480.186,280.186,0.55,1.74,0.54,10.5,0.77,8.6,0.81,50.0,0.23,8.6,0.19,50.0,0.45,1.74,0.46,10.5,0.22,0.22,0.093318,1776214479000
1776214481.174,281.174,0.55,1.74,0.54,10.5,0.77,8.6,0.81,50.0,0.23,8.6,0.19,50.0,0.45,1.74,0.46,10.5,0.22,0.22,0.093318,1776214480000
1776214482.097,282.097,0.55,1.74,0.54,10.5,0.77,8.6,0.81,50.0,0.23,8.6,0.19,50.0,0.45,1.74,0.46,10.5,0.22,0.22,0.093318,1776214481000
1776214483.046,283.046,0.55,1.74,0.54,10.5,0.77,8.6,0.81,50.0,0.23,8.6,0.19,50.0,0.45,1.74,0.46,10.5,0.22,0.22,0.093318,1776214482000
1776214484.048,284.048,0.55,1.74,0.54,10.5,0.77,8.6,0.81,50.0,0.23,8.6,0.19,50.0,0.45,1.74,0.46,10.5,0.22,0.22,0.093318,1776214483000
1776214484.587,284.587,0.51,13.53,0.41,50.0,0.71,50.0,0.77,8.6,0.23,8.6,0.19,50.0,0.45,1.74,0.46,10.5,0.2,0.22,0.093318,1776214483000
1776214485.06,285.06,0.51,13.53,0.41,50.0,0.71,50.0,0.77,8.6,0.29,50.0,0.23,8.6,0.49,13.53,0.59,50.0,0.2,0.2,0.093317,1776214484000
1776214486.257,286.257,0.51,2.54,0.31,50.0,0.61,50.0,0.71,95.0,0.29,50.0,0.23,8.6,0.49,7.46,0.59,50.0,0.1,0.2,0.093317,1776214484000
1776214486.505,286.505,0.51,2.54,0.31,50.0,0.61,50.0,0.71,95.0,0.39,50.0,0.29,95.0,0.49,2.54,0.69,50.0,0.1,0.1,0.093309,1776214485000
1776214487.225,287.225,0.51,2.54,0.31,50.0,0.61,50.0,0.71,95.0,0.39,50.0,0.29,95.0,0.49,2.54,0.69,50.0,0.1,0.1,0.093305,1776214486000
1776214488.173,288.173,0.31,47.53,0.21,50.0,0.61,76.0,0.69,20.0,0.39,76.0,0.31,20.0,0.69,47.53,0.79,50.0,0.3,0.3,0.093302,1776214487000
1776214488.826,288.826,0.12,1.62,0.11,50.0,0.41,50.0,0.51,50.0,0.39,76.0,0.29,50.0,0.69,33.08,0.79,50.0,0.29,0.3,0.093302,1776214487000
1776214489.09,289.09,0.12,1.62,0.11,50.0,0.41,50.0,0.51,50.0,0.59,50.0,0.49,50.0,0.88,1.62,0.89,50.0,0.29,0.29,0.093299,1776214488000
1776214490.175,290.175,0.12,1.62,0.11,50.0,0.41,50.0,0.51,50.0,0.59,50.0,0.49,50.0,0.88,1.62,0.89,50.0,0.29,0.29,0.093296,1776214489000
1776214491.066,291.066,0.12,1.62,0.11,50.0,0.41,50.0,0.51,50.0,0.59,50.0,0.49,50.0,0.88,1.62,0.89,50.0,0.29,0.29,0.093287,1776214490000
1776214492.198,292.198,0.11,45.0,0.04,55.0,0.41,50.0,0.51,50.0,0.59,50.0,0.49,50.0,0.89,45.0,0.96,55.0,0.3,0.3,0.093287,1776214491000
1776214493.121,293.121,0.11,45.0,0.04,55.0,0.41,50.0,0.51,50.0,0.59,50.0,0.49,50.0,0.89,45.0,0.96,55.0,0.3,0.3,0.093291,1776214492000
1776214494.229,294.229,0.11,45.0,0.04,55.0,0.41,50.0,0.51,50.0,0.59,50.0,0.49,50.0,0.89,45.0,0.96,55.0,0.3,0.3,0.093291,1776214493000
1776214495.116,295.116,0.11,45.0,0.04,55.0,0.41,50.0,0.51,50.0,0.59,50.0,0.49,50.0,0.89,45.0,0.96,55.0,0.3,0.3,0.093293,1776214494000
1776214495.598,295.598,0.04,49.0,0.03,100.0,0.31,50.0,0.41,50.0,0.59,50.0,0.49,50.0,0.89,45.0,0.96,55.0,0.27,0.3,0.093293,1776214494000
1776214496.126,296.126,0.04,26.77,0.03,100.0,0.21,50.0,0.31,50.0,0.69,50.0,0.59,50.0,0.96,49.0,0.97,100.0,0.17,0.27,0.093293,1776214494000
1776214496.428,296.428,0.04,22.62,0.03,100.0,0.21,50.0,0.31,50.0,0.79,50.0,0.69,50.0,0.96,23.67,0.97,100.0,0.17,0.17,0.093293,1776214495000
1776214496.904,296.904,,,,,0.01,722.54,0.21,50.0,0.79,50.0,0.69,50.0,0.96,17.46,0.97,100.0,,0.17,0.093293,1776214495000
1776214497.148,297.148,,,,,0.01,722.54,0.21,50.0,0.99,722.54,0.79,50.0,,,,,,,0.093293,1776214496000
1776214497.908,297.908,,,,,0.01,84.43,0.11,50.0,0.99,722.54,0.79,50.0,,,,,,,0.093293,1776214496000
1776214498.241,298.241,,,,,0.01,84.43,0.11,50.0,0.99,84.43,0.89,50.0,,,,,,,0.09328,1776214497000
1776214499.675,299.675,,,,,0.01,84.43,0.11,50.0,0.99,84.43,0.89,50.0,,,,,,,0.093259,1776214498000
1776214500.16,300.16,,,,,0.01,84.43,0.11,50.0,0.99,84.43,0.89,50.0,,,,,,,0.093263,1776214499000
1776214501.255,301.255,,,,,0.01,84.43,0.11,50.0,0.99,84.43,0.89,50.0,,,,,,,0.093269,1776214500000
1776214502.171,302.171,,,,,0.01,84.43,0.11,50.0,0.99,84.43,0.89,50.0,,,,,,,0.093266,1776214501000

# RESULT,winner=Down,slug=doge-updown-5m-1776214200,ticks=326
