timestamp,elapsed_sec,up_bid_p1,up_bid_s1,up_bid_p2,up_bid_s2,up_ask_p1,up_ask_s1,up_ask_p2,up_ask_s2,down_bid_p1,down_bid_s1,down_bid_p2,down_bid_s2,down_ask_p1,down_ask_s1,down_ask_p2,down_ask_s2,up_spread,down_spread,doge_price,doge_oracle_ts
1776209701.416,1.416,0.33,300.0,0.31,375.0,0.49,5.0,0.67,300.0,0.51,5.0,0.33,300.0,0.67,300.0,0.69,375.0,0.16,0.16,0.09311,1776209700000
1776209701.775,1.775,0.33,300.0,0.31,375.0,0.49,5.0,0.67,300.0,0.51,5.0,0.33,300.0,0.67,300.0,0.69,375.0,0.16,0.16,0.09311,1776209700000
1776209702.118,2.118,0.33,300.0,0.31,375.0,0.49,5.0,0.67,300.0,0.51,5.0,0.33,300.0,0.67,300.0,0.69,375.0,0.16,0.16,0.093107,1776209701000
1776209703.878,3.878,0.33,300.0,0.31,375.0,0.49,5.0,0.67,300.0,0.51,5.0,0.33,300.0,0.67,300.0,0.69,375.0,0.16,0.16,0.093104,1776209702000
1776209704.418,4.418,0.33,300.0,0.31,375.0,0.49,5.0,0.67,300.0,0.51,5.0,0.33,300.0,0.67,300.0,0.69,375.0,0.16,0.16,0.093114,1776209703000
1776209704.849,4.849,0.33,300.0,0.31,375.0,0.49,5.0,0.67,300.0,0.51,5.0,0.33,300.0,0.67,300.0,0.69,375.0,0.16,0.16,0.093117,1776209704000
1776209705.803,5.803,0.48,5.0,0.41,50.0,0.6,5.0,0.61,5.0,0.51,5.0,0.33,300.0,0.67,300.0,0.69,375.0,0.12,0.16,0.093117,1776209704000
1776209706.925,6.925,0.48,5.0,0.41,50.0,0.6,5.0,0.61,5.0,0.4,5.0,0.39,5.0,0.52,5.0,0.59,50.0,0.12,0.12,0.093125,1776209706000
1776209707.997,7.997,0.48,5.0,0.41,50.0,0.6,5.0,0.61,5.0,0.4,5.0,0.39,5.0,0.52,5.0,0.59,50.0,0.12,0.12,0.093121,1776209707000
1776209708.934,8.934,0.48,5.0,0.41,50.0,0.6,5.0,0.61,5.0,0.4,5.0,0.39,5.0,0.52,5.0,0.59,50.0,0.12,0.12,0.093121,1776209708000
1776209709.423,9.423,0.42,5.0,0.41,5.0,0.54,0.83,0.56,10.0,0.4,5.0,0.39,5.0,0.52,5.0,0.59,50.0,0.12,0.12,0.093121,1776209708000
1776209709.905,9.905,0.42,5.0,0.41,5.0,0.54,0.83,0.56,10.0,0.46,0.83,0.44,10.0,0.58,5.0,0.59,5.0,0.12,0.12,0.093112,1776209709000
1776209710.894,10.894,0.42,5.0,0.41,5.0,0.54,0.83,0.56,10.0,0.46,0.83,0.44,10.0,0.58,5.0,0.59,5.0,0.12,0.12,0.0931,1776209710000
1776209711.565,11.565,0.39,10.0,0.31,50.0,0.48,3.5,0.51,5.0,0.46,0.83,0.44,10.0,0.58,5.0,0.59,5.0,0.09,0.12,0.0931,1776209710000
1776209711.871,11.871,0.39,10.0,0.31,50.0,0.48,3.5,0.51,5.0,0.52,3.5,0.49,5.0,0.61,10.0,0.69,50.0,0.09,0.09,0.093101,1776209711000
1776209712.838,12.838,0.39,10.0,0.31,50.0,0.48,3.5,0.51,5.0,0.52,3.5,0.49,5.0,0.61,10.0,0.69,50.0,0.09,0.09,0.093098,1776209712000
1776209713.774,13.774,0.39,10.0,0.31,50.0,0.48,3.5,0.51,5.0,0.52,3.5,0.49,5.0,0.61,10.0,0.69,50.0,0.09,0.09,0.093094,1776209713000
1776209715.235,15.235,0.39,10.0,0.31,50.0,0.48,3.5,0.51,5.0,0.52,3.5,0.49,5.0,0.61,10.0,0.69,50.0,0.09,0.09,0.093094,1776209714000
1776209716.646,16.646,0.39,10.0,0.31,50.0,0.48,3.5,0.51,5.0,0.52,3.5,0.49,5.0,0.61,10.0,0.69,50.0,0.09,0.09,0.093094,1776209715000
1776209717.251,17.251,0.39,10.0,0.31,50.0,0.48,3.5,0.51,5.0,0.52,3.5,0.49,5.0,0.61,10.0,0.69,50.0,0.09,0.09,0.093093,1776209716000
1776209718.378,18.378,0.39,10.0,0.31,50.0,0.48,3.5,0.51,5.0,0.52,3.5,0.49,5.0,0.61,10.0,0.69,50.0,0.09,0.09,0.093101,1776209717000
1776209718.947,18.947,0.39,10.0,0.31,50.0,0.48,3.5,0.51,5.0,0.52,3.5,0.49,5.0,0.61,10.0,0.69,50.0,0.09,0.09,0.093102,1776209718000
1776209720.029,20.029,0.39,10.0,0.31,50.0,0.48,3.5,0.51,5.0,0.52,3.5,0.49,5.0,0.61,10.0,0.69,50.0,0.09,0.09,0.093096,1776209719000
1776209720.547,20.547,0.29,8.4,0.28,15.0,0.4,5.0,0.49,24.0,0.52,3.5,0.49,5.0,0.61,10.0,0.69,50.0,0.11,0.09,0.093096,1776209719000
1776209721.088,21.088,0.29,8.4,0.28,15.0,0.4,5.0,0.49,24.0,0.6,5.0,0.51,24.0,0.71,8.4,0.72,15.0,0.11,0.11,0.093075,1776209720000
1776209721.597,21.597,0.27,5.0,0.22,20.0,0.4,5.0,0.41,10.0,0.6,5.0,0.51,24.0,0.71,8.4,0.72,15.0,0.13,0.11,0.093075,1776209720000
1776209722.309,22.309,0.27,5.0,0.22,20.0,0.4,5.0,0.41,10.0,0.6,5.0,0.59,10.0,0.73,5.0,0.78,20.0,0.13,0.13,0.093062,1776209721000
1776209723.422,23.422,0.27,5.0,0.22,20.0,0.4,5.0,0.41,10.0,0.6,5.0,0.59,10.0,0.73,5.0,0.78,20.0,0.13,0.13,0.093065,1776209722000
1776209723.939,23.939,0.27,5.0,0.22,20.0,0.4,5.0,0.41,10.0,0.6,5.0,0.59,10.0,0.73,5.0,0.78,20.0,0.13,0.13,0.093071,1776209723000
1776209725.008,25.008,0.27,5.0,0.22,20.0,0.4,5.0,0.41,10.0,0.6,5.0,0.59,10.0,0.73,5.0,0.78,20.0,0.13,0.13,0.093083,1776209724000
1776209726.159,26.159,0.27,5.0,0.22,20.0,0.4,5.0,0.41,10.0,0.6,5.0,0.59,10.0,0.73,5.0,0.78,20.0,0.13,0.13,0.093085,1776209725000
1776209727.164,27.164,0.27,5.0,0.22,20.0,0.4,5.0,0.41,10.0,0.6,5.0,0.59,10.0,0.73,5.0,0.78,20.0,0.13,0.13,0.093085,1776209726000
1776209728.199,28.199,0.27,5.0,0.22,20.0,0.4,5.0,0.41,10.0,0.6,5.0,0.59,10.0,0.73,5.0,0.78,20.0,0.13,0.13,0.093091,1776209727000
1776209729.255,29.255,0.27,5.0,0.22,20.0,0.4,5.0,0.41,10.0,0.6,5.0,0.59,10.0,0.73,5.0,0.78,20.0,0.13,0.13,0.093092,1776209728000
1776209730.378,30.378,0.39,5.0,0.38,5.0,0.5,1.0,0.53,10.0,0.6,5.0,0.59,10.0,0.73,5.0,0.78,20.0,0.11,0.13,0.093092,1776209728000
1776209731.767,31.767,0.39,5.0,0.38,5.0,0.5,1.0,0.53,10.0,0.5,1.0,0.47,10.0,0.61,5.0,0.62,5.0,0.11,0.11,0.093096,1776209730000
1776209732.756,32.756,0.39,5.0,0.38,5.0,0.5,1.0,0.53,10.0,0.5,1.0,0.47,10.0,0.61,5.0,0.62,5.0,0.11,0.11,0.09309,1776209731000
1776209733.58,33.58,0.39,5.0,0.38,5.0,0.5,1.0,0.53,10.0,0.5,1.0,0.47,10.0,0.61,5.0,0.62,5.0,0.11,0.11,0.093092,1776209732000
1776209734.747,34.747,0.39,5.0,0.38,5.0,0.5,1.0,0.53,10.0,0.5,1.0,0.47,10.0,0.61,5.0,0.62,5.0,0.11,0.11,0.093093,1776209733000
1776209735.701,35.701,0.39,5.0,0.38,5.0,0.5,1.0,0.53,10.0,0.5,1.0,0.47,10.0,0.61,5.0,0.62,5.0,0.11,0.11,0.093097,1776209734000
1776209736.602,36.602,0.39,5.0,0.38,5.0,0.5,1.0,0.53,10.0,0.5,1.0,0.47,10.0,0.61,5.0,0.62,5.0,0.11,0.11,0.093099,1776209735000
1776209737.791,37.791,0.39,5.0,0.38,5.0,0.5,1.0,0.53,10.0,0.5,1.0,0.47,10.0,0.61,5.0,0.62,5.0,0.11,0.11,0.093097,1776209736000
1776209738.797,38.797,0.39,5.0,0.38,5.0,0.5,1.0,0.53,10.0,0.5,1.0,0.47,10.0,0.61,5.0,0.62,5.0,0.11,0.11,0.093083,1776209737000
1776209740.003,40.003,0.39,5.0,0.38,5.0,0.5,1.0,0.53,10.0,0.5,1.0,0.47,10.0,0.61,5.0,0.62,5.0,0.11,0.11,0.093082,1776209738000
1776209740.727,40.727,0.39,5.0,0.38,5.0,0.5,1.0,0.53,10.0,0.5,1.0,0.47,10.0,0.61,5.0,0.62,5.0,0.11,0.11,0.093083,1776209739000
1776209741.723,41.723,0.39,5.0,0.38,5.0,0.5,1.0,0.53,10.0,0.5,1.0,0.47,10.0,0.61,5.0,0.62,5.0,0.11,0.11,0.093083,1776209740000
1776209742.651,42.651,0.24,3.09,0.18,17.6,0.27,20.0,0.28,5.0,0.5,1.0,0.47,10.0,0.61,5.0,0.62,5.0,0.03,0.11,0.093083,1776209740000
1776209743.531,43.531,0.24,1.77,0.21,50.0,0.27,20.0,0.28,5.0,0.73,20.0,0.72,5.0,0.76,1.77,0.79,50.0,0.03,0.03,0.093063,1776209742000
1776209744.21,44.21,0.24,1.77,0.21,50.0,0.27,20.0,0.28,5.0,0.73,20.0,0.72,5.0,0.76,1.77,0.79,50.0,0.03,0.03,0.093059,1776209743000
1776209745.578,45.578,0.24,1.77,0.21,50.0,0.27,20.0,0.28,5.0,0.73,20.0,0.72,5.0,0.76,1.77,0.79,50.0,0.03,0.03,0.093042,1776209744000
1776209746.344,46.344,0.24,1.77,0.21,50.0,0.27,20.0,0.28,5.0,0.73,20.0,0.72,5.0,0.76,1.77,0.79,50.0,0.03,0.03,0.093042,1776209745000
1776209746.57,46.57,0.2,16.2,0.19,16.89,0.29,5.0,0.32,10.0,0.73,20.0,0.72,5.0,0.76,1.77,0.79,50.0,0.09,0.03,0.093042,1776209745000
1776209747.039,47.039,0.2,16.2,0.19,16.89,0.29,5.0,0.32,10.0,0.71,5.0,0.68,10.0,0.8,16.2,0.81,16.89,0.09,0.09,0.093035,1776209746000
1776209748.396,48.396,0.2,16.2,0.19,16.89,0.29,5.0,0.32,10.0,0.71,5.0,0.68,10.0,0.8,16.2,0.81,16.89,0.09,0.09,0.093033,1776209747000
1776209749.15,49.15,0.2,16.2,0.19,16.89,0.29,5.0,0.32,10.0,0.71,5.0,0.68,10.0,0.8,16.2,0.81,16.89,0.09,0.09,0.093033,1776209748000
1776209750.685,50.685,0.2,10.03,0.19,16.89,0.29,5.0,0.32,10.0,0.71,5.0,0.68,10.0,0.8,10.03,0.81,16.89,0.09,0.09,0.09303,1776209749000
1776209751.468,51.468,0.2,10.03,0.19,16.89,0.29,5.0,0.32,10.0,0.71,5.0,0.68,10.0,0.8,10.03,0.81,16.89,0.09,0.09,0.093037,1776209750000
1776209752.201,52.201,0.2,10.03,0.19,16.89,0.29,5.0,0.32,10.0,0.71,5.0,0.68,10.0,0.8,10.03,0.81,16.89,0.09,0.09,0.093038,1776209751000
1776209753.399,53.399,0.2,10.03,0.19,16.89,0.29,5.0,0.32,10.0,0.71,5.0,0.68,10.0,0.8,10.03,0.81,16.89,0.09,0.09,0.093038,1776209752000
1776209753.927,53.927,0.2,10.03,0.19,16.89,0.29,5.0,0.32,10.0,0.71,5.0,0.68,10.0,0.8,10.03,0.81,16.89,0.09,0.09,0.093038,1776209753000
1776209755.602,55.602,0.2,10.03,0.19,16.89,0.29,5.0,0.32,10.0,0.71,5.0,0.68,10.0,0.8,10.03,0.81,16.89,0.09,0.09,0.093037,1776209754000
1776209756.41,56.41,0.2,10.03,0.19,16.89,0.29,5.0,0.32,10.0,0.71,5.0,0.68,10.0,0.8,10.03,0.81,16.89,0.09,0.09,0.093036,1776209755000
1776209757.09,57.09,0.2,10.03,0.19,16.89,0.29,5.0,0.32,10.0,0.71,5.0,0.68,10.0,0.8,10.03,0.81,16.89,0.09,0.09,0.093035,1776209756000
1776209758.45,58.45,0.2,10.03,0.19,16.89,0.29,5.0,0.32,10.0,0.71,5.0,0.68,10.0,0.8,10.03,0.81,16.89,0.09,0.09,0.093041,1776209757000
1776209759.15,59.15,0.2,10.03,0.19,16.89,0.29,5.0,0.32,10.0,0.71,5.0,0.68,10.0,0.8,10.03,0.81,16.89,0.09,0.09,0.093043,1776209758000
1776209760.445,60.445,0.2,10.03,0.19,16.89,0.29,5.0,0.32,10.0,0.71,5.0,0.68,10.0,0.8,10.03,0.81,16.89,0.09,0.09,0.093042,1776209759000
1776209761.093,61.093,0.2,10.03,0.19,16.89,0.29,5.0,0.32,10.0,0.71,5.0,0.68,10.0,0.8,10.03,0.81,16.89,0.09,0.09,0.093042,1776209760000
1776209762.298,62.298,0.2,10.03,0.19,16.89,0.29,5.0,0.32,10.0,0.71,5.0,0.68,10.0,0.8,10.03,0.81,16.89,0.09,0.09,0.093043,1776209761000
1776209763.176,63.176,0.2,10.03,0.19,16.89,0.29,5.0,0.32,10.0,0.71,5.0,0.68,10.0,0.8,10.03,0.81,16.89,0.09,0.09,0.093045,1776209762000
1776209764.493,64.493,0.2,10.03,0.19,16.89,0.29,5.0,0.32,10.0,0.71,5.0,0.68,10.0,0.8,10.03,0.81,16.89,0.09,0.09,0.093043,1776209763000
1776209765.085,65.085,0.2,10.03,0.19,16.89,0.29,5.0,0.32,10.0,0.71,5.0,0.68,10.0,0.8,10.03,0.81,16.89,0.09,0.09,0.093043,1776209764000
1776209766.367,66.367,0.2,10.03,0.19,16.89,0.29,5.0,0.32,10.0,0.71,5.0,0.68,10.0,0.8,10.03,0.81,16.89,0.09,0.09,0.093039,1776209765000
1776209766.958,66.958,0.2,10.03,0.19,16.89,0.29,5.0,0.32,10.0,0.71,5.0,0.68,10.0,0.8,10.03,0.81,16.89,0.09,0.09,0.093034,1776209766000
1776209768.188,68.188,0.2,10.03,0.19,16.89,0.29,5.0,0.32,10.0,0.71,5.0,0.68,10.0,0.8,10.03,0.81,16.89,0.09,0.09,0.093043,1776209767000
1776209769.596,69.596,0.2,10.03,0.19,16.89,0.29,5.0,0.32,10.0,0.71,5.0,0.68,10.0,0.8,10.03,0.81,16.89,0.09,0.09,0.093046,1776209768000
1776209770.807,70.807,0.2,10.03,0.19,16.89,0.29,5.0,0.32,10.0,0.71,5.0,0.68,10.0,0.8,10.03,0.81,16.89,0.09,0.09,0.093046,1776209769000
1776209771.258,71.258,0.2,10.03,0.19,16.89,0.29,5.0,0.32,10.0,0.71,5.0,0.68,10.0,0.8,10.03,0.81,16.89,0.09,0.09,0.093047,1776209770000
1776209772.39,72.39,0.2,10.03,0.19,16.89,0.29,5.0,0.32,10.0,0.71,5.0,0.68,10.0,0.8,10.03,0.81,16.89,0.09,0.09,0.09305,1776209771000
1776209773.075,73.075,0.2,10.03,0.19,16.89,0.29,5.0,0.32,10.0,0.71,5.0,0.68,10.0,0.8,10.03,0.81,16.89,0.09,0.09,0.09305,1776209772000
1776209774.115,74.115,0.2,10.03,0.19,16.89,0.29,5.0,0.32,10.0,0.71,5.0,0.68,10.0,0.8,10.03,0.81,16.89,0.09,0.09,0.093053,1776209773000
1776209774.617,74.617,0.33,5.0,0.27,13.2,0.46,10.0,0.47,36.0,0.71,5.0,0.68,10.0,0.8,10.03,0.81,16.89,0.13,0.09,0.093053,1776209773000
1776209775.298,75.298,0.33,5.0,0.27,13.2,0.46,10.0,0.47,36.0,0.54,10.0,0.53,36.0,0.67,5.0,0.73,13.2,0.13,0.13,0.093068,1776209774000
1776209776.421,76.421,0.33,5.0,0.27,13.2,0.46,10.0,0.47,36.0,0.54,10.0,0.53,36.0,0.67,5.0,0.73,13.2,0.13,0.13,0.093076,1776209775000
1776209777.03,77.03,0.33,5.0,0.27,13.2,0.46,10.0,0.47,36.0,0.54,10.0,0.53,36.0,0.67,5.0,0.73,13.2,0.13,0.13,0.093076,1776209776000
1776209778.131,78.131,0.33,5.0,0.27,13.2,0.46,10.0,0.47,36.0,0.54,10.0,0.53,36.0,0.67,5.0,0.73,13.2,0.13,0.13,0.093076,1776209777000
1776209778.406,78.406,0.34,9.02,0.33,16.8,0.45,24.0,0.46,10.0,0.54,10.0,0.53,36.0,0.67,5.0,0.73,13.2,0.11,0.13,0.093076,1776209777000
1776209779.229,79.229,0.34,9.02,0.33,16.8,0.45,24.0,0.46,10.0,0.55,24.0,0.54,10.0,0.66,9.02,0.67,16.8,0.11,0.11,0.09308,1776209778000
1776209780.3,80.3,0.34,9.02,0.33,16.8,0.45,24.0,0.46,10.0,0.55,24.0,0.54,10.0,0.66,9.02,0.67,16.8,0.11,0.11,0.09308,1776209779000
1776209780.963,80.963,0.34,9.02,0.33,16.8,0.45,24.0,0.46,10.0,0.55,24.0,0.54,10.0,0.66,9.02,0.67,16.8,0.11,0.11,0.09308,1776209780000
1776209781.961,81.961,0.34,9.02,0.33,16.8,0.45,24.0,0.46,10.0,0.55,24.0,0.54,10.0,0.66,9.02,0.67,16.8,0.11,0.11,0.09308,1776209781000
1776209783.065,83.065,0.34,9.02,0.33,16.8,0.45,24.0,0.46,10.0,0.55,24.0,0.54,10.0,0.66,9.02,0.67,16.8,0.11,0.11,0.093081,1776209782000
1776209784.155,84.155,0.34,9.02,0.33,16.8,0.45,24.0,0.46,10.0,0.55,24.0,0.54,10.0,0.66,9.02,0.67,16.8,0.11,0.11,0.093079,1776209783000
1776209785.313,85.313,0.34,9.02,0.33,16.8,0.45,24.0,0.46,10.0,0.55,24.0,0.54,10.0,0.66,9.02,0.67,16.8,0.11,0.11,0.093076,1776209784000
1776209785.57,85.57,0.37,5.0,0.36,5.0,0.5,10.0,0.51,5.0,0.55,24.0,0.54,10.0,0.66,9.02,0.67,16.8,0.13,0.11,0.093076,1776209784000
1776209786.414,86.414,0.37,5.0,0.36,5.0,0.5,10.0,0.51,5.0,0.5,10.0,0.49,5.0,0.63,5.0,0.64,5.0,0.13,0.13,0.09308,1776209785000
1776209787.034,87.034,0.37,5.0,0.36,5.0,0.5,10.0,0.51,5.0,0.5,10.0,0.49,5.0,0.63,5.0,0.64,5.0,0.13,0.13,0.093087,1776209786000
1776209788.212,88.212,0.41,5.0,0.38,11.0,0.53,5.0,0.55,10.0,0.47,5.0,0.45,10.0,0.59,5.0,0.62,11.0,0.12,0.12,0.093101,1776209787000
1776209789.317,89.317,0.41,5.0,0.38,11.0,0.53,5.0,0.55,10.0,0.47,5.0,0.45,10.0,0.59,5.0,0.62,11.0,0.12,0.12,0.093101,1776209788000
1776209789.899,89.899,0.41,5.0,0.38,11.0,0.53,5.0,0.55,10.0,0.47,5.0,0.45,10.0,0.59,5.0,0.62,11.0,0.12,0.12,0.093101,1776209789000
1776209790.951,90.951,0.41,5.0,0.38,11.0,0.53,5.0,0.55,10.0,0.47,5.0,0.45,10.0,0.59,5.0,0.62,11.0,0.12,0.12,0.0931,1776209790000
1776209792.144,92.144,0.41,5.0,0.38,11.0,0.53,5.0,0.55,10.0,0.47,5.0,0.45,10.0,0.59,5.0,0.62,11.0,0.12,0.12,0.093102,1776209791000
1776209793.393,93.393,0.41,5.0,0.38,11.0,0.53,5.0,0.55,10.0,0.47,5.0,0.45,10.0,0.59,5.0,0.62,11.0,0.12,0.12,0.093103,1776209792000
1776209793.94,93.94,0.41,5.0,0.38,11.0,0.53,5.0,0.55,10.0,0.47,5.0,0.45,10.0,0.59,5.0,0.62,11.0,0.12,0.12,0.093103,1776209793000
1776209795.023,95.023,0.41,5.0,0.38,11.0,0.53,5.0,0.55,10.0,0.47,5.0,0.45,10.0,0.59,5.0,0.62,11.0,0.12,0.12,0.093103,1776209794000
1776209796.17,96.17,0.41,5.0,0.38,11.0,0.53,5.0,0.55,10.0,0.47,5.0,0.45,10.0,0.59,5.0,0.62,11.0,0.12,0.12,0.093096,1776209795000
1776209797.399,97.399,0.41,5.0,0.38,11.0,0.53,5.0,0.55,10.0,0.47,5.0,0.45,10.0,0.59,5.0,0.62,11.0,0.12,0.12,0.093096,1776209796000
1776209797.984,97.984,0.41,5.0,0.38,11.0,0.53,5.0,0.55,10.0,0.47,5.0,0.45,10.0,0.59,5.0,0.62,11.0,0.12,0.12,0.093095,1776209797000
1776209799.1,99.1,0.41,5.0,0.38,11.0,0.53,5.0,0.55,10.0,0.47,5.0,0.45,10.0,0.59,5.0,0.62,11.0,0.12,0.12,0.093095,1776209798000
1776209800.19,100.19,0.41,5.0,0.38,11.0,0.53,5.0,0.55,10.0,0.47,5.0,0.45,10.0,0.59,5.0,0.62,11.0,0.12,0.12,0.093096,1776209799000
1776209801.106,101.106,0.41,5.0,0.38,11.0,0.53,5.0,0.55,10.0,0.47,5.0,0.45,10.0,0.59,5.0,0.62,11.0,0.12,0.12,0.093095,1776209800000
1776209802.178,102.178,0.41,5.0,0.38,11.0,0.53,5.0,0.55,10.0,0.47,5.0,0.45,10.0,0.59,5.0,0.62,11.0,0.12,0.12,0.09309,1776209801000
1776209803.144,103.144,0.41,5.0,0.38,11.0,0.53,5.0,0.55,10.0,0.47,5.0,0.45,10.0,0.59,5.0,0.62,11.0,0.12,0.12,0.093091,1776209802000
1776209804.162,104.162,0.41,5.0,0.38,11.0,0.53,5.0,0.55,10.0,0.47,5.0,0.45,10.0,0.59,5.0,0.62,11.0,0.12,0.12,0.09309,1776209803000
1776209805.199,105.199,0.41,5.0,0.38,11.0,0.53,5.0,0.55,10.0,0.47,5.0,0.45,10.0,0.59,5.0,0.62,11.0,0.12,0.12,0.093091,1776209804000
1776209806.208,106.208,0.41,5.0,0.38,11.0,0.53,5.0,0.55,10.0,0.47,5.0,0.45,10.0,0.59,5.0,0.62,11.0,0.12,0.12,0.093091,1776209805000
1776209807.177,107.177,0.41,5.0,0.38,11.0,0.53,5.0,0.55,10.0,0.47,5.0,0.45,10.0,0.59,5.0,0.62,11.0,0.12,0.12,0.093093,1776209806000
1776209808.159,108.159,0.41,5.0,0.38,11.0,0.53,5.0,0.55,10.0,0.47,5.0,0.45,10.0,0.59,5.0,0.62,11.0,0.12,0.12,0.093092,1776209807000
1776209809.122,109.122,0.41,5.0,0.38,11.0,0.53,5.0,0.55,10.0,0.47,5.0,0.45,10.0,0.59,5.0,0.62,11.0,0.12,0.12,0.093091,1776209808000
1776209810.141,110.141,0.41,5.0,0.38,11.0,0.53,5.0,0.55,10.0,0.47,5.0,0.45,10.0,0.59,5.0,0.62,11.0,0.12,0.12,0.09309,1776209809000
1776209811.152,111.152,0.41,5.0,0.38,11.0,0.53,5.0,0.55,10.0,0.47,5.0,0.45,10.0,0.59,5.0,0.62,11.0,0.12,0.12,0.093091,1776209810000
1776209812.177,112.177,0.41,5.0,0.38,11.0,0.53,5.0,0.55,10.0,0.47,5.0,0.45,10.0,0.59,5.0,0.62,11.0,0.12,0.12,0.093088,1776209811000
1776209813.224,113.224,0.41,5.0,0.38,11.0,0.53,5.0,0.55,10.0,0.47,5.0,0.45,10.0,0.59,5.0,0.62,11.0,0.12,0.12,0.093086,1776209812000
1776209813.723,113.723,0.27,33.2,0.26,13.5,0.48,5.0,0.49,10.0,0.47,5.0,0.45,10.0,0.59,5.0,0.62,11.0,0.21,0.12,0.093086,1776209812000
1776209814.297,114.297,0.27,33.2,0.26,13.5,0.48,5.0,0.49,10.0,0.52,5.0,0.51,10.0,0.73,33.2,0.74,13.5,0.21,0.21,0.093087,1776209813000
1776209815.378,115.378,0.27,33.2,0.26,13.5,0.48,5.0,0.49,10.0,0.52,5.0,0.51,10.0,0.73,33.2,0.74,13.5,0.21,0.21,0.093087,1776209814000
1776209815.922,115.922,0.27,33.2,0.26,13.5,0.48,5.0,0.49,10.0,0.52,5.0,0.51,10.0,0.73,33.2,0.74,13.5,0.21,0.21,0.093089,1776209815000
1776209817.073,117.073,0.27,33.2,0.26,13.5,0.48,5.0,0.49,10.0,0.52,5.0,0.51,10.0,0.73,33.2,0.74,13.5,0.21,0.21,0.093088,1776209816000
1776209818.292,118.292,0.27,33.2,0.26,13.5,0.48,5.0,0.49,10.0,0.52,5.0,0.51,10.0,0.73,33.2,0.74,13.5,0.21,0.21,0.093088,1776209817000
1776209819.308,119.308,0.27,33.2,0.26,13.5,0.48,5.0,0.49,10.0,0.52,5.0,0.51,10.0,0.73,33.2,0.74,13.5,0.21,0.21,0.093088,1776209818000
1776209820.397,120.397,0.27,33.2,0.26,13.5,0.48,5.0,0.49,10.0,0.52,5.0,0.51,10.0,0.73,33.2,0.74,13.5,0.21,0.21,0.093089,1776209819000
1776209820.883,120.883,0.27,33.2,0.26,13.5,0.48,5.0,0.49,10.0,0.52,5.0,0.51,10.0,0.73,33.2,0.74,13.5,0.21,0.21,0.093088,1776209820000
1776209822.068,122.068,0.27,33.2,0.26,13.5,0.48,5.0,0.49,10.0,0.52,5.0,0.51,10.0,0.73,33.2,0.74,13.5,0.21,0.21,0.093088,1776209821000
1776209823.032,123.032,0.27,33.2,0.26,13.5,0.48,5.0,0.49,10.0,0.52,5.0,0.51,10.0,0.73,33.2,0.74,13.5,0.21,0.21,0.093088,1776209822000
1776209824.245,124.245,0.27,33.2,0.26,13.5,0.48,5.0,0.49,10.0,0.52,5.0,0.51,10.0,0.73,33.2,0.74,13.5,0.21,0.21,0.093084,1776209823000
1776209825.294,125.294,0.27,33.2,0.26,13.5,0.48,5.0,0.49,10.0,0.52,5.0,0.51,10.0,0.73,33.2,0.74,13.5,0.21,0.21,0.09308,1776209824000
1776209826.33,126.33,0.3,5.0,0.22,20.0,0.41,50.0,0.43,5.0,0.59,50.0,0.57,5.0,0.7,5.0,0.78,20.0,0.11,0.11,0.093079,1776209825000
1776209827.403,127.403,0.3,5.0,0.22,20.0,0.41,50.0,0.43,5.0,0.59,50.0,0.57,5.0,0.7,5.0,0.78,20.0,0.11,0.11,0.093077,1776209826000
1776209828.405,128.405,0.3,5.0,0.22,20.0,0.41,50.0,0.43,5.0,0.59,50.0,0.57,5.0,0.7,5.0,0.78,20.0,0.11,0.11,0.093077,1776209827000
1776209829.028,129.028,0.3,5.0,0.22,20.0,0.41,50.0,0.43,5.0,0.59,50.0,0.57,5.0,0.7,5.0,0.78,20.0,0.11,0.11,0.093077,1776209828000
1776209830.765,130.765,0.3,5.0,0.22,20.0,0.41,50.0,0.43,5.0,0.59,50.0,0.57,5.0,0.7,5.0,0.78,20.0,0.11,0.11,0.093076,1776209829000
1776209831.316,131.316,0.3,5.0,0.22,20.0,0.41,50.0,0.43,5.0,0.59,50.0,0.57,5.0,0.7,5.0,0.78,20.0,0.11,0.11,0.093076,1776209830000
1776209832.233,132.233,0.3,5.0,0.22,20.0,0.41,50.0,0.43,5.0,0.59,50.0,0.57,5.0,0.7,5.0,0.78,20.0,0.11,0.11,0.093076,1776209831000
1776209833.802,133.802,0.3,5.0,0.22,20.0,0.41,50.0,0.43,5.0,0.59,50.0,0.57,5.0,0.7,5.0,0.78,20.0,0.11,0.11,0.093073,1776209832000
1776209834.54,134.54,0.3,5.0,0.22,20.0,0.41,50.0,0.43,5.0,0.59,50.0,0.57,5.0,0.7,5.0,0.78,20.0,0.11,0.11,0.093072,1776209833000
1776209835.237,135.237,0.3,5.0,0.22,20.0,0.41,50.0,0.43,5.0,0.59,50.0,0.57,5.0,0.7,5.0,0.78,20.0,0.11,0.11,0.093072,1776209834000
1776209835.484,135.484,0.25,5.0,0.2,16.2,0.38,2.31,0.4,5.0,0.59,50.0,0.57,5.0,0.7,5.0,0.78,20.0,0.13,0.11,0.093072,1776209834000
1776209837.034,137.034,0.25,5.0,0.2,16.2,0.38,2.31,0.4,5.0,0.62,2.31,0.6,5.0,0.75,5.0,0.8,16.2,0.13,0.13,0.093076,1776209835000
1776209837.847,137.847,0.25,5.0,0.2,16.2,0.38,2.31,0.4,5.0,0.62,2.31,0.6,5.0,0.75,5.0,0.8,16.2,0.13,0.13,0.093076,1776209836000
1776209838.57,138.57,0.25,5.0,0.2,16.2,0.38,2.31,0.4,5.0,0.62,2.31,0.6,5.0,0.75,5.0,0.8,16.2,0.13,0.13,0.093076,1776209837000
1776209839.474,139.474,0.25,5.0,0.2,16.2,0.38,2.31,0.4,5.0,0.62,2.31,0.6,5.0,0.75,5.0,0.8,16.2,0.13,0.13,0.093076,1776209838000
1776209840.312,140.312,0.25,5.0,0.2,16.2,0.38,2.31,0.4,5.0,0.62,2.31,0.6,5.0,0.75,5.0,0.8,16.2,0.13,0.13,0.093076,1776209839000
1776209841.163,141.163,0.25,5.0,0.2,16.2,0.38,2.31,0.4,5.0,0.62,2.31,0.6,5.0,0.75,5.0,0.8,16.2,0.13,0.13,0.093076,1776209840000
1776209842.096,142.096,0.25,5.0,0.2,16.2,0.37,2.24,0.4,5.0,0.62,2.31,0.6,5.0,0.75,5.0,0.8,16.2,0.12,0.13,0.093076,1776209840000
1776209842.837,142.837,0.25,5.0,0.2,16.2,0.37,2.24,0.4,5.0,0.63,2.24,0.6,5.0,0.75,5.0,0.8,16.2,0.12,0.12,0.093076,1776209841000
1776209843.673,143.673,0.25,5.0,0.2,16.2,0.37,2.24,0.4,5.0,0.63,2.24,0.6,5.0,0.75,5.0,0.8,16.2,0.12,0.12,0.093076,1776209842000
1776209844.471,144.471,0.25,5.0,0.2,16.2,0.37,2.24,0.4,5.0,0.63,2.24,0.6,5.0,0.75,5.0,0.8,16.2,0.12,0.12,0.093076,1776209843000
1776209845.33,145.33,0.25,5.0,0.2,16.2,0.37,2.24,0.4,5.0,0.63,2.24,0.6,5.0,0.75,5.0,0.8,16.2,0.12,0.12,0.093076,1776209844000
1776209846.231,146.231,0.25,5.0,0.2,16.2,0.37,2.24,0.4,5.0,0.63,2.24,0.6,5.0,0.75,5.0,0.8,16.2,0.12,0.12,0.093076,1776209845000
1776209848.357,148.357,0.25,5.0,0.2,16.2,0.37,2.24,0.4,5.0,0.63,2.24,0.6,5.0,0.75,5.0,0.8,16.2,0.12,0.12,0.093076,1776209847000
1776209848.959,148.959,0.25,5.0,0.2,16.2,0.37,2.24,0.4,5.0,0.63,2.24,0.6,5.0,0.75,5.0,0.8,16.2,0.12,0.12,0.093076,1776209848000
1776209849.981,149.981,0.25,5.0,0.2,16.2,0.37,2.24,0.4,5.0,0.63,2.24,0.6,5.0,0.75,5.0,0.8,16.2,0.12,0.12,0.093073,1776209849000
1776209851.321,151.321,0.25,5.0,0.2,16.2,0.37,2.24,0.4,5.0,0.63,2.24,0.6,5.0,0.75,5.0,0.8,16.2,0.12,0.12,0.093073,1776209850000
1776209852.455,152.455,0.25,5.0,0.2,16.2,0.37,2.24,0.4,5.0,0.63,2.24,0.6,5.0,0.75,5.0,0.8,16.2,0.12,0.12,0.093075,1776209851000
1776209853.084,153.084,0.25,5.0,0.2,16.2,0.37,2.24,0.4,5.0,0.63,2.24,0.6,5.0,0.75,5.0,0.8,16.2,0.12,0.12,0.093076,1776209852000
1776209854.192,154.192,0.25,5.0,0.2,16.2,0.37,2.24,0.4,5.0,0.63,2.24,0.6,5.0,0.75,5.0,0.8,16.2,0.12,0.12,0.093076,1776209853000
1776209855.331,155.331,0.25,5.0,0.2,16.2,0.37,2.24,0.4,5.0,0.63,2.24,0.6,5.0,0.75,5.0,0.8,16.2,0.12,0.12,0.093074,1776209854000
1776209856.488,156.488,0.25,5.0,0.2,16.2,0.37,2.24,0.4,5.0,0.63,2.24,0.6,5.0,0.75,5.0,0.8,16.2,0.12,0.12,0.093077,1776209855000
1776209857.115,157.115,0.25,5.0,0.2,16.2,0.37,2.24,0.4,5.0,0.63,2.24,0.6,5.0,0.75,5.0,0.8,16.2,0.12,0.12,0.093076,1776209856000
1776209858.504,158.504,0.25,5.0,0.2,16.2,0.37,2.24,0.4,5.0,0.63,2.24,0.6,5.0,0.75,5.0,0.8,16.2,0.12,0.12,0.093076,1776209857000
1776209859.111,159.111,0.25,5.0,0.2,16.2,0.37,2.24,0.4,5.0,0.63,2.24,0.6,5.0,0.75,5.0,0.8,16.2,0.12,0.12,0.093076,1776209858000
1776209860.347,160.347,0.25,5.0,0.2,16.2,0.37,2.24,0.4,5.0,0.63,2.24,0.6,5.0,0.75,5.0,0.8,16.2,0.12,0.12,0.093075,1776209859000
1776209860.927,160.927,0.25,5.0,0.2,16.2,0.37,2.24,0.4,5.0,0.63,2.24,0.6,5.0,0.75,5.0,0.8,16.2,0.12,0.12,0.093083,1776209860000
1776209862.122,162.122,0.25,5.0,0.2,16.2,0.37,2.24,0.4,5.0,0.63,2.24,0.6,5.0,0.75,5.0,0.8,16.2,0.12,0.12,0.093086,1776209861000
1776209862.381,162.381,0.28,5.0,0.24,14.3,0.41,50.0,0.42,5.0,0.63,2.24,0.6,5.0,0.75,5.0,0.8,16.2,0.13,0.12,0.093086,1776209861000
1776209863.767,163.767,0.28,5.0,0.24,14.3,0.41,50.0,0.42,5.0,0.59,50.0,0.58,5.0,0.72,5.0,0.76,14.3,0.13,0.13,0.093087,1776209862000
1776209864.279,164.279,0.28,5.0,0.24,14.3,0.41,50.0,0.42,5.0,0.59,50.0,0.58,5.0,0.72,5.0,0.76,14.3,0.13,0.13,0.093087,1776209863000
1776209864.816,164.816,0.28,5.0,0.24,14.3,0.41,50.0,0.42,5.0,0.59,50.0,0.58,5.0,0.72,5.0,0.76,14.3,0.13,0.13,0.093087,1776209864000
1776209865.768,165.768,0.28,5.0,0.24,14.3,0.41,50.0,0.42,5.0,0.59,50.0,0.58,5.0,0.72,5.0,0.76,14.3,0.13,0.13,0.09309,1776209865000
1776209867.271,167.271,0.28,5.0,0.24,14.3,0.41,50.0,0.42,5.0,0.59,50.0,0.58,5.0,0.72,5.0,0.76,14.3,0.13,0.13,0.093088,1776209866000
1776209868.193,168.193,0.28,5.0,0.24,14.3,0.41,50.0,0.42,5.0,0.59,50.0,0.58,5.0,0.72,5.0,0.76,14.3,0.13,0.13,0.09308,1776209867000
1776209869.249,169.249,0.28,5.0,0.24,14.3,0.41,50.0,0.42,5.0,0.59,50.0,0.58,5.0,0.72,5.0,0.76,14.3,0.13,0.13,0.093074,1776209868000
1776209870.198,170.198,0.28,5.0,0.24,14.3,0.41,50.0,0.42,5.0,0.59,50.0,0.58,5.0,0.72,5.0,0.76,14.3,0.13,0.13,0.093072,1776209869000
1776209871.272,171.272,0.28,5.0,0.24,14.3,0.41,50.0,0.42,5.0,0.59,50.0,0.58,5.0,0.72,5.0,0.76,14.3,0.13,0.13,0.093072,1776209870000
1776209871.783,171.783,0.09,31.7,0.08,35.29,0.21,45.0,0.31,65.0,0.59,50.0,0.58,5.0,0.72,5.0,0.76,14.3,0.12,0.13,0.093072,1776209870000
1776209872.876,172.876,0.09,31.7,0.08,35.29,0.21,45.0,0.31,65.0,0.79,45.0,0.69,65.0,0.91,31.7,0.92,35.29,0.12,0.12,0.093071,1776209871000
1776209873.492,173.492,0.09,31.7,0.08,35.29,0.21,45.0,0.31,65.0,0.79,45.0,0.69,65.0,0.91,31.7,0.92,35.29,0.12,0.12,0.093059,1776209872000
1776209874.13,174.13,0.09,31.7,0.08,35.29,0.21,45.0,0.31,65.0,0.79,45.0,0.69,65.0,0.91,31.7,0.92,35.29,0.12,0.12,0.093045,1776209873000
1776209875.178,175.178,0.09,31.7,0.08,35.29,0.21,45.0,0.31,65.0,0.79,45.0,0.69,65.0,0.91,31.7,0.92,35.29,0.12,0.12,0.093028,1776209874000
1776209876.167,176.167,0.09,31.7,0.08,35.29,0.21,45.0,0.31,65.0,0.79,45.0,0.69,65.0,0.91,31.7,0.92,35.29,0.12,0.12,0.093029,1776209875000
1776209877.643,177.643,0.09,31.7,0.08,35.29,0.21,45.0,0.31,65.0,0.79,45.0,0.69,65.0,0.91,31.7,0.92,35.29,0.12,0.12,0.093033,1776209876000
1776209878.282,178.282,0.09,31.7,0.08,35.29,0.21,45.0,0.31,65.0,0.79,45.0,0.69,65.0,0.91,31.7,0.92,35.29,0.12,0.12,0.093036,1776209877000
1776209879.374,179.374,0.09,31.7,0.08,35.29,0.21,45.0,0.31,65.0,0.79,45.0,0.69,65.0,0.91,31.7,0.92,35.29,0.12,0.12,0.093038,1776209878000
1776209879.918,179.918,0.09,31.7,0.08,35.29,0.21,45.0,0.31,65.0,0.79,45.0,0.69,65.0,0.91,31.7,0.92,35.29,0.12,0.12,0.093037,1776209879000
1776209881.022,181.022,0.09,31.7,0.08,35.29,0.21,45.0,0.31,65.0,0.79,45.0,0.69,65.0,0.91,31.7,0.92,35.29,0.12,0.12,0.093038,1776209880000
1776209882.178,182.178,0.09,31.7,0.08,35.29,0.21,45.0,0.31,65.0,0.79,45.0,0.69,65.0,0.91,31.7,0.92,35.29,0.12,0.12,0.093038,1776209881000
1776209883.21,183.21,0.09,31.7,0.08,35.29,0.21,45.0,0.31,65.0,0.79,45.0,0.69,65.0,0.91,31.7,0.92,35.29,0.12,0.12,0.093037,1776209882000
1776209884.784,184.784,0.09,31.7,0.08,35.29,0.21,45.0,0.31,65.0,0.79,45.0,0.69,65.0,0.91,31.7,0.92,35.29,0.12,0.12,0.093035,1776209883000
1776209885.302,185.302,0.09,31.7,0.08,35.29,0.21,45.0,0.31,65.0,0.79,45.0,0.69,65.0,0.91,31.7,0.92,35.29,0.12,0.12,0.093031,1776209884000
1776209885.931,185.931,0.09,31.7,0.08,35.29,0.21,45.0,0.31,65.0,0.79,45.0,0.69,65.0,0.91,31.7,0.92,35.29,0.12,0.12,0.09303,1776209885000
1776209887.025,187.025,0.09,31.7,0.08,35.29,0.21,45.0,0.31,65.0,0.79,45.0,0.69,65.0,0.91,31.7,0.92,35.29,0.12,0.12,0.093024,1776209886000
1776209888.174,188.174,0.09,31.7,0.08,35.29,0.21,45.0,0.31,65.0,0.79,45.0,0.69,65.0,0.91,31.7,0.92,35.29,0.12,0.12,0.093023,1776209887000
1776209889.422,189.422,0.09,31.7,0.08,35.29,0.21,45.0,0.31,65.0,0.79,45.0,0.69,65.0,0.91,31.7,0.92,35.29,0.12,0.12,0.093023,1776209888000
1776209890.447,190.447,0.09,31.7,0.08,35.29,0.21,45.0,0.31,65.0,0.79,45.0,0.69,65.0,0.91,31.7,0.92,35.29,0.12,0.12,0.093023,1776209889000
1776209890.838,190.838,0.09,31.7,0.08,35.29,0.21,45.0,0.31,65.0,0.79,45.0,0.69,65.0,0.91,31.7,0.92,35.29,0.12,0.12,0.093023,1776209890000
1776209892.673,192.673,0.09,31.7,0.08,35.29,0.21,45.0,0.31,65.0,0.79,45.0,0.69,65.0,0.91,31.7,0.92,35.29,0.12,0.12,0.093018,1776209891000
1776209893.237,193.237,0.09,31.7,0.08,35.29,0.21,45.0,0.31,65.0,0.79,45.0,0.69,65.0,0.91,31.7,0.92,35.29,0.12,0.12,0.093014,1776209892000
1776209894.509,194.509,0.09,31.7,0.08,35.29,0.21,45.0,0.31,65.0,0.79,45.0,0.69,65.0,0.91,31.7,0.92,35.29,0.12,0.12,0.093014,1776209893000
1776209895.422,195.422,0.09,31.7,0.08,35.29,0.21,45.0,0.31,65.0,0.79,45.0,0.69,65.0,0.91,31.7,0.92,35.29,0.12,0.12,0.093014,1776209894000
1776209896.68,196.68,0.09,31.7,0.08,35.29,0.21,45.0,0.31,65.0,0.79,45.0,0.69,65.0,0.91,31.7,0.92,35.29,0.12,0.12,0.09304,1776209895000
1776209896.904,196.904,0.08,32.66,0.07,39.9,0.21,45.0,0.23,14.7,0.79,45.0,0.77,14.7,0.92,32.66,0.93,39.9,0.13,0.13,0.09304,1776209895000
1776209897.47,197.47,0.08,32.66,0.07,39.9,0.21,45.0,0.23,14.7,0.79,45.0,0.77,14.7,0.92,32.66,0.93,39.9,0.13,0.13,0.093046,1776209896000
1776209898.372,198.372,0.08,32.66,0.07,39.9,0.21,45.0,0.23,14.7,0.79,45.0,0.77,14.7,0.92,32.66,0.93,39.9,0.13,0.13,0.093051,1776209897000
1776209899.182,199.182,0.08,32.66,0.07,39.9,0.21,45.0,0.23,14.7,0.79,45.0,0.77,14.7,0.92,32.66,0.93,39.9,0.13,0.13,0.093051,1776209898000
1776209900.565,200.565,0.08,32.66,0.07,39.9,0.21,45.0,0.23,14.7,0.79,45.0,0.77,14.7,0.92,32.66,0.93,39.9,0.13,0.13,0.093051,1776209899000
1776209901.463,201.463,0.08,32.66,0.07,39.9,0.21,45.0,0.23,14.7,0.79,45.0,0.77,14.7,0.92,32.66,0.93,39.9,0.13,0.13,0.093051,1776209900000
1776209902.127,202.127,0.08,32.66,0.07,39.9,0.21,45.0,0.23,14.7,0.79,45.0,0.77,14.7,0.92,32.66,0.93,39.9,0.13,0.13,0.093052,1776209901000
1776209903.481,203.481,0.08,32.66,0.07,39.9,0.21,45.0,0.23,14.7,0.79,45.0,0.77,14.7,0.92,32.66,0.93,39.9,0.13,0.13,0.093054,1776209902000
1776209904.187,204.187,0.08,32.66,0.07,39.9,0.21,45.0,0.23,14.7,0.79,45.0,0.77,14.7,0.92,32.66,0.93,39.9,0.13,0.13,0.093054,1776209903000
1776209905.642,205.642,0.08,32.66,0.07,39.9,0.21,45.0,0.23,14.7,0.79,45.0,0.77,14.7,0.92,32.66,0.93,39.9,0.13,0.13,0.093048,1776209904000
1776209906.292,206.292,0.08,32.66,0.07,39.9,0.21,45.0,0.23,14.7,0.79,45.0,0.77,14.7,0.92,32.66,0.93,39.9,0.13,0.13,0.093048,1776209905000
1776209907.768,207.768,0.08,32.66,0.07,39.9,0.21,45.0,0.23,14.7,0.79,45.0,0.77,14.7,0.92,32.66,0.93,39.9,0.13,0.13,0.093048,1776209906000
1776209908.509,208.509,0.08,32.66,0.07,39.9,0.21,45.0,0.23,14.7,0.79,45.0,0.77,14.7,0.92,32.66,0.93,39.9,0.13,0.13,0.093051,1776209907000
1776209909.192,209.192,0.08,32.66,0.07,39.9,0.21,45.0,0.23,14.7,0.79,45.0,0.77,14.7,0.92,32.66,0.93,39.9,0.13,0.13,0.093053,1776209908000
1776209910.565,210.565,0.08,32.66,0.07,39.9,0.21,45.0,0.23,14.7,0.79,45.0,0.77,14.7,0.92,32.66,0.93,39.9,0.13,0.13,0.093063,1776209909000
1776209911.378,211.378,0.08,32.66,0.07,39.9,0.21,45.0,0.23,14.7,0.79,45.0,0.77,14.7,0.92,32.66,0.93,39.9,0.13,0.13,0.093064,1776209910000
1776209912.422,212.422,0.08,32.66,0.07,39.9,0.21,45.0,0.23,14.7,0.79,45.0,0.77,14.7,0.92,32.66,0.93,39.9,0.13,0.13,0.093064,1776209911000
1776209912.933,212.933,0.08,32.66,0.07,39.9,0.21,45.0,0.23,14.7,0.79,45.0,0.77,14.7,0.92,32.66,0.93,39.9,0.13,0.13,0.093063,1776209912000
1776209913.94,213.94,0.08,32.66,0.07,39.9,0.21,45.0,0.23,14.7,0.79,45.0,0.77,14.7,0.92,32.66,0.93,39.9,0.13,0.13,0.093063,1776209913000
1776209914.868,214.868,0.08,32.66,0.07,39.9,0.21,45.0,0.23,14.7,0.79,45.0,0.77,14.7,0.92,32.66,0.93,39.9,0.13,0.13,0.093063,1776209914000
1776209915.865,215.865,0.08,32.66,0.07,39.9,0.21,45.0,0.23,14.7,0.79,45.0,0.77,14.7,0.92,32.66,0.93,39.9,0.13,0.13,0.093063,1776209915000
1776209916.851,216.851,0.08,32.66,0.07,39.9,0.21,45.0,0.23,14.7,0.79,45.0,0.77,14.7,0.92,32.66,0.93,39.9,0.13,0.13,0.093064,1776209916000
1776209917.839,217.839,0.08,32.66,0.07,39.9,0.21,45.0,0.23,14.7,0.79,45.0,0.77,14.7,0.92,32.66,0.93,39.9,0.13,0.13,0.093064,1776209917000
1776209918.9,218.9,0.08,32.66,0.07,39.9,0.21,45.0,0.23,14.7,0.79,45.0,0.77,14.7,0.92,32.66,0.93,39.9,0.13,0.13,0.093064,1776209918000
1776209919.908,219.908,0.08,32.66,0.07,39.9,0.21,45.0,0.23,14.7,0.79,45.0,0.77,14.7,0.92,32.66,0.93,39.9,0.13,0.13,0.093063,1776209919000
1776209921.073,221.073,0.08,32.66,0.07,39.9,0.21,45.0,0.23,14.7,0.79,45.0,0.77,14.7,0.92,32.66,0.93,39.9,0.13,0.13,0.093063,1776209920000
1776209922.058,222.058,0.08,32.66,0.07,39.9,0.21,45.0,0.23,14.7,0.79,45.0,0.77,14.7,0.92,32.66,0.93,39.9,0.13,0.13,0.093063,1776209921000
1776209923.08,223.08,0.08,32.66,0.07,39.9,0.21,45.0,0.23,14.7,0.79,45.0,0.77,14.7,0.92,32.66,0.93,39.9,0.13,0.13,0.093063,1776209922000
1776209924.12,224.12,0.08,32.66,0.07,39.9,0.21,45.0,0.23,14.7,0.79,45.0,0.77,14.7,0.92,32.66,0.93,39.9,0.13,0.13,0.093065,1776209923000
1776209925.63,225.63,0.08,32.66,0.07,39.9,0.21,45.0,0.23,14.7,0.79,45.0,0.77,14.7,0.92,32.66,0.93,39.9,0.13,0.13,0.093065,1776209924000
1776209926.215,226.215,0.08,32.66,0.07,39.9,0.21,45.0,0.23,14.7,0.79,45.0,0.77,14.7,0.92,32.66,0.93,39.9,0.13,0.13,0.093065,1776209925000
1776209927.152,227.152,0.08,32.66,0.07,39.9,0.21,45.0,0.23,14.7,0.79,45.0,0.77,14.7,0.92,32.66,0.93,39.9,0.13,0.13,0.093065,1776209926000
1776209928.162,228.162,0.08,32.66,0.07,39.9,0.21,45.0,0.23,14.7,0.79,45.0,0.77,14.7,0.92,32.66,0.93,39.9,0.13,0.13,0.093065,1776209927000
1776209929.268,229.268,0.08,32.66,0.07,39.9,0.21,45.0,0.23,14.7,0.79,45.0,0.77,14.7,0.92,32.66,0.93,39.9,0.13,0.13,0.093065,1776209928000
1776209930.289,230.289,0.21,50.0,0.12,24.6,0.51,44.17,0.53,10.4,0.49,44.17,0.47,10.4,0.79,50.0,0.88,24.6,0.3,0.3,0.093065,1776209929000
1776209931.161,231.161,0.21,53.72,0.15,20.39,0.51,42.17,0.53,10.4,0.49,44.17,0.47,10.4,0.79,53.72,0.86,21.6,0.3,0.3,0.093065,1776209929000
1776209931.635,231.635,0.21,53.72,0.16,19.3,0.51,37.17,0.53,10.4,0.49,42.17,0.47,10.4,0.79,53.72,0.85,20.39,0.3,0.3,0.093099,1776209930000
1776209932.313,232.313,0.21,53.72,0.16,19.3,0.51,37.17,0.53,10.4,0.49,37.17,0.47,10.4,0.79,53.72,0.84,19.3,0.3,0.3,0.093099,1776209931000
1776209933.295,233.295,0.21,53.72,0.16,19.3,0.51,37.17,0.53,10.4,0.49,37.17,0.47,10.4,0.79,53.72,0.84,19.3,0.3,0.3,0.093099,1776209932000
1776209934.072,234.072,0.31,50.0,0.21,135.42,0.61,48.32,0.66,11.6,0.49,37.17,0.47,10.4,0.79,53.72,0.84,19.3,0.3,0.3,0.093099,1776209932000
1776209934.447,234.447,0.31,50.0,0.21,135.42,0.61,48.32,0.66,11.6,0.39,48.32,0.34,11.6,0.69,50.0,0.79,135.42,0.3,0.3,0.093108,1776209933000
1776209934.668,234.668,0.31,50.0,0.22,15.2,0.61,40.93,0.69,12.2,0.39,48.32,0.34,11.6,0.69,50.0,0.79,135.42,0.3,0.3,0.093108,1776209933000
1776209935.38,235.38,0.31,50.0,0.22,15.2,0.61,40.93,0.69,12.2,0.39,40.93,0.31,12.2,0.69,50.0,0.78,15.2,0.3,0.3,0.093115,1776209934000
1776209936.317,236.317,0.31,50.0,0.22,15.2,0.61,40.93,0.69,12.2,0.39,40.93,0.31,12.2,0.69,50.0,0.78,15.2,0.3,0.3,0.093118,1776209935000
1776209937.19,237.19,0.31,50.0,0.22,15.2,0.61,40.93,0.69,12.2,0.39,40.93,0.31,12.2,0.69,50.0,0.78,15.2,0.3,0.3,0.093119,1776209936000
1776209938.578,238.578,0.41,50.0,0.31,50.0,0.7,10.94,0.71,62.6,0.39,40.93,0.31,12.2,0.69,50.0,0.78,15.2,0.29,0.3,0.093119,1776209936000
1776209938.88,238.88,0.41,50.0,0.31,50.0,0.7,10.94,0.71,62.6,0.3,10.94,0.29,62.6,0.59,50.0,0.69,50.0,0.29,0.29,0.093119,1776209937000
1776209939.381,239.381,0.41,50.0,0.31,50.0,0.7,10.94,0.71,62.6,0.3,10.94,0.29,62.6,0.59,50.0,0.69,50.0,0.29,0.29,0.093119,1776209938000
1776209940.086,240.086,0.41,50.0,0.31,50.0,0.7,10.94,0.71,62.6,0.3,10.94,0.29,62.6,0.59,50.0,0.69,50.0,0.29,0.29,0.093119,1776209939000
1776209941.191,241.191,0.41,50.0,0.31,50.0,0.7,10.94,0.71,62.6,0.3,10.94,0.29,62.6,0.59,50.0,0.69,50.0,0.29,0.29,0.093119,1776209940000
1776209942.233,242.233,0.41,50.0,0.31,50.0,0.7,10.94,0.71,62.6,0.3,10.94,0.29,62.6,0.59,50.0,0.69,50.0,0.29,0.29,0.093111,1776209941000
1776209943.374,243.374,0.41,50.0,0.31,50.0,0.7,10.94,0.71,62.6,0.3,10.94,0.29,62.6,0.59,50.0,0.69,50.0,0.29,0.29,0.09311,1776209942000
1776209943.875,243.875,0.41,50.0,0.31,50.0,0.7,10.94,0.71,62.6,0.3,10.94,0.29,62.6,0.59,50.0,0.69,50.0,0.29,0.29,0.093107,1776209943000
1776209945.054,245.054,0.41,50.0,0.31,50.0,0.7,10.94,0.71,62.6,0.3,10.94,0.29,62.6,0.59,50.0,0.69,50.0,0.29,0.29,0.093106,1776209944000
1776209946.176,246.176,0.41,50.0,0.31,50.0,0.7,10.94,0.71,62.6,0.3,10.94,0.29,62.6,0.59,50.0,0.69,50.0,0.29,0.29,0.093107,1776209945000
1776209947.219,247.219,0.41,50.0,0.31,50.0,0.7,10.94,0.71,62.6,0.3,10.94,0.29,62.6,0.59,50.0,0.69,50.0,0.29,0.29,0.093107,1776209946000
1776209948.408,248.408,0.41,50.0,0.31,50.0,0.7,10.94,0.71,62.6,0.3,10.94,0.29,62.6,0.59,50.0,0.69,50.0,0.29,0.29,0.093107,1776209947000
1776209949.038,249.038,0.41,50.0,0.31,50.0,0.7,10.94,0.71,62.6,0.3,10.94,0.29,62.6,0.59,50.0,0.69,50.0,0.29,0.29,0.09311,1776209948000
1776209950.066,250.066,0.41,50.0,0.31,50.0,0.7,10.94,0.71,62.6,0.3,10.94,0.29,62.6,0.59,50.0,0.69,50.0,0.29,0.29,0.093121,1776209949000
1776209951.317,251.317,0.41,50.0,0.31,50.0,0.7,10.94,0.71,62.6,0.3,10.94,0.29,62.6,0.59,50.0,0.69,50.0,0.29,0.29,0.09312,1776209950000
1776209951.911,251.911,0.41,50.0,0.31,50.0,0.7,10.94,0.71,62.6,0.3,10.94,0.29,62.6,0.59,50.0,0.69,50.0,0.29,0.29,0.093121,1776209951000
1776209952.325,252.325,0.51,50.0,0.43,10.6,0.79,13.16,0.8,23.2,0.3,10.94,0.29,62.6,0.59,50.0,0.69,50.0,0.28,0.29,0.093121,1776209951000
1776209953.559,253.559,0.51,50.0,0.43,10.6,0.79,13.16,0.8,23.2,0.21,13.16,0.2,23.2,0.49,50.0,0.57,10.6,0.28,0.28,0.093121,1776209952000
1776209954.199,254.199,0.51,50.0,0.43,10.6,0.79,13.16,0.8,23.2,0.21,13.16,0.2,23.2,0.49,50.0,0.57,10.6,0.28,0.28,0.093126,1776209953000
1776209954.796,254.796,0.61,50.0,0.51,50.0,0.84,3.47,0.86,21.6,0.21,13.16,0.2,23.2,0.49,50.0,0.57,10.6,0.23,0.28,0.093126,1776209953000
1776209955.643,255.643,0.61,50.0,0.51,50.0,0.84,3.47,0.86,21.6,0.16,3.47,0.14,21.6,0.39,50.0,0.49,50.0,0.23,0.23,0.093138,1776209954000
1776209956.344,256.344,0.61,50.0,0.51,50.0,0.84,3.47,0.86,21.6,0.16,3.47,0.14,21.6,0.39,50.0,0.49,50.0,0.23,0.23,0.093139,1776209955000
1776209957.098,257.098,0.61,50.0,0.51,50.0,0.84,3.47,0.86,21.6,0.16,3.47,0.14,21.6,0.39,50.0,0.49,50.0,0.23,0.23,0.093139,1776209956000
1776209958.456,258.456,0.61,50.0,0.51,50.0,0.84,3.47,0.86,21.6,0.16,3.47,0.14,21.6,0.39,50.0,0.49,50.0,0.23,0.23,0.09314,1776209957000
1776209958.978,258.978,0.61,50.0,0.51,50.0,0.84,3.47,0.86,21.6,0.16,3.47,0.14,21.6,0.39,50.0,0.49,50.0,0.23,0.23,0.093143,1776209958000
1776209960.209,260.209,0.61,50.0,0.51,50.0,0.84,3.47,0.86,21.6,0.16,3.47,0.14,21.6,0.39,50.0,0.49,50.0,0.23,0.23,0.093157,1776209959000
1776209961.459,261.459,0.61,50.0,0.51,50.0,0.84,3.47,0.86,21.6,0.16,3.47,0.14,21.6,0.39,50.0,0.49,50.0,0.23,0.23,0.093154,1776209960000
1776209962.052,262.052,0.61,50.0,0.51,50.0,0.84,3.47,0.86,21.6,0.16,3.47,0.14,21.6,0.39,50.0,0.49,50.0,0.23,0.23,0.093153,1776209961000
1776209963.389,263.389,0.61,50.0,0.51,50.0,0.84,3.47,0.86,21.6,0.16,3.47,0.14,21.6,0.39,50.0,0.49,50.0,0.23,0.23,0.093146,1776209962000
1776209964.095,264.095,0.61,50.0,0.51,50.0,0.84,3.47,0.86,21.6,0.16,3.47,0.14,21.6,0.39,50.0,0.49,50.0,0.23,0.23,0.093146,1776209963000
1776209965.321,265.321,0.61,50.0,0.51,50.0,0.84,3.47,0.86,21.6,0.16,3.47,0.14,21.6,0.39,50.0,0.49,50.0,0.23,0.23,0.093146,1776209964000
1776209966.429,266.429,0.61,50.0,0.51,50.0,0.84,3.47,0.86,21.6,0.16,3.47,0.14,21.6,0.39,50.0,0.49,50.0,0.23,0.23,0.093146,1776209965000
1776209966.998,266.998,0.61,50.0,0.51,50.0,0.84,3.47,0.86,21.6,0.16,3.47,0.14,21.6,0.39,50.0,0.49,50.0,0.23,0.23,0.09315,1776209966000
1776209968.421,268.421,0.61,50.0,0.51,50.0,0.84,3.47,0.86,21.6,0.16,3.47,0.14,21.6,0.39,50.0,0.49,50.0,0.23,0.23,0.093145,1776209967000
1776209969.006,269.006,0.61,50.0,0.51,50.0,0.84,3.47,0.86,21.6,0.16,3.47,0.14,21.6,0.39,50.0,0.49,50.0,0.23,0.23,0.093142,1776209968000
1776209970.074,270.074,0.71,77.6,0.7,12.4,0.91,26.7,0.92,35.29,0.16,3.47,0.14,21.6,0.39,50.0,0.49,50.0,0.2,0.23,0.093142,1776209968000
1776209972.155,272.155,0.71,77.6,0.7,12.4,0.91,26.7,0.92,35.29,0.09,26.7,0.08,35.29,0.29,77.6,0.3,12.4,0.2,0.2,0.093143,1776209970000
1776209972.925,272.925,0.71,77.6,0.7,12.4,0.91,26.7,0.92,35.29,0.09,26.7,0.08,35.29,0.29,77.6,0.3,12.4,0.2,0.2,0.093143,1776209971000
1776209973.751,273.751,0.71,77.6,0.7,12.4,0.91,26.7,0.92,35.29,0.09,26.7,0.08,35.29,0.29,77.6,0.3,12.4,0.2,0.2,0.093142,1776209972000
1776209974.421,274.421,0.71,77.6,0.7,12.4,0.91,26.7,0.92,35.29,0.09,26.7,0.08,35.29,0.29,77.6,0.3,12.4,0.2,0.2,0.093142,1776209973000
1776209975.061,275.061,0.79,10.7,0.78,15.2,0.92,35.29,0.93,39.9,0.09,26.7,0.08,35.29,0.29,77.6,0.3,12.4,0.13,0.2,0.093142,1776209973000
1776209976.517,276.517,0.79,10.7,0.78,15.2,0.92,35.29,0.93,39.9,0.08,35.29,0.07,39.9,0.21,10.7,0.22,15.2,0.13,0.13,0.093143,1776209975000
1776209977.214,277.214,0.79,10.7,0.78,15.2,0.92,35.29,0.93,39.9,0.08,35.29,0.07,39.9,0.21,10.7,0.22,15.2,0.13,0.13,0.093143,1776209976000
1776209978.705,278.705,0.79,14.0,0.71,50.0,0.98,14.79,0.99,5340.0,0.08,35.29,0.07,39.9,0.21,10.7,0.22,15.2,0.19,0.13,0.093143,1776209976000
1776209979.37,279.37,0.79,14.0,0.71,50.0,0.98,14.79,0.99,5340.0,0.02,14.79,0.01,5340.0,0.21,14.0,0.29,50.0,0.19,0.19,0.093145,1776209978000
1776209980.168,280.168,0.79,14.0,0.71,50.0,0.98,14.79,0.99,5340.0,0.02,14.79,0.01,5340.0,0.21,14.0,0.29,50.0,0.19,0.19,0.093145,1776209979000
1776209981.579,281.579,0.79,14.0,0.71,50.0,0.98,14.79,0.99,5340.0,0.02,14.79,0.01,5340.0,0.21,14.0,0.29,50.0,0.19,0.19,0.093145,1776209980000
1776209982.259,282.259,0.79,14.0,0.71,50.0,0.98,14.79,0.99,5340.0,0.02,14.79,0.01,5340.0,0.21,14.0,0.29,50.0,0.19,0.19,0.093145,1776209981000
1776209983.627,283.627,0.79,14.0,0.71,50.0,0.98,14.79,0.99,5340.0,0.02,14.79,0.01,5340.0,0.21,14.0,0.29,50.0,0.19,0.19,0.093145,1776209982000
1776209984.26,284.26,0.79,14.0,0.71,50.0,0.98,14.79,0.99,5340.0,0.02,14.79,0.01,5340.0,0.21,14.0,0.29,50.0,0.19,0.19,0.093145,1776209983000
1776209985.57,285.57,0.79,14.0,0.71,50.0,0.98,14.79,0.99,5340.0,0.02,14.79,0.01,5340.0,0.21,14.0,0.29,50.0,0.19,0.19,0.093144,1776209984000
1776209986.239,286.239,0.79,14.0,0.71,50.0,0.98,14.79,0.99,5340.0,0.02,14.79,0.01,5340.0,0.21,14.0,0.29,50.0,0.19,0.19,0.093144,1776209985000
1776209987.458,287.458,0.81,19.0,0.71,50.0,0.98,14.79,0.99,5340.0,0.02,14.79,0.01,5340.0,0.21,14.0,0.29,50.0,0.17,0.19,0.093144,1776209985000
1776209988.636,288.636,0.81,19.0,0.71,50.0,0.98,14.79,0.99,5340.0,0.02,14.79,0.01,5340.0,0.19,19.0,0.29,50.0,0.17,0.17,0.093144,1776209987000
1776209989.15,289.15,0.81,19.0,0.71,50.0,0.98,14.79,0.99,5340.0,0.02,14.79,0.01,5340.0,0.19,19.0,0.29,50.0,0.17,0.17,0.093144,1776209988000
1776209989.697,289.697,0.81,19.0,0.71,50.0,0.99,5334.79,,,0.02,14.79,0.01,5340.0,0.19,19.0,0.29,50.0,0.18,0.17,0.093144,1776209988000
1776209990.28,290.28,0.81,19.0,0.71,50.0,0.99,5334.79,,,0.01,5334.79,,,0.19,19.0,0.29,50.0,0.18,0.18,0.093149,1776209989000
1776209991.22,291.22,0.81,19.0,0.71,50.0,0.99,5334.79,,,0.01,5334.79,,,0.19,19.0,0.29,50.0,0.18,0.18,0.093152,1776209990000
1776209992.304,292.304,0.81,19.0,0.71,50.0,0.99,5334.79,,,0.01,5334.79,,,0.19,19.0,0.29,50.0,0.18,0.18,0.093152,1776209991000
1776209993.28,293.28,0.81,19.0,0.71,50.0,0.99,5334.79,,,0.01,5334.79,,,0.19,19.0,0.29,50.0,0.18,0.18,0.093152,1776209992000
1776209994.278,294.278,0.81,19.0,0.71,50.0,0.99,5334.79,,,0.01,5334.79,,,0.19,19.0,0.29,50.0,0.18,0.18,0.093152,1776209993000
1776209995.327,295.327,0.81,19.0,0.71,50.0,0.99,5334.79,,,0.01,5334.79,,,0.19,19.0,0.29,50.0,0.18,0.18,0.093152,1776209994000
1776209996.209,296.209,0.99,840.0,0.72,241.25,,,,,,,,,0.01,840.0,0.28,241.25,,,0.093152,1776209995000
1776209997.23,297.23,0.99,840.0,0.72,241.25,,,,,,,,,0.01,840.0,0.28,241.25,,,0.093165,1776209996000
1776209998.232,298.232,0.99,840.0,0.72,241.25,,,,,,,,,0.01,840.0,0.28,241.25,,,0.093199,1776209997000
1776209999.367,299.367,0.99,840.0,0.72,241.25,,,,,,,,,0.01,840.0,0.28,241.25,,,0.093202,1776209998000
1776209999.807,299.807,0.99,840.0,0.72,241.25,,,,,,,,,0.01,840.0,0.28,241.25,,,0.093202,1776209999000
1776210000.799,300.799,0.99,840.0,0.72,241.25,,,,,,,,,0.01,840.0,0.28,241.25,,,0.093203,1776210000000

# RESULT,winner=Up,slug=doge-updown-5m-1776209700,ticks=322
