timestamp,elapsed_sec,up_bid_p1,up_bid_s1,up_bid_p2,up_bid_s2,up_ask_p1,up_ask_s1,up_ask_p2,up_ask_s2,down_bid_p1,down_bid_s1,down_bid_p2,down_bid_s2,down_ask_p1,down_ask_s1,down_ask_p2,down_ask_s2,up_spread,down_spread,doge_price,doge_oracle_ts
1776185711.423,11.423,,,,,,,,,,,,,,,,,,,0.094996,1776185710000
1776185712.029,12.029,0.5,12.88,0.49,6.0,0.61,5.0,0.68,35.0,0.39,5.0,0.32,35.0,0.5,12.88,0.51,6.0,0.11,0.11,0.094994,1776185711000
1776185712.44,12.44,0.5,7.88,0.49,6.0,0.67,10.0,0.68,35.0,0.41,5.0,0.33,10.0,0.5,7.88,0.51,6.0,0.17,0.09,0.094994,1776185711000
1776185713.187,13.187,0.49,3.92,0.48,11.0,0.61,5.0,0.67,10.0,0.33,10.0,0.32,35.0,0.5,7.88,0.51,6.0,0.12,0.17,0.094994,1776185711000
1776185714.326,14.326,0.49,3.92,0.48,11.0,0.61,5.0,0.67,10.0,0.39,5.0,0.33,10.0,0.51,3.92,0.52,11.0,0.12,0.12,0.094982,1776185713000
1776185714.854,14.854,0.49,0.95,0.48,6.0,0.55,5.0,0.6,10.0,0.39,5.0,0.33,10.0,0.51,3.92,0.52,11.0,0.06,0.12,0.094982,1776185713000
1776185715.397,15.397,0.49,0.95,0.48,6.0,0.55,5.0,0.6,10.0,0.45,5.0,0.4,10.0,0.51,0.95,0.52,6.0,0.06,0.06,0.09498,1776185714000
1776185715.924,15.924,0.49,0.95,0.48,6.0,0.55,5.0,0.6,10.0,0.45,5.0,0.4,10.0,0.51,0.95,0.52,6.0,0.06,0.06,0.094978,1776185715000
1776185717.01,17.01,0.49,0.95,0.48,6.0,0.55,5.0,0.6,10.0,0.45,5.0,0.4,10.0,0.51,0.95,0.52,6.0,0.06,0.06,0.094942,1776185716000
1776185717.416,17.416,0.48,1.95,0.39,10.0,0.5,5.0,0.52,5.0,0.45,5.0,0.4,10.0,0.51,0.95,0.52,6.0,0.02,0.06,0.094942,1776185716000
1776185718.071,18.071,0.48,1.95,0.39,10.0,0.5,5.0,0.52,5.0,0.5,5.0,0.48,5.0,0.52,1.95,0.61,10.0,0.02,0.02,0.094921,1776185717000
1776185719.211,19.211,0.48,1.95,0.39,10.0,0.5,5.0,0.52,5.0,0.5,5.0,0.48,5.0,0.52,1.95,0.61,10.0,0.02,0.02,0.094921,1776185718000
1776185720.287,20.287,0.48,1.95,0.39,10.0,0.5,5.0,0.52,5.0,0.5,5.0,0.48,5.0,0.52,1.95,0.61,10.0,0.02,0.02,0.094917,1776185719000
1776185720.749,20.749,0.48,1.95,0.37,5.0,0.49,21.0,0.5,10.0,0.5,5.0,0.48,5.0,0.52,1.95,0.61,10.0,0.01,0.02,0.094917,1776185719000
1776185721.341,21.341,0.37,5.0,0.35,5.0,0.49,26.0,0.5,10.0,0.51,26.0,0.5,10.0,0.63,5.0,0.65,5.0,0.12,0.12,0.094921,1776185720000
1776185722.008,22.008,0.37,5.0,0.35,5.0,0.49,26.0,0.5,10.0,0.51,26.0,0.5,10.0,0.63,5.0,0.65,5.0,0.12,0.12,0.094918,1776185721000
1776185723.586,23.586,0.37,5.0,0.35,5.0,0.49,26.0,0.5,10.0,0.51,26.0,0.5,10.0,0.63,5.0,0.65,5.0,0.12,0.12,0.09488,1776185722000
1776185724.07,24.07,0.37,5.0,0.35,5.0,0.49,26.0,0.5,10.0,0.51,26.0,0.5,10.0,0.63,5.0,0.65,5.0,0.12,0.12,0.09486,1776185723000
1776185725.278,25.278,0.37,5.0,0.35,5.0,0.49,26.0,0.5,10.0,0.51,26.0,0.5,10.0,0.63,5.0,0.65,5.0,0.12,0.12,0.094859,1776185724000
1776185726.411,26.411,0.37,5.0,0.35,5.0,0.49,26.0,0.5,10.0,0.51,26.0,0.5,10.0,0.63,5.0,0.65,5.0,0.12,0.12,0.094865,1776185725000
1776185726.921,26.921,0.37,5.0,0.35,5.0,0.49,26.0,0.5,10.0,0.51,26.0,0.5,10.0,0.63,5.0,0.65,5.0,0.12,0.12,0.094869,1776185726000
1776185728.127,28.127,0.37,5.0,0.35,5.0,0.49,26.0,0.5,10.0,0.51,26.0,0.5,10.0,0.63,5.0,0.65,5.0,0.12,0.12,0.094879,1776185727000
1776185728.921,28.921,0.39,1.72,0.37,5.0,0.48,10.0,0.51,10.0,0.51,26.0,0.5,10.0,0.63,5.0,0.65,5.0,0.09,0.12,0.094879,1776185727000
1776185729.255,29.255,0.39,1.72,0.37,5.0,0.48,10.0,0.51,10.0,0.52,10.0,0.49,10.0,0.61,1.72,0.63,5.0,0.09,0.09,0.094888,1776185728000
1776185730.242,30.242,0.39,1.72,0.37,5.0,0.48,10.0,0.51,10.0,0.52,10.0,0.49,10.0,0.61,1.72,0.63,5.0,0.09,0.09,0.094907,1776185729000
1776185731.435,31.435,0.39,1.72,0.37,5.0,0.48,10.0,0.51,10.0,0.52,10.0,0.49,10.0,0.61,1.72,0.63,5.0,0.09,0.09,0.094917,1776185730000
1776185731.975,31.975,0.39,1.72,0.37,5.0,0.48,10.0,0.51,10.0,0.52,10.0,0.49,10.0,0.61,1.72,0.63,5.0,0.09,0.09,0.094923,1776185731000
1776185733.131,33.131,0.39,1.72,0.37,5.0,0.48,10.0,0.51,10.0,0.52,10.0,0.49,10.0,0.61,1.72,0.63,5.0,0.09,0.09,0.094928,1776185732000
1776185734.14,34.14,0.39,1.72,0.37,5.0,0.48,10.0,0.51,10.0,0.52,10.0,0.49,10.0,0.61,1.72,0.63,5.0,0.09,0.09,0.094925,1776185733000
1776185735.196,35.196,0.39,1.72,0.37,5.0,0.48,10.0,0.51,10.0,0.52,10.0,0.49,10.0,0.61,1.72,0.63,5.0,0.09,0.09,0.094911,1776185734000
1776185736.229,36.229,0.39,1.72,0.37,5.0,0.48,10.0,0.51,10.0,0.52,10.0,0.49,10.0,0.61,1.72,0.63,5.0,0.09,0.09,0.094899,1776185735000
1776185737.755,37.755,0.39,1.72,0.37,5.0,0.48,10.0,0.51,10.0,0.52,10.0,0.49,10.0,0.61,1.72,0.63,5.0,0.09,0.09,0.094891,1776185736000
1776185739.1,39.1,0.39,1.72,0.37,5.0,0.48,10.0,0.51,10.0,0.52,10.0,0.49,10.0,0.61,1.72,0.63,5.0,0.09,0.09,0.094885,1776185737000
1776185739.865,39.865,0.39,1.72,0.37,5.0,0.48,10.0,0.51,10.0,0.52,10.0,0.49,10.0,0.61,1.72,0.63,5.0,0.09,0.09,0.094864,1776185738000
1776185740.455,40.455,0.39,1.72,0.37,5.0,0.48,10.0,0.51,10.0,0.52,10.0,0.49,10.0,0.61,1.72,0.63,5.0,0.09,0.09,0.094857,1776185739000
1776185740.979,40.979,0.39,1.72,0.37,5.0,0.48,10.0,0.51,10.0,0.52,10.0,0.49,10.0,0.61,1.72,0.63,5.0,0.09,0.09,0.09485,1776185740000
1776185742.163,42.163,0.39,1.72,0.37,5.0,0.48,10.0,0.51,10.0,0.52,10.0,0.49,10.0,0.61,1.72,0.63,5.0,0.09,0.09,0.09483,1776185741000
1776185743.702,43.702,0.39,1.72,0.37,5.0,0.48,10.0,0.51,10.0,0.52,10.0,0.49,10.0,0.61,1.72,0.63,5.0,0.09,0.09,0.094822,1776185742000
1776185744.538,44.538,0.29,5.81,0.27,18.0,0.38,5.0,0.43,5.0,0.62,5.0,0.57,5.0,0.71,5.81,0.73,18.0,0.09,0.09,0.09484,1776185743000
1776185745.328,45.328,0.29,5.81,0.27,18.0,0.38,5.0,0.43,5.0,0.62,5.0,0.57,5.0,0.71,5.81,0.73,18.0,0.09,0.09,0.094855,1776185744000
1776185746.783,46.783,0.29,5.81,0.27,18.0,0.38,5.0,0.43,5.0,0.62,5.0,0.57,5.0,0.71,5.81,0.73,18.0,0.09,0.09,0.09487,1776185745000
1776185747.315,47.315,0.29,5.81,0.27,18.0,0.38,5.0,0.43,5.0,0.62,5.0,0.57,5.0,0.71,5.81,0.73,18.0,0.09,0.09,0.094875,1776185746000
1776185748.323,48.323,0.3,21.0,0.28,10.0,0.4,5.0,0.46,5.0,0.62,5.0,0.57,5.0,0.71,5.81,0.73,18.0,0.1,0.09,0.094875,1776185746000
1776185748.742,48.742,0.3,21.0,0.28,10.0,0.4,5.0,0.46,5.0,0.6,5.0,0.54,5.0,0.7,21.0,0.72,10.0,0.1,0.1,0.094885,1776185747000
1776185749.371,49.371,0.3,21.0,0.28,10.0,0.4,5.0,0.46,5.0,0.6,5.0,0.54,5.0,0.7,21.0,0.72,10.0,0.1,0.1,0.094884,1776185748000
1776185750.323,50.323,0.3,21.0,0.28,10.0,0.4,5.0,0.46,5.0,0.6,5.0,0.54,5.0,0.7,21.0,0.72,10.0,0.1,0.1,0.094881,1776185749000
1776185751.683,51.683,0.3,21.0,0.28,10.0,0.4,5.0,0.46,5.0,0.6,5.0,0.54,5.0,0.7,21.0,0.72,10.0,0.1,0.1,0.094874,1776185750000
1776185752.229,52.229,0.32,5.0,0.3,21.0,0.34,1.0,0.39,5.0,0.6,5.0,0.54,5.0,0.7,21.0,0.72,10.0,0.02,0.1,0.094874,1776185750000
1776185752.588,52.588,0.33,10.0,0.32,15.0,0.41,5.0,0.5,5.0,0.66,1.0,0.61,5.0,0.68,5.0,0.7,21.0,0.08,0.02,0.094874,1776185751000
1776185753.739,53.739,0.33,10.0,0.32,15.0,0.41,5.0,0.5,5.0,0.59,5.0,0.5,5.0,0.67,10.0,0.68,15.0,0.08,0.08,0.094879,1776185752000
1776185754.559,54.559,0.33,10.0,0.32,15.0,0.41,5.0,0.5,5.0,0.59,5.0,0.5,5.0,0.67,10.0,0.68,15.0,0.08,0.08,0.094886,1776185753000
1776185755.274,55.274,0.33,10.0,0.32,15.0,0.41,5.0,0.5,5.0,0.59,5.0,0.5,5.0,0.67,10.0,0.68,15.0,0.08,0.08,0.094948,1776185754000
1776185756.154,56.154,0.33,10.0,0.32,15.0,0.41,5.0,0.5,5.0,0.59,5.0,0.5,5.0,0.67,10.0,0.68,15.0,0.08,0.08,0.094947,1776185755000
1776185757.202,57.202,0.33,10.0,0.32,15.0,0.41,5.0,0.5,5.0,0.59,5.0,0.5,5.0,0.67,10.0,0.68,15.0,0.08,0.08,0.094924,1776185756000
1776185758.083,58.083,0.33,10.0,0.32,15.0,0.41,5.0,0.5,5.0,0.59,5.0,0.5,5.0,0.67,10.0,0.68,15.0,0.08,0.08,0.094914,1776185757000
1776185759.011,59.011,0.33,10.0,0.32,15.0,0.41,5.0,0.5,5.0,0.59,5.0,0.5,5.0,0.67,10.0,0.68,15.0,0.08,0.08,0.094911,1776185758000
1776185759.478,59.478,0.39,10.0,0.38,20.0,0.5,5.0,0.53,5.0,0.59,5.0,0.5,5.0,0.67,10.0,0.68,15.0,0.11,0.08,0.094911,1776185758000
1776185760.033,60.033,0.39,10.0,0.38,20.0,0.5,5.0,0.53,5.0,0.5,5.0,0.47,5.0,0.61,10.0,0.62,20.0,0.11,0.11,0.094912,1776185759000
1776185761.045,61.045,0.39,10.0,0.38,20.0,0.5,5.0,0.53,5.0,0.5,5.0,0.47,5.0,0.61,10.0,0.62,20.0,0.11,0.11,0.094939,1776185760000
1776185762.028,62.028,0.39,10.0,0.38,20.0,0.5,5.0,0.53,5.0,0.5,5.0,0.47,5.0,0.61,10.0,0.62,20.0,0.11,0.11,0.094958,1776185761000
1776185762.924,62.924,0.39,10.0,0.38,20.0,0.5,5.0,0.53,5.0,0.5,5.0,0.47,5.0,0.61,10.0,0.62,20.0,0.11,0.11,0.094952,1776185762000
1776185763.859,63.859,0.39,10.0,0.38,20.0,0.5,5.0,0.53,5.0,0.5,5.0,0.47,5.0,0.61,10.0,0.62,20.0,0.11,0.11,0.094958,1776185763000
1776185764.852,64.852,0.39,10.0,0.38,20.0,0.5,5.0,0.53,5.0,0.5,5.0,0.47,5.0,0.61,10.0,0.62,20.0,0.11,0.11,0.094943,1776185764000
1776185766.232,66.232,0.39,10.0,0.38,20.0,0.5,5.0,0.53,5.0,0.5,5.0,0.47,5.0,0.61,10.0,0.62,20.0,0.11,0.11,0.094935,1776185765000
1776185767.204,67.204,0.39,10.0,0.38,20.0,0.5,5.0,0.53,5.0,0.5,5.0,0.47,5.0,0.61,10.0,0.62,20.0,0.11,0.11,0.094949,1776185766000
1776185768.812,68.812,0.39,10.0,0.38,20.0,0.5,5.0,0.53,5.0,0.5,5.0,0.47,5.0,0.61,10.0,0.62,20.0,0.11,0.11,0.094952,1776185767000
1776185769.272,69.272,0.39,10.0,0.38,20.0,0.5,5.0,0.53,5.0,0.5,5.0,0.47,5.0,0.61,10.0,0.62,20.0,0.11,0.11,0.094945,1776185768000
1776185770.5,70.5,0.39,10.0,0.38,20.0,0.5,5.0,0.53,5.0,0.5,5.0,0.47,5.0,0.61,10.0,0.62,20.0,0.11,0.11,0.094942,1776185769000
1776185771.055,71.055,0.39,10.0,0.38,20.0,0.5,5.0,0.53,5.0,0.5,5.0,0.47,5.0,0.61,10.0,0.62,20.0,0.11,0.11,0.094942,1776185770000
1776185771.986,71.986,0.39,10.0,0.38,20.0,0.5,5.0,0.53,5.0,0.5,5.0,0.47,5.0,0.61,10.0,0.62,20.0,0.11,0.11,0.094937,1776185771000
1776185772.888,72.888,0.39,10.0,0.38,20.0,0.5,5.0,0.53,5.0,0.5,5.0,0.47,5.0,0.61,10.0,0.62,20.0,0.11,0.11,0.094929,1776185772000
1776185773.876,73.876,0.39,10.0,0.38,20.0,0.5,5.0,0.53,5.0,0.5,5.0,0.47,5.0,0.61,10.0,0.62,20.0,0.11,0.11,0.09493,1776185773000
1776185774.899,74.899,0.39,10.0,0.38,20.0,0.5,5.0,0.53,5.0,0.5,5.0,0.47,5.0,0.61,10.0,0.62,20.0,0.11,0.11,0.094954,1776185774000
1776185776.494,76.494,0.39,10.0,0.38,20.0,0.5,5.0,0.53,5.0,0.5,5.0,0.47,5.0,0.61,10.0,0.62,20.0,0.11,0.11,0.094963,1776185775000
1776185776.972,76.972,0.39,10.0,0.38,20.0,0.5,5.0,0.53,5.0,0.5,5.0,0.47,5.0,0.61,10.0,0.62,20.0,0.11,0.11,0.09497,1776185776000
1776185778.118,78.118,0.39,10.0,0.38,20.0,0.5,5.0,0.53,5.0,0.5,5.0,0.47,5.0,0.61,10.0,0.62,20.0,0.11,0.11,0.094973,1776185777000
1776185778.802,78.802,0.51,7.4,0.5,10.4,0.56,0.16,0.59,5.0,0.44,5.0,0.41,5.0,0.49,7.4,0.5,10.4,0.05,0.05,0.094973,1776185777000
1776185779.199,79.199,0.51,7.4,0.5,10.4,0.56,0.16,0.59,5.0,0.44,0.16,0.41,5.0,0.49,7.4,0.5,10.4,0.05,0.05,0.094976,1776185778000
1776185780.18,80.18,0.51,7.4,0.5,10.4,0.56,0.16,0.59,5.0,0.44,0.16,0.41,5.0,0.49,7.4,0.5,10.4,0.05,0.05,0.094977,1776185779000
1776185781.265,81.265,0.51,7.4,0.5,10.4,0.56,0.16,0.59,5.0,0.44,0.16,0.41,5.0,0.49,7.4,0.5,10.4,0.05,0.05,0.094979,1776185780000
1776185782.972,82.972,0.52,10.4,0.51,12.4,0.53,53.42,0.61,5.0,0.47,53.42,0.39,5.0,0.48,10.4,0.49,12.4,0.01,0.01,0.094997,1776185781000
1776185783.459,83.459,0.52,10.4,0.51,12.4,0.53,53.42,0.61,5.0,0.47,53.42,0.39,5.0,0.48,10.4,0.49,12.4,0.01,0.01,0.094985,1776185782000
1776185784.057,84.057,0.52,10.4,0.51,12.4,0.53,53.42,0.61,5.0,0.47,53.42,0.39,5.0,0.48,10.4,0.49,12.4,0.01,0.01,0.094983,1776185783000
1776185785.244,85.244,0.52,10.4,0.51,12.4,0.53,53.42,0.61,5.0,0.47,53.42,0.39,5.0,0.48,10.4,0.49,12.4,0.01,0.01,0.094983,1776185784000
1776185785.646,85.646,0.52,52.4,0.51,57.4,0.53,48.42,0.67,5.0,0.47,53.42,0.39,5.0,0.48,10.4,0.49,12.4,0.01,0.01,0.094983,1776185784000
1776185786.401,86.401,0.52,52.4,0.51,57.4,0.53,48.42,0.67,5.0,0.47,48.42,0.33,5.0,0.48,52.4,0.49,57.4,0.01,0.01,0.094989,1776185785000
1776185786.957,86.957,0.52,52.4,0.51,57.4,0.53,48.42,0.67,5.0,0.47,48.42,0.33,5.0,0.48,52.4,0.49,57.4,0.01,0.01,0.094991,1776185786000
1776185787.994,87.994,0.52,52.4,0.51,57.4,0.53,48.42,0.67,5.0,0.47,48.42,0.33,5.0,0.48,52.4,0.49,57.4,0.01,0.01,0.095019,1776185787000
1776185788.255,88.255,0.52,62.4,0.51,57.4,0.53,29.05,0.67,5.0,0.47,48.42,0.33,5.0,0.48,52.4,0.49,57.4,0.01,0.01,0.095019,1776185787000
1776185788.563,88.563,0.52,62.4,0.51,57.4,0.53,23.95,0.67,5.0,0.47,29.05,0.33,5.0,0.48,62.4,0.49,57.4,0.01,0.01,0.095019,1776185787000
1776185789.109,89.109,0.52,62.4,0.51,57.4,0.53,23.95,0.67,5.0,0.47,23.95,0.33,5.0,0.48,62.4,0.49,57.4,0.01,0.01,0.095032,1776185788000
1776185789.581,89.581,0.52,62.4,0.51,57.4,0.53,12.64,0.67,5.0,0.47,23.95,0.33,5.0,0.48,62.4,0.49,57.4,0.01,0.01,0.095032,1776185788000
1776185789.88,89.88,0.52,62.4,0.51,67.4,0.53,7.54,0.67,5.0,0.47,12.64,0.33,5.0,0.48,62.4,0.49,57.4,0.01,0.01,0.095032,1776185788000
1776185790.284,90.284,0.52,62.4,0.51,67.4,0.53,7.54,0.67,5.0,0.47,7.54,0.33,5.0,0.48,62.4,0.49,67.4,0.01,0.01,0.095018,1776185789000
1776185791.362,91.362,0.52,62.4,0.51,67.4,0.53,7.54,0.67,5.0,0.47,7.54,0.33,5.0,0.48,62.4,0.49,67.4,0.01,0.01,0.095026,1776185790000
1776185791.962,91.962,0.52,62.4,0.51,67.4,0.53,7.54,0.67,5.0,0.47,7.54,0.33,5.0,0.48,62.4,0.49,67.4,0.01,0.01,0.095026,1776185791000
1776185792.918,92.918,0.52,63.4,0.51,67.4,0.53,2.54,0.69,5.0,0.47,7.54,0.33,5.0,0.48,62.4,0.49,67.4,0.01,0.01,0.095026,1776185791000
1776185793.258,93.258,0.52,63.4,0.51,67.4,0.53,2.54,0.69,5.0,0.47,2.54,0.31,5.0,0.48,63.4,0.49,67.4,0.01,0.01,0.095032,1776185792000
1776185794.555,94.555,0.52,63.4,0.51,67.4,0.53,2.54,0.69,5.0,0.47,2.54,0.31,5.0,0.48,63.4,0.49,67.4,0.01,0.01,0.095038,1776185793000
1776185795.014,95.014,0.52,63.4,0.51,67.4,0.53,2.54,0.69,5.0,0.47,2.54,0.31,5.0,0.48,63.4,0.49,67.4,0.01,0.01,0.095039,1776185794000
1776185796.114,96.114,0.52,63.4,0.51,67.4,0.53,2.54,0.69,5.0,0.47,2.54,0.31,5.0,0.48,63.4,0.49,67.4,0.01,0.01,0.095037,1776185795000
1776185797.669,97.669,0.52,63.4,0.51,67.4,0.53,2.54,0.69,5.0,0.47,2.54,0.31,5.0,0.48,63.4,0.49,67.4,0.01,0.01,0.095037,1776185796000
1776185798.081,98.081,0.52,63.4,0.51,67.4,0.53,2.54,0.69,5.0,0.47,2.54,0.31,5.0,0.48,63.4,0.49,67.4,0.01,0.01,0.095037,1776185797000
1776185798.709,98.709,0.52,63.4,0.51,67.4,0.74,5.0,0.79,25.7,0.47,2.54,0.31,5.0,0.48,63.4,0.49,67.4,0.22,0.01,0.095037,1776185797000
1776185799.108,99.108,0.52,63.4,0.51,67.4,0.74,5.0,0.79,25.7,0.26,5.0,0.21,25.7,0.48,63.4,0.49,67.4,0.22,0.22,0.095039,1776185798000
1776185800.117,100.117,0.52,63.4,0.51,67.4,0.74,5.0,0.79,25.7,0.26,5.0,0.21,25.7,0.48,63.4,0.49,67.4,0.22,0.22,0.095044,1776185799000
1776185800.726,100.726,0.67,5.0,0.62,5.0,0.77,8.7,0.79,10.0,0.26,5.0,0.21,25.7,0.48,63.4,0.49,67.4,0.1,0.22,0.095044,1776185799000
1776185801.106,101.106,0.67,5.0,0.62,5.0,0.77,8.7,0.79,10.0,0.23,8.7,0.21,10.0,0.33,5.0,0.38,5.0,0.1,0.1,0.095062,1776185800000
1776185801.991,101.991,0.67,5.0,0.62,5.0,0.77,8.7,0.79,10.0,0.23,8.7,0.21,10.0,0.33,5.0,0.38,5.0,0.1,0.1,0.095075,1776185801000
1776185802.983,102.983,0.67,5.0,0.62,5.0,0.77,8.7,0.79,10.0,0.23,8.7,0.21,10.0,0.33,5.0,0.38,5.0,0.1,0.1,0.095077,1776185802000
1776185803.96,103.96,0.67,5.0,0.62,5.0,0.77,8.7,0.79,10.0,0.23,8.7,0.21,10.0,0.33,5.0,0.38,5.0,0.1,0.1,0.095078,1776185803000
1776185805.316,105.316,0.67,5.0,0.62,5.0,0.77,8.7,0.79,10.0,0.23,8.7,0.21,10.0,0.33,5.0,0.38,5.0,0.1,0.1,0.095079,1776185804000
1776185806.264,106.264,0.67,5.0,0.62,5.0,0.77,8.7,0.79,10.0,0.23,8.7,0.21,10.0,0.33,5.0,0.38,5.0,0.1,0.1,0.09508,1776185805000
1776185807.186,107.186,0.67,5.0,0.62,5.0,0.77,8.7,0.79,10.0,0.23,8.7,0.21,10.0,0.33,5.0,0.38,5.0,0.1,0.1,0.095059,1776185806000
1776185808.151,108.151,0.67,5.0,0.62,5.0,0.77,8.7,0.79,10.0,0.23,8.7,0.21,10.0,0.33,5.0,0.38,5.0,0.1,0.1,0.095061,1776185807000
1776185809.074,109.074,0.67,5.0,0.62,5.0,0.77,8.7,0.79,10.0,0.23,8.7,0.21,10.0,0.33,5.0,0.38,5.0,0.1,0.1,0.095069,1776185808000
1776185810.846,110.846,0.67,5.0,0.62,5.0,0.77,8.7,0.79,10.0,0.23,8.7,0.21,10.0,0.33,5.0,0.38,5.0,0.1,0.1,0.095071,1776185809000
1776185811.659,111.659,0.67,5.0,0.62,5.0,0.77,8.7,0.79,10.0,0.23,8.7,0.21,10.0,0.33,5.0,0.38,5.0,0.1,0.1,0.095076,1776185810000
1776185812.626,112.626,0.67,5.0,0.62,5.0,0.77,8.7,0.79,10.0,0.23,8.7,0.21,10.0,0.33,5.0,0.38,5.0,0.1,0.1,0.095076,1776185811000
1776185813.429,113.429,0.67,5.0,0.62,5.0,0.77,8.7,0.79,10.0,0.23,8.7,0.21,10.0,0.33,5.0,0.38,5.0,0.1,0.1,0.095079,1776185812000
1776185814.201,114.201,0.67,5.0,0.62,5.0,0.77,8.7,0.79,10.0,0.23,8.7,0.21,10.0,0.33,5.0,0.38,5.0,0.1,0.1,0.095079,1776185813000
1776185815.055,115.055,0.67,5.0,0.62,5.0,0.77,8.7,0.79,10.0,0.23,8.7,0.21,10.0,0.33,5.0,0.38,5.0,0.1,0.1,0.095079,1776185814000
1776185816.447,116.447,0.67,5.0,0.62,5.0,0.77,8.7,0.79,10.0,0.23,8.7,0.21,10.0,0.33,5.0,0.38,5.0,0.1,0.1,0.095079,1776185815000
1776185817.928,117.928,0.67,5.0,0.62,5.0,0.77,8.7,0.79,10.0,0.23,8.7,0.21,10.0,0.33,5.0,0.38,5.0,0.1,0.1,0.095068,1776185816000
1776185818.57,118.57,0.67,5.0,0.62,5.0,0.77,8.7,0.79,10.0,0.23,8.7,0.21,10.0,0.33,5.0,0.38,5.0,0.1,0.1,0.095066,1776185817000
1776185819.417,119.417,0.67,5.0,0.62,5.0,0.77,8.7,0.79,10.0,0.23,8.7,0.21,10.0,0.33,5.0,0.38,5.0,0.1,0.1,0.095051,1776185818000
1776185820.014,120.014,0.67,5.0,0.62,5.0,0.77,8.7,0.79,10.0,0.23,8.7,0.21,10.0,0.33,5.0,0.38,5.0,0.1,0.1,0.095034,1776185819000
1776185821.289,121.289,0.67,5.0,0.62,5.0,0.77,8.7,0.79,10.0,0.23,8.7,0.21,10.0,0.33,5.0,0.38,5.0,0.1,0.1,0.095031,1776185820000
1776185821.52,121.52,0.67,12.9,0.56,5.0,0.68,10.0,0.74,13.5,0.23,8.7,0.21,10.0,0.33,5.0,0.38,5.0,0.01,0.1,0.095031,1776185820000
1776185822.783,122.783,0.67,10.45,0.56,5.0,0.68,10.0,0.73,13.2,0.32,10.0,0.27,13.2,0.33,10.45,0.44,5.0,0.01,0.01,0.095031,1776185821000
1776185823.368,123.368,0.67,10.45,0.56,5.0,0.68,10.0,0.73,13.2,0.32,10.0,0.27,13.2,0.33,10.45,0.44,5.0,0.01,0.01,0.095027,1776185822000
1776185823.763,123.763,0.67,1.17,0.53,22.73,0.68,10.0,0.71,60.0,0.32,10.0,0.27,13.2,0.33,10.45,0.44,5.0,0.01,0.01,0.095027,1776185822000
1776185824.095,124.095,0.53,13.73,0.52,5.0,0.68,25.0,0.71,60.0,0.32,10.0,0.29,60.0,0.33,1.17,0.47,22.73,0.15,0.01,0.095027,1776185822000
1776185824.677,124.677,0.53,13.73,0.52,5.0,0.68,25.0,0.71,60.0,0.32,25.0,0.29,60.0,0.47,13.73,0.48,5.0,0.15,0.15,0.095001,1776185823000
1776185825.312,125.312,0.53,13.73,0.52,5.0,0.68,25.0,0.71,60.0,0.32,25.0,0.29,60.0,0.47,13.73,0.48,5.0,0.15,0.15,0.094991,1776185824000
1776185826.777,126.777,0.53,13.73,0.52,5.0,0.68,25.0,0.71,60.0,0.32,25.0,0.29,60.0,0.47,13.73,0.48,5.0,0.15,0.15,0.094977,1776185825000
1776185827.431,127.431,0.53,13.73,0.52,5.0,0.68,25.0,0.71,60.0,0.32,25.0,0.29,60.0,0.47,13.73,0.48,5.0,0.15,0.15,0.094979,1776185826000
1776185828.058,128.058,0.53,13.73,0.52,5.0,0.68,25.0,0.71,60.0,0.32,25.0,0.29,60.0,0.47,13.73,0.48,5.0,0.15,0.15,0.09498,1776185827000
1776185829.311,129.311,0.53,13.73,0.52,5.0,0.68,25.0,0.71,60.0,0.32,25.0,0.29,60.0,0.47,13.73,0.48,5.0,0.15,0.15,0.094981,1776185828000
1776185830.113,130.113,0.53,8.73,0.52,5.0,0.58,5.0,0.6,5.0,0.32,25.0,0.29,60.0,0.47,13.73,0.48,5.0,0.05,0.15,0.094981,1776185828000
1776185830.423,130.423,0.53,8.73,0.52,5.0,0.58,5.0,0.6,5.0,0.42,5.0,0.4,5.0,0.47,8.73,0.48,5.0,0.05,0.05,0.094977,1776185829000
1776185831.021,131.021,0.53,8.73,0.52,5.0,0.58,5.0,0.6,5.0,0.42,5.0,0.4,5.0,0.47,8.73,0.48,5.0,0.05,0.05,0.094977,1776185830000
1776185832.154,132.154,0.53,8.73,0.52,5.0,0.58,5.0,0.6,5.0,0.42,5.0,0.4,5.0,0.47,8.73,0.48,5.0,0.05,0.05,0.094972,1776185831000
1776185833.1,133.1,0.53,8.73,0.52,5.0,0.58,5.0,0.6,5.0,0.42,5.0,0.4,5.0,0.47,8.73,0.48,5.0,0.05,0.05,0.094973,1776185832000
1776185834.135,134.135,0.53,8.73,0.52,5.0,0.58,5.0,0.6,5.0,0.42,5.0,0.4,5.0,0.47,8.73,0.48,5.0,0.05,0.05,0.09498,1776185833000
1776185835.164,135.164,0.53,8.73,0.52,5.0,0.58,5.0,0.6,5.0,0.42,5.0,0.4,5.0,0.47,8.73,0.48,5.0,0.05,0.05,0.094992,1776185834000
1776185836.248,136.248,0.53,8.73,0.52,5.0,0.58,5.0,0.6,5.0,0.42,5.0,0.4,5.0,0.47,8.73,0.48,5.0,0.05,0.05,0.094996,1776185835000
1776185836.55,136.55,0.6,8.0,0.59,5.0,0.71,10.0,0.75,10.0,0.42,5.0,0.4,5.0,0.47,8.73,0.48,5.0,0.11,0.05,0.094996,1776185835000
1776185837.291,137.291,0.6,8.0,0.56,10.6,0.71,5.0,0.79,15.7,0.29,5.0,0.21,15.7,0.4,8.0,0.44,10.6,0.11,0.11,0.095006,1776185836000
1776185838.317,138.317,0.6,8.0,0.56,10.6,0.71,5.0,0.79,15.7,0.29,5.0,0.21,15.7,0.4,8.0,0.44,10.6,0.11,0.11,0.09504,1776185837000
1776185838.964,138.964,0.6,8.0,0.56,10.6,0.71,5.0,0.79,15.7,0.29,5.0,0.21,15.7,0.4,8.0,0.44,10.6,0.11,0.11,0.09505,1776185838000
1776185839.96,139.96,0.6,8.0,0.56,10.6,0.71,5.0,0.79,15.7,0.29,5.0,0.21,15.7,0.4,8.0,0.44,10.6,0.11,0.11,0.095054,1776185839000
1776185840.984,140.984,0.6,8.0,0.56,10.6,0.71,5.0,0.79,15.7,0.29,5.0,0.21,15.7,0.4,8.0,0.44,10.6,0.11,0.11,0.095054,1776185840000
1776185842.022,142.022,0.6,8.0,0.56,10.6,0.71,5.0,0.79,15.7,0.29,5.0,0.21,15.7,0.4,8.0,0.44,10.6,0.11,0.11,0.095054,1776185841000
1776185843.211,143.211,0.6,8.0,0.56,10.6,0.71,5.0,0.79,15.7,0.29,5.0,0.21,15.7,0.4,8.0,0.44,10.6,0.11,0.11,0.095051,1776185842000
1776185844.785,144.785,0.6,8.0,0.56,10.6,0.71,5.0,0.79,15.7,0.29,5.0,0.21,15.7,0.4,8.0,0.44,10.6,0.11,0.11,0.09505,1776185843000
1776185845.559,145.559,0.6,8.0,0.56,10.6,0.71,5.0,0.79,15.7,0.29,5.0,0.21,15.7,0.4,8.0,0.44,10.6,0.11,0.11,0.09505,1776185844000
1776185845.904,145.904,0.7,12.4,0.69,12.2,0.76,5.0,0.77,5.0,0.29,5.0,0.21,15.7,0.4,8.0,0.44,10.6,0.06,0.11,0.09505,1776185844000
1776185846.245,146.245,0.7,12.4,0.69,12.2,0.76,5.0,0.77,5.0,0.24,5.0,0.23,5.0,0.3,12.4,0.31,12.2,0.06,0.06,0.095053,1776185845000
1776185846.694,146.694,0.69,1.7,0.68,26.9,0.76,5.0,0.77,5.0,0.24,5.0,0.23,5.0,0.3,12.4,0.31,12.2,0.07,0.06,0.095053,1776185845000
1776185847.793,147.793,0.69,1.7,0.68,26.9,0.76,5.0,0.77,5.0,0.24,5.0,0.23,5.0,0.31,1.7,0.32,26.9,0.07,0.07,0.095054,1776185846000
1776185848.473,148.473,0.69,1.7,0.68,26.9,0.76,5.0,0.77,5.0,0.24,5.0,0.23,5.0,0.31,1.7,0.32,26.9,0.07,0.07,0.095054,1776185847000
1776185849.285,149.285,0.53,2.52,0.52,5.0,0.7,5.0,0.71,50.0,0.3,5.0,0.29,50.0,0.47,2.52,0.48,5.0,0.17,0.17,0.095055,1776185848000
1776185850.528,150.528,0.52,14.0,0.48,10.4,0.63,3.41,0.65,5.0,0.3,5.0,0.29,50.0,0.47,2.52,0.48,5.0,0.11,0.17,0.095055,1776185848000
1776185850.866,150.866,0.52,14.0,0.48,10.4,0.63,1.8,0.65,5.0,0.37,3.41,0.35,5.0,0.48,14.0,0.52,10.4,0.11,0.11,0.095027,1776185849000
1776185851.22,151.22,0.52,14.0,0.48,10.4,0.63,1.8,0.65,5.0,0.37,1.8,0.35,5.0,0.48,14.0,0.52,10.4,0.11,0.11,0.094998,1776185850000
1776185852.619,152.619,0.52,14.0,0.48,10.4,0.63,1.8,0.65,5.0,0.37,1.8,0.35,5.0,0.48,14.0,0.52,10.4,0.11,0.11,0.095001,1776185851000
1776185853.473,153.473,0.52,14.0,0.48,10.4,0.63,1.8,0.65,5.0,0.37,1.8,0.35,5.0,0.48,14.0,0.52,10.4,0.11,0.11,0.095,1776185852000
1776185854.216,154.216,0.52,14.0,0.48,10.4,0.63,1.8,0.65,5.0,0.37,1.8,0.35,5.0,0.48,14.0,0.52,10.4,0.11,0.11,0.094994,1776185853000
1776185855.52,155.52,0.52,14.0,0.48,10.4,0.63,1.8,0.65,5.0,0.37,1.8,0.35,5.0,0.48,14.0,0.52,10.4,0.11,0.11,0.094988,1776185854000
1776185856.148,156.148,0.52,14.0,0.48,10.4,0.63,1.8,0.65,5.0,0.37,1.8,0.35,5.0,0.48,14.0,0.52,10.4,0.11,0.11,0.094989,1776185855000
1776185857.585,157.585,0.52,14.0,0.48,10.4,0.63,1.8,0.65,5.0,0.37,1.8,0.35,5.0,0.48,14.0,0.52,10.4,0.11,0.11,0.094989,1776185856000
1776185858.268,158.268,0.52,14.0,0.48,10.4,0.63,1.8,0.65,5.0,0.37,1.8,0.35,5.0,0.48,14.0,0.52,10.4,0.11,0.11,0.094987,1776185857000
1776185859.662,159.662,0.52,14.0,0.48,10.4,0.63,1.8,0.65,5.0,0.37,1.8,0.35,5.0,0.48,14.0,0.52,10.4,0.11,0.11,0.094983,1776185858000
1776185860.289,160.289,0.52,14.0,0.48,10.4,0.63,1.8,0.65,5.0,0.37,1.8,0.35,5.0,0.48,14.0,0.52,10.4,0.11,0.11,0.094984,1776185859000
1776185861.427,161.427,0.49,5.96,0.48,25.4,0.61,5.0,0.64,5.0,0.39,5.0,0.36,5.0,0.51,5.96,0.52,25.4,0.12,0.12,0.09498,1776185860000
1776185861.98,161.98,0.49,5.96,0.48,25.4,0.61,5.0,0.64,5.0,0.39,5.0,0.36,5.0,0.51,5.96,0.52,25.4,0.12,0.12,0.09498,1776185861000
1776185863.055,163.055,0.49,5.96,0.48,25.4,0.61,5.0,0.64,5.0,0.39,5.0,0.36,5.0,0.51,5.96,0.52,25.4,0.12,0.12,0.094982,1776185862000
1776185864.055,164.055,0.49,5.96,0.48,25.4,0.61,5.0,0.64,5.0,0.39,5.0,0.36,5.0,0.51,5.96,0.52,25.4,0.12,0.12,0.094982,1776185863000
1776185865.075,165.075,0.49,5.96,0.48,25.4,0.61,5.0,0.64,5.0,0.39,5.0,0.36,5.0,0.51,5.96,0.52,25.4,0.12,0.12,0.094983,1776185864000
1776185866.119,166.119,0.49,5.96,0.48,25.4,0.61,5.0,0.64,5.0,0.39,5.0,0.36,5.0,0.51,5.96,0.52,25.4,0.12,0.12,0.094972,1776185865000
1776185867.123,167.123,0.49,5.96,0.48,25.4,0.61,5.0,0.64,5.0,0.39,5.0,0.36,5.0,0.51,5.96,0.52,25.4,0.12,0.12,0.094972,1776185866000
1776185868.165,168.165,0.49,5.96,0.48,25.4,0.61,5.0,0.64,5.0,0.39,5.0,0.36,5.0,0.51,5.96,0.52,25.4,0.12,0.12,0.094972,1776185867000
1776185869.178,169.178,0.49,5.96,0.48,25.4,0.61,5.0,0.64,5.0,0.39,5.0,0.36,5.0,0.51,5.96,0.52,25.4,0.12,0.12,0.094974,1776185868000
1776185870.271,170.271,0.49,5.96,0.48,25.4,0.61,5.0,0.64,5.0,0.39,5.0,0.36,5.0,0.51,5.96,0.52,25.4,0.12,0.12,0.094962,1776185869000
1776185871.291,171.291,0.49,5.96,0.48,25.4,0.61,5.0,0.64,5.0,0.39,5.0,0.36,5.0,0.51,5.96,0.52,25.4,0.12,0.12,0.094958,1776185870000
1776185872.356,172.356,0.49,5.96,0.48,25.4,0.61,5.0,0.64,5.0,0.39,5.0,0.36,5.0,0.51,5.96,0.52,25.4,0.12,0.12,0.094978,1776185871000
1776185873.464,173.464,0.49,5.96,0.48,25.4,0.61,5.0,0.64,5.0,0.39,5.0,0.36,5.0,0.51,5.96,0.52,25.4,0.12,0.12,0.094983,1776185872000
1776185873.93,173.93,0.49,5.96,0.48,25.4,0.61,5.0,0.64,5.0,0.39,5.0,0.36,5.0,0.51,5.96,0.52,25.4,0.12,0.12,0.094983,1776185873000
1776185875.469,175.469,0.49,5.96,0.48,25.4,0.61,5.0,0.64,5.0,0.39,5.0,0.36,5.0,0.51,5.96,0.52,25.4,0.12,0.12,0.094987,1776185874000
1776185875.991,175.991,0.49,5.96,0.48,25.4,0.61,5.0,0.64,5.0,0.39,5.0,0.36,5.0,0.51,5.96,0.52,25.4,0.12,0.12,0.094987,1776185875000
1776185877.137,177.137,0.49,5.96,0.48,25.4,0.61,5.0,0.64,5.0,0.39,5.0,0.36,5.0,0.51,5.96,0.52,25.4,0.12,0.12,0.094972,1776185876000
1776185878.142,178.142,0.49,5.96,0.48,25.4,0.61,5.0,0.64,5.0,0.39,5.0,0.36,5.0,0.51,5.96,0.52,25.4,0.12,0.12,0.094972,1776185877000
1776185879.351,179.351,0.49,5.96,0.48,25.4,0.61,5.0,0.64,5.0,0.39,5.0,0.36,5.0,0.51,5.96,0.52,25.4,0.12,0.12,0.094973,1776185878000
1776185880.267,180.267,0.49,5.96,0.48,25.4,0.61,5.0,0.64,5.0,0.39,5.0,0.36,5.0,0.51,5.96,0.52,25.4,0.12,0.12,0.094972,1776185879000
1776185881.304,181.304,0.49,5.96,0.48,25.4,0.61,5.0,0.64,5.0,0.39,5.0,0.36,5.0,0.51,5.96,0.52,25.4,0.12,0.12,0.094973,1776185880000
1776185881.964,181.964,0.49,5.96,0.48,25.4,0.61,5.0,0.64,5.0,0.39,5.0,0.36,5.0,0.51,5.96,0.52,25.4,0.12,0.12,0.094972,1776185881000
1776185882.961,182.961,0.49,5.96,0.48,25.4,0.61,5.0,0.64,5.0,0.39,5.0,0.36,5.0,0.51,5.96,0.52,25.4,0.12,0.12,0.09497,1776185882000
1776185884.056,184.056,0.49,5.96,0.48,25.4,0.61,5.0,0.64,5.0,0.39,5.0,0.36,5.0,0.51,5.96,0.52,25.4,0.12,0.12,0.094967,1776185883000
1776185885.041,185.041,0.49,5.96,0.48,25.4,0.61,5.0,0.64,5.0,0.39,5.0,0.36,5.0,0.51,5.96,0.52,25.4,0.12,0.12,0.094967,1776185884000
1776185886.025,186.025,0.49,5.96,0.48,25.4,0.61,5.0,0.64,5.0,0.39,5.0,0.36,5.0,0.51,5.96,0.52,25.4,0.12,0.12,0.094971,1776185885000
1776185887.134,187.134,0.49,5.96,0.48,25.4,0.61,5.0,0.64,5.0,0.39,5.0,0.36,5.0,0.51,5.96,0.52,25.4,0.12,0.12,0.094972,1776185886000
1776185888.556,188.556,0.49,5.96,0.48,25.4,0.61,5.0,0.64,5.0,0.39,5.0,0.36,5.0,0.51,5.96,0.52,25.4,0.12,0.12,0.094979,1776185887000
1776185889.152,189.152,0.49,5.96,0.48,25.4,0.61,5.0,0.64,5.0,0.39,5.0,0.36,5.0,0.51,5.96,0.52,25.4,0.12,0.12,0.094979,1776185888000
1776185890.273,190.273,0.49,5.96,0.48,25.4,0.61,5.0,0.64,5.0,0.39,5.0,0.36,5.0,0.51,5.96,0.52,25.4,0.12,0.12,0.094976,1776185889000
1776185891.212,191.212,0.6,5.0,0.59,5.0,0.65,0.91,0.68,5.0,0.39,5.0,0.36,5.0,0.51,5.96,0.52,25.4,0.05,0.12,0.094976,1776185889000
1776185891.713,191.713,0.56,10.6,0.55,10.5,0.59,14.26,0.68,10.0,0.41,19.26,0.32,10.0,0.45,10.5,0.46,34.5,0.03,0.04,0.094979,1776185890000
1776185892.386,192.386,0.56,10.6,0.55,10.5,0.59,14.26,0.68,10.0,0.41,14.26,0.32,10.0,0.44,10.6,0.45,10.5,0.03,0.03,0.094984,1776185891000
1776185892.954,192.954,0.56,10.6,0.55,10.5,0.59,14.26,0.68,10.0,0.41,14.26,0.32,10.0,0.44,10.6,0.45,10.5,0.03,0.03,0.094985,1776185892000
1776185894.046,194.046,0.58,37.7,0.57,10.6,0.59,9.17,0.73,5.0,0.41,14.26,0.32,10.0,0.44,10.6,0.45,10.5,0.01,0.03,0.094985,1776185892000
1776185895.209,195.209,0.58,37.7,0.57,10.6,0.59,9.17,0.73,5.0,0.41,9.17,0.27,5.0,0.42,37.7,0.43,10.6,0.01,0.01,0.095007,1776185894000
1776185896.386,196.386,0.58,37.7,0.57,10.6,0.59,9.17,0.73,5.0,0.41,9.17,0.27,5.0,0.42,37.7,0.43,10.6,0.01,0.01,0.094992,1776185895000
1776185897.441,197.441,0.58,37.7,0.57,10.6,0.59,9.17,0.73,5.0,0.41,9.17,0.27,5.0,0.42,37.7,0.43,10.6,0.01,0.01,0.094984,1776185896000
1776185898.029,198.029,0.58,37.7,0.57,10.6,0.59,9.17,0.73,5.0,0.41,9.17,0.27,5.0,0.42,37.7,0.43,10.6,0.01,0.01,0.09499,1776185897000
1776185899.229,199.229,0.58,37.7,0.57,10.6,0.59,9.17,0.73,5.0,0.41,9.17,0.27,5.0,0.42,37.7,0.43,10.6,0.01,0.01,0.094991,1776185898000
1776185900.235,200.235,0.58,37.7,0.57,10.6,0.59,9.17,0.73,5.0,0.41,9.17,0.27,5.0,0.42,37.7,0.43,10.6,0.01,0.01,0.094992,1776185899000
1776185901.471,201.471,0.58,37.7,0.57,10.6,0.59,9.17,0.73,5.0,0.41,9.17,0.27,5.0,0.42,37.7,0.43,10.6,0.01,0.01,0.094991,1776185900000
1776185902.026,202.026,0.58,37.7,0.57,10.6,0.59,9.17,0.73,5.0,0.41,9.17,0.27,5.0,0.42,37.7,0.43,10.6,0.01,0.01,0.095,1776185901000
1776185903.561,203.561,0.58,37.7,0.57,10.6,0.59,9.17,0.73,5.0,0.41,9.17,0.27,5.0,0.42,37.7,0.43,10.6,0.01,0.01,0.095,1776185902000
1776185904.105,204.105,0.58,37.7,0.57,10.6,0.59,9.17,0.73,5.0,0.41,9.17,0.27,5.0,0.42,37.7,0.43,10.6,0.01,0.01,0.094999,1776185903000
1776185905.132,205.132,0.58,37.7,0.57,10.6,0.59,9.17,0.73,5.0,0.41,9.17,0.27,5.0,0.42,37.7,0.43,10.6,0.01,0.01,0.095,1776185904000
1776185906.021,206.021,0.58,37.7,0.57,10.6,0.59,9.17,0.73,5.0,0.41,9.17,0.27,5.0,0.42,37.7,0.43,10.6,0.01,0.01,0.095,1776185905000
1776185907.464,207.464,0.58,37.7,0.57,10.6,0.59,9.17,0.73,5.0,0.41,9.17,0.27,5.0,0.42,37.7,0.43,10.6,0.01,0.01,0.095002,1776185906000
1776185908.005,208.005,0.58,37.7,0.57,10.6,0.59,9.17,0.73,5.0,0.41,9.17,0.27,5.0,0.42,37.7,0.43,10.6,0.01,0.01,0.095002,1776185907000
1776185909.036,209.036,0.58,37.7,0.57,10.6,0.59,9.17,0.73,5.0,0.41,9.17,0.27,5.0,0.42,37.7,0.43,10.6,0.01,0.01,0.095007,1776185908000
1776185910.303,210.303,0.58,37.7,0.57,10.6,0.59,9.17,0.73,5.0,0.41,9.17,0.27,5.0,0.42,37.7,0.43,10.6,0.01,0.01,0.095007,1776185909000
1776185910.965,210.965,0.68,5.0,0.67,5.0,0.8,8.57,0.81,66.89,0.41,9.17,0.27,5.0,0.42,37.7,0.43,10.6,0.12,0.01,0.095007,1776185909000
1776185911.365,211.365,0.68,5.0,0.67,5.0,0.8,8.57,0.81,66.89,0.2,8.57,0.19,66.89,0.32,5.0,0.33,5.0,0.12,0.12,0.095005,1776185910000
1776185911.984,211.984,0.68,5.0,0.67,5.0,0.8,8.57,0.81,66.89,0.2,8.57,0.19,66.89,0.32,5.0,0.33,5.0,0.12,0.12,0.095005,1776185911000
1776185913.143,213.143,0.68,5.0,0.67,5.0,0.8,8.57,0.81,66.89,0.2,8.57,0.19,66.89,0.32,5.0,0.33,5.0,0.12,0.12,0.09501,1776185912000
1776185914.431,214.431,0.68,5.0,0.67,5.0,0.8,8.57,0.81,66.89,0.2,8.57,0.19,66.89,0.32,5.0,0.33,5.0,0.12,0.12,0.095007,1776185913000
1776185915.004,215.004,0.68,5.0,0.67,5.0,0.8,8.57,0.81,66.89,0.2,8.57,0.19,66.89,0.32,5.0,0.33,5.0,0.12,0.12,0.095008,1776185914000
1776185916.19,216.19,0.68,5.0,0.67,5.0,0.8,8.57,0.81,66.89,0.2,8.57,0.19,66.89,0.32,5.0,0.33,5.0,0.12,0.12,0.095008,1776185915000
1776185917.909,217.909,0.68,5.0,0.67,5.0,0.8,8.57,0.81,66.89,0.2,8.57,0.19,66.89,0.32,5.0,0.33,5.0,0.12,0.12,0.095009,1776185916000
1776185918.551,218.551,0.68,5.0,0.67,5.0,0.8,8.57,0.81,66.89,0.2,8.57,0.19,66.89,0.32,5.0,0.33,5.0,0.12,0.12,0.095012,1776185917000
1776185919.051,219.051,0.68,5.0,0.67,5.0,0.8,8.57,0.81,66.89,0.2,8.57,0.19,66.89,0.32,5.0,0.33,5.0,0.12,0.12,0.095015,1776185918000
1776185921.051,221.051,0.68,5.0,0.67,5.0,0.8,8.57,0.81,66.89,0.2,8.57,0.19,66.89,0.32,5.0,0.33,5.0,0.12,0.12,0.095018,1776185920000
1776185922.801,222.801,0.68,5.0,0.67,5.0,0.8,8.57,0.81,66.89,0.2,8.57,0.19,66.89,0.32,5.0,0.33,5.0,0.12,0.12,0.095013,1776185921000
1776185923.451,223.451,0.68,5.0,0.67,5.0,0.8,8.57,0.81,66.89,0.2,8.57,0.19,66.89,0.32,5.0,0.33,5.0,0.12,0.12,0.095013,1776185922000
1776185924.288,224.288,0.68,5.0,0.67,5.0,0.8,8.57,0.81,66.89,0.2,8.57,0.19,66.89,0.32,5.0,0.33,5.0,0.12,0.12,0.094995,1776185923000
1776185925.506,225.506,0.68,5.0,0.67,5.0,0.8,8.57,0.81,66.89,0.2,8.57,0.19,66.89,0.32,5.0,0.33,5.0,0.12,0.12,0.094997,1776185924000
1776185926.134,226.134,0.68,5.0,0.67,5.0,0.8,8.57,0.81,66.89,0.2,8.57,0.19,66.89,0.32,5.0,0.33,5.0,0.12,0.12,0.094996,1776185925000
1776185927.417,227.417,0.68,5.0,0.67,5.0,0.8,8.57,0.81,66.89,0.2,8.57,0.19,66.89,0.32,5.0,0.33,5.0,0.12,0.12,0.095008,1776185926000
1776185928.141,228.141,0.45,8.06,0.44,10.6,0.66,5.0,0.67,5.0,0.34,5.0,0.33,5.0,0.55,8.06,0.56,10.6,0.21,0.21,0.095009,1776185927000
1776185929.116,229.116,0.51,65.0,0.46,5.0,0.54,5.0,0.7,5.0,0.34,5.0,0.33,5.0,0.55,8.06,0.56,10.6,0.03,0.21,0.095009,1776185927000
1776185929.358,229.358,0.51,65.0,0.46,5.0,0.54,5.0,0.7,5.0,0.46,5.0,0.3,5.0,0.49,65.0,0.54,5.0,0.03,0.03,0.094999,1776185928000
1776185930.835,230.835,0.51,65.0,0.46,5.0,0.54,5.0,0.7,5.0,0.46,5.0,0.3,5.0,0.49,65.0,0.54,5.0,0.03,0.03,0.094983,1776185929000
1776185931.517,231.517,0.51,65.0,0.46,5.0,0.54,5.0,0.7,5.0,0.46,5.0,0.3,5.0,0.49,65.0,0.54,5.0,0.03,0.03,0.094983,1776185930000
1776185932.211,232.211,0.37,10.77,0.36,11.3,0.54,5.0,0.61,50.0,0.46,5.0,0.3,5.0,0.49,65.0,0.54,5.0,0.17,0.03,0.094983,1776185930000
1776185933.652,233.652,0.37,10.77,0.36,11.3,0.54,5.0,0.61,50.0,0.46,5.0,0.39,50.0,0.63,10.77,0.64,11.3,0.17,0.17,0.09498,1776185932000
1776185933.946,233.946,0.22,11.39,0.21,15.7,0.41,50.0,0.51,50.0,0.46,5.0,0.39,50.0,0.63,10.77,0.64,11.3,0.19,0.17,0.09498,1776185932000
1776185934.288,234.288,0.22,7.58,0.21,15.7,0.41,50.0,0.51,50.0,0.59,50.0,0.49,50.0,0.78,7.58,0.79,15.7,0.19,0.19,0.094963,1776185933000
1776185935.173,235.173,0.18,17.6,0.17,18.39,0.34,5.0,0.35,5.0,0.59,50.0,0.49,50.0,0.78,7.58,0.79,15.7,0.16,0.19,0.094963,1776185933000
1776185935.718,235.718,0.19,10.37,0.18,17.6,0.35,7.0,0.41,50.0,0.66,5.0,0.65,5.0,0.82,17.6,0.83,18.39,0.16,0.16,0.094963,1776185933000
1776185936.47,236.47,0.19,10.37,0.18,17.6,0.35,7.0,0.41,50.0,0.65,7.0,0.59,50.0,0.81,10.37,0.82,17.6,0.16,0.16,0.094885,1776185935000
1776185937.008,237.008,0.19,10.37,0.18,17.6,0.35,7.0,0.41,50.0,0.65,7.0,0.59,50.0,0.81,10.37,0.82,17.6,0.16,0.16,0.094885,1776185936000
1776185938.098,238.098,0.19,10.37,0.18,17.6,0.35,7.0,0.41,50.0,0.65,7.0,0.59,50.0,0.81,10.37,0.82,17.6,0.16,0.16,0.094883,1776185937000
1776185939.091,239.091,0.19,10.37,0.18,17.6,0.35,7.0,0.41,50.0,0.65,7.0,0.59,50.0,0.81,10.37,0.82,17.6,0.16,0.16,0.094886,1776185938000
1776185940.263,240.263,0.19,10.37,0.18,17.6,0.35,7.0,0.41,50.0,0.65,7.0,0.59,50.0,0.81,10.37,0.82,17.6,0.16,0.16,0.094891,1776185939000
1776185941.353,241.353,0.19,10.37,0.18,17.6,0.35,7.0,0.41,50.0,0.65,7.0,0.59,50.0,0.81,10.37,0.82,17.6,0.16,0.16,0.094912,1776185940000
1776185942.4,242.4,0.4,0.98,0.39,5.0,0.54,5.0,0.56,5.0,0.46,5.0,0.44,5.0,0.6,0.98,0.61,5.0,0.14,0.14,0.094919,1776185941000
1776185943.38,243.38,0.32,5.0,0.31,50.0,0.6,4.55,0.61,50.0,0.4,4.55,0.39,50.0,0.68,5.0,0.69,50.0,0.28,0.28,0.094919,1776185942000
1776185943.949,243.949,0.32,5.0,0.31,50.0,0.6,4.55,0.61,50.0,0.4,4.55,0.39,50.0,0.68,5.0,0.69,50.0,0.28,0.28,0.094927,1776185943000
1776185944.961,244.961,0.32,5.0,0.31,50.0,0.6,4.55,0.61,50.0,0.4,4.55,0.39,50.0,0.68,5.0,0.69,50.0,0.28,0.28,0.094933,1776185944000
1776185946.097,246.097,0.32,5.0,0.31,50.0,0.6,4.55,0.61,50.0,0.4,4.55,0.39,50.0,0.68,5.0,0.69,50.0,0.28,0.28,0.094933,1776185945000
1776185947.12,247.12,0.32,5.0,0.31,50.0,0.6,4.55,0.61,50.0,0.4,4.55,0.39,50.0,0.68,5.0,0.69,50.0,0.28,0.28,0.094943,1776185946000
1776185947.755,247.755,0.41,44.0,0.37,44.0,0.43,6.0,0.45,9.0,0.4,4.55,0.39,50.0,0.68,5.0,0.69,50.0,0.02,0.28,0.094943,1776185946000
1776185948.095,248.095,0.41,44.0,0.37,44.0,0.43,6.0,0.45,9.0,0.57,6.0,0.55,9.0,0.59,44.0,0.63,44.0,0.02,0.02,0.094952,1776185947000
1776185948.698,248.698,0.41,12.71,0.34,16.6,0.45,9.0,0.58,5.0,0.57,6.0,0.55,9.0,0.59,44.0,0.63,44.0,0.04,0.02,0.094952,1776185947000
1776185949.81,249.81,0.41,12.71,0.34,16.6,0.45,9.0,0.58,5.0,0.55,9.0,0.42,5.0,0.59,12.71,0.66,16.6,0.04,0.04,0.094951,1776185948000
1776185950.452,250.452,0.41,12.71,0.34,16.6,0.45,9.0,0.58,5.0,0.55,9.0,0.42,5.0,0.59,12.71,0.66,16.6,0.04,0.04,0.09495,1776185949000
1776185950.943,250.943,0.41,12.71,0.4,5.0,0.45,4.0,0.61,50.0,0.55,4.0,0.39,50.0,0.59,12.71,0.6,5.0,0.04,0.04,0.09495,1776185950000
1776185952.134,252.134,0.42,5.0,0.38,11.0,0.45,0.73,0.61,50.0,0.55,0.73,0.39,50.0,0.58,5.0,0.62,11.0,0.03,0.03,0.09495,1776185951000
1776185953.215,253.215,0.42,5.0,0.38,11.0,0.45,0.73,0.61,50.0,0.55,0.73,0.39,50.0,0.58,5.0,0.62,11.0,0.03,0.03,0.094977,1776185952000
1776185954.331,254.331,0.42,5.0,0.38,11.0,0.45,0.73,0.61,50.0,0.55,0.73,0.39,50.0,0.58,5.0,0.62,11.0,0.03,0.03,0.094976,1776185953000
1776185954.893,254.893,0.42,5.0,0.38,11.0,0.45,0.73,0.61,50.0,0.55,0.73,0.39,50.0,0.58,5.0,0.62,11.0,0.03,0.03,0.094973,1776185954000
1776185956.081,256.081,0.42,5.0,0.38,11.0,0.45,0.73,0.61,50.0,0.55,0.73,0.39,50.0,0.58,5.0,0.62,11.0,0.03,0.03,0.094964,1776185955000
1776185957.519,257.519,0.44,15.6,0.43,17.6,0.61,50.0,0.67,5.0,0.55,0.73,0.39,50.0,0.58,5.0,0.62,11.0,0.17,0.03,0.094964,1776185955000
1776185958.171,258.171,0.44,15.6,0.43,17.6,0.61,50.0,0.67,5.0,0.39,50.0,0.33,5.0,0.56,15.6,0.57,17.6,0.17,0.17,0.094963,1776185957000
1776185958.677,258.677,0.6,5.0,0.56,5.0,0.77,3.14,0.81,50.0,0.39,50.0,0.33,5.0,0.56,15.6,0.57,17.6,0.17,0.17,0.094963,1776185957000
1776185959.133,259.133,0.6,5.0,0.56,5.0,0.81,45.0,0.82,5.0,0.19,45.0,0.18,5.0,0.4,5.0,0.44,5.0,0.21,0.21,0.094963,1776185958000
1776185960.38,260.38,0.6,5.0,0.56,5.0,0.81,45.0,0.82,5.0,0.19,45.0,0.18,5.0,0.4,5.0,0.44,5.0,0.21,0.21,0.094971,1776185959000
1776185961.14,261.14,0.5,10.4,0.49,10.4,0.54,26.0,0.61,50.0,0.46,26.0,0.39,50.0,0.5,10.4,0.51,10.4,0.04,0.04,0.094989,1776185960000
1776185962.164,262.164,0.53,48.0,0.51,60.4,0.54,21.0,0.8,5.0,0.46,26.0,0.39,50.0,0.5,10.4,0.51,10.4,0.01,0.04,0.094989,1776185960000
1776185962.491,262.491,0.61,37.75,0.53,39.0,0.9,5.0,0.91,50.0,0.46,12.25,0.1,28.9,0.47,45.87,0.49,60.4,0.29,0.01,0.094978,1776185961000
1776185963.648,263.648,0.61,37.75,0.53,39.0,0.9,5.0,0.91,50.0,0.1,5.0,0.09,50.0,0.39,37.75,0.47,39.0,0.29,0.29,0.095,1776185962000
1776185964.324,264.324,0.61,37.75,0.53,39.0,0.9,5.0,0.91,50.0,0.1,5.0,0.09,50.0,0.39,37.75,0.47,39.0,0.29,0.29,0.095012,1776185963000
1776185965.412,265.412,0.61,37.75,0.53,39.0,0.9,5.0,0.91,50.0,0.1,5.0,0.09,50.0,0.39,37.75,0.47,39.0,0.29,0.29,0.09503,1776185964000
1776185965.864,265.864,0.61,37.75,0.53,39.0,0.9,5.0,0.91,50.0,0.1,5.0,0.09,50.0,0.39,37.75,0.47,39.0,0.29,0.29,0.095033,1776185965000
1776185966.978,266.978,0.61,37.75,0.53,39.0,0.9,5.0,0.91,50.0,0.1,5.0,0.09,50.0,0.39,37.75,0.47,39.0,0.29,0.29,0.095032,1776185966000
1776185968.072,268.072,0.61,37.75,0.53,39.0,0.9,5.0,0.91,50.0,0.1,5.0,0.09,50.0,0.39,37.75,0.47,39.0,0.29,0.29,0.095031,1776185967000
1776185969.241,269.241,0.61,37.75,0.53,39.0,0.9,5.0,0.91,50.0,0.1,5.0,0.09,50.0,0.39,37.75,0.47,39.0,0.29,0.29,0.095028,1776185968000
1776185970.36,270.36,0.61,37.75,0.53,39.0,0.9,5.0,0.91,50.0,0.1,5.0,0.09,50.0,0.39,37.75,0.47,39.0,0.29,0.29,0.095032,1776185969000
1776185970.832,270.832,0.78,20.0,0.67,11.8,0.91,50.0,0.94,5.0,0.1,5.0,0.09,50.0,0.39,37.75,0.47,39.0,0.13,0.29,0.095032,1776185969000
1776185972.051,272.051,0.78,20.0,0.67,11.8,0.91,50.0,0.94,5.0,0.09,50.0,0.06,5.0,0.22,20.0,0.33,11.8,0.13,0.13,0.095034,1776185971000
1776185973.09,273.09,0.78,20.0,0.67,11.8,0.91,50.0,0.94,5.0,0.09,50.0,0.06,5.0,0.22,20.0,0.33,11.8,0.13,0.13,0.095045,1776185972000
1776185974.238,274.238,0.78,20.0,0.67,11.8,0.91,50.0,0.94,5.0,0.09,50.0,0.06,5.0,0.22,20.0,0.33,11.8,0.13,0.13,0.095048,1776185973000
1776185974.754,274.754,0.79,1.23,0.72,12.9,0.91,50.0,0.93,5.0,0.09,50.0,0.06,5.0,0.22,20.0,0.33,11.8,0.12,0.13,0.095048,1776185973000
1776185975.237,275.237,0.69,10.0,0.68,6.0,0.91,43.47,0.93,5.0,0.09,43.47,0.07,5.0,0.21,1.23,0.28,12.9,0.22,0.12,0.095048,1776185973000
1776185976.426,276.426,0.69,10.0,0.68,6.0,0.91,43.47,0.93,5.0,0.09,43.47,0.07,5.0,0.31,10.0,0.32,6.0,0.22,0.22,0.09503,1776185975000
1776185976.998,276.998,0.69,10.0,0.68,6.0,0.91,43.47,0.93,5.0,0.09,43.47,0.07,5.0,0.31,10.0,0.32,6.0,0.22,0.22,0.09503,1776185976000
1776185978.038,278.038,0.69,10.0,0.68,6.0,0.91,43.47,0.93,5.0,0.09,43.47,0.07,5.0,0.31,10.0,0.32,6.0,0.22,0.22,0.095029,1776185977000
1776185979.566,279.566,0.69,10.0,0.68,6.0,0.91,43.47,0.93,5.0,0.09,43.47,0.07,5.0,0.31,10.0,0.32,6.0,0.22,0.22,0.095028,1776185978000
1776185980.108,280.108,0.69,10.0,0.68,6.0,0.91,43.47,0.93,5.0,0.09,43.47,0.07,5.0,0.31,10.0,0.32,6.0,0.22,0.22,0.095032,1776185979000
1776185980.594,280.594,0.85,5.0,0.73,10.0,0.96,3.95,0.98,15.0,0.09,43.47,0.07,5.0,0.31,10.0,0.32,6.0,0.11,0.22,0.095032,1776185979000
1776185981.092,281.092,0.85,5.0,0.73,10.0,0.96,3.95,0.98,15.0,0.04,3.95,0.02,15.0,0.15,5.0,0.27,10.0,0.11,0.11,0.095028,1776185980000
1776185981.397,281.397,0.91,17.1,0.86,5.0,0.96,0.16,0.98,15.0,0.04,3.95,0.02,15.0,0.15,5.0,0.27,10.0,0.05,0.11,0.095028,1776185980000
1776185982.061,282.061,0.91,22.1,0.86,5.0,0.98,10.16,0.99,235.0,0.04,0.16,0.02,15.0,0.09,17.1,0.14,5.0,0.07,0.05,0.095028,1776185980000
1776185982.324,282.324,0.91,22.1,0.86,5.0,0.98,10.16,0.99,235.0,0.02,10.16,0.01,235.0,0.09,22.1,0.14,5.0,0.07,0.07,0.095043,1776185981000
1776185982.757,282.757,0.91,22.1,0.86,5.0,0.98,2.0,0.99,235.0,0.02,10.16,0.01,235.0,0.09,22.1,0.14,5.0,0.07,0.07,0.095043,1776185981000
1776185983.396,283.396,0.91,22.1,0.86,5.0,0.98,2.0,0.99,235.0,0.02,2.0,0.01,235.0,0.09,22.1,0.14,5.0,0.07,0.07,0.09507,1776185982000
1776185983.933,283.933,0.91,22.1,0.86,5.0,0.98,0.97,0.99,235.0,0.02,2.0,0.01,235.0,0.09,22.1,0.14,5.0,0.07,0.07,0.09507,1776185982000
1776185984.357,284.357,0.91,22.1,0.86,5.0,0.99,214.74,,,0.01,214.74,,,0.09,22.1,0.14,5.0,0.08,0.08,0.095074,1776185983000
1776185984.876,284.876,0.91,22.1,0.86,5.0,0.99,214.74,,,0.01,214.74,,,0.09,22.1,0.14,5.0,0.08,0.08,0.095072,1776185984000
1776185985.159,285.159,0.91,21.1,0.86,5.0,0.99,63.28,,,0.01,133.44,,,0.09,21.1,0.14,5.0,0.08,0.08,0.095072,1776185984000
1776185985.363,285.363,0.91,21.1,0.86,5.0,0.99,57.28,,,0.01,63.28,,,0.09,21.1,0.14,5.0,0.08,0.08,0.095072,1776185984000
1776185985.919,285.919,0.91,21.1,0.86,5.0,0.99,57.28,,,0.01,57.28,,,0.09,21.1,0.14,5.0,0.08,0.08,0.095072,1776185985000
1776185986.712,286.712,0.91,21.1,0.86,5.0,0.99,55.31,,,0.01,57.28,,,0.09,21.1,0.14,5.0,0.08,0.08,0.095072,1776185985000
1776185986.979,286.979,0.91,21.1,0.86,5.0,0.99,30.06,,,0.01,30.06,,,0.09,21.1,0.14,5.0,0.08,0.08,0.095074,1776185986000
1776185987.607,287.607,0.91,21.1,0.86,5.0,0.99,25.06,,,0.01,30.06,,,0.09,21.1,0.14,5.0,0.08,0.08,0.095074,1776185986000
1776185988.105,288.105,0.91,21.1,0.86,5.0,0.99,25.06,,,0.01,25.06,,,0.09,21.1,0.14,5.0,0.08,0.08,0.095078,1776185987000
1776185988.352,288.352,0.91,21.1,0.86,5.0,0.99,20.06,,,0.01,25.06,,,0.09,21.1,0.14,5.0,0.08,0.08,0.095078,1776185987000
1776185989.07,289.07,0.91,21.1,0.86,5.0,0.99,15.06,,,0.01,20.06,,,0.09,21.1,0.14,5.0,0.08,0.08,0.095078,1776185987000
1776185989.285,289.285,0.91,21.1,0.86,5.0,0.99,15.06,,,0.01,15.06,,,0.09,21.1,0.14,5.0,0.08,0.08,0.095083,1776185988000
1776185989.613,289.613,0.99,984.94,0.91,45.1,,,,,0.01,15.06,,,0.09,21.1,0.14,5.0,,0.08,0.095083,1776185988000
1776185990.012,290.012,0.99,994.52,0.97,5.15,,,,,,,,,0.01,984.94,0.09,45.1,,,0.095083,1776185988000
1776185990.271,290.271,0.99,994.52,0.97,5.15,,,,,,,,,0.01,994.52,0.03,5.15,,,0.095089,1776185989000
1776185991.256,291.256,0.99,994.52,0.97,5.15,,,,,,,,,0.01,994.52,0.03,5.15,,,0.095096,1776185990000
1776185992.236,292.236,0.99,994.52,0.97,5.15,,,,,,,,,0.01,994.52,0.03,5.15,,,0.095096,1776185991000
1776185993.23,293.23,0.99,3130.8,0.97,5.15,,,,,,,,,0.01,3130.8,0.03,5.15,,,0.095128,1776185992000
1776185994.373,294.373,0.99,3130.8,0.97,5.15,,,,,,,,,0.01,3130.8,0.03,5.15,,,0.09515,1776185993000
1776185994.987,294.987,0.99,3130.8,0.97,5.15,,,,,,,,,0.01,3130.8,0.03,5.15,,,0.095159,1776185994000
1776185995.972,295.972,0.99,3130.8,0.97,5.15,,,,,,,,,0.01,3130.8,0.03,5.15,,,0.095169,1776185995000
1776185997.122,297.122,0.99,3130.8,0.97,5.15,,,,,,,,,0.01,3130.8,0.03,5.15,,,0.095175,1776185996000
1776185998.128,298.128,0.99,3130.8,0.97,5.15,,,,,,,,,0.01,3130.8,0.03,5.15,,,0.09518,1776185997000
1776185999.204,299.204,0.99,3130.8,0.97,5.15,,,,,,,,,0.01,3130.8,0.03,5.15,,,0.095199,1776185998000
1776186000.223,300.223,0.99,3130.8,0.97,5.15,,,,,,,,,0.01,3130.8,0.03,5.15,,,0.095198,1776185999000

# RESULT,winner=Up,slug=doge-updown-5m-1776185700,ticks=337
