timestamp,elapsed_sec,up_bid_p1,up_bid_s1,up_bid_p2,up_bid_s2,up_ask_p1,up_ask_s1,up_ask_p2,up_ask_s2,down_bid_p1,down_bid_s1,down_bid_p2,down_bid_s2,down_ask_p1,down_ask_s1,down_ask_p2,down_ask_s2,up_spread,down_spread,doge_price,doge_oracle_ts
1776193211.447,11.447,0.37,5.0,0.35,5.0,0.44,5.0,0.46,2.0,0.56,5.0,0.54,2.0,0.63,5.0,0.65,5.0,0.07,0.07,0.093113,1776193209000
1776193211.906,11.906,0.37,5.0,0.35,5.0,0.44,5.0,0.46,2.0,0.56,5.0,0.54,2.0,0.63,5.0,0.65,5.0,0.07,0.07,0.093117,1776193211000
1776193213.154,13.154,0.37,5.0,0.35,5.0,0.44,5.0,0.46,2.0,0.56,5.0,0.54,2.0,0.63,5.0,0.65,5.0,0.07,0.07,0.093111,1776193212000
1776193214.523,14.523,0.37,5.0,0.35,5.0,0.44,5.0,0.46,2.0,0.56,5.0,0.54,2.0,0.63,5.0,0.65,5.0,0.07,0.07,0.093116,1776193213000
1776193214.962,14.962,0.37,5.0,0.35,5.0,0.44,5.0,0.46,2.0,0.56,5.0,0.54,2.0,0.63,5.0,0.65,5.0,0.07,0.07,0.093116,1776193214000
1776193216.197,16.197,0.38,5.0,0.37,5.0,0.46,4.82,0.48,9.0,0.54,4.82,0.52,9.0,0.62,5.0,0.63,5.0,0.08,0.08,0.093118,1776193215000
1776193217.868,17.868,0.38,5.0,0.37,5.0,0.46,4.82,0.48,9.0,0.54,4.82,0.52,9.0,0.62,5.0,0.63,5.0,0.08,0.08,0.093121,1776193216000
1776193218.679,18.679,0.38,5.0,0.37,5.0,0.46,4.82,0.48,9.0,0.54,4.82,0.52,9.0,0.62,5.0,0.63,5.0,0.08,0.08,0.093134,1776193217000
1776193219.352,19.352,0.38,5.0,0.37,5.0,0.46,4.82,0.48,9.0,0.54,4.82,0.52,9.0,0.62,5.0,0.63,5.0,0.08,0.08,0.093133,1776193218000
1776193220.013,20.013,0.38,5.0,0.37,5.0,0.46,4.82,0.48,9.0,0.54,4.82,0.52,9.0,0.62,5.0,0.63,5.0,0.08,0.08,0.093133,1776193219000
1776193221.329,21.329,0.38,5.0,0.37,5.0,0.46,4.82,0.48,9.0,0.54,4.82,0.52,9.0,0.62,5.0,0.63,5.0,0.08,0.08,0.093138,1776193220000
1776193222.192,22.192,0.38,5.0,0.37,5.0,0.46,4.82,0.48,9.0,0.54,4.82,0.52,9.0,0.62,5.0,0.63,5.0,0.08,0.08,0.093142,1776193221000
1776193223.528,23.528,0.38,5.0,0.37,5.0,0.46,4.82,0.48,9.0,0.54,4.82,0.52,9.0,0.62,5.0,0.63,5.0,0.08,0.08,0.093148,1776193222000
1776193224.152,24.152,0.38,5.0,0.37,5.0,0.46,4.82,0.48,9.0,0.54,4.82,0.52,9.0,0.62,5.0,0.63,5.0,0.08,0.08,0.093137,1776193223000
1776193225.435,25.435,0.38,5.0,0.37,5.0,0.46,4.82,0.48,9.0,0.54,4.82,0.52,9.0,0.62,5.0,0.63,5.0,0.08,0.08,0.093126,1776193224000
1776193226.194,26.194,0.38,5.0,0.37,5.0,0.46,4.82,0.48,9.0,0.54,4.82,0.52,9.0,0.62,5.0,0.63,5.0,0.08,0.08,0.093128,1776193225000
1776193227.084,27.084,0.38,1.31,0.37,5.0,0.43,5.0,0.46,5.0,0.54,5.0,0.51,5.0,0.59,1.31,0.62,5.0,0.05,0.05,0.093128,1776193225000
1776193227.488,27.488,0.38,1.31,0.37,5.0,0.43,5.0,0.46,5.0,0.57,5.0,0.54,5.0,0.62,1.31,0.63,5.0,0.05,0.05,0.093123,1776193226000
1776193228.224,28.224,0.38,1.31,0.37,5.0,0.43,5.0,0.46,5.0,0.57,5.0,0.54,5.0,0.62,1.31,0.63,5.0,0.05,0.05,0.09312,1776193227000
1776193229.794,29.794,0.38,1.31,0.37,5.0,0.43,5.0,0.46,5.0,0.57,5.0,0.54,5.0,0.62,1.31,0.63,5.0,0.05,0.05,0.09312,1776193228000
1776193230.508,30.508,0.38,1.31,0.37,5.0,0.43,5.0,0.46,5.0,0.57,5.0,0.54,5.0,0.62,1.31,0.63,5.0,0.05,0.05,0.093116,1776193229000
1776193231.287,31.287,0.38,1.31,0.37,5.0,0.43,5.0,0.46,5.0,0.57,5.0,0.54,5.0,0.62,1.31,0.63,5.0,0.05,0.05,0.093117,1776193230000
1776193232.664,32.664,0.38,1.31,0.37,5.0,0.43,5.0,0.46,5.0,0.57,5.0,0.54,5.0,0.62,1.31,0.63,5.0,0.05,0.05,0.093109,1776193231000
1776193233.487,33.487,0.38,1.31,0.37,5.0,0.43,5.0,0.46,5.0,0.57,5.0,0.54,5.0,0.62,1.31,0.63,5.0,0.05,0.05,0.093109,1776193232000
1776193234.624,34.624,0.38,1.31,0.37,5.0,0.43,5.0,0.46,5.0,0.57,5.0,0.54,5.0,0.62,1.31,0.63,5.0,0.05,0.05,0.093106,1776193233000
1776193234.914,34.914,0.35,6.5,0.31,6.14,0.43,5.0,0.44,5.0,0.57,5.0,0.54,5.0,0.62,1.31,0.63,5.0,0.08,0.05,0.093106,1776193233000
1776193235.127,35.127,0.35,6.5,0.31,6.14,0.43,5.0,0.44,5.0,0.57,5.0,0.56,5.0,0.65,6.5,0.69,6.14,0.08,0.08,0.093114,1776193234000
1776193236.14,36.14,0.35,6.5,0.31,6.14,0.43,5.0,0.44,5.0,0.57,5.0,0.56,5.0,0.65,6.5,0.69,6.14,0.08,0.08,0.093113,1776193235000
1776193237.208,37.208,0.35,6.5,0.31,6.14,0.43,5.0,0.44,5.0,0.57,5.0,0.56,5.0,0.65,6.5,0.69,6.14,0.08,0.08,0.09311,1776193236000
1776193238.222,38.222,0.35,6.5,0.31,6.14,0.43,5.0,0.44,5.0,0.57,5.0,0.56,5.0,0.65,6.5,0.69,6.14,0.08,0.08,0.093109,1776193237000
1776193239.295,39.295,0.38,10.0,0.33,10.0,0.49,5.0,0.51,5.0,0.51,5.0,0.49,5.0,0.62,10.0,0.67,10.0,0.11,0.11,0.093118,1776193238000
1776193240.262,40.262,0.38,10.0,0.33,10.0,0.49,5.0,0.51,5.0,0.51,5.0,0.49,5.0,0.62,10.0,0.67,10.0,0.11,0.11,0.093136,1776193239000
1776193240.858,40.858,0.38,10.0,0.33,10.0,0.49,5.0,0.51,5.0,0.51,5.0,0.49,5.0,0.62,10.0,0.67,10.0,0.11,0.11,0.093137,1776193240000
1776193241.918,41.918,0.38,10.0,0.33,10.0,0.49,5.0,0.51,5.0,0.51,5.0,0.49,5.0,0.62,10.0,0.67,10.0,0.11,0.11,0.09314,1776193241000
1776193242.854,42.854,0.38,10.0,0.33,10.0,0.49,5.0,0.51,5.0,0.51,5.0,0.49,5.0,0.62,10.0,0.67,10.0,0.11,0.11,0.093139,1776193242000
1776193243.856,43.856,0.38,10.0,0.33,10.0,0.49,5.0,0.51,5.0,0.51,5.0,0.49,5.0,0.62,10.0,0.67,10.0,0.11,0.11,0.09314,1776193243000
1776193244.276,44.276,0.34,8.48,0.32,10.0,0.52,5.0,0.55,11.0,0.51,5.0,0.49,5.0,0.62,10.0,0.67,10.0,0.18,0.11,0.09314,1776193243000
1776193244.877,44.877,0.34,8.48,0.32,10.0,0.52,5.0,0.55,11.0,0.48,5.0,0.45,11.0,0.66,8.48,0.68,10.0,0.18,0.18,0.093141,1776193244000
1776193245.835,45.835,0.34,8.48,0.32,10.0,0.52,5.0,0.55,11.0,0.48,5.0,0.45,11.0,0.66,8.48,0.68,10.0,0.18,0.18,0.093146,1776193245000
1776193247.98,47.98,0.34,8.48,0.32,10.0,0.52,5.0,0.55,11.0,0.48,5.0,0.45,11.0,0.66,8.48,0.68,10.0,0.18,0.18,0.093152,1776193246000
1776193248.634,48.634,0.34,8.48,0.32,10.0,0.52,5.0,0.55,11.0,0.48,5.0,0.45,11.0,0.66,8.48,0.68,10.0,0.18,0.18,0.093151,1776193247000
1776193249.221,49.221,0.34,8.48,0.32,10.0,0.52,5.0,0.55,11.0,0.48,5.0,0.45,11.0,0.66,8.48,0.68,10.0,0.18,0.18,0.093151,1776193248000
1776193250.42,50.42,0.34,8.48,0.32,10.0,0.52,5.0,0.55,11.0,0.48,5.0,0.45,11.0,0.66,8.48,0.68,10.0,0.18,0.18,0.093139,1776193249000
1776193251.08,51.08,0.34,8.48,0.32,10.0,0.52,5.0,0.55,11.0,0.48,5.0,0.45,11.0,0.66,8.48,0.68,10.0,0.18,0.18,0.093139,1776193250000
1776193252.129,52.129,0.34,8.48,0.32,10.0,0.52,5.0,0.55,11.0,0.48,5.0,0.45,11.0,0.66,8.48,0.68,10.0,0.18,0.18,0.093139,1776193251000
1776193253.237,53.237,0.34,8.48,0.32,10.0,0.52,5.0,0.55,11.0,0.48,5.0,0.45,11.0,0.66,8.48,0.68,10.0,0.18,0.18,0.093139,1776193252000
1776193254.436,54.436,0.34,8.48,0.32,10.0,0.52,5.0,0.55,11.0,0.48,5.0,0.45,11.0,0.66,8.48,0.68,10.0,0.18,0.18,0.093122,1776193253000
1776193255.007,55.007,0.41,4.26,0.34,5.0,0.44,5.0,0.48,5.0,0.56,5.0,0.52,5.0,0.59,4.26,0.66,5.0,0.03,0.03,0.093118,1776193254000
1776193256.245,56.245,0.34,5.0,0.33,5.0,0.48,1.68,0.49,9.0,0.52,1.68,0.51,9.0,0.66,5.0,0.67,5.0,0.14,0.14,0.093118,1776193255000
1776193257.315,57.315,0.34,5.0,0.33,5.0,0.48,1.68,0.49,9.0,0.52,1.68,0.51,9.0,0.66,5.0,0.67,5.0,0.14,0.14,0.093112,1776193256000
1776193258.422,58.422,0.34,5.0,0.33,5.0,0.48,1.68,0.49,9.0,0.52,1.68,0.51,9.0,0.66,5.0,0.67,5.0,0.14,0.14,0.093112,1776193257000
1776193258.994,58.994,0.34,5.0,0.33,5.0,0.48,1.68,0.49,9.0,0.52,1.68,0.51,9.0,0.66,5.0,0.67,5.0,0.14,0.14,0.093118,1776193258000
1776193260.263,60.263,0.34,5.0,0.33,5.0,0.48,1.68,0.49,9.0,0.52,1.68,0.51,9.0,0.66,5.0,0.67,5.0,0.14,0.14,0.093111,1776193259000
1776193261.391,61.391,0.34,5.0,0.33,5.0,0.48,1.68,0.49,9.0,0.52,1.68,0.51,9.0,0.66,5.0,0.67,5.0,0.14,0.14,0.093111,1776193260000
1776193261.973,61.973,0.34,5.0,0.33,5.0,0.48,1.68,0.49,9.0,0.52,1.68,0.51,9.0,0.66,5.0,0.67,5.0,0.14,0.14,0.093109,1776193261000
1776193262.488,62.488,0.45,5.0,0.44,5.0,0.49,14.6,0.52,5.0,0.52,1.68,0.51,9.0,0.66,5.0,0.67,5.0,0.04,0.14,0.093109,1776193261000
1776193263.694,63.694,0.47,3.11,0.46,5.0,0.49,14.6,0.52,5.0,0.51,14.6,0.48,5.0,0.55,5.0,0.56,5.0,0.02,0.04,0.093109,1776193261000
1776193263.907,63.907,0.47,3.11,0.46,5.0,0.49,14.6,0.52,5.0,0.51,14.6,0.48,5.0,0.53,3.11,0.54,5.0,0.02,0.02,0.093151,1776193262000
1776193264.129,64.129,0.47,5.0,0.43,11.0,0.49,9.19,0.52,5.0,0.51,14.6,0.48,5.0,0.53,3.11,0.54,5.0,0.02,0.02,0.093151,1776193262000
1776193264.541,64.541,0.47,5.0,0.43,11.0,0.49,4.19,0.52,5.0,0.51,4.19,0.48,5.0,0.53,5.0,0.57,11.0,0.02,0.02,0.093171,1776193263000
1776193265.218,65.218,0.47,5.0,0.43,11.0,0.49,4.19,0.52,5.0,0.51,4.19,0.48,5.0,0.53,5.0,0.57,11.0,0.02,0.02,0.093171,1776193264000
1776193265.553,65.553,0.47,5.0,0.45,11.0,0.52,5.0,0.59,10.0,0.51,4.19,0.48,5.0,0.53,5.0,0.57,11.0,0.05,0.02,0.093171,1776193264000
1776193266.224,66.224,0.47,5.0,0.45,11.0,0.52,5.0,0.59,10.0,0.48,5.0,0.41,10.0,0.53,5.0,0.55,11.0,0.05,0.05,0.093195,1776193265000
1776193267.378,67.378,0.51,50.0,0.5,5.0,0.62,10.0,0.68,10.0,0.38,10.0,0.32,10.0,0.49,50.0,0.5,5.0,0.11,0.11,0.093207,1776193266000
1776193267.937,67.937,0.51,50.0,0.5,5.0,0.62,10.0,0.68,10.0,0.38,10.0,0.32,10.0,0.49,50.0,0.5,5.0,0.11,0.11,0.09321,1776193267000
1776193269.257,69.257,0.51,50.0,0.5,5.0,0.62,10.0,0.68,10.0,0.38,10.0,0.32,10.0,0.49,50.0,0.5,5.0,0.11,0.11,0.093225,1776193268000
1776193270.385,70.385,0.51,50.0,0.5,5.0,0.62,10.0,0.68,10.0,0.38,10.0,0.32,10.0,0.49,50.0,0.5,5.0,0.11,0.11,0.093224,1776193269000
1776193270.966,70.966,0.51,50.0,0.5,5.0,0.62,10.0,0.68,10.0,0.38,10.0,0.32,10.0,0.49,50.0,0.5,5.0,0.11,0.11,0.093224,1776193270000
1776193272.104,72.104,0.51,50.0,0.5,5.0,0.62,10.0,0.68,10.0,0.38,10.0,0.32,10.0,0.49,50.0,0.5,5.0,0.11,0.11,0.093202,1776193271000
1776193273.302,73.302,0.51,50.0,0.5,5.0,0.62,10.0,0.68,10.0,0.38,10.0,0.32,10.0,0.49,50.0,0.5,5.0,0.11,0.11,0.093202,1776193272000
1776193273.602,73.602,0.52,4.64,0.47,5.0,0.59,5.0,0.6,5.0,0.38,10.0,0.32,10.0,0.49,50.0,0.5,5.0,0.07,0.11,0.093202,1776193272000
1776193274.466,74.466,0.52,4.64,0.47,5.0,0.59,5.0,0.6,5.0,0.41,5.0,0.4,5.0,0.48,4.64,0.53,5.0,0.07,0.07,0.093202,1776193273000
1776193275.091,75.091,0.4,10.8,0.39,10.9,0.55,10.0,0.56,10.0,0.45,10.0,0.44,10.0,0.6,10.8,0.61,10.9,0.15,0.15,0.0932,1776193274000
1776193276.244,76.244,0.4,10.8,0.39,10.9,0.55,10.0,0.56,10.0,0.45,10.0,0.44,10.0,0.6,10.8,0.61,10.9,0.15,0.15,0.093167,1776193275000
1776193277.291,77.291,0.4,10.8,0.39,10.9,0.55,10.0,0.56,10.0,0.45,10.0,0.44,10.0,0.6,10.8,0.61,10.9,0.15,0.15,0.093154,1776193276000
1776193279.125,79.125,0.4,10.8,0.39,10.9,0.55,10.0,0.56,10.0,0.45,10.0,0.44,10.0,0.6,10.8,0.61,10.9,0.15,0.15,0.093146,1776193277000
1776193279.839,79.839,0.4,10.8,0.39,10.9,0.55,10.0,0.56,10.0,0.45,10.0,0.44,10.0,0.6,10.8,0.61,10.9,0.15,0.15,0.093135,1776193278000
1776193280.49,80.49,0.37,16.2,0.36,11.3,0.47,1.7,0.5,5.0,0.53,1.7,0.5,5.0,0.63,16.2,0.64,11.3,0.1,0.1,0.093132,1776193279000
1776193281.375,81.375,0.37,16.2,0.36,11.3,0.47,1.7,0.5,5.0,0.53,1.7,0.5,5.0,0.63,16.2,0.64,11.3,0.1,0.1,0.093131,1776193280000
1776193282.028,82.028,0.37,16.2,0.36,11.3,0.47,1.7,0.5,5.0,0.53,1.7,0.5,5.0,0.63,16.2,0.64,11.3,0.1,0.1,0.09312,1776193281000
1776193283.578,83.578,0.37,16.2,0.36,11.3,0.47,1.7,0.5,5.0,0.53,1.7,0.5,5.0,0.63,16.2,0.64,11.3,0.1,0.1,0.093114,1776193282000
1776193284.156,84.156,0.37,16.2,0.36,11.3,0.47,1.7,0.5,5.0,0.53,1.7,0.5,5.0,0.63,16.2,0.64,11.3,0.1,0.1,0.093118,1776193283000
1776193285.646,85.646,0.37,16.2,0.36,11.3,0.47,1.7,0.5,5.0,0.53,1.7,0.5,5.0,0.63,16.2,0.64,11.3,0.1,0.1,0.093117,1776193284000
1776193286.769,86.769,0.37,16.2,0.36,11.3,0.47,1.7,0.5,5.0,0.53,1.7,0.5,5.0,0.63,16.2,0.64,11.3,0.1,0.1,0.093117,1776193285000
1776193287.487,87.487,0.37,16.2,0.36,11.3,0.47,1.7,0.5,5.0,0.53,1.7,0.5,5.0,0.63,16.2,0.64,11.3,0.1,0.1,0.093116,1776193286000
1776193288.383,88.383,0.37,16.2,0.36,11.3,0.47,1.7,0.5,5.0,0.53,1.7,0.5,5.0,0.63,16.2,0.64,11.3,0.1,0.1,0.093116,1776193287000
1776193289.172,89.172,0.38,14.38,0.37,16.2,0.48,5.0,0.51,55.0,0.53,1.7,0.5,5.0,0.63,16.2,0.64,11.3,0.1,0.1,0.093116,1776193287000
1776193290.692,90.692,0.38,14.38,0.37,16.2,0.48,5.0,0.51,55.0,0.52,5.0,0.49,55.0,0.62,14.38,0.63,16.2,0.1,0.1,0.093128,1776193289000
1776193291.581,91.581,0.38,14.38,0.37,16.2,0.48,5.0,0.51,55.0,0.52,5.0,0.49,55.0,0.62,14.38,0.63,16.2,0.1,0.1,0.09312,1776193290000
1776193292.193,92.193,0.38,14.38,0.37,16.2,0.48,5.0,0.51,55.0,0.52,5.0,0.49,55.0,0.62,14.38,0.63,16.2,0.1,0.1,0.093115,1776193291000
1776193293.623,93.623,0.38,14.38,0.37,16.2,0.48,5.0,0.51,55.0,0.52,5.0,0.49,55.0,0.62,14.38,0.63,16.2,0.1,0.1,0.09311,1776193292000
1776193294.159,94.159,0.38,14.38,0.37,16.2,0.48,5.0,0.51,55.0,0.52,5.0,0.49,55.0,0.62,14.38,0.63,16.2,0.1,0.1,0.093108,1776193293000
1776193295.553,95.553,0.38,14.38,0.37,16.2,0.48,5.0,0.51,55.0,0.52,5.0,0.49,55.0,0.62,14.38,0.63,16.2,0.1,0.1,0.093105,1776193294000
1776193296.204,96.204,0.38,14.38,0.37,16.2,0.48,5.0,0.51,55.0,0.52,5.0,0.49,55.0,0.62,14.38,0.63,16.2,0.1,0.1,0.093105,1776193295000
1776193296.959,96.959,0.38,14.38,0.37,16.2,0.48,5.0,0.51,55.0,0.52,5.0,0.49,55.0,0.62,14.38,0.63,16.2,0.1,0.1,0.093105,1776193296000
1776193297.525,97.525,0.34,11.6,0.33,16.8,0.47,22.82,0.48,10.0,0.52,5.0,0.49,55.0,0.62,14.38,0.63,16.2,0.13,0.1,0.093105,1776193296000
1776193298.321,98.321,0.34,11.6,0.33,16.8,0.47,22.82,0.48,10.0,0.53,22.82,0.52,10.0,0.66,11.6,0.67,16.8,0.13,0.13,0.093104,1776193297000
1776193299.516,99.516,0.34,11.6,0.33,16.8,0.47,22.82,0.48,10.0,0.53,22.82,0.52,10.0,0.66,11.6,0.67,16.8,0.13,0.13,0.093108,1776193298000
1776193300.214,100.214,0.34,11.6,0.33,16.8,0.47,22.82,0.48,10.0,0.53,22.82,0.52,10.0,0.66,11.6,0.67,16.8,0.13,0.13,0.093107,1776193299000
1776193301.452,101.452,0.34,11.6,0.33,16.8,0.47,22.82,0.48,10.0,0.53,22.82,0.52,10.0,0.66,11.6,0.67,16.8,0.13,0.13,0.093109,1776193300000
1776193302.149,102.149,0.34,11.6,0.33,16.8,0.47,22.82,0.48,10.0,0.53,22.82,0.52,10.0,0.66,11.6,0.67,16.8,0.13,0.13,0.093109,1776193301000
1776193303.429,103.429,0.34,11.6,0.33,16.8,0.47,22.82,0.48,10.0,0.53,22.82,0.52,10.0,0.66,11.6,0.67,16.8,0.13,0.13,0.093112,1776193302000
1776193304.042,104.042,0.34,11.6,0.33,16.8,0.47,22.82,0.48,10.0,0.53,22.82,0.52,10.0,0.66,11.6,0.67,16.8,0.13,0.13,0.093107,1776193303000
1776193305.317,105.317,0.34,11.6,0.33,16.8,0.47,22.82,0.48,10.0,0.53,22.82,0.52,10.0,0.66,11.6,0.67,16.8,0.13,0.13,0.093105,1776193304000
1776193305.976,105.976,0.34,11.6,0.33,16.8,0.47,22.82,0.48,10.0,0.53,22.82,0.52,10.0,0.66,11.6,0.67,16.8,0.13,0.13,0.093105,1776193305000
1776193307.14,107.14,0.34,11.6,0.33,16.8,0.47,22.82,0.48,10.0,0.53,22.82,0.52,10.0,0.66,11.6,0.67,16.8,0.13,0.13,0.09311,1776193306000
1776193308.274,108.274,0.34,11.6,0.33,16.8,0.47,22.82,0.48,10.0,0.53,22.82,0.52,10.0,0.66,11.6,0.67,16.8,0.13,0.13,0.093083,1776193307000
1776193309.765,109.765,0.34,11.6,0.33,16.8,0.47,22.82,0.48,10.0,0.53,22.82,0.52,10.0,0.66,11.6,0.67,16.8,0.13,0.13,0.093088,1776193308000
1776193310.347,110.347,0.34,11.6,0.33,16.8,0.47,22.82,0.48,10.0,0.53,22.82,0.52,10.0,0.66,11.6,0.67,16.8,0.13,0.13,0.093093,1776193309000
1776193311.036,111.036,0.34,11.6,0.33,16.8,0.47,22.82,0.48,10.0,0.53,22.82,0.52,10.0,0.66,11.6,0.67,16.8,0.13,0.13,0.093089,1776193310000
1776193312.372,112.372,0.34,11.6,0.33,16.8,0.47,22.82,0.48,10.0,0.53,22.82,0.52,10.0,0.66,11.6,0.67,16.8,0.13,0.13,0.093077,1776193311000
1776193312.958,112.958,0.34,11.6,0.33,16.8,0.47,22.82,0.48,10.0,0.53,22.82,0.52,10.0,0.66,11.6,0.67,16.8,0.13,0.13,0.093078,1776193312000
1776193315.065,115.065,0.34,11.6,0.33,16.8,0.47,22.82,0.48,10.0,0.53,22.82,0.52,10.0,0.66,11.6,0.67,16.8,0.13,0.13,0.0931,1776193313000
1776193315.785,115.785,0.34,11.6,0.33,16.8,0.47,22.82,0.48,10.0,0.53,22.82,0.52,10.0,0.66,11.6,0.67,16.8,0.13,0.13,0.093104,1776193314000
1776193316.518,116.518,0.34,11.6,0.33,16.8,0.47,22.82,0.48,10.0,0.53,22.82,0.52,10.0,0.66,11.6,0.67,16.8,0.13,0.13,0.093104,1776193315000
1776193317.339,117.339,0.34,11.6,0.33,16.8,0.47,22.82,0.48,10.0,0.53,22.82,0.52,10.0,0.66,11.6,0.67,16.8,0.13,0.13,0.093104,1776193316000
1776193318.089,118.089,0.34,11.6,0.33,16.8,0.47,22.82,0.48,10.0,0.53,22.82,0.52,10.0,0.66,11.6,0.67,16.8,0.13,0.13,0.093104,1776193317000
1776193319.348,119.348,0.34,11.6,0.33,16.8,0.47,22.82,0.48,10.0,0.53,22.82,0.52,10.0,0.66,11.6,0.67,16.8,0.13,0.13,0.093113,1776193318000
1776193320.007,120.007,0.34,11.6,0.33,16.8,0.47,22.82,0.48,10.0,0.53,22.82,0.52,10.0,0.66,11.6,0.67,16.8,0.13,0.13,0.093113,1776193319000
1776193321.508,121.508,0.32,16.9,0.31,18.34,0.46,5.0,0.48,5.0,0.54,5.0,0.52,5.0,0.68,16.9,0.69,18.34,0.14,0.14,0.093118,1776193320000
1776193322.111,122.111,0.32,16.9,0.31,18.34,0.46,5.0,0.48,5.0,0.54,5.0,0.52,5.0,0.68,16.9,0.69,18.34,0.14,0.14,0.093119,1776193321000
1776193323.381,123.381,0.32,16.9,0.31,18.34,0.46,5.0,0.48,5.0,0.54,5.0,0.52,5.0,0.68,16.9,0.69,18.34,0.14,0.14,0.09314,1776193322000
1776193323.977,123.977,0.32,16.9,0.31,18.34,0.46,5.0,0.48,5.0,0.54,5.0,0.52,5.0,0.68,16.9,0.69,18.34,0.14,0.14,0.09314,1776193323000
1776193325.37,125.37,0.32,16.9,0.31,18.34,0.46,5.0,0.48,5.0,0.54,5.0,0.52,5.0,0.68,16.9,0.69,18.34,0.14,0.14,0.093147,1776193324000
1776193326.314,126.314,0.43,15.6,0.42,10.7,0.56,5.0,0.62,13.0,0.54,5.0,0.52,5.0,0.68,16.9,0.69,18.34,0.13,0.14,0.093147,1776193324000
1776193327.027,127.027,0.43,15.6,0.42,10.7,0.56,5.0,0.62,13.0,0.44,5.0,0.38,13.0,0.57,15.6,0.58,10.7,0.13,0.13,0.09315,1776193326000
1776193328.441,128.441,0.43,15.6,0.42,10.7,0.56,5.0,0.62,13.0,0.44,5.0,0.38,13.0,0.57,15.6,0.58,10.7,0.13,0.13,0.093162,1776193327000
1776193329.054,129.054,0.43,15.6,0.42,10.7,0.56,5.0,0.62,13.0,0.44,5.0,0.38,13.0,0.57,15.6,0.58,10.7,0.13,0.13,0.093173,1776193328000
1776193329.855,129.855,0.5,8.4,0.49,10.4,0.58,5.0,0.59,5.0,0.44,5.0,0.38,13.0,0.57,15.6,0.58,10.7,0.08,0.13,0.093173,1776193328000
1776193330.179,130.179,0.5,8.4,0.49,10.4,0.58,5.0,0.59,5.0,0.42,5.0,0.41,5.0,0.5,8.4,0.51,10.4,0.08,0.08,0.093177,1776193329000
1776193331.976,131.976,0.5,8.4,0.49,10.4,0.58,5.0,0.59,5.0,0.42,5.0,0.41,5.0,0.5,8.4,0.51,10.4,0.08,0.08,0.093183,1776193330000
1776193332.686,132.686,0.5,8.4,0.49,10.4,0.58,5.0,0.59,5.0,0.42,5.0,0.41,5.0,0.5,8.4,0.51,10.4,0.08,0.08,0.093187,1776193331000
1776193333.336,133.336,0.5,8.4,0.49,10.4,0.58,5.0,0.59,5.0,0.42,5.0,0.41,5.0,0.5,8.4,0.51,10.4,0.08,0.08,0.093188,1776193332000
1776193334.037,134.037,0.5,8.4,0.49,10.4,0.58,5.0,0.59,5.0,0.42,5.0,0.41,5.0,0.5,8.4,0.51,10.4,0.08,0.08,0.093182,1776193333000
1776193334.353,134.353,0.47,10.14,0.46,10.5,0.61,10.0,0.66,11.6,0.42,5.0,0.41,5.0,0.5,8.4,0.51,10.4,0.14,0.08,0.093182,1776193333000
1776193335.335,135.335,0.47,10.14,0.46,10.5,0.61,10.0,0.66,11.6,0.39,10.0,0.34,11.6,0.53,10.14,0.54,10.5,0.14,0.14,0.093171,1776193334000
1776193336.573,136.573,0.47,10.14,0.46,10.5,0.61,10.0,0.66,11.6,0.39,10.0,0.34,11.6,0.53,10.14,0.54,10.5,0.14,0.14,0.09319,1776193335000
1776193337.143,137.143,0.47,10.14,0.46,10.5,0.61,10.0,0.66,11.6,0.39,10.0,0.34,11.6,0.53,10.14,0.54,10.5,0.14,0.14,0.09319,1776193336000
1776193338.282,138.282,0.47,10.14,0.46,10.5,0.61,10.0,0.66,11.6,0.39,10.0,0.34,11.6,0.53,10.14,0.54,10.5,0.14,0.14,0.093198,1776193337000
1776193339.451,139.451,0.47,10.14,0.46,10.5,0.61,10.0,0.66,11.6,0.39,10.0,0.34,11.6,0.53,10.14,0.54,10.5,0.14,0.14,0.093203,1776193338000
1776193339.963,139.963,0.47,10.14,0.46,10.5,0.61,10.0,0.66,11.6,0.39,10.0,0.34,11.6,0.53,10.14,0.54,10.5,0.14,0.14,0.093203,1776193339000
1776193341.125,141.125,0.47,10.14,0.46,10.5,0.61,10.0,0.66,11.6,0.39,10.0,0.34,11.6,0.53,10.14,0.54,10.5,0.14,0.14,0.093195,1776193340000
1776193342.188,142.188,0.47,10.14,0.46,10.5,0.61,10.0,0.66,11.6,0.39,10.0,0.34,11.6,0.53,10.14,0.54,10.5,0.14,0.14,0.093195,1776193341000
1776193343.32,143.32,0.47,10.14,0.46,10.5,0.61,10.0,0.66,11.6,0.39,10.0,0.34,11.6,0.53,10.14,0.54,10.5,0.14,0.14,0.093193,1776193342000
1776193344.461,144.461,0.47,10.14,0.46,10.5,0.61,10.0,0.66,11.6,0.39,10.0,0.34,11.6,0.53,10.14,0.54,10.5,0.14,0.14,0.093194,1776193343000
1776193344.997,144.997,0.47,10.14,0.46,10.5,0.61,10.0,0.66,11.6,0.39,10.0,0.34,11.6,0.53,10.14,0.54,10.5,0.14,0.14,0.093196,1776193344000
1776193346.086,146.086,0.47,10.14,0.46,10.5,0.61,10.0,0.66,11.6,0.39,10.0,0.34,11.6,0.53,10.14,0.54,10.5,0.14,0.14,0.093224,1776193345000
1776193346.95,146.95,0.56,10.6,0.55,10.5,0.66,3.48,0.67,5.0,0.39,10.0,0.34,11.6,0.53,10.14,0.54,10.5,0.1,0.14,0.093224,1776193345000
1776193347.191,147.191,0.56,10.6,0.55,10.5,0.66,3.48,0.67,5.0,0.34,3.48,0.33,5.0,0.44,10.6,0.45,10.5,0.1,0.1,0.093231,1776193346000
1776193348.214,148.214,0.56,10.6,0.55,10.5,0.66,3.48,0.67,5.0,0.34,3.48,0.33,5.0,0.44,10.6,0.45,10.5,0.1,0.1,0.093231,1776193347000
1776193349.118,149.118,0.56,10.6,0.55,10.5,0.66,3.48,0.67,5.0,0.34,3.48,0.33,5.0,0.44,10.6,0.45,10.5,0.1,0.1,0.093226,1776193348000
1776193350.116,150.116,0.56,10.6,0.55,10.5,0.66,3.48,0.67,5.0,0.34,3.48,0.33,5.0,0.44,10.6,0.45,10.5,0.1,0.1,0.093201,1776193349000
1776193351.09,151.09,0.56,10.6,0.55,10.5,0.66,3.48,0.67,5.0,0.34,3.48,0.33,5.0,0.44,10.6,0.45,10.5,0.1,0.1,0.093186,1776193350000
1776193352.095,152.095,0.56,10.6,0.55,10.5,0.66,3.48,0.67,5.0,0.34,3.48,0.33,5.0,0.44,10.6,0.45,10.5,0.1,0.1,0.093171,1776193351000
1776193353.041,153.041,0.56,10.6,0.55,10.5,0.66,3.48,0.67,5.0,0.34,3.48,0.33,5.0,0.44,10.6,0.45,10.5,0.1,0.1,0.093163,1776193352000
1776193353.995,153.995,0.56,10.6,0.55,10.5,0.66,3.48,0.67,5.0,0.34,3.48,0.33,5.0,0.44,10.6,0.45,10.5,0.1,0.1,0.093158,1776193353000
1776193354.951,154.951,0.56,10.6,0.55,10.5,0.66,3.48,0.67,5.0,0.34,3.48,0.33,5.0,0.44,10.6,0.45,10.5,0.1,0.1,0.093167,1776193354000
1776193355.87,155.87,0.56,10.6,0.55,10.5,0.66,3.48,0.67,5.0,0.34,3.48,0.33,5.0,0.44,10.6,0.45,10.5,0.1,0.1,0.093172,1776193355000
1776193356.891,156.891,0.56,10.6,0.55,10.5,0.66,3.48,0.67,5.0,0.34,3.48,0.33,5.0,0.44,10.6,0.45,10.5,0.1,0.1,0.093181,1776193356000
1776193357.823,157.823,0.56,10.6,0.55,10.5,0.66,3.48,0.67,5.0,0.34,3.48,0.33,5.0,0.44,10.6,0.45,10.5,0.1,0.1,0.093184,1776193357000
1776193358.873,158.873,0.56,10.6,0.55,10.5,0.66,3.48,0.67,5.0,0.34,3.48,0.33,5.0,0.44,10.6,0.45,10.5,0.1,0.1,0.093201,1776193358000
1776193360.136,160.136,0.56,10.6,0.55,10.5,0.66,3.48,0.67,5.0,0.34,3.48,0.33,5.0,0.44,10.6,0.45,10.5,0.1,0.1,0.093198,1776193359000
1776193361.897,161.897,0.56,10.6,0.55,10.5,0.66,3.48,0.67,5.0,0.34,3.48,0.33,5.0,0.44,10.6,0.45,10.5,0.1,0.1,0.0932,1776193360000
1776193362.572,162.572,0.56,10.6,0.55,10.5,0.66,3.48,0.67,5.0,0.34,3.48,0.33,5.0,0.44,10.6,0.45,10.5,0.1,0.1,0.093201,1776193361000
1776193363.291,163.291,0.56,10.6,0.55,10.5,0.66,3.48,0.67,5.0,0.34,3.48,0.33,5.0,0.44,10.6,0.45,10.5,0.1,0.1,0.093201,1776193362000
1776193364.108,164.108,0.56,10.6,0.55,10.5,0.66,3.48,0.67,5.0,0.34,3.48,0.33,5.0,0.44,10.6,0.45,10.5,0.1,0.1,0.093202,1776193363000
1776193365.27,165.27,0.47,12.87,0.46,10.5,0.6,5.0,0.62,5.0,0.34,3.48,0.33,5.0,0.44,10.6,0.45,10.5,0.13,0.1,0.093202,1776193363000
1776193366.165,166.165,0.47,12.87,0.46,10.5,0.6,5.0,0.62,5.0,0.4,5.0,0.38,5.0,0.53,12.87,0.54,10.5,0.13,0.13,0.093202,1776193365000
1776193367.474,167.474,0.47,12.87,0.46,10.5,0.6,5.0,0.62,5.0,0.4,5.0,0.38,5.0,0.53,12.87,0.54,10.5,0.13,0.13,0.093192,1776193366000
1776193368.358,168.358,0.47,12.87,0.46,10.5,0.6,5.0,0.62,5.0,0.4,5.0,0.38,5.0,0.53,12.87,0.54,10.5,0.13,0.13,0.093188,1776193367000
1776193369.81,169.81,0.47,12.87,0.46,10.5,0.6,5.0,0.62,5.0,0.4,5.0,0.38,5.0,0.53,12.87,0.54,10.5,0.13,0.13,0.093193,1776193368000
1776193370.517,170.517,0.47,12.87,0.46,10.5,0.6,5.0,0.62,5.0,0.4,5.0,0.38,5.0,0.53,12.87,0.54,10.5,0.13,0.13,0.093194,1776193369000
1776193371.238,171.238,0.47,12.87,0.46,10.5,0.6,5.0,0.62,5.0,0.4,5.0,0.38,5.0,0.53,12.87,0.54,10.5,0.13,0.13,0.093197,1776193370000
1776193372.565,172.565,0.47,12.87,0.46,10.5,0.6,5.0,0.62,5.0,0.4,5.0,0.38,5.0,0.53,12.87,0.54,10.5,0.13,0.13,0.093196,1776193371000
1776193373.405,173.405,0.47,12.87,0.46,10.5,0.6,5.0,0.62,5.0,0.4,5.0,0.38,5.0,0.53,12.87,0.54,10.5,0.13,0.13,0.093188,1776193372000
1776193374.834,174.834,0.47,12.87,0.46,10.5,0.6,5.0,0.62,5.0,0.4,5.0,0.38,5.0,0.53,12.87,0.54,10.5,0.13,0.13,0.093193,1776193373000
1776193375.564,175.564,0.47,12.87,0.46,10.5,0.6,5.0,0.62,5.0,0.4,5.0,0.38,5.0,0.53,12.87,0.54,10.5,0.13,0.13,0.093193,1776193374000
1776193376.276,176.276,0.47,12.87,0.46,10.5,0.6,5.0,0.62,5.0,0.4,5.0,0.38,5.0,0.53,12.87,0.54,10.5,0.13,0.13,0.0932,1776193375000
1776193377.62,177.62,0.47,12.87,0.46,10.5,0.6,5.0,0.62,5.0,0.4,5.0,0.38,5.0,0.53,12.87,0.54,10.5,0.13,0.13,0.0932,1776193376000
1776193378.736,178.736,0.47,12.87,0.46,10.5,0.6,5.0,0.62,5.0,0.4,5.0,0.38,5.0,0.53,12.87,0.54,10.5,0.13,0.13,0.093204,1776193377000
1776193379.35,179.35,0.47,12.87,0.46,10.5,0.6,5.0,0.62,5.0,0.4,5.0,0.38,5.0,0.53,12.87,0.54,10.5,0.13,0.13,0.093202,1776193378000
1776193380.054,180.054,0.47,12.87,0.46,10.5,0.6,5.0,0.62,5.0,0.4,5.0,0.38,5.0,0.53,12.87,0.54,10.5,0.13,0.13,0.093202,1776193379000
1776193381.262,181.262,0.47,12.87,0.46,10.5,0.6,5.0,0.62,5.0,0.4,5.0,0.38,5.0,0.53,12.87,0.54,10.5,0.13,0.13,0.093202,1776193380000
1776193382.422,182.422,0.47,12.87,0.46,10.5,0.6,5.0,0.62,5.0,0.4,5.0,0.38,5.0,0.53,12.87,0.54,10.5,0.13,0.13,0.093204,1776193381000
1776193383.078,183.078,0.47,12.87,0.46,10.5,0.6,5.0,0.62,5.0,0.4,5.0,0.38,5.0,0.53,12.87,0.54,10.5,0.13,0.13,0.093204,1776193382000
1776193384.192,184.192,0.47,12.87,0.46,10.5,0.6,5.0,0.62,5.0,0.4,5.0,0.38,5.0,0.53,12.87,0.54,10.5,0.13,0.13,0.093208,1776193383000
1776193385.417,185.417,0.47,12.87,0.46,10.5,0.6,5.0,0.62,5.0,0.4,5.0,0.38,5.0,0.53,12.87,0.54,10.5,0.13,0.13,0.093221,1776193384000
1776193385.62,185.62,0.6,10.8,0.59,10.7,0.71,10.0,0.78,25.2,0.4,5.0,0.38,5.0,0.53,12.87,0.54,10.5,0.11,0.13,0.093221,1776193384000
1776193385.966,185.966,0.6,10.8,0.59,10.7,0.71,10.0,0.78,25.2,0.29,10.0,0.22,25.2,0.4,10.8,0.41,10.7,0.11,0.11,0.093221,1776193385000
1776193387.153,187.153,0.6,10.8,0.59,10.7,0.71,7.47,0.77,14.7,0.29,7.47,0.23,14.7,0.4,10.8,0.41,10.7,0.11,0.11,0.093226,1776193386000
1776193388.332,188.332,0.6,10.8,0.59,10.7,0.71,7.47,0.77,14.7,0.29,7.47,0.23,14.7,0.4,10.8,0.41,10.7,0.11,0.11,0.093227,1776193387000
1776193389.359,189.359,0.6,10.8,0.59,10.7,0.71,7.47,0.77,14.7,0.29,7.47,0.23,14.7,0.4,10.8,0.41,10.7,0.11,0.11,0.093222,1776193388000
1776193389.942,189.942,0.6,10.8,0.59,10.7,0.71,7.47,0.77,14.7,0.29,7.47,0.23,14.7,0.4,10.8,0.41,10.7,0.11,0.11,0.093222,1776193389000
1776193391.192,191.192,0.6,10.8,0.59,10.7,0.71,7.47,0.77,14.7,0.29,7.47,0.23,14.7,0.4,10.8,0.41,10.7,0.11,0.11,0.093228,1776193390000
1776193392.308,192.308,0.6,10.8,0.59,10.7,0.71,7.47,0.77,14.7,0.29,7.47,0.23,14.7,0.4,10.8,0.41,10.7,0.11,0.11,0.093229,1776193391000
1776193393.891,193.891,0.6,10.8,0.59,10.7,0.71,7.47,0.77,14.7,0.29,7.47,0.23,14.7,0.4,10.8,0.41,10.7,0.11,0.11,0.09323,1776193392000
1776193394.375,194.375,0.6,10.8,0.59,10.7,0.71,7.47,0.77,14.7,0.29,7.47,0.23,14.7,0.4,10.8,0.41,10.7,0.11,0.11,0.09323,1776193393000
1776193394.924,194.924,0.6,10.8,0.59,10.7,0.71,7.47,0.77,14.7,0.29,7.47,0.23,14.7,0.4,10.8,0.41,10.7,0.11,0.11,0.09323,1776193394000
1776193395.94,195.94,0.6,10.8,0.59,10.7,0.71,7.47,0.77,14.7,0.29,7.47,0.23,14.7,0.4,10.8,0.41,10.7,0.11,0.11,0.093232,1776193395000
1776193397.403,197.403,0.6,10.8,0.59,10.7,0.71,7.47,0.77,14.7,0.29,7.47,0.23,14.7,0.4,10.8,0.41,10.7,0.11,0.11,0.093232,1776193396000
1776193398.016,198.016,0.6,10.8,0.59,10.7,0.71,7.47,0.77,14.7,0.29,7.47,0.23,14.7,0.4,10.8,0.41,10.7,0.11,0.11,0.093232,1776193397000
1776193399.148,199.148,0.6,10.8,0.59,10.7,0.71,7.47,0.77,14.7,0.29,7.47,0.23,14.7,0.4,10.8,0.41,10.7,0.11,0.11,0.093229,1776193398000
1776193399.577,199.577,0.63,11.2,0.62,11.0,0.75,3.66,0.77,5.0,0.29,7.47,0.23,14.7,0.4,10.8,0.41,10.7,0.12,0.11,0.093229,1776193398000
1776193399.885,199.885,0.64,11.3,0.63,11.2,0.8,11.94,0.81,16.89,0.25,3.66,0.23,5.0,0.37,11.2,0.38,11.0,0.16,0.12,0.093229,1776193398000
1776193400.592,200.592,0.64,11.3,0.63,11.2,0.8,11.94,0.81,16.89,0.2,11.94,0.19,16.89,0.36,11.3,0.37,11.2,0.16,0.16,0.093233,1776193399000
1776193401.221,201.221,0.64,11.3,0.63,11.2,0.8,11.94,0.81,16.89,0.2,11.94,0.19,16.89,0.36,11.3,0.37,11.2,0.16,0.16,0.093233,1776193400000
1776193401.554,201.554,0.67,11.8,0.66,11.6,0.8,10.69,0.81,16.89,0.2,11.94,0.19,16.89,0.36,11.3,0.37,11.2,0.13,0.16,0.093233,1776193400000
1776193402.384,202.384,0.67,11.8,0.66,11.6,0.8,10.69,0.81,16.89,0.2,10.69,0.19,16.89,0.33,11.8,0.34,11.6,0.13,0.13,0.093248,1776193401000
1776193403.001,203.001,0.67,11.8,0.66,11.6,0.8,10.69,0.81,16.89,0.2,10.69,0.19,16.89,0.33,11.8,0.34,11.6,0.13,0.13,0.093249,1776193402000
1776193404.225,204.225,0.67,11.8,0.66,11.6,0.8,10.69,0.81,16.89,0.2,10.69,0.19,16.89,0.33,11.8,0.34,11.6,0.13,0.13,0.093249,1776193403000
1776193405.292,205.292,0.67,11.8,0.66,11.6,0.8,10.69,0.81,16.89,0.2,10.69,0.19,16.89,0.33,11.8,0.34,11.6,0.13,0.13,0.093249,1776193404000
1776193405.891,205.891,0.65,11.4,0.64,11.3,0.78,12.64,0.79,15.7,0.2,10.69,0.19,16.89,0.33,11.8,0.34,11.6,0.13,0.13,0.093249,1776193404000
1776193406.504,206.504,0.65,11.4,0.64,11.3,0.78,12.64,0.79,15.7,0.22,12.64,0.21,15.7,0.35,11.4,0.36,11.3,0.13,0.13,0.093246,1776193405000
1776193407.116,207.116,0.65,11.4,0.64,11.3,0.78,12.64,0.79,15.7,0.22,12.64,0.21,15.7,0.35,11.4,0.36,11.3,0.13,0.13,0.09324,1776193406000
1776193408.234,208.234,0.65,11.4,0.64,11.3,0.78,12.64,0.79,15.7,0.22,12.64,0.21,15.7,0.35,11.4,0.36,11.3,0.13,0.13,0.093262,1776193407000
1776193409.187,209.187,0.65,11.4,0.64,11.3,0.78,12.64,0.79,15.7,0.22,12.64,0.21,15.7,0.35,11.4,0.36,11.3,0.13,0.13,0.093284,1776193408000
1776193409.824,209.824,0.74,5.0,0.73,5.0,0.86,9.97,0.87,31.0,0.22,12.64,0.21,15.7,0.35,11.4,0.36,11.3,0.12,0.13,0.093284,1776193408000
1776193410.418,210.418,0.74,5.0,0.73,5.0,0.86,9.97,0.87,31.0,0.14,9.97,0.13,31.0,0.26,5.0,0.27,5.0,0.12,0.12,0.093282,1776193409000
1776193410.787,210.787,0.71,12.6,0.7,12.4,0.85,18.83,0.86,17.97,0.14,9.97,0.13,31.0,0.26,5.0,0.27,5.0,0.14,0.12,0.093282,1776193409000
1776193411.251,211.251,0.71,12.6,0.7,12.4,0.81,4.76,0.85,18.83,0.15,18.83,0.14,17.97,0.29,12.6,0.3,12.4,0.1,0.14,0.093269,1776193410000
1776193412.305,212.305,0.71,12.6,0.7,12.4,0.81,4.76,0.85,18.83,0.19,4.76,0.15,18.83,0.29,12.6,0.3,12.4,0.1,0.1,0.093257,1776193411000
1776193413.468,213.468,0.71,12.6,0.7,12.4,0.81,4.76,0.85,18.83,0.19,4.76,0.15,18.83,0.29,12.6,0.3,12.4,0.1,0.1,0.093252,1776193412000
1776193414.088,214.088,0.71,12.6,0.7,12.4,0.81,4.76,0.85,18.83,0.19,4.76,0.15,18.83,0.29,12.6,0.3,12.4,0.1,0.1,0.093252,1776193413000
1776193415.218,215.218,0.71,12.6,0.7,12.4,0.81,4.76,0.85,18.83,0.19,4.76,0.15,18.83,0.29,12.6,0.3,12.4,0.1,0.1,0.093252,1776193414000
1776193416.452,216.452,0.71,12.6,0.7,12.4,0.81,4.76,0.85,18.83,0.19,4.76,0.15,18.83,0.29,12.6,0.3,12.4,0.1,0.1,0.093258,1776193415000
1776193417.087,217.087,0.71,12.6,0.7,12.4,0.81,4.76,0.85,18.83,0.19,4.76,0.15,18.83,0.29,12.6,0.3,12.4,0.1,0.1,0.093258,1776193416000
1776193418.145,218.145,0.71,12.6,0.7,12.4,0.81,4.76,0.85,18.83,0.19,4.76,0.15,18.83,0.29,12.6,0.3,12.4,0.1,0.1,0.09326,1776193417000
1776193419.219,219.219,0.71,12.6,0.7,12.4,0.81,4.76,0.85,18.83,0.19,4.76,0.15,18.83,0.29,12.6,0.3,12.4,0.1,0.1,0.093259,1776193418000
1776193420.202,220.202,0.71,12.6,0.7,12.4,0.81,4.76,0.85,18.83,0.19,4.76,0.15,18.83,0.29,12.6,0.3,12.4,0.1,0.1,0.093258,1776193419000
1776193421.253,221.253,0.71,12.6,0.7,12.4,0.81,4.76,0.85,18.83,0.19,4.76,0.15,18.83,0.29,12.6,0.3,12.4,0.1,0.1,0.093261,1776193420000
1776193422.36,222.36,0.71,12.6,0.7,12.4,0.81,4.76,0.85,18.83,0.19,4.76,0.15,18.83,0.29,12.6,0.3,12.4,0.1,0.1,0.093261,1776193421000
1776193424.139,224.139,0.71,12.6,0.7,12.4,0.81,4.76,0.85,18.83,0.19,4.76,0.15,18.83,0.29,12.6,0.3,12.4,0.1,0.1,0.093257,1776193422000
1776193424.869,224.869,0.71,12.6,0.7,12.4,0.81,4.76,0.85,18.83,0.19,4.76,0.15,18.83,0.29,12.6,0.3,12.4,0.1,0.1,0.093258,1776193423000
1776193425.536,225.536,0.71,12.6,0.7,12.4,0.81,4.76,0.85,18.83,0.19,4.76,0.15,18.83,0.29,12.6,0.3,12.4,0.1,0.1,0.093241,1776193424000
1776193426.301,226.301,0.71,12.6,0.7,12.4,0.81,4.76,0.85,18.83,0.19,4.76,0.15,18.83,0.29,12.6,0.3,12.4,0.1,0.1,0.093237,1776193425000
1776193427.544,227.544,0.65,7.0,0.61,50.0,0.81,11.89,0.82,17.6,0.19,11.89,0.18,17.6,0.35,7.0,0.39,50.0,0.16,0.16,0.093222,1776193426000
1776193428.186,228.186,0.65,7.0,0.61,50.0,0.78,13.28,0.79,15.7,0.22,13.28,0.21,15.7,0.35,7.0,0.39,50.0,0.13,0.13,0.093222,1776193427000
1776193429.463,229.463,0.65,7.0,0.61,50.0,0.78,13.28,0.79,15.7,0.22,13.28,0.21,15.7,0.35,7.0,0.39,50.0,0.13,0.13,0.093223,1776193428000
1776193430.147,230.147,0.65,7.0,0.61,50.0,0.75,11.27,0.76,14.3,0.25,11.27,0.24,14.3,0.35,7.0,0.39,50.0,0.1,0.1,0.093223,1776193429000
1776193431.349,231.349,0.65,7.0,0.61,50.0,0.75,11.27,0.76,14.3,0.25,11.27,0.24,14.3,0.35,7.0,0.39,50.0,0.1,0.1,0.093223,1776193430000
1776193431.976,231.976,0.66,7.0,0.62,11.0,0.76,1.14,0.77,14.7,0.25,11.27,0.24,14.3,0.35,7.0,0.39,50.0,0.1,0.1,0.093223,1776193430000
1776193433.219,233.219,0.66,7.0,0.62,11.0,0.76,1.14,0.77,14.7,0.24,1.14,0.23,14.7,0.33,7.0,0.34,7.0,0.1,0.09,0.093224,1776193432000
1776193434.451,234.451,0.66,7.0,0.62,11.0,0.76,1.14,0.77,14.7,0.24,1.14,0.23,14.7,0.33,7.0,0.34,7.0,0.1,0.09,0.093224,1776193433000
1776193435.083,235.083,0.66,7.0,0.62,11.0,0.76,1.14,0.77,14.7,0.24,1.14,0.23,14.7,0.33,7.0,0.34,7.0,0.1,0.09,0.093224,1776193434000
1776193436.331,236.331,0.66,7.0,0.62,11.0,0.76,1.14,0.77,14.7,0.24,1.14,0.23,14.7,0.33,7.0,0.34,7.0,0.1,0.09,0.093224,1776193435000
1776193436.957,236.957,0.66,7.0,0.62,11.0,0.76,1.14,0.77,14.7,0.24,1.14,0.23,14.7,0.33,7.0,0.34,7.0,0.1,0.09,0.093227,1776193436000
1776193438.169,238.169,0.66,7.0,0.62,11.0,0.76,1.14,0.77,14.7,0.24,1.14,0.23,14.7,0.33,7.0,0.34,7.0,0.1,0.09,0.093242,1776193437000
1776193438.919,238.919,0.73,5.0,0.71,62.6,0.83,17.18,0.84,19.3,0.24,1.14,0.23,14.7,0.33,7.0,0.34,7.0,0.1,0.09,0.093242,1776193437000
1776193439.389,239.389,0.73,5.0,0.71,62.6,0.83,17.18,0.84,19.3,0.17,17.18,0.16,19.3,0.27,5.0,0.29,62.6,0.1,0.1,0.093245,1776193438000
1776193440.693,240.693,0.73,5.0,0.71,62.6,0.83,17.18,0.84,19.3,0.17,17.18,0.16,19.3,0.27,5.0,0.29,62.6,0.1,0.1,0.093246,1776193439000
1776193441.55,241.55,0.73,5.0,0.71,62.6,0.83,17.18,0.84,19.3,0.17,17.18,0.16,19.3,0.27,5.0,0.29,62.6,0.1,0.1,0.093242,1776193440000
1776193442.362,242.362,0.73,5.0,0.71,62.6,0.83,17.18,0.84,19.3,0.17,17.18,0.16,19.3,0.27,5.0,0.29,62.6,0.1,0.1,0.093242,1776193441000
1776193443.22,243.22,0.73,5.0,0.71,62.6,0.83,17.18,0.84,19.3,0.17,17.18,0.16,19.3,0.27,5.0,0.29,62.6,0.1,0.1,0.093231,1776193442000
1776193444.777,244.777,0.73,5.0,0.71,62.6,0.83,17.18,0.84,19.3,0.17,17.18,0.16,19.3,0.27,5.0,0.29,62.6,0.1,0.1,0.093238,1776193443000
1776193445.614,245.614,0.73,5.0,0.71,62.6,0.83,17.18,0.84,19.3,0.17,17.18,0.16,19.3,0.27,5.0,0.29,62.6,0.1,0.1,0.093239,1776193444000
1776193446.418,246.418,0.73,5.0,0.71,62.6,0.83,17.18,0.84,19.3,0.17,17.18,0.16,19.3,0.27,5.0,0.29,62.6,0.1,0.1,0.093247,1776193445000
1776193447.179,247.179,0.73,5.0,0.71,62.6,0.83,17.18,0.84,19.3,0.17,17.18,0.16,19.3,0.27,5.0,0.29,62.6,0.1,0.1,0.093247,1776193446000
1776193448.792,248.792,0.73,5.0,0.71,62.6,0.83,17.18,0.84,19.3,0.17,17.18,0.16,19.3,0.27,5.0,0.29,62.6,0.1,0.1,0.093248,1776193447000
1776193449.616,249.616,0.73,5.0,0.71,62.6,0.83,17.18,0.84,19.3,0.17,17.18,0.16,19.3,0.27,5.0,0.29,62.6,0.1,0.1,0.093248,1776193448000
1776193450.382,250.382,0.73,5.0,0.71,62.6,0.83,17.18,0.84,19.3,0.17,17.18,0.16,19.3,0.27,5.0,0.29,62.6,0.1,0.1,0.093248,1776193449000
1776193451.217,251.217,0.73,5.0,0.71,62.6,0.83,17.18,0.84,19.3,0.17,17.18,0.16,19.3,0.27,5.0,0.29,62.6,0.1,0.1,0.093249,1776193450000
1776193452.892,252.892,0.73,5.0,0.71,62.6,0.83,17.18,0.84,19.3,0.17,17.18,0.16,19.3,0.27,5.0,0.29,62.6,0.1,0.1,0.09325,1776193451000
1776193453.598,253.598,0.73,5.0,0.71,62.6,0.83,17.18,0.84,19.3,0.17,17.18,0.16,19.3,0.27,5.0,0.29,62.6,0.1,0.1,0.093238,1776193452000
1776193454.339,254.339,0.71,50.0,0.66,11.6,0.82,13.58,0.83,18.39,0.18,13.58,0.17,18.39,0.29,50.0,0.34,11.6,0.11,0.11,0.093233,1776193453000
1776193455.201,255.201,0.71,50.0,0.66,11.6,0.82,13.58,0.83,18.39,0.18,13.58,0.17,18.39,0.29,50.0,0.34,11.6,0.11,0.11,0.093227,1776193454000
1776193455.564,255.564,0.71,50.0,0.68,11.9,0.81,15.65,0.82,13.58,0.18,13.58,0.17,18.39,0.29,50.0,0.34,11.6,0.1,0.11,0.093227,1776193454000
1776193456.824,256.824,0.71,50.0,0.68,11.9,0.81,15.65,0.82,13.58,0.19,15.65,0.18,13.58,0.29,50.0,0.32,11.9,0.1,0.1,0.093223,1776193455000
1776193457.593,257.593,0.71,50.0,0.68,11.9,0.81,15.65,0.82,13.58,0.19,15.65,0.18,13.58,0.29,50.0,0.32,11.9,0.1,0.1,0.093222,1776193456000
1776193458.307,258.307,0.71,50.0,0.68,11.9,0.81,15.65,0.82,13.58,0.19,15.65,0.18,13.58,0.29,50.0,0.32,11.9,0.1,0.1,0.093222,1776193457000
1776193459.392,259.392,0.74,13.5,0.73,13.2,0.84,18.1,0.85,20.39,0.19,15.65,0.18,13.58,0.29,50.0,0.32,11.9,0.1,0.1,0.093222,1776193457000
1776193459.707,259.707,0.74,13.5,0.73,13.2,0.84,18.1,0.85,20.39,0.16,18.1,0.15,20.39,0.26,13.5,0.27,13.2,0.1,0.1,0.093232,1776193458000
1776193460.732,260.732,0.74,13.5,0.73,13.2,0.84,18.1,0.85,20.39,0.16,18.1,0.15,20.39,0.26,13.5,0.27,13.2,0.1,0.1,0.093231,1776193459000
1776193461.337,261.337,0.74,13.5,0.73,13.2,0.86,21.6,0.87,23.0,0.14,21.6,0.13,23.0,0.26,13.5,0.27,13.2,0.12,0.12,0.093231,1776193460000
1776193462.346,262.346,0.74,13.5,0.73,13.2,0.86,21.6,0.87,23.0,0.14,21.6,0.13,23.0,0.26,13.5,0.27,13.2,0.12,0.12,0.093231,1776193461000
1776193463.317,263.317,0.74,13.5,0.73,13.2,0.86,21.6,0.87,23.0,0.14,21.6,0.13,23.0,0.26,13.5,0.27,13.2,0.12,0.12,0.093226,1776193462000
1776193464.395,264.395,0.74,13.5,0.73,13.2,0.86,21.6,0.87,23.0,0.14,21.6,0.13,23.0,0.26,13.5,0.27,13.2,0.12,0.12,0.093225,1776193463000
1776193464.935,264.935,0.74,13.5,0.73,13.2,0.86,21.6,0.87,23.0,0.14,21.6,0.13,23.0,0.26,13.5,0.27,13.2,0.12,0.12,0.093225,1776193464000
1776193466.001,266.001,0.74,13.5,0.73,13.2,0.86,21.6,0.87,23.0,0.14,21.6,0.13,23.0,0.26,13.5,0.27,13.2,0.12,0.12,0.093224,1776193465000
1776193466.527,266.527,0.81,50.0,0.77,14.7,0.9,28.9,0.91,31.7,0.14,21.6,0.13,23.0,0.26,13.5,0.27,13.2,0.09,0.12,0.093224,1776193465000
1776193467.089,267.089,0.81,50.0,0.77,14.7,0.9,28.9,0.91,31.7,0.1,28.9,0.09,31.7,0.19,50.0,0.23,14.7,0.09,0.09,0.093227,1776193466000
1776193468.083,268.083,0.81,50.0,0.77,14.7,0.9,28.9,0.91,31.7,0.1,28.9,0.09,31.7,0.19,50.0,0.23,14.7,0.09,0.09,0.093227,1776193467000
1776193469.176,269.176,0.81,50.0,0.77,14.7,0.9,28.9,0.91,31.7,0.1,28.9,0.09,31.7,0.19,50.0,0.23,14.7,0.09,0.09,0.093234,1776193468000
1776193470.189,270.189,0.81,50.0,0.77,14.7,0.9,28.9,0.91,31.7,0.1,28.9,0.09,31.7,0.19,50.0,0.23,14.7,0.09,0.09,0.093232,1776193469000
1776193471.283,271.283,0.81,50.0,0.77,14.7,0.9,28.9,0.91,31.7,0.1,28.9,0.09,31.7,0.19,50.0,0.23,14.7,0.09,0.09,0.093233,1776193470000
1776193471.529,271.529,0.83,18.39,0.82,17.6,0.91,30.6,0.92,35.29,0.1,28.9,0.09,31.7,0.19,50.0,0.23,14.7,0.08,0.09,0.093233,1776193470000
1776193472.323,272.323,0.83,18.39,0.82,17.6,0.91,30.6,0.92,35.29,0.09,30.6,0.08,35.29,0.17,18.39,0.18,17.6,0.08,0.08,0.093233,1776193471000
1776193473.055,273.055,0.83,18.39,0.82,17.6,0.91,21.38,0.92,35.29,0.09,30.6,0.08,35.29,0.17,18.39,0.18,17.6,0.08,0.08,0.093233,1776193471000
1776193473.358,273.358,0.83,18.39,0.82,17.6,0.91,21.38,0.92,35.29,0.09,21.38,0.08,35.29,0.17,18.39,0.18,17.6,0.08,0.08,0.093233,1776193472000
1776193474.473,274.473,0.83,18.39,0.82,17.6,0.91,21.38,0.92,35.29,0.09,21.38,0.08,35.29,0.17,18.39,0.18,17.6,0.08,0.08,0.093231,1776193473000
1776193475.222,275.222,0.83,18.39,0.82,17.6,0.91,21.38,0.92,35.29,0.09,21.38,0.08,35.29,0.17,18.39,0.18,17.6,0.08,0.08,0.093233,1776193474000
1776193476.049,276.049,0.92,5.46,0.89,5.0,0.97,47.93,0.98,5.0,0.09,21.38,0.08,35.29,0.17,18.39,0.18,17.6,0.05,0.08,0.093233,1776193474000
1776193476.503,276.503,0.92,5.46,0.89,5.0,0.97,47.93,0.98,5.0,0.03,47.93,0.02,5.0,0.08,5.46,0.11,5.0,0.05,0.05,0.093244,1776193475000
1776193477.074,277.074,0.92,5.46,0.89,5.0,0.97,47.93,0.98,5.0,0.03,47.93,0.02,5.0,0.08,5.46,0.11,5.0,0.05,0.05,0.093244,1776193476000
1776193478.098,278.098,0.92,5.46,0.89,5.0,0.97,42.93,0.98,5.0,0.03,47.93,0.02,5.0,0.08,5.46,0.11,5.0,0.05,0.05,0.093244,1776193476000
1776193478.631,278.631,0.92,5.46,0.89,5.0,0.97,42.93,0.98,5.0,0.03,42.93,0.02,5.0,0.08,5.46,0.11,5.0,0.05,0.05,0.093249,1776193477000
1776193479.309,279.309,0.92,5.46,0.89,5.0,0.97,42.93,0.98,5.0,0.03,42.93,0.02,5.0,0.08,5.46,0.11,5.0,0.05,0.05,0.093249,1776193478000
1776193480.068,280.068,0.92,5.46,0.89,5.0,0.97,42.93,0.98,5.0,0.03,42.93,0.02,5.0,0.08,5.46,0.11,5.0,0.05,0.05,0.093249,1776193479000
1776193481.271,281.271,0.92,5.46,0.89,5.0,0.97,42.93,0.98,5.0,0.03,42.93,0.02,5.0,0.08,5.46,0.11,5.0,0.05,0.05,0.093246,1776193480000
1776193482.392,282.392,0.92,3.03,0.89,5.0,0.97,42.93,0.98,5.0,0.03,42.93,0.02,5.0,0.08,5.46,0.11,5.0,0.05,0.05,0.093246,1776193480000
1776193482.707,282.707,0.92,3.03,0.89,5.0,0.97,42.93,0.98,5.0,0.03,42.93,0.02,5.0,0.08,3.03,0.11,5.0,0.05,0.05,0.093247,1776193481000
1776193483.29,283.29,0.92,3.03,0.89,5.0,0.97,28.11,0.98,5.0,0.03,42.93,0.02,5.0,0.08,3.03,0.11,5.0,0.05,0.05,0.093247,1776193481000
1776193484.074,284.074,0.92,3.03,0.89,5.0,0.97,28.11,0.98,5.0,0.03,28.11,0.02,5.0,0.08,3.03,0.11,5.0,0.05,0.05,0.093249,1776193483000
1776193485.295,285.295,0.89,3.02,0.81,50.0,0.97,28.11,0.98,5.0,0.03,28.11,0.02,5.0,0.08,3.03,0.11,5.0,0.08,0.05,0.093249,1776193483000
1776193486.051,286.051,0.89,3.02,0.81,50.0,0.97,28.11,0.98,5.0,0.03,28.11,0.02,5.0,0.11,3.02,0.19,50.0,0.08,0.08,0.093249,1776193485000
1776193487.256,287.256,0.89,3.02,0.81,50.0,0.91,10.9,0.97,23.11,0.03,23.11,0.02,5.0,0.11,3.02,0.15,5.0,0.02,0.08,0.093249,1776193485000
1776193487.506,287.506,0.89,3.02,0.81,50.0,0.91,10.9,0.97,23.11,0.09,10.9,0.03,23.11,0.11,3.02,0.19,50.0,0.02,0.02,0.093249,1776193486000
1776193488.099,288.099,0.89,3.02,0.81,50.0,0.91,10.9,0.97,23.11,0.09,10.9,0.03,23.11,0.11,3.02,0.19,50.0,0.02,0.02,0.093249,1776193487000
1776193488.507,288.507,0.89,3.02,0.81,50.0,0.99,170.67,,,0.09,10.9,0.03,23.11,0.11,3.02,0.19,50.0,0.1,0.02,0.093249,1776193487000
1776193489.597,289.597,0.89,3.02,0.81,50.0,0.99,170.67,,,0.01,170.67,,,0.11,3.02,0.19,50.0,0.1,0.1,0.093229,1776193488000
1776193490.234,290.234,0.89,3.02,0.81,50.0,0.99,170.67,,,0.01,170.67,,,0.11,3.02,0.19,50.0,0.1,0.1,0.093229,1776193489000
1776193490.905,290.905,0.89,3.02,0.81,50.0,0.99,168.64,,,0.01,170.67,,,0.11,3.02,0.19,50.0,0.1,0.1,0.093229,1776193489000
1776193492.115,292.115,0.89,3.02,0.81,50.0,0.99,168.64,,,0.01,168.64,,,0.11,3.02,0.19,50.0,0.1,0.1,0.093225,1776193490000
1776193492.664,292.664,0.89,0.51,0.81,50.0,0.99,168.64,,,0.01,168.64,,,0.11,3.02,0.19,50.0,0.1,0.1,0.093225,1776193490000
1776193492.995,292.995,0.89,0.51,0.81,50.0,0.99,162.64,,,0.01,168.64,,,0.11,0.51,0.19,50.0,0.1,0.1,0.093226,1776193491000
1776193493.267,293.267,0.89,0.51,0.81,50.0,0.99,77.59,,,0.01,162.64,,,0.11,0.51,0.19,50.0,0.1,0.1,0.093226,1776193491000
1776193493.543,293.543,0.89,0.51,0.81,50.0,0.99,57.38,,,0.01,77.59,,,0.11,0.51,0.19,50.0,0.1,0.1,0.093226,1776193492000
1776193493.892,293.892,0.89,0.51,0.81,50.0,0.99,57.38,,,0.01,57.38,,,0.11,0.51,0.19,50.0,0.1,0.1,0.093226,1776193493000
1776193495.029,295.029,0.89,0.51,0.81,50.0,0.99,48.94,,,0.01,57.38,,,0.11,0.51,0.19,50.0,0.1,0.1,0.093226,1776193493000
1776193495.312,295.312,0.89,0.51,0.81,50.0,0.99,23.94,,,0.01,48.94,,,0.11,0.51,0.19,50.0,0.1,0.1,0.093227,1776193494000
1776193496.229,296.229,0.89,0.51,0.81,50.0,0.99,23.94,,,0.01,23.94,,,0.11,0.51,0.19,50.0,0.1,0.1,0.093228,1776193495000
1776193496.584,296.584,0.99,6.92,0.89,0.51,,,,,0.01,23.94,,,0.11,0.51,0.19,50.0,,0.1,0.093228,1776193495000
1776193497.321,297.321,0.99,6.92,0.89,0.51,,,,,,,,,0.01,6.92,0.11,0.51,,,0.093229,1776193496000
1776193497.96,297.96,0.99,6.92,0.89,0.51,,,,,,,,,0.01,6.92,0.11,0.51,,,0.093229,1776193497000
1776193499.181,299.181,0.99,6.92,0.89,0.51,,,,,,,,,0.01,6.92,0.11,0.51,,,0.093228,1776193498000
1776193500.324,300.324,0.99,6.92,0.89,0.51,,,,,,,,,0.01,6.92,0.11,0.51,,,0.093228,1776193499000

# RESULT,winner=Up,slug=doge-updown-5m-1776193200,ticks=325
