timestamp,elapsed_sec,up_bid_p1,up_bid_s1,up_bid_p2,up_bid_s2,up_ask_p1,up_ask_s1,up_ask_p2,up_ask_s2,down_bid_p1,down_bid_s1,down_bid_p2,down_bid_s2,down_ask_p1,down_ask_s1,down_ask_p2,down_ask_s2,up_spread,down_spread,doge_price,doge_oracle_ts
1776217500.003,0.003,0.49,10.0,0.48,5.0,0.51,10.0,0.52,5.0,0.49,10.0,0.48,5.0,0.51,10.0,0.52,5.0,0.02,0.02,0.09352,1776217498000
1776217500.363,0.363,0.41,37.0,0.4,33.0,0.5,5.0,0.59,37.0,0.49,10.0,0.48,5.0,0.51,10.0,0.52,5.0,0.09,0.02,0.093518,1776217499000
1776217501.565,1.565,0.41,37.0,0.4,33.0,0.5,5.0,0.59,37.0,0.5,5.0,0.41,37.0,0.59,37.0,0.6,33.0,0.09,0.09,0.093517,1776217500000
1776217502.035,2.035,0.41,37.0,0.4,33.0,0.5,5.0,0.59,37.0,0.5,5.0,0.41,37.0,0.59,37.0,0.6,33.0,0.09,0.09,0.093517,1776217501000
1776217503.213,3.213,0.41,37.0,0.4,33.0,0.5,5.0,0.59,37.0,0.5,5.0,0.41,37.0,0.59,37.0,0.6,33.0,0.09,0.09,0.093509,1776217502000
1776217504.375,4.375,0.41,37.0,0.4,33.0,0.5,5.0,0.59,37.0,0.5,5.0,0.41,37.0,0.59,37.0,0.6,33.0,0.09,0.09,0.093505,1776217503000
1776217505.382,5.382,0.41,37.0,0.4,33.0,0.5,5.0,0.59,37.0,0.5,5.0,0.41,37.0,0.59,37.0,0.6,33.0,0.09,0.09,0.093504,1776217504000
1776217505.888,5.888,0.41,37.0,0.4,33.0,0.5,5.0,0.59,37.0,0.5,5.0,0.41,37.0,0.59,37.0,0.6,33.0,0.09,0.09,0.093507,1776217505000
1776217506.989,6.989,0.47,5.0,0.46,5.0,0.56,5.0,0.57,5.0,0.44,5.0,0.43,5.0,0.53,5.0,0.54,5.0,0.09,0.09,0.093529,1776217506000
1776217508.074,8.074,0.51,5.0,0.5,10.0,0.61,5.0,0.64,10.0,0.44,5.0,0.43,5.0,0.53,5.0,0.54,5.0,0.1,0.09,0.093529,1776217506000
1776217508.716,8.716,0.51,5.0,0.5,10.0,0.62,5.0,0.64,10.0,0.39,5.0,0.36,10.0,0.49,5.0,0.5,10.0,0.11,0.1,0.093529,1776217507000
1776217509.153,9.153,0.51,5.0,0.5,10.0,0.62,5.0,0.64,10.0,0.38,5.0,0.36,10.0,0.49,5.0,0.5,10.0,0.11,0.11,0.093533,1776217508000
1776217510.412,10.412,0.51,5.0,0.5,10.0,0.62,5.0,0.64,10.0,0.38,5.0,0.36,10.0,0.49,5.0,0.5,10.0,0.11,0.11,0.09353,1776217509000
1776217510.883,10.883,0.5,10.0,0.44,10.0,0.62,5.0,0.63,5.0,0.38,5.0,0.36,10.0,0.49,5.0,0.5,10.0,0.12,0.11,0.09353,1776217509000
1776217511.955,11.955,0.5,10.0,0.44,10.0,0.62,5.0,0.63,5.0,0.38,5.0,0.37,5.0,0.5,10.0,0.56,10.0,0.12,0.12,0.093533,1776217511000
1776217513.092,13.092,0.5,10.0,0.44,10.0,0.62,5.0,0.63,5.0,0.38,5.0,0.37,5.0,0.5,10.0,0.56,10.0,0.12,0.12,0.093534,1776217512000
1776217514.159,14.159,0.46,10.0,0.43,15.0,0.52,5.0,0.56,5.0,0.38,5.0,0.37,5.0,0.5,10.0,0.56,10.0,0.06,0.12,0.093534,1776217512000
1776217515.694,15.694,0.46,10.0,0.43,15.0,0.52,5.0,0.56,5.0,0.48,5.0,0.44,5.0,0.54,10.0,0.57,15.0,0.06,0.06,0.093512,1776217514000
1776217516.173,16.173,0.46,10.0,0.43,15.0,0.52,5.0,0.56,5.0,0.48,5.0,0.44,5.0,0.54,10.0,0.57,15.0,0.06,0.06,0.093509,1776217515000
1776217516.959,16.959,0.46,10.0,0.43,15.0,0.52,5.0,0.56,5.0,0.48,5.0,0.44,5.0,0.54,10.0,0.57,15.0,0.06,0.06,0.093503,1776217516000
1776217517.87,17.87,0.46,10.0,0.43,15.0,0.52,5.0,0.56,5.0,0.48,5.0,0.44,5.0,0.54,10.0,0.57,15.0,0.06,0.06,0.093503,1776217517000
1776217518.584,18.584,0.43,10.0,0.4,15.0,0.48,5.0,0.52,5.0,0.48,5.0,0.44,5.0,0.54,10.0,0.57,15.0,0.05,0.06,0.093503,1776217517000
1776217518.995,18.995,0.43,10.0,0.4,15.0,0.48,5.0,0.52,5.0,0.52,5.0,0.48,5.0,0.57,10.0,0.6,15.0,0.05,0.05,0.093501,1776217518000
1776217519.999,19.999,0.43,10.0,0.4,15.0,0.48,5.0,0.52,5.0,0.52,5.0,0.48,5.0,0.57,10.0,0.6,15.0,0.05,0.05,0.0935,1776217519000
1776217520.973,20.973,0.43,10.0,0.4,15.0,0.48,5.0,0.52,5.0,0.52,5.0,0.48,5.0,0.57,10.0,0.6,15.0,0.05,0.05,0.093501,1776217520000
1776217521.949,21.949,0.43,10.0,0.4,15.0,0.48,5.0,0.52,5.0,0.52,5.0,0.48,5.0,0.57,10.0,0.6,15.0,0.05,0.05,0.093503,1776217521000
1776217523.076,23.076,0.43,10.0,0.4,15.0,0.48,5.0,0.52,5.0,0.52,5.0,0.48,5.0,0.57,10.0,0.6,15.0,0.05,0.05,0.093513,1776217522000
1776217524.092,24.092,0.43,10.0,0.4,15.0,0.48,5.0,0.52,5.0,0.52,5.0,0.48,5.0,0.57,10.0,0.6,15.0,0.05,0.05,0.093514,1776217523000
1776217525.098,25.098,0.43,10.0,0.4,15.0,0.48,5.0,0.52,5.0,0.52,5.0,0.48,5.0,0.57,10.0,0.6,15.0,0.05,0.05,0.093514,1776217524000
1776217526.12,26.12,0.43,10.0,0.4,15.0,0.48,5.0,0.52,5.0,0.52,5.0,0.48,5.0,0.57,10.0,0.6,15.0,0.05,0.05,0.093514,1776217525000
1776217527.249,27.249,0.43,10.0,0.4,15.0,0.48,5.0,0.52,5.0,0.52,5.0,0.48,5.0,0.57,10.0,0.6,15.0,0.05,0.05,0.093514,1776217526000
1776217528.183,28.183,0.43,10.0,0.4,15.0,0.48,5.0,0.52,5.0,0.52,5.0,0.48,5.0,0.57,10.0,0.6,15.0,0.05,0.05,0.093513,1776217527000
1776217529.076,29.076,0.43,10.0,0.4,15.0,0.48,5.0,0.52,5.0,0.52,5.0,0.48,5.0,0.57,10.0,0.6,15.0,0.05,0.05,0.093515,1776217528000
1776217530.463,30.463,0.43,10.0,0.4,15.0,0.48,5.0,0.52,5.0,0.52,5.0,0.48,5.0,0.57,10.0,0.6,15.0,0.05,0.05,0.093509,1776217529000
1776217531.093,31.093,0.43,10.0,0.4,15.0,0.48,5.0,0.52,5.0,0.52,5.0,0.48,5.0,0.57,10.0,0.6,15.0,0.05,0.05,0.093509,1776217530000
1776217532.379,32.379,0.43,10.0,0.4,15.0,0.48,5.0,0.52,5.0,0.52,5.0,0.48,5.0,0.57,10.0,0.6,15.0,0.05,0.05,0.093508,1776217531000
1776217533.034,33.034,0.43,10.0,0.4,15.0,0.48,5.0,0.52,5.0,0.52,5.0,0.48,5.0,0.57,10.0,0.6,15.0,0.05,0.05,0.093508,1776217532000
1776217534.152,34.152,0.43,10.0,0.4,15.0,0.48,5.0,0.52,5.0,0.52,5.0,0.48,5.0,0.57,10.0,0.6,15.0,0.05,0.05,0.093508,1776217533000
1776217535.303,35.303,0.43,10.0,0.4,15.0,0.48,5.0,0.52,5.0,0.52,5.0,0.48,5.0,0.57,10.0,0.6,15.0,0.05,0.05,0.093507,1776217534000
1776217536.457,36.457,0.43,10.0,0.4,15.0,0.48,5.0,0.52,5.0,0.52,5.0,0.48,5.0,0.57,10.0,0.6,15.0,0.05,0.05,0.093503,1776217535000
1776217537.135,37.135,0.43,10.0,0.4,15.0,0.48,5.0,0.52,5.0,0.52,5.0,0.48,5.0,0.57,10.0,0.6,15.0,0.05,0.05,0.093503,1776217536000
1776217538.343,38.343,0.43,10.0,0.4,15.0,0.48,5.0,0.52,5.0,0.52,5.0,0.48,5.0,0.57,10.0,0.6,15.0,0.05,0.05,0.093504,1776217537000
1776217539.484,39.484,0.43,10.0,0.4,15.0,0.48,5.0,0.52,5.0,0.52,5.0,0.48,5.0,0.57,10.0,0.6,15.0,0.05,0.05,0.093504,1776217538000
1776217539.975,39.975,0.43,10.0,0.4,15.0,0.48,5.0,0.52,5.0,0.52,5.0,0.48,5.0,0.57,10.0,0.6,15.0,0.05,0.05,0.093504,1776217539000
1776217541.061,41.061,0.34,10.0,0.31,11.0,0.44,5.0,0.48,5.0,0.52,5.0,0.48,5.0,0.57,10.0,0.6,15.0,0.1,0.05,0.093504,1776217539000
1776217542.298,42.298,0.34,10.0,0.31,11.0,0.44,5.0,0.48,5.0,0.56,5.0,0.52,5.0,0.66,10.0,0.69,11.0,0.1,0.1,0.093494,1776217541000
1776217543.219,43.219,0.31,11.0,0.3,5.0,0.39,5.0,0.44,5.0,0.56,5.0,0.52,5.0,0.66,10.0,0.69,11.0,0.08,0.1,0.093494,1776217541000
1776217543.48,43.48,0.31,11.0,0.3,5.0,0.39,5.0,0.44,5.0,0.61,5.0,0.56,5.0,0.69,11.0,0.7,5.0,0.08,0.08,0.093489,1776217542000
1776217545.314,45.314,0.31,11.0,0.3,5.0,0.39,5.0,0.44,5.0,0.61,5.0,0.56,5.0,0.69,11.0,0.7,5.0,0.08,0.08,0.093485,1776217543000
1776217546.326,46.326,0.31,11.0,0.3,5.0,0.39,5.0,0.44,5.0,0.61,5.0,0.56,5.0,0.69,11.0,0.7,5.0,0.08,0.08,0.093495,1776217545000
1776217547.251,47.251,0.31,11.0,0.3,5.0,0.39,5.0,0.44,5.0,0.61,5.0,0.56,5.0,0.69,11.0,0.7,5.0,0.08,0.08,0.0935,1776217546000
1776217548.975,48.975,0.31,11.0,0.3,5.0,0.39,5.0,0.44,5.0,0.61,5.0,0.56,5.0,0.69,11.0,0.7,5.0,0.08,0.08,0.093501,1776217547000
1776217549.834,49.834,0.31,11.0,0.3,5.0,0.39,5.0,0.44,5.0,0.61,5.0,0.56,5.0,0.69,11.0,0.7,5.0,0.08,0.08,0.093501,1776217548000
1776217550.56,50.56,0.31,11.0,0.3,5.0,0.39,5.0,0.44,5.0,0.61,5.0,0.56,5.0,0.69,11.0,0.7,5.0,0.08,0.08,0.0935,1776217549000
1776217551.284,51.284,0.31,11.0,0.3,5.0,0.39,5.0,0.44,5.0,0.61,5.0,0.56,5.0,0.69,11.0,0.7,5.0,0.08,0.08,0.093499,1776217550000
1776217552.003,52.003,0.31,11.0,0.3,5.0,0.39,5.0,0.44,5.0,0.61,5.0,0.56,5.0,0.69,11.0,0.7,5.0,0.08,0.08,0.093501,1776217551000
1776217553.401,53.401,0.31,11.0,0.3,5.0,0.39,5.0,0.44,5.0,0.61,5.0,0.56,5.0,0.69,11.0,0.7,5.0,0.08,0.08,0.093501,1776217552000
1776217554.069,54.069,0.31,11.0,0.3,5.0,0.39,5.0,0.44,5.0,0.61,5.0,0.56,5.0,0.69,11.0,0.7,5.0,0.08,0.08,0.093498,1776217553000
1776217555.252,55.252,0.31,11.0,0.3,5.0,0.39,5.0,0.44,5.0,0.61,5.0,0.56,5.0,0.69,11.0,0.7,5.0,0.08,0.08,0.093491,1776217554000
1776217556.065,56.065,0.31,11.0,0.3,5.0,0.39,5.0,0.44,5.0,0.61,5.0,0.56,5.0,0.69,11.0,0.7,5.0,0.08,0.08,0.093485,1776217555000
1776217557.257,57.257,0.31,11.0,0.3,5.0,0.39,5.0,0.44,5.0,0.61,5.0,0.56,5.0,0.69,11.0,0.7,5.0,0.08,0.08,0.093488,1776217556000
1776217558.504,58.504,0.31,11.0,0.3,5.0,0.39,5.0,0.44,5.0,0.61,5.0,0.56,5.0,0.69,11.0,0.7,5.0,0.08,0.08,0.093491,1776217557000
1776217559.327,59.327,0.31,11.0,0.3,5.0,0.39,5.0,0.44,5.0,0.61,5.0,0.56,5.0,0.69,11.0,0.7,5.0,0.08,0.08,0.093491,1776217558000
1776217560.489,60.489,0.31,11.0,0.3,5.0,0.39,5.0,0.44,5.0,0.61,5.0,0.56,5.0,0.69,11.0,0.7,5.0,0.08,0.08,0.093489,1776217559000
1776217561.11,61.11,0.31,11.0,0.3,5.0,0.39,5.0,0.44,5.0,0.61,5.0,0.56,5.0,0.69,11.0,0.7,5.0,0.08,0.08,0.093489,1776217560000
1776217562.619,62.619,0.31,11.0,0.3,5.0,0.39,5.0,0.44,5.0,0.61,5.0,0.56,5.0,0.69,11.0,0.7,5.0,0.08,0.08,0.09349,1776217561000
1776217563.809,63.809,0.31,11.0,0.3,5.0,0.39,5.0,0.44,5.0,0.61,5.0,0.56,5.0,0.69,11.0,0.7,5.0,0.08,0.08,0.09349,1776217562000
1776217564.52,64.52,0.31,11.0,0.3,5.0,0.39,5.0,0.44,5.0,0.61,5.0,0.56,5.0,0.69,11.0,0.7,5.0,0.08,0.08,0.09349,1776217563000
1776217564.77,64.77,0.27,10.48,0.26,13.5,0.31,5.0,0.36,5.0,0.61,5.0,0.56,5.0,0.69,11.0,0.7,5.0,0.04,0.08,0.09349,1776217563000
1776217565.237,65.237,0.27,10.48,0.26,13.5,0.31,5.0,0.36,5.0,0.69,5.0,0.64,5.0,0.73,10.48,0.74,13.5,0.04,0.04,0.093491,1776217564000
1776217566.655,66.655,0.27,10.48,0.26,13.5,0.31,5.0,0.36,5.0,0.69,5.0,0.64,5.0,0.73,10.48,0.74,13.5,0.04,0.04,0.09347,1776217565000
1776217567.291,67.291,0.27,10.48,0.26,13.5,0.31,5.0,0.36,5.0,0.69,5.0,0.64,5.0,0.73,10.48,0.74,13.5,0.04,0.04,0.093467,1776217566000
1776217568.069,68.069,0.27,10.48,0.26,13.5,0.31,5.0,0.36,5.0,0.69,5.0,0.64,5.0,0.73,10.48,0.74,13.5,0.04,0.04,0.093467,1776217567000
1776217568.304,68.304,0.26,8.45,0.25,13.9,0.3,5.0,0.36,5.0,0.69,5.0,0.64,5.0,0.73,10.48,0.74,13.5,0.04,0.04,0.093467,1776217567000
1776217569.422,69.422,0.26,8.45,0.25,13.9,0.3,5.0,0.36,5.0,0.7,5.0,0.64,5.0,0.74,8.45,0.75,13.9,0.04,0.04,0.093466,1776217568000
1776217570.111,70.111,0.26,8.45,0.25,13.9,0.3,5.0,0.36,5.0,0.7,5.0,0.64,5.0,0.74,8.45,0.75,13.9,0.04,0.04,0.093466,1776217569000
1776217571.415,71.415,0.26,2.16,0.25,13.9,0.3,5.0,0.36,5.0,0.7,5.0,0.64,5.0,0.74,2.16,0.75,13.9,0.04,0.04,0.093466,1776217570000
1776217572.105,72.105,0.26,2.16,0.25,13.9,0.3,5.0,0.36,5.0,0.7,5.0,0.64,5.0,0.74,2.16,0.75,13.9,0.04,0.04,0.093466,1776217571000
1776217573.456,73.456,0.26,2.16,0.25,13.9,0.3,5.0,0.36,5.0,0.7,5.0,0.64,5.0,0.74,2.16,0.75,13.9,0.04,0.04,0.093467,1776217572000
1776217574.081,74.081,0.26,2.16,0.25,13.9,0.3,5.0,0.36,5.0,0.7,5.0,0.64,5.0,0.74,2.16,0.75,13.9,0.04,0.04,0.093469,1776217573000
1776217575.37,75.37,0.26,2.16,0.25,13.9,0.3,5.0,0.36,5.0,0.7,5.0,0.64,5.0,0.74,2.16,0.75,13.9,0.04,0.04,0.093471,1776217574000
1776217576.023,76.023,0.26,2.16,0.25,13.9,0.3,5.0,0.36,5.0,0.7,5.0,0.64,5.0,0.74,2.16,0.75,13.9,0.04,0.04,0.093474,1776217575000
1776217577.367,77.367,0.26,2.16,0.25,13.9,0.3,5.0,0.36,5.0,0.7,5.0,0.64,5.0,0.74,2.16,0.75,13.9,0.04,0.04,0.093481,1776217576000
1776217578.685,78.685,0.26,2.16,0.25,13.9,0.3,5.0,0.36,5.0,0.7,5.0,0.64,5.0,0.74,2.16,0.75,13.9,0.04,0.04,0.093482,1776217577000
1776217579.278,79.278,0.26,2.16,0.25,13.9,0.3,5.0,0.36,5.0,0.7,5.0,0.64,5.0,0.74,2.16,0.75,13.9,0.04,0.04,0.093482,1776217578000
1776217581.129,81.129,0.26,2.16,0.25,13.9,0.3,5.0,0.36,5.0,0.7,5.0,0.64,5.0,0.74,2.16,0.75,13.9,0.04,0.04,0.093485,1776217579000
1776217581.635,81.635,0.26,2.16,0.25,13.9,0.3,5.0,0.36,5.0,0.7,5.0,0.64,5.0,0.74,2.16,0.75,13.9,0.04,0.04,0.093485,1776217580000
1776217582.339,82.339,0.26,2.16,0.25,13.9,0.3,5.0,0.36,5.0,0.7,5.0,0.64,5.0,0.74,2.16,0.75,13.9,0.04,0.04,0.093485,1776217581000
1776217583.311,83.311,0.26,2.16,0.25,13.9,0.3,5.0,0.36,5.0,0.7,5.0,0.64,5.0,0.74,2.16,0.75,13.9,0.04,0.04,0.093485,1776217582000
1776217583.975,83.975,0.26,2.16,0.25,13.9,0.3,5.0,0.36,5.0,0.7,5.0,0.64,5.0,0.74,2.16,0.75,13.9,0.04,0.04,0.093485,1776217583000
1776217585.02,85.02,0.26,2.16,0.25,13.9,0.3,5.0,0.36,5.0,0.7,5.0,0.64,5.0,0.74,2.16,0.75,13.9,0.04,0.04,0.093473,1776217584000
1776217585.358,85.358,0.27,25.2,0.26,2.16,0.34,5.0,0.38,5.0,0.7,5.0,0.64,5.0,0.74,2.16,0.75,13.9,0.07,0.04,0.093473,1776217584000
1776217586.055,86.055,0.27,25.2,0.26,2.16,0.34,5.0,0.38,5.0,0.66,5.0,0.62,5.0,0.73,25.2,0.74,2.16,0.07,0.07,0.093471,1776217585000
1776217587.261,87.261,0.27,25.2,0.26,2.16,0.34,5.0,0.38,5.0,0.66,5.0,0.62,5.0,0.73,25.2,0.74,2.16,0.07,0.07,0.093471,1776217586000
1776217587.471,87.471,0.28,0.81,0.27,13.2,0.34,5.0,0.38,5.0,0.66,5.0,0.62,5.0,0.73,25.2,0.74,2.16,0.06,0.07,0.093471,1776217586000
1776217587.972,87.972,0.28,0.81,0.27,13.2,0.34,5.0,0.38,5.0,0.66,5.0,0.62,5.0,0.72,0.81,0.73,13.2,0.06,0.06,0.093472,1776217587000
1776217589.158,89.158,0.28,0.81,0.27,13.2,0.34,5.0,0.38,5.0,0.66,5.0,0.62,5.0,0.72,0.81,0.73,13.2,0.06,0.06,0.093473,1776217588000
1776217590.209,90.209,0.28,0.81,0.27,13.2,0.34,5.0,0.38,5.0,0.66,5.0,0.62,5.0,0.72,0.81,0.73,13.2,0.06,0.06,0.093463,1776217589000
1776217591.364,91.364,0.28,0.81,0.27,13.2,0.34,5.0,0.38,5.0,0.66,5.0,0.62,5.0,0.72,0.81,0.73,13.2,0.06,0.06,0.093461,1776217590000
1776217591.917,91.917,0.28,0.81,0.27,13.2,0.34,5.0,0.38,5.0,0.66,5.0,0.62,5.0,0.72,0.81,0.73,13.2,0.06,0.06,0.093461,1776217591000
1776217593.07,93.07,0.28,0.81,0.27,13.2,0.34,5.0,0.38,5.0,0.66,5.0,0.62,5.0,0.72,0.81,0.73,13.2,0.06,0.06,0.093467,1776217592000
1776217594.352,94.352,0.28,0.81,0.27,13.2,0.34,5.0,0.38,5.0,0.66,5.0,0.62,5.0,0.72,0.81,0.73,13.2,0.06,0.06,0.093466,1776217593000
1776217594.94,94.94,0.25,13.9,0.24,27.3,0.29,5.0,0.35,5.0,0.71,5.0,0.65,5.0,0.75,13.9,0.76,27.3,0.04,0.04,0.093465,1776217594000
1776217596.229,96.229,0.25,9.16,0.24,27.3,0.31,5.0,0.38,25.0,0.65,1.71,0.62,25.0,0.76,27.3,0.77,14.7,0.06,0.11,0.093465,1776217594000
1776217596.819,96.819,0.25,9.16,0.24,27.3,0.31,5.0,0.38,25.0,0.69,5.0,0.62,25.0,0.75,9.16,0.76,27.3,0.06,0.06,0.093465,1776217596000
1776217598.31,98.31,0.25,9.16,0.24,27.3,0.31,5.0,0.38,25.0,0.69,5.0,0.62,25.0,0.75,9.16,0.76,27.3,0.06,0.06,0.093466,1776217597000
1776217599.73,99.73,0.25,9.16,0.24,27.3,0.31,5.0,0.38,25.0,0.69,5.0,0.62,25.0,0.75,9.16,0.76,27.3,0.06,0.06,0.093464,1776217598000
1776217600.383,100.383,0.25,9.16,0.24,27.3,0.31,5.0,0.38,25.0,0.69,5.0,0.62,25.0,0.75,9.16,0.76,27.3,0.06,0.06,0.093464,1776217599000
1776217601.286,101.286,0.25,9.16,0.24,27.3,0.31,5.0,0.38,25.0,0.69,5.0,0.62,25.0,0.75,9.16,0.76,27.3,0.06,0.06,0.093467,1776217600000
1776217602.297,102.297,0.25,9.16,0.24,27.3,0.31,5.0,0.38,25.0,0.69,5.0,0.62,25.0,0.75,9.16,0.76,27.3,0.06,0.06,0.093467,1776217601000
1776217603.217,103.217,0.25,9.16,0.24,27.3,0.31,5.0,0.38,25.0,0.69,5.0,0.62,25.0,0.75,9.16,0.76,27.3,0.06,0.06,0.093466,1776217602000
1776217604.346,104.346,0.25,9.16,0.24,27.3,0.31,5.0,0.38,25.0,0.69,5.0,0.62,25.0,0.75,9.16,0.76,27.3,0.06,0.06,0.093464,1776217603000
1776217604.917,104.917,0.25,9.16,0.24,27.3,0.31,5.0,0.38,25.0,0.69,5.0,0.62,25.0,0.75,9.16,0.76,27.3,0.06,0.06,0.093464,1776217604000
1776217605.996,105.996,0.25,9.16,0.24,27.3,0.31,5.0,0.38,25.0,0.69,5.0,0.62,25.0,0.75,9.16,0.76,27.3,0.06,0.06,0.093464,1776217605000
1776217607.194,107.194,0.25,9.16,0.24,27.3,0.31,5.0,0.38,25.0,0.69,5.0,0.62,25.0,0.75,9.16,0.76,27.3,0.06,0.06,0.093464,1776217606000
1776217608.168,108.168,0.25,9.16,0.24,27.3,0.31,5.0,0.38,25.0,0.69,5.0,0.62,25.0,0.75,9.16,0.76,27.3,0.06,0.06,0.093464,1776217607000
1776217610.375,110.375,0.25,9.16,0.24,27.3,0.31,5.0,0.38,25.0,0.69,5.0,0.62,25.0,0.75,9.16,0.76,27.3,0.06,0.06,0.093462,1776217609000
1776217611.02,111.02,0.25,9.16,0.24,27.3,0.31,5.0,0.38,25.0,0.69,5.0,0.62,25.0,0.75,9.16,0.76,27.3,0.06,0.06,0.093461,1776217610000
1776217612.135,112.135,0.25,9.16,0.24,27.3,0.31,5.0,0.38,25.0,0.69,5.0,0.62,25.0,0.75,9.16,0.76,27.3,0.06,0.06,0.093461,1776217611000
1776217613.338,113.338,0.25,9.16,0.24,27.3,0.31,5.0,0.38,25.0,0.69,5.0,0.62,25.0,0.75,9.16,0.76,27.3,0.06,0.06,0.093458,1776217612000
1776217614.316,114.316,0.25,9.16,0.24,27.3,0.31,5.0,0.38,25.0,0.69,5.0,0.62,25.0,0.75,9.16,0.76,27.3,0.06,0.06,0.093458,1776217613000
1776217614.988,114.988,0.25,9.16,0.24,27.3,0.31,5.0,0.38,25.0,0.69,5.0,0.62,25.0,0.75,9.16,0.76,27.3,0.06,0.06,0.093459,1776217614000
1776217616.107,116.107,0.25,9.16,0.24,27.3,0.31,5.0,0.38,25.0,0.69,5.0,0.62,25.0,0.75,9.16,0.76,27.3,0.06,0.06,0.093459,1776217615000
1776217617.205,117.205,0.25,9.16,0.24,27.3,0.31,5.0,0.38,25.0,0.69,5.0,0.62,25.0,0.75,9.16,0.76,27.3,0.06,0.06,0.093456,1776217616000
1776217618.352,118.352,0.25,9.16,0.24,27.3,0.31,5.0,0.38,25.0,0.69,5.0,0.62,25.0,0.75,9.16,0.76,27.3,0.06,0.06,0.093456,1776217617000
1776217619.1,119.1,0.25,9.16,0.24,27.3,0.31,5.0,0.38,25.0,0.69,5.0,0.62,25.0,0.75,9.16,0.76,27.3,0.06,0.06,0.093455,1776217618000
1776217620.2,120.2,0.25,9.16,0.24,27.3,0.31,5.0,0.38,25.0,0.69,5.0,0.62,25.0,0.75,9.16,0.76,27.3,0.06,0.06,0.093451,1776217619000
1776217621.28,121.28,0.25,9.16,0.24,27.3,0.31,5.0,0.38,25.0,0.69,5.0,0.62,25.0,0.75,9.16,0.76,27.3,0.06,0.06,0.093451,1776217620000
1776217621.883,121.883,0.25,9.16,0.24,27.3,0.31,5.0,0.38,25.0,0.69,5.0,0.62,25.0,0.75,9.16,0.76,27.3,0.06,0.06,0.093451,1776217621000
1776217622.192,122.192,0.16,17.0,0.14,21.6,0.29,12.6,0.3,12.4,0.69,5.0,0.62,25.0,0.75,9.16,0.76,27.3,0.13,0.06,0.093451,1776217621000
1776217623.169,123.169,0.16,12.35,0.14,21.6,0.27,28.2,0.28,12.9,0.71,12.6,0.7,12.4,0.84,17.0,0.86,21.6,0.11,0.13,0.093451,1776217621000
1776217624.275,124.275,0.16,12.35,0.14,21.6,0.27,28.2,0.28,12.9,0.73,28.2,0.72,12.9,0.84,12.35,0.86,21.6,0.11,0.11,0.09344,1776217623000
1776217625.282,125.282,0.16,12.35,0.14,21.6,0.27,28.2,0.28,12.9,0.73,28.2,0.72,12.9,0.84,12.35,0.86,21.6,0.11,0.11,0.093439,1776217624000
1776217626.244,126.244,0.16,12.35,0.14,21.6,0.27,28.2,0.28,12.9,0.73,28.2,0.72,12.9,0.84,12.35,0.86,21.6,0.11,0.11,0.093439,1776217625000
1776217627.275,127.275,0.16,12.35,0.14,21.6,0.27,28.2,0.28,12.9,0.73,28.2,0.72,12.9,0.84,12.35,0.86,21.6,0.11,0.11,0.093439,1776217626000
1776217628.181,128.181,0.16,12.35,0.14,21.6,0.27,28.2,0.28,12.9,0.73,28.2,0.72,12.9,0.84,12.35,0.86,21.6,0.11,0.11,0.09344,1776217627000
1776217629.195,129.195,0.16,12.35,0.14,21.6,0.27,28.2,0.28,12.9,0.73,28.2,0.72,12.9,0.84,12.35,0.86,21.6,0.11,0.11,0.093437,1776217628000
1776217630.243,130.243,0.16,12.35,0.14,21.6,0.27,28.2,0.28,12.9,0.73,28.2,0.72,12.9,0.84,12.35,0.86,21.6,0.11,0.11,0.093437,1776217629000
1776217631.166,131.166,0.16,12.35,0.14,21.6,0.27,28.2,0.28,12.9,0.73,28.2,0.72,12.9,0.84,12.35,0.86,21.6,0.11,0.11,0.093437,1776217630000
1776217632.099,132.099,0.16,12.35,0.14,21.6,0.27,28.2,0.28,12.9,0.73,28.2,0.72,12.9,0.84,12.35,0.86,21.6,0.11,0.11,0.093437,1776217631000
1776217633.172,133.172,0.16,12.35,0.14,21.6,0.27,28.2,0.28,12.9,0.73,28.2,0.72,12.9,0.84,12.35,0.86,21.6,0.11,0.11,0.093438,1776217632000
1776217634.143,134.143,0.16,12.35,0.14,21.6,0.27,28.2,0.28,12.9,0.73,28.2,0.72,12.9,0.84,12.35,0.86,21.6,0.11,0.11,0.093438,1776217633000
1776217635.09,135.09,0.16,12.35,0.14,21.6,0.27,28.2,0.28,12.9,0.73,28.2,0.72,12.9,0.84,12.35,0.86,21.6,0.11,0.11,0.093438,1776217634000
1776217636.083,136.083,0.16,12.35,0.14,21.6,0.27,28.2,0.28,12.9,0.73,28.2,0.72,12.9,0.84,12.35,0.86,21.6,0.11,0.11,0.093437,1776217635000
1776217637.108,137.108,0.16,12.35,0.14,21.6,0.27,28.2,0.28,12.9,0.73,28.2,0.72,12.9,0.84,12.35,0.86,21.6,0.11,0.11,0.093437,1776217636000
1776217638.085,138.085,0.16,12.35,0.14,21.6,0.27,28.2,0.28,12.9,0.73,28.2,0.72,12.9,0.84,12.35,0.86,21.6,0.11,0.11,0.093437,1776217637000
1776217639.504,139.504,0.16,12.35,0.14,21.6,0.27,28.2,0.28,12.9,0.73,28.2,0.72,12.9,0.84,12.35,0.86,21.6,0.11,0.11,0.093437,1776217638000
1776217640.064,140.064,0.16,12.35,0.14,21.6,0.27,28.2,0.28,12.9,0.73,28.2,0.72,12.9,0.84,12.35,0.86,21.6,0.11,0.11,0.093437,1776217639000
1776217641.025,141.025,0.16,12.35,0.14,21.6,0.27,28.2,0.28,12.9,0.73,28.2,0.72,12.9,0.84,12.35,0.86,21.6,0.11,0.11,0.093437,1776217640000
1776217642.585,142.585,0.16,12.35,0.14,21.6,0.27,28.2,0.28,12.9,0.73,28.2,0.72,12.9,0.84,12.35,0.86,21.6,0.11,0.11,0.093437,1776217641000
1776217643.263,143.263,0.16,12.35,0.14,21.6,0.27,28.2,0.28,12.9,0.73,28.2,0.72,12.9,0.84,12.35,0.86,21.6,0.11,0.11,0.093438,1776217642000
1776217644.433,144.433,0.16,12.35,0.14,21.6,0.27,28.2,0.28,12.9,0.73,28.2,0.72,12.9,0.84,12.35,0.86,21.6,0.11,0.11,0.093441,1776217643000
1776217645.022,145.022,0.16,12.35,0.14,21.6,0.27,28.2,0.28,12.9,0.73,28.2,0.72,12.9,0.84,12.35,0.86,21.6,0.11,0.11,0.093442,1776217644000
1776217646.119,146.119,0.16,12.35,0.14,21.6,0.27,28.2,0.28,12.9,0.73,28.2,0.72,12.9,0.84,12.35,0.86,21.6,0.11,0.11,0.093444,1776217645000
1776217647.309,147.309,0.16,12.35,0.14,21.6,0.27,28.2,0.28,12.9,0.73,28.2,0.72,12.9,0.84,12.35,0.86,21.6,0.11,0.11,0.093444,1776217646000
1776217648.486,148.486,0.16,12.35,0.14,21.6,0.27,28.2,0.28,12.9,0.73,28.2,0.72,12.9,0.84,12.35,0.86,21.6,0.11,0.11,0.093443,1776217647000
1776217649.106,149.106,0.16,12.35,0.14,21.6,0.27,28.2,0.28,12.9,0.73,28.2,0.72,12.9,0.84,12.35,0.86,21.6,0.11,0.11,0.093443,1776217648000
1776217650.595,150.595,0.16,12.35,0.14,21.6,0.27,28.2,0.28,12.9,0.73,28.2,0.72,12.9,0.84,12.35,0.86,21.6,0.11,0.11,0.093444,1776217649000
1776217651.298,151.298,0.16,12.35,0.14,21.6,0.27,28.2,0.28,12.9,0.73,28.2,0.72,12.9,0.84,12.35,0.86,21.6,0.11,0.11,0.093444,1776217650000
1776217651.919,151.919,0.24,5.0,0.18,20.0,0.27,1.0,0.3,11.0,0.73,28.2,0.72,12.9,0.84,12.35,0.86,21.6,0.03,0.11,0.093444,1776217650000
1776217652.468,152.468,0.24,10.0,0.15,20.39,0.3,11.0,0.33,11.0,0.7,11.0,0.67,11.0,0.76,10.0,0.85,20.39,0.06,0.06,0.093443,1776217651000
1776217653.027,153.027,0.24,10.0,0.15,20.39,0.3,11.0,0.33,11.0,0.7,11.0,0.67,11.0,0.76,10.0,0.85,20.39,0.06,0.06,0.093443,1776217652000
1776217654.114,154.114,0.24,10.0,0.15,20.39,0.3,11.0,0.33,11.0,0.7,11.0,0.67,11.0,0.76,10.0,0.85,20.39,0.06,0.06,0.093459,1776217653000
1776217655.21,155.21,0.24,10.0,0.15,20.39,0.3,11.0,0.33,11.0,0.7,11.0,0.67,11.0,0.76,10.0,0.85,20.39,0.06,0.06,0.09347,1776217654000
1776217656.286,156.286,0.24,10.0,0.15,20.39,0.3,11.0,0.33,11.0,0.7,11.0,0.67,11.0,0.76,10.0,0.85,20.39,0.06,0.06,0.093472,1776217655000
1776217657.212,157.212,0.24,10.0,0.15,20.39,0.3,11.0,0.33,11.0,0.7,11.0,0.67,11.0,0.76,10.0,0.85,20.39,0.06,0.06,0.093472,1776217656000
1776217658.187,158.187,0.24,10.0,0.15,20.39,0.3,11.0,0.33,11.0,0.7,11.0,0.67,11.0,0.76,10.0,0.85,20.39,0.06,0.06,0.093475,1776217657000
1776217659.191,159.191,0.24,10.0,0.15,20.39,0.3,11.0,0.33,11.0,0.7,11.0,0.67,11.0,0.76,10.0,0.85,20.39,0.06,0.06,0.093475,1776217658000
1776217660.299,160.299,0.24,10.0,0.15,20.39,0.3,11.0,0.33,11.0,0.7,11.0,0.67,11.0,0.76,10.0,0.85,20.39,0.06,0.06,0.093475,1776217659000
1776217661.361,161.361,0.24,10.0,0.15,20.39,0.3,11.0,0.33,11.0,0.7,11.0,0.67,11.0,0.76,10.0,0.85,20.39,0.06,0.06,0.093475,1776217660000
1776217661.89,161.89,0.24,10.0,0.15,20.39,0.3,11.0,0.33,11.0,0.7,11.0,0.67,11.0,0.76,10.0,0.85,20.39,0.06,0.06,0.093475,1776217661000
1776217662.999,162.999,0.24,10.0,0.15,20.39,0.3,11.0,0.33,11.0,0.7,11.0,0.67,11.0,0.76,10.0,0.85,20.39,0.06,0.06,0.093481,1776217662000
1776217664.227,164.227,0.24,10.0,0.15,20.39,0.3,11.0,0.33,11.0,0.7,11.0,0.67,11.0,0.76,10.0,0.85,20.39,0.06,0.06,0.09349,1776217663000
1776217665.309,165.309,0.24,10.0,0.15,20.39,0.3,11.0,0.33,11.0,0.7,11.0,0.67,11.0,0.76,10.0,0.85,20.39,0.06,0.06,0.093481,1776217664000
1776217666.397,166.397,0.24,10.0,0.15,20.39,0.3,11.0,0.33,11.0,0.7,11.0,0.67,11.0,0.76,10.0,0.85,20.39,0.06,0.06,0.093492,1776217665000
1776217666.898,166.898,0.24,10.0,0.15,20.39,0.3,11.0,0.33,11.0,0.7,11.0,0.67,11.0,0.76,10.0,0.85,20.39,0.06,0.06,0.093492,1776217666000
1776217668.518,168.518,0.24,10.0,0.15,20.39,0.3,11.0,0.33,11.0,0.7,11.0,0.67,11.0,0.76,10.0,0.85,20.39,0.06,0.06,0.093492,1776217667000
1776217669.056,169.056,0.24,10.0,0.15,20.39,0.3,11.0,0.33,11.0,0.7,11.0,0.67,11.0,0.76,10.0,0.85,20.39,0.06,0.06,0.093492,1776217668000
1776217670.098,170.098,0.24,10.0,0.15,20.39,0.3,11.0,0.33,11.0,0.7,11.0,0.67,11.0,0.76,10.0,0.85,20.39,0.06,0.06,0.093488,1776217669000
1776217671.195,171.195,0.24,10.0,0.15,20.39,0.3,11.0,0.33,11.0,0.7,11.0,0.67,11.0,0.76,10.0,0.85,20.39,0.06,0.06,0.093488,1776217670000
1776217672.228,172.228,0.24,10.0,0.15,20.39,0.3,11.0,0.33,11.0,0.7,11.0,0.67,11.0,0.76,10.0,0.85,20.39,0.06,0.06,0.093488,1776217671000
1776217673.271,173.271,0.24,10.0,0.15,20.39,0.3,11.0,0.33,11.0,0.7,11.0,0.67,11.0,0.76,10.0,0.85,20.39,0.06,0.06,0.093488,1776217672000
1776217674.322,174.322,0.24,10.0,0.15,20.39,0.3,11.0,0.33,11.0,0.7,11.0,0.67,11.0,0.76,10.0,0.85,20.39,0.06,0.06,0.093488,1776217673000
1776217674.914,174.914,0.24,10.0,0.15,20.39,0.3,11.0,0.33,11.0,0.7,11.0,0.67,11.0,0.76,10.0,0.85,20.39,0.06,0.06,0.093488,1776217674000
1776217676.097,176.097,0.24,10.0,0.15,20.39,0.3,11.0,0.33,11.0,0.7,11.0,0.67,11.0,0.76,10.0,0.85,20.39,0.06,0.06,0.093488,1776217675000
1776217677.105,177.105,0.24,10.0,0.15,20.39,0.3,11.0,0.33,11.0,0.7,11.0,0.67,11.0,0.76,10.0,0.85,20.39,0.06,0.06,0.093488,1776217676000
1776217678.186,178.186,0.24,10.0,0.15,20.39,0.3,11.0,0.33,11.0,0.7,11.0,0.67,11.0,0.76,10.0,0.85,20.39,0.06,0.06,0.093488,1776217677000
1776217679.372,179.372,0.24,10.0,0.15,20.39,0.3,11.0,0.33,11.0,0.7,11.0,0.67,11.0,0.76,10.0,0.85,20.39,0.06,0.06,0.093488,1776217678000
1776217680.355,180.355,0.24,10.0,0.15,20.39,0.3,11.0,0.33,11.0,0.7,11.0,0.67,11.0,0.76,10.0,0.85,20.39,0.06,0.06,0.093488,1776217679000
1776217680.843,180.843,0.24,10.0,0.15,20.39,0.3,11.0,0.33,11.0,0.7,11.0,0.67,11.0,0.76,10.0,0.85,20.39,0.06,0.06,0.093488,1776217680000
1776217682.494,182.494,0.24,10.0,0.15,20.39,0.3,11.0,0.33,11.0,0.7,11.0,0.67,11.0,0.76,10.0,0.85,20.39,0.06,0.06,0.093487,1776217681000
1776217683.038,183.038,0.24,10.0,0.15,20.39,0.3,11.0,0.33,11.0,0.7,11.0,0.67,11.0,0.76,10.0,0.85,20.39,0.06,0.06,0.093487,1776217682000
1776217684.331,184.331,0.24,10.0,0.15,20.39,0.3,11.0,0.33,11.0,0.7,11.0,0.67,11.0,0.76,10.0,0.85,20.39,0.06,0.06,0.093488,1776217683000
1776217685.468,185.468,0.24,10.0,0.15,20.39,0.3,11.0,0.33,11.0,0.7,11.0,0.67,11.0,0.76,10.0,0.85,20.39,0.06,0.06,0.093488,1776217684000
1776217685.976,185.976,0.24,10.0,0.15,20.39,0.3,11.0,0.33,11.0,0.7,11.0,0.67,11.0,0.76,10.0,0.85,20.39,0.06,0.06,0.093488,1776217685000
1776217687.222,187.222,0.24,10.0,0.15,20.39,0.3,11.0,0.33,11.0,0.7,11.0,0.67,11.0,0.76,10.0,0.85,20.39,0.06,0.06,0.093488,1776217686000
1776217688.542,188.542,0.24,10.0,0.15,20.39,0.3,11.0,0.33,11.0,0.7,11.0,0.67,11.0,0.76,10.0,0.85,20.39,0.06,0.06,0.093488,1776217687000
1776217689.135,189.135,0.24,10.0,0.15,20.39,0.3,11.0,0.33,11.0,0.7,11.0,0.67,11.0,0.76,10.0,0.85,20.39,0.06,0.06,0.093487,1776217688000
1776217690.36,190.36,0.24,10.0,0.15,20.39,0.3,11.0,0.33,11.0,0.7,11.0,0.67,11.0,0.76,10.0,0.85,20.39,0.06,0.06,0.093488,1776217689000
1776217691.08,191.08,0.24,10.0,0.15,20.39,0.3,11.0,0.33,11.0,0.7,11.0,0.67,11.0,0.76,10.0,0.85,20.39,0.06,0.06,0.093489,1776217690000
1776217692.223,192.223,0.24,10.0,0.15,20.39,0.3,11.0,0.33,11.0,0.7,11.0,0.67,11.0,0.76,10.0,0.85,20.39,0.06,0.06,0.093491,1776217691000
1776217693.309,193.309,0.24,10.0,0.15,20.39,0.3,11.0,0.33,11.0,0.7,11.0,0.67,11.0,0.76,10.0,0.85,20.39,0.06,0.06,0.093491,1776217692000
1776217693.924,193.924,0.24,10.0,0.15,20.39,0.3,11.0,0.33,11.0,0.7,11.0,0.67,11.0,0.76,10.0,0.85,20.39,0.06,0.06,0.093492,1776217693000
1776217695.042,195.042,0.24,10.0,0.15,20.39,0.3,11.0,0.33,11.0,0.7,11.0,0.67,11.0,0.76,10.0,0.85,20.39,0.06,0.06,0.093501,1776217694000
1776217696.253,196.253,0.24,10.0,0.15,20.39,0.3,11.0,0.33,11.0,0.7,11.0,0.67,11.0,0.76,10.0,0.85,20.39,0.06,0.06,0.093502,1776217695000
1776217697.506,197.506,0.24,10.0,0.15,20.39,0.3,11.0,0.33,11.0,0.7,11.0,0.67,11.0,0.76,10.0,0.85,20.39,0.06,0.06,0.093502,1776217696000
1776217698.291,198.291,0.24,10.0,0.15,20.39,0.3,11.0,0.33,11.0,0.7,11.0,0.67,11.0,0.76,10.0,0.85,20.39,0.06,0.06,0.093517,1776217697000
1776217699.38,199.38,0.24,10.0,0.15,20.39,0.3,11.0,0.33,11.0,0.7,11.0,0.67,11.0,0.76,10.0,0.85,20.39,0.06,0.06,0.093521,1776217698000
1776217700.032,200.032,0.24,10.0,0.15,20.39,0.3,11.0,0.33,11.0,0.7,11.0,0.67,11.0,0.76,10.0,0.85,20.39,0.06,0.06,0.093521,1776217699000
1776217701.531,201.531,0.24,10.0,0.15,20.39,0.3,11.0,0.33,11.0,0.7,11.0,0.67,11.0,0.76,10.0,0.85,20.39,0.06,0.06,0.093516,1776217700000
1776217702.246,202.246,0.24,10.0,0.15,20.39,0.3,11.0,0.33,11.0,0.7,11.0,0.67,11.0,0.76,10.0,0.85,20.39,0.06,0.06,0.093522,1776217701000
1776217702.809,202.809,0.46,5.0,0.44,5.0,0.61,59.24,0.62,11.0,0.7,11.0,0.67,11.0,0.76,10.0,0.85,20.39,0.15,0.06,0.093522,1776217701000
1776217703.556,203.556,0.46,5.0,0.44,5.0,0.61,59.24,0.62,11.0,0.39,59.24,0.38,11.0,0.54,5.0,0.56,5.0,0.15,0.15,0.093523,1776217702000
1776217704.316,204.316,0.46,5.0,0.44,5.0,0.61,59.24,0.62,11.0,0.39,59.24,0.38,11.0,0.54,5.0,0.56,5.0,0.15,0.15,0.093523,1776217703000
1776217705.718,205.718,0.46,5.0,0.44,5.0,0.61,59.24,0.62,11.0,0.39,59.24,0.38,11.0,0.54,5.0,0.56,5.0,0.15,0.15,0.093523,1776217704000
1776217706.35,206.35,0.46,5.0,0.44,5.0,0.61,59.24,0.62,11.0,0.39,59.24,0.38,11.0,0.54,5.0,0.56,5.0,0.15,0.15,0.093519,1776217705000
1776217707.12,207.12,0.46,5.0,0.44,5.0,0.61,59.24,0.62,11.0,0.39,59.24,0.38,11.0,0.54,5.0,0.56,5.0,0.15,0.15,0.093519,1776217706000
1776217708.295,208.295,0.46,5.0,0.44,5.0,0.61,59.24,0.62,11.0,0.39,59.24,0.38,11.0,0.54,5.0,0.56,5.0,0.15,0.15,0.09352,1776217707000
1776217709.053,209.053,0.46,5.0,0.44,5.0,0.61,59.24,0.62,11.0,0.39,59.24,0.38,11.0,0.54,5.0,0.56,5.0,0.15,0.15,0.093521,1776217708000
1776217710.388,210.388,0.46,5.0,0.44,5.0,0.61,59.24,0.62,11.0,0.39,59.24,0.38,11.0,0.54,5.0,0.56,5.0,0.15,0.15,0.093516,1776217709000
1776217711.038,211.038,0.46,5.0,0.44,5.0,0.61,59.24,0.62,11.0,0.39,59.24,0.38,11.0,0.54,5.0,0.56,5.0,0.15,0.15,0.093516,1776217710000
1776217712.613,212.613,0.46,5.0,0.44,5.0,0.61,59.24,0.62,11.0,0.39,59.24,0.38,11.0,0.54,5.0,0.56,5.0,0.15,0.15,0.093516,1776217711000
1776217713.307,213.307,0.46,5.0,0.44,5.0,0.61,59.24,0.62,11.0,0.39,59.24,0.38,11.0,0.54,5.0,0.56,5.0,0.15,0.15,0.093516,1776217712000
1776217714.617,214.617,0.46,5.0,0.44,5.0,0.61,59.24,0.62,11.0,0.39,59.24,0.38,11.0,0.54,5.0,0.56,5.0,0.15,0.15,0.093516,1776217713000
1776217715.629,215.629,0.46,5.0,0.44,5.0,0.61,59.24,0.62,11.0,0.39,59.24,0.38,11.0,0.54,5.0,0.56,5.0,0.15,0.15,0.093516,1776217714000
1776217716.158,216.158,0.46,5.0,0.44,5.0,0.61,59.24,0.62,11.0,0.39,59.24,0.38,11.0,0.54,5.0,0.56,5.0,0.15,0.15,0.093516,1776217715000
1776217717.216,217.216,0.46,5.0,0.44,5.0,0.61,59.24,0.62,11.0,0.39,59.24,0.38,11.0,0.54,5.0,0.56,5.0,0.15,0.15,0.093516,1776217716000
1776217718.602,218.602,0.46,5.0,0.44,5.0,0.61,59.24,0.62,11.0,0.39,59.24,0.38,11.0,0.54,5.0,0.56,5.0,0.15,0.15,0.093516,1776217717000
1776217719.267,219.267,0.46,5.0,0.44,5.0,0.61,59.24,0.62,11.0,0.39,59.24,0.38,11.0,0.54,5.0,0.56,5.0,0.15,0.15,0.093515,1776217718000
1776217720.375,220.375,0.46,5.0,0.44,5.0,0.61,59.24,0.62,11.0,0.39,59.24,0.38,11.0,0.54,5.0,0.56,5.0,0.15,0.15,0.093516,1776217719000
1776217721.38,221.38,0.46,5.0,0.44,5.0,0.61,59.24,0.62,11.0,0.39,59.24,0.38,11.0,0.54,5.0,0.56,5.0,0.15,0.15,0.093516,1776217720000
1776217722.002,222.002,0.46,5.0,0.44,5.0,0.61,59.24,0.62,11.0,0.39,59.24,0.38,11.0,0.54,5.0,0.56,5.0,0.15,0.15,0.093513,1776217721000
1776217723.443,223.443,0.46,5.0,0.44,5.0,0.61,59.24,0.62,11.0,0.39,59.24,0.38,11.0,0.54,5.0,0.56,5.0,0.15,0.15,0.093508,1776217722000
1776217724.268,224.268,0.46,5.0,0.44,5.0,0.61,59.24,0.62,11.0,0.39,59.24,0.38,11.0,0.54,5.0,0.56,5.0,0.15,0.15,0.093508,1776217723000
1776217725.614,225.614,0.46,5.0,0.44,5.0,0.61,59.24,0.62,11.0,0.39,59.24,0.38,11.0,0.54,5.0,0.56,5.0,0.15,0.15,0.093508,1776217724000
1776217726.208,226.208,0.46,5.0,0.44,5.0,0.61,59.24,0.62,11.0,0.39,59.24,0.38,11.0,0.54,5.0,0.56,5.0,0.15,0.15,0.093509,1776217725000
1776217727.563,227.563,0.46,5.0,0.44,5.0,0.61,59.24,0.62,11.0,0.39,59.24,0.38,11.0,0.54,5.0,0.56,5.0,0.15,0.15,0.093509,1776217726000
1776217728.125,228.125,0.46,5.0,0.44,5.0,0.61,59.24,0.62,11.0,0.39,59.24,0.38,11.0,0.54,5.0,0.56,5.0,0.15,0.15,0.093509,1776217727000
1776217729.741,229.741,0.46,5.0,0.44,5.0,0.61,59.24,0.62,11.0,0.39,59.24,0.38,11.0,0.54,5.0,0.56,5.0,0.15,0.15,0.093509,1776217728000
1776217730.453,230.453,0.46,5.0,0.44,5.0,0.61,59.24,0.62,11.0,0.39,59.24,0.38,11.0,0.54,5.0,0.56,5.0,0.15,0.15,0.093514,1776217729000
1776217731.216,231.216,0.46,5.0,0.44,5.0,0.61,59.24,0.62,11.0,0.39,59.24,0.38,11.0,0.54,5.0,0.56,5.0,0.15,0.15,0.093515,1776217730000
1776217732.929,232.929,0.46,5.0,0.44,5.0,0.61,59.24,0.62,11.0,0.39,59.24,0.38,11.0,0.54,5.0,0.56,5.0,0.15,0.15,0.093516,1776217731000
1776217733.474,233.474,0.46,5.0,0.44,5.0,0.61,59.24,0.62,11.0,0.39,59.24,0.38,11.0,0.54,5.0,0.56,5.0,0.15,0.15,0.093516,1776217732000
1776217734.184,234.184,0.46,5.0,0.44,5.0,0.61,59.24,0.62,11.0,0.39,59.24,0.38,11.0,0.54,5.0,0.56,5.0,0.15,0.15,0.093516,1776217733000
1776217735.336,235.336,0.46,5.0,0.44,5.0,0.61,59.24,0.62,11.0,0.39,59.24,0.38,11.0,0.54,5.0,0.56,5.0,0.15,0.15,0.093516,1776217734000
1776217735.982,235.982,0.46,5.0,0.44,5.0,0.61,59.24,0.62,11.0,0.39,59.24,0.38,11.0,0.54,5.0,0.56,5.0,0.15,0.15,0.093514,1776217735000
1776217737.195,237.195,0.46,5.0,0.44,5.0,0.61,59.24,0.62,11.0,0.39,59.24,0.38,11.0,0.54,5.0,0.56,5.0,0.15,0.15,0.093515,1776217736000
1776217738.321,238.321,0.46,5.0,0.44,5.0,0.61,59.24,0.62,11.0,0.39,59.24,0.38,11.0,0.54,5.0,0.56,5.0,0.15,0.15,0.093518,1776217737000
1776217738.922,238.922,0.46,5.0,0.44,5.0,0.61,59.24,0.62,11.0,0.39,59.24,0.38,11.0,0.54,5.0,0.56,5.0,0.15,0.15,0.093521,1776217738000
1776217740.061,240.061,0.46,5.0,0.44,5.0,0.61,59.24,0.62,11.0,0.39,59.24,0.38,11.0,0.54,5.0,0.56,5.0,0.15,0.15,0.093521,1776217739000
1776217741.271,241.271,0.46,5.0,0.44,5.0,0.61,59.24,0.62,11.0,0.39,59.24,0.38,11.0,0.54,5.0,0.56,5.0,0.15,0.15,0.09352,1776217740000
1776217742.393,242.393,0.46,5.0,0.44,5.0,0.61,59.24,0.62,11.0,0.39,59.24,0.38,11.0,0.54,5.0,0.56,5.0,0.15,0.15,0.09352,1776217741000
1776217742.936,242.936,0.46,5.0,0.44,5.0,0.61,59.24,0.62,11.0,0.39,59.24,0.38,11.0,0.54,5.0,0.56,5.0,0.15,0.15,0.093521,1776217742000
1776217744.119,244.119,0.46,5.0,0.44,5.0,0.61,59.24,0.62,11.0,0.39,59.24,0.38,11.0,0.54,5.0,0.56,5.0,0.15,0.15,0.093521,1776217743000
1776217745.43,245.43,0.46,5.0,0.44,5.0,0.61,59.24,0.62,11.0,0.39,59.24,0.38,11.0,0.54,5.0,0.56,5.0,0.15,0.15,0.09352,1776217744000
1776217745.986,245.986,0.46,5.0,0.44,5.0,0.61,59.24,0.62,11.0,0.39,59.24,0.38,11.0,0.54,5.0,0.56,5.0,0.15,0.15,0.09352,1776217745000
1776217747.155,247.155,0.46,5.0,0.44,5.0,0.61,59.24,0.62,11.0,0.39,59.24,0.38,11.0,0.54,5.0,0.56,5.0,0.15,0.15,0.09352,1776217746000
1776217748.342,248.342,0.46,5.0,0.44,5.0,0.61,59.24,0.62,11.0,0.39,59.24,0.38,11.0,0.54,5.0,0.56,5.0,0.15,0.15,0.09352,1776217747000
1776217748.944,248.944,0.46,5.0,0.44,5.0,0.61,59.24,0.62,11.0,0.39,59.24,0.38,11.0,0.54,5.0,0.56,5.0,0.15,0.15,0.09352,1776217748000
1776217750.403,250.403,0.46,5.0,0.44,5.0,0.61,59.24,0.62,11.0,0.39,59.24,0.38,11.0,0.54,5.0,0.56,5.0,0.15,0.15,0.09352,1776217749000
1776217751.05,251.05,0.46,5.0,0.44,5.0,0.61,59.24,0.62,11.0,0.39,59.24,0.38,11.0,0.54,5.0,0.56,5.0,0.15,0.15,0.09352,1776217750000
1776217752.283,252.283,0.46,5.0,0.44,5.0,0.61,59.24,0.62,11.0,0.39,59.24,0.38,11.0,0.54,5.0,0.56,5.0,0.15,0.15,0.09352,1776217751000
1776217753.664,253.664,0.46,5.0,0.44,5.0,0.61,59.24,0.62,11.0,0.39,59.24,0.38,11.0,0.54,5.0,0.56,5.0,0.15,0.15,0.09352,1776217752000
1776217754.503,254.503,0.46,5.0,0.44,5.0,0.61,59.24,0.62,11.0,0.39,59.24,0.38,11.0,0.54,5.0,0.56,5.0,0.15,0.15,0.09352,1776217753000
1776217755.121,255.121,0.46,5.0,0.44,5.0,0.61,59.24,0.62,11.0,0.39,59.24,0.38,11.0,0.54,5.0,0.56,5.0,0.15,0.15,0.093517,1776217754000
1776217756.515,256.515,0.46,5.0,0.44,5.0,0.61,59.24,0.62,11.0,0.39,59.24,0.38,11.0,0.54,5.0,0.56,5.0,0.15,0.15,0.093517,1776217755000
1776217757.214,257.214,0.46,5.0,0.44,5.0,0.61,59.24,0.62,11.0,0.39,59.24,0.38,11.0,0.54,5.0,0.56,5.0,0.15,0.15,0.093517,1776217756000
1776217758.447,258.447,0.46,5.0,0.44,5.0,0.61,59.24,0.62,11.0,0.39,59.24,0.38,11.0,0.54,5.0,0.56,5.0,0.15,0.15,0.093517,1776217757000
1776217759.212,259.212,0.46,5.0,0.44,5.0,0.61,59.24,0.62,11.0,0.39,59.24,0.38,11.0,0.54,5.0,0.56,5.0,0.15,0.15,0.093517,1776217758000
1776217760.564,260.564,0.46,5.0,0.44,5.0,0.61,59.24,0.62,11.0,0.39,59.24,0.38,11.0,0.54,5.0,0.56,5.0,0.15,0.15,0.093518,1776217759000
1776217761.206,261.206,0.46,5.0,0.44,5.0,0.61,59.24,0.62,11.0,0.39,59.24,0.38,11.0,0.54,5.0,0.56,5.0,0.15,0.15,0.093518,1776217760000
1776217762.559,262.559,0.46,5.0,0.44,5.0,0.61,59.24,0.62,11.0,0.39,59.24,0.38,11.0,0.54,5.0,0.56,5.0,0.15,0.15,0.093519,1776217761000
1776217763.192,263.192,0.46,5.0,0.44,5.0,0.61,59.24,0.62,11.0,0.39,59.24,0.38,11.0,0.54,5.0,0.56,5.0,0.15,0.15,0.093519,1776217762000
1776217764.449,264.449,0.46,5.0,0.44,5.0,0.61,59.24,0.62,11.0,0.39,59.24,0.38,11.0,0.54,5.0,0.56,5.0,0.15,0.15,0.093518,1776217763000
1776217765.762,265.762,0.46,5.0,0.44,5.0,0.61,59.24,0.62,11.0,0.39,59.24,0.38,11.0,0.54,5.0,0.56,5.0,0.15,0.15,0.093518,1776217764000
1776217766.291,266.291,0.46,5.0,0.44,5.0,0.61,59.24,0.62,11.0,0.39,59.24,0.38,11.0,0.54,5.0,0.56,5.0,0.15,0.15,0.093518,1776217765000
1776217767.298,267.298,0.46,5.0,0.44,5.0,0.61,59.24,0.62,11.0,0.39,59.24,0.38,11.0,0.54,5.0,0.56,5.0,0.15,0.15,0.09352,1776217766000
1776217767.866,267.866,0.46,5.0,0.44,5.0,0.61,59.24,0.62,11.0,0.39,59.24,0.38,11.0,0.54,5.0,0.56,5.0,0.15,0.15,0.09352,1776217767000
1776217768.835,268.835,0.46,5.0,0.44,5.0,0.61,59.24,0.62,11.0,0.39,59.24,0.38,11.0,0.54,5.0,0.56,5.0,0.15,0.15,0.09352,1776217768000
1776217769.844,269.844,0.46,5.0,0.44,5.0,0.61,59.24,0.62,11.0,0.39,59.24,0.38,11.0,0.54,5.0,0.56,5.0,0.15,0.15,0.093522,1776217769000
1776217770.785,270.785,0.46,5.0,0.44,5.0,0.61,59.24,0.62,11.0,0.39,59.24,0.38,11.0,0.54,5.0,0.56,5.0,0.15,0.15,0.093522,1776217770000
1776217771.842,271.842,0.46,5.0,0.44,5.0,0.61,59.24,0.62,11.0,0.39,59.24,0.38,11.0,0.54,5.0,0.56,5.0,0.15,0.15,0.093527,1776217771000
1776217773.199,273.199,0.46,5.0,0.44,5.0,0.61,59.24,0.62,11.0,0.39,59.24,0.38,11.0,0.54,5.0,0.56,5.0,0.15,0.15,0.093528,1776217772000
1776217774.325,274.325,0.46,5.0,0.44,5.0,0.61,59.24,0.62,11.0,0.39,59.24,0.38,11.0,0.54,5.0,0.56,5.0,0.15,0.15,0.093527,1776217773000
1776217774.741,274.741,0.61,10.9,0.6,10.8,0.8,14.95,0.81,66.89,0.39,59.24,0.38,11.0,0.54,5.0,0.56,5.0,0.19,0.15,0.093527,1776217773000
1776217775.004,275.004,0.61,10.9,0.6,10.8,0.8,14.95,0.81,66.89,0.2,14.95,0.19,66.89,0.39,10.9,0.4,10.8,0.19,0.19,0.093528,1776217774000
1776217775.913,275.913,0.61,10.9,0.6,10.8,0.8,14.95,0.81,66.89,0.2,14.95,0.19,66.89,0.39,10.9,0.4,10.8,0.19,0.19,0.093528,1776217775000
1776217777.012,277.012,0.61,10.9,0.6,10.8,0.8,14.95,0.81,66.89,0.2,14.95,0.19,66.89,0.39,10.9,0.4,10.8,0.19,0.19,0.093528,1776217776000
1776217778.019,278.019,0.61,10.9,0.6,10.8,0.8,14.95,0.81,66.89,0.2,14.95,0.19,66.89,0.39,10.9,0.4,10.8,0.19,0.19,0.093528,1776217777000
1776217779.24,279.24,0.61,10.9,0.6,10.8,0.8,14.95,0.81,66.89,0.2,14.95,0.19,66.89,0.39,10.9,0.4,10.8,0.19,0.19,0.093528,1776217778000
1776217780.38,280.38,0.61,10.9,0.6,10.8,0.8,14.95,0.81,66.89,0.2,14.95,0.19,66.89,0.39,10.9,0.4,10.8,0.19,0.19,0.093526,1776217779000
1776217780.972,280.972,0.61,10.9,0.6,10.8,0.8,14.95,0.81,66.89,0.2,14.95,0.19,66.89,0.39,10.9,0.4,10.8,0.19,0.19,0.093527,1776217780000
1776217782.114,282.114,0.61,10.9,0.6,10.8,0.8,14.95,0.81,66.89,0.2,14.95,0.19,66.89,0.39,10.9,0.4,10.8,0.19,0.19,0.093526,1776217781000
1776217783.219,283.219,0.61,10.9,0.6,10.8,0.8,14.95,0.81,66.89,0.2,14.95,0.19,66.89,0.39,10.9,0.4,10.8,0.19,0.19,0.093526,1776217782000
1776217784.327,284.327,0.61,10.9,0.6,10.8,0.8,14.95,0.81,66.89,0.2,14.95,0.19,66.89,0.39,10.9,0.4,10.8,0.19,0.19,0.093526,1776217783000
1776217784.923,284.923,0.61,10.9,0.6,10.8,0.8,14.95,0.81,66.89,0.2,14.95,0.19,66.89,0.39,10.9,0.4,10.8,0.19,0.19,0.093526,1776217784000
1776217786.014,286.014,0.61,10.9,0.6,10.8,0.8,14.95,0.81,66.89,0.2,14.95,0.19,66.89,0.39,10.9,0.4,10.8,0.19,0.19,0.093526,1776217785000
1776217787.044,287.044,0.61,10.9,0.6,10.8,0.8,14.95,0.81,66.89,0.2,14.95,0.19,66.89,0.39,10.9,0.4,10.8,0.19,0.19,0.093527,1776217786000
1776217788.17,288.17,0.61,10.9,0.6,10.8,0.8,14.95,0.81,66.89,0.2,14.95,0.19,66.89,0.39,10.9,0.4,10.8,0.19,0.19,0.093527,1776217787000
1776217789.312,289.312,0.61,10.9,0.6,10.8,0.8,14.95,0.81,66.89,0.2,14.95,0.19,66.89,0.39,10.9,0.4,10.8,0.19,0.19,0.093527,1776217788000
1776217790.266,290.266,0.61,10.9,0.6,10.8,0.8,14.95,0.81,66.89,0.2,14.95,0.19,66.89,0.39,10.9,0.4,10.8,0.19,0.19,0.093526,1776217789000
1776217791.296,291.296,0.61,10.9,0.6,10.8,0.8,14.95,0.81,66.89,0.2,14.95,0.19,66.89,0.39,10.9,0.4,10.8,0.19,0.19,0.093526,1776217790000
1776217792.469,292.469,0.61,50.0,0.51,50.0,0.91,48.9,0.96,5.0,0.09,48.9,0.04,5.0,0.39,50.0,0.49,50.0,0.3,0.3,0.093526,1776217791000
1776217793.541,293.541,0.61,50.0,0.51,50.0,0.91,48.9,0.96,5.0,0.09,48.9,0.04,5.0,0.39,50.0,0.49,50.0,0.3,0.3,0.093526,1776217792000
1776217794.071,294.071,0.61,50.0,0.51,50.0,0.91,48.9,0.96,5.0,0.09,48.9,0.04,5.0,0.39,50.0,0.49,50.0,0.3,0.3,0.093526,1776217793000
1776217794.911,294.911,0.61,50.0,0.51,50.0,0.91,43.46,0.96,5.0,0.09,48.9,0.04,5.0,0.39,50.0,0.49,50.0,0.3,0.3,0.093526,1776217793000
1776217795.262,295.262,0.61,50.0,0.51,50.0,0.91,43.46,0.96,5.0,0.09,43.46,0.04,5.0,0.39,50.0,0.49,50.0,0.3,0.3,0.093526,1776217794000
1776217795.782,295.782,0.71,50.0,0.61,50.0,0.96,3.95,0.97,100.0,0.09,43.46,0.04,5.0,0.39,50.0,0.49,50.0,0.25,0.3,0.093526,1776217794000
1776217796.457,296.457,0.71,50.0,0.61,50.0,0.96,3.95,0.97,100.0,0.04,3.95,0.03,100.0,0.29,50.0,0.39,50.0,0.25,0.25,0.093524,1776217795000
1776217796.802,296.802,0.71,50.0,0.61,50.0,0.97,96.93,0.98,15.0,0.03,100.0,0.02,15.0,0.29,50.0,0.39,50.0,0.26,0.26,0.093524,1776217795000
1776217797.36,297.36,0.71,50.0,0.61,50.0,0.97,90.74,0.98,15.0,0.03,96.93,0.02,15.0,0.29,50.0,0.39,50.0,0.26,0.26,0.093525,1776217796000
1776217798.097,298.097,0.71,50.0,0.61,50.0,0.97,89.61,0.98,15.0,0.03,89.61,0.02,15.0,0.29,50.0,0.39,50.0,0.26,0.26,0.093527,1776217797000
1776217798.334,298.334,0.71,50.0,0.61,50.0,0.97,87.54,0.98,15.0,0.03,89.61,0.02,15.0,0.29,50.0,0.39,50.0,0.26,0.26,0.093527,1776217797000
1776217798.742,298.742,0.71,50.0,0.61,50.0,0.97,65.79,0.98,15.0,0.03,86.41,0.02,15.0,0.29,50.0,0.39,50.0,0.26,0.26,0.093527,1776217797000
1776217799.068,299.068,0.71,50.0,0.61,50.0,0.97,43.46,0.98,15.0,0.03,65.79,0.02,15.0,0.29,50.0,0.39,50.0,0.26,0.26,0.093527,1776217797000
1776217799.638,299.638,0.77,5.0,0.6,6.0,0.97,42.42,0.98,15.0,0.03,43.46,0.02,15.0,0.29,50.0,0.39,50.0,0.2,0.26,0.09353,1776217798000
1776217800.014,300.014,0.8,5.0,0.79,9.0,0.97,37.42,0.98,15.0,0.03,42.42,0.02,15.0,0.23,5.0,0.4,6.0,0.17,0.2,0.09353,1776217798000
1776217800.364,300.364,0.8,5.0,0.79,9.0,0.97,17.48,0.98,15.0,0.03,37.42,0.02,15.0,0.2,5.0,0.21,9.0,0.17,0.17,0.09353,1776217798000
1776217801.041,301.041,0.99,124.68,0.97,5.15,,,,,,,,,0.01,124.68,0.03,5.15,,,0.09353,1776217800000
1776217802.236,302.236,0.99,124.68,0.97,5.15,,,,,,,,,0.01,124.68,0.03,5.15,,,0.09353,1776217801000

# RESULT,winner=Up,slug=doge-updown-5m-1776217500,ticks=320
