timestamp,elapsed_sec,up_bid_p1,up_bid_s1,up_bid_p2,up_bid_s2,up_ask_p1,up_ask_s1,up_ask_p2,up_ask_s2,down_bid_p1,down_bid_s1,down_bid_p2,down_bid_s2,down_ask_p1,down_ask_s1,down_ask_p2,down_ask_s2,up_spread,down_spread,doge_price,doge_oracle_ts
1776212101.494,1.494,0.33,300.0,0.31,375.0,0.67,300.0,0.69,375.0,0.33,300.0,0.31,375.0,0.67,300.0,0.69,375.0,0.34,0.34,0.093521,1776212100000
1776212101.859,1.859,0.33,300.0,0.31,375.0,0.67,300.0,0.69,375.0,0.33,300.0,0.31,375.0,0.67,300.0,0.69,375.0,0.34,0.34,0.093521,1776212100000
1776212102.14,2.14,0.33,300.0,0.31,375.0,0.67,300.0,0.69,375.0,0.33,300.0,0.31,375.0,0.67,300.0,0.69,375.0,0.34,0.34,0.093527,1776212101000
1776212103.125,3.125,0.33,300.0,0.31,375.0,0.67,300.0,0.69,375.0,0.33,300.0,0.31,375.0,0.67,300.0,0.69,375.0,0.34,0.34,0.093531,1776212102000
1776212104.097,4.097,0.33,300.0,0.31,375.0,0.67,300.0,0.69,375.0,0.33,300.0,0.31,375.0,0.67,300.0,0.69,375.0,0.34,0.34,0.093512,1776212103000
1776212105.162,5.162,0.33,300.0,0.31,375.0,0.67,300.0,0.69,375.0,0.33,300.0,0.31,375.0,0.67,300.0,0.69,375.0,0.34,0.34,0.093507,1776212104000
1776212106.198,6.198,0.33,300.0,0.31,375.0,0.67,300.0,0.69,375.0,0.33,300.0,0.31,375.0,0.67,300.0,0.69,375.0,0.34,0.34,0.093498,1776212105000
1776212107.295,7.295,0.33,300.0,0.31,375.0,0.67,300.0,0.69,375.0,0.33,300.0,0.31,375.0,0.67,300.0,0.69,375.0,0.34,0.34,0.093483,1776212106000
1776212108.302,8.302,0.33,300.0,0.31,375.0,0.67,300.0,0.69,375.0,0.33,300.0,0.31,375.0,0.67,300.0,0.69,375.0,0.34,0.34,0.09347,1776212107000
1776212108.831,8.831,0.33,300.0,0.31,375.0,0.67,300.0,0.69,375.0,0.33,300.0,0.31,375.0,0.67,300.0,0.69,375.0,0.34,0.34,0.09347,1776212108000
1776212109.324,9.324,0.26,5.0,0.24,10.0,0.34,5.0,0.38,5.0,0.33,300.0,0.31,375.0,0.67,300.0,0.69,375.0,0.08,0.34,0.09347,1776212108000
1776212109.913,9.913,0.26,5.0,0.24,10.0,0.34,5.0,0.38,5.0,0.66,5.0,0.62,5.0,0.74,5.0,0.76,10.0,0.08,0.08,0.09347,1776212109000
1776212110.869,10.869,0.26,5.0,0.24,10.0,0.34,5.0,0.38,5.0,0.66,5.0,0.62,5.0,0.74,5.0,0.76,10.0,0.08,0.08,0.09347,1776212110000
1776212111.826,11.826,0.26,5.0,0.24,10.0,0.34,5.0,0.38,5.0,0.66,5.0,0.62,5.0,0.74,5.0,0.76,10.0,0.08,0.08,0.09347,1776212111000
1776212113.279,13.279,0.26,5.0,0.24,10.0,0.34,5.0,0.38,5.0,0.66,5.0,0.62,5.0,0.74,5.0,0.76,10.0,0.08,0.08,0.093469,1776212112000
1776212114.532,14.532,0.26,5.0,0.24,10.0,0.34,5.0,0.38,5.0,0.66,5.0,0.62,5.0,0.74,5.0,0.76,10.0,0.08,0.08,0.093469,1776212113000
1776212115.231,15.231,0.26,5.0,0.24,10.0,0.34,5.0,0.38,5.0,0.66,5.0,0.62,5.0,0.74,5.0,0.76,10.0,0.08,0.08,0.093469,1776212114000
1776212117.135,17.135,0.26,5.0,0.24,10.0,0.34,5.0,0.38,5.0,0.66,5.0,0.62,5.0,0.74,5.0,0.76,10.0,0.08,0.08,0.093455,1776212115000
1776212117.856,17.856,0.26,5.0,0.24,10.0,0.34,5.0,0.38,5.0,0.66,5.0,0.62,5.0,0.74,5.0,0.76,10.0,0.08,0.08,0.093429,1776212116000
1776212118.666,18.666,0.26,5.0,0.24,10.0,0.34,5.0,0.38,5.0,0.66,5.0,0.62,5.0,0.74,5.0,0.76,10.0,0.08,0.08,0.093429,1776212117000
1776212119.269,19.269,0.26,5.0,0.24,10.0,0.34,5.0,0.38,5.0,0.66,5.0,0.62,5.0,0.74,5.0,0.76,10.0,0.08,0.08,0.093427,1776212118000
1776212120.814,20.814,0.26,5.0,0.24,10.0,0.34,5.0,0.38,5.0,0.66,5.0,0.62,5.0,0.74,5.0,0.76,10.0,0.08,0.08,0.093429,1776212119000
1776212121.644,21.644,0.26,5.0,0.24,10.0,0.34,5.0,0.38,5.0,0.66,5.0,0.62,5.0,0.74,5.0,0.76,10.0,0.08,0.08,0.09342,1776212120000
1776212122.384,22.384,0.26,5.0,0.24,10.0,0.34,5.0,0.38,5.0,0.66,5.0,0.62,5.0,0.74,5.0,0.76,10.0,0.08,0.08,0.093422,1776212121000
1776212123.286,23.286,0.26,5.0,0.24,10.0,0.34,5.0,0.38,5.0,0.66,5.0,0.62,5.0,0.74,5.0,0.76,10.0,0.08,0.08,0.093421,1776212122000
1776212124.747,24.747,0.26,5.0,0.24,10.0,0.34,5.0,0.38,5.0,0.66,5.0,0.62,5.0,0.74,5.0,0.76,10.0,0.08,0.08,0.093422,1776212123000
1776212125.477,25.477,0.26,5.0,0.24,10.0,0.34,5.0,0.38,5.0,0.66,5.0,0.62,5.0,0.74,5.0,0.76,10.0,0.08,0.08,0.093423,1776212124000
1776212126.305,26.305,0.26,5.0,0.24,10.0,0.34,5.0,0.38,5.0,0.66,5.0,0.62,5.0,0.74,5.0,0.76,10.0,0.08,0.08,0.09342,1776212125000
1776212127.055,27.055,0.26,5.0,0.24,10.0,0.34,5.0,0.38,5.0,0.66,5.0,0.62,5.0,0.74,5.0,0.76,10.0,0.08,0.08,0.09342,1776212126000
1776212128.695,28.695,0.26,5.0,0.24,10.0,0.34,5.0,0.38,5.0,0.66,5.0,0.62,5.0,0.74,5.0,0.76,10.0,0.08,0.08,0.09342,1776212127000
1776212129.374,29.374,0.26,5.0,0.24,10.0,0.34,5.0,0.38,5.0,0.66,5.0,0.62,5.0,0.74,5.0,0.76,10.0,0.08,0.08,0.09342,1776212128000
1776212130.191,30.191,0.26,5.0,0.24,10.0,0.34,5.0,0.38,5.0,0.66,5.0,0.62,5.0,0.74,5.0,0.76,10.0,0.08,0.08,0.09342,1776212129000
1776212130.752,30.752,0.17,20.0,0.14,20.0,0.26,5.0,0.31,50.0,0.66,5.0,0.62,5.0,0.74,5.0,0.76,10.0,0.09,0.08,0.09342,1776212129000
1776212131.639,31.639,0.17,20.0,0.14,20.0,0.26,5.0,0.31,50.0,0.74,5.0,0.69,50.0,0.83,20.0,0.86,20.0,0.09,0.09,0.093426,1776212130000
1776212132.642,32.642,0.17,20.0,0.14,20.0,0.26,5.0,0.31,50.0,0.74,5.0,0.69,50.0,0.83,20.0,0.86,20.0,0.09,0.09,0.093434,1776212131000
1776212133.245,33.245,0.17,20.0,0.14,20.0,0.26,5.0,0.31,50.0,0.74,5.0,0.69,50.0,0.83,20.0,0.86,20.0,0.09,0.09,0.093437,1776212132000
1776212134.525,34.525,0.17,20.0,0.14,20.0,0.26,5.0,0.31,50.0,0.74,5.0,0.69,50.0,0.83,20.0,0.86,20.0,0.09,0.09,0.093436,1776212133000
1776212135.056,35.056,0.17,20.0,0.14,20.0,0.26,5.0,0.31,50.0,0.74,5.0,0.69,50.0,0.83,20.0,0.86,20.0,0.09,0.09,0.093436,1776212134000
1776212136.131,36.131,0.17,20.0,0.14,20.0,0.26,5.0,0.31,50.0,0.74,5.0,0.69,50.0,0.83,20.0,0.86,20.0,0.09,0.09,0.093437,1776212135000
1776212137.276,37.276,0.17,20.0,0.14,20.0,0.26,5.0,0.31,50.0,0.74,5.0,0.69,50.0,0.83,20.0,0.86,20.0,0.09,0.09,0.093437,1776212136000
1776212138.37,38.37,0.17,20.0,0.14,20.0,0.26,5.0,0.31,50.0,0.74,5.0,0.69,50.0,0.83,20.0,0.86,20.0,0.09,0.09,0.093437,1776212137000
1776212138.992,38.992,0.17,20.0,0.14,20.0,0.26,5.0,0.31,50.0,0.74,5.0,0.69,50.0,0.83,20.0,0.86,20.0,0.09,0.09,0.093437,1776212138000
1776212140.006,40.006,0.17,20.0,0.14,20.0,0.26,5.0,0.31,50.0,0.74,5.0,0.69,50.0,0.83,20.0,0.86,20.0,0.09,0.09,0.093436,1776212139000
1776212141.134,41.134,0.17,20.0,0.14,20.0,0.26,5.0,0.31,50.0,0.74,5.0,0.69,50.0,0.83,20.0,0.86,20.0,0.09,0.09,0.093436,1776212140000
1776212141.905,41.905,0.17,14.03,0.14,36.6,0.24,5.0,0.26,5.0,0.74,5.0,0.69,50.0,0.83,20.0,0.86,20.0,0.07,0.09,0.093436,1776212140000
1776212142.133,42.133,0.17,14.03,0.14,36.6,0.24,5.0,0.26,5.0,0.76,5.0,0.74,5.0,0.83,14.03,0.86,36.6,0.07,0.07,0.093437,1776212141000
1776212143.214,43.214,0.17,14.03,0.14,36.6,0.24,5.0,0.26,5.0,0.76,5.0,0.74,5.0,0.83,14.03,0.86,36.6,0.07,0.07,0.093437,1776212142000
1776212144.218,44.218,0.17,14.03,0.14,36.6,0.24,5.0,0.26,5.0,0.76,5.0,0.74,5.0,0.83,14.03,0.86,36.6,0.07,0.07,0.093437,1776212143000
1776212145.303,45.303,0.17,14.03,0.14,36.6,0.24,5.0,0.26,5.0,0.76,5.0,0.74,5.0,0.83,14.03,0.86,36.6,0.07,0.07,0.093439,1776212144000
1776212145.865,45.865,0.17,14.03,0.14,36.6,0.24,5.0,0.26,5.0,0.76,5.0,0.74,5.0,0.83,14.03,0.86,36.6,0.07,0.07,0.093439,1776212145000
1776212147.311,47.311,0.17,14.03,0.14,36.6,0.24,5.0,0.26,5.0,0.76,5.0,0.74,5.0,0.83,14.03,0.86,36.6,0.07,0.07,0.093441,1776212146000
1776212147.842,47.842,0.17,14.03,0.14,36.6,0.24,5.0,0.26,5.0,0.76,5.0,0.74,5.0,0.83,14.03,0.86,36.6,0.07,0.07,0.093441,1776212147000
1776212148.916,48.916,0.17,14.03,0.14,36.6,0.24,5.0,0.26,5.0,0.76,5.0,0.74,5.0,0.83,14.03,0.86,36.6,0.07,0.07,0.093441,1776212148000
1776212149.852,49.852,0.17,14.03,0.14,36.6,0.24,5.0,0.26,5.0,0.76,5.0,0.74,5.0,0.83,14.03,0.86,36.6,0.07,0.07,0.093441,1776212149000
1776212150.894,50.894,0.17,14.03,0.14,36.6,0.24,5.0,0.26,5.0,0.76,5.0,0.74,5.0,0.83,14.03,0.86,36.6,0.07,0.07,0.093438,1776212150000
1776212151.861,51.861,0.17,14.03,0.14,36.6,0.24,5.0,0.26,5.0,0.76,5.0,0.74,5.0,0.83,14.03,0.86,36.6,0.07,0.07,0.093435,1776212151000
1776212152.858,52.858,0.17,14.03,0.14,36.6,0.24,5.0,0.26,5.0,0.76,5.0,0.74,5.0,0.83,14.03,0.86,36.6,0.07,0.07,0.093434,1776212152000
1776212153.954,53.954,0.17,14.03,0.14,36.6,0.24,5.0,0.26,5.0,0.76,5.0,0.74,5.0,0.83,14.03,0.86,36.6,0.07,0.07,0.093434,1776212153000
1776212154.454,54.454,0.22,8.36,0.21,15.7,0.26,5.0,0.28,5.0,0.76,5.0,0.74,5.0,0.83,14.03,0.86,36.6,0.04,0.07,0.093434,1776212153000
1776212154.88,54.88,0.22,8.36,0.21,15.7,0.26,5.0,0.28,5.0,0.74,5.0,0.72,5.0,0.78,8.36,0.79,15.7,0.04,0.04,0.093434,1776212154000
1776212155.883,55.883,0.22,8.36,0.21,15.7,0.26,5.0,0.28,5.0,0.74,5.0,0.72,5.0,0.78,8.36,0.79,15.7,0.04,0.04,0.093434,1776212155000
1776212156.937,56.937,0.21,0.24,0.2,16.2,0.26,5.0,0.28,5.0,0.74,5.0,0.72,5.0,0.79,0.24,0.8,16.2,0.05,0.05,0.093434,1776212156000
1776212157.904,57.904,0.21,0.24,0.2,16.2,0.26,5.0,0.28,5.0,0.74,5.0,0.72,5.0,0.79,0.24,0.8,16.2,0.05,0.05,0.093433,1776212157000
1776212158.283,58.283,0.22,15.2,0.21,0.24,0.28,5.0,0.31,50.0,0.74,5.0,0.72,5.0,0.79,0.24,0.8,16.2,0.06,0.05,0.093433,1776212157000
1776212158.993,58.993,0.22,15.2,0.21,0.24,0.28,5.0,0.31,50.0,0.72,5.0,0.69,50.0,0.78,15.2,0.79,0.24,0.06,0.06,0.093433,1776212158000
1776212160.802,60.802,0.22,15.2,0.21,0.24,0.28,5.0,0.31,50.0,0.72,5.0,0.69,50.0,0.78,15.2,0.79,0.24,0.06,0.06,0.09344,1776212159000
1776212161.615,61.615,0.22,15.2,0.21,0.24,0.28,5.0,0.31,50.0,0.72,5.0,0.69,50.0,0.78,15.2,0.79,0.24,0.06,0.06,0.093441,1776212160000
1776212162.209,62.209,0.22,15.2,0.21,0.24,0.28,5.0,0.31,50.0,0.72,5.0,0.69,50.0,0.78,15.2,0.79,0.24,0.06,0.06,0.093441,1776212161000
1776212163.748,63.748,0.22,15.2,0.21,0.24,0.28,5.0,0.31,50.0,0.72,5.0,0.69,50.0,0.78,15.2,0.79,0.24,0.06,0.06,0.093436,1776212162000
1776212164.213,64.213,0.22,15.2,0.21,0.24,0.28,5.0,0.31,50.0,0.72,5.0,0.69,50.0,0.78,15.2,0.79,0.24,0.06,0.06,0.093442,1776212163000
1776212165.457,65.457,0.22,15.2,0.21,0.24,0.28,5.0,0.31,50.0,0.72,5.0,0.69,50.0,0.78,15.2,0.79,0.24,0.06,0.06,0.093444,1776212164000
1776212166.161,66.161,0.22,15.2,0.21,0.24,0.28,5.0,0.31,50.0,0.72,5.0,0.69,50.0,0.78,15.2,0.79,0.24,0.06,0.06,0.093444,1776212165000
1776212167.55,67.55,0.22,15.2,0.21,0.24,0.28,5.0,0.31,50.0,0.72,5.0,0.69,50.0,0.78,15.2,0.79,0.24,0.06,0.06,0.093444,1776212166000
1776212168.276,68.276,0.22,15.2,0.21,0.24,0.28,5.0,0.31,50.0,0.72,5.0,0.69,50.0,0.78,15.2,0.79,0.24,0.06,0.06,0.093444,1776212167000
1776212169.821,69.821,0.22,15.2,0.21,0.24,0.28,5.0,0.31,50.0,0.72,5.0,0.69,50.0,0.78,15.2,0.79,0.24,0.06,0.06,0.093444,1776212168000
1776212170.512,70.512,0.22,15.2,0.21,0.24,0.28,5.0,0.31,50.0,0.72,5.0,0.69,50.0,0.78,15.2,0.79,0.24,0.06,0.06,0.093456,1776212169000
1776212171.207,71.207,0.22,15.2,0.21,0.24,0.28,5.0,0.31,50.0,0.72,5.0,0.69,50.0,0.78,15.2,0.79,0.24,0.06,0.06,0.093455,1776212170000
1776212172.672,72.672,0.22,15.2,0.21,0.24,0.28,5.0,0.31,50.0,0.72,5.0,0.69,50.0,0.78,15.2,0.79,0.24,0.06,0.06,0.093454,1776212171000
1776212173.362,73.362,0.22,15.2,0.21,0.24,0.28,5.0,0.31,50.0,0.72,5.0,0.69,50.0,0.78,15.2,0.79,0.24,0.06,0.06,0.093449,1776212172000
1776212174.279,74.279,0.22,15.2,0.21,0.24,0.28,5.0,0.31,50.0,0.72,5.0,0.69,50.0,0.78,15.2,0.79,0.24,0.06,0.06,0.093448,1776212173000
1776212175.582,75.582,0.22,15.2,0.21,10.24,0.29,5.0,0.31,55.0,0.71,5.0,0.69,55.0,0.78,15.2,0.79,10.24,0.07,0.07,0.093447,1776212174000
1776212176.258,76.258,0.22,15.2,0.21,10.24,0.29,5.0,0.31,55.0,0.71,5.0,0.69,55.0,0.78,15.2,0.79,10.24,0.07,0.07,0.093447,1776212175000
1776212178.124,78.124,0.22,15.2,0.21,10.24,0.29,5.0,0.31,55.0,0.71,5.0,0.69,55.0,0.78,15.2,0.79,10.24,0.07,0.07,0.093443,1776212177000
1776212179.18,79.18,0.22,15.2,0.21,10.24,0.29,5.0,0.31,55.0,0.71,5.0,0.69,55.0,0.78,15.2,0.79,10.24,0.07,0.07,0.093443,1776212178000
1776212180.244,80.244,0.22,15.2,0.21,10.24,0.29,5.0,0.31,55.0,0.71,5.0,0.69,55.0,0.78,15.2,0.79,10.24,0.07,0.07,0.09344,1776212179000
1776212181.289,81.289,0.22,15.2,0.21,10.24,0.29,5.0,0.31,55.0,0.71,5.0,0.69,55.0,0.78,15.2,0.79,10.24,0.07,0.07,0.093439,1776212180000
1776212181.569,81.569,0.19,16.89,0.18,17.6,0.25,5.0,0.28,5.0,0.71,5.0,0.69,55.0,0.78,15.2,0.79,10.24,0.06,0.07,0.093439,1776212180000
1776212182.263,82.263,0.19,16.89,0.18,17.6,0.25,5.0,0.28,5.0,0.75,5.0,0.72,5.0,0.81,16.89,0.82,17.6,0.06,0.06,0.093439,1776212181000
1776212183.453,83.453,0.19,16.89,0.18,17.6,0.25,5.0,0.28,5.0,0.75,5.0,0.72,5.0,0.81,16.89,0.82,17.6,0.06,0.06,0.093438,1776212182000
1776212184.228,84.228,0.19,16.89,0.18,17.6,0.25,5.0,0.28,5.0,0.75,5.0,0.72,5.0,0.81,16.89,0.82,17.6,0.06,0.06,0.093438,1776212183000
1776212185.282,85.282,0.19,16.89,0.18,17.6,0.25,5.0,0.28,5.0,0.75,5.0,0.72,5.0,0.81,16.89,0.82,17.6,0.06,0.06,0.093439,1776212184000
1776212186.328,86.328,0.19,16.89,0.18,17.6,0.25,5.0,0.28,5.0,0.75,5.0,0.72,5.0,0.81,16.89,0.82,17.6,0.06,0.06,0.093438,1776212185000
1776212186.936,86.936,0.19,16.89,0.18,17.6,0.25,5.0,0.28,5.0,0.75,5.0,0.72,5.0,0.81,16.89,0.82,17.6,0.06,0.06,0.093438,1776212186000
1776212188.017,88.017,0.19,16.89,0.18,17.6,0.25,5.0,0.28,5.0,0.75,5.0,0.72,5.0,0.81,16.89,0.82,17.6,0.06,0.06,0.093428,1776212187000
1776212189.041,89.041,0.19,16.89,0.18,17.6,0.25,5.0,0.28,5.0,0.75,5.0,0.72,5.0,0.81,16.89,0.82,17.6,0.06,0.06,0.093428,1776212188000
1776212189.324,89.324,0.17,18.39,0.16,19.3,0.25,5.0,0.27,5.96,0.75,5.0,0.72,5.0,0.81,16.89,0.82,17.6,0.08,0.06,0.093428,1776212188000
1776212190.252,90.252,0.17,18.39,0.16,19.3,0.25,5.0,0.27,5.96,0.75,5.0,0.73,5.96,0.83,18.39,0.84,19.3,0.08,0.08,0.093428,1776212189000
1776212191.85,91.85,0.17,18.39,0.16,19.3,0.25,5.0,0.27,5.96,0.75,5.0,0.73,5.96,0.83,18.39,0.84,19.3,0.08,0.08,0.093428,1776212190000
1776212192.513,92.513,0.17,18.39,0.16,19.3,0.25,5.0,0.27,5.96,0.75,5.0,0.73,5.96,0.83,18.39,0.84,19.3,0.08,0.08,0.093429,1776212191000
1776212192.956,92.956,0.17,18.39,0.16,19.3,0.25,5.0,0.27,5.96,0.75,5.0,0.73,5.96,0.83,18.39,0.84,19.3,0.08,0.08,0.093429,1776212192000
1776212194.06,94.06,0.19,1.33,0.18,17.6,0.27,5.0,0.31,50.0,0.73,5.0,0.69,50.0,0.81,1.33,0.82,17.6,0.08,0.08,0.093433,1776212193000
1776212195.264,95.264,0.19,1.33,0.18,17.6,0.27,5.0,0.31,50.0,0.73,5.0,0.69,50.0,0.81,1.33,0.82,17.6,0.08,0.08,0.093444,1776212194000
1776212196.301,96.301,0.19,1.33,0.18,17.6,0.27,5.0,0.31,50.0,0.73,5.0,0.69,50.0,0.81,1.33,0.82,17.6,0.08,0.08,0.093446,1776212195000
1776212196.928,96.928,0.19,1.33,0.18,17.6,0.27,5.0,0.31,50.0,0.73,5.0,0.69,50.0,0.81,1.33,0.82,17.6,0.08,0.08,0.093446,1776212196000
1776212197.929,97.929,0.19,1.33,0.18,17.6,0.27,5.0,0.31,50.0,0.73,5.0,0.69,50.0,0.81,1.33,0.82,17.6,0.08,0.08,0.093446,1776212197000
1776212198.977,98.977,0.19,1.33,0.18,17.6,0.27,5.0,0.31,50.0,0.73,5.0,0.69,50.0,0.81,1.33,0.82,17.6,0.08,0.08,0.093446,1776212198000
1776212200.172,100.172,0.19,1.33,0.18,17.6,0.27,5.0,0.31,50.0,0.73,5.0,0.69,50.0,0.81,1.33,0.82,17.6,0.08,0.08,0.093445,1776212199000
1776212201.106,101.106,0.19,0.09,0.18,17.6,0.27,5.0,0.31,55.96,0.73,5.0,0.69,50.0,0.81,1.33,0.82,17.6,0.08,0.08,0.093445,1776212199000
1776212201.415,101.415,0.19,0.09,0.18,17.6,0.27,5.0,0.31,55.96,0.73,5.0,0.69,55.96,0.81,0.09,0.82,17.6,0.08,0.08,0.093432,1776212200000
1776212202.067,102.067,0.19,0.09,0.18,17.6,0.27,5.0,0.31,55.96,0.73,5.0,0.69,55.96,0.81,0.09,0.82,17.6,0.08,0.08,0.093444,1776212201000
1776212203.172,103.172,0.19,0.09,0.18,17.6,0.27,5.0,0.31,55.96,0.73,5.0,0.69,55.96,0.81,0.09,0.82,17.6,0.08,0.08,0.093444,1776212202000
1776212204.338,104.338,0.19,0.09,0.18,17.6,0.27,5.0,0.31,55.96,0.73,5.0,0.69,55.96,0.81,0.09,0.82,17.6,0.08,0.08,0.09344,1776212203000
1776212205.058,105.058,0.19,0.09,0.18,17.6,0.27,5.0,0.31,55.96,0.73,5.0,0.69,55.96,0.81,0.09,0.82,17.6,0.08,0.08,0.093438,1776212204000
1776212206.657,106.657,0.19,0.09,0.18,17.6,0.27,5.0,0.31,55.96,0.73,5.0,0.69,55.96,0.81,0.09,0.82,17.6,0.08,0.08,0.093438,1776212205000
1776212207.411,107.411,0.19,0.09,0.18,17.6,0.27,5.0,0.31,55.96,0.73,5.0,0.69,55.96,0.81,0.09,0.82,17.6,0.08,0.08,0.093438,1776212206000
1776212208.193,108.193,0.18,8.8,0.17,18.39,0.26,5.0,0.31,55.96,0.74,5.0,0.69,55.96,0.82,8.8,0.83,18.39,0.08,0.08,0.093439,1776212207000
1776212209.596,109.596,0.18,8.8,0.17,18.39,0.26,5.0,0.31,55.96,0.74,5.0,0.69,55.96,0.82,8.8,0.83,18.39,0.08,0.08,0.09344,1776212208000
1776212210.319,110.319,0.18,8.8,0.17,18.39,0.26,5.0,0.31,55.96,0.74,5.0,0.69,55.96,0.82,8.8,0.83,18.39,0.08,0.08,0.093441,1776212209000
1776212211.008,111.008,0.18,8.8,0.17,18.39,0.26,5.0,0.31,55.96,0.74,5.0,0.69,55.96,0.82,8.8,0.83,18.39,0.08,0.08,0.093444,1776212210000
1776212211.355,111.355,0.17,18.39,0.16,19.3,0.26,5.0,0.31,68.16,0.74,5.0,0.69,55.96,0.82,8.8,0.83,18.39,0.09,0.08,0.093444,1776212210000
1776212212.317,112.317,0.17,18.39,0.16,19.3,0.26,5.0,0.31,68.16,0.74,5.0,0.69,68.16,0.83,18.39,0.84,19.3,0.09,0.09,0.093445,1776212211000
1776212213.503,113.503,0.17,18.39,0.16,19.3,0.26,5.0,0.31,68.16,0.74,5.0,0.69,68.16,0.83,18.39,0.84,19.3,0.09,0.09,0.093445,1776212212000
1776212214.197,114.197,0.17,18.39,0.16,19.3,0.26,5.0,0.31,68.16,0.74,5.0,0.69,68.16,0.83,18.39,0.84,19.3,0.09,0.09,0.093445,1776212213000
1776212214.988,114.988,0.16,19.3,0.15,20.39,0.26,5.0,0.31,68.16,0.74,5.0,0.69,68.16,0.84,19.3,0.85,20.39,0.1,0.1,0.093445,1776212214000
1776212216.381,116.381,0.16,19.3,0.15,20.39,0.26,5.0,0.31,68.16,0.74,5.0,0.69,68.16,0.84,19.3,0.85,20.39,0.1,0.1,0.093447,1776212215000
1776212217.568,117.568,0.16,19.3,0.15,20.39,0.26,5.0,0.31,68.16,0.74,5.0,0.69,68.16,0.84,19.3,0.85,20.39,0.1,0.1,0.093447,1776212216000
1776212218.418,118.418,0.16,19.3,0.15,20.39,0.26,5.0,0.31,68.16,0.74,5.0,0.69,68.16,0.84,19.3,0.85,20.39,0.1,0.1,0.093447,1776212217000
1776212219.023,119.023,0.16,19.3,0.15,20.39,0.26,5.0,0.31,68.16,0.74,5.0,0.69,68.16,0.84,19.3,0.85,20.39,0.1,0.1,0.093443,1776212218000
1776212220.313,120.313,0.16,19.3,0.15,20.39,0.26,5.0,0.31,68.16,0.74,5.0,0.69,68.16,0.84,19.3,0.85,20.39,0.1,0.1,0.093444,1776212219000
1776212221.565,121.565,0.16,19.3,0.15,20.39,0.26,5.0,0.31,68.16,0.74,5.0,0.69,68.16,0.84,19.3,0.85,20.39,0.1,0.1,0.093445,1776212220000
1776212222.304,122.304,0.16,19.3,0.15,20.39,0.26,5.0,0.31,68.16,0.74,5.0,0.69,68.16,0.84,19.3,0.85,20.39,0.1,0.1,0.09347,1776212221000
1776212223.95,123.95,0.16,19.3,0.15,20.39,0.26,5.0,0.31,68.16,0.74,5.0,0.69,68.16,0.84,19.3,0.85,20.39,0.1,0.1,0.093488,1776212222000
1776212224.455,124.455,0.16,19.3,0.15,20.39,0.26,5.0,0.31,68.16,0.74,5.0,0.69,68.16,0.84,19.3,0.85,20.39,0.1,0.1,0.093488,1776212223000
1776212225.055,125.055,0.21,8.7,0.2,21.2,0.31,50.0,0.35,5.0,0.69,50.0,0.65,5.0,0.79,8.7,0.8,21.2,0.1,0.1,0.093488,1776212224000
1776212226.035,126.035,0.21,8.7,0.2,21.2,0.31,50.0,0.35,5.0,0.69,50.0,0.65,5.0,0.79,8.7,0.8,21.2,0.1,0.1,0.093484,1776212225000
1776212227.015,127.015,0.21,8.7,0.2,21.2,0.31,50.0,0.35,5.0,0.69,50.0,0.65,5.0,0.79,8.7,0.8,21.2,0.1,0.1,0.093473,1776212226000
1776212228.04,128.04,0.21,8.7,0.2,21.2,0.31,50.0,0.35,5.0,0.69,50.0,0.65,5.0,0.79,8.7,0.8,21.2,0.1,0.1,0.093467,1776212227000
1776212229.045,129.045,0.21,8.7,0.2,21.2,0.31,50.0,0.35,5.0,0.69,50.0,0.65,5.0,0.79,8.7,0.8,21.2,0.1,0.1,0.093467,1776212228000
1776212230.061,130.061,0.21,8.7,0.2,21.2,0.31,50.0,0.35,5.0,0.69,50.0,0.65,5.0,0.79,8.7,0.8,21.2,0.1,0.1,0.093467,1776212229000
1776212230.999,130.999,0.21,8.7,0.2,21.2,0.31,50.0,0.35,5.0,0.69,50.0,0.65,5.0,0.79,8.7,0.8,21.2,0.1,0.1,0.093468,1776212230000
1776212232.028,132.028,0.21,8.7,0.2,21.2,0.31,50.0,0.35,5.0,0.69,50.0,0.65,5.0,0.79,8.7,0.8,21.2,0.1,0.1,0.093468,1776212231000
1776212233.111,133.111,0.21,8.7,0.2,21.2,0.31,50.0,0.35,5.0,0.69,50.0,0.65,5.0,0.79,8.7,0.8,21.2,0.1,0.1,0.093469,1776212232000
1776212234.105,134.105,0.21,8.7,0.2,21.2,0.31,50.0,0.35,5.0,0.69,50.0,0.65,5.0,0.79,8.7,0.8,21.2,0.1,0.1,0.093474,1776212233000
1776212235.231,135.231,0.21,8.7,0.2,21.2,0.31,50.0,0.35,5.0,0.69,50.0,0.65,5.0,0.79,8.7,0.8,21.2,0.1,0.1,0.093469,1776212234000
1776212236.161,136.161,0.21,8.7,0.2,21.2,0.31,50.0,0.35,5.0,0.69,50.0,0.65,5.0,0.79,8.7,0.8,21.2,0.1,0.1,0.093469,1776212235000
1776212237.174,137.174,0.21,8.7,0.2,21.2,0.31,50.0,0.35,5.0,0.69,50.0,0.65,5.0,0.79,8.7,0.8,21.2,0.1,0.1,0.093469,1776212236000
1776212238.546,138.546,0.21,8.7,0.2,21.2,0.31,50.0,0.35,5.0,0.69,50.0,0.65,5.0,0.79,8.7,0.8,21.2,0.1,0.1,0.093466,1776212237000
1776212239.069,139.069,0.21,8.7,0.2,21.2,0.31,50.0,0.35,5.0,0.69,50.0,0.65,5.0,0.79,8.7,0.8,21.2,0.1,0.1,0.093466,1776212238000
1776212240.435,140.435,0.21,8.7,0.2,21.2,0.31,50.0,0.35,5.0,0.69,50.0,0.65,5.0,0.79,8.7,0.8,21.2,0.1,0.1,0.093466,1776212239000
1776212241.032,141.032,0.21,8.7,0.2,21.2,0.31,50.0,0.35,5.0,0.69,50.0,0.65,5.0,0.79,8.7,0.8,21.2,0.1,0.1,0.093466,1776212240000
1776212242.234,142.234,0.21,8.7,0.2,21.2,0.31,50.0,0.35,5.0,0.69,50.0,0.65,5.0,0.79,8.7,0.8,21.2,0.1,0.1,0.093463,1776212241000
1776212243.441,143.441,0.21,8.7,0.2,21.2,0.31,50.0,0.35,5.0,0.69,50.0,0.65,5.0,0.79,8.7,0.8,21.2,0.1,0.1,0.09346,1776212242000
1776212244.001,144.001,0.21,8.7,0.2,21.2,0.31,50.0,0.35,5.0,0.69,50.0,0.65,5.0,0.79,8.7,0.8,21.2,0.1,0.1,0.09346,1776212243000
1776212245.458,145.458,0.21,8.7,0.2,21.2,0.31,50.0,0.35,5.0,0.69,50.0,0.65,5.0,0.79,8.7,0.8,21.2,0.1,0.1,0.09346,1776212244000
1776212246.136,146.136,0.21,8.7,0.2,21.2,0.31,50.0,0.35,5.0,0.69,50.0,0.65,5.0,0.79,8.7,0.8,21.2,0.1,0.1,0.09346,1776212245000
1776212247.32,147.32,0.21,8.7,0.2,21.2,0.31,50.0,0.35,5.0,0.69,50.0,0.65,5.0,0.79,8.7,0.8,21.2,0.1,0.1,0.09346,1776212246000
1776212248.926,148.926,0.21,8.7,0.2,21.2,0.31,50.0,0.35,5.0,0.69,50.0,0.65,5.0,0.79,8.7,0.8,21.2,0.1,0.1,0.093458,1776212247000
1776212249.526,149.526,0.21,8.7,0.2,21.2,0.31,50.0,0.35,5.0,0.69,50.0,0.65,5.0,0.79,8.7,0.8,21.2,0.1,0.1,0.093454,1776212248000
1776212250.522,150.522,0.21,8.7,0.2,21.2,0.31,50.0,0.35,5.0,0.69,50.0,0.65,5.0,0.79,8.7,0.8,21.2,0.1,0.1,0.093455,1776212249000
1776212251.125,151.125,0.21,8.7,0.2,21.2,0.31,50.0,0.35,5.0,0.69,50.0,0.65,5.0,0.79,8.7,0.8,21.2,0.1,0.1,0.093455,1776212250000
1776212252.597,152.597,0.21,8.7,0.2,21.2,0.31,50.0,0.35,5.0,0.69,50.0,0.65,5.0,0.79,8.7,0.8,21.2,0.1,0.1,0.093468,1776212251000
1776212253.205,153.205,0.21,8.7,0.2,21.2,0.31,50.0,0.35,5.0,0.69,50.0,0.65,5.0,0.79,8.7,0.8,21.2,0.1,0.1,0.093476,1776212252000
1776212254.209,154.209,0.21,8.7,0.2,21.2,0.31,50.0,0.35,5.0,0.69,50.0,0.65,5.0,0.79,8.7,0.8,21.2,0.1,0.1,0.093476,1776212253000
1776212255.227,155.227,0.21,8.7,0.2,21.2,0.31,50.0,0.35,5.0,0.69,50.0,0.65,5.0,0.79,8.7,0.8,21.2,0.1,0.1,0.093474,1776212254000
1776212256.206,156.206,0.21,8.7,0.2,21.2,0.31,50.0,0.35,5.0,0.69,50.0,0.65,5.0,0.79,8.7,0.8,21.2,0.1,0.1,0.093475,1776212255000
1776212257.196,157.196,0.21,8.7,0.2,21.2,0.31,50.0,0.35,5.0,0.69,50.0,0.65,5.0,0.79,8.7,0.8,21.2,0.1,0.1,0.093476,1776212256000
1776212258.308,158.308,0.21,8.7,0.2,21.2,0.31,50.0,0.35,5.0,0.69,50.0,0.65,5.0,0.79,8.7,0.8,21.2,0.1,0.1,0.093477,1776212257000
1776212259.294,159.294,0.21,8.7,0.2,21.2,0.31,50.0,0.35,5.0,0.69,50.0,0.65,5.0,0.79,8.7,0.8,21.2,0.1,0.1,0.093477,1776212258000
1776212260.298,160.298,0.21,8.7,0.2,21.2,0.31,50.0,0.35,5.0,0.69,50.0,0.65,5.0,0.79,8.7,0.8,21.2,0.1,0.1,0.093475,1776212259000
1776212260.794,160.794,0.21,8.7,0.2,21.2,0.31,50.0,0.35,5.0,0.69,50.0,0.65,5.0,0.79,8.7,0.8,21.2,0.1,0.1,0.093476,1776212260000
1776212261.803,161.803,0.21,8.7,0.2,21.2,0.31,50.0,0.35,5.0,0.69,50.0,0.65,5.0,0.79,8.7,0.8,21.2,0.1,0.1,0.093475,1776212261000
1776212263.206,163.206,0.21,8.7,0.2,21.2,0.31,50.0,0.35,5.0,0.69,50.0,0.65,5.0,0.79,8.7,0.8,21.2,0.1,0.1,0.093474,1776212262000
1776212264.241,164.241,0.21,8.7,0.2,21.2,0.31,50.0,0.35,5.0,0.69,50.0,0.65,5.0,0.79,8.7,0.8,21.2,0.1,0.1,0.093473,1776212263000
1776212265.192,165.192,0.21,8.7,0.2,21.2,0.31,50.0,0.35,5.0,0.69,50.0,0.65,5.0,0.79,8.7,0.8,21.2,0.1,0.1,0.093472,1776212264000
1776212265.655,165.655,0.2,16.2,0.19,16.89,0.39,16.86,0.4,10.8,0.69,50.0,0.65,5.0,0.79,8.7,0.8,21.2,0.19,0.1,0.093472,1776212264000
1776212266.16,166.16,0.2,16.2,0.19,16.89,0.39,16.86,0.4,10.8,0.61,16.86,0.6,10.8,0.8,16.2,0.81,16.89,0.19,0.19,0.093478,1776212265000
1776212267.229,167.229,0.2,16.2,0.19,16.89,0.39,16.86,0.4,10.8,0.61,16.86,0.6,10.8,0.8,16.2,0.81,16.89,0.19,0.19,0.093478,1776212266000
1776212268.211,168.211,0.2,16.2,0.19,16.89,0.39,16.86,0.4,10.8,0.61,16.86,0.6,10.8,0.8,16.2,0.81,16.89,0.19,0.19,0.093478,1776212267000
1776212269.307,169.307,0.2,16.2,0.19,16.89,0.39,16.86,0.4,10.8,0.61,16.86,0.6,10.8,0.8,16.2,0.81,16.89,0.19,0.19,0.093476,1776212268000
1776212270.337,170.337,0.2,16.2,0.19,16.89,0.39,16.86,0.4,10.8,0.61,16.86,0.6,10.8,0.8,16.2,0.81,16.89,0.19,0.19,0.093469,1776212269000
1776212271.391,171.391,0.2,16.2,0.19,16.89,0.39,16.86,0.4,10.8,0.61,16.86,0.6,10.8,0.8,16.2,0.81,16.89,0.19,0.19,0.093469,1776212270000
1776212271.927,171.927,0.2,16.2,0.19,16.89,0.39,16.86,0.4,10.8,0.61,16.86,0.6,10.8,0.8,16.2,0.81,16.89,0.19,0.19,0.093468,1776212271000
1776212273.061,173.061,0.2,16.2,0.19,16.89,0.39,16.86,0.4,10.8,0.61,16.86,0.6,10.8,0.8,16.2,0.81,16.89,0.19,0.19,0.093468,1776212272000
1776212274.139,174.139,0.2,16.2,0.19,16.89,0.39,16.86,0.4,10.8,0.61,16.86,0.6,10.8,0.8,16.2,0.81,16.89,0.19,0.19,0.093456,1776212273000
1776212275.162,175.162,0.2,16.2,0.19,16.89,0.39,16.86,0.4,10.8,0.61,16.86,0.6,10.8,0.8,16.2,0.81,16.89,0.19,0.19,0.093454,1776212274000
1776212276.234,176.234,0.2,16.2,0.19,16.89,0.39,16.86,0.4,10.8,0.61,16.86,0.6,10.8,0.8,16.2,0.81,16.89,0.19,0.19,0.093451,1776212275000
1776212276.479,176.479,0.08,35.29,0.07,39.9,0.14,5.0,0.18,5.96,0.61,16.86,0.6,10.8,0.8,16.2,0.81,16.89,0.06,0.19,0.093451,1776212275000
1776212277.262,177.262,0.08,35.29,0.07,39.9,0.14,5.0,0.18,5.96,0.86,5.0,0.82,5.96,0.92,35.29,0.93,39.9,0.06,0.06,0.093431,1776212276000
1776212278.342,178.342,0.08,35.29,0.07,39.9,0.14,5.0,0.18,5.96,0.86,5.0,0.82,5.96,0.92,35.29,0.93,39.9,0.06,0.06,0.093416,1776212277000
1776212278.953,178.953,0.08,35.29,0.07,39.9,0.14,5.0,0.18,5.96,0.86,5.0,0.82,5.96,0.92,35.29,0.93,39.9,0.06,0.06,0.093416,1776212278000
1776212280.136,180.136,0.08,35.29,0.07,39.9,0.14,5.0,0.18,5.96,0.86,5.0,0.82,5.96,0.92,35.29,0.93,39.9,0.06,0.06,0.093416,1776212279000
1776212280.58,180.58,0.07,38.82,0.06,46.1,0.14,5.0,0.18,5.96,0.86,5.0,0.82,5.96,0.92,35.29,0.93,39.9,0.07,0.06,0.093416,1776212279000
1776212281.017,181.017,0.07,38.82,0.06,46.1,0.14,5.0,0.18,5.96,0.86,5.0,0.82,5.96,0.93,38.82,0.94,46.1,0.07,0.07,0.093416,1776212280000
1776212282.155,182.155,0.07,38.82,0.06,46.1,0.14,5.0,0.18,5.96,0.86,5.0,0.82,5.96,0.93,38.82,0.94,46.1,0.07,0.07,0.093416,1776212281000
1776212282.83,182.83,0.03,211.1,0.02,147.69,0.07,5.0,0.09,5.96,0.86,5.0,0.82,5.96,0.93,38.82,0.94,46.1,0.04,0.07,0.093416,1776212281000
1776212283.213,183.213,0.03,211.1,0.02,147.69,0.07,5.0,0.09,5.96,0.93,5.0,0.91,5.96,0.97,211.1,0.98,147.69,0.04,0.04,0.0934,1776212282000
1776212284.202,184.202,0.03,70.8,0.02,147.69,0.06,10.96,0.1,20.0,0.93,5.0,0.91,5.96,0.97,211.1,0.98,147.69,0.03,0.04,0.0934,1776212282000
1776212284.765,184.765,0.03,70.8,0.02,147.69,0.06,10.96,0.1,20.0,0.94,10.96,0.9,20.0,0.97,70.8,0.98,147.69,0.03,0.03,0.093367,1776212283000
1776212285.379,185.379,0.03,70.8,0.02,147.69,0.06,10.96,0.1,20.0,0.94,10.96,0.9,20.0,0.97,70.8,0.98,147.69,0.03,0.03,0.093363,1776212284000
1776212285.94,185.94,0.03,70.8,0.02,147.69,0.06,10.96,0.1,20.0,0.94,10.96,0.9,20.0,0.97,70.8,0.98,147.69,0.03,0.03,0.093354,1776212285000
1776212286.359,186.359,0.03,70.8,0.02,147.69,0.07,5.38,0.09,31.7,0.94,10.96,0.9,20.0,0.97,70.8,0.98,147.69,0.04,0.03,0.093354,1776212285000
1776212287.072,187.072,0.03,70.8,0.02,147.69,0.07,5.38,0.09,31.7,0.93,5.38,0.91,31.7,0.97,70.8,0.98,147.69,0.04,0.04,0.093341,1776212286000
1776212288.142,188.142,0.03,70.8,0.02,147.69,0.07,5.38,0.09,31.7,0.93,5.38,0.91,31.7,0.97,70.8,0.98,147.69,0.04,0.04,0.093347,1776212287000
1776212288.41,188.41,0.03,70.8,0.02,15.0,0.06,11.37,0.07,67.28,0.93,5.38,0.91,31.7,0.97,70.8,0.98,147.69,0.03,0.04,0.093347,1776212287000
1776212289.042,189.042,0.06,32.62,0.03,70.8,0.07,67.28,0.08,35.29,0.93,67.28,0.92,35.29,0.94,34.73,0.97,70.8,0.01,0.01,0.093347,1776212287000
1776212289.391,189.391,0.03,45.42,0.02,15.0,0.05,7.38,0.07,67.28,0.95,7.38,0.93,67.28,0.97,70.8,0.98,15.0,0.02,0.02,0.093347,1776212287000
1776212289.706,189.706,0.03,45.42,0.02,15.0,0.05,7.38,0.07,67.28,0.95,7.38,0.93,67.28,0.97,45.42,0.98,15.0,0.02,0.02,0.093336,1776212288000
1776212290.262,190.262,0.03,45.42,0.02,15.0,0.05,7.38,0.07,67.28,0.95,7.38,0.93,67.28,0.97,45.42,0.98,15.0,0.02,0.02,0.093339,1776212289000
1776212291.6,191.6,0.03,45.42,0.02,15.0,0.05,62.08,0.07,67.28,0.95,62.08,0.93,67.28,0.97,45.42,0.98,15.0,0.02,0.02,0.093338,1776212290000
1776212292.04,192.04,0.03,45.42,0.02,15.0,0.05,62.08,0.07,67.28,0.95,62.08,0.93,67.28,0.97,45.42,0.98,15.0,0.02,0.02,0.093339,1776212291000
1776212293.223,193.223,0.03,45.42,0.02,15.0,0.05,62.08,0.07,67.28,0.95,62.08,0.93,67.28,0.97,45.42,0.98,15.0,0.02,0.02,0.093324,1776212292000
1776212293.484,193.484,0.03,45.42,0.02,15.0,0.05,62.08,0.07,87.28,0.95,62.08,0.93,67.28,0.97,45.42,0.98,15.0,0.02,0.02,0.093324,1776212292000
1776212294.059,194.059,0.03,43.35,0.02,15.0,0.05,62.08,0.07,81.9,0.95,62.08,0.93,87.28,0.97,45.42,0.98,15.0,0.02,0.02,0.093324,1776212292000
1776212294.48,194.48,0.03,43.35,0.02,15.0,0.05,62.08,0.07,81.9,0.95,62.08,0.93,81.9,0.97,43.35,0.98,15.0,0.02,0.02,0.093309,1776212293000
1776212295.055,195.055,0.03,43.35,0.02,15.0,0.05,62.08,0.07,81.9,0.95,62.08,0.93,81.9,0.97,43.35,0.98,15.0,0.02,0.02,0.093309,1776212294000
1776212296.845,196.845,0.03,43.35,0.02,15.0,0.05,62.08,0.07,81.9,0.95,62.08,0.93,81.9,0.97,43.35,0.98,15.0,0.02,0.02,0.093307,1776212295000
1776212297.435,197.435,0.03,43.35,0.02,15.0,0.05,62.08,0.07,81.9,0.95,62.08,0.93,81.9,0.97,43.35,0.98,15.0,0.02,0.02,0.093307,1776212296000
1776212297.936,197.936,0.03,43.35,0.02,15.0,0.05,62.08,0.07,81.9,0.95,62.08,0.93,81.9,0.97,43.35,0.98,15.0,0.02,0.02,0.093309,1776212297000
1776212299.123,199.123,0.03,43.35,0.02,15.0,0.05,62.08,0.07,81.9,0.95,62.08,0.93,81.9,0.97,43.35,0.98,15.0,0.02,0.02,0.093311,1776212298000
1776212300.289,200.289,0.03,38.19,0.02,15.0,0.04,67.7,0.05,62.08,0.95,62.08,0.93,81.9,0.97,43.35,0.98,15.0,0.01,0.02,0.093311,1776212298000
1776212300.499,200.499,0.02,15.0,0.01,165.0,0.03,5.16,0.04,67.7,0.96,67.7,0.95,62.08,0.97,38.19,0.98,15.0,0.01,0.01,0.093306,1776212299000
1776212301.318,201.318,0.02,15.0,0.01,165.0,0.03,5.16,0.04,67.7,0.97,5.16,0.96,67.7,0.98,15.0,0.99,165.0,0.01,0.01,0.093305,1776212300000
1776212301.839,201.839,0.02,15.0,0.01,165.0,0.03,5.16,0.04,67.7,0.97,5.16,0.96,67.7,0.98,15.0,0.99,165.0,0.01,0.01,0.093305,1776212301000
1776212303.0,203.0,0.02,15.0,0.01,165.0,0.03,5.16,0.04,67.7,0.97,5.16,0.96,67.7,0.98,15.0,0.99,165.0,0.01,0.01,0.093299,1776212302000
1776212304.138,204.138,0.02,15.0,0.01,165.0,0.03,5.16,0.04,67.7,0.97,5.16,0.96,67.7,0.98,15.0,0.99,165.0,0.01,0.01,0.093298,1776212303000
1776212305.221,205.221,0.02,15.0,0.01,165.0,0.03,5.16,0.04,67.7,0.97,5.16,0.96,67.7,0.98,15.0,0.99,165.0,0.01,0.01,0.093298,1776212304000
1776212306.426,206.426,0.02,15.0,0.01,165.0,0.03,5.16,0.04,67.7,0.97,5.16,0.96,67.7,0.98,15.0,0.99,165.0,0.01,0.01,0.093298,1776212305000
1776212306.97,206.97,0.02,15.0,0.01,165.0,0.03,5.16,0.04,67.7,0.97,5.16,0.96,67.7,0.98,15.0,0.99,165.0,0.01,0.01,0.093298,1776212306000
1776212307.693,207.693,0.02,6.83,0.01,165.0,0.03,94.46,0.04,67.7,0.97,5.16,0.96,67.7,0.98,15.0,0.99,165.0,0.01,0.01,0.093298,1776212306000
1776212308.162,208.162,0.02,6.83,0.01,165.0,0.03,94.46,0.04,67.7,0.97,94.46,0.96,67.7,0.98,6.83,0.99,165.0,0.01,0.01,0.093298,1776212307000
1776212309.129,209.129,0.02,6.83,0.01,165.0,0.03,94.46,0.04,67.7,0.97,94.46,0.96,67.7,0.98,6.83,0.99,165.0,0.01,0.01,0.093298,1776212308000
1776212310.239,210.239,0.02,6.83,0.01,165.0,0.03,94.46,0.04,67.7,0.97,94.46,0.96,67.7,0.98,6.83,0.99,165.0,0.01,0.01,0.093298,1776212309000
1776212310.858,210.858,0.01,159.83,,,0.03,99.46,0.04,72.7,0.97,94.46,0.96,67.7,0.98,6.83,0.99,165.0,0.02,0.01,0.093298,1776212309000
1776212311.234,211.234,0.01,159.83,,,0.03,99.46,0.04,72.7,0.97,99.46,0.96,72.7,0.99,159.83,,,0.02,0.02,0.093298,1776212310000
1776212312.337,212.337,0.01,159.83,,,0.03,99.46,0.04,72.7,0.97,99.46,0.96,72.7,0.99,159.83,,,0.02,0.02,0.093298,1776212311000
1776212312.824,212.824,,,,,0.01,840.17,0.02,132.69,0.97,99.46,0.96,72.7,0.99,159.83,,,,0.02,0.093298,1776212311000
1776212313.162,213.162,,,,,0.01,835.17,0.02,132.69,0.99,840.17,0.98,132.69,,,,,,,0.093298,1776212311000
1776212314.257,214.257,,,,,0.01,835.17,0.02,132.69,0.99,835.17,0.98,132.69,,,,,,,0.093299,1776212313000
1776212315.21,215.21,,,,,0.01,843.14,0.02,132.69,0.99,843.14,0.98,132.69,,,,,,,0.0933,1776212314000
1776212316.18,216.18,,,,,0.01,843.14,0.02,132.69,0.99,843.14,0.98,132.69,,,,,,,0.093298,1776212315000
1776212316.43,216.43,,,,,0.01,813.21,0.02,132.69,0.99,843.14,0.98,132.69,,,,,,,0.093298,1776212315000
1776212317.137,217.137,,,,,0.01,813.21,0.02,132.69,0.99,813.21,0.98,132.69,,,,,,,0.093297,1776212316000
1776212318.201,218.201,,,,,0.01,813.21,0.02,132.69,0.99,813.21,0.98,132.69,,,,,,,0.093297,1776212317000
1776212319.118,219.118,,,,,0.01,813.21,0.02,132.69,0.99,813.21,0.98,132.69,,,,,,,0.093304,1776212318000
1776212320.102,220.102,,,,,0.01,813.21,0.02,132.69,0.99,813.21,0.98,132.69,,,,,,,0.093305,1776212319000
1776212321.116,221.116,,,,,0.01,813.21,0.02,132.69,0.99,813.21,0.98,132.69,,,,,,,0.093301,1776212320000
1776212322.032,222.032,,,,,0.01,813.21,0.02,132.69,0.99,813.21,0.98,132.69,,,,,,,0.093302,1776212321000
1776212323.14,223.14,,,,,0.01,813.21,0.02,132.69,0.99,813.21,0.98,132.69,,,,,,,0.093302,1776212322000
1776212324.317,224.317,,,,,0.01,813.21,0.02,132.69,0.99,813.21,0.98,132.69,,,,,,,0.093295,1776212323000
1776212324.94,224.94,,,,,0.01,813.21,0.02,132.69,0.99,813.21,0.98,132.69,,,,,,,0.093293,1776212324000
1776212326.164,226.164,,,,,0.01,813.21,0.02,132.69,0.99,813.21,0.98,132.69,,,,,,,0.093294,1776212325000
1776212327.453,227.453,,,,,0.01,813.21,0.02,132.69,0.99,813.21,0.98,132.69,,,,,,,0.093297,1776212326000
1776212327.996,227.996,,,,,0.01,813.21,0.02,132.69,0.99,813.21,0.98,132.69,,,,,,,0.093295,1776212327000
1776212329.016,229.016,,,,,0.01,813.21,0.02,132.69,0.99,813.21,0.98,132.69,,,,,,,0.093295,1776212328000
1776212330.148,230.148,,,,,0.07,34.52,0.08,35.29,0.93,34.52,0.92,35.29,,,,,,,0.093297,1776212329000
1776212330.386,230.386,0.01,10.16,,,0.07,34.52,0.08,55.29,0.93,34.52,0.92,35.29,,,,,0.06,,0.093297,1776212329000
1776212330.664,230.664,,,,,0.07,34.52,0.08,55.29,0.93,34.52,0.92,55.29,0.99,5.09,,,,0.06,0.093297,1776212329000
1776212331.289,231.289,,,,,0.07,34.52,0.08,55.29,0.93,34.52,0.92,55.29,,,,,,,0.093296,1776212330000
1776212331.927,231.927,,,,,0.07,34.52,0.08,55.29,0.93,34.52,0.92,55.29,,,,,,,0.093297,1776212331000
1776212333.067,233.067,,,,,0.07,34.52,0.08,55.29,0.93,34.52,0.92,55.29,,,,,,,0.093298,1776212332000
1776212334.251,234.251,,,,,0.07,34.52,0.08,55.29,0.93,34.52,0.92,55.29,,,,,,,0.093298,1776212333000
1776212335.458,235.458,,,,,0.07,34.52,0.08,55.29,0.93,34.52,0.92,55.29,,,,,,,0.093297,1776212334000
1776212335.988,235.988,,,,,0.07,34.52,0.08,55.29,0.93,34.52,0.92,55.29,,,,,,,0.093298,1776212335000
1776212337.101,237.101,,,,,0.07,34.52,0.08,55.29,0.93,34.52,0.92,55.29,,,,,,,0.093298,1776212336000
1776212338.329,238.329,,,,,0.07,34.52,0.08,55.29,0.93,34.52,0.92,55.29,,,,,,,0.093297,1776212337000
1776212339.187,239.187,,,,,0.07,34.52,0.08,55.29,0.93,34.52,0.92,55.29,,,,,,,0.093298,1776212338000
1776212340.275,240.275,,,,,0.07,34.52,0.08,55.29,0.93,34.52,0.92,55.29,,,,,,,0.093284,1776212339000
1776212341.354,241.354,,,,,0.07,34.52,0.08,55.29,0.93,34.52,0.92,55.29,,,,,,,0.093277,1776212340000
1776212341.907,241.907,,,,,0.07,34.52,0.08,55.29,0.93,34.52,0.92,55.29,,,,,,,0.093275,1776212341000
1776212343.041,243.041,,,,,0.07,34.52,0.08,55.29,0.93,34.52,0.92,55.29,,,,,,,0.093273,1776212342000
1776212344.105,244.105,,,,,0.07,34.52,0.08,55.29,0.93,34.52,0.92,55.29,,,,,,,0.093273,1776212343000
1776212345.103,245.103,,,,,0.07,34.52,0.08,55.29,0.93,34.52,0.92,55.29,,,,,,,0.093277,1776212344000
1776212346.257,246.257,,,,,0.07,34.52,0.08,55.29,0.93,34.52,0.92,55.29,,,,,,,0.093282,1776212345000
1776212347.315,247.315,,,,,0.07,34.52,0.08,55.29,0.93,34.52,0.92,55.29,,,,,,,0.093277,1776212346000
1776212347.878,247.878,,,,,0.07,34.52,0.08,55.29,0.93,34.52,0.92,55.29,,,,,,,0.093277,1776212347000
1776212349.125,249.125,,,,,0.07,34.52,0.08,55.29,0.93,34.52,0.92,55.29,,,,,,,0.093277,1776212348000
1776212350.17,250.17,,,,,0.07,34.52,0.08,55.29,0.93,34.52,0.92,55.29,,,,,,,0.093276,1776212349000
1776212351.217,251.217,,,,,0.07,34.52,0.08,55.29,0.93,34.52,0.92,55.29,,,,,,,0.093273,1776212350000
1776212352.254,252.254,,,,,0.07,34.52,0.08,55.29,0.93,34.52,0.92,55.29,,,,,,,0.093268,1776212351000
1776212353.368,253.368,,,,,0.07,34.52,0.08,55.29,0.93,34.52,0.92,55.29,,,,,,,0.093274,1776212352000
1776212354.002,254.002,,,,,0.07,34.52,0.08,55.29,0.93,34.52,0.92,55.29,,,,,,,0.093289,1776212353000
1776212355.085,255.085,,,,,0.07,34.52,0.08,55.29,0.93,34.52,0.92,55.29,,,,,,,0.093296,1776212354000
1776212356.531,256.531,,,,,0.07,34.52,0.08,55.29,0.93,34.52,0.92,55.29,,,,,,,0.093299,1776212355000
1776212357.155,257.155,,,,,0.07,34.52,0.08,55.29,0.93,34.52,0.92,55.29,,,,,,,0.0933,1776212356000
1776212358.455,258.455,,,,,0.07,34.52,0.08,55.29,0.93,34.52,0.92,55.29,,,,,,,0.093298,1776212357000
1776212359.037,259.037,,,,,0.07,34.52,0.08,55.29,0.93,34.52,0.92,55.29,,,,,,,0.093298,1776212358000
1776212360.288,260.288,,,,,0.07,34.52,0.08,55.29,0.93,34.52,0.92,55.29,,,,,,,0.093302,1776212359000
1776212361.025,261.025,,,,,0.07,34.52,0.08,55.29,0.93,34.52,0.92,55.29,,,,,,,0.093302,1776212360000
1776212362.314,262.314,,,,,0.07,34.52,0.08,55.29,0.93,34.52,0.92,55.29,,,,,,,0.093302,1776212361000
1776212363.194,263.194,,,,,0.07,34.52,0.08,55.29,0.93,34.52,0.92,55.29,,,,,,,0.093301,1776212362000
1776212364.514,264.514,,,,,0.07,34.52,0.08,55.29,0.93,34.52,0.92,55.29,,,,,,,0.0933,1776212363000
1776212365.165,265.165,,,,,0.07,34.52,0.08,55.29,0.93,34.52,0.92,55.29,,,,,,,0.0933,1776212364000
1776212366.564,266.564,,,,,0.07,34.52,0.08,55.29,0.93,34.52,0.92,55.29,,,,,,,0.093303,1776212365000
1776212367.218,267.218,,,,,0.07,34.52,0.08,55.29,0.93,34.52,0.92,55.29,,,,,,,0.093302,1776212366000
1776212368.762,268.762,,,,,0.07,34.52,0.08,55.29,0.93,34.52,0.92,55.29,,,,,,,0.093296,1776212367000
1776212369.523,269.523,,,,,0.07,34.52,0.08,55.29,0.93,34.52,0.92,55.29,,,,,,,0.093296,1776212368000
1776212370.624,270.624,,,,,0.07,34.52,0.08,55.29,0.93,34.52,0.92,55.29,,,,,,,0.093295,1776212369000
1776212371.299,271.299,,,,,0.07,34.52,0.08,55.29,0.93,34.52,0.92,55.29,,,,,,,0.093294,1776212370000
1776212371.972,271.972,,,,,0.07,34.52,0.08,55.29,0.93,34.52,0.92,55.29,,,,,,,0.093294,1776212371000
1776212373.143,273.143,,,,,0.07,34.52,0.08,55.29,0.93,34.52,0.92,55.29,,,,,,,0.093299,1776212372000
1776212374.741,274.741,,,,,0.07,34.52,0.08,55.29,0.93,34.52,0.92,55.29,,,,,,,0.093299,1776212373000
1776212375.427,275.427,,,,,0.07,34.52,0.08,55.29,0.93,34.52,0.92,55.29,,,,,,,0.093299,1776212374000
1776212376.089,276.089,,,,,0.07,34.52,0.08,55.29,0.93,34.52,0.92,55.29,,,,,,,0.093299,1776212375000
1776212377.355,277.355,,,,,0.07,34.52,0.08,55.29,0.93,34.52,0.92,55.29,,,,,,,0.093299,1776212376000
1776212378.554,278.554,,,,,0.07,34.52,0.08,55.29,0.93,34.52,0.92,55.29,,,,,,,0.093299,1776212377000
1776212379.21,279.21,,,,,0.07,34.52,0.08,55.29,0.93,34.52,0.92,55.29,,,,,,,0.093299,1776212378000
1776212380.613,280.613,,,,,0.07,34.52,0.08,55.29,0.93,34.52,0.92,55.29,,,,,,,0.093297,1776212379000
1776212381.288,281.288,,,,,0.07,34.52,0.08,55.29,0.93,34.52,0.92,55.29,,,,,,,0.093297,1776212380000
1776212382.536,282.536,,,,,0.07,34.52,0.08,55.29,0.93,34.52,0.92,55.29,,,,,,,0.093297,1776212381000
1776212383.148,283.148,,,,,0.07,34.52,0.08,55.29,0.93,34.52,0.92,55.29,,,,,,,0.093297,1776212382000
1776212384.347,284.347,,,,,0.07,34.52,0.08,55.29,0.93,34.52,0.92,55.29,,,,,,,0.093298,1776212383000
1776212384.939,284.939,,,,,0.07,34.52,0.08,55.29,0.93,34.52,0.92,55.29,,,,,,,0.093298,1776212384000
1776212386.221,286.221,,,,,0.07,34.52,0.08,55.29,0.93,34.52,0.92,55.29,,,,,,,0.093299,1776212385000
1776212387.104,287.104,,,,,0.07,34.52,0.08,55.29,0.93,34.52,0.92,55.29,,,,,,,0.093299,1776212386000
1776212388.115,288.115,,,,,0.07,34.52,0.08,55.29,0.93,34.52,0.92,55.29,,,,,,,0.093299,1776212387000
1776212389.067,289.067,,,,,0.07,34.52,0.08,55.29,0.93,34.52,0.92,55.29,,,,,,,0.093299,1776212388000
1776212390.108,290.108,,,,,0.07,34.52,0.08,55.29,0.93,34.52,0.92,55.29,,,,,,,0.093299,1776212389000
1776212391.182,291.182,,,,,0.07,34.52,0.08,55.29,0.93,34.52,0.92,55.29,,,,,,,0.093299,1776212390000
1776212392.124,292.124,,,,,0.07,34.52,0.08,55.29,0.93,34.52,0.92,55.29,,,,,,,0.093311,1776212391000
1776212393.129,293.129,,,,,0.07,34.52,0.08,55.29,0.93,34.52,0.92,55.29,,,,,,,0.093311,1776212392000
1776212394.154,294.154,,,,,0.07,34.52,0.08,55.29,0.93,34.52,0.92,55.29,,,,,,,0.09331,1776212393000
1776212395.181,295.181,,,,,0.07,34.52,0.08,55.29,0.93,34.52,0.92,55.29,,,,,,,0.09331,1776212394000
1776212396.122,296.122,,,,,0.07,34.52,0.08,55.29,0.93,34.52,0.92,55.29,,,,,,,0.093304,1776212395000
1776212397.122,297.122,,,,,0.07,34.52,0.08,55.29,0.93,34.52,0.92,55.29,,,,,,,0.093305,1776212396000
1776212398.138,298.138,,,,,0.07,34.52,0.08,55.29,0.93,34.52,0.92,55.29,,,,,,,0.093305,1776212397000
1776212399.293,299.293,,,,,0.07,34.52,0.08,55.29,0.93,34.52,0.92,55.29,,,,,,,0.093305,1776212398000
1776212400.7,300.7,,,,,0.07,34.52,0.08,55.29,0.93,34.52,0.92,55.29,,,,,,,0.093305,1776212399000

# RESULT,winner=Down,slug=doge-updown-5m-1776212100,ticks=327
