timestamp,elapsed_sec,up_bid_p1,up_bid_s1,up_bid_p2,up_bid_s2,up_bid_p3,up_bid_s3,up_bid_p4,up_bid_s4,up_bid_p5,up_bid_s5,up_ask_p1,up_ask_s1,up_ask_p2,up_ask_s2,up_ask_p3,up_ask_s3,up_ask_p4,up_ask_s4,up_ask_p5,up_ask_s5,down_bid_p1,down_bid_s1,down_bid_p2,down_bid_s2,down_bid_p3,down_bid_s3,down_bid_p4,down_bid_s4,down_bid_p5,down_bid_s5,down_ask_p1,down_ask_s1,down_ask_p2,down_ask_s2,down_ask_p3,down_ask_s3,down_ask_p4,down_ask_s4,down_ask_p5,down_ask_s5,up_spread,down_spread,doge_price,doge_oracle_ts
1776166511.536,11.536,0.45,10.0,0.39,22.0,0.38,20.0,0.37,10.0,0.36,10.0,0.56,10.0,0.6,12.0,0.61,50.0,0.63,10.0,0.64,20.0,0.44,10.0,0.4,12.0,0.39,50.0,0.37,10.0,0.36,20.0,0.55,10.0,0.61,22.0,0.62,20.0,0.63,10.0,0.64,10.0,0.11,0.11,0.094503,1776166510000
1776166511.988,11.988,0.45,10.0,0.39,22.0,0.38,20.0,0.37,10.0,0.36,10.0,0.56,10.0,0.6,12.0,0.61,50.0,0.63,10.0,0.64,20.0,0.44,10.0,0.4,12.0,0.39,50.0,0.37,10.0,0.36,20.0,0.55,10.0,0.61,22.0,0.62,20.0,0.63,10.0,0.64,10.0,0.11,0.11,0.094503,1776166510000
1776166512.995,12.995,0.45,10.0,0.39,22.0,0.38,20.0,0.37,10.0,0.36,10.0,0.56,10.0,0.6,12.0,0.61,50.0,0.63,10.0,0.64,20.0,0.44,10.0,0.4,12.0,0.39,50.0,0.37,10.0,0.36,20.0,0.55,10.0,0.61,22.0,0.62,20.0,0.63,10.0,0.64,10.0,0.11,0.11,0.094506,1776166512000
1776166513.969,13.969,0.45,10.0,0.39,22.0,0.38,20.0,0.37,10.0,0.36,10.0,0.56,10.0,0.6,12.0,0.61,50.0,0.63,10.0,0.64,20.0,0.44,10.0,0.4,12.0,0.39,50.0,0.37,10.0,0.36,20.0,0.55,10.0,0.61,22.0,0.62,20.0,0.63,10.0,0.64,10.0,0.11,0.11,0.094509,1776166513000
1776166514.967,14.967,0.45,10.0,0.39,22.0,0.38,20.0,0.37,10.0,0.36,10.0,0.56,10.0,0.6,12.0,0.61,50.0,0.63,10.0,0.64,20.0,0.44,10.0,0.4,12.0,0.39,50.0,0.37,10.0,0.36,20.0,0.55,10.0,0.61,22.0,0.62,20.0,0.63,10.0,0.64,10.0,0.11,0.11,0.094513,1776166514000
1776166515.971,15.971,0.45,10.0,0.39,22.0,0.38,20.0,0.37,10.0,0.36,10.0,0.56,10.0,0.6,12.0,0.61,50.0,0.63,10.0,0.64,20.0,0.44,10.0,0.4,12.0,0.39,50.0,0.37,10.0,0.36,20.0,0.55,10.0,0.61,22.0,0.62,20.0,0.63,10.0,0.64,10.0,0.11,0.11,0.094513,1776166515000
1776166517.102,17.102,0.45,10.0,0.39,22.0,0.38,20.0,0.37,10.0,0.36,10.0,0.56,10.0,0.6,12.0,0.61,50.0,0.63,10.0,0.64,20.0,0.44,10.0,0.4,12.0,0.39,50.0,0.37,10.0,0.36,20.0,0.55,10.0,0.61,22.0,0.62,20.0,0.63,10.0,0.64,10.0,0.11,0.11,0.094511,1776166516000
1776166518.083,18.083,0.45,10.0,0.39,22.0,0.38,20.0,0.37,10.0,0.36,10.0,0.56,10.0,0.6,12.0,0.61,50.0,0.63,10.0,0.64,20.0,0.44,10.0,0.4,12.0,0.39,50.0,0.37,10.0,0.36,20.0,0.55,10.0,0.61,22.0,0.62,20.0,0.63,10.0,0.64,10.0,0.11,0.11,0.094511,1776166517000
1776166518.997,18.997,0.45,10.0,0.39,22.0,0.38,20.0,0.37,10.0,0.36,10.0,0.56,10.0,0.6,12.0,0.61,50.0,0.63,10.0,0.64,20.0,0.44,10.0,0.4,12.0,0.39,50.0,0.37,10.0,0.36,20.0,0.55,10.0,0.61,22.0,0.62,20.0,0.63,10.0,0.64,10.0,0.11,0.11,0.094509,1776166518000
1776166520.022,20.022,0.45,10.0,0.39,22.0,0.38,20.0,0.37,10.0,0.36,10.0,0.56,10.0,0.6,12.0,0.61,50.0,0.63,10.0,0.64,20.0,0.44,10.0,0.4,12.0,0.39,50.0,0.37,10.0,0.36,20.0,0.55,10.0,0.61,22.0,0.62,20.0,0.63,10.0,0.64,10.0,0.11,0.11,0.094525,1776166519000
1776166521.053,21.053,0.45,10.0,0.39,22.0,0.38,20.0,0.37,10.0,0.36,10.0,0.56,10.0,0.6,12.0,0.61,50.0,0.63,10.0,0.64,20.0,0.44,10.0,0.4,12.0,0.39,50.0,0.37,10.0,0.36,20.0,0.55,10.0,0.61,22.0,0.62,20.0,0.63,10.0,0.64,10.0,0.11,0.11,0.094518,1776166520000
1776166521.997,21.997,0.45,10.0,0.39,22.0,0.38,20.0,0.37,10.0,0.36,10.0,0.56,10.0,0.6,12.0,0.61,50.0,0.63,10.0,0.64,20.0,0.44,10.0,0.4,12.0,0.39,50.0,0.37,10.0,0.36,20.0,0.55,10.0,0.61,22.0,0.62,20.0,0.63,10.0,0.64,10.0,0.11,0.11,0.094516,1776166521000
1776166522.973,22.973,0.45,10.0,0.39,22.0,0.38,20.0,0.37,10.0,0.36,10.0,0.56,10.0,0.6,12.0,0.61,50.0,0.63,10.0,0.64,20.0,0.44,10.0,0.4,12.0,0.39,50.0,0.37,10.0,0.36,20.0,0.55,10.0,0.61,22.0,0.62,20.0,0.63,10.0,0.64,10.0,0.11,0.11,0.094511,1776166522000
1776166523.935,23.935,0.45,10.0,0.39,22.0,0.38,20.0,0.37,10.0,0.36,10.0,0.56,10.0,0.6,12.0,0.61,50.0,0.63,10.0,0.64,20.0,0.44,10.0,0.4,12.0,0.39,50.0,0.37,10.0,0.36,20.0,0.55,10.0,0.61,22.0,0.62,20.0,0.63,10.0,0.64,10.0,0.11,0.11,0.094511,1776166523000
1776166524.972,24.972,0.45,10.0,0.39,22.0,0.38,20.0,0.37,10.0,0.36,10.0,0.56,10.0,0.6,12.0,0.61,50.0,0.63,10.0,0.64,20.0,0.44,10.0,0.4,12.0,0.39,50.0,0.37,10.0,0.36,20.0,0.55,10.0,0.61,22.0,0.62,20.0,0.63,10.0,0.64,10.0,0.11,0.11,0.094511,1776166524000
1776166526.365,26.365,0.45,10.0,0.39,22.0,0.38,20.0,0.37,10.0,0.36,10.0,0.56,10.0,0.6,12.0,0.61,50.0,0.63,10.0,0.64,20.0,0.44,10.0,0.4,12.0,0.39,50.0,0.37,10.0,0.36,20.0,0.55,10.0,0.61,22.0,0.62,20.0,0.63,10.0,0.64,10.0,0.11,0.11,0.094511,1776166525000
1776166527.522,27.522,0.45,10.0,0.39,22.0,0.38,20.0,0.37,10.0,0.36,10.0,0.56,10.0,0.6,12.0,0.61,50.0,0.63,10.0,0.64,20.0,0.44,10.0,0.4,12.0,0.39,50.0,0.37,10.0,0.36,20.0,0.55,10.0,0.61,22.0,0.62,20.0,0.63,10.0,0.64,10.0,0.11,0.11,0.094511,1776166526000
1776166527.961,27.961,0.45,10.0,0.39,22.0,0.38,20.0,0.37,10.0,0.36,10.0,0.56,10.0,0.6,12.0,0.61,50.0,0.63,10.0,0.64,20.0,0.44,10.0,0.4,12.0,0.39,50.0,0.37,10.0,0.36,20.0,0.55,10.0,0.61,22.0,0.62,20.0,0.63,10.0,0.64,10.0,0.11,0.11,0.094511,1776166527000
1776166529.028,29.028,0.45,10.0,0.39,22.0,0.38,20.0,0.37,10.0,0.36,10.0,0.56,10.0,0.6,12.0,0.61,50.0,0.63,10.0,0.64,20.0,0.44,10.0,0.4,12.0,0.39,50.0,0.37,10.0,0.36,20.0,0.55,10.0,0.61,22.0,0.62,20.0,0.63,10.0,0.64,10.0,0.11,0.11,0.094517,1776166528000
1776166530.131,30.131,0.45,10.0,0.39,22.0,0.38,20.0,0.37,10.0,0.36,10.0,0.56,10.0,0.6,12.0,0.61,50.0,0.63,10.0,0.64,20.0,0.44,10.0,0.4,12.0,0.39,50.0,0.37,10.0,0.36,20.0,0.55,10.0,0.61,22.0,0.62,20.0,0.63,10.0,0.64,10.0,0.11,0.11,0.094515,1776166529000
1776166531.258,31.258,0.45,10.0,0.39,22.0,0.38,20.0,0.37,10.0,0.36,10.0,0.56,10.0,0.6,12.0,0.61,50.0,0.63,10.0,0.64,20.0,0.44,10.0,0.4,12.0,0.39,50.0,0.37,10.0,0.36,20.0,0.55,10.0,0.61,22.0,0.62,20.0,0.63,10.0,0.64,10.0,0.11,0.11,0.094513,1776166530000
1776166532.238,32.238,0.5,0.69,0.46,10.0,0.45,11.0,0.41,50.0,0.4,10.0,0.53,10.63,0.57,5.0,0.58,5.0,0.64,10.0,0.65,20.0,0.47,10.63,0.43,5.0,0.42,5.0,0.36,10.0,0.35,20.0,0.5,0.69,0.54,10.0,0.55,11.0,0.59,50.0,0.6,10.0,0.03,0.03,0.094513,1776166531000
1776166533.38,33.38,0.5,0.69,0.46,10.0,0.45,11.0,0.41,50.0,0.4,10.0,0.53,10.63,0.57,5.0,0.58,5.0,0.64,10.0,0.65,20.0,0.47,10.63,0.43,5.0,0.42,5.0,0.36,10.0,0.35,20.0,0.5,0.69,0.54,10.0,0.55,11.0,0.59,50.0,0.6,10.0,0.03,0.03,0.094513,1776166532000
1776166533.995,33.995,0.5,0.69,0.46,10.0,0.45,11.0,0.41,50.0,0.4,10.0,0.53,10.63,0.57,5.0,0.58,5.0,0.64,10.0,0.65,20.0,0.47,10.63,0.43,5.0,0.42,5.0,0.36,10.0,0.35,20.0,0.5,0.69,0.54,10.0,0.55,11.0,0.59,50.0,0.6,10.0,0.03,0.03,0.094513,1776166533000
1776166534.967,34.967,0.5,0.69,0.46,10.0,0.43,11.0,0.41,50.0,0.4,20.0,0.53,5.98,0.57,5.0,0.58,5.0,0.64,23.0,0.65,10.0,0.47,10.63,0.43,5.0,0.42,5.0,0.36,10.0,0.35,20.0,0.5,0.69,0.54,10.0,0.55,11.0,0.59,50.0,0.6,10.0,0.03,0.03,0.094513,1776166533000
1776166536.1,36.1,0.5,0.69,0.46,10.0,0.43,11.0,0.41,50.0,0.4,20.0,0.53,5.98,0.57,5.0,0.58,5.0,0.64,23.0,0.65,10.0,0.47,5.98,0.43,5.0,0.42,5.0,0.36,23.0,0.35,10.0,0.5,0.69,0.54,10.0,0.57,11.0,0.59,50.0,0.6,20.0,0.03,0.03,0.094514,1776166535000
1776166537.235,37.235,0.5,0.69,0.46,10.0,0.43,11.0,0.41,50.0,0.4,20.0,0.53,5.98,0.57,5.0,0.58,5.0,0.64,23.0,0.65,10.0,0.47,5.98,0.43,5.0,0.42,5.0,0.36,23.0,0.35,10.0,0.5,0.69,0.54,10.0,0.57,11.0,0.59,50.0,0.6,20.0,0.03,0.03,0.094515,1776166536000
1776166538.489,38.489,0.5,0.69,0.46,10.0,0.43,11.0,0.41,50.0,0.4,20.0,0.53,5.98,0.57,5.0,0.58,5.0,0.64,23.0,0.65,10.0,0.47,5.98,0.43,5.0,0.42,5.0,0.36,23.0,0.35,10.0,0.5,0.69,0.54,10.0,0.57,11.0,0.59,50.0,0.6,20.0,0.03,0.03,0.094515,1776166537000
1776166538.916,38.916,0.5,0.69,0.46,10.0,0.43,11.0,0.41,50.0,0.4,20.0,0.53,5.98,0.57,5.0,0.58,5.0,0.64,23.0,0.65,10.0,0.47,5.98,0.43,5.0,0.42,5.0,0.36,23.0,0.35,10.0,0.5,0.69,0.54,10.0,0.57,11.0,0.59,50.0,0.6,20.0,0.03,0.03,0.094515,1776166538000
1776166540.444,40.444,0.5,0.69,0.46,10.0,0.43,11.0,0.41,50.0,0.4,20.0,0.53,5.98,0.57,5.0,0.58,5.0,0.64,23.0,0.65,10.0,0.47,5.98,0.43,5.0,0.42,5.0,0.36,23.0,0.35,10.0,0.5,0.69,0.54,10.0,0.57,11.0,0.59,50.0,0.6,20.0,0.03,0.03,0.094515,1776166539000
1776166540.975,40.975,0.5,0.69,0.46,10.0,0.43,11.0,0.41,50.0,0.4,20.0,0.53,5.98,0.57,5.0,0.58,5.0,0.64,23.0,0.65,10.0,0.47,5.98,0.43,5.0,0.42,5.0,0.36,23.0,0.35,10.0,0.5,0.69,0.54,10.0,0.57,11.0,0.59,50.0,0.6,20.0,0.03,0.03,0.094514,1776166540000
1776166542.038,42.038,0.5,0.69,0.46,10.0,0.43,11.0,0.41,50.0,0.4,20.0,0.53,5.98,0.57,5.0,0.58,5.0,0.64,23.0,0.65,10.0,0.47,5.98,0.43,5.0,0.42,5.0,0.36,23.0,0.35,10.0,0.5,0.69,0.54,10.0,0.57,11.0,0.59,50.0,0.6,20.0,0.03,0.03,0.094515,1776166541000
1776166542.992,42.992,0.5,0.69,0.46,10.0,0.43,11.0,0.41,50.0,0.4,20.0,0.53,5.98,0.57,5.0,0.58,5.0,0.64,23.0,0.65,10.0,0.47,5.98,0.43,5.0,0.42,5.0,0.36,23.0,0.35,10.0,0.5,0.69,0.54,10.0,0.57,11.0,0.59,50.0,0.6,20.0,0.03,0.03,0.094515,1776166542000
1776166543.965,43.965,0.5,0.69,0.46,10.0,0.43,11.0,0.41,50.0,0.4,20.0,0.53,5.98,0.57,5.0,0.58,5.0,0.64,23.0,0.65,10.0,0.47,5.98,0.43,5.0,0.42,5.0,0.36,23.0,0.35,10.0,0.5,0.69,0.54,10.0,0.57,11.0,0.59,50.0,0.6,20.0,0.03,0.03,0.094514,1776166543000
1776166544.955,44.955,0.5,0.69,0.46,10.0,0.43,11.0,0.41,50.0,0.4,20.0,0.53,5.98,0.57,5.0,0.58,5.0,0.64,23.0,0.65,10.0,0.47,5.98,0.43,5.0,0.42,5.0,0.36,23.0,0.35,10.0,0.5,0.69,0.54,10.0,0.57,11.0,0.59,50.0,0.6,20.0,0.03,0.03,0.094514,1776166544000
1776166546.585,46.585,0.51,5.0,0.5,0.69,0.49,5.0,0.47,10.0,0.43,20.0,0.53,0.98,0.61,5.0,0.62,5.0,0.67,10.0,0.68,10.0,0.47,5.98,0.43,5.0,0.42,5.0,0.36,23.0,0.35,10.0,0.5,0.69,0.54,10.0,0.57,11.0,0.59,50.0,0.6,20.0,0.02,0.03,0.094514,1776166544000
1776166546.837,46.837,0.51,5.0,0.5,0.69,0.49,5.0,0.47,10.0,0.43,20.0,0.53,0.98,0.61,5.0,0.62,5.0,0.67,10.0,0.68,10.0,0.47,0.98,0.39,5.0,0.38,5.0,0.33,10.0,0.32,10.0,0.49,5.0,0.5,0.69,0.51,5.0,0.53,10.0,0.57,20.0,0.02,0.02,0.094515,1776166545000
1776166547.387,47.387,0.51,5.0,0.5,0.69,0.49,5.0,0.47,10.0,0.43,20.0,0.53,0.98,0.61,5.0,0.62,5.0,0.67,10.0,0.68,10.0,0.47,0.98,0.39,5.0,0.38,5.0,0.33,10.0,0.32,10.0,0.49,5.0,0.5,0.69,0.51,5.0,0.53,10.0,0.57,20.0,0.02,0.02,0.094515,1776166546000
1776166547.71,47.71,0.49,5.0,0.48,5.0,0.45,11.0,0.42,10.0,0.41,60.0,0.53,0.98,0.6,5.0,0.61,5.0,0.66,10.0,0.67,25.0,0.47,0.98,0.39,5.0,0.38,5.0,0.33,10.0,0.32,10.0,0.49,5.0,0.5,0.69,0.51,5.0,0.53,10.0,0.57,20.0,0.04,0.02,0.094515,1776166546000
1776166548.056,48.056,0.49,5.0,0.48,5.0,0.45,11.0,0.42,10.0,0.41,60.0,0.53,0.98,0.6,5.0,0.61,5.0,0.66,10.0,0.67,25.0,0.47,0.98,0.4,5.0,0.39,5.0,0.34,10.0,0.33,25.0,0.51,5.0,0.52,5.0,0.55,11.0,0.58,10.0,0.59,60.0,0.04,0.04,0.094515,1776166547000
1776166549.019,49.019,0.49,5.0,0.48,5.0,0.45,11.0,0.42,10.0,0.41,60.0,0.53,0.98,0.6,5.0,0.61,5.0,0.66,10.0,0.67,25.0,0.47,0.98,0.4,5.0,0.39,5.0,0.34,10.0,0.33,25.0,0.51,5.0,0.52,5.0,0.55,11.0,0.58,10.0,0.59,60.0,0.04,0.04,0.094544,1776166548000
1776166549.65,49.65,0.51,55.0,0.49,5.0,0.45,11.0,0.43,10.0,0.42,20.0,0.61,5.0,0.63,5.0,0.66,14.0,0.67,10.0,0.68,20.0,0.47,0.98,0.4,5.0,0.39,5.0,0.34,10.0,0.33,25.0,0.51,5.0,0.52,5.0,0.55,11.0,0.58,10.0,0.59,60.0,0.1,0.04,0.094544,1776166548000
1776166550.238,50.238,0.51,55.0,0.49,5.0,0.45,11.0,0.43,10.0,0.42,20.0,0.61,5.0,0.63,5.0,0.66,14.0,0.67,10.0,0.68,20.0,0.39,5.0,0.37,5.0,0.34,14.0,0.33,10.0,0.32,20.0,0.49,55.0,0.51,5.0,0.55,11.0,0.57,10.0,0.58,20.0,0.1,0.1,0.094548,1776166549000
1776166551.065,51.065,0.51,55.0,0.49,5.0,0.45,11.0,0.43,10.0,0.42,20.0,0.61,5.0,0.63,5.0,0.66,14.0,0.67,10.0,0.68,20.0,0.39,5.0,0.37,5.0,0.34,14.0,0.33,10.0,0.32,20.0,0.49,55.0,0.51,5.0,0.55,11.0,0.57,10.0,0.58,20.0,0.1,0.1,0.094548,1776166550000
1776166552.134,52.134,0.51,55.0,0.49,5.0,0.45,11.0,0.43,10.0,0.42,20.0,0.61,5.0,0.63,5.0,0.66,14.0,0.67,10.0,0.68,20.0,0.39,5.0,0.37,5.0,0.34,14.0,0.33,10.0,0.32,20.0,0.49,55.0,0.51,5.0,0.55,11.0,0.57,10.0,0.58,20.0,0.1,0.1,0.094549,1776166551000
1776166553.384,53.384,0.51,55.0,0.49,5.0,0.45,11.0,0.43,10.0,0.42,20.0,0.61,5.0,0.63,5.0,0.66,14.0,0.67,10.0,0.68,20.0,0.39,5.0,0.37,5.0,0.34,14.0,0.33,10.0,0.32,20.0,0.49,55.0,0.51,5.0,0.55,11.0,0.57,10.0,0.58,20.0,0.1,0.1,0.094546,1776166552000
1776166554.648,54.648,0.51,55.0,0.49,5.0,0.45,11.0,0.43,10.0,0.42,20.0,0.61,5.0,0.63,5.0,0.66,14.0,0.67,10.0,0.68,20.0,0.39,5.0,0.37,5.0,0.34,14.0,0.33,10.0,0.32,20.0,0.49,55.0,0.51,5.0,0.55,11.0,0.57,10.0,0.58,20.0,0.1,0.1,0.094538,1776166553000
1776166555.147,55.147,0.51,55.0,0.49,5.0,0.45,11.0,0.43,10.0,0.42,20.0,0.61,5.0,0.63,5.0,0.66,14.0,0.67,10.0,0.68,20.0,0.39,5.0,0.37,5.0,0.34,14.0,0.33,10.0,0.32,20.0,0.49,55.0,0.51,5.0,0.55,11.0,0.57,10.0,0.58,20.0,0.1,0.1,0.094538,1776166554000
1776166556.542,56.542,0.51,55.0,0.49,5.0,0.45,11.0,0.43,10.0,0.42,20.0,0.61,5.0,0.63,5.0,0.66,14.0,0.67,10.0,0.68,20.0,0.39,5.0,0.37,5.0,0.34,14.0,0.33,10.0,0.32,20.0,0.49,55.0,0.51,5.0,0.55,11.0,0.57,10.0,0.58,20.0,0.1,0.1,0.094535,1776166555000
1776166557.118,57.118,0.51,55.0,0.49,5.0,0.45,11.0,0.43,10.0,0.42,20.0,0.61,5.0,0.63,5.0,0.66,14.0,0.67,10.0,0.68,20.0,0.39,5.0,0.37,5.0,0.34,14.0,0.33,10.0,0.32,20.0,0.49,55.0,0.51,5.0,0.55,11.0,0.57,10.0,0.58,20.0,0.1,0.1,0.09454,1776166556000
1776166558.323,58.323,0.51,55.0,0.49,5.0,0.45,11.0,0.43,10.0,0.42,20.0,0.61,5.0,0.63,5.0,0.66,14.0,0.67,10.0,0.68,20.0,0.39,5.0,0.37,5.0,0.34,14.0,0.33,10.0,0.32,20.0,0.49,55.0,0.51,5.0,0.55,11.0,0.57,10.0,0.58,20.0,0.1,0.1,0.094542,1776166557000
1776166559.656,59.656,0.51,55.0,0.49,5.0,0.45,11.0,0.43,10.0,0.42,20.0,0.61,5.0,0.63,5.0,0.66,14.0,0.67,10.0,0.68,20.0,0.39,5.0,0.37,5.0,0.34,14.0,0.33,10.0,0.32,20.0,0.49,55.0,0.51,5.0,0.55,11.0,0.57,10.0,0.58,20.0,0.1,0.1,0.094548,1776166558000
1776166560.444,60.444,0.51,55.0,0.49,5.0,0.45,11.0,0.43,10.0,0.42,20.0,0.61,5.0,0.63,5.0,0.66,14.0,0.67,10.0,0.68,20.0,0.39,5.0,0.37,5.0,0.34,14.0,0.33,10.0,0.32,20.0,0.49,55.0,0.51,5.0,0.55,11.0,0.57,10.0,0.58,20.0,0.1,0.1,0.094553,1776166559000
1776166561.089,61.089,0.51,55.0,0.49,5.0,0.45,11.0,0.43,10.0,0.42,20.0,0.61,5.0,0.63,5.0,0.66,14.0,0.67,10.0,0.68,20.0,0.39,5.0,0.37,5.0,0.34,14.0,0.33,10.0,0.32,20.0,0.49,55.0,0.51,5.0,0.55,11.0,0.57,10.0,0.58,20.0,0.1,0.1,0.094562,1776166560000
1776166562.375,62.375,0.51,55.0,0.49,5.0,0.45,11.0,0.43,10.0,0.42,20.0,0.61,5.0,0.63,5.0,0.66,14.0,0.67,10.0,0.68,20.0,0.39,5.0,0.37,5.0,0.34,14.0,0.33,10.0,0.32,20.0,0.49,55.0,0.51,5.0,0.55,11.0,0.57,10.0,0.58,20.0,0.1,0.1,0.094569,1776166561000
1776166562.825,62.825,0.61,45.0,0.57,5.0,0.54,14.0,0.51,50.0,0.48,20.0,0.66,5.0,0.69,5.0,0.72,22.9,0.73,23.2,0.74,33.5,0.39,5.0,0.37,5.0,0.34,14.0,0.33,10.0,0.32,20.0,0.49,55.0,0.51,5.0,0.55,11.0,0.57,10.0,0.58,20.0,0.05,0.1,0.094569,1776166561000
1776166563.04,63.04,0.61,45.0,0.57,5.0,0.54,14.0,0.51,50.0,0.48,20.0,0.66,5.0,0.69,5.0,0.72,22.9,0.73,23.2,0.74,33.5,0.34,5.0,0.31,5.0,0.28,22.9,0.27,23.2,0.26,33.5,0.39,45.0,0.43,5.0,0.46,14.0,0.49,50.0,0.52,20.0,0.05,0.05,0.094569,1776166562000
1776166563.395,63.395,0.61,45.0,0.57,5.0,0.54,14.0,0.51,50.0,0.48,20.0,0.69,5.0,0.72,22.9,0.73,23.2,0.74,33.5,0.75,43.9,0.34,5.0,0.31,5.0,0.28,22.9,0.27,23.2,0.26,33.5,0.39,45.0,0.43,5.0,0.46,14.0,0.49,50.0,0.52,20.0,0.08,0.05,0.094569,1776166562000
1776166564.444,64.444,0.61,45.0,0.57,5.0,0.54,14.0,0.51,50.0,0.48,20.0,0.69,5.0,0.72,22.9,0.73,23.2,0.74,33.5,0.75,43.9,0.31,5.0,0.28,22.9,0.27,23.2,0.26,33.5,0.25,43.9,0.39,45.0,0.43,5.0,0.46,14.0,0.49,50.0,0.52,20.0,0.08,0.08,0.094581,1776166563000
1776166565.158,65.158,0.61,45.0,0.57,5.0,0.54,14.0,0.51,50.0,0.48,20.0,0.69,5.0,0.72,22.9,0.73,23.2,0.74,33.5,0.75,43.9,0.31,5.0,0.28,22.9,0.27,23.2,0.26,33.5,0.25,43.9,0.39,45.0,0.43,5.0,0.46,14.0,0.49,50.0,0.52,20.0,0.08,0.08,0.094584,1776166564000
1776166566.319,66.319,0.61,45.0,0.57,5.0,0.54,14.0,0.51,50.0,0.48,20.0,0.69,5.0,0.72,22.9,0.73,23.2,0.74,33.5,0.75,43.9,0.31,5.0,0.28,22.9,0.27,23.2,0.26,33.5,0.25,43.9,0.39,45.0,0.43,5.0,0.46,14.0,0.49,50.0,0.52,20.0,0.08,0.08,0.094584,1776166565000
1776166567.786,67.786,0.61,45.0,0.57,5.0,0.54,14.0,0.51,50.0,0.48,20.0,0.69,5.0,0.72,22.9,0.73,23.2,0.74,33.5,0.75,43.9,0.31,5.0,0.28,22.9,0.27,23.2,0.26,33.5,0.25,43.9,0.39,45.0,0.43,5.0,0.46,14.0,0.49,50.0,0.52,20.0,0.08,0.08,0.094585,1776166566000
1776166568.47,68.47,0.61,45.0,0.57,5.0,0.54,14.0,0.51,50.0,0.48,20.0,0.69,5.0,0.72,22.9,0.73,23.2,0.74,33.5,0.75,43.9,0.31,5.0,0.28,22.9,0.27,23.2,0.26,33.5,0.25,43.9,0.39,45.0,0.43,5.0,0.46,14.0,0.49,50.0,0.52,20.0,0.08,0.08,0.094585,1776166567000
1776166569.043,69.043,0.61,45.0,0.57,5.0,0.54,14.0,0.51,50.0,0.48,20.0,0.69,5.0,0.72,22.9,0.73,23.2,0.74,33.5,0.75,43.9,0.31,5.0,0.28,22.9,0.27,23.2,0.26,33.5,0.25,43.9,0.39,45.0,0.43,5.0,0.46,14.0,0.49,50.0,0.52,20.0,0.08,0.08,0.094583,1776166568000
1776166570.241,70.241,0.61,45.0,0.57,5.0,0.54,14.0,0.51,50.0,0.48,20.0,0.69,5.0,0.72,22.9,0.73,23.2,0.74,33.5,0.75,43.9,0.31,5.0,0.28,22.9,0.27,23.2,0.26,33.5,0.25,43.9,0.39,45.0,0.43,5.0,0.46,14.0,0.49,50.0,0.52,20.0,0.08,0.08,0.094583,1776166569000
1776166571.295,71.295,0.61,45.0,0.57,5.0,0.54,14.0,0.51,50.0,0.48,20.0,0.69,5.0,0.72,22.9,0.73,23.2,0.74,33.5,0.75,43.9,0.31,5.0,0.28,22.9,0.27,23.2,0.26,33.5,0.25,43.9,0.39,45.0,0.43,5.0,0.46,14.0,0.49,50.0,0.52,20.0,0.08,0.08,0.094587,1776166570000
1776166572.279,72.279,0.61,45.0,0.57,5.0,0.54,14.0,0.51,50.0,0.48,20.0,0.69,5.0,0.72,22.9,0.73,23.2,0.74,33.5,0.75,43.9,0.31,5.0,0.28,22.9,0.27,23.2,0.26,33.5,0.25,43.9,0.39,45.0,0.43,5.0,0.46,14.0,0.49,50.0,0.52,20.0,0.08,0.08,0.094587,1776166571000
1776166573.36,73.36,0.61,45.0,0.57,5.0,0.54,14.0,0.51,50.0,0.48,20.0,0.69,5.0,0.72,22.9,0.73,23.2,0.74,33.5,0.75,43.9,0.31,5.0,0.28,22.9,0.27,23.2,0.26,33.5,0.25,43.9,0.39,45.0,0.43,5.0,0.46,14.0,0.49,50.0,0.52,20.0,0.08,0.08,0.094585,1776166572000
1776166573.969,73.969,0.61,45.0,0.57,5.0,0.54,14.0,0.51,50.0,0.48,20.0,0.69,5.0,0.72,22.9,0.73,23.2,0.74,33.5,0.75,43.9,0.31,5.0,0.28,22.9,0.27,23.2,0.26,33.5,0.25,43.9,0.39,45.0,0.43,5.0,0.46,14.0,0.49,50.0,0.52,20.0,0.08,0.08,0.094583,1776166573000
1776166575.039,75.039,0.61,45.0,0.57,5.0,0.54,14.0,0.51,50.0,0.48,20.0,0.69,5.0,0.72,22.9,0.73,23.2,0.74,33.5,0.75,43.9,0.31,5.0,0.28,22.9,0.27,23.2,0.26,33.5,0.25,43.9,0.39,45.0,0.43,5.0,0.46,14.0,0.49,50.0,0.52,20.0,0.08,0.08,0.094582,1776166574000
1776166576.039,76.039,0.61,45.0,0.57,5.0,0.54,14.0,0.51,50.0,0.48,20.0,0.69,5.0,0.72,22.9,0.73,23.2,0.74,33.5,0.75,43.9,0.31,5.0,0.28,22.9,0.27,23.2,0.26,33.5,0.25,43.9,0.39,45.0,0.43,5.0,0.46,14.0,0.49,50.0,0.52,20.0,0.08,0.08,0.094582,1776166575000
1776166577.063,77.063,0.61,45.0,0.57,5.0,0.54,14.0,0.51,50.0,0.48,20.0,0.69,5.0,0.72,22.9,0.73,23.2,0.74,33.5,0.75,43.9,0.31,5.0,0.28,22.9,0.27,23.2,0.26,33.5,0.25,43.9,0.39,45.0,0.43,5.0,0.46,14.0,0.49,50.0,0.52,20.0,0.08,0.08,0.094574,1776166576000
1776166578.173,78.173,0.61,45.0,0.57,5.0,0.54,14.0,0.51,50.0,0.48,20.0,0.69,5.0,0.72,22.9,0.73,23.2,0.74,33.5,0.75,43.9,0.31,5.0,0.28,22.9,0.27,23.2,0.26,33.5,0.25,43.9,0.39,45.0,0.43,5.0,0.46,14.0,0.49,50.0,0.52,20.0,0.08,0.08,0.094573,1776166577000
1776166579.246,79.246,0.61,45.0,0.57,5.0,0.54,14.0,0.51,50.0,0.48,20.0,0.69,5.0,0.72,22.9,0.73,23.2,0.74,33.5,0.75,43.9,0.31,5.0,0.28,22.9,0.27,23.2,0.26,33.5,0.25,43.9,0.39,45.0,0.43,5.0,0.46,14.0,0.49,50.0,0.52,20.0,0.08,0.08,0.094573,1776166578000
1776166580.238,80.238,0.61,45.0,0.57,5.0,0.54,14.0,0.51,50.0,0.48,20.0,0.69,5.0,0.72,22.9,0.73,23.2,0.74,33.5,0.75,43.9,0.31,5.0,0.28,22.9,0.27,23.2,0.26,33.5,0.25,43.9,0.39,45.0,0.43,5.0,0.46,14.0,0.49,50.0,0.52,20.0,0.08,0.08,0.094572,1776166579000
1776166581.288,81.288,0.61,45.0,0.57,5.0,0.54,14.0,0.51,50.0,0.48,20.0,0.69,5.0,0.72,22.9,0.73,23.2,0.74,33.5,0.75,43.9,0.31,5.0,0.28,22.9,0.27,23.2,0.26,33.5,0.25,43.9,0.39,45.0,0.43,5.0,0.46,14.0,0.49,50.0,0.52,20.0,0.08,0.08,0.094572,1776166580000
1776166582.308,82.308,0.61,45.0,0.57,5.0,0.54,14.0,0.51,50.0,0.48,20.0,0.69,5.0,0.72,22.9,0.73,23.2,0.74,33.5,0.75,43.9,0.31,5.0,0.28,22.9,0.27,23.2,0.26,33.5,0.25,43.9,0.39,45.0,0.43,5.0,0.46,14.0,0.49,50.0,0.52,20.0,0.08,0.08,0.094572,1776166581000
1776166583.321,83.321,0.61,45.0,0.57,5.0,0.54,14.0,0.51,50.0,0.48,20.0,0.69,5.0,0.72,22.9,0.73,23.2,0.74,33.5,0.75,43.9,0.31,5.0,0.28,22.9,0.27,23.2,0.26,33.5,0.25,43.9,0.39,45.0,0.43,5.0,0.46,14.0,0.49,50.0,0.52,20.0,0.08,0.08,0.09457,1776166582000
1776166584.955,84.955,0.61,45.0,0.57,5.0,0.54,14.0,0.51,50.0,0.48,20.0,0.69,5.0,0.72,22.9,0.73,23.2,0.74,33.5,0.75,43.9,0.31,5.0,0.28,22.9,0.27,23.2,0.26,33.5,0.25,43.9,0.39,45.0,0.43,5.0,0.46,14.0,0.49,50.0,0.52,20.0,0.08,0.08,0.09456,1776166583000
1776166585.586,85.586,0.61,45.0,0.57,5.0,0.54,14.0,0.51,50.0,0.48,20.0,0.69,5.0,0.72,22.9,0.73,23.2,0.74,33.5,0.75,43.9,0.31,5.0,0.28,22.9,0.27,23.2,0.26,33.5,0.25,43.9,0.39,45.0,0.43,5.0,0.46,14.0,0.49,50.0,0.52,20.0,0.08,0.08,0.094532,1776166584000
1776166586.148,86.148,0.61,45.0,0.57,5.0,0.54,14.0,0.51,50.0,0.48,20.0,0.69,5.0,0.72,22.9,0.73,23.2,0.74,33.5,0.75,43.9,0.31,5.0,0.28,22.9,0.27,23.2,0.26,33.5,0.25,43.9,0.39,45.0,0.43,5.0,0.46,14.0,0.49,50.0,0.52,20.0,0.08,0.08,0.094516,1776166585000
1776166586.917,86.917,0.43,7.39,0.42,5.0,0.4,10.8,0.39,20.9,0.38,11.0,0.55,5.0,0.58,5.0,0.59,10.7,0.6,10.8,0.61,70.9,0.31,5.0,0.28,22.9,0.27,23.2,0.26,33.5,0.25,43.9,0.39,45.0,0.43,5.0,0.46,14.0,0.49,50.0,0.52,20.0,0.12,0.08,0.094516,1776166585000
1776166587.303,87.303,0.43,7.39,0.42,5.0,0.4,10.8,0.39,20.9,0.38,11.0,0.55,5.0,0.58,5.0,0.59,10.7,0.6,10.8,0.61,70.9,0.45,5.0,0.42,5.0,0.41,10.7,0.4,10.8,0.39,70.9,0.57,7.39,0.58,5.0,0.6,10.8,0.61,20.9,0.62,11.0,0.12,0.12,0.09451,1776166586000
1776166588.288,88.288,0.43,7.39,0.42,5.0,0.4,10.8,0.39,20.9,0.38,11.0,0.55,5.0,0.58,5.0,0.59,10.7,0.6,10.8,0.61,70.9,0.45,5.0,0.42,5.0,0.41,10.7,0.4,10.8,0.39,70.9,0.57,7.39,0.58,5.0,0.6,10.8,0.61,20.9,0.62,11.0,0.12,0.12,0.094503,1776166587000
1776166589.346,89.346,0.43,7.39,0.42,5.0,0.4,10.8,0.39,20.9,0.38,11.0,0.55,5.0,0.58,5.0,0.59,10.7,0.6,10.8,0.61,70.9,0.45,5.0,0.42,5.0,0.41,10.7,0.4,10.8,0.39,70.9,0.57,7.39,0.58,5.0,0.6,10.8,0.61,20.9,0.62,11.0,0.12,0.12,0.094498,1776166588000
1776166589.83,89.83,0.43,7.39,0.42,5.0,0.4,10.8,0.39,20.9,0.38,11.0,0.55,5.0,0.58,5.0,0.59,10.7,0.6,10.8,0.61,70.9,0.45,5.0,0.42,5.0,0.41,10.7,0.4,10.8,0.39,70.9,0.57,7.39,0.58,5.0,0.6,10.8,0.61,20.9,0.62,11.0,0.12,0.12,0.094498,1776166589000
1776166591.135,91.135,0.43,7.39,0.42,5.0,0.4,10.8,0.39,20.9,0.38,11.0,0.55,5.0,0.58,5.0,0.59,10.7,0.6,10.8,0.61,70.9,0.45,5.0,0.42,5.0,0.41,10.7,0.4,10.8,0.39,70.9,0.57,7.39,0.58,5.0,0.6,10.8,0.61,20.9,0.62,11.0,0.12,0.12,0.094494,1776166590000
1776166592.169,92.169,0.43,7.39,0.42,5.0,0.4,10.8,0.39,20.9,0.38,11.0,0.55,5.0,0.58,5.0,0.59,10.7,0.6,10.8,0.61,70.9,0.45,5.0,0.42,5.0,0.41,10.7,0.4,10.8,0.39,70.9,0.57,7.39,0.58,5.0,0.6,10.8,0.61,20.9,0.62,11.0,0.12,0.12,0.094493,1776166591000
1776166593.24,93.24,0.43,7.39,0.42,5.0,0.4,10.8,0.39,20.9,0.38,11.0,0.55,5.0,0.58,5.0,0.59,10.7,0.6,10.8,0.61,70.9,0.45,5.0,0.42,5.0,0.41,10.7,0.4,10.8,0.39,70.9,0.57,7.39,0.58,5.0,0.6,10.8,0.61,20.9,0.62,11.0,0.12,0.12,0.094495,1776166592000
1776166594.281,94.281,0.43,7.39,0.42,5.0,0.4,10.8,0.39,20.9,0.38,11.0,0.55,5.0,0.58,5.0,0.59,10.7,0.6,10.8,0.61,70.9,0.45,5.0,0.42,5.0,0.41,10.7,0.4,10.8,0.39,70.9,0.57,7.39,0.58,5.0,0.6,10.8,0.61,20.9,0.62,11.0,0.12,0.12,0.094496,1776166593000
1776166595.469,95.469,0.43,7.39,0.42,5.0,0.4,10.8,0.39,20.9,0.38,11.0,0.55,5.0,0.58,5.0,0.59,10.7,0.6,10.8,0.61,70.9,0.45,5.0,0.42,5.0,0.41,10.7,0.4,10.8,0.39,70.9,0.57,7.39,0.58,5.0,0.6,10.8,0.61,20.9,0.62,11.0,0.12,0.12,0.094495,1776166594000
1776166596.009,96.009,0.43,7.39,0.42,5.0,0.4,10.8,0.39,20.9,0.38,11.0,0.55,5.0,0.58,5.0,0.59,10.7,0.6,10.8,0.61,70.9,0.45,5.0,0.42,5.0,0.41,10.7,0.4,10.8,0.39,70.9,0.57,7.39,0.58,5.0,0.6,10.8,0.61,20.9,0.62,11.0,0.12,0.12,0.094493,1776166595000
1776166597.056,97.056,0.43,7.39,0.42,5.0,0.4,10.8,0.39,20.9,0.38,11.0,0.55,5.0,0.58,5.0,0.59,10.7,0.6,10.8,0.61,70.9,0.45,5.0,0.42,5.0,0.41,10.7,0.4,10.8,0.39,70.9,0.57,7.39,0.58,5.0,0.6,10.8,0.61,20.9,0.62,11.0,0.12,0.12,0.094492,1776166596000
1776166598.119,98.119,0.43,7.39,0.42,5.0,0.4,10.8,0.39,20.9,0.38,11.0,0.55,5.0,0.58,5.0,0.59,10.7,0.6,10.8,0.61,70.9,0.45,5.0,0.42,5.0,0.41,10.7,0.4,10.8,0.39,70.9,0.57,7.39,0.58,5.0,0.6,10.8,0.61,20.9,0.62,11.0,0.12,0.12,0.094482,1776166597000
1776166598.683,98.683,0.42,1.29,0.4,12.0,0.39,10.9,0.38,11.0,0.37,31.2,0.55,5.0,0.57,10.6,0.58,15.7,0.59,10.7,0.6,10.8,0.45,5.0,0.42,5.0,0.41,10.7,0.4,10.8,0.39,70.9,0.57,7.39,0.58,5.0,0.6,10.8,0.61,20.9,0.62,11.0,0.13,0.12,0.094482,1776166597000
1776166599.048,99.048,0.42,1.29,0.4,12.0,0.39,10.9,0.38,11.0,0.37,31.2,0.55,5.0,0.57,10.6,0.58,15.7,0.59,10.7,0.6,10.8,0.45,5.0,0.43,10.6,0.42,15.7,0.41,10.7,0.4,10.8,0.58,1.29,0.6,12.0,0.61,10.9,0.62,11.0,0.63,31.2,0.13,0.13,0.094487,1776166598000
1776166600.011,100.011,0.42,1.29,0.4,12.0,0.39,10.9,0.38,11.0,0.37,31.2,0.55,5.0,0.57,10.6,0.58,15.7,0.59,10.7,0.6,10.8,0.45,5.0,0.43,10.6,0.42,15.7,0.41,10.7,0.4,10.8,0.58,1.29,0.6,12.0,0.61,10.9,0.62,11.0,0.63,31.2,0.13,0.13,0.094488,1776166599000
1776166601.052,101.052,0.42,1.29,0.4,12.0,0.39,10.9,0.38,11.0,0.37,31.2,0.55,5.0,0.57,10.6,0.58,15.7,0.59,10.7,0.6,10.8,0.45,5.0,0.43,10.6,0.42,15.7,0.41,10.7,0.4,10.8,0.58,1.29,0.6,12.0,0.61,10.9,0.62,11.0,0.63,31.2,0.13,0.13,0.0945,1776166600000
1776166601.98,101.98,0.42,1.29,0.4,12.0,0.39,10.9,0.38,11.0,0.37,31.2,0.55,5.0,0.57,10.6,0.58,15.7,0.59,10.7,0.6,10.8,0.45,5.0,0.43,10.6,0.42,15.7,0.41,10.7,0.4,10.8,0.58,1.29,0.6,12.0,0.61,10.9,0.62,11.0,0.63,31.2,0.13,0.13,0.094502,1776166601000
1776166602.953,102.953,0.42,1.29,0.4,12.0,0.39,10.9,0.38,11.0,0.37,31.2,0.55,5.0,0.57,10.6,0.58,15.7,0.59,10.7,0.6,10.8,0.45,5.0,0.43,10.6,0.42,15.7,0.41,10.7,0.4,10.8,0.58,1.29,0.6,12.0,0.61,10.9,0.62,11.0,0.63,31.2,0.13,0.13,0.0945,1776166602000
1776166603.883,103.883,0.42,1.29,0.4,12.0,0.39,10.9,0.38,11.0,0.37,31.2,0.55,5.0,0.57,10.6,0.58,15.7,0.59,10.7,0.6,10.8,0.45,5.0,0.43,10.6,0.42,15.7,0.41,10.7,0.4,10.8,0.58,1.29,0.6,12.0,0.61,10.9,0.62,11.0,0.63,31.2,0.13,0.13,0.0945,1776166603000
1776166604.897,104.897,0.42,1.29,0.4,12.0,0.39,10.9,0.38,11.0,0.37,31.2,0.55,5.0,0.57,10.6,0.58,15.7,0.59,10.7,0.6,10.8,0.45,5.0,0.43,10.6,0.42,15.7,0.41,10.7,0.4,10.8,0.58,1.29,0.6,12.0,0.61,10.9,0.62,11.0,0.63,31.2,0.13,0.13,0.0945,1776166604000
1776166606.27,106.27,0.42,1.29,0.4,12.0,0.39,10.9,0.38,11.0,0.37,31.2,0.55,5.0,0.57,10.6,0.58,15.7,0.59,10.7,0.6,10.8,0.45,5.0,0.43,10.6,0.42,15.7,0.41,10.7,0.4,10.8,0.58,1.29,0.6,12.0,0.61,10.9,0.62,11.0,0.63,31.2,0.13,0.13,0.0945,1776166605000
1776166607.258,107.258,0.42,1.29,0.4,12.0,0.39,10.9,0.38,11.0,0.37,31.2,0.55,5.0,0.57,10.6,0.58,15.7,0.59,10.7,0.6,10.8,0.45,5.0,0.43,10.6,0.42,15.7,0.41,10.7,0.4,10.8,0.58,1.29,0.6,12.0,0.61,10.9,0.62,11.0,0.63,31.2,0.13,0.13,0.0945,1776166606000
1776166608.266,108.266,0.42,1.29,0.4,12.0,0.39,10.9,0.38,11.0,0.37,31.2,0.55,5.0,0.57,10.6,0.58,15.7,0.59,10.7,0.6,10.8,0.45,5.0,0.43,10.6,0.42,15.7,0.41,10.7,0.4,10.8,0.58,1.29,0.6,12.0,0.61,10.9,0.62,11.0,0.63,31.2,0.13,0.13,0.094505,1776166607000
1776166609.263,109.263,0.42,1.29,0.4,12.0,0.39,10.9,0.38,11.0,0.37,31.2,0.55,5.0,0.57,10.6,0.58,15.7,0.59,10.7,0.6,10.8,0.45,5.0,0.43,10.6,0.42,15.7,0.41,10.7,0.4,10.8,0.58,1.29,0.6,12.0,0.61,10.9,0.62,11.0,0.63,31.2,0.13,0.13,0.094505,1776166608000
1776166610.3,110.3,0.42,1.29,0.4,12.0,0.39,10.9,0.38,11.0,0.37,31.2,0.55,5.0,0.57,10.6,0.58,15.7,0.59,10.7,0.6,10.8,0.45,5.0,0.43,10.6,0.42,15.7,0.41,10.7,0.4,10.8,0.58,1.29,0.6,12.0,0.61,10.9,0.62,11.0,0.63,31.2,0.13,0.13,0.094505,1776166609000
1776166610.676,110.676,0.61,50.0,0.52,35.0,0.51,50.0,0.45,10.5,0.44,10.6,0.63,2.28,0.69,6.0,0.74,13.5,0.75,13.9,0.76,14.3,0.45,5.0,0.43,10.6,0.42,15.7,0.41,10.7,0.4,10.8,0.58,1.29,0.6,12.0,0.61,10.9,0.62,11.0,0.63,31.2,0.02,0.13,0.094505,1776166609000
1776166611.932,111.932,0.71,41.23,0.61,50.0,0.59,5.0,0.56,5.0,0.52,35.0,0.74,8.4,0.75,13.9,0.76,14.3,0.77,14.7,0.78,15.2,0.26,8.4,0.25,13.9,0.24,14.3,0.23,14.7,0.22,15.2,0.29,41.23,0.39,50.0,0.41,5.0,0.44,5.0,0.48,35.0,0.03,0.03,0.094505,1776166610000
1776166612.433,112.433,0.71,41.23,0.61,50.0,0.59,5.0,0.56,5.0,0.52,35.0,0.74,8.4,0.75,13.9,0.76,14.3,0.77,14.7,0.78,15.2,0.26,8.4,0.25,13.9,0.24,14.3,0.23,14.7,0.22,15.2,0.29,41.23,0.39,50.0,0.41,5.0,0.44,5.0,0.48,35.0,0.03,0.03,0.094569,1776166611000
1776166613.533,113.533,0.71,41.23,0.61,50.0,0.59,5.0,0.56,5.0,0.52,35.0,0.74,8.4,0.75,13.9,0.76,14.3,0.77,14.7,0.78,15.2,0.26,8.4,0.25,13.9,0.24,14.3,0.23,14.7,0.22,15.2,0.29,41.23,0.39,50.0,0.41,5.0,0.44,5.0,0.48,35.0,0.03,0.03,0.094581,1776166612000
1776166614.154,114.154,0.71,41.23,0.61,50.0,0.59,5.0,0.56,5.0,0.52,35.0,0.74,8.4,0.75,13.9,0.76,14.3,0.77,14.7,0.78,15.2,0.26,8.4,0.25,13.9,0.24,14.3,0.23,14.7,0.22,15.2,0.29,41.23,0.39,50.0,0.41,5.0,0.44,5.0,0.48,35.0,0.03,0.03,0.094576,1776166613000
1776166615.527,115.527,0.71,41.23,0.61,50.0,0.59,5.0,0.56,5.0,0.52,35.0,0.74,8.4,0.75,13.9,0.76,14.3,0.77,14.7,0.78,15.2,0.26,8.4,0.25,13.9,0.24,14.3,0.23,14.7,0.22,15.2,0.29,41.23,0.39,50.0,0.41,5.0,0.44,5.0,0.48,35.0,0.03,0.03,0.094579,1776166614000
1776166616.314,116.314,0.71,41.23,0.61,50.0,0.59,5.0,0.56,5.0,0.52,35.0,0.74,8.4,0.75,13.9,0.76,14.3,0.77,14.7,0.78,15.2,0.26,8.4,0.25,13.9,0.24,14.3,0.23,14.7,0.22,15.2,0.29,41.23,0.39,50.0,0.41,5.0,0.44,5.0,0.48,35.0,0.03,0.03,0.094579,1776166615000
1776166617.505,117.505,0.71,41.23,0.61,50.0,0.59,5.0,0.56,5.0,0.52,35.0,0.74,8.4,0.75,13.9,0.76,14.3,0.77,14.7,0.78,15.2,0.26,8.4,0.25,13.9,0.24,14.3,0.23,14.7,0.22,15.2,0.29,41.23,0.39,50.0,0.41,5.0,0.44,5.0,0.48,35.0,0.03,0.03,0.094578,1776166616000
1776166618.062,118.062,0.71,41.23,0.61,50.0,0.59,5.0,0.56,5.0,0.52,35.0,0.74,8.4,0.75,13.9,0.76,14.3,0.77,14.7,0.78,15.2,0.26,8.4,0.25,13.9,0.24,14.3,0.23,14.7,0.22,15.2,0.29,41.23,0.39,50.0,0.41,5.0,0.44,5.0,0.48,35.0,0.03,0.03,0.094577,1776166617000
1776166619.446,119.446,0.71,41.23,0.61,50.0,0.59,5.0,0.56,5.0,0.52,35.0,0.74,8.4,0.75,13.9,0.76,14.3,0.77,14.7,0.78,15.2,0.26,8.4,0.25,13.9,0.24,14.3,0.23,14.7,0.22,15.2,0.29,41.23,0.39,50.0,0.41,5.0,0.44,5.0,0.48,35.0,0.03,0.03,0.094576,1776166618000
1776166620.014,120.014,0.71,41.23,0.61,50.0,0.59,5.0,0.56,5.0,0.52,35.0,0.74,8.4,0.75,13.9,0.76,14.3,0.77,14.7,0.78,15.2,0.26,8.4,0.25,13.9,0.24,14.3,0.23,14.7,0.22,15.2,0.29,41.23,0.39,50.0,0.41,5.0,0.44,5.0,0.48,35.0,0.03,0.03,0.094576,1776166619000
1776166621.227,121.227,0.71,41.23,0.61,50.0,0.59,5.0,0.56,5.0,0.52,35.0,0.74,8.4,0.75,13.9,0.76,14.3,0.77,14.7,0.78,15.2,0.26,8.4,0.25,13.9,0.24,14.3,0.23,14.7,0.22,15.2,0.29,41.23,0.39,50.0,0.41,5.0,0.44,5.0,0.48,35.0,0.03,0.03,0.094578,1776166620000
1776166622.611,122.611,0.71,41.23,0.61,50.0,0.59,5.0,0.56,5.0,0.52,35.0,0.74,8.4,0.75,13.9,0.76,14.3,0.77,14.7,0.78,15.2,0.26,8.4,0.25,13.9,0.24,14.3,0.23,14.7,0.22,15.2,0.29,41.23,0.39,50.0,0.41,5.0,0.44,5.0,0.48,35.0,0.03,0.03,0.094564,1776166621000
1776166623.264,123.264,0.71,41.23,0.61,50.0,0.59,5.0,0.56,5.0,0.52,35.0,0.74,8.4,0.75,13.9,0.76,14.3,0.77,14.7,0.78,15.2,0.26,8.4,0.25,13.9,0.24,14.3,0.23,14.7,0.22,15.2,0.29,41.23,0.39,50.0,0.41,5.0,0.44,5.0,0.48,35.0,0.03,0.03,0.094561,1776166622000
1776166624.52,124.52,0.71,41.23,0.61,50.0,0.59,5.0,0.56,5.0,0.52,35.0,0.74,8.4,0.75,13.9,0.76,14.3,0.77,14.7,0.78,15.2,0.26,8.4,0.25,13.9,0.24,14.3,0.23,14.7,0.22,15.2,0.29,41.23,0.39,50.0,0.41,5.0,0.44,5.0,0.48,35.0,0.03,0.03,0.094559,1776166623000
1776166625.338,125.338,0.71,41.23,0.61,50.0,0.59,5.0,0.56,5.0,0.52,35.0,0.74,8.4,0.75,13.9,0.76,14.3,0.77,14.7,0.78,15.2,0.26,8.4,0.25,13.9,0.24,14.3,0.23,14.7,0.22,15.2,0.29,41.23,0.39,50.0,0.41,5.0,0.44,5.0,0.48,35.0,0.03,0.03,0.09456,1776166624000
1776166626.196,126.196,0.71,41.23,0.61,50.0,0.59,5.0,0.56,5.0,0.52,35.0,0.74,8.4,0.75,13.9,0.76,14.3,0.77,14.7,0.78,15.2,0.26,8.4,0.25,13.9,0.24,14.3,0.23,14.7,0.22,15.2,0.29,41.23,0.39,50.0,0.41,5.0,0.44,5.0,0.48,35.0,0.03,0.03,0.094562,1776166625000
1776166627.343,127.343,0.71,41.23,0.61,50.0,0.59,5.0,0.56,5.0,0.52,35.0,0.74,8.4,0.75,13.9,0.76,14.3,0.77,14.7,0.78,15.2,0.26,8.4,0.25,13.9,0.24,14.3,0.23,14.7,0.22,15.2,0.29,41.23,0.39,50.0,0.41,5.0,0.44,5.0,0.48,35.0,0.03,0.03,0.094579,1776166626000
1776166627.987,127.987,0.71,41.23,0.61,50.0,0.59,5.0,0.56,5.0,0.52,35.0,0.74,8.4,0.75,13.9,0.76,14.3,0.77,14.7,0.78,15.2,0.26,8.4,0.25,13.9,0.24,14.3,0.23,14.7,0.22,15.2,0.29,41.23,0.39,50.0,0.41,5.0,0.44,5.0,0.48,35.0,0.03,0.03,0.094596,1776166627000
1776166629.157,129.157,0.71,41.23,0.61,50.0,0.59,5.0,0.56,5.0,0.52,35.0,0.74,8.4,0.75,13.9,0.76,14.3,0.77,14.7,0.78,15.2,0.26,8.4,0.25,13.9,0.24,14.3,0.23,14.7,0.22,15.2,0.29,41.23,0.39,50.0,0.41,5.0,0.44,5.0,0.48,35.0,0.03,0.03,0.094603,1776166628000
1776166630.805,130.805,0.71,41.23,0.61,50.0,0.59,5.0,0.56,5.0,0.52,35.0,0.74,8.4,0.75,13.9,0.76,14.3,0.77,14.7,0.78,15.2,0.26,8.4,0.25,13.9,0.24,14.3,0.23,14.7,0.22,15.2,0.29,41.23,0.39,50.0,0.41,5.0,0.44,5.0,0.48,35.0,0.03,0.03,0.094594,1776166629000
1776166631.509,131.509,0.71,41.23,0.61,50.0,0.59,5.0,0.56,5.0,0.52,35.0,0.74,8.4,0.75,13.9,0.76,14.3,0.77,14.7,0.78,15.2,0.26,8.4,0.25,13.9,0.24,14.3,0.23,14.7,0.22,15.2,0.29,41.23,0.39,50.0,0.41,5.0,0.44,5.0,0.48,35.0,0.03,0.03,0.094599,1776166630000
1776166632.402,132.402,0.71,41.23,0.61,50.0,0.59,5.0,0.56,5.0,0.52,35.0,0.74,8.4,0.75,13.9,0.76,14.3,0.77,14.7,0.78,15.2,0.26,8.4,0.25,13.9,0.24,14.3,0.23,14.7,0.22,15.2,0.29,41.23,0.39,50.0,0.41,5.0,0.44,5.0,0.48,35.0,0.03,0.03,0.094599,1776166631000
1776166632.945,132.945,0.71,41.23,0.61,50.0,0.59,5.0,0.56,5.0,0.52,35.0,0.74,8.4,0.75,13.9,0.76,14.3,0.77,14.7,0.78,15.2,0.26,8.4,0.25,13.9,0.24,14.3,0.23,14.7,0.22,15.2,0.29,41.23,0.39,50.0,0.41,5.0,0.44,5.0,0.48,35.0,0.03,0.03,0.094596,1776166632000
1776166634.488,134.488,0.71,41.23,0.61,50.0,0.59,5.0,0.56,5.0,0.52,35.0,0.74,8.4,0.75,13.9,0.76,14.3,0.77,14.7,0.78,15.2,0.26,8.4,0.25,13.9,0.24,14.3,0.23,14.7,0.22,15.2,0.29,41.23,0.39,50.0,0.41,5.0,0.44,5.0,0.48,35.0,0.03,0.03,0.094596,1776166633000
1776166635.308,135.308,0.71,41.23,0.61,50.0,0.59,5.0,0.56,5.0,0.52,35.0,0.74,8.4,0.75,13.9,0.76,14.3,0.77,14.7,0.78,15.2,0.26,8.4,0.25,13.9,0.24,14.3,0.23,14.7,0.22,15.2,0.29,41.23,0.39,50.0,0.41,5.0,0.44,5.0,0.48,35.0,0.03,0.03,0.094596,1776166634000
1776166636.738,136.738,0.71,41.23,0.61,50.0,0.59,5.0,0.56,5.0,0.52,35.0,0.74,8.4,0.75,13.9,0.76,14.3,0.77,14.7,0.78,15.2,0.26,8.4,0.25,13.9,0.24,14.3,0.23,14.7,0.22,15.2,0.29,41.23,0.39,50.0,0.41,5.0,0.44,5.0,0.48,35.0,0.03,0.03,0.0946,1776166635000
1776166637.456,137.456,0.71,41.23,0.61,50.0,0.59,5.0,0.56,5.0,0.52,35.0,0.74,8.4,0.75,13.9,0.76,14.3,0.77,14.7,0.78,15.2,0.26,8.4,0.25,13.9,0.24,14.3,0.23,14.7,0.22,15.2,0.29,41.23,0.39,50.0,0.41,5.0,0.44,5.0,0.48,35.0,0.03,0.03,0.0946,1776166636000
1776166638.345,138.345,0.71,41.23,0.61,50.0,0.59,5.0,0.56,5.0,0.52,35.0,0.74,8.4,0.75,13.9,0.76,14.3,0.77,14.7,0.78,15.2,0.26,8.4,0.25,13.9,0.24,14.3,0.23,14.7,0.22,15.2,0.29,41.23,0.39,50.0,0.41,5.0,0.44,5.0,0.48,35.0,0.03,0.03,0.094606,1776166637000
1776166639.912,139.912,0.71,41.23,0.61,50.0,0.59,5.0,0.56,5.0,0.52,35.0,0.74,8.4,0.75,13.9,0.76,14.3,0.77,14.7,0.78,15.2,0.26,8.4,0.25,13.9,0.24,14.3,0.23,14.7,0.22,15.2,0.29,41.23,0.39,50.0,0.41,5.0,0.44,5.0,0.48,35.0,0.03,0.03,0.094614,1776166638000
1776166640.561,140.561,0.71,41.23,0.61,50.0,0.59,5.0,0.56,5.0,0.52,35.0,0.74,8.4,0.75,13.9,0.76,14.3,0.77,14.7,0.78,15.2,0.26,8.4,0.25,13.9,0.24,14.3,0.23,14.7,0.22,15.2,0.29,41.23,0.39,50.0,0.41,5.0,0.44,5.0,0.48,35.0,0.03,0.03,0.094614,1776166639000
1776166641.338,141.338,0.71,41.23,0.61,50.0,0.59,5.0,0.56,5.0,0.52,35.0,0.74,8.4,0.75,13.9,0.76,14.3,0.77,14.7,0.78,15.2,0.26,8.4,0.25,13.9,0.24,14.3,0.23,14.7,0.22,15.2,0.29,41.23,0.39,50.0,0.41,5.0,0.44,5.0,0.48,35.0,0.03,0.03,0.094617,1776166640000
1776166642.108,142.108,0.71,41.23,0.61,50.0,0.59,5.0,0.56,5.0,0.52,35.0,0.74,8.4,0.75,13.9,0.76,14.3,0.77,14.7,0.78,15.2,0.26,8.4,0.25,13.9,0.24,14.3,0.23,14.7,0.22,15.2,0.29,41.23,0.39,50.0,0.41,5.0,0.44,5.0,0.48,35.0,0.03,0.03,0.09462,1776166641000
1776166643.716,143.716,0.71,41.23,0.61,50.0,0.59,5.0,0.56,5.0,0.52,35.0,0.74,8.4,0.75,13.9,0.76,14.3,0.77,14.7,0.78,15.2,0.26,8.4,0.25,13.9,0.24,14.3,0.23,14.7,0.22,15.2,0.29,41.23,0.39,50.0,0.41,5.0,0.44,5.0,0.48,35.0,0.03,0.03,0.094625,1776166642000
1776166644.473,144.473,0.71,41.23,0.61,50.0,0.59,5.0,0.56,5.0,0.52,35.0,0.74,8.4,0.75,13.9,0.76,14.3,0.77,14.7,0.78,15.2,0.26,8.4,0.25,13.9,0.24,14.3,0.23,14.7,0.22,15.2,0.29,41.23,0.39,50.0,0.41,5.0,0.44,5.0,0.48,35.0,0.03,0.03,0.094633,1776166643000
1776166645.215,145.215,0.71,41.23,0.61,50.0,0.59,5.0,0.56,5.0,0.52,35.0,0.74,8.4,0.75,13.9,0.76,14.3,0.77,14.7,0.78,15.2,0.26,8.4,0.25,13.9,0.24,14.3,0.23,14.7,0.22,15.2,0.29,41.23,0.39,50.0,0.41,5.0,0.44,5.0,0.48,35.0,0.03,0.03,0.094633,1776166644000
1776166646.725,146.725,0.71,41.23,0.61,50.0,0.59,5.0,0.56,5.0,0.52,35.0,0.74,8.4,0.75,13.9,0.76,14.3,0.77,14.7,0.78,15.2,0.26,8.4,0.25,13.9,0.24,14.3,0.23,14.7,0.22,15.2,0.29,41.23,0.39,50.0,0.41,5.0,0.44,5.0,0.48,35.0,0.03,0.03,0.094635,1776166645000
1776166647.522,147.522,0.71,41.23,0.61,50.0,0.59,5.0,0.56,5.0,0.52,35.0,0.74,8.4,0.75,13.9,0.76,14.3,0.77,14.7,0.78,15.2,0.26,8.4,0.25,13.9,0.24,14.3,0.23,14.7,0.22,15.2,0.29,41.23,0.39,50.0,0.41,5.0,0.44,5.0,0.48,35.0,0.03,0.03,0.094633,1776166646000
1776166648.71,148.71,0.71,41.23,0.61,50.0,0.59,5.0,0.56,5.0,0.52,35.0,0.74,8.4,0.75,13.9,0.76,14.3,0.77,14.7,0.78,15.2,0.26,8.4,0.25,13.9,0.24,14.3,0.23,14.7,0.22,15.2,0.29,41.23,0.39,50.0,0.41,5.0,0.44,5.0,0.48,35.0,0.03,0.03,0.094636,1776166647000
1776166649.212,149.212,0.71,41.23,0.61,50.0,0.59,5.0,0.56,5.0,0.52,35.0,0.74,8.4,0.75,13.9,0.76,14.3,0.77,14.7,0.78,15.2,0.26,8.4,0.25,13.9,0.24,14.3,0.23,14.7,0.22,15.2,0.29,41.23,0.39,50.0,0.41,5.0,0.44,5.0,0.48,35.0,0.03,0.03,0.094637,1776166648000
1776166650.233,150.233,0.71,41.23,0.61,50.0,0.59,5.0,0.56,5.0,0.52,35.0,0.74,8.4,0.75,13.9,0.76,14.3,0.77,14.7,0.78,15.2,0.26,8.4,0.25,13.9,0.24,14.3,0.23,14.7,0.22,15.2,0.29,41.23,0.39,50.0,0.41,5.0,0.44,5.0,0.48,35.0,0.03,0.03,0.094637,1776166649000
1776166651.327,151.327,0.71,41.23,0.61,50.0,0.59,5.0,0.56,5.0,0.52,35.0,0.74,8.4,0.75,13.9,0.76,14.3,0.77,14.7,0.78,15.2,0.26,8.4,0.25,13.9,0.24,14.3,0.23,14.7,0.22,15.2,0.29,41.23,0.39,50.0,0.41,5.0,0.44,5.0,0.48,35.0,0.03,0.03,0.094637,1776166650000
1776166651.876,151.876,0.71,41.23,0.61,50.0,0.59,5.0,0.56,5.0,0.52,35.0,0.74,8.4,0.75,13.9,0.76,14.3,0.77,14.7,0.78,15.2,0.26,8.4,0.25,13.9,0.24,14.3,0.23,14.7,0.22,15.2,0.29,41.23,0.39,50.0,0.41,5.0,0.44,5.0,0.48,35.0,0.03,0.03,0.094637,1776166651000
1776166652.952,152.952,0.71,41.23,0.61,50.0,0.59,5.0,0.56,5.0,0.52,35.0,0.74,8.4,0.75,13.9,0.76,14.3,0.77,14.7,0.78,15.2,0.26,8.4,0.25,13.9,0.24,14.3,0.23,14.7,0.22,15.2,0.29,41.23,0.39,50.0,0.41,5.0,0.44,5.0,0.48,35.0,0.03,0.03,0.094624,1776166652000
1776166653.942,153.942,0.71,41.23,0.61,50.0,0.59,5.0,0.56,5.0,0.52,35.0,0.74,8.4,0.75,13.9,0.76,14.3,0.77,14.7,0.78,15.2,0.26,8.4,0.25,13.9,0.24,14.3,0.23,14.7,0.22,15.2,0.29,41.23,0.39,50.0,0.41,5.0,0.44,5.0,0.48,35.0,0.03,0.03,0.094626,1776166653000
1776166654.975,154.975,0.71,41.23,0.61,50.0,0.59,5.0,0.56,5.0,0.52,35.0,0.74,8.4,0.75,13.9,0.76,14.3,0.77,14.7,0.78,15.2,0.26,8.4,0.25,13.9,0.24,14.3,0.23,14.7,0.22,15.2,0.29,41.23,0.39,50.0,0.41,5.0,0.44,5.0,0.48,35.0,0.03,0.03,0.094626,1776166654000
1776166655.959,155.959,0.71,41.23,0.61,50.0,0.59,5.0,0.56,5.0,0.52,35.0,0.74,8.4,0.75,13.9,0.76,14.3,0.77,14.7,0.78,15.2,0.26,8.4,0.25,13.9,0.24,14.3,0.23,14.7,0.22,15.2,0.29,41.23,0.39,50.0,0.41,5.0,0.44,5.0,0.48,35.0,0.03,0.03,0.094626,1776166655000
1776166657.069,157.069,0.71,41.23,0.61,50.0,0.59,5.0,0.56,5.0,0.52,35.0,0.74,8.4,0.75,13.9,0.76,14.3,0.77,14.7,0.78,15.2,0.26,8.4,0.25,13.9,0.24,14.3,0.23,14.7,0.22,15.2,0.29,41.23,0.39,50.0,0.41,5.0,0.44,5.0,0.48,35.0,0.03,0.03,0.094626,1776166656000
1776166657.608,157.608,0.7,7.0,0.62,16.0,0.61,60.9,0.6,10.8,0.59,10.7,0.78,5.0,0.81,10.0,0.83,18.39,0.84,19.3,0.85,20.39,0.26,8.4,0.25,13.9,0.24,14.3,0.23,14.7,0.22,15.2,0.29,41.23,0.39,50.0,0.41,5.0,0.44,5.0,0.48,35.0,0.08,0.03,0.094626,1776166656000
1776166658.146,158.146,0.7,7.0,0.62,16.0,0.61,60.9,0.6,10.8,0.59,10.7,0.78,5.0,0.81,10.0,0.83,18.39,0.84,19.3,0.85,20.39,0.22,5.0,0.19,10.0,0.17,18.39,0.16,19.3,0.15,20.39,0.3,7.0,0.38,16.0,0.39,60.9,0.4,10.8,0.41,10.7,0.08,0.08,0.094626,1776166657000
1776166659.081,159.081,0.7,7.0,0.62,16.0,0.61,60.9,0.6,10.8,0.59,10.7,0.78,5.0,0.81,10.0,0.83,18.39,0.84,19.3,0.85,20.39,0.22,5.0,0.19,10.0,0.17,18.39,0.16,19.3,0.15,20.39,0.3,7.0,0.38,16.0,0.39,60.9,0.4,10.8,0.41,10.7,0.08,0.08,0.094613,1776166658000
1776166660.193,160.193,0.7,7.0,0.62,16.0,0.61,60.9,0.6,10.8,0.59,10.7,0.78,5.0,0.81,10.0,0.83,18.39,0.84,19.3,0.85,20.39,0.22,5.0,0.19,10.0,0.17,18.39,0.16,19.3,0.15,20.39,0.3,7.0,0.38,16.0,0.39,60.9,0.4,10.8,0.41,10.7,0.08,0.08,0.094609,1776166659000
1776166661.19,161.19,0.73,1.84,0.65,7.0,0.61,60.9,0.6,15.8,0.59,10.7,0.76,14.3,0.77,19.7,0.78,15.2,0.79,25.7,0.8,16.2,0.22,5.0,0.19,10.0,0.17,18.39,0.16,19.3,0.15,20.39,0.3,7.0,0.38,16.0,0.39,60.9,0.4,10.8,0.41,10.7,0.03,0.08,0.094609,1776166659000
1776166662.451,162.451,0.73,1.84,0.65,7.0,0.61,60.9,0.6,15.8,0.59,10.7,0.76,14.3,0.77,19.7,0.78,15.2,0.79,25.7,0.8,16.2,0.24,14.3,0.23,19.7,0.22,15.2,0.21,25.7,0.2,16.2,0.27,1.84,0.35,7.0,0.39,60.9,0.4,15.8,0.41,10.7,0.03,0.03,0.094586,1776166661000
1776166662.92,162.92,0.73,1.84,0.65,7.0,0.61,60.9,0.6,15.8,0.59,10.7,0.76,14.3,0.77,19.7,0.78,15.2,0.79,25.7,0.8,16.2,0.24,14.3,0.23,19.7,0.22,15.2,0.21,25.7,0.2,16.2,0.27,1.84,0.35,7.0,0.39,60.9,0.4,15.8,0.41,10.7,0.03,0.03,0.094584,1776166662000
1776166664.001,164.001,0.73,1.84,0.65,7.0,0.61,60.9,0.6,15.8,0.59,10.7,0.76,14.3,0.77,19.7,0.78,15.2,0.79,25.7,0.8,16.2,0.24,14.3,0.23,19.7,0.22,15.2,0.21,25.7,0.2,16.2,0.27,1.84,0.35,7.0,0.39,60.9,0.4,15.8,0.41,10.7,0.03,0.03,0.094584,1776166663000
1776166665.09,165.09,0.73,1.84,0.65,7.0,0.61,60.9,0.6,15.8,0.59,10.7,0.76,14.3,0.77,19.7,0.78,15.2,0.79,25.7,0.8,16.2,0.24,14.3,0.23,19.7,0.22,15.2,0.21,25.7,0.2,16.2,0.27,1.84,0.35,7.0,0.39,60.9,0.4,15.8,0.41,10.7,0.03,0.03,0.094583,1776166664000
1776166666.224,166.224,0.73,1.84,0.65,7.0,0.61,60.9,0.6,15.8,0.59,10.7,0.76,14.3,0.77,19.7,0.78,15.2,0.79,25.7,0.8,16.2,0.24,14.3,0.23,19.7,0.22,15.2,0.21,25.7,0.2,16.2,0.27,1.84,0.35,7.0,0.39,60.9,0.4,15.8,0.41,10.7,0.03,0.03,0.094582,1776166665000
1776166667.29,167.29,0.73,1.84,0.65,7.0,0.61,60.9,0.6,15.8,0.59,10.7,0.76,14.3,0.77,19.7,0.78,15.2,0.79,25.7,0.8,16.2,0.24,14.3,0.23,19.7,0.22,15.2,0.21,25.7,0.2,16.2,0.27,1.84,0.35,7.0,0.39,60.9,0.4,15.8,0.41,10.7,0.03,0.03,0.094581,1776166666000
1776166668.388,168.388,0.73,1.84,0.65,7.0,0.61,60.9,0.6,15.8,0.59,10.7,0.76,14.3,0.77,19.7,0.78,15.2,0.79,25.7,0.8,16.2,0.24,14.3,0.23,19.7,0.22,15.2,0.21,25.7,0.2,16.2,0.27,1.84,0.35,7.0,0.39,60.9,0.4,15.8,0.41,10.7,0.03,0.03,0.094581,1776166667000
1776166668.893,168.893,0.73,1.84,0.65,7.0,0.61,60.9,0.6,15.8,0.59,10.7,0.76,14.3,0.77,19.7,0.78,15.2,0.79,25.7,0.8,16.2,0.24,14.3,0.23,19.7,0.22,15.2,0.21,25.7,0.2,16.2,0.27,1.84,0.35,7.0,0.39,60.9,0.4,15.8,0.41,10.7,0.03,0.03,0.094586,1776166668000
1776166670.139,170.139,0.73,1.84,0.65,7.0,0.61,60.9,0.6,15.8,0.59,10.7,0.76,14.3,0.77,19.7,0.78,15.2,0.79,25.7,0.8,16.2,0.24,14.3,0.23,19.7,0.22,15.2,0.21,25.7,0.2,16.2,0.27,1.84,0.35,7.0,0.39,60.9,0.4,15.8,0.41,10.7,0.03,0.03,0.094587,1776166669000
1776166671.161,171.161,0.73,1.84,0.65,7.0,0.61,60.9,0.6,15.8,0.59,10.7,0.76,14.3,0.77,19.7,0.78,15.2,0.79,25.7,0.8,16.2,0.24,14.3,0.23,19.7,0.22,15.2,0.21,25.7,0.2,16.2,0.27,1.84,0.35,7.0,0.39,60.9,0.4,15.8,0.41,10.7,0.03,0.03,0.094592,1776166670000
1776166672.303,172.303,0.73,1.84,0.65,7.0,0.61,60.9,0.6,15.8,0.59,10.7,0.76,14.3,0.77,19.7,0.78,15.2,0.79,25.7,0.8,16.2,0.24,14.3,0.23,19.7,0.22,15.2,0.21,25.7,0.2,16.2,0.27,1.84,0.35,7.0,0.39,60.9,0.4,15.8,0.41,10.7,0.03,0.03,0.094587,1776166671000
1776166672.907,172.907,0.73,1.84,0.65,7.0,0.61,60.9,0.6,15.8,0.59,10.7,0.76,14.3,0.77,19.7,0.78,15.2,0.79,25.7,0.8,16.2,0.24,14.3,0.23,19.7,0.22,15.2,0.21,25.7,0.2,16.2,0.27,1.84,0.35,7.0,0.39,60.9,0.4,15.8,0.41,10.7,0.03,0.03,0.094585,1776166672000
1776166673.96,173.96,0.73,1.84,0.65,7.0,0.61,60.9,0.6,15.8,0.59,10.7,0.76,14.3,0.77,19.7,0.78,15.2,0.79,25.7,0.8,16.2,0.24,14.3,0.23,19.7,0.22,15.2,0.21,25.7,0.2,16.2,0.27,1.84,0.35,7.0,0.39,60.9,0.4,15.8,0.41,10.7,0.03,0.03,0.094586,1776166673000
1776166675.075,175.075,0.73,1.84,0.65,7.0,0.61,60.9,0.6,15.8,0.59,10.7,0.76,14.3,0.77,19.7,0.78,15.2,0.79,25.7,0.8,16.2,0.24,14.3,0.23,19.7,0.22,15.2,0.21,25.7,0.2,16.2,0.27,1.84,0.35,7.0,0.39,60.9,0.4,15.8,0.41,10.7,0.03,0.03,0.094588,1776166674000
1776166676.663,176.663,0.73,1.84,0.65,7.0,0.61,60.9,0.6,15.8,0.59,10.7,0.76,14.3,0.77,19.7,0.78,15.2,0.79,25.7,0.8,16.2,0.24,14.3,0.23,19.7,0.22,15.2,0.21,25.7,0.2,16.2,0.27,1.84,0.35,7.0,0.39,60.9,0.4,15.8,0.41,10.7,0.03,0.03,0.094586,1776166675000
1776166677.108,177.108,0.73,1.84,0.65,7.0,0.61,60.9,0.6,15.8,0.59,10.7,0.76,14.3,0.77,19.7,0.78,15.2,0.79,25.7,0.8,16.2,0.24,14.3,0.23,19.7,0.22,15.2,0.21,25.7,0.2,16.2,0.27,1.84,0.35,7.0,0.39,60.9,0.4,15.8,0.41,10.7,0.03,0.03,0.094585,1776166676000
1776166678.051,178.051,0.73,1.84,0.65,7.0,0.61,60.9,0.6,15.8,0.59,10.7,0.76,14.3,0.77,19.7,0.78,15.2,0.79,25.7,0.8,16.2,0.24,14.3,0.23,19.7,0.22,15.2,0.21,25.7,0.2,16.2,0.27,1.84,0.35,7.0,0.39,60.9,0.4,15.8,0.41,10.7,0.03,0.03,0.094582,1776166677000
1776166679.048,179.048,0.73,1.84,0.65,7.0,0.61,60.9,0.6,15.8,0.59,10.7,0.76,14.3,0.77,19.7,0.78,15.2,0.79,25.7,0.8,16.2,0.24,14.3,0.23,19.7,0.22,15.2,0.21,25.7,0.2,16.2,0.27,1.84,0.35,7.0,0.39,60.9,0.4,15.8,0.41,10.7,0.03,0.03,0.094581,1776166678000
1776166679.937,179.937,0.73,1.84,0.65,7.0,0.61,60.9,0.6,15.8,0.59,10.7,0.76,14.3,0.77,19.7,0.78,15.2,0.79,25.7,0.8,16.2,0.24,14.3,0.23,19.7,0.22,15.2,0.21,25.7,0.2,16.2,0.27,1.84,0.35,7.0,0.39,60.9,0.4,15.8,0.41,10.7,0.03,0.03,0.094581,1776166679000
1776166680.894,180.894,0.73,1.84,0.65,7.0,0.61,60.9,0.6,15.8,0.59,10.7,0.76,14.3,0.77,19.7,0.78,15.2,0.79,25.7,0.8,16.2,0.24,14.3,0.23,19.7,0.22,15.2,0.21,25.7,0.2,16.2,0.27,1.84,0.35,7.0,0.39,60.9,0.4,15.8,0.41,10.7,0.03,0.03,0.094584,1776166680000
1776166681.51,181.51,0.77,13.0,0.76,6.0,0.74,6.75,0.71,55.0,0.67,5.0,0.78,3.03,0.84,5.0,0.85,30.39,0.86,21.6,0.87,23.0,0.24,14.3,0.23,19.7,0.22,15.2,0.21,25.7,0.2,16.2,0.27,1.84,0.35,7.0,0.39,60.9,0.4,15.8,0.41,10.7,0.01,0.03,0.094584,1776166680000
1776166681.877,181.877,0.77,13.0,0.76,6.0,0.74,6.75,0.71,55.0,0.67,5.0,0.84,5.0,0.85,20.39,0.86,21.6,0.87,23.0,0.88,24.6,0.16,5.0,0.15,20.39,0.14,21.6,0.13,23.0,0.12,24.6,0.23,13.0,0.24,6.0,0.26,6.75,0.29,55.0,0.33,5.0,0.07,0.07,0.094585,1776166681000
1776166682.944,182.944,0.77,13.0,0.76,6.0,0.74,6.75,0.71,55.0,0.67,5.0,0.84,5.0,0.85,20.39,0.86,21.6,0.87,23.0,0.88,24.6,0.16,5.0,0.15,20.39,0.14,21.6,0.13,23.0,0.12,24.6,0.23,13.0,0.24,6.0,0.26,6.75,0.29,55.0,0.33,5.0,0.07,0.07,0.094586,1776166682000
1776166683.928,183.928,0.77,13.0,0.76,6.0,0.74,6.75,0.71,55.0,0.67,5.0,0.84,5.0,0.85,20.39,0.86,21.6,0.87,23.0,0.88,24.6,0.16,5.0,0.15,20.39,0.14,21.6,0.13,23.0,0.12,24.6,0.23,13.0,0.24,6.0,0.26,6.75,0.29,55.0,0.33,5.0,0.07,0.07,0.094616,1776166683000
1776166685.284,185.284,0.77,13.0,0.76,6.0,0.74,6.75,0.71,55.0,0.67,5.0,0.84,5.0,0.85,20.39,0.86,21.6,0.87,23.0,0.88,24.6,0.16,5.0,0.15,20.39,0.14,21.6,0.13,23.0,0.12,24.6,0.23,13.0,0.24,6.0,0.26,6.75,0.29,55.0,0.33,5.0,0.07,0.07,0.094621,1776166684000
1776166686.149,186.149,0.77,13.0,0.76,6.0,0.74,6.75,0.71,55.0,0.67,5.0,0.84,5.0,0.85,20.39,0.86,21.6,0.87,23.0,0.88,24.6,0.16,5.0,0.15,20.39,0.14,21.6,0.13,23.0,0.12,24.6,0.23,13.0,0.24,6.0,0.26,6.75,0.29,55.0,0.33,5.0,0.07,0.07,0.094621,1776166685000
1776166687.175,187.175,0.77,13.0,0.76,6.0,0.74,6.75,0.71,55.0,0.67,5.0,0.84,5.0,0.85,20.39,0.86,21.6,0.87,23.0,0.88,24.6,0.16,5.0,0.15,20.39,0.14,21.6,0.13,23.0,0.12,24.6,0.23,13.0,0.24,6.0,0.26,6.75,0.29,55.0,0.33,5.0,0.07,0.07,0.094621,1776166686000
1776166688.148,188.148,0.77,13.0,0.76,6.0,0.74,6.75,0.71,55.0,0.67,5.0,0.84,5.0,0.85,20.39,0.86,21.6,0.87,23.0,0.88,24.6,0.16,5.0,0.15,20.39,0.14,21.6,0.13,23.0,0.12,24.6,0.23,13.0,0.24,6.0,0.26,6.75,0.29,55.0,0.33,5.0,0.07,0.07,0.094621,1776166687000
1776166689.711,189.711,0.77,13.0,0.76,6.0,0.74,6.75,0.71,55.0,0.67,5.0,0.84,5.0,0.85,20.39,0.86,21.6,0.87,23.0,0.88,24.6,0.16,5.0,0.15,20.39,0.14,21.6,0.13,23.0,0.12,24.6,0.23,13.0,0.24,6.0,0.26,6.75,0.29,55.0,0.33,5.0,0.07,0.07,0.094634,1776166688000
1776166690.394,190.394,0.77,13.0,0.76,6.0,0.74,6.75,0.71,55.0,0.67,5.0,0.84,5.0,0.85,20.39,0.86,21.6,0.87,23.0,0.88,24.6,0.16,5.0,0.15,20.39,0.14,21.6,0.13,23.0,0.12,24.6,0.23,13.0,0.24,6.0,0.26,6.75,0.29,55.0,0.33,5.0,0.07,0.07,0.094632,1776166689000
1776166691.496,191.496,0.77,13.0,0.76,6.0,0.74,6.75,0.71,55.0,0.67,5.0,0.84,5.0,0.85,20.39,0.86,21.6,0.87,23.0,0.88,24.6,0.16,5.0,0.15,20.39,0.14,21.6,0.13,23.0,0.12,24.6,0.23,13.0,0.24,6.0,0.26,6.75,0.29,55.0,0.33,5.0,0.07,0.07,0.094634,1776166690000
1776166692.014,192.014,0.77,13.0,0.76,6.0,0.74,6.75,0.71,55.0,0.67,5.0,0.84,5.0,0.85,20.39,0.86,21.6,0.87,23.0,0.88,24.6,0.16,5.0,0.15,20.39,0.14,21.6,0.13,23.0,0.12,24.6,0.23,13.0,0.24,6.0,0.26,6.75,0.29,55.0,0.33,5.0,0.07,0.07,0.094634,1776166691000
1776166693.257,193.257,0.77,13.0,0.76,6.0,0.74,6.75,0.71,55.0,0.67,5.0,0.84,5.0,0.85,20.39,0.86,21.6,0.87,23.0,0.88,24.6,0.16,5.0,0.15,20.39,0.14,21.6,0.13,23.0,0.12,24.6,0.23,13.0,0.24,6.0,0.26,6.75,0.29,55.0,0.33,5.0,0.07,0.07,0.094635,1776166692000
1776166695.182,195.182,0.77,13.0,0.76,6.0,0.74,6.75,0.71,55.0,0.67,5.0,0.84,5.0,0.85,20.39,0.86,21.6,0.87,23.0,0.88,24.6,0.16,5.0,0.15,20.39,0.14,21.6,0.13,23.0,0.12,24.6,0.23,13.0,0.24,6.0,0.26,6.75,0.29,55.0,0.33,5.0,0.07,0.07,0.094635,1776166694000
1776166696.391,196.391,0.77,13.0,0.76,6.0,0.74,6.75,0.71,55.0,0.67,5.0,0.84,5.0,0.85,20.39,0.86,21.6,0.87,23.0,0.88,24.6,0.16,5.0,0.15,20.39,0.14,21.6,0.13,23.0,0.12,24.6,0.23,13.0,0.24,6.0,0.26,6.75,0.29,55.0,0.33,5.0,0.07,0.07,0.094635,1776166695000
1776166696.979,196.979,0.77,13.0,0.76,6.0,0.74,6.75,0.71,55.0,0.67,5.0,0.84,5.0,0.85,20.39,0.86,21.6,0.87,23.0,0.88,24.6,0.16,5.0,0.15,20.39,0.14,21.6,0.13,23.0,0.12,24.6,0.23,13.0,0.24,6.0,0.26,6.75,0.29,55.0,0.33,5.0,0.07,0.07,0.094635,1776166696000
1776166697.26,197.26,0.85,5.0,0.81,60.76,0.8,16.3,0.79,15.7,0.78,15.2,0.89,26.6,0.9,38.9,0.91,31.7,0.92,35.29,0.93,39.9,0.16,5.0,0.15,20.39,0.14,21.6,0.13,23.0,0.12,24.6,0.23,13.0,0.24,6.0,0.26,6.75,0.29,55.0,0.33,5.0,0.04,0.07,0.094635,1776166696000
1776166698.289,198.289,0.85,5.0,0.81,60.76,0.8,16.3,0.79,15.7,0.78,15.2,0.89,26.6,0.9,38.9,0.91,31.7,0.92,35.29,0.93,39.9,0.11,26.6,0.1,38.9,0.09,31.7,0.08,35.29,0.07,39.9,0.15,5.0,0.19,60.76,0.2,16.3,0.21,15.7,0.22,15.2,0.04,0.04,0.094636,1776166697000
1776166699.464,199.464,0.85,5.0,0.81,60.76,0.8,16.3,0.79,15.7,0.78,15.2,0.89,26.6,0.9,38.9,0.91,31.7,0.92,35.29,0.93,39.9,0.11,26.6,0.1,38.9,0.09,31.7,0.08,35.29,0.07,39.9,0.15,5.0,0.19,60.76,0.2,16.3,0.21,15.7,0.22,15.2,0.04,0.04,0.094635,1776166698000
1776166700.134,200.134,0.85,5.0,0.81,60.76,0.8,16.3,0.79,15.7,0.78,15.2,0.89,26.6,0.9,38.9,0.91,31.7,0.92,35.29,0.93,39.9,0.11,26.6,0.1,38.9,0.09,31.7,0.08,35.29,0.07,39.9,0.15,5.0,0.19,60.76,0.2,16.3,0.21,15.7,0.22,15.2,0.04,0.04,0.094635,1776166699000
1776166700.738,200.738,0.86,5.0,0.82,17.6,0.81,77.65,0.8,16.3,0.79,15.7,0.9,33.9,0.91,31.7,0.92,35.29,0.93,39.9,0.94,46.1,0.11,26.6,0.1,38.9,0.09,31.7,0.08,35.29,0.07,39.9,0.15,5.0,0.19,60.76,0.2,16.3,0.21,15.7,0.22,15.2,0.04,0.04,0.094635,1776166699000
1776166701.301,201.301,0.86,5.0,0.83,18.39,0.82,17.6,0.81,77.65,0.8,16.3,0.91,14.66,0.92,35.29,0.93,39.9,0.94,46.1,0.95,59.7,0.1,33.9,0.09,31.7,0.08,35.29,0.07,39.9,0.06,46.1,0.14,5.0,0.18,17.6,0.19,77.65,0.2,16.3,0.21,15.7,0.05,0.04,0.094635,1776166699000
1776166702.042,202.042,0.86,5.0,0.83,18.39,0.82,17.6,0.81,77.65,0.8,16.3,0.91,14.66,0.92,35.29,0.93,39.9,0.94,46.1,0.95,59.7,0.09,14.66,0.08,35.29,0.07,39.9,0.06,46.1,0.05,59.7,0.14,5.0,0.17,18.39,0.18,17.6,0.19,77.65,0.2,16.3,0.05,0.05,0.094636,1776166701000
1776166703.42,203.42,0.86,5.0,0.83,18.39,0.82,17.6,0.81,77.65,0.8,16.3,0.91,14.66,0.92,35.29,0.93,39.9,0.94,46.1,0.95,59.7,0.09,14.66,0.08,35.29,0.07,39.9,0.06,46.1,0.05,59.7,0.14,5.0,0.17,18.39,0.18,17.6,0.19,77.65,0.2,16.3,0.05,0.05,0.09464,1776166702000
1776166704.013,204.013,0.86,5.0,0.83,18.39,0.82,17.6,0.81,77.65,0.8,16.3,0.91,14.66,0.92,35.29,0.93,39.9,0.94,46.1,0.95,59.7,0.09,14.66,0.08,35.29,0.07,39.9,0.06,46.1,0.05,59.7,0.14,5.0,0.17,18.39,0.18,17.6,0.19,77.65,0.2,16.3,0.05,0.05,0.09464,1776166703000
1776166705.254,205.254,0.86,5.0,0.83,18.39,0.82,17.6,0.81,77.65,0.8,16.3,0.91,14.66,0.92,35.29,0.93,39.9,0.94,46.1,0.95,59.7,0.09,14.66,0.08,35.29,0.07,39.9,0.06,46.1,0.05,59.7,0.14,5.0,0.17,18.39,0.18,17.6,0.19,77.65,0.2,16.3,0.05,0.05,0.09464,1776166704000
1776166705.578,205.578,0.81,10.76,0.75,13.9,0.74,20.25,0.73,13.2,0.72,17.9,0.86,0.79,0.87,23.0,0.88,24.6,0.89,31.6,0.9,38.9,0.14,10.1,0.13,23.0,0.12,24.6,0.11,41.6,0.1,28.9,0.19,10.76,0.25,13.9,0.26,20.25,0.27,13.2,0.28,17.9,0.05,0.05,0.09464,1776166704000
1776166706.163,206.163,0.81,10.76,0.75,13.9,0.74,20.25,0.73,13.2,0.72,17.9,0.86,0.79,0.87,23.0,0.88,24.6,0.89,31.6,0.9,38.9,0.14,0.79,0.13,23.0,0.12,24.6,0.11,31.6,0.1,38.9,0.19,10.76,0.25,13.9,0.26,20.25,0.27,13.2,0.28,17.9,0.05,0.05,0.094616,1776166705000
1776166707.144,207.144,0.81,10.76,0.75,13.9,0.74,20.25,0.73,13.2,0.72,17.9,0.86,0.79,0.87,23.0,0.88,24.6,0.89,31.6,0.9,38.9,0.14,0.79,0.13,23.0,0.12,24.6,0.11,31.6,0.1,38.9,0.19,10.76,0.25,13.9,0.26,20.25,0.27,13.2,0.28,17.9,0.05,0.05,0.094607,1776166706000
1776166708.126,208.126,0.81,10.76,0.75,13.9,0.74,20.25,0.73,13.2,0.72,17.9,0.86,0.79,0.87,23.0,0.88,24.6,0.89,31.6,0.9,38.9,0.14,0.79,0.13,23.0,0.12,24.6,0.11,31.6,0.1,38.9,0.19,10.76,0.25,13.9,0.26,20.25,0.27,13.2,0.28,17.9,0.05,0.05,0.094607,1776166707000
1776166709.13,209.13,0.81,10.76,0.75,13.9,0.74,20.25,0.73,13.2,0.72,17.9,0.86,0.79,0.87,23.0,0.88,24.6,0.89,31.6,0.9,38.9,0.14,0.79,0.13,23.0,0.12,24.6,0.11,31.6,0.1,38.9,0.19,10.76,0.25,13.9,0.26,20.25,0.27,13.2,0.28,17.9,0.05,0.05,0.094608,1776166708000
1776166709.952,209.952,0.81,10.76,0.75,13.9,0.74,20.25,0.73,13.2,0.72,17.9,0.86,0.79,0.87,23.0,0.88,24.6,0.89,31.6,0.9,38.9,0.14,0.79,0.13,23.0,0.12,24.6,0.11,31.6,0.1,38.9,0.19,10.76,0.25,13.9,0.26,20.25,0.27,13.2,0.28,17.9,0.05,0.05,0.094609,1776166709000
1776166710.973,210.973,0.81,10.76,0.75,13.9,0.74,20.25,0.73,13.2,0.72,17.9,0.86,0.79,0.87,23.0,0.88,24.6,0.89,31.6,0.9,38.9,0.14,0.79,0.13,23.0,0.12,24.6,0.11,31.6,0.1,38.9,0.19,10.76,0.25,13.9,0.26,20.25,0.27,13.2,0.28,17.9,0.05,0.05,0.094609,1776166710000
1776166711.911,211.911,0.83,6.0,0.81,10.76,0.76,14.3,0.75,13.9,0.74,20.25,0.87,23.0,0.88,24.6,0.89,26.6,0.9,38.9,0.91,14.66,0.13,23.0,0.12,24.6,0.11,26.6,0.1,38.9,0.09,14.66,0.17,6.0,0.19,10.76,0.24,14.3,0.25,13.9,0.26,20.25,0.04,0.04,0.094608,1776166711000
1776166712.903,212.903,0.83,6.0,0.81,10.76,0.76,14.3,0.75,13.9,0.74,20.25,0.87,23.0,0.88,24.6,0.89,26.6,0.9,38.9,0.91,14.66,0.13,23.0,0.12,24.6,0.11,26.6,0.1,38.9,0.09,14.66,0.17,6.0,0.19,10.76,0.24,14.3,0.25,13.9,0.26,20.25,0.04,0.04,0.094608,1776166712000
1776166713.865,213.865,0.83,6.0,0.81,10.76,0.75,13.9,0.74,20.25,0.73,13.2,0.87,23.0,0.88,24.6,0.89,26.6,0.9,38.9,0.91,14.66,0.13,23.0,0.12,24.6,0.11,26.6,0.1,38.9,0.09,14.66,0.17,6.0,0.19,10.76,0.25,13.9,0.26,20.25,0.27,13.2,0.04,0.04,0.094608,1776166713000
1776166715.085,215.085,0.84,5.0,0.81,10.76,0.76,14.3,0.75,13.9,0.74,20.25,0.87,15.38,0.88,24.6,0.89,26.6,0.9,28.9,0.91,14.66,0.13,17.94,0.12,24.6,0.11,26.6,0.1,38.9,0.09,14.66,0.17,6.0,0.19,10.76,0.25,13.9,0.26,20.25,0.27,13.2,0.03,0.04,0.094608,1776166713000
1776166715.326,215.326,0.84,5.0,0.81,10.76,0.76,14.3,0.75,13.9,0.74,20.25,0.87,15.38,0.88,24.6,0.89,26.6,0.9,28.9,0.91,14.66,0.13,15.38,0.12,24.6,0.11,26.6,0.1,28.9,0.09,14.66,0.16,5.0,0.19,10.76,0.24,14.3,0.25,13.9,0.26,20.25,0.03,0.03,0.094607,1776166714000
1776166716.281,216.281,0.84,5.0,0.81,10.76,0.76,14.3,0.75,13.9,0.74,20.25,0.87,15.38,0.88,24.6,0.89,26.6,0.9,28.9,0.91,14.66,0.13,15.38,0.12,24.6,0.11,26.6,0.1,28.9,0.09,14.66,0.16,5.0,0.19,10.76,0.24,14.3,0.25,13.9,0.26,20.25,0.03,0.03,0.094608,1776166715000
1776166717.217,217.217,0.84,5.0,0.81,10.76,0.76,14.3,0.75,13.9,0.74,20.25,0.87,15.38,0.88,24.6,0.89,26.6,0.9,28.9,0.91,14.66,0.13,15.38,0.12,24.6,0.11,26.6,0.1,28.9,0.09,14.66,0.16,5.0,0.19,10.76,0.24,14.3,0.25,13.9,0.26,20.25,0.03,0.03,0.094608,1776166716000
1776166718.76,218.76,0.84,5.0,0.81,10.76,0.76,14.3,0.75,13.9,0.74,20.25,0.87,15.38,0.88,24.6,0.89,26.6,0.9,28.9,0.91,14.66,0.13,15.38,0.12,24.6,0.11,26.6,0.1,28.9,0.09,14.66,0.16,5.0,0.19,10.76,0.24,14.3,0.25,13.9,0.26,20.25,0.03,0.03,0.094608,1776166717000
1776166719.288,219.288,0.84,5.0,0.81,10.76,0.76,14.3,0.75,13.9,0.74,20.25,0.87,15.38,0.88,24.6,0.89,26.6,0.9,28.9,0.91,14.66,0.13,15.38,0.12,24.6,0.11,26.6,0.1,28.9,0.09,14.66,0.16,5.0,0.19,10.76,0.24,14.3,0.25,13.9,0.26,20.25,0.03,0.03,0.094608,1776166718000
1776166719.543,219.543,0.87,5.0,0.85,5.0,0.81,10.76,0.77,14.7,0.76,14.3,0.88,4.67,0.89,26.6,0.9,28.9,0.91,14.66,0.92,35.29,0.13,15.38,0.12,24.6,0.11,26.6,0.1,28.9,0.09,14.66,0.16,5.0,0.19,10.76,0.24,14.3,0.25,13.9,0.26,20.25,0.01,0.03,0.094608,1776166718000
1776166720.815,220.815,0.87,5.0,0.85,5.0,0.81,10.76,0.77,14.7,0.76,14.3,0.88,4.67,0.89,26.6,0.9,28.9,0.91,14.66,0.92,35.29,0.12,4.67,0.11,26.6,0.1,28.9,0.09,14.66,0.08,35.29,0.13,5.0,0.15,5.0,0.19,10.76,0.23,14.7,0.24,14.3,0.01,0.01,0.094608,1776166719000
1776166721.258,221.258,0.87,5.0,0.85,5.0,0.81,10.76,0.75,13.9,0.74,20.25,0.89,19.98,0.9,28.9,0.91,14.66,0.92,35.29,0.93,39.9,0.12,4.67,0.11,26.6,0.1,28.9,0.09,14.66,0.08,35.29,0.13,5.0,0.15,5.0,0.19,10.76,0.23,14.7,0.24,14.3,0.02,0.01,0.094608,1776166719000
1776166722.076,222.076,0.87,5.0,0.85,5.0,0.81,10.76,0.75,13.9,0.74,20.25,0.89,19.98,0.9,28.9,0.91,14.66,0.92,35.29,0.93,39.9,0.11,19.98,0.1,28.9,0.09,14.66,0.08,35.29,0.07,39.9,0.13,5.0,0.15,5.0,0.19,10.76,0.25,13.9,0.26,20.25,0.02,0.02,0.094608,1776166721000
1776166723.398,223.398,0.87,5.0,0.85,5.0,0.81,10.76,0.75,13.9,0.74,20.25,0.89,19.98,0.9,28.9,0.91,14.66,0.92,35.29,0.93,39.9,0.11,19.98,0.1,28.9,0.09,14.66,0.08,35.29,0.07,39.9,0.13,5.0,0.15,5.0,0.19,10.76,0.25,13.9,0.26,20.25,0.02,0.02,0.094604,1776166722000
1776166723.992,223.992,0.87,5.0,0.85,5.0,0.81,10.76,0.75,13.9,0.74,20.25,0.89,19.98,0.9,28.9,0.91,14.66,0.92,35.29,0.93,39.9,0.11,19.98,0.1,28.9,0.09,14.66,0.08,35.29,0.07,39.9,0.13,5.0,0.15,5.0,0.19,10.76,0.25,13.9,0.26,20.25,0.02,0.02,0.094608,1776166723000
1776166725.064,225.064,0.87,5.0,0.85,5.0,0.81,10.76,0.75,13.9,0.74,20.25,0.89,19.98,0.9,28.9,0.91,14.66,0.92,35.29,0.93,39.9,0.11,19.98,0.1,28.9,0.09,14.66,0.08,35.29,0.07,39.9,0.13,5.0,0.15,5.0,0.19,10.76,0.25,13.9,0.26,20.25,0.02,0.02,0.094616,1776166724000
1776166726.225,226.225,0.87,5.0,0.85,5.0,0.81,10.76,0.75,13.9,0.74,20.25,0.89,19.98,0.9,28.9,0.91,14.66,0.92,35.29,0.93,39.9,0.11,19.98,0.1,28.9,0.09,14.66,0.08,35.29,0.07,39.9,0.13,5.0,0.15,5.0,0.19,10.76,0.25,13.9,0.26,20.25,0.02,0.02,0.094619,1776166725000
1776166727.364,227.364,0.87,5.0,0.85,5.0,0.81,10.76,0.75,13.9,0.74,20.25,0.89,19.98,0.9,28.9,0.91,14.66,0.92,35.29,0.93,39.9,0.11,19.98,0.1,28.9,0.09,14.66,0.08,35.29,0.07,39.9,0.13,5.0,0.15,5.0,0.19,10.76,0.25,13.9,0.26,20.25,0.02,0.02,0.094619,1776166726000
1776166727.922,227.922,0.87,5.0,0.85,5.0,0.81,10.76,0.75,13.9,0.74,20.25,0.89,19.98,0.9,28.9,0.91,14.66,0.92,35.29,0.93,39.9,0.11,19.98,0.1,28.9,0.09,14.66,0.08,35.29,0.07,39.9,0.13,5.0,0.15,5.0,0.19,10.76,0.25,13.9,0.26,20.25,0.02,0.02,0.094619,1776166727000
1776166729.317,229.317,0.87,5.0,0.85,5.0,0.81,10.76,0.75,13.9,0.74,20.25,0.89,19.98,0.9,28.9,0.91,14.66,0.92,35.29,0.93,39.9,0.11,19.98,0.1,28.9,0.09,14.66,0.08,35.29,0.07,39.9,0.13,5.0,0.15,5.0,0.19,10.76,0.25,13.9,0.26,20.25,0.02,0.02,0.09463,1776166728000
1776166730.523,230.523,0.87,5.0,0.85,5.0,0.81,10.76,0.75,13.9,0.74,20.25,0.89,19.98,0.9,28.9,0.91,14.66,0.92,35.29,0.93,39.9,0.11,19.98,0.1,28.9,0.09,14.66,0.08,35.29,0.07,39.9,0.13,5.0,0.15,5.0,0.19,10.76,0.25,13.9,0.26,20.25,0.02,0.02,0.094626,1776166729000
1776166731.091,231.091,0.87,5.0,0.85,5.0,0.81,10.76,0.75,13.9,0.74,20.25,0.89,19.98,0.9,28.9,0.91,14.66,0.92,35.29,0.93,39.9,0.11,19.98,0.1,28.9,0.09,14.66,0.08,35.29,0.07,39.9,0.13,5.0,0.15,5.0,0.19,10.76,0.25,13.9,0.26,20.25,0.02,0.02,0.094626,1776166730000
1776166732.143,232.143,0.87,5.0,0.85,5.0,0.81,10.76,0.75,13.9,0.74,20.25,0.89,19.98,0.9,28.9,0.91,14.66,0.92,35.29,0.93,39.9,0.11,19.98,0.1,28.9,0.09,14.66,0.08,35.29,0.07,39.9,0.13,5.0,0.15,5.0,0.19,10.76,0.25,13.9,0.26,20.25,0.02,0.02,0.094613,1776166731000
1776166733.315,233.315,0.87,5.0,0.85,5.0,0.81,10.76,0.75,13.9,0.74,20.25,0.89,19.98,0.9,28.9,0.91,14.66,0.92,35.29,0.93,39.9,0.11,19.98,0.1,28.9,0.09,14.66,0.08,35.29,0.07,39.9,0.13,5.0,0.15,5.0,0.19,10.76,0.25,13.9,0.26,20.25,0.02,0.02,0.094613,1776166732000
1776166734.273,234.273,0.87,5.0,0.85,5.0,0.81,10.76,0.75,13.9,0.74,20.25,0.89,19.98,0.9,28.9,0.91,14.66,0.92,35.29,0.93,39.9,0.11,19.98,0.1,28.9,0.09,14.66,0.08,35.29,0.07,39.9,0.13,5.0,0.15,5.0,0.19,10.76,0.25,13.9,0.26,20.25,0.02,0.02,0.094613,1776166733000
1776166735.4,235.4,0.87,5.0,0.85,5.0,0.81,10.76,0.75,13.9,0.74,20.25,0.89,19.98,0.9,28.9,0.91,14.66,0.92,35.29,0.93,39.9,0.11,19.98,0.1,28.9,0.09,14.66,0.08,35.29,0.07,39.9,0.13,5.0,0.15,5.0,0.19,10.76,0.25,13.9,0.26,20.25,0.02,0.02,0.094613,1776166734000
1776166735.963,235.963,0.87,5.0,0.85,5.0,0.81,10.76,0.75,13.9,0.74,20.25,0.89,19.98,0.9,28.9,0.91,14.66,0.92,35.29,0.93,39.9,0.11,19.98,0.1,28.9,0.09,14.66,0.08,35.29,0.07,39.9,0.13,5.0,0.15,5.0,0.19,10.76,0.25,13.9,0.26,20.25,0.02,0.02,0.094613,1776166735000
1776166737.207,237.207,0.87,5.0,0.85,5.0,0.81,10.76,0.75,13.9,0.74,20.25,0.89,19.98,0.9,28.9,0.91,14.66,0.92,35.29,0.93,39.9,0.11,19.98,0.1,28.9,0.09,14.66,0.08,35.29,0.07,39.9,0.13,5.0,0.15,5.0,0.19,10.76,0.25,13.9,0.26,20.25,0.02,0.02,0.094616,1776166736000
1776166738.354,238.354,0.87,5.0,0.85,5.0,0.81,10.76,0.75,13.9,0.74,20.25,0.89,19.98,0.9,28.9,0.91,14.66,0.92,35.29,0.93,39.9,0.11,19.98,0.1,28.9,0.09,14.66,0.08,35.29,0.07,39.9,0.13,5.0,0.15,5.0,0.19,10.76,0.25,13.9,0.26,20.25,0.02,0.02,0.094624,1776166737000
1776166739.294,239.294,0.87,5.0,0.85,5.0,0.81,10.76,0.75,13.9,0.74,20.25,0.89,19.98,0.9,28.9,0.91,14.66,0.92,35.29,0.93,39.9,0.11,19.98,0.1,28.9,0.09,14.66,0.08,35.29,0.07,39.9,0.13,5.0,0.15,5.0,0.19,10.76,0.25,13.9,0.26,20.25,0.02,0.02,0.094624,1776166738000
1776166739.828,239.828,0.88,29.6,0.87,23.0,0.86,21.6,0.85,20.39,0.84,19.3,0.95,8.7,0.96,72.7,0.97,89.3,0.98,147.69,0.99,6619.47,0.11,19.98,0.1,28.9,0.09,14.66,0.08,35.29,0.07,39.9,0.13,5.0,0.15,5.0,0.19,10.76,0.25,13.9,0.26,20.25,0.07,0.02,0.094624,1776166738000
1776166740.255,240.255,0.88,29.6,0.87,23.0,0.86,21.6,0.85,20.39,0.84,19.3,0.95,8.7,0.96,72.7,0.97,89.3,0.98,147.69,0.99,6619.47,0.05,8.7,0.04,72.7,0.03,89.3,0.02,147.69,0.01,6619.47,0.12,29.6,0.13,23.0,0.14,21.6,0.15,20.39,0.16,19.3,0.07,0.07,0.094625,1776166739000
1776166741.342,241.342,0.88,29.6,0.87,23.0,0.86,21.6,0.85,20.39,0.84,19.3,0.95,8.7,0.96,72.7,0.97,89.3,0.98,147.69,0.99,6619.47,0.05,8.7,0.04,72.7,0.03,89.3,0.02,147.69,0.01,6619.47,0.12,29.6,0.13,23.0,0.14,21.6,0.15,20.39,0.16,19.3,0.07,0.07,0.094625,1776166740000
1776166741.932,241.932,0.88,29.6,0.87,23.0,0.86,21.6,0.85,20.39,0.84,19.3,0.95,8.7,0.96,72.7,0.97,89.3,0.98,147.69,0.99,6619.47,0.05,8.7,0.04,72.7,0.03,89.3,0.02,147.69,0.01,6619.47,0.12,29.6,0.13,23.0,0.14,21.6,0.15,20.39,0.16,19.3,0.07,0.07,0.094627,1776166741000
1776166743.109,243.109,0.88,29.6,0.87,23.0,0.86,21.6,0.85,20.39,0.84,19.3,0.95,8.7,0.96,72.7,0.97,89.3,0.98,147.69,0.99,6619.47,0.05,8.7,0.04,72.7,0.03,89.3,0.02,147.69,0.01,6619.47,0.12,29.6,0.13,23.0,0.14,21.6,0.15,20.39,0.16,19.3,0.07,0.07,0.094629,1776166742000
1776166744.298,244.298,0.88,29.6,0.87,23.0,0.86,21.6,0.85,20.39,0.84,19.3,0.95,8.7,0.96,72.7,0.97,89.3,0.98,147.69,0.99,6619.47,0.05,8.7,0.04,72.7,0.03,89.3,0.02,147.69,0.01,6619.47,0.12,29.6,0.13,23.0,0.14,21.6,0.15,20.39,0.16,19.3,0.07,0.07,0.094626,1776166743000
1776166745.387,245.387,0.88,29.6,0.87,23.0,0.86,21.6,0.85,20.39,0.84,19.3,0.95,8.7,0.96,72.7,0.97,89.3,0.98,147.69,0.99,6619.47,0.05,8.7,0.04,72.7,0.03,89.3,0.02,147.69,0.01,6619.47,0.12,29.6,0.13,23.0,0.14,21.6,0.15,20.39,0.16,19.3,0.07,0.07,0.094625,1776166744000
1776166745.946,245.946,0.88,29.6,0.87,23.0,0.86,21.6,0.85,20.39,0.84,19.3,0.95,8.7,0.96,72.7,0.97,89.3,0.98,147.69,0.99,6619.47,0.05,8.7,0.04,72.7,0.03,89.3,0.02,147.69,0.01,6619.47,0.12,29.6,0.13,23.0,0.14,21.6,0.15,20.39,0.16,19.3,0.07,0.07,0.094625,1776166745000
1776166746.202,246.202,0.91,29.2,0.9,36.9,0.89,26.6,0.88,29.6,0.87,23.0,0.96,72.7,0.97,89.3,0.98,147.69,0.99,5519.47,,,0.05,8.7,0.04,72.7,0.03,89.3,0.02,147.69,0.01,6619.47,0.12,29.6,0.13,23.0,0.14,21.6,0.15,20.39,0.16,19.3,0.05,0.07,0.094625,1776166745000
1776166747.141,247.141,0.91,29.2,0.9,36.9,0.89,26.6,0.88,29.6,0.87,23.0,0.96,72.7,0.97,89.3,0.98,147.69,0.99,5519.47,,,0.04,72.7,0.03,89.3,0.02,147.69,0.01,5519.47,,,0.09,29.2,0.1,36.9,0.11,26.6,0.12,29.6,0.13,23.0,0.05,0.05,0.094625,1776166746000
1776166748.758,248.758,0.91,29.2,0.9,36.9,0.89,26.6,0.88,29.6,0.87,23.0,0.96,72.7,0.97,89.3,0.98,147.69,0.99,5519.47,,,0.04,72.7,0.03,89.3,0.02,147.69,0.01,5519.47,,,0.09,29.2,0.1,36.9,0.11,26.6,0.12,29.6,0.13,23.0,0.05,0.05,0.094625,1776166747000
1776166749.275,249.275,0.91,29.2,0.9,36.9,0.89,26.6,0.88,29.6,0.87,23.0,0.96,72.7,0.97,89.3,0.98,147.69,0.99,5519.47,,,0.04,72.7,0.03,89.3,0.02,147.69,0.01,5519.47,,,0.09,29.2,0.1,36.9,0.11,26.6,0.12,29.6,0.13,23.0,0.05,0.05,0.094626,1776166748000
1776166750.307,250.307,0.91,29.2,0.9,36.9,0.89,26.6,0.88,29.6,0.87,23.0,0.96,72.7,0.97,89.3,0.98,147.69,0.99,5519.47,,,0.04,72.7,0.03,89.3,0.02,147.69,0.01,5519.47,,,0.09,29.2,0.1,36.9,0.11,26.6,0.12,29.6,0.13,23.0,0.05,0.05,0.094631,1776166749000
1776166751.107,251.107,0.94,5.32,0.93,39.9,0.92,35.29,0.91,29.2,0.9,28.9,0.97,83.99,0.98,147.69,0.99,5519.47,,,,,0.04,72.7,0.03,89.3,0.02,147.69,0.01,5519.47,,,0.09,29.2,0.1,36.9,0.11,26.6,0.12,29.6,0.13,23.0,0.03,0.05,0.094631,1776166749000
1776166752.132,252.132,0.94,5.32,0.93,45.28,0.92,35.29,0.91,29.2,0.9,28.9,0.98,139.69,0.99,5519.47,,,,,,,0.03,83.99,0.02,147.69,0.01,5519.47,,,,,0.06,5.32,0.07,39.9,0.08,35.29,0.09,29.2,0.1,28.9,0.04,0.03,0.094631,1776166750000
1776166752.372,252.372,0.94,5.32,0.93,45.28,0.92,35.29,0.91,29.2,0.9,28.9,0.98,139.69,0.99,5519.47,,,,,,,0.02,139.69,0.01,5519.47,,,,,,,0.06,5.32,0.07,45.28,0.08,35.29,0.09,29.2,0.1,28.9,0.04,0.04,0.094631,1776166751000
1776166753.485,253.485,0.94,5.32,0.93,45.28,0.92,35.29,0.91,29.2,0.9,28.9,0.98,139.69,0.99,5519.47,,,,,,,0.02,139.69,0.01,5519.47,,,,,,,0.06,5.32,0.07,45.28,0.08,35.29,0.09,29.2,0.1,28.9,0.04,0.04,0.094631,1776166752000
1776166754.028,254.028,0.94,5.32,0.93,45.28,0.92,35.29,0.91,29.2,0.9,28.9,0.98,139.69,0.99,5519.47,,,,,,,0.02,139.69,0.01,5519.47,,,,,,,0.06,5.32,0.07,45.28,0.08,35.29,0.09,29.2,0.1,28.9,0.04,0.04,0.094631,1776166753000
1776166755.322,255.322,0.94,5.32,0.93,45.28,0.92,35.29,0.91,29.2,0.9,28.9,0.98,139.69,0.99,5519.47,,,,,,,0.02,139.69,0.01,5519.47,,,,,,,0.06,5.32,0.07,45.28,0.08,35.29,0.09,29.2,0.1,28.9,0.04,0.04,0.094631,1776166754000
1776166756.168,256.168,0.94,5.32,0.93,45.28,0.92,35.29,0.91,29.2,0.9,28.9,0.98,139.69,0.99,5519.47,,,,,,,0.02,139.69,0.01,5519.47,,,,,,,0.06,5.32,0.07,45.28,0.08,35.29,0.09,29.2,0.1,28.9,0.04,0.04,0.094631,1776166755000
1776166757.269,257.269,0.94,5.32,0.93,45.28,0.92,35.29,0.91,29.2,0.9,28.9,0.98,139.69,0.99,5519.47,,,,,,,0.02,139.69,0.01,5519.47,,,,,,,0.06,5.32,0.07,45.28,0.08,35.29,0.09,29.2,0.1,28.9,0.04,0.04,0.094631,1776166756000
1776166758.021,258.021,0.94,46.1,0.93,45.28,0.92,35.29,0.91,29.2,0.9,28.9,0.98,134.58,0.99,5519.47,,,,,,,0.02,139.69,0.01,5519.47,,,,,,,0.06,5.32,0.07,45.28,0.08,35.29,0.09,29.2,0.1,28.9,0.04,0.04,0.094631,1776166756000
1776166758.403,258.403,0.94,46.1,0.93,45.28,0.92,35.29,0.91,29.2,0.9,28.9,0.98,134.58,0.99,5519.47,,,,,,,0.02,134.58,0.01,5519.47,,,,,,,0.06,46.1,0.07,45.28,0.08,35.29,0.09,29.2,0.1,28.9,0.04,0.04,0.094631,1776166757000
1776166759.021,259.021,0.94,46.1,0.93,45.28,0.92,35.29,0.91,29.2,0.9,28.9,0.98,134.58,0.99,5519.47,,,,,,,0.02,134.58,0.01,5519.47,,,,,,,0.06,46.1,0.07,45.28,0.08,35.29,0.09,29.2,0.1,28.9,0.04,0.04,0.094631,1776166758000
1776166759.669,259.669,0.93,5.38,0.9,28.9,0.89,26.6,0.88,29.6,0.87,23.0,0.97,72.58,0.98,134.58,0.99,5519.47,,,,,0.02,134.58,0.01,5519.47,,,,,,,0.06,46.1,0.07,45.28,0.08,35.29,0.09,29.2,0.1,28.9,0.04,0.04,0.094631,1776166758000
1776166759.942,259.942,0.93,5.38,0.9,28.9,0.89,26.6,0.88,29.6,0.87,23.0,0.97,72.58,0.98,134.58,0.99,5519.47,,,,,0.03,72.58,0.02,134.58,0.01,5519.47,,,,,0.07,5.38,0.1,28.9,0.11,26.6,0.12,29.6,0.13,23.0,0.04,0.04,0.09463,1776166759000
1776166761.058,261.058,0.93,5.38,0.9,28.9,0.89,26.6,0.88,29.6,0.87,23.0,0.97,72.58,0.98,134.58,0.99,5519.47,,,,,0.03,72.58,0.02,134.58,0.01,5519.47,,,,,0.07,5.38,0.1,28.9,0.11,26.6,0.12,29.6,0.13,23.0,0.04,0.04,0.094623,1776166760000
1776166762.435,262.435,0.93,5.38,0.9,28.9,0.89,26.6,0.88,29.6,0.87,23.0,0.97,72.58,0.98,134.58,0.99,5519.47,,,,,0.03,72.58,0.02,134.58,0.01,5519.47,,,,,0.07,5.38,0.1,28.9,0.11,26.6,0.12,29.6,0.13,23.0,0.04,0.04,0.094612,1776166761000
1776166762.968,262.968,0.93,5.38,0.9,28.9,0.89,26.6,0.88,29.6,0.87,23.0,0.97,72.58,0.98,134.58,0.99,5519.47,,,,,0.03,72.58,0.02,134.58,0.01,5519.47,,,,,0.07,5.38,0.1,28.9,0.11,26.6,0.12,29.6,0.13,23.0,0.04,0.04,0.094612,1776166762000
1776166763.829,263.829,0.92,35.29,0.91,31.7,0.9,28.9,0.89,26.6,0.88,29.6,0.98,129.52,0.99,5519.47,,,,,,,0.03,72.58,0.02,134.58,0.01,5519.47,,,,,0.07,5.38,0.1,28.9,0.11,26.6,0.12,29.6,0.13,23.0,0.06,0.04,0.094612,1776166762000
1776166764.132,264.132,0.92,35.29,0.91,31.7,0.9,28.9,0.89,26.6,0.88,29.6,0.98,33.09,0.99,5519.47,,,,,,,0.02,129.52,0.01,5519.47,,,,,,,0.08,35.29,0.09,31.7,0.1,28.9,0.11,26.6,0.12,29.6,0.06,0.06,0.094612,1776166763000
1776166764.963,264.963,0.92,35.29,0.91,31.7,0.9,28.9,0.89,26.6,0.88,29.6,0.98,33.09,0.99,5519.47,,,,,,,0.02,33.09,0.01,5519.47,,,,,,,0.08,35.29,0.09,31.7,0.1,28.9,0.11,26.6,0.12,29.6,0.06,0.06,0.094612,1776166764000
1776166765.961,265.961,0.92,35.29,0.91,31.7,0.9,28.9,0.89,26.6,0.88,29.6,0.98,33.09,0.99,5519.47,,,,,,,0.02,33.09,0.01,5519.47,,,,,,,0.08,35.29,0.09,31.7,0.1,28.9,0.11,26.6,0.12,29.6,0.06,0.06,0.094613,1776166765000
1776166766.903,266.903,0.92,35.29,0.91,31.7,0.9,28.9,0.89,26.6,0.88,29.6,0.98,33.09,0.99,5519.47,,,,,,,0.02,33.09,0.01,5519.47,,,,,,,0.08,35.29,0.09,31.7,0.1,28.9,0.11,26.6,0.12,29.6,0.06,0.06,0.094631,1776166766000
1776166767.849,267.849,0.92,35.29,0.91,31.7,0.9,28.9,0.89,26.6,0.88,29.6,0.98,33.09,0.99,5519.47,,,,,,,0.02,33.09,0.01,5519.47,,,,,,,0.08,35.29,0.09,31.7,0.1,28.9,0.11,26.6,0.12,29.6,0.06,0.06,0.094632,1776166767000
1776166769.215,269.215,0.92,35.29,0.91,31.7,0.9,28.9,0.89,26.6,0.88,29.6,0.98,33.09,0.99,5519.47,,,,,,,0.02,33.09,0.01,5519.47,,,,,,,0.08,35.29,0.09,31.7,0.1,28.9,0.11,26.6,0.12,29.6,0.06,0.06,0.094632,1776166768000
1776166769.792,269.792,0.97,89.3,0.96,67.7,0.95,54.7,0.94,46.1,0.93,39.9,0.99,5255.85,,,,,,,,,0.02,33.09,0.01,5519.47,,,,,,,0.08,35.29,0.09,31.7,0.1,28.9,0.11,26.6,0.12,29.6,0.02,0.06,0.094632,1776166768000
1776166770.244,270.244,0.97,89.3,0.96,67.7,0.95,54.7,0.94,46.1,0.93,39.9,0.99,5250.8,,,,,,,,,0.01,5250.8,,,,,,,,,0.03,89.3,0.04,67.7,0.05,54.7,0.06,46.1,0.07,39.9,0.02,0.02,0.094632,1776166769000
1776166771.2,271.2,0.97,89.3,0.96,67.7,0.95,54.7,0.94,46.1,0.93,39.9,0.99,5245.75,,,,,,,,,0.01,5245.75,,,,,,,,,0.03,89.3,0.04,67.7,0.05,54.7,0.06,46.1,0.07,39.9,0.02,0.02,0.094632,1776166770000
1776166771.87,271.87,0.97,89.3,0.96,67.7,0.95,54.7,0.94,46.1,0.93,39.9,0.99,5240.75,,,,,,,,,0.01,5245.75,,,,,,,,,0.03,89.3,0.04,67.7,0.05,54.7,0.06,46.1,0.07,39.9,0.02,0.02,0.094632,1776166770000
1776166772.19,272.19,0.97,89.3,0.96,67.7,0.95,54.7,0.94,46.1,0.93,39.9,0.99,5240.75,,,,,,,,,0.01,5240.75,,,,,,,,,0.03,89.3,0.04,67.7,0.05,54.7,0.06,46.1,0.07,39.9,0.02,0.02,0.094632,1776166771000
1776166773.166,273.166,0.97,89.3,0.96,67.7,0.95,54.7,0.94,46.1,0.93,39.9,0.99,5240.75,,,,,,,,,0.01,5240.75,,,,,,,,,0.03,89.3,0.04,67.7,0.05,54.7,0.06,46.1,0.07,39.9,0.02,0.02,0.094632,1776166772000
1776166773.618,273.618,0.96,67.7,0.95,54.7,0.94,46.1,0.93,39.9,0.92,35.29,0.99,5538.45,,,,,,,,,0.01,5240.75,,,,,,,,,0.03,89.3,0.04,67.7,0.05,54.7,0.06,46.1,0.07,39.9,0.03,0.02,0.094632,1776166772000
1776166774.114,274.114,0.96,67.7,0.95,54.7,0.94,46.1,0.93,39.9,0.92,35.29,0.99,5538.45,,,,,,,,,0.01,5538.45,,,,,,,,,0.04,67.7,0.05,54.7,0.06,46.1,0.07,39.9,0.08,35.29,0.03,0.03,0.094632,1776166773000
1776166774.874,274.874,0.96,67.7,0.95,54.7,0.94,46.1,0.93,39.9,0.92,35.29,0.99,5430.11,,,,,,,,,0.01,5538.45,,,,,,,,,0.04,67.7,0.05,54.7,0.06,46.1,0.07,39.9,0.08,35.29,0.03,0.03,0.094632,1776166773000
1776166775.998,275.998,0.96,67.7,0.95,54.7,0.94,46.1,0.93,39.9,0.92,35.29,0.99,5430.11,,,,,,,,,0.01,5430.11,,,,,,,,,0.04,67.7,0.05,54.7,0.06,46.1,0.07,39.9,0.08,35.29,0.03,0.03,0.094617,1776166775000
1776166776.946,276.946,0.96,67.7,0.95,54.7,0.94,46.1,0.93,39.9,0.92,35.29,0.99,5430.11,,,,,,,,,0.01,5430.11,,,,,,,,,0.04,67.7,0.05,54.7,0.06,46.1,0.07,39.9,0.08,35.29,0.03,0.03,0.094617,1776166776000
1776166777.96,277.96,0.96,67.7,0.95,54.7,0.94,46.1,0.93,39.9,0.92,35.29,0.99,5430.11,,,,,,,,,0.01,5430.11,,,,,,,,,0.04,67.7,0.05,54.7,0.06,46.1,0.07,39.9,0.08,35.29,0.03,0.03,0.094617,1776166777000
1776166778.899,278.899,0.96,67.7,0.95,54.7,0.94,46.1,0.93,39.9,0.92,35.29,0.99,5430.11,,,,,,,,,0.01,5430.11,,,,,,,,,0.04,67.7,0.05,54.7,0.06,46.1,0.07,39.9,0.08,35.29,0.03,0.03,0.094617,1776166778000
1776166779.887,279.887,0.96,67.7,0.95,54.7,0.94,46.1,0.93,39.9,0.92,35.29,0.99,5430.11,,,,,,,,,0.01,5430.11,,,,,,,,,0.04,67.7,0.05,54.7,0.06,46.1,0.07,39.9,0.08,35.29,0.03,0.03,0.094617,1776166779000
1776166780.592,280.592,0.88,5.0,0.87,5.0,0.81,50.0,0.8,10.0,0.71,50.0,0.99,4965.51,,,,,,,,,0.01,5430.11,,,,,,,,,0.04,67.7,0.05,54.7,0.06,46.1,0.07,39.9,0.08,35.29,0.11,0.03,0.094617,1776166779000
1776166781.259,281.259,0.88,5.0,0.87,5.0,0.81,50.0,0.8,10.0,0.71,50.0,0.99,4965.51,,,,,,,,,0.01,4965.51,,,,,,,,,0.12,5.0,0.13,5.0,0.19,50.0,0.2,10.0,0.29,50.0,0.11,0.11,0.094613,1776166780000
1776166782.157,282.157,0.88,5.0,0.87,5.0,0.81,50.0,0.8,10.0,0.71,50.0,0.99,4965.51,,,,,,,,,0.01,4965.51,,,,,,,,,0.12,5.0,0.13,5.0,0.19,50.0,0.2,10.0,0.29,50.0,0.11,0.11,0.094613,1776166781000
1776166783.032,283.032,0.88,5.0,0.87,5.0,0.81,50.0,0.8,10.0,0.71,50.0,0.99,4965.51,,,,,,,,,0.01,4965.51,,,,,,,,,0.12,5.0,0.13,5.0,0.19,50.0,0.2,10.0,0.29,50.0,0.11,0.11,0.094613,1776166782000
1776166784.025,284.025,0.88,5.0,0.87,5.0,0.81,50.0,0.8,10.0,0.71,50.0,0.99,4965.51,,,,,,,,,0.01,4965.51,,,,,,,,,0.12,5.0,0.13,5.0,0.19,50.0,0.2,10.0,0.29,50.0,0.11,0.11,0.094613,1776166783000
1776166784.939,284.939,0.88,5.0,0.87,5.0,0.81,50.0,0.8,10.0,0.71,50.0,0.99,4965.51,,,,,,,,,0.01,4965.51,,,,,,,,,0.12,5.0,0.13,5.0,0.19,50.0,0.2,10.0,0.29,50.0,0.11,0.11,0.094613,1776166784000
1776166785.473,285.473,0.88,23.79,0.87,5.0,0.82,10.0,0.81,50.0,0.71,50.0,0.99,171.87,,,,,,,,,0.01,4965.51,,,,,,,,,0.12,5.0,0.13,5.0,0.19,50.0,0.2,10.0,0.29,50.0,0.11,0.11,0.094613,1776166784000
1776166785.84,285.84,0.88,23.79,0.87,5.0,0.82,10.0,0.81,50.0,0.71,50.0,0.99,161.15,,,,,,,,,0.01,161.15,,,,,,,,,0.12,23.79,0.13,5.0,0.18,10.0,0.19,50.0,0.29,50.0,0.11,0.11,0.094613,1776166785000
1776166787.389,287.389,0.88,23.79,0.87,5.0,0.82,10.0,0.81,50.0,0.71,50.0,0.99,161.15,,,,,,,,,0.01,161.15,,,,,,,,,0.12,23.79,0.13,5.0,0.18,10.0,0.19,50.0,0.29,50.0,0.11,0.11,0.094613,1776166786000
1776166787.98,287.98,0.88,23.79,0.87,5.0,0.82,10.0,0.81,50.0,0.71,50.0,0.99,161.15,,,,,,,,,0.01,161.15,,,,,,,,,0.12,23.79,0.13,5.0,0.18,10.0,0.19,50.0,0.29,50.0,0.11,0.11,0.094613,1776166787000
1776166789.28,289.28,0.88,23.79,0.87,5.0,0.82,10.0,0.81,50.0,0.71,50.0,0.99,161.15,,,,,,,,,0.01,161.15,,,,,,,,,0.12,23.79,0.13,5.0,0.18,10.0,0.19,50.0,0.29,50.0,0.11,0.11,0.094615,1776166788000
1776166790.486,290.486,0.88,23.79,0.87,5.0,0.82,10.0,0.81,50.0,0.71,50.0,0.99,161.15,,,,,,,,,0.01,161.15,,,,,,,,,0.12,23.79,0.13,5.0,0.18,10.0,0.19,50.0,0.29,50.0,0.11,0.11,0.094615,1776166789000
1776166791.029,291.029,0.88,23.79,0.87,5.0,0.82,10.0,0.81,50.0,0.71,50.0,0.99,161.15,,,,,,,,,0.01,161.15,,,,,,,,,0.12,23.79,0.13,5.0,0.18,10.0,0.19,50.0,0.29,50.0,0.11,0.11,0.094615,1776166790000
1776166791.471,291.471,0.9,8.0,0.88,15.0,0.87,5.0,0.81,50.0,0.71,50.0,0.99,156.1,,,,,,,,,0.01,161.15,,,,,,,,,0.12,23.79,0.13,5.0,0.18,10.0,0.19,50.0,0.29,50.0,0.09,0.11,0.094615,1776166790000
1776166791.758,291.758,0.9,8.0,0.88,15.0,0.87,5.0,0.81,50.0,0.71,50.0,0.99,75.55,,,,,,,,,0.01,100.55,,,,,,,,,0.1,8.0,0.12,15.0,0.13,5.0,0.19,50.0,0.29,50.0,0.09,0.09,0.094615,1776166790000
1776166792.086,292.086,0.9,8.0,0.88,15.0,0.87,5.0,0.81,50.0,0.71,50.0,0.99,67.63,,,,,,,,,0.01,75.55,,,,,,,,,0.1,8.0,0.12,15.0,0.13,5.0,0.19,50.0,0.29,50.0,0.09,0.09,0.094615,1776166790000
1776166793.187,293.187,0.9,8.0,0.89,10.0,0.88,5.0,0.87,5.0,0.81,50.0,0.99,47.42,,,,,,,,,0.01,67.63,,,,,,,,,0.1,8.0,0.12,15.0,0.13,5.0,0.19,50.0,0.29,50.0,0.09,0.09,0.094615,1776166791000
1776166793.9,293.9,0.9,18.0,0.88,5.0,0.87,5.0,0.81,50.0,0.71,50.0,0.99,31.65,,,,,,,,,0.01,42.37,,,,,,,,,0.1,18.0,0.12,5.0,0.13,5.0,0.19,50.0,0.29,50.0,0.09,0.09,0.094615,1776166792000
1776166795.156,295.156,0.9,18.0,0.88,5.0,0.87,5.0,0.81,50.0,0.71,50.0,0.99,31.65,,,,,,,,,0.01,31.65,,,,,,,,,0.1,18.0,0.12,5.0,0.13,5.0,0.19,50.0,0.29,50.0,0.09,0.09,0.094615,1776166794000
1776166796.225,296.225,0.94,18.0,0.88,5.0,0.87,5.0,0.81,50.0,0.71,50.0,0.99,0.3,,,,,,,,,0.01,31.65,,,,,,,,,0.1,18.0,0.12,5.0,0.13,5.0,0.19,50.0,0.29,50.0,0.05,0.09,0.094615,1776166794000
1776166797.376,297.376,0.96,18.0,0.88,5.0,0.87,5.0,0.81,50.0,0.71,50.0,,,,,,,,,,,0.01,0.3,,,,,,,,,0.06,18.0,0.12,5.0,0.13,5.0,0.19,50.0,0.29,50.0,,0.05,0.094615,1776166795000
1776166798.04,298.04,0.96,18.0,0.88,5.0,0.87,5.0,0.81,50.0,0.71,50.0,,,,,,,,,,,,,,,,,,,,,0.04,18.0,0.12,5.0,0.13,5.0,0.19,50.0,0.29,50.0,,,0.094615,1776166797000
1776166799.121,299.121,0.96,18.0,0.88,5.0,0.87,5.0,0.81,50.0,0.71,50.0,,,,,,,,,,,,,,,,,,,,,0.04,18.0,0.12,5.0,0.13,5.0,0.19,50.0,0.29,50.0,,,0.094615,1776166798000
1776166800.428,300.428,0.96,18.0,0.88,5.0,0.87,5.0,0.81,50.0,0.71,50.0,,,,,,,,,,,,,,,,,,,,,0.04,18.0,0.12,5.0,0.13,5.0,0.19,50.0,0.29,50.0,,,0.094621,1776166799000

# RESULT,winner=Up,slug=doge-updown-5m-1776166500,ticks=317
