timestamp,elapsed_sec,up_bid_p1,up_bid_s1,up_bid_p2,up_bid_s2,up_ask_p1,up_ask_s1,up_ask_p2,up_ask_s2,down_bid_p1,down_bid_s1,down_bid_p2,down_bid_s2,down_ask_p1,down_ask_s1,down_ask_p2,down_ask_s2,up_spread,down_spread,doge_price,doge_oracle_ts
1776230411.426,11.426,0.47,6.0,0.46,10.0,0.56,5.0,0.57,5.0,0.44,5.0,0.43,5.0,0.53,6.0,0.54,10.0,0.09,0.09,0.093494,1776230409000
1776230411.777,11.777,0.47,6.0,0.46,10.0,0.56,5.0,0.57,5.0,0.44,5.0,0.43,5.0,0.53,6.0,0.54,10.0,0.09,0.09,0.093494,1776230410000
1776230412.442,12.442,0.47,6.0,0.46,10.0,0.56,5.0,0.57,5.0,0.44,5.0,0.43,5.0,0.53,6.0,0.54,10.0,0.09,0.09,0.093494,1776230411000
1776230413.187,13.187,0.47,6.0,0.46,10.0,0.56,5.0,0.57,5.0,0.44,5.0,0.43,5.0,0.53,6.0,0.54,10.0,0.09,0.09,0.093495,1776230412000
1776230414.385,14.385,0.47,6.0,0.46,10.0,0.56,5.0,0.57,5.0,0.44,5.0,0.43,5.0,0.53,6.0,0.54,10.0,0.09,0.09,0.093494,1776230413000
1776230415.182,15.182,0.47,6.0,0.46,10.0,0.56,5.0,0.57,5.0,0.44,5.0,0.43,5.0,0.53,6.0,0.54,10.0,0.09,0.09,0.093494,1776230414000
1776230416.683,16.683,0.47,6.0,0.46,10.0,0.56,5.0,0.57,5.0,0.44,5.0,0.43,5.0,0.53,6.0,0.54,10.0,0.09,0.09,0.093479,1776230415000
1776230417.405,17.405,0.47,6.0,0.46,10.0,0.56,5.0,0.57,5.0,0.44,5.0,0.43,5.0,0.53,6.0,0.54,10.0,0.09,0.09,0.093471,1776230416000
1776230418.164,18.164,0.47,6.0,0.46,10.0,0.56,5.0,0.57,5.0,0.44,5.0,0.43,5.0,0.53,6.0,0.54,10.0,0.09,0.09,0.093471,1776230417000
1776230419.575,19.575,0.47,6.0,0.46,10.0,0.56,5.0,0.57,5.0,0.44,5.0,0.43,5.0,0.53,6.0,0.54,10.0,0.09,0.09,0.093474,1776230418000
1776230420.348,20.348,0.47,6.0,0.46,10.0,0.56,5.0,0.57,5.0,0.44,5.0,0.43,5.0,0.53,6.0,0.54,10.0,0.09,0.09,0.093474,1776230419000
1776230421.19,21.19,0.47,6.0,0.46,10.0,0.56,5.0,0.57,5.0,0.44,5.0,0.43,5.0,0.53,6.0,0.54,10.0,0.09,0.09,0.093474,1776230420000
1776230422.578,22.578,0.47,6.0,0.46,10.0,0.56,5.0,0.57,5.0,0.44,5.0,0.43,5.0,0.53,6.0,0.54,10.0,0.09,0.09,0.093474,1776230421000
1776230423.381,23.381,0.47,6.0,0.46,10.0,0.56,5.0,0.57,5.0,0.44,5.0,0.43,5.0,0.53,6.0,0.54,10.0,0.09,0.09,0.093474,1776230422000
1776230424.037,24.037,0.47,6.0,0.46,10.0,0.56,5.0,0.57,5.0,0.44,5.0,0.43,5.0,0.53,6.0,0.54,10.0,0.09,0.09,0.093474,1776230423000
1776230425.595,25.595,0.47,6.0,0.46,10.0,0.56,5.0,0.57,5.0,0.44,5.0,0.43,5.0,0.53,6.0,0.54,10.0,0.09,0.09,0.093474,1776230424000
1776230426.501,26.501,0.47,6.0,0.46,10.0,0.56,5.0,0.57,5.0,0.44,5.0,0.43,5.0,0.53,6.0,0.54,10.0,0.09,0.09,0.093471,1776230425000
1776230427.253,27.253,0.47,6.0,0.46,10.0,0.56,5.0,0.57,5.0,0.44,5.0,0.43,5.0,0.53,6.0,0.54,10.0,0.09,0.09,0.093471,1776230426000
1776230428.359,28.359,0.47,6.0,0.46,10.0,0.56,5.0,0.57,5.0,0.44,5.0,0.43,5.0,0.53,6.0,0.54,10.0,0.09,0.09,0.093476,1776230427000
1776230429.207,29.207,0.47,6.0,0.46,10.0,0.56,5.0,0.57,5.0,0.44,5.0,0.43,5.0,0.53,6.0,0.54,10.0,0.09,0.09,0.093475,1776230428000
1776230430.465,30.465,0.47,6.0,0.46,10.0,0.56,5.0,0.57,5.0,0.44,5.0,0.43,5.0,0.53,6.0,0.54,10.0,0.09,0.09,0.093475,1776230429000
1776230431.127,31.127,0.47,6.0,0.46,10.0,0.56,5.0,0.57,5.0,0.44,5.0,0.43,5.0,0.53,6.0,0.54,10.0,0.09,0.09,0.093476,1776230430000
1776230432.41,32.41,0.47,6.0,0.46,10.0,0.56,5.0,0.57,5.0,0.44,5.0,0.43,5.0,0.53,6.0,0.54,10.0,0.09,0.09,0.093476,1776230431000
1776230433.031,33.031,0.47,6.0,0.46,10.0,0.56,5.0,0.57,5.0,0.44,5.0,0.43,5.0,0.53,6.0,0.54,10.0,0.09,0.09,0.093477,1776230432000
1776230434.303,34.303,0.47,6.0,0.46,10.0,0.56,5.0,0.57,5.0,0.44,5.0,0.43,5.0,0.53,6.0,0.54,10.0,0.09,0.09,0.09348,1776230433000
1776230435.011,35.011,0.47,6.0,0.46,10.0,0.56,5.0,0.57,5.0,0.44,5.0,0.43,5.0,0.53,6.0,0.54,10.0,0.09,0.09,0.09348,1776230434000
1776230436.317,36.317,0.47,6.0,0.46,10.0,0.56,5.0,0.57,5.0,0.44,5.0,0.43,5.0,0.53,6.0,0.54,10.0,0.09,0.09,0.093479,1776230435000
1776230437.592,37.592,0.47,6.0,0.46,10.0,0.56,5.0,0.57,5.0,0.44,5.0,0.43,5.0,0.53,6.0,0.54,10.0,0.09,0.09,0.093479,1776230436000
1776230438.204,38.204,0.47,6.0,0.46,10.0,0.56,5.0,0.57,5.0,0.44,5.0,0.43,5.0,0.53,6.0,0.54,10.0,0.09,0.09,0.093479,1776230437000
1776230439.472,39.472,0.47,6.0,0.46,10.0,0.56,5.0,0.57,5.0,0.44,5.0,0.43,5.0,0.53,6.0,0.54,10.0,0.09,0.09,0.09348,1776230438000
1776230440.116,40.116,0.47,6.0,0.46,10.0,0.56,5.0,0.57,5.0,0.44,5.0,0.43,5.0,0.53,6.0,0.54,10.0,0.09,0.09,0.09348,1776230439000
1776230441.447,41.447,0.47,6.0,0.46,10.0,0.56,5.0,0.57,5.0,0.44,5.0,0.43,5.0,0.53,6.0,0.54,10.0,0.09,0.09,0.093479,1776230440000
1776230441.977,41.977,0.47,6.0,0.46,10.0,0.56,5.0,0.57,5.0,0.44,5.0,0.43,5.0,0.53,6.0,0.54,10.0,0.09,0.09,0.093479,1776230441000
1776230443.36,43.36,0.47,6.0,0.46,10.0,0.56,5.0,0.57,5.0,0.44,5.0,0.43,5.0,0.53,6.0,0.54,10.0,0.09,0.09,0.093479,1776230442000
1776230443.866,43.866,0.47,6.0,0.46,10.0,0.56,5.0,0.57,5.0,0.44,5.0,0.43,5.0,0.53,6.0,0.54,10.0,0.09,0.09,0.093479,1776230443000
1776230445.271,45.271,0.47,6.0,0.46,10.0,0.56,5.0,0.57,5.0,0.44,5.0,0.43,5.0,0.53,6.0,0.54,10.0,0.09,0.09,0.093478,1776230444000
1776230446.124,46.124,0.4,6.0,0.39,5.0,0.5,5.0,0.51,60.0,0.44,5.0,0.43,5.0,0.53,6.0,0.54,10.0,0.1,0.09,0.093478,1776230444000
1776230447.41,47.41,0.4,6.0,0.39,5.0,0.5,5.0,0.51,60.0,0.5,5.0,0.49,60.0,0.6,6.0,0.61,5.0,0.1,0.1,0.093477,1776230446000
1776230448.268,48.268,0.4,6.0,0.39,5.0,0.5,5.0,0.51,60.0,0.5,5.0,0.49,60.0,0.6,6.0,0.61,5.0,0.1,0.1,0.093474,1776230447000
1776230449.178,49.178,0.38,5.0,0.31,31.0,0.48,6.0,0.49,5.0,0.52,6.0,0.51,5.0,0.62,5.0,0.69,31.0,0.1,0.1,0.093475,1776230448000
1776230450.21,50.21,0.38,5.0,0.31,31.0,0.48,6.0,0.49,5.0,0.52,6.0,0.51,5.0,0.62,5.0,0.69,31.0,0.1,0.1,0.093475,1776230449000
1776230451.147,51.147,0.38,5.0,0.31,31.0,0.48,6.0,0.49,5.0,0.52,6.0,0.51,5.0,0.62,5.0,0.69,31.0,0.1,0.1,0.093476,1776230450000
1776230452.145,52.145,0.38,5.0,0.31,31.0,0.48,6.0,0.49,5.0,0.52,6.0,0.51,5.0,0.62,5.0,0.69,31.0,0.1,0.1,0.093476,1776230451000
1776230453.129,53.129,0.38,5.0,0.31,31.0,0.48,6.0,0.49,5.0,0.52,6.0,0.51,5.0,0.62,5.0,0.69,31.0,0.1,0.1,0.093476,1776230452000
1776230454.121,54.121,0.38,5.0,0.31,31.0,0.48,6.0,0.49,5.0,0.52,6.0,0.51,5.0,0.62,5.0,0.69,31.0,0.1,0.1,0.093475,1776230453000
1776230454.418,54.418,0.36,5.0,0.31,20.0,0.48,6.0,0.49,5.0,0.52,6.0,0.51,5.0,0.62,5.0,0.69,31.0,0.12,0.1,0.093475,1776230453000
1776230455.656,55.656,0.36,5.0,0.31,20.0,0.48,6.0,0.49,5.0,0.52,6.0,0.51,5.0,0.64,5.0,0.69,20.0,0.12,0.12,0.093475,1776230454000
1776230456.209,56.209,0.36,5.0,0.31,20.0,0.48,6.0,0.49,5.0,0.52,6.0,0.51,5.0,0.64,5.0,0.69,20.0,0.12,0.12,0.093475,1776230455000
1776230457.15,57.15,0.36,5.0,0.31,20.0,0.48,6.0,0.49,5.0,0.52,6.0,0.51,5.0,0.64,5.0,0.69,20.0,0.12,0.12,0.093469,1776230456000
1776230458.18,58.18,0.33,10.0,0.31,6.0,0.43,5.0,0.47,5.0,0.57,5.0,0.53,5.0,0.67,10.0,0.69,6.0,0.1,0.1,0.093463,1776230457000
1776230459.119,59.119,0.33,10.0,0.31,6.0,0.43,5.0,0.47,5.0,0.57,5.0,0.53,5.0,0.67,10.0,0.69,6.0,0.1,0.1,0.093467,1776230458000
1776230459.424,59.424,0.32,5.0,0.31,6.0,0.43,5.0,0.47,5.0,0.57,5.0,0.53,5.0,0.67,10.0,0.69,6.0,0.11,0.1,0.093467,1776230458000
1776230460.142,60.142,0.32,5.0,0.31,6.0,0.43,5.0,0.47,5.0,0.57,5.0,0.53,5.0,0.68,5.0,0.69,6.0,0.11,0.11,0.09347,1776230459000
1776230461.175,61.175,0.32,5.0,0.31,6.0,0.43,5.0,0.47,5.0,0.57,5.0,0.53,5.0,0.68,5.0,0.69,6.0,0.11,0.11,0.09347,1776230460000
1776230462.093,62.093,0.32,5.0,0.31,6.0,0.43,5.0,0.47,5.0,0.57,5.0,0.53,5.0,0.68,5.0,0.69,6.0,0.11,0.11,0.093469,1776230461000
1776230463.085,63.085,0.32,5.0,0.31,6.0,0.43,5.0,0.47,5.0,0.57,5.0,0.53,5.0,0.68,5.0,0.69,6.0,0.11,0.11,0.093463,1776230462000
1776230463.936,63.936,0.31,5.0,0.3,20.0,0.32,17.56,0.43,5.0,0.57,5.0,0.53,5.0,0.68,5.0,0.69,6.0,0.01,0.11,0.093463,1776230462000
1776230464.151,64.151,0.31,5.0,0.3,32.4,0.32,12.4,0.47,5.0,0.68,12.4,0.53,5.0,0.69,5.0,0.7,32.4,0.01,0.01,0.093457,1776230463000
1776230465.112,65.112,0.3,12.4,0.29,33.6,0.32,12.4,0.47,5.0,0.68,12.4,0.53,5.0,0.7,12.4,0.71,33.6,0.02,0.02,0.093458,1776230464000
1776230465.694,65.694,0.31,12.2,0.3,32.4,0.32,9.45,0.47,5.0,0.68,12.4,0.53,5.0,0.7,12.4,0.71,33.6,0.01,0.02,0.093458,1776230464000
1776230466.031,66.031,0.31,12.2,0.3,32.4,0.32,9.45,0.47,5.0,0.68,9.45,0.53,5.0,0.69,12.2,0.7,32.4,0.01,0.01,0.093472,1776230465000
1776230466.961,66.961,0.31,12.2,0.3,32.4,0.32,9.45,0.47,5.0,0.68,9.45,0.53,5.0,0.69,12.2,0.7,32.4,0.01,0.01,0.093484,1776230466000
1776230468.425,68.425,0.31,12.2,0.3,32.4,0.32,9.45,0.47,5.0,0.68,9.45,0.53,5.0,0.69,12.2,0.7,32.4,0.01,0.01,0.093483,1776230467000
1776230468.975,68.975,0.31,12.2,0.3,32.4,0.32,9.45,0.47,5.0,0.68,9.45,0.53,5.0,0.69,12.2,0.7,32.4,0.01,0.01,0.093485,1776230468000
1776230470.036,70.036,0.31,12.2,0.3,32.4,0.32,9.45,0.47,5.0,0.68,9.45,0.53,5.0,0.69,12.2,0.7,32.4,0.01,0.01,0.093483,1776230469000
1776230470.595,70.595,0.31,27.2,0.3,12.4,0.32,0.01,0.48,5.0,0.68,9.45,0.53,5.0,0.69,12.2,0.7,32.4,0.01,0.01,0.093483,1776230469000
1776230471.149,71.149,0.31,27.2,0.3,12.4,0.32,0.01,0.48,5.0,0.68,0.01,0.52,5.0,0.69,27.2,0.7,12.4,0.01,0.01,0.093482,1776230470000
1776230472.148,72.148,0.31,27.2,0.3,12.4,0.32,0.01,0.48,5.0,0.68,0.01,0.52,5.0,0.69,27.2,0.7,12.4,0.01,0.01,0.093484,1776230471000
1776230473.252,73.252,0.31,27.2,0.3,12.4,0.32,0.01,0.48,5.0,0.68,0.01,0.52,5.0,0.69,27.2,0.7,12.4,0.01,0.01,0.093483,1776230472000
1776230474.332,74.332,0.31,27.2,0.3,12.4,0.32,0.01,0.48,5.0,0.68,0.01,0.52,5.0,0.69,27.2,0.7,12.4,0.01,0.01,0.093482,1776230473000
1776230475.378,75.378,0.31,27.2,0.3,12.4,0.32,0.01,0.48,5.0,0.68,0.01,0.52,5.0,0.69,27.2,0.7,12.4,0.01,0.01,0.093483,1776230474000
1776230475.969,75.969,0.31,27.2,0.3,12.4,0.32,0.01,0.48,5.0,0.68,0.01,0.52,5.0,0.69,27.2,0.7,12.4,0.01,0.01,0.093483,1776230475000
1776230476.939,76.939,0.31,123.2,0.3,12.4,0.5,10.0,0.52,5.0,0.68,0.01,0.52,5.0,0.69,27.2,0.7,12.4,0.19,0.01,0.093483,1776230475000
1776230478.063,78.063,0.31,123.2,0.3,12.4,0.5,10.0,0.52,5.0,0.5,10.0,0.48,5.0,0.69,123.2,0.7,12.4,0.19,0.19,0.093485,1776230477000
1776230479.357,79.357,0.31,123.2,0.3,12.4,0.5,10.0,0.52,5.0,0.5,10.0,0.48,5.0,0.69,123.2,0.7,12.4,0.19,0.19,0.093491,1776230478000
1776230480.241,80.241,0.31,123.2,0.3,12.4,0.5,10.0,0.52,5.0,0.5,10.0,0.48,5.0,0.69,123.2,0.7,12.4,0.19,0.19,0.093491,1776230479000
1776230481.313,81.313,0.31,123.2,0.3,12.4,0.5,10.0,0.52,5.0,0.5,10.0,0.48,5.0,0.69,123.2,0.7,12.4,0.19,0.19,0.093487,1776230480000
1776230482.144,82.144,0.31,123.2,0.3,12.4,0.5,10.0,0.52,5.0,0.5,10.0,0.48,5.0,0.69,123.2,0.7,12.4,0.19,0.19,0.093489,1776230481000
1776230483.109,83.109,0.31,123.2,0.3,12.4,0.5,10.0,0.52,5.0,0.5,10.0,0.48,5.0,0.69,123.2,0.7,12.4,0.19,0.19,0.093487,1776230482000
1776230484.003,84.003,0.41,2.22,0.4,10.8,0.51,6.0,0.52,5.0,0.5,10.0,0.48,5.0,0.69,123.2,0.7,12.4,0.1,0.19,0.093487,1776230482000
1776230484.462,84.462,0.41,2.22,0.4,10.8,0.51,6.0,0.52,5.0,0.49,6.0,0.48,5.0,0.59,2.22,0.6,10.8,0.1,0.1,0.093487,1776230483000
1776230484.998,84.998,0.41,2.22,0.4,10.8,0.51,6.0,0.52,5.0,0.49,6.0,0.48,5.0,0.59,2.22,0.6,10.8,0.1,0.1,0.093489,1776230484000
1776230486.044,86.044,0.41,2.22,0.4,10.8,0.51,6.0,0.52,5.0,0.49,6.0,0.48,5.0,0.59,2.22,0.6,10.8,0.1,0.1,0.093489,1776230485000
1776230487.115,87.115,0.41,2.22,0.4,10.8,0.51,6.0,0.52,5.0,0.49,6.0,0.48,5.0,0.59,2.22,0.6,10.8,0.1,0.1,0.09349,1776230486000
1776230488.324,88.324,0.41,2.22,0.4,10.8,0.51,6.0,0.52,5.0,0.49,6.0,0.48,5.0,0.59,2.22,0.6,10.8,0.1,0.1,0.09349,1776230487000
1776230488.842,88.842,0.41,2.22,0.4,10.8,0.51,6.0,0.52,5.0,0.49,6.0,0.48,5.0,0.59,2.22,0.6,10.8,0.1,0.1,0.09349,1776230488000
1776230489.873,89.873,0.41,2.22,0.4,10.8,0.51,6.0,0.52,5.0,0.49,6.0,0.48,5.0,0.59,2.22,0.6,10.8,0.1,0.1,0.09349,1776230489000
1776230490.816,90.816,0.41,2.22,0.4,10.8,0.51,6.0,0.52,5.0,0.49,6.0,0.48,5.0,0.59,2.22,0.6,10.8,0.1,0.1,0.093488,1776230490000
1776230492.398,92.398,0.41,2.22,0.4,10.8,0.51,6.0,0.52,5.0,0.49,6.0,0.48,5.0,0.59,2.22,0.6,10.8,0.1,0.1,0.093477,1776230491000
1776230492.646,92.646,0.36,5.0,0.33,11.0,0.37,10.0,0.38,10.0,0.61,5.0,0.6,15.0,0.64,10.0,0.67,11.0,0.01,0.03,0.093477,1776230491000
1776230492.967,92.967,0.36,5.0,0.33,11.0,0.37,10.0,0.38,10.0,0.63,10.0,0.62,10.0,0.64,5.0,0.67,11.0,0.01,0.01,0.093471,1776230492000
1776230494.122,94.122,0.36,5.0,0.33,11.0,0.37,10.0,0.38,10.0,0.63,10.0,0.62,10.0,0.64,5.0,0.67,11.0,0.01,0.01,0.093458,1776230493000
1776230494.564,94.564,0.24,5.0,0.18,11.0,0.31,35.0,0.34,10.0,0.63,30.0,0.62,15.0,0.67,11.0,0.69,15.0,0.07,0.04,0.093458,1776230493000
1776230494.823,94.823,0.18,11.0,0.17,18.39,0.28,15.0,0.29,10.0,0.69,35.0,0.66,10.0,0.76,5.0,0.82,11.0,0.1,0.07,0.093458,1776230493000
1776230495.267,95.267,0.18,8.97,0.17,18.39,0.28,15.0,0.29,10.0,0.72,15.0,0.71,10.0,0.82,8.97,0.83,18.39,0.1,0.1,0.093451,1776230494000
1776230496.479,96.479,0.18,8.97,0.17,18.39,0.28,15.0,0.29,10.0,0.72,15.0,0.71,10.0,0.82,8.97,0.83,18.39,0.1,0.1,0.093441,1776230495000
1776230497.182,97.182,0.18,8.97,0.17,18.39,0.28,15.0,0.29,10.0,0.72,15.0,0.71,10.0,0.82,8.97,0.83,18.39,0.1,0.1,0.093422,1776230496000
1776230498.473,98.473,0.18,8.97,0.17,18.39,0.28,15.0,0.29,10.0,0.72,15.0,0.71,10.0,0.82,8.97,0.83,18.39,0.1,0.1,0.093421,1776230497000
1776230498.891,98.891,0.18,8.97,0.17,18.39,0.28,15.0,0.29,10.0,0.72,15.0,0.71,10.0,0.82,8.97,0.83,18.39,0.1,0.1,0.093423,1776230498000
1776230499.941,99.941,0.18,8.97,0.17,18.39,0.28,15.0,0.29,10.0,0.72,15.0,0.71,10.0,0.82,8.97,0.83,18.39,0.1,0.1,0.093421,1776230499000
1776230501.054,101.054,0.18,8.97,0.17,18.39,0.28,15.0,0.29,10.0,0.72,15.0,0.71,10.0,0.82,8.97,0.83,18.39,0.1,0.1,0.093418,1776230500000
1776230502.224,102.224,0.18,8.97,0.17,18.39,0.28,15.0,0.29,10.0,0.72,15.0,0.71,10.0,0.82,8.97,0.83,18.39,0.1,0.1,0.09342,1776230501000
1776230503.263,103.263,0.18,8.97,0.17,18.39,0.28,15.0,0.29,10.0,0.72,15.0,0.71,10.0,0.82,8.97,0.83,18.39,0.1,0.1,0.093423,1776230502000
1776230504.342,104.342,0.18,8.97,0.17,18.39,0.28,15.0,0.29,10.0,0.72,15.0,0.71,10.0,0.82,8.97,0.83,18.39,0.1,0.1,0.093423,1776230503000
1776230504.935,104.935,0.18,8.97,0.17,18.39,0.28,15.0,0.29,10.0,0.72,15.0,0.71,10.0,0.82,8.97,0.83,18.39,0.1,0.1,0.093423,1776230504000
1776230506.077,106.077,0.18,8.97,0.17,18.39,0.28,15.0,0.29,10.0,0.72,15.0,0.71,10.0,0.82,8.97,0.83,18.39,0.1,0.1,0.093423,1776230505000
1776230507.181,107.181,0.18,8.97,0.17,18.39,0.28,15.0,0.29,10.0,0.72,15.0,0.71,10.0,0.82,8.97,0.83,18.39,0.1,0.1,0.09342,1776230506000
1776230508.421,108.421,0.18,8.97,0.17,18.39,0.28,15.0,0.29,10.0,0.72,15.0,0.71,10.0,0.82,8.97,0.83,18.39,0.1,0.1,0.093421,1776230507000
1776230508.903,108.903,0.18,8.97,0.17,18.39,0.28,15.0,0.29,10.0,0.72,15.0,0.71,10.0,0.82,8.97,0.83,18.39,0.1,0.1,0.093419,1776230508000
1776230510.026,110.026,0.18,8.97,0.17,18.39,0.28,15.0,0.29,10.0,0.72,15.0,0.71,10.0,0.82,8.97,0.83,18.39,0.1,0.1,0.093417,1776230509000
1776230511.046,111.046,0.18,8.97,0.17,18.39,0.28,15.0,0.29,10.0,0.72,15.0,0.71,10.0,0.82,8.97,0.83,18.39,0.1,0.1,0.093421,1776230510000
1776230512.388,112.388,0.18,8.97,0.17,18.39,0.28,15.0,0.29,10.0,0.72,15.0,0.71,10.0,0.82,8.97,0.83,18.39,0.1,0.1,0.093424,1776230511000
1776230512.957,112.957,0.18,8.97,0.17,18.39,0.28,15.0,0.29,10.0,0.72,15.0,0.71,10.0,0.82,8.97,0.83,18.39,0.1,0.1,0.093424,1776230512000
1776230514.207,114.207,0.18,8.97,0.17,18.39,0.28,15.0,0.29,10.0,0.72,15.0,0.71,10.0,0.82,8.97,0.83,18.39,0.1,0.1,0.093425,1776230513000
1776230515.512,115.512,0.18,8.97,0.17,18.39,0.28,15.0,0.29,10.0,0.72,15.0,0.71,10.0,0.82,8.97,0.83,18.39,0.1,0.1,0.093425,1776230514000
1776230516.079,116.079,0.18,8.97,0.17,18.39,0.28,15.0,0.29,10.0,0.72,15.0,0.71,10.0,0.82,8.97,0.83,18.39,0.1,0.1,0.093425,1776230515000
1776230517.264,117.264,0.18,8.97,0.17,18.39,0.28,15.0,0.29,10.0,0.72,15.0,0.71,10.0,0.82,8.97,0.83,18.39,0.1,0.1,0.093423,1776230516000
1776230518.543,118.543,0.18,8.97,0.17,18.39,0.28,15.0,0.29,10.0,0.72,15.0,0.71,10.0,0.82,8.97,0.83,18.39,0.1,0.1,0.093422,1776230517000
1776230519.21,119.21,0.18,8.97,0.17,18.39,0.28,15.0,0.29,10.0,0.72,15.0,0.71,10.0,0.82,8.97,0.83,18.39,0.1,0.1,0.093422,1776230518000
1776230520.409,120.409,0.18,8.97,0.17,18.39,0.28,15.0,0.29,10.0,0.72,15.0,0.71,10.0,0.82,8.97,0.83,18.39,0.1,0.1,0.093421,1776230519000
1776230521.159,121.159,0.18,8.97,0.17,18.39,0.28,15.0,0.29,10.0,0.72,15.0,0.71,10.0,0.82,8.97,0.83,18.39,0.1,0.1,0.093421,1776230520000
1776230521.525,121.525,0.23,11.56,0.14,21.6,0.24,29.3,0.25,31.9,0.76,14.3,0.75,31.9,0.77,16.56,0.86,21.6,0.01,0.01,0.093421,1776230520000
1776230522.321,122.321,0.14,21.6,0.13,23.0,0.24,29.3,0.25,31.9,0.76,29.3,0.75,31.9,0.86,21.6,0.87,23.0,0.1,0.1,0.09342,1776230521000
1776230523.605,123.605,0.14,21.6,0.13,23.0,0.24,29.3,0.25,31.9,0.76,29.3,0.75,31.9,0.86,21.6,0.87,23.0,0.1,0.1,0.093418,1776230522000
1776230524.291,124.291,0.14,21.6,0.13,23.0,0.24,29.3,0.25,31.9,0.76,29.3,0.75,31.9,0.86,21.6,0.87,23.0,0.1,0.1,0.093414,1776230523000
1776230525.516,125.516,0.14,21.6,0.13,23.0,0.24,29.3,0.25,31.9,0.76,29.3,0.75,31.9,0.86,21.6,0.87,23.0,0.1,0.1,0.093411,1776230524000
1776230526.119,126.119,0.14,21.6,0.13,23.0,0.24,29.3,0.25,31.9,0.76,29.3,0.75,31.9,0.86,21.6,0.87,23.0,0.1,0.1,0.093411,1776230525000
1776230526.832,126.832,0.12,37.41,0.11,26.6,0.21,15.7,0.22,20.2,0.76,29.3,0.75,31.9,0.86,21.6,0.87,23.0,0.09,0.1,0.093411,1776230525000
1776230527.251,127.251,0.12,37.41,0.11,26.6,0.21,15.7,0.22,20.2,0.79,15.7,0.78,20.2,0.88,37.41,0.89,26.6,0.09,0.09,0.093413,1776230526000
1776230528.261,128.261,0.12,37.41,0.11,26.6,0.21,15.7,0.22,20.2,0.79,15.7,0.78,20.2,0.88,37.41,0.89,26.6,0.09,0.09,0.093413,1776230527000
1776230529.274,129.274,0.12,37.41,0.11,26.6,0.21,15.7,0.22,20.2,0.79,15.7,0.78,20.2,0.88,37.41,0.89,26.6,0.09,0.09,0.093412,1776230528000
1776230530.232,130.232,0.12,37.41,0.11,26.6,0.21,15.7,0.22,20.2,0.79,15.7,0.78,20.2,0.88,37.41,0.89,26.6,0.09,0.09,0.093412,1776230529000
1776230531.233,131.233,0.12,37.41,0.11,26.6,0.21,15.7,0.22,20.2,0.79,15.7,0.78,20.2,0.88,37.41,0.89,26.6,0.09,0.09,0.093412,1776230530000
1776230532.115,132.115,0.12,37.41,0.11,26.6,0.21,15.7,0.22,20.2,0.79,15.7,0.78,20.2,0.88,37.41,0.89,26.6,0.09,0.09,0.093412,1776230531000
1776230533.153,133.153,0.12,37.41,0.11,26.6,0.21,15.7,0.22,20.2,0.79,15.7,0.78,20.2,0.88,37.41,0.89,26.6,0.09,0.09,0.093411,1776230532000
1776230534.092,134.092,0.12,37.41,0.11,26.6,0.21,15.7,0.22,20.2,0.79,15.7,0.78,20.2,0.88,37.41,0.89,26.6,0.09,0.09,0.093409,1776230533000
1776230535.065,135.065,0.12,37.41,0.11,26.6,0.21,15.7,0.22,20.2,0.79,15.7,0.78,20.2,0.88,37.41,0.89,26.6,0.09,0.09,0.093409,1776230534000
1776230536.209,136.209,0.12,37.41,0.11,26.6,0.21,15.7,0.22,20.2,0.79,15.7,0.78,20.2,0.88,37.41,0.89,26.6,0.09,0.09,0.093409,1776230535000
1776230537.173,137.173,0.12,37.41,0.11,26.6,0.21,15.7,0.22,20.2,0.79,15.7,0.78,20.2,0.88,37.41,0.89,26.6,0.09,0.09,0.093412,1776230536000
1776230538.191,138.191,0.12,37.41,0.11,26.6,0.21,15.7,0.22,20.2,0.79,15.7,0.78,20.2,0.88,37.41,0.89,26.6,0.09,0.09,0.093412,1776230537000
1776230539.195,139.195,0.12,37.41,0.11,26.6,0.21,15.7,0.22,20.2,0.79,15.7,0.78,20.2,0.88,37.41,0.89,26.6,0.09,0.09,0.093412,1776230538000
1776230540.121,140.121,0.12,37.41,0.11,26.6,0.21,15.7,0.22,20.2,0.79,15.7,0.78,20.2,0.88,37.41,0.89,26.6,0.09,0.09,0.093412,1776230539000
1776230541.078,141.078,0.12,37.41,0.11,26.6,0.21,15.7,0.22,20.2,0.79,15.7,0.78,20.2,0.88,37.41,0.89,26.6,0.09,0.09,0.093411,1776230540000
1776230542.225,142.225,0.12,37.41,0.11,26.6,0.21,15.7,0.22,20.2,0.79,15.7,0.78,20.2,0.88,37.41,0.89,26.6,0.09,0.09,0.093411,1776230541000
1776230542.804,142.804,0.07,13.0,0.05,94.7,0.12,5.0,0.13,39.0,0.79,15.7,0.78,20.2,0.88,37.41,0.89,26.6,0.05,0.09,0.093411,1776230541000
1776230543.175,143.175,0.07,13.0,0.05,94.7,0.12,5.0,0.13,39.0,0.88,5.0,0.87,39.0,0.93,13.0,0.95,94.7,0.05,0.05,0.093407,1776230542000
1776230543.495,143.495,0.08,1.0,0.07,13.0,0.12,17.0,0.14,41.6,0.88,5.0,0.87,39.0,0.93,13.0,0.95,94.7,0.04,0.05,0.093407,1776230542000
1776230544.251,144.251,0.08,1.0,0.07,13.0,0.12,17.0,0.14,41.6,0.88,17.0,0.86,41.6,0.92,1.0,0.93,13.0,0.04,0.04,0.093383,1776230543000
1776230545.144,145.144,0.08,1.0,0.07,13.0,0.12,17.0,0.14,41.6,0.88,17.0,0.86,41.6,0.92,1.0,0.93,13.0,0.04,0.04,0.093369,1776230544000
1776230546.158,146.158,0.08,1.0,0.07,13.0,0.12,17.0,0.14,41.6,0.88,17.0,0.86,41.6,0.92,1.0,0.93,13.0,0.04,0.04,0.093369,1776230545000
1776230547.173,147.173,0.08,1.0,0.07,13.0,0.12,17.0,0.14,41.6,0.88,17.0,0.86,41.6,0.92,1.0,0.93,13.0,0.04,0.04,0.093369,1776230546000
1776230548.186,148.186,0.08,1.0,0.07,13.0,0.12,17.0,0.14,41.6,0.88,17.0,0.86,41.6,0.92,1.0,0.93,13.0,0.04,0.04,0.093369,1776230547000
1776230549.132,149.132,0.08,1.0,0.07,13.0,0.12,17.0,0.14,41.6,0.88,17.0,0.86,41.6,0.92,1.0,0.93,13.0,0.04,0.04,0.093369,1776230548000
1776230550.193,150.193,0.08,1.0,0.07,13.0,0.12,17.0,0.14,41.6,0.88,17.0,0.86,41.6,0.92,1.0,0.93,13.0,0.04,0.04,0.093368,1776230549000
1776230551.257,151.257,0.08,1.0,0.07,13.0,0.12,17.0,0.14,41.6,0.88,17.0,0.86,41.6,0.92,1.0,0.93,13.0,0.04,0.04,0.093368,1776230550000
1776230552.288,152.288,0.08,1.0,0.07,13.0,0.12,17.0,0.14,41.6,0.88,17.0,0.86,41.6,0.92,1.0,0.93,13.0,0.04,0.04,0.093325,1776230551000
1776230553.442,153.442,0.08,1.0,0.07,13.0,0.12,17.0,0.14,41.6,0.88,17.0,0.86,41.6,0.92,1.0,0.93,13.0,0.04,0.04,0.093332,1776230552000
1776230554.009,154.009,0.08,1.0,0.07,13.0,0.12,17.0,0.14,41.6,0.88,17.0,0.86,41.6,0.92,1.0,0.93,13.0,0.04,0.04,0.09335,1776230553000
1776230555.24,155.24,0.08,1.0,0.07,13.0,0.12,17.0,0.14,41.6,0.88,17.0,0.86,41.6,0.92,1.0,0.93,13.0,0.04,0.04,0.09335,1776230554000
1776230556.296,156.296,0.04,5.0,0.03,89.3,0.07,78.51,0.08,35.29,0.88,17.0,0.86,41.6,0.92,1.0,0.93,13.0,0.03,0.04,0.09335,1776230554000
1776230557.16,157.16,0.04,5.0,0.03,89.3,0.07,78.51,0.08,35.29,0.93,78.51,0.92,35.29,0.96,5.0,0.97,89.3,0.03,0.03,0.093349,1776230556000
1776230557.37,157.37,0.04,3.95,0.03,89.3,0.07,83.51,0.08,40.29,0.93,78.51,0.92,35.29,0.96,5.0,0.97,89.3,0.03,0.03,0.093349,1776230556000
1776230558.449,158.449,0.04,3.95,0.03,89.3,0.07,83.51,0.08,40.29,0.93,83.51,0.92,40.29,0.96,3.95,0.97,89.3,0.03,0.03,0.093359,1776230557000
1776230559.075,159.075,0.04,3.95,0.03,89.3,0.07,83.51,0.08,40.29,0.93,83.51,0.92,40.29,0.96,3.95,0.97,89.3,0.03,0.03,0.093357,1776230558000
1776230560.222,160.222,0.04,3.95,0.03,89.3,0.07,83.51,0.08,40.29,0.93,83.51,0.92,40.29,0.96,3.95,0.97,89.3,0.03,0.03,0.093351,1776230559000
1776230561.6,161.6,0.04,3.95,0.03,89.3,0.07,83.51,0.08,40.29,0.93,83.51,0.92,40.29,0.96,3.95,0.97,89.3,0.03,0.03,0.093348,1776230560000
1776230562.276,162.276,0.04,3.95,0.03,89.3,0.07,83.51,0.08,40.29,0.93,83.51,0.92,40.29,0.96,3.95,0.97,89.3,0.03,0.03,0.093348,1776230561000
1776230563.717,163.717,0.04,3.95,0.03,89.3,0.07,83.51,0.08,40.29,0.93,83.51,0.92,40.29,0.96,3.95,0.97,89.3,0.03,0.03,0.093348,1776230562000
1776230564.308,164.308,0.04,3.95,0.03,89.3,0.07,83.51,0.08,40.29,0.93,83.51,0.92,40.29,0.96,3.95,0.97,89.3,0.03,0.03,0.093348,1776230563000
1776230565.594,165.594,0.04,3.95,0.03,89.3,0.07,83.51,0.08,40.29,0.93,83.51,0.92,40.29,0.96,3.95,0.97,89.3,0.03,0.03,0.09335,1776230564000
1776230566.316,166.316,0.04,3.95,0.03,89.3,0.07,83.51,0.08,40.29,0.93,83.51,0.92,40.29,0.96,3.95,0.97,89.3,0.03,0.03,0.09335,1776230565000
1776230567.625,167.625,0.04,3.95,0.03,89.3,0.07,83.51,0.08,40.29,0.93,83.51,0.92,40.29,0.96,3.95,0.97,89.3,0.03,0.03,0.093349,1776230566000
1776230568.359,168.359,0.04,3.95,0.03,89.3,0.07,83.51,0.08,40.29,0.93,83.51,0.92,40.29,0.96,3.95,0.97,89.3,0.03,0.03,0.093348,1776230567000
1776230570.056,170.056,0.04,3.95,0.03,89.3,0.07,83.51,0.08,40.29,0.93,83.51,0.92,40.29,0.96,3.95,0.97,89.3,0.03,0.03,0.093355,1776230569000
1776230571.045,171.045,0.04,3.95,0.03,89.3,0.07,83.51,0.08,40.29,0.93,83.51,0.92,40.29,0.96,3.95,0.97,89.3,0.03,0.03,0.093357,1776230570000
1776230572.126,172.126,0.04,3.95,0.03,89.3,0.07,83.51,0.08,40.29,0.93,83.51,0.92,40.29,0.96,3.95,0.97,89.3,0.03,0.03,0.093368,1776230571000
1776230573.251,173.251,0.04,3.95,0.03,89.3,0.07,83.51,0.08,40.29,0.93,83.51,0.92,40.29,0.96,3.95,0.97,89.3,0.03,0.03,0.093362,1776230572000
1776230574.156,174.156,0.04,3.95,0.03,89.3,0.07,83.51,0.08,40.29,0.93,83.51,0.92,40.29,0.96,3.95,0.97,89.3,0.03,0.03,0.093368,1776230573000
1776230574.612,174.612,0.04,76.65,0.03,89.3,0.07,39.9,0.1,58.9,0.93,83.51,0.92,40.29,0.96,3.95,0.97,89.3,0.03,0.03,0.093368,1776230573000
1776230575.183,175.183,0.04,76.65,0.03,89.3,0.07,39.9,0.1,58.9,0.93,39.9,0.9,58.9,0.96,76.65,0.97,89.3,0.03,0.03,0.093374,1776230574000
1776230576.183,176.183,0.04,76.65,0.03,89.3,0.07,39.9,0.1,58.9,0.93,39.9,0.9,58.9,0.96,76.65,0.97,89.3,0.03,0.03,0.093374,1776230575000
1776230577.188,177.188,0.04,76.65,0.03,89.3,0.07,39.9,0.1,58.9,0.93,39.9,0.9,58.9,0.96,76.65,0.97,89.3,0.03,0.03,0.093375,1776230576000
1776230578.166,178.166,0.04,76.65,0.03,89.3,0.07,39.9,0.1,58.9,0.93,39.9,0.9,58.9,0.96,76.65,0.97,89.3,0.03,0.03,0.093375,1776230577000
1776230579.097,179.097,0.04,76.65,0.03,89.3,0.07,39.9,0.1,58.9,0.93,39.9,0.9,58.9,0.96,76.65,0.97,89.3,0.03,0.03,0.093375,1776230578000
1776230580.022,180.022,0.04,73.48,0.03,89.3,0.07,39.9,0.1,33.9,0.93,39.9,0.9,58.9,0.96,76.65,0.97,89.3,0.03,0.03,0.093375,1776230578000
1776230581.183,181.183,0.04,73.48,0.03,89.3,0.07,39.9,0.1,33.9,0.93,39.9,0.9,33.9,0.96,73.48,0.97,89.3,0.03,0.03,0.093375,1776230580000
1776230582.241,182.241,0.04,73.48,0.03,89.3,0.07,39.9,0.1,33.9,0.93,39.9,0.9,33.9,0.96,73.48,0.97,89.3,0.03,0.03,0.093376,1776230581000
1776230583.13,183.13,0.04,73.48,0.03,89.3,0.07,39.9,0.1,33.9,0.93,39.9,0.9,33.9,0.96,73.48,0.97,89.3,0.03,0.03,0.093376,1776230582000
1776230584.246,184.246,0.04,73.48,0.03,89.3,0.07,39.9,0.1,33.9,0.93,39.9,0.9,33.9,0.96,73.48,0.97,89.3,0.03,0.03,0.093365,1776230583000
1776230585.28,185.28,0.04,73.48,0.03,89.3,0.07,39.9,0.1,33.9,0.93,39.9,0.9,33.9,0.96,73.48,0.97,89.3,0.03,0.03,0.093358,1776230584000
1776230586.378,186.378,0.04,73.48,0.03,89.3,0.07,39.9,0.1,33.9,0.93,39.9,0.9,33.9,0.96,73.48,0.97,89.3,0.03,0.03,0.093365,1776230585000
1776230586.915,186.915,0.04,73.48,0.03,89.3,0.07,39.9,0.1,33.9,0.93,39.9,0.9,33.9,0.96,73.48,0.97,89.3,0.03,0.03,0.093368,1776230586000
1776230587.944,187.944,0.04,73.48,0.03,89.3,0.07,39.9,0.1,33.9,0.93,39.9,0.9,33.9,0.96,73.48,0.97,89.3,0.03,0.03,0.093368,1776230587000
1776230588.967,188.967,0.04,73.48,0.03,89.3,0.07,39.9,0.1,33.9,0.93,39.9,0.9,33.9,0.96,73.48,0.97,89.3,0.03,0.03,0.093371,1776230588000
1776230590.144,190.144,0.02,15.0,0.01,483.6,0.06,57.8,0.07,79.8,0.94,57.8,0.93,79.8,0.98,15.0,0.99,483.6,0.04,0.04,0.09337,1776230589000
1776230591.165,191.165,0.02,15.0,0.01,483.6,0.06,57.8,0.07,79.8,0.94,57.8,0.93,79.8,0.98,15.0,0.99,483.6,0.04,0.04,0.09336,1776230590000
1776230592.169,192.169,0.02,15.0,0.01,483.6,0.06,57.8,0.07,79.8,0.94,57.8,0.93,79.8,0.98,15.0,0.99,483.6,0.04,0.04,0.093348,1776230591000
1776230593.323,193.323,0.02,15.0,0.01,483.6,0.06,57.8,0.07,79.8,0.94,57.8,0.93,79.8,0.98,15.0,0.99,483.6,0.04,0.04,0.093356,1776230592000
1776230594.413,194.413,0.02,15.0,0.01,483.6,0.06,57.8,0.07,79.8,0.94,57.8,0.93,79.8,0.98,15.0,0.99,483.6,0.04,0.04,0.093354,1776230593000
1776230594.999,194.999,0.02,15.0,0.01,483.6,0.06,57.8,0.07,79.8,0.94,57.8,0.93,79.8,0.98,15.0,0.99,483.6,0.04,0.04,0.093347,1776230594000
1776230596.038,196.038,0.02,15.0,0.01,483.6,0.06,57.8,0.07,79.8,0.94,57.8,0.93,79.8,0.98,15.0,0.99,483.6,0.04,0.04,0.093361,1776230595000
1776230597.223,197.223,0.02,15.0,0.01,483.6,0.06,57.8,0.07,79.8,0.94,57.8,0.93,79.8,0.98,15.0,0.99,483.6,0.04,0.04,0.093363,1776230596000
1776230599.147,199.147,0.02,15.0,0.01,483.6,0.06,57.8,0.07,79.8,0.94,57.8,0.93,79.8,0.98,15.0,0.99,483.6,0.04,0.04,0.093364,1776230597000
1776230599.385,199.385,0.02,152.69,0.01,483.6,0.03,8.01,0.04,5.0,0.94,57.8,0.93,79.8,0.98,15.0,0.99,483.6,0.01,0.04,0.093364,1776230597000
1776230599.867,199.867,0.02,152.69,0.01,483.6,0.03,8.01,0.04,5.0,0.97,8.01,0.96,5.0,0.98,152.69,0.99,483.6,0.01,0.01,0.093368,1776230598000
1776230600.679,200.679,0.02,152.69,0.01,483.6,0.03,8.01,0.04,5.0,0.97,8.01,0.96,5.0,0.98,152.69,0.99,483.6,0.01,0.01,0.093372,1776230599000
1776230601.512,201.512,0.02,152.69,0.01,483.6,0.03,8.01,0.04,5.0,0.97,8.01,0.96,5.0,0.98,152.69,0.99,483.6,0.01,0.01,0.093376,1776230600000
1776230602.251,202.251,0.02,152.69,0.01,483.6,0.03,8.01,0.04,5.0,0.97,8.01,0.96,5.0,0.98,152.69,0.99,483.6,0.01,0.01,0.093376,1776230601000
1776230603.511,203.511,0.02,152.69,0.01,483.6,0.03,8.01,0.04,5.0,0.97,8.01,0.96,5.0,0.98,152.69,0.99,483.6,0.01,0.01,0.093375,1776230602000
1776230604.25,204.25,0.02,152.69,0.01,483.6,0.03,8.01,0.04,5.0,0.97,8.01,0.96,5.0,0.98,152.69,0.99,483.6,0.01,0.01,0.093375,1776230603000
1776230605.068,205.068,0.02,152.69,0.01,483.6,0.03,3.01,0.04,5.0,0.97,8.01,0.96,5.0,0.98,152.69,0.99,483.6,0.01,0.01,0.093375,1776230603000
1776230605.545,205.545,0.02,152.69,0.01,483.6,0.03,3.01,0.04,5.0,0.97,3.01,0.96,5.0,0.98,152.69,0.99,483.6,0.01,0.01,0.093373,1776230604000
1776230606.322,206.322,0.02,152.69,0.01,483.6,0.03,3.01,0.04,5.0,0.97,3.01,0.96,5.0,0.98,152.69,0.99,483.6,0.01,0.01,0.093372,1776230605000
1776230607.605,207.605,0.02,152.69,0.01,483.6,0.03,3.01,0.04,5.0,0.97,3.01,0.96,5.0,0.98,152.69,0.99,483.6,0.01,0.01,0.09337,1776230606000
1776230608.411,208.411,0.02,152.69,0.01,483.6,0.03,3.01,0.04,5.0,0.97,3.01,0.96,5.0,0.98,152.69,0.99,483.6,0.01,0.01,0.09337,1776230607000
1776230609.128,209.128,0.02,152.69,0.01,483.6,0.03,3.01,0.04,5.0,0.97,3.01,0.96,5.0,0.98,152.69,0.99,483.6,0.01,0.01,0.09337,1776230608000
1776230610.315,210.315,0.02,13.0,0.01,483.6,0.03,3.01,0.04,5.0,0.97,3.01,0.96,5.0,0.98,152.69,0.99,483.6,0.01,0.01,0.09337,1776230608000
1776230611.212,211.212,0.01,483.6,,,0.03,3.01,0.04,10.0,0.97,3.01,0.96,5.0,0.98,13.0,0.99,483.6,0.02,0.01,0.093371,1776230609000
1776230612.65,212.65,0.01,483.6,,,0.03,3.01,0.04,10.0,0.97,3.01,0.96,10.0,0.99,483.6,,,0.02,0.02,0.093371,1776230611000
1776230613.288,213.288,0.01,483.6,,,0.03,3.01,0.04,10.0,0.97,3.01,0.96,10.0,0.99,483.6,,,0.02,0.02,0.093366,1776230612000
1776230613.996,213.996,0.01,483.6,,,0.03,3.01,0.04,10.0,0.97,3.01,0.96,10.0,0.99,483.6,,,0.02,0.02,0.093361,1776230613000
1776230615.168,215.168,0.01,473.49,,,0.03,92.31,0.04,77.7,0.97,3.01,0.96,10.0,0.99,483.6,,,0.02,0.02,0.093361,1776230613000
1776230615.769,215.769,0.01,473.49,,,0.03,92.31,0.04,77.7,0.97,92.31,0.96,77.7,0.99,473.49,,,0.02,0.02,0.093361,1776230614000
1776230616.281,216.281,0.01,473.49,,,0.03,92.31,0.04,77.7,0.97,92.31,0.96,77.7,0.99,473.49,,,0.02,0.02,0.093361,1776230615000
1776230617.399,217.399,0.01,473.49,,,0.03,92.31,0.04,77.7,0.97,92.31,0.96,77.7,0.99,473.49,,,0.02,0.02,0.093359,1776230616000
1776230618.834,218.834,0.01,473.49,,,0.03,92.31,0.04,77.7,0.97,92.31,0.96,77.7,0.99,473.49,,,0.02,0.02,0.093359,1776230617000
1776230619.553,219.553,0.01,473.49,,,0.03,92.31,0.04,77.7,0.97,92.31,0.96,77.7,0.99,473.49,,,0.02,0.02,0.093361,1776230618000
1776230620.072,220.072,0.01,473.49,,,0.03,92.31,0.04,77.7,0.97,92.31,0.96,77.7,0.99,473.49,,,0.02,0.02,0.093361,1776230619000
1776230620.647,220.647,0.01,85.89,,,0.03,92.31,0.04,77.7,0.97,92.31,0.96,77.7,0.99,473.49,,,0.02,0.02,0.093361,1776230619000
1776230621.094,221.094,0.01,85.89,,,0.03,92.31,0.04,77.7,0.97,92.31,0.96,77.7,0.99,85.89,,,0.02,0.02,0.093361,1776230620000
1776230622.357,222.357,0.01,85.89,,,0.03,92.31,0.04,77.7,0.97,92.31,0.96,77.7,0.99,85.89,,,0.02,0.02,0.093365,1776230621000
1776230622.96,222.96,0.01,85.89,,,0.03,92.31,0.04,77.7,0.97,92.31,0.96,77.7,0.99,85.89,,,0.02,0.02,0.093365,1776230622000
1776230624.117,224.117,0.01,85.89,,,0.03,92.31,0.04,77.7,0.97,92.31,0.96,77.7,0.99,85.89,,,0.02,0.02,0.093365,1776230623000
1776230625.227,225.227,0.01,85.89,,,0.03,92.31,0.04,77.7,0.97,92.31,0.96,77.7,0.99,85.89,,,0.02,0.02,0.093369,1776230624000
1776230626.299,226.299,0.01,85.89,,,0.03,92.31,0.04,77.7,0.97,92.31,0.96,77.7,0.99,85.89,,,0.02,0.02,0.093367,1776230625000
1776230626.734,226.734,0.01,343.49,,,0.03,92.31,0.04,77.7,0.97,92.31,0.96,77.7,0.99,85.89,,,0.02,0.02,0.093367,1776230625000
1776230627.999,227.999,0.01,343.49,,,0.03,92.31,0.04,77.7,0.97,92.31,0.96,77.7,0.99,343.49,,,0.02,0.02,0.093375,1776230627000
1776230629.117,229.117,0.01,343.49,,,0.03,92.31,0.04,77.7,0.97,92.31,0.96,77.7,0.99,343.49,,,0.02,0.02,0.093374,1776230628000
1776230630.853,230.853,0.01,343.49,,,0.03,92.31,0.04,77.7,0.97,92.31,0.96,77.7,0.99,343.49,,,0.02,0.02,0.093374,1776230629000
1776230631.458,231.458,0.01,80.89,,,0.03,55.96,0.04,72.7,0.97,92.31,0.96,77.7,0.99,343.49,,,0.02,0.02,0.093374,1776230629000
1776230632.208,232.208,0.01,80.89,,,0.03,55.96,0.04,72.7,0.97,55.96,0.96,72.7,0.99,80.89,,,0.02,0.02,0.093377,1776230631000
1776230633.136,233.136,0.01,80.89,,,0.03,55.96,0.04,72.7,0.97,55.96,0.96,72.7,0.99,80.89,,,0.02,0.02,0.093374,1776230632000
1776230634.583,234.583,0.01,80.89,,,0.03,55.96,0.04,72.7,0.97,55.96,0.96,72.7,0.99,80.89,,,0.02,0.02,0.093374,1776230633000
1776230635.293,235.293,0.01,80.89,,,0.03,55.96,0.04,72.7,0.97,55.96,0.96,72.7,0.99,80.89,,,0.02,0.02,0.093374,1776230634000
1776230636.772,236.772,0.01,80.89,,,0.03,55.96,0.04,72.7,0.97,55.96,0.96,72.7,0.99,80.89,,,0.02,0.02,0.093374,1776230635000
1776230637.352,237.352,0.01,80.89,,,0.03,55.96,0.04,72.7,0.97,55.96,0.96,72.7,0.99,80.89,,,0.02,0.02,0.093376,1776230636000
1776230637.873,237.873,0.01,79.87,,,0.02,132.69,0.03,60.96,0.97,55.96,0.96,72.7,0.99,80.89,,,0.01,0.02,0.093376,1776230636000
1776230638.518,238.518,0.01,79.87,,,0.02,132.69,0.03,60.96,0.98,132.69,0.97,60.96,0.99,79.87,,,0.01,0.01,0.093375,1776230637000
1776230639.344,239.344,0.01,79.87,,,0.02,132.69,0.03,60.96,0.98,132.69,0.97,60.96,0.99,79.87,,,0.01,0.01,0.093376,1776230638000
1776230640.022,240.022,0.01,79.87,,,0.02,132.69,0.03,60.96,0.98,132.69,0.97,60.96,0.99,79.87,,,0.01,0.01,0.09337,1776230639000
1776230640.602,240.602,0.01,78.85,,,0.02,137.69,0.03,60.96,0.98,132.69,0.97,60.96,0.99,79.87,,,0.01,0.01,0.09337,1776230639000
1776230641.379,241.379,0.01,78.85,,,0.02,137.69,0.03,60.96,0.98,137.69,0.97,60.96,0.99,78.85,,,0.01,0.01,0.093363,1776230640000
1776230643.059,243.059,0.01,78.85,,,0.02,137.69,0.03,60.96,0.98,137.69,0.97,60.96,0.99,78.85,,,0.01,0.01,0.093356,1776230641000
1776230643.791,243.791,0.01,78.85,,,0.02,137.69,0.03,60.96,0.98,137.69,0.97,60.96,0.99,78.85,,,0.01,0.01,0.093354,1776230642000
1776230644.8,244.8,0.01,72.74,,,0.02,137.69,0.03,60.96,0.98,137.69,0.97,60.96,0.99,72.74,,,0.01,0.01,0.093354,1776230643000
1776230645.648,245.648,0.01,72.74,,,0.02,137.69,0.03,60.96,0.98,137.69,0.97,60.96,0.99,72.74,,,0.01,0.01,0.093355,1776230644000
1776230646.088,246.088,0.01,58.74,,,0.02,137.69,0.03,60.96,0.98,137.69,0.97,60.96,0.99,72.74,,,0.01,0.01,0.093355,1776230644000
1776230646.431,246.431,0.01,10.74,,,0.02,137.69,0.03,60.96,0.98,137.69,0.97,60.96,0.99,26.74,,,0.01,0.01,0.093355,1776230644000
1776230647.181,247.181,0.01,10.74,,,0.02,137.69,0.03,60.96,0.98,137.69,0.97,60.96,0.99,10.74,,,0.01,0.01,0.09336,1776230646000
1776230648.655,248.655,0.01,10.74,,,0.02,137.69,0.03,60.96,0.98,137.69,0.97,60.96,0.99,10.74,,,0.01,0.01,0.093357,1776230647000
1776230649.796,249.796,0.01,10.74,,,0.02,137.69,0.03,60.96,0.98,137.69,0.97,60.96,0.99,10.74,,,0.01,0.01,0.093358,1776230648000
1776230650.187,250.187,0.01,10.74,,,0.02,137.69,0.03,60.96,0.98,137.69,0.97,60.96,0.99,10.74,,,0.01,0.01,0.093358,1776230649000
1776230650.791,250.791,,,,,0.01,40.26,0.02,137.69,0.98,137.69,0.97,60.96,0.99,10.74,,,,0.01,0.093358,1776230649000
1776230651.151,251.151,,,,,0.01,35.29,0.02,132.69,0.99,40.26,0.98,137.69,,,,,,,0.093358,1776230649000
1776230652.275,252.275,,,,,0.01,35.29,0.02,132.69,0.99,35.29,0.98,132.69,,,,,,,0.09336,1776230651000
1776230653.202,253.202,,,,,0.01,35.29,0.02,132.69,0.99,35.29,0.98,132.69,,,,,,,0.093355,1776230652000
1776230654.224,254.224,,,,,0.01,35.29,0.02,132.69,0.99,35.29,0.98,132.69,,,,,,,0.093355,1776230653000
1776230655.283,255.283,,,,,0.01,35.29,0.02,132.69,0.99,35.29,0.98,132.69,,,,,,,0.093354,1776230654000
1776230656.443,256.443,,,,,0.01,35.29,0.02,132.69,0.99,35.29,0.98,132.69,,,,,,,0.093358,1776230655000
1776230657.245,257.245,,,,,0.01,35.29,0.02,132.69,0.99,35.29,0.98,132.69,,,,,,,0.093359,1776230656000
1776230658.31,258.31,,,,,0.01,35.29,0.02,132.69,0.99,35.29,0.98,132.69,,,,,,,0.093361,1776230657000
1776230659.339,259.339,,,,,0.01,35.29,0.02,132.69,0.99,35.29,0.98,132.69,,,,,,,0.093383,1776230658000
1776230660.214,260.214,,,,,0.01,35.29,0.02,132.69,0.99,35.29,0.98,132.69,,,,,,,0.093377,1776230659000
1776230661.264,261.264,,,,,0.01,35.29,0.02,132.69,0.99,35.29,0.98,132.69,,,,,,,0.093384,1776230660000
1776230662.884,262.884,,,,,0.01,35.29,0.02,132.69,0.99,35.29,0.98,132.69,,,,,,,0.093387,1776230661000
1776230663.608,263.608,,,,,0.01,35.29,0.02,132.69,0.99,35.29,0.98,132.69,,,,,,,0.093387,1776230662000
1776230664.253,264.253,,,,,0.01,35.29,0.02,132.69,0.99,35.29,0.98,132.69,,,,,,,0.093387,1776230663000
1776230665.61,265.61,,,,,0.01,35.29,0.02,132.69,0.99,35.29,0.98,132.69,,,,,,,0.093387,1776230664000
1776230666.158,266.158,,,,,0.01,35.29,0.02,132.69,0.99,35.29,0.98,132.69,,,,,,,0.093387,1776230665000
1776230667.562,267.562,,,,,0.01,35.29,0.02,132.69,0.99,35.29,0.98,132.69,,,,,,,0.093386,1776230666000
1776230668.219,268.219,,,,,0.01,35.29,0.02,132.69,0.99,35.29,0.98,132.69,,,,,,,0.093385,1776230667000
1776230669.458,269.458,,,,,0.01,35.29,0.02,132.69,0.99,35.29,0.98,132.69,,,,,,,0.093385,1776230668000
1776230670.116,270.116,,,,,0.01,35.29,0.02,132.69,0.99,35.29,0.98,132.69,,,,,,,0.093385,1776230669000
1776230671.291,271.291,,,,,0.01,35.29,0.02,132.69,0.99,35.29,0.98,132.69,,,,,,,0.093385,1776230670000
1776230672.567,272.567,,,,,0.01,35.29,0.02,132.69,0.99,35.29,0.98,132.69,,,,,,,0.093384,1776230671000
1776230673.145,273.145,,,,,0.01,35.29,0.02,132.69,0.99,35.29,0.98,132.69,,,,,,,0.093383,1776230672000
1776230674.221,274.221,,,,,0.01,35.29,0.02,132.69,0.99,35.29,0.98,132.69,,,,,,,0.093384,1776230673000
1776230675.385,275.385,,,,,0.01,35.29,0.02,132.69,0.99,35.29,0.98,132.69,,,,,,,0.093384,1776230674000
1776230676.018,276.018,,,,,0.01,35.29,0.02,132.69,0.99,35.29,0.98,132.69,,,,,,,0.093385,1776230675000
1776230677.142,277.142,,,,,0.01,35.29,0.02,132.69,0.99,35.29,0.98,132.69,,,,,,,0.093386,1776230676000
1776230678.972,278.972,,,,,0.01,35.29,0.02,132.69,0.99,35.29,0.98,132.69,,,,,,,0.093386,1776230677000
1776230679.447,279.447,,,,,0.01,35.29,0.02,132.69,0.99,35.29,0.98,132.69,,,,,,,0.093386,1776230678000
1776230680.083,280.083,,,,,0.01,35.29,0.02,132.69,0.99,35.29,0.98,132.69,,,,,,,0.093392,1776230679000
1776230681.17,281.17,,,,,0.01,35.29,0.02,132.69,0.99,35.29,0.98,132.69,,,,,,,0.093392,1776230680000
1776230682.3,282.3,,,,,0.01,35.29,0.02,132.69,0.99,35.29,0.98,132.69,,,,,,,0.093397,1776230681000
1776230683.349,283.349,,,,,0.01,35.29,0.02,132.69,0.99,35.29,0.98,132.69,,,,,,,0.093394,1776230682000
1776230683.936,283.936,,,,,0.01,35.29,0.02,132.69,0.99,35.29,0.98,132.69,,,,,,,0.093398,1776230683000
1776230685.169,285.169,,,,,0.01,35.29,0.02,132.69,0.99,35.29,0.98,132.69,,,,,,,0.093399,1776230684000
1776230686.18,286.18,,,,,0.01,35.29,0.02,132.69,0.99,35.29,0.98,132.69,,,,,,,0.093392,1776230685000
1776230687.236,287.236,,,,,0.01,35.29,0.02,132.69,0.99,35.29,0.98,132.69,,,,,,,0.093398,1776230686000
1776230688.411,288.411,,,,,0.01,35.29,0.02,132.69,0.99,35.29,0.98,132.69,,,,,,,0.093408,1776230687000
1776230688.981,288.981,,,,,0.01,35.29,0.02,132.69,0.99,35.29,0.98,132.69,,,,,,,0.093409,1776230688000
1776230690.132,290.132,,,,,0.01,35.29,0.02,132.69,0.99,35.29,0.98,132.69,,,,,,,0.093407,1776230689000
1776230691.307,291.307,,,,,0.01,35.29,0.02,132.69,0.99,35.29,0.98,132.69,,,,,,,0.093408,1776230690000
1776230692.38,292.38,,,,,0.01,35.29,0.02,132.69,0.99,35.29,0.98,132.69,,,,,,,0.093407,1776230691000
1776230693.444,293.444,,,,,0.01,35.29,0.02,132.69,0.99,35.29,0.98,132.69,,,,,,,0.093399,1776230692000
1776230694.043,294.043,,,,,0.01,35.29,0.02,132.69,0.99,35.29,0.98,132.69,,,,,,,0.093403,1776230693000
1776230694.979,294.979,,,,,0.01,35.29,0.02,132.69,0.99,35.29,0.98,132.69,,,,,,,0.093403,1776230694000
1776230695.968,295.968,,,,,0.01,35.29,0.02,132.69,0.99,35.29,0.98,132.69,,,,,,,0.093403,1776230695000
1776230697.086,297.086,,,,,0.01,35.29,0.02,132.69,0.99,35.29,0.98,132.69,,,,,,,0.093403,1776230696000
1776230698.001,298.001,,,,,0.01,35.29,0.02,132.69,0.99,35.29,0.98,132.69,,,,,,,0.093402,1776230697000
1776230698.99,298.99,,,,,0.01,35.29,0.02,132.69,0.99,35.29,0.98,132.69,,,,,,,0.093403,1776230698000
1776230699.994,299.994,,,,,0.01,35.29,0.02,132.69,0.99,35.29,0.98,132.69,,,,,,,0.093404,1776230699000
1776230701.051,301.051,,,,,0.01,35.29,0.02,132.69,0.99,35.29,0.98,132.69,,,,,,,0.093406,1776230700000
1776230702.059,302.059,,,,,0.01,35.29,0.02,132.69,0.99,35.29,0.98,132.69,,,,,,,0.093406,1776230701000

# RESULT,winner=Down,slug=doge-updown-5m-1776230400,ticks=315
