timestamp,elapsed_sec,up_bid_p1,up_bid_s1,up_bid_p2,up_bid_s2,up_ask_p1,up_ask_s1,up_ask_p2,up_ask_s2,down_bid_p1,down_bid_s1,down_bid_p2,down_bid_s2,down_ask_p1,down_ask_s1,down_ask_p2,down_ask_s2,up_spread,down_spread,doge_price,doge_oracle_ts
1776215701.305,1.305,,,,,,,,,,,,,,,,,,,0.09357,1776215700000
1776215701.527,1.527,0.39,10.0,0.36,10.0,0.61,10.0,0.64,10.0,0.39,10.0,0.36,10.0,0.61,10.0,0.64,10.0,0.22,0.22,0.09357,1776215700000
1776215701.887,1.887,0.4,10.0,0.39,10.0,0.61,10.0,0.64,10.0,0.39,10.0,0.36,10.0,0.61,10.0,0.64,10.0,0.21,0.22,0.09357,1776215700000
1776215702.319,2.319,0.4,10.0,0.39,10.0,0.61,10.0,0.64,10.0,0.39,10.0,0.36,10.0,0.6,10.0,0.61,10.0,0.21,0.21,0.09357,1776215701000
1776215703.942,3.942,0.4,10.0,0.39,10.0,0.61,10.0,0.64,10.0,0.39,10.0,0.36,10.0,0.6,10.0,0.61,10.0,0.21,0.21,0.093561,1776215702000
1776215704.561,4.561,0.4,10.0,0.39,10.0,0.61,10.0,0.64,10.0,0.39,10.0,0.36,10.0,0.6,10.0,0.61,10.0,0.21,0.21,0.093564,1776215703000
1776215705.886,5.886,0.39,10.0,0.36,20.0,0.45,5.0,0.47,5.0,0.39,10.0,0.36,10.0,0.6,10.0,0.61,10.0,0.06,0.21,0.093564,1776215703000
1776215706.107,6.107,0.39,10.0,0.36,20.0,0.45,5.0,0.47,5.0,0.55,5.0,0.53,5.0,0.61,10.0,0.64,20.0,0.06,0.06,0.09355,1776215704000
1776215706.881,6.881,0.39,10.0,0.36,20.0,0.45,5.0,0.47,5.0,0.55,5.0,0.53,5.0,0.61,10.0,0.64,20.0,0.06,0.06,0.09354,1776215705000
1776215707.547,7.547,0.39,10.0,0.36,20.0,0.45,5.0,0.47,5.0,0.55,5.0,0.53,5.0,0.61,10.0,0.64,20.0,0.06,0.06,0.09354,1776215706000
1776215708.264,8.264,0.39,10.0,0.36,20.0,0.45,5.0,0.47,5.0,0.55,5.0,0.53,5.0,0.61,10.0,0.64,20.0,0.06,0.06,0.09354,1776215707000
1776215709.01,9.01,0.39,10.0,0.36,20.0,0.45,5.0,0.47,5.0,0.55,5.0,0.53,5.0,0.61,10.0,0.64,20.0,0.06,0.06,0.09354,1776215708000
1776215710.599,10.599,0.39,10.0,0.36,20.0,0.45,5.0,0.47,5.0,0.55,5.0,0.53,5.0,0.61,10.0,0.64,20.0,0.06,0.06,0.093537,1776215709000
1776215711.351,11.351,0.39,10.0,0.36,20.0,0.45,5.0,0.47,5.0,0.55,5.0,0.53,5.0,0.61,10.0,0.64,20.0,0.06,0.06,0.093523,1776215710000
1776215711.982,11.982,0.29,5.0,0.27,12.0,0.37,16.0,0.38,5.0,0.63,16.0,0.62,5.0,0.71,5.0,0.73,12.0,0.08,0.08,0.093524,1776215711000
1776215713.624,13.624,0.29,5.0,0.27,12.0,0.37,16.0,0.38,5.0,0.63,16.0,0.62,5.0,0.71,5.0,0.73,12.0,0.08,0.08,0.093522,1776215712000
1776215714.383,14.383,0.29,5.0,0.27,12.0,0.37,16.0,0.38,5.0,0.63,16.0,0.62,5.0,0.71,5.0,0.73,12.0,0.08,0.08,0.093522,1776215713000
1776215715.192,15.192,0.29,5.0,0.27,12.0,0.37,16.0,0.38,5.0,0.63,16.0,0.62,5.0,0.71,5.0,0.73,12.0,0.08,0.08,0.093521,1776215714000
1776215716.703,16.703,0.29,5.0,0.27,12.0,0.37,16.0,0.38,5.0,0.63,16.0,0.62,5.0,0.71,5.0,0.73,12.0,0.08,0.08,0.09352,1776215715000
1776215717.533,17.533,0.29,5.0,0.27,12.0,0.37,16.0,0.38,5.0,0.63,16.0,0.62,5.0,0.71,5.0,0.73,12.0,0.08,0.08,0.093513,1776215716000
1776215718.26,18.26,0.29,5.0,0.27,12.0,0.37,16.0,0.38,5.0,0.63,16.0,0.62,5.0,0.71,5.0,0.73,12.0,0.08,0.08,0.093513,1776215717000
1776215719.79,19.79,0.29,5.0,0.27,12.0,0.37,16.0,0.38,5.0,0.63,16.0,0.62,5.0,0.71,5.0,0.73,12.0,0.08,0.08,0.093505,1776215718000
1776215720.583,20.583,0.29,5.0,0.27,12.0,0.37,16.0,0.38,5.0,0.63,16.0,0.62,5.0,0.71,5.0,0.73,12.0,0.08,0.08,0.093506,1776215719000
1776215721.26,21.26,0.29,5.0,0.27,12.0,0.37,16.0,0.38,5.0,0.63,16.0,0.62,5.0,0.71,5.0,0.73,12.0,0.08,0.08,0.093506,1776215720000
1776215722.123,22.123,0.29,5.0,0.27,12.0,0.37,16.0,0.38,5.0,0.63,16.0,0.62,5.0,0.71,5.0,0.73,12.0,0.08,0.08,0.093506,1776215721000
1776215722.538,22.538,0.27,5.0,0.23,20.0,0.36,17.0,0.37,10.0,0.63,16.0,0.62,5.0,0.71,5.0,0.73,12.0,0.09,0.08,0.093506,1776215721000
1776215723.723,23.723,0.27,5.0,0.23,20.0,0.36,17.0,0.37,10.0,0.64,17.0,0.63,10.0,0.73,5.0,0.77,20.0,0.09,0.09,0.093509,1776215722000
1776215724.199,24.199,0.27,5.0,0.23,20.0,0.36,17.0,0.37,10.0,0.64,17.0,0.63,10.0,0.73,5.0,0.77,20.0,0.09,0.09,0.093513,1776215723000
1776215724.521,24.521,0.3,5.0,0.25,20.0,0.37,10.0,0.4,10.0,0.64,17.0,0.63,10.0,0.73,5.0,0.77,20.0,0.07,0.09,0.093513,1776215723000
1776215725.181,25.181,0.3,5.0,0.25,20.0,0.37,5.0,0.4,10.0,0.63,5.0,0.6,10.0,0.7,5.0,0.75,20.0,0.07,0.07,0.093524,1776215724000
1776215726.065,26.065,0.3,5.0,0.25,20.0,0.37,5.0,0.4,10.0,0.63,5.0,0.6,10.0,0.7,5.0,0.75,20.0,0.07,0.07,0.093524,1776215725000
1776215726.284,26.284,0.28,10.0,0.27,30.0,0.37,5.0,0.4,10.0,0.63,5.0,0.6,10.0,0.7,5.0,0.75,20.0,0.09,0.07,0.093524,1776215725000
1776215727.097,27.097,0.28,10.0,0.27,30.0,0.37,5.0,0.4,10.0,0.63,5.0,0.6,10.0,0.72,10.0,0.73,30.0,0.09,0.09,0.093531,1776215726000
1776215728.023,28.023,0.28,10.0,0.27,30.0,0.37,5.0,0.4,10.0,0.63,5.0,0.6,10.0,0.72,10.0,0.73,30.0,0.09,0.09,0.093532,1776215727000
1776215729.0,29.0,0.28,10.0,0.27,30.0,0.37,5.0,0.4,10.0,0.63,5.0,0.6,10.0,0.72,10.0,0.73,30.0,0.09,0.09,0.093537,1776215728000
1776215729.972,29.972,0.28,10.0,0.27,30.0,0.37,5.0,0.4,10.0,0.63,5.0,0.6,10.0,0.72,10.0,0.73,30.0,0.09,0.09,0.093536,1776215729000
1776215730.98,30.98,0.28,10.0,0.27,30.0,0.37,5.0,0.4,10.0,0.63,5.0,0.6,10.0,0.72,10.0,0.73,30.0,0.09,0.09,0.093536,1776215730000
1776215731.942,31.942,0.28,10.0,0.27,30.0,0.37,5.0,0.4,10.0,0.63,5.0,0.6,10.0,0.72,10.0,0.73,30.0,0.09,0.09,0.093536,1776215731000
1776215733.025,33.025,0.28,10.0,0.27,30.0,0.37,5.0,0.4,10.0,0.63,5.0,0.6,10.0,0.72,10.0,0.73,30.0,0.09,0.09,0.093532,1776215732000
1776215733.962,33.962,0.28,10.0,0.27,30.0,0.37,5.0,0.4,10.0,0.63,5.0,0.6,10.0,0.72,10.0,0.73,30.0,0.09,0.09,0.09353,1776215733000
1776215735.029,35.029,0.28,10.0,0.27,30.0,0.37,5.0,0.4,10.0,0.63,5.0,0.6,10.0,0.72,10.0,0.73,30.0,0.09,0.09,0.093529,1776215734000
1776215736.834,36.834,0.28,10.0,0.27,30.0,0.37,5.0,0.4,10.0,0.63,5.0,0.6,10.0,0.72,10.0,0.73,30.0,0.09,0.09,0.093529,1776215735000
1776215737.326,37.326,0.28,10.0,0.27,30.0,0.37,5.0,0.4,10.0,0.63,5.0,0.6,10.0,0.72,10.0,0.73,30.0,0.09,0.09,0.093529,1776215736000
1776215737.95,37.95,0.28,10.0,0.27,30.0,0.37,5.0,0.4,10.0,0.63,5.0,0.6,10.0,0.72,10.0,0.73,30.0,0.09,0.09,0.093529,1776215737000
1776215739.221,39.221,0.28,10.0,0.27,30.0,0.37,5.0,0.4,10.0,0.63,5.0,0.6,10.0,0.72,10.0,0.73,30.0,0.09,0.09,0.093521,1776215738000
1776215740.419,40.419,0.28,10.0,0.27,30.0,0.37,5.0,0.4,10.0,0.63,5.0,0.6,10.0,0.72,10.0,0.73,30.0,0.09,0.09,0.09352,1776215739000
1776215741.01,41.01,0.28,10.0,0.27,30.0,0.37,5.0,0.4,10.0,0.63,5.0,0.6,10.0,0.72,10.0,0.73,30.0,0.09,0.09,0.09352,1776215740000
1776215742.204,42.204,0.28,10.0,0.27,30.0,0.37,5.0,0.4,10.0,0.63,5.0,0.6,10.0,0.72,10.0,0.73,30.0,0.09,0.09,0.093519,1776215741000
1776215743.308,43.308,0.28,10.0,0.27,30.0,0.37,5.0,0.4,10.0,0.63,5.0,0.6,10.0,0.72,10.0,0.73,30.0,0.09,0.09,0.093518,1776215742000
1776215744.572,44.572,0.28,10.0,0.27,30.0,0.37,5.0,0.4,10.0,0.63,5.0,0.6,10.0,0.72,10.0,0.73,30.0,0.09,0.09,0.093518,1776215743000
1776215745.1,45.1,0.28,10.0,0.27,30.0,0.37,5.0,0.4,10.0,0.63,5.0,0.6,10.0,0.72,10.0,0.73,30.0,0.09,0.09,0.093518,1776215744000
1776215746.205,46.205,0.28,10.0,0.27,30.0,0.37,5.0,0.4,10.0,0.63,5.0,0.6,10.0,0.72,10.0,0.73,30.0,0.09,0.09,0.093528,1776215745000
1776215747.39,47.39,0.28,10.0,0.27,30.0,0.37,5.0,0.4,10.0,0.63,5.0,0.6,10.0,0.72,10.0,0.73,30.0,0.09,0.09,0.09353,1776215746000
1776215747.988,47.988,0.28,10.0,0.27,30.0,0.37,5.0,0.4,10.0,0.63,5.0,0.6,10.0,0.72,10.0,0.73,30.0,0.09,0.09,0.09353,1776215747000
1776215749.152,49.152,0.28,10.0,0.27,30.0,0.37,5.0,0.4,10.0,0.63,5.0,0.6,10.0,0.72,10.0,0.73,30.0,0.09,0.09,0.09353,1776215748000
1776215750.201,50.201,0.28,10.0,0.27,30.0,0.37,5.0,0.4,10.0,0.63,5.0,0.6,10.0,0.72,10.0,0.73,30.0,0.09,0.09,0.093522,1776215749000
1776215751.147,51.147,0.27,13.14,0.26,13.5,0.37,16.0,0.38,5.0,0.63,5.0,0.6,10.0,0.72,10.0,0.73,30.0,0.1,0.09,0.093522,1776215749000
1776215751.784,51.784,0.27,13.14,0.26,13.5,0.37,16.0,0.38,5.0,0.63,16.0,0.62,5.0,0.73,13.14,0.74,13.5,0.1,0.1,0.093515,1776215750000
1776215752.319,52.319,0.27,13.14,0.26,13.5,0.37,16.0,0.38,5.0,0.63,16.0,0.62,5.0,0.73,13.14,0.74,13.5,0.1,0.1,0.093514,1776215751000
1776215752.59,52.59,0.27,13.14,0.26,13.5,0.37,16.0,0.38,5.0,0.63,16.0,0.62,5.0,0.73,13.14,0.74,13.5,0.1,0.1,0.093514,1776215751000
1776215752.973,52.973,0.27,13.14,0.26,13.5,0.37,16.0,0.38,5.0,0.63,16.0,0.62,5.0,0.73,13.14,0.74,13.5,0.1,0.1,0.093514,1776215752000
1776215753.875,53.875,0.27,13.14,0.26,13.5,0.37,16.0,0.38,5.0,0.63,16.0,0.62,5.0,0.73,13.14,0.74,13.5,0.1,0.1,0.093514,1776215753000
1776215754.905,54.905,0.27,13.14,0.26,13.5,0.37,16.0,0.38,5.0,0.63,16.0,0.62,5.0,0.73,13.14,0.74,13.5,0.1,0.1,0.093514,1776215754000
1776215755.901,55.901,0.27,13.14,0.26,13.5,0.37,16.0,0.38,5.0,0.63,16.0,0.62,5.0,0.73,13.14,0.74,13.5,0.1,0.1,0.093514,1776215755000
1776215756.879,56.879,0.27,13.14,0.26,13.5,0.37,16.0,0.38,5.0,0.63,16.0,0.62,5.0,0.73,13.14,0.74,13.5,0.1,0.1,0.093511,1776215756000
1776215757.919,57.919,0.27,13.14,0.26,13.5,0.37,16.0,0.38,5.0,0.63,16.0,0.62,5.0,0.73,13.14,0.74,13.5,0.1,0.1,0.093509,1776215757000
1776215759.457,59.457,0.27,13.14,0.26,13.5,0.37,16.0,0.38,5.0,0.63,16.0,0.62,5.0,0.73,13.14,0.74,13.5,0.1,0.1,0.093509,1776215758000
1776215759.987,59.987,0.27,13.14,0.26,13.5,0.37,16.0,0.38,5.0,0.63,16.0,0.62,5.0,0.73,13.14,0.74,13.5,0.1,0.1,0.093509,1776215759000
1776215761.151,61.151,0.27,13.14,0.26,13.5,0.37,16.0,0.38,5.0,0.63,16.0,0.62,5.0,0.73,13.14,0.74,13.5,0.1,0.1,0.093509,1776215760000
1776215762.457,62.457,0.27,13.14,0.26,13.5,0.37,16.0,0.38,5.0,0.63,16.0,0.62,5.0,0.73,13.14,0.74,13.5,0.1,0.1,0.093507,1776215761000
1776215763.027,63.027,0.27,13.14,0.26,13.5,0.37,16.0,0.38,5.0,0.63,16.0,0.62,5.0,0.73,13.14,0.74,13.5,0.1,0.1,0.093505,1776215762000
1776215764.099,64.099,0.23,9.5,0.22,15.2,0.32,19.0,0.33,5.0,0.68,19.0,0.67,5.0,0.77,9.5,0.78,15.2,0.09,0.09,0.093507,1776215763000
1776215765.337,65.337,0.23,9.5,0.22,15.2,0.32,19.0,0.33,5.0,0.68,19.0,0.67,5.0,0.77,9.5,0.78,15.2,0.09,0.09,0.093508,1776215764000
1776215766.271,66.271,0.23,9.5,0.22,15.2,0.32,19.0,0.33,5.0,0.68,19.0,0.67,5.0,0.77,9.5,0.78,15.2,0.09,0.09,0.093508,1776215765000
1776215767.319,67.319,0.23,9.5,0.22,15.2,0.32,19.0,0.33,5.0,0.68,19.0,0.67,5.0,0.77,9.5,0.78,15.2,0.09,0.09,0.093508,1776215766000
1776215767.884,67.884,0.23,9.5,0.22,15.2,0.32,19.0,0.33,5.0,0.68,19.0,0.67,5.0,0.77,9.5,0.78,15.2,0.09,0.09,0.093508,1776215767000
1776215768.848,68.848,0.23,9.5,0.22,15.2,0.32,19.0,0.33,5.0,0.68,19.0,0.67,5.0,0.77,9.5,0.78,15.2,0.09,0.09,0.093508,1776215768000
1776215769.058,69.058,0.31,9.0,0.27,20.0,0.36,10.0,0.39,10.0,0.68,19.0,0.67,5.0,0.77,9.5,0.78,15.2,0.05,0.09,0.093508,1776215768000
1776215769.838,69.838,0.31,9.0,0.27,20.0,0.36,5.0,0.39,10.0,0.64,5.0,0.61,10.0,0.69,9.0,0.73,20.0,0.05,0.05,0.093508,1776215769000
1776215770.425,70.425,0.25,13.9,0.24,14.3,0.35,17.0,0.36,5.0,0.64,5.0,0.61,10.0,0.69,9.0,0.73,20.0,0.1,0.05,0.093508,1776215769000
1776215770.922,70.922,0.25,13.9,0.24,14.3,0.35,17.0,0.36,5.0,0.65,17.0,0.64,5.0,0.75,13.9,0.76,14.3,0.1,0.1,0.093522,1776215770000
1776215771.919,71.919,0.25,13.9,0.24,14.3,0.35,17.0,0.36,5.0,0.65,17.0,0.64,5.0,0.75,13.9,0.76,14.3,0.1,0.1,0.093547,1776215771000
1776215772.891,72.891,0.25,13.9,0.24,14.3,0.35,17.0,0.36,5.0,0.65,17.0,0.64,5.0,0.75,13.9,0.76,14.3,0.1,0.1,0.093547,1776215772000
1776215773.934,73.934,0.25,13.9,0.24,14.3,0.35,17.0,0.36,5.0,0.65,17.0,0.64,5.0,0.75,13.9,0.76,14.3,0.1,0.1,0.09354,1776215773000
1776215774.953,74.953,0.28,12.9,0.27,13.2,0.41,54.94,0.43,5.0,0.59,54.94,0.57,5.0,0.72,12.9,0.73,13.2,0.13,0.13,0.093535,1776215774000
1776215776.081,76.081,0.28,12.9,0.27,13.2,0.41,54.94,0.43,5.0,0.59,54.94,0.57,5.0,0.72,12.9,0.73,13.2,0.13,0.13,0.093528,1776215775000
1776215777.175,77.175,0.28,12.9,0.27,13.2,0.41,54.94,0.43,5.0,0.59,54.94,0.57,5.0,0.72,12.9,0.73,13.2,0.13,0.13,0.093532,1776215776000
1776215778.097,78.097,0.44,10.0,0.43,10.0,0.45,12.88,0.47,5.0,0.59,54.94,0.57,5.0,0.72,12.9,0.73,13.2,0.01,0.13,0.093532,1776215776000
1776215780.034,80.034,0.44,10.0,0.43,10.0,0.45,12.88,0.47,5.0,0.55,12.88,0.53,5.0,0.56,10.0,0.57,10.0,0.01,0.01,0.093575,1776215778000
1776215780.563,80.563,0.44,10.0,0.43,10.0,0.45,12.88,0.47,5.0,0.55,12.88,0.53,5.0,0.56,10.0,0.57,10.0,0.01,0.01,0.093579,1776215779000
1776215781.168,81.168,0.44,10.0,0.43,10.0,0.45,12.88,0.47,5.0,0.55,12.88,0.53,5.0,0.56,10.0,0.57,10.0,0.01,0.01,0.09358,1776215780000
1776215782.113,82.113,0.44,10.0,0.43,10.0,0.45,12.88,0.47,5.0,0.55,12.88,0.53,5.0,0.56,10.0,0.57,10.0,0.01,0.01,0.09358,1776215781000
1776215783.046,83.046,0.5,8.0,0.49,10.0,0.59,5.0,0.6,5.0,0.55,12.88,0.53,5.0,0.56,10.0,0.57,10.0,0.09,0.01,0.09358,1776215781000
1776215783.289,83.289,0.5,8.0,0.49,10.0,0.59,5.0,0.6,5.0,0.41,5.0,0.4,5.0,0.5,8.0,0.51,10.0,0.09,0.09,0.093585,1776215782000
1776215784.345,84.345,0.5,8.0,0.49,10.0,0.59,5.0,0.6,5.0,0.41,5.0,0.4,5.0,0.5,8.0,0.51,10.0,0.09,0.09,0.093586,1776215783000
1776215785.52,85.52,0.5,8.0,0.49,10.0,0.59,5.0,0.6,5.0,0.41,5.0,0.4,5.0,0.5,8.0,0.51,10.0,0.09,0.09,0.093588,1776215784000
1776215786.042,86.042,0.5,8.0,0.49,10.0,0.59,5.0,0.6,5.0,0.41,5.0,0.4,5.0,0.5,8.0,0.51,10.0,0.09,0.09,0.093588,1776215785000
1776215786.99,86.99,0.5,8.0,0.49,10.0,0.59,5.0,0.6,5.0,0.41,5.0,0.4,5.0,0.5,8.0,0.51,10.0,0.09,0.09,0.093588,1776215786000
1776215788.159,88.159,0.5,8.0,0.49,10.0,0.59,5.0,0.6,5.0,0.41,5.0,0.4,5.0,0.5,8.0,0.51,10.0,0.09,0.09,0.093588,1776215787000
1776215789.329,89.329,0.5,8.0,0.49,10.0,0.59,5.0,0.6,5.0,0.41,5.0,0.4,5.0,0.5,8.0,0.51,10.0,0.09,0.09,0.093588,1776215788000
1776215790.334,90.334,0.5,8.0,0.49,10.0,0.59,5.0,0.6,5.0,0.41,5.0,0.4,5.0,0.5,8.0,0.51,10.0,0.09,0.09,0.093588,1776215789000
1776215790.871,90.871,0.5,8.0,0.49,10.0,0.59,5.0,0.6,5.0,0.41,5.0,0.4,5.0,0.5,8.0,0.51,10.0,0.09,0.09,0.093588,1776215790000
1776215791.934,91.934,0.5,8.0,0.49,10.0,0.59,5.0,0.6,5.0,0.41,5.0,0.4,5.0,0.5,8.0,0.51,10.0,0.09,0.09,0.093588,1776215791000
1776215793.099,93.099,0.5,8.0,0.49,10.0,0.59,5.0,0.6,5.0,0.41,5.0,0.4,5.0,0.5,8.0,0.51,10.0,0.09,0.09,0.093588,1776215792000
1776215794.214,94.214,0.5,8.0,0.49,10.0,0.59,5.0,0.6,5.0,0.41,5.0,0.4,5.0,0.5,8.0,0.51,10.0,0.09,0.09,0.093587,1776215793000
1776215794.945,94.945,0.5,8.0,0.49,10.0,0.59,5.0,0.6,5.0,0.41,5.0,0.4,5.0,0.5,8.0,0.51,10.0,0.09,0.09,0.093587,1776215794000
1776215796.13,96.13,0.5,8.0,0.49,10.0,0.59,5.0,0.6,5.0,0.41,5.0,0.4,5.0,0.5,8.0,0.51,10.0,0.09,0.09,0.093589,1776215795000
1776215797.294,97.294,0.5,8.0,0.49,10.0,0.59,5.0,0.6,5.0,0.41,5.0,0.4,5.0,0.5,8.0,0.51,10.0,0.09,0.09,0.093588,1776215796000
1776215798.355,98.355,0.5,8.0,0.49,10.0,0.59,5.0,0.6,5.0,0.41,5.0,0.4,5.0,0.5,8.0,0.51,10.0,0.09,0.09,0.093588,1776215797000
1776215798.972,98.972,0.5,8.0,0.49,10.0,0.59,5.0,0.6,5.0,0.41,5.0,0.4,5.0,0.5,8.0,0.51,10.0,0.09,0.09,0.093588,1776215798000
1776215800.592,100.592,0.5,8.0,0.49,10.0,0.59,5.0,0.6,5.0,0.41,5.0,0.4,5.0,0.5,8.0,0.51,10.0,0.09,0.09,0.093588,1776215799000
1776215801.139,101.139,0.5,8.0,0.49,10.0,0.59,5.0,0.6,5.0,0.41,5.0,0.4,5.0,0.5,8.0,0.51,10.0,0.09,0.09,0.093588,1776215800000
1776215802.004,102.004,0.48,12.0,0.47,10.0,0.57,3.38,0.58,10.7,0.41,5.0,0.4,5.0,0.5,8.0,0.51,10.0,0.09,0.09,0.093588,1776215800000
1776215802.245,102.245,0.48,12.0,0.47,10.0,0.57,3.38,0.58,10.7,0.43,3.38,0.42,10.7,0.52,12.0,0.53,10.0,0.09,0.09,0.093579,1776215801000
1776215802.571,102.571,0.48,7.0,0.47,10.0,0.51,50.0,0.56,10.6,0.43,3.38,0.42,10.7,0.52,12.0,0.53,10.0,0.03,0.09,0.093579,1776215801000
1776215803.477,103.477,0.48,7.0,0.47,10.0,0.51,50.0,0.56,10.6,0.49,50.0,0.44,10.6,0.52,7.0,0.53,10.0,0.03,0.03,0.093578,1776215802000
1776215804.175,104.175,0.48,7.0,0.47,10.0,0.51,50.0,0.56,10.6,0.49,50.0,0.44,10.6,0.52,7.0,0.53,10.0,0.03,0.03,0.093578,1776215803000
1776215805.486,105.486,0.48,7.0,0.47,10.0,0.51,50.0,0.56,10.6,0.49,50.0,0.44,10.6,0.52,7.0,0.53,10.0,0.03,0.03,0.093571,1776215804000
1776215806.133,106.133,0.48,7.0,0.47,10.0,0.51,50.0,0.56,10.6,0.49,50.0,0.44,10.6,0.52,7.0,0.53,10.0,0.03,0.03,0.093571,1776215805000
1776215807.383,107.383,0.48,7.0,0.47,10.0,0.51,50.0,0.56,10.6,0.49,50.0,0.44,10.6,0.52,7.0,0.53,10.0,0.03,0.03,0.093571,1776215806000
1776215807.987,107.987,0.48,7.0,0.47,10.0,0.51,50.0,0.56,10.6,0.49,50.0,0.44,10.6,0.52,7.0,0.53,10.0,0.03,0.03,0.093571,1776215807000
1776215809.242,109.242,0.48,7.0,0.47,10.0,0.51,50.0,0.56,10.6,0.49,50.0,0.44,10.6,0.52,7.0,0.53,10.0,0.03,0.03,0.093586,1776215808000
1776215812.329,112.329,0.48,7.0,0.47,10.0,0.51,50.0,0.56,10.6,0.49,50.0,0.44,10.6,0.52,7.0,0.53,10.0,0.03,0.03,0.093588,1776215811000
1776215812.91,112.91,0.48,7.0,0.47,10.0,0.51,50.0,0.56,10.6,0.49,50.0,0.44,10.6,0.52,7.0,0.53,10.0,0.03,0.03,0.093588,1776215812000
1776215814.134,114.134,0.48,7.0,0.47,10.0,0.51,50.0,0.56,10.6,0.49,50.0,0.44,10.6,0.52,7.0,0.53,10.0,0.03,0.03,0.093588,1776215813000
1776215815.31,115.31,0.48,7.0,0.47,10.0,0.51,50.0,0.56,10.6,0.49,50.0,0.44,10.6,0.52,7.0,0.53,10.0,0.03,0.03,0.093588,1776215814000
1776215816.442,116.442,0.48,7.0,0.47,10.0,0.51,50.0,0.56,10.6,0.49,50.0,0.44,10.6,0.52,7.0,0.53,10.0,0.03,0.03,0.093588,1776215815000
1776215817.017,117.017,0.47,5.0,0.45,22.0,0.51,50.0,0.53,5.0,0.49,50.0,0.47,5.0,0.53,5.0,0.55,22.0,0.04,0.04,0.093586,1776215816000
1776215817.281,117.281,0.47,5.0,0.45,22.0,0.59,10.7,0.6,10.8,0.49,50.0,0.47,5.0,0.53,5.0,0.55,22.0,0.12,0.04,0.093586,1776215816000
1776215818.196,118.196,0.47,2.86,0.45,22.0,0.48,5.0,0.51,5.0,0.52,5.0,0.49,5.0,0.53,2.86,0.55,22.0,0.01,0.01,0.093572,1776215817000
1776215819.377,119.377,0.47,2.86,0.45,22.0,0.48,5.0,0.51,5.0,0.52,5.0,0.49,5.0,0.53,2.86,0.55,22.0,0.01,0.01,0.093549,1776215818000
1776215820.448,120.448,0.47,2.86,0.45,22.0,0.48,5.0,0.51,5.0,0.52,5.0,0.49,5.0,0.53,2.86,0.55,22.0,0.01,0.01,0.093549,1776215819000
1776215821.028,121.028,0.47,2.86,0.45,22.0,0.48,5.0,0.51,5.0,0.52,5.0,0.49,5.0,0.53,2.86,0.55,22.0,0.01,0.01,0.093549,1776215820000
1776215822.207,122.207,0.47,2.86,0.45,22.0,0.48,5.0,0.51,5.0,0.52,5.0,0.49,5.0,0.53,2.86,0.55,22.0,0.01,0.01,0.093549,1776215821000
1776215823.246,123.246,0.47,2.86,0.45,22.0,0.48,5.0,0.51,5.0,0.52,5.0,0.49,5.0,0.53,2.86,0.55,22.0,0.01,0.01,0.093565,1776215822000
1776215824.245,124.245,0.47,2.86,0.45,22.0,0.48,5.0,0.51,5.0,0.52,5.0,0.49,5.0,0.53,2.86,0.55,22.0,0.01,0.01,0.093579,1776215823000
1776215825.446,125.446,0.47,2.86,0.45,22.0,0.48,5.0,0.51,5.0,0.52,5.0,0.49,5.0,0.53,2.86,0.55,22.0,0.01,0.01,0.093579,1776215824000
1776215825.943,125.943,0.47,2.86,0.45,22.0,0.48,5.0,0.51,5.0,0.52,5.0,0.49,5.0,0.53,2.86,0.55,22.0,0.01,0.01,0.093578,1776215825000
1776215827.059,127.059,0.47,2.86,0.45,22.0,0.48,5.0,0.51,5.0,0.52,5.0,0.49,5.0,0.53,2.86,0.55,22.0,0.01,0.01,0.093578,1776215826000
1776215828.056,128.056,0.47,2.86,0.45,22.0,0.48,5.0,0.51,5.0,0.52,5.0,0.49,5.0,0.53,2.86,0.55,22.0,0.01,0.01,0.093578,1776215827000
1776215829.072,129.072,0.47,2.86,0.45,22.0,0.48,5.0,0.51,5.0,0.52,5.0,0.49,5.0,0.53,2.86,0.55,22.0,0.01,0.01,0.093575,1776215828000
1776215830.076,130.076,0.47,2.86,0.45,22.0,0.48,5.0,0.51,5.0,0.52,5.0,0.49,5.0,0.53,2.86,0.55,22.0,0.01,0.01,0.093569,1776215829000
1776215830.976,130.976,0.47,2.86,0.45,22.0,0.48,5.0,0.51,5.0,0.52,5.0,0.49,5.0,0.53,2.86,0.55,22.0,0.01,0.01,0.093569,1776215830000
1776215831.989,131.989,0.47,2.86,0.45,22.0,0.48,5.0,0.51,5.0,0.52,5.0,0.49,5.0,0.53,2.86,0.55,22.0,0.01,0.01,0.093569,1776215831000
1776215832.892,132.892,0.47,2.86,0.45,22.0,0.48,5.0,0.51,5.0,0.52,5.0,0.49,5.0,0.53,2.86,0.55,22.0,0.01,0.01,0.093575,1776215832000
1776215833.817,133.817,0.47,2.86,0.45,22.0,0.48,5.0,0.51,5.0,0.52,5.0,0.49,5.0,0.53,2.86,0.55,22.0,0.01,0.01,0.093584,1776215833000
1776215834.891,134.891,0.47,2.86,0.45,22.0,0.48,5.0,0.51,5.0,0.52,5.0,0.49,5.0,0.53,2.86,0.55,22.0,0.01,0.01,0.093587,1776215834000
1776215836.298,136.298,0.47,2.86,0.45,22.0,0.48,5.0,0.51,5.0,0.52,5.0,0.49,5.0,0.53,2.86,0.55,22.0,0.01,0.01,0.093587,1776215835000
1776215837.272,137.272,0.47,2.86,0.45,22.0,0.48,5.0,0.51,5.0,0.52,5.0,0.49,5.0,0.53,2.86,0.55,22.0,0.01,0.01,0.093587,1776215836000
1776215838.129,138.129,0.45,22.0,0.44,10.6,0.6,5.08,0.61,10.9,0.52,5.0,0.49,5.0,0.53,2.86,0.55,22.0,0.15,0.01,0.093587,1776215836000
1776215839.776,139.776,0.45,22.0,0.44,10.6,0.6,5.08,0.61,10.9,0.4,5.08,0.39,10.9,0.55,22.0,0.56,10.6,0.15,0.15,0.093587,1776215838000
1776215840.473,140.473,0.45,22.0,0.44,10.6,0.6,5.08,0.61,10.9,0.4,5.08,0.39,10.9,0.55,22.0,0.56,10.6,0.15,0.15,0.093587,1776215839000
1776215841.567,141.567,0.45,22.0,0.44,10.6,0.6,5.08,0.61,10.9,0.4,5.08,0.39,10.9,0.55,22.0,0.56,10.6,0.15,0.15,0.093587,1776215840000
1776215842.039,142.039,0.45,22.0,0.44,10.6,0.6,5.08,0.61,10.9,0.4,5.08,0.39,10.9,0.55,22.0,0.56,10.6,0.15,0.15,0.093587,1776215841000
1776215843.25,143.25,0.45,22.0,0.44,10.6,0.6,5.08,0.61,10.9,0.4,5.08,0.39,10.9,0.55,22.0,0.56,10.6,0.15,0.15,0.093584,1776215842000
1776215844.192,144.192,0.45,22.0,0.44,10.6,0.6,5.08,0.61,10.9,0.4,5.08,0.39,10.9,0.55,22.0,0.56,10.6,0.15,0.15,0.093584,1776215843000
1776215845.315,145.315,0.45,22.0,0.44,10.6,0.6,5.08,0.61,10.9,0.4,5.08,0.39,10.9,0.55,22.0,0.56,10.6,0.15,0.15,0.093584,1776215844000
1776215846.296,146.296,0.45,22.0,0.44,10.6,0.6,5.08,0.61,10.9,0.4,5.08,0.39,10.9,0.55,22.0,0.56,10.6,0.15,0.15,0.093583,1776215845000
1776215847.34,147.34,0.45,22.0,0.44,10.6,0.6,5.08,0.61,10.9,0.4,5.08,0.39,10.9,0.55,22.0,0.56,10.6,0.15,0.15,0.093582,1776215846000
1776215847.877,147.877,0.45,22.0,0.44,10.6,0.6,5.08,0.61,10.9,0.4,5.08,0.39,10.9,0.55,22.0,0.56,10.6,0.15,0.15,0.093582,1776215847000
1776215848.953,148.953,0.45,22.0,0.44,10.6,0.61,10.88,0.62,11.0,0.39,10.88,0.38,11.0,0.55,22.0,0.56,10.6,0.16,0.16,0.093584,1776215848000
1776215850.107,150.107,0.45,22.0,0.44,10.6,0.61,10.88,0.62,11.0,0.39,10.88,0.38,11.0,0.55,22.0,0.56,10.6,0.16,0.16,0.093584,1776215849000
1776215851.165,151.165,0.45,22.0,0.44,10.6,0.61,10.88,0.62,11.0,0.39,10.88,0.38,11.0,0.55,22.0,0.56,10.6,0.16,0.16,0.09358,1776215850000
1776215852.192,152.192,0.45,22.0,0.44,10.6,0.61,10.88,0.62,11.0,0.39,10.88,0.38,11.0,0.55,22.0,0.56,10.6,0.16,0.16,0.09358,1776215851000
1776215853.895,153.895,0.45,22.0,0.44,10.6,0.61,10.88,0.62,11.0,0.39,10.88,0.38,11.0,0.55,22.0,0.56,10.6,0.16,0.16,0.093581,1776215852000
1776215854.762,154.762,0.45,22.0,0.44,10.6,0.61,10.88,0.62,11.0,0.39,10.88,0.38,11.0,0.55,22.0,0.56,10.6,0.16,0.16,0.093584,1776215853000
1776215855.549,155.549,0.45,22.0,0.44,10.6,0.61,10.88,0.62,11.0,0.39,10.88,0.38,11.0,0.55,22.0,0.56,10.6,0.16,0.16,0.093587,1776215854000
1776215856.184,156.184,0.45,22.0,0.44,10.6,0.61,10.88,0.62,11.0,0.39,10.88,0.38,11.0,0.55,22.0,0.56,10.6,0.16,0.16,0.093587,1776215855000
1776215857.126,157.126,0.45,16.6,0.41,50.0,0.6,10.0,0.63,10.0,0.39,10.88,0.38,11.0,0.55,22.0,0.56,10.6,0.15,0.16,0.093587,1776215855000
1776215857.511,157.511,0.45,16.6,0.41,50.0,0.6,10.0,0.63,10.0,0.4,10.0,0.37,10.0,0.55,16.6,0.59,50.0,0.15,0.15,0.093587,1776215856000
1776215858.16,158.16,0.45,16.6,0.41,50.0,0.6,10.0,0.63,10.0,0.4,10.0,0.37,10.0,0.55,16.6,0.59,50.0,0.15,0.15,0.093587,1776215857000
1776215859.368,159.368,0.45,16.6,0.41,50.0,0.6,10.0,0.63,10.0,0.4,10.0,0.37,10.0,0.55,16.6,0.59,50.0,0.15,0.15,0.093581,1776215858000
1776215859.981,159.981,0.45,16.6,0.41,50.0,0.6,10.0,0.63,10.0,0.4,10.0,0.37,10.0,0.55,16.6,0.59,50.0,0.15,0.15,0.093581,1776215859000
1776215861.047,161.047,0.45,16.6,0.41,50.0,0.6,10.0,0.63,10.0,0.4,10.0,0.37,10.0,0.55,16.6,0.59,50.0,0.15,0.15,0.09358,1776215860000
1776215862.21,162.21,0.45,16.6,0.41,50.0,0.6,10.0,0.63,10.0,0.4,10.0,0.37,10.0,0.55,16.6,0.59,50.0,0.15,0.15,0.093581,1776215861000
1776215863.39,163.39,0.45,16.6,0.41,50.0,0.6,10.0,0.63,10.0,0.4,10.0,0.37,10.0,0.55,16.6,0.59,50.0,0.15,0.15,0.093581,1776215862000
1776215864.469,164.469,0.45,16.6,0.41,50.0,0.6,10.0,0.63,10.0,0.4,10.0,0.37,10.0,0.55,16.6,0.59,50.0,0.15,0.15,0.09358,1776215863000
1776215865.087,165.087,0.45,16.6,0.41,50.0,0.6,10.0,0.63,10.0,0.4,10.0,0.37,10.0,0.55,16.6,0.59,50.0,0.15,0.15,0.09358,1776215864000
1776215866.294,166.294,0.45,16.6,0.41,50.0,0.6,10.0,0.63,10.0,0.4,10.0,0.37,10.0,0.55,16.6,0.59,50.0,0.15,0.15,0.09358,1776215865000
1776215867.381,167.381,0.45,16.6,0.41,50.0,0.6,10.0,0.63,10.0,0.4,10.0,0.37,10.0,0.55,16.6,0.59,50.0,0.15,0.15,0.093581,1776215866000
1776215867.977,167.977,0.45,16.6,0.41,50.0,0.6,10.0,0.63,10.0,0.4,10.0,0.37,10.0,0.55,16.6,0.59,50.0,0.15,0.15,0.09358,1776215867000
1776215869.029,169.029,0.45,16.6,0.41,50.0,0.58,8.63,0.59,20.7,0.4,10.0,0.37,10.0,0.55,16.6,0.59,50.0,0.13,0.15,0.09358,1776215867000
1776215869.6,169.6,0.45,16.6,0.41,50.0,0.58,8.63,0.59,20.7,0.42,8.63,0.41,20.7,0.55,16.6,0.59,50.0,0.13,0.13,0.093578,1776215868000
1776215870.062,170.062,0.45,16.6,0.41,50.0,0.58,8.63,0.59,20.7,0.42,8.63,0.41,20.7,0.55,16.6,0.59,50.0,0.13,0.13,0.093581,1776215869000
1776215871.208,171.208,0.45,16.6,0.41,50.0,0.58,8.63,0.59,20.7,0.42,8.63,0.41,20.7,0.55,16.6,0.59,50.0,0.13,0.13,0.093581,1776215870000
1776215872.334,172.334,0.45,16.6,0.41,50.0,0.58,8.63,0.59,20.7,0.42,8.63,0.41,20.7,0.55,16.6,0.59,50.0,0.13,0.13,0.093582,1776215871000
1776215873.363,173.363,0.45,16.6,0.41,50.0,0.58,8.63,0.59,20.7,0.42,8.63,0.41,20.7,0.55,16.6,0.59,50.0,0.13,0.13,0.093582,1776215872000
1776215873.93,173.93,0.45,16.6,0.41,50.0,0.58,8.63,0.59,20.7,0.42,8.63,0.41,20.7,0.55,16.6,0.59,50.0,0.13,0.13,0.093582,1776215873000
1776215875.091,175.091,0.45,16.6,0.41,50.0,0.58,8.63,0.59,20.7,0.42,8.63,0.41,20.7,0.55,16.6,0.59,50.0,0.13,0.13,0.093582,1776215874000
1776215876.082,176.082,0.45,16.6,0.41,50.0,0.58,8.63,0.59,20.7,0.42,8.63,0.41,20.7,0.55,16.6,0.59,50.0,0.13,0.13,0.093582,1776215875000
1776215877.125,177.125,0.45,12.96,0.42,10.7,0.59,10.7,0.6,20.8,0.41,10.7,0.4,20.8,0.55,12.96,0.58,10.7,0.14,0.14,0.093582,1776215876000
1776215878.328,178.328,0.45,12.96,0.42,10.7,0.59,10.7,0.6,20.8,0.41,10.7,0.4,20.8,0.55,12.96,0.58,10.7,0.14,0.14,0.093582,1776215877000
1776215879.308,179.308,0.45,12.96,0.42,10.7,0.59,10.7,0.6,20.8,0.41,10.7,0.4,20.8,0.55,12.96,0.58,10.7,0.14,0.14,0.093582,1776215878000
1776215879.843,179.843,0.45,12.96,0.42,10.7,0.59,10.7,0.6,20.8,0.41,10.7,0.4,20.8,0.55,12.96,0.58,10.7,0.14,0.14,0.093572,1776215879000
1776215880.99,180.99,0.45,12.96,0.42,10.7,0.59,10.7,0.6,20.8,0.41,10.7,0.4,20.8,0.55,12.96,0.58,10.7,0.14,0.14,0.093574,1776215880000
1776215882.05,182.05,0.45,12.96,0.42,10.7,0.59,10.7,0.6,20.8,0.41,10.7,0.4,20.8,0.55,12.96,0.58,10.7,0.14,0.14,0.093572,1776215881000
1776215883.838,183.838,0.45,12.96,0.42,10.7,0.59,10.7,0.6,20.8,0.41,10.7,0.4,20.8,0.55,12.96,0.58,10.7,0.14,0.14,0.09357,1776215882000
1776215884.368,184.368,0.45,12.96,0.42,10.7,0.59,10.7,0.6,20.8,0.41,10.7,0.4,20.8,0.55,12.96,0.58,10.7,0.14,0.14,0.09357,1776215883000
1776215885.09,185.09,0.45,12.96,0.42,10.7,0.59,10.7,0.6,20.8,0.41,10.7,0.4,20.8,0.55,12.96,0.58,10.7,0.14,0.14,0.093566,1776215884000
1776215886.331,186.331,0.45,12.96,0.42,10.7,0.59,10.7,0.6,20.8,0.41,10.7,0.4,20.8,0.55,12.96,0.58,10.7,0.14,0.14,0.093566,1776215885000
1776215886.873,186.873,0.45,12.96,0.42,10.7,0.59,10.7,0.6,20.8,0.41,10.7,0.4,20.8,0.55,12.96,0.58,10.7,0.14,0.14,0.093566,1776215886000
1776215888.173,188.173,0.45,12.96,0.42,10.7,0.59,10.7,0.6,20.8,0.41,10.7,0.4,20.8,0.55,12.96,0.58,10.7,0.14,0.14,0.093567,1776215887000
1776215889.358,189.358,0.45,12.96,0.42,10.7,0.59,10.7,0.6,20.8,0.41,10.7,0.4,20.8,0.55,12.96,0.58,10.7,0.14,0.14,0.093568,1776215888000
1776215889.899,189.899,0.45,12.96,0.42,10.7,0.59,10.7,0.6,20.8,0.41,10.7,0.4,20.8,0.55,12.96,0.58,10.7,0.14,0.14,0.093569,1776215889000
1776215891.32,191.32,0.45,12.96,0.42,10.7,0.59,10.7,0.6,20.8,0.41,10.7,0.4,20.8,0.55,12.96,0.58,10.7,0.14,0.14,0.093573,1776215890000
1776215892.425,192.425,0.45,12.96,0.42,10.7,0.59,10.7,0.6,20.8,0.41,10.7,0.4,20.8,0.55,12.96,0.58,10.7,0.14,0.14,0.093574,1776215891000
1776215892.947,192.947,0.45,12.96,0.42,10.7,0.59,10.7,0.6,20.8,0.41,10.7,0.4,20.8,0.55,12.96,0.58,10.7,0.14,0.14,0.093574,1776215892000
1776215894.177,194.177,0.45,12.96,0.42,10.7,0.59,10.7,0.6,20.8,0.41,10.7,0.4,20.8,0.55,12.96,0.58,10.7,0.14,0.14,0.093582,1776215893000
1776215895.484,195.484,0.45,12.96,0.42,10.7,0.59,10.7,0.6,20.8,0.41,10.7,0.4,20.8,0.55,12.96,0.58,10.7,0.14,0.14,0.093581,1776215894000
1776215896.046,196.046,0.45,12.96,0.42,10.7,0.59,10.7,0.6,20.8,0.41,10.7,0.4,20.8,0.55,12.96,0.58,10.7,0.14,0.14,0.093579,1776215895000
1776215897.162,197.162,0.45,12.96,0.42,10.7,0.59,10.7,0.6,20.8,0.41,10.7,0.4,20.8,0.55,12.96,0.58,10.7,0.14,0.14,0.093579,1776215896000
1776215898.456,198.456,0.45,12.96,0.42,10.7,0.59,10.7,0.6,20.8,0.41,10.7,0.4,20.8,0.55,12.96,0.58,10.7,0.14,0.14,0.09358,1776215897000
1776215899.578,199.578,0.45,12.96,0.42,10.7,0.59,10.7,0.6,20.8,0.41,10.7,0.4,20.8,0.55,12.96,0.58,10.7,0.14,0.14,0.09358,1776215898000
1776215900.098,200.098,0.45,12.96,0.42,10.7,0.59,10.7,0.6,20.8,0.41,10.7,0.4,20.8,0.55,12.96,0.58,10.7,0.14,0.14,0.09358,1776215899000
1776215901.202,201.202,0.45,12.96,0.42,10.7,0.59,10.7,0.6,20.8,0.41,10.7,0.4,20.8,0.55,12.96,0.58,10.7,0.14,0.14,0.093579,1776215900000
1776215902.335,202.335,0.45,12.96,0.42,10.7,0.59,10.7,0.6,20.8,0.41,10.7,0.4,20.8,0.55,12.96,0.58,10.7,0.14,0.14,0.09358,1776215901000
1776215904.253,204.253,0.45,12.96,0.42,10.7,0.59,10.7,0.6,20.8,0.41,10.7,0.4,20.8,0.55,12.96,0.58,10.7,0.14,0.14,0.093594,1776215902000
1776215904.876,204.876,0.45,12.96,0.42,10.7,0.59,10.7,0.6,20.8,0.41,10.7,0.4,20.8,0.55,12.96,0.58,10.7,0.14,0.14,0.093582,1776215903000
1776215905.511,205.511,0.45,12.96,0.42,10.7,0.59,10.7,0.6,20.8,0.41,10.7,0.4,20.8,0.55,12.96,0.58,10.7,0.14,0.14,0.093581,1776215904000
1776215906.097,206.097,0.45,12.96,0.42,10.7,0.59,10.7,0.6,20.8,0.41,10.7,0.4,20.8,0.55,12.96,0.58,10.7,0.14,0.14,0.093582,1776215905000
1776215907.133,207.133,0.45,12.96,0.42,10.7,0.59,10.7,0.6,20.8,0.41,10.7,0.4,20.8,0.55,12.96,0.58,10.7,0.14,0.14,0.09358,1776215906000
1776215908.199,208.199,0.45,12.96,0.42,10.7,0.59,10.7,0.6,20.8,0.41,10.7,0.4,20.8,0.55,12.96,0.58,10.7,0.14,0.14,0.093574,1776215907000
1776215909.439,209.439,0.45,12.96,0.42,10.7,0.59,10.7,0.6,20.8,0.41,10.7,0.4,20.8,0.55,12.96,0.58,10.7,0.14,0.14,0.093574,1776215908000
1776215910.157,210.157,0.45,12.96,0.42,10.7,0.59,10.7,0.6,20.8,0.41,10.7,0.4,20.8,0.55,12.96,0.58,10.7,0.14,0.14,0.093574,1776215909000
1776215911.315,211.315,0.45,12.96,0.42,10.7,0.59,10.7,0.6,20.8,0.41,10.7,0.4,20.8,0.55,12.96,0.58,10.7,0.14,0.14,0.093574,1776215910000
1776215911.919,211.919,0.45,12.96,0.42,10.7,0.59,10.7,0.6,20.8,0.41,10.7,0.4,20.8,0.55,12.96,0.58,10.7,0.14,0.14,0.093574,1776215911000
1776215913.075,213.075,0.45,12.96,0.42,10.7,0.59,10.7,0.6,20.8,0.41,10.7,0.4,20.8,0.55,12.96,0.58,10.7,0.14,0.14,0.093572,1776215912000
1776215914.841,214.841,0.45,12.96,0.42,10.7,0.59,10.7,0.6,20.8,0.41,10.7,0.4,20.8,0.55,12.96,0.58,10.7,0.14,0.14,0.093571,1776215913000
1776215915.801,215.801,0.45,8.41,0.31,62.2,0.53,21.4,0.54,10.5,0.41,10.7,0.4,20.8,0.55,12.96,0.58,10.7,0.08,0.14,0.093571,1776215913000
1776215916.289,216.289,0.45,8.41,0.31,62.2,0.53,21.4,0.54,10.5,0.47,21.4,0.46,10.5,0.55,8.41,0.69,62.2,0.08,0.08,0.093563,1776215914000
1776215917.059,217.059,0.45,8.41,0.31,62.2,0.53,21.4,0.54,10.5,0.47,21.4,0.46,10.5,0.55,8.41,0.69,62.2,0.08,0.08,0.093564,1776215916000
1776215917.992,217.992,0.45,3.41,0.25,18.9,0.49,33.4,0.5,10.4,0.47,21.4,0.46,10.5,0.55,8.41,0.69,62.2,0.04,0.08,0.093564,1776215916000
1776215918.213,218.213,0.45,1.65,0.25,18.9,0.48,31.4,0.49,10.4,0.51,33.4,0.5,10.4,0.55,3.41,0.75,18.9,0.03,0.04,0.093564,1776215916000
1776215918.453,218.453,0.45,1.65,0.25,18.9,0.48,31.4,0.49,10.4,0.52,31.4,0.51,10.4,0.55,1.65,0.75,18.9,0.03,0.03,0.093554,1776215917000
1776215918.905,218.905,0.25,18.9,0.24,14.3,0.47,30.4,0.48,10.4,0.52,31.4,0.51,10.4,0.55,1.65,0.75,18.9,0.22,0.03,0.093554,1776215917000
1776215919.209,219.209,0.25,18.9,0.24,14.3,0.47,30.4,0.48,10.4,0.53,30.4,0.52,10.4,0.75,18.9,0.76,14.3,0.22,0.22,0.093554,1776215918000
1776215920.477,220.477,0.25,18.9,0.24,14.3,0.47,30.4,0.48,10.4,0.53,30.4,0.52,10.4,0.75,18.9,0.76,14.3,0.22,0.22,0.093552,1776215919000
1776215921.134,221.134,0.25,18.9,0.24,14.3,0.47,30.4,0.48,10.4,0.53,30.4,0.52,10.4,0.75,18.9,0.76,14.3,0.22,0.22,0.093552,1776215920000
1776215922.451,222.451,0.25,18.9,0.24,14.3,0.47,30.4,0.48,10.4,0.53,30.4,0.52,10.4,0.75,18.9,0.76,14.3,0.22,0.22,0.093551,1776215921000
1776215923.042,223.042,0.25,18.9,0.24,14.3,0.47,30.4,0.48,10.4,0.53,30.4,0.52,10.4,0.75,18.9,0.76,14.3,0.22,0.22,0.093551,1776215922000
1776215924.364,224.364,0.25,18.9,0.24,14.3,0.47,30.4,0.48,10.4,0.53,30.4,0.52,10.4,0.75,18.9,0.76,14.3,0.22,0.22,0.093551,1776215923000
1776215924.959,224.959,0.25,18.9,0.24,14.3,0.47,30.4,0.48,10.4,0.53,30.4,0.52,10.4,0.75,18.9,0.76,14.3,0.22,0.22,0.093557,1776215924000
1776215926.21,226.21,0.25,18.9,0.24,14.3,0.47,30.4,0.48,10.4,0.53,30.4,0.52,10.4,0.75,18.9,0.76,14.3,0.22,0.22,0.093562,1776215925000
1776215927.466,227.466,0.25,18.9,0.24,14.3,0.47,30.4,0.48,10.4,0.53,30.4,0.52,10.4,0.75,18.9,0.76,14.3,0.22,0.22,0.093562,1776215926000
1776215928.109,228.109,0.25,18.9,0.24,14.3,0.47,30.4,0.48,10.4,0.53,30.4,0.52,10.4,0.75,18.9,0.76,14.3,0.22,0.22,0.093562,1776215927000
1776215929.32,229.32,0.25,18.9,0.24,14.3,0.47,30.4,0.48,10.4,0.53,30.4,0.52,10.4,0.75,18.9,0.76,14.3,0.22,0.22,0.093563,1776215928000
1776215929.979,229.979,0.25,18.9,0.24,14.3,0.47,30.4,0.48,10.4,0.53,30.4,0.52,10.4,0.75,18.9,0.76,14.3,0.22,0.22,0.093563,1776215929000
1776215931.314,231.314,0.25,18.9,0.24,14.3,0.47,30.4,0.48,10.4,0.53,30.4,0.52,10.4,0.75,18.9,0.76,14.3,0.22,0.22,0.093563,1776215930000
1776215932.671,232.671,0.25,18.9,0.24,14.3,0.47,30.4,0.48,10.4,0.53,30.4,0.52,10.4,0.75,18.9,0.76,14.3,0.22,0.22,0.093563,1776215931000
1776215933.527,233.527,0.25,18.9,0.24,14.3,0.47,30.4,0.48,10.4,0.53,30.4,0.52,10.4,0.75,18.9,0.76,14.3,0.22,0.22,0.093562,1776215932000
1776215934.068,234.068,0.25,18.9,0.24,14.3,0.47,30.4,0.48,10.4,0.53,30.4,0.52,10.4,0.75,18.9,0.76,14.3,0.22,0.22,0.093562,1776215933000
1776215935.184,235.184,0.25,18.9,0.24,14.3,0.47,30.4,0.48,10.4,0.53,30.4,0.52,10.4,0.75,18.9,0.76,14.3,0.22,0.22,0.093562,1776215934000
1776215936.239,236.239,0.25,18.9,0.24,14.3,0.47,30.4,0.48,10.4,0.53,30.4,0.52,10.4,0.75,18.9,0.76,14.3,0.22,0.22,0.093562,1776215935000
1776215937.256,237.256,0.25,18.9,0.24,14.3,0.47,30.4,0.48,10.4,0.53,30.4,0.52,10.4,0.75,18.9,0.76,14.3,0.22,0.22,0.093562,1776215936000
1776215938.295,238.295,0.25,18.9,0.24,14.3,0.47,30.4,0.48,10.4,0.53,30.4,0.52,10.4,0.75,18.9,0.76,14.3,0.22,0.22,0.093562,1776215937000
1776215938.934,238.934,0.25,18.9,0.24,14.3,0.47,30.4,0.48,10.4,0.53,30.4,0.52,10.4,0.75,18.9,0.76,14.3,0.22,0.22,0.093562,1776215938000
1776215939.611,239.611,0.41,50.0,0.35,40.4,0.59,4.96,0.66,11.6,0.53,30.4,0.52,10.4,0.75,18.9,0.76,14.3,0.18,0.22,0.093562,1776215938000
1776215939.998,239.998,0.41,50.0,0.35,40.4,0.59,4.96,0.66,11.6,0.41,4.96,0.34,11.6,0.59,50.0,0.65,40.4,0.18,0.18,0.093562,1776215939000
1776215941.125,241.125,0.61,25.0,0.51,50.0,0.76,4.09,0.78,15.2,0.24,4.09,0.22,15.2,0.39,25.0,0.49,50.0,0.15,0.15,0.093562,1776215940000
1776215942.114,242.114,0.61,25.0,0.51,50.0,0.76,4.09,0.78,15.2,0.24,4.09,0.22,15.2,0.39,25.0,0.49,50.0,0.15,0.15,0.093595,1776215941000
1776215943.189,243.189,0.61,25.0,0.51,50.0,0.76,4.09,0.78,15.2,0.24,4.09,0.22,15.2,0.39,25.0,0.49,50.0,0.15,0.15,0.093596,1776215942000
1776215944.234,244.234,0.61,25.0,0.51,50.0,0.76,4.09,0.78,15.2,0.24,4.09,0.22,15.2,0.39,25.0,0.49,50.0,0.15,0.15,0.093589,1776215943000
1776215945.2,245.2,0.61,25.0,0.51,50.0,0.76,4.09,0.78,15.2,0.24,4.09,0.22,15.2,0.39,25.0,0.49,50.0,0.15,0.15,0.093588,1776215944000
1776215946.238,246.238,0.61,25.0,0.51,50.0,0.76,4.09,0.78,15.2,0.24,4.09,0.22,15.2,0.39,25.0,0.49,50.0,0.15,0.15,0.093588,1776215945000
1776215947.437,247.437,0.61,25.0,0.51,50.0,0.76,4.09,0.78,15.2,0.24,4.09,0.22,15.2,0.39,25.0,0.49,50.0,0.15,0.15,0.093599,1776215946000
1776215947.879,247.879,0.61,25.0,0.51,50.0,0.76,4.09,0.78,15.2,0.24,4.09,0.22,15.2,0.39,25.0,0.49,50.0,0.15,0.15,0.093607,1776215947000
1776215949.074,249.074,0.61,25.0,0.51,50.0,0.76,4.09,0.78,15.2,0.24,4.09,0.22,15.2,0.39,25.0,0.49,50.0,0.15,0.15,0.093606,1776215948000
1776215950.128,250.128,0.61,103.0,0.51,50.0,0.83,3.58,0.84,19.3,0.24,4.09,0.22,15.2,0.39,25.0,0.49,50.0,0.22,0.15,0.093606,1776215948000
1776215950.826,250.826,0.61,103.0,0.51,50.0,0.83,3.58,0.84,19.3,0.17,3.58,0.16,19.3,0.39,103.0,0.49,50.0,0.22,0.22,0.093605,1776215950000
1776215952.523,252.523,0.61,103.0,0.51,50.0,0.83,3.58,0.84,19.3,0.17,3.58,0.16,19.3,0.39,103.0,0.49,50.0,0.22,0.22,0.093605,1776215951000
1776215953.201,253.201,0.61,103.0,0.51,50.0,0.83,3.58,0.84,19.3,0.17,3.58,0.16,19.3,0.39,103.0,0.49,50.0,0.22,0.22,0.093605,1776215952000
1776215954.695,254.695,0.61,103.0,0.51,50.0,0.83,3.58,0.84,19.3,0.17,3.58,0.16,19.3,0.39,103.0,0.49,50.0,0.22,0.22,0.093605,1776215953000
1776215954.939,254.939,0.81,50.0,0.72,20.0,0.95,51.57,0.96,67.7,0.17,3.58,0.16,19.3,0.39,103.0,0.49,50.0,0.14,0.22,0.093605,1776215953000
1776215955.197,255.197,0.81,50.0,0.72,20.0,0.95,48.44,0.96,67.7,0.05,48.44,0.04,67.7,0.19,50.0,0.28,20.0,0.14,0.14,0.093605,1776215954000
1776215955.492,255.492,0.81,91.0,0.71,50.0,0.95,28.44,0.96,67.7,0.05,48.44,0.04,67.7,0.19,50.0,0.28,20.0,0.14,0.14,0.093605,1776215954000
1776215955.971,255.971,0.81,91.0,0.73,20.0,0.95,27.16,0.96,67.7,0.05,28.44,0.04,67.7,0.19,91.0,0.29,50.0,0.14,0.14,0.093605,1776215954000
1776215956.456,256.456,0.81,91.0,0.73,20.0,0.95,27.16,0.96,67.7,0.05,27.16,0.04,67.7,0.19,91.0,0.27,20.0,0.14,0.14,0.09361,1776215955000
1776215957.161,257.161,0.81,91.0,0.73,20.0,0.95,27.16,0.96,67.7,0.05,27.16,0.04,67.7,0.19,91.0,0.27,20.0,0.14,0.14,0.093636,1776215956000
1776215958.634,258.634,0.94,5.0,0.81,50.0,0.96,62.65,0.97,189.3,0.04,62.65,0.03,189.3,0.06,5.0,0.19,50.0,0.02,0.02,0.093653,1776215957000
1776215959.214,259.214,0.94,5.0,0.81,50.0,0.96,62.65,0.97,189.3,0.04,62.65,0.03,189.3,0.06,5.0,0.19,50.0,0.02,0.02,0.093657,1776215958000
1776215959.945,259.945,0.94,5.0,0.81,50.0,0.96,62.65,0.97,189.3,0.04,62.65,0.03,189.3,0.06,5.0,0.19,50.0,0.02,0.02,0.09366,1776215959000
1776215961.083,261.083,0.94,5.0,0.81,50.0,0.96,62.65,0.97,189.3,0.04,62.65,0.03,189.3,0.06,5.0,0.19,50.0,0.02,0.02,0.093659,1776215960000
1776215961.355,261.355,0.94,5.0,0.89,34.0,0.96,8.83,0.97,189.3,0.04,62.65,0.03,189.3,0.06,5.0,0.19,50.0,0.02,0.02,0.093659,1776215960000
1776215961.711,261.711,0.94,5.0,0.89,34.0,0.95,53.64,0.97,189.3,0.03,189.3,0.02,147.69,0.06,5.0,0.11,34.0,0.01,0.03,0.093659,1776215960000
1776215962.308,262.308,0.94,5.0,0.89,34.0,0.95,53.64,0.97,189.3,0.05,53.64,0.03,189.3,0.06,5.0,0.11,34.0,0.01,0.01,0.09365,1776215961000
1776215962.951,262.951,0.94,5.0,0.89,34.0,0.95,53.64,0.97,189.3,0.05,53.64,0.03,189.3,0.06,5.0,0.11,34.0,0.01,0.01,0.093651,1776215962000
1776215964.36,264.36,0.94,5.0,0.89,34.0,0.95,53.64,0.97,189.3,0.05,53.64,0.03,189.3,0.06,5.0,0.11,34.0,0.01,0.01,0.093651,1776215963000
1776215964.967,264.967,0.94,5.0,0.89,34.0,0.95,53.64,0.97,189.3,0.05,53.64,0.03,189.3,0.06,5.0,0.11,34.0,0.01,0.01,0.093651,1776215964000
1776215966.355,266.355,0.94,5.0,0.89,34.0,0.95,53.64,0.97,189.3,0.05,53.64,0.03,189.3,0.06,5.0,0.11,34.0,0.01,0.01,0.093647,1776215965000
1776215967.47,267.47,0.94,5.0,0.89,34.0,0.95,53.64,0.97,189.3,0.05,53.64,0.03,189.3,0.06,5.0,0.11,34.0,0.01,0.01,0.093649,1776215966000
1776215967.928,267.928,0.94,5.0,0.89,34.0,0.95,53.64,0.97,189.3,0.05,53.64,0.03,189.3,0.06,5.0,0.11,34.0,0.01,0.01,0.093649,1776215967000
1776215969.219,269.219,0.94,5.0,0.89,34.0,0.95,53.64,0.97,189.3,0.05,53.64,0.03,189.3,0.06,5.0,0.11,34.0,0.01,0.01,0.093648,1776215968000
1776215970.288,270.288,0.94,5.0,0.89,34.0,0.95,53.64,0.97,189.3,0.05,53.64,0.03,189.3,0.06,5.0,0.11,34.0,0.01,0.01,0.093649,1776215969000
1776215970.901,270.901,0.94,5.0,0.89,34.0,0.95,53.64,0.97,189.3,0.05,53.64,0.03,189.3,0.06,5.0,0.11,34.0,0.01,0.01,0.093649,1776215970000
1776215972.068,272.068,0.94,5.0,0.89,34.0,0.95,53.64,0.97,189.3,0.05,53.64,0.03,189.3,0.06,5.0,0.11,34.0,0.01,0.01,0.093649,1776215971000
1776215973.15,273.15,0.94,5.0,0.89,34.0,0.95,53.64,0.97,189.3,0.05,53.64,0.03,189.3,0.06,5.0,0.11,34.0,0.01,0.01,0.093647,1776215972000
1776215974.199,274.199,0.94,5.0,0.91,31.7,0.97,97.93,0.98,15.0,0.05,53.64,0.03,189.3,0.06,5.0,0.11,34.0,0.03,0.01,0.093647,1776215972000
1776215974.954,274.954,0.94,5.0,0.91,31.7,0.97,97.93,0.98,15.0,0.03,97.93,0.02,15.0,0.06,5.0,0.09,31.7,0.03,0.03,0.093649,1776215974000
1776215976.006,276.006,0.94,5.0,0.91,31.7,0.97,97.93,0.98,15.0,0.03,97.93,0.02,15.0,0.06,5.0,0.09,31.7,0.03,0.03,0.093649,1776215975000
1776215976.836,276.836,0.96,20.94,0.94,5.0,0.97,92.77,0.98,15.0,0.03,97.93,0.02,15.0,0.06,5.0,0.09,31.7,0.01,0.03,0.093649,1776215975000
1776215977.099,277.099,0.96,20.94,0.94,5.0,0.97,92.77,0.98,15.0,0.03,92.77,0.02,15.0,0.04,20.94,0.06,5.0,0.01,0.01,0.093649,1776215976000
1776215978.258,278.258,0.96,20.94,0.94,5.0,0.97,70.17,0.98,15.0,0.03,70.17,0.02,15.0,0.04,20.94,0.06,5.0,0.01,0.01,0.093648,1776215977000
1776215978.607,278.607,0.96,20.94,0.94,5.0,0.97,63.87,0.98,15.0,0.03,70.17,0.02,15.0,0.04,20.94,0.06,5.0,0.01,0.01,0.093648,1776215977000
1776215979.398,279.398,0.96,20.94,0.94,5.0,0.97,63.87,0.98,15.0,0.03,63.87,0.02,15.0,0.04,20.94,0.06,5.0,0.01,0.01,0.093639,1776215978000
1776215980.729,280.729,0.96,20.94,0.94,5.0,0.97,63.87,0.98,15.0,0.03,63.87,0.02,15.0,0.04,20.94,0.06,5.0,0.01,0.01,0.093624,1776215979000
1776215981.42,281.42,0.96,20.94,0.94,5.0,0.97,63.87,0.98,15.0,0.03,63.87,0.02,15.0,0.04,20.94,0.06,5.0,0.01,0.01,0.093625,1776215980000
1776215982.198,282.198,0.96,20.94,0.94,5.0,0.97,63.87,0.98,15.0,0.03,63.87,0.02,15.0,0.04,20.94,0.06,5.0,0.01,0.01,0.093626,1776215981000
1776215983.721,283.721,0.96,20.94,0.94,5.0,0.97,63.87,0.98,15.0,0.03,63.87,0.02,15.0,0.04,20.94,0.06,5.0,0.01,0.01,0.093619,1776215982000
1776215984.424,284.424,0.96,20.94,0.94,5.0,0.97,63.87,0.98,15.0,0.03,63.87,0.02,15.0,0.04,20.94,0.06,5.0,0.01,0.01,0.093619,1776215983000
1776215984.625,284.625,0.94,5.0,0.89,34.0,0.97,63.87,0.98,15.0,0.03,63.87,0.02,15.0,0.04,20.94,0.06,5.0,0.03,0.01,0.093619,1776215983000
1776215985.077,285.077,0.94,5.0,0.89,34.0,0.97,63.87,0.98,15.0,0.03,63.87,0.02,15.0,0.06,5.0,0.11,34.0,0.03,0.03,0.093619,1776215984000
1776215986.56,286.56,0.94,5.0,0.89,34.0,0.97,63.87,0.98,15.0,0.03,63.87,0.02,15.0,0.06,5.0,0.11,34.0,0.03,0.03,0.093619,1776215985000
1776215987.354,287.354,0.94,5.0,0.89,34.0,0.97,63.87,0.98,15.0,0.03,63.87,0.02,15.0,0.06,5.0,0.11,34.0,0.03,0.03,0.093624,1776215986000
1776215988.184,288.184,0.94,5.0,0.89,34.0,0.97,63.87,0.98,15.0,0.03,63.87,0.02,15.0,0.06,5.0,0.11,34.0,0.03,0.03,0.093631,1776215987000
1776215988.719,288.719,0.94,5.0,0.89,34.0,0.97,62.83,0.98,15.0,0.03,63.87,0.02,15.0,0.06,5.0,0.11,34.0,0.03,0.03,0.093631,1776215987000
1776215989.556,289.556,0.94,5.0,0.89,34.0,0.97,59.71,0.98,15.0,0.03,59.71,0.02,15.0,0.06,5.0,0.11,34.0,0.03,0.03,0.093631,1776215988000
1776215990.369,290.369,0.94,5.0,0.89,34.0,0.97,59.71,0.98,15.0,0.03,59.71,0.02,15.0,0.06,5.0,0.11,34.0,0.03,0.03,0.093631,1776215989000
1776215990.593,290.593,0.94,5.0,0.89,34.0,0.97,58.67,0.98,15.0,0.03,59.71,0.02,15.0,0.06,5.0,0.11,34.0,0.03,0.03,0.093631,1776215989000
1776215991.044,291.044,0.94,5.0,0.89,34.0,0.97,55.55,0.98,15.0,0.03,55.55,0.02,15.0,0.06,5.0,0.11,34.0,0.03,0.03,0.093631,1776215990000
1776215992.036,292.036,0.94,5.0,0.89,34.0,0.97,45.24,0.98,15.0,0.03,55.55,0.02,15.0,0.06,5.0,0.11,34.0,0.03,0.03,0.093631,1776215990000
1776215992.357,292.357,0.94,5.0,0.89,34.0,0.97,45.24,0.98,15.0,0.03,45.24,0.02,15.0,0.06,5.0,0.11,34.0,0.03,0.03,0.09363,1776215991000
1776215992.586,292.586,0.94,5.0,0.89,34.0,0.98,15.0,0.99,170.0,0.03,45.24,0.02,15.0,0.06,5.0,0.11,34.0,0.04,0.03,0.09363,1776215991000
1776215992.942,292.942,0.94,5.0,0.89,34.0,0.98,9.0,0.99,170.0,0.02,15.0,0.01,170.0,0.06,5.0,0.11,34.0,0.04,0.04,0.09363,1776215991000
1776215993.454,293.454,0.94,5.0,0.89,34.0,0.99,158.7,,,0.02,9.0,0.01,170.0,0.06,5.0,0.11,34.0,0.05,0.04,0.09363,1776215992000
1776215994.365,294.365,0.94,5.0,0.89,34.0,0.99,98.59,,,0.01,158.7,,,0.06,5.0,0.11,34.0,0.05,0.05,0.09363,1776215992000
1776215995.199,295.199,0.94,5.0,0.89,34.0,0.99,98.59,,,0.01,98.59,,,0.06,5.0,0.11,34.0,0.05,0.05,0.09363,1776215994000
1776215996.219,296.219,0.94,5.0,0.89,34.0,0.99,78.22,,,0.01,93.54,,,0.06,5.0,0.11,34.0,0.05,0.05,0.09363,1776215994000
1776215996.435,296.435,0.94,5.0,0.89,34.0,0.99,77.11,,,0.01,78.22,,,0.06,5.0,0.11,34.0,0.05,0.05,0.09363,1776215994000
1776215997.228,297.228,0.94,5.0,0.89,34.0,0.99,72.11,,,0.01,72.11,,,0.06,5.0,0.11,34.0,0.05,0.05,0.09363,1776215996000
1776215997.43,297.43,0.94,5.0,0.89,34.0,0.99,44.93,,,0.01,53.52,,,0.06,5.0,0.11,34.0,0.05,0.05,0.09363,1776215996000
1776215998.136,298.136,0.99,98.84,0.89,34.0,,,,,,,,,0.06,5.0,0.11,34.0,,,0.09363,1776215996000
1776215999.154,299.154,0.99,98.84,0.89,34.0,,,,,,,,,0.01,98.84,0.11,34.0,,,0.093617,1776215998000
1776216000.204,300.204,0.99,98.84,0.89,34.0,,,,,,,,,0.01,98.84,0.11,34.0,,,0.093615,1776215999000
1776216001.101,301.101,0.99,98.84,0.89,34.0,,,,,,,,,0.01,98.84,0.11,34.0,,,0.093616,1776216000000

# RESULT,winner=Up,slug=doge-updown-5m-1776215700,ticks=334
