timestamp,elapsed_sec,up_bid_p1,up_bid_s1,up_bid_p2,up_bid_s2,up_ask_p1,up_ask_s1,up_ask_p2,up_ask_s2,down_bid_p1,down_bid_s1,down_bid_p2,down_bid_s2,down_ask_p1,down_ask_s1,down_ask_p2,down_ask_s2,up_spread,down_spread,doge_price,doge_oracle_ts
1776365700.57,0.57,0.41,37.0,0.4,33.0,0.49,51.0,0.59,37.0,0.51,51.0,0.41,37.0,0.59,37.0,0.6,33.0,0.08,0.08,0.099348,1776365699000
1776365703.288,3.288,0.31,425.0,0.27,450.0,0.49,47.69,0.51,50.0,0.51,51.0,0.41,37.0,0.59,37.0,0.6,33.0,0.18,0.08,0.09935,1776365701000
1776365705.939,5.939,0.48,5.0,0.47,5.0,0.49,44.75,0.54,5.0,0.51,47.69,0.49,50.0,0.69,425.0,0.73,450.0,0.01,0.18,0.099352,1776365704000
1776365706.979,6.979,0.48,2.0,0.47,5.0,0.49,44.75,0.52,5.0,0.51,44.75,0.46,5.0,0.52,5.0,0.53,5.0,0.01,0.01,0.099358,1776365705000
1776365709.153,9.153,0.48,2.0,0.47,5.0,0.49,41.81,0.51,10.0,0.51,44.75,0.48,5.0,0.52,2.0,0.53,5.0,0.01,0.01,0.099366,1776365707000
1776365710.485,10.485,0.47,4.0,0.46,5.0,0.49,41.81,0.51,15.0,0.51,41.81,0.49,10.0,0.52,2.0,0.53,5.0,0.02,0.01,0.099336,1776365709000
1776365711.875,11.875,0.48,5.0,0.47,4.0,0.49,38.87,0.55,15.0,0.51,41.81,0.49,15.0,0.53,4.0,0.54,5.0,0.01,0.02,0.099367,1776365710000
1776365716.304,16.304,0.48,5.0,0.47,4.0,0.49,32.44,0.58,5.0,0.51,35.38,0.45,15.0,0.52,5.0,0.53,4.0,0.01,0.01,0.099372,1776365714000
1776365716.527,16.527,0.48,5.0,0.47,4.0,0.49,17.44,0.58,5.0,0.51,22.44,0.42,5.0,0.52,5.0,0.53,4.0,0.01,0.01,0.099372,1776365714000
1776365716.887,16.887,0.48,5.0,0.47,4.0,0.49,7.44,0.58,5.0,0.51,17.44,0.42,5.0,0.52,5.0,0.53,4.0,0.01,0.01,0.099376,1776365715000
1776365718.247,18.247,0.48,5.0,0.47,4.0,0.56,5.0,0.57,5.0,0.51,2.44,0.42,5.0,0.52,5.0,0.53,4.0,0.08,0.01,0.099394,1776365717000
1776365718.591,18.591,0.54,2.0,0.53,5.0,0.55,5.0,0.56,5.0,0.44,5.0,0.43,5.0,0.52,5.0,0.53,4.0,0.01,0.08,0.099394,1776365717000
1776365720.504,20.504,0.52,2.0,0.51,5.0,0.54,5.0,0.55,5.0,0.45,5.0,0.44,5.0,0.46,2.0,0.47,5.0,0.02,0.01,0.099407,1776365719000
1776365723.684,23.684,0.48,2.0,0.47,4.0,0.49,5.0,0.5,5.0,0.46,5.0,0.45,5.0,0.48,2.0,0.49,5.0,0.01,0.02,0.099372,1776365722000
1776365724.805,24.805,0.46,5.0,0.45,5.0,0.49,2.46,0.5,5.0,0.51,5.0,0.5,5.0,0.52,2.0,0.53,4.0,0.03,0.01,0.099364,1776365723000
1776365725.135,25.135,0.48,5.0,0.47,5.0,0.51,2.46,0.52,10.0,0.51,2.46,0.5,5.0,0.54,5.0,0.55,5.0,0.03,0.03,0.099364,1776365723000
1776365730.61,30.61,0.48,5.0,0.47,5.0,0.5,10.0,0.51,5.0,0.49,2.46,0.48,10.0,0.52,5.0,0.53,5.0,0.02,0.03,0.099339,1776365729000
1776365731.326,31.326,0.52,5.0,0.51,5.0,0.54,2.11,0.55,5.0,0.5,10.0,0.49,5.0,0.52,5.0,0.53,5.0,0.02,0.02,0.099341,1776365730000
1776365732.156,32.156,0.48,2.0,0.47,5.0,0.49,10.0,0.5,5.0,0.46,12.11,0.45,5.0,0.49,5.0,0.5,5.0,0.01,0.03,0.099341,1776365730000
1776365736.03,36.03,0.44,2.0,0.43,5.0,0.45,5.0,0.46,5.0,0.51,10.0,0.5,5.0,0.52,2.0,0.53,5.0,0.01,0.01,0.099335,1776365734000
1776365736.773,36.773,0.45,5.0,0.44,2.0,0.46,7.0,0.47,10.0,0.55,5.0,0.54,5.0,0.56,2.0,0.57,5.0,0.01,0.01,0.099334,1776365735000
1776365739.085,39.085,0.42,0.75,0.41,5.0,0.45,15.0,0.46,12.0,0.54,7.0,0.53,10.0,0.55,5.0,0.56,2.0,0.03,0.01,0.099316,1776365737000
1776365740.569,40.569,0.41,2.0,0.4,5.0,0.42,10.0,0.43,5.0,0.55,15.0,0.54,12.0,0.58,0.75,0.59,5.0,0.01,0.03,0.099312,1776365739000
1776365742.195,42.195,0.4,2.76,0.39,5.0,0.41,5.0,0.42,5.0,0.58,5.0,0.57,5.0,0.6,2.0,0.61,5.0,0.01,0.02,0.099293,1776365741000
1776365742.85,42.85,0.38,2.0,0.37,5.0,0.4,5.0,0.41,5.0,0.59,5.0,0.58,5.0,0.6,2.76,0.61,5.0,0.02,0.01,0.099293,1776365741000
1776365745.463,45.463,0.4,5.0,0.39,5.0,0.42,2.0,0.43,5.0,0.6,5.0,0.59,5.0,0.62,2.0,0.63,5.0,0.02,0.02,0.099298,1776365744000
1776365746.834,46.834,0.45,5.0,0.44,5.0,0.47,4.0,0.48,5.0,0.58,2.0,0.57,5.0,0.6,5.0,0.61,5.0,0.02,0.02,0.099291,1776365745000
1776365747.19,47.19,0.46,5.0,0.45,5.0,0.47,0.8,0.48,5.0,0.53,4.0,0.52,5.0,0.55,5.0,0.56,5.0,0.01,0.02,0.09929,1776365746000
1776365747.618,47.618,0.45,1.56,0.44,5.0,0.46,5.0,0.47,0.8,0.53,0.8,0.52,5.0,0.54,1.29,0.55,5.0,0.01,0.01,0.09929,1776365746000
1776365748.846,48.846,0.43,2.0,0.42,5.0,0.44,5.0,0.45,5.0,0.54,5.0,0.53,0.8,0.55,1.56,0.56,5.0,0.01,0.01,0.099312,1776365747000
1776365749.447,49.447,0.42,5.0,0.41,10.0,0.44,5.0,0.45,5.0,0.56,5.0,0.55,5.0,0.57,2.0,0.58,5.0,0.02,0.01,0.099348,1776365748000
1776365752.505,52.505,0.43,5.0,0.42,5.0,0.45,0.73,0.46,5.0,0.56,5.0,0.55,5.0,0.58,5.0,0.59,10.0,0.02,0.02,0.099341,1776365751000
1776365755.765,55.765,0.45,5.0,0.44,5.0,0.46,2.0,0.47,0.8,0.55,0.73,0.54,5.0,0.57,5.0,0.58,5.0,0.01,0.02,0.099333,1776365754000
1776365758.654,58.654,0.4,2.0,0.39,5.0,0.41,5.0,0.42,5.0,0.54,2.0,0.53,0.8,0.55,5.0,0.56,5.0,0.01,0.01,0.099342,1776365757000
1776365759.442,59.442,0.38,5.0,0.37,10.0,0.4,2.0,0.41,5.0,0.59,5.0,0.58,5.0,0.6,2.0,0.61,5.0,0.02,0.01,0.099342,1776365757000
1776365760.302,60.302,0.41,5.0,0.4,5.0,0.43,2.0,0.44,5.0,0.6,2.0,0.59,5.0,0.62,5.0,0.63,10.0,0.02,0.02,0.099321,1776365759000
1776365761.961,61.961,0.42,5.0,0.41,5.0,0.44,2.0,0.45,5.0,0.57,2.0,0.56,5.0,0.59,5.0,0.6,5.0,0.02,0.02,0.099312,1776365760000
1776365763.215,63.215,0.47,5.0,0.46,5.0,0.48,2.0,0.49,5.0,0.56,2.0,0.55,5.0,0.58,5.0,0.59,5.0,0.01,0.02,0.099312,1776365761000
1776365764.307,64.307,0.5,5.0,0.49,5.0,0.51,0.15,0.52,5.0,0.52,2.0,0.51,5.0,0.53,5.0,0.54,5.0,0.01,0.01,0.099308,1776365762000
1776365764.595,64.595,0.5,10.0,0.49,5.0,0.55,4.26,0.56,5.0,0.49,0.15,0.48,5.0,0.5,5.0,0.51,5.0,0.05,0.01,0.099317,1776365763000
1776365766.906,66.906,0.49,2.0,0.48,5.0,0.5,5.0,0.51,5.0,0.47,3.11,0.46,5.0,0.48,5.0,0.49,5.0,0.01,0.01,0.099364,1776365765000
1776365767.611,67.611,0.53,5.0,0.52,5.0,0.55,6.26,0.56,15.0,0.5,5.0,0.49,5.0,0.51,2.0,0.52,5.0,0.02,0.01,0.099381,1776365766000
1776365769.447,69.447,0.48,4.0,0.47,5.0,0.5,5.0,0.51,5.0,0.45,6.26,0.44,15.0,0.47,5.0,0.48,5.0,0.02,0.02,0.099368,1776365768000
1776365770.06,70.06,0.47,5.0,0.46,5.0,0.49,2.95,0.5,1.7,0.5,1.7,0.49,5.0,0.52,4.0,0.53,5.0,0.02,0.02,0.099368,1776365768000
1776365771.905,71.905,0.44,2.0,0.43,5.0,0.46,5.0,0.47,5.0,0.51,2.95,0.5,1.7,0.53,5.0,0.54,5.0,0.02,0.02,0.099396,1776365770000
1776365772.596,72.596,0.43,5.0,0.42,5.0,0.45,0.55,0.46,5.0,0.54,5.0,0.53,5.0,0.56,2.0,0.57,5.0,0.02,0.02,0.099359,1776365771000
1776365774.474,74.474,0.41,2.0,0.4,5.0,0.43,5.0,0.44,5.0,0.55,0.55,0.54,5.0,0.57,5.0,0.58,5.0,0.02,0.02,0.099327,1776365773000
1776365781.652,81.652,0.43,5.0,0.42,5.0,0.45,7.0,0.46,10.0,0.57,5.0,0.56,5.0,0.59,2.0,0.6,5.0,0.02,0.02,0.099303,1776365780000
1776365784.226,84.226,0.49,5.0,0.48,5.0,0.51,2.17,0.52,5.0,0.55,7.0,0.54,10.0,0.57,5.0,0.58,5.0,0.02,0.02,0.099315,1776365783000
1776365784.92,84.92,0.45,2.0,0.44,5.0,0.47,5.0,0.48,5.0,0.49,2.17,0.48,5.0,0.51,5.0,0.52,5.0,0.02,0.02,0.099315,1776365783000
1776365786.413,86.413,0.43,2.0,0.42,5.0,0.44,5.0,0.45,5.0,0.53,5.0,0.52,5.0,0.55,2.0,0.56,5.0,0.01,0.02,0.099318,1776365785000
1776365793.013,93.013,0.48,5.0,0.47,5.0,0.49,2.0,0.5,15.0,0.56,5.0,0.55,5.0,0.57,2.0,0.58,5.0,0.01,0.01,0.099333,1776365791000
1776365795.306,95.306,0.46,5.0,0.45,5.0,0.48,2.0,0.49,5.0,0.51,2.0,0.5,15.0,0.52,5.0,0.53,5.0,0.02,0.01,0.099336,1776365793000
1776365797.036,97.036,0.41,2.0,0.4,5.0,0.43,5.0,0.44,5.0,0.52,2.0,0.51,5.0,0.54,5.0,0.55,5.0,0.02,0.02,0.099333,1776365796000
1776365804.658,104.658,0.38,2.0,0.37,5.0,0.39,5.0,0.4,5.0,0.57,5.0,0.56,5.0,0.59,2.0,0.6,5.0,0.01,0.02,0.099311,1776365803000
1776365808.123,108.123,0.31,2.0,0.3,5.0,0.33,5.0,0.34,5.0,0.61,5.0,0.6,5.0,0.62,2.0,0.63,5.0,0.02,0.01,0.099294,1776365806000
1776365808.875,108.875,0.33,10.0,0.32,10.0,0.34,1.85,0.41,5.0,0.66,4.85,0.65,5.0,0.69,2.0,0.7,5.0,0.01,0.03,0.099294,1776365807000
1776365810.509,110.509,0.44,5.0,0.43,5.0,0.45,2.0,0.46,5.0,0.59,5.0,0.58,5.0,0.67,10.0,0.68,10.0,0.01,0.08,0.099296,1776365808000
1776365811.697,111.697,0.53,5.0,0.52,5.0,0.55,6.27,0.56,10.0,0.55,2.0,0.54,5.0,0.56,5.0,0.57,5.0,0.02,0.01,0.099296,1776365810000
1776365815.174,115.174,0.49,2.0,0.48,5.0,0.5,5.0,0.51,5.0,0.45,6.27,0.44,10.0,0.47,5.0,0.48,5.0,0.01,0.02,0.099379,1776365814000
1776365821.104,121.104,0.46,2.0,0.45,5.0,0.48,5.0,0.49,5.0,0.5,1.7,0.49,5.0,0.52,5.0,0.53,5.0,0.02,0.02,0.099354,1776365819000
1776365823.355,123.355,0.43,5.0,0.42,5.0,0.45,2.77,0.46,5.0,0.52,5.0,0.51,5.0,0.54,2.0,0.55,5.0,0.02,0.02,0.099355,1776365822000
1776365824.283,124.283,0.4,2.0,0.39,5.0,0.42,5.0,0.43,5.0,0.55,2.77,0.54,5.0,0.57,5.0,0.58,5.0,0.02,0.02,0.099338,1776365823000
1776365824.719,124.719,0.41,5.0,0.4,5.0,0.43,2.67,0.44,5.0,0.58,5.0,0.57,5.0,0.6,2.0,0.61,5.0,0.02,0.02,0.099338,1776365823000
1776365825.147,125.147,0.41,5.0,0.4,5.0,0.43,2.67,0.44,5.0,0.57,2.67,0.56,5.0,0.59,5.0,0.6,5.0,0.02,0.02,0.099334,1776365824000
1776365827.714,127.714,0.43,5.0,0.42,5.0,0.46,5.0,0.47,5.0,0.57,2.67,0.56,5.0,0.59,5.0,0.6,5.0,0.03,0.02,0.099312,1776365826000
1776365829.595,129.595,0.35,2.0,0.34,5.0,0.36,5.0,0.37,5.0,0.56,5.0,0.55,5.0,0.57,3.24,0.58,5.0,0.01,0.01,0.099302,1776365828000
1776365832.626,132.626,0.42,5.0,0.41,5.0,0.43,2.0,0.45,15.0,0.64,5.0,0.63,5.0,0.65,2.0,0.66,5.0,0.01,0.01,0.0993,1776365831000
1776365833.713,133.713,0.48,5.0,0.47,5.0,0.5,2.0,0.51,5.0,0.57,2.0,0.55,15.0,0.58,5.0,0.59,5.0,0.02,0.01,0.099289,1776365832000
1776365834.349,134.349,0.52,5.0,0.51,5.0,0.53,5.0,0.55,5.0,0.5,2.0,0.49,5.0,0.52,5.0,0.53,5.0,0.01,0.02,0.099289,1776365833000
1776365835.243,135.243,0.53,5.0,0.52,5.0,0.54,0.15,0.55,15.0,0.47,5.0,0.45,5.0,0.48,5.0,0.49,5.0,0.01,0.01,0.099303,1776365834000
1776365838.601,138.601,0.51,5.0,0.5,5.0,0.56,1.6,0.57,15.0,0.46,0.15,0.45,15.0,0.47,5.0,0.48,5.0,0.05,0.01,0.099362,1776365837000
1776365842.578,142.578,0.52,5.0,0.51,5.0,0.53,8.11,0.55,5.0,0.44,1.6,0.43,15.0,0.49,5.0,0.5,5.0,0.01,0.05,0.09935,1776365841000
1776365842.911,142.911,0.52,5.0,0.51,5.0,0.55,5.0,0.56,1.6,0.47,8.11,0.45,5.0,0.48,5.0,0.49,5.0,0.03,0.01,0.09935,1776365841000
1776365843.641,143.641,0.42,2.0,0.41,5.0,0.43,5.0,0.44,5.0,0.45,5.0,0.44,1.6,0.48,5.0,0.49,5.0,0.01,0.03,0.099349,1776365842000
1776365848.184,148.184,0.22,17.2,0.21,15.7,0.23,5.0,0.24,5.0,0.57,5.0,0.56,5.0,0.58,2.0,0.59,5.0,0.01,0.01,0.099279,1776365846000
1776365848.637,148.637,0.23,10.0,0.21,15.7,0.24,5.0,0.25,5.0,0.75,5.0,0.74,5.0,0.78,17.2,0.79,15.7,0.01,0.03,0.099272,1776365847000
1776365850.319,150.319,0.22,2.0,0.21,5.0,0.24,5.0,0.25,5.0,0.76,5.0,0.75,5.0,0.77,10.0,0.79,15.7,0.02,0.01,0.099265,1776365849000
1776365852.5,152.5,0.21,4.2,0.2,5.0,0.24,5.0,0.25,5.0,0.76,5.0,0.75,5.0,0.78,2.0,0.79,5.0,0.03,0.02,0.099222,1776365851000
1776365854.442,154.442,0.3,5.0,0.29,5.0,0.31,2.0,0.32,5.0,0.76,5.0,0.75,5.0,0.79,4.2,0.8,5.0,0.01,0.03,0.099225,1776365853000
1776365855.171,155.171,0.24,2.0,0.23,5.0,0.25,5.0,0.26,5.0,0.69,2.0,0.68,5.0,0.71,1.0,0.72,5.0,0.01,0.02,0.099225,1776365854000
1776365857.505,157.505,0.2,2.0,0.19,31.89,0.21,5.0,0.22,5.0,0.75,5.0,0.74,5.0,0.76,2.0,0.77,5.0,0.01,0.01,0.099226,1776365855000
1776365859.79,159.79,0.18,27.6,0.17,23.39,0.23,1.08,0.24,5.0,0.79,5.0,0.78,5.0,0.8,2.0,0.81,31.89,0.05,0.01,0.099234,1776365858000
1776365860.169,160.169,0.27,5.0,0.26,5.0,0.28,2.0,0.29,5.0,0.77,1.08,0.76,5.0,0.82,27.6,0.83,23.39,0.01,0.05,0.099229,1776365859000
1776365861.381,161.381,0.22,2.0,0.21,5.0,0.23,5.0,0.24,5.0,0.72,2.0,0.71,5.0,0.73,5.0,0.74,5.0,0.01,0.01,0.099224,1776365860000
1776365863.227,163.227,0.19,2.0,0.18,5.0,0.21,5.0,0.22,5.0,0.77,5.0,0.76,5.0,0.78,2.0,0.79,5.0,0.02,0.01,0.099228,1776365862000
1776365863.965,163.965,0.23,5.0,0.22,5.0,0.24,2.0,0.25,5.0,0.79,5.0,0.78,5.0,0.81,2.0,0.82,5.0,0.01,0.02,0.099228,1776365862000
1776365866.467,166.467,0.26,5.0,0.25,5.0,0.28,2.0,0.29,5.0,0.76,2.0,0.75,5.0,0.77,5.0,0.78,5.0,0.02,0.01,0.099224,1776365865000
1776365870.178,170.178,0.22,1.98,0.21,5.0,0.26,5.0,0.27,5.0,0.72,2.0,0.71,5.0,0.74,5.0,0.75,5.0,0.04,0.02,0.09924,1776365869000
1776365873.973,173.973,0.21,2.0,0.2,21.2,0.22,5.0,0.23,5.0,0.74,5.0,0.73,5.0,0.78,1.98,0.79,5.0,0.01,0.04,0.099251,1776365872000
1776365876.558,176.558,0.25,5.0,0.24,5.0,0.27,2.0,0.28,2.0,0.77,5.0,0.76,5.0,0.8,21.2,0.81,28.89,0.02,0.03,0.099243,1776365875000
1776365880.677,180.677,0.18,12.0,0.17,23.39,0.19,5.0,0.2,5.0,0.73,2.0,0.72,2.0,0.75,5.0,0.76,5.0,0.01,0.02,0.099254,1776365879000
1776365882.678,182.678,0.24,10.0,0.23,10.0,0.25,2.0,0.26,5.0,0.81,5.0,0.8,5.0,0.82,12.0,0.83,23.39,0.01,0.01,0.099247,1776365881000
1776365884.139,184.139,0.21,7.0,0.17,23.39,0.25,5.0,0.26,5.0,0.75,2.0,0.74,5.0,0.76,10.0,0.77,5.0,0.04,0.01,0.099228,1776365882000
1776365884.548,184.548,0.2,5.0,0.19,5.0,0.22,5.0,0.23,5.0,0.75,5.0,0.74,5.0,0.79,7.0,0.83,23.39,0.02,0.04,0.099228,1776365883000
1776365885.508,185.508,0.23,5.0,0.22,5.0,0.25,2.0,0.26,5.0,0.78,5.0,0.77,5.0,0.8,5.0,0.81,5.0,0.02,0.02,0.099249,1776365884000
1776365886.735,186.735,0.2,2.0,0.19,5.0,0.21,5.0,0.22,5.0,0.75,2.0,0.74,5.0,0.77,5.0,0.78,5.0,0.01,0.02,0.099243,1776365885000
1776365889.912,189.912,0.26,5.0,0.25,5.0,0.28,1.0,0.29,5.0,0.79,5.0,0.78,5.0,0.8,2.0,0.81,5.0,0.02,0.01,0.099236,1776365888000
1776365893.615,193.615,0.22,5.0,0.21,20.7,0.24,0.83,0.25,5.0,0.72,1.0,0.71,5.0,0.74,5.0,0.75,5.0,0.02,0.02,0.099262,1776365892000
1776365895.808,195.808,0.26,5.0,0.22,5.0,0.31,0.64,0.32,5.0,0.76,0.83,0.75,5.0,0.78,5.0,0.79,20.7,0.05,0.02,0.099258,1776365894000
1776365899.384,199.384,0.23,5.0,0.22,5.0,0.24,2.0,0.26,5.0,0.73,5.0,0.72,5.0,0.74,2.0,0.75,5.0,0.01,0.01,0.099252,1776365897000
1776365901.977,201.977,0.29,5.0,0.28,10.0,0.3,2.0,0.31,0.64,0.76,2.0,0.74,5.0,0.77,5.0,0.78,5.0,0.01,0.01,0.099252,1776365900000
1776365902.531,202.531,0.29,2.18,0.28,5.0,0.3,2.0,0.31,0.64,0.7,2.0,0.69,0.64,0.71,5.0,0.72,10.0,0.01,0.01,0.099264,1776365901000
1776365903.405,203.405,0.14,2.0,0.13,5.0,0.15,5.0,0.16,5.0,0.7,2.0,0.69,0.64,0.71,2.18,0.72,5.0,0.01,0.01,0.099264,1776365902000
1776365906.653,206.653,0.15,5.0,0.14,2.0,0.17,5.0,0.18,5.0,0.85,5.0,0.84,5.0,0.86,2.0,0.87,5.0,0.02,0.01,0.099196,1776365905000
1776365910.266,210.266,0.16,2.87,0.15,5.0,0.17,5.0,0.18,5.0,0.83,5.0,0.82,5.0,0.85,5.0,0.86,2.0,0.01,0.02,0.099208,1776365908000
1776365910.817,210.817,0.15,1.76,0.14,2.0,0.17,5.0,0.18,5.0,0.83,5.0,0.82,5.0,0.84,2.87,0.85,5.0,0.02,0.01,0.099208,1776365909000
1776365911.099,211.099,0.15,1.76,0.14,2.0,0.17,5.0,0.18,5.0,0.83,5.0,0.82,5.0,0.85,1.76,0.86,2.0,0.02,0.02,0.099208,1776365909000
1776365915.282,215.282,0.15,1.76,0.14,2.0,0.17,8.82,0.18,5.0,0.83,5.0,0.82,5.0,0.85,1.76,0.86,2.0,0.02,0.02,0.099215,1776365913000
1776365921.374,221.374,0.16,5.0,0.15,1.76,0.17,0.82,0.22,5.0,0.83,8.82,0.82,5.0,0.85,1.76,0.86,2.0,0.01,0.02,0.099231,1776365920000
1776365923.814,223.814,0.16,24.3,0.15,22.15,0.3,2.82,0.31,5.0,0.83,0.82,0.78,5.0,0.84,5.0,0.85,1.76,0.14,0.01,0.099234,1776365922000
1776365924.648,224.648,0.31,5.0,0.3,5.0,0.33,2.0,0.34,5.0,0.7,2.82,0.69,5.0,0.84,24.3,0.85,22.15,0.02,0.14,0.099249,1776365923000
1776365925.085,225.085,0.29,5.0,0.28,5.0,0.31,5.0,0.32,5.0,0.67,2.0,0.66,5.0,0.69,5.0,0.7,5.0,0.02,0.02,0.099249,1776365923000
1776365925.566,225.566,0.26,2.0,0.25,5.0,0.27,5.0,0.28,5.0,0.69,5.0,0.68,5.0,0.71,5.0,0.72,5.0,0.01,0.02,0.099257,1776365924000
1776365929.916,229.916,0.2,2.5,0.19,5.0,0.22,5.0,0.23,5.0,0.73,5.0,0.72,5.0,0.74,2.0,0.75,5.0,0.02,0.01,0.099267,1776365928000
1776365932.889,232.889,0.17,3.79,0.16,29.3,0.19,5.0,0.2,5.0,0.78,5.0,0.77,5.0,0.8,2.5,0.81,5.0,0.02,0.02,0.099262,1776365931000
1776365934.09,234.09,0.18,4.81,0.17,3.79,0.21,5.0,0.22,5.0,0.81,5.0,0.8,5.0,0.83,3.79,0.84,29.3,0.03,0.02,0.099253,1776365933000
1776365935.64,235.64,0.18,2.81,0.17,22.18,0.19,5.0,0.2,5.0,0.79,5.0,0.78,5.0,0.82,4.81,0.83,3.79,0.01,0.03,0.099255,1776365934000
1776365939.015,239.015,0.19,5.0,0.18,5.0,0.25,3.0,0.26,18.5,0.81,5.0,0.8,5.0,0.82,2.81,0.83,22.18,0.06,0.01,0.099263,1776365937000
1776365939.944,239.944,0.3,5.0,0.29,10.0,0.31,2.0,0.32,5.0,0.74,2.0,0.73,5.0,0.76,5.0,0.77,5.0,0.01,0.02,0.099263,1776365938000
1776365940.781,240.781,0.37,5.0,0.36,5.0,0.39,2.0,0.4,5.0,0.69,2.0,0.68,5.0,0.7,5.0,0.71,10.0,0.02,0.01,0.099264,1776365939000
1776365941.193,241.193,0.38,3.0,0.37,5.0,0.43,5.0,0.44,5.0,0.6,2.65,0.59,10.0,0.63,5.0,0.64,5.0,0.05,0.03,0.09927,1776365940000
1776365941.796,241.796,0.33,2.0,0.32,5.0,0.35,5.0,0.36,5.0,0.55,5.0,0.54,5.0,0.56,2.82,0.57,5.0,0.02,0.01,0.09927,1776365940000
1776365944.816,244.816,0.26,5.0,0.25,5.0,0.28,3.81,0.29,5.0,0.65,5.0,0.64,5.0,0.67,2.0,0.68,5.0,0.02,0.02,0.099299,1776365943000
1776365945.772,245.772,0.16,7.0,0.15,1.76,0.18,5.0,0.19,5.0,0.72,3.81,0.71,5.0,0.74,5.0,0.75,5.0,0.02,0.02,0.099295,1776365944000
1776365947.273,247.273,0.16,5.0,0.15,5.0,0.17,2.0,0.19,5.0,0.83,5.0,0.82,5.0,0.85,1.76,0.86,2.0,0.01,0.02,0.099289,1776365945000
1776365950.594,250.594,0.15,5.0,0.14,2.0,0.17,2.0,0.18,5.0,0.83,2.0,0.81,5.0,0.84,5.0,0.85,5.0,0.02,0.01,0.099241,1776365949000
1776365952.023,252.023,0.15,12.0,0.14,2.0,0.17,2.0,0.19,5.0,0.83,2.0,0.82,5.0,0.85,5.0,0.86,2.0,0.02,0.02,0.099243,1776365950000
1776365954.55,254.55,0.14,2.0,0.13,5.0,0.16,5.0,0.17,7.0,0.83,2.0,0.81,5.0,0.85,12.0,0.86,2.0,0.02,0.02,0.099242,1776365953000
1776365955.299,255.299,0.16,6.04,0.15,5.0,0.17,2.0,0.2,5.0,0.84,5.0,0.83,7.0,0.86,2.0,0.87,5.0,0.01,0.02,0.099246,1776365954000
1776365956.417,256.417,0.15,2.0,0.14,0.31,0.17,5.0,0.18,5.0,0.82,4.0,0.8,5.0,0.84,5.0,0.85,5.0,0.02,0.02,0.099252,1776365955000
1776365958.524,258.524,0.13,23.0,0.12,29.6,0.15,5.0,0.16,5.0,0.83,5.0,0.82,5.0,0.85,2.0,0.86,0.31,0.02,0.02,0.099284,1776365957000
1776365959.832,259.832,0.12,21.6,0.11,26.6,0.13,5.0,0.14,5.0,0.85,5.0,0.84,5.0,0.87,23.0,0.88,29.6,0.01,0.02,0.09928,1776365958000
1776365961.265,261.265,0.1,7.0,0.09,11.0,0.11,5.0,0.12,5.0,0.87,5.0,0.86,5.0,0.88,21.6,0.89,26.6,0.01,0.01,0.099278,1776365959000
1776365962.996,262.996,0.1,7.0,0.09,11.0,0.11,2.0,0.12,5.0,0.89,5.0,0.88,5.0,0.9,7.0,0.91,11.0,0.01,0.01,0.099259,1776365961000
1776365963.582,263.582,0.1,2.35,0.09,16.0,0.11,2.0,0.12,5.0,0.89,2.0,0.88,5.0,0.9,7.0,0.91,11.0,0.01,0.01,0.099254,1776365962000
1776365965.604,265.604,0.09,16.0,0.08,52.29,0.11,2.0,0.12,5.0,0.89,2.0,0.88,5.0,0.9,2.35,0.91,16.0,0.02,0.01,0.099243,1776365964000
1776365966.341,266.341,0.09,13.45,0.08,52.29,0.1,5.0,0.11,2.0,0.89,2.0,0.88,5.0,0.91,16.0,0.92,52.29,0.01,0.02,0.099243,1776365964000
1776365966.851,266.851,0.11,5.0,0.1,5.0,0.13,2.0,0.14,5.0,0.9,5.0,0.89,2.0,0.91,13.45,0.92,52.29,0.02,0.01,0.09925,1776365965000
1776365967.233,267.233,0.11,5.0,0.1,5.0,0.13,2.0,0.14,5.0,0.87,2.0,0.86,5.0,0.89,5.0,0.9,5.0,0.02,0.02,0.09925,1776365966000
1776365967.673,267.673,0.1,5.0,0.09,13.45,0.12,5.0,0.13,2.0,0.87,2.0,0.86,5.0,0.89,5.0,0.9,5.0,0.02,0.02,0.09925,1776365966000
1776365968.87,268.87,0.09,2.95,0.08,52.29,0.1,5.0,0.11,5.0,0.88,5.0,0.87,2.0,0.9,5.0,0.91,13.45,0.01,0.02,0.099252,1776365967000
1776365970.303,270.303,0.09,33.55,0.08,52.29,0.1,5.0,0.11,5.0,0.9,5.0,0.89,5.0,0.91,2.95,0.92,52.29,0.01,0.01,0.099263,1776365968000
1776365970.699,270.699,0.09,28.06,0.08,52.29,0.1,5.0,0.11,5.0,0.9,5.0,0.89,5.0,0.91,33.55,0.92,52.29,0.01,0.01,0.099266,1776365969000
1776365971.465,271.465,0.09,25.84,0.08,52.29,0.1,5.0,0.11,5.0,0.9,5.0,0.89,5.0,0.91,28.06,0.92,52.29,0.01,0.01,0.099267,1776365970000
1776365971.965,271.965,0.09,24.74,0.08,47.29,0.1,5.0,0.11,5.0,0.9,5.0,0.89,5.0,0.91,25.84,0.92,52.29,0.01,0.01,0.099267,1776365970000
1776365974.856,274.856,0.08,9.0,0.07,53.9,0.09,5.0,0.1,5.0,0.9,5.0,0.89,5.0,0.91,24.74,0.92,47.29,0.01,0.01,0.099267,1776365973000
1776365975.582,275.582,0.08,1.65,0.07,14.0,0.09,67.0,0.1,5.0,0.91,5.0,0.9,5.0,0.92,4.65,0.93,53.9,0.01,0.01,0.09927,1776365974000
1776365976.355,276.355,0.07,5.55,0.06,16.0,0.08,5.0,0.09,67.0,0.91,67.0,0.9,5.0,0.93,10.6,0.94,16.0,0.01,0.02,0.09927,1776365974000
1776365977.596,277.596,0.07,5.55,0.06,16.0,0.09,60.33,0.1,5.0,0.92,5.0,0.91,67.0,0.93,5.55,0.94,16.0,0.02,0.01,0.099258,1776365976000
1776365978.531,278.531,0.06,13.87,0.05,25.0,0.07,54.0,0.08,5.0,0.91,60.33,0.9,5.0,0.94,16.0,0.95,20.0,0.01,0.03,0.099209,1776365977000
1776365979.443,279.443,0.04,30.0,0.03,45.0,0.07,54.0,0.08,5.0,0.93,54.0,0.92,5.0,0.95,13.49,0.96,30.0,0.03,0.02,0.099199,1776365978000
1776365980.341,280.341,0.04,28.95,0.03,45.0,0.06,45.0,0.07,5.0,0.93,54.0,0.92,5.0,0.96,30.0,0.97,45.0,0.02,0.03,0.099197,1776365979000
1776365980.668,280.668,0.04,22.95,0.03,45.0,0.06,45.0,0.07,5.0,0.94,45.0,0.93,5.0,0.96,28.95,0.97,45.0,0.02,0.02,0.099197,1776365979000
1776365981.392,281.392,0.04,17.74,0.03,45.0,0.06,45.0,0.07,5.0,0.94,45.0,0.93,5.0,0.96,22.95,0.97,45.0,0.02,0.02,0.099196,1776365980000
1776365981.889,281.889,0.03,0.48,0.02,60.0,0.06,45.0,0.07,5.0,0.94,45.0,0.93,5.0,0.96,6.48,0.97,45.0,0.03,0.02,0.099196,1776365980000
1776365982.466,282.466,0.02,50.37,0.01,281.76,0.04,59.0,0.05,5.0,0.94,45.0,0.93,5.0,0.97,0.48,0.98,60.0,0.02,0.03,0.099197,1776365981000
1776365982.788,282.788,0.02,45.32,0.01,281.76,0.04,59.0,0.05,5.0,0.96,59.0,0.95,5.0,0.98,50.37,0.99,281.76,0.02,0.02,0.099197,1776365981000
1776365983.083,283.083,0.02,39.18,0.01,281.76,0.04,46.0,0.05,5.0,0.96,46.0,0.95,5.0,0.98,40.21,0.99,281.76,0.02,0.02,0.099197,1776365981000
1776365983.362,283.362,0.02,29.08,0.01,281.76,0.04,46.0,0.05,5.0,0.96,46.0,0.95,5.0,0.98,39.18,0.99,281.76,0.02,0.02,0.099195,1776365982000
1776365984.351,284.351,0.01,201.75,,,0.03,5.0,0.04,46.0,0.97,5.0,0.96,46.0,0.99,255.29,,,0.02,0.02,0.09919,1776365983000
1776365984.604,284.604,0.01,197.87,,,0.03,10.0,0.04,46.0,0.97,5.0,0.96,46.0,0.99,201.75,,,0.02,0.02,0.09919,1776365983000
1776365985.095,285.095,0.01,96.64,,,0.02,15.0,0.03,15.0,0.97,10.0,0.96,46.0,0.99,196.85,,,0.01,0.02,0.09919,1776365983000
1776365985.45,285.45,0.02,30.0,0.01,96.64,0.03,15.0,0.04,5.0,0.97,15.0,0.96,5.0,0.98,35.0,0.99,96.64,0.01,0.01,0.09919,1776365984000
1776365985.947,285.947,0.02,13.84,0.01,96.64,0.03,15.0,0.04,5.0,0.97,15.0,0.96,5.0,0.98,30.0,0.99,96.64,0.01,0.01,0.09919,1776365985000
1776365986.285,286.285,0.02,5.67,0.01,96.64,0.03,15.0,0.04,5.0,0.97,15.0,0.96,5.0,0.98,13.84,0.99,96.64,0.01,0.01,0.09919,1776365985000
1776365987.165,287.165,0.01,92.31,,,0.03,15.0,0.04,5.0,0.97,15.0,0.96,5.0,0.98,5.67,0.99,96.64,0.02,0.01,0.099191,1776365986000
1776365987.434,287.434,0.01,86.25,,,0.03,15.0,0.04,5.0,0.97,15.0,0.96,5.0,0.99,92.31,,,0.02,0.02,0.099191,1776365986000
1776365989.164,289.164,,,,,0.03,15.0,0.04,5.0,0.97,15.0,0.96,5.0,0.99,82.37,,,,0.02,0.099192,1776365987000
1776365990.989,290.989,,,,,0.01,7.47,0.02,5.0,0.97,15.0,0.96,5.0,,,,,,,0.099191,1776365989000
1776365993.999,293.999,,,,,0.01,13.96,0.02,5.0,0.99,4.05,0.98,5.0,,,,,,,0.099185,1776365992000

# RESULT,winner=Down,slug=doge-updown-5m-1776365700,ticks=171
