timestamp,elapsed_sec,up_bid_p1,up_bid_s1,up_bid_p2,up_bid_s2,up_ask_p1,up_ask_s1,up_ask_p2,up_ask_s2,down_bid_p1,down_bid_s1,down_bid_p2,down_bid_s2,down_ask_p1,down_ask_s1,down_ask_p2,down_ask_s2,up_spread,down_spread,doge_price,doge_oracle_ts
1776396900.537,0.537,0.41,10.0,0.4,5.0,0.59,10.0,0.6,5.0,0.48,5.0,0.47,40.0,0.52,5.0,0.53,40.0,0.18,0.04,0.097891,1776396898000
1776396900.958,0.958,0.41,10.0,0.4,5.0,0.59,10.0,0.6,5.0,0.41,10.0,0.4,5.0,0.59,10.0,0.6,5.0,0.18,0.18,0.097891,1776396899000
1776396907.426,7.426,0.56,5.0,0.55,5.0,0.57,2.26,0.58,5.0,0.41,10.0,0.4,5.0,0.59,10.0,0.6,5.0,0.01,0.18,0.097891,1776396905000
1776396912.607,12.607,0.59,5.0,0.58,5.0,0.61,2.0,0.62,5.0,0.43,2.26,0.42,5.0,0.44,5.0,0.45,5.0,0.02,0.01,0.097918,1776396911000
1776396914.454,14.454,0.64,5.0,0.63,15.0,0.66,2.0,0.67,5.0,0.39,2.0,0.38,5.0,0.41,5.0,0.42,5.0,0.02,0.02,0.097924,1776396913000
1776396915.407,15.407,0.71,5.0,0.7,5.0,0.73,5.0,0.74,5.0,0.34,2.0,0.33,5.0,0.36,5.0,0.37,15.0,0.02,0.02,0.097932,1776396914000
1776396920.081,20.081,0.71,10.0,0.69,5.0,0.72,3.0,0.73,5.0,0.27,5.0,0.26,5.0,0.29,5.0,0.3,5.0,0.01,0.02,0.097978,1776396918000
1776396935.974,35.974,0.7,2.0,0.69,5.0,0.72,5.0,0.73,5.0,0.28,3.0,0.27,5.0,0.29,10.0,0.31,5.0,0.02,0.01,0.097981,1776396935000
1776396943.061,43.061,0.64,5.0,0.63,8.0,0.65,5.0,0.66,5.0,0.28,5.0,0.27,5.0,0.3,2.0,0.31,5.0,0.01,0.02,0.097972,1776396941000
1776396943.582,43.582,0.6,5.0,0.59,5.0,0.63,5.0,0.64,5.0,0.35,5.0,0.34,5.0,0.36,5.0,0.37,8.0,0.03,0.01,0.097972,1776396942000
1776396953.885,53.885,0.66,5.0,0.65,5.0,0.67,7.0,0.69,10.0,0.37,5.0,0.36,5.0,0.4,5.0,0.41,5.0,0.01,0.03,0.097931,1776396952000
1776396957.759,57.759,0.69,12.2,0.68,5.0,0.7,12.0,0.71,5.0,0.33,7.0,0.31,10.0,0.34,5.0,0.35,5.0,0.01,0.01,0.097942,1776396956000
1776396961.296,61.296,0.62,5.0,0.61,5.0,0.7,5.0,0.71,55.0,0.3,12.0,0.29,5.0,0.31,12.2,0.32,5.0,0.08,0.01,0.097952,1776396960000
1776396961.578,61.578,0.62,2.0,0.61,5.0,0.64,2.18,0.65,15.0,0.36,5.0,0.35,5.0,0.38,2.0,0.39,5.0,0.02,0.02,0.097952,1776396960000
1776396966.914,66.914,0.59,2.0,0.58,5.0,0.6,12.2,0.61,5.0,0.36,2.18,0.35,15.0,0.38,2.0,0.39,5.0,0.01,0.02,0.097929,1776396965000
1776396972.281,72.281,0.58,20.0,0.57,10.0,0.59,4.2,0.64,5.0,0.41,8.0,0.4,12.2,0.42,5.0,0.43,5.0,0.01,0.01,0.09791,1776396970000
1776396972.512,72.512,0.58,20.0,0.57,5.0,0.68,5.0,0.69,15.0,0.41,1.04,0.32,5.0,0.42,20.0,0.43,5.0,0.1,0.01,0.097911,1776396971000
1776396973.605,73.605,0.68,5.0,0.67,5.0,0.69,2.0,0.7,5.0,0.32,5.0,0.31,15.0,0.42,20.0,0.43,5.0,0.01,0.1,0.097911,1776396971000
1776396976.017,76.017,0.69,7.2,0.67,5.0,0.7,4.0,0.71,15.0,0.31,2.0,0.3,5.0,0.32,5.0,0.33,5.0,0.01,0.01,0.097941,1776396974000
1776396979.865,79.865,0.69,4.2,0.6,5.0,0.7,4.0,0.71,55.0,0.3,4.0,0.29,15.0,0.31,7.2,0.33,5.0,0.01,0.01,0.097953,1776396978000
1776396981.864,81.864,0.69,5.0,0.68,5.0,0.71,2.0,0.72,5.0,0.34,5.8,0.3,4.0,0.4,5.0,0.41,5.0,0.02,0.06,0.097942,1776396980000
1776396985.016,85.016,0.75,1.0,0.74,5.0,0.76,5.0,0.82,5.0,0.29,0.59,0.28,5.0,0.31,5.0,0.32,5.0,0.01,0.02,0.097949,1776396983000
1776396986.869,86.869,0.84,5.0,0.83,5.0,0.86,23.6,0.87,43.0,0.19,2.0,0.18,5.0,0.2,5.0,0.21,5.0,0.02,0.01,0.097961,1776396985000
1776396987.746,87.746,0.86,9.2,0.79,10.0,0.87,20.0,0.88,5.0,0.14,23.6,0.13,43.0,0.16,5.0,0.17,5.0,0.01,0.02,0.097996,1776396986000
1776396997.989,97.989,0.86,9.2,0.83,5.0,0.87,32.2,0.88,29.6,0.13,20.0,0.12,5.0,0.14,9.2,0.21,10.0,0.01,0.01,0.098012,1776396996000
1776396998.683,98.683,0.86,6.2,0.81,5.0,0.87,32.2,0.88,44.6,0.13,32.2,0.12,29.6,0.14,9.2,0.17,5.0,0.01,0.01,0.098009,1776396997000
1776396999.326,99.326,0.8,5.0,0.79,15.0,0.87,37.2,0.88,29.6,0.13,32.2,0.12,44.6,0.14,6.2,0.19,5.0,0.07,0.01,0.098008,1776396998000
1776397004.474,104.474,0.79,5.0,0.78,10.0,0.82,5.0,0.83,5.0,0.19,9.6,0.18,5.0,0.2,8.6,0.21,15.0,0.03,0.01,0.098002,1776397003000
1776397011.877,111.877,0.88,5.0,0.87,5.0,0.89,23.6,0.9,43.9,0.18,5.0,0.17,5.0,0.21,5.0,0.22,10.0,0.01,0.03,0.097997,1776397010000
1776397016.033,116.033,0.84,2.0,0.83,5.0,0.86,5.0,0.87,5.0,0.11,23.6,0.1,43.9,0.12,5.0,0.13,5.0,0.02,0.01,0.098025,1776397014000
1776397017.646,117.646,0.87,5.0,0.86,5.0,0.88,21.6,0.89,31.6,0.14,5.0,0.13,5.0,0.16,2.0,0.17,5.0,0.01,0.02,0.098027,1776397016000
1776397020.094,120.094,0.88,4.2,0.85,5.0,0.89,31.6,0.9,48.9,0.12,21.6,0.11,31.6,0.13,5.0,0.14,5.0,0.01,0.01,0.098009,1776397018000
1776397020.862,120.862,0.88,4.2,0.87,5.0,0.89,28.6,0.9,43.9,0.11,31.6,0.1,48.9,0.12,4.2,0.15,5.0,0.01,0.01,0.098022,1776397019000
1776397021.551,121.551,0.88,1.2,0.86,5.0,0.89,28.6,0.9,48.9,0.11,28.6,0.1,43.9,0.12,4.2,0.13,5.0,0.01,0.01,0.098021,1776397020000
1776397022.849,122.849,0.88,1.2,0.86,5.0,0.89,34.67,0.9,48.9,0.11,28.6,0.1,48.9,0.12,1.2,0.14,5.0,0.01,0.01,0.098017,1776397021000
1776397024.323,124.323,0.88,6.2,0.87,5.0,0.89,4.2,0.9,38.9,0.11,34.67,0.1,48.9,0.12,1.2,0.14,5.0,0.01,0.01,0.098012,1776397023000
1776397027.92,127.92,0.88,26.2,0.87,5.0,0.89,1.2,0.9,10.0,0.11,4.2,0.1,38.9,0.12,6.2,0.13,5.0,0.01,0.01,0.098021,1776397026000
1776397028.773,128.773,0.9,11.0,0.89,30.0,0.92,7.85,0.93,14.0,0.09,5.85,0.08,12.0,0.1,5.0,0.11,5.0,0.02,0.01,0.09802,1776397027000
1776397030.531,130.531,0.91,13.4,0.9,15.0,0.93,14.0,0.94,16.0,0.08,7.85,0.07,14.0,0.1,11.0,0.11,30.0,0.02,0.02,0.098087,1776397029000
1776397031.898,131.898,0.92,13.4,0.91,46.7,0.93,11.0,0.94,16.0,0.07,14.0,0.06,16.0,0.09,13.4,0.1,15.0,0.01,0.02,0.098088,1776397030000
1776397032.287,132.287,0.92,13.4,0.91,5.0,0.93,2.63,0.94,16.0,0.07,11.0,0.06,16.0,0.08,13.4,0.09,46.7,0.01,0.01,0.09809,1776397031000
1776397033.483,133.483,0.92,13.4,0.91,36.7,0.93,0.7,0.94,16.0,0.07,2.63,0.06,16.0,0.08,13.4,0.09,5.0,0.01,0.01,0.098088,1776397032000
1776397036.83,136.83,0.92,10.4,0.91,5.0,0.93,0.7,0.94,16.0,0.07,0.7,0.06,16.0,0.08,13.4,0.09,36.7,0.01,0.01,0.098089,1776397035000
1776397040.855,140.855,0.92,10.4,0.91,5.0,0.94,15.62,0.95,74.7,0.07,0.7,0.06,16.0,0.08,10.4,0.09,5.0,0.02,0.01,0.098081,1776397038000
1776397041.429,141.429,0.93,12.8,0.92,5.0,0.94,10.3,0.95,74.7,0.06,15.62,0.05,74.7,0.08,10.4,0.09,5.0,0.01,0.02,0.098075,1776397040000
1776397044.849,144.849,0.92,2.09,0.91,36.7,0.94,10.3,0.95,74.7,0.06,10.3,0.05,74.7,0.07,4.7,0.08,5.0,0.02,0.01,0.098074,1776397043000
1776397050.401,150.401,0.93,2.0,0.92,2.09,0.94,10.3,0.95,20.0,0.06,10.3,0.05,74.7,0.08,2.09,0.09,36.7,0.01,0.02,0.098093,1776397049000
1776397055.487,155.487,0.93,41.9,0.92,37.38,0.94,7.01,0.95,20.0,0.06,8.17,0.05,20.0,0.07,2.0,0.08,2.09,0.01,0.01,0.098083,1776397054000
1776397057.609,157.609,0.93,41.9,0.92,37.38,0.95,20.0,0.96,25.0,0.06,7.01,0.05,20.0,0.07,41.9,0.08,37.38,0.02,0.01,0.098091,1776397056000
1776397059.296,159.296,0.94,51.1,0.93,51.9,0.95,13.76,0.96,25.0,0.05,20.0,0.04,25.0,0.07,41.9,0.08,37.38,0.01,0.02,0.098095,1776397058000
1776397061.553,161.553,0.94,51.1,0.93,51.9,0.96,23.61,0.97,40.0,0.05,13.76,0.04,25.0,0.06,51.1,0.07,51.9,0.02,0.01,0.098126,1776397060000
1776397062.38,162.38,0.95,2.0,0.94,51.1,0.96,23.61,0.97,40.0,0.04,23.61,0.03,40.0,0.06,51.1,0.07,51.9,0.01,0.02,0.098136,1776397061000
1776397062.7,162.7,0.95,7.0,0.94,51.1,0.97,13.61,0.98,252.69,0.04,23.61,0.03,40.0,0.05,2.0,0.06,51.1,0.02,0.01,0.098136,1776397061000
1776397067.696,167.696,0.96,2.0,0.95,2.0,0.97,110.11,0.98,257.69,0.03,13.61,0.02,252.69,0.05,7.0,0.06,51.1,0.01,0.02,0.098113,1776397066000
1776397075.034,175.034,0.96,7.0,0.95,2.0,0.97,65.78,0.98,257.69,0.03,110.11,0.02,257.69,0.04,2.0,0.05,2.0,0.01,0.01,0.098103,1776397073000
1776397080.654,180.654,0.97,10.0,0.96,93.45,0.98,242.53,0.99,2972.6,0.03,65.78,0.02,257.69,0.04,7.0,0.05,2.0,0.01,0.01,0.098103,1776397079000
1776397081.649,181.649,0.97,2.0,0.96,25.75,0.98,242.53,0.99,2972.6,0.02,242.53,0.01,2972.6,0.03,10.0,0.04,93.45,0.01,0.01,0.098101,1776397080000
1776397082.53,182.53,0.97,2.0,0.96,25.75,0.98,170.05,0.99,2972.6,0.02,240.48,0.01,2972.6,0.03,2.0,0.04,25.75,0.01,0.01,0.098103,1776397081000
1776397085.418,185.418,0.97,2.0,0.96,25.75,0.98,164.94,0.99,2972.6,0.02,170.05,0.01,2972.6,0.03,2.0,0.04,25.75,0.01,0.01,0.098087,1776397084000
1776397091.193,191.193,0.96,22.75,0.95,2.0,0.97,94.3,0.98,164.94,0.02,164.94,0.01,2972.6,0.03,2.0,0.04,25.75,0.01,0.01,0.098084,1776397090000
1776397095.142,195.142,0.96,19.75,0.95,2.0,0.97,101.5,0.98,164.94,0.03,94.3,0.02,164.94,0.04,22.75,0.05,2.0,0.01,0.01,0.098058,1776397094000
1776397099.441,199.441,0.96,3.35,0.94,5.0,0.97,101.5,0.98,174.94,0.03,101.5,0.02,164.94,0.04,19.75,0.05,2.0,0.01,0.01,0.098029,1776397098000
1776397116.303,216.303,0.93,41.9,0.92,37.38,0.97,5.0,0.98,164.94,0.03,101.5,0.02,174.94,0.04,3.35,0.06,5.0,0.04,0.01,0.098022,1776397115000
1776397118.689,218.689,0.95,64.7,0.94,51.1,0.97,3.96,0.98,164.94,0.03,5.0,0.02,164.94,0.07,41.9,0.08,37.38,0.02,0.04,0.098036,1776397117000
1776397122.026,222.026,0.96,77.7,0.95,64.7,0.98,32.25,0.99,2972.6,0.03,3.96,0.02,164.94,0.05,64.7,0.06,51.1,0.02,0.02,0.098038,1776397120000
1776397132.521,232.521,0.97,99.3,0.96,77.7,0.98,26.22,0.99,2972.6,0.02,32.25,0.01,2972.6,0.04,77.7,0.05,64.7,0.01,0.02,0.098037,1776397131000
1776397133.704,233.704,0.97,99.3,0.96,77.7,0.98,25.19,0.99,2972.6,0.02,26.22,0.01,2972.6,0.03,99.3,0.04,77.7,0.01,0.01,0.098038,1776397132000
1776397134.755,234.755,0.97,99.3,0.96,77.7,0.98,24.16,0.99,2972.6,0.02,25.19,0.01,2972.6,0.03,99.3,0.04,77.7,0.01,0.01,0.098038,1776397133000
1776397141.539,241.539,0.97,10.0,0.96,77.7,0.98,19.16,0.99,2972.6,0.02,24.16,0.01,2972.6,0.03,99.3,0.04,77.7,0.01,0.01,0.098025,1776397140000
1776397142.562,242.562,0.97,2.0,0.96,10.0,0.98,55.0,0.99,2971.36,0.01,2971.36,,,0.03,10.0,0.04,77.7,0.01,0.02,0.098025,1776397141000
1776397150.786,250.786,0.96,2.0,0.95,5.0,0.98,187.69,0.99,2971.36,0.02,55.0,0.01,2971.36,0.03,2.0,0.04,10.0,0.02,0.01,0.098012,1776397149000
1776397152.552,252.552,0.96,2.0,0.95,5.0,0.98,91.69,0.99,2971.36,0.02,187.69,0.01,2971.36,0.04,2.0,0.05,5.0,0.02,0.02,0.098008,1776397151000
1776397154.586,254.586,0.97,5.0,0.96,2.0,0.98,85.66,0.99,2971.36,0.02,91.69,0.01,2971.36,0.04,2.0,0.05,5.0,0.01,0.02,0.098004,1776397152000
1776397155.003,255.003,0.95,4.0,0.94,5.0,0.97,128.3,0.98,90.66,0.02,85.66,0.01,2971.36,0.03,5.0,0.04,2.0,0.02,0.01,0.098004,1776397152000
1776397155.562,255.562,0.96,5.0,0.95,4.0,0.97,94.46,0.98,90.66,0.03,128.3,0.02,90.66,0.05,4.0,0.06,5.0,0.01,0.02,0.098001,1776397154000
1776397156.647,256.647,0.96,5.0,0.95,4.0,0.98,72.58,0.99,2971.36,0.03,94.46,0.02,90.66,0.04,5.0,0.05,4.0,0.02,0.01,0.097994,1776397155000
1776397157.997,257.997,0.97,5.0,0.96,72.7,0.98,66.46,0.99,2971.36,0.02,72.58,0.01,2971.36,0.04,5.0,0.05,4.0,0.01,0.02,0.097988,1776397156000
1776397164.594,264.594,0.97,5.0,0.96,72.7,0.99,441.05,,,0.02,66.46,0.01,2971.36,0.03,5.0,0.04,72.7,0.02,0.01,0.098018,1776397163000
1776397164.825,264.825,0.97,5.0,0.96,72.7,0.99,439.01,,,0.01,440.03,,,0.03,5.0,0.04,72.7,0.02,0.02,0.098018,1776397163000
1776397169.866,269.866,0.98,5.0,0.97,94.3,0.99,428.96,,,0.01,439.01,,,0.03,5.0,0.04,72.7,0.01,0.02,0.097998,1776397168000
1776397170.663,270.663,0.98,5.0,0.97,94.3,0.99,423.96,,,0.01,428.96,,,0.02,5.0,0.03,94.3,0.01,0.01,0.097999,1776397169000
1776397171.091,271.091,0.98,5.0,0.97,94.3,0.99,418.9,,,0.01,423.96,,,0.02,5.0,0.03,94.3,0.01,0.01,0.097999,1776397169000
1776397173.989,273.989,0.98,137.69,0.97,94.3,0.99,401.14,,,0.01,418.9,,,0.02,5.0,0.03,94.3,0.01,0.01,0.097996,1776397172000
1776397176.226,276.226,0.99,861.46,0.98,10.0,,,,,0.01,401.14,,,0.02,137.69,0.03,94.3,,0.01,0.097997,1776397175000
1776397176.562,276.562,0.99,866.46,0.98,10.0,,,,,,,,,0.01,861.46,0.02,10.0,,,0.097997,1776397175000

# RESULT,winner=Up,slug=doge-updown-5m-1776396900,ticks=85
