timestamp,elapsed_sec,up_bid_p1,up_bid_s1,up_bid_p2,up_bid_s2,up_ask_p1,up_ask_s1,up_ask_p2,up_ask_s2,down_bid_p1,down_bid_s1,down_bid_p2,down_bid_s2,down_ask_p1,down_ask_s1,down_ask_p2,down_ask_s2,up_spread,down_spread,doge_price,doge_oracle_ts
1776185101.286,1.286,,,,,,,,,,,,,,,,,,,0.095738,1776185100000
1776185101.608,1.608,0.49,6.0,0.48,6.0,0.51,6.0,0.52,6.0,0.49,6.0,0.48,6.0,0.51,6.0,0.52,6.0,0.02,0.02,0.095738,1776185100000
1776185102.109,2.109,0.49,6.0,0.48,6.0,0.51,6.0,0.52,6.0,0.49,6.0,0.48,6.0,0.51,6.0,0.52,6.0,0.02,0.02,0.095738,1776185100000
1776185103.345,3.345,0.49,6.0,0.48,6.0,0.51,1.0,0.52,6.0,0.49,6.0,0.48,6.0,0.51,6.0,0.52,6.0,0.02,0.02,0.095737,1776185101000
1776185103.738,3.738,0.49,6.0,0.48,6.0,0.51,1.0,0.52,6.0,0.49,1.0,0.48,6.0,0.51,6.0,0.52,6.0,0.02,0.02,0.095737,1776185102000
1776185104.372,4.372,0.49,6.0,0.48,6.0,0.51,1.0,0.52,6.0,0.49,1.0,0.48,6.0,0.51,6.0,0.52,6.0,0.02,0.02,0.095751,1776185103000
1776185105.068,5.068,0.49,6.0,0.48,6.0,0.51,1.0,0.52,6.0,0.49,1.0,0.48,6.0,0.51,6.0,0.52,6.0,0.02,0.02,0.09575,1776185104000
1776185106.561,6.561,0.49,6.0,0.48,6.0,0.51,1.0,0.52,6.0,0.49,1.0,0.48,6.0,0.51,6.0,0.52,6.0,0.02,0.02,0.095754,1776185105000
1776185106.86,6.86,0.51,49.0,0.49,6.0,0.52,6.0,0.58,5.0,0.49,1.0,0.48,6.0,0.51,6.0,0.52,6.0,0.01,0.02,0.095754,1776185105000
1776185107.165,7.165,0.51,49.0,0.49,6.0,0.58,5.0,0.59,5.0,0.42,5.0,0.41,5.0,0.49,49.0,0.51,6.0,0.07,0.07,0.095765,1776185106000
1776185108.33,8.33,0.53,4.36,0.51,49.0,0.64,5.0,0.65,5.0,0.42,5.0,0.41,5.0,0.49,49.0,0.51,6.0,0.11,0.07,0.095765,1776185106000
1776185108.688,8.688,0.53,4.36,0.51,49.0,0.64,5.0,0.65,5.0,0.36,5.0,0.35,5.0,0.47,4.36,0.49,49.0,0.11,0.11,0.09577,1776185107000
1776185109.288,9.288,0.52,5.0,0.51,49.0,0.64,5.0,0.65,5.0,0.36,5.0,0.35,5.0,0.47,4.36,0.49,49.0,0.12,0.11,0.09577,1776185107000
1776185109.873,9.873,0.52,5.0,0.51,49.0,0.64,5.0,0.65,5.0,0.36,5.0,0.35,5.0,0.48,5.0,0.49,49.0,0.12,0.12,0.095781,1776185108000
1776185110.491,10.491,0.52,5.0,0.51,49.0,0.64,5.0,0.65,5.0,0.36,5.0,0.35,5.0,0.48,5.0,0.49,49.0,0.12,0.12,0.095781,1776185109000
1776185110.961,10.961,0.52,5.0,0.51,49.0,0.64,5.0,0.65,5.0,0.36,5.0,0.35,5.0,0.48,5.0,0.49,49.0,0.12,0.12,0.095781,1776185110000
1776185111.485,11.485,0.51,49.0,0.5,5.0,0.63,5.0,0.68,10.0,0.36,5.0,0.35,5.0,0.48,5.0,0.49,49.0,0.12,0.12,0.095781,1776185110000
1776185112.15,12.15,0.51,49.0,0.5,5.0,0.63,5.0,0.68,10.0,0.37,5.0,0.32,10.0,0.49,49.0,0.5,5.0,0.12,0.12,0.095781,1776185111000
1776185113.588,13.588,0.51,49.0,0.5,5.0,0.63,5.0,0.68,10.0,0.37,5.0,0.32,10.0,0.49,49.0,0.5,5.0,0.12,0.12,0.095777,1776185112000
1776185114.176,14.176,0.51,49.0,0.5,5.0,0.63,5.0,0.68,10.0,0.37,5.0,0.32,10.0,0.49,49.0,0.5,5.0,0.12,0.12,0.095777,1776185113000
1776185115.249,15.249,0.51,49.0,0.5,5.0,0.63,5.0,0.68,10.0,0.37,5.0,0.32,10.0,0.49,49.0,0.5,5.0,0.12,0.12,0.095776,1776185114000
1776185116.851,16.851,0.51,49.0,0.5,5.0,0.63,5.0,0.68,10.0,0.37,5.0,0.32,10.0,0.49,49.0,0.5,5.0,0.12,0.12,0.095756,1776185115000
1776185117.389,17.389,0.51,49.0,0.5,5.0,0.63,5.0,0.68,10.0,0.37,5.0,0.32,10.0,0.49,49.0,0.5,5.0,0.12,0.12,0.095741,1776185116000
1776185118.138,18.138,0.51,49.0,0.5,5.0,0.63,5.0,0.68,10.0,0.37,5.0,0.32,10.0,0.49,49.0,0.5,5.0,0.12,0.12,0.095741,1776185117000
1776185119.162,19.162,0.51,49.0,0.5,5.0,0.63,5.0,0.68,10.0,0.37,5.0,0.32,10.0,0.49,49.0,0.5,5.0,0.12,0.12,0.095773,1776185118000
1776185120.346,20.346,0.51,49.0,0.5,5.0,0.63,5.0,0.68,10.0,0.37,5.0,0.32,10.0,0.49,49.0,0.5,5.0,0.12,0.12,0.095776,1776185119000
1776185121.031,21.031,0.51,49.0,0.5,5.0,0.63,5.0,0.68,10.0,0.37,5.0,0.32,10.0,0.49,49.0,0.5,5.0,0.12,0.12,0.095776,1776185120000
1776185122.031,22.031,0.51,49.0,0.5,5.0,0.63,5.0,0.68,10.0,0.37,5.0,0.32,10.0,0.49,49.0,0.5,5.0,0.12,0.12,0.095775,1776185121000
1776185123.098,23.098,0.51,49.0,0.5,5.0,0.63,5.0,0.68,10.0,0.37,5.0,0.32,10.0,0.49,49.0,0.5,5.0,0.12,0.12,0.095775,1776185122000
1776185124.311,24.311,0.51,49.0,0.5,5.0,0.63,5.0,0.68,10.0,0.37,5.0,0.32,10.0,0.49,49.0,0.5,5.0,0.12,0.12,0.095773,1776185123000
1776185125.152,25.152,0.53,5.29,0.49,11.0,0.61,1.8,0.68,25.0,0.37,5.0,0.32,10.0,0.49,49.0,0.5,5.0,0.08,0.12,0.095773,1776185123000
1776185125.776,25.776,0.53,5.29,0.49,11.0,0.61,1.8,0.68,25.0,0.39,1.8,0.32,25.0,0.47,5.29,0.51,11.0,0.08,0.08,0.095776,1776185124000
1776185125.985,25.985,0.53,5.29,0.51,5.0,0.63,5.0,0.68,25.0,0.39,1.8,0.32,25.0,0.47,5.29,0.51,11.0,0.1,0.08,0.095776,1776185124000
1776185126.351,26.351,0.53,5.29,0.51,5.0,0.63,5.0,0.68,25.0,0.37,5.0,0.32,25.0,0.47,5.29,0.49,5.0,0.1,0.1,0.095776,1776185125000
1776185127.411,27.411,0.53,5.29,0.51,5.0,0.63,5.0,0.68,25.0,0.37,5.0,0.32,25.0,0.47,5.29,0.49,5.0,0.1,0.1,0.095769,1776185126000
1776185127.964,27.964,0.51,5.0,0.5,5.0,0.63,5.55,0.68,25.0,0.37,5.55,0.32,25.0,0.49,5.0,0.5,5.0,0.12,0.12,0.095769,1776185127000
1776185128.548,28.548,0.52,5.0,0.5,5.0,0.68,25.0,0.7,10.0,0.37,5.55,0.32,25.0,0.49,5.0,0.5,5.0,0.16,0.12,0.095769,1776185127000
1776185128.955,28.955,0.52,5.0,0.5,5.0,0.68,25.0,0.7,10.0,0.32,25.0,0.3,10.0,0.48,5.0,0.5,5.0,0.16,0.16,0.095767,1776185128000
1776185129.691,29.691,0.49,6.0,0.48,11.0,0.61,5.73,0.63,20.0,0.32,25.0,0.3,10.0,0.48,5.0,0.5,5.0,0.12,0.16,0.095767,1776185128000
1776185130.051,30.051,0.49,6.0,0.48,11.0,0.61,5.73,0.63,20.0,0.39,5.73,0.37,20.0,0.51,6.0,0.52,11.0,0.12,0.12,0.095766,1776185129000
1776185130.883,30.883,0.49,6.0,0.48,11.0,0.61,5.73,0.63,20.0,0.39,5.73,0.37,20.0,0.51,6.0,0.52,11.0,0.12,0.12,0.095764,1776185130000
1776185131.085,31.085,0.49,6.0,0.48,11.0,0.6,0.08,0.61,5.73,0.39,5.73,0.37,20.0,0.51,6.0,0.52,11.0,0.11,0.12,0.095764,1776185130000
1776185131.946,31.946,0.49,6.0,0.48,11.0,0.6,0.08,0.61,5.73,0.4,0.08,0.39,5.73,0.51,6.0,0.52,11.0,0.11,0.11,0.095744,1776185131000
1776185132.311,32.311,0.49,6.0,0.48,11.0,0.61,0.89,0.63,20.0,0.4,0.08,0.39,5.73,0.51,6.0,0.52,11.0,0.12,0.11,0.095744,1776185131000
1776185133.332,33.332,0.49,6.0,0.48,11.0,0.63,20.0,0.64,10.0,0.39,0.89,0.37,20.0,0.51,6.0,0.52,11.0,0.14,0.12,0.095744,1776185131000
1776185134.06,34.06,0.49,6.0,0.48,11.0,0.63,20.0,0.64,10.0,0.37,20.0,0.36,10.0,0.51,6.0,0.52,11.0,0.14,0.14,0.095738,1776185133000
1776185134.602,34.602,0.49,6.0,0.48,11.0,0.59,7.0,0.61,60.0,0.37,20.0,0.36,10.0,0.51,6.0,0.52,11.0,0.1,0.14,0.095738,1776185133000
1776185134.97,34.97,0.49,6.0,0.48,11.0,0.59,7.0,0.61,60.0,0.41,7.0,0.39,60.0,0.51,6.0,0.52,11.0,0.1,0.1,0.095739,1776185134000
1776185135.885,35.885,0.49,6.0,0.48,11.0,0.59,2.0,0.61,60.0,0.41,7.0,0.39,60.0,0.51,6.0,0.52,11.0,0.1,0.1,0.095739,1776185134000
1776185136.103,36.103,0.49,6.0,0.48,11.0,0.59,2.0,0.61,60.0,0.41,2.0,0.39,60.0,0.51,6.0,0.52,11.0,0.1,0.1,0.095737,1776185135000
1776185137.108,37.108,0.49,6.0,0.48,11.0,0.59,2.0,0.61,60.0,0.41,2.0,0.39,60.0,0.51,6.0,0.52,11.0,0.1,0.1,0.095735,1776185136000
1776185138.295,38.295,0.49,6.0,0.48,11.0,0.61,60.0,0.63,10.0,0.39,60.0,0.37,10.0,0.51,6.0,0.52,11.0,0.12,0.12,0.095735,1776185137000
1776185139.348,39.348,0.49,3.05,0.48,11.0,0.59,10.0,0.6,20.0,0.39,55.0,0.37,10.0,0.51,6.0,0.52,11.0,0.1,0.12,0.095735,1776185137000
1776185139.984,39.984,0.49,3.05,0.48,11.0,0.59,10.0,0.6,20.0,0.41,10.0,0.4,20.0,0.51,3.05,0.52,11.0,0.1,0.1,0.095734,1776185139000
1776185140.261,40.261,0.49,3.05,0.48,11.0,0.59,5.0,0.6,10.0,0.41,10.0,0.4,20.0,0.51,3.05,0.52,11.0,0.1,0.1,0.095734,1776185139000
1776185141.125,41.125,0.49,3.05,0.48,11.0,0.59,5.0,0.6,10.0,0.41,5.0,0.4,10.0,0.51,3.05,0.52,11.0,0.1,0.1,0.095733,1776185140000
1776185142.111,42.111,0.49,3.05,0.48,11.0,0.59,5.0,0.6,10.0,0.41,5.0,0.4,10.0,0.51,3.05,0.52,11.0,0.1,0.1,0.095721,1776185141000
1776185143.285,43.285,0.49,3.05,0.48,11.0,0.59,5.0,0.6,10.0,0.41,5.0,0.4,10.0,0.51,3.05,0.52,11.0,0.1,0.1,0.095718,1776185142000
1776185144.378,44.378,0.49,3.05,0.48,11.0,0.59,5.0,0.6,10.0,0.41,5.0,0.4,10.0,0.51,3.05,0.52,11.0,0.1,0.1,0.095718,1776185143000
1776185144.915,44.915,0.49,3.05,0.48,6.0,0.55,11.0,0.58,10.0,0.45,11.0,0.42,10.0,0.51,3.05,0.52,6.0,0.06,0.06,0.095718,1776185144000
1776185145.983,45.983,0.49,3.05,0.48,6.0,0.55,11.0,0.58,10.0,0.45,11.0,0.42,10.0,0.51,3.05,0.52,6.0,0.06,0.06,0.095718,1776185145000
1776185146.322,46.322,0.48,5.87,0.42,5.0,0.6,12.0,0.61,65.0,0.45,11.0,0.42,10.0,0.51,3.05,0.52,6.0,0.12,0.06,0.095718,1776185145000
1776185147.034,47.034,0.48,5.87,0.42,5.0,0.6,12.0,0.61,65.0,0.4,12.0,0.39,65.0,0.52,5.87,0.58,5.0,0.12,0.12,0.095724,1776185146000
1776185148.067,48.067,0.48,5.87,0.42,5.0,0.6,12.0,0.61,65.0,0.4,12.0,0.39,65.0,0.52,5.87,0.58,5.0,0.12,0.12,0.095737,1776185147000
1776185149.147,49.147,0.48,5.87,0.42,5.0,0.6,12.0,0.61,65.0,0.4,12.0,0.39,65.0,0.52,5.87,0.58,5.0,0.12,0.12,0.095737,1776185148000
1776185150.209,50.209,0.48,5.87,0.42,5.0,0.6,12.0,0.61,65.0,0.4,12.0,0.39,65.0,0.52,5.87,0.58,5.0,0.12,0.12,0.095739,1776185149000
1776185151.362,51.362,0.48,5.87,0.42,5.0,0.6,12.0,0.61,65.0,0.4,12.0,0.39,65.0,0.52,5.87,0.58,5.0,0.12,0.12,0.095738,1776185150000
1776185152.339,52.339,0.48,5.87,0.42,5.0,0.6,12.0,0.61,65.0,0.4,12.0,0.39,65.0,0.52,5.87,0.58,5.0,0.12,0.12,0.095739,1776185151000
1776185153.171,53.171,0.48,5.87,0.42,5.0,0.6,12.0,0.61,65.0,0.4,12.0,0.39,65.0,0.52,5.87,0.58,5.0,0.12,0.12,0.095749,1776185152000
1776185154.27,54.27,0.48,5.87,0.42,5.0,0.6,12.0,0.61,65.0,0.4,12.0,0.39,65.0,0.52,5.87,0.58,5.0,0.12,0.12,0.095742,1776185153000
1776185155.279,55.279,0.48,5.87,0.42,5.0,0.6,12.0,0.61,65.0,0.4,12.0,0.39,65.0,0.52,5.87,0.58,5.0,0.12,0.12,0.095742,1776185154000
1776185156.293,56.293,0.48,5.87,0.42,5.0,0.6,12.0,0.61,65.0,0.4,12.0,0.39,65.0,0.52,5.87,0.58,5.0,0.12,0.12,0.095756,1776185155000
1776185157.368,57.368,0.48,5.87,0.42,5.0,0.6,12.0,0.61,65.0,0.4,12.0,0.39,65.0,0.52,5.87,0.58,5.0,0.12,0.12,0.095755,1776185156000
1776185158.258,58.258,0.48,5.87,0.42,5.0,0.6,12.0,0.61,65.0,0.4,12.0,0.39,65.0,0.52,5.87,0.58,5.0,0.12,0.12,0.095751,1776185157000
1776185159.394,59.394,0.48,5.87,0.42,5.0,0.6,12.0,0.61,65.0,0.4,12.0,0.39,65.0,0.52,5.87,0.58,5.0,0.12,0.12,0.095751,1776185158000
1776185160.248,60.248,0.48,5.87,0.42,5.0,0.6,12.0,0.61,65.0,0.4,12.0,0.39,65.0,0.52,5.87,0.58,5.0,0.12,0.12,0.09575,1776185159000
1776185161.316,61.316,0.48,5.87,0.42,5.0,0.6,12.0,0.61,65.0,0.4,12.0,0.39,65.0,0.52,5.87,0.58,5.0,0.12,0.12,0.095749,1776185160000
1776185162.026,62.026,0.48,5.87,0.39,22.0,0.61,97.9,0.62,11.0,0.4,12.0,0.39,65.0,0.52,5.87,0.58,5.0,0.13,0.12,0.095749,1776185160000
1776185162.254,62.254,0.48,5.87,0.39,22.0,0.61,97.9,0.62,11.0,0.39,97.9,0.38,11.0,0.52,5.87,0.61,22.0,0.13,0.13,0.095748,1776185161000
1776185163.061,63.061,0.48,0.87,0.4,5.0,0.51,50.0,0.54,17.0,0.39,97.9,0.38,11.0,0.52,5.87,0.61,22.0,0.03,0.13,0.095748,1776185161000
1776185163.328,63.328,0.48,0.87,0.4,5.0,0.51,50.0,0.54,17.0,0.49,50.0,0.46,17.0,0.52,0.87,0.6,5.0,0.03,0.03,0.095731,1776185162000
1776185164.284,64.284,0.48,0.87,0.4,5.0,0.51,50.0,0.54,17.0,0.49,50.0,0.46,17.0,0.52,0.87,0.6,5.0,0.03,0.03,0.095731,1776185163000
1776185164.498,64.498,0.35,19.0,0.33,16.8,0.49,6.0,0.51,50.0,0.49,50.0,0.46,17.0,0.52,0.87,0.6,5.0,0.14,0.03,0.095731,1776185163000
1776185165.299,65.299,0.35,19.0,0.33,16.8,0.49,6.0,0.51,50.0,0.51,6.0,0.49,50.0,0.65,19.0,0.67,16.8,0.14,0.14,0.095708,1776185164000
1776185166.794,66.794,0.35,19.0,0.33,16.8,0.49,6.0,0.51,50.0,0.51,6.0,0.49,50.0,0.65,19.0,0.67,16.8,0.14,0.14,0.095704,1776185165000
1776185167.305,67.305,0.35,19.0,0.33,16.8,0.49,6.0,0.51,50.0,0.51,6.0,0.49,50.0,0.65,19.0,0.67,16.8,0.14,0.14,0.095704,1776185166000
1776185168.472,68.472,0.35,19.0,0.33,16.8,0.49,6.0,0.51,50.0,0.51,6.0,0.49,50.0,0.65,19.0,0.67,16.8,0.14,0.14,0.095701,1776185167000
1776185169.159,69.159,0.35,19.0,0.33,16.8,0.49,6.0,0.51,50.0,0.51,6.0,0.49,50.0,0.65,19.0,0.67,16.8,0.14,0.14,0.095701,1776185168000
1776185170.178,70.178,0.35,19.0,0.33,16.8,0.49,6.0,0.51,50.0,0.51,6.0,0.49,50.0,0.65,19.0,0.67,16.8,0.14,0.14,0.095699,1776185169000
1776185171.298,71.298,0.35,19.0,0.33,16.8,0.49,6.0,0.51,50.0,0.51,6.0,0.49,50.0,0.65,19.0,0.67,16.8,0.14,0.14,0.095703,1776185170000
1776185171.914,71.914,0.35,19.0,0.33,16.8,0.49,6.0,0.51,50.0,0.51,6.0,0.49,50.0,0.65,19.0,0.67,16.8,0.14,0.14,0.095716,1776185171000
1776185173.329,73.329,0.35,19.0,0.33,16.8,0.49,6.0,0.51,50.0,0.51,6.0,0.49,50.0,0.65,19.0,0.67,16.8,0.14,0.14,0.095716,1776185172000
1776185174.423,74.423,0.35,19.0,0.33,16.8,0.49,6.0,0.51,50.0,0.51,6.0,0.49,50.0,0.65,19.0,0.67,16.8,0.14,0.14,0.095722,1776185173000
1776185175.014,75.014,0.35,19.0,0.33,16.8,0.49,6.0,0.51,50.0,0.51,6.0,0.49,50.0,0.65,19.0,0.67,16.8,0.14,0.14,0.095719,1776185174000
1776185176.355,76.355,0.35,19.0,0.33,16.8,0.49,6.0,0.51,50.0,0.51,6.0,0.49,50.0,0.65,19.0,0.67,16.8,0.14,0.14,0.095719,1776185175000
1776185177.51,77.51,0.35,19.0,0.33,16.8,0.49,6.0,0.51,50.0,0.51,6.0,0.49,50.0,0.65,19.0,0.67,16.8,0.14,0.14,0.095735,1776185176000
1776185177.736,77.736,0.48,5.0,0.47,5.0,0.49,1.0,0.54,7.0,0.51,6.0,0.49,50.0,0.65,19.0,0.67,16.8,0.01,0.14,0.095735,1776185176000
1776185178.33,78.33,0.48,26.0,0.47,5.0,0.54,7.0,0.55,5.0,0.46,7.0,0.45,5.0,0.52,26.0,0.53,5.0,0.06,0.06,0.095744,1776185177000
1776185179.612,79.612,0.48,26.0,0.47,5.0,0.54,7.0,0.55,5.0,0.46,7.0,0.45,5.0,0.52,26.0,0.53,5.0,0.06,0.06,0.095741,1776185178000
1776185180.088,80.088,0.48,26.0,0.47,5.0,0.54,7.0,0.55,5.0,0.46,7.0,0.45,5.0,0.52,26.0,0.53,5.0,0.06,0.06,0.095769,1776185179000
1776185181.548,81.548,0.48,26.0,0.47,5.0,0.54,7.0,0.55,5.0,0.46,7.0,0.45,5.0,0.52,26.0,0.53,5.0,0.06,0.06,0.095772,1776185180000
1776185182.639,82.639,0.52,5.0,0.5,25.0,0.54,2.0,0.55,5.0,0.46,7.0,0.45,5.0,0.52,26.0,0.53,5.0,0.02,0.06,0.095772,1776185180000
1776185182.92,82.92,0.52,5.0,0.5,25.0,0.54,2.0,0.55,5.0,0.46,2.0,0.45,5.0,0.48,5.0,0.5,25.0,0.02,0.02,0.09577,1776185181000
1776185183.581,83.581,0.52,5.0,0.5,25.0,0.54,2.0,0.55,5.0,0.46,2.0,0.45,5.0,0.48,5.0,0.5,25.0,0.02,0.02,0.09577,1776185182000
1776185184.151,84.151,0.52,5.0,0.5,25.0,0.54,2.0,0.55,5.0,0.46,2.0,0.45,5.0,0.48,5.0,0.5,25.0,0.02,0.02,0.095768,1776185183000
1776185185.335,85.335,0.52,5.0,0.5,25.0,0.54,2.0,0.55,5.0,0.46,2.0,0.45,5.0,0.48,5.0,0.5,25.0,0.02,0.02,0.095767,1776185184000
1776185186.446,86.446,0.52,5.0,0.5,25.0,0.54,2.0,0.55,5.0,0.46,2.0,0.45,5.0,0.48,5.0,0.5,25.0,0.02,0.02,0.095767,1776185185000
1776185187.055,87.055,0.52,5.0,0.5,25.0,0.54,2.0,0.55,5.0,0.46,2.0,0.45,5.0,0.48,5.0,0.5,25.0,0.02,0.02,0.095766,1776185186000
1776185188.282,88.282,0.52,5.0,0.5,25.0,0.54,2.0,0.55,5.0,0.46,2.0,0.45,5.0,0.48,5.0,0.5,25.0,0.02,0.02,0.095761,1776185187000
1776185189.238,89.238,0.51,9.0,0.5,5.0,0.55,2.0,0.61,10.0,0.46,2.0,0.45,5.0,0.48,5.0,0.5,25.0,0.04,0.02,0.095761,1776185187000
1776185189.902,89.902,0.51,9.0,0.5,5.0,0.55,2.0,0.61,10.0,0.45,2.0,0.39,10.0,0.49,9.0,0.5,5.0,0.04,0.04,0.095761,1776185189000
1776185191.113,91.113,0.51,9.0,0.5,5.0,0.55,2.0,0.61,10.0,0.45,2.0,0.39,10.0,0.49,9.0,0.5,5.0,0.04,0.04,0.095761,1776185190000
1776185192.276,92.276,0.51,9.0,0.5,5.0,0.55,2.0,0.61,10.0,0.45,2.0,0.39,10.0,0.49,9.0,0.5,5.0,0.04,0.04,0.095768,1776185191000
1776185193.377,93.377,0.51,9.0,0.5,5.0,0.55,2.0,0.61,10.0,0.45,2.0,0.39,10.0,0.49,9.0,0.5,5.0,0.04,0.04,0.095767,1776185192000
1776185193.967,93.967,0.51,9.0,0.5,5.0,0.55,2.0,0.61,10.0,0.45,2.0,0.39,10.0,0.49,9.0,0.5,5.0,0.04,0.04,0.095767,1776185193000
1776185195.173,95.173,0.51,9.0,0.5,5.0,0.55,2.0,0.61,10.0,0.45,2.0,0.39,10.0,0.49,9.0,0.5,5.0,0.04,0.04,0.095767,1776185194000
1776185196.309,96.309,0.54,19.0,0.53,10.4,0.69,12.2,0.7,12.4,0.31,12.2,0.3,12.4,0.46,19.0,0.47,10.4,0.15,0.15,0.095768,1776185195000
1776185196.865,96.865,0.54,19.0,0.53,10.4,0.69,12.2,0.7,12.4,0.31,12.2,0.3,12.4,0.46,19.0,0.47,10.4,0.15,0.15,0.095771,1776185196000
1776185197.948,97.948,0.54,19.0,0.53,10.4,0.69,12.2,0.7,12.4,0.31,12.2,0.3,12.4,0.46,19.0,0.47,10.4,0.15,0.15,0.09577,1776185197000
1776185199.408,99.408,0.54,19.0,0.53,10.4,0.69,12.2,0.7,12.4,0.31,12.2,0.3,12.4,0.46,19.0,0.47,10.4,0.15,0.15,0.095757,1776185198000
1776185200.658,100.658,0.54,19.0,0.53,10.4,0.69,12.2,0.7,12.4,0.31,12.2,0.3,12.4,0.46,19.0,0.47,10.4,0.15,0.15,0.095757,1776185199000
1776185201.24,101.24,0.54,19.0,0.53,10.4,0.69,12.2,0.7,12.4,0.31,12.2,0.3,12.4,0.46,19.0,0.47,10.4,0.15,0.15,0.095754,1776185200000
1776185202.559,102.559,0.54,19.0,0.53,10.4,0.69,12.2,0.7,12.4,0.31,12.2,0.3,12.4,0.46,19.0,0.47,10.4,0.15,0.15,0.09575,1776185201000
1776185203.174,103.174,0.54,19.0,0.53,10.4,0.69,12.2,0.7,12.4,0.31,12.2,0.3,12.4,0.46,19.0,0.47,10.4,0.15,0.15,0.095747,1776185202000
1776185203.98,103.98,0.54,4.56,0.44,5.0,0.57,10.6,0.58,10.7,0.31,12.2,0.3,12.4,0.46,19.0,0.47,10.4,0.03,0.15,0.095747,1776185202000
1776185204.498,104.498,0.54,4.56,0.44,5.0,0.57,10.6,0.58,10.7,0.43,10.6,0.42,10.7,0.46,4.56,0.56,5.0,0.03,0.03,0.095739,1776185203000
1776185205.189,105.189,0.37,10.0,0.36,15.0,0.56,10.6,0.57,10.6,0.44,10.6,0.43,10.6,0.63,10.0,0.64,15.0,0.19,0.19,0.095739,1776185204000
1776185206.356,106.356,0.37,10.0,0.36,15.0,0.56,10.6,0.57,10.6,0.44,10.6,0.43,10.6,0.63,10.0,0.64,15.0,0.19,0.19,0.095734,1776185205000
1776185207.04,107.04,0.37,10.0,0.36,15.0,0.56,10.6,0.57,10.6,0.44,10.6,0.43,10.6,0.63,10.0,0.64,15.0,0.19,0.19,0.095725,1776185206000
1776185208.433,108.433,0.37,10.0,0.36,15.0,0.56,10.6,0.57,10.6,0.44,10.6,0.43,10.6,0.63,10.0,0.64,15.0,0.19,0.19,0.095719,1776185207000
1776185209.021,109.021,0.37,10.0,0.36,15.0,0.56,10.6,0.57,10.6,0.44,10.6,0.43,10.6,0.63,10.0,0.64,15.0,0.19,0.19,0.095718,1776185208000
1776185210.27,110.27,0.37,10.0,0.36,15.0,0.56,10.6,0.57,10.6,0.44,10.6,0.43,10.6,0.63,10.0,0.64,15.0,0.19,0.19,0.095713,1776185209000
1776185211.514,111.514,0.37,10.0,0.36,15.0,0.56,10.6,0.57,10.6,0.44,10.6,0.43,10.6,0.63,10.0,0.64,15.0,0.19,0.19,0.095713,1776185210000
1776185212.237,112.237,0.37,10.0,0.36,15.0,0.56,10.6,0.57,10.6,0.44,10.6,0.43,10.6,0.63,10.0,0.64,15.0,0.19,0.19,0.095714,1776185211000
1776185214.243,114.243,0.37,10.0,0.36,15.0,0.56,10.6,0.57,10.6,0.44,10.6,0.43,10.6,0.63,10.0,0.64,15.0,0.19,0.19,0.095716,1776185212000
1776185214.638,114.638,0.37,10.0,0.36,15.0,0.56,10.6,0.57,10.6,0.44,10.6,0.43,10.6,0.63,10.0,0.64,15.0,0.19,0.19,0.095714,1776185213000
1776185215.903,115.903,0.37,10.0,0.36,15.0,0.56,10.6,0.57,10.6,0.44,10.6,0.43,10.6,0.63,10.0,0.64,15.0,0.19,0.19,0.095711,1776185214000
1776185216.623,116.623,0.37,10.0,0.36,15.0,0.56,10.6,0.57,10.6,0.44,10.6,0.43,10.6,0.63,10.0,0.64,15.0,0.19,0.19,0.095712,1776185215000
1776185217.186,117.186,0.37,10.0,0.36,15.0,0.56,10.6,0.57,10.6,0.44,10.6,0.43,10.6,0.63,10.0,0.64,15.0,0.19,0.19,0.095716,1776185216000
1776185218.817,118.817,0.37,10.0,0.36,15.0,0.56,10.6,0.57,10.6,0.44,10.6,0.43,10.6,0.63,10.0,0.64,15.0,0.19,0.19,0.095717,1776185217000
1776185219.585,119.585,0.37,10.0,0.36,15.0,0.56,10.6,0.57,10.6,0.44,10.6,0.43,10.6,0.63,10.0,0.64,15.0,0.19,0.19,0.095741,1776185218000
1776185220.147,120.147,0.37,10.0,0.36,15.0,0.56,10.6,0.57,10.6,0.44,10.6,0.43,10.6,0.63,10.0,0.64,15.0,0.19,0.19,0.095741,1776185219000
1776185221.104,121.104,0.37,10.0,0.36,15.0,0.56,10.6,0.57,10.6,0.44,10.6,0.43,10.6,0.63,10.0,0.64,15.0,0.19,0.19,0.095747,1776185220000
1776185222.586,122.586,0.37,10.0,0.36,15.0,0.56,10.6,0.57,10.6,0.44,10.6,0.43,10.6,0.63,10.0,0.64,15.0,0.19,0.19,0.095748,1776185221000
1776185223.374,123.374,0.37,10.0,0.36,15.0,0.56,10.6,0.57,10.6,0.44,10.6,0.43,10.6,0.63,10.0,0.64,15.0,0.19,0.19,0.095748,1776185222000
1776185224.093,124.093,0.37,10.0,0.36,15.0,0.56,10.6,0.57,10.6,0.44,10.6,0.43,10.6,0.63,10.0,0.64,15.0,0.19,0.19,0.095747,1776185223000
1776185225.588,125.588,0.37,10.0,0.36,15.0,0.56,10.6,0.57,10.6,0.44,10.6,0.43,10.6,0.63,10.0,0.64,15.0,0.19,0.19,0.095746,1776185224000
1776185226.149,126.149,0.43,5.2,0.42,10.7,0.56,10.0,0.6,10.8,0.44,10.6,0.43,10.6,0.63,10.0,0.64,15.0,0.13,0.19,0.095746,1776185224000
1776185227.641,127.641,0.43,5.2,0.42,10.7,0.56,10.0,0.6,10.8,0.44,10.0,0.4,10.8,0.57,5.2,0.58,10.7,0.13,0.13,0.095749,1776185226000
1776185228.334,128.334,0.43,5.2,0.42,10.7,0.56,10.0,0.6,10.8,0.44,10.0,0.4,10.8,0.57,5.2,0.58,10.7,0.13,0.13,0.095749,1776185227000
1776185229.62,129.62,0.43,5.2,0.42,10.7,0.56,10.0,0.6,10.8,0.44,10.0,0.4,10.8,0.57,5.2,0.58,10.7,0.13,0.13,0.095748,1776185228000
1776185230.368,130.368,0.43,5.2,0.42,10.7,0.56,10.0,0.6,10.8,0.44,10.0,0.4,10.8,0.57,5.2,0.58,10.7,0.13,0.13,0.095748,1776185229000
1776185231.659,131.659,0.43,5.2,0.42,10.7,0.56,10.0,0.6,10.8,0.44,10.0,0.4,10.8,0.57,5.2,0.58,10.7,0.13,0.13,0.095731,1776185230000
1776185232.488,132.488,0.43,5.2,0.42,10.7,0.56,10.0,0.6,10.8,0.44,10.0,0.4,10.8,0.57,5.2,0.58,10.7,0.13,0.13,0.095729,1776185231000
1776185233.316,133.316,0.43,5.2,0.42,10.7,0.56,10.0,0.6,10.8,0.44,10.0,0.4,10.8,0.57,5.2,0.58,10.7,0.13,0.13,0.095712,1776185232000
1776185234.372,134.372,0.43,5.2,0.42,10.7,0.56,10.0,0.6,10.8,0.44,10.0,0.4,10.8,0.57,5.2,0.58,10.7,0.13,0.13,0.095714,1776185233000
1776185234.979,134.979,0.43,5.2,0.42,10.7,0.56,10.0,0.6,10.8,0.44,10.0,0.4,10.8,0.57,5.2,0.58,10.7,0.13,0.13,0.095714,1776185234000
1776185236.105,136.105,0.43,5.2,0.42,10.7,0.56,10.0,0.6,10.8,0.44,10.0,0.4,10.8,0.57,5.2,0.58,10.7,0.13,0.13,0.095715,1776185235000
1776185237.124,137.124,0.43,5.2,0.42,10.7,0.56,10.0,0.6,10.8,0.44,10.0,0.4,10.8,0.57,5.2,0.58,10.7,0.13,0.13,0.095728,1776185236000
1776185238.264,138.264,0.43,5.2,0.42,10.7,0.56,10.0,0.6,10.8,0.44,10.0,0.4,10.8,0.57,5.2,0.58,10.7,0.13,0.13,0.09573,1776185237000
1776185239.274,139.274,0.43,5.2,0.42,10.7,0.56,10.0,0.6,10.8,0.44,10.0,0.4,10.8,0.57,5.2,0.58,10.7,0.13,0.13,0.095726,1776185238000
1776185240.31,140.31,0.43,5.2,0.42,10.7,0.56,10.0,0.6,10.8,0.44,10.0,0.4,10.8,0.57,5.2,0.58,10.7,0.13,0.13,0.095738,1776185239000
1776185241.34,141.34,0.43,5.2,0.42,10.7,0.56,10.0,0.6,10.8,0.44,10.0,0.4,10.8,0.57,5.2,0.58,10.7,0.13,0.13,0.09574,1776185240000
1776185241.888,141.888,0.43,5.2,0.42,10.7,0.56,10.0,0.6,10.8,0.44,10.0,0.4,10.8,0.57,5.2,0.58,10.7,0.13,0.13,0.095748,1776185241000
1776185242.968,142.968,0.43,5.2,0.42,10.7,0.56,10.0,0.6,10.8,0.44,10.0,0.4,10.8,0.57,5.2,0.58,10.7,0.13,0.13,0.095747,1776185242000
1776185243.975,143.975,0.43,5.2,0.42,10.7,0.56,10.0,0.6,10.8,0.44,10.0,0.4,10.8,0.57,5.2,0.58,10.7,0.13,0.13,0.095746,1776185243000
1776185245.026,145.026,0.43,5.2,0.42,10.7,0.56,10.0,0.6,10.8,0.44,10.0,0.4,10.8,0.57,5.2,0.58,10.7,0.13,0.13,0.095745,1776185244000
1776185246.165,146.165,0.43,5.2,0.42,10.7,0.56,10.0,0.6,10.8,0.44,10.0,0.4,10.8,0.57,5.2,0.58,10.7,0.13,0.13,0.095743,1776185245000
1776185247.224,147.224,0.43,5.2,0.42,10.7,0.56,10.0,0.6,10.8,0.44,10.0,0.4,10.8,0.57,5.2,0.58,10.7,0.13,0.13,0.095744,1776185246000
1776185248.324,148.324,0.43,5.2,0.42,10.7,0.56,10.0,0.6,10.8,0.44,10.0,0.4,10.8,0.57,5.2,0.58,10.7,0.13,0.13,0.095743,1776185247000
1776185249.337,149.337,0.43,5.2,0.42,10.7,0.56,10.0,0.6,10.8,0.44,10.0,0.4,10.8,0.57,5.2,0.58,10.7,0.13,0.13,0.095743,1776185248000
1776185250.34,150.34,0.43,5.2,0.42,10.7,0.56,10.0,0.6,10.8,0.44,10.0,0.4,10.8,0.57,5.2,0.58,10.7,0.13,0.13,0.095745,1776185249000
1776185251.381,151.381,0.43,5.2,0.42,10.7,0.56,10.0,0.6,10.8,0.44,10.0,0.4,10.8,0.57,5.2,0.58,10.7,0.13,0.13,0.095736,1776185250000
1776185252.268,152.268,0.43,5.2,0.42,10.7,0.56,10.0,0.6,10.8,0.44,10.0,0.4,10.8,0.57,5.2,0.58,10.7,0.13,0.13,0.09574,1776185251000
1776185253.315,153.315,0.43,5.2,0.42,10.7,0.56,10.0,0.6,10.8,0.44,10.0,0.4,10.8,0.57,5.2,0.58,10.7,0.13,0.13,0.09574,1776185252000
1776185254.307,154.307,0.43,5.2,0.42,10.7,0.56,10.0,0.6,10.8,0.44,10.0,0.4,10.8,0.57,5.2,0.58,10.7,0.13,0.13,0.095738,1776185253000
1776185255.365,155.365,0.43,5.2,0.42,10.7,0.56,10.0,0.6,10.8,0.44,10.0,0.4,10.8,0.57,5.2,0.58,10.7,0.13,0.13,0.095737,1776185254000
1776185256.258,156.258,0.43,5.2,0.42,10.7,0.56,10.0,0.6,10.8,0.44,10.0,0.4,10.8,0.57,5.2,0.58,10.7,0.13,0.13,0.095733,1776185255000
1776185257.262,157.262,0.43,5.2,0.42,10.7,0.56,10.0,0.6,10.8,0.44,10.0,0.4,10.8,0.57,5.2,0.58,10.7,0.13,0.13,0.095718,1776185256000
1776185258.317,158.317,0.43,5.2,0.42,10.7,0.56,10.0,0.6,10.8,0.44,10.0,0.4,10.8,0.57,5.2,0.58,10.7,0.13,0.13,0.095715,1776185257000
1776185258.735,158.735,0.32,11.9,0.31,12.2,0.48,5.0,0.49,10.4,0.44,10.0,0.4,10.8,0.57,5.2,0.58,10.7,0.16,0.13,0.095715,1776185257000
1776185259.397,159.397,0.32,11.9,0.31,12.2,0.48,5.0,0.49,10.4,0.52,5.0,0.51,10.4,0.68,11.9,0.69,12.2,0.16,0.16,0.095716,1776185258000
1776185260.584,160.584,0.32,11.9,0.31,12.2,0.48,5.0,0.49,10.4,0.52,5.0,0.51,10.4,0.68,11.9,0.69,12.2,0.16,0.16,0.095715,1776185259000
1776185261.152,161.152,0.32,11.9,0.31,12.2,0.48,5.0,0.49,10.4,0.52,5.0,0.51,10.4,0.68,11.9,0.69,12.2,0.16,0.16,0.095715,1776185260000
1776185262.141,162.141,0.32,11.9,0.31,12.2,0.48,5.0,0.49,10.4,0.52,5.0,0.51,10.4,0.68,11.9,0.69,12.2,0.16,0.16,0.095715,1776185261000
1776185263.138,163.138,0.32,11.9,0.31,12.2,0.48,5.0,0.49,10.4,0.52,5.0,0.51,10.4,0.68,11.9,0.69,12.2,0.16,0.16,0.095714,1776185262000
1776185264.079,164.079,0.32,11.9,0.31,12.2,0.48,5.0,0.49,10.4,0.52,5.0,0.51,10.4,0.68,11.9,0.69,12.2,0.16,0.16,0.095714,1776185263000
1776185265.283,165.283,0.32,11.9,0.31,12.2,0.48,5.0,0.49,10.4,0.52,5.0,0.51,10.4,0.68,11.9,0.69,12.2,0.16,0.16,0.095716,1776185264000
1776185266.512,166.512,0.32,11.9,0.31,12.2,0.48,5.0,0.49,10.4,0.52,5.0,0.51,10.4,0.68,11.9,0.69,12.2,0.16,0.16,0.095715,1776185265000
1776185266.95,166.95,0.32,11.9,0.31,12.2,0.48,5.0,0.49,10.4,0.52,5.0,0.51,10.4,0.68,11.9,0.69,12.2,0.16,0.16,0.095715,1776185266000
1776185268.082,168.082,0.32,11.9,0.31,12.2,0.48,5.0,0.49,10.4,0.52,5.0,0.51,10.4,0.68,11.9,0.69,12.2,0.16,0.16,0.095711,1776185267000
1776185269.261,169.261,0.32,11.9,0.31,12.2,0.48,5.0,0.49,10.4,0.52,5.0,0.51,10.4,0.68,11.9,0.69,12.2,0.16,0.16,0.095703,1776185268000
1776185270.333,170.333,0.32,11.9,0.31,12.2,0.48,5.0,0.49,10.4,0.52,5.0,0.51,10.4,0.68,11.9,0.69,12.2,0.16,0.16,0.095698,1776185269000
1776185270.925,170.925,0.32,11.9,0.31,12.2,0.48,5.0,0.49,10.4,0.52,5.0,0.51,10.4,0.68,11.9,0.69,12.2,0.16,0.16,0.0957,1776185270000
1776185272.164,172.164,0.32,11.9,0.31,12.2,0.48,5.0,0.49,10.4,0.52,5.0,0.51,10.4,0.68,11.9,0.69,12.2,0.16,0.16,0.095698,1776185271000
1776185273.395,173.395,0.32,11.9,0.31,12.2,0.48,5.0,0.49,10.4,0.52,5.0,0.51,10.4,0.68,11.9,0.69,12.2,0.16,0.16,0.095692,1776185272000
1776185273.851,173.851,0.32,11.9,0.31,12.2,0.48,5.0,0.49,10.4,0.52,5.0,0.51,10.4,0.68,11.9,0.69,12.2,0.16,0.16,0.095692,1776185273000
1776185275.486,175.486,0.32,11.9,0.31,12.2,0.48,5.0,0.49,10.4,0.52,5.0,0.51,10.4,0.68,11.9,0.69,12.2,0.16,0.16,0.095689,1776185274000
1776185276.104,176.104,0.32,11.9,0.31,12.2,0.48,5.0,0.49,10.4,0.52,5.0,0.51,10.4,0.68,11.9,0.69,12.2,0.16,0.16,0.095689,1776185275000
1776185277.21,177.21,0.32,11.9,0.31,12.2,0.48,5.0,0.49,10.4,0.52,5.0,0.51,10.4,0.68,11.9,0.69,12.2,0.16,0.16,0.095688,1776185276000
1776185278.324,178.324,0.32,11.9,0.31,12.2,0.48,5.0,0.49,10.4,0.52,5.0,0.51,10.4,0.68,11.9,0.69,12.2,0.16,0.16,0.095687,1776185277000
1776185279.471,179.471,0.32,11.9,0.31,12.2,0.48,5.0,0.49,10.4,0.52,5.0,0.51,10.4,0.68,11.9,0.69,12.2,0.16,0.16,0.095687,1776185278000
1776185280.047,180.047,0.32,11.9,0.31,12.2,0.48,5.0,0.49,10.4,0.52,5.0,0.51,10.4,0.68,11.9,0.69,12.2,0.16,0.16,0.095687,1776185279000
1776185281.128,181.128,0.32,11.9,0.31,12.2,0.48,5.0,0.49,10.4,0.52,5.0,0.51,10.4,0.68,11.9,0.69,12.2,0.16,0.16,0.09569,1776185280000
1776185282.313,182.313,0.32,11.9,0.31,12.2,0.48,5.0,0.49,10.4,0.52,5.0,0.51,10.4,0.68,11.9,0.69,12.2,0.16,0.16,0.095691,1776185281000
1776185283.471,183.471,0.32,11.9,0.31,12.2,0.48,5.0,0.49,10.4,0.52,5.0,0.51,10.4,0.68,11.9,0.69,12.2,0.16,0.16,0.095691,1776185282000
1776185283.942,183.942,0.32,11.9,0.31,12.2,0.48,5.0,0.49,10.4,0.52,5.0,0.51,10.4,0.68,11.9,0.69,12.2,0.16,0.16,0.095691,1776185283000
1776185285.166,185.166,0.27,5.0,0.26,5.0,0.36,2.22,0.37,11.2,0.64,2.22,0.63,11.2,0.73,5.0,0.74,5.0,0.09,0.09,0.095691,1776185284000
1776185285.405,185.405,0.35,5.0,0.32,12.0,0.39,8.0,0.5,13.0,0.64,2.22,0.63,11.2,0.73,5.0,0.74,5.0,0.04,0.09,0.095691,1776185284000
1776185286.196,186.196,0.35,5.0,0.32,12.0,0.39,8.0,0.5,13.0,0.61,8.0,0.5,13.0,0.65,5.0,0.68,12.0,0.04,0.04,0.09569,1776185285000
1776185287.359,187.359,0.35,5.0,0.32,12.0,0.39,8.0,0.5,13.0,0.61,8.0,0.5,13.0,0.65,5.0,0.68,12.0,0.04,0.04,0.095722,1776185286000
1776185288.356,188.356,0.35,5.0,0.32,12.0,0.39,8.0,0.5,13.0,0.61,8.0,0.5,13.0,0.65,5.0,0.68,12.0,0.04,0.04,0.095726,1776185287000
1776185289.475,189.475,0.35,5.0,0.32,12.0,0.39,8.0,0.5,13.0,0.61,8.0,0.5,13.0,0.65,5.0,0.68,12.0,0.04,0.04,0.095731,1776185288000
1776185289.951,189.951,0.35,5.0,0.32,12.0,0.39,8.0,0.5,13.0,0.61,8.0,0.5,13.0,0.65,5.0,0.68,12.0,0.04,0.04,0.09573,1776185289000
1776185291.029,191.029,0.35,5.0,0.32,12.0,0.39,8.0,0.5,13.0,0.61,8.0,0.5,13.0,0.65,5.0,0.68,12.0,0.04,0.04,0.095731,1776185290000
1776185292.121,192.121,0.35,5.0,0.32,12.0,0.39,8.0,0.5,13.0,0.61,8.0,0.5,13.0,0.65,5.0,0.68,12.0,0.04,0.04,0.095732,1776185291000
1776185293.135,193.135,0.35,5.0,0.32,12.0,0.39,8.0,0.5,13.0,0.61,8.0,0.5,13.0,0.65,5.0,0.68,12.0,0.04,0.04,0.095736,1776185292000
1776185294.239,194.239,0.35,5.0,0.32,12.0,0.39,8.0,0.5,13.0,0.61,8.0,0.5,13.0,0.65,5.0,0.68,12.0,0.04,0.04,0.09573,1776185293000
1776185294.914,194.914,0.41,79.0,0.39,10.9,0.43,1.58,0.5,13.0,0.57,5.0,0.5,13.0,0.59,50.0,0.61,10.9,0.02,0.02,0.09573,1776185293000
1776185295.217,195.217,0.41,79.0,0.4,10.8,0.5,13.0,0.62,5.0,0.5,13.0,0.38,5.0,0.59,79.0,0.6,10.8,0.09,0.09,0.09573,1776185294000
1776185296.228,196.228,0.41,27.91,0.4,10.8,0.42,6.09,0.5,13.0,0.5,13.0,0.38,5.0,0.59,79.0,0.6,10.8,0.01,0.09,0.09573,1776185294000
1776185297.267,197.267,0.41,27.91,0.4,10.8,0.42,6.09,0.5,13.0,0.58,6.09,0.5,13.0,0.59,27.91,0.6,10.8,0.01,0.01,0.095747,1776185296000
1776185298.396,198.396,0.41,27.91,0.4,10.8,0.42,6.09,0.5,13.0,0.58,6.09,0.5,13.0,0.59,27.91,0.6,10.8,0.01,0.01,0.095736,1776185297000
1776185299.404,199.404,0.41,27.91,0.4,10.8,0.42,6.09,0.5,13.0,0.58,6.09,0.5,13.0,0.59,27.91,0.6,10.8,0.01,0.01,0.095735,1776185298000
1776185299.975,199.975,0.41,27.91,0.4,10.8,0.42,6.09,0.5,13.0,0.58,6.09,0.5,13.0,0.59,27.91,0.6,10.8,0.01,0.01,0.095735,1776185299000
1776185301.037,201.037,0.41,27.91,0.4,10.8,0.42,6.09,0.5,13.0,0.58,6.09,0.5,13.0,0.59,27.91,0.6,10.8,0.01,0.01,0.09573,1776185300000
1776185302.088,202.088,0.41,27.91,0.4,10.8,0.42,6.09,0.5,13.0,0.58,6.09,0.5,13.0,0.59,27.91,0.6,10.8,0.01,0.01,0.095738,1776185301000
1776185302.325,202.325,0.41,22.91,0.38,16.0,0.5,13.0,0.59,10.7,0.58,6.09,0.5,13.0,0.59,27.91,0.6,10.8,0.09,0.01,0.095738,1776185301000
1776185303.161,203.161,0.41,22.91,0.38,16.0,0.5,13.0,0.59,10.7,0.5,13.0,0.41,10.7,0.59,22.91,0.62,16.0,0.09,0.09,0.095738,1776185302000
1776185304.985,204.985,0.41,22.91,0.38,16.0,0.5,13.0,0.59,10.7,0.5,13.0,0.41,10.7,0.59,22.91,0.62,16.0,0.09,0.09,0.095735,1776185303000
1776185305.876,205.876,0.41,22.91,0.38,16.0,0.5,13.0,0.59,10.7,0.5,13.0,0.41,10.7,0.59,22.91,0.62,16.0,0.09,0.09,0.095736,1776185304000
1776185306.6,206.6,0.41,22.91,0.38,16.0,0.5,13.0,0.59,10.7,0.5,13.0,0.41,10.7,0.59,22.91,0.62,16.0,0.09,0.09,0.095735,1776185305000
1776185307.321,207.321,0.41,22.91,0.38,16.0,0.5,13.0,0.59,10.7,0.5,13.0,0.41,10.7,0.59,22.91,0.62,16.0,0.09,0.09,0.095727,1776185306000
1776185308.714,208.714,0.41,22.91,0.38,16.0,0.5,13.0,0.59,10.7,0.5,13.0,0.41,10.7,0.59,22.91,0.62,16.0,0.09,0.09,0.095731,1776185307000
1776185309.368,209.368,0.41,22.91,0.38,16.0,0.5,13.0,0.59,10.7,0.5,13.0,0.41,10.7,0.59,22.91,0.62,16.0,0.09,0.09,0.095735,1776185308000
1776185310.054,210.054,0.33,16.8,0.32,18.9,0.5,11.0,0.51,60.4,0.5,11.0,0.49,60.4,0.67,16.8,0.68,18.9,0.17,0.17,0.095733,1776185309000
1776185311.517,211.517,0.33,16.8,0.32,18.9,0.5,11.0,0.51,60.4,0.5,11.0,0.49,60.4,0.67,16.8,0.68,18.9,0.17,0.17,0.095735,1776185310000
1776185312.158,212.158,0.33,16.8,0.32,18.9,0.5,11.0,0.51,60.4,0.5,11.0,0.49,60.4,0.67,16.8,0.68,18.9,0.17,0.17,0.095731,1776185311000
1776185313.472,213.472,0.33,16.8,0.32,18.9,0.5,11.0,0.51,60.4,0.5,11.0,0.49,60.4,0.67,16.8,0.68,18.9,0.17,0.17,0.09573,1776185312000
1776185314.148,214.148,0.33,16.8,0.32,18.9,0.5,11.0,0.51,60.4,0.5,11.0,0.49,60.4,0.67,16.8,0.68,18.9,0.17,0.17,0.09573,1776185313000
1776185315.5,215.5,0.33,16.8,0.32,18.9,0.5,11.0,0.51,60.4,0.5,11.0,0.49,60.4,0.67,16.8,0.68,18.9,0.17,0.17,0.095734,1776185314000
1776185316.181,216.181,0.33,16.8,0.32,18.9,0.5,11.0,0.51,60.4,0.5,11.0,0.49,60.4,0.67,16.8,0.68,18.9,0.17,0.17,0.095734,1776185315000
1776185317.482,217.482,0.33,16.8,0.32,18.9,0.5,11.0,0.51,60.4,0.5,11.0,0.49,60.4,0.67,16.8,0.68,18.9,0.17,0.17,0.095733,1776185316000
1776185318.228,218.228,0.33,16.8,0.32,18.9,0.5,11.0,0.51,60.4,0.5,11.0,0.49,60.4,0.67,16.8,0.68,18.9,0.17,0.17,0.09573,1776185317000
1776185319.591,219.591,0.33,16.8,0.32,18.9,0.5,11.0,0.51,60.4,0.5,11.0,0.49,60.4,0.67,16.8,0.68,18.9,0.17,0.17,0.095704,1776185318000
1776185320.18,220.18,0.33,16.8,0.32,18.9,0.5,11.0,0.51,60.4,0.5,11.0,0.49,60.4,0.67,16.8,0.68,18.9,0.17,0.17,0.095704,1776185319000
1776185321.414,221.414,0.33,16.8,0.32,18.9,0.5,11.0,0.51,60.4,0.5,11.0,0.49,60.4,0.67,16.8,0.68,18.9,0.17,0.17,0.0957,1776185320000
1776185322.071,222.071,0.33,16.8,0.32,18.9,0.5,11.0,0.51,60.4,0.5,11.0,0.49,60.4,0.67,16.8,0.68,18.9,0.17,0.17,0.095699,1776185321000
1776185323.848,223.848,0.18,17.6,0.17,18.39,0.36,11.3,0.37,11.2,0.67,5.0,0.61,10.9,0.68,1.78,0.82,23.6,0.18,0.01,0.095699,1776185321000
1776185324.101,224.101,0.18,17.6,0.17,18.39,0.36,11.3,0.37,11.2,0.64,11.3,0.63,11.2,0.82,17.6,0.83,18.39,0.18,0.18,0.095693,1776185322000
1776185324.877,224.877,0.18,17.6,0.17,18.39,0.36,11.3,0.37,11.2,0.64,11.3,0.63,11.2,0.82,17.6,0.83,18.39,0.18,0.18,0.095694,1776185323000
1776185325.43,225.43,0.18,17.6,0.17,18.39,0.36,11.3,0.37,11.2,0.64,11.3,0.63,11.2,0.82,17.6,0.83,18.39,0.18,0.18,0.09569,1776185324000
1776185325.995,225.995,0.18,17.6,0.17,18.39,0.36,11.3,0.37,11.2,0.64,11.3,0.63,11.2,0.82,17.6,0.83,18.39,0.18,0.18,0.09569,1776185325000
1776185327.296,227.296,0.18,17.6,0.17,18.39,0.36,11.3,0.37,11.2,0.64,11.3,0.63,11.2,0.82,17.6,0.83,18.39,0.18,0.18,0.095689,1776185326000
1776185328.101,228.101,0.18,17.6,0.17,18.39,0.36,11.3,0.37,11.2,0.64,11.3,0.63,11.2,0.82,17.6,0.83,18.39,0.18,0.18,0.09569,1776185327000
1776185329.122,229.122,0.18,17.6,0.17,18.39,0.36,11.3,0.37,11.2,0.64,11.3,0.63,11.2,0.82,17.6,0.83,18.39,0.18,0.18,0.095688,1776185328000
1776185330.74,230.74,0.18,17.6,0.17,18.39,0.36,11.3,0.37,11.2,0.64,11.3,0.63,11.2,0.82,17.6,0.83,18.39,0.18,0.18,0.095679,1776185329000
1776185331.721,231.721,0.18,17.6,0.17,18.39,0.36,11.3,0.37,11.2,0.64,11.3,0.63,11.2,0.82,17.6,0.83,18.39,0.18,0.18,0.095679,1776185330000
1776185332.372,232.372,0.18,17.6,0.17,18.39,0.36,11.3,0.37,11.2,0.64,11.3,0.63,11.2,0.82,17.6,0.83,18.39,0.18,0.18,0.095677,1776185331000
1776185333.549,233.549,0.18,17.6,0.17,18.39,0.36,11.3,0.37,11.2,0.64,11.3,0.63,11.2,0.82,17.6,0.83,18.39,0.18,0.18,0.095671,1776185332000
1776185334.27,234.27,0.18,17.6,0.17,18.39,0.36,11.3,0.37,11.2,0.64,11.3,0.63,11.2,0.82,17.6,0.83,18.39,0.18,0.18,0.095671,1776185333000
1776185335.618,235.618,0.18,17.6,0.17,18.39,0.36,11.3,0.37,11.2,0.64,11.3,0.63,11.2,0.82,17.6,0.83,18.39,0.18,0.18,0.095663,1776185334000
1776185336.364,236.364,0.18,17.6,0.17,18.39,0.36,11.3,0.37,11.2,0.64,11.3,0.63,11.2,0.82,17.6,0.83,18.39,0.18,0.18,0.095666,1776185335000
1776185336.984,236.984,0.18,17.6,0.17,18.39,0.36,11.3,0.37,11.2,0.64,11.3,0.63,11.2,0.82,17.6,0.83,18.39,0.18,0.18,0.095666,1776185336000
1776185338.222,238.222,0.18,17.6,0.17,18.39,0.36,11.3,0.37,11.2,0.64,11.3,0.63,11.2,0.82,17.6,0.83,18.39,0.18,0.18,0.095665,1776185337000
1776185339.866,239.866,0.18,17.6,0.17,18.39,0.36,11.3,0.37,11.2,0.64,11.3,0.63,11.2,0.82,17.6,0.83,18.39,0.18,0.18,0.095665,1776185338000
1776185340.315,240.315,0.18,17.6,0.17,18.39,0.36,11.3,0.37,11.2,0.64,11.3,0.63,11.2,0.82,17.6,0.83,18.39,0.18,0.18,0.095665,1776185339000
1776185341.334,241.334,0.18,17.6,0.17,18.39,0.36,11.3,0.37,11.2,0.64,11.3,0.63,11.2,0.82,17.6,0.83,18.39,0.18,0.18,0.095664,1776185340000
1776185342.329,242.329,0.18,17.6,0.17,18.39,0.36,11.3,0.37,11.2,0.64,11.3,0.63,11.2,0.82,17.6,0.83,18.39,0.18,0.18,0.095665,1776185341000
1776185343.315,243.315,0.18,17.6,0.17,18.39,0.36,11.3,0.37,11.2,0.64,11.3,0.63,11.2,0.82,17.6,0.83,18.39,0.18,0.18,0.095654,1776185342000
1776185344.29,244.29,0.18,17.6,0.17,18.39,0.36,11.3,0.37,11.2,0.64,11.3,0.63,11.2,0.82,17.6,0.83,18.39,0.18,0.18,0.095652,1776185343000
1776185345.356,245.356,0.18,17.6,0.17,18.39,0.36,11.3,0.37,11.2,0.64,11.3,0.63,11.2,0.82,17.6,0.83,18.39,0.18,0.18,0.095652,1776185344000
1776185346.218,246.218,0.18,17.6,0.17,18.39,0.36,11.3,0.37,11.2,0.64,11.3,0.63,11.2,0.82,17.6,0.83,18.39,0.18,0.18,0.095657,1776185345000
1776185346.848,246.848,0.05,39.7,0.04,72.7,0.12,24.6,0.13,28.0,0.64,11.3,0.63,11.2,0.82,17.6,0.83,18.39,0.07,0.18,0.095657,1776185345000
1776185347.311,247.311,0.05,39.7,0.04,72.7,0.12,24.6,0.13,28.0,0.88,24.6,0.87,28.0,0.95,39.7,0.96,72.7,0.07,0.07,0.095658,1776185346000
1776185348.198,248.198,0.05,39.7,0.04,72.7,0.12,24.6,0.13,28.0,0.88,24.6,0.87,28.0,0.95,39.7,0.96,72.7,0.07,0.07,0.095656,1776185347000
1776185349.191,249.191,0.03,89.25,0.02,147.69,0.1,28.9,0.11,26.6,0.9,28.9,0.89,26.6,0.97,89.25,0.98,147.69,0.07,0.07,0.09564,1776185348000
1776185350.225,250.225,0.03,89.25,0.02,147.69,0.1,28.9,0.11,26.6,0.9,28.9,0.89,26.6,0.97,89.25,0.98,147.69,0.07,0.07,0.09563,1776185349000
1776185351.048,251.048,0.03,89.25,0.02,147.69,0.1,28.9,0.11,26.6,0.9,28.9,0.89,26.6,0.97,89.25,0.98,147.69,0.07,0.07,0.095633,1776185350000
1776185352.638,252.638,0.03,89.25,0.02,147.69,0.1,28.9,0.11,26.6,0.9,28.9,0.89,26.6,0.97,89.25,0.98,147.69,0.07,0.07,0.095629,1776185351000
1776185353.213,253.213,0.03,89.25,0.02,147.69,0.1,28.9,0.11,26.6,0.9,28.9,0.89,26.6,0.97,89.25,0.98,147.69,0.07,0.07,0.09563,1776185352000
1776185353.612,253.612,0.02,96.69,0.01,5532.6,0.05,59.7,0.06,46.1,0.9,28.9,0.89,26.6,0.97,89.25,0.98,147.69,0.03,0.07,0.09563,1776185352000
1776185354.439,254.439,0.02,96.69,0.01,5532.6,0.05,59.7,0.06,46.1,0.95,59.7,0.94,46.1,0.98,96.69,0.99,5532.6,0.03,0.03,0.095632,1776185353000
1776185355.096,255.096,0.02,96.69,0.01,5532.6,0.05,59.7,0.06,46.1,0.95,59.7,0.94,46.1,0.98,96.69,0.99,5532.6,0.03,0.03,0.095632,1776185354000
1776185356.291,256.291,0.02,96.69,0.01,5532.6,0.05,59.7,0.06,46.1,0.95,59.7,0.94,46.1,0.98,96.69,0.99,5532.6,0.03,0.03,0.095623,1776185355000
1776185357.415,257.415,0.02,96.69,0.01,5532.6,0.05,59.7,0.06,46.1,0.95,59.7,0.94,46.1,0.98,96.69,0.99,5532.6,0.03,0.03,0.095618,1776185356000
1776185357.85,257.85,0.04,92.7,0.03,89.3,0.05,5.0,0.12,5.0,0.95,59.7,0.94,46.1,0.98,96.69,0.99,5532.6,0.01,0.03,0.095618,1776185356000
1776185358.058,258.058,0.04,51.86,0.03,89.3,0.05,5.0,0.12,5.0,0.95,5.0,0.88,5.0,0.96,51.86,0.97,89.3,0.01,0.01,0.095649,1776185357000
1776185358.871,258.871,0.03,84.3,0.02,132.69,0.05,5.0,0.12,10.0,0.95,5.0,0.88,5.0,0.96,51.86,0.97,89.3,0.02,0.01,0.095649,1776185357000
1776185359.259,259.259,0.03,84.3,0.02,132.69,0.05,5.0,0.12,10.0,0.95,5.0,0.88,10.0,0.97,84.3,0.98,132.69,0.02,0.02,0.095659,1776185358000
1776185360.342,260.342,0.03,84.3,0.02,132.69,0.05,5.0,0.12,10.0,0.95,5.0,0.88,10.0,0.97,84.3,0.98,132.69,0.02,0.02,0.095642,1776185359000
1776185360.937,260.937,0.03,84.3,0.02,132.69,0.05,5.0,0.12,10.0,0.95,5.0,0.88,10.0,0.97,84.3,0.98,132.69,0.02,0.02,0.095639,1776185360000
1776185362.161,262.161,0.03,84.3,0.02,132.69,0.05,5.0,0.12,10.0,0.95,5.0,0.88,10.0,0.97,84.3,0.98,132.69,0.02,0.02,0.095639,1776185361000
1776185363.219,263.219,0.03,84.3,0.02,132.69,0.05,5.0,0.12,10.0,0.95,5.0,0.88,10.0,0.97,84.3,0.98,132.69,0.02,0.02,0.095638,1776185362000
1776185364.059,264.059,0.02,105.94,0.01,532.6,0.05,80.75,0.06,46.1,0.95,5.0,0.88,10.0,0.97,84.3,0.98,132.69,0.03,0.02,0.095638,1776185362000
1776185364.336,264.336,0.02,105.94,0.01,532.6,0.05,80.75,0.06,46.1,0.95,80.75,0.94,46.1,0.98,105.94,0.99,532.6,0.03,0.03,0.095639,1776185363000
1776185364.744,264.744,0.03,122.26,0.02,105.94,0.05,26.05,0.17,18.39,0.95,80.75,0.94,46.1,0.98,105.94,0.99,532.6,0.02,0.03,0.095639,1776185363000
1776185365.388,265.388,0.03,122.26,0.02,105.94,0.05,26.05,0.17,18.39,0.95,26.05,0.83,18.39,0.97,122.26,0.98,105.94,0.02,0.02,0.09564,1776185364000
1776185366.095,266.095,0.03,122.26,0.02,105.94,0.05,26.05,0.17,18.39,0.95,26.05,0.83,18.39,0.97,122.26,0.98,105.94,0.02,0.02,0.09564,1776185365000
1776185367.516,267.516,0.03,122.26,0.02,105.94,0.05,26.05,0.17,18.39,0.95,26.05,0.83,18.39,0.97,122.26,0.98,105.94,0.02,0.02,0.095674,1776185366000
1776185367.91,267.91,0.04,67.7,0.03,88.26,0.15,11.0,0.27,13.2,0.95,26.05,0.83,18.39,0.97,122.26,0.98,105.94,0.11,0.02,0.095674,1776185366000
1776185369.028,269.028,0.04,67.7,0.03,88.26,0.15,11.0,0.27,13.2,0.85,11.0,0.73,13.2,0.96,67.7,0.97,88.26,0.11,0.11,0.095676,1776185368000
1776185370.084,270.084,0.04,67.7,0.03,88.26,0.15,11.0,0.27,13.2,0.85,11.0,0.73,13.2,0.96,67.7,0.97,88.26,0.11,0.11,0.095693,1776185369000
1776185371.099,271.099,0.08,24.43,0.07,39.9,0.21,50.0,0.26,13.5,0.79,50.0,0.74,13.5,0.92,24.43,0.93,39.9,0.13,0.13,0.095693,1776185370000
1776185371.736,271.736,0.15,4.64,0.08,24.43,0.17,12.05,0.24,14.3,0.79,50.0,0.74,13.5,0.92,24.43,0.93,39.9,0.02,0.13,0.095693,1776185370000
1776185372.169,272.169,0.15,4.64,0.08,24.43,0.17,12.05,0.24,14.3,0.83,12.05,0.76,14.3,0.85,4.64,0.92,24.43,0.02,0.02,0.095679,1776185371000
1776185372.934,272.934,0.11,23.38,0.1,28.9,0.17,12.05,0.24,14.3,0.83,12.05,0.76,14.3,0.85,4.64,0.92,24.43,0.06,0.02,0.095679,1776185371000
1776185373.135,273.135,0.11,23.38,0.1,28.9,0.17,12.05,0.24,14.3,0.83,12.05,0.76,14.3,0.89,23.38,0.9,28.9,0.06,0.06,0.095679,1776185372000
1776185374.115,274.115,0.11,23.38,0.1,28.9,0.17,12.05,0.24,14.3,0.83,12.05,0.76,14.3,0.89,23.38,0.9,28.9,0.06,0.06,0.095687,1776185373000
1776185375.009,275.009,0.11,23.38,0.1,28.9,0.17,12.05,0.24,14.3,0.83,12.05,0.76,14.3,0.89,23.38,0.9,28.9,0.06,0.06,0.09569,1776185374000
1776185375.97,275.97,0.11,23.38,0.1,28.9,0.17,12.05,0.24,14.3,0.83,12.05,0.76,14.3,0.89,23.38,0.9,28.9,0.06,0.06,0.095686,1776185375000
1776185377.018,277.018,0.11,23.38,0.1,28.9,0.17,12.05,0.24,14.3,0.83,12.05,0.76,14.3,0.89,23.38,0.9,28.9,0.06,0.06,0.095683,1776185376000
1776185378.014,278.014,0.11,23.38,0.1,28.9,0.17,12.05,0.24,14.3,0.83,12.05,0.76,14.3,0.89,23.38,0.9,28.9,0.06,0.06,0.09568,1776185377000
1776185378.969,278.969,0.11,23.38,0.1,28.9,0.17,12.05,0.24,14.3,0.83,12.05,0.76,14.3,0.89,23.38,0.9,28.9,0.06,0.06,0.09569,1776185378000
1776185380.472,280.472,0.11,23.38,0.1,28.9,0.17,12.05,0.24,14.3,0.83,12.05,0.76,14.3,0.89,23.38,0.9,28.9,0.06,0.06,0.095689,1776185379000
1776185380.999,280.999,0.11,23.38,0.1,28.9,0.17,12.05,0.24,14.3,0.83,12.05,0.76,14.3,0.89,23.38,0.9,28.9,0.06,0.06,0.095689,1776185380000
1776185381.965,281.965,0.11,23.38,0.1,28.9,0.17,12.05,0.24,14.3,0.83,12.05,0.76,14.3,0.89,23.38,0.9,28.9,0.06,0.06,0.09569,1776185381000
1776185382.993,282.993,0.11,23.38,0.1,28.9,0.17,12.05,0.24,14.3,0.83,12.05,0.76,14.3,0.89,23.38,0.9,28.9,0.06,0.06,0.0957,1776185382000
1776185384.007,284.007,0.11,23.38,0.1,28.9,0.17,12.05,0.24,14.3,0.83,12.05,0.76,14.3,0.89,23.38,0.9,28.9,0.06,0.06,0.0957,1776185383000
1776185385.065,285.065,0.11,23.38,0.1,28.9,0.17,12.05,0.24,14.3,0.83,12.05,0.76,14.3,0.89,23.38,0.9,28.9,0.06,0.06,0.095694,1776185384000
1776185385.916,285.916,0.01,368.98,,,0.15,5.0,0.16,5.0,0.83,12.05,0.76,14.3,0.89,23.38,0.9,28.9,0.14,0.06,0.095694,1776185384000
1776185387.177,287.177,0.01,368.98,,,0.15,5.0,0.16,5.0,0.85,5.0,0.84,5.0,0.99,368.98,,,0.14,0.14,0.095685,1776185386000
1776185388.252,288.252,0.01,368.98,,,0.15,5.0,0.16,5.0,0.85,5.0,0.84,5.0,0.99,368.98,,,0.14,0.14,0.095685,1776185387000
1776185389.058,289.058,0.01,30.69,,,0.16,5.0,0.17,12.05,0.85,5.0,0.84,5.0,0.99,368.98,,,0.15,0.14,0.095685,1776185387000
1776185390.138,290.138,0.01,30.69,,,0.16,5.0,0.17,12.05,0.84,5.0,0.83,12.05,0.99,30.69,,,0.15,0.15,0.095688,1776185389000
1776185390.95,290.95,0.01,25.69,,,0.11,81.0,0.12,5.0,0.84,5.0,0.83,12.05,0.99,30.69,,,0.1,0.15,0.095688,1776185389000
1776185391.193,291.193,0.01,25.69,,,0.11,81.0,0.12,5.0,0.89,81.0,0.88,5.0,0.99,25.69,,,0.1,0.1,0.095684,1776185390000
1776185392.151,292.151,0.01,25.69,,,0.11,81.0,0.12,5.0,0.89,81.0,0.88,5.0,0.99,25.69,,,0.1,0.1,0.095671,1776185391000
1776185393.666,293.666,0.01,25.69,,,0.11,81.0,0.12,5.0,0.89,81.0,0.88,5.0,0.99,25.69,,,0.1,0.1,0.09567,1776185392000
1776185394.179,294.179,0.01,25.69,,,0.11,81.0,0.12,5.0,0.89,81.0,0.88,5.0,0.99,25.69,,,0.1,0.1,0.095667,1776185393000
1776185395.132,295.132,0.01,15.78,,,0.11,81.0,0.12,5.0,0.89,81.0,0.88,5.0,0.99,25.69,,,0.1,0.1,0.095667,1776185393000
1776185395.359,295.359,0.01,10.73,,,0.11,81.0,0.12,5.0,0.89,81.0,0.88,5.0,0.99,15.78,,,0.1,0.1,0.095667,1776185393000
1776185395.693,295.693,0.01,10.73,,,0.11,81.0,0.12,5.0,0.89,81.0,0.88,5.0,0.99,10.73,,,0.1,0.1,0.095663,1776185394000
1776185396.102,296.102,0.01,5.73,,,0.11,81.0,0.12,5.0,0.89,81.0,0.88,5.0,0.99,10.73,,,0.1,0.1,0.095663,1776185394000
1776185396.43,296.43,,,,,0.01,105.88,0.02,5.0,0.99,99.77,0.89,81.0,,,,,,,0.095664,1776185395000
1776185397.396,297.396,,,,,0.01,103.56,0.02,5.0,0.99,103.56,0.98,5.0,,,,,,,0.095664,1776185396000
1776185397.966,297.966,,,,,0.01,103.56,0.02,5.0,0.99,103.56,0.98,5.0,,,,,,,0.095664,1776185397000
1776185399.106,299.106,,,,,0.01,103.56,0.02,5.0,0.99,103.56,0.98,5.0,,,,,,,0.095651,1776185398000
1776185400.167,300.167,,,,,0.01,103.56,0.02,5.0,0.99,103.56,0.98,5.0,,,,,,,0.095651,1776185399000

# RESULT,winner=Down,slug=doge-updown-5m-1776185100,ticks=339
