timestamp,elapsed_sec,up_bid_p1,up_bid_s1,up_bid_p2,up_bid_s2,up_ask_p1,up_ask_s1,up_ask_p2,up_ask_s2,down_bid_p1,down_bid_s1,down_bid_p2,down_bid_s2,down_ask_p1,down_ask_s1,down_ask_p2,down_ask_s2,up_spread,down_spread,doge_price,doge_oracle_ts
1776203701.493,1.493,0.33,300.0,0.31,375.0,0.49,11.44,0.67,300.0,0.51,11.44,0.33,300.0,0.67,300.0,0.69,375.0,0.16,0.16,0.093009,1776201480000
1776203701.822,1.822,0.33,300.0,0.31,375.0,0.49,11.44,0.67,300.0,0.51,11.44,0.33,300.0,0.67,300.0,0.69,375.0,0.16,0.16,0.093009,1776201480000
1776203707.858,7.858,0.3,5.0,0.28,6.0,0.4,5.0,0.41,5.0,0.51,11.44,0.33,300.0,0.67,300.0,0.69,375.0,0.1,0.16,0.093009,1776201480000
1776203710.27,10.27,0.29,5.0,0.24,15.0,0.4,5.0,0.41,5.0,0.6,5.0,0.59,5.0,0.7,5.0,0.72,6.0,0.11,0.1,0.093009,1776201480000
1776203713.189,13.189,0.29,5.0,0.28,5.0,0.4,7.5,0.48,10.0,0.6,5.0,0.59,5.0,0.71,5.0,0.76,15.0,0.11,0.11,0.093009,1776201480000
1776203714.053,14.053,0.28,5.0,0.25,20.0,0.4,10.0,0.48,10.0,0.6,7.5,0.52,10.0,0.71,5.0,0.72,5.0,0.12,0.11,0.093009,1776201480000
1776203714.275,14.275,0.28,5.0,0.25,20.0,0.4,10.0,0.48,10.0,0.6,10.0,0.52,10.0,0.72,5.0,0.75,20.0,0.12,0.12,0.093278,1776203713000
1776203715.539,15.539,0.28,5.0,0.25,20.0,0.4,10.0,0.48,10.0,0.6,10.0,0.52,10.0,0.72,5.0,0.75,20.0,0.12,0.12,0.093278,1776203714000
1776203716.156,16.156,0.28,5.0,0.25,20.0,0.4,10.0,0.48,10.0,0.6,10.0,0.52,10.0,0.72,5.0,0.75,20.0,0.12,0.12,0.093274,1776203715000
1776203717.338,17.338,0.28,5.0,0.25,20.0,0.4,10.0,0.48,10.0,0.6,10.0,0.52,10.0,0.72,5.0,0.75,20.0,0.12,0.12,0.093273,1776203716000
1776203718.656,18.656,0.28,5.0,0.25,20.0,0.4,10.0,0.48,10.0,0.6,10.0,0.52,10.0,0.72,5.0,0.75,20.0,0.12,0.12,0.093273,1776203717000
1776203719.204,19.204,0.28,5.0,0.25,20.0,0.4,10.0,0.48,10.0,0.6,10.0,0.52,10.0,0.72,5.0,0.75,20.0,0.12,0.12,0.093273,1776203718000
1776203719.944,19.944,0.28,5.0,0.25,20.0,0.4,10.0,0.48,10.0,0.6,10.0,0.52,10.0,0.72,5.0,0.75,20.0,0.12,0.12,0.093273,1776203719000
1776203721.046,21.046,0.28,5.0,0.25,20.0,0.4,10.0,0.48,10.0,0.6,10.0,0.52,10.0,0.72,5.0,0.75,20.0,0.12,0.12,0.093275,1776203720000
1776203722.26,22.26,0.28,5.0,0.25,20.0,0.4,10.0,0.48,10.0,0.6,10.0,0.52,10.0,0.72,5.0,0.75,20.0,0.12,0.12,0.093276,1776203721000
1776203723.422,23.422,0.28,5.0,0.25,20.0,0.4,10.0,0.48,10.0,0.6,10.0,0.52,10.0,0.72,5.0,0.75,20.0,0.12,0.12,0.093278,1776203722000
1776203723.902,23.902,0.28,5.0,0.25,20.0,0.4,10.0,0.48,10.0,0.6,10.0,0.52,10.0,0.72,5.0,0.75,20.0,0.12,0.12,0.093279,1776203723000
1776203725.095,25.095,0.28,5.0,0.25,20.0,0.4,10.0,0.48,10.0,0.6,10.0,0.52,10.0,0.72,5.0,0.75,20.0,0.12,0.12,0.093287,1776203724000
1776203726.092,26.092,0.28,5.0,0.25,20.0,0.4,10.0,0.48,10.0,0.6,10.0,0.52,10.0,0.72,5.0,0.75,20.0,0.12,0.12,0.093288,1776203725000
1776203727.349,27.349,0.28,5.0,0.25,20.0,0.4,10.0,0.48,10.0,0.6,10.0,0.52,10.0,0.72,5.0,0.75,20.0,0.12,0.12,0.09329,1776203726000
1776203727.933,27.933,0.28,5.0,0.25,20.0,0.4,10.0,0.48,10.0,0.6,10.0,0.52,10.0,0.72,5.0,0.75,20.0,0.12,0.12,0.093295,1776203727000
1776203729.19,29.19,0.28,5.0,0.25,20.0,0.4,10.0,0.48,10.0,0.6,10.0,0.52,10.0,0.72,5.0,0.75,20.0,0.12,0.12,0.093295,1776203728000
1776203730.458,30.458,0.28,5.0,0.25,20.0,0.4,10.0,0.48,10.0,0.6,10.0,0.52,10.0,0.72,5.0,0.75,20.0,0.12,0.12,0.093295,1776203729000
1776203731.055,31.055,0.28,5.0,0.25,20.0,0.4,10.0,0.48,10.0,0.6,10.0,0.52,10.0,0.72,5.0,0.75,20.0,0.12,0.12,0.093299,1776203730000
1776203732.302,32.302,0.28,5.0,0.25,20.0,0.4,10.0,0.48,10.0,0.6,10.0,0.52,10.0,0.72,5.0,0.75,20.0,0.12,0.12,0.093299,1776203731000
1776203732.995,32.995,0.28,5.0,0.25,20.0,0.4,10.0,0.48,10.0,0.6,10.0,0.52,10.0,0.72,5.0,0.75,20.0,0.12,0.12,0.093309,1776203732000
1776203734.158,34.158,0.28,5.0,0.25,20.0,0.4,10.0,0.48,10.0,0.6,10.0,0.52,10.0,0.72,5.0,0.75,20.0,0.12,0.12,0.093309,1776203733000
1776203734.689,34.689,0.48,5.0,0.45,10.0,0.49,6.33,0.61,5.0,0.6,10.0,0.52,10.0,0.72,5.0,0.75,20.0,0.01,0.12,0.093309,1776203733000
1776203735.281,35.281,0.48,5.0,0.45,10.0,0.49,6.33,0.61,5.0,0.51,6.33,0.39,5.0,0.52,5.0,0.55,10.0,0.01,0.01,0.093313,1776203734000
1776203735.943,35.943,0.48,2.64,0.45,10.0,0.49,6.33,0.61,5.0,0.51,6.33,0.39,5.0,0.52,5.0,0.55,10.0,0.01,0.01,0.093313,1776203734000
1776203736.409,36.409,0.48,2.64,0.45,10.0,0.49,6.33,0.61,5.0,0.51,6.33,0.39,5.0,0.52,2.64,0.55,10.0,0.01,0.01,0.093322,1776203735000
1776203737.0,37.0,0.48,2.64,0.45,10.0,0.49,6.33,0.61,5.0,0.51,6.33,0.39,5.0,0.52,2.64,0.55,10.0,0.01,0.01,0.093323,1776203736000
1776203738.144,38.144,0.48,2.64,0.45,10.0,0.49,6.33,0.61,5.0,0.51,6.33,0.39,5.0,0.52,2.64,0.55,10.0,0.01,0.01,0.093323,1776203737000
1776203739.283,39.283,0.48,2.64,0.45,10.0,0.49,6.33,0.61,5.0,0.51,6.33,0.39,5.0,0.52,2.64,0.55,10.0,0.01,0.01,0.093322,1776203738000
1776203740.418,40.418,0.48,2.64,0.45,10.0,0.49,6.33,0.61,5.0,0.51,6.33,0.39,5.0,0.52,2.64,0.55,10.0,0.01,0.01,0.093323,1776203739000
1776203741.358,41.358,0.48,2.64,0.45,10.0,0.49,6.33,0.61,5.0,0.51,6.33,0.39,5.0,0.52,2.64,0.55,10.0,0.01,0.01,0.093322,1776203740000
1776203741.809,41.809,0.48,45.0,0.45,10.0,0.49,6.33,0.61,5.0,0.51,6.33,0.39,5.0,0.52,2.64,0.55,10.0,0.01,0.01,0.093322,1776203740000
1776203742.867,42.867,0.48,45.0,0.45,10.0,0.49,6.33,0.61,5.0,0.51,6.33,0.39,5.0,0.52,45.0,0.55,10.0,0.01,0.01,0.093323,1776203742000
1776203743.788,43.788,0.51,43.67,0.48,45.0,0.61,5.0,0.63,5.0,0.51,6.33,0.39,5.0,0.52,45.0,0.55,10.0,0.1,0.01,0.093323,1776203742000
1776203744.775,44.775,0.51,43.67,0.48,45.0,0.61,5.0,0.63,5.0,0.39,5.0,0.37,5.0,0.49,43.67,0.52,45.0,0.1,0.1,0.093326,1776203744000
1776203745.838,45.838,0.51,43.67,0.48,45.0,0.61,5.0,0.63,5.0,0.39,5.0,0.37,5.0,0.49,43.67,0.52,45.0,0.1,0.1,0.093324,1776203745000
1776203746.807,46.807,0.51,43.67,0.48,45.0,0.61,5.0,0.63,5.0,0.39,5.0,0.37,5.0,0.49,43.67,0.52,45.0,0.1,0.1,0.093326,1776203746000
1776203748.178,48.178,0.51,43.67,0.48,45.0,0.61,5.0,0.63,5.0,0.39,5.0,0.37,5.0,0.49,43.67,0.52,45.0,0.1,0.1,0.093332,1776203747000
1776203749.134,49.134,0.51,43.67,0.48,45.0,0.61,5.0,0.63,5.0,0.39,5.0,0.37,5.0,0.49,43.67,0.52,45.0,0.1,0.1,0.093333,1776203748000
1776203750.141,50.141,0.51,43.67,0.48,45.0,0.61,5.0,0.63,5.0,0.39,5.0,0.37,5.0,0.49,43.67,0.52,45.0,0.1,0.1,0.093333,1776203749000
1776203751.073,51.073,0.51,43.67,0.48,45.0,0.61,5.0,0.63,5.0,0.39,5.0,0.37,5.0,0.49,43.67,0.52,45.0,0.1,0.1,0.093333,1776203750000
1776203752.042,52.042,0.51,43.67,0.48,45.0,0.61,5.0,0.63,5.0,0.39,5.0,0.37,5.0,0.49,43.67,0.52,45.0,0.1,0.1,0.093334,1776203751000
1776203753.077,53.077,0.51,43.67,0.48,45.0,0.61,5.0,0.63,5.0,0.39,5.0,0.37,5.0,0.49,43.67,0.52,45.0,0.1,0.1,0.093338,1776203752000
1776203754.218,54.218,0.51,43.67,0.48,45.0,0.61,5.0,0.63,5.0,0.39,5.0,0.37,5.0,0.49,43.67,0.52,45.0,0.1,0.1,0.093335,1776203753000
1776203755.989,55.989,0.51,43.67,0.48,45.0,0.61,5.0,0.63,5.0,0.39,5.0,0.37,5.0,0.49,43.67,0.52,45.0,0.1,0.1,0.093333,1776203754000
1776203756.581,56.581,0.51,43.67,0.48,45.0,0.61,5.0,0.63,5.0,0.39,5.0,0.37,5.0,0.49,43.67,0.52,45.0,0.1,0.1,0.093333,1776203755000
1776203757.554,57.554,0.51,43.67,0.48,45.0,0.61,5.0,0.63,5.0,0.39,5.0,0.37,5.0,0.49,43.67,0.52,45.0,0.1,0.1,0.093329,1776203756000
1776203758.367,58.367,0.51,43.67,0.48,45.0,0.61,5.0,0.63,5.0,0.39,5.0,0.37,5.0,0.49,43.67,0.52,45.0,0.1,0.1,0.093329,1776203757000
1776203759.164,59.164,0.51,43.67,0.48,45.0,0.61,5.0,0.63,5.0,0.39,5.0,0.37,5.0,0.49,43.67,0.52,45.0,0.1,0.1,0.093334,1776203758000
1776203760.641,60.641,0.51,43.67,0.48,45.0,0.61,5.0,0.63,5.0,0.39,5.0,0.37,5.0,0.49,43.67,0.52,45.0,0.1,0.1,0.093329,1776203759000
1776203761.18,61.18,0.51,43.67,0.48,45.0,0.61,5.0,0.63,5.0,0.39,5.0,0.37,5.0,0.49,43.67,0.52,45.0,0.1,0.1,0.09333,1776203760000
1776203761.961,61.961,0.52,5.0,0.51,38.0,0.6,6.25,0.66,5.0,0.39,5.0,0.37,5.0,0.49,43.67,0.52,45.0,0.08,0.1,0.09333,1776203760000
1776203762.596,62.596,0.52,5.0,0.51,38.0,0.6,6.25,0.66,5.0,0.4,6.25,0.34,5.0,0.48,5.0,0.49,38.0,0.08,0.08,0.093329,1776203761000
1776203763.454,63.454,0.52,5.0,0.51,38.0,0.6,6.25,0.66,5.0,0.4,6.25,0.34,5.0,0.48,5.0,0.49,38.0,0.08,0.08,0.093328,1776203762000
1776203764.296,64.296,0.52,5.0,0.51,38.0,0.6,6.25,0.66,5.0,0.4,6.25,0.34,5.0,0.48,5.0,0.49,38.0,0.08,0.08,0.093337,1776203763000
1776203765.698,65.698,0.52,5.0,0.51,38.0,0.6,6.25,0.66,5.0,0.4,6.25,0.34,5.0,0.48,5.0,0.49,38.0,0.08,0.08,0.093337,1776203764000
1776203766.429,66.429,0.52,5.0,0.51,38.0,0.6,6.25,0.66,5.0,0.4,6.25,0.34,5.0,0.48,5.0,0.49,38.0,0.08,0.08,0.093337,1776203765000
1776203767.246,67.246,0.52,5.0,0.51,38.0,0.6,6.25,0.66,5.0,0.4,6.25,0.34,5.0,0.48,5.0,0.49,38.0,0.08,0.08,0.093337,1776203766000
1776203768.699,68.699,0.52,5.0,0.51,38.0,0.6,6.25,0.66,5.0,0.4,6.25,0.34,5.0,0.48,5.0,0.49,38.0,0.08,0.08,0.093338,1776203767000
1776203769.407,69.407,0.52,5.0,0.51,38.0,0.6,6.25,0.66,5.0,0.4,6.25,0.34,5.0,0.48,5.0,0.49,38.0,0.08,0.08,0.093339,1776203768000
1776203770.073,70.073,0.52,5.0,0.51,38.0,0.6,6.25,0.66,5.0,0.4,6.25,0.34,5.0,0.48,5.0,0.49,38.0,0.08,0.08,0.093341,1776203769000
1776203771.462,71.462,0.52,5.0,0.51,38.0,0.6,6.25,0.66,5.0,0.4,6.25,0.34,5.0,0.48,5.0,0.49,38.0,0.08,0.08,0.093334,1776203770000
1776203772.137,72.137,0.52,5.0,0.51,38.0,0.6,6.25,0.66,5.0,0.4,6.25,0.34,5.0,0.48,5.0,0.49,38.0,0.08,0.08,0.093334,1776203771000
1776203772.509,72.509,0.57,29.6,0.56,10.6,0.6,1.25,0.71,5.0,0.4,6.25,0.34,5.0,0.48,5.0,0.49,38.0,0.03,0.08,0.093334,1776203771000
1776203773.026,73.026,0.58,28.7,0.57,10.6,0.71,5.0,0.73,5.0,0.4,1.25,0.29,5.0,0.43,29.6,0.44,10.6,0.13,0.03,0.093334,1776203771000
1776203774.289,74.289,0.58,28.7,0.57,10.6,0.71,5.0,0.73,5.0,0.29,5.0,0.27,5.0,0.42,28.7,0.43,10.6,0.13,0.13,0.093332,1776203772000
1776203775.445,75.445,0.58,28.7,0.57,10.6,0.71,5.0,0.73,5.0,0.29,5.0,0.27,5.0,0.42,28.7,0.43,10.6,0.13,0.13,0.09334,1776203774000
1776203775.857,75.857,0.58,28.7,0.57,10.6,0.71,5.0,0.73,5.0,0.29,5.0,0.27,5.0,0.42,28.7,0.43,10.6,0.13,0.13,0.093342,1776203775000
1776203776.849,76.849,0.58,28.7,0.57,10.6,0.71,5.0,0.73,5.0,0.29,5.0,0.27,5.0,0.42,28.7,0.43,10.6,0.13,0.13,0.093341,1776203776000
1776203777.882,77.882,0.58,28.7,0.57,10.6,0.71,5.0,0.73,5.0,0.29,5.0,0.27,5.0,0.42,28.7,0.43,10.6,0.13,0.13,0.093338,1776203777000
1776203778.857,78.857,0.58,28.7,0.57,10.6,0.71,5.0,0.73,5.0,0.29,5.0,0.27,5.0,0.42,28.7,0.43,10.6,0.13,0.13,0.093332,1776203778000
1776203779.817,79.817,0.58,28.7,0.57,10.6,0.71,5.0,0.73,5.0,0.29,5.0,0.27,5.0,0.42,28.7,0.43,10.6,0.13,0.13,0.093341,1776203779000
1776203781.182,81.182,0.58,28.7,0.57,10.6,0.71,5.0,0.73,5.0,0.29,5.0,0.27,5.0,0.42,28.7,0.43,10.6,0.13,0.13,0.09334,1776203780000
1776203782.229,82.229,0.58,28.7,0.57,10.6,0.71,5.0,0.73,5.0,0.29,5.0,0.27,5.0,0.42,28.7,0.43,10.6,0.13,0.13,0.09334,1776203781000
1776203783.122,83.122,0.58,28.7,0.57,10.6,0.71,5.0,0.73,5.0,0.29,5.0,0.27,5.0,0.42,28.7,0.43,10.6,0.13,0.13,0.093346,1776203782000
1776203784.071,84.071,0.58,28.7,0.57,10.6,0.71,5.0,0.73,5.0,0.29,5.0,0.27,5.0,0.42,28.7,0.43,10.6,0.13,0.13,0.093343,1776203783000
1776203785.012,85.012,0.58,28.7,0.57,10.6,0.71,5.0,0.73,5.0,0.29,5.0,0.27,5.0,0.42,28.7,0.43,10.6,0.13,0.13,0.093342,1776203784000
1776203786.069,86.069,0.58,28.7,0.57,10.6,0.71,5.0,0.73,5.0,0.29,5.0,0.27,5.0,0.42,28.7,0.43,10.6,0.13,0.13,0.093343,1776203785000
1776203786.997,86.997,0.58,28.7,0.57,10.6,0.71,5.0,0.73,5.0,0.29,5.0,0.27,5.0,0.42,28.7,0.43,10.6,0.13,0.13,0.09334,1776203786000
1776203788.171,88.171,0.58,28.7,0.57,10.6,0.71,5.0,0.73,5.0,0.29,5.0,0.27,5.0,0.42,28.7,0.43,10.6,0.13,0.13,0.09334,1776203787000
1776203789.213,89.213,0.58,28.7,0.57,10.6,0.71,5.0,0.73,5.0,0.29,5.0,0.27,5.0,0.42,28.7,0.43,10.6,0.13,0.13,0.09334,1776203788000
1776203790.219,90.219,0.58,28.7,0.57,10.6,0.71,5.0,0.73,5.0,0.29,5.0,0.27,5.0,0.42,28.7,0.43,10.6,0.13,0.13,0.09334,1776203789000
1776203791.314,91.314,0.58,28.7,0.57,10.6,0.71,5.0,0.73,5.0,0.29,5.0,0.27,5.0,0.42,28.7,0.43,10.6,0.13,0.13,0.09334,1776203790000
1776203791.61,91.61,0.59,10.0,0.53,10.4,0.63,5.0,0.64,5.0,0.29,5.0,0.27,5.0,0.42,28.7,0.43,10.6,0.04,0.13,0.09334,1776203790000
1776203792.344,92.344,0.59,10.0,0.53,10.4,0.63,5.0,0.64,5.0,0.37,5.0,0.36,5.0,0.41,10.0,0.47,10.4,0.04,0.04,0.093339,1776203791000
1776203792.964,92.964,0.59,10.0,0.53,10.4,0.63,5.0,0.64,5.0,0.37,5.0,0.36,5.0,0.41,10.0,0.47,10.4,0.04,0.04,0.093336,1776203792000
1776203794.041,94.041,0.59,10.0,0.53,10.4,0.63,5.0,0.64,5.0,0.37,5.0,0.36,5.0,0.41,10.0,0.47,10.4,0.04,0.04,0.093335,1776203793000
1776203795.112,95.112,0.59,10.0,0.53,10.4,0.63,5.0,0.64,5.0,0.37,5.0,0.36,5.0,0.41,10.0,0.47,10.4,0.04,0.04,0.093335,1776203794000
1776203796.199,96.199,0.59,10.0,0.53,10.4,0.63,5.0,0.64,5.0,0.37,5.0,0.36,5.0,0.41,10.0,0.47,10.4,0.04,0.04,0.093335,1776203795000
1776203797.335,97.335,0.59,10.0,0.53,10.4,0.63,5.0,0.64,5.0,0.37,5.0,0.36,5.0,0.41,10.0,0.47,10.4,0.04,0.04,0.093335,1776203796000
1776203798.019,98.019,0.59,5.0,0.54,10.5,0.63,5.0,0.64,5.0,0.37,5.0,0.36,5.0,0.41,10.0,0.47,10.4,0.04,0.04,0.093335,1776203796000
1776203798.354,98.354,0.59,5.0,0.54,10.5,0.63,5.0,0.64,5.0,0.37,5.0,0.36,5.0,0.41,5.0,0.46,10.5,0.04,0.04,0.093335,1776203797000
1776203798.833,98.833,0.59,5.0,0.54,10.5,0.63,5.0,0.64,5.0,0.37,5.0,0.36,5.0,0.41,5.0,0.46,10.5,0.04,0.04,0.093335,1776203798000
1776203800.056,100.056,0.59,5.0,0.54,10.5,0.63,5.0,0.64,5.0,0.37,5.0,0.36,5.0,0.41,5.0,0.46,10.5,0.04,0.04,0.093335,1776203799000
1776203801.141,101.141,0.59,5.0,0.54,10.5,0.63,5.0,0.64,5.0,0.37,5.0,0.36,5.0,0.41,5.0,0.46,10.5,0.04,0.04,0.093334,1776203800000
1776203802.089,102.089,0.59,5.0,0.54,10.5,0.63,5.0,0.64,5.0,0.37,5.0,0.36,5.0,0.41,5.0,0.46,10.5,0.04,0.04,0.093334,1776203801000
1776203803.398,103.398,0.59,5.0,0.54,10.5,0.63,5.0,0.64,5.0,0.37,5.0,0.36,5.0,0.41,5.0,0.46,10.5,0.04,0.04,0.093335,1776203802000
1776203804.461,104.461,0.59,5.0,0.54,10.5,0.63,5.0,0.64,5.0,0.37,5.0,0.36,5.0,0.41,5.0,0.46,10.5,0.04,0.04,0.093334,1776203803000
1776203804.957,104.957,0.59,5.0,0.54,10.5,0.63,5.0,0.64,5.0,0.37,5.0,0.36,5.0,0.41,5.0,0.46,10.5,0.04,0.04,0.093334,1776203804000
1776203806.03,106.03,0.59,5.0,0.54,10.5,0.63,5.0,0.64,5.0,0.37,5.0,0.36,5.0,0.41,5.0,0.46,10.5,0.04,0.04,0.093332,1776203805000
1776203807.037,107.037,0.59,5.0,0.54,10.5,0.63,5.0,0.64,5.0,0.37,5.0,0.36,5.0,0.41,5.0,0.46,10.5,0.04,0.04,0.093332,1776203806000
1776203808.198,108.198,0.59,5.0,0.54,10.5,0.63,5.0,0.64,5.0,0.37,5.0,0.36,5.0,0.41,5.0,0.46,10.5,0.04,0.04,0.093334,1776203807000
1776203809.309,109.309,0.59,5.0,0.54,10.5,0.63,5.0,0.64,5.0,0.37,5.0,0.36,5.0,0.41,5.0,0.46,10.5,0.04,0.04,0.093331,1776203808000
1776203810.38,110.38,0.59,5.0,0.54,10.5,0.63,5.0,0.64,5.0,0.37,5.0,0.36,5.0,0.41,5.0,0.46,10.5,0.04,0.04,0.093326,1776203809000
1776203811.406,111.406,0.59,5.0,0.54,10.5,0.63,5.0,0.64,5.0,0.37,5.0,0.36,5.0,0.41,5.0,0.46,10.5,0.04,0.04,0.093325,1776203810000
1776203811.958,111.958,0.59,5.0,0.54,10.5,0.63,5.0,0.64,5.0,0.37,5.0,0.36,5.0,0.41,5.0,0.46,10.5,0.04,0.04,0.093327,1776203811000
1776203813.052,113.052,0.59,5.0,0.54,10.5,0.63,5.0,0.64,5.0,0.37,5.0,0.36,5.0,0.41,5.0,0.46,10.5,0.04,0.04,0.093326,1776203812000
1776203814.032,114.032,0.59,5.0,0.54,10.5,0.63,5.0,0.64,5.0,0.37,5.0,0.36,5.0,0.41,5.0,0.46,10.5,0.04,0.04,0.093326,1776203813000
1776203815.032,115.032,0.59,5.0,0.54,10.5,0.63,5.0,0.64,5.0,0.37,5.0,0.36,5.0,0.41,5.0,0.46,10.5,0.04,0.04,0.093324,1776203814000
1776203816.314,116.314,0.59,5.0,0.54,10.5,0.63,5.0,0.64,5.0,0.37,5.0,0.36,5.0,0.41,5.0,0.46,10.5,0.04,0.04,0.093324,1776203815000
1776203816.97,116.97,0.59,5.0,0.54,10.5,0.63,5.0,0.64,5.0,0.37,5.0,0.36,5.0,0.41,5.0,0.46,10.5,0.04,0.04,0.093324,1776203816000
1776203818.124,118.124,0.59,5.0,0.54,10.5,0.63,5.0,0.64,5.0,0.37,5.0,0.36,5.0,0.41,5.0,0.46,10.5,0.04,0.04,0.093324,1776203817000
1776203819.539,119.539,0.59,5.0,0.54,10.5,0.63,5.0,0.64,5.0,0.37,5.0,0.36,5.0,0.41,5.0,0.46,10.5,0.04,0.04,0.093324,1776203818000
1776203820.129,120.129,0.59,5.0,0.54,10.5,0.63,5.0,0.64,5.0,0.37,5.0,0.36,5.0,0.41,5.0,0.46,10.5,0.04,0.04,0.093319,1776203819000
1776203820.479,120.479,0.51,15.4,0.5,10.4,0.6,2.0,0.61,50.0,0.37,5.0,0.36,5.0,0.41,5.0,0.46,10.5,0.09,0.04,0.093319,1776203819000
1776203821.347,121.347,0.51,15.4,0.5,10.4,0.6,2.0,0.61,50.0,0.4,2.0,0.39,50.0,0.49,15.4,0.5,10.4,0.09,0.09,0.093324,1776203820000
1776203822.339,122.339,0.51,15.4,0.5,10.4,0.6,2.0,0.61,50.0,0.4,2.0,0.39,50.0,0.49,15.4,0.5,10.4,0.09,0.09,0.093324,1776203821000
1776203823.713,123.713,0.51,15.4,0.5,10.4,0.6,2.0,0.61,50.0,0.4,2.0,0.39,50.0,0.49,15.4,0.5,10.4,0.09,0.09,0.093323,1776203822000
1776203824.438,124.438,0.52,4.87,0.51,15.4,0.58,5.0,0.6,5.0,0.4,2.0,0.39,50.0,0.49,15.4,0.5,10.4,0.06,0.09,0.093323,1776203822000
1776203824.644,124.644,0.52,4.87,0.51,15.4,0.58,5.0,0.6,5.0,0.42,5.0,0.4,5.0,0.48,4.87,0.49,15.4,0.06,0.06,0.09332,1776203823000
1776203825.405,125.405,0.52,4.87,0.51,15.4,0.58,5.0,0.6,5.0,0.42,5.0,0.4,5.0,0.48,4.87,0.49,15.4,0.06,0.06,0.09332,1776203824000
1776203826.111,126.111,0.52,4.87,0.51,15.4,0.58,5.0,0.6,5.0,0.42,5.0,0.4,5.0,0.48,4.87,0.49,15.4,0.06,0.06,0.093319,1776203825000
1776203827.591,127.591,0.52,4.87,0.51,15.4,0.58,5.0,0.6,5.0,0.42,5.0,0.4,5.0,0.48,4.87,0.49,15.4,0.06,0.06,0.093325,1776203826000
1776203828.31,128.31,0.52,4.87,0.51,15.4,0.58,5.0,0.6,5.0,0.42,5.0,0.4,5.0,0.48,4.87,0.49,15.4,0.06,0.06,0.093323,1776203827000
1776203829.799,129.799,0.52,4.87,0.51,15.4,0.58,5.0,0.6,5.0,0.42,5.0,0.4,5.0,0.48,4.87,0.49,15.4,0.06,0.06,0.093325,1776203828000
1776203830.455,130.455,0.52,4.87,0.51,15.4,0.58,5.0,0.6,5.0,0.42,5.0,0.4,5.0,0.48,4.87,0.49,15.4,0.06,0.06,0.093323,1776203829000
1776203831.239,131.239,0.52,4.87,0.51,15.4,0.58,5.0,0.6,5.0,0.42,5.0,0.4,5.0,0.48,4.87,0.49,15.4,0.06,0.06,0.093323,1776203830000
1776203832.53,132.53,0.52,4.87,0.51,15.4,0.58,5.0,0.6,5.0,0.42,5.0,0.4,5.0,0.48,4.87,0.49,15.4,0.06,0.06,0.093323,1776203831000
1776203833.185,133.185,0.52,4.87,0.51,15.4,0.58,5.0,0.6,5.0,0.42,5.0,0.4,5.0,0.48,4.87,0.49,15.4,0.06,0.06,0.093323,1776203832000
1776203834.11,134.11,0.52,4.87,0.51,15.4,0.58,5.0,0.6,5.0,0.42,5.0,0.4,5.0,0.48,4.87,0.49,15.4,0.06,0.06,0.093324,1776203833000
1776203835.217,135.217,0.52,4.87,0.51,15.4,0.58,5.0,0.6,5.0,0.42,5.0,0.4,5.0,0.48,4.87,0.49,15.4,0.06,0.06,0.093323,1776203834000
1776203835.943,135.943,0.54,10.5,0.53,10.4,0.6,0.18,0.71,70.0,0.42,5.0,0.4,5.0,0.48,4.87,0.49,15.4,0.06,0.06,0.093323,1776203834000
1776203836.325,136.325,0.54,10.5,0.53,10.4,0.6,0.18,0.71,70.0,0.4,0.18,0.29,70.0,0.46,10.5,0.47,10.4,0.06,0.06,0.093324,1776203835000
1776203837.061,137.061,0.57,10.6,0.56,10.6,0.71,70.0,0.73,13.2,0.4,0.18,0.29,70.0,0.46,10.5,0.47,10.4,0.14,0.06,0.093324,1776203835000
1776203837.357,137.357,0.57,10.6,0.56,10.6,0.71,70.0,0.73,13.2,0.29,70.0,0.27,13.2,0.43,10.6,0.44,10.6,0.14,0.14,0.093323,1776203836000
1776203837.909,137.909,0.57,10.6,0.56,10.6,0.71,70.0,0.73,13.2,0.29,70.0,0.27,13.2,0.43,10.6,0.44,10.6,0.14,0.14,0.093325,1776203837000
1776203838.944,138.944,0.57,10.6,0.56,10.6,0.71,70.0,0.73,13.2,0.29,70.0,0.27,13.2,0.43,10.6,0.44,10.6,0.14,0.14,0.093325,1776203838000
1776203840.186,140.186,0.57,10.6,0.56,10.6,0.71,70.0,0.73,13.2,0.29,70.0,0.27,13.2,0.43,10.6,0.44,10.6,0.14,0.14,0.093324,1776203839000
1776203841.244,141.244,0.57,10.6,0.56,10.6,0.71,70.0,0.73,13.2,0.29,70.0,0.27,13.2,0.43,10.6,0.44,10.6,0.14,0.14,0.093325,1776203840000
1776203842.189,142.189,0.57,10.6,0.56,10.6,0.71,70.0,0.73,13.2,0.29,70.0,0.27,13.2,0.43,10.6,0.44,10.6,0.14,0.14,0.093325,1776203841000
1776203843.301,143.301,0.57,10.6,0.56,10.6,0.71,70.0,0.73,13.2,0.29,70.0,0.27,13.2,0.43,10.6,0.44,10.6,0.14,0.14,0.093326,1776203842000
1776203844.4,144.4,0.57,10.6,0.56,10.6,0.71,70.0,0.73,13.2,0.29,70.0,0.27,13.2,0.43,10.6,0.44,10.6,0.14,0.14,0.093328,1776203843000
1776203844.883,144.883,0.57,10.6,0.56,10.6,0.71,70.0,0.73,13.2,0.29,70.0,0.27,13.2,0.43,10.6,0.44,10.6,0.14,0.14,0.093328,1776203844000
1776203846.011,146.011,0.57,10.6,0.56,10.6,0.71,70.0,0.73,13.2,0.29,70.0,0.27,13.2,0.43,10.6,0.44,10.6,0.14,0.14,0.093326,1776203845000
1776203847.206,147.206,0.57,10.6,0.56,10.6,0.71,70.0,0.73,13.2,0.29,70.0,0.27,13.2,0.43,10.6,0.44,10.6,0.14,0.14,0.093326,1776203846000
1776203848.086,148.086,0.57,10.6,0.56,10.6,0.71,70.0,0.73,13.2,0.29,70.0,0.27,13.2,0.43,10.6,0.44,10.6,0.14,0.14,0.093326,1776203847000
1776203849.127,149.127,0.57,10.6,0.56,10.6,0.71,70.0,0.73,13.2,0.29,70.0,0.27,13.2,0.43,10.6,0.44,10.6,0.14,0.14,0.093326,1776203848000
1776203850.19,150.19,0.57,10.6,0.56,10.6,0.71,70.0,0.73,13.2,0.29,70.0,0.27,13.2,0.43,10.6,0.44,10.6,0.14,0.14,0.093324,1776203849000
1776203851.226,151.226,0.57,10.6,0.56,10.6,0.71,70.0,0.73,13.2,0.29,70.0,0.27,13.2,0.43,10.6,0.44,10.6,0.14,0.14,0.093329,1776203850000
1776203852.328,152.328,0.57,10.6,0.56,10.6,0.71,70.0,0.73,13.2,0.29,70.0,0.27,13.2,0.43,10.6,0.44,10.6,0.14,0.14,0.093326,1776203851000
1776203852.878,152.878,0.57,10.6,0.56,10.6,0.71,70.0,0.73,13.2,0.29,70.0,0.27,13.2,0.43,10.6,0.44,10.6,0.14,0.14,0.093326,1776203852000
1776203853.971,153.971,0.57,10.6,0.56,10.6,0.71,70.0,0.73,13.2,0.29,70.0,0.27,13.2,0.43,10.6,0.44,10.6,0.14,0.14,0.093333,1776203853000
1776203855.002,155.002,0.57,10.6,0.56,10.6,0.71,70.0,0.73,13.2,0.29,70.0,0.27,13.2,0.43,10.6,0.44,10.6,0.14,0.14,0.093334,1776203854000
1776203856.02,156.02,0.57,10.6,0.56,10.6,0.71,70.0,0.73,13.2,0.29,70.0,0.27,13.2,0.43,10.6,0.44,10.6,0.14,0.14,0.093334,1776203855000
1776203856.801,156.801,0.66,11.6,0.65,37.4,0.78,3.52,0.85,20.39,0.29,70.0,0.27,13.2,0.43,10.6,0.44,10.6,0.12,0.14,0.093334,1776203855000
1776203857.104,157.104,0.66,11.6,0.65,37.4,0.78,3.52,0.85,20.39,0.22,3.52,0.15,20.39,0.34,11.6,0.35,37.4,0.12,0.12,0.093338,1776203856000
1776203858.153,158.153,0.66,11.6,0.65,37.4,0.78,3.52,0.85,20.39,0.22,3.52,0.15,20.39,0.34,11.6,0.35,37.4,0.12,0.12,0.093342,1776203857000
1776203859.162,159.162,0.66,11.6,0.65,37.4,0.78,3.52,0.85,20.39,0.22,3.52,0.15,20.39,0.34,11.6,0.35,37.4,0.12,0.12,0.093335,1776203858000
1776203860.246,160.246,0.66,11.6,0.65,37.4,0.78,3.52,0.85,20.39,0.22,3.52,0.15,20.39,0.34,11.6,0.35,37.4,0.12,0.12,0.093337,1776203859000
1776203860.975,160.975,0.66,11.6,0.65,37.4,0.78,3.52,0.85,20.39,0.22,3.52,0.15,20.39,0.34,11.6,0.35,37.4,0.12,0.12,0.093347,1776203860000
1776203862.397,162.397,0.66,11.6,0.65,37.4,0.78,3.52,0.85,20.39,0.22,3.52,0.15,20.39,0.34,11.6,0.35,37.4,0.12,0.12,0.09335,1776203861000
1776203862.906,162.906,0.74,9.65,0.73,13.2,0.85,20.39,0.86,21.6,0.15,20.39,0.14,21.6,0.26,9.65,0.27,13.2,0.11,0.11,0.09335,1776203862000
1776203863.997,163.997,0.74,9.65,0.73,13.2,0.85,20.39,0.86,21.6,0.15,20.39,0.14,21.6,0.26,9.65,0.27,13.2,0.11,0.11,0.093349,1776203863000
1776203864.897,164.897,0.74,9.65,0.73,13.2,0.85,20.39,0.86,21.6,0.15,20.39,0.14,21.6,0.26,9.65,0.27,13.2,0.11,0.11,0.093349,1776203864000
1776203865.889,165.889,0.74,9.65,0.73,13.2,0.85,20.39,0.86,21.6,0.15,20.39,0.14,21.6,0.26,9.65,0.27,13.2,0.11,0.11,0.093334,1776203865000
1776203866.889,166.889,0.74,9.65,0.73,13.2,0.85,20.39,0.86,21.6,0.15,20.39,0.14,21.6,0.26,9.65,0.27,13.2,0.11,0.11,0.093329,1776203866000
1776203867.871,167.871,0.74,9.65,0.73,13.2,0.85,20.39,0.86,21.6,0.15,20.39,0.14,21.6,0.26,9.65,0.27,13.2,0.11,0.11,0.093329,1776203867000
1776203868.862,168.862,0.74,9.65,0.73,13.2,0.85,20.39,0.86,21.6,0.15,20.39,0.14,21.6,0.26,9.65,0.27,13.2,0.11,0.11,0.093331,1776203868000
1776203870.221,170.221,0.74,9.65,0.73,13.2,0.85,20.39,0.86,21.6,0.15,20.39,0.14,21.6,0.26,9.65,0.27,13.2,0.11,0.11,0.09333,1776203869000
1776203871.097,171.097,0.73,6.0,0.65,11.4,0.78,13.27,0.79,20.7,0.15,20.39,0.14,21.6,0.26,9.65,0.27,13.2,0.05,0.11,0.09333,1776203869000
1776203872.21,172.21,0.73,6.0,0.65,11.4,0.78,13.27,0.79,20.7,0.22,13.27,0.21,20.7,0.27,6.0,0.35,11.4,0.05,0.05,0.093326,1776203871000
1776203872.497,172.497,0.73,0.62,0.64,11.3,0.77,14.7,0.78,13.27,0.22,13.27,0.21,20.7,0.27,6.0,0.35,11.4,0.04,0.05,0.093326,1776203871000
1776203873.225,173.225,0.73,0.62,0.64,11.3,0.77,14.7,0.78,13.27,0.23,14.7,0.22,13.27,0.27,0.62,0.36,11.3,0.04,0.04,0.093328,1776203872000
1776203874.978,174.978,0.73,0.62,0.64,11.3,0.77,14.7,0.78,13.27,0.23,14.7,0.22,13.27,0.27,0.62,0.36,11.3,0.04,0.04,0.093334,1776203873000
1776203875.6,175.6,0.73,0.62,0.64,11.3,0.77,14.7,0.78,13.27,0.23,14.7,0.22,13.27,0.27,0.62,0.36,11.3,0.04,0.04,0.093334,1776203874000
1776203876.187,176.187,0.73,0.62,0.64,11.3,0.77,14.7,0.78,13.27,0.23,14.7,0.22,13.27,0.27,0.62,0.36,11.3,0.04,0.04,0.093334,1776203875000
1776203877.103,177.103,0.73,0.62,0.64,11.3,0.77,14.7,0.78,13.27,0.23,14.7,0.22,13.27,0.27,0.62,0.36,11.3,0.04,0.04,0.093335,1776203876000
1776203878.226,178.226,0.73,0.62,0.64,11.3,0.77,14.7,0.78,13.27,0.23,14.7,0.22,13.27,0.27,0.62,0.36,11.3,0.04,0.04,0.093336,1776203877000
1776203879.331,179.331,0.73,0.62,0.64,11.3,0.77,14.7,0.78,13.27,0.23,14.7,0.22,13.27,0.27,0.62,0.36,11.3,0.04,0.04,0.093336,1776203878000
1776203879.887,179.887,0.64,10.03,0.63,11.2,0.78,13.27,0.79,15.7,0.23,14.7,0.22,13.27,0.27,0.62,0.36,11.3,0.14,0.04,0.093336,1776203878000
1776203880.445,180.445,0.64,10.03,0.63,11.2,0.78,13.27,0.79,15.7,0.22,13.27,0.21,15.7,0.36,10.03,0.37,11.2,0.14,0.14,0.093339,1776203879000
1776203881.057,181.057,0.64,10.03,0.63,11.2,0.78,13.27,0.79,15.7,0.22,13.27,0.21,15.7,0.36,10.03,0.37,11.2,0.14,0.14,0.093339,1776203880000
1776203882.204,182.204,0.64,10.03,0.63,11.2,0.78,13.27,0.79,15.7,0.22,13.27,0.21,15.7,0.36,10.03,0.37,11.2,0.14,0.14,0.09334,1776203881000
1776203883.392,183.392,0.64,10.03,0.63,11.2,0.78,13.27,0.79,15.7,0.22,13.27,0.21,15.7,0.36,10.03,0.37,11.2,0.14,0.14,0.093342,1776203882000
1776203883.864,183.864,0.64,10.03,0.63,11.2,0.78,13.27,0.79,15.7,0.22,13.27,0.21,15.7,0.36,10.03,0.37,11.2,0.14,0.14,0.093342,1776203883000
1776203885.059,185.059,0.64,10.03,0.63,11.2,0.78,13.27,0.79,15.7,0.22,13.27,0.21,15.7,0.36,10.03,0.37,11.2,0.14,0.14,0.093343,1776203884000
1776203886.187,186.187,0.64,10.03,0.63,11.2,0.78,13.27,0.79,15.7,0.22,13.27,0.21,15.7,0.36,10.03,0.37,11.2,0.14,0.14,0.093332,1776203885000
1776203887.237,187.237,0.64,10.03,0.63,11.2,0.78,13.27,0.79,15.7,0.22,13.27,0.21,15.7,0.36,10.03,0.37,11.2,0.14,0.14,0.093334,1776203886000
1776203888.374,188.374,0.64,10.03,0.63,11.2,0.78,13.27,0.79,15.7,0.22,13.27,0.21,15.7,0.36,10.03,0.37,11.2,0.14,0.14,0.093338,1776203887000
1776203889.524,189.524,0.64,10.03,0.63,11.2,0.78,13.27,0.79,15.7,0.22,13.27,0.21,15.7,0.36,10.03,0.37,11.2,0.14,0.14,0.093339,1776203888000
1776203890.017,190.017,0.64,10.03,0.63,11.2,0.78,13.27,0.79,15.7,0.22,13.27,0.21,15.7,0.36,10.03,0.37,11.2,0.14,0.14,0.093338,1776203889000
1776203891.847,191.847,0.64,10.03,0.63,11.2,0.78,13.27,0.79,15.7,0.22,13.27,0.21,15.7,0.36,10.03,0.37,11.2,0.14,0.14,0.093333,1776203890000
1776203892.379,192.379,0.64,10.03,0.63,11.2,0.78,13.27,0.79,15.7,0.22,13.27,0.21,15.7,0.36,10.03,0.37,11.2,0.14,0.14,0.09333,1776203891000
1776203892.979,192.979,0.64,10.03,0.63,11.2,0.78,13.27,0.79,15.7,0.22,13.27,0.21,15.7,0.36,10.03,0.37,11.2,0.14,0.14,0.09333,1776203892000
1776203894.225,194.225,0.64,10.03,0.63,11.2,0.78,13.27,0.79,15.7,0.22,13.27,0.21,15.7,0.36,10.03,0.37,11.2,0.14,0.14,0.093333,1776203893000
1776203895.347,195.347,0.64,10.03,0.63,11.2,0.78,13.27,0.79,15.7,0.22,13.27,0.21,15.7,0.36,10.03,0.37,11.2,0.14,0.14,0.093334,1776203894000
1776203896.29,196.29,0.72,33.9,0.71,12.6,0.86,21.6,0.87,23.0,0.14,21.6,0.13,23.0,0.28,33.9,0.29,12.6,0.14,0.14,0.093348,1776203895000
1776203897.383,197.383,0.72,33.9,0.71,12.6,0.86,21.6,0.87,23.0,0.14,21.6,0.13,23.0,0.28,33.9,0.29,12.6,0.14,0.14,0.093346,1776203896000
1776203897.907,197.907,0.72,33.9,0.71,12.6,0.86,21.6,0.87,23.0,0.14,21.6,0.13,23.0,0.28,33.9,0.29,12.6,0.14,0.14,0.093346,1776203897000
1776203898.925,198.925,0.72,33.9,0.71,12.6,0.86,21.6,0.87,23.0,0.14,21.6,0.13,23.0,0.28,33.9,0.29,12.6,0.14,0.14,0.093349,1776203898000
1776203899.926,199.926,0.72,33.9,0.71,12.6,0.86,21.6,0.87,23.0,0.14,21.6,0.13,23.0,0.28,33.9,0.29,12.6,0.14,0.14,0.093352,1776203899000
1776203901.346,201.346,0.72,33.9,0.71,12.6,0.86,21.6,0.87,23.0,0.14,21.6,0.13,23.0,0.28,33.9,0.29,12.6,0.14,0.14,0.093358,1776203900000
1776203901.936,201.936,0.72,33.9,0.71,12.6,0.86,21.6,0.87,23.0,0.14,21.6,0.13,23.0,0.28,33.9,0.29,12.6,0.14,0.14,0.093368,1776203901000
1776203903.089,203.089,0.72,33.9,0.71,12.6,0.86,21.6,0.87,23.0,0.14,21.6,0.13,23.0,0.28,33.9,0.29,12.6,0.14,0.14,0.09336,1776203902000
1776203904.687,204.687,0.72,33.9,0.71,12.6,0.86,21.6,0.87,23.0,0.14,21.6,0.13,23.0,0.28,33.9,0.29,12.6,0.14,0.14,0.093359,1776203903000
1776203905.199,205.199,0.72,33.9,0.71,12.6,0.86,21.6,0.87,23.0,0.14,21.6,0.13,23.0,0.28,33.9,0.29,12.6,0.14,0.14,0.093359,1776203904000
1776203906.251,206.251,0.72,33.9,0.71,12.6,0.86,21.6,0.87,23.0,0.14,21.6,0.13,23.0,0.28,33.9,0.29,12.6,0.14,0.14,0.093363,1776203905000
1776203907.309,207.309,0.72,33.9,0.71,12.6,0.86,21.6,0.87,23.0,0.14,21.6,0.13,23.0,0.28,33.9,0.29,12.6,0.14,0.14,0.093363,1776203906000
1776203908.289,208.289,0.72,33.9,0.71,12.6,0.86,21.6,0.87,23.0,0.14,21.6,0.13,23.0,0.28,33.9,0.29,12.6,0.14,0.14,0.093363,1776203907000
1776203908.717,208.717,0.86,5.0,0.81,16.89,0.9,32.78,0.91,31.7,0.14,21.6,0.13,23.0,0.28,33.9,0.29,12.6,0.04,0.14,0.093363,1776203907000
1776203909.761,209.761,0.86,5.0,0.81,16.89,0.9,32.78,0.91,31.7,0.1,32.78,0.09,31.7,0.14,5.0,0.19,16.89,0.04,0.04,0.09336,1776203908000
1776203910.253,210.253,0.86,5.0,0.81,16.89,0.9,32.78,0.91,31.7,0.1,32.78,0.09,31.7,0.14,5.0,0.19,16.89,0.04,0.04,0.093357,1776203909000
1776203911.285,211.285,0.86,5.0,0.81,16.89,0.9,32.78,0.91,31.7,0.1,32.78,0.09,31.7,0.14,5.0,0.19,16.89,0.04,0.04,0.093361,1776203910000
1776203911.973,211.973,0.86,5.0,0.81,16.89,0.9,32.78,0.91,31.7,0.1,32.78,0.09,31.7,0.14,5.0,0.19,16.89,0.04,0.04,0.093355,1776203911000
1776203913.129,213.129,0.86,5.0,0.81,16.89,0.9,32.78,0.91,31.7,0.1,32.78,0.09,31.7,0.14,5.0,0.19,16.89,0.04,0.04,0.093349,1776203912000
1776203914.079,214.079,0.86,5.0,0.81,16.89,0.9,32.78,0.91,31.7,0.1,32.78,0.09,31.7,0.14,5.0,0.19,16.89,0.04,0.04,0.093348,1776203913000
1776203915.169,215.169,0.86,5.0,0.81,16.89,0.9,32.78,0.91,31.7,0.1,32.78,0.09,31.7,0.14,5.0,0.19,16.89,0.04,0.04,0.093354,1776203914000
1776203916.294,216.294,0.86,5.0,0.81,16.89,0.9,32.78,0.91,31.7,0.1,32.78,0.09,31.7,0.14,5.0,0.19,16.89,0.04,0.04,0.093358,1776203915000
1776203917.584,217.584,0.86,5.0,0.81,16.89,0.9,32.78,0.91,31.7,0.1,32.78,0.09,31.7,0.14,5.0,0.19,16.89,0.04,0.04,0.093359,1776203916000
1776203918.317,218.317,0.86,5.0,0.81,16.89,0.9,32.78,0.91,31.7,0.1,32.78,0.09,31.7,0.14,5.0,0.19,16.89,0.04,0.04,0.093359,1776203917000
1776203919.222,219.222,0.86,5.0,0.81,16.89,0.9,32.78,0.91,31.7,0.1,32.78,0.09,31.7,0.14,5.0,0.19,16.89,0.04,0.04,0.093355,1776203918000
1776203920.316,220.316,0.86,5.0,0.81,16.89,0.9,32.78,0.91,31.7,0.1,32.78,0.09,31.7,0.14,5.0,0.19,16.89,0.04,0.04,0.093355,1776203919000
1776203921.285,221.285,0.86,5.0,0.81,16.89,0.9,32.78,0.91,31.7,0.1,32.78,0.09,31.7,0.14,5.0,0.19,16.89,0.04,0.04,0.093361,1776203920000
1776203922.285,222.285,0.86,5.0,0.81,16.89,0.9,32.78,0.91,31.7,0.1,32.78,0.09,31.7,0.14,5.0,0.19,16.89,0.04,0.04,0.093363,1776203921000
1776203923.299,223.299,0.86,5.0,0.81,16.89,0.9,32.78,0.91,31.7,0.1,32.78,0.09,31.7,0.14,5.0,0.19,16.89,0.04,0.04,0.093363,1776203922000
1776203924.215,224.215,0.86,5.0,0.81,16.89,0.9,32.78,0.91,31.7,0.1,32.78,0.09,31.7,0.14,5.0,0.19,16.89,0.04,0.04,0.093359,1776203923000
1776203925.167,225.167,0.86,5.0,0.81,16.89,0.9,32.78,0.91,31.7,0.1,32.78,0.09,31.7,0.14,5.0,0.19,16.89,0.04,0.04,0.093351,1776203924000
1776203926.303,226.303,0.86,5.0,0.81,16.89,0.9,32.78,0.91,31.7,0.1,32.78,0.09,31.7,0.14,5.0,0.19,16.89,0.04,0.04,0.093349,1776203925000
1776203927.351,227.351,0.86,5.0,0.81,16.89,0.9,32.78,0.91,31.7,0.1,32.78,0.09,31.7,0.14,5.0,0.19,16.89,0.04,0.04,0.093349,1776203926000
1776203928.305,228.305,0.86,5.0,0.81,16.89,0.9,32.78,0.91,31.7,0.1,32.78,0.09,31.7,0.14,5.0,0.19,16.89,0.04,0.04,0.093346,1776203927000
1776203929.29,229.29,0.86,5.0,0.81,16.89,0.9,32.78,0.91,31.7,0.1,32.78,0.09,31.7,0.14,5.0,0.19,16.89,0.04,0.04,0.093342,1776203928000
1776203930.336,230.336,0.86,5.0,0.81,16.89,0.9,32.78,0.91,31.7,0.1,32.78,0.09,31.7,0.14,5.0,0.19,16.89,0.04,0.04,0.093337,1776203929000
1776203931.27,231.27,0.86,5.0,0.81,16.89,0.9,32.78,0.91,31.7,0.1,32.78,0.09,31.7,0.14,5.0,0.19,16.89,0.04,0.04,0.093337,1776203930000
1776203932.269,232.269,0.86,5.0,0.81,16.89,0.9,32.78,0.91,31.7,0.1,32.78,0.09,31.7,0.14,5.0,0.19,16.89,0.04,0.04,0.093336,1776203931000
1776203933.516,233.516,0.86,5.0,0.81,16.89,0.9,32.78,0.91,31.7,0.1,32.78,0.09,31.7,0.14,5.0,0.19,16.89,0.04,0.04,0.093336,1776203932000
1776203934.019,234.019,0.68,11.9,0.67,11.8,0.87,38.0,0.88,24.6,0.1,32.78,0.09,31.7,0.14,5.0,0.19,16.89,0.19,0.04,0.093336,1776203932000
1776203935.247,235.247,0.68,11.9,0.67,11.8,0.87,38.0,0.88,24.6,0.13,38.0,0.12,24.6,0.32,11.9,0.33,11.8,0.19,0.19,0.093338,1776203934000
1776203936.369,236.369,0.68,11.9,0.67,11.8,0.87,38.0,0.88,24.6,0.13,38.0,0.12,24.6,0.32,11.9,0.33,11.8,0.19,0.19,0.093338,1776203935000
1776203936.739,236.739,0.55,10.5,0.54,10.5,0.71,47.27,0.81,50.0,0.13,38.0,0.12,24.6,0.32,11.9,0.33,11.8,0.16,0.19,0.093338,1776203935000
1776203937.642,237.642,0.54,4.04,0.53,10.4,0.7,5.0,0.71,52.27,0.29,47.27,0.19,50.0,0.45,10.5,0.46,10.5,0.16,0.16,0.093325,1776203936000
1776203937.97,237.97,0.48,3.0,0.37,11.2,0.51,45.0,0.61,50.0,0.3,5.0,0.29,52.27,0.46,4.04,0.47,10.4,0.03,0.16,0.093325,1776203936000
1776203939.085,239.085,0.29,8.41,0.28,12.9,0.51,50.0,0.56,5.0,0.49,45.0,0.39,50.0,0.63,3.96,0.64,11.3,0.22,0.14,0.093327,1776203937000
1776203940.451,240.451,0.29,8.41,0.28,12.9,0.51,50.0,0.56,5.0,0.49,50.0,0.44,5.0,0.71,8.41,0.72,12.9,0.22,0.22,0.093305,1776203939000
1776203941.142,241.142,0.29,8.41,0.28,12.9,0.51,50.0,0.56,5.0,0.49,50.0,0.44,5.0,0.71,8.41,0.72,12.9,0.22,0.22,0.093299,1776203940000
1776203942.281,242.281,0.29,8.41,0.28,12.9,0.51,50.0,0.56,5.0,0.49,50.0,0.44,5.0,0.71,8.41,0.72,12.9,0.22,0.22,0.093298,1776203941000
1776203943.441,243.441,0.29,8.41,0.28,12.9,0.51,50.0,0.56,5.0,0.49,50.0,0.44,5.0,0.71,8.41,0.72,12.9,0.22,0.22,0.093298,1776203942000
1776203943.99,243.99,0.29,8.41,0.28,12.9,0.51,50.0,0.56,5.0,0.49,50.0,0.44,5.0,0.71,8.41,0.72,12.9,0.22,0.22,0.093298,1776203943000
1776203945.312,245.312,0.29,8.41,0.28,12.9,0.51,50.0,0.56,5.0,0.49,50.0,0.44,5.0,0.71,8.41,0.72,12.9,0.22,0.22,0.0933,1776203944000
1776203946.459,246.459,0.29,8.41,0.28,12.9,0.51,50.0,0.56,5.0,0.49,50.0,0.44,5.0,0.71,8.41,0.72,12.9,0.22,0.22,0.093284,1776203945000
1776203947.67,247.67,0.29,8.41,0.28,12.9,0.51,50.0,0.56,5.0,0.49,50.0,0.44,5.0,0.71,8.41,0.72,12.9,0.22,0.22,0.093295,1776203946000
1776203948.31,248.31,0.29,8.41,0.28,12.9,0.51,50.0,0.56,5.0,0.49,50.0,0.44,5.0,0.71,8.41,0.72,12.9,0.22,0.22,0.093301,1776203947000
1776203949.37,249.37,0.29,8.41,0.28,12.9,0.51,50.0,0.56,5.0,0.49,50.0,0.44,5.0,0.71,8.41,0.72,12.9,0.22,0.22,0.093309,1776203948000
1776203949.912,249.912,0.29,8.41,0.28,12.9,0.51,50.0,0.56,5.0,0.49,50.0,0.44,5.0,0.71,8.41,0.72,12.9,0.22,0.22,0.093309,1776203949000
1776203951.141,251.141,0.29,8.41,0.28,12.9,0.51,50.0,0.56,5.0,0.49,50.0,0.44,5.0,0.71,8.41,0.72,12.9,0.22,0.22,0.093312,1776203950000
1776203952.213,252.213,0.29,8.41,0.28,12.9,0.51,50.0,0.56,5.0,0.49,50.0,0.44,5.0,0.71,8.41,0.72,12.9,0.22,0.22,0.093315,1776203951000
1776203953.253,253.253,0.29,8.41,0.28,12.9,0.51,50.0,0.56,5.0,0.49,50.0,0.44,5.0,0.71,8.41,0.72,12.9,0.22,0.22,0.093315,1776203952000
1776203954.342,254.342,0.29,8.41,0.28,12.9,0.51,50.0,0.56,5.0,0.49,50.0,0.44,5.0,0.71,8.41,0.72,12.9,0.22,0.22,0.093322,1776203953000
1776203955.169,255.169,0.29,8.41,0.28,12.9,0.51,50.0,0.56,5.0,0.49,50.0,0.44,5.0,0.71,8.41,0.72,12.9,0.22,0.22,0.093322,1776203954000
1776203956.298,256.298,0.29,8.41,0.28,12.9,0.51,50.0,0.56,5.0,0.49,50.0,0.44,5.0,0.71,8.41,0.72,12.9,0.22,0.22,0.093323,1776203955000
1776203957.365,257.365,0.29,8.41,0.28,12.9,0.51,50.0,0.56,5.0,0.49,50.0,0.44,5.0,0.71,8.41,0.72,12.9,0.22,0.22,0.093323,1776203956000
1776203957.93,257.93,0.29,8.41,0.28,12.9,0.51,50.0,0.56,5.0,0.49,50.0,0.44,5.0,0.71,8.41,0.72,12.9,0.22,0.22,0.093323,1776203957000
1776203959.061,259.061,0.29,8.41,0.28,12.9,0.51,50.0,0.56,5.0,0.49,50.0,0.44,5.0,0.71,8.41,0.72,12.9,0.22,0.22,0.093323,1776203958000
1776203960.138,260.138,0.29,8.41,0.28,12.9,0.51,50.0,0.56,5.0,0.49,50.0,0.44,5.0,0.71,8.41,0.72,12.9,0.22,0.22,0.093325,1776203959000
1776203961.321,261.321,0.29,8.41,0.28,12.9,0.51,50.0,0.56,5.0,0.49,50.0,0.44,5.0,0.71,8.41,0.72,12.9,0.22,0.22,0.093325,1776203960000
1776203962.287,262.287,0.29,8.41,0.28,12.9,0.51,50.0,0.56,5.0,0.49,50.0,0.44,5.0,0.71,8.41,0.72,12.9,0.22,0.22,0.093325,1776203961000
1776203963.266,263.266,0.29,8.41,0.28,12.9,0.51,50.0,0.56,5.0,0.49,50.0,0.44,5.0,0.71,8.41,0.72,12.9,0.22,0.22,0.093325,1776203962000
1776203964.215,264.215,0.29,8.41,0.28,12.9,0.51,50.0,0.56,5.0,0.49,50.0,0.44,5.0,0.71,8.41,0.72,12.9,0.22,0.22,0.093325,1776203963000
1776203965.177,265.177,0.29,8.41,0.28,12.9,0.51,50.0,0.56,5.0,0.49,50.0,0.44,5.0,0.71,8.41,0.72,12.9,0.22,0.22,0.09332,1776203964000
1776203966.27,266.27,0.29,8.41,0.28,12.9,0.51,50.0,0.56,5.0,0.49,50.0,0.44,5.0,0.71,8.41,0.72,12.9,0.22,0.22,0.09332,1776203965000
1776203967.152,267.152,0.29,8.41,0.28,12.9,0.51,50.0,0.56,5.0,0.49,50.0,0.44,5.0,0.71,8.41,0.72,12.9,0.22,0.22,0.093328,1776203966000
1776203968.107,268.107,0.29,8.41,0.28,12.9,0.51,50.0,0.56,5.0,0.49,50.0,0.44,5.0,0.71,8.41,0.72,12.9,0.22,0.22,0.09333,1776203967000
1776203969.101,269.101,0.29,8.41,0.28,12.9,0.51,50.0,0.56,5.0,0.49,50.0,0.44,5.0,0.71,8.41,0.72,12.9,0.22,0.22,0.093331,1776203968000
1776203970.127,270.127,0.29,8.41,0.28,12.9,0.51,50.0,0.56,5.0,0.49,50.0,0.44,5.0,0.71,8.41,0.72,12.9,0.22,0.22,0.093333,1776203969000
1776203971.008,271.008,0.29,8.41,0.28,12.9,0.51,50.0,0.56,5.0,0.49,50.0,0.44,5.0,0.71,8.41,0.72,12.9,0.22,0.22,0.093336,1776203970000
1776203972.007,272.007,0.29,8.41,0.28,12.9,0.51,50.0,0.56,5.0,0.49,50.0,0.44,5.0,0.71,8.41,0.72,12.9,0.22,0.22,0.093337,1776203971000
1776203972.948,272.948,0.29,8.41,0.28,12.9,0.51,50.0,0.56,5.0,0.49,50.0,0.44,5.0,0.71,8.41,0.72,12.9,0.22,0.22,0.093336,1776203972000
1776203974.009,274.009,0.29,8.41,0.28,12.9,0.51,50.0,0.56,5.0,0.49,50.0,0.44,5.0,0.71,8.41,0.72,12.9,0.22,0.22,0.093336,1776203973000
1776203975.01,275.01,0.29,8.41,0.28,12.9,0.51,50.0,0.56,5.0,0.49,50.0,0.44,5.0,0.71,8.41,0.72,12.9,0.22,0.22,0.093339,1776203974000
1776203975.61,275.61,0.41,50.0,0.31,50.0,0.71,48.54,0.81,50.0,0.29,50.0,0.19,113.0,0.37,2.92,0.38,11.0,0.3,0.08,0.093339,1776203974000
1776203975.998,275.998,0.41,50.0,0.31,50.0,0.71,48.54,0.81,50.0,0.29,48.54,0.19,50.0,0.59,50.0,0.69,50.0,0.3,0.3,0.093339,1776203975000
1776203976.342,276.342,0.41,48.1,0.31,50.0,0.71,48.54,0.81,50.0,0.29,48.54,0.19,50.0,0.59,50.0,0.69,50.0,0.3,0.3,0.093339,1776203975000
1776203976.967,276.967,0.41,48.1,0.31,50.0,0.71,48.54,0.81,50.0,0.29,48.54,0.19,50.0,0.59,48.1,0.69,50.0,0.3,0.3,0.093321,1776203976000
1776203977.891,277.891,0.41,48.1,0.31,50.0,0.71,48.54,0.81,50.0,0.29,48.54,0.19,50.0,0.59,48.1,0.69,50.0,0.3,0.3,0.093316,1776203977000
1776203978.897,278.897,0.41,48.1,0.31,50.0,0.71,48.54,0.81,50.0,0.29,48.54,0.19,50.0,0.59,48.1,0.69,50.0,0.3,0.3,0.093315,1776203978000
1776203979.865,279.865,0.41,48.1,0.31,50.0,0.71,48.54,0.81,50.0,0.29,48.54,0.19,50.0,0.59,48.1,0.69,50.0,0.3,0.3,0.093308,1776203979000
1776203981.027,281.027,0.41,46.68,0.31,50.0,0.71,48.54,0.81,50.0,0.29,48.54,0.19,50.0,0.59,46.68,0.69,50.0,0.3,0.3,0.093308,1776203980000
1776203981.875,281.875,0.41,46.68,0.31,50.0,0.71,48.54,0.81,50.0,0.29,48.54,0.19,50.0,0.59,46.68,0.69,50.0,0.3,0.3,0.093308,1776203981000
1776203982.824,282.824,0.41,46.68,0.31,50.0,0.71,48.54,0.81,50.0,0.29,48.54,0.19,50.0,0.59,46.68,0.69,50.0,0.3,0.3,0.09331,1776203982000
1776203983.902,283.902,0.41,46.68,0.31,50.0,0.71,48.54,0.81,50.0,0.29,48.54,0.19,50.0,0.59,46.68,0.69,50.0,0.3,0.3,0.093312,1776203983000
1776203984.798,284.798,0.41,46.68,0.31,50.0,0.71,48.54,0.81,50.0,0.29,48.54,0.19,50.0,0.59,46.68,0.69,50.0,0.3,0.3,0.09332,1776203984000
1776203986.292,286.292,0.41,46.68,0.31,50.0,0.71,48.54,0.81,50.0,0.29,48.54,0.19,50.0,0.59,46.68,0.69,50.0,0.3,0.3,0.09332,1776203985000
1776203986.497,286.497,0.41,87.68,0.31,50.0,0.48,5.0,0.49,5.0,0.29,48.54,0.19,50.0,0.59,46.68,0.69,50.0,0.07,0.3,0.09332,1776203985000
1776203987.774,287.774,0.41,87.68,0.31,50.0,0.48,5.0,0.49,5.0,0.52,5.0,0.51,5.0,0.59,87.68,0.69,50.0,0.07,0.07,0.093321,1776203986000
1776203988.625,288.625,0.41,87.68,0.31,50.0,0.48,5.0,0.49,5.0,0.52,5.0,0.51,5.0,0.59,87.68,0.69,50.0,0.07,0.07,0.093321,1776203987000
1776203989.578,289.578,0.41,87.68,0.31,50.0,0.48,5.0,0.49,5.0,0.52,5.0,0.51,5.0,0.59,87.68,0.69,50.0,0.07,0.07,0.093311,1776203988000
1776203990.395,290.395,0.7,5.0,0.41,82.68,0.71,17.54,0.81,50.0,0.29,17.54,0.19,50.0,0.3,5.0,0.59,82.68,0.01,0.01,0.09331,1776203989000
1776203991.088,291.088,0.7,5.0,0.41,82.68,0.71,17.54,0.81,50.0,0.29,17.54,0.19,50.0,0.3,5.0,0.59,82.68,0.01,0.01,0.09331,1776203990000
1776203992.196,292.196,0.7,5.0,0.41,82.68,0.71,17.54,0.81,50.0,0.29,17.54,0.19,50.0,0.3,5.0,0.59,82.68,0.01,0.01,0.093304,1776203991000
1776203993.549,293.549,0.7,5.0,0.41,82.68,0.71,17.54,0.81,50.0,0.29,17.54,0.19,50.0,0.3,5.0,0.59,82.68,0.01,0.01,0.093312,1776203992000
1776203994.239,294.239,0.7,5.0,0.41,82.68,0.71,17.54,0.81,50.0,0.29,17.54,0.19,50.0,0.3,5.0,0.59,82.68,0.01,0.01,0.093313,1776203993000
1776203994.461,294.461,0.51,50.0,0.41,46.68,0.71,16.14,0.81,50.0,0.29,17.54,0.19,50.0,0.3,5.0,0.59,82.68,0.2,0.01,0.093313,1776203993000
1776203995.489,295.489,0.51,50.0,0.41,46.68,0.71,14.74,0.81,50.0,0.29,14.74,0.19,50.0,0.49,50.0,0.59,46.68,0.2,0.2,0.093311,1776203994000
1776203996.087,296.087,0.51,50.0,0.41,46.68,0.71,14.74,0.81,50.0,0.29,14.74,0.19,50.0,0.49,50.0,0.59,46.68,0.2,0.2,0.093311,1776203995000
1776203996.439,296.439,0.51,50.0,0.41,46.68,0.71,13.2,0.81,50.0,0.29,14.74,0.19,50.0,0.49,50.0,0.59,46.68,0.2,0.2,0.093311,1776203995000
1776203997.311,297.311,0.51,50.0,0.41,46.68,0.81,49.22,0.91,50.0,0.29,13.2,0.19,50.0,0.49,50.0,0.59,46.68,0.3,0.2,0.093311,1776203995000
1776203997.577,297.577,0.84,35.86,0.61,50.0,0.91,21.84,0.95,5.0,0.09,50.0,0.05,5.0,0.49,39.0,0.59,46.68,0.07,0.4,0.093311,1776203996000
1776203997.95,297.95,0.84,35.86,0.61,50.0,0.91,70.44,0.95,5.0,0.09,70.44,0.05,5.0,0.16,35.86,0.39,50.0,0.07,0.07,0.09331,1776203997000
1776203998.15,298.15,0.23,5.0,0.21,50.0,0.81,14.14,0.89,11.0,0.19,14.14,0.11,11.0,0.77,5.0,0.79,50.0,0.58,0.58,0.09331,1776203997000
1776203998.435,298.435,0.22,25.31,0.21,47.35,0.61,48.77,0.71,50.0,0.39,50.0,0.29,50.0,0.76,17.84,0.79,47.35,0.39,0.37,0.09331,1776203997000
1776203998.711,298.711,0.22,25.31,0.21,47.35,0.61,1.06,0.71,50.0,0.39,33.85,0.29,50.0,0.78,25.31,0.79,47.35,0.39,0.39,0.09331,1776203997000
1776203999.162,299.162,0.5,133.04,0.43,5.0,0.59,8.0,0.69,9.0,0.39,1.06,0.29,50.0,0.78,25.31,0.79,47.35,0.09,0.39,0.09331,1776203997000
1776203999.38,299.38,0.5,101.42,0.43,5.0,0.59,2.0,0.69,9.0,0.41,8.0,0.31,9.0,0.5,101.42,0.57,5.0,0.09,0.09,0.093311,1776203998000
1776203999.794,299.794,0.5,91.42,0.43,5.0,0.69,4.31,0.79,10.0,0.31,4.31,0.21,10.0,0.5,96.42,0.57,5.0,0.19,0.19,0.093311,1776203998000
1776204000.254,300.254,0.66,26.0,0.54,51.0,0.79,5.31,0.89,11.0,0.31,4.31,0.21,10.0,0.5,91.42,0.57,5.0,0.13,0.19,0.093311,1776203998000
1776204000.592,300.592,0.55,1.8,0.5,10.0,0.79,5.31,0.89,11.0,0.21,5.31,0.11,11.0,0.5,68.42,0.57,5.0,0.24,0.29,0.093305,1776203999000
1776204001.299,301.299,0.27,62.0,0.08,80.0,0.79,5.31,0.89,11.0,0.21,5.31,0.11,11.0,0.73,62.0,0.92,80.0,0.52,0.52,0.093303,1776204000000

# RESULT,winner=Up,slug=doge-updown-5m-1776203700,ticks=321
