timestamp,elapsed_sec,up_bid_p1,up_bid_s1,up_bid_p2,up_bid_s2,up_ask_p1,up_ask_s1,up_ask_p2,up_ask_s2,down_bid_p1,down_bid_s1,down_bid_p2,down_bid_s2,down_ask_p1,down_ask_s1,down_ask_p2,down_ask_s2,up_spread,down_spread,doge_price,doge_oracle_ts
1776243301.346,1.346,,,,,,,,,,,,,,,,,,,0.093124,1776243300000
1776243301.862,1.862,0.44,6.0,0.43,5.0,0.49,5.0,0.57,5.0,0.51,5.0,0.43,5.0,0.57,5.0,0.67,300.0,0.05,0.06,0.093124,1776243300000
1776243302.148,2.148,0.44,4.0,0.43,5.0,0.49,5.0,0.57,5.0,0.51,5.0,0.43,5.0,0.56,6.0,0.57,5.0,0.05,0.05,0.093123,1776243301000
1776243302.927,2.927,0.44,4.0,0.43,5.0,0.49,3.83,0.57,5.0,0.51,5.0,0.43,5.0,0.56,4.0,0.57,5.0,0.05,0.05,0.093123,1776243301000
1776243303.144,3.144,0.44,4.0,0.43,5.0,0.57,5.0,0.61,50.0,0.43,5.0,0.39,50.0,0.56,4.0,0.57,5.0,0.13,0.13,0.093122,1776243302000
1776243304.449,4.449,0.44,4.0,0.43,5.0,0.57,5.0,0.61,50.0,0.43,5.0,0.39,50.0,0.56,4.0,0.57,5.0,0.13,0.13,0.093117,1776243303000
1776243304.726,4.726,0.61,45.0,0.55,20.0,0.69,375.0,0.73,450.0,0.43,5.0,0.39,50.0,0.56,4.0,0.57,5.0,0.08,0.13,0.093117,1776243303000
1776243305.16,5.16,0.61,45.0,0.55,20.0,0.69,375.0,0.73,450.0,0.31,375.0,0.27,450.0,0.39,45.0,0.45,20.0,0.08,0.08,0.093165,1776243304000
1776243305.876,5.876,0.72,63.0,0.71,50.0,0.73,445.0,0.75,600.0,0.31,375.0,0.27,450.0,0.39,45.0,0.45,20.0,0.01,0.08,0.093165,1776243304000
1776243306.239,6.239,0.72,63.0,0.71,50.0,0.73,440.0,0.75,600.0,0.27,445.0,0.25,600.0,0.28,63.0,0.29,50.0,0.01,0.01,0.093165,1776243304000
1776243306.963,6.963,0.72,63.0,0.71,50.0,0.73,440.0,0.75,600.0,0.27,440.0,0.25,600.0,0.28,63.0,0.29,50.0,0.01,0.01,0.093188,1776243306000
1776243307.5,7.5,0.74,59.15,0.72,6.0,0.75,600.0,0.79,750.0,0.27,440.0,0.25,600.0,0.28,63.0,0.29,50.0,0.01,0.01,0.093188,1776243306000
1776243309.011,9.011,0.74,59.15,0.72,6.0,0.75,600.0,0.79,750.0,0.25,600.0,0.21,750.0,0.26,59.15,0.28,6.0,0.01,0.01,0.09324,1776243307000
1776243309.799,9.799,0.74,59.15,0.72,6.0,0.75,600.0,0.79,750.0,0.25,600.0,0.21,750.0,0.26,59.15,0.28,6.0,0.01,0.01,0.09324,1776243308000
1776243310.625,10.625,0.78,46.0,0.74,12.15,0.79,745.0,0.83,900.0,0.25,600.0,0.21,750.0,0.26,59.15,0.28,6.0,0.01,0.01,0.09324,1776243308000
1776243310.97,10.97,0.78,46.0,0.74,12.15,0.79,741.36,0.83,900.0,0.21,745.0,0.17,900.0,0.22,46.0,0.26,12.15,0.01,0.01,0.09324,1776243309000
1776243311.47,11.47,0.78,46.0,0.74,12.15,0.79,741.36,0.83,900.0,0.21,741.36,0.17,900.0,0.22,46.0,0.26,12.15,0.01,0.01,0.09324,1776243310000
1776243311.776,11.776,0.71,70.0,0.61,45.0,0.87,15.0,0.89,100.0,0.21,741.36,0.17,900.0,0.22,46.0,0.26,12.15,0.16,0.01,0.09324,1776243310000
1776243312.275,12.275,0.71,70.0,0.61,45.0,0.87,15.0,0.89,100.0,0.13,15.0,0.11,100.0,0.29,70.0,0.39,45.0,0.16,0.16,0.09324,1776243311000
1776243312.739,12.739,0.88,9.0,0.82,5.0,0.89,100.0,0.9,1800.0,0.13,15.0,0.11,100.0,0.29,70.0,0.39,45.0,0.01,0.16,0.09324,1776243311000
1776243313.812,13.812,0.82,5.0,0.61,45.0,0.87,11.0,0.89,100.0,0.13,11.0,0.11,100.0,0.18,5.0,0.39,45.0,0.05,0.05,0.093247,1776243312000
1776243314.613,14.613,0.82,5.0,0.61,45.0,0.87,11.0,0.89,100.0,0.13,11.0,0.11,100.0,0.18,5.0,0.39,45.0,0.05,0.05,0.093239,1776243313000
1776243315.273,15.273,0.82,5.0,0.61,45.0,0.87,11.0,0.89,100.0,0.13,11.0,0.11,100.0,0.18,5.0,0.39,45.0,0.05,0.05,0.093235,1776243314000
1776243316.75,16.75,0.82,5.0,0.61,45.0,0.87,11.0,0.89,100.0,0.13,11.0,0.11,100.0,0.18,5.0,0.39,45.0,0.05,0.05,0.093197,1776243315000
1776243317.542,17.542,0.82,5.0,0.61,45.0,0.87,11.0,0.89,100.0,0.13,11.0,0.11,100.0,0.18,5.0,0.39,45.0,0.05,0.05,0.09318,1776243316000
1776243318.233,18.233,0.82,5.0,0.61,45.0,0.87,11.0,0.89,100.0,0.13,11.0,0.11,100.0,0.18,5.0,0.39,45.0,0.05,0.05,0.093169,1776243317000
1776243319.611,19.611,0.82,5.0,0.61,45.0,0.87,11.0,0.89,100.0,0.13,11.0,0.11,100.0,0.18,5.0,0.39,45.0,0.05,0.05,0.093162,1776243318000
1776243320.369,20.369,0.82,5.0,0.61,45.0,0.87,11.0,0.89,100.0,0.13,11.0,0.11,100.0,0.18,5.0,0.39,45.0,0.05,0.05,0.093162,1776243319000
1776243320.782,20.782,0.63,14.0,0.62,5.0,0.65,6.0,0.75,10.0,0.13,11.0,0.11,100.0,0.18,5.0,0.39,45.0,0.02,0.05,0.093162,1776243319000
1776243321.104,21.104,0.63,14.0,0.62,5.0,0.65,6.0,0.75,10.0,0.35,6.0,0.25,10.0,0.37,14.0,0.38,5.0,0.02,0.02,0.093162,1776243320000
1776243322.705,22.705,0.63,14.0,0.62,5.0,0.65,1.0,0.75,10.0,0.35,1.0,0.25,10.0,0.37,14.0,0.38,5.0,0.02,0.02,0.093173,1776243321000
1776243323.61,23.61,0.63,14.0,0.62,5.0,0.65,1.0,0.75,10.0,0.35,1.0,0.25,10.0,0.37,14.0,0.38,5.0,0.02,0.02,0.09317,1776243322000
1776243324.143,24.143,0.63,14.0,0.62,5.0,0.65,1.0,0.75,10.0,0.35,1.0,0.25,10.0,0.37,14.0,0.38,5.0,0.02,0.02,0.09317,1776243323000
1776243325.098,25.098,0.63,14.0,0.62,5.0,0.65,1.0,0.75,10.0,0.35,1.0,0.25,10.0,0.37,14.0,0.38,5.0,0.02,0.02,0.09317,1776243324000
1776243326.122,26.122,0.63,14.0,0.62,5.0,0.65,1.0,0.75,10.0,0.35,1.0,0.25,10.0,0.37,14.0,0.38,5.0,0.02,0.02,0.09317,1776243325000
1776243327.785,27.785,0.63,14.0,0.62,5.0,0.65,1.0,0.75,10.0,0.35,1.0,0.25,10.0,0.37,14.0,0.38,5.0,0.02,0.02,0.09317,1776243326000
1776243328.211,28.211,0.63,14.0,0.62,5.0,0.65,1.0,0.75,10.0,0.35,1.0,0.25,10.0,0.37,14.0,0.38,5.0,0.02,0.02,0.093168,1776243327000
1776243329.199,29.199,0.63,14.0,0.62,5.0,0.65,1.0,0.75,10.0,0.35,1.0,0.25,10.0,0.37,14.0,0.38,5.0,0.02,0.02,0.093168,1776243328000
1776243330.293,30.293,0.63,14.0,0.62,5.0,0.65,1.0,0.75,10.0,0.35,1.0,0.25,10.0,0.37,14.0,0.38,5.0,0.02,0.02,0.093168,1776243329000
1776243331.308,31.308,0.63,14.0,0.62,5.0,0.65,1.0,0.75,10.0,0.35,1.0,0.25,10.0,0.37,14.0,0.38,5.0,0.02,0.02,0.093168,1776243330000
1776243331.769,31.769,0.64,6.0,0.63,5.0,0.76,10.0,0.79,25.0,0.35,1.0,0.25,10.0,0.37,14.0,0.38,5.0,0.12,0.02,0.093168,1776243330000
1776243332.31,32.31,0.64,6.0,0.63,5.0,0.76,10.0,0.79,25.0,0.24,10.0,0.21,25.0,0.36,6.0,0.37,5.0,0.12,0.12,0.093169,1776243331000
1776243333.267,33.267,0.64,6.0,0.63,5.0,0.76,10.0,0.79,25.0,0.24,10.0,0.21,25.0,0.36,6.0,0.37,5.0,0.12,0.12,0.093169,1776243332000
1776243334.417,34.417,0.64,6.0,0.63,5.0,0.76,10.0,0.79,25.0,0.24,10.0,0.21,25.0,0.36,6.0,0.37,5.0,0.12,0.12,0.093169,1776243333000
1776243335.33,35.33,0.64,6.0,0.63,5.0,0.76,10.0,0.79,25.0,0.24,10.0,0.21,25.0,0.36,6.0,0.37,5.0,0.12,0.12,0.093169,1776243334000
1776243336.337,36.337,0.64,6.0,0.63,5.0,0.76,10.0,0.79,25.0,0.24,10.0,0.21,25.0,0.36,6.0,0.37,5.0,0.12,0.12,0.093169,1776243335000
1776243337.304,37.304,0.64,6.0,0.63,5.0,0.76,10.0,0.79,25.0,0.24,10.0,0.21,25.0,0.36,6.0,0.37,5.0,0.12,0.12,0.093169,1776243336000
1776243338.305,38.305,0.64,6.0,0.63,5.0,0.76,10.0,0.79,25.0,0.24,10.0,0.21,25.0,0.36,6.0,0.37,5.0,0.12,0.12,0.093169,1776243337000
1776243339.453,39.453,0.64,6.0,0.63,5.0,0.76,10.0,0.79,25.0,0.24,10.0,0.21,25.0,0.36,6.0,0.37,5.0,0.12,0.12,0.093169,1776243338000
1776243339.903,39.903,0.64,6.0,0.63,5.0,0.76,10.0,0.79,25.0,0.24,10.0,0.21,25.0,0.36,6.0,0.37,5.0,0.12,0.12,0.093169,1776243339000
1776243340.772,40.772,0.64,17.22,0.63,5.0,0.76,10.0,0.78,15.2,0.24,10.0,0.21,25.0,0.36,6.0,0.37,5.0,0.12,0.12,0.093169,1776243339000
1776243341.964,41.964,0.64,17.22,0.63,5.0,0.76,10.0,0.78,15.2,0.24,10.0,0.22,15.2,0.36,17.22,0.37,5.0,0.12,0.12,0.093169,1776243341000
1776243343.094,43.094,0.64,17.22,0.63,5.0,0.76,10.0,0.78,15.2,0.24,10.0,0.22,15.2,0.36,17.22,0.37,5.0,0.12,0.12,0.09317,1776243342000
1776243344.094,44.094,0.64,17.22,0.63,5.0,0.76,10.0,0.78,15.2,0.24,10.0,0.22,15.2,0.36,17.22,0.37,5.0,0.12,0.12,0.09317,1776243343000
1776243345.085,45.085,0.64,17.22,0.63,5.0,0.76,10.0,0.78,15.2,0.24,10.0,0.22,15.2,0.36,17.22,0.37,5.0,0.12,0.12,0.093159,1776243344000
1776243346.128,46.128,0.64,17.22,0.63,5.0,0.76,10.0,0.78,15.2,0.24,10.0,0.22,15.2,0.36,17.22,0.37,5.0,0.12,0.12,0.093153,1776243345000
1776243347.219,47.219,0.64,17.22,0.63,5.0,0.76,10.0,0.78,15.2,0.24,10.0,0.22,15.2,0.36,17.22,0.37,5.0,0.12,0.12,0.09315,1776243346000
1776243348.233,48.233,0.64,17.22,0.63,5.0,0.76,10.0,0.78,15.2,0.24,10.0,0.22,15.2,0.36,17.22,0.37,5.0,0.12,0.12,0.09315,1776243347000
1776243349.23,49.23,0.64,17.22,0.63,5.0,0.76,10.0,0.78,15.2,0.24,10.0,0.22,15.2,0.36,17.22,0.37,5.0,0.12,0.12,0.09315,1776243348000
1776243350.793,50.793,0.64,17.22,0.63,5.0,0.76,10.0,0.78,15.2,0.24,10.0,0.22,15.2,0.36,17.22,0.37,5.0,0.12,0.12,0.09315,1776243349000
1776243351.58,51.58,0.64,17.22,0.63,5.0,0.76,10.0,0.78,15.2,0.24,10.0,0.22,15.2,0.36,17.22,0.37,5.0,0.12,0.12,0.09315,1776243350000
1776243352.375,52.375,0.64,17.22,0.63,5.0,0.76,10.0,0.78,15.2,0.24,10.0,0.22,15.2,0.36,17.22,0.37,5.0,0.12,0.12,0.093146,1776243351000
1776243353.573,53.573,0.64,17.22,0.63,5.0,0.76,10.0,0.78,15.2,0.24,10.0,0.22,15.2,0.36,17.22,0.37,5.0,0.12,0.12,0.093146,1776243352000
1776243354.197,54.197,0.64,17.22,0.63,5.0,0.76,10.0,0.78,15.2,0.24,10.0,0.22,15.2,0.36,17.22,0.37,5.0,0.12,0.12,0.093146,1776243353000
1776243355.362,55.362,0.64,17.22,0.63,5.0,0.76,10.0,0.78,15.2,0.24,10.0,0.22,15.2,0.36,17.22,0.37,5.0,0.12,0.12,0.093146,1776243354000
1776243356.656,56.656,0.64,17.22,0.63,5.0,0.76,10.0,0.78,15.2,0.24,10.0,0.22,15.2,0.36,17.22,0.37,5.0,0.12,0.12,0.093148,1776243355000
1776243357.186,57.186,0.64,17.22,0.63,5.0,0.76,10.0,0.78,15.2,0.24,10.0,0.22,15.2,0.36,17.22,0.37,5.0,0.12,0.12,0.093148,1776243356000
1776243358.438,58.438,0.64,17.22,0.63,5.0,0.76,10.0,0.78,15.2,0.24,10.0,0.22,15.2,0.36,17.22,0.37,5.0,0.12,0.12,0.093148,1776243357000
1776243359.069,59.069,0.64,17.22,0.63,5.0,0.76,10.0,0.78,15.2,0.24,10.0,0.22,15.2,0.36,17.22,0.37,5.0,0.12,0.12,0.093148,1776243358000
1776243360.329,60.329,0.64,17.22,0.63,5.0,0.76,10.0,0.78,15.2,0.24,10.0,0.22,15.2,0.36,17.22,0.37,5.0,0.12,0.12,0.093148,1776243359000
1776243361.553,61.553,0.64,17.22,0.63,5.0,0.76,10.0,0.78,15.2,0.24,10.0,0.22,15.2,0.36,17.22,0.37,5.0,0.12,0.12,0.093148,1776243360000
1776243362.087,62.087,0.64,17.22,0.63,5.0,0.76,10.0,0.78,15.2,0.24,10.0,0.22,15.2,0.36,17.22,0.37,5.0,0.12,0.12,0.093148,1776243361000
1776243363.366,63.366,0.64,17.22,0.63,5.0,0.76,10.0,0.78,15.2,0.24,10.0,0.22,15.2,0.36,17.22,0.37,5.0,0.12,0.12,0.093148,1776243362000
1776243364.15,64.15,0.64,17.22,0.63,5.0,0.76,10.0,0.78,15.2,0.24,10.0,0.22,15.2,0.36,17.22,0.37,5.0,0.12,0.12,0.093148,1776243363000
1776243365.896,65.896,0.64,17.22,0.63,5.0,0.76,10.0,0.78,15.2,0.24,10.0,0.22,15.2,0.36,17.22,0.37,5.0,0.12,0.12,0.093147,1776243364000
1776243366.565,66.565,0.64,17.22,0.63,5.0,0.76,10.0,0.78,15.2,0.24,10.0,0.22,15.2,0.36,17.22,0.37,5.0,0.12,0.12,0.093147,1776243365000
1776243367.77,67.77,0.64,17.22,0.63,5.0,0.76,10.0,0.78,15.2,0.24,10.0,0.22,15.2,0.36,17.22,0.37,5.0,0.12,0.12,0.093147,1776243366000
1776243368.322,68.322,0.64,17.22,0.63,5.0,0.76,10.0,0.78,15.2,0.24,10.0,0.22,15.2,0.36,17.22,0.37,5.0,0.12,0.12,0.093147,1776243367000
1776243368.95,68.95,0.64,17.22,0.63,5.0,0.76,10.0,0.78,15.2,0.24,10.0,0.22,15.2,0.36,17.22,0.37,5.0,0.12,0.12,0.093147,1776243368000
1776243370.094,70.094,0.64,17.22,0.63,5.0,0.76,10.0,0.78,15.2,0.24,10.0,0.22,15.2,0.36,17.22,0.37,5.0,0.12,0.12,0.093147,1776243369000
1776243371.318,71.318,0.64,17.22,0.63,5.0,0.76,10.0,0.78,15.2,0.24,10.0,0.22,15.2,0.36,17.22,0.37,5.0,0.12,0.12,0.093146,1776243370000
1776243372.154,72.154,0.59,4.1,0.58,5.0,0.61,5.0,0.62,5.0,0.24,10.0,0.22,15.2,0.36,17.22,0.37,5.0,0.02,0.12,0.093146,1776243370000
1776243372.461,72.461,0.59,4.1,0.58,5.0,0.61,5.0,0.62,5.0,0.39,5.0,0.38,5.0,0.41,4.1,0.42,5.0,0.02,0.02,0.093146,1776243371000
1776243373.013,73.013,0.59,4.1,0.58,5.0,0.61,5.0,0.62,5.0,0.39,5.0,0.38,5.0,0.41,4.1,0.42,5.0,0.02,0.02,0.093146,1776243372000
1776243374.189,74.189,0.59,4.1,0.58,5.0,0.61,5.0,0.62,5.0,0.39,5.0,0.38,5.0,0.41,4.1,0.42,5.0,0.02,0.02,0.093147,1776243373000
1776243375.269,75.269,0.59,4.1,0.58,5.0,0.61,5.0,0.62,5.0,0.39,5.0,0.38,5.0,0.41,4.1,0.42,5.0,0.02,0.02,0.093147,1776243374000
1776243376.465,76.465,0.59,4.1,0.58,5.0,0.61,5.0,0.62,5.0,0.39,5.0,0.38,5.0,0.41,4.1,0.42,5.0,0.02,0.02,0.093147,1776243375000
1776243377.034,77.034,0.59,4.1,0.58,5.0,0.61,5.0,0.62,5.0,0.39,5.0,0.38,5.0,0.41,4.1,0.42,5.0,0.02,0.02,0.093147,1776243376000
1776243378.147,78.147,0.59,4.1,0.58,5.0,0.61,5.0,0.62,5.0,0.39,5.0,0.38,5.0,0.41,4.1,0.42,5.0,0.02,0.02,0.093147,1776243377000
1776243378.472,78.472,0.6,5.0,0.59,5.0,0.63,5.0,0.64,15.0,0.39,5.0,0.38,5.0,0.41,4.1,0.42,5.0,0.03,0.02,0.093147,1776243377000
1776243379.281,79.281,0.6,5.0,0.59,5.0,0.63,5.0,0.64,15.0,0.37,5.0,0.36,15.0,0.4,5.0,0.41,5.0,0.03,0.03,0.093147,1776243378000
1776243379.893,79.893,0.6,5.0,0.59,5.0,0.63,5.0,0.64,15.0,0.37,5.0,0.36,15.0,0.4,5.0,0.41,5.0,0.03,0.03,0.093147,1776243379000
1776243381.068,81.068,0.6,5.0,0.59,5.0,0.63,5.0,0.64,15.0,0.37,5.0,0.36,15.0,0.4,5.0,0.41,5.0,0.03,0.03,0.093147,1776243380000
1776243382.701,82.701,0.6,5.0,0.59,5.0,0.63,5.0,0.64,15.0,0.37,5.0,0.36,15.0,0.4,5.0,0.41,5.0,0.03,0.03,0.093147,1776243381000
1776243383.2,83.2,0.6,5.0,0.59,5.0,0.63,5.0,0.64,15.0,0.37,5.0,0.36,15.0,0.4,5.0,0.41,5.0,0.03,0.03,0.093147,1776243382000
1776243384.248,84.248,0.6,5.0,0.59,5.0,0.63,5.0,0.64,15.0,0.37,5.0,0.36,15.0,0.4,5.0,0.41,5.0,0.03,0.03,0.093147,1776243383000
1776243385.31,85.31,0.6,5.0,0.59,5.0,0.63,5.0,0.64,15.0,0.37,5.0,0.36,15.0,0.4,5.0,0.41,5.0,0.03,0.03,0.093147,1776243384000
1776243386.3,86.3,0.6,5.0,0.59,5.0,0.63,5.0,0.64,15.0,0.37,5.0,0.36,15.0,0.4,5.0,0.41,5.0,0.03,0.03,0.093147,1776243385000
1776243387.202,87.202,0.6,5.0,0.59,5.0,0.63,5.0,0.64,15.0,0.37,5.0,0.36,15.0,0.4,5.0,0.41,5.0,0.03,0.03,0.093148,1776243386000
1776243388.109,88.109,0.54,3.0,0.44,5.0,0.55,15.0,0.56,5.0,0.37,5.0,0.36,15.0,0.4,5.0,0.41,5.0,0.01,0.03,0.093148,1776243386000
1776243388.647,88.647,0.44,5.0,0.43,30.0,0.47,4.66,0.48,5.0,0.45,15.0,0.44,5.0,0.54,5.0,0.55,5.0,0.03,0.09,0.093148,1776243387000
1776243389.283,89.283,0.44,5.0,0.43,30.0,0.47,4.66,0.48,5.0,0.53,4.66,0.52,5.0,0.56,5.0,0.57,30.0,0.03,0.03,0.093143,1776243388000
1776243390.287,90.287,0.44,5.0,0.43,30.0,0.47,4.66,0.48,5.0,0.53,4.66,0.52,5.0,0.56,5.0,0.57,30.0,0.03,0.03,0.093125,1776243389000
1776243390.798,90.798,0.46,9.0,0.45,10.0,0.48,15.0,0.49,10.0,0.53,4.66,0.52,5.0,0.56,5.0,0.57,30.0,0.02,0.03,0.093125,1776243389000
1776243391.115,91.115,0.47,5.0,0.46,14.0,0.48,15.0,0.49,10.0,0.52,15.0,0.51,10.0,0.54,9.0,0.55,10.0,0.01,0.02,0.093125,1776243389000
1776243391.765,91.765,0.53,5.0,0.52,5.0,0.55,5.0,0.59,5.0,0.52,15.0,0.51,10.0,0.53,5.0,0.54,14.0,0.02,0.01,0.093119,1776243390000
1776243392.297,92.297,0.54,5.0,0.53,5.0,0.59,5.0,0.61,50.0,0.41,5.0,0.39,50.0,0.46,5.0,0.47,5.0,0.05,0.05,0.09312,1776243391000
1776243392.568,92.568,0.58,1.5,0.57,5.0,0.59,11.0,0.6,5.0,0.41,5.0,0.39,50.0,0.46,5.0,0.47,5.0,0.01,0.05,0.09312,1776243391000
1776243393.376,93.376,0.58,1.5,0.57,5.0,0.59,11.0,0.6,5.0,0.41,11.0,0.4,5.0,0.42,1.5,0.43,5.0,0.01,0.01,0.093123,1776243392000
1776243393.949,93.949,0.58,1.5,0.57,5.0,0.59,11.0,0.6,5.0,0.41,11.0,0.4,5.0,0.42,1.5,0.43,5.0,0.01,0.01,0.093134,1776243393000
1776243394.871,94.871,0.58,1.5,0.57,5.0,0.59,11.0,0.6,5.0,0.41,11.0,0.4,5.0,0.42,1.5,0.43,5.0,0.01,0.01,0.093134,1776243394000
1776243395.385,95.385,0.57,5.0,0.56,5.0,0.59,5.0,0.6,5.0,0.41,11.0,0.4,5.0,0.42,1.5,0.43,5.0,0.02,0.01,0.093134,1776243394000
1776243396.367,96.367,0.57,5.0,0.56,5.0,0.59,5.0,0.6,5.0,0.41,5.0,0.4,5.0,0.43,5.0,0.44,5.0,0.02,0.02,0.093134,1776243395000
1776243396.941,96.941,0.57,5.0,0.56,5.0,0.59,5.0,0.6,5.0,0.41,5.0,0.4,5.0,0.43,5.0,0.44,5.0,0.02,0.02,0.093135,1776243396000
1776243398.05,98.05,0.57,5.0,0.56,5.0,0.59,5.0,0.61,5.0,0.41,5.0,0.39,5.0,0.43,5.0,0.44,5.0,0.02,0.02,0.093135,1776243397000
1776243399.091,99.091,0.57,5.0,0.56,5.0,0.59,5.0,0.61,5.0,0.41,5.0,0.39,5.0,0.43,5.0,0.44,5.0,0.02,0.02,0.093136,1776243398000
1776243400.165,100.165,0.57,5.0,0.56,5.0,0.59,5.0,0.61,5.0,0.41,5.0,0.39,5.0,0.43,5.0,0.44,5.0,0.02,0.02,0.093138,1776243399000
1776243401.312,101.312,0.57,5.0,0.56,5.0,0.59,5.0,0.61,5.0,0.41,5.0,0.39,5.0,0.43,5.0,0.44,5.0,0.02,0.02,0.093135,1776243400000
1776243402.37,102.37,0.57,5.0,0.56,5.0,0.59,5.0,0.61,5.0,0.41,5.0,0.39,5.0,0.43,5.0,0.44,5.0,0.02,0.02,0.093133,1776243401000
1776243402.935,102.935,0.57,5.0,0.56,5.0,0.59,5.0,0.61,5.0,0.41,5.0,0.39,5.0,0.43,5.0,0.44,5.0,0.02,0.02,0.093133,1776243402000
1776243403.984,103.984,0.57,5.0,0.56,5.0,0.59,5.0,0.61,5.0,0.41,5.0,0.39,5.0,0.43,5.0,0.44,5.0,0.02,0.02,0.093133,1776243403000
1776243404.981,104.981,0.57,5.0,0.56,5.0,0.59,5.0,0.61,5.0,0.41,5.0,0.39,5.0,0.43,5.0,0.44,5.0,0.02,0.02,0.093129,1776243404000
1776243406.025,106.025,0.57,5.0,0.56,5.0,0.59,5.0,0.61,5.0,0.41,5.0,0.39,5.0,0.43,5.0,0.44,5.0,0.02,0.02,0.093129,1776243405000
1776243406.415,106.415,0.62,2.5,0.61,14.82,0.63,11.0,0.64,5.0,0.41,5.0,0.39,5.0,0.43,5.0,0.44,5.0,0.01,0.02,0.093129,1776243405000
1776243407.115,107.115,0.62,2.5,0.61,14.82,0.63,11.0,0.64,5.0,0.37,11.0,0.36,5.0,0.38,2.5,0.39,14.82,0.01,0.01,0.093131,1776243406000
1776243407.535,107.535,0.61,14.82,0.6,10.0,0.63,6.0,0.71,60.0,0.37,11.0,0.36,5.0,0.38,2.5,0.39,14.82,0.02,0.01,0.093131,1776243406000
1776243408.152,108.152,0.61,14.82,0.6,10.0,0.63,6.0,0.71,60.0,0.37,6.0,0.29,60.0,0.39,14.82,0.4,10.0,0.02,0.02,0.093142,1776243407000
1776243409.76,109.76,0.61,14.82,0.6,10.0,0.63,6.0,0.71,60.0,0.37,6.0,0.29,60.0,0.39,14.82,0.4,10.0,0.02,0.02,0.093153,1776243408000
1776243410.828,110.828,0.61,14.82,0.6,10.0,0.63,6.0,0.71,60.0,0.37,6.0,0.29,60.0,0.39,14.82,0.4,10.0,0.02,0.02,0.093157,1776243409000
1776243411.637,111.637,0.61,14.82,0.6,10.0,0.63,6.0,0.71,60.0,0.37,6.0,0.29,60.0,0.39,14.82,0.4,10.0,0.02,0.02,0.093162,1776243410000
1776243412.229,112.229,0.61,14.82,0.6,10.0,0.63,6.0,0.71,60.0,0.37,6.0,0.29,60.0,0.39,14.82,0.4,10.0,0.02,0.02,0.093165,1776243411000
1776243413.746,113.746,0.61,14.82,0.6,10.0,0.63,6.0,0.71,60.0,0.37,6.0,0.29,60.0,0.39,14.82,0.4,10.0,0.02,0.02,0.093166,1776243412000
1776243414.381,114.381,0.61,14.82,0.6,10.0,0.63,6.0,0.71,60.0,0.37,6.0,0.29,60.0,0.39,14.82,0.4,10.0,0.02,0.02,0.093168,1776243413000
1776243415.063,115.063,0.61,14.82,0.6,10.0,0.63,6.0,0.71,60.0,0.37,6.0,0.29,60.0,0.39,14.82,0.4,10.0,0.02,0.02,0.093172,1776243414000
1776243416.415,116.415,0.61,14.82,0.6,10.0,0.63,6.0,0.71,60.0,0.37,6.0,0.29,60.0,0.39,14.82,0.4,10.0,0.02,0.02,0.093175,1776243415000
1776243417.184,117.184,0.61,14.82,0.6,10.0,0.63,6.0,0.71,60.0,0.37,6.0,0.29,60.0,0.39,14.82,0.4,10.0,0.02,0.02,0.093175,1776243416000
1776243418.552,118.552,0.61,14.82,0.6,10.0,0.63,6.0,0.71,60.0,0.37,6.0,0.29,60.0,0.39,14.82,0.4,10.0,0.02,0.02,0.093175,1776243417000
1776243419.261,119.261,0.61,14.82,0.6,10.0,0.63,6.0,0.71,60.0,0.37,6.0,0.29,60.0,0.39,14.82,0.4,10.0,0.02,0.02,0.093175,1776243418000
1776243420.617,120.617,0.61,14.82,0.6,10.0,0.63,6.0,0.71,60.0,0.37,6.0,0.29,60.0,0.39,14.82,0.4,10.0,0.02,0.02,0.093176,1776243419000
1776243421.297,121.297,0.61,14.82,0.6,10.0,0.63,6.0,0.71,60.0,0.37,6.0,0.29,60.0,0.39,14.82,0.4,10.0,0.02,0.02,0.093176,1776243420000
1776243422.714,122.714,0.61,14.82,0.6,10.0,0.63,6.0,0.71,60.0,0.37,6.0,0.29,60.0,0.39,14.82,0.4,10.0,0.02,0.02,0.093182,1776243421000
1776243423.258,123.258,0.61,14.82,0.6,10.0,0.63,6.0,0.71,60.0,0.37,6.0,0.29,60.0,0.39,14.82,0.4,10.0,0.02,0.02,0.093183,1776243422000
1776243424.693,124.693,0.61,14.82,0.6,10.0,0.63,6.0,0.71,60.0,0.37,6.0,0.29,60.0,0.39,14.82,0.4,10.0,0.02,0.02,0.093187,1776243423000
1776243425.324,125.324,0.61,14.82,0.6,10.0,0.63,6.0,0.71,60.0,0.37,6.0,0.29,60.0,0.39,14.82,0.4,10.0,0.02,0.02,0.093187,1776243424000
1776243426.784,126.784,0.61,14.82,0.6,10.0,0.63,6.0,0.71,60.0,0.37,6.0,0.29,60.0,0.39,14.82,0.4,10.0,0.02,0.02,0.093186,1776243425000
1776243427.984,127.984,0.61,14.82,0.6,10.0,0.63,6.0,0.71,60.0,0.37,6.0,0.29,60.0,0.39,14.82,0.4,10.0,0.02,0.02,0.093186,1776243426000
1776243428.508,128.508,0.61,14.82,0.6,10.0,0.63,6.0,0.71,60.0,0.37,6.0,0.29,60.0,0.39,14.82,0.4,10.0,0.02,0.02,0.093186,1776243427000
1776243429.098,129.098,0.61,14.82,0.6,10.0,0.63,6.0,0.71,60.0,0.37,6.0,0.29,60.0,0.39,14.82,0.4,10.0,0.02,0.02,0.093186,1776243428000
1776243430.374,130.374,0.61,14.82,0.6,10.0,0.63,6.0,0.71,60.0,0.37,6.0,0.29,60.0,0.39,14.82,0.4,10.0,0.02,0.02,0.093185,1776243429000
1776243431.437,131.437,0.61,14.82,0.6,10.0,0.63,6.0,0.71,60.0,0.37,6.0,0.29,60.0,0.39,14.82,0.4,10.0,0.02,0.02,0.093185,1776243430000
1776243431.973,131.973,0.61,14.82,0.6,10.0,0.63,6.0,0.71,60.0,0.37,6.0,0.29,60.0,0.39,14.82,0.4,10.0,0.02,0.02,0.093185,1776243431000
1776243433.28,133.28,0.61,14.82,0.6,10.0,0.63,6.0,0.71,60.0,0.37,6.0,0.29,60.0,0.39,14.82,0.4,10.0,0.02,0.02,0.093186,1776243432000
1776243433.892,133.892,0.78,5.0,0.77,10.0,0.86,26.6,0.87,28.0,0.37,6.0,0.29,60.0,0.39,14.82,0.4,10.0,0.08,0.02,0.093186,1776243432000
1776243434.307,134.307,0.78,5.0,0.77,10.0,0.86,26.6,0.87,28.0,0.14,26.6,0.13,28.0,0.22,5.0,0.23,10.0,0.08,0.08,0.093186,1776243433000
1776243434.859,134.859,0.85,5.0,0.84,5.0,0.86,22.6,0.87,33.0,0.14,22.6,0.13,33.0,0.15,5.0,0.16,5.0,0.01,0.01,0.093186,1776243434000
1776243435.953,135.953,0.85,5.0,0.84,5.0,0.86,22.6,0.87,33.0,0.14,22.6,0.13,33.0,0.15,5.0,0.16,5.0,0.01,0.01,0.093186,1776243435000
1776243437.156,137.156,0.85,5.0,0.84,5.0,0.86,22.6,0.87,33.0,0.14,22.6,0.13,33.0,0.15,5.0,0.16,5.0,0.01,0.01,0.093185,1776243436000
1776243438.173,138.173,0.85,5.0,0.84,5.0,0.86,22.6,0.87,33.0,0.14,22.6,0.13,33.0,0.15,5.0,0.16,5.0,0.01,0.01,0.093185,1776243437000
1776243439.329,139.329,0.85,5.0,0.84,5.0,0.86,22.6,0.87,33.0,0.14,22.6,0.13,33.0,0.15,5.0,0.16,5.0,0.01,0.01,0.093184,1776243438000
1776243439.893,139.893,0.85,5.0,0.84,5.0,0.86,22.6,0.87,33.0,0.14,22.6,0.13,33.0,0.15,5.0,0.16,5.0,0.01,0.01,0.093182,1776243439000
1776243440.969,140.969,0.85,5.0,0.84,5.0,0.86,22.6,0.87,33.0,0.14,22.6,0.13,33.0,0.15,5.0,0.16,5.0,0.01,0.01,0.093182,1776243440000
1776243442.717,142.717,0.85,5.0,0.84,5.0,0.86,22.6,0.87,33.0,0.14,22.6,0.13,33.0,0.15,5.0,0.16,5.0,0.01,0.01,0.093192,1776243441000
1776243443.287,143.287,0.85,5.0,0.84,5.0,0.86,22.6,0.87,33.0,0.14,22.6,0.13,33.0,0.15,5.0,0.16,5.0,0.01,0.01,0.093192,1776243442000
1776243444.803,144.803,0.85,5.0,0.84,5.0,0.86,22.6,0.87,33.0,0.14,22.6,0.13,33.0,0.15,5.0,0.16,5.0,0.01,0.01,0.093193,1776243443000
1776243445.475,145.475,0.85,5.0,0.84,5.0,0.86,22.6,0.87,33.0,0.14,22.6,0.13,33.0,0.15,5.0,0.16,5.0,0.01,0.01,0.093194,1776243444000
1776243446.157,146.157,0.85,5.0,0.84,5.0,0.86,22.6,0.87,33.0,0.14,22.6,0.13,33.0,0.15,5.0,0.16,5.0,0.01,0.01,0.093192,1776243445000
1776243447.468,147.468,0.85,5.0,0.84,5.0,0.86,22.6,0.87,33.0,0.14,22.6,0.13,33.0,0.15,5.0,0.16,5.0,0.01,0.01,0.093192,1776243446000
1776243448.204,148.204,0.85,5.0,0.84,5.0,0.86,22.6,0.87,33.0,0.14,22.6,0.13,33.0,0.15,5.0,0.16,5.0,0.01,0.01,0.093194,1776243447000
1776243448.874,148.874,0.88,5.0,0.87,5.0,0.9,33.9,0.91,86.7,0.14,22.6,0.13,33.0,0.15,5.0,0.16,5.0,0.02,0.01,0.093194,1776243447000
1776243449.614,149.614,0.88,5.0,0.87,5.0,0.9,33.9,0.91,86.7,0.1,33.9,0.09,86.7,0.12,5.0,0.13,5.0,0.02,0.02,0.093192,1776243448000
1776243450.257,150.257,0.88,5.0,0.87,5.0,0.9,33.9,0.91,86.7,0.1,33.9,0.09,86.7,0.12,5.0,0.13,5.0,0.02,0.02,0.093193,1776243449000
1776243451.601,151.601,0.88,5.0,0.87,5.0,0.9,33.9,0.91,86.7,0.1,33.9,0.09,86.7,0.12,5.0,0.13,5.0,0.02,0.02,0.093194,1776243450000
1776243452.259,152.259,0.88,5.0,0.87,5.0,0.9,33.9,0.91,86.7,0.1,33.9,0.09,86.7,0.12,5.0,0.13,5.0,0.02,0.02,0.093194,1776243451000
1776243453.511,153.511,0.88,5.0,0.87,5.0,0.9,33.9,0.91,86.7,0.1,33.9,0.09,86.7,0.12,5.0,0.13,5.0,0.02,0.02,0.093192,1776243452000
1776243454.271,154.271,0.88,5.0,0.87,5.0,0.9,33.9,0.91,86.7,0.1,33.9,0.09,86.7,0.12,5.0,0.13,5.0,0.02,0.02,0.093192,1776243453000
1776243455.537,155.537,0.88,5.0,0.87,5.0,0.9,33.9,0.91,86.7,0.1,33.9,0.09,86.7,0.12,5.0,0.13,5.0,0.02,0.02,0.093193,1776243454000
1776243456.232,156.232,0.88,5.0,0.87,5.0,0.9,33.9,0.91,86.7,0.1,33.9,0.09,86.7,0.12,5.0,0.13,5.0,0.02,0.02,0.093193,1776243455000
1776243457.473,157.473,0.88,5.0,0.87,5.0,0.9,33.9,0.91,86.7,0.1,33.9,0.09,86.7,0.12,5.0,0.13,5.0,0.02,0.02,0.093192,1776243456000
1776243458.064,158.064,0.88,5.0,0.87,5.0,0.9,33.9,0.91,86.7,0.1,33.9,0.09,86.7,0.12,5.0,0.13,5.0,0.02,0.02,0.093193,1776243457000
1776243459.568,159.568,0.89,5.0,0.88,5.0,0.9,23.9,0.91,81.7,0.1,33.9,0.09,86.7,0.12,5.0,0.13,5.0,0.01,0.02,0.093193,1776243457000
1776243459.786,159.786,0.89,5.0,0.88,5.0,0.9,23.9,0.91,81.7,0.1,23.9,0.09,81.7,0.11,5.0,0.12,5.0,0.01,0.01,0.093196,1776243458000
1776243460.073,160.073,0.89,5.0,0.88,5.0,0.9,22.11,0.91,81.7,0.1,23.9,0.09,81.7,0.11,5.0,0.12,5.0,0.01,0.01,0.093196,1776243458000
1776243461.038,161.038,0.88,1.25,0.87,5.0,0.9,22.11,0.91,81.7,0.1,22.11,0.09,81.7,0.12,1.25,0.13,5.0,0.02,0.02,0.093196,1776243459000
1776243461.854,161.854,0.88,1.25,0.87,5.0,0.9,22.11,0.91,81.7,0.1,22.11,0.09,81.7,0.12,1.25,0.13,5.0,0.02,0.02,0.093194,1776243460000
1776243462.298,162.298,0.88,1.25,0.87,5.0,0.9,22.11,0.91,81.7,0.1,22.11,0.09,81.7,0.12,1.25,0.13,5.0,0.02,0.02,0.093193,1776243461000
1776243464.008,164.008,0.88,1.25,0.87,5.0,0.9,22.11,0.91,81.7,0.1,22.11,0.09,81.7,0.12,1.25,0.13,5.0,0.02,0.02,0.093193,1776243462000
1776243464.677,164.677,0.88,1.25,0.87,5.0,0.9,22.11,0.91,81.7,0.1,22.11,0.09,81.7,0.12,1.25,0.13,5.0,0.02,0.02,0.093194,1776243463000
1776243465.412,165.412,0.88,1.25,0.87,5.0,0.9,22.11,0.91,81.7,0.1,22.11,0.09,81.7,0.12,1.25,0.13,5.0,0.02,0.02,0.093194,1776243464000
1776243465.991,165.991,0.88,1.25,0.87,5.0,0.9,22.11,0.91,81.7,0.1,22.11,0.09,81.7,0.12,1.25,0.13,5.0,0.02,0.02,0.093193,1776243465000
1776243467.21,167.21,0.88,1.25,0.87,5.0,0.9,22.11,0.91,81.7,0.1,22.11,0.09,81.7,0.12,1.25,0.13,5.0,0.02,0.02,0.093194,1776243466000
1776243468.541,168.541,0.88,1.25,0.87,5.0,0.9,22.11,0.91,81.7,0.1,22.11,0.09,81.7,0.12,1.25,0.13,5.0,0.02,0.02,0.093194,1776243467000
1776243469.247,169.247,0.88,1.25,0.87,5.0,0.9,22.11,0.91,81.7,0.1,22.11,0.09,81.7,0.12,1.25,0.13,5.0,0.02,0.02,0.093194,1776243468000
1776243470.067,170.067,0.9,5.0,0.89,5.0,0.91,37.7,0.92,40.29,0.09,36.7,0.08,40.29,0.11,5.0,0.12,1.25,0.01,0.02,0.093194,1776243468000
1776243470.509,170.509,0.9,5.0,0.89,5.0,0.91,37.7,0.92,40.29,0.09,37.7,0.08,40.29,0.1,5.0,0.11,5.0,0.01,0.01,0.093194,1776243469000
1776243471.113,171.113,0.9,5.0,0.89,5.0,0.91,37.7,0.92,40.29,0.09,37.7,0.08,40.29,0.1,5.0,0.11,5.0,0.01,0.01,0.093193,1776243470000
1776243472.419,172.419,0.9,5.0,0.89,5.0,0.91,37.7,0.92,40.29,0.09,37.7,0.08,40.29,0.1,5.0,0.11,5.0,0.01,0.01,0.093194,1776243471000
1776243472.94,172.94,0.9,5.0,0.89,5.0,0.91,37.7,0.92,40.29,0.09,37.7,0.08,40.29,0.1,5.0,0.11,5.0,0.01,0.01,0.093193,1776243472000
1776243474.184,174.184,0.9,5.0,0.89,5.0,0.91,37.7,0.92,40.29,0.09,37.7,0.08,40.29,0.1,5.0,0.11,5.0,0.01,0.01,0.093194,1776243473000
1776243474.552,174.552,0.9,5.0,0.89,5.0,0.92,40.29,0.93,244.9,0.09,37.7,0.08,40.29,0.1,5.0,0.11,5.0,0.02,0.01,0.093194,1776243473000
1776243475.07,175.07,0.86,3.92,0.85,5.0,0.91,6.0,0.92,5.0,0.08,40.29,0.07,244.9,0.1,5.0,0.11,5.0,0.05,0.02,0.093194,1776243473000
1776243475.522,175.522,0.86,3.92,0.85,5.0,0.91,6.0,0.92,5.0,0.09,6.0,0.08,5.0,0.14,3.92,0.15,5.0,0.05,0.05,0.093194,1776243474000
1776243476.045,176.045,0.86,3.92,0.85,5.0,0.91,6.0,0.92,5.0,0.09,6.0,0.08,5.0,0.14,3.92,0.15,5.0,0.05,0.05,0.093194,1776243475000
1776243476.456,176.456,0.87,5.0,0.86,3.92,0.89,5.0,0.9,5.0,0.09,6.0,0.08,5.0,0.14,3.92,0.15,5.0,0.02,0.05,0.093194,1776243475000
1776243477.182,177.182,0.87,5.0,0.86,3.92,0.89,5.0,0.9,5.0,0.11,5.0,0.1,5.0,0.13,5.0,0.14,3.92,0.02,0.02,0.093194,1776243476000
1776243478.089,178.089,0.87,5.0,0.86,3.92,0.89,5.0,0.9,5.0,0.11,5.0,0.1,5.0,0.13,5.0,0.14,3.92,0.02,0.02,0.093194,1776243477000
1776243478.465,178.465,0.88,5.0,0.87,5.0,0.9,5.0,0.91,5.0,0.11,5.0,0.1,5.0,0.13,5.0,0.14,3.92,0.02,0.02,0.093194,1776243477000
1776243479.19,179.19,0.88,5.0,0.87,5.0,0.9,5.0,0.91,5.0,0.1,5.0,0.09,5.0,0.12,5.0,0.13,5.0,0.02,0.02,0.093194,1776243478000
1776243480.181,180.181,0.88,5.0,0.87,5.0,0.9,5.0,0.91,5.0,0.1,5.0,0.09,5.0,0.12,5.0,0.13,5.0,0.02,0.02,0.093194,1776243479000
1776243481.101,181.101,0.89,5.0,0.88,5.0,0.91,5.0,0.92,5.0,0.09,5.0,0.08,5.0,0.11,5.0,0.12,5.0,0.02,0.02,0.093194,1776243480000
1776243481.939,181.939,0.9,5.0,0.89,5.0,0.92,5.0,0.93,244.9,0.09,5.0,0.08,5.0,0.11,5.0,0.12,5.0,0.02,0.02,0.093194,1776243480000
1776243482.326,182.326,0.91,5.0,0.9,5.0,0.93,244.9,0.94,51.1,0.08,5.0,0.07,244.9,0.1,5.0,0.11,5.0,0.02,0.02,0.093194,1776243481000
1776243483.006,183.006,0.91,5.0,0.9,5.0,0.93,244.9,0.94,51.1,0.07,244.9,0.06,51.1,0.09,5.0,0.1,5.0,0.02,0.02,0.093194,1776243482000
1776243483.989,183.989,0.9,5.0,0.89,5.0,0.91,45.0,0.92,35.29,0.07,244.9,0.06,51.1,0.09,5.0,0.1,5.0,0.01,0.02,0.093194,1776243482000
1776243484.445,184.445,0.9,5.0,0.89,5.0,0.91,19.65,0.92,46.29,0.09,45.0,0.08,35.29,0.1,5.0,0.11,5.0,0.01,0.01,0.093194,1776243483000
1776243485.176,185.176,0.9,5.0,0.89,5.0,0.91,19.65,0.92,46.29,0.09,19.65,0.08,46.29,0.1,5.0,0.11,5.0,0.01,0.01,0.093194,1776243484000
1776243486.027,186.027,0.9,5.0,0.89,5.0,0.91,19.65,0.92,46.29,0.09,19.65,0.08,46.29,0.1,5.0,0.11,5.0,0.01,0.01,0.093193,1776243485000
1776243487.056,187.056,0.9,5.0,0.89,5.0,0.91,19.65,0.92,46.29,0.09,19.65,0.08,46.29,0.1,5.0,0.11,5.0,0.01,0.01,0.09319,1776243486000
1776243488.054,188.054,0.9,5.0,0.89,5.0,0.91,19.65,0.92,46.29,0.09,19.65,0.08,46.29,0.1,5.0,0.11,5.0,0.01,0.01,0.09319,1776243487000
1776243489.121,189.121,0.9,5.0,0.89,5.0,0.91,19.65,0.92,46.29,0.09,19.65,0.08,46.29,0.1,5.0,0.11,5.0,0.01,0.01,0.093189,1776243488000
1776243490.295,190.295,0.9,5.0,0.89,5.0,0.91,19.65,0.92,46.29,0.09,19.65,0.08,46.29,0.1,5.0,0.11,5.0,0.01,0.01,0.093188,1776243489000
1776243491.342,191.342,0.9,5.0,0.89,5.0,0.91,19.65,0.92,46.29,0.09,19.65,0.08,46.29,0.1,5.0,0.11,5.0,0.01,0.01,0.093188,1776243490000
1776243491.889,191.889,0.9,5.0,0.89,5.0,0.91,19.65,0.92,46.29,0.09,19.65,0.08,46.29,0.1,5.0,0.11,5.0,0.01,0.01,0.093188,1776243491000
1776243493.487,193.487,0.9,5.0,0.89,5.0,0.91,19.65,0.92,46.29,0.09,19.65,0.08,46.29,0.1,5.0,0.11,5.0,0.01,0.01,0.093188,1776243492000
1776243494.137,194.137,0.9,5.0,0.89,5.0,0.91,19.65,0.92,46.29,0.09,19.65,0.08,46.29,0.1,5.0,0.11,5.0,0.01,0.01,0.093189,1776243493000
1776243494.473,194.473,0.89,5.0,0.88,5.0,0.91,19.65,0.92,5.0,0.09,19.65,0.08,46.29,0.1,5.0,0.11,5.0,0.02,0.01,0.093189,1776243493000
1776243495.214,195.214,0.89,5.0,0.88,5.0,0.91,19.65,0.92,5.0,0.09,19.65,0.08,5.0,0.11,5.0,0.12,5.0,0.02,0.02,0.09319,1776243494000
1776243495.912,195.912,0.89,5.0,0.88,5.0,0.91,19.65,0.92,5.0,0.09,19.65,0.08,5.0,0.11,5.0,0.12,5.0,0.02,0.02,0.09319,1776243495000
1776243497.093,197.093,0.89,5.0,0.88,5.0,0.91,19.65,0.92,5.0,0.09,19.65,0.08,5.0,0.11,5.0,0.12,5.0,0.02,0.02,0.093189,1776243496000
1776243498.529,198.529,0.89,5.0,0.88,5.0,0.91,19.65,0.92,5.0,0.09,19.65,0.08,5.0,0.11,5.0,0.12,5.0,0.02,0.02,0.093189,1776243497000
1776243499.126,199.126,0.89,5.0,0.88,5.0,0.91,19.65,0.92,5.0,0.09,19.65,0.08,5.0,0.11,5.0,0.12,5.0,0.02,0.02,0.093189,1776243498000
1776243499.516,199.516,0.89,5.0,0.88,5.0,0.91,19.65,0.92,5.0,0.09,19.65,0.08,5.0,0.11,5.0,0.12,5.0,0.02,0.02,0.093189,1776243498000
1776243500.206,200.206,0.89,5.0,0.88,5.0,0.91,19.65,0.92,5.0,0.09,19.65,0.08,5.0,0.11,5.0,0.12,5.0,0.02,0.02,0.093189,1776243499000
1776243501.452,201.452,0.89,5.0,0.88,5.0,0.91,19.65,0.92,5.0,0.09,19.65,0.08,5.0,0.11,5.0,0.12,5.0,0.02,0.02,0.09319,1776243500000
1776243502.261,202.261,0.89,5.0,0.88,5.0,0.91,19.65,0.92,5.0,0.09,19.65,0.08,5.0,0.11,5.0,0.12,5.0,0.02,0.02,0.09319,1776243501000
1776243502.912,202.912,0.89,5.0,0.88,5.0,0.91,19.65,0.92,5.0,0.09,19.65,0.08,5.0,0.11,5.0,0.12,5.0,0.02,0.02,0.09319,1776243502000
1776243504.039,204.039,0.89,5.0,0.88,5.0,0.91,19.65,0.92,5.0,0.09,19.65,0.08,5.0,0.11,5.0,0.12,5.0,0.02,0.02,0.09319,1776243503000
1776243505.407,205.407,0.89,5.0,0.88,5.0,0.91,19.65,0.92,5.0,0.09,19.65,0.08,5.0,0.11,5.0,0.12,5.0,0.02,0.02,0.093189,1776243504000
1776243506.389,206.389,0.89,5.0,0.88,5.0,0.91,24.65,0.92,5.0,0.09,24.65,0.08,5.0,0.11,5.0,0.12,5.0,0.02,0.02,0.093189,1776243505000
1776243506.898,206.898,0.89,5.0,0.88,5.0,0.91,24.65,0.92,5.0,0.09,24.65,0.08,5.0,0.11,5.0,0.12,5.0,0.02,0.02,0.09319,1776243506000
1776243507.951,207.951,0.89,5.0,0.88,5.0,0.91,24.65,0.92,5.0,0.09,24.65,0.08,5.0,0.11,5.0,0.12,5.0,0.02,0.02,0.093189,1776243507000
1776243509.017,209.017,0.89,5.0,0.88,5.0,0.91,24.65,0.92,5.0,0.09,24.65,0.08,5.0,0.11,5.0,0.12,5.0,0.02,0.02,0.093189,1776243508000
1776243510.061,210.061,0.89,5.0,0.88,5.0,0.91,24.65,0.92,5.0,0.09,24.65,0.08,5.0,0.11,5.0,0.12,5.0,0.02,0.02,0.09319,1776243509000
1776243511.066,211.066,0.89,5.0,0.88,5.0,0.91,24.65,0.92,5.0,0.09,24.65,0.08,5.0,0.11,5.0,0.12,5.0,0.02,0.02,0.09319,1776243510000
1776243512.1,212.1,0.89,5.0,0.88,5.0,0.91,24.65,0.92,5.0,0.09,24.65,0.08,5.0,0.11,5.0,0.12,5.0,0.02,0.02,0.09319,1776243511000
1776243513.108,213.108,0.89,5.0,0.88,5.0,0.91,24.65,0.92,5.0,0.09,24.65,0.08,5.0,0.11,5.0,0.12,5.0,0.02,0.02,0.093189,1776243512000
1776243513.329,213.329,0.88,25.6,0.87,28.0,0.9,5.0,0.91,24.65,0.09,24.65,0.08,5.0,0.11,5.0,0.12,5.0,0.02,0.02,0.093189,1776243512000
1776243514.092,214.092,0.88,25.6,0.87,28.0,0.9,5.0,0.91,24.65,0.1,5.0,0.09,24.65,0.12,25.6,0.13,28.0,0.02,0.02,0.093189,1776243513000
1776243515.126,215.126,0.88,25.6,0.87,28.0,0.9,5.0,0.91,24.65,0.1,5.0,0.09,24.65,0.12,25.6,0.13,28.0,0.02,0.02,0.093189,1776243514000
1776243516.045,216.045,0.88,25.6,0.87,28.0,0.9,5.0,0.91,24.65,0.1,5.0,0.09,24.65,0.12,25.6,0.13,28.0,0.02,0.02,0.093189,1776243515000
1776243517.147,217.147,0.88,25.6,0.87,28.0,0.9,5.0,0.91,24.65,0.1,5.0,0.09,24.65,0.12,25.6,0.13,28.0,0.02,0.02,0.093189,1776243516000
1776243518.156,218.156,0.88,25.6,0.87,28.0,0.9,5.0,0.91,24.65,0.1,5.0,0.09,24.65,0.12,25.6,0.13,28.0,0.02,0.02,0.093189,1776243517000
1776243518.514,218.514,0.88,29.6,0.87,28.0,0.9,1.85,0.91,24.65,0.1,5.0,0.09,24.65,0.12,25.6,0.13,28.0,0.02,0.02,0.093189,1776243517000
1776243519.859,219.859,0.88,29.6,0.87,28.0,0.9,1.85,0.91,24.65,0.1,1.85,0.09,24.65,0.12,29.6,0.13,28.0,0.02,0.02,0.093189,1776243518000
1776243520.36,220.36,0.88,29.6,0.87,28.0,0.9,1.85,0.91,24.65,0.1,1.85,0.09,24.65,0.12,29.6,0.13,28.0,0.02,0.02,0.093189,1776243519000
1776243520.819,220.819,0.91,45.0,0.9,5.0,0.92,5.0,0.93,205.0,0.1,1.85,0.09,24.65,0.12,29.6,0.13,28.0,0.01,0.02,0.093189,1776243519000
1776243521.437,221.437,0.91,45.0,0.9,5.0,0.92,5.0,0.93,205.0,0.08,5.0,0.07,205.0,0.09,45.0,0.1,5.0,0.01,0.01,0.093189,1776243520000
1776243522.432,222.432,0.91,45.0,0.9,5.0,0.92,5.0,0.93,205.0,0.08,5.0,0.07,205.0,0.09,45.0,0.1,5.0,0.01,0.01,0.093189,1776243521000
1776243522.873,222.873,0.91,45.0,0.9,5.0,0.92,5.0,0.93,205.0,0.08,5.0,0.07,205.0,0.09,45.0,0.1,5.0,0.01,0.01,0.0932,1776243522000
1776243523.858,223.858,0.91,45.0,0.9,5.0,0.92,5.0,0.93,205.0,0.08,5.0,0.07,205.0,0.09,45.0,0.1,5.0,0.01,0.01,0.0932,1776243523000
1776243525.475,225.475,0.91,45.0,0.9,5.0,0.92,5.0,0.93,205.0,0.08,5.0,0.07,205.0,0.09,45.0,0.1,5.0,0.01,0.01,0.093198,1776243524000
1776243525.894,225.894,0.91,45.0,0.9,5.0,0.92,5.0,0.93,205.0,0.08,5.0,0.07,205.0,0.09,45.0,0.1,5.0,0.01,0.01,0.093198,1776243525000
1776243526.869,226.869,0.91,45.0,0.9,5.0,0.92,5.0,0.93,205.0,0.08,5.0,0.07,205.0,0.09,45.0,0.1,5.0,0.01,0.01,0.093198,1776243526000
1776243527.915,227.915,0.91,45.0,0.9,5.0,0.92,5.0,0.93,205.0,0.08,5.0,0.07,205.0,0.09,45.0,0.1,5.0,0.01,0.01,0.093199,1776243527000
1776243529.094,229.094,0.91,45.0,0.9,5.0,0.92,5.0,0.93,205.0,0.08,5.0,0.07,205.0,0.09,45.0,0.1,5.0,0.01,0.01,0.093199,1776243528000
1776243529.887,229.887,0.91,45.0,0.9,5.0,0.92,5.0,0.93,205.0,0.08,5.0,0.07,205.0,0.09,45.0,0.1,5.0,0.01,0.01,0.093198,1776243529000
1776243531.033,231.033,0.91,45.0,0.9,5.0,0.92,5.0,0.93,205.0,0.08,5.0,0.07,205.0,0.09,45.0,0.1,5.0,0.01,0.01,0.093198,1776243530000
1776243531.979,231.979,0.91,45.0,0.9,5.0,0.92,5.0,0.93,205.0,0.08,5.0,0.07,205.0,0.09,45.0,0.1,5.0,0.01,0.01,0.093199,1776243531000
1776243533.009,233.009,0.91,45.0,0.9,5.0,0.92,5.0,0.93,205.0,0.08,5.0,0.07,205.0,0.09,45.0,0.1,5.0,0.01,0.01,0.093199,1776243532000
1776243533.927,233.927,0.91,45.0,0.9,5.0,0.92,5.0,0.93,205.0,0.08,5.0,0.07,205.0,0.09,45.0,0.1,5.0,0.01,0.01,0.093198,1776243533000
1776243534.969,234.969,0.91,45.0,0.9,5.0,0.92,5.0,0.93,205.0,0.08,5.0,0.07,205.0,0.09,45.0,0.1,5.0,0.01,0.01,0.093199,1776243534000
1776243535.544,235.544,0.92,35.29,0.91,53.7,0.93,190.38,0.94,5.0,0.08,5.0,0.07,205.0,0.09,45.0,0.1,5.0,0.01,0.01,0.093199,1776243534000
1776243535.88,235.88,0.92,35.29,0.91,53.7,0.93,190.38,0.94,5.0,0.07,190.38,0.06,5.0,0.08,35.29,0.09,53.7,0.01,0.01,0.093201,1776243535000
1776243536.842,236.842,0.92,35.29,0.91,53.7,0.93,190.38,0.94,5.0,0.07,190.38,0.06,5.0,0.08,35.29,0.09,53.7,0.01,0.01,0.093201,1776243536000
1776243537.226,237.226,0.92,35.29,0.91,53.7,0.93,173.55,0.94,5.0,0.07,189.3,0.06,5.0,0.08,35.29,0.09,53.7,0.01,0.01,0.093201,1776243536000
1776243538.254,238.254,0.92,35.29,0.91,53.7,0.93,173.55,0.94,5.0,0.07,173.55,0.06,5.0,0.08,35.29,0.09,53.7,0.01,0.01,0.093201,1776243537000
1776243539.212,239.212,0.92,35.29,0.91,53.7,0.93,173.55,0.94,5.0,0.07,173.55,0.06,5.0,0.08,35.29,0.09,53.7,0.01,0.01,0.0932,1776243538000
1776243540.2,240.2,0.92,35.29,0.91,53.7,0.93,173.55,0.94,5.0,0.07,173.55,0.06,5.0,0.08,35.29,0.09,53.7,0.01,0.01,0.093201,1776243539000
1776243541.192,241.192,0.92,40.29,0.91,53.7,0.93,162.91,0.94,5.0,0.07,173.55,0.06,5.0,0.08,35.29,0.09,53.7,0.01,0.01,0.093201,1776243539000
1776243541.457,241.457,0.92,40.29,0.91,53.7,0.94,5.0,0.95,5.0,0.07,162.91,0.06,5.0,0.08,40.29,0.09,53.7,0.02,0.01,0.0932,1776243540000
1776243541.896,241.896,0.93,39.9,0.92,45.29,0.95,5.0,0.96,5.0,0.06,5.0,0.05,5.0,0.08,40.29,0.09,53.7,0.02,0.02,0.0932,1776243540000
1776243542.177,242.177,0.93,39.9,0.92,45.29,0.95,5.0,0.96,5.0,0.05,5.0,0.04,5.0,0.07,39.9,0.08,45.29,0.02,0.02,0.0932,1776243541000
1776243543.166,243.166,0.93,39.9,0.92,45.29,0.95,5.0,0.96,5.0,0.05,5.0,0.04,5.0,0.07,39.9,0.08,45.29,0.02,0.02,0.0932,1776243542000
1776243544.266,244.266,0.93,39.9,0.92,45.29,0.95,5.0,0.96,5.0,0.05,5.0,0.04,5.0,0.07,39.9,0.08,45.29,0.02,0.02,0.093199,1776243543000
1776243545.04,245.04,0.93,44.9,0.92,45.29,0.95,5.0,0.96,5.0,0.05,5.0,0.04,5.0,0.07,39.9,0.08,45.29,0.02,0.02,0.093199,1776243543000
1776243545.759,245.759,0.93,44.9,0.92,45.29,0.95,5.0,0.96,5.0,0.05,5.0,0.04,5.0,0.07,44.9,0.08,45.29,0.02,0.02,0.093199,1776243544000
1776243546.313,246.313,0.93,44.9,0.92,45.29,0.95,5.0,0.96,5.0,0.05,5.0,0.04,5.0,0.07,44.9,0.08,45.29,0.02,0.02,0.093199,1776243545000
1776243546.628,246.628,0.94,46.1,0.93,44.9,0.95,2.9,0.96,5.0,0.05,5.0,0.04,5.0,0.07,44.9,0.08,45.29,0.01,0.02,0.093199,1776243545000
1776243547.736,247.736,0.94,46.1,0.93,44.9,0.95,2.9,0.96,5.0,0.05,2.9,0.04,5.0,0.06,46.1,0.07,44.9,0.01,0.01,0.093199,1776243546000
1776243548.318,248.318,0.94,46.1,0.93,44.9,0.95,2.9,0.96,5.0,0.05,2.9,0.04,5.0,0.06,46.1,0.07,44.9,0.01,0.01,0.093199,1776243547000
1776243549.418,249.418,0.94,46.1,0.93,44.9,0.95,2.9,0.96,5.0,0.05,2.9,0.04,5.0,0.06,46.1,0.07,44.9,0.01,0.01,0.093199,1776243548000
1776243549.676,249.676,0.94,51.1,0.93,44.9,0.97,5.0,0.98,10.0,0.05,2.9,0.04,5.0,0.06,46.1,0.07,44.9,0.03,0.01,0.093199,1776243548000
1776243550.01,250.01,0.94,51.1,0.93,44.9,0.97,5.0,0.98,10.0,0.03,5.0,0.02,10.0,0.06,51.1,0.07,44.9,0.03,0.03,0.093199,1776243549000
1776243551.056,251.056,0.94,51.1,0.93,44.9,0.97,5.0,0.98,10.0,0.03,5.0,0.02,10.0,0.06,51.1,0.07,44.9,0.03,0.03,0.0932,1776243550000
1776243551.55,251.55,0.93,5.0,0.92,10.0,0.95,1.91,0.96,5.0,0.03,5.0,0.02,10.0,0.06,51.1,0.07,44.9,0.02,0.03,0.0932,1776243550000
1776243551.93,251.93,0.9,5.0,0.89,5.0,0.91,30.0,0.94,6.0,0.05,1.91,0.04,5.0,0.07,5.0,0.08,10.0,0.01,0.02,0.0932,1776243550000
1776243552.315,252.315,0.9,5.0,0.89,5.0,0.91,30.0,0.94,6.0,0.09,30.0,0.06,6.0,0.1,5.0,0.11,5.0,0.01,0.01,0.0932,1776243551000
1776243553.416,253.416,0.9,5.0,0.89,5.0,0.91,30.0,0.94,6.0,0.09,30.0,0.06,6.0,0.1,5.0,0.11,5.0,0.01,0.01,0.093176,1776243552000
1776243554.074,254.074,0.9,5.0,0.89,5.0,0.91,30.0,0.94,6.0,0.09,30.0,0.06,6.0,0.1,5.0,0.11,5.0,0.01,0.01,0.093175,1776243553000
1776243554.516,254.516,0.87,5.0,0.86,3.92,0.9,5.0,0.91,5.0,0.09,30.0,0.06,6.0,0.1,5.0,0.11,5.0,0.03,0.01,0.093175,1776243553000
1776243555.267,255.267,0.87,5.0,0.86,3.92,0.9,5.0,0.91,5.0,0.1,5.0,0.09,5.0,0.13,5.0,0.14,3.92,0.03,0.03,0.093169,1776243554000
1776243555.757,255.757,0.81,5.0,0.8,5.0,0.83,5.0,0.84,5.0,0.16,5.0,0.15,5.0,0.18,3.38,0.19,5.0,0.02,0.02,0.093169,1776243554000
1776243556.449,256.449,0.81,5.0,0.8,5.0,0.83,5.0,0.84,5.0,0.17,5.0,0.16,5.0,0.19,5.0,0.2,5.0,0.02,0.02,0.093164,1776243555000
1776243556.998,256.998,0.81,5.0,0.8,5.0,0.83,5.0,0.84,5.0,0.17,5.0,0.16,5.0,0.19,5.0,0.2,5.0,0.02,0.02,0.093163,1776243556000
1776243557.35,257.35,0.88,5.0,0.87,5.0,0.9,5.0,0.91,17.0,0.17,5.0,0.16,5.0,0.19,5.0,0.2,5.0,0.02,0.02,0.093163,1776243556000
1776243558.108,258.108,0.88,5.0,0.87,5.0,0.9,5.0,0.91,17.0,0.1,5.0,0.09,17.0,0.12,5.0,0.13,5.0,0.02,0.02,0.09316,1776243557000
1776243559.564,259.564,0.88,5.0,0.87,5.0,0.9,5.0,0.91,17.0,0.1,5.0,0.09,17.0,0.12,5.0,0.13,5.0,0.02,0.02,0.093161,1776243558000
1776243559.997,259.997,0.88,5.0,0.87,5.0,0.9,5.0,0.91,17.0,0.1,5.0,0.09,17.0,0.12,5.0,0.13,5.0,0.02,0.02,0.093162,1776243559000
1776243560.534,260.534,0.87,5.0,0.86,5.0,0.89,11.0,0.9,5.0,0.1,5.0,0.09,17.0,0.12,5.0,0.13,5.0,0.02,0.02,0.093162,1776243559000
1776243561.133,261.133,0.87,5.0,0.86,5.0,0.89,11.0,0.9,5.0,0.11,11.0,0.1,5.0,0.13,5.0,0.14,5.0,0.02,0.02,0.093163,1776243560000
1776243562.24,262.24,0.87,5.0,0.86,5.0,0.89,11.0,0.9,5.0,0.11,11.0,0.1,5.0,0.13,5.0,0.14,5.0,0.02,0.02,0.093163,1776243561000
1776243562.507,262.507,0.86,5.0,0.85,5.0,0.88,5.0,0.89,5.0,0.11,11.0,0.1,5.0,0.13,5.0,0.14,5.0,0.02,0.02,0.093163,1776243561000
1776243563.878,263.878,0.86,5.0,0.85,5.0,0.88,5.0,0.89,5.0,0.12,5.0,0.11,5.0,0.14,5.0,0.15,5.0,0.02,0.02,0.093163,1776243562000
1776243564.551,264.551,0.86,5.0,0.85,5.0,0.88,5.0,0.89,5.0,0.12,5.0,0.11,5.0,0.14,5.0,0.15,5.0,0.02,0.02,0.093163,1776243563000
1776243565.339,265.339,0.86,5.0,0.85,5.0,0.88,5.0,0.89,5.0,0.12,5.0,0.11,5.0,0.14,5.0,0.15,5.0,0.02,0.02,0.093163,1776243564000
1776243565.662,265.662,0.86,5.0,0.85,5.0,0.88,3.86,0.89,5.0,0.12,5.0,0.11,5.0,0.14,5.0,0.15,5.0,0.02,0.02,0.093163,1776243564000
1776243566.103,266.103,0.87,5.0,0.86,5.0,0.89,5.0,0.9,5.0,0.12,3.86,0.11,5.0,0.14,5.0,0.15,5.0,0.02,0.02,0.093163,1776243564000
1776243566.645,266.645,0.87,5.0,0.86,5.0,0.89,5.0,0.9,5.0,0.11,5.0,0.1,5.0,0.13,5.0,0.14,5.0,0.02,0.02,0.093163,1776243565000
1776243567.524,267.524,0.87,5.0,0.86,5.0,0.89,5.0,0.9,5.0,0.11,5.0,0.1,5.0,0.13,5.0,0.14,5.0,0.02,0.02,0.093163,1776243566000
1776243568.18,268.18,0.87,5.0,0.86,5.0,0.89,5.0,0.9,5.0,0.11,5.0,0.1,5.0,0.13,5.0,0.14,5.0,0.02,0.02,0.093163,1776243567000
1776243569.592,269.592,0.87,5.0,0.86,5.0,0.89,5.0,0.9,5.0,0.11,5.0,0.1,5.0,0.13,5.0,0.14,5.0,0.02,0.02,0.093163,1776243568000
1776243570.475,270.475,0.87,5.0,0.86,5.0,0.89,5.0,0.9,5.0,0.11,5.0,0.1,5.0,0.13,5.0,0.14,5.0,0.02,0.02,0.093163,1776243569000
1776243571.004,271.004,0.87,5.0,0.86,5.0,0.89,5.0,0.9,5.0,0.11,5.0,0.1,5.0,0.13,5.0,0.14,5.0,0.02,0.02,0.093159,1776243570000
1776243572.369,272.369,0.87,5.0,0.86,5.0,0.89,5.0,0.9,5.0,0.11,5.0,0.1,5.0,0.13,5.0,0.14,5.0,0.02,0.02,0.093159,1776243571000
1776243573.023,273.023,0.87,5.0,0.86,5.0,0.89,5.0,0.9,5.0,0.11,5.0,0.1,5.0,0.13,5.0,0.14,5.0,0.02,0.02,0.093159,1776243572000
1776243574.436,274.436,0.87,5.0,0.86,5.0,0.89,5.0,0.9,5.0,0.11,5.0,0.1,5.0,0.13,5.0,0.14,5.0,0.02,0.02,0.093157,1776243573000
1776243575.191,275.191,0.87,5.0,0.86,5.0,0.89,5.0,0.9,5.0,0.11,5.0,0.1,5.0,0.13,5.0,0.14,5.0,0.02,0.02,0.093157,1776243574000
1776243576.554,276.554,0.87,5.0,0.86,5.0,0.89,5.0,0.9,5.0,0.11,5.0,0.1,5.0,0.13,5.0,0.14,5.0,0.02,0.02,0.093157,1776243575000
1776243577.263,277.263,0.87,5.0,0.86,5.0,0.89,5.0,0.9,5.0,0.11,5.0,0.1,5.0,0.13,5.0,0.14,5.0,0.02,0.02,0.093157,1776243576000
1776243578.884,278.884,0.87,5.0,0.86,5.0,0.89,5.0,0.9,5.0,0.11,5.0,0.1,5.0,0.13,5.0,0.14,5.0,0.02,0.02,0.093157,1776243577000
1776243579.415,279.415,0.87,5.0,0.86,5.0,0.89,5.0,0.9,5.0,0.11,5.0,0.1,5.0,0.13,5.0,0.14,5.0,0.02,0.02,0.093157,1776243578000
1776243579.972,279.972,0.87,5.0,0.86,5.0,0.89,5.0,0.9,5.0,0.11,5.0,0.1,5.0,0.13,5.0,0.14,5.0,0.02,0.02,0.093157,1776243579000
1776243580.856,280.856,0.87,5.0,0.86,5.0,0.89,5.0,0.9,5.0,0.11,5.0,0.1,5.0,0.13,5.0,0.14,5.0,0.02,0.02,0.093157,1776243580000
1776243581.848,281.848,0.87,5.0,0.86,5.0,0.89,5.0,0.9,5.0,0.11,5.0,0.1,5.0,0.13,5.0,0.14,5.0,0.02,0.02,0.093157,1776243581000
1776243582.819,282.819,0.87,5.0,0.86,5.0,0.89,5.0,0.9,5.0,0.11,5.0,0.1,5.0,0.13,5.0,0.14,5.0,0.02,0.02,0.093157,1776243582000
1776243584.24,284.24,0.88,1.25,0.87,5.0,0.9,5.0,0.91,5.0,0.11,5.0,0.1,5.0,0.13,5.0,0.14,5.0,0.02,0.02,0.093157,1776243582000
1776243584.483,284.483,0.87,5.0,0.86,14.0,0.9,5.0,0.91,5.0,0.1,5.0,0.09,5.0,0.12,1.25,0.13,5.0,0.03,0.02,0.093159,1776243583000
1776243585.315,285.315,0.87,5.0,0.86,14.0,0.9,5.0,0.91,5.0,0.1,5.0,0.09,5.0,0.13,5.0,0.14,14.0,0.03,0.03,0.093157,1776243584000
1776243586.114,286.114,0.89,5.0,0.88,5.0,0.98,0.88,0.99,3032.0,0.1,5.0,0.09,5.0,0.13,5.0,0.14,14.0,0.09,0.03,0.093157,1776243584000
1776243587.218,287.218,0.89,5.0,0.88,5.0,0.98,0.88,0.99,3032.0,0.02,0.88,0.01,3032.0,0.11,5.0,0.12,5.0,0.09,0.09,0.093157,1776243586000
1776243587.438,287.438,0.97,5.0,0.96,5.0,0.99,3032.0,,,0.02,0.88,0.01,3032.0,0.11,5.0,0.12,5.0,0.02,0.09,0.093157,1776243586000
1776243588.078,288.078,0.96,5.0,0.95,5.0,0.99,3032.0,,,0.01,3032.0,,,0.03,5.0,0.04,5.0,0.03,0.02,0.093157,1776243586000
1776243589.138,289.138,0.96,5.0,0.95,5.0,0.99,3032.0,,,0.01,3032.0,,,0.04,5.0,0.05,5.0,0.03,0.03,0.093156,1776243588000
1776243589.454,289.454,0.96,5.0,0.95,5.0,0.98,35.0,0.99,3032.0,0.01,3032.0,,,0.04,5.0,0.05,5.0,0.02,0.03,0.093156,1776243588000
1776243590.09,290.09,0.96,5.0,0.95,5.0,0.98,35.0,0.99,3032.0,0.02,35.0,0.01,3032.0,0.04,5.0,0.05,5.0,0.02,0.02,0.093157,1776243589000
1776243591.556,291.556,0.97,5.0,0.96,5.0,0.99,3027.91,,,0.01,3027.91,,,0.03,5.0,0.04,5.0,0.02,0.02,0.093157,1776243590000
1776243592.129,292.129,0.97,5.0,0.96,5.0,0.99,3027.91,,,0.01,3027.91,,,0.03,5.0,0.04,5.0,0.02,0.02,0.093157,1776243591000
1776243593.15,293.15,0.97,5.0,0.96,5.0,0.99,3027.91,,,0.01,3027.91,,,0.03,5.0,0.04,5.0,0.02,0.02,0.093157,1776243592000
1776243594.167,294.167,0.97,5.0,0.96,5.0,0.99,3027.91,,,0.01,3027.91,,,0.03,5.0,0.04,5.0,0.02,0.02,0.093157,1776243593000
1776243595.269,295.269,0.98,9.0,0.97,5.0,0.99,2805.27,,,0.01,2805.27,,,0.02,9.0,0.03,5.0,0.01,0.01,0.093157,1776243594000
1776243595.722,295.722,0.97,5.0,0.96,5.0,0.99,2796.27,,,0.01,2805.27,,,0.02,9.0,0.03,5.0,0.02,0.01,0.093157,1776243594000
1776243596.13,296.13,0.97,5.0,0.96,5.0,0.99,2796.27,,,0.01,2796.27,,,0.03,5.0,0.04,5.0,0.02,0.02,0.093158,1776243595000
1776243596.383,296.383,0.97,5.0,0.96,5.0,0.99,2776.06,,,0.01,2796.27,,,0.03,5.0,0.04,5.0,0.02,0.02,0.093158,1776243595000
1776243596.711,296.711,0.97,5.0,0.96,5.0,0.99,1774.95,,,0.01,2774.95,,,0.03,5.0,0.04,5.0,0.02,0.02,0.093158,1776243595000
1776243597.166,297.166,0.97,5.0,0.96,5.0,0.99,1774.95,,,0.01,1774.95,,,0.03,5.0,0.04,5.0,0.02,0.02,0.093158,1776243596000
1776243597.37,297.37,0.97,5.0,0.96,5.0,0.99,1711.96,,,0.01,1724.09,,,0.03,5.0,0.04,5.0,0.02,0.02,0.093158,1776243596000
1776243598.166,298.166,0.97,5.0,0.96,5.0,0.99,1665.59,,,0.01,1675.59,,,0.03,5.0,0.04,5.0,0.02,0.02,0.093158,1776243596000
1776243598.37,298.37,0.97,5.0,0.96,5.0,0.99,1459.5,,,0.01,1474.65,,,0.03,5.0,0.04,5.0,0.02,0.02,0.093158,1776243597000
1776243598.574,298.574,0.97,5.0,0.96,5.0,0.99,1394.04,,,0.01,1401.52,,,0.03,5.0,0.04,5.0,0.02,0.02,0.093158,1776243597000
1776243598.822,298.822,0.97,5.0,0.96,5.0,0.99,434.99,,,0.01,1234.99,,,0.03,5.0,0.04,5.0,0.02,0.02,0.093158,1776243597000
1776243599.025,299.025,0.97,5.0,0.96,5.0,0.99,387.96,,,0.01,432.96,,,0.03,5.0,0.04,5.0,0.02,0.02,0.093158,1776243597000
1776243599.239,299.239,0.99,152.04,0.97,5.0,,,,,,,,,0.01,252.04,0.03,5.0,,,0.093158,1776243597000
1776243599.474,299.474,0.91,1.33,0.9,5.0,,,,,,,,,0.07,3.86,0.08,5.0,,,0.093158,1776243598000
1776243599.742,299.742,0.84,4.17,0.83,5.0,,,,,,,,,0.14,0.84,0.15,5.0,,,0.093158,1776243598000
1776243600.283,300.283,0.8,5.0,0.79,9.0,,,,,,,,,0.17,1.92,0.18,5.0,,,0.093158,1776243598000
1776243601.361,301.361,0.99,47.08,0.8,5.0,,,,,,,,,0.01,47.08,0.2,5.0,,,0.093159,1776243600000
1776243602.394,302.394,0.99,47.08,0.8,5.0,,,,,,,,,0.01,47.08,0.2,5.0,,,0.093149,1776243601000
1776243602.86,302.86,0.99,47.08,0.8,5.0,,,,,,,,,0.01,47.08,0.2,5.0,,,0.093149,1776243602000
