timestamp,elapsed_sec,up_bid_p1,up_bid_s1,up_bid_p2,up_bid_s2,up_bid_p3,up_bid_s3,up_bid_p4,up_bid_s4,up_bid_p5,up_bid_s5,up_ask_p1,up_ask_s1,up_ask_p2,up_ask_s2,up_ask_p3,up_ask_s3,up_ask_p4,up_ask_s4,up_ask_p5,up_ask_s5,down_bid_p1,down_bid_s1,down_bid_p2,down_bid_s2,down_bid_p3,down_bid_s3,down_bid_p4,down_bid_s4,down_bid_p5,down_bid_s5,down_ask_p1,down_ask_s1,down_ask_p2,down_ask_s2,down_ask_p3,down_ask_s3,down_ask_p4,down_ask_s4,down_ask_p5,down_ask_s5,up_spread,down_spread,doge_price,doge_oracle_ts
1776169200.745,0.745,0.5,5.0,0.41,13.0,0.4,8.0,0.39,8.0,0.38,8.0,0.59,13.0,0.6,8.0,0.61,8.0,0.62,8.0,0.63,189.0,0.41,13.0,0.4,8.0,0.39,8.0,0.38,8.0,0.37,189.0,0.5,5.0,0.59,13.0,0.6,8.0,0.61,8.0,0.62,8.0,0.09,0.09,0.09417,1776169199000
1776169201.34,1.34,0.5,5.0,0.41,13.0,0.4,8.0,0.39,8.0,0.38,8.0,0.59,13.0,0.6,8.0,0.61,8.0,0.62,8.0,0.63,189.0,0.41,13.0,0.4,8.0,0.39,8.0,0.38,8.0,0.37,189.0,0.5,5.0,0.59,13.0,0.6,8.0,0.61,8.0,0.62,8.0,0.09,0.09,0.09417,1776169200000
1776169202.11,2.11,0.5,5.0,0.41,13.0,0.4,8.0,0.39,8.0,0.38,8.0,0.59,13.0,0.6,8.0,0.61,8.0,0.62,8.0,0.63,189.0,0.41,13.0,0.4,8.0,0.39,8.0,0.38,8.0,0.37,189.0,0.5,5.0,0.59,13.0,0.6,8.0,0.61,8.0,0.62,8.0,0.09,0.09,0.09417,1776169201000
1776169203.422,3.422,0.5,5.0,0.41,13.0,0.4,8.0,0.39,8.0,0.38,8.0,0.59,13.0,0.6,8.0,0.61,8.0,0.62,8.0,0.63,189.0,0.41,13.0,0.4,8.0,0.39,8.0,0.38,8.0,0.37,189.0,0.5,5.0,0.59,13.0,0.6,8.0,0.61,8.0,0.62,8.0,0.09,0.09,0.094162,1776169202000
1776169204.118,4.118,0.31,375.0,0.29,17.0,0.27,450.0,0.25,600.0,0.21,750.0,0.51,10.0,0.69,375.0,0.73,450.0,0.75,600.0,0.79,750.0,0.41,13.0,0.4,8.0,0.39,8.0,0.38,8.0,0.37,189.0,0.5,5.0,0.59,13.0,0.6,8.0,0.61,8.0,0.62,8.0,0.2,0.09,0.094162,1776169202000
1776169205.524,5.524,0.31,375.0,0.29,17.0,0.27,450.0,0.25,600.0,0.21,750.0,0.51,10.0,0.69,375.0,0.73,450.0,0.75,600.0,0.79,750.0,0.49,10.0,0.31,375.0,0.27,450.0,0.25,600.0,0.21,750.0,0.69,375.0,0.71,17.0,0.73,450.0,0.75,600.0,0.79,750.0,0.2,0.2,0.09414,1776169204000
1776169206.32,6.32,0.31,375.0,0.29,17.0,0.27,450.0,0.25,600.0,0.21,750.0,0.51,10.0,0.69,375.0,0.73,450.0,0.75,600.0,0.79,750.0,0.49,10.0,0.31,375.0,0.27,450.0,0.25,600.0,0.21,750.0,0.69,375.0,0.71,17.0,0.73,450.0,0.75,600.0,0.79,750.0,0.2,0.2,0.09414,1776169205000
1776169207.705,7.705,0.31,375.0,0.29,17.0,0.27,450.0,0.25,600.0,0.21,750.0,0.51,10.0,0.69,375.0,0.73,450.0,0.75,600.0,0.79,750.0,0.49,10.0,0.31,375.0,0.27,450.0,0.25,600.0,0.21,750.0,0.69,375.0,0.71,17.0,0.73,450.0,0.75,600.0,0.79,750.0,0.2,0.2,0.094134,1776169206000
1776169208.867,8.867,0.31,375.0,0.29,17.0,0.27,450.0,0.25,600.0,0.21,750.0,0.51,10.0,0.69,375.0,0.73,450.0,0.75,600.0,0.79,750.0,0.49,10.0,0.31,375.0,0.27,450.0,0.25,600.0,0.21,750.0,0.69,375.0,0.71,17.0,0.73,450.0,0.75,600.0,0.79,750.0,0.2,0.2,0.094134,1776169207000
1776169209.688,9.688,0.31,375.0,0.29,17.0,0.27,450.0,0.25,600.0,0.21,750.0,0.51,10.0,0.69,375.0,0.73,450.0,0.75,600.0,0.79,750.0,0.49,10.0,0.31,375.0,0.27,450.0,0.25,600.0,0.21,750.0,0.69,375.0,0.71,17.0,0.73,450.0,0.75,600.0,0.79,750.0,0.2,0.2,0.094134,1776169208000
1776169210.356,10.356,0.31,375.0,0.29,17.0,0.27,450.0,0.25,600.0,0.21,750.0,0.51,10.0,0.69,375.0,0.73,450.0,0.75,600.0,0.79,750.0,0.49,10.0,0.31,375.0,0.27,450.0,0.25,600.0,0.21,750.0,0.69,375.0,0.71,17.0,0.73,450.0,0.75,600.0,0.79,750.0,0.2,0.2,0.094134,1776169209000
1776169211.574,11.574,0.31,375.0,0.29,17.0,0.27,450.0,0.25,600.0,0.21,750.0,0.51,10.0,0.69,375.0,0.73,450.0,0.75,600.0,0.79,750.0,0.49,10.0,0.31,375.0,0.27,450.0,0.25,600.0,0.21,750.0,0.69,375.0,0.71,17.0,0.73,450.0,0.75,600.0,0.79,750.0,0.2,0.2,0.094134,1776169210000
1776169212.083,12.083,0.31,375.0,0.29,17.0,0.27,450.0,0.25,600.0,0.21,750.0,0.51,10.0,0.69,375.0,0.73,450.0,0.75,600.0,0.79,750.0,0.49,10.0,0.31,375.0,0.27,450.0,0.25,600.0,0.21,750.0,0.69,375.0,0.71,17.0,0.73,450.0,0.75,600.0,0.79,750.0,0.2,0.2,0.094134,1776169211000
1776169213.267,13.267,0.31,375.0,0.29,17.0,0.27,450.0,0.25,600.0,0.21,750.0,0.51,10.0,0.69,375.0,0.73,450.0,0.75,600.0,0.79,750.0,0.49,10.0,0.31,375.0,0.27,450.0,0.25,600.0,0.21,750.0,0.69,375.0,0.71,17.0,0.73,450.0,0.75,600.0,0.79,750.0,0.2,0.2,0.094133,1776169212000
1776169214.401,14.401,0.31,375.0,0.29,17.0,0.27,450.0,0.25,600.0,0.21,750.0,0.51,10.0,0.69,375.0,0.73,450.0,0.75,600.0,0.79,750.0,0.49,10.0,0.31,375.0,0.27,450.0,0.25,600.0,0.21,750.0,0.69,375.0,0.71,17.0,0.73,450.0,0.75,600.0,0.79,750.0,0.2,0.2,0.094133,1776169213000
1776169215.55,15.55,0.31,375.0,0.29,17.0,0.27,450.0,0.25,600.0,0.21,750.0,0.51,10.0,0.69,375.0,0.73,450.0,0.75,600.0,0.79,750.0,0.49,10.0,0.31,375.0,0.27,450.0,0.25,600.0,0.21,750.0,0.69,375.0,0.71,17.0,0.73,450.0,0.75,600.0,0.79,750.0,0.2,0.2,0.094134,1776169214000
1776169216.138,16.138,0.31,375.0,0.29,17.0,0.27,450.0,0.25,600.0,0.21,750.0,0.51,10.0,0.69,375.0,0.73,450.0,0.75,600.0,0.79,750.0,0.49,10.0,0.31,375.0,0.27,450.0,0.25,600.0,0.21,750.0,0.69,375.0,0.71,17.0,0.73,450.0,0.75,600.0,0.79,750.0,0.2,0.2,0.094135,1776169215000
1776169217.34,17.34,0.31,375.0,0.29,17.0,0.27,450.0,0.25,600.0,0.21,750.0,0.51,10.0,0.69,375.0,0.73,450.0,0.75,600.0,0.79,750.0,0.49,10.0,0.31,375.0,0.27,450.0,0.25,600.0,0.21,750.0,0.69,375.0,0.71,17.0,0.73,450.0,0.75,600.0,0.79,750.0,0.2,0.2,0.094133,1776169216000
1776169218.455,18.455,0.31,375.0,0.29,17.0,0.27,450.0,0.25,600.0,0.21,750.0,0.51,10.0,0.69,375.0,0.73,450.0,0.75,600.0,0.79,750.0,0.49,10.0,0.31,375.0,0.27,450.0,0.25,600.0,0.21,750.0,0.69,375.0,0.71,17.0,0.73,450.0,0.75,600.0,0.79,750.0,0.2,0.2,0.094134,1776169217000
1776169219.006,19.006,0.31,375.0,0.29,17.0,0.27,450.0,0.25,600.0,0.21,750.0,0.51,10.0,0.69,375.0,0.73,450.0,0.75,600.0,0.79,750.0,0.49,10.0,0.31,375.0,0.27,450.0,0.25,600.0,0.21,750.0,0.69,375.0,0.71,17.0,0.73,450.0,0.75,600.0,0.79,750.0,0.2,0.2,0.094134,1776169218000
1776169220.106,20.106,0.31,375.0,0.29,17.0,0.27,450.0,0.25,600.0,0.21,750.0,0.51,10.0,0.69,375.0,0.73,450.0,0.75,600.0,0.79,750.0,0.49,10.0,0.31,375.0,0.27,450.0,0.25,600.0,0.21,750.0,0.69,375.0,0.71,17.0,0.73,450.0,0.75,600.0,0.79,750.0,0.2,0.2,0.094135,1776169219000
1776169221.302,21.302,0.31,375.0,0.29,17.0,0.27,450.0,0.25,600.0,0.21,750.0,0.51,10.0,0.69,375.0,0.73,450.0,0.75,600.0,0.79,750.0,0.49,10.0,0.31,375.0,0.27,450.0,0.25,600.0,0.21,750.0,0.69,375.0,0.71,17.0,0.73,450.0,0.75,600.0,0.79,750.0,0.2,0.2,0.094135,1776169220000
1776169222.809,22.809,0.31,375.0,0.29,17.0,0.27,450.0,0.25,600.0,0.21,750.0,0.51,10.0,0.69,375.0,0.73,450.0,0.75,600.0,0.79,750.0,0.49,10.0,0.31,375.0,0.27,450.0,0.25,600.0,0.21,750.0,0.69,375.0,0.71,17.0,0.73,450.0,0.75,600.0,0.79,750.0,0.2,0.2,0.094135,1776169221000
1776169223.366,23.366,0.31,375.0,0.29,17.0,0.27,450.0,0.25,600.0,0.21,750.0,0.51,10.0,0.69,375.0,0.73,450.0,0.75,600.0,0.79,750.0,0.49,10.0,0.31,375.0,0.27,450.0,0.25,600.0,0.21,750.0,0.69,375.0,0.71,17.0,0.73,450.0,0.75,600.0,0.79,750.0,0.2,0.2,0.094135,1776169222000
1776169224.567,24.567,0.31,375.0,0.29,17.0,0.27,450.0,0.25,600.0,0.21,750.0,0.51,10.0,0.69,375.0,0.73,450.0,0.75,600.0,0.79,750.0,0.49,10.0,0.31,375.0,0.27,450.0,0.25,600.0,0.21,750.0,0.69,375.0,0.71,17.0,0.73,450.0,0.75,600.0,0.79,750.0,0.2,0.2,0.094134,1776169223000
1776169225.153,25.153,0.31,375.0,0.29,17.0,0.27,450.0,0.25,600.0,0.21,750.0,0.51,10.0,0.69,375.0,0.73,450.0,0.75,600.0,0.79,750.0,0.49,10.0,0.31,375.0,0.27,450.0,0.25,600.0,0.21,750.0,0.69,375.0,0.71,17.0,0.73,450.0,0.75,600.0,0.79,750.0,0.2,0.2,0.094134,1776169224000
1776169226.461,26.461,0.31,375.0,0.29,17.0,0.27,450.0,0.25,600.0,0.21,750.0,0.51,10.0,0.69,375.0,0.73,450.0,0.75,600.0,0.79,750.0,0.49,10.0,0.31,375.0,0.27,450.0,0.25,600.0,0.21,750.0,0.69,375.0,0.71,17.0,0.73,450.0,0.75,600.0,0.79,750.0,0.2,0.2,0.094134,1776169225000
1776169227.072,27.072,0.31,375.0,0.29,17.0,0.27,450.0,0.25,600.0,0.21,750.0,0.51,10.0,0.69,375.0,0.73,450.0,0.75,600.0,0.79,750.0,0.49,10.0,0.31,375.0,0.27,450.0,0.25,600.0,0.21,750.0,0.69,375.0,0.71,17.0,0.73,450.0,0.75,600.0,0.79,750.0,0.2,0.2,0.094134,1776169226000
1776169228.375,28.375,0.31,375.0,0.29,17.0,0.27,450.0,0.25,600.0,0.21,750.0,0.51,10.0,0.69,375.0,0.73,450.0,0.75,600.0,0.79,750.0,0.49,10.0,0.31,375.0,0.27,450.0,0.25,600.0,0.21,750.0,0.69,375.0,0.71,17.0,0.73,450.0,0.75,600.0,0.79,750.0,0.2,0.2,0.094135,1776169227000
1776169229.559,29.559,0.31,375.0,0.29,17.0,0.27,450.0,0.25,600.0,0.21,750.0,0.51,10.0,0.69,375.0,0.73,450.0,0.75,600.0,0.79,750.0,0.49,10.0,0.31,375.0,0.27,450.0,0.25,600.0,0.21,750.0,0.69,375.0,0.71,17.0,0.73,450.0,0.75,600.0,0.79,750.0,0.2,0.2,0.094136,1776169228000
1776169230.253,30.253,0.31,375.0,0.29,17.0,0.27,450.0,0.25,600.0,0.21,750.0,0.51,10.0,0.69,375.0,0.73,450.0,0.75,600.0,0.79,750.0,0.49,10.0,0.31,375.0,0.27,450.0,0.25,600.0,0.21,750.0,0.69,375.0,0.71,17.0,0.73,450.0,0.75,600.0,0.79,750.0,0.2,0.2,0.094136,1776169229000
1776169231.509,31.509,0.31,375.0,0.29,17.0,0.27,450.0,0.25,600.0,0.21,750.0,0.51,10.0,0.69,375.0,0.73,450.0,0.75,600.0,0.79,750.0,0.49,10.0,0.31,375.0,0.27,450.0,0.25,600.0,0.21,750.0,0.69,375.0,0.71,17.0,0.73,450.0,0.75,600.0,0.79,750.0,0.2,0.2,0.094135,1776169230000
1776169232.169,32.169,0.31,375.0,0.29,17.0,0.27,450.0,0.25,600.0,0.21,750.0,0.51,10.0,0.69,375.0,0.73,450.0,0.75,600.0,0.79,750.0,0.49,10.0,0.31,375.0,0.27,450.0,0.25,600.0,0.21,750.0,0.69,375.0,0.71,17.0,0.73,450.0,0.75,600.0,0.79,750.0,0.2,0.2,0.094135,1776169231000
1776169233.334,33.334,0.31,375.0,0.29,17.0,0.27,450.0,0.25,600.0,0.21,750.0,0.51,10.0,0.69,375.0,0.73,450.0,0.75,600.0,0.79,750.0,0.49,10.0,0.31,375.0,0.27,450.0,0.25,600.0,0.21,750.0,0.69,375.0,0.71,17.0,0.73,450.0,0.75,600.0,0.79,750.0,0.2,0.2,0.094135,1776169232000
1776169234.636,34.636,0.31,375.0,0.29,17.0,0.27,450.0,0.25,600.0,0.21,750.0,0.51,10.0,0.69,375.0,0.73,450.0,0.75,600.0,0.79,750.0,0.49,10.0,0.31,375.0,0.27,450.0,0.25,600.0,0.21,750.0,0.69,375.0,0.71,17.0,0.73,450.0,0.75,600.0,0.79,750.0,0.2,0.2,0.094136,1776169233000
1776169235.214,35.214,0.31,375.0,0.29,17.0,0.27,450.0,0.25,600.0,0.21,750.0,0.51,10.0,0.69,375.0,0.73,450.0,0.75,600.0,0.79,750.0,0.49,10.0,0.31,375.0,0.27,450.0,0.25,600.0,0.21,750.0,0.69,375.0,0.71,17.0,0.73,450.0,0.75,600.0,0.79,750.0,0.2,0.2,0.094135,1776169234000
1776169236.522,36.522,0.31,375.0,0.29,17.0,0.27,450.0,0.25,600.0,0.21,750.0,0.51,10.0,0.69,375.0,0.73,450.0,0.75,600.0,0.79,750.0,0.49,10.0,0.31,375.0,0.27,450.0,0.25,600.0,0.21,750.0,0.69,375.0,0.71,17.0,0.73,450.0,0.75,600.0,0.79,750.0,0.2,0.2,0.094136,1776169235000
1776169237.186,37.186,0.31,375.0,0.29,17.0,0.27,450.0,0.25,600.0,0.21,750.0,0.51,10.0,0.69,375.0,0.73,450.0,0.75,600.0,0.79,750.0,0.49,10.0,0.31,375.0,0.27,450.0,0.25,600.0,0.21,750.0,0.69,375.0,0.71,17.0,0.73,450.0,0.75,600.0,0.79,750.0,0.2,0.2,0.094136,1776169236000
1776169238.343,38.343,0.31,375.0,0.29,17.0,0.27,450.0,0.25,600.0,0.21,750.0,0.51,10.0,0.69,375.0,0.73,450.0,0.75,600.0,0.79,750.0,0.49,10.0,0.31,375.0,0.27,450.0,0.25,600.0,0.21,750.0,0.69,375.0,0.71,17.0,0.73,450.0,0.75,600.0,0.79,750.0,0.2,0.2,0.094134,1776169237000
1776169239.687,39.687,0.31,375.0,0.29,17.0,0.27,450.0,0.25,600.0,0.21,750.0,0.51,10.0,0.69,375.0,0.73,450.0,0.75,600.0,0.79,750.0,0.49,10.0,0.31,375.0,0.27,450.0,0.25,600.0,0.21,750.0,0.69,375.0,0.71,17.0,0.73,450.0,0.75,600.0,0.79,750.0,0.2,0.2,0.094134,1776169238000
1776169240.709,40.709,0.31,375.0,0.29,17.0,0.27,450.0,0.25,600.0,0.21,750.0,0.51,10.0,0.69,375.0,0.73,450.0,0.75,600.0,0.79,750.0,0.49,10.0,0.31,375.0,0.27,450.0,0.25,600.0,0.21,750.0,0.69,375.0,0.71,17.0,0.73,450.0,0.75,600.0,0.79,750.0,0.2,0.2,0.094131,1776169239000
1776169240.932,40.932,0.26,5.0,0.25,5.0,0.16,10.0,0.15,10.0,0.11,100.0,0.31,45.0,0.37,30.0,0.38,5.0,0.39,8.0,0.4,10.0,0.49,10.0,0.31,375.0,0.27,450.0,0.25,600.0,0.21,750.0,0.69,375.0,0.71,17.0,0.73,450.0,0.75,600.0,0.79,750.0,0.05,0.2,0.094131,1776169239000
1776169241.254,41.254,0.12,10.0,0.11,100.0,0.1,5.0,0.05,130.0,0.04,210.0,0.21,40.0,0.31,19.0,0.37,10.0,0.38,5.0,0.39,8.0,0.69,45.0,0.63,30.0,0.62,5.0,0.61,8.0,0.6,10.0,0.74,5.0,0.75,5.0,0.84,10.0,0.85,10.0,0.89,100.0,0.09,0.05,0.094131,1776169239000
1776169242.355,42.355,0.12,10.0,0.11,100.0,0.1,5.0,0.05,130.0,0.04,210.0,0.21,40.0,0.31,19.0,0.37,10.0,0.38,5.0,0.39,8.0,0.79,40.0,0.69,19.0,0.63,10.0,0.62,5.0,0.61,8.0,0.88,10.0,0.89,100.0,0.9,5.0,0.95,130.0,0.96,210.0,0.09,0.09,0.094119,1776169241000
1776169243.306,43.306,0.12,10.0,0.11,100.0,0.1,5.0,0.05,130.0,0.04,210.0,0.21,40.0,0.31,19.0,0.37,10.0,0.38,5.0,0.39,8.0,0.79,40.0,0.69,19.0,0.63,10.0,0.62,5.0,0.61,8.0,0.88,10.0,0.89,100.0,0.9,5.0,0.95,130.0,0.96,210.0,0.09,0.09,0.094072,1776169242000
1776169244.391,44.391,0.12,10.0,0.11,100.0,0.1,5.0,0.05,130.0,0.04,210.0,0.21,40.0,0.31,19.0,0.37,10.0,0.38,5.0,0.39,8.0,0.79,40.0,0.69,19.0,0.63,10.0,0.62,5.0,0.61,8.0,0.88,10.0,0.89,100.0,0.9,5.0,0.95,130.0,0.96,210.0,0.09,0.09,0.094066,1776169243000
1776169245.205,45.205,0.12,10.0,0.11,100.0,0.1,5.0,0.05,130.0,0.04,210.0,0.21,40.0,0.31,19.0,0.37,10.0,0.38,5.0,0.39,8.0,0.79,40.0,0.69,19.0,0.63,10.0,0.62,5.0,0.61,8.0,0.88,10.0,0.89,100.0,0.9,5.0,0.95,130.0,0.96,210.0,0.09,0.09,0.094066,1776169244000
1776169246.216,46.216,0.12,10.0,0.11,100.0,0.1,5.0,0.05,130.0,0.04,210.0,0.21,40.0,0.31,19.0,0.37,10.0,0.38,5.0,0.39,8.0,0.79,40.0,0.69,19.0,0.63,10.0,0.62,5.0,0.61,8.0,0.88,10.0,0.89,100.0,0.9,5.0,0.95,130.0,0.96,210.0,0.09,0.09,0.094067,1776169245000
1776169247.162,47.162,0.12,10.0,0.11,100.0,0.1,5.0,0.05,130.0,0.04,210.0,0.21,40.0,0.31,19.0,0.37,10.0,0.38,5.0,0.39,8.0,0.79,40.0,0.69,19.0,0.63,10.0,0.62,5.0,0.61,8.0,0.88,10.0,0.89,100.0,0.9,5.0,0.95,130.0,0.96,210.0,0.09,0.09,0.094067,1776169246000
1776169248.088,48.088,0.12,10.0,0.11,100.0,0.1,5.0,0.05,130.0,0.04,210.0,0.21,40.0,0.31,19.0,0.37,10.0,0.38,5.0,0.39,8.0,0.79,40.0,0.69,19.0,0.63,10.0,0.62,5.0,0.61,8.0,0.88,10.0,0.89,100.0,0.9,5.0,0.95,130.0,0.96,210.0,0.09,0.09,0.094067,1776169247000
1776169249.053,49.053,0.12,10.0,0.11,100.0,0.1,5.0,0.05,130.0,0.04,210.0,0.21,40.0,0.31,19.0,0.37,10.0,0.38,5.0,0.39,8.0,0.79,40.0,0.69,19.0,0.63,10.0,0.62,5.0,0.61,8.0,0.88,10.0,0.89,100.0,0.9,5.0,0.95,130.0,0.96,210.0,0.09,0.09,0.094067,1776169248000
1776169250.007,50.007,0.12,10.0,0.11,100.0,0.1,5.0,0.05,130.0,0.04,210.0,0.21,40.0,0.31,19.0,0.37,10.0,0.38,5.0,0.39,8.0,0.79,40.0,0.69,19.0,0.63,10.0,0.62,5.0,0.61,8.0,0.88,10.0,0.89,100.0,0.9,5.0,0.95,130.0,0.96,210.0,0.09,0.09,0.094067,1776169249000
1776169251.007,51.007,0.12,10.0,0.11,100.0,0.1,5.0,0.05,130.0,0.04,210.0,0.21,40.0,0.31,19.0,0.37,10.0,0.38,5.0,0.39,8.0,0.79,40.0,0.69,19.0,0.63,10.0,0.62,5.0,0.61,8.0,0.88,10.0,0.89,100.0,0.9,5.0,0.95,130.0,0.96,210.0,0.09,0.09,0.094067,1776169250000
1776169252.008,52.008,0.12,10.0,0.11,100.0,0.1,5.0,0.05,130.0,0.04,210.0,0.21,40.0,0.31,19.0,0.37,10.0,0.38,5.0,0.39,8.0,0.79,40.0,0.69,19.0,0.63,10.0,0.62,5.0,0.61,8.0,0.88,10.0,0.89,100.0,0.9,5.0,0.95,130.0,0.96,210.0,0.09,0.09,0.094067,1776169251000
1776169253.367,53.367,0.12,10.0,0.11,100.0,0.1,5.0,0.05,130.0,0.04,210.0,0.21,40.0,0.31,19.0,0.37,10.0,0.38,5.0,0.39,8.0,0.79,40.0,0.69,19.0,0.63,10.0,0.62,5.0,0.61,8.0,0.88,10.0,0.89,100.0,0.9,5.0,0.95,130.0,0.96,210.0,0.09,0.09,0.094067,1776169252000
1776169254.451,54.451,0.12,10.0,0.11,100.0,0.1,5.0,0.05,130.0,0.04,210.0,0.21,40.0,0.31,19.0,0.37,10.0,0.38,5.0,0.39,8.0,0.79,40.0,0.69,19.0,0.63,10.0,0.62,5.0,0.61,8.0,0.88,10.0,0.89,100.0,0.9,5.0,0.95,130.0,0.96,210.0,0.09,0.09,0.094065,1776169253000
1776169255.013,55.013,0.12,10.0,0.11,100.0,0.1,5.0,0.05,130.0,0.04,210.0,0.21,40.0,0.31,19.0,0.37,10.0,0.38,5.0,0.39,8.0,0.79,40.0,0.69,19.0,0.63,10.0,0.62,5.0,0.61,8.0,0.88,10.0,0.89,100.0,0.9,5.0,0.95,130.0,0.96,210.0,0.09,0.09,0.094062,1776169254000
1776169255.992,55.992,0.12,10.0,0.11,100.0,0.1,5.0,0.05,130.0,0.04,210.0,0.21,40.0,0.31,19.0,0.37,10.0,0.38,5.0,0.39,8.0,0.79,40.0,0.69,19.0,0.63,10.0,0.62,5.0,0.61,8.0,0.88,10.0,0.89,100.0,0.9,5.0,0.95,130.0,0.96,210.0,0.09,0.09,0.094062,1776169255000
1776169257.1,57.1,0.12,10.0,0.11,100.0,0.1,5.0,0.05,130.0,0.04,210.0,0.21,40.0,0.31,19.0,0.37,10.0,0.38,5.0,0.39,8.0,0.79,40.0,0.69,19.0,0.63,10.0,0.62,5.0,0.61,8.0,0.88,10.0,0.89,100.0,0.9,5.0,0.95,130.0,0.96,210.0,0.09,0.09,0.094062,1776169256000
1776169258.039,58.039,0.12,10.0,0.11,100.0,0.1,5.0,0.05,130.0,0.04,210.0,0.21,40.0,0.31,19.0,0.37,10.0,0.38,5.0,0.39,8.0,0.79,40.0,0.69,19.0,0.63,10.0,0.62,5.0,0.61,8.0,0.88,10.0,0.89,100.0,0.9,5.0,0.95,130.0,0.96,210.0,0.09,0.09,0.094056,1776169257000
1776169259.228,59.228,0.12,10.0,0.11,100.0,0.1,5.0,0.05,130.0,0.04,210.0,0.21,40.0,0.31,19.0,0.37,10.0,0.38,5.0,0.39,8.0,0.79,40.0,0.69,19.0,0.63,10.0,0.62,5.0,0.61,8.0,0.88,10.0,0.89,100.0,0.9,5.0,0.95,130.0,0.96,210.0,0.09,0.09,0.094055,1776169258000
1776169260.179,60.179,0.12,10.0,0.11,100.0,0.1,5.0,0.05,130.0,0.04,210.0,0.21,40.0,0.31,19.0,0.37,10.0,0.38,5.0,0.39,8.0,0.79,40.0,0.69,19.0,0.63,10.0,0.62,5.0,0.61,8.0,0.88,10.0,0.89,100.0,0.9,5.0,0.95,130.0,0.96,210.0,0.09,0.09,0.094055,1776169259000
1776169261.381,61.381,0.12,10.0,0.11,100.0,0.1,5.0,0.05,130.0,0.04,210.0,0.21,40.0,0.31,19.0,0.37,10.0,0.38,5.0,0.39,8.0,0.79,40.0,0.69,19.0,0.63,10.0,0.62,5.0,0.61,8.0,0.88,10.0,0.89,100.0,0.9,5.0,0.95,130.0,0.96,210.0,0.09,0.09,0.094058,1776169260000
1776169261.976,61.976,0.12,10.0,0.11,100.0,0.1,5.0,0.05,130.0,0.04,210.0,0.21,40.0,0.31,19.0,0.37,10.0,0.38,5.0,0.39,8.0,0.79,40.0,0.69,19.0,0.63,10.0,0.62,5.0,0.61,8.0,0.88,10.0,0.89,100.0,0.9,5.0,0.95,130.0,0.96,210.0,0.09,0.09,0.094058,1776169261000
1776169263.052,63.052,0.12,10.0,0.11,100.0,0.1,5.0,0.05,130.0,0.04,210.0,0.21,40.0,0.31,19.0,0.37,10.0,0.38,5.0,0.39,8.0,0.79,40.0,0.69,19.0,0.63,10.0,0.62,5.0,0.61,8.0,0.88,10.0,0.89,100.0,0.9,5.0,0.95,130.0,0.96,210.0,0.09,0.09,0.094071,1776169262000
1776169264.229,64.229,0.12,10.0,0.11,100.0,0.1,5.0,0.05,130.0,0.04,210.0,0.21,40.0,0.31,19.0,0.37,10.0,0.38,5.0,0.39,8.0,0.79,40.0,0.69,19.0,0.63,10.0,0.62,5.0,0.61,8.0,0.88,10.0,0.89,100.0,0.9,5.0,0.95,130.0,0.96,210.0,0.09,0.09,0.094066,1776169263000
1776169265.204,65.204,0.12,10.0,0.11,100.0,0.1,5.0,0.05,130.0,0.04,210.0,0.21,40.0,0.31,19.0,0.37,10.0,0.38,5.0,0.39,8.0,0.79,40.0,0.69,19.0,0.63,10.0,0.62,5.0,0.61,8.0,0.88,10.0,0.89,100.0,0.9,5.0,0.95,130.0,0.96,210.0,0.09,0.09,0.094053,1776169264000
1776169266.347,66.347,0.12,10.0,0.11,100.0,0.1,5.0,0.05,130.0,0.04,210.0,0.21,40.0,0.31,19.0,0.37,10.0,0.38,5.0,0.39,8.0,0.79,40.0,0.69,19.0,0.63,10.0,0.62,5.0,0.61,8.0,0.88,10.0,0.89,100.0,0.9,5.0,0.95,130.0,0.96,210.0,0.09,0.09,0.094049,1776169265000
1776169267.393,67.393,0.12,10.0,0.11,100.0,0.1,5.0,0.05,130.0,0.04,210.0,0.21,40.0,0.31,19.0,0.37,10.0,0.38,5.0,0.39,8.0,0.79,40.0,0.69,19.0,0.63,10.0,0.62,5.0,0.61,8.0,0.88,10.0,0.89,100.0,0.9,5.0,0.95,130.0,0.96,210.0,0.09,0.09,0.09405,1776169266000
1776169268.357,68.357,0.12,10.0,0.11,100.0,0.1,5.0,0.05,130.0,0.04,210.0,0.21,40.0,0.31,19.0,0.37,10.0,0.38,5.0,0.39,8.0,0.79,40.0,0.69,19.0,0.63,10.0,0.62,5.0,0.61,8.0,0.88,10.0,0.89,100.0,0.9,5.0,0.95,130.0,0.96,210.0,0.09,0.09,0.094049,1776169267000
1776169269.013,69.013,0.12,10.0,0.11,100.0,0.1,5.0,0.05,130.0,0.04,210.0,0.21,40.0,0.31,19.0,0.37,10.0,0.38,5.0,0.39,8.0,0.79,40.0,0.69,19.0,0.63,10.0,0.62,5.0,0.61,8.0,0.88,10.0,0.89,100.0,0.9,5.0,0.95,130.0,0.96,210.0,0.09,0.09,0.094049,1776169268000
1776169270.103,70.103,0.12,10.0,0.11,100.0,0.1,5.0,0.05,130.0,0.04,210.0,0.21,40.0,0.31,19.0,0.37,10.0,0.38,5.0,0.39,8.0,0.79,40.0,0.69,19.0,0.63,10.0,0.62,5.0,0.61,8.0,0.88,10.0,0.89,100.0,0.9,5.0,0.95,130.0,0.96,210.0,0.09,0.09,0.094068,1776169269000
1776169271.279,71.279,0.12,10.0,0.11,100.0,0.1,5.0,0.05,130.0,0.04,210.0,0.21,40.0,0.31,19.0,0.37,10.0,0.38,5.0,0.39,8.0,0.79,40.0,0.69,19.0,0.63,10.0,0.62,5.0,0.61,8.0,0.88,10.0,0.89,100.0,0.9,5.0,0.95,130.0,0.96,210.0,0.09,0.09,0.094077,1776169270000
1776169272.448,72.448,0.12,10.0,0.11,100.0,0.1,5.0,0.05,130.0,0.04,210.0,0.21,40.0,0.31,19.0,0.37,10.0,0.38,5.0,0.39,8.0,0.79,40.0,0.69,19.0,0.63,10.0,0.62,5.0,0.61,8.0,0.88,10.0,0.89,100.0,0.9,5.0,0.95,130.0,0.96,210.0,0.09,0.09,0.094079,1776169271000
1776169272.998,72.998,0.12,10.0,0.11,100.0,0.1,5.0,0.05,130.0,0.04,210.0,0.21,40.0,0.31,19.0,0.37,10.0,0.38,5.0,0.39,8.0,0.79,40.0,0.69,19.0,0.63,10.0,0.62,5.0,0.61,8.0,0.88,10.0,0.89,100.0,0.9,5.0,0.95,130.0,0.96,210.0,0.09,0.09,0.094077,1776169272000
1776169274.27,74.27,0.12,10.0,0.11,100.0,0.1,5.0,0.05,130.0,0.04,210.0,0.21,40.0,0.31,19.0,0.37,10.0,0.38,5.0,0.39,8.0,0.79,40.0,0.69,19.0,0.63,10.0,0.62,5.0,0.61,8.0,0.88,10.0,0.89,100.0,0.9,5.0,0.95,130.0,0.96,210.0,0.09,0.09,0.094077,1776169273000
1776169275.55,75.55,0.12,10.0,0.11,100.0,0.1,5.0,0.05,130.0,0.04,210.0,0.21,40.0,0.31,19.0,0.37,10.0,0.38,5.0,0.39,8.0,0.79,40.0,0.69,19.0,0.63,10.0,0.62,5.0,0.61,8.0,0.88,10.0,0.89,100.0,0.9,5.0,0.95,130.0,0.96,210.0,0.09,0.09,0.09407,1776169274000
1776169276.121,76.121,0.12,10.0,0.11,100.0,0.1,5.0,0.05,130.0,0.04,210.0,0.21,40.0,0.31,19.0,0.37,10.0,0.38,5.0,0.39,8.0,0.79,40.0,0.69,19.0,0.63,10.0,0.62,5.0,0.61,8.0,0.88,10.0,0.89,100.0,0.9,5.0,0.95,130.0,0.96,210.0,0.09,0.09,0.09407,1776169275000
1776169277.278,77.278,0.12,10.0,0.11,100.0,0.1,5.0,0.05,130.0,0.04,210.0,0.21,40.0,0.31,19.0,0.37,10.0,0.38,5.0,0.39,8.0,0.79,40.0,0.69,19.0,0.63,10.0,0.62,5.0,0.61,8.0,0.88,10.0,0.89,100.0,0.9,5.0,0.95,130.0,0.96,210.0,0.09,0.09,0.094071,1776169276000
1776169278.427,78.427,0.12,10.0,0.11,100.0,0.1,5.0,0.05,130.0,0.04,210.0,0.21,40.0,0.31,19.0,0.37,10.0,0.38,5.0,0.39,8.0,0.79,40.0,0.69,19.0,0.63,10.0,0.62,5.0,0.61,8.0,0.88,10.0,0.89,100.0,0.9,5.0,0.95,130.0,0.96,210.0,0.09,0.09,0.094074,1776169277000
1776169279.034,79.034,0.12,10.0,0.11,100.0,0.1,5.0,0.05,130.0,0.04,210.0,0.21,40.0,0.31,19.0,0.37,10.0,0.38,5.0,0.39,8.0,0.79,40.0,0.69,19.0,0.63,10.0,0.62,5.0,0.61,8.0,0.88,10.0,0.89,100.0,0.9,5.0,0.95,130.0,0.96,210.0,0.09,0.09,0.094074,1776169278000
1776169280.168,80.168,0.12,10.0,0.11,100.0,0.1,5.0,0.05,130.0,0.04,210.0,0.21,40.0,0.31,19.0,0.37,10.0,0.38,5.0,0.39,8.0,0.79,40.0,0.69,19.0,0.63,10.0,0.62,5.0,0.61,8.0,0.88,10.0,0.89,100.0,0.9,5.0,0.95,130.0,0.96,210.0,0.09,0.09,0.094073,1776169279000
1776169281.431,81.431,0.12,10.0,0.11,100.0,0.1,5.0,0.05,130.0,0.04,210.0,0.21,40.0,0.31,19.0,0.37,10.0,0.38,5.0,0.39,8.0,0.79,40.0,0.69,19.0,0.63,10.0,0.62,5.0,0.61,8.0,0.88,10.0,0.89,100.0,0.9,5.0,0.95,130.0,0.96,210.0,0.09,0.09,0.094073,1776169280000
1776169282.263,82.263,0.12,10.0,0.11,100.0,0.1,5.0,0.05,130.0,0.04,210.0,0.21,40.0,0.31,19.0,0.37,10.0,0.38,5.0,0.39,8.0,0.79,40.0,0.69,19.0,0.63,10.0,0.62,5.0,0.61,8.0,0.88,10.0,0.89,100.0,0.9,5.0,0.95,130.0,0.96,210.0,0.09,0.09,0.094073,1776169281000
1776169283.517,83.517,0.12,10.0,0.11,100.0,0.1,5.0,0.05,130.0,0.04,210.0,0.21,40.0,0.31,19.0,0.37,10.0,0.38,5.0,0.39,8.0,0.79,40.0,0.69,19.0,0.63,10.0,0.62,5.0,0.61,8.0,0.88,10.0,0.89,100.0,0.9,5.0,0.95,130.0,0.96,210.0,0.09,0.09,0.094073,1776169282000
1776169284.402,84.402,0.12,10.0,0.11,100.0,0.1,5.0,0.05,130.0,0.04,210.0,0.21,40.0,0.31,19.0,0.37,10.0,0.38,5.0,0.39,8.0,0.79,40.0,0.69,19.0,0.63,10.0,0.62,5.0,0.61,8.0,0.88,10.0,0.89,100.0,0.9,5.0,0.95,130.0,0.96,210.0,0.09,0.09,0.094071,1776169283000
1776169285.467,85.467,0.12,10.0,0.11,100.0,0.1,5.0,0.05,130.0,0.04,210.0,0.21,40.0,0.31,19.0,0.37,10.0,0.38,5.0,0.39,8.0,0.79,40.0,0.69,19.0,0.63,10.0,0.62,5.0,0.61,8.0,0.88,10.0,0.89,100.0,0.9,5.0,0.95,130.0,0.96,210.0,0.09,0.09,0.09407,1776169284000
1776169285.99,85.99,0.12,10.0,0.11,100.0,0.1,5.0,0.05,130.0,0.04,210.0,0.21,40.0,0.31,19.0,0.37,10.0,0.38,5.0,0.39,8.0,0.79,40.0,0.69,19.0,0.63,10.0,0.62,5.0,0.61,8.0,0.88,10.0,0.89,100.0,0.9,5.0,0.95,130.0,0.96,210.0,0.09,0.09,0.09407,1776169285000
1776169286.969,86.969,0.12,10.0,0.11,100.0,0.1,5.0,0.05,130.0,0.04,210.0,0.21,40.0,0.31,19.0,0.37,10.0,0.38,5.0,0.39,8.0,0.79,40.0,0.69,19.0,0.63,10.0,0.62,5.0,0.61,8.0,0.88,10.0,0.89,100.0,0.9,5.0,0.95,130.0,0.96,210.0,0.09,0.09,0.09407,1776169286000
1776169288.028,88.028,0.12,10.0,0.11,100.0,0.1,5.0,0.05,130.0,0.04,210.0,0.21,40.0,0.31,19.0,0.37,10.0,0.38,5.0,0.39,8.0,0.79,40.0,0.69,19.0,0.63,10.0,0.62,5.0,0.61,8.0,0.88,10.0,0.89,100.0,0.9,5.0,0.95,130.0,0.96,210.0,0.09,0.09,0.09407,1776169287000
1776169289.073,89.073,0.12,10.0,0.11,100.0,0.1,5.0,0.05,130.0,0.04,210.0,0.21,40.0,0.31,19.0,0.37,10.0,0.38,5.0,0.39,8.0,0.79,40.0,0.69,19.0,0.63,10.0,0.62,5.0,0.61,8.0,0.88,10.0,0.89,100.0,0.9,5.0,0.95,130.0,0.96,210.0,0.09,0.09,0.094071,1776169288000
1776169290.07,90.07,0.12,10.0,0.11,100.0,0.1,5.0,0.05,130.0,0.04,210.0,0.21,40.0,0.31,19.0,0.37,10.0,0.38,5.0,0.39,8.0,0.79,40.0,0.69,19.0,0.63,10.0,0.62,5.0,0.61,8.0,0.88,10.0,0.89,100.0,0.9,5.0,0.95,130.0,0.96,210.0,0.09,0.09,0.094071,1776169289000
1776169291.036,91.036,0.12,10.0,0.11,100.0,0.1,5.0,0.05,130.0,0.04,210.0,0.21,40.0,0.31,19.0,0.37,10.0,0.38,5.0,0.39,8.0,0.79,40.0,0.69,19.0,0.63,10.0,0.62,5.0,0.61,8.0,0.88,10.0,0.89,100.0,0.9,5.0,0.95,130.0,0.96,210.0,0.09,0.09,0.094071,1776169290000
1776169292.004,92.004,0.12,10.0,0.11,100.0,0.1,5.0,0.05,130.0,0.04,210.0,0.21,40.0,0.31,19.0,0.37,10.0,0.38,5.0,0.39,8.0,0.79,40.0,0.69,19.0,0.63,10.0,0.62,5.0,0.61,8.0,0.88,10.0,0.89,100.0,0.9,5.0,0.95,130.0,0.96,210.0,0.09,0.09,0.094071,1776169291000
1776169293.075,93.075,0.12,10.0,0.11,100.0,0.1,5.0,0.05,130.0,0.04,210.0,0.21,40.0,0.31,19.0,0.37,10.0,0.38,5.0,0.39,8.0,0.79,40.0,0.69,19.0,0.63,10.0,0.62,5.0,0.61,8.0,0.88,10.0,0.89,100.0,0.9,5.0,0.95,130.0,0.96,210.0,0.09,0.09,0.09407,1776169292000
1776169294.188,94.188,0.12,10.0,0.11,100.0,0.1,5.0,0.05,130.0,0.04,210.0,0.21,40.0,0.31,19.0,0.37,10.0,0.38,5.0,0.39,8.0,0.79,40.0,0.69,19.0,0.63,10.0,0.62,5.0,0.61,8.0,0.88,10.0,0.89,100.0,0.9,5.0,0.95,130.0,0.96,210.0,0.09,0.09,0.094062,1776169293000
1776169295.694,95.694,0.12,10.0,0.11,100.0,0.1,5.0,0.05,130.0,0.04,210.0,0.21,40.0,0.31,19.0,0.37,10.0,0.38,5.0,0.39,8.0,0.79,40.0,0.69,19.0,0.63,10.0,0.62,5.0,0.61,8.0,0.88,10.0,0.89,100.0,0.9,5.0,0.95,130.0,0.96,210.0,0.09,0.09,0.094052,1776169294000
1776169296.159,96.159,0.12,10.0,0.11,100.0,0.1,5.0,0.05,130.0,0.04,210.0,0.21,40.0,0.31,19.0,0.37,10.0,0.38,5.0,0.39,8.0,0.79,40.0,0.69,19.0,0.63,10.0,0.62,5.0,0.61,8.0,0.88,10.0,0.89,100.0,0.9,5.0,0.95,130.0,0.96,210.0,0.09,0.09,0.094051,1776169295000
1776169297.175,97.175,0.12,10.0,0.11,100.0,0.1,5.0,0.05,130.0,0.04,210.0,0.21,40.0,0.31,19.0,0.37,10.0,0.38,5.0,0.39,8.0,0.79,40.0,0.69,19.0,0.63,10.0,0.62,5.0,0.61,8.0,0.88,10.0,0.89,100.0,0.9,5.0,0.95,130.0,0.96,210.0,0.09,0.09,0.094052,1776169296000
1776169298.119,98.119,0.12,10.0,0.11,100.0,0.1,5.0,0.05,130.0,0.04,210.0,0.21,40.0,0.31,19.0,0.37,10.0,0.38,5.0,0.39,8.0,0.79,40.0,0.69,19.0,0.63,10.0,0.62,5.0,0.61,8.0,0.88,10.0,0.89,100.0,0.9,5.0,0.95,130.0,0.96,210.0,0.09,0.09,0.094052,1776169297000
1776169299.095,99.095,0.12,10.0,0.11,100.0,0.1,5.0,0.05,130.0,0.04,210.0,0.21,40.0,0.31,19.0,0.37,10.0,0.38,5.0,0.39,8.0,0.79,40.0,0.69,19.0,0.63,10.0,0.62,5.0,0.61,8.0,0.88,10.0,0.89,100.0,0.9,5.0,0.95,130.0,0.96,210.0,0.09,0.09,0.094054,1776169298000
1776169300.007,100.007,0.12,10.0,0.11,100.0,0.1,5.0,0.05,130.0,0.04,210.0,0.21,40.0,0.31,19.0,0.37,10.0,0.38,5.0,0.39,8.0,0.79,40.0,0.69,19.0,0.63,10.0,0.62,5.0,0.61,8.0,0.88,10.0,0.89,100.0,0.9,5.0,0.95,130.0,0.96,210.0,0.09,0.09,0.094054,1776169299000
1776169300.926,100.926,0.12,10.0,0.11,100.0,0.1,5.0,0.05,130.0,0.04,210.0,0.21,40.0,0.31,19.0,0.37,10.0,0.38,5.0,0.39,8.0,0.79,40.0,0.69,19.0,0.63,10.0,0.62,5.0,0.61,8.0,0.88,10.0,0.89,100.0,0.9,5.0,0.95,130.0,0.96,210.0,0.09,0.09,0.094054,1776169300000
1776169301.853,101.853,0.12,10.0,0.11,100.0,0.1,5.0,0.05,130.0,0.04,210.0,0.21,40.0,0.31,19.0,0.37,10.0,0.38,5.0,0.39,8.0,0.79,40.0,0.69,19.0,0.63,10.0,0.62,5.0,0.61,8.0,0.88,10.0,0.89,100.0,0.9,5.0,0.95,130.0,0.96,210.0,0.09,0.09,0.094054,1776169301000
1776169303.378,103.378,0.12,10.0,0.11,100.0,0.1,5.0,0.05,130.0,0.04,210.0,0.21,40.0,0.31,19.0,0.37,10.0,0.38,5.0,0.39,8.0,0.79,40.0,0.69,19.0,0.63,10.0,0.62,5.0,0.61,8.0,0.88,10.0,0.89,100.0,0.9,5.0,0.95,130.0,0.96,210.0,0.09,0.09,0.094053,1776169302000
1776169304.387,104.387,0.12,10.0,0.11,100.0,0.1,5.0,0.05,130.0,0.04,210.0,0.21,40.0,0.31,19.0,0.37,10.0,0.38,5.0,0.39,8.0,0.79,40.0,0.69,19.0,0.63,10.0,0.62,5.0,0.61,8.0,0.88,10.0,0.89,100.0,0.9,5.0,0.95,130.0,0.96,210.0,0.09,0.09,0.094054,1776169303000
1776169305.207,105.207,0.12,10.0,0.11,100.0,0.1,5.0,0.05,130.0,0.04,210.0,0.21,40.0,0.31,19.0,0.37,10.0,0.38,5.0,0.39,8.0,0.79,40.0,0.69,19.0,0.63,10.0,0.62,5.0,0.61,8.0,0.88,10.0,0.89,100.0,0.9,5.0,0.95,130.0,0.96,210.0,0.09,0.09,0.094054,1776169304000
1776169306.168,106.168,0.12,10.0,0.11,100.0,0.1,5.0,0.05,130.0,0.04,210.0,0.21,40.0,0.31,19.0,0.37,10.0,0.38,5.0,0.39,8.0,0.79,40.0,0.69,19.0,0.63,10.0,0.62,5.0,0.61,8.0,0.88,10.0,0.89,100.0,0.9,5.0,0.95,130.0,0.96,210.0,0.09,0.09,0.094054,1776169305000
1776169307.083,107.083,0.12,10.0,0.11,100.0,0.1,5.0,0.05,130.0,0.04,210.0,0.21,40.0,0.31,19.0,0.37,10.0,0.38,5.0,0.39,8.0,0.79,40.0,0.69,19.0,0.63,10.0,0.62,5.0,0.61,8.0,0.88,10.0,0.89,100.0,0.9,5.0,0.95,130.0,0.96,210.0,0.09,0.09,0.094054,1776169306000
1776169308.125,108.125,0.12,10.0,0.11,100.0,0.1,5.0,0.05,130.0,0.04,210.0,0.21,40.0,0.31,19.0,0.37,10.0,0.38,5.0,0.39,8.0,0.79,40.0,0.69,19.0,0.63,10.0,0.62,5.0,0.61,8.0,0.88,10.0,0.89,100.0,0.9,5.0,0.95,130.0,0.96,210.0,0.09,0.09,0.094053,1776169307000
1776169309.248,109.248,0.12,10.0,0.11,100.0,0.1,5.0,0.05,130.0,0.04,210.0,0.21,40.0,0.31,19.0,0.37,10.0,0.38,5.0,0.39,8.0,0.79,40.0,0.69,19.0,0.63,10.0,0.62,5.0,0.61,8.0,0.88,10.0,0.89,100.0,0.9,5.0,0.95,130.0,0.96,210.0,0.09,0.09,0.094066,1776169308000
1776169310.562,110.562,0.12,10.0,0.11,100.0,0.1,5.0,0.05,130.0,0.04,210.0,0.21,40.0,0.31,19.0,0.37,10.0,0.38,5.0,0.39,8.0,0.79,40.0,0.69,19.0,0.63,10.0,0.62,5.0,0.61,8.0,0.88,10.0,0.89,100.0,0.9,5.0,0.95,130.0,0.96,210.0,0.09,0.09,0.094071,1776169309000
1776169311.358,111.358,0.12,10.0,0.11,100.0,0.1,5.0,0.05,130.0,0.04,210.0,0.21,40.0,0.31,19.0,0.37,10.0,0.38,5.0,0.39,8.0,0.79,40.0,0.69,19.0,0.63,10.0,0.62,5.0,0.61,8.0,0.88,10.0,0.89,100.0,0.9,5.0,0.95,130.0,0.96,210.0,0.09,0.09,0.094071,1776169310000
1776169311.963,111.963,0.12,10.0,0.11,100.0,0.1,5.0,0.05,130.0,0.04,210.0,0.21,40.0,0.31,19.0,0.37,10.0,0.38,5.0,0.39,8.0,0.79,40.0,0.69,19.0,0.63,10.0,0.62,5.0,0.61,8.0,0.88,10.0,0.89,100.0,0.9,5.0,0.95,130.0,0.96,210.0,0.09,0.09,0.094072,1776169311000
1776169313.331,113.331,0.12,10.0,0.11,100.0,0.1,5.0,0.05,130.0,0.04,210.0,0.21,40.0,0.31,19.0,0.37,10.0,0.38,5.0,0.39,8.0,0.79,40.0,0.69,19.0,0.63,10.0,0.62,5.0,0.61,8.0,0.88,10.0,0.89,100.0,0.9,5.0,0.95,130.0,0.96,210.0,0.09,0.09,0.094071,1776169312000
1776169314.553,114.553,0.12,10.0,0.11,100.0,0.1,5.0,0.05,130.0,0.04,210.0,0.21,40.0,0.31,19.0,0.37,10.0,0.38,5.0,0.39,8.0,0.79,40.0,0.69,19.0,0.63,10.0,0.62,5.0,0.61,8.0,0.88,10.0,0.89,100.0,0.9,5.0,0.95,130.0,0.96,210.0,0.09,0.09,0.094074,1776169313000
1776169315.212,115.212,0.12,10.0,0.11,100.0,0.1,5.0,0.05,130.0,0.04,210.0,0.21,40.0,0.31,19.0,0.37,10.0,0.38,5.0,0.39,8.0,0.79,40.0,0.69,19.0,0.63,10.0,0.62,5.0,0.61,8.0,0.88,10.0,0.89,100.0,0.9,5.0,0.95,130.0,0.96,210.0,0.09,0.09,0.094074,1776169314000
1776169316.526,116.526,0.12,10.0,0.11,100.0,0.1,5.0,0.05,130.0,0.04,210.0,0.21,40.0,0.31,19.0,0.37,10.0,0.38,5.0,0.39,8.0,0.79,40.0,0.69,19.0,0.63,10.0,0.62,5.0,0.61,8.0,0.88,10.0,0.89,100.0,0.9,5.0,0.95,130.0,0.96,210.0,0.09,0.09,0.094074,1776169315000
1776169317.026,117.026,0.12,10.0,0.11,100.0,0.1,5.0,0.05,130.0,0.04,210.0,0.21,40.0,0.31,19.0,0.37,10.0,0.38,5.0,0.39,8.0,0.79,40.0,0.69,19.0,0.63,10.0,0.62,5.0,0.61,8.0,0.88,10.0,0.89,100.0,0.9,5.0,0.95,130.0,0.96,210.0,0.09,0.09,0.094073,1776169316000
1776169318.286,118.286,0.12,10.0,0.11,100.0,0.1,5.0,0.05,130.0,0.04,210.0,0.21,40.0,0.31,19.0,0.37,10.0,0.38,5.0,0.39,8.0,0.79,40.0,0.69,19.0,0.63,10.0,0.62,5.0,0.61,8.0,0.88,10.0,0.89,100.0,0.9,5.0,0.95,130.0,0.96,210.0,0.09,0.09,0.09407,1776169317000
1776169319.499,119.499,0.12,10.0,0.11,100.0,0.1,5.0,0.05,130.0,0.04,210.0,0.21,40.0,0.31,19.0,0.37,10.0,0.38,5.0,0.39,8.0,0.79,40.0,0.69,19.0,0.63,10.0,0.62,5.0,0.61,8.0,0.88,10.0,0.89,100.0,0.9,5.0,0.95,130.0,0.96,210.0,0.09,0.09,0.094071,1776169318000
1776169320.272,120.272,0.12,10.0,0.11,100.0,0.1,5.0,0.05,130.0,0.04,210.0,0.21,40.0,0.31,19.0,0.37,10.0,0.38,5.0,0.39,8.0,0.79,40.0,0.69,19.0,0.63,10.0,0.62,5.0,0.61,8.0,0.88,10.0,0.89,100.0,0.9,5.0,0.95,130.0,0.96,210.0,0.09,0.09,0.094071,1776169319000
1776169320.897,120.897,0.12,5.0,0.1,5.0,0.05,5.0,0.04,10.0,0.02,15.0,0.2,6.0,0.27,5.0,0.28,5.0,0.31,50.0,0.33,10.0,0.79,40.0,0.69,19.0,0.63,10.0,0.62,5.0,0.61,8.0,0.88,10.0,0.89,100.0,0.9,5.0,0.95,130.0,0.96,210.0,0.08,0.09,0.094071,1776169319000
1776169321.581,121.581,0.12,5.0,0.1,5.0,0.05,5.0,0.04,10.0,0.02,15.0,0.2,6.0,0.27,5.0,0.28,5.0,0.31,50.0,0.33,10.0,0.8,6.0,0.73,5.0,0.72,5.0,0.69,50.0,0.67,10.0,0.88,5.0,0.9,5.0,0.95,5.0,0.96,10.0,0.98,15.0,0.08,0.08,0.094072,1776169320000
1776169322.163,122.163,0.12,5.0,0.1,5.0,0.05,5.0,0.04,10.0,0.02,15.0,0.2,6.0,0.27,5.0,0.28,5.0,0.31,50.0,0.33,10.0,0.8,6.0,0.73,5.0,0.72,5.0,0.69,50.0,0.67,10.0,0.88,5.0,0.9,5.0,0.95,5.0,0.96,10.0,0.98,15.0,0.08,0.08,0.094072,1776169321000
1776169323.319,123.319,0.12,5.0,0.1,5.0,0.05,5.0,0.04,10.0,0.02,15.0,0.2,6.0,0.27,5.0,0.28,5.0,0.31,50.0,0.33,10.0,0.8,6.0,0.73,5.0,0.72,5.0,0.69,50.0,0.67,10.0,0.88,5.0,0.9,5.0,0.95,5.0,0.96,10.0,0.98,15.0,0.08,0.08,0.094072,1776169322000
1776169324.385,124.385,0.12,5.0,0.1,5.0,0.05,5.0,0.04,10.0,0.02,15.0,0.2,6.0,0.27,5.0,0.28,5.0,0.31,50.0,0.33,10.0,0.8,6.0,0.73,5.0,0.72,5.0,0.69,50.0,0.67,10.0,0.88,5.0,0.9,5.0,0.95,5.0,0.96,10.0,0.98,15.0,0.08,0.08,0.094066,1776169323000
1776169325.289,125.289,0.12,5.0,0.1,5.0,0.05,5.0,0.04,10.0,0.02,15.0,0.2,6.0,0.27,5.0,0.28,5.0,0.31,50.0,0.33,10.0,0.8,6.0,0.73,5.0,0.72,5.0,0.69,50.0,0.67,10.0,0.88,5.0,0.9,5.0,0.95,5.0,0.96,10.0,0.98,15.0,0.08,0.08,0.094066,1776169324000
1776169326.313,126.313,0.12,5.0,0.1,5.0,0.05,5.0,0.04,10.0,0.02,15.0,0.2,6.0,0.27,5.0,0.28,5.0,0.31,50.0,0.33,10.0,0.8,6.0,0.73,5.0,0.72,5.0,0.69,50.0,0.67,10.0,0.88,5.0,0.9,5.0,0.95,5.0,0.96,10.0,0.98,15.0,0.08,0.08,0.094078,1776169325000
1776169327.353,127.353,0.12,5.0,0.1,5.0,0.05,5.0,0.04,10.0,0.02,15.0,0.2,6.0,0.27,5.0,0.28,5.0,0.31,50.0,0.33,10.0,0.8,6.0,0.73,5.0,0.72,5.0,0.69,50.0,0.67,10.0,0.88,5.0,0.9,5.0,0.95,5.0,0.96,10.0,0.98,15.0,0.08,0.08,0.094082,1776169326000
1776169328.365,128.365,0.12,5.0,0.1,5.0,0.05,5.0,0.04,10.0,0.02,15.0,0.2,6.0,0.27,5.0,0.28,5.0,0.31,50.0,0.33,10.0,0.8,6.0,0.73,5.0,0.72,5.0,0.69,50.0,0.67,10.0,0.88,5.0,0.9,5.0,0.95,5.0,0.96,10.0,0.98,15.0,0.08,0.08,0.094096,1776169327000
1776169328.914,128.914,0.12,5.0,0.1,5.0,0.05,5.0,0.04,10.0,0.02,15.0,0.2,6.0,0.27,5.0,0.28,5.0,0.31,50.0,0.33,10.0,0.8,6.0,0.73,5.0,0.72,5.0,0.69,50.0,0.67,10.0,0.88,5.0,0.9,5.0,0.95,5.0,0.96,10.0,0.98,15.0,0.08,0.08,0.094097,1776169328000
1776169329.871,129.871,0.12,5.0,0.1,5.0,0.05,5.0,0.04,10.0,0.02,15.0,0.2,6.0,0.27,5.0,0.28,5.0,0.31,50.0,0.33,10.0,0.8,6.0,0.73,5.0,0.72,5.0,0.69,50.0,0.67,10.0,0.88,5.0,0.9,5.0,0.95,5.0,0.96,10.0,0.98,15.0,0.08,0.08,0.094108,1776169329000
1776169331.047,131.047,0.12,5.0,0.1,5.0,0.05,5.0,0.04,10.0,0.02,15.0,0.2,6.0,0.27,5.0,0.28,5.0,0.31,50.0,0.33,10.0,0.8,6.0,0.73,5.0,0.72,5.0,0.69,50.0,0.67,10.0,0.88,5.0,0.9,5.0,0.95,5.0,0.96,10.0,0.98,15.0,0.08,0.08,0.094109,1776169330000
1776169332.002,132.002,0.12,5.0,0.1,5.0,0.05,5.0,0.04,10.0,0.02,15.0,0.2,6.0,0.27,5.0,0.28,5.0,0.31,50.0,0.33,10.0,0.8,6.0,0.73,5.0,0.72,5.0,0.69,50.0,0.67,10.0,0.88,5.0,0.9,5.0,0.95,5.0,0.96,10.0,0.98,15.0,0.08,0.08,0.094108,1776169331000
1776169333.018,133.018,0.12,5.0,0.1,5.0,0.05,5.0,0.04,10.0,0.02,15.0,0.2,6.0,0.27,5.0,0.28,5.0,0.31,50.0,0.33,10.0,0.8,6.0,0.73,5.0,0.72,5.0,0.69,50.0,0.67,10.0,0.88,5.0,0.9,5.0,0.95,5.0,0.96,10.0,0.98,15.0,0.08,0.08,0.094108,1776169332000
1776169334.057,134.057,0.12,5.0,0.1,5.0,0.05,5.0,0.04,10.0,0.02,15.0,0.2,6.0,0.27,5.0,0.28,5.0,0.31,50.0,0.33,10.0,0.8,6.0,0.73,5.0,0.72,5.0,0.69,50.0,0.67,10.0,0.88,5.0,0.9,5.0,0.95,5.0,0.96,10.0,0.98,15.0,0.08,0.08,0.094106,1776169333000
1776169335.038,135.038,0.12,5.0,0.1,5.0,0.05,5.0,0.04,10.0,0.02,15.0,0.2,6.0,0.27,5.0,0.28,5.0,0.31,50.0,0.33,10.0,0.8,6.0,0.73,5.0,0.72,5.0,0.69,50.0,0.67,10.0,0.88,5.0,0.9,5.0,0.95,5.0,0.96,10.0,0.98,15.0,0.08,0.08,0.094105,1776169334000
1776169336.211,136.211,0.12,5.0,0.1,5.0,0.05,5.0,0.04,10.0,0.02,15.0,0.2,6.0,0.27,5.0,0.28,5.0,0.31,50.0,0.33,10.0,0.8,6.0,0.73,5.0,0.72,5.0,0.69,50.0,0.67,10.0,0.88,5.0,0.9,5.0,0.95,5.0,0.96,10.0,0.98,15.0,0.08,0.08,0.094105,1776169335000
1776169337.811,137.811,0.12,5.0,0.1,5.0,0.05,5.0,0.04,10.0,0.02,15.0,0.2,6.0,0.27,5.0,0.28,5.0,0.31,50.0,0.33,10.0,0.8,6.0,0.73,5.0,0.72,5.0,0.69,50.0,0.67,10.0,0.88,5.0,0.9,5.0,0.95,5.0,0.96,10.0,0.98,15.0,0.08,0.08,0.094105,1776169336000
1776169338.421,138.421,0.12,5.0,0.1,5.0,0.05,5.0,0.04,10.0,0.02,15.0,0.2,6.0,0.27,5.0,0.28,5.0,0.31,50.0,0.33,10.0,0.8,6.0,0.73,5.0,0.72,5.0,0.69,50.0,0.67,10.0,0.88,5.0,0.9,5.0,0.95,5.0,0.96,10.0,0.98,15.0,0.08,0.08,0.094102,1776169337000
1776169339.465,139.465,0.12,5.0,0.1,5.0,0.05,5.0,0.04,10.0,0.02,15.0,0.2,6.0,0.27,5.0,0.28,5.0,0.31,50.0,0.33,10.0,0.8,6.0,0.73,5.0,0.72,5.0,0.69,50.0,0.67,10.0,0.88,5.0,0.9,5.0,0.95,5.0,0.96,10.0,0.98,15.0,0.08,0.08,0.094103,1776169338000
1776169339.964,139.964,0.12,5.0,0.1,5.0,0.05,5.0,0.04,10.0,0.02,15.0,0.2,6.0,0.27,5.0,0.28,5.0,0.31,50.0,0.33,10.0,0.8,6.0,0.73,5.0,0.72,5.0,0.69,50.0,0.67,10.0,0.88,5.0,0.9,5.0,0.95,5.0,0.96,10.0,0.98,15.0,0.08,0.08,0.094103,1776169339000
1776169341.089,141.089,0.12,5.0,0.1,5.0,0.05,5.0,0.04,10.0,0.02,15.0,0.2,6.0,0.27,5.0,0.28,5.0,0.31,50.0,0.33,10.0,0.8,6.0,0.73,5.0,0.72,5.0,0.69,50.0,0.67,10.0,0.88,5.0,0.9,5.0,0.95,5.0,0.96,10.0,0.98,15.0,0.08,0.08,0.094101,1776169340000
1776169342.201,142.201,0.12,5.0,0.1,5.0,0.05,5.0,0.04,10.0,0.02,15.0,0.2,6.0,0.27,5.0,0.28,5.0,0.31,50.0,0.33,10.0,0.8,6.0,0.73,5.0,0.72,5.0,0.69,50.0,0.67,10.0,0.88,5.0,0.9,5.0,0.95,5.0,0.96,10.0,0.98,15.0,0.08,0.08,0.094101,1776169341000
1776169343.308,143.308,0.12,5.0,0.1,5.0,0.05,5.0,0.04,10.0,0.02,15.0,0.2,6.0,0.27,5.0,0.28,5.0,0.31,50.0,0.33,10.0,0.8,6.0,0.73,5.0,0.72,5.0,0.69,50.0,0.67,10.0,0.88,5.0,0.9,5.0,0.95,5.0,0.96,10.0,0.98,15.0,0.08,0.08,0.0941,1776169342000
1776169344.334,144.334,0.12,5.0,0.1,5.0,0.05,5.0,0.04,10.0,0.02,15.0,0.2,6.0,0.27,5.0,0.28,5.0,0.31,50.0,0.33,10.0,0.8,6.0,0.73,5.0,0.72,5.0,0.69,50.0,0.67,10.0,0.88,5.0,0.9,5.0,0.95,5.0,0.96,10.0,0.98,15.0,0.08,0.08,0.094098,1776169343000
1776169344.83,144.83,0.12,5.0,0.1,5.0,0.05,5.0,0.04,10.0,0.02,15.0,0.2,6.0,0.27,5.0,0.28,5.0,0.31,50.0,0.33,10.0,0.8,6.0,0.73,5.0,0.72,5.0,0.69,50.0,0.67,10.0,0.88,5.0,0.9,5.0,0.95,5.0,0.96,10.0,0.98,15.0,0.08,0.08,0.094098,1776169344000
1776169345.97,145.97,0.12,5.0,0.1,5.0,0.05,5.0,0.04,10.0,0.02,15.0,0.2,6.0,0.27,5.0,0.28,5.0,0.31,50.0,0.33,10.0,0.8,6.0,0.73,5.0,0.72,5.0,0.69,50.0,0.67,10.0,0.88,5.0,0.9,5.0,0.95,5.0,0.96,10.0,0.98,15.0,0.08,0.08,0.094098,1776169345000
1776169347.132,147.132,0.12,5.0,0.1,5.0,0.05,5.0,0.04,10.0,0.02,15.0,0.2,6.0,0.27,5.0,0.28,5.0,0.31,50.0,0.33,10.0,0.8,6.0,0.73,5.0,0.72,5.0,0.69,50.0,0.67,10.0,0.88,5.0,0.9,5.0,0.95,5.0,0.96,10.0,0.98,15.0,0.08,0.08,0.094104,1776169346000
1776169348.347,148.347,0.12,5.0,0.1,5.0,0.05,5.0,0.04,10.0,0.02,15.0,0.2,6.0,0.27,5.0,0.28,5.0,0.31,50.0,0.33,10.0,0.8,6.0,0.73,5.0,0.72,5.0,0.69,50.0,0.67,10.0,0.88,5.0,0.9,5.0,0.95,5.0,0.96,10.0,0.98,15.0,0.08,0.08,0.094105,1776169347000
1776169349.586,149.586,0.12,5.0,0.1,5.0,0.05,5.0,0.04,10.0,0.02,15.0,0.2,6.0,0.27,5.0,0.28,5.0,0.31,50.0,0.33,10.0,0.8,6.0,0.73,5.0,0.72,5.0,0.69,50.0,0.67,10.0,0.88,5.0,0.9,5.0,0.95,5.0,0.96,10.0,0.98,15.0,0.08,0.08,0.094105,1776169348000
1776169350.1,150.1,0.12,5.0,0.1,5.0,0.05,5.0,0.04,10.0,0.02,15.0,0.2,6.0,0.27,5.0,0.28,5.0,0.31,50.0,0.33,10.0,0.8,6.0,0.73,5.0,0.72,5.0,0.69,50.0,0.67,10.0,0.88,5.0,0.9,5.0,0.95,5.0,0.96,10.0,0.98,15.0,0.08,0.08,0.094099,1776169349000
1776169351.175,151.175,0.12,5.0,0.1,5.0,0.05,5.0,0.04,10.0,0.02,15.0,0.2,6.0,0.27,5.0,0.28,5.0,0.31,50.0,0.33,10.0,0.8,6.0,0.73,5.0,0.72,5.0,0.69,50.0,0.67,10.0,0.88,5.0,0.9,5.0,0.95,5.0,0.96,10.0,0.98,15.0,0.08,0.08,0.094096,1776169350000
1776169352.787,152.787,0.12,5.0,0.1,5.0,0.05,5.0,0.04,10.0,0.02,15.0,0.2,6.0,0.27,5.0,0.28,5.0,0.31,50.0,0.33,10.0,0.8,6.0,0.73,5.0,0.72,5.0,0.69,50.0,0.67,10.0,0.88,5.0,0.9,5.0,0.95,5.0,0.96,10.0,0.98,15.0,0.08,0.08,0.094092,1776169351000
1776169353.708,153.708,0.12,5.0,0.1,5.0,0.05,5.0,0.04,10.0,0.02,15.0,0.2,6.0,0.27,5.0,0.28,5.0,0.31,50.0,0.33,10.0,0.8,6.0,0.73,5.0,0.72,5.0,0.69,50.0,0.67,10.0,0.88,5.0,0.9,5.0,0.95,5.0,0.96,10.0,0.98,15.0,0.08,0.08,0.094092,1776169352000
1776169354.437,154.437,0.12,5.0,0.1,5.0,0.05,5.0,0.04,10.0,0.02,15.0,0.2,6.0,0.27,5.0,0.28,5.0,0.31,50.0,0.33,10.0,0.8,6.0,0.73,5.0,0.72,5.0,0.69,50.0,0.67,10.0,0.88,5.0,0.9,5.0,0.95,5.0,0.96,10.0,0.98,15.0,0.08,0.08,0.094092,1776169353000
1776169355.369,155.369,0.12,5.0,0.1,5.0,0.05,5.0,0.04,10.0,0.02,15.0,0.2,6.0,0.27,5.0,0.28,5.0,0.31,50.0,0.33,10.0,0.8,6.0,0.73,5.0,0.72,5.0,0.69,50.0,0.67,10.0,0.88,5.0,0.9,5.0,0.95,5.0,0.96,10.0,0.98,15.0,0.08,0.08,0.094092,1776169354000
1776169356.753,156.753,0.12,5.0,0.1,5.0,0.05,5.0,0.04,10.0,0.02,15.0,0.2,6.0,0.27,5.0,0.28,5.0,0.31,50.0,0.33,10.0,0.8,6.0,0.73,5.0,0.72,5.0,0.69,50.0,0.67,10.0,0.88,5.0,0.9,5.0,0.95,5.0,0.96,10.0,0.98,15.0,0.08,0.08,0.09411,1776169355000
1776169357.521,157.521,0.12,5.0,0.1,5.0,0.05,5.0,0.04,10.0,0.02,15.0,0.2,6.0,0.27,5.0,0.28,5.0,0.31,50.0,0.33,10.0,0.8,6.0,0.73,5.0,0.72,5.0,0.69,50.0,0.67,10.0,0.88,5.0,0.9,5.0,0.95,5.0,0.96,10.0,0.98,15.0,0.08,0.08,0.09413,1776169356000
1776169358.779,158.779,0.12,5.0,0.1,5.0,0.05,5.0,0.04,10.0,0.02,15.0,0.2,6.0,0.27,5.0,0.28,5.0,0.31,50.0,0.33,10.0,0.8,6.0,0.73,5.0,0.72,5.0,0.69,50.0,0.67,10.0,0.88,5.0,0.9,5.0,0.95,5.0,0.96,10.0,0.98,15.0,0.08,0.08,0.094124,1776169357000
1776169359.736,159.736,0.12,5.0,0.1,5.0,0.05,5.0,0.04,10.0,0.02,15.0,0.2,6.0,0.27,5.0,0.28,5.0,0.31,50.0,0.33,10.0,0.8,6.0,0.73,5.0,0.72,5.0,0.69,50.0,0.67,10.0,0.88,5.0,0.9,5.0,0.95,5.0,0.96,10.0,0.98,15.0,0.08,0.08,0.094125,1776169358000
1776169360.724,160.724,0.12,5.0,0.1,5.0,0.05,5.0,0.04,10.0,0.02,15.0,0.2,6.0,0.27,5.0,0.28,5.0,0.31,50.0,0.33,10.0,0.8,6.0,0.73,5.0,0.72,5.0,0.69,50.0,0.67,10.0,0.88,5.0,0.9,5.0,0.95,5.0,0.96,10.0,0.98,15.0,0.08,0.08,0.094124,1776169359000
1776169361.778,161.778,0.12,5.0,0.1,5.0,0.05,5.0,0.04,10.0,0.02,15.0,0.2,6.0,0.27,5.0,0.28,5.0,0.31,50.0,0.33,10.0,0.8,6.0,0.73,5.0,0.72,5.0,0.69,50.0,0.67,10.0,0.88,5.0,0.9,5.0,0.95,5.0,0.96,10.0,0.98,15.0,0.08,0.08,0.094126,1776169360000
1776169362.373,162.373,0.12,5.0,0.1,5.0,0.05,5.0,0.04,10.0,0.02,15.0,0.2,6.0,0.27,5.0,0.28,5.0,0.31,50.0,0.33,10.0,0.8,6.0,0.73,5.0,0.72,5.0,0.69,50.0,0.67,10.0,0.88,5.0,0.9,5.0,0.95,5.0,0.96,10.0,0.98,15.0,0.08,0.08,0.094127,1776169361000
1776169363.765,163.765,0.12,5.0,0.1,5.0,0.05,5.0,0.04,10.0,0.02,15.0,0.2,6.0,0.27,5.0,0.28,5.0,0.31,50.0,0.33,10.0,0.8,6.0,0.73,5.0,0.72,5.0,0.69,50.0,0.67,10.0,0.88,5.0,0.9,5.0,0.95,5.0,0.96,10.0,0.98,15.0,0.08,0.08,0.094128,1776169362000
1776169364.567,164.567,0.12,5.0,0.1,5.0,0.05,5.0,0.04,10.0,0.02,15.0,0.2,6.0,0.27,5.0,0.28,5.0,0.31,50.0,0.33,10.0,0.8,6.0,0.73,5.0,0.72,5.0,0.69,50.0,0.67,10.0,0.88,5.0,0.9,5.0,0.95,5.0,0.96,10.0,0.98,15.0,0.08,0.08,0.094129,1776169363000
1776169365.192,165.192,0.12,5.0,0.1,5.0,0.05,5.0,0.04,10.0,0.02,15.0,0.2,6.0,0.27,5.0,0.28,5.0,0.31,50.0,0.33,10.0,0.8,6.0,0.73,5.0,0.72,5.0,0.69,50.0,0.67,10.0,0.88,5.0,0.9,5.0,0.95,5.0,0.96,10.0,0.98,15.0,0.08,0.08,0.09413,1776169364000
1776169366.525,166.525,0.12,5.0,0.1,5.0,0.05,5.0,0.04,10.0,0.02,15.0,0.2,6.0,0.27,5.0,0.28,5.0,0.31,50.0,0.33,10.0,0.8,6.0,0.73,5.0,0.72,5.0,0.69,50.0,0.67,10.0,0.88,5.0,0.9,5.0,0.95,5.0,0.96,10.0,0.98,15.0,0.08,0.08,0.094124,1776169365000
1776169367.196,167.196,0.12,5.0,0.1,5.0,0.05,5.0,0.04,10.0,0.02,15.0,0.2,6.0,0.27,5.0,0.28,5.0,0.31,50.0,0.33,10.0,0.8,6.0,0.73,5.0,0.72,5.0,0.69,50.0,0.67,10.0,0.88,5.0,0.9,5.0,0.95,5.0,0.96,10.0,0.98,15.0,0.08,0.08,0.094124,1776169366000
1776169367.714,167.714,0.22,5.82,0.12,15.0,0.11,95.0,0.1,5.0,0.05,5.0,0.29,1.55,0.3,5.0,0.34,7.0,0.36,10.0,0.37,5.0,0.8,6.0,0.73,5.0,0.72,5.0,0.69,50.0,0.67,10.0,0.88,5.0,0.9,5.0,0.95,5.0,0.96,10.0,0.98,15.0,0.07,0.08,0.094124,1776169366000
1776169368.625,168.625,0.22,5.82,0.12,15.0,0.11,95.0,0.1,5.0,0.05,5.0,0.29,1.55,0.3,5.0,0.34,7.0,0.36,10.0,0.37,5.0,0.71,1.55,0.7,5.0,0.66,7.0,0.64,10.0,0.63,5.0,0.78,5.82,0.88,15.0,0.89,95.0,0.9,5.0,0.95,5.0,0.07,0.07,0.094109,1776169367000
1776169369.306,169.306,0.22,5.82,0.12,15.0,0.11,95.0,0.1,5.0,0.05,5.0,0.29,1.55,0.3,5.0,0.34,7.0,0.36,10.0,0.37,5.0,0.71,1.55,0.7,5.0,0.66,7.0,0.64,10.0,0.63,5.0,0.78,5.82,0.88,15.0,0.89,95.0,0.9,5.0,0.95,5.0,0.07,0.07,0.094106,1776169368000
1776169370.723,170.723,0.22,5.82,0.12,15.0,0.11,95.0,0.1,5.0,0.05,5.0,0.29,1.55,0.3,5.0,0.34,7.0,0.36,10.0,0.37,5.0,0.71,1.55,0.7,5.0,0.66,7.0,0.64,10.0,0.63,5.0,0.78,5.82,0.88,15.0,0.89,95.0,0.9,5.0,0.95,5.0,0.07,0.07,0.0941,1776169369000
1776169371.443,171.443,0.22,5.82,0.12,15.0,0.11,95.0,0.1,5.0,0.05,5.0,0.29,1.55,0.3,5.0,0.34,7.0,0.36,10.0,0.37,5.0,0.71,1.55,0.7,5.0,0.66,7.0,0.64,10.0,0.63,5.0,0.78,5.82,0.88,15.0,0.89,95.0,0.9,5.0,0.95,5.0,0.07,0.07,0.0941,1776169370000
1776169371.823,171.823,0.13,1.73,0.12,10.0,0.11,95.0,0.1,5.0,0.05,5.0,0.29,5.0,0.3,5.0,0.34,7.0,0.35,10.0,0.37,5.0,0.71,1.55,0.7,5.0,0.66,7.0,0.64,10.0,0.63,5.0,0.78,5.82,0.88,15.0,0.89,95.0,0.9,5.0,0.95,5.0,0.16,0.07,0.0941,1776169370000
1776169372.208,172.208,0.13,1.73,0.12,10.0,0.11,95.0,0.1,5.0,0.05,5.0,0.29,5.0,0.3,5.0,0.34,7.0,0.35,10.0,0.37,5.0,0.71,5.0,0.7,5.0,0.66,7.0,0.65,10.0,0.63,5.0,0.87,1.73,0.88,10.0,0.89,95.0,0.9,5.0,0.95,5.0,0.16,0.16,0.094102,1776169371000
1776169373.345,173.345,0.13,1.73,0.12,10.0,0.11,95.0,0.1,5.0,0.05,5.0,0.29,5.0,0.3,5.0,0.34,7.0,0.35,10.0,0.37,5.0,0.71,5.0,0.7,5.0,0.66,7.0,0.65,10.0,0.63,5.0,0.87,1.73,0.88,10.0,0.89,95.0,0.9,5.0,0.95,5.0,0.16,0.16,0.094105,1776169372000
1776169373.864,173.864,0.13,1.73,0.12,10.0,0.11,95.0,0.1,5.0,0.05,5.0,0.29,5.0,0.3,5.0,0.34,7.0,0.35,10.0,0.37,5.0,0.71,5.0,0.7,5.0,0.66,7.0,0.65,10.0,0.63,5.0,0.87,1.73,0.88,10.0,0.89,95.0,0.9,5.0,0.95,5.0,0.16,0.16,0.094105,1776169373000
1776169374.899,174.899,0.13,1.73,0.12,10.0,0.11,95.0,0.1,5.0,0.05,5.0,0.29,5.0,0.3,5.0,0.34,7.0,0.35,10.0,0.37,5.0,0.71,5.0,0.7,5.0,0.66,7.0,0.65,10.0,0.63,5.0,0.87,1.73,0.88,10.0,0.89,95.0,0.9,5.0,0.95,5.0,0.16,0.16,0.094105,1776169374000
1776169376.296,176.296,0.13,1.73,0.12,10.0,0.11,95.0,0.1,5.0,0.05,5.0,0.29,5.0,0.3,5.0,0.34,7.0,0.35,10.0,0.37,5.0,0.71,5.0,0.7,5.0,0.66,7.0,0.65,10.0,0.63,5.0,0.87,1.73,0.88,10.0,0.89,95.0,0.9,5.0,0.95,5.0,0.16,0.16,0.094102,1776169375000
1776169377.269,177.269,0.13,1.73,0.12,10.0,0.11,95.0,0.1,5.0,0.05,5.0,0.29,5.0,0.3,5.0,0.34,7.0,0.35,10.0,0.37,5.0,0.71,5.0,0.7,5.0,0.66,7.0,0.65,10.0,0.63,5.0,0.87,1.73,0.88,10.0,0.89,95.0,0.9,5.0,0.95,5.0,0.16,0.16,0.094127,1776169376000
1776169378.173,178.173,0.13,1.73,0.12,10.0,0.11,95.0,0.1,5.0,0.05,5.0,0.29,5.0,0.3,5.0,0.34,7.0,0.35,10.0,0.37,5.0,0.71,5.0,0.7,5.0,0.66,7.0,0.65,10.0,0.63,5.0,0.87,1.73,0.88,10.0,0.89,95.0,0.9,5.0,0.95,5.0,0.16,0.16,0.094127,1776169377000
1776169379.123,179.123,0.13,1.73,0.12,10.0,0.11,95.0,0.1,5.0,0.05,5.0,0.29,5.0,0.3,5.0,0.34,7.0,0.35,10.0,0.37,5.0,0.71,5.0,0.7,5.0,0.66,7.0,0.65,10.0,0.63,5.0,0.87,1.73,0.88,10.0,0.89,95.0,0.9,5.0,0.95,5.0,0.16,0.16,0.094131,1776169378000
1776169380.167,180.167,0.13,1.73,0.12,10.0,0.11,95.0,0.1,5.0,0.05,5.0,0.29,5.0,0.3,5.0,0.34,7.0,0.35,10.0,0.37,5.0,0.71,5.0,0.7,5.0,0.66,7.0,0.65,10.0,0.63,5.0,0.87,1.73,0.88,10.0,0.89,95.0,0.9,5.0,0.95,5.0,0.16,0.16,0.094132,1776169379000
1776169381.087,181.087,0.13,1.73,0.12,10.0,0.11,95.0,0.1,5.0,0.05,5.0,0.29,5.0,0.3,5.0,0.34,7.0,0.35,10.0,0.37,5.0,0.71,5.0,0.7,5.0,0.66,7.0,0.65,10.0,0.63,5.0,0.87,1.73,0.88,10.0,0.89,95.0,0.9,5.0,0.95,5.0,0.16,0.16,0.09413,1776169380000
1776169382.073,182.073,0.13,1.73,0.12,10.0,0.11,95.0,0.1,5.0,0.05,5.0,0.29,5.0,0.3,5.0,0.34,7.0,0.35,10.0,0.37,5.0,0.71,5.0,0.7,5.0,0.66,7.0,0.65,10.0,0.63,5.0,0.87,1.73,0.88,10.0,0.89,95.0,0.9,5.0,0.95,5.0,0.16,0.16,0.094129,1776169381000
1776169383.508,183.508,0.13,1.73,0.12,10.0,0.11,95.0,0.1,5.0,0.05,5.0,0.29,5.0,0.3,5.0,0.34,7.0,0.35,10.0,0.37,5.0,0.71,5.0,0.7,5.0,0.66,7.0,0.65,10.0,0.63,5.0,0.87,1.73,0.88,10.0,0.89,95.0,0.9,5.0,0.95,5.0,0.16,0.16,0.094132,1776169382000
1776169383.725,183.725,0.21,34.62,0.16,15.0,0.14,35.0,0.11,50.0,0.1,5.0,0.34,12.0,0.35,7.0,0.36,5.0,0.37,5.0,0.42,10.0,0.71,5.0,0.7,5.0,0.66,7.0,0.65,10.0,0.63,5.0,0.87,1.73,0.88,10.0,0.89,95.0,0.9,5.0,0.95,5.0,0.13,0.16,0.094132,1776169382000
1776169384.027,184.027,0.21,34.62,0.16,15.0,0.14,35.0,0.11,50.0,0.1,5.0,0.34,12.0,0.35,7.0,0.36,5.0,0.37,5.0,0.42,10.0,0.66,12.0,0.65,7.0,0.64,5.0,0.63,5.0,0.58,10.0,0.79,34.62,0.84,15.0,0.86,35.0,0.89,50.0,0.9,5.0,0.13,0.13,0.09413,1776169383000
1776169385.11,185.11,0.21,34.62,0.16,15.0,0.14,35.0,0.11,50.0,0.1,5.0,0.34,12.0,0.35,7.0,0.36,5.0,0.37,5.0,0.42,10.0,0.66,12.0,0.65,7.0,0.64,5.0,0.63,5.0,0.58,10.0,0.79,34.62,0.84,15.0,0.86,35.0,0.89,50.0,0.9,5.0,0.13,0.13,0.09413,1776169384000
1776169386.79,186.79,0.21,34.62,0.16,15.0,0.14,35.0,0.11,50.0,0.1,5.0,0.34,12.0,0.35,7.0,0.36,5.0,0.37,5.0,0.42,10.0,0.66,12.0,0.65,7.0,0.64,5.0,0.63,5.0,0.58,10.0,0.79,34.62,0.84,15.0,0.86,35.0,0.89,50.0,0.9,5.0,0.13,0.13,0.094121,1776169385000
1776169387.426,187.426,0.21,34.62,0.16,15.0,0.14,35.0,0.11,50.0,0.1,5.0,0.34,12.0,0.35,7.0,0.36,5.0,0.37,5.0,0.42,10.0,0.66,12.0,0.65,7.0,0.64,5.0,0.63,5.0,0.58,10.0,0.79,34.62,0.84,15.0,0.86,35.0,0.89,50.0,0.9,5.0,0.13,0.13,0.094116,1776169386000
1776169388.228,188.228,0.21,34.62,0.16,15.0,0.14,35.0,0.11,50.0,0.1,5.0,0.34,12.0,0.35,7.0,0.36,5.0,0.37,5.0,0.42,10.0,0.66,12.0,0.65,7.0,0.64,5.0,0.63,5.0,0.58,10.0,0.79,34.62,0.84,15.0,0.86,35.0,0.89,50.0,0.9,5.0,0.13,0.13,0.094127,1776169387000
1776169389.677,189.677,0.21,34.62,0.16,15.0,0.14,35.0,0.11,50.0,0.1,5.0,0.34,12.0,0.35,7.0,0.36,5.0,0.37,5.0,0.42,10.0,0.66,12.0,0.65,7.0,0.64,5.0,0.63,5.0,0.58,10.0,0.79,34.62,0.84,15.0,0.86,35.0,0.89,50.0,0.9,5.0,0.13,0.13,0.094124,1776169388000
1776169390.269,190.269,0.21,34.62,0.16,15.0,0.14,35.0,0.11,50.0,0.1,5.0,0.34,12.0,0.35,7.0,0.36,5.0,0.37,5.0,0.42,10.0,0.66,12.0,0.65,7.0,0.64,5.0,0.63,5.0,0.58,10.0,0.79,34.62,0.84,15.0,0.86,35.0,0.89,50.0,0.9,5.0,0.13,0.13,0.094124,1776169389000
1776169391.719,191.719,0.21,34.62,0.16,15.0,0.14,35.0,0.11,50.0,0.1,5.0,0.34,12.0,0.35,7.0,0.36,5.0,0.37,5.0,0.42,10.0,0.66,12.0,0.65,7.0,0.64,5.0,0.63,5.0,0.58,10.0,0.79,34.62,0.84,15.0,0.86,35.0,0.89,50.0,0.9,5.0,0.13,0.13,0.094126,1776169390000
1776169392.544,192.544,0.21,34.62,0.16,15.0,0.14,35.0,0.11,50.0,0.1,5.0,0.34,12.0,0.35,7.0,0.36,5.0,0.37,5.0,0.42,10.0,0.66,12.0,0.65,7.0,0.64,5.0,0.63,5.0,0.58,10.0,0.79,34.62,0.84,15.0,0.86,35.0,0.89,50.0,0.9,5.0,0.13,0.13,0.094125,1776169391000
1776169393.199,193.199,0.21,34.62,0.16,15.0,0.14,35.0,0.11,50.0,0.1,5.0,0.34,12.0,0.35,7.0,0.36,5.0,0.37,5.0,0.42,10.0,0.66,12.0,0.65,7.0,0.64,5.0,0.63,5.0,0.58,10.0,0.79,34.62,0.84,15.0,0.86,35.0,0.89,50.0,0.9,5.0,0.13,0.13,0.094125,1776169392000
1776169394.692,194.692,0.21,34.62,0.16,15.0,0.14,35.0,0.11,50.0,0.1,5.0,0.34,12.0,0.35,7.0,0.36,5.0,0.37,5.0,0.42,10.0,0.66,12.0,0.65,7.0,0.64,5.0,0.63,5.0,0.58,10.0,0.79,34.62,0.84,15.0,0.86,35.0,0.89,50.0,0.9,5.0,0.13,0.13,0.094139,1776169393000
1776169395.287,195.287,0.21,34.62,0.16,15.0,0.14,35.0,0.11,50.0,0.1,5.0,0.34,12.0,0.35,7.0,0.36,5.0,0.37,5.0,0.42,10.0,0.66,12.0,0.65,7.0,0.64,5.0,0.63,5.0,0.58,10.0,0.79,34.62,0.84,15.0,0.86,35.0,0.89,50.0,0.9,5.0,0.13,0.13,0.094136,1776169394000
1776169396.685,196.685,0.21,34.62,0.16,15.0,0.14,35.0,0.11,50.0,0.1,5.0,0.34,12.0,0.35,7.0,0.36,5.0,0.37,5.0,0.42,10.0,0.66,12.0,0.65,7.0,0.64,5.0,0.63,5.0,0.58,10.0,0.79,34.62,0.84,15.0,0.86,35.0,0.89,50.0,0.9,5.0,0.13,0.13,0.094135,1776169395000
1776169397.276,197.276,0.21,34.62,0.16,15.0,0.14,35.0,0.11,50.0,0.1,5.0,0.34,12.0,0.35,7.0,0.36,5.0,0.37,5.0,0.42,10.0,0.66,12.0,0.65,7.0,0.64,5.0,0.63,5.0,0.58,10.0,0.79,34.62,0.84,15.0,0.86,35.0,0.89,50.0,0.9,5.0,0.13,0.13,0.094135,1776169396000
1776169398.552,198.552,0.21,34.62,0.16,15.0,0.14,35.0,0.11,50.0,0.1,5.0,0.34,12.0,0.35,7.0,0.36,5.0,0.37,5.0,0.42,10.0,0.66,12.0,0.65,7.0,0.64,5.0,0.63,5.0,0.58,10.0,0.79,34.62,0.84,15.0,0.86,35.0,0.89,50.0,0.9,5.0,0.13,0.13,0.094135,1776169397000
1776169399.246,199.246,0.21,34.62,0.16,15.0,0.14,35.0,0.11,50.0,0.1,5.0,0.34,12.0,0.35,7.0,0.36,5.0,0.37,5.0,0.42,10.0,0.66,12.0,0.65,7.0,0.64,5.0,0.63,5.0,0.58,10.0,0.79,34.62,0.84,15.0,0.86,35.0,0.89,50.0,0.9,5.0,0.13,0.13,0.094135,1776169398000
1776169400.618,200.618,0.21,34.62,0.16,15.0,0.14,35.0,0.11,50.0,0.1,5.0,0.34,12.0,0.35,7.0,0.36,5.0,0.37,5.0,0.42,10.0,0.66,12.0,0.65,7.0,0.64,5.0,0.63,5.0,0.58,10.0,0.79,34.62,0.84,15.0,0.86,35.0,0.89,50.0,0.9,5.0,0.13,0.13,0.094135,1776169399000
1776169401.298,201.298,0.21,34.62,0.16,15.0,0.14,35.0,0.11,50.0,0.1,5.0,0.34,12.0,0.35,7.0,0.36,5.0,0.37,5.0,0.42,10.0,0.66,12.0,0.65,7.0,0.64,5.0,0.63,5.0,0.58,10.0,0.79,34.62,0.84,15.0,0.86,35.0,0.89,50.0,0.9,5.0,0.13,0.13,0.094137,1776169400000
1776169402.805,202.805,0.21,34.62,0.16,15.0,0.14,35.0,0.11,50.0,0.1,5.0,0.34,12.0,0.35,7.0,0.36,5.0,0.37,5.0,0.42,10.0,0.66,12.0,0.65,7.0,0.64,5.0,0.63,5.0,0.58,10.0,0.79,34.62,0.84,15.0,0.86,35.0,0.89,50.0,0.9,5.0,0.13,0.13,0.094138,1776169401000
1776169403.614,203.614,0.21,34.62,0.16,15.0,0.14,35.0,0.11,50.0,0.1,5.0,0.34,12.0,0.35,7.0,0.36,5.0,0.37,5.0,0.42,10.0,0.66,12.0,0.65,7.0,0.64,5.0,0.63,5.0,0.58,10.0,0.79,34.62,0.84,15.0,0.86,35.0,0.89,50.0,0.9,5.0,0.13,0.13,0.094137,1776169402000
1776169404.612,204.612,0.21,34.62,0.16,15.0,0.14,35.0,0.11,50.0,0.1,5.0,0.34,12.0,0.35,7.0,0.36,5.0,0.37,5.0,0.42,10.0,0.66,12.0,0.65,7.0,0.64,5.0,0.63,5.0,0.58,10.0,0.79,34.62,0.84,15.0,0.86,35.0,0.89,50.0,0.9,5.0,0.13,0.13,0.094137,1776169403000
1776169405.102,205.102,0.21,34.62,0.16,15.0,0.14,35.0,0.11,50.0,0.1,5.0,0.34,12.0,0.35,7.0,0.36,5.0,0.37,5.0,0.42,10.0,0.66,12.0,0.65,7.0,0.64,5.0,0.63,5.0,0.58,10.0,0.79,34.62,0.84,15.0,0.86,35.0,0.89,50.0,0.9,5.0,0.13,0.13,0.094138,1776169404000
1776169406.079,206.079,0.21,34.62,0.16,15.0,0.14,35.0,0.11,50.0,0.1,5.0,0.34,12.0,0.35,7.0,0.36,5.0,0.37,5.0,0.42,10.0,0.66,12.0,0.65,7.0,0.64,5.0,0.63,5.0,0.58,10.0,0.79,34.62,0.84,15.0,0.86,35.0,0.89,50.0,0.9,5.0,0.13,0.13,0.094138,1776169405000
1776169407.122,207.122,0.21,34.62,0.16,15.0,0.14,35.0,0.11,50.0,0.1,5.0,0.34,12.0,0.35,7.0,0.36,5.0,0.37,5.0,0.42,10.0,0.66,12.0,0.65,7.0,0.64,5.0,0.63,5.0,0.58,10.0,0.79,34.62,0.84,15.0,0.86,35.0,0.89,50.0,0.9,5.0,0.13,0.13,0.094139,1776169406000
1776169408.028,208.028,0.21,34.62,0.16,15.0,0.14,35.0,0.11,50.0,0.1,5.0,0.34,12.0,0.35,7.0,0.36,5.0,0.37,5.0,0.42,10.0,0.66,12.0,0.65,7.0,0.64,5.0,0.63,5.0,0.58,10.0,0.79,34.62,0.84,15.0,0.86,35.0,0.89,50.0,0.9,5.0,0.13,0.13,0.094141,1776169407000
1776169409.046,209.046,0.21,34.62,0.16,15.0,0.14,35.0,0.11,50.0,0.1,5.0,0.34,12.0,0.35,7.0,0.36,5.0,0.37,5.0,0.42,10.0,0.66,12.0,0.65,7.0,0.64,5.0,0.63,5.0,0.58,10.0,0.79,34.62,0.84,15.0,0.86,35.0,0.89,50.0,0.9,5.0,0.13,0.13,0.09414,1776169408000
1776169410.034,210.034,0.21,34.62,0.16,15.0,0.14,35.0,0.11,50.0,0.1,5.0,0.34,12.0,0.35,7.0,0.36,5.0,0.37,5.0,0.42,10.0,0.66,12.0,0.65,7.0,0.64,5.0,0.63,5.0,0.58,10.0,0.79,34.62,0.84,15.0,0.86,35.0,0.89,50.0,0.9,5.0,0.13,0.13,0.09414,1776169409000
1776169411.002,211.002,0.21,34.62,0.16,15.0,0.14,35.0,0.11,50.0,0.1,5.0,0.34,12.0,0.35,7.0,0.36,5.0,0.37,5.0,0.42,10.0,0.66,12.0,0.65,7.0,0.64,5.0,0.63,5.0,0.58,10.0,0.79,34.62,0.84,15.0,0.86,35.0,0.89,50.0,0.9,5.0,0.13,0.13,0.094148,1776169410000
1776169411.966,211.966,0.21,34.62,0.16,15.0,0.14,35.0,0.11,50.0,0.1,5.0,0.34,12.0,0.35,7.0,0.36,5.0,0.37,5.0,0.42,10.0,0.66,12.0,0.65,7.0,0.64,5.0,0.63,5.0,0.58,10.0,0.79,34.62,0.84,15.0,0.86,35.0,0.89,50.0,0.9,5.0,0.13,0.13,0.094156,1776169411000
1776169412.92,212.92,0.21,34.62,0.16,15.0,0.14,35.0,0.11,50.0,0.1,5.0,0.34,12.0,0.35,7.0,0.36,5.0,0.37,5.0,0.42,10.0,0.66,12.0,0.65,7.0,0.64,5.0,0.63,5.0,0.58,10.0,0.79,34.62,0.84,15.0,0.86,35.0,0.89,50.0,0.9,5.0,0.13,0.13,0.094158,1776169412000
1776169413.937,213.937,0.21,34.62,0.16,15.0,0.14,35.0,0.11,50.0,0.1,5.0,0.34,12.0,0.35,7.0,0.36,5.0,0.37,5.0,0.42,10.0,0.66,12.0,0.65,7.0,0.64,5.0,0.63,5.0,0.58,10.0,0.79,34.62,0.84,15.0,0.86,35.0,0.89,50.0,0.9,5.0,0.13,0.13,0.094151,1776169413000
1776169414.896,214.896,0.21,34.62,0.16,15.0,0.14,35.0,0.11,50.0,0.1,5.0,0.34,12.0,0.35,7.0,0.36,5.0,0.37,5.0,0.42,10.0,0.66,12.0,0.65,7.0,0.64,5.0,0.63,5.0,0.58,10.0,0.79,34.62,0.84,15.0,0.86,35.0,0.89,50.0,0.9,5.0,0.13,0.13,0.09414,1776169414000
1776169416.406,216.406,0.21,34.62,0.16,15.0,0.14,35.0,0.11,50.0,0.1,5.0,0.34,12.0,0.35,7.0,0.36,5.0,0.37,5.0,0.42,10.0,0.66,12.0,0.65,7.0,0.64,5.0,0.63,5.0,0.58,10.0,0.79,34.62,0.84,15.0,0.86,35.0,0.89,50.0,0.9,5.0,0.13,0.13,0.09414,1776169415000
1776169417.376,217.376,0.21,34.62,0.16,15.0,0.14,35.0,0.11,50.0,0.1,5.0,0.34,12.0,0.35,7.0,0.36,5.0,0.37,5.0,0.42,10.0,0.66,12.0,0.65,7.0,0.64,5.0,0.63,5.0,0.58,10.0,0.79,34.62,0.84,15.0,0.86,35.0,0.89,50.0,0.9,5.0,0.13,0.13,0.09414,1776169416000
1776169417.902,217.902,0.21,34.62,0.16,15.0,0.14,35.0,0.11,50.0,0.1,5.0,0.34,12.0,0.35,7.0,0.36,5.0,0.37,5.0,0.42,10.0,0.66,12.0,0.65,7.0,0.64,5.0,0.63,5.0,0.58,10.0,0.79,34.62,0.84,15.0,0.86,35.0,0.89,50.0,0.9,5.0,0.13,0.13,0.09414,1776169417000
1776169418.676,218.676,0.21,45.0,0.16,10.0,0.13,38.0,0.11,50.0,0.05,5.0,0.28,6.0,0.34,7.0,0.37,5.0,0.4,8.0,0.48,10.0,0.66,12.0,0.65,7.0,0.64,5.0,0.63,5.0,0.58,10.0,0.79,34.62,0.84,15.0,0.86,35.0,0.89,50.0,0.9,5.0,0.07,0.13,0.09414,1776169417000
1776169419.278,219.278,0.21,45.0,0.16,10.0,0.13,38.0,0.11,50.0,0.05,5.0,0.28,6.0,0.34,7.0,0.37,5.0,0.4,8.0,0.48,10.0,0.72,6.0,0.66,7.0,0.63,5.0,0.6,8.0,0.52,10.0,0.79,45.0,0.84,10.0,0.87,38.0,0.89,50.0,0.95,5.0,0.07,0.07,0.09414,1776169418000
1776169420.224,220.224,0.21,45.0,0.16,10.0,0.13,38.0,0.11,50.0,0.05,5.0,0.28,6.0,0.34,7.0,0.37,5.0,0.4,8.0,0.48,10.0,0.72,6.0,0.66,7.0,0.63,5.0,0.6,8.0,0.52,10.0,0.79,45.0,0.84,10.0,0.87,38.0,0.89,50.0,0.95,5.0,0.07,0.07,0.09414,1776169419000
1776169421.168,221.168,0.21,45.0,0.16,10.0,0.13,38.0,0.11,50.0,0.05,5.0,0.28,6.0,0.34,7.0,0.37,5.0,0.4,8.0,0.48,10.0,0.72,6.0,0.66,7.0,0.63,5.0,0.6,8.0,0.52,10.0,0.79,45.0,0.84,10.0,0.87,38.0,0.89,50.0,0.95,5.0,0.07,0.07,0.09414,1776169420000
1776169422.212,222.212,0.21,45.0,0.16,10.0,0.13,38.0,0.11,50.0,0.05,5.0,0.28,6.0,0.34,7.0,0.37,5.0,0.4,8.0,0.48,10.0,0.72,6.0,0.66,7.0,0.63,5.0,0.6,8.0,0.52,10.0,0.79,45.0,0.84,10.0,0.87,38.0,0.89,50.0,0.95,5.0,0.07,0.07,0.094138,1776169421000
1776169423.185,223.185,0.21,45.0,0.16,10.0,0.13,38.0,0.11,50.0,0.05,5.0,0.28,6.0,0.34,7.0,0.37,5.0,0.4,8.0,0.48,10.0,0.72,6.0,0.66,7.0,0.63,5.0,0.6,8.0,0.52,10.0,0.79,45.0,0.84,10.0,0.87,38.0,0.89,50.0,0.95,5.0,0.07,0.07,0.094143,1776169422000
1776169424.064,224.064,0.21,45.0,0.16,10.0,0.13,38.0,0.11,50.0,0.05,5.0,0.28,6.0,0.34,7.0,0.37,5.0,0.4,8.0,0.48,10.0,0.72,6.0,0.66,7.0,0.63,5.0,0.6,8.0,0.52,10.0,0.79,45.0,0.84,10.0,0.87,38.0,0.89,50.0,0.95,5.0,0.07,0.07,0.094144,1776169423000
1776169425.076,225.076,0.21,45.0,0.16,10.0,0.13,38.0,0.11,50.0,0.05,5.0,0.28,6.0,0.34,7.0,0.37,5.0,0.4,8.0,0.48,10.0,0.72,6.0,0.66,7.0,0.63,5.0,0.6,8.0,0.52,10.0,0.79,45.0,0.84,10.0,0.87,38.0,0.89,50.0,0.95,5.0,0.07,0.07,0.094144,1776169424000
1776169426.061,226.061,0.21,45.0,0.16,10.0,0.13,38.0,0.11,50.0,0.05,5.0,0.28,6.0,0.34,7.0,0.37,5.0,0.4,8.0,0.48,10.0,0.72,6.0,0.66,7.0,0.63,5.0,0.6,8.0,0.52,10.0,0.79,45.0,0.84,10.0,0.87,38.0,0.89,50.0,0.95,5.0,0.07,0.07,0.094144,1776169425000
1776169427.036,227.036,0.21,45.0,0.16,10.0,0.13,38.0,0.11,50.0,0.05,5.0,0.28,6.0,0.34,7.0,0.37,5.0,0.4,8.0,0.48,10.0,0.72,6.0,0.66,7.0,0.63,5.0,0.6,8.0,0.52,10.0,0.79,45.0,0.84,10.0,0.87,38.0,0.89,50.0,0.95,5.0,0.07,0.07,0.094145,1776169426000
1776169428.111,228.111,0.21,45.0,0.16,10.0,0.13,38.0,0.11,50.0,0.05,5.0,0.28,6.0,0.34,7.0,0.37,5.0,0.4,8.0,0.48,10.0,0.72,6.0,0.66,7.0,0.63,5.0,0.6,8.0,0.52,10.0,0.79,45.0,0.84,10.0,0.87,38.0,0.89,50.0,0.95,5.0,0.07,0.07,0.094144,1776169427000
1776169428.969,228.969,0.21,45.0,0.16,10.0,0.13,38.0,0.11,50.0,0.05,5.0,0.28,6.0,0.34,7.0,0.37,5.0,0.4,8.0,0.48,10.0,0.72,6.0,0.66,7.0,0.63,5.0,0.6,8.0,0.52,10.0,0.79,45.0,0.84,10.0,0.87,38.0,0.89,50.0,0.95,5.0,0.07,0.07,0.094151,1776169428000
1776169430.19,230.19,0.21,45.0,0.16,10.0,0.13,38.0,0.11,50.0,0.05,5.0,0.28,6.0,0.34,7.0,0.37,5.0,0.4,8.0,0.48,10.0,0.72,6.0,0.66,7.0,0.63,5.0,0.6,8.0,0.52,10.0,0.79,45.0,0.84,10.0,0.87,38.0,0.89,50.0,0.95,5.0,0.07,0.07,0.094152,1776169429000
1776169431.139,231.139,0.31,44.0,0.27,46.0,0.21,50.0,0.2,10.0,0.16,31.0,0.34,7.0,0.37,5.0,0.49,5.09,0.56,11.0,0.6,10.0,0.72,6.0,0.66,7.0,0.63,5.0,0.6,8.0,0.52,10.0,0.79,45.0,0.84,10.0,0.87,38.0,0.89,50.0,0.95,5.0,0.03,0.07,0.094152,1776169429000
1776169431.7,231.7,0.31,44.0,0.27,46.0,0.21,50.0,0.2,10.0,0.16,31.0,0.34,7.0,0.37,5.0,0.49,5.09,0.56,11.0,0.6,10.0,0.66,7.0,0.63,5.0,0.51,5.09,0.44,11.0,0.4,10.0,0.69,44.0,0.73,46.0,0.79,50.0,0.8,10.0,0.84,31.0,0.03,0.03,0.094151,1776169430000
1776169432.276,232.276,0.41,38.0,0.32,57.0,0.31,44.0,0.27,5.0,0.26,19.0,0.49,5.09,0.71,60.0,0.72,17.0,0.81,50.0,0.9,100.0,0.66,7.0,0.63,5.0,0.51,5.09,0.44,11.0,0.4,10.0,0.69,44.0,0.73,46.0,0.79,50.0,0.8,10.0,0.84,31.0,0.08,0.03,0.094151,1776169430000
1776169432.728,232.728,0.41,56.0,0.32,57.0,0.31,44.0,0.27,5.0,0.26,19.0,0.49,1.96,0.71,50.0,0.72,17.0,0.77,10.0,0.81,50.0,0.51,5.09,0.29,60.0,0.28,17.0,0.19,50.0,0.1,100.0,0.59,38.0,0.68,57.0,0.69,44.0,0.73,5.0,0.74,19.0,0.08,0.08,0.094151,1776169431000
1776169433.264,233.264,0.41,56.0,0.32,57.0,0.31,44.0,0.27,5.0,0.26,19.0,0.49,1.96,0.71,50.0,0.72,17.0,0.77,10.0,0.81,50.0,0.51,1.96,0.29,50.0,0.28,17.0,0.23,10.0,0.19,50.0,0.59,56.0,0.68,57.0,0.69,44.0,0.73,5.0,0.74,19.0,0.08,0.08,0.094155,1776169432000
1776169434.807,234.807,0.41,56.0,0.32,57.0,0.31,44.0,0.27,5.0,0.26,19.0,0.49,1.96,0.71,50.0,0.72,17.0,0.77,10.0,0.81,50.0,0.51,1.96,0.29,50.0,0.28,17.0,0.23,10.0,0.19,50.0,0.59,56.0,0.68,57.0,0.69,44.0,0.73,5.0,0.74,19.0,0.08,0.08,0.094181,1776169433000
1776169435.59,235.59,0.41,56.0,0.32,57.0,0.31,44.0,0.27,5.0,0.26,19.0,0.49,1.96,0.71,50.0,0.72,17.0,0.77,10.0,0.81,50.0,0.51,1.96,0.29,50.0,0.28,17.0,0.23,10.0,0.19,50.0,0.59,56.0,0.68,57.0,0.69,44.0,0.73,5.0,0.74,19.0,0.08,0.08,0.094182,1776169434000
1776169436.277,236.277,0.41,56.0,0.32,57.0,0.31,44.0,0.27,5.0,0.26,19.0,0.49,1.96,0.71,50.0,0.72,17.0,0.77,10.0,0.81,50.0,0.51,1.96,0.29,50.0,0.28,17.0,0.23,10.0,0.19,50.0,0.59,56.0,0.68,57.0,0.69,44.0,0.73,5.0,0.74,19.0,0.08,0.08,0.094182,1776169435000
1776169437.811,237.811,0.41,56.0,0.32,57.0,0.31,44.0,0.27,5.0,0.26,19.0,0.49,1.96,0.71,50.0,0.72,17.0,0.77,10.0,0.81,50.0,0.51,1.96,0.29,50.0,0.28,17.0,0.23,10.0,0.19,50.0,0.59,56.0,0.68,57.0,0.69,44.0,0.73,5.0,0.74,19.0,0.08,0.08,0.094179,1776169436000
1776169438.603,238.603,0.41,56.0,0.32,57.0,0.31,44.0,0.27,5.0,0.26,19.0,0.49,1.96,0.71,50.0,0.72,17.0,0.77,10.0,0.81,50.0,0.51,1.96,0.29,50.0,0.28,17.0,0.23,10.0,0.19,50.0,0.59,56.0,0.68,57.0,0.69,44.0,0.73,5.0,0.74,19.0,0.08,0.08,0.094179,1776169437000
1776169439.418,239.418,0.41,56.0,0.32,57.0,0.31,44.0,0.27,5.0,0.26,19.0,0.49,1.96,0.71,50.0,0.72,17.0,0.77,10.0,0.81,50.0,0.51,1.96,0.29,50.0,0.28,17.0,0.23,10.0,0.19,50.0,0.59,56.0,0.68,57.0,0.69,44.0,0.73,5.0,0.74,19.0,0.08,0.08,0.094179,1776169438000
1776169440.259,240.259,0.41,56.0,0.32,57.0,0.31,44.0,0.27,5.0,0.26,19.0,0.49,1.96,0.71,50.0,0.72,17.0,0.77,10.0,0.81,50.0,0.51,1.96,0.29,50.0,0.28,17.0,0.23,10.0,0.19,50.0,0.59,56.0,0.68,57.0,0.69,44.0,0.73,5.0,0.74,19.0,0.08,0.08,0.09418,1776169439000
1776169441.62,241.62,0.51,48.04,0.48,13.0,0.41,48.0,0.37,13.0,0.32,15.0,0.76,5.0,0.79,33.0,0.81,50.0,0.91,50.0,0.95,5.0,0.51,1.96,0.29,50.0,0.28,17.0,0.23,10.0,0.19,50.0,0.59,56.0,0.68,57.0,0.69,44.0,0.73,5.0,0.74,19.0,0.25,0.08,0.09418,1776169439000
1776169442.444,242.444,0.51,48.04,0.48,13.0,0.41,48.0,0.37,13.0,0.32,15.0,0.76,5.0,0.79,33.0,0.81,50.0,0.91,50.0,0.95,5.0,0.24,5.0,0.21,33.0,0.19,50.0,0.09,50.0,0.05,5.0,0.49,48.04,0.52,13.0,0.59,48.0,0.63,13.0,0.68,15.0,0.25,0.25,0.094181,1776169441000
1776169442.731,242.731,0.48,26.0,0.41,48.0,0.37,13.0,0.32,15.0,0.31,44.0,0.71,35.92,0.77,5.0,0.79,33.0,0.81,50.0,0.91,50.0,0.24,5.0,0.21,33.0,0.19,50.0,0.09,50.0,0.05,5.0,0.49,48.04,0.52,13.0,0.59,48.0,0.63,13.0,0.68,15.0,0.23,0.25,0.094181,1776169441000
1776169443.275,243.275,0.48,26.0,0.41,48.0,0.37,13.0,0.32,15.0,0.31,44.0,0.71,35.92,0.77,5.0,0.79,33.0,0.81,50.0,0.91,50.0,0.29,35.92,0.23,5.0,0.21,33.0,0.19,50.0,0.09,50.0,0.52,26.0,0.59,48.0,0.63,13.0,0.68,15.0,0.69,44.0,0.23,0.23,0.094181,1776169442000
1776169444.793,244.793,0.48,26.0,0.41,48.0,0.37,13.0,0.32,15.0,0.31,44.0,0.71,35.92,0.77,5.0,0.79,33.0,0.81,50.0,0.91,50.0,0.29,35.92,0.23,5.0,0.21,33.0,0.19,50.0,0.09,50.0,0.52,26.0,0.59,48.0,0.63,13.0,0.68,15.0,0.69,44.0,0.23,0.23,0.094185,1776169443000
1776169445.63,245.63,0.48,26.0,0.41,48.0,0.37,13.0,0.32,15.0,0.31,44.0,0.71,35.92,0.77,5.0,0.79,33.0,0.81,50.0,0.91,50.0,0.29,35.92,0.23,5.0,0.21,33.0,0.19,50.0,0.09,50.0,0.52,26.0,0.59,48.0,0.63,13.0,0.68,15.0,0.69,44.0,0.23,0.23,0.094184,1776169444000
1776169446.293,246.293,0.48,26.0,0.41,48.0,0.37,13.0,0.32,15.0,0.31,44.0,0.71,35.92,0.77,5.0,0.79,33.0,0.81,50.0,0.91,50.0,0.29,35.92,0.23,5.0,0.21,33.0,0.19,50.0,0.09,50.0,0.52,26.0,0.59,48.0,0.63,13.0,0.68,15.0,0.69,44.0,0.23,0.23,0.094185,1776169445000
1776169447.839,247.839,0.48,26.0,0.41,48.0,0.37,13.0,0.32,15.0,0.31,44.0,0.71,35.92,0.77,5.0,0.79,33.0,0.81,50.0,0.91,50.0,0.29,35.92,0.23,5.0,0.21,33.0,0.19,50.0,0.09,50.0,0.52,26.0,0.59,48.0,0.63,13.0,0.68,15.0,0.69,44.0,0.23,0.23,0.09419,1776169446000
1776169448.6,248.6,0.48,26.0,0.41,48.0,0.37,13.0,0.32,15.0,0.31,44.0,0.71,35.92,0.77,5.0,0.79,33.0,0.81,50.0,0.91,50.0,0.29,35.92,0.23,5.0,0.21,33.0,0.19,50.0,0.09,50.0,0.52,26.0,0.59,48.0,0.63,13.0,0.68,15.0,0.69,44.0,0.23,0.23,0.094194,1776169447000
1776169448.98,248.98,0.51,58.0,0.41,48.0,0.4,12.0,0.35,10.0,0.32,5.0,0.81,50.0,0.82,10.0,0.85,33.0,0.91,50.0,0.95,5.0,0.29,35.92,0.23,5.0,0.21,33.0,0.19,50.0,0.09,50.0,0.52,26.0,0.59,48.0,0.63,13.0,0.68,15.0,0.69,44.0,0.3,0.23,0.094194,1776169447000
1776169449.601,249.601,0.51,58.0,0.41,48.0,0.4,12.0,0.35,10.0,0.32,5.0,0.81,50.0,0.82,10.0,0.85,33.0,0.91,50.0,0.95,5.0,0.19,50.0,0.18,10.0,0.15,33.0,0.09,50.0,0.05,5.0,0.49,58.0,0.59,48.0,0.6,12.0,0.65,10.0,0.68,5.0,0.3,0.3,0.094187,1776169448000
1776169450.066,250.066,0.51,58.0,0.41,48.0,0.4,12.0,0.35,10.0,0.32,5.0,0.81,50.0,0.82,10.0,0.85,33.0,0.91,50.0,0.95,5.0,0.19,50.0,0.18,10.0,0.15,33.0,0.09,50.0,0.05,5.0,0.49,58.0,0.59,48.0,0.6,12.0,0.65,10.0,0.68,5.0,0.3,0.3,0.094187,1776169449000
1776169451.201,251.201,0.51,58.0,0.41,48.0,0.4,12.0,0.35,10.0,0.32,5.0,0.81,50.0,0.82,10.0,0.85,33.0,0.91,50.0,0.95,5.0,0.19,50.0,0.18,10.0,0.15,33.0,0.09,50.0,0.05,5.0,0.49,58.0,0.59,48.0,0.6,12.0,0.65,10.0,0.68,5.0,0.3,0.3,0.094187,1776169450000
1776169452.373,252.373,0.51,58.0,0.41,48.0,0.4,12.0,0.35,10.0,0.32,5.0,0.81,50.0,0.82,10.0,0.85,33.0,0.91,50.0,0.95,5.0,0.19,50.0,0.18,10.0,0.15,33.0,0.09,50.0,0.05,5.0,0.49,58.0,0.59,48.0,0.6,12.0,0.65,10.0,0.68,5.0,0.3,0.3,0.094187,1776169451000
1776169453.841,253.841,0.51,58.0,0.41,48.0,0.4,12.0,0.35,10.0,0.32,5.0,0.81,50.0,0.82,10.0,0.85,33.0,0.91,50.0,0.95,5.0,0.19,50.0,0.18,10.0,0.15,33.0,0.09,50.0,0.05,5.0,0.49,58.0,0.59,48.0,0.6,12.0,0.65,10.0,0.68,5.0,0.3,0.3,0.094184,1776169452000
1776169454.53,254.53,0.51,58.0,0.41,48.0,0.4,12.0,0.35,10.0,0.32,5.0,0.81,50.0,0.82,10.0,0.85,33.0,0.91,50.0,0.95,5.0,0.19,50.0,0.18,10.0,0.15,33.0,0.09,50.0,0.05,5.0,0.49,58.0,0.59,48.0,0.6,12.0,0.65,10.0,0.68,5.0,0.3,0.3,0.094177,1776169453000
1776169455.182,255.182,0.51,58.0,0.41,48.0,0.4,12.0,0.35,10.0,0.32,5.0,0.81,50.0,0.82,10.0,0.85,33.0,0.91,50.0,0.95,5.0,0.19,50.0,0.18,10.0,0.15,33.0,0.09,50.0,0.05,5.0,0.49,58.0,0.59,48.0,0.6,12.0,0.65,10.0,0.68,5.0,0.3,0.3,0.094173,1776169454000
1776169456.334,256.334,0.51,58.0,0.41,48.0,0.4,12.0,0.35,10.0,0.32,5.0,0.81,50.0,0.82,10.0,0.85,33.0,0.91,50.0,0.95,5.0,0.19,50.0,0.18,10.0,0.15,33.0,0.09,50.0,0.05,5.0,0.49,58.0,0.59,48.0,0.6,12.0,0.65,10.0,0.68,5.0,0.3,0.3,0.094172,1776169455000
1776169457.56,257.56,0.51,58.0,0.41,48.0,0.4,12.0,0.35,10.0,0.32,5.0,0.81,50.0,0.82,10.0,0.85,33.0,0.91,50.0,0.95,5.0,0.19,50.0,0.18,10.0,0.15,33.0,0.09,50.0,0.05,5.0,0.49,58.0,0.59,48.0,0.6,12.0,0.65,10.0,0.68,5.0,0.3,0.3,0.094172,1776169456000
1776169458.183,258.183,0.51,58.0,0.41,48.0,0.4,12.0,0.35,10.0,0.32,5.0,0.81,50.0,0.82,10.0,0.85,33.0,0.91,50.0,0.95,5.0,0.19,50.0,0.18,10.0,0.15,33.0,0.09,50.0,0.05,5.0,0.49,58.0,0.59,48.0,0.6,12.0,0.65,10.0,0.68,5.0,0.3,0.3,0.094172,1776169457000
1776169459.322,259.322,0.51,58.0,0.41,48.0,0.4,12.0,0.35,10.0,0.32,5.0,0.81,50.0,0.82,10.0,0.85,33.0,0.91,50.0,0.95,5.0,0.19,50.0,0.18,10.0,0.15,33.0,0.09,50.0,0.05,5.0,0.49,58.0,0.59,48.0,0.6,12.0,0.65,10.0,0.68,5.0,0.3,0.3,0.094172,1776169458000
1776169460.502,260.502,0.51,58.0,0.41,48.0,0.4,12.0,0.35,10.0,0.32,5.0,0.81,50.0,0.82,10.0,0.85,33.0,0.91,50.0,0.95,5.0,0.19,50.0,0.18,10.0,0.15,33.0,0.09,50.0,0.05,5.0,0.49,58.0,0.59,48.0,0.6,12.0,0.65,10.0,0.68,5.0,0.3,0.3,0.094172,1776169459000
1776169461.04,261.04,0.51,58.0,0.41,48.0,0.4,12.0,0.35,10.0,0.32,5.0,0.81,50.0,0.82,10.0,0.85,33.0,0.91,50.0,0.95,5.0,0.19,50.0,0.18,10.0,0.15,33.0,0.09,50.0,0.05,5.0,0.49,58.0,0.59,48.0,0.6,12.0,0.65,10.0,0.68,5.0,0.3,0.3,0.094172,1776169460000
1776169462.229,262.229,0.51,58.0,0.41,48.0,0.4,12.0,0.35,10.0,0.32,5.0,0.81,50.0,0.82,10.0,0.85,33.0,0.91,50.0,0.95,5.0,0.19,50.0,0.18,10.0,0.15,33.0,0.09,50.0,0.05,5.0,0.49,58.0,0.59,48.0,0.6,12.0,0.65,10.0,0.68,5.0,0.3,0.3,0.094172,1776169461000
1776169463.143,263.143,0.51,58.0,0.41,48.0,0.4,12.0,0.35,10.0,0.32,5.0,0.81,50.0,0.82,10.0,0.85,33.0,0.91,50.0,0.95,5.0,0.19,50.0,0.18,10.0,0.15,33.0,0.09,50.0,0.05,5.0,0.49,58.0,0.59,48.0,0.6,12.0,0.65,10.0,0.68,5.0,0.3,0.3,0.094173,1776169462000
1776169463.81,263.81,0.05,105.0,0.04,5.0,0.02,15.0,0.01,6356.09,,,0.21,40.0,0.28,5.0,0.29,5.0,0.3,12.0,0.31,50.0,0.59,40.0,0.49,84.0,0.39,50.0,0.34,10.0,0.31,16.0,0.73,5.0,0.79,5.0,0.89,60.0,0.9,50.0,0.95,105.0,0.16,0.14,0.094173,1776169462000
1776169464.598,264.598,0.05,105.0,0.04,5.0,0.02,15.0,0.01,6356.09,,,0.21,40.0,0.28,5.0,0.29,5.0,0.3,12.0,0.31,50.0,0.79,40.0,0.72,5.0,0.71,5.0,0.7,12.0,0.69,50.0,0.95,105.0,0.96,5.0,0.98,15.0,0.99,6356.09,,,0.16,0.16,0.094173,1776169463000
1776169465.151,265.151,0.05,105.0,0.04,5.0,0.02,15.0,0.01,6356.09,,,0.21,40.0,0.28,5.0,0.29,5.0,0.3,12.0,0.31,50.0,0.79,40.0,0.72,5.0,0.71,5.0,0.7,12.0,0.69,50.0,0.95,105.0,0.96,5.0,0.98,15.0,0.99,6356.09,,,0.16,0.16,0.094162,1776169464000
1776169465.977,265.977,0.04,105.0,0.02,15.0,0.01,1356.09,,,,,0.11,5.0,0.17,5.0,0.18,27.0,0.21,50.0,0.27,10.0,0.79,40.0,0.72,5.0,0.71,5.0,0.7,12.0,0.69,50.0,0.95,105.0,0.96,5.0,0.98,15.0,0.99,6356.09,,,0.07,0.16,0.094162,1776169464000
1776169466.252,266.252,0.04,105.0,0.02,15.0,0.01,1356.09,,,,,0.11,5.0,0.17,5.0,0.18,27.0,0.21,50.0,0.27,10.0,0.89,5.0,0.83,5.0,0.82,27.0,0.79,50.0,0.73,10.0,0.96,105.0,0.98,15.0,0.99,1356.09,,,,,0.07,0.07,0.094098,1776169465000
1776169467.306,267.306,0.04,105.0,0.02,15.0,0.01,1356.09,,,,,0.11,5.0,0.17,5.0,0.18,27.0,0.21,50.0,0.27,10.0,0.89,5.0,0.83,5.0,0.82,27.0,0.79,50.0,0.73,10.0,0.96,105.0,0.98,15.0,0.99,1356.09,,,,,0.07,0.07,0.09409,1776169466000
1776169468.397,268.397,0.04,105.0,0.02,15.0,0.01,1356.09,,,,,0.11,5.0,0.17,5.0,0.18,27.0,0.21,50.0,0.27,10.0,0.89,5.0,0.83,5.0,0.82,27.0,0.79,50.0,0.73,10.0,0.96,105.0,0.98,15.0,0.99,1356.09,,,,,0.07,0.07,0.094079,1776169467000
1776169468.966,268.966,0.04,105.0,0.02,15.0,0.01,1356.09,,,,,0.11,5.0,0.17,5.0,0.18,27.0,0.21,50.0,0.27,10.0,0.89,5.0,0.83,5.0,0.82,27.0,0.79,50.0,0.73,10.0,0.96,105.0,0.98,15.0,0.99,1356.09,,,,,0.07,0.07,0.094079,1776169468000
1776169470.09,270.09,0.04,105.0,0.02,15.0,0.01,1356.09,,,,,0.11,5.0,0.17,5.0,0.18,27.0,0.21,50.0,0.27,10.0,0.89,5.0,0.83,5.0,0.82,27.0,0.79,50.0,0.73,10.0,0.96,105.0,0.98,15.0,0.99,1356.09,,,,,0.07,0.07,0.094079,1776169469000
1776169471.093,271.093,0.05,68.75,0.04,5.0,0.02,15.0,0.01,256.09,,,0.14,17.0,0.21,50.0,0.26,6.0,0.31,50.0,0.32,10.0,0.86,17.0,0.79,50.0,0.74,6.0,0.69,50.0,0.68,10.0,0.95,68.75,0.96,5.0,0.98,15.0,0.99,256.09,,,0.09,0.09,0.09408,1776169470000
1776169472.183,272.183,0.04,95.96,0.02,15.0,0.01,256.09,,,,,0.13,13.75,0.21,50.0,0.25,6.0,0.31,50.0,0.35,10.0,0.86,17.0,0.79,50.0,0.74,6.0,0.69,50.0,0.68,10.0,0.95,68.75,0.96,5.0,0.98,15.0,0.99,256.09,,,0.09,0.09,0.09408,1776169470000
1776169472.476,272.476,0.04,95.96,0.02,15.0,0.01,256.09,,,,,0.13,13.75,0.21,50.0,0.25,6.0,0.31,50.0,0.35,10.0,0.87,13.75,0.79,50.0,0.75,6.0,0.69,50.0,0.65,10.0,0.96,95.96,0.98,15.0,0.99,256.09,,,,,0.09,0.09,0.094094,1776169471000
1776169473.487,273.487,0.04,95.96,0.02,15.0,0.01,256.09,,,,,0.13,13.75,0.21,50.0,0.25,6.0,0.31,50.0,0.35,10.0,0.87,13.75,0.79,50.0,0.75,6.0,0.69,50.0,0.65,10.0,0.96,95.96,0.98,15.0,0.99,256.09,,,,,0.09,0.09,0.094101,1776169472000
1776169474.092,274.092,0.04,95.96,0.02,15.0,0.01,256.09,,,,,0.13,13.75,0.21,50.0,0.25,6.0,0.31,50.0,0.35,10.0,0.87,13.75,0.79,50.0,0.75,6.0,0.69,50.0,0.65,10.0,0.96,95.96,0.98,15.0,0.99,256.09,,,,,0.09,0.09,0.094101,1776169473000
1776169474.44,274.44,0.02,13.97,0.01,756.09,,,,,,,0.21,50.0,0.24,6.0,0.31,50.0,0.33,10.0,0.41,50.0,0.87,13.75,0.79,50.0,0.75,6.0,0.69,50.0,0.65,10.0,0.96,95.96,0.98,15.0,0.99,256.09,,,,,0.19,0.09,0.094101,1776169473000
1776169475.299,275.299,0.02,13.97,0.01,756.09,,,,,,,0.21,50.0,0.24,6.0,0.31,50.0,0.33,10.0,0.41,50.0,0.79,50.0,0.76,6.0,0.69,50.0,0.67,10.0,0.59,50.0,0.98,13.97,0.99,756.09,,,,,,,0.19,0.19,0.094101,1776169474000
1776169476.328,276.328,0.02,13.97,0.01,756.09,,,,,,,0.21,50.0,0.24,6.0,0.31,50.0,0.33,10.0,0.41,50.0,0.79,50.0,0.76,6.0,0.69,50.0,0.67,10.0,0.59,50.0,0.98,13.97,0.99,756.09,,,,,,,0.19,0.19,0.094101,1776169475000
1776169476.892,276.892,0.02,4.65,0.01,256.09,,,,,,,0.21,70.0,0.31,50.0,0.32,10.0,0.41,50.0,0.51,50.0,0.79,50.0,0.76,6.0,0.69,50.0,0.67,10.0,0.59,50.0,0.98,13.97,0.99,756.09,,,,,,,0.19,0.19,0.094101,1776169475000
1776169477.391,277.391,0.02,4.65,0.01,256.09,,,,,,,0.21,70.0,0.31,50.0,0.32,10.0,0.41,50.0,0.51,50.0,0.79,70.0,0.69,50.0,0.68,10.0,0.59,50.0,0.49,50.0,0.98,4.65,0.99,256.09,,,,,,,0.19,0.19,0.094099,1776169476000
1776169477.972,277.972,0.02,4.65,0.01,256.09,,,,,,,0.1,0.56,0.18,6.0,0.21,50.0,0.29,10.0,0.31,50.0,0.9,0.56,0.82,6.0,0.79,50.0,0.71,10.0,0.69,50.0,0.98,4.65,0.99,256.09,,,,,,,0.08,0.08,0.094099,1776169477000
1776169479.335,279.335,0.02,4.65,0.01,256.09,,,,,,,0.1,0.56,0.18,6.0,0.21,50.0,0.29,10.0,0.31,50.0,0.9,0.56,0.82,6.0,0.79,50.0,0.71,10.0,0.69,50.0,0.98,4.65,0.99,256.09,,,,,,,0.08,0.08,0.094099,1776169478000
1776169480.314,280.314,0.02,4.65,0.01,256.09,,,,,,,0.1,0.56,0.18,6.0,0.21,50.0,0.29,10.0,0.31,50.0,0.9,0.56,0.82,6.0,0.79,50.0,0.71,10.0,0.69,50.0,0.98,4.65,0.99,256.09,,,,,,,0.08,0.08,0.094099,1776169479000
1776169481.273,281.273,0.02,4.65,0.01,256.09,,,,,,,0.1,0.56,0.18,6.0,0.21,50.0,0.29,10.0,0.31,50.0,0.9,0.56,0.82,6.0,0.79,50.0,0.71,10.0,0.69,50.0,0.98,4.65,0.99,256.09,,,,,,,0.08,0.08,0.094099,1776169480000
1776169482.098,282.098,0.02,4.65,0.01,256.09,,,,,,,0.1,0.56,0.18,6.0,0.21,50.0,0.29,10.0,0.31,50.0,0.9,0.56,0.82,6.0,0.79,50.0,0.71,10.0,0.69,50.0,0.98,4.65,0.99,256.09,,,,,,,0.08,0.08,0.094098,1776169481000
1776169483.121,283.121,0.02,4.65,0.01,256.09,,,,,,,0.1,0.56,0.18,6.0,0.21,50.0,0.29,10.0,0.31,50.0,0.9,0.56,0.82,6.0,0.79,50.0,0.71,10.0,0.69,50.0,0.98,4.65,0.99,256.09,,,,,,,0.08,0.08,0.094096,1776169482000
1776169484.141,284.141,0.02,4.65,0.01,256.09,,,,,,,0.1,0.56,0.18,6.0,0.21,50.0,0.29,10.0,0.31,50.0,0.9,0.56,0.82,6.0,0.79,50.0,0.71,10.0,0.69,50.0,0.98,4.65,0.99,256.09,,,,,,,0.08,0.08,0.09409,1776169483000
1776169485.115,285.115,0.02,4.65,0.01,256.09,,,,,,,0.1,0.56,0.18,6.0,0.21,50.0,0.29,10.0,0.31,50.0,0.9,0.56,0.82,6.0,0.79,50.0,0.71,10.0,0.69,50.0,0.98,4.65,0.99,256.09,,,,,,,0.08,0.08,0.094087,1776169484000
1776169485.317,285.317,0.02,0.53,0.01,256.09,,,,,,,0.1,18.56,0.11,55.0,0.12,5.0,0.15,10.0,0.21,50.0,0.9,18.56,0.89,55.0,0.88,5.0,0.85,10.0,0.79,50.0,0.98,1.56,0.99,256.09,,,,,,,0.08,0.08,0.094087,1776169484000
1776169485.777,285.777,0.01,242.48,,,,,,,,,0.1,18.56,0.11,60.0,0.12,5.0,0.13,10.0,0.21,50.0,0.9,18.56,0.89,55.0,0.88,5.0,0.87,10.0,0.79,50.0,0.99,249.59,,,,,,,,,0.09,0.09,0.094087,1776169484000
1776169486.069,286.069,0.01,242.48,,,,,,,,,0.1,18.56,0.11,60.0,0.12,5.0,0.13,10.0,0.21,50.0,0.9,18.56,0.89,60.0,0.88,5.0,0.87,10.0,0.79,50.0,0.99,242.48,,,,,,,,,0.09,0.09,0.094082,1776169485000
1776169486.604,286.604,0.01,186.42,,,,,,,,,0.1,18.56,0.11,60.0,0.13,10.0,0.21,50.0,0.31,50.0,0.9,18.56,0.89,60.0,0.87,10.0,0.79,50.0,0.69,50.0,0.99,237.42,,,,,,,,,0.09,0.09,0.094082,1776169485000
1776169486.95,286.95,0.01,186.42,,,,,,,,,0.1,18.56,0.11,60.0,0.13,10.0,0.21,50.0,0.31,50.0,0.9,18.56,0.89,60.0,0.87,10.0,0.79,50.0,0.69,50.0,0.99,186.42,,,,,,,,,0.09,0.09,0.094077,1776169486000
1776169487.272,287.272,0.01,176.47,,,,,,,,,0.1,18.56,0.11,60.0,0.13,10.0,0.21,50.0,0.31,50.0,0.9,18.56,0.89,60.0,0.87,10.0,0.79,50.0,0.69,50.0,0.99,186.42,,,,,,,,,0.09,0.09,0.094077,1776169486000
1776169487.956,287.956,0.01,176.47,,,,,,,,,0.1,18.56,0.11,60.0,0.13,10.0,0.21,50.0,0.31,50.0,0.9,18.56,0.89,60.0,0.87,10.0,0.79,50.0,0.69,50.0,0.99,176.47,,,,,,,,,0.09,0.09,0.094073,1776169487000
1776169488.387,288.387,0.01,91.41,,,,,,,,,0.1,23.58,0.11,60.0,0.12,10.0,0.21,50.0,0.31,50.0,0.9,18.56,0.89,60.0,0.87,10.0,0.79,50.0,0.69,50.0,0.99,176.47,,,,,,,,,0.09,0.09,0.094073,1776169487000
1776169489.352,289.352,0.01,91.41,,,,,,,,,0.1,23.58,0.11,60.0,0.12,10.0,0.21,50.0,0.31,50.0,0.9,23.58,0.89,60.0,0.88,10.0,0.79,50.0,0.69,50.0,0.99,91.41,,,,,,,,,0.09,0.09,0.094069,1776169488000
1776169490.227,290.227,0.01,91.41,,,,,,,,,0.1,23.58,0.11,60.0,0.12,10.0,0.21,50.0,0.31,50.0,0.9,23.58,0.89,60.0,0.88,10.0,0.79,50.0,0.69,50.0,0.99,91.41,,,,,,,,,0.09,0.09,0.094069,1776169489000
1776169491.399,291.399,0.01,81.31,,,,,,,,,0.1,0.56,0.11,60.0,0.17,10.0,0.21,50.0,0.31,50.0,0.9,0.56,0.89,60.0,0.83,10.0,0.79,50.0,0.69,50.0,0.99,81.31,,,,,,,,,0.09,0.09,0.094073,1776169490000
1776169491.985,291.985,0.01,81.31,,,,,,,,,0.1,0.56,0.11,60.0,0.17,10.0,0.21,50.0,0.31,50.0,0.9,0.56,0.89,60.0,0.83,10.0,0.79,50.0,0.69,50.0,0.99,81.31,,,,,,,,,0.09,0.09,0.094086,1776169491000
1776169492.189,292.189,0.01,76.25,,,,,,,,,0.1,5.93,0.11,60.0,0.19,10.0,0.21,50.0,0.31,50.0,0.9,0.56,0.89,60.0,0.83,10.0,0.79,50.0,0.69,50.0,0.99,81.31,,,,,,,,,0.09,0.09,0.094086,1776169491000
1776169493.107,293.107,0.01,76.25,,,,,,,,,0.1,5.93,0.11,60.0,0.19,10.0,0.21,50.0,0.31,50.0,0.9,5.93,0.89,60.0,0.81,10.0,0.79,50.0,0.69,50.0,0.99,76.25,,,,,,,,,0.09,0.09,0.094088,1776169492000
1776169493.555,293.555,0.01,50.99,,,,,,,,,0.1,0.56,0.11,60.0,0.21,60.0,0.31,50.0,0.41,50.0,0.9,0.56,0.89,60.0,0.79,60.0,0.69,50.0,0.59,50.0,0.99,71.2,,,,,,,,,0.09,0.09,0.094088,1776169492000
1776169494.088,294.088,0.01,45.99,,,,,,,,,0.1,0.56,0.11,60.0,0.21,60.0,0.31,50.0,0.41,50.0,0.9,0.56,0.89,60.0,0.79,60.0,0.69,50.0,0.59,50.0,0.99,45.99,,,,,,,,,0.09,0.09,0.094094,1776169493000
1776169494.98,294.98,0.01,35.75,,,,,,,,,0.1,0.56,0.11,60.0,0.2,10.0,0.21,50.0,0.31,50.0,0.9,0.56,0.89,60.0,0.79,60.0,0.69,50.0,0.59,50.0,0.99,45.99,,,,,,,,,0.09,0.09,0.094094,1776169493000
1776169495.332,295.332,0.01,35.75,,,,,,,,,0.1,0.56,0.11,60.0,0.2,10.0,0.21,50.0,0.31,50.0,0.9,0.56,0.89,60.0,0.8,10.0,0.79,50.0,0.69,50.0,0.99,35.75,,,,,,,,,0.09,0.09,0.094104,1776169494000
1776169496.307,296.307,0.01,35.75,,,,,,,,,0.1,0.56,0.11,60.0,0.2,10.0,0.21,50.0,0.31,50.0,0.9,0.56,0.89,60.0,0.8,10.0,0.79,50.0,0.69,50.0,0.99,35.75,,,,,,,,,0.09,0.09,0.094104,1776169495000
1776169496.884,296.884,0.01,35.75,,,,,,,,,0.1,0.56,0.11,60.0,0.2,10.0,0.21,50.0,0.31,50.0,0.9,0.56,0.89,60.0,0.8,10.0,0.79,50.0,0.69,50.0,0.99,35.75,,,,,,,,,0.09,0.09,0.094105,1776169496000
1776169497.103,297.103,0.01,4.73,,,,,,,,,0.1,5.61,0.11,60.0,0.21,50.0,0.31,50.0,0.41,50.0,0.9,0.56,0.89,60.0,0.8,10.0,0.79,50.0,0.69,50.0,0.99,35.75,,,,,,,,,0.09,0.09,0.094105,1776169496000
1776169497.371,297.371,,,,,,,,,,,0.1,5.61,0.11,60.0,0.19,10.0,0.21,50.0,0.31,50.0,0.9,5.61,0.89,60.0,0.79,50.0,0.69,50.0,0.59,50.0,0.99,4.73,,,,,,,,,,0.09,0.094105,1776169496000
1776169498.929,298.929,,,,,,,,,,,0.1,5.61,0.11,60.0,0.19,10.0,0.21,50.0,0.31,50.0,0.9,5.61,0.89,60.0,0.81,10.0,0.79,50.0,0.69,50.0,,,,,,,,,,,,,0.094105,1776169497000
1776169499.154,299.154,,,,,,,,,,,0.1,5.61,0.11,60.0,0.19,10.0,0.21,50.0,0.31,50.0,0.9,5.61,0.89,60.0,0.81,10.0,0.79,50.0,0.69,50.0,,,,,,,,,,,,,0.094105,1776169498000
1776169500.253,300.253,,,,,,,,,,,0.1,5.61,0.11,60.0,0.19,10.0,0.21,50.0,0.31,50.0,0.9,5.61,0.89,60.0,0.81,10.0,0.79,50.0,0.69,50.0,,,,,,,,,,,,,0.094103,1776169499000

# RESULT,winner=Down,slug=doge-updown-5m-1776169200,ticks=326
