timestamp,elapsed_sec,up_bid_p1,up_bid_s1,up_bid_p2,up_bid_s2,up_ask_p1,up_ask_s1,up_ask_p2,up_ask_s2,down_bid_p1,down_bid_s1,down_bid_p2,down_bid_s2,down_ask_p1,down_ask_s1,down_ask_p2,down_ask_s2,up_spread,down_spread,doge_price,doge_oracle_ts
1776255300.962,0.962,0.41,37.0,0.4,33.0,0.47,6.72,0.59,37.0,0.53,6.72,0.41,37.0,0.59,37.0,0.6,33.0,0.06,0.06,0.093518,1776255300000
1776255301.951,1.951,0.41,37.0,0.4,33.0,0.47,6.72,0.59,37.0,0.53,6.72,0.41,37.0,0.59,37.0,0.6,33.0,0.06,0.06,0.093526,1776255301000
1776255302.64,2.64,0.45,9.0,0.26,10.0,0.46,6.0,0.47,6.72,0.53,6.72,0.41,37.0,0.59,37.0,0.6,33.0,0.01,0.06,0.093526,1776255301000
1776255303.142,3.142,0.45,9.0,0.26,10.0,0.46,6.0,0.47,6.72,0.54,6.0,0.53,6.72,0.55,9.0,0.74,10.0,0.01,0.01,0.093526,1776255302000
1776255304.266,4.266,0.45,9.0,0.26,10.0,0.46,6.0,0.47,6.72,0.54,6.0,0.53,6.72,0.55,9.0,0.74,10.0,0.01,0.01,0.093503,1776255303000
1776255305.17,5.17,0.45,9.0,0.26,10.0,0.46,6.0,0.47,6.72,0.54,6.0,0.53,6.72,0.55,9.0,0.74,10.0,0.01,0.01,0.093507,1776255304000
1776255306.279,6.279,0.45,9.0,0.26,10.0,0.46,6.0,0.47,6.72,0.54,6.0,0.53,6.72,0.55,9.0,0.74,10.0,0.01,0.01,0.093508,1776255305000
1776255306.816,6.816,0.45,4.0,0.29,5.0,0.46,6.0,0.47,16.72,0.54,6.0,0.53,6.72,0.55,9.0,0.74,10.0,0.01,0.01,0.093508,1776255305000
1776255307.093,7.093,0.29,5.0,0.23,10.0,0.46,6.0,0.47,16.72,0.54,6.0,0.53,16.72,0.55,0.94,0.71,5.0,0.17,0.01,0.093508,1776255305000
1776255307.327,7.327,0.29,5.0,0.23,10.0,0.46,6.0,0.47,16.72,0.54,6.0,0.53,16.72,0.71,5.0,0.77,10.0,0.17,0.17,0.0935,1776255306000
1776255308.026,8.026,0.29,3.59,0.23,10.0,0.39,5.0,0.46,16.0,0.54,6.0,0.53,16.72,0.71,5.0,0.77,10.0,0.1,0.17,0.0935,1776255306000
1776255308.474,8.474,0.29,3.59,0.23,10.0,0.39,5.0,0.46,16.0,0.61,5.0,0.54,16.0,0.71,3.59,0.77,10.0,0.1,0.1,0.093493,1776255307000
1776255309.564,9.564,0.29,3.59,0.23,10.0,0.39,5.0,0.46,16.0,0.61,5.0,0.54,16.0,0.71,3.59,0.77,10.0,0.1,0.1,0.093494,1776255308000
1776255310.617,10.617,0.29,3.59,0.23,10.0,0.39,5.0,0.46,16.0,0.61,5.0,0.54,16.0,0.71,3.59,0.77,10.0,0.1,0.1,0.093494,1776255309000
1776255311.405,11.405,0.29,3.59,0.23,10.0,0.39,5.0,0.46,16.0,0.61,5.0,0.54,16.0,0.71,3.59,0.77,10.0,0.1,0.1,0.093497,1776255310000
1776255312.392,12.392,0.29,3.59,0.23,10.0,0.39,5.0,0.46,16.0,0.61,5.0,0.54,16.0,0.71,3.59,0.77,10.0,0.1,0.1,0.093497,1776255311000
1776255313.208,13.208,0.29,3.59,0.23,10.0,0.39,5.0,0.46,16.0,0.61,5.0,0.54,16.0,0.71,3.59,0.77,10.0,0.1,0.1,0.093496,1776255312000
1776255314.731,14.731,0.29,3.59,0.23,10.0,0.39,5.0,0.46,16.0,0.61,5.0,0.54,16.0,0.71,3.59,0.77,10.0,0.1,0.1,0.093488,1776255313000
1776255315.497,15.497,0.29,3.59,0.23,10.0,0.39,5.0,0.46,16.0,0.61,5.0,0.54,16.0,0.71,3.59,0.77,10.0,0.1,0.1,0.093479,1776255314000
1776255316.327,16.327,0.29,3.59,0.23,10.0,0.39,5.0,0.46,16.0,0.61,5.0,0.54,16.0,0.71,3.59,0.77,10.0,0.1,0.1,0.093477,1776255315000
1776255317.83,17.83,0.29,3.59,0.23,10.0,0.39,5.0,0.46,16.0,0.61,5.0,0.54,16.0,0.71,3.59,0.77,10.0,0.1,0.1,0.093475,1776255316000
1776255318.729,18.729,0.29,3.59,0.23,10.0,0.39,5.0,0.46,16.0,0.61,5.0,0.54,16.0,0.71,3.59,0.77,10.0,0.1,0.1,0.093475,1776255317000
1776255319.291,19.291,0.25,0.24,0.22,5.0,0.32,5.0,0.35,5.0,0.61,5.0,0.54,16.0,0.71,3.59,0.77,10.0,0.07,0.1,0.093475,1776255317000
1776255319.543,19.543,0.25,0.24,0.22,5.0,0.32,5.0,0.35,5.0,0.68,5.0,0.65,5.0,0.75,0.24,0.78,5.0,0.07,0.07,0.093475,1776255318000
1776255320.368,20.368,0.25,0.24,0.22,5.0,0.32,5.0,0.35,5.0,0.68,5.0,0.65,5.0,0.75,0.24,0.78,5.0,0.07,0.07,0.093473,1776255319000
1776255321.773,21.773,0.25,0.24,0.22,5.0,0.32,5.0,0.35,5.0,0.68,5.0,0.65,5.0,0.75,0.24,0.78,5.0,0.07,0.07,0.093473,1776255320000
1776255322.616,22.616,0.25,0.24,0.22,5.0,0.32,5.0,0.35,5.0,0.68,5.0,0.65,5.0,0.75,0.24,0.78,5.0,0.07,0.07,0.093473,1776255321000
1776255323.368,23.368,0.25,0.24,0.22,5.0,0.32,5.0,0.35,5.0,0.68,5.0,0.65,5.0,0.75,0.24,0.78,5.0,0.07,0.07,0.093466,1776255322000
1776255324.209,24.209,0.25,0.24,0.22,5.0,0.32,5.0,0.35,5.0,0.68,5.0,0.65,5.0,0.75,0.24,0.78,5.0,0.07,0.07,0.09346,1776255323000
1776255325.76,25.76,0.25,0.24,0.22,5.0,0.32,5.0,0.35,5.0,0.68,5.0,0.65,5.0,0.75,0.24,0.78,5.0,0.07,0.07,0.09346,1776255324000
1776255326.479,26.479,0.25,0.24,0.22,5.0,0.32,5.0,0.35,5.0,0.68,5.0,0.65,5.0,0.75,0.24,0.78,5.0,0.07,0.07,0.093457,1776255325000
1776255327.341,27.341,0.25,0.24,0.22,5.0,0.32,5.0,0.35,5.0,0.68,5.0,0.65,5.0,0.75,0.24,0.78,5.0,0.07,0.07,0.093457,1776255326000
1776255328.052,28.052,0.25,0.24,0.22,5.0,0.32,5.0,0.35,5.0,0.68,5.0,0.65,5.0,0.75,0.24,0.78,5.0,0.07,0.07,0.093461,1776255327000
1776255328.657,28.657,0.2,5.0,0.18,5.0,0.32,4.0,0.38,10.0,0.68,5.0,0.65,5.0,0.75,0.24,0.78,5.0,0.12,0.07,0.093461,1776255327000
1776255329.949,29.949,0.2,5.0,0.18,5.0,0.32,4.0,0.38,10.0,0.68,4.0,0.62,10.0,0.8,5.0,0.82,5.0,0.12,0.12,0.093466,1776255328000
1776255330.54,30.54,0.2,5.0,0.18,5.0,0.32,4.0,0.38,10.0,0.68,4.0,0.62,10.0,0.8,5.0,0.82,5.0,0.12,0.12,0.093466,1776255329000
1776255331.684,31.684,0.2,5.0,0.18,5.0,0.32,4.0,0.38,10.0,0.68,4.0,0.62,10.0,0.8,5.0,0.82,5.0,0.12,0.12,0.093466,1776255330000
1776255332.4,32.4,0.2,5.0,0.18,5.0,0.32,4.0,0.38,10.0,0.68,4.0,0.62,10.0,0.8,5.0,0.82,5.0,0.12,0.12,0.093464,1776255331000
1776255333.118,33.118,0.2,5.0,0.18,5.0,0.32,4.0,0.38,10.0,0.68,4.0,0.62,10.0,0.8,5.0,0.82,5.0,0.12,0.12,0.093464,1776255332000
1776255334.518,34.518,0.2,5.0,0.18,5.0,0.32,4.0,0.38,10.0,0.68,4.0,0.62,10.0,0.8,5.0,0.82,5.0,0.12,0.12,0.093458,1776255333000
1776255335.149,35.149,0.2,5.0,0.18,5.0,0.32,4.0,0.38,10.0,0.68,4.0,0.62,10.0,0.8,5.0,0.82,5.0,0.12,0.12,0.093458,1776255334000
1776255336.52,36.52,0.2,5.0,0.18,5.0,0.32,4.0,0.38,10.0,0.68,4.0,0.62,10.0,0.8,5.0,0.82,5.0,0.12,0.12,0.093461,1776255335000
1776255337.292,37.292,0.2,5.0,0.18,5.0,0.32,4.0,0.38,10.0,0.68,4.0,0.62,10.0,0.8,5.0,0.82,5.0,0.12,0.12,0.093464,1776255336000
1776255337.917,37.917,0.2,5.0,0.18,5.0,0.32,4.0,0.38,10.0,0.68,4.0,0.62,10.0,0.8,5.0,0.82,5.0,0.12,0.12,0.093464,1776255337000
1776255339.293,39.293,0.2,5.0,0.18,5.0,0.32,4.0,0.38,10.0,0.68,4.0,0.62,10.0,0.8,5.0,0.82,5.0,0.12,0.12,0.093463,1776255338000
1776255340.625,40.625,0.2,5.0,0.18,5.0,0.32,4.0,0.38,10.0,0.68,4.0,0.62,10.0,0.8,5.0,0.82,5.0,0.12,0.12,0.09346,1776255339000
1776255341.251,41.251,0.2,5.0,0.18,5.0,0.32,4.0,0.38,10.0,0.68,4.0,0.62,10.0,0.8,5.0,0.82,5.0,0.12,0.12,0.093444,1776255340000
1776255342.528,42.528,0.2,5.0,0.18,5.0,0.32,4.0,0.38,10.0,0.68,4.0,0.62,10.0,0.8,5.0,0.82,5.0,0.12,0.12,0.093444,1776255341000
1776255343.331,43.331,0.2,5.0,0.18,5.0,0.32,4.0,0.38,10.0,0.68,4.0,0.62,10.0,0.8,5.0,0.82,5.0,0.12,0.12,0.093443,1776255342000
1776255344.01,44.01,0.2,5.0,0.18,5.0,0.32,4.0,0.38,10.0,0.68,4.0,0.62,10.0,0.8,5.0,0.82,5.0,0.12,0.12,0.093445,1776255343000
1776255345.285,45.285,0.2,5.0,0.18,5.0,0.32,4.0,0.38,10.0,0.68,4.0,0.62,10.0,0.8,5.0,0.82,5.0,0.12,0.12,0.093445,1776255344000
1776255346.746,46.746,0.2,5.0,0.18,5.0,0.32,4.0,0.38,10.0,0.68,4.0,0.62,10.0,0.8,5.0,0.82,5.0,0.12,0.12,0.093443,1776255345000
1776255347.711,47.711,0.2,5.0,0.18,5.0,0.32,4.0,0.38,10.0,0.68,4.0,0.62,10.0,0.8,5.0,0.82,5.0,0.12,0.12,0.093443,1776255346000
1776255348.185,48.185,0.2,5.0,0.18,5.0,0.32,4.0,0.38,10.0,0.68,4.0,0.62,10.0,0.8,5.0,0.82,5.0,0.12,0.12,0.093444,1776255347000
1776255349.24,49.24,0.2,5.0,0.18,5.0,0.32,4.0,0.38,10.0,0.68,4.0,0.62,10.0,0.8,5.0,0.82,5.0,0.12,0.12,0.093437,1776255348000
1776255350.402,50.402,0.2,5.0,0.18,5.0,0.32,4.0,0.38,10.0,0.68,4.0,0.62,10.0,0.8,5.0,0.82,5.0,0.12,0.12,0.093426,1776255349000
1776255351.393,51.393,0.18,17.6,0.17,18.39,0.21,5.0,0.24,13.0,0.79,5.0,0.76,13.0,0.82,17.6,0.83,18.39,0.03,0.03,0.093423,1776255350000
1776255352.469,52.469,0.18,17.6,0.17,18.39,0.21,5.0,0.24,13.0,0.79,5.0,0.76,13.0,0.82,17.6,0.83,18.39,0.03,0.03,0.093423,1776255351000
1776255352.893,52.893,0.18,17.6,0.17,18.39,0.21,5.0,0.24,13.0,0.79,5.0,0.76,13.0,0.82,17.6,0.83,18.39,0.03,0.03,0.093423,1776255352000
1776255353.326,53.326,0.16,14.53,0.15,20.39,0.24,13.0,0.26,5.0,0.79,5.0,0.76,13.0,0.82,17.6,0.83,18.39,0.08,0.03,0.093423,1776255352000
1776255353.98,53.98,0.16,14.53,0.15,20.39,0.24,13.0,0.26,5.0,0.76,13.0,0.74,5.0,0.84,14.53,0.85,20.39,0.08,0.08,0.093422,1776255353000
1776255354.939,54.939,0.16,14.53,0.15,20.39,0.24,13.0,0.26,5.0,0.76,13.0,0.74,5.0,0.84,14.53,0.85,20.39,0.08,0.08,0.093422,1776255354000
1776255355.351,55.351,0.12,24.6,0.11,126.6,0.15,10.0,0.16,5.0,0.76,13.0,0.74,5.0,0.84,14.53,0.85,20.39,0.03,0.08,0.093422,1776255354000
1776255356.045,56.045,0.12,24.6,0.11,126.6,0.15,10.0,0.16,5.0,0.85,10.0,0.84,5.0,0.88,24.6,0.89,126.6,0.03,0.03,0.093408,1776255355000
1776255357.174,57.174,0.12,24.6,0.11,126.6,0.15,10.0,0.16,5.0,0.85,10.0,0.84,5.0,0.88,24.6,0.89,126.6,0.03,0.03,0.093399,1776255356000
1776255358.223,58.223,0.12,24.6,0.11,126.6,0.15,10.0,0.16,5.0,0.85,10.0,0.84,5.0,0.88,24.6,0.89,126.6,0.03,0.03,0.093398,1776255357000
1776255359.198,59.198,0.12,24.6,0.11,126.6,0.15,10.0,0.16,5.0,0.85,10.0,0.84,5.0,0.88,24.6,0.89,126.6,0.03,0.03,0.093398,1776255358000
1776255360.235,60.235,0.12,24.6,0.11,126.6,0.15,10.0,0.16,5.0,0.85,10.0,0.84,5.0,0.88,24.6,0.89,126.6,0.03,0.03,0.093408,1776255359000
1776255361.311,61.311,0.12,24.6,0.11,126.6,0.15,10.0,0.16,5.0,0.85,10.0,0.84,5.0,0.88,24.6,0.89,126.6,0.03,0.03,0.093413,1776255360000
1776255362.555,62.555,0.12,24.6,0.11,26.6,0.14,5.0,0.15,5.0,0.86,5.0,0.85,5.0,0.88,24.6,0.89,26.6,0.02,0.02,0.093422,1776255361000
1776255363.086,63.086,0.12,24.6,0.11,26.6,0.14,5.0,0.15,5.0,0.86,5.0,0.85,5.0,0.88,24.6,0.89,26.6,0.02,0.02,0.093424,1776255362000
1776255364.444,64.444,0.12,24.6,0.11,26.6,0.14,5.0,0.15,5.0,0.86,5.0,0.85,5.0,0.88,24.6,0.89,26.6,0.02,0.02,0.093425,1776255363000
1776255364.985,64.985,0.12,24.6,0.11,26.6,0.14,5.0,0.15,5.0,0.86,5.0,0.85,5.0,0.88,24.6,0.89,26.6,0.02,0.02,0.093425,1776255364000
1776255366.082,66.082,0.12,24.6,0.11,26.6,0.14,5.0,0.15,5.0,0.86,5.0,0.85,5.0,0.88,24.6,0.89,26.6,0.02,0.02,0.093426,1776255365000
1776255367.225,67.225,0.12,24.6,0.11,26.6,0.14,5.0,0.15,5.0,0.86,5.0,0.85,5.0,0.88,24.6,0.89,26.6,0.02,0.02,0.093426,1776255366000
1776255368.334,68.334,0.12,24.6,0.11,26.6,0.14,5.0,0.15,5.0,0.86,5.0,0.85,5.0,0.88,24.6,0.89,26.6,0.02,0.02,0.093427,1776255367000
1776255369.533,69.533,0.21,5.0,0.12,132.6,0.22,5.0,0.23,5.0,0.86,5.0,0.85,5.0,0.88,24.6,0.89,26.6,0.01,0.02,0.093427,1776255367000
1776255370.099,70.099,0.21,10.0,0.19,5.0,0.23,5.0,0.24,5.0,0.77,5.0,0.76,5.0,0.79,10.0,0.81,5.0,0.02,0.02,0.093446,1776255369000
1776255371.13,71.13,0.21,10.0,0.19,5.0,0.23,5.0,0.24,5.0,0.77,5.0,0.76,5.0,0.79,10.0,0.81,5.0,0.02,0.02,0.093458,1776255370000
1776255372.313,72.313,0.21,10.0,0.2,5.0,0.22,3.63,0.23,5.0,0.78,3.63,0.77,5.0,0.79,10.0,0.8,5.0,0.01,0.01,0.09347,1776255371000
1776255373.775,73.775,0.21,10.0,0.2,5.0,0.22,3.63,0.23,5.0,0.78,3.63,0.77,5.0,0.79,10.0,0.8,5.0,0.01,0.01,0.093475,1776255372000
1776255374.269,74.269,0.21,3.73,0.18,17.6,0.22,3.63,0.23,5.0,0.78,3.63,0.77,5.0,0.79,3.73,0.82,17.6,0.01,0.01,0.093475,1776255373000
1776255375.48,75.48,0.21,3.73,0.18,17.6,0.22,3.63,0.23,5.0,0.78,3.63,0.77,5.0,0.79,3.73,0.82,17.6,0.01,0.01,0.09346,1776255374000
1776255376.562,76.562,0.21,3.73,0.18,17.6,0.22,3.63,0.23,5.0,0.78,3.63,0.77,5.0,0.79,3.73,0.82,17.6,0.01,0.01,0.093456,1776255375000
1776255377.129,77.129,0.21,3.73,0.18,17.6,0.22,3.63,0.23,5.0,0.78,3.63,0.77,5.0,0.79,3.73,0.82,17.6,0.01,0.01,0.093463,1776255376000
1776255378.214,78.214,0.21,3.73,0.18,17.6,0.22,3.63,0.23,5.0,0.78,3.63,0.77,5.0,0.79,3.73,0.82,17.6,0.01,0.01,0.093462,1776255377000
1776255379.179,79.179,0.21,3.73,0.18,17.6,0.22,3.63,0.23,5.0,0.78,3.63,0.77,5.0,0.79,3.73,0.82,17.6,0.01,0.01,0.093464,1776255378000
1776255380.269,80.269,0.21,3.73,0.18,17.6,0.22,3.63,0.23,5.0,0.78,3.63,0.77,5.0,0.79,3.73,0.82,17.6,0.01,0.01,0.093467,1776255379000
1776255381.251,81.251,0.21,3.73,0.18,17.6,0.22,3.63,0.23,5.0,0.78,3.63,0.77,5.0,0.79,3.73,0.82,17.6,0.01,0.01,0.093471,1776255380000
1776255382.262,82.262,0.21,3.73,0.18,17.6,0.22,3.63,0.23,5.0,0.78,3.63,0.77,5.0,0.79,3.73,0.82,17.6,0.01,0.01,0.093472,1776255381000
1776255383.195,83.195,0.21,3.73,0.18,17.6,0.22,3.63,0.23,5.0,0.78,3.63,0.77,5.0,0.79,3.73,0.82,17.6,0.01,0.01,0.093472,1776255382000
1776255384.267,84.267,0.21,3.73,0.18,17.6,0.22,3.63,0.23,5.0,0.78,3.63,0.77,5.0,0.79,3.73,0.82,17.6,0.01,0.01,0.093476,1776255383000
1776255385.186,85.186,0.25,13.9,0.24,14.3,0.27,5.0,0.28,5.0,0.73,5.0,0.72,5.0,0.75,13.9,0.76,14.3,0.02,0.02,0.093486,1776255384000
1776255386.253,86.253,0.25,13.9,0.24,14.3,0.27,5.0,0.28,5.0,0.73,5.0,0.72,5.0,0.75,13.9,0.76,14.3,0.02,0.02,0.093477,1776255385000
1776255387.195,87.195,0.25,13.9,0.24,14.3,0.27,5.0,0.28,5.0,0.73,5.0,0.72,5.0,0.75,13.9,0.76,14.3,0.02,0.02,0.093475,1776255386000
1776255388.253,88.253,0.25,13.9,0.24,14.3,0.27,5.0,0.28,5.0,0.73,5.0,0.72,5.0,0.75,13.9,0.76,14.3,0.02,0.02,0.093475,1776255387000
1776255390.098,90.098,0.25,13.9,0.24,14.3,0.27,5.0,0.28,5.0,0.73,5.0,0.72,5.0,0.75,13.9,0.76,14.3,0.02,0.02,0.093476,1776255389000
1776255391.501,91.501,0.26,13.5,0.25,18.9,0.28,5.0,0.29,5.0,0.72,5.0,0.71,5.0,0.74,13.5,0.75,18.9,0.02,0.02,0.093478,1776255390000
1776255392.358,92.358,0.26,13.5,0.25,18.9,0.28,5.0,0.29,5.0,0.72,5.0,0.71,5.0,0.74,13.5,0.75,18.9,0.02,0.02,0.093478,1776255391000
1776255392.946,92.946,0.27,13.2,0.26,13.5,0.28,1.42,0.29,5.0,0.72,5.0,0.71,5.0,0.74,13.5,0.75,18.9,0.01,0.02,0.093478,1776255391000
1776255393.18,93.18,0.27,13.2,0.26,13.5,0.28,1.42,0.29,5.0,0.72,1.42,0.71,5.0,0.73,13.2,0.74,13.5,0.01,0.01,0.093478,1776255392000
1776255394.001,94.001,0.27,13.2,0.26,13.5,0.28,1.42,0.29,5.0,0.72,1.42,0.71,5.0,0.73,13.2,0.74,13.5,0.01,0.01,0.093476,1776255393000
1776255395.342,95.342,0.27,13.2,0.26,13.5,0.28,1.42,0.29,5.0,0.72,1.42,0.71,5.0,0.73,13.2,0.74,13.5,0.01,0.01,0.093477,1776255394000
1776255396.098,96.098,0.27,13.2,0.26,13.5,0.28,1.42,0.29,5.0,0.72,1.42,0.71,5.0,0.73,13.2,0.74,13.5,0.01,0.01,0.093477,1776255395000
1776255397.552,97.552,0.27,13.2,0.26,13.5,0.28,1.42,0.29,5.0,0.72,1.42,0.71,5.0,0.73,13.2,0.74,13.5,0.01,0.01,0.093477,1776255396000
1776255398.352,98.352,0.27,13.2,0.26,13.5,0.28,1.42,0.29,5.0,0.72,1.42,0.71,5.0,0.73,13.2,0.74,13.5,0.01,0.01,0.093477,1776255397000
1776255399.019,99.019,0.27,13.2,0.26,13.5,0.28,1.42,0.29,5.0,0.72,1.42,0.71,5.0,0.73,13.2,0.74,13.5,0.01,0.01,0.093477,1776255398000
1776255400.351,100.351,0.27,13.2,0.26,13.5,0.28,1.42,0.29,5.0,0.72,1.42,0.71,5.0,0.73,13.2,0.74,13.5,0.01,0.01,0.093477,1776255399000
1776255401.542,101.542,0.27,13.2,0.26,13.5,0.28,1.42,0.29,5.0,0.72,1.42,0.71,5.0,0.73,13.2,0.74,13.5,0.01,0.01,0.093478,1776255400000
1776255402.435,102.435,0.27,13.2,0.26,13.5,0.28,1.42,0.29,5.0,0.72,1.42,0.71,5.0,0.73,13.2,0.74,13.5,0.01,0.01,0.093477,1776255401000
1776255403.777,103.777,0.27,13.2,0.26,13.5,0.28,1.42,0.29,5.0,0.72,1.42,0.71,5.0,0.73,13.2,0.74,13.5,0.01,0.01,0.093478,1776255402000
1776255404.414,104.414,0.27,13.2,0.26,13.5,0.28,1.42,0.29,5.0,0.72,1.42,0.71,5.0,0.73,13.2,0.74,13.5,0.01,0.01,0.09348,1776255403000
1776255404.946,104.946,0.27,13.2,0.26,13.5,0.28,1.42,0.29,5.0,0.72,1.42,0.71,5.0,0.73,13.2,0.74,13.5,0.01,0.01,0.09348,1776255404000
1776255405.482,105.482,0.42,5.0,0.41,5.0,0.45,10.0,0.46,15.0,0.72,1.42,0.71,5.0,0.73,13.2,0.74,13.5,0.03,0.01,0.09348,1776255404000
1776255406.222,106.222,0.3,12.4,0.29,12.6,0.35,2.41,0.36,5.0,0.55,10.0,0.54,15.0,0.59,5.0,0.6,5.0,0.05,0.04,0.09348,1776255404000
1776255406.717,106.717,0.3,12.4,0.29,12.6,0.35,2.41,0.36,5.0,0.65,2.41,0.64,5.0,0.7,12.4,0.71,12.6,0.05,0.05,0.093483,1776255405000
1776255407.327,107.327,0.3,12.4,0.29,12.6,0.35,2.41,0.36,5.0,0.65,2.41,0.64,5.0,0.7,12.4,0.71,12.6,0.05,0.05,0.093496,1776255406000
1776255407.919,107.919,0.3,12.4,0.29,12.6,0.35,2.41,0.36,5.0,0.65,2.41,0.64,5.0,0.7,12.4,0.71,12.6,0.05,0.05,0.093497,1776255407000
1776255409.03,109.03,0.3,12.4,0.29,12.6,0.35,2.41,0.36,5.0,0.65,2.41,0.64,5.0,0.7,12.4,0.71,12.6,0.05,0.05,0.093494,1776255408000
1776255409.504,109.504,0.43,5.0,0.42,5.0,0.47,2.86,0.48,10.0,0.65,2.41,0.64,5.0,0.7,12.4,0.71,12.6,0.04,0.05,0.093494,1776255408000
1776255409.887,109.887,0.5,7.79,0.48,5.0,0.51,55.0,0.52,15.0,0.51,0.61,0.5,10.0,0.55,5.0,0.56,5.0,0.01,0.04,0.093494,1776255408000
1776255410.928,110.928,0.5,7.79,0.48,5.0,0.51,55.0,0.52,15.0,0.49,55.0,0.48,15.0,0.5,7.79,0.52,5.0,0.01,0.01,0.093506,1776255409000
1776255411.681,111.681,0.5,59.1,0.49,5.0,0.51,55.0,0.52,15.0,0.49,55.0,0.48,15.0,0.5,59.1,0.51,5.0,0.01,0.01,0.093515,1776255410000
1776255412.342,112.342,0.5,53.8,0.49,5.0,0.51,50.0,0.52,10.0,0.49,50.0,0.48,10.0,0.5,53.8,0.51,5.0,0.01,0.01,0.093515,1776255411000
1776255413.082,113.082,0.5,53.8,0.49,5.0,0.51,50.0,0.52,10.0,0.49,50.0,0.48,10.0,0.5,53.8,0.51,5.0,0.01,0.01,0.093515,1776255412000
1776255413.489,113.489,0.54,5.0,0.53,5.0,0.55,9.0,0.56,10.0,0.49,50.0,0.48,10.0,0.5,53.8,0.51,5.0,0.01,0.01,0.093515,1776255412000
1776255414.474,114.474,0.54,5.0,0.53,5.0,0.55,9.0,0.56,10.0,0.45,9.0,0.44,10.0,0.46,5.0,0.47,5.0,0.01,0.01,0.093519,1776255413000
1776255415.226,115.226,0.53,5.0,0.52,5.0,0.56,15.0,0.57,15.0,0.45,9.0,0.44,10.0,0.46,5.0,0.47,5.0,0.03,0.01,0.093519,1776255413000
1776255415.856,115.856,0.55,5.0,0.54,5.0,0.56,8.21,0.57,15.0,0.44,15.0,0.43,15.0,0.47,5.0,0.48,5.0,0.01,0.03,0.093521,1776255414000
1776255416.069,116.069,0.55,5.0,0.54,5.0,0.56,8.21,0.57,15.0,0.44,8.21,0.43,15.0,0.45,5.0,0.46,5.0,0.01,0.01,0.093528,1776255415000
1776255417.455,117.455,0.55,5.0,0.54,5.0,0.56,8.21,0.57,15.0,0.44,8.21,0.43,15.0,0.45,5.0,0.46,5.0,0.01,0.01,0.093525,1776255416000
1776255418.172,118.172,0.55,5.0,0.54,5.0,0.56,8.21,0.57,15.0,0.44,8.21,0.43,15.0,0.45,5.0,0.46,5.0,0.01,0.01,0.093525,1776255417000
1776255418.543,118.543,0.5,58.8,0.49,5.0,0.51,21.0,0.55,5.0,0.44,8.21,0.43,15.0,0.45,5.0,0.46,5.0,0.01,0.01,0.093525,1776255417000
1776255419.586,119.586,0.5,58.8,0.49,5.0,0.51,21.0,0.55,5.0,0.49,21.0,0.45,5.0,0.5,58.8,0.51,5.0,0.01,0.01,0.093525,1776255418000
1776255420.25,120.25,0.5,58.8,0.49,5.0,0.51,21.0,0.55,5.0,0.49,21.0,0.45,5.0,0.5,58.8,0.51,5.0,0.01,0.01,0.093524,1776255419000
1776255421.517,121.517,0.5,58.8,0.49,5.0,0.51,15.9,0.59,5.0,0.49,15.9,0.41,5.0,0.5,58.8,0.51,5.0,0.01,0.01,0.093526,1776255420000
1776255422.223,122.223,0.5,58.8,0.49,5.0,0.51,15.9,0.59,5.0,0.49,15.9,0.41,5.0,0.5,58.8,0.51,5.0,0.01,0.01,0.093527,1776255421000
1776255423.181,123.181,0.5,58.8,0.49,5.0,0.51,10.9,0.61,5.0,0.49,10.9,0.39,5.0,0.5,58.8,0.51,5.0,0.01,0.01,0.093534,1776255422000
1776255424.561,124.561,0.5,58.8,0.49,15.4,0.51,5.8,0.62,5.0,0.49,5.8,0.38,5.0,0.5,58.8,0.51,15.4,0.01,0.01,0.09353,1776255423000
1776255425.364,125.364,0.5,58.8,0.49,15.4,0.51,5.8,0.62,5.0,0.49,5.8,0.38,5.0,0.5,58.8,0.51,15.4,0.01,0.01,0.09353,1776255424000
1776255426.844,126.844,0.5,58.8,0.49,15.4,0.51,5.8,0.62,5.0,0.49,5.8,0.38,5.0,0.5,58.8,0.51,15.4,0.01,0.01,0.09353,1776255425000
1776255427.967,127.967,0.5,58.8,0.49,15.4,0.51,5.8,0.62,5.0,0.49,5.8,0.38,5.0,0.5,58.8,0.51,15.4,0.01,0.01,0.093524,1776255426000
1776255428.711,128.711,0.5,58.8,0.49,15.4,0.51,5.8,0.62,5.0,0.49,5.8,0.38,5.0,0.5,58.8,0.51,15.4,0.01,0.01,0.093524,1776255427000
1776255429.422,129.422,0.5,58.8,0.49,15.4,0.51,5.8,0.62,5.0,0.49,5.8,0.38,5.0,0.5,58.8,0.51,15.4,0.01,0.01,0.093524,1776255428000
1776255430.161,130.161,0.5,58.8,0.49,15.4,0.51,5.8,0.62,5.0,0.49,5.8,0.38,5.0,0.5,58.8,0.51,15.4,0.01,0.01,0.093524,1776255429000
1776255431.408,131.408,0.5,58.8,0.49,15.4,0.51,5.8,0.62,5.0,0.49,5.8,0.38,5.0,0.5,58.8,0.51,15.4,0.01,0.01,0.093524,1776255430000
1776255431.993,131.993,0.5,58.8,0.49,15.4,0.51,5.8,0.62,5.0,0.49,5.8,0.38,5.0,0.5,58.8,0.51,15.4,0.01,0.01,0.093524,1776255431000
1776255433.286,133.286,0.5,58.8,0.49,15.4,0.51,5.8,0.62,5.0,0.49,5.8,0.38,5.0,0.5,58.8,0.51,15.4,0.01,0.01,0.093524,1776255432000
1776255434.558,134.558,0.5,58.8,0.49,15.4,0.51,5.8,0.62,5.0,0.49,5.8,0.38,5.0,0.5,58.8,0.51,15.4,0.01,0.01,0.093524,1776255433000
1776255435.311,135.311,0.5,58.8,0.49,15.4,0.51,5.8,0.62,5.0,0.49,5.8,0.38,5.0,0.5,58.8,0.51,15.4,0.01,0.01,0.09352,1776255434000
1776255436.517,136.517,0.5,58.8,0.49,15.4,0.51,5.8,0.62,5.0,0.49,5.8,0.38,5.0,0.5,58.8,0.51,15.4,0.01,0.01,0.093519,1776255435000
1776255437.204,137.204,0.5,58.8,0.49,15.4,0.51,5.8,0.62,5.0,0.49,5.8,0.38,5.0,0.5,58.8,0.51,15.4,0.01,0.01,0.09352,1776255436000
1776255438.205,138.205,0.5,58.8,0.49,5.0,0.67,11.8,0.68,11.9,0.49,5.8,0.38,5.0,0.5,58.8,0.51,15.4,0.17,0.01,0.09352,1776255436000
1776255438.407,138.407,0.5,58.8,0.49,5.0,0.67,11.8,0.68,11.9,0.33,11.8,0.32,11.9,0.5,58.8,0.51,5.0,0.17,0.17,0.093519,1776255437000
1776255438.954,138.954,0.65,5.0,0.64,5.0,0.67,11.8,0.68,11.9,0.33,11.8,0.32,11.9,0.5,58.8,0.51,5.0,0.02,0.17,0.093519,1776255437000
1776255440.168,140.168,0.65,5.0,0.64,5.0,0.67,11.8,0.68,11.9,0.33,11.8,0.32,11.9,0.35,5.0,0.36,5.0,0.02,0.02,0.093536,1776255439000
1776255441.426,141.426,0.65,5.0,0.64,5.0,0.67,11.8,0.68,11.9,0.33,11.8,0.32,11.9,0.35,5.0,0.36,5.0,0.02,0.02,0.093537,1776255440000
1776255442.048,142.048,0.65,5.0,0.64,5.0,0.67,11.8,0.68,11.9,0.33,11.8,0.32,11.9,0.35,5.0,0.36,5.0,0.02,0.02,0.093537,1776255441000
1776255443.082,143.082,0.65,5.0,0.64,5.0,0.67,11.8,0.68,11.9,0.33,11.8,0.32,11.9,0.35,5.0,0.36,5.0,0.02,0.02,0.093535,1776255442000
1776255444.245,144.245,0.65,5.0,0.64,5.0,0.67,11.8,0.68,11.9,0.33,11.8,0.32,11.9,0.35,5.0,0.36,5.0,0.02,0.02,0.093535,1776255443000
1776255445.32,145.32,0.65,5.0,0.64,5.0,0.67,11.8,0.68,11.9,0.33,11.8,0.32,11.9,0.35,5.0,0.36,5.0,0.02,0.02,0.093535,1776255444000
1776255446.408,146.408,0.65,5.0,0.64,5.0,0.67,11.8,0.68,11.9,0.33,11.8,0.32,11.9,0.35,5.0,0.36,5.0,0.02,0.02,0.093532,1776255445000
1776255447.108,147.108,0.65,5.0,0.64,5.0,0.67,11.8,0.68,11.9,0.33,11.8,0.32,11.9,0.35,5.0,0.36,5.0,0.02,0.02,0.093532,1776255446000
1776255448.264,148.264,0.65,5.0,0.64,5.0,0.67,11.8,0.68,11.9,0.33,11.8,0.32,11.9,0.35,5.0,0.36,5.0,0.02,0.02,0.093532,1776255447000
1776255449.245,149.245,0.65,5.0,0.64,5.0,0.67,11.8,0.68,11.9,0.33,11.8,0.32,11.9,0.35,5.0,0.36,5.0,0.02,0.02,0.093532,1776255448000
1776255450.818,150.818,0.65,5.0,0.64,5.0,0.67,11.8,0.68,11.9,0.33,11.8,0.32,11.9,0.35,5.0,0.36,5.0,0.02,0.02,0.093532,1776255449000
1776255451.479,151.479,0.65,5.0,0.64,5.0,0.67,11.8,0.68,11.9,0.33,11.8,0.32,11.9,0.35,5.0,0.36,5.0,0.02,0.02,0.093525,1776255450000
1776255452.285,152.285,0.65,5.0,0.64,5.0,0.67,11.8,0.68,11.9,0.33,11.8,0.32,11.9,0.35,5.0,0.36,5.0,0.02,0.02,0.093522,1776255451000
1776255452.56,152.56,0.65,3.28,0.64,5.0,0.66,11.6,0.67,11.8,0.33,11.8,0.32,11.9,0.35,5.0,0.36,5.0,0.01,0.02,0.093522,1776255451000
1776255453.393,153.393,0.65,3.28,0.64,5.0,0.66,11.6,0.67,11.8,0.34,11.6,0.33,11.8,0.35,3.28,0.36,5.0,0.01,0.01,0.093519,1776255452000
1776255454.231,154.231,0.65,3.28,0.64,5.0,0.66,11.6,0.67,11.8,0.34,11.6,0.33,11.8,0.35,3.28,0.36,5.0,0.01,0.01,0.093519,1776255453000
1776255455.156,155.156,0.65,3.28,0.64,5.0,0.66,11.6,0.67,11.8,0.34,11.6,0.33,11.8,0.35,3.28,0.36,5.0,0.01,0.01,0.093518,1776255454000
1776255456.245,156.245,0.65,3.28,0.64,5.0,0.66,11.6,0.67,11.8,0.34,11.6,0.33,11.8,0.35,3.28,0.36,5.0,0.01,0.01,0.093518,1776255455000
1776255457.409,157.409,0.65,3.28,0.64,5.0,0.66,11.6,0.67,11.8,0.34,11.6,0.33,11.8,0.35,3.28,0.36,5.0,0.01,0.01,0.093518,1776255456000
1776255457.945,157.945,0.65,3.28,0.64,5.0,0.66,11.6,0.67,11.8,0.34,11.6,0.33,11.8,0.35,3.28,0.36,5.0,0.01,0.01,0.093517,1776255457000
1776255459.743,159.743,0.65,3.28,0.64,5.0,0.66,11.6,0.67,11.8,0.34,11.6,0.33,11.8,0.35,3.28,0.36,5.0,0.01,0.01,0.093517,1776255458000
1776255460.178,160.178,0.5,49.92,0.46,5.0,0.51,92.0,0.52,5.0,0.34,11.6,0.33,11.8,0.35,3.28,0.36,5.0,0.01,0.01,0.093517,1776255458000
1776255461.582,161.582,0.5,49.92,0.46,5.0,0.51,92.0,0.52,5.0,0.49,92.0,0.48,5.0,0.5,49.92,0.54,5.0,0.01,0.01,0.093513,1776255460000
1776255462.196,162.196,0.5,49.92,0.46,5.0,0.51,92.0,0.52,5.0,0.49,92.0,0.48,5.0,0.5,49.92,0.54,5.0,0.01,0.01,0.093493,1776255461000
1776255463.298,163.298,0.5,49.92,0.46,5.0,0.51,92.0,0.52,5.0,0.49,92.0,0.48,5.0,0.5,49.92,0.54,5.0,0.01,0.01,0.093486,1776255462000
1776255463.891,163.891,0.5,49.92,0.46,5.0,0.51,92.0,0.52,5.0,0.49,92.0,0.48,5.0,0.5,49.92,0.54,5.0,0.01,0.01,0.093484,1776255463000
1776255464.865,164.865,0.5,36.54,0.49,5.0,0.51,92.0,0.52,5.0,0.49,92.0,0.48,5.0,0.5,39.92,0.52,5.0,0.01,0.01,0.093484,1776255463000
1776255465.088,165.088,0.5,36.54,0.49,5.0,0.51,92.0,0.52,5.0,0.49,92.0,0.48,5.0,0.5,36.54,0.51,5.0,0.01,0.01,0.093485,1776255464000
1776255467.307,167.307,0.5,36.54,0.49,5.0,0.51,92.0,0.52,5.0,0.49,92.0,0.48,5.0,0.5,36.54,0.51,5.0,0.01,0.01,0.09349,1776255466000
1776255468.379,168.379,0.5,36.54,0.49,5.0,0.51,92.0,0.52,5.0,0.49,92.0,0.48,5.0,0.5,36.54,0.51,5.0,0.01,0.01,0.09349,1776255467000
1776255468.839,168.839,0.5,36.54,0.49,5.0,0.51,31.17,0.55,10.5,0.49,92.0,0.48,5.0,0.5,36.54,0.51,5.0,0.01,0.01,0.09349,1776255467000
1776255470.17,170.17,0.55,3.0,0.54,5.0,0.57,31.6,0.58,16.7,0.49,31.17,0.45,10.5,0.5,36.54,0.51,5.0,0.02,0.01,0.09349,1776255468000
1776255471.025,171.025,0.55,3.0,0.54,5.0,0.57,31.6,0.58,16.7,0.43,31.6,0.42,16.7,0.45,3.0,0.46,5.0,0.02,0.02,0.093515,1776255470000
1776255472.155,172.155,0.55,3.0,0.54,5.0,0.57,31.6,0.58,16.7,0.43,31.6,0.42,16.7,0.45,3.0,0.46,5.0,0.02,0.02,0.093515,1776255471000
1776255473.295,173.295,0.56,5.0,0.55,3.0,0.57,24.17,0.58,16.7,0.43,31.6,0.42,16.7,0.45,3.0,0.46,5.0,0.01,0.02,0.093515,1776255471000
1776255473.501,173.501,0.56,5.0,0.55,3.0,0.57,24.17,0.58,16.7,0.43,24.17,0.42,16.7,0.44,5.0,0.45,3.0,0.01,0.01,0.093516,1776255472000
1776255474.027,174.027,0.56,5.0,0.55,3.0,0.57,14.63,0.58,6.0,0.43,24.17,0.42,16.7,0.44,5.0,0.45,3.0,0.01,0.01,0.093516,1776255472000
1776255474.438,174.438,0.56,5.0,0.55,3.0,0.57,14.63,0.58,6.0,0.43,14.63,0.42,6.0,0.44,5.0,0.45,3.0,0.01,0.01,0.093515,1776255473000
1776255475.159,175.159,0.56,5.0,0.55,3.0,0.57,14.63,0.58,6.0,0.43,14.63,0.42,6.0,0.44,5.0,0.45,3.0,0.01,0.01,0.093515,1776255474000
1776255476.232,176.232,0.56,5.0,0.55,3.0,0.57,14.63,0.58,6.0,0.43,14.63,0.42,6.0,0.44,5.0,0.45,3.0,0.01,0.01,0.093525,1776255475000
1776255477.483,177.483,0.56,5.0,0.55,3.0,0.57,14.63,0.58,6.0,0.43,14.63,0.42,6.0,0.44,5.0,0.45,3.0,0.01,0.01,0.093525,1776255476000
1776255477.979,177.979,0.56,5.0,0.55,3.0,0.57,14.63,0.58,6.0,0.43,14.63,0.42,6.0,0.44,5.0,0.45,3.0,0.01,0.01,0.093525,1776255477000
1776255479.145,179.145,0.56,5.0,0.55,3.0,0.57,14.63,0.58,6.0,0.43,14.63,0.42,6.0,0.44,5.0,0.45,3.0,0.01,0.01,0.093525,1776255478000
1776255480.304,180.304,0.56,5.0,0.55,3.0,0.57,14.63,0.58,6.0,0.43,14.63,0.42,6.0,0.44,5.0,0.45,3.0,0.01,0.01,0.093524,1776255479000
1776255480.863,180.863,0.56,5.0,0.55,3.0,0.57,14.63,0.58,6.0,0.43,14.63,0.42,6.0,0.44,5.0,0.45,3.0,0.01,0.01,0.093525,1776255480000
1776255481.17,181.17,0.57,5.0,0.56,5.0,0.67,11.8,0.68,16.9,0.43,14.63,0.42,6.0,0.44,5.0,0.45,3.0,0.1,0.01,0.093525,1776255480000
1776255482.056,182.056,0.57,5.0,0.56,5.0,0.67,11.8,0.68,16.9,0.33,11.8,0.32,16.9,0.43,5.0,0.44,5.0,0.1,0.1,0.093527,1776255481000
1776255483.149,183.149,0.57,5.0,0.56,5.0,0.67,11.8,0.68,16.9,0.33,11.8,0.32,16.9,0.43,5.0,0.44,5.0,0.1,0.1,0.093535,1776255482000
1776255484.322,184.322,0.57,5.0,0.56,5.0,0.67,11.8,0.68,16.9,0.33,11.8,0.32,16.9,0.43,5.0,0.44,5.0,0.1,0.1,0.093535,1776255483000
1776255485.48,185.48,0.57,5.0,0.56,5.0,0.67,11.8,0.68,16.9,0.33,11.8,0.32,16.9,0.43,5.0,0.44,5.0,0.1,0.1,0.093535,1776255484000
1776255485.961,185.961,0.57,5.0,0.56,5.0,0.67,11.8,0.68,16.9,0.33,11.8,0.32,16.9,0.43,5.0,0.44,5.0,0.1,0.1,0.093535,1776255485000
1776255487.072,187.072,0.57,5.0,0.56,5.0,0.67,11.8,0.68,16.9,0.33,11.8,0.32,16.9,0.43,5.0,0.44,5.0,0.1,0.1,0.093535,1776255486000
1776255488.146,188.146,0.57,5.0,0.56,5.0,0.67,11.8,0.68,16.9,0.33,11.8,0.32,16.9,0.43,5.0,0.44,5.0,0.1,0.1,0.093535,1776255487000
1776255489.297,189.297,0.57,5.0,0.56,5.0,0.67,11.8,0.68,16.9,0.33,11.8,0.32,16.9,0.43,5.0,0.44,5.0,0.1,0.1,0.093535,1776255488000
1776255489.852,189.852,0.57,5.0,0.56,5.0,0.67,11.8,0.68,16.9,0.33,11.8,0.32,16.9,0.43,5.0,0.44,5.0,0.1,0.1,0.093535,1776255489000
1776255490.997,190.997,0.57,5.0,0.56,5.0,0.67,11.8,0.68,16.9,0.33,11.8,0.32,16.9,0.43,5.0,0.44,5.0,0.1,0.1,0.093534,1776255490000
1776255492.078,192.078,0.57,5.0,0.56,5.0,0.67,11.8,0.68,16.9,0.33,11.8,0.32,16.9,0.43,5.0,0.44,5.0,0.1,0.1,0.093535,1776255491000
1776255492.525,192.525,0.5,35.62,0.49,5.0,0.59,16.0,0.6,5.0,0.33,11.8,0.32,16.9,0.43,5.0,0.44,5.0,0.09,0.1,0.093535,1776255491000
1776255493.161,193.161,0.5,35.62,0.49,5.0,0.59,16.0,0.6,5.0,0.41,16.0,0.4,5.0,0.5,35.62,0.51,5.0,0.09,0.09,0.093535,1776255492000
1776255494.317,194.317,0.5,35.62,0.49,5.0,0.59,16.0,0.6,5.0,0.41,16.0,0.4,5.0,0.5,35.62,0.51,5.0,0.09,0.09,0.093518,1776255493000
1776255495.344,195.344,0.5,35.62,0.49,5.0,0.59,16.0,0.6,5.0,0.41,16.0,0.4,5.0,0.5,35.62,0.51,5.0,0.09,0.09,0.093511,1776255494000
1776255495.91,195.91,0.5,35.62,0.49,5.0,0.59,16.0,0.6,5.0,0.41,16.0,0.4,5.0,0.5,35.62,0.51,5.0,0.09,0.09,0.093513,1776255495000
1776255496.998,196.998,0.5,35.62,0.49,5.0,0.59,16.0,0.6,5.0,0.41,16.0,0.4,5.0,0.5,35.62,0.51,5.0,0.09,0.09,0.093512,1776255496000
1776255497.95,197.95,0.5,35.62,0.49,5.0,0.59,16.0,0.6,5.0,0.41,16.0,0.4,5.0,0.5,35.62,0.51,5.0,0.09,0.09,0.093509,1776255497000
1776255498.991,198.991,0.5,35.62,0.49,5.0,0.59,16.0,0.6,5.0,0.41,16.0,0.4,5.0,0.5,35.62,0.51,5.0,0.09,0.09,0.093506,1776255498000
1776255500.086,200.086,0.5,35.62,0.49,5.0,0.59,16.0,0.6,5.0,0.41,16.0,0.4,5.0,0.5,35.62,0.51,5.0,0.09,0.09,0.093502,1776255499000
1776255501.057,201.057,0.5,35.62,0.49,5.0,0.59,16.0,0.6,5.0,0.41,16.0,0.4,5.0,0.5,35.62,0.51,5.0,0.09,0.09,0.093504,1776255500000
1776255502.116,202.116,0.5,35.62,0.49,5.0,0.59,16.0,0.6,5.0,0.41,16.0,0.4,5.0,0.5,35.62,0.51,5.0,0.09,0.09,0.093502,1776255501000
1776255503.132,203.132,0.5,35.62,0.49,5.0,0.59,16.0,0.6,5.0,0.41,16.0,0.4,5.0,0.5,35.62,0.51,5.0,0.09,0.09,0.093502,1776255502000
1776255504.184,204.184,0.5,35.62,0.49,5.0,0.59,16.0,0.6,5.0,0.41,16.0,0.4,5.0,0.5,35.62,0.51,5.0,0.09,0.09,0.093502,1776255503000
1776255505.425,205.425,0.5,35.62,0.49,5.0,0.59,16.0,0.6,5.0,0.41,16.0,0.4,5.0,0.5,35.62,0.51,5.0,0.09,0.09,0.093506,1776255504000
1776255505.803,205.803,0.5,25.52,0.4,5.0,0.51,77.4,0.52,15.4,0.41,16.0,0.4,5.0,0.5,35.62,0.51,5.0,0.01,0.09,0.093506,1776255504000
1776255506.418,206.418,0.5,20.42,0.33,5.0,0.51,77.4,0.52,15.4,0.49,77.4,0.48,15.4,0.5,25.52,0.6,5.0,0.01,0.01,0.093506,1776255505000
1776255507.041,207.041,0.5,4.82,0.33,5.0,0.51,77.4,0.52,15.4,0.49,77.4,0.48,15.4,0.5,4.82,0.67,5.0,0.01,0.01,0.093506,1776255506000
1776255508.795,208.795,0.3,5.0,0.29,5.0,0.51,77.4,0.52,15.4,0.49,77.4,0.48,15.4,0.5,4.82,0.67,5.0,0.21,0.01,0.093506,1776255506000
1776255509.232,209.232,0.3,5.0,0.29,5.0,0.51,77.4,0.52,15.4,0.49,77.4,0.48,15.4,0.7,5.0,0.71,5.0,0.21,0.21,0.093503,1776255507000
1776255510.091,210.091,0.28,0.9,0.27,5.0,0.32,5.0,0.33,5.0,0.49,77.4,0.48,15.4,0.7,5.0,0.71,5.0,0.04,0.21,0.093494,1776255508000
1776255510.32,210.32,0.28,0.9,0.27,5.0,0.32,5.0,0.33,5.0,0.68,5.0,0.67,5.0,0.72,0.9,0.73,5.0,0.04,0.04,0.093488,1776255509000
1776255511.466,211.466,0.28,0.9,0.27,5.0,0.32,5.0,0.33,5.0,0.68,5.0,0.67,5.0,0.72,0.9,0.73,5.0,0.04,0.04,0.093488,1776255510000
1776255512.077,212.077,0.28,0.9,0.27,5.0,0.32,5.0,0.33,5.0,0.68,5.0,0.67,5.0,0.72,0.9,0.73,5.0,0.04,0.04,0.093487,1776255511000
1776255513.184,213.184,0.28,0.9,0.27,5.0,0.32,5.0,0.33,5.0,0.68,5.0,0.67,5.0,0.72,0.9,0.73,5.0,0.04,0.04,0.093488,1776255512000
1776255514.181,214.181,0.28,0.9,0.27,5.0,0.32,5.0,0.33,5.0,0.68,5.0,0.67,5.0,0.72,0.9,0.73,5.0,0.04,0.04,0.093487,1776255513000
1776255515.396,215.396,0.28,0.9,0.27,5.0,0.32,5.0,0.33,5.0,0.68,5.0,0.67,5.0,0.72,0.9,0.73,5.0,0.04,0.04,0.093485,1776255514000
1776255516.3,216.3,0.28,0.9,0.27,5.0,0.32,5.0,0.33,5.0,0.68,5.0,0.67,5.0,0.72,0.9,0.73,5.0,0.04,0.04,0.093483,1776255515000
1776255517.376,217.376,0.28,0.9,0.27,5.0,0.32,5.0,0.33,5.0,0.68,5.0,0.67,5.0,0.72,0.9,0.73,5.0,0.04,0.04,0.093484,1776255516000
1776255517.924,217.924,0.28,0.9,0.27,5.0,0.32,5.0,0.33,5.0,0.68,5.0,0.67,5.0,0.72,0.9,0.73,5.0,0.04,0.04,0.093485,1776255517000
1776255519.597,219.597,0.28,0.9,0.27,5.0,0.32,5.0,0.33,5.0,0.68,5.0,0.67,5.0,0.72,0.9,0.73,5.0,0.04,0.04,0.093484,1776255518000
1776255520.216,220.216,0.28,0.9,0.27,5.0,0.32,5.0,0.33,5.0,0.68,5.0,0.67,5.0,0.72,0.9,0.73,5.0,0.04,0.04,0.093483,1776255519000
1776255521.317,221.317,0.28,0.9,0.27,5.0,0.32,5.0,0.33,5.0,0.68,5.0,0.67,5.0,0.72,0.9,0.73,5.0,0.04,0.04,0.093485,1776255520000
1776255521.915,221.915,0.28,0.9,0.27,5.0,0.32,5.0,0.33,5.0,0.68,5.0,0.67,5.0,0.72,0.9,0.73,5.0,0.04,0.04,0.093485,1776255521000
1776255523.31,223.31,0.28,0.9,0.27,5.0,0.32,5.0,0.33,5.0,0.68,5.0,0.67,5.0,0.72,0.9,0.73,5.0,0.04,0.04,0.093481,1776255522000
1776255524.028,224.028,0.28,0.9,0.27,5.0,0.32,5.0,0.33,5.0,0.68,5.0,0.67,5.0,0.72,0.9,0.73,5.0,0.04,0.04,0.093477,1776255523000
1776255524.64,224.64,0.21,0.46,0.15,5.0,0.22,5.0,0.23,5.0,0.68,5.0,0.67,5.0,0.72,0.9,0.73,5.0,0.01,0.04,0.093477,1776255523000
1776255525.216,225.216,0.21,0.46,0.15,5.0,0.22,5.0,0.23,5.0,0.78,5.0,0.77,5.0,0.79,0.46,0.85,5.0,0.01,0.01,0.093467,1776255524000
1776255526.42,226.42,0.21,0.46,0.15,5.0,0.22,5.0,0.23,5.0,0.78,5.0,0.77,5.0,0.79,0.46,0.85,5.0,0.01,0.01,0.093469,1776255525000
1776255527.117,227.117,0.21,0.46,0.15,5.0,0.22,5.0,0.23,5.0,0.78,5.0,0.77,5.0,0.79,0.46,0.85,5.0,0.01,0.01,0.093471,1776255526000
1776255528.059,228.059,0.14,21.6,0.13,23.0,0.22,5.0,0.23,5.0,0.78,5.0,0.77,5.0,0.79,0.46,0.85,5.0,0.08,0.01,0.093471,1776255526000
1776255528.359,228.359,0.14,21.6,0.13,23.0,0.22,5.0,0.23,5.0,0.78,5.0,0.77,5.0,0.86,21.6,0.87,23.0,0.08,0.08,0.093475,1776255527000
1776255528.961,228.961,0.14,14.7,0.13,23.0,0.15,5.0,0.16,5.0,0.85,5.0,0.84,5.0,0.86,14.7,0.87,23.0,0.01,0.01,0.093475,1776255528000
1776255530.074,230.074,0.14,14.7,0.13,23.0,0.15,5.0,0.16,5.0,0.85,5.0,0.84,5.0,0.86,14.7,0.87,23.0,0.01,0.01,0.093469,1776255529000
1776255531.473,231.473,0.14,14.7,0.13,23.0,0.15,5.0,0.16,5.0,0.85,5.0,0.84,5.0,0.86,14.7,0.87,23.0,0.01,0.01,0.093468,1776255530000
1776255532.147,232.147,0.14,14.7,0.13,23.0,0.15,5.0,0.16,5.0,0.85,5.0,0.84,5.0,0.86,14.7,0.87,23.0,0.01,0.01,0.093468,1776255531000
1776255533.406,233.406,0.14,14.7,0.13,23.0,0.15,5.0,0.16,5.0,0.85,5.0,0.84,5.0,0.86,14.7,0.87,23.0,0.01,0.01,0.093468,1776255532000
1776255534.056,234.056,0.14,14.7,0.13,23.0,0.15,5.0,0.16,5.0,0.85,5.0,0.84,5.0,0.86,14.7,0.87,23.0,0.01,0.01,0.093468,1776255533000
1776255534.882,234.882,0.1,27.78,0.09,31.7,0.11,5.0,0.12,5.0,0.85,5.0,0.84,5.0,0.86,14.7,0.87,23.0,0.01,0.01,0.093468,1776255533000
1776255535.951,235.951,0.1,27.78,0.09,31.7,0.11,5.0,0.12,5.0,0.89,5.0,0.88,5.0,0.9,27.78,0.91,31.7,0.01,0.01,0.093473,1776255535000
1776255536.467,236.467,0.09,31.7,0.08,35.29,0.11,5.0,0.12,5.0,0.89,5.0,0.88,5.0,0.9,27.78,0.91,31.7,0.02,0.01,0.093473,1776255535000
1776255536.907,236.907,0.09,30.6,0.08,35.29,0.1,5.0,0.11,5.0,0.89,5.0,0.88,5.0,0.91,31.7,0.92,35.29,0.01,0.02,0.093473,1776255535000
1776255537.988,237.988,0.09,30.6,0.08,35.29,0.1,5.0,0.11,5.0,0.9,5.0,0.89,5.0,0.91,30.6,0.92,35.29,0.01,0.01,0.09346,1776255537000
1776255538.862,238.862,0.09,30.6,0.08,35.29,0.1,5.0,0.11,5.0,0.9,5.0,0.89,5.0,0.91,30.6,0.92,35.29,0.01,0.01,0.09346,1776255538000
1776255539.86,239.86,0.09,30.6,0.08,35.29,0.1,5.0,0.11,5.0,0.9,5.0,0.89,5.0,0.91,30.6,0.92,35.29,0.01,0.01,0.093457,1776255539000
1776255540.619,240.619,0.08,30.29,0.07,39.9,0.09,5.0,0.1,5.0,0.9,5.0,0.89,5.0,0.91,30.6,0.92,35.29,0.01,0.01,0.093457,1776255539000
1776255540.88,240.88,0.08,30.29,0.07,39.9,0.09,5.0,0.1,5.0,0.91,5.0,0.9,5.0,0.92,30.29,0.93,39.9,0.01,0.01,0.093458,1776255540000
1776255541.322,241.322,0.08,28.11,0.07,39.9,0.09,5.0,0.1,5.0,0.91,5.0,0.9,5.0,0.92,30.29,0.93,39.9,0.01,0.01,0.093458,1776255540000
1776255542.263,242.263,0.08,28.11,0.07,39.9,0.09,5.0,0.1,5.0,0.91,5.0,0.9,5.0,0.92,28.11,0.93,39.9,0.01,0.01,0.093457,1776255541000
1776255543.297,243.297,0.08,25.77,0.07,39.9,0.09,5.0,0.1,5.0,0.91,5.0,0.9,5.0,0.92,25.77,0.93,39.9,0.01,0.01,0.093462,1776255542000
1776255544.203,244.203,0.08,25.77,0.07,39.9,0.09,5.0,0.1,5.0,0.91,5.0,0.9,5.0,0.92,25.77,0.93,39.9,0.01,0.01,0.093462,1776255543000
1776255545.186,245.186,0.08,25.77,0.07,39.9,0.09,5.0,0.1,5.0,0.91,5.0,0.9,5.0,0.92,25.77,0.93,39.9,0.01,0.01,0.093463,1776255544000
1776255546.202,246.202,0.08,25.77,0.07,39.9,0.09,5.0,0.1,5.0,0.91,5.0,0.9,5.0,0.92,25.77,0.93,39.9,0.01,0.01,0.093466,1776255545000
1776255547.126,247.126,0.08,25.77,0.07,39.9,0.09,5.0,0.1,5.0,0.91,5.0,0.9,5.0,0.92,25.77,0.93,39.9,0.01,0.01,0.093466,1776255546000
1776255548.523,248.523,0.08,25.77,0.07,39.9,0.09,5.0,0.1,5.0,0.91,5.0,0.9,5.0,0.92,25.77,0.93,39.9,0.01,0.01,0.093457,1776255547000
1776255549.031,249.031,0.08,25.77,0.07,39.9,0.09,5.0,0.1,5.0,0.91,5.0,0.9,5.0,0.92,25.77,0.93,39.9,0.01,0.01,0.093465,1776255548000
1776255550.115,250.115,0.08,25.77,0.07,39.9,0.09,5.0,0.1,5.0,0.91,5.0,0.9,5.0,0.92,25.77,0.93,39.9,0.01,0.01,0.093464,1776255549000
1776255551.249,251.249,0.08,25.77,0.07,39.9,0.09,5.0,0.1,5.0,0.91,5.0,0.9,5.0,0.92,25.77,0.93,39.9,0.01,0.01,0.093464,1776255550000
1776255552.207,252.207,0.08,25.77,0.07,39.9,0.09,5.0,0.1,5.0,0.91,5.0,0.9,5.0,0.92,25.77,0.93,39.9,0.01,0.01,0.093462,1776255551000
1776255553.514,253.514,0.08,25.77,0.07,39.9,0.09,5.0,0.1,5.0,0.91,5.0,0.9,5.0,0.92,25.77,0.93,39.9,0.01,0.01,0.093462,1776255552000
1776255554.48,254.48,0.07,31.89,0.06,46.1,0.08,5.0,0.09,5.0,0.92,5.0,0.91,5.0,0.93,31.89,0.94,46.1,0.01,0.01,0.093462,1776255553000
1776255555.0,255.0,0.07,31.89,0.06,46.1,0.08,5.0,0.09,5.0,0.92,5.0,0.91,5.0,0.93,31.89,0.94,46.1,0.01,0.01,0.093462,1776255554000
1776255555.417,255.417,0.07,0.23,0.06,46.1,0.08,5.0,0.09,5.0,0.92,5.0,0.91,5.0,0.93,31.89,0.94,46.1,0.01,0.01,0.093462,1776255554000
1776255556.073,256.073,0.07,0.23,0.06,46.1,0.08,5.0,0.09,5.0,0.92,5.0,0.91,5.0,0.93,0.23,0.94,46.1,0.01,0.01,0.093463,1776255555000
1776255556.848,256.848,0.06,45.03,0.05,54.7,0.07,5.0,0.08,5.0,0.92,5.0,0.91,5.0,0.93,0.23,0.94,46.1,0.01,0.01,0.093463,1776255555000
1776255557.165,257.165,0.06,45.03,0.05,54.7,0.07,5.0,0.08,5.0,0.93,5.0,0.92,5.0,0.94,45.03,0.95,54.7,0.01,0.01,0.093465,1776255556000
1776255558.349,258.349,0.06,45.03,0.05,54.7,0.07,5.0,0.08,5.0,0.93,5.0,0.92,5.0,0.94,45.03,0.95,54.7,0.01,0.01,0.093465,1776255557000
1776255559.379,259.379,0.06,45.03,0.05,54.7,0.07,5.0,0.08,5.0,0.93,5.0,0.92,5.0,0.94,45.03,0.95,54.7,0.01,0.01,0.093465,1776255558000
1776255559.877,259.877,0.06,29.71,0.05,54.7,0.07,5.0,0.08,5.0,0.93,5.0,0.92,5.0,0.94,45.03,0.95,54.7,0.01,0.01,0.093465,1776255558000
1776255560.326,260.326,0.06,29.71,0.05,54.7,0.07,5.0,0.08,5.0,0.93,5.0,0.92,5.0,0.94,29.71,0.95,54.7,0.01,0.01,0.093465,1776255559000
1776255560.946,260.946,0.06,29.71,0.05,54.7,0.07,5.0,0.08,5.0,0.93,5.0,0.92,5.0,0.94,29.71,0.95,54.7,0.01,0.01,0.093465,1776255560000
1776255562.602,262.602,0.06,29.71,0.05,54.7,0.07,5.0,0.08,5.0,0.93,5.0,0.92,5.0,0.94,29.71,0.95,54.7,0.01,0.01,0.093465,1776255561000
1776255563.093,263.093,0.06,29.71,0.05,54.7,0.07,5.0,0.08,5.0,0.93,5.0,0.92,5.0,0.94,29.71,0.95,54.7,0.01,0.01,0.093465,1776255562000
1776255564.196,264.196,0.06,29.71,0.05,54.7,0.07,5.0,0.08,5.0,0.93,5.0,0.92,5.0,0.94,29.71,0.95,54.7,0.01,0.01,0.093459,1776255563000
1776255565.242,265.242,0.06,29.71,0.05,54.7,0.07,5.0,0.08,5.0,0.93,5.0,0.92,5.0,0.94,29.71,0.95,54.7,0.01,0.01,0.093465,1776255564000
1776255566.307,266.307,0.06,29.71,0.05,54.7,0.07,5.0,0.08,5.0,0.93,5.0,0.92,5.0,0.94,29.71,0.95,54.7,0.01,0.01,0.093459,1776255565000
1776255566.537,266.537,0.05,29.85,0.04,77.7,0.06,5.0,0.07,5.0,0.93,5.0,0.92,5.0,0.94,29.71,0.95,54.7,0.01,0.01,0.093459,1776255565000
1776255567.383,267.383,0.05,29.85,0.04,77.7,0.06,5.0,0.07,5.0,0.94,5.0,0.93,5.0,0.95,29.85,0.96,77.7,0.01,0.01,0.093473,1776255566000
1776255567.955,267.955,0.05,29.85,0.04,77.7,0.06,5.0,0.07,5.0,0.94,5.0,0.93,5.0,0.95,29.85,0.96,77.7,0.01,0.01,0.093486,1776255567000
1776255568.428,268.428,0.05,29.85,0.04,77.7,0.07,5.0,0.08,5.0,0.94,5.0,0.93,5.0,0.95,29.85,0.96,77.7,0.02,0.01,0.093486,1776255567000
1776255569.029,269.029,0.05,29.85,0.04,77.7,0.07,5.0,0.08,5.0,0.93,5.0,0.92,5.0,0.95,29.85,0.96,77.7,0.02,0.02,0.093489,1776255568000
1776255570.163,270.163,0.05,29.85,0.04,77.7,0.07,5.0,0.08,5.0,0.93,5.0,0.92,5.0,0.95,29.85,0.96,77.7,0.02,0.02,0.093488,1776255569000
1776255570.427,270.427,0.06,46.1,0.05,24.85,0.08,5.0,0.09,5.0,0.93,5.0,0.92,5.0,0.95,29.85,0.96,77.7,0.02,0.02,0.093488,1776255569000
1776255571.324,271.324,0.06,46.1,0.05,24.85,0.08,5.0,0.09,5.0,0.92,5.0,0.91,5.0,0.94,46.1,0.95,24.85,0.02,0.02,0.093485,1776255570000
1776255572.317,272.317,0.06,46.1,0.05,24.85,0.08,5.0,0.09,5.0,0.92,5.0,0.91,5.0,0.94,46.1,0.95,24.85,0.02,0.02,0.093486,1776255571000
1776255572.882,272.882,0.06,46.1,0.05,24.85,0.08,5.0,0.09,5.0,0.92,5.0,0.91,5.0,0.94,46.1,0.95,24.85,0.02,0.02,0.093486,1776255572000
1776255573.979,273.979,0.06,46.1,0.05,24.85,0.08,5.0,0.09,5.0,0.92,5.0,0.91,5.0,0.94,46.1,0.95,24.85,0.02,0.02,0.093486,1776255573000
1776255574.512,274.512,0.06,46.1,0.05,29.85,0.08,5.0,0.09,5.0,0.92,5.0,0.91,5.0,0.94,46.1,0.95,24.85,0.02,0.02,0.093486,1776255573000
1776255575.032,275.032,0.06,46.1,0.05,29.85,0.08,5.0,0.09,5.0,0.92,5.0,0.91,5.0,0.94,46.1,0.95,29.85,0.02,0.02,0.093486,1776255574000
1776255576.651,276.651,0.06,46.1,0.05,29.85,0.08,5.0,0.09,5.0,0.92,5.0,0.91,5.0,0.94,46.1,0.95,29.85,0.02,0.02,0.093484,1776255575000
1776255577.132,277.132,0.06,46.1,0.05,29.85,0.08,5.0,0.09,5.0,0.92,5.0,0.91,5.0,0.94,46.1,0.95,29.85,0.02,0.02,0.093487,1776255576000
1776255577.34,277.34,0.07,15.0,0.06,5.0,0.09,5.0,0.1,5.0,0.92,5.0,0.91,5.0,0.94,46.1,0.95,29.85,0.02,0.02,0.093487,1776255576000
1776255578.265,278.265,0.07,15.0,0.06,5.0,0.09,5.0,0.1,5.0,0.91,5.0,0.9,5.0,0.93,15.0,0.94,5.0,0.02,0.02,0.093486,1776255577000
1776255579.286,279.286,0.07,15.0,0.06,5.0,0.09,5.0,0.1,5.0,0.91,5.0,0.9,5.0,0.93,15.0,0.94,5.0,0.02,0.02,0.093485,1776255578000
1776255580.324,280.324,0.07,15.0,0.06,5.0,0.09,5.0,0.1,5.0,0.91,5.0,0.9,5.0,0.93,15.0,0.94,5.0,0.02,0.02,0.093487,1776255579000
1776255580.687,280.687,0.09,2.8,0.08,18.0,0.1,5.0,0.11,5.0,0.91,5.0,0.9,5.0,0.93,15.0,0.94,5.0,0.01,0.02,0.093487,1776255579000
1776255580.967,280.967,0.09,2.8,0.08,18.0,0.1,5.0,0.11,5.0,0.9,5.0,0.89,5.0,0.91,2.8,0.92,18.0,0.01,0.01,0.093486,1776255580000
1776255582.076,282.076,0.09,2.8,0.08,18.0,0.1,5.0,0.11,5.0,0.9,5.0,0.89,5.0,0.91,2.8,0.92,18.0,0.01,0.01,0.093486,1776255581000
1776255582.365,282.365,0.07,5.0,0.06,5.0,0.1,5.0,0.11,5.0,0.9,5.0,0.89,5.0,0.91,2.8,0.92,18.0,0.03,0.01,0.093486,1776255581000
1776255583.086,283.086,0.07,5.0,0.06,5.0,0.1,5.0,0.11,5.0,0.9,5.0,0.89,5.0,0.93,5.0,0.94,5.0,0.03,0.03,0.093491,1776255582000
1776255584.042,284.042,0.07,5.0,0.06,5.0,0.1,5.0,0.11,5.0,0.9,5.0,0.89,5.0,0.93,5.0,0.94,5.0,0.03,0.03,0.093493,1776255583000
1776255585.031,285.031,0.07,5.0,0.06,5.0,0.1,5.0,0.11,5.0,0.9,5.0,0.89,5.0,0.93,5.0,0.94,5.0,0.03,0.03,0.093493,1776255584000
1776255586.125,286.125,0.07,5.0,0.06,5.0,0.1,5.0,0.11,5.0,0.9,5.0,0.89,5.0,0.93,5.0,0.94,5.0,0.03,0.03,0.093493,1776255585000
1776255586.452,286.452,0.07,5.0,0.06,5.0,0.09,5.0,0.1,5.0,0.9,5.0,0.89,5.0,0.93,5.0,0.94,5.0,0.02,0.03,0.093493,1776255585000
1776255587.09,287.09,0.07,5.0,0.06,5.0,0.09,5.0,0.1,5.0,0.91,5.0,0.9,5.0,0.93,5.0,0.94,5.0,0.02,0.02,0.093493,1776255586000
1776255588.11,288.11,0.07,5.0,0.06,5.0,0.09,5.0,0.1,5.0,0.91,5.0,0.9,5.0,0.93,5.0,0.94,5.0,0.02,0.02,0.093493,1776255587000
1776255589.178,289.178,0.07,5.0,0.06,5.0,0.09,5.0,0.1,5.0,0.91,5.0,0.9,5.0,0.93,5.0,0.94,5.0,0.02,0.02,0.093487,1776255588000
1776255590.571,290.571,0.06,5.0,0.05,5.0,0.09,5.0,0.1,5.0,0.91,5.0,0.9,5.0,0.93,5.0,0.94,5.0,0.03,0.02,0.093487,1776255589000
1776255593.824,293.824,0.03,39.02,0.02,20.0,0.08,5.0,0.09,5.0,0.91,5.0,0.9,5.0,0.94,5.0,0.95,5.0,0.05,0.03,0.093482,1776255592000
1776255595.273,295.273,0.03,33.97,0.02,20.0,0.05,10.0,0.06,5.0,0.92,5.0,0.91,5.0,0.97,39.02,0.98,20.0,0.02,0.05,0.093482,1776255594000
1776255596.126,296.126,0.02,20.0,0.01,180.0,0.05,10.0,0.06,5.0,0.95,10.0,0.94,5.0,0.97,33.97,0.98,20.0,0.03,0.02,0.093482,1776255595000
1776255596.409,296.409,0.02,18.87,0.01,180.0,0.04,5.0,0.05,10.0,0.95,10.0,0.94,5.0,0.98,20.0,0.99,180.0,0.02,0.03,0.093482,1776255595000
1776255596.784,296.784,0.01,180.0,,,0.04,10.0,0.05,10.0,0.96,5.0,0.95,10.0,0.98,11.84,0.99,180.0,0.03,0.02,0.093482,1776255595000
1776255597.233,297.233,0.01,90.7,,,0.03,5.0,0.04,10.0,0.96,10.0,0.95,10.0,0.99,180.0,,,0.02,0.03,0.093479,1776255596000
1776255597.475,297.475,0.01,85.7,,,0.03,10.0,0.04,10.0,0.97,5.0,0.96,10.0,0.99,90.7,,,0.02,0.02,0.093479,1776255596000
1776255597.697,297.697,0.01,56.0,,,0.03,10.0,0.04,10.0,0.97,10.0,0.96,10.0,0.99,66.0,,,0.02,0.02,0.093479,1776255596000
1776255597.915,297.915,,,,,0.01,949.0,0.03,10.0,0.97,10.0,0.96,10.0,0.99,51.0,,,,0.02,0.093479,1776255596000
1776255598.271,298.271,,,,,0.01,1084.67,0.02,5.0,0.99,949.0,0.97,10.0,,,,,,,0.093479,1776255596000

# RESULT,winner=Down,slug=doge-updown-5m-1776255300,ticks=339
