timestamp,elapsed_sec,up_bid_p1,up_bid_s1,up_bid_p2,up_bid_s2,up_ask_p1,up_ask_s1,up_ask_p2,up_ask_s2,down_bid_p1,down_bid_s1,down_bid_p2,down_bid_s2,down_ask_p1,down_ask_s1,down_ask_p2,down_ask_s2,up_spread,down_spread,doge_price,doge_oracle_ts
1776188101.479,1.479,,,,,,,,,,,,,,,,,,,0.094521,1776188100000
1776188101.698,1.698,0.5,7.88,0.49,6.0,0.51,6.0,0.52,13.94,0.49,6.0,0.48,13.94,0.5,7.88,0.51,6.0,0.01,0.01,0.094521,1776188100000
1776188102.205,2.205,0.5,7.88,0.49,6.0,0.51,6.0,0.52,13.94,0.49,6.0,0.48,13.94,0.5,7.88,0.51,6.0,0.01,0.01,0.094521,1776188100000
1776188102.554,2.554,0.5,7.88,0.49,6.0,0.51,6.0,0.52,13.94,0.49,6.0,0.48,13.94,0.5,7.88,0.51,6.0,0.01,0.01,0.094522,1776188101000
1776188102.973,2.973,0.49,5.98,0.48,13.8,0.51,6.0,0.52,13.94,0.49,6.0,0.48,13.94,0.5,7.88,0.51,6.0,0.02,0.01,0.094522,1776188101000
1776188103.659,3.659,0.38,13.0,0.31,435.0,0.51,6.0,0.52,13.94,0.49,6.0,0.48,13.94,0.51,0.98,0.52,13.8,0.13,0.02,0.094509,1776188102000
1776188104.133,4.133,0.38,13.0,0.31,435.0,0.51,6.0,0.52,13.94,0.49,6.0,0.48,13.94,0.62,13.0,0.69,435.0,0.13,0.13,0.094497,1776188103000
1776188105.109,5.109,0.38,13.0,0.31,435.0,0.51,6.0,0.52,13.94,0.49,6.0,0.48,13.94,0.62,13.0,0.69,435.0,0.13,0.13,0.094498,1776188104000
1776188106.246,6.246,0.27,450.0,0.25,600.0,0.44,3.0,0.48,10.0,0.56,3.0,0.52,10.0,0.73,450.0,0.75,600.0,0.17,0.17,0.094475,1776188105000
1776188106.61,6.61,0.46,26.93,0.27,455.0,0.47,10.0,0.48,10.0,0.56,3.0,0.52,10.0,0.73,450.0,0.75,600.0,0.01,0.17,0.094475,1776188105000
1776188106.911,6.911,0.46,24.31,0.27,455.0,0.47,52.0,0.48,10.0,0.53,10.0,0.52,10.0,0.54,26.93,0.73,455.0,0.01,0.01,0.094475,1776188105000
1776188107.224,7.224,0.46,9.31,0.27,455.0,0.47,52.0,0.48,10.0,0.53,52.0,0.52,10.0,0.54,9.31,0.73,455.0,0.01,0.01,0.094415,1776188106000
1776188108.425,8.425,0.46,9.31,0.27,455.0,0.47,52.0,0.48,10.0,0.53,52.0,0.52,10.0,0.54,9.31,0.73,455.0,0.01,0.01,0.094414,1776188107000
1776188108.998,8.998,0.46,9.31,0.27,455.0,0.47,52.0,0.48,10.0,0.53,52.0,0.52,10.0,0.54,9.31,0.73,455.0,0.01,0.01,0.094414,1776188108000
1776188109.994,9.994,0.24,1.98,0.21,773.0,0.4,33.0,0.41,50.0,0.6,33.0,0.59,50.0,0.76,1.98,0.79,773.0,0.16,0.16,0.09441,1776188109000
1776188110.398,10.398,0.3,2.0,0.21,755.0,0.31,19.0,0.41,50.0,0.6,33.0,0.59,50.0,0.76,1.98,0.79,773.0,0.01,0.16,0.09441,1776188109000
1776188110.632,10.632,0.3,0.57,0.21,755.0,0.31,19.0,0.41,50.0,0.69,19.0,0.59,50.0,0.7,2.0,0.79,755.0,0.01,0.01,0.09441,1776188109000
1776188111.063,11.063,0.3,0.57,0.21,755.0,0.31,19.0,0.41,50.0,0.69,19.0,0.59,50.0,0.7,0.57,0.79,755.0,0.01,0.01,0.094361,1776188110000
1776188112.093,12.093,0.3,0.57,0.21,755.0,0.31,19.0,0.41,50.0,0.69,19.0,0.59,50.0,0.7,0.57,0.79,755.0,0.01,0.01,0.094347,1776188111000
1776188113.071,13.071,0.3,0.57,0.17,5.0,0.31,14.0,0.34,10.0,0.69,19.0,0.59,50.0,0.7,0.57,0.79,755.0,0.01,0.01,0.094347,1776188111000
1776188114.382,14.382,0.3,0.57,0.17,5.0,0.31,14.0,0.34,10.0,0.69,14.0,0.66,10.0,0.7,0.57,0.83,5.0,0.01,0.01,0.09432,1776188113000
1776188115.315,15.315,0.3,0.57,0.17,5.0,0.31,14.0,0.34,10.0,0.69,14.0,0.66,10.0,0.7,0.57,0.83,5.0,0.01,0.01,0.094334,1776188114000
1776188116.37,16.37,0.3,0.57,0.17,5.0,0.31,14.0,0.34,10.0,0.69,14.0,0.66,10.0,0.7,0.57,0.83,5.0,0.01,0.01,0.094369,1776188115000
1776188118.13,18.13,0.3,0.57,0.28,17.0,0.31,8.35,0.47,9.0,0.69,14.0,0.66,10.0,0.7,0.57,0.83,5.0,0.01,0.01,0.094369,1776188115000
1776188118.572,18.572,0.28,12.57,0.26,5.0,0.39,5.0,0.5,15.0,0.61,5.0,0.5,15.0,0.72,12.57,0.74,5.0,0.11,0.11,0.094397,1776188117000
1776188119.14,19.14,0.28,12.57,0.26,5.0,0.39,5.0,0.5,15.0,0.61,5.0,0.5,15.0,0.72,12.57,0.74,5.0,0.11,0.11,0.094393,1776188118000
1776188120.302,20.302,0.28,12.57,0.26,5.0,0.39,5.0,0.5,15.0,0.61,5.0,0.5,15.0,0.72,12.57,0.74,5.0,0.11,0.11,0.094419,1776188119000
1776188121.05,21.05,0.28,12.0,0.25,5.0,0.38,5.0,0.5,15.0,0.62,5.0,0.6,10.0,0.75,25.0,0.76,5.0,0.1,0.13,0.094419,1776188119000
1776188121.51,21.51,0.28,12.0,0.25,5.0,0.38,5.0,0.5,15.0,0.62,5.0,0.5,15.0,0.72,12.0,0.75,5.0,0.1,0.1,0.09441,1776188120000
1776188122.096,22.096,0.28,12.0,0.27,5.0,0.41,5.0,0.45,10.0,0.59,5.0,0.55,10.0,0.72,12.0,0.73,5.0,0.13,0.13,0.09441,1776188121000
1776188122.664,22.664,0.32,0.66,0.31,55.0,0.45,5.0,0.5,5.0,0.59,5.0,0.55,10.0,0.72,12.0,0.73,5.0,0.13,0.13,0.09441,1776188121000
1776188123.311,23.311,0.32,0.66,0.31,55.0,0.45,5.0,0.5,5.0,0.55,5.0,0.5,5.0,0.68,0.66,0.69,55.0,0.13,0.13,0.094421,1776188122000
1776188124.454,24.454,0.32,0.66,0.31,55.0,0.45,5.0,0.5,5.0,0.55,5.0,0.5,5.0,0.68,0.66,0.69,55.0,0.13,0.13,0.094456,1776188123000
1776188125.183,25.183,0.32,0.66,0.31,55.0,0.45,5.0,0.5,5.0,0.55,5.0,0.5,5.0,0.68,0.66,0.69,55.0,0.13,0.13,0.094471,1776188124000
1776188126.352,26.352,0.32,0.66,0.31,55.0,0.45,5.0,0.5,5.0,0.55,5.0,0.5,5.0,0.68,0.66,0.69,55.0,0.13,0.13,0.09447,1776188125000
1776188126.881,26.881,0.32,0.66,0.31,55.0,0.45,5.0,0.5,5.0,0.55,5.0,0.5,5.0,0.68,0.66,0.69,55.0,0.13,0.13,0.09447,1776188126000
1776188128.021,28.021,0.32,0.66,0.31,55.0,0.45,5.0,0.5,5.0,0.55,5.0,0.5,5.0,0.68,0.66,0.69,55.0,0.13,0.13,0.09448,1776188127000
1776188129.09,29.09,0.32,0.66,0.31,55.0,0.45,5.0,0.5,5.0,0.55,5.0,0.5,5.0,0.68,0.66,0.69,55.0,0.13,0.13,0.094472,1776188128000
1776188130.24,30.24,0.32,0.66,0.31,55.0,0.45,5.0,0.5,5.0,0.55,5.0,0.5,5.0,0.68,0.66,0.69,55.0,0.13,0.13,0.094468,1776188129000
1776188131.232,31.232,0.32,0.66,0.31,55.0,0.45,5.0,0.5,5.0,0.55,5.0,0.5,5.0,0.68,0.66,0.69,55.0,0.13,0.13,0.09447,1776188130000
1776188132.903,32.903,0.32,0.66,0.31,55.0,0.45,5.0,0.5,5.0,0.55,5.0,0.5,5.0,0.68,0.66,0.69,55.0,0.13,0.13,0.094479,1776188131000
1776188133.342,33.342,0.32,0.66,0.31,55.0,0.45,5.0,0.5,5.0,0.55,5.0,0.5,5.0,0.68,0.66,0.69,55.0,0.13,0.13,0.094467,1776188132000
1776188133.945,33.945,0.32,0.66,0.31,55.0,0.45,5.0,0.5,5.0,0.55,5.0,0.5,5.0,0.68,0.66,0.69,55.0,0.13,0.13,0.094463,1776188133000
1776188135.033,35.033,0.32,0.66,0.31,55.0,0.45,5.0,0.5,5.0,0.55,5.0,0.5,5.0,0.68,0.66,0.69,55.0,0.13,0.13,0.094485,1776188134000
1776188135.909,35.909,0.32,0.66,0.31,55.0,0.45,5.0,0.5,5.0,0.55,5.0,0.5,5.0,0.68,0.66,0.69,55.0,0.13,0.13,0.094475,1776188135000
1776188136.147,36.147,0.34,14.0,0.33,5.0,0.42,6.73,0.5,15.0,0.55,5.0,0.5,5.0,0.68,0.66,0.69,55.0,0.08,0.13,0.094475,1776188135000
1776188136.953,36.953,0.34,14.0,0.33,5.0,0.42,6.73,0.5,15.0,0.58,6.73,0.5,15.0,0.66,14.0,0.67,5.0,0.08,0.08,0.094468,1776188136000
1776188137.98,37.98,0.34,14.0,0.33,5.0,0.42,6.73,0.5,15.0,0.58,6.73,0.5,15.0,0.66,14.0,0.67,5.0,0.08,0.08,0.094468,1776188137000
1776188138.908,38.908,0.34,14.0,0.33,5.0,0.42,6.73,0.5,15.0,0.58,6.73,0.5,15.0,0.66,14.0,0.67,5.0,0.08,0.08,0.094469,1776188138000
1776188139.926,39.926,0.34,14.0,0.33,5.0,0.42,6.73,0.5,15.0,0.58,6.73,0.5,15.0,0.66,14.0,0.67,5.0,0.08,0.08,0.09446,1776188139000
1776188141.301,41.301,0.34,14.0,0.33,5.0,0.42,6.73,0.5,15.0,0.58,6.73,0.5,15.0,0.66,14.0,0.67,5.0,0.08,0.08,0.094461,1776188140000
1776188142.261,42.261,0.34,14.0,0.33,5.0,0.42,6.73,0.5,15.0,0.58,6.73,0.5,15.0,0.66,14.0,0.67,5.0,0.08,0.08,0.094474,1776188141000
1776188143.319,43.319,0.34,14.0,0.33,5.0,0.42,6.73,0.5,15.0,0.58,6.73,0.5,15.0,0.66,14.0,0.67,5.0,0.08,0.08,0.094473,1776188142000
1776188144.347,44.347,0.34,14.0,0.33,5.0,0.42,6.73,0.5,15.0,0.58,6.73,0.5,15.0,0.66,14.0,0.67,5.0,0.08,0.08,0.094473,1776188143000
1776188144.862,44.862,0.34,14.0,0.33,5.0,0.42,6.73,0.5,15.0,0.58,6.73,0.5,15.0,0.66,14.0,0.67,5.0,0.08,0.08,0.094473,1776188144000
1776188146.497,46.497,0.34,14.0,0.33,5.0,0.42,6.73,0.5,15.0,0.58,6.73,0.5,15.0,0.66,14.0,0.67,5.0,0.08,0.08,0.094459,1776188145000
1776188146.936,46.936,0.34,14.0,0.33,5.0,0.42,6.73,0.5,15.0,0.58,6.73,0.5,15.0,0.66,14.0,0.67,5.0,0.08,0.08,0.094459,1776188146000
1776188147.784,47.784,0.27,11.83,0.26,13.5,0.33,17.0,0.36,10.0,0.58,6.73,0.5,15.0,0.66,14.0,0.67,5.0,0.06,0.08,0.094459,1776188146000
1776188148.971,48.971,0.27,11.83,0.26,13.5,0.33,17.0,0.36,10.0,0.67,17.0,0.64,10.0,0.73,11.83,0.74,13.5,0.06,0.06,0.09439,1776188148000
1776188150.005,50.005,0.27,11.83,0.26,13.5,0.33,17.0,0.36,10.0,0.67,17.0,0.64,10.0,0.73,11.83,0.74,13.5,0.06,0.06,0.094387,1776188149000
1776188150.981,50.981,0.27,11.83,0.26,13.5,0.33,17.0,0.36,10.0,0.67,17.0,0.64,10.0,0.73,11.83,0.74,13.5,0.06,0.06,0.094382,1776188150000
1776188152.073,52.073,0.27,11.83,0.26,13.5,0.33,17.0,0.36,10.0,0.67,17.0,0.64,10.0,0.73,11.83,0.74,13.5,0.06,0.06,0.094389,1776188151000
1776188153.043,53.043,0.27,11.83,0.26,13.5,0.33,17.0,0.36,10.0,0.67,17.0,0.64,10.0,0.73,11.83,0.74,13.5,0.06,0.06,0.094377,1776188152000
1776188153.278,53.278,0.3,6.4,0.29,12.6,0.32,25.0,0.37,10.0,0.68,25.0,0.63,10.0,0.7,12.4,0.71,12.6,0.02,0.02,0.094377,1776188152000
1776188154.112,54.112,0.3,6.4,0.29,12.6,0.32,25.0,0.37,10.0,0.68,25.0,0.63,10.0,0.7,6.4,0.71,12.6,0.02,0.02,0.094376,1776188153000
1776188154.654,54.654,0.31,0.31,0.3,6.4,0.32,25.0,0.38,10.0,0.68,25.0,0.63,10.0,0.7,6.4,0.71,12.6,0.01,0.02,0.094376,1776188153000
1776188155.133,55.133,0.31,0.31,0.3,6.4,0.32,25.0,0.38,10.0,0.68,25.0,0.62,10.0,0.69,0.31,0.7,6.4,0.01,0.01,0.094386,1776188154000
1776188156.096,56.096,0.31,0.31,0.3,6.4,0.32,25.0,0.38,10.0,0.68,25.0,0.62,10.0,0.69,0.31,0.7,6.4,0.01,0.01,0.094387,1776188155000
1776188157.167,57.167,0.31,0.31,0.3,6.4,0.32,25.0,0.38,10.0,0.68,25.0,0.62,10.0,0.69,0.31,0.7,6.4,0.01,0.01,0.094387,1776188156000
1776188158.275,58.275,0.31,0.31,0.3,6.4,0.32,25.0,0.38,10.0,0.68,25.0,0.62,10.0,0.69,0.31,0.7,6.4,0.01,0.01,0.094392,1776188157000
1776188159.356,59.356,0.31,0.31,0.3,6.4,0.32,25.0,0.38,10.0,0.68,25.0,0.62,10.0,0.69,0.31,0.7,6.4,0.01,0.01,0.094399,1776188158000
1776188159.582,59.582,0.31,0.31,0.3,6.4,0.32,30.0,0.38,10.0,0.68,25.0,0.62,10.0,0.69,0.31,0.7,6.4,0.01,0.01,0.094399,1776188158000
1776188160.704,60.704,0.3,1.71,0.29,12.6,0.32,30.0,0.38,10.0,0.68,30.0,0.62,10.0,0.7,1.71,0.71,12.6,0.02,0.02,0.094397,1776188159000
1776188161.329,61.329,0.3,1.71,0.29,12.6,0.32,30.0,0.38,10.0,0.68,30.0,0.62,10.0,0.7,1.71,0.71,12.6,0.02,0.02,0.094389,1776188160000
1776188161.574,61.574,0.28,7.9,0.27,11.83,0.32,30.0,0.37,10.0,0.68,30.0,0.62,10.0,0.7,1.71,0.71,12.6,0.04,0.02,0.094389,1776188160000
1776188161.921,61.921,0.22,15.2,0.21,20.7,0.32,25.94,0.36,10.0,0.68,30.0,0.63,10.0,0.72,7.9,0.73,11.83,0.1,0.04,0.094389,1776188160000
1776188162.711,62.711,0.22,15.2,0.21,20.7,0.32,25.94,0.36,10.0,0.68,25.94,0.64,10.0,0.78,15.2,0.79,20.7,0.1,0.1,0.094394,1776188161000
1776188163.279,63.279,0.22,15.2,0.21,20.7,0.32,25.94,0.36,10.0,0.68,25.94,0.64,10.0,0.78,15.2,0.79,20.7,0.1,0.1,0.094393,1776188162000
1776188164.59,64.59,0.22,15.2,0.21,20.7,0.32,25.94,0.36,10.0,0.68,25.94,0.64,10.0,0.78,15.2,0.79,20.7,0.1,0.1,0.094344,1776188163000
1776188165.33,65.33,0.22,15.2,0.21,20.7,0.32,25.94,0.36,10.0,0.68,25.94,0.64,10.0,0.78,15.2,0.79,20.7,0.1,0.1,0.094358,1776188164000
1776188166.746,66.746,0.22,15.2,0.21,20.7,0.32,25.94,0.36,10.0,0.68,25.94,0.64,10.0,0.78,15.2,0.79,20.7,0.1,0.1,0.094369,1776188165000
1776188167.288,67.288,0.22,15.2,0.21,20.7,0.32,25.94,0.36,10.0,0.68,25.94,0.64,10.0,0.78,15.2,0.79,20.7,0.1,0.1,0.094396,1776188166000
1776188168.067,68.067,0.26,6.0,0.24,5.44,0.28,30.0,0.31,10.0,0.68,25.94,0.64,10.0,0.78,15.2,0.79,20.7,0.02,0.1,0.094396,1776188166000
1776188168.682,68.682,0.26,6.0,0.24,5.44,0.28,30.0,0.31,10.0,0.72,30.0,0.69,10.0,0.74,6.0,0.76,5.44,0.02,0.02,0.094397,1776188167000
1776188169.384,69.384,0.26,6.0,0.24,5.44,0.28,30.0,0.31,10.0,0.72,30.0,0.69,10.0,0.74,6.0,0.76,5.44,0.02,0.02,0.094398,1776188168000
1776188169.667,69.667,0.26,1.0,0.24,5.44,0.27,40.0,0.28,30.0,0.72,30.0,0.69,10.0,0.74,6.0,0.76,5.44,0.01,0.02,0.094398,1776188168000
1776188169.986,69.986,0.24,5.44,0.19,16.89,0.25,9.0,0.27,40.0,0.73,40.0,0.72,30.0,0.74,1.0,0.76,5.44,0.01,0.01,0.094398,1776188168000
1776188171.191,71.191,0.19,16.89,0.18,17.6,0.25,44.0,0.26,10.0,0.75,9.0,0.73,40.0,0.76,5.44,0.81,16.89,0.06,0.01,0.094371,1776188169000
1776188172.102,72.102,0.19,16.89,0.18,17.6,0.25,44.0,0.26,10.0,0.75,44.0,0.74,10.0,0.81,16.89,0.82,17.6,0.06,0.06,0.094287,1776188171000
1776188173.565,73.565,0.19,16.89,0.18,17.6,0.25,44.0,0.26,10.0,0.75,44.0,0.74,10.0,0.81,16.89,0.82,17.6,0.06,0.06,0.094256,1776188172000
1776188174.24,74.24,0.19,16.89,0.18,17.6,0.25,44.0,0.26,10.0,0.75,44.0,0.74,10.0,0.81,16.89,0.82,17.6,0.06,0.06,0.094254,1776188173000
1776188175.664,75.664,0.19,16.89,0.18,17.6,0.25,44.0,0.26,10.0,0.75,44.0,0.74,10.0,0.81,16.89,0.82,17.6,0.06,0.06,0.094277,1776188174000
1776188176.55,76.55,0.2,11.57,0.19,16.89,0.21,26.0,0.26,10.0,0.75,44.0,0.74,10.0,0.81,16.89,0.82,17.6,0.01,0.06,0.094277,1776188174000
1776188177.071,77.071,0.2,11.57,0.19,16.89,0.21,21.0,0.27,10.0,0.79,26.0,0.74,10.0,0.8,11.57,0.81,16.89,0.01,0.01,0.094283,1776188175000
1776188178.251,78.251,0.2,11.57,0.19,16.89,0.21,21.0,0.27,10.0,0.79,21.0,0.73,10.0,0.8,11.57,0.81,16.89,0.01,0.01,0.094302,1776188177000
1776188179.256,79.256,0.2,11.57,0.19,16.89,0.21,21.0,0.27,10.0,0.79,21.0,0.73,10.0,0.8,11.57,0.81,16.89,0.01,0.01,0.094316,1776188178000
1776188180.276,80.276,0.2,11.57,0.19,16.89,0.21,21.0,0.27,10.0,0.79,21.0,0.73,10.0,0.8,11.57,0.81,16.89,0.01,0.01,0.094323,1776188179000
1776188181.23,81.23,0.2,11.57,0.19,16.89,0.21,21.0,0.27,10.0,0.79,21.0,0.73,10.0,0.8,11.57,0.81,16.89,0.01,0.01,0.094324,1776188180000
1776188182.291,82.291,0.2,11.57,0.19,16.89,0.21,21.0,0.27,10.0,0.79,21.0,0.73,10.0,0.8,11.57,0.81,16.89,0.01,0.01,0.094325,1776188181000
1776188183.206,83.206,0.2,11.57,0.19,16.89,0.21,21.0,0.27,10.0,0.79,21.0,0.73,10.0,0.8,11.57,0.81,16.89,0.01,0.01,0.09432,1776188182000
1776188184.17,84.17,0.2,11.57,0.19,16.89,0.21,21.0,0.27,10.0,0.79,21.0,0.73,10.0,0.8,11.57,0.81,16.89,0.01,0.01,0.094326,1776188183000
1776188185.137,85.137,0.2,11.57,0.19,16.89,0.21,21.0,0.27,10.0,0.79,21.0,0.73,10.0,0.8,11.57,0.81,16.89,0.01,0.01,0.094323,1776188184000
1776188185.569,85.569,0.2,11.57,0.19,16.89,0.21,16.0,0.28,20.0,0.79,21.0,0.73,10.0,0.8,11.57,0.81,16.89,0.01,0.01,0.094323,1776188184000
1776188186.095,86.095,0.21,14.43,0.2,11.57,0.28,20.0,0.31,10.0,0.79,16.0,0.72,20.0,0.8,11.57,0.81,16.89,0.07,0.01,0.094323,1776188184000
1776188187.081,87.081,0.21,14.43,0.2,11.57,0.28,20.0,0.31,10.0,0.72,20.0,0.69,10.0,0.79,14.43,0.8,11.57,0.07,0.07,0.094321,1776188186000
1776188188.158,88.158,0.21,14.43,0.2,11.57,0.28,20.0,0.31,10.0,0.72,20.0,0.69,10.0,0.79,14.43,0.8,11.57,0.07,0.07,0.094353,1776188187000
1776188189.732,89.732,0.21,14.43,0.2,11.57,0.28,20.0,0.31,10.0,0.72,20.0,0.69,10.0,0.79,14.43,0.8,11.57,0.07,0.07,0.094357,1776188188000
1776188190.833,90.833,0.21,14.43,0.2,11.57,0.28,20.0,0.31,10.0,0.72,20.0,0.69,10.0,0.79,14.43,0.8,11.57,0.07,0.07,0.094356,1776188189000
1776188191.338,91.338,0.21,14.43,0.2,11.57,0.28,20.0,0.31,10.0,0.72,20.0,0.69,10.0,0.79,14.43,0.8,11.57,0.07,0.07,0.094353,1776188190000
1776188191.979,91.979,0.21,14.43,0.2,11.57,0.28,20.0,0.31,10.0,0.72,20.0,0.69,10.0,0.79,14.43,0.8,11.57,0.07,0.07,0.094351,1776188191000
1776188193.204,93.204,0.21,14.43,0.2,11.57,0.28,20.0,0.31,10.0,0.72,20.0,0.69,10.0,0.79,14.43,0.8,11.57,0.07,0.07,0.094353,1776188192000
1776188194.891,94.891,0.21,14.43,0.2,11.57,0.28,20.0,0.31,10.0,0.72,20.0,0.69,10.0,0.79,14.43,0.8,11.57,0.07,0.07,0.094357,1776188193000
1776188195.165,95.165,0.24,14.3,0.23,14.7,0.28,15.0,0.34,10.0,0.72,20.0,0.69,10.0,0.79,14.43,0.8,11.57,0.04,0.07,0.094357,1776188193000
1776188195.405,95.405,0.24,14.3,0.23,14.7,0.28,15.0,0.34,10.0,0.72,15.0,0.66,10.0,0.76,14.3,0.77,14.7,0.04,0.04,0.094361,1776188194000
1776188196.018,96.018,0.24,14.3,0.23,14.7,0.28,15.0,0.34,10.0,0.72,15.0,0.66,10.0,0.76,14.3,0.77,14.7,0.04,0.04,0.094363,1776188195000
1776188197.122,97.122,0.26,13.5,0.25,13.9,0.28,10.0,0.38,10.0,0.72,10.0,0.62,10.0,0.74,13.5,0.75,13.9,0.02,0.02,0.094378,1776188196000
1776188198.297,98.297,0.27,13.2,0.26,13.5,0.28,4.82,0.38,10.0,0.72,4.82,0.62,10.0,0.73,13.2,0.74,13.5,0.01,0.01,0.094395,1776188197000
1776188199.449,99.449,0.27,13.2,0.26,13.5,0.28,4.82,0.38,10.0,0.72,4.82,0.62,10.0,0.73,13.2,0.74,13.5,0.01,0.01,0.094397,1776188198000
1776188200.083,100.083,0.27,13.2,0.26,13.5,0.28,4.82,0.38,10.0,0.72,4.82,0.62,10.0,0.73,13.2,0.74,13.5,0.01,0.01,0.094396,1776188199000
1776188201.341,101.341,0.27,13.2,0.26,13.5,0.28,4.82,0.38,10.0,0.72,4.82,0.62,10.0,0.73,13.2,0.74,13.5,0.01,0.01,0.094401,1776188200000
1776188202.447,102.447,0.27,13.2,0.26,13.5,0.28,4.82,0.38,10.0,0.72,4.82,0.62,10.0,0.73,13.2,0.74,13.5,0.01,0.01,0.094385,1776188201000
1776188203.019,103.019,0.27,13.2,0.26,13.5,0.28,4.82,0.38,10.0,0.72,4.82,0.62,10.0,0.73,13.2,0.74,13.5,0.01,0.01,0.094383,1776188202000
1776188204.253,104.253,0.27,13.2,0.26,13.5,0.28,4.82,0.38,10.0,0.72,4.82,0.62,10.0,0.73,13.2,0.74,13.5,0.01,0.01,0.094383,1776188203000
1776188205.911,105.911,0.27,13.2,0.26,13.5,0.28,4.82,0.38,10.0,0.72,4.82,0.62,10.0,0.73,13.2,0.74,13.5,0.01,0.01,0.094382,1776188204000
1776188206.469,106.469,0.27,13.2,0.26,13.5,0.28,4.82,0.38,10.0,0.72,4.82,0.62,10.0,0.73,13.2,0.74,13.5,0.01,0.01,0.094382,1776188205000
1776188206.96,106.96,0.27,13.2,0.26,13.5,0.28,4.82,0.38,10.0,0.72,4.82,0.62,10.0,0.73,13.2,0.74,13.5,0.01,0.01,0.094384,1776188206000
1776188207.399,107.399,0.22,6.42,0.21,14.43,0.26,5.07,0.28,4.82,0.72,4.82,0.62,10.0,0.73,13.2,0.74,13.5,0.04,0.01,0.094384,1776188206000
1776188208.153,108.153,0.22,6.42,0.21,14.43,0.26,5.07,0.28,4.82,0.74,5.07,0.72,4.82,0.78,6.42,0.79,14.43,0.04,0.04,0.094385,1776188207000
1776188209.282,109.282,0.22,6.42,0.21,14.43,0.26,5.07,0.28,4.82,0.74,5.07,0.72,4.82,0.78,6.42,0.79,14.43,0.04,0.04,0.094386,1776188208000
1776188210.344,110.344,0.22,6.42,0.21,14.43,0.26,5.07,0.28,4.82,0.74,5.07,0.72,4.82,0.78,6.42,0.79,14.43,0.04,0.04,0.094363,1776188209000
1776188211.359,111.359,0.22,6.42,0.21,14.43,0.26,5.07,0.28,4.82,0.74,5.07,0.72,4.82,0.78,6.42,0.79,14.43,0.04,0.04,0.094361,1776188210000
1776188211.967,111.967,0.22,6.42,0.21,14.43,0.26,5.07,0.28,4.82,0.74,5.07,0.72,4.82,0.78,6.42,0.79,14.43,0.04,0.04,0.094362,1776188211000
1776188212.723,112.723,0.24,14.3,0.23,14.7,0.36,10.0,0.37,10.0,0.74,5.07,0.72,4.82,0.78,6.42,0.79,14.43,0.12,0.04,0.094362,1776188211000
1776188213.042,113.042,0.24,14.3,0.23,14.7,0.36,10.0,0.37,10.0,0.64,10.0,0.63,10.0,0.76,14.3,0.77,14.7,0.12,0.12,0.094368,1776188212000
1776188214.062,114.062,0.24,14.3,0.23,14.7,0.36,10.0,0.37,10.0,0.64,10.0,0.63,10.0,0.76,14.3,0.77,14.7,0.12,0.12,0.094379,1776188213000
1776188215.11,115.11,0.24,14.3,0.23,14.7,0.36,10.0,0.37,10.0,0.64,10.0,0.63,10.0,0.76,14.3,0.77,14.7,0.12,0.12,0.094389,1776188214000
1776188216.188,116.188,0.24,14.3,0.23,14.7,0.36,10.0,0.37,10.0,0.64,10.0,0.63,10.0,0.76,14.3,0.77,14.7,0.12,0.12,0.094394,1776188215000
1776188216.585,116.585,0.23,13.4,0.22,6.42,0.36,18.0,0.37,10.0,0.64,10.0,0.63,10.0,0.76,14.3,0.77,14.7,0.13,0.12,0.094394,1776188215000
1776188217.274,117.274,0.23,13.4,0.22,6.42,0.36,18.0,0.37,10.0,0.64,18.0,0.63,10.0,0.77,13.4,0.78,6.42,0.13,0.13,0.094396,1776188216000
1776188217.889,117.889,0.23,13.4,0.22,6.42,0.36,18.0,0.37,10.0,0.64,18.0,0.63,10.0,0.77,13.4,0.78,6.42,0.13,0.13,0.094396,1776188217000
1776188218.888,118.888,0.23,13.4,0.22,6.42,0.36,18.0,0.37,10.0,0.64,18.0,0.63,10.0,0.77,13.4,0.78,6.42,0.13,0.13,0.094399,1776188218000
1776188220.39,120.39,0.23,13.4,0.22,6.42,0.36,18.0,0.37,10.0,0.64,18.0,0.63,10.0,0.77,13.4,0.78,6.42,0.13,0.13,0.094409,1776188219000
1776188220.704,120.704,0.22,5.0,0.21,14.43,0.41,50.8,0.42,10.7,0.64,18.0,0.63,10.0,0.77,13.4,0.78,6.42,0.19,0.13,0.094409,1776188219000
1776188221.167,121.167,0.22,5.0,0.21,14.43,0.41,50.8,0.42,10.7,0.59,50.8,0.58,10.7,0.78,5.0,0.79,14.43,0.19,0.19,0.094414,1776188220000
1776188222.606,122.606,0.22,5.0,0.21,14.43,0.41,50.8,0.42,10.7,0.59,50.8,0.58,10.7,0.78,5.0,0.79,14.43,0.19,0.19,0.094407,1776188221000
1776188223.439,123.439,0.22,5.0,0.21,14.43,0.41,50.8,0.42,10.7,0.59,50.8,0.58,10.7,0.78,5.0,0.79,14.43,0.19,0.19,0.094384,1776188222000
1776188224.186,124.186,0.22,5.0,0.21,14.43,0.41,50.8,0.42,10.7,0.59,50.8,0.58,10.7,0.78,5.0,0.79,14.43,0.19,0.19,0.09436,1776188223000
1776188225.803,125.803,0.22,5.0,0.21,14.43,0.41,50.8,0.42,10.7,0.59,50.8,0.58,10.7,0.78,5.0,0.79,14.43,0.19,0.19,0.094352,1776188224000
1776188226.395,126.395,0.22,5.0,0.21,14.43,0.41,50.8,0.42,10.7,0.59,50.8,0.58,10.7,0.78,5.0,0.79,14.43,0.19,0.19,0.094342,1776188225000
1776188227.266,127.266,0.22,5.0,0.21,14.43,0.41,50.8,0.42,10.7,0.59,50.8,0.58,10.7,0.78,5.0,0.79,14.43,0.19,0.19,0.094346,1776188226000
1776188228.478,128.478,0.22,5.0,0.21,14.43,0.41,50.8,0.42,10.7,0.59,50.8,0.58,10.7,0.78,5.0,0.79,14.43,0.19,0.19,0.09438,1776188227000
1776188229.418,129.418,0.22,5.0,0.21,14.43,0.41,50.8,0.42,10.7,0.59,50.8,0.58,10.7,0.78,5.0,0.79,14.43,0.19,0.19,0.094381,1776188228000
1776188230.183,130.183,0.22,5.0,0.21,14.43,0.41,50.8,0.42,10.7,0.59,50.8,0.58,10.7,0.78,5.0,0.79,14.43,0.19,0.19,0.094391,1776188229000
1776188231.572,131.572,0.22,5.0,0.21,14.43,0.41,50.8,0.42,10.7,0.59,50.8,0.58,10.7,0.78,5.0,0.79,14.43,0.19,0.19,0.094396,1776188230000
1776188232.477,132.477,0.22,5.0,0.21,14.43,0.41,50.8,0.42,10.7,0.59,50.8,0.58,10.7,0.78,5.0,0.79,14.43,0.19,0.19,0.094401,1776188231000
1776188233.174,133.174,0.22,5.0,0.21,14.43,0.41,50.8,0.42,10.7,0.59,50.8,0.58,10.7,0.78,5.0,0.79,14.43,0.19,0.19,0.094401,1776188232000
1776188233.953,133.953,0.22,21.64,0.21,15.7,0.39,2.62,0.4,10.8,0.59,50.8,0.58,10.7,0.78,5.0,0.79,14.43,0.17,0.19,0.094401,1776188232000
1776188234.481,134.481,0.22,21.64,0.21,15.7,0.41,53.65,0.42,10.7,0.61,2.62,0.6,10.8,0.78,21.64,0.79,15.7,0.19,0.17,0.094401,1776188232000
1776188234.727,134.727,0.22,21.64,0.21,15.7,0.41,53.65,0.42,10.7,0.59,53.65,0.58,10.7,0.78,21.64,0.79,15.7,0.19,0.19,0.094392,1776188233000
1776188235.003,135.003,0.22,15.2,0.21,22.14,0.41,33.08,0.42,10.7,0.59,53.65,0.58,10.7,0.78,21.64,0.79,15.7,0.19,0.19,0.094392,1776188233000
1776188235.615,135.615,0.22,15.2,0.21,22.14,0.41,33.08,0.42,10.7,0.59,33.08,0.58,10.7,0.78,15.2,0.79,22.14,0.19,0.19,0.094393,1776188234000
1776188236.494,136.494,0.22,15.2,0.21,22.14,0.41,33.08,0.42,10.7,0.59,33.08,0.58,10.7,0.78,15.2,0.79,22.14,0.19,0.19,0.094393,1776188235000
1776188237.185,137.185,0.22,15.2,0.21,22.14,0.41,33.08,0.42,10.7,0.59,33.08,0.58,10.7,0.78,15.2,0.79,22.14,0.19,0.19,0.094393,1776188236000
1776188238.643,138.643,0.22,15.2,0.21,22.14,0.41,33.08,0.42,10.7,0.59,33.08,0.58,10.7,0.78,15.2,0.79,22.14,0.19,0.19,0.094398,1776188237000
1776188239.673,139.673,0.22,15.2,0.21,22.14,0.41,33.08,0.42,10.7,0.59,33.08,0.58,10.7,0.78,15.2,0.79,22.14,0.19,0.19,0.0944,1776188238000
1776188240.357,140.357,0.22,15.2,0.21,22.14,0.41,33.08,0.42,10.7,0.59,33.08,0.58,10.7,0.78,15.2,0.79,22.14,0.19,0.19,0.094399,1776188239000
1776188240.945,140.945,0.22,15.2,0.21,22.14,0.41,33.08,0.42,10.7,0.59,33.08,0.58,10.7,0.78,15.2,0.79,22.14,0.19,0.19,0.094395,1776188240000
1776188242.014,142.014,0.22,15.2,0.21,22.14,0.41,33.08,0.42,10.7,0.59,33.08,0.58,10.7,0.78,15.2,0.79,22.14,0.19,0.19,0.094403,1776188241000
1776188243.121,143.121,0.22,15.2,0.21,22.14,0.41,33.08,0.42,10.7,0.59,33.08,0.58,10.7,0.78,15.2,0.79,22.14,0.19,0.19,0.09441,1776188242000
1776188244.168,144.168,0.22,15.2,0.21,22.14,0.41,33.08,0.42,10.7,0.59,33.08,0.58,10.7,0.78,15.2,0.79,22.14,0.19,0.19,0.0944,1776188243000
1776188245.35,145.35,0.22,15.2,0.21,22.14,0.41,33.08,0.42,10.7,0.59,33.08,0.58,10.7,0.78,15.2,0.79,22.14,0.19,0.19,0.094397,1776188244000
1776188246.578,146.578,0.22,15.2,0.21,22.14,0.41,33.08,0.42,10.7,0.59,33.08,0.58,10.7,0.78,15.2,0.79,22.14,0.19,0.19,0.094394,1776188245000
1776188247.078,147.078,0.22,15.2,0.21,22.14,0.41,33.08,0.42,10.7,0.59,33.08,0.58,10.7,0.78,15.2,0.79,22.14,0.19,0.19,0.094395,1776188246000
1776188248.212,148.212,0.22,15.2,0.21,22.14,0.41,33.08,0.42,10.7,0.59,33.08,0.58,10.7,0.78,15.2,0.79,22.14,0.19,0.19,0.094406,1776188247000
1776188249.349,149.349,0.22,15.2,0.21,22.14,0.41,33.08,0.42,10.7,0.59,33.08,0.58,10.7,0.78,15.2,0.79,22.14,0.19,0.19,0.094396,1776188248000
1776188249.893,149.893,0.22,15.2,0.21,22.14,0.41,33.08,0.42,10.7,0.59,33.08,0.58,10.7,0.78,15.2,0.79,22.14,0.19,0.19,0.094393,1776188249000
1776188250.973,150.973,0.22,15.2,0.21,22.14,0.41,33.08,0.42,10.7,0.59,33.08,0.58,10.7,0.78,15.2,0.79,22.14,0.19,0.19,0.094393,1776188250000
1776188251.686,151.686,0.3,5.57,0.26,6.44,0.4,8.0,0.41,22.38,0.59,33.08,0.58,10.7,0.78,15.2,0.79,22.14,0.1,0.19,0.094393,1776188250000
1776188251.941,151.941,0.3,5.57,0.26,6.44,0.4,8.0,0.41,22.38,0.6,8.0,0.59,22.38,0.7,5.57,0.74,6.44,0.1,0.1,0.094394,1776188251000
1776188253.105,153.105,0.3,4.12,0.26,6.44,0.4,8.0,0.41,22.38,0.6,8.0,0.59,22.38,0.7,4.12,0.74,6.44,0.1,0.1,0.094408,1776188252000
1776188254.312,154.312,0.3,4.12,0.26,6.44,0.4,8.0,0.41,22.38,0.6,8.0,0.59,22.38,0.7,4.12,0.74,6.44,0.1,0.1,0.094411,1776188253000
1776188255.281,155.281,0.31,0.82,0.27,6.44,0.39,8.0,0.41,22.38,0.6,8.0,0.59,22.38,0.7,4.12,0.74,6.44,0.08,0.1,0.094411,1776188253000
1776188256.167,156.167,0.31,0.82,0.27,6.44,0.39,8.0,0.41,22.38,0.61,8.0,0.59,22.38,0.69,0.82,0.73,6.44,0.08,0.08,0.094421,1776188255000
1776188257.691,157.691,0.31,0.82,0.27,6.44,0.39,8.0,0.41,22.38,0.61,8.0,0.59,22.38,0.69,0.82,0.73,6.44,0.08,0.08,0.094419,1776188256000
1776188258.614,158.614,0.31,0.82,0.27,6.44,0.39,8.0,0.41,22.38,0.61,8.0,0.59,22.38,0.69,0.82,0.73,6.44,0.08,0.08,0.094421,1776188257000
1776188259.41,159.41,0.31,0.82,0.27,6.44,0.39,8.0,0.41,22.38,0.61,8.0,0.59,22.38,0.69,0.82,0.73,6.44,0.08,0.08,0.094436,1776188258000
1776188260.183,160.183,0.31,0.82,0.27,6.44,0.39,8.0,0.41,22.38,0.61,8.0,0.59,22.38,0.69,0.82,0.73,6.44,0.08,0.08,0.094433,1776188259000
1776188261.741,161.741,0.31,0.82,0.27,6.44,0.39,8.0,0.41,22.38,0.61,8.0,0.59,22.38,0.69,0.82,0.73,6.44,0.08,0.08,0.094423,1776188260000
1776188262.428,162.428,0.31,0.82,0.27,6.44,0.39,8.0,0.41,22.38,0.61,8.0,0.59,22.38,0.69,0.82,0.73,6.44,0.08,0.08,0.094426,1776188261000
1776188263.235,163.235,0.31,0.82,0.27,6.44,0.39,8.0,0.41,22.38,0.61,8.0,0.59,22.38,0.69,0.82,0.73,6.44,0.08,0.08,0.094426,1776188262000
1776188264.57,164.57,0.31,0.82,0.27,6.44,0.39,8.0,0.41,22.38,0.61,8.0,0.59,22.38,0.69,0.82,0.73,6.44,0.08,0.08,0.094431,1776188263000
1776188265.207,165.207,0.31,0.82,0.27,6.44,0.39,8.0,0.41,22.38,0.61,8.0,0.59,22.38,0.69,0.82,0.73,6.44,0.08,0.08,0.094435,1776188264000
1776188266.881,166.881,0.31,0.82,0.27,6.44,0.39,8.0,0.41,22.38,0.61,8.0,0.59,22.38,0.69,0.82,0.73,6.44,0.08,0.08,0.094431,1776188265000
1776188267.612,167.612,0.31,0.82,0.27,6.44,0.39,8.0,0.41,22.38,0.61,8.0,0.59,22.38,0.69,0.82,0.73,6.44,0.08,0.08,0.094449,1776188266000
1776188268.253,168.253,0.31,0.82,0.27,6.44,0.39,8.0,0.41,22.38,0.61,8.0,0.59,22.38,0.69,0.82,0.73,6.44,0.08,0.08,0.094449,1776188267000
1776188269.78,169.78,0.31,0.82,0.27,6.44,0.39,8.0,0.41,22.38,0.61,8.0,0.59,22.38,0.69,0.82,0.73,6.44,0.08,0.08,0.094451,1776188268000
1776188270.479,170.479,0.31,0.82,0.27,6.44,0.39,8.0,0.41,22.38,0.61,8.0,0.59,22.38,0.69,0.82,0.73,6.44,0.08,0.08,0.094439,1776188269000
1776188271.272,171.272,0.31,0.82,0.27,6.44,0.39,8.0,0.41,22.38,0.61,8.0,0.59,22.38,0.69,0.82,0.73,6.44,0.08,0.08,0.09443,1776188270000
1776188272.754,172.754,0.31,0.82,0.27,6.44,0.39,8.0,0.41,22.38,0.61,8.0,0.59,22.38,0.69,0.82,0.73,6.44,0.08,0.08,0.094437,1776188271000
1776188273.892,173.892,0.31,0.82,0.27,6.44,0.39,8.0,0.41,22.38,0.61,8.0,0.59,22.38,0.69,0.82,0.73,6.44,0.08,0.08,0.094437,1776188272000
1776188275.164,175.164,0.31,0.82,0.27,6.44,0.39,8.0,0.41,22.38,0.61,8.0,0.59,22.38,0.69,0.82,0.73,6.44,0.08,0.08,0.094436,1776188273000
1776188275.951,175.951,0.31,0.82,0.27,6.44,0.39,8.0,0.41,22.38,0.61,8.0,0.59,22.38,0.69,0.82,0.73,6.44,0.08,0.08,0.09444,1776188274000
1776188276.753,176.753,0.31,0.82,0.27,6.44,0.39,8.0,0.41,22.38,0.61,8.0,0.59,22.38,0.69,0.82,0.73,6.44,0.08,0.08,0.094442,1776188275000
1776188277.445,177.445,0.31,0.82,0.27,6.44,0.39,8.0,0.41,22.38,0.61,8.0,0.59,22.38,0.69,0.82,0.73,6.44,0.08,0.08,0.094447,1776188276000
1776188278.038,178.038,0.31,0.82,0.27,6.44,0.39,8.0,0.41,22.38,0.61,8.0,0.59,22.38,0.69,0.82,0.73,6.44,0.08,0.08,0.094463,1776188277000
1776188279.515,179.515,0.31,0.82,0.27,6.44,0.39,8.0,0.41,22.38,0.61,8.0,0.59,22.38,0.69,0.82,0.73,6.44,0.08,0.08,0.094466,1776188278000
1776188280.263,180.263,0.31,0.82,0.27,6.44,0.39,8.0,0.41,22.38,0.61,8.0,0.59,22.38,0.69,0.82,0.73,6.44,0.08,0.08,0.094467,1776188279000
1776188281.592,181.592,0.31,0.82,0.27,6.44,0.39,8.0,0.41,22.38,0.61,8.0,0.59,22.38,0.69,0.82,0.73,6.44,0.08,0.08,0.094468,1776188280000
1776188282.412,182.412,0.31,0.82,0.27,6.44,0.39,8.0,0.41,22.38,0.61,8.0,0.59,22.38,0.69,0.82,0.73,6.44,0.08,0.08,0.094469,1776188281000
1776188283.111,183.111,0.31,0.82,0.27,6.44,0.39,8.0,0.41,22.38,0.61,8.0,0.59,22.38,0.69,0.82,0.73,6.44,0.08,0.08,0.094476,1776188282000
1776188283.478,183.478,0.29,7.0,0.24,5.0,0.39,5.08,0.41,22.38,0.61,8.0,0.59,22.38,0.69,0.82,0.73,6.44,0.1,0.08,0.094476,1776188282000
1776188284.578,184.578,0.29,7.0,0.24,5.0,0.39,5.08,0.41,22.38,0.61,5.08,0.59,22.38,0.71,7.0,0.76,5.0,0.1,0.1,0.094491,1776188283000
1776188285.231,185.231,0.29,7.0,0.24,5.0,0.39,5.08,0.41,22.38,0.61,5.08,0.59,22.38,0.71,7.0,0.76,5.0,0.1,0.1,0.094483,1776188284000
1776188286.621,186.621,0.31,35.0,0.27,6.0,0.39,5.08,0.41,22.38,0.61,5.08,0.59,22.38,0.69,35.0,0.73,6.0,0.08,0.08,0.094449,1776188285000
1776188287.342,187.342,0.31,35.0,0.27,6.0,0.39,5.08,0.41,22.38,0.61,5.08,0.59,22.38,0.69,35.0,0.73,6.0,0.08,0.08,0.094458,1776188286000
1776188288.023,188.023,0.15,4.49,0.12,24.6,0.31,58.0,0.33,5.0,0.61,5.08,0.59,22.38,0.69,35.0,0.73,6.0,0.16,0.08,0.094458,1776188286000
1776188288.679,188.679,0.15,4.49,0.12,24.6,0.31,58.0,0.33,5.0,0.69,58.0,0.67,5.0,0.85,4.49,0.88,24.6,0.16,0.16,0.094444,1776188287000
1776188289.153,189.153,0.15,37.49,0.11,26.6,0.31,55.0,0.33,10.0,0.69,58.0,0.67,5.0,0.85,4.49,0.88,24.6,0.16,0.16,0.094444,1776188287000
1776188290.672,190.672,0.15,37.49,0.11,26.6,0.31,55.0,0.33,10.0,0.69,55.0,0.67,10.0,0.85,37.49,0.89,26.6,0.16,0.16,0.094353,1776188289000
1776188291.319,191.319,0.15,37.49,0.11,26.6,0.31,55.0,0.33,10.0,0.69,55.0,0.67,10.0,0.85,37.49,0.89,26.6,0.16,0.16,0.094352,1776188290000
1776188292.328,192.328,0.15,37.49,0.11,26.6,0.31,55.0,0.33,10.0,0.69,55.0,0.67,10.0,0.85,37.49,0.89,26.6,0.16,0.16,0.094356,1776188291000
1776188293.432,193.432,0.15,37.49,0.11,26.6,0.31,55.0,0.33,10.0,0.69,55.0,0.67,10.0,0.85,37.49,0.89,26.6,0.16,0.16,0.09436,1776188292000
1776188293.925,193.925,0.15,37.49,0.11,26.6,0.31,55.0,0.33,10.0,0.69,55.0,0.67,10.0,0.85,37.49,0.89,26.6,0.16,0.16,0.094363,1776188293000
1776188295.258,195.258,0.15,37.49,0.11,26.6,0.31,55.0,0.33,10.0,0.69,55.0,0.67,10.0,0.85,37.49,0.89,26.6,0.16,0.16,0.094359,1776188294000
1776188295.812,195.812,0.15,2.31,0.06,46.1,0.16,15.0,0.21,56.0,0.69,55.0,0.67,10.0,0.85,37.49,0.89,26.6,0.01,0.16,0.094359,1776188294000
1776188296.443,196.443,0.06,43.41,0.05,54.7,0.16,15.0,0.21,56.0,0.84,15.0,0.79,56.0,0.94,43.41,0.95,54.7,0.1,0.1,0.094324,1776188295000
1776188296.86,196.86,0.06,6.18,0.05,54.7,0.16,10.0,0.31,55.0,0.84,15.0,0.79,56.0,0.94,43.41,0.95,54.7,0.1,0.1,0.094324,1776188295000
1776188298.15,198.15,0.06,6.18,0.05,54.7,0.16,10.0,0.31,55.0,0.84,10.0,0.69,55.0,0.94,6.18,0.95,54.7,0.1,0.1,0.094303,1776188297000
1776188298.828,198.828,0.09,29.5,0.08,35.29,0.16,10.0,0.23,6.0,0.84,10.0,0.69,55.0,0.94,6.18,0.95,54.7,0.07,0.1,0.094303,1776188297000
1776188299.181,199.181,0.09,29.5,0.08,35.29,0.16,10.0,0.23,6.0,0.84,10.0,0.77,6.0,0.91,29.5,0.92,35.29,0.07,0.07,0.094341,1776188298000
1776188300.517,200.517,0.09,29.5,0.08,35.29,0.16,10.0,0.23,6.0,0.84,10.0,0.77,6.0,0.91,29.5,0.92,35.29,0.07,0.07,0.094359,1776188299000
1776188300.846,200.846,0.1,6.67,0.09,29.5,0.16,10.0,0.23,6.0,0.84,10.0,0.77,6.0,0.91,29.5,0.92,35.29,0.06,0.07,0.094359,1776188299000
1776188301.157,201.157,0.1,6.67,0.09,29.5,0.16,10.0,0.23,6.0,0.84,10.0,0.77,6.0,0.9,6.67,0.91,29.5,0.06,0.06,0.094369,1776188300000
1776188302.103,202.103,0.1,6.67,0.09,29.5,0.16,10.0,0.23,6.0,0.84,10.0,0.77,6.0,0.9,6.67,0.91,29.5,0.06,0.06,0.094369,1776188301000
1776188303.293,203.293,0.1,6.67,0.09,29.5,0.16,10.0,0.23,6.0,0.84,10.0,0.77,6.0,0.9,6.67,0.91,29.5,0.06,0.06,0.094364,1776188302000
1776188304.254,204.254,0.1,6.67,0.09,29.5,0.16,10.0,0.23,6.0,0.84,10.0,0.77,6.0,0.9,6.67,0.91,29.5,0.06,0.06,0.094367,1776188303000
1776188305.396,205.396,0.1,6.67,0.09,29.5,0.16,10.0,0.23,6.0,0.84,10.0,0.77,6.0,0.9,6.67,0.91,29.5,0.06,0.06,0.094377,1776188304000
1776188305.93,205.93,0.1,6.67,0.09,29.5,0.16,10.0,0.23,6.0,0.84,10.0,0.77,6.0,0.9,6.67,0.91,29.5,0.06,0.06,0.094374,1776188305000
1776188307.146,207.146,0.1,6.67,0.09,29.5,0.16,10.0,0.23,6.0,0.84,10.0,0.77,6.0,0.9,6.67,0.91,29.5,0.06,0.06,0.094374,1776188306000
1776188308.371,208.371,0.1,6.67,0.09,29.5,0.16,10.0,0.23,6.0,0.84,10.0,0.77,6.0,0.9,6.67,0.91,29.5,0.06,0.06,0.094364,1776188307000
1776188308.951,208.951,0.1,6.67,0.09,29.5,0.16,10.0,0.23,6.0,0.84,10.0,0.77,6.0,0.9,6.67,0.91,29.5,0.06,0.06,0.094364,1776188308000
1776188310.076,210.076,0.1,6.67,0.09,29.5,0.16,10.0,0.23,6.0,0.84,10.0,0.77,6.0,0.9,6.67,0.91,29.5,0.06,0.06,0.094355,1776188309000
1776188311.08,211.08,0.1,6.67,0.09,29.5,0.16,10.0,0.23,6.0,0.84,10.0,0.77,6.0,0.9,6.67,0.91,29.5,0.06,0.06,0.094348,1776188310000
1776188312.238,212.238,0.1,6.67,0.09,29.5,0.16,10.0,0.23,6.0,0.84,10.0,0.77,6.0,0.9,6.67,0.91,29.5,0.06,0.06,0.094348,1776188311000
1776188313.274,213.274,0.1,6.67,0.09,29.5,0.16,10.0,0.23,6.0,0.84,10.0,0.77,6.0,0.9,6.67,0.91,29.5,0.06,0.06,0.094349,1776188312000
1776188314.031,214.031,0.1,6.67,0.09,29.5,0.16,10.0,0.23,6.0,0.84,10.0,0.77,6.0,0.9,6.67,0.91,29.5,0.06,0.06,0.094349,1776188313000
1776188315.019,215.019,0.1,6.67,0.09,29.5,0.16,10.0,0.23,6.0,0.84,10.0,0.77,6.0,0.9,6.67,0.91,29.5,0.06,0.06,0.094358,1776188314000
1776188315.601,215.601,0.13,5.0,0.07,39.9,0.16,10.0,0.18,17.6,0.84,10.0,0.77,6.0,0.9,6.67,0.91,29.5,0.03,0.06,0.094358,1776188314000
1776188316.178,216.178,0.13,5.0,0.07,39.9,0.16,10.0,0.18,17.6,0.84,10.0,0.82,17.6,0.87,5.0,0.93,39.9,0.03,0.03,0.094359,1776188315000
1776188317.239,217.239,0.07,39.9,0.06,6.18,0.15,5.0,0.16,10.0,0.84,10.0,0.82,17.6,0.87,5.0,0.93,39.9,0.08,0.03,0.094359,1776188315000
1776188319.77,219.77,0.07,39.9,0.06,6.18,0.15,5.0,0.16,10.0,0.85,5.0,0.84,10.0,0.93,39.9,0.94,6.18,0.08,0.08,0.094354,1776188316000
1776188320.325,220.325,0.07,39.9,0.06,6.18,0.15,5.0,0.16,10.0,0.85,5.0,0.84,10.0,0.93,39.9,0.94,6.18,0.08,0.08,0.094355,1776188318000
1776188321.368,221.368,0.07,39.9,0.06,6.18,0.15,5.0,0.16,10.0,0.85,5.0,0.84,10.0,0.93,39.9,0.94,6.18,0.08,0.08,0.094358,1776188320000
1776188322.492,222.492,0.07,39.9,0.06,6.18,0.15,5.0,0.16,10.0,0.85,5.0,0.84,10.0,0.93,39.9,0.94,6.18,0.08,0.08,0.094357,1776188321000
1776188323.336,223.336,0.07,39.9,0.06,6.18,0.15,5.0,0.16,10.0,0.85,5.0,0.84,10.0,0.93,39.9,0.94,6.18,0.08,0.08,0.094357,1776188322000
1776188324.187,224.187,0.07,39.9,0.06,6.18,0.15,5.0,0.16,10.0,0.85,5.0,0.84,10.0,0.93,39.9,0.94,6.18,0.08,0.08,0.094349,1776188323000
1776188325.464,225.464,0.07,39.9,0.06,6.18,0.15,5.0,0.16,10.0,0.85,5.0,0.84,10.0,0.93,39.9,0.94,6.18,0.08,0.08,0.094349,1776188324000
1776188326.272,226.272,0.07,39.9,0.06,6.18,0.15,5.0,0.16,10.0,0.85,5.0,0.84,10.0,0.93,39.9,0.94,6.18,0.08,0.08,0.094354,1776188325000
1776188327.62,227.62,0.07,39.9,0.06,6.18,0.15,5.0,0.16,10.0,0.85,5.0,0.84,10.0,0.93,39.9,0.94,6.18,0.08,0.08,0.094373,1776188326000
1776188328.354,228.354,0.07,39.9,0.06,6.18,0.15,5.0,0.16,10.0,0.85,5.0,0.84,10.0,0.93,39.9,0.94,6.18,0.08,0.08,0.094377,1776188327000
1776188329.19,229.19,0.07,39.9,0.06,6.18,0.15,5.0,0.16,10.0,0.85,5.0,0.84,10.0,0.93,39.9,0.94,6.18,0.08,0.08,0.094386,1776188328000
1776188330.484,230.484,0.07,39.9,0.06,6.18,0.15,5.0,0.16,10.0,0.85,5.0,0.84,10.0,0.93,39.9,0.94,6.18,0.08,0.08,0.094363,1776188329000
1776188331.27,231.27,0.07,39.9,0.06,6.18,0.15,5.0,0.16,10.0,0.85,5.0,0.84,10.0,0.93,39.9,0.94,6.18,0.08,0.08,0.094335,1776188330000
1776188331.979,231.979,0.04,82.65,0.03,89.3,0.12,5.0,0.16,15.0,0.85,5.0,0.84,10.0,0.93,39.9,0.94,6.18,0.08,0.08,0.094335,1776188330000
1776188332.357,232.357,0.04,82.65,0.03,89.3,0.12,5.0,0.16,15.0,0.88,5.0,0.84,15.0,0.96,82.65,0.97,89.3,0.08,0.08,0.094329,1776188331000
1776188333.271,233.271,0.04,82.65,0.03,89.3,0.12,5.0,0.16,15.0,0.88,5.0,0.84,15.0,0.96,82.65,0.97,89.3,0.08,0.08,0.094329,1776188332000
1776188334.493,234.493,0.04,82.65,0.03,89.3,0.12,5.0,0.16,15.0,0.88,5.0,0.84,15.0,0.96,82.65,0.97,89.3,0.08,0.08,0.094335,1776188333000
1776188335.197,235.197,0.04,82.65,0.03,89.3,0.12,5.0,0.16,15.0,0.88,5.0,0.84,15.0,0.96,82.65,0.97,89.3,0.08,0.08,0.094337,1776188334000
1776188336.435,236.435,0.04,82.65,0.03,89.3,0.12,5.0,0.16,15.0,0.88,5.0,0.84,15.0,0.96,82.65,0.97,89.3,0.08,0.08,0.094354,1776188335000
1776188337.111,237.111,0.04,82.65,0.03,89.3,0.12,5.0,0.16,15.0,0.88,5.0,0.84,15.0,0.96,82.65,0.97,89.3,0.08,0.08,0.094355,1776188336000
1776188338.381,238.381,0.04,82.65,0.03,89.3,0.12,5.0,0.16,15.0,0.88,5.0,0.84,15.0,0.96,82.65,0.97,89.3,0.08,0.08,0.094354,1776188337000
1776188339.072,239.072,0.04,82.65,0.03,89.3,0.12,5.0,0.16,15.0,0.88,5.0,0.84,15.0,0.96,82.65,0.97,89.3,0.08,0.08,0.094353,1776188338000
1776188340.091,240.091,0.04,82.65,0.03,89.3,0.12,5.0,0.16,15.0,0.88,5.0,0.84,15.0,0.96,82.65,0.97,89.3,0.08,0.08,0.094349,1776188339000
1776188341.673,241.673,0.04,82.65,0.03,89.3,0.12,5.0,0.16,15.0,0.88,5.0,0.84,15.0,0.96,82.65,0.97,89.3,0.08,0.08,0.094358,1776188340000
1776188342.026,242.026,0.05,49.7,0.04,67.7,0.13,23.0,0.14,21.6,0.88,5.0,0.84,15.0,0.96,82.65,0.97,89.3,0.08,0.08,0.094358,1776188340000
1776188342.244,242.244,0.05,49.7,0.04,67.7,0.13,23.0,0.14,21.6,0.87,23.0,0.86,21.6,0.95,49.7,0.96,67.7,0.08,0.08,0.094357,1776188341000
1776188342.85,242.85,0.05,44.48,0.04,67.7,0.13,23.0,0.14,21.6,0.87,23.0,0.86,21.6,0.95,49.7,0.96,67.7,0.08,0.08,0.094357,1776188341000
1776188343.651,243.651,0.05,44.48,0.04,67.7,0.13,23.0,0.14,21.6,0.87,23.0,0.86,21.6,0.95,44.48,0.96,67.7,0.08,0.08,0.094357,1776188342000
1776188344.238,244.238,0.05,44.48,0.04,67.7,0.13,23.0,0.14,21.6,0.87,23.0,0.86,21.6,0.95,44.48,0.96,67.7,0.08,0.08,0.094359,1776188343000
1776188345.51,245.51,0.05,44.48,0.04,67.7,0.13,23.0,0.14,21.6,0.87,23.0,0.86,21.6,0.95,44.48,0.96,67.7,0.08,0.08,0.094365,1776188344000
1776188346.15,246.15,0.05,44.48,0.04,67.7,0.13,23.0,0.14,21.6,0.87,23.0,0.86,21.6,0.95,44.48,0.96,67.7,0.08,0.08,0.094371,1776188345000
1776188347.088,247.088,0.08,30.29,0.07,39.9,0.12,5.68,0.16,15.0,0.87,23.0,0.86,21.6,0.95,44.48,0.96,67.7,0.04,0.08,0.094371,1776188345000
1776188347.517,247.517,0.08,30.29,0.07,39.9,0.12,5.68,0.16,15.0,0.88,5.68,0.84,15.0,0.92,30.29,0.93,39.9,0.04,0.04,0.094409,1776188346000
1776188348.199,248.199,0.08,30.29,0.07,39.9,0.12,5.68,0.16,15.0,0.88,5.68,0.84,15.0,0.92,30.29,0.93,39.9,0.04,0.04,0.09441,1776188347000
1776188349.506,249.506,0.08,30.29,0.07,39.9,0.12,5.68,0.16,15.0,0.88,5.68,0.84,15.0,0.92,30.29,0.93,39.9,0.04,0.04,0.094395,1776188348000
1776188350.269,250.269,0.08,30.29,0.07,39.9,0.12,5.68,0.16,15.0,0.88,5.68,0.84,15.0,0.92,30.29,0.93,39.9,0.04,0.04,0.094397,1776188349000
1776188351.483,251.483,0.08,30.29,0.07,39.9,0.12,5.68,0.16,15.0,0.88,5.68,0.84,15.0,0.92,30.29,0.93,39.9,0.04,0.04,0.094399,1776188350000
1776188352.122,252.122,0.08,30.29,0.07,39.9,0.12,5.68,0.16,15.0,0.88,5.68,0.84,15.0,0.92,30.29,0.93,39.9,0.04,0.04,0.094399,1776188351000
1776188353.42,253.42,0.08,30.29,0.07,39.9,0.12,5.68,0.16,15.0,0.88,5.68,0.84,15.0,0.92,30.29,0.93,39.9,0.04,0.04,0.094394,1776188352000
1776188354.093,254.093,0.08,30.29,0.07,39.9,0.12,5.68,0.16,15.0,0.88,5.68,0.84,15.0,0.92,30.29,0.93,39.9,0.04,0.04,0.094389,1776188353000
1776188355.386,255.386,0.08,30.29,0.07,39.9,0.12,5.68,0.16,15.0,0.88,5.68,0.84,15.0,0.92,30.29,0.93,39.9,0.04,0.04,0.094377,1776188354000
1776188356.149,256.149,0.08,30.29,0.07,39.9,0.12,5.68,0.16,15.0,0.88,5.68,0.84,15.0,0.92,30.29,0.93,39.9,0.04,0.04,0.094377,1776188355000
1776188356.705,256.705,0.03,89.3,0.02,137.69,0.08,28.29,0.09,31.7,0.88,5.68,0.84,15.0,0.92,30.29,0.93,39.9,0.05,0.04,0.094377,1776188355000
1776188357.234,257.234,0.03,89.3,0.02,137.69,0.08,23.29,0.09,31.7,0.92,23.29,0.91,31.7,0.97,89.3,0.98,137.69,0.05,0.05,0.094376,1776188356000
1776188358.236,258.236,0.03,89.3,0.02,137.69,0.08,23.29,0.09,31.7,0.92,23.29,0.91,31.7,0.97,89.3,0.98,137.69,0.05,0.05,0.094371,1776188357000
1776188359.346,259.346,0.03,89.3,0.02,137.69,0.08,23.29,0.09,31.7,0.92,23.29,0.91,31.7,0.97,89.3,0.98,137.69,0.05,0.05,0.094373,1776188358000
1776188360.401,260.401,0.03,89.3,0.02,137.69,0.08,23.29,0.09,31.7,0.92,23.29,0.91,31.7,0.97,89.3,0.98,137.69,0.05,0.05,0.094355,1776188359000
1776188361.063,261.063,0.02,0.92,0.01,549.66,0.04,67.7,0.05,54.7,0.92,23.29,0.91,31.7,0.97,89.3,0.98,137.69,0.02,0.05,0.094355,1776188359000
1776188361.412,261.412,0.01,546.54,,,0.04,67.7,0.05,54.7,0.96,67.7,0.95,54.7,0.98,0.92,0.99,549.66,0.03,0.02,0.094355,1776188359000
1776188361.972,261.972,0.01,540.52,,,0.03,89.3,0.04,67.7,0.97,89.3,0.96,67.7,0.99,545.52,,,0.02,0.02,0.09434,1776188360000
1776188362.18,262.18,0.01,527.38,,,0.03,84.11,0.04,67.7,0.97,84.11,0.96,67.7,0.99,529.4,,,0.02,0.02,0.09434,1776188361000
1776188362.703,262.703,0.01,514.84,,,0.03,84.11,0.04,67.7,0.97,84.11,0.96,67.7,0.99,526.36,,,0.02,0.02,0.09434,1776188361000
1776188362.987,262.987,0.01,509.84,,,0.03,84.11,0.04,67.7,0.97,84.11,0.96,67.7,0.99,514.84,,,0.02,0.02,0.09434,1776188361000
1776188363.986,263.986,0.01,509.84,,,0.03,84.11,0.04,67.7,0.97,84.11,0.96,67.7,0.99,509.84,,,0.02,0.02,0.094341,1776188363000
1776188364.635,264.635,0.01,428.82,,,0.04,67.7,0.05,54.7,0.97,84.11,0.96,67.7,0.99,509.84,,,0.03,0.02,0.094341,1776188363000
1776188364.985,264.985,0.01,428.82,,,0.04,67.7,0.05,54.7,0.96,67.7,0.95,54.7,0.99,428.82,,,0.03,0.03,0.094345,1776188364000
1776188366.028,266.028,0.01,428.82,,,0.04,67.7,0.05,54.7,0.96,67.7,0.95,54.7,0.99,428.82,,,0.03,0.03,0.094355,1776188365000
1776188367.053,267.053,0.01,428.82,,,0.03,84.3,0.04,67.7,0.97,84.3,0.96,67.7,0.99,428.82,,,0.02,0.02,0.094356,1776188366000
1776188368.0,268.0,0.01,428.82,,,0.03,84.3,0.04,67.7,0.97,84.3,0.96,67.7,0.99,428.82,,,0.02,0.02,0.094357,1776188367000
1776188368.983,268.983,0.01,428.82,,,0.03,84.3,0.04,67.7,0.97,84.3,0.96,67.7,0.99,428.82,,,0.02,0.02,0.094346,1776188368000
1776188369.225,269.225,0.01,163.17,,,0.03,84.3,0.04,67.7,0.98,132.69,0.97,84.3,0.99,164.19,,,0.02,0.01,0.094346,1776188368000
1776188369.813,269.813,0.01,158.12,,,0.03,84.3,0.04,67.7,0.97,84.3,0.96,67.7,0.99,163.17,,,0.02,0.02,0.094346,1776188368000
1776188370.119,270.119,0.01,143.12,,,0.03,84.3,0.04,67.7,0.97,84.3,0.96,67.7,0.99,158.12,,,0.02,0.02,0.094346,1776188368000
1776188370.726,270.726,0.01,143.12,,,0.03,84.3,0.04,67.7,0.97,84.3,0.96,67.7,0.99,143.12,,,0.02,0.02,0.094349,1776188369000
1776188370.941,270.941,0.01,43.12,,,0.03,74.3,0.04,67.7,0.97,84.3,0.96,67.7,0.99,43.12,,,0.02,0.02,0.094349,1776188369000
1776188371.71,271.71,0.01,300.66,,,0.03,74.3,0.04,67.7,0.97,74.3,0.96,67.7,0.99,43.12,,,0.02,0.02,0.094349,1776188369000
1776188372.502,272.502,0.01,295.61,,,0.03,74.3,0.04,67.7,0.97,74.3,0.96,67.7,0.99,295.61,,,0.02,0.02,0.094345,1776188371000
1776188373.101,273.101,0.01,284.7,,,0.03,74.3,0.04,67.7,0.97,74.3,0.96,67.7,0.99,295.61,,,0.02,0.02,0.094345,1776188371000
1776188373.451,273.451,,,,,0.03,74.3,0.04,67.7,0.97,74.3,0.96,67.7,,,,,,,0.094355,1776188372000
1776188374.125,274.125,,,,,0.03,74.3,0.04,67.7,0.97,74.3,0.96,67.7,,,,,,,0.094364,1776188373000
1776188374.737,274.737,,,,,0.02,127.8,0.03,79.45,0.97,74.3,0.96,67.7,,,,,,,0.094364,1776188373000
1776188375.551,275.551,,,,,0.02,127.8,0.03,79.45,0.98,127.8,0.97,79.45,,,,,,,0.094364,1776188374000
1776188376.215,276.215,,,,,0.03,3.14,0.09,10.0,0.98,127.8,0.97,79.45,,,,,,,0.094364,1776188374000
1776188376.986,276.986,,,,,0.03,3.14,0.09,10.0,0.97,3.14,0.91,10.0,,,,,,,0.094355,1776188376000
1776188378.466,278.466,,,,,0.03,3.14,0.09,10.0,0.97,3.14,0.91,10.0,,,,,,,0.094358,1776188377000
1776188379.149,279.149,,,,,0.03,3.14,0.09,10.0,0.97,3.14,0.91,10.0,,,,,,,0.094366,1776188378000
1776188380.727,280.727,,,,,0.03,3.14,0.09,10.0,0.97,3.14,0.91,10.0,,,,,,,0.094388,1776188379000
1776188381.436,281.436,,,,,0.03,3.14,0.09,10.0,0.97,3.14,0.91,10.0,,,,,,,0.09439,1776188380000
1776188382.345,282.345,,,,,0.03,3.14,0.09,10.0,0.97,3.14,0.91,10.0,,,,,,,0.09439,1776188381000
1776188383.711,283.711,,,,,0.03,3.14,0.09,10.0,0.97,3.14,0.91,10.0,,,,,,,0.094383,1776188382000
1776188384.339,284.339,,,,,0.03,3.14,0.09,10.0,0.97,3.14,0.91,10.0,,,,,,,0.09438,1776188383000
1776188385.094,285.094,,,,,0.03,3.14,0.09,10.0,0.97,3.14,0.91,10.0,,,,,,,0.094379,1776188384000
1776188386.46,286.46,,,,,0.03,3.14,0.09,10.0,0.97,3.14,0.91,10.0,,,,,,,0.094378,1776188385000
1776188387.144,287.144,,,,,0.03,3.14,0.09,10.0,0.97,3.14,0.91,10.0,,,,,,,0.094379,1776188386000
1776188388.576,288.576,,,,,0.03,3.14,0.09,10.0,0.97,3.14,0.91,10.0,,,,,,,0.094379,1776188387000
1776188389.918,289.918,,,,,0.03,3.14,0.09,10.0,0.97,3.14,0.91,10.0,,,,,,,0.09437,1776188388000
1776188390.723,290.723,,,,,0.03,3.14,0.09,10.0,0.97,3.14,0.91,10.0,,,,,,,0.094357,1776188389000
1776188391.464,291.464,,,,,0.03,3.14,0.09,10.0,0.97,3.14,0.91,10.0,,,,,,,0.094357,1776188390000
1776188392.395,292.395,,,,,0.03,3.14,0.09,10.0,0.97,3.14,0.91,10.0,,,,,,,0.094357,1776188391000
1776188392.879,292.879,,,,,0.01,1330.77,0.03,3.14,0.97,3.14,0.91,10.0,,,,,,,0.094357,1776188391000
1776188393.091,293.091,,,,,0.01,1330.77,0.03,3.14,0.99,1330.77,0.97,3.14,,,,,,,0.094357,1776188392000
1776188394.554,294.554,,,,,0.01,1330.77,0.03,3.14,0.99,1330.77,0.97,3.14,,,,,,,0.094357,1776188393000
1776188395.289,295.289,,,,,0.01,1330.77,0.03,3.14,0.99,1330.77,0.97,3.14,,,,,,,0.094359,1776188394000
1776188396.544,296.544,,,,,0.01,1330.77,0.03,3.14,0.99,1330.77,0.97,3.14,,,,,,,0.094363,1776188395000
1776188397.181,297.181,,,,,0.01,1330.77,0.03,3.14,0.99,1330.77,0.97,3.14,,,,,,,0.094363,1776188396000
1776188398.637,298.637,,,,,0.01,1330.77,0.03,3.14,0.99,1330.77,0.97,3.14,,,,,,,0.094385,1776188397000
1776188399.249,299.249,,,,,0.01,1330.77,0.03,3.14,0.99,1330.77,0.97,3.14,,,,,,,0.094385,1776188398000
1776188400.074,300.074,,,,,0.01,1330.77,0.03,3.14,0.99,1330.77,0.97,3.14,,,,,,,0.094386,1776188399000

# RESULT,winner=Down,slug=doge-updown-5m-1776188100,ticks=348
