timestamp,elapsed_sec,up_bid_p1,up_bid_s1,up_bid_p2,up_bid_s2,up_ask_p1,up_ask_s1,up_ask_p2,up_ask_s2,down_bid_p1,down_bid_s1,down_bid_p2,down_bid_s2,down_ask_p1,down_ask_s1,down_ask_p2,down_ask_s2,up_spread,down_spread,doge_price,doge_oracle_ts
1776249901.528,1.528,0.5,5.0,0.49,10.19,0.58,6.0,0.67,300.0,0.42,6.0,0.33,300.0,0.5,5.0,0.51,10.19,0.08,0.08,0.093052,1776244517000
1776249901.843,1.843,0.5,5.0,0.49,10.19,0.58,6.0,0.67,300.0,0.42,6.0,0.33,300.0,0.5,5.0,0.51,10.19,0.08,0.08,0.093052,1776244517000
1776249903.859,3.859,0.51,6.0,0.5,5.0,0.53,3.0,0.54,5.0,0.42,6.0,0.33,300.0,0.5,5.0,0.51,10.19,0.02,0.08,0.093052,1776244517000
1776249904.707,4.707,0.49,10.19,0.41,50.0,0.51,5.0,0.52,5.0,0.47,3.0,0.46,5.0,0.49,6.0,0.5,5.0,0.02,0.02,0.093052,1776244517000
1776249913.266,13.266,0.49,10.19,0.45,5.0,0.51,5.0,0.52,10.0,0.49,5.0,0.48,5.0,0.51,10.19,0.59,50.0,0.02,0.02,0.093052,1776244517000
1776249914.686,14.686,0.5,5.0,0.49,10.19,0.51,5.0,0.52,10.0,0.49,5.0,0.48,10.0,0.51,10.19,0.55,5.0,0.01,0.02,0.093052,1776244517000
1776249915.115,15.115,0.5,3.0,0.49,10.19,0.51,5.0,0.52,10.0,0.49,5.0,0.48,10.0,0.5,5.0,0.51,10.19,0.01,0.01,0.093052,1776244517000
1776249917.383,17.383,0.54,5.0,0.53,5.0,0.56,5.0,0.57,10.0,0.49,5.0,0.48,10.0,0.5,3.0,0.51,10.19,0.02,0.01,0.093052,1776244517000
1776249918.12,18.12,0.55,5.0,0.54,5.0,0.56,3.21,0.57,5.0,0.44,5.0,0.43,10.0,0.46,5.0,0.47,5.0,0.01,0.02,0.093052,1776244517000
1776249922.165,22.165,0.57,5.0,0.56,5.0,0.58,1.0,0.61,15.0,0.44,3.21,0.43,5.0,0.45,5.0,0.46,5.0,0.01,0.01,0.093052,1776244517000
1776249924.173,24.173,0.57,5.0,0.56,5.0,0.58,1.0,0.61,15.0,0.42,1.0,0.39,15.0,0.43,5.0,0.44,5.0,0.01,0.01,0.093077,1776249923000
1776249925.184,25.184,0.57,5.0,0.56,5.0,0.58,1.0,0.61,15.0,0.42,1.0,0.39,15.0,0.43,5.0,0.44,5.0,0.01,0.01,0.093078,1776249924000
1776249926.242,26.242,0.57,5.0,0.56,5.0,0.58,1.0,0.61,15.0,0.42,1.0,0.39,15.0,0.43,5.0,0.44,5.0,0.01,0.01,0.093072,1776249925000
1776249927.32,27.32,0.57,5.0,0.56,5.0,0.58,1.0,0.61,15.0,0.42,1.0,0.39,15.0,0.43,5.0,0.44,5.0,0.01,0.01,0.093072,1776249926000
1776249927.902,27.902,0.57,5.0,0.56,5.0,0.58,1.0,0.61,15.0,0.42,1.0,0.39,15.0,0.43,5.0,0.44,5.0,0.01,0.01,0.093069,1776249927000
1776249928.819,28.819,0.58,5.0,0.57,5.0,0.61,10.0,0.62,10.0,0.42,1.0,0.39,15.0,0.43,5.0,0.44,5.0,0.03,0.01,0.093069,1776249927000
1776249929.469,29.469,0.58,5.0,0.57,5.0,0.6,5.0,0.61,10.0,0.39,10.0,0.38,10.0,0.42,5.0,0.43,5.0,0.02,0.03,0.093067,1776249928000
1776249930.037,30.037,0.58,5.0,0.57,5.0,0.6,5.0,0.61,10.0,0.4,5.0,0.39,10.0,0.42,5.0,0.43,5.0,0.02,0.02,0.093066,1776249929000
1776249931.196,31.196,0.58,5.0,0.57,5.0,0.6,5.0,0.61,10.0,0.4,5.0,0.39,10.0,0.42,5.0,0.43,5.0,0.02,0.02,0.093064,1776249930000
1776249932.344,32.344,0.58,5.0,0.57,5.0,0.6,5.0,0.61,10.0,0.4,5.0,0.39,10.0,0.42,5.0,0.43,5.0,0.02,0.02,0.093083,1776249931000
1776249933.938,33.938,0.67,9.7,0.66,5.0,0.68,5.0,0.69,5.0,0.32,5.0,0.31,5.0,0.33,9.7,0.34,5.0,0.01,0.01,0.093094,1776249932000
1776249934.457,34.457,0.67,9.7,0.66,5.0,0.68,5.0,0.69,5.0,0.32,5.0,0.31,5.0,0.33,9.7,0.34,5.0,0.01,0.01,0.093106,1776249933000
1776249934.904,34.904,0.67,9.7,0.66,5.0,0.68,5.0,0.69,5.0,0.32,5.0,0.31,5.0,0.33,9.7,0.34,5.0,0.01,0.01,0.0931,1776249934000
1776249935.227,35.227,0.73,5.0,0.72,5.0,0.75,5.0,0.76,5.0,0.32,5.0,0.31,5.0,0.33,9.7,0.34,5.0,0.02,0.01,0.0931,1776249934000
1776249935.549,35.549,0.73,5.0,0.72,5.0,0.76,5.0,0.77,5.0,0.25,5.0,0.24,5.0,0.27,5.0,0.28,5.0,0.03,0.02,0.0931,1776249934000
1776249936.474,36.474,0.73,5.0,0.72,5.0,0.76,5.0,0.77,5.0,0.24,5.0,0.23,5.0,0.27,5.0,0.28,5.0,0.03,0.03,0.093114,1776249935000
1776249937.608,37.608,0.73,5.0,0.72,5.0,0.76,5.0,0.77,5.0,0.24,5.0,0.23,5.0,0.27,5.0,0.28,5.0,0.03,0.03,0.09312,1776249936000
1776249938.141,38.141,0.73,5.0,0.72,5.0,0.76,5.0,0.77,5.0,0.24,5.0,0.23,5.0,0.27,5.0,0.28,5.0,0.03,0.03,0.093125,1776249937000
1776249939.36,39.36,0.73,5.0,0.72,5.0,0.76,5.0,0.77,5.0,0.24,5.0,0.23,5.0,0.27,5.0,0.28,5.0,0.03,0.03,0.093136,1776249938000
1776249940.507,40.507,0.79,18.0,0.78,5.0,0.81,5.0,0.82,22.6,0.19,5.0,0.18,22.6,0.21,18.0,0.22,5.0,0.02,0.02,0.093136,1776249939000
1776249941.073,41.073,0.79,18.0,0.78,5.0,0.81,5.0,0.82,22.6,0.19,5.0,0.18,22.6,0.21,18.0,0.22,5.0,0.02,0.02,0.093143,1776249940000
1776249942.119,42.119,0.8,5.0,0.79,23.0,0.81,11.89,0.82,17.6,0.19,5.0,0.18,22.6,0.21,18.0,0.22,5.0,0.01,0.02,0.093143,1776249940000
1776249943.432,43.432,0.8,5.0,0.79,23.0,0.81,11.89,0.82,17.6,0.19,11.89,0.18,17.6,0.2,5.0,0.21,23.0,0.01,0.01,0.093153,1776249942000
1776249943.959,43.959,0.81,34.0,0.8,5.0,0.82,12.6,0.83,18.39,0.18,12.6,0.17,18.39,0.19,34.0,0.2,5.0,0.01,0.01,0.09316,1776249943000
1776249945.207,45.207,0.81,34.0,0.8,5.0,0.82,12.6,0.83,18.39,0.18,12.6,0.17,18.39,0.19,34.0,0.2,5.0,0.01,0.01,0.093182,1776249944000
1776249946.419,46.419,0.81,34.0,0.8,5.0,0.82,12.6,0.83,18.39,0.18,12.6,0.17,18.39,0.19,34.0,0.2,5.0,0.01,0.01,0.093179,1776249945000
1776249946.916,46.916,0.81,34.0,0.8,5.0,0.82,12.6,0.83,18.39,0.18,12.6,0.17,18.39,0.19,34.0,0.2,5.0,0.01,0.01,0.093185,1776249946000
1776249948.142,48.142,0.81,34.0,0.8,5.0,0.82,12.6,0.83,18.39,0.18,12.6,0.17,18.39,0.19,34.0,0.2,5.0,0.01,0.01,0.093187,1776249947000
1776249949.074,49.074,0.81,34.0,0.8,5.0,0.82,12.6,0.83,18.39,0.18,12.6,0.17,18.39,0.19,34.0,0.2,5.0,0.01,0.01,0.09319,1776249948000
1776249949.736,49.736,0.86,26.0,0.82,5.0,0.87,5.0,0.88,29.6,0.18,12.6,0.17,18.39,0.19,34.0,0.2,5.0,0.01,0.01,0.09319,1776249948000
1776249950.083,50.083,0.86,16.18,0.81,5.0,0.87,5.0,0.88,29.6,0.13,5.0,0.12,29.6,0.14,16.18,0.19,5.0,0.01,0.01,0.093195,1776249949000
1776249950.626,50.626,0.81,11.28,0.8,5.0,0.82,5.0,0.83,5.0,0.13,5.0,0.12,29.6,0.14,16.18,0.19,5.0,0.01,0.01,0.093195,1776249949000
1776249950.983,50.983,0.81,11.28,0.8,5.0,0.82,5.0,0.83,5.0,0.18,5.0,0.17,5.0,0.19,11.28,0.2,5.0,0.01,0.01,0.09318,1776249950000
1776249951.946,51.946,0.81,11.28,0.8,5.0,0.82,5.0,0.83,5.0,0.18,5.0,0.17,5.0,0.19,11.28,0.2,5.0,0.01,0.01,0.093168,1776249951000
1776249952.318,52.318,0.7,10.07,0.69,15.0,0.81,44.0,0.82,10.0,0.19,44.0,0.18,15.0,0.3,15.0,0.31,15.0,0.11,0.11,0.093168,1776249951000
1776249952.903,52.903,0.7,10.07,0.69,15.0,0.81,44.0,0.82,10.0,0.19,44.0,0.18,10.0,0.3,10.07,0.31,15.0,0.11,0.11,0.093157,1776249952000
1776249953.871,53.871,0.7,10.07,0.69,15.0,0.81,44.0,0.82,10.0,0.19,44.0,0.18,10.0,0.3,10.07,0.31,15.0,0.11,0.11,0.093147,1776249953000
1776249954.131,54.131,0.83,5.0,0.82,16.0,0.84,14.3,0.85,20.39,0.19,44.0,0.18,10.0,0.3,10.07,0.31,15.0,0.01,0.11,0.093147,1776249953000
1776249954.845,54.845,0.83,5.0,0.82,16.0,0.84,14.3,0.85,20.39,0.16,14.3,0.15,20.39,0.17,5.0,0.18,16.0,0.01,0.01,0.093132,1776249954000
1776249955.206,55.206,0.84,12.28,0.83,5.0,0.85,25.39,0.86,26.6,0.16,14.3,0.15,20.39,0.17,5.0,0.18,16.0,0.01,0.01,0.093132,1776249954000
1776249955.814,55.814,0.84,12.28,0.83,5.0,0.85,25.39,0.86,26.6,0.15,25.39,0.14,26.6,0.16,12.28,0.17,5.0,0.01,0.01,0.093171,1776249955000
1776249956.921,56.921,0.84,12.28,0.83,5.0,0.85,25.39,0.86,26.6,0.15,25.39,0.14,26.6,0.16,12.28,0.17,5.0,0.01,0.01,0.093179,1776249956000
1776249958.301,58.301,0.84,12.28,0.83,5.0,0.85,25.39,0.86,26.6,0.15,25.39,0.14,26.6,0.16,12.28,0.17,5.0,0.01,0.01,0.093185,1776249957000
1776249959.297,59.297,0.84,12.28,0.83,5.0,0.85,25.39,0.86,26.6,0.15,25.39,0.14,26.6,0.16,12.28,0.17,5.0,0.01,0.01,0.093182,1776249958000
1776249960.278,60.278,0.84,12.28,0.83,5.0,0.85,25.39,0.86,26.6,0.15,25.39,0.14,26.6,0.16,12.28,0.17,5.0,0.01,0.01,0.093184,1776249959000
1776249961.898,61.898,0.84,12.28,0.83,5.0,0.85,25.39,0.86,26.6,0.15,25.39,0.14,26.6,0.16,12.28,0.17,5.0,0.01,0.01,0.093178,1776249960000
1776249962.496,62.496,0.84,12.28,0.83,5.0,0.85,25.39,0.86,26.6,0.15,25.39,0.14,26.6,0.16,12.28,0.17,5.0,0.01,0.01,0.093174,1776249961000
1776249963.194,63.194,0.84,12.28,0.83,5.0,0.85,25.39,0.86,26.6,0.15,25.39,0.14,26.6,0.16,12.28,0.17,5.0,0.01,0.01,0.093193,1776249962000
1776249964.347,64.347,0.84,12.28,0.83,5.0,0.85,25.39,0.86,26.6,0.15,25.39,0.14,26.6,0.16,12.28,0.17,5.0,0.01,0.01,0.093193,1776249963000
1776249965.382,65.382,0.84,12.28,0.83,5.0,0.85,25.39,0.86,26.6,0.15,25.39,0.14,26.6,0.16,12.28,0.17,5.0,0.01,0.01,0.093202,1776249964000
1776249965.994,65.994,0.84,12.28,0.83,5.0,0.85,25.39,0.86,26.6,0.15,25.39,0.14,26.6,0.16,12.28,0.17,5.0,0.01,0.01,0.093218,1776249965000
1776249966.773,66.773,0.83,2.0,0.82,5.0,0.84,5.0,0.85,5.0,0.15,25.39,0.14,26.6,0.16,12.28,0.17,5.0,0.01,0.01,0.093218,1776249965000
1776249967.117,67.117,0.83,2.0,0.82,5.0,0.84,5.0,0.85,5.0,0.16,5.0,0.15,5.0,0.17,2.0,0.18,5.0,0.01,0.01,0.093213,1776249966000
1776249968.189,68.189,0.83,2.0,0.82,5.0,0.84,5.0,0.85,5.0,0.16,5.0,0.15,5.0,0.17,2.0,0.18,5.0,0.01,0.01,0.093204,1776249967000
1776249969.35,69.35,0.83,2.0,0.82,5.0,0.84,5.0,0.85,5.0,0.16,5.0,0.15,5.0,0.17,2.0,0.18,5.0,0.01,0.01,0.093189,1776249968000
1776249969.933,69.933,0.83,2.0,0.82,5.0,0.84,5.0,0.85,5.0,0.16,5.0,0.15,5.0,0.17,2.0,0.18,5.0,0.01,0.01,0.093194,1776249969000
1776249971.031,71.031,0.83,2.0,0.82,5.0,0.84,5.0,0.85,5.0,0.16,5.0,0.15,5.0,0.17,2.0,0.18,5.0,0.01,0.01,0.093188,1776249970000
1776249972.136,72.136,0.83,2.0,0.82,5.0,0.84,5.0,0.85,5.0,0.16,5.0,0.15,5.0,0.17,2.0,0.18,5.0,0.01,0.01,0.09319,1776249971000
1776249973.183,73.183,0.83,2.0,0.82,5.0,0.84,5.0,0.85,5.0,0.16,5.0,0.15,5.0,0.17,2.0,0.18,5.0,0.01,0.01,0.093191,1776249972000
1776249974.183,74.183,0.83,2.0,0.82,5.0,0.84,5.0,0.85,5.0,0.16,5.0,0.15,5.0,0.17,2.0,0.18,5.0,0.01,0.01,0.093197,1776249973000
1776249974.523,74.523,0.85,5.0,0.82,10.0,0.87,5.0,0.88,5.0,0.16,5.0,0.15,5.0,0.17,2.0,0.18,5.0,0.02,0.01,0.093197,1776249973000
1776249975.394,75.394,0.85,5.0,0.82,10.0,0.87,5.0,0.88,5.0,0.13,5.0,0.12,5.0,0.15,5.0,0.18,10.0,0.02,0.02,0.093198,1776249974000
1776249976.427,76.427,0.85,5.0,0.82,10.0,0.87,5.0,0.88,5.0,0.13,5.0,0.12,5.0,0.15,5.0,0.18,10.0,0.02,0.02,0.093191,1776249975000
1776249976.976,76.976,0.85,5.0,0.82,10.0,0.87,5.0,0.88,5.0,0.13,5.0,0.12,5.0,0.15,5.0,0.18,10.0,0.02,0.02,0.093191,1776249976000
1776249978.208,78.208,0.85,5.0,0.82,10.0,0.87,5.0,0.88,5.0,0.13,5.0,0.12,5.0,0.15,5.0,0.18,10.0,0.02,0.02,0.093192,1776249977000
1776249979.385,79.385,0.85,5.0,0.82,10.0,0.87,5.0,0.88,5.0,0.13,5.0,0.12,5.0,0.15,5.0,0.18,10.0,0.02,0.02,0.093192,1776249978000
1776249979.876,79.876,0.85,5.0,0.82,10.0,0.87,5.0,0.88,5.0,0.13,5.0,0.12,5.0,0.15,5.0,0.18,10.0,0.02,0.02,0.093192,1776249979000
1776249981.039,81.039,0.85,5.0,0.82,10.0,0.87,5.0,0.88,5.0,0.13,5.0,0.12,5.0,0.15,5.0,0.18,10.0,0.02,0.02,0.093191,1776249980000
1776249982.188,82.188,0.85,5.0,0.82,10.0,0.87,5.0,0.88,5.0,0.13,5.0,0.12,5.0,0.15,5.0,0.18,10.0,0.02,0.02,0.093193,1776249981000
1776249983.369,83.369,0.85,5.0,0.82,10.0,0.87,5.0,0.88,5.0,0.13,5.0,0.12,5.0,0.15,5.0,0.18,10.0,0.02,0.02,0.093195,1776249982000
1776249986.877,86.877,0.85,5.0,0.84,5.0,0.87,5.0,0.88,5.0,0.13,5.0,0.12,5.0,0.15,5.0,0.16,5.0,0.02,0.02,0.093193,1776249985000
1776249987.222,87.222,0.85,5.0,0.84,5.0,0.87,5.0,0.88,5.0,0.13,5.0,0.12,5.0,0.15,5.0,0.16,5.0,0.02,0.02,0.093192,1776249986000
1776249987.452,87.452,0.85,5.0,0.83,5.0,0.87,5.0,0.88,29.6,0.13,5.0,0.12,5.0,0.15,5.0,0.16,5.0,0.02,0.02,0.093192,1776249986000
1776249988.298,88.298,0.85,5.0,0.83,5.0,0.87,5.0,0.88,29.6,0.13,5.0,0.12,29.6,0.15,5.0,0.17,5.0,0.02,0.02,0.093191,1776249987000
1776249989.421,89.421,0.85,5.0,0.83,5.0,0.87,5.0,0.88,29.6,0.13,5.0,0.12,29.6,0.15,5.0,0.17,5.0,0.02,0.02,0.093181,1776249988000
1776249989.977,89.977,0.85,5.0,0.83,5.0,0.87,5.0,0.88,29.6,0.13,5.0,0.12,29.6,0.15,5.0,0.17,5.0,0.02,0.02,0.093182,1776249989000
1776249990.494,90.494,0.87,5.0,0.86,5.0,0.88,5.0,0.89,31.6,0.13,5.0,0.12,29.6,0.15,5.0,0.17,5.0,0.01,0.02,0.093182,1776249989000
1776249991.035,91.035,0.87,5.0,0.86,5.0,0.88,5.0,0.89,31.6,0.12,5.0,0.11,31.6,0.13,5.0,0.14,5.0,0.01,0.01,0.093188,1776249990000
1776249992.182,92.182,0.87,5.0,0.86,5.0,0.88,5.0,0.89,31.6,0.12,5.0,0.11,31.6,0.13,5.0,0.14,5.0,0.01,0.01,0.093193,1776249991000
1776249992.44,92.44,0.87,5.0,0.85,5.0,0.89,31.6,0.9,33.9,0.12,5.0,0.11,31.6,0.13,5.0,0.14,5.0,0.02,0.01,0.093193,1776249991000
1776249993.24,93.24,0.87,5.0,0.85,5.0,0.89,31.6,0.9,33.9,0.11,31.6,0.1,33.9,0.13,5.0,0.15,5.0,0.02,0.02,0.093193,1776249992000
1776249994.321,94.321,0.87,5.0,0.85,5.0,0.89,31.6,0.9,33.9,0.11,31.6,0.1,33.9,0.13,5.0,0.15,5.0,0.02,0.02,0.093191,1776249993000
1776249994.593,94.593,0.87,5.0,0.85,5.0,0.88,6.29,0.89,31.6,0.12,22.65,0.11,31.6,0.13,5.0,0.15,5.0,0.01,0.01,0.093191,1776249993000
1776249995.326,95.326,0.87,5.0,0.85,5.0,0.88,6.29,0.89,31.6,0.12,6.29,0.11,31.6,0.13,5.0,0.15,5.0,0.01,0.01,0.09319,1776249994000
1776249996.016,96.016,0.87,5.0,0.85,5.0,0.88,6.29,0.89,31.6,0.12,6.29,0.11,31.6,0.13,5.0,0.15,5.0,0.01,0.01,0.093191,1776249995000
1776249997.023,97.023,0.87,5.0,0.85,5.0,0.88,6.29,0.89,31.6,0.12,6.29,0.11,31.6,0.13,5.0,0.15,5.0,0.01,0.01,0.093182,1776249996000
1776249998.158,98.158,0.87,5.0,0.85,5.0,0.88,6.29,0.89,31.6,0.12,6.29,0.11,31.6,0.13,5.0,0.15,5.0,0.01,0.01,0.093184,1776249997000
1776249999.234,99.234,0.87,5.0,0.85,5.0,0.88,6.29,0.89,31.6,0.12,6.29,0.11,31.6,0.13,5.0,0.15,5.0,0.01,0.01,0.093206,1776249998000
1776250000.787,100.787,0.87,5.0,0.85,5.0,0.88,6.29,0.89,31.6,0.12,6.29,0.11,31.6,0.13,5.0,0.15,5.0,0.01,0.01,0.093199,1776249999000
1776250001.267,101.267,0.87,5.0,0.85,5.0,0.88,6.29,0.89,31.6,0.12,6.29,0.11,31.6,0.13,5.0,0.15,5.0,0.01,0.01,0.093199,1776250000000
1776250001.472,101.472,0.87,5.0,0.86,5.0,0.9,10.0,0.91,36.7,0.12,6.29,0.11,31.6,0.13,5.0,0.15,5.0,0.03,0.01,0.093199,1776250000000
1776250002.484,102.484,0.87,5.0,0.86,5.0,0.9,10.0,0.91,36.7,0.1,10.0,0.09,36.7,0.13,5.0,0.14,5.0,0.03,0.03,0.093199,1776250001000
1776250003.037,103.037,0.87,5.0,0.86,5.0,0.9,10.0,0.91,36.7,0.1,10.0,0.09,36.7,0.13,5.0,0.14,5.0,0.03,0.03,0.093204,1776250002000
1776250004.144,104.144,0.87,5.0,0.86,5.0,0.9,10.0,0.91,36.7,0.1,10.0,0.09,36.7,0.13,5.0,0.14,5.0,0.03,0.03,0.093203,1776250003000
1776250005.167,105.167,0.89,5.0,0.88,5.0,0.91,5.0,0.92,40.29,0.09,5.0,0.08,40.29,0.11,5.0,0.12,5.0,0.02,0.02,0.093203,1776250004000
1776250006.37,106.37,0.89,5.0,0.88,5.0,0.91,3.8,0.92,40.29,0.09,3.8,0.08,40.29,0.11,5.0,0.12,5.0,0.02,0.02,0.093202,1776250005000
1776250007.423,107.423,0.89,5.0,0.88,5.0,0.91,3.8,0.92,40.29,0.09,3.8,0.08,40.29,0.11,5.0,0.12,5.0,0.02,0.02,0.093199,1776250006000
1776250007.989,107.989,0.89,5.0,0.88,5.0,0.91,3.8,0.92,40.29,0.09,3.8,0.08,40.29,0.11,5.0,0.12,5.0,0.02,0.02,0.093202,1776250007000
1776250009.087,109.087,0.89,5.0,0.88,5.0,0.91,3.8,0.92,40.29,0.09,3.8,0.08,40.29,0.11,5.0,0.12,5.0,0.02,0.02,0.093199,1776250008000
1776250010.29,110.29,0.89,5.0,0.88,5.0,0.91,3.8,0.92,40.29,0.09,3.8,0.08,40.29,0.11,5.0,0.12,5.0,0.02,0.02,0.093198,1776250009000
1776250010.518,110.518,0.89,5.0,0.88,5.0,0.91,3.8,0.92,5.0,0.09,3.8,0.08,40.29,0.11,5.0,0.12,5.0,0.02,0.02,0.093198,1776250009000
1776250010.794,110.794,0.89,5.0,0.88,5.0,0.91,3.8,0.92,5.0,0.09,3.8,0.08,5.0,0.11,5.0,0.12,5.0,0.02,0.02,0.093197,1776250010000
1776250011.888,111.888,0.89,5.0,0.88,5.0,0.91,3.8,0.92,5.0,0.09,3.8,0.08,5.0,0.11,5.0,0.12,5.0,0.02,0.02,0.093204,1776250011000
1776250012.989,112.989,0.89,5.0,0.88,5.0,0.91,3.8,0.92,5.0,0.09,3.8,0.08,5.0,0.11,5.0,0.12,5.0,0.02,0.02,0.093213,1776250012000
1776250013.376,113.376,0.9,5.0,0.89,5.0,0.92,5.0,0.93,44.9,0.09,3.8,0.08,5.0,0.11,5.0,0.12,5.0,0.02,0.02,0.093213,1776250012000
1776250014.069,114.069,0.9,5.0,0.89,5.0,0.92,5.0,0.93,44.9,0.08,5.0,0.07,44.9,0.1,5.0,0.11,5.0,0.02,0.02,0.093217,1776250013000
1776250015.271,115.271,0.9,5.0,0.89,5.0,0.92,5.0,0.93,44.9,0.08,5.0,0.07,44.9,0.1,5.0,0.11,5.0,0.02,0.02,0.093207,1776250014000
1776250016.384,116.384,0.9,5.0,0.89,5.0,0.92,5.0,0.93,44.9,0.08,5.0,0.07,44.9,0.1,5.0,0.11,5.0,0.02,0.02,0.093195,1776250015000
1776250016.894,116.894,0.9,5.0,0.89,5.0,0.92,5.0,0.93,44.9,0.08,5.0,0.07,44.9,0.1,5.0,0.11,5.0,0.02,0.02,0.093195,1776250016000
1776250017.938,117.938,0.9,5.0,0.89,5.0,0.92,5.0,0.93,44.9,0.08,5.0,0.07,44.9,0.1,5.0,0.11,5.0,0.02,0.02,0.093204,1776250017000
1776250018.976,118.976,0.9,5.0,0.89,5.0,0.92,5.0,0.93,44.9,0.08,5.0,0.07,44.9,0.1,5.0,0.11,5.0,0.02,0.02,0.093214,1776250018000
1776250019.239,119.239,0.91,5.0,0.9,5.0,0.93,5.0,0.94,51.1,0.08,5.0,0.07,5.0,0.09,5.0,0.1,5.0,0.02,0.01,0.093214,1776250018000
1776250020.148,120.148,0.91,5.0,0.9,5.0,0.93,5.0,0.94,51.1,0.07,5.0,0.06,51.1,0.09,5.0,0.1,5.0,0.02,0.02,0.093215,1776250019000
1776250021.191,121.191,0.91,5.0,0.9,5.0,0.93,5.0,0.94,51.1,0.07,5.0,0.06,51.1,0.09,5.0,0.1,5.0,0.02,0.02,0.093213,1776250020000
1776250021.398,121.398,0.91,5.0,0.9,5.0,0.94,51.1,0.95,59.7,0.07,5.0,0.06,51.1,0.09,5.0,0.1,5.0,0.03,0.02,0.093213,1776250020000
1776250022.275,122.275,0.91,5.0,0.9,5.0,0.94,51.1,0.95,59.7,0.06,51.1,0.05,59.7,0.09,5.0,0.1,5.0,0.03,0.03,0.093218,1776250021000
1776250023.346,123.346,0.91,5.0,0.9,5.0,0.94,51.1,0.95,59.7,0.06,51.1,0.05,59.7,0.09,5.0,0.1,5.0,0.03,0.03,0.093206,1776250022000
1776250023.905,123.905,0.91,5.0,0.9,5.0,0.93,44.9,0.94,51.1,0.07,44.9,0.06,51.1,0.09,5.0,0.1,5.0,0.02,0.02,0.093202,1776250023000
1776250025.052,125.052,0.91,5.0,0.9,5.0,0.93,44.9,0.94,51.1,0.07,44.9,0.06,51.1,0.09,5.0,0.1,5.0,0.02,0.02,0.093193,1776250024000
1776250026.155,126.155,0.91,5.0,0.9,5.0,0.93,44.9,0.94,51.1,0.07,44.9,0.06,51.1,0.09,5.0,0.1,5.0,0.02,0.02,0.093193,1776250025000
1776250027.131,127.131,0.91,5.0,0.9,5.0,0.93,44.9,0.94,51.1,0.07,44.9,0.06,51.1,0.09,5.0,0.1,5.0,0.02,0.02,0.093213,1776250026000
1776250028.202,128.202,0.91,5.0,0.9,5.0,0.93,44.9,0.94,51.1,0.07,44.9,0.06,51.1,0.09,5.0,0.1,5.0,0.02,0.02,0.093226,1776250027000
1776250029.345,129.345,0.91,5.0,0.9,5.0,0.93,44.9,0.94,51.1,0.07,44.9,0.06,51.1,0.09,5.0,0.1,5.0,0.02,0.02,0.093228,1776250028000
1776250029.882,129.882,0.91,5.0,0.9,5.0,0.93,44.9,0.94,51.1,0.07,44.9,0.06,51.1,0.09,5.0,0.1,5.0,0.02,0.02,0.093228,1776250029000
1776250031.219,131.219,0.91,5.0,0.9,5.0,0.93,44.9,0.94,51.1,0.07,44.9,0.06,51.1,0.09,5.0,0.1,5.0,0.02,0.02,0.093225,1776250030000
1776250031.951,131.951,0.91,5.0,0.9,5.0,0.93,44.9,0.94,51.1,0.07,44.9,0.06,51.1,0.09,5.0,0.1,5.0,0.02,0.02,0.093228,1776250031000
1776250033.796,133.796,0.91,5.0,0.9,5.0,0.93,44.9,0.94,51.1,0.07,44.9,0.06,51.1,0.09,5.0,0.1,5.0,0.02,0.02,0.093234,1776250032000
1776250034.349,134.349,0.91,5.0,0.9,5.0,0.93,44.9,0.94,51.1,0.07,44.9,0.06,51.1,0.09,5.0,0.1,5.0,0.02,0.02,0.093226,1776250033000
1776250035.585,135.585,0.91,5.0,0.9,5.0,0.93,44.9,0.94,51.1,0.07,44.9,0.06,51.1,0.09,5.0,0.1,5.0,0.02,0.02,0.093221,1776250034000
1776250036.543,136.543,0.91,5.0,0.9,5.0,0.93,44.9,0.94,51.1,0.07,44.9,0.06,51.1,0.09,5.0,0.1,5.0,0.02,0.02,0.093238,1776250035000
1776250037.505,137.505,0.91,5.0,0.9,5.0,0.93,44.9,0.94,51.1,0.07,44.9,0.06,51.1,0.09,5.0,0.1,5.0,0.02,0.02,0.09326,1776250036000
1776250038.175,138.175,0.91,5.0,0.9,5.0,0.93,44.9,0.94,51.1,0.07,44.9,0.06,51.1,0.09,5.0,0.1,5.0,0.02,0.02,0.093263,1776250037000
1776250039.537,139.537,0.91,5.0,0.9,5.0,0.93,44.9,0.94,51.1,0.07,44.9,0.06,51.1,0.09,5.0,0.1,5.0,0.02,0.02,0.093269,1776250038000
1776250040.181,140.181,0.91,5.0,0.9,5.0,0.93,44.9,0.94,51.1,0.07,44.9,0.06,51.1,0.09,5.0,0.1,5.0,0.02,0.02,0.093271,1776250039000
1776250041.563,141.563,0.91,5.0,0.9,5.0,0.93,44.9,0.94,51.1,0.07,44.9,0.06,51.1,0.09,5.0,0.1,5.0,0.02,0.02,0.093257,1776250040000
1776250042.099,142.099,0.91,5.0,0.9,5.0,0.93,44.9,0.94,51.1,0.07,44.9,0.06,51.1,0.09,5.0,0.1,5.0,0.02,0.02,0.093255,1776250041000
1776250043.494,143.494,0.91,5.0,0.9,5.0,0.93,44.9,0.94,51.1,0.07,44.9,0.06,51.1,0.09,5.0,0.1,5.0,0.02,0.02,0.093256,1776250042000
1776250044.148,144.148,0.91,5.0,0.9,5.0,0.93,44.9,0.94,51.1,0.07,44.9,0.06,51.1,0.09,5.0,0.1,5.0,0.02,0.02,0.093277,1776250043000
1776250045.509,145.509,0.91,5.0,0.9,5.0,0.93,44.9,0.94,51.1,0.07,44.9,0.06,51.1,0.09,5.0,0.1,5.0,0.02,0.02,0.093274,1776250044000
1776250046.304,146.304,0.91,5.0,0.9,5.0,0.93,44.9,0.94,51.1,0.07,44.9,0.06,51.1,0.09,5.0,0.1,5.0,0.02,0.02,0.093272,1776250045000
1776250047.476,147.476,0.91,5.0,0.9,5.0,0.93,44.9,0.94,51.1,0.07,44.9,0.06,51.1,0.09,5.0,0.1,5.0,0.02,0.02,0.0933,1776250046000
1776250048.346,148.346,0.91,5.0,0.9,5.0,0.93,44.9,0.94,51.1,0.07,44.9,0.06,51.1,0.09,5.0,0.1,5.0,0.02,0.02,0.093301,1776250047000
1776250049.84,149.84,0.91,5.0,0.9,5.0,0.93,44.9,0.94,51.1,0.07,44.9,0.06,51.1,0.09,5.0,0.1,5.0,0.02,0.02,0.093299,1776250048000
1776250050.38,150.38,0.91,5.0,0.9,5.0,0.93,44.9,0.94,51.1,0.07,44.9,0.06,51.1,0.09,5.0,0.1,5.0,0.02,0.02,0.0933,1776250049000
1776250051.035,151.035,0.91,5.0,0.9,5.0,0.93,44.9,0.94,51.1,0.07,44.9,0.06,51.1,0.09,5.0,0.1,5.0,0.02,0.02,0.093296,1776250050000
1776250051.566,151.566,0.97,5.0,0.96,72.7,0.98,8.46,0.99,557.6,0.07,44.9,0.06,51.1,0.09,5.0,0.1,5.0,0.01,0.02,0.093296,1776250050000
1776250052.3,152.3,0.97,5.0,0.96,72.7,0.98,8.46,0.99,557.6,0.02,8.46,0.01,557.6,0.03,5.0,0.04,72.7,0.01,0.01,0.093296,1776250051000
1776250053.251,153.251,0.97,5.0,0.96,72.7,0.98,8.46,0.99,557.6,0.02,8.46,0.01,557.6,0.03,5.0,0.04,72.7,0.01,0.01,0.093283,1776250052000
1776250053.657,153.657,0.97,5.0,0.96,72.7,0.98,7.43,0.99,557.6,0.02,8.46,0.01,557.6,0.03,5.0,0.04,72.7,0.01,0.01,0.093283,1776250052000
1776250054.678,154.678,0.97,5.0,0.96,72.7,0.98,7.43,0.99,557.6,0.02,7.43,0.01,557.6,0.03,5.0,0.04,72.7,0.01,0.01,0.093275,1776250053000
1776250055.462,155.462,0.97,5.0,0.96,72.7,0.98,7.43,0.99,557.6,0.02,7.43,0.01,557.6,0.03,5.0,0.04,72.7,0.01,0.01,0.093278,1776250054000
1776250056.096,156.096,0.97,5.0,0.96,72.7,0.98,7.43,0.99,557.6,0.02,7.43,0.01,557.6,0.03,5.0,0.04,72.7,0.01,0.01,0.093284,1776250055000
1776250057.448,157.448,0.97,5.0,0.96,72.7,0.98,7.43,0.99,557.6,0.02,7.43,0.01,557.6,0.03,5.0,0.04,72.7,0.01,0.01,0.093287,1776250056000
1776250058.045,158.045,0.97,5.0,0.96,72.7,0.98,7.43,0.99,557.6,0.02,7.43,0.01,557.6,0.03,5.0,0.04,72.7,0.01,0.01,0.093275,1776250057000
1776250058.495,158.495,0.97,5.0,0.96,72.7,0.99,554.85,,,0.02,7.43,0.01,557.6,0.03,5.0,0.04,72.7,0.02,0.01,0.093275,1776250057000
1776250059.509,159.509,0.97,5.0,0.96,72.7,0.99,554.85,,,0.01,554.85,,,0.03,5.0,0.04,72.7,0.02,0.02,0.093258,1776250058000
1776250060.125,160.125,0.97,5.0,0.96,72.7,0.99,554.85,,,0.01,554.85,,,0.03,5.0,0.04,72.7,0.02,0.02,0.093263,1776250059000
1776250061.473,161.473,0.97,5.0,0.96,72.7,0.99,554.85,,,0.01,554.85,,,0.03,5.0,0.04,72.7,0.02,0.02,0.093261,1776250060000
1776250062.088,162.088,0.97,5.0,0.96,72.7,0.99,554.85,,,0.01,554.85,,,0.03,5.0,0.04,72.7,0.02,0.02,0.093261,1776250061000
1776250063.374,163.374,0.97,5.0,0.96,72.7,0.99,554.85,,,0.01,554.85,,,0.03,5.0,0.04,72.7,0.02,0.02,0.093252,1776250062000
1776250063.903,163.903,0.97,5.0,0.96,72.7,0.99,554.85,,,0.01,554.85,,,0.03,5.0,0.04,72.7,0.02,0.02,0.093252,1776250063000
1776250066.17,166.17,0.97,5.0,0.96,72.7,0.99,554.85,,,0.01,554.85,,,0.03,5.0,0.04,72.7,0.02,0.02,0.09325,1776250065000
1776250067.187,167.187,0.97,5.0,0.96,5.0,0.99,554.85,,,0.01,554.85,,,0.03,5.0,0.04,5.0,0.02,0.02,0.093234,1776250066000
1776250068.266,168.266,0.97,5.0,0.96,5.0,0.99,554.85,,,0.01,554.85,,,0.03,5.0,0.04,5.0,0.02,0.02,0.093238,1776250067000
1776250068.496,168.496,0.97,5.0,0.96,5.0,0.99,554.85,,,0.01,554.85,,,0.03,5.0,0.04,5.0,0.02,0.02,0.093238,1776250067000
1776250069.354,169.354,0.97,5.0,0.96,5.0,0.99,554.85,,,0.01,554.85,,,0.03,5.0,0.04,5.0,0.02,0.02,0.093242,1776250068000
1776250070.042,170.042,0.97,5.0,0.96,5.0,0.99,554.85,,,0.01,554.85,,,0.03,5.0,0.04,5.0,0.02,0.02,0.093244,1776250069000
1776250071.069,171.069,0.97,5.0,0.96,5.0,0.99,554.85,,,0.01,554.85,,,0.03,5.0,0.04,5.0,0.02,0.02,0.093244,1776250070000
1776250072.161,172.161,0.97,5.0,0.96,5.0,0.99,554.85,,,0.01,554.85,,,0.03,5.0,0.04,5.0,0.02,0.02,0.093242,1776250071000
1776250072.425,172.425,0.97,5.0,0.96,5.0,0.99,554.85,,,0.01,554.85,,,0.03,5.0,0.04,5.0,0.02,0.02,0.093242,1776250071000
1776250073.323,173.323,0.97,5.0,0.96,5.0,0.99,554.85,,,0.01,554.85,,,0.03,5.0,0.04,5.0,0.02,0.02,0.093242,1776250072000
1776250073.853,173.853,0.97,5.0,0.96,5.0,0.99,554.85,,,0.01,554.85,,,0.03,5.0,0.04,5.0,0.02,0.02,0.093238,1776250073000
1776250074.953,174.953,0.97,5.0,0.96,5.0,0.99,554.85,,,0.01,554.85,,,0.03,5.0,0.04,5.0,0.02,0.02,0.093238,1776250074000
1776250075.879,175.879,0.97,5.0,0.96,5.0,0.99,554.85,,,0.01,554.85,,,0.03,5.0,0.04,5.0,0.02,0.02,0.093245,1776250075000
1776250077.052,177.052,0.97,5.0,0.96,5.0,0.99,554.85,,,0.01,554.85,,,0.03,5.0,0.04,5.0,0.02,0.02,0.093235,1776250076000
1776250078.126,178.126,0.97,5.0,0.96,5.0,0.99,554.85,,,0.01,554.85,,,0.03,5.0,0.04,5.0,0.02,0.02,0.093235,1776250077000
1776250079.271,179.271,0.97,5.0,0.96,5.0,0.99,554.85,,,0.01,554.85,,,0.03,5.0,0.04,5.0,0.02,0.02,0.093232,1776250078000
1776250080.405,180.405,0.97,5.0,0.96,5.0,0.99,554.85,,,0.01,554.85,,,0.03,5.0,0.04,5.0,0.02,0.02,0.09323,1776250079000
1776250080.979,180.979,0.97,5.0,0.96,5.0,0.99,554.85,,,0.01,554.85,,,0.03,5.0,0.04,5.0,0.02,0.02,0.093228,1776250080000
1776250082.207,182.207,0.97,5.0,0.96,5.0,0.99,554.85,,,0.01,554.85,,,0.03,5.0,0.04,5.0,0.02,0.02,0.093232,1776250081000
1776250083.947,183.947,0.97,5.0,0.96,5.0,0.99,554.85,,,0.01,554.85,,,0.03,5.0,0.04,5.0,0.02,0.02,0.093238,1776250082000
1776250084.667,184.667,0.98,5.0,0.97,5.0,0.99,552.82,,,0.01,554.85,,,0.03,5.0,0.04,5.0,0.01,0.02,0.093238,1776250082000
1776250085.562,185.562,0.98,5.0,0.97,5.0,0.99,552.82,,,0.01,552.82,,,0.02,5.0,0.03,5.0,0.01,0.01,0.093238,1776250084000
1776250086.227,186.227,0.98,5.0,0.97,5.0,0.99,552.82,,,0.01,552.82,,,0.02,5.0,0.03,5.0,0.01,0.01,0.093235,1776250085000
1776250087.581,187.581,0.98,5.0,0.97,5.0,0.99,552.82,,,0.01,552.82,,,0.02,5.0,0.03,5.0,0.01,0.01,0.093231,1776250086000
1776250088.383,188.383,0.98,5.0,0.97,5.0,0.99,552.82,,,0.01,552.82,,,0.02,5.0,0.03,5.0,0.01,0.01,0.093231,1776250087000
1776250089.11,189.11,0.98,5.0,0.97,5.0,0.99,552.82,,,0.01,552.82,,,0.02,5.0,0.03,5.0,0.01,0.01,0.093231,1776250088000
1776250090.583,190.583,0.98,5.0,0.97,5.0,0.99,552.82,,,0.01,552.82,,,0.02,5.0,0.03,5.0,0.01,0.01,0.093233,1776250089000
1776250091.413,191.413,0.98,5.0,0.97,5.0,0.99,552.82,,,0.01,552.82,,,0.02,5.0,0.03,5.0,0.01,0.01,0.093233,1776250090000
1776250092.182,192.182,0.98,5.0,0.97,5.0,0.99,552.82,,,0.01,552.82,,,0.02,5.0,0.03,5.0,0.01,0.01,0.093232,1776250091000
1776250093.728,193.728,0.98,5.0,0.97,5.0,0.99,552.82,,,0.01,552.82,,,0.02,5.0,0.03,5.0,0.01,0.01,0.093231,1776250092000
1776250094.522,194.522,0.98,5.0,0.97,5.0,0.99,552.82,,,0.01,552.82,,,0.02,5.0,0.03,5.0,0.01,0.01,0.093228,1776250093000
1776250095.298,195.298,0.98,5.0,0.97,5.0,0.99,552.82,,,0.01,552.82,,,0.02,5.0,0.03,5.0,0.01,0.01,0.093229,1776250094000
1776250096.152,196.152,0.98,5.0,0.97,5.0,0.99,552.82,,,0.01,552.82,,,0.02,5.0,0.03,5.0,0.01,0.01,0.093231,1776250095000
1776250097.785,197.785,0.98,5.0,0.97,5.0,0.99,552.82,,,0.01,552.82,,,0.02,5.0,0.03,5.0,0.01,0.01,0.093233,1776250096000
1776250098.675,198.675,0.98,5.0,0.97,5.0,0.99,552.82,,,0.01,552.82,,,0.02,5.0,0.03,5.0,0.01,0.01,0.093233,1776250097000
1776250099.855,199.855,0.98,5.0,0.97,5.0,0.99,552.82,,,0.01,552.82,,,0.02,5.0,0.03,5.0,0.01,0.01,0.093233,1776250098000
1776250100.289,200.289,0.98,5.0,0.97,5.0,0.99,552.82,,,0.01,552.82,,,0.02,5.0,0.03,5.0,0.01,0.01,0.093233,1776250099000
1776250100.86,200.86,0.98,5.0,0.97,5.0,0.99,552.82,,,0.01,552.82,,,0.02,5.0,0.03,5.0,0.01,0.01,0.093228,1776250100000
1776250102.598,202.598,0.98,5.0,0.97,5.0,0.99,552.82,,,0.01,552.82,,,0.02,5.0,0.03,5.0,0.01,0.01,0.093226,1776250101000
1776250103.556,203.556,0.98,5.0,0.97,5.0,0.99,552.82,,,0.01,552.82,,,0.02,5.0,0.03,5.0,0.01,0.01,0.093226,1776250102000
1776250104.621,204.621,0.98,5.0,0.97,5.0,0.99,552.82,,,0.01,552.82,,,0.02,5.0,0.03,5.0,0.01,0.01,0.093223,1776250103000
1776250105.239,205.239,0.98,5.0,0.97,5.0,0.99,552.82,,,0.01,552.82,,,0.02,5.0,0.03,5.0,0.01,0.01,0.093223,1776250104000
1776250106.579,206.579,0.98,5.0,0.97,5.0,0.99,552.82,,,0.01,552.82,,,0.02,5.0,0.03,5.0,0.01,0.01,0.093221,1776250105000
1776250107.425,207.425,0.98,5.0,0.97,5.0,0.99,552.82,,,0.01,552.82,,,0.02,5.0,0.03,5.0,0.01,0.01,0.093221,1776250106000
1776250108.213,208.213,0.98,5.0,0.97,5.0,0.99,552.82,,,0.01,552.82,,,0.02,5.0,0.03,5.0,0.01,0.01,0.093221,1776250107000
1776250109.486,209.486,0.98,5.0,0.97,5.0,0.99,552.82,,,0.01,552.82,,,0.02,5.0,0.03,5.0,0.01,0.01,0.093223,1776250108000
1776250110.147,210.147,0.98,5.0,0.97,5.0,0.99,552.82,,,0.01,552.82,,,0.02,5.0,0.03,5.0,0.01,0.01,0.093223,1776250109000
1776250111.598,211.598,0.98,5.0,0.97,5.0,0.99,552.82,,,0.01,552.82,,,0.02,5.0,0.03,5.0,0.01,0.01,0.093224,1776250110000
1776250112.274,212.274,0.98,5.0,0.97,5.0,0.99,552.82,,,0.01,552.82,,,0.02,5.0,0.03,5.0,0.01,0.01,0.093224,1776250111000
1776250113.682,213.682,0.98,5.0,0.97,5.0,0.99,552.82,,,0.01,552.82,,,0.02,5.0,0.03,5.0,0.01,0.01,0.093221,1776250112000
1776250114.068,214.068,0.98,137.69,0.97,94.3,0.99,152.22,,,0.01,552.82,,,0.02,5.0,0.03,5.0,0.01,0.01,0.093221,1776250112000
1776250114.905,214.905,0.98,137.69,0.97,94.3,0.99,152.22,,,0.01,152.22,,,0.02,137.69,0.03,94.3,0.01,0.01,0.093224,1776250113000
1776250115.565,215.565,0.98,137.69,0.97,94.3,0.99,152.22,,,0.01,152.22,,,0.02,137.69,0.03,94.3,0.01,0.01,0.093227,1776250114000
1776250116.238,216.238,0.98,137.69,0.97,94.3,0.99,152.22,,,0.01,152.22,,,0.02,137.69,0.03,94.3,0.01,0.01,0.093227,1776250115000
1776250117.654,217.654,0.98,137.69,0.97,94.3,0.99,152.22,,,0.01,152.22,,,0.02,137.69,0.03,94.3,0.01,0.01,0.093238,1776250116000
1776250119.029,219.029,0.98,137.69,0.97,94.3,0.99,152.22,,,0.01,152.22,,,0.02,137.69,0.03,94.3,0.01,0.01,0.09324,1776250117000
1776250119.809,219.809,0.98,137.69,0.97,94.3,0.99,152.22,,,0.01,152.22,,,0.02,137.69,0.03,94.3,0.01,0.01,0.09324,1776250118000
1776250120.673,220.673,0.98,137.69,0.97,94.3,0.99,152.22,,,0.01,152.22,,,0.02,137.69,0.03,94.3,0.01,0.01,0.09324,1776250119000
1776250121.413,221.413,0.98,137.69,0.97,94.3,0.99,152.22,,,0.01,152.22,,,0.02,137.69,0.03,94.3,0.01,0.01,0.09324,1776250120000
1776250122.16,222.16,0.98,137.69,0.97,94.3,0.99,152.22,,,0.01,152.22,,,0.02,137.69,0.03,94.3,0.01,0.01,0.093237,1776250121000
1776250123.433,223.433,0.98,137.69,0.97,94.3,0.99,152.22,,,0.01,152.22,,,0.02,137.69,0.03,94.3,0.01,0.01,0.09324,1776250122000
1776250124.078,224.078,0.98,137.69,0.97,94.3,0.99,152.22,,,0.01,152.22,,,0.02,137.69,0.03,94.3,0.01,0.01,0.09324,1776250123000
1776250124.603,224.603,0.98,137.69,0.97,94.3,0.99,150.2,,,0.01,152.22,,,0.02,137.69,0.03,94.3,0.01,0.01,0.09324,1776250123000
1776250125.336,225.336,0.98,137.69,0.97,94.3,0.99,150.2,,,0.01,150.2,,,0.02,137.69,0.03,94.3,0.01,0.01,0.093235,1776250124000
1776250125.898,225.898,0.98,137.69,0.97,94.3,0.99,150.2,,,0.01,150.2,,,0.02,137.69,0.03,94.3,0.01,0.01,0.093235,1776250125000
1776250127.054,227.054,0.98,137.69,0.97,94.3,0.99,150.2,,,0.01,150.2,,,0.02,137.69,0.03,94.3,0.01,0.01,0.093232,1776250126000
1776250128.199,228.199,0.98,137.69,0.97,94.3,0.99,150.2,,,0.01,150.2,,,0.02,137.69,0.03,94.3,0.01,0.01,0.093232,1776250127000
1776250129.409,229.409,0.98,137.69,0.97,94.3,0.99,150.2,,,0.01,150.2,,,0.02,137.69,0.03,94.3,0.01,0.01,0.093232,1776250128000
1776250129.96,229.96,0.98,137.69,0.97,94.3,0.99,150.2,,,0.01,150.2,,,0.02,137.69,0.03,94.3,0.01,0.01,0.093232,1776250129000
1776250131.164,231.164,0.98,137.69,0.97,94.3,0.99,150.2,,,0.01,150.2,,,0.02,137.69,0.03,94.3,0.01,0.01,0.093232,1776250130000
1776250132.249,232.249,0.98,137.69,0.97,94.3,0.99,150.2,,,0.01,150.2,,,0.02,137.69,0.03,94.3,0.01,0.01,0.093232,1776250131000
1776250133.541,233.541,0.98,137.69,0.97,94.3,0.99,150.2,,,0.01,150.2,,,0.02,137.69,0.03,94.3,0.01,0.01,0.093232,1776250132000
1776250134.115,234.115,0.98,137.69,0.97,94.3,0.99,150.2,,,0.01,150.2,,,0.02,137.69,0.03,94.3,0.01,0.01,0.093231,1776250133000
1776250134.902,234.902,0.99,844.8,0.98,137.69,,,,,0.01,150.2,,,0.02,137.69,0.03,94.3,,0.01,0.093231,1776250133000
1776250135.2,235.2,0.99,1102.46,0.98,137.69,,,,,,,,,0.01,844.8,0.02,137.69,,,0.093231,1776250133000
1776250136.394,236.394,0.99,1102.46,0.98,137.69,,,,,,,,,0.01,1102.46,0.02,137.69,,,0.093234,1776250135000
1776250137.377,237.377,0.99,1102.46,0.98,137.69,,,,,,,,,0.01,1102.46,0.02,137.69,,,0.09324,1776250136000
1776250138.29,238.29,0.99,1102.46,0.98,137.69,,,,,,,,,0.01,1102.46,0.02,137.69,,,0.09324,1776250137000
1776250139.219,239.219,0.99,1102.46,0.98,137.69,,,,,,,,,0.01,1102.46,0.02,137.69,,,0.09324,1776250138000
1776250140.225,240.225,0.99,1102.46,0.98,137.69,,,,,,,,,0.01,1102.46,0.02,137.69,,,0.09324,1776250139000
1776250141.245,241.245,0.99,1102.46,0.98,137.69,,,,,,,,,0.01,1102.46,0.02,137.69,,,0.093262,1776250140000
1776250142.182,242.182,0.99,1102.46,0.98,137.69,,,,,,,,,0.01,1102.46,0.02,137.69,,,0.093266,1776250141000
1776250143.219,243.219,0.99,1102.46,0.98,137.69,,,,,,,,,0.01,1102.46,0.02,137.69,,,0.093273,1776250142000
1776250144.261,244.261,0.99,1102.46,0.98,137.69,,,,,,,,,0.01,1102.46,0.02,137.69,,,0.093279,1776250143000
1776250145.403,245.403,0.99,1102.46,0.98,137.69,,,,,,,,,0.01,1102.46,0.02,137.69,,,0.093274,1776250144000
1776250146.288,246.288,0.99,1102.46,0.98,137.69,,,,,,,,,0.01,1102.46,0.02,137.69,,,0.093267,1776250145000
1776250147.214,247.214,0.99,1102.46,0.98,137.69,,,,,,,,,0.01,1102.46,0.02,137.69,,,0.093267,1776250146000
1776250148.225,248.225,0.99,1102.46,0.98,137.69,,,,,,,,,0.01,1102.46,0.02,137.69,,,0.093265,1776250147000
1776250149.357,249.357,0.99,1102.46,0.98,137.69,,,,,,,,,0.01,1102.46,0.02,137.69,,,0.093267,1776250148000
1776250150.371,250.371,0.99,1102.46,0.98,137.69,,,,,,,,,0.01,1102.46,0.02,137.69,,,0.093264,1776250149000
1776250150.902,250.902,0.99,1102.46,0.98,137.69,,,,,,,,,0.01,1102.46,0.02,137.69,,,0.093264,1776250150000
1776250152.054,252.054,0.99,1102.46,0.98,137.69,,,,,,,,,0.01,1102.46,0.02,137.69,,,0.093263,1776250151000
1776250152.995,252.995,0.99,1102.46,0.98,137.69,,,,,,,,,0.01,1102.46,0.02,137.69,,,0.093262,1776250152000
1776250154.021,254.021,0.99,1102.46,0.98,137.69,,,,,,,,,0.01,1102.46,0.02,137.69,,,0.093256,1776250153000
1776250154.973,254.973,0.99,1102.46,0.98,137.69,,,,,,,,,0.01,1102.46,0.02,137.69,,,0.093256,1776250154000
1776250156.002,256.002,0.99,1102.46,0.98,137.69,,,,,,,,,0.01,1102.46,0.02,137.69,,,0.093255,1776250155000
1776250157.181,257.181,0.99,1102.46,0.98,137.69,,,,,,,,,0.01,1102.46,0.02,137.69,,,0.093257,1776250156000
1776250157.993,257.993,0.99,1102.46,0.98,137.69,,,,,,,,,0.01,1102.46,0.02,137.69,,,0.093256,1776250157000
1776250158.99,258.99,0.99,1102.46,0.98,137.69,,,,,,,,,0.01,1102.46,0.02,137.69,,,0.093257,1776250158000
1776250159.969,259.969,0.99,1102.46,0.98,137.69,,,,,,,,,0.01,1102.46,0.02,137.69,,,0.09325,1776250159000
1776250161.536,261.536,0.99,1102.46,0.98,137.69,,,,,,,,,0.01,1102.46,0.02,137.69,,,0.093245,1776250160000
1776250162.24,262.24,0.99,1102.46,0.98,137.69,,,,,,,,,0.01,1102.46,0.02,137.69,,,0.093242,1776250161000
1776250163.46,263.46,0.99,1102.46,0.98,137.69,,,,,,,,,0.01,1102.46,0.02,137.69,,,0.093243,1776250162000
1776250164.088,264.088,0.99,1102.46,0.98,137.69,,,,,,,,,0.01,1102.46,0.02,137.69,,,0.093243,1776250163000
1776250165.175,265.175,0.99,1102.46,0.98,137.69,,,,,,,,,0.01,1102.46,0.02,137.69,,,0.093247,1776250164000
1776250166.372,266.372,0.99,1102.46,0.98,137.69,,,,,,,,,0.01,1102.46,0.02,137.69,,,0.093236,1776250165000
1776250167.534,267.534,0.99,1102.46,0.98,137.69,,,,,,,,,0.01,1102.46,0.02,137.69,,,0.093204,1776250166000
1776250168.051,268.051,0.99,1102.46,0.98,137.69,,,,,,,,,0.01,1102.46,0.02,137.69,,,0.093204,1776250167000
1776250169.098,269.098,0.99,1102.46,0.98,137.69,,,,,,,,,0.01,1102.46,0.02,137.69,,,0.093204,1776250168000
1776250170.256,270.256,0.99,1102.46,0.98,137.69,,,,,,,,,0.01,1102.46,0.02,137.69,,,0.093204,1776250169000
1776250171.511,271.511,0.99,1102.46,0.98,137.69,,,,,,,,,0.01,1102.46,0.02,137.69,,,0.093197,1776250170000
1776250171.897,271.897,0.99,1102.46,0.98,137.69,,,,,,,,,0.01,1102.46,0.02,137.69,,,0.093197,1776250171000
1776250173.024,273.024,0.99,1102.46,0.98,137.69,,,,,,,,,0.01,1102.46,0.02,137.69,,,0.0932,1776250172000
1776250174.167,274.167,0.99,1102.46,0.98,137.69,,,,,,,,,0.01,1102.46,0.02,137.69,,,0.0932,1776250173000
1776250175.419,275.419,0.99,1102.46,0.98,137.69,,,,,,,,,0.01,1102.46,0.02,137.69,,,0.0932,1776250174000
1776250176.503,276.503,0.99,1102.46,0.98,137.69,,,,,,,,,0.01,1102.46,0.02,137.69,,,0.0932,1776250175000
1776250176.975,276.975,0.99,1102.46,0.98,137.69,,,,,,,,,0.01,1102.46,0.02,137.69,,,0.093197,1776250176000
1776250178.382,278.382,0.99,1102.46,0.98,137.69,,,,,,,,,0.01,1102.46,0.02,137.69,,,0.093197,1776250177000
1776250179.511,279.511,0.99,1102.46,0.98,137.69,,,,,,,,,0.01,1102.46,0.02,137.69,,,0.093192,1776250178000
1776250180.04,280.04,0.99,1102.46,0.98,137.69,,,,,,,,,0.01,1102.46,0.02,137.69,,,0.093192,1776250179000
1776250181.836,281.836,0.99,1102.46,0.98,137.69,,,,,,,,,0.01,1102.46,0.02,137.69,,,0.093193,1776250180000
1776250182.441,282.441,0.99,1102.46,0.98,137.69,,,,,,,,,0.01,1102.46,0.02,137.69,,,0.093194,1776250181000
1776250183.034,283.034,0.99,1102.46,0.98,137.69,,,,,,,,,0.01,1102.46,0.02,137.69,,,0.093194,1776250182000
1776250184.296,284.296,0.99,1102.46,0.98,137.69,,,,,,,,,0.01,1102.46,0.02,137.69,,,0.093194,1776250183000
1776250185.386,285.386,0.99,1102.46,0.98,137.69,,,,,,,,,0.01,1102.46,0.02,137.69,,,0.093192,1776250184000
1776250186.014,286.014,0.99,1102.46,0.98,137.69,,,,,,,,,0.01,1102.46,0.02,137.69,,,0.093192,1776250185000
1776250187.665,287.665,0.99,1102.46,0.98,137.69,,,,,,,,,0.01,1102.46,0.02,137.69,,,0.093199,1776250186000
1776250188.289,288.289,0.99,1102.46,0.98,137.69,,,,,,,,,0.01,1102.46,0.02,137.69,,,0.093199,1776250187000
1776250189.429,289.429,0.99,1102.46,0.98,137.69,,,,,,,,,0.01,1102.46,0.02,137.69,,,0.093194,1776250188000
1776250190.057,290.057,0.99,1102.46,0.98,137.69,,,,,,,,,0.01,1102.46,0.02,137.69,,,0.093192,1776250189000
1776250191.471,291.471,0.99,1102.46,0.98,137.69,,,,,,,,,0.01,1102.46,0.02,137.69,,,0.093191,1776250190000
1776250193.064,293.064,0.99,1102.46,0.98,137.69,,,,,,,,,0.01,1102.46,0.02,137.69,,,0.093191,1776250192000
1776250194.746,294.746,0.99,1102.46,0.98,137.69,,,,,,,,,0.01,1102.46,0.02,137.69,,,0.093191,1776250193000
1776250195.456,295.456,0.99,1102.46,0.98,137.69,,,,,,,,,0.01,1102.46,0.02,137.69,,,0.093191,1776250194000
1776250195.961,295.961,0.99,1102.46,0.98,137.69,,,,,,,,,0.01,1102.46,0.02,137.69,,,0.093195,1776250195000
1776250197.404,297.404,0.99,1102.46,0.98,137.69,,,,,,,,,0.01,1102.46,0.02,137.69,,,0.093197,1776250196000
1776250198.595,298.595,0.99,1102.46,0.98,137.69,,,,,,,,,0.01,1102.46,0.02,137.69,,,0.093201,1776250197000
1776250199.267,299.267,0.99,1102.46,0.98,137.69,,,,,,,,,0.01,1102.46,0.02,137.69,,,0.0932,1776250198000
1776250200.439,300.439,0.99,1102.46,0.98,137.69,,,,,,,,,0.01,1102.46,0.02,137.69,,,0.093205,1776250199000
1776250200.964,300.964,0.99,1102.46,0.98,137.69,,,,,,,,,0.01,1102.46,0.02,137.69,,,0.093205,1776250200000
1776250202.308,302.308,0.99,1102.46,0.98,137.69,,,,,,,,,0.01,1102.46,0.02,137.69,,,0.093208,1776250201000
