timestamp,elapsed_sec,up_bid_p1,up_bid_s1,up_bid_p2,up_bid_s2,up_ask_p1,up_ask_s1,up_ask_p2,up_ask_s2,down_bid_p1,down_bid_s1,down_bid_p2,down_bid_s2,down_ask_p1,down_ask_s1,down_ask_p2,down_ask_s2,up_spread,down_spread,doge_price,doge_oracle_ts
1776400501.233,1.233,0.41,10.0,0.4,5.0,0.58,11.9,0.59,10.0,0.42,11.9,0.41,10.0,0.59,10.0,0.6,5.0,0.17,0.17,0.097568,1776400500000
1776400502.102,2.102,0.41,10.0,0.4,5.0,0.58,11.9,0.59,10.0,0.42,11.9,0.41,10.0,0.59,10.0,0.6,5.0,0.17,0.17,0.097565,1776400501000
1776400503.124,3.124,0.41,10.0,0.4,5.0,0.58,11.9,0.59,10.0,0.42,11.9,0.41,10.0,0.59,10.0,0.6,5.0,0.17,0.17,0.097554,1776400502000
1776400504.089,4.089,0.41,10.0,0.4,5.0,0.58,11.9,0.59,10.0,0.42,11.9,0.41,10.0,0.59,10.0,0.6,5.0,0.17,0.17,0.097557,1776400503000
1776400505.214,5.214,0.41,10.0,0.4,5.0,0.58,11.9,0.59,10.0,0.42,11.9,0.41,10.0,0.59,10.0,0.6,5.0,0.17,0.17,0.097563,1776400504000
1776400505.768,5.768,0.45,5.0,0.44,5.0,0.48,5.0,0.49,5.0,0.42,11.9,0.41,10.0,0.59,10.0,0.6,5.0,0.03,0.17,0.097563,1776400504000
1776400506.242,6.242,0.45,5.0,0.44,5.0,0.48,5.0,0.49,5.0,0.52,5.0,0.51,5.0,0.55,5.0,0.56,5.0,0.03,0.03,0.097563,1776400505000
1776400507.28,7.28,0.45,5.0,0.44,5.0,0.48,5.0,0.49,5.0,0.52,5.0,0.51,5.0,0.55,5.0,0.56,5.0,0.03,0.03,0.097564,1776400506000
1776400507.552,7.552,0.57,2.67,0.56,5.0,0.58,11.9,0.6,8.0,0.52,5.0,0.51,5.0,0.55,5.0,0.56,5.0,0.01,0.03,0.097564,1776400506000
1776400508.047,8.047,0.57,35.69,0.56,5.0,0.58,11.9,0.64,5.0,0.42,11.9,0.35,5.0,0.43,39.18,0.44,5.0,0.01,0.01,0.097564,1776400506000
1776400508.374,8.374,0.57,18.57,0.56,5.0,0.58,11.9,0.63,5.0,0.42,11.9,0.36,5.0,0.43,35.69,0.44,5.0,0.01,0.01,0.09757,1776400507000
1776400509.126,9.126,0.57,18.57,0.56,5.0,0.58,11.9,0.63,5.0,0.42,11.9,0.37,5.0,0.43,18.57,0.44,5.0,0.01,0.01,0.09757,1776400508000
1776400510.176,10.176,0.57,18.57,0.56,5.0,0.58,11.9,0.63,5.0,0.42,11.9,0.37,5.0,0.43,18.57,0.44,5.0,0.01,0.01,0.097598,1776400509000
1776400511.157,11.157,0.57,18.57,0.56,5.0,0.58,11.9,0.63,5.0,0.42,11.9,0.37,5.0,0.43,18.57,0.44,5.0,0.01,0.01,0.0976,1776400510000
1776400512.756,12.756,0.57,18.57,0.56,5.0,0.58,11.9,0.63,5.0,0.42,11.9,0.37,5.0,0.43,18.57,0.44,5.0,0.01,0.01,0.0976,1776400511000
1776400513.159,13.159,0.57,18.57,0.56,5.0,0.58,11.9,0.63,5.0,0.42,11.9,0.37,5.0,0.43,18.57,0.44,5.0,0.01,0.01,0.0976,1776400512000
1776400514.176,14.176,0.6,5.0,0.59,5.0,0.61,12.82,0.62,5.0,0.39,12.82,0.38,5.0,0.4,5.0,0.41,5.0,0.01,0.01,0.0976,1776400513000
1776400515.151,15.151,0.6,5.0,0.59,5.0,0.61,12.82,0.62,5.0,0.39,12.82,0.38,5.0,0.4,5.0,0.41,5.0,0.01,0.01,0.0976,1776400514000
1776400516.156,16.156,0.6,5.0,0.59,5.0,0.61,12.82,0.62,5.0,0.39,12.82,0.38,5.0,0.4,5.0,0.41,5.0,0.01,0.01,0.097608,1776400515000
1776400516.371,16.371,0.6,20.0,0.59,13.0,0.65,5.0,0.66,5.0,0.39,1.52,0.35,5.0,0.4,12.0,0.41,5.0,0.05,0.01,0.097608,1776400515000
1776400517.232,17.232,0.6,20.0,0.59,13.0,0.65,5.0,0.66,5.0,0.35,5.0,0.34,5.0,0.4,20.0,0.41,13.0,0.05,0.05,0.097608,1776400516000
1776400518.245,18.245,0.6,20.0,0.59,13.0,0.65,5.0,0.66,5.0,0.35,5.0,0.34,5.0,0.4,20.0,0.41,13.0,0.05,0.05,0.097621,1776400517000
1776400519.267,19.267,0.59,5.0,0.58,5.0,0.62,5.0,0.63,5.0,0.38,5.0,0.37,5.0,0.41,5.0,0.42,5.0,0.03,0.03,0.097623,1776400518000
1776400520.215,20.215,0.59,5.0,0.58,5.0,0.62,5.0,0.63,5.0,0.38,5.0,0.37,5.0,0.41,5.0,0.42,5.0,0.03,0.03,0.097609,1776400519000
1776400520.455,20.455,0.6,10.0,0.59,5.0,0.62,5.0,0.63,5.0,0.38,5.0,0.37,5.0,0.41,5.0,0.42,5.0,0.02,0.03,0.097609,1776400519000
1776400521.203,21.203,0.6,10.0,0.59,5.0,0.62,5.0,0.63,5.0,0.38,5.0,0.37,5.0,0.4,10.0,0.41,5.0,0.02,0.02,0.097604,1776400520000
1776400522.232,22.232,0.6,10.0,0.59,5.0,0.62,5.0,0.63,5.0,0.38,5.0,0.37,5.0,0.4,10.0,0.41,5.0,0.02,0.02,0.097601,1776400521000
1776400523.18,23.18,0.6,10.0,0.59,5.0,0.62,5.0,0.63,5.0,0.38,5.0,0.37,5.0,0.4,10.0,0.41,5.0,0.02,0.02,0.0976,1776400522000
1776400524.21,24.21,0.6,10.0,0.59,5.0,0.62,5.0,0.63,5.0,0.38,5.0,0.37,5.0,0.4,10.0,0.41,5.0,0.02,0.02,0.0976,1776400523000
1776400526.296,26.296,0.6,10.0,0.59,5.0,0.62,5.0,0.63,5.0,0.38,5.0,0.37,5.0,0.4,10.0,0.41,5.0,0.02,0.02,0.097593,1776400525000
1776400526.685,26.685,0.55,5.0,0.54,5.0,0.61,20.0,0.62,5.0,0.38,5.0,0.37,5.0,0.4,10.0,0.41,5.0,0.06,0.02,0.097593,1776400525000
1776400527.327,27.327,0.55,5.0,0.54,5.0,0.61,20.0,0.62,5.0,0.39,20.0,0.38,5.0,0.45,5.0,0.46,5.0,0.06,0.06,0.097593,1776400526000
1776400527.951,27.951,0.55,5.0,0.54,5.0,0.61,20.0,0.62,5.0,0.39,20.0,0.38,5.0,0.45,5.0,0.46,5.0,0.06,0.06,0.097593,1776400527000
1776400528.993,28.993,0.55,5.0,0.54,5.0,0.61,20.0,0.62,5.0,0.39,20.0,0.38,5.0,0.45,5.0,0.46,5.0,0.06,0.06,0.097582,1776400528000
1776400530.422,30.422,0.55,5.0,0.54,5.0,0.61,20.0,0.62,5.0,0.39,20.0,0.38,5.0,0.45,5.0,0.46,5.0,0.06,0.06,0.097585,1776400529000
1776400531.386,31.386,0.55,5.0,0.54,5.0,0.61,20.0,0.62,5.0,0.39,20.0,0.38,5.0,0.45,5.0,0.46,5.0,0.06,0.06,0.097585,1776400530000
1776400532.447,32.447,0.55,5.0,0.54,5.0,0.61,20.0,0.62,5.0,0.39,20.0,0.38,5.0,0.45,5.0,0.46,5.0,0.06,0.06,0.097586,1776400531000
1776400532.743,32.743,0.71,5.0,0.7,5.0,0.72,4.2,0.73,5.0,0.28,5.87,0.27,5.0,0.3,5.0,0.31,5.0,0.01,0.02,0.097586,1776400531000
1776400532.989,32.989,0.71,5.0,0.7,5.0,0.72,4.2,0.73,5.0,0.28,4.2,0.27,5.0,0.29,5.0,0.3,5.0,0.01,0.01,0.097586,1776400532000
1776400533.208,33.208,0.7,5.0,0.69,5.0,0.72,5.0,0.73,5.0,0.28,4.2,0.27,5.0,0.29,5.0,0.3,5.0,0.02,0.01,0.097586,1776400532000
1776400534.448,34.448,0.7,5.0,0.69,5.0,0.72,5.0,0.73,5.0,0.28,5.0,0.27,5.0,0.3,5.0,0.31,5.0,0.02,0.02,0.097591,1776400533000
1776400534.867,34.867,0.7,5.0,0.69,5.0,0.72,5.0,0.73,5.0,0.28,5.0,0.27,5.0,0.3,5.0,0.31,5.0,0.02,0.02,0.09761,1776400534000
1776400536.423,36.423,0.73,1.29,0.72,5.0,0.75,5.0,0.76,5.0,0.25,5.0,0.24,5.0,0.27,1.29,0.28,5.0,0.02,0.02,0.097624,1776400535000
1776400536.888,36.888,0.73,1.29,0.72,5.0,0.75,5.0,0.76,5.0,0.25,5.0,0.24,5.0,0.27,1.29,0.28,5.0,0.02,0.02,0.09763,1776400536000
1776400537.994,37.994,0.73,1.29,0.72,5.0,0.75,5.0,0.76,5.0,0.25,5.0,0.24,5.0,0.27,1.29,0.28,5.0,0.02,0.02,0.097636,1776400537000
1776400539.256,39.256,0.73,1.29,0.72,5.0,0.75,5.0,0.76,5.0,0.25,5.0,0.24,5.0,0.27,1.29,0.28,5.0,0.02,0.02,0.097636,1776400538000
1776400539.925,39.925,0.73,1.29,0.72,5.0,0.75,5.0,0.76,5.0,0.25,5.0,0.24,5.0,0.27,1.29,0.28,5.0,0.02,0.02,0.097641,1776400539000
1776400541.079,41.079,0.73,1.29,0.72,5.0,0.75,5.0,0.76,5.0,0.25,5.0,0.24,5.0,0.27,1.29,0.28,5.0,0.02,0.02,0.097647,1776400540000
1776400542.895,42.895,0.69,5.0,0.68,5.0,0.71,5.0,0.72,5.0,0.29,5.0,0.28,5.0,0.31,5.0,0.32,5.0,0.02,0.02,0.09763,1776400541000
1776400543.777,43.777,0.69,5.0,0.68,5.0,0.71,5.0,0.72,5.0,0.29,5.0,0.28,5.0,0.31,5.0,0.32,5.0,0.02,0.02,0.097629,1776400542000
1776400544.66,44.66,0.69,5.0,0.68,5.0,0.71,5.0,0.72,5.0,0.29,5.0,0.28,5.0,0.31,5.0,0.32,5.0,0.02,0.02,0.097628,1776400543000
1776400545.714,45.714,0.69,5.0,0.68,5.0,0.71,5.0,0.72,5.0,0.29,5.0,0.28,5.0,0.31,5.0,0.32,5.0,0.02,0.02,0.097624,1776400544000
1776400546.318,46.318,0.69,5.0,0.68,5.0,0.71,5.0,0.72,5.0,0.29,5.0,0.28,5.0,0.31,5.0,0.32,5.0,0.02,0.02,0.09762,1776400545000
1776400547.223,47.223,0.69,5.0,0.68,5.0,0.71,5.0,0.72,5.0,0.29,5.0,0.28,5.0,0.31,5.0,0.32,5.0,0.02,0.02,0.09762,1776400546000
1776400548.579,48.579,0.69,5.0,0.68,5.0,0.71,5.0,0.72,5.0,0.29,5.0,0.28,5.0,0.31,5.0,0.32,5.0,0.02,0.02,0.09762,1776400547000
1776400549.224,49.224,0.69,5.0,0.68,5.0,0.71,5.0,0.72,5.0,0.29,5.0,0.28,5.0,0.31,5.0,0.32,5.0,0.02,0.02,0.097624,1776400548000
1776400550.602,50.602,0.69,5.0,0.68,5.0,0.71,5.0,0.72,5.0,0.29,5.0,0.28,5.0,0.31,5.0,0.32,5.0,0.02,0.02,0.097624,1776400549000
1776400551.416,51.416,0.69,5.0,0.68,5.0,0.71,5.0,0.72,5.0,0.29,5.0,0.28,5.0,0.31,5.0,0.32,5.0,0.02,0.02,0.097619,1776400550000
1776400552.16,52.16,0.69,5.0,0.68,5.0,0.71,5.0,0.72,5.0,0.29,5.0,0.28,5.0,0.31,5.0,0.32,5.0,0.02,0.02,0.097619,1776400551000
1776400552.533,52.533,0.76,5.0,0.75,5.0,0.78,5.0,0.79,5.0,0.29,5.0,0.28,5.0,0.31,5.0,0.32,5.0,0.02,0.02,0.097619,1776400551000
1776400553.517,53.517,0.76,5.0,0.75,5.0,0.78,5.0,0.79,5.0,0.22,5.0,0.21,5.0,0.24,5.0,0.25,5.0,0.02,0.02,0.097628,1776400552000
1776400554.316,54.316,0.76,5.0,0.75,5.0,0.78,5.0,0.79,5.0,0.22,5.0,0.21,5.0,0.24,5.0,0.25,5.0,0.02,0.02,0.097632,1776400553000
1776400555.094,55.094,0.76,5.0,0.75,5.0,0.78,5.0,0.79,5.0,0.22,5.0,0.21,5.0,0.24,5.0,0.25,5.0,0.02,0.02,0.097643,1776400554000
1776400556.791,56.791,0.76,5.0,0.75,5.0,0.78,5.0,0.79,5.0,0.22,5.0,0.21,5.0,0.24,5.0,0.25,5.0,0.02,0.02,0.097643,1776400555000
1776400557.552,57.552,0.76,5.0,0.75,5.0,0.78,5.0,0.79,5.0,0.22,5.0,0.21,5.0,0.24,5.0,0.25,5.0,0.02,0.02,0.097643,1776400556000
1776400558.306,58.306,0.76,5.0,0.75,5.0,0.78,5.0,0.79,5.0,0.22,5.0,0.21,5.0,0.24,5.0,0.25,5.0,0.02,0.02,0.097643,1776400557000
1776400559.751,59.751,0.76,5.0,0.75,5.0,0.78,5.0,0.79,5.0,0.22,5.0,0.21,5.0,0.24,5.0,0.25,5.0,0.02,0.02,0.097643,1776400558000
1776400560.591,60.591,0.76,5.0,0.75,5.0,0.78,5.0,0.79,5.0,0.22,5.0,0.21,5.0,0.24,5.0,0.25,5.0,0.02,0.02,0.097641,1776400559000
1776400561.333,61.333,0.76,5.0,0.75,5.0,0.78,5.0,0.79,5.0,0.22,5.0,0.21,5.0,0.24,5.0,0.25,5.0,0.02,0.02,0.097636,1776400560000
1776400562.447,62.447,0.76,5.0,0.75,5.0,0.78,5.0,0.79,5.0,0.22,5.0,0.21,5.0,0.24,5.0,0.25,5.0,0.02,0.02,0.097636,1776400561000
1776400563.177,63.177,0.76,5.0,0.75,5.0,0.78,5.0,0.79,5.0,0.22,5.0,0.21,5.0,0.24,5.0,0.25,5.0,0.02,0.02,0.097636,1776400562000
1776400563.807,63.807,0.77,5.0,0.76,5.0,0.79,4.0,0.8,5.0,0.22,5.0,0.21,5.0,0.24,5.0,0.25,5.0,0.02,0.02,0.097636,1776400562000
1776400564.08,64.08,0.77,5.0,0.76,5.0,0.79,4.0,0.8,5.0,0.21,4.0,0.2,5.0,0.23,5.0,0.24,5.0,0.02,0.02,0.097638,1776400563000
1776400565.195,65.195,0.77,5.0,0.76,5.0,0.79,4.0,0.8,5.0,0.21,4.0,0.2,5.0,0.23,5.0,0.24,5.0,0.02,0.02,0.097659,1776400564000
1776400566.196,66.196,0.77,5.0,0.76,5.0,0.79,4.0,0.8,5.0,0.21,4.0,0.2,5.0,0.23,5.0,0.24,5.0,0.02,0.02,0.097662,1776400565000
1776400566.498,66.498,0.77,10.0,0.76,5.0,0.79,4.0,0.8,5.0,0.21,4.0,0.2,5.0,0.23,5.0,0.24,5.0,0.02,0.02,0.097662,1776400565000
1776400567.248,67.248,0.77,10.0,0.76,5.0,0.79,4.0,0.8,5.0,0.21,4.0,0.2,5.0,0.23,10.0,0.24,5.0,0.02,0.02,0.097662,1776400566000
1776400568.361,68.361,0.77,10.0,0.76,5.0,0.79,4.0,0.8,5.0,0.21,4.0,0.2,5.0,0.23,10.0,0.24,5.0,0.02,0.02,0.097662,1776400567000
1776400568.603,68.603,0.77,10.0,0.76,5.0,0.79,5.0,0.8,5.0,0.21,4.0,0.2,5.0,0.23,10.0,0.24,5.0,0.02,0.02,0.097662,1776400567000
1776400568.852,68.852,0.77,10.0,0.76,5.0,0.79,5.0,0.8,5.0,0.21,5.0,0.2,5.0,0.23,10.0,0.24,5.0,0.02,0.02,0.097662,1776400568000
1776400569.989,69.989,0.77,10.0,0.76,5.0,0.79,5.0,0.8,5.0,0.21,5.0,0.2,5.0,0.23,10.0,0.24,5.0,0.02,0.02,0.097657,1776400569000
1776400571.121,71.121,0.77,10.0,0.76,5.0,0.79,5.0,0.8,5.0,0.21,5.0,0.2,5.0,0.23,10.0,0.24,5.0,0.02,0.02,0.097657,1776400570000
1776400572.102,72.102,0.77,10.0,0.76,5.0,0.79,5.0,0.8,5.0,0.21,5.0,0.2,5.0,0.23,10.0,0.24,5.0,0.02,0.02,0.097657,1776400571000
1776400573.301,73.301,0.77,10.0,0.76,5.0,0.79,5.0,0.8,5.0,0.21,5.0,0.2,5.0,0.23,10.0,0.24,5.0,0.02,0.02,0.097651,1776400572000
1776400574.262,74.262,0.77,10.0,0.76,5.0,0.79,5.0,0.8,5.0,0.21,5.0,0.2,5.0,0.23,10.0,0.24,5.0,0.02,0.02,0.097641,1776400573000
1776400575.244,75.244,0.77,10.0,0.76,5.0,0.79,5.0,0.8,5.0,0.21,5.0,0.2,5.0,0.23,10.0,0.24,5.0,0.02,0.02,0.097629,1776400574000
1776400576.631,76.631,0.77,10.0,0.76,5.0,0.79,5.0,0.8,5.0,0.21,5.0,0.2,5.0,0.23,10.0,0.24,5.0,0.02,0.02,0.097629,1776400575000
1776400577.212,77.212,0.77,10.0,0.76,5.0,0.79,5.0,0.8,5.0,0.21,5.0,0.2,5.0,0.23,10.0,0.24,5.0,0.02,0.02,0.097629,1776400576000
1776400578.28,78.28,0.77,10.0,0.76,5.0,0.79,5.0,0.8,5.0,0.21,5.0,0.2,5.0,0.23,10.0,0.24,5.0,0.02,0.02,0.097628,1776400577000
1776400579.665,79.665,0.77,10.0,0.76,5.0,0.79,5.0,0.8,5.0,0.21,5.0,0.2,5.0,0.23,10.0,0.24,5.0,0.02,0.02,0.097647,1776400578000
1776400580.271,80.271,0.77,10.0,0.76,5.0,0.79,5.0,0.8,5.0,0.21,5.0,0.2,5.0,0.23,10.0,0.24,5.0,0.02,0.02,0.097648,1776400579000
1776400581.506,81.506,0.77,10.0,0.76,5.0,0.79,5.0,0.8,5.0,0.21,5.0,0.2,5.0,0.23,10.0,0.24,5.0,0.02,0.02,0.097649,1776400580000
1776400582.086,82.086,0.77,10.0,0.76,5.0,0.79,5.0,0.8,5.0,0.21,5.0,0.2,5.0,0.23,10.0,0.24,5.0,0.02,0.02,0.097648,1776400581000
1776400583.287,83.287,0.77,10.0,0.76,5.0,0.79,5.0,0.8,5.0,0.21,5.0,0.2,5.0,0.23,10.0,0.24,5.0,0.02,0.02,0.097648,1776400582000
1776400584.519,84.519,0.77,10.0,0.76,5.0,0.79,5.0,0.8,5.0,0.21,5.0,0.2,5.0,0.23,10.0,0.24,5.0,0.02,0.02,0.097655,1776400583000
1776400585.13,85.13,0.77,10.0,0.76,5.0,0.79,5.0,0.8,5.0,0.21,5.0,0.2,5.0,0.23,10.0,0.24,5.0,0.02,0.02,0.097655,1776400584000
1776400586.18,86.18,0.77,10.0,0.76,5.0,0.79,5.0,0.8,5.0,0.21,5.0,0.2,5.0,0.23,10.0,0.24,5.0,0.02,0.02,0.097655,1776400585000
1776400587.517,87.517,0.8,5.0,0.79,5.0,0.83,5.0,0.84,24.3,0.17,5.0,0.16,24.3,0.2,5.0,0.21,5.0,0.03,0.03,0.097655,1776400586000
1776400588.122,88.122,0.8,5.0,0.79,5.0,0.83,5.0,0.84,24.3,0.17,5.0,0.16,24.3,0.2,5.0,0.21,5.0,0.03,0.03,0.097658,1776400587000
1776400588.971,88.971,0.82,5.0,0.81,5.0,0.84,3.8,0.85,5.0,0.17,5.0,0.16,24.3,0.2,5.0,0.21,5.0,0.02,0.03,0.097658,1776400587000
1776400589.339,89.339,0.82,5.0,0.81,5.0,0.84,3.8,0.85,5.0,0.16,3.8,0.15,5.0,0.18,5.0,0.19,5.0,0.02,0.02,0.09766,1776400588000
1776400590.497,90.497,0.82,5.0,0.81,5.0,0.84,3.8,0.85,5.0,0.16,3.8,0.15,5.0,0.18,5.0,0.19,5.0,0.02,0.02,0.097665,1776400589000
1776400591.08,91.08,0.82,5.0,0.81,5.0,0.84,3.8,0.85,5.0,0.16,3.8,0.15,5.0,0.18,5.0,0.19,5.0,0.02,0.02,0.097665,1776400590000
1776400592.176,92.176,0.82,5.0,0.81,5.0,0.84,3.8,0.85,5.0,0.16,3.8,0.15,5.0,0.18,5.0,0.19,5.0,0.02,0.02,0.097666,1776400591000
1776400593.467,93.467,0.82,5.0,0.81,5.0,0.84,3.8,0.85,5.0,0.16,3.8,0.15,5.0,0.18,5.0,0.19,5.0,0.02,0.02,0.09766,1776400592000
1776400593.892,93.892,0.82,5.0,0.81,5.0,0.84,3.8,0.85,5.0,0.16,3.8,0.15,5.0,0.18,5.0,0.19,5.0,0.02,0.02,0.097659,1776400593000
1776400594.984,94.984,0.82,5.0,0.81,5.0,0.84,3.8,0.85,5.0,0.16,3.8,0.15,5.0,0.18,5.0,0.19,5.0,0.02,0.02,0.097654,1776400594000
1776400596.0,96.0,0.82,5.0,0.81,5.0,0.84,3.8,0.85,5.0,0.16,3.8,0.15,5.0,0.18,5.0,0.19,5.0,0.02,0.02,0.097652,1776400595000
1776400597.079,97.079,0.82,5.0,0.81,5.0,0.84,3.8,0.85,5.0,0.16,3.8,0.15,5.0,0.18,5.0,0.19,5.0,0.02,0.02,0.097662,1776400596000
1776400598.125,98.125,0.82,5.0,0.81,5.0,0.84,3.8,0.85,5.0,0.16,3.8,0.15,5.0,0.18,5.0,0.19,5.0,0.02,0.02,0.097665,1776400597000
1776400599.312,99.312,0.82,5.0,0.81,5.0,0.84,3.8,0.85,5.0,0.16,3.8,0.15,5.0,0.18,5.0,0.19,5.0,0.02,0.02,0.097654,1776400598000
1776400600.252,100.252,0.71,5.0,0.7,5.0,0.74,5.0,0.75,5.0,0.26,5.0,0.25,5.0,0.29,5.0,0.3,5.0,0.03,0.03,0.097649,1776400599000
1776400601.368,101.368,0.71,5.0,0.7,5.0,0.74,5.0,0.75,5.0,0.26,5.0,0.25,5.0,0.29,5.0,0.3,5.0,0.03,0.03,0.097627,1776400600000
1776400602.02,102.02,0.71,5.0,0.7,5.0,0.74,5.0,0.75,5.0,0.26,5.0,0.25,5.0,0.29,5.0,0.3,5.0,0.03,0.03,0.097623,1776400601000
1776400603.078,103.078,0.71,5.0,0.7,5.0,0.74,5.0,0.75,5.0,0.26,5.0,0.25,5.0,0.29,5.0,0.3,5.0,0.03,0.03,0.097627,1776400602000
1776400604.147,104.147,0.71,5.0,0.7,5.0,0.74,5.0,0.75,5.0,0.26,5.0,0.25,5.0,0.29,5.0,0.3,5.0,0.03,0.03,0.097623,1776400603000
1776400605.29,105.29,0.71,5.0,0.7,5.0,0.74,5.0,0.75,5.0,0.26,5.0,0.25,5.0,0.29,5.0,0.3,5.0,0.03,0.03,0.097623,1776400604000
1776400606.543,106.543,0.71,5.0,0.7,5.0,0.74,5.0,0.75,5.0,0.26,5.0,0.25,5.0,0.29,5.0,0.3,5.0,0.03,0.03,0.097623,1776400605000
1776400607.141,107.141,0.71,5.0,0.7,5.0,0.74,5.0,0.75,5.0,0.26,5.0,0.25,5.0,0.29,5.0,0.3,5.0,0.03,0.03,0.097624,1776400606000
1776400608.249,108.249,0.71,5.0,0.7,5.0,0.74,5.0,0.75,5.0,0.26,5.0,0.25,5.0,0.29,5.0,0.3,5.0,0.03,0.03,0.09761,1776400607000
1776400608.945,108.945,0.71,5.0,0.7,5.0,0.74,5.0,0.75,5.0,0.26,5.0,0.25,5.0,0.29,5.0,0.3,5.0,0.03,0.03,0.097605,1776400608000
1776400610.195,110.195,0.71,5.0,0.7,5.0,0.74,5.0,0.75,5.0,0.26,5.0,0.25,5.0,0.29,5.0,0.3,5.0,0.03,0.03,0.097605,1776400609000
1776400611.631,111.631,0.71,5.0,0.7,5.0,0.73,5.0,0.74,18.5,0.27,5.0,0.26,18.5,0.29,5.0,0.3,5.0,0.02,0.02,0.097612,1776400610000
1776400612.157,112.157,0.71,5.0,0.7,5.0,0.73,5.0,0.74,18.5,0.27,5.0,0.26,18.5,0.29,5.0,0.3,5.0,0.02,0.02,0.09762,1776400611000
1776400612.919,112.919,0.71,5.0,0.7,5.0,0.73,5.0,0.74,18.5,0.27,5.0,0.26,18.5,0.29,5.0,0.3,5.0,0.02,0.02,0.097621,1776400612000
1776400614.228,114.228,0.71,5.0,0.7,5.0,0.73,5.0,0.74,18.5,0.27,5.0,0.26,18.5,0.29,5.0,0.3,5.0,0.02,0.02,0.097614,1776400613000
1776400615.5,115.5,0.71,5.0,0.7,5.0,0.73,5.0,0.74,18.5,0.27,5.0,0.26,18.5,0.29,5.0,0.3,5.0,0.02,0.02,0.097614,1776400614000
1776400616.135,116.135,0.71,5.0,0.7,5.0,0.73,5.0,0.74,18.5,0.27,5.0,0.26,18.5,0.29,5.0,0.3,5.0,0.02,0.02,0.097612,1776400615000
1776400617.475,117.475,0.77,5.0,0.76,5.0,0.79,5.0,0.8,5.0,0.21,5.0,0.2,5.0,0.23,5.0,0.24,5.0,0.02,0.02,0.097622,1776400616000
1776400618.028,118.028,0.77,5.0,0.76,5.0,0.79,5.0,0.8,5.0,0.21,5.0,0.2,5.0,0.23,5.0,0.24,5.0,0.02,0.02,0.097639,1776400617000
1776400618.364,118.364,0.76,5.0,0.75,5.0,0.79,5.0,0.8,5.0,0.21,5.0,0.2,5.0,0.23,5.0,0.24,5.0,0.03,0.02,0.097639,1776400617000
1776400619.124,119.124,0.76,5.0,0.75,5.0,0.79,5.0,0.8,5.0,0.21,5.0,0.2,5.0,0.24,5.0,0.25,5.0,0.03,0.03,0.097639,1776400618000
1776400620.381,120.381,0.76,5.0,0.75,5.0,0.79,5.0,0.8,5.0,0.21,5.0,0.2,5.0,0.24,5.0,0.25,5.0,0.03,0.03,0.09764,1776400619000
1776400621.014,121.014,0.76,5.0,0.75,5.0,0.79,5.0,0.8,5.0,0.21,5.0,0.2,5.0,0.24,5.0,0.25,5.0,0.03,0.03,0.097641,1776400620000
1776400622.721,122.721,0.76,5.0,0.75,5.0,0.79,5.0,0.8,5.0,0.21,5.0,0.2,5.0,0.24,5.0,0.25,5.0,0.03,0.03,0.09764,1776400621000
1776400623.72,123.72,0.76,5.0,0.75,5.0,0.79,5.0,0.8,5.0,0.21,5.0,0.2,5.0,0.24,5.0,0.25,5.0,0.03,0.03,0.097641,1776400622000
1776400624.443,124.443,0.76,5.0,0.75,5.0,0.79,5.0,0.8,5.0,0.21,5.0,0.2,5.0,0.24,5.0,0.25,5.0,0.03,0.03,0.097643,1776400623000
1776400625.037,125.037,0.76,5.0,0.75,5.0,0.79,5.0,0.8,5.0,0.21,5.0,0.2,5.0,0.24,5.0,0.25,5.0,0.03,0.03,0.097644,1776400624000
1776400626.454,126.454,0.76,5.0,0.75,5.0,0.79,5.0,0.8,5.0,0.21,5.0,0.2,5.0,0.24,5.0,0.25,5.0,0.03,0.03,0.097654,1776400625000
1776400627.302,127.302,0.76,5.0,0.75,5.0,0.79,5.0,0.8,5.0,0.21,5.0,0.2,5.0,0.24,5.0,0.25,5.0,0.03,0.03,0.097654,1776400626000
1776400628.384,128.384,0.76,5.0,0.75,5.0,0.79,5.0,0.8,5.0,0.21,5.0,0.2,5.0,0.24,5.0,0.25,5.0,0.03,0.03,0.097661,1776400627000
1776400628.996,128.996,0.76,5.0,0.75,5.0,0.79,5.0,0.8,5.0,0.21,5.0,0.2,5.0,0.24,5.0,0.25,5.0,0.03,0.03,0.097661,1776400628000
1776400630.307,130.307,0.76,5.0,0.75,5.0,0.79,5.0,0.8,5.0,0.21,5.0,0.2,5.0,0.24,5.0,0.25,5.0,0.03,0.03,0.097666,1776400629000
1776400631.545,131.545,0.76,5.0,0.75,5.0,0.79,5.0,0.8,5.0,0.21,5.0,0.2,5.0,0.24,5.0,0.25,5.0,0.03,0.03,0.097667,1776400630000
1776400632.141,132.141,0.83,5.0,0.82,5.0,0.86,5.0,0.87,5.0,0.21,5.0,0.2,5.0,0.24,5.0,0.25,5.0,0.03,0.03,0.097667,1776400630000
1776400632.356,132.356,0.83,5.0,0.82,5.0,0.86,5.0,0.87,5.0,0.14,5.0,0.13,5.0,0.17,5.0,0.18,5.0,0.03,0.03,0.097666,1776400631000
1776400633.636,133.636,0.83,5.0,0.82,5.0,0.86,5.0,0.87,5.0,0.14,5.0,0.13,5.0,0.17,5.0,0.18,5.0,0.03,0.03,0.097667,1776400632000
1776400634.681,134.681,0.83,5.0,0.82,5.0,0.86,5.0,0.87,5.0,0.14,5.0,0.13,5.0,0.17,5.0,0.18,5.0,0.03,0.03,0.097667,1776400633000
1776400635.404,135.404,0.83,5.0,0.82,5.0,0.86,5.0,0.87,5.0,0.14,5.0,0.13,5.0,0.17,5.0,0.18,5.0,0.03,0.03,0.097667,1776400634000
1776400636.266,136.266,0.83,5.0,0.82,5.0,0.86,5.0,0.87,5.0,0.14,5.0,0.13,5.0,0.17,5.0,0.18,5.0,0.03,0.03,0.097667,1776400635000
1776400637.915,137.915,0.83,5.0,0.82,5.0,0.86,5.0,0.87,5.0,0.14,5.0,0.13,5.0,0.17,5.0,0.18,5.0,0.03,0.03,0.097667,1776400636000
1776400638.232,138.232,0.86,5.0,0.85,5.0,0.87,3.85,0.88,5.0,0.14,5.0,0.13,5.0,0.17,5.0,0.18,5.0,0.01,0.03,0.097667,1776400636000
1776400638.798,138.798,0.86,5.0,0.85,5.0,0.87,3.85,0.88,5.0,0.13,3.85,0.12,5.0,0.14,5.0,0.15,5.0,0.01,0.01,0.097667,1776400637000
1776400639.599,139.599,0.86,5.0,0.85,5.0,0.87,3.85,0.88,5.0,0.13,3.85,0.12,5.0,0.14,5.0,0.15,5.0,0.01,0.01,0.097668,1776400638000
1776400640.304,140.304,0.86,5.0,0.85,5.0,0.87,3.85,0.88,5.0,0.13,3.85,0.12,5.0,0.14,5.0,0.15,5.0,0.01,0.01,0.097667,1776400639000
1776400641.37,141.37,0.86,5.0,0.85,5.0,0.87,3.85,0.88,5.0,0.13,3.85,0.12,5.0,0.14,5.0,0.15,5.0,0.01,0.01,0.097667,1776400640000
1776400642.537,142.537,0.86,5.0,0.85,5.0,0.87,3.85,0.88,5.0,0.13,3.85,0.12,5.0,0.14,5.0,0.15,5.0,0.01,0.01,0.097668,1776400641000
1776400643.275,143.275,0.86,5.0,0.85,5.0,0.87,3.85,0.88,5.0,0.13,3.85,0.12,5.0,0.14,5.0,0.15,5.0,0.01,0.01,0.097672,1776400642000
1776400644.081,144.081,0.86,5.0,0.85,5.0,0.87,3.85,0.88,5.0,0.13,3.85,0.12,5.0,0.14,5.0,0.15,5.0,0.01,0.01,0.097672,1776400643000
1776400645.283,145.283,0.86,5.0,0.85,5.0,0.87,3.85,0.88,5.0,0.13,3.85,0.12,5.0,0.14,5.0,0.15,5.0,0.01,0.01,0.097656,1776400644000
1776400646.098,146.098,0.86,5.0,0.85,5.0,0.87,3.85,0.88,5.0,0.13,3.85,0.12,5.0,0.14,5.0,0.15,5.0,0.01,0.01,0.097664,1776400645000
1776400647.591,147.591,0.86,5.0,0.85,5.0,0.87,3.85,0.88,5.0,0.13,3.85,0.12,5.0,0.14,5.0,0.15,5.0,0.01,0.01,0.097661,1776400646000
1776400648.203,148.203,0.86,5.0,0.85,5.0,0.87,3.85,0.88,5.0,0.13,3.85,0.12,5.0,0.14,5.0,0.15,5.0,0.01,0.01,0.097658,1776400647000
1776400649.727,149.727,0.86,5.0,0.85,5.0,0.87,3.85,0.88,5.0,0.13,3.85,0.12,5.0,0.14,5.0,0.15,5.0,0.01,0.01,0.097652,1776400648000
1776400650.439,150.439,0.86,5.0,0.85,5.0,0.87,3.85,0.88,5.0,0.13,3.85,0.12,5.0,0.14,5.0,0.15,5.0,0.01,0.01,0.097652,1776400649000
1776400651.086,151.086,0.86,5.0,0.85,5.0,0.87,3.85,0.88,5.0,0.13,3.85,0.12,5.0,0.14,5.0,0.15,5.0,0.01,0.01,0.097653,1776400650000
1776400651.402,151.402,0.89,35.0,0.88,10.0,0.9,8.67,0.91,11.0,0.13,3.85,0.12,5.0,0.14,5.0,0.15,5.0,0.01,0.01,0.097653,1776400650000
1776400652.437,152.437,0.89,35.0,0.88,10.0,0.9,8.67,0.91,11.0,0.1,8.67,0.09,11.0,0.11,35.0,0.12,10.0,0.01,0.01,0.097677,1776400651000
1776400653.257,153.257,0.89,35.0,0.88,10.0,0.9,8.67,0.91,11.0,0.1,8.67,0.09,11.0,0.11,35.0,0.12,10.0,0.01,0.01,0.097695,1776400652000
1776400654.763,154.763,0.89,35.0,0.88,10.0,0.9,8.67,0.91,11.0,0.1,8.67,0.09,11.0,0.11,35.0,0.12,10.0,0.01,0.01,0.097721,1776400653000
1776400655.422,155.422,0.89,35.0,0.88,10.0,0.9,8.67,0.91,11.0,0.1,8.67,0.09,11.0,0.11,35.0,0.12,10.0,0.01,0.01,0.097721,1776400654000
1776400656.202,156.202,0.89,35.0,0.88,10.0,0.9,8.67,0.91,11.0,0.1,8.67,0.09,11.0,0.11,35.0,0.12,10.0,0.01,0.01,0.097721,1776400655000
1776400657.644,157.644,0.89,55.6,0.88,29.6,0.9,7.55,0.91,11.0,0.1,7.55,0.09,11.0,0.11,55.6,0.12,29.6,0.01,0.01,0.097721,1776400656000
1776400658.38,158.38,0.89,65.6,0.88,29.6,0.9,5.98,0.91,11.0,0.1,7.55,0.09,11.0,0.11,55.6,0.12,29.6,0.01,0.01,0.097721,1776400656000
1776400659.15,159.15,0.89,65.6,0.88,29.6,0.9,5.98,0.91,11.0,0.1,5.98,0.09,11.0,0.11,65.6,0.12,29.6,0.01,0.01,0.097724,1776400658000
1776400660.517,160.517,0.89,65.6,0.88,29.6,0.9,5.98,0.91,11.0,0.1,5.98,0.09,11.0,0.11,65.6,0.12,29.6,0.01,0.01,0.097724,1776400659000
1776400661.456,161.456,0.89,65.6,0.88,29.6,0.9,5.98,0.91,11.0,0.1,5.98,0.09,11.0,0.11,65.6,0.12,29.6,0.01,0.01,0.097724,1776400660000
1776400662.333,162.333,0.89,65.6,0.88,29.6,0.9,5.98,0.91,11.0,0.1,5.98,0.09,11.0,0.11,65.6,0.12,29.6,0.01,0.01,0.097724,1776400661000
1776400663.812,163.812,0.89,65.6,0.88,29.6,0.9,5.98,0.91,11.0,0.1,5.98,0.09,11.0,0.11,65.6,0.12,29.6,0.01,0.01,0.097725,1776400662000
1776400664.524,164.524,0.89,65.6,0.88,29.6,0.9,5.98,0.91,11.0,0.1,5.98,0.09,11.0,0.11,65.6,0.12,29.6,0.01,0.01,0.097722,1776400663000
1776400665.262,165.262,0.89,65.6,0.88,29.6,0.9,5.98,0.91,11.0,0.1,5.98,0.09,11.0,0.11,65.6,0.12,29.6,0.01,0.01,0.097724,1776400664000
1776400666.64,166.64,0.89,65.6,0.88,29.6,0.9,5.98,0.91,11.0,0.1,5.98,0.09,11.0,0.11,65.6,0.12,29.6,0.01,0.01,0.097724,1776400665000
1776400667.383,167.383,0.89,65.6,0.88,29.6,0.9,5.98,0.91,11.0,0.1,5.98,0.09,11.0,0.11,65.6,0.12,29.6,0.01,0.01,0.097725,1776400666000
1776400667.997,167.997,0.89,65.6,0.88,29.6,0.9,5.98,0.91,11.0,0.1,5.98,0.09,11.0,0.11,65.6,0.12,29.6,0.01,0.01,0.097724,1776400667000
1776400668.788,168.788,0.89,63.6,0.88,29.6,0.9,5.98,0.91,11.0,0.1,5.98,0.09,11.0,0.11,65.6,0.12,29.6,0.01,0.01,0.097724,1776400667000
1776400669.24,169.24,0.89,63.6,0.88,29.6,0.9,5.98,0.91,11.0,0.1,5.98,0.09,11.0,0.11,63.6,0.12,29.6,0.01,0.01,0.097725,1776400668000
1776400670.401,170.401,0.89,63.6,0.88,29.6,0.9,5.98,0.91,11.0,0.1,5.98,0.09,11.0,0.11,63.6,0.12,29.6,0.01,0.01,0.097725,1776400669000
1776400671.103,171.103,0.89,63.6,0.88,29.6,0.9,5.98,0.91,11.0,0.1,5.98,0.09,11.0,0.11,63.6,0.12,29.6,0.01,0.01,0.097725,1776400670000
1776400672.332,172.332,0.89,58.6,0.88,29.6,0.91,11.0,0.92,12.0,0.09,11.0,0.08,12.0,0.11,58.6,0.12,29.6,0.02,0.02,0.097725,1776400671000
1776400672.933,172.933,0.89,58.6,0.88,29.6,0.91,11.0,0.92,12.0,0.09,11.0,0.08,12.0,0.11,58.6,0.12,29.6,0.02,0.02,0.097724,1776400672000
1776400673.903,173.903,0.9,23.9,0.89,31.6,0.91,11.0,0.92,12.0,0.09,11.0,0.08,12.0,0.11,58.6,0.12,29.6,0.01,0.02,0.097724,1776400672000
1776400674.384,174.384,0.9,23.9,0.89,31.6,0.91,11.0,0.92,12.0,0.09,11.0,0.08,12.0,0.1,23.9,0.11,31.6,0.01,0.01,0.097725,1776400673000
1776400675.254,175.254,0.9,23.9,0.89,31.6,0.91,11.0,0.92,12.0,0.09,11.0,0.08,12.0,0.1,23.9,0.11,31.6,0.01,0.01,0.097711,1776400674000
1776400676.757,176.757,0.9,23.9,0.89,31.6,0.91,11.0,0.92,12.0,0.09,11.0,0.08,12.0,0.1,23.9,0.11,31.6,0.01,0.01,0.09771,1776400675000
1776400677.431,177.431,0.9,23.9,0.89,31.6,0.91,11.0,0.92,12.0,0.09,11.0,0.08,12.0,0.1,23.9,0.11,31.6,0.01,0.01,0.09771,1776400676000
1776400678.377,178.377,0.9,23.9,0.89,31.6,0.91,11.0,0.92,12.0,0.09,11.0,0.08,12.0,0.1,23.9,0.11,31.6,0.01,0.01,0.09771,1776400677000
1776400678.946,178.946,0.9,23.9,0.89,31.6,0.91,11.0,0.92,12.0,0.09,11.0,0.08,12.0,0.1,23.9,0.11,31.6,0.01,0.01,0.097711,1776400678000
1776400680.01,180.01,0.9,23.9,0.89,31.6,0.91,11.0,0.92,12.0,0.09,11.0,0.08,12.0,0.1,23.9,0.11,31.6,0.01,0.01,0.097719,1776400679000
1776400680.898,180.898,0.9,28.9,0.89,31.6,0.91,5.5,0.92,12.0,0.09,5.5,0.08,12.0,0.1,28.9,0.11,31.6,0.01,0.01,0.09772,1776400680000
1776400682.018,182.018,0.9,28.9,0.89,31.6,0.91,5.5,0.92,12.0,0.09,5.5,0.08,12.0,0.1,28.9,0.11,31.6,0.01,0.01,0.097722,1776400681000
1776400683.048,183.048,0.9,28.9,0.89,31.6,0.91,5.5,0.92,12.0,0.09,5.5,0.08,12.0,0.1,28.9,0.11,31.6,0.01,0.01,0.097721,1776400682000
1776400683.354,183.354,0.91,10.0,0.9,55.9,0.93,8.24,0.94,16.0,0.08,2.27,0.07,14.0,0.1,45.9,0.11,31.6,0.02,0.02,0.097721,1776400682000
1776400684.021,184.021,0.91,10.0,0.9,55.9,0.93,8.24,0.94,16.0,0.07,8.24,0.06,16.0,0.09,10.0,0.1,55.9,0.02,0.02,0.097721,1776400683000
1776400685.068,185.068,0.91,10.0,0.9,55.9,0.93,8.24,0.94,16.0,0.07,8.24,0.06,16.0,0.09,10.0,0.1,55.9,0.02,0.02,0.097718,1776400684000
1776400685.337,185.337,0.92,3.45,0.91,5.0,0.93,1.62,0.94,21.0,0.07,8.24,0.06,21.0,0.08,3.45,0.09,5.0,0.01,0.01,0.097718,1776400684000
1776400686.169,186.169,0.92,3.45,0.91,5.0,0.93,1.62,0.94,21.0,0.07,1.62,0.06,21.0,0.08,3.45,0.09,5.0,0.01,0.01,0.097708,1776400685000
1776400687.158,187.158,0.92,3.45,0.91,5.0,0.93,1.62,0.94,21.0,0.07,1.62,0.06,21.0,0.08,3.45,0.09,5.0,0.01,0.01,0.097676,1776400686000
1776400688.133,188.133,0.92,3.45,0.91,5.0,0.93,1.62,0.94,21.0,0.07,1.62,0.06,21.0,0.08,3.45,0.09,5.0,0.01,0.01,0.097672,1776400687000
1776400689.248,189.248,0.92,3.45,0.91,5.0,0.93,1.62,0.94,21.0,0.07,1.62,0.06,21.0,0.08,3.45,0.09,5.0,0.01,0.01,0.09767,1776400688000
1776400690.25,190.25,0.92,3.45,0.91,5.0,0.93,1.62,0.94,21.0,0.07,1.62,0.06,21.0,0.08,3.45,0.09,5.0,0.01,0.01,0.09767,1776400689000
1776400691.953,191.953,0.92,3.45,0.91,5.0,0.93,1.62,0.94,21.0,0.07,1.62,0.06,21.0,0.08,3.45,0.09,5.0,0.01,0.01,0.097662,1776400690000
1776400692.445,192.445,0.92,3.45,0.91,5.0,0.93,1.62,0.94,21.0,0.07,1.62,0.06,21.0,0.08,3.45,0.09,5.0,0.01,0.01,0.097661,1776400691000
1776400693.015,193.015,0.92,3.45,0.91,5.0,0.93,1.62,0.94,21.0,0.07,1.62,0.06,21.0,0.08,3.45,0.09,5.0,0.01,0.01,0.097662,1776400692000
1776400694.15,194.15,0.92,3.45,0.91,5.0,0.93,1.62,0.94,21.0,0.07,1.62,0.06,21.0,0.08,3.45,0.09,5.0,0.01,0.01,0.097663,1776400693000
1776400694.639,194.639,0.9,5.0,0.89,5.0,0.92,35.29,0.93,56.52,0.07,1.62,0.06,21.0,0.08,3.45,0.09,5.0,0.02,0.01,0.097663,1776400693000
1776400695.228,195.228,0.9,5.0,0.89,5.0,0.92,35.29,0.93,56.52,0.08,35.29,0.07,56.52,0.1,5.0,0.11,5.0,0.02,0.02,0.097666,1776400694000
1776400696.254,196.254,0.9,5.0,0.89,5.0,0.92,35.29,0.93,56.52,0.08,35.29,0.07,56.52,0.1,5.0,0.11,5.0,0.02,0.02,0.097665,1776400695000
1776400697.211,197.211,0.9,5.0,0.89,5.0,0.92,35.29,0.93,56.52,0.08,35.29,0.07,56.52,0.1,5.0,0.11,5.0,0.02,0.02,0.097667,1776400696000
1776400698.294,198.294,0.9,5.0,0.89,5.0,0.92,35.29,0.93,56.52,0.08,35.29,0.07,56.52,0.1,5.0,0.11,5.0,0.02,0.02,0.097667,1776400697000
1776400699.303,199.303,0.9,5.0,0.89,5.0,0.92,35.29,0.93,56.52,0.08,35.29,0.07,56.52,0.1,5.0,0.11,5.0,0.02,0.02,0.097663,1776400698000
1776400700.296,200.296,0.9,5.0,0.89,5.0,0.92,35.29,0.93,56.52,0.08,35.29,0.07,56.52,0.1,5.0,0.11,5.0,0.02,0.02,0.097662,1776400699000
1776400701.299,201.299,0.9,5.0,0.89,5.0,0.92,35.29,0.93,56.52,0.08,35.29,0.07,56.52,0.1,5.0,0.11,5.0,0.02,0.02,0.097662,1776400700000
1776400702.367,202.367,0.9,5.0,0.89,5.0,0.92,35.29,0.93,56.52,0.08,35.29,0.07,56.52,0.1,5.0,0.11,5.0,0.02,0.02,0.097661,1776400701000
1776400703.392,203.392,0.9,5.0,0.89,5.0,0.92,35.29,0.93,56.52,0.08,35.29,0.07,56.52,0.1,5.0,0.11,5.0,0.02,0.02,0.097655,1776400702000
1776400703.709,203.709,0.87,5.0,0.86,5.0,0.9,28.9,0.91,36.7,0.08,35.29,0.07,56.52,0.1,5.0,0.11,5.0,0.03,0.02,0.097655,1776400702000
1776400703.997,203.997,0.87,5.0,0.86,5.0,0.9,28.9,0.91,36.7,0.1,28.9,0.09,36.7,0.13,5.0,0.14,5.0,0.03,0.03,0.097643,1776400703000
1776400705.448,205.448,0.87,5.0,0.86,5.0,0.9,28.9,0.91,36.7,0.1,28.9,0.09,36.7,0.13,5.0,0.14,5.0,0.03,0.03,0.097645,1776400704000
1776400706.088,206.088,0.87,5.0,0.86,5.0,0.9,28.9,0.91,36.7,0.1,28.9,0.09,36.7,0.13,5.0,0.14,5.0,0.03,0.03,0.097645,1776400705000
1776400707.329,207.329,0.87,5.0,0.86,5.0,0.9,28.9,0.91,36.7,0.1,28.9,0.09,36.7,0.13,5.0,0.14,5.0,0.03,0.03,0.097648,1776400706000
1776400707.98,207.98,0.87,5.0,0.86,5.0,0.9,28.9,0.91,36.7,0.1,28.9,0.09,36.7,0.13,5.0,0.14,5.0,0.03,0.03,0.097647,1776400707000
1776400709.148,209.148,0.87,5.0,0.86,5.0,0.9,28.9,0.91,36.7,0.1,28.9,0.09,36.7,0.13,5.0,0.14,5.0,0.03,0.03,0.097649,1776400708000
1776400710.268,210.268,0.87,5.0,0.86,5.0,0.9,28.9,0.91,36.7,0.1,28.9,0.09,36.7,0.13,5.0,0.14,5.0,0.03,0.03,0.097651,1776400709000
1776400711.475,211.475,0.87,5.0,0.86,5.0,0.88,3.86,0.89,5.0,0.12,3.86,0.11,5.0,0.13,5.0,0.14,5.0,0.01,0.01,0.097652,1776400710000
1776400712.045,212.045,0.87,5.0,0.86,5.0,0.88,3.86,0.89,5.0,0.12,3.86,0.11,5.0,0.13,5.0,0.14,5.0,0.01,0.01,0.097649,1776400711000
1776400713.215,213.215,0.87,5.0,0.86,5.0,0.88,3.86,0.89,5.0,0.12,3.86,0.11,5.0,0.13,5.0,0.14,5.0,0.01,0.01,0.09765,1776400712000
1776400713.502,213.502,0.87,5.0,0.86,5.0,0.88,3.86,0.89,5.0,0.12,3.86,0.11,5.0,0.13,5.0,0.14,5.0,0.01,0.01,0.09765,1776400712000
1776400714.438,214.438,0.87,5.0,0.86,5.0,0.88,3.86,0.89,5.0,0.12,3.86,0.11,5.0,0.13,5.0,0.14,5.0,0.01,0.01,0.097651,1776400713000
1776400715.042,215.042,0.87,5.0,0.86,5.0,0.88,3.86,0.89,5.0,0.12,3.86,0.11,5.0,0.13,5.0,0.14,5.0,0.01,0.01,0.097651,1776400714000
1776400716.36,216.36,0.87,5.0,0.86,5.0,0.88,3.86,0.89,5.0,0.12,3.86,0.11,5.0,0.13,5.0,0.14,5.0,0.01,0.01,0.097643,1776400715000
1776400717.537,217.537,0.87,5.0,0.86,5.0,0.88,3.86,0.89,5.0,0.12,3.86,0.11,5.0,0.13,5.0,0.14,5.0,0.01,0.01,0.097643,1776400716000
1776400718.138,218.138,0.87,5.0,0.86,5.0,0.88,3.86,0.89,5.0,0.12,3.86,0.11,5.0,0.13,5.0,0.14,5.0,0.01,0.01,0.09764,1776400717000
1776400719.402,219.402,0.87,5.0,0.86,5.0,0.88,3.86,0.89,5.0,0.12,3.86,0.11,5.0,0.13,5.0,0.14,5.0,0.01,0.01,0.097642,1776400718000
1776400719.959,219.959,0.87,5.0,0.86,5.0,0.88,3.86,0.89,5.0,0.12,3.86,0.11,5.0,0.13,5.0,0.14,5.0,0.01,0.01,0.097642,1776400719000
1776400720.261,220.261,0.85,5.0,0.84,5.0,0.89,4.33,0.9,33.9,0.12,3.86,0.11,5.0,0.13,5.0,0.14,5.0,0.04,0.01,0.097642,1776400719000
1776400721.018,221.018,0.85,5.0,0.84,5.0,0.89,4.33,0.9,33.9,0.11,4.33,0.1,33.9,0.15,5.0,0.16,5.0,0.04,0.04,0.097642,1776400720000
1776400722.385,222.385,0.85,5.0,0.84,5.0,0.89,4.33,0.9,33.9,0.11,4.33,0.1,33.9,0.15,5.0,0.16,5.0,0.04,0.04,0.097643,1776400721000
1776400722.992,222.992,0.85,5.0,0.84,5.0,0.89,4.33,0.9,33.9,0.11,4.33,0.1,33.9,0.15,5.0,0.16,5.0,0.04,0.04,0.097643,1776400722000
1776400724.386,224.386,0.85,5.0,0.84,5.0,0.89,4.33,0.9,33.9,0.11,4.33,0.1,33.9,0.15,5.0,0.16,5.0,0.04,0.04,0.097645,1776400723000
1776400724.944,224.944,0.85,5.0,0.84,5.0,0.89,4.33,0.9,33.9,0.11,4.33,0.1,33.9,0.15,5.0,0.16,5.0,0.04,0.04,0.097646,1776400724000
1776400726.133,226.133,0.85,5.0,0.84,5.0,0.89,4.33,0.9,33.9,0.11,4.33,0.1,33.9,0.15,5.0,0.16,5.0,0.04,0.04,0.097653,1776400725000
1776400727.4,227.4,0.85,5.0,0.84,5.0,0.89,4.33,0.9,33.9,0.11,4.33,0.1,33.9,0.15,5.0,0.16,5.0,0.04,0.04,0.097644,1776400726000
1776400727.895,227.895,0.81,5.0,0.8,5.0,0.83,3.79,0.84,5.0,0.17,3.79,0.16,5.0,0.19,5.0,0.2,5.0,0.02,0.02,0.097644,1776400727000
1776400729.036,229.036,0.81,5.0,0.8,5.0,0.83,3.79,0.84,5.0,0.17,3.79,0.16,5.0,0.19,5.0,0.2,5.0,0.02,0.02,0.097632,1776400728000
1776400730.661,230.661,0.81,5.0,0.8,5.0,0.83,3.79,0.84,5.0,0.17,3.79,0.16,5.0,0.19,5.0,0.2,5.0,0.02,0.02,0.097624,1776400729000
1776400731.243,231.243,0.81,5.0,0.8,5.0,0.83,3.79,0.84,5.0,0.17,3.79,0.16,5.0,0.19,5.0,0.2,5.0,0.02,0.02,0.097621,1776400730000
1776400732.43,232.43,0.81,5.0,0.8,5.0,0.83,3.79,0.84,5.0,0.17,3.79,0.16,5.0,0.19,5.0,0.2,5.0,0.02,0.02,0.09761,1776400731000
1776400733.031,233.031,0.81,5.0,0.8,5.0,0.83,3.79,0.84,5.0,0.17,3.79,0.16,5.0,0.19,5.0,0.2,5.0,0.02,0.02,0.09761,1776400732000
1776400733.974,233.974,0.8,5.0,0.79,5.0,0.81,20.65,0.82,22.6,0.17,3.79,0.16,5.0,0.19,5.0,0.2,5.0,0.01,0.02,0.09761,1776400732000
1776400734.285,234.285,0.8,5.0,0.79,5.0,0.81,20.65,0.82,22.6,0.19,20.65,0.18,22.6,0.2,5.0,0.21,5.0,0.01,0.01,0.097611,1776400733000
1776400735.398,235.398,0.8,5.0,0.79,5.0,0.81,20.65,0.82,22.6,0.19,20.65,0.18,22.6,0.2,5.0,0.21,5.0,0.01,0.01,0.097611,1776400734000
1776400736.051,236.051,0.8,5.0,0.79,5.0,0.81,20.65,0.82,22.6,0.19,20.65,0.18,22.6,0.2,5.0,0.21,5.0,0.01,0.01,0.097611,1776400735000
1776400737.242,237.242,0.8,5.0,0.79,5.0,0.81,20.65,0.82,22.6,0.19,20.65,0.18,22.6,0.2,5.0,0.21,5.0,0.01,0.01,0.097611,1776400736000
1776400738.541,238.541,0.8,5.0,0.79,5.0,0.81,20.65,0.82,22.6,0.19,20.65,0.18,22.6,0.2,5.0,0.21,5.0,0.01,0.01,0.09761,1776400737000
1776400739.149,239.149,0.8,5.0,0.79,5.0,0.81,20.65,0.82,22.6,0.19,20.65,0.18,22.6,0.2,5.0,0.21,5.0,0.01,0.01,0.09761,1776400738000
1776400740.313,240.313,0.8,5.0,0.79,5.0,0.81,20.65,0.82,22.6,0.19,20.65,0.18,22.6,0.2,5.0,0.21,5.0,0.01,0.01,0.097612,1776400739000
1776400740.545,240.545,0.75,5.0,0.7,5.0,0.76,0.36,0.77,5.0,0.24,2.36,0.23,5.0,0.25,5.0,0.3,5.0,0.01,0.01,0.097612,1776400739000
1776400741.421,241.421,0.59,5.0,0.58,5.0,0.7,5.0,0.76,0.36,0.24,0.36,0.23,5.0,0.25,5.0,0.3,5.0,0.11,0.01,0.097612,1776400739000
1776400742.33,242.33,0.59,5.0,0.58,5.0,0.7,5.0,0.76,0.36,0.3,5.0,0.24,0.36,0.41,5.0,0.42,5.0,0.11,0.11,0.097611,1776400741000
1776400742.929,242.929,0.43,5.0,0.42,10.0,0.58,5.0,0.59,5.0,0.3,5.0,0.24,0.36,0.41,5.0,0.42,5.0,0.15,0.11,0.097611,1776400741000
1776400743.761,243.761,0.57,0.34,0.56,5.0,0.58,103.0,0.66,5.0,0.54,5.0,0.53,5.0,0.56,0.07,0.57,5.0,0.01,0.02,0.097594,1776400742000
1776400744.279,244.279,0.56,2.76,0.55,5.0,0.58,103.0,0.66,5.0,0.42,103.0,0.34,5.0,0.44,2.76,0.45,5.0,0.02,0.02,0.097576,1776400743000
1776400745.499,245.499,0.56,2.76,0.55,5.0,0.58,103.0,0.66,5.0,0.42,103.0,0.34,5.0,0.44,2.76,0.45,5.0,0.02,0.02,0.097563,1776400744000
1776400746.287,246.287,0.56,2.76,0.55,5.0,0.58,103.0,0.66,5.0,0.42,103.0,0.34,5.0,0.44,2.76,0.45,5.0,0.02,0.02,0.097569,1776400745000
1776400747.46,247.46,0.56,2.76,0.55,5.0,0.58,103.0,0.66,5.0,0.42,103.0,0.34,5.0,0.44,2.76,0.45,5.0,0.02,0.02,0.097576,1776400746000
1776400748.252,248.252,0.42,5.0,0.41,5.0,0.44,2.52,0.45,5.0,0.56,2.52,0.55,5.0,0.58,5.0,0.59,5.0,0.02,0.02,0.097576,1776400747000
1776400748.478,248.478,0.43,5.0,0.42,10.0,0.46,5.0,0.47,5.0,0.56,2.52,0.55,5.0,0.58,5.0,0.59,5.0,0.03,0.02,0.097576,1776400747000
1776400749.589,249.589,0.43,5.0,0.42,10.0,0.46,5.0,0.47,5.0,0.54,5.0,0.53,5.0,0.57,5.0,0.58,10.0,0.03,0.03,0.097558,1776400748000
1776400750.227,250.227,0.43,5.0,0.42,10.0,0.46,5.0,0.47,5.0,0.54,5.0,0.53,5.0,0.57,5.0,0.58,10.0,0.03,0.03,0.097555,1776400749000
1776400751.517,251.517,0.45,5.0,0.44,5.0,0.47,5.0,0.48,5.0,0.53,5.0,0.52,5.0,0.55,5.0,0.56,5.0,0.02,0.02,0.097557,1776400750000
1776400752.193,252.193,0.45,5.0,0.44,5.0,0.47,5.0,0.48,5.0,0.53,5.0,0.52,5.0,0.55,5.0,0.56,5.0,0.02,0.02,0.097557,1776400751000
1776400752.463,252.463,0.47,5.0,0.46,5.0,0.49,5.0,0.5,5.0,0.53,5.0,0.52,5.0,0.55,5.0,0.56,5.0,0.02,0.02,0.097557,1776400751000
1776400752.836,252.836,0.57,10.0,0.56,10.0,0.58,97.87,0.63,11.2,0.42,108.0,0.41,5.0,0.45,2.15,0.46,5.0,0.01,0.03,0.097557,1776400751000
1776400754.017,254.017,0.57,10.0,0.56,10.0,0.58,97.87,0.63,11.2,0.42,97.87,0.37,11.2,0.43,10.0,0.44,10.0,0.01,0.01,0.097555,1776400753000
1776400755.111,255.111,0.57,10.0,0.56,10.0,0.58,97.87,0.63,11.2,0.42,97.87,0.37,11.2,0.43,10.0,0.44,10.0,0.01,0.01,0.097572,1776400754000
1776400756.119,256.119,0.57,10.0,0.56,10.0,0.58,97.87,0.63,11.2,0.42,97.87,0.37,11.2,0.43,10.0,0.44,10.0,0.01,0.01,0.097577,1776400755000
1776400757.165,257.165,0.57,10.0,0.56,10.0,0.58,97.87,0.63,11.2,0.42,97.87,0.37,11.2,0.43,10.0,0.44,10.0,0.01,0.01,0.097577,1776400756000
1776400758.236,258.236,0.57,10.0,0.56,10.0,0.58,97.87,0.63,11.2,0.42,97.87,0.37,11.2,0.43,10.0,0.44,10.0,0.01,0.01,0.097576,1776400757000
1776400758.618,258.618,0.58,5.0,0.57,5.0,0.6,2.6,0.61,5.0,0.42,97.87,0.37,11.2,0.43,10.0,0.44,10.0,0.02,0.01,0.097576,1776400757000
1776400759.304,259.304,0.58,5.0,0.57,5.0,0.6,2.6,0.61,5.0,0.4,2.6,0.39,5.0,0.42,5.0,0.43,5.0,0.02,0.02,0.097564,1776400758000
1776400760.409,260.409,0.58,5.0,0.57,5.0,0.6,2.6,0.61,5.0,0.4,2.6,0.39,5.0,0.42,5.0,0.43,5.0,0.02,0.02,0.097569,1776400759000
1776400760.923,260.923,0.58,5.0,0.57,5.0,0.6,2.6,0.61,5.0,0.4,2.6,0.39,5.0,0.42,5.0,0.43,5.0,0.02,0.02,0.097571,1776400760000
1776400761.915,261.915,0.58,5.0,0.57,5.0,0.6,2.6,0.61,5.0,0.4,2.6,0.39,5.0,0.42,5.0,0.43,5.0,0.02,0.02,0.097573,1776400761000
1776400762.933,262.933,0.58,5.0,0.57,5.0,0.6,2.6,0.61,5.0,0.4,2.6,0.39,5.0,0.42,5.0,0.43,5.0,0.02,0.02,0.097577,1776400762000
1776400763.912,263.912,0.58,5.0,0.57,5.0,0.6,2.6,0.61,5.0,0.4,2.6,0.39,5.0,0.42,5.0,0.43,5.0,0.02,0.02,0.097581,1776400763000
1776400764.981,264.981,0.6,5.0,0.59,5.0,0.62,0.34,0.63,5.0,0.38,0.34,0.37,5.0,0.4,5.0,0.41,5.0,0.02,0.02,0.097581,1776400764000
1776400765.907,265.907,0.6,5.0,0.59,5.0,0.62,0.34,0.63,5.0,0.38,0.34,0.37,5.0,0.4,5.0,0.41,5.0,0.02,0.02,0.097581,1776400765000
1776400767.74,267.74,0.6,5.0,0.59,5.0,0.62,0.34,0.63,5.0,0.38,0.34,0.37,5.0,0.4,5.0,0.41,5.0,0.02,0.02,0.097581,1776400766000
1776400768.306,268.306,0.6,5.0,0.59,5.0,0.62,0.34,0.63,5.0,0.38,0.34,0.37,5.0,0.4,5.0,0.41,5.0,0.02,0.02,0.097582,1776400767000
1776400769.403,269.403,0.6,5.0,0.59,5.0,0.62,0.34,0.63,5.0,0.38,0.34,0.37,5.0,0.4,5.0,0.41,5.0,0.02,0.02,0.097582,1776400768000
1776400769.945,269.945,0.6,5.0,0.59,5.0,0.62,0.34,0.63,5.0,0.38,0.34,0.37,5.0,0.4,5.0,0.41,5.0,0.02,0.02,0.097583,1776400769000
1776400771.026,271.026,0.6,5.0,0.59,5.0,0.62,0.34,0.63,5.0,0.38,0.34,0.37,5.0,0.4,5.0,0.41,5.0,0.02,0.02,0.097583,1776400770000
1776400771.896,271.896,0.75,1.0,0.74,15.0,0.76,5.0,0.77,5.0,0.38,0.34,0.37,5.0,0.4,5.0,0.41,5.0,0.01,0.02,0.097583,1776400770000
1776400772.472,272.472,0.74,5.0,0.73,15.0,0.75,2.61,0.76,5.0,0.24,5.0,0.23,5.0,0.25,1.0,0.26,15.0,0.01,0.01,0.097585,1776400771000
1776400773.135,273.135,0.74,5.0,0.73,15.0,0.75,2.61,0.76,5.0,0.25,2.61,0.24,5.0,0.26,5.0,0.27,15.0,0.01,0.01,0.097584,1776400772000
1776400774.261,274.261,0.74,5.0,0.73,15.0,0.75,2.61,0.76,5.0,0.25,2.61,0.24,5.0,0.26,5.0,0.27,15.0,0.01,0.01,0.097596,1776400773000
1776400775.311,275.311,0.74,5.0,0.73,15.0,0.75,2.61,0.76,5.0,0.25,2.61,0.24,5.0,0.26,5.0,0.27,15.0,0.01,0.01,0.097604,1776400774000
1776400775.924,275.924,0.74,5.0,0.73,15.0,0.75,2.61,0.76,5.0,0.25,2.61,0.24,5.0,0.26,5.0,0.27,15.0,0.01,0.01,0.097604,1776400775000
1776400777.167,277.167,0.74,5.0,0.73,15.0,0.75,2.61,0.76,5.0,0.25,2.61,0.24,5.0,0.26,5.0,0.27,15.0,0.01,0.01,0.097604,1776400776000
1776400777.401,277.401,0.63,1.83,0.62,5.0,0.65,5.0,0.66,5.0,0.25,2.61,0.24,5.0,0.26,5.0,0.27,15.0,0.02,0.01,0.097604,1776400776000
1776400778.297,278.297,0.61,3.99,0.6,5.0,0.65,5.0,0.66,5.0,0.35,5.0,0.34,5.0,0.39,3.99,0.4,5.0,0.04,0.04,0.097604,1776400777000
1776400779.462,279.462,0.61,3.99,0.6,5.0,0.65,5.0,0.66,5.0,0.35,5.0,0.34,5.0,0.39,3.99,0.4,5.0,0.04,0.04,0.09759,1776400778000
1776400779.863,279.863,0.69,5.0,0.68,5.0,0.71,48.83,0.72,5.0,0.35,5.0,0.34,5.0,0.39,3.99,0.4,5.0,0.02,0.04,0.09759,1776400778000
1776400780.686,280.686,0.69,5.0,0.68,5.0,0.71,44.46,0.73,5.0,0.29,48.83,0.28,5.0,0.31,5.0,0.32,5.0,0.02,0.02,0.097589,1776400779000
1776400780.932,280.932,0.69,5.0,0.68,5.0,0.71,44.46,0.73,5.0,0.29,44.46,0.27,5.0,0.31,5.0,0.32,5.0,0.02,0.02,0.09759,1776400780000
1776400781.543,281.543,0.68,5.0,0.67,5.0,0.7,0.2,0.71,15.0,0.29,45.05,0.28,5.0,0.3,5.0,0.31,5.0,0.02,0.01,0.09759,1776400780000
1776400782.103,282.103,0.68,5.0,0.67,5.0,0.7,0.2,0.71,15.0,0.3,0.2,0.29,15.0,0.32,5.0,0.33,5.0,0.02,0.02,0.097593,1776400781000
1776400782.995,282.995,0.63,5.0,0.62,5.0,0.66,5.0,0.67,5.0,0.32,5.0,0.31,5.0,0.35,1.37,0.36,5.0,0.03,0.03,0.097593,1776400781000
1776400783.538,283.538,0.63,5.0,0.62,5.0,0.66,5.0,0.67,5.0,0.34,5.0,0.33,5.0,0.37,5.0,0.38,5.0,0.03,0.03,0.097592,1776400782000
1776400784.12,284.12,0.63,5.0,0.62,5.0,0.66,5.0,0.67,5.0,0.34,5.0,0.33,5.0,0.37,5.0,0.38,5.0,0.03,0.03,0.09759,1776400783000
1776400784.328,284.328,0.64,5.0,0.63,5.0,0.67,5.0,0.68,5.0,0.34,5.0,0.33,5.0,0.37,5.0,0.38,5.0,0.03,0.03,0.09759,1776400783000
1776400785.446,285.446,0.68,5.0,0.67,5.0,0.71,4.99,0.72,5.0,0.33,5.0,0.32,5.0,0.36,5.0,0.37,5.0,0.03,0.03,0.09759,1776400783000
1776400786.165,286.165,0.68,5.0,0.67,5.0,0.71,4.99,0.72,5.0,0.29,4.99,0.28,5.0,0.32,5.0,0.33,5.0,0.03,0.03,0.097589,1776400785000
1776400786.382,286.382,0.68,5.0,0.67,5.0,0.7,5.0,0.71,5.0,0.29,4.99,0.28,5.0,0.32,5.0,0.33,5.0,0.02,0.03,0.097589,1776400785000
1776400786.995,286.995,0.68,5.0,0.67,5.0,0.7,5.0,0.71,5.0,0.3,5.0,0.29,5.0,0.32,5.0,0.33,5.0,0.02,0.02,0.097589,1776400786000
1776400788.502,288.502,0.68,5.0,0.67,5.0,0.7,5.0,0.71,5.0,0.3,5.0,0.29,5.0,0.32,5.0,0.33,5.0,0.02,0.02,0.097587,1776400787000
1776400789.055,289.055,0.68,5.0,0.67,5.0,0.7,5.0,0.71,5.0,0.3,5.0,0.29,5.0,0.32,5.0,0.33,5.0,0.02,0.02,0.097587,1776400788000
1776400792.629,292.629,0.77,5.0,0.76,5.0,0.79,3.62,0.8,5.0,0.3,5.0,0.29,5.0,0.32,5.0,0.33,5.0,0.02,0.02,0.097587,1776400791000
1776400794.482,294.482,0.88,5.0,0.87,5.0,0.93,1.62,0.94,16.0,0.19,51.13,0.18,5.0,0.23,5.0,0.24,5.0,0.05,0.04,0.097587,1776400793000
1776400794.995,294.995,0.92,5.0,0.91,15.0,0.94,16.0,0.95,20.0,0.07,1.62,0.06,16.0,0.12,5.0,0.13,5.0,0.02,0.05,0.097587,1776400793000
1776400796.032,296.032,0.93,5.0,0.92,5.0,0.95,14.77,0.96,25.0,0.06,16.0,0.05,20.0,0.08,5.0,0.09,15.0,0.02,0.02,0.097592,1776400795000
1776400797.222,297.222,0.94,10.0,0.93,5.0,0.95,7.39,0.96,25.0,0.05,14.77,0.04,25.0,0.07,5.0,0.08,5.0,0.01,0.02,0.097596,1776400796000
1776400797.717,297.717,0.95,5.0,0.94,10.0,0.97,30.98,0.98,120.0,0.04,15.64,0.03,40.0,0.06,10.0,0.07,5.0,0.02,0.02,0.097596,1776400796000
1776400798.282,298.282,0.96,5.0,0.95,5.0,0.97,10.56,0.98,120.0,0.03,30.98,0.02,120.0,0.05,5.0,0.06,10.0,0.01,0.02,0.097606,1776400797000
1776400798.507,298.507,0.97,5.0,0.96,5.0,0.98,20.0,0.99,170.0,0.02,120.0,0.01,170.0,0.04,5.0,0.05,5.0,0.01,0.02,0.097606,1776400797000
1776400798.787,298.787,0.99,33.71,0.98,5.0,,,,,0.01,66.29,,,0.02,5.0,0.03,5.0,,0.01,0.097606,1776400797000
1776400799.255,299.255,0.99,1001.76,0.98,5.0,,,,,,,,,0.01,33.71,0.02,5.0,,,0.097604,1776400798000
