timestamp,elapsed_sec,up_bid_p1,up_bid_s1,up_bid_p2,up_bid_s2,up_bid_p3,up_bid_s3,up_bid_p4,up_bid_s4,up_bid_p5,up_bid_s5,up_ask_p1,up_ask_s1,up_ask_p2,up_ask_s2,up_ask_p3,up_ask_s3,up_ask_p4,up_ask_s4,up_ask_p5,up_ask_s5,down_bid_p1,down_bid_s1,down_bid_p2,down_bid_s2,down_bid_p3,down_bid_s3,down_bid_p4,down_bid_s4,down_bid_p5,down_bid_s5,down_ask_p1,down_ask_s1,down_ask_p2,down_ask_s2,down_ask_p3,down_ask_s3,down_ask_p4,down_ask_s4,down_ask_p5,down_ask_s5,up_spread,down_spread,doge_price,doge_oracle_ts
1776165301.09,1.09,0.41,13.0,0.4,8.0,0.39,8.0,0.38,8.0,0.37,189.0,0.51,2.97,0.59,13.0,0.6,8.0,0.61,8.0,0.62,8.0,0.49,2.97,0.41,13.0,0.4,8.0,0.39,8.0,0.38,8.0,0.59,13.0,0.6,8.0,0.61,8.0,0.62,8.0,0.63,189.0,0.1,0.1,0.09525,1776165300000
1776165302.113,2.113,0.41,13.0,0.4,8.0,0.39,8.0,0.38,8.0,0.37,189.0,0.51,2.97,0.59,13.0,0.6,8.0,0.61,8.0,0.62,8.0,0.49,2.97,0.41,13.0,0.4,8.0,0.39,8.0,0.38,8.0,0.59,13.0,0.6,8.0,0.61,8.0,0.62,8.0,0.63,189.0,0.1,0.1,0.095264,1776165301000
1776165303.65,3.65,0.41,13.0,0.4,8.0,0.39,8.0,0.38,8.0,0.37,189.0,0.51,2.97,0.59,13.0,0.6,8.0,0.61,8.0,0.62,8.0,0.49,2.97,0.41,13.0,0.4,8.0,0.39,8.0,0.38,8.0,0.59,13.0,0.6,8.0,0.61,8.0,0.62,8.0,0.63,189.0,0.1,0.1,0.095294,1776165302000
1776165304.148,4.148,0.42,11.0,0.41,56.5,0.31,425.0,0.27,450.0,0.25,600.0,0.63,7.0,0.69,375.0,0.71,50.0,0.73,450.0,0.75,600.0,0.49,2.97,0.41,13.0,0.4,8.0,0.39,8.0,0.38,8.0,0.59,13.0,0.6,8.0,0.61,8.0,0.62,8.0,0.63,189.0,0.21,0.1,0.095294,1776165302000
1776165304.375,4.375,0.42,11.0,0.41,56.5,0.31,425.0,0.27,450.0,0.25,600.0,0.63,7.0,0.69,375.0,0.71,50.0,0.73,450.0,0.75,600.0,0.37,7.0,0.31,375.0,0.29,50.0,0.27,450.0,0.25,600.0,0.58,11.0,0.59,56.5,0.69,425.0,0.73,450.0,0.75,600.0,0.21,0.21,0.095289,1776165303000
1776165304.989,4.989,0.42,11.0,0.41,56.5,0.31,425.0,0.27,450.0,0.25,600.0,0.63,7.0,0.69,375.0,0.71,50.0,0.73,450.0,0.75,600.0,0.37,7.0,0.31,375.0,0.29,50.0,0.27,450.0,0.25,600.0,0.58,11.0,0.59,56.5,0.69,425.0,0.73,450.0,0.75,600.0,0.21,0.21,0.09527,1776165304000
1776165306.21,6.21,0.42,11.0,0.41,56.5,0.31,425.0,0.27,450.0,0.25,600.0,0.63,7.0,0.69,375.0,0.71,50.0,0.73,450.0,0.75,600.0,0.37,7.0,0.31,375.0,0.29,50.0,0.27,450.0,0.25,600.0,0.58,11.0,0.59,56.5,0.69,425.0,0.73,450.0,0.75,600.0,0.21,0.21,0.095262,1776165305000
1776165306.542,6.542,0.5,10.0,0.45,10.0,0.42,6.34,0.39,12.0,0.31,50.0,0.56,8.21,0.61,62.0,0.71,50.0,0.73,450.0,0.75,600.0,0.37,7.0,0.31,375.0,0.29,50.0,0.27,450.0,0.25,600.0,0.58,11.0,0.59,56.5,0.69,425.0,0.73,450.0,0.75,600.0,0.06,0.21,0.095262,1776165305000
1776165307.511,7.511,0.5,10.0,0.45,10.0,0.42,6.34,0.39,12.0,0.31,50.0,0.56,8.21,0.61,62.0,0.71,50.0,0.73,450.0,0.75,600.0,0.44,8.21,0.39,62.0,0.29,50.0,0.27,450.0,0.25,600.0,0.5,10.0,0.55,10.0,0.58,6.34,0.61,12.0,0.69,50.0,0.06,0.06,0.095261,1776165306000
1776165308.053,8.053,0.5,10.0,0.45,10.0,0.42,6.34,0.39,12.0,0.31,50.0,0.56,8.21,0.61,62.0,0.71,50.0,0.73,450.0,0.75,600.0,0.44,8.21,0.39,62.0,0.29,50.0,0.27,450.0,0.25,600.0,0.5,10.0,0.55,10.0,0.58,6.34,0.61,12.0,0.69,50.0,0.06,0.06,0.095262,1776165307000
1776165308.382,8.382,0.5,5.0,0.43,6.2,0.4,5.0,0.38,5.0,0.37,13.0,0.51,5.0,0.52,5.0,0.58,11.0,0.61,50.0,0.71,50.0,0.44,8.21,0.39,62.0,0.29,50.0,0.27,450.0,0.25,600.0,0.5,10.0,0.55,10.0,0.58,6.34,0.61,12.0,0.69,50.0,0.01,0.06,0.095262,1776165307000
1776165309.001,9.001,0.5,5.0,0.43,6.2,0.4,5.0,0.38,5.0,0.37,13.0,0.51,5.0,0.52,5.0,0.58,11.0,0.61,50.0,0.71,50.0,0.49,5.0,0.48,5.0,0.42,11.0,0.39,50.0,0.29,50.0,0.5,5.0,0.57,6.2,0.6,5.0,0.62,5.0,0.63,13.0,0.01,0.01,0.095263,1776165308000
1776165310.37,10.37,0.5,5.0,0.43,6.2,0.4,5.0,0.38,5.0,0.37,13.0,0.51,5.0,0.52,5.0,0.58,11.0,0.61,50.0,0.71,50.0,0.49,5.0,0.48,5.0,0.42,11.0,0.39,50.0,0.29,50.0,0.5,5.0,0.57,6.2,0.6,5.0,0.62,5.0,0.63,13.0,0.01,0.01,0.095236,1776165309000
1776165311.416,11.416,0.5,5.0,0.4,5.0,0.39,12.0,0.38,5.0,0.36,10.0,0.52,4.78,0.58,10.0,0.59,20.0,0.6,22.0,0.61,60.0,0.49,5.0,0.48,5.0,0.42,11.0,0.39,50.0,0.29,50.0,0.5,5.0,0.57,6.2,0.6,5.0,0.62,5.0,0.63,13.0,0.02,0.01,0.095236,1776165309000
1776165311.956,11.956,0.5,5.0,0.4,5.0,0.39,12.0,0.38,5.0,0.36,10.0,0.52,4.78,0.58,10.0,0.59,20.0,0.6,22.0,0.61,60.0,0.48,4.78,0.42,10.0,0.41,20.0,0.4,22.0,0.39,60.0,0.5,5.0,0.6,5.0,0.61,12.0,0.62,5.0,0.64,10.0,0.02,0.02,0.095229,1776165311000
1776165313.136,13.136,0.5,5.0,0.4,5.0,0.39,12.0,0.38,5.0,0.36,10.0,0.52,4.78,0.58,10.0,0.59,20.0,0.6,22.0,0.61,60.0,0.48,4.78,0.42,10.0,0.41,20.0,0.4,22.0,0.39,60.0,0.5,5.0,0.6,5.0,0.61,12.0,0.62,5.0,0.64,10.0,0.02,0.02,0.09523,1776165312000
1776165313.681,13.681,0.5,5.0,0.41,5.0,0.4,5.0,0.39,12.0,0.37,10.0,0.54,5.0,0.59,10.0,0.6,32.0,0.61,60.0,0.62,10.0,0.48,4.78,0.42,10.0,0.41,20.0,0.4,22.0,0.39,60.0,0.5,5.0,0.6,5.0,0.61,12.0,0.62,5.0,0.64,10.0,0.04,0.02,0.09523,1776165312000
1776165314.069,14.069,0.5,5.0,0.41,5.0,0.4,5.0,0.39,12.0,0.37,10.0,0.54,5.0,0.59,10.0,0.6,32.0,0.61,60.0,0.62,10.0,0.46,5.0,0.41,10.0,0.4,32.0,0.39,60.0,0.38,10.0,0.5,5.0,0.59,5.0,0.6,5.0,0.61,12.0,0.63,10.0,0.04,0.04,0.095231,1776165313000
1776165315.364,15.364,0.5,5.0,0.41,5.0,0.4,5.0,0.39,12.0,0.37,10.0,0.54,5.0,0.59,10.0,0.6,32.0,0.61,60.0,0.62,10.0,0.46,5.0,0.41,10.0,0.4,32.0,0.39,60.0,0.38,10.0,0.5,5.0,0.59,5.0,0.6,5.0,0.61,12.0,0.63,10.0,0.04,0.04,0.095244,1776165314000
1776165316.056,16.056,0.5,5.0,0.41,5.0,0.4,5.0,0.39,12.0,0.37,10.0,0.54,5.0,0.59,10.0,0.6,32.0,0.61,60.0,0.62,10.0,0.46,5.0,0.41,10.0,0.4,32.0,0.39,60.0,0.38,10.0,0.5,5.0,0.59,5.0,0.6,5.0,0.61,12.0,0.63,10.0,0.04,0.04,0.095245,1776165315000
1776165317.314,17.314,0.5,5.0,0.41,5.0,0.4,5.0,0.39,12.0,0.37,10.0,0.54,5.0,0.59,10.0,0.6,32.0,0.61,60.0,0.62,10.0,0.46,5.0,0.41,10.0,0.4,32.0,0.39,60.0,0.38,10.0,0.5,5.0,0.59,5.0,0.6,5.0,0.61,12.0,0.63,10.0,0.04,0.04,0.095234,1776165316000
1776165317.907,17.907,0.5,5.0,0.41,5.0,0.4,5.0,0.39,12.0,0.37,10.0,0.54,5.0,0.59,10.0,0.6,32.0,0.61,60.0,0.62,10.0,0.46,5.0,0.41,10.0,0.4,32.0,0.39,60.0,0.38,10.0,0.5,5.0,0.59,5.0,0.6,5.0,0.61,12.0,0.63,10.0,0.04,0.04,0.095225,1776165317000
1776165318.98,18.98,0.5,5.0,0.41,5.0,0.4,5.0,0.39,12.0,0.37,10.0,0.54,5.0,0.59,10.0,0.6,32.0,0.61,60.0,0.62,10.0,0.46,5.0,0.41,10.0,0.4,32.0,0.39,60.0,0.38,10.0,0.5,5.0,0.59,5.0,0.6,5.0,0.61,12.0,0.63,10.0,0.04,0.04,0.095224,1776165318000
1776165320.13,20.13,0.5,5.0,0.41,5.0,0.4,5.0,0.39,12.0,0.37,10.0,0.54,5.0,0.59,10.0,0.6,32.0,0.61,60.0,0.62,10.0,0.46,5.0,0.41,10.0,0.4,32.0,0.39,60.0,0.38,10.0,0.5,5.0,0.59,5.0,0.6,5.0,0.61,12.0,0.63,10.0,0.04,0.04,0.095219,1776165319000
1776165321.218,21.218,0.5,5.0,0.41,5.0,0.4,5.0,0.39,12.0,0.37,10.0,0.54,5.0,0.59,10.0,0.6,32.0,0.61,60.0,0.62,10.0,0.46,5.0,0.41,10.0,0.4,32.0,0.39,60.0,0.38,10.0,0.5,5.0,0.59,5.0,0.6,5.0,0.61,12.0,0.63,10.0,0.04,0.04,0.095215,1776165320000
1776165322.531,22.531,0.5,5.0,0.41,5.0,0.4,5.0,0.39,12.0,0.37,10.0,0.54,5.0,0.59,10.0,0.6,32.0,0.61,60.0,0.62,10.0,0.46,5.0,0.41,10.0,0.4,32.0,0.39,60.0,0.38,10.0,0.5,5.0,0.59,5.0,0.6,5.0,0.61,12.0,0.63,10.0,0.04,0.04,0.095216,1776165321000
1776165323.052,23.052,0.5,5.0,0.41,5.0,0.4,5.0,0.39,12.0,0.37,10.0,0.54,5.0,0.59,10.0,0.6,32.0,0.61,60.0,0.62,10.0,0.46,5.0,0.41,10.0,0.4,32.0,0.39,60.0,0.38,10.0,0.5,5.0,0.59,5.0,0.6,5.0,0.61,12.0,0.63,10.0,0.04,0.04,0.095218,1776165322000
1776165324.199,24.199,0.5,5.0,0.41,5.0,0.4,5.0,0.39,12.0,0.37,10.0,0.54,5.0,0.59,10.0,0.6,32.0,0.61,60.0,0.62,10.0,0.46,5.0,0.41,10.0,0.4,32.0,0.39,60.0,0.38,10.0,0.5,5.0,0.59,5.0,0.6,5.0,0.61,12.0,0.63,10.0,0.04,0.04,0.095218,1776165323000
1776165325.326,25.326,0.5,5.0,0.41,5.0,0.4,5.0,0.39,12.0,0.37,10.0,0.54,5.0,0.59,10.0,0.6,32.0,0.61,60.0,0.62,10.0,0.46,5.0,0.41,10.0,0.4,32.0,0.39,60.0,0.38,10.0,0.5,5.0,0.59,5.0,0.6,5.0,0.61,12.0,0.63,10.0,0.04,0.04,0.095216,1776165324000
1776165326.02,26.02,0.5,5.0,0.41,5.0,0.4,5.0,0.39,12.0,0.37,10.0,0.54,5.0,0.59,10.0,0.6,32.0,0.61,60.0,0.62,10.0,0.46,5.0,0.41,10.0,0.4,32.0,0.39,60.0,0.38,10.0,0.5,5.0,0.59,5.0,0.6,5.0,0.61,12.0,0.63,10.0,0.04,0.04,0.095217,1776165325000
1776165327.052,27.052,0.5,5.0,0.41,5.0,0.4,5.0,0.39,12.0,0.37,10.0,0.54,5.0,0.59,10.0,0.6,32.0,0.61,60.0,0.62,10.0,0.46,5.0,0.41,10.0,0.4,32.0,0.39,60.0,0.38,10.0,0.5,5.0,0.59,5.0,0.6,5.0,0.61,12.0,0.63,10.0,0.04,0.04,0.095218,1776165326000
1776165328.21,28.21,0.5,5.0,0.41,5.0,0.4,5.0,0.39,12.0,0.37,10.0,0.54,5.0,0.59,10.0,0.6,32.0,0.61,60.0,0.62,10.0,0.46,5.0,0.41,10.0,0.4,32.0,0.39,60.0,0.38,10.0,0.5,5.0,0.59,5.0,0.6,5.0,0.61,12.0,0.63,10.0,0.04,0.04,0.095218,1776165327000
1776165329.168,29.168,0.38,18.0,0.35,15.0,0.31,60.0,0.3,10.0,0.29,10.0,0.51,55.0,0.55,10.0,0.56,10.0,0.57,10.0,0.58,47.0,0.49,55.0,0.45,10.0,0.44,10.0,0.43,10.0,0.42,47.0,0.62,18.0,0.65,15.0,0.69,60.0,0.7,10.0,0.71,10.0,0.13,0.13,0.095219,1776165328000
1776165330.346,30.346,0.38,18.0,0.35,15.0,0.31,60.0,0.3,10.0,0.29,10.0,0.51,55.0,0.55,10.0,0.56,10.0,0.57,10.0,0.58,47.0,0.49,55.0,0.45,10.0,0.44,10.0,0.43,10.0,0.42,47.0,0.62,18.0,0.65,15.0,0.69,60.0,0.7,10.0,0.71,10.0,0.13,0.13,0.095211,1776165329000
1776165330.911,30.911,0.38,18.0,0.35,15.0,0.31,60.0,0.3,10.0,0.29,10.0,0.51,55.0,0.55,10.0,0.56,10.0,0.57,10.0,0.58,47.0,0.49,55.0,0.45,10.0,0.44,10.0,0.43,10.0,0.42,47.0,0.62,18.0,0.65,15.0,0.69,60.0,0.7,10.0,0.71,10.0,0.13,0.13,0.095201,1776165330000
1776165332.048,32.048,0.38,18.0,0.35,15.0,0.31,60.0,0.3,10.0,0.29,10.0,0.51,55.0,0.55,10.0,0.56,10.0,0.57,10.0,0.58,47.0,0.49,55.0,0.45,10.0,0.44,10.0,0.43,10.0,0.42,47.0,0.62,18.0,0.65,15.0,0.69,60.0,0.7,10.0,0.71,10.0,0.13,0.13,0.095184,1776165331000
1776165333.13,33.13,0.38,18.0,0.35,15.0,0.31,60.0,0.3,10.0,0.29,10.0,0.51,55.0,0.55,10.0,0.56,10.0,0.57,10.0,0.58,47.0,0.49,55.0,0.45,10.0,0.44,10.0,0.43,10.0,0.42,47.0,0.62,18.0,0.65,15.0,0.69,60.0,0.7,10.0,0.71,10.0,0.13,0.13,0.095178,1776165332000
1776165334.522,34.522,0.36,3.23,0.32,15.0,0.27,5.0,0.26,10.0,0.2,5.0,0.39,37.09,0.41,50.0,0.43,10.0,0.44,10.0,0.45,10.0,0.49,55.0,0.45,10.0,0.44,10.0,0.43,10.0,0.42,47.0,0.62,18.0,0.65,15.0,0.69,60.0,0.7,10.0,0.71,10.0,0.03,0.13,0.095178,1776165332000
1776165334.759,34.759,0.36,3.23,0.32,15.0,0.27,5.0,0.26,10.0,0.2,5.0,0.39,37.09,0.41,50.0,0.43,10.0,0.44,10.0,0.45,10.0,0.61,37.09,0.59,50.0,0.57,10.0,0.56,10.0,0.55,10.0,0.64,3.23,0.68,15.0,0.73,5.0,0.74,10.0,0.8,5.0,0.03,0.03,0.095177,1776165333000
1776165335.241,35.241,0.36,3.23,0.32,15.0,0.27,5.0,0.26,10.0,0.2,5.0,0.39,37.09,0.41,50.0,0.43,10.0,0.44,10.0,0.45,10.0,0.61,37.09,0.59,50.0,0.57,10.0,0.56,10.0,0.55,10.0,0.64,3.23,0.68,15.0,0.73,5.0,0.74,10.0,0.8,5.0,0.03,0.03,0.095148,1776165334000
1776165336.2,36.2,0.36,3.23,0.32,15.0,0.27,5.0,0.26,10.0,0.2,5.0,0.39,37.09,0.41,50.0,0.43,10.0,0.44,10.0,0.45,10.0,0.61,37.09,0.59,50.0,0.57,10.0,0.56,10.0,0.55,10.0,0.64,3.23,0.68,15.0,0.73,5.0,0.74,10.0,0.8,5.0,0.03,0.03,0.095125,1776165335000
1776165337.025,37.025,0.36,3.23,0.32,15.0,0.27,5.0,0.26,10.0,0.2,5.0,0.39,37.09,0.41,50.0,0.43,10.0,0.44,10.0,0.45,10.0,0.61,37.09,0.59,50.0,0.57,10.0,0.56,10.0,0.55,10.0,0.64,3.23,0.68,15.0,0.73,5.0,0.74,10.0,0.8,5.0,0.03,0.03,0.095111,1776165336000
1776165337.644,37.644,0.32,15.0,0.27,5.0,0.18,10.0,0.17,28.39,0.16,29.3,0.38,40.09,0.39,5.0,0.41,50.0,0.42,10.0,0.43,10.0,0.61,37.09,0.59,50.0,0.57,10.0,0.56,10.0,0.55,10.0,0.64,3.23,0.68,15.0,0.73,5.0,0.74,10.0,0.8,5.0,0.06,0.03,0.095111,1776165336000
1776165338.07,38.07,0.32,15.0,0.27,5.0,0.18,10.0,0.17,28.39,0.16,29.3,0.38,40.09,0.39,5.0,0.41,50.0,0.42,10.0,0.43,10.0,0.62,40.09,0.61,5.0,0.59,50.0,0.58,10.0,0.57,10.0,0.68,15.0,0.73,5.0,0.82,10.0,0.83,28.39,0.84,29.3,0.06,0.06,0.095111,1776165337000
1776165338.988,38.988,0.32,15.0,0.27,5.0,0.18,10.0,0.17,28.39,0.16,29.3,0.38,40.09,0.39,5.0,0.41,50.0,0.42,10.0,0.43,10.0,0.62,40.09,0.61,5.0,0.59,50.0,0.58,10.0,0.57,10.0,0.68,15.0,0.73,5.0,0.82,10.0,0.83,28.39,0.84,29.3,0.06,0.06,0.095105,1776165338000
1776165339.957,39.957,0.32,15.0,0.27,5.0,0.18,10.0,0.17,28.39,0.16,29.3,0.38,40.09,0.39,5.0,0.41,50.0,0.42,10.0,0.43,10.0,0.62,40.09,0.61,5.0,0.59,50.0,0.58,10.0,0.57,10.0,0.68,15.0,0.73,5.0,0.82,10.0,0.83,28.39,0.84,29.3,0.06,0.06,0.095125,1776165339000
1776165340.773,40.773,0.32,5.0,0.3,10.0,0.27,5.0,0.22,10.0,0.21,60.0,0.38,28.0,0.44,5.0,0.49,10.0,0.5,10.0,0.51,50.0,0.62,40.09,0.61,5.0,0.59,50.0,0.58,10.0,0.57,10.0,0.68,15.0,0.73,5.0,0.82,10.0,0.83,28.39,0.84,29.3,0.06,0.06,0.095125,1776165339000
1776165341.828,41.828,0.32,5.0,0.3,10.0,0.27,5.0,0.22,10.0,0.21,60.0,0.38,28.0,0.44,5.0,0.49,10.0,0.5,10.0,0.51,50.0,0.62,28.0,0.56,5.0,0.51,10.0,0.5,10.0,0.49,50.0,0.68,5.0,0.7,10.0,0.73,5.0,0.78,10.0,0.79,60.0,0.06,0.06,0.095139,1776165341000
1776165343.306,43.306,0.32,5.0,0.3,10.0,0.27,5.0,0.22,10.0,0.21,60.0,0.38,28.0,0.44,5.0,0.49,10.0,0.5,10.0,0.51,50.0,0.62,28.0,0.56,5.0,0.51,10.0,0.5,10.0,0.49,50.0,0.68,5.0,0.7,10.0,0.73,5.0,0.78,10.0,0.79,60.0,0.06,0.06,0.09516,1776165342000
1776165344.269,44.269,0.32,5.0,0.3,10.0,0.27,5.0,0.22,10.0,0.21,60.0,0.38,28.0,0.44,5.0,0.49,10.0,0.5,10.0,0.51,50.0,0.62,28.0,0.56,5.0,0.51,10.0,0.5,10.0,0.49,50.0,0.68,5.0,0.7,10.0,0.73,5.0,0.78,10.0,0.79,60.0,0.06,0.06,0.095156,1776165343000
1776165344.657,44.657,0.35,14.0,0.3,5.0,0.28,10.0,0.24,5.0,0.22,25.2,0.38,27.19,0.42,5.0,0.46,10.0,0.47,10.0,0.48,10.0,0.62,28.0,0.56,5.0,0.51,10.0,0.5,10.0,0.49,50.0,0.68,5.0,0.7,10.0,0.73,5.0,0.78,10.0,0.79,60.0,0.03,0.06,0.095156,1776165343000
1776165345.176,45.176,0.35,14.0,0.3,5.0,0.28,10.0,0.24,5.0,0.22,25.2,0.38,27.19,0.42,5.0,0.46,10.0,0.47,10.0,0.48,10.0,0.62,27.19,0.58,5.0,0.54,10.0,0.53,10.0,0.52,10.0,0.65,14.0,0.7,5.0,0.72,10.0,0.76,5.0,0.78,25.2,0.03,0.03,0.095154,1776165344000
1776165346.218,46.218,0.35,14.0,0.3,5.0,0.28,10.0,0.24,5.0,0.22,25.2,0.38,27.19,0.42,5.0,0.46,10.0,0.47,10.0,0.48,10.0,0.62,27.19,0.58,5.0,0.54,10.0,0.53,10.0,0.52,10.0,0.65,14.0,0.7,5.0,0.72,10.0,0.76,5.0,0.78,25.2,0.03,0.03,0.095149,1776165345000
1776165347.125,47.125,0.35,14.0,0.3,5.0,0.28,10.0,0.24,5.0,0.22,25.2,0.38,27.19,0.42,5.0,0.46,10.0,0.47,10.0,0.48,10.0,0.62,27.19,0.58,5.0,0.54,10.0,0.53,10.0,0.52,10.0,0.65,14.0,0.7,5.0,0.72,10.0,0.76,5.0,0.78,25.2,0.03,0.03,0.09514,1776165346000
1776165348.143,48.143,0.35,14.0,0.3,5.0,0.28,10.0,0.24,5.0,0.22,25.2,0.38,27.19,0.42,5.0,0.46,10.0,0.47,10.0,0.48,10.0,0.62,27.19,0.58,5.0,0.54,10.0,0.53,10.0,0.52,10.0,0.65,14.0,0.7,5.0,0.72,10.0,0.76,5.0,0.78,25.2,0.03,0.03,0.09514,1776165347000
1776165348.597,48.597,0.35,6.7,0.29,5.0,0.28,10.0,0.27,13.2,0.26,13.5,0.41,69.09,0.42,5.0,0.46,10.0,0.47,10.0,0.48,10.0,0.62,27.19,0.58,5.0,0.54,10.0,0.53,10.0,0.52,10.0,0.65,14.0,0.7,5.0,0.72,10.0,0.76,5.0,0.78,25.2,0.06,0.03,0.09514,1776165347000
1776165349.068,49.068,0.35,6.7,0.29,5.0,0.28,10.0,0.27,13.2,0.26,13.5,0.41,69.09,0.42,5.0,0.46,10.0,0.47,10.0,0.48,10.0,0.59,69.09,0.58,5.0,0.54,10.0,0.53,10.0,0.52,10.0,0.65,6.7,0.71,5.0,0.72,10.0,0.73,13.2,0.74,13.5,0.06,0.06,0.095144,1776165348000
1776165350.082,50.082,0.35,6.7,0.29,5.0,0.28,10.0,0.27,13.2,0.26,13.5,0.41,69.09,0.42,5.0,0.46,10.0,0.47,10.0,0.48,10.0,0.59,69.09,0.58,5.0,0.54,10.0,0.53,10.0,0.52,10.0,0.65,6.7,0.71,5.0,0.72,10.0,0.73,13.2,0.74,13.5,0.06,0.06,0.095143,1776165349000
1776165351.109,51.109,0.35,6.7,0.29,5.0,0.28,10.0,0.27,13.2,0.26,13.5,0.41,69.09,0.42,5.0,0.46,10.0,0.47,10.0,0.48,10.0,0.59,69.09,0.58,5.0,0.54,10.0,0.53,10.0,0.52,10.0,0.65,6.7,0.71,5.0,0.72,10.0,0.73,13.2,0.74,13.5,0.06,0.06,0.095144,1776165350000
1776165352.08,52.08,0.35,6.7,0.29,5.0,0.28,10.0,0.27,13.2,0.26,13.5,0.41,69.09,0.42,5.0,0.46,10.0,0.47,10.0,0.48,10.0,0.59,69.09,0.58,5.0,0.54,10.0,0.53,10.0,0.52,10.0,0.65,6.7,0.71,5.0,0.72,10.0,0.73,13.2,0.74,13.5,0.06,0.06,0.095127,1776165351000
1776165353.079,53.079,0.35,6.7,0.29,5.0,0.28,10.0,0.27,13.2,0.26,13.5,0.41,69.09,0.42,5.0,0.46,10.0,0.47,10.0,0.48,10.0,0.59,69.09,0.58,5.0,0.54,10.0,0.53,10.0,0.52,10.0,0.65,6.7,0.71,5.0,0.72,10.0,0.73,13.2,0.74,13.5,0.06,0.06,0.095117,1776165352000
1776165354.043,54.043,0.35,6.7,0.29,5.0,0.28,10.0,0.27,13.2,0.26,13.5,0.41,69.09,0.42,5.0,0.46,10.0,0.47,10.0,0.48,10.0,0.59,69.09,0.58,5.0,0.54,10.0,0.53,10.0,0.52,10.0,0.65,6.7,0.71,5.0,0.72,10.0,0.73,13.2,0.74,13.5,0.06,0.06,0.095116,1776165353000
1776165355.027,55.027,0.35,6.7,0.29,5.0,0.28,10.0,0.27,13.2,0.26,13.5,0.41,69.09,0.42,5.0,0.46,10.0,0.47,10.0,0.48,10.0,0.59,69.09,0.58,5.0,0.54,10.0,0.53,10.0,0.52,10.0,0.65,6.7,0.71,5.0,0.72,10.0,0.73,13.2,0.74,13.5,0.06,0.06,0.095114,1776165354000
1776165355.275,55.275,0.32,13.51,0.27,13.2,0.26,13.5,0.25,28.9,0.24,14.3,0.36,19.09,0.37,5.0,0.41,50.0,0.42,10.0,0.43,10.0,0.64,24.09,0.63,5.0,0.59,50.0,0.58,10.0,0.57,10.0,0.68,13.51,0.73,13.2,0.74,13.5,0.75,28.9,0.76,14.3,0.04,0.04,0.095114,1776165354000
1776165356.031,56.031,0.32,13.51,0.27,13.2,0.26,13.5,0.25,28.9,0.24,14.3,0.36,19.09,0.37,5.0,0.41,50.0,0.42,10.0,0.43,10.0,0.64,19.09,0.63,5.0,0.59,50.0,0.58,10.0,0.57,10.0,0.68,13.51,0.73,13.2,0.74,13.5,0.75,28.9,0.76,14.3,0.04,0.04,0.095109,1776165355000
1776165357.026,57.026,0.32,13.51,0.27,13.2,0.26,13.5,0.25,28.9,0.24,14.3,0.36,19.09,0.37,5.0,0.41,50.0,0.42,10.0,0.43,10.0,0.64,19.09,0.63,5.0,0.59,50.0,0.58,10.0,0.57,10.0,0.68,13.51,0.73,13.2,0.74,13.5,0.75,28.9,0.76,14.3,0.04,0.04,0.095105,1776165356000
1776165358.091,58.091,0.32,13.51,0.27,13.2,0.26,13.5,0.25,28.9,0.24,14.3,0.36,19.09,0.37,5.0,0.41,50.0,0.42,10.0,0.43,10.0,0.64,19.09,0.63,5.0,0.59,50.0,0.58,10.0,0.57,10.0,0.68,13.51,0.73,13.2,0.74,13.5,0.75,28.9,0.76,14.3,0.04,0.04,0.095105,1776165357000
1776165359.086,59.086,0.32,13.51,0.27,13.2,0.26,13.5,0.25,28.9,0.24,14.3,0.36,19.09,0.37,5.0,0.41,50.0,0.42,10.0,0.43,10.0,0.64,19.09,0.63,5.0,0.59,50.0,0.58,10.0,0.57,10.0,0.68,13.51,0.73,13.2,0.74,13.5,0.75,28.9,0.76,14.3,0.04,0.04,0.095105,1776165358000
1776165359.945,59.945,0.32,13.51,0.27,13.2,0.26,13.5,0.25,28.9,0.24,14.3,0.36,19.09,0.37,5.0,0.41,50.0,0.42,10.0,0.43,10.0,0.64,19.09,0.63,5.0,0.59,50.0,0.58,10.0,0.57,10.0,0.68,13.51,0.73,13.2,0.74,13.5,0.75,28.9,0.76,14.3,0.04,0.04,0.095105,1776165359000
1776165361.439,61.439,0.32,13.51,0.27,13.2,0.26,13.5,0.25,28.9,0.24,14.3,0.36,19.09,0.37,5.0,0.41,50.0,0.42,10.0,0.43,10.0,0.64,19.09,0.63,5.0,0.59,50.0,0.58,10.0,0.57,10.0,0.68,13.51,0.73,13.2,0.74,13.5,0.75,28.9,0.76,14.3,0.04,0.04,0.095101,1776165360000
1776165362.071,62.071,0.32,13.51,0.27,13.2,0.26,13.5,0.25,28.9,0.24,14.3,0.36,19.09,0.37,5.0,0.41,50.0,0.42,10.0,0.43,10.0,0.64,19.09,0.63,5.0,0.59,50.0,0.58,10.0,0.57,10.0,0.68,13.51,0.73,13.2,0.74,13.5,0.75,28.9,0.76,14.3,0.04,0.04,0.095092,1776165361000
1776165362.677,62.677,0.29,17.0,0.25,13.9,0.24,14.3,0.23,29.7,0.22,15.2,0.31,2.09,0.32,8.0,0.35,5.0,0.39,8.0,0.4,10.0,0.64,19.09,0.63,5.0,0.59,50.0,0.58,10.0,0.57,10.0,0.68,13.51,0.73,13.2,0.74,13.5,0.75,28.9,0.76,14.3,0.02,0.04,0.095092,1776165361000
1776165363.19,63.19,0.29,17.0,0.25,13.9,0.24,14.3,0.23,29.7,0.22,15.2,0.32,8.0,0.35,5.0,0.39,8.0,0.4,10.0,0.41,60.0,0.68,8.0,0.65,5.0,0.61,8.0,0.6,10.0,0.59,60.0,0.71,17.0,0.75,13.9,0.76,14.3,0.77,29.7,0.78,15.2,0.03,0.03,0.095079,1776165362000
1776165364.38,64.38,0.29,17.0,0.25,13.9,0.24,14.3,0.23,29.7,0.22,15.2,0.32,8.0,0.35,5.0,0.39,8.0,0.4,10.0,0.41,60.0,0.68,8.0,0.65,5.0,0.61,8.0,0.6,10.0,0.59,60.0,0.71,17.0,0.75,13.9,0.76,14.3,0.77,29.7,0.78,15.2,0.03,0.03,0.095082,1776165363000
1776165365.636,65.636,0.29,17.0,0.25,13.9,0.24,14.3,0.23,29.7,0.22,15.2,0.32,8.0,0.35,5.0,0.39,8.0,0.4,10.0,0.41,60.0,0.68,8.0,0.65,5.0,0.61,8.0,0.6,10.0,0.59,60.0,0.71,17.0,0.75,13.9,0.76,14.3,0.77,29.7,0.78,15.2,0.03,0.03,0.095107,1776165364000
1776165366.205,66.205,0.29,17.0,0.25,13.9,0.24,14.3,0.23,29.7,0.22,15.2,0.32,8.0,0.35,5.0,0.39,8.0,0.4,10.0,0.41,60.0,0.68,8.0,0.65,5.0,0.61,8.0,0.6,10.0,0.59,60.0,0.71,17.0,0.75,13.9,0.76,14.3,0.77,29.7,0.78,15.2,0.03,0.03,0.095109,1776165365000
1776165367.356,67.356,0.29,17.0,0.25,13.9,0.24,14.3,0.23,29.7,0.22,15.2,0.32,8.0,0.35,5.0,0.39,8.0,0.4,10.0,0.41,60.0,0.68,8.0,0.65,5.0,0.61,8.0,0.6,10.0,0.59,60.0,0.71,17.0,0.75,13.9,0.76,14.3,0.77,29.7,0.78,15.2,0.03,0.03,0.095107,1776165366000
1776165368.567,68.567,0.29,17.0,0.25,13.9,0.24,14.3,0.23,29.7,0.22,15.2,0.32,8.0,0.35,5.0,0.39,8.0,0.4,10.0,0.41,60.0,0.68,8.0,0.65,5.0,0.61,8.0,0.6,10.0,0.59,60.0,0.71,17.0,0.75,13.9,0.76,14.3,0.77,29.7,0.78,15.2,0.03,0.03,0.095107,1776165367000
1776165369.329,69.329,0.29,17.0,0.25,13.9,0.24,14.3,0.23,29.7,0.22,15.2,0.32,8.0,0.35,5.0,0.39,8.0,0.4,10.0,0.41,60.0,0.68,8.0,0.65,5.0,0.61,8.0,0.6,10.0,0.59,60.0,0.71,17.0,0.75,13.9,0.76,14.3,0.77,29.7,0.78,15.2,0.03,0.03,0.095108,1776165368000
1776165370.322,70.322,0.29,17.0,0.25,13.9,0.24,14.3,0.23,29.7,0.22,15.2,0.32,8.0,0.35,5.0,0.39,8.0,0.4,10.0,0.41,60.0,0.68,8.0,0.65,5.0,0.61,8.0,0.6,10.0,0.59,60.0,0.71,17.0,0.75,13.9,0.76,14.3,0.77,29.7,0.78,15.2,0.03,0.03,0.095105,1776165369000
1776165371.486,71.486,0.29,17.0,0.25,13.9,0.24,14.3,0.23,29.7,0.22,15.2,0.32,8.0,0.35,5.0,0.39,8.0,0.4,10.0,0.41,60.0,0.68,8.0,0.65,5.0,0.61,8.0,0.6,10.0,0.59,60.0,0.71,17.0,0.75,13.9,0.76,14.3,0.77,29.7,0.78,15.2,0.03,0.03,0.095103,1776165370000
1776165372.045,72.045,0.29,17.0,0.25,13.9,0.24,14.3,0.23,29.7,0.22,15.2,0.32,8.0,0.35,5.0,0.39,8.0,0.4,10.0,0.41,60.0,0.68,8.0,0.65,5.0,0.61,8.0,0.6,10.0,0.59,60.0,0.71,17.0,0.75,13.9,0.76,14.3,0.77,29.7,0.78,15.2,0.03,0.03,0.095106,1776165371000
1776165372.577,72.577,0.31,16.0,0.25,13.9,0.24,29.3,0.23,14.7,0.22,15.2,0.36,8.0,0.37,5.0,0.39,8.0,0.4,10.8,0.41,70.7,0.68,8.0,0.65,5.0,0.61,8.0,0.6,10.0,0.59,60.0,0.71,17.0,0.75,13.9,0.76,14.3,0.77,29.7,0.78,15.2,0.05,0.03,0.095106,1776165371000
1776165373.323,73.323,0.31,16.0,0.25,13.9,0.24,29.3,0.23,14.7,0.22,15.2,0.36,8.0,0.37,5.0,0.39,8.0,0.4,10.8,0.41,70.7,0.64,8.0,0.63,5.0,0.61,8.0,0.6,10.8,0.59,70.7,0.69,16.0,0.75,13.9,0.76,29.3,0.77,14.7,0.78,15.2,0.05,0.05,0.095106,1776165372000
1776165374.471,74.471,0.31,16.0,0.25,13.9,0.24,29.3,0.23,14.7,0.22,15.2,0.36,8.0,0.37,5.0,0.39,8.0,0.4,10.8,0.41,70.7,0.64,8.0,0.63,5.0,0.61,8.0,0.6,10.8,0.59,70.7,0.69,16.0,0.75,13.9,0.76,29.3,0.77,14.7,0.78,15.2,0.05,0.05,0.095106,1776165373000
1776165375.42,75.42,0.31,16.0,0.25,13.9,0.24,29.3,0.23,14.7,0.22,15.2,0.36,8.0,0.37,5.0,0.39,8.0,0.4,10.8,0.41,70.7,0.64,8.0,0.63,5.0,0.61,8.0,0.6,10.8,0.59,70.7,0.69,16.0,0.75,13.9,0.76,29.3,0.77,14.7,0.78,15.2,0.05,0.05,0.095118,1776165374000
1776165376.045,76.045,0.31,16.0,0.25,13.9,0.24,29.3,0.23,14.7,0.22,15.2,0.36,8.0,0.37,5.0,0.39,8.0,0.4,10.8,0.41,70.7,0.64,8.0,0.63,5.0,0.61,8.0,0.6,10.8,0.59,70.7,0.69,16.0,0.75,13.9,0.76,29.3,0.77,14.7,0.78,15.2,0.05,0.05,0.095118,1776165375000
1776165377.086,77.086,0.31,16.0,0.25,13.9,0.24,29.3,0.23,14.7,0.22,15.2,0.36,8.0,0.37,5.0,0.39,8.0,0.4,10.8,0.41,70.7,0.64,8.0,0.63,5.0,0.61,8.0,0.6,10.8,0.59,70.7,0.69,16.0,0.75,13.9,0.76,29.3,0.77,14.7,0.78,15.2,0.05,0.05,0.095115,1776165376000
1776165377.457,77.457,0.3,2.61,0.22,15.2,0.21,30.7,0.2,16.2,0.19,16.89,0.31,56.0,0.33,5.0,0.38,10.0,0.39,28.9,0.4,20.8,0.64,8.0,0.63,5.0,0.61,8.0,0.6,10.8,0.59,70.7,0.69,16.0,0.75,13.9,0.76,29.3,0.77,14.7,0.78,15.2,0.01,0.05,0.095115,1776165376000
1776165378.171,78.171,0.28,17.0,0.23,14.7,0.22,15.2,0.21,15.7,0.2,16.2,0.31,56.0,0.34,5.0,0.39,28.9,0.4,20.8,0.41,70.7,0.69,56.0,0.66,5.0,0.61,28.9,0.6,20.8,0.59,70.7,0.72,17.0,0.77,14.7,0.78,15.2,0.79,15.7,0.8,16.2,0.03,0.03,0.095116,1776165377000
1776165379.218,79.218,0.28,17.0,0.23,14.7,0.22,15.2,0.21,15.7,0.2,16.2,0.31,56.0,0.34,5.0,0.39,28.9,0.4,20.8,0.41,70.7,0.69,56.0,0.66,5.0,0.61,28.9,0.6,20.8,0.59,70.7,0.72,17.0,0.77,14.7,0.78,15.2,0.79,15.7,0.8,16.2,0.03,0.03,0.095093,1776165378000
1776165380.233,80.233,0.28,17.0,0.23,14.7,0.22,15.2,0.21,15.7,0.2,16.2,0.31,56.0,0.34,5.0,0.39,28.9,0.4,20.8,0.41,70.7,0.69,56.0,0.66,5.0,0.61,28.9,0.6,20.8,0.59,70.7,0.72,17.0,0.77,14.7,0.78,15.2,0.79,15.7,0.8,16.2,0.03,0.03,0.095084,1776165379000
1776165381.389,81.389,0.28,17.0,0.23,14.7,0.22,15.2,0.21,15.7,0.2,16.2,0.31,56.0,0.34,5.0,0.39,28.9,0.4,20.8,0.41,70.7,0.69,56.0,0.66,5.0,0.61,28.9,0.6,20.8,0.59,70.7,0.72,17.0,0.77,14.7,0.78,15.2,0.79,15.7,0.8,16.2,0.03,0.03,0.095077,1776165380000
1776165382.02,82.02,0.28,17.0,0.23,14.7,0.22,15.2,0.21,15.7,0.2,16.2,0.31,56.0,0.34,5.0,0.39,28.9,0.4,20.8,0.41,70.7,0.69,56.0,0.66,5.0,0.61,28.9,0.6,20.8,0.59,70.7,0.72,17.0,0.77,14.7,0.78,15.2,0.79,15.7,0.8,16.2,0.03,0.03,0.095075,1776165381000
1776165382.375,82.375,0.28,17.0,0.22,5.0,0.21,25.7,0.2,16.2,0.19,16.89,0.31,51.0,0.34,5.0,0.36,11.3,0.37,11.2,0.38,11.0,0.69,56.0,0.66,5.0,0.61,28.9,0.6,20.8,0.59,70.7,0.72,17.0,0.77,14.7,0.78,15.2,0.79,15.7,0.8,16.2,0.03,0.03,0.095075,1776165381000
1776165382.906,82.906,0.28,17.0,0.22,5.0,0.21,25.7,0.2,16.2,0.19,16.89,0.31,51.0,0.34,5.0,0.36,11.3,0.37,11.2,0.38,11.0,0.69,51.0,0.66,5.0,0.64,11.3,0.63,11.2,0.62,11.0,0.72,17.0,0.78,5.0,0.79,25.7,0.8,16.2,0.81,16.89,0.03,0.03,0.095068,1776165382000
1776165383.904,83.904,0.28,17.0,0.22,5.0,0.21,25.7,0.2,16.2,0.19,16.89,0.31,51.0,0.34,5.0,0.36,11.3,0.37,11.2,0.38,11.0,0.69,51.0,0.66,5.0,0.64,11.3,0.63,11.2,0.62,11.0,0.72,17.0,0.78,5.0,0.79,25.7,0.8,16.2,0.81,16.89,0.03,0.03,0.095079,1776165383000
1776165385.184,85.184,0.28,17.0,0.22,5.0,0.21,25.7,0.2,16.2,0.19,16.89,0.31,51.0,0.34,5.0,0.36,11.3,0.37,11.2,0.38,11.0,0.69,51.0,0.66,5.0,0.64,11.3,0.63,11.2,0.62,11.0,0.72,17.0,0.78,5.0,0.79,25.7,0.8,16.2,0.81,16.89,0.03,0.03,0.095075,1776165384000
1776165386.067,86.067,0.28,17.0,0.22,5.0,0.21,25.7,0.2,16.2,0.19,16.89,0.31,51.0,0.34,5.0,0.36,11.3,0.37,11.2,0.38,11.0,0.69,51.0,0.66,5.0,0.64,11.3,0.63,11.2,0.62,11.0,0.72,17.0,0.78,5.0,0.79,25.7,0.8,16.2,0.81,16.89,0.03,0.03,0.095081,1776165385000
1776165387.247,87.247,0.28,17.0,0.22,5.0,0.21,25.7,0.2,16.2,0.19,16.89,0.31,51.0,0.34,5.0,0.36,11.3,0.37,11.2,0.38,11.0,0.69,51.0,0.66,5.0,0.64,11.3,0.63,11.2,0.62,11.0,0.72,17.0,0.78,5.0,0.79,25.7,0.8,16.2,0.81,16.89,0.03,0.03,0.0951,1776165386000
1776165388.302,88.302,0.28,17.0,0.22,5.0,0.21,25.7,0.2,16.2,0.19,16.89,0.31,51.0,0.34,5.0,0.36,11.3,0.37,11.2,0.38,11.0,0.69,51.0,0.66,5.0,0.64,11.3,0.63,11.2,0.62,11.0,0.72,17.0,0.78,5.0,0.79,25.7,0.8,16.2,0.81,16.89,0.03,0.03,0.095127,1776165387000
1776165388.962,88.962,0.32,13.51,0.28,12.9,0.27,18.2,0.26,23.5,0.25,13.9,0.39,8.0,0.4,5.0,0.41,50.0,0.44,20.6,0.45,20.5,0.69,51.0,0.66,5.0,0.64,11.3,0.63,11.2,0.62,11.0,0.72,17.0,0.78,5.0,0.79,25.7,0.8,16.2,0.81,16.89,0.07,0.03,0.095127,1776165387000
1776165389.201,89.201,0.32,13.51,0.28,12.9,0.27,18.2,0.26,23.5,0.25,13.9,0.39,8.0,0.4,5.0,0.41,50.0,0.44,20.6,0.45,20.5,0.61,8.0,0.6,5.0,0.59,50.0,0.56,20.6,0.55,20.5,0.68,13.51,0.72,12.9,0.73,18.2,0.74,23.5,0.75,13.9,0.07,0.07,0.095128,1776165388000
1776165390.27,90.27,0.32,13.51,0.28,12.9,0.27,18.2,0.26,23.5,0.25,13.9,0.39,8.0,0.4,5.0,0.41,50.0,0.44,20.6,0.45,20.5,0.61,8.0,0.6,5.0,0.59,50.0,0.56,20.6,0.55,20.5,0.68,13.51,0.72,12.9,0.73,18.2,0.74,23.5,0.75,13.9,0.07,0.07,0.095128,1776165389000
1776165391.291,91.291,0.32,13.51,0.28,12.9,0.27,18.2,0.26,23.5,0.25,13.9,0.39,8.0,0.4,5.0,0.41,50.0,0.44,20.6,0.45,20.5,0.61,8.0,0.6,5.0,0.59,50.0,0.56,20.6,0.55,20.5,0.68,13.51,0.72,12.9,0.73,18.2,0.74,23.5,0.75,13.9,0.07,0.07,0.095143,1776165390000
1776165392.426,92.426,0.32,13.51,0.28,12.9,0.27,18.2,0.26,23.5,0.25,13.9,0.39,8.0,0.4,5.0,0.41,50.0,0.44,20.6,0.45,20.5,0.61,8.0,0.6,5.0,0.59,50.0,0.56,20.6,0.55,20.5,0.68,13.51,0.72,12.9,0.73,18.2,0.74,23.5,0.75,13.9,0.07,0.07,0.095141,1776165391000
1776165392.962,92.962,0.32,13.51,0.28,12.9,0.27,18.2,0.26,23.5,0.25,13.9,0.39,8.0,0.4,5.0,0.41,50.0,0.44,20.6,0.45,20.5,0.61,8.0,0.6,5.0,0.59,50.0,0.56,20.6,0.55,20.5,0.68,13.51,0.72,12.9,0.73,18.2,0.74,23.5,0.75,13.9,0.07,0.07,0.095141,1776165392000
1776165394.043,94.043,0.32,13.51,0.28,12.9,0.27,18.2,0.26,23.5,0.25,13.9,0.39,8.0,0.4,5.0,0.41,50.0,0.44,20.6,0.45,20.5,0.61,8.0,0.6,5.0,0.59,50.0,0.56,20.6,0.55,20.5,0.68,13.51,0.72,12.9,0.73,18.2,0.74,23.5,0.75,13.9,0.07,0.07,0.095146,1776165393000
1776165395.121,95.121,0.32,13.51,0.28,12.9,0.27,18.2,0.26,23.5,0.25,13.9,0.39,8.0,0.4,5.0,0.41,50.0,0.44,20.6,0.45,20.5,0.61,8.0,0.6,5.0,0.59,50.0,0.56,20.6,0.55,20.5,0.68,13.51,0.72,12.9,0.73,18.2,0.74,23.5,0.75,13.9,0.07,0.07,0.095146,1776165394000
1776165396.237,96.237,0.32,13.51,0.28,12.9,0.27,18.2,0.26,23.5,0.25,13.9,0.39,8.0,0.4,5.0,0.41,50.0,0.44,20.6,0.45,20.5,0.61,8.0,0.6,5.0,0.59,50.0,0.56,20.6,0.55,20.5,0.68,13.51,0.72,12.9,0.73,18.2,0.74,23.5,0.75,13.9,0.07,0.07,0.095145,1776165395000
1776165397.464,97.464,0.32,13.51,0.3,12.4,0.29,17.6,0.28,12.9,0.27,23.2,0.39,4.15,0.41,50.0,0.42,5.0,0.45,10.5,0.46,20.5,0.61,8.0,0.6,5.0,0.59,50.0,0.56,20.6,0.55,20.5,0.68,13.51,0.72,12.9,0.73,18.2,0.74,23.5,0.75,13.9,0.07,0.07,0.095145,1776165395000
1776165398.474,98.474,0.32,13.51,0.3,12.4,0.29,17.6,0.28,12.9,0.27,23.2,0.39,4.15,0.41,50.0,0.42,5.0,0.45,10.5,0.46,20.5,0.61,4.15,0.59,50.0,0.58,5.0,0.55,10.5,0.54,20.5,0.68,13.51,0.7,12.4,0.71,17.6,0.72,12.9,0.73,23.2,0.07,0.07,0.095157,1776165397000
1776165399.075,99.075,0.32,13.51,0.3,12.4,0.29,17.6,0.28,12.9,0.27,23.2,0.39,4.15,0.41,50.0,0.42,5.0,0.45,10.5,0.46,20.5,0.61,4.15,0.59,50.0,0.58,5.0,0.55,10.5,0.54,20.5,0.68,13.51,0.7,12.4,0.71,17.6,0.72,12.9,0.73,23.2,0.07,0.07,0.095157,1776165398000
1776165400.113,100.113,0.32,13.51,0.3,12.4,0.29,17.6,0.28,12.9,0.27,23.2,0.39,4.15,0.41,50.0,0.42,5.0,0.45,10.5,0.46,20.5,0.61,4.15,0.59,50.0,0.58,5.0,0.55,10.5,0.54,20.5,0.68,13.51,0.7,12.4,0.71,17.6,0.72,12.9,0.73,23.2,0.07,0.07,0.095156,1776165399000
1776165401.214,101.214,0.32,13.51,0.3,12.4,0.29,17.6,0.28,12.9,0.27,23.2,0.39,4.15,0.41,50.0,0.42,5.0,0.45,10.5,0.46,20.5,0.61,4.15,0.59,50.0,0.58,5.0,0.55,10.5,0.54,20.5,0.68,13.51,0.7,12.4,0.71,17.6,0.72,12.9,0.73,23.2,0.07,0.07,0.095147,1776165400000
1776165402.185,102.185,0.32,13.51,0.3,12.4,0.29,17.6,0.28,12.9,0.27,23.2,0.39,4.15,0.41,50.0,0.42,5.0,0.45,10.5,0.46,20.5,0.61,4.15,0.59,50.0,0.58,5.0,0.55,10.5,0.54,20.5,0.68,13.51,0.7,12.4,0.71,17.6,0.72,12.9,0.73,23.2,0.07,0.07,0.095145,1776165401000
1776165403.377,103.377,0.31,16.0,0.28,12.9,0.27,18.2,0.26,13.5,0.25,23.9,0.39,4.15,0.41,55.0,0.42,10.7,0.43,10.6,0.44,10.6,0.68,1.85,0.61,4.15,0.59,55.0,0.57,10.6,0.56,10.6,0.69,16.0,0.71,12.6,0.72,12.9,0.73,18.2,0.74,23.5,0.08,0.01,0.095145,1776165401000
1776165404.798,104.798,0.31,16.0,0.28,12.9,0.27,18.2,0.26,13.5,0.25,23.9,0.39,4.15,0.41,55.0,0.42,10.7,0.43,10.6,0.44,10.6,0.61,4.15,0.59,55.0,0.58,10.7,0.57,10.6,0.56,10.6,0.69,16.0,0.72,12.9,0.73,18.2,0.74,13.5,0.75,23.9,0.08,0.08,0.095145,1776165403000
1776165405.691,105.691,0.31,16.0,0.28,12.9,0.27,18.2,0.26,13.5,0.25,23.9,0.39,4.15,0.41,55.0,0.42,10.7,0.43,10.6,0.44,10.6,0.61,4.15,0.59,55.0,0.58,10.7,0.57,10.6,0.56,10.6,0.69,16.0,0.72,12.9,0.73,18.2,0.74,13.5,0.75,23.9,0.08,0.08,0.095144,1776165404000
1776165406.66,106.66,0.31,16.0,0.28,12.9,0.27,18.2,0.26,13.5,0.25,23.9,0.39,4.15,0.41,55.0,0.42,10.7,0.43,10.6,0.44,10.6,0.61,4.15,0.59,55.0,0.58,10.7,0.57,10.6,0.56,10.6,0.69,16.0,0.72,12.9,0.73,18.2,0.74,13.5,0.75,23.9,0.08,0.08,0.095147,1776165405000
1776165407.318,107.318,0.31,16.0,0.28,12.9,0.27,18.2,0.26,13.5,0.25,23.9,0.39,4.15,0.41,55.0,0.42,10.7,0.43,10.6,0.44,10.6,0.61,4.15,0.59,55.0,0.58,10.7,0.57,10.6,0.56,10.6,0.69,16.0,0.72,12.9,0.73,18.2,0.74,13.5,0.75,23.9,0.08,0.08,0.09515,1776165406000
1776165408.978,108.978,0.31,16.0,0.28,12.9,0.27,18.2,0.26,13.5,0.25,23.9,0.39,4.15,0.41,55.0,0.42,10.7,0.43,10.6,0.44,10.6,0.61,4.15,0.59,55.0,0.58,10.7,0.57,10.6,0.56,10.6,0.69,16.0,0.72,12.9,0.73,18.2,0.74,13.5,0.75,23.9,0.08,0.08,0.095145,1776165407000
1776165409.646,109.646,0.31,16.0,0.28,12.9,0.27,18.2,0.26,13.5,0.25,23.9,0.39,4.15,0.41,55.0,0.42,10.7,0.43,10.6,0.44,10.6,0.61,4.15,0.59,55.0,0.58,10.7,0.57,10.6,0.56,10.6,0.69,16.0,0.72,12.9,0.73,18.2,0.74,13.5,0.75,23.9,0.08,0.08,0.09513,1776165408000
1776165410.398,110.398,0.31,16.0,0.28,12.9,0.27,18.2,0.26,13.5,0.25,23.9,0.39,4.15,0.41,55.0,0.42,10.7,0.43,10.6,0.44,10.6,0.61,4.15,0.59,55.0,0.58,10.7,0.57,10.6,0.56,10.6,0.69,16.0,0.72,12.9,0.73,18.2,0.74,13.5,0.75,23.9,0.08,0.08,0.09512,1776165409000
1776165411.114,111.114,0.31,16.0,0.28,12.9,0.27,18.2,0.26,13.5,0.25,23.9,0.39,4.15,0.41,55.0,0.42,10.7,0.43,10.6,0.44,10.6,0.61,4.15,0.59,55.0,0.58,10.7,0.57,10.6,0.56,10.6,0.69,16.0,0.72,12.9,0.73,18.2,0.74,13.5,0.75,23.9,0.08,0.08,0.095115,1776165410000
1776165412.757,112.757,0.31,16.0,0.28,12.9,0.27,18.2,0.26,13.5,0.25,23.9,0.39,4.15,0.41,55.0,0.42,10.7,0.43,10.6,0.44,10.6,0.61,4.15,0.59,55.0,0.58,10.7,0.57,10.6,0.56,10.6,0.69,16.0,0.72,12.9,0.73,18.2,0.74,13.5,0.75,23.9,0.08,0.08,0.095123,1776165411000
1776165413.467,113.467,0.31,16.0,0.28,12.9,0.27,18.2,0.26,13.5,0.25,23.9,0.39,4.15,0.41,55.0,0.42,10.7,0.43,10.6,0.44,10.6,0.61,4.15,0.59,55.0,0.58,10.7,0.57,10.6,0.56,10.6,0.69,16.0,0.72,12.9,0.73,18.2,0.74,13.5,0.75,23.9,0.08,0.08,0.095125,1776165412000
1776165414.347,114.347,0.31,16.0,0.28,12.9,0.27,18.2,0.26,13.5,0.25,23.9,0.39,4.15,0.41,55.0,0.42,10.7,0.43,10.6,0.44,10.6,0.61,4.15,0.59,55.0,0.58,10.7,0.57,10.6,0.56,10.6,0.69,16.0,0.72,12.9,0.73,18.2,0.74,13.5,0.75,23.9,0.08,0.08,0.095124,1776165413000
1776165415.771,115.771,0.31,16.0,0.28,12.9,0.27,18.2,0.26,13.5,0.25,23.9,0.39,4.15,0.41,55.0,0.42,10.7,0.43,10.6,0.44,10.6,0.61,4.15,0.59,55.0,0.58,10.7,0.57,10.6,0.56,10.6,0.69,16.0,0.72,12.9,0.73,18.2,0.74,13.5,0.75,23.9,0.08,0.08,0.095129,1776165414000
1776165416.572,116.572,0.31,16.0,0.28,12.9,0.27,18.2,0.26,13.5,0.25,23.9,0.39,4.15,0.41,55.0,0.42,10.7,0.43,10.6,0.44,10.6,0.61,4.15,0.59,55.0,0.58,10.7,0.57,10.6,0.56,10.6,0.69,16.0,0.72,12.9,0.73,18.2,0.74,13.5,0.75,23.9,0.08,0.08,0.09513,1776165415000
1776165417.302,117.302,0.31,16.0,0.28,12.9,0.27,18.2,0.26,13.5,0.25,23.9,0.39,4.15,0.41,55.0,0.42,10.7,0.43,10.6,0.44,10.6,0.61,4.15,0.59,55.0,0.58,10.7,0.57,10.6,0.56,10.6,0.69,16.0,0.72,12.9,0.73,18.2,0.74,13.5,0.75,23.9,0.08,0.08,0.095129,1776165416000
1776165418.853,118.853,0.31,16.0,0.28,12.9,0.27,18.2,0.26,13.5,0.25,23.9,0.39,4.15,0.41,55.0,0.42,10.7,0.43,10.6,0.44,10.6,0.61,4.15,0.59,55.0,0.58,10.7,0.57,10.6,0.56,10.6,0.69,16.0,0.72,12.9,0.73,18.2,0.74,13.5,0.75,23.9,0.08,0.08,0.095132,1776165417000
1776165419.736,119.736,0.31,16.0,0.28,12.9,0.27,18.2,0.26,13.5,0.25,23.9,0.39,4.15,0.41,55.0,0.42,10.7,0.43,10.6,0.44,10.6,0.61,4.15,0.59,55.0,0.58,10.7,0.57,10.6,0.56,10.6,0.69,16.0,0.72,12.9,0.73,18.2,0.74,13.5,0.75,23.9,0.08,0.08,0.095129,1776165418000
1776165420.508,120.508,0.31,16.0,0.28,12.9,0.27,18.2,0.26,13.5,0.25,23.9,0.39,4.15,0.41,55.0,0.42,10.7,0.43,10.6,0.44,10.6,0.61,4.15,0.59,55.0,0.58,10.7,0.57,10.6,0.56,10.6,0.69,16.0,0.72,12.9,0.73,18.2,0.74,13.5,0.75,23.9,0.08,0.08,0.095128,1776165419000
1776165420.973,120.973,0.16,19.3,0.15,30.39,0.14,26.6,0.13,23.0,0.12,24.6,0.21,28.0,0.27,5.0,0.29,13.0,0.31,50.0,0.35,11.4,0.61,4.15,0.59,55.0,0.58,10.7,0.57,10.6,0.56,10.6,0.69,16.0,0.72,12.9,0.73,18.2,0.74,13.5,0.75,23.9,0.05,0.08,0.095128,1776165419000
1776165421.259,121.259,0.16,19.3,0.15,30.39,0.14,26.6,0.13,23.0,0.12,24.6,0.21,28.0,0.27,5.0,0.29,13.0,0.31,50.0,0.35,11.4,0.79,28.0,0.73,5.0,0.71,13.0,0.69,50.0,0.65,11.4,0.84,19.3,0.85,30.39,0.86,26.6,0.87,23.0,0.88,24.6,0.05,0.05,0.095113,1776165420000
1776165422.766,122.766,0.16,19.3,0.15,30.39,0.14,26.6,0.13,23.0,0.12,24.6,0.21,28.0,0.27,5.0,0.29,13.0,0.31,50.0,0.35,11.4,0.79,28.0,0.73,5.0,0.71,13.0,0.69,50.0,0.65,11.4,0.84,19.3,0.85,30.39,0.86,26.6,0.87,23.0,0.88,24.6,0.05,0.05,0.09508,1776165421000
1776165423.836,123.836,0.16,19.3,0.15,30.39,0.14,26.6,0.13,23.0,0.12,24.6,0.21,28.0,0.27,5.0,0.29,13.0,0.31,50.0,0.35,11.4,0.79,28.0,0.73,5.0,0.71,13.0,0.69,50.0,0.65,11.4,0.84,19.3,0.85,30.39,0.86,26.6,0.87,23.0,0.88,24.6,0.05,0.05,0.095045,1776165422000
1776165424.413,124.413,0.16,19.3,0.15,30.39,0.14,26.6,0.13,23.0,0.12,24.6,0.21,28.0,0.27,5.0,0.29,13.0,0.31,50.0,0.35,11.4,0.79,28.0,0.73,5.0,0.71,13.0,0.69,50.0,0.65,11.4,0.84,19.3,0.85,30.39,0.86,26.6,0.87,23.0,0.88,24.6,0.05,0.05,0.095044,1776165423000
1776165424.944,124.944,0.16,19.3,0.15,30.39,0.14,26.6,0.13,23.0,0.12,24.6,0.21,28.0,0.27,5.0,0.29,13.0,0.31,50.0,0.35,11.4,0.79,28.0,0.73,5.0,0.71,13.0,0.69,50.0,0.65,11.4,0.84,19.3,0.85,30.39,0.86,26.6,0.87,23.0,0.88,24.6,0.05,0.05,0.095043,1776165424000
1776165425.929,125.929,0.16,19.3,0.15,30.39,0.14,26.6,0.13,23.0,0.12,24.6,0.21,28.0,0.27,5.0,0.29,13.0,0.31,50.0,0.35,11.4,0.79,28.0,0.73,5.0,0.71,13.0,0.69,50.0,0.65,11.4,0.84,19.3,0.85,30.39,0.86,26.6,0.87,23.0,0.88,24.6,0.05,0.05,0.095043,1776165425000
1776165426.908,126.908,0.16,19.3,0.15,30.39,0.14,26.6,0.13,23.0,0.12,24.6,0.21,28.0,0.27,5.0,0.29,13.0,0.31,50.0,0.35,11.4,0.79,28.0,0.73,5.0,0.71,13.0,0.69,50.0,0.65,11.4,0.84,19.3,0.85,30.39,0.86,26.6,0.87,23.0,0.88,24.6,0.05,0.05,0.095043,1776165426000
1776165427.618,127.618,0.17,29.0,0.14,21.6,0.13,23.0,0.12,34.6,0.11,26.6,0.23,16.29,0.25,13.9,0.26,13.5,0.27,13.2,0.28,12.9,0.79,28.0,0.73,5.0,0.71,13.0,0.69,50.0,0.65,11.4,0.84,19.3,0.85,30.39,0.86,26.6,0.87,23.0,0.88,24.6,0.06,0.05,0.095043,1776165426000
1776165428.004,128.004,0.17,29.0,0.14,21.6,0.13,23.0,0.12,34.6,0.11,26.6,0.23,16.29,0.25,13.9,0.26,13.5,0.27,13.2,0.28,12.9,0.77,16.29,0.75,13.9,0.74,13.5,0.73,13.2,0.72,12.9,0.83,29.0,0.86,21.6,0.87,23.0,0.88,34.6,0.89,26.6,0.06,0.06,0.095041,1776165427000
1776165428.976,128.976,0.17,29.0,0.14,21.6,0.13,23.0,0.12,34.6,0.11,26.6,0.23,16.29,0.25,13.9,0.26,13.5,0.27,13.2,0.28,12.9,0.77,16.29,0.75,13.9,0.74,13.5,0.73,13.2,0.72,12.9,0.83,29.0,0.86,21.6,0.87,23.0,0.88,34.6,0.89,26.6,0.06,0.06,0.095018,1776165428000
1776165429.914,129.914,0.17,29.0,0.14,21.6,0.13,23.0,0.12,34.6,0.11,26.6,0.23,16.29,0.25,13.9,0.26,13.5,0.27,13.2,0.28,12.9,0.77,16.29,0.75,13.9,0.74,13.5,0.73,13.2,0.72,12.9,0.83,29.0,0.86,21.6,0.87,23.0,0.88,34.6,0.89,26.6,0.06,0.06,0.09501,1776165429000
1776165430.205,130.205,0.14,31.33,0.12,24.6,0.11,26.6,0.1,28.9,0.09,31.7,0.22,5.0,0.23,14.7,0.24,14.3,0.25,13.9,0.26,13.5,0.77,16.29,0.75,13.9,0.74,13.5,0.73,13.2,0.72,12.9,0.83,29.0,0.86,21.6,0.87,23.0,0.88,34.6,0.89,26.6,0.08,0.06,0.09501,1776165429000
1776165430.866,130.866,0.14,31.33,0.12,24.6,0.11,26.6,0.1,28.9,0.09,31.7,0.22,5.0,0.23,14.7,0.24,14.3,0.25,13.9,0.26,13.5,0.78,5.0,0.77,14.7,0.76,14.3,0.75,13.9,0.74,13.5,0.86,31.33,0.88,24.6,0.89,26.6,0.9,28.9,0.91,31.7,0.08,0.08,0.09501,1776165430000
1776165431.943,131.943,0.14,31.33,0.12,24.6,0.11,26.6,0.1,28.9,0.09,31.7,0.22,5.0,0.23,14.7,0.24,14.3,0.25,13.9,0.26,13.5,0.78,5.0,0.77,14.7,0.76,14.3,0.75,13.9,0.74,13.5,0.86,31.33,0.88,24.6,0.89,26.6,0.9,28.9,0.91,31.7,0.08,0.08,0.095001,1776165431000
1776165432.96,132.96,0.14,31.33,0.12,24.6,0.11,26.6,0.1,28.9,0.09,31.7,0.22,5.0,0.23,14.7,0.24,14.3,0.25,13.9,0.26,13.5,0.78,5.0,0.77,14.7,0.76,14.3,0.75,13.9,0.74,13.5,0.86,31.33,0.88,24.6,0.89,26.6,0.9,28.9,0.91,31.7,0.08,0.08,0.094995,1776165432000
1776165433.877,133.877,0.14,31.33,0.12,24.6,0.11,26.6,0.1,28.9,0.09,31.7,0.22,5.0,0.23,14.7,0.24,14.3,0.25,13.9,0.26,13.5,0.78,5.0,0.77,14.7,0.76,14.3,0.75,13.9,0.74,13.5,0.86,31.33,0.88,24.6,0.89,26.6,0.9,28.9,0.91,31.7,0.08,0.08,0.094995,1776165433000
1776165434.953,134.953,0.14,31.33,0.12,24.6,0.11,26.6,0.1,28.9,0.09,31.7,0.22,5.0,0.23,14.7,0.24,14.3,0.25,13.9,0.26,13.5,0.78,5.0,0.77,14.7,0.76,14.3,0.75,13.9,0.74,13.5,0.86,31.33,0.88,24.6,0.89,26.6,0.9,28.9,0.91,31.7,0.08,0.08,0.094994,1776165434000
1776165435.829,135.829,0.14,31.33,0.12,24.6,0.11,26.6,0.1,28.9,0.09,31.7,0.22,5.0,0.23,14.7,0.24,14.3,0.25,13.9,0.26,13.5,0.78,5.0,0.77,14.7,0.76,14.3,0.75,13.9,0.74,13.5,0.86,31.33,0.88,24.6,0.89,26.6,0.9,28.9,0.91,31.7,0.08,0.08,0.094994,1776165435000
1776165437.134,137.134,0.15,23.58,0.14,21.6,0.13,33.0,0.12,24.6,0.11,26.6,0.2,12.0,0.24,5.0,0.25,13.9,0.26,13.5,0.27,13.2,0.78,5.0,0.77,14.7,0.76,14.3,0.75,13.9,0.74,13.5,0.86,31.33,0.88,24.6,0.89,26.6,0.9,28.9,0.91,31.7,0.05,0.08,0.094994,1776165435000
1776165437.373,137.373,0.15,23.58,0.14,21.6,0.13,33.0,0.12,24.6,0.11,26.6,0.2,12.0,0.24,5.0,0.25,13.9,0.26,13.5,0.27,13.2,0.8,12.0,0.76,5.0,0.75,13.9,0.74,13.5,0.73,13.2,0.85,23.58,0.86,21.6,0.87,33.0,0.88,24.6,0.89,26.6,0.05,0.05,0.095004,1776165436000
1776165438.434,138.434,0.15,23.58,0.14,21.6,0.13,33.0,0.12,24.6,0.11,26.6,0.2,12.0,0.24,5.0,0.25,13.9,0.26,13.5,0.27,13.2,0.8,12.0,0.76,5.0,0.75,13.9,0.74,13.5,0.73,13.2,0.85,23.58,0.86,21.6,0.87,33.0,0.88,24.6,0.89,26.6,0.05,0.05,0.095015,1776165437000
1776165439.25,139.25,0.15,23.58,0.14,21.6,0.13,33.0,0.12,24.6,0.11,26.6,0.2,12.0,0.24,5.0,0.25,13.9,0.26,13.5,0.27,13.2,0.8,12.0,0.76,5.0,0.75,13.9,0.74,13.5,0.73,13.2,0.85,23.58,0.86,21.6,0.87,33.0,0.88,24.6,0.89,26.6,0.05,0.05,0.095023,1776165438000
1776165440.326,140.326,0.15,23.58,0.14,21.6,0.13,33.0,0.12,24.6,0.11,26.6,0.2,12.0,0.24,5.0,0.25,13.9,0.26,13.5,0.27,13.2,0.8,12.0,0.76,5.0,0.75,13.9,0.74,13.5,0.73,13.2,0.85,23.58,0.86,21.6,0.87,33.0,0.88,24.6,0.89,26.6,0.05,0.05,0.095038,1776165439000
1776165441.304,141.304,0.15,23.58,0.14,21.6,0.13,33.0,0.12,24.6,0.11,26.6,0.2,12.0,0.24,5.0,0.25,13.9,0.26,13.5,0.27,13.2,0.8,12.0,0.76,5.0,0.75,13.9,0.74,13.5,0.73,13.2,0.85,23.58,0.86,21.6,0.87,33.0,0.88,24.6,0.89,26.6,0.05,0.05,0.095049,1776165440000
1776165442.341,142.341,0.15,23.58,0.14,21.6,0.13,33.0,0.12,24.6,0.11,26.6,0.2,12.0,0.24,5.0,0.25,13.9,0.26,13.5,0.27,13.2,0.8,12.0,0.76,5.0,0.75,13.9,0.74,13.5,0.73,13.2,0.85,23.58,0.86,21.6,0.87,33.0,0.88,24.6,0.89,26.6,0.05,0.05,0.095051,1776165441000
1776165443.118,143.118,0.17,14.77,0.16,19.3,0.15,63.39,0.14,21.6,0.13,28.0,0.27,27.0,0.28,5.0,0.29,12.6,0.3,12.4,0.31,12.2,0.8,12.0,0.76,5.0,0.75,13.9,0.74,13.5,0.73,13.2,0.85,23.58,0.86,21.6,0.87,33.0,0.88,24.6,0.89,26.6,0.1,0.05,0.095051,1776165441000
1776165444.272,144.272,0.17,14.77,0.16,19.3,0.15,63.39,0.14,21.6,0.13,28.0,0.27,27.0,0.28,5.0,0.29,12.6,0.3,12.4,0.31,12.2,0.73,27.0,0.72,5.0,0.71,12.6,0.7,12.4,0.69,12.2,0.83,14.77,0.84,19.3,0.85,63.39,0.86,21.6,0.87,28.0,0.1,0.1,0.095057,1776165443000
1776165445.242,145.242,0.17,14.77,0.16,19.3,0.15,63.39,0.14,21.6,0.13,28.0,0.27,27.0,0.28,5.0,0.29,12.6,0.3,12.4,0.31,12.2,0.73,27.0,0.72,5.0,0.71,12.6,0.7,12.4,0.69,12.2,0.83,14.77,0.84,19.3,0.85,63.39,0.86,21.6,0.87,28.0,0.1,0.1,0.095063,1776165444000
1776165446.236,146.236,0.17,14.77,0.16,19.3,0.15,63.39,0.14,21.6,0.13,28.0,0.27,27.0,0.28,5.0,0.29,12.6,0.3,12.4,0.31,12.2,0.73,27.0,0.72,5.0,0.71,12.6,0.7,12.4,0.69,12.2,0.83,14.77,0.84,19.3,0.85,63.39,0.86,21.6,0.87,28.0,0.1,0.1,0.095091,1776165445000
1776165447.281,147.281,0.17,14.77,0.16,19.3,0.15,63.39,0.14,21.6,0.13,28.0,0.27,27.0,0.28,5.0,0.29,12.6,0.3,12.4,0.31,12.2,0.73,27.0,0.72,5.0,0.71,12.6,0.7,12.4,0.69,12.2,0.83,14.77,0.84,19.3,0.85,63.39,0.86,21.6,0.87,28.0,0.1,0.1,0.095107,1776165446000
1776165448.201,148.201,0.17,14.77,0.16,19.3,0.15,63.39,0.14,21.6,0.13,28.0,0.27,27.0,0.28,5.0,0.29,12.6,0.3,12.4,0.31,12.2,0.73,27.0,0.72,5.0,0.71,12.6,0.7,12.4,0.69,12.2,0.83,14.77,0.84,19.3,0.85,63.39,0.86,21.6,0.87,28.0,0.1,0.1,0.095107,1776165447000
1776165449.798,149.798,0.17,14.77,0.16,19.3,0.15,63.39,0.14,21.6,0.13,28.0,0.27,27.0,0.28,5.0,0.29,12.6,0.3,12.4,0.31,12.2,0.73,27.0,0.72,5.0,0.71,12.6,0.7,12.4,0.69,12.2,0.83,14.77,0.84,19.3,0.85,63.39,0.86,21.6,0.87,28.0,0.1,0.1,0.095107,1776165448000
1776165450.992,150.992,0.17,14.77,0.16,19.3,0.15,63.39,0.14,21.6,0.13,28.0,0.27,27.0,0.28,5.0,0.29,12.6,0.3,12.4,0.31,12.2,0.73,27.0,0.72,5.0,0.71,12.6,0.7,12.4,0.69,12.2,0.83,14.77,0.84,19.3,0.85,63.39,0.86,21.6,0.87,28.0,0.1,0.1,0.095107,1776165449000
1776165451.693,151.693,0.17,14.77,0.16,19.3,0.15,63.39,0.14,21.6,0.13,28.0,0.27,27.0,0.28,5.0,0.29,12.6,0.3,12.4,0.31,12.2,0.73,27.0,0.72,5.0,0.71,12.6,0.7,12.4,0.69,12.2,0.83,14.77,0.84,19.3,0.85,63.39,0.86,21.6,0.87,28.0,0.1,0.1,0.095094,1776165450000
1776165452.27,152.27,0.17,14.77,0.16,19.3,0.15,63.39,0.14,21.6,0.13,28.0,0.27,27.0,0.28,5.0,0.29,12.6,0.3,12.4,0.31,12.2,0.73,27.0,0.72,5.0,0.71,12.6,0.7,12.4,0.69,12.2,0.83,14.77,0.84,19.3,0.85,63.39,0.86,21.6,0.87,28.0,0.1,0.1,0.095086,1776165451000
1776165454.406,154.406,0.17,14.77,0.16,19.3,0.15,63.39,0.14,21.6,0.13,28.0,0.27,27.0,0.28,5.0,0.29,12.6,0.3,12.4,0.31,12.2,0.73,27.0,0.72,5.0,0.71,12.6,0.7,12.4,0.69,12.2,0.83,14.77,0.84,19.3,0.85,63.39,0.86,21.6,0.87,28.0,0.1,0.1,0.095093,1776165453000
1776165455.884,155.884,0.17,14.77,0.16,19.3,0.15,63.39,0.14,21.6,0.13,28.0,0.27,27.0,0.28,5.0,0.29,12.6,0.3,12.4,0.31,12.2,0.73,27.0,0.72,5.0,0.71,12.6,0.7,12.4,0.69,12.2,0.83,14.77,0.84,19.3,0.85,63.39,0.86,21.6,0.87,28.0,0.1,0.1,0.095092,1776165454000
1776165456.205,156.205,0.22,15.87,0.21,65.7,0.2,51.2,0.19,16.89,0.18,17.6,0.27,18.0,0.38,5.0,0.4,10.8,0.41,60.7,0.42,10.7,0.73,27.0,0.72,5.0,0.71,12.6,0.7,12.4,0.69,12.2,0.83,14.77,0.84,19.3,0.85,63.39,0.86,21.6,0.87,28.0,0.05,0.1,0.095092,1776165454000
1776165456.465,156.465,0.22,15.87,0.21,65.7,0.2,51.2,0.19,16.89,0.18,17.6,0.27,18.0,0.38,5.0,0.4,10.8,0.41,60.7,0.42,10.7,0.73,18.0,0.62,5.0,0.6,10.8,0.59,60.7,0.58,10.7,0.78,15.87,0.79,65.7,0.8,51.2,0.81,16.89,0.82,17.6,0.05,0.05,0.095106,1776165455000
1776165457.067,157.067,0.22,15.87,0.21,65.7,0.2,51.2,0.19,16.89,0.18,17.6,0.27,18.0,0.38,5.0,0.4,10.8,0.41,60.7,0.42,10.7,0.73,18.0,0.62,5.0,0.6,10.8,0.59,60.7,0.58,10.7,0.78,15.87,0.79,65.7,0.8,51.2,0.81,16.89,0.82,17.6,0.05,0.05,0.095136,1776165456000
1776165458.12,158.12,0.25,13.9,0.24,14.3,0.23,14.7,0.22,15.2,0.21,20.7,0.27,4.0,0.36,5.0,0.39,10.9,0.4,10.8,0.41,60.7,0.73,13.0,0.64,5.0,0.61,10.9,0.6,10.8,0.59,60.7,0.77,14.7,0.78,15.2,0.79,20.7,0.8,51.2,0.81,16.89,0.02,0.04,0.095136,1776165456000
1776165458.613,158.613,0.25,13.9,0.24,14.3,0.23,14.7,0.22,15.2,0.21,20.7,0.27,4.0,0.36,5.0,0.39,10.9,0.4,10.8,0.41,60.7,0.73,4.0,0.64,5.0,0.61,10.9,0.6,10.8,0.59,60.7,0.75,13.9,0.76,14.3,0.77,14.7,0.78,15.2,0.79,20.7,0.02,0.02,0.095134,1776165457000
1776165459.188,159.188,0.25,13.9,0.24,14.3,0.23,14.7,0.22,15.2,0.21,20.7,0.27,4.0,0.36,5.0,0.39,10.9,0.4,10.8,0.41,60.7,0.73,4.0,0.64,5.0,0.61,10.9,0.6,10.8,0.59,60.7,0.75,13.9,0.76,14.3,0.77,14.7,0.78,15.2,0.79,20.7,0.02,0.02,0.095131,1776165458000
1776165460.475,160.475,0.25,13.9,0.24,14.3,0.23,14.7,0.22,15.2,0.21,20.7,0.27,4.0,0.36,5.0,0.39,10.9,0.4,10.8,0.41,60.7,0.73,4.0,0.64,5.0,0.61,10.9,0.6,10.8,0.59,60.7,0.75,13.9,0.76,14.3,0.77,14.7,0.78,15.2,0.79,20.7,0.02,0.02,0.095126,1776165459000
1776165461.281,161.281,0.25,13.9,0.24,14.3,0.23,14.7,0.22,15.2,0.21,20.7,0.27,4.0,0.36,5.0,0.39,10.9,0.4,10.8,0.41,60.7,0.73,4.0,0.64,5.0,0.61,10.9,0.6,10.8,0.59,60.7,0.75,13.9,0.76,14.3,0.77,14.7,0.78,15.2,0.79,20.7,0.02,0.02,0.095125,1776165460000
1776165462.632,162.632,0.25,13.9,0.24,14.3,0.23,14.7,0.22,15.2,0.21,20.7,0.27,4.0,0.36,5.0,0.39,10.9,0.4,10.8,0.41,60.7,0.73,4.0,0.64,5.0,0.61,10.9,0.6,10.8,0.59,60.7,0.75,13.9,0.76,14.3,0.77,14.7,0.78,15.2,0.79,20.7,0.02,0.02,0.095122,1776165461000
1776165463.431,163.431,0.25,13.9,0.24,14.3,0.23,14.7,0.22,15.2,0.21,20.7,0.27,4.0,0.36,5.0,0.39,10.9,0.4,10.8,0.41,60.7,0.73,4.0,0.64,5.0,0.61,10.9,0.6,10.8,0.59,60.7,0.75,13.9,0.76,14.3,0.77,14.7,0.78,15.2,0.79,20.7,0.02,0.02,0.095105,1776165462000
1776165464.059,164.059,0.25,13.9,0.24,14.3,0.23,14.7,0.22,15.2,0.21,20.7,0.27,4.0,0.36,5.0,0.39,10.9,0.4,10.8,0.41,60.7,0.73,4.0,0.64,5.0,0.61,10.9,0.6,10.8,0.59,60.7,0.75,13.9,0.76,14.3,0.77,14.7,0.78,15.2,0.79,20.7,0.02,0.02,0.0951,1776165463000
1776165465.355,165.355,0.25,13.9,0.24,14.3,0.23,14.7,0.22,15.2,0.21,20.7,0.27,4.0,0.36,5.0,0.39,10.9,0.4,10.8,0.41,60.7,0.73,4.0,0.64,5.0,0.61,10.9,0.6,10.8,0.59,60.7,0.75,13.9,0.76,14.3,0.77,14.7,0.78,15.2,0.79,20.7,0.02,0.02,0.095098,1776165464000
1776165466.027,166.027,0.25,13.9,0.24,14.3,0.23,14.7,0.22,15.2,0.21,20.7,0.27,4.0,0.36,5.0,0.39,10.9,0.4,10.8,0.41,60.7,0.73,4.0,0.64,5.0,0.61,10.9,0.6,10.8,0.59,60.7,0.75,13.9,0.76,14.3,0.77,14.7,0.78,15.2,0.79,20.7,0.02,0.02,0.095098,1776165465000
1776165467.393,167.393,0.25,13.9,0.24,14.3,0.23,14.7,0.22,15.2,0.21,20.7,0.27,4.0,0.36,5.0,0.39,10.9,0.4,10.8,0.41,60.7,0.73,4.0,0.64,5.0,0.61,10.9,0.6,10.8,0.59,60.7,0.75,13.9,0.76,14.3,0.77,14.7,0.78,15.2,0.79,20.7,0.02,0.02,0.095085,1776165466000
1776165468.709,168.709,0.25,13.9,0.24,14.3,0.23,14.7,0.22,15.2,0.21,20.7,0.27,4.0,0.36,5.0,0.39,10.9,0.4,10.8,0.41,60.7,0.73,4.0,0.64,5.0,0.61,10.9,0.6,10.8,0.59,60.7,0.75,13.9,0.76,14.3,0.77,14.7,0.78,15.2,0.79,20.7,0.02,0.02,0.095085,1776165467000
1776165469.306,169.306,0.25,13.9,0.24,14.3,0.23,14.7,0.22,15.2,0.21,20.7,0.27,4.0,0.36,5.0,0.39,10.9,0.4,10.8,0.41,60.7,0.73,4.0,0.64,5.0,0.61,10.9,0.6,10.8,0.59,60.7,0.75,13.9,0.76,14.3,0.77,14.7,0.78,15.2,0.79,20.7,0.02,0.02,0.095082,1776165468000
1776165469.954,169.954,0.25,13.9,0.24,14.3,0.23,14.7,0.22,15.2,0.21,20.7,0.27,4.0,0.36,5.0,0.39,10.9,0.4,10.8,0.41,60.7,0.73,4.0,0.64,5.0,0.61,10.9,0.6,10.8,0.59,60.7,0.75,13.9,0.76,14.3,0.77,14.7,0.78,15.2,0.79,20.7,0.02,0.02,0.095082,1776165469000
1776165471.044,171.044,0.25,13.9,0.24,14.3,0.23,14.7,0.22,15.2,0.21,20.7,0.27,4.0,0.36,5.0,0.39,10.9,0.4,10.8,0.41,60.7,0.73,4.0,0.64,5.0,0.61,10.9,0.6,10.8,0.59,60.7,0.75,13.9,0.76,14.3,0.77,14.7,0.78,15.2,0.79,20.7,0.02,0.02,0.095072,1776165470000
1776165472.177,172.177,0.25,13.9,0.24,14.3,0.23,14.7,0.22,15.2,0.21,20.7,0.27,4.0,0.36,5.0,0.39,10.9,0.4,10.8,0.41,60.7,0.73,4.0,0.64,5.0,0.61,10.9,0.6,10.8,0.59,60.7,0.75,13.9,0.76,14.3,0.77,14.7,0.78,15.2,0.79,20.7,0.02,0.02,0.095073,1776165471000
1776165473.265,173.265,0.25,13.9,0.24,14.3,0.23,14.7,0.22,15.2,0.21,20.7,0.27,4.0,0.36,5.0,0.39,10.9,0.4,10.8,0.41,60.7,0.73,4.0,0.64,5.0,0.61,10.9,0.6,10.8,0.59,60.7,0.75,13.9,0.76,14.3,0.77,14.7,0.78,15.2,0.79,20.7,0.02,0.02,0.09507,1776165472000
1776165474.359,174.359,0.25,13.9,0.24,14.3,0.23,14.7,0.22,15.2,0.21,20.7,0.27,4.0,0.36,5.0,0.39,10.9,0.4,10.8,0.41,60.7,0.73,4.0,0.64,5.0,0.61,10.9,0.6,10.8,0.59,60.7,0.75,13.9,0.76,14.3,0.77,14.7,0.78,15.2,0.79,20.7,0.02,0.02,0.095058,1776165473000
1776165474.952,174.952,0.25,13.9,0.24,14.3,0.23,14.7,0.22,15.2,0.21,20.7,0.27,4.0,0.36,5.0,0.39,10.9,0.4,10.8,0.41,60.7,0.73,4.0,0.64,5.0,0.61,10.9,0.6,10.8,0.59,60.7,0.75,13.9,0.76,14.3,0.77,14.7,0.78,15.2,0.79,20.7,0.02,0.02,0.095049,1776165474000
1776165476.067,176.067,0.25,13.9,0.24,14.3,0.23,14.7,0.22,15.2,0.21,20.7,0.27,4.0,0.36,5.0,0.39,10.9,0.4,10.8,0.41,60.7,0.73,4.0,0.64,5.0,0.61,10.9,0.6,10.8,0.59,60.7,0.75,13.9,0.76,14.3,0.77,14.7,0.78,15.2,0.79,20.7,0.02,0.02,0.095044,1776165475000
1776165477.228,177.228,0.25,13.9,0.24,14.3,0.23,14.7,0.22,15.2,0.21,20.7,0.27,4.0,0.36,5.0,0.39,10.9,0.4,10.8,0.41,60.7,0.73,4.0,0.64,5.0,0.61,10.9,0.6,10.8,0.59,60.7,0.75,13.9,0.76,14.3,0.77,14.7,0.78,15.2,0.79,20.7,0.02,0.02,0.095016,1776165476000
1776165478.373,178.373,0.25,13.9,0.24,14.3,0.23,14.7,0.22,15.2,0.21,20.7,0.27,4.0,0.36,5.0,0.39,10.9,0.4,10.8,0.41,60.7,0.73,4.0,0.64,5.0,0.61,10.9,0.6,10.8,0.59,60.7,0.75,13.9,0.76,14.3,0.77,14.7,0.78,15.2,0.79,20.7,0.02,0.02,0.095007,1776165477000
1776165478.942,178.942,0.25,13.9,0.24,14.3,0.23,14.7,0.22,15.2,0.21,20.7,0.27,4.0,0.36,5.0,0.39,10.9,0.4,10.8,0.41,60.7,0.73,4.0,0.64,5.0,0.61,10.9,0.6,10.8,0.59,60.7,0.75,13.9,0.76,14.3,0.77,14.7,0.78,15.2,0.79,20.7,0.02,0.02,0.095006,1776165478000
1776165480.15,180.15,0.25,13.9,0.24,14.3,0.23,14.7,0.22,15.2,0.21,20.7,0.27,4.0,0.36,5.0,0.39,10.9,0.4,10.8,0.41,60.7,0.73,4.0,0.64,5.0,0.61,10.9,0.6,10.8,0.59,60.7,0.75,13.9,0.76,14.3,0.77,14.7,0.78,15.2,0.79,20.7,0.02,0.02,0.095001,1776165479000
1776165480.891,180.891,0.06,43.97,0.05,59.7,0.04,77.7,0.03,89.3,0.02,147.69,0.11,39.0,0.12,24.6,0.13,28.0,0.14,21.6,0.15,20.39,0.73,4.0,0.64,5.0,0.61,10.9,0.6,10.8,0.59,60.7,0.75,13.9,0.76,14.3,0.77,14.7,0.78,15.2,0.79,20.7,0.05,0.02,0.095001,1776165479000
1776165481.263,181.263,0.06,43.97,0.05,59.7,0.04,77.7,0.03,89.3,0.02,147.69,0.11,39.0,0.12,24.6,0.13,28.0,0.14,21.6,0.15,20.39,0.89,39.0,0.88,24.6,0.87,28.0,0.86,21.6,0.85,20.39,0.94,43.97,0.95,59.7,0.96,77.7,0.97,89.3,0.98,147.69,0.05,0.05,0.095001,1776165480000
1776165482.533,182.533,0.06,21.98,0.05,59.7,0.04,77.7,0.03,89.3,0.02,147.69,0.11,12.0,0.12,24.6,0.13,28.0,0.14,21.6,0.15,20.39,0.89,12.0,0.88,24.6,0.87,28.0,0.86,21.6,0.85,20.39,0.94,21.98,0.95,59.7,0.96,77.7,0.97,89.3,0.98,147.69,0.05,0.05,0.094959,1776165481000
1776165484.219,184.219,0.06,21.98,0.05,59.7,0.04,77.7,0.03,89.3,0.02,147.69,0.11,12.0,0.12,24.6,0.13,28.0,0.14,21.6,0.15,20.39,0.89,12.0,0.88,24.6,0.87,28.0,0.86,21.6,0.85,20.39,0.94,21.98,0.95,59.7,0.96,77.7,0.97,89.3,0.98,147.69,0.05,0.05,0.094951,1776165482000
1776165485.302,185.302,0.06,21.98,0.05,59.7,0.04,77.7,0.03,89.3,0.02,147.69,0.11,12.0,0.12,24.6,0.13,28.0,0.14,21.6,0.15,20.39,0.89,12.0,0.88,24.6,0.87,28.0,0.86,21.6,0.85,20.39,0.94,21.98,0.95,59.7,0.96,77.7,0.97,89.3,0.98,147.69,0.05,0.05,0.094951,1776165483000
1776165486.263,186.263,0.06,21.98,0.05,59.7,0.04,77.7,0.03,89.3,0.02,147.69,0.11,12.0,0.12,24.6,0.13,28.0,0.14,21.6,0.15,20.39,0.89,12.0,0.88,24.6,0.87,28.0,0.86,21.6,0.85,20.39,0.94,21.98,0.95,59.7,0.96,77.7,0.97,89.3,0.98,147.69,0.05,0.05,0.094951,1776165484000
1776165487.48,187.48,0.06,21.98,0.05,59.7,0.04,77.7,0.03,89.3,0.02,147.69,0.11,12.0,0.12,24.6,0.13,28.0,0.14,21.6,0.15,20.39,0.89,12.0,0.88,24.6,0.87,28.0,0.86,21.6,0.85,20.39,0.94,21.98,0.95,59.7,0.96,77.7,0.97,89.3,0.98,147.69,0.05,0.05,0.094952,1776165485000
1776165488.332,188.332,0.06,21.98,0.05,59.7,0.04,77.7,0.03,89.3,0.02,147.69,0.11,12.0,0.12,24.6,0.13,28.0,0.14,21.6,0.15,20.39,0.89,12.0,0.88,24.6,0.87,28.0,0.86,21.6,0.85,20.39,0.94,21.98,0.95,59.7,0.96,77.7,0.97,89.3,0.98,147.69,0.05,0.05,0.094952,1776165486000
1776165489.25,189.25,0.06,21.98,0.05,59.7,0.04,77.7,0.03,89.3,0.02,147.69,0.11,12.0,0.12,24.6,0.13,28.0,0.14,21.6,0.15,20.39,0.89,12.0,0.88,24.6,0.87,28.0,0.86,21.6,0.85,20.39,0.94,21.98,0.95,59.7,0.96,77.7,0.97,89.3,0.98,147.69,0.05,0.05,0.094952,1776165487000
1776165489.645,189.645,0.05,53.42,0.04,77.7,0.03,89.3,0.02,147.69,0.01,608.69,0.1,35.9,0.11,26.6,0.12,24.6,0.13,28.0,0.14,21.6,0.89,12.0,0.88,24.6,0.87,28.0,0.86,21.6,0.85,20.39,0.94,21.98,0.95,59.7,0.96,77.7,0.97,89.3,0.98,147.69,0.05,0.05,0.094952,1776165487000
1776165490.019,190.019,0.05,48.27,0.04,77.7,0.03,89.3,0.02,147.69,0.01,608.69,0.1,35.9,0.11,26.6,0.12,24.6,0.13,28.0,0.14,21.6,0.9,35.9,0.89,26.6,0.88,24.6,0.87,28.0,0.86,21.6,0.95,53.42,0.96,77.7,0.97,89.3,0.98,147.69,0.99,608.69,0.05,0.05,0.094952,1776165487000
1776165491.121,191.121,0.05,48.27,0.04,77.7,0.03,89.3,0.02,147.69,0.01,608.69,0.1,35.9,0.11,26.6,0.12,24.6,0.13,28.0,0.14,21.6,0.9,35.9,0.89,26.6,0.88,24.6,0.87,28.0,0.86,21.6,0.95,48.27,0.96,77.7,0.97,89.3,0.98,147.69,0.99,608.69,0.05,0.05,0.094953,1776165489000
1776165492.075,192.075,0.05,48.27,0.04,77.7,0.03,89.3,0.02,147.69,0.01,608.69,0.1,35.9,0.11,26.6,0.12,24.6,0.13,28.0,0.14,21.6,0.9,35.9,0.89,26.6,0.88,24.6,0.87,28.0,0.86,21.6,0.95,48.27,0.96,77.7,0.97,89.3,0.98,147.69,0.99,608.69,0.05,0.05,0.094952,1776165490000
1776165492.991,192.991,0.05,48.27,0.04,77.7,0.03,89.3,0.02,147.69,0.01,608.69,0.1,35.9,0.11,26.6,0.12,24.6,0.13,28.0,0.14,21.6,0.9,35.9,0.89,26.6,0.88,24.6,0.87,28.0,0.86,21.6,0.95,48.27,0.96,77.7,0.97,89.3,0.98,147.69,0.99,608.69,0.05,0.05,0.094952,1776165491000
1776165493.722,193.722,0.05,48.27,0.04,77.7,0.03,89.3,0.02,147.69,0.01,608.69,0.1,35.9,0.11,26.6,0.12,24.6,0.13,28.0,0.14,21.6,0.9,35.9,0.89,26.6,0.88,24.6,0.87,28.0,0.86,21.6,0.95,48.27,0.96,77.7,0.97,89.3,0.98,147.69,0.99,608.69,0.05,0.05,0.094951,1776165492000
1776165494.634,194.634,0.05,48.27,0.04,77.7,0.03,89.3,0.02,147.69,0.01,608.69,0.1,35.9,0.11,26.6,0.12,24.6,0.13,28.0,0.14,21.6,0.9,35.9,0.89,26.6,0.88,24.6,0.87,28.0,0.86,21.6,0.95,48.27,0.96,77.7,0.97,89.3,0.98,147.69,0.99,608.69,0.05,0.05,0.09495,1776165493000
1776165495.441,195.441,0.05,48.27,0.04,77.7,0.03,89.3,0.02,147.69,0.01,608.69,0.1,35.9,0.11,26.6,0.12,24.6,0.13,28.0,0.14,21.6,0.9,35.9,0.89,26.6,0.88,24.6,0.87,28.0,0.86,21.6,0.95,48.27,0.96,77.7,0.97,89.3,0.98,147.69,0.99,608.69,0.05,0.05,0.09495,1776165494000
1776165496.345,196.345,0.05,48.27,0.04,77.7,0.03,89.3,0.02,147.69,0.01,608.69,0.1,35.9,0.11,26.6,0.12,24.6,0.13,28.0,0.14,21.6,0.9,35.9,0.89,26.6,0.88,24.6,0.87,28.0,0.86,21.6,0.95,48.27,0.96,77.7,0.97,89.3,0.98,147.69,0.99,608.69,0.05,0.05,0.094941,1776165495000
1776165497.847,197.847,0.04,3.86,0.03,89.3,0.02,147.69,0.01,608.69,,,0.07,46.9,0.08,35.29,0.09,31.7,0.1,28.9,0.11,31.6,0.93,46.9,0.92,35.29,0.91,31.7,0.9,28.9,0.89,31.6,0.96,3.86,0.97,89.3,0.98,147.69,0.99,608.69,,,0.03,0.03,0.094935,1776165496000
1776165498.329,198.329,0.02,147.69,0.01,608.69,,,,,,,0.05,21.05,0.06,46.1,0.07,51.9,0.08,35.29,0.09,31.7,0.93,46.9,0.92,35.29,0.91,31.7,0.9,28.9,0.89,31.6,0.96,3.86,0.97,89.3,0.98,147.69,0.99,608.69,,,0.03,0.03,0.094935,1776165496000
1776165498.829,198.829,0.02,96.69,0.01,608.69,,,,,,,0.05,21.05,0.06,46.1,0.07,44.9,0.08,35.29,0.09,31.7,0.95,21.05,0.94,46.1,0.93,51.9,0.92,35.29,0.91,31.7,0.98,147.69,0.99,608.69,,,,,,,0.03,0.03,0.094924,1776165497000
1776165499.204,199.204,0.02,96.69,0.01,608.69,,,,,,,0.05,21.05,0.06,46.1,0.07,44.9,0.08,35.29,0.09,31.7,0.95,21.05,0.94,46.1,0.93,44.9,0.92,35.29,0.91,31.7,0.98,96.69,0.99,608.69,,,,,,,0.03,0.03,0.094924,1776165498000
1776165500.371,200.371,0.02,96.69,0.01,608.69,,,,,,,0.05,21.05,0.06,46.1,0.07,44.9,0.08,35.29,0.09,31.7,0.95,21.05,0.94,46.1,0.93,44.9,0.92,35.29,0.91,31.7,0.98,96.69,0.99,608.69,,,,,,,0.03,0.03,0.094913,1776165499000
1776165501.013,201.013,0.02,96.69,0.01,608.69,,,,,,,0.05,21.05,0.06,46.1,0.07,44.9,0.08,35.29,0.09,31.7,0.95,21.05,0.94,46.1,0.93,44.9,0.92,35.29,0.91,31.7,0.98,96.69,0.99,608.69,,,,,,,0.03,0.03,0.094914,1776165500000
1776165502.354,202.354,0.03,68.68,0.02,96.69,0.01,608.69,,,,,0.05,21.05,0.07,44.9,0.08,35.29,0.09,31.7,0.1,28.9,0.95,21.05,0.93,44.9,0.92,35.29,0.91,31.7,0.9,28.9,0.97,68.68,0.98,96.69,0.99,608.69,,,,,0.02,0.02,0.09494,1776165501000
1776165503.627,203.627,0.03,68.68,0.02,96.69,0.01,608.69,,,,,0.05,21.05,0.07,44.9,0.08,35.29,0.09,31.7,0.1,28.9,0.95,21.05,0.93,44.9,0.92,35.29,0.91,31.7,0.9,28.9,0.97,68.68,0.98,96.69,0.99,608.69,,,,,0.02,0.02,0.094934,1776165502000
1776165504.684,204.684,0.03,68.68,0.02,96.69,0.01,608.69,,,,,0.05,21.05,0.07,44.9,0.08,35.29,0.09,31.7,0.1,28.9,0.95,21.05,0.93,44.9,0.92,35.29,0.91,31.7,0.9,28.9,0.97,68.68,0.98,96.69,0.99,608.69,,,,,0.02,0.02,0.094914,1776165503000
1776165505.788,205.788,0.03,68.68,0.02,96.69,0.01,608.69,,,,,0.05,21.05,0.07,44.9,0.08,35.29,0.09,31.7,0.1,28.9,0.95,21.05,0.93,44.9,0.92,35.29,0.91,31.7,0.9,28.9,0.97,68.68,0.98,96.69,0.99,608.69,,,,,0.02,0.02,0.094914,1776165504000
1776165506.379,206.379,0.03,68.68,0.02,96.69,0.01,608.69,,,,,0.05,21.05,0.07,44.9,0.08,35.29,0.09,31.7,0.1,28.9,0.95,21.05,0.93,44.9,0.92,35.29,0.91,31.7,0.9,28.9,0.97,68.68,0.98,96.69,0.99,608.69,,,,,0.02,0.02,0.094914,1776165505000
1776165507.027,207.027,0.03,68.68,0.02,96.69,0.01,608.69,,,,,0.05,21.05,0.07,44.9,0.08,35.29,0.09,31.7,0.1,28.9,0.95,21.05,0.93,44.9,0.92,35.29,0.91,31.7,0.9,28.9,0.97,68.68,0.98,96.69,0.99,608.69,,,,,0.02,0.02,0.094913,1776165506000
1776165508.176,208.176,0.03,68.68,0.02,96.69,0.01,608.69,,,,,0.05,21.05,0.07,44.9,0.08,35.29,0.09,31.7,0.1,28.9,0.95,21.05,0.93,44.9,0.92,35.29,0.91,31.7,0.9,28.9,0.97,68.68,0.98,96.69,0.99,608.69,,,,,0.02,0.02,0.094914,1776165507000
1776165509.566,209.566,0.03,68.68,0.02,96.69,0.01,608.69,,,,,0.05,21.05,0.07,44.9,0.08,35.29,0.09,31.7,0.1,28.9,0.95,21.05,0.93,44.9,0.92,35.29,0.91,31.7,0.9,28.9,0.97,68.68,0.98,96.69,0.99,608.69,,,,,0.02,0.02,0.094936,1776165508000
1776165510.273,210.273,0.03,68.68,0.02,96.69,0.01,608.69,,,,,0.05,21.05,0.07,44.9,0.08,35.29,0.09,31.7,0.1,28.9,0.95,21.05,0.93,44.9,0.92,35.29,0.91,31.7,0.9,28.9,0.97,68.68,0.98,96.69,0.99,608.69,,,,,0.02,0.02,0.09494,1776165509000
1776165511.546,211.546,0.03,68.68,0.02,96.69,0.01,608.69,,,,,0.05,21.05,0.07,44.9,0.08,35.29,0.09,31.7,0.1,28.9,0.95,21.05,0.93,44.9,0.92,35.29,0.91,31.7,0.9,28.9,0.97,68.68,0.98,96.69,0.99,608.69,,,,,0.02,0.02,0.094937,1776165510000
1776165512.303,212.303,0.03,68.68,0.02,96.69,0.01,608.69,,,,,0.05,21.05,0.07,44.9,0.08,35.29,0.09,31.7,0.1,28.9,0.95,21.05,0.93,44.9,0.92,35.29,0.91,31.7,0.9,28.9,0.97,68.68,0.98,96.69,0.99,608.69,,,,,0.02,0.02,0.094937,1776165511000
1776165513.434,213.434,0.03,68.68,0.02,96.69,0.01,608.69,,,,,0.05,21.05,0.07,44.9,0.08,35.29,0.09,31.7,0.1,28.9,0.95,21.05,0.93,44.9,0.92,35.29,0.91,31.7,0.9,28.9,0.97,68.68,0.98,96.69,0.99,608.69,,,,,0.02,0.02,0.094939,1776165512000
1776165514.107,214.107,0.03,68.68,0.02,96.69,0.01,608.69,,,,,0.05,21.05,0.07,44.9,0.08,35.29,0.09,31.7,0.1,28.9,0.95,21.05,0.93,44.9,0.92,35.29,0.91,31.7,0.9,28.9,0.97,68.68,0.98,96.69,0.99,608.69,,,,,0.02,0.02,0.094938,1776165513000
1776165515.252,215.252,0.03,68.68,0.02,96.69,0.01,608.69,,,,,0.05,21.05,0.07,44.9,0.08,35.29,0.09,31.7,0.1,28.9,0.95,21.05,0.93,44.9,0.92,35.29,0.91,31.7,0.9,28.9,0.97,68.68,0.98,96.69,0.99,608.69,,,,,0.02,0.02,0.094938,1776165514000
1776165516.503,216.503,0.03,68.68,0.02,96.69,0.01,608.69,,,,,0.05,21.05,0.07,44.9,0.08,35.29,0.09,31.7,0.1,28.9,0.95,21.05,0.93,44.9,0.92,35.29,0.91,31.7,0.9,28.9,0.97,68.68,0.98,96.69,0.99,608.69,,,,,0.02,0.02,0.094938,1776165515000
1776165517.072,217.072,0.03,68.68,0.02,96.69,0.01,608.69,,,,,0.05,21.05,0.07,44.9,0.08,35.29,0.09,31.7,0.1,28.9,0.95,21.05,0.93,44.9,0.92,35.29,0.91,31.7,0.9,28.9,0.97,68.68,0.98,96.69,0.99,608.69,,,,,0.02,0.02,0.094939,1776165516000
1776165518.266,218.266,0.03,68.68,0.02,96.69,0.01,608.69,,,,,0.05,21.05,0.07,44.9,0.08,35.29,0.09,31.7,0.1,28.9,0.95,21.05,0.93,44.9,0.92,35.29,0.91,31.7,0.9,28.9,0.97,68.68,0.98,96.69,0.99,608.69,,,,,0.02,0.02,0.094938,1776165517000
1776165518.826,218.826,0.02,36.76,0.01,608.69,,,,,,,0.03,10.0,0.04,67.7,0.05,75.75,0.06,46.1,0.07,39.9,0.95,21.05,0.93,44.9,0.92,35.29,0.91,31.7,0.9,28.9,0.97,68.68,0.98,96.69,0.99,608.69,,,,,0.01,0.02,0.094938,1776165517000
1776165519.532,219.532,0.02,36.76,0.01,608.69,,,,,,,0.03,10.0,0.04,67.7,0.05,75.75,0.06,46.1,0.07,39.9,0.97,10.0,0.96,67.7,0.95,75.75,0.94,46.1,0.93,39.9,0.98,36.76,0.99,608.69,,,,,,,0.01,0.01,0.094938,1776165518000
1776165520.183,220.183,0.02,36.76,0.01,608.69,,,,,,,0.03,10.0,0.04,67.7,0.05,75.75,0.06,46.1,0.07,39.9,0.97,10.0,0.96,67.7,0.95,75.75,0.94,46.1,0.93,39.9,0.98,36.76,0.99,608.69,,,,,,,0.01,0.01,0.094937,1776165519000
1776165520.729,220.729,0.02,24.76,0.01,608.69,,,,,,,0.03,10.0,0.04,67.7,0.05,75.75,0.06,46.1,0.07,39.9,0.97,10.0,0.96,67.7,0.95,75.75,0.94,46.1,0.93,39.9,0.98,36.76,0.99,608.69,,,,,,,0.01,0.01,0.094937,1776165519000
1776165521.048,221.048,0.02,24.76,0.01,608.69,,,,,,,0.03,10.0,0.04,67.7,0.05,75.75,0.06,46.1,0.07,39.9,0.97,10.0,0.96,67.7,0.95,75.75,0.94,46.1,0.93,39.9,0.98,24.76,0.99,608.69,,,,,,,0.01,0.01,0.094937,1776165520000
1776165521.854,221.854,0.01,578.34,,,,,,,,,0.03,10.0,0.04,67.7,0.05,75.75,0.06,46.1,0.07,39.9,0.97,10.0,0.96,67.7,0.95,75.75,0.94,46.1,0.93,39.9,0.98,24.76,0.99,608.69,,,,,,,0.02,0.01,0.094937,1776165520000
1776165522.08,222.08,0.01,578.34,,,,,,,,,0.03,10.0,0.04,67.7,0.05,75.75,0.06,46.1,0.07,39.9,0.97,10.0,0.96,67.7,0.95,75.75,0.94,46.1,0.93,39.9,0.99,578.34,,,,,,,,,0.02,0.02,0.094936,1776165521000
1776165523.012,223.012,0.01,578.34,,,,,,,,,0.03,10.0,0.04,67.7,0.05,75.75,0.06,46.1,0.07,39.9,0.97,10.0,0.96,67.7,0.95,75.75,0.94,46.1,0.93,39.9,0.99,578.34,,,,,,,,,0.02,0.02,0.094931,1776165522000
1776165524.023,224.023,0.01,578.34,,,,,,,,,0.03,10.0,0.04,67.7,0.05,75.75,0.06,46.1,0.07,39.9,0.97,10.0,0.96,67.7,0.95,75.75,0.94,46.1,0.93,39.9,0.99,578.34,,,,,,,,,0.02,0.02,0.094928,1776165523000
1776165524.834,224.834,0.02,97.91,0.01,578.34,,,,,,,0.03,10.0,0.04,67.7,0.05,75.75,0.06,46.1,0.07,39.9,0.97,10.0,0.96,67.7,0.95,75.75,0.94,46.1,0.93,39.9,0.99,578.34,,,,,,,,,0.01,0.02,0.094928,1776165523000
1776165525.932,225.932,0.02,97.91,0.01,578.34,,,,,,,0.03,10.0,0.04,67.7,0.05,75.75,0.06,46.1,0.07,39.9,0.97,10.0,0.96,67.7,0.95,75.75,0.94,46.1,0.93,39.9,0.98,97.91,0.99,578.34,,,,,,,0.01,0.01,0.094928,1776165525000
1776165526.947,226.947,0.02,97.91,0.01,578.34,,,,,,,0.03,10.0,0.04,67.7,0.05,75.75,0.06,46.1,0.07,39.9,0.97,10.0,0.96,67.7,0.95,75.75,0.94,46.1,0.93,39.9,0.98,97.91,0.99,578.34,,,,,,,0.01,0.01,0.09493,1776165526000
1776165527.947,227.947,0.02,97.91,0.01,578.34,,,,,,,0.03,10.0,0.04,67.7,0.05,75.75,0.06,46.1,0.07,39.9,0.97,10.0,0.96,67.7,0.95,75.75,0.94,46.1,0.93,39.9,0.98,97.91,0.99,578.34,,,,,,,0.01,0.01,0.09493,1776165527000
1776165528.881,228.881,0.02,97.91,0.01,578.34,,,,,,,0.03,10.0,0.04,67.7,0.05,75.75,0.06,46.1,0.07,39.9,0.97,10.0,0.96,67.7,0.95,75.75,0.94,46.1,0.93,39.9,0.98,97.91,0.99,578.34,,,,,,,0.01,0.01,0.09493,1776165528000
1776165530.271,230.271,0.02,97.91,0.01,578.34,,,,,,,0.03,10.0,0.04,67.7,0.05,75.75,0.06,46.1,0.07,39.9,0.97,10.0,0.96,67.7,0.95,75.75,0.94,46.1,0.93,39.9,0.98,97.91,0.99,578.34,,,,,,,0.01,0.01,0.094929,1776165529000
1776165531.414,231.414,0.02,97.91,0.01,578.34,,,,,,,0.03,10.0,0.04,67.7,0.05,75.75,0.06,46.1,0.07,39.9,0.97,10.0,0.96,67.7,0.95,75.75,0.94,46.1,0.93,39.9,0.98,97.91,0.99,578.34,,,,,,,0.01,0.01,0.094933,1776165530000
1776165532.26,232.26,0.02,97.91,0.01,578.34,,,,,,,0.03,10.0,0.04,67.7,0.05,75.75,0.06,46.1,0.07,39.9,0.97,10.0,0.96,67.7,0.95,75.75,0.94,46.1,0.93,39.9,0.98,97.91,0.99,578.34,,,,,,,0.01,0.01,0.094933,1776165531000
1776165533.46,233.46,0.01,483.34,,,,,,,,,0.03,10.0,0.04,67.7,0.05,75.75,0.06,46.1,0.07,39.9,0.97,10.0,0.96,67.7,0.95,75.75,0.94,46.1,0.93,39.9,0.98,97.91,0.99,578.34,,,,,,,0.02,0.01,0.094933,1776165531000
1776165534.295,234.295,0.01,483.34,,,,,,,,,0.03,10.0,0.04,67.7,0.05,75.75,0.06,46.1,0.07,39.9,0.97,10.0,0.96,67.7,0.95,75.75,0.94,46.1,0.93,39.9,0.99,483.34,,,,,,,,,0.02,0.02,0.094938,1776165533000
1776165535.554,235.554,0.01,483.34,,,,,,,,,0.03,10.0,0.04,67.7,0.05,75.75,0.06,46.1,0.07,39.9,0.97,10.0,0.96,67.7,0.95,75.75,0.94,46.1,0.93,39.9,0.99,483.34,,,,,,,,,0.02,0.02,0.094931,1776165534000
1776165536.178,236.178,0.01,483.34,,,,,,,,,0.03,10.0,0.04,67.7,0.05,75.75,0.06,46.1,0.07,39.9,0.97,10.0,0.96,67.7,0.95,75.75,0.94,46.1,0.93,39.9,0.99,483.34,,,,,,,,,0.02,0.02,0.094931,1776165535000
1776165537.315,237.315,0.01,483.34,,,,,,,,,0.03,10.0,0.04,67.7,0.05,75.75,0.06,46.1,0.07,39.9,0.97,10.0,0.96,67.7,0.95,75.75,0.94,46.1,0.93,39.9,0.99,483.34,,,,,,,,,0.02,0.02,0.094932,1776165536000
1776165538.473,238.473,0.01,483.34,,,,,,,,,0.03,10.0,0.04,67.7,0.05,75.75,0.06,46.1,0.07,39.9,0.97,10.0,0.96,67.7,0.95,75.75,0.94,46.1,0.93,39.9,0.99,483.34,,,,,,,,,0.02,0.02,0.094928,1776165537000
1776165539.133,239.133,0.01,483.34,,,,,,,,,0.03,10.0,0.04,67.7,0.05,75.75,0.06,46.1,0.07,39.9,0.97,10.0,0.96,67.7,0.95,75.75,0.94,46.1,0.93,39.9,0.99,483.34,,,,,,,,,0.02,0.02,0.094928,1776165538000
1776165540.212,240.212,0.01,483.34,,,,,,,,,0.03,10.0,0.04,67.7,0.05,75.75,0.06,46.1,0.07,39.9,0.97,10.0,0.96,67.7,0.95,75.75,0.94,46.1,0.93,39.9,0.99,483.34,,,,,,,,,0.02,0.02,0.094928,1776165539000
1776165541.024,241.024,0.01,130.64,,,,,,,,,0.03,99.3,0.04,67.7,0.05,75.75,0.06,46.1,0.07,39.9,0.97,10.0,0.96,67.7,0.95,75.75,0.94,46.1,0.93,39.9,0.99,483.34,,,,,,,,,0.02,0.02,0.094928,1776165539000
1776165541.329,241.329,0.01,130.64,,,,,,,,,0.03,99.3,0.04,67.7,0.05,75.75,0.06,46.1,0.07,39.9,0.97,99.3,0.96,67.7,0.95,75.75,0.94,46.1,0.93,39.9,0.99,130.64,,,,,,,,,0.02,0.02,0.094928,1776165540000
1776165541.993,241.993,0.01,388.24,,,,,,,,,0.03,10.0,0.04,67.7,0.05,75.75,0.06,46.1,0.07,39.9,0.97,99.3,0.96,67.7,0.95,75.75,0.94,46.1,0.93,39.9,0.99,130.64,,,,,,,,,0.02,0.02,0.094928,1776165540000
1776165542.435,242.435,0.01,388.24,,,,,,,,,0.03,10.0,0.04,67.7,0.05,75.75,0.06,46.1,0.07,39.9,0.97,10.0,0.96,67.7,0.95,75.75,0.94,46.1,0.93,39.9,0.99,388.24,,,,,,,,,0.02,0.02,0.094928,1776165541000
1776165543.073,243.073,0.01,388.24,,,,,,,,,0.03,10.0,0.04,67.7,0.05,75.75,0.06,46.1,0.07,39.9,0.97,10.0,0.96,67.7,0.95,75.75,0.94,46.1,0.93,39.9,0.99,388.24,,,,,,,,,0.02,0.02,0.094928,1776165542000
1776165543.298,243.298,0.01,383.18,,,,,,,,,0.02,5.09,0.03,99.3,0.04,67.7,0.05,75.75,0.06,46.1,0.97,10.0,0.96,67.7,0.95,75.75,0.94,46.1,0.93,39.9,0.99,388.24,,,,,,,,,0.01,0.02,0.094928,1776165542000
1776165544.01,244.01,0.01,284.07,,,,,,,,,0.03,99.3,0.04,67.7,0.05,75.75,0.06,46.1,0.07,39.9,0.98,5.09,0.97,99.3,0.96,67.7,0.95,75.75,0.94,46.1,0.99,375.26,,,,,,,,,0.02,0.01,0.094928,1776165542000
1776165544.343,244.343,0.01,279.03,,,,,,,,,0.03,99.3,0.04,67.7,0.05,75.75,0.06,46.1,0.07,39.9,0.97,99.3,0.96,67.7,0.95,75.75,0.94,46.1,0.93,39.9,0.99,284.07,,,,,,,,,0.02,0.02,0.09496,1776165543000
1776165545.212,245.212,0.01,279.03,,,,,,,,,0.03,99.3,0.04,67.7,0.05,75.75,0.06,46.1,0.07,39.9,0.97,99.3,0.96,67.7,0.95,75.75,0.94,46.1,0.93,39.9,0.99,279.03,,,,,,,,,0.02,0.02,0.094958,1776165544000
1776165546.441,246.441,0.01,279.03,,,,,,,,,0.03,99.3,0.04,67.7,0.05,75.75,0.06,46.1,0.07,39.9,0.97,99.3,0.96,67.7,0.95,75.75,0.94,46.1,0.93,39.9,0.99,279.03,,,,,,,,,0.02,0.02,0.094958,1776165545000
1776165547.009,247.009,0.01,279.03,,,,,,,,,0.03,99.3,0.04,67.7,0.05,75.75,0.06,46.1,0.07,39.9,0.97,99.3,0.96,67.7,0.95,75.75,0.94,46.1,0.93,39.9,0.99,279.03,,,,,,,,,0.02,0.02,0.094958,1776165546000
1776165548.33,248.33,0.01,274.03,,,,,,,,,0.03,99.3,0.04,67.7,0.05,75.75,0.06,46.1,0.07,39.9,0.97,99.3,0.96,67.7,0.95,75.75,0.94,46.1,0.93,39.9,0.99,279.03,,,,,,,,,0.02,0.02,0.094958,1776165546000
1776165548.667,248.667,0.01,274.03,,,,,,,,,0.03,99.3,0.04,67.7,0.05,75.75,0.06,46.1,0.07,39.9,0.97,99.3,0.96,67.7,0.95,75.75,0.94,46.1,0.93,39.9,0.99,274.03,,,,,,,,,0.02,0.02,0.09495,1776165547000
1776165549.201,249.201,0.01,274.03,,,,,,,,,0.03,99.3,0.04,67.7,0.05,75.75,0.06,46.1,0.07,39.9,0.97,99.3,0.96,67.7,0.95,75.75,0.94,46.1,0.93,39.9,0.99,274.03,,,,,,,,,0.02,0.02,0.094969,1776165548000
1776165549.418,249.418,0.01,268.98,,,,,,,,,0.02,132.69,0.03,99.3,0.04,67.7,0.05,75.75,0.06,46.1,0.97,99.3,0.96,67.7,0.95,75.75,0.94,46.1,0.93,39.9,0.99,274.03,,,,,,,,,0.01,0.02,0.094969,1776165548000
1776165550.068,250.068,0.01,258.88,,,,,,,,,0.02,132.69,0.03,99.3,0.04,67.7,0.05,75.75,0.06,46.1,0.98,132.69,0.97,99.3,0.96,67.7,0.95,75.75,0.94,46.1,0.99,258.88,,,,,,,,,0.01,0.01,0.094973,1776165549000
1776165551.086,251.086,0.01,258.88,,,,,,,,,0.02,132.69,0.03,99.3,0.04,67.7,0.05,75.75,0.06,46.1,0.98,132.69,0.97,99.3,0.96,67.7,0.95,75.75,0.94,46.1,0.99,258.88,,,,,,,,,0.01,0.01,0.094964,1776165550000
1776165551.968,251.968,0.01,258.88,,,,,,,,,0.02,132.69,0.03,99.3,0.04,67.7,0.05,75.75,0.06,46.1,0.98,132.69,0.97,99.3,0.96,67.7,0.95,75.75,0.94,46.1,0.99,258.88,,,,,,,,,0.01,0.01,0.094957,1776165551000
1776165553.012,253.012,0.01,258.88,,,,,,,,,0.02,132.69,0.03,99.3,0.04,67.7,0.05,75.75,0.06,46.1,0.98,132.69,0.97,99.3,0.96,67.7,0.95,75.75,0.94,46.1,0.99,258.88,,,,,,,,,0.01,0.01,0.094953,1776165552000
1776165553.644,253.644,,,,,,,,,,,0.02,126.87,0.03,99.3,0.04,67.7,0.05,75.75,0.06,46.1,0.98,132.69,0.97,99.3,0.96,67.7,0.95,75.75,0.94,46.1,0.99,258.88,,,,,,,,,,0.01,0.094953,1776165552000
1776165553.867,253.867,,,,,,,,,,,0.02,126.87,0.03,99.3,0.04,67.7,0.05,75.75,0.06,46.1,0.98,126.87,0.97,99.3,0.96,67.7,0.95,75.75,0.94,46.1,,,,,,,,,,,,,0.094953,1776165553000
1776165554.908,254.908,,,,,,,,,,,0.02,126.87,0.03,99.3,0.04,67.7,0.05,75.75,0.06,46.1,0.98,126.87,0.97,99.3,0.96,67.7,0.95,75.75,0.94,46.1,,,,,,,,,,,,,0.094955,1776165554000
1776165555.551,255.551,0.01,250.6,,,,,,,,,0.03,99.3,0.04,67.7,0.05,75.75,0.06,46.1,0.07,39.9,0.98,126.87,0.97,99.3,0.96,67.7,0.95,75.75,0.94,46.1,,,,,,,,,,,0.02,,0.094955,1776165554000
1776165555.845,255.845,0.01,250.6,,,,,,,,,0.03,99.3,0.04,67.7,0.05,75.75,0.06,46.1,0.07,39.9,0.97,99.3,0.96,67.7,0.95,75.75,0.94,46.1,0.93,39.9,0.99,250.6,,,,,,,,,0.02,0.02,0.094956,1776165555000
1776165556.229,256.229,0.01,242.68,,,,,,,,,0.03,99.3,0.04,67.7,0.05,75.75,0.06,46.1,0.07,39.9,0.97,99.3,0.96,67.7,0.95,75.75,0.94,46.1,0.93,39.9,0.99,250.6,,,,,,,,,0.02,0.02,0.094956,1776165555000
1776165556.914,256.914,0.01,242.68,,,,,,,,,0.03,99.3,0.04,67.7,0.05,75.75,0.06,46.1,0.07,39.9,0.97,99.3,0.96,67.7,0.95,75.75,0.94,46.1,0.93,39.9,0.99,242.68,,,,,,,,,0.02,0.02,0.094974,1776165556000
1776165557.447,257.447,0.01,239.68,,,,,,,,,0.02,132.69,0.03,99.3,0.04,67.7,0.05,75.75,0.06,46.1,0.97,99.3,0.96,67.7,0.95,75.75,0.94,46.1,0.93,39.9,0.99,242.68,,,,,,,,,0.01,0.02,0.094974,1776165556000
1776165557.879,257.879,0.01,239.68,,,,,,,,,0.02,132.69,0.03,99.3,0.04,67.7,0.05,75.75,0.06,46.1,0.98,132.69,0.97,99.3,0.96,67.7,0.95,75.75,0.94,46.1,0.99,239.68,,,,,,,,,0.01,0.01,0.094975,1776165557000
1776165559.23,259.23,0.01,239.68,,,,,,,,,0.02,132.69,0.03,99.3,0.04,67.7,0.05,75.75,0.06,46.1,0.98,132.69,0.97,99.3,0.96,67.7,0.95,75.75,0.94,46.1,0.99,239.68,,,,,,,,,0.01,0.01,0.094975,1776165558000
1776165560.293,260.293,0.01,239.68,,,,,,,,,0.02,132.69,0.03,99.3,0.04,67.7,0.05,75.75,0.06,46.1,0.98,132.69,0.97,99.3,0.96,67.7,0.95,75.75,0.94,46.1,0.99,239.68,,,,,,,,,0.01,0.01,0.094974,1776165559000
1776165560.994,260.994,0.002,42.01,0.001,440.0,,,,,,,0.01,307.62,0.02,132.69,0.03,99.3,0.04,67.7,0.05,75.75,0.98,132.69,0.97,99.3,0.96,67.7,0.95,75.75,0.94,46.1,0.99,239.68,,,,,,,,,0.008,0.01,0.094974,1776165559000
1776165561.205,261.205,0.002,42.01,0.001,440.0,,,,,,,0.01,307.62,0.02,132.69,0.03,99.3,0.04,67.7,0.05,75.75,0.99,307.62,0.98,132.69,0.97,99.3,0.96,67.7,0.95,75.75,0.998,42.01,0.999,440.0,,,,,,,0.008,0.008,0.094974,1776165560000
1776165562.49,262.49,0.002,42.01,0.001,440.0,,,,,,,0.01,307.62,0.02,132.69,0.03,99.3,0.04,67.7,0.05,75.75,0.99,307.62,0.98,132.69,0.97,99.3,0.96,67.7,0.95,75.75,0.998,42.01,0.999,440.0,,,,,,,0.008,0.008,0.094974,1776165561000
1776165563.079,263.079,0.002,42.01,0.001,440.0,,,,,,,0.01,307.62,0.02,132.69,0.03,99.3,0.04,67.7,0.05,75.75,0.99,307.62,0.98,132.69,0.97,99.3,0.96,67.7,0.95,75.75,0.998,42.01,0.999,440.0,,,,,,,0.008,0.008,0.094973,1776165562000
1776165564.244,264.244,0.002,42.01,0.001,440.0,,,,,,,0.01,307.62,0.02,132.69,0.03,99.3,0.04,67.7,0.05,75.75,0.99,307.62,0.98,132.69,0.97,99.3,0.96,67.7,0.95,75.75,0.998,42.01,0.999,440.0,,,,,,,0.008,0.008,0.09496,1776165563000
1776165564.488,264.488,0.002,41.0,0.001,440.0,,,,,,,0.003,25.07,0.01,307.62,0.02,132.69,0.03,99.3,0.04,67.7,0.99,307.62,0.98,132.69,0.97,99.3,0.96,67.7,0.95,75.75,0.998,42.01,0.999,440.0,,,,,,,0.001,0.008,0.09496,1776165563000
1776165565.624,265.624,0.002,41.0,0.001,440.0,,,,,,,0.003,25.07,0.01,307.62,0.02,132.69,0.03,99.3,0.04,67.7,0.997,25.07,0.99,307.62,0.98,132.69,0.97,99.3,0.96,67.7,0.998,41.0,0.999,440.0,,,,,,,0.001,0.001,0.094961,1776165564000
1776165566.308,266.308,0.002,41.0,0.001,440.0,,,,,,,0.003,25.07,0.01,307.62,0.02,132.69,0.03,99.3,0.04,67.7,0.997,25.07,0.99,307.62,0.98,132.69,0.97,99.3,0.96,67.7,0.998,41.0,0.999,440.0,,,,,,,0.001,0.001,0.094961,1776165565000
1776165566.545,266.545,0.002,34.02,0.001,440.0,,,,,,,0.003,25.07,0.01,307.62,0.02,132.69,0.03,99.3,0.04,67.7,0.997,25.07,0.99,307.62,0.98,132.69,0.97,99.3,0.96,67.7,0.998,41.0,0.999,440.0,,,,,,,0.001,0.001,0.094961,1776165565000
1776165567.493,267.493,0.002,34.02,0.001,440.0,,,,,,,0.003,25.07,0.01,307.62,0.02,132.69,0.03,99.3,0.04,67.7,0.997,25.07,0.99,307.62,0.98,132.69,0.97,99.3,0.96,67.7,0.998,34.02,0.999,440.0,,,,,,,0.001,0.001,0.094961,1776165566000
1776165568.167,268.167,0.001,428.0,,,,,,,,,0.003,25.07,0.01,307.62,0.02,132.69,0.03,99.3,0.04,67.7,0.997,25.07,0.99,307.62,0.98,132.69,0.97,99.3,0.96,67.7,0.998,34.02,0.999,440.0,,,,,,,0.002,0.001,0.094961,1776165566000
1776165569.256,269.256,0.001,428.0,,,,,,,,,0.003,25.07,0.01,307.62,0.02,132.69,0.03,99.3,0.04,67.7,0.997,25.07,0.99,307.62,0.98,132.69,0.97,99.3,0.96,67.7,0.999,428.0,,,,,,,,,0.002,0.002,0.09496,1776165568000
1776165570.58,270.58,0.001,428.0,,,,,,,,,0.003,25.07,0.01,307.62,0.02,132.69,0.03,99.3,0.04,67.7,0.997,25.07,0.99,307.62,0.98,132.69,0.97,99.3,0.96,67.7,0.999,428.0,,,,,,,,,0.002,0.002,0.094961,1776165569000
1776165571.076,271.076,0.001,428.0,,,,,,,,,0.003,25.07,0.01,307.62,0.02,132.69,0.03,99.3,0.04,67.7,0.997,25.07,0.99,307.62,0.98,132.69,0.97,99.3,0.96,67.7,0.999,428.0,,,,,,,,,0.002,0.002,0.094961,1776165570000
1776165572.244,272.244,0.001,416.0,,,,,,,,,0.003,25.07,0.01,373.12,0.02,132.69,0.03,99.3,0.04,67.7,0.997,25.07,0.99,373.12,0.98,132.69,0.97,99.3,0.96,67.7,0.999,416.0,,,,,,,,,0.002,0.002,0.094961,1776165571000
1776165573.38,273.38,0.001,410.01,,,,,,,,,0.003,25.07,0.01,373.12,0.02,132.69,0.03,99.3,0.04,67.7,0.997,25.07,0.99,373.12,0.98,132.69,0.97,99.3,0.96,67.7,0.999,416.0,,,,,,,,,0.002,0.002,0.094961,1776165571000
1776165573.926,273.926,0.001,410.01,,,,,,,,,0.003,25.07,0.01,373.12,0.02,132.69,0.03,99.3,0.04,67.7,0.997,25.07,0.99,373.12,0.98,132.69,0.97,99.3,0.96,67.7,0.999,410.01,,,,,,,,,0.002,0.002,0.094961,1776165573000
1776165575.074,275.074,0.001,410.01,,,,,,,,,0.003,25.07,0.01,373.12,0.02,132.69,0.03,99.3,0.04,67.7,0.997,25.07,0.99,373.12,0.98,132.69,0.97,99.3,0.96,67.7,0.999,410.01,,,,,,,,,0.002,0.002,0.094961,1776165574000
1776165575.331,275.331,0.001,404.02,,,,,,,,,0.003,25.07,0.009,15.97,0.01,110.52,0.03,10.0,0.05,21.05,0.997,25.07,0.99,373.12,0.98,132.69,0.97,99.3,0.96,67.7,0.999,410.01,,,,,,,,,0.002,0.002,0.094961,1776165574000
1776165576.681,276.681,0.001,404.02,,,,,,,,,0.003,25.07,0.009,15.97,0.01,110.52,0.03,10.0,0.05,21.05,0.997,25.07,0.991,15.97,0.99,110.52,0.97,10.0,0.95,21.05,0.999,404.02,,,,,,,,,0.002,0.002,0.094961,1776165575000
1776165577.306,277.306,0.001,404.02,,,,,,,,,0.003,25.07,0.009,15.97,0.01,110.52,0.03,10.0,0.05,21.05,0.997,25.07,0.991,15.97,0.99,110.52,0.97,10.0,0.95,21.05,0.999,404.02,,,,,,,,,0.002,0.002,0.094961,1776165576000
1776165578.357,278.357,0.001,398.03,,,,,,,,,0.003,25.07,0.009,15.97,0.01,110.52,0.03,10.0,0.05,21.05,0.997,25.07,0.991,15.97,0.99,110.52,0.97,10.0,0.95,21.05,0.999,398.03,,,,,,,,,0.002,0.002,0.094961,1776165577000
1776165578.874,278.874,0.001,398.03,,,,,,,,,0.003,25.07,0.009,15.97,0.01,110.52,0.03,10.0,0.05,21.05,0.997,25.07,0.991,15.97,0.99,110.52,0.97,10.0,0.95,21.05,0.999,398.03,,,,,,,,,0.002,0.002,0.094961,1776165578000
1776165579.974,279.974,0.001,398.03,,,,,,,,,0.003,25.07,0.009,15.97,0.01,110.52,0.03,10.0,0.05,21.05,0.997,25.07,0.991,15.97,0.99,110.52,0.97,10.0,0.95,21.05,0.999,398.03,,,,,,,,,0.002,0.002,0.094963,1776165579000
1776165581.127,281.127,0.001,386.03,,,,,,,,,0.003,25.07,0.009,15.97,0.01,110.52,0.03,10.0,0.05,21.05,0.997,25.07,0.991,15.97,0.99,110.52,0.97,10.0,0.95,21.05,0.999,398.03,,,,,,,,,0.002,0.002,0.094963,1776165579000
1776165582.28,282.28,0.001,386.03,,,,,,,,,0.003,25.07,0.009,15.97,0.01,110.52,0.03,10.0,0.05,21.05,0.997,25.07,0.991,15.97,0.99,110.52,0.97,10.0,0.95,21.05,0.999,386.03,,,,,,,,,0.002,0.002,0.094969,1776165581000
1776165583.306,283.306,0.001,386.03,,,,,,,,,0.003,25.07,0.009,15.97,0.01,110.52,0.03,10.0,0.05,21.05,0.997,25.07,0.991,15.97,0.99,110.52,0.97,10.0,0.95,21.05,0.999,386.03,,,,,,,,,0.002,0.002,0.094969,1776165582000
1776165584.425,284.425,0.001,386.03,,,,,,,,,0.003,25.07,0.009,15.97,0.01,110.52,0.03,10.0,0.05,21.05,0.997,25.07,0.991,15.97,0.99,110.52,0.97,10.0,0.95,21.05,0.999,386.03,,,,,,,,,0.002,0.002,0.094969,1776165583000
1776165584.966,284.966,0.001,374.03,,,,,,,,,0.003,25.07,0.009,15.97,0.01,125.52,0.03,10.0,0.04,10.0,0.997,25.07,0.991,15.97,0.99,110.52,0.97,10.0,0.95,21.05,0.999,386.03,,,,,,,,,0.002,0.002,0.094969,1776165583000
1776165585.474,285.474,0.001,369.03,,,,,,,,,0.003,25.07,0.009,15.97,0.01,125.52,0.03,10.0,0.038,10.0,0.997,25.07,0.991,15.97,0.99,125.52,0.97,10.0,0.96,10.0,0.999,374.03,,,,,,,,,0.002,0.002,0.094969,1776165584000
1776165585.797,285.797,0.001,363.04,,,,,,,,,0.003,25.07,0.01,125.52,0.03,10.0,0.035,10.0,0.05,21.05,0.997,25.07,0.991,15.97,0.99,125.52,0.97,10.0,0.962,10.0,0.999,369.03,,,,,,,,,0.002,0.002,0.094969,1776165584000
1776165586.134,286.134,,,,,,,,,,,0.001,844.97,0.003,25.07,0.01,125.52,0.03,10.0,0.05,21.05,0.999,844.97,0.997,25.07,0.99,125.52,0.97,10.0,0.95,21.05,,,,,,,,,,,,,0.094969,1776165585000
1776165587.331,287.331,,,,,,,,,,,0.001,844.97,0.003,25.07,0.01,125.52,0.03,10.0,0.05,21.05,0.999,844.97,0.997,25.07,0.99,125.52,0.97,10.0,0.95,21.05,,,,,,,,,,,,,0.094969,1776165586000
1776165588.428,288.428,,,,,,,,,,,0.001,844.97,0.003,25.07,0.01,125.52,0.03,10.0,0.05,21.05,0.999,844.97,0.997,25.07,0.99,125.52,0.97,10.0,0.95,21.05,,,,,,,,,,,,,0.094961,1776165587000
1776165588.972,288.972,,,,,,,,,,,0.001,844.97,0.003,25.07,0.01,125.52,0.03,10.0,0.05,21.05,0.999,844.97,0.997,25.07,0.99,125.52,0.97,10.0,0.95,21.05,,,,,,,,,,,,,0.094959,1776165588000
1776165590.143,290.143,,,,,,,,,,,0.001,844.97,0.003,25.07,0.01,125.52,0.03,10.0,0.05,21.05,0.999,844.97,0.997,25.07,0.99,125.52,0.97,10.0,0.95,21.05,,,,,,,,,,,,,0.094959,1776165589000
1776165591.013,291.013,,,,,,,,,,,0.001,844.97,0.003,25.07,0.01,125.52,0.03,10.0,0.05,21.05,0.999,844.97,0.997,25.07,0.99,125.52,0.97,10.0,0.95,21.05,,,,,,,,,,,,,0.094959,1776165590000
1776165591.997,291.997,,,,,,,,,,,0.001,844.97,0.003,25.07,0.01,125.52,0.03,10.0,0.05,21.05,0.999,844.97,0.997,25.07,0.99,125.52,0.97,10.0,0.95,21.05,,,,,,,,,,,,,0.094959,1776165591000
1776165592.921,292.921,,,,,,,,,,,0.001,844.97,0.003,25.07,0.01,125.52,0.03,10.0,0.05,21.05,0.999,844.97,0.997,25.07,0.99,125.52,0.97,10.0,0.95,21.05,,,,,,,,,,,,,0.094958,1776165592000
1776165594.021,294.021,,,,,,,,,,,0.001,844.97,0.003,25.07,0.01,125.52,0.03,10.0,0.05,21.05,0.999,844.97,0.997,25.07,0.99,125.52,0.97,10.0,0.95,21.05,,,,,,,,,,,,,0.094958,1776165593000
1776165594.92,294.92,,,,,,,,,,,0.001,844.97,0.003,25.07,0.01,125.52,0.03,10.0,0.05,21.05,0.999,844.97,0.997,25.07,0.99,125.52,0.97,10.0,0.95,21.05,,,,,,,,,,,,,0.094959,1776165594000
1776165596.007,296.007,,,,,,,,,,,0.001,844.97,0.003,25.07,0.01,125.52,0.03,10.0,0.05,21.05,0.999,844.97,0.997,25.07,0.99,125.52,0.97,10.0,0.95,21.05,,,,,,,,,,,,,0.094959,1776165595000
1776165597.017,297.017,,,,,,,,,,,0.001,844.97,0.003,25.07,0.01,125.52,0.03,10.0,0.05,21.05,0.999,844.97,0.997,25.07,0.99,125.52,0.97,10.0,0.95,21.05,,,,,,,,,,,,,0.094959,1776165596000
1776165597.917,297.917,,,,,,,,,,,0.001,844.97,0.003,25.07,0.01,125.52,0.03,10.0,0.05,21.05,0.999,844.97,0.997,25.07,0.99,125.52,0.97,10.0,0.95,21.05,,,,,,,,,,,,,0.094959,1776165597000
1776165598.835,298.835,,,,,,,,,,,0.001,844.97,0.003,25.07,0.01,125.52,0.03,10.0,0.05,21.05,0.999,844.97,0.997,25.07,0.99,125.52,0.97,10.0,0.95,21.05,,,,,,,,,,,,,0.094959,1776165598000
1776165600.289,300.289,,,,,,,,,,,0.001,844.97,0.003,25.07,0.01,125.52,0.03,10.0,0.05,21.05,0.999,844.97,0.997,25.07,0.99,125.52,0.97,10.0,0.95,21.05,,,,,,,,,,,,,0.094954,1776165599000
1776165601.24,301.24,,,,,,,,,,,0.001,844.97,0.003,25.07,0.01,125.52,0.03,10.0,0.05,21.05,0.999,844.97,0.997,25.07,0.99,125.52,0.97,10.0,0.95,21.05,,,,,,,,,,,,,0.094954,1776165600000
1776165602.189,302.189,,,,,,,,,,,0.001,844.97,0.003,25.07,0.01,125.52,0.03,10.0,0.05,21.05,0.999,844.97,0.997,25.07,0.99,125.52,0.97,10.0,0.95,21.05,,,,,,,,,,,,,0.09495,1776165601000

# RESULT,winner=Down,slug=doge-updown-5m-1776165300,ticks=343
