timestamp,elapsed_sec,up_bid_p1,up_bid_s1,up_bid_p2,up_bid_s2,up_bid_p3,up_bid_s3,up_bid_p4,up_bid_s4,up_bid_p5,up_bid_s5,up_ask_p1,up_ask_s1,up_ask_p2,up_ask_s2,up_ask_p3,up_ask_s3,up_ask_p4,up_ask_s4,up_ask_p5,up_ask_s5,down_bid_p1,down_bid_s1,down_bid_p2,down_bid_s2,down_bid_p3,down_bid_s3,down_bid_p4,down_bid_s4,down_bid_p5,down_bid_s5,down_ask_p1,down_ask_s1,down_ask_p2,down_ask_s2,down_ask_p3,down_ask_s3,down_ask_p4,down_ask_s4,down_ask_p5,down_ask_s5,up_spread,down_spread,doge_price,doge_oracle_ts
1776167100.885,0.885,0.41,13.0,0.4,8.0,0.39,8.0,0.38,8.0,0.37,189.0,0.59,13.0,0.6,8.0,0.61,8.0,0.62,8.0,0.63,189.0,0.41,13.0,0.4,8.0,0.39,8.0,0.38,8.0,0.37,189.0,0.59,13.0,0.6,8.0,0.61,8.0,0.62,8.0,0.63,189.0,0.18,0.18,0.094571,1776167100000
1776167102.005,2.005,0.41,13.0,0.4,8.0,0.39,8.0,0.38,8.0,0.37,189.0,0.59,13.0,0.6,8.0,0.61,8.0,0.62,8.0,0.63,189.0,0.41,13.0,0.4,8.0,0.39,8.0,0.38,8.0,0.37,189.0,0.59,13.0,0.6,8.0,0.61,8.0,0.62,8.0,0.63,189.0,0.18,0.18,0.094571,1776167101000
1776167102.971,2.971,0.41,13.0,0.4,8.0,0.39,8.0,0.38,8.0,0.37,189.0,0.59,13.0,0.6,8.0,0.61,8.0,0.62,8.0,0.63,189.0,0.41,13.0,0.4,8.0,0.39,8.0,0.38,8.0,0.37,189.0,0.59,13.0,0.6,8.0,0.61,8.0,0.62,8.0,0.63,189.0,0.18,0.18,0.094572,1776167102000
1776167103.939,3.939,0.41,13.0,0.4,8.0,0.39,8.0,0.38,8.0,0.37,189.0,0.59,13.0,0.6,8.0,0.61,8.0,0.62,8.0,0.63,189.0,0.41,13.0,0.4,8.0,0.39,8.0,0.38,8.0,0.37,189.0,0.59,13.0,0.6,8.0,0.61,8.0,0.62,8.0,0.63,189.0,0.18,0.18,0.094572,1776167103000
1776167105.334,5.334,0.41,13.0,0.4,8.0,0.39,8.0,0.38,8.0,0.37,189.0,0.59,13.0,0.6,8.0,0.61,8.0,0.62,8.0,0.63,189.0,0.41,13.0,0.4,8.0,0.39,8.0,0.38,8.0,0.37,189.0,0.59,13.0,0.6,8.0,0.61,8.0,0.62,8.0,0.63,189.0,0.18,0.18,0.094579,1776167104000
1776167106.207,6.207,0.41,13.0,0.4,8.0,0.39,8.0,0.38,8.0,0.37,189.0,0.59,13.0,0.6,8.0,0.61,8.0,0.62,8.0,0.63,189.0,0.41,13.0,0.4,8.0,0.39,8.0,0.38,8.0,0.37,189.0,0.59,13.0,0.6,8.0,0.61,8.0,0.62,8.0,0.63,189.0,0.18,0.18,0.094581,1776167105000
1776167107.244,7.244,0.41,13.0,0.4,8.0,0.39,8.0,0.38,8.0,0.37,189.0,0.59,13.0,0.6,8.0,0.61,8.0,0.62,8.0,0.63,189.0,0.41,13.0,0.4,8.0,0.39,8.0,0.38,8.0,0.37,189.0,0.59,13.0,0.6,8.0,0.61,8.0,0.62,8.0,0.63,189.0,0.18,0.18,0.09458,1776167106000
1776167108.194,8.194,0.41,13.0,0.4,8.0,0.39,8.0,0.38,8.0,0.37,189.0,0.59,13.0,0.6,8.0,0.61,8.0,0.62,8.0,0.63,189.0,0.41,13.0,0.4,8.0,0.39,8.0,0.38,8.0,0.37,189.0,0.59,13.0,0.6,8.0,0.61,8.0,0.62,8.0,0.63,189.0,0.18,0.18,0.09458,1776167107000
1776167109.161,9.161,0.41,13.0,0.4,8.0,0.39,8.0,0.38,8.0,0.37,189.0,0.59,13.0,0.6,8.0,0.61,8.0,0.62,8.0,0.63,189.0,0.41,13.0,0.4,8.0,0.39,8.0,0.38,8.0,0.37,189.0,0.59,13.0,0.6,8.0,0.61,8.0,0.62,8.0,0.63,189.0,0.18,0.18,0.09458,1776167108000
1776167110.137,10.137,0.41,13.0,0.4,8.0,0.39,8.0,0.38,8.0,0.37,189.0,0.59,13.0,0.6,8.0,0.61,8.0,0.62,8.0,0.63,189.0,0.41,13.0,0.4,8.0,0.39,8.0,0.38,8.0,0.37,189.0,0.59,13.0,0.6,8.0,0.61,8.0,0.62,8.0,0.63,189.0,0.18,0.18,0.09458,1776167109000
1776167111.135,11.135,0.41,13.0,0.4,8.0,0.39,8.0,0.38,8.0,0.37,189.0,0.59,13.0,0.6,8.0,0.61,8.0,0.62,8.0,0.63,189.0,0.41,13.0,0.4,8.0,0.39,8.0,0.38,8.0,0.37,189.0,0.59,13.0,0.6,8.0,0.61,8.0,0.62,8.0,0.63,189.0,0.18,0.18,0.09458,1776167110000
1776167112.118,12.118,0.41,13.0,0.4,8.0,0.39,8.0,0.38,8.0,0.37,189.0,0.59,13.0,0.6,8.0,0.61,8.0,0.62,8.0,0.63,189.0,0.41,13.0,0.4,8.0,0.39,8.0,0.38,8.0,0.37,189.0,0.59,13.0,0.6,8.0,0.61,8.0,0.62,8.0,0.63,189.0,0.18,0.18,0.094581,1776167111000
1776167113.223,13.223,0.41,13.0,0.4,8.0,0.39,8.0,0.38,8.0,0.37,189.0,0.59,13.0,0.6,8.0,0.61,8.0,0.62,8.0,0.63,189.0,0.41,13.0,0.4,8.0,0.39,8.0,0.38,8.0,0.37,189.0,0.59,13.0,0.6,8.0,0.61,8.0,0.62,8.0,0.63,189.0,0.18,0.18,0.094581,1776167112000
1776167114.687,14.687,0.41,13.0,0.4,8.0,0.39,8.0,0.38,8.0,0.37,189.0,0.59,13.0,0.6,8.0,0.61,8.0,0.62,8.0,0.63,189.0,0.41,13.0,0.4,8.0,0.39,8.0,0.38,8.0,0.37,189.0,0.59,13.0,0.6,8.0,0.61,8.0,0.62,8.0,0.63,189.0,0.18,0.18,0.094595,1776167113000
1776167115.209,15.209,0.41,13.0,0.4,8.0,0.39,8.0,0.38,8.0,0.37,189.0,0.59,13.0,0.6,8.0,0.61,8.0,0.62,8.0,0.63,189.0,0.41,13.0,0.4,8.0,0.39,8.0,0.38,8.0,0.37,189.0,0.59,13.0,0.6,8.0,0.61,8.0,0.62,8.0,0.63,189.0,0.18,0.18,0.094598,1776167114000
1776167116.498,16.498,0.41,13.0,0.4,8.0,0.39,8.0,0.38,8.0,0.37,189.0,0.59,13.0,0.6,8.0,0.61,8.0,0.62,8.0,0.63,189.0,0.41,13.0,0.4,8.0,0.39,8.0,0.38,8.0,0.37,189.0,0.59,13.0,0.6,8.0,0.61,8.0,0.62,8.0,0.63,189.0,0.18,0.18,0.094599,1776167115000
1776167117.012,17.012,0.41,13.0,0.4,8.0,0.39,8.0,0.38,8.0,0.37,189.0,0.59,13.0,0.6,8.0,0.61,8.0,0.62,8.0,0.63,189.0,0.41,13.0,0.4,8.0,0.39,8.0,0.38,8.0,0.37,189.0,0.59,13.0,0.6,8.0,0.61,8.0,0.62,8.0,0.63,189.0,0.18,0.18,0.094598,1776167116000
1776167118.234,18.234,0.41,13.0,0.4,8.0,0.39,8.0,0.38,8.0,0.37,189.0,0.59,13.0,0.6,8.0,0.61,8.0,0.62,8.0,0.63,189.0,0.41,13.0,0.4,8.0,0.39,8.0,0.38,8.0,0.37,189.0,0.59,13.0,0.6,8.0,0.61,8.0,0.62,8.0,0.63,189.0,0.18,0.18,0.09458,1776167117000
1776167119.36,19.36,0.41,13.0,0.4,8.0,0.39,8.0,0.38,8.0,0.37,189.0,0.59,13.0,0.6,8.0,0.61,8.0,0.62,8.0,0.63,189.0,0.41,13.0,0.4,8.0,0.39,8.0,0.38,8.0,0.37,189.0,0.59,13.0,0.6,8.0,0.61,8.0,0.62,8.0,0.63,189.0,0.18,0.18,0.09458,1776167118000
1776167120.413,20.413,0.41,13.0,0.4,8.0,0.39,8.0,0.38,8.0,0.37,189.0,0.59,13.0,0.6,8.0,0.61,8.0,0.62,8.0,0.63,189.0,0.41,13.0,0.4,8.0,0.39,8.0,0.38,8.0,0.37,189.0,0.59,13.0,0.6,8.0,0.61,8.0,0.62,8.0,0.63,189.0,0.18,0.18,0.09458,1776167119000
1776167121.002,21.002,0.41,13.0,0.4,8.0,0.39,8.0,0.38,8.0,0.37,189.0,0.59,13.0,0.6,8.0,0.61,8.0,0.62,8.0,0.63,189.0,0.41,13.0,0.4,8.0,0.39,8.0,0.38,8.0,0.37,189.0,0.59,13.0,0.6,8.0,0.61,8.0,0.62,8.0,0.63,189.0,0.18,0.18,0.09458,1776167120000
1776167122.092,22.092,0.41,13.0,0.4,8.0,0.39,8.0,0.38,8.0,0.37,189.0,0.59,13.0,0.6,8.0,0.61,8.0,0.62,8.0,0.63,189.0,0.41,13.0,0.4,8.0,0.39,8.0,0.38,8.0,0.37,189.0,0.59,13.0,0.6,8.0,0.61,8.0,0.62,8.0,0.63,189.0,0.18,0.18,0.094579,1776167121000
1776167123.176,23.176,0.41,13.0,0.4,8.0,0.39,8.0,0.38,8.0,0.37,189.0,0.59,13.0,0.6,8.0,0.61,8.0,0.62,8.0,0.63,189.0,0.41,13.0,0.4,8.0,0.39,8.0,0.38,8.0,0.37,189.0,0.59,13.0,0.6,8.0,0.61,8.0,0.62,8.0,0.63,189.0,0.18,0.18,0.094579,1776167122000
1776167124.294,24.294,0.41,13.0,0.4,8.0,0.39,8.0,0.38,8.0,0.37,189.0,0.59,13.0,0.6,8.0,0.61,8.0,0.62,8.0,0.63,189.0,0.41,13.0,0.4,8.0,0.39,8.0,0.38,8.0,0.37,189.0,0.59,13.0,0.6,8.0,0.61,8.0,0.62,8.0,0.63,189.0,0.18,0.18,0.094576,1776167123000
1776167125.341,25.341,0.41,13.0,0.4,8.0,0.39,8.0,0.38,8.0,0.37,189.0,0.59,13.0,0.6,8.0,0.61,8.0,0.62,8.0,0.63,189.0,0.41,13.0,0.4,8.0,0.39,8.0,0.38,8.0,0.37,189.0,0.59,13.0,0.6,8.0,0.61,8.0,0.62,8.0,0.63,189.0,0.18,0.18,0.094577,1776167124000
1776167126.46,26.46,0.41,13.0,0.4,8.0,0.39,8.0,0.38,8.0,0.37,189.0,0.59,13.0,0.6,8.0,0.61,8.0,0.62,8.0,0.63,189.0,0.41,13.0,0.4,8.0,0.39,8.0,0.38,8.0,0.37,189.0,0.59,13.0,0.6,8.0,0.61,8.0,0.62,8.0,0.63,189.0,0.18,0.18,0.094591,1776167125000
1776167126.957,26.957,0.41,13.0,0.4,8.0,0.39,8.0,0.38,8.0,0.37,189.0,0.59,13.0,0.6,8.0,0.61,8.0,0.62,8.0,0.63,189.0,0.41,13.0,0.4,8.0,0.39,8.0,0.38,8.0,0.37,189.0,0.59,13.0,0.6,8.0,0.61,8.0,0.62,8.0,0.63,189.0,0.18,0.18,0.094591,1776167126000
1776167128.114,28.114,0.41,13.0,0.4,8.0,0.39,8.0,0.38,8.0,0.37,189.0,0.59,13.0,0.6,8.0,0.61,8.0,0.62,8.0,0.63,189.0,0.41,13.0,0.4,8.0,0.39,8.0,0.38,8.0,0.37,189.0,0.59,13.0,0.6,8.0,0.61,8.0,0.62,8.0,0.63,189.0,0.18,0.18,0.094592,1776167127000
1776167129.434,29.434,0.41,13.0,0.4,8.0,0.39,8.0,0.38,8.0,0.37,189.0,0.59,13.0,0.6,8.0,0.61,8.0,0.62,8.0,0.63,189.0,0.41,13.0,0.4,8.0,0.39,8.0,0.38,8.0,0.37,189.0,0.59,13.0,0.6,8.0,0.61,8.0,0.62,8.0,0.63,189.0,0.18,0.18,0.094594,1776167128000
1776167130.324,30.324,0.41,13.0,0.4,8.0,0.39,8.0,0.38,8.0,0.37,189.0,0.59,13.0,0.6,8.0,0.61,8.0,0.62,8.0,0.63,189.0,0.41,13.0,0.4,8.0,0.39,8.0,0.38,8.0,0.37,189.0,0.59,13.0,0.6,8.0,0.61,8.0,0.62,8.0,0.63,189.0,0.18,0.18,0.094594,1776167129000
1776167131.439,31.439,0.41,13.0,0.4,8.0,0.39,8.0,0.38,8.0,0.37,189.0,0.59,13.0,0.6,8.0,0.61,8.0,0.62,8.0,0.63,189.0,0.41,13.0,0.4,8.0,0.39,8.0,0.38,8.0,0.37,189.0,0.59,13.0,0.6,8.0,0.61,8.0,0.62,8.0,0.63,189.0,0.18,0.18,0.094596,1776167130000
1776167132.186,32.186,0.41,13.0,0.4,8.0,0.39,8.0,0.38,8.0,0.37,189.0,0.59,13.0,0.6,8.0,0.61,8.0,0.62,8.0,0.63,189.0,0.41,13.0,0.4,8.0,0.39,8.0,0.38,8.0,0.37,189.0,0.59,13.0,0.6,8.0,0.61,8.0,0.62,8.0,0.63,189.0,0.18,0.18,0.094596,1776167131000
1776167133.037,33.037,0.41,13.0,0.4,8.0,0.39,8.0,0.38,8.0,0.37,189.0,0.59,13.0,0.6,8.0,0.61,8.0,0.62,8.0,0.63,189.0,0.41,13.0,0.4,8.0,0.39,8.0,0.38,8.0,0.37,189.0,0.59,13.0,0.6,8.0,0.61,8.0,0.62,8.0,0.63,189.0,0.18,0.18,0.094596,1776167132000
1776167134.158,34.158,0.41,13.0,0.4,8.0,0.39,8.0,0.38,8.0,0.37,189.0,0.59,13.0,0.6,8.0,0.61,8.0,0.62,8.0,0.63,189.0,0.41,13.0,0.4,8.0,0.39,8.0,0.38,8.0,0.37,189.0,0.59,13.0,0.6,8.0,0.61,8.0,0.62,8.0,0.63,189.0,0.18,0.18,0.094592,1776167133000
1776167135.492,35.492,0.41,13.0,0.4,8.0,0.39,8.0,0.38,8.0,0.37,189.0,0.59,13.0,0.6,8.0,0.61,8.0,0.62,8.0,0.63,189.0,0.41,13.0,0.4,8.0,0.39,8.0,0.38,8.0,0.37,189.0,0.59,13.0,0.6,8.0,0.61,8.0,0.62,8.0,0.63,189.0,0.18,0.18,0.094592,1776167134000
1776167136.197,36.197,0.41,13.0,0.4,8.0,0.39,8.0,0.38,8.0,0.37,189.0,0.59,13.0,0.6,8.0,0.61,8.0,0.62,8.0,0.63,189.0,0.41,13.0,0.4,8.0,0.39,8.0,0.38,8.0,0.37,189.0,0.59,13.0,0.6,8.0,0.61,8.0,0.62,8.0,0.63,189.0,0.18,0.18,0.094592,1776167135000
1776167137.368,37.368,0.41,13.0,0.4,8.0,0.39,8.0,0.38,8.0,0.37,189.0,0.59,13.0,0.6,8.0,0.61,8.0,0.62,8.0,0.63,189.0,0.41,13.0,0.4,8.0,0.39,8.0,0.38,8.0,0.37,189.0,0.59,13.0,0.6,8.0,0.61,8.0,0.62,8.0,0.63,189.0,0.18,0.18,0.094592,1776167136000
1776167138.47,38.47,0.41,13.0,0.4,8.0,0.39,8.0,0.38,8.0,0.37,189.0,0.59,13.0,0.6,8.0,0.61,8.0,0.62,8.0,0.63,189.0,0.41,13.0,0.4,8.0,0.39,8.0,0.38,8.0,0.37,189.0,0.59,13.0,0.6,8.0,0.61,8.0,0.62,8.0,0.63,189.0,0.18,0.18,0.09459,1776167137000
1776167139.14,39.14,0.41,13.0,0.4,8.0,0.39,8.0,0.38,8.0,0.37,189.0,0.59,13.0,0.6,8.0,0.61,8.0,0.62,8.0,0.63,189.0,0.41,13.0,0.4,8.0,0.39,8.0,0.38,8.0,0.37,189.0,0.59,13.0,0.6,8.0,0.61,8.0,0.62,8.0,0.63,189.0,0.18,0.18,0.094591,1776167138000
1776167140.2,40.2,0.41,13.0,0.4,8.0,0.39,8.0,0.38,8.0,0.37,189.0,0.59,13.0,0.6,8.0,0.61,8.0,0.62,8.0,0.63,189.0,0.41,13.0,0.4,8.0,0.39,8.0,0.38,8.0,0.37,189.0,0.59,13.0,0.6,8.0,0.61,8.0,0.62,8.0,0.63,189.0,0.18,0.18,0.09459,1776167139000
1776167141.27,41.27,0.43,10.0,0.4,10.0,0.39,22.0,0.38,20.0,0.37,10.0,0.54,2.22,0.55,5.0,0.61,50.0,0.62,10.0,0.64,10.0,0.41,13.0,0.4,8.0,0.39,8.0,0.38,8.0,0.37,189.0,0.59,13.0,0.6,8.0,0.61,8.0,0.62,8.0,0.63,189.0,0.11,0.18,0.09459,1776167139000
1776167142.139,42.139,0.43,10.0,0.4,10.0,0.39,22.0,0.38,20.0,0.37,10.0,0.54,2.22,0.55,5.0,0.61,50.0,0.62,10.0,0.64,10.0,0.46,2.22,0.45,5.0,0.39,50.0,0.38,10.0,0.36,10.0,0.57,10.0,0.6,10.0,0.61,22.0,0.62,20.0,0.63,10.0,0.11,0.11,0.094588,1776167141000
1776167143.34,43.34,0.43,10.0,0.4,10.0,0.39,22.0,0.38,20.0,0.37,10.0,0.54,2.22,0.55,5.0,0.61,50.0,0.62,10.0,0.64,10.0,0.46,2.22,0.45,5.0,0.39,50.0,0.38,10.0,0.36,10.0,0.57,10.0,0.6,10.0,0.61,22.0,0.62,20.0,0.63,10.0,0.11,0.11,0.094573,1776167142000
1776167144.542,44.542,0.43,10.0,0.4,10.0,0.39,22.0,0.38,20.0,0.37,10.0,0.54,2.22,0.55,5.0,0.61,50.0,0.62,10.0,0.64,10.0,0.46,2.22,0.45,5.0,0.39,50.0,0.38,10.0,0.36,10.0,0.57,10.0,0.6,10.0,0.61,22.0,0.62,20.0,0.63,10.0,0.11,0.11,0.094587,1776167143000
1776167145.084,45.084,0.43,10.0,0.4,10.0,0.39,22.0,0.38,20.0,0.37,10.0,0.54,2.22,0.55,5.0,0.61,50.0,0.62,10.0,0.64,10.0,0.46,2.22,0.45,5.0,0.39,50.0,0.38,10.0,0.36,10.0,0.57,10.0,0.6,10.0,0.61,22.0,0.62,20.0,0.63,10.0,0.11,0.11,0.094587,1776167144000
1776167146.581,46.581,0.43,10.0,0.4,10.0,0.39,22.0,0.38,20.0,0.37,10.0,0.54,2.22,0.55,5.0,0.61,50.0,0.62,10.0,0.64,10.0,0.46,2.22,0.45,5.0,0.39,50.0,0.38,10.0,0.36,10.0,0.57,10.0,0.6,10.0,0.61,22.0,0.62,20.0,0.63,10.0,0.11,0.11,0.094588,1776167145000
1776167147.653,47.653,0.43,10.0,0.4,10.0,0.39,22.0,0.38,20.0,0.37,10.0,0.54,2.22,0.55,5.0,0.61,50.0,0.62,10.0,0.64,10.0,0.46,2.22,0.45,5.0,0.39,50.0,0.38,10.0,0.36,10.0,0.57,10.0,0.6,10.0,0.61,22.0,0.62,20.0,0.63,10.0,0.11,0.11,0.094589,1776167146000
1776167148.447,48.447,0.43,10.0,0.4,10.0,0.39,22.0,0.38,20.0,0.37,10.0,0.54,2.22,0.55,5.0,0.61,50.0,0.62,10.0,0.64,10.0,0.46,2.22,0.45,5.0,0.39,50.0,0.38,10.0,0.36,10.0,0.57,10.0,0.6,10.0,0.61,22.0,0.62,20.0,0.63,10.0,0.11,0.11,0.094589,1776167147000
1776167149.079,49.079,0.43,10.0,0.4,10.0,0.39,22.0,0.38,20.0,0.37,10.0,0.54,2.22,0.55,5.0,0.61,50.0,0.62,10.0,0.64,10.0,0.46,2.22,0.45,5.0,0.39,50.0,0.38,10.0,0.36,10.0,0.57,10.0,0.6,10.0,0.61,22.0,0.62,20.0,0.63,10.0,0.11,0.11,0.094589,1776167148000
1776167150.244,50.244,0.47,7.59,0.46,25.0,0.45,10.0,0.44,10.0,0.43,10.0,0.58,5.0,0.6,5.0,0.65,10.0,0.71,60.0,0.72,10.0,0.46,2.22,0.45,5.0,0.39,50.0,0.38,10.0,0.36,10.0,0.57,10.0,0.6,10.0,0.61,22.0,0.62,20.0,0.63,10.0,0.11,0.11,0.094589,1776167148000
1776167150.751,50.751,0.47,7.59,0.46,25.0,0.45,10.0,0.44,10.0,0.43,10.0,0.58,5.0,0.6,5.0,0.65,10.0,0.71,60.0,0.72,10.0,0.42,5.0,0.4,5.0,0.35,10.0,0.29,60.0,0.28,10.0,0.53,7.59,0.54,25.0,0.55,10.0,0.56,10.0,0.57,10.0,0.11,0.11,0.09459,1776167149000
1776167151.308,51.308,0.47,7.59,0.46,25.0,0.45,10.0,0.44,10.0,0.43,10.0,0.58,5.0,0.6,5.0,0.65,10.0,0.71,60.0,0.72,10.0,0.42,5.0,0.4,5.0,0.35,10.0,0.29,60.0,0.28,10.0,0.53,7.59,0.54,25.0,0.55,10.0,0.56,10.0,0.57,10.0,0.11,0.11,0.09459,1776167150000
1776167152.546,52.546,0.47,7.59,0.46,25.0,0.45,10.0,0.44,10.0,0.43,10.0,0.58,5.0,0.6,5.0,0.65,10.0,0.71,60.0,0.72,10.0,0.42,5.0,0.4,5.0,0.35,10.0,0.29,60.0,0.28,10.0,0.53,7.59,0.54,25.0,0.55,10.0,0.56,10.0,0.57,10.0,0.11,0.11,0.09459,1776167151000
1776167153.297,53.297,0.47,7.59,0.46,25.0,0.45,10.0,0.44,10.0,0.43,10.0,0.58,5.0,0.6,5.0,0.65,10.0,0.71,60.0,0.72,10.0,0.42,5.0,0.4,5.0,0.35,10.0,0.29,60.0,0.28,10.0,0.53,7.59,0.54,25.0,0.55,10.0,0.56,10.0,0.57,10.0,0.11,0.11,0.094591,1776167152000
1776167153.957,53.957,0.47,7.59,0.46,25.0,0.45,10.0,0.44,10.0,0.43,10.0,0.58,5.0,0.6,5.0,0.65,10.0,0.71,60.0,0.72,10.0,0.42,5.0,0.4,5.0,0.35,10.0,0.29,60.0,0.28,10.0,0.53,7.59,0.54,25.0,0.55,10.0,0.56,10.0,0.57,10.0,0.11,0.11,0.094592,1776167153000
1776167155.189,55.189,0.47,7.59,0.46,25.0,0.45,10.0,0.44,10.0,0.43,10.0,0.58,5.0,0.6,5.0,0.65,10.0,0.71,60.0,0.72,10.0,0.42,5.0,0.4,5.0,0.35,10.0,0.29,60.0,0.28,10.0,0.53,7.59,0.54,25.0,0.55,10.0,0.56,10.0,0.57,10.0,0.11,0.11,0.094592,1776167154000
1776167156.514,56.514,0.47,7.59,0.46,25.0,0.45,10.0,0.44,10.0,0.43,10.0,0.58,5.0,0.6,5.0,0.65,10.0,0.71,60.0,0.72,10.0,0.42,5.0,0.4,5.0,0.35,10.0,0.29,60.0,0.28,10.0,0.53,7.59,0.54,25.0,0.55,10.0,0.56,10.0,0.57,10.0,0.11,0.11,0.094592,1776167155000
1776167157.258,57.258,0.47,7.59,0.46,25.0,0.45,10.0,0.44,10.0,0.43,10.0,0.58,5.0,0.6,5.0,0.65,10.0,0.71,60.0,0.72,10.0,0.42,5.0,0.4,5.0,0.35,10.0,0.29,60.0,0.28,10.0,0.53,7.59,0.54,25.0,0.55,10.0,0.56,10.0,0.57,10.0,0.11,0.11,0.09459,1776167156000
1776167158.471,58.471,0.47,7.59,0.46,25.0,0.45,10.0,0.44,10.0,0.43,10.0,0.58,5.0,0.6,5.0,0.65,10.0,0.71,60.0,0.72,10.0,0.42,5.0,0.4,5.0,0.35,10.0,0.29,60.0,0.28,10.0,0.53,7.59,0.54,25.0,0.55,10.0,0.56,10.0,0.57,10.0,0.11,0.11,0.094592,1776167157000
1776167159.1,59.1,0.47,7.59,0.46,25.0,0.45,10.0,0.44,10.0,0.43,10.0,0.58,5.0,0.6,5.0,0.65,10.0,0.71,60.0,0.72,10.0,0.42,5.0,0.4,5.0,0.35,10.0,0.29,60.0,0.28,10.0,0.53,7.59,0.54,25.0,0.55,10.0,0.56,10.0,0.57,10.0,0.11,0.11,0.094592,1776167158000
1776167160.334,60.334,0.47,7.59,0.46,25.0,0.45,10.0,0.44,10.0,0.43,10.0,0.58,5.0,0.6,5.0,0.65,10.0,0.71,60.0,0.72,10.0,0.42,5.0,0.4,5.0,0.35,10.0,0.29,60.0,0.28,10.0,0.53,7.59,0.54,25.0,0.55,10.0,0.56,10.0,0.57,10.0,0.11,0.11,0.094592,1776167159000
1776167161.918,61.918,0.47,7.59,0.46,25.0,0.45,10.0,0.44,10.0,0.43,10.0,0.58,5.0,0.6,5.0,0.65,10.0,0.71,60.0,0.72,10.0,0.42,5.0,0.4,5.0,0.35,10.0,0.29,60.0,0.28,10.0,0.53,7.59,0.54,25.0,0.55,10.0,0.56,10.0,0.57,10.0,0.11,0.11,0.094589,1776167160000
1776167162.418,62.418,0.47,7.59,0.46,25.0,0.45,10.0,0.44,10.0,0.43,10.0,0.58,5.0,0.6,5.0,0.65,10.0,0.71,60.0,0.72,10.0,0.42,5.0,0.4,5.0,0.35,10.0,0.29,60.0,0.28,10.0,0.53,7.59,0.54,25.0,0.55,10.0,0.56,10.0,0.57,10.0,0.11,0.11,0.094589,1776167161000
1776167162.879,62.879,0.47,7.59,0.46,25.0,0.45,10.0,0.44,10.0,0.43,10.0,0.58,5.0,0.6,5.0,0.65,10.0,0.71,60.0,0.72,10.0,0.42,5.0,0.4,5.0,0.35,10.0,0.29,60.0,0.28,10.0,0.53,7.59,0.54,25.0,0.55,10.0,0.56,10.0,0.57,10.0,0.11,0.11,0.09459,1776167162000
1776167163.976,63.976,0.47,7.59,0.46,25.0,0.45,10.0,0.44,10.0,0.43,10.0,0.58,5.0,0.6,5.0,0.65,10.0,0.71,60.0,0.72,10.0,0.42,5.0,0.4,5.0,0.35,10.0,0.29,60.0,0.28,10.0,0.53,7.59,0.54,25.0,0.55,10.0,0.56,10.0,0.57,10.0,0.11,0.11,0.094596,1776167163000
1776167164.989,64.989,0.47,7.59,0.46,25.0,0.45,10.0,0.44,10.0,0.43,10.0,0.58,5.0,0.6,5.0,0.65,10.0,0.71,60.0,0.72,10.0,0.42,5.0,0.4,5.0,0.35,10.0,0.29,60.0,0.28,10.0,0.53,7.59,0.54,25.0,0.55,10.0,0.56,10.0,0.57,10.0,0.11,0.11,0.094592,1776167164000
1776167166.122,66.122,0.47,7.59,0.46,25.0,0.45,10.0,0.44,10.0,0.43,10.0,0.58,5.0,0.6,5.0,0.65,10.0,0.71,60.0,0.72,10.0,0.42,5.0,0.4,5.0,0.35,10.0,0.29,60.0,0.28,10.0,0.53,7.59,0.54,25.0,0.55,10.0,0.56,10.0,0.57,10.0,0.11,0.11,0.094591,1776167165000
1776167167.069,67.069,0.47,7.59,0.46,25.0,0.45,10.0,0.44,10.0,0.43,10.0,0.58,5.0,0.6,5.0,0.65,10.0,0.71,60.0,0.72,10.0,0.42,5.0,0.4,5.0,0.35,10.0,0.29,60.0,0.28,10.0,0.53,7.59,0.54,25.0,0.55,10.0,0.56,10.0,0.57,10.0,0.11,0.11,0.09459,1776167166000
1776167168.224,68.224,0.47,7.59,0.46,25.0,0.45,10.0,0.44,10.0,0.43,10.0,0.58,5.0,0.6,5.0,0.65,10.0,0.71,60.0,0.72,10.0,0.42,5.0,0.4,5.0,0.35,10.0,0.29,60.0,0.28,10.0,0.53,7.59,0.54,25.0,0.55,10.0,0.56,10.0,0.57,10.0,0.11,0.11,0.09458,1776167167000
1776167169.255,69.255,0.47,7.59,0.46,25.0,0.45,10.0,0.44,10.0,0.43,10.0,0.58,5.0,0.6,5.0,0.65,10.0,0.71,60.0,0.72,10.0,0.42,5.0,0.4,5.0,0.35,10.0,0.29,60.0,0.28,10.0,0.53,7.59,0.54,25.0,0.55,10.0,0.56,10.0,0.57,10.0,0.11,0.11,0.094586,1776167168000
1776167169.846,69.846,0.45,5.0,0.44,5.0,0.42,10.7,0.41,60.7,0.4,32.8,0.57,7.36,0.62,11.0,0.63,11.2,0.64,21.3,0.65,11.4,0.42,5.0,0.4,5.0,0.35,10.0,0.29,60.0,0.28,10.0,0.53,7.59,0.54,25.0,0.55,10.0,0.56,10.0,0.57,10.0,0.12,0.11,0.094586,1776167168000
1776167170.418,70.418,0.45,5.0,0.44,5.0,0.42,10.7,0.41,60.7,0.4,32.8,0.57,7.36,0.62,11.0,0.63,11.2,0.64,21.3,0.65,11.4,0.43,7.36,0.38,11.0,0.37,11.2,0.36,21.3,0.35,11.4,0.55,5.0,0.56,5.0,0.58,10.7,0.59,60.7,0.6,32.8,0.12,0.12,0.094587,1776167169000
1776167170.84,70.84,0.45,5.0,0.44,5.0,0.42,10.7,0.41,60.7,0.4,32.8,0.57,7.36,0.62,11.0,0.63,11.2,0.64,21.3,0.65,11.4,0.43,7.36,0.38,11.0,0.37,11.2,0.36,21.3,0.35,11.4,0.55,5.0,0.56,5.0,0.58,10.7,0.59,60.7,0.6,32.8,0.12,0.12,0.094587,1776167170000
1776167171.918,71.918,0.45,5.0,0.44,5.0,0.42,10.7,0.41,60.7,0.4,32.8,0.57,7.36,0.62,11.0,0.63,11.2,0.64,21.3,0.65,11.4,0.43,7.36,0.38,11.0,0.37,11.2,0.36,21.3,0.35,11.4,0.55,5.0,0.56,5.0,0.58,10.7,0.59,60.7,0.6,32.8,0.12,0.12,0.094587,1776167171000
1776167172.962,72.962,0.45,5.0,0.44,5.0,0.42,10.7,0.41,60.7,0.4,32.8,0.57,7.36,0.62,11.0,0.63,11.2,0.64,21.3,0.65,11.4,0.43,7.36,0.38,11.0,0.37,11.2,0.36,21.3,0.35,11.4,0.55,5.0,0.56,5.0,0.58,10.7,0.59,60.7,0.6,32.8,0.12,0.12,0.094586,1776167172000
1776167174.095,74.095,0.45,5.0,0.44,5.0,0.42,10.7,0.41,60.7,0.4,32.8,0.57,7.36,0.62,11.0,0.63,11.2,0.64,21.3,0.65,11.4,0.43,7.36,0.38,11.0,0.37,11.2,0.36,21.3,0.35,11.4,0.55,5.0,0.56,5.0,0.58,10.7,0.59,60.7,0.6,32.8,0.12,0.12,0.094586,1776167173000
1776167175.804,75.804,0.45,5.0,0.44,5.0,0.42,10.7,0.41,60.7,0.4,32.8,0.57,7.36,0.62,11.0,0.63,11.2,0.64,21.3,0.65,11.4,0.43,7.36,0.38,11.0,0.37,11.2,0.36,21.3,0.35,11.4,0.55,5.0,0.56,5.0,0.58,10.7,0.59,60.7,0.6,32.8,0.12,0.12,0.094586,1776167174000
1776167176.241,76.241,0.45,5.0,0.44,5.0,0.42,10.7,0.41,60.7,0.4,32.8,0.57,7.36,0.62,11.0,0.63,11.2,0.64,21.3,0.65,11.4,0.43,7.36,0.38,11.0,0.37,11.2,0.36,21.3,0.35,11.4,0.55,5.0,0.56,5.0,0.58,10.7,0.59,60.7,0.6,32.8,0.12,0.12,0.094586,1776167175000
1776167177.585,77.585,0.45,5.0,0.44,5.0,0.42,10.7,0.41,60.7,0.4,32.8,0.57,7.36,0.62,11.0,0.63,11.2,0.64,21.3,0.65,11.4,0.43,7.36,0.38,11.0,0.37,11.2,0.36,21.3,0.35,11.4,0.55,5.0,0.56,5.0,0.58,10.7,0.59,60.7,0.6,32.8,0.12,0.12,0.09459,1776167176000
1776167178.105,78.105,0.45,5.0,0.44,5.0,0.42,10.7,0.41,60.7,0.4,32.8,0.57,7.36,0.62,11.0,0.63,11.2,0.64,21.3,0.65,11.4,0.43,7.36,0.38,11.0,0.37,11.2,0.36,21.3,0.35,11.4,0.55,5.0,0.56,5.0,0.58,10.7,0.59,60.7,0.6,32.8,0.12,0.12,0.09459,1776167177000
1776167179.26,79.26,0.45,5.0,0.44,5.0,0.42,10.7,0.41,60.7,0.4,32.8,0.57,7.36,0.62,11.0,0.63,11.2,0.64,21.3,0.65,11.4,0.43,7.36,0.38,11.0,0.37,11.2,0.36,21.3,0.35,11.4,0.55,5.0,0.56,5.0,0.58,10.7,0.59,60.7,0.6,32.8,0.12,0.12,0.09459,1776167178000
1776167180.355,80.355,0.45,5.0,0.44,5.0,0.42,10.7,0.41,60.7,0.4,32.8,0.57,7.36,0.62,11.0,0.63,11.2,0.64,21.3,0.65,11.4,0.43,7.36,0.38,11.0,0.37,11.2,0.36,21.3,0.35,11.4,0.55,5.0,0.56,5.0,0.58,10.7,0.59,60.7,0.6,32.8,0.12,0.12,0.09459,1776167179000
1776167180.961,80.961,0.45,5.0,0.44,5.0,0.42,10.7,0.41,60.7,0.4,32.8,0.57,7.36,0.62,11.0,0.63,11.2,0.64,21.3,0.65,11.4,0.43,7.36,0.38,11.0,0.37,11.2,0.36,21.3,0.35,11.4,0.55,5.0,0.56,5.0,0.58,10.7,0.59,60.7,0.6,32.8,0.12,0.12,0.094588,1776167180000
1776167182.054,82.054,0.45,5.0,0.44,5.0,0.42,10.7,0.41,60.7,0.4,32.8,0.57,7.36,0.62,11.0,0.63,11.2,0.64,21.3,0.65,11.4,0.43,7.36,0.38,11.0,0.37,11.2,0.36,21.3,0.35,11.4,0.55,5.0,0.56,5.0,0.58,10.7,0.59,60.7,0.6,32.8,0.12,0.12,0.094588,1776167181000
1776167183.298,83.298,0.45,5.0,0.44,5.0,0.42,10.7,0.41,60.7,0.4,32.8,0.57,7.36,0.62,11.0,0.63,11.2,0.64,21.3,0.65,11.4,0.43,7.36,0.38,11.0,0.37,11.2,0.36,21.3,0.35,11.4,0.55,5.0,0.56,5.0,0.58,10.7,0.59,60.7,0.6,32.8,0.12,0.12,0.09459,1776167182000
1776167184.448,84.448,0.45,5.0,0.44,5.0,0.42,10.7,0.41,60.7,0.4,32.8,0.57,7.36,0.62,11.0,0.63,11.2,0.64,21.3,0.65,11.4,0.43,7.36,0.38,11.0,0.37,11.2,0.36,21.3,0.35,11.4,0.55,5.0,0.56,5.0,0.58,10.7,0.59,60.7,0.6,32.8,0.12,0.12,0.09459,1776167183000
1776167185.087,85.087,0.45,5.0,0.44,5.0,0.42,10.7,0.41,60.7,0.4,32.8,0.57,7.36,0.62,11.0,0.63,11.2,0.64,21.3,0.65,11.4,0.43,7.36,0.38,11.0,0.37,11.2,0.36,21.3,0.35,11.4,0.55,5.0,0.56,5.0,0.58,10.7,0.59,60.7,0.6,32.8,0.12,0.12,0.09459,1776167184000
1776167186.219,86.219,0.45,5.0,0.44,5.0,0.42,10.7,0.41,60.7,0.4,32.8,0.57,7.36,0.62,11.0,0.63,11.2,0.64,21.3,0.65,11.4,0.43,7.36,0.38,11.0,0.37,11.2,0.36,21.3,0.35,11.4,0.55,5.0,0.56,5.0,0.58,10.7,0.59,60.7,0.6,32.8,0.12,0.12,0.09459,1776167185000
1776167187.444,87.444,0.45,5.0,0.44,5.0,0.42,10.7,0.41,60.7,0.4,32.8,0.57,7.36,0.62,11.0,0.63,11.2,0.64,21.3,0.65,11.4,0.43,7.36,0.38,11.0,0.37,11.2,0.36,21.3,0.35,11.4,0.55,5.0,0.56,5.0,0.58,10.7,0.59,60.7,0.6,32.8,0.12,0.12,0.09459,1776167186000
1776167187.947,87.947,0.45,5.0,0.44,5.0,0.42,10.7,0.41,60.7,0.4,32.8,0.57,7.36,0.62,11.0,0.63,11.2,0.64,21.3,0.65,11.4,0.43,7.36,0.38,11.0,0.37,11.2,0.36,21.3,0.35,11.4,0.55,5.0,0.56,5.0,0.58,10.7,0.59,60.7,0.6,32.8,0.12,0.12,0.09459,1776167187000
1776167189.128,89.128,0.45,5.0,0.44,5.0,0.42,10.7,0.41,60.7,0.4,32.8,0.57,7.36,0.62,11.0,0.63,11.2,0.64,21.3,0.65,11.4,0.43,7.36,0.38,11.0,0.37,11.2,0.36,21.3,0.35,11.4,0.55,5.0,0.56,5.0,0.58,10.7,0.59,60.7,0.6,32.8,0.12,0.12,0.094589,1776167188000
1776167190.675,90.675,0.45,5.0,0.44,5.0,0.42,10.7,0.41,60.7,0.4,32.8,0.57,7.36,0.62,11.0,0.63,11.2,0.64,21.3,0.65,11.4,0.43,7.36,0.38,11.0,0.37,11.2,0.36,21.3,0.35,11.4,0.55,5.0,0.56,5.0,0.58,10.7,0.59,60.7,0.6,32.8,0.12,0.12,0.094579,1776167189000
1776167191.213,91.213,0.45,5.0,0.44,5.0,0.42,10.7,0.41,60.7,0.4,32.8,0.57,7.36,0.62,11.0,0.63,11.2,0.64,21.3,0.65,11.4,0.43,7.36,0.38,11.0,0.37,11.2,0.36,21.3,0.35,11.4,0.55,5.0,0.56,5.0,0.58,10.7,0.59,60.7,0.6,32.8,0.12,0.12,0.094579,1776167190000
1776167192.083,92.083,0.45,5.0,0.44,5.0,0.42,10.7,0.41,60.7,0.4,32.8,0.57,7.36,0.62,11.0,0.63,11.2,0.64,21.3,0.65,11.4,0.43,7.36,0.38,11.0,0.37,11.2,0.36,21.3,0.35,11.4,0.55,5.0,0.56,5.0,0.58,10.7,0.59,60.7,0.6,32.8,0.12,0.12,0.094579,1776167191000
1776167192.962,92.962,0.45,5.0,0.44,5.0,0.42,10.7,0.41,60.7,0.4,32.8,0.57,7.36,0.62,11.0,0.63,11.2,0.64,21.3,0.65,11.4,0.43,7.36,0.38,11.0,0.37,11.2,0.36,21.3,0.35,11.4,0.55,5.0,0.56,5.0,0.58,10.7,0.59,60.7,0.6,32.8,0.12,0.12,0.094581,1776167192000
1776167193.931,93.931,0.52,4.61,0.43,5.0,0.41,5.0,0.4,10.0,0.39,10.0,0.55,16.11,0.57,15.6,0.58,10.7,0.59,10.7,0.6,10.8,0.45,16.11,0.43,15.6,0.42,10.7,0.41,10.7,0.4,10.8,0.48,4.61,0.57,5.0,0.59,5.0,0.6,10.0,0.61,10.0,0.03,0.03,0.094579,1776167193000
1776167194.574,94.574,0.42,5.0,0.41,5.0,0.4,10.0,0.39,10.0,0.38,21.0,0.54,10.5,0.55,26.61,0.56,10.6,0.57,15.6,0.58,10.7,0.45,16.11,0.43,15.6,0.42,10.7,0.41,10.7,0.4,10.8,0.48,4.61,0.57,5.0,0.59,5.0,0.6,10.0,0.61,10.0,0.12,0.03,0.094579,1776167193000
1776167194.849,94.849,0.42,5.0,0.41,5.0,0.4,10.0,0.39,10.0,0.38,21.0,0.54,10.5,0.55,26.61,0.56,10.6,0.57,15.6,0.58,10.7,0.46,10.5,0.45,26.61,0.44,10.6,0.43,15.6,0.42,10.7,0.58,5.0,0.59,5.0,0.6,10.0,0.61,10.0,0.62,21.0,0.12,0.12,0.094576,1776167194000
1776167196.266,96.266,0.42,5.0,0.41,5.0,0.4,10.0,0.39,10.0,0.38,21.0,0.54,10.5,0.55,26.61,0.56,10.6,0.57,15.6,0.58,10.7,0.46,10.5,0.45,26.61,0.44,10.6,0.43,15.6,0.42,10.7,0.58,5.0,0.59,5.0,0.6,10.0,0.61,10.0,0.62,21.0,0.12,0.12,0.094572,1776167195000
1776167197.259,97.259,0.42,5.0,0.41,5.0,0.4,10.0,0.39,10.0,0.38,21.0,0.54,10.5,0.55,26.61,0.56,10.6,0.57,15.6,0.58,10.7,0.46,10.5,0.45,26.61,0.44,10.6,0.43,15.6,0.42,10.7,0.58,5.0,0.59,5.0,0.6,10.0,0.61,10.0,0.62,21.0,0.12,0.12,0.094571,1776167196000
1776167198.176,98.176,0.42,5.0,0.41,5.0,0.4,10.0,0.39,10.0,0.38,21.0,0.54,10.5,0.55,26.61,0.56,10.6,0.57,15.6,0.58,10.7,0.46,10.5,0.45,26.61,0.44,10.6,0.43,15.6,0.42,10.7,0.58,5.0,0.59,5.0,0.6,10.0,0.61,10.0,0.62,21.0,0.12,0.12,0.094571,1776167197000
1776167199.256,99.256,0.42,5.0,0.41,5.0,0.4,10.0,0.39,10.0,0.38,21.0,0.54,10.5,0.55,26.61,0.56,10.6,0.57,15.6,0.58,10.7,0.46,10.5,0.45,26.61,0.44,10.6,0.43,15.6,0.42,10.7,0.58,5.0,0.59,5.0,0.6,10.0,0.61,10.0,0.62,21.0,0.12,0.12,0.094571,1776167198000
1776167200.13,100.13,0.42,5.0,0.41,5.0,0.4,10.0,0.39,10.0,0.38,21.0,0.54,10.5,0.55,26.61,0.56,10.6,0.57,15.6,0.58,10.7,0.46,10.5,0.45,26.61,0.44,10.6,0.43,15.6,0.42,10.7,0.58,5.0,0.59,5.0,0.6,10.0,0.61,10.0,0.62,21.0,0.12,0.12,0.094572,1776167199000
1776167201.134,101.134,0.42,5.0,0.41,5.0,0.4,10.0,0.39,10.0,0.38,21.0,0.54,10.5,0.55,26.61,0.56,10.6,0.57,15.6,0.58,10.7,0.46,10.5,0.45,26.61,0.44,10.6,0.43,15.6,0.42,10.7,0.58,5.0,0.59,5.0,0.6,10.0,0.61,10.0,0.62,21.0,0.12,0.12,0.094572,1776167200000
1776167202.082,102.082,0.42,5.0,0.41,5.0,0.4,10.0,0.39,10.0,0.38,21.0,0.54,10.5,0.55,26.61,0.56,10.6,0.57,15.6,0.58,10.7,0.46,10.5,0.45,26.61,0.44,10.6,0.43,15.6,0.42,10.7,0.58,5.0,0.59,5.0,0.6,10.0,0.61,10.0,0.62,21.0,0.12,0.12,0.094574,1776167201000
1776167202.907,102.907,0.42,5.0,0.41,5.0,0.4,10.0,0.39,10.0,0.38,21.0,0.54,10.5,0.55,26.61,0.56,10.6,0.57,15.6,0.58,10.7,0.46,10.5,0.45,26.61,0.44,10.6,0.43,15.6,0.42,10.7,0.58,5.0,0.59,5.0,0.6,10.0,0.61,10.0,0.62,21.0,0.12,0.12,0.094572,1776167202000
1776167203.848,103.848,0.42,5.0,0.41,5.0,0.4,10.0,0.39,10.0,0.38,21.0,0.54,10.5,0.55,26.61,0.56,10.6,0.57,15.6,0.58,10.7,0.46,10.5,0.45,26.61,0.44,10.6,0.43,15.6,0.42,10.7,0.58,5.0,0.59,5.0,0.6,10.0,0.61,10.0,0.62,21.0,0.12,0.12,0.094571,1776167203000
1776167205.227,105.227,0.42,5.0,0.41,5.0,0.4,10.0,0.39,10.0,0.38,21.0,0.54,10.5,0.55,26.61,0.56,10.6,0.57,15.6,0.58,10.7,0.46,10.5,0.45,26.61,0.44,10.6,0.43,15.6,0.42,10.7,0.58,5.0,0.59,5.0,0.6,10.0,0.61,10.0,0.62,21.0,0.12,0.12,0.094569,1776167204000
1776167206.147,106.147,0.42,5.0,0.41,5.0,0.4,10.0,0.39,10.0,0.38,21.0,0.54,10.5,0.55,26.61,0.56,10.6,0.57,15.6,0.58,10.7,0.46,10.5,0.45,26.61,0.44,10.6,0.43,15.6,0.42,10.7,0.58,5.0,0.59,5.0,0.6,10.0,0.61,10.0,0.62,21.0,0.12,0.12,0.094562,1776167205000
1776167207.209,107.209,0.42,5.0,0.41,5.0,0.4,10.0,0.39,10.0,0.38,21.0,0.54,10.5,0.55,26.61,0.56,10.6,0.57,15.6,0.58,10.7,0.46,10.5,0.45,26.61,0.44,10.6,0.43,15.6,0.42,10.7,0.58,5.0,0.59,5.0,0.6,10.0,0.61,10.0,0.62,21.0,0.12,0.12,0.094565,1776167206000
1776167208.209,108.209,0.42,5.0,0.41,5.0,0.4,10.0,0.39,10.0,0.38,21.0,0.54,10.5,0.55,26.61,0.56,10.6,0.57,15.6,0.58,10.7,0.46,10.5,0.45,26.61,0.44,10.6,0.43,15.6,0.42,10.7,0.58,5.0,0.59,5.0,0.6,10.0,0.61,10.0,0.62,21.0,0.12,0.12,0.094565,1776167207000
1776167209.143,109.143,0.42,5.0,0.41,5.0,0.4,10.0,0.39,10.0,0.38,21.0,0.54,10.5,0.55,26.61,0.56,10.6,0.57,15.6,0.58,10.7,0.46,10.5,0.45,26.61,0.44,10.6,0.43,15.6,0.42,10.7,0.58,5.0,0.59,5.0,0.6,10.0,0.61,10.0,0.62,21.0,0.12,0.12,0.094565,1776167208000
1776167210.156,110.156,0.42,5.0,0.41,5.0,0.4,10.0,0.39,10.0,0.38,21.0,0.54,10.5,0.55,26.61,0.56,10.6,0.57,15.6,0.58,10.7,0.46,10.5,0.45,26.61,0.44,10.6,0.43,15.6,0.42,10.7,0.58,5.0,0.59,5.0,0.6,10.0,0.61,10.0,0.62,21.0,0.12,0.12,0.094565,1776167209000
1776167211.132,111.132,0.42,5.0,0.41,5.0,0.4,10.0,0.39,10.0,0.38,21.0,0.54,10.5,0.55,26.61,0.56,10.6,0.57,15.6,0.58,10.7,0.46,10.5,0.45,26.61,0.44,10.6,0.43,15.6,0.42,10.7,0.58,5.0,0.59,5.0,0.6,10.0,0.61,10.0,0.62,21.0,0.12,0.12,0.094558,1776167210000
1776167212.114,112.114,0.42,5.0,0.41,5.0,0.4,10.0,0.39,10.0,0.38,21.0,0.54,10.5,0.55,26.61,0.56,10.6,0.57,15.6,0.58,10.7,0.46,10.5,0.45,26.61,0.44,10.6,0.43,15.6,0.42,10.7,0.58,5.0,0.59,5.0,0.6,10.0,0.61,10.0,0.62,21.0,0.12,0.12,0.094547,1776167211000
1776167213.026,113.026,0.42,5.0,0.41,5.0,0.4,10.0,0.39,10.0,0.38,21.0,0.54,10.5,0.55,26.61,0.56,10.6,0.57,15.6,0.58,10.7,0.46,10.5,0.45,26.61,0.44,10.6,0.43,15.6,0.42,10.7,0.58,5.0,0.59,5.0,0.6,10.0,0.61,10.0,0.62,21.0,0.12,0.12,0.094532,1776167212000
1776167213.307,113.307,0.31,17.2,0.3,28.4,0.29,12.6,0.28,22.9,0.27,23.2,0.36,5.0,0.45,5.0,0.46,10.5,0.47,10.4,0.48,10.4,0.46,10.5,0.45,26.61,0.44,10.6,0.43,15.6,0.42,10.7,0.58,5.0,0.59,5.0,0.6,10.0,0.61,10.0,0.62,21.0,0.05,0.12,0.094532,1776167212000
1776167214.045,114.045,0.31,17.2,0.3,28.4,0.29,12.6,0.28,22.9,0.27,23.2,0.36,5.0,0.45,5.0,0.46,10.5,0.47,10.4,0.48,10.4,0.64,5.0,0.55,5.0,0.54,10.5,0.53,10.4,0.52,10.4,0.69,17.2,0.7,28.4,0.71,12.6,0.72,22.9,0.73,23.2,0.05,0.05,0.094531,1776167213000
1776167215.741,115.741,0.31,17.2,0.3,28.4,0.29,12.6,0.28,22.9,0.27,23.2,0.36,5.0,0.45,5.0,0.46,10.5,0.47,10.4,0.48,10.4,0.64,5.0,0.55,5.0,0.54,10.5,0.53,10.4,0.52,10.4,0.69,17.2,0.7,28.4,0.71,12.6,0.72,22.9,0.73,23.2,0.05,0.05,0.094532,1776167214000
1776167216.196,116.196,0.31,17.2,0.3,28.4,0.29,12.6,0.28,22.9,0.27,23.2,0.36,5.0,0.45,5.0,0.46,10.5,0.47,10.4,0.48,10.4,0.64,5.0,0.55,5.0,0.54,10.5,0.53,10.4,0.52,10.4,0.69,17.2,0.7,28.4,0.71,12.6,0.72,22.9,0.73,23.2,0.05,0.05,0.094532,1776167215000
1776167217.368,117.368,0.31,17.2,0.3,28.4,0.29,12.6,0.28,22.9,0.27,23.2,0.36,5.0,0.45,5.0,0.46,10.5,0.47,10.4,0.48,10.4,0.64,5.0,0.55,5.0,0.54,10.5,0.53,10.4,0.52,10.4,0.69,17.2,0.7,28.4,0.71,12.6,0.72,22.9,0.73,23.2,0.05,0.05,0.094532,1776167216000
1776167217.775,117.775,0.33,5.0,0.31,17.2,0.3,12.4,0.29,22.6,0.28,22.9,0.45,3.22,0.47,10.4,0.48,15.4,0.49,10.4,0.5,10.4,0.64,5.0,0.55,5.0,0.54,10.5,0.53,10.4,0.52,10.4,0.69,17.2,0.7,28.4,0.71,12.6,0.72,22.9,0.73,23.2,0.12,0.05,0.094532,1776167216000
1776167218.193,118.193,0.33,5.0,0.31,17.2,0.3,12.4,0.29,22.6,0.28,22.9,0.45,3.22,0.47,10.4,0.48,15.4,0.49,10.4,0.5,10.4,0.55,3.22,0.53,10.4,0.52,15.4,0.51,10.4,0.5,10.4,0.67,5.0,0.69,17.2,0.7,12.4,0.71,22.6,0.72,22.9,0.12,0.12,0.094532,1776167217000
1776167219.306,119.306,0.33,5.0,0.31,17.2,0.3,12.4,0.29,22.6,0.28,22.9,0.45,3.22,0.47,10.4,0.48,15.4,0.49,10.4,0.5,10.4,0.55,3.22,0.53,10.4,0.52,15.4,0.51,10.4,0.5,10.4,0.67,5.0,0.69,17.2,0.7,12.4,0.71,22.6,0.72,22.9,0.12,0.12,0.094532,1776167218000
1776167220.343,120.343,0.33,5.0,0.31,17.2,0.3,12.4,0.29,22.6,0.28,22.9,0.45,3.22,0.47,10.4,0.48,15.4,0.49,10.4,0.5,10.4,0.55,3.22,0.53,10.4,0.52,15.4,0.51,10.4,0.5,10.4,0.67,5.0,0.69,17.2,0.7,12.4,0.71,22.6,0.72,22.9,0.12,0.12,0.094532,1776167219000
1776167221.627,121.627,0.33,5.0,0.31,17.2,0.3,12.4,0.29,22.6,0.28,22.9,0.45,3.22,0.47,10.4,0.48,15.4,0.49,10.4,0.5,10.4,0.55,3.22,0.53,10.4,0.52,15.4,0.51,10.4,0.5,10.4,0.67,5.0,0.69,17.2,0.7,12.4,0.71,22.6,0.72,22.9,0.12,0.12,0.094532,1776167220000
1776167222.287,122.287,0.33,5.0,0.31,17.2,0.3,12.4,0.29,22.6,0.28,22.9,0.45,3.22,0.47,10.4,0.48,15.4,0.49,10.4,0.5,10.4,0.55,3.22,0.53,10.4,0.52,15.4,0.51,10.4,0.5,10.4,0.67,5.0,0.69,17.2,0.7,12.4,0.71,22.6,0.72,22.9,0.12,0.12,0.094532,1776167221000
1776167223.367,123.367,0.33,5.0,0.31,17.2,0.3,12.4,0.29,22.6,0.28,22.9,0.45,3.22,0.47,10.4,0.48,15.4,0.49,10.4,0.5,10.4,0.55,3.22,0.53,10.4,0.52,15.4,0.51,10.4,0.5,10.4,0.67,5.0,0.69,17.2,0.7,12.4,0.71,22.6,0.72,22.9,0.12,0.12,0.094521,1776167222000
1776167223.917,123.917,0.33,5.0,0.31,17.2,0.3,12.4,0.29,22.6,0.28,22.9,0.45,3.22,0.47,10.4,0.48,15.4,0.49,10.4,0.5,10.4,0.55,3.22,0.53,10.4,0.52,15.4,0.51,10.4,0.5,10.4,0.67,5.0,0.69,17.2,0.7,12.4,0.71,22.6,0.72,22.9,0.12,0.12,0.094522,1776167223000
1776167225.204,125.204,0.33,5.0,0.31,17.2,0.3,12.4,0.29,22.6,0.28,22.9,0.45,3.22,0.47,10.4,0.48,15.4,0.49,10.4,0.5,10.4,0.55,3.22,0.53,10.4,0.52,15.4,0.51,10.4,0.5,10.4,0.67,5.0,0.69,17.2,0.7,12.4,0.71,22.6,0.72,22.9,0.12,0.12,0.094522,1776167224000
1776167226.538,126.538,0.2,2.37,0.19,16.89,0.18,17.6,0.17,18.39,0.16,24.3,0.21,50.0,0.29,5.0,0.3,7.0,0.31,50.0,0.32,7.0,0.55,3.22,0.53,10.4,0.52,15.4,0.51,10.4,0.5,10.4,0.67,5.0,0.69,17.2,0.7,12.4,0.71,22.6,0.72,22.9,0.01,0.12,0.094522,1776167224000
1776167226.942,126.942,0.2,2.37,0.19,16.89,0.18,17.6,0.17,18.39,0.16,24.3,0.21,50.0,0.29,5.0,0.3,7.0,0.31,50.0,0.32,7.0,0.79,50.0,0.71,5.0,0.7,7.0,0.69,50.0,0.68,7.0,0.8,2.37,0.81,16.89,0.82,17.6,0.83,18.39,0.84,24.3,0.01,0.01,0.094522,1776167226000
1776167228.039,128.039,0.2,2.37,0.19,16.89,0.18,17.6,0.17,18.39,0.16,24.3,0.21,50.0,0.29,5.0,0.3,7.0,0.31,50.0,0.32,7.0,0.79,50.0,0.71,5.0,0.7,7.0,0.69,50.0,0.68,7.0,0.8,2.37,0.81,16.89,0.82,17.6,0.83,18.39,0.84,24.3,0.01,0.01,0.094479,1776167227000
1776167228.976,128.976,0.21,9.47,0.2,21.2,0.19,16.89,0.18,22.6,0.17,18.39,0.3,7.0,0.31,60.0,0.32,7.0,0.35,10.0,0.36,5.0,0.79,50.0,0.71,5.0,0.7,7.0,0.69,50.0,0.68,7.0,0.8,2.37,0.81,16.89,0.82,17.6,0.83,18.39,0.84,24.3,0.09,0.01,0.094479,1776167227000
1776167229.419,129.419,0.21,3.47,0.2,21.2,0.19,16.89,0.18,22.6,0.17,18.39,0.29,15.0,0.31,60.0,0.32,7.0,0.35,10.0,0.36,5.0,0.7,7.0,0.69,60.0,0.68,7.0,0.65,10.0,0.64,5.0,0.79,9.47,0.8,21.2,0.81,16.89,0.82,22.6,0.83,18.39,0.08,0.09,0.094473,1776167228000
1776167230.426,130.426,0.21,3.47,0.2,21.2,0.19,16.89,0.18,22.6,0.17,18.39,0.29,15.0,0.31,60.0,0.32,7.0,0.35,10.0,0.36,5.0,0.71,15.0,0.69,60.0,0.68,7.0,0.65,10.0,0.64,5.0,0.79,3.47,0.8,21.2,0.81,16.89,0.82,22.6,0.83,18.39,0.08,0.08,0.094477,1776167229000
1776167231.592,131.592,0.21,3.47,0.2,21.2,0.19,16.89,0.18,22.6,0.17,18.39,0.29,15.0,0.31,60.0,0.32,7.0,0.35,10.0,0.36,5.0,0.71,15.0,0.69,60.0,0.68,7.0,0.65,10.0,0.64,5.0,0.79,3.47,0.8,21.2,0.81,16.89,0.82,22.6,0.83,18.39,0.08,0.08,0.094471,1776167230000
1776167232.996,132.996,0.21,3.47,0.2,21.2,0.19,16.89,0.18,22.6,0.17,18.39,0.29,15.0,0.31,60.0,0.32,7.0,0.35,10.0,0.36,5.0,0.71,15.0,0.69,60.0,0.68,7.0,0.65,10.0,0.64,5.0,0.79,3.47,0.8,21.2,0.81,16.89,0.82,22.6,0.83,18.39,0.08,0.08,0.09447,1776167231000
1776167233.678,133.678,0.21,3.47,0.2,21.2,0.19,16.89,0.18,22.6,0.17,18.39,0.29,15.0,0.31,60.0,0.32,7.0,0.35,10.0,0.36,5.0,0.71,15.0,0.69,60.0,0.68,7.0,0.65,10.0,0.64,5.0,0.79,3.47,0.8,21.2,0.81,16.89,0.82,22.6,0.83,18.39,0.08,0.08,0.09445,1776167232000
1776167234.705,134.705,0.21,3.47,0.2,21.2,0.19,16.89,0.18,22.6,0.17,18.39,0.29,15.0,0.31,60.0,0.32,7.0,0.35,10.0,0.36,5.0,0.71,15.0,0.69,60.0,0.68,7.0,0.65,10.0,0.64,5.0,0.79,3.47,0.8,21.2,0.81,16.89,0.82,22.6,0.83,18.39,0.08,0.08,0.094443,1776167233000
1776167235.367,135.367,0.21,3.47,0.2,21.2,0.19,16.89,0.18,22.6,0.17,18.39,0.29,15.0,0.31,60.0,0.32,7.0,0.35,10.0,0.36,5.0,0.71,15.0,0.69,60.0,0.68,7.0,0.65,10.0,0.64,5.0,0.79,3.47,0.8,21.2,0.81,16.89,0.82,22.6,0.83,18.39,0.08,0.08,0.094435,1776167234000
1776167236.144,136.144,0.21,3.47,0.2,21.2,0.19,16.89,0.18,22.6,0.17,18.39,0.29,15.0,0.31,60.0,0.32,7.0,0.35,10.0,0.36,5.0,0.71,15.0,0.69,60.0,0.68,7.0,0.65,10.0,0.64,5.0,0.79,3.47,0.8,21.2,0.81,16.89,0.82,22.6,0.83,18.39,0.08,0.08,0.09444,1776167235000
1776167236.705,136.705,0.16,19.3,0.15,25.39,0.14,21.6,0.13,23.0,0.12,29.6,0.21,1.0,0.25,5.0,0.28,10.0,0.3,5.0,0.31,55.0,0.71,15.0,0.69,60.0,0.68,7.0,0.65,10.0,0.64,5.0,0.79,3.47,0.8,21.2,0.81,16.89,0.82,22.6,0.83,18.39,0.05,0.08,0.09444,1776167235000
1776167237.635,137.635,0.16,19.3,0.15,25.39,0.14,21.6,0.13,23.0,0.12,29.6,0.21,1.0,0.25,5.0,0.28,10.0,0.3,5.0,0.31,55.0,0.79,1.0,0.75,5.0,0.72,10.0,0.7,5.0,0.69,55.0,0.84,19.3,0.85,25.39,0.86,21.6,0.87,23.0,0.88,29.6,0.05,0.05,0.094438,1776167236000
1776167238.469,138.469,0.16,19.3,0.15,25.39,0.14,21.6,0.13,23.0,0.12,29.6,0.21,1.0,0.25,5.0,0.28,10.0,0.3,5.0,0.31,55.0,0.79,1.0,0.75,5.0,0.72,10.0,0.7,5.0,0.69,55.0,0.84,19.3,0.85,25.39,0.86,21.6,0.87,23.0,0.88,29.6,0.05,0.05,0.094439,1776167237000
1776167239.216,139.216,0.16,19.3,0.15,25.39,0.14,21.6,0.13,23.0,0.12,29.6,0.21,1.0,0.25,5.0,0.28,10.0,0.3,5.0,0.31,55.0,0.79,1.0,0.75,5.0,0.72,10.0,0.7,5.0,0.69,55.0,0.84,19.3,0.85,25.39,0.86,21.6,0.87,23.0,0.88,29.6,0.05,0.05,0.094441,1776167238000
1776167239.442,139.442,0.16,16.7,0.15,20.39,0.14,26.6,0.13,23.0,0.12,29.6,0.21,56.0,0.25,5.0,0.27,13.2,0.28,22.9,0.29,12.6,0.79,1.0,0.75,5.0,0.72,10.0,0.7,5.0,0.69,55.0,0.84,19.3,0.85,25.39,0.86,21.6,0.87,23.0,0.88,29.6,0.05,0.05,0.094441,1776167238000
1776167240.78,140.78,0.16,16.7,0.15,20.39,0.14,26.6,0.13,23.0,0.12,29.6,0.21,56.0,0.25,5.0,0.27,13.2,0.28,22.9,0.29,12.6,0.79,56.0,0.75,5.0,0.73,13.2,0.72,22.9,0.71,12.6,0.84,16.7,0.85,20.39,0.86,26.6,0.87,23.0,0.88,29.6,0.05,0.05,0.094442,1776167239000
1776167241.573,141.573,0.16,16.7,0.15,20.39,0.14,26.6,0.13,23.0,0.12,29.6,0.21,56.0,0.25,5.0,0.27,13.2,0.28,22.9,0.29,12.6,0.79,56.0,0.75,5.0,0.73,13.2,0.72,22.9,0.71,12.6,0.84,16.7,0.85,20.39,0.86,26.6,0.87,23.0,0.88,29.6,0.05,0.05,0.094442,1776167240000
1776167242.356,142.356,0.16,16.7,0.15,20.39,0.14,26.6,0.13,23.0,0.12,29.6,0.21,56.0,0.25,5.0,0.27,13.2,0.28,22.9,0.29,12.6,0.79,56.0,0.75,5.0,0.73,13.2,0.72,22.9,0.71,12.6,0.84,16.7,0.85,20.39,0.86,26.6,0.87,23.0,0.88,29.6,0.05,0.05,0.094441,1776167241000
1776167243.152,143.152,0.16,16.7,0.15,20.39,0.14,26.6,0.13,23.0,0.12,29.6,0.21,56.0,0.25,5.0,0.27,13.2,0.28,22.9,0.29,12.6,0.79,56.0,0.75,5.0,0.73,13.2,0.72,22.9,0.71,12.6,0.84,16.7,0.85,20.39,0.86,26.6,0.87,23.0,0.88,29.6,0.05,0.05,0.094441,1776167242000
1776167244.683,144.683,0.16,16.7,0.15,20.39,0.14,26.6,0.13,23.0,0.12,29.6,0.21,56.0,0.25,5.0,0.27,13.2,0.28,22.9,0.29,12.6,0.79,56.0,0.75,5.0,0.73,13.2,0.72,22.9,0.71,12.6,0.84,16.7,0.85,20.39,0.86,26.6,0.87,23.0,0.88,29.6,0.05,0.05,0.09444,1776167243000
1776167245.265,145.265,0.16,16.7,0.15,20.39,0.14,26.6,0.13,23.0,0.12,29.6,0.21,56.0,0.25,5.0,0.27,13.2,0.28,22.9,0.29,12.6,0.79,56.0,0.75,5.0,0.73,13.2,0.72,22.9,0.71,12.6,0.84,16.7,0.85,20.39,0.86,26.6,0.87,23.0,0.88,29.6,0.05,0.05,0.094439,1776167244000
1776167246.724,146.724,0.16,16.7,0.15,20.39,0.14,26.6,0.13,23.0,0.12,29.6,0.21,56.0,0.25,5.0,0.27,13.2,0.28,22.9,0.29,12.6,0.79,56.0,0.75,5.0,0.73,13.2,0.72,22.9,0.71,12.6,0.84,16.7,0.85,20.39,0.86,26.6,0.87,23.0,0.88,29.6,0.05,0.05,0.094438,1776167245000
1776167247.582,147.582,0.16,16.7,0.15,20.39,0.14,26.6,0.13,23.0,0.12,29.6,0.21,56.0,0.25,5.0,0.27,13.2,0.28,22.9,0.29,12.6,0.79,56.0,0.75,5.0,0.73,13.2,0.72,22.9,0.71,12.6,0.84,16.7,0.85,20.39,0.86,26.6,0.87,23.0,0.88,29.6,0.05,0.05,0.094437,1776167246000
1776167248.245,148.245,0.16,16.7,0.15,20.39,0.14,26.6,0.13,23.0,0.12,29.6,0.21,56.0,0.25,5.0,0.27,13.2,0.28,22.9,0.29,12.6,0.79,56.0,0.75,5.0,0.73,13.2,0.72,22.9,0.71,12.6,0.84,16.7,0.85,20.39,0.86,26.6,0.87,23.0,0.88,29.6,0.05,0.05,0.094439,1776167247000
1776167249.771,149.771,0.16,16.7,0.15,20.39,0.14,26.6,0.13,23.0,0.12,29.6,0.21,56.0,0.25,5.0,0.27,13.2,0.28,22.9,0.29,12.6,0.79,56.0,0.75,5.0,0.73,13.2,0.72,22.9,0.71,12.6,0.84,16.7,0.85,20.39,0.86,26.6,0.87,23.0,0.88,29.6,0.05,0.05,0.094439,1776167248000
1776167250.469,150.469,0.16,16.7,0.15,20.39,0.14,26.6,0.13,23.0,0.12,29.6,0.21,56.0,0.25,5.0,0.27,13.2,0.28,22.9,0.29,12.6,0.79,56.0,0.75,5.0,0.73,13.2,0.72,22.9,0.71,12.6,0.84,16.7,0.85,20.39,0.86,26.6,0.87,23.0,0.88,29.6,0.05,0.05,0.094439,1776167249000
1776167251.45,151.45,0.16,16.7,0.15,20.39,0.14,26.6,0.13,23.0,0.12,29.6,0.21,56.0,0.25,5.0,0.27,13.2,0.28,22.9,0.29,12.6,0.79,56.0,0.75,5.0,0.73,13.2,0.72,22.9,0.71,12.6,0.84,16.7,0.85,20.39,0.86,26.6,0.87,23.0,0.88,29.6,0.05,0.05,0.094438,1776167250000
1776167252.039,152.039,0.16,16.7,0.15,20.39,0.14,26.6,0.13,23.0,0.12,29.6,0.21,56.0,0.25,5.0,0.27,13.2,0.28,22.9,0.29,12.6,0.79,56.0,0.75,5.0,0.73,13.2,0.72,22.9,0.71,12.6,0.84,16.7,0.85,20.39,0.86,26.6,0.87,23.0,0.88,29.6,0.05,0.05,0.094439,1776167251000
1776167253.329,153.329,0.16,16.7,0.15,20.39,0.14,26.6,0.13,23.0,0.12,29.6,0.21,56.0,0.25,5.0,0.27,13.2,0.28,22.9,0.29,12.6,0.79,56.0,0.75,5.0,0.73,13.2,0.72,22.9,0.71,12.6,0.84,16.7,0.85,20.39,0.86,26.6,0.87,23.0,0.88,29.6,0.05,0.05,0.09444,1776167252000
1776167254.385,154.385,0.16,16.7,0.15,20.39,0.14,26.6,0.13,23.0,0.12,29.6,0.21,56.0,0.25,5.0,0.27,13.2,0.28,22.9,0.29,12.6,0.79,56.0,0.75,5.0,0.73,13.2,0.72,22.9,0.71,12.6,0.84,16.7,0.85,20.39,0.86,26.6,0.87,23.0,0.88,29.6,0.05,0.05,0.09444,1776167253000
1776167254.979,154.979,0.16,16.7,0.15,20.39,0.14,26.6,0.13,23.0,0.12,29.6,0.21,56.0,0.25,5.0,0.27,13.2,0.28,22.9,0.29,12.6,0.79,56.0,0.75,5.0,0.73,13.2,0.72,22.9,0.71,12.6,0.84,16.7,0.85,20.39,0.86,26.6,0.87,23.0,0.88,29.6,0.05,0.05,0.09444,1776167254000
1776167256.156,156.156,0.16,16.7,0.15,20.39,0.14,26.6,0.13,23.0,0.12,29.6,0.21,56.0,0.25,5.0,0.27,13.2,0.28,22.9,0.29,12.6,0.79,56.0,0.75,5.0,0.73,13.2,0.72,22.9,0.71,12.6,0.84,16.7,0.85,20.39,0.86,26.6,0.87,23.0,0.88,29.6,0.05,0.05,0.09444,1776167255000
1776167257.229,157.229,0.16,16.7,0.15,20.39,0.14,26.6,0.13,23.0,0.12,29.6,0.21,56.0,0.25,5.0,0.27,13.2,0.28,22.9,0.29,12.6,0.79,56.0,0.75,5.0,0.73,13.2,0.72,22.9,0.71,12.6,0.84,16.7,0.85,20.39,0.86,26.6,0.87,23.0,0.88,29.6,0.05,0.05,0.094433,1776167256000
1776167258.41,158.41,0.16,16.7,0.15,20.39,0.14,26.6,0.13,23.0,0.12,29.6,0.21,56.0,0.25,5.0,0.27,13.2,0.28,22.9,0.29,12.6,0.79,56.0,0.75,5.0,0.73,13.2,0.72,22.9,0.71,12.6,0.84,16.7,0.85,20.39,0.86,26.6,0.87,23.0,0.88,29.6,0.05,0.05,0.094422,1776167257000
1776167259.026,159.026,0.16,16.7,0.15,20.39,0.14,26.6,0.13,23.0,0.12,29.6,0.21,56.0,0.25,5.0,0.27,13.2,0.28,22.9,0.29,12.6,0.79,56.0,0.75,5.0,0.73,13.2,0.72,22.9,0.71,12.6,0.84,16.7,0.85,20.39,0.86,26.6,0.87,23.0,0.88,29.6,0.05,0.05,0.094423,1776167258000
1776167260.346,160.346,0.16,16.7,0.15,20.39,0.14,26.6,0.13,23.0,0.12,29.6,0.21,56.0,0.25,5.0,0.27,13.2,0.28,22.9,0.29,12.6,0.79,56.0,0.75,5.0,0.73,13.2,0.72,22.9,0.71,12.6,0.84,16.7,0.85,20.39,0.86,26.6,0.87,23.0,0.88,29.6,0.05,0.05,0.094432,1776167259000
1776167260.868,160.868,0.12,23.46,0.11,31.6,0.1,33.9,0.09,31.7,0.08,40.29,0.19,6.0,0.21,70.7,0.22,15.2,0.23,24.7,0.24,14.3,0.79,56.0,0.75,5.0,0.73,13.2,0.72,22.9,0.71,12.6,0.84,16.7,0.85,20.39,0.86,26.6,0.87,23.0,0.88,29.6,0.07,0.05,0.094432,1776167259000
1776167261.33,161.33,0.12,23.46,0.11,31.6,0.1,33.9,0.09,31.7,0.08,40.29,0.19,6.0,0.21,70.7,0.22,15.2,0.23,24.7,0.24,14.3,0.81,6.0,0.79,70.7,0.78,15.2,0.77,24.7,0.76,14.3,0.88,23.46,0.89,31.6,0.9,33.9,0.91,31.7,0.92,40.29,0.07,0.07,0.094432,1776167260000
1776167261.895,161.895,0.12,23.46,0.11,31.6,0.1,33.9,0.09,31.7,0.08,40.29,0.19,6.0,0.21,70.7,0.22,15.2,0.23,24.7,0.24,14.3,0.81,6.0,0.79,70.7,0.78,15.2,0.77,24.7,0.76,14.3,0.88,23.46,0.89,31.6,0.9,33.9,0.91,31.7,0.92,40.29,0.07,0.07,0.094432,1776167261000
1776167262.112,162.112,0.14,26.6,0.13,23.0,0.12,23.46,0.11,31.6,0.1,33.9,0.19,1.0,0.25,5.0,0.27,23.2,0.28,12.9,0.29,12.6,0.81,6.0,0.79,70.7,0.78,15.2,0.77,24.7,0.76,14.3,0.88,23.46,0.89,31.6,0.9,33.9,0.91,31.7,0.92,40.29,0.05,0.07,0.094432,1776167261000
1776167263.063,163.063,0.14,26.6,0.13,23.0,0.12,23.46,0.11,31.6,0.1,33.9,0.19,1.0,0.25,5.0,0.27,23.2,0.28,12.9,0.29,12.6,0.81,1.0,0.75,5.0,0.73,23.2,0.72,12.9,0.71,12.6,0.86,26.6,0.87,23.0,0.88,23.46,0.89,31.6,0.9,33.9,0.05,0.05,0.094432,1776167262000
1776167264.237,164.237,0.14,26.6,0.13,23.0,0.12,23.46,0.11,31.6,0.1,33.9,0.19,1.0,0.25,5.0,0.27,23.2,0.28,12.9,0.29,12.6,0.81,1.0,0.75,5.0,0.73,23.2,0.72,12.9,0.71,12.6,0.86,26.6,0.87,23.0,0.88,23.46,0.89,31.6,0.9,33.9,0.05,0.05,0.094441,1776167263000
1776167265.461,165.461,0.14,26.6,0.13,23.0,0.12,23.46,0.11,31.6,0.1,33.9,0.19,1.0,0.25,5.0,0.27,23.2,0.28,12.9,0.29,12.6,0.81,1.0,0.75,5.0,0.73,23.2,0.72,12.9,0.71,12.6,0.86,26.6,0.87,23.0,0.88,23.46,0.89,31.6,0.9,33.9,0.05,0.05,0.09439,1776167264000
1776167266.576,166.576,0.14,26.6,0.13,23.0,0.12,23.46,0.11,31.6,0.1,33.9,0.19,1.0,0.25,5.0,0.27,23.2,0.28,12.9,0.29,12.6,0.81,1.0,0.75,5.0,0.73,23.2,0.72,12.9,0.71,12.6,0.86,26.6,0.87,23.0,0.88,23.46,0.89,31.6,0.9,33.9,0.05,0.05,0.094389,1776167265000
1776167267.392,167.392,0.14,26.6,0.13,23.0,0.12,23.46,0.11,31.6,0.1,33.9,0.19,1.0,0.25,5.0,0.27,23.2,0.28,12.9,0.29,12.6,0.81,1.0,0.75,5.0,0.73,23.2,0.72,12.9,0.71,12.6,0.86,26.6,0.87,23.0,0.88,23.46,0.89,31.6,0.9,33.9,0.05,0.05,0.094389,1776167266000
1776167268.208,168.208,0.14,26.6,0.13,23.0,0.12,23.46,0.11,31.6,0.1,33.9,0.19,1.0,0.25,5.0,0.27,23.2,0.28,12.9,0.29,12.6,0.81,1.0,0.75,5.0,0.73,23.2,0.72,12.9,0.71,12.6,0.86,26.6,0.87,23.0,0.88,23.46,0.89,31.6,0.9,33.9,0.05,0.05,0.094382,1776167267000
1776167269.365,169.365,0.14,26.6,0.13,23.0,0.12,23.46,0.11,31.6,0.1,33.9,0.19,1.0,0.25,5.0,0.27,23.2,0.28,12.9,0.29,12.6,0.81,1.0,0.75,5.0,0.73,23.2,0.72,12.9,0.71,12.6,0.86,26.6,0.87,23.0,0.88,23.46,0.89,31.6,0.9,33.9,0.05,0.05,0.094384,1776167268000
1776167270.051,170.051,0.14,26.6,0.13,23.0,0.12,23.46,0.11,31.6,0.1,33.9,0.19,1.0,0.25,5.0,0.27,23.2,0.28,12.9,0.29,12.6,0.81,1.0,0.75,5.0,0.73,23.2,0.72,12.9,0.71,12.6,0.86,26.6,0.87,23.0,0.88,23.46,0.89,31.6,0.9,33.9,0.05,0.05,0.094385,1776167269000
1776167271.495,171.495,0.1,10.0,0.08,35.29,0.07,39.9,0.06,51.1,0.05,59.7,0.15,35.39,0.16,19.3,0.17,24.39,0.18,17.6,0.19,16.89,0.85,35.39,0.84,19.3,0.83,24.39,0.82,17.6,0.81,16.89,0.9,10.0,0.92,35.29,0.93,39.9,0.94,51.1,0.95,59.7,0.05,0.05,0.094393,1776167270000
1776167272.068,172.068,0.1,10.0,0.08,35.29,0.07,39.9,0.06,51.1,0.05,59.7,0.15,35.39,0.16,19.3,0.17,24.39,0.18,17.6,0.19,16.89,0.85,35.39,0.84,19.3,0.83,24.39,0.82,17.6,0.81,16.89,0.9,10.0,0.92,35.29,0.93,39.9,0.94,51.1,0.95,59.7,0.05,0.05,0.094393,1776167271000
1776167273.304,173.304,0.1,10.0,0.08,35.29,0.07,39.9,0.06,51.1,0.05,59.7,0.15,35.39,0.16,19.3,0.17,24.39,0.18,17.6,0.19,16.89,0.85,35.39,0.84,19.3,0.83,24.39,0.82,17.6,0.81,16.89,0.9,10.0,0.92,35.29,0.93,39.9,0.94,51.1,0.95,59.7,0.05,0.05,0.094403,1776167272000
1776167273.932,173.932,0.1,10.0,0.08,35.29,0.07,39.9,0.06,51.1,0.05,59.7,0.15,35.39,0.16,19.3,0.17,24.39,0.18,17.6,0.19,16.89,0.85,35.39,0.84,19.3,0.83,24.39,0.82,17.6,0.81,16.89,0.9,10.0,0.92,35.29,0.93,39.9,0.94,51.1,0.95,59.7,0.05,0.05,0.094398,1776167273000
1776167275.207,175.207,0.1,10.0,0.08,35.29,0.07,39.9,0.06,51.1,0.05,59.7,0.15,35.39,0.16,19.3,0.17,24.39,0.18,17.6,0.19,16.89,0.85,35.39,0.84,19.3,0.83,24.39,0.82,17.6,0.81,16.89,0.9,10.0,0.92,35.29,0.93,39.9,0.94,51.1,0.95,59.7,0.05,0.05,0.094397,1776167274000
1776167276.396,176.396,0.1,10.0,0.08,35.29,0.07,39.9,0.06,51.1,0.05,59.7,0.15,35.39,0.16,19.3,0.17,24.39,0.18,17.6,0.19,16.89,0.85,35.39,0.84,19.3,0.83,24.39,0.82,17.6,0.81,16.89,0.9,10.0,0.92,35.29,0.93,39.9,0.94,51.1,0.95,59.7,0.05,0.05,0.094398,1776167275000
1776167277.09,177.09,0.1,10.0,0.08,35.29,0.07,39.9,0.06,51.1,0.05,59.7,0.15,35.39,0.16,19.3,0.17,24.39,0.18,17.6,0.19,16.89,0.85,35.39,0.84,19.3,0.83,24.39,0.82,17.6,0.81,16.89,0.9,10.0,0.92,35.29,0.93,39.9,0.94,51.1,0.95,59.7,0.05,0.05,0.094398,1776167276000
1776167278.299,178.299,0.1,10.0,0.08,35.29,0.07,39.9,0.06,51.1,0.05,59.7,0.15,35.39,0.16,19.3,0.17,24.39,0.18,17.6,0.19,16.89,0.85,35.39,0.84,19.3,0.83,24.39,0.82,17.6,0.81,16.89,0.9,10.0,0.92,35.29,0.93,39.9,0.94,51.1,0.95,59.7,0.05,0.05,0.094398,1776167277000
1776167279.616,179.616,0.1,10.0,0.08,35.29,0.07,39.9,0.06,51.1,0.05,59.7,0.15,35.39,0.16,19.3,0.17,24.39,0.18,17.6,0.19,16.89,0.85,35.39,0.84,19.3,0.83,24.39,0.82,17.6,0.81,16.89,0.9,10.0,0.92,35.29,0.93,39.9,0.94,51.1,0.95,59.7,0.05,0.05,0.094398,1776167278000
1776167280.186,180.186,0.1,10.0,0.08,35.29,0.07,39.9,0.06,51.1,0.05,59.7,0.15,35.39,0.16,19.3,0.17,24.39,0.18,17.6,0.19,16.89,0.85,35.39,0.84,19.3,0.83,24.39,0.82,17.6,0.81,16.89,0.9,10.0,0.92,35.29,0.93,39.9,0.94,51.1,0.95,59.7,0.05,0.05,0.094398,1776167279000
1776167281.413,181.413,0.1,10.0,0.08,35.29,0.07,39.9,0.06,51.1,0.05,59.7,0.15,35.39,0.16,19.3,0.17,24.39,0.18,17.6,0.19,16.89,0.85,35.39,0.84,19.3,0.83,24.39,0.82,17.6,0.81,16.89,0.9,10.0,0.92,35.29,0.93,39.9,0.94,51.1,0.95,59.7,0.05,0.05,0.094398,1776167280000
1776167282.012,182.012,0.1,10.0,0.08,35.29,0.07,39.9,0.06,51.1,0.05,59.7,0.15,35.39,0.16,19.3,0.17,24.39,0.18,17.6,0.19,16.89,0.85,35.39,0.84,19.3,0.83,24.39,0.82,17.6,0.81,16.89,0.9,10.0,0.92,35.29,0.93,39.9,0.94,51.1,0.95,59.7,0.05,0.05,0.094397,1776167281000
1776167284.527,184.527,0.1,10.0,0.08,35.29,0.07,39.9,0.06,51.1,0.05,59.7,0.15,35.39,0.16,19.3,0.17,24.39,0.18,17.6,0.19,16.89,0.85,35.39,0.84,19.3,0.83,24.39,0.82,17.6,0.81,16.89,0.9,10.0,0.92,35.29,0.93,39.9,0.94,51.1,0.95,59.7,0.05,0.05,0.094407,1776167283000
1776167285.11,185.11,0.1,10.0,0.08,35.29,0.07,39.9,0.06,51.1,0.05,59.7,0.15,35.39,0.16,19.3,0.17,24.39,0.18,17.6,0.19,16.89,0.85,35.39,0.84,19.3,0.83,24.39,0.82,17.6,0.81,16.89,0.9,10.0,0.92,35.29,0.93,39.9,0.94,51.1,0.95,59.7,0.05,0.05,0.094413,1776167284000
1776167286.13,186.13,0.1,10.0,0.08,35.29,0.07,39.9,0.06,51.1,0.05,59.7,0.15,35.39,0.16,19.3,0.17,24.39,0.18,17.6,0.19,16.89,0.85,35.39,0.84,19.3,0.83,24.39,0.82,17.6,0.81,16.89,0.9,10.0,0.92,35.29,0.93,39.9,0.94,51.1,0.95,59.7,0.05,0.05,0.09442,1776167285000
1776167286.531,186.531,0.1,19.85,0.09,31.7,0.08,35.29,0.07,39.9,0.06,56.1,0.11,5.0,0.14,5.81,0.17,6.0,0.18,22.6,0.19,26.89,0.85,35.39,0.84,19.3,0.83,24.39,0.82,17.6,0.81,16.89,0.9,10.0,0.92,35.29,0.93,39.9,0.94,51.1,0.95,59.7,0.01,0.05,0.09442,1776167285000
1776167287.115,187.115,0.1,19.85,0.09,31.7,0.08,35.29,0.07,39.9,0.06,56.1,0.11,5.0,0.14,5.81,0.17,6.0,0.18,22.6,0.19,26.89,0.89,5.0,0.86,5.81,0.83,6.0,0.82,22.6,0.81,26.89,0.9,19.85,0.91,31.7,0.92,35.29,0.93,39.9,0.94,56.1,0.01,0.01,0.094424,1776167286000
1776167288.14,188.14,0.1,19.85,0.09,31.7,0.08,35.29,0.07,39.9,0.06,56.1,0.11,5.0,0.14,5.81,0.17,6.0,0.18,22.6,0.19,26.89,0.89,5.0,0.86,5.81,0.83,6.0,0.82,22.6,0.81,26.89,0.9,19.85,0.91,31.7,0.92,35.29,0.93,39.9,0.94,56.1,0.01,0.01,0.094423,1776167287000
1776167289.188,189.188,0.1,19.85,0.09,31.7,0.08,35.29,0.07,39.9,0.06,56.1,0.11,5.0,0.14,5.81,0.17,6.0,0.18,22.6,0.19,26.89,0.89,5.0,0.86,5.81,0.83,6.0,0.82,22.6,0.81,26.89,0.9,19.85,0.91,31.7,0.92,35.29,0.93,39.9,0.94,56.1,0.01,0.01,0.094423,1776167288000
1776167290.197,190.197,0.1,19.85,0.09,31.7,0.08,35.29,0.07,39.9,0.06,56.1,0.11,5.0,0.14,5.81,0.17,6.0,0.18,22.6,0.19,26.89,0.89,5.0,0.86,5.81,0.83,6.0,0.82,22.6,0.81,26.89,0.9,19.85,0.91,31.7,0.92,35.29,0.93,39.9,0.94,56.1,0.01,0.01,0.094422,1776167289000
1776167291.244,191.244,0.1,19.85,0.09,31.7,0.08,35.29,0.07,39.9,0.06,56.1,0.11,5.0,0.14,5.81,0.17,6.0,0.18,22.6,0.19,26.89,0.89,5.0,0.86,5.81,0.83,6.0,0.82,22.6,0.81,26.89,0.9,19.85,0.91,31.7,0.92,35.29,0.93,39.9,0.94,56.1,0.01,0.01,0.094422,1776167290000
1776167292.201,192.201,0.1,19.85,0.09,31.7,0.08,35.29,0.07,39.9,0.06,56.1,0.11,5.0,0.14,5.81,0.17,6.0,0.18,22.6,0.19,26.89,0.89,5.0,0.86,5.81,0.83,6.0,0.82,22.6,0.81,26.89,0.9,19.85,0.91,31.7,0.92,35.29,0.93,39.9,0.94,56.1,0.01,0.01,0.094422,1776167291000
1776167293.207,193.207,0.1,19.85,0.09,31.7,0.08,35.29,0.07,39.9,0.06,56.1,0.11,5.0,0.14,5.81,0.17,6.0,0.18,22.6,0.19,26.89,0.89,5.0,0.86,5.81,0.83,6.0,0.82,22.6,0.81,26.89,0.9,19.85,0.91,31.7,0.92,35.29,0.93,39.9,0.94,56.1,0.01,0.01,0.094424,1776167292000
1776167294.188,194.188,0.1,19.85,0.09,31.7,0.08,35.29,0.07,39.9,0.06,56.1,0.11,5.0,0.14,5.81,0.17,6.0,0.18,22.6,0.19,26.89,0.89,5.0,0.86,5.81,0.83,6.0,0.82,22.6,0.81,26.89,0.9,19.85,0.91,31.7,0.92,35.29,0.93,39.9,0.94,56.1,0.01,0.01,0.094424,1776167293000
1776167295.201,195.201,0.1,19.85,0.09,31.7,0.08,35.29,0.07,39.9,0.06,56.1,0.11,5.0,0.14,5.81,0.17,6.0,0.18,22.6,0.19,26.89,0.89,5.0,0.86,5.81,0.83,6.0,0.82,22.6,0.81,26.89,0.9,19.85,0.91,31.7,0.92,35.29,0.93,39.9,0.94,56.1,0.01,0.01,0.094424,1776167294000
1776167296.276,196.276,0.1,19.85,0.09,31.7,0.08,35.29,0.07,39.9,0.06,56.1,0.11,5.0,0.14,5.81,0.17,6.0,0.18,22.6,0.19,26.89,0.89,5.0,0.86,5.81,0.83,6.0,0.82,22.6,0.81,26.89,0.9,19.85,0.91,31.7,0.92,35.29,0.93,39.9,0.94,56.1,0.01,0.01,0.094424,1776167295000
1776167296.515,196.515,0.1,5.0,0.08,40.29,0.07,39.9,0.06,56.1,0.05,59.7,0.11,10.61,0.16,5.0,0.2,10.0,0.21,70.7,0.22,15.2,0.89,5.0,0.86,5.81,0.83,6.0,0.82,22.6,0.81,26.89,0.9,19.85,0.91,31.7,0.92,35.29,0.93,39.9,0.94,56.1,0.01,0.01,0.094424,1776167295000
1776167297.061,197.061,0.07,39.9,0.06,51.1,0.05,59.7,0.04,82.7,0.03,94.3,0.11,10.61,0.17,15.0,0.19,6.0,0.2,16.3,0.21,65.7,0.89,10.61,0.84,5.0,0.8,10.0,0.79,70.7,0.78,15.2,0.9,5.0,0.92,40.29,0.93,39.9,0.94,56.1,0.95,59.7,0.04,0.01,0.094424,1776167295000
1776167297.713,197.713,0.07,39.9,0.06,51.1,0.05,59.7,0.04,82.7,0.03,94.3,0.11,10.61,0.17,15.0,0.19,6.0,0.2,16.3,0.21,65.7,0.89,10.61,0.83,15.0,0.81,6.0,0.8,16.3,0.79,65.7,0.93,39.9,0.94,51.1,0.95,59.7,0.96,82.7,0.97,94.3,0.04,0.04,0.094423,1776167296000
1776167298.276,198.276,0.07,39.9,0.06,51.1,0.05,59.7,0.04,82.7,0.03,94.3,0.11,10.61,0.17,15.0,0.19,6.0,0.2,16.3,0.21,65.7,0.89,10.61,0.83,15.0,0.81,6.0,0.8,16.3,0.79,65.7,0.93,39.9,0.94,51.1,0.95,59.7,0.96,82.7,0.97,94.3,0.04,0.04,0.094426,1776167297000
1776167299.352,199.352,0.07,39.9,0.06,51.1,0.05,59.7,0.04,82.7,0.03,94.3,0.11,10.61,0.17,15.0,0.19,6.0,0.2,16.3,0.21,65.7,0.89,10.61,0.83,15.0,0.81,6.0,0.8,16.3,0.79,65.7,0.93,39.9,0.94,51.1,0.95,59.7,0.96,82.7,0.97,94.3,0.04,0.04,0.094419,1776167298000
1776167299.732,199.732,0.07,38.82,0.06,51.1,0.05,59.7,0.04,82.7,0.03,94.3,0.11,10.61,0.15,25.39,0.16,19.3,0.17,33.39,0.18,17.6,0.89,10.61,0.83,15.0,0.81,6.0,0.8,16.3,0.79,65.7,0.93,39.9,0.94,51.1,0.95,59.7,0.96,82.7,0.97,94.3,0.04,0.04,0.094419,1776167298000
1776167299.974,199.974,0.07,38.82,0.06,51.1,0.05,59.7,0.04,82.7,0.03,94.3,0.11,10.61,0.15,25.39,0.16,19.3,0.17,33.39,0.18,17.6,0.89,10.61,0.85,25.39,0.84,19.3,0.83,33.39,0.82,17.6,0.93,38.82,0.94,51.1,0.95,59.7,0.96,82.7,0.97,94.3,0.04,0.04,0.094419,1776167299000
1776167301.005,201.005,0.07,17.31,0.06,51.1,0.05,59.7,0.04,82.7,0.03,94.3,0.11,10.61,0.13,23.0,0.14,21.6,0.15,25.39,0.16,29.3,0.89,10.61,0.85,25.39,0.84,19.3,0.83,33.39,0.82,17.6,0.93,38.82,0.94,51.1,0.95,59.7,0.96,82.7,0.97,94.3,0.04,0.04,0.094419,1776167299000
1776167302.199,202.199,0.07,17.31,0.06,51.1,0.05,59.7,0.04,82.7,0.03,94.3,0.11,10.61,0.13,23.0,0.14,21.6,0.15,25.39,0.16,29.3,0.89,10.61,0.87,23.0,0.86,21.6,0.85,25.39,0.84,29.3,0.93,17.31,0.94,51.1,0.95,59.7,0.96,82.7,0.97,94.3,0.04,0.04,0.094418,1776167301000
1776167303.351,203.351,0.07,17.31,0.06,51.1,0.05,59.7,0.04,82.7,0.03,94.3,0.11,10.61,0.13,23.0,0.14,21.6,0.15,25.39,0.16,29.3,0.89,10.61,0.87,23.0,0.86,21.6,0.85,25.39,0.84,29.3,0.93,17.31,0.94,51.1,0.95,59.7,0.96,82.7,0.97,94.3,0.04,0.04,0.094418,1776167302000
1776167304.42,204.42,0.07,17.31,0.06,51.1,0.05,59.7,0.04,82.7,0.03,94.3,0.11,10.61,0.13,23.0,0.14,21.6,0.15,25.39,0.16,29.3,0.89,10.61,0.87,23.0,0.86,21.6,0.85,25.39,0.84,29.3,0.93,17.31,0.94,51.1,0.95,59.7,0.96,82.7,0.97,94.3,0.04,0.04,0.094417,1776167303000
1776167305.043,205.043,0.07,17.31,0.06,51.1,0.05,59.7,0.04,82.7,0.03,94.3,0.11,10.61,0.13,23.0,0.14,21.6,0.15,25.39,0.16,29.3,0.89,10.61,0.87,23.0,0.86,21.6,0.85,25.39,0.84,29.3,0.93,17.31,0.94,51.1,0.95,59.7,0.96,82.7,0.97,94.3,0.04,0.04,0.094423,1776167304000
1776167305.313,205.313,0.1,14.45,0.09,31.7,0.08,35.29,0.07,22.31,0.06,56.1,0.11,10.61,0.16,5.0,0.2,21.3,0.21,75.7,0.22,15.2,0.89,10.61,0.87,23.0,0.86,21.6,0.85,25.39,0.84,29.3,0.93,17.31,0.94,51.1,0.95,59.7,0.96,82.7,0.97,94.3,0.01,0.04,0.094423,1776167304000
1776167306.052,206.052,0.1,14.45,0.09,31.7,0.08,35.29,0.07,22.31,0.06,56.1,0.11,10.61,0.16,5.0,0.2,21.3,0.21,75.7,0.22,15.2,0.89,10.61,0.84,5.0,0.8,21.3,0.79,75.7,0.78,15.2,0.9,14.45,0.91,31.7,0.92,35.29,0.93,22.31,0.94,56.1,0.01,0.01,0.094442,1776167305000
1776167307.185,207.185,0.1,14.45,0.09,31.7,0.08,35.29,0.07,22.31,0.06,56.1,0.11,10.61,0.16,5.0,0.2,21.3,0.21,75.7,0.22,15.2,0.89,10.61,0.84,5.0,0.8,21.3,0.79,75.7,0.78,15.2,0.9,14.45,0.91,31.7,0.92,35.29,0.93,22.31,0.94,56.1,0.01,0.01,0.094442,1776167306000
1776167308.271,208.271,0.1,14.45,0.09,31.7,0.08,35.29,0.07,22.31,0.06,56.1,0.11,10.61,0.16,5.0,0.2,21.3,0.21,75.7,0.22,15.2,0.89,10.61,0.84,5.0,0.8,21.3,0.79,75.7,0.78,15.2,0.9,14.45,0.91,31.7,0.92,35.29,0.93,22.31,0.94,56.1,0.01,0.01,0.094442,1776167307000
1776167309.298,209.298,0.1,14.45,0.09,31.7,0.08,35.29,0.07,22.31,0.06,56.1,0.11,10.61,0.16,5.0,0.2,21.3,0.21,75.7,0.22,15.2,0.89,10.61,0.84,5.0,0.8,21.3,0.79,75.7,0.78,15.2,0.9,14.45,0.91,31.7,0.92,35.29,0.93,22.31,0.94,56.1,0.01,0.01,0.094395,1776167308000
1776167310.542,210.542,0.06,5.0,0.05,5.0,0.04,10.0,0.03,89.3,0.02,147.69,0.08,10.0,0.1,5.0,0.11,10.61,0.13,33.0,0.14,21.6,0.92,10.0,0.9,5.0,0.89,10.61,0.87,33.0,0.86,21.6,0.94,5.0,0.95,5.0,0.96,10.0,0.97,89.3,0.98,147.69,0.02,0.02,0.09439,1776167309000
1776167311.068,211.068,0.06,0.8,0.05,5.0,0.04,10.0,0.03,89.3,0.02,147.69,0.08,10.0,0.1,28.9,0.11,37.21,0.12,24.6,0.13,23.0,0.92,10.0,0.9,5.0,0.89,10.61,0.87,33.0,0.86,21.6,0.94,5.0,0.95,5.0,0.96,10.0,0.97,89.3,0.98,147.69,0.02,0.02,0.09439,1776167309000
1776167311.893,211.893,0.05,3.68,0.04,10.0,0.03,89.3,0.02,147.69,0.01,488.6,0.09,31.7,0.1,38.9,0.11,37.21,0.12,24.6,0.13,23.0,0.92,4.0,0.9,28.9,0.89,37.21,0.88,24.6,0.87,23.0,0.94,0.8,0.95,5.0,0.96,10.0,0.97,89.3,0.98,147.69,0.04,0.02,0.094378,1776167310000
1776167312.154,212.154,0.05,3.68,0.04,10.0,0.03,89.3,0.02,147.69,0.01,488.6,0.09,31.7,0.1,38.9,0.11,37.21,0.12,24.6,0.13,23.0,0.91,31.7,0.9,38.9,0.89,37.21,0.88,24.6,0.87,23.0,0.95,3.68,0.96,10.0,0.97,89.3,0.98,147.69,0.99,488.6,0.04,0.04,0.094367,1776167311000
1776167312.918,212.918,0.04,10.0,0.03,89.3,0.02,147.69,0.01,488.6,,,0.07,39.9,0.08,35.29,0.09,41.7,0.1,28.9,0.11,37.21,0.91,31.7,0.9,38.9,0.89,37.21,0.88,24.6,0.87,23.0,0.95,3.68,0.96,10.0,0.97,89.3,0.98,147.69,0.99,488.6,0.03,0.04,0.094367,1776167311000
1776167313.165,213.165,0.04,10.0,0.03,89.3,0.02,147.69,0.01,488.6,,,0.07,39.9,0.08,35.29,0.09,41.7,0.1,28.9,0.11,37.21,0.93,39.9,0.92,35.29,0.91,41.7,0.9,28.9,0.89,37.21,0.96,10.0,0.97,89.3,0.98,147.69,0.99,488.6,,,0.03,0.03,0.094367,1776167312000
1776167313.76,213.76,0.04,5.11,0.03,89.3,0.02,147.69,0.01,488.6,,,0.06,46.1,0.07,39.9,0.08,35.29,0.09,41.7,0.1,28.9,0.93,39.9,0.92,35.29,0.91,41.7,0.9,28.9,0.89,37.21,0.96,10.0,0.97,89.3,0.98,147.69,0.99,488.6,,,0.02,0.03,0.094367,1776167312000
1776167314.072,214.072,0.03,74.26,0.02,147.69,0.01,488.6,,,,,0.06,46.1,0.07,39.9,0.08,35.29,0.09,41.7,0.1,28.9,0.94,46.1,0.93,39.9,0.92,35.29,0.91,41.7,0.9,28.9,0.96,5.11,0.97,89.3,0.98,147.69,0.99,488.6,,,0.03,0.02,0.094367,1776167312000
1776167315.183,215.183,0.03,74.26,0.02,147.69,0.01,488.6,,,,,0.06,46.1,0.07,39.9,0.08,35.29,0.09,41.7,0.1,28.9,0.94,46.1,0.93,39.9,0.92,35.29,0.91,41.7,0.9,28.9,0.97,74.26,0.98,147.69,0.99,488.6,,,,,0.03,0.03,0.094361,1776167314000
1776167316.254,216.254,0.03,74.26,0.02,147.69,0.01,488.6,,,,,0.06,46.1,0.07,39.9,0.08,35.29,0.09,41.7,0.1,28.9,0.94,46.1,0.93,39.9,0.92,35.29,0.91,41.7,0.9,28.9,0.97,74.26,0.98,147.69,0.99,488.6,,,,,0.03,0.03,0.094359,1776167315000
1776167316.458,216.458,0.03,87.22,0.02,147.69,0.01,488.6,,,,,0.06,46.1,0.07,39.9,0.08,35.29,0.09,31.7,0.1,38.9,0.94,46.1,0.93,39.9,0.92,35.29,0.91,31.7,0.9,38.9,0.97,88.26,0.98,147.69,0.99,488.6,,,,,0.03,0.03,0.094359,1776167315000
1776167316.875,216.875,0.03,87.22,0.02,147.69,0.01,488.6,,,,,0.06,41.1,0.07,39.9,0.08,35.29,0.09,31.7,0.1,38.9,0.94,46.1,0.93,39.9,0.92,35.29,0.91,31.7,0.9,38.9,0.97,87.22,0.98,147.69,0.99,488.6,,,,,0.03,0.03,0.094359,1776167315000
1776167317.319,217.319,0.03,87.22,0.02,147.69,0.01,488.6,,,,,0.06,41.1,0.07,39.9,0.08,35.29,0.09,31.7,0.1,38.9,0.94,41.1,0.93,39.9,0.92,35.29,0.91,31.7,0.9,38.9,0.97,87.22,0.98,147.69,0.99,488.6,,,,,0.03,0.03,0.094359,1776167316000
1776167317.922,217.922,0.03,87.22,0.02,147.69,0.01,488.6,,,,,0.06,41.1,0.07,39.9,0.08,35.29,0.09,31.7,0.1,38.9,0.94,41.1,0.93,39.9,0.92,35.29,0.91,31.7,0.9,38.9,0.97,87.22,0.98,147.69,0.99,488.6,,,,,0.03,0.03,0.094364,1776167317000
1776167318.528,218.528,0.03,88.29,0.02,147.69,0.01,488.6,,,,,0.07,39.9,0.08,35.29,0.09,31.7,0.1,28.9,0.11,47.21,0.94,41.1,0.93,39.9,0.92,35.29,0.91,31.7,0.9,38.9,0.97,87.22,0.98,147.69,0.99,488.6,,,,,0.04,0.03,0.094364,1776167317000
1776167318.947,218.947,0.03,88.29,0.02,147.69,0.01,488.6,,,,,0.07,39.9,0.08,35.29,0.09,31.7,0.1,28.9,0.11,47.21,0.93,39.9,0.92,35.29,0.91,31.7,0.9,28.9,0.89,47.21,0.97,88.29,0.98,147.69,0.99,488.6,,,,,0.04,0.04,0.094367,1776167318000
1776167319.927,219.927,0.03,88.29,0.02,147.69,0.01,488.6,,,,,0.07,39.9,0.08,35.29,0.09,31.7,0.1,28.9,0.11,47.21,0.93,39.9,0.92,35.29,0.91,31.7,0.9,28.9,0.89,47.21,0.97,88.29,0.98,147.69,0.99,488.6,,,,,0.04,0.04,0.094375,1776167319000
1776167320.231,220.231,0.04,66.65,0.03,88.29,0.02,147.69,0.01,588.6,,,0.08,35.29,0.09,31.7,0.1,28.9,0.11,37.21,0.12,34.6,0.93,39.9,0.92,35.29,0.91,31.7,0.9,28.9,0.89,47.21,0.97,88.29,0.98,147.69,0.99,488.6,,,,,0.04,0.04,0.094375,1776167319000
1776167320.999,220.999,0.04,66.65,0.03,88.29,0.02,147.69,0.01,588.6,,,0.08,35.29,0.09,31.7,0.1,28.9,0.11,37.21,0.12,34.6,0.92,35.29,0.91,31.7,0.9,28.9,0.89,37.21,0.88,34.6,0.96,66.65,0.97,88.29,0.98,147.69,0.99,588.6,,,0.04,0.04,0.094377,1776167320000
1776167322.056,222.056,0.04,66.65,0.03,88.29,0.02,147.69,0.01,588.6,,,0.08,35.29,0.09,31.7,0.1,28.9,0.11,37.21,0.12,34.6,0.92,35.29,0.91,31.7,0.9,28.9,0.89,37.21,0.88,34.6,0.96,66.65,0.97,88.29,0.98,147.69,0.99,588.6,,,0.04,0.04,0.09438,1776167321000
1776167323.041,223.041,0.04,66.65,0.03,88.29,0.02,147.69,0.01,588.6,,,0.08,35.29,0.09,31.7,0.1,28.9,0.11,37.21,0.12,34.6,0.92,35.29,0.91,31.7,0.9,28.9,0.89,37.21,0.88,34.6,0.96,66.65,0.97,88.29,0.98,147.69,0.99,588.6,,,0.04,0.04,0.094383,1776167322000
1776167324.132,224.132,0.04,66.65,0.03,88.29,0.02,147.69,0.01,588.6,,,0.08,35.29,0.09,31.7,0.1,28.9,0.11,37.21,0.12,34.6,0.92,35.29,0.91,31.7,0.9,28.9,0.89,37.21,0.88,34.6,0.96,66.65,0.97,88.29,0.98,147.69,0.99,588.6,,,0.04,0.04,0.094397,1776167323000
1776167325.835,225.835,0.04,66.65,0.03,88.29,0.02,147.69,0.01,588.6,,,0.08,35.29,0.09,31.7,0.1,28.9,0.11,37.21,0.12,34.6,0.92,35.29,0.91,31.7,0.9,28.9,0.89,37.21,0.88,34.6,0.96,66.65,0.97,88.29,0.98,147.69,0.99,588.6,,,0.04,0.04,0.094402,1776167324000
1776167326.413,226.413,0.04,66.65,0.03,88.29,0.02,147.69,0.01,588.6,,,0.08,35.29,0.09,31.7,0.1,28.9,0.11,37.21,0.12,34.6,0.92,35.29,0.91,31.7,0.9,28.9,0.89,37.21,0.88,34.6,0.96,66.65,0.97,88.29,0.98,147.69,0.99,588.6,,,0.04,0.04,0.09439,1776167325000
1776167327.399,227.399,0.03,86.15,0.02,147.69,0.01,488.6,,,,,0.07,39.9,0.08,35.29,0.09,31.7,0.1,28.9,0.11,37.21,0.93,39.9,0.92,35.29,0.91,31.7,0.9,28.9,0.89,37.21,0.97,86.15,0.98,147.69,0.99,488.6,,,,,0.04,0.04,0.094387,1776167326000
1776167327.811,227.811,0.03,86.15,0.02,147.69,0.01,488.6,,,,,0.07,39.9,0.08,35.29,0.09,31.7,0.1,28.9,0.11,37.21,0.93,39.9,0.92,35.29,0.91,31.7,0.9,28.9,0.89,37.21,0.97,86.15,0.98,147.69,0.99,488.6,,,,,0.04,0.04,0.094387,1776167327000
1776167328.789,228.789,0.03,86.15,0.02,147.69,0.01,488.6,,,,,0.07,39.9,0.08,35.29,0.09,31.7,0.1,28.9,0.11,37.21,0.93,39.9,0.92,35.29,0.91,31.7,0.9,28.9,0.89,37.21,0.97,86.15,0.98,147.69,0.99,488.6,,,,,0.04,0.04,0.094386,1776167328000
1776167330.332,230.332,0.03,86.15,0.02,147.69,0.01,488.6,,,,,0.07,39.9,0.08,35.29,0.09,31.7,0.1,28.9,0.11,37.21,0.93,39.9,0.92,35.29,0.91,31.7,0.9,28.9,0.89,37.21,0.97,86.15,0.98,147.69,0.99,488.6,,,,,0.04,0.04,0.094386,1776167329000
1776167331.3,231.3,0.03,86.15,0.02,147.69,0.01,488.6,,,,,0.07,39.9,0.08,35.29,0.09,31.7,0.1,28.9,0.11,37.21,0.93,39.9,0.92,35.29,0.91,31.7,0.9,28.9,0.89,37.21,0.97,86.15,0.98,147.69,0.99,488.6,,,,,0.04,0.04,0.09439,1776167330000
1776167332.283,232.283,0.03,86.15,0.02,147.69,0.01,488.6,,,,,0.07,39.9,0.08,35.29,0.09,31.7,0.1,28.9,0.11,37.21,0.93,39.9,0.92,35.29,0.91,31.7,0.9,28.9,0.89,37.21,0.97,86.15,0.98,147.69,0.99,488.6,,,,,0.04,0.04,0.094396,1776167331000
1776167333.271,233.271,0.03,86.15,0.02,147.69,0.01,488.6,,,,,0.07,39.9,0.08,35.29,0.09,31.7,0.1,28.9,0.11,37.21,0.93,39.9,0.92,35.29,0.91,31.7,0.9,28.9,0.89,37.21,0.97,86.15,0.98,147.69,0.99,488.6,,,,,0.04,0.04,0.094384,1776167332000
1776167334.319,234.319,0.03,86.15,0.02,147.69,0.01,488.6,,,,,0.07,39.9,0.08,35.29,0.09,31.7,0.1,28.9,0.11,37.21,0.93,39.9,0.92,35.29,0.91,31.7,0.9,28.9,0.89,37.21,0.97,86.15,0.98,147.69,0.99,488.6,,,,,0.04,0.04,0.094377,1776167333000
1776167335.147,235.147,0.02,4.8,0.01,488.6,,,,,,,0.04,67.7,0.05,59.9,0.06,46.1,0.07,39.9,0.08,45.29,0.93,39.9,0.92,35.29,0.91,31.7,0.9,28.9,0.89,37.21,0.97,86.15,0.98,147.69,0.99,488.6,,,,,0.02,0.04,0.094377,1776167333000
1776167336.38,236.38,0.02,4.8,0.01,488.6,,,,,,,0.04,67.7,0.05,59.9,0.06,46.1,0.07,39.9,0.08,45.29,0.96,67.7,0.95,59.9,0.94,46.1,0.93,39.9,0.92,45.29,0.98,4.8,0.99,488.6,,,,,,,0.02,0.02,0.094361,1776167335000
1776167337.396,237.396,0.02,4.8,0.01,488.6,,,,,,,0.04,67.7,0.05,59.9,0.06,46.1,0.07,39.9,0.08,45.29,0.96,67.7,0.95,59.9,0.94,46.1,0.93,39.9,0.92,45.29,0.98,4.8,0.99,488.6,,,,,,,0.02,0.02,0.094359,1776167336000
1776167337.93,237.93,0.02,4.8,0.01,488.6,,,,,,,0.04,67.7,0.05,59.9,0.06,46.1,0.07,39.9,0.08,45.29,0.96,67.7,0.95,59.9,0.94,46.1,0.93,39.9,0.92,45.29,0.98,4.8,0.99,488.6,,,,,,,0.02,0.02,0.094359,1776167337000
1776167339.65,239.65,0.02,4.8,0.01,488.6,,,,,,,0.04,67.7,0.05,59.9,0.06,46.1,0.07,39.9,0.08,45.29,0.96,67.7,0.95,59.9,0.94,46.1,0.93,39.9,0.92,45.29,0.98,4.8,0.99,488.6,,,,,,,0.02,0.02,0.094359,1776167338000
1776167340.263,240.263,0.02,4.8,0.01,488.6,,,,,,,0.04,67.7,0.05,59.9,0.06,46.1,0.07,39.9,0.08,45.29,0.96,67.7,0.95,59.9,0.94,46.1,0.93,39.9,0.92,45.29,0.98,4.8,0.99,488.6,,,,,,,0.02,0.02,0.094362,1776167339000
1776167340.747,240.747,0.01,488.3,,,,,,,,,0.04,67.7,0.05,59.9,0.06,46.1,0.07,39.9,0.08,45.29,0.96,67.7,0.95,59.9,0.94,46.1,0.93,39.9,0.92,45.29,0.98,4.8,0.99,488.6,,,,,,,0.03,0.02,0.094362,1776167339000
1776167341.312,241.312,0.01,585.46,,,,,,,,,0.05,5.2,0.06,46.1,0.07,39.9,0.08,35.29,0.09,41.7,0.96,67.7,0.95,59.9,0.94,46.1,0.93,39.9,0.92,45.29,0.99,488.3,,,,,,,,,0.04,0.03,0.094362,1776167339000
1776167342.081,242.081,0.01,585.46,,,,,,,,,0.05,5.2,0.06,46.1,0.07,39.9,0.08,35.29,0.09,41.7,0.95,5.2,0.94,46.1,0.93,39.9,0.92,35.29,0.91,41.7,0.99,585.46,,,,,,,,,0.04,0.04,0.094366,1776167340000
1776167342.688,242.688,0.03,87.24,0.02,132.69,0.01,485.46,,,,,0.05,5.2,0.07,39.9,0.08,35.29,0.09,31.7,0.1,28.9,0.95,5.2,0.94,46.1,0.93,39.9,0.92,35.29,0.91,41.7,0.99,585.46,,,,,,,,,0.02,0.04,0.094366,1776167340000
1776167342.916,242.916,0.03,77.96,0.02,132.69,0.01,485.46,,,,,0.05,5.2,0.07,39.9,0.08,35.29,0.09,31.7,0.1,28.9,0.95,5.2,0.93,39.9,0.92,35.29,0.91,31.7,0.9,28.9,0.97,77.96,0.98,132.69,0.99,485.46,,,,,0.02,0.02,0.094374,1776167341000
1776167343.12,243.12,0.03,74.86,0.02,132.69,0.01,485.46,,,,,0.05,5.2,0.07,39.9,0.08,35.29,0.09,31.7,0.1,28.9,0.95,5.2,0.93,39.9,0.92,35.29,0.91,31.7,0.9,28.9,0.97,76.92,0.98,132.69,0.99,485.46,,,,,0.02,0.02,0.094374,1776167341000
1776167343.713,243.713,0.03,73.82,0.02,132.69,0.01,485.46,,,,,0.05,5.2,0.07,39.9,0.08,35.29,0.09,31.7,0.1,28.9,0.95,5.2,0.93,39.9,0.92,35.29,0.91,31.7,0.9,28.9,0.97,73.82,0.98,132.69,0.99,485.46,,,,,0.02,0.02,0.094378,1776167342000
1776167344.671,244.671,0.03,73.82,0.02,132.69,0.01,485.46,,,,,0.05,5.2,0.07,39.9,0.08,35.29,0.09,31.7,0.1,28.9,0.95,5.2,0.93,39.9,0.92,35.29,0.91,31.7,0.9,28.9,0.97,73.82,0.98,132.69,0.99,485.46,,,,,0.02,0.02,0.09439,1776167343000
1776167345.058,245.058,0.03,68.66,0.02,132.69,0.01,405.46,,,,,0.05,5.2,0.06,46.1,0.07,39.9,0.08,35.29,0.09,31.7,0.95,5.2,0.93,39.9,0.92,35.29,0.91,31.7,0.9,28.9,0.97,73.82,0.98,132.69,0.99,485.46,,,,,0.02,0.02,0.09439,1776167343000
1776167345.361,245.361,0.03,68.66,0.02,132.69,0.01,405.46,,,,,0.05,5.2,0.06,46.1,0.07,39.9,0.08,35.29,0.09,31.7,0.95,5.2,0.94,46.1,0.93,39.9,0.92,35.29,0.91,31.7,0.97,68.66,0.98,132.69,0.99,405.46,,,,,0.02,0.02,0.0944,1776167344000
1776167346.267,246.267,0.03,68.66,0.02,132.69,0.01,405.46,,,,,0.05,5.2,0.06,46.1,0.07,39.9,0.08,35.29,0.09,31.7,0.95,5.2,0.94,46.1,0.93,39.9,0.92,35.29,0.91,31.7,0.97,68.66,0.98,132.69,0.99,405.46,,,,,0.02,0.02,0.0944,1776167345000
1776167347.661,247.661,0.03,68.66,0.02,132.69,0.01,405.46,,,,,0.05,5.2,0.06,46.1,0.07,39.9,0.08,35.29,0.09,31.7,0.95,5.2,0.94,46.1,0.93,39.9,0.92,35.29,0.91,31.7,0.97,68.66,0.98,132.69,0.99,405.46,,,,,0.02,0.02,0.094398,1776167346000
1776167348.099,248.099,0.02,126.56,0.01,405.46,,,,,,,0.05,59.9,0.06,46.1,0.07,39.9,0.08,35.29,0.09,31.7,0.95,5.2,0.94,46.1,0.93,39.9,0.92,35.29,0.91,31.7,0.97,68.66,0.98,132.69,0.99,405.46,,,,,0.03,0.02,0.094398,1776167346000
1776167348.316,248.316,0.02,126.56,0.01,405.46,,,,,,,0.05,59.9,0.06,46.1,0.07,39.9,0.08,35.29,0.09,31.7,0.95,59.9,0.94,46.1,0.93,39.9,0.92,35.29,0.91,31.7,0.98,126.56,0.99,405.46,,,,,,,0.03,0.03,0.094398,1776167347000
1776167349.726,249.726,0.02,126.56,0.01,405.46,,,,,,,0.05,59.9,0.06,46.1,0.07,39.9,0.08,35.29,0.09,31.7,0.95,59.9,0.94,46.1,0.93,39.9,0.92,35.29,0.91,31.7,0.98,126.56,0.99,405.46,,,,,,,0.03,0.03,0.094396,1776167348000
1776167350.416,250.416,0.02,126.56,0.01,405.46,,,,,,,0.05,59.9,0.06,46.1,0.07,39.9,0.08,35.29,0.09,31.7,0.95,59.9,0.94,46.1,0.93,39.9,0.92,35.29,0.91,31.7,0.98,126.56,0.99,405.46,,,,,,,0.03,0.03,0.0944,1776167349000
1776167351.144,251.144,0.02,131.56,0.01,405.46,,,,,,,0.05,39.9,0.06,46.1,0.07,39.9,0.08,35.29,0.09,31.7,0.95,39.9,0.94,46.1,0.93,39.9,0.92,35.29,0.91,31.7,0.98,131.56,0.99,405.46,,,,,,,0.03,0.03,0.094403,1776167350000
1776167351.351,251.351,0.02,103.79,0.01,405.46,,,,,,,0.05,39.9,0.06,46.1,0.07,39.9,0.08,35.29,0.09,31.7,0.95,39.9,0.94,46.1,0.93,39.9,0.92,35.29,0.91,31.7,0.98,131.56,0.99,405.46,,,,,,,0.03,0.03,0.094403,1776167350000
1776167352.585,252.585,0.02,103.79,0.01,405.46,,,,,,,0.05,39.9,0.06,46.1,0.07,39.9,0.08,35.29,0.09,31.7,0.95,39.9,0.94,46.1,0.93,39.9,0.92,35.29,0.91,31.7,0.98,103.79,0.99,405.46,,,,,,,0.03,0.03,0.094399,1776167351000
1776167353.242,253.242,0.02,103.79,0.01,405.46,,,,,,,0.05,39.9,0.06,46.1,0.07,39.9,0.08,35.29,0.09,31.7,0.95,39.9,0.94,46.1,0.93,39.9,0.92,35.29,0.91,31.7,0.98,103.79,0.99,405.46,,,,,,,0.03,0.03,0.094399,1776167352000
1776167354.958,254.958,0.02,103.79,0.01,405.46,,,,,,,0.05,39.9,0.06,46.1,0.07,39.9,0.08,35.29,0.09,31.7,0.95,39.9,0.94,46.1,0.93,39.9,0.92,35.29,0.91,31.7,0.98,103.79,0.99,405.46,,,,,,,0.03,0.03,0.0944,1776167353000
1776167355.613,255.613,0.01,312.23,,,,,,,,,0.04,67.7,0.05,39.9,0.06,46.1,0.07,39.9,0.08,35.29,0.96,67.7,0.95,39.9,0.94,46.1,0.93,39.9,0.92,35.29,0.99,312.23,,,,,,,,,0.03,0.03,0.0944,1776167354000
1776167356.413,256.413,0.01,312.23,,,,,,,,,0.04,67.7,0.05,39.9,0.06,46.1,0.07,39.9,0.08,35.29,0.96,67.7,0.95,39.9,0.94,46.1,0.93,39.9,0.92,35.29,0.99,312.23,,,,,,,,,0.03,0.03,0.094399,1776167355000
1776167357.187,257.187,0.01,312.23,,,,,,,,,0.04,67.7,0.05,39.9,0.06,46.1,0.07,39.9,0.08,35.29,0.96,67.7,0.95,39.9,0.94,46.1,0.93,39.9,0.92,35.29,0.99,312.23,,,,,,,,,0.03,0.03,0.094401,1776167356000
1776167357.653,257.653,0.02,20.45,0.01,312.23,,,,,,,0.06,46.1,0.07,39.9,0.08,35.29,0.09,31.7,0.1,28.9,0.94,46.1,0.93,39.9,0.92,35.29,0.91,31.7,0.9,28.9,0.98,23.49,0.99,312.23,,,,,,,0.04,0.04,0.094401,1776167356000
1776167358.205,258.205,0.02,20.45,0.01,312.23,,,,,,,0.06,46.1,0.07,39.9,0.08,35.29,0.09,31.7,0.1,28.9,0.94,46.1,0.93,39.9,0.92,35.29,0.91,31.7,0.9,28.9,0.98,20.45,0.99,312.23,,,,,,,0.04,0.04,0.094402,1776167357000
1776167359.165,259.165,0.02,20.45,0.01,312.23,,,,,,,0.06,46.1,0.07,39.9,0.08,35.29,0.09,31.7,0.1,28.9,0.94,46.1,0.93,39.9,0.92,35.29,0.91,31.7,0.9,28.9,0.98,20.45,0.99,312.23,,,,,,,0.04,0.04,0.094421,1776167358000
1776167360.327,260.327,0.02,20.45,0.01,312.23,,,,,,,0.06,46.1,0.07,39.9,0.08,35.29,0.09,31.7,0.1,28.9,0.94,46.1,0.93,39.9,0.92,35.29,0.91,31.7,0.9,28.9,0.98,20.45,0.99,312.23,,,,,,,0.04,0.04,0.094422,1776167359000
1776167361.248,261.248,0.02,20.45,0.01,312.23,,,,,,,0.06,46.1,0.07,39.9,0.08,35.29,0.09,31.7,0.1,28.9,0.94,46.1,0.93,39.9,0.92,35.29,0.91,31.7,0.9,28.9,0.98,20.45,0.99,312.23,,,,,,,0.04,0.04,0.094421,1776167360000
1776167362.233,262.233,0.02,20.45,0.01,312.23,,,,,,,0.06,46.1,0.07,39.9,0.08,35.29,0.09,31.7,0.1,28.9,0.94,46.1,0.93,39.9,0.92,35.29,0.91,31.7,0.9,28.9,0.98,20.45,0.99,312.23,,,,,,,0.04,0.04,0.094421,1776167361000
1776167363.279,263.279,0.02,20.45,0.01,312.23,,,,,,,0.06,46.1,0.07,39.9,0.08,35.29,0.09,31.7,0.1,28.9,0.94,46.1,0.93,39.9,0.92,35.29,0.91,31.7,0.9,28.9,0.98,20.45,0.99,312.23,,,,,,,0.04,0.04,0.094419,1776167362000
1776167364.215,264.215,0.02,20.45,0.01,312.23,,,,,,,0.06,46.1,0.07,39.9,0.08,35.29,0.09,31.7,0.1,28.9,0.94,46.1,0.93,39.9,0.92,35.29,0.91,31.7,0.9,28.9,0.98,20.45,0.99,312.23,,,,,,,0.04,0.04,0.094418,1776167363000
1776167365.229,265.229,0.02,20.45,0.01,312.23,,,,,,,0.06,46.1,0.07,39.9,0.08,35.29,0.09,31.7,0.1,28.9,0.94,46.1,0.93,39.9,0.92,35.29,0.91,31.7,0.9,28.9,0.98,20.45,0.99,312.23,,,,,,,0.04,0.04,0.094418,1776167364000
1776167365.773,265.773,0.02,136.66,0.01,312.23,,,,,,,0.05,54.7,0.06,46.1,0.07,39.9,0.08,35.29,0.09,31.7,0.94,46.1,0.93,39.9,0.92,35.29,0.91,31.7,0.9,28.9,0.98,20.45,0.99,312.23,,,,,,,0.03,0.04,0.094418,1776167364000
1776167366.27,266.27,0.02,136.66,0.01,312.23,,,,,,,0.05,54.7,0.06,46.1,0.07,39.9,0.08,35.29,0.09,31.7,0.95,54.7,0.94,46.1,0.93,39.9,0.92,35.29,0.91,31.7,0.98,136.66,0.99,312.23,,,,,,,0.03,0.03,0.094419,1776167365000
1776167367.197,267.197,0.02,136.66,0.01,312.23,,,,,,,0.05,54.7,0.06,46.1,0.07,39.9,0.08,35.29,0.09,31.7,0.95,54.7,0.94,46.1,0.93,39.9,0.92,35.29,0.91,31.7,0.98,136.66,0.99,312.23,,,,,,,0.03,0.03,0.094429,1776167366000
1776167368.166,268.166,0.02,136.66,0.01,312.23,,,,,,,0.05,54.7,0.06,46.1,0.07,39.9,0.08,35.29,0.09,31.7,0.95,54.7,0.94,46.1,0.93,39.9,0.92,35.29,0.91,31.7,0.98,136.66,0.99,312.23,,,,,,,0.03,0.03,0.09443,1776167367000
1776167368.445,268.445,0.02,130.53,0.01,312.23,,,,,,,0.05,5.0,0.06,46.1,0.07,39.9,0.08,35.29,0.09,31.7,0.95,54.7,0.94,46.1,0.93,39.9,0.92,35.29,0.91,31.7,0.98,136.66,0.99,312.23,,,,,,,0.03,0.03,0.09443,1776167367000
1776167368.77,268.77,0.02,46.98,0.01,312.23,,,,,,,0.05,5.0,0.06,46.1,0.07,39.9,0.08,35.29,0.09,31.7,0.95,5.0,0.94,46.1,0.93,39.9,0.92,35.29,0.91,31.7,0.98,130.53,0.99,312.23,,,,,,,0.03,0.03,0.09443,1776167367000
1776167369.193,269.193,0.02,46.98,0.01,312.23,,,,,,,0.05,5.0,0.06,46.1,0.07,39.9,0.08,35.29,0.09,31.7,0.95,5.0,0.94,46.1,0.93,39.9,0.92,35.29,0.91,31.7,0.98,46.98,0.99,312.23,,,,,,,0.03,0.03,0.09443,1776167368000
1776167370.216,270.216,0.02,46.98,0.01,312.23,,,,,,,0.05,5.0,0.06,46.1,0.07,39.9,0.08,35.29,0.09,31.7,0.95,5.0,0.94,46.1,0.93,39.9,0.92,35.29,0.91,31.7,0.98,46.98,0.99,312.23,,,,,,,0.03,0.03,0.094439,1776167369000
1776167370.451,270.451,0.02,41.93,0.01,312.23,,,,,,,0.05,59.7,0.06,46.1,0.07,39.9,0.08,35.29,0.09,31.7,0.95,5.0,0.94,46.1,0.93,39.9,0.92,35.29,0.91,31.7,0.98,46.98,0.99,312.23,,,,,,,0.03,0.03,0.094439,1776167369000
1776167371.069,271.069,0.02,41.93,0.01,312.23,,,,,,,0.05,59.7,0.06,46.1,0.07,39.9,0.08,35.29,0.09,31.7,0.95,59.7,0.94,46.1,0.93,39.9,0.92,35.29,0.91,31.7,0.98,41.93,0.99,312.23,,,,,,,0.03,0.03,0.09444,1776167370000
1776167371.601,271.601,0.01,3.63,,,,,,,,,0.04,67.7,0.05,59.7,0.06,46.1,0.07,39.9,0.08,35.29,0.95,59.7,0.94,46.1,0.93,39.9,0.92,35.29,0.91,31.7,0.98,41.93,0.99,312.23,,,,,,,0.03,0.03,0.09444,1776167370000
1776167372.622,272.622,0.01,3.63,,,,,,,,,0.04,67.7,0.05,59.7,0.06,46.1,0.07,39.9,0.08,35.29,0.96,67.7,0.95,59.7,0.94,46.1,0.93,39.9,0.92,35.29,0.99,3.63,,,,,,,,,0.03,0.03,0.094441,1776167371000
1776167373.21,273.21,0.01,3.63,,,,,,,,,0.04,67.7,0.05,59.7,0.06,46.1,0.07,39.9,0.08,35.29,0.96,67.7,0.95,59.7,0.94,46.1,0.93,39.9,0.92,35.29,0.99,3.63,,,,,,,,,0.03,0.03,0.094434,1776167372000
1776167373.799,273.799,,,,,,,,,,,0.02,132.69,0.03,89.3,0.04,67.7,0.05,59.7,0.06,46.1,0.96,67.7,0.95,59.7,0.94,46.1,0.93,39.9,0.92,35.29,0.99,3.63,,,,,,,,,,0.03,0.094434,1776167372000
1776167374.313,274.313,,,,,,,,,,,0.02,132.69,0.03,89.3,0.04,67.7,0.05,59.7,0.06,46.1,0.98,132.69,0.97,89.3,0.96,67.7,0.95,59.7,0.94,46.1,,,,,,,,,,,,,0.09442,1776167373000
1776167375.411,275.411,,,,,,,,,,,0.02,132.69,0.03,89.3,0.04,67.7,0.05,59.7,0.06,46.1,0.98,132.69,0.97,89.3,0.96,67.7,0.95,59.7,0.94,46.1,,,,,,,,,,,,,0.094419,1776167374000
1776167375.952,275.952,,,,,,,,,,,0.02,132.69,0.03,89.3,0.04,67.7,0.05,59.7,0.06,46.1,0.98,132.69,0.97,89.3,0.96,67.7,0.95,59.7,0.94,46.1,,,,,,,,,,,,,0.094422,1776167375000
1776167377.051,277.051,,,,,,,,,,,0.02,132.69,0.03,89.3,0.04,67.7,0.05,59.7,0.06,46.1,0.98,132.69,0.97,89.3,0.96,67.7,0.95,59.7,0.94,46.1,,,,,,,,,,,,,0.094423,1776167376000
1776167378.049,278.049,,,,,,,,,,,0.02,132.69,0.03,89.3,0.04,67.7,0.05,59.7,0.06,46.1,0.98,132.69,0.97,89.3,0.96,67.7,0.95,59.7,0.94,46.1,,,,,,,,,,,,,0.094423,1776167377000
1776167379.161,279.161,,,,,,,,,,,0.02,132.69,0.03,89.3,0.04,67.7,0.05,59.7,0.06,46.1,0.98,132.69,0.97,89.3,0.96,67.7,0.95,59.7,0.94,46.1,,,,,,,,,,,,,0.094421,1776167378000
1776167380.213,280.213,,,,,,,,,,,0.02,132.69,0.03,89.3,0.04,67.7,0.05,59.7,0.06,46.1,0.98,132.69,0.97,89.3,0.96,67.7,0.95,59.7,0.94,46.1,,,,,,,,,,,,,0.09442,1776167379000
1776167381.343,281.343,,,,,,,,,,,0.02,132.69,0.03,89.3,0.04,67.7,0.05,59.7,0.06,46.1,0.98,132.69,0.97,89.3,0.96,67.7,0.95,59.7,0.94,46.1,,,,,,,,,,,,,0.09442,1776167380000
1776167382.682,282.682,,,,,,,,,,,0.02,132.69,0.03,89.3,0.04,67.7,0.05,59.7,0.06,46.1,0.98,132.69,0.97,89.3,0.96,67.7,0.95,59.7,0.94,46.1,,,,,,,,,,,,,0.09442,1776167381000
1776167383.177,283.177,,,,,,,,,,,0.02,132.69,0.03,89.3,0.04,67.7,0.05,59.7,0.06,46.1,0.98,132.69,0.97,89.3,0.96,67.7,0.95,59.7,0.94,46.1,,,,,,,,,,,,,0.094419,1776167382000
1776167384.408,284.408,,,,,,,,,,,0.02,132.69,0.03,89.3,0.04,67.7,0.05,59.7,0.06,46.1,0.98,132.69,0.97,89.3,0.96,67.7,0.95,59.7,0.94,46.1,,,,,,,,,,,,,0.094418,1776167383000
1776167384.962,284.962,,,,,,,,,,,0.02,132.69,0.03,89.3,0.04,67.7,0.05,59.7,0.06,46.1,0.98,132.69,0.97,89.3,0.96,67.7,0.95,59.7,0.94,46.1,,,,,,,,,,,,,0.094417,1776167384000
1776167386.412,286.412,,,,,,,,,,,0.02,132.69,0.03,89.3,0.04,67.7,0.05,59.7,0.06,46.1,0.98,132.69,0.97,89.3,0.96,67.7,0.95,59.7,0.94,46.1,,,,,,,,,,,,,0.094409,1776167385000
1776167386.921,286.921,,,,,,,,,,,0.02,132.69,0.03,89.3,0.04,67.7,0.05,59.7,0.06,46.1,0.98,132.69,0.97,89.3,0.96,67.7,0.95,59.7,0.94,46.1,,,,,,,,,,,,,0.094408,1776167386000
1776167388.213,288.213,,,,,,,,,,,0.02,132.69,0.03,89.3,0.04,67.7,0.05,59.7,0.06,46.1,0.98,132.69,0.97,89.3,0.96,67.7,0.95,59.7,0.94,46.1,,,,,,,,,,,,,0.094398,1776167387000
1776167389.22,289.22,,,,,,,,,,,0.02,132.69,0.03,89.3,0.04,67.7,0.05,59.7,0.06,46.1,0.98,132.69,0.97,89.3,0.96,67.7,0.95,59.7,0.94,46.1,,,,,,,,,,,,,0.094398,1776167388000
1776167390.133,290.133,,,,,,,,,,,0.02,132.69,0.03,89.3,0.04,67.7,0.05,59.7,0.06,46.1,0.98,132.69,0.97,89.3,0.96,67.7,0.95,59.7,0.94,46.1,,,,,,,,,,,,,0.094398,1776167389000
1776167391.086,291.086,,,,,,,,,,,0.02,132.69,0.03,89.3,0.04,67.7,0.05,59.7,0.06,46.1,0.98,132.69,0.97,89.3,0.96,67.7,0.95,59.7,0.94,46.1,,,,,,,,,,,,,0.094398,1776167390000
1776167392.139,292.139,,,,,,,,,,,0.02,132.69,0.03,89.3,0.04,67.7,0.05,59.7,0.06,46.1,0.98,132.69,0.97,89.3,0.96,67.7,0.95,59.7,0.94,46.1,,,,,,,,,,,,,0.094398,1776167391000
1776167393.095,293.095,,,,,,,,,,,0.02,132.69,0.03,89.3,0.04,67.7,0.05,59.7,0.06,46.1,0.98,132.69,0.97,89.3,0.96,67.7,0.95,59.7,0.94,46.1,,,,,,,,,,,,,0.094398,1776167392000
1776167393.972,293.972,,,,,,,,,,,0.02,132.69,0.03,89.3,0.04,67.7,0.05,59.7,0.06,46.1,0.98,132.69,0.97,89.3,0.96,67.7,0.95,59.7,0.94,46.1,,,,,,,,,,,,,0.094382,1776167393000
1776167394.904,294.904,,,,,,,,,,,0.02,132.69,0.03,89.3,0.04,67.7,0.05,59.7,0.06,46.1,0.98,132.69,0.97,89.3,0.96,67.7,0.95,59.7,0.94,46.1,,,,,,,,,,,,,0.094382,1776167394000
1776167395.835,295.835,,,,,,,,,,,0.02,132.69,0.03,89.3,0.04,67.7,0.05,59.7,0.06,46.1,0.98,132.69,0.97,89.3,0.96,67.7,0.95,59.7,0.94,46.1,,,,,,,,,,,,,0.094376,1776167395000
1776167397.204,297.204,,,,,,,,,,,0.02,132.69,0.03,89.3,0.04,67.7,0.05,59.7,0.06,46.1,0.98,132.69,0.97,89.3,0.96,67.7,0.95,59.7,0.94,46.1,,,,,,,,,,,,,0.094372,1776167396000
1776167398.171,298.171,,,,,,,,,,,0.02,132.69,0.03,89.3,0.04,67.7,0.05,59.7,0.06,46.1,0.98,132.69,0.97,89.3,0.96,67.7,0.95,59.7,0.94,46.1,,,,,,,,,,,,,0.094372,1776167397000
1776167399.167,299.167,,,,,,,,,,,0.02,132.69,0.03,89.3,0.04,67.7,0.05,59.7,0.06,46.1,0.98,132.69,0.97,89.3,0.96,67.7,0.95,59.7,0.94,46.1,,,,,,,,,,,,,0.094372,1776167398000
1776167400.166,300.166,,,,,,,,,,,0.02,132.69,0.03,89.3,0.04,67.7,0.05,59.7,0.06,46.1,0.98,132.69,0.97,89.3,0.96,67.7,0.95,59.7,0.94,46.1,,,,,,,,,,,,,0.094372,1776167399000
1776167401.135,301.135,,,,,,,,,,,0.02,132.69,0.03,89.3,0.04,67.7,0.05,59.7,0.06,46.1,0.98,132.69,0.97,89.3,0.96,67.7,0.95,59.7,0.94,46.1,,,,,,,,,,,,,0.094368,1776167400000
1776167402.601,302.601,,,,,,,,,,,0.02,132.69,0.03,89.3,0.04,67.7,0.05,59.7,0.06,46.1,0.98,132.69,0.97,89.3,0.96,67.7,0.95,59.7,0.94,46.1,,,,,,,,,,,,,0.094369,1776167401000

# RESULT,winner=Down,slug=doge-updown-5m-1776167100,ticks=337
