timestamp,elapsed_sec,up_bid_p1,up_bid_s1,up_bid_p2,up_bid_s2,up_bid_p3,up_bid_s3,up_bid_p4,up_bid_s4,up_bid_p5,up_bid_s5,up_ask_p1,up_ask_s1,up_ask_p2,up_ask_s2,up_ask_p3,up_ask_s3,up_ask_p4,up_ask_s4,up_ask_p5,up_ask_s5,down_bid_p1,down_bid_s1,down_bid_p2,down_bid_s2,down_bid_p3,down_bid_s3,down_bid_p4,down_bid_s4,down_bid_p5,down_bid_s5,down_ask_p1,down_ask_s1,down_ask_p2,down_ask_s2,down_ask_p3,down_ask_s3,down_ask_p4,down_ask_s4,down_ask_p5,down_ask_s5,up_spread,down_spread,doge_price,doge_oracle_ts
1776171911.09,11.09,,,,,,,,,,,,,,,,,,,,,,,,,,,,,,,,,,,,,,,,,,,0.094264,1776171910000
1776171911.341,11.341,0.4,5.0,0.39,5.0,0.34,14.0,0.33,10.0,0.32,10.0,0.51,10.0,0.53,6.0,0.55,11.0,0.57,10.0,0.58,10.0,0.49,10.0,0.47,6.0,0.45,11.0,0.43,10.0,0.42,10.0,0.6,5.0,0.61,5.0,0.66,14.0,0.67,10.0,0.68,10.0,0.11,0.11,0.094264,1776171910000
1776171911.658,11.658,0.4,5.0,0.39,5.0,0.34,14.0,0.33,10.0,0.32,10.0,0.51,10.0,0.53,6.0,0.55,11.0,0.57,10.0,0.58,10.0,0.49,10.0,0.47,6.0,0.45,11.0,0.43,10.0,0.42,10.0,0.6,5.0,0.61,5.0,0.66,14.0,0.67,10.0,0.68,10.0,0.11,0.11,0.094264,1776171910000
1776171912.391,12.391,0.4,5.0,0.39,5.0,0.34,14.0,0.33,10.0,0.32,10.0,0.51,10.0,0.53,6.0,0.55,11.0,0.57,10.0,0.58,10.0,0.49,10.0,0.47,6.0,0.45,11.0,0.43,10.0,0.42,10.0,0.6,5.0,0.61,5.0,0.66,14.0,0.67,10.0,0.68,10.0,0.11,0.11,0.09427,1776171911000
1776171912.653,12.653,0.4,5.0,0.39,5.0,0.34,14.0,0.33,10.0,0.32,10.0,0.51,8.03,0.53,6.0,0.55,11.0,0.57,10.0,0.58,10.0,0.49,10.0,0.47,6.0,0.45,11.0,0.43,10.0,0.42,10.0,0.6,5.0,0.61,5.0,0.66,14.0,0.67,10.0,0.68,10.0,0.11,0.11,0.09427,1776171911000
1776171912.966,12.966,0.4,5.0,0.39,5.0,0.34,14.0,0.33,10.0,0.32,10.0,0.51,8.03,0.53,6.0,0.55,11.0,0.57,10.0,0.58,10.0,0.49,8.03,0.47,6.0,0.45,11.0,0.43,10.0,0.42,10.0,0.6,5.0,0.61,5.0,0.66,14.0,0.67,10.0,0.68,10.0,0.11,0.11,0.09427,1776171912000
1776171914.188,14.188,0.4,3.33,0.39,5.0,0.34,14.0,0.33,10.0,0.32,10.0,0.51,10.0,0.53,6.0,0.55,11.0,0.57,10.0,0.58,10.0,0.49,10.0,0.47,6.0,0.45,11.0,0.43,10.0,0.42,10.0,0.6,3.33,0.61,5.0,0.66,14.0,0.67,10.0,0.68,10.0,0.11,0.11,0.094273,1776171913000
1776171915.34,15.34,0.4,3.33,0.39,5.0,0.34,14.0,0.33,10.0,0.32,10.0,0.51,10.0,0.53,6.0,0.55,11.0,0.57,10.0,0.58,10.0,0.49,10.0,0.47,6.0,0.45,11.0,0.43,10.0,0.42,10.0,0.6,3.33,0.61,5.0,0.66,14.0,0.67,10.0,0.68,10.0,0.11,0.11,0.094272,1776171914000
1776171916.045,16.045,0.4,3.33,0.39,5.0,0.34,14.0,0.33,10.0,0.32,10.0,0.51,10.0,0.53,6.0,0.55,11.0,0.57,10.0,0.58,10.0,0.49,10.0,0.47,6.0,0.45,11.0,0.43,10.0,0.42,10.0,0.6,3.33,0.61,5.0,0.66,14.0,0.67,10.0,0.68,10.0,0.11,0.11,0.094268,1776171915000
1776171916.806,16.806,0.39,5.0,0.33,10.0,0.32,10.0,0.31,76.0,0.3,26.0,0.51,10.0,0.52,10.0,0.53,6.0,0.57,10.0,0.58,20.0,0.49,10.0,0.47,6.0,0.45,11.0,0.43,10.0,0.42,10.0,0.6,3.33,0.61,5.0,0.66,14.0,0.67,10.0,0.68,10.0,0.12,0.11,0.094268,1776171915000
1776171917.031,17.031,0.39,5.0,0.38,5.0,0.33,10.0,0.32,10.0,0.31,76.0,0.51,8.03,0.52,10.0,0.53,6.0,0.57,10.0,0.58,20.0,0.49,8.03,0.48,10.0,0.47,6.0,0.43,10.0,0.42,20.0,0.61,5.0,0.62,5.0,0.67,10.0,0.68,10.0,0.69,76.0,0.12,0.12,0.094268,1776171916000
1776171917.326,17.326,0.39,3.36,0.38,5.0,0.33,10.0,0.32,10.0,0.31,76.0,0.51,10.0,0.52,10.0,0.53,6.0,0.57,10.0,0.58,20.0,0.49,8.03,0.48,10.0,0.47,6.0,0.43,10.0,0.42,20.0,0.61,5.0,0.62,5.0,0.67,10.0,0.68,10.0,0.69,76.0,0.12,0.12,0.094268,1776171916000
1776171918.117,18.117,0.39,3.36,0.38,5.0,0.33,10.0,0.32,10.0,0.31,76.0,0.51,10.0,0.52,10.0,0.53,6.0,0.57,10.0,0.58,20.0,0.49,10.0,0.48,10.0,0.47,6.0,0.43,10.0,0.42,20.0,0.61,3.36,0.62,5.0,0.67,10.0,0.68,10.0,0.69,76.0,0.12,0.12,0.094272,1776171917000
1776171919.209,19.209,0.39,3.36,0.38,5.0,0.33,10.0,0.32,10.0,0.31,76.0,0.51,10.0,0.52,10.0,0.53,6.0,0.57,10.0,0.58,20.0,0.49,10.0,0.48,10.0,0.47,6.0,0.43,10.0,0.42,20.0,0.61,3.36,0.62,5.0,0.67,10.0,0.68,10.0,0.69,76.0,0.12,0.12,0.094269,1776171918000
1776171920.444,20.444,0.39,3.36,0.38,5.0,0.33,10.0,0.32,10.0,0.31,76.0,0.51,10.0,0.52,10.0,0.53,6.0,0.57,10.0,0.58,20.0,0.49,10.0,0.48,10.0,0.47,6.0,0.43,10.0,0.42,20.0,0.61,3.36,0.62,5.0,0.67,10.0,0.68,10.0,0.69,76.0,0.12,0.12,0.094269,1776171919000
1776171920.857,20.857,0.39,3.36,0.38,5.0,0.33,10.0,0.32,10.0,0.31,76.0,0.51,10.0,0.52,10.0,0.53,6.0,0.57,10.0,0.58,20.0,0.49,10.0,0.48,10.0,0.47,6.0,0.43,10.0,0.42,20.0,0.61,3.36,0.62,5.0,0.67,10.0,0.68,10.0,0.69,76.0,0.12,0.12,0.094272,1776171920000
1776171921.935,21.935,0.39,3.36,0.38,5.0,0.33,10.0,0.32,10.0,0.31,76.0,0.51,10.0,0.52,10.0,0.53,6.0,0.57,10.0,0.58,20.0,0.49,10.0,0.48,10.0,0.47,6.0,0.43,10.0,0.42,20.0,0.61,3.36,0.62,5.0,0.67,10.0,0.68,10.0,0.69,76.0,0.12,0.12,0.094274,1776171921000
1776171923.158,23.158,0.39,3.36,0.38,5.0,0.33,10.0,0.32,10.0,0.31,76.0,0.51,10.0,0.52,10.0,0.53,6.0,0.57,10.0,0.58,20.0,0.49,10.0,0.48,10.0,0.47,6.0,0.43,10.0,0.42,20.0,0.61,3.36,0.62,5.0,0.67,10.0,0.68,10.0,0.69,76.0,0.12,0.12,0.094271,1776171922000
1776171924.874,24.874,0.39,3.36,0.38,5.0,0.33,10.0,0.32,10.0,0.31,76.0,0.51,10.0,0.52,10.0,0.53,6.0,0.57,10.0,0.58,20.0,0.49,10.0,0.48,10.0,0.47,6.0,0.43,10.0,0.42,20.0,0.61,3.36,0.62,5.0,0.67,10.0,0.68,10.0,0.69,76.0,0.12,0.12,0.09427,1776171923000
1776171926.016,26.016,0.39,3.36,0.38,5.0,0.33,10.0,0.32,10.0,0.31,76.0,0.51,10.0,0.52,10.0,0.53,6.0,0.57,10.0,0.58,20.0,0.49,10.0,0.48,10.0,0.47,6.0,0.43,10.0,0.42,20.0,0.61,3.36,0.62,5.0,0.67,10.0,0.68,10.0,0.69,76.0,0.12,0.12,0.094278,1776171924000
1776171926.611,26.611,0.39,3.36,0.38,5.0,0.33,10.0,0.32,10.0,0.31,76.0,0.51,10.0,0.52,10.0,0.53,6.0,0.57,10.0,0.58,20.0,0.49,10.0,0.48,10.0,0.47,6.0,0.43,10.0,0.42,20.0,0.61,3.36,0.62,5.0,0.67,10.0,0.68,10.0,0.69,76.0,0.12,0.12,0.094278,1776171925000
1776171927.533,27.533,0.39,3.36,0.38,5.0,0.33,10.0,0.32,10.0,0.31,76.0,0.51,10.0,0.52,10.0,0.53,6.0,0.57,10.0,0.58,20.0,0.49,10.0,0.48,10.0,0.47,6.0,0.43,10.0,0.42,20.0,0.61,3.36,0.62,5.0,0.67,10.0,0.68,10.0,0.69,76.0,0.12,0.12,0.094278,1776171926000
1776171928.144,28.144,0.39,3.36,0.38,5.0,0.33,10.0,0.32,10.0,0.31,76.0,0.51,10.0,0.52,10.0,0.53,6.0,0.57,10.0,0.58,20.0,0.49,10.0,0.48,10.0,0.47,6.0,0.43,10.0,0.42,20.0,0.61,3.36,0.62,5.0,0.67,10.0,0.68,10.0,0.69,76.0,0.12,0.12,0.094278,1776171927000
1776171929.399,29.399,0.39,3.36,0.38,5.0,0.33,10.0,0.32,10.0,0.31,76.0,0.51,10.0,0.52,10.0,0.53,6.0,0.57,10.0,0.58,20.0,0.49,10.0,0.48,10.0,0.47,6.0,0.43,10.0,0.42,20.0,0.61,3.36,0.62,5.0,0.67,10.0,0.68,10.0,0.69,76.0,0.12,0.12,0.094286,1776171928000
1776171930.29,30.29,0.39,3.36,0.38,5.0,0.33,10.0,0.32,10.0,0.31,76.0,0.51,10.0,0.52,10.0,0.53,6.0,0.57,10.0,0.58,20.0,0.49,10.0,0.48,10.0,0.47,6.0,0.43,10.0,0.42,20.0,0.61,3.36,0.62,5.0,0.67,10.0,0.68,10.0,0.69,76.0,0.12,0.12,0.094286,1776171929000
1776171930.954,30.954,0.39,3.36,0.38,5.0,0.33,10.0,0.32,10.0,0.31,76.0,0.51,10.0,0.52,10.0,0.53,6.0,0.57,10.0,0.58,20.0,0.49,10.0,0.48,10.0,0.47,6.0,0.43,10.0,0.42,20.0,0.61,3.36,0.62,5.0,0.67,10.0,0.68,10.0,0.69,76.0,0.12,0.12,0.094286,1776171930000
1776171932.497,32.497,0.39,3.36,0.38,5.0,0.33,10.0,0.32,10.0,0.31,76.0,0.51,10.0,0.52,10.0,0.53,6.0,0.57,10.0,0.58,20.0,0.49,10.0,0.48,10.0,0.47,6.0,0.43,10.0,0.42,20.0,0.61,3.36,0.62,5.0,0.67,10.0,0.68,10.0,0.69,76.0,0.12,0.12,0.094292,1776171931000
1776171933.311,33.311,0.39,3.36,0.38,5.0,0.33,10.0,0.32,10.0,0.31,76.0,0.51,10.0,0.52,10.0,0.53,6.0,0.57,10.0,0.58,20.0,0.49,10.0,0.48,10.0,0.47,6.0,0.43,10.0,0.42,20.0,0.61,3.36,0.62,5.0,0.67,10.0,0.68,10.0,0.69,76.0,0.12,0.12,0.094298,1776171932000
1776171933.776,33.776,0.52,33.0,0.5,10.0,0.49,10.0,0.48,10.0,0.47,20.0,0.53,0.9,0.67,11.0,0.68,5.0,0.69,26.0,0.71,50.0,0.49,10.0,0.48,10.0,0.47,6.0,0.43,10.0,0.42,20.0,0.61,3.36,0.62,5.0,0.67,10.0,0.68,10.0,0.69,76.0,0.01,0.12,0.094298,1776171932000
1776171934.096,34.096,0.52,33.0,0.5,10.0,0.49,10.0,0.48,10.0,0.47,20.0,0.53,0.9,0.67,11.0,0.68,5.0,0.69,26.0,0.71,50.0,0.47,0.9,0.33,11.0,0.32,5.0,0.31,26.0,0.29,50.0,0.48,33.0,0.5,10.0,0.51,10.0,0.52,10.0,0.53,20.0,0.01,0.01,0.094298,1776171933000
1776171935.436,35.436,0.52,33.0,0.47,10.0,0.46,10.0,0.45,10.0,0.44,10.0,0.64,10.0,0.65,14.0,0.66,10.0,0.67,6.0,0.71,60.0,0.47,0.9,0.33,11.0,0.32,5.0,0.31,26.0,0.29,50.0,0.48,33.0,0.5,10.0,0.51,10.0,0.52,10.0,0.53,20.0,0.12,0.01,0.094298,1776171933000
1776171935.694,35.694,0.52,33.0,0.47,10.0,0.46,10.0,0.45,10.0,0.44,10.0,0.64,10.0,0.65,14.0,0.66,10.0,0.67,6.0,0.71,60.0,0.36,10.0,0.35,14.0,0.34,10.0,0.33,6.0,0.29,60.0,0.48,33.0,0.53,10.0,0.54,10.0,0.55,10.0,0.56,10.0,0.12,0.12,0.094305,1776171934000
1776171936.404,36.404,0.52,33.0,0.47,10.0,0.46,10.0,0.45,10.0,0.44,10.0,0.64,10.0,0.65,14.0,0.66,10.0,0.67,6.0,0.71,60.0,0.36,10.0,0.35,14.0,0.34,10.0,0.33,6.0,0.29,60.0,0.48,33.0,0.53,10.0,0.54,10.0,0.55,10.0,0.56,10.0,0.12,0.12,0.094309,1776171935000
1776171937.027,37.027,0.52,10.0,0.47,10.0,0.46,10.0,0.45,10.0,0.44,10.0,0.64,1.79,0.65,5.0,0.66,24.0,0.71,60.0,0.72,10.0,0.36,10.0,0.35,14.0,0.34,10.0,0.33,6.0,0.29,60.0,0.48,33.0,0.53,10.0,0.54,10.0,0.55,10.0,0.56,10.0,0.12,0.12,0.094309,1776171935000
1776171938.72,38.72,0.52,10.0,0.47,10.0,0.46,10.0,0.45,10.0,0.44,10.0,0.64,1.79,0.65,5.0,0.66,24.0,0.71,60.0,0.72,10.0,0.36,1.79,0.35,5.0,0.34,24.0,0.29,60.0,0.28,10.0,0.48,10.0,0.53,10.0,0.54,10.0,0.55,10.0,0.56,10.0,0.12,0.12,0.094302,1776171937000
1776171939.53,39.53,0.52,10.0,0.47,10.0,0.46,10.0,0.45,10.0,0.44,10.0,0.64,1.79,0.65,5.0,0.66,24.0,0.71,60.0,0.72,10.0,0.36,1.79,0.35,5.0,0.34,24.0,0.29,60.0,0.28,10.0,0.48,10.0,0.53,10.0,0.54,10.0,0.55,10.0,0.56,10.0,0.12,0.12,0.094302,1776171938000
1776171940.256,40.256,0.52,10.0,0.47,10.0,0.46,10.0,0.45,10.0,0.44,10.0,0.64,1.79,0.65,5.0,0.66,24.0,0.71,60.0,0.72,10.0,0.36,1.79,0.35,5.0,0.34,24.0,0.29,60.0,0.28,10.0,0.48,10.0,0.53,10.0,0.54,10.0,0.55,10.0,0.56,10.0,0.12,0.12,0.094303,1776171939000
1776171941.031,41.031,0.52,10.0,0.47,10.0,0.46,10.0,0.45,10.0,0.44,10.0,0.64,1.79,0.65,5.0,0.66,24.0,0.71,60.0,0.72,10.0,0.36,1.79,0.35,5.0,0.34,24.0,0.29,60.0,0.28,10.0,0.48,10.0,0.53,10.0,0.54,10.0,0.55,10.0,0.56,10.0,0.12,0.12,0.094302,1776171940000
1776171942.693,42.693,0.52,10.0,0.47,10.0,0.46,10.0,0.45,10.0,0.44,10.0,0.64,1.79,0.65,5.0,0.66,24.0,0.71,60.0,0.72,10.0,0.36,1.79,0.35,5.0,0.34,24.0,0.29,60.0,0.28,10.0,0.48,10.0,0.53,10.0,0.54,10.0,0.55,10.0,0.56,10.0,0.12,0.12,0.094302,1776171941000
1776171943.523,43.523,0.52,10.0,0.47,10.0,0.46,10.0,0.45,10.0,0.44,10.0,0.64,1.79,0.65,5.0,0.66,24.0,0.71,60.0,0.72,10.0,0.36,1.79,0.35,5.0,0.34,24.0,0.29,60.0,0.28,10.0,0.48,10.0,0.53,10.0,0.54,10.0,0.55,10.0,0.56,10.0,0.12,0.12,0.094302,1776171942000
1776171944.451,44.451,0.52,10.0,0.47,10.0,0.46,10.0,0.45,10.0,0.44,10.0,0.64,1.79,0.65,5.0,0.66,24.0,0.71,60.0,0.72,10.0,0.36,1.79,0.35,5.0,0.34,24.0,0.29,60.0,0.28,10.0,0.48,10.0,0.53,10.0,0.54,10.0,0.55,10.0,0.56,10.0,0.12,0.12,0.094284,1776171943000
1776171944.948,44.948,0.52,10.0,0.47,10.0,0.46,10.0,0.45,10.0,0.44,10.0,0.64,1.79,0.65,5.0,0.66,24.0,0.71,60.0,0.72,10.0,0.36,1.79,0.35,5.0,0.34,24.0,0.29,60.0,0.28,10.0,0.48,10.0,0.53,10.0,0.54,10.0,0.55,10.0,0.56,10.0,0.12,0.12,0.094283,1776171944000
1776171945.964,45.964,0.52,10.0,0.47,10.0,0.46,10.0,0.45,10.0,0.44,10.0,0.64,1.79,0.65,5.0,0.66,24.0,0.71,60.0,0.72,10.0,0.36,1.79,0.35,5.0,0.34,24.0,0.29,60.0,0.28,10.0,0.48,10.0,0.53,10.0,0.54,10.0,0.55,10.0,0.56,10.0,0.12,0.12,0.094282,1776171945000
1776171946.984,46.984,0.52,10.0,0.47,10.0,0.46,10.0,0.45,10.0,0.44,10.0,0.64,1.79,0.65,5.0,0.66,24.0,0.71,60.0,0.72,10.0,0.36,1.79,0.35,5.0,0.34,24.0,0.29,60.0,0.28,10.0,0.48,10.0,0.53,10.0,0.54,10.0,0.55,10.0,0.56,10.0,0.12,0.12,0.09428,1776171946000
1776171947.925,47.925,0.52,10.0,0.47,10.0,0.46,10.0,0.45,10.0,0.44,10.0,0.64,1.79,0.65,5.0,0.66,24.0,0.71,60.0,0.72,10.0,0.36,1.79,0.35,5.0,0.34,24.0,0.29,60.0,0.28,10.0,0.48,10.0,0.53,10.0,0.54,10.0,0.55,10.0,0.56,10.0,0.12,0.12,0.094281,1776171947000
1776171948.898,48.898,0.52,10.0,0.47,10.0,0.46,10.0,0.45,10.0,0.44,10.0,0.64,1.79,0.65,5.0,0.66,24.0,0.71,60.0,0.72,10.0,0.36,1.79,0.35,5.0,0.34,24.0,0.29,60.0,0.28,10.0,0.48,10.0,0.53,10.0,0.54,10.0,0.55,10.0,0.56,10.0,0.12,0.12,0.094281,1776171948000
1776171949.844,49.844,0.52,10.0,0.47,10.0,0.46,10.0,0.45,10.0,0.44,10.0,0.64,1.79,0.65,5.0,0.66,24.0,0.71,60.0,0.72,10.0,0.36,1.79,0.35,5.0,0.34,24.0,0.29,60.0,0.28,10.0,0.48,10.0,0.53,10.0,0.54,10.0,0.55,10.0,0.56,10.0,0.12,0.12,0.094279,1776171949000
1776171950.949,50.949,0.52,10.0,0.47,10.0,0.46,10.0,0.45,10.0,0.44,10.0,0.64,1.79,0.65,5.0,0.66,24.0,0.71,60.0,0.72,10.0,0.36,1.79,0.35,5.0,0.34,24.0,0.29,60.0,0.28,10.0,0.48,10.0,0.53,10.0,0.54,10.0,0.55,10.0,0.56,10.0,0.12,0.12,0.094279,1776171950000
1776171951.863,51.863,0.52,10.0,0.47,10.0,0.46,10.0,0.45,10.0,0.44,10.0,0.64,1.79,0.65,5.0,0.66,24.0,0.71,60.0,0.72,10.0,0.36,1.79,0.35,5.0,0.34,24.0,0.29,60.0,0.28,10.0,0.48,10.0,0.53,10.0,0.54,10.0,0.55,10.0,0.56,10.0,0.12,0.12,0.094282,1776171951000
1776171952.835,52.835,0.52,10.0,0.47,10.0,0.46,10.0,0.45,10.0,0.44,10.0,0.64,1.79,0.65,5.0,0.66,24.0,0.71,60.0,0.72,10.0,0.36,1.79,0.35,5.0,0.34,24.0,0.29,60.0,0.28,10.0,0.48,10.0,0.53,10.0,0.54,10.0,0.55,10.0,0.56,10.0,0.12,0.12,0.094283,1776171952000
1776171953.796,53.796,0.52,10.0,0.47,10.0,0.46,10.0,0.45,10.0,0.44,10.0,0.64,1.79,0.65,5.0,0.66,24.0,0.71,60.0,0.72,10.0,0.36,1.79,0.35,5.0,0.34,24.0,0.29,60.0,0.28,10.0,0.48,10.0,0.53,10.0,0.54,10.0,0.55,10.0,0.56,10.0,0.12,0.12,0.094288,1776171953000
1776171954.82,54.82,0.52,10.0,0.47,10.0,0.46,10.0,0.45,10.0,0.44,10.0,0.64,1.79,0.65,5.0,0.66,24.0,0.71,60.0,0.72,10.0,0.36,1.79,0.35,5.0,0.34,24.0,0.29,60.0,0.28,10.0,0.48,10.0,0.53,10.0,0.54,10.0,0.55,10.0,0.56,10.0,0.12,0.12,0.094288,1776171954000
1776171956.241,56.241,0.38,3.43,0.36,10.0,0.35,16.0,0.34,20.0,0.33,10.0,0.54,5.0,0.55,5.0,0.6,22.0,0.61,60.0,0.62,10.0,0.46,5.0,0.45,5.0,0.4,22.0,0.39,60.0,0.38,10.0,0.62,3.43,0.64,10.0,0.65,16.0,0.66,20.0,0.67,10.0,0.16,0.16,0.094287,1776171955000
1776171957.269,57.269,0.38,3.43,0.36,10.0,0.35,16.0,0.34,20.0,0.33,10.0,0.54,5.0,0.55,5.0,0.6,22.0,0.61,60.0,0.62,10.0,0.46,5.0,0.45,5.0,0.4,22.0,0.39,60.0,0.38,10.0,0.62,3.43,0.64,10.0,0.65,16.0,0.66,20.0,0.67,10.0,0.16,0.16,0.094286,1776171956000
1776171958.154,58.154,0.38,3.43,0.36,10.0,0.35,16.0,0.34,20.0,0.33,10.0,0.54,5.0,0.55,5.0,0.6,22.0,0.61,60.0,0.62,10.0,0.46,5.0,0.45,5.0,0.4,22.0,0.39,60.0,0.38,10.0,0.62,3.43,0.64,10.0,0.65,16.0,0.66,20.0,0.67,10.0,0.16,0.16,0.094286,1776171957000
1776171959.132,59.132,0.38,3.43,0.36,10.0,0.35,16.0,0.34,20.0,0.33,10.0,0.54,5.0,0.55,5.0,0.6,22.0,0.61,60.0,0.62,10.0,0.46,5.0,0.45,5.0,0.4,22.0,0.39,60.0,0.38,10.0,0.62,3.43,0.64,10.0,0.65,16.0,0.66,20.0,0.67,10.0,0.16,0.16,0.094286,1776171958000
1776171960.179,60.179,0.38,3.43,0.36,10.0,0.35,16.0,0.34,20.0,0.33,10.0,0.54,5.0,0.55,5.0,0.6,22.0,0.61,60.0,0.62,10.0,0.46,5.0,0.45,5.0,0.4,22.0,0.39,60.0,0.38,10.0,0.62,3.43,0.64,10.0,0.65,16.0,0.66,20.0,0.67,10.0,0.16,0.16,0.094285,1776171959000
1776171961.065,61.065,0.38,3.43,0.36,10.0,0.35,16.0,0.34,20.0,0.33,10.0,0.54,5.0,0.55,5.0,0.6,22.0,0.61,60.0,0.62,10.0,0.46,5.0,0.45,5.0,0.4,22.0,0.39,60.0,0.38,10.0,0.62,3.43,0.64,10.0,0.65,16.0,0.66,20.0,0.67,10.0,0.16,0.16,0.094285,1776171960000
1776171961.978,61.978,0.38,3.43,0.36,10.0,0.35,16.0,0.34,20.0,0.33,10.0,0.54,5.0,0.55,5.0,0.6,22.0,0.61,60.0,0.62,10.0,0.46,5.0,0.45,5.0,0.4,22.0,0.39,60.0,0.38,10.0,0.62,3.43,0.64,10.0,0.65,16.0,0.66,20.0,0.67,10.0,0.16,0.16,0.094286,1776171961000
1776171963.016,63.016,0.38,3.43,0.36,10.0,0.35,16.0,0.34,20.0,0.33,10.0,0.54,5.0,0.55,5.0,0.6,22.0,0.61,60.0,0.62,10.0,0.46,5.0,0.45,5.0,0.4,22.0,0.39,60.0,0.38,10.0,0.62,3.43,0.64,10.0,0.65,16.0,0.66,20.0,0.67,10.0,0.16,0.16,0.094285,1776171962000
1776171964.014,64.014,0.38,3.43,0.36,10.0,0.35,16.0,0.34,20.0,0.33,10.0,0.54,5.0,0.55,5.0,0.6,22.0,0.61,60.0,0.62,10.0,0.46,5.0,0.45,5.0,0.4,22.0,0.39,60.0,0.38,10.0,0.62,3.43,0.64,10.0,0.65,16.0,0.66,20.0,0.67,10.0,0.16,0.16,0.094287,1776171963000
1776171964.948,64.948,0.38,3.43,0.36,10.0,0.35,16.0,0.34,20.0,0.33,10.0,0.54,5.0,0.55,5.0,0.6,22.0,0.61,60.0,0.62,10.0,0.46,5.0,0.45,5.0,0.4,22.0,0.39,60.0,0.38,10.0,0.62,3.43,0.64,10.0,0.65,16.0,0.66,20.0,0.67,10.0,0.16,0.16,0.094286,1776171964000
1776171965.84,65.84,0.38,3.43,0.36,10.0,0.35,16.0,0.34,20.0,0.33,10.0,0.54,5.0,0.55,5.0,0.6,22.0,0.61,60.0,0.62,10.0,0.46,5.0,0.45,5.0,0.4,22.0,0.39,60.0,0.38,10.0,0.62,3.43,0.64,10.0,0.65,16.0,0.66,20.0,0.67,10.0,0.16,0.16,0.094286,1776171965000
1776171966.91,66.91,0.38,3.43,0.36,10.0,0.35,16.0,0.34,20.0,0.33,10.0,0.54,5.0,0.55,5.0,0.6,22.0,0.61,60.0,0.62,10.0,0.46,5.0,0.45,5.0,0.4,22.0,0.39,60.0,0.38,10.0,0.62,3.43,0.64,10.0,0.65,16.0,0.66,20.0,0.67,10.0,0.16,0.16,0.094285,1776171966000
1776171967.878,67.878,0.38,3.43,0.36,10.0,0.35,16.0,0.34,20.0,0.33,10.0,0.54,5.0,0.55,5.0,0.6,22.0,0.61,60.0,0.62,10.0,0.46,5.0,0.45,5.0,0.4,22.0,0.39,60.0,0.38,10.0,0.62,3.43,0.64,10.0,0.65,16.0,0.66,20.0,0.67,10.0,0.16,0.16,0.094285,1776171967000
1776171970.537,70.537,0.38,3.43,0.36,10.0,0.35,16.0,0.34,20.0,0.33,10.0,0.54,5.0,0.55,5.0,0.6,22.0,0.61,60.0,0.62,10.0,0.46,5.0,0.45,5.0,0.4,22.0,0.39,60.0,0.38,10.0,0.62,3.43,0.64,10.0,0.65,16.0,0.66,20.0,0.67,10.0,0.16,0.16,0.09429,1776171969000
1776171971.668,71.668,0.38,3.43,0.36,10.0,0.35,16.0,0.34,20.0,0.33,10.0,0.54,5.0,0.55,5.0,0.6,22.0,0.61,60.0,0.62,10.0,0.46,5.0,0.45,5.0,0.4,22.0,0.39,60.0,0.38,10.0,0.62,3.43,0.64,10.0,0.65,16.0,0.66,20.0,0.67,10.0,0.16,0.16,0.09429,1776171970000
1776171972.525,72.525,0.38,3.43,0.36,10.0,0.35,16.0,0.34,20.0,0.33,10.0,0.54,5.0,0.55,5.0,0.6,22.0,0.61,60.0,0.62,10.0,0.46,5.0,0.45,5.0,0.4,22.0,0.39,60.0,0.38,10.0,0.62,3.43,0.64,10.0,0.65,16.0,0.66,20.0,0.67,10.0,0.16,0.16,0.094288,1776171971000
1776171973.794,73.794,0.38,3.43,0.36,10.0,0.35,16.0,0.34,20.0,0.33,10.0,0.54,5.0,0.55,5.0,0.6,22.0,0.61,60.0,0.62,10.0,0.46,5.0,0.45,5.0,0.4,22.0,0.39,60.0,0.38,10.0,0.62,3.43,0.64,10.0,0.65,16.0,0.66,20.0,0.67,10.0,0.16,0.16,0.094287,1776171972000
1776171974.703,74.703,0.38,3.43,0.36,10.0,0.35,16.0,0.34,20.0,0.33,10.0,0.54,5.0,0.55,5.0,0.6,22.0,0.61,60.0,0.62,10.0,0.46,5.0,0.45,5.0,0.4,22.0,0.39,60.0,0.38,10.0,0.62,3.43,0.64,10.0,0.65,16.0,0.66,20.0,0.67,10.0,0.16,0.16,0.094285,1776171973000
1776171975.916,75.916,0.38,3.43,0.36,10.0,0.35,16.0,0.34,20.0,0.33,10.0,0.54,5.0,0.55,5.0,0.6,22.0,0.61,60.0,0.62,10.0,0.46,5.0,0.45,5.0,0.4,22.0,0.39,60.0,0.38,10.0,0.62,3.43,0.64,10.0,0.65,16.0,0.66,20.0,0.67,10.0,0.16,0.16,0.094284,1776171974000
1776171976.444,76.444,0.36,5.0,0.35,14.0,0.34,11.6,0.33,11.8,0.32,31.9,0.53,10.4,0.54,10.5,0.55,10.5,0.56,20.6,0.57,20.6,0.46,5.0,0.45,5.0,0.4,22.0,0.39,60.0,0.38,10.0,0.62,3.43,0.64,10.0,0.65,16.0,0.66,20.0,0.67,10.0,0.17,0.16,0.094284,1776171974000
1776171976.873,76.873,0.36,5.0,0.35,14.0,0.34,11.6,0.33,11.8,0.32,31.9,0.53,10.4,0.54,10.5,0.55,10.5,0.56,20.6,0.57,20.6,0.47,10.4,0.46,10.5,0.45,10.5,0.44,20.6,0.43,20.6,0.64,5.0,0.65,14.0,0.66,11.6,0.67,11.8,0.68,31.9,0.17,0.17,0.094286,1776171975000
1776171977.791,77.791,0.36,5.0,0.35,14.0,0.34,11.6,0.33,11.8,0.32,31.9,0.53,10.4,0.54,10.5,0.55,10.5,0.56,20.6,0.57,20.6,0.47,10.4,0.46,10.5,0.45,10.5,0.44,20.6,0.43,20.6,0.64,5.0,0.65,14.0,0.66,11.6,0.67,11.8,0.68,31.9,0.17,0.17,0.094285,1776171976000
1776171978.373,78.373,0.41,5.0,0.4,5.0,0.36,21.3,0.35,35.4,0.34,21.6,0.52,8.47,0.53,10.4,0.54,15.5,0.55,15.5,0.56,10.6,0.47,10.4,0.46,10.5,0.45,10.5,0.44,20.6,0.43,20.6,0.64,5.0,0.65,14.0,0.66,11.6,0.67,11.8,0.68,31.9,0.11,0.17,0.094285,1776171976000
1776171978.772,78.772,0.41,3.3,0.4,5.0,0.37,11.2,0.36,21.3,0.35,35.4,0.52,8.47,0.53,10.4,0.54,15.5,0.55,15.5,0.56,10.6,0.48,8.47,0.47,10.4,0.46,15.5,0.45,15.5,0.44,10.6,0.59,5.0,0.6,5.0,0.64,21.3,0.65,35.4,0.66,21.6,0.11,0.11,0.094285,1776171976000
1776171979.798,79.798,0.41,3.3,0.4,5.0,0.37,11.2,0.36,21.3,0.35,35.4,0.52,8.47,0.53,10.4,0.54,15.5,0.55,15.5,0.56,10.6,0.48,8.47,0.47,10.4,0.46,15.5,0.45,15.5,0.44,10.6,0.59,3.3,0.6,5.0,0.63,11.2,0.64,21.3,0.65,35.4,0.11,0.11,0.094281,1776171978000
1776171980.507,80.507,0.41,3.3,0.4,5.0,0.37,11.2,0.36,21.3,0.35,35.4,0.52,8.47,0.53,10.4,0.54,15.5,0.55,15.5,0.56,10.6,0.48,8.47,0.47,10.4,0.46,15.5,0.45,15.5,0.44,10.6,0.59,3.3,0.6,5.0,0.63,11.2,0.64,21.3,0.65,35.4,0.11,0.11,0.094283,1776171979000
1776171981.203,81.203,0.41,3.3,0.4,5.0,0.37,11.2,0.36,21.3,0.35,35.4,0.52,8.47,0.53,10.4,0.54,15.5,0.55,15.5,0.56,10.6,0.48,8.47,0.47,10.4,0.46,15.5,0.45,15.5,0.44,10.6,0.59,3.3,0.6,5.0,0.63,11.2,0.64,21.3,0.65,35.4,0.11,0.11,0.094283,1776171980000
1776171982.513,82.513,0.41,3.3,0.4,5.0,0.37,11.2,0.36,21.3,0.35,35.4,0.52,8.47,0.53,10.4,0.54,15.5,0.55,15.5,0.56,10.6,0.48,8.47,0.47,10.4,0.46,15.5,0.45,15.5,0.44,10.6,0.59,3.3,0.6,5.0,0.63,11.2,0.64,21.3,0.65,35.4,0.11,0.11,0.094287,1776171981000
1776171983.141,83.141,0.41,3.3,0.4,5.0,0.37,11.2,0.36,21.3,0.35,35.4,0.52,8.47,0.53,10.4,0.54,15.5,0.55,15.5,0.56,10.6,0.48,8.47,0.47,10.4,0.46,15.5,0.45,15.5,0.44,10.6,0.59,3.3,0.6,5.0,0.63,11.2,0.64,21.3,0.65,35.4,0.11,0.11,0.094286,1776171982000
1776171984.55,84.55,0.41,3.3,0.4,5.0,0.37,11.2,0.36,21.3,0.35,35.4,0.52,8.47,0.53,10.4,0.54,15.5,0.55,15.5,0.56,10.6,0.48,8.47,0.47,10.4,0.46,15.5,0.45,15.5,0.44,10.6,0.59,3.3,0.6,5.0,0.63,11.2,0.64,21.3,0.65,35.4,0.11,0.11,0.094286,1776171983000
1776171985.136,85.136,0.41,3.3,0.4,5.0,0.37,11.2,0.36,21.3,0.35,35.4,0.52,8.47,0.53,10.4,0.54,15.5,0.55,15.5,0.56,10.6,0.48,8.47,0.47,10.4,0.46,15.5,0.45,15.5,0.44,10.6,0.59,3.3,0.6,5.0,0.63,11.2,0.64,21.3,0.65,35.4,0.11,0.11,0.094284,1776171984000
1776171986.809,86.809,0.41,3.3,0.4,5.0,0.37,11.2,0.36,21.3,0.35,35.4,0.52,8.47,0.53,10.4,0.54,15.5,0.55,15.5,0.56,10.6,0.48,8.47,0.47,10.4,0.46,15.5,0.45,15.5,0.44,10.6,0.59,3.3,0.6,5.0,0.63,11.2,0.64,21.3,0.65,35.4,0.11,0.11,0.094284,1776171985000
1776171987.438,87.438,0.41,3.3,0.4,5.0,0.37,11.2,0.36,21.3,0.35,35.4,0.52,8.47,0.53,10.4,0.54,15.5,0.55,15.5,0.56,10.6,0.48,8.47,0.47,10.4,0.46,15.5,0.45,15.5,0.44,10.6,0.59,3.3,0.6,5.0,0.63,11.2,0.64,21.3,0.65,35.4,0.11,0.11,0.094286,1776171986000
1776171988.195,88.195,0.41,3.3,0.4,5.0,0.37,11.2,0.36,21.3,0.35,35.4,0.52,8.47,0.53,10.4,0.54,15.5,0.55,15.5,0.56,10.6,0.48,8.47,0.47,10.4,0.46,15.5,0.45,15.5,0.44,10.6,0.59,3.3,0.6,5.0,0.63,11.2,0.64,21.3,0.65,35.4,0.11,0.11,0.094286,1776171987000
1776171989.582,89.582,0.4,0.7,0.37,24.2,0.36,21.3,0.35,21.4,0.34,21.6,0.53,10.4,0.54,20.5,0.55,10.5,0.56,10.6,0.57,10.6,0.48,8.47,0.47,10.4,0.46,15.5,0.45,15.5,0.44,10.6,0.59,3.3,0.6,5.0,0.63,11.2,0.64,21.3,0.65,35.4,0.13,0.11,0.094286,1776171987000
1776171989.957,89.957,0.4,0.7,0.37,24.2,0.36,21.3,0.35,21.4,0.34,21.6,0.53,10.4,0.54,20.5,0.55,10.5,0.56,10.6,0.57,10.6,0.47,10.4,0.46,20.5,0.45,10.5,0.44,10.6,0.43,10.6,0.6,0.7,0.63,24.2,0.64,21.3,0.65,21.4,0.66,21.6,0.13,0.13,0.094287,1776171988000
1776171990.722,90.722,0.4,0.7,0.37,24.2,0.36,21.3,0.35,21.4,0.34,21.6,0.53,10.4,0.54,20.5,0.55,10.5,0.56,10.6,0.57,10.6,0.47,10.4,0.46,20.5,0.45,10.5,0.44,10.6,0.43,10.6,0.6,0.7,0.63,24.2,0.64,21.3,0.65,21.4,0.66,21.6,0.13,0.13,0.094287,1776171989000
1776171991.65,91.65,0.4,0.7,0.37,24.2,0.36,21.3,0.35,21.4,0.34,21.6,0.53,10.4,0.54,20.5,0.55,10.5,0.56,10.6,0.57,10.6,0.47,10.4,0.46,20.5,0.45,10.5,0.44,10.6,0.43,10.6,0.6,0.7,0.63,24.2,0.64,21.3,0.65,21.4,0.66,21.6,0.13,0.13,0.094285,1776171990000
1776171992.324,92.324,0.4,0.7,0.37,24.2,0.36,21.3,0.35,21.4,0.34,21.6,0.53,10.4,0.54,20.5,0.55,10.5,0.56,10.6,0.57,10.6,0.47,10.4,0.46,20.5,0.45,10.5,0.44,10.6,0.43,10.6,0.6,0.7,0.63,24.2,0.64,21.3,0.65,21.4,0.66,21.6,0.13,0.13,0.094286,1776171991000
1776171993.203,93.203,0.4,0.7,0.37,24.2,0.36,21.3,0.35,21.4,0.34,21.6,0.53,10.4,0.54,20.5,0.55,10.5,0.56,10.6,0.57,10.6,0.47,10.4,0.46,20.5,0.45,10.5,0.44,10.6,0.43,10.6,0.6,0.7,0.63,24.2,0.64,21.3,0.65,21.4,0.66,21.6,0.13,0.13,0.094285,1776171992000
1776171994.119,94.119,0.4,0.7,0.37,24.2,0.36,21.3,0.35,21.4,0.34,21.6,0.53,10.4,0.54,20.5,0.55,10.5,0.56,10.6,0.57,10.6,0.47,10.4,0.46,20.5,0.45,10.5,0.44,10.6,0.43,10.6,0.6,0.7,0.63,24.2,0.64,21.3,0.65,21.4,0.66,21.6,0.13,0.13,0.094287,1776171993000
1776171995.084,95.084,0.4,0.7,0.37,24.2,0.36,21.3,0.35,21.4,0.34,21.6,0.53,10.4,0.54,20.5,0.55,10.5,0.56,10.6,0.57,10.6,0.47,10.4,0.46,20.5,0.45,10.5,0.44,10.6,0.43,10.6,0.6,0.7,0.63,24.2,0.64,21.3,0.65,21.4,0.66,21.6,0.13,0.13,0.094287,1776171994000
1776171996.048,96.048,0.4,0.7,0.37,24.2,0.36,21.3,0.35,21.4,0.34,21.6,0.53,10.4,0.54,20.5,0.55,10.5,0.56,10.6,0.57,10.6,0.47,10.4,0.46,20.5,0.45,10.5,0.44,10.6,0.43,10.6,0.6,0.7,0.63,24.2,0.64,21.3,0.65,21.4,0.66,21.6,0.13,0.13,0.094287,1776171995000
1776171996.955,96.955,0.4,0.7,0.37,24.2,0.36,21.3,0.35,21.4,0.34,21.6,0.53,10.4,0.54,20.5,0.55,10.5,0.56,10.6,0.57,10.6,0.47,10.4,0.46,20.5,0.45,10.5,0.44,10.6,0.43,10.6,0.6,0.7,0.63,24.2,0.64,21.3,0.65,21.4,0.66,21.6,0.13,0.13,0.094287,1776171996000
1776171998.054,98.054,0.4,0.7,0.37,24.2,0.36,21.3,0.35,21.4,0.34,21.6,0.53,10.4,0.54,20.5,0.55,10.5,0.56,10.6,0.57,10.6,0.47,10.4,0.46,20.5,0.45,10.5,0.44,10.6,0.43,10.6,0.6,0.7,0.63,24.2,0.64,21.3,0.65,21.4,0.66,21.6,0.13,0.13,0.094287,1776171997000
1776171998.971,98.971,0.4,0.7,0.37,24.2,0.36,21.3,0.35,21.4,0.34,21.6,0.53,10.4,0.54,20.5,0.55,10.5,0.56,10.6,0.57,10.6,0.47,10.4,0.46,20.5,0.45,10.5,0.44,10.6,0.43,10.6,0.6,0.7,0.63,24.2,0.64,21.3,0.65,21.4,0.66,21.6,0.13,0.13,0.094287,1776171998000
1776172000.054,100.054,0.4,0.7,0.37,24.2,0.36,21.3,0.35,21.4,0.34,21.6,0.53,10.4,0.54,20.5,0.55,10.5,0.56,10.6,0.57,10.6,0.47,10.4,0.46,20.5,0.45,10.5,0.44,10.6,0.43,10.6,0.6,0.7,0.63,24.2,0.64,21.3,0.65,21.4,0.66,21.6,0.13,0.13,0.094285,1776171999000
1776172001.07,101.07,0.4,0.7,0.37,24.2,0.36,21.3,0.35,21.4,0.34,21.6,0.53,10.4,0.54,20.5,0.55,10.5,0.56,10.6,0.57,10.6,0.47,10.4,0.46,20.5,0.45,10.5,0.44,10.6,0.43,10.6,0.6,0.7,0.63,24.2,0.64,21.3,0.65,21.4,0.66,21.6,0.13,0.13,0.094285,1776172000000
1776172002.005,102.005,0.4,0.7,0.37,24.2,0.36,21.3,0.35,21.4,0.34,21.6,0.53,10.4,0.54,20.5,0.55,10.5,0.56,10.6,0.57,10.6,0.47,10.4,0.46,20.5,0.45,10.5,0.44,10.6,0.43,10.6,0.6,0.7,0.63,24.2,0.64,21.3,0.65,21.4,0.66,21.6,0.13,0.13,0.094287,1776172001000
1776172003.511,103.511,0.4,0.7,0.37,24.2,0.36,21.3,0.35,21.4,0.34,21.6,0.53,10.4,0.54,20.5,0.55,10.5,0.56,10.6,0.57,10.6,0.47,10.4,0.46,20.5,0.45,10.5,0.44,10.6,0.43,10.6,0.6,0.7,0.63,24.2,0.64,21.3,0.65,21.4,0.66,21.6,0.13,0.13,0.094286,1776172002000
1776172003.96,103.96,0.4,0.7,0.37,24.2,0.36,21.3,0.35,21.4,0.34,21.6,0.53,10.4,0.54,20.5,0.55,10.5,0.56,10.6,0.57,10.6,0.47,10.4,0.46,20.5,0.45,10.5,0.44,10.6,0.43,10.6,0.6,0.7,0.63,24.2,0.64,21.3,0.65,21.4,0.66,21.6,0.13,0.13,0.094287,1776172003000
1776172005.114,105.114,0.4,0.7,0.37,24.2,0.36,21.3,0.35,21.4,0.34,21.6,0.53,10.4,0.54,20.5,0.55,10.5,0.56,10.6,0.57,10.6,0.47,10.4,0.46,20.5,0.45,10.5,0.44,10.6,0.43,10.6,0.6,0.7,0.63,24.2,0.64,21.3,0.65,21.4,0.66,21.6,0.13,0.13,0.094286,1776172004000
1776172006.222,106.222,0.4,0.7,0.37,24.2,0.36,21.3,0.35,21.4,0.34,21.6,0.53,10.4,0.54,20.5,0.55,10.5,0.56,10.6,0.57,10.6,0.47,10.4,0.46,20.5,0.45,10.5,0.44,10.6,0.43,10.6,0.6,0.7,0.63,24.2,0.64,21.3,0.65,21.4,0.66,21.6,0.13,0.13,0.094286,1776172005000
1776172007.786,107.786,0.4,0.7,0.37,24.2,0.36,21.3,0.35,21.4,0.34,21.6,0.53,10.4,0.54,20.5,0.55,10.5,0.56,10.6,0.57,10.6,0.47,10.4,0.46,20.5,0.45,10.5,0.44,10.6,0.43,10.6,0.6,0.7,0.63,24.2,0.64,21.3,0.65,21.4,0.66,21.6,0.13,0.13,0.094283,1776172006000
1776172008.646,108.646,0.4,0.7,0.37,24.2,0.36,21.3,0.35,21.4,0.34,21.6,0.53,10.4,0.54,20.5,0.55,10.5,0.56,10.6,0.57,10.6,0.47,10.4,0.46,20.5,0.45,10.5,0.44,10.6,0.43,10.6,0.6,0.7,0.63,24.2,0.64,21.3,0.65,21.4,0.66,21.6,0.13,0.13,0.094284,1776172007000
1776172009.354,109.354,0.4,0.7,0.37,24.2,0.36,21.3,0.35,21.4,0.34,21.6,0.53,10.4,0.54,20.5,0.55,10.5,0.56,10.6,0.57,10.6,0.47,10.4,0.46,20.5,0.45,10.5,0.44,10.6,0.43,10.6,0.6,0.7,0.63,24.2,0.64,21.3,0.65,21.4,0.66,21.6,0.13,0.13,0.094283,1776172008000
1776172010.198,110.198,0.4,0.7,0.37,24.2,0.36,21.3,0.35,21.4,0.34,21.6,0.53,10.4,0.54,20.5,0.55,10.5,0.56,10.6,0.57,10.6,0.47,10.4,0.46,20.5,0.45,10.5,0.44,10.6,0.43,10.6,0.6,0.7,0.63,24.2,0.64,21.3,0.65,21.4,0.66,21.6,0.13,0.13,0.094283,1776172009000
1776172011.745,111.745,0.4,0.7,0.37,24.2,0.36,21.3,0.35,21.4,0.34,21.6,0.53,10.4,0.54,20.5,0.55,10.5,0.56,10.6,0.57,10.6,0.47,10.4,0.46,20.5,0.45,10.5,0.44,10.6,0.43,10.6,0.6,0.7,0.63,24.2,0.64,21.3,0.65,21.4,0.66,21.6,0.13,0.13,0.094282,1776172010000
1776172012.465,112.465,0.4,0.7,0.37,24.2,0.36,21.3,0.35,21.4,0.34,21.6,0.53,10.4,0.54,20.5,0.55,10.5,0.56,10.6,0.57,10.6,0.47,10.4,0.46,20.5,0.45,10.5,0.44,10.6,0.43,10.6,0.6,0.7,0.63,24.2,0.64,21.3,0.65,21.4,0.66,21.6,0.13,0.13,0.094286,1776172011000
1776172013.417,113.417,0.4,0.7,0.37,24.2,0.36,21.3,0.35,21.4,0.34,21.6,0.53,10.4,0.54,20.5,0.55,10.5,0.56,10.6,0.57,10.6,0.47,10.4,0.46,20.5,0.45,10.5,0.44,10.6,0.43,10.6,0.6,0.7,0.63,24.2,0.64,21.3,0.65,21.4,0.66,21.6,0.13,0.13,0.094289,1776172012000
1776172014.126,114.126,0.4,0.7,0.37,24.2,0.36,21.3,0.35,21.4,0.34,21.6,0.53,10.4,0.54,20.5,0.55,10.5,0.56,10.6,0.57,10.6,0.47,10.4,0.46,20.5,0.45,10.5,0.44,10.6,0.43,10.6,0.6,0.7,0.63,24.2,0.64,21.3,0.65,21.4,0.66,21.6,0.13,0.13,0.094289,1776172013000
1776172015.689,115.689,0.4,0.7,0.37,24.2,0.36,21.3,0.35,21.4,0.34,21.6,0.53,10.4,0.54,20.5,0.55,10.5,0.56,10.6,0.57,10.6,0.47,10.4,0.46,20.5,0.45,10.5,0.44,10.6,0.43,10.6,0.6,0.7,0.63,24.2,0.64,21.3,0.65,21.4,0.66,21.6,0.13,0.13,0.094301,1776172014000
1776172016.385,116.385,0.4,0.7,0.37,24.2,0.36,21.3,0.35,21.4,0.34,21.6,0.53,10.4,0.54,20.5,0.55,10.5,0.56,10.6,0.57,10.6,0.47,10.4,0.46,20.5,0.45,10.5,0.44,10.6,0.43,10.6,0.6,0.7,0.63,24.2,0.64,21.3,0.65,21.4,0.66,21.6,0.13,0.13,0.094305,1776172015000
1776172017.129,117.129,0.4,0.7,0.37,24.2,0.36,21.3,0.35,21.4,0.34,21.6,0.53,10.4,0.54,20.5,0.55,10.5,0.56,10.6,0.57,10.6,0.47,10.4,0.46,20.5,0.45,10.5,0.44,10.6,0.43,10.6,0.6,0.7,0.63,24.2,0.64,21.3,0.65,21.4,0.66,21.6,0.13,0.13,0.094305,1776172016000
1776172018.636,118.636,0.4,0.7,0.37,24.2,0.36,21.3,0.35,21.4,0.34,21.6,0.53,10.4,0.54,20.5,0.55,10.5,0.56,10.6,0.57,10.6,0.47,10.4,0.46,20.5,0.45,10.5,0.44,10.6,0.43,10.6,0.6,0.7,0.63,24.2,0.64,21.3,0.65,21.4,0.66,21.6,0.13,0.13,0.094303,1776172017000
1776172019.36,119.36,0.4,0.7,0.37,24.2,0.36,21.3,0.35,21.4,0.34,21.6,0.53,10.4,0.54,20.5,0.55,10.5,0.56,10.6,0.57,10.6,0.47,10.4,0.46,20.5,0.45,10.5,0.44,10.6,0.43,10.6,0.6,0.7,0.63,24.2,0.64,21.3,0.65,21.4,0.66,21.6,0.13,0.13,0.094306,1776172018000
1776172020.065,120.065,0.4,0.7,0.37,24.2,0.36,21.3,0.35,21.4,0.34,21.6,0.53,10.4,0.54,20.5,0.55,10.5,0.56,10.6,0.57,10.6,0.47,10.4,0.46,20.5,0.45,10.5,0.44,10.6,0.43,10.6,0.6,0.7,0.63,24.2,0.64,21.3,0.65,21.4,0.66,21.6,0.13,0.13,0.094312,1776172019000
1776172021.511,121.511,0.4,0.7,0.37,24.2,0.36,21.3,0.35,21.4,0.34,21.6,0.53,10.4,0.54,20.5,0.55,10.5,0.56,10.6,0.57,10.6,0.47,10.4,0.46,20.5,0.45,10.5,0.44,10.6,0.43,10.6,0.6,0.7,0.63,24.2,0.64,21.3,0.65,21.4,0.66,21.6,0.13,0.13,0.094318,1776172020000
1776172022.277,122.277,0.4,0.7,0.37,24.2,0.36,21.3,0.35,21.4,0.34,21.6,0.53,10.4,0.54,20.5,0.55,10.5,0.56,10.6,0.57,10.6,0.47,10.4,0.46,20.5,0.45,10.5,0.44,10.6,0.43,10.6,0.6,0.7,0.63,24.2,0.64,21.3,0.65,21.4,0.66,21.6,0.13,0.13,0.094318,1776172021000
1776172023.983,123.983,0.4,0.7,0.37,24.2,0.36,21.3,0.35,21.4,0.34,21.6,0.53,10.4,0.54,20.5,0.55,10.5,0.56,10.6,0.57,10.6,0.47,10.4,0.46,20.5,0.45,10.5,0.44,10.6,0.43,10.6,0.6,0.7,0.63,24.2,0.64,21.3,0.65,21.4,0.66,21.6,0.13,0.13,0.094312,1776172023000
1776172025.566,125.566,0.4,0.7,0.37,24.2,0.36,21.3,0.35,21.4,0.34,21.6,0.53,10.4,0.54,20.5,0.55,10.5,0.56,10.6,0.57,10.6,0.47,10.4,0.46,20.5,0.45,10.5,0.44,10.6,0.43,10.6,0.6,0.7,0.63,24.2,0.64,21.3,0.65,21.4,0.66,21.6,0.13,0.13,0.094309,1776172024000
1776172026.19,126.19,0.4,0.7,0.37,24.2,0.36,21.3,0.35,21.4,0.34,21.6,0.53,10.4,0.54,20.5,0.55,10.5,0.56,10.6,0.57,10.6,0.47,10.4,0.46,20.5,0.45,10.5,0.44,10.6,0.43,10.6,0.6,0.7,0.63,24.2,0.64,21.3,0.65,21.4,0.66,21.6,0.13,0.13,0.094315,1776172025000
1776172027.313,127.313,0.4,0.7,0.37,24.2,0.36,21.3,0.35,21.4,0.34,21.6,0.53,10.4,0.54,20.5,0.55,10.5,0.56,10.6,0.57,10.6,0.47,10.4,0.46,20.5,0.45,10.5,0.44,10.6,0.43,10.6,0.6,0.7,0.63,24.2,0.64,21.3,0.65,21.4,0.66,21.6,0.13,0.13,0.094315,1776172026000
1776172028.58,128.58,0.4,0.7,0.37,24.2,0.36,21.3,0.35,21.4,0.34,21.6,0.53,10.4,0.54,20.5,0.55,10.5,0.56,10.6,0.57,10.6,0.47,10.4,0.46,20.5,0.45,10.5,0.44,10.6,0.43,10.6,0.6,0.7,0.63,24.2,0.64,21.3,0.65,21.4,0.66,21.6,0.13,0.13,0.094316,1776172027000
1776172029.01,129.01,0.4,0.7,0.37,24.2,0.36,21.3,0.35,21.4,0.34,21.6,0.53,10.4,0.54,20.5,0.55,10.5,0.56,10.6,0.57,10.6,0.47,10.4,0.46,20.5,0.45,10.5,0.44,10.6,0.43,10.6,0.6,0.7,0.63,24.2,0.64,21.3,0.65,21.4,0.66,21.6,0.13,0.13,0.094312,1776172028000
1776172030.188,130.188,0.4,0.7,0.37,24.2,0.36,21.3,0.35,21.4,0.34,21.6,0.53,10.4,0.54,20.5,0.55,10.5,0.56,10.6,0.57,10.6,0.47,10.4,0.46,20.5,0.45,10.5,0.44,10.6,0.43,10.6,0.6,0.7,0.63,24.2,0.64,21.3,0.65,21.4,0.66,21.6,0.13,0.13,0.094307,1776172029000
1776172031.353,131.353,0.4,0.7,0.37,24.2,0.36,21.3,0.35,21.4,0.34,21.6,0.53,10.4,0.54,20.5,0.55,10.5,0.56,10.6,0.57,10.6,0.47,10.4,0.46,20.5,0.45,10.5,0.44,10.6,0.43,10.6,0.6,0.7,0.63,24.2,0.64,21.3,0.65,21.4,0.66,21.6,0.13,0.13,0.094308,1776172030000
1776172031.89,131.89,0.4,0.7,0.37,24.2,0.36,21.3,0.35,21.4,0.34,21.6,0.53,10.4,0.54,20.5,0.55,10.5,0.56,10.6,0.57,10.6,0.47,10.4,0.46,20.5,0.45,10.5,0.44,10.6,0.43,10.6,0.6,0.7,0.63,24.2,0.64,21.3,0.65,21.4,0.66,21.6,0.13,0.13,0.094306,1776172031000
1776172032.999,132.999,0.4,0.7,0.37,24.2,0.36,21.3,0.35,21.4,0.34,21.6,0.53,10.4,0.54,20.5,0.55,10.5,0.56,10.6,0.57,10.6,0.47,10.4,0.46,20.5,0.45,10.5,0.44,10.6,0.43,10.6,0.6,0.7,0.63,24.2,0.64,21.3,0.65,21.4,0.66,21.6,0.13,0.13,0.094306,1776172032000
1776172034.018,134.018,0.4,0.7,0.37,24.2,0.36,21.3,0.35,21.4,0.34,21.6,0.53,10.4,0.54,20.5,0.55,10.5,0.56,10.6,0.57,10.6,0.47,10.4,0.46,20.5,0.45,10.5,0.44,10.6,0.43,10.6,0.6,0.7,0.63,24.2,0.64,21.3,0.65,21.4,0.66,21.6,0.13,0.13,0.094309,1776172033000
1776172035.059,135.059,0.4,0.7,0.37,24.2,0.36,21.3,0.35,21.4,0.34,21.6,0.53,10.4,0.54,20.5,0.55,10.5,0.56,10.6,0.57,10.6,0.47,10.4,0.46,20.5,0.45,10.5,0.44,10.6,0.43,10.6,0.6,0.7,0.63,24.2,0.64,21.3,0.65,21.4,0.66,21.6,0.13,0.13,0.094309,1776172034000
1776172036.407,136.407,0.4,0.7,0.37,24.2,0.36,21.3,0.35,21.4,0.34,21.6,0.53,10.4,0.54,20.5,0.55,10.5,0.56,10.6,0.57,10.6,0.47,10.4,0.46,20.5,0.45,10.5,0.44,10.6,0.43,10.6,0.6,0.7,0.63,24.2,0.64,21.3,0.65,21.4,0.66,21.6,0.13,0.13,0.094308,1776172035000
1776172037.028,137.028,0.4,0.7,0.37,24.2,0.36,21.3,0.35,21.4,0.34,21.6,0.53,10.4,0.54,20.5,0.55,10.5,0.56,10.6,0.57,10.6,0.47,10.4,0.46,20.5,0.45,10.5,0.44,10.6,0.43,10.6,0.6,0.7,0.63,24.2,0.64,21.3,0.65,21.4,0.66,21.6,0.13,0.13,0.094308,1776172036000
1776172038.157,138.157,0.4,0.7,0.37,24.2,0.36,21.3,0.35,21.4,0.34,21.6,0.53,10.4,0.54,20.5,0.55,10.5,0.56,10.6,0.57,10.6,0.47,10.4,0.46,20.5,0.45,10.5,0.44,10.6,0.43,10.6,0.6,0.7,0.63,24.2,0.64,21.3,0.65,21.4,0.66,21.6,0.13,0.13,0.094308,1776172037000
1776172039.386,139.386,0.4,0.7,0.37,24.2,0.36,21.3,0.35,21.4,0.34,21.6,0.53,10.4,0.54,20.5,0.55,10.5,0.56,10.6,0.57,10.6,0.47,10.4,0.46,20.5,0.45,10.5,0.44,10.6,0.43,10.6,0.6,0.7,0.63,24.2,0.64,21.3,0.65,21.4,0.66,21.6,0.13,0.13,0.094308,1776172038000
1776172039.873,139.873,0.47,5.0,0.45,10.5,0.44,10.6,0.43,10.6,0.42,21.7,0.61,10.9,0.62,11.0,0.63,11.2,0.64,21.3,0.65,11.4,0.39,10.9,0.38,11.0,0.37,11.2,0.36,21.3,0.35,11.4,0.53,5.0,0.55,10.5,0.56,10.6,0.57,10.6,0.58,21.7,0.14,0.14,0.094308,1776172039000
1776172040.944,140.944,0.47,5.0,0.45,10.5,0.44,10.6,0.43,10.6,0.42,21.7,0.61,10.9,0.62,11.0,0.63,11.2,0.64,21.3,0.65,11.4,0.39,10.9,0.38,11.0,0.37,11.2,0.36,21.3,0.35,11.4,0.53,5.0,0.55,10.5,0.56,10.6,0.57,10.6,0.58,21.7,0.14,0.14,0.094307,1776172040000
1776172042.041,142.041,0.47,5.0,0.45,10.5,0.44,10.6,0.43,10.6,0.42,21.7,0.61,10.9,0.62,11.0,0.63,11.2,0.64,21.3,0.65,11.4,0.39,10.9,0.38,11.0,0.37,11.2,0.36,21.3,0.35,11.4,0.53,5.0,0.55,10.5,0.56,10.6,0.57,10.6,0.58,21.7,0.14,0.14,0.094306,1776172041000
1776172043.258,143.258,0.47,5.0,0.45,10.5,0.44,10.6,0.43,10.6,0.42,21.7,0.61,10.9,0.62,11.0,0.63,11.2,0.64,21.3,0.65,11.4,0.39,10.9,0.38,11.0,0.37,11.2,0.36,21.3,0.35,11.4,0.53,5.0,0.55,10.5,0.56,10.6,0.57,10.6,0.58,21.7,0.14,0.14,0.094307,1776172042000
1776172044.293,144.293,0.47,5.0,0.45,10.5,0.44,10.6,0.43,10.6,0.42,21.7,0.61,10.9,0.62,11.0,0.63,11.2,0.64,21.3,0.65,11.4,0.39,10.9,0.38,11.0,0.37,11.2,0.36,21.3,0.35,11.4,0.53,5.0,0.55,10.5,0.56,10.6,0.57,10.6,0.58,21.7,0.14,0.14,0.094301,1776172043000
1776172044.862,144.862,0.47,5.0,0.45,10.5,0.44,10.6,0.43,10.6,0.42,21.7,0.61,10.9,0.62,11.0,0.63,11.2,0.64,21.3,0.65,11.4,0.39,10.9,0.38,11.0,0.37,11.2,0.36,21.3,0.35,11.4,0.53,5.0,0.55,10.5,0.56,10.6,0.57,10.6,0.58,21.7,0.14,0.14,0.094301,1776172044000
1776172045.939,145.939,0.47,5.0,0.45,10.5,0.44,10.6,0.43,10.6,0.42,21.7,0.61,10.9,0.62,11.0,0.63,11.2,0.64,21.3,0.65,11.4,0.39,10.9,0.38,11.0,0.37,11.2,0.36,21.3,0.35,11.4,0.53,5.0,0.55,10.5,0.56,10.6,0.57,10.6,0.58,21.7,0.14,0.14,0.094304,1776172045000
1776172047.06,147.06,0.47,5.0,0.45,10.5,0.44,10.6,0.43,10.6,0.42,21.7,0.61,10.9,0.62,11.0,0.63,11.2,0.64,21.3,0.65,11.4,0.39,10.9,0.38,11.0,0.37,11.2,0.36,21.3,0.35,11.4,0.53,5.0,0.55,10.5,0.56,10.6,0.57,10.6,0.58,21.7,0.14,0.14,0.094304,1776172046000
1776172048.319,148.319,0.47,5.0,0.45,10.5,0.44,10.6,0.43,10.6,0.42,21.7,0.61,10.9,0.62,11.0,0.63,11.2,0.64,21.3,0.65,11.4,0.39,10.9,0.38,11.0,0.37,11.2,0.36,21.3,0.35,11.4,0.53,5.0,0.55,10.5,0.56,10.6,0.57,10.6,0.58,21.7,0.14,0.14,0.094301,1776172047000
1776172048.897,148.897,0.47,5.0,0.45,10.5,0.44,10.6,0.43,10.6,0.42,21.7,0.61,10.9,0.62,11.0,0.63,11.2,0.64,21.3,0.65,11.4,0.39,10.9,0.38,11.0,0.37,11.2,0.36,21.3,0.35,11.4,0.53,5.0,0.55,10.5,0.56,10.6,0.57,10.6,0.58,21.7,0.14,0.14,0.094301,1776172048000
1776172050.098,150.098,0.47,5.0,0.45,10.5,0.44,10.6,0.43,10.6,0.42,21.7,0.61,10.9,0.62,11.0,0.63,11.2,0.64,21.3,0.65,11.4,0.39,10.9,0.38,11.0,0.37,11.2,0.36,21.3,0.35,11.4,0.53,5.0,0.55,10.5,0.56,10.6,0.57,10.6,0.58,21.7,0.14,0.14,0.0943,1776172049000
1776172050.902,150.902,0.47,5.0,0.45,10.5,0.44,10.6,0.43,10.6,0.42,21.7,0.61,10.9,0.62,11.0,0.63,11.2,0.64,21.3,0.65,11.4,0.39,10.9,0.38,11.0,0.37,11.2,0.36,21.3,0.35,11.4,0.53,5.0,0.55,10.5,0.56,10.6,0.57,10.6,0.58,21.7,0.14,0.14,0.0943,1776172050000
1776172052.021,152.021,0.47,5.0,0.45,10.5,0.44,10.6,0.43,10.6,0.42,21.7,0.61,10.9,0.62,11.0,0.63,11.2,0.64,21.3,0.65,11.4,0.39,10.9,0.38,11.0,0.37,11.2,0.36,21.3,0.35,11.4,0.53,5.0,0.55,10.5,0.56,10.6,0.57,10.6,0.58,21.7,0.14,0.14,0.094303,1776172051000
1776172053.047,153.047,0.47,5.0,0.45,10.5,0.44,10.6,0.43,10.6,0.42,21.7,0.61,10.9,0.62,11.0,0.63,11.2,0.64,21.3,0.65,11.4,0.39,10.9,0.38,11.0,0.37,11.2,0.36,21.3,0.35,11.4,0.53,5.0,0.55,10.5,0.56,10.6,0.57,10.6,0.58,21.7,0.14,0.14,0.094306,1776172052000
1776172054.02,154.02,0.47,5.0,0.45,10.5,0.44,10.6,0.43,10.6,0.42,21.7,0.61,10.9,0.62,11.0,0.63,11.2,0.64,21.3,0.65,11.4,0.39,10.9,0.38,11.0,0.37,11.2,0.36,21.3,0.35,11.4,0.53,5.0,0.55,10.5,0.56,10.6,0.57,10.6,0.58,21.7,0.14,0.14,0.094304,1776172053000
1776172055.015,155.015,0.47,5.0,0.45,10.5,0.44,10.6,0.43,10.6,0.42,21.7,0.61,10.9,0.62,11.0,0.63,11.2,0.64,21.3,0.65,11.4,0.39,10.9,0.38,11.0,0.37,11.2,0.36,21.3,0.35,11.4,0.53,5.0,0.55,10.5,0.56,10.6,0.57,10.6,0.58,21.7,0.14,0.14,0.094307,1776172054000
1776172056.079,156.079,0.47,5.0,0.45,10.5,0.44,10.6,0.43,10.6,0.42,21.7,0.61,10.9,0.62,11.0,0.63,11.2,0.64,21.3,0.65,11.4,0.39,10.9,0.38,11.0,0.37,11.2,0.36,21.3,0.35,11.4,0.53,5.0,0.55,10.5,0.56,10.6,0.57,10.6,0.58,21.7,0.14,0.14,0.094307,1776172055000
1776172057.058,157.058,0.47,5.0,0.45,10.5,0.44,10.6,0.43,10.6,0.42,21.7,0.61,10.9,0.62,11.0,0.63,11.2,0.64,21.3,0.65,11.4,0.39,10.9,0.38,11.0,0.37,11.2,0.36,21.3,0.35,11.4,0.53,5.0,0.55,10.5,0.56,10.6,0.57,10.6,0.58,21.7,0.14,0.14,0.094307,1776172056000
1776172058.088,158.088,0.47,5.0,0.45,10.5,0.44,10.6,0.43,10.6,0.42,21.7,0.61,10.9,0.62,11.0,0.63,11.2,0.64,21.3,0.65,11.4,0.39,10.9,0.38,11.0,0.37,11.2,0.36,21.3,0.35,11.4,0.53,5.0,0.55,10.5,0.56,10.6,0.57,10.6,0.58,21.7,0.14,0.14,0.094307,1776172057000
1776172059.11,159.11,0.47,5.0,0.45,10.5,0.44,10.6,0.43,10.6,0.42,21.7,0.61,10.9,0.62,11.0,0.63,11.2,0.64,21.3,0.65,11.4,0.39,10.9,0.38,11.0,0.37,11.2,0.36,21.3,0.35,11.4,0.53,5.0,0.55,10.5,0.56,10.6,0.57,10.6,0.58,21.7,0.14,0.14,0.094309,1776172058000
1776172060.194,160.194,0.47,5.0,0.45,10.5,0.44,10.6,0.43,10.6,0.42,21.7,0.61,10.9,0.62,11.0,0.63,11.2,0.64,21.3,0.65,11.4,0.39,10.9,0.38,11.0,0.37,11.2,0.36,21.3,0.35,11.4,0.53,5.0,0.55,10.5,0.56,10.6,0.57,10.6,0.58,21.7,0.14,0.14,0.094308,1776172059000
1776172061.185,161.185,0.47,5.0,0.45,10.5,0.44,10.6,0.43,10.6,0.42,21.7,0.61,10.9,0.62,11.0,0.63,11.2,0.64,21.3,0.65,11.4,0.39,10.9,0.38,11.0,0.37,11.2,0.36,21.3,0.35,11.4,0.53,5.0,0.55,10.5,0.56,10.6,0.57,10.6,0.58,21.7,0.14,0.14,0.094308,1776172060000
1776172062.26,162.26,0.47,5.0,0.45,10.5,0.44,10.6,0.43,10.6,0.42,21.7,0.61,10.9,0.62,11.0,0.63,11.2,0.64,21.3,0.65,11.4,0.39,10.9,0.38,11.0,0.37,11.2,0.36,21.3,0.35,11.4,0.53,5.0,0.55,10.5,0.56,10.6,0.57,10.6,0.58,21.7,0.14,0.14,0.094296,1776172061000
1776172063.197,163.197,0.47,5.0,0.45,10.5,0.44,10.6,0.43,10.6,0.42,21.7,0.61,10.9,0.62,11.0,0.63,11.2,0.64,21.3,0.65,11.4,0.39,10.9,0.38,11.0,0.37,11.2,0.36,21.3,0.35,11.4,0.53,5.0,0.55,10.5,0.56,10.6,0.57,10.6,0.58,21.7,0.14,0.14,0.094294,1776172062000
1776172064.167,164.167,0.47,5.0,0.45,10.5,0.44,10.6,0.43,10.6,0.42,21.7,0.61,10.9,0.62,11.0,0.63,11.2,0.64,21.3,0.65,11.4,0.39,10.9,0.38,11.0,0.37,11.2,0.36,21.3,0.35,11.4,0.53,5.0,0.55,10.5,0.56,10.6,0.57,10.6,0.58,21.7,0.14,0.14,0.094293,1776172063000
1776172065.361,165.361,0.47,5.0,0.45,10.5,0.44,10.6,0.43,10.6,0.42,21.7,0.61,10.9,0.62,11.0,0.63,11.2,0.64,21.3,0.65,11.4,0.39,10.9,0.38,11.0,0.37,11.2,0.36,21.3,0.35,11.4,0.53,5.0,0.55,10.5,0.56,10.6,0.57,10.6,0.58,21.7,0.14,0.14,0.094295,1776172064000
1776172066.273,166.273,0.47,5.0,0.45,10.5,0.44,10.6,0.43,10.6,0.42,21.7,0.61,10.9,0.62,11.0,0.63,11.2,0.64,21.3,0.65,11.4,0.39,10.9,0.38,11.0,0.37,11.2,0.36,21.3,0.35,11.4,0.53,5.0,0.55,10.5,0.56,10.6,0.57,10.6,0.58,21.7,0.14,0.14,0.094294,1776172065000
1776172067.261,167.261,0.47,5.0,0.45,10.5,0.44,10.6,0.43,10.6,0.42,21.7,0.61,10.9,0.62,11.0,0.63,11.2,0.64,21.3,0.65,11.4,0.39,10.9,0.38,11.0,0.37,11.2,0.36,21.3,0.35,11.4,0.53,5.0,0.55,10.5,0.56,10.6,0.57,10.6,0.58,21.7,0.14,0.14,0.094293,1776172066000
1776172068.558,168.558,0.44,9.97,0.43,10.6,0.42,10.7,0.41,60.7,0.4,10.8,0.6,10.8,0.61,10.9,0.62,11.0,0.63,11.2,0.64,11.3,0.39,10.9,0.38,11.0,0.37,11.2,0.36,21.3,0.35,11.4,0.53,5.0,0.55,10.5,0.56,10.6,0.57,10.6,0.58,21.7,0.16,0.14,0.094293,1776172066000
1776172069.33,169.33,0.44,9.97,0.43,10.6,0.42,10.7,0.41,60.7,0.4,10.8,0.6,10.8,0.61,10.9,0.62,11.0,0.63,11.2,0.64,11.3,0.4,10.8,0.39,10.9,0.38,11.0,0.37,11.2,0.36,11.3,0.56,9.97,0.57,10.6,0.58,10.7,0.59,60.7,0.6,10.8,0.16,0.16,0.094295,1776172068000
1776172069.974,169.974,0.44,9.97,0.43,10.6,0.42,10.7,0.41,60.7,0.4,10.8,0.6,10.8,0.61,10.9,0.62,11.0,0.63,11.2,0.64,11.3,0.4,10.8,0.39,10.9,0.38,11.0,0.37,11.2,0.36,11.3,0.56,9.97,0.57,10.6,0.58,10.7,0.59,60.7,0.6,10.8,0.16,0.16,0.094295,1776172069000
1776172071.162,171.162,0.44,9.97,0.43,10.6,0.42,10.7,0.41,60.7,0.4,10.8,0.6,10.8,0.61,10.9,0.62,11.0,0.63,11.2,0.64,11.3,0.4,10.8,0.39,10.9,0.38,11.0,0.37,11.2,0.36,11.3,0.56,9.97,0.57,10.6,0.58,10.7,0.59,60.7,0.6,10.8,0.16,0.16,0.094295,1776172070000
1776172072.46,172.46,0.44,9.97,0.43,10.6,0.42,10.7,0.41,60.7,0.4,10.8,0.6,10.8,0.61,10.9,0.62,11.0,0.63,11.2,0.64,11.3,0.4,10.8,0.39,10.9,0.38,11.0,0.37,11.2,0.36,11.3,0.56,9.97,0.57,10.6,0.58,10.7,0.59,60.7,0.6,10.8,0.16,0.16,0.094295,1776172071000
1776172072.999,172.999,0.44,9.97,0.43,10.6,0.42,10.7,0.41,60.7,0.4,10.8,0.6,10.8,0.61,10.9,0.62,11.0,0.63,11.2,0.64,11.3,0.4,10.8,0.39,10.9,0.38,11.0,0.37,11.2,0.36,11.3,0.56,9.97,0.57,10.6,0.58,10.7,0.59,60.7,0.6,10.8,0.16,0.16,0.094295,1776172072000
1776172074.244,174.244,0.44,9.97,0.43,10.6,0.42,10.7,0.41,60.7,0.4,10.8,0.6,10.8,0.61,10.9,0.62,11.0,0.63,11.2,0.64,11.3,0.4,10.8,0.39,10.9,0.38,11.0,0.37,11.2,0.36,11.3,0.56,9.97,0.57,10.6,0.58,10.7,0.59,60.7,0.6,10.8,0.16,0.16,0.094298,1776172073000
1776172075.584,175.584,0.44,9.97,0.43,10.6,0.42,10.7,0.41,60.7,0.4,10.8,0.6,10.8,0.61,10.9,0.62,11.0,0.63,11.2,0.64,11.3,0.4,10.8,0.39,10.9,0.38,11.0,0.37,11.2,0.36,11.3,0.56,9.97,0.57,10.6,0.58,10.7,0.59,60.7,0.6,10.8,0.16,0.16,0.094325,1776172074000
1776172076.181,176.181,0.44,9.97,0.43,10.6,0.42,10.7,0.41,60.7,0.4,10.8,0.6,10.8,0.61,10.9,0.62,11.0,0.63,11.2,0.64,11.3,0.4,10.8,0.39,10.9,0.38,11.0,0.37,11.2,0.36,11.3,0.56,9.97,0.57,10.6,0.58,10.7,0.59,60.7,0.6,10.8,0.16,0.16,0.094317,1776172075000
1776172077.299,177.299,0.44,9.97,0.43,10.6,0.42,10.7,0.41,60.7,0.4,10.8,0.6,10.8,0.61,10.9,0.62,11.0,0.63,11.2,0.64,11.3,0.4,10.8,0.39,10.9,0.38,11.0,0.37,11.2,0.36,11.3,0.56,9.97,0.57,10.6,0.58,10.7,0.59,60.7,0.6,10.8,0.16,0.16,0.094316,1776172076000
1776172077.949,177.949,0.44,9.97,0.43,10.6,0.42,10.7,0.41,60.7,0.4,10.8,0.6,10.8,0.61,10.9,0.62,11.0,0.63,11.2,0.64,11.3,0.4,10.8,0.39,10.9,0.38,11.0,0.37,11.2,0.36,11.3,0.56,9.97,0.57,10.6,0.58,10.7,0.59,60.7,0.6,10.8,0.16,0.16,0.094323,1776172077000
1776172079.279,179.279,0.44,9.97,0.43,10.6,0.42,10.7,0.41,60.7,0.4,10.8,0.6,10.8,0.61,10.9,0.62,11.0,0.63,11.2,0.64,11.3,0.4,10.8,0.39,10.9,0.38,11.0,0.37,11.2,0.36,11.3,0.56,9.97,0.57,10.6,0.58,10.7,0.59,60.7,0.6,10.8,0.16,0.16,0.094327,1776172078000
1776172080.026,180.026,0.44,9.97,0.43,10.6,0.42,10.7,0.41,60.7,0.4,10.8,0.6,10.8,0.61,10.9,0.62,11.0,0.63,11.2,0.64,11.3,0.4,10.8,0.39,10.9,0.38,11.0,0.37,11.2,0.36,11.3,0.56,9.97,0.57,10.6,0.58,10.7,0.59,60.7,0.6,10.8,0.16,0.16,0.094327,1776172079000
1776172081.435,181.435,0.44,9.97,0.43,10.6,0.42,10.7,0.41,60.7,0.4,10.8,0.6,10.8,0.61,10.9,0.62,11.0,0.63,11.2,0.64,11.3,0.4,10.8,0.39,10.9,0.38,11.0,0.37,11.2,0.36,11.3,0.56,9.97,0.57,10.6,0.58,10.7,0.59,60.7,0.6,10.8,0.16,0.16,0.094309,1776172080000
1776172081.991,181.991,0.44,9.97,0.43,10.6,0.42,10.7,0.41,60.7,0.4,10.8,0.6,10.8,0.61,10.9,0.62,11.0,0.63,11.2,0.64,11.3,0.4,10.8,0.39,10.9,0.38,11.0,0.37,11.2,0.36,11.3,0.56,9.97,0.57,10.6,0.58,10.7,0.59,60.7,0.6,10.8,0.16,0.16,0.094309,1776172081000
1776172083.627,183.627,0.44,9.97,0.43,10.6,0.42,10.7,0.41,60.7,0.4,10.8,0.6,10.8,0.61,10.9,0.62,11.0,0.63,11.2,0.64,11.3,0.4,10.8,0.39,10.9,0.38,11.0,0.37,11.2,0.36,11.3,0.56,9.97,0.57,10.6,0.58,10.7,0.59,60.7,0.6,10.8,0.16,0.16,0.094306,1776172082000
1776172084.122,184.122,0.44,9.97,0.43,10.6,0.42,10.7,0.41,60.7,0.4,10.8,0.6,10.8,0.61,10.9,0.62,11.0,0.63,11.2,0.64,11.3,0.4,10.8,0.39,10.9,0.38,11.0,0.37,11.2,0.36,11.3,0.56,9.97,0.57,10.6,0.58,10.7,0.59,60.7,0.6,10.8,0.16,0.16,0.094306,1776172083000
1776172085.149,185.149,0.44,9.97,0.43,10.6,0.42,10.7,0.41,60.7,0.4,10.8,0.6,10.8,0.61,10.9,0.62,11.0,0.63,11.2,0.64,11.3,0.4,10.8,0.39,10.9,0.38,11.0,0.37,11.2,0.36,11.3,0.56,9.97,0.57,10.6,0.58,10.7,0.59,60.7,0.6,10.8,0.16,0.16,0.094306,1776172084000
1776172086.09,186.09,0.44,9.97,0.43,10.6,0.42,10.7,0.41,60.7,0.4,10.8,0.6,10.8,0.61,10.9,0.62,11.0,0.63,11.2,0.64,11.3,0.4,10.8,0.39,10.9,0.38,11.0,0.37,11.2,0.36,11.3,0.56,9.97,0.57,10.6,0.58,10.7,0.59,60.7,0.6,10.8,0.16,0.16,0.094306,1776172085000
1776172087.087,187.087,0.44,9.97,0.43,10.6,0.42,10.7,0.41,60.7,0.4,10.8,0.6,10.8,0.61,10.9,0.62,11.0,0.63,11.2,0.64,11.3,0.4,10.8,0.39,10.9,0.38,11.0,0.37,11.2,0.36,11.3,0.56,9.97,0.57,10.6,0.58,10.7,0.59,60.7,0.6,10.8,0.16,0.16,0.094306,1776172086000
1776172088.069,188.069,0.44,9.97,0.43,10.6,0.42,10.7,0.41,60.7,0.4,10.8,0.6,10.8,0.61,10.9,0.62,11.0,0.63,11.2,0.64,11.3,0.4,10.8,0.39,10.9,0.38,11.0,0.37,11.2,0.36,11.3,0.56,9.97,0.57,10.6,0.58,10.7,0.59,60.7,0.6,10.8,0.16,0.16,0.094306,1776172087000
1776172088.983,188.983,0.44,9.97,0.43,10.6,0.42,10.7,0.41,60.7,0.4,10.8,0.6,10.8,0.61,10.9,0.62,11.0,0.63,11.2,0.64,11.3,0.4,10.8,0.39,10.9,0.38,11.0,0.37,11.2,0.36,11.3,0.56,9.97,0.57,10.6,0.58,10.7,0.59,60.7,0.6,10.8,0.16,0.16,0.094306,1776172088000
1776172089.95,189.95,0.44,9.97,0.43,10.6,0.42,10.7,0.41,60.7,0.4,10.8,0.6,10.8,0.61,10.9,0.62,11.0,0.63,11.2,0.64,11.3,0.4,10.8,0.39,10.9,0.38,11.0,0.37,11.2,0.36,11.3,0.56,9.97,0.57,10.6,0.58,10.7,0.59,60.7,0.6,10.8,0.16,0.16,0.094306,1776172089000
1776172091.001,191.001,0.44,9.97,0.43,10.6,0.42,10.7,0.41,60.7,0.4,10.8,0.6,10.8,0.61,10.9,0.62,11.0,0.63,11.2,0.64,11.3,0.4,10.8,0.39,10.9,0.38,11.0,0.37,11.2,0.36,11.3,0.56,9.97,0.57,10.6,0.58,10.7,0.59,60.7,0.6,10.8,0.16,0.16,0.094306,1776172090000
1776172091.93,191.93,0.44,9.97,0.43,10.6,0.42,10.7,0.41,60.7,0.4,10.8,0.6,10.8,0.61,10.9,0.62,11.0,0.63,11.2,0.64,11.3,0.4,10.8,0.39,10.9,0.38,11.0,0.37,11.2,0.36,11.3,0.56,9.97,0.57,10.6,0.58,10.7,0.59,60.7,0.6,10.8,0.16,0.16,0.094306,1776172091000
1776172092.9,192.9,0.44,9.97,0.43,10.6,0.42,10.7,0.41,60.7,0.4,10.8,0.6,10.8,0.61,10.9,0.62,11.0,0.63,11.2,0.64,11.3,0.4,10.8,0.39,10.9,0.38,11.0,0.37,11.2,0.36,11.3,0.56,9.97,0.57,10.6,0.58,10.7,0.59,60.7,0.6,10.8,0.16,0.16,0.094305,1776172092000
1776172093.893,193.893,0.44,9.97,0.43,10.6,0.42,10.7,0.41,60.7,0.4,10.8,0.6,10.8,0.61,10.9,0.62,11.0,0.63,11.2,0.64,11.3,0.4,10.8,0.39,10.9,0.38,11.0,0.37,11.2,0.36,11.3,0.56,9.97,0.57,10.6,0.58,10.7,0.59,60.7,0.6,10.8,0.16,0.16,0.094306,1776172093000
1776172094.843,194.843,0.44,9.97,0.43,10.6,0.42,10.7,0.41,60.7,0.4,10.8,0.6,10.8,0.61,10.9,0.62,11.0,0.63,11.2,0.64,11.3,0.4,10.8,0.39,10.9,0.38,11.0,0.37,11.2,0.36,11.3,0.56,9.97,0.57,10.6,0.58,10.7,0.59,60.7,0.6,10.8,0.16,0.16,0.094307,1776172094000
1776172096.588,196.588,0.44,9.97,0.43,10.6,0.42,10.7,0.41,60.7,0.4,10.8,0.6,10.8,0.61,10.9,0.62,11.0,0.63,11.2,0.64,11.3,0.4,10.8,0.39,10.9,0.38,11.0,0.37,11.2,0.36,11.3,0.56,9.97,0.57,10.6,0.58,10.7,0.59,60.7,0.6,10.8,0.16,0.16,0.094306,1776172095000
1776172097.012,197.012,0.44,9.97,0.43,10.6,0.42,10.7,0.41,60.7,0.4,10.8,0.6,10.8,0.61,10.9,0.62,11.0,0.63,11.2,0.64,11.3,0.4,10.8,0.39,10.9,0.38,11.0,0.37,11.2,0.36,11.3,0.56,9.97,0.57,10.6,0.58,10.7,0.59,60.7,0.6,10.8,0.16,0.16,0.094307,1776172096000
1776172098.205,198.205,0.44,9.97,0.43,10.6,0.42,10.7,0.41,60.7,0.4,10.8,0.6,10.8,0.61,10.9,0.62,11.0,0.63,11.2,0.64,11.3,0.4,10.8,0.39,10.9,0.38,11.0,0.37,11.2,0.36,11.3,0.56,9.97,0.57,10.6,0.58,10.7,0.59,60.7,0.6,10.8,0.16,0.16,0.094306,1776172097000
1776172099.231,199.231,0.44,9.97,0.43,10.6,0.42,10.7,0.41,60.7,0.4,10.8,0.6,10.8,0.61,10.9,0.62,11.0,0.63,11.2,0.64,11.3,0.4,10.8,0.39,10.9,0.38,11.0,0.37,11.2,0.36,11.3,0.56,9.97,0.57,10.6,0.58,10.7,0.59,60.7,0.6,10.8,0.16,0.16,0.094306,1776172098000
1776172100.467,200.467,0.44,9.97,0.43,10.6,0.42,10.7,0.41,60.7,0.4,10.8,0.6,10.8,0.61,10.9,0.62,11.0,0.63,11.2,0.64,11.3,0.4,10.8,0.39,10.9,0.38,11.0,0.37,11.2,0.36,11.3,0.56,9.97,0.57,10.6,0.58,10.7,0.59,60.7,0.6,10.8,0.16,0.16,0.094306,1776172099000
1776172101.126,201.126,0.44,9.97,0.43,10.6,0.42,10.7,0.41,60.7,0.4,10.8,0.6,10.8,0.61,10.9,0.62,11.0,0.63,11.2,0.64,11.3,0.4,10.8,0.39,10.9,0.38,11.0,0.37,11.2,0.36,11.3,0.56,9.97,0.57,10.6,0.58,10.7,0.59,60.7,0.6,10.8,0.16,0.16,0.094306,1776172100000
1776172102.309,202.309,0.44,9.97,0.43,10.6,0.42,10.7,0.41,60.7,0.4,10.8,0.6,10.8,0.61,10.9,0.62,11.0,0.63,11.2,0.64,11.3,0.4,10.8,0.39,10.9,0.38,11.0,0.37,11.2,0.36,11.3,0.56,9.97,0.57,10.6,0.58,10.7,0.59,60.7,0.6,10.8,0.16,0.16,0.094306,1776172101000
1776172103.446,203.446,0.44,9.97,0.43,10.6,0.42,10.7,0.41,60.7,0.4,10.8,0.6,10.8,0.61,10.9,0.62,11.0,0.63,11.2,0.64,11.3,0.4,10.8,0.39,10.9,0.38,11.0,0.37,11.2,0.36,11.3,0.56,9.97,0.57,10.6,0.58,10.7,0.59,60.7,0.6,10.8,0.16,0.16,0.094306,1776172102000
1776172103.855,203.855,0.44,9.97,0.43,10.6,0.42,10.7,0.41,60.7,0.4,10.8,0.6,10.8,0.61,10.9,0.62,11.0,0.63,11.2,0.64,11.3,0.4,10.8,0.39,10.9,0.38,11.0,0.37,11.2,0.36,11.3,0.56,9.97,0.57,10.6,0.58,10.7,0.59,60.7,0.6,10.8,0.16,0.16,0.094306,1776172103000
1776172104.551,204.551,0.51,56.95,0.5,10.4,0.49,10.4,0.48,10.4,0.47,10.4,0.65,11.4,0.66,11.6,0.67,11.8,0.68,11.9,0.69,12.2,0.4,10.8,0.39,10.9,0.38,11.0,0.37,11.2,0.36,11.3,0.56,9.97,0.57,10.6,0.58,10.7,0.59,60.7,0.6,10.8,0.14,0.16,0.094306,1776172103000
1776172105.179,205.179,0.51,56.95,0.5,10.4,0.49,10.4,0.48,10.4,0.47,10.4,0.65,11.4,0.66,11.6,0.67,11.8,0.68,11.9,0.69,12.2,0.35,11.4,0.34,11.6,0.33,11.8,0.32,11.9,0.31,12.2,0.49,56.95,0.5,10.4,0.51,10.4,0.52,10.4,0.53,10.4,0.14,0.14,0.094306,1776172104000
1776172106.109,206.109,0.51,56.95,0.5,10.4,0.49,10.4,0.48,10.4,0.47,10.4,0.65,11.4,0.66,11.6,0.67,11.8,0.68,11.9,0.69,12.2,0.35,11.4,0.34,11.6,0.33,11.8,0.32,11.9,0.31,12.2,0.49,56.95,0.5,10.4,0.51,10.4,0.52,10.4,0.53,10.4,0.14,0.14,0.094306,1776172105000
1776172107.242,207.242,0.51,56.95,0.5,10.4,0.49,10.4,0.48,10.4,0.47,10.4,0.65,11.4,0.66,11.6,0.67,11.8,0.68,11.9,0.69,12.2,0.35,11.4,0.34,11.6,0.33,11.8,0.32,11.9,0.31,12.2,0.49,56.95,0.5,10.4,0.51,10.4,0.52,10.4,0.53,10.4,0.14,0.14,0.094306,1776172106000
1776172108.307,208.307,0.51,56.95,0.5,10.4,0.49,10.4,0.48,10.4,0.47,10.4,0.65,11.4,0.66,11.6,0.67,11.8,0.68,11.9,0.69,12.2,0.35,11.4,0.34,11.6,0.33,11.8,0.32,11.9,0.31,12.2,0.49,56.95,0.5,10.4,0.51,10.4,0.52,10.4,0.53,10.4,0.14,0.14,0.094306,1776172107000
1776172109.46,209.46,0.51,56.95,0.5,10.4,0.49,10.4,0.48,10.4,0.47,10.4,0.65,11.4,0.66,11.6,0.67,11.8,0.68,11.9,0.69,12.2,0.35,11.4,0.34,11.6,0.33,11.8,0.32,11.9,0.31,12.2,0.49,56.95,0.5,10.4,0.51,10.4,0.52,10.4,0.53,10.4,0.14,0.14,0.094306,1776172108000
1776172110.257,210.257,0.51,56.95,0.5,10.4,0.49,10.4,0.48,10.4,0.47,10.4,0.65,11.4,0.66,11.6,0.67,11.8,0.68,11.9,0.69,12.2,0.35,11.4,0.34,11.6,0.33,11.8,0.32,11.9,0.31,12.2,0.49,56.95,0.5,10.4,0.51,10.4,0.52,10.4,0.53,10.4,0.14,0.14,0.094306,1776172109000
1776172111.013,211.013,0.51,56.95,0.5,10.4,0.49,10.4,0.48,10.4,0.47,10.4,0.65,11.4,0.66,11.6,0.67,11.8,0.68,11.9,0.69,12.2,0.35,11.4,0.34,11.6,0.33,11.8,0.32,11.9,0.31,12.2,0.49,56.95,0.5,10.4,0.51,10.4,0.52,10.4,0.53,10.4,0.14,0.14,0.094306,1776172110000
1776172112.121,212.121,0.51,56.95,0.5,10.4,0.49,10.4,0.48,10.4,0.47,10.4,0.65,11.4,0.66,11.6,0.67,11.8,0.68,11.9,0.69,12.2,0.35,11.4,0.34,11.6,0.33,11.8,0.32,11.9,0.31,12.2,0.49,56.95,0.5,10.4,0.51,10.4,0.52,10.4,0.53,10.4,0.14,0.14,0.094305,1776172111000
1776172113.174,213.174,0.51,56.95,0.5,10.4,0.49,10.4,0.48,10.4,0.47,10.4,0.65,11.4,0.66,11.6,0.67,11.8,0.68,11.9,0.69,12.2,0.35,11.4,0.34,11.6,0.33,11.8,0.32,11.9,0.31,12.2,0.49,56.95,0.5,10.4,0.51,10.4,0.52,10.4,0.53,10.4,0.14,0.14,0.094304,1776172112000
1776172113.552,213.552,0.61,18.31,0.58,8.0,0.51,50.0,0.47,33.73,0.46,10.5,0.77,14.7,0.78,15.2,0.79,15.7,0.8,16.2,0.81,16.89,0.35,11.4,0.34,11.6,0.33,11.8,0.32,11.9,0.31,12.2,0.49,56.95,0.5,10.4,0.51,10.4,0.52,10.4,0.53,10.4,0.16,0.14,0.094304,1776172112000
1776172113.914,213.914,0.64,5.0,0.61,18.31,0.58,8.0,0.51,50.0,0.5,10.0,0.77,6.64,0.78,15.2,0.79,15.7,0.8,16.2,0.81,66.89,0.23,14.7,0.22,15.2,0.21,15.7,0.2,16.2,0.19,16.89,0.39,18.31,0.42,8.0,0.49,50.0,0.53,33.73,0.54,10.5,0.13,0.16,0.094304,1776172112000
1776172114.232,214.232,0.64,5.0,0.61,18.31,0.58,8.0,0.51,50.0,0.5,10.0,0.77,6.64,0.78,15.2,0.79,15.7,0.8,16.2,0.81,66.89,0.23,6.64,0.22,15.2,0.21,15.7,0.2,16.2,0.19,66.89,0.36,5.0,0.39,18.31,0.42,8.0,0.49,50.0,0.5,10.0,0.13,0.13,0.094305,1776172113000
1776172115.257,215.257,0.64,5.0,0.61,18.31,0.58,8.0,0.51,50.0,0.5,10.0,0.77,6.64,0.78,15.2,0.79,15.7,0.8,16.2,0.81,66.89,0.23,6.64,0.22,15.2,0.21,15.7,0.2,16.2,0.19,66.89,0.36,5.0,0.39,18.31,0.42,8.0,0.49,50.0,0.5,10.0,0.13,0.13,0.094322,1776172114000
1776172116.409,216.409,0.64,5.0,0.61,18.31,0.58,8.0,0.51,50.0,0.5,10.0,0.77,6.64,0.78,15.2,0.79,15.7,0.8,16.2,0.81,66.89,0.23,6.64,0.22,15.2,0.21,15.7,0.2,16.2,0.19,66.89,0.36,5.0,0.39,18.31,0.42,8.0,0.49,50.0,0.5,10.0,0.13,0.13,0.09433,1776172115000
1776172116.847,216.847,0.64,5.0,0.61,18.31,0.58,8.0,0.51,50.0,0.5,10.0,0.77,6.64,0.78,15.2,0.79,15.7,0.8,16.2,0.81,66.89,0.23,6.64,0.22,15.2,0.21,15.7,0.2,16.2,0.19,66.89,0.36,5.0,0.39,18.31,0.42,8.0,0.49,50.0,0.5,10.0,0.13,0.13,0.09433,1776172116000
1776172117.985,217.985,0.64,5.0,0.61,18.31,0.58,8.0,0.51,50.0,0.5,10.0,0.77,6.64,0.78,15.2,0.79,15.7,0.8,16.2,0.81,66.89,0.23,6.64,0.22,15.2,0.21,15.7,0.2,16.2,0.19,66.89,0.36,5.0,0.39,18.31,0.42,8.0,0.49,50.0,0.5,10.0,0.13,0.13,0.094336,1776172117000
1776172119.006,219.006,0.64,5.0,0.61,18.31,0.58,8.0,0.51,50.0,0.5,10.0,0.77,6.64,0.78,15.2,0.79,15.7,0.8,16.2,0.81,66.89,0.23,6.64,0.22,15.2,0.21,15.7,0.2,16.2,0.19,66.89,0.36,5.0,0.39,18.31,0.42,8.0,0.49,50.0,0.5,10.0,0.13,0.13,0.094339,1776172118000
1776172120.089,220.089,0.64,5.0,0.61,18.31,0.58,8.0,0.51,50.0,0.5,10.0,0.77,6.64,0.78,15.2,0.79,15.7,0.8,16.2,0.81,66.89,0.23,6.64,0.22,15.2,0.21,15.7,0.2,16.2,0.19,66.89,0.36,5.0,0.39,18.31,0.42,8.0,0.49,50.0,0.5,10.0,0.13,0.13,0.094338,1776172119000
1776172120.494,220.494,0.61,36.67,0.6,10.8,0.59,10.7,0.58,10.7,0.57,10.6,0.81,50.0,0.82,17.6,0.83,18.39,0.84,19.3,0.85,30.39,0.23,6.64,0.22,15.2,0.21,15.7,0.2,16.2,0.19,66.89,0.36,5.0,0.39,18.31,0.42,8.0,0.49,50.0,0.5,10.0,0.2,0.13,0.094338,1776172119000
1776172121.119,221.119,0.61,36.67,0.6,10.8,0.59,10.7,0.58,10.7,0.57,10.6,0.81,50.0,0.82,17.6,0.83,18.39,0.84,19.3,0.85,30.39,0.19,50.0,0.18,17.6,0.17,18.39,0.16,19.3,0.15,30.39,0.39,36.67,0.4,10.8,0.41,10.7,0.42,10.7,0.43,10.6,0.2,0.2,0.09434,1776172120000
1776172122.152,222.152,0.61,36.67,0.6,10.8,0.59,10.7,0.58,10.7,0.57,10.6,0.81,50.0,0.82,17.6,0.83,18.39,0.84,19.3,0.85,30.39,0.19,50.0,0.18,17.6,0.17,18.39,0.16,19.3,0.15,30.39,0.39,36.67,0.4,10.8,0.41,10.7,0.42,10.7,0.43,10.6,0.2,0.2,0.094347,1776172121000
1776172123.201,223.201,0.61,36.67,0.6,10.8,0.59,10.7,0.58,10.7,0.57,10.6,0.81,50.0,0.82,17.6,0.83,18.39,0.84,19.3,0.85,30.39,0.19,50.0,0.18,17.6,0.17,18.39,0.16,19.3,0.15,30.39,0.39,36.67,0.4,10.8,0.41,10.7,0.42,10.7,0.43,10.6,0.2,0.2,0.094347,1776172122000
1776172124.535,224.535,0.61,36.67,0.6,10.8,0.59,10.7,0.58,10.7,0.57,10.6,0.81,50.0,0.82,17.6,0.83,18.39,0.84,19.3,0.85,30.39,0.19,50.0,0.18,17.6,0.17,18.39,0.16,19.3,0.15,30.39,0.39,36.67,0.4,10.8,0.41,10.7,0.42,10.7,0.43,10.6,0.2,0.2,0.094348,1776172123000
1776172125.082,225.082,0.61,36.67,0.6,10.8,0.59,10.7,0.58,10.7,0.57,10.6,0.81,50.0,0.82,17.6,0.83,18.39,0.84,19.3,0.85,30.39,0.19,50.0,0.18,17.6,0.17,18.39,0.16,19.3,0.15,30.39,0.39,36.67,0.4,10.8,0.41,10.7,0.42,10.7,0.43,10.6,0.2,0.2,0.094353,1776172124000
1776172126.118,226.118,0.61,36.67,0.6,10.8,0.59,10.7,0.58,10.7,0.57,10.6,0.81,50.0,0.82,17.6,0.83,18.39,0.84,19.3,0.85,30.39,0.19,50.0,0.18,17.6,0.17,18.39,0.16,19.3,0.15,30.39,0.39,36.67,0.4,10.8,0.41,10.7,0.42,10.7,0.43,10.6,0.2,0.2,0.094362,1776172125000
1776172126.969,226.969,0.61,36.67,0.6,10.8,0.59,10.7,0.58,10.7,0.57,10.6,0.81,50.0,0.82,17.6,0.83,18.39,0.84,19.3,0.85,30.39,0.19,50.0,0.18,17.6,0.17,18.39,0.16,19.3,0.15,30.39,0.39,36.67,0.4,10.8,0.41,10.7,0.42,10.7,0.43,10.6,0.2,0.2,0.094362,1776172126000
1776172127.391,227.391,0.85,5.89,0.81,6.0,0.72,12.9,0.71,12.6,0.7,12.4,0.86,16.3,0.87,23.0,0.88,33.6,0.89,26.6,0.9,38.9,0.19,50.0,0.18,17.6,0.17,18.39,0.16,19.3,0.15,30.39,0.39,36.67,0.4,10.8,0.41,10.7,0.42,10.7,0.43,10.6,0.01,0.2,0.094362,1776172126000
1776172128.055,228.055,0.85,5.89,0.81,6.0,0.72,12.9,0.71,12.6,0.7,12.4,0.86,16.3,0.87,23.0,0.88,33.6,0.89,26.6,0.9,38.9,0.14,16.3,0.13,23.0,0.12,33.6,0.11,26.6,0.1,38.9,0.15,5.89,0.19,6.0,0.28,12.9,0.29,12.6,0.3,12.4,0.01,0.01,0.094358,1776172127000
1776172129.04,229.04,0.85,5.89,0.81,6.0,0.72,12.9,0.71,12.6,0.7,12.4,0.86,16.3,0.87,23.0,0.88,33.6,0.89,26.6,0.9,38.9,0.14,16.3,0.13,23.0,0.12,33.6,0.11,26.6,0.1,38.9,0.15,5.89,0.19,6.0,0.28,12.9,0.29,12.6,0.3,12.4,0.01,0.01,0.094359,1776172128000
1776172129.887,229.887,0.85,5.89,0.81,6.0,0.72,12.9,0.71,12.6,0.7,12.4,0.86,16.3,0.87,23.0,0.88,33.6,0.89,26.6,0.9,38.9,0.14,16.3,0.13,23.0,0.12,33.6,0.11,26.6,0.1,38.9,0.15,5.89,0.19,6.0,0.28,12.9,0.29,12.6,0.3,12.4,0.01,0.01,0.094355,1776172129000
1776172130.845,230.845,0.85,5.89,0.81,6.0,0.72,12.9,0.71,12.6,0.7,12.4,0.86,16.3,0.87,23.0,0.88,33.6,0.89,26.6,0.9,38.9,0.14,16.3,0.13,23.0,0.12,33.6,0.11,26.6,0.1,38.9,0.15,5.89,0.19,6.0,0.28,12.9,0.29,12.6,0.3,12.4,0.01,0.01,0.094354,1776172130000
1776172131.86,231.86,0.85,5.89,0.81,6.0,0.72,12.9,0.71,12.6,0.7,12.4,0.86,16.3,0.87,23.0,0.88,33.6,0.89,26.6,0.9,38.9,0.14,16.3,0.13,23.0,0.12,33.6,0.11,26.6,0.1,38.9,0.15,5.89,0.19,6.0,0.28,12.9,0.29,12.6,0.3,12.4,0.01,0.01,0.094353,1776172131000
1776172132.867,232.867,0.85,5.89,0.81,6.0,0.72,12.9,0.71,12.6,0.7,12.4,0.86,16.3,0.87,23.0,0.88,33.6,0.89,26.6,0.9,38.9,0.14,16.3,0.13,23.0,0.12,33.6,0.11,26.6,0.1,38.9,0.15,5.89,0.19,6.0,0.28,12.9,0.29,12.6,0.3,12.4,0.01,0.01,0.094353,1776172132000
1776172134.241,234.241,0.85,5.89,0.81,6.0,0.72,12.9,0.71,12.6,0.7,12.4,0.86,16.3,0.87,23.0,0.88,33.6,0.89,26.6,0.9,38.9,0.14,16.3,0.13,23.0,0.12,33.6,0.11,26.6,0.1,38.9,0.15,5.89,0.19,6.0,0.28,12.9,0.29,12.6,0.3,12.4,0.01,0.01,0.09436,1776172133000
1776172135.325,235.325,0.85,5.89,0.81,6.0,0.72,12.9,0.71,12.6,0.7,12.4,0.86,16.3,0.87,23.0,0.88,33.6,0.89,26.6,0.9,38.9,0.14,16.3,0.13,23.0,0.12,33.6,0.11,26.6,0.1,38.9,0.15,5.89,0.19,6.0,0.28,12.9,0.29,12.6,0.3,12.4,0.01,0.01,0.094365,1776172134000
1776172136.233,236.233,0.85,5.89,0.81,6.0,0.72,12.9,0.71,12.6,0.7,12.4,0.86,16.3,0.87,23.0,0.88,33.6,0.89,26.6,0.9,38.9,0.14,16.3,0.13,23.0,0.12,33.6,0.11,26.6,0.1,38.9,0.15,5.89,0.19,6.0,0.28,12.9,0.29,12.6,0.3,12.4,0.01,0.01,0.094365,1776172135000
1776172137.115,237.115,0.85,5.89,0.81,6.0,0.72,12.9,0.71,12.6,0.7,12.4,0.86,16.3,0.87,23.0,0.88,33.6,0.89,26.6,0.9,38.9,0.14,16.3,0.13,23.0,0.12,33.6,0.11,26.6,0.1,38.9,0.15,5.89,0.19,6.0,0.28,12.9,0.29,12.6,0.3,12.4,0.01,0.01,0.094365,1776172136000
1776172138.098,238.098,0.85,5.89,0.81,6.0,0.72,12.9,0.71,12.6,0.7,12.4,0.86,16.3,0.87,23.0,0.88,33.6,0.89,26.6,0.9,38.9,0.14,16.3,0.13,23.0,0.12,33.6,0.11,26.6,0.1,38.9,0.15,5.89,0.19,6.0,0.28,12.9,0.29,12.6,0.3,12.4,0.01,0.01,0.094361,1776172137000
1776172139.088,239.088,0.85,5.89,0.81,6.0,0.72,12.9,0.71,12.6,0.7,12.4,0.86,16.3,0.87,23.0,0.88,33.6,0.89,26.6,0.9,38.9,0.14,16.3,0.13,23.0,0.12,33.6,0.11,26.6,0.1,38.9,0.15,5.89,0.19,6.0,0.28,12.9,0.29,12.6,0.3,12.4,0.01,0.01,0.094359,1776172138000
1776172140.089,240.089,0.85,5.89,0.81,6.0,0.72,12.9,0.71,12.6,0.7,12.4,0.86,16.3,0.87,23.0,0.88,33.6,0.89,26.6,0.9,38.9,0.14,16.3,0.13,23.0,0.12,33.6,0.11,26.6,0.1,38.9,0.15,5.89,0.19,6.0,0.28,12.9,0.29,12.6,0.3,12.4,0.01,0.01,0.094368,1776172139000
1776172141.139,241.139,0.85,5.89,0.81,6.0,0.72,12.9,0.71,12.6,0.7,12.4,0.86,16.3,0.87,23.0,0.88,33.6,0.89,26.6,0.9,38.9,0.14,16.3,0.13,23.0,0.12,33.6,0.11,26.6,0.1,38.9,0.15,5.89,0.19,6.0,0.28,12.9,0.29,12.6,0.3,12.4,0.01,0.01,0.094373,1776172140000
1776172142.187,242.187,0.85,5.89,0.81,6.0,0.72,12.9,0.71,12.6,0.7,12.4,0.86,16.3,0.87,23.0,0.88,33.6,0.89,26.6,0.9,38.9,0.14,16.3,0.13,23.0,0.12,33.6,0.11,26.6,0.1,38.9,0.15,5.89,0.19,6.0,0.28,12.9,0.29,12.6,0.3,12.4,0.01,0.01,0.094372,1776172141000
1776172143.275,243.275,0.85,5.89,0.81,6.0,0.72,12.9,0.71,12.6,0.7,12.4,0.86,16.3,0.87,23.0,0.88,33.6,0.89,26.6,0.9,38.9,0.14,16.3,0.13,23.0,0.12,33.6,0.11,26.6,0.1,38.9,0.15,5.89,0.19,6.0,0.28,12.9,0.29,12.6,0.3,12.4,0.01,0.01,0.094371,1776172142000
1776172144.244,244.244,0.85,5.89,0.81,6.0,0.72,12.9,0.71,12.6,0.7,12.4,0.86,16.3,0.87,23.0,0.88,33.6,0.89,26.6,0.9,38.9,0.14,16.3,0.13,23.0,0.12,33.6,0.11,26.6,0.1,38.9,0.15,5.89,0.19,6.0,0.28,12.9,0.29,12.6,0.3,12.4,0.01,0.01,0.09437,1776172143000
1776172144.897,244.897,0.87,39.0,0.86,21.6,0.85,26.28,0.84,19.3,0.83,18.39,0.93,78.98,0.94,46.1,0.95,54.7,0.96,72.7,0.97,89.3,0.14,16.3,0.13,23.0,0.12,33.6,0.11,26.6,0.1,38.9,0.15,5.89,0.19,6.0,0.28,12.9,0.29,12.6,0.3,12.4,0.06,0.01,0.09437,1776172143000
1776172145.34,245.34,0.87,39.0,0.86,21.6,0.85,26.28,0.84,19.3,0.83,18.39,0.93,78.98,0.94,46.1,0.95,54.7,0.96,72.7,0.97,89.3,0.07,78.98,0.06,46.1,0.05,54.7,0.04,72.7,0.03,89.3,0.13,39.0,0.14,21.6,0.15,26.28,0.16,19.3,0.17,18.39,0.06,0.06,0.094369,1776172144000
1776172145.823,245.823,0.87,39.0,0.86,21.6,0.85,26.28,0.84,19.3,0.83,18.39,0.93,78.98,0.94,46.1,0.95,54.7,0.96,72.7,0.97,89.3,0.07,78.98,0.06,46.1,0.05,54.7,0.04,72.7,0.03,89.3,0.13,39.0,0.14,21.6,0.15,26.28,0.16,19.3,0.17,18.39,0.06,0.06,0.094369,1776172145000
1776172146.811,246.811,0.87,39.0,0.86,21.6,0.85,26.28,0.84,19.3,0.83,18.39,0.93,78.98,0.94,46.1,0.95,54.7,0.96,72.7,0.97,89.3,0.07,78.98,0.06,46.1,0.05,54.7,0.04,72.7,0.03,89.3,0.13,39.0,0.14,21.6,0.15,26.28,0.16,19.3,0.17,18.39,0.06,0.06,0.094369,1776172146000
1776172147.935,247.935,0.87,39.0,0.86,21.6,0.85,26.28,0.84,19.3,0.83,18.39,0.93,78.98,0.94,46.1,0.95,54.7,0.96,72.7,0.97,89.3,0.07,78.98,0.06,46.1,0.05,54.7,0.04,72.7,0.03,89.3,0.13,39.0,0.14,21.6,0.15,26.28,0.16,19.3,0.17,18.39,0.06,0.06,0.094369,1776172147000
1776172148.497,248.497,0.88,24.6,0.87,39.0,0.86,21.6,0.85,26.28,0.84,19.3,0.93,44.62,0.94,46.1,0.95,54.7,0.96,72.7,0.97,89.3,0.07,78.98,0.06,46.1,0.05,54.7,0.04,72.7,0.03,89.3,0.13,39.0,0.14,21.6,0.15,26.28,0.16,19.3,0.17,18.39,0.05,0.06,0.094369,1776172147000
1776172148.977,248.977,0.88,24.6,0.87,39.0,0.86,21.6,0.85,26.28,0.84,19.3,0.93,44.62,0.94,46.1,0.95,54.7,0.96,72.7,0.97,89.3,0.07,44.62,0.06,46.1,0.05,54.7,0.04,72.7,0.03,89.3,0.12,24.6,0.13,39.0,0.14,21.6,0.15,26.28,0.16,19.3,0.05,0.05,0.094367,1776172148000
1776172150.394,250.394,0.88,24.6,0.87,39.0,0.86,21.6,0.85,26.28,0.84,19.3,0.93,44.62,0.94,46.1,0.95,54.7,0.96,72.7,0.97,89.3,0.07,44.62,0.06,46.1,0.05,54.7,0.04,72.7,0.03,89.3,0.12,24.6,0.13,39.0,0.14,21.6,0.15,26.28,0.16,19.3,0.05,0.05,0.094372,1776172149000
1776172150.719,250.719,0.9,46.9,0.89,26.6,0.88,29.6,0.87,23.0,0.86,21.6,0.93,39.62,0.95,54.7,0.96,72.7,0.97,89.3,0.98,147.69,0.07,44.62,0.06,46.1,0.05,54.7,0.04,72.7,0.03,89.3,0.12,24.6,0.13,39.0,0.14,21.6,0.15,26.28,0.16,19.3,0.03,0.05,0.094372,1776172149000
1776172151.923,251.923,0.9,46.9,0.89,26.6,0.88,29.6,0.87,23.0,0.86,21.6,0.93,39.62,0.95,54.7,0.96,72.7,0.97,89.3,0.98,147.69,0.07,39.62,0.05,54.7,0.04,72.7,0.03,89.3,0.02,147.69,0.1,46.9,0.11,26.6,0.12,29.6,0.13,23.0,0.14,21.6,0.03,0.03,0.094374,1776172151000
1776172152.98,252.98,0.9,46.9,0.89,26.6,0.88,29.6,0.87,23.0,0.86,21.6,0.93,39.62,0.95,54.7,0.96,72.7,0.97,89.3,0.98,147.69,0.07,39.62,0.05,54.7,0.04,72.7,0.03,89.3,0.02,147.69,0.1,46.9,0.11,26.6,0.12,29.6,0.13,23.0,0.14,21.6,0.03,0.03,0.094368,1776172152000
1776172154.152,254.152,0.9,46.9,0.89,26.6,0.88,29.6,0.87,23.0,0.86,21.6,0.93,39.62,0.95,54.7,0.96,72.7,0.97,89.3,0.98,147.69,0.07,39.62,0.05,54.7,0.04,72.7,0.03,89.3,0.02,147.69,0.1,46.9,0.11,26.6,0.12,29.6,0.13,23.0,0.14,21.6,0.03,0.03,0.094367,1776172153000
1776172155.138,255.138,0.9,46.9,0.89,26.6,0.88,29.6,0.87,23.0,0.86,21.6,0.93,39.62,0.95,54.7,0.96,72.7,0.97,89.3,0.98,147.69,0.07,39.62,0.05,54.7,0.04,72.7,0.03,89.3,0.02,147.69,0.1,46.9,0.11,26.6,0.12,29.6,0.13,23.0,0.14,21.6,0.03,0.03,0.094363,1776172154000
1776172156.118,256.118,0.9,46.9,0.89,26.6,0.88,29.6,0.87,23.0,0.86,21.6,0.93,39.62,0.95,54.7,0.96,72.7,0.97,89.3,0.98,147.69,0.07,39.62,0.05,54.7,0.04,72.7,0.03,89.3,0.02,147.69,0.1,46.9,0.11,26.6,0.12,29.6,0.13,23.0,0.14,21.6,0.03,0.03,0.094363,1776172155000
1776172157.242,257.242,0.9,46.9,0.89,26.6,0.88,29.6,0.87,23.0,0.86,21.6,0.93,39.62,0.95,54.7,0.96,72.7,0.97,89.3,0.98,147.69,0.07,39.62,0.05,54.7,0.04,72.7,0.03,89.3,0.02,147.69,0.1,46.9,0.11,26.6,0.12,29.6,0.13,23.0,0.14,21.6,0.03,0.03,0.094364,1776172156000
1776172158.31,258.31,0.9,46.9,0.89,26.6,0.88,29.6,0.87,23.0,0.86,21.6,0.93,39.62,0.95,54.7,0.96,72.7,0.97,89.3,0.98,147.69,0.07,39.62,0.05,54.7,0.04,72.7,0.03,89.3,0.02,147.69,0.1,46.9,0.11,26.6,0.12,29.6,0.13,23.0,0.14,21.6,0.03,0.03,0.094364,1776172157000
1776172158.612,258.612,0.89,31.6,0.88,24.6,0.87,23.0,0.86,21.6,0.85,26.28,0.93,29.37,0.94,46.1,0.95,54.7,0.96,72.7,0.97,89.3,0.07,30.6,0.06,46.1,0.05,54.7,0.04,72.7,0.03,89.3,0.11,31.6,0.12,24.6,0.13,23.0,0.14,21.6,0.15,26.28,0.04,0.04,0.094364,1776172157000
1776172159.319,259.319,0.89,31.6,0.88,24.6,0.87,23.0,0.86,21.6,0.85,26.28,0.93,29.37,0.94,46.1,0.95,54.7,0.96,72.7,0.97,89.3,0.07,29.37,0.06,46.1,0.05,54.7,0.04,72.7,0.03,89.3,0.11,31.6,0.12,24.6,0.13,23.0,0.14,21.6,0.15,26.28,0.04,0.04,0.094364,1776172158000
1776172160.333,260.333,0.89,31.6,0.88,24.6,0.87,23.0,0.86,21.6,0.85,26.28,0.93,29.37,0.94,46.1,0.95,54.7,0.96,72.7,0.97,89.3,0.07,29.37,0.06,46.1,0.05,54.7,0.04,72.7,0.03,89.3,0.11,31.6,0.12,24.6,0.13,23.0,0.14,21.6,0.15,26.28,0.04,0.04,0.094364,1776172159000
1776172160.896,260.896,0.89,31.6,0.88,24.6,0.87,23.0,0.86,21.6,0.85,26.28,0.93,29.37,0.94,46.1,0.95,54.7,0.96,72.7,0.97,89.3,0.07,29.37,0.06,46.1,0.05,54.7,0.04,72.7,0.03,89.3,0.11,31.6,0.12,24.6,0.13,23.0,0.14,21.6,0.15,26.28,0.04,0.04,0.094364,1776172160000
1776172161.977,261.977,0.89,31.6,0.88,24.6,0.87,23.0,0.86,21.6,0.85,26.28,0.93,29.37,0.94,46.1,0.95,54.7,0.96,72.7,0.97,89.3,0.07,29.37,0.06,46.1,0.05,54.7,0.04,72.7,0.03,89.3,0.11,31.6,0.12,24.6,0.13,23.0,0.14,21.6,0.15,26.28,0.04,0.04,0.094364,1776172161000
1776172163.101,263.101,0.89,31.6,0.88,24.6,0.87,23.0,0.86,21.6,0.85,26.28,0.93,29.37,0.94,46.1,0.95,54.7,0.96,72.7,0.97,89.3,0.07,29.37,0.06,46.1,0.05,54.7,0.04,72.7,0.03,89.3,0.11,31.6,0.12,24.6,0.13,23.0,0.14,21.6,0.15,26.28,0.04,0.04,0.094364,1776172162000
1776172164.14,264.14,0.89,31.6,0.88,24.6,0.87,23.0,0.86,21.6,0.85,26.28,0.93,29.37,0.94,46.1,0.95,54.7,0.96,72.7,0.97,89.3,0.07,29.37,0.06,46.1,0.05,54.7,0.04,72.7,0.03,89.3,0.11,31.6,0.12,24.6,0.13,23.0,0.14,21.6,0.15,26.28,0.04,0.04,0.094364,1776172163000
1776172165.734,265.734,0.89,31.6,0.88,24.6,0.87,23.0,0.86,21.6,0.85,26.28,0.93,29.37,0.94,46.1,0.95,54.7,0.96,72.7,0.97,89.3,0.07,29.37,0.06,46.1,0.05,54.7,0.04,72.7,0.03,89.3,0.11,31.6,0.12,24.6,0.13,23.0,0.14,21.6,0.15,26.28,0.04,0.04,0.094364,1776172164000
1776172166.305,266.305,0.89,31.6,0.88,24.6,0.87,23.0,0.86,21.6,0.85,26.28,0.93,29.37,0.94,46.1,0.95,54.7,0.96,72.7,0.97,89.3,0.07,29.37,0.06,46.1,0.05,54.7,0.04,72.7,0.03,89.3,0.11,31.6,0.12,24.6,0.13,23.0,0.14,21.6,0.15,26.28,0.04,0.04,0.094364,1776172165000
1776172166.575,266.575,0.91,42.7,0.9,28.9,0.89,31.6,0.88,24.6,0.87,23.0,0.96,72.7,0.97,89.3,0.98,147.69,0.99,5533.69,,,0.07,29.37,0.06,46.1,0.05,54.7,0.04,72.7,0.03,89.3,0.11,31.6,0.12,24.6,0.13,23.0,0.14,21.6,0.15,26.28,0.05,0.04,0.094364,1776172165000
1776172166.922,266.922,0.91,42.7,0.9,28.9,0.89,31.6,0.88,24.6,0.87,23.0,0.96,72.7,0.97,89.3,0.98,147.69,0.99,5533.69,,,0.04,72.7,0.03,89.3,0.02,147.69,0.01,5533.69,,,0.09,42.7,0.1,28.9,0.11,31.6,0.12,24.6,0.13,23.0,0.05,0.05,0.094364,1776172166000
1776172168.769,268.769,0.91,42.7,0.9,28.9,0.89,31.6,0.88,24.6,0.87,23.0,0.96,72.7,0.97,89.3,0.98,147.69,0.99,5533.69,,,0.04,72.7,0.03,89.3,0.02,147.69,0.01,5533.69,,,0.09,42.7,0.1,28.9,0.11,31.6,0.12,24.6,0.13,23.0,0.05,0.05,0.094366,1776172167000
1776172169.339,269.339,0.91,42.7,0.9,28.9,0.89,31.6,0.88,24.6,0.87,23.0,0.96,72.7,0.97,89.3,0.98,147.69,0.99,5533.69,,,0.04,72.7,0.03,89.3,0.02,147.69,0.01,5533.69,,,0.09,42.7,0.1,28.9,0.11,31.6,0.12,24.6,0.13,23.0,0.05,0.05,0.094367,1776172168000
1776172170.102,270.102,0.91,42.7,0.9,28.9,0.89,31.6,0.88,24.6,0.87,23.0,0.96,72.7,0.97,89.3,0.98,147.69,0.99,5533.69,,,0.04,72.7,0.03,89.3,0.02,147.69,0.01,5533.69,,,0.09,42.7,0.1,28.9,0.11,31.6,0.12,24.6,0.13,23.0,0.05,0.05,0.094367,1776172169000
1776172170.955,270.955,0.61,8.67,0.6,10.8,0.59,10.7,0.58,10.7,0.57,10.6,0.71,44.0,0.81,35.11,0.82,6.0,0.91,55.0,0.92,35.29,0.19,41.11,0.18,6.0,0.12,9.0,0.1,10.0,0.09,55.0,0.26,6.0,0.39,8.67,0.4,10.8,0.41,10.7,0.42,10.7,0.1,0.07,0.094367,1776172169000
1776172171.318,271.318,0.61,8.67,0.6,10.8,0.59,10.7,0.58,10.7,0.57,10.6,0.71,44.0,0.81,35.11,0.82,6.0,0.91,55.0,0.92,35.29,0.29,44.0,0.19,35.11,0.18,6.0,0.09,55.0,0.08,35.29,0.39,8.67,0.4,10.8,0.41,10.7,0.42,10.7,0.43,10.6,0.1,0.1,0.094362,1776172170000
1776172172.04,272.04,0.61,8.67,0.6,10.8,0.59,10.7,0.58,10.7,0.57,10.6,0.71,44.0,0.81,35.11,0.82,6.0,0.91,55.0,0.92,35.29,0.29,44.0,0.19,35.11,0.18,6.0,0.09,55.0,0.08,35.29,0.39,8.67,0.4,10.8,0.41,10.7,0.42,10.7,0.43,10.6,0.1,0.1,0.094328,1776172171000
1776172173.473,273.473,0.61,8.67,0.6,10.8,0.59,10.7,0.58,10.7,0.57,10.6,0.71,44.0,0.81,35.11,0.82,6.0,0.91,55.0,0.92,35.29,0.29,44.0,0.19,35.11,0.18,6.0,0.09,55.0,0.08,35.29,0.39,8.67,0.4,10.8,0.41,10.7,0.42,10.7,0.43,10.6,0.1,0.1,0.094323,1776172172000
1776172174.206,274.206,0.61,8.67,0.6,10.8,0.59,10.7,0.58,10.7,0.57,10.6,0.71,44.0,0.81,35.11,0.82,6.0,0.91,55.0,0.92,35.29,0.29,44.0,0.19,35.11,0.18,6.0,0.09,55.0,0.08,35.29,0.39,8.67,0.4,10.8,0.41,10.7,0.42,10.7,0.43,10.6,0.1,0.1,0.094314,1776172173000
1776172175.562,275.562,0.61,8.67,0.6,10.8,0.59,10.7,0.58,10.7,0.57,10.6,0.71,44.0,0.81,35.11,0.82,6.0,0.91,55.0,0.92,35.29,0.29,44.0,0.19,35.11,0.18,6.0,0.09,55.0,0.08,35.29,0.39,8.67,0.4,10.8,0.41,10.7,0.42,10.7,0.43,10.6,0.1,0.1,0.094314,1776172174000
1776172176.338,276.338,0.61,8.67,0.6,10.8,0.59,10.7,0.58,10.7,0.57,10.6,0.71,44.0,0.81,35.11,0.82,6.0,0.91,55.0,0.92,35.29,0.29,44.0,0.19,35.11,0.18,6.0,0.09,55.0,0.08,35.29,0.39,8.67,0.4,10.8,0.41,10.7,0.42,10.7,0.43,10.6,0.1,0.1,0.094314,1776172175000
1776172177.065,277.065,0.62,16.87,0.61,58.67,0.56,8.0,0.51,50.0,0.47,23.33,0.91,53.1,0.96,130.0,0.98,115.0,0.99,1371.09,,,0.29,44.0,0.19,35.11,0.18,6.0,0.09,55.0,0.08,35.29,0.39,8.67,0.4,10.8,0.41,10.7,0.42,10.7,0.43,10.6,0.29,0.1,0.094314,1776172175000
1776172178.685,278.685,0.62,16.87,0.61,58.67,0.56,8.0,0.51,50.0,0.47,23.33,0.91,53.1,0.96,130.0,0.98,115.0,0.99,1371.09,,,0.09,53.1,0.04,130.0,0.02,115.0,0.01,1371.09,,,0.38,16.87,0.39,58.67,0.44,8.0,0.49,50.0,0.53,23.33,0.29,0.29,0.094315,1776172177000
1776172179.38,279.38,0.62,16.87,0.61,58.67,0.56,8.0,0.51,50.0,0.47,23.33,0.91,53.1,0.96,130.0,0.98,115.0,0.99,1371.09,,,0.09,53.1,0.04,130.0,0.02,115.0,0.01,1371.09,,,0.38,16.87,0.39,58.67,0.44,8.0,0.49,50.0,0.53,23.33,0.29,0.29,0.094315,1776172178000
1776172180.106,280.106,0.62,16.87,0.61,58.67,0.56,8.0,0.51,50.0,0.47,23.33,0.91,53.1,0.96,130.0,0.98,115.0,0.99,1371.09,,,0.09,53.1,0.04,130.0,0.02,115.0,0.01,1371.09,,,0.38,16.87,0.39,58.67,0.44,8.0,0.49,50.0,0.53,23.33,0.29,0.29,0.094315,1776172179000
1776172181.486,281.486,0.61,58.67,0.58,8.0,0.51,50.0,0.47,23.33,0.44,10.0,0.91,41.6,0.96,5.0,0.97,166.0,0.98,15.0,0.99,1471.09,0.09,53.1,0.04,130.0,0.02,115.0,0.01,1371.09,,,0.38,16.87,0.39,58.67,0.44,8.0,0.49,50.0,0.53,23.33,0.3,0.29,0.094315,1776172179000
1776172182.615,282.615,0.61,58.67,0.58,8.0,0.51,50.0,0.47,23.33,0.44,10.0,0.91,41.6,0.96,5.0,0.97,166.0,0.98,15.0,0.99,1471.09,0.09,41.6,0.04,5.0,0.03,166.0,0.02,15.0,0.01,1471.09,0.39,58.67,0.42,8.0,0.49,50.0,0.53,23.33,0.56,10.0,0.3,0.3,0.094315,1776172181000
1776172183.199,283.199,0.61,58.67,0.58,8.0,0.51,50.0,0.47,23.33,0.44,10.0,0.91,41.6,0.96,5.0,0.97,166.0,0.98,15.0,0.99,1471.09,0.09,41.6,0.04,5.0,0.03,166.0,0.02,15.0,0.01,1471.09,0.39,58.67,0.42,8.0,0.49,50.0,0.53,23.33,0.56,10.0,0.3,0.3,0.094315,1776172182000
1776172184.275,284.275,0.61,58.67,0.58,8.0,0.51,50.0,0.47,23.33,0.44,10.0,0.91,41.6,0.96,5.0,0.97,166.0,0.98,15.0,0.99,1471.09,0.09,41.6,0.04,5.0,0.03,166.0,0.02,15.0,0.01,1471.09,0.39,58.67,0.42,8.0,0.49,50.0,0.53,23.33,0.56,10.0,0.3,0.3,0.094315,1776172183000
1776172185.378,285.378,0.61,58.67,0.58,8.0,0.51,50.0,0.47,23.33,0.44,10.0,0.91,41.6,0.96,5.0,0.97,166.0,0.98,15.0,0.99,1471.09,0.09,41.6,0.04,5.0,0.03,166.0,0.02,15.0,0.01,1471.09,0.39,58.67,0.42,8.0,0.49,50.0,0.53,23.33,0.56,10.0,0.3,0.3,0.094315,1776172184000
1776172186.43,286.43,0.61,58.67,0.58,8.0,0.51,50.0,0.47,23.33,0.44,10.0,0.91,41.6,0.96,5.0,0.97,166.0,0.98,15.0,0.99,1471.09,0.09,41.6,0.04,5.0,0.03,166.0,0.02,15.0,0.01,1471.09,0.39,58.67,0.42,8.0,0.49,50.0,0.53,23.33,0.56,10.0,0.3,0.3,0.094316,1776172185000
1776172186.992,286.992,0.61,58.67,0.58,8.0,0.51,50.0,0.47,23.33,0.44,10.0,0.91,41.6,0.96,5.0,0.97,166.0,0.98,15.0,0.99,1471.09,0.09,41.6,0.04,5.0,0.03,166.0,0.02,15.0,0.01,1471.09,0.39,58.67,0.42,8.0,0.49,50.0,0.53,23.33,0.56,10.0,0.3,0.3,0.094318,1776172186000
1776172187.223,287.223,0.72,14.82,0.71,76.0,0.65,7.0,0.61,58.67,0.51,50.0,0.99,360.53,,,,,,,,,0.09,41.6,0.04,5.0,0.03,166.0,0.02,15.0,0.01,1471.09,0.39,58.67,0.42,8.0,0.49,50.0,0.53,23.33,0.56,10.0,0.27,0.3,0.094318,1776172186000
1776172188.017,288.017,0.72,14.82,0.71,76.0,0.65,7.0,0.61,58.67,0.51,50.0,0.99,360.53,,,,,,,,,0.01,360.53,,,,,,,,,0.28,14.82,0.29,76.0,0.35,7.0,0.39,58.67,0.49,50.0,0.27,0.27,0.094319,1776172187000
1776172189.048,289.048,0.72,14.82,0.71,76.0,0.65,7.0,0.61,58.67,0.51,50.0,0.99,360.53,,,,,,,,,0.01,360.53,,,,,,,,,0.28,14.82,0.29,76.0,0.35,7.0,0.39,58.67,0.49,50.0,0.27,0.27,0.094318,1776172188000
1776172189.975,289.975,0.72,14.82,0.71,76.0,0.65,7.0,0.61,58.67,0.51,50.0,0.99,360.53,,,,,,,,,0.01,360.53,,,,,,,,,0.28,14.82,0.29,76.0,0.35,7.0,0.39,58.67,0.49,50.0,0.27,0.27,0.094328,1776172189000
1776172190.96,290.96,0.72,14.82,0.71,76.0,0.65,7.0,0.61,58.67,0.51,50.0,0.99,360.53,,,,,,,,,0.01,360.53,,,,,,,,,0.28,14.82,0.29,76.0,0.35,7.0,0.39,58.67,0.49,50.0,0.27,0.27,0.09433,1776172190000
1776172192.004,292.004,0.72,14.82,0.71,76.0,0.65,7.0,0.61,58.67,0.51,50.0,0.99,360.53,,,,,,,,,0.01,360.53,,,,,,,,,0.28,14.82,0.29,76.0,0.35,7.0,0.39,58.67,0.49,50.0,0.27,0.27,0.094334,1776172191000
1776172192.241,292.241,0.88,5.0,0.81,50.0,0.72,14.82,0.71,60.0,0.61,58.67,0.91,9.72,0.99,260.53,,,,,,,0.01,360.53,,,,,,,,,0.28,14.82,0.29,76.0,0.35,7.0,0.39,58.67,0.49,50.0,0.03,0.27,0.094334,1776172191000
1776172192.536,292.536,0.88,5.0,0.81,50.0,0.72,14.82,0.71,50.0,0.64,10.0,0.99,168.45,,,,,,,,,0.09,9.72,0.01,260.53,,,,,,,0.12,5.0,0.19,50.0,0.28,14.82,0.29,60.0,0.39,58.67,0.11,0.03,0.094334,1776172191000
1776172193.098,293.098,0.88,5.0,0.81,50.0,0.72,14.82,0.71,50.0,0.64,10.0,0.99,168.45,,,,,,,,,0.01,168.45,,,,,,,,,0.12,5.0,0.19,50.0,0.28,14.82,0.29,50.0,0.36,10.0,0.11,0.11,0.094335,1776172192000
1776172193.331,293.331,0.88,5.0,0.81,50.0,0.72,14.82,0.71,50.0,0.62,10.0,0.99,163.4,,,,,,,,,0.01,168.45,,,,,,,,,0.12,5.0,0.19,50.0,0.28,14.82,0.29,50.0,0.36,10.0,0.11,0.11,0.094335,1776172192000
1776172193.753,293.753,0.73,6.0,0.72,14.82,0.71,50.0,0.61,58.67,0.51,50.0,0.99,143.19,,,,,,,,,0.01,163.4,,,,,,,,,0.12,5.0,0.19,50.0,0.28,14.82,0.29,50.0,0.38,10.0,0.26,0.11,0.094335,1776172192000
1776172193.996,293.996,0.73,6.0,0.72,14.82,0.71,50.0,0.61,58.67,0.51,50.0,0.99,143.19,,,,,,,,,0.01,143.19,,,,,,,,,0.27,6.0,0.28,14.82,0.29,50.0,0.39,58.67,0.49,50.0,0.26,0.26,0.094335,1776172193000
1776172194.999,294.999,0.73,6.0,0.72,14.82,0.71,50.0,0.61,58.67,0.51,50.0,0.99,143.19,,,,,,,,,0.01,143.19,,,,,,,,,0.27,6.0,0.28,14.82,0.29,50.0,0.39,58.67,0.49,50.0,0.26,0.26,0.094328,1776172194000
1776172195.497,295.497,0.88,5.0,0.81,50.0,0.72,14.82,0.71,50.0,0.61,58.67,0.99,59.94,,,,,,,,,0.01,143.19,,,,,,,,,0.27,6.0,0.28,14.82,0.29,50.0,0.39,58.67,0.49,50.0,0.11,0.26,0.094328,1776172194000
1776172196.12,296.12,0.88,5.0,0.81,50.0,0.72,14.82,0.71,50.0,0.61,58.67,0.99,59.94,,,,,,,,,0.01,59.94,,,,,,,,,0.12,5.0,0.19,50.0,0.28,14.82,0.29,50.0,0.39,58.67,0.11,0.11,0.094323,1776172195000
1776172197.165,297.165,0.88,5.0,0.81,50.0,0.72,14.82,0.71,50.0,0.61,58.67,0.99,28.92,,,,,,,,,0.01,59.94,,,,,,,,,0.12,5.0,0.19,50.0,0.28,14.82,0.29,50.0,0.39,58.67,0.11,0.11,0.094323,1776172195000
1776172197.407,297.407,0.88,5.0,0.81,50.0,0.72,14.82,0.71,50.0,0.61,58.67,,,,,,,,,,,0.01,4.67,,,,,,,,,0.12,5.0,0.19,50.0,0.28,14.82,0.29,50.0,0.39,58.67,,0.11,0.094323,1776172195000
1776172198.122,298.122,0.88,5.0,0.81,50.0,0.72,14.82,0.71,50.0,0.61,58.67,,,,,,,,,,,,,,,,,,,,,0.12,5.0,0.19,50.0,0.28,14.82,0.29,50.0,0.39,58.67,,,0.094322,1776172197000
1776172198.987,298.987,0.99,213.78,0.88,5.0,0.81,50.0,0.72,14.82,0.71,50.0,,,,,,,,,,,,,,,,,,,,,0.12,5.0,0.19,50.0,0.28,14.82,0.29,50.0,0.39,58.67,,,0.094322,1776172197000
1776172199.431,299.431,0.99,213.78,0.88,5.0,0.81,50.0,0.72,14.82,0.71,50.0,,,,,,,,,,,,,,,,,,,,,0.01,213.78,0.12,5.0,0.19,50.0,0.28,14.82,0.29,50.0,,,0.094322,1776172198000
1776172199.971,299.971,0.99,213.78,0.88,5.0,0.81,50.0,0.72,14.82,0.71,50.0,,,,,,,,,,,,,,,,,,,,,0.01,213.78,0.12,5.0,0.19,50.0,0.28,14.82,0.29,50.0,,,0.094322,1776172199000
1776172201.25,301.25,0.99,213.78,0.88,5.0,0.81,50.0,0.72,14.82,0.71,50.0,,,,,,,,,,,,,,,,,,,,,0.01,213.78,0.12,5.0,0.19,50.0,0.28,14.82,0.29,50.0,,,0.094322,1776172200000
1776172202.496,302.496,0.99,213.78,0.88,5.0,0.81,50.0,0.72,14.82,0.71,50.0,,,,,,,,,,,,,,,,,,,,,0.01,213.78,0.12,5.0,0.19,50.0,0.28,14.82,0.29,50.0,,,0.094322,1776172201000

# RESULT,winner=Up,slug=doge-updown-5m-1776171900,ticks=318
