timestamp,elapsed_sec,up_bid_p1,up_bid_s1,up_bid_p2,up_bid_s2,up_ask_p1,up_ask_s1,up_ask_p2,up_ask_s2,down_bid_p1,down_bid_s1,down_bid_p2,down_bid_s2,down_ask_p1,down_ask_s1,down_ask_p2,down_ask_s2,up_spread,down_spread,doge_price,doge_oracle_ts
1776225601.366,1.366,,,,,,,,,,,,,,,,,,,0.093184,1776225600000
1776225601.743,1.743,0.39,10.0,0.36,10.0,0.5,5.0,0.6,10.0,0.5,5.0,0.4,5.0,0.61,5.0,0.64,5.0,0.11,0.11,0.093184,1776225600000
1776225602.374,2.374,0.39,10.0,0.36,10.0,0.5,5.0,0.6,10.0,0.5,5.0,0.4,10.0,0.61,10.0,0.64,10.0,0.11,0.11,0.093184,1776225601000
1776225602.931,2.931,0.39,10.0,0.36,10.0,0.5,5.0,0.6,10.0,0.5,5.0,0.4,10.0,0.61,10.0,0.64,10.0,0.11,0.11,0.093185,1776225602000
1776225604.017,4.017,0.39,10.0,0.36,10.0,0.5,5.0,0.6,10.0,0.5,5.0,0.4,10.0,0.61,10.0,0.64,10.0,0.11,0.11,0.093185,1776225603000
1776225605.117,5.117,0.39,10.0,0.36,10.0,0.5,5.0,0.6,10.0,0.5,5.0,0.4,10.0,0.61,10.0,0.64,10.0,0.11,0.11,0.093185,1776225604000
1776225606.1,6.1,0.39,10.0,0.36,10.0,0.5,5.0,0.6,10.0,0.5,5.0,0.4,10.0,0.61,10.0,0.64,10.0,0.11,0.11,0.093185,1776225605000
1776225606.465,6.465,0.39,5.0,0.36,10.0,0.4,5.0,0.5,5.0,0.5,5.0,0.4,10.0,0.61,10.0,0.64,10.0,0.01,0.11,0.093185,1776225605000
1776225606.756,6.756,0.36,10.0,0.34,8.4,0.4,5.0,0.5,5.0,0.6,5.0,0.5,5.0,0.61,5.0,0.64,10.0,0.04,0.01,0.093185,1776225605000
1776225607.095,7.095,0.36,10.0,0.34,8.4,0.4,5.0,0.5,5.0,0.6,5.0,0.5,5.0,0.64,10.0,0.66,8.4,0.04,0.04,0.093174,1776225606000
1776225608.44,8.44,0.36,10.0,0.34,8.4,0.4,5.0,0.5,5.0,0.6,5.0,0.5,5.0,0.64,10.0,0.66,8.4,0.04,0.04,0.093172,1776225607000
1776225608.883,8.883,0.36,10.0,0.34,8.4,0.4,5.0,0.5,5.0,0.6,5.0,0.5,5.0,0.64,10.0,0.66,8.4,0.04,0.04,0.093169,1776225608000
1776225609.985,9.985,0.36,10.0,0.34,8.4,0.4,5.0,0.5,5.0,0.6,5.0,0.5,5.0,0.64,10.0,0.66,8.4,0.04,0.04,0.093168,1776225609000
1776225610.425,10.425,0.33,15.0,0.31,8.4,0.39,5.0,0.41,5.0,0.6,5.0,0.5,5.0,0.64,10.0,0.66,8.4,0.06,0.04,0.093168,1776225609000
1776225611.172,11.172,0.33,15.0,0.31,8.4,0.39,5.0,0.41,5.0,0.61,5.0,0.59,5.0,0.67,15.0,0.69,8.4,0.06,0.06,0.093168,1776225610000
1776225612.425,12.425,0.33,15.0,0.31,8.4,0.39,5.0,0.41,5.0,0.61,5.0,0.59,5.0,0.67,15.0,0.69,8.4,0.06,0.06,0.093168,1776225611000
1776225613.282,13.282,0.33,15.0,0.31,8.4,0.39,5.0,0.41,5.0,0.61,5.0,0.59,5.0,0.67,15.0,0.69,8.4,0.06,0.06,0.093168,1776225612000
1776225613.866,13.866,0.33,15.0,0.31,8.4,0.39,5.0,0.41,5.0,0.61,5.0,0.59,5.0,0.67,15.0,0.69,8.4,0.06,0.06,0.093167,1776225613000
1776225615.063,15.063,0.33,15.0,0.31,8.4,0.39,5.0,0.41,5.0,0.61,5.0,0.59,5.0,0.67,15.0,0.69,8.4,0.06,0.06,0.093157,1776225614000
1776225616.145,16.145,0.33,15.0,0.31,8.4,0.39,5.0,0.41,5.0,0.61,5.0,0.59,5.0,0.67,15.0,0.69,8.4,0.06,0.06,0.093155,1776225615000
1776225617.192,17.192,0.33,15.0,0.31,8.4,0.39,5.0,0.41,5.0,0.61,5.0,0.59,5.0,0.67,15.0,0.69,8.4,0.06,0.06,0.093149,1776225616000
1776225618.382,18.382,0.33,15.0,0.31,8.4,0.39,5.0,0.41,5.0,0.61,5.0,0.59,5.0,0.67,15.0,0.69,8.4,0.06,0.06,0.093149,1776225617000
1776225619.403,19.403,0.33,15.0,0.31,8.4,0.39,5.0,0.41,5.0,0.61,5.0,0.59,5.0,0.67,15.0,0.69,8.4,0.06,0.06,0.093149,1776225618000
1776225619.93,19.93,0.33,15.0,0.31,8.4,0.39,5.0,0.41,5.0,0.61,5.0,0.59,5.0,0.67,15.0,0.69,8.4,0.06,0.06,0.093148,1776225619000
1776225621.106,21.106,0.33,15.0,0.31,8.4,0.39,5.0,0.41,5.0,0.61,5.0,0.59,5.0,0.67,15.0,0.69,8.4,0.06,0.06,0.093148,1776225620000
1776225622.181,22.181,0.33,15.0,0.31,8.4,0.39,5.0,0.41,5.0,0.61,5.0,0.59,5.0,0.67,15.0,0.69,8.4,0.06,0.06,0.093149,1776225621000
1776225623.257,23.257,0.33,15.0,0.31,8.4,0.39,5.0,0.41,5.0,0.61,5.0,0.59,5.0,0.67,15.0,0.69,8.4,0.06,0.06,0.093149,1776225622000
1776225624.317,24.317,0.33,15.0,0.31,8.4,0.39,5.0,0.41,5.0,0.61,5.0,0.59,5.0,0.67,15.0,0.69,8.4,0.06,0.06,0.093146,1776225623000
1776225625.456,25.456,0.33,15.0,0.31,8.4,0.39,5.0,0.41,5.0,0.61,5.0,0.59,5.0,0.67,15.0,0.69,8.4,0.06,0.06,0.093148,1776225624000
1776225626.068,26.068,0.33,15.0,0.31,8.4,0.39,5.0,0.41,5.0,0.61,5.0,0.59,5.0,0.67,15.0,0.69,8.4,0.06,0.06,0.093149,1776225625000
1776225626.609,26.609,0.34,5.0,0.3,20.0,0.38,10.0,0.41,10.0,0.61,5.0,0.59,5.0,0.67,15.0,0.69,8.4,0.04,0.06,0.093149,1776225625000
1776225627.222,27.222,0.36,0.38,0.34,5.0,0.38,5.0,0.41,10.0,0.62,5.0,0.59,10.0,0.64,5.0,0.66,5.0,0.02,0.02,0.093149,1776225625000
1776225627.445,27.445,0.34,10.0,0.28,20.0,0.41,10.0,0.44,10.0,0.59,10.0,0.56,10.0,0.66,10.0,0.72,20.0,0.07,0.07,0.093154,1776225626000
1776225628.057,28.057,0.34,10.0,0.28,20.0,0.41,10.0,0.44,10.0,0.59,10.0,0.56,10.0,0.66,10.0,0.72,20.0,0.07,0.07,0.093164,1776225627000
1776225629.24,29.24,0.34,10.0,0.28,20.0,0.41,10.0,0.44,10.0,0.59,10.0,0.56,10.0,0.66,10.0,0.72,20.0,0.07,0.07,0.093172,1776225628000
1776225630.299,30.299,0.34,10.0,0.28,20.0,0.41,10.0,0.44,10.0,0.59,10.0,0.56,10.0,0.66,10.0,0.72,20.0,0.07,0.07,0.093172,1776225629000
1776225631.0,31.0,0.34,10.0,0.28,20.0,0.41,10.0,0.44,10.0,0.59,10.0,0.56,10.0,0.66,10.0,0.72,20.0,0.07,0.07,0.093172,1776225630000
1776225631.249,31.249,0.41,0.23,0.4,5.0,0.51,15.0,0.52,5.0,0.59,10.0,0.56,10.0,0.66,10.0,0.72,20.0,0.1,0.07,0.093172,1776225630000
1776225632.115,32.115,0.41,0.23,0.4,5.0,0.51,15.0,0.52,5.0,0.49,15.0,0.48,5.0,0.59,0.23,0.6,5.0,0.1,0.1,0.093173,1776225631000
1776225633.319,33.319,0.41,0.23,0.4,5.0,0.51,15.0,0.52,5.0,0.49,15.0,0.48,5.0,0.59,0.23,0.6,5.0,0.1,0.1,0.093184,1776225632000
1776225633.886,33.886,0.41,0.23,0.4,5.0,0.51,15.0,0.52,5.0,0.49,15.0,0.48,5.0,0.59,0.23,0.6,5.0,0.1,0.1,0.093183,1776225633000
1776225635.149,35.149,0.41,0.23,0.4,5.0,0.51,15.0,0.52,5.0,0.49,15.0,0.48,5.0,0.59,0.23,0.6,5.0,0.1,0.1,0.093176,1776225634000
1776225636.248,36.248,0.41,0.23,0.4,5.0,0.51,15.0,0.52,5.0,0.49,15.0,0.48,5.0,0.59,0.23,0.6,5.0,0.1,0.1,0.093174,1776225635000
1776225637.516,37.516,0.41,0.23,0.4,5.0,0.51,15.0,0.52,5.0,0.49,15.0,0.48,5.0,0.59,0.23,0.6,5.0,0.1,0.1,0.093172,1776225636000
1776225638.052,38.052,0.31,11.0,0.28,12.0,0.33,4.84,0.37,10.0,0.67,4.84,0.63,10.0,0.69,11.0,0.72,12.0,0.02,0.02,0.093163,1776225637000
1776225639.505,39.505,0.31,11.0,0.28,12.0,0.33,4.84,0.37,10.0,0.67,4.84,0.63,10.0,0.69,11.0,0.72,12.0,0.02,0.02,0.093164,1776225638000
1776225640.011,40.011,0.31,11.0,0.28,12.0,0.33,4.84,0.37,10.0,0.67,4.84,0.63,10.0,0.69,11.0,0.72,12.0,0.02,0.02,0.093155,1776225639000
1776225641.239,41.239,0.31,11.0,0.28,12.0,0.33,4.84,0.37,10.0,0.67,4.84,0.63,10.0,0.69,11.0,0.72,12.0,0.02,0.02,0.093155,1776225640000
1776225642.389,42.389,0.31,11.0,0.28,12.0,0.33,4.84,0.37,10.0,0.67,4.84,0.63,10.0,0.69,11.0,0.72,12.0,0.02,0.02,0.093155,1776225641000
1776225642.86,42.86,0.34,10.0,0.31,50.0,0.38,5.0,0.41,10.0,0.67,4.84,0.63,10.0,0.69,11.0,0.72,12.0,0.04,0.02,0.093155,1776225641000
1776225644.268,44.268,0.34,10.0,0.31,50.0,0.38,5.0,0.41,10.0,0.62,5.0,0.59,10.0,0.66,10.0,0.69,50.0,0.04,0.04,0.093156,1776225643000
1776225645.454,45.454,0.34,10.0,0.31,50.0,0.38,5.0,0.41,10.0,0.62,5.0,0.59,10.0,0.66,10.0,0.69,50.0,0.04,0.04,0.093176,1776225644000
1776225646.049,46.049,0.34,10.0,0.31,50.0,0.38,5.0,0.41,10.0,0.62,5.0,0.59,10.0,0.66,10.0,0.69,50.0,0.04,0.04,0.093176,1776225645000
1776225647.243,47.243,0.34,10.0,0.31,50.0,0.38,5.0,0.41,10.0,0.62,5.0,0.59,10.0,0.66,10.0,0.69,50.0,0.04,0.04,0.093175,1776225646000
1776225648.361,48.361,0.34,10.0,0.31,50.0,0.38,5.0,0.41,10.0,0.62,5.0,0.59,10.0,0.66,10.0,0.69,50.0,0.04,0.04,0.09318,1776225647000
1776225648.999,48.999,0.34,10.0,0.31,50.0,0.38,5.0,0.41,10.0,0.62,5.0,0.59,10.0,0.66,10.0,0.69,50.0,0.04,0.04,0.09318,1776225648000
1776225650.133,50.133,0.34,10.0,0.31,50.0,0.38,5.0,0.41,10.0,0.62,5.0,0.59,10.0,0.66,10.0,0.69,50.0,0.04,0.04,0.093181,1776225649000
1776225651.28,51.28,0.34,10.0,0.31,50.0,0.38,5.0,0.41,10.0,0.62,5.0,0.59,10.0,0.66,10.0,0.69,50.0,0.04,0.04,0.093181,1776225650000
1776225652.386,52.386,0.34,10.0,0.31,50.0,0.38,5.0,0.41,10.0,0.62,5.0,0.59,10.0,0.66,10.0,0.69,50.0,0.04,0.04,0.093177,1776225651000
1776225652.98,52.98,0.34,10.0,0.31,50.0,0.38,5.0,0.41,10.0,0.62,5.0,0.59,10.0,0.66,10.0,0.69,50.0,0.04,0.04,0.093177,1776225652000
1776225654.053,54.053,0.34,10.0,0.31,50.0,0.38,5.0,0.41,10.0,0.62,5.0,0.59,10.0,0.66,10.0,0.69,50.0,0.04,0.04,0.093177,1776225653000
1776225655.199,55.199,0.34,10.0,0.31,50.0,0.38,5.0,0.41,10.0,0.62,5.0,0.59,10.0,0.66,10.0,0.69,50.0,0.04,0.04,0.093173,1776225654000
1776225656.121,56.121,0.34,10.0,0.31,50.0,0.38,5.0,0.41,10.0,0.62,5.0,0.59,10.0,0.66,10.0,0.69,50.0,0.04,0.04,0.093176,1776225655000
1776225657.293,57.293,0.34,10.0,0.31,50.0,0.38,5.0,0.41,10.0,0.62,5.0,0.59,10.0,0.66,10.0,0.69,50.0,0.04,0.04,0.093176,1776225656000
1776225658.409,58.409,0.34,10.0,0.31,50.0,0.38,5.0,0.41,10.0,0.62,5.0,0.59,10.0,0.66,10.0,0.69,50.0,0.04,0.04,0.093176,1776225657000
1776225658.962,58.962,0.34,10.0,0.31,50.0,0.38,5.0,0.41,10.0,0.62,5.0,0.59,10.0,0.66,10.0,0.69,50.0,0.04,0.04,0.093176,1776225658000
1776225660.057,60.057,0.34,10.0,0.31,50.0,0.38,5.0,0.41,10.0,0.62,5.0,0.59,10.0,0.66,10.0,0.69,50.0,0.04,0.04,0.093177,1776225659000
1776225660.638,60.638,0.37,11.2,0.36,11.3,0.38,4.86,0.41,10.0,0.62,5.0,0.59,10.0,0.66,10.0,0.69,50.0,0.01,0.04,0.093177,1776225659000
1776225661.204,61.204,0.37,11.2,0.36,11.3,0.38,4.86,0.41,10.0,0.62,4.86,0.59,10.0,0.63,11.2,0.64,11.3,0.01,0.01,0.093176,1776225660000
1776225662.38,62.38,0.37,11.2,0.36,11.3,0.38,4.86,0.41,10.0,0.62,4.86,0.59,10.0,0.63,11.2,0.64,11.3,0.01,0.01,0.093175,1776225661000
1776225663.473,63.473,0.37,11.2,0.36,11.3,0.38,4.86,0.41,10.0,0.62,4.86,0.59,10.0,0.63,11.2,0.64,11.3,0.01,0.01,0.093168,1776225662000
1776225664.147,64.147,0.37,11.2,0.36,11.3,0.38,4.86,0.41,10.0,0.62,4.86,0.59,10.0,0.63,11.2,0.64,11.3,0.01,0.01,0.093168,1776225663000
1776225665.212,65.212,0.37,11.2,0.36,11.3,0.38,4.86,0.41,10.0,0.62,4.86,0.59,10.0,0.63,11.2,0.64,11.3,0.01,0.01,0.093169,1776225664000
1776225666.326,66.326,0.37,11.2,0.36,11.3,0.38,4.86,0.41,10.0,0.62,4.86,0.59,10.0,0.63,11.2,0.64,11.3,0.01,0.01,0.093168,1776225665000
1776225666.893,66.893,0.37,11.2,0.36,11.3,0.38,4.86,0.41,10.0,0.62,4.86,0.59,10.0,0.63,11.2,0.64,11.3,0.01,0.01,0.093168,1776225666000
1776225668.085,68.085,0.37,11.2,0.36,11.3,0.38,4.86,0.41,10.0,0.62,4.86,0.59,10.0,0.63,11.2,0.64,11.3,0.01,0.01,0.093167,1776225667000
1776225668.484,68.484,0.37,7.78,0.36,11.3,0.38,5.0,0.42,10.0,0.62,4.86,0.59,10.0,0.63,11.2,0.64,11.3,0.01,0.01,0.093167,1776225667000
1776225669.172,69.172,0.37,7.78,0.36,11.3,0.38,5.0,0.42,10.0,0.62,5.0,0.58,10.0,0.63,7.78,0.64,11.3,0.01,0.01,0.093164,1776225668000
1776225670.89,70.89,0.37,7.78,0.36,11.3,0.38,5.0,0.42,10.0,0.62,5.0,0.58,10.0,0.63,7.78,0.64,11.3,0.01,0.01,0.093164,1776225669000
1776225671.602,71.602,0.37,7.78,0.36,11.3,0.38,5.0,0.42,10.0,0.62,5.0,0.58,10.0,0.63,7.78,0.64,11.3,0.01,0.01,0.093164,1776225670000
1776225672.402,72.402,0.37,7.78,0.36,11.3,0.38,5.0,0.42,10.0,0.62,5.0,0.58,10.0,0.63,7.78,0.64,11.3,0.01,0.01,0.093172,1776225671000
1776225673.074,73.074,0.37,7.78,0.36,11.3,0.38,5.0,0.42,10.0,0.62,5.0,0.58,10.0,0.63,7.78,0.64,11.3,0.01,0.01,0.093172,1776225672000
1776225674.371,74.371,0.37,7.78,0.36,11.3,0.38,5.0,0.42,10.0,0.62,5.0,0.58,10.0,0.63,7.78,0.64,11.3,0.01,0.01,0.093179,1776225673000
1776225674.984,74.984,0.37,7.78,0.36,11.3,0.38,5.0,0.42,10.0,0.62,5.0,0.58,10.0,0.63,7.78,0.64,11.3,0.01,0.01,0.093179,1776225674000
1776225676.064,76.064,0.47,39.0,0.46,5.0,0.51,5.0,0.54,10.0,0.62,5.0,0.58,10.0,0.63,7.78,0.64,11.3,0.04,0.01,0.093179,1776225674000
1776225677.012,77.012,0.47,39.0,0.46,5.0,0.51,5.0,0.54,10.0,0.49,5.0,0.46,10.0,0.53,39.0,0.54,5.0,0.04,0.04,0.093179,1776225676000
1776225678.205,78.205,0.47,39.0,0.46,5.0,0.51,5.0,0.54,10.0,0.49,5.0,0.46,10.0,0.53,39.0,0.54,5.0,0.04,0.04,0.093196,1776225677000
1776225678.751,78.751,0.49,10.4,0.48,10.4,0.54,10.0,0.57,15.0,0.49,5.0,0.46,10.0,0.53,39.0,0.54,5.0,0.05,0.04,0.093196,1776225677000
1776225679.339,79.339,0.49,10.4,0.48,10.4,0.54,10.0,0.57,15.0,0.46,10.0,0.43,15.0,0.51,10.4,0.52,10.4,0.05,0.05,0.093203,1776225678000
1776225680.059,80.059,0.49,10.4,0.48,10.4,0.54,10.0,0.57,15.0,0.46,10.0,0.43,15.0,0.51,10.4,0.52,10.4,0.05,0.05,0.093202,1776225679000
1776225681.321,81.321,0.49,10.4,0.48,10.4,0.54,10.0,0.57,15.0,0.46,10.0,0.43,15.0,0.51,10.4,0.52,10.4,0.05,0.05,0.093199,1776225680000
1776225682.025,82.025,0.49,10.4,0.48,10.4,0.54,10.0,0.57,15.0,0.46,10.0,0.43,15.0,0.51,10.4,0.52,10.4,0.05,0.05,0.093196,1776225681000
1776225683.164,83.164,0.49,10.4,0.48,10.4,0.54,10.0,0.57,15.0,0.46,10.0,0.43,15.0,0.51,10.4,0.52,10.4,0.05,0.05,0.0932,1776225682000
1776225684.352,84.352,0.49,10.4,0.48,10.4,0.54,10.0,0.57,15.0,0.46,10.0,0.43,15.0,0.51,10.4,0.52,10.4,0.05,0.05,0.093198,1776225683000
1776225685.09,85.09,0.49,10.4,0.48,10.4,0.54,10.0,0.57,15.0,0.46,10.0,0.43,15.0,0.51,10.4,0.52,10.4,0.05,0.05,0.0932,1776225684000
1776225686.243,86.243,0.49,10.4,0.48,10.4,0.54,10.0,0.57,15.0,0.46,10.0,0.43,15.0,0.51,10.4,0.52,10.4,0.05,0.05,0.0932,1776225685000
1776225687.293,87.293,0.49,10.4,0.48,10.4,0.54,10.0,0.57,15.0,0.46,10.0,0.43,15.0,0.51,10.4,0.52,10.4,0.05,0.05,0.093214,1776225686000
1776225688.466,88.466,0.49,10.4,0.48,10.4,0.54,10.0,0.57,15.0,0.46,10.0,0.43,15.0,0.51,10.4,0.52,10.4,0.05,0.05,0.093218,1776225687000
1776225689.425,89.425,0.49,10.4,0.48,10.4,0.54,10.0,0.57,15.0,0.46,10.0,0.43,15.0,0.51,10.4,0.52,10.4,0.05,0.05,0.09322,1776225688000
1776225689.973,89.973,0.49,10.4,0.48,10.4,0.54,10.0,0.57,15.0,0.46,10.0,0.43,15.0,0.51,10.4,0.52,10.4,0.05,0.05,0.09322,1776225689000
1776225690.433,90.433,0.62,17.66,0.6,5.0,0.7,5.0,0.72,17.0,0.46,10.0,0.43,15.0,0.51,10.4,0.52,10.4,0.08,0.05,0.09322,1776225689000
1776225691.037,91.037,0.62,17.66,0.6,5.0,0.7,5.0,0.72,17.0,0.3,5.0,0.28,17.0,0.38,17.66,0.4,5.0,0.08,0.08,0.093218,1776225690000
1776225691.312,91.312,0.61,50.0,0.59,10.7,0.72,7.0,0.75,18.0,0.3,5.0,0.28,17.0,0.38,17.66,0.4,5.0,0.11,0.08,0.093218,1776225690000
1776225691.836,91.836,0.71,24.0,0.69,10.0,0.72,5.47,0.75,18.0,0.28,7.0,0.25,18.0,0.39,50.0,0.41,10.7,0.01,0.11,0.093218,1776225690000
1776225692.233,92.233,0.71,24.0,0.69,10.0,0.72,5.47,0.75,18.0,0.28,5.47,0.25,18.0,0.29,24.0,0.31,10.0,0.01,0.01,0.093218,1776225691000
1776225693.085,93.085,0.71,24.0,0.69,10.0,0.72,5.47,0.75,18.0,0.28,5.47,0.25,18.0,0.29,24.0,0.31,10.0,0.01,0.01,0.093243,1776225692000
1776225693.347,93.347,0.74,5.0,0.72,5.47,0.77,5.0,0.79,20.7,0.28,5.47,0.25,18.0,0.29,24.0,0.31,10.0,0.03,0.01,0.093243,1776225692000
1776225694.178,94.178,0.74,5.0,0.72,5.47,0.77,5.0,0.79,20.7,0.23,5.0,0.21,20.7,0.26,5.0,0.28,5.47,0.03,0.03,0.093242,1776225693000
1776225695.192,95.192,0.74,5.0,0.72,5.47,0.77,5.0,0.79,20.7,0.23,5.0,0.21,20.7,0.26,5.0,0.28,5.47,0.03,0.03,0.093238,1776225694000
1776225696.057,96.057,0.71,0.18,0.69,5.0,0.74,5.0,0.77,14.7,0.23,5.0,0.21,20.7,0.26,5.0,0.28,5.47,0.03,0.03,0.093238,1776225694000
1776225697.303,97.303,0.71,0.18,0.69,5.0,0.74,5.0,0.77,14.7,0.26,5.0,0.23,14.7,0.29,0.18,0.31,5.0,0.03,0.03,0.093232,1776225696000
1776225698.305,98.305,0.71,0.18,0.69,5.0,0.74,5.0,0.77,14.7,0.26,5.0,0.23,14.7,0.29,0.18,0.31,5.0,0.03,0.03,0.093227,1776225697000
1776225699.318,99.318,0.7,5.0,0.64,10.0,0.74,18.5,0.75,13.9,0.26,18.5,0.25,13.9,0.3,5.0,0.36,10.0,0.04,0.04,0.093222,1776225698000
1776225699.87,99.87,0.7,5.0,0.64,10.0,0.74,18.5,0.75,13.9,0.26,18.5,0.25,13.9,0.3,5.0,0.36,10.0,0.04,0.04,0.093221,1776225699000
1776225701.444,101.444,0.7,5.0,0.64,10.0,0.74,18.5,0.75,13.9,0.26,18.5,0.25,13.9,0.3,5.0,0.36,10.0,0.04,0.04,0.093218,1776225700000
1776225702.023,102.023,0.7,5.0,0.64,10.0,0.74,18.5,0.75,13.9,0.26,18.5,0.25,13.9,0.3,5.0,0.36,10.0,0.04,0.04,0.093218,1776225701000
1776225703.132,103.132,0.7,5.0,0.64,10.0,0.74,18.5,0.75,13.9,0.26,18.5,0.25,13.9,0.3,5.0,0.36,10.0,0.04,0.04,0.093212,1776225702000
1776225704.21,104.21,0.7,5.0,0.64,10.0,0.74,18.5,0.75,13.9,0.26,18.5,0.25,13.9,0.3,5.0,0.36,10.0,0.04,0.04,0.093205,1776225703000
1776225705.466,105.466,0.7,5.0,0.64,10.0,0.74,18.5,0.75,13.9,0.26,18.5,0.25,13.9,0.3,5.0,0.36,10.0,0.04,0.04,0.093204,1776225704000
1776225706.041,106.041,0.7,5.0,0.64,10.0,0.74,18.5,0.75,13.9,0.26,18.5,0.25,13.9,0.3,5.0,0.36,10.0,0.04,0.04,0.093201,1776225705000
1776225707.151,107.151,0.7,5.0,0.64,10.0,0.74,18.5,0.75,13.9,0.26,18.5,0.25,13.9,0.3,5.0,0.36,10.0,0.04,0.04,0.093218,1776225706000
1776225708.265,108.265,0.7,5.0,0.64,10.0,0.74,18.5,0.75,13.9,0.26,18.5,0.25,13.9,0.3,5.0,0.36,10.0,0.04,0.04,0.093233,1776225707000
1776225708.993,108.993,0.78,30.0,0.76,10.0,0.79,8.96,0.82,16.0,0.26,18.5,0.25,13.9,0.3,5.0,0.36,10.0,0.01,0.04,0.093233,1776225707000
1776225709.412,109.412,0.78,30.0,0.76,10.0,0.79,8.96,0.82,16.0,0.21,8.96,0.18,16.0,0.22,30.0,0.24,10.0,0.01,0.01,0.093238,1776225708000
1776225709.919,109.919,0.78,30.0,0.76,10.0,0.79,8.96,0.82,16.0,0.21,8.96,0.18,16.0,0.22,30.0,0.24,10.0,0.01,0.01,0.093238,1776225709000
1776225711.016,111.016,0.78,30.0,0.76,10.0,0.79,8.96,0.82,16.0,0.21,8.96,0.18,16.0,0.22,30.0,0.24,10.0,0.01,0.01,0.093253,1776225710000
1776225712.059,112.059,0.78,30.0,0.76,10.0,0.79,8.96,0.82,16.0,0.21,8.96,0.18,16.0,0.22,30.0,0.24,10.0,0.01,0.01,0.093253,1776225711000
1776225713.205,113.205,0.78,30.0,0.76,10.0,0.79,8.96,0.82,16.0,0.21,8.96,0.18,16.0,0.22,30.0,0.24,10.0,0.01,0.01,0.093255,1776225712000
1776225714.266,114.266,0.78,30.0,0.76,10.0,0.79,8.96,0.82,16.0,0.21,8.96,0.18,16.0,0.22,30.0,0.24,10.0,0.01,0.01,0.093255,1776225713000
1776225715.348,115.348,0.78,30.0,0.76,10.0,0.79,8.96,0.82,16.0,0.21,8.96,0.18,16.0,0.22,30.0,0.24,10.0,0.01,0.01,0.093254,1776225714000
1776225715.879,115.879,0.78,30.0,0.76,10.0,0.79,8.96,0.82,16.0,0.21,8.96,0.18,16.0,0.22,30.0,0.24,10.0,0.01,0.01,0.093254,1776225715000
1776225716.913,116.913,0.78,30.0,0.76,10.0,0.79,8.96,0.82,16.0,0.21,8.96,0.18,16.0,0.22,30.0,0.24,10.0,0.01,0.01,0.093254,1776225716000
1776225717.532,117.532,0.83,6.75,0.76,10.0,0.84,19.3,0.85,20.39,0.21,8.96,0.18,16.0,0.22,30.0,0.24,10.0,0.01,0.01,0.093254,1776225716000
1776225717.872,117.872,0.83,6.75,0.76,10.0,0.84,19.3,0.85,20.39,0.16,19.3,0.15,20.39,0.17,6.75,0.24,10.0,0.01,0.01,0.093254,1776225717000
1776225718.964,118.964,0.83,6.75,0.76,10.0,0.84,19.3,0.85,20.39,0.16,19.3,0.15,20.39,0.17,6.75,0.24,10.0,0.01,0.01,0.093255,1776225718000
1776225719.823,119.823,0.83,6.75,0.76,10.0,0.84,19.3,0.85,20.39,0.16,19.3,0.15,20.39,0.17,6.75,0.24,10.0,0.01,0.01,0.093255,1776225719000
1776225720.879,120.879,0.83,6.75,0.76,10.0,0.84,19.3,0.85,20.39,0.16,19.3,0.15,20.39,0.17,6.75,0.24,10.0,0.01,0.01,0.093256,1776225720000
1776225721.958,121.958,0.83,6.75,0.76,10.0,0.84,19.3,0.85,20.39,0.16,19.3,0.15,20.39,0.17,6.75,0.24,10.0,0.01,0.01,0.093252,1776225721000
1776225723.015,123.015,0.83,6.75,0.76,10.0,0.84,19.3,0.85,20.39,0.16,19.3,0.15,20.39,0.17,6.75,0.24,10.0,0.01,0.01,0.093252,1776225722000
1776225723.747,123.747,0.85,34.0,0.76,10.0,0.86,14.0,0.89,23.0,0.16,19.3,0.15,20.39,0.17,6.75,0.24,10.0,0.01,0.01,0.093252,1776225722000
1776225724.041,124.041,0.88,6.0,0.85,34.0,0.89,23.0,0.92,65.29,0.11,23.0,0.08,65.29,0.12,6.0,0.15,34.0,0.01,0.01,0.093254,1776225723000
1776225724.568,124.568,0.88,5.89,0.86,20.0,0.89,23.0,0.92,65.29,0.11,23.0,0.08,65.29,0.12,6.0,0.15,34.0,0.01,0.01,0.093254,1776225723000
1776225724.992,124.992,0.88,5.89,0.86,20.0,0.89,23.0,0.92,65.29,0.11,23.0,0.08,65.29,0.12,5.89,0.14,20.0,0.01,0.01,0.093257,1776225724000
1776225726.058,126.058,0.9,5.0,0.88,5.89,0.93,19.9,0.94,46.1,0.11,23.0,0.08,65.29,0.12,5.89,0.14,20.0,0.03,0.01,0.093257,1776225724000
1776225726.663,126.663,0.9,5.0,0.88,5.89,0.93,17.97,0.94,46.1,0.07,19.9,0.06,46.1,0.1,5.0,0.12,5.89,0.03,0.03,0.093294,1776225725000
1776225727.183,127.183,0.9,5.0,0.88,5.89,0.93,17.97,0.94,46.1,0.07,17.97,0.06,46.1,0.1,5.0,0.12,5.89,0.03,0.03,0.093304,1776225726000
1776225728.626,128.626,0.9,5.0,0.88,5.89,0.93,17.97,0.94,46.1,0.07,17.97,0.06,46.1,0.1,5.0,0.12,5.89,0.03,0.03,0.093316,1776225727000
1776225729.24,129.24,0.9,5.0,0.88,5.89,0.93,17.97,0.94,46.1,0.07,17.97,0.06,46.1,0.1,5.0,0.12,5.89,0.03,0.03,0.093322,1776225728000
1776225730.36,130.36,0.9,5.0,0.88,5.89,0.93,17.97,0.94,46.1,0.07,17.97,0.06,46.1,0.1,5.0,0.12,5.89,0.03,0.03,0.09332,1776225729000
1776225730.908,130.908,0.9,5.0,0.88,5.89,0.93,17.97,0.94,46.1,0.07,17.97,0.06,46.1,0.1,5.0,0.12,5.89,0.03,0.03,0.09332,1776225730000
1776225732.168,132.168,0.9,5.0,0.88,5.89,0.93,17.97,0.94,46.1,0.07,17.97,0.06,46.1,0.1,5.0,0.12,5.89,0.03,0.03,0.093324,1776225731000
1776225732.903,132.903,0.92,46.29,0.91,31.7,0.96,70.62,0.97,89.3,0.05,43.94,0.04,72.7,0.08,11.0,0.09,31.7,0.04,0.03,0.093324,1776225731000
1776225733.412,133.412,0.92,46.29,0.91,31.7,0.96,70.62,0.97,89.3,0.04,70.62,0.03,89.3,0.08,46.29,0.09,31.7,0.04,0.04,0.093331,1776225732000
1776225733.94,133.94,0.92,46.29,0.91,31.7,0.96,70.62,0.97,89.3,0.04,70.62,0.03,89.3,0.08,46.29,0.09,31.7,0.04,0.04,0.093331,1776225733000
1776225735.115,135.115,0.92,46.29,0.91,31.7,0.96,70.62,0.97,89.3,0.04,70.62,0.03,89.3,0.08,46.29,0.09,31.7,0.04,0.04,0.093344,1776225734000
1776225735.522,135.522,0.93,46.9,0.92,40.29,0.97,81.88,0.98,252.69,0.04,70.62,0.03,89.3,0.08,46.29,0.09,31.7,0.04,0.04,0.093344,1776225734000
1776225736.395,136.395,0.93,46.9,0.92,40.29,0.97,81.88,0.98,252.69,0.03,81.88,0.02,252.69,0.07,46.9,0.08,40.29,0.04,0.04,0.093351,1776225735000
1776225736.948,136.948,0.93,46.9,0.92,40.29,0.97,81.88,0.98,252.69,0.03,81.88,0.02,252.69,0.07,46.9,0.08,40.29,0.04,0.04,0.093351,1776225736000
1776225738.297,138.297,0.93,46.9,0.92,40.29,0.97,81.88,0.98,252.69,0.03,81.88,0.02,252.69,0.07,46.9,0.08,40.29,0.04,0.04,0.09335,1776225737000
1776225739.008,139.008,0.94,46.1,0.93,51.9,0.97,79.82,0.98,147.69,0.03,81.88,0.02,252.69,0.07,46.9,0.08,40.29,0.03,0.04,0.09335,1776225737000
1776225739.355,139.355,0.94,46.1,0.93,51.9,0.97,78.78,0.98,147.69,0.03,78.78,0.02,147.69,0.06,46.1,0.07,51.9,0.03,0.03,0.09335,1776225738000
1776225739.938,139.938,0.94,46.1,0.93,51.9,0.97,78.78,0.98,147.69,0.03,78.78,0.02,147.69,0.06,46.1,0.07,51.9,0.03,0.03,0.093351,1776225739000
1776225741.194,141.194,0.94,46.1,0.93,51.9,0.97,78.78,0.98,147.69,0.03,78.78,0.02,147.69,0.06,46.1,0.07,51.9,0.03,0.03,0.093351,1776225740000
1776225742.424,142.424,0.94,46.1,0.93,51.9,0.97,78.78,0.98,147.69,0.03,78.78,0.02,147.69,0.06,46.1,0.07,51.9,0.03,0.03,0.09335,1776225741000
1776225742.939,142.939,0.94,46.1,0.93,51.9,0.97,73.62,0.98,147.69,0.03,78.78,0.02,147.69,0.06,46.1,0.07,51.9,0.03,0.03,0.09335,1776225741000
1776225744.43,144.43,0.94,46.1,0.93,51.9,0.97,73.62,0.98,147.69,0.03,73.62,0.02,147.69,0.06,46.1,0.07,51.9,0.03,0.03,0.09335,1776225743000
1776225745.201,145.201,0.94,46.1,0.93,51.9,0.97,73.62,0.98,147.69,0.03,73.62,0.02,147.69,0.06,46.1,0.07,51.9,0.03,0.03,0.093349,1776225744000
1776225746.491,146.491,0.94,46.1,0.93,51.9,0.97,73.62,0.98,147.69,0.03,73.62,0.02,147.69,0.06,46.1,0.07,51.9,0.03,0.03,0.093349,1776225745000
1776225746.983,146.983,0.94,46.1,0.93,51.9,0.97,73.62,0.98,147.69,0.03,73.62,0.02,147.69,0.06,46.1,0.07,51.9,0.03,0.03,0.093348,1776225746000
1776225748.785,148.785,0.94,46.1,0.93,51.9,0.97,73.62,0.98,147.69,0.03,73.62,0.02,147.69,0.06,46.1,0.07,51.9,0.03,0.03,0.093347,1776225747000
1776225749.589,149.589,0.94,46.1,0.93,51.9,0.97,73.62,0.98,147.69,0.03,73.62,0.02,147.69,0.06,46.1,0.07,51.9,0.03,0.03,0.093347,1776225748000
1776225750.228,150.228,0.94,46.1,0.93,51.9,0.97,73.62,0.98,147.69,0.03,73.62,0.02,147.69,0.06,46.1,0.07,51.9,0.03,0.03,0.093347,1776225749000
1776225751.405,151.405,0.94,46.1,0.93,51.9,0.97,73.62,0.98,147.69,0.03,73.62,0.02,147.69,0.06,46.1,0.07,51.9,0.03,0.03,0.093346,1776225750000
1776225752.13,152.13,0.94,46.1,0.93,51.9,0.97,73.62,0.98,147.69,0.03,73.62,0.02,147.69,0.06,46.1,0.07,51.9,0.03,0.03,0.093345,1776225751000
1776225753.094,153.094,0.94,46.1,0.93,51.9,0.97,73.62,0.98,147.69,0.03,73.62,0.02,147.69,0.06,46.1,0.07,51.9,0.03,0.03,0.093339,1776225752000
1776225754.214,154.214,0.94,46.1,0.93,51.9,0.97,73.62,0.98,147.69,0.03,73.62,0.02,147.69,0.06,46.1,0.07,51.9,0.03,0.03,0.093338,1776225753000
1776225756.081,156.081,0.94,46.1,0.93,51.9,0.97,73.62,0.98,147.69,0.03,73.62,0.02,147.69,0.06,46.1,0.07,51.9,0.03,0.03,0.093336,1776225755000
1776225757.332,157.332,0.94,46.1,0.93,51.9,0.97,73.62,0.98,147.69,0.03,73.62,0.02,147.69,0.06,46.1,0.07,51.9,0.03,0.03,0.093339,1776225756000
1776225758.048,158.048,0.94,46.1,0.93,51.9,0.97,73.62,0.98,147.69,0.03,73.62,0.02,147.69,0.06,46.1,0.07,51.9,0.03,0.03,0.093339,1776225757000
1776225759.544,159.544,0.94,46.1,0.93,51.9,0.97,73.62,0.98,147.69,0.03,73.62,0.02,147.69,0.06,46.1,0.07,51.9,0.03,0.03,0.093341,1776225758000
1776225760.239,160.239,0.94,46.1,0.93,51.9,0.97,73.62,0.98,147.69,0.03,73.62,0.02,147.69,0.06,46.1,0.07,51.9,0.03,0.03,0.09334,1776225759000
1776225762.16,162.16,0.94,46.1,0.93,51.9,0.97,73.62,0.98,147.69,0.03,73.62,0.02,147.69,0.06,46.1,0.07,51.9,0.03,0.03,0.09334,1776225761000
1776225763.319,163.319,0.94,46.1,0.93,51.9,0.97,73.62,0.98,147.69,0.03,73.62,0.02,147.69,0.06,46.1,0.07,51.9,0.03,0.03,0.093339,1776225762000
1776225763.854,163.854,0.94,46.1,0.93,51.9,0.97,73.62,0.98,147.69,0.03,73.62,0.02,147.69,0.06,46.1,0.07,51.9,0.03,0.03,0.093339,1776225763000
1776225764.998,164.998,0.94,46.1,0.93,51.9,0.97,73.62,0.98,147.69,0.03,73.62,0.02,147.69,0.06,46.1,0.07,51.9,0.03,0.03,0.093341,1776225764000
1776225766.119,166.119,0.94,46.1,0.93,51.9,0.97,73.62,0.98,147.69,0.03,73.62,0.02,147.69,0.06,46.1,0.07,51.9,0.03,0.03,0.093341,1776225765000
1776225767.152,167.152,0.94,46.1,0.93,51.9,0.97,73.62,0.98,147.69,0.03,73.62,0.02,147.69,0.06,46.1,0.07,51.9,0.03,0.03,0.093339,1776225766000
1776225768.304,168.304,0.94,46.1,0.93,51.9,0.97,73.62,0.98,147.69,0.03,73.62,0.02,147.69,0.06,46.1,0.07,51.9,0.03,0.03,0.093338,1776225767000
1776225768.845,168.845,0.94,46.1,0.93,51.9,0.97,73.62,0.98,147.69,0.03,73.62,0.02,147.69,0.06,46.1,0.07,51.9,0.03,0.03,0.093339,1776225768000
1776225769.985,169.985,0.94,46.1,0.93,51.9,0.97,73.62,0.98,147.69,0.03,73.62,0.02,147.69,0.06,46.1,0.07,51.9,0.03,0.03,0.093341,1776225769000
1776225771.083,171.083,0.94,46.1,0.93,51.9,0.97,73.62,0.98,147.69,0.03,73.62,0.02,147.69,0.06,46.1,0.07,51.9,0.03,0.03,0.09334,1776225770000
1776225772.554,172.554,0.94,46.1,0.93,51.9,0.97,73.62,0.98,147.69,0.03,73.62,0.02,147.69,0.06,46.1,0.07,51.9,0.03,0.03,0.093339,1776225771000
1776225773.469,173.469,0.94,46.1,0.93,51.9,0.97,73.62,0.98,147.69,0.03,73.62,0.02,147.69,0.06,46.1,0.07,51.9,0.03,0.03,0.09334,1776225772000
1776225774.154,174.154,0.94,46.1,0.93,51.9,0.97,73.62,0.98,147.69,0.03,73.62,0.02,147.69,0.06,46.1,0.07,51.9,0.03,0.03,0.093344,1776225773000
1776225775.529,175.529,0.94,46.1,0.93,51.9,0.97,73.62,0.98,147.69,0.03,73.62,0.02,147.69,0.06,46.1,0.07,51.9,0.03,0.03,0.093354,1776225774000
1776225776.229,176.229,0.94,46.1,0.93,51.9,0.97,73.62,0.98,147.69,0.03,73.62,0.02,147.69,0.06,46.1,0.07,51.9,0.03,0.03,0.093355,1776225775000
1776225778.066,178.066,0.94,46.1,0.93,51.9,0.97,73.62,0.98,147.69,0.03,73.62,0.02,147.69,0.06,46.1,0.07,51.9,0.03,0.03,0.093357,1776225777000
1776225779.046,179.046,0.94,46.1,0.93,51.9,0.97,73.62,0.98,147.69,0.03,73.62,0.02,147.69,0.06,46.1,0.07,51.9,0.03,0.03,0.093361,1776225778000
1776225780.167,180.167,0.94,46.1,0.93,51.9,0.97,73.62,0.98,147.69,0.03,73.62,0.02,147.69,0.06,46.1,0.07,51.9,0.03,0.03,0.093361,1776225779000
1776225781.102,181.102,0.94,46.1,0.93,51.9,0.97,73.62,0.98,147.69,0.03,73.62,0.02,147.69,0.06,46.1,0.07,51.9,0.03,0.03,0.093355,1776225780000
1776225782.147,182.147,0.94,46.1,0.93,51.9,0.97,73.62,0.98,147.69,0.03,73.62,0.02,147.69,0.06,46.1,0.07,51.9,0.03,0.03,0.093355,1776225781000
1776225782.662,182.662,0.97,89.3,0.96,67.7,0.99,525.0,,,0.03,73.62,0.02,147.69,0.06,46.1,0.07,51.9,0.02,0.03,0.093355,1776225781000
1776225783.054,183.054,0.98,132.69,0.97,89.3,0.99,520.0,,,0.01,525.0,,,0.03,89.3,0.04,67.7,0.01,0.02,0.093355,1776225781000
1776225784.241,184.241,0.98,132.69,0.97,89.3,0.99,520.0,,,0.01,520.0,,,0.02,132.69,0.03,89.3,0.01,0.01,0.093373,1776225783000
1776225784.627,184.627,0.99,675.06,0.98,132.69,,,,,,,,,0.01,680.0,0.02,132.69,,,0.093373,1776225783000
1776225785.168,185.168,0.99,675.06,0.98,132.69,,,,,,,,,0.01,675.06,0.02,132.69,,,0.093373,1776225784000
1776225786.194,186.194,0.99,675.06,0.98,132.69,,,,,,,,,0.01,675.06,0.02,132.69,,,0.093374,1776225785000
1776225787.373,187.373,0.99,675.06,0.98,132.69,,,,,,,,,0.01,675.06,0.02,132.69,,,0.093384,1776225786000
1776225788.43,188.43,0.99,675.06,0.98,132.69,,,,,,,,,0.01,675.06,0.02,132.69,,,0.093384,1776225787000
1776225788.929,188.929,0.99,675.06,0.98,132.69,,,,,,,,,0.01,675.06,0.02,132.69,,,0.093384,1776225788000
1776225789.959,189.959,0.99,675.06,0.98,132.69,,,,,,,,,0.01,675.06,0.02,132.69,,,0.093385,1776225789000
1776225791.753,191.753,0.99,675.06,0.98,132.69,,,,,,,,,0.01,675.06,0.02,132.69,,,0.093385,1776225790000
1776225792.284,192.284,0.99,675.06,0.98,132.69,,,,,,,,,0.01,675.06,0.02,132.69,,,0.093384,1776225791000
1776225793.798,193.798,0.99,675.06,0.98,132.69,,,,,,,,,0.01,675.06,0.02,132.69,,,0.093394,1776225792000
1776225794.355,194.355,0.99,675.06,0.98,132.69,,,,,,,,,0.01,675.06,0.02,132.69,,,0.093399,1776225793000
1776225795.549,195.549,0.99,675.06,0.98,132.69,,,,,,,,,0.01,675.06,0.02,132.69,,,0.093398,1776225794000
1776225796.162,196.162,0.99,675.06,0.98,132.69,,,,,,,,,0.01,675.06,0.02,132.69,,,0.093396,1776225795000
1776225797.468,197.468,0.99,675.06,0.98,132.69,,,,,,,,,0.01,675.06,0.02,132.69,,,0.093392,1776225796000
1776225797.884,197.884,0.99,1013.87,0.98,132.69,0.998,43.98,0.999,240.0,,,,,0.01,675.06,0.02,132.69,0.008,,0.093392,1776225796000
1776225799.183,199.183,0.99,1013.87,0.98,132.69,0.998,43.98,0.999,240.0,0.002,43.98,0.001,240.0,0.01,1013.87,0.02,132.69,0.008,0.008,0.093393,1776225798000
1776225800.42,200.42,0.99,1013.87,0.98,132.69,0.998,43.98,0.999,240.0,0.002,43.98,0.001,240.0,0.01,1013.87,0.02,132.69,0.008,0.008,0.093393,1776225799000
1776225800.97,200.97,0.99,1013.87,0.98,132.69,0.998,43.98,0.999,240.0,0.002,43.98,0.001,240.0,0.01,1013.87,0.02,132.69,0.008,0.008,0.093392,1776225800000
1776225802.11,202.11,0.99,1013.87,0.98,132.69,0.998,43.98,0.999,240.0,0.002,43.98,0.001,240.0,0.01,1013.87,0.02,132.69,0.008,0.008,0.093388,1776225801000
1776225803.286,203.286,0.99,1013.87,0.98,132.69,0.998,43.98,0.999,240.0,0.002,43.98,0.001,240.0,0.01,1013.87,0.02,132.69,0.008,0.008,0.093378,1776225802000
1776225803.674,203.674,0.99,1013.87,0.98,132.69,0.998,41.97,0.999,490.0,0.002,43.98,0.001,240.0,0.01,1013.87,0.02,132.69,0.008,0.008,0.093378,1776225802000
1776225804.503,204.503,0.99,1013.87,0.98,132.69,0.998,41.97,0.999,490.0,0.002,41.97,0.001,490.0,0.01,1013.87,0.02,132.69,0.008,0.008,0.093371,1776225803000
1776225805.066,205.066,0.99,1013.87,0.98,132.69,0.998,41.97,0.999,490.0,0.002,41.97,0.001,490.0,0.01,1013.87,0.02,132.69,0.008,0.008,0.09337,1776225804000
1776225806.209,206.209,0.99,1013.87,0.98,132.69,0.998,36.96,0.999,490.0,0.002,36.96,0.001,490.0,0.01,1013.87,0.02,132.69,0.008,0.008,0.09337,1776225805000
1776225807.384,207.384,0.99,1013.87,0.98,132.69,0.998,36.96,0.999,490.0,0.002,36.96,0.001,490.0,0.01,1013.87,0.02,132.69,0.008,0.008,0.093366,1776225806000
1776225808.027,208.027,0.99,1013.87,0.98,132.69,0.998,36.96,0.999,490.0,0.002,36.96,0.001,490.0,0.01,1013.87,0.02,132.69,0.008,0.008,0.093365,1776225807000
1776225809.152,209.152,0.99,1013.87,0.98,132.69,0.998,36.96,0.999,490.0,0.002,36.96,0.001,490.0,0.01,1013.87,0.02,132.69,0.008,0.008,0.093367,1776225808000
1776225810.204,210.204,0.99,1013.87,0.98,132.69,0.998,36.96,0.999,490.0,0.002,36.96,0.001,490.0,0.01,1013.87,0.02,132.69,0.008,0.008,0.093371,1776225809000
1776225811.256,211.256,0.99,1013.87,0.98,132.69,0.998,36.96,0.999,490.0,0.002,36.96,0.001,490.0,0.01,1013.87,0.02,132.69,0.008,0.008,0.093371,1776225810000
1776225812.434,212.434,0.99,1013.87,0.98,132.69,0.998,36.96,0.999,490.0,0.002,36.96,0.001,490.0,0.01,1013.87,0.02,132.69,0.008,0.008,0.093371,1776225811000
1776225813.049,213.049,0.99,1013.87,0.98,132.69,0.998,36.96,0.999,490.0,0.002,36.96,0.001,490.0,0.01,1013.87,0.02,132.69,0.008,0.008,0.093371,1776225812000
1776225814.063,214.063,0.99,1013.87,0.98,132.69,0.998,36.96,0.999,490.0,0.002,36.96,0.001,490.0,0.01,1013.87,0.02,132.69,0.008,0.008,0.093373,1776225813000
1776225815.192,215.192,0.99,1013.87,0.98,132.69,0.998,36.96,0.999,490.0,0.002,36.96,0.001,490.0,0.01,1013.87,0.02,132.69,0.008,0.008,0.093374,1776225814000
1776225816.219,216.219,0.99,1013.87,0.98,132.69,0.998,36.96,0.999,490.0,0.002,36.96,0.001,490.0,0.01,1013.87,0.02,132.69,0.008,0.008,0.093373,1776225815000
1776225817.326,217.326,0.99,1013.87,0.98,132.69,0.998,36.96,0.999,490.0,0.002,36.96,0.001,490.0,0.01,1013.87,0.02,132.69,0.008,0.008,0.093372,1776225816000
1776225818.342,218.342,0.99,1013.87,0.98,132.69,0.998,36.96,0.999,490.0,0.002,36.96,0.001,490.0,0.01,1013.87,0.02,132.69,0.008,0.008,0.093371,1776225817000
1776225818.932,218.932,0.99,1013.87,0.98,132.69,0.998,36.96,0.999,490.0,0.002,36.96,0.001,490.0,0.01,1013.87,0.02,132.69,0.008,0.008,0.093372,1776225818000
1776225820.334,220.334,0.99,1013.87,0.98,132.69,0.998,36.96,0.999,490.0,0.002,36.96,0.001,490.0,0.01,1013.87,0.02,132.69,0.008,0.008,0.093372,1776225819000
1776225820.89,220.89,0.99,1013.87,0.98,132.69,0.998,36.96,0.999,490.0,0.002,36.96,0.001,490.0,0.01,1013.87,0.02,132.69,0.008,0.008,0.093372,1776225820000
1776225822.408,222.408,0.99,1013.87,0.98,132.69,0.998,36.96,0.999,490.0,0.002,36.96,0.001,490.0,0.01,1013.87,0.02,132.69,0.008,0.008,0.093371,1776225821000
1776225823.054,223.054,0.99,1013.87,0.98,132.69,0.998,36.96,0.999,490.0,0.002,36.96,0.001,490.0,0.01,1013.87,0.02,132.69,0.008,0.008,0.093372,1776225822000
1776225823.98,223.98,0.99,1013.87,0.98,132.69,0.998,36.96,0.999,490.0,0.002,36.96,0.001,490.0,0.01,1013.87,0.02,132.69,0.008,0.008,0.093372,1776225823000
1776225824.931,224.931,0.99,1013.87,0.98,132.69,0.998,36.96,0.999,490.0,0.002,36.96,0.001,490.0,0.01,1013.87,0.02,132.69,0.008,0.008,0.093372,1776225824000
1776225825.947,225.947,0.99,1013.87,0.98,132.69,0.998,36.96,0.999,490.0,0.002,36.96,0.001,490.0,0.01,1013.87,0.02,132.69,0.008,0.008,0.09337,1776225825000
1776225826.945,226.945,0.99,1013.87,0.98,132.69,0.998,36.96,0.999,490.0,0.002,36.96,0.001,490.0,0.01,1013.87,0.02,132.69,0.008,0.008,0.09337,1776225826000
1776225827.971,227.971,0.99,886.04,0.98,132.69,0.998,36.96,0.999,490.0,0.002,36.96,0.001,490.0,0.01,1013.87,0.02,132.69,0.008,0.008,0.09337,1776225826000
1776225828.446,228.446,0.99,886.04,0.98,132.69,0.998,35.95,0.999,490.0,0.002,36.96,0.001,490.0,0.01,886.04,0.02,132.69,0.008,0.008,0.09337,1776225827000
1776225829.108,229.108,0.99,896.15,0.98,132.69,0.998,27.2,0.999,490.0,0.002,27.2,0.001,490.0,0.01,896.15,0.02,132.69,0.008,0.008,0.09337,1776225828000
1776225829.35,229.35,0.99,896.15,0.98,132.69,0.998,24.58,0.999,490.0,0.002,25.59,0.001,490.0,0.01,896.15,0.02,132.69,0.008,0.008,0.09337,1776225828000
1776225830.057,230.057,0.99,896.15,0.98,132.69,0.998,14.56,0.999,490.0,0.002,14.56,0.001,490.0,0.01,896.15,0.02,132.69,0.008,0.008,0.09337,1776225829000
1776225831.091,231.091,0.99,896.15,0.98,132.69,0.998,14.56,0.999,490.0,0.002,14.56,0.001,490.0,0.01,896.15,0.02,132.69,0.008,0.008,0.09337,1776225830000
1776225832.075,232.075,0.99,896.15,0.98,132.69,0.998,14.56,0.999,490.0,0.002,14.56,0.001,490.0,0.01,896.15,0.02,132.69,0.008,0.008,0.09337,1776225831000
1776225833.101,233.101,0.99,896.15,0.98,132.69,0.998,14.56,0.999,490.0,0.002,14.56,0.001,490.0,0.01,896.15,0.02,132.69,0.008,0.008,0.09337,1776225832000
1776225834.091,234.091,0.99,896.15,0.98,132.69,0.998,14.56,0.999,490.0,0.002,14.56,0.001,490.0,0.01,896.15,0.02,132.69,0.008,0.008,0.09337,1776225833000
1776225835.176,235.176,0.991,13.03,0.99,901.15,0.998,27.56,0.999,490.0,0.002,27.56,0.001,490.0,0.009,13.03,0.01,901.15,0.007,0.007,0.09337,1776225834000
1776225836.445,236.445,0.991,13.03,0.99,901.15,0.998,27.56,0.999,490.0,0.002,27.56,0.001,490.0,0.009,13.03,0.01,901.15,0.007,0.007,0.09337,1776225835000
1776225836.885,236.885,0.991,13.03,0.99,901.15,0.998,27.56,0.999,490.0,0.002,27.56,0.001,490.0,0.009,13.03,0.01,901.15,0.007,0.007,0.093368,1776225836000
1776225837.965,237.965,0.991,13.03,0.99,901.15,0.998,27.56,0.999,490.0,0.002,27.56,0.001,490.0,0.009,13.03,0.01,901.15,0.007,0.007,0.093369,1776225837000
1776225838.942,238.942,0.991,22.36,0.99,901.15,0.998,17.55,0.999,490.0,0.002,27.56,0.001,490.0,0.009,13.03,0.01,901.15,0.007,0.007,0.093369,1776225837000
1776225840.2,240.2,0.991,22.36,0.99,901.15,0.998,17.55,0.999,490.0,0.002,17.55,0.001,490.0,0.009,22.36,0.01,901.15,0.007,0.007,0.093371,1776225839000
1776225841.431,241.431,0.991,22.36,0.99,901.15,0.998,17.55,0.999,490.0,0.002,17.55,0.001,490.0,0.009,22.36,0.01,901.15,0.007,0.007,0.09337,1776225840000
1776225841.994,241.994,0.991,22.36,0.99,901.15,0.998,17.55,0.999,490.0,0.002,17.55,0.001,490.0,0.009,22.36,0.01,901.15,0.007,0.007,0.09337,1776225841000
1776225843.047,243.047,0.991,22.36,0.99,901.15,0.998,17.55,0.999,490.0,0.002,17.55,0.001,490.0,0.009,22.36,0.01,901.15,0.007,0.007,0.09337,1776225842000
1776225844.177,244.177,0.991,22.36,0.99,901.15,0.998,17.55,0.999,490.0,0.002,17.55,0.001,490.0,0.009,22.36,0.01,901.15,0.007,0.007,0.093369,1776225843000
1776225845.284,245.284,0.991,22.36,0.99,901.15,0.998,17.55,0.999,490.0,0.002,17.55,0.001,490.0,0.009,22.36,0.01,901.15,0.007,0.007,0.093369,1776225844000
1776225846.443,246.443,0.991,22.36,0.99,901.15,0.998,17.55,0.999,490.0,0.002,17.55,0.001,490.0,0.009,22.36,0.01,901.15,0.007,0.007,0.09337,1776225845000
1776225846.991,246.991,0.991,22.36,0.99,901.15,0.998,17.55,0.999,490.0,0.002,17.55,0.001,490.0,0.009,22.36,0.01,901.15,0.007,0.007,0.093368,1776225846000
1776225848.118,248.118,0.991,22.36,0.99,901.15,0.998,17.55,0.999,490.0,0.002,17.55,0.001,490.0,0.009,22.36,0.01,901.15,0.007,0.007,0.093367,1776225847000
1776225849.81,249.81,0.991,22.36,0.99,901.15,0.998,17.55,0.999,490.0,0.002,17.55,0.001,490.0,0.009,22.36,0.01,901.15,0.007,0.007,0.093368,1776225848000
1776225850.313,250.313,0.991,22.36,0.99,901.15,0.998,17.55,0.999,490.0,0.002,17.55,0.001,490.0,0.009,22.36,0.01,901.15,0.007,0.007,0.093368,1776225849000
1776225850.937,250.937,0.991,22.36,0.99,901.15,0.998,17.55,0.999,490.0,0.002,17.55,0.001,490.0,0.009,22.36,0.01,901.15,0.007,0.007,0.093368,1776225850000
1776225852.17,252.17,0.991,22.36,0.99,901.15,0.998,17.55,0.999,490.0,0.002,17.55,0.001,490.0,0.009,22.36,0.01,901.15,0.007,0.007,0.09337,1776225851000
1776225853.508,253.508,0.991,22.36,0.99,901.15,0.998,17.55,0.999,490.0,0.002,17.55,0.001,490.0,0.009,22.36,0.01,901.15,0.007,0.007,0.093371,1776225852000
1776225854.623,254.623,0.991,22.36,0.99,901.15,0.998,17.55,0.999,490.0,0.002,17.55,0.001,490.0,0.009,22.36,0.01,901.15,0.007,0.007,0.093371,1776225853000
1776225855.29,255.29,0.991,22.36,0.99,901.15,0.998,17.55,0.999,490.0,0.002,17.55,0.001,490.0,0.009,22.36,0.01,901.15,0.007,0.007,0.093371,1776225854000
1776225856.052,256.052,0.991,22.36,0.99,901.15,0.998,17.55,0.999,490.0,0.002,17.55,0.001,490.0,0.009,22.36,0.01,901.15,0.007,0.007,0.093371,1776225855000
1776225857.443,257.443,0.991,22.36,0.99,901.15,0.998,17.55,0.999,490.0,0.002,17.55,0.001,490.0,0.009,22.36,0.01,901.15,0.007,0.007,0.093371,1776225856000
1776225858.11,258.11,0.991,22.36,0.99,901.15,0.998,17.55,0.999,490.0,0.002,17.55,0.001,490.0,0.009,22.36,0.01,901.15,0.007,0.007,0.09337,1776225857000
1776225859.58,259.58,0.991,22.36,0.99,901.15,0.998,17.55,0.999,490.0,0.002,17.55,0.001,490.0,0.009,22.36,0.01,901.15,0.007,0.007,0.093359,1776225858000
1776225860.142,260.142,0.991,34.37,0.99,878.79,0.998,15.55,0.999,500.0,0.002,17.55,0.001,490.0,0.009,22.36,0.01,901.15,0.007,0.007,0.093359,1776225858000
1776225861.782,261.782,0.991,34.37,0.99,878.79,0.998,15.55,0.999,500.0,0.002,15.55,0.001,500.0,0.009,34.37,0.01,878.79,0.007,0.007,0.09335,1776225860000
1776225862.29,262.29,0.991,34.37,0.99,878.79,0.999,490.03,,,0.002,15.55,0.001,500.0,0.009,34.37,0.01,878.79,0.008,0.007,0.09335,1776225860000
1776225863.313,263.313,0.991,34.37,0.99,878.79,0.999,490.03,,,0.001,490.03,,,0.009,34.37,0.01,878.79,0.008,0.008,0.093347,1776225862000
1776225864.507,264.507,0.991,34.37,0.99,878.79,0.999,490.03,,,0.001,490.03,,,0.009,34.37,0.01,878.79,0.008,0.008,0.093347,1776225863000
1776225865.321,265.321,0.991,34.37,0.99,878.79,0.999,490.03,,,0.001,490.03,,,0.009,34.37,0.01,878.79,0.008,0.008,0.093346,1776225864000
1776225866.156,266.156,0.991,34.37,0.99,878.79,0.999,490.03,,,0.001,490.03,,,0.009,34.37,0.01,878.79,0.008,0.008,0.093346,1776225865000
1776225868.403,268.403,0.991,34.37,0.99,878.79,0.999,490.03,,,0.001,490.03,,,0.009,34.37,0.01,878.79,0.008,0.008,0.093346,1776225867000
1776225869.499,269.499,0.991,34.37,0.99,878.79,0.999,490.03,,,0.001,490.03,,,0.009,34.37,0.01,878.79,0.008,0.008,0.09334,1776225868000
1776225870.15,270.15,0.991,34.37,0.99,878.79,0.999,490.03,,,0.001,490.03,,,0.009,34.37,0.01,878.79,0.008,0.008,0.09334,1776225869000
1776225871.444,271.444,0.991,34.37,0.99,878.79,0.999,490.03,,,0.001,490.03,,,0.009,34.37,0.01,878.79,0.008,0.008,0.09334,1776225870000
1776225872.309,272.309,0.991,34.37,0.99,878.79,0.999,490.03,,,0.001,490.03,,,0.009,34.37,0.01,878.79,0.008,0.008,0.093341,1776225871000
1776225873.47,273.47,0.991,34.37,0.99,878.79,0.999,490.03,,,0.001,490.03,,,0.009,34.37,0.01,878.79,0.008,0.008,0.09334,1776225872000
1776225873.96,273.96,0.991,34.37,0.99,878.79,0.999,490.03,,,0.001,490.03,,,0.009,34.37,0.01,878.79,0.008,0.008,0.093335,1776225873000
1776225875.186,275.186,0.991,34.37,0.99,878.79,0.999,490.03,,,0.001,490.03,,,0.009,34.37,0.01,878.79,0.008,0.008,0.093335,1776225874000
1776225876.483,276.483,0.991,34.37,0.99,878.79,0.999,490.03,,,0.001,490.03,,,0.009,34.37,0.01,878.79,0.008,0.008,0.093333,1776225875000
1776225877.029,277.029,0.991,34.37,0.99,878.79,0.999,490.03,,,0.001,490.03,,,0.009,34.37,0.01,878.79,0.008,0.008,0.093327,1776225876000
1776225878.198,278.198,0.991,34.37,0.99,878.79,0.999,490.03,,,0.001,490.03,,,0.009,34.37,0.01,878.79,0.008,0.008,0.093317,1776225877000
1776225879.306,279.306,0.991,34.37,0.99,878.79,0.999,490.03,,,0.001,490.03,,,0.009,34.37,0.01,878.79,0.008,0.008,0.093317,1776225878000
1776225879.742,279.742,0.999,67.98,0.991,56.96,,,,,0.001,490.03,,,0.009,34.37,0.01,878.79,,0.008,0.093317,1776225878000
1776225881.08,281.08,0.999,67.98,0.991,56.96,,,,,,,,,0.001,67.98,0.009,56.96,,,0.093318,1776225880000
1776225882.362,282.362,0.999,67.98,0.991,56.96,,,,,,,,,0.001,67.98,0.009,56.96,,,0.093351,1776225881000
1776225883.008,283.008,0.999,67.98,0.991,56.96,,,,,,,,,0.001,67.98,0.009,56.96,,,0.093351,1776225882000
1776225884.696,284.696,0.999,67.98,0.991,56.96,,,,,,,,,0.001,67.98,0.009,56.96,,,0.093352,1776225883000
1776225885.23,285.23,0.999,67.98,0.991,56.96,,,,,,,,,0.001,67.98,0.009,56.96,,,0.093352,1776225884000
1776225886.215,286.215,0.999,67.98,0.991,56.96,,,,,,,,,0.001,67.98,0.009,56.96,,,0.093354,1776225885000
1776225887.338,287.338,0.999,67.98,0.991,56.96,,,,,,,,,0.001,67.98,0.009,56.96,,,0.093353,1776225886000
1776225888.149,288.149,0.999,67.98,0.991,56.96,,,,,,,,,0.001,67.98,0.009,56.96,,,0.093353,1776225887000
1776225889.131,289.131,0.999,67.98,0.991,56.96,,,,,,,,,0.001,67.98,0.009,56.96,,,0.093352,1776225888000
1776225890.168,290.168,0.999,67.98,0.991,56.96,,,,,,,,,0.001,67.98,0.009,56.96,,,0.093351,1776225889000
1776225891.272,291.272,0.999,67.98,0.991,56.96,,,,,,,,,0.001,67.98,0.009,56.96,,,0.093351,1776225890000
1776225892.224,292.224,0.999,67.98,0.991,56.96,,,,,,,,,0.001,67.98,0.009,56.96,,,0.093345,1776225891000
1776225893.21,293.21,0.999,67.98,0.991,56.96,,,,,,,,,0.001,67.98,0.009,56.96,,,0.093341,1776225892000
1776225894.276,294.276,0.999,67.98,0.991,56.96,,,,,,,,,0.001,67.98,0.009,56.96,,,0.093341,1776225893000
1776225895.282,295.282,0.999,67.98,0.991,56.96,,,,,,,,,0.001,67.98,0.009,56.96,,,0.093337,1776225894000
1776225896.256,296.256,0.999,67.98,0.991,56.96,,,,,,,,,0.001,67.98,0.009,56.96,,,0.093337,1776225895000
1776225897.879,297.879,0.999,67.98,0.991,56.96,,,,,,,,,0.001,67.98,0.009,56.96,,,0.093337,1776225896000
1776225898.341,298.341,0.999,67.98,0.991,56.96,,,,,,,,,0.001,67.98,0.009,56.96,,,0.093335,1776225897000
1776225898.929,298.929,0.999,67.98,0.991,56.96,,,,,,,,,0.001,67.98,0.009,56.96,,,0.093334,1776225898000
1776225899.913,299.913,0.999,67.98,0.991,56.96,,,,,,,,,0.001,67.98,0.009,56.96,,,0.093325,1776225899000
1776225900.858,300.858,0.999,67.98,0.991,56.96,,,,,,,,,0.001,67.98,0.009,56.96,,,0.093326,1776225900000
1776225901.934,301.934,0.999,67.98,0.991,56.96,,,,,,,,,0.001,67.98,0.009,56.96,,,0.093327,1776225901000
1776225902.934,302.934,0.999,67.98,0.991,56.96,,,,,,,,,0.001,67.98,0.009,56.96,,,0.093326,1776225902000

# RESULT,winner=Up,slug=doge-updown-5m-1776225600,ticks=326
