timestamp,elapsed_sec,up_bid_p1,up_bid_s1,up_bid_p2,up_bid_s2,up_ask_p1,up_ask_s1,up_ask_p2,up_ask_s2,down_bid_p1,down_bid_s1,down_bid_p2,down_bid_s2,down_ask_p1,down_ask_s1,down_ask_p2,down_ask_s2,up_spread,down_spread,doge_price,doge_oracle_ts
1776307800.524,0.524,0.48,31.72,0.46,63.0,0.5,5.0,0.53,4.72,0.5,5.0,0.41,37.0,0.52,31.72,0.59,37.0,0.02,0.02,0.095886,1776307799000
1776307800.922,0.922,0.48,31.72,0.41,37.0,0.5,5.0,0.59,37.0,0.5,5.0,0.41,37.0,0.52,31.72,0.59,37.0,0.02,0.02,0.095884,1776307800000
1776307802.035,2.035,0.48,31.72,0.41,37.0,0.5,5.0,0.59,37.0,0.5,5.0,0.41,37.0,0.52,31.72,0.59,37.0,0.02,0.02,0.095883,1776307801000
1776307803.641,3.641,0.48,31.72,0.41,37.0,0.5,5.0,0.59,37.0,0.5,5.0,0.41,37.0,0.52,31.72,0.59,37.0,0.02,0.02,0.095904,1776307802000
1776307804.883,4.883,0.48,31.72,0.41,37.0,0.5,5.0,0.59,37.0,0.5,5.0,0.41,37.0,0.52,31.72,0.59,37.0,0.02,0.02,0.095904,1776307803000
1776307805.558,5.558,0.48,31.72,0.41,37.0,0.5,5.0,0.59,37.0,0.5,5.0,0.41,37.0,0.52,31.72,0.59,37.0,0.02,0.02,0.0959,1776307804000
1776307806.461,6.461,0.48,31.72,0.41,37.0,0.5,5.0,0.59,37.0,0.5,5.0,0.41,37.0,0.52,31.72,0.59,37.0,0.02,0.02,0.095901,1776307805000
1776307807.184,7.184,0.48,31.72,0.41,37.0,0.5,5.0,0.59,37.0,0.5,5.0,0.41,37.0,0.52,31.72,0.59,37.0,0.02,0.02,0.0959,1776307806000
1776307808.831,8.831,0.48,31.72,0.41,37.0,0.5,5.0,0.59,37.0,0.5,5.0,0.41,37.0,0.52,31.72,0.59,37.0,0.02,0.02,0.0959,1776307807000
1776307809.659,9.659,0.48,31.72,0.41,37.0,0.5,5.0,0.59,37.0,0.5,5.0,0.41,37.0,0.52,31.72,0.59,37.0,0.02,0.02,0.095904,1776307808000
1776307810.548,10.548,0.48,31.72,0.41,37.0,0.5,5.0,0.59,37.0,0.5,5.0,0.41,37.0,0.52,31.72,0.59,37.0,0.02,0.02,0.095914,1776307809000
1776307811.202,11.202,0.51,45.0,0.49,5.0,0.59,5.0,0.6,5.0,0.5,5.0,0.41,37.0,0.52,31.72,0.59,37.0,0.08,0.02,0.095914,1776307809000
1776307812.164,12.164,0.51,45.0,0.49,5.0,0.59,5.0,0.6,5.0,0.41,5.0,0.4,5.0,0.49,45.0,0.51,5.0,0.08,0.08,0.095915,1776307811000
1776307813.691,13.691,0.51,45.0,0.49,5.0,0.59,5.0,0.6,5.0,0.41,5.0,0.4,5.0,0.49,45.0,0.51,5.0,0.08,0.08,0.095929,1776307812000
1776307814.453,14.453,0.51,45.0,0.49,5.0,0.59,5.0,0.6,5.0,0.41,5.0,0.4,5.0,0.49,45.0,0.51,5.0,0.08,0.08,0.095941,1776307813000
1776307815.308,15.308,0.51,45.0,0.49,5.0,0.59,5.0,0.6,5.0,0.41,5.0,0.4,5.0,0.49,45.0,0.51,5.0,0.08,0.08,0.095941,1776307814000
1776307816.798,16.798,0.51,45.0,0.49,5.0,0.59,5.0,0.6,5.0,0.41,5.0,0.4,5.0,0.49,45.0,0.51,5.0,0.08,0.08,0.095918,1776307815000
1776307817.589,17.589,0.51,45.0,0.49,5.0,0.59,5.0,0.6,5.0,0.41,5.0,0.4,5.0,0.49,45.0,0.51,5.0,0.08,0.08,0.095914,1776307816000
1776307818.311,18.311,0.51,45.0,0.49,5.0,0.59,5.0,0.6,5.0,0.41,5.0,0.4,5.0,0.49,45.0,0.51,5.0,0.08,0.08,0.095914,1776307817000
1776307819.414,19.414,0.54,5.0,0.53,5.0,0.56,5.0,0.57,10.0,0.41,5.0,0.4,5.0,0.49,45.0,0.51,5.0,0.02,0.08,0.095914,1776307817000
1776307819.825,19.825,0.54,5.0,0.53,5.0,0.56,5.0,0.57,10.0,0.44,5.0,0.43,10.0,0.46,5.0,0.47,5.0,0.02,0.02,0.095914,1776307818000
1776307820.569,20.569,0.54,5.0,0.53,5.0,0.56,5.0,0.57,10.0,0.44,5.0,0.43,10.0,0.46,5.0,0.47,5.0,0.02,0.02,0.095914,1776307819000
1776307821.441,21.441,0.56,5.0,0.55,5.0,0.57,3.24,0.58,5.0,0.43,3.24,0.42,5.0,0.44,5.0,0.45,5.0,0.01,0.01,0.095915,1776307820000
1776307822.104,22.104,0.56,5.0,0.55,5.0,0.57,3.24,0.58,5.0,0.43,3.24,0.42,5.0,0.44,5.0,0.45,5.0,0.01,0.01,0.095916,1776307821000
1776307823.867,23.867,0.56,5.0,0.55,5.0,0.57,3.24,0.58,5.0,0.43,3.24,0.42,5.0,0.44,5.0,0.45,5.0,0.01,0.01,0.095934,1776307822000
1776307824.495,24.495,0.56,5.0,0.55,5.0,0.57,3.24,0.58,5.0,0.43,3.24,0.42,5.0,0.44,5.0,0.45,5.0,0.01,0.01,0.095937,1776307823000
1776307824.925,24.925,0.56,5.0,0.55,5.0,0.57,3.24,0.58,5.0,0.43,3.24,0.42,5.0,0.44,5.0,0.45,5.0,0.01,0.01,0.095937,1776307824000
1776307825.992,25.992,0.56,5.0,0.55,5.0,0.57,3.24,0.58,5.0,0.43,3.24,0.42,5.0,0.44,5.0,0.45,5.0,0.01,0.01,0.095937,1776307825000
1776307827.13,27.13,0.56,5.0,0.55,5.0,0.57,3.24,0.58,5.0,0.43,3.24,0.42,5.0,0.44,5.0,0.45,5.0,0.01,0.01,0.095933,1776307826000
1776307827.979,27.979,0.56,5.0,0.55,5.0,0.57,3.24,0.58,5.0,0.43,3.24,0.42,5.0,0.44,5.0,0.45,5.0,0.01,0.01,0.095937,1776307827000
1776307829.025,29.025,0.56,5.0,0.55,5.0,0.57,3.24,0.58,5.0,0.43,3.24,0.42,5.0,0.44,5.0,0.45,5.0,0.01,0.01,0.095936,1776307828000
1776307829.945,29.945,0.58,0.37,0.57,5.0,0.59,5.0,0.6,12.5,0.43,3.24,0.42,5.0,0.44,5.0,0.45,5.0,0.01,0.01,0.095936,1776307828000
1776307831.098,31.098,0.58,0.37,0.57,5.0,0.59,5.0,0.6,12.5,0.41,5.0,0.4,12.5,0.42,0.37,0.43,5.0,0.01,0.01,0.095941,1776307830000
1776307831.539,31.539,0.57,2.67,0.56,5.0,0.59,5.0,0.6,12.5,0.41,5.0,0.4,12.5,0.42,0.37,0.43,5.0,0.02,0.01,0.095941,1776307830000
1776307832.219,32.219,0.57,2.67,0.56,5.0,0.59,5.0,0.6,12.5,0.41,5.0,0.4,12.5,0.43,2.67,0.44,5.0,0.02,0.02,0.095941,1776307831000
1776307832.496,32.496,0.58,5.0,0.57,2.67,0.6,5.0,0.61,5.0,0.41,5.0,0.4,12.5,0.43,2.67,0.44,5.0,0.02,0.02,0.095941,1776307831000
1776307833.129,33.129,0.58,5.0,0.57,2.67,0.6,5.0,0.61,5.0,0.4,5.0,0.39,5.0,0.42,5.0,0.43,2.67,0.02,0.02,0.09594,1776307832000
1776307833.527,33.527,0.59,5.0,0.58,5.0,0.6,2.5,0.62,5.0,0.4,5.0,0.39,5.0,0.42,5.0,0.43,2.67,0.01,0.02,0.09594,1776307832000
1776307834.134,34.134,0.59,5.0,0.58,5.0,0.67,3.58,0.68,5.0,0.33,3.58,0.32,5.0,0.41,5.0,0.42,5.0,0.08,0.08,0.095941,1776307833000
1776307835.156,35.156,0.59,5.0,0.58,5.0,0.67,3.58,0.68,5.0,0.33,3.58,0.32,5.0,0.41,5.0,0.42,5.0,0.08,0.08,0.09595,1776307834000
1776307836.103,36.103,0.66,5.0,0.65,5.0,0.68,10.0,0.69,5.0,0.33,3.58,0.32,5.0,0.41,5.0,0.42,5.0,0.02,0.08,0.09595,1776307834000
1776307837.088,37.088,0.66,5.0,0.65,5.0,0.68,10.0,0.69,5.0,0.32,10.0,0.31,5.0,0.34,5.0,0.35,5.0,0.02,0.02,0.095957,1776307836000
1776307838.096,38.096,0.66,5.0,0.65,5.0,0.68,10.0,0.69,5.0,0.32,10.0,0.31,5.0,0.34,5.0,0.35,5.0,0.02,0.02,0.095959,1776307837000
1776307838.446,38.446,0.69,5.0,0.68,5.0,0.72,15.0,0.73,15.0,0.29,1.85,0.28,15.0,0.32,5.0,0.33,5.0,0.03,0.03,0.095959,1776307837000
1776307839.004,39.004,0.69,5.0,0.68,5.0,0.72,15.0,0.73,15.0,0.28,15.0,0.27,15.0,0.31,5.0,0.32,5.0,0.03,0.03,0.09596,1776307838000
1776307840.118,40.118,0.69,5.0,0.68,5.0,0.72,15.0,0.73,15.0,0.28,15.0,0.27,15.0,0.31,5.0,0.32,5.0,0.03,0.03,0.095964,1776307839000
1776307841.089,41.089,0.69,5.0,0.68,5.0,0.72,15.0,0.73,15.0,0.28,15.0,0.27,15.0,0.31,5.0,0.32,5.0,0.03,0.03,0.095977,1776307840000
1776307842.042,42.042,0.69,5.0,0.68,5.0,0.72,15.0,0.73,15.0,0.28,15.0,0.27,15.0,0.31,5.0,0.32,5.0,0.03,0.03,0.095966,1776307841000
1776307842.992,42.992,0.69,5.0,0.68,5.0,0.72,15.0,0.73,15.0,0.28,15.0,0.27,15.0,0.31,5.0,0.32,5.0,0.03,0.03,0.095954,1776307842000
1776307843.92,43.92,0.69,5.0,0.68,5.0,0.72,15.0,0.73,15.0,0.28,15.0,0.27,15.0,0.31,5.0,0.32,5.0,0.03,0.03,0.09595,1776307843000
1776307844.893,44.893,0.69,5.0,0.68,5.0,0.72,15.0,0.73,15.0,0.28,15.0,0.27,15.0,0.31,5.0,0.32,5.0,0.03,0.03,0.095953,1776307844000
1776307845.919,45.919,0.69,5.0,0.68,5.0,0.72,15.0,0.73,15.0,0.28,15.0,0.27,15.0,0.31,5.0,0.32,5.0,0.03,0.03,0.095954,1776307845000
1776307846.174,46.174,0.66,5.0,0.65,5.0,0.68,3.52,0.69,5.0,0.28,15.0,0.27,15.0,0.31,5.0,0.32,5.0,0.02,0.03,0.095954,1776307845000
1776307847.313,47.313,0.66,5.0,0.65,5.0,0.68,3.52,0.69,5.0,0.32,3.52,0.31,5.0,0.34,5.0,0.35,5.0,0.02,0.02,0.095951,1776307846000
1776307848.229,48.229,0.66,5.0,0.65,5.0,0.68,3.52,0.69,5.0,0.32,3.52,0.31,5.0,0.34,5.0,0.35,5.0,0.02,0.02,0.095951,1776307847000
1776307849.721,49.721,0.66,5.0,0.65,5.0,0.68,3.52,0.69,5.0,0.32,3.52,0.31,5.0,0.34,5.0,0.35,5.0,0.02,0.02,0.095953,1776307848000
1776307850.543,50.543,0.66,5.0,0.65,5.0,0.68,3.52,0.69,5.0,0.32,3.52,0.31,5.0,0.34,5.0,0.35,5.0,0.02,0.02,0.095964,1776307849000
1776307851.45,51.45,0.66,5.0,0.65,5.0,0.68,3.52,0.69,5.0,0.32,3.52,0.31,5.0,0.34,5.0,0.35,5.0,0.02,0.02,0.095968,1776307850000
1776307852.231,52.231,0.66,5.0,0.65,5.0,0.68,3.52,0.69,5.0,0.32,3.52,0.31,5.0,0.34,5.0,0.35,5.0,0.02,0.02,0.095968,1776307851000
1776307853.777,53.777,0.66,5.0,0.65,5.0,0.68,3.52,0.69,5.0,0.32,3.52,0.31,5.0,0.34,5.0,0.35,5.0,0.02,0.02,0.095967,1776307852000
1776307854.276,54.276,0.66,5.0,0.65,5.0,0.68,3.52,0.69,5.0,0.32,3.52,0.31,5.0,0.34,5.0,0.35,5.0,0.02,0.02,0.095967,1776307853000
1776307855.669,55.669,0.66,5.0,0.65,5.0,0.68,3.52,0.69,5.0,0.32,3.52,0.31,5.0,0.34,5.0,0.35,5.0,0.02,0.02,0.095955,1776307854000
1776307856.345,56.345,0.66,5.0,0.65,5.0,0.68,3.52,0.69,5.0,0.32,3.52,0.31,5.0,0.34,5.0,0.35,5.0,0.02,0.02,0.095954,1776307855000
1776307857.43,57.43,0.66,5.0,0.65,5.0,0.68,3.52,0.69,5.0,0.32,3.52,0.31,5.0,0.34,5.0,0.35,5.0,0.02,0.02,0.095948,1776307856000
1776307858.442,58.442,0.66,5.0,0.65,5.0,0.68,3.52,0.69,5.0,0.32,3.52,0.31,5.0,0.34,5.0,0.35,5.0,0.02,0.02,0.095949,1776307857000
1776307859.032,59.032,0.66,5.0,0.65,5.0,0.68,3.52,0.69,5.0,0.32,3.52,0.31,5.0,0.34,5.0,0.35,5.0,0.02,0.02,0.095958,1776307858000
1776307860.378,60.378,0.66,5.0,0.65,5.0,0.68,3.52,0.69,5.0,0.32,3.52,0.31,5.0,0.34,5.0,0.35,5.0,0.02,0.02,0.095959,1776307859000
1776307860.767,60.767,0.69,0.16,0.68,5.0,0.72,5.0,0.73,15.0,0.32,3.52,0.31,5.0,0.34,5.0,0.35,5.0,0.03,0.02,0.095959,1776307859000
1776307860.991,60.991,0.69,0.16,0.68,5.0,0.72,5.0,0.73,15.0,0.28,5.0,0.27,15.0,0.31,0.16,0.32,5.0,0.03,0.03,0.095963,1776307860000
1776307862.289,62.289,0.69,0.16,0.68,5.0,0.72,5.0,0.73,15.0,0.28,5.0,0.27,15.0,0.31,0.16,0.32,5.0,0.03,0.03,0.095965,1776307861000
1776307863.656,63.656,0.69,0.16,0.68,5.0,0.72,5.0,0.73,15.0,0.28,5.0,0.27,15.0,0.31,0.16,0.32,5.0,0.03,0.03,0.095966,1776307862000
1776307864.307,64.307,0.69,0.16,0.68,5.0,0.72,5.0,0.73,15.0,0.28,5.0,0.27,15.0,0.31,0.16,0.32,5.0,0.03,0.03,0.095975,1776307863000
1776307864.97,64.97,0.69,0.16,0.68,5.0,0.72,5.0,0.73,15.0,0.28,5.0,0.27,15.0,0.31,0.16,0.32,5.0,0.03,0.03,0.095985,1776307864000
1776307866.175,66.175,0.69,0.16,0.68,5.0,0.72,5.0,0.73,15.0,0.28,5.0,0.27,15.0,0.31,0.16,0.32,5.0,0.03,0.03,0.095983,1776307865000
1776307866.978,66.978,0.69,0.16,0.68,5.0,0.7,2.0,0.71,5.0,0.28,5.0,0.27,15.0,0.31,0.16,0.32,5.0,0.01,0.03,0.095983,1776307865000
1776307868.833,68.833,0.69,0.16,0.68,5.0,0.71,3.0,0.74,5.0,0.29,3.0,0.26,5.0,0.31,0.16,0.32,5.0,0.02,0.02,0.095993,1776307867000
1776307869.492,69.492,0.7,5.0,0.69,5.16,0.76,8.55,0.77,10.0,0.24,8.55,0.23,10.0,0.3,5.0,0.31,5.16,0.06,0.06,0.096008,1776307868000
1776307870.111,70.111,0.7,5.0,0.69,5.16,0.76,8.55,0.77,10.0,0.24,8.55,0.23,10.0,0.3,5.0,0.31,5.16,0.06,0.06,0.096008,1776307869000
1776307871.271,71.271,0.7,5.0,0.69,5.16,0.76,8.55,0.77,10.0,0.24,8.55,0.23,10.0,0.3,5.0,0.31,5.16,0.06,0.06,0.096016,1776307870000
1776307871.939,71.939,0.7,5.0,0.69,5.16,0.76,8.55,0.77,10.0,0.24,8.55,0.23,10.0,0.3,5.0,0.31,5.16,0.06,0.06,0.096022,1776307871000
1776307873.092,73.092,0.7,5.0,0.69,5.16,0.76,8.55,0.77,10.0,0.24,8.55,0.23,10.0,0.3,5.0,0.31,5.16,0.06,0.06,0.096028,1776307872000
1776307874.469,74.469,0.7,5.0,0.69,5.16,0.76,8.55,0.77,10.0,0.24,8.55,0.23,10.0,0.3,5.0,0.31,5.16,0.06,0.06,0.096018,1776307873000
1776307875.404,75.404,0.7,5.0,0.69,5.16,0.76,8.55,0.77,10.0,0.24,8.55,0.23,10.0,0.3,5.0,0.31,5.16,0.06,0.06,0.096016,1776307874000
1776307876.731,76.731,0.75,5.0,0.74,5.0,0.76,2.35,0.77,10.0,0.24,2.35,0.23,10.0,0.25,5.0,0.26,5.0,0.01,0.01,0.096008,1776307875000
1776307877.509,77.509,0.75,5.0,0.74,5.0,0.76,2.35,0.77,10.0,0.24,2.35,0.23,10.0,0.25,5.0,0.26,5.0,0.01,0.01,0.096008,1776307876000
1776307878.293,78.293,0.75,5.0,0.74,5.0,0.76,2.35,0.77,10.0,0.24,2.35,0.23,10.0,0.25,5.0,0.26,5.0,0.01,0.01,0.096005,1776307877000
1776307879.646,79.646,0.75,5.0,0.74,5.0,0.76,2.35,0.77,10.0,0.24,2.35,0.23,10.0,0.25,5.0,0.26,5.0,0.01,0.01,0.096004,1776307878000
1776307880.629,80.629,0.75,5.0,0.74,5.0,0.76,2.35,0.77,10.0,0.24,2.35,0.23,10.0,0.25,5.0,0.26,5.0,0.01,0.01,0.096006,1776307879000
1776307881.292,81.292,0.75,5.0,0.74,5.0,0.76,2.35,0.77,10.0,0.24,2.35,0.23,10.0,0.25,5.0,0.26,5.0,0.01,0.01,0.096009,1776307880000
1776307882.796,82.796,0.75,5.0,0.74,5.0,0.76,2.35,0.77,10.0,0.24,2.35,0.23,10.0,0.25,5.0,0.26,5.0,0.01,0.01,0.096011,1776307881000
1776307883.482,83.482,0.75,5.0,0.74,5.0,0.76,2.35,0.77,10.0,0.24,2.35,0.23,10.0,0.25,5.0,0.26,5.0,0.01,0.01,0.096011,1776307882000
1776307884.268,84.268,0.75,5.0,0.74,5.0,0.76,2.35,0.77,10.0,0.24,2.35,0.23,10.0,0.25,5.0,0.26,5.0,0.01,0.01,0.096009,1776307883000
1776307885.282,85.282,0.75,5.0,0.74,5.0,0.76,2.35,0.77,10.0,0.24,2.35,0.23,10.0,0.25,5.0,0.26,5.0,0.01,0.01,0.096007,1776307884000
1776307886.635,86.635,0.75,5.0,0.74,5.0,0.76,2.35,0.77,10.0,0.24,2.35,0.23,10.0,0.25,5.0,0.26,5.0,0.01,0.01,0.096007,1776307885000
1776307887.236,87.236,0.75,5.0,0.74,5.0,0.76,2.35,0.77,10.0,0.24,2.35,0.23,10.0,0.25,5.0,0.26,5.0,0.01,0.01,0.096007,1776307886000
1776307888.469,88.469,0.75,5.0,0.74,5.0,0.76,2.35,0.77,10.0,0.24,2.35,0.23,10.0,0.25,5.0,0.26,5.0,0.01,0.01,0.09601,1776307887000
1776307889.006,89.006,0.76,5.15,0.75,10.0,0.77,10.0,0.78,10.0,0.24,2.35,0.23,10.0,0.25,5.0,0.26,5.0,0.01,0.01,0.09601,1776307887000
1776307890.231,90.231,0.76,5.15,0.75,10.0,0.77,10.0,0.78,10.0,0.23,10.0,0.22,10.0,0.24,5.15,0.25,10.0,0.01,0.01,0.09601,1776307889000
1776307891.399,91.399,0.76,10.15,0.75,10.0,0.77,7.41,0.78,10.0,0.23,7.41,0.22,10.0,0.24,10.15,0.25,10.0,0.01,0.01,0.09601,1776307890000
1776307892.011,92.011,0.76,10.15,0.75,10.0,0.77,7.41,0.78,10.0,0.23,7.41,0.22,10.0,0.24,10.15,0.25,10.0,0.01,0.01,0.09601,1776307891000
1776307893.067,93.067,0.76,10.15,0.75,10.0,0.77,7.41,0.78,10.0,0.23,7.41,0.22,10.0,0.24,10.15,0.25,10.0,0.01,0.01,0.096009,1776307892000
1776307893.57,93.57,0.76,24.45,0.75,23.9,0.78,10.0,0.79,10.0,0.23,7.41,0.22,10.0,0.24,10.15,0.25,10.0,0.02,0.01,0.096009,1776307892000
1776307894.218,94.218,0.76,24.45,0.75,23.9,0.78,10.0,0.79,10.0,0.22,10.0,0.21,10.0,0.24,24.45,0.25,23.9,0.02,0.02,0.096009,1776307893000
1776307895.318,95.318,0.76,24.45,0.75,23.9,0.78,10.0,0.79,10.0,0.22,10.0,0.21,10.0,0.24,24.45,0.25,23.9,0.02,0.02,0.096017,1776307894000
1776307896.398,96.398,0.76,24.45,0.75,23.9,0.78,10.0,0.79,10.0,0.22,10.0,0.21,10.0,0.24,24.45,0.25,23.9,0.02,0.02,0.096024,1776307895000
1776307896.98,96.98,0.76,24.45,0.75,23.9,0.78,10.0,0.79,10.0,0.22,10.0,0.21,10.0,0.24,24.45,0.25,23.9,0.02,0.02,0.096027,1776307896000
1776307898.196,98.196,0.76,24.45,0.75,23.9,0.78,10.0,0.79,10.0,0.22,10.0,0.21,10.0,0.24,24.45,0.25,23.9,0.02,0.02,0.096021,1776307897000
1776307899.344,99.344,0.76,24.45,0.75,23.9,0.78,10.0,0.79,10.0,0.22,10.0,0.21,10.0,0.24,24.45,0.25,23.9,0.02,0.02,0.096012,1776307898000
1776307900.409,100.409,0.76,24.45,0.75,23.9,0.78,10.0,0.79,10.0,0.22,10.0,0.21,10.0,0.24,24.45,0.25,23.9,0.02,0.02,0.096003,1776307899000
1776307900.944,100.944,0.76,24.45,0.75,23.9,0.78,10.0,0.79,10.0,0.22,10.0,0.21,10.0,0.24,24.45,0.25,23.9,0.02,0.02,0.095997,1776307900000
1776307902.039,102.039,0.76,24.45,0.75,23.9,0.78,10.0,0.79,10.0,0.22,10.0,0.21,10.0,0.24,24.45,0.25,23.9,0.02,0.02,0.096001,1776307901000
1776307903.185,103.185,0.76,24.45,0.75,23.9,0.78,10.0,0.79,10.0,0.22,10.0,0.21,10.0,0.24,24.45,0.25,23.9,0.02,0.02,0.096003,1776307902000
1776307904.2,104.2,0.76,24.45,0.75,23.9,0.78,10.0,0.79,10.0,0.22,10.0,0.21,10.0,0.24,24.45,0.25,23.9,0.02,0.02,0.09601,1776307903000
1776307904.551,104.551,0.77,24.7,0.76,24.45,0.79,10.0,0.8,10.0,0.22,10.0,0.21,10.0,0.24,24.45,0.25,23.9,0.02,0.02,0.09601,1776307903000
1776307905.268,105.268,0.77,24.7,0.76,24.45,0.79,10.0,0.8,10.0,0.21,10.0,0.2,10.0,0.23,24.7,0.24,24.45,0.02,0.02,0.096019,1776307904000
1776307906.343,106.343,0.77,24.7,0.76,24.45,0.79,10.0,0.8,10.0,0.21,10.0,0.2,10.0,0.23,24.7,0.24,24.45,0.02,0.02,0.096024,1776307905000
1776307906.943,106.943,0.78,5.0,0.77,24.7,0.8,10.0,0.81,10.0,0.2,10.0,0.19,10.0,0.22,5.0,0.23,24.7,0.02,0.02,0.096017,1776307906000
1776307908.063,108.063,0.78,5.0,0.77,24.7,0.8,10.0,0.81,10.0,0.2,10.0,0.19,10.0,0.22,5.0,0.23,24.7,0.02,0.02,0.096013,1776307907000
1776307909.108,109.108,0.78,5.0,0.77,24.7,0.8,10.0,0.81,10.0,0.2,10.0,0.19,10.0,0.22,5.0,0.23,24.7,0.02,0.02,0.096013,1776307908000
1776307910.171,110.171,0.78,5.0,0.77,24.7,0.8,10.0,0.81,10.0,0.2,10.0,0.19,10.0,0.22,5.0,0.23,24.7,0.02,0.02,0.096013,1776307909000
1776307911.288,111.288,0.78,5.0,0.77,24.7,0.8,10.0,0.81,10.0,0.2,10.0,0.19,10.0,0.22,5.0,0.23,24.7,0.02,0.02,0.096013,1776307910000
1776307912.313,112.313,0.78,5.0,0.77,24.7,0.8,10.0,0.81,10.0,0.2,10.0,0.19,10.0,0.22,5.0,0.23,24.7,0.02,0.02,0.09601,1776307911000
1776307913.396,113.396,0.78,5.0,0.77,24.7,0.8,10.0,0.81,10.0,0.2,10.0,0.19,10.0,0.22,5.0,0.23,24.7,0.02,0.02,0.095996,1776307912000
1776307914.356,114.356,0.78,5.0,0.77,24.7,0.8,10.0,0.81,10.0,0.2,10.0,0.19,10.0,0.22,5.0,0.23,24.7,0.02,0.02,0.095995,1776307913000
1776307914.915,114.915,0.78,5.0,0.77,24.7,0.8,10.0,0.81,10.0,0.2,10.0,0.19,10.0,0.22,5.0,0.23,24.7,0.02,0.02,0.095994,1776307914000
1776307915.908,115.908,0.78,5.0,0.77,24.7,0.8,10.0,0.81,10.0,0.2,10.0,0.19,10.0,0.22,5.0,0.23,24.7,0.02,0.02,0.095994,1776307915000
1776307916.92,116.92,0.78,5.0,0.77,24.7,0.8,10.0,0.81,10.0,0.2,10.0,0.19,10.0,0.22,5.0,0.23,24.7,0.02,0.02,0.095994,1776307916000
1776307917.93,117.93,0.78,5.0,0.77,24.7,0.8,10.0,0.81,10.0,0.2,10.0,0.19,10.0,0.22,5.0,0.23,24.7,0.02,0.02,0.095992,1776307917000
1776307918.977,118.977,0.78,5.0,0.77,24.7,0.8,10.0,0.81,10.0,0.2,10.0,0.19,10.0,0.22,5.0,0.23,24.7,0.02,0.02,0.095992,1776307918000
1776307919.952,119.952,0.78,5.0,0.77,24.7,0.8,10.0,0.81,10.0,0.2,10.0,0.19,10.0,0.22,5.0,0.23,24.7,0.02,0.02,0.09599,1776307919000
1776307920.944,120.944,0.78,5.0,0.77,24.7,0.8,10.0,0.81,10.0,0.2,10.0,0.19,10.0,0.22,5.0,0.23,24.7,0.02,0.02,0.095988,1776307920000
1776307922.027,122.027,0.76,0.15,0.75,5.0,0.77,5.0,0.78,5.0,0.23,5.0,0.22,5.0,0.24,0.15,0.25,5.0,0.01,0.01,0.095984,1776307921000
1776307923.039,123.039,0.76,0.15,0.75,5.0,0.77,5.0,0.78,5.0,0.23,5.0,0.22,5.0,0.24,0.15,0.25,5.0,0.01,0.01,0.095965,1776307922000
1776307923.358,123.358,0.78,5.0,0.77,5.0,0.8,10.0,0.81,31.89,0.23,5.0,0.22,5.0,0.24,0.15,0.25,5.0,0.02,0.01,0.095965,1776307922000
1776307924.037,124.037,0.78,5.0,0.77,5.0,0.8,10.0,0.81,31.89,0.2,10.0,0.19,31.89,0.22,5.0,0.23,5.0,0.02,0.02,0.095973,1776307923000
1776307924.988,124.988,0.78,5.0,0.77,5.0,0.8,10.0,0.81,31.89,0.2,10.0,0.19,31.89,0.22,5.0,0.23,5.0,0.02,0.02,0.095976,1776307924000
1776307925.995,125.995,0.78,5.0,0.77,5.0,0.8,10.0,0.81,31.89,0.2,10.0,0.19,31.89,0.22,5.0,0.23,5.0,0.02,0.02,0.095982,1776307925000
1776307927.341,127.341,0.78,5.0,0.77,5.0,0.8,10.0,0.81,31.89,0.2,10.0,0.19,31.89,0.22,5.0,0.23,5.0,0.02,0.02,0.095988,1776307926000
1776307928.06,128.06,0.78,5.0,0.77,5.0,0.8,10.0,0.81,31.89,0.2,10.0,0.19,31.89,0.22,5.0,0.23,5.0,0.02,0.02,0.095993,1776307927000
1776307928.494,128.494,0.79,0.33,0.78,5.0,0.8,15.0,0.81,10.0,0.2,10.0,0.19,31.89,0.22,5.0,0.23,5.0,0.01,0.02,0.095993,1776307927000
1776307929.073,129.073,0.79,0.33,0.78,5.0,0.8,15.0,0.81,10.0,0.2,15.0,0.19,10.0,0.21,0.33,0.22,5.0,0.01,0.01,0.095999,1776307928000
1776307930.251,130.251,0.79,0.33,0.78,5.0,0.8,15.0,0.81,10.0,0.2,15.0,0.19,10.0,0.21,0.33,0.22,5.0,0.01,0.01,0.096017,1776307929000
1776307930.703,130.703,0.79,0.33,0.78,5.0,0.8,10.0,0.81,10.0,0.2,15.0,0.19,10.0,0.21,0.33,0.22,5.0,0.01,0.01,0.096017,1776307929000
1776307930.978,130.978,0.79,0.33,0.78,5.0,0.8,3.75,0.81,10.0,0.2,10.0,0.19,10.0,0.21,0.33,0.22,5.0,0.01,0.01,0.096017,1776307929000
1776307932.228,132.228,0.79,0.33,0.78,5.0,0.81,10.0,0.82,10.0,0.19,10.0,0.18,10.0,0.21,0.33,0.22,5.0,0.02,0.02,0.096019,1776307931000
1776307932.835,132.835,0.8,31.3,0.79,16.03,0.81,8.76,0.82,10.0,0.19,10.0,0.18,10.0,0.21,0.33,0.22,5.0,0.01,0.02,0.096019,1776307931000
1776307933.417,133.417,0.8,31.3,0.79,16.03,0.81,8.76,0.82,10.0,0.19,8.76,0.18,10.0,0.2,31.3,0.21,16.03,0.01,0.01,0.09604,1776307932000
1776307933.946,133.946,0.8,31.3,0.79,16.03,0.81,8.76,0.82,10.0,0.19,8.76,0.18,10.0,0.2,31.3,0.21,16.03,0.01,0.01,0.09604,1776307933000
1776307935.42,135.42,0.8,31.3,0.79,16.03,0.81,8.76,0.82,10.0,0.19,8.76,0.18,10.0,0.2,31.3,0.21,16.03,0.01,0.01,0.096043,1776307934000
1776307936.062,136.062,0.8,26.3,0.79,16.03,0.82,10.0,0.87,5.0,0.18,10.0,0.13,5.0,0.2,26.3,0.21,16.03,0.02,0.02,0.096042,1776307935000
1776307937.229,137.229,0.8,26.3,0.79,16.03,0.82,10.0,0.87,5.0,0.18,10.0,0.13,5.0,0.2,26.3,0.21,16.03,0.02,0.02,0.096036,1776307936000
1776307938.334,138.334,0.8,26.3,0.79,16.03,0.82,10.0,0.87,5.0,0.18,10.0,0.13,5.0,0.2,26.3,0.21,16.03,0.02,0.02,0.096019,1776307937000
1776307938.937,138.937,0.8,26.3,0.79,16.03,0.82,10.0,0.87,5.0,0.18,10.0,0.13,5.0,0.2,26.3,0.21,16.03,0.02,0.02,0.096017,1776307938000
1776307940.109,140.109,0.8,26.3,0.79,16.03,0.82,10.0,0.87,5.0,0.18,10.0,0.13,5.0,0.2,26.3,0.21,16.03,0.02,0.02,0.096008,1776307939000
1776307941.189,141.189,0.8,26.3,0.79,16.03,0.82,10.0,0.87,5.0,0.18,10.0,0.13,5.0,0.2,26.3,0.21,16.03,0.02,0.02,0.095998,1776307940000
1776307941.531,141.531,0.8,10.0,0.79,0.33,0.82,10.0,0.83,5.0,0.18,10.0,0.13,5.0,0.2,26.3,0.21,16.03,0.02,0.02,0.095998,1776307940000
1776307942.808,142.808,0.8,10.0,0.79,0.33,0.82,10.0,0.83,5.0,0.18,10.0,0.17,5.0,0.2,10.0,0.21,0.33,0.02,0.02,0.096,1776307941000
1776307943.324,143.324,0.8,10.0,0.79,0.33,0.82,10.0,0.83,5.0,0.18,10.0,0.17,5.0,0.2,10.0,0.21,0.33,0.02,0.02,0.095998,1776307942000
1776307943.546,143.546,0.79,0.33,0.78,5.0,0.81,5.0,0.82,15.0,0.18,10.0,0.17,5.0,0.2,10.0,0.21,0.33,0.02,0.02,0.095998,1776307942000
1776307944.339,144.339,0.79,0.33,0.78,5.0,0.81,5.0,0.82,15.0,0.19,5.0,0.18,15.0,0.21,0.33,0.22,5.0,0.02,0.02,0.095992,1776307943000
1776307945.303,145.303,0.79,0.33,0.78,5.0,0.81,5.0,0.82,15.0,0.19,5.0,0.18,15.0,0.21,0.33,0.22,5.0,0.02,0.02,0.095991,1776307944000
1776307946.344,146.344,0.79,0.33,0.78,5.0,0.81,5.0,0.82,15.0,0.19,5.0,0.18,15.0,0.21,0.33,0.22,5.0,0.02,0.02,0.09599,1776307945000
1776307946.928,146.928,0.79,0.33,0.78,5.0,0.81,5.0,0.82,15.0,0.19,5.0,0.18,15.0,0.21,0.33,0.22,5.0,0.02,0.02,0.09599,1776307946000
1776307947.964,147.964,0.79,0.33,0.78,5.0,0.81,5.0,0.82,15.0,0.19,5.0,0.18,15.0,0.21,0.33,0.22,5.0,0.02,0.02,0.095981,1776307947000
1776307948.986,148.986,0.79,0.33,0.78,5.0,0.81,5.0,0.82,15.0,0.19,5.0,0.18,15.0,0.21,0.33,0.22,5.0,0.02,0.02,0.095978,1776307948000
1776307950.115,150.115,0.76,10.15,0.75,5.0,0.79,5.0,0.8,5.0,0.21,5.0,0.2,5.0,0.24,10.15,0.25,5.0,0.03,0.03,0.095975,1776307949000
1776307950.476,150.476,0.76,10.15,0.75,5.0,0.79,5.0,0.8,5.0,0.21,5.0,0.2,5.0,0.24,10.15,0.25,5.0,0.03,0.03,0.095975,1776307949000
1776307951.641,151.641,0.76,10.15,0.75,5.0,0.79,5.0,0.8,5.0,0.21,5.0,0.2,5.0,0.24,10.15,0.25,5.0,0.03,0.03,0.095975,1776307950000
1776307952.303,152.303,0.76,10.15,0.75,5.0,0.79,5.0,0.8,5.0,0.21,5.0,0.2,5.0,0.24,10.15,0.25,5.0,0.03,0.03,0.095976,1776307951000
1776307953.612,153.612,0.76,10.15,0.75,5.0,0.78,5.0,0.79,5.0,0.22,5.0,0.21,5.0,0.24,10.15,0.25,5.0,0.02,0.02,0.095977,1776307952000
1776307954.222,154.222,0.76,10.15,0.75,5.0,0.78,5.0,0.79,5.0,0.22,5.0,0.21,5.0,0.24,10.15,0.25,5.0,0.02,0.02,0.095978,1776307953000
1776307955.447,155.447,0.76,10.15,0.75,5.0,0.78,5.0,0.79,5.0,0.22,5.0,0.21,5.0,0.24,10.15,0.25,5.0,0.02,0.02,0.09598,1776307954000
1776307955.988,155.988,0.79,5.0,0.78,5.0,0.81,5.0,0.82,15.0,0.19,5.0,0.18,15.0,0.21,5.0,0.22,5.0,0.02,0.02,0.095994,1776307955000
1776307957.679,157.679,0.79,5.0,0.78,5.0,0.81,5.0,0.82,15.0,0.19,5.0,0.18,15.0,0.21,5.0,0.22,5.0,0.02,0.02,0.095995,1776307956000
1776307958.296,158.296,0.79,5.0,0.78,5.0,0.81,5.0,0.82,15.0,0.19,5.0,0.18,15.0,0.21,5.0,0.22,5.0,0.02,0.02,0.095995,1776307957000
1776307959.465,159.465,0.79,5.0,0.78,5.0,0.81,5.0,0.82,15.0,0.19,5.0,0.18,15.0,0.21,5.0,0.22,5.0,0.02,0.02,0.095991,1776307958000
1776307960.044,160.044,0.79,5.0,0.78,5.0,0.81,5.0,0.82,15.0,0.19,5.0,0.18,15.0,0.21,5.0,0.22,5.0,0.02,0.02,0.095991,1776307959000
1776307960.484,160.484,0.77,19.7,0.76,19.45,0.78,3.07,0.79,5.0,0.19,5.0,0.18,15.0,0.21,5.0,0.22,5.0,0.01,0.02,0.095991,1776307959000
1776307961.088,161.088,0.77,19.7,0.76,19.45,0.78,3.07,0.79,5.0,0.22,3.07,0.21,5.0,0.23,19.7,0.24,19.45,0.01,0.01,0.09599,1776307960000
1776307962.162,162.162,0.77,19.7,0.76,19.45,0.78,3.07,0.79,5.0,0.22,3.07,0.21,5.0,0.23,19.7,0.24,19.45,0.01,0.01,0.095989,1776307961000
1776307963.353,163.353,0.77,19.7,0.76,19.45,0.78,3.07,0.79,5.0,0.22,3.07,0.21,5.0,0.23,19.7,0.24,19.45,0.01,0.01,0.095986,1776307962000
1776307964.435,164.435,0.77,19.7,0.76,19.45,0.78,3.07,0.79,5.0,0.22,3.07,0.21,5.0,0.23,19.7,0.24,19.45,0.01,0.01,0.095977,1776307963000
1776307965.023,165.023,0.77,19.7,0.76,19.45,0.78,3.07,0.79,5.0,0.22,3.07,0.21,5.0,0.23,19.7,0.24,19.45,0.01,0.01,0.095977,1776307964000
1776307966.119,166.119,0.68,2.81,0.67,5.0,0.77,5.0,0.78,5.0,0.22,3.07,0.21,5.0,0.23,19.7,0.24,19.45,0.09,0.01,0.095977,1776307964000
1776307967.25,167.25,0.68,2.81,0.67,5.0,0.77,5.0,0.78,5.0,0.23,5.0,0.22,5.0,0.32,2.81,0.33,5.0,0.09,0.09,0.095955,1776307966000
1776307968.237,168.237,0.68,2.81,0.67,5.0,0.77,5.0,0.78,5.0,0.23,5.0,0.22,5.0,0.32,2.81,0.33,5.0,0.09,0.09,0.095955,1776307967000
1776307969.402,169.402,0.68,2.81,0.67,5.0,0.77,5.0,0.78,5.0,0.23,5.0,0.22,5.0,0.32,2.81,0.33,5.0,0.09,0.09,0.095947,1776307968000
1776307969.632,169.632,0.67,5.0,0.66,5.0,0.71,5.0,0.72,5.0,0.23,5.0,0.22,5.0,0.32,2.81,0.33,5.0,0.04,0.09,0.095947,1776307968000
1776307969.971,169.971,0.67,5.0,0.66,5.0,0.71,5.0,0.72,5.0,0.29,5.0,0.28,5.0,0.33,5.0,0.34,5.0,0.04,0.04,0.095941,1776307969000
1776307971.108,171.108,0.67,5.0,0.66,5.0,0.71,5.0,0.72,5.0,0.29,5.0,0.28,5.0,0.33,5.0,0.34,5.0,0.04,0.04,0.095937,1776307970000
1776307972.096,172.096,0.67,5.0,0.66,5.0,0.71,5.0,0.72,5.0,0.29,5.0,0.28,5.0,0.33,5.0,0.34,5.0,0.04,0.04,0.095937,1776307971000
1776307973.108,173.108,0.66,5.0,0.65,5.0,0.68,5.0,0.69,5.0,0.32,5.0,0.31,5.0,0.34,5.0,0.35,5.0,0.02,0.02,0.095935,1776307972000
1776307974.145,174.145,0.66,5.0,0.65,5.0,0.68,5.0,0.69,5.0,0.32,5.0,0.31,5.0,0.34,5.0,0.35,5.0,0.02,0.02,0.095936,1776307973000
1776307975.089,175.089,0.66,5.0,0.65,5.0,0.68,5.0,0.69,5.0,0.32,5.0,0.31,5.0,0.34,5.0,0.35,5.0,0.02,0.02,0.095936,1776307974000
1776307975.417,175.417,0.68,5.0,0.67,5.0,0.7,5.0,0.71,5.0,0.32,5.0,0.31,5.0,0.34,5.0,0.35,5.0,0.02,0.02,0.095936,1776307974000
1776307975.697,175.697,0.66,5.0,0.65,5.0,0.69,5.0,0.7,5.0,0.3,5.0,0.29,5.0,0.32,5.0,0.33,5.0,0.03,0.02,0.095936,1776307974000
1776307976.154,176.154,0.66,5.0,0.65,5.0,0.69,5.0,0.7,5.0,0.31,5.0,0.3,5.0,0.34,5.0,0.35,5.0,0.03,0.03,0.095936,1776307975000
1776307977.221,177.221,0.66,5.0,0.65,5.0,0.69,5.0,0.7,5.0,0.31,5.0,0.3,5.0,0.34,5.0,0.35,5.0,0.03,0.03,0.095936,1776307976000
1776307977.486,177.486,0.64,2.0,0.58,5.0,0.65,5.0,0.66,5.0,0.31,5.0,0.3,5.0,0.34,5.0,0.35,5.0,0.01,0.03,0.095936,1776307976000
1776307978.121,178.121,0.64,2.0,0.58,5.0,0.65,5.0,0.66,5.0,0.35,5.0,0.34,5.0,0.36,2.0,0.42,5.0,0.01,0.01,0.09594,1776307977000
1776307978.442,178.442,0.64,2.0,0.6,5.0,0.66,5.0,0.67,5.0,0.35,5.0,0.34,5.0,0.36,2.0,0.42,5.0,0.02,0.01,0.09594,1776307977000
1776307979.223,179.223,0.64,2.0,0.6,5.0,0.66,5.0,0.67,5.0,0.34,5.0,0.33,5.0,0.36,2.0,0.4,5.0,0.02,0.02,0.09593,1776307978000
1776307979.718,179.718,0.64,7.0,0.63,5.0,0.66,0.57,0.67,5.0,0.34,5.0,0.33,5.0,0.36,2.0,0.4,5.0,0.02,0.02,0.09593,1776307978000
1776307980.198,180.198,0.64,7.0,0.63,5.0,0.66,0.57,0.67,5.0,0.34,0.57,0.33,5.0,0.36,7.0,0.37,5.0,0.02,0.02,0.095925,1776307979000
1776307980.76,180.76,0.54,10.0,0.53,10.0,0.65,10.0,0.66,0.57,0.34,0.57,0.33,5.0,0.36,7.0,0.37,5.0,0.11,0.02,0.095925,1776307979000
1776307981.227,181.227,0.54,10.0,0.53,10.0,0.65,10.0,0.66,0.57,0.35,10.0,0.34,0.57,0.46,10.0,0.47,10.0,0.11,0.11,0.095928,1776307980000
1776307981.498,181.498,0.54,10.0,0.53,10.0,0.56,5.0,0.57,5.0,0.35,10.0,0.34,0.57,0.46,10.0,0.47,10.0,0.02,0.11,0.095928,1776307980000
1776307982.089,182.089,0.54,6.91,0.53,10.0,0.55,5.0,0.56,5.0,0.44,5.0,0.43,5.0,0.46,10.0,0.47,10.0,0.01,0.02,0.095928,1776307980000
1776307982.588,182.588,0.54,1.91,0.53,10.0,0.55,5.0,0.56,5.0,0.45,5.0,0.44,5.0,0.46,6.91,0.47,10.0,0.01,0.01,0.095917,1776307981000
1776307982.885,182.885,0.51,10.0,0.5,20.4,0.53,5.0,0.54,5.0,0.47,5.0,0.46,5.0,0.48,0.7,0.49,10.0,0.02,0.01,0.095917,1776307981000
1776307983.365,183.365,0.51,5.0,0.5,20.4,0.52,5.0,0.53,5.0,0.47,5.0,0.46,5.0,0.49,10.0,0.5,20.4,0.01,0.02,0.095917,1776307981000
1776307983.974,183.974,0.5,15.4,0.49,20.4,0.51,50.0,0.52,5.0,0.49,50.0,0.48,5.0,0.5,15.4,0.51,20.4,0.01,0.01,0.095885,1776307983000
1776307984.31,184.31,0.5,13.4,0.49,20.4,0.51,50.0,0.52,10.0,0.49,50.0,0.48,5.0,0.5,15.4,0.51,20.4,0.01,0.01,0.095885,1776307983000
1776307985.351,185.351,0.5,5.4,0.49,20.4,0.51,55.0,0.52,10.0,0.49,50.0,0.48,10.0,0.5,13.4,0.51,20.4,0.01,0.01,0.095885,1776307983000
1776307985.606,185.606,0.5,5.4,0.49,20.4,0.51,35.39,0.52,10.0,0.49,55.0,0.48,10.0,0.5,5.4,0.51,20.4,0.01,0.01,0.095863,1776307984000
1776307986.042,186.042,0.49,20.4,0.48,52.12,0.51,35.39,0.52,10.0,0.49,35.39,0.48,10.0,0.51,20.4,0.52,52.12,0.02,0.02,0.095861,1776307985000
1776307986.73,186.73,0.49,16.62,0.48,52.12,0.5,5.0,0.51,35.39,0.49,35.39,0.48,10.0,0.51,20.4,0.52,52.12,0.01,0.02,0.095861,1776307985000
1776307987.144,187.144,0.49,16.62,0.48,52.12,0.5,5.0,0.51,35.39,0.5,5.0,0.49,35.39,0.51,16.62,0.52,52.12,0.01,0.01,0.095855,1776307986000
1776307987.395,187.395,0.49,0.2,0.48,52.12,0.5,29.94,0.51,35.39,0.5,5.0,0.49,35.39,0.51,16.62,0.52,52.12,0.01,0.01,0.095855,1776307986000
1776307987.774,187.774,0.48,52.12,0.47,10.4,0.5,5.0,0.51,55.39,0.5,29.94,0.49,35.39,0.51,0.2,0.52,52.12,0.02,0.01,0.095855,1776307986000
1776307988.091,188.091,0.48,36.52,0.47,10.4,0.49,12.0,0.5,5.0,0.51,5.0,0.5,5.0,0.52,47.12,0.53,10.4,0.01,0.01,0.095855,1776307986000
1776307988.885,188.885,0.31,2.1,0.3,5.0,0.33,10.0,0.34,5.0,0.59,26.51,0.51,12.0,0.71,10.0,0.72,5.0,0.02,0.12,0.095855,1776307987000
1776307989.217,189.217,0.31,2.1,0.3,5.0,0.33,10.0,0.34,5.0,0.67,10.0,0.66,5.0,0.69,2.1,0.7,5.0,0.02,0.02,0.095858,1776307988000
1776307990.174,190.174,0.31,2.1,0.3,5.0,0.33,10.0,0.34,5.0,0.67,10.0,0.66,5.0,0.69,2.1,0.7,5.0,0.02,0.02,0.095838,1776307989000
1776307990.814,190.814,0.33,3.0,0.32,5.0,0.36,5.0,0.37,5.0,0.67,10.0,0.66,5.0,0.69,2.1,0.7,5.0,0.03,0.02,0.095838,1776307989000
1776307991.142,191.142,0.36,2.65,0.35,5.0,0.39,5.0,0.4,5.0,0.61,5.0,0.6,5.0,0.64,2.65,0.65,5.0,0.03,0.03,0.095826,1776307990000
1776307991.886,191.886,0.36,2.68,0.35,5.0,0.37,5.0,0.38,5.0,0.61,5.0,0.6,5.0,0.64,2.65,0.65,5.0,0.01,0.03,0.095826,1776307990000
1776307992.478,192.478,0.34,5.0,0.33,3.0,0.37,5.0,0.38,5.0,0.63,5.0,0.62,5.0,0.64,2.68,0.65,5.0,0.03,0.01,0.095823,1776307991000
1776307993.086,193.086,0.34,5.0,0.33,3.0,0.37,5.0,0.38,5.0,0.63,5.0,0.62,5.0,0.66,5.0,0.67,3.0,0.03,0.03,0.095818,1776307992000
1776307993.996,193.996,0.34,5.0,0.33,3.0,0.37,5.0,0.38,5.0,0.63,5.0,0.62,5.0,0.66,5.0,0.67,3.0,0.03,0.03,0.095828,1776307993000
1776307994.981,194.981,0.34,5.0,0.33,3.0,0.37,5.0,0.38,5.0,0.63,5.0,0.62,5.0,0.66,5.0,0.67,3.0,0.03,0.03,0.095826,1776307994000
1776307995.944,195.944,0.34,5.0,0.33,3.0,0.37,5.0,0.38,5.0,0.63,5.0,0.62,5.0,0.66,5.0,0.67,3.0,0.03,0.03,0.095826,1776307995000
1776307996.987,196.987,0.34,5.0,0.33,3.0,0.37,5.0,0.38,5.0,0.63,5.0,0.62,5.0,0.66,5.0,0.67,3.0,0.03,0.03,0.095827,1776307996000
1776307997.586,197.586,0.27,5.0,0.26,5.0,0.29,5.0,0.3,5.0,0.63,5.0,0.62,5.0,0.66,5.0,0.67,3.0,0.02,0.03,0.095827,1776307996000
1776307998.515,198.515,0.27,5.0,0.26,5.0,0.29,5.0,0.3,5.0,0.71,5.0,0.7,5.0,0.73,5.0,0.74,5.0,0.02,0.02,0.095826,1776307997000
1776307998.987,198.987,0.27,5.0,0.26,5.0,0.29,5.0,0.3,5.0,0.71,5.0,0.7,5.0,0.73,5.0,0.74,5.0,0.02,0.02,0.09582,1776307998000
1776307999.234,199.234,0.27,5.0,0.26,5.0,0.29,5.0,0.3,5.0,0.71,5.0,0.7,5.0,0.73,5.0,0.74,5.0,0.02,0.02,0.09582,1776307998000
1776307999.707,199.707,0.26,5.0,0.25,5.0,0.28,2.95,0.29,5.0,0.71,5.0,0.7,5.0,0.73,5.0,0.74,5.0,0.02,0.02,0.09582,1776307998000
1776308000.1,200.1,0.26,5.0,0.25,5.0,0.28,2.95,0.29,5.0,0.72,2.95,0.71,5.0,0.74,5.0,0.75,5.0,0.02,0.02,0.09582,1776307999000
1776308001.01,201.01,0.26,5.0,0.25,5.0,0.28,2.95,0.29,5.0,0.72,2.95,0.71,5.0,0.74,5.0,0.75,5.0,0.02,0.02,0.095819,1776308000000
1776308002.069,202.069,0.26,5.0,0.25,5.0,0.28,2.95,0.29,5.0,0.72,2.95,0.71,5.0,0.74,5.0,0.75,5.0,0.02,0.02,0.095817,1776308001000
1776308002.62,202.62,0.25,5.0,0.24,5.0,0.28,10.0,0.29,10.0,0.72,2.95,0.71,5.0,0.74,5.0,0.75,5.0,0.03,0.02,0.095817,1776308001000
1776308003.115,203.115,0.25,5.0,0.24,5.0,0.28,10.0,0.29,10.0,0.72,10.0,0.71,10.0,0.75,5.0,0.76,5.0,0.03,0.03,0.095814,1776308002000
1776308004.097,204.097,0.25,5.0,0.24,5.0,0.28,10.0,0.29,10.0,0.72,10.0,0.71,10.0,0.75,5.0,0.76,5.0,0.03,0.03,0.09581,1776308003000
1776308004.748,204.748,0.23,5.0,0.22,5.0,0.27,10.0,0.28,5.0,0.72,10.0,0.71,10.0,0.75,5.0,0.76,5.0,0.04,0.03,0.09581,1776308003000
1776308005.058,205.058,0.22,4.2,0.21,10.0,0.25,5.0,0.26,5.0,0.75,5.0,0.74,5.0,0.78,4.2,0.79,10.0,0.03,0.03,0.095808,1776308004000
1776308006.159,206.159,0.22,4.2,0.21,10.0,0.25,5.0,0.26,5.0,0.75,5.0,0.74,5.0,0.78,4.2,0.79,10.0,0.03,0.03,0.095803,1776308005000
1776308006.38,206.38,0.22,4.2,0.21,5.0,0.24,5.0,0.25,5.0,0.75,5.0,0.74,5.0,0.78,4.2,0.79,10.0,0.02,0.03,0.095803,1776308005000
1776308007.251,207.251,0.22,4.2,0.21,5.0,0.24,5.0,0.25,5.0,0.76,5.0,0.75,5.0,0.78,4.2,0.79,5.0,0.02,0.02,0.0958,1776308006000
1776308008.346,208.346,0.22,4.2,0.21,5.0,0.24,5.0,0.25,5.0,0.76,5.0,0.75,5.0,0.78,4.2,0.79,5.0,0.02,0.02,0.095801,1776308007000
1776308009.327,209.327,0.22,4.2,0.21,5.0,0.24,5.0,0.25,5.0,0.76,5.0,0.75,5.0,0.78,4.2,0.79,5.0,0.02,0.02,0.095802,1776308008000
1776308010.251,210.251,0.22,4.2,0.21,5.0,0.24,5.0,0.25,5.0,0.76,5.0,0.75,5.0,0.78,4.2,0.79,5.0,0.02,0.02,0.095796,1776308009000
1776308011.443,211.443,0.11,3.89,0.1,5.0,0.13,5.0,0.14,5.0,0.76,5.0,0.75,5.0,0.78,4.2,0.79,5.0,0.02,0.02,0.095796,1776308009000
1776308012.049,212.049,0.11,3.89,0.1,5.0,0.13,5.0,0.14,5.0,0.87,5.0,0.86,5.0,0.89,3.89,0.9,5.0,0.02,0.02,0.095785,1776308010000
1776308012.641,212.641,0.11,3.89,0.1,5.0,0.13,5.0,0.14,5.0,0.87,5.0,0.86,5.0,0.89,3.89,0.9,5.0,0.02,0.02,0.095785,1776308011000
1776308013.274,213.274,0.11,3.89,0.1,5.0,0.13,5.0,0.14,5.0,0.87,5.0,0.86,5.0,0.89,3.89,0.9,5.0,0.02,0.02,0.095773,1776308012000
1776308014.494,214.494,0.11,3.89,0.1,5.0,0.13,5.0,0.14,5.0,0.87,5.0,0.86,5.0,0.89,3.89,0.9,5.0,0.02,0.02,0.095738,1776308013000
1776308015.021,215.021,0.11,3.89,0.1,5.0,0.13,5.0,0.14,5.0,0.87,5.0,0.86,5.0,0.89,3.89,0.9,5.0,0.02,0.02,0.095739,1776308014000
1776308015.501,215.501,0.11,3.71,0.1,5.0,0.13,5.0,0.14,26.6,0.87,5.0,0.86,5.0,0.89,3.89,0.9,5.0,0.02,0.02,0.095739,1776308014000
1776308016.184,216.184,0.11,3.71,0.1,5.0,0.13,5.0,0.14,26.6,0.87,5.0,0.86,26.6,0.89,3.71,0.9,5.0,0.02,0.02,0.095742,1776308015000
1776308017.278,217.278,0.11,3.71,0.1,5.0,0.13,5.0,0.14,26.6,0.87,5.0,0.86,26.6,0.89,3.71,0.9,5.0,0.02,0.02,0.095746,1776308016000
1776308017.714,217.714,0.03,83.16,0.02,165.74,0.06,5.0,0.07,5.0,0.87,5.0,0.86,26.6,0.89,3.71,0.9,5.0,0.03,0.02,0.095746,1776308016000
1776308018.068,218.068,0.03,83.16,0.02,165.74,0.04,3.73,0.05,5.0,0.94,5.0,0.93,5.0,0.97,83.16,0.98,165.74,0.01,0.03,0.095746,1776308016000
1776308018.38,218.38,0.03,78.0,0.02,165.74,0.04,3.73,0.05,5.0,0.96,3.73,0.95,5.0,0.97,83.16,0.98,165.74,0.01,0.01,0.095746,1776308016000
1776308018.6,218.6,0.03,73.0,0.02,165.74,0.04,3.73,0.05,5.0,0.96,3.73,0.95,5.0,0.97,73.0,0.98,165.74,0.01,0.01,0.095735,1776308017000
1776308019.165,219.165,0.03,73.0,0.02,165.74,0.04,3.73,0.05,5.0,0.96,3.73,0.95,5.0,0.97,73.0,0.98,165.74,0.01,0.01,0.095723,1776308018000
1776308019.424,219.424,0.02,28.05,0.01,5529.19,0.03,48.4,0.04,3.73,0.96,3.73,0.95,5.0,0.97,3.15,0.98,28.05,0.01,0.01,0.095723,1776308018000
1776308019.969,219.969,0.02,160.74,0.01,5529.19,0.03,5.4,0.04,3.73,0.97,48.4,0.96,3.73,0.98,28.05,0.99,5529.19,0.01,0.01,0.095723,1776308018000
1776308020.198,220.198,0.02,160.74,0.01,5529.19,0.03,5.4,0.04,3.73,0.97,5.4,0.96,3.73,0.98,160.74,0.99,5529.19,0.01,0.01,0.095706,1776308019000
1776308021.259,221.259,0.02,160.74,0.01,5529.19,0.03,5.4,0.04,3.73,0.97,5.4,0.96,3.73,0.98,160.74,0.99,5529.19,0.01,0.01,0.095693,1776308020000
1776308022.504,222.504,0.02,160.74,0.01,5529.19,0.04,71.43,0.05,59.7,0.96,71.43,0.95,59.7,0.98,160.74,0.99,5529.19,0.02,0.02,0.095693,1776308021000
1776308023.078,223.078,0.02,160.74,0.01,5529.19,0.04,71.43,0.05,59.7,0.96,71.43,0.95,59.7,0.98,160.74,0.99,5529.19,0.02,0.02,0.095692,1776308022000
1776308024.188,224.188,0.02,160.74,0.01,5529.19,0.04,71.43,0.05,59.7,0.96,71.43,0.95,59.7,0.98,160.74,0.99,5529.19,0.02,0.02,0.09568,1776308023000
1776308025.298,225.298,0.02,160.74,0.01,5529.19,0.04,71.43,0.05,59.7,0.96,71.43,0.95,59.7,0.98,160.74,0.99,5529.19,0.02,0.02,0.095678,1776308024000
1776308025.931,225.931,0.02,24.6,0.01,5534.19,0.03,94.3,0.04,71.43,0.96,71.43,0.95,59.7,0.98,160.74,0.99,5529.19,0.01,0.02,0.095678,1776308024000
1776308026.603,226.603,0.02,23.37,0.01,5534.19,0.03,94.3,0.04,71.43,0.97,94.3,0.96,71.43,0.98,24.6,0.99,5534.19,0.01,0.01,0.095678,1776308024000
1776308026.817,226.817,0.02,23.37,0.01,5534.19,0.03,94.3,0.04,71.43,0.97,94.3,0.96,71.43,0.98,23.37,0.99,5534.19,0.01,0.01,0.095678,1776308025000
1776308027.499,227.499,0.02,23.37,0.01,5534.19,0.03,94.3,0.04,71.43,0.97,94.3,0.96,71.43,0.98,23.37,0.99,5534.19,0.01,0.01,0.09568,1776308026000
1776308028.05,228.05,0.02,23.37,0.01,5534.19,0.03,94.3,0.04,71.43,0.97,94.3,0.96,71.43,0.98,23.37,0.99,5534.19,0.01,0.01,0.095678,1776308027000
1776308028.825,228.825,0.03,0.87,0.02,23.37,0.04,67.7,0.05,54.7,0.97,94.3,0.96,71.43,0.98,23.37,0.99,5534.19,0.01,0.01,0.095678,1776308027000
1776308029.728,229.728,0.03,0.87,0.02,23.37,0.04,67.7,0.05,54.7,0.96,67.7,0.95,54.7,0.97,0.87,0.98,23.37,0.01,0.01,0.095679,1776308028000
1776308030.335,230.335,0.03,0.87,0.02,23.37,0.04,67.7,0.05,54.7,0.96,67.7,0.95,54.7,0.97,0.87,0.98,23.37,0.01,0.01,0.095686,1776308029000
1776308031.627,231.627,0.03,0.87,0.02,23.37,0.04,67.7,0.05,54.7,0.96,67.7,0.95,54.7,0.97,0.87,0.98,23.37,0.01,0.01,0.095697,1776308030000
1776308032.281,232.281,0.03,0.87,0.02,23.37,0.04,67.7,0.05,54.7,0.96,67.7,0.95,54.7,0.97,0.87,0.98,23.37,0.01,0.01,0.095701,1776308031000
1776308033.585,233.585,0.08,3.46,0.07,5.0,0.09,31.7,0.1,28.9,0.96,67.7,0.95,54.7,0.97,0.87,0.98,23.37,0.01,0.01,0.095701,1776308031000
1776308034.298,234.298,0.08,3.46,0.07,5.0,0.09,31.7,0.1,28.9,0.91,31.7,0.9,28.9,0.92,3.46,0.93,5.0,0.01,0.01,0.095729,1776308033000
1776308034.621,234.621,0.08,1.28,0.07,5.0,0.09,31.7,0.1,33.9,0.91,31.7,0.9,28.9,0.92,3.46,0.93,5.0,0.01,0.01,0.095729,1776308033000
1776308035.662,235.662,0.08,1.28,0.07,5.0,0.09,31.7,0.1,33.9,0.91,31.7,0.9,33.9,0.92,1.28,0.93,5.0,0.01,0.01,0.095742,1776308034000
1776308036.232,236.232,0.08,1.28,0.07,5.0,0.1,28.9,0.11,54.6,0.9,28.9,0.89,54.6,0.92,1.28,0.93,5.0,0.02,0.02,0.095743,1776308035000
1776308037.53,237.53,0.08,1.28,0.07,5.0,0.1,28.9,0.11,54.6,0.9,28.9,0.89,54.6,0.92,1.28,0.93,5.0,0.02,0.02,0.095742,1776308036000
1776308038.023,238.023,0.08,1.28,0.07,5.0,0.1,28.9,0.11,54.6,0.9,28.9,0.89,54.6,0.92,1.28,0.93,5.0,0.02,0.02,0.095754,1776308037000
1776308039.584,239.584,0.08,1.28,0.07,5.0,0.1,28.9,0.11,54.6,0.9,28.9,0.89,54.6,0.92,1.28,0.93,5.0,0.02,0.02,0.095757,1776308038000
1776308040.199,240.199,0.08,1.28,0.07,5.0,0.1,28.9,0.11,54.6,0.9,28.9,0.89,54.6,0.92,1.28,0.93,5.0,0.02,0.02,0.095757,1776308039000
1776308041.335,241.335,0.06,3.0,0.05,5.0,0.07,44.9,0.08,40.29,0.9,28.9,0.89,54.6,0.92,1.28,0.93,5.0,0.01,0.02,0.095757,1776308039000
1776308041.86,241.86,0.06,3.0,0.05,5.0,0.07,44.9,0.08,40.29,0.93,44.9,0.92,40.29,0.94,3.0,0.95,5.0,0.01,0.01,0.095746,1776308040000
1776308042.226,242.226,0.09,5.0,0.08,5.0,0.11,49.6,0.12,29.6,0.93,44.9,0.92,40.29,0.94,3.0,0.95,5.0,0.02,0.01,0.095746,1776308040000
1776308042.927,242.927,0.11,27.0,0.1,5.0,0.12,5.0,0.13,5.0,0.9,5.0,0.89,54.6,0.91,3.9,0.92,5.0,0.01,0.01,0.095745,1776308041000
1776308043.322,243.322,0.11,27.0,0.1,5.0,0.12,5.0,0.13,5.0,0.88,5.0,0.87,5.0,0.89,27.0,0.9,5.0,0.01,0.01,0.095741,1776308042000
1776308044.476,244.476,0.11,27.0,0.1,5.0,0.12,5.0,0.13,5.0,0.88,5.0,0.87,5.0,0.89,27.0,0.9,5.0,0.01,0.01,0.095756,1776308043000
1776308044.78,244.78,0.14,3.83,0.13,5.0,0.15,5.0,0.16,5.0,0.88,5.0,0.87,5.0,0.89,27.0,0.9,5.0,0.01,0.01,0.095756,1776308043000
1776308046.094,246.094,0.13,4.07,0.12,5.0,0.14,5.0,0.15,5.0,0.85,5.0,0.84,5.0,0.86,3.83,0.87,5.0,0.01,0.01,0.095774,1776308044000
1776308047.215,247.215,0.13,4.07,0.12,5.0,0.14,5.0,0.15,5.0,0.86,5.0,0.85,5.0,0.87,4.07,0.88,5.0,0.01,0.01,0.0958,1776308046000
1776308048.432,248.432,0.13,4.07,0.12,5.0,0.14,5.0,0.15,5.0,0.86,5.0,0.85,5.0,0.87,4.07,0.88,5.0,0.01,0.01,0.095803,1776308047000
1776308049.3,249.3,0.13,4.07,0.12,5.0,0.16,5.0,0.17,5.0,0.86,5.0,0.85,5.0,0.87,4.07,0.88,5.0,0.03,0.01,0.095803,1776308047000
1776308049.976,249.976,0.13,4.07,0.12,5.0,0.16,5.0,0.17,5.0,0.84,5.0,0.83,5.0,0.87,4.07,0.88,5.0,0.03,0.03,0.095808,1776308049000
1776308051.02,251.02,0.11,25.47,0.1,28.9,0.15,5.0,0.16,5.0,0.84,5.0,0.83,5.0,0.87,4.07,0.88,5.0,0.04,0.03,0.095808,1776308049000
1776308052.248,252.248,0.11,25.47,0.1,28.9,0.15,5.0,0.16,5.0,0.85,5.0,0.84,5.0,0.89,25.47,0.9,28.9,0.04,0.04,0.09582,1776308051000
1776308053.346,253.346,0.11,25.47,0.1,28.9,0.15,5.0,0.16,5.0,0.85,5.0,0.84,5.0,0.89,25.47,0.9,28.9,0.04,0.04,0.095808,1776308052000
1776308053.971,253.971,0.11,25.47,0.1,28.9,0.15,5.0,0.16,5.0,0.85,5.0,0.84,5.0,0.89,25.47,0.9,28.9,0.04,0.04,0.095805,1776308053000
1776308055.116,255.116,0.11,25.47,0.1,28.9,0.15,5.0,0.16,5.0,0.85,5.0,0.84,5.0,0.89,25.47,0.9,28.9,0.04,0.04,0.095808,1776308054000
1776308056.181,256.181,0.11,25.47,0.1,28.9,0.15,5.0,0.16,5.0,0.85,5.0,0.84,5.0,0.89,25.47,0.9,28.9,0.04,0.04,0.095815,1776308055000
1776308057.35,257.35,0.11,25.47,0.1,28.9,0.15,5.0,0.16,5.0,0.85,5.0,0.84,5.0,0.89,25.47,0.9,28.9,0.04,0.04,0.095825,1776308056000
1776308058.9,258.9,0.11,25.47,0.1,28.9,0.15,5.0,0.16,5.0,0.85,5.0,0.84,5.0,0.89,25.47,0.9,28.9,0.04,0.04,0.095831,1776308057000
1776308059.409,259.409,0.21,8.73,0.2,5.0,0.23,5.0,0.24,5.0,0.85,5.0,0.84,5.0,0.89,25.47,0.9,28.9,0.02,0.04,0.095831,1776308057000
1776308059.855,259.855,0.21,8.73,0.2,5.0,0.23,5.0,0.24,5.0,0.77,5.0,0.76,5.0,0.79,8.73,0.8,5.0,0.02,0.02,0.095833,1776308059000
1776308060.854,260.854,0.21,8.73,0.2,5.0,0.23,5.0,0.24,5.0,0.77,5.0,0.76,5.0,0.79,8.73,0.8,5.0,0.02,0.02,0.095841,1776308060000
1776308062.326,262.326,0.21,8.73,0.2,5.0,0.23,5.0,0.24,5.0,0.77,5.0,0.76,5.0,0.79,8.73,0.8,5.0,0.02,0.02,0.095845,1776308061000
1776308063.326,263.326,0.21,8.73,0.2,5.0,0.23,5.0,0.24,5.0,0.77,5.0,0.76,5.0,0.79,8.73,0.8,5.0,0.02,0.02,0.095846,1776308062000
1776308064.313,264.313,0.29,3.25,0.28,5.0,0.32,1.84,0.33,5.0,0.68,1.84,0.67,5.0,0.71,3.25,0.72,5.0,0.03,0.03,0.09585,1776308063000
1776308065.344,265.344,0.29,3.25,0.28,5.0,0.32,1.84,0.33,5.0,0.68,1.84,0.67,5.0,0.71,3.25,0.72,5.0,0.03,0.03,0.095858,1776308064000
1776308065.562,265.562,0.27,2.94,0.26,5.0,0.28,5.0,0.29,5.0,0.68,1.84,0.67,5.0,0.71,3.25,0.72,5.0,0.01,0.03,0.095858,1776308064000
1776308066.318,266.318,0.27,2.94,0.26,5.0,0.28,5.0,0.29,5.0,0.72,5.0,0.71,5.0,0.73,2.94,0.74,5.0,0.01,0.01,0.095861,1776308065000
1776308067.31,267.31,0.27,2.94,0.26,5.0,0.28,5.0,0.29,5.0,0.72,5.0,0.71,5.0,0.73,2.94,0.74,5.0,0.01,0.01,0.095859,1776308066000
1776308068.309,268.309,0.27,2.94,0.26,5.0,0.28,5.0,0.29,5.0,0.72,5.0,0.71,5.0,0.73,2.94,0.74,5.0,0.01,0.01,0.095858,1776308067000
1776308069.349,269.349,0.27,2.94,0.26,5.0,0.28,5.0,0.29,5.0,0.72,5.0,0.71,5.0,0.73,2.94,0.74,5.0,0.01,0.01,0.095855,1776308068000
1776308070.321,270.321,0.27,2.94,0.26,5.0,0.28,5.0,0.29,5.0,0.72,5.0,0.71,5.0,0.73,2.94,0.74,5.0,0.01,0.01,0.095859,1776308069000
1776308072.095,272.095,0.27,2.94,0.26,5.0,0.28,5.0,0.29,5.0,0.72,5.0,0.71,5.0,0.73,2.94,0.74,5.0,0.01,0.01,0.095856,1776308071000
1776308073.124,273.124,0.27,2.94,0.26,5.0,0.28,5.0,0.29,5.0,0.72,5.0,0.71,5.0,0.73,2.94,0.74,5.0,0.01,0.01,0.095854,1776308072000
1776308074.346,274.346,0.27,2.94,0.26,5.0,0.28,5.0,0.29,5.0,0.72,5.0,0.71,5.0,0.73,2.94,0.74,5.0,0.01,0.01,0.095854,1776308073000
1776308074.985,274.985,0.27,2.94,0.26,5.0,0.28,5.0,0.29,5.0,0.72,5.0,0.71,5.0,0.73,2.94,0.74,5.0,0.01,0.01,0.095856,1776308074000
1776308075.687,275.687,0.29,5.0,0.28,5.0,0.31,0.25,0.32,5.0,0.72,5.0,0.71,5.0,0.73,2.94,0.74,5.0,0.02,0.01,0.095856,1776308074000
1776308076.039,276.039,0.29,5.0,0.28,5.0,0.31,0.25,0.32,5.0,0.69,0.25,0.68,5.0,0.71,5.0,0.72,5.0,0.02,0.02,0.095858,1776308075000
1776308077.181,277.181,0.28,2.22,0.27,10.0,0.29,5.0,0.3,5.0,0.71,5.0,0.7,5.0,0.72,2.22,0.73,10.0,0.01,0.01,0.095861,1776308076000
1776308078.188,278.188,0.35,10.0,0.34,10.0,0.38,2.05,0.39,5.0,0.71,5.0,0.7,5.0,0.72,2.22,0.73,10.0,0.03,0.01,0.095861,1776308076000
1776308078.566,278.566,0.39,5.0,0.38,5.0,0.41,2.99,0.42,5.0,0.61,3.91,0.6,5.0,0.62,5.0,0.63,5.0,0.02,0.01,0.095864,1776308077000
1776308079.356,279.356,0.39,5.0,0.38,5.0,0.41,2.99,0.42,5.0,0.59,2.99,0.58,5.0,0.61,5.0,0.62,5.0,0.02,0.02,0.095864,1776308078000
1776308079.941,279.941,0.39,5.0,0.38,5.0,0.41,2.99,0.42,5.0,0.59,2.99,0.58,5.0,0.61,5.0,0.62,5.0,0.02,0.02,0.095874,1776308079000
1776308081.023,281.023,0.39,5.0,0.38,5.0,0.41,2.99,0.42,5.0,0.59,2.99,0.58,5.0,0.61,5.0,0.62,5.0,0.02,0.02,0.095877,1776308080000
1776308082.022,282.022,0.39,5.0,0.38,5.0,0.41,2.99,0.42,5.0,0.59,2.99,0.58,5.0,0.61,5.0,0.62,5.0,0.02,0.02,0.095877,1776308081000
1776308082.902,282.902,0.38,5.0,0.37,5.0,0.47,3.08,0.48,5.0,0.59,2.99,0.58,5.0,0.61,5.0,0.62,5.0,0.09,0.02,0.095877,1776308081000
1776308084.158,284.158,0.38,5.0,0.37,5.0,0.47,3.08,0.48,5.0,0.53,3.08,0.52,5.0,0.62,5.0,0.63,5.0,0.09,0.09,0.095879,1776308083000
1776308085.311,285.311,0.38,5.0,0.37,5.0,0.47,3.08,0.48,5.0,0.53,3.08,0.52,5.0,0.62,5.0,0.63,5.0,0.09,0.09,0.095879,1776308084000
1776308086.586,286.586,0.38,5.0,0.37,5.0,0.47,3.08,0.48,5.0,0.53,3.08,0.52,5.0,0.62,5.0,0.63,5.0,0.09,0.09,0.09587,1776308085000
1776308088.17,288.17,0.38,5.0,0.37,5.0,0.47,3.08,0.48,5.0,0.53,3.08,0.52,5.0,0.62,5.0,0.63,5.0,0.09,0.09,0.09587,1776308086000
1776308089.024,289.024,0.18,5.0,0.17,5.0,0.27,5.0,0.29,5.0,0.73,5.0,0.71,5.0,0.82,5.0,0.83,5.0,0.09,0.09,0.095871,1776308087000
1776308089.773,289.773,0.18,5.0,0.17,5.0,0.27,5.0,0.29,5.0,0.73,5.0,0.71,5.0,0.82,5.0,0.83,5.0,0.09,0.09,0.095871,1776308088000
1776308092.688,292.688,0.1,2.61,0.09,5.0,0.14,5.0,0.15,5.0,0.73,5.0,0.71,5.0,0.82,5.0,0.83,5.0,0.04,0.09,0.09586,1776308090000
1776308093.144,293.144,0.06,2.2,0.05,5.0,0.09,5.0,0.11,5.0,0.86,5.0,0.85,5.0,0.9,2.61,0.91,5.0,0.03,0.04,0.095853,1776308091000
1776308093.462,293.462,0.02,10.31,0.01,394.59,0.07,5.0,0.08,5.0,0.91,5.0,0.89,5.0,0.94,2.2,0.95,5.0,0.05,0.03,0.095853,1776308091000
1776308094.053,294.053,0.02,5.31,0.01,239.59,0.04,5.0,0.05,5.0,0.93,5.0,0.92,5.0,0.98,10.31,0.99,394.59,0.02,0.05,0.095847,1776308092000
1776308094.549,294.549,0.01,113.73,,,0.03,5.0,0.04,5.0,0.96,5.0,0.95,5.0,0.98,5.31,0.99,239.59,0.02,0.02,0.095851,1776308093000
1776308095.284,295.284,0.01,108.68,,,0.02,5.0,0.03,5.0,0.97,5.0,0.96,5.0,0.99,113.73,,,0.01,0.02,0.095851,1776308093000
1776308095.653,295.653,0.01,97.56,,,0.02,5.0,0.03,5.0,0.98,5.0,0.97,5.0,0.99,108.68,,,0.01,0.01,0.095851,1776308093000
1776308095.854,295.854,0.01,87.56,,,0.02,5.0,0.03,5.0,0.98,5.0,0.97,5.0,0.99,97.56,,,0.01,0.01,0.095845,1776308094000
1776308096.182,296.182,0.01,71.26,,,0.02,5.0,0.03,5.0,0.98,5.0,0.97,5.0,0.99,76.44,,,0.01,0.01,0.095845,1776308094000
1776308096.413,296.413,0.01,70.24,,,0.02,5.0,0.03,5.0,0.98,5.0,0.97,5.0,0.99,71.26,,,0.01,0.01,0.095845,1776308094000
1776308097.322,297.322,0.01,30.74,,,0.02,5.0,0.03,5.0,0.98,5.0,0.97,5.0,0.99,44.89,,,0.01,0.01,0.095832,1776308095000
1776308097.781,297.781,,,,,0.01,96.2,0.02,5.0,0.98,5.0,0.97,5.0,,,,,,,0.095832,1776308096000

# RESULT,winner=Down,slug=doge-updown-5m-1776307800,ticks=358
