timestamp,elapsed_sec,up_bid_p1,up_bid_s1,up_bid_p2,up_bid_s2,up_bid_p3,up_bid_s3,up_bid_p4,up_bid_s4,up_bid_p5,up_bid_s5,up_ask_p1,up_ask_s1,up_ask_p2,up_ask_s2,up_ask_p3,up_ask_s3,up_ask_p4,up_ask_s4,up_ask_p5,up_ask_s5,down_bid_p1,down_bid_s1,down_bid_p2,down_bid_s2,down_bid_p3,down_bid_s3,down_bid_p4,down_bid_s4,down_bid_p5,down_bid_s5,down_ask_p1,down_ask_s1,down_ask_p2,down_ask_s2,down_ask_p3,down_ask_s3,down_ask_p4,down_ask_s4,down_ask_p5,down_ask_s5,up_spread,down_spread,doge_price,doge_oracle_ts
1776166200.949,0.949,0.5,24.56,0.41,13.0,0.4,8.0,0.39,8.0,0.38,8.0,0.59,13.0,0.6,8.0,0.61,8.0,0.62,8.0,0.63,189.0,0.41,13.0,0.4,8.0,0.39,8.0,0.38,8.0,0.37,189.0,0.5,24.56,0.59,13.0,0.6,8.0,0.61,8.0,0.62,8.0,0.09,0.09,0.094156,1776166200000
1776166202.023,2.023,0.5,24.56,0.41,13.0,0.4,8.0,0.39,8.0,0.38,8.0,0.59,13.0,0.6,8.0,0.61,8.0,0.62,8.0,0.63,189.0,0.41,13.0,0.4,8.0,0.39,8.0,0.38,8.0,0.37,189.0,0.5,24.56,0.59,13.0,0.6,8.0,0.61,8.0,0.62,8.0,0.09,0.09,0.094152,1776166201000
1776166202.93,2.93,0.5,24.56,0.41,13.0,0.4,8.0,0.39,8.0,0.38,8.0,0.59,13.0,0.6,8.0,0.61,8.0,0.62,8.0,0.63,189.0,0.41,13.0,0.4,8.0,0.39,8.0,0.38,8.0,0.37,189.0,0.5,24.56,0.59,13.0,0.6,8.0,0.61,8.0,0.62,8.0,0.09,0.09,0.094144,1776166202000
1776166204.856,4.856,0.33,315.0,0.31,375.0,0.27,450.0,0.25,600.0,0.21,750.0,0.54,10.0,0.67,300.0,0.69,375.0,0.73,450.0,0.75,600.0,0.46,10.0,0.33,300.0,0.31,375.0,0.27,450.0,0.25,600.0,0.67,315.0,0.69,375.0,0.73,450.0,0.75,600.0,0.79,750.0,0.21,0.21,0.094111,1776166203000
1776166205.369,5.369,0.33,315.0,0.31,375.0,0.27,450.0,0.25,600.0,0.21,750.0,0.54,10.0,0.67,300.0,0.69,375.0,0.73,450.0,0.75,600.0,0.46,10.0,0.33,300.0,0.31,375.0,0.27,450.0,0.25,600.0,0.67,315.0,0.69,375.0,0.73,450.0,0.75,600.0,0.79,750.0,0.21,0.21,0.094123,1776166204000
1776166205.916,5.916,0.33,315.0,0.31,375.0,0.27,450.0,0.25,600.0,0.21,750.0,0.54,10.0,0.67,300.0,0.69,375.0,0.73,450.0,0.75,600.0,0.46,10.0,0.33,300.0,0.31,375.0,0.27,450.0,0.25,600.0,0.67,315.0,0.69,375.0,0.73,450.0,0.75,600.0,0.79,750.0,0.21,0.21,0.094123,1776166205000
1776166207.008,7.008,0.33,315.0,0.31,375.0,0.27,450.0,0.25,600.0,0.21,750.0,0.54,10.0,0.67,300.0,0.69,375.0,0.73,450.0,0.75,600.0,0.46,10.0,0.33,300.0,0.31,375.0,0.27,450.0,0.25,600.0,0.67,315.0,0.69,375.0,0.73,450.0,0.75,600.0,0.79,750.0,0.21,0.21,0.094103,1776166206000
1776166208.151,8.151,0.33,315.0,0.31,375.0,0.27,450.0,0.25,600.0,0.21,750.0,0.54,10.0,0.67,300.0,0.69,375.0,0.73,450.0,0.75,600.0,0.46,10.0,0.33,300.0,0.31,375.0,0.27,450.0,0.25,600.0,0.67,315.0,0.69,375.0,0.73,450.0,0.75,600.0,0.79,750.0,0.21,0.21,0.094086,1776166207000
1776166209.227,9.227,0.33,315.0,0.31,375.0,0.27,450.0,0.25,600.0,0.21,750.0,0.54,10.0,0.67,300.0,0.69,375.0,0.73,450.0,0.75,600.0,0.46,10.0,0.33,300.0,0.31,375.0,0.27,450.0,0.25,600.0,0.67,315.0,0.69,375.0,0.73,450.0,0.75,600.0,0.79,750.0,0.21,0.21,0.09408,1776166208000
1776166209.575,9.575,0.41,5.0,0.4,5.0,0.33,15.0,0.31,50.0,0.21,800.0,0.52,4.19,0.53,5.43,0.56,11.0,0.61,50.0,0.71,50.0,0.46,10.0,0.33,300.0,0.31,375.0,0.27,450.0,0.25,600.0,0.67,315.0,0.69,375.0,0.73,450.0,0.75,600.0,0.79,750.0,0.11,0.21,0.09408,1776166208000
1776166210.503,10.503,0.41,5.0,0.4,5.0,0.33,15.0,0.31,50.0,0.21,800.0,0.52,4.19,0.53,5.43,0.56,11.0,0.61,50.0,0.71,50.0,0.48,4.19,0.47,5.43,0.44,11.0,0.39,50.0,0.29,50.0,0.59,5.0,0.6,5.0,0.67,15.0,0.69,50.0,0.79,800.0,0.11,0.11,0.094076,1776166209000
1776166210.995,10.995,0.41,5.0,0.4,5.0,0.33,15.0,0.31,50.0,0.21,800.0,0.52,4.19,0.53,5.43,0.56,11.0,0.61,50.0,0.71,50.0,0.48,4.19,0.47,5.43,0.44,11.0,0.39,50.0,0.29,50.0,0.59,5.0,0.6,5.0,0.67,15.0,0.69,50.0,0.79,800.0,0.11,0.11,0.094076,1776166210000
1776166212.188,12.188,0.31,2.53,0.26,19.0,0.24,10.0,0.23,10.0,0.22,10.0,0.44,12.92,0.46,5.0,0.47,9.0,0.48,10.0,0.49,10.0,0.48,4.19,0.47,5.43,0.44,11.0,0.39,50.0,0.29,50.0,0.59,5.0,0.6,5.0,0.67,15.0,0.69,50.0,0.79,800.0,0.13,0.11,0.094076,1776166210000
1776166213.51,13.51,0.31,2.53,0.26,19.0,0.24,10.0,0.23,10.0,0.22,10.0,0.44,12.92,0.46,5.0,0.47,9.0,0.48,10.0,0.49,10.0,0.56,12.92,0.54,5.0,0.53,9.0,0.52,10.0,0.51,10.0,0.69,2.53,0.74,19.0,0.76,10.0,0.77,10.0,0.78,10.0,0.13,0.13,0.094087,1776166212000
1776166214.045,14.045,0.31,2.53,0.26,19.0,0.24,10.0,0.23,10.0,0.22,10.0,0.44,12.92,0.46,5.0,0.47,9.0,0.48,10.0,0.49,10.0,0.56,12.92,0.54,5.0,0.53,9.0,0.52,10.0,0.51,10.0,0.69,2.53,0.74,19.0,0.76,10.0,0.77,10.0,0.78,10.0,0.13,0.13,0.094075,1776166213000
1776166215.258,15.258,0.31,2.53,0.26,19.0,0.24,10.0,0.23,10.0,0.22,10.0,0.44,12.92,0.46,5.0,0.47,9.0,0.48,10.0,0.49,10.0,0.56,12.92,0.54,5.0,0.53,9.0,0.52,10.0,0.51,10.0,0.69,2.53,0.74,19.0,0.76,10.0,0.77,10.0,0.78,10.0,0.13,0.13,0.094073,1776166214000
1776166215.866,15.866,0.31,2.53,0.26,19.0,0.24,10.0,0.23,10.0,0.22,10.0,0.44,12.92,0.46,5.0,0.47,9.0,0.48,10.0,0.49,10.0,0.56,12.92,0.54,5.0,0.53,9.0,0.52,10.0,0.51,10.0,0.69,2.53,0.74,19.0,0.76,10.0,0.77,10.0,0.78,10.0,0.13,0.13,0.094082,1776166215000
1776166217.064,17.064,0.31,2.53,0.26,19.0,0.24,10.0,0.23,10.0,0.22,10.0,0.44,12.92,0.46,5.0,0.47,9.0,0.48,10.0,0.49,10.0,0.56,12.92,0.54,5.0,0.53,9.0,0.52,10.0,0.51,10.0,0.69,2.53,0.74,19.0,0.76,10.0,0.77,10.0,0.78,10.0,0.13,0.13,0.094079,1776166216000
1776166218.086,18.086,0.31,2.53,0.26,19.0,0.24,10.0,0.23,10.0,0.22,10.0,0.44,12.92,0.46,5.0,0.47,9.0,0.48,10.0,0.49,10.0,0.56,12.92,0.54,5.0,0.53,9.0,0.52,10.0,0.51,10.0,0.69,2.53,0.74,19.0,0.76,10.0,0.77,10.0,0.78,10.0,0.13,0.13,0.094085,1776166217000
1776166219.768,19.768,0.31,2.53,0.26,19.0,0.24,10.0,0.23,10.0,0.22,10.0,0.44,12.92,0.46,5.0,0.47,9.0,0.48,10.0,0.49,10.0,0.56,12.92,0.54,5.0,0.53,9.0,0.52,10.0,0.51,10.0,0.69,2.53,0.74,19.0,0.76,10.0,0.77,10.0,0.78,10.0,0.13,0.13,0.094079,1776166218000
1776166221.366,21.366,0.31,2.53,0.26,19.0,0.24,10.0,0.23,10.0,0.22,10.0,0.44,12.92,0.46,5.0,0.47,9.0,0.48,10.0,0.49,10.0,0.56,12.92,0.54,5.0,0.53,9.0,0.52,10.0,0.51,10.0,0.69,2.53,0.74,19.0,0.76,10.0,0.77,10.0,0.78,10.0,0.13,0.13,0.094079,1776166219000
1776166222.104,22.104,0.31,2.53,0.26,19.0,0.24,10.0,0.23,10.0,0.22,10.0,0.44,12.92,0.46,5.0,0.47,9.0,0.48,10.0,0.49,10.0,0.56,12.92,0.54,5.0,0.53,9.0,0.52,10.0,0.51,10.0,0.69,2.53,0.74,19.0,0.76,10.0,0.77,10.0,0.78,10.0,0.13,0.13,0.094089,1776166221000
1776166223.679,23.679,0.31,2.53,0.26,19.0,0.24,10.0,0.23,10.0,0.22,10.0,0.44,12.92,0.46,5.0,0.47,9.0,0.48,10.0,0.49,10.0,0.56,12.92,0.54,5.0,0.53,9.0,0.52,10.0,0.51,10.0,0.69,2.53,0.74,19.0,0.76,10.0,0.77,10.0,0.78,10.0,0.13,0.13,0.094079,1776166222000
1776166224.462,24.462,0.31,2.53,0.26,19.0,0.24,10.0,0.23,10.0,0.22,10.0,0.44,12.92,0.46,5.0,0.47,9.0,0.48,10.0,0.49,10.0,0.56,12.92,0.54,5.0,0.53,9.0,0.52,10.0,0.51,10.0,0.69,2.53,0.74,19.0,0.76,10.0,0.77,10.0,0.78,10.0,0.13,0.13,0.094078,1776166223000
1776166225.213,25.213,0.31,2.53,0.26,19.0,0.24,10.0,0.23,10.0,0.22,10.0,0.44,12.92,0.46,5.0,0.47,9.0,0.48,10.0,0.49,10.0,0.56,12.92,0.54,5.0,0.53,9.0,0.52,10.0,0.51,10.0,0.69,2.53,0.74,19.0,0.76,10.0,0.77,10.0,0.78,10.0,0.13,0.13,0.094078,1776166224000
1776166226.67,26.67,0.31,2.53,0.26,19.0,0.24,10.0,0.23,10.0,0.22,10.0,0.44,12.92,0.46,5.0,0.47,9.0,0.48,10.0,0.49,10.0,0.56,12.92,0.54,5.0,0.53,9.0,0.52,10.0,0.51,10.0,0.69,2.53,0.74,19.0,0.76,10.0,0.77,10.0,0.78,10.0,0.13,0.13,0.094077,1776166225000
1776166227.537,27.537,0.31,2.53,0.26,19.0,0.24,10.0,0.23,10.0,0.22,10.0,0.44,12.92,0.46,5.0,0.47,9.0,0.48,10.0,0.49,10.0,0.56,12.92,0.54,5.0,0.53,9.0,0.52,10.0,0.51,10.0,0.69,2.53,0.74,19.0,0.76,10.0,0.77,10.0,0.78,10.0,0.13,0.13,0.094078,1776166226000
1776166228.32,28.32,0.31,2.53,0.26,19.0,0.24,10.0,0.23,10.0,0.22,10.0,0.44,12.92,0.46,5.0,0.47,9.0,0.48,10.0,0.49,10.0,0.56,12.92,0.54,5.0,0.53,9.0,0.52,10.0,0.51,10.0,0.69,2.53,0.74,19.0,0.76,10.0,0.77,10.0,0.78,10.0,0.13,0.13,0.094085,1776166227000
1776166229.135,29.135,0.31,2.53,0.26,19.0,0.24,10.0,0.23,10.0,0.22,10.0,0.44,12.92,0.46,5.0,0.47,9.0,0.48,10.0,0.49,10.0,0.56,12.92,0.54,5.0,0.53,9.0,0.52,10.0,0.51,10.0,0.69,2.53,0.74,19.0,0.76,10.0,0.77,10.0,0.78,10.0,0.13,0.13,0.094088,1776166228000
1776166230.569,30.569,0.31,2.53,0.26,19.0,0.24,10.0,0.23,10.0,0.22,10.0,0.44,12.92,0.46,5.0,0.47,9.0,0.48,10.0,0.49,10.0,0.56,12.92,0.54,5.0,0.53,9.0,0.52,10.0,0.51,10.0,0.69,2.53,0.74,19.0,0.76,10.0,0.77,10.0,0.78,10.0,0.13,0.13,0.094088,1776166229000
1776166231.342,31.342,0.31,2.53,0.26,19.0,0.24,10.0,0.23,10.0,0.22,10.0,0.44,12.92,0.46,5.0,0.47,9.0,0.48,10.0,0.49,10.0,0.56,12.92,0.54,5.0,0.53,9.0,0.52,10.0,0.51,10.0,0.69,2.53,0.74,19.0,0.76,10.0,0.77,10.0,0.78,10.0,0.13,0.13,0.094088,1776166230000
1776166232.233,32.233,0.31,2.53,0.26,19.0,0.24,10.0,0.23,10.0,0.22,10.0,0.44,12.92,0.46,5.0,0.47,9.0,0.48,10.0,0.49,10.0,0.56,12.92,0.54,5.0,0.53,9.0,0.52,10.0,0.51,10.0,0.69,2.53,0.74,19.0,0.76,10.0,0.77,10.0,0.78,10.0,0.13,0.13,0.094087,1776166231000
1776166233.701,33.701,0.31,2.53,0.26,19.0,0.24,10.0,0.23,10.0,0.22,10.0,0.44,12.92,0.46,5.0,0.47,9.0,0.48,10.0,0.49,10.0,0.56,12.92,0.54,5.0,0.53,9.0,0.52,10.0,0.51,10.0,0.69,2.53,0.74,19.0,0.76,10.0,0.77,10.0,0.78,10.0,0.13,0.13,0.094079,1776166232000
1776166234.526,34.526,0.31,2.53,0.26,19.0,0.24,10.0,0.23,10.0,0.22,10.0,0.44,12.92,0.46,5.0,0.47,9.0,0.48,10.0,0.49,10.0,0.56,12.92,0.54,5.0,0.53,9.0,0.52,10.0,0.51,10.0,0.69,2.53,0.74,19.0,0.76,10.0,0.77,10.0,0.78,10.0,0.13,0.13,0.094081,1776166233000
1776166235.337,35.337,0.31,2.53,0.26,19.0,0.24,10.0,0.23,10.0,0.22,10.0,0.44,12.92,0.46,5.0,0.47,9.0,0.48,10.0,0.49,10.0,0.56,12.92,0.54,5.0,0.53,9.0,0.52,10.0,0.51,10.0,0.69,2.53,0.74,19.0,0.76,10.0,0.77,10.0,0.78,10.0,0.13,0.13,0.094079,1776166234000
1776166236.186,36.186,0.31,2.53,0.26,19.0,0.24,10.0,0.23,10.0,0.22,10.0,0.44,12.92,0.46,5.0,0.47,9.0,0.48,10.0,0.49,10.0,0.56,12.92,0.54,5.0,0.53,9.0,0.52,10.0,0.51,10.0,0.69,2.53,0.74,19.0,0.76,10.0,0.77,10.0,0.78,10.0,0.13,0.13,0.094079,1776166235000
1776166237.96,37.96,0.31,2.53,0.26,19.0,0.24,10.0,0.23,10.0,0.22,10.0,0.44,12.92,0.46,5.0,0.47,9.0,0.48,10.0,0.49,10.0,0.56,12.92,0.54,5.0,0.53,9.0,0.52,10.0,0.51,10.0,0.69,2.53,0.74,19.0,0.76,10.0,0.77,10.0,0.78,10.0,0.13,0.13,0.09408,1776166236000
1776166238.675,38.675,0.31,2.53,0.26,19.0,0.24,10.0,0.23,10.0,0.22,10.0,0.44,12.92,0.46,5.0,0.47,9.0,0.48,10.0,0.49,10.0,0.56,12.92,0.54,5.0,0.53,9.0,0.52,10.0,0.51,10.0,0.69,2.53,0.74,19.0,0.76,10.0,0.77,10.0,0.78,10.0,0.13,0.13,0.09408,1776166237000
1776166239.582,39.582,0.31,2.53,0.26,19.0,0.24,10.0,0.23,10.0,0.22,10.0,0.44,12.92,0.46,5.0,0.47,9.0,0.48,10.0,0.49,10.0,0.56,12.92,0.54,5.0,0.53,9.0,0.52,10.0,0.51,10.0,0.69,2.53,0.74,19.0,0.76,10.0,0.77,10.0,0.78,10.0,0.13,0.13,0.094084,1776166238000
1776166240.399,40.399,0.31,2.53,0.26,19.0,0.24,10.0,0.23,10.0,0.22,10.0,0.44,12.92,0.46,5.0,0.47,9.0,0.48,10.0,0.49,10.0,0.56,12.92,0.54,5.0,0.53,9.0,0.52,10.0,0.51,10.0,0.69,2.53,0.74,19.0,0.76,10.0,0.77,10.0,0.78,10.0,0.13,0.13,0.094086,1776166239000
1776166240.962,40.962,0.31,2.53,0.26,19.0,0.24,10.0,0.23,10.0,0.22,10.0,0.44,12.92,0.46,5.0,0.47,9.0,0.48,10.0,0.49,10.0,0.56,12.92,0.54,5.0,0.53,9.0,0.52,10.0,0.51,10.0,0.69,2.53,0.74,19.0,0.76,10.0,0.77,10.0,0.78,10.0,0.13,0.13,0.094086,1776166240000
1776166242.399,42.399,0.31,2.53,0.26,19.0,0.24,10.0,0.23,10.0,0.22,10.0,0.44,12.92,0.46,5.0,0.47,9.0,0.48,10.0,0.49,10.0,0.56,12.92,0.54,5.0,0.53,9.0,0.52,10.0,0.51,10.0,0.69,2.53,0.74,19.0,0.76,10.0,0.77,10.0,0.78,10.0,0.13,0.13,0.094063,1776166241000
1776166242.975,42.975,0.31,2.53,0.26,19.0,0.24,10.0,0.23,10.0,0.22,10.0,0.44,12.92,0.46,5.0,0.47,9.0,0.48,10.0,0.49,10.0,0.56,12.92,0.54,5.0,0.53,9.0,0.52,10.0,0.51,10.0,0.69,2.53,0.74,19.0,0.76,10.0,0.77,10.0,0.78,10.0,0.13,0.13,0.094054,1776166242000
1776166244.065,44.065,0.31,2.53,0.26,19.0,0.24,10.0,0.23,10.0,0.22,10.0,0.44,12.92,0.46,5.0,0.47,9.0,0.48,10.0,0.49,10.0,0.56,12.92,0.54,5.0,0.53,9.0,0.52,10.0,0.51,10.0,0.69,2.53,0.74,19.0,0.76,10.0,0.77,10.0,0.78,10.0,0.13,0.13,0.094053,1776166243000
1776166245.14,45.14,0.31,2.53,0.26,19.0,0.24,10.0,0.23,10.0,0.22,10.0,0.44,12.92,0.46,5.0,0.47,9.0,0.48,10.0,0.49,10.0,0.56,12.92,0.54,5.0,0.53,9.0,0.52,10.0,0.51,10.0,0.69,2.53,0.74,19.0,0.76,10.0,0.77,10.0,0.78,10.0,0.13,0.13,0.094053,1776166244000
1776166246.182,46.182,0.31,2.53,0.26,19.0,0.24,10.0,0.23,10.0,0.22,10.0,0.44,12.92,0.46,5.0,0.47,9.0,0.48,10.0,0.49,10.0,0.56,12.92,0.54,5.0,0.53,9.0,0.52,10.0,0.51,10.0,0.69,2.53,0.74,19.0,0.76,10.0,0.77,10.0,0.78,10.0,0.13,0.13,0.094079,1776166245000
1776166247.288,47.288,0.31,2.53,0.26,19.0,0.24,10.0,0.23,10.0,0.22,10.0,0.44,12.92,0.46,5.0,0.47,9.0,0.48,10.0,0.49,10.0,0.56,12.92,0.54,5.0,0.53,9.0,0.52,10.0,0.51,10.0,0.69,2.53,0.74,19.0,0.76,10.0,0.77,10.0,0.78,10.0,0.13,0.13,0.094079,1776166246000
1776166248.995,48.995,0.31,2.53,0.26,19.0,0.24,10.0,0.23,10.0,0.22,10.0,0.44,12.92,0.46,5.0,0.47,9.0,0.48,10.0,0.49,10.0,0.56,12.92,0.54,5.0,0.53,9.0,0.52,10.0,0.51,10.0,0.69,2.53,0.74,19.0,0.76,10.0,0.77,10.0,0.78,10.0,0.13,0.13,0.094079,1776166247000
1776166249.585,49.585,0.31,2.53,0.26,19.0,0.24,10.0,0.23,10.0,0.22,10.0,0.44,12.92,0.46,5.0,0.47,9.0,0.48,10.0,0.49,10.0,0.56,12.92,0.54,5.0,0.53,9.0,0.52,10.0,0.51,10.0,0.69,2.53,0.74,19.0,0.76,10.0,0.77,10.0,0.78,10.0,0.13,0.13,0.094078,1776166248000
1776166250.154,50.154,0.31,2.53,0.26,19.0,0.24,10.0,0.23,10.0,0.22,10.0,0.44,12.92,0.46,5.0,0.47,9.0,0.48,10.0,0.49,10.0,0.56,12.92,0.54,5.0,0.53,9.0,0.52,10.0,0.51,10.0,0.69,2.53,0.74,19.0,0.76,10.0,0.77,10.0,0.78,10.0,0.13,0.13,0.094078,1776166249000
1776166251.276,51.276,0.31,2.53,0.26,19.0,0.24,10.0,0.23,10.0,0.22,10.0,0.44,12.92,0.46,5.0,0.47,9.0,0.48,10.0,0.49,10.0,0.56,12.92,0.54,5.0,0.53,9.0,0.52,10.0,0.51,10.0,0.69,2.53,0.74,19.0,0.76,10.0,0.77,10.0,0.78,10.0,0.13,0.13,0.094079,1776166250000
1776166252.446,52.446,0.31,2.53,0.26,19.0,0.24,10.0,0.23,10.0,0.22,10.0,0.44,12.92,0.46,5.0,0.47,9.0,0.48,10.0,0.49,10.0,0.56,12.92,0.54,5.0,0.53,9.0,0.52,10.0,0.51,10.0,0.69,2.53,0.74,19.0,0.76,10.0,0.77,10.0,0.78,10.0,0.13,0.13,0.094078,1776166251000
1776166253.011,53.011,0.31,2.53,0.26,19.0,0.24,10.0,0.23,10.0,0.22,10.0,0.44,12.92,0.46,5.0,0.47,9.0,0.48,10.0,0.49,10.0,0.56,12.92,0.54,5.0,0.53,9.0,0.52,10.0,0.51,10.0,0.69,2.53,0.74,19.0,0.76,10.0,0.77,10.0,0.78,10.0,0.13,0.13,0.094078,1776166252000
1776166254.236,54.236,0.31,2.53,0.26,19.0,0.24,10.0,0.23,10.0,0.22,10.0,0.44,12.92,0.46,5.0,0.47,9.0,0.48,10.0,0.49,10.0,0.56,12.92,0.54,5.0,0.53,9.0,0.52,10.0,0.51,10.0,0.69,2.53,0.74,19.0,0.76,10.0,0.77,10.0,0.78,10.0,0.13,0.13,0.09407,1776166253000
1776166255.607,55.607,0.31,2.53,0.26,19.0,0.24,10.0,0.23,10.0,0.22,10.0,0.44,12.92,0.46,5.0,0.47,9.0,0.48,10.0,0.49,10.0,0.56,12.92,0.54,5.0,0.53,9.0,0.52,10.0,0.51,10.0,0.69,2.53,0.74,19.0,0.76,10.0,0.77,10.0,0.78,10.0,0.13,0.13,0.094059,1776166254000
1776166256.267,56.267,0.31,2.53,0.26,19.0,0.24,10.0,0.23,10.0,0.22,10.0,0.44,12.92,0.46,5.0,0.47,9.0,0.48,10.0,0.49,10.0,0.56,12.92,0.54,5.0,0.53,9.0,0.52,10.0,0.51,10.0,0.69,2.53,0.74,19.0,0.76,10.0,0.77,10.0,0.78,10.0,0.13,0.13,0.094059,1776166255000
1776166257.509,57.509,0.31,2.53,0.26,19.0,0.24,10.0,0.23,10.0,0.22,10.0,0.44,12.92,0.46,5.0,0.47,9.0,0.48,10.0,0.49,10.0,0.56,12.92,0.54,5.0,0.53,9.0,0.52,10.0,0.51,10.0,0.69,2.53,0.74,19.0,0.76,10.0,0.77,10.0,0.78,10.0,0.13,0.13,0.094054,1776166256000
1776166258.036,58.036,0.31,2.53,0.26,19.0,0.24,10.0,0.23,10.0,0.22,10.0,0.44,12.92,0.46,5.0,0.47,9.0,0.48,10.0,0.49,10.0,0.56,12.92,0.54,5.0,0.53,9.0,0.52,10.0,0.51,10.0,0.69,2.53,0.74,19.0,0.76,10.0,0.77,10.0,0.78,10.0,0.13,0.13,0.094061,1776166257000
1776166259.23,59.23,0.31,2.53,0.26,19.0,0.24,10.0,0.23,10.0,0.22,10.0,0.44,12.92,0.46,5.0,0.47,9.0,0.48,10.0,0.49,10.0,0.56,12.92,0.54,5.0,0.53,9.0,0.52,10.0,0.51,10.0,0.69,2.53,0.74,19.0,0.76,10.0,0.77,10.0,0.78,10.0,0.13,0.13,0.09406,1776166258000
1776166260.31,60.31,0.31,2.53,0.26,19.0,0.24,10.0,0.23,10.0,0.22,10.0,0.44,12.92,0.46,5.0,0.47,9.0,0.48,10.0,0.49,10.0,0.56,12.92,0.54,5.0,0.53,9.0,0.52,10.0,0.51,10.0,0.69,2.53,0.74,19.0,0.76,10.0,0.77,10.0,0.78,10.0,0.13,0.13,0.09406,1776166259000
1776166260.892,60.892,0.31,2.53,0.26,19.0,0.24,10.0,0.23,10.0,0.22,10.0,0.44,12.92,0.46,5.0,0.47,9.0,0.48,10.0,0.49,10.0,0.56,12.92,0.54,5.0,0.53,9.0,0.52,10.0,0.51,10.0,0.69,2.53,0.74,19.0,0.76,10.0,0.77,10.0,0.78,10.0,0.13,0.13,0.09406,1776166260000
1776166262.168,62.168,0.31,2.53,0.26,19.0,0.24,10.0,0.23,10.0,0.22,10.0,0.44,12.92,0.46,5.0,0.47,9.0,0.48,10.0,0.49,10.0,0.56,12.92,0.54,5.0,0.53,9.0,0.52,10.0,0.51,10.0,0.69,2.53,0.74,19.0,0.76,10.0,0.77,10.0,0.78,10.0,0.13,0.13,0.094053,1776166261000
1776166263.276,63.276,0.31,2.53,0.26,19.0,0.24,10.0,0.23,10.0,0.22,10.0,0.44,12.92,0.46,5.0,0.47,9.0,0.48,10.0,0.49,10.0,0.56,12.92,0.54,5.0,0.53,9.0,0.52,10.0,0.51,10.0,0.69,2.53,0.74,19.0,0.76,10.0,0.77,10.0,0.78,10.0,0.13,0.13,0.09405,1776166262000
1776166264.484,64.484,0.31,2.53,0.26,19.0,0.24,10.0,0.23,10.0,0.22,10.0,0.44,12.92,0.46,5.0,0.47,9.0,0.48,10.0,0.49,10.0,0.56,12.92,0.54,5.0,0.53,9.0,0.52,10.0,0.51,10.0,0.69,2.53,0.74,19.0,0.76,10.0,0.77,10.0,0.78,10.0,0.13,0.13,0.09405,1776166263000
1776166265.034,65.034,0.31,2.53,0.26,19.0,0.24,10.0,0.23,10.0,0.22,10.0,0.44,12.92,0.46,5.0,0.47,9.0,0.48,10.0,0.49,10.0,0.56,12.92,0.54,5.0,0.53,9.0,0.52,10.0,0.51,10.0,0.69,2.53,0.74,19.0,0.76,10.0,0.77,10.0,0.78,10.0,0.13,0.13,0.094063,1776166264000
1776166266.227,66.227,0.31,2.53,0.26,19.0,0.24,10.0,0.23,10.0,0.22,10.0,0.44,12.92,0.46,5.0,0.47,9.0,0.48,10.0,0.49,10.0,0.56,12.92,0.54,5.0,0.53,9.0,0.52,10.0,0.51,10.0,0.69,2.53,0.74,19.0,0.76,10.0,0.77,10.0,0.78,10.0,0.13,0.13,0.094067,1776166265000
1776166267.318,67.318,0.31,2.53,0.26,19.0,0.24,10.0,0.23,10.0,0.22,10.0,0.44,12.92,0.46,5.0,0.47,9.0,0.48,10.0,0.49,10.0,0.56,12.92,0.54,5.0,0.53,9.0,0.52,10.0,0.51,10.0,0.69,2.53,0.74,19.0,0.76,10.0,0.77,10.0,0.78,10.0,0.13,0.13,0.094067,1776166266000
1776166268.475,68.475,0.31,2.53,0.26,19.0,0.24,10.0,0.23,10.0,0.22,10.0,0.44,12.92,0.46,5.0,0.47,9.0,0.48,10.0,0.49,10.0,0.56,12.92,0.54,5.0,0.53,9.0,0.52,10.0,0.51,10.0,0.69,2.53,0.74,19.0,0.76,10.0,0.77,10.0,0.78,10.0,0.13,0.13,0.094067,1776166267000
1776166269.112,69.112,0.31,2.53,0.26,19.0,0.24,10.0,0.23,10.0,0.22,10.0,0.44,12.92,0.46,5.0,0.47,9.0,0.48,10.0,0.49,10.0,0.56,12.92,0.54,5.0,0.53,9.0,0.52,10.0,0.51,10.0,0.69,2.53,0.74,19.0,0.76,10.0,0.77,10.0,0.78,10.0,0.13,0.13,0.094067,1776166268000
1776166270.929,70.929,0.31,2.53,0.26,19.0,0.24,10.0,0.23,10.0,0.22,10.0,0.44,12.92,0.46,5.0,0.47,9.0,0.48,10.0,0.49,10.0,0.56,12.92,0.54,5.0,0.53,9.0,0.52,10.0,0.51,10.0,0.69,2.53,0.74,19.0,0.76,10.0,0.77,10.0,0.78,10.0,0.13,0.13,0.094059,1776166269000
1776166271.32,71.32,0.33,5.2,0.31,12.2,0.3,17.4,0.29,17.6,0.28,12.9,0.38,3.0,0.41,50.0,0.42,5.0,0.45,5.0,0.46,15.0,0.56,12.92,0.54,5.0,0.53,9.0,0.52,10.0,0.51,10.0,0.69,2.53,0.74,19.0,0.76,10.0,0.77,10.0,0.78,10.0,0.05,0.13,0.094059,1776166269000
1776166271.935,71.935,0.33,5.2,0.31,12.2,0.3,17.4,0.29,17.6,0.28,12.9,0.38,3.0,0.41,50.0,0.42,5.0,0.45,5.0,0.46,15.0,0.62,3.0,0.59,50.0,0.58,5.0,0.55,5.0,0.54,15.0,0.67,5.2,0.69,12.2,0.7,17.4,0.71,17.6,0.72,12.9,0.05,0.05,0.094059,1776166271000
1776166273.333,73.333,0.33,5.2,0.31,12.2,0.3,17.4,0.29,17.6,0.28,12.9,0.38,3.0,0.41,50.0,0.42,5.0,0.45,5.0,0.46,15.0,0.62,3.0,0.59,50.0,0.58,5.0,0.55,5.0,0.54,15.0,0.67,5.2,0.69,12.2,0.7,17.4,0.71,17.6,0.72,12.9,0.05,0.05,0.094066,1776166272000
1776166273.873,73.873,0.33,5.2,0.31,12.2,0.3,17.4,0.29,17.6,0.28,12.9,0.38,3.0,0.41,50.0,0.42,5.0,0.45,5.0,0.46,15.0,0.62,3.0,0.59,50.0,0.58,5.0,0.55,5.0,0.54,15.0,0.67,5.2,0.69,12.2,0.7,17.4,0.71,17.6,0.72,12.9,0.05,0.05,0.094067,1776166273000
1776166274.904,74.904,0.33,5.2,0.31,12.2,0.3,17.4,0.29,17.6,0.28,12.9,0.38,3.0,0.41,50.0,0.42,5.0,0.45,5.0,0.46,15.0,0.62,3.0,0.59,50.0,0.58,5.0,0.55,5.0,0.54,15.0,0.67,5.2,0.69,12.2,0.7,17.4,0.71,17.6,0.72,12.9,0.05,0.05,0.094055,1776166274000
1776166276.336,76.336,0.33,5.2,0.31,12.2,0.3,17.4,0.29,17.6,0.28,12.9,0.38,3.0,0.41,50.0,0.42,5.0,0.45,5.0,0.46,15.0,0.62,3.0,0.59,50.0,0.58,5.0,0.55,5.0,0.54,15.0,0.67,5.2,0.69,12.2,0.7,17.4,0.71,17.6,0.72,12.9,0.05,0.05,0.094042,1776166275000
1776166276.719,76.719,0.29,12.6,0.28,12.9,0.27,13.2,0.26,18.5,0.25,13.9,0.36,0.25,0.38,19.0,0.4,5.0,0.41,60.0,0.42,10.0,0.62,3.0,0.59,50.0,0.58,5.0,0.55,5.0,0.54,15.0,0.67,5.2,0.69,12.2,0.7,17.4,0.71,17.6,0.72,12.9,0.07,0.05,0.094042,1776166275000
1776166277.499,77.499,0.29,12.6,0.28,12.9,0.27,13.2,0.26,18.5,0.25,13.9,0.36,0.25,0.38,19.0,0.4,5.0,0.41,60.0,0.42,10.0,0.64,0.25,0.62,19.0,0.6,5.0,0.59,60.0,0.58,10.0,0.71,12.6,0.72,12.9,0.73,13.2,0.74,18.5,0.75,13.9,0.07,0.07,0.094047,1776166276000
1776166278.029,78.029,0.29,12.6,0.28,12.9,0.27,13.2,0.26,18.5,0.25,13.9,0.36,0.25,0.38,19.0,0.4,5.0,0.41,60.0,0.42,10.0,0.64,0.25,0.62,19.0,0.6,5.0,0.59,60.0,0.58,10.0,0.71,12.6,0.72,12.9,0.73,13.2,0.74,18.5,0.75,13.9,0.07,0.07,0.094047,1776166277000
1776166279.107,79.107,0.29,12.6,0.28,12.9,0.27,13.2,0.26,18.5,0.25,13.9,0.36,0.25,0.38,19.0,0.4,5.0,0.41,60.0,0.42,10.0,0.64,0.25,0.62,19.0,0.6,5.0,0.59,60.0,0.58,10.0,0.71,12.6,0.72,12.9,0.73,13.2,0.74,18.5,0.75,13.9,0.07,0.07,0.094045,1776166278000
1776166280.284,80.284,0.29,12.6,0.28,12.9,0.27,13.2,0.26,18.5,0.25,13.9,0.36,0.25,0.38,19.0,0.4,5.0,0.41,60.0,0.42,10.0,0.64,0.25,0.62,19.0,0.6,5.0,0.59,60.0,0.58,10.0,0.71,12.6,0.72,12.9,0.73,13.2,0.74,18.5,0.75,13.9,0.07,0.07,0.094039,1776166279000
1776166281.41,81.41,0.29,12.6,0.28,12.9,0.27,13.2,0.26,18.5,0.25,13.9,0.36,0.25,0.38,19.0,0.4,5.0,0.41,60.0,0.42,10.0,0.64,0.25,0.62,19.0,0.6,5.0,0.59,60.0,0.58,10.0,0.71,12.6,0.72,12.9,0.73,13.2,0.74,18.5,0.75,13.9,0.07,0.07,0.094037,1776166280000
1776166282.004,82.004,0.29,12.6,0.28,12.9,0.27,13.2,0.26,18.5,0.25,13.9,0.36,0.25,0.38,19.0,0.4,5.0,0.41,60.0,0.42,10.0,0.64,0.25,0.62,19.0,0.6,5.0,0.59,60.0,0.58,10.0,0.71,12.6,0.72,12.9,0.73,13.2,0.74,18.5,0.75,13.9,0.07,0.07,0.094035,1776166281000
1776166283.163,83.163,0.29,12.6,0.28,12.9,0.27,13.2,0.26,18.5,0.25,13.9,0.36,0.25,0.38,19.0,0.4,5.0,0.41,60.0,0.42,10.0,0.64,0.25,0.62,19.0,0.6,5.0,0.59,60.0,0.58,10.0,0.71,12.6,0.72,12.9,0.73,13.2,0.74,18.5,0.75,13.9,0.07,0.07,0.094012,1776166282000
1776166284.198,84.198,0.29,12.6,0.28,12.9,0.27,13.2,0.26,18.5,0.25,13.9,0.36,0.25,0.38,19.0,0.4,5.0,0.41,60.0,0.42,10.0,0.64,0.25,0.62,19.0,0.6,5.0,0.59,60.0,0.58,10.0,0.71,12.6,0.72,12.9,0.73,13.2,0.74,18.5,0.75,13.9,0.07,0.07,0.09401,1776166283000
1776166285.776,85.776,0.29,12.6,0.28,12.9,0.27,13.2,0.26,18.5,0.25,13.9,0.36,0.25,0.38,19.0,0.4,5.0,0.41,60.0,0.42,10.0,0.64,0.25,0.62,19.0,0.6,5.0,0.59,60.0,0.58,10.0,0.71,12.6,0.72,12.9,0.73,13.2,0.74,18.5,0.75,13.9,0.07,0.07,0.094012,1776166284000
1776166286.229,86.229,0.29,12.6,0.28,12.9,0.27,13.2,0.26,18.5,0.25,13.9,0.36,0.25,0.38,19.0,0.4,5.0,0.41,60.0,0.42,10.0,0.64,0.25,0.62,19.0,0.6,5.0,0.59,60.0,0.58,10.0,0.71,12.6,0.72,12.9,0.73,13.2,0.74,18.5,0.75,13.9,0.07,0.07,0.09401,1776166285000
1776166287.27,87.27,0.29,12.6,0.28,12.9,0.27,13.2,0.26,18.5,0.25,13.9,0.36,0.25,0.38,19.0,0.4,5.0,0.41,60.0,0.42,10.0,0.64,0.25,0.62,19.0,0.6,5.0,0.59,60.0,0.58,10.0,0.71,12.6,0.72,12.9,0.73,13.2,0.74,18.5,0.75,13.9,0.07,0.07,0.093998,1776166286000
1776166288.264,88.264,0.29,12.6,0.28,12.9,0.27,13.2,0.26,18.5,0.25,13.9,0.36,0.25,0.38,19.0,0.4,5.0,0.41,60.0,0.42,10.0,0.64,0.25,0.62,19.0,0.6,5.0,0.59,60.0,0.58,10.0,0.71,12.6,0.72,12.9,0.73,13.2,0.74,18.5,0.75,13.9,0.07,0.07,0.09399,1776166287000
1776166288.898,88.898,0.19,17.92,0.18,17.6,0.17,18.39,0.16,24.3,0.15,20.39,0.29,41.04,0.3,15.0,0.31,82.2,0.32,21.9,0.33,21.8,0.64,0.25,0.62,19.0,0.6,5.0,0.59,60.0,0.58,10.0,0.71,12.6,0.72,12.9,0.73,13.2,0.74,18.5,0.75,13.9,0.1,0.07,0.09399,1776166287000
1776166289.293,89.293,0.19,17.92,0.18,17.6,0.17,18.39,0.16,24.3,0.15,20.39,0.29,41.04,0.3,15.0,0.31,82.2,0.32,21.9,0.33,21.8,0.71,41.04,0.7,15.0,0.69,82.2,0.68,21.9,0.67,21.8,0.81,17.92,0.82,17.6,0.83,18.39,0.84,24.3,0.85,20.39,0.1,0.1,0.093985,1776166288000
1776166290.362,90.362,0.19,17.92,0.18,17.6,0.17,18.39,0.16,24.3,0.15,20.39,0.29,41.04,0.3,15.0,0.31,82.2,0.32,21.9,0.33,21.8,0.71,41.04,0.7,15.0,0.69,82.2,0.68,21.9,0.67,21.8,0.81,17.92,0.82,17.6,0.83,18.39,0.84,24.3,0.85,20.39,0.1,0.1,0.093978,1776166289000
1776166290.877,90.877,0.2,7.12,0.19,17.92,0.18,17.6,0.17,23.39,0.16,19.3,0.22,6.0,0.29,16.0,0.3,20.0,0.31,65.0,0.32,21.9,0.71,41.04,0.7,15.0,0.69,82.2,0.68,21.9,0.67,21.8,0.81,17.92,0.82,17.6,0.83,18.39,0.84,24.3,0.85,20.39,0.02,0.1,0.093978,1776166289000
1776166291.283,91.283,0.2,7.12,0.19,17.92,0.18,17.6,0.17,23.39,0.16,19.3,0.22,6.0,0.29,16.0,0.3,20.0,0.31,65.0,0.32,21.9,0.78,6.0,0.71,16.0,0.7,20.0,0.69,65.0,0.68,21.9,0.8,7.12,0.81,17.92,0.82,17.6,0.83,23.39,0.84,19.3,0.02,0.02,0.093977,1776166290000
1776166292.329,92.329,0.2,7.12,0.19,17.92,0.18,17.6,0.17,23.39,0.16,19.3,0.22,6.0,0.29,16.0,0.3,20.0,0.31,65.0,0.32,21.9,0.78,6.0,0.71,16.0,0.7,20.0,0.69,65.0,0.68,21.9,0.8,7.12,0.81,17.92,0.82,17.6,0.83,23.39,0.84,19.3,0.02,0.02,0.09398,1776166291000
1776166293.376,93.376,0.2,7.12,0.19,17.92,0.18,17.6,0.17,23.39,0.16,19.3,0.22,6.0,0.29,16.0,0.3,20.0,0.31,65.0,0.32,21.9,0.78,6.0,0.71,16.0,0.7,20.0,0.69,65.0,0.68,21.9,0.8,7.12,0.81,17.92,0.82,17.6,0.83,23.39,0.84,19.3,0.02,0.02,0.09398,1776166292000
1776166293.919,93.919,0.2,7.12,0.19,17.92,0.18,17.6,0.17,23.39,0.16,19.3,0.22,6.0,0.29,16.0,0.3,20.0,0.31,65.0,0.32,21.9,0.78,6.0,0.71,16.0,0.7,20.0,0.69,65.0,0.68,21.9,0.8,7.12,0.81,17.92,0.82,17.6,0.83,23.39,0.84,19.3,0.02,0.02,0.093975,1776166293000
1776166294.976,94.976,0.19,5.0,0.18,17.6,0.17,18.39,0.16,24.3,0.15,20.39,0.28,5.25,0.29,41.0,0.3,22.4,0.31,72.2,0.32,21.9,0.72,5.25,0.71,41.0,0.7,22.4,0.69,72.2,0.68,21.9,0.81,5.0,0.82,17.6,0.83,18.39,0.84,24.3,0.85,20.39,0.09,0.09,0.093975,1776166294000
1776166295.953,95.953,0.19,5.0,0.18,17.6,0.17,18.39,0.16,24.3,0.15,20.39,0.28,5.25,0.29,41.0,0.3,22.4,0.31,72.2,0.32,21.9,0.72,5.25,0.71,41.0,0.7,22.4,0.69,72.2,0.68,21.9,0.81,5.0,0.82,17.6,0.83,18.39,0.84,24.3,0.85,20.39,0.09,0.09,0.093975,1776166295000
1776166296.916,96.916,0.19,5.0,0.18,17.6,0.17,18.39,0.16,24.3,0.15,20.39,0.28,5.25,0.29,41.0,0.3,22.4,0.31,72.2,0.32,21.9,0.72,5.25,0.71,41.0,0.7,22.4,0.69,72.2,0.68,21.9,0.81,5.0,0.82,17.6,0.83,18.39,0.84,24.3,0.85,20.39,0.09,0.09,0.093975,1776166296000
1776166297.972,97.972,0.19,5.0,0.18,17.6,0.17,18.39,0.16,24.3,0.15,20.39,0.28,5.25,0.29,41.0,0.3,22.4,0.31,72.2,0.32,21.9,0.72,5.25,0.71,41.0,0.7,22.4,0.69,72.2,0.68,21.9,0.81,5.0,0.82,17.6,0.83,18.39,0.84,24.3,0.85,20.39,0.09,0.09,0.093978,1776166297000
1776166299.019,99.019,0.19,5.0,0.18,17.6,0.17,18.39,0.16,24.3,0.15,20.39,0.28,5.25,0.29,41.0,0.3,22.4,0.31,72.2,0.32,21.9,0.72,5.25,0.71,41.0,0.7,22.4,0.69,72.2,0.68,21.9,0.81,5.0,0.82,17.6,0.83,18.39,0.84,24.3,0.85,20.39,0.09,0.09,0.093988,1776166298000
1776166300.169,100.169,0.19,5.0,0.18,17.6,0.17,18.39,0.16,24.3,0.15,20.39,0.28,5.25,0.29,41.0,0.3,22.4,0.31,72.2,0.32,21.9,0.72,5.25,0.71,41.0,0.7,22.4,0.69,72.2,0.68,21.9,0.81,5.0,0.82,17.6,0.83,18.39,0.84,24.3,0.85,20.39,0.09,0.09,0.09399,1776166299000
1776166301.214,101.214,0.19,5.0,0.18,17.6,0.17,18.39,0.16,24.3,0.15,20.39,0.28,5.25,0.29,41.0,0.3,22.4,0.31,72.2,0.32,21.9,0.72,5.25,0.71,41.0,0.7,22.4,0.69,72.2,0.68,21.9,0.81,5.0,0.82,17.6,0.83,18.39,0.84,24.3,0.85,20.39,0.09,0.09,0.093973,1776166300000
1776166302.287,102.287,0.19,5.0,0.18,17.6,0.17,18.39,0.16,24.3,0.15,20.39,0.28,5.25,0.29,41.0,0.3,22.4,0.31,72.2,0.32,21.9,0.72,5.25,0.71,41.0,0.7,22.4,0.69,72.2,0.68,21.9,0.81,5.0,0.82,17.6,0.83,18.39,0.84,24.3,0.85,20.39,0.09,0.09,0.093968,1776166301000
1776166303.309,103.309,0.19,5.0,0.18,17.6,0.17,18.39,0.16,24.3,0.15,20.39,0.28,5.25,0.29,41.0,0.3,22.4,0.31,72.2,0.32,21.9,0.72,5.25,0.71,41.0,0.7,22.4,0.69,72.2,0.68,21.9,0.81,5.0,0.82,17.6,0.83,18.39,0.84,24.3,0.85,20.39,0.09,0.09,0.093965,1776166302000
1776166303.994,103.994,0.15,20.39,0.14,21.6,0.13,23.0,0.12,24.6,0.11,26.6,0.2,23.86,0.21,50.0,0.23,10.0,0.24,5.0,0.26,13.5,0.8,23.86,0.79,50.0,0.77,10.0,0.76,5.0,0.74,13.5,0.85,20.39,0.86,21.6,0.87,23.0,0.88,24.6,0.89,26.6,0.05,0.05,0.093964,1776166303000
1776166305.37,105.37,0.15,20.39,0.14,21.6,0.13,23.0,0.12,24.6,0.11,26.6,0.2,23.86,0.21,50.0,0.23,10.0,0.24,5.0,0.26,13.5,0.8,23.86,0.79,50.0,0.77,10.0,0.76,5.0,0.74,13.5,0.85,20.39,0.86,21.6,0.87,23.0,0.88,24.6,0.89,26.6,0.05,0.05,0.093934,1776166304000
1776166306.378,106.378,0.15,20.39,0.14,21.6,0.13,23.0,0.12,24.6,0.11,26.6,0.2,23.86,0.21,50.0,0.23,10.0,0.24,5.0,0.26,13.5,0.8,23.86,0.79,50.0,0.77,10.0,0.76,5.0,0.74,13.5,0.85,20.39,0.86,21.6,0.87,23.0,0.88,24.6,0.89,26.6,0.05,0.05,0.093929,1776166305000
1776166306.925,106.925,0.15,20.39,0.14,21.6,0.13,23.0,0.12,24.6,0.11,26.6,0.2,23.86,0.21,50.0,0.23,10.0,0.24,5.0,0.26,13.5,0.8,23.86,0.79,50.0,0.77,10.0,0.76,5.0,0.74,13.5,0.85,20.39,0.86,21.6,0.87,23.0,0.88,24.6,0.89,26.6,0.05,0.05,0.093936,1776166306000
1776166307.988,107.988,0.15,20.39,0.14,21.6,0.13,23.0,0.12,24.6,0.11,26.6,0.2,23.86,0.21,50.0,0.23,10.0,0.24,5.0,0.26,13.5,0.8,23.86,0.79,50.0,0.77,10.0,0.76,5.0,0.74,13.5,0.85,20.39,0.86,21.6,0.87,23.0,0.88,24.6,0.89,26.6,0.05,0.05,0.093921,1776166307000
1776166309.102,109.102,0.15,20.39,0.14,21.6,0.13,23.0,0.12,24.6,0.11,26.6,0.2,23.86,0.21,50.0,0.23,10.0,0.24,5.0,0.26,13.5,0.8,23.86,0.79,50.0,0.77,10.0,0.76,5.0,0.74,13.5,0.85,20.39,0.86,21.6,0.87,23.0,0.88,24.6,0.89,26.6,0.05,0.05,0.093906,1776166308000
1776166310.184,110.184,0.15,20.39,0.14,21.6,0.13,23.0,0.12,24.6,0.11,26.6,0.2,23.86,0.21,50.0,0.23,10.0,0.24,5.0,0.26,13.5,0.8,23.86,0.79,50.0,0.77,10.0,0.76,5.0,0.74,13.5,0.85,20.39,0.86,21.6,0.87,23.0,0.88,24.6,0.89,26.6,0.05,0.05,0.093908,1776166309000
1776166311.223,111.223,0.15,20.39,0.14,21.6,0.13,23.0,0.12,24.6,0.11,26.6,0.2,23.86,0.21,50.0,0.23,10.0,0.24,5.0,0.26,13.5,0.8,23.86,0.79,50.0,0.77,10.0,0.76,5.0,0.74,13.5,0.85,20.39,0.86,21.6,0.87,23.0,0.88,24.6,0.89,26.6,0.05,0.05,0.093891,1776166310000
1776166312.368,112.368,0.15,20.39,0.14,21.6,0.13,23.0,0.12,24.6,0.11,26.6,0.2,23.86,0.21,50.0,0.23,10.0,0.24,5.0,0.26,13.5,0.8,23.86,0.79,50.0,0.77,10.0,0.76,5.0,0.74,13.5,0.85,20.39,0.86,21.6,0.87,23.0,0.88,24.6,0.89,26.6,0.05,0.05,0.093891,1776166311000
1776166313.537,113.537,0.15,20.39,0.14,21.6,0.13,23.0,0.12,24.6,0.11,26.6,0.2,23.86,0.21,50.0,0.23,10.0,0.24,5.0,0.26,13.5,0.8,23.86,0.79,50.0,0.77,10.0,0.76,5.0,0.74,13.5,0.85,20.39,0.86,21.6,0.87,23.0,0.88,24.6,0.89,26.6,0.05,0.05,0.093892,1776166312000
1776166314.277,114.277,0.12,10.28,0.11,26.6,0.1,28.9,0.09,31.7,0.08,40.29,0.16,29.95,0.18,10.0,0.19,5.0,0.2,5.0,0.21,75.7,0.84,29.95,0.82,10.0,0.81,5.0,0.8,5.0,0.79,75.7,0.88,10.28,0.89,26.6,0.9,28.9,0.91,31.7,0.92,40.29,0.04,0.04,0.093892,1776166313000
1776166315.462,115.462,0.12,10.28,0.11,26.6,0.1,28.9,0.09,31.7,0.08,40.29,0.16,29.95,0.18,10.0,0.19,5.0,0.2,5.0,0.21,75.7,0.84,29.95,0.82,10.0,0.81,5.0,0.8,5.0,0.79,75.7,0.88,10.28,0.89,26.6,0.9,28.9,0.91,31.7,0.92,40.29,0.04,0.04,0.093892,1776166314000
1776166316.109,116.109,0.12,10.28,0.11,26.6,0.1,28.9,0.09,31.7,0.08,40.29,0.16,29.95,0.18,10.0,0.19,5.0,0.2,5.0,0.21,75.7,0.84,29.95,0.82,10.0,0.81,5.0,0.8,5.0,0.79,75.7,0.88,10.28,0.89,26.6,0.9,28.9,0.91,31.7,0.92,40.29,0.04,0.04,0.093892,1776166315000
1776166317.304,117.304,0.12,10.28,0.11,26.6,0.1,28.9,0.09,31.7,0.08,40.29,0.16,29.95,0.18,10.0,0.19,5.0,0.2,5.0,0.21,75.7,0.84,29.95,0.82,10.0,0.81,5.0,0.8,5.0,0.79,75.7,0.88,10.28,0.89,26.6,0.9,28.9,0.91,31.7,0.92,40.29,0.04,0.04,0.093892,1776166316000
1776166318.132,118.132,0.12,10.28,0.11,26.6,0.1,28.9,0.09,31.7,0.08,40.29,0.16,29.95,0.18,10.0,0.19,5.0,0.2,5.0,0.21,75.7,0.84,29.95,0.82,10.0,0.81,5.0,0.8,5.0,0.79,75.7,0.88,10.28,0.89,26.6,0.9,28.9,0.91,31.7,0.92,40.29,0.04,0.04,0.093906,1776166317000
1776166319.426,119.426,0.12,10.28,0.11,26.6,0.1,28.9,0.09,31.7,0.08,40.29,0.16,29.95,0.18,10.0,0.19,5.0,0.2,5.0,0.21,75.7,0.84,29.95,0.82,10.0,0.81,5.0,0.8,5.0,0.79,75.7,0.88,10.28,0.89,26.6,0.9,28.9,0.91,31.7,0.92,40.29,0.04,0.04,0.093903,1776166318000
1776166320.024,120.024,0.12,10.28,0.11,26.6,0.1,28.9,0.09,31.7,0.08,40.29,0.16,29.95,0.18,10.0,0.19,5.0,0.2,5.0,0.21,75.7,0.84,29.95,0.82,10.0,0.81,5.0,0.8,5.0,0.79,75.7,0.88,10.28,0.89,26.6,0.9,28.9,0.91,31.7,0.92,40.29,0.04,0.04,0.093902,1776166319000
1776166321.009,121.009,0.12,24.6,0.11,26.6,0.1,28.9,0.09,31.7,0.08,40.29,0.51,12.57,0.52,10.4,0.53,10.4,0.54,10.5,0.55,10.5,0.84,29.95,0.82,10.0,0.81,5.0,0.8,5.0,0.79,75.7,0.88,10.28,0.89,26.6,0.9,28.9,0.91,31.7,0.92,40.29,0.39,0.04,0.093902,1776166319000
1776166321.305,121.305,0.31,17.14,0.15,19.32,0.12,24.6,0.11,76.6,0.1,28.9,0.51,12.57,0.52,10.4,0.53,10.4,0.54,10.5,0.55,10.5,0.49,12.57,0.48,10.4,0.47,10.4,0.46,10.5,0.45,10.5,0.88,24.6,0.89,26.6,0.9,28.9,0.91,31.7,0.92,40.29,0.2,0.39,0.093902,1776166319000
1776166321.589,121.589,0.31,7.14,0.21,50.0,0.15,19.32,0.12,24.6,0.11,76.6,0.51,113.57,0.52,10.4,0.53,10.4,0.54,10.5,0.55,10.5,0.49,12.57,0.48,10.4,0.47,10.4,0.46,10.5,0.45,10.5,0.69,17.14,0.85,19.32,0.88,24.6,0.89,76.6,0.9,28.9,0.2,0.2,0.093897,1776166320000
1776166321.935,121.935,0.21,44.0,0.15,19.32,0.12,24.6,0.11,76.6,0.1,28.9,0.25,7.0,0.31,5.16,0.32,7.0,0.51,62.57,0.52,10.4,0.68,7.0,0.61,10.0,0.49,113.57,0.48,10.4,0.47,10.4,0.79,50.0,0.85,19.32,0.88,24.6,0.89,76.6,0.9,28.9,0.04,0.11,0.093897,1776166320000
1776166322.243,122.243,0.21,44.0,0.15,19.32,0.12,29.6,0.11,76.6,0.1,28.9,0.58,6.2,0.59,10.7,0.6,10.8,0.61,60.9,0.62,11.0,0.75,2.0,0.69,5.16,0.68,7.0,0.61,10.0,0.49,62.57,0.79,44.0,0.85,19.32,0.88,29.6,0.89,76.6,0.9,28.9,0.37,0.04,0.093897,1776166320000
1776166322.546,122.546,0.21,44.0,0.15,19.32,0.12,29.6,0.11,76.6,0.1,28.9,0.6,10.8,0.61,60.9,0.62,11.0,0.63,11.2,0.64,11.3,0.4,10.8,0.39,60.9,0.38,11.0,0.37,11.2,0.36,11.3,0.79,44.0,0.85,19.32,0.88,29.6,0.89,76.6,0.9,28.9,0.39,0.39,0.093893,1776166321000
1776166323.329,123.329,0.31,50.0,0.21,44.0,0.15,19.32,0.12,29.6,0.11,76.6,0.66,11.6,0.67,11.8,0.68,11.9,0.69,12.2,0.7,112.4,0.34,11.6,0.33,11.8,0.32,11.9,0.31,12.2,0.3,112.4,0.69,50.0,0.79,44.0,0.85,19.32,0.88,29.6,0.89,76.6,0.35,0.35,0.093908,1776166322000
1776166323.604,123.604,0.41,45.0,0.31,50.0,0.21,44.0,0.15,19.32,0.14,21.6,0.7,139.0,0.71,50.0,0.73,13.2,0.74,13.5,0.75,13.9,0.34,11.6,0.33,11.8,0.32,11.9,0.31,12.2,0.3,112.4,0.69,50.0,0.79,44.0,0.85,19.32,0.88,29.6,0.89,76.6,0.29,0.35,0.093908,1776166322000
1776166324.075,124.075,0.61,50.0,0.51,50.0,0.41,45.0,0.35,10.0,0.31,50.0,0.69,8.94,0.7,154.0,0.95,5.0,0.96,72.7,0.97,89.3,0.3,139.0,0.29,50.0,0.27,13.2,0.26,13.5,0.25,13.9,0.59,45.0,0.69,50.0,0.79,44.0,0.85,19.32,0.86,21.6,0.08,0.29,0.093908,1776166322000
1776166324.589,124.589,0.91,18.34,0.81,50.0,0.71,50.0,0.61,50.0,0.51,50.0,0.97,89.2,0.98,147.69,0.99,6578.6,,,,,0.03,89.2,0.02,152.69,0.01,6578.6,,,,,0.09,34.68,0.29,50.0,0.39,55.0,0.47,5.0,0.49,50.0,0.06,0.06,0.093908,1776166322000
1776166324.806,124.806,0.91,27.42,0.81,50.0,0.71,50.0,0.61,50.0,0.51,50.0,0.97,83.06,0.98,147.69,0.99,6578.6,,,,,0.03,83.06,0.02,147.69,0.01,6578.6,,,,,0.09,68.34,0.19,50.0,0.29,50.0,0.39,50.0,0.49,50.0,0.06,0.06,0.093928,1776166323000
1776166325.294,125.294,0.95,14.12,0.91,18.56,0.81,50.0,0.79,5.0,0.77,6.0,0.97,79.99,0.98,147.69,0.99,6578.6,,,,,0.03,83.06,0.02,147.69,0.01,6578.6,,,,,0.09,27.42,0.19,50.0,0.29,50.0,0.39,50.0,0.49,50.0,0.02,0.06,0.093928,1776166323000
1776166326.573,126.573,0.95,14.12,0.91,18.56,0.81,50.0,0.79,5.0,0.77,6.0,0.97,76.92,0.98,147.69,0.99,7078.6,,,,,0.03,76.92,0.02,147.69,0.01,7078.6,,,,,0.05,14.12,0.09,18.56,0.19,50.0,0.21,5.0,0.23,6.0,0.02,0.02,0.094229,1776166325000
1776166327.249,127.249,0.95,14.12,0.91,18.56,0.81,50.0,0.79,5.0,0.77,6.0,0.97,76.92,0.98,147.69,0.99,7078.6,,,,,0.03,76.92,0.02,147.69,0.01,7078.6,,,,,0.05,14.12,0.09,18.56,0.19,50.0,0.21,5.0,0.23,6.0,0.02,0.02,0.094318,1776166326000
1776166327.762,127.762,0.91,18.56,0.75,5.0,0.71,50.0,0.69,5.0,0.62,13.0,0.97,76.92,0.98,147.69,0.99,6578.6,,,,,0.03,76.92,0.02,147.69,0.01,7078.6,,,,,0.05,14.12,0.09,18.56,0.19,50.0,0.21,5.0,0.23,6.0,0.06,0.02,0.094318,1776166326000
1776166328.336,128.336,0.76,5.0,0.71,90.0,0.69,5.0,0.62,13.0,0.61,60.0,0.97,76.92,0.98,147.69,0.99,6578.6,,,,,0.03,76.92,0.02,147.69,0.01,6578.6,,,,,0.09,18.56,0.25,5.0,0.29,50.0,0.31,5.0,0.38,13.0,0.21,0.06,0.094318,1776166326000
1776166328.742,128.742,0.71,89.84,0.69,5.0,0.62,13.0,0.61,50.0,0.6,10.0,0.97,76.92,0.98,147.69,0.99,6578.6,,,,,0.03,76.92,0.02,147.69,0.01,6578.6,,,,,0.24,5.0,0.29,90.0,0.31,5.0,0.38,13.0,0.39,60.0,0.26,0.21,0.094316,1776166327000
1776166329.093,129.093,0.81,50.0,0.76,5.0,0.71,49.84,0.62,13.0,0.61,50.0,0.97,76.85,0.98,147.69,0.99,6578.6,,,,,0.03,76.85,0.02,147.69,0.01,6578.6,,,,,0.19,50.0,0.24,5.0,0.29,49.84,0.38,13.0,0.39,50.0,0.16,0.16,0.094311,1776166328000
1776166329.534,129.534,0.79,23.0,0.76,5.0,0.71,49.84,0.69,5.0,0.62,13.0,0.89,45.0,0.97,76.85,0.98,147.69,0.99,6578.6,,,0.03,76.85,0.02,147.69,0.01,6578.6,,,,,0.19,50.0,0.24,5.0,0.29,49.84,0.38,13.0,0.39,50.0,0.1,0.16,0.094311,1776166328000
1776166330.122,130.122,0.79,23.0,0.76,5.0,0.71,49.84,0.69,5.0,0.62,13.0,0.89,45.0,0.97,76.85,0.98,147.69,0.99,6578.6,,,0.11,45.0,0.03,76.85,0.02,147.69,0.01,6578.6,,,0.21,23.0,0.24,5.0,0.29,49.84,0.31,5.0,0.38,13.0,0.1,0.1,0.094307,1776166329000
1776166331.165,131.165,0.79,23.0,0.73,5.0,0.71,49.84,0.66,5.0,0.62,13.0,0.89,45.0,0.95,111.01,0.96,147.02,0.97,76.85,0.98,147.69,0.11,45.0,0.03,76.85,0.02,147.69,0.01,6578.6,,,0.21,23.0,0.24,5.0,0.29,49.84,0.31,5.0,0.38,13.0,0.1,0.1,0.094307,1776166329000
1776166332.274,132.274,0.79,23.0,0.73,5.0,0.71,49.84,0.66,5.0,0.62,13.0,0.89,45.0,0.95,111.01,0.96,147.02,0.97,76.85,0.98,147.69,0.11,45.0,0.05,111.01,0.04,147.02,0.03,76.85,0.02,147.69,0.21,23.0,0.27,5.0,0.29,49.84,0.34,5.0,0.38,13.0,0.1,0.1,0.094307,1776166331000
1776166333.307,133.307,0.79,23.0,0.73,5.0,0.71,49.84,0.66,5.0,0.62,13.0,0.89,45.0,0.95,111.01,0.96,147.02,0.97,76.85,0.98,147.69,0.11,45.0,0.05,111.01,0.04,147.02,0.03,76.85,0.02,147.69,0.21,23.0,0.27,5.0,0.29,49.84,0.34,5.0,0.38,13.0,0.1,0.1,0.094276,1776166332000
1776166334.391,134.391,0.79,23.0,0.73,5.0,0.71,49.84,0.66,5.0,0.62,13.0,0.89,45.0,0.95,111.01,0.96,147.02,0.97,76.85,0.98,147.69,0.11,45.0,0.05,111.01,0.04,147.02,0.03,76.85,0.02,147.69,0.21,23.0,0.27,5.0,0.29,49.84,0.34,5.0,0.38,13.0,0.1,0.1,0.094257,1776166333000
1776166335.476,135.476,0.79,23.0,0.73,5.0,0.71,49.84,0.66,5.0,0.62,13.0,0.89,45.0,0.95,111.01,0.96,147.02,0.97,76.85,0.98,147.69,0.11,45.0,0.05,111.01,0.04,147.02,0.03,76.85,0.02,147.69,0.21,23.0,0.27,5.0,0.29,49.84,0.34,5.0,0.38,13.0,0.1,0.1,0.094257,1776166334000
1776166336.273,136.273,0.79,23.0,0.73,5.0,0.71,49.84,0.66,5.0,0.62,13.0,0.89,45.0,0.95,111.01,0.96,147.02,0.97,76.85,0.98,147.69,0.11,45.0,0.05,111.01,0.04,147.02,0.03,76.85,0.02,147.69,0.21,23.0,0.27,5.0,0.29,49.84,0.34,5.0,0.38,13.0,0.1,0.1,0.094259,1776166335000
1776166337.255,137.255,0.79,23.0,0.73,5.0,0.71,49.84,0.66,5.0,0.62,13.0,0.89,45.0,0.95,111.01,0.96,147.02,0.97,76.85,0.98,147.69,0.11,45.0,0.05,111.01,0.04,147.02,0.03,76.85,0.02,147.69,0.21,23.0,0.27,5.0,0.29,49.84,0.34,5.0,0.38,13.0,0.1,0.1,0.094258,1776166336000
1776166338.135,138.135,0.79,23.0,0.71,49.84,0.7,40.0,0.62,13.0,0.61,50.0,0.8,25.0,0.95,111.01,0.96,147.02,0.97,76.85,0.98,147.69,0.11,45.0,0.05,111.01,0.04,147.02,0.03,76.85,0.02,147.69,0.21,23.0,0.27,5.0,0.29,49.84,0.34,5.0,0.38,13.0,0.01,0.1,0.094258,1776166336000
1776166339.319,139.319,0.79,23.0,0.71,49.84,0.7,40.0,0.62,13.0,0.61,50.0,0.8,25.0,0.95,111.01,0.96,147.02,0.97,76.85,0.98,147.69,0.2,25.0,0.05,111.01,0.04,147.02,0.03,76.85,0.02,147.69,0.21,23.0,0.29,49.84,0.3,40.0,0.38,13.0,0.39,50.0,0.01,0.01,0.094257,1776166338000
1776166340.105,140.105,0.81,25.0,0.79,23.0,0.78,5.0,0.77,40.0,0.71,54.84,0.91,5.0,0.95,111.01,0.96,147.02,0.97,76.85,0.98,147.69,0.2,25.0,0.05,111.01,0.04,147.02,0.03,76.85,0.02,147.69,0.21,23.0,0.29,49.84,0.3,40.0,0.38,13.0,0.39,50.0,0.1,0.01,0.094257,1776166338000
1776166340.502,140.502,0.81,49.57,0.76,5.0,0.75,40.0,0.71,49.84,0.7,5.0,0.9,5.0,0.91,55.0,0.95,111.01,0.96,147.02,0.97,76.85,0.09,5.0,0.05,111.01,0.04,147.02,0.03,76.85,0.02,147.69,0.19,25.0,0.21,23.0,0.22,5.0,0.23,40.0,0.29,54.84,0.09,0.1,0.094284,1776166339000
1776166341.288,141.288,0.81,49.57,0.76,5.0,0.75,40.0,0.71,49.84,0.7,5.0,0.9,5.0,0.91,55.0,0.95,111.01,0.96,147.02,0.97,76.85,0.1,5.0,0.09,55.0,0.05,111.01,0.04,147.02,0.03,76.85,0.19,49.57,0.24,5.0,0.25,40.0,0.29,49.84,0.3,5.0,0.09,0.09,0.094293,1776166340000
1776166342.455,142.455,0.81,49.57,0.76,5.0,0.75,40.0,0.71,49.84,0.7,5.0,0.9,5.0,0.91,55.0,0.95,111.01,0.96,147.02,0.97,76.85,0.1,5.0,0.09,55.0,0.05,111.01,0.04,147.02,0.03,76.85,0.19,49.57,0.24,5.0,0.25,40.0,0.29,49.84,0.3,5.0,0.09,0.09,0.094307,1776166341000
1776166343.106,143.106,0.79,28.0,0.73,5.0,0.71,49.84,0.69,10.0,0.62,13.0,0.8,19.93,0.93,5.0,0.95,111.01,0.96,147.02,0.97,76.85,0.1,5.0,0.09,55.0,0.05,111.01,0.04,147.02,0.03,76.85,0.19,49.57,0.24,5.0,0.25,40.0,0.29,49.84,0.3,5.0,0.01,0.09,0.094307,1776166341000
1776166343.44,143.44,0.8,20.07,0.79,28.0,0.73,5.0,0.71,49.84,0.69,10.0,0.93,5.0,0.95,111.01,0.96,147.02,0.97,76.85,0.98,147.69,0.07,5.0,0.05,111.01,0.04,147.02,0.03,76.85,0.02,147.69,0.2,20.07,0.21,28.0,0.27,5.0,0.29,49.84,0.31,10.0,0.13,0.13,0.094321,1776166342000
1776166343.954,143.954,0.8,20.07,0.79,28.0,0.73,5.0,0.71,49.84,0.69,10.0,0.93,5.0,0.95,111.01,0.96,147.02,0.97,76.85,0.98,147.69,0.07,5.0,0.05,111.01,0.04,147.02,0.03,76.85,0.02,147.69,0.2,20.07,0.21,28.0,0.27,5.0,0.29,49.84,0.31,10.0,0.13,0.13,0.094324,1776166343000
1776166344.323,144.323,0.79,23.23,0.77,20.07,0.73,5.0,0.71,49.84,0.68,10.0,0.82,27.0,0.93,5.0,0.95,111.01,0.96,147.02,0.97,76.85,0.07,5.0,0.05,111.01,0.04,147.02,0.03,76.85,0.02,147.69,0.2,20.07,0.21,28.0,0.27,5.0,0.29,49.84,0.31,10.0,0.03,0.13,0.094324,1776166343000
1776166345.042,145.042,0.79,23.23,0.77,20.07,0.73,5.0,0.71,49.84,0.68,10.0,0.82,27.0,0.93,5.0,0.95,111.01,0.96,147.02,0.97,76.85,0.18,27.0,0.07,5.0,0.05,111.01,0.04,147.02,0.03,76.85,0.21,23.23,0.23,20.07,0.27,5.0,0.29,49.84,0.32,10.0,0.03,0.03,0.094333,1776166344000
1776166345.911,145.911,0.79,23.23,0.77,20.07,0.73,5.0,0.71,49.84,0.68,10.0,0.82,27.0,0.93,5.0,0.95,111.01,0.96,147.02,0.97,76.85,0.18,27.0,0.07,5.0,0.05,111.01,0.04,147.02,0.03,76.85,0.21,23.23,0.23,20.07,0.27,5.0,0.29,49.84,0.32,10.0,0.03,0.03,0.094333,1776166345000
1776166346.642,146.642,0.89,107.0,0.84,10.0,0.81,50.0,0.8,25.0,0.71,49.84,0.9,29.93,0.95,111.01,0.96,147.02,0.98,15.0,0.99,6583.75,0.18,27.0,0.07,5.0,0.05,111.01,0.04,147.02,0.03,76.85,0.21,23.23,0.23,20.07,0.27,5.0,0.29,49.84,0.32,10.0,0.01,0.03,0.094333,1776166345000
1776166347.059,147.059,0.89,107.0,0.84,10.0,0.81,50.0,0.8,25.0,0.71,49.84,0.9,29.93,0.95,111.01,0.96,147.02,0.98,15.0,0.99,6583.75,0.1,29.93,0.05,111.01,0.04,147.02,0.02,15.0,0.01,6583.75,0.11,107.0,0.16,10.0,0.19,50.0,0.2,25.0,0.29,49.84,0.01,0.01,0.094341,1776166346000
1776166347.963,147.963,0.89,107.0,0.84,10.0,0.81,50.0,0.8,25.0,0.71,49.84,0.9,29.93,0.95,111.01,0.96,147.02,0.98,15.0,0.99,6583.75,0.1,29.93,0.05,111.01,0.04,147.02,0.02,15.0,0.01,6583.75,0.11,107.0,0.16,10.0,0.19,50.0,0.2,25.0,0.29,49.84,0.01,0.01,0.094436,1776166347000
1776166348.98,148.98,0.89,107.0,0.84,10.0,0.81,50.0,0.8,25.0,0.71,49.84,0.9,29.93,0.95,111.01,0.96,147.02,0.98,15.0,0.99,6583.75,0.1,29.93,0.05,111.01,0.04,147.02,0.02,15.0,0.01,6583.75,0.11,107.0,0.16,10.0,0.19,50.0,0.2,25.0,0.29,49.84,0.01,0.01,0.094455,1776166348000
1776166350.004,150.004,0.89,107.0,0.84,10.0,0.81,50.0,0.8,25.0,0.71,49.84,0.9,29.93,0.95,111.01,0.96,147.02,0.98,15.0,0.99,6583.75,0.1,29.93,0.05,111.01,0.04,147.02,0.02,15.0,0.01,6583.75,0.11,107.0,0.16,10.0,0.19,50.0,0.2,25.0,0.29,49.84,0.01,0.01,0.094498,1776166349000
1776166350.341,150.341,0.92,105.15,0.88,5.0,0.87,10.0,0.83,6.0,0.81,50.0,0.93,71.0,0.95,111.01,0.96,147.02,0.98,15.0,0.99,5483.75,0.1,29.93,0.05,111.01,0.04,147.02,0.02,15.0,0.01,6583.75,0.11,107.0,0.16,10.0,0.19,50.0,0.2,25.0,0.29,49.84,0.01,0.01,0.094498,1776166349000
1776166350.704,150.704,0.92,103.0,0.91,5.0,0.88,5.0,0.87,10.0,0.83,6.0,0.93,47.35,0.95,111.01,0.96,147.02,0.98,15.0,0.99,5483.75,0.07,71.0,0.05,111.01,0.04,147.02,0.02,15.0,0.01,5483.75,0.08,105.15,0.12,5.0,0.13,10.0,0.17,6.0,0.19,50.0,0.01,0.01,0.094498,1776166349000
1776166350.999,150.999,0.92,103.0,0.91,5.0,0.88,5.0,0.87,10.0,0.83,6.0,0.93,47.35,0.95,111.01,0.96,147.02,0.98,15.0,0.99,5483.75,0.07,47.35,0.05,111.01,0.04,147.02,0.02,15.0,0.01,5483.75,0.08,103.0,0.09,5.0,0.12,5.0,0.13,10.0,0.17,6.0,0.01,0.01,0.094495,1776166350000
1776166352.022,152.022,0.92,103.0,0.91,5.0,0.88,5.0,0.87,10.0,0.83,6.0,0.93,47.35,0.95,111.01,0.96,147.02,0.98,15.0,0.99,5483.75,0.07,47.35,0.05,111.01,0.04,147.02,0.02,15.0,0.01,5483.75,0.08,103.0,0.09,5.0,0.12,5.0,0.13,10.0,0.17,6.0,0.01,0.01,0.094482,1776166351000
1776166352.924,152.924,0.92,103.0,0.91,5.0,0.88,5.0,0.87,10.0,0.83,6.0,0.93,47.35,0.95,111.01,0.96,147.02,0.98,15.0,0.99,5483.75,0.07,47.35,0.05,111.01,0.04,147.02,0.02,15.0,0.01,5483.75,0.08,103.0,0.09,5.0,0.12,5.0,0.13,10.0,0.17,6.0,0.01,0.01,0.094482,1776166352000
1776166353.963,153.963,0.92,103.0,0.91,5.0,0.88,5.0,0.87,10.0,0.83,6.0,0.93,47.35,0.95,111.01,0.96,147.02,0.98,15.0,0.99,5483.75,0.07,47.35,0.05,111.01,0.04,147.02,0.02,15.0,0.01,5483.75,0.08,103.0,0.09,5.0,0.12,5.0,0.13,10.0,0.17,6.0,0.01,0.01,0.094476,1776166353000
1776166354.924,154.924,0.92,103.0,0.91,5.0,0.88,5.0,0.87,10.0,0.83,6.0,0.93,47.35,0.95,111.01,0.96,147.02,0.98,15.0,0.99,5483.75,0.07,47.35,0.05,111.01,0.04,147.02,0.02,15.0,0.01,5483.75,0.08,103.0,0.09,5.0,0.12,5.0,0.13,10.0,0.17,6.0,0.01,0.01,0.094481,1776166354000
1776166356.326,156.326,0.92,103.0,0.91,5.0,0.88,5.0,0.87,10.0,0.83,6.0,0.93,47.35,0.95,111.01,0.96,147.02,0.98,15.0,0.99,5483.75,0.07,47.35,0.05,111.01,0.04,147.02,0.02,15.0,0.01,5483.75,0.08,103.0,0.09,5.0,0.12,5.0,0.13,10.0,0.17,6.0,0.01,0.01,0.094491,1776166355000
1776166357.65,157.65,0.92,103.0,0.91,5.0,0.88,5.0,0.87,10.0,0.83,6.0,0.93,47.35,0.95,111.01,0.96,147.02,0.98,15.0,0.99,5483.75,0.07,47.35,0.05,111.01,0.04,147.02,0.02,15.0,0.01,5483.75,0.08,103.0,0.09,5.0,0.12,5.0,0.13,10.0,0.17,6.0,0.01,0.01,0.094493,1776166356000
1776166358.225,158.225,0.92,103.0,0.91,5.0,0.88,5.0,0.87,10.0,0.83,6.0,0.93,47.35,0.95,111.01,0.96,147.02,0.98,15.0,0.99,5483.75,0.07,47.35,0.05,111.01,0.04,147.02,0.02,15.0,0.01,5483.75,0.08,103.0,0.09,5.0,0.12,5.0,0.13,10.0,0.17,6.0,0.01,0.01,0.094488,1776166357000
1776166359.317,159.317,0.92,40.5,0.88,5.0,0.83,5.0,0.81,50.0,0.8,35.0,0.93,71.0,0.95,111.01,0.96,147.02,0.98,15.0,0.99,5483.75,0.07,47.35,0.05,111.01,0.04,147.02,0.02,15.0,0.01,5483.75,0.08,103.0,0.09,5.0,0.12,5.0,0.13,10.0,0.17,6.0,0.01,0.01,0.094488,1776166357000
1776166359.577,159.577,0.92,40.5,0.88,5.0,0.83,5.0,0.81,50.0,0.8,35.0,0.93,71.0,0.95,111.01,0.96,147.02,0.98,15.0,0.99,5483.75,0.07,71.0,0.05,111.01,0.04,147.02,0.02,15.0,0.01,5483.75,0.08,40.5,0.12,5.0,0.17,5.0,0.19,50.0,0.2,35.0,0.01,0.01,0.094456,1776166358000
1776166360.083,160.083,0.92,40.5,0.88,5.0,0.83,5.0,0.81,50.0,0.8,35.0,0.93,71.0,0.95,111.01,0.96,147.02,0.98,15.0,0.99,5483.75,0.07,71.0,0.05,111.01,0.04,147.02,0.02,15.0,0.01,5483.75,0.08,40.5,0.12,5.0,0.17,5.0,0.19,50.0,0.2,35.0,0.01,0.01,0.094449,1776166359000
1776166361.306,161.306,0.92,40.5,0.88,5.0,0.83,5.0,0.81,50.0,0.8,35.0,0.93,71.0,0.95,111.01,0.96,147.02,0.98,15.0,0.99,5483.75,0.07,71.0,0.05,111.01,0.04,147.02,0.02,15.0,0.01,5483.75,0.08,40.5,0.12,5.0,0.17,5.0,0.19,50.0,0.2,35.0,0.01,0.01,0.094423,1776166360000
1776166362.488,162.488,0.92,40.5,0.88,5.0,0.83,5.0,0.81,50.0,0.8,35.0,0.93,71.0,0.95,111.01,0.96,147.02,0.98,15.0,0.99,5483.75,0.07,71.0,0.05,111.01,0.04,147.02,0.02,15.0,0.01,5483.75,0.08,40.5,0.12,5.0,0.17,5.0,0.19,50.0,0.2,35.0,0.01,0.01,0.094409,1776166361000
1776166363.063,163.063,0.92,40.5,0.88,5.0,0.83,5.0,0.81,50.0,0.8,35.0,0.93,71.0,0.95,111.01,0.96,147.02,0.98,15.0,0.99,5483.75,0.07,71.0,0.05,111.01,0.04,147.02,0.02,15.0,0.01,5483.75,0.08,40.5,0.12,5.0,0.17,5.0,0.19,50.0,0.2,35.0,0.01,0.01,0.094407,1776166362000
1776166364.199,164.199,0.92,40.5,0.88,5.0,0.83,5.0,0.81,50.0,0.8,35.0,0.93,71.0,0.95,111.01,0.96,147.02,0.98,15.0,0.99,5483.75,0.07,71.0,0.05,111.01,0.04,147.02,0.02,15.0,0.01,5483.75,0.08,40.5,0.12,5.0,0.17,5.0,0.19,50.0,0.2,35.0,0.01,0.01,0.09443,1776166363000
1776166365.395,165.395,0.92,40.5,0.88,5.0,0.83,5.0,0.81,50.0,0.8,35.0,0.93,71.0,0.95,111.01,0.96,147.02,0.98,15.0,0.99,5483.75,0.07,71.0,0.05,111.01,0.04,147.02,0.02,15.0,0.01,5483.75,0.08,40.5,0.12,5.0,0.17,5.0,0.19,50.0,0.2,35.0,0.01,0.01,0.094431,1776166364000
1776166365.964,165.964,0.92,40.5,0.88,5.0,0.83,5.0,0.81,50.0,0.8,35.0,0.93,71.0,0.95,111.01,0.96,147.02,0.98,15.0,0.99,5483.75,0.07,71.0,0.05,111.01,0.04,147.02,0.02,15.0,0.01,5483.75,0.08,40.5,0.12,5.0,0.17,5.0,0.19,50.0,0.2,35.0,0.01,0.01,0.094431,1776166365000
1776166366.494,166.494,0.92,40.5,0.89,5.0,0.85,5.0,0.82,10.0,0.81,50.0,0.93,6.05,0.95,111.01,0.96,147.02,0.98,15.0,0.99,5483.75,0.07,38.74,0.05,111.01,0.04,147.02,0.02,15.0,0.01,5483.75,0.08,40.5,0.11,5.0,0.15,5.0,0.18,10.0,0.19,50.0,0.01,0.01,0.094431,1776166365000
1776166367.068,167.068,0.92,40.5,0.89,5.0,0.85,5.0,0.82,10.0,0.81,50.0,0.93,6.05,0.95,111.01,0.96,147.02,0.98,15.0,0.99,5483.75,0.07,6.05,0.05,111.01,0.04,147.02,0.02,15.0,0.01,5483.75,0.08,40.5,0.11,5.0,0.15,5.0,0.18,10.0,0.19,50.0,0.01,0.01,0.094422,1776166366000
1776166368.179,168.179,0.92,40.5,0.89,5.0,0.85,5.0,0.82,10.0,0.81,50.0,0.95,100.94,0.96,147.02,0.98,15.0,0.99,5483.75,,,0.05,100.94,0.04,147.02,0.02,15.0,0.01,5483.75,,,0.08,40.5,0.11,5.0,0.15,5.0,0.18,10.0,0.19,50.0,0.03,0.03,0.094414,1776166367000
1776166369.326,169.326,0.92,40.5,0.89,5.0,0.85,5.0,0.82,10.0,0.81,50.0,0.95,100.94,0.96,147.02,0.98,15.0,0.99,5483.75,,,0.05,100.94,0.04,147.02,0.02,15.0,0.01,5483.75,,,0.08,40.5,0.11,5.0,0.15,5.0,0.18,10.0,0.19,50.0,0.03,0.03,0.094413,1776166368000
1776166370.405,170.405,0.92,40.5,0.89,5.0,0.85,5.0,0.82,10.0,0.81,50.0,0.95,100.94,0.96,147.02,0.98,15.0,0.99,5483.75,,,0.05,100.94,0.04,147.02,0.02,15.0,0.01,5483.75,,,0.08,40.5,0.11,5.0,0.15,5.0,0.18,10.0,0.19,50.0,0.03,0.03,0.094411,1776166369000
1776166371.337,171.337,0.92,40.5,0.89,5.0,0.85,5.0,0.82,10.0,0.81,50.0,0.95,100.94,0.96,147.02,0.98,15.0,0.99,5483.75,,,0.05,100.94,0.04,147.02,0.02,15.0,0.01,5483.75,,,0.08,40.5,0.11,5.0,0.15,5.0,0.18,10.0,0.19,50.0,0.03,0.03,0.094411,1776166370000
1776166372.331,172.331,0.92,40.5,0.89,5.0,0.85,5.0,0.82,10.0,0.81,50.0,0.95,100.94,0.96,147.02,0.98,15.0,0.99,5483.75,,,0.05,100.94,0.04,147.02,0.02,15.0,0.01,5483.75,,,0.08,40.5,0.11,5.0,0.15,5.0,0.18,10.0,0.19,50.0,0.03,0.03,0.094409,1776166371000
1776166372.942,172.942,0.92,40.5,0.89,5.0,0.85,5.0,0.82,10.0,0.81,50.0,0.95,100.94,0.96,147.02,0.98,15.0,0.99,5483.75,,,0.05,100.94,0.04,147.02,0.02,15.0,0.01,5483.75,,,0.08,40.5,0.11,5.0,0.15,5.0,0.18,10.0,0.19,50.0,0.03,0.03,0.094406,1776166372000
1776166374.02,174.02,0.92,40.5,0.89,5.0,0.85,5.0,0.82,10.0,0.81,50.0,0.95,100.94,0.96,147.02,0.98,15.0,0.99,5483.75,,,0.05,100.94,0.04,147.02,0.02,15.0,0.01,5483.75,,,0.08,40.5,0.11,5.0,0.15,5.0,0.18,10.0,0.19,50.0,0.03,0.03,0.094405,1776166373000
1776166374.976,174.976,0.92,40.5,0.89,5.0,0.85,5.0,0.82,10.0,0.81,50.0,0.95,100.94,0.96,147.02,0.98,15.0,0.99,5483.75,,,0.05,100.94,0.04,147.02,0.02,15.0,0.01,5483.75,,,0.08,40.5,0.11,5.0,0.15,5.0,0.18,10.0,0.19,50.0,0.03,0.03,0.094405,1776166374000
1776166375.994,175.994,0.92,40.5,0.89,5.0,0.85,5.0,0.82,10.0,0.81,50.0,0.95,100.94,0.96,147.02,0.98,15.0,0.99,5483.75,,,0.05,100.94,0.04,147.02,0.02,15.0,0.01,5483.75,,,0.08,40.5,0.11,5.0,0.15,5.0,0.18,10.0,0.19,50.0,0.03,0.03,0.094405,1776166375000
1776166376.991,176.991,0.92,40.5,0.89,5.0,0.85,5.0,0.82,10.0,0.81,50.0,0.95,100.94,0.96,147.02,0.98,15.0,0.99,5483.75,,,0.05,100.94,0.04,147.02,0.02,15.0,0.01,5483.75,,,0.08,40.5,0.11,5.0,0.15,5.0,0.18,10.0,0.19,50.0,0.03,0.03,0.094405,1776166376000
1776166377.964,177.964,0.92,40.5,0.89,5.0,0.85,5.0,0.82,10.0,0.81,50.0,0.95,100.94,0.96,147.02,0.98,15.0,0.99,5483.75,,,0.05,100.94,0.04,147.02,0.02,15.0,0.01,5483.75,,,0.08,40.5,0.11,5.0,0.15,5.0,0.18,10.0,0.19,50.0,0.03,0.03,0.094406,1776166377000
1776166378.963,178.963,0.92,40.5,0.89,5.0,0.85,5.0,0.82,10.0,0.81,50.0,0.95,100.94,0.96,147.02,0.98,15.0,0.99,5483.75,,,0.05,100.94,0.04,147.02,0.02,15.0,0.01,5483.75,,,0.08,40.5,0.11,5.0,0.15,5.0,0.18,10.0,0.19,50.0,0.03,0.03,0.094406,1776166378000
1776166379.98,179.98,0.92,40.5,0.89,5.0,0.85,5.0,0.82,10.0,0.81,50.0,0.95,100.94,0.96,147.02,0.98,15.0,0.99,5483.75,,,0.05,100.94,0.04,147.02,0.02,15.0,0.01,5483.75,,,0.08,40.5,0.11,5.0,0.15,5.0,0.18,10.0,0.19,50.0,0.03,0.03,0.094406,1776166379000
1776166381.073,181.073,0.92,40.5,0.89,5.0,0.85,5.0,0.82,10.0,0.81,50.0,0.95,100.94,0.96,147.02,0.98,15.0,0.99,5483.75,,,0.05,100.94,0.04,147.02,0.02,15.0,0.01,5483.75,,,0.08,40.5,0.11,5.0,0.15,5.0,0.18,10.0,0.19,50.0,0.03,0.03,0.094401,1776166380000
1776166382.157,182.157,0.92,40.5,0.89,5.0,0.85,5.0,0.82,10.0,0.81,50.0,0.95,100.94,0.96,147.02,0.98,15.0,0.99,5483.75,,,0.05,100.94,0.04,147.02,0.02,15.0,0.01,5483.75,,,0.08,40.5,0.11,5.0,0.15,5.0,0.18,10.0,0.19,50.0,0.03,0.03,0.094358,1776166381000
1776166383.054,183.054,0.92,40.5,0.89,5.0,0.85,5.0,0.82,10.0,0.81,50.0,0.95,100.94,0.96,147.02,0.98,15.0,0.99,5483.75,,,0.05,100.94,0.04,147.02,0.02,15.0,0.01,5483.75,,,0.08,40.5,0.11,5.0,0.15,5.0,0.18,10.0,0.19,50.0,0.03,0.03,0.094358,1776166382000
1776166384.717,184.717,0.92,40.5,0.89,5.0,0.85,5.0,0.82,10.0,0.81,50.0,0.95,100.94,0.96,147.02,0.98,15.0,0.99,5483.75,,,0.05,100.94,0.04,147.02,0.02,15.0,0.01,5483.75,,,0.08,40.5,0.11,5.0,0.15,5.0,0.18,10.0,0.19,50.0,0.03,0.03,0.094348,1776166383000
1776166385.146,185.146,0.92,40.5,0.89,5.0,0.85,5.0,0.82,10.0,0.81,50.0,0.95,100.94,0.96,147.02,0.98,15.0,0.99,5483.75,,,0.05,100.94,0.04,147.02,0.02,15.0,0.01,5483.75,,,0.08,40.5,0.11,5.0,0.15,5.0,0.18,10.0,0.19,50.0,0.03,0.03,0.094337,1776166384000
1776166386.191,186.191,0.92,40.5,0.89,5.0,0.85,5.0,0.82,10.0,0.81,50.0,0.95,100.94,0.96,147.02,0.98,15.0,0.99,5483.75,,,0.05,100.94,0.04,147.02,0.02,15.0,0.01,5483.75,,,0.08,40.5,0.11,5.0,0.15,5.0,0.18,10.0,0.19,50.0,0.03,0.03,0.094337,1776166385000
1776166387.045,187.045,0.92,40.5,0.89,5.0,0.85,5.0,0.82,10.0,0.81,50.0,0.95,100.94,0.96,147.02,0.98,15.0,0.99,5483.75,,,0.05,100.94,0.04,147.02,0.02,15.0,0.01,5483.75,,,0.08,40.5,0.11,5.0,0.15,5.0,0.18,10.0,0.19,50.0,0.03,0.03,0.094334,1776166386000
1776166387.532,187.532,0.8,25.0,0.79,5.0,0.73,10.0,0.71,49.84,0.7,5.0,0.89,6.04,0.91,55.0,0.94,5.0,0.95,100.94,0.96,147.02,0.05,100.94,0.04,147.02,0.02,15.0,0.01,5483.75,,,0.08,40.5,0.11,5.0,0.15,5.0,0.18,10.0,0.19,50.0,0.09,0.03,0.094334,1776166386000
1776166387.991,187.991,0.8,25.0,0.79,5.0,0.73,10.0,0.71,49.84,0.7,5.0,0.89,6.04,0.91,55.0,0.94,5.0,0.95,100.94,0.96,147.02,0.11,6.04,0.09,55.0,0.06,5.0,0.05,100.94,0.04,147.02,0.2,25.0,0.21,5.0,0.27,10.0,0.29,49.84,0.3,5.0,0.09,0.09,0.094333,1776166387000
1776166388.97,188.97,0.8,25.0,0.79,5.0,0.73,10.0,0.71,49.84,0.7,5.0,0.89,6.04,0.91,55.0,0.94,5.0,0.95,100.94,0.96,147.02,0.11,6.04,0.09,55.0,0.06,5.0,0.05,100.94,0.04,147.02,0.2,25.0,0.21,5.0,0.27,10.0,0.29,49.84,0.3,5.0,0.09,0.09,0.094331,1776166388000
1776166389.936,189.936,0.8,25.0,0.79,5.0,0.73,10.0,0.71,49.84,0.7,5.0,0.89,6.04,0.91,55.0,0.94,5.0,0.95,100.94,0.96,147.02,0.11,6.04,0.09,55.0,0.06,5.0,0.05,100.94,0.04,147.02,0.2,25.0,0.21,5.0,0.27,10.0,0.29,49.84,0.3,5.0,0.09,0.09,0.094331,1776166389000
1776166390.884,190.884,0.8,25.0,0.79,5.0,0.73,10.0,0.71,49.84,0.7,5.0,0.89,6.04,0.91,55.0,0.94,5.0,0.95,100.94,0.96,147.02,0.11,6.04,0.09,55.0,0.06,5.0,0.05,100.94,0.04,147.02,0.2,25.0,0.21,5.0,0.27,10.0,0.29,49.84,0.3,5.0,0.09,0.09,0.094331,1776166390000
1776166392.406,192.406,0.8,25.0,0.79,5.0,0.73,10.0,0.71,49.84,0.7,5.0,0.89,6.04,0.91,55.0,0.94,5.0,0.95,100.94,0.96,147.02,0.11,6.04,0.09,55.0,0.06,5.0,0.05,100.94,0.04,147.02,0.2,25.0,0.21,5.0,0.27,10.0,0.29,49.84,0.3,5.0,0.09,0.09,0.09433,1776166391000
1776166392.855,192.855,0.8,25.0,0.79,5.0,0.73,10.0,0.71,49.84,0.7,5.0,0.89,6.04,0.91,55.0,0.94,5.0,0.95,100.94,0.96,147.02,0.11,6.04,0.09,55.0,0.06,5.0,0.05,100.94,0.04,147.02,0.2,25.0,0.21,5.0,0.27,10.0,0.29,49.84,0.3,5.0,0.09,0.09,0.094329,1776166392000
1776166394.307,194.307,0.8,25.0,0.79,5.0,0.73,10.0,0.71,49.84,0.7,5.0,0.89,6.04,0.91,55.0,0.94,5.0,0.95,100.94,0.96,147.02,0.11,6.04,0.09,55.0,0.06,5.0,0.05,100.94,0.04,147.02,0.2,25.0,0.21,5.0,0.27,10.0,0.29,49.84,0.3,5.0,0.09,0.09,0.094336,1776166393000
1776166395.338,195.338,0.8,25.0,0.79,5.0,0.73,10.0,0.71,49.84,0.7,5.0,0.89,6.04,0.91,55.0,0.94,5.0,0.95,100.94,0.96,147.02,0.11,6.04,0.09,55.0,0.06,5.0,0.05,100.94,0.04,147.02,0.2,25.0,0.21,5.0,0.27,10.0,0.29,49.84,0.3,5.0,0.09,0.09,0.094338,1776166394000
1776166396.207,196.207,0.8,25.0,0.79,5.0,0.73,10.0,0.71,49.84,0.7,5.0,0.89,6.04,0.91,55.0,0.94,5.0,0.95,100.94,0.96,147.02,0.11,6.04,0.09,55.0,0.06,5.0,0.05,100.94,0.04,147.02,0.2,25.0,0.21,5.0,0.27,10.0,0.29,49.84,0.3,5.0,0.09,0.09,0.094342,1776166395000
1776166397.132,197.132,0.8,25.0,0.79,5.0,0.73,10.0,0.71,49.84,0.7,5.0,0.89,6.04,0.91,55.0,0.94,5.0,0.95,100.94,0.96,147.02,0.11,6.04,0.09,55.0,0.06,5.0,0.05,100.94,0.04,147.02,0.2,25.0,0.21,5.0,0.27,10.0,0.29,49.84,0.3,5.0,0.09,0.09,0.094365,1776166396000
1776166398.141,198.141,0.8,25.0,0.79,5.0,0.73,10.0,0.71,49.84,0.7,5.0,0.89,6.04,0.91,55.0,0.94,5.0,0.95,100.94,0.96,147.02,0.11,6.04,0.09,55.0,0.06,5.0,0.05,100.94,0.04,147.02,0.2,25.0,0.21,5.0,0.27,10.0,0.29,49.84,0.3,5.0,0.09,0.09,0.094372,1776166397000
1776166399.152,199.152,0.8,25.0,0.79,5.0,0.73,10.0,0.71,49.84,0.7,5.0,0.89,6.04,0.91,55.0,0.94,5.0,0.95,100.94,0.96,147.02,0.11,6.04,0.09,55.0,0.06,5.0,0.05,100.94,0.04,147.02,0.2,25.0,0.21,5.0,0.27,10.0,0.29,49.84,0.3,5.0,0.09,0.09,0.094367,1776166398000
1776166400.839,200.839,0.82,10.65,0.81,116.89,0.8,41.3,0.79,15.7,0.78,15.2,0.95,100.94,0.96,147.02,0.98,15.0,0.99,5488.75,,,0.11,6.04,0.09,55.0,0.06,5.0,0.05,100.94,0.04,147.02,0.2,25.0,0.21,5.0,0.27,10.0,0.29,49.84,0.3,5.0,0.13,0.09,0.094367,1776166398000
1776166401.351,201.351,0.82,10.65,0.81,116.89,0.8,41.3,0.79,15.7,0.78,15.2,0.95,79.88,0.96,147.02,0.98,15.0,0.99,5488.75,,,0.05,100.94,0.04,147.02,0.02,15.0,0.01,5488.75,,,0.18,10.65,0.19,116.89,0.2,41.3,0.21,15.7,0.22,15.2,0.13,0.13,0.094377,1776166400000
1776166402.199,202.199,0.82,10.65,0.81,116.89,0.8,41.3,0.79,15.7,0.78,15.2,0.95,79.88,0.96,147.02,0.98,15.0,0.99,5488.75,,,0.05,79.88,0.04,147.02,0.02,15.0,0.01,5488.75,,,0.18,10.65,0.19,116.89,0.2,41.3,0.21,15.7,0.22,15.2,0.13,0.13,0.094376,1776166401000
1776166403.226,203.226,0.82,10.65,0.81,116.89,0.8,41.3,0.79,15.7,0.78,15.2,0.95,79.88,0.96,147.02,0.98,15.0,0.99,5488.75,,,0.05,79.88,0.04,147.02,0.02,15.0,0.01,5488.75,,,0.18,10.65,0.19,116.89,0.2,41.3,0.21,15.7,0.22,15.2,0.13,0.13,0.094379,1776166402000
1776166404.195,204.195,0.82,10.65,0.81,116.89,0.8,41.3,0.79,15.7,0.78,15.2,0.95,79.88,0.96,147.02,0.98,15.0,0.99,5488.75,,,0.05,79.88,0.04,147.02,0.02,15.0,0.01,5488.75,,,0.18,10.65,0.19,116.89,0.2,41.3,0.21,15.7,0.22,15.2,0.13,0.13,0.094379,1776166403000
1776166405.353,205.353,0.82,10.65,0.81,116.89,0.8,41.3,0.79,15.7,0.78,15.2,0.95,79.88,0.96,147.02,0.98,15.0,0.99,5488.75,,,0.05,79.88,0.04,147.02,0.02,15.0,0.01,5488.75,,,0.18,10.65,0.19,116.89,0.2,41.3,0.21,15.7,0.22,15.2,0.13,0.13,0.094377,1776166404000
1776166406.351,206.351,0.82,10.65,0.81,116.89,0.8,41.3,0.79,15.7,0.78,15.2,0.95,79.88,0.96,147.02,0.98,15.0,0.99,5488.75,,,0.05,79.88,0.04,147.02,0.02,15.0,0.01,5488.75,,,0.18,10.65,0.19,116.89,0.2,41.3,0.21,15.7,0.22,15.2,0.13,0.13,0.094373,1776166405000
1776166407.378,207.378,0.82,10.65,0.81,116.89,0.8,41.3,0.79,15.7,0.78,15.2,0.95,79.88,0.96,147.02,0.98,15.0,0.99,5488.75,,,0.05,79.88,0.04,147.02,0.02,15.0,0.01,5488.75,,,0.18,10.65,0.19,116.89,0.2,41.3,0.21,15.7,0.22,15.2,0.13,0.13,0.094371,1776166406000
1776166407.976,207.976,0.82,10.65,0.81,116.89,0.8,41.3,0.79,15.7,0.78,15.2,0.95,79.88,0.96,147.02,0.98,15.0,0.99,5488.75,,,0.05,79.88,0.04,147.02,0.02,15.0,0.01,5488.75,,,0.18,10.65,0.19,116.89,0.2,41.3,0.21,15.7,0.22,15.2,0.13,0.13,0.094372,1776166407000
1776166409.043,209.043,0.82,10.65,0.81,116.89,0.8,41.3,0.79,15.7,0.78,15.2,0.95,79.88,0.96,147.02,0.98,15.0,0.99,5488.75,,,0.05,79.88,0.04,147.02,0.02,15.0,0.01,5488.75,,,0.18,10.65,0.19,116.89,0.2,41.3,0.21,15.7,0.22,15.2,0.13,0.13,0.094411,1776166408000
1776166410.007,210.007,0.82,10.65,0.81,116.89,0.8,41.3,0.79,15.7,0.78,15.2,0.95,79.88,0.96,147.02,0.98,15.0,0.99,5488.75,,,0.05,79.88,0.04,147.02,0.02,15.0,0.01,5488.75,,,0.18,10.65,0.19,116.89,0.2,41.3,0.21,15.7,0.22,15.2,0.13,0.13,0.094414,1776166409000
1776166411.057,211.057,0.88,40.0,0.87,23.0,0.86,21.6,0.85,25.39,0.84,29.3,0.95,75.68,0.96,147.02,0.98,15.0,0.99,5221.15,,,0.05,79.88,0.04,147.02,0.02,15.0,0.01,5488.75,,,0.18,10.65,0.19,116.89,0.2,41.3,0.21,15.7,0.22,15.2,0.07,0.13,0.094414,1776166409000
1776166411.378,211.378,0.88,40.0,0.87,23.0,0.86,21.6,0.85,25.39,0.84,29.3,0.95,75.68,0.96,147.02,0.98,15.0,0.99,5221.15,,,0.05,75.68,0.04,147.02,0.02,15.0,0.01,5221.15,,,0.12,40.0,0.13,23.0,0.14,21.6,0.15,25.39,0.16,29.3,0.07,0.07,0.094414,1776166410000
1776166411.958,211.958,0.88,40.0,0.87,23.0,0.86,21.6,0.85,25.39,0.84,29.3,0.95,75.68,0.96,147.02,0.98,15.0,0.99,5221.15,,,0.05,75.68,0.04,147.02,0.02,15.0,0.01,5221.15,,,0.12,40.0,0.13,23.0,0.14,21.6,0.15,25.39,0.16,29.3,0.07,0.07,0.094408,1776166411000
1776166413.05,213.05,0.88,40.0,0.87,23.0,0.86,21.6,0.85,25.39,0.84,29.3,0.95,75.68,0.96,147.02,0.98,15.0,0.99,5221.15,,,0.05,75.68,0.04,147.02,0.02,15.0,0.01,5221.15,,,0.12,40.0,0.13,23.0,0.14,21.6,0.15,25.39,0.16,29.3,0.07,0.07,0.094398,1776166412000
1776166414.088,214.088,0.88,40.0,0.87,23.0,0.86,21.6,0.85,25.39,0.84,29.3,0.95,75.68,0.96,147.02,0.98,15.0,0.99,5221.15,,,0.05,75.68,0.04,147.02,0.02,15.0,0.01,5221.15,,,0.12,40.0,0.13,23.0,0.14,21.6,0.15,25.39,0.16,29.3,0.07,0.07,0.094398,1776166413000
1776166415.201,215.201,0.88,40.0,0.87,23.0,0.86,21.6,0.85,25.39,0.84,29.3,0.95,75.68,0.96,147.02,0.98,15.0,0.99,5221.15,,,0.05,75.68,0.04,147.02,0.02,15.0,0.01,5221.15,,,0.12,40.0,0.13,23.0,0.14,21.6,0.15,25.39,0.16,29.3,0.07,0.07,0.094401,1776166414000
1776166416.222,216.222,0.88,40.0,0.87,23.0,0.86,21.6,0.85,25.39,0.84,29.3,0.95,75.68,0.96,147.02,0.98,15.0,0.99,5221.15,,,0.05,75.68,0.04,147.02,0.02,15.0,0.01,5221.15,,,0.12,40.0,0.13,23.0,0.14,21.6,0.15,25.39,0.16,29.3,0.07,0.07,0.094404,1776166415000
1776166417.436,217.436,0.88,40.0,0.87,23.0,0.86,21.6,0.85,25.39,0.84,29.3,0.95,75.68,0.96,147.02,0.98,15.0,0.99,5221.15,,,0.05,75.68,0.04,147.02,0.02,15.0,0.01,5221.15,,,0.12,40.0,0.13,23.0,0.14,21.6,0.15,25.39,0.16,29.3,0.07,0.07,0.094403,1776166416000
1776166418.023,218.023,0.88,40.0,0.87,23.0,0.86,21.6,0.85,25.39,0.84,29.3,0.95,75.68,0.96,147.02,0.98,15.0,0.99,5221.15,,,0.05,75.68,0.04,147.02,0.02,15.0,0.01,5221.15,,,0.12,40.0,0.13,23.0,0.14,21.6,0.15,25.39,0.16,29.3,0.07,0.07,0.094403,1776166417000
1776166419.04,219.04,0.88,40.0,0.87,23.0,0.86,21.6,0.85,25.39,0.84,29.3,0.95,75.68,0.96,147.02,0.98,15.0,0.99,5221.15,,,0.05,75.68,0.04,147.02,0.02,15.0,0.01,5221.15,,,0.12,40.0,0.13,23.0,0.14,21.6,0.15,25.39,0.16,29.3,0.07,0.07,0.094411,1776166418000
1776166419.258,219.258,0.91,74.7,0.9,28.9,0.89,26.6,0.88,24.6,0.87,38.0,0.95,69.68,0.96,147.02,0.98,15.0,0.99,5221.15,,,0.05,75.68,0.04,147.02,0.02,15.0,0.01,5221.15,,,0.12,40.0,0.13,23.0,0.14,21.6,0.15,25.39,0.16,29.3,0.04,0.07,0.094411,1776166418000
1776166420.137,220.137,0.91,74.7,0.9,28.9,0.89,26.6,0.88,24.6,0.87,38.0,0.95,69.68,0.96,147.02,0.98,15.0,0.99,5221.15,,,0.05,69.68,0.04,147.02,0.02,15.0,0.01,5221.15,,,0.09,74.7,0.1,28.9,0.11,26.6,0.12,24.6,0.13,38.0,0.04,0.04,0.094417,1776166419000
1776166421.358,221.358,0.91,74.7,0.9,28.9,0.89,26.6,0.88,24.6,0.87,38.0,0.95,69.68,0.96,147.02,0.98,15.0,0.99,5221.15,,,0.05,69.68,0.04,147.02,0.02,15.0,0.01,5221.15,,,0.09,74.7,0.1,28.9,0.11,26.6,0.12,24.6,0.13,38.0,0.04,0.04,0.094416,1776166420000
1776166422.404,222.404,0.91,74.7,0.9,28.9,0.89,26.6,0.88,24.6,0.87,38.0,0.95,69.68,0.96,147.02,0.98,15.0,0.99,5221.15,,,0.05,69.68,0.04,147.02,0.02,15.0,0.01,5221.15,,,0.09,74.7,0.1,28.9,0.11,26.6,0.12,24.6,0.13,38.0,0.04,0.04,0.0944,1776166421000
1776166422.935,222.935,0.91,74.7,0.9,28.9,0.89,26.6,0.88,24.6,0.87,38.0,0.95,69.68,0.96,147.02,0.98,15.0,0.99,5221.15,,,0.05,69.68,0.04,147.02,0.02,15.0,0.01,5221.15,,,0.09,74.7,0.1,28.9,0.11,26.6,0.12,24.6,0.13,38.0,0.04,0.04,0.0944,1776166422000
1776166424.053,224.053,0.91,74.7,0.9,28.9,0.89,26.6,0.88,24.6,0.87,38.0,0.95,69.68,0.96,147.02,0.98,15.0,0.99,5221.15,,,0.05,69.68,0.04,147.02,0.02,15.0,0.01,5221.15,,,0.09,74.7,0.1,28.9,0.11,26.6,0.12,24.6,0.13,38.0,0.04,0.04,0.0944,1776166423000
1776166425.882,225.882,0.91,74.7,0.9,28.9,0.89,26.6,0.88,24.6,0.87,38.0,0.95,69.68,0.96,147.02,0.98,15.0,0.99,5221.15,,,0.05,69.68,0.04,147.02,0.02,15.0,0.01,5221.15,,,0.09,74.7,0.1,28.9,0.11,26.6,0.12,24.6,0.13,38.0,0.04,0.04,0.094398,1776166424000
1776166426.371,226.371,0.91,74.7,0.9,28.9,0.89,26.6,0.88,24.6,0.87,38.0,0.95,69.68,0.96,147.02,0.98,15.0,0.99,5221.15,,,0.05,69.68,0.04,147.02,0.02,15.0,0.01,5221.15,,,0.09,74.7,0.1,28.9,0.11,26.6,0.12,24.6,0.13,38.0,0.04,0.04,0.094401,1776166425000
1776166427.068,227.068,0.91,74.7,0.9,28.9,0.89,26.6,0.88,24.6,0.87,38.0,0.95,69.68,0.96,147.02,0.98,15.0,0.99,5221.15,,,0.05,69.68,0.04,147.02,0.02,15.0,0.01,5221.15,,,0.09,74.7,0.1,28.9,0.11,26.6,0.12,24.6,0.13,38.0,0.04,0.04,0.094403,1776166426000
1776166428.547,228.547,0.91,74.7,0.9,28.9,0.89,26.6,0.88,24.6,0.87,38.0,0.95,69.68,0.96,147.02,0.98,15.0,0.99,5221.15,,,0.05,69.68,0.04,147.02,0.02,15.0,0.01,5221.15,,,0.09,74.7,0.1,28.9,0.11,26.6,0.12,24.6,0.13,38.0,0.04,0.04,0.094415,1776166427000
1776166429.155,229.155,0.91,74.7,0.9,28.9,0.89,26.6,0.88,24.6,0.87,38.0,0.95,69.68,0.96,147.02,0.98,15.0,0.99,5221.15,,,0.05,69.68,0.04,147.02,0.02,15.0,0.01,5221.15,,,0.09,74.7,0.1,28.9,0.11,26.6,0.12,24.6,0.13,38.0,0.04,0.04,0.094418,1776166428000
1776166429.562,229.562,0.93,78.9,0.92,62.49,0.91,31.7,0.9,28.9,0.89,36.6,0.95,44.16,0.96,147.02,0.98,15.0,0.99,5221.15,,,0.05,64.68,0.04,147.02,0.02,15.0,0.01,5221.15,,,0.07,39.9,0.08,62.49,0.09,31.7,0.1,28.9,0.11,26.6,0.02,0.02,0.094418,1776166428000
1776166430.161,230.161,0.93,78.9,0.92,62.49,0.91,31.7,0.9,28.9,0.89,36.6,0.95,38.89,0.96,147.02,0.98,15.0,0.99,5221.15,,,0.05,44.16,0.04,147.02,0.02,15.0,0.01,5221.15,,,0.07,78.9,0.08,62.49,0.09,31.7,0.1,28.9,0.11,36.6,0.02,0.02,0.094418,1776166428000
1776166430.827,230.827,0.94,92.1,0.93,39.9,0.92,62.49,0.91,41.7,0.9,28.9,0.95,31.71,0.96,147.02,0.98,15.0,0.99,221.15,,,0.05,38.89,0.04,147.02,0.02,15.0,0.01,5221.15,,,0.07,78.9,0.08,62.49,0.09,31.7,0.1,28.9,0.11,36.6,0.01,0.02,0.094425,1776166429000
1776166432.111,232.111,0.94,92.1,0.93,39.9,0.92,62.49,0.91,41.7,0.9,28.9,0.95,31.71,0.96,147.02,0.98,15.0,0.99,221.15,,,0.05,31.71,0.04,147.02,0.02,15.0,0.01,221.15,,,0.06,92.1,0.07,39.9,0.08,62.49,0.09,41.7,0.1,28.9,0.01,0.01,0.094425,1776166431000
1776166433.299,233.299,0.94,92.1,0.93,39.9,0.92,62.49,0.91,41.7,0.9,28.9,0.95,31.71,0.96,147.02,0.98,15.0,0.99,221.15,,,0.05,31.71,0.04,147.02,0.02,15.0,0.01,221.15,,,0.06,92.1,0.07,39.9,0.08,62.49,0.09,41.7,0.1,28.9,0.01,0.01,0.094444,1776166432000
1776166433.66,233.66,0.94,92.1,0.93,39.9,0.92,62.49,0.91,41.7,0.9,28.9,0.96,107.89,0.98,15.0,0.99,221.15,,,,,0.05,31.71,0.04,147.02,0.02,15.0,0.01,221.15,,,0.06,92.1,0.07,39.9,0.08,62.49,0.09,41.7,0.1,28.9,0.02,0.01,0.094444,1776166432000
1776166434.34,234.34,0.94,92.1,0.93,39.9,0.92,62.49,0.91,41.7,0.9,28.9,0.96,105.4,0.98,15.0,0.99,221.15,,,,,0.04,105.4,0.02,15.0,0.01,221.15,,,,,0.06,92.1,0.07,39.9,0.08,62.49,0.09,41.7,0.1,28.9,0.02,0.02,0.094446,1776166433000
1776166434.597,234.597,0.95,54.7,0.94,92.1,0.93,39.9,0.92,62.49,0.91,41.7,0.96,104.35,0.98,15.0,0.99,221.15,,,,,0.04,105.4,0.02,15.0,0.01,221.15,,,,,0.06,92.1,0.07,39.9,0.08,62.49,0.09,41.7,0.1,28.9,0.01,0.02,0.094446,1776166433000
1776166434.866,234.866,0.95,54.7,0.94,92.1,0.93,39.9,0.92,62.49,0.91,41.7,0.96,104.35,0.98,15.0,0.99,221.15,,,,,0.04,104.35,0.02,15.0,0.01,221.15,,,,,0.05,54.7,0.06,92.1,0.07,39.9,0.08,62.49,0.09,41.7,0.01,0.01,0.094446,1776166434000
1776166435.885,235.885,0.95,44.7,0.94,92.1,0.93,39.9,0.92,62.49,0.91,41.7,0.96,104.35,0.98,15.0,0.99,221.15,,,,,0.04,104.35,0.02,15.0,0.01,221.15,,,,,0.05,54.7,0.06,92.1,0.07,39.9,0.08,62.49,0.09,41.7,0.01,0.01,0.094446,1776166434000
1776166437.106,237.106,0.95,44.7,0.94,92.1,0.93,39.9,0.92,62.49,0.91,41.7,0.96,104.35,0.98,15.0,0.99,221.15,,,,,0.04,104.35,0.02,15.0,0.01,221.15,,,,,0.05,44.7,0.06,92.1,0.07,39.9,0.08,62.49,0.09,41.7,0.01,0.01,0.094448,1776166436000
1776166438.207,238.207,0.95,44.7,0.94,92.1,0.93,39.9,0.92,62.49,0.91,41.7,0.96,104.35,0.98,15.0,0.99,221.15,,,,,0.04,104.35,0.02,15.0,0.01,221.15,,,,,0.05,44.7,0.06,92.1,0.07,39.9,0.08,62.49,0.09,41.7,0.01,0.01,0.094447,1776166437000
1776166439.304,239.304,0.95,44.7,0.94,92.1,0.93,39.9,0.92,62.49,0.91,41.7,0.96,104.35,0.98,15.0,0.99,221.15,,,,,0.04,104.35,0.02,15.0,0.01,221.15,,,,,0.05,44.7,0.06,92.1,0.07,39.9,0.08,62.49,0.09,41.7,0.01,0.01,0.094448,1776166438000
1776166440.855,240.855,0.95,44.7,0.94,92.1,0.93,39.9,0.92,72.49,0.91,31.7,0.96,94.04,0.98,15.0,0.99,221.15,,,,,0.04,104.35,0.02,15.0,0.01,221.15,,,,,0.05,44.7,0.06,92.1,0.07,39.9,0.08,62.49,0.09,41.7,0.01,0.01,0.094448,1776166438000
1776166441.413,241.413,0.95,44.7,0.94,92.1,0.93,39.9,0.92,72.49,0.91,31.7,0.96,89.04,0.98,15.0,0.99,216.15,,,,,0.04,94.04,0.02,15.0,0.01,221.15,,,,,0.05,44.7,0.06,92.1,0.07,39.9,0.08,72.49,0.09,31.7,0.01,0.01,0.094444,1776166439000
1776166441.671,241.671,0.95,44.7,0.94,92.1,0.93,39.9,0.92,72.49,0.91,31.7,0.96,89.04,0.98,15.0,0.99,216.15,,,,,0.04,89.04,0.02,15.0,0.01,216.15,,,,,0.05,44.7,0.06,92.1,0.07,39.9,0.08,72.49,0.09,31.7,0.01,0.01,0.094444,1776166440000
1776166442.45,242.45,0.95,44.7,0.94,92.1,0.93,39.9,0.92,72.49,0.91,31.7,0.96,89.04,0.98,15.0,0.99,216.15,,,,,0.04,89.04,0.02,15.0,0.01,216.15,,,,,0.05,44.7,0.06,92.1,0.07,39.9,0.08,72.49,0.09,31.7,0.01,0.01,0.094444,1776166441000
1776166442.766,242.766,0.95,44.7,0.94,92.1,0.93,39.9,0.92,72.49,0.91,31.7,0.96,87.39,0.98,15.0,0.99,216.15,,,,,0.04,89.04,0.02,15.0,0.01,216.15,,,,,0.05,44.7,0.06,92.1,0.07,39.9,0.08,72.49,0.09,31.7,0.01,0.01,0.094444,1776166441000
1776166443.489,243.489,0.95,44.7,0.94,92.1,0.93,39.9,0.92,72.49,0.91,31.7,0.96,81.39,0.98,15.0,0.99,216.15,,,,,0.04,81.39,0.02,15.0,0.01,216.15,,,,,0.05,44.7,0.06,92.1,0.07,39.9,0.08,72.49,0.09,31.7,0.01,0.01,0.094444,1776166442000
1776166444.046,244.046,0.95,52.7,0.94,92.1,0.93,39.9,0.92,72.49,0.91,31.7,0.96,76.18,0.98,15.0,0.99,216.15,,,,,0.04,76.18,0.02,15.0,0.01,216.15,,,,,0.05,52.7,0.06,92.1,0.07,39.9,0.08,72.49,0.09,31.7,0.01,0.01,0.094444,1776166443000
1776166444.3,244.3,0.95,52.7,0.94,92.1,0.93,39.9,0.92,72.49,0.91,31.7,0.96,66.18,0.98,15.0,0.99,216.15,,,,,0.04,76.18,0.02,15.0,0.01,216.15,,,,,0.05,52.7,0.06,92.1,0.07,39.9,0.08,72.49,0.09,31.7,0.01,0.01,0.094444,1776166443000
1776166444.977,244.977,0.95,44.7,0.94,92.1,0.93,49.9,0.92,62.49,0.91,31.7,0.96,58.5,0.98,15.0,0.99,216.15,,,,,0.04,66.18,0.02,15.0,0.01,216.15,,,,,0.05,52.7,0.06,92.1,0.07,39.9,0.08,72.49,0.09,31.7,0.01,0.01,0.094444,1776166443000
1776166445.667,245.667,0.95,44.7,0.94,92.1,0.93,49.9,0.92,62.49,0.91,31.7,0.96,58.5,0.98,15.0,0.99,216.15,,,,,0.04,58.5,0.02,15.0,0.01,216.15,,,,,0.05,44.7,0.06,92.1,0.07,49.9,0.08,62.49,0.09,31.7,0.01,0.01,0.094442,1776166444000
1776166445.947,245.947,0.95,44.7,0.94,92.1,0.93,49.9,0.92,62.49,0.91,31.7,0.96,43.5,0.98,15.0,0.99,216.15,,,,,0.04,58.5,0.02,15.0,0.01,216.15,,,,,0.05,44.7,0.06,92.1,0.07,49.9,0.08,62.49,0.09,31.7,0.01,0.01,0.094442,1776166444000
1776166446.356,246.356,0.95,44.7,0.94,92.1,0.93,49.9,0.92,62.49,0.91,31.7,0.96,43.5,0.98,15.0,0.99,216.15,,,,,0.04,43.5,0.02,15.0,0.01,216.15,,,,,0.05,44.7,0.06,92.1,0.07,49.9,0.08,62.49,0.09,31.7,0.01,0.01,0.094444,1776166445000
1776166447.796,247.796,0.95,44.7,0.94,92.1,0.93,49.9,0.92,62.49,0.91,31.7,0.96,43.5,0.98,15.0,0.99,216.15,,,,,0.04,43.5,0.02,15.0,0.01,216.15,,,,,0.05,44.7,0.06,92.1,0.07,49.9,0.08,62.49,0.09,31.7,0.01,0.01,0.09444,1776166446000
1776166448.448,248.448,0.95,44.7,0.94,92.1,0.93,49.9,0.92,62.49,0.91,31.7,0.98,7.5,0.99,216.15,,,,,,,0.02,7.5,0.01,216.15,,,,,,,0.05,44.7,0.06,92.1,0.07,49.9,0.08,62.49,0.09,31.7,0.03,0.03,0.094439,1776166447000
1776166448.912,248.912,0.97,92.3,0.96,67.7,0.95,44.7,0.94,92.1,0.93,49.9,0.98,7.5,0.99,216.15,,,,,,,0.02,7.5,0.01,216.15,,,,,,,0.05,44.7,0.06,92.1,0.07,49.9,0.08,62.49,0.09,31.7,0.01,0.03,0.094439,1776166447000
1776166449.212,249.212,0.97,92.3,0.96,67.7,0.95,44.7,0.94,92.1,0.93,49.9,0.98,7.5,0.99,216.15,,,,,,,0.02,7.5,0.01,216.15,,,,,,,0.03,92.3,0.04,67.7,0.05,44.7,0.06,92.1,0.07,49.9,0.01,0.01,0.094441,1776166448000
1776166449.626,249.626,0.97,92.3,0.96,67.7,0.95,44.7,0.94,92.1,0.93,49.9,0.98,2.45,0.99,216.15,,,,,,,0.02,7.5,0.01,216.15,,,,,,,0.03,92.3,0.04,67.7,0.05,44.7,0.06,92.1,0.07,49.9,0.01,0.01,0.094441,1776166448000
1776166450.093,250.093,0.98,132.69,0.97,84.3,0.96,67.7,0.95,44.7,0.94,92.1,0.99,165.96,,,,,,,,,0.01,208.5,,,,,,,,,0.03,92.3,0.04,67.7,0.05,44.7,0.06,92.1,0.07,49.9,0.01,0.02,0.094441,1776166448000
1776166450.568,250.568,0.98,132.69,0.97,84.3,0.96,67.7,0.95,44.7,0.94,46.1,0.99,31.39,,,,,,,,,0.01,165.96,,,,,,,,,0.02,132.69,0.03,84.3,0.04,67.7,0.05,44.7,0.06,92.1,0.01,0.01,0.094441,1776166448000
1776166450.836,250.836,0.98,132.69,0.97,84.3,0.96,67.7,0.95,44.7,0.94,46.1,0.99,31.39,,,,,,,,,0.01,31.39,,,,,,,,,0.02,132.69,0.03,84.3,0.04,67.7,0.05,44.7,0.06,46.1,0.01,0.01,0.094441,1776166449000
1776166451.1,251.1,0.98,132.69,0.97,84.3,0.96,67.7,0.95,44.7,0.94,46.1,0.99,22.46,,,,,,,,,0.01,31.39,,,,,,,,,0.02,132.69,0.03,84.3,0.04,67.7,0.05,44.7,0.06,46.1,0.01,0.01,0.094441,1776166449000
1776166451.381,251.381,0.98,132.69,0.97,84.3,0.96,67.7,0.95,44.7,0.94,46.1,0.99,2.41,,,,,,,,,0.01,7.46,,,,,,,,,0.02,132.69,0.03,84.3,0.04,67.7,0.05,44.7,0.06,46.1,0.01,0.01,0.094441,1776166449000
1776166452.494,252.494,0.98,132.69,0.97,84.3,0.96,67.7,0.95,44.7,0.94,46.1,0.99,2.41,,,,,,,,,0.01,2.41,,,,,,,,,0.02,132.69,0.03,84.3,0.04,67.7,0.05,44.7,0.06,46.1,0.01,0.01,0.094441,1776166451000
1776166453.493,253.493,0.98,132.69,0.97,84.3,0.96,67.7,0.95,44.7,0.94,46.1,0.99,2.41,,,,,,,,,0.01,2.41,,,,,,,,,0.02,132.69,0.03,84.3,0.04,67.7,0.05,44.7,0.06,46.1,0.01,0.01,0.09444,1776166452000
1776166454.348,254.348,0.98,132.69,0.97,84.3,0.96,67.7,0.95,44.7,0.94,46.1,0.99,2.41,,,,,,,,,0.01,2.41,,,,,,,,,0.02,132.69,0.03,84.3,0.04,67.7,0.05,44.7,0.06,46.1,0.01,0.01,0.094443,1776166453000
1776166455.918,255.918,0.98,132.69,0.97,84.3,0.96,67.7,0.95,44.7,0.94,46.1,0.99,2.41,,,,,,,,,0.01,2.41,,,,,,,,,0.02,132.69,0.03,84.3,0.04,67.7,0.05,44.7,0.06,46.1,0.01,0.01,0.094467,1776166454000
1776166456.559,256.559,0.98,132.69,0.97,84.3,0.96,67.7,0.95,54.7,0.94,46.1,,,,,,,,,,,0.01,2.41,,,,,,,,,0.02,132.69,0.03,84.3,0.04,67.7,0.05,44.7,0.06,46.1,,0.01,0.094467,1776166454000
1776166457.207,257.207,0.98,132.69,0.97,84.3,0.96,67.7,0.95,54.7,0.94,46.1,,,,,,,,,,,,,,,,,,,,,0.02,132.69,0.03,84.3,0.04,67.7,0.05,54.7,0.06,46.1,,,0.094454,1776166455000
1776166458.153,258.153,0.98,132.69,0.97,84.3,0.96,67.7,0.95,54.7,0.94,46.1,,,,,,,,,,,,,,,,,,,,,0.02,132.69,0.03,84.3,0.04,67.7,0.05,54.7,0.06,46.1,,,0.094453,1776166456000
1776166459.174,259.174,0.98,132.69,0.97,84.3,0.96,67.7,0.95,54.7,0.94,46.1,,,,,,,,,,,,,,,,,,,,,0.02,132.69,0.03,84.3,0.04,67.7,0.05,54.7,0.06,46.1,,,0.094453,1776166457000
1776166460.103,260.103,0.98,132.69,0.97,84.3,0.96,67.7,0.95,54.7,0.94,46.1,,,,,,,,,,,,,,,,,,,,,0.02,132.69,0.03,84.3,0.04,67.7,0.05,54.7,0.06,46.1,,,0.094453,1776166458000
1776166460.863,260.863,0.98,132.69,0.97,84.3,0.96,67.7,0.95,54.7,0.94,46.1,,,,,,,,,,,,,,,,,,,,,0.02,132.69,0.03,84.3,0.04,67.7,0.05,54.7,0.06,46.1,,,0.094446,1776166459000
1776166461.311,261.311,0.99,260.96,0.98,132.69,0.97,84.3,0.96,67.7,0.95,54.7,,,,,,,,,,,,,,,,,,,,,0.02,132.69,0.03,84.3,0.04,67.7,0.05,54.7,0.06,46.1,,,0.094446,1776166459000
1776166462.22,262.22,0.99,260.96,0.98,132.69,0.97,84.3,0.96,67.7,0.95,54.7,,,,,,,,,,,,,,,,,,,,,0.01,260.96,0.02,132.69,0.03,84.3,0.04,67.7,0.05,54.7,,,0.09445,1776166461000
1776166463.884,263.884,0.99,260.96,0.98,132.69,0.97,84.3,0.96,67.7,0.95,54.7,,,,,,,,,,,,,,,,,,,,,0.01,260.96,0.02,132.69,0.03,84.3,0.04,67.7,0.05,54.7,,,0.094452,1776166462000
1776166464.64,264.64,0.99,260.96,0.98,132.69,0.97,84.3,0.96,67.7,0.95,54.7,,,,,,,,,,,,,,,,,,,,,0.01,260.96,0.02,132.69,0.03,84.3,0.04,67.7,0.05,54.7,,,0.094451,1776166463000
1776166465.751,265.751,0.99,260.96,0.98,132.69,0.97,84.3,0.96,67.7,0.95,54.7,,,,,,,,,,,,,,,,,,,,,0.01,260.96,0.02,132.69,0.03,84.3,0.04,67.7,0.05,54.7,,,0.094451,1776166464000
1776166466.52,266.52,0.99,260.96,0.98,132.69,0.97,84.3,0.96,67.7,0.95,54.7,,,,,,,,,,,,,,,,,,,,,0.01,260.96,0.02,132.69,0.03,84.3,0.04,67.7,0.05,54.7,,,0.094458,1776166465000
1776166467.284,267.284,0.99,260.96,0.98,132.69,0.97,84.3,0.96,67.7,0.95,54.7,,,,,,,,,,,,,,,,,,,,,0.01,260.96,0.02,132.69,0.03,84.3,0.04,67.7,0.05,54.7,,,0.094457,1776166466000
1776166468.77,268.77,0.99,260.96,0.98,132.69,0.97,84.3,0.96,67.7,0.95,54.7,,,,,,,,,,,,,,,,,,,,,0.01,260.96,0.02,132.69,0.03,84.3,0.04,67.7,0.05,54.7,,,0.094457,1776166467000
1776166469.356,269.356,0.99,260.96,0.98,132.69,0.97,84.3,0.96,67.7,0.95,54.7,,,,,,,,,,,,,,,,,,,,,0.01,260.96,0.02,132.69,0.03,84.3,0.04,67.7,0.05,54.7,,,0.09446,1776166468000
1776166470.037,270.037,0.99,260.96,0.98,132.69,0.97,84.3,0.96,67.7,0.95,54.7,,,,,,,,,,,,,,,,,,,,,0.01,260.96,0.02,132.69,0.03,84.3,0.04,67.7,0.05,54.7,,,0.09446,1776166469000
1776166471.652,271.652,0.99,260.96,0.98,132.69,0.97,84.3,0.96,67.7,0.95,54.7,,,,,,,,,,,,,,,,,,,,,0.01,260.96,0.02,132.69,0.03,84.3,0.04,67.7,0.05,54.7,,,0.094472,1776166470000
1776166472.341,272.341,0.99,260.96,0.98,132.69,0.97,84.3,0.96,67.7,0.95,54.7,,,,,,,,,,,,,,,,,,,,,0.01,260.96,0.02,132.69,0.03,84.3,0.04,67.7,0.05,54.7,,,0.094472,1776166471000
1776166473.799,273.799,0.99,260.96,0.98,132.69,0.97,84.3,0.96,67.7,0.95,54.7,,,,,,,,,,,,,,,,,,,,,0.01,260.96,0.02,132.69,0.03,84.3,0.04,67.7,0.05,54.7,,,0.094469,1776166472000
1776166474.557,274.557,0.99,260.96,0.98,132.69,0.97,84.3,0.96,67.7,0.95,54.7,,,,,,,,,,,,,,,,,,,,,0.01,260.96,0.02,132.69,0.03,84.3,0.04,67.7,0.05,54.7,,,0.094453,1776166473000
1776166475.239,275.239,0.99,260.96,0.98,132.69,0.97,84.3,0.96,67.7,0.95,54.7,,,,,,,,,,,,,,,,,,,,,0.01,260.96,0.02,132.69,0.03,84.3,0.04,67.7,0.05,54.7,,,0.094453,1776166474000
1776166476.766,276.766,0.99,260.96,0.98,132.69,0.97,84.3,0.96,67.7,0.95,54.7,,,,,,,,,,,,,,,,,,,,,0.01,260.96,0.02,132.69,0.03,84.3,0.04,67.7,0.05,54.7,,,0.094453,1776166475000
1776166477.623,277.623,0.99,260.96,0.98,132.69,0.97,84.3,0.96,67.7,0.95,54.7,,,,,,,,,,,,,,,,,,,,,0.01,260.96,0.02,132.69,0.03,84.3,0.04,67.7,0.05,54.7,,,0.094453,1776166476000
1776166478.334,278.334,0.99,260.96,0.98,132.69,0.97,84.3,0.96,67.7,0.95,54.7,,,,,,,,,,,,,,,,,,,,,0.01,260.96,0.02,132.69,0.03,84.3,0.04,67.7,0.05,54.7,,,0.094454,1776166477000
1776166479.096,279.096,0.99,260.96,0.98,132.69,0.97,84.3,0.96,67.7,0.95,54.7,,,,,,,,,,,,,,,,,,,,,0.01,260.96,0.02,132.69,0.03,84.3,0.04,67.7,0.05,54.7,,,0.094454,1776166478000
1776166480.82,280.82,0.99,260.96,0.98,132.69,0.97,84.3,0.96,67.7,0.95,54.7,,,,,,,,,,,,,,,,,,,,,0.01,260.96,0.02,132.69,0.03,84.3,0.04,67.7,0.05,54.7,,,0.094452,1776166479000
1776166482.002,282.002,0.99,260.96,0.98,132.69,0.97,84.3,0.96,67.7,0.95,54.7,,,,,,,,,,,,,,,,,,,,,0.01,260.96,0.02,132.69,0.03,84.3,0.04,67.7,0.05,54.7,,,0.094451,1776166480000
1776166482.497,282.497,0.99,260.96,0.98,132.69,0.97,84.3,0.96,67.7,0.95,54.7,,,,,,,,,,,,,,,,,,,,,0.01,260.96,0.02,132.69,0.03,84.3,0.04,67.7,0.05,54.7,,,0.094451,1776166481000
1776166483.192,283.192,0.99,260.96,0.98,132.69,0.97,84.3,0.96,67.7,0.95,54.7,,,,,,,,,,,,,,,,,,,,,0.01,260.96,0.02,132.69,0.03,84.3,0.04,67.7,0.05,54.7,,,0.094451,1776166482000
1776166484.376,284.376,0.99,260.96,0.98,132.69,0.97,84.3,0.96,67.7,0.95,54.7,,,,,,,,,,,,,,,,,,,,,0.01,260.96,0.02,132.69,0.03,84.3,0.04,67.7,0.05,54.7,,,0.094454,1776166483000
1776166485.208,285.208,0.99,260.96,0.98,132.69,0.97,84.3,0.96,67.7,0.95,54.7,,,,,,,,,,,,,,,,,,,,,0.01,260.96,0.02,132.69,0.03,84.3,0.04,67.7,0.05,54.7,,,0.094454,1776166484000
1776166486.504,286.504,0.99,260.96,0.98,132.69,0.97,84.3,0.96,67.7,0.95,54.7,,,,,,,,,,,,,,,,,,,,,0.01,260.96,0.02,132.69,0.03,84.3,0.04,67.7,0.05,54.7,,,0.094456,1776166485000
1776166487.137,287.137,0.99,260.96,0.98,132.69,0.97,84.3,0.96,67.7,0.95,54.7,,,,,,,,,,,,,,,,,,,,,0.01,260.96,0.02,132.69,0.03,84.3,0.04,67.7,0.05,54.7,,,0.094457,1776166486000
1776166488.459,288.459,0.99,260.96,0.98,132.69,0.97,84.3,0.96,67.7,0.95,54.7,,,,,,,,,,,,,,,,,,,,,0.01,260.96,0.02,132.69,0.03,84.3,0.04,67.7,0.05,54.7,,,0.094456,1776166487000
1776166488.992,288.992,0.99,260.96,0.98,132.69,0.97,84.3,0.96,67.7,0.95,54.7,,,,,,,,,,,,,,,,,,,,,0.01,260.96,0.02,132.69,0.03,84.3,0.04,67.7,0.05,54.7,,,0.094457,1776166488000
1776166490.286,290.286,0.99,260.96,0.98,132.69,0.97,84.3,0.96,67.7,0.95,54.7,,,,,,,,,,,,,,,,,,,,,0.01,260.96,0.02,132.69,0.03,84.3,0.04,67.7,0.05,54.7,,,0.094458,1776166489000
1776166491.516,291.516,0.99,260.96,0.98,132.69,0.97,84.3,0.96,67.7,0.95,54.7,,,,,,,,,,,,,,,,,,,,,0.01,260.96,0.02,132.69,0.03,84.3,0.04,67.7,0.05,54.7,,,0.094468,1776166490000
1776166492.167,292.167,0.99,260.96,0.98,132.69,0.97,84.3,0.96,67.7,0.95,54.7,,,,,,,,,,,,,,,,,,,,,0.01,260.96,0.02,132.69,0.03,84.3,0.04,67.7,0.05,54.7,,,0.094506,1776166491000
1776166493.544,293.544,0.99,260.96,0.98,132.69,0.97,84.3,0.96,67.7,0.95,54.7,,,,,,,,,,,,,,,,,,,,,0.01,260.96,0.02,132.69,0.03,84.3,0.04,67.7,0.05,54.7,,,0.094492,1776166492000
1776166494.108,294.108,0.99,260.96,0.98,132.69,0.97,84.3,0.96,67.7,0.95,54.7,,,,,,,,,,,,,,,,,,,,,0.01,260.96,0.02,132.69,0.03,84.3,0.04,67.7,0.05,54.7,,,0.094489,1776166493000
1776166495.496,295.496,0.99,260.96,0.98,132.69,0.97,84.3,0.96,67.7,0.95,54.7,,,,,,,,,,,,,,,,,,,,,0.01,260.96,0.02,132.69,0.03,84.3,0.04,67.7,0.05,54.7,,,0.094488,1776166494000
1776166496.075,296.075,0.99,260.96,0.98,132.69,0.97,84.3,0.96,67.7,0.95,54.7,,,,,,,,,,,,,,,,,,,,,0.01,260.96,0.02,132.69,0.03,84.3,0.04,67.7,0.05,54.7,,,0.094488,1776166495000
1776166497.522,297.522,0.99,260.96,0.98,132.69,0.97,84.3,0.96,67.7,0.95,54.7,,,,,,,,,,,,,,,,,,,,,0.01,260.96,0.02,132.69,0.03,84.3,0.04,67.7,0.05,54.7,,,0.094489,1776166496000
1776166498.466,298.466,0.99,260.96,0.98,132.69,0.97,84.3,0.96,67.7,0.95,54.7,,,,,,,,,,,,,,,,,,,,,0.01,260.96,0.02,132.69,0.03,84.3,0.04,67.7,0.05,54.7,,,0.094489,1776166497000
1776166498.952,298.952,0.99,260.96,0.98,132.69,0.97,84.3,0.96,67.7,0.95,54.7,,,,,,,,,,,,,,,,,,,,,0.01,260.96,0.02,132.69,0.03,84.3,0.04,67.7,0.05,54.7,,,0.094489,1776166498000
1776166500.174,300.174,0.99,260.96,0.98,132.69,0.97,84.3,0.96,67.7,0.95,54.7,,,,,,,,,,,,,,,,,,,,,0.01,260.96,0.02,132.69,0.03,84.3,0.04,67.7,0.05,54.7,,,0.094493,1776166499000
1776166501.242,301.242,0.99,260.96,0.98,132.69,0.97,84.3,0.96,67.7,0.95,54.7,,,,,,,,,,,,,,,,,,,,,0.01,260.96,0.02,132.69,0.03,84.3,0.04,67.7,0.05,54.7,,,0.094494,1776166500000
1776166502.445,302.445,0.99,260.96,0.98,132.69,0.97,84.3,0.96,67.7,0.95,54.7,,,,,,,,,,,,,,,,,,,,,0.01,260.96,0.02,132.69,0.03,84.3,0.04,67.7,0.05,54.7,,,0.094494,1776166501000

# RESULT,winner=Up,slug=doge-updown-5m-1776166200,ticks=340
