timestamp,elapsed_sec,up_bid_p1,up_bid_s1,up_bid_p2,up_bid_s2,up_ask_p1,up_ask_s1,up_ask_p2,up_ask_s2,down_bid_p1,down_bid_s1,down_bid_p2,down_bid_s2,down_ask_p1,down_ask_s1,down_ask_p2,down_ask_s2,up_spread,down_spread,doge_price,doge_oracle_ts
1776228301.434,1.434,0.5,5.0,0.33,300.0,0.67,300.0,0.69,375.0,0.33,300.0,0.31,375.0,0.5,5.0,0.59,5.0,0.17,0.17,0.093402,1776228300000
1776228301.744,1.744,0.5,5.0,0.33,300.0,0.67,300.0,0.69,375.0,0.33,300.0,0.31,375.0,0.5,5.0,0.59,5.0,0.17,0.17,0.093402,1776228300000
1776228302.043,2.043,0.5,5.0,0.33,300.0,0.67,300.0,0.69,375.0,0.33,300.0,0.31,375.0,0.5,5.0,0.59,5.0,0.17,0.17,0.093402,1776228301000
1776228303.207,3.207,0.5,5.0,0.33,300.0,0.67,300.0,0.69,375.0,0.33,300.0,0.31,375.0,0.5,5.0,0.59,5.0,0.17,0.17,0.093402,1776228302000
1776228304.333,4.333,0.5,5.0,0.33,300.0,0.67,300.0,0.69,375.0,0.33,300.0,0.31,375.0,0.5,5.0,0.59,5.0,0.17,0.17,0.093402,1776228303000
1776228305.206,5.206,0.5,2.88,0.33,5.0,0.61,50.0,0.71,50.0,0.33,300.0,0.31,375.0,0.5,5.0,0.59,5.0,0.11,0.17,0.093402,1776228303000
1776228305.867,5.867,0.5,2.88,0.33,5.0,0.61,50.0,0.71,50.0,0.39,50.0,0.29,50.0,0.5,2.88,0.67,5.0,0.11,0.11,0.0934,1776228305000
1776228306.905,6.905,0.42,10.0,0.33,5.0,0.51,5.0,0.53,5.0,0.39,50.0,0.29,50.0,0.5,2.88,0.67,5.0,0.09,0.11,0.0934,1776228305000
1776228308.079,8.079,0.42,10.0,0.33,5.0,0.51,5.0,0.53,5.0,0.49,5.0,0.47,5.0,0.58,10.0,0.67,5.0,0.09,0.09,0.093396,1776228307000
1776228309.188,9.188,0.42,10.0,0.33,5.0,0.51,5.0,0.53,5.0,0.49,5.0,0.47,5.0,0.58,10.0,0.67,5.0,0.09,0.09,0.093395,1776228308000
1776228309.967,9.967,0.36,10.0,0.32,8.4,0.47,4.25,0.61,60.0,0.49,5.0,0.47,5.0,0.58,10.0,0.67,5.0,0.11,0.09,0.093395,1776228308000
1776228310.331,10.331,0.36,10.0,0.32,8.4,0.47,4.25,0.61,60.0,0.53,4.25,0.39,60.0,0.64,10.0,0.68,8.4,0.11,0.11,0.093388,1776228309000
1776228310.789,10.789,0.42,8.27,0.32,8.4,0.53,10.0,0.61,60.0,0.53,4.25,0.39,60.0,0.64,10.0,0.68,8.4,0.11,0.11,0.093388,1776228309000
1776228312.019,12.019,0.42,8.27,0.32,8.4,0.53,10.0,0.61,60.0,0.47,10.0,0.39,60.0,0.58,8.27,0.68,8.4,0.11,0.11,0.09339,1776228311000
1776228313.052,13.052,0.42,8.27,0.32,8.4,0.53,10.0,0.61,60.0,0.47,10.0,0.39,60.0,0.58,8.27,0.68,8.4,0.11,0.11,0.093393,1776228312000
1776228314.14,14.14,0.42,8.27,0.32,8.4,0.53,10.0,0.61,60.0,0.47,10.0,0.39,60.0,0.58,8.27,0.68,8.4,0.11,0.11,0.093391,1776228313000
1776228315.098,15.098,0.42,8.27,0.32,8.4,0.53,10.0,0.61,60.0,0.47,10.0,0.39,60.0,0.58,8.27,0.68,8.4,0.11,0.11,0.093392,1776228314000
1776228316.351,16.351,0.42,8.27,0.32,8.4,0.53,10.0,0.61,60.0,0.47,10.0,0.39,60.0,0.58,8.27,0.68,8.4,0.11,0.11,0.093392,1776228315000
1776228316.887,16.887,0.42,8.27,0.32,8.4,0.53,10.0,0.61,60.0,0.47,10.0,0.39,60.0,0.58,8.27,0.68,8.4,0.11,0.11,0.093392,1776228316000
1776228317.935,17.935,0.42,8.27,0.32,8.4,0.53,10.0,0.61,60.0,0.47,10.0,0.39,60.0,0.58,8.27,0.68,8.4,0.11,0.11,0.093386,1776228317000
1776228318.887,18.887,0.42,8.27,0.32,8.4,0.53,10.0,0.61,60.0,0.47,10.0,0.39,60.0,0.58,8.27,0.68,8.4,0.11,0.11,0.093383,1776228318000
1776228319.82,19.82,0.42,8.27,0.32,8.4,0.53,10.0,0.61,60.0,0.47,10.0,0.39,60.0,0.58,8.27,0.68,8.4,0.11,0.11,0.093392,1776228319000
1776228321.277,21.277,0.42,8.27,0.32,8.4,0.53,10.0,0.61,60.0,0.47,10.0,0.39,60.0,0.58,8.27,0.68,8.4,0.11,0.11,0.093391,1776228320000
1776228322.265,22.265,0.42,8.27,0.32,8.4,0.53,10.0,0.61,60.0,0.47,10.0,0.39,60.0,0.58,8.27,0.68,8.4,0.11,0.11,0.093389,1776228321000
1776228323.31,23.31,0.42,8.27,0.32,8.4,0.53,10.0,0.61,60.0,0.47,10.0,0.39,60.0,0.58,8.27,0.68,8.4,0.11,0.11,0.093389,1776228322000
1776228324.23,24.23,0.42,8.27,0.32,8.4,0.53,10.0,0.61,60.0,0.47,10.0,0.39,60.0,0.58,8.27,0.68,8.4,0.11,0.11,0.093389,1776228323000
1776228325.166,25.166,0.42,8.27,0.32,8.4,0.53,10.0,0.61,60.0,0.47,10.0,0.39,60.0,0.58,8.27,0.68,8.4,0.11,0.11,0.093389,1776228324000
1776228326.23,26.23,0.42,8.27,0.32,8.4,0.53,10.0,0.61,60.0,0.47,10.0,0.39,60.0,0.58,8.27,0.68,8.4,0.11,0.11,0.093389,1776228325000
1776228327.431,27.431,0.42,8.27,0.32,8.4,0.53,10.0,0.61,60.0,0.47,10.0,0.39,60.0,0.58,8.27,0.68,8.4,0.11,0.11,0.093389,1776228326000
1776228328.012,28.012,0.42,8.27,0.32,8.4,0.53,10.0,0.61,60.0,0.47,10.0,0.39,60.0,0.58,8.27,0.68,8.4,0.11,0.11,0.0934,1776228327000
1776228329.198,29.198,0.42,8.27,0.32,8.4,0.53,10.0,0.61,60.0,0.47,10.0,0.39,60.0,0.58,8.27,0.68,8.4,0.11,0.11,0.093391,1776228328000
1776228330.317,30.317,0.42,8.27,0.32,8.4,0.53,10.0,0.61,60.0,0.47,10.0,0.39,60.0,0.58,8.27,0.68,8.4,0.11,0.11,0.093387,1776228329000
1776228331.553,31.553,0.42,8.27,0.32,8.4,0.53,10.0,0.61,60.0,0.47,10.0,0.39,60.0,0.58,8.27,0.68,8.4,0.11,0.11,0.093387,1776228330000
1776228332.009,32.009,0.42,8.27,0.32,8.4,0.53,10.0,0.61,60.0,0.47,10.0,0.39,60.0,0.58,8.27,0.68,8.4,0.11,0.11,0.093387,1776228331000
1776228333.061,33.061,0.42,8.27,0.32,8.4,0.53,10.0,0.61,60.0,0.47,10.0,0.39,60.0,0.58,8.27,0.68,8.4,0.11,0.11,0.093387,1776228332000
1776228334.188,34.188,0.42,8.27,0.32,8.4,0.53,10.0,0.61,60.0,0.47,10.0,0.39,60.0,0.58,8.27,0.68,8.4,0.11,0.11,0.093387,1776228333000
1776228335.232,35.232,0.42,8.27,0.32,8.4,0.53,10.0,0.61,60.0,0.47,10.0,0.39,60.0,0.58,8.27,0.68,8.4,0.11,0.11,0.093386,1776228334000
1776228336.467,36.467,0.42,8.27,0.32,8.4,0.53,10.0,0.61,60.0,0.47,10.0,0.39,60.0,0.58,8.27,0.68,8.4,0.11,0.11,0.093386,1776228335000
1776228336.912,36.912,0.42,8.27,0.32,8.4,0.53,10.0,0.61,60.0,0.47,10.0,0.39,60.0,0.58,8.27,0.68,8.4,0.11,0.11,0.093386,1776228336000
1776228337.962,37.962,0.42,8.27,0.32,8.4,0.53,10.0,0.61,60.0,0.47,10.0,0.39,60.0,0.58,8.27,0.68,8.4,0.11,0.11,0.093386,1776228337000
1776228339.009,39.009,0.42,8.27,0.32,8.4,0.53,10.0,0.61,60.0,0.47,10.0,0.39,60.0,0.58,8.27,0.68,8.4,0.11,0.11,0.093387,1776228338000
1776228340.697,40.697,0.42,8.27,0.32,8.4,0.53,10.0,0.61,60.0,0.47,10.0,0.39,60.0,0.58,8.27,0.68,8.4,0.11,0.11,0.093389,1776228339000
1776228341.634,41.634,0.42,8.27,0.32,8.4,0.53,10.0,0.61,60.0,0.47,10.0,0.39,60.0,0.58,8.27,0.68,8.4,0.11,0.11,0.093398,1776228340000
1776228342.252,42.252,0.42,8.27,0.32,8.4,0.53,10.0,0.61,60.0,0.47,10.0,0.39,60.0,0.58,8.27,0.68,8.4,0.11,0.11,0.093402,1776228341000
1776228343.401,43.401,0.42,8.27,0.32,8.4,0.53,10.0,0.61,60.0,0.47,10.0,0.39,60.0,0.58,8.27,0.68,8.4,0.11,0.11,0.093402,1776228342000
1776228344.187,44.187,0.42,8.27,0.32,8.4,0.53,10.0,0.61,60.0,0.47,10.0,0.39,60.0,0.58,8.27,0.68,8.4,0.11,0.11,0.093403,1776228343000
1776228345.056,45.056,0.42,8.27,0.32,8.4,0.53,10.0,0.61,60.0,0.47,10.0,0.39,60.0,0.58,8.27,0.68,8.4,0.11,0.11,0.093403,1776228344000
1776228346.22,46.22,0.42,8.27,0.32,8.4,0.53,10.0,0.61,60.0,0.47,10.0,0.39,60.0,0.58,8.27,0.68,8.4,0.11,0.11,0.093403,1776228345000
1776228347.824,47.824,0.42,8.27,0.32,8.4,0.53,10.0,0.61,60.0,0.47,10.0,0.39,60.0,0.58,8.27,0.68,8.4,0.11,0.11,0.093403,1776228346000
1776228348.405,48.405,0.42,8.27,0.32,8.4,0.53,10.0,0.61,60.0,0.47,10.0,0.39,60.0,0.58,8.27,0.68,8.4,0.11,0.11,0.093403,1776228347000
1776228349.044,49.044,0.42,8.27,0.32,8.4,0.53,10.0,0.61,60.0,0.47,10.0,0.39,60.0,0.58,8.27,0.68,8.4,0.11,0.11,0.093402,1776228348000
1776228350.606,50.606,0.42,8.27,0.32,8.4,0.53,10.0,0.61,60.0,0.47,10.0,0.39,60.0,0.58,8.27,0.68,8.4,0.11,0.11,0.093404,1776228349000
1776228351.219,51.219,0.42,8.27,0.32,8.4,0.53,10.0,0.61,60.0,0.47,10.0,0.39,60.0,0.58,8.27,0.68,8.4,0.11,0.11,0.093403,1776228350000
1776228352.489,52.489,0.42,8.27,0.32,8.4,0.53,10.0,0.61,60.0,0.47,10.0,0.39,60.0,0.58,8.27,0.68,8.4,0.11,0.11,0.093404,1776228351000
1776228353.398,53.398,0.42,8.27,0.32,8.4,0.53,10.0,0.61,60.0,0.47,10.0,0.39,60.0,0.58,8.27,0.68,8.4,0.11,0.11,0.093404,1776228352000
1776228354.048,54.048,0.42,8.27,0.32,8.4,0.53,10.0,0.61,60.0,0.47,10.0,0.39,60.0,0.58,8.27,0.68,8.4,0.11,0.11,0.093404,1776228353000
1776228355.209,55.209,0.42,8.27,0.32,8.4,0.53,10.0,0.61,60.0,0.47,10.0,0.39,60.0,0.58,8.27,0.68,8.4,0.11,0.11,0.093402,1776228354000
1776228356.214,56.214,0.42,8.27,0.32,8.4,0.53,10.0,0.61,60.0,0.47,10.0,0.39,60.0,0.58,8.27,0.68,8.4,0.11,0.11,0.093394,1776228355000
1776228357.092,57.092,0.42,8.27,0.32,8.4,0.53,10.0,0.61,60.0,0.47,10.0,0.39,60.0,0.58,8.27,0.68,8.4,0.11,0.11,0.093394,1776228356000
1776228358.158,58.158,0.42,8.27,0.32,8.4,0.53,10.0,0.61,60.0,0.47,10.0,0.39,60.0,0.58,8.27,0.68,8.4,0.11,0.11,0.093394,1776228357000
1776228359.18,59.18,0.42,8.27,0.32,8.4,0.53,10.0,0.61,60.0,0.47,10.0,0.39,60.0,0.58,8.27,0.68,8.4,0.11,0.11,0.093394,1776228358000
1776228360.068,60.068,0.42,8.27,0.32,8.4,0.53,10.0,0.61,60.0,0.47,10.0,0.39,60.0,0.58,8.27,0.68,8.4,0.11,0.11,0.093394,1776228359000
1776228361.066,61.066,0.42,8.27,0.32,8.4,0.53,10.0,0.61,60.0,0.47,10.0,0.39,60.0,0.58,8.27,0.68,8.4,0.11,0.11,0.093394,1776228360000
1776228362.108,62.108,0.42,8.27,0.32,8.4,0.53,10.0,0.61,60.0,0.47,10.0,0.39,60.0,0.58,8.27,0.68,8.4,0.11,0.11,0.093394,1776228361000
1776228363.049,63.049,0.42,8.27,0.32,8.4,0.53,10.0,0.61,60.0,0.47,10.0,0.39,60.0,0.58,8.27,0.68,8.4,0.11,0.11,0.093394,1776228362000
1776228364.17,64.17,0.42,8.27,0.32,8.4,0.53,10.0,0.61,60.0,0.47,10.0,0.39,60.0,0.58,8.27,0.68,8.4,0.11,0.11,0.093397,1776228363000
1776228365.087,65.087,0.42,8.27,0.32,8.4,0.53,10.0,0.61,60.0,0.47,10.0,0.39,60.0,0.58,8.27,0.68,8.4,0.11,0.11,0.093397,1776228364000
1776228366.154,66.154,0.42,8.27,0.32,8.4,0.53,10.0,0.61,60.0,0.47,10.0,0.39,60.0,0.58,8.27,0.68,8.4,0.11,0.11,0.093397,1776228365000
1776228367.147,67.147,0.42,8.27,0.32,8.4,0.53,10.0,0.61,60.0,0.47,10.0,0.39,60.0,0.58,8.27,0.68,8.4,0.11,0.11,0.093404,1776228366000
1776228368.173,68.173,0.42,8.27,0.32,8.4,0.53,10.0,0.61,60.0,0.47,10.0,0.39,60.0,0.58,8.27,0.68,8.4,0.11,0.11,0.093404,1776228367000
1776228369.157,69.157,0.42,8.27,0.32,8.4,0.53,10.0,0.61,60.0,0.47,10.0,0.39,60.0,0.58,8.27,0.68,8.4,0.11,0.11,0.093404,1776228368000
1776228370.213,70.213,0.41,20.7,0.4,10.8,0.53,0.56,0.57,10.6,0.47,0.56,0.43,10.6,0.59,20.7,0.6,10.8,0.12,0.12,0.093404,1776228369000
1776228371.52,71.52,0.41,20.7,0.4,10.8,0.53,0.56,0.57,10.6,0.47,0.56,0.43,10.6,0.59,20.7,0.6,10.8,0.12,0.12,0.093404,1776228370000
1776228372.362,72.362,0.41,20.7,0.4,10.8,0.53,0.56,0.57,10.6,0.47,0.56,0.43,10.6,0.59,20.7,0.6,10.8,0.12,0.12,0.093404,1776228371000
1776228373.858,73.858,0.41,20.7,0.4,10.8,0.53,0.56,0.57,10.6,0.47,0.56,0.43,10.6,0.59,20.7,0.6,10.8,0.12,0.12,0.093403,1776228372000
1776228374.512,74.512,0.41,20.7,0.4,10.8,0.53,0.56,0.57,10.6,0.47,0.56,0.43,10.6,0.59,20.7,0.6,10.8,0.12,0.12,0.093403,1776228373000
1776228375.139,75.139,0.41,20.7,0.4,10.8,0.53,0.56,0.57,10.6,0.47,0.56,0.43,10.6,0.59,20.7,0.6,10.8,0.12,0.12,0.093403,1776228374000
1776228376.53,76.53,0.41,20.7,0.4,10.8,0.53,0.56,0.57,10.6,0.47,0.56,0.43,10.6,0.59,20.7,0.6,10.8,0.12,0.12,0.093403,1776228375000
1776228377.129,77.129,0.41,20.7,0.4,10.8,0.53,0.56,0.57,10.6,0.47,0.56,0.43,10.6,0.59,20.7,0.6,10.8,0.12,0.12,0.093403,1776228376000
1776228378.457,78.457,0.41,20.7,0.4,10.8,0.53,0.56,0.57,10.6,0.47,0.56,0.43,10.6,0.59,20.7,0.6,10.8,0.12,0.12,0.093403,1776228377000
1776228379.017,79.017,0.41,20.7,0.4,10.8,0.53,0.56,0.57,10.6,0.47,0.56,0.43,10.6,0.59,20.7,0.6,10.8,0.12,0.12,0.093403,1776228378000
1776228380.162,80.162,0.41,20.7,0.4,10.8,0.53,0.56,0.57,10.6,0.47,0.56,0.43,10.6,0.59,20.7,0.6,10.8,0.12,0.12,0.093403,1776228379000
1776228381.554,81.554,0.41,20.7,0.4,10.8,0.53,0.56,0.57,10.6,0.47,0.56,0.43,10.6,0.59,20.7,0.6,10.8,0.12,0.12,0.093403,1776228380000
1776228382.075,82.075,0.41,20.7,0.4,10.8,0.53,0.56,0.57,10.6,0.47,0.56,0.43,10.6,0.59,20.7,0.6,10.8,0.12,0.12,0.093403,1776228381000
1776228383.365,83.365,0.41,20.7,0.4,10.8,0.53,0.56,0.57,10.6,0.47,0.56,0.43,10.6,0.59,20.7,0.6,10.8,0.12,0.12,0.093403,1776228382000
1776228384.568,84.568,0.41,20.7,0.4,10.8,0.53,0.56,0.57,10.6,0.47,0.56,0.43,10.6,0.59,20.7,0.6,10.8,0.12,0.12,0.093403,1776228383000
1776228385.106,85.106,0.59,5.0,0.55,5.0,0.6,5.0,0.63,10.0,0.4,5.0,0.37,10.0,0.41,5.0,0.45,5.0,0.01,0.01,0.093403,1776228384000
1776228385.409,85.409,0.46,10.5,0.45,10.5,0.63,10.0,0.66,10.0,0.37,10.0,0.34,10.0,0.41,5.0,0.55,10.5,0.17,0.04,0.093403,1776228384000
1776228386.339,86.339,0.46,10.5,0.45,10.5,0.63,10.0,0.66,10.0,0.37,10.0,0.34,10.0,0.54,10.5,0.55,10.5,0.17,0.17,0.093422,1776228385000
1776228386.758,86.758,0.6,5.0,0.49,10.4,0.63,8.26,0.66,10.0,0.37,10.0,0.34,10.0,0.54,10.5,0.55,10.5,0.03,0.17,0.093422,1776228385000
1776228388.094,88.094,0.6,5.0,0.49,10.4,0.63,8.26,0.66,10.0,0.37,8.26,0.34,10.0,0.4,5.0,0.51,10.4,0.03,0.03,0.093427,1776228387000
1776228389.53,89.53,0.6,5.0,0.49,10.4,0.63,8.26,0.66,10.0,0.37,8.26,0.34,10.0,0.4,5.0,0.51,10.4,0.03,0.03,0.093427,1776228388000
1776228390.33,90.33,0.6,5.0,0.49,10.4,0.63,8.26,0.66,10.0,0.37,8.26,0.34,10.0,0.4,5.0,0.51,10.4,0.03,0.03,0.093427,1776228389000
1776228390.976,90.976,0.6,5.0,0.49,10.4,0.63,8.26,0.66,10.0,0.37,8.26,0.34,10.0,0.4,5.0,0.51,10.4,0.03,0.03,0.093428,1776228390000
1776228392.375,92.375,0.6,5.0,0.49,10.4,0.63,8.26,0.66,10.0,0.37,8.26,0.34,10.0,0.4,5.0,0.51,10.4,0.03,0.03,0.093428,1776228391000
1776228393.043,93.043,0.6,5.0,0.49,10.4,0.63,8.26,0.66,10.0,0.37,8.26,0.34,10.0,0.4,5.0,0.51,10.4,0.03,0.03,0.093428,1776228392000
1776228394.454,94.454,0.6,5.0,0.49,10.4,0.63,8.26,0.66,10.0,0.37,8.26,0.34,10.0,0.4,5.0,0.51,10.4,0.03,0.03,0.093427,1776228393000
1776228395.065,95.065,0.6,5.0,0.49,10.4,0.63,8.26,0.66,10.0,0.37,8.26,0.34,10.0,0.4,5.0,0.51,10.4,0.03,0.03,0.093427,1776228394000
1776228396.435,96.435,0.6,5.0,0.49,10.4,0.63,8.26,0.66,10.0,0.37,8.26,0.34,10.0,0.4,5.0,0.51,10.4,0.03,0.03,0.093429,1776228395000
1776228397.12,97.12,0.6,5.0,0.49,10.4,0.63,8.26,0.66,10.0,0.37,8.26,0.34,10.0,0.4,5.0,0.51,10.4,0.03,0.03,0.093429,1776228396000
1776228398.489,98.489,0.6,5.0,0.49,10.4,0.63,8.26,0.66,10.0,0.37,8.26,0.34,10.0,0.4,5.0,0.51,10.4,0.03,0.03,0.093437,1776228397000
1776228399.152,99.152,0.6,5.0,0.49,10.4,0.63,8.26,0.66,10.0,0.37,8.26,0.34,10.0,0.4,5.0,0.51,10.4,0.03,0.03,0.093437,1776228398000
1776228399.932,99.932,0.6,5.0,0.49,10.4,0.63,8.26,0.66,10.0,0.37,8.26,0.34,10.0,0.4,5.0,0.51,10.4,0.03,0.03,0.093437,1776228399000
1776228401.213,101.213,0.6,5.0,0.49,10.4,0.63,8.26,0.66,10.0,0.37,8.26,0.34,10.0,0.4,5.0,0.51,10.4,0.03,0.03,0.093437,1776228400000
1776228401.942,101.942,0.6,25.8,0.59,20.7,0.64,11.25,0.74,13.5,0.37,8.26,0.34,10.0,0.4,5.0,0.51,10.4,0.04,0.03,0.093437,1776228400000
1776228402.263,102.263,0.63,5.0,0.6,30.8,0.64,6.25,0.74,13.5,0.36,11.25,0.26,13.5,0.4,25.8,0.41,20.7,0.01,0.04,0.093437,1776228400000
1776228402.545,102.545,0.63,5.0,0.6,30.8,0.64,6.25,0.74,13.5,0.36,6.25,0.26,13.5,0.37,5.0,0.4,30.8,0.01,0.01,0.093438,1776228401000
1776228403.185,103.185,0.63,5.0,0.6,30.8,0.64,6.25,0.74,13.5,0.36,6.25,0.26,13.5,0.37,5.0,0.4,30.8,0.01,0.01,0.093437,1776228402000
1776228404.439,104.439,0.63,5.0,0.6,30.8,0.64,6.25,0.74,13.5,0.36,6.25,0.26,13.5,0.37,5.0,0.4,30.8,0.01,0.01,0.093437,1776228403000
1776228405.624,105.624,0.63,5.0,0.6,30.8,0.64,6.25,0.74,13.5,0.36,6.25,0.26,13.5,0.37,5.0,0.4,30.8,0.01,0.01,0.093437,1776228404000
1776228406.792,106.792,0.63,5.0,0.6,30.8,0.64,6.25,0.74,13.5,0.36,6.25,0.26,13.5,0.37,5.0,0.4,30.8,0.01,0.01,0.093437,1776228405000
1776228407.4,107.4,0.63,5.0,0.6,30.8,0.64,6.25,0.74,13.5,0.36,6.25,0.26,13.5,0.37,5.0,0.4,30.8,0.01,0.01,0.093437,1776228406000
1776228408.016,108.016,0.63,5.0,0.6,30.8,0.64,6.25,0.74,13.5,0.36,6.25,0.26,13.5,0.37,5.0,0.4,30.8,0.01,0.01,0.093437,1776228407000
1776228409.633,109.633,0.63,5.0,0.6,30.8,0.64,6.25,0.74,13.5,0.36,6.25,0.26,13.5,0.37,5.0,0.4,30.8,0.01,0.01,0.093437,1776228408000
1776228410.419,110.419,0.63,5.0,0.6,30.8,0.64,6.25,0.74,13.5,0.36,6.25,0.26,13.5,0.37,5.0,0.4,30.8,0.01,0.01,0.093437,1776228409000
1776228411.053,111.053,0.63,5.0,0.6,30.8,0.64,6.25,0.74,13.5,0.36,6.25,0.26,13.5,0.37,5.0,0.4,30.8,0.01,0.01,0.093437,1776228410000
1776228412.339,112.339,0.63,5.0,0.6,30.8,0.64,6.25,0.74,13.5,0.36,6.25,0.26,13.5,0.37,5.0,0.4,30.8,0.01,0.01,0.093437,1776228411000
1776228413.212,113.212,0.63,5.0,0.6,30.8,0.64,6.25,0.74,13.5,0.36,6.25,0.26,13.5,0.37,5.0,0.4,30.8,0.01,0.01,0.093437,1776228412000
1776228414.521,114.521,0.63,21.0,0.6,10.0,0.64,6.25,0.67,5.0,0.36,6.25,0.26,13.5,0.37,5.0,0.4,30.8,0.01,0.01,0.093437,1776228412000
1776228415.371,115.371,0.63,21.0,0.6,10.0,0.64,6.25,0.67,5.0,0.36,6.25,0.33,5.0,0.37,21.0,0.4,10.0,0.01,0.01,0.093436,1776228414000
1776228416.771,116.771,0.63,21.0,0.6,10.0,0.64,6.25,0.67,5.0,0.36,6.25,0.33,5.0,0.37,21.0,0.4,10.0,0.01,0.01,0.093425,1776228415000
1776228417.391,117.391,0.63,21.0,0.6,10.0,0.64,6.25,0.67,5.0,0.36,6.25,0.33,5.0,0.37,21.0,0.4,10.0,0.01,0.01,0.09342,1776228416000
1776228418.091,118.091,0.63,21.0,0.6,10.0,0.64,6.25,0.67,5.0,0.36,6.25,0.33,5.0,0.37,21.0,0.4,10.0,0.01,0.01,0.09342,1776228417000
1776228418.504,118.504,0.63,21.0,0.52,5.0,0.64,0.77,0.66,11.6,0.36,6.25,0.33,5.0,0.37,21.0,0.4,10.0,0.01,0.01,0.09342,1776228417000
1776228419.649,119.649,0.63,11.89,0.52,5.0,0.64,0.77,0.66,11.6,0.36,0.77,0.34,11.6,0.37,11.89,0.48,5.0,0.01,0.01,0.09342,1776228418000
1776228420.31,120.31,0.63,11.89,0.52,5.0,0.64,0.77,0.66,11.6,0.36,0.77,0.34,11.6,0.37,11.89,0.48,5.0,0.01,0.01,0.093419,1776228419000
1776228421.016,121.016,0.63,11.89,0.52,5.0,0.64,0.77,0.66,11.6,0.36,0.77,0.34,11.6,0.37,11.89,0.48,5.0,0.01,0.01,0.093419,1776228420000
1776228422.501,122.501,0.63,11.89,0.52,5.0,0.64,0.77,0.66,11.6,0.36,0.77,0.34,11.6,0.37,11.89,0.48,5.0,0.01,0.01,0.093419,1776228421000
1776228423.246,123.246,0.63,11.89,0.52,5.0,0.64,0.77,0.66,11.6,0.36,0.77,0.34,11.6,0.37,11.89,0.48,5.0,0.01,0.01,0.093419,1776228422000
1776228424.371,124.371,0.63,11.89,0.52,5.0,0.64,0.77,0.66,11.6,0.36,0.77,0.34,11.6,0.37,11.89,0.48,5.0,0.01,0.01,0.09341,1776228423000
1776228424.979,124.979,0.63,11.89,0.52,5.0,0.64,0.77,0.66,11.6,0.36,0.77,0.34,11.6,0.37,11.89,0.48,5.0,0.01,0.01,0.093412,1776228424000
1776228426.034,126.034,0.63,11.89,0.52,5.0,0.64,0.77,0.66,11.6,0.36,0.77,0.34,11.6,0.37,11.89,0.48,5.0,0.01,0.01,0.093413,1776228425000
1776228426.985,126.985,0.63,11.89,0.52,5.0,0.64,0.77,0.66,11.6,0.36,0.77,0.34,11.6,0.37,11.89,0.48,5.0,0.01,0.01,0.093416,1776228426000
1776228428.033,128.033,0.63,11.89,0.52,5.0,0.64,0.77,0.66,11.6,0.36,0.77,0.34,11.6,0.37,11.89,0.48,5.0,0.01,0.01,0.093416,1776228427000
1776228429.102,129.102,0.63,11.89,0.52,5.0,0.64,0.77,0.66,11.6,0.36,0.77,0.34,11.6,0.37,11.89,0.48,5.0,0.01,0.01,0.093416,1776228428000
1776228430.172,130.172,0.63,11.89,0.52,5.0,0.64,0.77,0.66,11.6,0.36,0.77,0.34,11.6,0.37,11.89,0.48,5.0,0.01,0.01,0.093416,1776228429000
1776228431.318,131.318,0.63,11.89,0.52,5.0,0.64,0.77,0.66,11.6,0.36,0.77,0.34,11.6,0.37,11.89,0.48,5.0,0.01,0.01,0.093416,1776228430000
1776228432.327,132.327,0.63,11.89,0.52,5.0,0.64,0.77,0.66,11.6,0.36,0.77,0.34,11.6,0.37,11.89,0.48,5.0,0.01,0.01,0.093431,1776228431000
1776228432.953,132.953,0.63,11.89,0.52,5.0,0.64,0.77,0.66,11.6,0.36,0.77,0.34,11.6,0.37,11.89,0.48,5.0,0.01,0.01,0.093431,1776228432000
1776228433.898,133.898,0.63,11.89,0.52,5.0,0.64,0.77,0.66,11.6,0.36,0.77,0.34,11.6,0.37,11.89,0.48,5.0,0.01,0.01,0.093438,1776228433000
1776228434.979,134.979,0.63,11.89,0.52,5.0,0.64,0.77,0.66,11.6,0.36,0.77,0.34,11.6,0.37,11.89,0.48,5.0,0.01,0.01,0.09344,1776228434000
1776228435.421,135.421,0.63,26.0,0.61,50.0,0.8,31.2,0.81,23.89,0.36,0.77,0.34,11.6,0.37,11.89,0.48,5.0,0.17,0.01,0.09344,1776228434000
1776228436.061,136.061,0.63,26.0,0.61,50.0,0.8,31.2,0.81,23.89,0.2,31.2,0.19,23.89,0.37,26.0,0.39,50.0,0.17,0.17,0.09344,1776228435000
1776228437.192,137.192,0.63,26.0,0.61,50.0,0.8,31.2,0.81,23.89,0.2,31.2,0.19,23.89,0.37,26.0,0.39,50.0,0.17,0.17,0.093449,1776228436000
1776228438.283,138.283,0.63,26.0,0.61,50.0,0.8,31.2,0.81,23.89,0.2,31.2,0.19,23.89,0.37,26.0,0.39,50.0,0.17,0.17,0.09345,1776228437000
1776228439.906,139.906,0.63,26.0,0.61,50.0,0.8,31.2,0.81,23.89,0.2,31.2,0.19,23.89,0.37,26.0,0.39,50.0,0.17,0.17,0.093451,1776228439000
1776228441.322,141.322,0.63,26.0,0.61,50.0,0.8,31.2,0.81,23.89,0.2,31.2,0.19,23.89,0.37,26.0,0.39,50.0,0.17,0.17,0.093451,1776228440000
1776228442.082,142.082,0.63,26.0,0.61,50.0,0.8,31.2,0.81,23.89,0.2,31.2,0.19,23.89,0.37,26.0,0.39,50.0,0.17,0.17,0.093458,1776228441000
1776228443.728,143.728,0.63,26.0,0.61,50.0,0.8,31.2,0.81,23.89,0.2,31.2,0.19,23.89,0.37,26.0,0.39,50.0,0.17,0.17,0.093459,1776228442000
1776228444.442,144.442,0.63,26.0,0.61,50.0,0.8,31.2,0.81,23.89,0.2,31.2,0.19,23.89,0.37,26.0,0.39,50.0,0.17,0.17,0.093459,1776228443000
1776228445.226,145.226,0.63,26.0,0.61,50.0,0.8,31.2,0.81,23.89,0.2,31.2,0.19,23.89,0.37,26.0,0.39,50.0,0.17,0.17,0.093459,1776228444000
1776228446.088,146.088,0.78,10.45,0.75,5.0,0.85,20.39,0.86,40.6,0.2,31.2,0.19,23.89,0.37,26.0,0.39,50.0,0.07,0.17,0.093459,1776228444000
1776228446.706,146.706,0.78,10.45,0.75,5.0,0.85,20.39,0.86,40.6,0.15,20.39,0.14,40.6,0.22,10.45,0.25,5.0,0.07,0.07,0.09346,1776228445000
1776228447.468,147.468,0.78,10.45,0.75,5.0,0.85,20.39,0.86,40.6,0.15,20.39,0.14,40.6,0.22,10.45,0.25,5.0,0.07,0.07,0.09346,1776228446000
1776228448.219,148.219,0.78,10.45,0.75,5.0,0.85,20.39,0.86,40.6,0.15,20.39,0.14,40.6,0.22,10.45,0.25,5.0,0.07,0.07,0.09346,1776228447000
1776228449.119,149.119,0.78,10.45,0.75,5.0,0.85,20.39,0.86,40.6,0.15,20.39,0.14,40.6,0.22,10.45,0.25,5.0,0.07,0.07,0.093463,1776228448000
1776228450.345,150.345,0.78,10.45,0.75,5.0,0.85,20.39,0.86,40.6,0.15,20.39,0.14,40.6,0.22,10.45,0.25,5.0,0.07,0.07,0.093463,1776228449000
1776228451.172,151.172,0.78,10.45,0.75,5.0,0.85,20.39,0.86,40.6,0.15,20.39,0.14,40.6,0.22,10.45,0.25,5.0,0.07,0.07,0.093463,1776228450000
1776228452.535,152.535,0.78,10.45,0.75,5.0,0.85,20.39,0.86,40.6,0.15,20.39,0.14,40.6,0.22,10.45,0.25,5.0,0.07,0.07,0.093463,1776228451000
1776228453.331,153.331,0.78,10.45,0.75,5.0,0.85,20.39,0.86,40.6,0.15,20.39,0.14,40.6,0.22,10.45,0.25,5.0,0.07,0.07,0.093464,1776228452000
1776228454.002,154.002,0.78,10.45,0.75,5.0,0.85,20.39,0.86,40.6,0.15,20.39,0.14,40.6,0.22,10.45,0.25,5.0,0.07,0.07,0.093464,1776228453000
1776228455.346,155.346,0.78,10.45,0.75,5.0,0.85,20.39,0.86,40.6,0.15,20.39,0.14,40.6,0.22,10.45,0.25,5.0,0.07,0.07,0.093464,1776228454000
1776228456.044,156.044,0.78,10.45,0.75,5.0,0.85,20.39,0.86,40.6,0.15,20.39,0.14,40.6,0.22,10.45,0.25,5.0,0.07,0.07,0.093465,1776228455000
1776228457.268,157.268,0.78,10.45,0.75,5.0,0.85,20.39,0.86,40.6,0.15,20.39,0.14,40.6,0.22,10.45,0.25,5.0,0.07,0.07,0.093466,1776228456000
1776228458.374,158.374,0.78,10.45,0.75,5.0,0.85,20.39,0.86,40.6,0.15,20.39,0.14,40.6,0.22,10.45,0.25,5.0,0.07,0.07,0.093465,1776228457000
1776228458.934,158.934,0.78,10.45,0.75,5.0,0.85,20.39,0.86,40.6,0.15,20.39,0.14,40.6,0.22,10.45,0.25,5.0,0.07,0.07,0.093465,1776228458000
1776228460.024,160.024,0.78,10.45,0.75,5.0,0.85,20.39,0.86,40.6,0.15,20.39,0.14,40.6,0.22,10.45,0.25,5.0,0.07,0.07,0.093465,1776228459000
1776228461.201,161.201,0.78,10.45,0.75,5.0,0.85,20.39,0.86,40.6,0.15,20.39,0.14,40.6,0.22,10.45,0.25,5.0,0.07,0.07,0.093465,1776228460000
1776228462.344,162.344,0.78,10.45,0.75,5.0,0.85,20.39,0.86,40.6,0.15,20.39,0.14,40.6,0.22,10.45,0.25,5.0,0.07,0.07,0.093465,1776228461000
1776228463.287,163.287,0.78,10.45,0.75,5.0,0.85,20.39,0.86,40.6,0.15,20.39,0.14,40.6,0.22,10.45,0.25,5.0,0.07,0.07,0.093465,1776228462000
1776228463.972,163.972,0.78,10.45,0.75,5.0,0.85,20.39,0.86,40.6,0.15,20.39,0.14,40.6,0.22,10.45,0.25,5.0,0.07,0.07,0.093465,1776228463000
1776228465.095,165.095,0.78,10.45,0.75,5.0,0.85,20.39,0.86,40.6,0.15,20.39,0.14,40.6,0.22,10.45,0.25,5.0,0.07,0.07,0.093465,1776228464000
1776228466.268,166.268,0.78,10.45,0.75,5.0,0.85,20.39,0.86,40.6,0.15,20.39,0.14,40.6,0.22,10.45,0.25,5.0,0.07,0.07,0.093465,1776228465000
1776228466.893,166.893,0.78,10.45,0.75,5.0,0.85,20.39,0.86,40.6,0.15,20.39,0.14,40.6,0.22,10.45,0.25,5.0,0.07,0.07,0.093465,1776228466000
1776228468.131,168.131,0.78,10.45,0.75,5.0,0.85,20.39,0.86,40.6,0.15,20.39,0.14,40.6,0.22,10.45,0.25,5.0,0.07,0.07,0.093466,1776228467000
1776228469.294,169.294,0.78,10.45,0.75,5.0,0.85,20.39,0.86,40.6,0.15,20.39,0.14,40.6,0.22,10.45,0.25,5.0,0.07,0.07,0.093466,1776228468000
1776228469.867,169.867,0.78,10.45,0.75,5.0,0.85,20.39,0.86,40.6,0.15,20.39,0.14,40.6,0.22,10.45,0.25,5.0,0.07,0.07,0.093466,1776228469000
1776228471.063,171.063,0.78,10.45,0.75,5.0,0.85,20.39,0.86,40.6,0.15,20.39,0.14,40.6,0.22,10.45,0.25,5.0,0.07,0.07,0.093466,1776228470000
1776228472.356,172.356,0.78,10.45,0.75,5.0,0.85,20.39,0.86,40.6,0.15,20.39,0.14,40.6,0.22,10.45,0.25,5.0,0.07,0.07,0.093466,1776228471000
1776228473.147,173.147,0.78,10.45,0.75,5.0,0.85,20.39,0.86,40.6,0.15,20.39,0.14,40.6,0.22,10.45,0.25,5.0,0.07,0.07,0.093466,1776228472000
1776228474.061,174.061,0.78,10.45,0.75,5.0,0.85,20.39,0.86,40.6,0.15,20.39,0.14,40.6,0.22,10.45,0.25,5.0,0.07,0.07,0.093466,1776228473000
1776228475.655,175.655,0.78,10.45,0.75,5.0,0.85,20.39,0.86,40.6,0.15,20.39,0.14,40.6,0.22,10.45,0.25,5.0,0.07,0.07,0.093472,1776228474000
1776228476.346,176.346,0.78,10.45,0.75,5.0,0.85,20.39,0.86,40.6,0.15,20.39,0.14,40.6,0.22,10.45,0.25,5.0,0.07,0.07,0.093472,1776228475000
1776228477.527,177.527,0.78,10.45,0.75,5.0,0.85,20.39,0.86,40.6,0.15,20.39,0.14,40.6,0.22,10.45,0.25,5.0,0.07,0.07,0.093467,1776228476000
1776228478.349,178.349,0.78,10.45,0.75,5.0,0.85,20.39,0.86,40.6,0.15,20.39,0.14,40.6,0.22,10.45,0.25,5.0,0.07,0.07,0.093467,1776228477000
1776228478.944,178.944,0.78,10.45,0.75,5.0,0.85,20.39,0.86,40.6,0.15,20.39,0.14,40.6,0.22,10.45,0.25,5.0,0.07,0.07,0.093467,1776228478000
1776228480.066,180.066,0.78,10.45,0.75,5.0,0.85,20.39,0.86,40.6,0.15,20.39,0.14,40.6,0.22,10.45,0.25,5.0,0.07,0.07,0.093467,1776228479000
1776228481.251,181.251,0.78,10.45,0.75,5.0,0.85,20.39,0.86,40.6,0.15,20.39,0.14,40.6,0.22,10.45,0.25,5.0,0.07,0.07,0.093467,1776228480000
1776228482.311,182.311,0.78,10.45,0.75,5.0,0.85,20.39,0.86,40.6,0.15,20.39,0.14,40.6,0.22,10.45,0.25,5.0,0.07,0.07,0.093464,1776228481000
1776228482.861,182.861,0.78,10.45,0.75,5.0,0.85,20.39,0.86,40.6,0.15,20.39,0.14,40.6,0.22,10.45,0.25,5.0,0.07,0.07,0.093464,1776228482000
1776228484.235,184.235,0.78,10.45,0.75,5.0,0.85,20.39,0.86,40.6,0.15,20.39,0.14,40.6,0.22,10.45,0.25,5.0,0.07,0.07,0.09346,1776228483000
1776228485.021,185.021,0.79,5.0,0.75,5.0,0.84,18.1,0.85,20.39,0.15,20.39,0.14,40.6,0.22,10.45,0.25,5.0,0.05,0.07,0.09346,1776228483000
1776228485.289,185.289,0.79,5.0,0.75,5.0,0.84,18.1,0.85,20.39,0.16,18.1,0.15,20.39,0.21,5.0,0.25,5.0,0.05,0.05,0.093451,1776228484000
1776228486.404,186.404,0.89,10.0,0.88,5.0,0.93,136.7,0.94,46.1,0.16,18.1,0.15,20.39,0.21,5.0,0.25,5.0,0.04,0.05,0.093451,1776228484000
1776228487.001,187.001,0.89,10.0,0.83,5.0,0.93,128.12,0.94,46.1,0.07,133.5,0.06,46.1,0.11,10.0,0.12,5.0,0.04,0.04,0.093451,1776228485000
1776228487.581,187.581,0.89,10.0,0.83,5.0,0.93,128.12,0.94,46.1,0.07,128.12,0.06,46.1,0.11,10.0,0.17,5.0,0.04,0.04,0.093451,1776228486000
1776228488.135,188.135,0.89,10.0,0.83,5.0,0.93,128.12,0.94,46.1,0.07,128.12,0.06,46.1,0.11,10.0,0.17,5.0,0.04,0.04,0.093462,1776228487000
1776228489.486,189.486,0.89,10.0,0.83,5.0,0.93,128.12,0.94,46.1,0.07,128.12,0.06,46.1,0.11,10.0,0.17,5.0,0.04,0.04,0.093487,1776228488000
1776228490.05,190.05,0.89,10.0,0.79,5.0,0.91,50.0,0.92,13.0,0.09,50.0,0.08,13.0,0.11,10.0,0.21,5.0,0.02,0.02,0.093487,1776228489000
1776228490.438,190.438,0.75,5.0,0.59,10.7,0.81,22.0,0.82,5.0,0.19,55.0,0.18,5.0,0.25,5.0,0.41,10.7,0.06,0.06,0.093487,1776228489000
1776228491.238,191.238,0.75,5.0,0.59,10.7,0.81,22.0,0.82,5.0,0.19,22.0,0.18,5.0,0.25,5.0,0.41,10.7,0.06,0.06,0.093474,1776228490000
1776228492.405,192.405,0.61,45.58,0.59,10.7,0.81,22.0,0.82,5.0,0.19,22.0,0.18,5.0,0.39,45.58,0.41,10.7,0.2,0.2,0.093444,1776228491000
1776228493.033,193.033,0.61,45.58,0.59,10.7,0.81,22.0,0.82,5.0,0.19,22.0,0.18,5.0,0.39,45.58,0.41,10.7,0.2,0.2,0.093433,1776228492000
1776228493.261,193.261,0.61,62.32,0.6,10.8,0.81,17.0,0.87,43.0,0.19,22.0,0.18,5.0,0.39,45.58,0.41,10.7,0.2,0.2,0.093433,1776228492000
1776228494.267,194.267,0.61,62.32,0.6,10.8,0.81,17.0,0.87,43.0,0.19,17.0,0.13,43.0,0.39,62.32,0.4,10.8,0.2,0.2,0.093433,1776228493000
1776228495.365,195.365,0.61,62.32,0.6,10.8,0.81,17.0,0.87,43.0,0.19,17.0,0.13,43.0,0.39,62.32,0.4,10.8,0.2,0.2,0.093444,1776228494000
1776228496.51,196.51,0.61,62.32,0.6,10.8,0.81,17.0,0.87,43.0,0.19,17.0,0.13,43.0,0.39,62.32,0.4,10.8,0.2,0.2,0.093444,1776228495000
1776228496.993,196.993,0.61,62.32,0.6,10.8,0.81,17.0,0.87,43.0,0.19,17.0,0.13,43.0,0.39,62.32,0.4,10.8,0.2,0.2,0.093444,1776228496000
1776228498.162,198.162,0.61,62.32,0.6,10.8,0.81,17.0,0.87,43.0,0.19,17.0,0.13,43.0,0.39,62.32,0.4,10.8,0.2,0.2,0.093443,1776228497000
1776228499.239,199.239,0.61,62.32,0.6,10.8,0.81,17.0,0.87,43.0,0.19,17.0,0.13,43.0,0.39,62.32,0.4,10.8,0.2,0.2,0.093444,1776228498000
1776228500.378,200.378,0.61,62.32,0.6,10.8,0.81,17.0,0.87,43.0,0.19,17.0,0.13,43.0,0.39,62.32,0.4,10.8,0.2,0.2,0.093444,1776228499000
1776228500.989,200.989,0.61,62.32,0.6,10.8,0.81,17.0,0.87,43.0,0.19,17.0,0.13,43.0,0.39,62.32,0.4,10.8,0.2,0.2,0.093444,1776228500000
1776228502.042,202.042,0.61,62.32,0.6,10.8,0.81,17.0,0.87,43.0,0.19,17.0,0.13,43.0,0.39,62.32,0.4,10.8,0.2,0.2,0.093444,1776228501000
1776228503.334,203.334,0.61,62.32,0.6,10.8,0.81,17.0,0.87,43.0,0.19,17.0,0.13,43.0,0.39,62.32,0.4,10.8,0.2,0.2,0.093445,1776228502000
1776228504.251,204.251,0.61,62.32,0.6,10.8,0.81,17.0,0.87,43.0,0.19,17.0,0.13,43.0,0.39,62.32,0.4,10.8,0.2,0.2,0.093444,1776228503000
1776228504.959,204.959,0.68,22.9,0.67,11.8,0.8,16.2,0.81,33.89,0.2,16.2,0.19,33.89,0.32,22.9,0.33,11.8,0.12,0.12,0.093444,1776228504000
1776228505.951,205.951,0.68,22.9,0.67,11.8,0.8,16.2,0.81,33.89,0.2,16.2,0.19,33.89,0.32,22.9,0.33,11.8,0.12,0.12,0.093444,1776228505000
1776228507.003,207.003,0.68,22.9,0.67,11.8,0.8,16.2,0.81,33.89,0.2,16.2,0.19,33.89,0.32,22.9,0.33,11.8,0.12,0.12,0.093445,1776228506000
1776228508.017,208.017,0.68,22.9,0.67,11.8,0.8,16.2,0.81,33.89,0.2,16.2,0.19,33.89,0.32,22.9,0.33,11.8,0.12,0.12,0.093444,1776228507000
1776228509.111,209.111,0.68,22.9,0.67,11.8,0.8,16.2,0.81,33.89,0.2,16.2,0.19,33.89,0.32,22.9,0.33,11.8,0.12,0.12,0.093444,1776228508000
1776228510.171,210.171,0.68,22.9,0.67,11.8,0.8,16.2,0.81,33.89,0.2,16.2,0.19,33.89,0.32,22.9,0.33,11.8,0.12,0.12,0.093445,1776228509000
1776228511.21,211.21,0.68,22.9,0.67,11.8,0.8,16.2,0.81,33.89,0.2,16.2,0.19,33.89,0.32,22.9,0.33,11.8,0.12,0.12,0.093446,1776228510000
1776228512.375,212.375,0.68,22.9,0.67,11.8,0.8,16.2,0.81,33.89,0.2,16.2,0.19,33.89,0.32,22.9,0.33,11.8,0.12,0.12,0.093446,1776228511000
1776228513.32,213.32,0.68,22.9,0.67,11.8,0.8,16.2,0.81,33.89,0.2,16.2,0.19,33.89,0.32,22.9,0.33,11.8,0.12,0.12,0.093445,1776228512000
1776228514.147,214.147,0.71,70.6,0.7,12.4,0.81,12.0,0.82,17.6,0.2,16.2,0.19,33.89,0.32,22.9,0.33,11.8,0.1,0.12,0.093445,1776228512000
1776228515.344,215.344,0.71,70.6,0.7,12.4,0.81,12.0,0.82,17.6,0.19,12.0,0.18,17.6,0.29,70.6,0.3,12.4,0.1,0.1,0.093446,1776228514000
1776228515.795,215.795,0.71,70.6,0.7,12.4,0.81,12.0,0.82,17.6,0.19,12.0,0.18,17.6,0.29,70.6,0.3,12.4,0.1,0.1,0.093447,1776228515000
1776228516.84,216.84,0.71,70.6,0.7,12.4,0.81,12.0,0.82,17.6,0.19,12.0,0.18,17.6,0.29,70.6,0.3,12.4,0.1,0.1,0.093447,1776228516000
1776228518.488,218.488,0.71,70.6,0.7,12.4,0.81,12.0,0.82,17.6,0.19,12.0,0.18,17.6,0.29,70.6,0.3,12.4,0.1,0.1,0.093447,1776228517000
1776228519.055,219.055,0.71,70.6,0.7,12.4,0.81,12.0,0.82,17.6,0.19,12.0,0.18,17.6,0.29,70.6,0.3,12.4,0.1,0.1,0.093446,1776228518000
1776228520.085,220.085,0.71,70.6,0.7,12.4,0.81,12.0,0.82,17.6,0.19,12.0,0.18,17.6,0.29,70.6,0.3,12.4,0.1,0.1,0.093446,1776228519000
1776228520.298,220.298,0.81,43.0,0.8,5.0,0.84,19.3,0.85,20.39,0.19,12.0,0.18,17.6,0.29,70.6,0.3,12.4,0.03,0.1,0.093446,1776228519000
1776228521.132,221.132,0.81,43.0,0.8,5.0,0.84,19.3,0.85,20.39,0.16,19.3,0.15,20.39,0.19,43.0,0.2,5.0,0.03,0.03,0.093446,1776228520000
1776228522.193,222.193,0.81,43.0,0.8,5.0,0.84,19.3,0.85,20.39,0.16,19.3,0.15,20.39,0.19,43.0,0.2,5.0,0.03,0.03,0.093446,1776228521000
1776228523.181,223.181,0.81,43.0,0.8,5.0,0.84,19.3,0.85,20.39,0.16,19.3,0.15,20.39,0.19,43.0,0.2,5.0,0.03,0.03,0.093446,1776228522000
1776228524.194,224.194,0.81,43.0,0.8,5.0,0.84,19.3,0.85,20.39,0.16,19.3,0.15,20.39,0.19,43.0,0.2,5.0,0.03,0.03,0.093446,1776228523000
1776228524.438,224.438,0.83,5.0,0.81,43.0,0.84,12.08,0.85,20.39,0.16,19.3,0.15,20.39,0.19,43.0,0.2,5.0,0.01,0.03,0.093446,1776228523000
1776228525.197,225.197,0.83,5.0,0.81,43.0,0.84,12.08,0.85,20.39,0.16,12.08,0.15,20.39,0.17,5.0,0.19,43.0,0.01,0.01,0.093446,1776228524000
1776228526.217,226.217,0.83,5.0,0.81,43.0,0.84,12.08,0.85,20.39,0.16,12.08,0.15,20.39,0.17,5.0,0.19,43.0,0.01,0.01,0.093446,1776228525000
1776228527.251,227.251,0.83,5.0,0.81,43.0,0.84,12.08,0.85,20.39,0.16,12.08,0.15,20.39,0.17,5.0,0.19,43.0,0.01,0.01,0.093445,1776228526000
1776228528.281,228.281,0.83,5.0,0.81,43.0,0.84,12.08,0.85,20.39,0.16,12.08,0.15,20.39,0.17,5.0,0.19,43.0,0.01,0.01,0.093445,1776228527000
1776228528.506,228.506,0.81,43.0,0.75,13.9,0.85,9.75,0.86,21.6,0.16,12.08,0.15,20.39,0.17,5.0,0.19,43.0,0.04,0.01,0.093445,1776228527000
1776228529.289,229.289,0.81,43.0,0.75,13.9,0.85,9.75,0.86,21.6,0.15,9.75,0.14,21.6,0.19,43.0,0.25,13.9,0.04,0.04,0.093445,1776228528000
1776228530.405,230.405,0.81,43.0,0.75,13.9,0.85,9.75,0.86,21.6,0.15,9.75,0.14,21.6,0.19,43.0,0.25,13.9,0.04,0.04,0.093446,1776228529000
1776228531.531,231.531,0.81,43.0,0.75,13.9,0.85,9.75,0.86,21.6,0.15,9.75,0.14,21.6,0.19,43.0,0.25,13.9,0.04,0.04,0.093446,1776228530000
1776228531.879,231.879,0.81,43.0,0.75,13.9,0.85,9.75,0.86,21.6,0.15,9.75,0.14,21.6,0.19,43.0,0.25,13.9,0.04,0.04,0.093447,1776228531000
1776228532.957,232.957,0.81,43.0,0.75,13.9,0.85,9.75,0.86,21.6,0.15,9.75,0.14,21.6,0.19,43.0,0.25,13.9,0.04,0.04,0.093447,1776228532000
1776228533.956,233.956,0.81,43.0,0.75,13.9,0.85,9.75,0.86,21.6,0.15,9.75,0.14,21.6,0.19,43.0,0.25,13.9,0.04,0.04,0.093447,1776228533000
1776228535.06,235.06,0.81,43.0,0.75,13.9,0.85,9.75,0.86,21.6,0.15,9.75,0.14,21.6,0.19,43.0,0.25,13.9,0.04,0.04,0.093447,1776228534000
1776228536.032,236.032,0.81,43.0,0.75,13.9,0.85,9.75,0.86,21.6,0.15,9.75,0.14,21.6,0.19,43.0,0.25,13.9,0.04,0.04,0.093454,1776228535000
1776228536.974,236.974,0.81,43.0,0.75,13.9,0.85,9.75,0.86,21.6,0.15,9.75,0.14,21.6,0.19,43.0,0.25,13.9,0.04,0.04,0.093455,1776228536000
1776228537.95,237.95,0.81,43.0,0.75,13.9,0.85,9.75,0.86,21.6,0.15,9.75,0.14,21.6,0.19,43.0,0.25,13.9,0.04,0.04,0.093458,1776228537000
1776228538.94,238.94,0.81,43.0,0.75,13.9,0.85,9.75,0.86,21.6,0.15,9.75,0.14,21.6,0.19,43.0,0.25,13.9,0.04,0.04,0.093459,1776228538000
1776228539.949,239.949,0.81,43.0,0.75,13.9,0.85,9.75,0.86,21.6,0.15,9.75,0.14,21.6,0.19,43.0,0.25,13.9,0.04,0.04,0.093458,1776228539000
1776228540.968,240.968,0.81,43.0,0.75,13.9,0.85,9.75,0.86,21.6,0.15,9.75,0.14,21.6,0.19,43.0,0.25,13.9,0.04,0.04,0.093458,1776228540000
1776228541.867,241.867,0.81,43.0,0.75,13.9,0.85,9.75,0.86,21.6,0.15,9.75,0.14,21.6,0.19,43.0,0.25,13.9,0.04,0.04,0.093459,1776228541000
1776228542.335,242.335,0.86,26.6,0.85,20.39,0.93,39.9,0.94,146.1,0.13,5.0,0.07,39.9,0.14,21.6,0.15,20.39,0.07,0.01,0.093459,1776228541000
1776228542.896,242.896,0.86,26.6,0.85,20.39,0.93,39.9,0.94,146.1,0.07,39.9,0.06,146.1,0.14,26.6,0.15,20.39,0.07,0.07,0.093459,1776228542000
1776228544.287,244.287,0.86,26.6,0.85,20.39,0.93,39.9,0.94,146.1,0.07,39.9,0.06,146.1,0.14,26.6,0.15,20.39,0.07,0.07,0.09346,1776228543000
1776228545.046,245.046,0.91,73.0,0.9,5.0,0.94,80.0,0.96,5.0,0.07,39.9,0.06,146.1,0.14,26.6,0.15,20.39,0.03,0.07,0.09346,1776228543000
1776228545.458,245.458,0.91,73.0,0.9,5.0,0.94,80.0,0.96,5.0,0.06,80.0,0.04,5.0,0.09,73.0,0.1,5.0,0.03,0.03,0.093461,1776228544000
1776228545.953,245.953,0.91,73.0,0.9,5.0,0.94,80.0,0.96,5.0,0.06,80.0,0.04,5.0,0.09,73.0,0.1,5.0,0.03,0.03,0.093471,1776228545000
1776228546.923,246.923,0.91,104.7,0.9,28.9,0.94,64.84,0.96,5.0,0.06,64.84,0.04,5.0,0.09,104.7,0.1,28.9,0.03,0.03,0.093476,1776228546000
1776228548.03,248.03,0.91,104.7,0.9,28.9,0.94,64.84,0.96,5.0,0.06,64.84,0.04,5.0,0.09,104.7,0.1,28.9,0.03,0.03,0.093478,1776228547000
1776228548.588,248.588,0.93,33.0,0.91,5.0,0.94,36.69,0.96,5.0,0.06,33.17,0.04,5.0,0.07,33.0,0.09,5.0,0.01,0.01,0.093478,1776228547000
1776228549.052,249.052,0.93,33.0,0.91,5.0,0.94,36.69,0.96,5.0,0.06,36.69,0.04,5.0,0.07,33.0,0.09,5.0,0.01,0.01,0.093486,1776228548000
1776228550.14,250.14,0.93,33.0,0.91,5.0,0.94,10.24,0.95,54.7,0.06,36.69,0.04,5.0,0.07,33.0,0.09,5.0,0.01,0.01,0.093486,1776228548000
1776228551.191,251.191,0.93,33.0,0.91,5.0,0.94,10.24,0.95,54.7,0.06,10.24,0.05,54.7,0.07,33.0,0.09,5.0,0.01,0.01,0.093468,1776228550000
1776228552.301,252.301,0.93,33.0,0.91,5.0,0.94,10.24,0.95,54.7,0.06,10.24,0.05,54.7,0.07,33.0,0.09,5.0,0.01,0.01,0.093468,1776228551000
1776228553.504,253.504,0.93,33.0,0.91,5.0,0.94,10.24,0.95,54.7,0.06,10.24,0.05,54.7,0.07,33.0,0.09,5.0,0.01,0.01,0.093467,1776228552000
1776228553.979,253.979,0.93,33.0,0.92,35.29,0.94,5.24,0.96,72.7,0.06,5.24,0.04,72.7,0.07,33.0,0.08,35.29,0.01,0.01,0.093465,1776228553000
1776228555.104,255.104,0.93,33.0,0.92,35.29,0.94,5.24,0.96,72.7,0.06,5.24,0.04,72.7,0.07,33.0,0.08,35.29,0.01,0.01,0.093468,1776228554000
1776228556.193,256.193,0.93,33.0,0.92,35.29,0.96,72.7,0.97,89.3,0.04,72.7,0.03,89.3,0.07,33.0,0.08,35.29,0.03,0.03,0.093468,1776228555000
1776228557.347,257.347,0.93,33.0,0.92,35.29,0.96,67.49,0.97,89.3,0.04,67.49,0.03,89.3,0.07,33.0,0.08,35.29,0.03,0.03,0.093468,1776228556000
1776228558.26,258.26,0.93,33.0,0.92,35.29,0.96,67.49,0.97,89.3,0.04,67.49,0.03,89.3,0.07,33.0,0.08,35.29,0.03,0.03,0.093468,1776228557000
1776228559.239,259.239,0.93,33.0,0.92,35.29,0.96,67.49,0.97,89.3,0.04,67.49,0.03,89.3,0.07,33.0,0.08,35.29,0.03,0.03,0.093467,1776228558000
1776228560.337,260.337,0.93,33.0,0.92,35.29,0.96,67.49,0.97,89.3,0.04,67.49,0.03,89.3,0.07,33.0,0.08,35.29,0.03,0.03,0.093468,1776228559000
1776228561.216,261.216,0.93,33.0,0.92,35.29,0.96,67.49,0.97,89.3,0.04,67.49,0.03,89.3,0.07,33.0,0.08,35.29,0.03,0.03,0.093467,1776228560000
1776228562.234,262.234,0.93,33.0,0.92,35.29,0.96,67.49,0.97,89.3,0.04,67.49,0.03,89.3,0.07,33.0,0.08,35.29,0.03,0.03,0.093471,1776228561000
1776228563.27,263.27,0.93,33.0,0.92,35.29,0.96,67.49,0.97,89.3,0.04,67.49,0.03,89.3,0.07,33.0,0.08,35.29,0.03,0.03,0.093472,1776228562000
1776228564.177,264.177,0.93,33.0,0.92,35.29,0.96,67.49,0.97,89.3,0.04,67.49,0.03,89.3,0.07,33.0,0.08,35.29,0.03,0.03,0.093471,1776228563000
1776228564.645,264.645,0.97,89.3,0.96,67.7,0.98,13.97,0.99,642.47,0.04,67.49,0.03,89.3,0.07,33.0,0.08,35.29,0.01,0.03,0.093471,1776228563000
1776228565.299,265.299,0.97,89.3,0.96,67.7,0.98,13.97,0.99,642.47,0.02,13.97,0.01,642.47,0.03,89.3,0.04,67.7,0.01,0.01,0.093475,1776228564000
1776228566.169,266.169,0.97,89.3,0.96,67.7,0.98,13.97,0.99,642.47,0.02,13.97,0.01,642.47,0.03,89.3,0.04,67.7,0.01,0.01,0.093476,1776228565000
1776228567.116,267.116,0.97,89.3,0.96,67.7,0.98,13.97,0.99,642.47,0.02,13.97,0.01,642.47,0.03,89.3,0.04,67.7,0.01,0.01,0.093476,1776228566000
1776228568.146,268.146,0.97,89.3,0.96,67.7,0.98,13.97,0.99,642.47,0.02,13.97,0.01,642.47,0.03,89.3,0.04,67.7,0.01,0.01,0.093476,1776228567000
1776228568.671,268.671,0.97,89.3,0.96,67.7,0.99,379.87,,,0.02,13.97,0.01,642.47,0.03,89.3,0.04,67.7,0.02,0.01,0.093476,1776228567000
1776228569.202,269.202,0.97,89.3,0.96,67.7,0.99,379.87,,,0.01,379.87,,,0.03,89.3,0.04,67.7,0.02,0.02,0.093476,1776228568000
1776228570.187,270.187,0.97,89.3,0.96,67.7,0.99,379.87,,,0.01,379.87,,,0.03,89.3,0.04,67.7,0.02,0.02,0.093478,1776228569000
1776228571.211,271.211,0.97,89.3,0.96,67.7,0.99,379.87,,,0.01,379.87,,,0.03,89.3,0.04,67.7,0.02,0.02,0.093478,1776228570000
1776228572.841,272.841,0.97,89.3,0.96,67.7,0.99,379.87,,,0.01,379.87,,,0.03,89.3,0.04,67.7,0.02,0.02,0.093481,1776228571000
1776228573.423,273.423,0.97,89.3,0.96,67.7,0.99,379.87,,,0.01,379.87,,,0.03,89.3,0.04,67.7,0.02,0.02,0.093481,1776228572000
1776228573.952,273.952,0.98,137.8,0.97,89.3,0.99,378.85,,,0.01,378.85,,,0.02,137.8,0.03,89.3,0.01,0.01,0.093481,1776228573000
1776228575.197,275.197,0.98,137.8,0.97,89.3,0.99,378.85,,,0.01,378.85,,,0.02,137.8,0.03,89.3,0.01,0.01,0.093481,1776228574000
1776228575.973,275.973,0.99,1130.68,0.98,5.11,,,,,,,,,0.01,621.15,0.02,5.11,,,0.093481,1776228574000
1776228576.537,276.537,0.99,1130.68,0.98,5.11,,,,,,,,,0.01,1130.68,0.02,5.11,,,0.093488,1776228575000
1776228577.13,277.13,0.99,1130.68,0.98,5.11,,,,,,,,,0.01,1130.68,0.02,5.11,,,0.093488,1776228576000
1776228578.538,278.538,0.99,1130.68,0.98,5.11,,,,,,,,,0.01,1130.68,0.02,5.11,,,0.093488,1776228577000
1776228579.288,279.288,0.99,1130.68,0.98,5.11,,,,,,,,,0.01,1130.68,0.02,5.11,,,0.093488,1776228578000
1776228580.395,280.395,0.99,1130.68,0.98,5.11,,,,,,,,,0.01,1130.68,0.02,5.11,,,0.093488,1776228579000
1776228581.062,281.062,0.99,1130.68,0.98,5.11,,,,,,,,,0.01,1130.68,0.02,5.11,,,0.093488,1776228580000
1776228582.145,282.145,0.99,1130.68,0.98,5.11,,,,,,,,,0.01,1130.68,0.02,5.11,,,0.093488,1776228581000
1776228583.521,283.521,0.99,1130.68,0.98,5.11,,,,,,,,,0.01,1130.68,0.02,5.11,,,0.093489,1776228582000
1776228584.029,284.029,0.99,1130.68,0.98,5.11,,,,,,,,,0.01,1130.68,0.02,5.11,,,0.09349,1776228583000
1776228585.163,285.163,0.99,1130.68,0.98,5.11,,,,,,,,,0.01,1130.68,0.02,5.11,,,0.09349,1776228584000
1776228586.438,286.438,0.99,1130.68,0.98,5.11,,,,,,,,,0.01,1130.68,0.02,5.11,,,0.093489,1776228585000
1776228587.348,287.348,0.99,1130.68,0.98,5.11,,,,,,,,,0.01,1130.68,0.02,5.11,,,0.093487,1776228586000
1776228587.852,287.852,0.99,1130.68,0.98,5.11,,,,,,,,,0.01,1130.68,0.02,5.11,,,0.093487,1776228587000
1776228588.951,288.951,0.99,1130.68,0.98,5.11,,,,,,,,,0.01,1130.68,0.02,5.11,,,0.093522,1776228588000
1776228590.077,290.077,0.99,1130.68,0.98,5.11,,,,,,,,,0.01,1130.68,0.02,5.11,,,0.093528,1776228589000
1776228591.071,291.071,0.99,1130.68,0.98,5.11,,,,,,,,,0.01,1130.68,0.02,5.11,,,0.093528,1776228590000
1776228592.15,292.15,0.99,1130.68,0.98,5.11,,,,,,,,,0.01,1130.68,0.02,5.11,,,0.093525,1776228591000
1776228593.229,293.229,0.99,1130.68,0.98,5.11,,,,,,,,,0.01,1130.68,0.02,5.11,,,0.093525,1776228592000
1776228594.229,294.229,0.99,1130.68,0.98,5.11,,,,,,,,,0.01,1130.68,0.02,5.11,,,0.093525,1776228593000
1776228595.325,295.325,0.99,1130.68,0.98,5.11,,,,,,,,,0.01,1130.68,0.02,5.11,,,0.093525,1776228594000
1776228596.438,296.438,0.99,1130.68,0.98,5.11,,,,,,,,,0.01,1130.68,0.02,5.11,,,0.093525,1776228595000
1776228596.889,296.889,0.99,1130.68,0.98,5.11,,,,,,,,,0.01,1130.68,0.02,5.11,,,0.093527,1776228596000
1776228598.078,298.078,0.99,1130.68,0.98,5.11,,,,,,,,,0.01,1130.68,0.02,5.11,,,0.093548,1776228597000
1776228599.006,299.006,0.99,1130.68,0.98,5.11,,,,,,,,,0.01,1130.68,0.02,5.11,,,0.093548,1776228598000
1776228599.993,299.993,0.99,1130.68,0.98,5.11,,,,,,,,,0.01,1130.68,0.02,5.11,,,0.093549,1776228599000
1776228600.982,300.982,0.99,1130.68,0.98,5.11,,,,,,,,,0.01,1130.68,0.02,5.11,,,0.093548,1776228600000

# RESULT,winner=Up,slug=doge-updown-5m-1776228300,ticks=321
