timestamp,elapsed_sec,up_bid_p1,up_bid_s1,up_bid_p2,up_bid_s2,up_ask_p1,up_ask_s1,up_ask_p2,up_ask_s2,down_bid_p1,down_bid_s1,down_bid_p2,down_bid_s2,down_ask_p1,down_ask_s1,down_ask_p2,down_ask_s2,up_spread,down_spread,eth_price,eth_oracle_ts
1776292800.632,0.632,0.46,160.94,0.4,38.0,0.48,5.0,0.49,405.0,0.52,5.0,0.51,405.0,0.54,160.94,0.6,38.0,0.02,0.02,2375.948566,1776292799000
1776292801.041,1.041,0.46,10.94,0.4,38.0,0.49,399.62,0.5,39.54,0.52,5.0,0.51,405.0,0.54,160.94,0.6,38.0,0.03,0.02,2375.948566,1776292799000
1776292801.243,1.243,0.46,10.94,0.33,300.0,0.49,317.98,0.5,39.54,0.51,317.98,0.5,39.54,0.54,10.94,0.67,300.0,0.03,0.03,2375.948566,1776292799000
1776292801.498,1.498,0.48,171.66,0.47,143.0,0.49,190.52,0.5,39.54,0.51,190.52,0.5,39.54,0.52,5.0,0.53,53.0,0.01,0.01,2375.906078,1776292800000
1776292801.985,1.985,0.48,171.66,0.47,143.0,0.49,183.47,0.5,39.54,0.51,190.52,0.5,39.54,0.52,171.66,0.53,143.0,0.01,0.01,2375.906078,1776292800000
1776292802.208,2.208,0.48,134.66,0.47,143.0,0.49,186.42,0.5,39.54,0.51,183.47,0.5,39.54,0.52,171.66,0.53,143.0,0.01,0.01,2375.906078,1776292800000
1776292802.535,2.535,0.48,121.58,0.47,143.0,0.49,176.42,0.5,39.54,0.51,186.42,0.5,39.54,0.52,121.58,0.53,143.0,0.01,0.01,2375.906078,1776292800000
1776292802.843,2.843,0.48,109.58,0.47,143.0,0.49,131.1,0.5,61.54,0.51,163.76,0.5,39.54,0.52,121.58,0.53,143.0,0.01,0.01,2375.956062,1776292801000
1776292803.285,3.285,0.48,4.58,0.46,110.94,0.49,341.1,0.5,186.54,0.51,131.1,0.5,61.54,0.52,109.58,0.53,143.0,0.01,0.01,2376.290056,1776292802000
1776292803.563,3.563,0.46,1.61,0.45,5.0,0.47,31.0,0.48,210.0,0.53,21.0,0.52,210.0,0.54,10.23,0.57,25.0,0.01,0.01,2376.290056,1776292802000
1776292804.099,4.099,0.43,24.0,0.42,30.0,0.44,15.0,0.45,84.81,0.55,17.44,0.54,10.0,0.57,25.0,0.58,37.0,0.01,0.02,2376.290056,1776292802000
1776292804.78,4.78,0.37,10.0,0.36,60.0,0.38,5.15,0.39,15.0,0.58,10.0,0.57,10.0,0.6,19.75,0.61,25.0,0.01,0.02,2376.261191,1776292803000
1776292805.168,5.168,0.36,60.0,0.35,65.0,0.39,20.0,0.4,10.0,0.62,5.15,0.61,15.0,0.63,10.0,0.64,60.0,0.03,0.01,2375.807276,1776292804000
1776292805.749,5.749,0.36,37.19,0.35,70.0,0.37,5.0,0.38,15.0,0.62,10.0,0.61,20.0,0.64,45.83,0.65,65.0,0.01,0.02,2375.807276,1776292804000
1776292806.155,6.155,0.35,60.36,0.34,60.0,0.36,5.0,0.37,9.0,0.63,9.0,0.62,20.0,0.65,70.0,0.66,71.0,0.01,0.02,2375.01,1776292805000
1776292806.6,6.6,0.4,9.41,0.39,15.0,0.41,18.0,0.42,20.0,0.64,5.0,0.63,9.0,0.66,60.0,0.67,77.0,0.01,0.02,2375.01,1776292805000
1776292807.217,7.217,0.4,3.33,0.38,5.0,0.41,39.0,0.42,42.0,0.59,18.0,0.58,20.0,0.6,9.41,0.61,15.0,0.01,0.01,2375.01,1776292805000
1776292807.773,7.773,0.4,8.33,0.38,20.0,0.41,31.0,0.42,53.0,0.59,26.0,0.58,53.0,0.6,3.33,0.62,20.0,0.01,0.01,2374.770628,1776292806000
1776292809.502,9.502,0.38,47.61,0.37,33.0,0.39,20.0,0.4,31.0,0.59,31.0,0.58,53.0,0.6,8.33,0.62,20.0,0.01,0.01,2374.970735,1776292808000
1776292810.404,10.404,0.37,10.5,0.36,34.58,0.38,75.5,0.39,50.0,0.61,20.0,0.6,31.0,0.62,47.61,0.63,33.0,0.01,0.01,2374.922307,1776292809000
1776292811.545,11.545,0.37,25.0,0.36,5.58,0.38,76.0,0.39,92.5,0.62,75.5,0.61,50.0,0.63,10.5,0.64,34.58,0.01,0.01,2374.956428,1776292810000
1776292814.01,14.01,0.36,0.58,0.34,10.5,0.37,114.5,0.38,110.5,0.62,76.0,0.61,92.5,0.63,25.0,0.64,5.58,0.01,0.01,2374.886011,1776292812000
1776292814.479,14.479,0.31,0.5,0.3,25.0,0.32,15.0,0.33,10.0,0.63,104.5,0.62,105.5,0.67,32.54,0.68,5.0,0.01,0.04,2374.650309,1776292813000
1776292815.322,15.322,0.32,15.0,0.31,15.0,0.34,15.11,0.35,26.0,0.68,15.0,0.67,10.0,0.69,0.5,0.7,25.0,0.02,0.01,2374.519983,1776292814000
1776292815.62,15.62,0.33,25.0,0.32,10.0,0.34,9.78,0.35,41.5,0.66,15.11,0.65,26.0,0.68,15.0,0.69,15.0,0.01,0.02,2374.519983,1776292814000
1776292815.924,15.924,0.33,5.0,0.31,50.0,0.34,42.48,0.35,41.5,0.66,9.78,0.65,41.5,0.67,25.0,0.68,10.0,0.01,0.01,2374.519983,1776292814000
1776292816.735,16.735,0.29,5.85,0.28,10.0,0.3,32.0,0.31,15.0,0.66,42.48,0.65,41.5,0.71,60.5,0.72,5.0,0.01,0.05,2374.234323,1776292815000
1776292817.031,17.031,0.27,16.0,0.26,70.12,0.28,46.0,0.29,35.5,0.7,32.0,0.69,15.0,0.71,5.85,0.72,10.0,0.01,0.01,2374.234323,1776292815000
1776292817.554,17.554,0.27,50.0,0.26,126.62,0.3,5.0,0.34,25.5,0.72,46.0,0.71,25.0,0.73,15.33,0.74,80.12,0.03,0.01,2374.219368,1776292816000
1776292817.972,17.972,0.28,5.0,0.27,10.0,0.29,15.0,0.3,10.0,0.66,25.5,0.65,15.0,0.69,40.0,0.71,10.0,0.01,0.03,2374.097023,1776292817000
1776292818.344,18.344,0.26,74.3,0.25,35.0,0.28,10.0,0.29,10.0,0.71,15.0,0.7,10.0,0.72,5.0,0.73,10.0,0.02,0.01,2374.097023,1776292817000
1776292820.395,20.395,0.32,25.0,0.31,115.5,0.33,54.63,0.34,37.77,0.72,10.0,0.71,10.0,0.74,74.3,0.75,35.0,0.01,0.02,2373.953806,1776292818000
1776292820.924,20.924,0.32,55.52,0.31,95.0,0.33,75.13,0.34,52.77,0.67,54.63,0.66,37.77,0.68,25.0,0.69,115.5,0.01,0.01,2373.77392,1776292819000
1776292821.72,21.72,0.32,7.8,0.31,75.0,0.33,100.13,0.34,52.77,0.67,75.13,0.66,52.77,0.68,55.52,0.69,95.0,0.01,0.01,2374.068035,1776292820000
1776292822.5,22.5,0.31,135.0,0.3,56.0,0.32,44.68,0.33,56.5,0.67,100.13,0.66,52.77,0.68,7.8,0.69,75.0,0.01,0.01,2374.353174,1776292821000
1776292823.897,23.897,0.31,250.5,0.3,162.5,0.33,10.0,0.34,32.27,0.68,44.68,0.67,56.5,0.69,135.0,0.7,56.0,0.02,0.01,2374.23674,1776292822000
1776292824.234,24.234,0.32,76.0,0.31,176.5,0.34,4.82,0.35,5.0,0.67,10.0,0.66,32.27,0.69,250.5,0.7,162.5,0.02,0.02,2374.198785,1776292823000
1776292825.216,25.216,0.36,65.0,0.35,64.0,0.37,4.59,0.4,61.0,0.66,4.82,0.65,5.0,0.68,76.0,0.69,176.5,0.01,0.02,2374.198785,1776292823000
1776292825.484,25.484,0.38,25.0,0.37,10.0,0.4,75.5,0.41,21.0,0.61,5.4,0.6,85.5,0.62,20.0,0.63,10.0,0.02,0.01,2374.196326,1776292824000
1776292825.913,25.913,0.37,8.61,0.36,40.0,0.4,91.5,0.41,41.0,0.6,75.5,0.59,21.0,0.62,25.0,0.63,10.0,0.03,0.02,2374.196326,1776292824000
1776292827.148,27.148,0.36,126.5,0.35,51.5,0.37,36.04,0.39,10.0,0.6,91.5,0.59,41.0,0.63,8.61,0.64,40.0,0.01,0.03,2374.829803,1776292826000
1776292827.789,27.789,0.36,211.5,0.35,76.5,0.37,27.01,0.39,10.0,0.63,31.04,0.61,10.0,0.64,141.5,0.65,51.5,0.01,0.01,2374.829803,1776292826000
1776292828.44,28.44,0.36,207.07,0.35,76.5,0.37,5.0,0.38,68.41,0.63,27.01,0.61,10.0,0.64,211.5,0.65,76.5,0.01,0.01,2374.767293,1776292827000
1776292828.956,28.956,0.36,182.07,0.35,121.5,0.4,30.5,0.41,10.0,0.63,5.0,0.62,68.41,0.64,207.07,0.65,76.5,0.04,0.01,2374.767293,1776292827000
1776292829.47,29.47,0.38,10.96,0.37,10.0,0.39,30.5,0.4,55.5,0.6,30.5,0.59,10.0,0.64,182.07,0.65,121.5,0.01,0.04,2374.989708,1776292828000
1776292829.897,29.897,0.38,9.19,0.37,10.0,0.39,20.5,0.4,66.5,0.61,20.5,0.6,55.5,0.63,10.0,0.64,60.5,0.01,0.02,2374.989708,1776292828000
1776292830.833,30.833,0.4,9.34,0.39,40.0,0.41,99.59,0.42,47.0,0.61,20.5,0.6,66.5,0.62,9.19,0.63,10.0,0.01,0.01,2375.0673,1776292829000
1776292831.461,31.461,0.41,5.66,0.4,111.84,0.42,10.0,0.43,165.5,0.59,99.59,0.58,47.0,0.6,9.34,0.61,40.0,0.01,0.01,2375.132224,1776292830000
1776292833.227,33.227,0.42,6.82,0.41,37.0,0.43,121.19,0.44,116.5,0.58,10.0,0.57,165.5,0.59,5.66,0.6,111.84,0.01,0.01,2375.238067,1776292832000
1776292833.816,33.816,0.41,20.0,0.4,15.0,0.42,36.92,0.43,108.5,0.57,96.5,0.56,126.5,0.58,1.82,0.59,37.0,0.01,0.01,2375.238067,1776292832000
1776292834.09,34.09,0.41,4.57,0.4,5.0,0.42,37.25,0.43,108.5,0.58,37.25,0.57,108.5,0.59,20.0,0.6,15.0,0.01,0.01,2375.238067,1776292832000
1776292835.682,35.682,0.35,35.0,0.34,110.0,0.36,20.36,0.37,30.5,0.58,37.25,0.57,108.5,0.59,4.57,0.6,5.0,0.01,0.01,2375.335508,1776292834000
1776292836.149,36.149,0.35,40.0,0.34,124.0,0.36,27.72,0.37,41.5,0.64,20.36,0.63,30.5,0.65,35.0,0.66,110.0,0.01,0.01,2375.335508,1776292834000
1776292837.963,37.963,0.35,55.0,0.34,129.0,0.36,48.72,0.37,41.5,0.64,27.72,0.63,41.5,0.65,40.0,0.66,124.0,0.01,0.01,2375.084929,1776292836000
1776292840.943,40.943,0.4,80.0,0.39,83.0,0.41,25.5,0.42,40.0,0.64,48.72,0.63,41.5,0.65,55.0,0.66,129.0,0.01,0.01,2374.754765,1776292839000
1776292841.37,41.37,0.4,42.0,0.39,93.5,0.41,10.5,0.42,50.5,0.59,25.5,0.58,40.0,0.6,80.0,0.61,83.0,0.01,0.01,2374.846084,1776292840000
1776292842.608,42.608,0.4,43.0,0.39,93.5,0.42,36.5,0.43,96.0,0.59,10.5,0.58,50.5,0.6,42.0,0.61,93.5,0.02,0.01,2375.122064,1776292841000
1776292851.74,51.74,0.32,245.0,0.31,65.0,0.33,235.33,0.34,185.5,0.58,36.5,0.57,96.0,0.6,43.0,0.61,93.5,0.01,0.02,2374.430348,1776292850000
1776292853.03,53.03,0.32,135.0,0.31,50.0,0.33,259.93,0.34,161.5,0.67,235.33,0.66,185.5,0.68,245.0,0.69,65.0,0.01,0.01,2374.181045,1776292851000
1776292853.485,53.485,0.32,120.3,0.31,50.0,0.33,281.59,0.34,179.5,0.67,249.59,0.66,161.5,0.68,135.0,0.69,50.0,0.01,0.01,2374.111598,1776292852000
1776292853.851,53.851,0.32,32.94,0.31,50.0,0.33,301.59,0.34,179.5,0.67,276.59,0.66,179.5,0.68,112.94,0.69,50.0,0.01,0.01,2374.111598,1776292852000
1776292854.371,54.371,0.32,17.86,0.31,50.0,0.33,300.59,0.34,275.42,0.67,301.59,0.66,179.5,0.68,32.94,0.69,50.0,0.01,0.01,2373.968997,1776292853000
1776292854.826,54.826,0.32,17.78,0.31,50.0,0.33,146.59,0.34,267.42,0.67,219.59,0.66,270.42,0.68,17.86,0.69,50.0,0.01,0.01,2373.968997,1776292853000
1776292855.194,55.194,0.32,10.78,0.31,60.0,0.33,13.59,0.34,155.42,0.67,146.59,0.66,267.42,0.68,10.78,0.69,50.0,0.01,0.01,2373.968997,1776292853000
1776292855.686,55.686,0.32,42.78,0.31,55.0,0.33,24.73,0.34,99.5,0.67,13.59,0.66,155.42,0.68,10.78,0.69,60.0,0.01,0.01,2373.821957,1776292854000
1776292856.56,56.56,0.32,89.28,0.31,75.5,0.33,99.86,0.34,87.0,0.67,24.73,0.66,99.5,0.68,42.78,0.69,55.0,0.01,0.01,2373.732077,1776292855000
1776292857.412,57.412,0.32,88.07,0.31,97.5,0.33,73.86,0.34,87.0,0.67,68.86,0.66,87.0,0.68,89.28,0.69,75.5,0.01,0.01,2373.732077,1776292855000
1776292858.866,58.866,0.32,183.34,0.31,156.5,0.33,67.86,0.34,55.0,0.67,78.86,0.66,87.0,0.68,83.34,0.69,97.5,0.01,0.01,2374.003237,1776292857000
1776292860.348,60.348,0.32,191.59,0.31,156.5,0.34,50.0,0.35,35.0,0.67,21.86,0.66,55.0,0.68,183.34,0.69,156.5,0.02,0.01,2374.15581,1776292858000
1776292860.555,60.555,0.33,91.0,0.32,68.75,0.34,50.0,0.35,50.0,0.66,50.0,0.65,35.0,0.68,191.59,0.69,156.5,0.01,0.02,2374.15581,1776292858000
1776292861.538,61.538,0.32,31.75,0.31,70.5,0.35,188.73,0.36,69.5,0.65,10.0,0.64,26.0,0.66,65.4,0.67,20.0,0.03,0.01,2374.48495,1776292860000
1776292862.119,62.119,0.31,70.5,0.3,90.5,0.33,121.86,0.34,67.5,0.65,188.73,0.64,69.5,0.68,28.75,0.69,70.5,0.02,0.03,2374.48495,1776292860000
1776292862.891,62.891,0.32,35.5,0.31,70.5,0.33,34.86,0.34,11.0,0.67,121.86,0.66,67.5,0.69,70.5,0.7,90.5,0.01,0.02,2374.532757,1776292861000
1776292863.792,63.792,0.32,25.5,0.31,70.5,0.33,34.86,0.34,36.0,0.67,34.86,0.66,11.0,0.68,35.5,0.69,70.5,0.01,0.01,2374.532757,1776292861000
1776292864.102,64.102,0.32,25.5,0.31,65.5,0.33,38.86,0.34,46.0,0.67,34.86,0.66,36.0,0.68,25.5,0.69,70.5,0.01,0.01,2374.532757,1776292861000
1776292865.853,65.853,0.32,29.39,0.31,80.5,0.33,120.33,0.34,51.0,0.67,33.86,0.66,46.0,0.68,2.79,0.69,65.5,0.01,0.01,2374.362749,1776292864000
1776292867.824,67.824,0.31,50.5,0.3,127.6,0.33,265.71,0.34,61.5,0.67,120.33,0.66,51.0,0.68,29.39,0.69,80.5,0.02,0.01,2374.342916,1776292866000
1776292868.084,68.084,0.31,50.5,0.3,127.6,0.32,53.45,0.33,223.71,0.67,265.71,0.66,61.5,0.69,50.5,0.7,127.6,0.01,0.02,2374.3957,1776292867000
1776292868.669,68.669,0.31,50.5,0.3,122.6,0.32,80.95,0.33,223.71,0.68,53.45,0.67,223.71,0.69,50.5,0.7,127.6,0.01,0.01,2374.3957,1776292867000
1776292869.086,69.086,0.31,50.5,0.3,122.6,0.32,70.95,0.33,223.71,0.68,80.95,0.67,223.71,0.69,50.5,0.7,122.6,0.01,0.01,2374.351795,1776292868000
1776292869.412,69.412,0.31,60.5,0.3,105.5,0.32,77.63,0.33,188.98,0.68,70.95,0.67,223.71,0.69,50.5,0.7,122.6,0.01,0.01,2374.351795,1776292868000
1776292870.998,70.998,0.31,10.0,0.3,80.0,0.32,305.5,0.33,280.12,0.68,77.63,0.67,188.98,0.69,60.5,0.7,105.5,0.01,0.01,2374.252374,1776292869000
1776292872.185,72.185,0.26,11.12,0.25,120.0,0.27,104.0,0.28,10.0,0.68,225.76,0.67,280.12,0.69,10.0,0.7,80.0,0.01,0.01,2374.26166,1776292871000
1776292872.849,72.849,0.26,131.62,0.25,135.5,0.27,89.67,0.28,15.0,0.73,104.0,0.72,10.0,0.74,11.12,0.75,120.0,0.01,0.01,2374.26166,1776292871000
1776292873.092,73.092,0.26,181.62,0.25,135.5,0.27,78.67,0.28,15.0,0.73,89.67,0.72,15.0,0.74,131.62,0.75,135.5,0.01,0.01,2373.78221,1776292872000
1776292874.12,74.12,0.29,12.24,0.28,168.5,0.31,25.0,0.32,5.0,0.73,78.67,0.72,15.0,0.74,181.62,0.75,135.5,0.02,0.01,2373.615656,1776292873000
1776292874.324,74.324,0.3,133.07,0.29,38.0,0.31,30.0,0.32,82.8,0.69,25.0,0.68,5.0,0.7,11.66,0.71,12.24,0.01,0.01,2373.615656,1776292873000
1776292880.088,80.088,0.29,41.0,0.28,56.53,0.31,124.0,0.32,75.97,0.69,30.0,0.68,82.8,0.7,135.71,0.71,38.0,0.02,0.01,2374.424233,1776292878000
1776292884.049,84.049,0.28,10.01,0.27,15.0,0.29,53.0,0.3,51.0,0.69,124.0,0.68,75.97,0.71,41.0,0.72,56.53,0.01,0.02,2374.334099,1776292882000
1776292884.333,84.333,0.28,22.0,0.27,10.0,0.29,29.0,0.3,15.0,0.71,10.0,0.69,51.09,0.73,10.0,0.74,81.62,0.01,0.02,2374.337312,1776292883000
1776292885.446,85.446,0.25,110.0,0.24,55.0,0.27,213.5,0.28,154.55,0.69,51.09,0.68,15.5,0.72,22.0,0.73,10.0,0.02,0.03,2374.21964,1776292884000
1776292885.92,85.92,0.25,35.0,0.24,55.0,0.26,79.95,0.27,176.5,0.73,213.5,0.72,154.55,0.75,110.0,0.76,55.0,0.01,0.02,2374.21964,1776292884000
1776292886.775,86.775,0.24,3.21,0.23,120.0,0.25,99.32,0.26,152.5,0.74,79.95,0.73,176.5,0.75,35.0,0.76,55.0,0.01,0.01,2374.152331,1776292885000
1776292887.197,87.197,0.23,115.0,0.22,125.5,0.24,47.83,0.25,213.32,0.75,99.32,0.74,152.5,0.76,3.21,0.77,120.0,0.01,0.01,2374.019743,1776292886000
1776292887.747,87.747,0.23,112.5,0.22,125.5,0.24,5.0,0.25,33.82,0.76,47.83,0.75,213.32,0.77,115.0,0.78,125.5,0.01,0.01,2374.019743,1776292886000
1776292888.012,88.012,0.23,117.5,0.22,141.5,0.24,0.89,0.25,33.82,0.76,5.0,0.75,33.82,0.77,107.5,0.78,146.5,0.01,0.01,2374.019743,1776292886000
1776292888.38,88.38,0.23,127.5,0.22,166.5,0.24,0.89,0.25,33.82,0.76,0.89,0.75,33.82,0.77,117.5,0.78,141.5,0.01,0.01,2373.821045,1776292887000
1776292889.084,89.084,0.22,135.5,0.21,116.7,0.24,0.55,0.25,136.5,0.76,0.89,0.75,33.82,0.77,127.5,0.78,166.5,0.02,0.01,2373.821045,1776292887000
1776292891.965,91.965,0.22,115.0,0.21,85.5,0.23,121.28,0.24,136.5,0.76,0.55,0.75,136.5,0.78,135.5,0.79,116.7,0.01,0.02,2373.782482,1776292890000
1776292896.12,96.12,0.19,60.0,0.18,87.5,0.21,208.5,0.22,193.5,0.77,121.28,0.76,136.5,0.78,115.0,0.79,85.5,0.02,0.01,2373.481296,1776292894000
1776292896.951,96.951,0.18,60.0,0.17,145.5,0.19,167.21,0.2,182.5,0.79,208.5,0.78,193.5,0.81,60.0,0.82,87.5,0.01,0.02,2373.415462,1776292895000
1776292897.247,97.247,0.18,35.0,0.17,145.5,0.19,161.68,0.2,157.5,0.81,167.21,0.8,182.5,0.82,60.0,0.83,145.5,0.01,0.01,2373.305612,1776292896000
1776292900.867,100.867,0.18,30.5,0.17,135.5,0.19,140.68,0.2,154.57,0.81,161.68,0.8,157.5,0.82,35.0,0.83,145.5,0.01,0.01,2373.143746,1776292899000
1776292902.427,102.427,0.18,20.5,0.17,152.5,0.19,134.36,0.2,133.57,0.81,140.68,0.8,154.57,0.82,25.5,0.83,135.5,0.01,0.01,2373.191794,1776292901000
1776292903.102,103.102,0.18,20.5,0.17,142.5,0.19,128.78,0.2,161.72,0.81,134.36,0.8,133.57,0.82,20.5,0.83,152.5,0.01,0.01,2373.191794,1776292901000
1776292903.651,103.651,0.18,7.49,0.17,142.5,0.19,123.78,0.2,181.29,0.81,128.78,0.8,161.72,0.82,20.5,0.83,142.5,0.01,0.01,2373.162977,1776292902000
1776292904.836,104.836,0.16,41.25,0.15,101.0,0.17,227.5,0.18,146.5,0.81,123.78,0.8,181.29,0.83,142.5,0.84,168.55,0.01,0.02,2373.162977,1776292902000
1776292907.264,107.264,0.13,84.65,0.12,241.19,0.14,145.0,0.15,165.5,0.83,227.5,0.82,146.5,0.85,92.25,0.86,83.4,0.01,0.02,2372.965886,1776292906000
1776292907.622,107.622,0.12,210.84,0.11,91.29,0.14,141.5,0.15,175.5,0.86,141.5,0.85,175.5,0.87,19.65,0.88,251.69,0.02,0.01,2372.965886,1776292906000
1776292908.51,108.51,0.12,118.13,0.11,99.5,0.13,13.46,0.14,259.4,0.86,141.5,0.85,175.5,0.88,210.84,0.89,91.29,0.01,0.02,2372.884466,1776292907000
1776292908.806,108.806,0.12,76.54,0.11,109.5,0.13,143.9,0.14,115.0,0.87,13.46,0.86,259.4,0.88,118.13,0.89,99.5,0.01,0.01,2372.884466,1776292907000
1776292909.027,109.027,0.12,71.54,0.11,109.5,0.13,139.77,0.14,115.0,0.87,143.9,0.86,115.0,0.88,76.54,0.89,109.5,0.01,0.01,2372.884466,1776292907000
1776292909.67,109.67,0.14,102.1,0.13,60.5,0.15,5.0,0.16,15.0,0.87,124.62,0.86,115.0,0.88,71.54,0.89,109.5,0.01,0.01,2372.786342,1776292908000
1776292909.978,109.978,0.14,91.37,0.13,70.5,0.15,5.0,0.16,135.66,0.85,5.0,0.84,15.0,0.86,102.1,0.87,60.5,0.01,0.01,2372.786342,1776292908000
1776292910.348,110.348,0.14,100.56,0.13,60.5,0.15,10.0,0.16,135.66,0.85,5.0,0.84,135.66,0.86,91.37,0.87,70.5,0.01,0.01,2372.494094,1776292909000
1776292910.813,110.813,0.14,84.44,0.13,60.5,0.15,143.2,0.16,15.0,0.85,10.0,0.84,135.66,0.86,93.19,0.87,60.5,0.01,0.01,2372.494094,1776292909000
1776292912.77,112.77,0.14,141.94,0.13,97.3,0.15,4.95,0.16,5.0,0.85,143.2,0.84,15.0,0.86,84.44,0.87,60.5,0.01,0.01,2372.865396,1776292911000
1776292913.918,113.918,0.16,55.5,0.15,79.5,0.17,25.97,0.18,15.0,0.83,10.97,0.82,5.0,0.86,141.94,0.87,97.3,0.01,0.03,2372.89805,1776292912000
1776292915.91,115.91,0.16,18.92,0.15,74.5,0.17,54.48,0.18,15.0,0.83,25.97,0.82,15.0,0.84,55.5,0.85,79.5,0.01,0.01,2373.114557,1776292914000
1776292917.536,117.536,0.15,1.76,0.14,15.5,0.16,197.0,0.17,206.98,0.83,54.48,0.82,15.0,0.84,18.92,0.85,74.5,0.01,0.01,2373.106493,1776292916000
1776292918.922,118.922,0.16,101.5,0.15,110.5,0.17,52.61,0.18,15.0,0.84,197.0,0.83,206.98,0.86,15.5,0.87,51.5,0.01,0.02,2373.103323,1776292917000
1776292920.001,120.001,0.16,49.0,0.15,110.5,0.17,65.65,0.18,56.48,0.83,52.61,0.82,15.0,0.84,101.5,0.85,110.5,0.01,0.01,2373.10998,1776292918000
1776292926.482,126.482,0.15,142.23,0.14,79.5,0.16,102.0,0.17,135.42,0.83,65.65,0.82,56.48,0.84,49.0,0.85,110.5,0.01,0.01,2373.126304,1776292925000
1776292929.764,129.764,0.15,10.0,0.14,11.0,0.17,293.5,0.18,274.08,0.83,131.42,0.82,125.0,0.85,137.23,0.86,79.5,0.02,0.02,2373.341775,1776292928000
1776292932.042,132.042,0.1,110.0,0.09,137.0,0.12,300.5,0.13,228.5,0.83,293.5,0.82,274.08,0.85,10.0,0.86,11.0,0.02,0.02,2373.448428,1776292930000
1776292933.8,133.8,0.1,153.1,0.09,164.0,0.11,115.87,0.12,121.0,0.88,300.5,0.87,228.5,0.9,110.0,0.91,137.0,0.01,0.02,2372.800666,1776292932000
1776292934.364,134.364,0.1,178.1,0.09,164.0,0.11,146.37,0.12,121.0,0.89,115.87,0.88,121.0,0.9,153.1,0.91,164.0,0.01,0.01,2372.800666,1776292932000
1776292935.194,135.194,0.1,70.43,0.09,145.0,0.11,82.0,0.12,50.5,0.89,146.37,0.88,121.0,0.9,178.1,0.91,164.0,0.01,0.01,2372.513155,1776292933000
1776292935.518,135.518,0.1,60.43,0.09,145.0,0.11,97.0,0.12,40.0,0.89,82.0,0.88,50.5,0.9,68.76,0.91,145.0,0.01,0.01,2372.585723,1776292934000
1776292936.15,136.15,0.1,17.1,0.09,145.0,0.11,20.0,0.12,40.0,0.89,97.0,0.88,40.0,0.9,60.43,0.91,145.0,0.01,0.01,2372.585723,1776292934000
1776292937.541,137.541,0.1,22.1,0.09,147.0,0.11,3.63,0.12,40.0,0.89,15.45,0.88,40.0,0.9,17.0,0.91,145.0,0.01,0.01,2372.656762,1776292935000
1776292939.409,139.409,0.13,7.0,0.12,47.0,0.14,137.33,0.15,75.5,0.89,3.63,0.88,40.0,0.9,22.1,0.91,147.0,0.01,0.01,2372.672628,1776292937000
1776292941.76,141.76,0.12,112.06,0.11,185.5,0.13,81.28,0.14,15.0,0.86,137.33,0.85,75.5,0.87,7.0,0.88,47.0,0.01,0.01,2373.140114,1776292940000
1776292942.978,142.978,0.12,112.0,0.11,132.0,0.13,45.1,0.14,35.5,0.87,81.28,0.86,15.0,0.88,112.06,0.89,185.5,0.01,0.01,2373.069465,1776292941000
1776292944.128,144.128,0.09,170.0,0.08,89.9,0.1,160.7,0.11,108.5,0.87,45.1,0.86,35.5,0.88,112.0,0.89,132.0,0.01,0.01,2373.071155,1776292942000
1776292944.788,144.788,0.08,196.52,0.07,256.3,0.09,5.83,0.1,46.5,0.9,160.7,0.89,108.5,0.91,170.0,0.92,89.9,0.01,0.01,2373.151064,1776292943000
1776292947.137,147.137,0.08,297.52,0.07,317.3,0.09,79.0,0.1,21.0,0.91,5.83,0.9,46.5,0.92,196.52,0.93,256.3,0.01,0.01,2372.51423,1776292945000
1776292948.669,148.669,0.09,182.9,0.08,243.52,0.1,20.0,0.11,68.5,0.91,71.32,0.9,21.0,0.92,297.52,0.93,317.3,0.01,0.01,2372.454823,1776292946000
1776292951.123,151.123,0.09,51.8,0.08,222.52,0.1,77.18,0.11,68.5,0.9,20.0,0.89,68.5,0.91,182.9,0.92,243.52,0.01,0.01,2372.718711,1776292950000
1776292952.681,152.681,0.08,217.52,0.07,317.3,0.1,65.06,0.11,78.5,0.9,77.18,0.89,68.5,0.91,41.52,0.92,222.52,0.02,0.01,2372.6478,1776292951000
1776292953.249,153.249,0.08,192.52,0.07,317.3,0.1,24.95,0.11,78.5,0.9,65.06,0.89,78.5,0.92,217.52,0.93,317.3,0.02,0.02,2372.647351,1776292952000
1776292953.818,153.818,0.08,192.24,0.07,309.3,0.09,59.21,0.1,24.95,0.9,24.95,0.89,78.5,0.92,192.52,0.93,317.3,0.01,0.02,2372.647351,1776292952000
1776292954.489,154.489,0.08,182.3,0.07,309.3,0.09,70.05,0.1,34.95,0.91,59.21,0.9,24.95,0.92,192.24,0.93,309.3,0.01,0.01,2372.647351,1776292952000
1776292956.19,156.19,0.07,86.0,0.06,351.8,0.08,128.55,0.09,30.5,0.91,70.05,0.9,34.95,0.92,182.3,0.93,309.3,0.01,0.01,2372.631865,1776292954000
1776292956.552,156.552,0.07,100.42,0.06,351.8,0.08,124.19,0.09,30.5,0.92,128.55,0.91,30.5,0.93,86.0,0.94,351.8,0.01,0.01,2372.631865,1776292954000
1776292956.796,156.796,0.07,100.42,0.06,333.8,0.08,111.69,0.09,30.5,0.92,124.19,0.91,30.5,0.93,100.42,0.94,351.8,0.01,0.01,2372.631865,1776292954000
1776292958.226,158.226,0.07,97.29,0.06,323.8,0.08,158.25,0.09,57.5,0.92,111.69,0.91,30.5,0.93,100.42,0.94,333.8,0.01,0.01,2372.482719,1776292957000
1776292960.155,160.155,0.06,86.0,0.05,140.67,0.08,200.0,0.09,151.37,0.92,158.25,0.91,57.5,0.93,97.29,0.94,323.8,0.02,0.01,2372.44163,1776292958000
1776292960.953,160.953,0.06,28.97,0.05,88.67,0.07,106.26,0.08,174.66,0.92,200.0,0.91,151.37,0.94,86.0,0.95,140.67,0.01,0.02,2372.410153,1776292959000
1776292962.071,162.071,0.06,0.84,0.05,88.67,0.07,55.84,0.08,191.89,0.93,106.26,0.92,174.66,0.94,28.97,0.95,88.67,0.01,0.01,2372.245072,1776292960000
1776292963.072,163.072,0.05,79.86,0.04,311.8,0.07,104.84,0.08,183.6,0.93,55.84,0.92,191.89,0.94,0.84,0.95,88.67,0.02,0.01,2372.147877,1776292961000
1776292963.327,163.327,0.05,100.16,0.04,311.8,0.06,35.5,0.07,124.84,0.93,104.84,0.92,183.6,0.95,79.86,0.96,311.8,0.01,0.02,2372.117032,1776292962000
1776292963.582,163.582,0.05,88.58,0.04,311.8,0.06,40.5,0.07,124.84,0.94,35.5,0.93,124.84,0.95,100.16,0.96,311.8,0.01,0.01,2372.117032,1776292962000
1776292964.316,164.316,0.05,1.24,0.04,151.0,0.06,172.5,0.07,112.84,0.94,40.5,0.93,124.84,0.95,88.58,0.96,311.8,0.01,0.01,2372.008331,1776292963000
1776292966.411,166.411,0.04,204.25,0.03,810.7,0.05,37.31,0.06,60.5,0.94,172.5,0.93,112.84,0.95,1.24,0.96,151.0,0.01,0.01,2371.744298,1776292965000
1776292967.534,167.534,0.04,98.87,0.03,810.7,0.05,47.81,0.06,60.5,0.95,37.31,0.94,60.5,0.96,90.0,0.97,810.7,0.01,0.01,2371.744298,1776292965000
1776292968.33,168.33,0.04,94.87,0.03,810.7,0.05,63.81,0.06,55.5,0.95,47.81,0.94,60.5,0.96,98.87,0.97,810.7,0.01,0.01,2371.792572,1776292966000
1776292969.095,169.095,0.04,106.77,0.03,810.7,0.05,58.81,0.06,105.5,0.95,63.81,0.94,55.5,0.96,94.87,0.97,810.7,0.01,0.01,2371.927177,1776292968000
1776292969.618,169.618,0.04,105.58,0.03,699.7,0.05,128.96,0.06,130.5,0.95,58.81,0.94,105.5,0.96,106.77,0.97,810.7,0.01,0.01,2371.927177,1776292968000
1776292972.889,172.889,0.04,85.37,0.03,699.7,0.05,142.9,0.06,80.5,0.95,128.96,0.94,130.5,0.96,105.58,0.97,699.7,0.01,0.01,2371.979836,1776292971000
1776292977.463,177.463,0.04,153.0,0.03,827.7,0.05,97.4,0.06,45.0,0.95,142.9,0.94,80.5,0.96,85.37,0.97,699.7,0.01,0.01,2372.046321,1776292976000
1776292978.016,178.016,0.04,246.0,0.03,817.7,0.05,97.4,0.06,55.0,0.95,97.4,0.94,45.0,0.96,153.0,0.97,827.7,0.01,0.01,2372.046321,1776292976000
1776292978.27,178.27,0.04,26.0,0.03,817.7,0.05,97.4,0.06,55.0,0.95,97.4,0.94,55.0,0.96,246.0,0.97,817.7,0.01,0.01,2372.009514,1776292977000
1776292979.807,179.807,0.04,146.0,0.03,694.0,0.05,83.46,0.06,60.0,0.95,97.4,0.94,55.0,0.96,26.0,0.97,817.7,0.01,0.01,2372.052147,1776292978000
1776292980.169,180.169,0.04,140.18,0.03,817.7,0.05,83.46,0.06,60.0,0.95,83.46,0.94,60.0,0.96,146.0,0.97,694.0,0.01,0.01,2372.052147,1776292978000
1776292980.372,180.372,0.04,63.79,0.03,817.7,0.05,83.46,0.06,60.0,0.95,83.46,0.94,60.0,0.96,140.18,0.97,817.7,0.01,0.01,2372.32347,1776292979000
1776292980.815,180.815,0.04,76.79,0.03,827.7,0.05,88.46,0.06,35.31,0.95,83.46,0.94,60.0,0.96,63.79,0.97,817.7,0.01,0.01,2372.32347,1776292979000
1776292981.52,181.52,0.04,232.91,0.03,827.7,0.05,83.46,0.06,35.62,0.95,88.46,0.94,35.31,0.96,76.79,0.97,827.7,0.01,0.01,2372.389419,1776292980000
1776292985.036,185.036,0.04,68.14,0.03,683.0,0.05,205.52,0.06,51.12,0.95,83.46,0.94,35.62,0.96,232.91,0.97,827.7,0.01,0.01,2372.55935,1776292984000
1776292985.428,185.428,0.03,498.0,0.02,841.7,0.05,292.02,0.06,199.12,0.95,205.52,0.94,51.12,0.96,68.14,0.97,683.0,0.02,0.01,2372.55935,1776292984000
1776292986.08,186.08,0.03,431.0,0.02,841.7,0.04,199.5,0.05,327.02,0.95,292.02,0.94,199.12,0.97,498.0,0.98,841.7,0.01,0.02,2372.55935,1776292984000
1776292989.977,189.977,0.03,427.0,0.02,1148.7,0.04,14.4,0.05,191.02,0.96,199.5,0.95,327.02,0.97,381.0,0.98,841.7,0.01,0.01,2372.18366,1776292988000
1776292990.231,190.231,0.03,350.0,0.02,1048.7,0.04,14.4,0.05,216.02,0.96,14.4,0.95,191.02,0.97,427.0,0.98,1148.7,0.01,0.01,2372.288918,1776292989000
1776292996.925,196.925,0.03,293.0,0.02,726.0,0.04,24.9,0.05,202.08,0.96,14.4,0.95,216.02,0.97,350.0,0.98,1048.7,0.01,0.01,2372.281992,1776292995000
1776292997.689,197.689,0.03,292.0,0.02,406.0,0.04,49.9,0.05,357.07,0.96,24.9,0.95,202.08,0.97,293.0,0.98,726.0,0.01,0.01,2372.217431,1776292996000
1776292998.703,198.703,0.03,230.68,0.02,340.0,0.04,64.9,0.05,562.36,0.96,64.9,0.95,357.07,0.97,281.68,0.98,406.0,0.01,0.01,2372.237562,1776292997000
1776293000.626,200.626,0.03,230.68,0.02,364.0,0.04,19.4,0.05,381.07,0.96,64.9,0.95,562.36,0.97,230.68,0.98,340.0,0.01,0.01,2372.119432,1776292999000
1776293001.144,201.144,0.03,229.08,0.02,353.0,0.05,386.07,0.06,433.73,0.95,381.07,0.94,299.89,0.96,13.6,0.97,230.68,0.02,0.01,2372.119432,1776292999000
1776293002.003,202.003,0.03,223.93,0.02,360.0,0.04,72.5,0.05,386.07,0.95,386.07,0.94,433.73,0.97,229.08,0.98,353.0,0.01,0.02,2372.088254,1776293000000
1776293002.751,202.751,0.03,223.93,0.02,360.0,0.04,79.5,0.05,386.07,0.96,72.5,0.95,386.07,0.97,223.93,0.98,360.0,0.01,0.01,2372.197103,1776293001000
1776293005.906,205.906,0.03,228.93,0.02,360.0,0.04,27.5,0.05,201.59,0.96,79.5,0.95,386.07,0.97,223.93,0.98,360.0,0.01,0.01,2372.199608,1776293004000
1776293006.913,206.913,0.03,173.93,0.02,360.0,0.04,263.24,0.05,277.39,0.96,27.5,0.95,201.59,0.97,228.93,0.98,360.0,0.01,0.01,2372.16945,1776293005000
1776293008.973,208.973,0.02,332.93,0.01,8037.6,0.04,177.52,0.05,307.39,0.96,263.24,0.95,277.39,0.97,173.93,0.98,360.0,0.02,0.01,2372.131333,1776293007000
1776293009.392,209.392,0.02,331.9,0.01,8137.6,0.03,148.0,0.04,191.49,0.96,177.52,0.95,307.39,0.98,332.93,0.99,8037.6,0.01,0.02,2372.177618,1776293008000
1776293010.374,210.374,0.02,333.83,0.01,8137.6,0.03,86.33,0.04,48.0,0.97,153.0,0.96,191.49,0.98,333.83,0.99,8137.6,0.01,0.01,2372.247838,1776293009000
1776293011.249,211.249,0.02,328.83,0.01,8137.6,0.03,81.33,0.04,203.99,0.97,86.33,0.96,48.0,0.98,333.83,0.99,8137.6,0.01,0.01,2372.221929,1776293010000
1776293012.088,212.088,0.02,323.83,0.01,8337.6,0.03,75.44,0.04,204.99,0.97,81.33,0.96,203.99,0.98,328.83,0.99,8137.6,0.01,0.01,2372.221929,1776293010000
1776293014.914,214.914,0.02,225.67,0.01,8220.6,0.03,70.31,0.04,219.99,0.97,75.44,0.96,53.0,0.98,271.67,0.99,8220.6,0.01,0.01,2372.218994,1776293013000
1776293015.675,215.675,0.02,215.67,0.01,8220.6,0.03,65.31,0.04,232.99,0.97,70.31,0.96,219.99,0.98,225.67,0.99,8220.6,0.01,0.01,2372.218528,1776293014000
1776293016.575,216.575,0.02,198.2,0.01,8220.6,0.03,65.31,0.04,232.99,0.97,65.31,0.96,232.99,0.98,215.67,0.99,8220.6,0.01,0.01,2372.217345,1776293015000
1776293017.772,217.772,0.02,148.2,0.01,7520.6,0.03,65.31,0.04,245.99,0.97,65.31,0.96,232.99,0.98,198.2,0.99,8220.6,0.01,0.01,2372.204956,1776293016000
1776293019.868,219.868,0.02,153.2,0.01,8151.6,0.03,50.31,0.04,292.99,0.97,65.31,0.96,245.99,0.98,148.2,0.99,7520.6,0.01,0.01,2372.218952,1776293018000
1776293022.731,222.731,0.02,143.2,0.01,7232.6,0.03,55.31,0.04,386.69,0.97,50.31,0.96,292.99,0.98,153.2,0.99,8151.6,0.01,0.01,2372.231362,1776293021000
1776293023.848,223.848,0.02,127.79,0.01,7168.6,0.03,271.8,0.04,206.67,0.97,55.31,0.96,386.69,0.98,143.2,0.99,7232.6,0.01,0.01,2372.270592,1776293022000
1776293024.805,224.805,0.02,132.79,0.01,8051.6,0.03,237.5,0.04,206.67,0.97,271.8,0.96,206.67,0.98,127.79,0.99,7168.6,0.01,0.01,2372.279367,1776293023000
1776293028.454,228.454,0.02,147.79,0.01,7647.0,0.03,55.31,0.04,375.69,0.97,237.5,0.96,206.67,0.98,132.79,0.99,8051.6,0.01,0.01,2372.26201,1776293027000
1776293039.335,239.335,0.02,2.8,0.01,6682.0,0.03,462.19,0.04,216.67,0.97,55.31,0.96,375.69,0.98,147.79,0.99,7647.0,0.01,0.01,2372.162713,1776293038000
1776293039.838,239.838,0.01,6682.0,,,0.02,68.29,0.03,472.19,0.97,462.19,0.96,216.67,0.98,2.8,0.99,6682.0,0.01,0.01,2372.162713,1776293038000
1776293040.39,240.39,0.01,6982.0,,,0.02,541.15,0.03,286.67,0.98,68.29,0.97,472.19,0.99,6682.0,,,0.01,0.01,2372.12727,1776293039000
1776293041.117,241.117,0.01,6667.0,,,0.02,697.34,0.03,286.67,0.98,568.15,0.97,296.67,0.99,6672.0,,,0.01,0.01,2372.114848,1776293040000
1776293041.643,241.643,0.01,6657.0,,,0.02,592.34,0.03,286.67,0.98,592.34,0.97,286.67,0.99,6662.0,,,0.01,0.01,2372.114848,1776293040000
1776293042.782,242.782,0.01,6604.47,,,0.02,616.34,0.03,263.67,0.98,592.34,0.97,286.67,0.99,6659.97,,,0.01,0.01,2372.100448,1776293041000
1776293043.489,243.489,0.01,6603.45,,,0.02,547.34,0.03,263.67,0.98,616.34,0.97,263.67,0.99,6604.47,,,0.01,0.01,2371.982455,1776293042000
1776293044.581,244.581,0.01,6441.42,,,0.02,583.37,0.03,168.7,0.98,547.34,0.97,263.67,0.99,6603.45,,,0.01,0.01,2371.947005,1776293043000
1776293044.85,244.85,0.01,6436.42,,,0.02,590.37,0.03,168.7,0.98,583.37,0.97,168.7,0.99,6436.42,,,0.01,0.01,2371.947005,1776293043000
1776293045.363,245.363,0.01,1092.0,,,0.02,718.17,0.03,318.7,0.98,722.33,0.97,192.47,0.99,5841.42,,,0.01,0.01,2371.946341,1776293044000
1776293045.658,245.658,0.01,1076.9,,,0.02,642.67,0.03,335.7,0.98,728.17,0.97,330.7,0.99,1076.9,,,0.01,0.01,2371.946341,1776293044000
1776293045.929,245.929,0.01,1068.87,,,0.02,587.67,0.03,318.7,0.98,587.67,0.97,318.7,0.99,1070.9,,,0.01,0.01,2371.946341,1776293044000
1776293046.719,246.719,0.01,1063.87,,,0.02,687.67,0.03,309.7,0.98,587.67,0.97,318.7,0.99,1068.87,,,0.01,0.01,2371.4973,1776293045000
1776293047.088,247.088,0.01,1011.1,,,0.02,703.17,0.03,316.7,0.98,682.67,0.97,316.7,0.99,1056.1,,,0.01,0.01,2371.4973,1776293045000
1776293047.378,247.378,0.01,404.49,,,0.02,703.17,0.03,316.7,0.98,708.17,0.97,316.7,0.99,1001.49,,,0.01,0.01,2371.4973,1776293045000
1776293047.583,247.583,0.01,376.2,,,0.02,713.17,0.03,316.7,0.98,703.17,0.97,316.7,0.99,404.49,,,0.01,0.01,2371.4973,1776293045000
1776293047.896,247.896,,,,,0.01,67.8,0.02,713.17,0.98,713.17,0.97,316.7,0.99,32.2,,,,0.01,2371.308805,1776293046000
1776293049.981,249.981,,,,,0.01,582.06,0.02,491.17,0.99,67.8,0.98,713.17,,,,,,,2370.7895,1776293049000
1776293055.206,255.206,,,,,0.01,542.29,0.02,491.17,0.99,582.06,0.98,491.17,,,,,,,2370.60917,1776293053000
1776293060.566,260.566,,,,,0.01,1612.29,0.02,491.17,0.99,542.29,0.98,491.17,,,,,,,2370.098317,1776293059000
1776293075.063,275.063,,,,,0.01,9254.84,0.02,480.98,0.99,1612.29,0.98,491.17,,,,,,,2370.218444,1776293073000
1776293095.677,295.677,,,,,0.01,12643.1,0.02,341.99,0.99,9254.84,0.98,480.98,,,,,,,2370.01066,1776293094000

# RESULT,winner=Down,slug=eth-updown-5m-1776292800,ticks=218
