timestamp,elapsed_sec,up_bid_p1,up_bid_s1,up_bid_p2,up_bid_s2,up_ask_p1,up_ask_s1,up_ask_p2,up_ask_s2,down_bid_p1,down_bid_s1,down_bid_p2,down_bid_s2,down_ask_p1,down_ask_s1,down_ask_p2,down_ask_s2,up_spread,down_spread,eth_price,eth_oracle_ts
1776192001.353,1.353,,,,,,,,,,,,,,,,,,,2327.18468,1776192000000
1776192001.674,1.674,0.52,15.0,0.51,146.0,0.54,148.14,0.56,10.0,0.46,153.14,0.44,10.0,0.48,15.0,0.49,146.0,0.02,0.02,2327.18468,1776192000000
1776192002.159,2.159,0.52,15.0,0.51,146.0,0.54,148.14,0.56,10.0,0.46,148.14,0.45,83.0,0.48,4.57,0.49,146.0,0.02,0.02,2327.18468,1776192000000
1776192002.396,2.396,0.51,140.57,0.5,12.0,0.54,75.0,0.55,70.0,0.46,143.14,0.45,83.0,0.48,9.57,0.49,156.0,0.03,0.02,2327.242596,1776192001000
1776192002.6,2.6,0.51,140.57,0.5,12.0,0.54,11.76,0.55,70.0,0.46,41.76,0.45,70.0,0.49,140.57,0.5,12.0,0.03,0.03,2327.242596,1776192001000
1776192002.828,2.828,0.51,150.52,0.5,12.0,0.54,11.76,0.55,70.0,0.46,11.76,0.45,70.0,0.49,140.57,0.5,12.0,0.03,0.03,2327.242596,1776192001000
1776192003.167,3.167,0.54,3.56,0.51,136.43,0.55,69.76,0.56,23.0,0.45,69.76,0.44,23.0,0.49,146.43,0.5,12.0,0.01,0.04,2327.242596,1776192001000
1776192003.64,3.64,0.54,3.56,0.52,21.54,0.55,79.76,0.56,70.0,0.45,64.76,0.44,23.0,0.46,13.56,0.49,136.43,0.01,0.01,2327.242596,1776192001000
1776192004.229,4.229,0.54,30.0,0.53,20.89,0.55,13.0,0.56,15.0,0.45,79.76,0.44,70.0,0.46,3.56,0.48,21.54,0.01,0.01,2327.346565,1776192002000
1776192004.442,4.442,0.54,5.0,0.53,35.89,0.55,5.0,0.56,10.0,0.45,13.0,0.44,15.0,0.46,30.0,0.47,20.89,0.01,0.01,2327.374192,1776192003000
1776192004.875,4.875,0.53,29.9,0.52,36.54,0.54,15.0,0.55,20.0,0.45,5.0,0.44,10.0,0.46,5.0,0.47,35.89,0.01,0.01,2327.374192,1776192003000
1776192005.211,5.211,0.53,14.9,0.52,51.54,0.54,14.43,0.55,15.0,0.46,8.14,0.45,20.0,0.47,39.9,0.48,36.54,0.01,0.01,2327.374192,1776192003000
1776192005.422,5.422,0.53,14.9,0.52,41.54,0.54,7.57,0.55,15.0,0.46,7.57,0.45,15.0,0.47,14.9,0.48,41.54,0.01,0.01,2327.50934,1776192004000
1776192005.763,5.763,0.53,14.9,0.52,46.54,0.54,15.0,0.55,13.11,0.45,13.11,0.44,60.0,0.47,14.9,0.48,41.54,0.01,0.02,2327.50934,1776192004000
1776192005.979,5.979,0.53,14.9,0.52,46.54,0.54,15.0,0.55,13.11,0.46,15.0,0.45,13.11,0.47,14.9,0.48,46.54,0.01,0.01,2327.522463,1776192005000
1776192006.242,6.242,0.53,14.9,0.52,39.54,0.54,7.74,0.55,18.11,0.46,2.74,0.45,13.11,0.47,14.9,0.48,41.54,0.01,0.01,2327.522463,1776192005000
1776192006.481,6.481,0.53,14.26,0.52,96.54,0.54,2.74,0.55,18.11,0.46,7.74,0.45,18.11,0.47,14.9,0.48,39.54,0.01,0.01,2327.522463,1776192005000
1776192006.83,6.83,0.53,14.26,0.52,96.54,0.54,0.88,0.55,18.11,0.46,95.34,0.45,118.11,0.47,14.26,0.48,96.54,0.01,0.01,2327.522463,1776192005000
1776192007.033,7.033,0.53,24.26,0.52,96.54,0.55,14.97,0.56,85.0,0.46,0.88,0.45,18.11,0.47,14.26,0.48,96.54,0.02,0.01,2327.522463,1776192005000
1776192007.338,7.338,0.55,91.14,0.54,5.0,0.56,138.92,0.57,180.49,0.44,90.0,0.43,120.49,0.45,91.14,0.46,5.0,0.01,0.01,2327.51845,1776192006000
1776192007.781,7.781,0.56,5.0,0.55,106.14,0.57,80.0,0.58,70.0,0.44,138.92,0.43,180.49,0.45,91.14,0.46,5.0,0.01,0.01,2327.51845,1776192006000
1776192007.998,7.998,0.55,101.14,0.53,24.0,0.57,13.39,0.58,65.0,0.44,54.88,0.43,76.14,0.45,101.14,0.47,0.74,0.02,0.01,2327.51845,1776192006000
1776192008.239,8.239,0.55,101.14,0.52,11.54,0.56,59.91,0.57,93.39,0.43,13.39,0.42,65.0,0.45,101.14,0.47,24.0,0.01,0.02,2327.51845,1776192006000
1776192008.453,8.453,0.55,81.14,0.54,12.0,0.56,94.91,0.57,111.39,0.44,59.91,0.43,93.39,0.45,101.14,0.48,11.54,0.01,0.01,2327.463465,1776192007000
1776192008.833,8.833,0.54,10.0,0.53,12.0,0.56,79.25,0.57,88.39,0.44,122.41,0.43,111.39,0.45,15.5,0.46,12.0,0.02,0.01,2327.463465,1776192007000
1776192009.043,9.043,0.54,5.65,0.53,12.0,0.55,75.5,0.56,78.25,0.44,79.25,0.43,88.39,0.46,10.0,0.47,12.0,0.01,0.02,2327.463465,1776192007000
1776192009.473,9.473,0.54,3.47,0.53,12.0,0.55,80.5,0.56,78.25,0.45,80.5,0.44,78.25,0.46,3.47,0.47,12.0,0.01,0.01,2327.552614,1776192008000
1776192009.992,9.992,0.54,293.97,0.53,82.5,0.56,40.98,0.57,112.89,0.45,39.92,0.44,42.75,0.46,13.97,0.47,87.5,0.02,0.01,2327.552614,1776192008000
1776192010.411,10.411,0.55,10.0,0.54,12.0,0.56,90.98,0.57,130.89,0.44,40.98,0.43,112.89,0.46,293.97,0.47,82.5,0.01,0.02,2327.4371,1776192009000
1776192010.653,10.653,0.52,0.91,0.51,124.43,0.55,55.5,0.56,91.98,0.44,110.98,0.43,310.89,0.46,8.8,0.48,11.54,0.03,0.02,2327.4371,1776192009000
1776192011.16,11.16,0.52,0.91,0.51,124.43,0.55,55.5,0.56,91.98,0.45,55.5,0.44,91.98,0.48,0.91,0.49,124.43,0.03,0.03,2327.35215,1776192010000
1776192011.614,11.614,0.51,114.7,0.5,27.5,0.53,343.5,0.54,198.5,0.45,55.5,0.44,91.98,0.48,0.91,0.49,124.43,0.02,0.03,2327.35215,1776192010000
1776192012.444,12.444,0.51,94.29,0.5,27.5,0.53,343.5,0.54,198.5,0.47,343.5,0.46,198.5,0.49,94.29,0.5,27.5,0.02,0.02,2327.3074,1776192011000
1776192012.771,12.771,0.51,104.29,0.5,17.0,0.52,149.5,0.53,205.5,0.47,343.5,0.46,198.5,0.49,94.29,0.5,27.5,0.01,0.02,2327.3074,1776192011000
1776192012.971,12.971,0.51,104.29,0.5,17.0,0.52,149.5,0.53,205.5,0.48,149.5,0.47,205.5,0.49,104.29,0.5,17.0,0.01,0.01,2327.059411,1776192012000
1776192013.878,13.878,0.51,294.79,0.5,75.5,0.52,55.0,0.53,160.0,0.48,149.5,0.47,205.5,0.49,104.29,0.5,17.0,0.01,0.01,2327.059411,1776192012000
1776192014.086,14.086,0.51,294.79,0.5,75.5,0.52,55.0,0.53,160.0,0.48,55.0,0.47,160.0,0.49,294.79,0.5,75.5,0.01,0.01,2327.0585,1776192013000
1776192015.003,15.003,0.52,295.5,0.51,315.79,0.53,75.0,0.55,56.66,0.48,55.0,0.47,160.0,0.49,294.79,0.5,75.5,0.01,0.01,2327.0585,1776192013000
1776192015.235,15.235,0.54,245.5,0.53,135.5,0.55,56.66,0.56,13.48,0.45,56.66,0.44,13.48,0.48,290.5,0.49,315.79,0.01,0.03,2326.91053,1776192014000
1776192015.501,15.501,0.55,15.0,0.54,240.5,0.56,5.89,0.57,85.0,0.44,13.48,0.43,85.0,0.46,240.5,0.47,135.5,0.01,0.02,2326.91053,1776192014000
1776192015.719,15.719,0.55,350.5,0.54,244.5,0.56,0.52,0.58,68.0,0.44,7.31,0.43,95.5,0.45,25.5,0.46,240.5,0.01,0.01,2326.91053,1776192014000
1776192015.927,15.927,0.58,20.5,0.57,31.5,0.59,57.0,0.6,96.5,0.42,1.55,0.41,15.0,0.43,20.0,0.44,116.0,0.01,0.01,2326.91053,1776192014000
1776192016.22,16.22,0.57,186.5,0.56,37.5,0.58,80.14,0.59,43.82,0.41,16.82,0.4,96.5,0.42,20.5,0.43,126.5,0.01,0.01,2326.91053,1776192014000
1776192016.891,16.891,0.58,65.5,0.57,246.5,0.59,27.7,0.6,94.5,0.42,5.5,0.41,49.82,0.43,186.5,0.44,75.5,0.01,0.01,2327.006073,1776192015000
1776192017.318,17.318,0.58,65.5,0.57,246.5,0.59,87.7,0.6,94.5,0.41,27.7,0.4,94.5,0.42,65.5,0.43,246.5,0.01,0.01,2327.006073,1776192015000
1776192018.314,18.314,0.58,65.5,0.57,246.5,0.59,87.7,0.6,94.5,0.41,87.7,0.4,94.5,0.42,65.5,0.43,246.5,0.01,0.01,2327.73325,1776192017000
1776192018.538,18.538,0.6,225.5,0.59,140.5,0.63,93.5,0.64,89.5,0.41,87.7,0.4,94.5,0.42,65.5,0.43,246.5,0.03,0.01,2327.73325,1776192017000
1776192019.265,19.265,0.61,10.0,0.6,215.5,0.63,90.5,0.64,84.5,0.37,90.5,0.36,84.5,0.39,10.0,0.4,215.5,0.02,0.02,2327.771031,1776192018000
1776192019.48,19.48,0.61,375.5,0.6,190.5,0.62,2.0,0.63,18.0,0.37,90.5,0.36,84.5,0.39,10.0,0.4,215.5,0.01,0.02,2327.771031,1776192018000
1776192019.73,19.73,0.63,51.5,0.62,135.5,0.64,5.0,0.65,10.0,0.38,2.0,0.37,18.0,0.39,375.5,0.4,190.5,0.01,0.01,2327.771031,1776192018000
1776192020.221,20.221,0.63,216.5,0.62,135.5,0.65,5.0,0.66,80.5,0.35,5.0,0.34,80.5,0.37,216.5,0.38,135.5,0.02,0.02,2328.06111,1776192019000
1776192021.321,21.321,0.64,276.68,0.63,76.5,0.66,99.5,0.67,60.0,0.35,15.0,0.34,75.5,0.36,81.18,0.37,256.5,0.02,0.01,2328.06111,1776192019000
1776192021.893,21.893,0.64,275.8,0.63,76.5,0.66,99.5,0.67,60.0,0.34,99.5,0.33,60.0,0.36,275.8,0.37,76.5,0.02,0.02,2328.216214,1776192021000
1776192022.102,22.102,0.65,5.0,0.63,240.5,0.66,147.5,0.67,118.0,0.34,99.5,0.33,60.0,0.36,275.8,0.37,76.5,0.01,0.02,2328.216214,1776192021000
1776192022.982,22.982,0.65,5.0,0.63,240.5,0.66,147.5,0.67,118.0,0.34,147.5,0.33,118.0,0.35,5.0,0.37,240.5,0.01,0.01,2328.414165,1776192022000
1776192023.242,23.242,0.63,282.5,0.62,70.5,0.65,84.5,0.66,119.5,0.35,79.0,0.34,105.5,0.37,287.5,0.38,70.5,0.02,0.02,2328.414165,1776192022000
1776192023.952,23.952,0.64,277.5,0.63,87.5,0.65,49.0,0.66,129.5,0.35,84.5,0.34,119.5,0.37,282.5,0.38,70.5,0.01,0.02,2328.414165,1776192022000
1776192024.853,24.853,0.6,50.0,0.59,65.0,0.64,332.5,0.65,224.5,0.34,58.49,0.33,85.0,0.36,282.5,0.37,87.5,0.04,0.02,2328.41448,1776192023000
1776192025.085,25.085,0.6,37.0,0.59,75.5,0.61,59.5,0.62,64.0,0.39,59.5,0.38,64.0,0.4,37.0,0.41,75.5,0.01,0.01,2328.345195,1776192024000
1776192025.487,25.487,0.59,275.5,0.58,75.5,0.6,42.92,0.61,109.5,0.39,59.5,0.38,64.0,0.4,37.0,0.41,75.5,0.01,0.01,2328.345195,1776192024000
1776192025.868,25.868,0.59,275.5,0.58,75.5,0.6,3.86,0.61,59.0,0.4,40.84,0.39,109.5,0.41,260.0,0.42,75.5,0.01,0.01,2328.345195,1776192024000
1776192026.088,26.088,0.59,275.5,0.58,75.5,0.6,3.86,0.61,59.0,0.4,3.86,0.39,59.0,0.41,275.5,0.42,75.5,0.01,0.01,2328.38371,1776192025000
1776192026.421,26.421,0.59,270.5,0.58,75.5,0.6,1.69,0.61,99.0,0.4,3.86,0.39,59.0,0.41,275.5,0.42,75.5,0.01,0.01,2328.38371,1776192025000
1776192027.177,27.177,0.59,270.5,0.58,75.5,0.6,1.69,0.61,99.0,0.4,1.69,0.39,99.0,0.41,270.5,0.42,75.5,0.01,0.01,2327.965025,1776192026000
1776192028.335,28.335,0.59,270.5,0.58,75.5,0.6,1.69,0.61,99.0,0.4,1.69,0.39,99.0,0.41,270.5,0.42,75.5,0.01,0.01,2327.994365,1776192027000
1776192028.589,28.589,0.59,270.0,0.58,80.5,0.6,28.62,0.61,106.5,0.4,1.69,0.39,99.0,0.41,270.5,0.42,75.5,0.01,0.01,2327.994365,1776192027000
1776192029.364,29.364,0.59,270.0,0.58,80.5,0.6,28.62,0.61,106.5,0.4,28.62,0.39,106.5,0.41,270.0,0.42,80.5,0.01,0.01,2327.972,1776192028000
1776192029.915,29.915,0.59,80.0,0.58,260.5,0.6,10.0,0.61,106.5,0.4,28.62,0.39,106.5,0.41,270.0,0.42,80.5,0.01,0.01,2327.972,1776192028000
1776192030.456,30.456,0.59,95.5,0.58,260.5,0.6,15.0,0.61,106.5,0.4,10.0,0.39,106.5,0.41,80.0,0.42,260.5,0.01,0.01,2327.97173,1776192029000
1776192030.969,30.969,0.59,95.5,0.58,260.5,0.6,15.0,0.61,106.5,0.4,15.0,0.39,106.5,0.41,95.5,0.42,260.5,0.01,0.01,2327.9079,1776192030000
1776192031.469,31.469,0.59,474.5,0.58,229.5,0.61,5.0,0.62,11.0,0.4,15.0,0.39,106.5,0.41,95.5,0.42,260.5,0.02,0.01,2327.9079,1776192030000
1776192031.991,31.991,0.63,53.39,0.62,260.5,0.65,80.5,0.66,77.99,0.38,11.0,0.37,11.0,0.41,474.5,0.42,229.5,0.02,0.03,2327.9079,1776192030000
1776192032.479,32.479,0.64,286.0,0.63,93.39,0.65,70.49,0.66,77.99,0.35,80.5,0.34,77.99,0.37,53.39,0.38,260.5,0.01,0.02,2327.9079,1776192030000
1776192032.977,32.977,0.65,275.0,0.64,121.5,0.66,58.49,0.67,109.0,0.35,55.1,0.34,77.99,0.36,291.0,0.37,93.39,0.01,0.01,2327.890695,1776192031000
1776192033.202,33.202,0.65,275.0,0.64,121.5,0.66,58.49,0.67,109.0,0.34,58.49,0.33,109.0,0.35,275.0,0.36,121.5,0.01,0.01,2327.930938,1776192032000
1776192034.223,34.223,0.65,275.0,0.64,121.5,0.66,58.49,0.67,109.0,0.34,58.49,0.33,109.0,0.35,275.0,0.36,121.5,0.01,0.01,2328.248459,1776192033000
1776192034.575,34.575,0.67,296.5,0.66,221.5,0.68,8.38,0.69,25.0,0.34,58.49,0.33,109.0,0.35,275.0,0.36,121.5,0.01,0.01,2328.248459,1776192033000
1776192035.24,35.24,0.67,296.5,0.66,221.5,0.68,8.38,0.69,25.0,0.32,8.38,0.31,25.0,0.33,296.5,0.34,221.5,0.01,0.01,2328.373157,1776192034000
1776192036.22,36.22,0.64,370.5,0.63,197.5,0.67,10.0,0.68,10.0,0.33,55.0,0.32,28.88,0.35,12.0,0.36,65.5,0.03,0.02,2328.373157,1776192034000
1776192037.315,37.315,0.66,11.0,0.65,22.0,0.67,10.0,0.68,10.0,0.33,10.0,0.32,10.0,0.34,11.0,0.35,22.0,0.01,0.01,2328.52501,1776192036000
1776192038.428,38.428,0.66,11.0,0.65,22.0,0.67,10.0,0.68,10.0,0.33,10.0,0.32,10.0,0.34,11.0,0.35,22.0,0.01,0.01,2328.419,1776192037000
1776192038.977,38.977,0.66,11.0,0.65,22.0,0.67,10.0,0.68,10.0,0.33,10.0,0.32,10.0,0.34,11.0,0.35,22.0,0.01,0.01,2328.481395,1776192038000
1776192039.225,39.225,0.7,5.0,0.68,25.0,0.72,30.0,0.73,40.0,0.28,10.0,0.27,10.0,0.31,50.0,0.32,82.0,0.02,0.03,2328.481395,1776192038000
1776192039.464,39.464,0.69,4.51,0.68,32.0,0.7,10.0,0.71,40.5,0.28,23.16,0.27,40.0,0.3,5.0,0.32,25.0,0.01,0.02,2328.481395,1776192038000
1776192039.989,39.989,0.68,32.0,0.67,60.0,0.69,8.55,0.7,40.39,0.31,8.55,0.3,40.39,0.32,32.0,0.33,60.0,0.01,0.01,2328.544343,1776192039000
1776192040.362,40.362,0.68,12.0,0.66,66.0,0.69,45.0,0.7,60.5,0.31,8.55,0.3,40.39,0.32,32.0,0.33,60.0,0.01,0.01,2328.544343,1776192039000
1776192040.684,40.684,0.68,12.0,0.67,10.0,0.69,59.05,0.7,55.5,0.31,45.0,0.3,60.5,0.32,12.0,0.34,66.0,0.01,0.01,2328.544343,1776192039000
1776192041.014,41.014,0.68,12.0,0.67,10.0,0.69,59.05,0.7,55.5,0.31,59.05,0.3,55.5,0.32,12.0,0.33,10.0,0.01,0.01,2328.711458,1776192040000
1776192041.271,41.271,0.67,10.0,0.66,43.0,0.68,125.64,0.69,284.05,0.31,59.05,0.3,55.5,0.32,12.0,0.33,10.0,0.01,0.01,2328.711458,1776192040000
1776192042.121,42.121,0.67,5.15,0.66,43.0,0.68,130.64,0.69,284.05,0.32,130.64,0.31,284.05,0.33,5.15,0.34,43.0,0.01,0.01,2328.635719,1776192041000
1776192042.411,42.411,0.67,41.0,0.66,63.5,0.68,57.62,0.69,240.5,0.32,64.62,0.31,240.5,0.33,30.0,0.34,63.5,0.01,0.01,2328.635719,1776192041000
1776192043.154,43.154,0.67,41.0,0.66,63.5,0.68,57.62,0.69,240.5,0.32,57.62,0.31,240.5,0.33,41.0,0.34,63.5,0.01,0.01,2328.512698,1776192042000
1776192044.126,44.126,0.67,35.0,0.66,43.0,0.68,254.79,0.69,85.5,0.32,70.62,0.31,265.5,0.33,46.0,0.34,53.5,0.01,0.01,2328.512698,1776192042000
1776192045.186,45.186,0.67,35.0,0.66,43.0,0.68,254.79,0.69,85.5,0.32,254.79,0.31,85.5,0.33,35.0,0.34,43.0,0.01,0.01,2328.55745,1776192044000
1776192045.463,45.463,0.67,25.23,0.66,32.0,0.68,99.71,0.69,275.5,0.32,74.79,0.31,275.5,0.33,15.23,0.34,32.0,0.01,0.01,2328.55745,1776192044000
1776192045.902,45.902,0.66,22.0,0.65,16.0,0.68,119.96,0.69,164.5,0.32,99.46,0.31,275.5,0.33,25.23,0.34,32.0,0.02,0.01,2328.55745,1776192044000
1776192046.195,46.195,0.66,14.0,0.65,21.0,0.67,10.5,0.68,235.46,0.32,71.96,0.31,111.5,0.34,17.0,0.35,21.0,0.01,0.02,2328.55745,1776192044000
1776192047.041,47.041,0.66,10.0,0.65,26.0,0.67,0.07,0.68,235.46,0.33,0.07,0.32,235.46,0.34,10.0,0.35,26.0,0.01,0.01,2328.4313,1776192046000
1776192048.11,48.11,0.66,10.0,0.65,26.0,0.67,0.07,0.68,235.46,0.33,0.07,0.32,235.46,0.34,10.0,0.35,26.0,0.01,0.01,2328.38405,1776192047000
1776192049.203,49.203,0.66,10.0,0.65,26.0,0.67,0.07,0.68,235.46,0.33,0.07,0.32,235.46,0.34,10.0,0.35,26.0,0.01,0.01,2328.438914,1776192048000
1776192049.468,49.468,0.73,26.0,0.72,28.0,0.75,56.98,0.76,60.0,0.33,0.07,0.32,235.46,0.34,10.0,0.35,26.0,0.02,0.01,2328.438914,1776192048000
1776192049.765,49.765,0.71,10.0,0.7,82.5,0.73,6.76,0.74,60.0,0.26,13.52,0.25,81.98,0.27,196.0,0.28,23.0,0.02,0.01,2328.438914,1776192048000
1776192049.99,49.99,0.71,45.5,0.7,107.5,0.74,57.03,0.75,122.48,0.27,6.76,0.26,60.0,0.29,10.0,0.3,82.5,0.03,0.02,2328.438914,1776192048000
1776192050.263,50.263,0.71,10.0,0.7,82.5,0.73,27.63,0.74,92.03,0.27,27.63,0.26,92.03,0.29,10.0,0.3,82.5,0.02,0.02,2328.68585,1776192049000
1776192051.395,51.395,0.71,10.0,0.7,82.5,0.73,27.63,0.74,92.03,0.27,27.63,0.26,92.03,0.29,10.0,0.3,82.5,0.02,0.02,2328.96805,1776192050000
1776192051.951,51.951,0.71,10.0,0.7,82.5,0.73,27.63,0.74,92.03,0.27,27.63,0.26,92.03,0.29,10.0,0.3,82.5,0.02,0.02,2328.9441,1776192051000
1776192052.696,52.696,0.72,15.0,0.71,12.0,0.73,296.25,0.74,133.0,0.27,45.89,0.26,55.0,0.28,57.5,0.29,292.5,0.01,0.01,2328.9441,1776192051000
1776192052.935,52.935,0.66,4.11,0.65,81.5,0.67,25.0,0.68,63.62,0.3,12.0,0.29,12.0,0.34,10.0,0.35,21.0,0.01,0.04,2328.9441,1776192051000
1776192054.326,54.326,0.65,61.1,0.64,65.0,0.66,5.0,0.67,120.0,0.34,5.0,0.33,120.0,0.35,61.1,0.36,65.0,0.01,0.01,2328.970691,1776192053000
1776192054.774,54.774,0.64,22.0,0.63,70.5,0.66,379.0,0.67,143.5,0.34,348.0,0.33,120.0,0.35,4.12,0.36,82.5,0.02,0.01,2328.970691,1776192053000
1776192055.331,55.331,0.64,64.52,0.63,70.5,0.66,379.0,0.67,143.5,0.34,379.0,0.33,143.5,0.36,64.52,0.37,70.5,0.02,0.02,2328.458307,1776192054000
1776192055.958,55.958,0.64,64.52,0.63,70.5,0.66,379.0,0.67,143.5,0.34,379.0,0.33,143.5,0.36,64.52,0.37,70.5,0.02,0.02,2328.408224,1776192055000
1776192056.999,56.999,0.64,64.52,0.63,70.5,0.66,379.0,0.67,143.5,0.34,379.0,0.33,143.5,0.36,64.52,0.37,70.5,0.02,0.02,2328.296956,1776192056000
1776192057.242,57.242,0.65,7.14,0.64,75.02,0.66,373.0,0.67,133.0,0.34,379.0,0.33,143.5,0.36,64.52,0.37,70.5,0.01,0.02,2328.296956,1776192056000
1776192057.774,57.774,0.64,66.83,0.63,92.5,0.65,103.61,0.66,310.0,0.34,373.0,0.33,133.0,0.36,73.83,0.37,75.5,0.01,0.02,2328.296956,1776192056000
1776192058.16,58.16,0.64,66.83,0.63,92.5,0.65,103.61,0.66,310.0,0.35,103.61,0.34,310.0,0.36,66.83,0.37,92.5,0.01,0.01,2328.235505,1776192057000
1776192058.698,58.698,0.64,71.83,0.63,92.5,0.65,54.23,0.66,280.0,0.35,103.61,0.34,310.0,0.36,66.83,0.37,92.5,0.01,0.01,2328.235505,1776192057000
1776192059.229,59.229,0.64,71.83,0.63,92.5,0.65,57.69,0.66,280.0,0.35,57.69,0.34,280.0,0.36,71.83,0.37,92.5,0.01,0.01,2328.236362,1776192058000
1776192059.503,59.503,0.64,60.5,0.63,70.5,0.66,100.0,0.67,120.0,0.35,57.69,0.34,280.0,0.36,71.83,0.37,92.5,0.02,0.01,2328.236362,1776192058000
1776192060.512,60.512,0.64,1.0,0.61,24.87,0.65,148.5,0.66,203.5,0.34,100.0,0.33,120.0,0.36,60.5,0.37,70.5,0.01,0.02,2328.236362,1776192058000
1776192060.725,60.725,0.61,15.0,0.6,25.5,0.62,44.59,0.63,35.0,0.38,39.59,0.37,35.0,0.39,35.5,0.4,25.5,0.01,0.01,2328.236362,1776192058000
1776192061.01,61.01,0.61,5.0,0.58,5.0,0.62,382.09,0.63,144.5,0.38,44.59,0.37,35.0,0.39,15.0,0.4,25.5,0.01,0.01,2328.237781,1776192059000
1776192061.247,61.247,0.56,10.0,0.55,87.5,0.58,45.01,0.59,200.5,0.43,7.52,0.4,10.0,0.44,10.0,0.45,75.5,0.02,0.01,2328.237781,1776192059000
1776192061.582,61.582,0.56,25.5,0.55,92.5,0.57,27.96,0.58,220.01,0.42,45.01,0.41,200.5,0.44,10.0,0.45,87.5,0.01,0.02,2328.237781,1776192059000
1776192062.668,62.668,0.56,25.5,0.55,92.5,0.57,18.11,0.58,270.01,0.43,18.11,0.42,270.01,0.44,25.5,0.45,92.5,0.01,0.01,2328.21805,1776192061000
1776192062.973,62.973,0.56,22.97,0.55,92.5,0.58,314.01,0.59,90.0,0.42,314.01,0.41,90.0,0.43,2.0,0.44,75.5,0.02,0.01,2328.21805,1776192061000
1776192063.403,63.403,0.56,7.47,0.55,92.5,0.57,211.74,0.58,95.01,0.42,314.01,0.41,90.0,0.44,22.97,0.45,92.5,0.01,0.02,2328.21805,1776192061000
1776192063.89,63.89,0.56,12.47,0.55,92.5,0.57,286.74,0.58,70.01,0.43,211.74,0.42,95.01,0.44,7.47,0.45,92.5,0.01,0.01,2327.655994,1776192062000
1776192064.113,64.113,0.55,9.6,0.54,70.5,0.56,281.38,0.57,85.0,0.44,281.38,0.43,85.0,0.45,9.6,0.46,70.5,0.01,0.01,2327.622194,1776192063000
1776192064.543,64.543,0.52,87.5,0.51,171.0,0.54,250.0,0.55,65.0,0.44,240.01,0.43,85.0,0.45,9.6,0.46,70.5,0.02,0.01,2327.622194,1776192063000
1776192065.127,65.127,0.52,62.25,0.51,188.0,0.53,247.39,0.54,105.0,0.47,5.0,0.46,250.0,0.48,69.25,0.49,171.0,0.01,0.01,2327.622194,1776192063000
1776192065.502,65.502,0.51,188.0,0.5,77.5,0.53,307.39,0.54,105.0,0.47,307.39,0.46,105.0,0.49,188.0,0.5,77.5,0.02,0.02,2327.504781,1776192064000
1776192066.092,66.092,0.51,188.0,0.5,77.5,0.53,307.39,0.54,105.0,0.47,307.39,0.46,105.0,0.49,188.0,0.5,77.5,0.02,0.02,2327.497065,1776192065000
1776192066.952,66.952,0.52,195.77,0.51,395.0,0.56,55.0,0.57,249.0,0.47,205.11,0.46,65.0,0.48,65.77,0.49,188.0,0.04,0.01,2327.497065,1776192065000
1776192067.393,67.393,0.55,18.41,0.54,39.0,0.56,55.0,0.57,254.0,0.44,55.0,0.43,254.0,0.45,18.41,0.46,39.0,0.01,0.01,2327.234635,1776192066000
1776192067.645,67.645,0.54,99.5,0.53,80.5,0.56,273.67,0.57,80.5,0.44,270.5,0.43,80.5,0.46,111.5,0.47,75.5,0.02,0.02,2327.234635,1776192066000
1776192067.974,67.974,0.54,61.79,0.53,67.0,0.55,280.5,0.56,113.67,0.44,273.67,0.43,80.5,0.46,93.95,0.47,92.5,0.01,0.02,2327.234635,1776192066000
1776192068.456,68.456,0.51,63.04,0.5,132.5,0.53,45.0,0.54,205.0,0.45,280.5,0.44,113.67,0.46,61.79,0.47,67.0,0.02,0.01,2327.22462,1776192067000
1776192069.64,69.64,0.54,35.3,0.53,103.5,0.55,60.0,0.56,253.17,0.47,40.0,0.46,205.0,0.49,63.04,0.5,132.5,0.01,0.02,2327.22462,1776192067000
1776192070.365,70.365,0.54,35.3,0.53,103.5,0.55,60.0,0.56,253.17,0.45,60.0,0.44,253.17,0.46,35.3,0.47,103.5,0.01,0.01,2327.31121,1776192069000
1776192071.056,71.056,0.54,40.3,0.53,103.5,0.55,238.18,0.56,88.67,0.45,60.0,0.44,253.17,0.46,35.3,0.47,103.5,0.01,0.01,2327.31121,1776192069000
1776192071.575,71.575,0.54,40.3,0.53,103.5,0.55,238.18,0.56,88.67,0.45,238.18,0.44,88.67,0.46,40.3,0.47,103.5,0.01,0.01,2327.402571,1776192070000
1776192072.264,72.264,0.54,144.3,0.53,326.5,0.55,51.36,0.56,63.17,0.45,51.36,0.44,63.17,0.46,144.3,0.47,326.5,0.01,0.01,2327.407581,1776192071000
1776192072.759,72.759,0.56,415.5,0.55,233.5,0.58,4.01,0.6,50.0,0.45,51.36,0.44,63.17,0.46,144.3,0.47,326.5,0.02,0.01,2327.407581,1776192071000
1776192073.657,73.657,0.56,420.5,0.55,233.5,0.6,13.71,0.61,60.0,0.4,13.71,0.39,60.0,0.44,420.5,0.45,233.5,0.04,0.04,2327.434431,1776192072000
1776192074.335,74.335,0.56,420.5,0.55,233.5,0.6,13.71,0.61,60.0,0.4,13.71,0.39,60.0,0.44,420.5,0.45,233.5,0.04,0.04,2327.496455,1776192073000
1776192075.257,75.257,0.59,31.5,0.58,83.5,0.6,78.33,0.61,255.5,0.4,13.71,0.39,60.0,0.44,420.5,0.45,233.5,0.01,0.04,2327.496455,1776192073000
1776192075.529,75.529,0.54,5.0,0.53,5.0,0.58,67.5,0.59,119.5,0.4,78.33,0.39,255.5,0.41,31.5,0.42,83.5,0.04,0.01,2327.496455,1776192073000
1776192076.257,76.257,0.51,53.04,0.5,33.0,0.53,305.5,0.54,97.5,0.47,15.0,0.46,25.5,0.49,109.04,0.5,216.5,0.02,0.02,2327.795495,1776192074000
1776192076.84,76.84,0.5,12.5,0.49,10.19,0.51,313.26,0.52,92.5,0.48,10.0,0.47,310.5,0.5,33.0,0.51,98.19,0.01,0.02,2327.798015,1776192075000
1776192077.048,77.048,0.49,2.34,0.46,75.5,0.5,278.5,0.51,166.02,0.49,348.02,0.48,117.5,0.51,10.19,0.54,65.0,0.01,0.02,2327.798015,1776192075000
1776192077.249,77.249,0.48,4.61,0.47,17.11,0.49,255.0,0.5,93.5,0.5,278.5,0.49,153.02,0.53,17.11,0.54,75.5,0.01,0.03,2327.798015,1776192075000
1776192077.62,77.62,0.46,16.73,0.45,75.0,0.49,255.0,0.5,93.5,0.51,255.0,0.5,93.5,0.54,16.73,0.55,75.0,0.03,0.03,2327.63424,1776192076000
1776192077.933,77.933,0.45,30.0,0.44,183.5,0.46,10.0,0.47,80.0,0.53,120.0,0.52,300.5,0.55,20.0,0.56,141.5,0.01,0.02,2327.63424,1776192076000
1776192078.542,78.542,0.45,13.16,0.44,183.5,0.46,265.0,0.47,80.0,0.54,10.0,0.53,80.0,0.55,30.0,0.56,183.5,0.01,0.01,2327.63424,1776192076000
1776192079.225,79.225,0.45,13.16,0.44,183.5,0.46,265.0,0.47,80.0,0.54,265.0,0.53,80.0,0.55,13.16,0.56,183.5,0.01,0.01,2326.91891,1776192078000
1776192080.217,80.217,0.45,571.79,0.44,200.5,0.49,60.0,0.5,50.0,0.54,265.0,0.53,80.0,0.55,13.16,0.56,183.5,0.04,0.01,2326.91891,1776192078000
1776192080.479,80.479,0.45,571.79,0.44,200.5,0.49,55.02,0.5,50.0,0.51,55.02,0.5,50.0,0.55,571.79,0.56,200.5,0.04,0.04,2326.781709,1776192079000
1776192080.771,80.771,0.51,88.12,0.5,106.0,0.53,55.02,0.54,55.0,0.5,50.0,0.49,50.0,0.52,414.5,0.53,163.5,0.02,0.02,2326.781709,1776192079000
1776192081.032,81.032,0.52,74.18,0.51,436.12,0.53,64.02,0.54,65.0,0.47,64.02,0.46,65.0,0.48,74.18,0.49,436.12,0.01,0.01,2326.820607,1776192080000
1776192081.677,81.677,0.52,58.46,0.51,436.12,0.53,74.02,0.54,255.5,0.47,59.02,0.46,75.5,0.48,82.68,0.49,396.62,0.01,0.01,2326.820607,1776192080000
1776192081.88,81.88,0.52,46.71,0.51,206.12,0.53,84.02,0.54,80.5,0.47,74.02,0.46,255.5,0.48,58.46,0.49,436.12,0.01,0.01,2326.820607,1776192080000
1776192082.121,82.121,0.51,160.62,0.5,196.5,0.52,10.0,0.53,74.02,0.48,10.0,0.47,74.02,0.49,162.4,0.5,196.5,0.01,0.01,2326.820607,1776192080000
1776192083.331,83.331,0.51,23.02,0.5,26.0,0.52,55.38,0.53,89.52,0.48,55.38,0.47,89.52,0.49,23.02,0.5,26.0,0.01,0.01,2327.312565,1776192082000
1776192084.0,84.0,0.51,23.02,0.5,26.0,0.52,55.38,0.53,89.52,0.48,55.38,0.47,89.52,0.49,23.02,0.5,26.0,0.01,0.01,2327.287,1776192083000
1776192085.199,85.199,0.51,23.02,0.5,26.0,0.52,55.38,0.53,89.52,0.48,55.38,0.47,89.52,0.49,23.02,0.5,26.0,0.01,0.01,2327.22515,1776192084000
1776192086.34,86.34,0.51,23.02,0.5,26.0,0.52,55.38,0.53,89.52,0.48,55.38,0.47,89.52,0.49,23.02,0.5,26.0,0.01,0.01,2327.2047,1776192085000
1776192086.548,86.548,0.51,298.0,0.5,119.5,0.52,33.0,0.53,70.02,0.48,55.38,0.47,89.52,0.49,23.02,0.5,26.0,0.01,0.01,2327.2047,1776192085000
1776192086.892,86.892,0.51,313.5,0.5,119.5,0.53,65.02,0.54,70.0,0.48,33.0,0.47,70.02,0.49,298.0,0.5,119.5,0.02,0.01,2327.2047,1776192085000
1776192087.374,87.374,0.52,270.0,0.51,81.0,0.53,70.02,0.54,80.5,0.47,65.02,0.46,70.0,0.49,313.5,0.5,119.5,0.01,0.02,2327.2047,1776192085000
1776192087.63,87.63,0.52,78.0,0.51,81.0,0.53,55.32,0.54,75.5,0.47,70.02,0.46,80.5,0.48,270.0,0.49,81.0,0.01,0.01,2327.22686,1776192086000
1776192087.912,87.912,0.52,85.0,0.51,261.0,0.53,50.32,0.54,80.5,0.47,55.32,0.46,75.5,0.48,78.0,0.49,81.0,0.01,0.01,2327.22686,1776192086000
1776192088.178,88.178,0.52,265.0,0.51,81.0,0.53,49.81,0.54,80.5,0.47,50.32,0.46,80.5,0.48,85.0,0.49,261.0,0.01,0.01,2327.22789,1776192087000
1776192089.299,89.299,0.52,265.0,0.51,81.0,0.53,49.81,0.54,80.5,0.47,49.81,0.46,80.5,0.48,265.0,0.49,81.0,0.01,0.01,2327.312815,1776192088000
1776192090.493,90.493,0.52,265.0,0.51,81.0,0.53,49.81,0.54,80.5,0.47,49.81,0.46,80.5,0.48,265.0,0.49,81.0,0.01,0.01,2327.302695,1776192089000
1776192091.053,91.053,0.52,265.0,0.51,81.0,0.53,49.81,0.54,80.5,0.47,49.81,0.46,80.5,0.48,265.0,0.49,81.0,0.01,0.01,2327.28483,1776192090000
1776192091.337,91.337,0.52,85.0,0.51,261.0,0.53,40.94,0.54,80.5,0.47,49.81,0.46,80.5,0.48,265.0,0.49,81.0,0.01,0.01,2327.28483,1776192090000
1776192092.299,92.299,0.52,64.77,0.51,92.0,0.53,59.29,0.54,260.5,0.47,59.29,0.46,260.5,0.48,64.77,0.49,92.0,0.01,0.01,2327.23627,1776192091000
1776192093.597,93.597,0.52,54.77,0.51,81.0,0.53,69.29,0.54,265.5,0.47,259.79,0.46,80.5,0.48,4.77,0.49,81.0,0.01,0.01,2327.23627,1776192091000
1776192094.047,94.047,0.52,54.77,0.51,81.0,0.53,69.29,0.54,265.5,0.47,69.29,0.46,265.5,0.48,54.77,0.49,81.0,0.01,0.01,2327.26688,1776192092000
1776192094.718,94.718,0.52,54.77,0.51,81.0,0.53,69.29,0.54,265.5,0.47,69.29,0.46,265.5,0.48,54.77,0.49,81.0,0.01,0.01,2327.262205,1776192093000
1776192095.313,95.313,0.52,54.77,0.51,81.0,0.53,69.29,0.54,265.5,0.47,69.29,0.46,265.5,0.48,54.77,0.49,81.0,0.01,0.01,2327.251315,1776192094000
1776192096.678,96.678,0.52,54.77,0.51,81.0,0.53,69.29,0.54,265.5,0.47,69.29,0.46,265.5,0.48,54.77,0.49,81.0,0.01,0.01,2327.24526,1776192095000
1776192097.228,97.228,0.52,54.77,0.51,81.0,0.53,69.29,0.54,265.5,0.47,69.29,0.46,265.5,0.48,54.77,0.49,81.0,0.01,0.01,2327.262293,1776192096000
1776192098.895,98.895,0.52,54.77,0.51,81.0,0.53,69.29,0.54,265.5,0.47,69.29,0.46,265.5,0.48,54.77,0.49,81.0,0.01,0.01,2327.24921,1776192097000
1776192099.457,99.457,0.52,54.77,0.51,81.0,0.53,69.29,0.54,265.5,0.47,69.29,0.46,265.5,0.48,54.77,0.49,81.0,0.01,0.01,2327.26166,1776192098000
1776192100.119,100.119,0.52,54.77,0.51,81.0,0.53,69.29,0.54,265.5,0.47,69.29,0.46,265.5,0.48,54.77,0.49,81.0,0.01,0.01,2327.25288,1776192099000
1776192101.342,101.342,0.52,54.77,0.51,81.0,0.53,69.29,0.54,265.5,0.47,69.29,0.46,265.5,0.48,54.77,0.49,81.0,0.01,0.01,2327.27195,1776192100000
1776192102.061,102.061,0.52,54.77,0.51,81.0,0.53,69.29,0.54,265.5,0.47,69.29,0.46,265.5,0.48,54.77,0.49,81.0,0.01,0.01,2327.275975,1776192101000
1776192103.714,103.714,0.52,54.77,0.51,81.0,0.53,69.29,0.54,265.5,0.47,69.29,0.46,265.5,0.48,54.77,0.49,81.0,0.01,0.01,2327.266635,1776192102000
1776192104.315,104.315,0.52,54.77,0.51,81.0,0.53,69.29,0.54,265.5,0.47,69.29,0.46,265.5,0.48,54.77,0.49,81.0,0.01,0.01,2327.25426,1776192103000
1776192105.685,105.685,0.52,54.77,0.51,81.0,0.53,69.29,0.54,265.5,0.47,69.29,0.46,265.5,0.48,54.77,0.49,81.0,0.01,0.01,2327.279175,1776192104000
1776192106.363,106.363,0.52,54.77,0.51,81.0,0.53,69.29,0.54,265.5,0.47,69.29,0.46,265.5,0.48,54.77,0.49,81.0,0.01,0.01,2327.27761,1776192105000
1776192107.027,107.027,0.52,54.77,0.51,81.0,0.53,69.29,0.54,265.5,0.47,69.29,0.46,265.5,0.48,54.77,0.49,81.0,0.01,0.01,2327.29163,1776192106000
1776192108.325,108.325,0.52,57.0,0.51,291.0,0.53,60.56,0.54,80.5,0.47,69.29,0.46,265.5,0.48,54.77,0.49,81.0,0.01,0.01,2327.29163,1776192106000
1776192109.128,109.128,0.52,30.0,0.51,41.0,0.53,210.5,0.54,97.5,0.47,60.56,0.46,80.5,0.48,57.0,0.49,291.0,0.01,0.01,2327.191045,1776192107000
1776192109.478,109.478,0.51,16.0,0.5,104.0,0.53,231.0,0.54,97.5,0.47,210.5,0.46,97.5,0.48,30.0,0.49,41.0,0.02,0.01,2327.1903,1776192108000
1776192110.003,110.003,0.51,24.79,0.5,88.0,0.52,100.5,0.53,221.0,0.47,231.0,0.46,97.5,0.49,16.0,0.5,104.0,0.01,0.02,2327.1903,1776192108000
1776192110.422,110.422,0.51,24.79,0.5,88.0,0.52,100.5,0.53,221.0,0.48,100.5,0.47,221.0,0.49,24.79,0.5,88.0,0.01,0.01,2327.261195,1776192109000
1776192111.51,111.51,0.51,24.79,0.5,88.0,0.52,100.5,0.53,221.0,0.48,100.5,0.47,221.0,0.49,24.79,0.5,88.0,0.01,0.01,2327.253225,1776192110000
1776192112.984,112.984,0.51,77.44,0.5,98.0,0.52,75.0,0.53,46.0,0.48,75.0,0.47,46.0,0.49,77.44,0.5,98.0,0.01,0.01,2327.198694,1776192111000
1776192113.869,113.869,0.51,77.44,0.5,98.0,0.52,75.0,0.53,46.0,0.48,75.0,0.47,46.0,0.49,77.44,0.5,98.0,0.01,0.01,2327.166795,1776192112000
1776192114.363,114.363,0.52,386.5,0.51,141.5,0.57,60.0,0.58,60.0,0.48,75.0,0.47,46.0,0.49,77.44,0.5,98.0,0.05,0.01,2327.166795,1776192112000
1776192114.628,114.628,0.55,94.0,0.54,38.0,0.57,25.51,0.58,65.0,0.43,25.51,0.42,65.0,0.45,94.0,0.46,38.0,0.02,0.02,2327.1738,1776192113000
1776192115.296,115.296,0.55,94.0,0.54,38.0,0.57,25.51,0.58,65.0,0.43,25.51,0.42,65.0,0.45,94.0,0.46,38.0,0.02,0.02,2327.195465,1776192114000
1776192116.234,116.234,0.56,305.0,0.55,142.0,0.57,13.5,0.58,65.0,0.43,20.5,0.42,65.0,0.44,300.0,0.45,128.0,0.01,0.01,2327.195465,1776192114000
1776192116.647,116.647,0.56,305.0,0.55,142.0,0.57,13.5,0.58,65.0,0.43,13.5,0.42,65.0,0.44,305.0,0.45,142.0,0.01,0.01,2327.291762,1776192115000
1776192117.457,117.457,0.56,305.0,0.55,142.0,0.57,13.5,0.58,65.0,0.43,13.5,0.42,65.0,0.44,305.0,0.45,142.0,0.01,0.01,2327.534515,1776192116000
1776192118.33,118.33,0.56,305.0,0.55,142.0,0.57,13.5,0.58,65.0,0.43,13.5,0.42,65.0,0.44,305.0,0.45,142.0,0.01,0.01,2327.54093,1776192117000
1776192119.754,119.754,0.56,85.0,0.55,268.0,0.57,49.39,0.58,70.0,0.43,13.5,0.42,65.0,0.44,305.0,0.45,142.0,0.01,0.01,2327.54093,1776192117000
1776192120.279,120.279,0.56,85.0,0.55,93.0,0.57,78.74,0.58,70.0,0.43,49.39,0.42,70.0,0.44,85.0,0.45,268.0,0.01,0.01,2327.5156,1776192118000
1776192120.704,120.704,0.56,85.0,0.55,93.0,0.57,78.74,0.58,70.0,0.43,78.74,0.42,70.0,0.44,85.0,0.45,93.0,0.01,0.01,2327.545055,1776192119000
1776192121.637,121.637,0.56,85.0,0.55,93.0,0.57,78.74,0.58,70.0,0.43,78.74,0.42,70.0,0.44,85.0,0.45,93.0,0.01,0.01,2327.55379,1776192120000
1776192122.275,122.275,0.58,5.0,0.56,481.5,0.6,5.0,0.62,75.0,0.43,78.74,0.42,70.0,0.44,85.0,0.45,93.0,0.02,0.01,2327.55379,1776192120000
1776192122.754,122.754,0.52,30.0,0.51,50.0,0.57,15.0,0.58,87.0,0.39,4.16,0.38,75.0,0.42,5.0,0.44,476.5,0.05,0.03,2327.551195,1776192121000
1776192123.038,123.038,0.52,10.0,0.51,56.38,0.53,21.39,0.54,10.0,0.47,13.28,0.46,10.0,0.49,56.38,0.5,88.0,0.01,0.02,2327.551195,1776192121000
1776192123.684,123.684,0.51,31.95,0.5,53.5,0.52,125.5,0.53,77.89,0.47,2.39,0.46,10.0,0.5,132.85,0.51,72.0,0.01,0.03,2327.52268,1776192122000
1776192124.419,124.419,0.51,23.88,0.5,53.5,0.52,104.96,0.53,77.89,0.48,109.96,0.47,77.89,0.49,31.95,0.5,53.5,0.01,0.01,2327.52268,1776192122000
1776192124.719,124.719,0.51,23.88,0.5,53.5,0.52,104.96,0.53,77.89,0.48,104.96,0.47,77.89,0.49,23.88,0.5,53.5,0.01,0.01,2327.531367,1776192123000
1776192125.55,125.55,0.51,23.88,0.5,53.5,0.52,104.96,0.53,77.89,0.48,104.96,0.47,77.89,0.49,23.88,0.5,53.5,0.01,0.01,2327.295858,1776192124000
1776192126.339,126.339,0.51,23.88,0.5,53.5,0.52,104.96,0.53,77.89,0.48,104.96,0.47,77.89,0.49,23.88,0.5,53.5,0.01,0.01,2327.199962,1776192125000
1776192127.092,127.092,0.51,23.88,0.5,53.5,0.52,104.96,0.53,77.89,0.48,104.96,0.47,77.89,0.49,23.88,0.5,53.5,0.01,0.01,2327.189942,1776192126000
1776192128.677,128.677,0.51,23.88,0.5,53.5,0.52,104.96,0.53,77.89,0.48,104.96,0.47,77.89,0.49,23.88,0.5,53.5,0.01,0.01,2327.141026,1776192127000
1776192129.27,129.27,0.58,10.0,0.57,35.0,0.63,338.47,0.64,128.0,0.37,59.66,0.36,87.0,0.39,7.43,0.4,10.0,0.05,0.02,2327.141026,1776192127000
1776192129.694,129.694,0.57,19.9,0.54,60.0,0.58,366.5,0.59,133.5,0.41,145.5,0.4,85.5,0.43,34.9,0.44,15.0,0.01,0.02,2327.161173,1776192128000
1776192130.069,130.069,0.55,55.0,0.54,75.5,0.56,93.35,0.57,45.5,0.42,343.5,0.41,133.5,0.45,55.0,0.46,75.5,0.01,0.03,2327.161173,1776192128000
1776192130.636,130.636,0.54,70.5,0.53,65.5,0.55,32.81,0.56,241.56,0.44,236.56,0.43,45.5,0.45,60.0,0.46,65.5,0.01,0.01,2327.133192,1776192129000
1776192131.013,131.013,0.54,351.5,0.53,96.5,0.59,15.5,0.6,29.5,0.45,32.81,0.44,241.56,0.46,70.5,0.47,65.5,0.05,0.01,2327.133192,1776192129000
1776192131.398,131.398,0.58,109.92,0.57,271.5,0.59,65.5,0.6,89.5,0.41,15.5,0.4,29.5,0.46,351.5,0.47,96.5,0.01,0.05,2327.133192,1776192129000
1776192131.615,131.615,0.58,273.92,0.57,81.0,0.59,58.8,0.6,94.5,0.41,65.5,0.4,89.5,0.42,109.92,0.43,271.5,0.01,0.01,2327.133192,1776192129000
1776192131.824,131.824,0.59,125.0,0.58,272.42,0.6,44.5,0.61,89.0,0.41,58.8,0.4,94.5,0.42,273.92,0.43,81.0,0.01,0.01,2327.133192,1776192129000
1776192132.057,132.057,0.59,125.0,0.58,272.42,0.6,44.5,0.61,89.0,0.4,44.5,0.39,89.0,0.41,125.0,0.42,272.42,0.01,0.01,2327.471166,1776192130000
1776192132.613,132.613,0.59,145.0,0.58,272.42,0.6,23.78,0.61,84.0,0.4,44.5,0.39,89.0,0.41,125.0,0.42,272.42,0.01,0.01,2327.471166,1776192130000
1776192133.16,133.16,0.59,110.73,0.58,272.42,0.6,33.78,0.61,84.0,0.4,33.78,0.39,84.0,0.41,110.73,0.42,272.42,0.01,0.01,2327.51498,1776192132000
1776192133.409,133.409,0.59,20.0,0.58,50.0,0.6,303.94,0.61,89.0,0.4,33.78,0.39,84.0,0.41,110.73,0.42,272.42,0.01,0.01,2327.51498,1776192132000
1776192134.226,134.226,0.58,65.0,0.57,85.5,0.6,87.1,0.61,89.0,0.4,87.1,0.39,89.0,0.42,65.0,0.43,85.5,0.02,0.02,2327.700199,1776192133000
1776192134.954,134.954,0.58,17.0,0.57,55.0,0.6,260.1,0.61,89.0,0.4,87.1,0.39,89.0,0.42,65.0,0.43,85.5,0.02,0.02,2327.700199,1776192133000
1776192135.222,135.222,0.57,50.34,0.56,65.5,0.58,15.0,0.59,40.5,0.4,260.1,0.39,89.0,0.42,17.0,0.43,55.0,0.01,0.02,2327.700199,1776192133000
1776192135.951,135.951,0.57,10.0,0.54,5.0,0.58,120.5,0.59,106.5,0.42,15.0,0.41,40.5,0.43,50.34,0.44,65.5,0.01,0.01,2327.704041,1776192134000
1776192136.179,136.179,0.54,27.68,0.53,60.5,0.55,30.5,0.56,25.0,0.45,10.0,0.44,10.0,0.46,47.82,0.47,65.5,0.01,0.01,2327.704041,1776192134000
1776192137.01,137.01,0.49,10.0,0.48,55.0,0.54,335.5,0.55,146.5,0.45,30.5,0.44,25.0,0.46,27.68,0.47,60.5,0.05,0.01,2327.627165,1776192135000
1776192137.292,137.292,0.48,39.96,0.47,78.0,0.54,335.5,0.55,146.5,0.46,335.5,0.45,146.5,0.52,39.96,0.53,78.0,0.06,0.06,2327.596083,1776192136000
1776192138.33,138.33,0.48,39.96,0.47,78.0,0.54,335.5,0.55,146.5,0.46,335.5,0.45,146.5,0.52,39.96,0.53,78.0,0.06,0.06,2327.436594,1776192137000
1776192138.534,138.534,0.47,79.5,0.46,55.0,0.48,10.0,0.49,20.0,0.46,335.5,0.45,146.5,0.52,39.96,0.53,78.0,0.01,0.06,2327.436594,1776192137000
1776192138.838,138.838,0.47,79.5,0.46,55.0,0.48,10.0,0.49,20.0,0.52,10.0,0.51,20.0,0.53,79.5,0.54,55.0,0.01,0.01,2327.254485,1776192138000
1776192139.089,139.089,0.47,9.0,0.42,5.0,0.48,385.41,0.49,80.5,0.52,10.0,0.51,20.0,0.53,79.5,0.54,55.0,0.01,0.01,2327.254485,1776192138000
1776192139.566,139.566,0.4,65.4,0.39,55.0,0.41,15.0,0.42,70.0,0.59,15.0,0.58,70.0,0.6,60.4,0.61,55.0,0.01,0.01,2327.254485,1776192138000
1776192139.845,139.845,0.38,63.61,0.37,55.0,0.41,215.0,0.42,75.0,0.59,15.0,0.58,70.0,0.6,65.4,0.61,55.0,0.03,0.01,2327.254485,1776192138000
1776192140.181,140.181,0.38,79.11,0.37,79.0,0.39,10.0,0.4,65.0,0.59,215.0,0.58,75.0,0.62,63.61,0.63,55.0,0.01,0.03,2327.019476,1776192139000
1776192140.461,140.461,0.38,75.26,0.37,90.0,0.39,15.0,0.4,65.0,0.61,10.0,0.6,65.0,0.62,77.26,0.63,79.0,0.01,0.01,2327.019476,1776192139000
1776192140.93,140.93,0.38,70.26,0.37,90.0,0.39,5.0,0.4,65.0,0.61,5.0,0.6,65.0,0.62,70.26,0.63,90.0,0.01,0.01,2326.65063,1776192140000
1776192141.436,141.436,0.38,0.65,0.37,76.0,0.39,105.0,0.4,65.0,0.61,5.0,0.6,65.0,0.62,70.26,0.63,90.0,0.01,0.01,2326.65063,1776192140000
1776192141.976,141.976,0.38,0.65,0.37,76.0,0.39,105.0,0.4,65.0,0.61,105.0,0.6,65.0,0.62,0.65,0.63,76.0,0.01,0.01,2326.490417,1776192141000
1776192142.214,142.214,0.38,21.15,0.37,89.0,0.39,282.1,0.4,80.0,0.61,105.0,0.6,65.0,0.62,0.65,0.63,76.0,0.01,0.01,2326.490417,1776192141000
1776192142.891,142.891,0.38,19.32,0.37,89.0,0.39,262.1,0.4,75.0,0.61,262.1,0.6,75.0,0.62,19.32,0.63,89.0,0.01,0.01,2326.424333,1776192142000
1776192143.422,143.422,0.38,11.32,0.37,154.81,0.39,267.1,0.4,75.0,0.61,262.1,0.6,75.0,0.62,19.32,0.63,89.0,0.01,0.01,2326.424333,1776192142000
1776192143.925,143.925,0.37,153.15,0.36,140.0,0.39,272.1,0.4,80.0,0.61,272.1,0.6,80.0,0.63,153.15,0.64,140.0,0.02,0.02,2326.42381,1776192143000
1776192144.587,144.587,0.38,0.19,0.37,166.79,0.39,277.1,0.4,80.0,0.61,277.1,0.6,80.0,0.63,166.79,0.64,140.0,0.01,0.02,2326.42381,1776192143000
1776192145.304,145.304,0.38,141.19,0.37,271.98,0.4,5.0,0.41,55.0,0.61,277.1,0.6,80.0,0.62,0.19,0.63,166.79,0.02,0.01,2326.42381,1776192143000
1776192145.72,145.72,0.39,102.66,0.38,109.19,0.41,60.0,0.42,250.0,0.59,105.0,0.58,65.0,0.6,11.16,0.61,56.5,0.02,0.01,2326.391707,1776192144000
1776192146.009,146.009,0.39,117.66,0.38,109.19,0.4,2.5,0.41,70.0,0.6,2.5,0.59,70.0,0.61,117.66,0.62,109.19,0.01,0.01,2326.386557,1776192145000
1776192146.306,146.306,0.39,97.08,0.38,109.19,0.41,125.0,0.42,260.5,0.59,70.0,0.58,250.0,0.61,109.36,0.62,109.19,0.02,0.02,2326.386557,1776192145000
1776192147.052,147.052,0.39,71.0,0.38,108.69,0.4,220.0,0.41,60.0,0.59,125.0,0.58,260.5,0.61,97.08,0.62,109.19,0.01,0.02,2326.386557,1776192145000
1776192147.297,147.297,0.39,21.0,0.38,108.69,0.4,259.0,0.41,60.0,0.6,220.0,0.59,60.0,0.61,71.0,0.62,108.69,0.01,0.01,2326.37533,1776192146000
1776192147.91,147.91,0.38,108.69,0.37,93.48,0.4,264.0,0.41,70.5,0.6,259.0,0.59,60.0,0.61,21.0,0.62,108.69,0.02,0.01,2326.37533,1776192146000
1776192148.32,148.32,0.38,108.69,0.37,93.48,0.4,264.0,0.41,70.5,0.6,264.0,0.59,70.5,0.62,108.69,0.63,93.48,0.02,0.02,2326.41865,1776192147000
1776192148.878,148.878,0.38,11.13,0.37,93.48,0.39,125.0,0.4,69.0,0.61,125.0,0.6,69.0,0.62,11.13,0.63,93.48,0.01,0.01,2326.41865,1776192148000
1776192149.944,149.944,0.38,21.13,0.37,102.48,0.39,327.56,0.4,69.0,0.61,327.56,0.6,69.0,0.62,21.13,0.63,102.48,0.01,0.01,2326.367471,1776192149000
1776192150.574,150.574,0.36,75.5,0.35,156.0,0.39,337.56,0.4,79.5,0.61,327.56,0.6,69.0,0.62,21.13,0.63,102.48,0.03,0.01,2326.367471,1776192149000
1776192150.923,150.923,0.36,80.5,0.35,165.0,0.37,10.44,0.38,80.0,0.61,337.56,0.6,79.5,0.64,75.5,0.65,156.0,0.01,0.03,2326.367471,1776192149000
1776192151.182,151.182,0.36,51.19,0.35,165.0,0.37,15.0,0.38,85.0,0.63,15.0,0.62,85.0,0.64,52.76,0.65,165.0,0.01,0.01,2326.324152,1776192150000
1776192152.254,152.254,0.36,78.34,0.35,155.0,0.37,15.0,0.38,85.0,0.63,15.0,0.62,85.0,0.64,78.34,0.65,155.0,0.01,0.01,2326.290274,1776192151000
1776192153.167,153.167,0.36,65.8,0.35,161.5,0.37,222.29,0.38,75.0,0.63,225.0,0.62,70.0,0.64,65.8,0.65,175.5,0.01,0.01,2326.290274,1776192151000
1776192153.444,153.444,0.36,65.8,0.35,161.5,0.37,222.29,0.38,75.0,0.63,222.29,0.62,75.0,0.64,65.8,0.65,161.5,0.01,0.01,2326.253494,1776192152000
1776192153.665,153.665,0.36,13.43,0.35,66.0,0.37,232.79,0.38,85.5,0.63,222.29,0.62,75.0,0.64,65.8,0.65,161.5,0.01,0.01,2326.253494,1776192152000
1776192153.903,153.903,0.3,4.44,0.29,75.5,0.31,10.0,0.32,245.0,0.63,257.79,0.62,85.5,0.64,6.86,0.66,61.0,0.01,0.01,2326.253494,1776192152000
1776192154.804,154.804,0.29,70.81,0.28,94.0,0.3,55.0,0.31,210.0,0.69,10.0,0.68,245.0,0.7,4.44,0.71,75.5,0.01,0.01,2326.215802,1776192153000
1776192155.193,155.193,0.29,70.81,0.28,94.0,0.3,55.0,0.31,210.0,0.7,55.0,0.69,210.0,0.71,70.81,0.72,94.0,0.01,0.01,2326.229249,1776192154000
1776192155.572,155.572,0.28,94.5,0.27,65.0,0.3,55.0,0.31,210.0,0.7,55.0,0.69,210.0,0.71,51.08,0.72,94.5,0.02,0.01,2326.229249,1776192154000
1776192156.471,156.471,0.28,17.0,0.27,92.5,0.3,55.0,0.31,90.5,0.7,55.0,0.69,210.0,0.72,94.5,0.73,65.0,0.02,0.02,2326.229249,1776192154000
1776192156.788,156.788,0.28,17.0,0.27,92.5,0.3,55.0,0.31,90.5,0.7,55.0,0.69,90.5,0.72,17.0,0.73,92.5,0.02,0.02,2325.966801,1776192155000
1776192157.443,157.443,0.28,17.0,0.27,92.5,0.3,55.0,0.31,90.5,0.7,55.0,0.69,90.5,0.72,17.0,0.73,92.5,0.02,0.02,2325.821225,1776192156000
1776192157.862,157.862,0.25,78.51,0.24,84.0,0.28,5.0,0.29,100.5,0.7,55.0,0.69,90.5,0.72,17.0,0.73,92.5,0.03,0.02,2325.821225,1776192156000
1776192158.285,158.285,0.25,58.75,0.24,84.0,0.28,5.0,0.29,110.5,0.72,5.0,0.71,110.5,0.75,58.75,0.76,84.0,0.03,0.03,2325.821225,1776192157000
1776192158.623,158.623,0.22,3.0,0.21,15.0,0.25,10.0,0.26,75.0,0.72,5.0,0.71,110.5,0.75,58.75,0.76,84.0,0.03,0.03,2325.821225,1776192157000
1776192158.875,158.875,0.19,21.0,0.18,69.0,0.2,10.0,0.21,10.0,0.76,10.0,0.75,10.0,0.78,0.79,0.81,96.0,0.01,0.02,2325.821225,1776192157000
1776192159.173,159.173,0.18,230.06,0.17,146.0,0.19,80.0,0.2,15.0,0.8,10.0,0.79,10.0,0.81,21.0,0.82,69.0,0.01,0.01,2325.821225,1776192157000
1776192159.442,159.442,0.18,230.06,0.17,146.0,0.19,80.0,0.2,15.0,0.81,80.0,0.8,15.0,0.82,230.06,0.83,146.0,0.01,0.01,2325.731076,1776192158000
1776192159.939,159.939,0.17,75.02,0.16,170.0,0.18,15.5,0.19,78.0,0.82,20.0,0.81,60.0,0.83,63.02,0.84,170.0,0.01,0.01,2325.731076,1776192158000
1776192160.197,160.197,0.17,75.02,0.16,170.0,0.18,15.5,0.19,78.0,0.82,15.5,0.81,78.0,0.83,75.02,0.84,170.0,0.01,0.01,2325.454144,1776192159000
1776192160.918,160.918,0.15,93.61,0.14,73.0,0.16,10.0,0.17,63.0,0.82,254.5,0.81,78.0,0.84,170.0,0.85,117.2,0.01,0.02,2325.454144,1776192159000
1776192161.223,161.223,0.15,90.61,0.14,73.0,0.16,10.0,0.17,73.0,0.84,10.0,0.83,73.0,0.85,90.61,0.86,73.0,0.01,0.01,2324.990765,1776192160000
1776192161.505,161.505,0.16,35.0,0.15,177.61,0.17,10.0,0.18,25.5,0.84,10.0,0.83,73.0,0.85,90.61,0.86,73.0,0.01,0.01,2324.990765,1776192160000
1776192161.992,161.992,0.16,30.36,0.15,124.61,0.17,196.94,0.18,47.5,0.83,9.11,0.82,41.5,0.84,25.36,0.85,188.61,0.01,0.01,2324.990765,1776192160000
1776192162.471,162.471,0.16,58.32,0.15,351.61,0.17,20.0,0.18,10.5,0.83,211.94,0.82,47.5,0.84,48.32,0.85,118.61,0.01,0.01,2324.990765,1776192160000
1776192162.761,162.761,0.16,86.41,0.15,262.11,0.17,15.0,0.18,10.5,0.83,20.0,0.82,10.5,0.84,58.32,0.85,351.61,0.01,0.01,2324.990765,1776192160000
1776192162.993,162.993,0.16,71.41,0.15,269.11,0.17,22.0,0.18,20.5,0.83,22.0,0.82,20.5,0.84,71.41,0.85,269.11,0.01,0.01,2324.75813,1776192162000
1776192163.371,163.371,0.17,108.23,0.16,42.0,0.18,24.05,0.19,5.0,0.82,19.05,0.81,10.0,0.84,66.41,0.85,262.11,0.01,0.02,2324.75813,1776192162000
1776192163.762,163.762,0.17,228.0,0.16,117.5,0.2,9.55,0.23,180.0,0.82,2.05,0.8,10.0,0.83,113.0,0.84,63.0,0.03,0.01,2324.75813,1776192162000
1776192164.328,164.328,0.29,40.0,0.28,21.0,0.3,54.9,0.32,83.0,0.8,9.55,0.77,180.0,0.83,228.0,0.84,117.5,0.01,0.03,2324.75813,1776192162000
1776192164.8,164.8,0.29,494.93,0.28,80.0,0.3,3.5,0.32,16.5,0.7,54.9,0.68,83.0,0.71,40.0,0.72,21.0,0.01,0.01,2324.75813,1776192162000
1776192165.073,165.073,0.34,79.0,0.33,29.0,0.36,68.54,0.37,75.4,0.65,2.94,0.64,65.6,0.71,494.93,0.72,80.0,0.02,0.06,2324.851961,1776192163000
1776192165.58,165.58,0.35,49.46,0.34,10.0,0.36,58.54,0.37,75.4,0.64,58.54,0.63,75.4,0.65,49.46,0.66,10.0,0.01,0.01,2325.024858,1776192164000
1776192165.984,165.984,0.35,63.46,0.34,39.0,0.36,64.98,0.37,65.0,0.64,58.54,0.63,75.4,0.65,49.46,0.66,10.0,0.01,0.01,2325.024858,1776192164000
1776192166.289,166.289,0.35,63.46,0.34,39.0,0.36,64.98,0.37,65.0,0.64,64.98,0.63,65.0,0.65,63.46,0.66,39.0,0.01,0.01,2325.48924,1776192165000
1776192166.513,166.513,0.35,340.46,0.34,51.0,0.36,1.91,0.4,56.0,0.64,64.98,0.63,65.0,0.65,63.46,0.66,39.0,0.01,0.01,2325.48924,1776192165000
1776192166.996,166.996,0.35,58.0,0.34,43.0,0.37,10.0,0.38,15.0,0.64,1.91,0.6,56.0,0.65,340.46,0.66,51.0,0.02,0.01,2325.48924,1776192165000
1776192167.619,167.619,0.35,58.0,0.34,43.0,0.37,10.0,0.38,15.0,0.63,10.0,0.62,15.0,0.65,58.0,0.66,43.0,0.02,0.02,2326.10818,1776192166000
1776192167.855,167.855,0.35,64.0,0.34,43.0,0.36,19.0,0.37,10.0,0.63,10.0,0.62,15.0,0.65,58.0,0.66,43.0,0.01,0.02,2326.10818,1776192166000
1776192168.428,168.428,0.35,64.0,0.34,43.0,0.36,19.0,0.37,10.0,0.64,19.0,0.63,10.0,0.65,64.0,0.66,43.0,0.01,0.01,2326.234839,1776192167000
1776192169.163,169.163,0.35,64.0,0.34,43.0,0.36,19.0,0.37,10.0,0.64,19.0,0.63,10.0,0.65,64.0,0.66,43.0,0.01,0.01,2326.285973,1776192168000
1776192170.555,170.555,0.35,128.0,0.34,22.0,0.36,39.0,0.37,15.0,0.64,39.0,0.63,15.0,0.65,128.0,0.66,22.0,0.01,0.01,2326.2685,1776192169000
1776192171.255,171.255,0.35,105.31,0.34,22.0,0.36,44.0,0.37,15.0,0.64,44.0,0.63,15.0,0.65,105.31,0.66,22.0,0.01,0.01,2326.310335,1776192170000
1776192172.678,172.678,0.35,105.31,0.34,22.0,0.36,44.0,0.37,15.0,0.64,44.0,0.63,15.0,0.65,105.31,0.66,22.0,0.01,0.01,2326.34335,1776192171000
1776192173.318,173.318,0.35,105.31,0.34,22.0,0.36,44.0,0.37,15.0,0.64,44.0,0.63,15.0,0.65,105.31,0.66,22.0,0.01,0.01,2326.34335,1776192172000
1776192174.02,174.02,0.35,105.31,0.34,22.0,0.36,44.0,0.37,15.0,0.64,44.0,0.63,15.0,0.65,105.31,0.66,22.0,0.01,0.01,2326.343305,1776192173000
1776192174.893,174.893,0.34,107.0,0.33,35.5,0.36,11.72,0.37,20.5,0.64,44.0,0.63,15.0,0.65,105.31,0.66,22.0,0.02,0.01,2326.343305,1776192173000
1776192175.352,175.352,0.34,107.0,0.33,35.5,0.36,11.72,0.37,20.5,0.64,11.72,0.63,20.5,0.66,107.0,0.67,35.5,0.02,0.02,2326.3285,1776192174000
1776192175.559,175.559,0.31,5.26,0.27,20.0,0.32,15.0,0.33,10.0,0.64,11.72,0.63,20.5,0.66,107.0,0.67,35.5,0.01,0.02,2326.3285,1776192174000
1776192176.015,176.015,0.27,16.32,0.26,5.32,0.28,62.82,0.29,20.0,0.68,71.0,0.67,45.0,0.73,16.32,0.74,16.0,0.01,0.05,2326.3285,1776192174000
1776192177.069,177.069,0.27,21.0,0.26,29.2,0.34,36.5,0.35,125.5,0.72,62.82,0.71,20.0,0.73,16.32,0.74,5.32,0.07,0.01,2326.3232,1776192175000
1776192177.321,177.321,0.32,41.0,0.31,17.5,0.33,10.0,0.34,31.5,0.67,10.0,0.66,26.5,0.68,10.0,0.69,20.5,0.01,0.01,2326.3232,1776192175000
1776192178.232,178.232,0.32,41.0,0.31,17.5,0.33,10.0,0.34,31.5,0.67,10.0,0.66,31.5,0.68,41.0,0.69,17.5,0.01,0.01,2326.014047,1776192177000
1776192178.61,178.61,0.32,61.52,0.31,22.5,0.34,33.83,0.35,110.5,0.66,33.83,0.65,110.5,0.68,41.0,0.69,22.5,0.02,0.02,2326.014047,1776192177000
1776192179.356,179.356,0.33,29.5,0.32,40.52,0.34,3.0,0.35,5.0,0.66,33.83,0.65,110.5,0.68,61.52,0.69,22.5,0.01,0.02,2326.014047,1776192177000
1776192179.664,179.664,0.33,28.0,0.32,51.02,0.34,3.0,0.35,5.0,0.66,3.0,0.65,5.0,0.67,29.5,0.68,40.52,0.01,0.01,2326.014047,1776192177000
1776192179.875,179.875,0.33,28.0,0.32,51.02,0.35,5.0,0.36,20.5,0.66,3.0,0.65,5.0,0.67,28.0,0.68,51.02,0.02,0.01,2326.041154,1776192178000
1776192180.289,180.289,0.33,28.0,0.32,51.02,0.35,5.0,0.36,20.5,0.65,5.0,0.64,20.5,0.67,28.0,0.68,51.02,0.02,0.02,2326.0724,1776192179000
1776192181.273,181.273,0.34,243.5,0.33,31.0,0.4,39.15,0.41,50.0,0.65,5.0,0.64,20.5,0.67,28.0,0.68,51.02,0.06,0.02,2326.0724,1776192179000
1776192181.501,181.501,0.36,8.43,0.34,260.5,0.41,50.0,0.42,69.8,0.6,39.15,0.59,50.0,0.66,243.5,0.67,31.0,0.05,0.06,2326.151543,1776192180000
1776192181.87,181.87,0.4,4.71,0.39,44.0,0.41,60.5,0.42,74.8,0.59,50.5,0.58,69.8,0.63,24.96,0.64,7.0,0.01,0.04,2326.151543,1776192180000
1776192182.226,182.226,0.4,51.37,0.39,44.0,0.41,60.5,0.42,74.8,0.59,60.5,0.58,74.8,0.6,4.71,0.61,44.0,0.01,0.01,2326.151543,1776192180000
1776192182.426,182.426,0.4,51.37,0.39,44.0,0.41,60.5,0.42,74.8,0.59,60.5,0.58,74.8,0.6,51.37,0.61,44.0,0.01,0.01,2326.280146,1776192181000
1776192182.649,182.649,0.41,57.0,0.4,9.71,0.42,85.3,0.43,133.0,0.59,60.5,0.58,74.8,0.6,51.37,0.61,44.0,0.01,0.01,2326.280146,1776192181000
1776192183.051,183.051,0.41,57.0,0.4,9.71,0.42,85.3,0.43,133.0,0.58,85.3,0.57,133.0,0.59,57.0,0.6,9.71,0.01,0.01,2326.369445,1776192182000
1776192184.168,184.168,0.41,70.0,0.4,42.71,0.42,79.3,0.43,148.0,0.58,79.3,0.57,148.0,0.59,70.0,0.6,42.71,0.01,0.01,2326.522795,1776192183000
1776192184.637,184.637,0.41,16.91,0.4,4.71,0.42,104.3,0.43,148.0,0.58,79.3,0.57,148.0,0.59,70.0,0.6,42.71,0.01,0.01,2326.522795,1776192183000
1776192184.986,184.986,0.41,10.08,0.4,4.71,0.42,89.3,0.43,140.0,0.58,104.3,0.57,148.0,0.59,16.91,0.6,4.71,0.01,0.01,2326.522795,1776192183000
1776192186.011,186.011,0.41,4.82,0.39,34.0,0.42,89.3,0.43,140.0,0.58,89.3,0.57,140.0,0.59,10.08,0.6,4.71,0.01,0.01,2326.612131,1776192184000
1776192186.314,186.314,0.41,4.82,0.39,34.0,0.42,89.3,0.43,140.0,0.58,89.3,0.57,140.0,0.59,4.82,0.61,34.0,0.01,0.01,2326.55526,1776192185000
1776192187.373,187.373,0.41,4.82,0.39,22.0,0.42,86.91,0.43,150.0,0.58,89.3,0.57,140.0,0.59,4.82,0.61,34.0,0.01,0.01,2326.55526,1776192185000
1776192187.974,187.974,0.41,4.82,0.39,22.0,0.42,86.91,0.43,150.0,0.58,86.91,0.57,150.0,0.59,4.82,0.61,22.0,0.01,0.01,2326.501905,1776192187000
1776192188.337,188.337,0.39,19.93,0.38,42.5,0.42,101.91,0.43,150.0,0.58,86.91,0.57,150.0,0.59,4.82,0.61,22.0,0.03,0.01,2326.501905,1776192187000
1776192189.002,189.002,0.39,19.93,0.38,42.5,0.42,101.91,0.43,150.0,0.58,101.91,0.57,150.0,0.61,19.93,0.62,42.5,0.03,0.03,2326.5332,1776192188000
1776192190.05,190.05,0.41,146.5,0.4,73.5,0.44,4.4,0.45,85.5,0.58,86.3,0.57,145.0,0.61,120.43,0.62,42.5,0.03,0.03,2326.5332,1776192188000
1776192191.29,191.29,0.41,146.5,0.4,73.5,0.44,4.4,0.45,85.5,0.56,4.4,0.55,85.5,0.59,146.5,0.6,73.5,0.03,0.03,2326.56508,1776192190000
1776192191.519,191.519,0.43,4.0,0.42,26.0,0.44,39.9,0.45,85.5,0.56,39.9,0.55,85.5,0.57,9.0,0.58,26.0,0.01,0.01,2326.56508,1776192190000
1776192192.369,192.369,0.43,6.99,0.42,31.0,0.44,19.4,0.45,145.0,0.56,19.4,0.55,145.0,0.57,6.99,0.58,31.0,0.01,0.01,2326.730365,1776192191000
1776192192.709,192.709,0.43,22.49,0.42,105.5,0.45,139.4,0.46,70.5,0.56,19.4,0.55,145.0,0.57,6.99,0.58,31.0,0.02,0.01,2326.730365,1776192191000
1776192193.022,193.022,0.43,22.49,0.42,105.5,0.45,139.4,0.46,70.5,0.55,139.4,0.54,70.5,0.57,22.49,0.58,105.5,0.02,0.02,2326.744665,1776192192000
1776192193.454,193.454,0.44,21.0,0.43,17.49,0.45,147.17,0.46,75.5,0.55,139.4,0.54,70.5,0.57,22.49,0.58,105.5,0.01,0.02,2326.744665,1776192192000
1776192194.772,194.772,0.46,10.0,0.45,10.0,0.47,8.75,0.48,20.4,0.55,147.17,0.54,75.5,0.56,21.0,0.57,17.49,0.01,0.01,2326.744665,1776192192000
1776192195.003,195.003,0.47,187.0,0.46,20.0,0.5,1.73,0.51,26.94,0.52,3.89,0.5,5.0,0.53,192.63,0.54,20.0,0.03,0.01,2326.79224,1776192193000
1776192195.406,195.406,0.49,16.5,0.48,47.0,0.51,40.6,0.52,65.0,0.49,40.1,0.48,70.0,0.5,15.0,0.51,36.0,0.02,0.01,2326.79224,1776192193000
1776192195.617,195.617,0.49,38.16,0.48,52.0,0.5,10.0,0.51,5.0,0.5,10.0,0.49,5.0,0.51,38.16,0.52,52.0,0.01,0.01,2326.81119,1776192194000
1776192195.865,195.865,0.49,55.16,0.48,42.0,0.5,8.0,0.51,5.0,0.5,10.0,0.49,5.0,0.51,38.16,0.52,52.0,0.01,0.01,2326.81119,1776192194000
1776192196.29,196.29,0.49,55.16,0.48,42.0,0.5,8.0,0.51,5.0,0.5,8.0,0.49,5.0,0.51,55.16,0.52,42.0,0.01,0.01,2326.81119,1776192195000
1776192196.829,196.829,0.49,58.0,0.48,42.0,0.5,8.0,0.51,5.0,0.5,8.0,0.49,5.0,0.51,55.16,0.52,42.0,0.01,0.01,2326.81119,1776192195000
1776192197.065,197.065,0.49,88.0,0.48,42.0,0.5,13.0,0.51,5.0,0.5,6.0,0.49,5.0,0.51,58.0,0.52,42.0,0.01,0.01,2326.81119,1776192195000
1776192197.287,197.287,0.49,88.0,0.48,42.0,0.5,13.0,0.51,5.0,0.5,13.0,0.49,5.0,0.51,58.0,0.52,42.0,0.01,0.01,2327.092309,1776192196000
1776192197.641,197.641,0.49,53.0,0.48,42.0,0.5,11.0,0.51,5.0,0.5,13.0,0.49,5.0,0.51,53.0,0.52,42.0,0.01,0.01,2327.092309,1776192196000
1776192197.854,197.854,0.49,124.0,0.48,42.0,0.5,16.96,0.51,5.0,0.5,19.0,0.49,5.0,0.51,53.0,0.52,42.0,0.01,0.01,2327.092309,1776192196000
1776192198.372,198.372,0.5,40.0,0.49,10.0,0.51,11.06,0.52,3.03,0.49,11.06,0.48,3.03,0.5,40.0,0.51,10.0,0.01,0.01,2327.155443,1776192197000
1776192199.152,199.152,0.5,58.0,0.49,20.5,0.51,0.06,0.52,13.53,0.49,11.06,0.48,3.03,0.5,40.0,0.51,10.0,0.01,0.01,2327.155443,1776192197000
1776192199.739,199.739,0.5,58.0,0.49,20.5,0.51,0.06,0.52,13.53,0.49,0.06,0.48,13.53,0.5,58.0,0.51,20.5,0.01,0.01,2327.15987,1776192198000
1776192200.212,200.212,0.5,191.2,0.49,37.5,0.54,60.0,0.55,130.0,0.46,60.0,0.45,130.0,0.5,191.2,0.51,37.5,0.04,0.04,2327.160705,1776192199000
1776192200.552,200.552,0.55,15.0,0.54,20.0,0.56,113.47,0.57,57.0,0.44,110.26,0.43,62.0,0.45,15.0,0.46,15.0,0.01,0.01,2327.160705,1776192199000
1776192201.329,201.329,0.55,15.0,0.54,20.0,0.56,108.47,0.57,57.0,0.44,108.47,0.43,57.0,0.45,15.0,0.46,20.0,0.01,0.01,2327.16757,1776192200000
1776192201.794,201.794,0.55,20.0,0.54,65.0,0.56,71.42,0.57,77.5,0.44,108.47,0.43,57.0,0.45,15.0,0.46,20.0,0.01,0.01,2327.16757,1776192200000
1776192202.796,202.796,0.55,15.0,0.54,15.0,0.56,105.93,0.57,77.5,0.44,71.42,0.43,77.5,0.45,20.0,0.46,65.0,0.01,0.01,2327.201772,1776192201000
1776192203.065,203.065,0.55,15.0,0.54,15.0,0.56,105.93,0.57,77.5,0.44,105.93,0.43,77.5,0.45,15.0,0.46,15.0,0.01,0.01,2327.307291,1776192202000
1776192203.788,203.788,0.6,20.0,0.59,25.0,0.61,41.49,0.62,10.0,0.44,105.93,0.43,77.5,0.45,15.0,0.46,15.0,0.01,0.01,2327.307291,1776192202000
1776192204.069,204.069,0.6,5.0,0.59,25.0,0.61,0.44,0.62,20.5,0.39,61.43,0.38,20.5,0.4,18.0,0.41,25.0,0.01,0.01,2327.307291,1776192202000
1776192204.287,204.287,0.6,5.0,0.59,25.0,0.61,0.44,0.62,20.5,0.39,0.44,0.38,20.5,0.4,5.0,0.41,25.0,0.01,0.01,2327.35325,1776192203000
1776192204.626,204.626,0.62,25.0,0.61,90.0,0.64,23.5,0.65,50.0,0.38,8.92,0.37,49.47,0.4,15.0,0.41,25.0,0.02,0.02,2327.35325,1776192203000
1776192205.046,205.046,0.62,25.0,0.61,90.0,0.64,23.5,0.65,50.0,0.36,23.5,0.35,50.0,0.38,25.0,0.39,90.0,0.02,0.02,2327.36929,1776192204000
1776192205.473,205.473,0.63,15.0,0.62,15.0,0.64,74.81,0.65,65.5,0.36,59.5,0.35,55.0,0.37,20.0,0.38,15.0,0.01,0.01,2327.36929,1776192204000
1776192206.202,206.202,0.63,15.0,0.62,15.0,0.64,74.81,0.65,65.5,0.36,74.81,0.35,65.5,0.37,15.0,0.38,15.0,0.01,0.01,2327.63434,1776192205000
1776192207.457,207.457,0.63,15.0,0.62,15.0,0.64,74.81,0.65,65.5,0.36,74.81,0.35,65.5,0.37,15.0,0.38,15.0,0.01,0.01,2327.744599,1776192206000
1776192208.006,208.006,0.63,15.0,0.62,15.0,0.64,74.81,0.65,65.5,0.36,74.81,0.35,65.5,0.37,15.0,0.38,15.0,0.01,0.01,2327.71664,1776192207000
1776192208.428,208.428,0.66,106.0,0.65,118.5,0.67,22.65,0.68,5.0,0.34,71.24,0.33,75.0,0.36,20.0,0.37,81.5,0.01,0.02,2327.71664,1776192207000
1776192208.841,208.841,0.68,11.87,0.67,15.0,0.69,18.0,0.7,20.5,0.31,13.0,0.3,65.5,0.33,20.0,0.34,96.0,0.01,0.02,2327.71664,1776192207000
1776192209.107,209.107,0.68,11.87,0.67,15.0,0.69,18.0,0.7,20.5,0.31,18.0,0.3,20.5,0.32,11.87,0.33,15.0,0.01,0.01,2327.72608,1776192208000
1776192209.334,209.334,0.69,10.0,0.68,16.87,0.7,17.14,0.71,95.5,0.3,70.5,0.29,85.0,0.32,11.87,0.33,15.0,0.01,0.02,2327.72608,1776192208000
1776192209.703,209.703,0.69,20.0,0.68,21.87,0.71,108.03,0.72,55.0,0.3,2.58,0.29,100.5,0.31,20.0,0.32,11.87,0.02,0.01,2327.72608,1776192208000
1776192209.928,209.928,0.69,52.0,0.68,16.87,0.7,60.42,0.71,55.0,0.29,108.03,0.28,55.0,0.31,20.0,0.32,21.87,0.01,0.02,2327.72608,1776192208000
1776192210.191,210.191,0.69,52.0,0.68,16.87,0.7,47.42,0.71,55.0,0.3,47.42,0.29,55.0,0.31,52.0,0.32,16.87,0.01,0.01,2327.810404,1776192209000
1776192210.401,210.401,0.68,11.87,0.67,35.0,0.69,5.0,0.7,42.42,0.3,172.42,0.29,55.0,0.32,16.87,0.33,30.0,0.01,0.02,2327.810404,1776192209000
1776192210.858,210.858,0.68,3.74,0.67,35.0,0.69,60.0,0.7,42.42,0.31,5.0,0.3,42.42,0.32,11.87,0.33,35.0,0.01,0.01,2327.810404,1776192209000
1776192211.201,211.201,0.7,65.0,0.69,75.5,0.71,7.92,0.72,5.0,0.31,60.0,0.3,42.42,0.32,3.74,0.33,35.0,0.01,0.01,2327.810404,1776192209000
1776192211.434,211.434,0.73,15.0,0.72,53.0,0.74,47.73,0.75,75.5,0.28,2.95,0.27,55.0,0.3,80.0,0.31,80.5,0.01,0.02,2327.810404,1776192209000
1776192211.931,211.931,0.73,15.0,0.72,53.0,0.74,47.73,0.75,75.5,0.26,47.73,0.25,75.5,0.27,15.0,0.28,53.0,0.01,0.01,2327.938858,1776192211000
1776192213.075,213.075,0.74,53.0,0.73,106.0,0.75,14.5,0.76,35.0,0.25,16.3,0.24,135.0,0.27,43.0,0.28,37.0,0.01,0.02,2327.938858,1776192211000
1776192213.95,213.95,0.74,113.0,0.73,88.0,0.77,30.0,0.78,65.5,0.25,14.5,0.24,35.0,0.26,53.0,0.27,106.0,0.03,0.01,2327.989163,1776192212000
1776192214.298,214.298,0.76,20.0,0.75,15.0,0.77,65.62,0.78,80.0,0.23,22.73,0.22,65.5,0.26,113.0,0.27,88.0,0.01,0.03,2327.989163,1776192212000
1776192214.629,214.629,0.75,13.99,0.74,20.0,0.77,65.62,0.78,80.0,0.23,65.62,0.22,80.0,0.24,20.0,0.25,15.0,0.02,0.01,2328.093806,1776192213000
1776192215.107,215.107,0.76,10.0,0.75,13.99,0.77,71.38,0.78,85.0,0.23,65.62,0.22,80.0,0.25,13.99,0.26,20.0,0.01,0.02,2328.093806,1776192213000
1776192215.559,215.559,0.7,22.0,0.69,10.0,0.75,183.5,0.76,65.0,0.23,71.38,0.22,85.0,0.24,10.0,0.25,13.99,0.05,0.01,2328.118621,1776192214000
1776192215.901,215.901,0.71,45.0,0.7,60.0,0.72,44.18,0.73,5.0,0.28,9.18,0.27,58.0,0.29,10.0,0.3,10.0,0.01,0.01,2328.118621,1776192214000
1776192216.19,216.19,0.71,11.55,0.7,60.5,0.72,14.18,0.73,65.0,0.28,44.18,0.27,5.0,0.29,45.0,0.3,60.0,0.01,0.01,2328.118621,1776192214000
1776192216.475,216.475,0.71,5.0,0.68,50.0,0.72,20.29,0.73,65.0,0.28,20.29,0.27,65.0,0.29,5.0,0.32,50.0,0.01,0.01,2328.280743,1776192215000
1776192216.783,216.783,0.67,81.24,0.66,75.5,0.68,8.48,0.7,10.0,0.32,12.0,0.31,10.0,0.33,55.74,0.34,75.5,0.01,0.01,2328.280743,1776192215000
1776192217.184,217.184,0.67,75.24,0.66,75.5,0.68,8.48,0.7,10.0,0.32,8.48,0.3,10.0,0.33,75.24,0.34,75.5,0.01,0.01,2328.22769,1776192216000
1776192218.176,218.176,0.67,3.09,0.62,50.0,0.68,244.64,0.69,65.0,0.32,8.48,0.3,10.0,0.33,75.24,0.34,75.5,0.01,0.01,2328.22769,1776192216000
1776192218.445,218.445,0.62,28.39,0.61,65.5,0.63,17.0,0.64,10.0,0.37,17.0,0.36,10.0,0.38,28.39,0.39,65.5,0.01,0.01,2327.976305,1776192217000
1776192219.087,219.087,0.62,28.39,0.61,65.5,0.63,17.0,0.64,10.0,0.37,17.0,0.36,10.0,0.38,28.39,0.39,65.5,0.01,0.01,2327.934884,1776192218000
1776192219.646,219.646,0.62,65.73,0.61,75.5,0.63,12.0,0.64,5.0,0.37,17.0,0.36,10.0,0.38,28.39,0.39,65.5,0.01,0.01,2327.934884,1776192218000
1776192220.358,220.358,0.62,65.73,0.61,75.5,0.63,12.0,0.64,5.0,0.37,12.0,0.36,5.0,0.38,65.73,0.39,75.5,0.01,0.01,2327.862982,1776192219000
1776192221.045,221.045,0.62,65.73,0.61,75.5,0.63,12.0,0.64,5.0,0.37,12.0,0.36,5.0,0.38,65.73,0.39,75.5,0.01,0.01,2327.73845,1776192220000
1776192221.494,221.494,0.71,10.0,0.7,10.0,0.72,165.0,0.73,50.0,0.33,67.0,0.32,96.0,0.38,70.73,0.39,75.5,0.01,0.05,2327.73845,1776192220000
1776192222.311,222.311,0.72,10.0,0.71,10.0,0.73,43.73,0.74,69.16,0.27,43.73,0.26,69.16,0.28,10.0,0.29,10.0,0.01,0.01,2327.742157,1776192221000
1776192222.721,222.721,0.72,20.0,0.71,10.0,0.73,15.0,0.74,65.0,0.27,43.73,0.26,69.16,0.28,10.0,0.29,10.0,0.01,0.01,2327.742157,1776192221000
1776192223.227,223.227,0.72,10.0,0.71,15.0,0.74,65.0,0.75,80.0,0.26,65.0,0.25,89.16,0.28,20.0,0.29,15.0,0.02,0.02,2327.742157,1776192221000
1776192223.521,223.521,0.72,10.0,0.71,15.0,0.74,65.0,0.75,80.0,0.26,65.0,0.25,80.0,0.28,10.0,0.29,15.0,0.02,0.02,2327.864155,1776192222000
1776192223.93,223.93,0.72,9.28,0.71,149.13,0.74,15.0,0.75,90.0,0.26,65.0,0.25,80.0,0.28,10.0,0.29,15.0,0.02,0.02,2327.864155,1776192222000
1776192224.282,224.282,0.72,9.28,0.71,149.13,0.74,15.0,0.75,90.0,0.26,15.0,0.25,90.0,0.28,9.28,0.29,149.13,0.02,0.02,2327.871545,1776192223000
1776192224.98,224.98,0.67,14.27,0.66,60.0,0.68,20.0,0.69,45.0,0.26,15.0,0.25,90.0,0.28,9.28,0.29,149.13,0.01,0.02,2327.871545,1776192223000
1776192225.35,225.35,0.68,60.0,0.67,99.77,0.69,33.55,0.7,17.0,0.32,20.0,0.31,45.0,0.33,14.27,0.34,60.0,0.01,0.01,2327.871545,1776192223000
1776192225.554,225.554,0.63,57.3,0.62,54.23,0.69,33.55,0.7,17.0,0.31,33.55,0.3,17.0,0.32,60.0,0.33,99.77,0.06,0.01,2328.01052,1776192224000
1776192225.925,225.925,0.68,4.74,0.67,20.5,0.69,50.0,0.7,102.5,0.31,33.55,0.3,17.0,0.37,57.3,0.38,54.23,0.01,0.06,2328.01052,1776192224000
1776192226.924,226.924,0.68,4.74,0.67,20.5,0.69,50.0,0.7,102.5,0.31,50.0,0.3,102.5,0.32,4.74,0.33,20.5,0.01,0.01,2327.979455,1776192226000
1776192227.484,227.484,0.68,96.65,0.67,31.5,0.7,44.28,0.71,62.0,0.31,50.0,0.3,102.5,0.32,4.74,0.33,20.5,0.02,0.01,2327.979455,1776192226000
1776192227.939,227.939,0.71,74.5,0.7,49.5,0.72,43.0,0.73,55.0,0.29,55.34,0.28,62.0,0.3,30.5,0.31,54.5,0.01,0.01,2327.979455,1776192226000
1776192228.164,228.164,0.73,39.0,0.72,15.0,0.74,39.18,0.75,60.5,0.28,43.0,0.27,55.0,0.29,74.5,0.3,49.5,0.01,0.01,2327.831899,1776192227000
1776192228.515,228.515,0.7,101.91,0.69,20.5,0.72,79.11,0.73,25.5,0.26,58.32,0.25,70.5,0.28,10.0,0.29,32.5,0.02,0.02,2327.831899,1776192227000
1776192228.976,228.976,0.7,101.91,0.69,20.5,0.72,79.11,0.73,25.5,0.28,79.11,0.27,25.5,0.3,101.91,0.31,20.5,0.02,0.02,2327.842284,1776192228000
1776192229.573,229.573,0.71,20.0,0.7,117.41,0.72,61.22,0.73,50.0,0.28,79.11,0.27,25.5,0.3,101.91,0.31,20.5,0.01,0.02,2327.842284,1776192228000
1776192229.847,229.847,0.71,20.0,0.7,117.41,0.72,52.67,0.73,50.0,0.28,49.15,0.27,50.0,0.29,15.0,0.3,117.41,0.01,0.01,2327.842284,1776192228000
1776192230.968,230.968,0.71,20.0,0.7,117.41,0.72,51.23,0.73,50.0,0.28,51.23,0.27,50.0,0.29,20.0,0.3,117.41,0.01,0.01,2327.965979,1776192230000
1776192231.837,231.837,0.71,39.98,0.7,122.41,0.72,51.23,0.73,50.0,0.28,51.23,0.27,50.0,0.29,20.0,0.3,117.41,0.01,0.01,2327.965979,1776192230000
1776192232.068,232.068,0.71,24.98,0.7,122.41,0.72,47.06,0.73,55.0,0.28,51.23,0.27,50.0,0.29,39.98,0.3,122.41,0.01,0.01,2327.916245,1776192231000
1776192232.922,232.922,0.7,8.0,0.69,25.0,0.71,80.5,0.72,67.56,0.28,47.06,0.27,55.0,0.29,24.98,0.3,122.41,0.01,0.01,2327.916245,1776192231000
1776192233.508,233.508,0.7,1.66,0.69,19.0,0.71,80.5,0.72,67.56,0.29,75.5,0.28,67.56,0.31,14.0,0.32,54.91,0.01,0.02,2327.912715,1776192232000
1776192234.055,234.055,0.63,37.46,0.62,98.3,0.7,55.0,0.71,65.5,0.29,75.5,0.28,67.56,0.31,14.15,0.32,54.91,0.07,0.02,2327.912715,1776192232000
1776192235.141,235.141,0.63,37.46,0.62,98.3,0.7,55.0,0.71,65.5,0.3,55.0,0.29,65.5,0.37,37.46,0.38,98.3,0.07,0.07,2327.84438,1776192234000
1776192235.665,235.665,0.68,20.5,0.67,20.5,0.69,69.61,0.7,80.5,0.3,55.0,0.29,65.5,0.37,37.46,0.38,98.3,0.01,0.07,2327.84438,1776192234000
1776192236.211,236.211,0.68,20.5,0.67,20.5,0.69,69.61,0.7,80.5,0.31,69.61,0.3,80.5,0.32,20.5,0.33,20.5,0.01,0.01,2327.743398,1776192235000
1776192236.952,236.952,0.63,3.26,0.54,20.8,0.64,31.51,0.65,25.5,0.33,19.22,0.32,80.5,0.35,9.47,0.36,10.5,0.01,0.02,2327.743398,1776192235000
1776192237.205,237.205,0.54,10.5,0.52,48.2,0.55,86.18,0.56,83.0,0.45,50.0,0.44,50.0,0.47,4.72,0.48,13.0,0.01,0.02,2327.743398,1776192235000
1776192237.454,237.454,0.52,55.98,0.51,17.0,0.53,21.0,0.54,15.0,0.45,86.18,0.44,83.0,0.48,52.13,0.49,12.0,0.01,0.03,2327.776709,1776192236000
1776192237.847,237.847,0.52,65.98,0.51,17.0,0.54,51.0,0.55,86.18,0.47,11.0,0.46,15.0,0.48,65.98,0.49,17.0,0.02,0.01,2327.776709,1776192236000
1776192238.17,238.17,0.52,70.98,0.51,17.0,0.54,56.75,0.55,86.18,0.47,15.0,0.46,69.0,0.48,60.98,0.49,17.0,0.02,0.01,2327.776709,1776192236000
1776192238.478,238.478,0.53,10.5,0.52,70.98,0.54,56.75,0.55,86.18,0.46,56.75,0.45,86.18,0.48,70.98,0.49,17.0,0.01,0.02,2327.771253,1776192237000
1776192239.299,239.299,0.53,10.5,0.52,70.98,0.54,56.75,0.55,86.18,0.46,56.75,0.45,86.18,0.47,10.5,0.48,70.98,0.01,0.01,2327.492982,1776192238000
1776192240.36,240.36,0.53,10.5,0.52,70.98,0.54,56.75,0.55,86.18,0.46,56.75,0.45,86.18,0.47,10.5,0.48,70.98,0.01,0.01,2327.404321,1776192239000
1776192240.623,240.623,0.53,5.23,0.52,41.2,0.54,15.75,0.55,78.0,0.46,56.75,0.45,86.18,0.47,10.5,0.48,70.98,0.01,0.01,2327.404321,1776192239000
1776192240.974,240.974,0.52,50.0,0.51,12.0,0.54,15.75,0.55,78.0,0.46,15.75,0.45,78.0,0.47,2.18,0.48,41.2,0.02,0.01,2327.404321,1776192239000
1776192241.281,241.281,0.52,50.0,0.51,12.0,0.54,15.75,0.55,78.0,0.46,15.75,0.45,78.0,0.48,50.0,0.49,12.0,0.02,0.02,2327.381349,1776192240000
1776192241.533,241.533,0.52,50.0,0.51,17.0,0.54,65.18,0.55,78.0,0.47,4.9,0.46,65.75,0.48,50.0,0.49,17.0,0.02,0.01,2327.381349,1776192240000
1776192242.073,242.073,0.52,55.1,0.51,17.0,0.53,10.0,0.54,15.18,0.46,65.18,0.45,78.0,0.48,50.0,0.49,17.0,0.01,0.02,2327.381349,1776192240000
1776192242.367,242.367,0.52,55.1,0.51,17.0,0.53,6.57,0.54,15.18,0.47,6.57,0.46,15.18,0.48,55.1,0.49,17.0,0.01,0.01,2327.378388,1776192241000
1776192242.899,242.899,0.56,5.0,0.55,15.0,0.57,45.0,0.58,60.0,0.43,45.0,0.42,60.0,0.44,5.0,0.45,15.0,0.01,0.01,2327.375718,1776192242000
1776192243.15,243.15,0.52,10.0,0.49,20.2,0.53,8.11,0.54,16.0,0.43,45.0,0.42,60.0,0.44,5.0,0.45,15.0,0.01,0.01,2327.375718,1776192242000
1776192243.412,243.412,0.48,0.51,0.47,48.0,0.49,31.0,0.5,26.0,0.5,10.0,0.47,18.44,0.52,0.61,0.53,17.8,0.01,0.02,2327.375718,1776192242000
1776192243.672,243.672,0.47,5.0,0.44,38.2,0.48,109.64,0.49,73.0,0.52,26.0,0.51,38.0,0.53,36.25,0.54,24.0,0.01,0.01,2327.375718,1776192242000
1776192243.898,243.898,0.41,74.05,0.4,64.0,0.42,10.0,0.43,21.0,0.57,16.0,0.56,10.0,0.59,76.0,0.6,64.0,0.01,0.02,2327.375718,1776192242000
1776192244.173,244.173,0.41,106.79,0.4,14.0,0.42,16.0,0.43,21.0,0.58,21.0,0.57,21.0,0.59,10.11,0.6,34.2,0.01,0.01,2327.375718,1776192242000
1776192244.383,244.383,0.41,150.0,0.4,74.0,0.43,12.69,0.44,10.0,0.58,11.0,0.57,16.0,0.59,95.0,0.6,24.0,0.02,0.01,2327.378282,1776192243000
1776192244.787,244.787,0.5,30.0,0.49,15.0,0.51,90.78,0.52,50.0,0.54,40.0,0.52,73.64,0.59,22.0,0.6,60.0,0.01,0.05,2327.378282,1776192243000
1776192245.011,245.011,0.5,42.17,0.49,15.0,0.51,45.0,0.53,50.0,0.49,40.0,0.48,50.0,0.5,52.0,0.51,15.0,0.01,0.01,2327.378282,1776192243000
1776192245.621,245.621,0.55,15.0,0.54,15.0,0.56,127.21,0.57,55.0,0.44,74.0,0.43,50.0,0.5,142.17,0.51,65.0,0.01,0.06,2327.330405,1776192244000
1776192245.963,245.963,0.55,15.0,0.54,15.0,0.56,120.17,0.57,55.0,0.44,127.21,0.43,55.0,0.45,15.0,0.46,15.0,0.01,0.01,2327.330405,1776192244000
1776192246.258,246.258,0.55,10.28,0.54,15.0,0.56,113.13,0.57,55.0,0.44,113.13,0.43,55.0,0.45,10.28,0.46,15.0,0.01,0.01,2327.075421,1776192245000
1776192246.806,246.806,0.55,4.94,0.54,15.0,0.56,124.13,0.57,55.0,0.44,113.13,0.43,55.0,0.45,10.28,0.46,15.0,0.01,0.01,2327.075421,1776192245000
1776192247.227,247.227,0.55,4.94,0.54,15.0,0.56,124.13,0.57,55.0,0.44,124.13,0.43,55.0,0.45,4.94,0.46,15.0,0.01,0.01,2327.250843,1776192246000
1776192247.63,247.63,0.55,4.94,0.54,15.0,0.56,96.13,0.57,65.0,0.44,124.13,0.43,55.0,0.45,4.94,0.46,15.0,0.01,0.01,2327.250843,1776192246000
1776192247.832,247.832,0.55,4.94,0.54,15.0,0.56,90.64,0.57,65.0,0.44,97.47,0.43,65.0,0.45,4.94,0.46,15.0,0.01,0.01,2327.250843,1776192246000
1776192248.126,248.126,0.55,20.94,0.54,25.0,0.57,60.0,0.58,50.0,0.44,93.81,0.43,65.0,0.45,9.94,0.46,15.0,0.02,0.01,2327.250843,1776192246000
1776192249.399,249.399,0.56,10.0,0.55,15.94,0.59,6.52,0.6,65.0,0.41,6.52,0.4,65.0,0.44,10.0,0.45,15.94,0.03,0.03,2327.284882,1776192248000
1776192249.919,249.919,0.56,10.0,0.55,15.94,0.59,6.52,0.6,65.0,0.41,6.52,0.4,65.0,0.44,10.0,0.45,15.94,0.03,0.03,2327.325565,1776192249000
1776192250.188,250.188,0.58,104.4,0.57,75.0,0.59,5.23,0.6,20.0,0.41,6.52,0.4,65.0,0.44,10.0,0.45,15.94,0.01,0.03,2327.325565,1776192249000
1776192250.483,250.483,0.59,15.0,0.58,104.4,0.61,15.0,0.62,5.0,0.41,5.23,0.4,20.0,0.42,104.4,0.43,75.0,0.02,0.01,2327.325565,1776192249000
1776192250.882,250.882,0.64,5.0,0.63,15.0,0.65,55.0,0.66,62.0,0.35,50.0,0.34,57.0,0.4,15.0,0.41,15.0,0.01,0.05,2327.325565,1776192249000
1776192251.21,251.21,0.65,10.0,0.64,5.0,0.66,12.0,0.67,85.0,0.35,5.0,0.34,62.0,0.36,6.58,0.37,15.0,0.01,0.01,2327.35685,1776192250000
1776192251.525,251.525,0.64,5.0,0.63,65.0,0.66,18.0,0.67,35.0,0.34,12.0,0.33,85.0,0.35,10.0,0.36,5.0,0.02,0.01,2327.35685,1776192250000
1776192251.795,251.795,0.65,85.0,0.64,55.0,0.7,89.0,0.71,100.0,0.34,11.0,0.33,44.0,0.35,5.0,0.36,5.0,0.05,0.01,2327.35685,1776192250000
1776192252.033,252.033,0.69,15.0,0.68,15.0,0.7,66.73,0.71,100.0,0.3,66.73,0.29,100.0,0.31,15.0,0.32,15.0,0.01,0.01,2327.394695,1776192251000
1776192252.465,252.465,0.69,20.0,0.68,15.0,0.7,48.71,0.71,55.0,0.3,66.73,0.29,100.0,0.31,15.0,0.32,15.0,0.01,0.01,2327.394695,1776192251000
1776192252.792,252.792,0.69,90.0,0.68,65.0,0.75,59.0,0.76,50.0,0.3,43.49,0.29,55.0,0.31,20.0,0.32,15.0,0.06,0.01,2327.394695,1776192251000
1776192253.081,253.081,0.69,90.0,0.68,65.0,0.75,59.0,0.76,50.0,0.25,59.0,0.24,50.0,0.31,90.0,0.32,65.0,0.06,0.06,2327.503797,1776192252000
1776192253.369,253.369,0.75,20.0,0.74,20.0,0.78,44.7,0.79,96.7,0.24,16.0,0.23,55.0,0.25,15.0,0.26,20.0,0.03,0.01,2327.503797,1776192252000
1776192253.866,253.866,0.77,15.0,0.76,15.0,0.78,57.7,0.79,91.7,0.22,44.7,0.21,96.7,0.25,20.0,0.26,20.0,0.01,0.03,2327.503797,1776192252000
1776192254.281,254.281,0.77,15.0,0.76,15.0,0.78,46.99,0.79,91.7,0.22,46.99,0.21,91.7,0.23,15.0,0.24,15.0,0.01,0.01,2327.529345,1776192253000
1776192254.634,254.634,0.77,46.0,0.76,70.0,0.81,40.0,0.82,60.28,0.22,46.99,0.21,91.7,0.23,15.0,0.24,15.0,0.04,0.01,2327.529345,1776192253000
1776192255.266,255.266,0.79,15.0,0.78,10.0,0.82,95.89,0.83,122.5,0.19,30.01,0.18,60.28,0.23,46.0,0.24,70.0,0.03,0.04,2327.529345,1776192253000
1776192255.522,255.522,0.8,15.0,0.79,20.0,0.81,10.07,0.82,85.89,0.18,95.89,0.17,122.5,0.21,15.0,0.22,10.0,0.01,0.03,2327.86861,1776192254000
1776192255.949,255.949,0.8,15.0,0.79,20.0,0.81,10.07,0.82,85.89,0.19,10.07,0.18,85.89,0.2,15.0,0.21,20.0,0.01,0.01,2327.87343,1776192255000
1776192256.268,256.268,0.79,20.0,0.78,10.0,0.81,57.27,0.82,85.89,0.19,10.07,0.18,85.89,0.2,15.0,0.21,20.0,0.02,0.01,2327.87343,1776192255000
1776192256.492,256.492,0.8,15.0,0.79,20.0,0.81,70.24,0.82,85.89,0.19,57.27,0.18,85.89,0.21,20.0,0.22,10.0,0.01,0.02,2327.87343,1776192255000
1776192256.89,256.89,0.8,7.5,0.79,20.0,0.81,10.0,0.82,85.89,0.19,10.0,0.18,85.89,0.2,5.0,0.21,20.0,0.01,0.01,2327.87343,1776192255000
1776192257.144,257.144,0.79,5.0,0.78,9.54,0.81,84.28,0.82,90.89,0.2,10.0,0.19,104.28,0.22,14.54,0.23,25.0,0.02,0.02,2327.9619,1776192256000
1776192257.792,257.792,0.77,10.54,0.76,20.0,0.79,30.0,0.8,74.27,0.21,15.0,0.19,79.28,0.23,10.54,0.24,10.0,0.02,0.02,2327.9619,1776192256000
1776192258.155,258.155,0.76,15.83,0.75,10.0,0.79,35.0,0.8,65.27,0.21,35.0,0.2,65.27,0.24,15.83,0.25,10.0,0.03,0.03,2327.967565,1776192257000
1776192258.632,258.632,0.78,18.86,0.77,15.0,0.79,20.0,0.8,65.27,0.21,35.0,0.2,65.27,0.24,15.83,0.25,10.0,0.01,0.03,2327.967565,1776192257000
1776192259.154,259.154,0.78,2.72,0.77,15.0,0.79,18.67,0.8,87.73,0.21,20.0,0.2,65.27,0.22,2.72,0.23,15.0,0.01,0.01,2327.967565,1776192257000
1776192259.499,259.499,0.73,60.0,0.72,60.0,0.75,23.0,0.76,5.0,0.21,18.67,0.2,87.73,0.22,2.72,0.23,15.0,0.02,0.01,2327.967845,1776192258000
1776192260.103,260.103,0.75,11.0,0.74,4.0,0.76,20.0,0.77,40.3,0.24,28.99,0.23,19.0,0.26,9.0,0.27,60.0,0.01,0.02,2327.967845,1776192258000
1776192260.497,260.497,0.75,12.0,0.74,9.0,0.76,45.67,0.77,19.0,0.24,45.67,0.23,19.0,0.25,12.0,0.26,9.0,0.01,0.01,2327.932845,1776192259000
1776192261.047,261.047,0.75,12.0,0.74,9.0,0.76,45.67,0.77,19.0,0.24,45.67,0.23,19.0,0.25,12.0,0.26,9.0,0.01,0.01,2327.9231,1776192260000
1776192261.383,261.383,0.75,22.0,0.74,9.0,0.76,11.26,0.77,19.0,0.24,45.67,0.23,19.0,0.25,12.0,0.26,9.0,0.01,0.01,2327.9231,1776192260000
1776192262.079,262.079,0.75,22.0,0.74,9.0,0.76,11.26,0.77,19.0,0.24,11.26,0.23,19.0,0.25,22.0,0.26,9.0,0.01,0.01,2327.885239,1776192261000
1776192262.656,262.656,0.72,10.0,0.71,10.0,0.76,49.69,0.77,79.0,0.24,11.26,0.23,19.0,0.25,22.0,0.26,9.0,0.04,0.01,2327.885239,1776192261000
1776192262.882,262.882,0.72,10.0,0.71,10.0,0.76,25.19,0.77,60.0,0.24,49.69,0.23,79.0,0.28,10.0,0.29,10.0,0.04,0.04,2327.885239,1776192261000
1776192263.279,263.279,0.72,10.0,0.71,10.0,0.76,25.19,0.77,60.0,0.24,25.19,0.23,60.0,0.28,10.0,0.29,10.0,0.04,0.04,2327.852313,1776192262000
1776192263.522,263.522,0.73,9.07,0.72,10.0,0.75,65.0,0.76,85.19,0.24,25.19,0.23,60.0,0.28,10.0,0.29,10.0,0.02,0.04,2327.852313,1776192262000
1776192264.149,264.149,0.74,15.0,0.73,9.07,0.75,61.18,0.76,62.69,0.25,65.0,0.24,85.19,0.27,9.07,0.28,10.0,0.01,0.02,2327.852313,1776192262000
1776192264.533,264.533,0.67,81.3,0.66,136.0,0.72,10.0,0.73,10.0,0.25,61.18,0.24,62.69,0.26,15.0,0.27,9.07,0.05,0.01,2327.855991,1776192263000
1776192265.072,265.072,0.71,10.0,0.7,10.0,0.73,6.89,0.74,10.0,0.28,10.0,0.27,10.0,0.33,81.3,0.34,136.0,0.02,0.05,2327.855991,1776192263000
1776192265.338,265.338,0.71,10.0,0.7,10.0,0.72,5.0,0.73,3.78,0.28,5.0,0.27,3.78,0.29,10.0,0.3,10.0,0.01,0.01,2327.766292,1776192264000
1776192265.787,265.787,0.73,20.0,0.72,10.0,0.74,73.1,0.75,100.18,0.28,5.0,0.27,3.78,0.29,10.0,0.3,10.0,0.01,0.01,2327.766292,1776192264000
1776192266.138,266.138,0.73,20.0,0.72,10.0,0.74,52.97,0.75,93.49,0.26,73.1,0.25,100.18,0.27,20.0,0.28,10.0,0.01,0.01,2327.73744,1776192265000
1776192266.339,266.339,0.73,15.0,0.72,15.0,0.75,62.93,0.76,133.69,0.26,39.44,0.25,99.18,0.27,20.0,0.28,10.0,0.02,0.01,2327.73744,1776192265000
1776192266.581,266.581,0.65,50.0,0.64,60.0,0.74,113.69,0.75,61.92,0.25,62.93,0.24,133.69,0.27,15.0,0.28,15.0,0.09,0.02,2327.73744,1776192265000
1776192266.898,266.898,0.65,60.0,0.64,60.0,0.66,4.23,0.68,10.0,0.34,4.23,0.32,10.0,0.35,60.0,0.36,60.0,0.01,0.01,2327.723643,1776192266000
1776192267.114,267.114,0.62,15.0,0.61,65.0,0.64,10.0,0.65,15.0,0.35,15.0,0.34,10.0,0.38,52.42,0.39,60.0,0.02,0.03,2327.723643,1776192266000
1776192267.317,267.317,0.62,15.0,0.61,65.0,0.65,14.23,0.66,10.0,0.36,10.0,0.35,15.0,0.38,15.0,0.39,65.0,0.03,0.02,2327.723643,1776192266000
1776192267.939,267.939,0.6,9.09,0.59,8.55,0.63,47.6,0.64,81.0,0.37,1.91,0.36,10.0,0.38,15.0,0.39,65.0,0.03,0.01,2327.723643,1776192266000
1776192268.242,268.242,0.55,46.13,0.54,50.0,0.56,22.0,0.57,10.0,0.37,92.6,0.36,81.0,0.44,45.18,0.46,50.0,0.01,0.07,2327.723643,1776192266000
1776192268.459,268.459,0.54,54.25,0.53,50.0,0.56,22.0,0.57,10.0,0.44,22.0,0.43,10.0,0.45,9.13,0.46,55.0,0.02,0.01,2327.723643,1776192266000
1776192268.75,268.75,0.54,54.25,0.53,55.0,0.55,12.58,0.56,17.0,0.44,22.0,0.43,10.0,0.46,54.25,0.47,50.0,0.01,0.02,2327.68411,1776192267000
1776192269.042,269.042,0.54,59.25,0.53,55.0,0.58,4.58,0.59,17.0,0.42,4.58,0.41,17.0,0.46,59.25,0.47,55.0,0.04,0.04,2327.582255,1776192268000
1776192269.553,269.553,0.57,54.74,0.56,65.0,0.58,4.58,0.59,7.0,0.42,4.58,0.41,17.0,0.46,59.25,0.47,55.0,0.01,0.04,2327.582255,1776192268000
1776192269.868,269.868,0.57,20.0,0.56,65.0,0.59,3.5,0.6,10.0,0.42,4.58,0.41,7.0,0.43,46.47,0.44,65.0,0.02,0.01,2327.582255,1776192268000
1776192271.114,271.114,0.57,20.0,0.56,65.0,0.6,4.77,0.61,65.69,0.4,4.77,0.39,65.69,0.43,20.0,0.44,65.0,0.03,0.03,2327.332874,1776192270000
1776192271.464,271.464,0.58,15.0,0.57,15.0,0.61,56.82,0.62,36.3,0.41,5.0,0.4,19.77,0.43,5.0,0.44,10.0,0.03,0.02,2327.332874,1776192270000
1776192272.135,272.135,0.58,6.07,0.57,15.0,0.6,10.0,0.61,56.82,0.39,56.82,0.38,36.3,0.42,15.0,0.43,15.0,0.02,0.03,2327.332874,1776192270000
1776192272.338,272.338,0.58,2.38,0.57,15.0,0.59,29.0,0.6,10.0,0.4,10.0,0.39,56.82,0.42,6.07,0.43,15.0,0.01,0.02,2327.350901,1776192271000
1776192273.172,273.172,0.55,8.89,0.54,10.0,0.58,10.0,0.59,15.0,0.42,10.0,0.41,15.0,0.45,8.89,0.46,10.0,0.03,0.03,2327.350488,1776192272000
1776192273.482,273.482,0.56,1.25,0.55,10.0,0.58,29.0,0.59,15.0,0.42,10.0,0.41,15.0,0.45,8.89,0.46,10.0,0.02,0.03,2327.350488,1776192272000
1776192274.283,274.283,0.56,1.25,0.55,10.0,0.58,29.0,0.59,15.0,0.42,29.0,0.41,15.0,0.44,1.25,0.45,10.0,0.02,0.02,2327.348567,1776192273000
1776192274.602,274.602,0.41,10.0,0.34,30.0,0.46,22.0,0.47,32.0,0.42,29.0,0.41,15.0,0.44,1.25,0.45,10.0,0.05,0.02,2327.348567,1776192273000
1776192274.911,274.911,0.33,10.9,0.31,50.0,0.36,9.16,0.37,10.0,0.66,10.0,0.65,22.0,0.67,5.9,0.69,50.0,0.03,0.01,2327.348567,1776192273000
1776192275.237,275.237,0.33,10.0,0.32,14.0,0.35,0.71,0.36,10.0,0.65,0.71,0.64,10.0,0.67,10.9,0.68,5.0,0.02,0.02,2327.348567,1776192273000
1776192275.443,275.443,0.34,4.37,0.33,15.0,0.36,4.3,0.37,10.0,0.64,4.3,0.63,10.0,0.66,10.0,0.67,24.0,0.02,0.02,2327.329665,1776192274000
1776192276.374,276.374,0.38,17.57,0.37,30.0,0.4,10.0,0.41,10.0,0.63,4.3,0.62,10.0,0.65,20.0,0.66,9.37,0.02,0.02,2327.329665,1776192274000
1776192276.841,276.841,0.38,3.57,0.37,25.0,0.4,10.0,0.41,10.0,0.6,10.0,0.59,10.0,0.62,17.57,0.63,30.0,0.02,0.02,2327.221888,1776192275000
1776192277.227,277.227,0.37,10.63,0.36,15.0,0.38,10.0,0.39,10.0,0.6,10.0,0.59,10.0,0.62,3.57,0.63,25.0,0.01,0.02,2327.052705,1776192276000
1776192278.085,278.085,0.37,10.63,0.36,15.0,0.38,10.0,0.39,10.0,0.62,10.0,0.61,10.0,0.63,10.63,0.64,15.0,0.01,0.01,2327.012595,1776192277000
1776192278.417,278.417,0.31,58.0,0.29,5.0,0.36,15.0,0.37,10.0,0.62,10.0,0.61,10.0,0.63,10.63,0.64,15.0,0.05,0.01,2327.012595,1776192277000
1776192278.709,278.709,0.31,55.76,0.3,5.0,0.32,28.35,0.33,16.0,0.64,15.0,0.63,10.0,0.69,58.0,0.71,5.0,0.01,0.05,2327.012595,1776192277000
1776192279.006,279.006,0.31,37.86,0.3,24.0,0.33,2.24,0.34,10.0,0.68,6.0,0.67,6.0,0.69,2.86,0.7,15.0,0.02,0.01,2327.012595,1776192277000
1776192279.421,279.421,0.32,37.05,0.31,2.86,0.34,15.0,0.35,15.0,0.66,10.0,0.65,10.0,0.69,37.86,0.7,24.0,0.02,0.03,2326.971565,1776192278000
1776192279.645,279.645,0.33,2.53,0.32,12.05,0.34,15.0,0.35,15.0,0.66,15.0,0.65,15.0,0.68,37.05,0.69,2.86,0.01,0.02,2326.971565,1776192278000
1776192280.142,280.142,0.33,2.53,0.32,12.05,0.34,15.0,0.35,15.0,0.66,15.0,0.65,15.0,0.67,2.53,0.68,12.05,0.01,0.01,2326.957673,1776192279000
1776192280.802,280.802,0.29,29.0,0.28,10.0,0.3,6.0,0.31,5.0,0.66,15.0,0.65,15.0,0.67,2.53,0.68,12.05,0.01,0.01,2326.957673,1776192279000
1776192281.115,281.115,0.29,64.0,0.28,10.0,0.31,5.0,0.33,22.0,0.69,5.0,0.67,22.0,0.71,64.0,0.72,10.0,0.02,0.02,2326.921402,1776192280000
1776192281.385,281.385,0.32,18.0,0.31,10.0,0.33,27.0,0.34,15.0,0.67,22.0,0.66,15.0,0.68,45.0,0.69,10.0,0.01,0.01,2326.921402,1776192280000
1776192281.777,281.777,0.27,46.0,0.26,64.91,0.3,10.0,0.31,15.0,0.67,22.0,0.66,15.0,0.74,54.91,0.75,80.0,0.03,0.07,2326.921402,1776192280000
1776192282.164,282.164,0.27,41.38,0.26,64.91,0.32,10.0,0.33,11.0,0.68,10.0,0.67,11.0,0.73,41.38,0.74,64.91,0.05,0.05,2326.921224,1776192281000
1776192282.53,282.53,0.28,35.0,0.27,26.0,0.29,5.0,0.3,10.0,0.68,10.0,0.67,11.0,0.73,41.38,0.74,64.91,0.01,0.05,2326.921224,1776192281000
1776192282.819,282.819,0.25,76.31,0.24,80.0,0.32,10.0,0.33,16.0,0.71,5.0,0.69,5.0,0.72,35.66,0.73,26.0,0.07,0.01,2326.921224,1776192281000
1776192283.37,283.37,0.27,25.0,0.26,10.0,0.3,8.5,0.31,10.0,0.68,10.0,0.67,16.0,0.75,76.31,0.76,80.0,0.03,0.07,2326.921224,1776192281000
1776192283.591,283.591,0.28,7.73,0.27,15.0,0.29,10.0,0.3,13.5,0.7,8.5,0.69,10.0,0.73,25.0,0.74,10.0,0.01,0.03,2326.91613,1776192282000
1776192283.961,283.961,0.28,16.34,0.27,5.0,0.29,3.57,0.3,13.5,0.71,3.57,0.7,13.5,0.72,16.34,0.73,5.0,0.01,0.01,2326.928045,1776192283000
1776192284.228,284.228,0.28,16.34,0.27,5.0,0.33,0.15,0.34,10.0,0.69,10.0,0.68,10.0,0.72,11.34,0.73,5.0,0.05,0.03,2326.928045,1776192283000
1776192284.623,284.623,0.28,6.34,0.27,15.0,0.29,10.0,0.3,10.0,0.66,10.0,0.65,10.0,0.72,11.34,0.73,5.0,0.01,0.06,2326.928045,1776192283000
1776192285.079,285.079,0.28,6.34,0.27,15.0,0.29,10.0,0.3,10.0,0.71,10.0,0.7,10.0,0.72,6.34,0.73,15.0,0.01,0.01,2326.927783,1776192284000
1776192285.562,285.562,0.33,5.0,0.31,10.0,0.34,7.05,0.35,10.0,0.71,5.0,0.7,10.0,0.72,1.34,0.73,15.0,0.01,0.01,2326.927783,1776192284000
1776192285.78,285.78,0.29,14.69,0.28,10.0,0.32,10.0,0.33,10.0,0.66,7.05,0.65,10.0,0.67,5.0,0.69,10.0,0.03,0.01,2326.927783,1776192284000
1776192286.374,286.374,0.29,9.46,0.28,10.0,0.33,3.63,0.34,7.05,0.67,3.63,0.66,7.05,0.71,9.46,0.72,10.0,0.04,0.04,2326.945132,1776192285000
1776192286.644,286.644,0.24,10.0,0.21,50.0,0.27,20.0,0.28,10.0,0.69,9.87,0.68,10.0,0.72,5.0,0.73,5.0,0.03,0.03,2326.945132,1776192285000
1776192287.076,287.076,0.24,54.0,0.21,50.0,0.26,70.0,0.27,20.0,0.74,70.0,0.73,20.0,0.76,54.0,0.79,50.0,0.02,0.02,2326.966082,1776192286000
1776192287.759,287.759,0.29,90.0,0.28,10.0,0.3,15.62,0.36,10.0,0.75,10.0,0.74,91.0,0.76,42.0,0.77,5.0,0.01,0.01,2326.966082,1776192286000
1776192287.985,287.985,0.45,10.0,0.44,10.0,0.46,26.79,0.47,40.0,0.54,46.79,0.53,40.0,0.56,10.0,0.57,10.0,0.01,0.02,2326.966082,1776192286000
1776192288.197,288.197,0.46,20.0,0.45,15.0,0.48,10.0,0.5,26.0,0.54,26.79,0.53,40.0,0.55,10.0,0.56,10.0,0.02,0.01,2326.966082,1776192286000
1776192288.438,288.438,0.47,12.62,0.46,10.0,0.55,10.0,0.56,44.46,0.44,34.46,0.42,30.0,0.53,15.0,0.54,15.0,0.08,0.09,2326.97433,1776192287000
1776192288.662,288.662,0.51,3.57,0.5,15.0,0.52,10.0,0.54,10.0,0.48,10.0,0.47,10.0,0.49,18.57,0.5,15.0,0.01,0.01,2326.97433,1776192287000
1776192288.969,288.969,0.51,10.0,0.5,15.0,0.52,15.0,0.54,17.0,0.48,10.0,0.46,10.0,0.49,3.57,0.5,15.0,0.01,0.01,2326.97433,1776192287000
1776192289.275,289.275,0.51,10.0,0.5,15.0,0.52,15.0,0.54,17.0,0.48,15.0,0.46,17.0,0.49,10.0,0.5,15.0,0.01,0.01,2326.936245,1776192288000
1776192290.431,290.431,0.51,10.0,0.5,15.0,0.52,15.0,0.54,17.0,0.48,15.0,0.46,17.0,0.49,10.0,0.5,15.0,0.01,0.01,2327.167307,1776192289000
1776192291.293,291.293,0.43,25.0,0.42,10.0,0.45,15.0,0.46,15.0,0.55,15.0,0.54,15.0,0.57,25.0,0.58,10.0,0.02,0.02,2327.182357,1776192290000
1776192292.408,292.408,0.43,25.0,0.42,10.0,0.45,15.0,0.46,15.0,0.55,15.0,0.54,15.0,0.57,25.0,0.58,10.0,0.02,0.02,2327.17422,1776192291000
1776192292.999,292.999,0.59,5.0,0.58,10.0,0.6,10.0,0.61,56.82,0.55,15.0,0.54,15.0,0.57,25.0,0.58,10.0,0.01,0.02,2327.17422,1776192291000
1776192293.342,293.342,0.49,12.0,0.46,90.0,0.5,10.0,0.51,10.0,0.4,10.0,0.39,56.82,0.41,5.0,0.42,10.0,0.01,0.01,2327.169213,1776192292000
1776192294.109,294.109,0.49,12.0,0.46,90.0,0.5,10.0,0.51,10.0,0.5,10.0,0.49,10.0,0.51,12.0,0.54,90.0,0.01,0.01,2327.16604,1776192293000
1776192294.332,294.332,0.49,33.0,0.48,5.0,0.5,11.81,0.51,15.0,0.5,10.0,0.49,10.0,0.51,12.0,0.54,90.0,0.01,0.01,2327.16604,1776192293000
1776192295.326,295.326,0.49,33.0,0.48,5.0,0.5,11.81,0.51,15.0,0.5,11.81,0.49,15.0,0.51,33.0,0.52,5.0,0.01,0.01,2327.208465,1776192294000
1776192295.695,295.695,0.59,32.0,0.58,15.0,0.75,4.4,0.81,50.0,0.5,11.81,0.49,15.0,0.51,33.0,0.52,5.0,0.16,0.01,2327.208465,1776192294000
1776192295.941,295.941,0.8,20.0,0.79,15.0,0.81,10.33,0.86,50.0,0.19,15.06,0.15,10.0,0.34,70.0,0.39,30.0,0.01,0.15,2327.208465,1776192294000
1776192296.148,296.148,0.85,10.0,0.84,10.0,0.86,27.54,0.88,10.0,0.14,50.0,0.12,10.0,0.19,26.05,0.2,5.0,0.01,0.05,2327.208465,1776192294000
1776192296.394,296.394,0.85,2.0,0.84,10.0,0.86,34.75,0.88,10.0,0.14,27.54,0.12,10.0,0.15,10.0,0.16,10.0,0.01,0.01,2327.208465,1776192294000
1776192296.925,296.925,0.85,15.0,0.84,10.0,0.86,1.72,0.88,10.0,0.14,32.65,0.12,10.0,0.15,15.0,0.16,10.0,0.01,0.01,2327.222455,1776192295000
1776192297.348,297.348,0.87,20.0,0.86,15.0,0.9,20.4,0.91,60.0,0.1,24.99,0.09,60.0,0.15,15.0,0.16,10.0,0.03,0.05,2327.222455,1776192295000
1776192297.596,297.596,0.89,28.0,0.88,115.0,0.91,8.4,0.92,10.0,0.1,20.4,0.09,60.0,0.13,20.0,0.14,15.0,0.02,0.03,2327.222455,1776192295000
1776192297.802,297.802,0.93,80.37,0.92,20.43,0.95,8.0,0.97,77.8,0.03,77.8,0.02,256.74,0.07,80.0,0.08,10.0,0.02,0.04,2327.23345,1776192296000
1776192298.098,298.098,0.95,10.0,0.94,85.0,0.97,16.15,0.98,256.74,0.03,16.15,0.02,256.74,0.05,10.0,0.06,85.0,0.02,0.02,2327.30851,1776192297000
1776192298.363,298.363,0.97,47.63,0.96,10.0,0.98,192.64,0.99,1222.0,0.02,195.68,0.01,1222.0,0.03,42.63,0.04,10.0,0.01,0.01,2327.30851,1776192297000
1776192298.591,298.591,0.97,37.33,0.96,15.0,0.98,44.98,0.99,1222.0,0.02,85.8,0.01,1222.0,0.03,32.33,0.04,15.0,0.01,0.01,2327.30851,1776192297000
1776192298.793,298.793,0.98,105.38,0.97,166.33,0.99,1003.87,,,0.01,998.87,,,0.02,19.33,0.03,166.33,0.01,0.01,2327.30851,1776192297000
1776192299.094,299.094,0.98,419.03,0.97,166.33,0.99,888.37,,,0.01,888.37,,,0.02,419.03,0.03,166.33,0.01,0.01,2327.403875,1776192298000
1776192299.715,299.715,0.99,9078.63,0.98,267.03,,,,,,,,,0.01,1476.37,0.02,399.03,,,2327.403875,1776192298000
1776192300.119,300.119,0.99,8991.63,0.98,267.03,,,,,,,,,0.01,8991.63,0.02,267.03,,,2327.468615,1776192299000
1776192300.898,300.898,0.99,34151.09,0.98,267.03,,,,,,,,,0.01,8991.63,0.02,267.03,,,2327.468615,1776192299000
1776192301.107,301.107,0.99,34151.09,0.98,267.03,,,,,,,,,0.01,34151.09,0.02,267.03,,,2327.60902,1776192300000
1776192302.139,302.139,0.99,34151.09,0.98,267.03,,,,,,,,,0.01,34151.09,0.02,267.03,,,2327.62902,1776192301000

# RESULT,winner=Up,slug=eth-updown-5m-1776192000,ticks=595
