timestamp,elapsed_sec,up_bid_p1,up_bid_s1,up_bid_p2,up_bid_s2,up_ask_p1,up_ask_s1,up_ask_p2,up_ask_s2,down_bid_p1,down_bid_s1,down_bid_p2,down_bid_s2,down_ask_p1,down_ask_s1,down_ask_p2,down_ask_s2,up_spread,down_spread,eth_price,eth_oracle_ts
1776313200.738,0.738,0.48,16.19,0.46,78.69,0.52,11.59,0.54,70.0,0.5,3.0,0.48,20.0,0.52,16.19,0.54,78.69,0.04,0.02,2360.691705,1776313199000
1776313202.568,2.568,0.51,5.0,0.5,10.0,0.52,20.66,0.53,18.0,0.48,11.59,0.46,70.0,0.52,16.19,0.54,78.69,0.01,0.04,2360.695075,1776313200000
1776313202.874,2.874,0.48,28.19,0.47,21.0,0.52,25.66,0.53,23.0,0.48,20.66,0.47,18.0,0.49,5.0,0.5,10.0,0.04,0.01,2360.819025,1776313201000
1776313203.36,3.36,0.48,28.19,0.47,21.0,0.52,25.66,0.53,23.0,0.48,25.66,0.47,23.0,0.52,28.19,0.53,21.0,0.04,0.04,2360.820785,1776313202000
1776313203.998,3.998,0.48,28.19,0.47,21.0,0.52,25.66,0.53,23.0,0.48,25.66,0.47,23.0,0.52,28.19,0.53,21.0,0.04,0.04,2360.829405,1776313203000
1776313204.2,4.2,0.51,15.0,0.5,15.0,0.52,9.36,0.53,23.0,0.48,25.66,0.47,23.0,0.52,28.19,0.53,21.0,0.01,0.04,2360.829405,1776313203000
1776313204.596,4.596,0.52,10.0,0.51,15.0,0.53,21.11,0.54,88.0,0.48,9.36,0.47,23.0,0.49,15.0,0.5,15.0,0.01,0.01,2360.829405,1776313203000
1776313205.015,5.015,0.52,11.0,0.51,25.0,0.53,21.11,0.54,93.0,0.47,21.11,0.46,88.0,0.48,10.0,0.49,15.0,0.01,0.01,2360.829405,1776313203000
1776313205.285,5.285,0.52,11.0,0.51,25.0,0.53,21.11,0.54,93.0,0.47,21.11,0.46,93.0,0.48,11.0,0.49,25.0,0.01,0.01,2360.82441,1776313204000
1776313205.804,5.804,0.52,10.0,0.51,25.0,0.54,93.0,0.55,98.0,0.47,21.11,0.46,93.0,0.48,11.0,0.49,25.0,0.02,0.01,2360.82441,1776313204000
1776313206.274,6.274,0.53,10.0,0.52,20.0,0.54,94.33,0.55,88.0,0.46,93.0,0.45,98.0,0.48,10.0,0.49,25.0,0.01,0.02,2360.82441,1776313204000
1776313206.941,6.941,0.53,6.8,0.52,15.0,0.54,85.66,0.55,88.0,0.46,85.66,0.45,88.0,0.47,6.8,0.48,15.0,0.01,0.01,2360.81972,1776313206000
1776313208.13,8.13,0.53,6.8,0.52,27.0,0.54,80.66,0.55,88.0,0.46,80.66,0.45,88.0,0.47,6.8,0.48,27.0,0.01,0.01,2360.894228,1776313207000
1776313208.487,8.487,0.53,4.67,0.52,22.0,0.54,72.66,0.55,88.0,0.46,80.66,0.45,88.0,0.47,6.8,0.48,27.0,0.01,0.01,2360.894228,1776313207000
1776313209.269,9.269,0.53,4.67,0.52,22.0,0.54,72.66,0.55,88.0,0.46,72.66,0.45,88.0,0.47,4.67,0.48,22.0,0.01,0.01,2361.009244,1776313208000
1776313210.46,10.46,0.53,4.67,0.52,22.0,0.54,72.66,0.55,88.0,0.46,72.66,0.45,88.0,0.47,4.67,0.48,22.0,0.01,0.01,2360.973903,1776313209000
1776313213.163,13.163,0.52,18.0,0.51,31.0,0.53,45.0,0.54,119.1,0.46,67.1,0.45,75.0,0.47,4.67,0.48,96.0,0.01,0.01,2360.931755,1776313211000
1776313214.544,14.544,0.52,43.0,0.51,94.0,0.53,12.0,0.54,79.1,0.47,45.0,0.46,119.1,0.48,13.0,0.49,31.0,0.01,0.01,2360.920101,1776313213000
1776313215.097,15.097,0.5,1.74,0.48,32.19,0.53,172.0,0.54,74.1,0.47,12.0,0.46,79.1,0.48,43.0,0.49,94.0,0.03,0.01,2360.861739,1776313214000
1776313221.961,21.961,0.46,13.69,0.45,5.0,0.49,146.0,0.5,180.0,0.49,10.0,0.48,15.0,0.52,42.19,0.53,37.0,0.03,0.03,2360.702811,1776313220000
1776313222.49,22.49,0.46,16.9,0.45,90.0,0.47,10.0,0.48,18.0,0.53,57.0,0.52,33.0,0.54,2.71,0.55,15.0,0.01,0.01,2360.703448,1776313221000
1776313222.901,22.901,0.46,26.9,0.45,90.0,0.47,1.48,0.48,17.0,0.53,3.61,0.52,18.0,0.54,21.9,0.55,90.0,0.01,0.01,2360.703448,1776313221000
1776313223.54,23.54,0.46,31.9,0.45,32.0,0.47,1.48,0.48,27.0,0.53,1.48,0.52,17.0,0.54,26.9,0.55,90.0,0.01,0.01,2360.6993,1776313222000
1776313225.252,25.252,0.47,15.0,0.46,76.04,0.48,22.91,0.49,95.0,0.52,27.0,0.51,116.0,0.54,88.04,0.55,32.0,0.01,0.02,2360.648015,1776313224000
1776313232.206,32.206,0.45,31.4,0.44,23.0,0.47,49.0,0.48,58.41,0.52,22.91,0.51,95.0,0.53,15.0,0.54,76.04,0.02,0.01,2360.626204,1776313231000
1776313232.552,32.552,0.45,31.4,0.44,23.0,0.46,68.0,0.47,100.0,0.53,49.0,0.52,58.41,0.55,31.4,0.56,23.0,0.01,0.02,2360.626204,1776313231000
1776313233.071,33.071,0.43,35.0,0.42,23.0,0.45,52.0,0.46,126.0,0.54,73.0,0.53,100.0,0.56,18.0,0.57,35.0,0.02,0.02,2360.626204,1776313231000
1776313233.423,33.423,0.4,33.52,0.39,26.0,0.41,20.0,0.42,20.0,0.55,52.0,0.54,126.0,0.57,35.0,0.58,23.0,0.01,0.02,2360.627394,1776313232000
1776313233.715,33.715,0.4,33.52,0.39,26.0,0.41,20.0,0.42,20.0,0.59,20.0,0.58,20.0,0.6,33.52,0.61,26.0,0.01,0.01,2360.627394,1776313232000
1776313234.984,34.984,0.4,13.0,0.39,104.0,0.41,15.0,0.42,21.5,0.59,20.0,0.58,20.0,0.6,33.52,0.61,26.0,0.01,0.01,2360.605552,1776313233000
1776313237.869,37.869,0.39,46.0,0.38,156.0,0.41,95.0,0.42,28.0,0.59,15.0,0.58,21.5,0.6,13.0,0.61,104.0,0.02,0.01,2360.352445,1776313236000
1776313238.379,38.379,0.39,56.0,0.38,228.0,0.4,4.81,0.41,25.0,0.59,95.0,0.58,28.0,0.61,46.0,0.62,156.0,0.01,0.02,2360.399272,1776313237000
1776313238.723,38.723,0.39,61.0,0.38,238.5,0.4,4.81,0.41,31.0,0.6,4.81,0.59,25.0,0.61,56.0,0.62,228.0,0.01,0.01,2360.399272,1776313237000
1776313240.736,40.736,0.39,51.0,0.38,259.0,0.4,9.81,0.41,95.0,0.6,4.81,0.59,31.0,0.61,61.0,0.62,238.5,0.01,0.01,2360.362095,1776313239000
1776313242.875,42.875,0.4,44.0,0.39,133.0,0.41,23.0,0.42,13.0,0.6,9.81,0.59,95.0,0.61,51.0,0.62,259.0,0.01,0.01,2360.331358,1776313241000
1776313243.513,43.513,0.45,17.94,0.44,17.0,0.46,20.0,0.47,78.0,0.54,5.0,0.53,10.0,0.6,171.0,0.61,204.0,0.01,0.06,2360.331595,1776313242000
1776313244.42,44.42,0.45,67.94,0.44,40.0,0.46,41.65,0.47,78.0,0.54,20.0,0.53,78.0,0.55,17.94,0.56,17.0,0.01,0.01,2360.331595,1776313242000
1776313247.477,47.477,0.45,193.94,0.44,191.0,0.47,14.0,0.48,22.5,0.54,41.65,0.53,78.0,0.55,67.94,0.56,40.0,0.02,0.01,2360.50069,1776313246000
1776313249.141,49.141,0.5,147.0,0.49,32.0,0.52,44.81,0.55,175.0,0.49,10.0,0.48,5.0,0.54,116.0,0.55,209.94,0.02,0.05,2360.5144,1776313247000
1776313249.447,49.447,0.54,12.0,0.53,22.0,0.55,238.0,0.56,83.0,0.45,175.0,0.44,136.0,0.5,142.0,0.51,32.0,0.01,0.05,2360.55049,1776313248000
1776313249.777,49.777,0.53,18.55,0.52,15.0,0.55,261.96,0.56,142.41,0.45,238.0,0.44,83.0,0.46,7.0,0.47,22.0,0.02,0.01,2360.55049,1776313248000
1776313250.455,50.455,0.53,3.44,0.52,20.0,0.54,75.96,0.55,236.0,0.45,261.96,0.44,142.41,0.47,18.55,0.48,15.0,0.01,0.02,2360.55049,1776313248000
1776313252.539,52.539,0.53,3.63,0.52,29.5,0.54,204.21,0.55,173.0,0.46,75.96,0.45,236.0,0.47,3.44,0.48,20.0,0.01,0.01,2360.732848,1776313250000
1776313254.442,54.442,0.53,1.5,0.52,90.0,0.54,152.21,0.55,173.0,0.46,204.21,0.45,173.0,0.47,3.63,0.48,29.5,0.01,0.01,2360.72215,1776313253000
1776313256.148,56.148,0.51,7.0,0.5,5.0,0.53,92.0,0.54,121.96,0.46,152.21,0.45,173.0,0.47,1.5,0.48,90.0,0.02,0.01,2360.717019,1776313254000
1776313257.426,57.426,0.46,15.0,0.45,94.0,0.47,5.0,0.48,15.0,0.49,5.0,0.48,32.0,0.54,5.0,0.55,36.0,0.01,0.05,2360.7343,1776313256000
1776313257.774,57.774,0.46,13.04,0.45,89.0,0.47,10.0,0.48,20.0,0.53,5.0,0.52,15.0,0.54,15.0,0.55,94.0,0.01,0.01,2360.7343,1776313256000
1776313259.934,59.934,0.45,82.34,0.44,107.0,0.47,15.0,0.48,12.5,0.53,10.0,0.52,20.0,0.54,13.04,0.55,89.0,0.02,0.01,2360.657939,1776313258000
1776313262.215,62.215,0.4,10.0,0.39,20.0,0.42,20.0,0.43,25.0,0.53,15.0,0.52,12.5,0.55,82.34,0.56,107.0,0.02,0.02,2360.682148,1776313260000
1776313262.489,62.489,0.39,19.45,0.38,21.0,0.4,156.0,0.41,105.0,0.6,118.0,0.59,100.0,0.61,17.73,0.62,21.0,0.01,0.01,2360.682148,1776313260000
1776313262.748,62.748,0.29,117.45,0.27,76.3,0.3,15.0,0.31,10.0,0.7,10.0,0.62,10.0,0.71,107.45,0.72,27.89,0.01,0.01,2360.682148,1776313260000
1776313263.031,63.031,0.29,119.63,0.28,58.0,0.3,5.0,0.31,5.3,0.69,5.3,0.68,10.0,0.71,109.63,0.72,58.0,0.01,0.02,2360.635198,1776313261000
1776313263.415,63.415,0.29,124.63,0.28,67.0,0.31,5.3,0.32,10.0,0.7,5.0,0.69,5.3,0.71,119.63,0.72,58.0,0.02,0.01,2360.635198,1776313261000
1776313263.684,63.684,0.3,55.0,0.29,117.45,0.31,5.0,0.32,4.97,0.68,4.97,0.67,42.0,0.71,129.63,0.72,67.0,0.01,0.03,2360.629824,1776313262000
1776313264.134,64.134,0.3,35.71,0.29,122.45,0.31,4.83,0.32,9.97,0.69,10.0,0.68,9.97,0.7,40.71,0.71,122.45,0.01,0.01,2360.629824,1776313262000
1776313264.561,64.561,0.39,60.0,0.34,173.0,0.41,191.18,0.42,100.0,0.69,4.83,0.68,9.97,0.7,35.71,0.71,122.45,0.02,0.01,2360.232376,1776313263000
1776313265.04,65.04,0.4,196.1,0.39,214.0,0.41,182.79,0.44,5.0,0.59,187.92,0.58,100.0,0.6,20.0,0.61,170.0,0.01,0.01,2360.232376,1776313263000
1776313265.255,65.255,0.4,190.1,0.39,219.0,0.41,177.79,0.48,35.0,0.59,182.79,0.56,5.0,0.6,190.1,0.61,214.0,0.01,0.01,2360.232376,1776313263000
1776313266.077,66.077,0.4,333.1,0.39,219.0,0.41,169.13,0.46,5.0,0.59,177.79,0.52,35.0,0.6,190.1,0.61,219.0,0.01,0.01,2360.040195,1776313264000
1776313274.947,74.947,0.47,133.0,0.46,15.0,0.51,107.0,0.52,105.0,0.54,5.0,0.53,58.0,0.6,253.1,0.61,219.0,0.04,0.06,2360.544085,1776313274000
1776313275.488,75.488,0.5,20.0,0.49,83.0,0.52,85.0,0.53,82.0,0.49,107.0,0.48,105.0,0.53,133.0,0.54,15.0,0.02,0.04,2360.544085,1776313274000
1776313275.847,75.847,0.51,15.0,0.5,20.0,0.52,60.76,0.53,87.0,0.48,85.0,0.47,82.0,0.5,20.0,0.51,83.0,0.01,0.02,2360.544085,1776313274000
1776313279.431,79.431,0.53,25.0,0.52,15.0,0.55,5.0,0.56,137.0,0.48,60.76,0.47,87.0,0.49,15.0,0.5,20.0,0.02,0.01,2360.78943,1776313278000
1776313279.73,79.73,0.55,5.73,0.54,15.0,0.56,128.47,0.57,75.0,0.44,128.47,0.43,75.0,0.45,10.73,0.46,15.0,0.01,0.01,2360.78943,1776313278000
1776313280.956,80.956,0.41,5.0,0.4,20.0,0.48,10.0,0.49,10.0,0.44,128.47,0.43,75.0,0.45,5.73,0.46,15.0,0.07,0.01,2360.797347,1776313280000
1776313282.715,82.715,0.45,45.0,0.44,25.0,0.46,205.23,0.47,20.0,0.58,15.0,0.57,15.0,0.59,1.88,0.6,15.0,0.01,0.01,2360.878656,1776313281000
1776313283.131,83.131,0.45,112.81,0.44,20.0,0.46,206.08,0.47,5.0,0.54,205.23,0.53,20.0,0.55,39.81,0.56,25.0,0.01,0.01,2360.878656,1776313281000
1776313283.724,83.724,0.45,127.81,0.44,20.0,0.46,176.9,0.47,5.0,0.54,174.08,0.53,5.0,0.55,112.81,0.56,20.0,0.01,0.01,2360.63703,1776313282000
1776313284.033,84.033,0.4,5.0,0.39,5.0,0.46,284.9,0.47,20.0,0.54,176.9,0.53,5.0,0.55,127.81,0.56,20.0,0.06,0.01,2360.566301,1776313283000
1776313285.526,85.526,0.39,48.19,0.38,93.3,0.41,17.56,0.42,25.0,0.6,5.0,0.59,15.0,0.61,3.19,0.62,20.3,0.02,0.01,2360.597066,1776313284000
1776313286.016,86.016,0.39,29.05,0.38,40.3,0.41,29.56,0.42,83.0,0.59,17.56,0.58,25.0,0.61,48.19,0.62,93.3,0.02,0.02,2360.597066,1776313284000
1776313290.356,90.356,0.47,20.0,0.46,15.0,0.48,7.0,0.49,210.0,0.59,29.56,0.58,83.0,0.61,29.05,0.62,40.3,0.01,0.02,2360.370859,1776313289000
1776313290.784,90.784,0.47,5.0,0.46,15.0,0.49,230.0,0.5,95.0,0.52,7.0,0.51,210.0,0.53,20.0,0.54,15.0,0.02,0.01,2360.370859,1776313289000
1776313291.109,91.109,0.46,15.0,0.45,15.0,0.5,117.54,0.51,135.0,0.52,15.0,0.51,225.0,0.54,15.0,0.55,15.0,0.04,0.02,2360.370859,1776313289000
1776313291.638,91.638,0.45,10.0,0.44,15.0,0.47,15.0,0.48,15.0,0.5,117.54,0.49,135.0,0.54,15.0,0.55,15.0,0.02,0.04,2360.423231,1776313290000
1776313293.522,93.522,0.45,10.0,0.44,15.0,0.47,20.0,0.48,148.0,0.53,15.0,0.52,15.0,0.55,10.0,0.56,15.0,0.02,0.02,2360.496678,1776313292000
1776313295.066,95.066,0.42,25.0,0.41,102.0,0.45,77.39,0.46,85.0,0.53,20.0,0.52,148.0,0.55,10.0,0.56,15.0,0.03,0.02,2360.52011,1776313294000
1776313298.011,98.011,0.42,15.0,0.41,87.0,0.44,10.0,0.45,29.77,0.55,77.39,0.54,85.0,0.58,25.0,0.59,102.0,0.02,0.03,2360.48212,1776313297000
1776313298.519,98.519,0.41,63.0,0.4,10.0,0.44,10.0,0.45,73.0,0.56,10.0,0.55,29.77,0.58,15.0,0.59,87.0,0.03,0.02,2360.48212,1776313297000
1776313303.217,103.217,0.4,10.0,0.39,20.0,0.42,15.0,0.43,10.0,0.58,10.0,0.57,10.0,0.59,61.13,0.6,10.0,0.02,0.01,2360.441965,1776313301000
1776313306.488,106.488,0.44,6.96,0.43,15.0,0.46,136.0,0.47,15.0,0.58,15.0,0.57,10.0,0.6,10.0,0.61,20.0,0.02,0.02,2360.533587,1776313305000
1776313311.565,111.565,0.43,5.0,0.42,15.0,0.44,7.36,0.45,73.0,0.54,136.0,0.53,15.0,0.56,6.96,0.57,15.0,0.01,0.02,2360.49465,1776313310000
1776313319.11,119.11,0.44,5.0,0.43,15.0,0.45,15.0,0.46,135.0,0.56,7.36,0.55,73.0,0.57,5.0,0.58,15.0,0.01,0.01,2360.499238,1776313317000
1776313320.396,120.396,0.44,5.0,0.43,15.0,0.45,9.0,0.46,193.0,0.55,15.0,0.54,135.0,0.56,5.0,0.57,15.0,0.01,0.01,2360.560031,1776313319000
1776313320.981,120.981,0.33,10.0,0.32,26.5,0.36,45.0,0.41,151.0,0.55,9.0,0.54,193.0,0.56,5.0,0.57,15.0,0.03,0.01,2360.560031,1776313319000
1776313321.276,121.276,0.29,5.0,0.26,10.0,0.3,22.0,0.31,15.0,0.7,10.0,0.69,10.0,0.71,10.9,0.74,18.7,0.01,0.01,2360.560031,1776313319000
1776313321.525,121.525,0.24,16.0,0.23,100.3,0.25,10.0,0.26,20.0,0.69,163.38,0.68,115.0,0.76,29.7,0.77,105.3,0.01,0.07,2360.581805,1776313320000
1776313321.832,121.832,0.23,95.83,0.22,166.0,0.24,5.0,0.25,16.0,0.75,10.0,0.74,20.0,0.77,95.83,0.78,166.0,0.01,0.02,2360.581805,1776313320000
1776313322.228,122.228,0.23,4.59,0.22,166.0,0.24,10.0,0.25,22.0,0.76,5.0,0.75,16.0,0.77,95.83,0.78,166.0,0.01,0.01,2360.581805,1776313320000
1776313322.484,122.484,0.23,75.0,0.22,145.0,0.24,10.79,0.25,20.8,0.75,20.8,0.74,21.0,0.78,171.0,0.79,76.7,0.01,0.03,2360.581805,1776313320000
1776313323.178,123.178,0.21,5.0,0.2,15.0,0.23,44.0,0.24,15.62,0.76,11.62,0.75,20.8,0.78,48.1,0.79,76.7,0.02,0.02,2360.4356,1776313321000
1776313323.445,123.445,0.2,1.06,0.18,5.0,0.21,32.0,0.22,86.0,0.79,17.0,0.78,86.0,0.8,1.06,0.81,5.0,0.01,0.01,2359.927139,1776313322000
1776313323.653,123.653,0.15,145.0,0.14,39.9,0.16,15.95,0.17,10.0,0.79,65.23,0.78,86.0,0.85,140.0,0.86,39.9,0.01,0.06,2359.927139,1776313322000
1776313323.895,123.895,0.15,143.82,0.14,39.9,0.16,10.0,0.17,14.55,0.83,14.55,0.82,10.0,0.85,145.0,0.86,39.9,0.01,0.02,2359.927139,1776313322000
1776313325.493,125.493,0.13,84.52,0.12,129.19,0.14,21.0,0.15,80.0,0.84,10.0,0.83,10.0,0.86,39.9,0.87,31.8,0.01,0.02,2359.627556,1776313324000
1776313327.507,127.507,0.13,84.0,0.12,221.19,0.14,13.0,0.15,15.0,0.86,21.0,0.85,80.0,0.87,84.52,0.88,129.19,0.01,0.01,2359.11095,1776313326000
1776313330.24,130.24,0.13,139.0,0.12,163.19,0.14,23.93,0.15,15.0,0.86,13.0,0.85,15.0,0.87,84.0,0.88,221.19,0.01,0.01,2359.099331,1776313329000
1776313330.652,130.652,0.13,154.0,0.12,163.19,0.14,10.93,0.15,15.0,0.86,23.93,0.85,15.0,0.87,139.0,0.88,163.19,0.01,0.01,2359.099331,1776313329000
1776313332.74,132.74,0.13,18.0,0.12,129.09,0.14,20.93,0.15,81.0,0.86,10.93,0.85,15.0,0.87,154.0,0.88,163.19,0.01,0.01,2359.07577,1776313331000
1776313334.458,134.458,0.12,293.09,0.11,203.79,0.15,171.06,0.16,118.0,0.86,20.93,0.85,76.0,0.88,129.09,0.89,91.79,0.03,0.02,2359.071329,1776313333000
1776313339.051,139.051,0.12,361.09,0.11,150.79,0.16,10.0,0.17,10.0,0.85,82.06,0.84,18.0,0.87,10.0,0.88,187.09,0.04,0.02,2359.004424,1776313337000
1776313339.623,139.623,0.15,100.0,0.14,103.0,0.16,3.12,0.17,10.0,0.84,9.37,0.83,10.0,0.86,10.0,0.87,116.0,0.01,0.02,2358.992381,1776313338000
1776313341.309,141.309,0.15,375.0,0.14,122.9,0.16,6.68,0.21,15.0,0.84,3.12,0.83,10.0,0.85,100.0,0.86,103.0,0.01,0.01,2358.973696,1776313339000
1776313342.741,142.741,0.21,28.46,0.2,10.0,0.22,69.34,0.23,15.0,0.78,10.0,0.77,10.0,0.79,64.72,0.8,10.0,0.01,0.01,2359.145527,1776313341000
1776313343.341,143.341,0.21,17.46,0.2,10.0,0.22,69.34,0.23,15.0,0.78,69.34,0.77,15.0,0.79,28.46,0.8,10.0,0.01,0.01,2359.196434,1776313342000
1776313343.594,143.594,0.2,10.0,0.19,74.0,0.22,76.34,0.23,15.0,0.78,69.34,0.77,15.0,0.79,11.46,0.8,10.0,0.02,0.01,2359.196434,1776313342000
1776313344.137,144.137,0.2,106.0,0.19,53.0,0.21,101.13,0.22,10.0,0.79,10.0,0.78,69.34,0.8,8.0,0.81,74.0,0.01,0.01,2359.379799,1776313343000
1776313345.064,145.064,0.22,3.69,0.21,15.0,0.23,148.11,0.24,18.69,0.77,10.0,0.76,18.69,0.8,106.0,0.81,53.0,0.01,0.03,2359.379799,1776313343000
1776313345.44,145.44,0.22,18.69,0.21,73.0,0.23,1.84,0.24,18.69,0.77,148.11,0.76,18.69,0.78,3.69,0.79,15.0,0.01,0.01,2359.45769,1776313344000
1776313345.891,145.891,0.22,12.4,0.21,73.0,0.23,1.84,0.24,18.69,0.77,1.84,0.76,18.69,0.78,18.69,0.79,73.0,0.01,0.01,2359.45769,1776313344000
1776313347.157,147.157,0.22,23.98,0.21,94.7,0.23,40.21,0.24,76.69,0.77,1.84,0.76,18.69,0.78,12.4,0.79,73.0,0.01,0.01,2359.50961,1776313345000
1776313347.692,147.692,0.15,23.19,0.14,34.9,0.21,179.0,0.22,22.0,0.77,40.21,0.76,76.69,0.78,23.98,0.79,94.7,0.06,0.01,2359.63548,1776313346000
1776313353.082,153.082,0.12,71.08,0.11,50.0,0.15,70.0,0.16,50.81,0.79,179.0,0.78,22.0,0.85,23.19,0.86,34.9,0.03,0.06,2359.201836,1776313351000
1776313357.391,157.391,0.12,171.08,0.11,7.0,0.13,90.07,0.14,31.0,0.85,70.0,0.84,50.81,0.88,71.08,0.89,50.0,0.01,0.03,2359.005276,1776313355000
1776313358.329,158.329,0.12,159.71,0.11,45.45,0.13,115.07,0.14,102.44,0.87,90.07,0.86,31.0,0.88,171.08,0.89,7.0,0.01,0.01,2359.008446,1776313356000
1776313358.951,158.951,0.11,95.45,0.1,100.0,0.12,194.79,0.13,176.0,0.87,81.0,0.86,110.44,0.89,45.45,0.91,68.0,0.01,0.02,2359.007209,1776313357000
1776313361.363,161.363,0.1,12.03,0.09,68.0,0.11,202.31,0.12,136.0,0.89,36.0,0.88,279.79,0.9,13.88,0.91,83.0,0.01,0.01,2358.820303,1776313359000
1776313361.659,161.659,0.1,10.91,0.09,68.0,0.11,202.31,0.12,136.0,0.89,202.31,0.88,136.0,0.9,12.03,0.91,68.0,0.01,0.01,2358.820303,1776313359000
1776313361.942,161.942,0.09,68.0,0.08,160.9,0.11,197.31,0.12,136.0,0.89,202.31,0.88,136.0,0.9,3.33,0.91,68.0,0.02,0.01,2358.76632,1776313360000
1776313362.565,162.565,0.09,62.83,0.08,172.9,0.1,83.0,0.11,197.53,0.89,197.31,0.88,136.0,0.91,68.0,0.92,160.9,0.01,0.02,2358.802506,1776313361000
1776313363.09,163.09,0.09,59.73,0.08,172.9,0.1,8.0,0.11,197.53,0.9,83.0,0.89,197.53,0.91,59.73,0.92,172.9,0.01,0.01,2358.802506,1776313361000
1776313363.631,163.631,0.1,38.0,0.09,127.0,0.11,101.53,0.12,5.0,0.89,195.71,0.88,136.0,0.91,59.73,0.92,172.9,0.01,0.02,2358.7653,1776313362000
1776313365.795,165.795,0.1,179.0,0.09,127.0,0.11,180.93,0.13,5.0,0.89,61.53,0.88,5.0,0.9,91.0,0.91,127.0,0.01,0.01,2358.827024,1776313364000
1776313367.4,167.4,0.1,2.0,0.08,50.0,0.11,514.93,0.12,115.0,0.89,180.93,0.87,5.0,0.9,179.0,0.91,127.0,0.01,0.01,2358.917433,1776313366000
1776313367.766,167.766,0.07,6.96,0.06,16.0,0.09,24.0,0.1,15.0,0.89,414.93,0.88,115.0,0.92,4.46,0.93,10.0,0.02,0.03,2358.917433,1776313366000
1776313368.394,168.394,0.07,35.96,0.06,10.0,0.08,131.12,0.09,15.0,0.91,24.0,0.9,15.0,0.93,6.96,0.94,16.0,0.01,0.02,2358.931948,1776313367000
1776313369.181,169.181,0.07,27.09,0.06,10.0,0.08,187.12,0.09,25.1,0.92,140.12,0.91,15.0,0.93,33.8,0.94,10.0,0.01,0.01,2358.931948,1776313367000
1776313370.168,170.168,0.07,17.09,0.06,10.0,0.08,63.12,0.09,53.1,0.92,187.12,0.91,25.1,0.93,22.09,0.94,10.0,0.01,0.01,2358.581533,1776313368000
1776313370.462,170.462,0.07,38.96,0.06,10.0,0.08,68.12,0.09,53.1,0.92,63.12,0.91,53.1,0.93,17.09,0.94,10.0,0.01,0.01,2358.581533,1776313368000
1776313370.79,170.79,0.07,32.8,0.06,35.0,0.08,81.4,0.09,53.1,0.92,68.12,0.91,53.1,0.93,38.96,0.94,10.0,0.01,0.01,2358.337198,1776313369000
1776313371.168,171.168,0.07,32.8,0.06,35.0,0.08,179.01,0.09,48.1,0.92,81.4,0.91,53.1,0.93,32.8,0.94,35.0,0.01,0.01,2358.337198,1776313369000
1776313374.082,174.082,0.07,21.87,0.06,41.0,0.08,196.89,0.09,103.1,0.92,179.01,0.91,48.1,0.93,32.8,0.94,35.0,0.01,0.01,2358.31849,1776313373000
1776313380.008,180.008,0.06,35.0,0.05,189.64,0.07,10.03,0.08,106.51,0.92,196.89,0.91,103.1,0.93,21.87,0.94,41.0,0.01,0.01,2358.353258,1776313379000
1776313380.947,180.947,0.06,4.68,0.05,131.64,0.07,139.33,0.08,148.46,0.93,10.03,0.92,106.51,0.94,35.0,0.95,189.64,0.01,0.01,2358.287627,1776313380000
1776313381.4,181.4,0.06,0.47,0.05,106.64,0.07,139.33,0.08,254.46,0.93,144.33,0.92,148.46,0.94,2.59,0.95,131.64,0.01,0.01,2358.287627,1776313380000
1776313381.681,181.681,0.05,104.01,0.04,93.0,0.07,194.33,0.08,248.46,0.93,139.33,0.92,254.46,0.94,0.47,0.95,106.64,0.02,0.01,2358.287627,1776313380000
1776313383.449,183.449,0.05,18.21,0.04,35.0,0.06,284.8,0.07,338.22,0.93,194.33,0.92,248.46,0.95,104.01,0.96,93.0,0.01,0.02,2358.240464,1776313382000
1776313384.077,184.077,0.04,15.0,0.03,406.0,0.06,324.8,0.07,208.33,0.94,289.8,0.93,338.22,0.96,35.0,0.97,406.0,0.02,0.02,2358.22819,1776313383000
1776313384.663,184.663,0.03,400.94,0.02,252.0,0.04,234.0,0.05,100.0,0.94,324.8,0.93,368.24,0.97,406.0,0.98,252.0,0.01,0.03,2358.22819,1776313383000
1776313385.008,185.008,0.03,399.9,0.02,252.0,0.04,204.0,0.05,100.0,0.96,234.0,0.95,100.0,0.97,400.94,0.98,252.0,0.01,0.01,2357.91854,1776313384000
1776313385.582,185.582,0.03,384.9,0.02,252.0,0.04,252.96,0.05,180.8,0.96,250.0,0.95,105.0,0.97,379.9,0.98,252.0,0.01,0.01,2357.91854,1776313384000
1776313386.661,186.661,0.03,379.9,0.02,310.0,0.04,113.96,0.05,5.0,0.96,252.96,0.95,180.8,0.97,384.9,0.98,252.0,0.01,0.01,2357.687558,1776313385000
1776313387.417,187.417,0.04,9.94,0.03,404.9,0.05,107.68,0.06,83.8,0.95,5.0,0.94,88.8,0.97,384.9,0.98,310.0,0.01,0.02,2357.731647,1776313386000
1776313387.782,187.782,0.04,4.73,0.03,446.9,0.05,107.68,0.06,83.8,0.95,107.68,0.94,83.8,0.96,9.94,0.97,404.9,0.01,0.01,2357.731647,1776313386000
1776313391.511,191.511,0.04,35.0,0.03,285.9,0.05,147.48,0.06,218.8,0.95,107.68,0.94,83.8,0.96,4.73,0.97,446.9,0.01,0.01,2358.086604,1776313389000
1776313393.883,193.883,0.04,29.79,0.03,279.9,0.05,210.01,0.06,333.76,0.95,147.48,0.94,218.8,0.96,35.0,0.97,285.9,0.01,0.01,2357.746162,1776313392000
1776313396.715,196.715,0.04,20.79,0.03,279.9,0.05,374.11,0.06,333.76,0.95,210.01,0.94,333.76,0.96,29.79,0.97,279.9,0.01,0.01,2357.748012,1776313395000
1776313396.982,196.982,0.04,16.79,0.03,279.9,0.05,369.11,0.06,241.88,0.95,374.11,0.94,333.76,0.96,20.79,0.97,279.9,0.01,0.01,2357.748012,1776313395000
1776313397.845,197.845,0.04,16.79,0.03,279.9,0.05,253.11,0.06,241.88,0.95,369.11,0.94,241.88,0.96,16.79,0.97,279.9,0.01,0.01,2357.751193,1776313396000
1776313398.229,198.229,0.03,277.49,0.02,310.0,0.05,263.11,0.06,235.26,0.95,253.11,0.94,241.88,0.96,16.79,0.97,279.9,0.02,0.01,2357.751193,1776313396000
1776313398.694,198.694,0.03,266.49,0.02,310.0,0.04,203.7,0.05,256.11,0.95,263.11,0.94,235.26,0.97,277.49,0.98,310.0,0.01,0.02,2357.680517,1776313397000
1776313401.84,201.84,0.03,257.49,0.02,310.0,0.04,244.23,0.05,348.17,0.96,203.7,0.95,256.11,0.97,262.49,0.98,310.0,0.01,0.01,2357.702802,1776313400000
1776313403.123,203.123,0.03,217.49,0.02,316.0,0.04,277.23,0.05,326.17,0.96,244.23,0.95,348.17,0.97,257.49,0.98,310.0,0.01,0.01,2357.648934,1776313402000
1776313403.722,203.722,0.03,213.49,0.02,316.0,0.04,262.23,0.05,304.07,0.96,277.23,0.95,326.17,0.97,217.49,0.98,316.0,0.01,0.01,2357.648934,1776313402000
1776313404.3,204.3,0.03,112.49,0.02,316.0,0.04,262.23,0.05,283.37,0.96,262.23,0.95,304.07,0.97,213.49,0.98,316.0,0.01,0.01,2357.597093,1776313403000
1776313404.55,204.55,0.03,101.48,0.02,316.0,0.04,212.23,0.05,283.37,0.96,262.23,0.95,283.37,0.97,96.48,0.98,316.0,0.01,0.01,2357.597093,1776313403000
1776313405.008,205.008,0.03,80.73,0.02,316.0,0.04,230.23,0.05,193.48,0.96,212.23,0.95,283.37,0.97,101.48,0.98,316.0,0.01,0.01,2357.597093,1776313403000
1776313405.436,205.436,0.03,75.73,0.02,316.0,0.04,405.42,0.05,193.48,0.96,230.23,0.95,193.48,0.97,80.73,0.98,316.0,0.01,0.01,2357.677487,1776313404000
1776313405.638,205.638,0.03,54.73,0.02,316.0,0.04,458.42,0.05,193.48,0.96,405.42,0.95,193.48,0.97,75.73,0.98,316.0,0.01,0.01,2357.677487,1776313404000
1776313409.221,209.221,0.03,51.63,0.02,258.0,0.04,468.42,0.05,218.48,0.96,458.42,0.95,193.48,0.97,54.73,0.98,316.0,0.01,0.01,2357.678773,1776313408000
1776313413.12,213.12,0.03,46.63,0.02,358.0,0.04,310.23,0.05,267.0,0.96,468.42,0.95,218.48,0.97,51.63,0.98,258.0,0.01,0.01,2357.667874,1776313411000
1776313414.469,214.469,0.03,24.63,0.02,358.0,0.04,305.23,0.05,267.0,0.96,305.23,0.95,267.0,0.97,46.63,0.98,358.0,0.01,0.01,2357.705433,1776313413000
1776313414.715,214.715,0.03,24.63,0.02,358.0,0.04,310.23,0.05,337.0,0.96,305.23,0.95,267.0,0.97,24.63,0.98,358.0,0.01,0.01,2357.705433,1776313413000
1776313415.621,215.621,0.02,331.0,0.01,1637.0,0.03,582.6,0.04,250.7,0.97,26.92,0.96,411.23,0.98,358.0,0.99,2137.0,0.01,0.01,2357.711702,1776313414000
1776313415.896,215.896,0.02,324.0,0.01,2037.0,0.03,552.15,0.04,250.7,0.97,582.6,0.96,250.7,0.98,331.0,0.99,1637.0,0.01,0.01,2357.711702,1776313414000
1776313416.541,216.541,0.02,321.95,0.01,2337.0,0.03,528.15,0.04,184.7,0.97,552.15,0.96,250.7,0.98,324.0,0.99,2037.0,0.01,0.01,2357.64862,1776313415000
1776313420.648,220.648,0.02,262.85,0.01,2343.0,0.03,437.46,0.04,179.7,0.97,528.15,0.96,179.7,0.98,312.85,0.99,2337.0,0.01,0.01,2357.489227,1776313419000
1776313422.19,222.19,0.02,252.85,0.01,1643.0,0.03,437.46,0.04,179.7,0.97,437.46,0.96,179.7,0.98,262.85,0.99,2343.0,0.01,0.01,2357.521822,1776313420000
1776313424.906,224.906,0.02,250.8,0.01,1714.0,0.03,348.46,0.04,248.7,0.97,437.46,0.96,179.7,0.98,247.85,0.99,1643.0,0.01,0.01,2357.527298,1776313423000
1776313425.803,225.803,0.02,195.8,0.01,1708.0,0.03,348.46,0.04,248.7,0.97,348.46,0.96,248.7,0.98,250.8,0.99,1714.0,0.01,0.01,2357.527736,1776313424000
1776313426.159,226.159,0.02,198.75,0.01,1701.0,0.03,348.46,0.04,223.7,0.97,348.46,0.96,248.7,0.98,195.8,0.99,1708.0,0.01,0.01,2357.527736,1776313424000
1776313426.588,226.588,0.02,196.7,0.01,1757.0,0.03,348.46,0.04,223.7,0.97,348.46,0.96,223.7,0.98,198.75,0.99,1701.0,0.01,0.01,2357.527736,1776313424000
1776313426.902,226.902,0.02,186.7,0.01,1701.0,0.03,353.46,0.04,223.7,0.97,348.46,0.96,223.7,0.98,196.7,0.99,1757.0,0.01,0.01,2357.708269,1776313425000
1776313427.594,227.594,0.02,188.09,0.01,1701.0,0.03,229.76,0.04,221.7,0.97,348.46,0.96,223.7,0.98,184.65,0.99,1701.0,0.01,0.01,2357.726013,1776313426000
1776313427.817,227.817,0.02,183.09,0.01,1695.0,0.03,203.76,0.04,184.7,0.97,223.76,0.96,221.7,0.98,188.09,0.99,1701.0,0.01,0.01,2357.726013,1776313426000
1776313431.918,231.918,0.02,177.98,0.01,1937.0,0.03,478.46,0.04,163.7,0.97,203.76,0.96,184.7,0.98,183.09,0.99,1695.0,0.01,0.01,2357.860683,1776313430000
1776313433.409,233.409,0.02,156.95,0.01,2337.0,0.03,478.46,0.04,163.7,0.97,484.46,0.96,163.7,0.98,157.98,0.99,1943.0,0.01,0.01,2357.757948,1776313432000
1776313434.85,234.85,0.02,146.95,0.01,2343.0,0.03,438.46,0.04,163.7,0.97,478.46,0.96,163.7,0.98,156.95,0.99,2337.0,0.01,0.01,2357.728939,1776313433000
1776313436.348,236.348,0.02,144.9,0.01,2343.0,0.03,450.46,0.04,163.7,0.97,416.46,0.96,163.7,0.98,146.95,0.99,2343.0,0.01,0.01,2357.713698,1776313435000
1776313437.612,237.612,0.02,32.73,0.01,1643.0,0.03,455.46,0.04,163.7,0.97,450.46,0.96,163.7,0.98,144.9,0.99,2343.0,0.01,0.01,2357.599387,1776313436000
1776313438.894,238.894,0.02,28.73,0.01,1643.0,0.03,460.46,0.04,173.7,0.97,455.46,0.96,163.7,0.98,32.73,0.99,1643.0,0.01,0.01,2357.596538,1776313437000
1776313439.342,239.342,0.02,23.73,0.01,1643.0,0.03,455.46,0.04,173.7,0.97,460.46,0.96,173.7,0.98,28.73,0.99,1643.0,0.01,0.01,2357.59475,1776313438000
1776313440.266,240.266,0.02,13.52,0.01,1643.0,0.03,334.46,0.04,48.7,0.97,455.46,0.96,173.7,0.98,23.73,0.99,1643.0,0.01,0.01,2357.614979,1776313439000
1776313441.04,241.04,0.02,11.47,0.01,1643.0,0.03,317.46,0.04,48.7,0.97,334.46,0.96,48.7,0.98,13.52,0.99,1643.0,0.01,0.01,2357.614979,1776313439000
1776313441.368,241.368,0.02,10.44,0.01,1637.0,0.03,311.46,0.04,48.7,0.97,317.46,0.96,48.7,0.98,11.47,0.99,1643.0,0.01,0.01,2357.67816,1776313440000
1776313441.677,241.677,0.02,5.61,0.01,1637.0,0.03,311.46,0.04,48.7,0.97,311.46,0.96,48.7,0.98,10.44,0.99,1637.0,0.01,0.01,2357.67816,1776313440000
1776313443.371,243.371,0.02,0.46,0.01,1637.0,0.03,328.46,0.04,48.7,0.97,311.46,0.96,48.7,0.98,5.61,0.99,1637.0,0.01,0.01,2357.659619,1776313441000
1776313443.95,243.95,0.01,1637.0,,,0.02,19.54,0.03,386.46,0.97,328.46,0.96,48.7,0.98,0.46,0.99,1637.0,0.01,0.01,2357.659619,1776313441000
1776313444.272,244.272,0.01,1632.0,,,0.02,222.07,0.03,297.93,0.98,19.54,0.97,386.46,0.99,1637.0,,,0.01,0.01,2357.662599,1776313442000
1776313444.559,244.559,0.01,1627.0,,,0.02,417.77,0.03,297.93,0.98,222.07,0.97,297.93,0.99,1632.0,,,0.01,0.01,2357.662599,1776313442000
1776313445.336,245.336,0.01,1623.92,,,0.02,470.39,0.03,188.62,0.98,470.93,0.97,229.62,0.99,1627.0,,,0.01,0.01,2357.658111,1776313443000
1776313445.649,245.649,0.01,1617.9,,,0.02,470.39,0.03,188.62,0.98,470.39,0.97,188.62,0.99,1623.92,,,0.01,0.01,2357.658111,1776313443000
1776313446.564,246.564,0.01,617.9,,,0.02,470.39,0.03,188.62,0.98,470.39,0.97,188.62,0.99,1617.9,,,0.01,0.01,2357.552103,1776313445000
1776313446.776,246.776,0.01,593.16,,,0.02,470.39,0.03,188.62,0.98,470.39,0.97,188.62,0.99,598.36,,,0.01,0.01,2357.552103,1776313445000
1776313446.984,246.984,,,,,0.01,1935.84,0.02,415.23,0.98,415.23,0.97,178.62,0.99,589.16,,,,0.01,2357.552103,1776313445000
1776313447.2,247.2,,,,,0.01,1991.84,0.02,398.23,0.99,1935.84,0.98,415.23,,,,,,,2357.552103,1776313445000
1776313447.861,247.861,,,,,0.01,2243.5,0.02,346.23,0.99,1991.84,0.98,398.23,,,,,,,2357.547965,1776313446000
1776313450.632,250.632,,,,,0.01,2233.56,0.02,346.23,0.99,2243.5,0.98,346.23,,,,,,,2357.665092,1776313449000
1776313451.446,251.446,,,,,0.01,393.66,0.02,288.23,0.99,2232.46,0.98,346.23,,,,,,,2357.691604,1776313450000
1776313451.653,251.653,,,,,0.02,256.89,0.03,236.62,0.99,80.0,0.98,256.89,,,,,,,2357.691604,1776313450000
1776313451.927,251.927,0.01,5.0,,,0.02,111.89,0.03,231.62,0.98,96.89,0.97,231.62,0.99,10.0,,,0.01,0.01,2357.691604,1776313450000
1776313452.139,252.139,,,,,0.01,295.0,0.02,226.33,0.98,111.89,0.97,231.62,0.99,5.0,,,,0.01,2357.691604,1776313450000
1776313468.151,268.151,,,,,0.01,701.16,0.02,262.33,0.99,295.0,0.98,226.33,,,,,,,2358.339289,1776313467000
1776313470.49,270.49,,,,,0.01,1511.65,0.02,262.33,0.99,701.16,0.98,262.33,,,,,,,2358.292561,1776313469000
1776313499.836,299.836,,,,,0.01,43811.31,0.02,260.44,0.99,1511.65,0.98,262.33,,,,,,,2357.717515,1776313498000

# RESULT,winner=Down,slug=eth-updown-5m-1776313200,ticks=205
