timestamp,elapsed_sec,up_bid_p1,up_bid_s1,up_bid_p2,up_bid_s2,up_ask_p1,up_ask_s1,up_ask_p2,up_ask_s2,down_bid_p1,down_bid_s1,down_bid_p2,down_bid_s2,down_ask_p1,down_ask_s1,down_ask_p2,down_ask_s2,up_spread,down_spread,eth_price,eth_oracle_ts
1776192611.47,11.47,0.44,17.14,0.43,30.5,0.45,31.48,0.46,119.66,0.55,31.48,0.54,119.66,0.56,15.0,0.57,30.5,0.01,0.01,2311.193826,1776192609000
1776192611.908,11.908,0.43,18.77,0.42,20.0,0.44,25.5,0.45,136.98,0.55,31.48,0.54,119.66,0.56,15.0,0.57,30.5,0.01,0.01,2311.193826,1776192609000
1776192612.132,12.132,0.42,12.23,0.41,95.5,0.44,35.5,0.45,141.98,0.56,40.5,0.55,141.98,0.58,17.41,0.59,95.5,0.02,0.02,2311.333145,1776192611000
1776192612.333,12.333,0.42,5.0,0.41,70.5,0.43,60.0,0.44,35.5,0.56,35.5,0.55,141.98,0.58,12.23,0.59,95.5,0.01,0.02,2311.333145,1776192611000
1776192612.656,12.656,0.42,10.0,0.41,80.5,0.43,40.0,0.44,35.5,0.57,60.0,0.56,35.5,0.58,5.0,0.59,70.5,0.01,0.01,2311.333145,1776192611000
1776192613.31,13.31,0.42,15.0,0.41,105.5,0.43,15.0,0.44,10.0,0.56,10.0,0.55,126.98,0.58,10.0,0.59,70.5,0.01,0.02,2311.333145,1776192611000
1776192613.684,13.684,0.42,15.0,0.41,95.0,0.43,22.36,0.44,25.5,0.57,11.86,0.56,15.5,0.58,10.0,0.59,105.5,0.01,0.01,2311.333145,1776192611000
1776192613.919,13.919,0.42,10.0,0.41,112.5,0.43,15.34,0.44,25.5,0.57,22.36,0.56,25.5,0.58,15.0,0.59,95.0,0.01,0.01,2311.8025,1776192612000
1776192614.353,14.353,0.42,20.58,0.41,105.5,0.43,45.5,0.44,35.5,0.57,15.34,0.56,25.5,0.58,10.0,0.59,112.5,0.01,0.01,2311.8025,1776192612000
1776192615.122,15.122,0.42,20.58,0.41,105.5,0.43,45.5,0.44,35.5,0.57,45.5,0.56,35.5,0.58,20.58,0.59,105.5,0.01,0.01,2311.73212,1776192614000
1776192615.384,15.384,0.44,32.5,0.43,45.5,0.46,15.0,0.47,25.88,0.55,6.48,0.54,15.0,0.57,17.0,0.58,77.4,0.02,0.02,2311.73212,1776192614000
1776192615.65,15.65,0.45,25.0,0.44,30.5,0.47,20.02,0.48,131.5,0.53,0.02,0.52,126.5,0.55,10.0,0.56,30.5,0.02,0.02,2311.73212,1776192614000
1776192615.879,15.879,0.46,85.5,0.45,40.5,0.48,3.93,0.49,120.5,0.53,20.02,0.52,131.5,0.55,25.0,0.56,30.5,0.02,0.02,2311.73212,1776192614000
1776192616.459,16.459,0.48,5.0,0.47,35.5,0.49,14.88,0.5,137.0,0.51,17.95,0.5,142.5,0.52,20.0,0.53,15.0,0.01,0.01,2311.73212,1776192614000
1776192616.744,16.744,0.48,15.0,0.47,35.5,0.49,0.59,0.5,137.0,0.51,0.59,0.5,137.0,0.52,15.0,0.53,35.5,0.01,0.01,2311.68888,1776192615000
1776192617.063,17.063,0.49,20.0,0.48,47.5,0.5,25.89,0.51,70.0,0.51,0.59,0.5,137.0,0.52,15.0,0.53,35.5,0.01,0.01,2311.68888,1776192615000
1776192617.365,17.365,0.51,115.0,0.5,26.0,0.52,51.06,0.53,5.0,0.48,150.06,0.47,125.5,0.51,60.5,0.52,37.5,0.01,0.03,2311.68888,1776192615000
1776192617.7,17.7,0.51,139.5,0.5,43.5,0.52,37.86,0.53,5.0,0.48,51.06,0.47,5.0,0.49,115.0,0.5,26.0,0.01,0.01,2311.835433,1776192616000
1776192617.907,17.907,0.51,88.5,0.5,33.5,0.52,19.85,0.53,5.0,0.48,28.77,0.47,5.0,0.49,128.5,0.5,38.5,0.01,0.01,2311.835433,1776192616000
1776192618.369,18.369,0.61,37.0,0.6,18.33,0.69,68.68,0.71,10.0,0.31,68.68,0.29,10.0,0.39,37.0,0.4,18.33,0.08,0.08,2312.339663,1776192617000
1776192618.677,18.677,0.69,28.98,0.68,90.0,0.71,162.96,0.72,100.0,0.29,62.96,0.27,100.0,0.3,26.49,0.31,32.49,0.02,0.01,2312.339663,1776192617000
1776192618.9,18.9,0.7,72.0,0.69,108.98,0.71,158.24,0.72,110.0,0.29,153.24,0.28,100.0,0.3,62.0,0.31,33.98,0.01,0.01,2312.339663,1776192617000
1776192619.19,19.19,0.7,59.66,0.69,28.98,0.71,76.61,0.72,100.0,0.29,104.15,0.28,100.0,0.3,20.66,0.31,108.98,0.01,0.01,2312.590564,1776192618000
1776192619.734,19.734,0.7,70.16,0.69,44.48,0.73,36.26,0.74,194.0,0.29,63.31,0.28,100.0,0.3,59.66,0.31,33.98,0.03,0.01,2312.590564,1776192618000
1776192619.965,19.965,0.72,33.0,0.71,10.0,0.73,15.0,0.74,94.0,0.27,25.73,0.26,194.0,0.3,70.16,0.31,44.48,0.01,0.03,2312.590564,1776192618000
1776192620.23,20.23,0.72,33.0,0.71,10.0,0.74,7.02,0.75,10.0,0.25,10.0,0.24,60.0,0.28,33.0,0.29,10.0,0.02,0.03,2312.590564,1776192618000
1776192620.541,20.541,0.72,33.0,0.7,15.0,0.75,1.72,0.76,60.0,0.26,2.02,0.25,10.0,0.28,43.0,0.29,10.0,0.03,0.02,2315.531003,1776192619000
1776192620.785,20.785,0.72,42.0,0.71,18.0,0.73,5.89,0.74,7.02,0.27,5.89,0.26,7.02,0.28,38.0,0.29,10.0,0.01,0.01,2315.531003,1776192619000
1776192621.028,21.028,0.71,2.76,0.7,10.0,0.75,20.0,0.76,155.08,0.25,20.0,0.24,155.08,0.29,2.76,0.3,10.0,0.04,0.04,2316.889626,1776192620000
1776192621.595,21.595,0.7,10.0,0.69,20.98,0.71,5.0,0.72,91.0,0.28,80.0,0.27,10.0,0.3,8.66,0.31,20.98,0.01,0.02,2316.889626,1776192620000
1776192621.925,21.925,0.7,30.0,0.69,25.98,0.71,0.38,0.72,91.0,0.29,0.38,0.28,91.0,0.3,10.0,0.31,20.98,0.01,0.01,2316.889626,1776192620000
1776192622.28,22.28,0.7,30.0,0.69,25.98,0.71,5.28,0.72,96.7,0.29,5.28,0.28,96.7,0.3,30.0,0.31,25.98,0.01,0.01,2316.788325,1776192621000
1776192622.72,22.72,0.69,8.98,0.67,5.0,0.71,107.38,0.72,113.0,0.29,5.28,0.28,96.7,0.3,30.0,0.31,25.98,0.02,0.01,2316.788325,1776192621000
1776192623.035,23.035,0.65,3.28,0.64,10.0,0.66,8.31,0.67,10.0,0.32,6.64,0.3,10.0,0.35,3.28,0.36,10.0,0.01,0.03,2316.788325,1776192621000
1776192623.601,23.601,0.63,18.0,0.62,23.0,0.66,8.31,0.67,10.0,0.34,8.31,0.33,10.0,0.37,18.0,0.38,23.0,0.03,0.03,2316.226383,1776192622000
1776192624.019,24.019,0.64,30.0,0.63,23.0,0.65,7.85,0.66,6.0,0.34,8.31,0.33,10.0,0.37,18.0,0.38,23.0,0.01,0.03,2316.226383,1776192622000
1776192624.222,24.222,0.64,16.11,0.63,23.0,0.65,7.85,0.66,6.0,0.35,7.85,0.34,6.0,0.36,16.11,0.37,23.0,0.01,0.01,2316.037287,1776192623000
1776192624.514,24.514,0.65,24.3,0.64,29.11,0.66,19.0,0.67,21.0,0.35,7.85,0.34,6.0,0.36,16.11,0.37,23.0,0.01,0.01,2316.037287,1776192623000
1776192624.837,24.837,0.65,39.3,0.64,14.11,0.66,5.0,0.67,21.0,0.34,19.0,0.33,21.0,0.35,24.3,0.36,29.11,0.01,0.01,2316.037287,1776192623000
1776192625.158,25.158,0.66,55.0,0.65,53.5,0.68,11.0,0.69,20.5,0.34,5.0,0.33,21.0,0.35,39.3,0.36,14.11,0.02,0.01,2316.037287,1776192623000
1776192625.578,25.578,0.68,6.87,0.67,35.5,0.69,9.0,0.7,20.0,0.32,35.72,0.31,20.5,0.33,35.0,0.34,40.0,0.01,0.01,2316.037287,1776192623000
1776192625.823,25.823,0.69,10.0,0.68,43.5,0.71,26.92,0.72,125.5,0.29,16.92,0.28,115.0,0.32,8.0,0.33,34.7,0.02,0.03,2315.38756,1776192624000
1776192626.079,26.079,0.69,5.13,0.68,43.5,0.71,31.82,0.72,136.5,0.29,26.82,0.28,131.5,0.3,1.66,0.31,27.27,0.02,0.01,2315.38756,1776192624000
1776192626.613,26.613,0.69,10.0,0.68,30.0,0.7,36.0,0.71,31.82,0.29,31.82,0.28,136.5,0.31,5.13,0.32,43.5,0.01,0.02,2315.44735,1776192625000
1776192626.988,26.988,0.69,20.0,0.68,20.0,0.7,26.0,0.71,42.32,0.3,31.0,0.29,31.82,0.31,10.0,0.32,30.0,0.01,0.01,2315.44735,1776192625000
1776192627.654,27.654,0.69,20.0,0.68,20.0,0.7,26.0,0.71,42.32,0.3,26.0,0.29,42.32,0.31,20.0,0.32,20.0,0.01,0.01,2315.56914,1776192626000
1776192628.065,28.065,0.73,11.84,0.72,27.0,0.74,9.0,0.75,10.0,0.28,20.65,0.27,10.0,0.31,75.5,0.32,30.5,0.01,0.03,2315.56914,1776192626000
1776192628.373,28.373,0.73,38.0,0.72,36.0,0.74,3.64,0.75,13.0,0.24,27.12,0.23,35.0,0.27,5.0,0.28,20.0,0.01,0.03,2315.56914,1776192626000
1776192628.612,28.612,0.75,28.0,0.74,41.0,0.76,3.0,0.77,10.0,0.24,3.0,0.23,10.0,0.25,28.0,0.26,41.0,0.01,0.01,2316.13637,1776192627000
1776192628.952,28.952,0.75,25.0,0.74,46.5,0.76,0.97,0.77,14.15,0.23,8.15,0.22,20.5,0.25,20.0,0.26,36.0,0.01,0.02,2316.13637,1776192627000
1776192629.331,29.331,0.75,10.0,0.74,23.0,0.76,10.0,0.77,28.65,0.23,10.17,0.22,58.5,0.25,20.0,0.26,36.0,0.01,0.02,2316.177978,1776192628000
1776192629.821,29.821,0.76,25.0,0.75,15.0,0.77,19.01,0.78,42.5,0.23,23.95,0.22,42.5,0.25,0.28,0.26,23.0,0.01,0.02,2316.177978,1776192628000
1776192630.249,30.249,0.76,30.0,0.75,20.0,0.78,42.5,0.79,100.0,0.22,42.5,0.21,100.0,0.24,30.0,0.25,20.0,0.02,0.02,2317.053669,1776192629000
1776192630.456,30.456,0.67,55.0,0.66,60.0,0.7,10.0,0.71,10.0,0.23,40.0,0.22,90.5,0.3,5.0,0.32,10.0,0.03,0.07,2317.053669,1776192629000
1776192630.682,30.682,0.67,49.9,0.66,65.0,0.68,28.0,0.69,20.5,0.32,20.5,0.31,20.5,0.33,44.9,0.34,90.0,0.01,0.01,2317.053669,1776192629000
1776192631.024,31.024,0.67,49.9,0.66,65.0,0.68,29.94,0.69,20.5,0.32,19.76,0.31,20.5,0.33,44.9,0.34,60.0,0.01,0.01,2317.053669,1776192629000
1776192631.294,31.294,0.68,10.0,0.67,94.9,0.69,8.97,0.7,170.5,0.32,9.45,0.31,20.5,0.33,54.9,0.34,65.0,0.01,0.01,2317.078182,1776192630000
1776192631.728,31.728,0.68,20.0,0.67,94.9,0.69,1.97,0.7,106.5,0.31,8.97,0.3,106.5,0.32,19.83,0.33,94.9,0.01,0.01,2317.078182,1776192630000
1776192632.249,32.249,0.69,15.0,0.68,50.0,0.7,91.23,0.71,32.5,0.31,1.97,0.3,106.5,0.32,20.0,0.33,94.9,0.01,0.01,2317.078182,1776192630000
1776192632.482,32.482,0.69,15.0,0.68,30.0,0.7,101.23,0.71,32.5,0.3,91.23,0.29,32.5,0.31,15.0,0.32,50.0,0.01,0.01,2316.71176,1776192631000
1776192632.799,32.799,0.69,25.0,0.68,15.0,0.7,90.51,0.71,32.5,0.3,101.23,0.29,32.5,0.31,15.0,0.32,30.0,0.01,0.01,2316.71176,1776192631000
1776192633.007,33.007,0.68,23.81,0.67,59.9,0.7,90.51,0.71,32.5,0.3,90.51,0.29,32.5,0.31,9.81,0.32,25.0,0.02,0.01,2316.71176,1776192631000
1776192633.319,33.319,0.68,23.81,0.67,59.9,0.7,90.51,0.71,32.5,0.3,90.51,0.29,32.5,0.32,23.81,0.33,59.9,0.02,0.02,2315.394155,1776192632000
1776192633.579,33.579,0.68,28.81,0.67,70.4,0.69,7.6,0.7,85.51,0.31,19.05,0.3,85.51,0.32,28.81,0.33,59.9,0.01,0.01,2315.394155,1776192632000
1776192633.912,33.912,0.69,15.0,0.68,115.68,0.7,35.51,0.71,32.5,0.3,85.51,0.29,32.5,0.32,75.68,0.33,70.4,0.01,0.02,2315.394155,1776192632000
1776192634.258,34.258,0.69,20.0,0.68,70.68,0.72,12.54,0.73,31.0,0.28,12.54,0.27,31.0,0.31,20.0,0.32,70.68,0.03,0.03,2315.370373,1776192633000
1776192634.646,34.646,0.66,5.0,0.65,15.0,0.67,201.5,0.68,95.0,0.31,52.48,0.3,45.49,0.34,5.0,0.35,15.0,0.01,0.03,2315.370373,1776192633000
1776192635.031,35.031,0.65,9.02,0.64,6.11,0.67,293.0,0.68,15.0,0.33,223.5,0.32,95.0,0.35,9.02,0.36,6.11,0.02,0.02,2315.370373,1776192633000
1776192635.236,35.236,0.63,15.0,0.62,15.0,0.64,7.77,0.65,40.5,0.34,80.0,0.33,213.0,0.36,6.11,0.37,15.0,0.01,0.02,2315.370373,1776192633000
1776192635.94,35.94,0.55,11.13,0.54,15.0,0.58,10.0,0.59,10.0,0.36,75.5,0.35,20.5,0.42,10.0,0.43,34.0,0.03,0.06,2315.44861,1776192634000
1776192636.252,36.252,0.56,15.0,0.55,7.11,0.58,5.17,0.59,10.0,0.42,15.0,0.41,60.0,0.45,7.11,0.46,15.0,0.02,0.03,2315.44861,1776192634000
1776192636.598,36.598,0.57,26.0,0.56,10.13,0.59,6.17,0.6,15.0,0.42,5.17,0.41,10.0,0.44,10.13,0.45,13.11,0.02,0.02,2314.92241,1776192635000
1776192637.253,37.253,0.58,15.0,0.57,41.0,0.59,20.0,0.6,5.0,0.41,6.17,0.4,15.0,0.43,26.0,0.44,10.13,0.01,0.02,2314.92241,1776192635000
1776192637.874,37.874,0.58,6.0,0.57,6.0,0.59,114.33,0.6,28.0,0.41,20.0,0.4,5.0,0.42,15.0,0.43,41.0,0.01,0.01,2314.145662,1776192636000
1776192638.248,38.248,0.55,10.0,0.54,7.85,0.57,35.0,0.58,18.0,0.41,114.33,0.4,28.0,0.46,7.85,0.47,10.0,0.02,0.05,2314.145662,1776192636000
1776192639.273,39.273,0.55,12.77,0.54,22.85,0.56,10.0,0.57,10.0,0.43,35.0,0.42,18.0,0.45,10.0,0.46,7.85,0.01,0.02,2313.691587,1776192637000
1776192639.769,39.769,0.58,23.62,0.57,20.0,0.59,2.86,0.6,25.0,0.44,10.0,0.43,10.0,0.45,12.77,0.46,22.85,0.01,0.01,2313.713576,1776192638000
1776192640.308,40.308,0.56,7.0,0.55,10.0,0.57,10.0,0.58,15.0,0.41,10.0,0.4,11.34,0.43,1.0,0.44,31.0,0.01,0.02,2313.713576,1776192638000
1776192640.621,40.621,0.56,4.72,0.55,15.0,0.58,7.45,0.59,10.0,0.43,2.5,0.42,10.0,0.44,4.72,0.45,10.0,0.02,0.01,2313.44648,1776192639000
1776192640.83,40.83,0.57,6.0,0.56,9.72,0.58,23.28,0.59,10.0,0.42,5.72,0.41,10.0,0.43,6.0,0.44,9.72,0.01,0.01,2313.44648,1776192639000
1776192641.116,41.116,0.57,15.88,0.56,29.72,0.58,17.78,0.59,20.5,0.42,17.78,0.41,20.5,0.43,1.0,0.44,19.72,0.01,0.01,2313.44648,1776192639000
1776192641.491,41.491,0.57,30.76,0.56,19.72,0.58,10.0,0.59,18.59,0.41,13.59,0.4,33.5,0.43,45.88,0.44,29.72,0.01,0.02,2313.44648,1776192639000
1776192641.91,41.91,0.57,30.76,0.56,19.72,0.58,10.0,0.59,18.59,0.42,10.0,0.41,18.59,0.43,30.76,0.44,19.72,0.01,0.01,2313.688696,1776192641000
1776192642.6,42.6,0.57,40.0,0.56,14.72,0.59,8.59,0.6,5.0,0.42,10.0,0.41,18.59,0.43,25.76,0.44,14.72,0.02,0.01,2313.688696,1776192641000
1776192643.118,43.118,0.58,175.5,0.57,192.38,0.59,3.5,0.6,5.0,0.41,8.59,0.4,15.0,0.43,29.88,0.44,14.72,0.01,0.02,2313.688696,1776192641000
1776192643.463,43.463,0.63,45.5,0.62,64.5,0.65,5.0,0.66,5.0,0.36,5.0,0.35,15.0,0.37,5.4,0.38,10.0,0.02,0.01,2313.688696,1776192641000
1776192644.27,44.27,0.63,45.5,0.62,64.5,0.65,5.0,0.66,5.0,0.35,5.0,0.34,5.0,0.37,45.5,0.38,64.5,0.02,0.02,2313.800572,1776192643000
1776192644.567,44.567,0.64,88.5,0.63,53.5,0.66,5.0,0.67,5.0,0.35,5.0,0.34,5.0,0.37,45.5,0.38,64.5,0.02,0.02,2313.800572,1776192643000
1776192645.0,45.0,0.67,10.0,0.66,20.0,0.69,6.63,0.7,18.49,0.31,11.42,0.3,28.49,0.34,10.0,0.35,13.0,0.02,0.03,2313.800572,1776192643000
1776192645.369,45.369,0.68,10.0,0.67,29.0,0.69,4.99,0.7,18.49,0.31,6.63,0.3,18.49,0.33,10.0,0.34,20.0,0.01,0.02,2313.800572,1776192643000
1776192645.69,45.69,0.68,10.0,0.67,29.0,0.69,4.99,0.7,18.49,0.31,4.99,0.3,18.49,0.32,10.0,0.33,29.0,0.01,0.01,2314.92721,1776192644000
1776192645.905,45.905,0.68,45.5,0.67,25.5,0.7,16.43,0.71,75.0,0.31,2.99,0.3,18.49,0.32,40.5,0.33,25.5,0.02,0.01,2314.92721,1776192644000
1776192646.239,46.239,0.69,25.5,0.68,55.5,0.7,36.47,0.71,75.0,0.3,16.43,0.29,75.0,0.32,45.5,0.33,25.5,0.01,0.02,2314.92721,1776192644000
1776192646.999,46.999,0.69,45.5,0.68,37.5,0.7,23.47,0.71,60.0,0.3,36.47,0.29,75.0,0.31,25.5,0.32,55.5,0.01,0.01,2315.064814,1776192645000
1776192647.386,47.386,0.69,36.79,0.68,37.5,0.7,5.0,0.71,60.0,0.3,5.0,0.29,60.0,0.31,36.79,0.32,37.5,0.01,0.01,2315.402026,1776192646000
1776192647.857,47.857,0.69,26.46,0.68,30.5,0.7,65.0,0.71,65.0,0.3,5.0,0.29,60.0,0.31,36.79,0.32,37.5,0.01,0.01,2315.402026,1776192646000
1776192648.264,48.264,0.69,48.46,0.68,11.0,0.7,204.85,0.71,147.5,0.3,65.0,0.29,65.0,0.31,16.46,0.32,30.5,0.01,0.01,2315.486901,1776192647000
1776192648.479,48.479,0.64,9.58,0.63,20.0,0.66,14.7,0.67,15.15,0.32,21.0,0.31,90.0,0.35,10.0,0.36,10.0,0.02,0.03,2315.486901,1776192647000
1776192648.767,48.767,0.64,15.0,0.63,15.0,0.65,4.15,0.66,10.0,0.34,5.0,0.33,15.0,0.35,7.79,0.36,20.0,0.01,0.01,2315.486901,1776192647000
1776192649.021,49.021,0.65,7.64,0.64,35.5,0.66,5.0,0.67,10.0,0.34,5.0,0.33,10.0,0.36,15.0,0.37,15.0,0.01,0.02,2315.486901,1776192647000
1776192649.319,49.319,0.65,19.78,0.64,25.5,0.67,5.0,0.68,21.0,0.33,5.0,0.32,21.0,0.35,19.78,0.36,25.5,0.02,0.02,2315.63905,1776192648000
1776192650.033,50.033,0.65,19.78,0.64,25.5,0.67,5.0,0.68,21.0,0.33,5.0,0.32,21.0,0.35,19.78,0.36,25.5,0.02,0.02,2315.576513,1776192649000
1776192650.248,50.248,0.63,43.5,0.62,21.0,0.66,116.0,0.67,60.0,0.34,116.0,0.33,60.0,0.35,8.78,0.36,10.5,0.03,0.01,2315.576513,1776192649000
1776192650.641,50.641,0.65,10.0,0.64,20.5,0.66,60.0,0.67,50.0,0.34,101.0,0.33,55.0,0.35,10.0,0.36,15.0,0.01,0.01,2315.576513,1776192649000
1776192651.095,51.095,0.65,10.0,0.64,20.5,0.66,60.0,0.67,50.0,0.34,60.0,0.33,50.0,0.35,10.0,0.36,20.5,0.01,0.01,2315.349282,1776192650000
1776192651.495,51.495,0.66,35.5,0.65,40.0,0.68,58.69,0.69,65.0,0.33,29.47,0.32,71.0,0.35,90.0,0.36,28.5,0.02,0.02,2315.349282,1776192650000
1776192652.179,52.179,0.66,35.5,0.65,40.0,0.68,58.69,0.69,65.0,0.32,58.69,0.31,65.0,0.34,35.5,0.35,40.0,0.02,0.02,2315.163885,1776192651000
1776192652.698,52.698,0.67,45.5,0.66,20.5,0.68,53.69,0.69,65.0,0.32,58.69,0.31,65.0,0.34,35.5,0.35,40.0,0.01,0.02,2315.163885,1776192651000
1776192652.957,52.957,0.67,62.46,0.66,20.5,0.68,53.69,0.69,65.0,0.32,53.69,0.31,65.0,0.33,45.5,0.34,20.5,0.01,0.01,2315.163885,1776192651000
1776192653.445,53.445,0.67,54.0,0.66,24.5,0.68,49.27,0.69,75.0,0.32,53.69,0.31,65.0,0.33,62.46,0.34,20.5,0.01,0.01,2315.163885,1776192651000
1776192654.351,54.351,0.67,24.19,0.66,10.5,0.68,60.79,0.69,75.0,0.32,60.79,0.31,75.0,0.33,24.19,0.34,10.5,0.01,0.01,2315.32624,1776192653000
1776192654.592,54.592,0.67,108.63,0.66,20.5,0.68,47.79,0.69,65.0,0.32,60.79,0.31,75.0,0.33,24.19,0.34,10.5,0.01,0.01,2315.32624,1776192653000
1776192655.316,55.316,0.67,87.63,0.66,20.5,0.68,42.79,0.69,65.0,0.32,42.79,0.31,65.0,0.33,87.63,0.34,20.5,0.01,0.01,2315.200894,1776192654000
1776192655.785,55.785,0.67,20.5,0.66,20.5,0.68,97.79,0.69,65.0,0.32,42.79,0.31,65.0,0.33,87.63,0.34,20.5,0.01,0.01,2315.200894,1776192654000
1776192656.331,56.331,0.67,45.5,0.66,20.5,0.68,16.31,0.69,50.0,0.32,97.79,0.31,65.0,0.33,20.5,0.34,20.5,0.01,0.01,2315.23722,1776192655000
1776192656.557,56.557,0.67,86.5,0.66,20.5,0.68,4.31,0.69,60.0,0.32,16.31,0.31,50.0,0.33,45.5,0.34,20.5,0.01,0.01,2315.23722,1776192655000
1776192657.133,57.133,0.67,81.5,0.66,20.5,0.69,60.0,0.7,62.85,0.31,60.0,0.3,62.85,0.33,81.5,0.34,20.5,0.02,0.02,2315.376546,1776192656000
1776192657.755,57.755,0.68,106.5,0.67,30.5,0.69,47.79,0.7,57.85,0.31,76.55,0.3,83.85,0.32,65.5,0.33,40.5,0.01,0.01,2315.376546,1776192656000
1776192658.054,58.054,0.68,111.5,0.67,110.5,0.69,37.79,0.7,47.85,0.31,47.79,0.3,57.85,0.32,106.5,0.33,30.5,0.01,0.01,2315.376546,1776192656000
1776192658.272,58.272,0.68,122.5,0.67,100.5,0.7,47.85,0.71,76.0,0.31,37.79,0.3,47.85,0.32,111.5,0.33,110.5,0.02,0.01,2315.376546,1776192656000
1776192658.806,58.806,0.68,122.5,0.67,100.5,0.7,47.85,0.71,76.0,0.3,47.85,0.29,76.0,0.32,122.5,0.33,100.5,0.02,0.02,2315.413707,1776192657000
1776192659.249,59.249,0.69,26.0,0.68,5.0,0.7,206.2,0.71,115.0,0.3,47.85,0.29,76.0,0.32,122.5,0.33,100.5,0.01,0.02,2315.413707,1776192657000
1776192659.457,59.457,0.65,28.9,0.64,35.5,0.66,111.7,0.67,71.0,0.3,173.2,0.29,170.0,0.35,29.0,0.36,25.0,0.01,0.05,2315.413707,1776192657000
1776192659.758,59.758,0.65,28.9,0.64,25.5,0.66,137.54,0.67,81.0,0.34,85.06,0.33,81.0,0.35,28.9,0.36,25.5,0.01,0.01,2315.468676,1776192658000
1776192659.97,59.97,0.65,42.04,0.64,71.5,0.66,137.54,0.67,81.0,0.34,137.54,0.33,81.0,0.35,28.9,0.36,25.5,0.01,0.01,2315.468676,1776192658000
1776192660.369,60.369,0.65,41.9,0.64,5.0,0.66,254.0,0.67,103.85,0.34,130.11,0.33,81.0,0.35,124.04,0.36,207.5,0.01,0.01,2315.468676,1776192658000
1776192660.576,60.576,0.65,69.9,0.64,5.0,0.66,241.5,0.67,94.0,0.34,241.5,0.33,94.0,0.35,97.9,0.36,5.0,0.01,0.01,2315.704425,1776192659000
1776192660.833,60.833,0.61,65.0,0.6,86.68,0.62,10.0,0.63,25.49,0.39,44.5,0.38,20.5,0.4,36.68,0.41,65.0,0.01,0.01,2315.704425,1776192659000
1776192661.242,61.242,0.61,30.0,0.6,25.0,0.62,68.38,0.63,75.49,0.38,10.0,0.37,25.49,0.4,43.48,0.41,85.5,0.01,0.02,2315.704425,1776192659000
1776192661.607,61.607,0.61,45.0,0.6,35.5,0.62,48.94,0.63,60.0,0.38,48.94,0.37,60.0,0.39,45.0,0.4,35.5,0.01,0.01,2315.230669,1776192660000
1776192662.213,62.213,0.61,30.0,0.6,85.5,0.62,95.44,0.63,60.0,0.38,95.44,0.37,60.0,0.39,30.0,0.4,85.5,0.01,0.01,2314.894766,1776192661000
1776192662.444,62.444,0.61,370.5,0.6,165.5,0.69,14.0,0.77,63.0,0.38,95.44,0.37,60.0,0.39,30.0,0.4,85.5,0.08,0.01,2314.894766,1776192661000
1776192663.032,63.032,0.79,25.0,0.78,93.5,0.8,48.53,0.81,70.0,0.23,22.0,0.21,50.0,0.25,10.5,0.26,8.0,0.01,0.02,2314.894766,1776192661000
1776192663.519,63.519,0.79,25.0,0.78,93.5,0.8,48.53,0.81,70.0,0.2,48.53,0.19,70.0,0.21,25.0,0.22,93.5,0.01,0.01,2314.490205,1776192662000
1776192663.944,63.944,0.8,43.0,0.79,15.0,0.81,130.0,0.82,80.5,0.19,130.0,0.18,80.5,0.21,15.0,0.22,35.5,0.01,0.02,2314.490205,1776192662000
1776192664.253,64.253,0.8,43.0,0.79,15.0,0.81,130.0,0.82,80.5,0.19,130.0,0.18,80.5,0.2,43.0,0.21,15.0,0.01,0.01,2315.878672,1776192663000
1776192664.76,64.76,0.8,20.0,0.79,10.0,0.81,186.0,0.82,122.5,0.19,130.0,0.18,80.5,0.2,43.0,0.21,15.0,0.01,0.01,2315.878672,1776192663000
1776192665.138,65.138,0.8,20.0,0.79,10.0,0.81,165.65,0.82,122.0,0.19,186.0,0.18,122.5,0.2,20.0,0.21,10.0,0.01,0.01,2315.878672,1776192663000
1776192665.548,65.548,0.8,20.0,0.79,10.0,0.81,165.65,0.82,122.0,0.19,165.65,0.18,122.0,0.2,20.0,0.21,10.0,0.01,0.01,2317.694678,1776192664000
1776192666.2,66.2,0.8,80.0,0.79,65.0,0.81,99.18,0.82,206.0,0.19,99.18,0.18,206.0,0.2,80.0,0.21,65.0,0.01,0.01,2317.730144,1776192665000
1776192666.618,66.618,0.8,122.25,0.79,70.0,0.81,43.16,0.82,216.0,0.19,99.18,0.18,206.0,0.2,80.0,0.21,65.0,0.01,0.01,2317.730144,1776192665000
1776192667.568,67.568,0.8,122.25,0.79,70.0,0.81,43.16,0.82,216.0,0.19,43.16,0.18,216.0,0.2,122.25,0.21,70.0,0.01,0.01,2317.736555,1776192666000
1776192668.19,68.19,0.8,26.25,0.79,15.0,0.81,294.49,0.82,105.5,0.19,294.49,0.18,105.5,0.2,26.25,0.21,15.0,0.01,0.01,2317.732879,1776192667000
1776192669.017,69.017,0.8,26.25,0.78,15.0,0.81,444.49,0.82,153.5,0.19,294.49,0.18,105.5,0.2,26.25,0.21,15.0,0.01,0.01,2317.732879,1776192667000
1776192669.394,69.394,0.78,15.0,0.77,10.0,0.81,444.49,0.82,153.5,0.19,444.49,0.18,153.5,0.2,11.23,0.22,15.0,0.03,0.01,2317.732879,1776192667000
1776192670.167,70.167,0.78,15.0,0.77,10.0,0.81,444.49,0.82,153.5,0.19,444.49,0.18,153.5,0.22,15.0,0.23,10.0,0.03,0.03,2317.501395,1776192669000
1776192670.386,70.386,0.78,75.0,0.77,15.0,0.79,50.0,0.8,99.5,0.21,135.0,0.2,99.5,0.22,60.0,0.23,15.0,0.01,0.01,2317.501395,1776192669000
1776192670.909,70.909,0.74,89.0,0.73,65.0,0.79,400.35,0.8,115.5,0.21,50.0,0.2,99.5,0.22,75.0,0.23,15.0,0.05,0.01,2317.501395,1776192669000
1776192671.161,71.161,0.74,24.0,0.73,80.5,0.75,190.76,0.76,18.0,0.25,7.76,0.24,10.0,0.26,94.0,0.27,75.5,0.01,0.01,2317.501395,1776192669000
1776192671.474,71.474,0.74,74.0,0.73,80.5,0.75,183.26,0.76,68.0,0.25,183.26,0.24,68.0,0.26,74.0,0.27,80.5,0.01,0.01,2317.03848,1776192670000
1776192672.166,72.166,0.74,74.0,0.73,80.5,0.75,183.26,0.76,68.0,0.25,183.26,0.24,68.0,0.26,74.0,0.27,80.5,0.01,0.01,2317.039555,1776192671000
1776192672.479,72.479,0.74,170.5,0.73,75.5,0.76,83.68,0.77,65.0,0.24,50.0,0.23,60.0,0.26,170.5,0.27,75.5,0.02,0.02,2317.039555,1776192671000
1776192672.827,72.827,0.75,59.19,0.74,129.5,0.76,83.68,0.77,65.0,0.24,83.68,0.23,65.0,0.26,170.5,0.27,75.5,0.01,0.02,2317.039555,1776192671000
1776192673.401,73.401,0.75,59.19,0.74,129.5,0.77,65.0,0.78,281.49,0.23,65.0,0.22,281.49,0.25,59.19,0.26,129.5,0.02,0.02,2316.684259,1776192672000
1776192674.102,74.102,0.77,5.65,0.76,181.5,0.79,83.0,0.8,70.5,0.21,83.0,0.2,70.5,0.23,5.65,0.24,181.5,0.02,0.02,2316.684186,1776192673000
1776192675.312,75.312,0.78,15.45,0.77,60.65,0.79,75.0,0.8,189.49,0.21,83.0,0.2,70.5,0.23,5.65,0.24,181.5,0.01,0.02,2316.684186,1776192673000
1776192675.666,75.666,0.78,15.45,0.77,60.65,0.79,75.0,0.8,189.49,0.21,75.0,0.2,189.49,0.22,15.45,0.23,60.65,0.01,0.01,2316.873561,1776192674000
1776192676.224,76.224,0.78,15.45,0.77,60.65,0.79,75.0,0.8,189.49,0.21,75.0,0.2,189.49,0.22,15.45,0.23,60.65,0.01,0.01,2317.113575,1776192675000
1776192676.912,76.912,0.78,30.0,0.77,70.65,0.79,121.73,0.8,180.99,0.21,75.0,0.2,189.49,0.22,15.45,0.23,60.65,0.01,0.01,2317.113575,1776192675000
1776192677.368,77.368,0.78,30.0,0.77,70.65,0.79,121.73,0.8,180.99,0.21,121.73,0.2,180.99,0.22,30.0,0.23,70.65,0.01,0.01,2317.070639,1776192676000
1776192678.029,78.029,0.78,100.0,0.77,60.65,0.79,107.28,0.8,170.99,0.21,118.73,0.2,170.99,0.22,35.0,0.23,70.65,0.01,0.01,2317.070639,1776192676000
1776192678.49,78.49,0.78,100.0,0.77,60.65,0.79,107.28,0.8,170.99,0.21,107.28,0.2,170.99,0.22,100.0,0.23,60.65,0.01,0.01,2317.170176,1776192677000
1776192679.097,79.097,0.78,100.0,0.77,60.65,0.79,107.28,0.8,170.99,0.21,107.28,0.2,170.99,0.22,100.0,0.23,60.65,0.01,0.01,2317.11592,1776192678000
1776192679.703,79.703,0.78,50.0,0.77,70.65,0.79,108.0,0.8,132.85,0.21,107.28,0.2,170.99,0.22,100.0,0.23,60.65,0.01,0.01,2317.11592,1776192678000
1776192680.22,80.22,0.78,21.66,0.77,76.15,0.79,1.0,0.8,60.0,0.21,1.0,0.2,60.0,0.22,21.66,0.23,76.15,0.01,0.01,2317.15574,1776192679000
1776192681.289,81.289,0.76,55.0,0.75,60.0,0.77,122.0,0.78,193.35,0.21,1.0,0.2,60.0,0.22,21.66,0.23,76.15,0.01,0.01,2317.15574,1776192679000
1776192682.377,82.377,0.76,111.77,0.75,60.0,0.77,170.0,0.78,168.49,0.23,170.0,0.22,248.49,0.24,118.75,0.25,60.0,0.01,0.01,2317.08574,1776192680000
1776192682.645,82.645,0.76,60.75,0.75,60.0,0.77,241.5,0.78,271.49,0.23,170.0,0.22,168.49,0.24,111.77,0.25,60.0,0.01,0.01,2317.082365,1776192681000
1776192682.975,82.975,0.76,60.75,0.75,60.0,0.77,241.5,0.78,271.49,0.23,241.5,0.22,271.49,0.24,60.75,0.25,60.0,0.01,0.01,2316.76829,1776192682000
1776192683.209,83.209,0.76,130.75,0.75,65.0,0.77,143.7,0.78,271.49,0.23,241.5,0.22,271.49,0.24,60.75,0.25,60.0,0.01,0.01,2316.76829,1776192682000
1776192683.843,83.843,0.76,147.08,0.75,75.5,0.77,131.63,0.78,175.99,0.23,143.7,0.22,271.49,0.24,121.58,0.25,65.0,0.01,0.01,2316.76829,1776192682000
1776192684.112,84.112,0.76,147.08,0.75,75.5,0.77,131.63,0.78,175.99,0.23,131.63,0.22,175.99,0.24,147.08,0.25,75.5,0.01,0.01,2316.503964,1776192683000
1776192684.417,84.417,0.79,227.85,0.78,45.0,0.8,5.0,0.81,103.98,0.2,5.0,0.19,103.98,0.22,10.0,0.23,126.5,0.01,0.02,2316.503964,1776192683000
1776192684.648,84.648,0.79,222.85,0.78,45.0,0.8,5.0,0.81,132.99,0.2,5.0,0.19,103.98,0.21,227.85,0.22,45.0,0.01,0.01,2316.503964,1776192683000
1776192684.994,84.994,0.8,85.0,0.79,124.78,0.81,71.61,0.82,164.0,0.19,115.76,0.18,164.0,0.21,165.78,0.22,95.0,0.01,0.02,2316.503964,1776192683000
1776192685.218,85.218,0.8,85.0,0.79,124.78,0.81,71.61,0.82,164.0,0.19,71.61,0.18,164.0,0.2,85.0,0.21,124.78,0.01,0.01,2316.441575,1776192684000
1776192685.486,85.486,0.8,174.0,0.79,124.78,0.81,69.13,0.82,84.0,0.19,70.37,0.18,84.0,0.2,158.0,0.21,124.78,0.01,0.01,2316.441575,1776192684000
1776192685.698,85.698,0.8,174.0,0.79,124.78,0.81,67.77,0.82,84.0,0.19,69.13,0.18,84.0,0.2,174.0,0.21,124.78,0.01,0.01,2316.441575,1776192684000
1776192686.272,86.272,0.82,10.0,0.81,81.5,0.84,48.69,0.85,110.0,0.19,66.41,0.18,84.0,0.2,169.0,0.21,124.78,0.02,0.01,2316.441575,1776192684000
1776192686.613,86.613,0.83,86.0,0.82,69.5,0.84,19.54,0.85,88.0,0.15,60.0,0.14,265.5,0.18,73.74,0.19,135.5,0.01,0.03,2316.606273,1776192685000
1776192687.018,87.018,0.83,86.0,0.82,69.5,0.84,19.54,0.85,88.0,0.16,19.54,0.15,88.0,0.17,86.0,0.18,69.5,0.01,0.01,2317.201339,1776192686000
1776192687.275,87.275,0.82,65.0,0.81,70.5,0.83,45.0,0.84,102.13,0.16,19.54,0.15,88.0,0.17,86.0,0.18,69.5,0.01,0.01,2317.201339,1776192686000
1776192687.69,87.69,0.82,85.5,0.81,142.62,0.83,33.2,0.84,95.82,0.17,45.0,0.16,102.13,0.18,65.0,0.19,70.5,0.01,0.01,2317.201339,1776192686000
1776192688.043,88.043,0.82,78.55,0.81,142.62,0.83,22.46,0.84,95.82,0.17,22.46,0.16,95.82,0.18,78.55,0.19,142.62,0.01,0.01,2317.3424,1776192687000
1776192688.825,88.825,0.84,60.0,0.83,65.0,0.85,89.14,0.86,278.5,0.14,192.5,0.13,97.0,0.18,78.55,0.19,142.62,0.01,0.04,2317.3424,1776192687000
1776192689.431,89.431,0.84,206.79,0.83,65.0,0.85,87.64,0.86,278.5,0.15,89.14,0.14,278.5,0.16,60.0,0.17,65.0,0.01,0.01,2317.797215,1776192688000
1776192690.113,90.113,0.84,201.79,0.83,65.0,0.85,87.64,0.86,278.5,0.15,87.64,0.14,278.5,0.16,201.79,0.17,65.0,0.01,0.01,2317.820755,1776192689000
1776192690.39,90.39,0.87,79.0,0.86,46.0,0.88,83.64,0.89,235.0,0.15,87.64,0.14,278.5,0.16,201.79,0.17,65.0,0.01,0.01,2317.820755,1776192689000
1776192690.885,90.885,0.87,145.0,0.86,91.0,0.88,75.14,0.89,95.0,0.12,83.64,0.11,235.0,0.13,79.0,0.14,46.0,0.01,0.01,2317.820755,1776192689000
1776192691.476,91.476,0.87,145.0,0.86,91.0,0.88,75.14,0.89,95.0,0.12,75.14,0.11,95.0,0.13,145.0,0.14,91.0,0.01,0.01,2317.825005,1776192690000
1776192691.839,91.839,0.88,105.01,0.87,114.0,0.89,81.14,0.9,125.5,0.12,75.14,0.11,95.0,0.13,145.0,0.14,91.0,0.01,0.01,2317.825005,1776192690000
1776192692.068,92.068,0.88,100.01,0.87,114.0,0.89,76.43,0.9,175.5,0.11,76.43,0.1,175.5,0.12,100.01,0.13,114.0,0.01,0.01,2317.826715,1776192691000
1776192692.526,92.526,0.88,61.0,0.87,87.0,0.89,293.64,0.9,172.5,0.11,184.43,0.1,192.5,0.12,66.0,0.13,77.0,0.01,0.01,2317.826715,1776192691000
1776192692.742,92.742,0.88,83.0,0.87,99.5,0.89,53.0,0.9,49.0,0.11,293.64,0.1,172.5,0.12,61.0,0.13,87.0,0.01,0.01,2317.826715,1776192691000
1776192692.953,92.953,0.88,97.0,0.87,92.0,0.89,64.14,0.9,59.0,0.11,69.14,0.1,59.0,0.12,92.0,0.13,92.0,0.01,0.01,2317.826715,1776192691000
1776192693.254,93.254,0.88,66.0,0.87,92.0,0.89,105.14,0.9,59.0,0.11,105.14,0.1,59.0,0.12,66.0,0.13,92.0,0.01,0.01,2318.633278,1776192692000
1776192693.544,93.544,0.88,147.82,0.87,92.0,0.89,75.14,0.9,59.0,0.11,100.14,0.1,59.0,0.12,66.0,0.13,92.0,0.01,0.01,2318.633278,1776192692000
1776192694.463,94.463,0.88,147.82,0.87,92.0,0.89,75.14,0.9,59.0,0.11,75.14,0.1,59.0,0.12,147.82,0.13,92.0,0.01,0.01,2318.819015,1776192693000
1776192695.03,95.03,0.88,152.82,0.87,112.5,0.89,70.14,0.9,59.0,0.11,70.14,0.1,59.0,0.12,152.82,0.13,112.5,0.01,0.01,2318.845255,1776192694000
1776192695.404,95.404,0.89,20.5,0.88,211.5,0.9,54.79,0.91,43.0,0.11,33.43,0.1,49.0,0.12,272.32,0.13,136.3,0.01,0.01,2318.845255,1776192694000
1776192695.664,95.664,0.89,141.5,0.88,179.6,0.9,53.67,0.91,43.0,0.1,54.79,0.09,43.0,0.11,20.5,0.12,211.5,0.01,0.01,2318.845255,1776192694000
1776192696.001,96.001,0.89,174.5,0.88,157.6,0.91,18.68,0.92,5.0,0.1,53.67,0.09,43.0,0.11,141.5,0.12,179.6,0.02,0.01,2318.845255,1776192694000
1776192696.491,96.491,0.92,80.0,0.91,129.0,0.93,11.47,0.94,152.0,0.07,0.09,0.06,102.0,0.09,10.0,0.1,37.0,0.01,0.02,2319.065125,1776192695000
1776192696.947,96.947,0.93,60.57,0.92,98.0,0.94,72.0,0.95,420.8,0.07,6.62,0.06,152.0,0.08,85.0,0.09,129.0,0.01,0.01,2319.065125,1776192695000
1776192697.156,97.156,0.93,60.57,0.92,98.0,0.94,72.0,0.95,420.8,0.06,72.0,0.05,420.8,0.07,60.57,0.08,98.0,0.01,0.01,2319.384146,1776192696000
1776192697.693,97.693,0.93,98.57,0.92,103.0,0.94,349.56,0.95,469.8,0.06,72.0,0.05,420.8,0.07,60.57,0.08,98.0,0.01,0.01,2319.384146,1776192696000
1776192697.968,97.968,0.92,25.0,0.91,218.0,0.93,236.26,0.94,251.0,0.06,356.56,0.05,459.8,0.08,48.12,0.09,218.0,0.01,0.02,2319.384146,1776192696000
1776192698.285,98.285,0.91,140.22,0.9,126.5,0.93,252.59,0.94,171.0,0.07,252.59,0.06,171.0,0.09,140.22,0.1,126.5,0.02,0.02,2319.740225,1776192697000
1776192699.433,99.433,0.91,140.22,0.9,126.5,0.93,252.59,0.94,171.0,0.07,252.59,0.06,171.0,0.09,140.22,0.1,126.5,0.02,0.02,2319.91471,1776192698000
1776192700.078,100.078,0.91,140.22,0.9,126.5,0.93,252.59,0.94,171.0,0.07,252.59,0.06,171.0,0.09,140.22,0.1,126.5,0.02,0.02,2319.918074,1776192699000
1776192700.381,100.381,0.9,5.0,0.89,96.79,0.92,255.56,0.93,244.7,0.07,252.59,0.06,171.0,0.09,140.22,0.1,126.5,0.02,0.02,2319.918074,1776192699000
1776192700.614,100.614,0.9,27.0,0.89,96.79,0.91,15.0,0.92,157.0,0.08,255.56,0.07,244.7,0.1,5.0,0.11,96.79,0.01,0.02,2319.918074,1776192699000
1776192700.887,100.887,0.9,20.0,0.89,117.29,0.91,261.84,0.92,241.0,0.09,15.0,0.08,157.0,0.1,27.0,0.11,96.79,0.01,0.01,2319.918074,1776192699000
1776192701.22,101.22,0.9,4.0,0.89,117.29,0.91,194.56,0.92,221.0,0.09,194.56,0.08,221.0,0.1,4.0,0.11,117.29,0.01,0.01,2319.878433,1776192700000
1776192701.715,101.715,0.9,19.05,0.89,111.79,0.91,68.22,0.92,221.0,0.09,140.22,0.08,221.0,0.1,47.05,0.11,117.29,0.01,0.01,2319.878433,1776192700000
1776192702.238,102.238,0.91,93.44,0.9,71.0,0.92,211.0,0.93,267.7,0.08,211.0,0.07,189.7,0.09,41.66,0.1,29.05,0.01,0.01,2319.878433,1776192700000
1776192702.715,102.715,0.91,77.49,0.9,10.0,0.92,203.57,0.93,274.7,0.08,212.75,0.07,267.7,0.09,96.49,0.1,21.0,0.01,0.01,2319.450594,1776192701000
1776192703.666,103.666,0.91,77.49,0.9,10.0,0.92,203.57,0.93,274.7,0.08,203.57,0.07,274.7,0.09,77.49,0.1,10.0,0.01,0.01,2319.305512,1776192702000
1776192704.151,104.151,0.91,60.71,0.9,5.0,0.92,217.49,0.93,279.7,0.08,203.57,0.07,274.7,0.09,77.49,0.1,10.0,0.01,0.01,2319.305512,1776192702000
1776192704.749,104.749,0.91,60.71,0.9,5.0,0.92,294.21,0.93,279.7,0.08,295.85,0.07,279.7,0.09,60.71,0.1,5.0,0.01,0.01,2319.30502,1776192703000
1776192705.155,105.155,0.91,60.71,0.9,5.0,0.92,294.21,0.93,279.7,0.08,294.21,0.07,279.7,0.09,60.71,0.1,5.0,0.01,0.01,2319.29875,1776192704000
1776192705.697,105.697,0.91,15.0,0.9,317.44,0.92,169.95,0.93,198.0,0.08,382.77,0.07,208.7,0.11,106.79,0.12,105.6,0.01,0.03,2319.29875,1776192704000
1776192706.149,106.149,0.91,10.0,0.9,247.44,0.92,120.0,0.93,169.0,0.08,169.95,0.07,198.0,0.09,15.0,0.1,317.44,0.01,0.01,2319.29875,1776192704000
1776192707.175,107.175,0.91,10.0,0.9,247.44,0.92,120.0,0.93,169.0,0.08,120.0,0.07,169.0,0.09,10.0,0.1,247.44,0.01,0.01,2319.093101,1776192706000
1776192707.644,107.644,0.9,90.0,0.89,122.29,0.91,143.56,0.92,197.0,0.09,36.0,0.08,305.61,0.1,60.0,0.11,117.29,0.01,0.01,2319.093101,1776192706000
1776192708.318,108.318,0.9,90.0,0.89,122.29,0.91,141.91,0.92,197.0,0.09,141.91,0.08,197.0,0.1,90.0,0.11,122.29,0.01,0.01,2319.296161,1776192707000
1776192708.794,108.794,0.9,113.67,0.89,122.29,0.91,117.16,0.92,202.0,0.09,141.91,0.08,197.0,0.1,90.0,0.11,122.29,0.01,0.01,2319.296161,1776192707000
1776192709.414,109.414,0.9,108.67,0.89,122.29,0.91,66.57,0.92,202.0,0.09,66.57,0.08,202.0,0.1,108.67,0.11,122.29,0.01,0.01,2319.23575,1776192708000
1776192709.947,109.947,0.9,108.67,0.89,122.29,0.91,66.57,0.92,202.0,0.09,66.57,0.08,202.0,0.1,108.67,0.11,122.29,0.01,0.01,2319.23575,1776192709000
1776192710.152,110.152,0.91,129.86,0.9,297.04,0.93,156.0,0.94,77.0,0.08,1.56,0.07,206.0,0.09,111.19,0.1,257.04,0.02,0.01,2319.23575,1776192709000
1776192710.367,110.367,0.92,267.83,0.91,180.36,0.94,6.35,0.95,120.0,0.07,3.0,0.06,10.0,0.08,267.83,0.09,180.36,0.02,0.01,2319.23575,1776192709000
1776192710.972,110.972,0.92,267.83,0.91,180.36,0.94,6.35,0.95,120.0,0.06,6.35,0.05,120.0,0.08,267.83,0.09,180.36,0.02,0.02,2319.172539,1776192710000
1776192711.586,111.586,0.93,31.67,0.92,65.0,0.94,270.91,0.95,456.0,0.06,6.35,0.05,120.0,0.08,267.83,0.09,180.36,0.01,0.02,2319.172539,1776192710000
1776192712.061,112.061,0.91,114.69,0.9,136.24,0.94,270.91,0.95,356.0,0.06,270.91,0.05,356.0,0.09,114.69,0.1,136.24,0.03,0.03,2319.348298,1776192711000
1776192712.327,112.327,0.91,325.44,0.9,141.24,0.92,33.56,0.93,124.0,0.06,270.91,0.05,356.0,0.09,114.69,0.1,136.24,0.01,0.03,2319.348298,1776192711000
1776192713.031,113.031,0.91,325.44,0.9,141.24,0.92,33.56,0.93,124.0,0.08,33.56,0.07,124.0,0.09,325.44,0.1,141.24,0.01,0.01,2319.882019,1776192712000
1776192713.497,113.497,0.92,121.4,0.91,163.69,0.93,90.4,0.94,242.35,0.07,102.56,0.06,242.35,0.08,5.0,0.09,163.69,0.01,0.01,2319.882019,1776192712000
1776192713.964,113.964,0.92,121.4,0.91,163.69,0.93,85.4,0.94,242.35,0.07,90.4,0.06,242.35,0.08,121.4,0.09,163.69,0.01,0.01,2319.882019,1776192712000
1776192714.223,114.223,0.92,121.4,0.91,163.69,0.93,85.4,0.94,242.35,0.07,85.4,0.06,242.35,0.08,121.4,0.09,163.69,0.01,0.01,2319.739975,1776192713000
1776192715.208,115.208,0.92,121.4,0.91,163.69,0.93,85.4,0.94,242.35,0.07,85.4,0.06,242.35,0.08,121.4,0.09,163.69,0.01,0.01,2319.695418,1776192714000
1776192716.234,116.234,0.92,121.4,0.91,163.69,0.93,85.4,0.94,242.35,0.07,85.4,0.06,242.35,0.08,121.4,0.09,163.69,0.01,0.01,2319.682511,1776192715000
1776192717.255,117.255,0.92,121.4,0.91,163.69,0.93,85.4,0.94,242.35,0.07,85.4,0.06,242.35,0.08,121.4,0.09,163.69,0.01,0.01,2319.663407,1776192716000
1776192718.725,118.725,0.93,65.0,0.92,134.5,0.94,76.8,0.95,197.56,0.07,85.4,0.06,242.35,0.08,121.4,0.09,163.69,0.01,0.01,2319.663407,1776192716000
1776192719.055,119.055,0.93,32.14,0.92,149.4,0.95,100.0,0.96,268.5,0.06,12.8,0.05,197.56,0.07,65.0,0.08,134.5,0.02,0.01,2319.598185,1776192717000
1776192719.476,119.476,0.93,41.14,0.92,143.52,0.94,77.56,0.95,127.0,0.06,77.56,0.05,127.0,0.07,41.14,0.08,143.52,0.01,0.01,2319.545731,1776192718000
1776192719.684,119.684,0.93,217.93,0.92,129.4,0.95,137.09,0.96,414.5,0.05,81.09,0.04,444.5,0.07,182.22,0.08,129.4,0.02,0.02,2319.545731,1776192718000
1776192719.944,119.944,0.93,222.93,0.92,129.4,0.95,126.56,0.96,414.5,0.05,126.56,0.04,414.5,0.07,222.93,0.08,129.4,0.02,0.02,2319.560154,1776192719000
1776192720.561,120.561,0.93,243.43,0.92,129.4,0.95,10.0,0.96,268.5,0.05,126.56,0.04,414.5,0.07,222.93,0.08,129.4,0.02,0.02,2319.560154,1776192719000
1776192720.923,120.923,0.93,243.43,0.92,129.4,0.95,10.0,0.96,268.5,0.05,10.0,0.04,268.5,0.07,243.43,0.08,129.4,0.02,0.02,2319.857324,1776192720000
1776192721.225,121.225,0.94,128.8,0.93,263.43,0.95,8.94,0.96,258.5,0.05,10.0,0.04,268.5,0.07,243.43,0.08,129.4,0.01,0.02,2319.857324,1776192720000
1776192721.602,121.602,0.94,116.64,0.93,142.35,0.95,60.0,0.96,212.5,0.04,258.5,0.03,756.03,0.06,68.8,0.07,263.43,0.01,0.02,2319.857324,1776192720000
1776192721.923,121.923,0.93,137.35,0.92,379.39,0.95,60.0,0.96,229.5,0.05,60.0,0.04,212.5,0.06,116.64,0.07,142.35,0.02,0.01,2319.857324,1776192720000
1776192722.31,122.31,0.93,100.3,0.92,159.4,0.94,58.86,0.95,140.0,0.05,60.0,0.04,229.5,0.07,137.35,0.08,379.39,0.01,0.02,2319.909156,1776192721000
1776192722.916,122.916,0.93,350.83,0.92,159.4,0.94,20.73,0.95,145.0,0.06,56.73,0.05,140.0,0.07,100.3,0.08,159.4,0.01,0.01,2319.909156,1776192721000
1776192723.143,123.143,0.93,360.83,0.92,159.4,0.95,67.68,0.96,186.5,0.05,67.68,0.04,186.5,0.07,360.83,0.08,159.4,0.02,0.02,2319.987737,1776192722000
1776192723.379,123.379,0.94,220.0,0.93,480.83,0.95,71.68,0.96,165.5,0.05,67.68,0.04,186.5,0.07,360.83,0.08,159.4,0.01,0.02,2319.987737,1776192722000
1776192723.609,123.609,0.94,175.0,0.93,380.53,0.95,151.46,0.96,249.5,0.05,155.46,0.04,249.5,0.06,175.0,0.07,380.53,0.01,0.01,2319.987737,1776192722000
1776192723.977,123.977,0.93,365.53,0.92,220.0,0.95,106.0,0.96,456.3,0.05,151.46,0.04,249.5,0.06,175.0,0.07,380.53,0.02,0.01,2319.987737,1776192722000
1776192724.227,124.227,0.93,365.53,0.92,220.0,0.94,6.03,0.95,66.0,0.06,6.03,0.05,66.0,0.07,365.53,0.08,220.0,0.01,0.01,2319.983253,1776192723000
1776192724.512,124.512,0.93,450.35,0.92,190.0,0.94,15.9,0.95,66.0,0.06,20.9,0.05,66.0,0.07,450.35,0.08,190.0,0.01,0.01,2319.983253,1776192723000
1776192724.756,124.756,0.93,400.35,0.92,195.0,0.94,39.76,0.95,151.0,0.06,15.9,0.05,66.0,0.07,450.35,0.08,190.0,0.01,0.01,2319.983253,1776192723000
1776192725.02,125.02,0.93,430.9,0.92,190.0,0.94,10.0,0.95,251.8,0.06,33.52,0.05,226.8,0.07,450.35,0.08,190.0,0.01,0.01,2319.983253,1776192723000
1776192725.234,125.234,0.93,435.9,0.92,190.0,0.94,45.49,0.95,176.0,0.06,45.49,0.05,176.0,0.07,435.9,0.08,190.0,0.01,0.01,2319.807429,1776192724000
1776192725.649,125.649,0.93,352.11,0.92,180.0,0.94,66.0,0.95,188.0,0.06,45.49,0.05,176.0,0.07,435.9,0.08,190.0,0.01,0.01,2319.807429,1776192724000
1776192725.876,125.876,0.93,345.87,0.92,105.0,0.94,165.0,0.95,239.8,0.06,48.0,0.05,209.8,0.07,352.11,0.08,180.0,0.01,0.01,2319.807429,1776192724000
1776192726.08,126.08,0.93,48.87,0.92,105.0,0.94,174.86,0.95,280.8,0.06,174.86,0.05,280.8,0.07,296.87,0.08,105.0,0.01,0.01,2319.807429,1776192724000
1776192726.391,126.391,0.92,257.84,0.91,149.19,0.93,162.0,0.94,96.86,0.06,174.86,0.05,280.8,0.08,105.0,0.09,224.19,0.01,0.02,2319.60392,1776192725000
1776192726.704,126.704,0.92,235.64,0.91,139.19,0.93,197.0,0.94,108.86,0.07,162.0,0.06,96.86,0.08,257.84,0.09,149.19,0.01,0.01,2319.60392,1776192725000
1776192726.921,126.921,0.92,177.64,0.91,44.19,0.93,149.36,0.94,208.86,0.07,151.32,0.06,208.86,0.08,177.64,0.09,39.19,0.01,0.01,2319.60392,1776192725000
1776192727.294,127.294,0.92,177.64,0.91,44.19,0.93,149.36,0.94,208.86,0.07,149.36,0.06,208.86,0.08,177.64,0.09,44.19,0.01,0.01,2319.395781,1776192726000
1776192727.665,127.665,0.92,109.6,0.91,39.19,0.93,307.36,0.94,407.66,0.07,229.36,0.06,294.66,0.08,136.6,0.09,39.19,0.01,0.01,2319.395781,1776192726000
1776192728.022,128.022,0.92,21.1,0.91,39.19,0.93,305.39,0.94,383.66,0.07,301.83,0.06,377.66,0.08,21.1,0.09,39.19,0.01,0.01,2319.395781,1776192726000
1776192728.366,128.366,0.92,5.1,0.91,195.61,0.93,304.2,0.94,383.66,0.07,305.39,0.06,383.66,0.08,0.1,0.09,39.19,0.01,0.01,2319.395781,1776192726000
1776192728.711,128.711,0.92,33.96,0.91,195.61,0.93,335.59,0.94,383.66,0.07,292.0,0.06,383.66,0.08,14.1,0.09,195.61,0.01,0.01,2318.765929,1776192727000
1776192729.021,129.021,0.92,0.96,0.91,195.61,0.93,204.06,0.94,463.66,0.07,219.06,0.06,463.66,0.08,33.96,0.09,195.61,0.01,0.01,2318.673855,1776192728000
1776192729.68,129.68,0.92,171.82,0.91,293.02,0.93,122.2,0.94,298.86,0.07,204.06,0.06,463.66,0.08,0.96,0.09,195.61,0.01,0.01,2318.673855,1776192728000
1776192729.943,129.943,0.92,166.82,0.91,293.02,0.93,120.11,0.94,298.86,0.07,120.11,0.06,298.86,0.08,166.82,0.09,293.02,0.01,0.01,2318.339792,1776192729000
1776192730.405,130.405,0.92,439.43,0.91,236.6,0.93,70.76,0.94,300.86,0.07,128.47,0.06,400.86,0.08,181.67,0.09,293.02,0.01,0.01,2318.339792,1776192729000
1776192730.753,130.753,0.92,314.43,0.91,221.6,0.93,55.88,0.94,300.86,0.07,63.78,0.06,300.86,0.08,439.43,0.09,236.6,0.01,0.01,2318.339792,1776192729000
1776192731.112,131.112,0.92,346.93,0.91,236.6,0.93,58.83,0.94,262.86,0.07,53.29,0.06,300.86,0.08,314.43,0.09,221.6,0.01,0.01,2318.208969,1776192730000
1776192731.399,131.399,0.92,406.68,0.91,236.6,0.93,57.21,0.94,262.86,0.07,58.83,0.06,262.86,0.08,393.18,0.09,236.6,0.01,0.01,2318.208969,1776192730000
1776192731.957,131.957,0.92,422.43,0.91,236.6,0.93,51.4,0.94,262.86,0.07,51.4,0.06,262.86,0.08,406.68,0.09,236.6,0.01,0.01,2318.208969,1776192730000
1776192732.315,132.315,0.92,133.34,0.91,236.6,0.93,10.0,0.94,301.86,0.07,51.4,0.06,262.86,0.08,422.43,0.09,236.6,0.01,0.01,2318.208969,1776192730000
1776192732.847,132.847,0.92,133.34,0.91,236.6,0.93,127.45,0.94,191.86,0.07,127.45,0.06,191.86,0.08,133.34,0.09,236.6,0.01,0.01,2318.22099,1776192732000
1776192733.249,133.249,0.92,148.34,0.91,236.6,0.93,153.67,0.94,209.86,0.07,155.29,0.06,209.86,0.08,148.34,0.09,236.6,0.01,0.01,2318.22099,1776192732000
1776192733.849,133.849,0.92,308.66,0.91,236.6,0.93,152.05,0.94,209.86,0.07,152.05,0.06,209.86,0.08,308.66,0.09,236.6,0.01,0.01,2318.205295,1776192733000
1776192734.214,134.214,0.92,54.66,0.91,236.6,0.93,47.0,0.94,189.86,0.07,116.67,0.06,209.86,0.08,308.66,0.09,236.6,0.01,0.01,2318.205295,1776192733000
1776192734.918,134.918,0.92,5.0,0.91,136.6,0.93,40.0,0.94,289.86,0.07,40.0,0.06,289.86,0.08,5.0,0.09,136.6,0.01,0.01,2318.13148,1776192734000
1776192735.693,135.693,0.91,286.53,0.9,96.29,0.92,85.0,0.93,209.42,0.07,40.0,0.06,289.86,0.08,5.0,0.09,136.6,0.01,0.01,2318.13148,1776192734000
1776192736.001,136.001,0.91,286.53,0.9,96.29,0.93,184.44,0.94,224.86,0.07,184.44,0.06,224.86,0.09,286.53,0.1,96.29,0.02,0.02,2318.175324,1776192735000
1776192736.242,136.242,0.92,10.0,0.91,281.53,0.93,231.77,0.94,255.86,0.07,184.44,0.06,224.86,0.09,286.53,0.1,96.29,0.01,0.02,2318.175324,1776192735000
1776192736.49,136.49,0.92,2.17,0.91,128.91,0.93,240.54,0.94,260.86,0.07,225.54,0.06,255.86,0.08,10.0,0.09,281.53,0.01,0.01,2318.175324,1776192735000
1776192736.94,136.94,0.92,2.17,0.91,128.91,0.93,240.54,0.94,260.86,0.07,240.54,0.06,260.86,0.08,2.17,0.09,128.91,0.01,0.01,2318.07843,1776192736000
1776192737.689,137.689,0.92,117.42,0.91,196.33,0.93,189.95,0.94,260.86,0.07,240.54,0.06,260.86,0.08,2.17,0.09,128.91,0.01,0.01,2318.07843,1776192736000
1776192737.925,137.925,0.92,117.42,0.91,196.33,0.93,185.28,0.94,260.86,0.07,185.28,0.06,260.86,0.08,117.42,0.09,196.33,0.01,0.01,2318.00913,1776192737000
1776192738.245,138.245,0.93,20.0,0.92,240.17,0.94,107.86,0.95,274.0,0.07,185.28,0.06,260.86,0.08,117.42,0.09,196.33,0.01,0.01,2318.00913,1776192737000
1776192738.602,138.602,0.94,15.0,0.93,229.0,0.95,38.0,0.96,91.0,0.06,25.0,0.05,241.0,0.07,124.0,0.08,240.17,0.01,0.01,2318.00913,1776192737000
1776192738.929,138.929,0.94,15.0,0.93,229.0,0.95,38.0,0.96,91.0,0.05,38.0,0.04,91.0,0.06,15.0,0.07,229.0,0.01,0.01,2317.965262,1776192738000
1776192739.812,139.812,0.95,155.2,0.94,228.0,0.96,365.18,0.97,736.03,0.05,38.0,0.04,91.0,0.06,15.0,0.07,229.0,0.01,0.01,2317.965262,1776192738000
1776192740.911,140.911,0.95,145.74,0.94,228.0,0.96,324.18,0.97,736.03,0.04,324.18,0.03,736.03,0.05,145.74,0.06,228.0,0.01,0.01,2318.472014,1776192740000
1776192741.379,141.379,0.95,166.29,0.94,180.0,0.96,279.18,0.97,816.03,0.04,279.18,0.03,726.03,0.05,186.5,0.06,180.0,0.01,0.01,2318.472014,1776192740000
1776192741.82,141.82,0.95,176.29,0.94,180.0,0.96,283.03,0.97,816.03,0.04,279.18,0.03,816.03,0.05,166.29,0.06,180.0,0.01,0.01,2318.472014,1776192740000
1776192742.075,142.075,0.95,181.29,0.94,180.0,0.96,273.03,0.97,816.03,0.04,273.03,0.03,816.03,0.05,181.29,0.06,180.0,0.01,0.01,2318.677865,1776192741000
1776192742.424,142.424,0.93,15.0,0.92,193.17,0.96,493.03,0.97,747.03,0.04,273.03,0.03,816.03,0.05,181.29,0.06,180.0,0.03,0.01,2318.677865,1776192741000
1776192742.667,142.667,0.92,248.17,0.91,247.41,0.94,174.0,0.95,260.7,0.06,157.0,0.05,260.7,0.08,268.17,0.09,247.41,0.02,0.02,2318.677865,1776192741000
1776192743.136,143.136,0.92,181.17,0.91,247.41,0.94,257.92,0.95,380.7,0.06,257.92,0.05,380.7,0.08,181.17,0.09,247.41,0.02,0.02,2318.770254,1776192742000
1776192743.442,143.442,0.91,133.58,0.9,141.29,0.93,114.97,0.94,196.92,0.07,109.97,0.06,196.92,0.08,26.17,0.09,147.41,0.02,0.01,2318.770254,1776192742000
1776192743.776,143.776,0.91,93.58,0.9,141.29,0.92,99.0,0.93,130.97,0.07,114.97,0.06,196.92,0.09,133.58,0.1,141.29,0.01,0.02,2318.770254,1776192742000
1776192744.037,144.037,0.91,93.58,0.9,141.29,0.92,99.0,0.93,130.97,0.08,99.0,0.07,130.97,0.09,93.58,0.1,141.29,0.01,0.01,2318.78783,1776192743000
1776192744.241,144.241,0.91,80.0,0.9,90.74,0.92,32.0,0.93,65.0,0.08,99.0,0.07,130.97,0.09,93.58,0.1,141.29,0.01,0.01,2318.78783,1776192743000
1776192744.607,144.607,0.9,35.74,0.89,20.0,0.92,15.76,0.93,198.0,0.08,32.0,0.07,65.0,0.09,80.0,0.1,90.74,0.02,0.01,2318.78783,1776192743000
1776192744.893,144.893,0.9,85.74,0.89,70.0,0.91,30.94,0.92,23.0,0.08,15.76,0.07,198.0,0.1,35.74,0.11,20.0,0.01,0.02,2318.78783,1776192743000
1776192745.497,145.497,0.9,95.74,0.89,75.0,0.91,42.94,0.92,41.0,0.09,30.94,0.08,23.0,0.1,85.74,0.11,70.0,0.01,0.01,2318.78783,1776192743000
1776192746.125,146.125,0.9,95.74,0.89,75.0,0.91,42.94,0.92,41.0,0.09,42.94,0.08,41.0,0.1,95.74,0.11,75.0,0.01,0.01,2317.815754,1776192745000
1776192747.211,147.211,0.9,95.74,0.89,75.0,0.91,42.94,0.92,41.0,0.09,42.94,0.08,41.0,0.1,95.74,0.11,75.0,0.01,0.01,2317.476093,1776192746000
1776192748.261,148.261,0.9,95.74,0.89,75.0,0.91,42.94,0.92,41.0,0.09,42.94,0.08,41.0,0.1,95.74,0.11,75.0,0.01,0.01,2317.359488,1776192747000
1776192749.329,149.329,0.9,95.74,0.89,75.0,0.91,42.94,0.92,41.0,0.09,42.94,0.08,41.0,0.1,95.74,0.11,75.0,0.01,0.01,2317.361267,1776192748000
1776192750.257,150.257,0.93,25.0,0.92,132.0,0.94,2.0,0.95,232.8,0.06,2.0,0.05,232.8,0.07,25.0,0.08,132.0,0.01,0.01,2317.509378,1776192749000
1776192750.985,150.985,0.94,117.18,0.93,190.5,0.95,64.87,0.96,596.37,0.06,2.0,0.05,232.8,0.07,25.0,0.08,132.0,0.01,0.01,2317.509378,1776192749000
1776192751.746,151.746,0.94,117.18,0.93,190.5,0.95,49.94,0.96,506.57,0.05,55.46,0.04,596.37,0.06,112.18,0.07,190.5,0.01,0.01,2317.732975,1776192750000
1776192751.955,151.955,0.94,117.18,0.93,190.5,0.95,44.72,0.96,506.57,0.05,49.94,0.04,506.57,0.06,117.18,0.07,190.5,0.01,0.01,2317.732975,1776192750000
1776192752.285,152.285,0.94,58.91,0.93,190.5,0.95,44.72,0.96,506.57,0.05,44.72,0.04,506.57,0.06,117.18,0.07,190.5,0.01,0.01,2317.732975,1776192750000
1776192753.343,153.343,0.94,58.91,0.93,190.5,0.95,44.72,0.96,506.57,0.05,44.72,0.04,506.57,0.06,58.91,0.07,190.5,0.01,0.01,2318.1035,1776192752000
1776192753.67,153.67,0.94,76.17,0.93,190.5,0.95,49.45,0.96,201.57,0.05,44.72,0.04,506.57,0.06,58.91,0.07,190.5,0.01,0.01,2318.1035,1776192752000
1776192753.96,153.96,0.94,71.17,0.93,190.5,0.95,34.45,0.96,201.57,0.05,34.45,0.04,201.57,0.06,71.17,0.07,190.5,0.01,0.01,2318.1035,1776192753000
1776192755.001,155.001,0.94,76.17,0.93,190.5,0.95,41.97,0.96,201.57,0.05,41.97,0.04,201.57,0.06,76.17,0.07,190.5,0.01,0.01,2318.10078,1776192754000
1776192755.814,155.814,0.94,149.17,0.93,180.5,0.95,46.0,0.96,196.57,0.05,41.97,0.04,201.57,0.06,76.17,0.07,190.5,0.01,0.01,2318.10078,1776192754000
1776192756.675,156.675,0.94,189.67,0.93,180.5,0.95,41.0,0.96,276.57,0.05,46.0,0.04,196.57,0.06,149.17,0.07,180.5,0.01,0.01,2318.111465,1776192755000
1776192756.995,156.995,0.94,179.17,0.93,180.5,0.95,36.0,0.96,276.57,0.05,36.0,0.04,276.57,0.06,179.17,0.07,180.5,0.01,0.01,2318.126005,1776192756000
1776192757.223,157.223,0.94,219.41,0.93,180.5,0.95,37.3,0.96,511.57,0.05,36.0,0.04,276.57,0.06,179.17,0.07,180.5,0.01,0.01,2318.126005,1776192756000
1776192757.666,157.666,0.94,202.74,0.93,186.5,0.95,1.3,0.96,211.57,0.05,1.3,0.04,511.57,0.06,214.41,0.07,186.5,0.01,0.01,2318.126005,1776192756000
1776192758.159,158.159,0.94,202.74,0.93,186.5,0.95,1.3,0.96,211.57,0.05,1.3,0.04,211.57,0.06,202.74,0.07,186.5,0.01,0.01,2318.094635,1776192757000
1776192759.111,159.111,0.94,202.74,0.93,186.5,0.95,1.3,0.96,211.57,0.05,1.3,0.04,211.57,0.06,202.74,0.07,186.5,0.01,0.01,2318.203945,1776192758000
1776192759.608,159.608,0.94,167.24,0.93,180.5,0.95,30.6,0.96,211.57,0.05,1.3,0.04,211.57,0.06,202.74,0.07,186.5,0.01,0.01,2318.203945,1776192758000
1776192760.133,160.133,0.94,172.24,0.93,180.5,0.95,32.74,0.96,201.57,0.05,30.6,0.04,211.57,0.06,167.24,0.07,180.5,0.01,0.01,2318.203945,1776192758000
1776192761.231,161.231,0.94,172.24,0.93,180.5,0.95,32.74,0.96,201.57,0.05,32.74,0.04,201.57,0.06,172.24,0.07,180.5,0.01,0.01,2318.130219,1776192760000
1776192761.574,161.574,0.94,140.17,0.93,205.5,0.95,20.0,0.96,457.57,0.05,32.74,0.04,201.57,0.06,172.24,0.07,180.5,0.01,0.01,2318.130219,1776192760000
1776192761.957,161.957,0.94,155.17,0.93,205.5,0.95,21.87,0.96,157.57,0.05,20.0,0.04,457.57,0.06,140.17,0.07,205.5,0.01,0.01,2318.130219,1776192760000
1776192762.325,162.325,0.94,155.17,0.93,205.5,0.95,18.74,0.96,157.57,0.05,18.74,0.04,157.57,0.06,155.17,0.07,205.5,0.01,0.01,2318.086487,1776192761000
1776192763.475,163.475,0.94,155.17,0.93,205.5,0.95,18.74,0.96,157.57,0.05,18.74,0.04,157.57,0.06,155.17,0.07,205.5,0.01,0.01,2318.087152,1776192762000
1776192764.001,164.001,0.94,155.17,0.93,205.5,0.95,18.74,0.96,157.57,0.05,18.74,0.04,157.57,0.06,155.17,0.07,205.5,0.01,0.01,2318.070892,1776192763000
1776192764.292,164.292,0.93,72.0,0.92,115.0,0.94,91.0,0.95,192.0,0.05,18.74,0.04,157.57,0.06,155.17,0.07,205.5,0.01,0.01,2318.070892,1776192763000
1776192764.578,164.578,0.92,115.0,0.91,175.0,0.94,91.0,0.95,267.8,0.06,91.0,0.05,192.0,0.07,72.0,0.08,115.0,0.02,0.01,2318.070892,1776192763000
1776192765.113,165.113,0.92,81.0,0.91,175.0,0.94,91.0,0.95,267.8,0.06,91.0,0.05,267.8,0.08,81.0,0.09,175.0,0.02,0.02,2317.991559,1776192764000
1776192766.124,166.124,0.93,10.0,0.92,65.0,0.94,220.0,0.95,367.8,0.06,220.0,0.05,367.8,0.07,10.0,0.08,65.0,0.01,0.01,2317.606476,1776192765000
1776192767.034,167.034,0.93,10.0,0.92,65.0,0.94,220.0,0.95,367.8,0.06,220.0,0.05,367.8,0.07,10.0,0.08,65.0,0.01,0.01,2317.50195,1776192766000
1776192768.093,168.093,0.93,10.0,0.92,65.0,0.94,220.0,0.95,367.8,0.06,220.0,0.05,367.8,0.07,10.0,0.08,65.0,0.01,0.01,2317.415149,1776192767000
1776192768.864,168.864,0.93,70.0,0.92,80.5,0.94,23.79,0.95,170.0,0.06,220.0,0.05,367.8,0.07,10.0,0.08,65.0,0.01,0.01,2317.415149,1776192767000
1776192769.116,169.116,0.93,48.85,0.92,80.5,0.94,23.79,0.95,120.0,0.06,23.79,0.05,120.0,0.07,48.85,0.08,80.5,0.01,0.01,2317.458753,1776192768000
1776192769.387,169.387,0.93,68.85,0.92,80.5,0.94,17.79,0.95,110.0,0.06,23.79,0.05,120.0,0.07,48.85,0.08,80.5,0.01,0.01,2317.458753,1776192768000
1776192770.224,170.224,0.93,68.85,0.92,80.5,0.94,17.79,0.95,110.0,0.06,17.79,0.05,110.0,0.07,68.85,0.08,80.5,0.01,0.01,2317.553712,1776192769000
1776192771.231,171.231,0.93,68.85,0.92,80.5,0.94,17.79,0.95,110.0,0.06,17.79,0.05,110.0,0.07,68.85,0.08,80.5,0.01,0.01,2317.598523,1776192770000
1776192771.549,171.549,0.94,15.0,0.93,68.85,0.95,45.0,0.96,878.37,0.06,17.79,0.05,110.0,0.07,68.85,0.08,80.5,0.01,0.01,2317.598523,1776192770000
1776192771.959,171.959,0.94,70.0,0.93,68.85,0.95,21.0,0.96,828.37,0.05,45.0,0.04,878.37,0.06,15.0,0.07,68.85,0.01,0.01,2317.598523,1776192770000
1776192772.981,172.981,0.94,70.0,0.93,68.85,0.95,17.84,0.96,828.37,0.05,17.84,0.04,828.37,0.06,70.0,0.07,68.85,0.01,0.01,2317.629224,1776192771000
1776192773.235,173.235,0.95,10.0,0.94,65.0,0.96,822.37,0.97,1483.33,0.05,17.84,0.04,828.37,0.06,70.0,0.07,68.85,0.01,0.01,2317.629224,1776192771000
1776192773.57,173.57,0.95,10.0,0.94,65.0,0.96,822.37,0.97,1483.33,0.04,822.37,0.03,1483.33,0.05,10.0,0.06,65.0,0.01,0.01,2317.647034,1776192772000
1776192773.797,173.797,0.95,4.4,0.94,70.0,0.96,760.8,0.97,1483.33,0.04,762.37,0.03,1483.33,0.05,10.0,0.06,65.0,0.01,0.01,2317.647034,1776192772000
1776192774.145,174.145,0.95,4.4,0.94,70.0,0.96,676.8,0.97,1483.33,0.04,760.8,0.03,1483.33,0.05,4.4,0.06,70.0,0.01,0.01,2317.647034,1776192772000
1776192774.426,174.426,0.95,4.4,0.94,70.0,0.96,675.74,0.97,1563.33,0.04,676.8,0.03,1483.33,0.05,4.4,0.06,70.0,0.01,0.01,2317.60007,1776192773000
1776192775.485,175.485,0.95,4.4,0.94,70.0,0.96,675.74,0.97,1563.33,0.04,675.74,0.03,1563.33,0.05,4.4,0.06,70.0,0.01,0.01,2317.59295,1776192774000
1776192776.306,176.306,0.95,4.4,0.94,70.0,0.96,675.74,0.97,1563.33,0.04,675.74,0.03,1563.33,0.05,4.4,0.06,70.0,0.01,0.01,2317.584965,1776192775000
1776192776.51,176.51,0.94,65.4,0.93,104.35,0.96,575.74,0.97,1563.33,0.04,575.74,0.03,1563.33,0.06,65.4,0.07,104.35,0.02,0.02,2317.584965,1776192775000
1776192777.044,177.044,0.94,65.4,0.93,104.35,0.96,575.74,0.97,1563.33,0.04,575.74,0.03,1563.33,0.06,65.4,0.07,104.35,0.02,0.02,2317.564235,1776192776000
1776192778.144,178.144,0.95,10.0,0.94,65.4,0.96,473.0,0.97,958.33,0.04,575.74,0.03,1563.33,0.06,65.4,0.07,104.35,0.01,0.02,2317.564235,1776192776000
1776192779.179,179.179,0.95,10.0,0.94,65.4,0.96,518.0,0.97,953.33,0.04,473.0,0.03,958.33,0.05,10.0,0.06,65.4,0.01,0.01,2317.57572,1776192777000
1776192779.651,179.651,0.95,10.0,0.94,65.4,0.96,518.0,0.97,953.33,0.04,518.0,0.03,953.33,0.05,10.0,0.06,65.4,0.01,0.01,2317.569415,1776192778000
1776192780.348,180.348,0.95,10.0,0.94,65.4,0.96,518.0,0.97,953.33,0.04,518.0,0.03,953.33,0.05,10.0,0.06,65.4,0.01,0.01,2317.569425,1776192779000
1776192780.966,180.966,0.95,10.0,0.94,75.9,0.96,359.79,0.97,953.33,0.04,359.79,0.03,953.33,0.05,10.0,0.06,75.9,0.01,0.01,2317.604836,1776192780000
1776192781.252,181.252,0.93,55.5,0.92,145.5,0.94,23.6,0.96,186.79,0.04,359.79,0.03,953.33,0.05,10.0,0.06,75.9,0.01,0.01,2317.604836,1776192780000
1776192782.045,182.045,0.93,60.5,0.92,120.5,0.95,20.77,0.96,275.59,0.06,23.6,0.04,186.79,0.07,55.5,0.08,145.5,0.02,0.01,2317.604836,1776192780000
1776192782.4,182.4,0.93,60.5,0.92,120.5,0.95,20.77,0.96,275.59,0.05,20.77,0.04,275.59,0.07,60.5,0.08,120.5,0.02,0.02,2317.569245,1776192781000
1776192783.092,183.092,0.94,15.0,0.93,110.5,0.96,256.48,0.97,1476.03,0.04,256.48,0.03,1476.03,0.06,15.0,0.07,110.5,0.02,0.02,2317.5413,1776192782000
1776192784.54,184.54,0.94,15.0,0.93,110.5,0.96,256.48,0.97,1476.03,0.04,256.48,0.03,1476.03,0.06,15.0,0.07,110.5,0.02,0.02,2317.360841,1776192783000
1776192784.839,184.839,0.94,25.0,0.93,110.5,0.95,5.0,0.96,443.68,0.04,256.48,0.03,1476.03,0.06,15.0,0.07,110.5,0.01,0.02,2317.360841,1776192783000
1776192785.192,185.192,0.94,25.0,0.93,110.5,0.95,5.0,0.96,443.68,0.05,5.0,0.04,443.68,0.06,25.0,0.07,110.5,0.01,0.01,2317.360126,1776192784000
1776192785.794,185.794,0.94,12.69,0.93,110.5,0.95,5.0,0.96,443.68,0.05,5.0,0.04,443.68,0.06,25.0,0.07,110.5,0.01,0.01,2317.360126,1776192784000
1776192786.344,186.344,0.94,102.69,0.93,105.5,0.96,418.68,0.97,1388.33,0.05,5.0,0.04,443.68,0.06,12.69,0.07,110.5,0.02,0.01,2317.360126,1776192784000
1776192786.779,186.779,0.95,10.0,0.94,102.69,0.96,367.0,0.97,1383.33,0.04,418.68,0.03,1388.33,0.06,102.69,0.07,105.5,0.01,0.02,2317.360126,1776192784000
1776192787.183,187.183,0.95,10.0,0.94,102.69,0.96,360.39,0.97,1378.33,0.04,367.0,0.03,1383.33,0.05,10.0,0.06,102.69,0.01,0.01,2317.361262,1776192785000
1776192787.693,187.693,0.95,10.0,0.94,102.69,0.96,360.39,0.97,1378.33,0.04,360.39,0.03,1378.33,0.05,10.0,0.06,102.69,0.01,0.01,2317.366039,1776192786000
1776192788.294,188.294,0.95,10.0,0.94,102.69,0.96,360.39,0.97,1378.33,0.04,360.39,0.03,1378.33,0.05,10.0,0.06,102.69,0.01,0.01,2317.354496,1776192787000
1776192789.018,189.018,0.95,10.0,0.94,102.69,0.96,360.39,0.97,1378.33,0.04,360.39,0.03,1378.33,0.05,10.0,0.06,102.69,0.01,0.01,2317.347641,1776192788000
1776192789.955,189.955,0.95,59.85,0.94,108.19,0.96,384.39,0.97,1328.33,0.04,360.39,0.03,1378.33,0.05,10.0,0.06,102.69,0.01,0.01,2317.347641,1776192788000
1776192790.22,190.22,0.89,265.56,0.88,149.1,0.96,384.39,0.97,1378.33,0.04,384.39,0.03,1328.33,0.05,59.85,0.06,108.19,0.07,0.01,2317.347641,1776192788000
1776192790.954,190.954,0.89,265.56,0.88,149.1,0.96,384.39,0.97,1378.33,0.04,384.39,0.03,1378.33,0.11,265.56,0.12,149.1,0.07,0.07,2317.316939,1776192789000
1776192791.428,191.428,0.89,265.56,0.88,149.1,0.96,384.39,0.97,1378.33,0.04,384.39,0.03,1378.33,0.11,265.56,0.12,149.1,0.07,0.07,2317.309075,1776192790000
1776192791.803,191.803,0.93,162.79,0.92,45.5,0.94,39.73,0.95,65.0,0.04,384.39,0.03,1378.33,0.11,265.56,0.12,149.1,0.01,0.07,2317.309075,1776192790000
1776192792.175,192.175,0.93,162.79,0.92,40.5,0.94,39.73,0.95,65.0,0.06,39.73,0.05,65.0,0.07,162.79,0.08,45.5,0.01,0.01,2317.305835,1776192791000
1776192792.397,192.397,0.93,152.79,0.92,35.5,0.94,39.73,0.95,65.0,0.06,39.73,0.05,65.0,0.07,162.79,0.08,40.5,0.01,0.01,2317.305835,1776192791000
1776192793.056,193.056,0.93,152.79,0.92,35.5,0.94,39.73,0.95,65.0,0.06,39.73,0.05,65.0,0.07,152.79,0.08,35.5,0.01,0.01,2317.301387,1776192792000
1776192793.411,193.411,0.93,157.79,0.92,40.5,0.94,29.14,0.95,65.0,0.06,39.73,0.05,65.0,0.07,152.79,0.08,35.5,0.01,0.01,2317.301387,1776192792000
1776192793.911,193.911,0.93,157.79,0.92,40.5,0.94,25.68,0.95,65.0,0.06,29.14,0.05,65.0,0.07,162.79,0.08,40.5,0.01,0.01,2317.301387,1776192792000
1776192795.079,195.079,0.93,24.93,0.92,40.5,0.94,25.68,0.95,65.0,0.06,25.68,0.05,65.0,0.07,157.79,0.08,40.5,0.01,0.01,2317.304298,1776192793000
1776192796.004,196.004,0.93,55.64,0.92,35.5,0.94,21.44,0.95,65.0,0.06,25.68,0.05,65.0,0.07,24.93,0.08,40.5,0.01,0.01,2317.305041,1776192794000
1776192796.452,196.452,0.95,20.0,0.94,10.0,0.96,96.72,0.97,1450.03,0.04,130.84,0.03,1150.03,0.07,55.64,0.08,35.5,0.01,0.03,2317.292775,1776192795000
1776192796.884,196.884,0.95,20.0,0.94,142.86,0.96,95.57,0.97,1457.33,0.04,96.72,0.03,1450.03,0.05,20.0,0.06,10.0,0.01,0.01,2317.292775,1776192795000
1776192797.225,197.225,0.95,20.0,0.94,142.86,0.96,95.57,0.97,1457.33,0.04,95.57,0.03,1457.33,0.05,20.0,0.06,142.86,0.01,0.01,2317.282217,1776192796000
1776192797.526,197.526,0.95,53.57,0.94,147.86,0.96,74.73,0.97,1457.33,0.04,95.57,0.03,1457.33,0.05,20.0,0.06,142.86,0.01,0.01,2317.282217,1776192796000
1776192797.834,197.834,0.95,95.52,0.94,147.86,0.96,69.1,0.97,1457.33,0.04,70.58,0.03,1457.33,0.05,53.57,0.06,147.86,0.01,0.01,2317.282217,1776192796000
1776192798.401,198.401,0.95,95.52,0.94,147.86,0.96,69.1,0.97,1457.33,0.04,69.1,0.03,1457.33,0.05,95.52,0.06,147.86,0.01,0.01,2317.272327,1776192797000
1776192798.954,198.954,0.95,95.52,0.94,147.86,0.96,69.1,0.97,1457.33,0.04,69.1,0.03,1457.33,0.05,95.52,0.06,147.86,0.01,0.01,2317.247383,1776192798000
1776192799.615,199.615,0.95,95.52,0.94,15.0,0.96,54.73,0.97,1457.33,0.04,69.1,0.03,1457.33,0.05,95.52,0.06,147.86,0.01,0.01,2317.247383,1776192798000
1776192799.987,199.987,0.95,95.52,0.94,15.0,0.96,54.73,0.97,1457.33,0.04,54.73,0.03,1457.33,0.05,95.52,0.06,15.0,0.01,0.01,2317.250994,1776192799000
1776192800.2,200.2,0.95,100.52,0.94,15.0,0.96,45.73,0.97,1457.33,0.04,54.73,0.03,1457.33,0.05,95.52,0.06,15.0,0.01,0.01,2317.250994,1776192799000
1776192800.9,200.9,0.95,100.52,0.94,15.0,0.96,45.73,0.97,1457.33,0.04,45.73,0.03,1457.33,0.05,100.52,0.06,15.0,0.01,0.01,2317.251229,1776192800000
1776192801.106,201.106,0.95,175.52,0.94,25.0,0.97,324.33,0.98,925.7,0.04,5.0,0.03,324.33,0.05,115.52,0.06,25.0,0.02,0.01,2317.251229,1776192800000
1776192801.92,201.92,0.95,175.52,0.94,25.0,0.97,324.33,0.98,925.7,0.03,324.33,0.02,925.7,0.05,175.52,0.06,25.0,0.02,0.02,2317.25772,1776192801000
1776192803.005,203.005,0.95,175.52,0.94,25.0,0.97,324.33,0.98,925.7,0.03,324.33,0.02,925.7,0.05,175.52,0.06,25.0,0.02,0.02,2317.449932,1776192802000
1776192804.192,204.192,0.96,101.03,0.95,71.95,0.97,580.3,0.98,1130.7,0.03,324.33,0.02,925.7,0.05,175.52,0.06,25.0,0.01,0.02,2317.449932,1776192802000
1776192804.529,204.529,0.96,101.03,0.95,71.95,0.97,580.3,0.98,1130.7,0.03,580.3,0.02,1130.7,0.04,101.03,0.05,71.95,0.01,0.01,2317.581145,1776192803000
1776192805.076,205.076,0.96,101.03,0.95,71.95,0.97,580.3,0.98,1130.7,0.03,580.3,0.02,1130.7,0.04,101.03,0.05,71.95,0.01,0.01,2317.5768,1776192804000
1776192805.866,205.866,0.96,119.33,0.95,87.45,0.97,258.34,0.98,256.0,0.03,580.3,0.02,1130.7,0.04,101.03,0.05,71.95,0.01,0.01,2317.5768,1776192804000
1776192806.252,206.252,0.96,175.33,0.95,87.45,0.97,213.74,0.98,256.0,0.03,238.24,0.02,256.0,0.04,134.33,0.05,87.45,0.01,0.01,2317.5768,1776192804000
1776192806.602,206.602,0.98,21.0,0.97,40.5,0.99,2260.55,,,0.01,2280.55,,,0.02,21.0,0.04,284.49,0.01,0.01,2317.437558,1776192805000
1776192806.895,206.895,0.98,21.0,0.97,40.5,0.99,2260.55,,,0.01,2260.55,,,0.02,21.0,0.03,40.5,0.01,0.01,2317.395444,1776192806000
1776192807.096,207.096,0.98,393.86,0.97,495.5,0.99,1706.42,,,0.01,1719.92,,,0.02,168.5,0.03,484.5,0.01,0.01,2317.395444,1776192806000
1776192807.365,207.365,0.98,438.86,0.97,674.5,0.99,1664.42,,,0.01,1666.42,,,0.02,403.86,0.03,634.19,0.01,0.01,2317.395444,1776192806000
1776192807.566,207.566,0.98,458.86,0.97,674.5,0.99,1595.85,,,0.01,1624.42,,,0.02,448.86,0.03,674.5,0.01,0.01,2317.395444,1776192806000
1776192807.803,207.803,0.98,513.86,0.97,674.5,0.99,2746.85,,,0.01,1595.85,,,0.02,458.86,0.03,674.5,0.01,0.01,2317.395444,1776192806000
1776192808.006,208.006,0.98,281.13,0.97,826.13,0.99,1547.51,,,0.01,1547.51,,,0.02,281.13,0.03,826.13,0.01,0.01,2319.282565,1776192807000
1776192808.214,208.214,0.98,453.95,0.97,594.5,0.99,1572.51,,,0.01,1547.51,,,0.02,281.13,0.03,826.13,0.01,0.01,2319.282565,1776192807000
1776192808.418,208.418,0.98,350.86,0.97,666.5,0.99,1552.51,,,0.01,1572.51,,,0.02,360.55,0.03,666.5,0.01,0.01,2319.282565,1776192807000
1776192809.024,209.024,0.98,160.73,0.97,1014.86,0.99,1551.49,,,0.01,1552.51,,,0.02,350.86,0.03,666.5,0.01,0.01,2319.282565,1776192807000
1776192809.443,209.443,0.98,100.73,0.97,852.86,0.99,1545.49,,,0.01,1551.49,,,0.02,110.73,0.03,914.86,0.01,0.01,2320.980864,1776192808000
1776192809.646,209.646,0.98,100.73,0.97,632.5,0.99,1801.0,,,0.01,1901.0,,,0.02,100.73,0.03,627.5,0.01,0.01,2320.980864,1776192808000
1776192810.096,210.096,0.98,140.73,0.97,687.5,0.99,1789.97,,,0.01,1789.97,,,0.02,150.73,0.03,687.5,0.01,0.01,2320.980864,1776192808000
1776192810.42,210.42,0.98,140.73,0.97,584.5,0.99,1419.34,,,0.01,1419.34,,,0.02,140.73,0.03,584.5,0.01,0.01,2321.3634,1776192809000
1776192810.787,210.787,0.98,150.73,0.97,594.19,0.99,1387.34,,,0.01,1389.34,,,0.02,140.73,0.03,584.5,0.01,0.01,2321.3634,1776192809000
1776192810.99,210.99,0.98,60.0,0.97,566.19,0.99,1295.99,,,0.01,1331.34,,,0.02,60.0,0.03,589.19,0.01,0.01,2321.3634,1776192809000
1776192811.361,211.361,0.98,65.19,0.97,530.0,0.99,1654.53,,,0.01,1659.59,,,0.02,65.19,0.03,560.5,0.01,0.01,2320.892242,1776192810000
1776192811.989,211.989,0.98,45.19,0.97,535.0,0.99,1578.17,,,0.01,1608.17,,,0.02,45.19,0.03,530.0,0.01,0.01,2320.892242,1776192810000
1776192813.189,213.189,0.98,45.19,0.97,630.26,0.99,1548.17,,,0.01,1578.17,,,0.02,45.19,0.03,535.0,0.01,0.01,2320.580787,1776192811000
1776192813.931,213.931,0.98,45.19,0.97,545.0,0.99,1443.17,,,0.01,1548.17,,,0.02,45.19,0.03,630.26,0.01,0.01,2319.933368,1776192812000
1776192814.641,214.641,0.98,45.19,0.97,545.0,0.99,1433.07,,,0.01,1433.07,,,0.02,45.19,0.03,545.0,0.01,0.01,2319.801209,1776192813000
1776192815.214,215.214,0.98,45.19,0.97,545.0,0.99,1433.07,,,0.01,1433.07,,,0.02,45.19,0.03,545.0,0.01,0.01,2319.806042,1776192814000
1776192815.601,215.601,0.98,45.19,0.97,771.86,0.99,1787.91,,,0.01,1433.07,,,0.02,45.19,0.03,545.0,0.01,0.01,2319.806042,1776192814000
1776192816.296,216.296,0.98,45.19,0.97,771.86,0.99,1787.91,,,0.01,1787.91,,,0.02,45.19,0.03,771.86,0.01,0.01,2319.80477,1776192815000
1776192816.998,216.998,0.98,60.05,0.97,580.5,0.99,1392.58,,,0.01,1790.21,,,0.02,83.19,0.03,556.5,0.01,0.01,2319.80477,1776192815000
1776192817.208,217.208,0.98,60.05,0.97,604.5,0.99,1377.86,,,0.01,1392.58,,,0.02,60.05,0.03,580.5,0.01,0.01,2319.80477,1776192815000
1776192817.506,217.506,0.98,76.05,0.97,792.39,0.99,1342.86,,,0.01,1347.86,,,0.02,60.05,0.03,597.5,0.01,0.01,2320.016979,1776192816000
1776192817.98,217.98,0.98,76.05,0.97,657.13,0.99,1312.86,,,0.01,949.26,,,0.02,76.05,0.03,657.13,0.01,0.01,2320.127118,1776192817000
1776192818.724,218.724,0.98,76.05,0.97,685.13,0.99,1322.53,,,0.01,949.26,,,0.02,76.05,0.03,657.13,0.01,0.01,2320.127118,1776192817000
1776192818.991,218.991,0.98,50.05,0.97,694.82,0.99,927.91,,,0.01,1292.53,,,0.02,71.05,0.03,685.13,0.01,0.01,2320.127118,1776192817000
1776192819.671,219.671,0.98,270.41,0.97,685.13,0.99,932.91,,,0.01,932.91,,,0.02,270.41,0.03,685.13,0.01,0.01,2320.309887,1776192818000
1776192819.902,219.902,0.98,278.04,0.97,685.13,0.99,900.82,,,0.01,932.91,,,0.02,270.41,0.03,685.13,0.01,0.01,2320.309887,1776192818000
1776192820.23,220.23,0.98,288.04,0.97,684.13,0.99,870.82,,,0.01,900.82,,,0.02,278.04,0.03,685.13,0.01,0.01,2320.309887,1776192818000
1776192821.094,221.094,0.98,315.04,0.97,657.5,0.99,856.15,,,0.01,870.82,,,0.02,288.04,0.03,684.13,0.01,0.01,2320.304286,1776192819000
1776192821.387,221.387,0.98,315.04,0.97,657.5,0.99,856.15,,,0.01,856.15,,,0.02,315.04,0.03,657.5,0.01,0.01,2320.371415,1776192820000
1776192821.918,221.918,0.98,396.04,0.97,770.19,0.99,864.67,,,0.01,856.15,,,0.02,315.04,0.03,657.5,0.01,0.01,2320.371415,1776192820000
1776192822.77,222.77,0.98,322.04,0.97,740.5,0.99,834.67,,,0.01,864.67,,,0.02,401.04,0.03,770.19,0.01,0.01,2320.391784,1776192821000
1776192823.042,223.042,0.98,322.04,0.97,740.5,0.99,678.15,,,0.01,678.15,,,0.02,322.04,0.03,740.5,0.01,0.01,2320.40176,1776192822000
1776192823.283,223.283,0.98,288.04,0.97,751.0,0.99,676.15,,,0.01,678.15,,,0.02,322.04,0.03,740.5,0.01,0.01,2320.40176,1776192822000
1776192823.796,223.796,0.98,293.04,0.97,747.0,0.99,634.77,,,0.01,670.13,,,0.02,288.04,0.03,751.0,0.01,0.01,2320.40176,1776192822000
1776192824.155,224.155,0.98,293.04,0.97,747.0,0.99,634.77,,,0.01,634.77,,,0.02,293.04,0.03,747.0,0.01,0.01,2320.460801,1776192823000
1776192825.266,225.266,0.98,293.04,0.97,747.0,0.99,634.77,,,0.01,634.77,,,0.02,293.04,0.03,747.0,0.01,0.01,2320.421439,1776192824000
1776192825.589,225.589,0.98,313.73,0.97,870.7,0.99,604.77,,,0.01,634.77,,,0.02,293.04,0.03,747.0,0.01,0.01,2320.421439,1776192824000
1776192826.233,226.233,0.97,743.04,0.96,178.96,0.99,991.37,,,0.01,604.77,,,0.02,313.73,0.03,870.7,0.02,0.01,2320.421439,1776192824000
1776192826.603,226.603,0.97,808.04,0.96,187.96,0.99,967.2,,,0.02,9.94,0.01,981.37,0.03,743.04,0.04,173.96,0.02,0.01,2320.229608,1776192825000
1776192827.057,227.057,0.98,50.0,0.97,753.04,0.99,952.2,,,0.01,967.2,,,0.03,743.04,0.04,187.96,0.01,0.02,2320.229608,1776192825000
1776192827.508,227.508,0.98,50.0,0.97,753.04,0.99,952.2,,,0.01,952.2,,,0.02,50.0,0.03,753.04,0.01,0.01,2320.077868,1776192826000
1776192827.761,227.761,0.97,645.51,0.96,154.96,0.99,565.78,,,0.01,565.78,,,0.02,78.0,0.03,772.04,0.02,0.01,2320.077868,1776192826000
1776192829.23,229.23,0.98,5.0,0.97,635.51,0.99,557.7,,,0.01,557.7,,,0.02,5.0,0.03,635.51,0.01,0.01,2319.465595,1776192828000
1776192829.923,229.923,0.98,295.99,0.97,455.15,0.99,590.97,,,0.01,591.99,,,0.02,78.0,0.03,680.51,0.01,0.01,2319.465595,1776192828000
1776192830.251,230.251,0.98,295.99,0.97,455.15,0.99,590.97,,,0.01,590.97,,,0.02,295.99,0.03,455.15,0.01,0.01,2319.78259,1776192829000
1776192831.405,231.405,0.98,295.99,0.97,455.15,0.99,590.97,,,0.01,590.97,,,0.02,295.99,0.03,455.15,0.01,0.01,2319.863315,1776192830000
1776192831.922,231.922,0.98,290.36,0.97,441.15,0.99,585.97,,,0.01,590.97,,,0.02,295.99,0.03,455.15,0.01,0.01,2319.863315,1776192830000
1776192832.135,232.135,0.98,290.36,0.97,441.15,0.99,585.97,,,0.01,585.97,,,0.02,290.36,0.03,441.15,0.01,0.01,2319.8654,1776192831000
1776192832.638,232.638,0.98,76.69,0.97,641.51,0.99,575.64,,,0.01,585.97,,,0.02,290.36,0.03,441.15,0.01,0.01,2319.8654,1776192831000
1776192833.065,233.065,0.98,76.69,0.97,641.51,0.99,575.64,,,0.01,575.64,,,0.02,76.69,0.03,641.51,0.01,0.01,2319.908535,1776192832000
1776192834.347,234.347,0.98,76.69,0.97,641.51,0.99,575.64,,,0.01,575.64,,,0.02,76.69,0.03,641.51,0.01,0.01,2319.878244,1776192833000
1776192835.185,235.185,0.98,67.0,0.97,650.51,0.99,570.64,,,0.01,570.64,,,0.02,67.0,0.03,650.51,0.01,0.01,2319.702153,1776192834000
1776192836.454,236.454,0.98,92.0,0.97,660.51,0.99,535.28,,,0.01,570.64,,,0.02,67.0,0.03,650.51,0.01,0.01,2319.702153,1776192834000
1776192836.894,236.894,0.98,92.0,0.97,660.51,0.99,535.28,,,0.01,535.28,,,0.02,92.0,0.03,660.51,0.01,0.01,2319.501941,1776192835000
1776192837.625,237.625,0.98,92.0,0.97,660.51,0.99,499.92,,,0.01,499.92,,,0.02,92.0,0.03,660.51,0.01,0.01,2319.50187,1776192836000
1776192838.529,238.529,0.98,92.0,0.97,660.51,0.99,499.92,,,0.01,499.92,,,0.02,92.0,0.03,660.51,0.01,0.01,2319.486234,1776192837000
1776192839.022,239.022,0.98,655.99,0.97,552.85,0.99,494.92,,,0.01,499.92,,,0.02,92.0,0.03,660.51,0.01,0.01,2319.486234,1776192837000
1776192839.443,239.443,0.98,655.99,0.97,552.85,0.99,494.92,,,0.01,494.92,,,0.02,655.99,0.03,552.85,0.01,0.01,2319.487202,1776192838000
1776192840.132,240.132,0.98,650.99,0.97,552.85,0.99,461.92,,,0.01,461.92,,,0.02,650.99,0.03,552.85,0.01,0.01,2319.497491,1776192839000
1776192840.631,240.631,0.98,727.99,0.97,479.91,0.99,451.82,,,0.01,461.92,,,0.02,650.99,0.03,552.85,0.01,0.01,2319.497491,1776192839000
1776192840.944,240.944,0.98,727.99,0.97,469.91,0.99,146.82,,,0.01,446.82,,,0.02,732.99,0.03,469.91,0.01,0.01,2319.497491,1776192839000
1776192841.2,241.2,0.99,5.21,0.98,727.99,,,,,0.01,144.79,,,0.02,727.99,0.03,469.91,,0.01,2319.497491,1776192839000
1776192841.495,241.495,0.99,5.21,0.98,727.99,,,,,,,,,0.01,5.21,0.02,727.99,,,2319.515814,1776192840000
1776192842.215,242.215,0.99,174.31,0.98,727.99,,,,,,,,,0.01,174.31,0.02,727.99,,,2319.517052,1776192841000
1776192842.675,242.675,0.99,399.37,0.98,502.63,,,,,,,,,0.01,400.72,0.02,502.63,,,2319.517052,1776192841000
1776192843.36,243.36,0.99,468.29,0.98,444.0,,,,,,,,,0.01,399.37,0.02,502.63,,,2319.517052,1776192841000
1776192844.106,244.106,0.99,468.29,0.98,444.0,,,,,,,,,0.01,468.29,0.02,444.0,,,2319.512134,1776192842000
1776192845.127,245.127,0.99,468.29,0.98,444.0,,,,,,,,,0.01,468.29,0.02,444.0,,,2319.511372,1776192843000
1776192846.002,246.002,0.99,468.29,0.98,444.0,,,,,,,,,0.01,468.29,0.02,444.0,,,2319.575908,1776192844000
1776192847.058,247.058,0.99,468.29,0.98,444.0,,,,,,,,,0.01,468.29,0.02,444.0,,,2319.589115,1776192845000
1776192848.137,248.137,0.99,468.29,0.98,444.0,,,,,,,,,0.01,468.29,0.02,444.0,,,2319.623695,1776192846000
1776192849.017,249.017,0.99,468.29,0.98,444.0,,,,,,,,,0.01,468.29,0.02,444.0,,,2319.59434,1776192847000
1776192849.995,249.995,0.99,468.29,0.98,444.0,,,,,,,,,0.01,468.29,0.02,444.0,,,2319.50146,1776192848000
1776192850.793,250.793,0.99,468.29,0.98,444.0,,,,,,,,,0.01,468.29,0.02,444.0,,,2319.502539,1776192849000
1776192851.572,251.572,0.99,468.29,0.98,444.0,,,,,,,,,0.01,468.29,0.02,444.0,,,2319.292883,1776192850000
1776192852.329,252.329,0.99,468.29,0.98,444.0,,,,,,,,,0.01,468.29,0.02,444.0,,,2319.097423,1776192851000
1776192853.15,253.15,0.99,468.29,0.98,444.0,,,,,,,,,0.01,468.29,0.02,444.0,,,2319.016436,1776192852000
1776192854.685,254.685,0.99,468.29,0.98,444.0,,,,,,,,,0.01,468.29,0.02,444.0,,,2319.13783,1776192853000
1776192855.812,255.812,0.99,468.29,0.98,444.0,,,,,,,,,0.01,468.29,0.02,444.0,,,2319.047465,1776192854000
1776192856.564,256.564,0.99,468.29,0.98,444.0,,,,,,,,,0.01,468.29,0.02,444.0,,,2319.122383,1776192855000
1776192857.273,257.273,0.99,468.29,0.98,444.0,,,,,,,,,0.01,468.29,0.02,444.0,,,2319.11036,1776192856000
1776192858.825,258.825,0.99,468.29,0.98,444.0,,,,,,,,,0.01,468.29,0.02,444.0,,,2318.853563,1776192857000
1776192859.585,259.585,0.99,468.29,0.98,444.0,,,,,,,,,0.01,468.29,0.02,444.0,,,2318.78598,1776192858000
1776192860.219,260.219,0.99,468.29,0.98,444.0,,,,,,,,,0.01,468.29,0.02,444.0,,,2318.719805,1776192859000
1776192861.56,261.56,0.99,468.29,0.98,444.0,,,,,,,,,0.01,468.29,0.02,444.0,,,2318.827341,1776192860000
1776192862.195,262.195,0.99,468.29,0.98,444.0,,,,,,,,,0.01,468.29,0.02,444.0,,,2318.837115,1776192861000
1776192863.481,263.481,0.99,468.29,0.98,444.0,,,,,,,,,0.01,468.29,0.02,444.0,,,2319.513114,1776192862000
1776192864.126,264.126,0.99,468.29,0.98,444.0,,,,,,,,,0.01,468.29,0.02,444.0,,,2319.735597,1776192863000
1776192865.417,265.417,0.99,468.29,0.98,444.0,,,,,,,,,0.01,468.29,0.02,444.0,,,2319.682751,1776192864000
1776192866.113,266.113,0.99,468.29,0.98,444.0,,,,,,,,,0.01,468.29,0.02,444.0,,,2319.586269,1776192865000
1776192867.048,267.048,0.99,468.29,0.98,444.0,,,,,,,,,0.01,468.29,0.02,444.0,,,2319.478753,1776192866000
1776192868.545,268.545,0.99,468.29,0.98,444.0,,,,,,,,,0.01,468.29,0.02,444.0,,,2319.459312,1776192867000
1776192869.298,269.298,0.99,468.29,0.98,444.0,,,,,,,,,0.01,468.29,0.02,444.0,,,2319.464452,1776192868000
1776192870.031,270.031,0.99,468.29,0.98,444.0,,,,,,,,,0.01,468.29,0.02,444.0,,,2319.475145,1776192869000
1776192871.538,271.538,0.99,468.29,0.98,444.0,,,,,,,,,0.01,468.29,0.02,444.0,,,2319.474173,1776192870000
1776192872.16,272.16,0.99,468.29,0.98,444.0,,,,,,,,,0.01,468.29,0.02,444.0,,,2319.475218,1776192871000
1776192873.95,273.95,0.99,468.29,0.98,444.0,,,,,,,,,0.01,468.29,0.02,444.0,,,2319.5301,1776192872000
1776192874.7,274.7,0.99,468.29,0.98,444.0,,,,,,,,,0.01,468.29,0.02,444.0,,,2319.588678,1776192873000
1776192875.276,275.276,0.99,468.29,0.98,444.0,,,,,,,,,0.01,468.29,0.02,444.0,,,2319.53861,1776192874000
1776192876.666,276.666,0.99,468.29,0.98,444.0,,,,,,,,,0.01,468.29,0.02,444.0,,,2319.53033,1776192875000
1776192877.241,277.241,0.99,468.29,0.98,444.0,,,,,,,,,0.01,468.29,0.02,444.0,,,2319.526846,1776192876000
1776192878.686,278.686,0.99,468.29,0.98,444.0,,,,,,,,,0.01,468.29,0.02,444.0,,,2319.523983,1776192877000
1776192879.757,279.757,0.99,468.29,0.98,444.0,,,,,,,,,0.01,468.29,0.02,444.0,,,2319.549472,1776192878000
1776192880.46,280.46,0.99,468.29,0.98,444.0,,,,,,,,,0.01,468.29,0.02,444.0,,,2319.55839,1776192879000
1776192881.215,281.215,0.99,468.29,0.98,444.0,,,,,,,,,0.01,468.29,0.02,444.0,,,2319.554796,1776192880000
1776192882.562,282.562,0.99,468.29,0.98,444.0,,,,,,,,,0.01,468.29,0.02,444.0,,,2319.55441,1776192881000
1776192883.273,283.273,0.99,468.29,0.98,444.0,,,,,,,,,0.01,468.29,0.02,444.0,,,2319.556538,1776192882000
1776192884.653,284.653,0.99,468.29,0.98,444.0,,,,,,,,,0.01,468.29,0.02,444.0,,,2319.588527,1776192883000
1776192885.421,285.421,0.99,468.29,0.98,444.0,,,,,,,,,0.01,468.29,0.02,444.0,,,2319.590385,1776192884000
1776192885.994,285.994,0.99,468.29,0.98,444.0,,,,,,,,,0.01,468.29,0.02,444.0,,,2319.66095,1776192885000
1776192887.377,287.377,0.99,468.29,0.98,444.0,,,,,,,,,0.01,468.29,0.02,444.0,,,2319.132424,1776192886000
1776192888.041,288.041,0.99,468.29,0.98,444.0,,,,,,,,,0.01,468.29,0.02,444.0,,,2319.173375,1776192887000
1776192889.385,289.385,0.99,468.29,0.98,444.0,,,,,,,,,0.01,468.29,0.02,444.0,,,2319.074268,1776192888000
1776192890.179,290.179,0.99,10747.08,0.98,44.0,,,,,,,,,0.01,10747.08,0.02,44.0,,,2318.76646,1776192889000
1776192891.852,291.852,0.99,10747.08,0.98,44.0,,,,,,,,,0.01,10747.08,0.02,44.0,,,2318.627368,1776192890000
1776192892.385,292.385,0.99,10747.08,0.98,44.0,,,,,,,,,0.01,10747.08,0.02,44.0,,,2318.481522,1776192891000
1776192893.297,293.297,0.99,11327.13,0.98,44.0,,,,,,,,,0.01,11327.13,0.02,44.0,,,2318.402338,1776192892000
1776192894.261,294.261,0.99,11327.13,0.98,44.0,,,,,,,,,0.01,11327.13,0.02,44.0,,,2317.915782,1776192893000
1776192895.297,295.297,0.99,11327.13,0.98,44.0,,,,,,,,,0.01,11327.13,0.02,44.0,,,2317.709184,1776192894000
1776192896.197,296.197,0.99,11327.13,0.98,44.0,,,,,,,,,0.01,11327.13,0.02,44.0,,,2317.87832,1776192895000
1776192897.121,297.121,0.99,11327.13,0.98,44.0,,,,,,,,,0.01,11327.13,0.02,44.0,,,2318.016643,1776192896000
1776192898.021,298.021,0.99,13644.79,0.98,44.0,,,,,,,,,0.01,11327.13,0.02,44.0,,,2318.016643,1776192896000
1776192898.228,298.228,0.99,13644.79,0.98,44.0,,,,,,,,,0.01,13644.79,0.02,44.0,,,2317.99159,1776192897000
1776192899.212,299.212,0.99,13644.79,0.98,44.0,,,,,,,,,0.01,13644.79,0.02,44.0,,,2317.841203,1776192898000
1776192900.176,300.176,0.99,13644.79,0.98,44.0,,,,,,,,,0.01,13644.79,0.02,44.0,,,2317.85746,1776192899000

# RESULT,winner=Up,slug=eth-updown-5m-1776192600,ticks=545
