timestamp,elapsed_sec,up_bid_p1,up_bid_s1,up_bid_p2,up_bid_s2,up_ask_p1,up_ask_s1,up_ask_p2,up_ask_s2,down_bid_p1,down_bid_s1,down_bid_p2,down_bid_s2,down_ask_p1,down_ask_s1,down_ask_p2,down_ask_s2,up_spread,down_spread,eth_price,eth_oracle_ts
1776202501.455,1.455,0.5,22.65,0.49,6.4,0.51,7.1,0.52,12.0,0.49,7.1,0.48,12.0,0.5,27.65,0.51,6.4,0.01,0.01,2318.899825,1776201481000
1776202501.809,1.809,0.5,27.65,0.49,6.4,0.52,12.0,0.53,18.0,0.49,7.1,0.48,12.0,0.5,27.65,0.51,6.4,0.02,0.01,2318.899825,1776201481000
1776202502.423,2.423,0.5,27.65,0.49,11.4,0.51,2.88,0.52,17.0,0.48,12.0,0.47,18.0,0.5,27.65,0.51,6.4,0.01,0.02,2318.899825,1776201481000
1776202502.933,2.933,0.5,32.65,0.49,16.4,0.51,0.91,0.52,17.0,0.49,2.88,0.48,17.0,0.5,27.65,0.51,11.4,0.01,0.01,2318.899825,1776201481000
1776202503.472,3.472,0.5,32.65,0.49,16.4,0.51,25.91,0.52,27.0,0.49,0.91,0.48,17.0,0.5,32.65,0.51,16.4,0.01,0.01,2318.899825,1776201481000
1776202503.916,3.916,0.5,30.53,0.49,16.4,0.51,33.79,0.52,32.0,0.49,28.79,0.48,32.0,0.5,32.65,0.51,11.4,0.01,0.01,2318.899825,1776201481000
1776202504.335,4.335,0.5,70.12,0.49,16.4,0.51,33.79,0.52,32.0,0.49,33.79,0.48,32.0,0.5,30.53,0.51,16.4,0.01,0.01,2318.899825,1776201481000
1776202505.078,5.078,0.5,65.12,0.49,16.4,0.51,28.32,0.52,32.0,0.49,33.79,0.48,32.0,0.5,70.12,0.51,16.4,0.01,0.01,2318.899825,1776201481000
1776202505.646,5.646,0.5,64.12,0.49,16.4,0.51,31.0,0.52,32.0,0.49,28.32,0.48,32.0,0.5,69.12,0.51,16.4,0.01,0.01,2318.899825,1776201481000
1776202506.141,6.141,0.5,69.12,0.49,16.4,0.51,31.0,0.52,32.0,0.49,31.0,0.48,32.0,0.5,64.12,0.51,16.4,0.01,0.01,2318.899825,1776201481000
1776202506.695,6.695,0.52,45.0,0.51,70.0,0.59,2.85,0.6,5.0,0.49,31.0,0.48,32.0,0.5,69.12,0.51,16.4,0.07,0.01,2318.899825,1776201481000
1776202507.124,7.124,0.67,20.0,0.66,15.0,0.69,10.0,0.7,5.0,0.27,395.56,0.26,84.0,0.41,15.0,0.42,80.0,0.02,0.14,2318.899825,1776201481000
1776202507.396,7.396,0.68,10.0,0.67,11.9,0.7,13.75,0.71,5.0,0.31,10.0,0.3,5.0,0.33,16.9,0.34,15.0,0.02,0.02,2318.899825,1776201481000
1776202508.272,8.272,0.7,10.0,0.69,10.0,0.71,62.17,0.72,10.0,0.29,52.17,0.28,5.0,0.31,15.0,0.32,10.0,0.01,0.02,2318.899825,1776201481000
1776202508.647,8.647,0.7,10.0,0.69,10.0,0.71,57.17,0.72,10.0,0.29,62.17,0.28,10.0,0.31,10.0,0.32,15.0,0.01,0.02,2318.899825,1776201481000
1776202508.877,8.877,0.7,6.66,0.69,9.0,0.71,62.17,0.72,20.0,0.29,62.17,0.28,10.0,0.31,9.0,0.32,15.0,0.01,0.02,2318.899825,1776201481000
1776202509.595,9.595,0.7,6.66,0.69,9.0,0.71,62.17,0.72,30.0,0.29,62.17,0.28,20.0,0.3,6.66,0.31,9.0,0.01,0.01,2318.899825,1776201481000
1776202509.819,9.819,0.69,2.86,0.68,15.0,0.71,72.17,0.72,25.0,0.29,62.17,0.28,30.0,0.3,6.66,0.31,9.0,0.02,0.01,2318.899825,1776201481000
1776202510.371,10.371,0.69,28.36,0.68,15.0,0.71,71.25,0.72,118.0,0.29,62.17,0.28,110.0,0.3,5.0,0.31,2.86,0.02,0.01,2318.899825,1776201481000
1776202511.434,11.434,0.69,11.32,0.68,15.0,0.7,293.57,0.71,96.75,0.3,118.0,0.29,93.75,0.31,0.82,0.32,15.0,0.01,0.01,2318.899825,1776201481000
1776202511.655,11.655,0.67,0.04,0.66,10.0,0.7,288.57,0.71,96.75,0.3,288.57,0.29,96.75,0.31,0.82,0.32,25.5,0.03,0.01,2318.899825,1776201481000
1776202512.222,12.222,0.65,26.1,0.64,118.0,0.68,68.5,0.69,124.19,0.3,288.57,0.29,96.75,0.33,0.04,0.34,10.0,0.03,0.03,2318.899825,1776201481000
1776202512.513,12.513,0.66,6.76,0.65,15.6,0.67,48.5,0.68,31.5,0.32,68.5,0.31,124.19,0.35,26.1,0.36,118.0,0.01,0.03,2318.899825,1776201481000
1776202512.883,12.883,0.66,0.43,0.65,15.6,0.67,43.35,0.68,31.5,0.33,38.35,0.32,31.5,0.34,3.67,0.35,15.6,0.01,0.01,2318.899825,1776201481000
1776202513.409,13.409,0.63,78.1,0.62,20.0,0.66,27.5,0.67,38.5,0.33,43.5,0.32,31.5,0.35,13.01,0.36,128.5,0.03,0.02,2318.899825,1776201481000
1776202513.771,13.771,0.64,42.11,0.63,112.6,0.65,15.5,0.66,27.5,0.35,10.5,0.34,27.5,0.36,25.0,0.37,112.6,0.01,0.01,2318.899825,1776201481000
1776202514.048,14.048,0.64,44.22,0.63,112.6,0.65,9.89,0.66,22.5,0.35,20.5,0.34,22.5,0.36,39.22,0.37,112.6,0.01,0.01,2318.899825,1776201481000
1776202514.277,14.277,0.64,36.19,0.63,112.6,0.65,9.89,0.66,22.5,0.35,9.89,0.34,22.5,0.36,44.22,0.37,112.6,0.01,0.01,2318.899825,1776201481000
1776202514.568,14.568,0.62,1.5,0.61,70.0,0.65,9.89,0.66,66.62,0.35,9.89,0.34,22.5,0.36,36.19,0.37,112.6,0.03,0.01,2318.899825,1776201481000
1776202515.024,15.024,0.61,22.59,0.6,57.19,0.64,20.0,0.65,15.0,0.36,10.0,0.35,15.0,0.37,17.55,0.38,25.5,0.03,0.01,2318.899825,1776201481000
1776202515.599,15.599,0.62,10.0,0.61,58.09,0.63,190.0,0.64,22.91,0.36,9.91,0.35,15.0,0.39,22.59,0.4,57.19,0.01,0.03,2318.899825,1776201481000
1776202516.428,16.428,0.61,13.47,0.6,67.19,0.63,195.0,0.64,14.91,0.37,190.0,0.36,22.91,0.38,10.0,0.39,58.09,0.02,0.01,2318.899825,1776201481000
1776202517.39,17.39,0.6,77.19,0.59,99.0,0.63,195.0,0.64,14.91,0.37,185.0,0.36,14.91,0.39,13.47,0.4,67.19,0.03,0.02,2318.899825,1776201481000
1776202517.603,17.603,0.61,5.0,0.6,97.19,0.62,15.0,0.63,190.0,0.37,195.0,0.36,14.91,0.4,77.19,0.41,99.0,0.01,0.03,2318.899825,1776201481000
1776202517.847,17.847,0.6,97.19,0.59,99.0,0.62,15.0,0.63,190.0,0.38,15.0,0.37,190.0,0.39,5.0,0.4,97.19,0.02,0.01,2318.899825,1776201481000
1776202518.461,18.461,0.61,10.0,0.6,97.19,0.62,5.0,0.63,190.0,0.38,15.0,0.37,190.0,0.4,97.19,0.41,99.0,0.01,0.02,2318.899825,1776201481000
1776202518.834,18.834,0.61,7.3,0.6,97.19,0.62,5.0,0.63,190.0,0.38,5.0,0.37,190.0,0.39,10.0,0.4,97.19,0.01,0.01,2318.899825,1776201481000
1776202519.183,19.183,0.6,102.19,0.59,99.0,0.62,5.0,0.63,15.0,0.38,5.0,0.37,190.0,0.39,7.3,0.4,97.19,0.02,0.01,2318.899825,1776201481000
1776202519.57,19.57,0.61,23.0,0.6,110.19,0.62,5.0,0.63,25.0,0.38,5.0,0.37,15.0,0.4,102.19,0.41,99.0,0.01,0.02,2318.899825,1776201481000
1776202520.06,20.06,0.61,5.0,0.6,94.69,0.62,10.0,0.63,25.0,0.38,5.0,0.37,25.0,0.39,23.0,0.4,110.19,0.01,0.01,2318.899825,1776201481000
1776202520.759,20.759,0.61,20.0,0.6,90.69,0.62,12.96,0.63,210.0,0.38,10.0,0.37,25.0,0.39,5.0,0.4,94.69,0.01,0.01,2318.899825,1776201481000
1776202521.684,21.684,0.61,25.0,0.6,90.69,0.62,12.96,0.63,220.0,0.38,12.96,0.37,210.0,0.39,20.0,0.4,90.69,0.01,0.01,2318.899825,1776201481000
1776202522.597,22.597,0.61,12.33,0.6,72.69,0.62,182.96,0.63,40.0,0.38,12.96,0.37,220.0,0.39,25.0,0.4,90.69,0.01,0.01,2318.899825,1776201481000
1776202522.863,22.863,0.61,10.0,0.6,74.71,0.62,175.0,0.63,40.0,0.38,187.96,0.37,40.0,0.4,64.71,0.41,106.5,0.01,0.02,2318.899825,1776201481000
1776202523.188,23.188,0.6,44.82,0.59,116.5,0.62,175.0,0.63,35.0,0.38,175.0,0.37,40.0,0.39,7.43,0.4,74.71,0.02,0.01,2318.899825,1776201481000
1776202523.581,23.581,0.61,5.0,0.6,41.82,0.62,195.0,0.63,40.0,0.38,175.0,0.37,35.0,0.4,44.82,0.41,116.5,0.01,0.02,2318.899825,1776201481000
1776202524.662,24.662,0.61,5.0,0.6,66.12,0.62,185.0,0.63,35.0,0.38,195.0,0.37,40.0,0.39,5.0,0.4,41.82,0.01,0.01,2318.899825,1776201481000
1776202525.399,25.399,0.61,8.03,0.6,55.94,0.62,175.0,0.63,55.5,0.38,180.0,0.37,35.0,0.4,65.94,0.41,111.0,0.01,0.02,2318.899825,1776201481000
1776202526.57,26.57,0.61,3.03,0.6,65.94,0.62,180.0,0.63,45.5,0.38,180.0,0.37,55.5,0.39,8.03,0.4,65.94,0.01,0.01,2318.899825,1776201481000
1776202526.885,26.885,0.56,5.0,0.55,5.0,0.62,247.5,0.63,61.5,0.38,180.0,0.37,45.5,0.39,3.03,0.4,65.94,0.06,0.01,2318.899825,1776201481000
1776202527.175,27.175,0.54,8.78,0.53,26.0,0.55,4.72,0.56,26.5,0.45,4.72,0.44,16.0,0.46,25.08,0.47,96.0,0.01,0.01,2318.899825,1776201481000
1776202527.66,27.66,0.53,2.78,0.52,35.0,0.54,16.0,0.55,4.72,0.46,5.0,0.45,9.72,0.47,19.78,0.48,24.0,0.01,0.01,2318.899825,1776201481000
1776202528.465,28.465,0.53,24.08,0.52,40.0,0.54,6.0,0.55,20.22,0.46,16.0,0.45,4.72,0.47,2.78,0.48,35.0,0.01,0.01,2318.899825,1776201481000
1776202529.107,29.107,0.53,28.08,0.52,40.0,0.55,20.22,0.56,211.5,0.46,6.0,0.45,20.22,0.47,24.08,0.48,40.0,0.02,0.01,2318.899825,1776201481000
1776202529.707,29.707,0.53,19.89,0.52,32.0,0.54,36.5,0.55,200.22,0.46,15.0,0.45,20.22,0.47,25.95,0.48,40.0,0.01,0.01,2318.899825,1776201481000
1776202530.136,30.136,0.51,33.0,0.5,77.6,0.52,11.0,0.53,21.0,0.46,41.5,0.45,200.22,0.49,28.0,0.5,59.6,0.01,0.03,2318.899825,1776201481000
1776202530.429,30.429,0.51,28.0,0.5,82.6,0.52,0.61,0.53,16.0,0.48,11.0,0.47,21.0,0.49,33.0,0.5,77.6,0.01,0.01,2318.899825,1776201481000
1776202530.716,30.716,0.51,28.0,0.5,82.6,0.52,0.61,0.53,21.0,0.48,0.61,0.47,16.0,0.49,28.0,0.5,82.6,0.01,0.01,2318.899825,1776201481000
1776202531.798,31.798,0.51,67.33,0.5,82.6,0.52,5.61,0.53,21.0,0.48,0.61,0.47,21.0,0.49,28.0,0.5,82.6,0.01,0.01,2318.899825,1776201481000
1776202533.45,33.45,0.51,71.33,0.5,82.6,0.52,35.0,0.53,31.0,0.48,0.61,0.47,21.0,0.49,72.33,0.5,82.6,0.01,0.01,2318.899825,1776201481000
1776202533.721,33.721,0.51,71.33,0.5,82.6,0.52,30.0,0.53,41.5,0.48,35.0,0.47,31.0,0.49,71.33,0.5,82.6,0.01,0.01,2318.899825,1776201481000
1776202535.036,35.036,0.51,71.33,0.5,82.6,0.52,25.0,0.53,56.5,0.48,25.0,0.47,41.5,0.49,66.33,0.5,82.6,0.01,0.01,2318.899825,1776201481000
1776202536.242,36.242,0.51,56.33,0.5,82.6,0.52,15.0,0.53,66.5,0.48,25.0,0.47,56.5,0.49,71.33,0.5,82.6,0.01,0.01,2318.899825,1776201481000
1776202536.518,36.518,0.51,61.33,0.5,82.6,0.52,5.0,0.53,56.0,0.48,15.0,0.47,66.5,0.49,56.33,0.5,82.6,0.01,0.01,2318.899825,1776201481000
1776202537.095,37.095,0.51,78.33,0.5,82.6,0.52,3.0,0.53,56.0,0.48,5.0,0.47,56.0,0.49,61.33,0.5,82.6,0.01,0.01,2318.899825,1776201481000
1776202541.685,41.685,0.51,51.02,0.5,262.6,0.52,3.0,0.53,21.0,0.48,3.0,0.47,56.0,0.49,78.33,0.5,82.6,0.01,0.01,2318.899825,1776201481000
1776202542.861,42.861,0.51,39.0,0.5,267.6,0.52,13.0,0.53,41.5,0.48,3.0,0.47,21.0,0.49,51.02,0.5,262.6,0.01,0.01,2318.899825,1776201481000
1776202544.073,44.073,0.51,49.78,0.5,87.6,0.52,8.0,0.53,51.5,0.48,13.0,0.47,41.5,0.49,39.0,0.5,267.6,0.01,0.01,2318.899825,1776201481000
1776202545.274,45.274,0.51,39.0,0.5,87.6,0.52,18.5,0.53,61.5,0.48,8.0,0.47,51.5,0.49,49.78,0.5,87.6,0.01,0.01,2318.899825,1776201481000
1776202546.468,46.468,0.51,75.81,0.5,87.6,0.52,10.5,0.53,71.5,0.48,8.5,0.47,61.5,0.49,39.0,0.5,87.6,0.01,0.01,2318.899825,1776201481000
1776202547.017,47.017,0.51,22.69,0.5,84.6,0.52,20.5,0.53,76.5,0.48,10.5,0.47,71.5,0.49,75.81,0.5,87.6,0.01,0.01,2318.899825,1776201481000
1776202548.053,48.053,0.51,49.71,0.5,84.6,0.52,37.5,0.53,256.5,0.48,20.5,0.47,76.5,0.49,22.69,0.5,84.6,0.01,0.01,2318.899825,1776201481000
1776202549.757,49.757,0.51,21.0,0.5,84.6,0.52,50.57,0.53,251.5,0.48,37.5,0.47,256.5,0.49,49.71,0.5,84.6,0.01,0.01,2318.899825,1776201481000
1776202550.452,50.452,0.51,16.0,0.5,56.6,0.52,35.57,0.53,246.5,0.48,50.57,0.47,251.5,0.49,21.0,0.5,84.6,0.01,0.01,2318.899825,1776201481000
1776202550.654,50.654,0.5,56.4,0.49,24.3,0.52,20.0,0.53,246.5,0.48,20.0,0.47,246.5,0.49,6.0,0.5,56.6,0.02,0.01,2318.899825,1776201481000
1776202551.107,51.107,0.5,46.4,0.49,16.3,0.51,50.5,0.52,41.99,0.48,25.0,0.47,246.5,0.5,46.4,0.51,24.3,0.01,0.02,2318.899825,1776201481000
1776202552.061,52.061,0.5,46.4,0.49,16.3,0.51,35.5,0.52,15.0,0.49,45.5,0.48,15.0,0.5,46.4,0.51,16.3,0.01,0.01,2318.899825,1776201481000
1776202553.71,53.71,0.5,54.4,0.49,16.3,0.51,30.5,0.52,25.0,0.49,35.5,0.48,15.0,0.5,46.4,0.51,16.3,0.01,0.01,2318.899825,1776201481000
1776202554.902,54.902,0.5,27.4,0.49,6.3,0.51,30.5,0.52,51.99,0.49,30.5,0.48,25.0,0.5,52.4,0.51,16.3,0.01,0.01,2318.899825,1776201481000
1776202555.812,55.812,0.5,10.0,0.49,6.3,0.51,339.49,0.52,30.0,0.49,30.5,0.48,51.99,0.5,27.4,0.51,6.3,0.01,0.01,2318.899825,1776201481000
1776202556.946,56.946,0.46,5.7,0.44,15.5,0.47,91.5,0.48,36.49,0.52,25.0,0.51,10.0,0.54,5.7,0.55,5.0,0.01,0.02,2318.899825,1776201481000
1776202557.335,57.335,0.44,15.5,0.43,20.5,0.45,75.0,0.46,31.5,0.53,96.5,0.52,36.49,0.56,11.1,0.57,15.5,0.01,0.03,2318.899825,1776201481000
1776202557.621,57.621,0.44,213.58,0.43,57.5,0.45,5.0,0.48,15.0,0.55,75.0,0.54,6.0,0.56,18.58,0.57,30.5,0.01,0.01,2318.899825,1776201481000
1776202558.076,58.076,0.48,30.0,0.47,40.0,0.49,26.0,0.5,41.5,0.51,15.5,0.5,31.5,0.53,35.0,0.54,44.5,0.01,0.02,2318.899825,1776201481000
1776202559.743,59.743,0.48,12.96,0.47,48.5,0.49,31.5,0.5,41.5,0.51,11.0,0.5,41.5,0.52,30.0,0.53,40.0,0.01,0.01,2318.899825,1776201481000
1776202561.678,61.678,0.48,22.96,0.47,35.5,0.49,29.5,0.5,31.5,0.51,31.5,0.5,41.5,0.52,12.96,0.53,48.5,0.01,0.01,2318.899825,1776201481000
1776202562.331,62.331,0.48,16.03,0.47,25.0,0.49,24.5,0.5,69.49,0.51,29.5,0.5,31.5,0.52,22.96,0.53,35.5,0.01,0.01,2318.899825,1776201481000
1776202563.928,63.928,0.48,19.1,0.47,35.5,0.49,34.5,0.5,69.49,0.51,24.5,0.5,69.49,0.52,16.03,0.53,25.0,0.01,0.01,2318.899825,1776201481000
1776202564.578,64.578,0.48,29.1,0.47,40.5,0.49,16.5,0.5,31.5,0.51,34.5,0.5,69.49,0.52,19.1,0.53,35.5,0.01,0.01,2318.899825,1776201481000
1776202566.065,66.065,0.48,9.48,0.47,40.5,0.49,32.0,0.5,31.5,0.51,16.5,0.5,31.5,0.52,29.1,0.53,40.5,0.01,0.01,2318.899825,1776201481000
1776202566.935,66.935,0.47,25.5,0.46,25.5,0.48,17.91,0.49,27.0,0.51,32.0,0.5,31.5,0.53,19.82,0.54,20.5,0.01,0.02,2318.899825,1776201481000
1776202567.738,67.738,0.47,35.5,0.46,25.5,0.48,17.7,0.49,27.0,0.52,17.91,0.51,27.0,0.53,25.5,0.54,25.5,0.01,0.01,2318.899825,1776201481000
1776202568.424,68.424,0.47,28.34,0.46,35.5,0.48,22.7,0.49,22.0,0.52,17.7,0.51,27.0,0.53,35.5,0.54,25.5,0.01,0.01,2318.899825,1776201481000
1776202569.126,69.126,0.47,33.34,0.46,67.23,0.48,21.7,0.49,22.0,0.52,22.7,0.51,22.0,0.53,28.34,0.54,35.5,0.01,0.01,2318.899825,1776201481000
1776202570.034,70.034,0.51,90.0,0.5,45.5,0.53,14.75,0.54,31.0,0.52,21.7,0.51,22.0,0.53,33.34,0.54,67.23,0.02,0.01,2318.899825,1776201481000
1776202570.311,70.311,0.51,25.4,0.5,225.5,0.52,10.0,0.53,25.25,0.47,14.75,0.46,31.0,0.49,90.0,0.5,45.5,0.01,0.02,2318.899825,1776201481000
1776202570.563,70.563,0.51,18.35,0.5,225.5,0.53,25.25,0.54,31.0,0.48,4.8,0.47,25.25,0.49,25.4,0.5,225.5,0.02,0.01,2318.899825,1776201481000
1776202570.818,70.818,0.52,15.0,0.51,20.0,0.53,24.25,0.54,31.0,0.47,30.25,0.46,31.0,0.49,23.24,0.5,220.5,0.01,0.02,2318.899825,1776201481000
1776202571.474,71.474,0.52,70.0,0.51,200.0,0.53,29.25,0.54,31.0,0.47,24.25,0.46,31.0,0.48,15.0,0.49,20.0,0.01,0.01,2318.899825,1776201481000
1776202572.123,72.123,0.52,80.0,0.51,200.0,0.53,29.25,0.54,31.0,0.47,29.25,0.46,31.0,0.48,70.0,0.49,200.0,0.01,0.01,2318.899825,1776201481000
1776202572.773,72.773,0.52,70.0,0.51,200.0,0.53,29.25,0.54,21.0,0.47,29.25,0.46,31.0,0.48,80.0,0.49,200.0,0.01,0.01,2318.899825,1776201481000
1776202573.45,73.45,0.52,60.0,0.51,200.0,0.53,34.25,0.54,21.0,0.47,29.25,0.46,21.0,0.48,70.0,0.49,200.0,0.01,0.01,2318.899825,1776201481000
1776202574.089,74.089,0.52,45.0,0.51,200.0,0.53,34.25,0.54,21.0,0.47,34.25,0.46,21.0,0.48,60.0,0.49,200.0,0.01,0.01,2318.899825,1776201481000
1776202574.739,74.739,0.52,35.0,0.51,200.0,0.53,34.25,0.54,21.0,0.47,34.25,0.46,21.0,0.48,45.0,0.49,200.0,0.01,0.01,2318.899825,1776201481000
1776202575.163,75.163,0.52,9.58,0.51,200.0,0.53,34.25,0.54,22.0,0.47,34.25,0.46,21.0,0.48,35.0,0.49,200.0,0.01,0.01,2318.899825,1776201481000
1776202575.389,75.389,0.52,54.58,0.51,200.0,0.53,29.25,0.54,27.0,0.47,34.25,0.46,22.0,0.48,9.58,0.49,200.0,0.01,0.01,2318.899825,1776201481000
1776202575.742,75.742,0.52,19.58,0.51,200.0,0.54,27.0,0.55,57.99,0.47,29.25,0.46,27.0,0.48,54.58,0.49,200.0,0.02,0.01,2318.899825,1776201481000
1776202576.039,76.039,0.52,25.08,0.51,210.5,0.53,5.72,0.54,27.0,0.47,0.72,0.46,27.0,0.48,19.58,0.49,210.5,0.01,0.01,2318.899825,1776201481000
1776202576.706,76.706,0.51,210.5,0.5,45.5,0.53,5.72,0.54,27.0,0.47,5.72,0.46,27.0,0.48,25.08,0.49,210.5,0.02,0.01,2318.899825,1776201481000
1776202577.343,77.343,0.51,210.5,0.5,55.5,0.53,10.72,0.54,65.99,0.47,5.72,0.46,27.0,0.49,210.5,0.5,45.5,0.02,0.02,2318.899825,1776201481000
1776202577.722,77.722,0.51,265.5,0.5,60.5,0.52,4.9,0.53,5.72,0.47,10.72,0.46,65.99,0.49,210.5,0.5,55.5,0.01,0.02,2318.899825,1776201481000
1776202580.124,80.124,0.51,249.37,0.5,60.5,0.53,5.72,0.54,76.49,0.48,4.9,0.47,5.72,0.49,265.5,0.5,60.5,0.02,0.01,2318.899825,1776201481000
1776202580.37,80.37,0.51,244.37,0.5,60.5,0.52,10.0,0.53,5.72,0.47,5.72,0.46,76.49,0.49,249.37,0.5,60.5,0.01,0.02,2318.899825,1776201481000
1776202581.515,81.515,0.51,230.0,0.5,60.5,0.52,10.0,0.53,5.72,0.48,10.0,0.47,5.72,0.49,244.37,0.5,60.5,0.01,0.01,2318.899825,1776201481000
1776202585.014,85.014,0.5,260.5,0.49,39.9,0.52,55.99,0.53,27.0,0.48,10.0,0.47,5.72,0.49,230.0,0.5,60.5,0.02,0.01,2318.899825,1776201481000
1776202586.143,86.143,0.52,43.2,0.51,30.5,0.53,64.3,0.54,43.5,0.47,59.3,0.46,38.5,0.49,40.5,0.5,275.5,0.01,0.02,2318.899825,1776201481000
1776202586.557,86.557,0.52,35.9,0.51,30.5,0.53,64.3,0.54,43.5,0.47,64.3,0.46,43.5,0.48,43.2,0.49,30.5,0.01,0.01,2318.899825,1776201481000
1776202587.338,87.338,0.52,33.81,0.51,210.5,0.53,20.0,0.54,43.5,0.47,64.3,0.46,43.5,0.48,35.9,0.49,30.5,0.01,0.01,2318.899825,1776201481000
1776202590.476,90.476,0.52,33.81,0.51,210.5,0.54,65.3,0.55,45.5,0.47,20.0,0.46,43.5,0.48,33.81,0.49,210.5,0.02,0.01,2318.899825,1776201481000
1776202591.865,91.865,0.52,238.81,0.51,35.5,0.54,65.3,0.55,45.5,0.46,65.3,0.45,45.5,0.48,33.81,0.49,210.5,0.02,0.02,2318.899825,1776201481000
1776202593.424,93.424,0.52,233.81,0.51,35.5,0.54,65.3,0.55,45.5,0.46,65.3,0.45,45.5,0.48,238.81,0.49,35.5,0.02,0.02,2318.899825,1776201481000
1776202593.648,93.648,0.52,233.81,0.51,35.5,0.53,2.92,0.54,75.8,0.46,65.3,0.45,45.5,0.48,233.81,0.49,35.5,0.01,0.02,2318.899825,1776201481000
1776202596.754,96.754,0.52,243.31,0.51,40.5,0.53,7.92,0.54,75.8,0.47,2.92,0.46,75.8,0.48,233.81,0.49,35.5,0.01,0.01,2318.899825,1776201481000
1776202610.065,110.065,0.5,5.0,0.47,10.64,0.52,244.49,0.53,83.42,0.47,7.92,0.46,75.8,0.48,243.31,0.49,40.5,0.02,0.01,2318.899825,1776201481000
1776202610.614,110.614,0.33,10.0,0.32,10.0,0.34,20.0,0.39,112.0,0.56,21.0,0.55,113.69,0.58,10.37,0.59,10.0,0.01,0.02,2318.899825,1776201481000
1776202610.827,110.827,0.25,24.2,0.24,24.7,0.26,9.6,0.31,114.5,0.69,50.0,0.67,10.0,0.7,14.9,0.71,5.0,0.01,0.01,2318.899825,1776201481000
1776202611.143,111.143,0.25,28.7,0.24,24.7,0.26,105.6,0.27,10.0,0.74,134.6,0.73,10.0,0.75,28.7,0.76,24.7,0.01,0.01,2318.899825,1776201481000
1776202611.364,111.364,0.25,27.6,0.24,24.7,0.26,18.36,0.27,20.0,0.74,23.36,0.73,20.0,0.75,27.6,0.76,24.7,0.01,0.01,2318.899825,1776201481000
1776202611.614,111.614,0.25,217.6,0.24,24.7,0.26,13.36,0.27,10.0,0.74,18.36,0.73,20.0,0.75,27.6,0.76,24.7,0.01,0.01,2318.899825,1776201481000
1776202611.956,111.956,0.25,172.27,0.24,29.7,0.26,20.0,0.27,10.0,0.73,10.0,0.72,96.0,0.75,209.93,0.76,24.7,0.01,0.02,2318.899825,1776201481000
1776202612.176,112.176,0.25,129.07,0.23,57.0,0.26,20.0,0.27,10.0,0.74,20.0,0.73,10.0,0.75,157.84,0.76,5.0,0.01,0.01,2318.899825,1776201481000
1776202612.448,112.448,0.25,10.0,0.23,5.0,0.26,31.0,0.27,10.0,0.74,20.0,0.73,10.0,0.75,129.07,0.77,57.0,0.01,0.01,2318.899825,1776201481000
1776202612.757,112.757,0.2,37.5,0.19,138.33,0.22,5.9,0.23,10.0,0.76,20.0,0.75,181.0,0.79,3.76,0.8,37.5,0.02,0.03,2318.899825,1776201481000
1776202612.968,112.968,0.2,229.25,0.19,138.33,0.21,20.0,0.22,10.0,0.78,5.9,0.77,10.0,0.8,37.5,0.81,138.33,0.01,0.02,2318.899825,1776201481000
1776202613.412,113.412,0.2,216.75,0.19,131.33,0.21,8.76,0.22,10.0,0.79,14.0,0.78,10.0,0.8,229.25,0.81,131.33,0.01,0.01,2318.899825,1776201481000
1776202613.695,113.695,0.2,216.75,0.19,131.33,0.22,1.36,0.23,20.0,0.78,10.0,0.77,20.0,0.8,216.75,0.81,131.33,0.02,0.02,2318.899825,1776201481000
1776202614.47,114.47,0.2,216.75,0.19,131.33,0.21,12.47,0.22,8.36,0.78,1.36,0.77,20.0,0.8,216.75,0.81,131.33,0.01,0.02,2318.899825,1776201481000
1776202614.791,114.791,0.2,204.07,0.19,144.33,0.21,10.0,0.22,8.36,0.78,8.36,0.77,20.0,0.8,222.07,0.81,131.33,0.01,0.02,2318.899825,1776201481000
1776202615.068,115.068,0.2,206.99,0.19,144.33,0.21,15.0,0.22,8.36,0.79,10.0,0.78,8.36,0.8,204.07,0.81,144.33,0.01,0.01,2318.899825,1776201481000
1776202615.291,115.291,0.2,202.04,0.19,159.64,0.23,17.36,0.24,131.5,0.79,15.0,0.78,8.36,0.8,206.99,0.81,144.33,0.03,0.01,2318.899825,1776201481000
1776202616.04,116.04,0.21,291.57,0.2,12.04,0.22,20.0,0.23,19.36,0.77,17.36,0.76,131.5,0.8,202.04,0.81,159.64,0.01,0.03,2318.899825,1776201481000
1776202616.511,116.511,0.21,185.0,0.2,118.39,0.22,22.39,0.23,14.36,0.78,20.0,0.77,19.36,0.79,291.57,0.8,12.04,0.01,0.01,2318.899825,1776201481000
1776202617.511,117.511,0.24,411.5,0.23,35.5,0.25,6.41,0.28,10.0,0.78,27.39,0.77,14.36,0.79,170.33,0.8,118.39,0.01,0.01,2318.899825,1776201481000
1776202617.99,117.99,0.24,452.5,0.23,49.5,0.25,3.41,0.27,10.0,0.75,6.41,0.72,10.0,0.76,411.5,0.77,35.5,0.01,0.01,2318.899825,1776201481000
1776202618.994,118.994,0.25,379.5,0.24,91.5,0.27,10.0,0.28,20.5,0.73,10.0,0.72,10.0,0.76,452.5,0.77,49.5,0.02,0.03,2318.899825,1776201481000
1776202619.324,119.324,0.26,154.0,0.25,245.5,0.27,5.92,0.28,20.5,0.73,5.92,0.72,20.5,0.75,374.5,0.76,91.5,0.01,0.02,2318.899825,1776201481000
1776202619.667,119.667,0.29,329.0,0.28,40.0,0.3,8.01,0.31,25.0,0.73,5.92,0.72,20.5,0.74,142.91,0.75,245.5,0.01,0.01,2318.899825,1776201481000
1776202621.076,121.076,0.29,351.0,0.28,45.0,0.3,14.71,0.31,35.5,0.7,8.01,0.69,25.0,0.71,329.0,0.72,40.0,0.01,0.01,2318.899825,1776201481000
1776202621.6,121.6,0.29,349.59,0.28,45.0,0.3,14.71,0.31,35.5,0.7,14.71,0.69,35.5,0.71,351.0,0.72,45.0,0.01,0.01,2318.899825,1776201481000
1776202622.791,122.791,0.29,167.56,0.28,45.0,0.3,14.71,0.31,35.5,0.7,14.71,0.69,35.5,0.71,349.59,0.72,45.0,0.01,0.01,2318.899825,1776201481000
1776202623.052,123.052,0.29,148.52,0.28,45.0,0.3,19.71,0.31,35.5,0.7,19.71,0.69,35.5,0.71,160.52,0.72,45.0,0.01,0.01,2318.899825,1776201481000
1776202623.48,123.48,0.29,332.11,0.28,45.0,0.3,14.71,0.31,41.5,0.7,19.71,0.69,35.5,0.71,148.52,0.72,45.0,0.01,0.01,2318.899825,1776201481000
1776202623.819,123.819,0.29,277.3,0.28,45.0,0.3,9.71,0.31,41.5,0.7,14.71,0.69,41.5,0.71,282.3,0.72,45.0,0.01,0.01,2318.899825,1776201481000
1776202625.743,125.743,0.29,284.9,0.28,10.0,0.3,9.71,0.31,46.5,0.7,9.71,0.69,41.5,0.71,277.3,0.72,45.0,0.01,0.01,2318.899825,1776201481000
1776202627.708,127.708,0.29,56.46,0.28,10.0,0.3,39.71,0.31,41.5,0.7,9.71,0.69,46.5,0.71,266.46,0.72,10.0,0.01,0.01,2318.899825,1776201481000
1776202629.18,129.18,0.29,82.37,0.28,10.0,0.3,34.71,0.31,41.5,0.7,39.71,0.69,41.5,0.71,56.46,0.72,10.0,0.01,0.01,2318.899825,1776201481000
1776202629.423,129.423,0.29,52.97,0.28,10.0,0.3,45.71,0.31,35.5,0.7,34.71,0.69,41.5,0.71,82.37,0.72,10.0,0.01,0.01,2318.899825,1776201481000
1776202629.734,129.734,0.29,63.19,0.28,10.0,0.3,45.71,0.31,35.5,0.7,45.71,0.69,35.5,0.71,73.53,0.72,10.0,0.01,0.01,2318.899825,1776201481000
1776202630.093,130.093,0.29,47.0,0.28,10.0,0.3,77.7,0.31,175.5,0.7,45.71,0.69,35.5,0.71,63.19,0.72,10.0,0.01,0.01,2318.899825,1776201481000
1776202630.41,130.41,0.29,37.0,0.28,10.0,0.3,82.7,0.31,175.5,0.7,77.7,0.69,175.5,0.71,47.0,0.72,10.0,0.01,0.01,2318.899825,1776201481000
1776202631.068,131.068,0.29,9.92,0.28,10.0,0.3,77.7,0.31,175.5,0.7,82.7,0.69,175.5,0.71,37.0,0.72,10.0,0.01,0.01,2318.899825,1776201481000
1776202631.395,131.395,0.29,26.84,0.28,10.0,0.3,77.7,0.31,169.5,0.7,77.7,0.69,175.5,0.71,9.92,0.72,10.0,0.01,0.01,2318.899825,1776201481000
1776202634.471,134.471,0.28,86.91,0.27,190.0,0.29,46.5,0.3,136.7,0.7,77.7,0.69,169.5,0.71,26.84,0.72,10.0,0.01,0.01,2318.899825,1776201481000
1776202634.689,134.689,0.28,103.91,0.27,190.0,0.29,34.25,0.3,136.7,0.71,46.5,0.7,136.7,0.72,86.91,0.73,190.0,0.01,0.01,2318.899825,1776201481000
1776202636.247,136.247,0.28,460.91,0.27,21.0,0.31,30.68,0.33,10.0,0.71,34.25,0.7,136.7,0.72,103.91,0.73,190.0,0.03,0.01,2318.899825,1776201481000
1776202636.647,136.647,0.36,462.0,0.35,10.0,0.37,20.86,0.41,10.0,0.63,26.27,0.59,21.0,0.64,149.0,0.65,10.0,0.01,0.01,2318.899825,1776201481000
1776202636.857,136.857,0.4,10.0,0.39,10.0,0.42,5.0,0.43,30.0,0.59,10.0,0.58,5.0,0.64,503.0,0.65,16.0,0.02,0.05,2318.899825,1776201481000
1776202637.146,137.146,0.42,97.0,0.4,8.0,0.43,10.0,0.44,10.0,0.57,30.0,0.55,5.0,0.58,65.0,0.6,10.0,0.01,0.01,2318.899825,1776201481000
1776202637.46,137.46,0.42,110.27,0.39,10.0,0.43,5.0,0.44,16.0,0.55,51.71,0.54,65.0,0.58,110.27,0.63,7.0,0.01,0.03,2318.899825,1776201481000
1776202637.803,137.803,0.42,49.27,0.38,10.0,0.43,30.07,0.44,16.0,0.57,5.0,0.56,16.0,0.58,110.27,0.61,10.0,0.01,0.01,2318.899825,1776201481000
1776202638.087,138.087,0.42,52.54,0.38,10.0,0.43,304.0,0.44,26.0,0.57,97.0,0.56,16.0,0.58,55.64,0.62,10.0,0.01,0.01,2318.899825,1776201481000
1776202638.65,138.65,0.42,26.81,0.37,10.0,0.43,228.5,0.44,110.5,0.57,304.0,0.56,26.0,0.58,28.54,0.62,10.0,0.01,0.01,2318.899825,1776201481000
1776202639.672,139.672,0.42,23.54,0.38,5.0,0.43,227.5,0.44,115.5,0.57,228.5,0.56,110.5,0.58,26.81,0.63,10.0,0.01,0.01,2318.899825,1776201481000
1776202642.734,142.734,0.42,23.54,0.37,5.0,0.43,283.7,0.44,132.5,0.57,227.5,0.56,115.5,0.58,23.54,0.62,5.0,0.01,0.01,2318.899825,1776201481000
1776202643.318,143.318,0.42,23.54,0.37,5.0,0.43,261.52,0.44,132.5,0.57,273.7,0.56,132.5,0.58,23.54,0.63,5.0,0.01,0.01,2318.899825,1776201481000
1776202643.601,143.601,0.42,3.84,0.38,5.0,0.43,266.52,0.44,132.5,0.57,256.52,0.56,132.5,0.58,21.09,0.63,5.0,0.01,0.01,2318.899825,1776201481000
1776202646.316,146.316,0.39,5.0,0.36,236.0,0.43,83.69,0.44,312.5,0.57,266.52,0.56,132.5,0.58,3.84,0.62,5.0,0.04,0.01,2318.899825,1776201481000
1776202646.636,146.636,0.39,5.0,0.38,5.0,0.4,21.79,0.41,98.0,0.57,83.69,0.56,312.5,0.61,5.0,0.64,236.0,0.01,0.04,2318.899825,1776201481000
1776202648.828,148.828,0.43,521.5,0.42,36.5,0.48,2.0,0.5,20.0,0.6,21.79,0.59,98.0,0.61,5.0,0.62,5.0,0.05,0.01,2318.899825,1776201481000
1776202649.04,149.04,0.49,271.0,0.48,10.0,0.5,10.0,0.51,5.0,0.5,20.0,0.49,5.0,0.53,193.5,0.54,15.0,0.01,0.03,2318.899825,1776201481000
1776202649.372,149.372,0.55,10.0,0.54,10.0,0.56,48.76,0.57,10.0,0.44,56.0,0.43,10.0,0.5,335.0,0.51,256.5,0.01,0.06,2318.899825,1776201481000
1776202649.849,149.849,0.55,15.0,0.54,10.0,0.56,64.26,0.57,10.0,0.44,48.76,0.43,10.0,0.45,10.0,0.46,10.0,0.01,0.01,2318.899825,1776201481000
1776202650.431,150.431,0.55,235.0,0.54,15.0,0.56,69.26,0.57,20.0,0.44,64.26,0.43,10.0,0.45,15.0,0.46,10.0,0.01,0.01,2318.899825,1776201481000
1776202650.637,150.637,0.55,225.0,0.54,25.5,0.56,61.25,0.57,22.5,0.44,61.25,0.43,30.5,0.45,240.0,0.46,25.5,0.01,0.01,2318.899825,1776201481000
1776202651.459,151.459,0.55,292.55,0.54,15.0,0.56,71.25,0.57,52.49,0.44,61.25,0.43,22.5,0.45,225.0,0.46,25.5,0.01,0.01,2318.899825,1776201481000
1776202651.977,151.977,0.55,280.07,0.54,15.0,0.56,116.74,0.57,37.42,0.44,91.25,0.43,52.49,0.45,282.3,0.46,15.0,0.01,0.01,2318.899825,1776201481000
1776202653.224,153.224,0.55,263.33,0.54,25.5,0.56,48.99,0.57,37.42,0.44,116.74,0.43,37.42,0.45,280.07,0.46,15.0,0.01,0.01,2318.899825,1776201481000
1776202655.173,155.173,0.55,302.99,0.54,25.5,0.56,43.99,0.57,95.26,0.44,48.99,0.43,37.42,0.45,263.33,0.46,25.5,0.01,0.01,2318.899825,1776201481000
1776202656.066,156.066,0.55,307.99,0.54,25.5,0.56,39.81,0.57,37.42,0.44,43.99,0.43,95.26,0.45,302.99,0.46,25.5,0.01,0.01,2318.899825,1776201481000
1776202656.272,156.272,0.55,305.76,0.54,25.5,0.56,34.99,0.57,37.42,0.44,39.81,0.43,37.42,0.45,307.99,0.46,25.5,0.01,0.01,2318.899825,1776201481000
1776202657.155,157.155,0.55,301.31,0.54,25.5,0.56,39.99,0.57,37.42,0.44,34.99,0.43,37.42,0.45,305.76,0.46,25.5,0.01,0.01,2318.899825,1776201481000
1776202658.57,158.57,0.55,291.81,0.54,25.5,0.56,21.52,0.57,26.92,0.44,29.99,0.43,37.42,0.45,301.31,0.46,25.5,0.01,0.01,2318.899825,1776201481000
1776202659.418,159.418,0.55,221.81,0.54,25.5,0.56,16.08,0.57,26.92,0.44,17.94,0.43,26.92,0.45,291.81,0.46,25.5,0.01,0.01,2318.899825,1776201481000
1776202659.709,159.709,0.55,221.81,0.54,25.5,0.56,23.91,0.57,26.92,0.44,16.08,0.43,26.92,0.45,221.81,0.46,25.5,0.01,0.01,2318.899825,1776201481000
1776202661.383,161.383,0.55,196.31,0.54,25.5,0.56,47.92,0.57,46.92,0.44,23.91,0.43,26.92,0.45,221.81,0.46,25.5,0.01,0.01,2318.899825,1776201481000
1776202662.226,162.226,0.55,181.31,0.54,25.5,0.56,94.92,0.57,116.92,0.44,47.92,0.43,46.92,0.45,196.31,0.46,25.5,0.01,0.01,2318.899825,1776201481000
1776202662.591,162.591,0.55,186.31,0.54,25.5,0.57,91.39,0.58,25.5,0.44,94.92,0.43,116.92,0.45,181.31,0.46,25.5,0.02,0.01,2318.899825,1776201481000
1776202665.301,165.301,0.55,166.31,0.54,15.0,0.57,202.06,0.58,45.5,0.43,147.64,0.42,45.5,0.45,186.31,0.46,25.5,0.02,0.02,2318.899825,1776201481000
1776202665.834,165.834,0.47,5.0,0.45,10.5,0.5,215.42,0.51,70.89,0.43,202.06,0.42,45.5,0.45,166.31,0.46,15.0,0.03,0.02,2318.899825,1776201481000
1776202666.33,166.33,0.47,85.0,0.46,25.0,0.49,15.0,0.5,26.92,0.56,10.0,0.55,10.0,0.57,7.68,0.58,10.0,0.02,0.01,2318.899825,1776201481000
1776202666.904,166.904,0.5,45.5,0.49,40.5,0.51,20.85,0.52,25.0,0.49,28.82,0.48,15.0,0.51,10.0,0.52,20.0,0.01,0.02,2318.899825,1776201481000
1776202668.085,168.085,0.5,5.0,0.49,5.0,0.51,87.38,0.52,215.5,0.49,18.88,0.48,25.0,0.5,40.5,0.51,40.5,0.01,0.01,2318.899825,1776201481000
1776202671.272,171.272,0.47,9.08,0.46,210.5,0.49,20.0,0.5,76.44,0.5,1.44,0.49,92.38,0.52,5.5,0.53,10.5,0.02,0.02,2318.899825,1776201481000
1776202671.737,171.737,0.46,215.5,0.45,15.5,0.48,25.0,0.49,15.0,0.52,20.0,0.51,15.0,0.53,10.22,0.54,210.5,0.02,0.01,2318.899825,1776201481000
1776202672.185,172.185,0.39,13.83,0.38,18.83,0.46,90.5,0.47,261.87,0.52,25.0,0.51,15.0,0.54,215.5,0.55,15.5,0.07,0.02,2318.899825,1776201481000
1776202672.554,172.554,0.38,21.5,0.37,5.0,0.39,16.0,0.4,10.0,0.61,10.0,0.6,10.0,0.62,40.66,0.63,15.0,0.01,0.01,2318.899825,1776201481000
1776202674.175,174.175,0.47,16.38,0.46,15.0,0.48,5.0,0.5,10.0,0.61,16.0,0.6,10.0,0.62,21.5,0.63,5.0,0.01,0.01,2318.899825,1776201481000
1776202675.493,175.493,0.47,11.5,0.46,30.5,0.48,10.0,0.49,15.5,0.52,5.0,0.5,10.0,0.53,16.38,0.54,15.0,0.01,0.01,2318.899825,1776201481000
1776202676.435,176.435,0.46,20.02,0.45,205.0,0.48,10.0,0.49,25.5,0.52,10.0,0.51,15.5,0.53,11.5,0.54,30.5,0.02,0.01,2318.899825,1776201481000
1776202677.767,177.767,0.49,20.0,0.48,25.0,0.51,88.88,0.52,81.0,0.52,10.0,0.51,25.5,0.54,20.02,0.55,205.0,0.02,0.02,2318.899825,1776201481000
1776202678.352,178.352,0.5,15.0,0.49,20.0,0.51,105.45,0.52,81.0,0.49,88.88,0.48,81.0,0.51,20.0,0.52,25.0,0.01,0.02,2318.899825,1776201481000
1776202678.726,178.726,0.5,17.8,0.49,20.0,0.51,105.45,0.52,81.0,0.49,105.45,0.48,81.0,0.5,15.0,0.51,20.0,0.01,0.01,2318.899825,1776201481000
1776202679.269,179.269,0.5,5.44,0.49,20.0,0.51,105.45,0.52,81.0,0.49,105.45,0.48,81.0,0.5,17.8,0.51,20.0,0.01,0.01,2318.899825,1776201481000
1776202685.037,185.037,0.5,5.44,0.49,25.0,0.54,7.73,0.55,5.0,0.49,105.45,0.48,81.0,0.5,5.44,0.51,20.0,0.04,0.01,2318.899825,1776201481000
1776202686.457,186.457,0.5,53.0,0.49,10.0,0.51,20.0,0.54,12.73,0.46,7.73,0.45,5.0,0.5,5.44,0.51,25.0,0.01,0.04,2318.899825,1776201481000
1776202686.688,186.688,0.46,37.5,0.44,6.0,0.51,102.99,0.52,10.0,0.49,102.99,0.48,10.0,0.54,37.5,0.56,6.0,0.05,0.05,2318.899825,1776201481000
1776202686.908,186.908,0.44,17.0,0.31,60.0,0.45,15.0,0.51,112.99,0.55,15.0,0.49,112.99,0.56,17.0,0.69,60.0,0.01,0.01,2318.899825,1776201481000
1776202687.239,187.239,0.36,42.34,0.34,83.0,0.41,38.0,0.43,53.0,0.59,5.08,0.58,70.0,0.66,30.0,0.69,71.0,0.05,0.07,2318.899825,1776201481000
1776202687.474,187.474,0.41,50.69,0.4,70.0,0.43,58.0,0.44,17.0,0.57,58.0,0.56,7.0,0.59,57.0,0.6,50.0,0.02,0.02,2318.899825,1776201481000
1776202687.708,187.708,0.43,28.0,0.42,49.93,0.48,36.62,0.49,16.0,0.52,36.62,0.51,16.0,0.57,28.0,0.58,49.93,0.05,0.05,2318.899825,1776201481000
1776202687.969,187.969,0.46,123.03,0.45,10.0,0.48,36.62,0.49,16.0,0.52,36.62,0.51,16.0,0.54,99.03,0.55,10.0,0.02,0.02,2318.899825,1776201481000
1776202689.362,189.362,0.49,50.0,0.48,10.0,0.51,16.07,0.52,10.0,0.47,15.0,0.46,87.73,0.5,10.0,0.52,10.0,0.02,0.03,2318.899825,1776201481000
1776202690.277,190.277,0.49,50.0,0.48,10.0,0.52,10.0,0.53,15.0,0.49,16.07,0.48,10.0,0.51,50.0,0.52,10.0,0.03,0.02,2318.899825,1776201481000
1776202694.208,194.208,0.49,46.0,0.48,10.0,0.5,10.0,0.53,5.0,0.47,15.0,0.46,77.73,0.51,50.0,0.52,10.0,0.01,0.04,2318.899825,1776201481000
1776202694.608,194.608,0.49,46.0,0.48,10.0,0.5,8.0,0.53,5.0,0.5,10.0,0.47,5.0,0.51,46.0,0.52,10.0,0.01,0.01,2318.899825,1776201481000
1776202694.988,194.988,0.49,99.0,0.48,10.0,0.5,8.0,0.51,7.0,0.5,8.0,0.47,5.0,0.51,46.0,0.52,10.0,0.01,0.01,2318.899825,1776201481000
1776202695.318,195.318,0.49,104.0,0.47,10.0,0.5,3.0,0.51,17.0,0.5,3.0,0.49,17.0,0.51,109.0,0.53,10.0,0.01,0.01,2318.899825,1776201481000
1776202696.386,196.386,0.49,70.08,0.47,10.0,0.5,3.0,0.51,17.0,0.5,3.0,0.49,17.0,0.51,104.0,0.53,10.0,0.01,0.01,2318.899825,1776201481000
1776202699.597,199.597,0.49,3.15,0.48,10.0,0.5,10.5,0.51,17.5,0.5,3.0,0.49,17.0,0.51,70.08,0.53,10.0,0.01,0.01,2318.899825,1776201481000
1776202699.948,199.948,0.49,56.15,0.48,10.0,0.51,22.4,0.54,7.73,0.5,10.5,0.49,17.5,0.51,3.15,0.52,10.0,0.02,0.01,2318.899825,1776201481000
1776202701.395,201.395,0.5,69.0,0.49,31.15,0.51,7.97,0.53,10.0,0.49,12.97,0.46,7.73,0.51,51.15,0.52,10.0,0.01,0.02,2318.899825,1776201481000
1776202701.627,201.627,0.5,68.0,0.49,31.15,0.51,7.97,0.52,10.0,0.49,7.97,0.47,10.0,0.5,59.0,0.51,31.15,0.01,0.01,2318.899825,1776201481000
1776202701.899,201.899,0.5,75.36,0.49,54.15,0.52,4.03,0.53,10.0,0.49,4.03,0.48,10.0,0.5,64.36,0.51,31.15,0.02,0.01,2318.899825,1776201481000
1776202702.621,202.621,0.51,42.0,0.5,47.0,0.52,10.0,0.53,15.0,0.48,4.03,0.47,10.0,0.5,75.36,0.51,54.15,0.01,0.02,2318.899825,1776201481000
1776202703.218,203.218,0.5,18.0,0.49,49.15,0.52,15.0,0.53,15.0,0.48,10.0,0.47,15.0,0.5,29.0,0.51,49.15,0.02,0.02,2318.899825,1776201481000
1776202703.938,203.938,0.5,17.0,0.49,49.15,0.51,20.0,0.52,15.0,0.48,15.0,0.47,15.0,0.5,7.0,0.51,49.15,0.01,0.02,2318.899825,1776201481000
1776202704.846,204.846,0.51,63.0,0.5,15.0,0.52,13.01,0.53,20.0,0.47,15.0,0.46,32.23,0.5,20.0,0.51,49.15,0.01,0.03,2318.899825,1776201481000
1776202706.583,206.583,0.52,20.0,0.51,10.0,0.54,32.23,0.55,24.5,0.48,13.01,0.47,20.0,0.49,63.0,0.5,15.0,0.02,0.01,2318.899825,1776201481000
1776202708.007,208.007,0.52,87.91,0.51,15.0,0.54,7.73,0.55,14.5,0.46,32.23,0.45,24.5,0.48,20.0,0.49,10.0,0.02,0.02,2318.899825,1776201481000
1776202708.413,208.413,0.53,7.65,0.52,72.91,0.63,10.91,0.64,70.0,0.46,2.73,0.45,14.5,0.47,7.65,0.48,92.91,0.1,0.01,2318.899825,1776201481000
1776202708.727,208.727,0.56,50.0,0.55,9.09,0.64,33.99,0.66,10.0,0.36,38.64,0.34,10.0,0.47,17.65,0.48,72.91,0.08,0.11,2318.899825,1776201481000
1776202708.999,208.999,0.61,7.17,0.58,13.62,0.64,23.99,0.67,10.0,0.36,23.99,0.33,10.0,0.44,50.0,0.45,79.09,0.03,0.08,2318.899825,1776201481000
1776202709.29,209.29,0.61,14.6,0.6,10.0,0.64,33.99,0.67,15.0,0.37,4.04,0.36,23.99,0.39,7.17,0.42,11.0,0.03,0.02,2318.899825,1776201481000
1776202710.064,210.064,0.63,61.0,0.62,26.0,0.64,9.16,0.67,15.0,0.36,14.16,0.33,15.0,0.37,30.0,0.38,10.0,0.01,0.01,2318.899825,1776201481000
1776202710.743,210.743,0.63,56.0,0.62,26.0,0.64,14.16,0.67,10.0,0.36,9.16,0.33,15.0,0.37,61.0,0.38,26.0,0.01,0.01,2318.899825,1776201481000
1776202711.026,211.026,0.63,51.0,0.62,26.0,0.67,4.68,0.68,5.0,0.36,14.16,0.33,10.0,0.37,56.0,0.38,26.0,0.04,0.01,2318.899825,1776201481000
1776202711.251,211.251,0.66,32.94,0.65,20.0,0.68,5.22,0.69,25.0,0.32,5.22,0.31,25.0,0.34,30.0,0.35,20.0,0.02,0.02,2318.899825,1776201481000
1776202711.693,211.693,0.67,12.78,0.66,17.94,0.68,10.22,0.69,25.0,0.32,5.22,0.31,25.0,0.33,13.78,0.34,22.94,0.01,0.01,2318.899825,1776201481000
1776202711.945,211.945,0.66,17.9,0.65,15.0,0.68,10.22,0.69,25.0,0.32,10.22,0.31,25.0,0.33,12.78,0.34,17.94,0.02,0.01,2318.899825,1776201481000
1776202712.717,212.717,0.66,14.11,0.65,15.0,0.67,15.0,0.68,90.22,0.32,20.22,0.31,30.0,0.34,7.01,0.35,15.0,0.01,0.02,2318.899825,1776201481000
1776202713.754,213.754,0.66,14.11,0.65,15.0,0.67,10.0,0.68,90.22,0.33,15.0,0.32,90.22,0.34,14.11,0.35,15.0,0.01,0.01,2318.899825,1776201481000
1776202714.31,214.31,0.66,14.11,0.65,15.0,0.67,5.19,0.68,90.22,0.33,10.0,0.32,90.22,0.34,14.11,0.35,15.0,0.01,0.01,2318.899825,1776201481000
1776202717.13,217.13,0.66,7.22,0.65,15.0,0.67,20.0,0.68,96.22,0.33,0.19,0.32,90.22,0.34,17.22,0.35,15.0,0.01,0.01,2318.899825,1776201481000
1776202717.753,217.753,0.66,7.22,0.65,15.0,0.67,12.74,0.68,96.0,0.33,20.0,0.32,96.22,0.34,7.22,0.35,15.0,0.01,0.01,2318.899825,1776201481000
1776202722.609,222.609,0.65,15.0,0.64,40.0,0.67,20.0,0.68,81.0,0.33,12.74,0.32,96.0,0.34,7.22,0.35,15.0,0.02,0.01,2318.899825,1776201481000
1776202725.408,225.408,0.65,44.0,0.64,10.0,0.67,20.0,0.68,81.0,0.33,20.0,0.32,81.0,0.35,15.0,0.36,40.0,0.02,0.02,2318.899825,1776201481000
1776202727.789,227.789,0.56,6.0,0.53,9.0,0.66,70.0,0.67,25.0,0.33,15.0,0.32,81.0,0.35,33.0,0.36,10.0,0.1,0.02,2318.899825,1776201481000
1776202728.158,228.158,0.54,10.0,0.53,9.0,0.58,61.37,0.66,141.0,0.34,70.0,0.33,25.0,0.44,6.0,0.47,9.0,0.04,0.1,2318.899825,1776201481000
1776202728.497,228.497,0.52,22.59,0.49,3.15,0.56,10.0,0.58,66.37,0.42,61.37,0.39,55.0,0.47,4.1,0.48,30.0,0.04,0.05,2318.899825,1776201481000
1776202731.143,231.143,0.49,13.15,0.47,83.63,0.5,30.0,0.51,22.0,0.44,10.0,0.42,66.37,0.48,22.59,0.51,3.15,0.01,0.04,2318.899825,1776201481000
1776202735.225,235.225,0.41,64.9,0.4,10.0,0.5,50.0,0.51,97.0,0.5,30.0,0.49,22.0,0.51,13.15,0.53,83.63,0.09,0.01,2318.899825,1776201481000
1776202736.401,236.401,0.41,94.9,0.4,10.0,0.43,1.58,0.44,10.0,0.5,50.0,0.49,97.0,0.59,64.9,0.6,10.0,0.02,0.09,2318.899825,1776201481000
1776202737.712,237.712,0.42,59.1,0.41,79.9,0.44,10.0,0.45,21.0,0.57,1.58,0.56,10.0,0.59,94.9,0.6,10.0,0.02,0.02,2318.899825,1776201481000
1776202738.199,238.199,0.43,1.38,0.42,52.1,0.44,2.68,0.45,21.0,0.56,2.68,0.55,21.0,0.58,47.1,0.59,79.9,0.01,0.02,2318.899825,1776201481000
1776202738.771,238.771,0.43,36.48,0.42,20.0,0.44,0.18,0.45,21.0,0.56,2.68,0.55,21.0,0.57,1.38,0.58,52.1,0.01,0.01,2318.899825,1776201481000
1776202739.27,239.27,0.41,69.9,0.39,100.1,0.44,26.0,0.45,16.62,0.55,16.62,0.54,10.0,0.57,36.48,0.58,10.0,0.03,0.02,2318.899825,1776201481000
1776202739.747,239.747,0.41,88.2,0.39,110.1,0.42,5.11,0.43,16.0,0.58,5.11,0.57,16.0,0.59,69.9,0.61,100.1,0.01,0.01,2318.899825,1776201481000
1776202740.365,240.365,0.41,108.2,0.4,15.0,0.42,0.1,0.43,16.0,0.58,2.49,0.57,16.0,0.59,88.2,0.61,110.1,0.01,0.01,2318.899825,1776201481000
1776202741.547,241.547,0.42,15.0,0.41,98.2,0.43,14.13,0.44,31.0,0.57,13.97,0.56,21.0,0.59,108.2,0.6,15.0,0.01,0.02,2318.899825,1776201481000
1776202742.178,242.178,0.42,15.0,0.41,98.2,0.43,16.8,0.44,21.0,0.57,14.13,0.56,31.0,0.58,15.0,0.59,98.2,0.01,0.01,2318.899825,1776201481000
1776202749.627,249.627,0.42,16.03,0.41,88.2,0.43,11.8,0.44,21.0,0.57,16.8,0.56,21.0,0.58,15.0,0.59,98.2,0.01,0.01,2318.899825,1776201481000
1776202752.308,252.308,0.41,87.95,0.4,5.0,0.43,11.8,0.44,21.0,0.57,11.8,0.56,21.0,0.58,16.03,0.59,88.2,0.02,0.01,2318.899825,1776201481000
1776202752.879,252.879,0.41,94.56,0.4,5.0,0.42,25.0,0.43,81.8,0.57,11.8,0.56,21.0,0.59,87.95,0.6,5.0,0.01,0.02,2318.899825,1776201481000
1776202754.137,254.137,0.41,63.66,0.4,5.0,0.42,10.0,0.43,81.8,0.58,25.0,0.57,81.8,0.59,94.56,0.6,5.0,0.01,0.01,2318.899825,1776201481000
1776202754.444,254.444,0.4,5.0,0.39,20.1,0.42,98.98,0.43,94.8,0.58,10.0,0.57,81.8,0.59,63.66,0.6,5.0,0.02,0.01,2318.899825,1776201481000
1776202754.838,254.838,0.37,15.62,0.34,15.5,0.38,113.99,0.39,69.0,0.6,57.26,0.59,23.0,0.62,30.3,0.63,20.5,0.01,0.02,2318.899825,1776201481000
1776202755.166,255.166,0.31,39.46,0.29,10.0,0.33,106.99,0.34,50.57,0.62,176.99,0.61,59.0,0.69,39.46,0.7,10.0,0.02,0.07,2318.899825,1776201481000
1776202755.431,255.431,0.31,9.11,0.28,30.0,0.32,92.99,0.33,40.0,0.68,82.99,0.67,50.0,0.69,33.46,0.71,10.0,0.01,0.01,2318.899825,1776201481000
1776202755.655,255.655,0.26,100.0,0.25,5.0,0.29,45.0,0.3,44.99,0.71,33.0,0.7,44.99,0.72,7.22,0.74,100.0,0.03,0.01,2318.899825,1776201481000
1776202755.968,255.968,0.26,110.07,0.25,5.0,0.27,15.0,0.28,20.0,0.73,20.0,0.72,20.0,0.74,105.07,0.75,5.0,0.01,0.01,2318.899825,1776201481000
1776202756.818,256.818,0.26,106.51,0.25,15.0,0.27,6.29,0.28,10.0,0.73,10.0,0.72,10.0,0.74,106.51,0.75,15.0,0.01,0.01,2318.899825,1776201481000
1776202757.129,257.129,0.26,101.51,0.25,15.0,0.28,3.56,0.29,39.73,0.73,0.73,0.72,10.0,0.74,96.51,0.75,15.0,0.02,0.01,2318.899825,1776201481000
1776202757.627,257.627,0.27,10.0,0.26,86.51,0.3,10.16,0.31,22.73,0.72,3.56,0.71,39.73,0.74,101.51,0.75,15.0,0.03,0.02,2318.899825,1776201481000
1776202758.85,258.85,0.26,123.51,0.25,15.0,0.27,6.29,0.28,15.0,0.7,10.16,0.69,22.73,0.73,10.0,0.74,86.51,0.01,0.03,2318.899825,1776201481000
1776202760.103,260.103,0.27,54.0,0.26,86.51,0.28,6.62,0.29,15.0,0.73,6.29,0.72,15.0,0.74,123.51,0.75,15.0,0.01,0.01,2318.899825,1776201481000
1776202760.364,260.364,0.27,65.72,0.26,86.51,0.28,10.0,0.29,15.0,0.72,6.62,0.71,15.0,0.73,54.0,0.74,86.51,0.01,0.01,2318.899825,1776201481000
1776202760.7,260.7,0.27,28.72,0.26,56.51,0.28,10.0,0.29,15.0,0.72,10.0,0.71,15.0,0.73,65.72,0.74,86.51,0.01,0.01,2318.899825,1776201481000
1776202761.726,261.726,0.27,0.72,0.26,46.51,0.28,20.0,0.29,15.0,0.72,10.0,0.71,15.0,0.73,28.72,0.74,56.51,0.01,0.01,2318.899825,1776201481000
1776202762.231,262.231,0.26,109.15,0.25,45.0,0.28,25.0,0.29,15.0,0.72,20.0,0.71,15.0,0.73,0.72,0.74,46.51,0.02,0.01,2318.899825,1776201481000
1776202762.694,262.694,0.26,76.47,0.25,45.0,0.27,15.0,0.28,15.0,0.72,25.0,0.71,15.0,0.74,109.15,0.75,45.0,0.01,0.02,2318.899825,1776201481000
1776202763.387,263.387,0.26,44.47,0.25,5.0,0.27,3.29,0.28,26.0,0.73,15.0,0.72,15.0,0.74,76.47,0.75,45.0,0.01,0.01,2318.899825,1776201481000
1776202763.872,263.872,0.26,48.11,0.25,10.0,0.27,10.0,0.28,10.0,0.72,3.99,0.71,20.73,0.74,44.47,0.75,5.0,0.01,0.02,2318.899825,1776201481000
1776202764.079,264.079,0.24,70.0,0.21,70.0,0.26,10.0,0.27,17.59,0.73,17.59,0.72,15.73,0.75,5.0,0.76,70.0,0.02,0.02,2318.899825,1776201481000
1776202764.515,264.515,0.25,15.0,0.24,75.0,0.26,16.15,0.27,17.59,0.74,10.0,0.73,17.59,0.76,70.0,0.79,70.0,0.01,0.02,2318.899825,1776201481000
1776202765.289,265.289,0.24,57.56,0.22,30.0,0.26,16.15,0.27,104.11,0.74,16.15,0.73,23.32,0.75,10.99,0.76,75.0,0.02,0.01,2318.899825,1776201481000
1776202766.066,266.066,0.24,55.58,0.23,15.0,0.25,20.0,0.26,11.15,0.74,16.15,0.73,104.11,0.76,57.56,0.78,30.0,0.01,0.02,2318.899825,1776201481000
1776202767.458,267.458,0.24,48.42,0.23,15.0,0.25,20.0,0.26,11.15,0.75,20.0,0.74,11.15,0.76,55.58,0.77,15.0,0.01,0.01,2318.899825,1776201481000
1776202768.15,268.15,0.24,53.42,0.23,15.0,0.25,15.0,0.26,21.15,0.75,20.0,0.74,11.15,0.76,48.42,0.77,15.0,0.01,0.01,2318.899825,1776201481000
1776202768.699,268.699,0.24,53.42,0.23,15.0,0.25,10.0,0.26,11.15,0.75,15.0,0.74,21.15,0.76,53.42,0.77,15.0,0.01,0.01,2318.899825,1776201481000
1776202770.043,270.043,0.24,53.42,0.23,15.0,0.25,41.99,0.26,26.88,0.75,10.0,0.74,11.15,0.76,53.42,0.77,15.0,0.01,0.01,2318.899825,1776201481000
1776202770.521,270.521,0.24,43.42,0.23,5.0,0.25,71.99,0.26,27.71,0.75,41.99,0.74,26.88,0.76,53.42,0.77,15.0,0.01,0.01,2318.899825,1776201481000
1776202771.065,271.065,0.22,8.84,0.21,73.0,0.23,88.42,0.24,45.54,0.76,15.54,0.75,76.99,0.77,5.0,0.78,10.0,0.01,0.01,2318.899825,1776201481000
1776202771.604,271.604,0.21,68.06,0.2,45.05,0.23,88.42,0.24,50.54,0.77,83.42,0.76,45.54,0.79,68.06,0.8,45.05,0.02,0.02,2318.899825,1776201481000
1776202771.969,271.969,0.21,58.06,0.2,45.05,0.22,25.0,0.23,78.42,0.77,88.42,0.76,50.54,0.79,68.06,0.8,45.05,0.01,0.02,2318.899825,1776201481000
1776202772.542,272.542,0.21,43.37,0.2,15.05,0.22,114.08,0.23,40.0,0.78,123.63,0.77,40.0,0.79,43.37,0.8,15.05,0.01,0.01,2318.899825,1776201481000
1776202772.765,272.765,0.2,15.05,0.19,45.31,0.22,114.53,0.23,40.0,0.78,114.08,0.77,40.0,0.8,15.05,0.81,40.0,0.02,0.02,2318.899825,1776201481000
1776202773.176,273.176,0.2,10.0,0.19,45.31,0.21,144.14,0.22,30.9,0.78,114.53,0.77,40.0,0.8,15.05,0.81,45.31,0.01,0.02,2318.899825,1776201481000
1776202774.181,274.181,0.2,10.0,0.19,45.31,0.21,146.37,0.22,35.9,0.79,144.14,0.78,30.9,0.8,10.0,0.81,45.31,0.01,0.01,2318.899825,1776201481000
1776202774.588,274.588,0.19,42.84,0.18,20.0,0.21,204.37,0.22,41.47,0.79,146.37,0.78,35.9,0.8,10.0,0.81,45.31,0.02,0.01,2318.899825,1776201481000
1776202774.962,274.962,0.14,16.04,0.13,5.0,0.15,25.0,0.16,102.0,0.8,15.0,0.79,204.37,0.97,190.45,0.98,591.7,0.01,0.17,2318.899825,1776201481000
1776202775.204,275.204,0.14,13.94,0.13,5.0,0.15,5.36,0.16,102.0,0.85,10.0,0.84,102.0,0.86,23.94,0.87,5.0,0.01,0.01,2318.899825,1776201481000
1776202775.616,275.616,0.14,13.94,0.13,15.0,0.15,10.0,0.16,99.91,0.84,99.91,0.83,10.0,0.86,13.94,0.87,15.0,0.01,0.02,2318.899825,1776201481000
1776202776.394,276.394,0.14,13.94,0.13,15.0,0.19,14.26,0.2,10.0,0.82,40.0,0.81,38.0,0.86,13.94,0.87,15.0,0.05,0.04,2318.899825,1776201481000
1776202776.945,276.945,0.14,9.85,0.13,15.0,0.16,6.87,0.17,10.0,0.81,14.26,0.8,10.0,0.86,12.06,0.87,15.0,0.02,0.05,2318.899825,1776201481000
1776202778.104,278.104,0.15,5.54,0.14,22.06,0.16,24.03,0.17,22.0,0.84,6.87,0.83,10.0,0.86,9.85,0.87,15.0,0.01,0.02,2318.899825,1776201481000
1776202778.495,278.495,0.12,65.07,0.11,15.0,0.15,15.0,0.16,19.03,0.84,24.03,0.83,22.0,0.86,5.46,0.87,10.0,0.03,0.02,2318.899825,1776201481000
1776202778.994,278.994,0.13,17.76,0.12,60.07,0.15,9.36,0.16,10.0,0.85,15.0,0.84,19.03,0.88,65.07,0.89,15.0,0.02,0.03,2318.899825,1776201481000
1776202779.329,279.329,0.13,5.0,0.12,2.07,0.15,14.36,0.16,15.0,0.85,14.36,0.84,15.0,0.87,18.41,0.88,60.07,0.02,0.02,2318.899825,1776201481000
1776202779.608,279.608,0.11,14.67,0.1,68.0,0.14,15.0,0.15,14.36,0.85,14.36,0.84,15.0,0.87,5.0,0.88,2.07,0.03,0.02,2318.899825,1776201481000
1776202780.915,280.915,0.12,2.5,0.11,9.67,0.13,15.0,0.14,20.0,0.86,16.45,0.85,14.36,0.88,18.41,0.89,14.67,0.01,0.02,2318.899825,1776201481000
1776202782.203,282.203,0.11,9.67,0.1,10.0,0.12,198.31,0.13,20.0,0.87,15.0,0.86,20.0,0.88,2.5,0.89,9.67,0.01,0.01,2318.899825,1776201481000
1776202782.708,282.708,0.11,7.67,0.1,10.0,0.12,198.31,0.13,20.0,0.88,198.31,0.87,20.0,0.89,9.67,0.9,10.0,0.01,0.01,2318.899825,1776201481000
1776202783.228,283.228,0.03,41.75,0.02,627.0,0.04,25.0,0.05,25.0,0.88,198.31,0.87,20.0,0.89,7.67,0.9,10.0,0.01,0.01,2318.899825,1776201481000
1776202783.658,283.658,0.03,10.86,0.02,627.0,0.04,9.13,0.05,96.5,0.95,76.5,0.94,93.99,0.97,10.86,0.98,627.0,0.01,0.02,2318.899825,1776201481000
1776202784.556,284.556,0.03,20.86,0.02,627.0,0.05,100.13,0.06,107.99,0.95,96.5,0.94,93.99,0.96,16.87,0.97,10.86,0.02,0.01,2318.899825,1776201481000
1776202784.987,284.987,0.04,5.0,0.03,13.86,0.05,105.13,0.06,134.99,0.95,100.13,0.94,107.99,0.97,20.86,0.98,627.0,0.01,0.02,2318.899825,1776201481000
1776202785.281,285.281,0.04,5.0,0.03,10.0,0.05,65.69,0.06,103.99,0.95,105.13,0.94,134.99,0.96,5.0,0.97,13.86,0.01,0.01,2318.899825,1776201481000
1776202785.797,285.797,0.03,309.79,0.02,208.0,0.06,10.0,0.08,10.0,0.95,75.69,0.94,103.99,0.97,9.79,0.98,427.0,0.03,0.02,2318.899825,1776201481000
1776202786.165,286.165,0.1,10.0,0.09,10.0,0.11,66.0,0.12,100.99,0.89,50.0,0.88,47.99,0.95,10.0,0.96,10.0,0.01,0.06,2318.899825,1776201481000
1776202786.397,286.397,0.1,2.45,0.09,10.0,0.11,189.71,0.12,113.99,0.89,66.0,0.88,100.99,0.9,10.0,0.91,10.0,0.01,0.01,2318.899825,1776201481000
1776202786.703,286.703,0.1,3.96,0.09,7.45,0.11,189.71,0.12,111.99,0.89,189.71,0.88,113.99,0.91,7.45,0.92,10.0,0.01,0.02,2318.899825,1776201481000
1776202787.347,287.347,0.08,5.87,0.07,10.0,0.1,202.65,0.11,142.99,0.89,189.71,0.88,111.99,0.9,3.96,0.91,7.45,0.02,0.01,2318.899825,1776201481000
1776202788.198,288.198,0.05,30.0,0.04,289.0,0.09,10.0,0.1,31.0,0.94,24.13,0.9,207.65,0.95,10.0,0.96,10.0,0.04,0.01,2318.899825,1776201481000
1776202788.549,288.549,0.11,12.75,0.1,10.0,0.13,15.95,0.14,103.42,0.87,16.0,0.86,93.0,0.89,7.75,0.9,15.0,0.02,0.02,2318.899825,1776201481000
1776202789.204,289.204,0.1,18.33,0.09,4.78,0.11,15.0,0.12,15.0,0.87,15.95,0.86,103.42,0.89,12.75,0.9,10.0,0.01,0.02,2318.899825,1776201481000
1776202789.708,289.708,0.12,11.66,0.09,10.0,0.13,95.94,0.14,35.0,0.89,15.0,0.88,15.0,0.9,18.33,0.91,4.78,0.01,0.01,2318.899825,1776201481000
1776202790.204,290.204,0.09,9.8,0.08,12.62,0.1,15.0,0.11,10.0,0.87,95.94,0.86,35.0,0.88,11.66,0.91,10.0,0.01,0.01,2318.899825,1776201481000
1776202790.591,290.591,0.08,10.0,0.07,24.42,0.11,15.0,0.12,15.42,0.9,15.0,0.89,10.0,0.91,9.8,0.92,12.62,0.03,0.01,2318.899825,1776201481000
1776202791.589,291.589,0.07,7.91,0.06,10.0,0.08,10.0,0.09,15.0,0.89,15.0,0.88,15.42,0.92,10.0,0.93,24.42,0.01,0.03,2318.899825,1776201481000
1776202792.434,292.434,0.06,3.93,0.05,10.0,0.07,20.0,0.08,25.86,0.92,10.0,0.91,15.0,0.93,7.91,0.94,10.0,0.01,0.01,2318.899825,1776201481000
1776202792.649,292.649,0.01,1565.25,,,0.07,15.0,0.08,10.0,0.91,9.65,0.9,37.42,0.95,10.0,0.96,10.0,0.06,0.04,2318.899825,1776201481000
1776202792.929,292.929,0.03,5.0,0.02,10.0,0.05,15.0,0.06,15.0,0.93,15.0,0.92,10.0,0.99,1565.25,,,0.02,0.06,2318.899825,1776201481000
1776202793.485,293.485,0.03,5.0,0.02,10.0,0.05,12.0,0.06,15.0,0.95,7.0,0.94,10.0,0.97,10.0,0.98,10.0,0.02,0.02,2318.899825,1776201481000
1776202793.948,293.948,0.02,4.89,0.01,1565.25,0.04,15.0,0.05,12.0,0.95,12.0,0.94,15.0,0.97,5.0,0.98,10.0,0.02,0.02,2318.899825,1776201481000
1776202794.333,294.333,0.09,11.73,0.08,31.0,0.12,10.0,0.27,30.0,0.96,15.0,0.95,12.0,0.98,4.89,0.99,1565.25,0.03,0.02,2318.899825,1776201481000
1776202794.546,294.546,0.26,10.0,0.25,10.0,0.37,10.0,0.41,9.36,0.63,30.0,0.59,9.36,0.89,46.76,0.9,96.0,0.11,0.26,2318.899825,1776201481000
1776202794.755,294.755,0.71,3.62,0.7,10.0,0.73,3.85,0.75,70.0,0.27,39.33,0.25,70.0,0.29,3.62,0.3,10.0,0.02,0.02,2318.899825,1776201481000
1776202795.003,295.003,0.74,54.0,0.73,10.0,0.76,125.0,0.77,11.36,0.25,53.69,0.24,120.0,0.29,47.62,0.3,10.0,0.02,0.04,2318.899825,1776201481000
1776202795.526,295.526,0.75,67.0,0.74,10.0,0.85,44.41,0.86,50.0,0.24,79.61,0.23,16.36,0.25,10.0,0.26,10.0,0.1,0.01,2318.899825,1776201481000
1776202795.748,295.748,0.84,9.0,0.83,4.11,0.85,39.29,0.86,50.0,0.15,33.04,0.14,50.0,0.17,4.11,0.18,10.0,0.01,0.02,2318.899825,1776201481000
1776202796.011,296.011,0.84,7.62,0.83,4.11,0.85,41.34,0.86,57.21,0.15,34.61,0.14,50.0,0.16,38.0,0.17,4.11,0.01,0.01,2318.899825,1776201481000
1776202796.264,296.264,0.84,61.62,0.83,4.11,0.86,0.19,0.89,157.0,0.15,41.34,0.14,57.21,0.16,7.62,0.17,4.11,0.02,0.01,2318.899825,1776201481000
1776202796.76,296.76,0.87,10.0,0.86,10.0,0.89,3.1,0.9,261.1,0.11,164.64,0.1,85.0,0.13,5.0,0.14,10.0,0.02,0.02,2318.899825,1776201481000
1776202796.962,296.962,0.87,35.76,0.86,10.0,0.89,3.1,0.9,25.1,0.11,3.1,0.1,25.1,0.13,55.76,0.14,10.0,0.02,0.02,2318.899825,1776201481000
1776202797.172,297.172,0.87,55.76,0.86,10.0,0.89,6.42,0.9,25.1,0.11,9.76,0.1,25.1,0.13,50.76,0.14,10.0,0.02,0.02,2318.899825,1776201481000
1776202797.705,297.705,0.87,19.9,0.86,10.0,0.88,9.0,0.89,6.42,0.12,9.0,0.11,6.42,0.13,10.06,0.14,10.0,0.01,0.01,2318.899825,1776201481000
1776202797.935,297.935,0.84,2.43,0.83,10.0,0.86,10.0,0.87,3.93,0.13,3.93,0.12,19.0,0.14,5.0,0.15,10.0,0.02,0.01,2318.899825,1776201481000
1776202798.163,298.163,0.88,7.46,0.86,40.0,0.91,10.0,0.92,22.62,0.09,9.2,0.08,10.0,0.12,7.46,0.17,15.0,0.03,0.03,2318.899825,1776201481000
1776202798.451,298.451,0.89,16.9,0.88,12.46,0.95,7.48,0.96,231.0,0.09,10.0,0.08,22.62,0.11,6.9,0.12,7.46,0.06,0.02,2318.899825,1776201481000
1776202798.782,298.782,0.87,10.0,0.86,10.0,0.9,8.32,0.91,10.0,0.07,13.77,0.06,26.83,0.18,2.24,0.19,60.0,0.03,0.11,2318.899825,1776201481000
1776202799.058,299.058,0.88,20.0,0.87,10.0,0.9,10.0,0.91,2.68,0.09,2.68,0.08,10.0,0.12,15.0,0.13,10.0,0.02,0.03,2318.899825,1776201481000
1776202799.268,299.268,0.86,6.78,0.85,10.0,0.91,1.37,0.92,10.0,0.09,1.37,0.08,10.0,0.13,5.0,0.14,10.0,0.05,0.04,2318.899825,1776201481000
1776202799.475,299.475,0.9,1.67,0.86,6.78,0.95,42.68,0.96,30.0,0.06,8.2,0.05,17.48,0.14,6.78,0.15,10.0,0.05,0.08,2318.899825,1776201481000
1776202799.675,299.675,0.91,2.36,0.9,11.44,0.96,4.28,0.97,93.09,0.04,19.74,0.03,93.09,0.09,2.36,0.1,11.44,0.05,0.05,2318.899825,1776201481000
1776202799.903,299.903,0.84,10.0,0.83,20.0,0.85,23.33,0.86,2.15,0.14,2.15,0.04,24.53,0.15,10.0,0.16,10.0,0.01,0.01,2318.899825,1776201481000
1776202800.144,300.144,0.82,14.0,0.8,28.3,0.83,14.41,0.84,27.56,0.16,21.25,0.04,14.0,0.17,20.0,0.18,16.24,0.01,0.01,2318.899825,1776201481000
1776202800.38,300.38,0.99,9045.38,0.96,9.79,,,,,,,,,0.01,9033.52,0.06,9.78,,,2318.899825,1776201481000
1776202800.683,300.683,0.99,9074.38,0.98,9.79,,,,,,,,,0.01,8929.38,0.04,19.58,,,2318.899825,1776201481000

# RESULT,winner=Up,slug=eth-updown-5m-1776202500,ticks=368
