timestamp,elapsed_sec,up_bid_p1,up_bid_s1,up_bid_p2,up_bid_s2,up_ask_p1,up_ask_s1,up_ask_p2,up_ask_s2,down_bid_p1,down_bid_s1,down_bid_p2,down_bid_s2,down_ask_p1,down_ask_s1,down_ask_p2,down_ask_s2,up_spread,down_spread,eth_price,eth_oracle_ts
1776388500.515,0.515,0.51,1.95,0.5,5.96,0.54,150.0,0.6,5.0,0.48,1.3,0.47,95.0,0.49,24.0,0.5,35.96,0.03,0.01,2344.410468,1776388499000
1776388501.244,1.244,0.5,2.91,0.45,78.88,0.53,70.0,0.54,70.0,0.46,150.0,0.4,5.0,0.49,1.95,0.5,5.96,0.03,0.03,2344.410468,1776388499000
1776388502.627,2.627,0.5,2.91,0.49,5.0,0.51,14.88,0.52,13.0,0.47,70.0,0.46,70.0,0.5,2.91,0.55,78.88,0.01,0.03,2344.391174,1776388501000
1776388504.449,4.449,0.5,2.91,0.48,5.0,0.51,11.45,0.52,28.0,0.49,14.88,0.48,13.0,0.5,2.91,0.51,5.0,0.01,0.01,2344.390569,1776388503000
1776388505.448,5.448,0.5,1.91,0.47,5.0,0.51,88.45,0.52,28.0,0.49,11.45,0.48,28.0,0.5,2.91,0.52,5.0,0.01,0.01,2344.389559,1776388504000
1776388505.66,5.66,0.45,83.21,0.44,83.0,0.51,101.41,0.52,28.0,0.49,82.21,0.48,28.0,0.5,1.91,0.55,91.88,0.06,0.01,2344.389559,1776388504000
1776388506.232,6.232,0.45,77.88,0.44,83.0,0.46,15.0,0.47,20.0,0.49,101.41,0.48,28.0,0.55,83.21,0.56,83.0,0.01,0.06,2344.389559,1776388504000
1776388506.638,6.638,0.45,64.88,0.44,83.0,0.46,12.39,0.47,20.0,0.54,15.0,0.53,20.0,0.55,77.88,0.56,83.0,0.01,0.01,2344.385086,1776388505000
1776388511.194,11.194,0.45,64.88,0.44,75.0,0.46,0.21,0.47,15.0,0.54,10.21,0.53,20.0,0.55,64.88,0.56,83.0,0.01,0.01,2344.111131,1776388510000
1776388512.286,12.286,0.45,79.88,0.44,95.0,0.46,5.0,0.47,15.0,0.54,0.21,0.53,15.0,0.55,64.88,0.56,75.0,0.01,0.01,2344.133855,1776388511000
1776388516.228,16.228,0.49,3.03,0.48,20.0,0.5,25.0,0.51,34.0,0.53,15.0,0.52,26.0,0.55,79.42,0.56,95.0,0.01,0.02,2344.152608,1776388515000
1776388516.705,16.705,0.49,5.0,0.48,25.0,0.5,25.0,0.51,34.0,0.5,25.0,0.49,34.0,0.51,3.03,0.52,20.0,0.01,0.01,2344.152608,1776388515000
1776388522.221,22.221,0.48,20.0,0.47,20.0,0.5,3.0,0.51,39.0,0.5,25.0,0.49,34.0,0.51,5.0,0.52,25.0,0.02,0.01,2344.22771,1776388520000
1776388522.925,22.925,0.5,16.88,0.49,90.0,0.51,23.0,0.52,23.0,0.5,3.0,0.49,39.0,0.52,20.0,0.53,20.0,0.01,0.02,2344.237,1776388521000
1776388523.695,23.695,0.49,131.63,0.48,31.0,0.51,19.9,0.52,23.0,0.49,33.0,0.48,23.0,0.51,89.63,0.52,20.0,0.02,0.02,2344.24209,1776388522000
1776388525.176,25.176,0.52,52.0,0.51,100.0,0.54,11.15,0.55,22.0,0.49,19.9,0.48,23.0,0.51,131.63,0.52,31.0,0.02,0.02,2344.259475,1776388524000
1776388526.174,26.174,0.54,25.0,0.53,40.0,0.56,20.01,0.57,10.0,0.46,11.15,0.45,22.0,0.48,52.0,0.49,100.0,0.02,0.02,2344.259475,1776388524000
1776388528.284,28.284,0.55,12.64,0.54,95.0,0.56,41.01,0.57,53.51,0.44,20.01,0.43,10.0,0.46,25.0,0.47,40.0,0.01,0.02,2344.259475,1776388524000
1776388529.556,29.556,0.55,19.03,0.54,90.0,0.56,31.01,0.57,23.0,0.44,41.01,0.43,53.51,0.45,12.64,0.46,95.0,0.01,0.01,2344.48957,1776388528000
1776388535.894,35.894,0.54,85.0,0.53,110.0,0.56,30.39,0.57,23.0,0.44,31.01,0.43,23.0,0.45,19.03,0.46,90.0,0.02,0.01,2344.518615,1776388534000
1776388539.084,39.084,0.54,110.0,0.53,95.0,0.55,21.56,0.56,35.39,0.44,30.39,0.43,23.0,0.46,85.0,0.47,110.0,0.01,0.02,2344.52,1776388537000
1776388540.573,40.573,0.54,80.0,0.53,80.0,0.55,49.16,0.56,35.39,0.45,21.56,0.44,35.39,0.46,110.0,0.47,95.0,0.01,0.01,2344.52785,1776388539000
1776388541.758,41.758,0.53,10.0,0.52,5.0,0.55,63.16,0.56,35.39,0.45,49.16,0.44,35.39,0.46,80.0,0.47,80.0,0.02,0.01,2344.51027,1776388540000
1776388543.836,43.836,0.53,52.87,0.52,85.0,0.54,11.0,0.55,26.16,0.45,63.16,0.44,35.39,0.47,10.0,0.48,5.0,0.01,0.02,2344.475661,1776388542000
1776388544.926,44.926,0.54,52.0,0.53,107.87,0.55,4.9,0.56,28.0,0.46,11.0,0.45,26.16,0.47,52.87,0.48,85.0,0.01,0.01,2344.45719,1776388543000
1776388547.927,47.927,0.46,64.02,0.44,93.46,0.48,83.0,0.49,30.0,0.45,4.9,0.44,28.0,0.46,52.0,0.47,107.87,0.02,0.01,2344.50611,1776388546000
1776388549.601,49.601,0.41,93.38,0.4,24.0,0.42,16.0,0.43,21.0,0.52,83.0,0.51,30.0,0.54,64.02,0.56,93.46,0.01,0.02,2344.364183,1776388548000
1776388551.103,51.103,0.41,178.0,0.4,49.0,0.42,6.0,0.43,6.0,0.58,16.0,0.57,21.0,0.59,93.38,0.6,24.0,0.01,0.01,2344.23667,1776388549000
1776388551.307,51.307,0.48,60.0,0.47,22.0,0.49,17.0,0.5,28.0,0.58,6.0,0.57,6.0,0.59,178.0,0.6,49.0,0.01,0.01,2344.23667,1776388549000
1776388554.687,54.687,0.5,62.0,0.49,25.0,0.51,5.0,0.52,20.0,0.51,17.0,0.5,28.0,0.52,60.0,0.53,22.0,0.01,0.01,2344.296815,1776388553000
1776388560.435,60.435,0.51,65.0,0.5,100.0,0.55,3.57,0.56,15.0,0.49,5.0,0.48,20.0,0.5,62.0,0.51,25.0,0.04,0.01,2344.32397,1776388559000
1776388563.178,63.178,0.56,121.99,0.55,28.0,0.61,1.5,0.63,5.0,0.45,3.57,0.44,15.0,0.49,65.0,0.5,100.0,0.05,0.04,2344.35681,1776388561000
1776388563.681,63.681,0.62,55.0,0.61,155.0,0.65,8.0,0.67,15.0,0.39,1.5,0.37,5.0,0.44,121.99,0.45,28.0,0.03,0.05,2344.409831,1776388562000
1776388564.309,64.309,0.64,75.0,0.63,20.0,0.67,7.0,0.68,15.0,0.35,8.0,0.33,15.0,0.38,55.0,0.39,155.0,0.03,0.03,2344.43813,1776388563000
1776388564.805,64.805,0.66,69.0,0.65,20.0,0.67,7.0,0.68,15.0,0.33,7.0,0.32,15.0,0.36,75.0,0.37,20.0,0.01,0.03,2344.43813,1776388563000
1776388565.058,65.058,0.66,63.11,0.65,20.0,0.67,7.0,0.68,15.0,0.33,7.0,0.32,15.0,0.34,69.0,0.35,20.0,0.01,0.01,2344.43813,1776388563000
1776388565.373,65.373,0.66,17.16,0.65,20.0,0.67,2.0,0.68,46.5,0.33,7.0,0.32,15.0,0.34,63.11,0.35,20.0,0.01,0.01,2344.61512,1776388564000
1776388565.873,65.873,0.66,27.16,0.65,20.0,0.67,8.5,0.68,31.5,0.33,2.0,0.32,46.5,0.34,17.16,0.35,20.0,0.01,0.01,2344.61512,1776388564000
1776388566.376,66.376,0.66,17.16,0.65,10.0,0.68,19.65,0.69,15.0,0.33,8.5,0.32,31.5,0.34,27.16,0.35,20.0,0.02,0.01,2344.61512,1776388564000
1776388566.763,66.763,0.66,14.21,0.65,10.0,0.67,22.0,0.68,19.65,0.32,19.65,0.31,15.0,0.34,17.16,0.35,10.0,0.01,0.02,2344.61512,1776388564000
1776388567.44,67.44,0.66,10.97,0.65,10.0,0.67,131.39,0.68,15.0,0.33,22.0,0.32,19.65,0.34,14.21,0.35,10.0,0.01,0.01,2344.89082,1776388566000
1776388568.029,68.029,0.6,10.0,0.59,5.0,0.61,60.0,0.63,10.0,0.33,131.39,0.32,20.0,0.34,3.41,0.35,5.0,0.01,0.01,2344.902635,1776388567000
1776388568.972,68.972,0.6,28.0,0.59,5.0,0.61,63.0,0.62,15.0,0.39,40.0,0.37,10.0,0.4,10.0,0.41,5.0,0.01,0.01,2344.93235,1776388568000
1776388569.3,69.3,0.6,28.0,0.59,5.0,0.61,55.0,0.62,15.0,0.39,63.0,0.38,15.0,0.4,28.0,0.41,5.0,0.01,0.01,2344.93235,1776388568000
1776388570.345,70.345,0.6,20.14,0.59,5.0,0.61,55.0,0.62,15.0,0.39,55.0,0.38,15.0,0.4,22.64,0.41,5.0,0.01,0.01,2344.783599,1776388569000
1776388570.984,70.984,0.54,17.0,0.53,5.0,0.55,4.5,0.56,15.0,0.39,55.0,0.38,15.0,0.4,20.14,0.41,5.0,0.01,0.01,2344.778211,1776388570000
1776388571.209,71.209,0.53,5.0,0.52,16.0,0.54,4.29,0.55,15.5,0.45,10.5,0.44,20.0,0.46,1.69,0.47,5.0,0.01,0.01,2344.778211,1776388570000
1776388571.419,71.419,0.53,51.0,0.52,16.0,0.54,4.73,0.55,15.5,0.46,4.29,0.45,15.5,0.47,5.0,0.48,16.0,0.01,0.01,2344.778211,1776388570000
1776388572.198,72.198,0.53,6.53,0.52,16.0,0.54,4.73,0.55,15.5,0.46,4.73,0.45,15.5,0.47,51.0,0.48,16.0,0.01,0.01,2344.774359,1776388571000
1776388573.331,73.331,0.48,67.82,0.47,85.0,0.49,10.0,0.5,23.0,0.46,4.73,0.45,15.5,0.47,6.53,0.48,16.0,0.01,0.01,2344.736032,1776388572000
1776388574.432,74.432,0.48,56.28,0.46,57.0,0.49,22.0,0.5,44.0,0.51,10.0,0.5,23.0,0.52,67.82,0.53,85.0,0.01,0.01,2344.646205,1776388573000
1776388574.715,74.715,0.48,6.28,0.46,57.0,0.49,29.0,0.5,44.0,0.51,22.0,0.5,44.0,0.52,56.28,0.54,57.0,0.01,0.01,2344.646205,1776388573000
1776388577.4,77.4,0.48,8.78,0.47,15.0,0.49,29.0,0.5,28.0,0.51,29.0,0.5,44.0,0.52,6.28,0.54,57.0,0.01,0.01,2344.388611,1776388576000
1776388579.204,79.204,0.48,10.99,0.47,15.0,0.49,19.0,0.5,28.0,0.51,29.0,0.5,28.0,0.52,8.78,0.53,15.0,0.01,0.01,2344.38434,1776388577000
1776388580.16,80.16,0.49,51.0,0.48,122.0,0.5,5.0,0.51,10.0,0.51,19.0,0.5,28.0,0.52,10.99,0.53,15.0,0.01,0.01,2344.384189,1776388578000
1776388582.039,82.039,0.55,131.21,0.54,75.0,0.58,24.0,0.59,15.0,0.44,16.28,0.43,28.0,0.45,91.21,0.46,70.0,0.03,0.01,2344.354136,1776388580000
1776388582.688,82.688,0.55,136.21,0.54,90.0,0.58,23.36,0.59,15.0,0.41,29.0,0.4,15.0,0.45,131.21,0.46,75.0,0.03,0.04,2344.42924,1776388581000
1776388583.436,83.436,0.6,38.0,0.59,21.0,0.61,40.28,0.62,23.0,0.42,23.36,0.41,15.0,0.45,136.21,0.46,90.0,0.01,0.03,2344.483729,1776388582000
1776388590.445,90.445,0.6,65.0,0.59,166.0,0.61,1.01,0.64,14.0,0.39,11.28,0.36,14.0,0.4,43.0,0.41,21.0,0.01,0.01,2344.954527,1776388589000
1776388590.868,90.868,0.6,65.0,0.59,166.0,0.66,16.0,0.67,25.0,0.39,1.01,0.36,14.0,0.4,65.0,0.41,166.0,0.06,0.01,2344.954527,1776388589000
1776388591.783,91.783,0.65,20.0,0.64,15.0,0.66,10.84,0.67,25.0,0.34,16.0,0.33,25.0,0.4,65.0,0.41,166.0,0.01,0.06,2344.935795,1776388590000
1776388592.881,92.881,0.63,10.0,0.62,15.0,0.65,26.0,0.66,33.99,0.34,10.84,0.33,25.0,0.35,1.0,0.36,15.0,0.02,0.01,2344.930405,1776388591000
1776388597.574,97.574,0.56,117.25,0.55,111.21,0.64,5.0,0.65,14.0,0.35,26.0,0.34,33.99,0.37,10.0,0.38,15.0,0.08,0.02,2344.888915,1776388596000
1776388599.448,99.448,0.63,5.0,0.62,10.0,0.64,24.0,0.65,13.0,0.36,5.0,0.35,14.0,0.44,117.25,0.45,111.21,0.01,0.08,2344.91243,1776388598000
1776388602.164,102.164,0.61,15.0,0.6,10.0,0.62,1.77,0.63,15.0,0.36,24.0,0.35,13.0,0.37,5.0,0.38,10.0,0.01,0.01,2344.8988,1776388600000
1776388605.836,105.836,0.62,15.0,0.61,150.0,0.64,10.0,0.65,13.0,0.38,1.77,0.37,15.0,0.39,15.0,0.4,10.0,0.02,0.01,2344.8931,1776388604000
1776388610.997,110.997,0.63,10.0,0.62,15.0,0.64,1.0,0.65,15.0,0.36,10.0,0.35,13.0,0.38,15.0,0.39,150.0,0.01,0.02,2344.933935,1776388609000
1776388616.223,116.223,0.64,123.0,0.63,10.0,0.7,5.0,0.78,5.0,0.36,1.0,0.35,15.0,0.37,10.0,0.38,15.0,0.06,0.01,2344.929427,1776388614000
1776388616.461,116.461,0.71,70.0,0.7,5.0,0.79,20.47,0.8,114.02,0.21,91.36,0.2,114.02,0.29,70.0,0.34,50.0,0.08,0.08,2344.929427,1776388614000
1776388616.981,116.981,0.72,12.0,0.71,10.0,0.75,22.0,0.77,10.0,0.21,20.47,0.2,114.02,0.29,70.0,0.3,5.0,0.03,0.08,2344.934445,1776388615000
1776388617.538,117.538,0.74,10.0,0.73,16.0,0.75,81.56,0.76,30.0,0.25,22.0,0.23,10.0,0.28,12.0,0.29,10.0,0.01,0.03,2344.934445,1776388615000
1776388617.999,117.999,0.74,10.0,0.73,10.62,0.75,80.0,0.76,30.0,0.25,81.56,0.24,30.0,0.27,10.62,0.28,12.0,0.01,0.02,2345.015426,1776388616000
1776388618.613,118.613,0.62,11.55,0.61,66.0,0.63,10.0,0.64,10.0,0.25,80.0,0.24,30.0,0.26,10.0,0.27,10.62,0.01,0.01,2345.229522,1776388617000
1776388619.814,119.814,0.62,15.0,0.61,65.0,0.65,13.32,0.66,10.0,0.37,7.0,0.36,10.0,0.38,11.45,0.39,71.0,0.03,0.01,2345.335706,1776388618000
1776388620.558,120.558,0.64,31.0,0.63,86.0,0.67,13.0,0.68,14.0,0.35,13.32,0.34,10.0,0.38,15.0,0.39,65.0,0.03,0.03,2345.335706,1776388618000
1776388623.147,123.147,0.67,10.0,0.66,22.57,0.68,36.0,0.69,20.0,0.33,13.0,0.32,14.0,0.36,31.0,0.37,86.0,0.01,0.03,2345.01622,1776388621000
1776388625.851,125.851,0.67,15.0,0.66,17.57,0.68,10.97,0.69,36.8,0.32,36.0,0.31,20.0,0.33,10.0,0.34,22.57,0.01,0.01,2345.119676,1776388624000
1776388631.192,131.192,0.68,15.0,0.67,15.0,0.69,21.35,0.7,22.1,0.32,10.97,0.31,36.8,0.33,15.0,0.34,17.57,0.01,0.01,2345.115461,1776388629000
1776388632.849,132.849,0.68,15.0,0.67,15.0,0.7,10.65,0.71,98.5,0.31,21.35,0.3,22.1,0.32,15.0,0.33,15.0,0.02,0.01,2345.11489,1776388631000
1776388633.606,133.606,0.76,38.0,0.75,22.0,0.78,80.76,0.79,26.0,0.3,10.65,0.29,98.5,0.32,15.0,0.33,15.0,0.02,0.02,2345.114434,1776388632000
1776388633.851,133.851,0.77,28.65,0.76,10.0,0.78,38.09,0.79,41.0,0.22,38.09,0.21,31.0,0.23,33.0,0.24,57.0,0.01,0.01,2345.114434,1776388632000
1776388634.083,134.083,0.75,17.0,0.74,15.0,0.78,85.09,0.79,111.0,0.22,38.09,0.21,41.0,0.23,28.65,0.24,10.0,0.03,0.01,2345.114434,1776388632000
1776388634.539,134.539,0.76,13.83,0.75,22.0,0.77,88.0,0.78,50.0,0.23,83.0,0.22,77.0,0.24,28.83,0.25,22.0,0.01,0.01,2345.107575,1776388633000
1776388635.52,135.52,0.76,8.83,0.75,22.0,0.77,62.0,0.78,50.0,0.23,88.0,0.22,50.0,0.24,13.83,0.25,22.0,0.01,0.01,2345.121088,1776388634000
1776388638.587,138.587,0.75,18.48,0.74,15.0,0.77,15.0,0.78,40.0,0.23,62.0,0.22,50.0,0.24,8.83,0.25,22.0,0.02,0.01,2345.32251,1776388637000
1776388640.758,140.758,0.8,85.58,0.79,23.0,0.81,17.0,0.82,54.4,0.23,15.0,0.22,40.0,0.25,18.48,0.26,15.0,0.01,0.02,2345.358895,1776388639000
1776388641.032,141.032,0.8,57.08,0.79,23.0,0.81,22.0,0.82,54.4,0.19,17.0,0.18,54.4,0.2,85.58,0.21,23.0,0.01,0.01,2345.348349,1776388640000
1776388641.491,141.491,0.8,27.58,0.79,23.0,0.81,24.0,0.82,54.4,0.19,22.0,0.18,54.4,0.2,57.08,0.21,23.0,0.01,0.01,2345.348349,1776388640000
1776388641.932,141.932,0.8,55.68,0.79,23.0,0.81,24.0,0.82,96.92,0.19,24.0,0.18,54.4,0.2,27.58,0.21,23.0,0.01,0.01,2345.348349,1776388640000
1776388642.541,142.541,0.71,10.0,0.7,21.0,0.72,70.98,0.73,114.0,0.19,24.0,0.18,96.92,0.2,55.68,0.21,23.0,0.01,0.01,2345.391183,1776388641000
1776388642.868,142.868,0.7,16.0,0.69,15.0,0.72,161.98,0.73,100.0,0.28,70.98,0.27,114.0,0.29,10.0,0.3,21.0,0.02,0.01,2345.391183,1776388641000
1776388643.137,143.137,0.7,3.03,0.69,21.0,0.72,120.98,0.73,112.0,0.28,152.98,0.27,100.0,0.3,16.0,0.31,15.0,0.02,0.02,2345.391183,1776388641000
1776388644.155,144.155,0.66,3.94,0.64,10.0,0.67,37.0,0.68,10.0,0.28,120.98,0.27,112.0,0.3,3.03,0.31,21.0,0.01,0.02,2345.441985,1776388642000
1776388645.023,145.023,0.66,13.84,0.65,10.0,0.67,17.0,0.68,5.0,0.33,67.0,0.32,15.0,0.34,3.84,0.35,10.0,0.01,0.01,2345.4075,1776388643000
1776388645.387,145.387,0.67,10.0,0.66,13.84,0.7,81.07,0.71,168.0,0.32,1.07,0.31,5.0,0.34,13.84,0.35,15.0,0.03,0.02,2345.27057,1776388644000
1776388645.974,145.974,0.68,4.0,0.67,15.0,0.69,5.0,0.7,113.07,0.3,81.07,0.29,168.0,0.33,10.0,0.34,13.84,0.01,0.03,2345.27057,1776388644000
1776388650.791,150.791,0.67,3.93,0.66,13.84,0.68,5.0,0.69,10.0,0.31,5.0,0.3,113.07,0.32,4.0,0.33,15.0,0.01,0.01,2344.998621,1776388649000
1776388652.495,152.495,0.69,10.0,0.68,15.0,0.7,106.64,0.71,150.0,0.32,5.0,0.31,10.0,0.33,3.93,0.34,13.84,0.01,0.01,2344.969314,1776388651000
1776388664.407,164.407,0.75,3.15,0.74,15.0,0.76,26.0,0.77,50.3,0.3,106.64,0.29,150.0,0.31,10.0,0.32,15.0,0.01,0.01,2345.09302,1776388662000
1776388665.759,165.759,0.67,21.0,0.66,180.31,0.68,50.0,0.7,15.0,0.24,26.0,0.23,50.3,0.25,3.15,0.26,15.0,0.01,0.01,2345.020942,1776388664000
1776388666.872,166.872,0.67,15.0,0.66,185.31,0.68,45.0,0.69,145.0,0.32,50.0,0.3,15.0,0.33,21.0,0.34,180.31,0.01,0.01,2345.053164,1776388665000
1776388669.202,169.202,0.67,15.0,0.66,235.31,0.68,70.29,0.69,145.0,0.32,45.0,0.31,145.0,0.33,15.0,0.34,185.31,0.01,0.01,2345.052635,1776388667000
1776388669.808,169.808,0.66,153.31,0.65,11.0,0.67,86.0,0.68,150.29,0.32,70.29,0.31,145.0,0.33,15.0,0.34,235.31,0.01,0.01,2345.04893,1776388668000
1776388672.096,172.096,0.66,47.96,0.65,21.0,0.67,8.53,0.68,30.29,0.33,86.0,0.32,150.29,0.34,153.31,0.35,11.0,0.01,0.01,2345.051924,1776388670000
1776388676.856,176.856,0.66,15.0,0.65,21.0,0.68,34.82,0.69,75.0,0.33,8.53,0.32,30.29,0.34,47.96,0.35,21.0,0.02,0.01,2345.018343,1776388675000
1776388677.292,177.292,0.64,10.0,0.63,15.0,0.66,10.0,0.67,126.0,0.32,34.82,0.31,75.0,0.34,15.0,0.35,21.0,0.02,0.02,2345.018343,1776388675000
1776388677.949,177.949,0.64,10.0,0.63,15.0,0.66,14.69,0.67,102.0,0.35,5.0,0.34,20.0,0.37,10.0,0.38,10.0,0.02,0.02,2345.013709,1776388677000
1776388680.973,180.973,0.64,5.0,0.63,10.0,0.66,14.31,0.67,32.0,0.34,14.69,0.33,102.0,0.36,10.0,0.37,15.0,0.02,0.02,2344.98221,1776388679000
1776388681.502,181.502,0.6,117.24,0.59,15.0,0.65,10.0,0.66,84.31,0.34,14.31,0.33,32.0,0.36,5.0,0.37,10.0,0.05,0.02,2344.978415,1776388680000
1776388681.732,181.732,0.62,11.0,0.61,10.0,0.63,7.92,0.64,85.0,0.35,10.0,0.34,84.31,0.4,117.24,0.41,15.0,0.01,0.05,2344.978415,1776388680000
1776388684.789,184.789,0.6,58.24,0.58,5.0,0.61,15.0,0.62,41.0,0.37,7.92,0.36,85.0,0.38,11.0,0.39,10.0,0.01,0.01,2344.971775,1776388683000
1776388685.371,185.371,0.6,41.76,0.57,5.0,0.61,58.0,0.62,56.0,0.39,39.0,0.38,41.0,0.4,46.76,0.42,5.0,0.01,0.01,2344.978457,1776388684000
1776388686.256,186.256,0.55,13.34,0.5,11.52,0.57,92.0,0.58,68.0,0.39,58.0,0.38,56.0,0.44,25.6,0.45,26.21,0.02,0.05,2344.963045,1776388685000
1776388686.601,186.601,0.49,9.36,0.45,12.0,0.5,121.0,0.51,247.66,0.5,85.0,0.49,247.66,0.51,14.46,0.53,11.0,0.01,0.01,2344.963045,1776388685000
1776388686.954,186.954,0.44,17.0,0.43,30.0,0.46,11.22,0.47,10.0,0.55,1.22,0.54,15.0,0.56,12.0,0.57,30.0,0.02,0.01,2344.963045,1776388685000
1776388687.346,187.346,0.45,10.0,0.44,27.0,0.49,7.22,0.5,116.0,0.54,11.22,0.53,10.0,0.56,17.0,0.57,30.0,0.04,0.02,2344.963045,1776388685000
1776388687.866,187.866,0.47,1.0,0.46,15.0,0.51,163.02,0.52,15.0,0.49,163.02,0.48,15.0,0.52,5.0,0.54,10.0,0.04,0.03,2344.740657,1776388686000
1776388688.629,188.629,0.45,57.21,0.44,10.0,0.46,22.0,0.47,148.0,0.49,163.02,0.48,15.0,0.53,1.0,0.54,15.0,0.01,0.04,2344.618955,1776388687000
1776388689.026,189.026,0.43,137.02,0.42,15.0,0.45,5.0,0.46,15.0,0.54,22.0,0.53,148.0,0.55,57.21,0.56,10.0,0.02,0.01,2344.618955,1776388687000
1776388689.51,189.51,0.44,5.0,0.43,127.02,0.45,10.32,0.46,15.0,0.55,2.77,0.54,15.0,0.57,137.02,0.58,15.0,0.01,0.02,2344.465287,1776388688000
1776388689.752,189.752,0.44,5.0,0.43,5.0,0.45,43.32,0.46,15.0,0.55,10.32,0.54,15.0,0.56,5.0,0.57,127.02,0.01,0.01,2344.465287,1776388688000
1776388691.044,191.044,0.41,38.0,0.4,85.0,0.45,5.0,0.47,11.0,0.55,79.32,0.54,85.0,0.57,1.53,0.58,5.0,0.04,0.02,2344.454001,1776388689000
1776388691.7,191.7,0.43,17.4,0.42,20.0,0.45,10.55,0.46,85.0,0.55,0.55,0.53,11.0,0.59,61.0,0.6,85.0,0.02,0.04,2344.326395,1776388690000
1776388692.168,192.168,0.4,15.0,0.39,26.52,0.42,10.0,0.43,10.0,0.55,10.55,0.54,85.0,0.57,17.4,0.58,20.0,0.02,0.02,2344.294541,1776388691000
1776388693.335,193.335,0.4,15.0,0.39,15.0,0.41,53.56,0.42,80.0,0.58,10.0,0.57,10.0,0.6,15.0,0.61,26.52,0.01,0.02,2344.27628,1776388692000
1776388696.388,196.388,0.4,9.68,0.39,15.0,0.43,10.0,0.44,10.0,0.59,17.96,0.58,80.0,0.6,9.68,0.61,15.0,0.03,0.01,2344.23343,1776388694000
1776388698.305,198.305,0.48,5.0,0.46,55.0,0.61,36.0,0.64,15.6,0.57,10.0,0.56,10.0,0.6,9.68,0.61,15.0,0.13,0.03,2344.24768,1776388697000
1776388698.765,198.765,0.56,75.61,0.55,70.0,0.61,34.36,0.62,6.0,0.39,36.0,0.38,6.0,0.44,68.61,0.49,70.0,0.05,0.05,2344.24768,1776388697000
1776388699.044,199.044,0.55,15.0,0.54,15.0,0.56,10.0,0.59,15.0,0.4,5.0,0.39,39.36,0.41,5.0,0.44,75.61,0.01,0.01,2344.24768,1776388697000
1776388699.349,199.349,0.53,5.0,0.52,15.0,0.56,20.0,0.57,85.0,0.44,10.0,0.43,85.0,0.48,5.0,0.49,21.0,0.03,0.04,2344.24768,1776388697000
1776388699.688,199.688,0.53,15.0,0.52,15.0,0.54,1.85,0.55,10.0,0.46,5.0,0.45,10.0,0.47,5.0,0.48,15.0,0.01,0.01,2344.265195,1776388698000
1776388700.942,200.942,0.53,20.59,0.52,25.0,0.55,10.0,0.56,10.0,0.46,1.85,0.45,10.0,0.47,15.0,0.48,15.0,0.02,0.01,2344.4255,1776388699000
1776388703.314,203.314,0.54,15.0,0.53,10.59,0.56,6.96,0.57,85.0,0.45,10.0,0.44,10.0,0.47,20.59,0.48,25.0,0.02,0.02,2344.489931,1776388702000
1776388703.714,203.714,0.55,0.64,0.54,25.0,0.56,6.96,0.57,96.0,0.44,6.96,0.43,85.0,0.46,15.0,0.47,10.59,0.01,0.02,2344.489931,1776388702000
1776388704.066,204.066,0.55,0.64,0.54,25.0,0.56,53.42,0.57,96.0,0.44,6.96,0.43,96.0,0.45,0.64,0.46,25.0,0.01,0.01,2344.489931,1776388702000
1776388704.488,204.488,0.54,23.45,0.53,15.59,0.56,15.0,0.57,96.0,0.44,53.42,0.43,96.0,0.45,0.64,0.46,25.0,0.02,0.01,2344.506036,1776388703000
1776388704.744,204.744,0.54,3.95,0.53,15.59,0.55,5.0,0.56,20.0,0.44,15.0,0.43,96.0,0.46,23.45,0.47,15.59,0.01,0.02,2344.506036,1776388703000
1776388705.169,205.169,0.53,14.58,0.52,31.0,0.55,5.0,0.56,15.0,0.45,5.0,0.44,20.0,0.46,1.36,0.47,15.59,0.02,0.01,2344.506036,1776388703000
1776388706.98,206.98,0.54,4.56,0.53,14.58,0.55,20.0,0.56,15.0,0.45,5.0,0.44,15.0,0.47,14.58,0.48,31.0,0.01,0.02,2344.528508,1776388705000
1776388708.872,208.872,0.53,7.87,0.52,61.0,0.54,28.8,0.55,15.0,0.45,20.0,0.44,15.0,0.46,4.56,0.47,14.58,0.01,0.01,2344.530104,1776388707000
1776388710.64,210.64,0.53,29.87,0.52,33.0,0.54,8.8,0.62,10.0,0.46,28.8,0.45,15.0,0.47,7.87,0.48,61.0,0.01,0.01,2344.531132,1776388709000
1776388711.252,211.252,0.62,12.18,0.58,5.0,0.63,5.0,0.64,57.73,0.36,57.73,0.35,5.0,0.38,56.2,0.47,29.87,0.01,0.02,2344.531707,1776388710000
1776388711.933,211.933,0.58,9.77,0.57,10.0,0.63,15.0,0.64,67.73,0.37,5.0,0.36,57.73,0.38,12.18,0.42,5.0,0.05,0.01,2344.531707,1776388710000
1776388712.62,212.62,0.59,3.5,0.58,14.77,0.61,15.0,0.62,10.0,0.37,15.0,0.36,67.73,0.42,9.77,0.43,10.0,0.02,0.05,2344.540776,1776388711000
1776388713.562,213.562,0.59,10.0,0.58,14.77,0.62,13.01,0.63,10.0,0.39,15.0,0.38,10.0,0.41,3.5,0.42,14.77,0.03,0.02,2344.606766,1776388712000
1776388717.379,217.379,0.56,5.0,0.55,15.0,0.57,5.0,0.59,10.0,0.38,13.01,0.37,10.0,0.4,7.5,0.41,10.0,0.01,0.02,2344.692019,1776388716000
1776388718.853,218.853,0.56,23.0,0.55,10.0,0.6,14.0,0.61,10.0,0.43,5.0,0.41,10.0,0.44,5.0,0.45,15.0,0.04,0.01,2344.692019,1776388716000
1776388722.45,222.45,0.66,50.0,0.62,10.0,0.68,12.55,0.69,9.0,0.4,14.0,0.39,10.0,0.44,23.0,0.45,10.0,0.02,0.04,2344.639839,1776388721000
1776388722.663,222.663,0.66,56.0,0.64,7.81,0.68,8.08,0.72,5.0,0.32,8.18,0.28,5.0,0.34,50.0,0.37,10.0,0.02,0.02,2344.639839,1776388721000
1776388723.304,223.304,0.71,70.0,0.7,73.92,0.72,25.0,0.76,55.0,0.28,5.0,0.24,55.0,0.3,61.92,0.32,70.0,0.01,0.02,2344.639839,1776388721000
1776388724.511,224.511,0.73,7.0,0.71,7.0,0.76,65.0,0.77,10.0,0.28,25.0,0.24,55.0,0.29,77.0,0.3,80.92,0.03,0.01,2344.71607,1776388723000
1776388724.808,224.808,0.7,67.92,0.69,10.0,0.74,30.0,0.75,15.0,0.24,65.0,0.23,10.0,0.27,7.0,0.29,7.0,0.04,0.03,2344.71607,1776388723000
1776388726.429,226.429,0.58,14.8,0.57,14.7,0.66,8.08,0.71,65.0,0.29,15.0,0.28,10.0,0.3,61.92,0.31,10.0,0.08,0.01,2344.90342,1776388725000
1776388726.782,226.782,0.52,14.4,0.51,64.4,0.53,9.31,0.54,10.0,0.34,8.08,0.29,65.0,0.42,14.8,0.43,14.7,0.01,0.08,2344.90342,1776388725000
1776388727.154,227.154,0.52,14.4,0.51,81.4,0.54,10.0,0.55,15.0,0.47,9.31,0.46,10.0,0.48,14.4,0.49,64.4,0.02,0.01,2344.90342,1776388725000
1776388727.427,227.427,0.52,19.4,0.51,86.4,0.54,1.29,0.55,15.0,0.46,10.0,0.45,15.0,0.48,14.4,0.49,81.4,0.02,0.02,2344.859174,1776388726000
1776388728.436,228.436,0.52,53.4,0.51,85.92,0.63,23.49,0.64,10.0,0.47,6.83,0.46,1.29,0.48,43.4,0.49,79.4,0.11,0.01,2344.859174,1776388726000
1776388728.654,228.654,0.57,10.0,0.56,10.0,0.59,15.0,0.6,10.0,0.37,23.49,0.36,10.0,0.48,53.4,0.49,85.92,0.02,0.11,2344.702853,1776388727000
1776388728.949,228.949,0.56,10.0,0.55,10.0,0.58,5.0,0.61,10.0,0.42,15.0,0.41,10.0,0.43,4.0,0.44,10.0,0.02,0.01,2344.702853,1776388727000
1776388729.289,229.289,0.56,17.0,0.55,15.0,0.57,5.0,0.62,10.0,0.42,5.0,0.39,10.0,0.44,10.0,0.45,10.0,0.01,0.02,2344.672033,1776388728000
1776388734.867,234.867,0.54,10.0,0.53,10.0,0.58,44.0,0.59,15.0,0.43,5.0,0.38,10.0,0.44,17.0,0.45,15.0,0.04,0.01,2344.64268,1776388733000
1776388736.59,236.59,0.56,5.0,0.55,10.0,0.57,20.0,0.58,30.0,0.42,44.0,0.41,15.0,0.46,10.0,0.47,10.0,0.01,0.04,2344.570997,1776388735000
1776388737.637,237.637,0.55,11.44,0.54,10.0,0.57,25.0,0.58,30.0,0.43,20.0,0.42,30.0,0.45,10.0,0.46,15.0,0.02,0.02,2344.570997,1776388735000
1776388738.789,238.789,0.55,15.0,0.54,10.0,0.57,5.0,0.58,15.0,0.43,25.0,0.42,30.0,0.45,11.44,0.46,10.0,0.02,0.02,2344.568935,1776388737000
1776388739.141,239.141,0.57,15.0,0.56,10.0,0.59,15.0,0.6,20.0,0.42,15.0,0.41,15.0,0.44,10.0,0.45,15.0,0.02,0.02,2344.56862,1776388738000
1776388740.85,240.85,0.58,17.0,0.57,15.0,0.6,20.0,0.61,15.0,0.41,15.0,0.4,20.0,0.43,15.0,0.44,10.0,0.02,0.02,2344.60009,1776388739000
1776388741.352,241.352,0.63,63.2,0.62,227.0,0.71,5.0,0.73,5.0,0.4,15.0,0.39,15.0,0.42,17.0,0.43,15.0,0.08,0.02,2344.601085,1776388740000
1776388741.959,241.959,0.7,67.0,0.69,16.0,0.71,5.0,0.76,55.0,0.29,5.0,0.27,5.0,0.37,63.2,0.38,227.0,0.01,0.08,2344.601085,1776388740000
1776388742.197,242.197,0.7,77.0,0.69,86.0,0.76,50.0,0.78,5.0,0.29,5.0,0.24,55.0,0.3,67.0,0.31,16.0,0.06,0.01,2344.601085,1776388740000
1776388742.576,242.576,0.75,20.32,0.74,17.0,0.76,46.09,0.78,5.0,0.24,46.09,0.22,5.0,0.25,2.32,0.26,16.75,0.01,0.01,2344.62268,1776388741000
1776388743.2,243.2,0.71,10.0,0.7,53.28,0.72,7.22,0.73,10.0,0.24,34.24,0.22,5.0,0.25,20.32,0.26,17.0,0.01,0.01,2344.62268,1776388741000
1776388743.406,243.406,0.71,10.0,0.7,53.28,0.72,2.22,0.73,5.0,0.28,7.22,0.27,10.0,0.29,10.0,0.3,53.28,0.01,0.01,2344.62268,1776388741000
1776388743.929,243.929,0.73,17.0,0.72,17.0,0.79,3.79,0.8,18.0,0.28,2.22,0.27,5.0,0.29,10.0,0.3,53.28,0.06,0.01,2344.62268,1776388741000
1776388744.229,244.229,0.77,13.17,0.76,17.0,0.79,5.0,0.8,23.0,0.21,3.79,0.2,18.0,0.27,17.0,0.28,17.0,0.02,0.06,2344.62268,1776388741000
1776388744.545,244.545,0.77,8.17,0.76,17.0,0.79,100.0,0.8,18.0,0.21,30.0,0.2,23.0,0.23,13.17,0.24,17.0,0.02,0.02,2344.749565,1776388743000
1776388745.832,245.832,0.74,4.63,0.73,15.0,0.75,5.0,0.76,10.0,0.21,100.0,0.2,18.0,0.23,8.17,0.24,17.0,0.01,0.02,2344.86563,1776388744000
1776388746.687,246.687,0.74,9.63,0.73,15.0,0.75,3.66,0.78,10.0,0.25,5.0,0.24,10.0,0.26,4.63,0.27,15.0,0.01,0.01,2344.8665,1776388745000
1776388746.894,246.894,0.74,26.63,0.73,15.0,0.78,0.69,0.79,10.0,0.25,3.66,0.22,10.0,0.26,9.63,0.27,15.0,0.04,0.01,2344.8665,1776388745000
1776388747.358,247.358,0.77,10.0,0.76,20.0,0.79,6.3,0.8,55.0,0.22,0.69,0.21,10.0,0.26,26.63,0.27,15.0,0.02,0.04,2344.8665,1776388745000
1776388749.153,249.153,0.75,10.0,0.74,4.63,0.8,10.0,0.81,10.0,0.21,6.3,0.2,55.0,0.23,10.0,0.24,20.0,0.05,0.02,2344.90661,1776388748000
1776388749.417,249.417,0.7,14.28,0.67,36.02,0.72,15.0,0.73,21.0,0.2,10.0,0.19,10.0,0.25,10.0,0.26,4.63,0.02,0.05,2344.90661,1776388748000
1776388750.262,250.262,0.67,30.23,0.6,5.0,0.68,34.0,0.69,40.0,0.32,15.0,0.31,20.0,0.33,34.23,0.38,5.0,0.01,0.01,2344.90661,1776388748000
1776388750.609,250.609,0.6,15.0,0.59,15.0,0.62,2.92,0.63,10.0,0.38,8.62,0.37,10.0,0.4,5.0,0.41,15.0,0.02,0.02,2344.903181,1776388749000
1776388750.949,250.949,0.57,26.52,0.56,81.0,0.61,30.72,0.62,2.92,0.38,2.92,0.37,10.0,0.39,7.28,0.4,15.0,0.04,0.01,2344.903181,1776388749000
1776388751.184,251.184,0.57,32.0,0.56,65.0,0.58,1.79,0.59,10.0,0.39,30.72,0.38,2.92,0.43,26.52,0.44,81.0,0.01,0.04,2344.786475,1776388750000
1776388751.448,251.448,0.57,20.95,0.56,65.0,0.6,10.0,0.61,10.0,0.42,1.79,0.41,10.0,0.43,27.95,0.44,65.0,0.03,0.01,2344.786475,1776388750000
1776388751.834,251.834,0.58,17.0,0.57,20.95,0.59,6.61,0.6,10.0,0.4,10.0,0.39,10.0,0.43,20.95,0.44,65.0,0.01,0.03,2344.786475,1776388750000
1776388752.445,252.445,0.48,14.4,0.47,14.5,0.57,15.0,0.58,10.0,0.41,6.61,0.4,10.0,0.42,17.0,0.43,20.95,0.09,0.01,2344.786475,1776388750000
1776388752.75,252.75,0.47,4.36,0.46,15.0,0.5,21.0,0.51,32.0,0.49,20.0,0.48,25.0,0.51,5.52,0.52,10.0,0.03,0.02,2344.708875,1776388751000
1776388753.66,253.66,0.32,110.0,0.31,140.0,0.47,141.0,0.48,15.0,0.5,21.0,0.49,32.0,0.53,4.36,0.54,15.0,0.15,0.03,2344.622554,1776388752000
1776388754.094,254.094,0.35,10.0,0.34,21.52,0.37,11.82,0.38,10.0,0.58,6.0,0.54,65.0,0.68,103.72,0.69,150.0,0.02,0.1,2344.622554,1776388752000
1776388754.808,254.808,0.39,30.72,0.38,10.0,0.41,80.0,0.42,16.0,0.63,7.29,0.59,50.0,0.64,10.0,0.65,10.0,0.02,0.01,2344.622554,1776388752000
1776388755.573,255.573,0.39,36.52,0.32,70.0,0.41,189.29,0.42,27.0,0.59,80.0,0.58,16.0,0.61,30.72,0.62,10.0,0.02,0.02,2344.319064,1776388754000
1776388755.836,255.836,0.32,70.0,0.31,80.0,0.33,21.0,0.34,25.0,0.64,33.48,0.6,15.0,0.68,75.0,0.69,80.0,0.01,0.04,2344.319064,1776388754000
1776388756.734,256.734,0.32,73.52,0.31,85.0,0.33,65.0,0.34,15.0,0.67,21.0,0.66,25.0,0.68,70.0,0.69,80.0,0.01,0.01,2344.17163,1776388755000
1776388757.367,257.367,0.32,71.49,0.31,85.0,0.33,55.0,0.34,15.0,0.67,65.0,0.66,15.0,0.68,73.52,0.69,85.0,0.01,0.01,2344.15533,1776388756000
1776388757.648,257.648,0.32,17.97,0.31,15.0,0.33,91.2,0.34,15.0,0.67,55.0,0.66,15.0,0.68,71.49,0.69,85.0,0.01,0.01,2344.15533,1776388756000
1776388757.869,257.869,0.32,6.59,0.31,15.0,0.33,72.0,0.34,15.0,0.67,91.2,0.66,15.0,0.68,10.97,0.69,15.0,0.01,0.01,2344.15533,1776388756000
1776388758.492,258.492,0.32,15.0,0.31,44.0,0.33,81.0,0.34,15.0,0.67,72.0,0.66,15.0,0.68,6.59,0.69,15.0,0.01,0.01,2344.063255,1776388757000
1776388758.985,258.985,0.32,15.0,0.31,15.0,0.33,71.25,0.34,15.0,0.67,81.0,0.66,15.0,0.68,15.0,0.69,44.0,0.01,0.01,2344.063255,1776388757000
1776388760.284,260.284,0.32,33.0,0.31,15.0,0.36,33.48,0.4,8.0,0.67,71.25,0.66,15.0,0.68,15.0,0.69,15.0,0.04,0.01,2344.0421,1776388759000
1776388760.597,260.597,0.39,30.0,0.38,195.52,0.4,9.0,0.41,50.0,0.6,3.0,0.59,50.0,0.61,70.0,0.62,40.52,0.01,0.01,2344.0421,1776388759000
1776388760.987,260.987,0.38,43.32,0.37,10.0,0.39,10.0,0.4,45.0,0.6,9.0,0.58,5.0,0.61,29.34,0.62,195.52,0.01,0.01,2344.0421,1776388759000
1776388761.474,261.474,0.38,21.09,0.37,5.0,0.39,106.0,0.4,38.0,0.61,15.0,0.6,45.0,0.62,41.09,0.63,10.0,0.01,0.01,2344.033056,1776388760000
1776388764.693,264.693,0.31,60.0,0.3,10.0,0.32,55.0,0.38,167.0,0.61,106.0,0.6,38.0,0.63,5.0,0.64,10.0,0.01,0.02,2344.057045,1776388763000
1776388765.769,265.769,0.23,65.0,0.22,15.0,0.28,106.29,0.29,24.0,0.68,55.0,0.62,167.0,0.69,60.0,0.7,10.0,0.05,0.01,2344.0791,1776388764000
1776388766.047,266.047,0.23,63.05,0.22,15.0,0.25,10.0,0.26,10.0,0.72,106.29,0.71,24.0,0.77,65.0,0.78,15.0,0.02,0.05,2344.0791,1776388764000
1776388766.425,266.425,0.23,55.48,0.22,15.0,0.25,52.2,0.26,10.0,0.75,14.2,0.74,10.0,0.77,63.05,0.78,15.0,0.02,0.02,2344.07532,1776388765000
1776388766.85,266.85,0.2,29.9,0.19,15.0,0.21,15.0,0.22,15.0,0.75,52.2,0.74,10.0,0.77,55.48,0.78,15.0,0.01,0.02,2344.07532,1776388765000
1776388767.088,267.088,0.2,33.65,0.19,15.0,0.21,13.0,0.22,15.0,0.79,18.0,0.78,15.0,0.8,33.65,0.81,15.0,0.01,0.01,2344.07532,1776388765000
1776388767.484,267.484,0.2,32.4,0.19,15.0,0.21,13.0,0.22,5.0,0.79,13.0,0.78,15.0,0.8,33.65,0.81,15.0,0.01,0.01,2344.039495,1776388766000
1776388767.96,267.96,0.27,65.0,0.26,81.0,0.29,97.0,0.3,53.0,0.71,10.0,0.7,40.0,0.72,45.0,0.74,11.0,0.02,0.01,2344.039495,1776388766000
1776388768.404,268.404,0.28,2.0,0.27,72.26,0.29,36.0,0.3,14.0,0.71,97.0,0.7,53.0,0.73,62.26,0.74,81.0,0.01,0.02,2343.995755,1776388767000
1776388768.619,268.619,0.29,5.0,0.28,10.0,0.3,14.0,0.31,28.0,0.71,3.0,0.7,14.0,0.72,10.0,0.73,67.57,0.01,0.01,2343.995755,1776388767000
1776388770.754,270.754,0.27,5.74,0.26,21.0,0.29,10.0,0.3,18.0,0.7,10.66,0.69,28.0,0.71,5.0,0.72,10.0,0.02,0.01,2343.986635,1776388769000
1776388771.318,271.318,0.23,10.0,0.22,10.0,0.27,17.0,0.28,80.0,0.71,10.0,0.7,18.0,0.73,5.74,0.74,21.0,0.04,0.02,2343.986635,1776388769000
1776388772.572,272.572,0.22,4.8,0.21,15.0,0.24,10.0,0.25,10.0,0.75,10.0,0.74,10.0,0.78,10.0,0.79,15.0,0.02,0.03,2343.9618,1776388771000
1776388774.706,274.706,0.21,1.91,0.2,17.4,0.22,10.0,0.23,17.0,0.76,10.0,0.75,10.0,0.78,4.8,0.79,15.0,0.01,0.02,2343.922955,1776388773000
1776388774.949,274.949,0.16,73.59,0.15,80.0,0.18,10.0,0.19,10.0,0.78,1.2,0.77,28.0,0.84,65.59,0.85,80.0,0.02,0.06,2343.922955,1776388773000
1776388775.746,275.746,0.16,67.19,0.15,80.0,0.19,8.94,0.2,54.05,0.82,10.0,0.81,10.0,0.84,67.19,0.85,80.0,0.03,0.02,2343.9203,1776388774000
1776388776.515,276.515,0.19,53.0,0.18,10.0,0.2,39.05,0.23,10.0,0.83,7.29,0.82,10.0,0.84,43.81,0.85,80.0,0.01,0.01,2343.926853,1776388775000
1776388776.834,276.834,0.23,20.0,0.22,10.0,0.24,22.35,0.25,35.08,0.75,35.08,0.74,80.0,0.79,39.0,0.8,10.0,0.01,0.04,2343.926853,1776388775000
1776388777.218,277.218,0.22,16.63,0.21,10.0,0.24,22.35,0.25,35.08,0.76,22.35,0.75,35.08,0.77,11.2,0.78,17.0,0.02,0.01,2343.908425,1776388776000
1776388777.436,277.436,0.22,10.63,0.21,10.0,0.23,10.0,0.24,25.85,0.76,15.85,0.75,35.08,0.78,16.63,0.79,10.0,0.01,0.02,2343.908425,1776388776000
1776388778.397,278.397,0.2,12.61,0.19,48.0,0.22,32.31,0.23,10.0,0.78,22.31,0.77,10.0,0.79,7.21,0.8,18.0,0.02,0.01,2343.903875,1776388777000
1776388779.424,279.424,0.21,38.0,0.2,87.42,0.22,2.31,0.24,15.85,0.79,10.0,0.78,32.31,0.8,7.42,0.81,48.0,0.01,0.01,2343.949325,1776388778000
1776388780.026,280.026,0.22,5.7,0.21,10.0,0.23,10.0,0.24,10.0,0.76,15.85,0.74,10.0,0.8,47.58,0.81,18.0,0.01,0.04,2343.949325,1776388778000
1776388780.636,280.636,0.2,54.45,0.19,18.0,0.22,10.0,0.23,10.0,0.77,10.0,0.76,10.0,0.79,4.0,0.8,57.58,0.02,0.02,2343.949325,1776388779000
1776388781.874,281.874,0.2,40.14,0.19,18.0,0.21,10.0,0.22,10.0,0.78,10.0,0.77,10.0,0.8,54.45,0.81,18.0,0.01,0.02,2343.95309,1776388780000
1776388782.134,282.134,0.2,33.89,0.19,18.0,0.21,10.0,0.22,10.0,0.79,10.0,0.78,10.0,0.8,40.14,0.81,18.0,0.01,0.01,2343.95309,1776388780000
1776388783.231,283.231,0.21,50.0,0.2,30.0,0.23,10.0,0.24,10.0,0.79,10.0,0.78,10.0,0.8,33.89,0.81,18.0,0.02,0.01,2343.99198,1776388781000
1776388783.477,283.477,0.14,10.0,0.13,10.0,0.16,1.0,0.17,10.0,0.74,27.92,0.73,20.0,0.85,30.0,0.86,10.0,0.02,0.11,2343.99198,1776388781000
1776388783.777,283.777,0.12,50.09,0.11,10.0,0.14,2.0,0.15,35.0,0.84,1.0,0.83,10.0,0.88,60.09,0.89,10.0,0.02,0.04,2343.959535,1776388782000
1776388784.149,284.149,0.12,58.51,0.11,10.0,0.16,1.92,0.17,10.0,0.86,15.0,0.85,21.85,0.88,58.51,0.89,10.0,0.04,0.02,2343.959535,1776388782000
1776388784.539,284.539,0.12,52.03,0.11,15.0,0.14,10.0,0.15,10.0,0.84,1.92,0.83,10.0,0.88,58.51,0.89,10.0,0.02,0.04,2343.959495,1776388783000
1776388785.135,285.135,0.12,52.03,0.11,10.0,0.21,83.6,0.22,10.0,0.86,10.0,0.85,10.0,0.88,52.03,0.89,15.0,0.09,0.02,2343.959495,1776388783000
1776388785.784,285.784,0.16,5.0,0.15,10.0,0.17,69.0,0.18,21.0,0.79,83.6,0.78,10.0,0.88,52.03,0.89,10.0,0.01,0.09,2344.004937,1776388784000
1776388786.283,286.283,0.15,7.88,0.14,10.0,0.17,69.0,0.18,21.0,0.83,69.0,0.82,21.0,0.84,5.0,0.85,10.0,0.02,0.01,2344.004937,1776388784000
1776388788.016,288.016,0.12,21.37,0.11,60.0,0.15,10.0,0.16,10.0,0.83,69.0,0.82,21.0,0.85,7.88,0.86,10.0,0.03,0.02,2343.931365,1776388786000
1776388789.055,289.055,0.12,15.69,0.11,10.0,0.13,17.0,0.14,24.0,0.86,10.0,0.85,111.0,0.87,4.25,0.88,21.37,0.01,0.01,2343.92699,1776388787000
1776388789.845,289.845,0.11,10.0,0.1,70.0,0.13,17.0,0.14,30.0,0.87,17.0,0.86,24.0,0.88,15.69,0.89,10.0,0.02,0.01,2343.931115,1776388788000
1776388790.4,290.4,0.1,58.0,0.09,21.0,0.13,25.0,0.14,30.0,0.87,17.0,0.86,30.0,0.89,10.0,0.9,70.0,0.03,0.02,2343.928705,1776388789000
1776388790.612,290.612,0.1,53.0,0.09,21.0,0.12,19.0,0.13,31.0,0.87,25.0,0.86,30.0,0.9,58.0,0.91,21.0,0.02,0.03,2343.928705,1776388789000
1776388791.343,291.343,0.1,46.82,0.09,21.0,0.11,10.0,0.12,34.0,0.88,19.0,0.87,31.0,0.9,51.88,0.91,21.0,0.01,0.02,2343.928705,1776388789000
1776388791.627,291.627,0.1,27.41,0.09,21.0,0.11,25.0,0.12,34.0,0.89,10.0,0.88,34.0,0.9,42.96,0.91,21.0,0.01,0.01,2343.92933,1776388790000
1776388792.081,292.081,0.1,0.41,0.09,11.0,0.11,44.0,0.12,34.0,0.89,25.0,0.88,34.0,0.9,27.41,0.91,21.0,0.01,0.01,2343.92938,1776388791000
1776388792.338,292.338,0.07,8.92,0.06,25.4,0.09,90.0,0.1,47.0,0.89,44.0,0.88,34.0,0.94,25.4,0.95,35.0,0.02,0.05,2343.92938,1776388791000
1776388793.686,293.686,0.06,23.27,0.05,35.0,0.08,10.0,0.09,111.0,0.91,90.0,0.9,47.0,0.93,8.92,0.94,25.4,0.02,0.02,2343.92935,1776388792000
1776388794.064,294.064,0.06,12.63,0.05,35.0,0.08,48.0,0.09,111.0,0.92,10.0,0.91,111.0,0.94,23.27,0.95,35.0,0.02,0.02,2343.92935,1776388792000
1776388794.455,294.455,0.06,10.65,0.05,35.0,0.07,10.0,0.08,48.0,0.92,48.0,0.91,111.0,0.94,12.63,0.95,35.0,0.01,0.02,2343.872555,1776388793000
1776388794.735,294.735,0.05,6.15,0.04,40.0,0.07,15.0,0.08,32.0,0.93,10.0,0.92,32.0,0.94,7.71,0.95,35.0,0.02,0.01,2343.872555,1776388793000
1776388795.08,295.08,0.03,94.07,0.02,180.0,0.06,10.0,0.07,16.58,0.93,10.58,0.92,51.0,0.97,109.95,0.98,180.0,0.03,0.04,2343.872555,1776388793000
1776388795.386,295.386,0.04,8.95,0.03,94.07,0.06,15.0,0.07,41.58,0.94,10.0,0.93,16.58,0.97,94.07,0.98,180.0,0.02,0.03,2343.847275,1776388794000
1776388795.621,295.621,0.03,67.2,0.02,180.0,0.05,10.0,0.06,15.0,0.94,15.0,0.93,41.58,0.96,8.95,0.97,94.07,0.02,0.02,2343.847275,1776388794000
1776388796.241,296.241,0.03,53.0,0.02,168.0,0.05,23.0,0.06,47.0,0.95,10.0,0.94,29.0,0.97,66.16,0.98,180.0,0.02,0.02,2343.84908,1776388795000
1776388796.526,296.526,0.02,163.0,0.01,1213.4,0.05,32.0,0.06,47.0,0.95,23.0,0.94,47.0,0.97,53.0,0.98,168.0,0.03,0.02,2343.84908,1776388795000
1776388796.74,296.74,0.02,147.84,0.01,1213.4,0.03,10.0,0.04,17.0,0.95,32.0,0.94,47.0,0.98,163.0,0.99,1213.4,0.01,0.03,2343.84908,1776388795000
1776388797.039,297.039,0.02,95.81,0.01,1213.4,0.03,6.91,0.04,10.0,0.97,10.0,0.96,10.0,0.98,95.81,0.99,1213.4,0.01,0.01,2343.84908,1776388795000
1776388797.336,297.336,0.02,63.35,0.01,1213.4,0.03,6.91,0.04,10.0,0.97,6.91,0.96,10.0,0.98,73.56,0.99,1213.4,0.01,0.01,2343.84908,1776388795000
1776388797.537,297.537,0.01,155.88,,,0.03,16.91,0.04,10.0,0.97,16.91,0.96,10.0,0.99,162.75,,,0.02,0.02,2343.84908,1776388795000
1776388798.159,298.159,,,,,0.01,426.79,0.03,16.91,0.99,223.99,0.97,16.91,,,,,,,2343.902485,1776388796000
1776388798.471,298.471,,,,,0.01,908.78,0.03,16.91,0.99,409.54,0.97,16.91,,,,,,,2343.89633,1776388797000
1776388799.102,299.102,,,,,0.01,768.61,0.02,18.0,0.99,908.78,0.97,16.91,,,,,,,2343.92592,1776388798000
1776388799.717,299.717,,,,,0.01,13881.36,0.02,18.0,0.99,12671.5,0.98,18.0,,,,,,,2343.92592,1776388798000
1776388800.734,300.734,,,,,0.01,49788.18,0.02,18.0,0.99,14031.36,0.98,18.0,,,,,,,2343.93091,1776388799000

# RESULT,winner=Down,slug=eth-updown-5m-1776388500,ticks=265
