timestamp,elapsed_sec,up_bid_p1,up_bid_s1,up_bid_p2,up_bid_s2,up_ask_p1,up_ask_s1,up_ask_p2,up_ask_s2,down_bid_p1,down_bid_s1,down_bid_p2,down_bid_s2,down_ask_p1,down_ask_s1,down_ask_p2,down_ask_s2,up_spread,down_spread,eth_price,eth_oracle_ts
1776396600.932,0.932,0.52,116.88,0.5,5.0,0.53,5.0,0.56,70.0,0.47,5.0,0.46,150.0,0.48,123.7,0.5,5.0,0.01,0.01,2328.746554,1776396599000
1776396602.286,2.286,0.52,116.88,0.5,5.0,0.53,5.0,0.56,70.0,0.47,5.0,0.44,70.0,0.48,116.88,0.5,5.0,0.01,0.01,2329.067882,1776396601000
1776396602.525,2.525,0.5,26.0,0.49,17.0,0.53,9.0,0.54,5.0,0.47,5.0,0.44,70.0,0.48,116.88,0.5,5.0,0.03,0.01,2329.067882,1776396601000
1776396603.113,3.113,0.5,26.0,0.49,17.0,0.53,9.0,0.54,5.0,0.47,9.0,0.46,5.0,0.5,26.0,0.51,17.0,0.03,0.03,2329.052635,1776396602000
1776396603.82,3.82,0.51,7.0,0.5,26.0,0.52,18.76,0.53,15.0,0.47,9.0,0.46,5.0,0.5,26.0,0.51,17.0,0.01,0.03,2329.052635,1776396602000
1776396604.345,4.345,0.51,7.0,0.5,26.0,0.52,18.76,0.53,15.0,0.48,18.76,0.47,15.0,0.49,7.0,0.5,26.0,0.01,0.01,2329.051241,1776396603000
1776396604.57,4.57,0.51,8.87,0.5,26.0,0.52,18.76,0.53,15.0,0.48,18.76,0.47,15.0,0.49,7.0,0.5,26.0,0.01,0.01,2329.051241,1776396603000
1776396605.974,5.974,0.51,0.68,0.5,26.0,0.52,13.76,0.53,15.0,0.48,13.76,0.47,15.0,0.49,0.68,0.5,26.0,0.01,0.01,2329.053311,1776396604000
1776396606.228,6.228,0.51,20.98,0.5,31.0,0.52,8.76,0.53,10.0,0.48,13.76,0.47,15.0,0.49,0.68,0.5,26.0,0.01,0.01,2329.053311,1776396604000
1776396606.551,6.551,0.51,23.53,0.5,26.0,0.52,10.0,0.53,14.16,0.47,14.16,0.46,15.0,0.49,20.98,0.5,31.0,0.01,0.02,2329.053311,1776396604000
1776396607.39,7.39,0.51,23.53,0.5,26.0,0.52,10.0,0.53,14.16,0.48,10.0,0.47,14.16,0.49,23.53,0.5,26.0,0.01,0.01,2328.994734,1776396606000
1776396607.595,7.595,0.55,5.0,0.54,20.0,0.56,5.0,0.57,19.3,0.44,10.0,0.43,19.3,0.46,15.0,0.47,20.0,0.01,0.02,2328.994734,1776396606000
1776396608.064,8.064,0.55,5.0,0.54,20.0,0.56,5.0,0.57,19.3,0.44,5.0,0.43,19.3,0.45,5.0,0.46,20.0,0.01,0.01,2328.99311,1776396607000
1776396609.756,9.756,0.55,5.0,0.54,20.0,0.56,5.0,0.57,19.3,0.44,5.0,0.43,19.3,0.45,5.0,0.46,20.0,0.01,0.01,2329.071175,1776396608000
1776396610.44,10.44,0.55,5.0,0.54,20.0,0.56,5.0,0.57,19.3,0.44,5.0,0.43,19.3,0.45,5.0,0.46,20.0,0.01,0.01,2329.148925,1776396609000
1776396611.095,11.095,0.55,72.5,0.54,33.0,0.58,5.82,0.59,15.0,0.44,5.0,0.43,19.3,0.45,5.0,0.46,20.0,0.03,0.01,2329.148925,1776396609000
1776396611.845,11.845,0.56,18.22,0.55,111.5,0.57,10.0,0.58,16.32,0.42,5.82,0.41,15.0,0.45,72.5,0.46,33.0,0.01,0.03,2329.139005,1776396610000
1776396612.533,12.533,0.59,90.5,0.58,20.0,0.6,1.66,0.62,28.0,0.43,10.0,0.42,16.32,0.44,18.22,0.45,111.5,0.01,0.01,2329.139005,1776396610000
1776396613.267,13.267,0.59,99.5,0.58,30.0,0.61,8.35,0.62,38.5,0.4,1.66,0.38,28.0,0.41,90.5,0.42,20.0,0.02,0.01,2329.16713,1776396611000
1776396614.111,14.111,0.58,17.48,0.57,25.5,0.61,13.35,0.62,38.5,0.39,8.35,0.38,38.5,0.4,20.5,0.41,94.5,0.03,0.01,2329.167885,1776396612000
1776396614.809,14.809,0.5,5.0,0.49,10.5,0.51,92.7,0.52,147.5,0.39,13.35,0.38,38.5,0.42,17.48,0.43,25.5,0.01,0.03,2329.17275,1776396613000
1776396615.54,15.54,0.47,17.66,0.46,12.0,0.51,119.5,0.52,147.5,0.49,92.7,0.48,147.5,0.5,5.0,0.51,10.5,0.04,0.01,2329.17275,1776396613000
1776396616.366,16.366,0.46,61.5,0.45,42.0,0.47,17.44,0.48,40.0,0.49,119.5,0.48,147.5,0.53,17.66,0.54,12.0,0.01,0.04,2329.33208,1776396615000
1776396618.099,18.099,0.43,35.5,0.42,89.0,0.44,50.0,0.45,100.5,0.53,17.44,0.52,40.0,0.54,66.5,0.55,42.0,0.01,0.01,2328.908889,1776396616000
1776396618.43,18.43,0.43,35.5,0.42,89.0,0.44,45.93,0.45,105.5,0.56,50.0,0.55,100.5,0.57,35.5,0.58,89.0,0.01,0.01,2328.908889,1776396616000
1776396619.595,19.595,0.43,30.74,0.42,53.0,0.44,40.93,0.45,100.5,0.56,45.93,0.55,105.5,0.57,35.5,0.58,89.0,0.01,0.01,2328.842113,1776396618000
1776396620.185,20.185,0.43,22.0,0.42,63.5,0.44,5.93,0.45,100.5,0.56,40.93,0.55,100.5,0.57,30.74,0.58,53.0,0.01,0.01,2328.842113,1776396618000
1776396622.759,22.759,0.43,3.24,0.42,10.0,0.44,61.5,0.45,137.5,0.56,5.93,0.55,100.5,0.57,22.0,0.58,63.5,0.01,0.01,2328.700807,1776396620000
1776396623.681,23.681,0.41,10.0,0.4,15.0,0.42,51.35,0.43,25.5,0.56,61.5,0.55,137.5,0.57,3.24,0.58,10.0,0.01,0.01,2328.698724,1776396622000
1776396626.858,26.858,0.35,20.92,0.34,57.0,0.36,20.5,0.37,38.43,0.58,51.35,0.57,25.5,0.59,10.0,0.6,15.0,0.01,0.01,2328.635482,1776396625000
1776396627.415,27.415,0.35,19.42,0.34,121.6,0.36,72.5,0.37,50.5,0.64,20.5,0.63,38.43,0.65,20.92,0.66,57.0,0.01,0.01,2328.643586,1776396626000
1776396630.866,30.866,0.35,26.42,0.34,85.6,0.36,27.13,0.37,59.5,0.64,72.5,0.63,50.5,0.65,19.42,0.66,121.6,0.01,0.01,2328.289687,1776396629000
1776396631.195,31.195,0.35,451.92,0.34,53.1,0.49,145.0,0.51,214.01,0.64,27.13,0.63,59.5,0.65,26.42,0.66,85.6,0.14,0.01,2328.289687,1776396629000
1776396631.54,31.54,0.47,9.9,0.46,25.5,0.48,27.5,0.49,138.75,0.52,15.4,0.51,138.75,0.53,15.0,0.54,25.5,0.01,0.01,2328.289687,1776396629000
1776396634.512,34.512,0.48,50.5,0.47,76.4,0.49,118.34,0.51,169.0,0.52,22.5,0.51,138.75,0.53,9.9,0.54,25.5,0.01,0.01,2328.738,1776396633000
1776396638.508,38.508,0.5,46.5,0.49,30.1,0.51,165.15,0.52,85.5,0.49,160.12,0.48,70.0,0.5,40.1,0.51,25.5,0.01,0.01,2328.825145,1776396637000
1776396639.99,39.99,0.5,178.96,0.49,20.5,0.54,51.0,0.55,15.0,0.49,165.15,0.48,85.5,0.5,46.5,0.51,30.1,0.04,0.01,2328.80325,1776396638000
1776396640.48,40.48,0.53,50.0,0.52,65.5,0.54,19.29,0.55,15.0,0.46,51.0,0.45,15.0,0.5,178.96,0.51,20.5,0.01,0.04,2328.84815,1776396639000
1776396641.292,41.292,0.53,17.72,0.52,24.6,0.54,144.05,0.55,15.0,0.46,9.29,0.45,15.0,0.47,40.0,0.48,36.5,0.01,0.01,2328.84815,1776396639000
1776396641.771,41.771,0.53,13.02,0.52,24.6,0.54,139.05,0.55,15.0,0.46,144.05,0.45,15.0,0.47,15.37,0.48,24.6,0.01,0.01,2328.840205,1776396640000
1776396642.273,42.273,0.53,10.67,0.52,10.0,0.54,139.05,0.55,15.0,0.46,139.05,0.45,15.0,0.47,13.02,0.48,24.6,0.01,0.01,2328.840205,1776396640000
1776396644.954,44.954,0.53,13.54,0.52,40.1,0.54,139.05,0.55,15.0,0.46,139.05,0.45,15.0,0.47,10.67,0.48,10.0,0.01,0.01,2329.069309,1776396643000
1776396645.358,45.358,0.53,169.24,0.52,54.1,0.54,8.65,0.55,5.0,0.46,139.05,0.45,15.0,0.47,13.54,0.48,40.1,0.01,0.01,2329.117103,1776396644000
1776396645.72,45.72,0.53,168.04,0.52,49.1,0.55,3.48,0.57,10.0,0.46,3.55,0.45,5.0,0.47,177.24,0.48,54.1,0.02,0.01,2329.117103,1776396644000
1776396646.586,46.586,0.56,76.56,0.55,54.1,0.57,10.0,0.58,15.0,0.45,3.48,0.43,10.0,0.47,168.04,0.48,49.1,0.01,0.02,2329.123497,1776396645000
1776396649.792,49.792,0.56,102.5,0.55,118.6,0.58,5.0,0.59,5.0,0.43,10.0,0.42,15.0,0.44,76.56,0.45,54.1,0.02,0.01,2329.18785,1776396648000
1776396650.417,50.417,0.57,71.02,0.56,87.1,0.58,5.0,0.59,5.0,0.42,5.0,0.41,5.0,0.44,102.5,0.45,118.6,0.01,0.02,2329.19285,1776396649000
1776396651.32,51.32,0.57,60.71,0.56,92.1,0.58,5.0,0.59,5.0,0.42,5.0,0.41,5.0,0.43,71.02,0.44,87.1,0.01,0.01,2329.1929,1776396650000
1776396656.132,56.132,0.57,13.0,0.56,32.0,0.58,25.5,0.59,54.5,0.42,5.0,0.41,5.0,0.43,60.71,0.44,92.1,0.01,0.01,2329.342291,1776396654000
1776396658.142,58.142,0.57,17.0,0.56,41.6,0.58,42.25,0.59,25.5,0.42,30.5,0.41,54.5,0.43,8.0,0.44,32.0,0.01,0.01,2329.343138,1776396657000
1776396658.483,58.483,0.57,17.0,0.56,41.6,0.58,47.75,0.59,25.5,0.42,42.25,0.41,25.5,0.43,17.0,0.44,41.6,0.01,0.01,2329.343138,1776396657000
1776396659.32,59.32,0.57,22.0,0.56,41.6,0.58,42.57,0.59,25.5,0.42,47.75,0.41,25.5,0.43,17.0,0.44,41.6,0.01,0.01,2329.291213,1776396658000
1776396660.06,60.06,0.6,10.18,0.57,10.0,0.61,25.5,0.62,15.0,0.42,42.57,0.41,25.5,0.43,22.0,0.44,41.6,0.01,0.01,2329.291547,1776396659000
1776396660.634,60.634,0.6,6.18,0.58,10.0,0.61,25.5,0.62,15.0,0.39,25.5,0.38,15.0,0.4,10.18,0.43,10.0,0.01,0.01,2329.291547,1776396659000
1776396661.004,61.004,0.6,6.18,0.58,10.0,0.61,32.5,0.62,15.0,0.39,25.5,0.38,15.0,0.4,6.18,0.42,10.0,0.01,0.01,2329.291547,1776396659000
1776396661.234,61.234,0.57,10.0,0.56,10.0,0.58,74.42,0.59,141.0,0.39,119.5,0.38,24.0,0.43,9.6,0.46,5.0,0.01,0.04,2329.291547,1776396659000
1776396661.449,61.449,0.53,9.63,0.52,15.0,0.55,20.5,0.56,49.5,0.43,27.5,0.42,136.75,0.44,14.6,0.45,10.0,0.02,0.01,2329.292908,1776396660000
1776396662.014,62.014,0.53,9.63,0.52,24.6,0.54,114.64,0.55,32.5,0.45,20.5,0.44,49.5,0.47,9.63,0.48,15.0,0.01,0.02,2329.292908,1776396660000
1776396664.733,64.733,0.56,48.5,0.55,69.1,0.57,6.5,0.58,164.25,0.46,84.01,0.45,32.5,0.48,9.6,0.49,17.27,0.01,0.02,2329.1529,1776396663000
1776396665.394,65.394,0.57,35.5,0.56,79.1,0.58,158.06,0.59,75.0,0.43,6.5,0.42,164.25,0.44,48.5,0.45,69.1,0.01,0.01,2329.1529,1776396663000
1776396665.638,65.638,0.57,48.38,0.56,79.1,0.58,142.23,0.59,75.0,0.42,142.23,0.41,75.0,0.43,53.5,0.44,79.1,0.01,0.01,2329.051905,1776396664000
1776396666.513,66.513,0.57,43.38,0.56,79.1,0.58,126.28,0.59,75.0,0.42,142.23,0.41,75.0,0.43,48.38,0.44,79.1,0.01,0.01,2329.096974,1776396665000
1776396668.128,68.128,0.57,102.38,0.56,50.1,0.58,44.28,0.6,39.28,0.42,126.28,0.41,75.0,0.43,43.38,0.44,79.1,0.01,0.01,2329.151854,1776396666000
1776396668.88,68.88,0.57,102.38,0.56,50.1,0.58,31.98,0.6,39.28,0.42,44.28,0.4,39.28,0.43,102.38,0.44,50.1,0.01,0.01,2329.176558,1776396667000
1776396669.096,69.096,0.57,102.38,0.56,50.1,0.58,19.98,0.6,39.28,0.42,31.98,0.4,39.28,0.43,102.38,0.44,50.1,0.01,0.01,2329.176558,1776396667000
1776396675.157,75.157,0.57,72.38,0.56,50.1,0.58,59.26,0.6,34.0,0.42,19.98,0.4,39.28,0.43,102.38,0.44,50.1,0.01,0.01,2329.19009,1776396673000
1776396676.609,76.609,0.57,102.38,0.56,62.1,0.58,54.17,0.62,41.0,0.42,59.26,0.4,34.0,0.43,72.38,0.44,50.1,0.01,0.01,2329.178885,1776396675000
1776396678.259,78.259,0.57,76.05,0.56,91.1,0.58,54.17,0.6,29.0,0.42,54.17,0.38,41.0,0.43,102.38,0.44,62.1,0.01,0.01,2329.18213,1776396676000
1776396679.223,79.223,0.57,232.05,0.56,134.37,0.58,46.17,0.65,5.0,0.42,54.17,0.4,29.0,0.43,76.05,0.44,91.1,0.01,0.01,2329.218755,1776396677000
1776396680.477,80.477,0.64,87.0,0.63,38.6,0.65,15.5,0.66,5.0,0.35,5.0,0.34,5.0,0.43,268.05,0.44,134.37,0.01,0.08,2329.283919,1776396679000
1776396688.947,88.947,0.64,25.0,0.63,29.6,0.65,14.5,0.66,119.5,0.35,15.5,0.34,5.0,0.36,87.0,0.37,38.6,0.01,0.01,2329.487032,1776396687000
1776396690.98,90.98,0.65,53.0,0.64,60.1,0.66,107.48,0.67,90.5,0.35,14.5,0.34,119.5,0.36,25.0,0.37,29.6,0.01,0.01,2329.487665,1776396689000
1776396691.771,91.771,0.65,53.0,0.64,60.1,0.66,107.96,0.67,90.5,0.34,107.48,0.33,90.5,0.35,53.0,0.36,60.1,0.01,0.01,2329.483061,1776396690000
1776396700.985,100.985,0.65,89.5,0.64,245.35,0.66,67.0,0.67,104.0,0.34,107.96,0.33,90.5,0.35,53.0,0.36,60.1,0.01,0.01,2329.46965,1776396699000
1776396708.645,108.645,0.66,112.0,0.65,65.5,0.68,4.92,0.69,20.5,0.34,67.0,0.33,104.0,0.35,89.5,0.36,245.35,0.02,0.01,2329.508585,1776396707000
1776396709.502,109.502,0.67,82.0,0.66,72.5,0.7,6.01,0.71,135.0,0.32,4.92,0.31,20.5,0.34,112.0,0.35,65.5,0.03,0.02,2329.51001,1776396708000
1776396710.177,110.177,0.69,46.61,0.68,10.0,0.7,15.5,0.71,130.0,0.3,6.01,0.29,135.0,0.33,82.0,0.34,72.5,0.01,0.03,2329.51001,1776396708000
1776396710.909,110.909,0.69,41.61,0.68,10.0,0.7,17.5,0.71,135.0,0.3,15.5,0.29,130.0,0.31,46.61,0.32,10.0,0.01,0.01,2329.511055,1776396709000
1776396712.599,112.599,0.74,106.5,0.73,36.5,0.75,3.34,0.76,55.0,0.3,17.5,0.29,135.0,0.31,41.61,0.32,10.0,0.01,0.01,2329.50898,1776396711000
1776396714.03,114.03,0.76,40.0,0.75,29.69,0.79,32.94,0.8,105.5,0.24,35.33,0.23,5.0,0.25,50.5,0.26,100.5,0.03,0.01,2329.50902,1776396712000
1776396714.455,114.455,0.67,9.29,0.66,17.0,0.76,76.42,0.77,20.5,0.21,32.94,0.2,105.5,0.24,40.0,0.25,29.69,0.09,0.03,2329.50902,1776396712000
1776396714.766,114.766,0.61,5.0,0.6,39.0,0.66,155.5,0.67,112.5,0.34,39.0,0.33,79.0,0.35,153.75,0.36,5.0,0.05,0.01,2329.50902,1776396712000
1776396715.09,115.09,0.6,43.35,0.59,15.0,0.61,26.26,0.62,59.0,0.39,18.0,0.38,64.0,0.4,43.35,0.41,15.0,0.01,0.01,2329.700523,1776396713000
1776396715.43,115.43,0.59,5.5,0.58,15.0,0.6,69.05,0.61,0.44,0.39,0.44,0.38,59.0,0.41,5.0,0.42,15.0,0.01,0.02,2329.700523,1776396713000
1776396716.481,116.481,0.59,15.5,0.58,49.0,0.6,42.38,0.62,59.0,0.4,69.05,0.39,0.44,0.41,5.5,0.42,15.0,0.01,0.01,2329.848712,1776396714000
1776396717.996,117.996,0.59,23.07,0.58,44.0,0.6,33.71,0.62,49.0,0.4,45.71,0.38,59.0,0.41,15.5,0.42,49.0,0.01,0.01,2329.320606,1776396716000
1776396719.193,119.193,0.59,169.27,0.58,44.0,0.6,29.92,0.62,78.0,0.4,33.71,0.38,49.0,0.41,23.07,0.42,44.0,0.01,0.01,2329.284946,1776396718000
1776396719.709,119.709,0.59,212.27,0.58,44.0,0.62,19.0,0.63,83.0,0.4,1.47,0.38,78.0,0.41,169.27,0.42,44.0,0.03,0.01,2329.284946,1776396718000
1776396721.019,121.019,0.66,90.5,0.65,49.0,0.7,31.1,0.71,152.5,0.38,14.0,0.37,83.0,0.4,5.0,0.41,212.27,0.04,0.02,2329.281758,1776396719000
1776396721.415,121.415,0.73,63.5,0.72,15.0,0.75,23.73,0.76,50.0,0.3,8.0,0.29,108.5,0.31,44.7,0.32,15.0,0.02,0.01,2329.281758,1776396719000
1776396722.183,122.183,0.75,78.3,0.74,50.5,0.76,89.23,0.77,145.0,0.24,44.23,0.23,154.0,0.26,25.5,0.27,85.5,0.01,0.02,2329.28195,1776396720000
1776396722.488,122.488,0.75,16.5,0.74,35.5,0.76,80.0,0.77,145.0,0.24,75.0,0.23,145.0,0.25,73.3,0.26,50.5,0.01,0.01,2329.258729,1776396721000
1776396722.838,122.838,0.75,26.5,0.74,35.5,0.76,70.0,0.77,145.0,0.24,80.0,0.23,145.0,0.25,16.5,0.26,35.5,0.01,0.01,2329.258729,1776396721000
1776396727.159,127.159,0.75,82.0,0.74,64.5,0.76,35.0,0.77,169.0,0.24,70.0,0.23,145.0,0.25,26.5,0.26,35.5,0.01,0.01,2329.740698,1776396725000
1776396727.621,127.621,0.75,77.0,0.74,64.5,0.76,23.61,0.77,169.0,0.24,35.0,0.23,169.0,0.25,82.0,0.26,64.5,0.01,0.01,2329.740698,1776396725000
1776396728.396,128.396,0.72,10.0,0.71,10.0,0.74,98.5,0.75,40.5,0.24,23.61,0.23,169.0,0.25,77.0,0.26,64.5,0.02,0.01,2329.784368,1776396726000
1776396728.61,128.61,0.69,26.19,0.68,25.5,0.7,106.5,0.71,16.0,0.3,60.0,0.28,10.5,0.31,7.19,0.32,25.5,0.01,0.01,2329.790633,1776396727000
1776396729.01,129.01,0.69,31.35,0.68,25.5,0.7,116.63,0.71,96.0,0.3,101.5,0.29,16.0,0.31,31.35,0.32,25.5,0.01,0.01,2329.790633,1776396727000
1776396730.165,130.165,0.67,30.5,0.66,25.5,0.7,165.63,0.71,91.0,0.3,116.63,0.29,96.0,0.31,31.35,0.32,25.5,0.03,0.01,2329.822221,1776396729000
1776396730.936,130.936,0.67,40.5,0.66,25.5,0.68,35.24,0.69,38.5,0.3,165.63,0.29,91.0,0.33,30.5,0.34,25.5,0.01,0.03,2329.822221,1776396729000
1776396731.264,131.264,0.67,226.5,0.66,231.5,0.7,54.24,0.74,6.0,0.32,35.24,0.31,38.5,0.33,40.5,0.34,25.5,0.03,0.01,2329.822221,1776396729000
1776396731.605,131.605,0.69,195.5,0.68,50.5,0.75,50.0,0.76,23.61,0.3,29.82,0.25,21.0,0.31,190.5,0.32,50.5,0.06,0.01,2329.645073,1776396730000
1776396732.384,132.384,0.75,78.5,0.74,52.77,0.76,18.61,0.79,11.0,0.25,40.33,0.24,23.61,0.26,88.5,0.27,25.5,0.01,0.01,2329.637928,1776396731000
1776396732.884,132.884,0.79,35.5,0.78,25.5,0.8,47.9,0.82,40.0,0.2,44.9,0.19,10.0,0.21,10.0,0.22,20.5,0.01,0.01,2329.637928,1776396731000
1776396733.273,133.273,0.79,91.26,0.78,25.5,0.8,68.9,0.82,20.5,0.2,47.9,0.18,40.0,0.21,35.5,0.22,25.5,0.01,0.01,2329.637928,1776396731000
1776396733.596,133.596,0.79,58.26,0.78,25.5,0.8,27.75,0.82,20.5,0.2,68.9,0.18,20.5,0.21,91.26,0.22,25.5,0.01,0.01,2329.637928,1776396731000
1776396736.45,136.45,0.81,99.26,0.8,30.5,0.83,107.2,0.84,65.3,0.2,21.5,0.18,20.5,0.21,58.26,0.22,25.5,0.02,0.01,2330.165858,1776396735000
1776396736.817,136.817,0.82,15.76,0.79,5.0,0.83,184.7,0.84,94.3,0.17,107.2,0.16,65.3,0.19,99.26,0.2,30.5,0.01,0.02,2330.165858,1776396735000
1776396738.342,138.342,0.79,182.06,0.78,43.5,0.82,12.0,0.83,95.5,0.17,215.2,0.16,94.3,0.21,5.0,0.22,15.5,0.03,0.04,2330.164102,1776396737000
1776396739.673,139.673,0.83,92.5,0.82,115.5,0.84,40.8,0.85,43.7,0.18,12.0,0.17,95.5,0.21,182.06,0.22,43.5,0.01,0.03,2330.124027,1776396738000
1776396740.096,140.096,0.83,97.5,0.82,115.5,0.84,4.7,0.85,43.7,0.16,40.8,0.15,43.7,0.17,92.5,0.18,115.5,0.01,0.01,2330.124027,1776396738000
1776396740.663,140.663,0.86,95.5,0.85,32.5,0.87,28.9,0.88,104.1,0.16,4.7,0.15,43.7,0.17,97.5,0.18,115.5,0.01,0.01,2330.066308,1776396739000
1776396741.851,141.851,0.87,109.5,0.86,99.5,0.88,105.0,0.89,161.79,0.13,28.9,0.12,104.1,0.14,95.5,0.15,32.5,0.01,0.01,2330.15998,1776396740000
1776396742.194,142.194,0.87,92.5,0.86,99.5,0.88,90.0,0.89,141.79,0.12,105.0,0.11,161.79,0.13,109.5,0.14,99.5,0.01,0.01,2330.15998,1776396740000
1776396743.206,143.206,0.89,72.0,0.88,62.5,0.9,125.38,0.91,94.26,0.12,90.0,0.11,141.79,0.13,92.5,0.14,99.5,0.01,0.01,2330.184505,1776396741000
1776396744.379,144.379,0.89,77.0,0.88,62.5,0.9,122.6,0.91,94.26,0.1,125.38,0.09,94.26,0.11,72.0,0.12,62.5,0.01,0.01,2330.585929,1776396743000
1776396745.44,145.44,0.89,47.15,0.88,52.5,0.9,122.6,0.91,94.26,0.1,122.6,0.09,94.26,0.11,77.0,0.12,62.5,0.01,0.01,2330.63841,1776396744000
1776396747.423,147.423,0.89,5.0,0.88,25.0,0.9,145.6,0.91,104.26,0.1,122.6,0.09,94.26,0.11,47.15,0.12,52.5,0.01,0.01,2330.67028,1776396745000
1776396749.96,149.96,0.88,54.4,0.87,35.5,0.89,23.0,0.9,212.6,0.1,150.6,0.09,104.26,0.12,15.0,0.13,42.5,0.01,0.02,2330.665729,1776396748000
1776396751.133,151.133,0.87,26.79,0.86,112.5,0.89,28.5,0.9,185.6,0.11,20.75,0.1,212.6,0.12,54.4,0.13,35.5,0.02,0.01,2330.597521,1776396749000
1776396751.686,151.686,0.87,7.17,0.86,122.5,0.89,10.5,0.9,185.6,0.11,20.13,0.1,210.6,0.12,10.0,0.13,31.79,0.02,0.01,2330.596845,1776396750000
1776396752.439,152.439,0.88,37.0,0.87,22.17,0.89,5.27,0.9,190.6,0.11,10.5,0.1,185.6,0.13,7.17,0.14,122.5,0.01,0.02,2330.596845,1776396750000
1776396753.189,153.189,0.89,5.0,0.88,15.0,0.9,174.7,0.91,99.26,0.1,184.7,0.09,99.26,0.12,37.0,0.13,22.17,0.01,0.02,2330.592953,1776396752000
1776396753.567,153.567,0.89,5.0,0.88,20.0,0.9,169.14,0.91,99.26,0.1,174.7,0.09,99.26,0.11,5.0,0.12,15.0,0.01,0.01,2330.592953,1776396752000
1776396753.785,153.785,0.88,20.0,0.87,19.17,0.89,17.0,0.9,169.14,0.1,169.14,0.09,99.26,0.11,5.0,0.12,20.0,0.01,0.01,2330.592953,1776396752000
1776396754.544,154.544,0.88,20.0,0.87,23.17,0.89,20.87,0.9,139.14,0.11,17.0,0.1,169.14,0.12,20.0,0.13,19.17,0.01,0.01,2330.619104,1776396753000
1776396755.795,155.795,0.88,15.0,0.87,23.17,0.9,43.72,0.91,99.26,0.11,20.87,0.1,139.14,0.12,20.0,0.13,23.17,0.02,0.01,2330.662362,1776396754000
1776396758.342,158.342,0.89,20.0,0.88,15.0,0.9,72.72,0.91,84.26,0.1,43.72,0.09,99.26,0.12,15.0,0.13,23.17,0.01,0.02,2330.578957,1776396756000
1776396761.399,161.399,0.89,50.0,0.88,59.5,0.9,24.72,0.91,92.26,0.1,72.72,0.09,84.26,0.11,20.0,0.12,15.0,0.01,0.01,2330.59889,1776396759000
1776396762.148,162.148,0.89,94.0,0.88,59.5,0.9,16.58,0.91,92.26,0.1,24.72,0.09,92.26,0.11,50.0,0.12,59.5,0.01,0.01,2330.598965,1776396760000
1776396767.484,167.484,0.89,69.12,0.88,66.5,0.91,66.26,0.92,86.0,0.1,16.58,0.09,92.26,0.11,94.0,0.12,59.5,0.02,0.01,2330.605925,1776396766000
1776396767.949,167.949,0.89,40.62,0.87,31.17,0.9,106.0,0.91,66.26,0.09,66.26,0.08,86.0,0.11,69.12,0.12,66.5,0.01,0.02,2330.605925,1776396766000
1776396768.408,168.408,0.89,28.62,0.86,15.5,0.9,142.5,0.91,110.26,0.1,106.0,0.09,66.26,0.11,40.62,0.13,31.17,0.01,0.01,2330.57735,1776396767000
1776396771.005,171.005,0.89,28.62,0.86,44.5,0.9,93.0,0.91,110.26,0.1,142.5,0.09,110.26,0.11,28.62,0.14,15.5,0.01,0.01,2330.514632,1776396769000
1776396771.527,171.527,0.89,8.62,0.87,29.0,0.9,155.5,0.91,160.26,0.1,93.0,0.09,110.26,0.11,28.62,0.14,44.5,0.01,0.01,2330.33315,1776396770000
1776396771.837,171.837,0.83,15.5,0.82,53.94,0.84,39.36,0.85,20.0,0.1,155.5,0.09,160.26,0.18,24.94,0.19,35.0,0.01,0.08,2330.33315,1776396770000
1776396772.066,172.066,0.83,10.5,0.82,53.94,0.84,23.51,0.85,20.0,0.16,39.36,0.15,20.0,0.17,15.5,0.18,53.94,0.01,0.01,2330.33315,1776396770000
1776396772.587,172.587,0.83,235.89,0.82,51.94,0.86,3.0,0.87,16.0,0.16,23.51,0.15,20.0,0.17,10.5,0.18,53.94,0.03,0.01,2330.382512,1776396771000
1776396779.127,179.127,0.85,48.5,0.84,62.5,0.86,3.0,0.87,10.0,0.14,3.0,0.13,16.0,0.17,235.89,0.18,51.94,0.01,0.03,2330.308536,1776396778000
1776396780.917,180.917,0.86,17.0,0.85,41.5,0.87,7.71,0.88,26.5,0.14,3.0,0.13,10.0,0.15,48.5,0.16,62.5,0.01,0.01,2330.316721,1776396779000
1776396781.506,181.506,0.88,157.0,0.87,112.5,0.89,1.01,0.9,20.5,0.13,5.61,0.12,26.5,0.14,17.0,0.15,41.5,0.01,0.01,2330.250902,1776396780000
1776396784.742,184.742,0.89,95.9,0.88,95.0,0.9,39.5,0.91,30.26,0.1,20.5,0.09,59.26,0.12,157.0,0.13,112.5,0.01,0.02,2330.5024,1776396783000
1776396785.729,185.729,0.89,80.9,0.88,90.0,0.9,39.5,0.91,53.26,0.1,39.5,0.09,30.26,0.11,95.9,0.12,95.0,0.01,0.01,2330.45239,1776396784000
1776396786.33,186.33,0.9,96.0,0.89,61.9,0.91,29.26,0.92,60.0,0.1,39.5,0.09,53.26,0.11,80.9,0.12,90.0,0.01,0.01,2330.452175,1776396785000
1776396792.389,192.389,0.91,14.74,0.9,116.5,0.92,22.0,0.93,24.0,0.09,29.26,0.08,60.0,0.1,96.0,0.11,61.9,0.01,0.01,2330.525785,1776396791000
1776396794.71,194.71,0.91,152.74,0.9,208.66,0.92,16.56,0.93,43.0,0.08,22.0,0.07,24.0,0.09,14.74,0.1,116.5,0.01,0.01,2330.65763,1776396793000
1776396795.041,195.041,0.91,152.74,0.9,208.66,0.93,34.56,0.94,116.0,0.08,16.56,0.07,43.0,0.09,152.74,0.1,208.66,0.02,0.01,2330.65763,1776396793000
1776396795.835,195.835,0.92,92.0,0.91,206.74,0.93,4.56,0.94,110.0,0.07,34.56,0.06,116.0,0.09,152.74,0.1,208.66,0.01,0.02,2330.64244,1776396794000
1776396796.142,196.142,0.92,104.0,0.91,201.74,0.94,110.0,0.95,36.0,0.07,4.56,0.06,110.0,0.08,92.0,0.09,206.74,0.02,0.01,2330.64244,1776396794000
1776396800.178,200.178,0.93,10.0,0.92,40.0,0.94,114.97,0.95,132.0,0.06,110.0,0.05,36.0,0.08,104.0,0.09,201.74,0.01,0.02,2330.808084,1776396798000
1776396800.527,200.527,0.92,25.31,0.91,203.0,0.93,9.0,0.94,114.97,0.07,9.0,0.06,114.97,0.08,40.0,0.09,217.74,0.01,0.01,2330.805989,1776396799000
1776396801.237,201.237,0.92,62.21,0.91,207.0,0.93,1.0,0.94,114.97,0.07,9.0,0.06,114.97,0.08,13.31,0.09,213.0,0.01,0.01,2330.805989,1776396799000
1776396802.036,202.036,0.92,83.9,0.91,197.0,0.93,8.92,0.94,114.97,0.07,1.0,0.06,114.97,0.08,62.21,0.09,207.0,0.01,0.01,2330.73343,1776396801000
1776396803.807,203.807,0.92,68.13,0.91,190.0,0.93,12.84,0.94,114.97,0.07,8.92,0.06,114.97,0.08,83.9,0.09,197.0,0.01,0.01,2330.681843,1776396802000
1776396806.017,206.017,0.92,157.28,0.91,171.0,0.93,5.73,0.94,114.97,0.07,10.73,0.06,114.97,0.08,73.13,0.09,190.0,0.01,0.01,2330.685945,1776396805000
1776396808.289,208.289,0.93,75.0,0.92,167.15,0.94,92.97,0.95,30.0,0.07,5.73,0.06,114.97,0.08,157.28,0.09,171.0,0.01,0.01,2330.641184,1776396806000
1776396809.181,209.181,0.93,56.42,0.92,175.55,0.94,92.97,0.95,30.0,0.06,92.97,0.05,30.0,0.07,75.0,0.08,167.15,0.01,0.01,2330.652844,1776396807000
1776396809.392,209.392,0.93,111.25,0.92,175.55,0.94,91.9,0.95,30.0,0.06,92.97,0.05,30.0,0.07,56.42,0.08,175.55,0.01,0.01,2330.652844,1776396807000
1776396810.59,210.59,0.93,112.25,0.92,175.55,0.94,82.83,0.95,30.0,0.06,83.9,0.05,30.0,0.07,106.25,0.08,175.55,0.01,0.01,2330.727995,1776396809000
1776396813.274,213.274,0.93,233.72,0.92,264.76,0.94,3.83,0.95,30.0,0.06,82.83,0.05,30.0,0.07,112.25,0.08,175.55,0.01,0.01,2330.838485,1776396811000
1776396813.688,213.688,0.94,5.0,0.93,232.72,0.96,40.0,0.97,351.0,0.05,1.19,0.04,40.0,0.07,233.72,0.08,264.76,0.02,0.02,2330.757315,1776396812000
1776396815.125,215.125,0.95,205.8,0.94,204.16,0.96,33.81,0.97,151.0,0.04,40.0,0.03,351.0,0.06,5.0,0.07,232.72,0.01,0.02,2330.83546,1776396813000
1776396815.402,215.402,0.95,246.8,0.94,321.66,0.96,25.56,0.97,151.0,0.04,33.81,0.03,151.0,0.05,205.8,0.06,204.16,0.01,0.01,2330.899445,1776396814000
1776396815.716,215.716,0.95,274.8,0.94,321.66,0.97,142.06,0.98,343.0,0.04,11.09,0.03,151.0,0.05,246.8,0.06,321.66,0.02,0.01,2330.899445,1776396814000
1776396816.035,216.035,0.96,197.5,0.95,305.8,0.97,142.06,0.98,343.0,0.03,142.06,0.02,343.0,0.05,274.8,0.06,321.66,0.01,0.02,2330.899445,1776396814000
1776396816.428,216.428,0.96,369.12,0.95,327.8,0.97,150.59,0.98,314.0,0.03,126.75,0.02,343.0,0.04,197.5,0.05,300.8,0.01,0.01,2330.980355,1776396815000
1776396816.764,216.764,0.96,350.12,0.95,317.8,0.97,145.6,0.98,314.0,0.03,150.59,0.02,314.0,0.04,369.12,0.05,327.8,0.01,0.01,2330.980355,1776396815000
1776396819.137,219.137,0.96,401.12,0.95,353.0,0.97,114.6,0.98,422.0,0.03,145.6,0.02,314.0,0.04,350.12,0.05,317.8,0.01,0.01,2331.127485,1776396817000
1776396819.581,219.581,0.96,396.12,0.95,353.0,0.97,104.29,0.98,422.0,0.03,114.6,0.02,422.0,0.04,401.12,0.05,353.0,0.01,0.01,2331.14951,1776396818000
1776396819.87,219.87,0.96,401.12,0.95,351.8,0.97,84.29,0.98,422.0,0.03,104.29,0.02,422.0,0.04,396.12,0.05,353.0,0.01,0.01,2331.14951,1776396818000
1776396820.36,220.36,0.96,396.12,0.95,351.8,0.97,55.11,0.98,422.0,0.03,84.29,0.02,422.0,0.04,401.12,0.05,351.8,0.01,0.01,2331.180317,1776396819000
1776396820.657,220.657,0.96,391.02,0.95,351.8,0.97,55.11,0.98,422.0,0.03,55.11,0.02,422.0,0.04,396.12,0.05,351.8,0.01,0.01,2331.180317,1776396819000
1776396823.202,223.202,0.96,436.02,0.95,390.8,0.97,55.11,0.98,304.0,0.03,55.11,0.02,422.0,0.04,391.02,0.05,351.8,0.01,0.01,2331.163355,1776396821000
1776396825.718,225.718,0.97,417.7,0.96,433.02,0.98,25.11,0.99,1523.76,0.02,258.11,0.01,1484.76,0.04,436.02,0.05,390.8,0.01,0.02,2331.308924,1776396824000
1776396826.925,226.925,0.97,359.7,0.96,428.02,0.98,20.11,0.99,1523.76,0.02,25.11,0.01,1523.76,0.03,417.7,0.04,433.02,0.01,0.01,2331.344119,1776396825000
1776396828.001,228.001,0.97,345.7,0.96,437.22,0.99,2120.31,,,0.02,20.11,0.01,1523.76,0.03,359.7,0.04,428.02,0.02,0.01,2331.389535,1776396826000
1776396829.039,229.039,0.98,512.89,0.97,316.01,0.99,2125.31,,,0.01,2120.31,,,0.03,345.7,0.04,437.22,0.01,0.02,2331.448598,1776396827000
1776396830.314,230.314,0.98,562.89,0.97,311.01,0.99,2120.25,,,0.01,2125.31,,,0.02,512.89,0.03,316.01,0.01,0.01,2331.398845,1776396829000
1776396831.411,231.411,0.98,319.19,0.97,254.01,0.99,1988.85,,,0.01,2120.25,,,0.02,562.89,0.03,311.01,0.01,0.01,2331.383765,1776396830000
1776396832.33,232.33,0.98,264.33,0.97,154.01,0.99,2721.85,,,0.01,2626.85,,,0.02,159.23,0.03,154.01,0.01,0.01,2331.383765,1776396830000
1776396832.718,232.718,0.98,188.86,0.97,25.31,0.99,2031.85,,,0.01,2721.85,,,0.02,264.33,0.03,154.01,0.01,0.01,2331.388059,1776396831000
1776396834.85,234.85,0.98,190.96,0.97,25.31,0.99,2626.85,,,0.01,2026.85,,,0.02,44.86,0.03,25.31,0.01,0.01,2330.951348,1776396833000
1776396835.686,235.686,0.98,170.96,0.97,25.31,0.99,2586.38,,,0.01,2586.38,,,0.02,190.96,0.03,25.31,0.01,0.01,2330.8781,1776396834000
1776396835.982,235.982,0.98,86.96,0.97,25.31,0.99,2676.32,,,0.01,2586.38,,,0.02,86.96,0.03,25.31,0.01,0.01,2330.765962,1776396835000
1776396836.187,236.187,0.97,5.31,0.96,77.92,0.98,154.0,0.99,2647.32,0.01,2676.32,,,0.02,86.96,0.03,25.31,0.01,0.01,2330.765962,1776396835000
1776396836.493,236.493,0.96,77.92,0.95,50.0,0.97,37.69,0.98,337.7,0.02,154.0,0.01,2647.32,0.03,5.31,0.04,77.92,0.01,0.01,2330.765962,1776396835000
1776396837.996,237.996,0.96,44.92,0.95,50.0,0.97,354.39,0.98,703.7,0.03,37.69,0.02,337.7,0.04,77.92,0.05,50.0,0.01,0.01,2330.725368,1776396836000
1776396838.83,238.83,0.9,20.5,0.89,39.0,0.91,12.91,0.92,20.0,0.04,139.08,0.03,244.39,0.1,42.79,0.11,10.0,0.01,0.06,2330.572834,1776396837000
1776396839.974,239.974,0.9,20.5,0.89,194.59,0.91,5.82,0.92,20.0,0.09,12.91,0.08,20.0,0.1,20.5,0.11,39.0,0.01,0.01,2330.507405,1776396838000
1776396840.393,240.393,0.9,199.94,0.89,15.0,0.92,9.94,0.93,182.3,0.09,5.82,0.08,20.0,0.1,20.5,0.11,194.59,0.02,0.01,2330.343772,1776396839000
1776396840.949,240.949,0.9,145.94,0.89,39.0,0.91,30.0,0.92,45.94,0.08,9.94,0.07,182.3,0.1,199.94,0.11,15.0,0.01,0.02,2330.343772,1776396839000
1776396841.199,241.199,0.9,145.94,0.89,39.0,0.91,47.8,0.92,94.84,0.09,30.0,0.08,45.94,0.1,145.94,0.11,39.0,0.01,0.01,2330.343772,1776396839000
1776396841.602,241.602,0.9,189.94,0.89,15.0,0.93,88.3,0.94,63.8,0.09,47.8,0.08,94.84,0.1,145.94,0.11,39.0,0.03,0.01,2330.131503,1776396840000
1776396841.833,241.833,0.92,15.0,0.91,15.0,0.97,67.07,0.98,398.7,0.07,88.3,0.06,63.8,0.1,189.94,0.11,15.0,0.05,0.03,2330.131503,1776396840000
1776396842.205,242.205,0.93,15.0,0.92,49.0,0.94,126.0,0.96,10.0,0.03,67.07,0.02,398.7,0.08,15.0,0.09,15.0,0.01,0.05,2330.105726,1776396841000
1776396842.435,242.435,0.93,10.01,0.92,49.0,0.94,118.87,0.95,29.0,0.06,121.0,0.05,29.0,0.07,10.01,0.08,49.0,0.01,0.01,2330.105726,1776396841000
1776396843.01,243.01,0.93,15.01,0.92,44.0,0.94,117.8,0.95,5.0,0.06,123.12,0.05,34.0,0.07,10.01,0.08,49.0,0.01,0.01,2330.105726,1776396841000
1776396844.075,244.075,0.93,20.01,0.92,44.0,0.94,111.62,0.95,5.0,0.06,117.8,0.05,5.0,0.07,15.01,0.08,44.0,0.01,0.01,2330.105484,1776396842000
1776396844.503,244.503,0.93,20.01,0.92,44.0,0.94,107.98,0.95,5.0,0.06,111.62,0.05,5.0,0.07,20.01,0.08,44.0,0.01,0.01,2330.105484,1776396842000
1776396847.587,247.587,0.93,16.0,0.92,10.0,0.95,49.0,0.96,44.0,0.06,102.98,0.05,5.0,0.09,48.12,0.1,41.54,0.02,0.03,2330.117319,1776396846000
1776396847.912,247.912,0.93,26.0,0.92,10.0,0.95,44.0,0.96,44.0,0.05,49.0,0.04,44.0,0.07,16.0,0.08,10.0,0.02,0.02,2330.117319,1776396846000
1776396848.561,248.561,0.94,5.0,0.93,55.0,0.95,36.41,0.96,10.0,0.05,40.0,0.04,39.0,0.07,26.0,0.08,10.0,0.01,0.02,2330.19532,1776396847000
1776396849.102,249.102,0.94,15.0,0.93,55.0,0.95,41.41,0.96,10.0,0.05,26.41,0.04,10.0,0.06,5.0,0.07,55.0,0.01,0.01,2330.19532,1776396847000
1776396851.125,251.125,0.94,83.0,0.93,87.0,0.96,15.0,0.97,38.0,0.05,41.41,0.04,10.0,0.06,15.0,0.07,55.0,0.02,0.01,2330.144513,1776396850000
1776396851.748,251.748,0.95,25.0,0.94,74.0,0.97,133.69,0.98,115.0,0.04,15.0,0.03,38.0,0.06,83.0,0.07,87.0,0.02,0.02,2330.144513,1776396850000
1776396854.066,254.066,0.96,10.0,0.95,55.26,0.97,149.54,0.98,20.0,0.03,133.69,0.02,115.0,0.05,25.0,0.06,74.0,0.01,0.02,2330.204942,1776396853000
1776396854.711,254.711,0.96,3.23,0.95,59.0,0.97,131.0,0.98,120.0,0.03,149.54,0.02,20.0,0.04,10.0,0.05,55.26,0.01,0.01,2330.204942,1776396853000
1776396854.956,254.956,0.96,5.0,0.95,69.0,0.97,125.85,0.98,154.0,0.03,131.0,0.02,120.0,0.04,3.23,0.05,59.0,0.01,0.01,2330.204942,1776396853000
1776396857.243,257.243,0.95,169.69,0.94,78.8,0.97,10.0,0.98,149.0,0.03,125.85,0.02,154.0,0.04,5.0,0.05,69.0,0.02,0.01,2330.253192,1776396856000
1776396858.491,258.491,0.95,189.69,0.94,94.8,0.97,120.0,0.98,49.0,0.03,10.0,0.02,149.0,0.05,169.69,0.06,78.8,0.02,0.02,2330.2351,1776396857000
1776396859.034,259.034,0.96,10.0,0.95,169.69,0.97,74.55,0.98,149.0,0.03,104.69,0.02,149.0,0.04,10.0,0.05,194.69,0.01,0.01,2330.2351,1776396857000
1776396860.282,260.282,0.95,49.89,0.94,10.0,0.96,18.0,0.97,213.55,0.03,74.55,0.02,149.0,0.04,10.0,0.05,169.69,0.01,0.01,2330.233752,1776396859000
1776396860.501,260.501,0.92,104.46,0.91,117.92,0.96,23.0,0.97,113.55,0.04,18.0,0.03,213.55,0.05,49.89,0.06,10.0,0.04,0.01,2330.233752,1776396859000
1776396861.171,261.171,0.93,17.0,0.92,99.0,0.95,9.42,0.96,33.0,0.04,23.0,0.03,113.55,0.08,104.46,0.09,117.92,0.02,0.04,2330.233752,1776396859000
1776396862.087,262.087,0.94,172.46,0.93,51.0,0.95,2.31,0.96,28.0,0.05,9.42,0.04,33.0,0.07,17.0,0.08,99.0,0.01,0.02,2330.242645,1776396860000
1776396862.448,262.448,0.94,177.46,0.93,51.0,0.96,28.0,0.97,89.0,0.05,2.31,0.04,28.0,0.06,172.46,0.07,51.0,0.02,0.01,2330.242645,1776396860000
1776396864.858,264.858,0.95,39.0,0.94,196.46,0.97,94.0,0.98,15.0,0.04,28.0,0.03,89.0,0.06,177.46,0.07,51.0,0.02,0.02,2330.140913,1776396863000
1776396866.033,266.033,0.95,58.0,0.94,68.0,0.97,60.0,0.98,44.0,0.03,94.0,0.02,15.0,0.05,39.0,0.06,196.46,0.02,0.02,2330.177514,1776396864000
1776396867.371,267.371,0.96,32.43,0.95,69.0,0.97,34.85,0.98,44.0,0.03,60.0,0.02,44.0,0.05,58.0,0.06,68.0,0.01,0.02,2330.149689,1776396865000
1776396867.808,267.808,0.96,66.43,0.95,109.0,0.97,9.66,0.98,44.0,0.03,34.85,0.02,44.0,0.04,32.43,0.05,69.0,0.01,0.01,2330.149689,1776396865000
1776396869.476,269.476,0.96,99.0,0.95,103.0,0.97,9.89,0.98,44.0,0.03,9.66,0.02,44.0,0.04,66.43,0.05,109.0,0.01,0.01,2330.202373,1776396867000
1776396872.072,272.072,0.96,166.0,0.95,166.8,0.98,44.0,0.99,1278.71,0.03,9.89,0.02,44.0,0.04,99.0,0.05,103.0,0.02,0.01,2330.219089,1776396870000
1776396872.474,272.474,0.97,5.0,0.96,161.0,0.98,43.89,0.99,1378.71,0.02,44.0,0.01,1278.71,0.04,166.0,0.05,166.8,0.01,0.02,2330.195093,1776396871000
1776396874.404,274.404,0.97,15.0,0.96,180.0,0.98,4.78,0.99,1307.71,0.02,43.89,0.01,1378.71,0.03,5.0,0.04,161.0,0.01,0.01,2330.197826,1776396873000
1776396874.77,274.77,0.97,25.0,0.96,273.7,0.98,0.78,0.99,1302.71,0.02,4.78,0.01,1307.71,0.03,15.0,0.04,180.0,0.01,0.01,2330.197826,1776396873000
1776396875.234,275.234,0.98,5.0,0.97,50.0,0.99,1288.38,,,0.01,1288.38,,,0.03,25.0,0.04,273.7,0.01,0.02,2330.202619,1776396874000
1776396876.006,276.006,0.98,5.0,0.97,74.0,0.99,1288.38,,,0.01,1278.38,,,0.02,5.0,0.03,45.0,0.01,0.01,2330.214329,1776396875000
1776396876.225,276.225,0.98,5.0,0.97,123.0,0.99,1353.38,,,0.01,1288.38,,,0.02,5.0,0.03,74.0,0.01,0.01,2330.214329,1776396875000
1776396876.888,276.888,0.98,5.0,0.97,118.0,0.99,1338.22,,,0.01,1353.38,,,0.02,5.0,0.03,123.0,0.01,0.01,2330.214329,1776396875000
1776396877.761,277.761,0.98,5.0,0.97,141.0,0.99,1337.2,,,0.01,1337.2,,,0.02,5.0,0.03,118.0,0.01,0.01,2330.223231,1776396876000
1776396878.367,278.367,0.98,45.0,0.97,121.0,0.99,1236.18,,,0.01,1337.2,,,0.02,5.0,0.03,141.0,0.01,0.01,2330.239544,1776396877000
1776396879.164,279.164,0.98,45.0,0.97,143.0,0.99,1195.77,,,0.01,1236.18,,,0.02,45.0,0.03,121.0,0.01,0.01,2330.300415,1776396878000
1776396879.952,279.952,0.98,45.0,0.97,143.0,0.99,1156.86,,,0.01,1195.77,,,0.02,45.0,0.03,143.0,0.01,0.01,2330.300415,1776396878000
1776396880.602,280.602,0.98,45.0,0.97,138.0,0.99,1141.84,,,0.01,1156.86,,,0.02,45.0,0.03,143.0,0.01,0.01,2330.326104,1776396879000
1776396881.393,281.393,0.98,185.0,0.97,79.0,0.99,1000.78,,,0.01,1131.78,,,0.02,45.0,0.03,138.0,0.01,0.01,2330.324385,1776396880000
1776396881.626,281.626,0.98,181.0,0.97,79.0,0.99,959.67,,,0.01,964.72,,,0.02,186.0,0.03,79.0,0.01,0.01,2330.324385,1776396880000
1776396881.832,281.832,0.98,181.0,0.97,79.0,0.99,455.61,,,0.01,950.61,,,0.02,181.0,0.03,79.0,0.01,0.01,2330.324385,1776396880000
1776396882.11,282.11,0.98,186.0,0.97,79.0,0.99,448.61,,,0.01,455.61,,,0.02,181.0,0.03,79.0,0.01,0.01,2330.324385,1776396880000
1776396882.619,282.619,0.98,176.0,0.97,79.0,0.99,446.59,,,0.01,448.61,,,0.02,186.0,0.03,79.0,0.01,0.01,2330.336845,1776396881000
1776396883.036,283.036,0.98,176.0,0.97,79.0,0.99,431.42,,,0.01,436.48,,,0.02,171.0,0.03,79.0,0.01,0.01,2330.336845,1776396881000
1776396883.374,283.374,0.98,141.0,0.97,79.0,0.99,336.42,,,0.01,366.42,,,0.02,171.0,0.03,79.0,0.01,0.01,2330.400754,1776396882000
1776396883.649,283.649,0.98,141.0,0.97,79.0,0.99,339.42,,,0.01,336.42,,,0.02,141.0,0.03,79.0,0.01,0.01,2330.400754,1776396882000
1776396884.038,284.038,0.98,141.0,0.97,79.0,0.99,319.21,,,0.01,339.42,,,0.02,141.0,0.03,79.0,0.01,0.01,2330.400754,1776396882000
1776396884.953,284.953,0.98,146.0,0.97,79.0,0.99,307.1,,,0.01,317.21,,,0.02,141.0,0.03,79.0,0.01,0.01,2330.57288,1776396883000
1776396885.39,285.39,0.98,146.0,0.97,79.0,0.99,266.7,,,0.01,307.1,,,0.02,146.0,0.03,79.0,0.01,0.01,2330.668617,1776396884000
1776396885.735,285.735,0.98,141.0,0.97,79.0,0.99,246.7,,,0.01,266.7,,,0.02,146.0,0.03,79.0,0.01,0.01,2330.668617,1776396884000
1776396886.248,286.248,0.99,1343.25,0.98,169.0,,,,,,,,,0.01,264.3,0.02,141.0,,,2330.574985,1776396885000
1776396886.673,286.673,0.99,1339.46,0.98,140.0,,,,,,,,,0.01,1341.07,0.02,169.0,,,2330.574985,1776396885000
1776396890.897,290.897,0.99,2745.69,0.98,85.99,,,,,,,,,0.01,1339.46,0.02,140.0,,,2330.66856,1776396889000
1776396892.801,292.801,0.99,3949.68,0.98,85.99,,,,,,,,,0.01,2745.69,0.02,85.99,,,2330.929905,1776396891000

# RESULT,winner=Up,slug=eth-updown-5m-1776396600,ticks=250
