timestamp,elapsed_sec,up_bid_p1,up_bid_s1,up_bid_p2,up_bid_s2,up_ask_p1,up_ask_s1,up_ask_p2,up_ask_s2,down_bid_p1,down_bid_s1,down_bid_p2,down_bid_s2,down_ask_p1,down_ask_s1,down_ask_p2,down_ask_s2,up_spread,down_spread,eth_price,eth_oracle_ts
1776271800.573,0.573,0.5,6.0,0.48,10.0,0.54,149.0,0.6,38.0,0.48,25.0,0.47,26.0,0.5,23.67,0.52,55.0,0.04,0.02,2341.772741,1776271799000
1776271800.78,0.78,0.48,2.51,0.47,20.0,0.54,149.0,0.6,38.0,0.46,149.0,0.4,38.0,0.5,6.0,0.52,10.0,0.06,0.04,2341.772741,1776271799000
1776271801.062,1.062,0.48,2.51,0.47,20.0,0.54,149.0,0.6,38.0,0.46,149.0,0.4,38.0,0.52,2.51,0.53,20.0,0.06,0.06,2342.249699,1776271800000
1776271801.374,1.374,0.51,22.0,0.49,5.0,0.54,11.0,0.62,111.0,0.46,149.0,0.4,38.0,0.52,2.51,0.53,20.0,0.03,0.06,2342.249699,1776271800000
1776271802.02,2.02,0.61,2.0,0.6,10.0,0.64,46.89,0.65,25.0,0.44,18.0,0.42,11.0,0.48,113.0,0.49,35.0,0.03,0.04,2342.249699,1776271800000
1776271802.365,2.365,0.6,10.0,0.59,10.0,0.64,15.0,0.65,5.0,0.36,34.17,0.35,25.0,0.39,2.0,0.4,10.0,0.04,0.03,2342.407795,1776271801000
1776271802.641,2.641,0.61,44.0,0.6,22.0,0.62,2.0,0.63,16.0,0.38,2.0,0.37,5.0,0.39,5.0,0.4,10.0,0.01,0.01,2342.407795,1776271801000
1776271802.854,2.854,0.61,46.0,0.6,15.0,0.65,5.0,0.67,305.0,0.35,5.0,0.33,305.0,0.38,2.0,0.39,5.0,0.04,0.03,2342.407795,1776271801000
1776271803.203,3.203,0.61,14.23,0.6,10.0,0.65,4.0,0.66,5.0,0.35,4.0,0.34,5.0,0.39,14.23,0.4,10.0,0.04,0.04,2342.714851,1776271802000
1776271803.693,3.693,0.62,10.0,0.61,24.23,0.63,3.1,0.66,13.0,0.34,15.0,0.33,15.0,0.38,10.0,0.39,24.23,0.01,0.04,2342.714851,1776271802000
1776271803.935,3.935,0.62,20.0,0.61,29.23,0.67,73.08,0.68,5.0,0.37,3.1,0.34,13.0,0.38,10.0,0.39,24.23,0.05,0.01,2342.714851,1776271802000
1776271804.393,4.393,0.66,5.0,0.65,15.0,0.67,83.08,0.68,10.0,0.33,83.08,0.32,10.0,0.34,5.0,0.35,15.0,0.01,0.01,2344.001423,1776271803000
1776271805.288,5.288,0.66,5.0,0.65,15.0,0.67,83.08,0.68,10.0,0.33,83.08,0.32,10.0,0.34,5.0,0.35,15.0,0.01,0.01,2343.854594,1776271804000
1776271805.5,5.5,0.65,58.68,0.64,87.0,0.67,267.08,0.68,185.0,0.33,222.08,0.32,135.0,0.34,5.0,0.35,60.0,0.02,0.01,2343.854594,1776271804000
1776271805.833,5.833,0.66,5.0,0.65,58.68,0.67,272.08,0.68,185.0,0.33,267.08,0.32,185.0,0.35,58.68,0.36,87.0,0.01,0.02,2343.854594,1776271804000
1776271806.337,6.337,0.66,5.0,0.65,58.68,0.67,272.08,0.68,185.0,0.33,272.08,0.32,185.0,0.34,5.0,0.35,58.68,0.01,0.01,2343.964585,1776271805000
1776271806.91,6.91,0.66,5.0,0.65,8.68,0.67,265.08,0.68,185.0,0.33,272.08,0.32,185.0,0.34,5.0,0.35,58.68,0.01,0.01,2343.964585,1776271805000
1776271807.34,7.34,0.66,5.0,0.65,8.68,0.67,265.08,0.68,185.0,0.33,265.08,0.32,185.0,0.34,5.0,0.35,8.68,0.01,0.01,2344.017,1776271806000
1776271808.222,8.222,0.66,90.0,0.65,180.68,0.69,43.92,0.7,165.0,0.33,236.08,0.32,160.0,0.34,5.0,0.35,58.68,0.03,0.01,2344.017,1776271806000
1776271808.426,8.426,0.69,8.32,0.68,16.0,0.7,170.0,0.71,85.0,0.3,170.0,0.29,85.0,0.31,8.32,0.32,16.0,0.01,0.01,2344.03237,1776271807000
1776271808.873,8.873,0.68,11.0,0.67,10.0,0.69,159.86,0.7,114.0,0.3,170.0,0.29,85.0,0.31,8.32,0.32,16.0,0.01,0.01,2344.03237,1776271807000
1776271809.233,9.233,0.64,55.07,0.63,77.0,0.67,757.5,0.68,133.03,0.31,164.86,0.3,114.0,0.33,10.0,0.34,5.0,0.03,0.02,2344.03237,1776271807000
1776271809.603,9.603,0.65,1.42,0.64,20.5,0.66,715.69,0.67,217.5,0.34,712.54,0.33,217.5,0.35,1.42,0.36,25.5,0.01,0.01,2344.03237,1776271807000
1776271809.907,9.907,0.63,77.0,0.62,172.0,0.66,720.69,0.67,217.5,0.34,720.69,0.33,217.5,0.37,77.0,0.38,172.0,0.03,0.03,2344.00889,1776271808000
1776271810.398,10.398,0.64,155.0,0.63,193.0,0.65,538.3,0.66,75.0,0.35,645.0,0.34,105.0,0.36,133.5,0.37,82.0,0.01,0.01,2344.00889,1776271808000
1776271810.768,10.768,0.64,202.22,0.63,308.0,0.65,546.43,0.66,190.0,0.35,538.3,0.34,75.0,0.36,207.22,0.37,308.0,0.01,0.01,2344.087831,1776271809000
1776271811.613,11.613,0.63,41.5,0.62,125.5,0.64,708.43,0.65,213.43,0.35,546.43,0.34,190.0,0.36,202.22,0.37,308.0,0.01,0.01,2344.077024,1776271810000
1776271811.878,11.878,0.65,35.5,0.64,317.5,0.66,530.0,0.67,170.0,0.36,708.43,0.35,213.43,0.37,41.5,0.38,125.5,0.01,0.01,2344.077024,1776271810000
1776271812.367,12.367,0.64,131.61,0.63,138.5,0.66,530.0,0.67,170.0,0.34,535.0,0.33,170.0,0.35,29.11,0.36,319.87,0.02,0.01,2343.983749,1776271811000
1776271813.006,13.006,0.66,113.5,0.65,479.3,0.67,45.0,0.68,50.0,0.34,530.0,0.33,170.0,0.36,131.61,0.37,138.5,0.01,0.02,2343.983749,1776271811000
1776271813.665,13.665,0.67,73.74,0.66,242.0,0.68,50.0,0.69,50.0,0.33,45.0,0.32,50.0,0.34,113.5,0.35,479.3,0.01,0.01,2344.00259,1776271812000
1776271814.569,14.569,0.68,3.0,0.67,915.5,0.69,55.0,0.7,60.0,0.32,48.38,0.31,50.0,0.33,63.24,0.34,237.0,0.01,0.01,2344.118632,1776271813000
1776271815.457,15.457,0.68,13.0,0.67,15.0,0.69,669.1,0.7,95.5,0.31,60.0,0.3,65.0,0.32,139.0,0.33,763.5,0.01,0.01,2344.118632,1776271813000
1776271815.835,15.835,0.68,13.0,0.67,25.0,0.69,814.6,0.7,95.5,0.31,669.1,0.3,95.5,0.32,13.0,0.33,15.0,0.01,0.01,2344.51646,1776271814000
1776271816.104,16.104,0.67,6.93,0.66,16.0,0.69,854.6,0.7,135.5,0.31,814.6,0.3,95.5,0.32,13.0,0.33,25.0,0.02,0.01,2344.51646,1776271814000
1776271816.687,16.687,0.64,156.0,0.63,403.0,0.66,66.0,0.67,26.5,0.31,854.6,0.3,135.5,0.33,6.93,0.34,16.0,0.02,0.02,2344.51671,1776271815000
1776271817.266,17.266,0.65,76.0,0.64,216.0,0.66,179.25,0.67,681.5,0.34,66.0,0.33,26.5,0.36,156.0,0.37,403.0,0.01,0.02,2344.562262,1776271816000
1776271818.747,18.747,0.64,10.0,0.63,126.0,0.66,816.5,0.67,125.5,0.34,179.25,0.33,681.5,0.35,76.0,0.36,216.0,0.02,0.01,2344.188818,1776271817000
1776271819.261,19.261,0.63,105.0,0.62,76.0,0.64,733.84,0.65,140.5,0.34,816.5,0.33,125.5,0.37,126.0,0.38,138.0,0.01,0.03,2344.176243,1776271818000
1776271819.643,19.643,0.63,909.0,0.62,252.5,0.66,49.56,0.67,670.5,0.36,733.84,0.35,140.5,0.37,105.0,0.38,76.0,0.03,0.01,2344.176243,1776271818000
1776271820.613,20.613,0.63,53.57,0.62,55.0,0.64,835.53,0.65,135.5,0.34,49.56,0.33,670.5,0.37,909.0,0.38,252.5,0.01,0.03,2344.22426,1776271819000
1776271820.934,20.934,0.63,0.57,0.62,50.0,0.64,845.53,0.65,135.5,0.36,835.53,0.35,135.5,0.37,53.57,0.38,55.0,0.01,0.01,2344.22426,1776271819000
1776271821.229,21.229,0.62,61.0,0.61,187.0,0.64,840.53,0.65,135.5,0.36,845.53,0.35,135.5,0.37,0.57,0.38,50.0,0.02,0.01,2344.014382,1776271820000
1776271821.899,21.899,0.62,97.0,0.61,435.0,0.63,51.0,0.64,58.03,0.36,840.53,0.35,135.5,0.38,61.0,0.39,187.0,0.01,0.02,2344.014382,1776271820000
1776271822.67,22.67,0.62,60.31,0.61,113.0,0.63,590.9,0.64,325.53,0.37,51.0,0.36,58.03,0.38,97.0,0.39,435.0,0.01,0.01,2344.005552,1776271821000
1776271824.324,24.324,0.6,51.55,0.58,90.0,0.61,90.5,0.62,674.5,0.37,590.9,0.36,325.53,0.38,60.31,0.39,113.0,0.01,0.01,2343.762876,1776271822000
1776271824.661,24.661,0.6,0.55,0.57,50.0,0.61,882.5,0.62,102.5,0.39,90.5,0.38,674.5,0.4,51.55,0.42,90.0,0.01,0.01,2343.762876,1776271822000
1776271824.924,24.924,0.55,145.55,0.54,193.0,0.57,21.62,0.58,10.0,0.39,879.5,0.38,107.5,0.43,50.0,0.44,50.0,0.02,0.04,2343.803348,1776271823000
1776271826.135,26.135,0.55,305.0,0.54,196.0,0.56,27.5,0.57,82.5,0.43,21.62,0.42,10.0,0.45,125.55,0.46,193.0,0.01,0.02,2343.534971,1776271825000
1776271826.516,26.516,0.55,193.54,0.54,313.0,0.56,10.0,0.57,555.5,0.44,27.5,0.43,82.5,0.45,305.0,0.46,196.0,0.01,0.01,2343.534971,1776271825000
1776271827.323,27.323,0.55,155.54,0.54,196.0,0.56,75.5,0.57,682.5,0.44,10.0,0.43,555.5,0.45,193.54,0.46,313.0,0.01,0.01,2343.534971,1776271825000
1776271827.663,27.663,0.52,146.66,0.51,290.8,0.53,25.5,0.54,150.5,0.44,75.5,0.43,682.5,0.45,155.54,0.46,196.0,0.01,0.01,2343.534971,1776271825000
1776271827.964,27.964,0.51,160.39,0.5,196.0,0.52,20.5,0.53,677.5,0.47,197.21,0.46,510.5,0.48,93.53,0.49,120.8,0.01,0.01,2343.0673,1776271826000
1776271828.316,28.316,0.51,55.79,0.5,858.0,0.52,15.0,0.53,655.5,0.48,20.5,0.47,672.5,0.5,415.36,0.51,695.0,0.01,0.02,2343.0673,1776271826000
1776271828.855,28.855,0.51,58.55,0.5,263.0,0.53,655.5,0.54,297.5,0.48,4.8,0.47,655.5,0.49,55.79,0.5,858.0,0.02,0.01,2343.065514,1776271827000
1776271829.498,29.498,0.51,23.55,0.5,167.72,0.52,185.38,0.53,660.5,0.47,655.5,0.46,297.5,0.49,58.55,0.5,263.0,0.01,0.02,2343.065514,1776271827000
1776271830.002,30.002,0.51,23.55,0.5,167.72,0.52,179.5,0.53,660.5,0.48,185.38,0.47,660.5,0.49,23.55,0.5,167.72,0.01,0.01,2343.050891,1776271828000
1776271830.648,30.648,0.51,295.1,0.5,233.0,0.52,0.76,0.53,777.5,0.48,179.5,0.47,660.5,0.49,23.55,0.5,167.72,0.01,0.01,2342.83298,1776271829000
1776271830.859,30.859,0.51,295.1,0.5,233.0,0.52,45.85,0.53,660.5,0.48,0.76,0.47,777.5,0.49,295.1,0.5,233.0,0.01,0.01,2342.83298,1776271829000
1776271831.268,31.268,0.51,148.03,0.5,231.0,0.52,55.76,0.53,777.5,0.48,45.85,0.47,660.5,0.49,295.1,0.5,233.0,0.01,0.01,2342.83298,1776271829000
1776271831.604,31.604,0.52,95.0,0.51,76.48,0.53,752.82,0.54,305.5,0.47,756.73,0.46,300.5,0.49,148.03,0.5,231.0,0.01,0.02,2342.83298,1776271829000
1776271833.775,33.775,0.52,10.0,0.51,66.0,0.53,892.15,0.54,180.5,0.47,752.82,0.46,305.5,0.48,95.0,0.49,76.48,0.01,0.01,2342.689113,1776271832000
1776271834.457,34.457,0.52,879.5,0.51,227.4,0.53,14.33,0.55,35.01,0.47,892.15,0.46,180.5,0.48,10.0,0.49,66.0,0.01,0.01,2342.68351,1776271833000
1776271835.03,35.03,0.54,61.0,0.53,66.0,0.55,650.87,0.56,185.5,0.45,35.01,0.44,170.5,0.48,920.5,0.49,227.4,0.01,0.03,2342.68351,1776271833000
1776271835.246,35.246,0.54,5.0,0.52,6.0,0.55,842.98,0.56,252.5,0.45,557.67,0.44,185.5,0.46,61.0,0.47,66.0,0.01,0.01,2342.68351,1776271833000
1776271836.303,36.303,0.52,47.82,0.51,249.12,0.53,187.5,0.54,297.5,0.47,178.5,0.46,125.5,0.48,22.0,0.49,82.0,0.01,0.01,2342.613791,1776271834000
1776271837.736,37.736,0.54,51.0,0.53,852.5,0.55,67.5,0.56,175.5,0.47,187.5,0.46,297.5,0.48,47.82,0.49,249.12,0.01,0.01,2342.763159,1776271836000
1776271839.158,39.158,0.56,15.0,0.55,15.0,0.57,279.5,0.58,190.0,0.45,67.5,0.44,175.5,0.46,51.0,0.47,852.5,0.01,0.01,2342.707958,1776271837000
1776271839.842,39.842,0.56,52.72,0.55,201.0,0.57,304.5,0.58,675.0,0.43,279.5,0.42,190.0,0.44,15.0,0.45,15.0,0.01,0.01,2342.77511,1776271838000
1776271841.719,41.719,0.56,251.0,0.55,699.5,0.57,57.5,0.58,190.5,0.43,307.74,0.42,675.0,0.44,52.72,0.45,201.0,0.01,0.01,2342.957866,1776271840000
1776271842.005,42.005,0.56,29.22,0.55,699.5,0.57,50.0,0.58,190.5,0.43,52.5,0.42,190.5,0.44,251.0,0.45,699.5,0.01,0.01,2342.957866,1776271840000
1776271842.545,42.545,0.57,560.5,0.56,202.5,0.58,72.0,0.59,175.5,0.43,50.0,0.42,190.5,0.44,29.22,0.45,699.5,0.01,0.01,2342.946611,1776271841000
1776271846.016,46.016,0.61,630.0,0.6,227.72,0.62,154.0,0.63,220.5,0.42,67.0,0.41,175.5,0.43,670.84,0.44,202.5,0.01,0.01,2343.10153,1776271843000
1776271846.336,46.336,0.61,655.5,0.6,227.72,0.62,140.19,0.63,342.5,0.38,154.0,0.37,220.5,0.39,630.0,0.4,227.72,0.01,0.01,2343.57835,1776271844000
1776271846.634,46.634,0.61,642.8,0.6,227.72,0.62,137.81,0.63,342.5,0.38,140.19,0.37,342.5,0.39,642.8,0.4,227.72,0.01,0.01,2343.57835,1776271844000
1776271847.571,47.571,0.61,360.88,0.6,120.72,0.62,133.13,0.63,342.5,0.38,133.13,0.37,342.5,0.39,642.8,0.4,227.72,0.01,0.01,2343.58577,1776271845000
1776271848.611,48.611,0.62,862.5,0.61,90.5,0.63,30.0,0.64,210.0,0.38,133.13,0.37,342.5,0.39,360.88,0.4,120.72,0.01,0.01,2343.625735,1776271846000
1776271849.627,49.627,0.62,741.67,0.61,170.5,0.65,130.0,0.66,270.56,0.37,30.0,0.36,210.0,0.38,862.5,0.39,90.5,0.03,0.01,2343.64117,1776271847000
1776271850.192,50.192,0.64,594.0,0.63,195.5,0.65,282.0,0.66,163.56,0.35,130.0,0.34,270.56,0.38,741.67,0.39,170.5,0.01,0.03,2343.64809,1776271848000
1776271850.529,50.529,0.64,536.49,0.63,130.0,0.65,266.61,0.66,179.06,0.35,282.0,0.34,163.56,0.36,586.49,0.37,195.5,0.01,0.01,2343.66975,1776271849000
1776271851.024,51.024,0.64,561.49,0.63,195.0,0.65,175.76,0.66,189.06,0.35,266.61,0.34,179.06,0.36,536.49,0.37,130.0,0.01,0.01,2343.66975,1776271849000
1776271851.3,51.3,0.64,551.49,0.63,210.5,0.65,155.26,0.66,189.06,0.35,175.76,0.34,189.06,0.36,561.49,0.37,195.0,0.01,0.01,2343.889887,1776271850000
1776271851.507,51.507,0.64,551.49,0.63,215.5,0.65,150.64,0.66,189.06,0.35,155.26,0.34,189.06,0.36,551.49,0.37,210.5,0.01,0.01,2343.889887,1776271850000
1776271853.768,53.768,0.65,38.33,0.64,41.0,0.66,229.06,0.67,190.5,0.35,150.64,0.34,189.06,0.36,513.15,0.37,215.5,0.01,0.01,2343.966972,1776271852000
1776271854.605,54.605,0.64,45.0,0.63,31.0,0.65,429.5,0.66,664.21,0.34,211.21,0.33,190.5,0.35,27.17,0.36,41.0,0.01,0.01,2343.978965,1776271853000
1776271856.731,56.731,0.64,40.0,0.63,41.0,0.65,97.92,0.66,276.21,0.35,429.5,0.34,664.21,0.36,45.0,0.37,31.0,0.01,0.01,2343.93294,1776271855000
1776271857.317,57.317,0.64,555.0,0.63,323.0,0.65,39.0,0.66,173.21,0.35,97.92,0.34,276.21,0.36,40.0,0.37,41.0,0.01,0.01,2343.93294,1776271856000
1776271858.685,58.685,0.63,40.0,0.62,537.0,0.65,430.5,0.66,659.21,0.35,39.0,0.34,173.21,0.36,555.0,0.37,323.0,0.02,0.01,2343.926214,1776271857000
1776271859.872,59.872,0.63,35.0,0.62,20.0,0.64,367.09,0.65,668.5,0.35,430.5,0.34,659.21,0.37,40.0,0.38,537.0,0.01,0.02,2343.920085,1776271858000
1776271860.347,60.347,0.6,55.0,0.59,167.0,0.63,5.0,0.64,925.5,0.36,367.09,0.35,668.5,0.37,35.0,0.38,20.0,0.03,0.01,2343.920085,1776271858000
1776271862.029,62.029,0.63,64.0,0.62,69.0,0.64,23.43,0.65,771.5,0.37,135.5,0.36,790.5,0.4,55.0,0.41,162.0,0.01,0.03,2343.835283,1776271860000
1776271862.863,62.863,0.62,30.0,0.61,21.0,0.63,865.32,0.64,59.43,0.36,23.43,0.35,771.5,0.37,64.0,0.38,69.0,0.01,0.01,2343.748635,1776271861000
1776271863.267,63.267,0.6,76.0,0.59,60.0,0.62,868.5,0.63,192.44,0.38,20.5,0.37,936.13,0.39,2.72,0.4,76.0,0.02,0.01,2343.748635,1776271861000
1776271865.724,65.724,0.57,45.0,0.56,75.0,0.58,873.29,0.59,127.5,0.38,868.5,0.37,192.44,0.4,76.0,0.41,60.0,0.01,0.02,2343.534334,1776271864000
1776271867.058,67.058,0.53,75.0,0.52,65.0,0.56,935.5,0.57,152.5,0.42,873.29,0.41,127.5,0.43,45.0,0.44,75.0,0.03,0.01,2343.102485,1776271865000
1776271867.654,67.654,0.52,24.62,0.51,226.81,0.53,631.4,0.54,126.5,0.44,935.5,0.43,152.5,0.47,75.0,0.48,65.0,0.01,0.03,2342.896482,1776271866000
1776271868.033,68.033,0.52,15.0,0.51,50.0,0.53,729.34,0.54,148.24,0.47,617.7,0.46,126.5,0.48,24.62,0.49,226.81,0.01,0.01,2342.88465,1776271867000
1776271868.294,68.294,0.5,30.0,0.49,141.12,0.53,863.98,0.54,153.24,0.47,729.34,0.46,148.24,0.48,15.0,0.49,50.0,0.03,0.01,2342.88465,1776271867000
1776271868.528,68.528,0.49,141.12,0.48,130.0,0.51,56.0,0.52,206.5,0.49,36.0,0.48,156.5,0.5,26.72,0.51,141.12,0.02,0.01,2342.88465,1776271867000
1776271868.805,68.805,0.49,14.02,0.48,130.0,0.5,766.4,0.51,126.5,0.5,20.4,0.49,308.5,0.51,41.12,0.52,140.0,0.01,0.01,2342.88465,1776271867000
1776271869.087,69.087,0.48,7.18,0.47,235.64,0.49,16.0,0.5,876.9,0.5,815.9,0.49,217.5,0.51,11.92,0.52,85.42,0.01,0.01,2342.774372,1776271868000
1776271869.345,69.345,0.46,51.4,0.45,147.24,0.48,792.5,0.49,351.5,0.51,16.0,0.5,876.9,0.52,7.18,0.53,235.64,0.02,0.01,2342.774372,1776271868000
1776271869.635,69.635,0.46,57.3,0.45,147.24,0.47,647.0,0.48,356.5,0.52,792.5,0.51,351.5,0.54,51.4,0.55,147.24,0.01,0.02,2342.774372,1776271868000
1776271869.843,69.843,0.46,56.3,0.45,769.24,0.47,40.0,0.48,120.5,0.53,647.0,0.52,356.5,0.54,57.3,0.55,147.24,0.01,0.01,2342.774372,1776271868000
1776271870.357,70.357,0.46,238.3,0.45,757.0,0.48,246.5,0.49,656.5,0.53,40.0,0.52,120.5,0.54,56.3,0.55,769.24,0.02,0.01,2342.685546,1776271869000
1776271870.989,70.989,0.49,857.0,0.48,66.0,0.52,82.0,0.53,177.0,0.52,246.5,0.51,656.5,0.54,238.3,0.55,757.0,0.03,0.02,2342.685546,1776271869000
1776271871.686,71.686,0.51,584.0,0.5,358.5,0.52,17.0,0.53,190.0,0.5,4.38,0.49,180.0,0.51,142.05,0.52,115.42,0.01,0.01,2342.076085,1776271870000
1776271872.895,72.895,0.51,6.0,0.5,16.0,0.52,830.0,0.53,85.0,0.48,17.0,0.47,190.0,0.49,584.0,0.5,358.5,0.01,0.01,2342.099685,1776271871000
1776271876.149,76.149,0.5,535.0,0.49,210.0,0.51,70.59,0.52,87.0,0.48,830.0,0.47,85.0,0.49,6.0,0.5,16.0,0.01,0.01,2342.373105,1776271875000
1776271876.511,76.511,0.5,37.86,0.49,85.0,0.51,197.59,0.52,567.0,0.49,70.59,0.48,87.0,0.5,535.0,0.51,210.0,0.01,0.01,2342.373105,1776271875000
1776271877.705,77.705,0.47,10.0,0.46,115.43,0.48,45.27,0.49,41.5,0.49,197.59,0.48,567.0,0.5,37.86,0.51,85.0,0.01,0.01,2342.302639,1776271876000
1776271878.044,78.044,0.46,81.43,0.45,85.0,0.47,909.5,0.48,92.27,0.52,45.27,0.51,41.5,0.53,10.0,0.54,115.43,0.01,0.01,2342.302639,1776271876000
1776271878.394,78.394,0.43,147.71,0.42,25.0,0.45,263.5,0.46,351.07,0.54,201.33,0.53,182.5,0.56,48.89,0.57,150.0,0.02,0.02,2342.302639,1776271876000
1776271878.697,78.697,0.4,50.0,0.39,175.0,0.42,99.0,0.43,10.0,0.56,500.0,0.55,309.5,0.59,5.0,0.6,50.0,0.02,0.03,2342.302639,1776271876000
1776271879.074,79.074,0.4,107.0,0.39,175.0,0.41,609.1,0.42,190.5,0.58,99.0,0.57,10.0,0.6,50.0,0.61,175.0,0.01,0.02,2342.302639,1776271876000
1776271879.402,79.402,0.4,10.0,0.39,175.0,0.41,767.2,0.42,228.5,0.59,609.1,0.58,190.5,0.6,107.0,0.61,175.0,0.01,0.01,2342.296918,1776271877000
1776271879.907,79.907,0.39,175.0,0.38,167.0,0.4,765.1,0.41,370.7,0.59,767.2,0.58,228.5,0.6,10.0,0.61,175.0,0.01,0.01,2342.296918,1776271877000
1776271880.155,80.155,0.39,168.24,0.38,167.0,0.4,775.6,0.41,365.7,0.6,770.1,0.59,370.7,0.61,173.24,0.62,167.0,0.01,0.01,2342.296918,1776271877000
1776271880.823,80.823,0.39,134.24,0.38,61.0,0.4,941.8,0.41,242.7,0.6,784.8,0.59,375.7,0.61,168.24,0.62,167.0,0.01,0.01,2341.702803,1776271878000
1776271882.117,82.117,0.36,3.28,0.35,192.0,0.37,349.5,0.38,636.5,0.6,941.8,0.59,242.7,0.61,134.24,0.62,61.0,0.01,0.01,2341.342962,1776271880000
1776271882.439,82.439,0.36,1.71,0.35,192.0,0.37,434.5,0.38,697.5,0.63,349.5,0.62,636.5,0.64,3.28,0.65,192.0,0.01,0.01,2341.342962,1776271880000
1776271883.057,83.057,0.36,51.98,0.35,192.0,0.37,439.5,0.38,686.5,0.63,434.5,0.62,697.5,0.64,1.71,0.65,192.0,0.01,0.01,2341.318505,1776271881000
1776271883.402,83.402,0.36,372.48,0.35,141.5,0.37,5.0,0.38,10.0,0.63,439.5,0.62,686.5,0.64,51.98,0.65,192.0,0.01,0.01,2341.318505,1776271881000
1776271884.27,84.27,0.39,785.5,0.38,125.5,0.4,10.0,0.41,80.5,0.62,4.94,0.61,20.5,0.63,759.62,0.64,127.48,0.01,0.01,2341.271566,1776271882000
1776271885.881,85.881,0.4,738.0,0.39,136.5,0.43,10.0,0.44,60.0,0.6,8.33,0.59,80.5,0.61,785.5,0.62,120.5,0.03,0.01,2341.13481,1776271884000
1776271886.19,86.19,0.42,72.5,0.41,560.5,0.44,127.0,0.45,220.5,0.57,7.0,0.56,60.0,0.6,738.0,0.61,136.5,0.02,0.03,2341.13481,1776271884000
1776271886.836,86.836,0.43,716.5,0.42,220.5,0.44,1.31,0.45,197.0,0.56,127.0,0.55,220.5,0.58,72.5,0.59,560.5,0.01,0.02,2341.13481,1776271884000
1776271887.9,87.9,0.44,889.5,0.43,161.5,0.46,25.0,0.47,130.5,0.55,147.0,0.54,214.02,0.57,718.67,0.58,220.5,0.02,0.02,2341.491317,1776271886000
1776271888.335,88.335,0.45,746.0,0.44,145.5,0.46,57.67,0.47,135.5,0.54,25.0,0.53,130.5,0.56,889.5,0.57,161.5,0.01,0.02,2341.491317,1776271886000
1776271890.855,90.855,0.46,61.5,0.45,747.5,0.47,152.0,0.48,180.5,0.54,13.67,0.53,135.5,0.55,741.0,0.56,155.5,0.01,0.01,2341.888238,1776271889000
1776271891.217,91.217,0.46,50.94,0.45,747.5,0.47,157.0,0.48,256.5,0.53,152.0,0.52,180.5,0.54,61.5,0.55,747.5,0.01,0.01,2341.97319,1776271890000
1776271893.412,93.412,0.48,139.0,0.47,620.5,0.49,50.5,0.5,312.5,0.53,157.0,0.52,256.5,0.54,50.94,0.55,747.5,0.01,0.01,2342.0771,1776271892000
1776271895.288,95.288,0.48,24.0,0.47,184.0,0.49,323.45,0.5,186.5,0.51,50.5,0.5,312.5,0.52,139.0,0.53,620.5,0.01,0.01,2342.1726,1776271893000
1776271895.879,95.879,0.43,50.0,0.42,82.0,0.45,213.05,0.46,227.5,0.51,817.45,0.5,186.5,0.52,19.0,0.53,10.0,0.02,0.01,2342.1726,1776271894000
1776271896.161,96.161,0.41,64.59,0.4,75.0,0.42,76.0,0.43,10.0,0.55,213.05,0.54,227.5,0.57,50.0,0.58,82.0,0.01,0.02,2342.1726,1776271894000
1776271896.615,96.615,0.4,222.83,0.39,175.0,0.41,81.0,0.42,63.0,0.58,240.0,0.57,16.0,0.59,57.13,0.6,75.0,0.01,0.01,2342.1726,1776271894000
1776271897.034,97.034,0.4,712.24,0.39,194.5,0.41,16.0,0.42,88.0,0.58,22.0,0.57,16.0,0.6,353.99,0.61,70.5,0.01,0.02,2342.1926,1776271895000
1776271897.387,97.387,0.4,685.24,0.39,219.5,0.41,42.1,0.42,104.8,0.58,79.8,0.57,131.0,0.6,707.24,0.61,194.5,0.01,0.02,2342.028497,1776271896000
1776271897.701,97.701,0.4,851.24,0.39,104.5,0.41,4.4,0.42,112.8,0.59,21.1,0.58,127.8,0.6,800.24,0.61,104.5,0.01,0.01,2342.028497,1776271896000
1776271898.231,98.231,0.4,866.24,0.39,114.5,0.41,7.5,0.42,23.8,0.59,4.4,0.58,112.8,0.6,851.24,0.61,104.5,0.01,0.01,2342.028497,1776271896000
1776271898.459,98.459,0.4,160.24,0.39,715.5,0.41,12.5,0.42,23.8,0.59,7.5,0.58,23.8,0.6,866.24,0.61,114.5,0.01,0.01,2341.615,1776271897000
1776271899.814,99.814,0.4,124.23,0.39,120.5,0.41,52.8,0.42,212.3,0.59,5.8,0.58,23.8,0.6,155.23,0.61,721.5,0.01,0.01,2341.615,1776271898000
1776271900.575,100.575,0.4,720.23,0.39,125.5,0.41,14.8,0.42,94.8,0.59,52.8,0.58,212.3,0.6,124.23,0.61,120.5,0.01,0.01,2341.61755,1776271899000
1776271906.892,106.892,0.35,10.0,0.34,228.0,0.36,238.22,0.37,631.5,0.59,14.8,0.58,94.8,0.6,720.23,0.61,125.5,0.01,0.01,2341.450953,1776271905000
1776271912.09,112.09,0.3,250.57,0.29,774.5,0.31,128.0,0.32,299.5,0.64,238.22,0.63,631.5,0.65,10.0,0.66,228.0,0.01,0.01,2340.734289,1776271911000
1776271913.652,113.652,0.29,70.0,0.28,65.0,0.3,839.6,0.31,190.5,0.69,128.0,0.68,299.5,0.7,250.57,0.71,774.5,0.01,0.01,2340.683556,1776271912000
1776271913.977,113.977,0.29,10.0,0.28,60.0,0.3,1062.9,0.31,322.62,0.7,839.6,0.69,190.5,0.71,70.0,0.72,65.0,0.01,0.01,2340.683556,1776271912000
1776271914.966,114.966,0.28,927.5,0.27,184.5,0.31,116.12,0.32,204.5,0.7,1062.9,0.69,322.62,0.71,10.0,0.72,60.0,0.03,0.01,2340.604542,1776271913000
1776271915.286,115.286,0.29,104.45,0.28,797.5,0.3,4.0,0.31,37.12,0.7,4.0,0.69,37.12,0.71,107.5,0.72,802.5,0.01,0.01,2340.499428,1776271914000
1776271915.665,115.665,0.29,657.45,0.28,807.5,0.31,27.12,0.32,60.0,0.7,4.0,0.69,37.12,0.71,104.45,0.72,797.5,0.02,0.01,2340.499428,1776271914000
1776271915.888,115.888,0.31,837.5,0.3,94.5,0.32,24.99,0.33,21.0,0.69,27.12,0.68,60.0,0.71,657.45,0.72,807.5,0.01,0.02,2340.499428,1776271914000
1776271916.356,116.356,0.33,88.0,0.32,187.5,0.36,13.0,0.37,21.0,0.67,4.0,0.66,10.0,0.68,45.5,0.69,813.5,0.03,0.01,2340.471574,1776271915000
1776271917.628,117.628,0.36,113.0,0.35,105.5,0.37,16.0,0.38,157.5,0.64,13.0,0.63,21.0,0.67,88.0,0.68,187.5,0.01,0.03,2340.557673,1776271916000
1776271919.736,119.736,0.36,99.0,0.35,122.5,0.37,188.01,0.38,575.5,0.62,157.5,0.61,123.5,0.64,113.0,0.65,105.5,0.01,0.02,2341.178042,1776271918000
1776271920.385,120.385,0.36,88.68,0.35,132.5,0.37,140.5,0.38,692.5,0.63,188.01,0.62,575.5,0.64,99.0,0.65,122.5,0.01,0.01,2341.180489,1776271919000
1776271920.61,120.61,0.36,59.85,0.35,112.0,0.37,327.5,0.38,575.5,0.63,140.5,0.62,692.5,0.64,73.05,0.65,132.5,0.01,0.01,2341.180489,1776271919000
1776271921.316,121.316,0.33,65.0,0.32,125.5,0.34,49.44,0.35,942.5,0.63,327.5,0.62,575.5,0.64,59.85,0.65,112.0,0.01,0.01,2341.162183,1776271920000
1776271923.89,123.89,0.28,0.08,0.27,55.0,0.29,1144.5,0.3,317.99,0.66,49.44,0.65,942.5,0.67,65.0,0.68,125.5,0.01,0.01,2341.01819,1776271922000
1776271924.884,124.884,0.25,120.0,0.24,100.0,0.26,1100.8,0.27,253.5,0.71,1144.5,0.7,317.99,0.73,55.0,0.74,100.0,0.01,0.02,2340.595362,1776271923000
1776271926.585,126.585,0.22,871.5,0.21,151.5,0.24,92.0,0.25,50.5,0.74,1100.8,0.73,253.5,0.75,120.0,0.76,100.0,0.02,0.01,2340.24233,1776271925000
1776271927.109,127.109,0.23,216.61,0.22,729.0,0.24,107.5,0.25,215.5,0.76,97.0,0.75,215.5,0.77,222.0,0.78,739.5,0.01,0.01,2340.24233,1776271925000
1776271927.407,127.407,0.23,722.5,0.22,229.5,0.24,76.0,0.25,55.5,0.76,107.5,0.75,215.5,0.77,216.61,0.78,729.0,0.01,0.01,2340.24233,1776271925000
1776271927.614,127.614,0.23,86.92,0.22,711.5,0.24,108.5,0.25,55.5,0.76,98.5,0.75,55.5,0.77,93.0,0.78,711.5,0.01,0.01,2339.991025,1776271926000
1776271928.333,128.333,0.23,64.79,0.22,711.5,0.24,216.5,0.25,219.25,0.76,108.5,0.75,55.5,0.77,86.92,0.78,711.5,0.01,0.01,2340.010851,1776271927000
1776271929.329,129.329,0.23,49.79,0.22,686.5,0.24,267.69,0.25,385.25,0.76,216.5,0.75,219.25,0.77,64.79,0.78,711.5,0.01,0.01,2340.189912,1776271928000
1776271929.776,129.776,0.23,686.29,0.22,204.5,0.24,117.19,0.25,383.25,0.76,252.19,0.75,385.25,0.77,43.29,0.78,686.5,0.01,0.01,2340.189912,1776271928000
1776271930.17,130.17,0.23,701.79,0.22,204.5,0.24,113.68,0.25,268.25,0.76,117.19,0.75,383.25,0.77,686.29,0.78,204.5,0.01,0.01,2340.189912,1776271928000
1776271930.46,130.46,0.23,816.79,0.22,80.5,0.25,251.55,0.26,472.5,0.76,81.0,0.75,197.25,0.77,806.79,0.78,99.5,0.02,0.01,2340.123794,1776271929000
1776271931.449,131.449,0.24,613.68,0.23,299.01,0.25,253.25,0.26,472.5,0.75,233.75,0.74,422.5,0.77,805.01,0.78,80.5,0.01,0.02,2340.111336,1776271930000
1776271931.946,131.946,0.24,597.42,0.23,299.01,0.25,233.25,0.26,478.5,0.75,253.25,0.74,472.5,0.76,613.68,0.77,299.01,0.01,0.01,2340.111336,1776271930000
1776271932.62,132.62,0.24,98.42,0.23,662.01,0.25,197.79,0.26,549.5,0.75,233.25,0.74,478.5,0.76,597.42,0.77,299.01,0.01,0.01,2340.1689,1776271931000
1776271933.04,133.04,0.22,558.5,0.21,332.5,0.23,113.81,0.24,230.44,0.75,197.79,0.74,549.5,0.76,98.42,0.77,662.01,0.01,0.01,2340.1689,1776271931000
1776271933.321,133.321,0.22,600.02,0.21,337.5,0.23,102.64,0.24,224.94,0.77,113.81,0.76,230.44,0.78,558.5,0.79,332.5,0.01,0.01,2340.203537,1776271932000
1776271933.787,133.787,0.22,78.25,0.21,817.5,0.23,117.64,0.24,467.44,0.77,102.64,0.76,224.94,0.78,600.02,0.79,337.5,0.01,0.01,2340.203537,1776271932000
1776271934.91,134.91,0.21,85.0,0.2,628.0,0.22,519.68,0.23,769.14,0.77,117.64,0.76,467.44,0.78,78.25,0.79,817.5,0.01,0.01,2340.230424,1776271933000
1776271937.092,137.092,0.19,48.33,0.18,672.5,0.2,316.0,0.21,527.5,0.78,519.68,0.77,769.14,0.79,85.0,0.8,628.0,0.01,0.01,2340.025682,1776271935000
1776271937.968,137.968,0.19,56.08,0.18,662.5,0.2,413.0,0.21,374.5,0.8,316.0,0.79,527.5,0.81,57.59,0.82,662.5,0.01,0.01,2339.933414,1776271936000
1776271938.845,138.845,0.18,655.98,0.17,342.0,0.2,303.0,0.21,265.5,0.8,413.0,0.79,374.5,0.81,56.08,0.82,662.5,0.02,0.01,2339.785266,1776271937000
1776271939.177,139.177,0.18,666.52,0.17,342.0,0.19,177.0,0.2,324.0,0.8,303.0,0.79,265.5,0.82,655.98,0.83,342.0,0.01,0.02,2339.785266,1776271937000
1776271940.187,140.187,0.17,155.0,0.16,736.0,0.18,173.94,0.19,528.41,0.81,168.91,0.8,324.0,0.82,666.52,0.83,342.0,0.01,0.01,2339.777075,1776271939000
1776271940.754,140.754,0.15,18.95,0.14,157.0,0.16,295.0,0.17,152.7,0.82,173.94,0.81,528.41,0.83,155.0,0.84,736.0,0.01,0.01,2339.777075,1776271939000
1776271941.027,141.027,0.15,154.68,0.14,637.0,0.16,204.0,0.17,208.7,0.84,295.0,0.83,152.7,0.85,18.95,0.86,157.0,0.01,0.01,2339.777075,1776271939000
1776271941.274,141.274,0.15,786.68,0.14,56.0,0.16,127.63,0.17,124.7,0.84,204.0,0.83,208.7,0.85,154.68,0.86,637.0,0.01,0.01,2339.807339,1776271940000
1776271941.504,141.504,0.15,872.18,0.14,100.5,0.16,98.88,0.17,107.7,0.84,127.63,0.83,124.7,0.85,786.68,0.86,56.0,0.01,0.01,2339.807339,1776271940000
1776271941.804,141.804,0.16,50.5,0.15,140.18,0.17,0.02,0.18,10.0,0.83,100.02,0.82,110.0,0.84,20.5,0.85,924.18,0.01,0.01,2339.807339,1776271940000
1776271942.117,142.117,0.17,8.98,0.16,930.5,0.18,10.0,0.19,125.94,0.83,0.02,0.82,10.0,0.84,50.5,0.85,140.18,0.01,0.01,2339.807339,1776271940000
1776271942.399,142.399,0.18,40.0,0.17,40.0,0.19,152.8,0.2,45.5,0.82,10.0,0.81,125.94,0.83,8.98,0.84,930.5,0.01,0.01,2339.572659,1776271941000
1776271942.751,142.751,0.15,27.95,0.14,35.0,0.16,52.25,0.17,305.5,0.81,928.85,0.8,58.5,0.84,19.0,0.85,197.95,0.01,0.03,2339.572659,1776271941000
1776271943.65,143.65,0.15,12.11,0.13,93.0,0.16,1286.9,0.17,160.5,0.84,52.25,0.83,305.5,0.85,27.95,0.86,35.0,0.01,0.01,2339.444,1776271942000
1776271944.36,144.36,0.13,93.0,0.12,657.09,0.14,198.92,0.15,701.5,0.84,1286.9,0.83,160.5,0.87,88.0,0.88,60.09,0.01,0.03,2339.645882,1776271943000
1776271944.582,144.582,0.13,99.61,0.12,787.59,0.14,214.92,0.15,221.5,0.86,198.92,0.85,701.5,0.87,93.0,0.88,657.09,0.01,0.01,2339.645882,1776271943000
1776271945.037,145.037,0.13,867.26,0.12,235.59,0.14,144.92,0.15,162.5,0.86,214.92,0.85,221.5,0.87,99.61,0.88,787.59,0.01,0.01,2339.645882,1776271943000
1776271945.564,145.564,0.13,822.26,0.12,230.59,0.14,14.91,0.15,152.0,0.86,144.92,0.85,162.5,0.87,867.26,0.88,235.59,0.01,0.01,2339.20977,1776271944000
1776271945.776,145.776,0.13,797.98,0.12,250.59,0.14,19.91,0.15,162.5,0.86,19.91,0.85,152.0,0.87,788.75,0.88,230.59,0.01,0.01,2339.20977,1776271944000
1776271946.189,146.189,0.13,921.98,0.12,230.59,0.15,93.14,0.16,188.5,0.86,19.91,0.85,162.5,0.87,797.98,0.88,250.59,0.02,0.01,2339.20977,1776271944000
1776271946.945,146.945,0.14,590.05,0.13,324.26,0.15,153.64,0.16,259.5,0.85,93.14,0.84,188.5,0.87,921.98,0.88,230.59,0.01,0.02,2339.104591,1776271945000
1776271947.317,147.317,0.14,643.99,0.13,234.26,0.15,154.14,0.16,132.5,0.85,153.64,0.84,259.5,0.86,590.05,0.87,324.26,0.01,0.01,2339.159337,1776271946000
1776271948.037,148.037,0.14,633.49,0.13,324.26,0.15,120.69,0.16,95.5,0.85,154.14,0.84,132.5,0.86,643.99,0.87,234.26,0.01,0.01,2339.159337,1776271946000
1776271949.053,149.053,0.14,229.65,0.13,324.26,0.15,169.19,0.16,300.5,0.85,93.69,0.84,95.5,0.86,633.49,0.87,324.26,0.01,0.01,2339.164606,1776271947000
1776271950.257,150.257,0.14,110.05,0.13,219.26,0.15,185.59,0.16,211.5,0.85,169.19,0.84,300.5,0.86,229.65,0.87,324.26,0.01,0.01,2339.327511,1776271949000
1776271950.722,150.722,0.14,173.91,0.13,680.26,0.15,185.09,0.16,214.5,0.85,185.59,0.84,211.5,0.86,110.05,0.87,219.26,0.01,0.01,2339.327511,1776271949000
1776271951.22,151.22,0.14,648.34,0.13,318.26,0.15,198.13,0.16,87.5,0.85,180.09,0.84,214.5,0.86,168.67,0.87,680.26,0.01,0.01,2339.329951,1776271950000
1776271951.887,151.887,0.14,674.35,0.13,318.26,0.15,203.13,0.16,94.5,0.85,198.13,0.84,204.5,0.86,620.09,0.87,318.26,0.01,0.01,2339.329951,1776271950000
1776271952.449,152.449,0.14,644.85,0.13,300.26,0.16,152.87,0.17,91.52,0.85,203.13,0.84,94.5,0.86,674.35,0.87,318.26,0.02,0.01,2339.347568,1776271951000
1776271952.807,152.807,0.14,667.25,0.13,318.26,0.15,10.0,0.16,175.5,0.84,152.87,0.83,91.52,0.86,644.85,0.87,300.26,0.01,0.02,2339.347568,1776271951000
1776271953.551,153.551,0.13,705.43,0.12,352.59,0.14,186.69,0.15,146.0,0.85,10.0,0.84,175.5,0.86,660.29,0.87,318.26,0.01,0.01,2339.377165,1776271952000
1776271954.81,154.81,0.13,690.59,0.12,362.59,0.14,105.26,0.15,212.0,0.86,176.69,0.85,146.0,0.87,701.83,0.88,352.59,0.01,0.01,2339.412534,1776271953000
1776271955.014,155.014,0.13,704.59,0.12,362.59,0.14,99.36,0.15,212.0,0.86,105.26,0.85,212.0,0.87,690.59,0.88,362.59,0.01,0.01,2339.40667,1776271954000
1776271955.327,155.327,0.13,831.59,0.12,245.59,0.14,107.84,0.15,24.0,0.86,99.36,0.85,212.0,0.87,704.59,0.88,362.59,0.01,0.01,2339.40667,1776271954000
1776271955.542,155.542,0.13,912.47,0.12,248.59,0.14,65.89,0.17,157.0,0.86,70.84,0.85,24.0,0.87,831.59,0.88,245.59,0.01,0.01,2339.40667,1776271954000
1776271955.81,155.81,0.15,187.61,0.14,660.5,0.16,112.5,0.17,55.0,0.84,112.5,0.83,55.5,0.86,20.5,0.87,897.47,0.01,0.02,2339.40667,1776271954000
1776271956.19,156.19,0.15,237.61,0.14,660.5,0.16,127.0,0.17,65.5,0.84,112.5,0.83,55.0,0.85,187.61,0.86,660.5,0.01,0.01,2339.40667,1776271954000
1776271956.532,156.532,0.15,232.61,0.14,660.5,0.16,121.2,0.17,65.5,0.84,127.0,0.83,65.5,0.85,237.61,0.86,660.5,0.01,0.01,2339.33625,1776271955000
1776271956.82,156.82,0.15,821.98,0.14,180.5,0.16,7.4,0.17,30.0,0.84,121.2,0.83,65.5,0.85,232.61,0.86,660.5,0.01,0.01,2339.33625,1776271955000
1776271957.098,157.098,0.15,370.27,0.14,660.5,0.17,53.24,0.18,112.5,0.84,1.7,0.83,26.0,0.85,952.27,0.86,180.5,0.02,0.01,2339.33625,1776271955000
1776271957.348,157.348,0.15,846.36,0.14,80.5,0.16,5.0,0.17,53.24,0.83,53.24,0.82,112.5,0.85,370.27,0.86,660.5,0.01,0.02,2339.33625,1776271955000
1776271958.338,158.338,0.16,20.63,0.15,666.36,0.17,296.56,0.18,718.5,0.84,5.0,0.83,53.24,0.85,846.36,0.86,80.5,0.01,0.01,2339.470805,1776271957000
1776271959.041,159.041,0.13,179.34,0.12,737.59,0.14,101.55,0.15,125.5,0.83,296.56,0.82,718.5,0.84,20.63,0.85,666.36,0.01,0.01,2339.470805,1776271957000
1776271960.881,160.881,0.12,0.09,0.11,105.5,0.13,202.5,0.14,196.5,0.86,101.55,0.85,125.5,0.87,179.34,0.88,737.59,0.01,0.01,2339.635737,1776271959000
1776271963.61,163.61,0.1,853.4,0.09,162.0,0.11,54.42,0.12,119.26,0.88,29.66,0.87,164.5,0.89,114.68,0.9,892.5,0.01,0.01,2339.185326,1776271962000
1776271965.525,165.525,0.09,786.02,0.08,121.0,0.1,51.35,0.11,81.0,0.89,54.42,0.88,119.26,0.9,853.4,0.91,162.0,0.01,0.01,2338.972674,1776271964000
1776271965.909,165.909,0.09,784.33,0.08,121.0,0.1,11.35,0.11,14.0,0.9,51.35,0.89,81.0,0.91,786.02,0.92,121.0,0.01,0.01,2338.972674,1776271964000
1776271966.461,166.461,0.1,125.0,0.09,143.22,0.11,51.68,0.12,86.16,0.89,14.0,0.88,145.26,0.91,803.33,0.92,121.0,0.01,0.02,2338.968815,1776271965000
1776271966.707,166.707,0.1,121.83,0.09,222.22,0.11,50.18,0.12,86.16,0.89,51.68,0.88,86.16,0.9,125.0,0.91,143.22,0.01,0.01,2338.968815,1776271965000
1776271967.563,167.563,0.08,605.0,0.07,305.0,0.09,32.18,0.1,129.5,0.89,50.18,0.88,86.16,0.9,109.16,0.91,222.22,0.01,0.01,2338.905907,1776271966000
1776271968.949,168.949,0.06,50.0,0.05,700.0,0.08,1023.5,0.09,277.5,0.91,32.18,0.9,129.5,0.92,605.0,0.93,305.0,0.02,0.01,2338.951669,1776271967000
1776271970.72,170.72,0.05,227.2,0.04,728.0,0.06,219.3,0.07,310.8,0.92,1023.5,0.91,277.5,0.94,50.0,0.95,700.0,0.01,0.02,2338.772761,1776271969000
1776271971.202,171.202,0.05,338.72,0.04,616.0,0.06,162.6,0.07,315.8,0.94,213.4,0.93,315.8,0.95,338.72,0.96,611.0,0.01,0.01,2338.152605,1776271970000
1776271971.536,171.536,0.05,333.72,0.04,616.0,0.06,153.1,0.07,315.8,0.94,162.6,0.93,315.8,0.95,338.72,0.96,616.0,0.01,0.01,2338.152605,1776271970000
1776271972.345,172.345,0.05,992.72,0.04,240.0,0.07,162.5,0.08,402.4,0.94,153.1,0.93,315.8,0.95,333.72,0.96,616.0,0.02,0.01,2337.923205,1776271971000
1776271972.662,172.662,0.06,756.0,0.05,350.72,0.07,54.3,0.08,303.4,0.93,162.5,0.92,402.4,0.95,992.72,0.96,240.0,0.01,0.02,2337.923205,1776271971000
1776271976.015,176.015,0.08,609.7,0.07,330.0,0.09,20.0,0.1,272.5,0.93,10.0,0.92,203.4,0.94,742.91,0.95,400.72,0.01,0.01,2338.476345,1776271975000
1776271977.389,177.389,0.08,624.0,0.07,230.0,0.1,287.5,0.11,217.97,0.91,20.0,0.9,272.5,0.92,609.7,0.93,330.0,0.02,0.01,2338.591355,1776271976000
1776271977.849,177.849,0.09,20.83,0.08,665.0,0.1,275.5,0.11,99.97,0.9,287.5,0.89,217.97,0.92,624.0,0.93,230.0,0.01,0.02,2338.591355,1776271976000
1776271978.573,178.573,0.09,932.83,0.08,165.0,0.11,25.0,0.12,196.5,0.9,275.5,0.89,99.97,0.91,20.83,0.92,665.0,0.02,0.01,2338.605338,1776271977000
1776271979.088,179.088,0.1,74.0,0.09,807.0,0.11,11.81,0.12,201.5,0.89,25.0,0.88,196.5,0.91,932.83,0.92,165.0,0.01,0.02,2338.605338,1776271977000
1776271979.314,179.314,0.11,164.89,0.1,292.5,0.12,20.0,0.14,5.0,0.89,11.81,0.88,201.5,0.9,74.0,0.91,807.0,0.01,0.01,2338.605338,1776271977000
1776271979.613,179.613,0.11,821.89,0.1,182.5,0.15,11.0,0.16,39.0,0.88,20.0,0.86,5.0,0.89,164.89,0.9,292.5,0.04,0.01,2338.605338,1776271977000
1776271979.814,179.814,0.14,64.0,0.13,60.0,0.15,11.0,0.16,181.5,0.85,1.0,0.84,44.0,0.86,69.0,0.87,60.0,0.01,0.01,2338.605338,1776271977000
1776271980.135,180.135,0.14,64.0,0.13,60.0,0.15,284.5,0.16,620.57,0.85,126.0,0.84,171.5,0.86,16.93,0.87,60.0,0.01,0.01,2338.649895,1776271978000
1776271980.429,180.429,0.14,68.18,0.13,65.0,0.15,269.5,0.16,625.57,0.85,284.5,0.84,620.57,0.86,64.0,0.87,60.0,0.01,0.01,2338.649895,1776271978000
1776271981.175,181.175,0.14,2.21,0.13,60.0,0.15,284.5,0.16,212.37,0.85,274.5,0.84,625.57,0.86,58.38,0.87,65.0,0.01,0.01,2338.80785,1776271979000
1776271981.83,181.83,0.12,187.0,0.11,817.5,0.14,261.6,0.15,582.5,0.85,284.5,0.84,212.37,0.86,2.21,0.87,60.0,0.02,0.01,2339.19531,1776271980000
1776271982.603,182.603,0.12,40.28,0.11,60.0,0.13,370.54,0.14,572.5,0.86,261.6,0.85,582.5,0.88,187.0,0.89,817.5,0.01,0.02,2339.375625,1776271981000
1776271983.192,183.192,0.08,55.94,0.07,733.0,0.09,5.0,0.1,56.0,0.87,370.54,0.86,572.5,0.88,40.28,0.89,60.0,0.01,0.01,2339.375625,1776271981000
1776271984.859,184.859,0.08,63.56,0.07,942.0,0.09,10.0,0.1,173.0,0.91,5.0,0.9,56.0,0.92,55.94,0.93,733.0,0.01,0.01,2339.306338,1776271983000
1776271985.384,185.384,0.08,22.62,0.07,837.0,0.1,380.5,0.11,653.29,0.91,10.0,0.9,173.0,0.92,63.56,0.93,942.0,0.02,0.01,2338.942073,1776271984000
1776271985.894,185.894,0.08,0.7,0.07,842.0,0.1,519.5,0.11,643.29,0.9,380.5,0.89,653.29,0.92,22.62,0.93,837.0,0.02,0.02,2338.942073,1776271984000
1776271987.537,187.537,0.07,49.11,0.06,824.0,0.08,127.9,0.09,877.5,0.9,519.5,0.89,643.29,0.92,0.7,0.93,842.0,0.01,0.02,2338.779325,1776271986000
1776271987.955,187.955,0.07,19.11,0.06,824.0,0.08,176.4,0.09,877.5,0.92,127.9,0.91,877.5,0.93,49.11,0.94,824.0,0.01,0.01,2338.779325,1776271986000
1776271988.314,188.314,0.07,4.69,0.06,824.0,0.08,120.0,0.09,877.5,0.92,176.4,0.91,877.5,0.93,19.11,0.94,824.0,0.01,0.01,2338.725315,1776271987000
1776271988.612,188.612,0.06,843.83,0.05,161.52,0.08,108.7,0.09,882.5,0.92,115.0,0.91,877.5,0.94,838.83,0.95,161.52,0.02,0.02,2338.725315,1776271987000
1776271989.205,189.205,0.06,179.73,0.05,641.52,0.08,316.7,0.09,650.5,0.92,108.7,0.91,882.5,0.94,843.83,0.95,161.52,0.02,0.02,2338.725315,1776271987000
1776271989.593,189.593,0.06,189.73,0.05,641.52,0.07,18.6,0.08,305.2,0.92,305.2,0.91,650.5,0.94,179.73,0.95,641.52,0.01,0.02,2338.628439,1776271988000
1776271989.917,189.917,0.05,56.52,0.04,388.0,0.06,131.7,0.07,810.4,0.93,18.6,0.92,305.2,0.94,189.73,0.95,641.52,0.01,0.01,2338.628439,1776271988000
1776271992.054,192.054,0.04,135.25,0.03,676.0,0.05,689.3,0.06,405.0,0.94,131.7,0.93,810.4,0.95,56.52,0.96,388.0,0.01,0.01,2338.237525,1776271991000
1776271992.283,192.283,0.04,85.93,0.03,403.0,0.05,891.3,0.06,238.0,0.95,689.3,0.94,405.0,0.96,135.25,0.97,676.0,0.01,0.01,2338.237525,1776271991000
1776271992.736,192.736,0.03,403.0,0.02,703.0,0.05,1006.3,0.06,223.3,0.95,891.3,0.94,238.0,0.96,85.93,0.97,403.0,0.02,0.01,2338.237525,1776271991000
1776271993.211,193.211,0.03,553.66,0.02,706.0,0.04,373.83,0.05,807.8,0.95,1006.3,0.94,223.3,0.97,403.0,0.98,703.0,0.01,0.02,2337.760236,1776271992000
1776271993.476,193.476,0.03,724.66,0.02,1018.0,0.04,329.7,0.05,787.8,0.96,373.83,0.95,807.8,0.97,553.66,0.98,706.0,0.01,0.01,2337.760236,1776271992000
1776271993.984,193.984,0.03,919.66,0.02,903.0,0.04,257.7,0.05,297.8,0.96,329.7,0.95,787.8,0.97,710.66,0.98,1018.0,0.01,0.01,2337.760236,1776271992000
1776271994.405,194.405,0.03,798.66,0.02,1018.0,0.04,257.7,0.05,321.8,0.96,257.7,0.95,297.8,0.97,919.66,0.98,903.0,0.01,0.01,2337.472464,1776271993000
1776271994.765,194.765,0.03,289.84,0.02,712.0,0.04,333.7,0.05,814.3,0.96,306.7,0.95,801.8,0.97,722.66,0.98,1018.0,0.01,0.01,2337.472464,1776271993000
1776271995.053,195.053,0.03,285.68,0.02,712.0,0.04,490.7,0.05,1104.3,0.96,354.7,0.95,809.3,0.97,286.72,0.98,712.0,0.01,0.01,2337.472464,1776271993000
1776271995.366,195.366,0.03,274.48,0.02,712.0,0.04,581.7,0.05,864.3,0.96,495.7,0.95,864.3,0.97,275.52,0.98,712.0,0.01,0.01,2337.50066,1776271994000
1776271995.702,195.702,0.03,238.53,0.02,712.0,0.04,610.7,0.05,851.3,0.96,581.7,0.95,864.3,0.97,243.53,0.98,712.0,0.01,0.01,2337.50066,1776271994000
1776271995.903,195.903,0.03,215.53,0.02,712.0,0.04,605.7,0.05,851.3,0.96,610.7,0.95,851.3,0.97,220.53,0.98,712.0,0.01,0.01,2337.50066,1776271994000
1776271996.229,196.229,0.03,12.53,0.02,712.0,0.04,576.7,0.05,821.3,0.96,610.7,0.95,851.3,0.97,109.53,0.98,712.0,0.01,0.01,2337.50066,1776271994000
1776271996.76,196.76,0.02,742.5,0.01,8153.56,0.03,480.7,0.04,456.7,0.96,477.7,0.95,821.3,0.98,712.0,0.99,8153.56,0.01,0.02,2337.572184,1776271995000
1776271997.713,197.713,0.02,737.5,0.01,8153.56,0.03,702.7,0.04,367.7,0.97,480.7,0.96,456.7,0.98,742.5,0.99,8153.56,0.01,0.01,2337.497134,1776271996000
1776271998.546,198.546,0.02,737.5,0.01,8153.56,0.03,710.7,0.04,847.7,0.97,702.7,0.96,367.7,0.98,737.5,0.99,8153.56,0.01,0.01,2337.311975,1776271997000
1776271999.63,199.63,0.02,742.5,0.01,8153.56,0.03,511.7,0.04,346.7,0.97,710.7,0.96,847.7,0.98,737.5,0.99,8153.56,0.01,0.01,2337.278546,1776271998000
1776272000.268,200.268,0.02,777.47,0.01,8153.56,0.03,459.7,0.04,368.7,0.97,541.7,0.96,346.7,0.98,736.47,0.99,8153.56,0.01,0.01,2337.360069,1776271999000
1776272000.847,200.847,0.02,777.47,0.01,8053.56,0.03,426.36,0.04,368.7,0.97,459.7,0.96,368.7,0.98,777.47,0.99,8153.56,0.01,0.01,2337.360069,1776271999000
1776272001.378,201.378,0.02,468.97,0.01,7801.96,0.03,583.67,0.04,851.7,0.97,426.36,0.96,368.7,0.98,777.47,0.99,8053.56,0.01,0.01,2337.360069,1776271999000
1776272003.185,203.185,0.02,636.47,0.01,7589.96,0.03,619.57,0.04,950.7,0.97,583.67,0.96,851.7,0.98,468.97,0.99,7801.96,0.01,0.01,2337.322622,1776272001000
1776272003.572,203.572,0.02,641.47,0.01,7589.96,0.03,554.24,0.04,944.7,0.97,619.57,0.96,950.7,0.98,636.47,0.99,7589.96,0.01,0.01,2337.285013,1776272002000
1776272004.255,204.255,0.02,255.97,0.01,7902.96,0.03,545.19,0.04,928.7,0.97,518.53,0.96,944.7,0.98,641.47,0.99,7589.96,0.01,0.01,2337.285013,1776272002000
1776272004.48,204.48,0.02,255.97,0.01,7902.96,0.03,543.69,0.04,928.7,0.97,545.19,0.96,928.7,0.98,255.97,0.99,7902.96,0.01,0.01,2337.285013,1776272002000
1776272004.804,204.804,0.02,306.47,0.01,7907.96,0.03,655.99,0.04,928.7,0.97,543.69,0.96,928.7,0.98,255.97,0.99,7902.96,0.01,0.01,2337.285013,1776272002000
1776272005.117,205.117,0.02,306.47,0.01,7907.96,0.03,649.69,0.04,928.7,0.97,655.99,0.96,928.7,0.98,306.47,0.99,7907.96,0.01,0.01,2337.241502,1776272003000
1776272005.633,205.633,0.02,306.47,0.01,7907.96,0.03,648.19,0.04,988.7,0.97,649.69,0.96,928.7,0.98,306.47,0.99,7907.96,0.01,0.01,2337.259938,1776272004000
1776272005.866,205.866,0.02,278.18,0.01,7907.96,0.03,724.85,0.04,873.7,0.97,648.19,0.96,988.7,0.98,278.18,0.99,7907.96,0.01,0.01,2337.259938,1776272004000
1776272006.312,206.312,0.02,213.53,0.01,7902.96,0.03,712.15,0.04,861.7,0.97,718.45,0.96,873.7,0.98,213.53,0.99,7902.96,0.01,0.01,2337.190219,1776272005000
1776272007.7,207.7,0.02,210.82,0.01,7902.96,0.03,692.15,0.04,801.7,0.97,712.15,0.96,861.7,0.98,213.53,0.99,7902.96,0.01,0.01,2337.160851,1776272006000
1776272007.901,207.901,0.02,250.19,0.01,7902.96,0.03,717.15,0.04,801.7,0.97,692.15,0.96,801.7,0.98,210.82,0.99,7902.96,0.01,0.01,2337.160851,1776272006000
1776272008.202,208.202,0.02,247.1,0.01,7902.96,0.03,717.15,0.04,801.7,0.97,717.15,0.96,801.7,0.98,253.13,0.99,7902.96,0.01,0.01,2337.160851,1776272006000
1776272008.559,208.559,0.02,183.27,0.01,7902.96,0.03,717.15,0.04,801.7,0.97,712.15,0.96,801.7,0.98,239.8,0.99,7902.96,0.01,0.01,2337.075115,1776272007000
1776272009.813,209.813,0.02,179.18,0.01,7304.96,0.03,744.15,0.04,861.7,0.97,717.15,0.96,801.7,0.98,183.27,0.99,7902.96,0.01,0.01,2337.075115,1776272007000
1776272010.754,210.754,0.02,175.09,0.01,7245.0,0.03,739.15,0.04,877.2,0.97,744.15,0.96,861.7,0.98,179.18,0.99,7304.96,0.01,0.01,2337.05321,1776272009000
1776272011.843,211.843,0.02,180.19,0.01,7245.0,0.03,772.15,0.04,852.2,0.97,744.15,0.96,877.2,0.98,220.59,0.99,7245.0,0.01,0.01,2336.963815,1776272010000
1776272012.165,212.165,0.02,120.59,0.01,7245.0,0.03,1242.15,0.04,402.2,0.97,772.15,0.96,852.2,0.98,180.19,0.99,7245.0,0.01,0.01,2336.963815,1776272010000
1776272013.21,213.21,0.02,90.59,0.01,7245.0,0.03,1129.15,0.04,402.2,0.97,1242.15,0.96,402.2,0.98,120.59,0.99,7245.0,0.01,0.01,2336.952781,1776272011000
1776272015.068,215.068,0.02,1.59,0.01,2199.0,0.03,1362.08,0.04,274.2,0.97,1129.15,0.96,402.2,0.98,72.09,0.99,7245.0,0.01,0.01,2336.813608,1776272014000
1776272015.705,215.705,0.01,2285.0,,,0.02,496.97,0.03,1283.84,0.98,154.27,0.97,1406.83,0.99,2199.0,,,0.01,0.01,2336.813608,1776272014000
1776272016.931,216.931,0.01,2290.0,,,0.02,469.93,0.03,1151.84,0.98,496.97,0.97,1283.84,0.99,2285.0,,,0.01,0.01,2336.684032,1776272015000
1776272017.142,217.142,0.01,2288.98,,,0.02,469.93,0.03,1151.84,0.98,469.93,0.97,1151.84,0.99,2290.0,,,0.01,0.01,2336.684032,1776272015000
1776272017.411,217.411,0.01,2183.98,,,0.02,568.93,0.03,1146.84,0.98,469.93,0.97,1151.84,0.99,2288.98,,,0.01,0.01,2336.671971,1776272016000
1776272017.927,217.927,0.01,2168.98,,,0.02,678.93,0.03,1036.84,0.98,568.93,0.97,1146.84,0.99,2183.98,,,0.01,0.01,2336.671971,1776272016000
1776272019.64,219.64,0.01,1948.94,,,0.02,574.43,0.03,526.84,0.98,683.93,0.97,1036.84,0.99,2161.94,,,0.01,0.01,2336.666557,1776272018000
1776272019.92,219.92,0.01,1837.94,,,0.02,1172.97,0.03,607.84,0.98,1057.97,0.97,607.84,0.99,1843.94,,,0.01,0.01,2336.666557,1776272018000
1776272020.297,220.297,0.01,1768.94,,,0.02,1177.27,0.03,607.84,0.98,1166.57,0.97,607.84,0.99,1767.94,,,0.01,0.01,2336.63274,1776272019000
1776272020.579,220.579,0.01,1710.94,,,0.02,1017.31,0.03,667.84,0.98,1112.31,0.97,667.84,0.99,1712.94,,,0.01,0.01,2336.63274,1776272019000
1776272020.83,220.83,0.01,1687.73,,,0.02,1012.31,0.03,667.84,0.98,1017.31,0.97,967.84,0.99,1698.94,,,0.01,0.01,2336.63274,1776272019000
1776272021.032,221.032,0.01,1647.73,,,0.02,1010.81,0.03,667.84,0.98,1005.81,0.97,667.84,0.99,1687.73,,,0.01,0.01,2336.63274,1776272019000
1776272021.315,221.315,0.01,1642.68,,,0.02,999.41,0.03,667.84,0.98,1004.41,0.97,667.84,0.99,1647.73,,,0.01,0.01,2336.63274,1776272019000
1776272021.731,221.731,0.01,1527.55,,,0.02,498.11,0.03,1387.84,0.98,978.11,0.97,637.84,0.99,1647.68,,,0.01,0.01,2336.480258,1776272020000
1776272023.33,223.33,0.01,1507.35,,,0.02,496.11,0.03,1087.84,0.98,498.11,0.97,1387.84,0.99,1527.55,,,0.01,0.01,2336.300179,1776272022000
1776272023.596,223.596,0.01,1466.99,,,0.02,508.11,0.03,1087.84,0.98,496.11,0.97,1087.84,0.99,1507.35,,,0.01,0.01,2336.300179,1776272022000
1776272024.026,224.026,0.01,1465.97,,,0.02,508.11,0.03,1087.84,0.98,508.11,0.97,1087.84,0.99,1466.99,,,0.01,0.01,2336.300179,1776272022000
1776272024.511,224.511,0.01,1457.95,,,0.02,513.11,0.03,1087.84,0.98,508.11,0.97,1087.84,0.99,1465.97,,,0.01,0.01,2336.505191,1776272023000
1776272025.39,225.39,0.01,1449.46,,,0.02,493.11,0.03,1092.84,0.98,513.11,0.97,1087.84,0.99,1457.95,,,0.01,0.01,2336.505191,1776272023000
1776272026.131,226.131,0.01,1454.46,,,0.02,492.11,0.03,1082.53,0.98,493.11,0.97,1092.84,0.99,1449.46,,,0.01,0.01,2336.57397,1776272025000
1776272026.416,226.416,0.01,1424.26,,,0.02,492.11,0.03,1082.53,0.98,492.11,0.97,1082.53,0.99,1444.46,,,0.01,0.01,2336.57397,1776272025000
1776272026.792,226.792,0.01,1415.36,,,0.02,492.11,0.03,1082.53,0.98,492.11,0.97,1082.53,0.99,1424.26,,,0.01,0.01,2336.57397,1776272025000
1776272028.471,228.471,0.01,1497.0,,,0.02,360.11,0.03,1124.53,0.98,492.11,0.97,1082.53,0.99,1380.0,,,0.01,0.01,2336.77395,1776272027000
1776272028.763,228.763,0.01,1271.97,,,0.02,612.11,0.03,949.53,0.98,360.11,0.97,1124.53,0.99,1497.0,,,0.01,0.01,2336.77395,1776272027000
1776272030.12,230.12,0.01,1347.95,,,0.02,1093.3,0.03,599.53,0.98,612.11,0.97,949.53,0.99,1271.97,,,0.01,0.01,2336.859805,1776272028000
1776272030.471,230.471,0.01,1337.84,,,0.02,1110.3,0.03,599.53,0.98,1093.3,0.97,599.53,0.99,1347.95,,,0.01,0.01,2336.859805,1776272028000
1776272030.682,230.682,0.01,1337.84,,,0.02,710.3,0.03,599.53,0.98,1110.3,0.97,599.53,0.99,1337.84,,,0.01,0.01,2336.880583,1776272029000
1776272033.041,233.041,0.01,1307.48,,,0.02,356.98,0.03,1052.76,0.98,710.3,0.97,599.53,0.99,1337.84,,,0.01,0.01,2336.585159,1776272031000
1776272034.69,234.69,0.01,1233.43,,,0.02,363.98,0.03,1052.76,0.98,349.98,0.97,1052.76,0.99,1307.43,,,0.01,0.01,2336.754228,1776272033000
1776272035.187,235.187,0.01,1218.33,,,0.02,380.98,0.03,1052.76,0.98,370.98,0.97,1052.76,0.99,1223.38,,,0.01,0.01,2336.854604,1776272034000
1776272036.492,236.492,0.01,1213.27,,,0.02,358.98,0.03,959.76,0.98,380.98,0.97,1052.76,0.99,1218.33,,,0.01,0.01,2336.988212,1776272035000
1776272036.751,236.751,0.01,1218.27,,,0.02,375.48,0.03,1052.76,0.98,358.98,0.97,959.76,0.99,1213.27,,,0.01,0.01,2336.988212,1776272035000
1776272037.094,237.094,0.01,1217.25,,,0.02,369.08,0.03,1052.76,0.98,375.48,0.97,1052.76,0.99,1212.25,,,0.01,0.01,2337.061685,1776272036000
1776272037.416,237.416,0.01,1212.25,,,0.02,362.78,0.03,1052.76,0.98,369.08,0.97,1052.76,0.99,1217.25,,,0.01,0.01,2337.061685,1776272036000
1776272037.957,237.957,0.01,1207.25,,,0.02,434.28,0.03,1052.76,0.98,362.78,0.97,1052.76,0.99,1212.25,,,0.01,0.01,2337.11703,1776272037000
1776272038.288,238.288,0.01,1106.25,,,0.02,932.88,0.03,577.76,0.98,434.28,0.97,1052.76,0.99,1207.25,,,0.01,0.01,2337.11703,1776272037000
1776272038.54,238.54,0.01,1106.25,,,0.02,714.88,0.03,577.76,0.98,932.88,0.97,577.76,0.99,1106.25,,,0.01,0.01,2337.11703,1776272037000
1776272039.167,239.167,0.01,1207.25,,,0.02,535.58,0.03,684.53,0.98,676.58,0.97,692.76,0.99,1207.25,,,0.01,0.01,2337.201005,1776272038000
1776272040.361,240.361,0.01,1192.2,,,0.02,704.28,0.03,689.53,0.98,535.58,0.97,684.53,0.99,1207.25,,,0.01,0.01,2337.004873,1776272039000
1776272040.647,240.647,0.01,1156.08,,,0.02,714.38,0.03,694.53,0.98,709.38,0.97,689.53,0.99,1161.14,,,0.01,0.01,2337.004873,1776272039000
1776272041.237,241.237,0.01,774.05,,,0.02,29.1,0.03,1074.53,0.98,636.38,0.97,694.53,0.99,656.08,,,0.01,0.01,2336.900727,1776272040000
1776272041.485,241.485,0.01,765.97,,,0.02,29.1,0.03,1074.53,0.98,29.1,0.97,1074.53,0.99,774.05,,,0.01,0.01,2336.900727,1776272040000
1776272041.97,241.97,0.01,705.91,,,0.02,15.1,0.03,1069.53,0.98,29.1,0.97,1074.53,0.99,760.91,,,0.01,0.01,2336.900727,1776272040000
1776272042.702,242.702,0.01,650.41,,,0.02,15.1,0.03,1074.53,0.98,15.1,0.97,1069.53,0.99,705.91,,,0.01,0.01,2336.930592,1776272041000
1776272043.332,243.332,0.01,615.0,,,0.02,15.1,0.03,1074.53,0.98,15.1,0.97,1074.53,0.99,650.36,,,0.01,0.01,2337.224709,1776272042000
1776272043.554,243.554,0.01,464.94,,,0.02,15.1,0.03,1074.53,0.98,15.1,0.97,1074.53,0.99,494.94,,,0.01,0.01,2337.224709,1776272042000
1776272043.79,243.79,0.01,456.92,,,0.02,15.1,0.03,1074.53,0.98,15.1,0.97,1074.53,0.99,462.94,,,0.01,0.01,2337.224709,1776272042000
1776272044.439,244.439,0.01,456.86,,,0.02,25.1,0.03,1074.53,0.98,15.1,0.97,1074.53,0.99,456.92,,,0.01,0.01,2337.3224,1776272043000
1776272044.663,244.663,0.01,389.84,,,0.02,25.1,0.03,1074.53,0.98,25.1,0.97,1074.53,0.99,456.86,,,0.01,0.01,2337.3224,1776272043000
1776272045.35,245.35,0.01,381.76,,,0.02,30.0,0.03,1074.53,0.98,25.1,0.97,1074.53,0.99,389.84,,,0.01,0.01,2337.3224,1776272043000
1776272045.62,245.62,0.01,385.74,,,0.02,30.0,0.03,1069.53,0.98,30.0,0.97,1074.53,0.99,381.76,,,0.01,0.01,2337.44053,1776272044000
1776272046.469,246.469,0.01,385.68,,,0.02,15.0,0.03,747.16,0.97,699.16,0.96,168.7,0.99,385.74,,,0.01,0.02,2337.46296,1776272045000
1776272047.473,247.473,0.01,339.11,,,0.02,15.0,0.03,870.86,0.98,15.0,0.97,752.16,0.99,236.19,,,0.01,0.01,2337.487975,1776272046000
1776272047.742,247.742,0.01,339.11,,,0.03,630.19,0.04,328.7,0.98,15.0,0.97,870.86,0.99,339.11,,,0.02,0.01,2337.487975,1776272046000
1776272048.149,248.149,0.01,288.11,,,0.02,5.0,0.03,720.19,0.97,630.19,0.96,328.7,0.99,339.11,,,0.01,0.02,2337.487975,1776272046000
1776272048.429,248.429,0.01,227.92,,,0.02,30.0,0.03,709.19,0.98,5.0,0.97,720.19,0.99,288.11,,,0.01,0.01,2337.650499,1776272047000
1776272049.935,249.935,0.01,22.16,,,0.02,45.0,0.03,824.19,0.98,30.0,0.97,709.19,0.99,227.92,,,0.01,0.01,2337.633147,1776272048000
1776272050.553,250.553,,,,,0.01,456.06,0.02,708.7,0.98,45.0,0.97,824.19,0.99,22.16,,,,0.01,2337.650652,1776272049000
1776272051.165,251.165,,,,,0.01,600.3,0.02,708.7,0.99,605.29,0.98,708.7,,,,,,,2337.77588,1776272050000
1776272052.456,252.456,,,,,0.01,598.8,0.02,823.7,0.99,600.3,0.98,708.7,,,,,,,2337.599269,1776272051000
1776272052.786,252.786,,,,,0.01,592.4,0.02,841.7,0.99,598.8,0.98,823.7,,,,,,,2337.599269,1776272051000
1776272053.096,253.096,,,,,0.01,594.18,0.02,841.7,0.99,592.4,0.98,841.7,,,,,,,2337.599269,1776272051000
1776272053.625,253.625,,,,,0.01,587.68,0.02,841.7,0.99,594.18,0.98,841.7,,,,,,,2337.544231,1776272052000
1776272053.938,253.938,,,,,0.01,581.28,0.02,841.7,0.99,587.68,0.98,841.7,,,,,,,2337.544231,1776272052000
1776272054.253,254.253,,,,,0.01,423.98,0.02,841.7,0.99,581.28,0.98,841.7,,,,,,,2337.544231,1776272052000
1776272058.662,258.662,,,,,0.01,2017.22,0.02,841.7,0.99,423.98,0.98,841.7,,,,,,,2337.365355,1776272057000
1776272074.509,274.509,,,,,0.01,11143.77,0.02,379.7,0.99,2017.22,0.98,841.7,,,,,,,2336.632582,1776272073000
1776272100.937,300.937,,,,,0.01,73946.17,0.02,161.0,0.99,11143.77,0.98,379.7,,,,,,,2336.982061,1776272099000

# RESULT,winner=Down,slug=eth-updown-5m-1776271800,ticks=361
