timestamp,elapsed_sec,up_bid_p1,up_bid_s1,up_bid_p2,up_bid_s2,up_ask_p1,up_ask_s1,up_ask_p2,up_ask_s2,down_bid_p1,down_bid_s1,down_bid_p2,down_bid_s2,down_ask_p1,down_ask_s1,down_ask_p2,down_ask_s2,up_spread,down_spread,eth_price,eth_oracle_ts
1776274801.766,1.766,0.47,26.49,0.46,5.0,0.51,10.0,0.52,17.0,0.48,1.0,0.47,21.0,0.53,27.59,0.54,122.46,0.04,0.05,2348.04446,1776274800000
1776274802.09,2.09,0.47,26.49,0.46,8.0,0.51,6.88,0.52,17.0,0.49,10.0,0.48,17.0,0.53,26.49,0.54,5.0,0.04,0.04,2348.04446,1776274800000
1776274802.616,2.616,0.47,17.06,0.46,8.0,0.48,2.75,0.5,100.0,0.5,100.0,0.49,106.88,0.53,17.06,0.54,8.0,0.01,0.03,2348.090394,1776274801000
1776274802.932,2.932,0.47,17.06,0.46,8.0,0.48,5.66,0.49,39.56,0.52,2.75,0.5,100.0,0.53,17.06,0.54,8.0,0.01,0.01,2348.090394,1776274801000
1776274803.333,3.333,0.4,100.0,0.39,100.0,0.46,29.94,0.48,30.66,0.52,10.66,0.51,39.56,0.53,7.06,0.54,8.0,0.06,0.01,2348.133521,1776274802000
1776274803.795,3.795,0.41,23.78,0.39,105.0,0.42,10.0,0.43,35.63,0.54,29.94,0.52,30.66,0.6,100.0,0.61,100.0,0.01,0.06,2348.133521,1776274802000
1776274804.509,4.509,0.36,13.89,0.34,100.0,0.41,29.48,0.42,10.0,0.58,15.0,0.57,40.63,0.59,20.52,0.61,100.0,0.05,0.01,2347.556351,1776274803000
1776274805.468,5.468,0.33,14.0,0.32,10.0,0.34,30.0,0.39,10.0,0.64,42.11,0.62,8.06,0.66,95.0,0.67,100.0,0.01,0.02,2347.118011,1776274804000
1776274806.406,6.406,0.38,3.37,0.36,38.51,0.39,15.0,0.4,15.0,0.61,10.0,0.6,10.0,0.64,33.51,0.67,9.0,0.01,0.03,2347.118011,1776274804000
1776274806.795,6.795,0.35,15.0,0.33,5.0,0.38,20.0,0.39,15.0,0.61,20.0,0.6,15.0,0.63,2.37,0.65,15.0,0.03,0.02,2346.641381,1776274805000
1776274807.105,7.105,0.35,5.0,0.34,10.0,0.36,15.0,0.37,10.0,0.64,10.0,0.63,10.0,0.65,5.0,0.67,15.0,0.01,0.01,2346.587599,1776274806000
1776274807.587,7.587,0.37,3.19,0.36,60.0,0.38,15.0,0.39,10.0,0.64,15.0,0.63,10.0,0.65,5.0,0.66,10.0,0.01,0.01,2346.587599,1776274806000
1776274808.371,8.371,0.4,10.0,0.39,15.0,0.41,13.0,0.42,70.0,0.62,15.0,0.61,10.0,0.63,3.19,0.64,60.0,0.01,0.01,2346.88548,1776274807000
1776274808.738,8.738,0.39,3.19,0.38,5.0,0.4,15.0,0.41,15.0,0.59,13.0,0.58,70.0,0.6,10.0,0.61,15.0,0.01,0.01,2346.88548,1776274807000
1776274809.113,9.113,0.4,20.0,0.39,13.19,0.41,5.0,0.42,60.0,0.6,15.0,0.59,15.0,0.61,3.19,0.62,5.0,0.01,0.01,2346.619491,1776274808000
1776274809.992,9.992,0.41,14.83,0.4,65.0,0.42,101.43,0.43,95.63,0.59,2.8,0.58,115.0,0.6,50.0,0.61,18.19,0.01,0.01,2346.619491,1776274808000
1776274810.332,10.332,0.4,40.0,0.39,8.19,0.41,99.0,0.42,80.0,0.58,101.43,0.57,95.63,0.59,14.83,0.6,65.0,0.01,0.01,2346.900985,1776274809000
1776274810.541,10.541,0.4,129.0,0.39,113.19,0.41,25.0,0.42,90.0,0.59,114.0,0.58,75.0,0.6,40.0,0.61,8.19,0.01,0.01,2346.900985,1776274809000
1776274810.745,10.745,0.4,117.16,0.39,128.19,0.41,43.51,0.42,90.0,0.59,43.51,0.58,90.0,0.6,123.16,0.61,128.19,0.01,0.01,2346.900985,1776274809000
1776274811.418,11.418,0.4,111.66,0.39,148.19,0.41,71.01,0.42,97.0,0.59,43.51,0.58,90.0,0.6,106.16,0.61,128.19,0.01,0.01,2347.006399,1776274810000
1776274811.783,11.783,0.4,119.66,0.39,158.19,0.41,56.01,0.42,102.0,0.59,71.01,0.58,97.0,0.6,111.66,0.61,148.19,0.01,0.01,2347.006399,1776274810000
1776274812.452,12.452,0.4,11.0,0.39,30.5,0.41,74.01,0.42,102.5,0.59,56.01,0.58,102.0,0.6,119.66,0.61,158.19,0.01,0.01,2347.006399,1776274810000
1776274812.714,12.714,0.4,8.0,0.39,20.0,0.41,158.01,0.42,124.5,0.59,74.01,0.58,102.5,0.6,11.0,0.61,30.5,0.01,0.01,2347.006399,1776274810000
1776274812.995,12.995,0.39,5.0,0.38,10.0,0.4,95.5,0.41,126.01,0.59,158.01,0.58,124.5,0.61,20.0,0.62,10.0,0.01,0.02,2347.011658,1776274811000
1776274813.468,13.468,0.38,10.0,0.37,10.0,0.4,179.5,0.41,176.01,0.6,95.5,0.59,126.01,0.61,5.0,0.62,10.0,0.02,0.01,2347.011658,1776274811000
1776274815.152,15.152,0.36,123.06,0.35,105.0,0.37,98.0,0.38,95.08,0.6,179.5,0.59,176.01,0.62,10.0,0.63,10.0,0.01,0.02,2346.942475,1776274813000
1776274815.88,15.88,0.36,173.4,0.35,105.0,0.37,70.0,0.38,23.0,0.63,98.0,0.62,95.08,0.64,123.06,0.65,105.0,0.01,0.01,2346.531072,1776274814000
1776274817.139,17.139,0.36,132.27,0.35,138.0,0.37,93.86,0.38,23.0,0.63,65.0,0.62,23.0,0.64,173.4,0.65,105.0,0.01,0.01,2346.515138,1776274815000
1776274819.321,19.321,0.36,166.42,0.35,148.0,0.37,46.0,0.38,38.0,0.63,93.86,0.62,23.0,0.64,132.27,0.65,138.0,0.01,0.01,2346.500997,1776274818000
1776274819.803,19.803,0.36,166.42,0.35,153.0,0.37,16.26,0.38,28.0,0.63,43.29,0.62,38.0,0.64,171.42,0.65,148.0,0.01,0.01,2346.500997,1776274818000
1776274820.688,20.688,0.38,215.54,0.37,155.5,0.39,28.0,0.4,38.0,0.63,16.26,0.62,28.0,0.64,166.42,0.65,153.0,0.01,0.01,2346.552269,1776274819000
1776274821.037,21.037,0.38,215.21,0.37,171.5,0.39,28.0,0.4,38.0,0.61,28.0,0.6,38.0,0.62,215.54,0.63,155.5,0.01,0.01,2346.552269,1776274819000
1776274821.459,21.459,0.39,175.5,0.38,210.21,0.4,23.0,0.41,25.0,0.61,28.0,0.6,38.0,0.62,215.21,0.63,171.5,0.01,0.01,2346.615475,1776274820000
1776274822.373,22.373,0.4,183.0,0.39,205.5,0.41,35.0,0.42,137.5,0.6,23.0,0.59,25.0,0.61,175.5,0.62,210.21,0.01,0.01,2346.615475,1776274820000
1776274822.756,22.756,0.4,198.5,0.39,205.5,0.41,35.0,0.42,137.5,0.59,35.0,0.58,137.5,0.6,183.0,0.61,205.5,0.01,0.01,2346.7884,1776274821000
1776274823.481,23.481,0.41,60.5,0.4,201.5,0.42,80.0,0.43,65.63,0.59,35.0,0.58,137.5,0.6,198.5,0.61,205.5,0.01,0.01,2346.7884,1776274821000
1776274823.806,23.806,0.41,244.33,0.4,242.5,0.42,20.0,0.43,65.63,0.58,80.0,0.57,65.63,0.59,60.5,0.6,201.5,0.01,0.01,2346.957553,1776274822000
1776274824.109,24.109,0.41,247.85,0.4,212.5,0.42,10.0,0.43,65.63,0.58,20.0,0.57,65.63,0.59,244.33,0.6,242.5,0.01,0.01,2346.957553,1776274822000
1776274824.354,24.354,0.42,201.01,0.41,242.85,0.43,55.63,0.45,25.0,0.58,10.0,0.57,65.63,0.59,247.85,0.6,212.5,0.01,0.01,2346.957553,1776274822000
1776274824.639,24.639,0.46,42.75,0.42,206.01,0.47,25.0,0.48,70.0,0.57,22.25,0.55,25.0,0.58,206.01,0.59,242.85,0.01,0.01,2347.032865,1776274823000
1776274825.18,25.18,0.46,192.0,0.45,140.0,0.47,5.39,0.48,70.0,0.53,25.0,0.52,70.0,0.54,42.75,0.58,206.01,0.01,0.01,2347.032865,1776274823000
1776274825.611,25.611,0.47,27.0,0.46,185.0,0.48,66.87,0.5,55.0,0.53,5.39,0.52,70.0,0.54,192.0,0.55,140.0,0.01,0.01,2347.22685,1776274824000
1776274826.179,26.179,0.47,48.6,0.46,195.5,0.48,3.46,0.49,10.5,0.52,3.46,0.5,55.0,0.53,22.0,0.54,185.0,0.01,0.01,2347.22685,1776274824000
1776274826.759,26.759,0.47,115.0,0.46,157.0,0.48,6.08,0.49,15.5,0.52,3.46,0.51,10.5,0.53,48.6,0.54,195.5,0.01,0.01,2347.591679,1776274825000
1776274827.581,27.581,0.47,125.0,0.46,167.5,0.48,10.58,0.49,15.5,0.52,6.08,0.51,15.5,0.53,115.0,0.54,157.0,0.01,0.01,2347.716637,1776274826000
1776274828.225,28.225,0.47,33.11,0.46,73.0,0.48,31.58,0.49,35.5,0.52,10.58,0.51,15.5,0.53,125.0,0.54,167.5,0.01,0.01,2347.716637,1776274826000
1776274829.43,29.43,0.47,59.11,0.46,88.5,0.48,34.49,0.49,40.5,0.52,31.58,0.51,35.5,0.53,33.11,0.54,73.0,0.01,0.01,2347.823953,1776274828000
1776274829.953,29.953,0.47,136.61,0.46,103.5,0.48,10.0,0.49,20.5,0.52,34.49,0.51,40.5,0.53,59.11,0.54,88.5,0.01,0.01,2347.823953,1776274828000
1776274830.457,30.457,0.49,25.0,0.48,85.0,0.5,0.5,0.51,15.5,0.52,10.0,0.51,20.5,0.53,136.61,0.54,103.5,0.01,0.01,2347.82479,1776274829000
1776274830.886,30.886,0.5,14.8,0.49,25.0,0.51,26.5,0.52,37.0,0.5,0.5,0.49,15.5,0.51,25.0,0.52,85.0,0.01,0.01,2347.82479,1776274829000
1776274831.49,31.49,0.51,66.95,0.5,97.5,0.52,1.0,0.53,10.5,0.49,26.5,0.48,37.0,0.5,14.8,0.51,25.0,0.01,0.01,2347.865562,1776274830000
1776274831.727,31.727,0.52,25.0,0.51,91.95,0.53,4.47,0.54,8.0,0.47,9.59,0.46,15.0,0.49,66.95,0.5,97.5,0.01,0.02,2347.865562,1776274830000
1776274831.933,31.933,0.52,10.0,0.51,15.0,0.53,0.6,0.54,25.0,0.47,4.47,0.46,8.0,0.48,25.0,0.49,91.95,0.01,0.01,2347.865562,1776274830000
1776274832.156,32.156,0.52,10.0,0.51,21.0,0.53,128.0,0.54,128.0,0.47,0.6,0.46,25.0,0.48,10.0,0.49,15.0,0.01,0.01,2347.881598,1776274831000
1776274832.406,32.406,0.53,9.5,0.52,14.79,0.54,15.0,0.55,140.0,0.47,5.0,0.46,20.0,0.48,4.79,0.49,26.0,0.01,0.01,2347.881598,1776274831000
1776274834.183,34.183,0.51,20.0,0.5,82.0,0.52,47.2,0.53,153.5,0.46,25.5,0.45,140.0,0.47,19.0,0.48,14.79,0.01,0.01,2348.224591,1776274833000
1776274834.588,34.588,0.51,71.5,0.5,104.5,0.52,3.07,0.53,25.0,0.48,7.13,0.47,153.5,0.49,35.0,0.5,55.5,0.01,0.01,2348.224591,1776274833000
1776274834.961,34.961,0.51,77.93,0.5,115.5,0.52,0.99,0.53,30.0,0.48,0.99,0.47,30.0,0.49,96.5,0.5,110.5,0.01,0.01,2348.292065,1776274834000
1776274837.697,37.697,0.53,76.0,0.52,61.5,0.54,2.88,0.55,122.5,0.48,0.99,0.47,30.0,0.49,66.03,0.5,115.5,0.01,0.01,2348.230639,1776274836000
1776274839.311,39.311,0.53,22.87,0.52,10.0,0.55,127.6,0.56,128.89,0.46,2.88,0.45,122.5,0.47,78.87,0.48,61.5,0.02,0.01,2348.255711,1776274838000
1776274840.855,40.855,0.52,6.0,0.51,103.5,0.53,10.0,0.54,10.0,0.47,15.0,0.46,26.0,0.49,45.31,0.5,119.49,0.01,0.02,2348.33371,1776274839000
1776274841.453,41.453,0.53,17.87,0.52,15.0,0.54,135.0,0.55,126.5,0.47,10.0,0.46,10.0,0.48,6.0,0.49,103.5,0.01,0.01,2348.33145,1776274840000
1776274843.845,43.845,0.5,49.5,0.49,87.5,0.51,6.0,0.52,6.0,0.46,135.0,0.45,126.5,0.47,17.87,0.48,15.0,0.01,0.01,2348.303587,1776274842000
1776274844.182,44.182,0.5,62.58,0.49,115.5,0.51,6.0,0.52,11.0,0.49,6.0,0.48,6.0,0.5,49.5,0.51,87.5,0.01,0.01,2348.231895,1776274843000
1776274845.031,45.031,0.49,4.9,0.48,25.0,0.5,181.5,0.51,114.5,0.49,6.0,0.48,11.0,0.5,62.58,0.51,115.5,0.01,0.01,2348.231895,1776274843000
1776274845.253,45.253,0.46,75.0,0.45,50.0,0.48,50.41,0.49,157.5,0.5,181.5,0.49,114.5,0.52,25.0,0.53,45.0,0.02,0.02,2348.204495,1776274844000
1776274845.845,45.845,0.44,5.5,0.43,35.5,0.45,31.0,0.46,137.0,0.52,50.41,0.51,157.5,0.54,75.0,0.55,50.0,0.01,0.02,2348.204495,1776274844000
1776274846.228,46.228,0.44,5.5,0.43,35.5,0.45,60.62,0.46,163.0,0.55,31.0,0.54,137.0,0.56,5.5,0.57,35.5,0.01,0.01,2348.204495,1776274844000
1776274846.521,46.521,0.43,66.5,0.42,75.01,0.45,46.39,0.46,209.0,0.55,45.62,0.54,187.0,0.56,7.82,0.57,56.5,0.02,0.01,2348.04648,1776274845000
1776274847.209,47.209,0.43,50.74,0.42,96.01,0.44,11.0,0.45,157.0,0.55,46.39,0.54,209.0,0.57,66.5,0.58,75.01,0.01,0.02,2348.04648,1776274845000
1776274847.595,47.595,0.43,105.42,0.42,121.01,0.44,3.2,0.45,10.0,0.56,3.2,0.55,25.0,0.57,61.74,0.58,103.01,0.01,0.01,2347.593865,1776274846000
1776274847.83,47.83,0.43,92.5,0.42,135.01,0.46,10.4,0.47,110.0,0.56,3.2,0.55,10.0,0.57,105.42,0.58,121.01,0.03,0.01,2347.593865,1776274846000
1776274848.36,48.36,0.45,52.77,0.44,48.5,0.46,22.0,0.47,5.0,0.54,10.4,0.53,110.0,0.57,92.5,0.58,135.01,0.01,0.03,2347.557665,1776274847000
1776274849.191,49.191,0.45,62.77,0.44,48.5,0.46,7.17,0.47,5.0,0.54,22.0,0.53,5.0,0.55,52.77,0.56,48.5,0.01,0.01,2347.586502,1776274848000
1776274849.779,49.779,0.47,72.66,0.46,108.5,0.48,25.0,0.5,136.0,0.52,153.17,0.51,120.5,0.55,67.77,0.56,48.5,0.01,0.03,2347.586502,1776274848000
1776274851.457,51.457,0.48,49.23,0.47,52.66,0.49,10.0,0.5,166.0,0.52,25.0,0.5,136.0,0.53,72.66,0.54,108.5,0.01,0.01,2347.740328,1776274850000
1776274852.175,52.175,0.48,41.34,0.47,67.66,0.49,15.0,0.5,171.5,0.51,10.0,0.5,166.0,0.52,49.23,0.53,52.66,0.01,0.01,2347.77749,1776274851000
1776274853.697,53.697,0.47,25.0,0.46,10.0,0.49,275.5,0.5,221.5,0.51,15.0,0.5,171.5,0.52,41.34,0.53,67.66,0.02,0.01,2347.835416,1776274852000
1776274854.523,54.523,0.47,15.0,0.46,10.0,0.48,221.6,0.49,223.5,0.51,275.5,0.5,221.5,0.53,25.0,0.54,10.0,0.01,0.02,2347.887365,1776274853000
1776274855.667,55.667,0.47,2.16,0.46,20.0,0.48,200.1,0.49,174.5,0.52,221.6,0.51,223.5,0.53,15.0,0.54,10.0,0.01,0.01,2347.82236,1776274854000
1776274858.253,58.253,0.47,15.27,0.46,55.5,0.48,142.0,0.49,140.0,0.52,200.1,0.51,174.5,0.53,2.16,0.54,20.0,0.01,0.01,2347.723612,1776274857000
1776274858.724,58.724,0.47,0.27,0.46,25.0,0.48,190.7,0.49,139.5,0.52,138.2,0.51,140.0,0.53,15.27,0.54,55.5,0.01,0.01,2347.723612,1776274857000
1776274859.437,59.437,0.46,20.0,0.43,20.0,0.48,361.7,0.49,175.5,0.52,190.7,0.51,139.5,0.53,0.27,0.54,25.0,0.02,0.01,2347.751664,1776274858000
1776274860.05,60.05,0.42,137.42,0.41,35.5,0.43,274.0,0.44,171.5,0.52,361.7,0.51,175.5,0.54,20.0,0.57,20.0,0.01,0.02,2347.751664,1776274858000
1776274860.256,60.256,0.42,135.69,0.41,25.0,0.43,274.0,0.44,166.5,0.57,274.0,0.56,171.5,0.58,137.42,0.59,35.5,0.01,0.01,2347.751664,1776274858000
1776274861.726,61.726,0.42,85.69,0.41,25.0,0.43,274.67,0.44,190.5,0.57,274.0,0.56,166.5,0.58,135.69,0.59,25.0,0.01,0.01,2347.668244,1776274860000
1776274862.278,62.278,0.42,85.69,0.41,25.0,0.43,272.34,0.44,190.5,0.57,274.67,0.56,190.5,0.58,85.69,0.59,25.0,0.01,0.01,2347.188816,1776274861000
1776274862.541,62.541,0.42,85.69,0.41,25.0,0.43,13.84,0.44,190.5,0.57,249.08,0.56,190.5,0.58,85.69,0.59,25.0,0.01,0.01,2347.188816,1776274861000
1776274862.897,62.897,0.42,90.69,0.41,25.0,0.43,16.34,0.44,90.5,0.57,13.84,0.56,190.5,0.58,85.69,0.59,25.0,0.01,0.01,2347.188816,1776274861000
1776274863.387,63.387,0.42,85.69,0.41,25.0,0.43,66.1,0.44,70.5,0.57,6.54,0.56,90.5,0.58,90.69,0.59,25.0,0.01,0.01,2347.141707,1776274862000
1776274864.135,64.135,0.41,25.0,0.4,60.0,0.43,241.6,0.44,94.5,0.57,66.1,0.56,70.5,0.58,85.69,0.59,25.0,0.02,0.01,2347.141707,1776274862000
1776274865.539,65.539,0.39,8.36,0.38,20.5,0.4,205.3,0.41,103.5,0.57,241.6,0.56,94.5,0.59,25.0,0.6,60.0,0.01,0.02,2347.130833,1776274864000
1776274865.813,65.813,0.39,8.36,0.38,25.5,0.4,100.29,0.41,88.0,0.6,205.3,0.59,103.5,0.61,8.36,0.62,20.5,0.01,0.01,2347.130833,1776274864000
1776274866.619,66.619,0.39,13.52,0.37,60.0,0.4,282.8,0.41,88.0,0.6,85.3,0.59,88.0,0.61,13.36,0.62,30.5,0.01,0.01,2346.8779,1776274865000
1776274867.012,67.012,0.39,5.12,0.36,10.5,0.4,287.8,0.41,88.0,0.6,287.8,0.59,88.0,0.61,7.12,0.63,10.0,0.01,0.01,2346.873385,1776274866000
1776274867.256,67.256,0.35,270.5,0.34,95.0,0.36,51.0,0.37,60.0,0.64,41.97,0.63,47.0,0.65,260.0,0.66,95.0,0.01,0.01,2346.873385,1776274866000
1776274869.573,69.573,0.35,8.96,0.34,95.0,0.36,69.57,0.37,67.0,0.64,41.57,0.63,55.0,0.65,275.5,0.66,95.0,0.01,0.01,2346.79971,1776274868000
1776274870.151,70.151,0.35,16.96,0.34,109.0,0.36,10.91,0.37,25.0,0.64,69.57,0.63,67.0,0.65,3.96,0.66,95.0,0.01,0.01,2346.79971,1776274868000
1776274870.407,70.407,0.35,21.96,0.34,109.0,0.36,17.91,0.37,25.0,0.64,5.91,0.63,25.0,0.65,16.96,0.66,109.0,0.01,0.01,2346.781125,1776274869000
1776274871.082,71.082,0.35,10.0,0.34,119.0,0.36,149.44,0.37,25.0,0.64,107.22,0.63,25.0,0.65,10.0,0.66,99.0,0.01,0.01,2346.781125,1776274869000
1776274871.927,71.927,0.34,94.0,0.33,170.0,0.36,116.45,0.37,25.0,0.64,149.44,0.63,25.0,0.65,10.0,0.66,119.0,0.02,0.01,2346.781125,1776274870000
1776274872.804,72.804,0.34,9.5,0.33,165.5,0.35,95.0,0.36,147.95,0.64,116.45,0.63,25.0,0.66,94.0,0.67,170.0,0.01,0.02,2346.753135,1776274871000
1776274873.082,73.082,0.33,135.5,0.32,180.0,0.35,95.0,0.36,152.95,0.65,95.0,0.64,147.95,0.66,9.5,0.67,165.5,0.02,0.01,2346.753135,1776274871000
1776274874.077,74.077,0.33,100.5,0.32,185.5,0.34,151.49,0.35,58.0,0.65,95.0,0.64,152.95,0.67,135.5,0.68,180.0,0.01,0.02,2346.753135,1776274872000
1776274875.107,75.107,0.33,25.57,0.32,204.5,0.34,129.49,0.35,30.0,0.66,151.49,0.65,58.0,0.67,100.5,0.68,185.5,0.01,0.01,2346.75407,1776274873000
1776274875.678,75.678,0.33,19.07,0.32,169.5,0.34,89.22,0.35,45.0,0.66,129.49,0.65,30.0,0.67,25.57,0.68,204.5,0.01,0.01,2346.6499,1776274874000
1776274876.382,76.382,0.33,19.07,0.32,179.5,0.34,101.27,0.35,35.0,0.66,89.22,0.65,45.0,0.67,19.07,0.68,169.5,0.01,0.01,2346.6499,1776274874000
1776274877.763,77.763,0.33,26.07,0.32,179.5,0.34,85.37,0.35,35.0,0.66,101.27,0.65,35.0,0.67,19.07,0.68,179.5,0.01,0.01,2346.541559,1776274875000
1776274878.113,78.113,0.33,26.07,0.32,169.5,0.34,74.57,0.35,45.0,0.66,85.37,0.65,35.0,0.67,26.07,0.68,179.5,0.01,0.01,2346.595038,1776274877000
1776274878.34,78.34,0.33,34.47,0.32,169.5,0.34,67.57,0.35,40.0,0.66,74.57,0.65,45.0,0.67,26.07,0.68,169.5,0.01,0.01,2346.595038,1776274877000
1776274878.634,78.634,0.33,24.47,0.32,179.5,0.34,61.67,0.35,45.0,0.66,67.57,0.65,40.0,0.67,34.47,0.68,169.5,0.01,0.01,2346.595038,1776274877000
1776274879.004,79.004,0.33,12.87,0.32,179.5,0.34,46.67,0.35,45.0,0.66,61.67,0.65,45.0,0.67,24.47,0.68,179.5,0.01,0.01,2346.595038,1776274877000
1776274879.617,79.617,0.33,17.0,0.32,179.5,0.34,53.67,0.35,45.0,0.66,46.67,0.65,45.0,0.67,12.87,0.68,179.5,0.01,0.01,2346.595038,1776274877000
1776274880.259,80.259,0.32,95.0,0.31,85.0,0.33,189.46,0.34,70.17,0.66,53.67,0.65,45.0,0.67,17.0,0.68,179.5,0.01,0.01,2346.607661,1776274878000
1776274881.235,81.235,0.3,154.16,0.29,210.5,0.31,26.5,0.32,10.0,0.67,189.46,0.66,70.17,0.68,95.0,0.69,85.0,0.01,0.01,2346.607698,1776274879000
1776274881.891,81.891,0.3,153.66,0.29,230.5,0.31,97.33,0.32,38.0,0.69,26.5,0.68,10.0,0.7,154.16,0.71,210.5,0.01,0.01,2346.575486,1776274880000
1776274883.827,83.827,0.3,83.9,0.29,210.5,0.31,56.0,0.32,58.16,0.69,97.33,0.68,38.0,0.7,153.66,0.71,230.5,0.01,0.01,2346.331741,1776274882000
1776274884.266,84.266,0.3,82.9,0.29,210.5,0.31,76.0,0.32,58.16,0.69,56.0,0.68,58.16,0.7,83.9,0.71,210.5,0.01,0.01,2346.331741,1776274882000
1776274887.798,87.798,0.3,13.9,0.29,155.5,0.31,43.55,0.32,58.0,0.69,76.0,0.68,58.16,0.7,82.9,0.71,210.5,0.01,0.01,2346.24103,1776274886000
1776274888.464,88.464,0.3,100.5,0.29,172.5,0.31,45.25,0.32,10.0,0.69,43.55,0.68,58.0,0.71,155.5,0.72,64.0,0.01,0.02,2346.24103,1776274886000
1776274888.806,88.806,0.31,92.81,0.3,78.5,0.32,10.0,0.33,20.0,0.68,10.0,0.67,20.0,0.7,100.5,0.71,172.5,0.01,0.02,2346.240651,1776274887000
1776274890.316,90.316,0.33,16.0,0.32,79.0,0.34,124.85,0.35,148.42,0.67,20.0,0.65,107.42,0.68,7.41,0.69,101.81,0.01,0.01,2346.29455,1776274889000
1776274894.109,94.109,0.29,25.0,0.28,75.0,0.3,92.25,0.31,119.56,0.66,124.85,0.65,148.42,0.67,16.0,0.68,79.0,0.01,0.01,2346.548222,1776274892000
1776274894.889,94.889,0.29,14.71,0.28,80.0,0.3,77.25,0.31,71.56,0.7,92.25,0.69,119.56,0.71,25.0,0.72,75.0,0.01,0.01,2346.494027,1776274893000
1776274895.316,95.316,0.29,89.5,0.28,101.5,0.3,29.25,0.31,24.06,0.7,77.25,0.69,71.56,0.71,14.71,0.72,80.0,0.01,0.01,2346.494027,1776274893000
1776274895.624,95.624,0.3,105.5,0.29,83.5,0.31,16.16,0.33,6.0,0.69,22.16,0.67,6.0,0.71,90.5,0.72,120.5,0.01,0.02,2346.37719,1776274894000
1776274895.997,95.997,0.32,77.0,0.31,15.0,0.33,54.49,0.34,10.5,0.67,5.29,0.66,10.5,0.7,95.28,0.71,83.5,0.01,0.03,2346.37719,1776274894000
1776274896.258,96.258,0.32,74.0,0.31,15.0,0.33,52.8,0.34,15.5,0.67,49.2,0.66,10.5,0.68,79.0,0.69,15.0,0.01,0.01,2346.37719,1776274894000
1776274896.552,96.552,0.32,57.58,0.31,25.0,0.33,97.3,0.34,15.5,0.67,42.3,0.66,15.5,0.68,59.79,0.69,15.0,0.01,0.01,2346.284537,1776274895000
1776274897.367,97.367,0.32,110.23,0.31,101.77,0.33,1.22,0.35,106.92,0.67,75.44,0.66,25.5,0.68,57.58,0.69,25.0,0.01,0.01,2346.310926,1776274896000
1776274897.695,97.695,0.34,43.83,0.33,93.49,0.35,82.54,0.36,20.0,0.65,96.82,0.64,20.0,0.66,82.83,0.67,93.49,0.01,0.01,2346.310926,1776274896000
1776274897.979,97.979,0.34,112.82,0.33,43.77,0.35,64.27,0.36,20.0,0.65,70.42,0.64,20.0,0.66,167.82,0.67,43.77,0.01,0.01,2346.310926,1776274896000
1776274898.68,98.68,0.34,16.37,0.33,29.0,0.35,142.81,0.36,45.5,0.65,55.81,0.64,20.0,0.66,117.82,0.67,43.77,0.01,0.01,2346.506097,1776274897000
1776274899.919,99.919,0.31,25.0,0.3,75.0,0.33,59.04,0.34,132.73,0.65,156.81,0.64,40.5,0.68,73.55,0.69,211.5,0.02,0.03,2346.769935,1776274898000
1776274900.506,100.506,0.32,9.5,0.31,15.0,0.33,81.0,0.34,148.73,0.67,59.04,0.66,132.73,0.69,25.0,0.7,75.0,0.01,0.02,2346.869789,1776274899000
1776274901.38,101.38,0.32,105.0,0.31,86.5,0.33,31.22,0.34,96.23,0.67,81.0,0.66,148.73,0.68,9.5,0.69,15.0,0.01,0.01,2346.869789,1776274899000
1776274903.245,103.245,0.32,102.37,0.31,86.5,0.33,31.22,0.34,96.23,0.67,31.22,0.66,96.23,0.68,105.0,0.69,86.5,0.01,0.01,2346.647679,1776274902000
1776274904.504,104.504,0.32,82.71,0.31,91.5,0.33,31.22,0.34,96.23,0.67,31.22,0.66,96.23,0.68,102.37,0.69,86.5,0.01,0.01,2346.73805,1776274903000
1776274905.099,105.099,0.32,10.0,0.31,15.0,0.33,81.15,0.34,126.73,0.67,31.22,0.66,96.23,0.68,82.71,0.69,91.5,0.01,0.01,2346.73805,1776274903000
1776274905.964,105.964,0.29,13.37,0.28,60.0,0.3,45.5,0.31,42.5,0.67,50.15,0.66,40.5,0.68,4.0,0.69,25.0,0.01,0.01,2346.76093,1776274904000
1776274906.354,106.354,0.29,25.43,0.28,70.21,0.3,71.5,0.31,42.5,0.7,60.5,0.69,42.5,0.71,31.43,0.72,60.0,0.01,0.01,2346.76093,1776274904000
1776274906.607,106.607,0.29,17.38,0.28,70.21,0.3,66.5,0.31,117.13,0.7,71.5,0.69,42.5,0.71,25.43,0.72,70.21,0.01,0.01,2346.754725,1776274905000
1776274907.173,107.173,0.29,12.38,0.28,80.21,0.3,60.79,0.31,117.13,0.7,64.36,0.69,117.13,0.71,12.38,0.72,70.21,0.01,0.01,2346.74205,1776274906000
1776274907.593,107.593,0.28,90.21,0.27,175.5,0.3,119.26,0.31,53.5,0.7,60.79,0.69,117.13,0.71,12.38,0.72,80.21,0.02,0.01,2346.74205,1776274906000
1776274910.495,110.495,0.28,78.21,0.27,190.5,0.29,109.27,0.3,57.0,0.7,119.26,0.69,53.5,0.72,90.21,0.73,175.5,0.01,0.02,2346.341364,1776274909000
1776274910.746,110.746,0.28,64.83,0.27,170.0,0.29,124.77,0.3,52.0,0.71,109.27,0.7,57.0,0.72,78.21,0.73,190.5,0.01,0.01,2346.341364,1776274909000
1776274910.984,110.984,0.28,27.83,0.27,170.0,0.29,51.14,0.3,63.0,0.71,123.07,0.7,63.0,0.72,27.83,0.73,170.0,0.01,0.01,2346.341364,1776274909000
1776274911.281,111.281,0.28,37.05,0.27,170.0,0.29,70.31,0.3,63.0,0.71,46.14,0.7,63.0,0.72,37.05,0.73,170.0,0.01,0.01,2346.348927,1776274910000
1776274911.581,111.581,0.28,15.05,0.27,170.0,0.29,82.64,0.3,63.0,0.71,58.41,0.7,63.0,0.72,37.05,0.73,170.0,0.01,0.01,2346.348927,1776274910000
1776274911.891,111.891,0.28,3.1,0.27,170.0,0.29,173.78,0.3,63.0,0.71,80.94,0.7,63.0,0.72,15.05,0.73,170.0,0.01,0.01,2346.348927,1776274910000
1776274912.775,112.775,0.27,170.0,0.26,150.5,0.29,205.78,0.3,63.0,0.71,173.78,0.7,63.0,0.72,3.1,0.73,170.0,0.02,0.01,2346.380443,1776274911000
1776274913.973,113.973,0.27,68.53,0.26,150.5,0.28,218.43,0.29,75.71,0.71,205.78,0.7,63.0,0.73,170.0,0.74,150.5,0.01,0.02,2346.364442,1776274912000
1776274914.82,114.82,0.27,7.53,0.26,135.0,0.28,393.93,0.29,65.71,0.72,218.43,0.71,75.71,0.73,68.53,0.74,150.5,0.01,0.01,2346.288344,1776274913000
1776274915.68,115.68,0.23,10.0,0.22,175.0,0.24,164.79,0.25,107.73,0.72,393.93,0.71,65.71,0.74,110.0,0.75,60.0,0.01,0.02,2346.23851,1776274914000
1776274916.332,116.332,0.23,10.0,0.22,100.0,0.24,102.72,0.25,95.19,0.76,164.79,0.75,107.73,0.77,10.0,0.78,175.0,0.01,0.01,2346.233987,1776274915000
1776274916.859,116.859,0.23,7.0,0.22,100.0,0.24,117.72,0.25,74.5,0.76,102.72,0.75,95.19,0.77,10.0,0.78,100.0,0.01,0.01,2346.233987,1776274915000
1776274920.695,120.695,0.24,75.5,0.23,44.5,0.25,53.11,0.26,5.0,0.76,117.72,0.75,74.5,0.77,7.0,0.78,100.0,0.01,0.01,2345.414129,1776274919000
1776274921.185,121.185,0.26,151.16,0.25,29.5,0.27,85.0,0.28,35.0,0.73,85.0,0.72,30.0,0.76,111.5,0.77,41.5,0.01,0.03,2345.414129,1776274919000
1776274922.007,122.007,0.26,14.92,0.25,45.77,0.27,72.0,0.28,46.5,0.73,85.0,0.72,35.0,0.74,149.71,0.75,29.5,0.01,0.01,2345.440215,1776274920000
1776274922.262,122.262,0.26,4.64,0.25,20.27,0.27,128.5,0.28,35.5,0.73,72.0,0.72,46.5,0.74,14.92,0.75,45.77,0.01,0.01,2345.56701,1776274921000
1776274922.592,122.592,0.25,2.89,0.24,33.5,0.26,94.04,0.27,101.5,0.74,20.5,0.73,98.5,0.75,2.89,0.76,33.5,0.01,0.01,2345.56701,1776274921000
1776274922.906,122.906,0.23,3.19,0.22,10.5,0.26,144.04,0.27,101.5,0.74,94.04,0.73,101.5,0.75,2.89,0.76,33.5,0.03,0.01,2345.56701,1776274921000
1776274923.976,123.976,0.19,29.4,0.18,215.0,0.21,10.0,0.22,125.0,0.74,144.04,0.73,101.5,0.77,3.19,0.78,10.5,0.02,0.03,2346.14519,1776274922000
1776274924.333,124.333,0.19,3.76,0.18,35.0,0.2,38.0,0.21,20.0,0.8,10.0,0.79,10.0,0.81,12.13,0.82,215.0,0.01,0.01,2346.090749,1776274923000
1776274924.644,124.644,0.15,123.0,0.14,129.0,0.18,21.0,0.19,28.34,0.8,38.0,0.79,20.0,0.81,3.76,0.82,35.0,0.03,0.01,2346.090749,1776274923000
1776274924.917,124.917,0.15,90.94,0.14,129.0,0.17,16.0,0.18,33.5,0.83,16.0,0.82,23.0,0.85,93.0,0.86,129.0,0.02,0.02,2346.090749,1776274923000
1776274925.152,125.152,0.15,86.42,0.14,215.0,0.16,21.0,0.17,16.0,0.83,16.0,0.82,33.5,0.85,84.86,0.86,129.0,0.01,0.02,2346.090749,1776274923000
1776274925.827,125.827,0.14,5.58,0.13,100.0,0.15,10.0,0.16,29.0,0.84,21.0,0.83,16.0,0.85,86.42,0.86,215.0,0.01,0.01,2345.962826,1776274924000
1776274926.225,126.225,0.12,90.09,0.11,314.0,0.13,15.0,0.14,18.0,0.85,10.0,0.84,29.0,0.86,5.58,0.87,100.0,0.01,0.01,2345.436185,1776274925000
1776274926.519,126.519,0.12,91.4,0.11,290.0,0.13,15.0,0.14,18.0,0.87,15.0,0.86,18.0,0.88,84.4,0.89,314.0,0.01,0.01,2345.436185,1776274925000
1776274926.748,126.748,0.12,27.0,0.11,290.0,0.15,23.66,0.16,16.0,0.87,5.0,0.86,19.0,0.88,27.0,0.89,290.0,0.03,0.01,2345.436185,1776274925000
1776274926.997,126.997,0.12,32.78,0.11,300.0,0.13,27.0,0.14,16.0,0.87,22.0,0.86,16.0,0.88,34.0,0.89,300.0,0.01,0.01,2345.436185,1776274925000
1776274927.301,127.301,0.12,103.36,0.11,327.0,0.13,27.0,0.14,24.0,0.87,27.0,0.86,16.0,0.88,32.78,0.89,300.0,0.01,0.01,2345.115143,1776274926000
1776274927.666,127.666,0.12,138.8,0.11,305.5,0.13,12.0,0.15,13.0,0.87,27.0,0.86,24.0,0.88,97.67,0.89,327.0,0.01,0.01,2345.115143,1776274926000
1776274928.108,128.108,0.12,142.17,0.11,315.5,0.13,6.0,0.15,5.0,0.87,12.0,0.85,13.0,0.88,138.8,0.89,305.5,0.01,0.01,2345.115143,1776274926000
1776274928.501,128.501,0.16,77.72,0.15,20.0,0.17,20.0,0.18,10.0,0.82,38.5,0.81,32.84,0.87,21.0,0.88,118.17,0.01,0.05,2344.778642,1776274927000
1776274928.866,128.866,0.16,87.72,0.15,25.0,0.17,1.5,0.18,10.0,0.83,9.2,0.82,10.0,0.84,112.6,0.85,20.0,0.01,0.01,2344.778642,1776274927000
1776274929.361,129.361,0.16,82.72,0.15,20.0,0.17,1.12,0.18,10.0,0.83,13.5,0.82,10.0,0.84,83.18,0.85,25.0,0.01,0.01,2344.651344,1776274928000
1776274929.727,129.727,0.17,131.0,0.16,158.51,0.19,36.94,0.2,113.5,0.83,1.12,0.81,22.34,0.84,77.51,0.85,20.0,0.02,0.01,2344.651344,1776274928000
1776274930.602,130.602,0.17,13.1,0.16,110.0,0.18,32.5,0.19,55.3,0.81,26.3,0.8,143.5,0.83,140.65,0.84,163.51,0.01,0.02,2344.986344,1776274929000
1776274930.971,130.971,0.16,106.31,0.15,156.0,0.17,145.01,0.18,65.5,0.82,71.5,0.81,36.3,0.84,100.0,0.85,156.0,0.01,0.02,2344.986344,1776274929000
1776274931.244,131.244,0.16,164.31,0.15,162.0,0.17,62.12,0.18,50.5,0.83,73.01,0.82,70.5,0.84,149.31,0.85,162.0,0.01,0.01,2345.183536,1776274930000
1776274931.771,131.771,0.17,132.95,0.16,203.31,0.18,60.0,0.19,56.3,0.83,62.12,0.82,50.5,0.84,164.31,0.85,162.0,0.01,0.01,2345.183536,1776274930000
1776274932.274,132.274,0.16,120.0,0.15,140.0,0.18,216.33,0.19,51.3,0.82,75.5,0.81,51.3,0.83,121.92,0.84,203.31,0.02,0.01,2345.112077,1776274931000
1776274932.651,132.651,0.17,10.89,0.16,125.0,0.18,249.33,0.19,67.3,0.82,216.33,0.81,51.3,0.84,120.0,0.85,140.0,0.01,0.02,2345.112077,1776274931000
1776274933.308,133.308,0.16,135.0,0.15,140.0,0.17,135.0,0.18,174.33,0.82,254.33,0.81,67.3,0.83,9.08,0.84,125.0,0.01,0.01,2345.113756,1776274932000
1776274933.89,133.89,0.16,134.4,0.15,157.0,0.17,219.91,0.18,67.5,0.83,135.0,0.82,174.33,0.84,135.0,0.85,140.0,0.01,0.01,2345.113756,1776274932000
1776274936.198,136.198,0.16,15.0,0.15,142.0,0.17,333.64,0.18,83.5,0.83,219.91,0.82,67.5,0.84,134.4,0.85,157.0,0.01,0.01,2345.05485,1776274934000
1776274936.526,136.526,0.16,10.0,0.15,30.0,0.17,334.75,0.18,109.5,0.83,333.64,0.82,83.5,0.84,15.0,0.85,142.0,0.01,0.01,2345.003313,1776274935000
1776274937.192,137.192,0.15,34.41,0.14,160.0,0.16,182.0,0.17,87.5,0.83,334.75,0.82,109.5,0.84,10.0,0.85,30.0,0.01,0.01,2345.003313,1776274935000
1776274937.581,137.581,0.15,34.41,0.14,160.0,0.16,180.06,0.17,128.15,0.84,182.0,0.83,87.5,0.85,34.41,0.86,160.0,0.01,0.01,2344.97519,1776274936000
1776274941.662,141.662,0.1,124.43,0.09,235.0,0.11,82.05,0.12,51.5,0.84,180.06,0.83,128.15,0.85,34.41,0.86,160.0,0.01,0.01,2343.819812,1776274940000
1776274941.869,141.869,0.1,102.06,0.09,235.0,0.11,79.05,0.12,74.6,0.89,79.05,0.88,74.6,0.9,103.73,0.91,235.0,0.01,0.01,2343.819812,1776274940000
1776274942.265,142.265,0.1,112.77,0.09,260.0,0.11,229.5,0.12,172.35,0.89,85.05,0.88,74.6,0.9,111.76,0.91,235.0,0.01,0.01,2343.76817,1776274941000
1776274942.493,142.493,0.1,109.43,0.09,265.0,0.11,189.2,0.12,94.6,0.89,186.5,0.88,94.6,0.9,104.43,0.91,260.0,0.01,0.01,2343.76817,1776274941000
1776274942.81,142.81,0.1,99.43,0.09,265.0,0.11,210.5,0.12,181.66,0.89,198.2,0.88,174.96,0.9,104.43,0.91,265.0,0.01,0.01,2343.76817,1776274941000
1776274943.273,143.273,0.1,97.17,0.09,265.0,0.11,237.5,0.12,195.56,0.89,210.5,0.88,181.66,0.9,99.43,0.91,265.0,0.01,0.01,2343.723724,1776274942000
1776274943.586,143.586,0.1,83.82,0.09,265.0,0.11,172.2,0.12,166.46,0.89,187.7,0.88,181.57,0.9,85.49,0.91,265.0,0.01,0.01,2343.723724,1776274942000
1776274944.522,144.522,0.1,76.82,0.09,297.0,0.11,154.4,0.12,171.52,0.89,155.5,0.88,167.88,0.9,76.82,0.91,305.0,0.01,0.01,2343.89417,1776274943000
1776274944.847,144.847,0.1,85.15,0.09,297.0,0.11,268.39,0.12,97.6,0.89,151.18,0.88,171.77,0.9,76.82,0.91,297.0,0.01,0.01,2343.89417,1776274943000
1776274947.835,147.835,0.1,69.4,0.09,296.0,0.11,278.39,0.12,95.6,0.89,278.89,0.88,87.53,0.9,71.7,0.91,297.0,0.01,0.01,2344.141737,1776274946000
1776274948.586,148.586,0.1,35.54,0.09,194.0,0.11,147.18,0.12,174.42,0.89,278.39,0.88,95.6,0.9,69.4,0.91,296.0,0.01,0.01,2343.997616,1776274947000
1776274948.902,148.902,0.1,60.09,0.09,165.0,0.11,142.18,0.12,143.12,0.89,147.18,0.88,174.42,0.9,35.54,0.91,194.0,0.01,0.01,2343.997616,1776274947000
1776274949.492,149.492,0.1,93.59,0.09,273.0,0.11,4.0,0.12,85.1,0.89,142.18,0.88,143.12,0.9,60.09,0.91,165.0,0.01,0.01,2344.082391,1776274948000
1776274949.96,149.96,0.11,160.5,0.1,55.59,0.12,127.75,0.13,66.0,0.88,85.1,0.87,51.0,0.89,9.0,0.9,93.59,0.01,0.01,2344.082391,1776274948000
1776274951.106,151.106,0.11,160.5,0.1,55.59,0.12,127.04,0.13,122.99,0.88,127.75,0.87,66.0,0.89,160.5,0.9,55.59,0.01,0.01,2344.20002,1776274949000
1776274951.487,151.487,0.11,4.77,0.1,15.0,0.12,298.55,0.13,181.49,0.88,127.04,0.87,117.99,0.89,153.25,0.9,55.59,0.01,0.01,2344.298085,1776274950000
1776274952.199,152.199,0.1,53.57,0.09,140.0,0.11,250.77,0.12,61.92,0.89,230.77,0.88,95.92,0.9,8.02,0.91,165.0,0.01,0.01,2344.298085,1776274950000
1776274952.637,152.637,0.1,80.7,0.09,145.0,0.11,108.71,0.12,41.42,0.89,221.11,0.88,61.92,0.9,55.2,0.91,140.0,0.01,0.01,2344.585243,1776274951000
1776274953.404,153.404,0.1,87.92,0.09,148.0,0.11,230.19,0.12,46.42,0.89,108.71,0.88,41.42,0.9,80.7,0.91,145.0,0.01,0.01,2344.585787,1776274952000
1776274953.816,153.816,0.1,87.36,0.09,148.0,0.11,240.19,0.12,46.42,0.89,230.19,0.88,46.42,0.9,87.92,0.91,148.0,0.01,0.01,2344.585787,1776274952000
1776274954.05,154.05,0.1,80.88,0.09,248.0,0.11,245.19,0.12,46.42,0.89,240.19,0.88,46.42,0.9,87.36,0.91,148.0,0.01,0.01,2344.585787,1776274952000
1776274954.653,154.653,0.1,55.38,0.09,248.0,0.11,258.19,0.12,46.42,0.89,245.19,0.88,46.42,0.9,80.88,0.91,248.0,0.01,0.01,2344.447399,1776274953000
1776274955.033,155.033,0.1,63.3,0.09,148.0,0.11,253.19,0.12,46.42,0.89,258.19,0.88,46.42,0.9,55.38,0.91,248.0,0.01,0.01,2344.447399,1776274953000
1776274955.502,155.502,0.1,49.35,0.09,148.0,0.11,288.19,0.12,51.42,0.89,253.19,0.88,46.42,0.9,63.3,0.91,148.0,0.01,0.01,2344.519326,1776274954000
1776274955.971,155.971,0.1,86.85,0.09,148.0,0.11,241.49,0.12,46.42,0.89,277.29,0.88,46.42,0.9,71.35,0.91,148.0,0.01,0.01,2344.519326,1776274954000
1776274956.287,156.287,0.1,95.24,0.09,148.0,0.11,235.79,0.12,51.42,0.89,241.49,0.88,46.42,0.9,86.85,0.91,148.0,0.01,0.01,2344.600857,1776274955000
1776274956.872,156.872,0.1,105.24,0.09,140.0,0.11,250.59,0.12,51.42,0.89,235.79,0.88,51.42,0.9,95.24,0.91,148.0,0.01,0.01,2344.600857,1776274955000
1776274957.118,157.118,0.1,102.56,0.09,140.0,0.11,250.59,0.12,51.42,0.89,250.59,0.88,51.42,0.9,105.24,0.91,140.0,0.01,0.01,2344.600857,1776274955000
1776274957.551,157.551,0.1,83.89,0.09,140.0,0.11,209.09,0.12,41.42,0.89,254.79,0.88,51.42,0.9,47.59,0.91,140.0,0.01,0.01,2344.601192,1776274956000
1776274958.069,158.069,0.1,79.6,0.09,192.0,0.11,191.63,0.12,46.42,0.89,186.63,0.88,41.42,0.9,86.89,0.91,192.0,0.01,0.01,2344.604191,1776274957000
1776274958.802,158.802,0.1,66.15,0.09,148.0,0.11,196.63,0.12,46.42,0.89,191.63,0.88,46.42,0.9,79.6,0.91,192.0,0.01,0.01,2344.604191,1776274957000
1776274959.353,159.353,0.09,100.0,0.08,294.0,0.1,11.35,0.11,304.13,0.89,196.63,0.88,46.42,0.9,66.15,0.91,148.0,0.01,0.01,2344.684595,1776274958000
1776274959.874,159.874,0.07,154.9,0.06,175.0,0.08,42.5,0.09,424.73,0.9,11.35,0.89,304.13,0.91,100.0,0.92,294.0,0.01,0.01,2344.684595,1776274958000
1776274960.489,160.489,0.07,79.9,0.06,185.0,0.08,136.5,0.09,473.33,0.92,42.5,0.91,424.73,0.93,154.9,0.94,175.0,0.01,0.01,2344.775151,1776274959000
1776274960.74,160.74,0.07,29.9,0.06,185.0,0.08,244.78,0.09,320.5,0.92,136.5,0.91,473.33,0.93,79.9,0.94,185.0,0.01,0.01,2344.775151,1776274959000
1776274961.055,161.055,0.07,2.82,0.06,185.0,0.08,244.78,0.09,315.5,0.92,244.78,0.91,320.5,0.93,29.9,0.94,185.0,0.01,0.01,2344.75145,1776274960000
1776274962.005,162.005,0.07,12.82,0.06,176.0,0.08,115.55,0.09,262.5,0.92,263.48,0.91,315.5,0.93,2.82,0.94,185.0,0.01,0.01,2344.75145,1776274960000
1776274962.425,162.425,0.07,4.64,0.06,176.0,0.08,128.05,0.09,298.5,0.92,115.55,0.91,262.5,0.93,12.82,0.94,176.0,0.01,0.01,2343.931897,1776274961000
1776274962.947,162.947,0.07,4.64,0.06,181.0,0.08,17.5,0.09,254.5,0.92,128.05,0.91,298.5,0.93,4.64,0.94,176.0,0.01,0.01,2343.931897,1776274961000
1776274963.267,163.267,0.07,11.51,0.06,181.0,0.08,27.5,0.09,348.55,0.92,17.5,0.91,254.5,0.93,4.64,0.94,181.0,0.01,0.01,2343.931897,1776274961000
1776274963.908,163.908,0.07,15.0,0.06,135.0,0.09,90.55,0.1,146.85,0.92,27.5,0.91,348.55,0.93,14.9,0.94,181.0,0.02,0.01,2343.90485,1776274962000
1776274964.153,164.153,0.07,5.13,0.06,108.0,0.08,16.0,0.09,83.05,0.91,90.55,0.9,146.85,0.93,15.0,0.94,135.0,0.01,0.02,2343.933032,1776274963000
1776274964.532,164.532,0.06,108.0,0.05,141.0,0.08,60.0,0.09,132.05,0.92,21.0,0.91,83.05,0.93,2.0,0.94,108.0,0.02,0.01,2343.933032,1776274963000
1776274965.311,165.311,0.08,32.0,0.07,89.0,0.09,156.57,0.1,46.85,0.92,31.0,0.91,132.05,0.93,10.0,0.94,83.0,0.01,0.01,2344.083551,1776274964000
1776274966.068,166.068,0.08,73.77,0.07,48.0,0.09,8.3,0.1,18.0,0.91,156.57,0.9,46.85,0.92,32.0,0.93,89.0,0.01,0.01,2344.083551,1776274964000
1776274966.284,166.284,0.08,75.5,0.07,203.3,0.09,4.07,0.1,10.0,0.91,8.3,0.9,10.0,0.92,60.5,0.93,203.3,0.01,0.01,2344.083551,1776274964000
1776274966.942,166.942,0.09,97.04,0.08,99.4,0.1,10.0,0.11,141.44,0.9,10.0,0.89,59.3,0.91,10.93,0.92,75.5,0.01,0.01,2344.083551,1776274965000
1776274968.431,168.431,0.1,58.5,0.09,66.04,0.11,123.25,0.12,57.42,0.9,10.0,0.89,141.44,0.91,97.04,0.92,99.4,0.01,0.01,2344.479466,1776274967000
1776274969.092,169.092,0.1,82.94,0.09,40.0,0.11,128.25,0.12,62.42,0.89,123.25,0.88,57.42,0.9,58.5,0.91,66.04,0.01,0.01,2344.681052,1776274968000
1776274969.643,169.643,0.1,24.67,0.09,40.0,0.11,103.25,0.12,57.42,0.89,128.25,0.88,62.42,0.9,63.73,0.91,40.0,0.01,0.01,2344.681052,1776274968000
1776274970.123,170.123,0.1,10.0,0.09,15.0,0.11,58.61,0.12,62.42,0.89,90.25,0.88,57.42,0.9,20.17,0.91,40.0,0.01,0.01,2344.75129,1776274969000
1776274970.584,170.584,0.1,16.47,0.09,22.0,0.11,53.61,0.12,62.42,0.89,58.61,0.88,62.42,0.9,10.0,0.91,15.0,0.01,0.01,2344.75129,1776274969000
1776274970.902,170.902,0.1,8.88,0.09,66.0,0.11,10.7,0.12,48.75,0.88,53.75,0.87,116.5,0.9,15.0,0.91,22.0,0.01,0.02,2344.75129,1776274969000
1776274972.621,172.621,0.1,2.5,0.09,59.0,0.11,142.12,0.12,50.55,0.88,45.55,0.87,116.5,0.9,8.88,0.91,66.0,0.01,0.02,2344.913854,1776274971000
1776274973.79,173.79,0.1,10.0,0.09,59.0,0.11,147.12,0.12,60.55,0.89,142.12,0.88,50.55,0.9,2.5,0.91,59.0,0.01,0.01,2344.95208,1776274972000
1776274974.585,174.585,0.1,5.14,0.09,15.0,0.11,143.02,0.12,71.05,0.89,138.02,0.88,71.05,0.9,5.5,0.91,59.0,0.01,0.01,2344.980939,1776274973000
1776274976.097,176.097,0.08,26.2,0.07,65.3,0.11,143.22,0.12,105.05,0.89,143.02,0.88,71.05,0.9,5.14,0.91,15.0,0.03,0.01,2344.953486,1776274975000
1776274976.79,176.79,0.08,19.2,0.07,65.3,0.09,4.1,0.1,15.0,0.89,143.22,0.88,105.05,0.92,6.2,0.93,65.3,0.01,0.03,2344.953486,1776274975000
1776274978.198,178.198,0.07,2.0,0.06,25.0,0.08,10.0,0.09,151.57,0.91,4.1,0.9,15.0,0.92,19.2,0.93,65.3,0.01,0.01,2344.839718,1776274977000
1776274979.312,179.312,0.07,10.84,0.06,30.0,0.08,19.7,0.09,224.21,0.92,4.2,0.91,151.57,0.93,2.0,0.94,25.0,0.01,0.01,2344.839718,1776274977000
1776274980.136,180.136,0.07,40.84,0.06,35.0,0.08,38.69,0.09,141.5,0.92,14.0,0.91,124.6,0.93,10.84,0.94,30.0,0.01,0.01,2344.138835,1776274978000
1776274980.419,180.419,0.06,21.68,0.05,175.0,0.08,52.79,0.09,136.5,0.92,54.79,0.91,158.5,0.93,6.64,0.94,64.0,0.02,0.01,2344.142148,1776274979000
1776274980.665,180.665,0.06,16.36,0.05,175.0,0.07,43.82,0.08,30.0,0.93,5.0,0.92,30.0,0.94,16.36,0.95,175.0,0.01,0.01,2344.142148,1776274979000
1776274980.909,180.909,0.06,24.72,0.05,175.0,0.07,48.82,0.08,30.0,0.93,43.82,0.92,30.0,0.94,16.36,0.95,175.0,0.01,0.01,2344.142148,1776274979000
1776274981.161,181.161,0.06,8.82,0.05,175.0,0.07,38.12,0.08,15.0,0.93,38.12,0.92,15.0,0.94,24.41,0.95,175.0,0.01,0.01,2344.142148,1776274979000
1776274981.4,181.4,0.06,1.39,0.05,175.0,0.07,38.12,0.08,25.0,0.93,43.12,0.92,15.0,0.94,11.7,0.95,175.0,0.01,0.01,2344.312501,1776274980000
1776274982.274,182.274,0.06,5.0,0.05,330.92,0.07,48.12,0.08,35.0,0.93,48.12,0.92,25.0,0.95,172.32,0.96,218.8,0.01,0.02,2344.312501,1776274980000
1776274983.159,183.159,0.07,19.27,0.06,90.8,0.08,30.0,0.09,226.0,0.93,48.12,0.92,35.0,0.94,5.0,0.95,330.92,0.01,0.01,2344.35235,1776274981000
1776274983.518,183.518,0.08,15.0,0.07,133.55,0.09,233.5,0.1,136.42,0.91,233.5,0.9,126.42,0.93,174.55,0.94,68.8,0.01,0.02,2344.36776,1776274982000
1776274984.372,184.372,0.07,128.55,0.05,370.12,0.09,358.0,0.1,311.32,0.91,233.5,0.9,136.42,0.92,15.0,0.93,133.55,0.02,0.01,2344.469215,1776274983000
1776274984.575,184.575,0.07,63.37,0.05,370.12,0.08,17.0,0.09,363.0,0.92,17.0,0.91,363.0,0.93,74.49,0.95,370.12,0.01,0.01,2344.469215,1776274983000
1776274985.388,185.388,0.07,61.27,0.05,370.12,0.08,206.0,0.09,348.0,0.92,127.0,0.91,358.0,0.93,63.27,0.95,370.12,0.01,0.01,2344.469215,1776274983000
1776274986.133,186.133,0.07,49.05,0.05,370.12,0.08,354.55,0.09,352.5,0.92,345.65,0.91,342.0,0.93,54.05,0.95,375.12,0.01,0.01,2344.5668,1776274984000
1776274986.446,186.446,0.07,39.85,0.05,370.12,0.08,387.55,0.09,352.5,0.92,354.55,0.91,352.5,0.93,49.05,0.95,370.12,0.01,0.01,2344.214626,1776274985000
1776274986.765,186.765,0.07,34.85,0.05,358.12,0.08,476.05,0.09,372.5,0.92,387.55,0.91,352.5,0.93,39.85,0.95,370.12,0.01,0.01,2344.214626,1776274985000
1776274986.973,186.973,0.05,347.12,0.04,365.0,0.07,5.0,0.08,476.05,0.92,476.05,0.91,372.5,0.95,358.12,0.96,365.0,0.02,0.03,2344.214626,1776274985000
1776274987.42,187.42,0.05,346.06,0.04,365.0,0.06,260.82,0.07,75.3,0.93,5.0,0.92,476.05,0.95,347.12,0.96,365.0,0.01,0.02,2344.03755,1776274986000
1776274987.62,187.62,0.05,335.58,0.04,365.0,0.06,268.75,0.07,70.3,0.94,318.75,0.93,75.3,0.95,346.06,0.96,365.0,0.01,0.01,2344.03755,1776274986000
1776274988.651,188.651,0.05,200.58,0.04,365.0,0.06,311.75,0.07,80.3,0.94,268.75,0.93,70.3,0.95,335.58,0.96,365.0,0.01,0.01,2344.039252,1776274987000
1776274989.029,189.029,0.05,103.73,0.04,365.0,0.06,331.62,0.07,87.3,0.94,324.62,0.93,80.3,0.95,119.78,0.96,365.0,0.01,0.01,2344.039252,1776274987000
1776274990.606,190.606,0.05,98.63,0.04,365.0,0.06,251.62,0.07,77.3,0.94,331.62,0.93,87.3,0.95,103.73,0.96,365.0,0.01,0.01,2343.27152,1776274989000
1776274990.857,190.857,0.05,70.29,0.04,365.0,0.06,272.62,0.07,97.3,0.94,256.62,0.93,72.3,0.95,77.4,0.96,365.0,0.01,0.01,2343.27152,1776274989000
1776274991.392,191.392,0.05,58.02,0.04,365.0,0.06,283.12,0.07,112.8,0.94,277.62,0.93,97.3,0.95,63.29,0.96,365.0,0.01,0.01,2343.091939,1776274990000
1776274991.743,191.743,0.05,55.66,0.04,365.0,0.06,271.45,0.07,117.8,0.94,329.45,0.93,112.8,0.95,61.72,0.96,365.0,0.01,0.01,2343.091939,1776274990000
1776274992.063,192.063,0.05,53.54,0.04,365.0,0.06,254.78,0.07,117.8,0.94,271.45,0.93,117.8,0.95,53.54,0.96,365.0,0.01,0.01,2343.091939,1776274990000
1776274992.661,192.661,0.05,48.54,0.04,365.0,0.06,264.78,0.07,117.8,0.94,254.78,0.93,117.8,0.95,53.54,0.96,365.0,0.01,0.01,2343.178002,1776274991000
1776274993.981,193.981,0.05,43.06,0.04,365.0,0.06,259.78,0.07,87.8,0.94,264.78,0.93,117.8,0.95,48.54,0.96,365.0,0.01,0.01,2343.456515,1776274992000
1776274994.666,194.666,0.05,31.51,0.04,365.0,0.06,264.78,0.07,92.8,0.94,259.78,0.93,87.8,0.95,41.51,0.96,365.0,0.01,0.01,2343.280785,1776274993000
1776274994.927,194.927,0.05,24.33,0.04,365.0,0.06,304.78,0.07,102.8,0.94,264.78,0.93,92.8,0.95,25.39,0.96,365.0,0.01,0.01,2343.280785,1776274993000
1776274995.254,195.254,0.05,20.33,0.04,365.0,0.06,288.11,0.07,112.8,0.94,288.11,0.93,102.8,0.95,24.33,0.96,365.0,0.01,0.01,2343.338465,1776274994000
1776274995.48,195.48,0.05,10.47,0.04,365.0,0.06,324.11,0.07,122.8,0.94,305.11,0.93,122.8,0.95,16.47,0.96,365.0,0.01,0.01,2343.338465,1776274994000
1776274995.9,195.9,0.03,341.0,0.02,396.0,0.04,249.93,0.05,318.54,0.96,5.6,0.95,70.5,0.97,346.0,0.98,396.0,0.01,0.01,2343.338465,1776274994000
1776274996.33,196.33,0.03,338.92,0.02,396.0,0.04,421.63,0.05,384.54,0.96,354.93,0.95,418.54,0.97,339.96,0.98,396.0,0.01,0.01,2343.338465,1776274994000
1776274996.657,196.657,0.03,337.88,0.02,396.0,0.04,667.65,0.05,223.3,0.96,694.65,0.95,223.3,0.97,337.88,0.98,396.0,0.01,0.01,2343.431385,1776274995000
1776274996.976,196.976,0.03,332.88,0.02,396.0,0.04,650.75,0.05,206.3,0.96,667.65,0.95,223.3,0.97,332.88,0.98,396.0,0.01,0.01,2343.431385,1776274995000
1776274997.292,197.292,0.03,332.88,0.02,396.0,0.04,659.95,0.05,211.3,0.96,650.75,0.95,206.3,0.97,332.88,0.98,396.0,0.01,0.01,2343.431385,1776274995000
1776274997.87,197.87,0.03,337.88,0.02,396.0,0.04,665.15,0.05,211.3,0.96,659.95,0.95,211.3,0.97,332.88,0.98,396.0,0.01,0.01,2343.4268,1776274996000
1776274998.17,198.17,0.03,322.57,0.02,396.0,0.04,665.15,0.05,211.3,0.96,665.15,0.95,211.3,0.97,337.88,0.98,396.0,0.01,0.01,2343.181365,1776274997000
1776274998.44,198.44,0.03,317.57,0.02,396.0,0.04,780.75,0.05,233.3,0.96,658.75,0.95,211.3,0.97,322.57,0.98,396.0,0.01,0.01,2343.181365,1776274997000
1776274998.646,198.646,0.03,312.57,0.02,396.0,0.04,801.45,0.05,212.3,0.96,774.45,0.95,233.3,0.97,317.57,0.98,396.0,0.01,0.01,2343.181365,1776274997000
1776274999.438,199.438,0.03,302.57,0.02,396.0,0.04,684.45,0.05,217.3,0.96,801.45,0.95,212.3,0.97,312.57,0.98,396.0,0.01,0.01,2343.181365,1776274997000
1776274999.943,199.943,0.03,282.57,0.02,396.0,0.04,558.45,0.05,229.3,0.96,684.45,0.95,217.3,0.97,302.57,0.98,396.0,0.01,0.01,2343.277058,1776274998000
1776275000.87,200.87,0.03,282.58,0.02,416.0,0.04,563.45,0.05,254.3,0.96,558.45,0.95,229.3,0.97,282.57,0.98,396.0,0.01,0.01,2343.289344,1776274999000
1776275004.317,204.317,0.03,267.58,0.02,416.0,0.04,558.43,0.05,424.19,0.96,563.45,0.95,254.3,0.97,282.58,0.98,416.0,0.01,0.01,2343.069587,1776275002000
1776275004.665,204.665,0.02,399.46,0.01,2168.75,0.04,848.22,0.05,304.3,0.96,648.43,0.95,509.19,0.97,1.48,0.98,416.0,0.02,0.01,2343.042135,1776275003000
1776275004.973,204.973,0.02,394.46,0.01,2168.75,0.03,323.0,0.04,795.22,0.96,848.22,0.95,304.3,0.98,399.46,0.99,2168.75,0.01,0.02,2343.042135,1776275003000
1776275006.865,206.865,0.02,385.36,0.01,2168.75,0.03,418.2,0.04,486.45,0.97,323.0,0.96,795.22,0.98,394.46,0.99,2168.75,0.01,0.01,2342.569724,1776275005000
1776275007.097,207.097,0.02,381.24,0.01,2168.75,0.03,418.2,0.04,486.45,0.97,413.2,0.96,486.45,0.98,387.27,0.99,2168.75,0.01,0.01,2342.569724,1776275005000
1776275007.473,207.473,0.02,348.15,0.01,2168.75,0.03,413.2,0.04,480.43,0.97,413.2,0.96,486.45,0.98,383.15,0.99,2168.75,0.01,0.01,2342.275837,1776275006000
1776275007.968,207.968,0.02,343.05,0.01,2168.75,0.03,496.2,0.04,480.43,0.97,413.2,0.96,480.43,0.98,348.15,0.99,2168.75,0.01,0.01,2342.275837,1776275006000
1776275008.908,208.908,0.02,233.05,0.01,2168.75,0.03,320.51,0.04,380.43,0.97,496.2,0.96,480.43,0.98,343.05,0.99,2168.75,0.01,0.01,2342.258382,1776275007000
1776275009.216,209.216,0.02,208.05,0.01,2168.75,0.03,325.51,0.04,380.43,0.97,320.51,0.96,380.43,0.98,233.05,0.99,2168.75,0.01,0.01,2342.258382,1776275007000
1776275009.613,209.613,0.02,207.02,0.01,2347.75,0.03,314.51,0.04,380.43,0.97,325.51,0.96,380.43,0.98,208.05,0.99,2168.75,0.01,0.01,2342.53234,1776275008000
1776275009.857,209.857,0.02,204.96,0.01,2347.75,0.03,315.51,0.04,380.43,0.97,314.51,0.96,380.43,0.98,205.99,0.99,2347.75,0.01,0.01,2342.53234,1776275008000
1776275010.07,210.07,0.02,194.86,0.01,2347.75,0.03,315.51,0.04,380.43,0.97,315.51,0.96,380.43,0.98,204.96,0.99,2347.75,0.01,0.01,2342.53234,1776275008000
1776275010.95,210.95,0.02,47.33,0.01,2347.75,0.03,343.51,0.04,410.43,0.97,315.51,0.96,380.43,0.98,193.83,0.99,2347.75,0.01,0.01,2342.596749,1776275009000
1776275011.773,211.773,0.02,46.3,0.01,2347.75,0.03,433.51,0.04,410.43,0.97,343.51,0.96,410.43,0.98,47.33,0.99,2347.75,0.01,0.01,2342.50775,1776275010000
1776275012.0,212.0,0.02,11.3,0.01,2347.75,0.03,345.51,0.04,410.43,0.97,424.51,0.96,410.43,0.98,41.3,0.99,2347.75,0.01,0.01,2342.50775,1776275010000
1776275012.31,212.31,0.02,11.3,0.01,2347.75,0.03,409.01,0.04,410.43,0.97,345.51,0.96,410.43,0.98,11.3,0.99,2347.75,0.01,0.01,2342.50775,1776275010000
1776275012.665,212.665,0.02,10.27,0.01,2057.75,0.03,325.61,0.04,405.43,0.97,332.01,0.96,405.43,0.98,10.27,0.99,2047.75,0.01,0.01,2342.50775,1776275010000
1776275012.988,212.988,0.02,10.27,0.01,2057.75,0.03,319.31,0.04,405.43,0.97,325.61,0.96,405.43,0.98,10.27,0.99,2057.75,0.01,0.01,2342.50775,1776275010000
1776275013.514,213.514,0.01,2057.75,,,0.02,427.93,0.03,186.31,0.98,19.73,0.97,324.31,0.99,2057.75,,,0.01,0.01,2342.4858,1776275012000
1776275013.722,213.722,0.01,2042.75,,,0.02,437.93,0.03,186.31,0.98,427.93,0.97,186.31,0.99,2057.75,,,0.01,0.01,2342.4858,1776275012000
1776275014.089,214.089,0.01,2043.7,,,0.02,418.3,0.03,186.31,0.98,418.3,0.97,186.31,0.99,2042.75,,,0.01,0.01,2342.311724,1776275013000
1776275014.502,214.502,0.01,1942.7,,,0.02,389.0,0.03,209.31,0.98,407.0,0.97,186.31,0.99,2043.7,,,0.01,0.01,2342.311724,1776275013000
1776275014.709,214.709,0.01,1942.7,,,0.02,379.19,0.03,209.31,0.98,389.0,0.97,209.31,0.99,1942.7,,,0.01,0.01,2342.311724,1776275013000
1776275015.116,215.116,0.01,1907.7,,,0.02,329.53,0.03,204.31,0.98,379.19,0.97,209.31,0.99,1907.7,,,0.01,0.01,2342.311724,1776275013000
1776275015.608,215.608,0.01,1793.45,,,0.02,191.59,0.03,186.31,0.98,22.89,0.97,204.31,0.99,1798.45,,,0.01,0.01,2342.30866,1776275014000
1776275015.837,215.837,0.01,1772.45,,,0.02,71.62,0.03,186.31,0.98,71.62,0.97,186.31,0.99,1773.45,,,0.01,0.01,2342.30866,1776275014000
1776275016.226,216.226,0.01,1765.42,,,0.02,71.62,0.03,186.31,0.98,71.62,0.97,186.31,0.99,1772.45,,,0.01,0.01,2342.327793,1776275015000
1776275016.431,216.431,0.01,1735.42,,,0.02,71.62,0.03,186.31,0.98,71.62,0.97,186.31,0.99,1765.42,,,0.01,0.01,2342.327793,1776275015000
1776275016.673,216.673,0.01,1740.42,,,0.02,21.62,0.03,186.31,0.98,71.62,0.97,186.31,0.99,1735.42,,,0.01,0.01,2342.327793,1776275015000
1776275017.511,217.511,0.01,1524.4,,,0.02,1179.89,0.03,66.81,0.98,46.62,0.97,71.81,0.99,1734.4,,,0.01,0.01,2342.337955,1776275016000
1776275017.793,217.793,0.01,1427.4,,,0.02,1164.89,0.03,66.81,0.98,1179.89,0.97,66.81,0.99,1524.4,,,0.01,0.01,2342.337955,1776275016000
1776275018.932,218.932,0.01,1391.38,,,0.02,1307.89,0.03,71.81,0.98,1164.89,0.97,66.81,0.99,1397.4,,,0.01,0.01,2342.320695,1776275017000
1776275019.223,219.223,0.01,1386.38,,,0.02,1302.39,0.03,171.81,0.98,1307.89,0.97,71.81,0.99,1391.38,,,0.01,0.01,2342.346724,1776275018000
1776275019.641,219.641,0.01,810.38,,,0.02,1407.39,0.03,276.81,0.98,1407.39,0.97,271.81,0.99,830.38,,,0.01,0.01,2342.346724,1776275018000
1776275019.873,219.873,0.01,434.17,,,0.02,1418.39,0.03,276.81,0.98,1423.39,0.97,276.81,0.99,445.38,,,0.01,0.01,2342.346724,1776275018000
1776275020.196,220.196,0.01,272.06,,,0.02,1323.39,0.03,276.81,0.98,1439.39,0.97,276.81,0.99,282.17,,,0.01,0.01,2342.292242,1776275019000
1776275020.399,220.399,0.01,242.06,,,0.02,1418.39,0.03,276.81,0.98,1323.39,0.97,276.81,0.99,272.06,,,0.01,0.01,2342.292242,1776275019000
1776275020.6,220.6,0.01,192.06,,,0.02,1418.39,0.03,276.81,0.98,1418.39,0.97,276.81,0.99,242.06,,,0.01,0.01,2342.292242,1776275019000
1776275021.103,221.103,0.01,191.04,,,0.02,1418.39,0.03,276.81,0.98,1418.39,0.97,276.81,0.99,192.06,,,0.01,0.01,2342.241182,1776275020000
1776275021.562,221.562,0.01,155.68,,,0.02,1439.39,0.03,282.81,0.98,1418.39,0.97,276.81,0.99,191.04,,,0.01,0.01,2342.241182,1776275020000
1776275021.943,221.943,0.01,41.39,,,0.02,1416.39,0.03,406.51,0.98,1434.39,0.97,282.81,0.99,69.68,,,0.01,0.01,2342.241182,1776275020000
1776275022.199,222.199,0.01,7.37,,,0.02,1304.39,0.03,276.81,0.98,1416.39,0.97,400.51,0.99,8.39,,,0.01,0.01,2342.107425,1776275021000
1776275022.489,222.489,,,,,0.01,186.81,0.02,1209.39,0.98,1304.39,0.97,276.81,,,,,,,2342.107425,1776275021000
1776275022.758,222.758,,,,,0.01,112.26,0.02,1204.39,0.99,191.26,0.98,1204.39,,,,,,,2342.107425,1776275021000
1776275023.158,223.158,,,,,0.01,107.27,0.02,1204.39,0.99,112.26,0.98,1204.39,,,,,,,2342.028237,1776275022000
1776275026.688,226.688,,,,,0.01,5301.36,0.02,1215.39,0.99,107.27,0.98,1204.39,,,,,,,2342.01623,1776275025000
1776275027.655,227.655,,,,,0.01,5294.86,0.02,105.12,0.99,5301.36,0.98,1215.39,,,,,,,2341.925808,1776275026000
1776275027.971,227.971,,,,,0.01,5288.46,0.02,205.12,0.99,5294.86,0.98,105.12,,,,,,,2341.925808,1776275026000
1776275028.314,228.314,,,,,0.01,5282.16,0.02,205.12,0.99,5288.46,0.98,205.12,,,,,,,2341.925808,1776275026000
1776275028.849,228.849,,,,,0.01,5275.66,0.02,205.12,0.99,5282.16,0.98,205.12,,,,,,,2341.889027,1776275027000
1776275029.164,229.164,,,,,0.01,5369.26,0.02,105.12,0.99,5275.66,0.98,205.12,,,,,,,2341.94,1776275028000
1776275029.499,229.499,,,,,0.01,5462.96,0.02,288.82,0.99,5369.26,0.98,105.12,,,,,,,2341.94,1776275028000
1776275035.46,235.46,,,,,0.01,14312.06,0.02,306.83,0.99,5462.96,0.98,288.82,,,,,,,2340.315805,1776275034000
1776275041.171,241.171,,,,,0.01,14550.28,0.02,290.31,0.99,14312.06,0.98,306.83,,,,,,,2340.824159,1776275039000
1776275044.428,244.428,,,,,0.01,14503.83,0.02,191.61,0.99,14550.28,0.98,290.31,,,,,,,2341.494705,1776275043000
1776275044.744,244.744,,,,,0.01,14497.43,0.02,191.61,0.99,14503.83,0.98,191.61,,,,,,,2341.494705,1776275043000
1776275045.059,245.059,,,,,0.01,14491.13,0.02,191.61,0.99,14497.43,0.98,191.61,,,,,,,2341.494705,1776275043000
1776275045.6,245.6,,,,,0.01,14464.63,0.02,191.61,0.99,14471.13,0.98,191.61,,,,,,,2341.494705,1776275043000
1776275045.926,245.926,,,,,0.01,14458.23,0.02,91.61,0.99,14464.63,0.98,191.61,,,,,,,2341.890786,1776275044000
1776275046.247,246.247,,,,,0.01,14451.93,0.02,75.62,0.99,14458.23,0.98,91.61,,,,,,,2341.890786,1776275044000
1776275048.555,248.555,,,,,0.01,5425.91,0.02,64.62,0.99,14451.93,0.98,75.62,,,,,,,2342.650675,1776275047000
1776275051.089,251.089,,,,,0.01,5440.91,0.02,86.62,0.99,5425.91,0.98,64.62,,,,,,,2342.827085,1776275049000
1776275055.923,255.923,,,,,0.01,5491.6,0.02,86.62,0.99,5440.91,0.98,86.62,,,,,,,2343.00765,1776275054000
1776275056.55,256.55,,,,,0.01,5401.6,0.02,270.32,0.99,5491.6,0.98,86.62,,,,,,,2343.089146,1776275055000
1776275061.157,261.157,,,,,0.01,5395.1,0.02,186.62,0.99,5401.6,0.98,270.32,,,,,,,2343.00745,1776275060000
1776275061.714,261.714,,,,,0.01,5388.7,0.02,186.62,0.99,5395.1,0.98,186.62,,,,,,,2343.00745,1776275060000
1776275061.979,261.979,,,,,0.01,5288.7,0.02,186.62,0.99,5388.7,0.98,186.62,,,,,,,2343.04427,1776275061000
1776275062.566,262.566,,,,,0.01,5275.9,0.02,370.32,0.99,5282.4,0.98,186.62,,,,,,,2343.04427,1776275061000
1776275062.889,262.889,,,,,0.01,5269.5,0.02,370.32,0.99,5275.9,0.98,370.32,,,,,,,2343.04427,1776275061000
1776275063.219,263.219,,,,,0.01,5263.2,0.02,370.32,0.99,5269.5,0.98,370.32,,,,,,,2343.111175,1776275062000
1776275072.613,272.613,,,,,0.01,13790.61,0.02,381.32,0.99,5263.2,0.98,370.32,,,,,,,2343.069544,1776275071000
1776275086.666,286.666,,,,,0.01,16106.38,0.02,76.0,0.99,13790.61,0.98,381.32,,,,,,,2342.562217,1776275085000
1776275096.824,296.824,,,,,0.01,16661.88,0.02,76.0,0.99,16106.38,0.98,76.0,,,,,,,2342.604955,1776275095000

# RESULT,winner=Down,slug=eth-updown-5m-1776274800,ticks=367
