timestamp,elapsed_sec,up_bid_p1,up_bid_s1,up_bid_p2,up_bid_s2,up_bid_p3,up_bid_s3,up_bid_p4,up_bid_s4,up_bid_p5,up_bid_s5,up_ask_p1,up_ask_s1,up_ask_p2,up_ask_s2,up_ask_p3,up_ask_s3,up_ask_p4,up_ask_s4,up_ask_p5,up_ask_s5,down_bid_p1,down_bid_s1,down_bid_p2,down_bid_s2,down_bid_p3,down_bid_s3,down_bid_p4,down_bid_s4,down_bid_p5,down_bid_s5,down_ask_p1,down_ask_s1,down_ask_p2,down_ask_s2,down_ask_p3,down_ask_s3,down_ask_p4,down_ask_s4,down_ask_p5,down_ask_s5,up_spread,down_spread,eth_price,eth_oracle_ts
1776172500.849,0.849,0.41,194.0,0.4,13.0,0.39,8.0,0.38,8.0,0.37,189.0,0.43,10.0,0.44,42.9,0.46,7.4,0.47,110.28,0.48,59.4,0.56,42.9,0.54,7.4,0.53,110.28,0.52,59.4,0.51,30.94,0.6,13.0,0.61,8.0,0.62,8.0,0.63,189.0,0.64,9.0,0.02,0.04,2381.764546,1776172499000
1776172501.103,1.103,0.41,189.0,0.4,13.0,0.39,8.0,0.38,8.0,0.37,9.0,0.43,10.0,0.44,42.9,0.46,7.4,0.47,110.28,0.48,19.0,0.57,10.0,0.56,42.9,0.54,7.4,0.53,110.28,0.52,59.4,0.59,194.0,0.6,13.0,0.61,8.0,0.62,8.0,0.63,189.0,0.02,0.02,2381.764546,1776172499000
1776172501.448,1.448,0.41,189.0,0.4,13.0,0.39,8.0,0.38,8.0,0.37,9.0,0.43,10.0,0.44,42.9,0.46,7.4,0.47,110.28,0.48,19.0,0.57,10.0,0.56,42.9,0.54,7.4,0.53,110.28,0.52,19.0,0.59,189.0,0.6,13.0,0.61,8.0,0.62,8.0,0.63,9.0,0.02,0.02,2381.9075,1776172500000
1776172502.225,2.225,0.41,189.0,0.4,13.0,0.39,8.0,0.38,8.0,0.37,9.0,0.43,10.0,0.44,42.9,0.46,7.4,0.47,110.28,0.48,19.0,0.57,10.0,0.56,42.9,0.54,7.4,0.53,110.28,0.52,19.0,0.59,189.0,0.6,13.0,0.61,8.0,0.62,8.0,0.63,9.0,0.02,0.02,2381.76991,1776172501000
1776172502.705,2.705,0.36,66.81,0.35,70.0,0.34,70.0,0.33,300.0,0.31,375.0,0.41,114.0,0.42,26.0,0.43,25.01,0.44,112.9,0.45,134.2,0.59,109.0,0.58,26.0,0.57,25.01,0.56,112.9,0.55,134.2,0.61,5.0,0.64,70.0,0.65,70.0,0.66,70.0,0.67,300.0,0.05,0.02,2381.76991,1776172501000
1776172503.008,3.008,0.36,66.81,0.35,70.0,0.34,70.0,0.33,300.0,0.31,375.0,0.41,104.0,0.42,26.0,0.43,25.01,0.44,112.9,0.45,134.2,0.59,114.0,0.58,26.0,0.57,25.01,0.56,112.9,0.55,134.2,0.64,66.81,0.65,70.0,0.66,70.0,0.67,300.0,0.69,375.0,0.05,0.05,2381.76991,1776172501000
1776172503.408,3.408,0.39,6.01,0.36,66.81,0.35,70.0,0.34,90.0,0.33,10.0,0.41,114.0,0.42,31.0,0.43,25.01,0.44,112.9,0.45,144.2,0.59,104.0,0.58,26.0,0.57,25.01,0.56,112.9,0.55,134.2,0.64,66.81,0.65,70.0,0.66,70.0,0.67,300.0,0.69,375.0,0.02,0.05,2381.76991,1776172501000
1776172503.612,3.612,0.38,10.0,0.37,10.0,0.35,44.8,0.34,90.0,0.33,10.0,0.39,6.0,0.41,114.0,0.42,31.0,0.43,25.01,0.44,112.9,0.59,119.0,0.58,31.0,0.57,25.01,0.56,112.9,0.55,144.2,0.6,5.0,0.62,10.0,0.63,10.0,0.65,34.8,0.66,90.0,0.01,0.01,2381.76991,1776172501000
1776172503.855,3.855,0.38,10.0,0.37,10.0,0.35,44.8,0.34,90.0,0.33,10.0,0.39,6.0,0.41,114.0,0.42,31.0,0.43,25.01,0.44,112.9,0.61,6.0,0.59,114.0,0.58,31.0,0.57,25.01,0.56,112.9,0.62,10.0,0.63,10.0,0.65,44.8,0.66,90.0,0.67,10.0,0.01,0.01,2381.037685,1776172502000
1776172504.327,4.327,0.36,10.0,0.35,44.8,0.34,80.0,0.33,10.0,0.32,15.0,0.39,93.0,0.4,31.0,0.41,5.0,0.42,15.0,0.43,45.01,0.61,67.0,0.6,31.0,0.59,5.0,0.58,10.0,0.57,45.01,0.62,5.0,0.63,15.0,0.64,15.0,0.65,44.8,0.66,90.0,0.03,0.01,2381.037685,1776172502000
1776172504.591,4.591,0.36,10.0,0.35,44.8,0.34,80.0,0.33,10.0,0.32,25.0,0.37,20.0,0.38,29.0,0.39,26.0,0.41,5.0,0.42,15.0,0.61,73.0,0.6,31.0,0.59,5.0,0.58,15.0,0.57,45.01,0.64,10.0,0.65,44.8,0.66,80.0,0.67,10.0,0.68,15.0,0.01,0.03,2380.985885,1776172503000
1776172504.936,4.936,0.36,3.43,0.35,44.8,0.34,80.0,0.33,10.0,0.32,25.0,0.37,25.0,0.38,18.0,0.39,26.0,0.41,5.0,0.42,15.0,0.63,20.0,0.62,29.0,0.61,26.0,0.59,5.0,0.58,15.0,0.64,10.0,0.65,44.8,0.66,80.0,0.67,10.0,0.68,25.0,0.01,0.01,2380.985885,1776172503000
1776172505.228,5.228,0.35,18.23,0.34,80.0,0.33,10.0,0.32,25.0,0.31,435.0,0.37,20.0,0.38,18.0,0.39,26.0,0.41,5.0,0.42,15.0,0.63,20.0,0.62,18.0,0.61,26.0,0.59,5.0,0.58,15.0,0.65,18.23,0.66,80.0,0.67,10.0,0.68,25.0,0.69,435.0,0.02,0.02,2380.917234,1776172504000
1776172505.609,5.609,0.36,5.0,0.35,18.23,0.34,90.0,0.33,10.0,0.32,15.0,0.37,15.0,0.38,29.0,0.39,36.0,0.4,8.0,0.41,5.0,0.63,20.0,0.62,18.0,0.61,26.0,0.59,5.0,0.58,15.0,0.65,18.23,0.66,80.0,0.67,10.0,0.68,25.0,0.69,435.0,0.01,0.02,2380.917234,1776172504000
1776172506.271,6.271,0.36,7.65,0.35,15.54,0.34,90.0,0.33,10.0,0.32,10.0,0.37,15.0,0.38,29.0,0.39,44.0,0.41,10.0,0.42,15.0,0.63,15.0,0.62,29.0,0.61,36.0,0.6,8.0,0.59,10.0,0.65,15.54,0.66,90.0,0.67,10.0,0.68,15.0,0.69,60.0,0.01,0.02,2380.917234,1776172504000
1776172506.492,6.492,0.35,8.34,0.34,90.0,0.33,10.0,0.32,10.0,0.31,60.0,0.37,20.0,0.38,29.0,0.39,44.0,0.41,20.0,0.42,15.0,0.63,15.0,0.62,29.0,0.61,44.0,0.59,10.0,0.58,15.0,0.64,5.3,0.65,15.54,0.66,90.0,0.67,10.0,0.68,10.0,0.02,0.01,2380.917234,1776172504000
1776172506.729,6.729,0.36,7.06,0.35,8.34,0.34,90.0,0.33,10.0,0.32,10.0,0.37,10.0,0.38,29.0,0.39,44.0,0.4,8.0,0.41,20.0,0.63,20.0,0.62,29.0,0.61,44.0,0.59,20.0,0.58,15.0,0.65,8.34,0.66,90.0,0.67,10.0,0.68,10.0,0.69,60.0,0.01,0.02,2380.81563,1776172505000
1776172507.226,7.226,0.36,7.06,0.35,18.34,0.34,80.0,0.33,10.0,0.32,10.0,0.37,4.08,0.38,24.0,0.39,26.0,0.4,28.0,0.41,20.0,0.63,4.0,0.62,29.0,0.61,36.0,0.6,8.0,0.59,20.0,0.64,7.06,0.65,8.34,0.66,90.0,0.67,10.0,0.68,10.0,0.01,0.01,2380.81563,1776172505000
1776172507.588,7.588,0.37,5.0,0.36,12.06,0.35,18.34,0.34,80.0,0.33,10.0,0.38,34.0,0.39,31.0,0.4,28.0,0.41,20.0,0.42,15.0,0.63,4.08,0.62,24.0,0.61,26.0,0.6,28.0,0.59,20.0,0.64,7.06,0.65,18.34,0.66,80.0,0.67,10.0,0.68,10.0,0.01,0.01,2380.850232,1776172506000
1776172508.388,8.388,0.36,12.06,0.35,18.34,0.34,80.0,0.33,10.0,0.32,10.0,0.38,34.0,0.39,31.0,0.4,18.0,0.41,20.0,0.42,15.0,0.62,34.0,0.61,31.0,0.6,18.0,0.59,20.0,0.58,15.0,0.64,12.06,0.65,18.34,0.66,80.0,0.67,10.0,0.68,10.0,0.02,0.02,2380.884608,1776172507000
1776172508.978,8.978,0.36,12.06,0.35,18.34,0.34,80.0,0.33,10.0,0.32,10.0,0.38,34.0,0.39,31.0,0.4,18.0,0.41,20.0,0.42,15.0,0.62,34.0,0.61,31.0,0.6,18.0,0.59,20.0,0.58,15.0,0.64,12.06,0.65,18.34,0.66,80.0,0.67,10.0,0.68,10.0,0.02,0.02,2380.86815,1776172508000
1776172509.498,9.498,0.37,5.0,0.36,12.06,0.35,18.34,0.34,80.0,0.33,10.0,0.38,38.66,0.39,31.0,0.4,23.0,0.41,15.0,0.42,15.0,0.62,45.0,0.61,31.0,0.6,23.0,0.59,15.0,0.58,15.0,0.63,5.0,0.64,12.06,0.65,18.34,0.66,80.0,0.67,10.0,0.01,0.01,2380.86815,1776172508000
1776172509.927,9.927,0.37,5.0,0.36,12.06,0.35,18.34,0.34,80.0,0.33,10.0,0.38,38.66,0.39,31.0,0.4,23.0,0.41,15.0,0.42,15.0,0.62,38.66,0.61,31.0,0.6,23.0,0.59,15.0,0.58,15.0,0.63,5.0,0.64,12.06,0.65,18.34,0.66,80.0,0.67,10.0,0.01,0.01,2380.8533,1776172509000
1776172510.922,10.922,0.38,25.5,0.37,10.0,0.36,12.06,0.35,18.34,0.34,80.0,0.39,82.1,0.4,62.0,0.41,15.0,0.42,15.0,0.43,37.01,0.61,28.17,0.6,23.0,0.59,15.0,0.58,15.0,0.57,37.01,0.63,15.0,0.64,12.06,0.65,18.34,0.66,80.0,0.67,10.0,0.01,0.02,2380.8533,1776172509000
1776172511.184,11.184,0.38,25.5,0.37,10.0,0.36,12.06,0.35,18.34,0.34,80.0,0.39,57.1,0.4,62.0,0.41,15.0,0.42,15.0,0.43,37.01,0.61,82.1,0.6,62.0,0.59,15.0,0.58,15.0,0.57,37.01,0.62,25.5,0.63,10.0,0.64,12.06,0.65,18.34,0.66,80.0,0.01,0.01,2380.8384,1776172510000
1776172511.397,11.397,0.38,28.88,0.37,15.0,0.36,65.06,0.35,18.34,0.34,80.0,0.39,65.48,0.4,54.0,0.41,15.0,0.42,15.0,0.43,45.01,0.61,57.1,0.6,62.0,0.59,15.0,0.58,15.0,0.57,37.01,0.62,25.5,0.63,10.0,0.64,12.06,0.65,18.34,0.66,80.0,0.01,0.01,2380.8384,1776172510000
1776172512.031,12.031,0.38,28.88,0.37,15.0,0.36,65.06,0.35,18.34,0.34,80.0,0.39,65.48,0.4,54.0,0.41,15.0,0.42,15.0,0.43,45.01,0.61,65.48,0.6,54.0,0.59,15.0,0.58,15.0,0.57,45.01,0.62,28.88,0.63,15.0,0.64,65.06,0.65,18.34,0.66,80.0,0.01,0.01,2380.83845,1776172511000
1776172512.322,12.322,0.37,10.0,0.36,58.0,0.35,10.0,0.34,70.0,0.33,9.0,0.39,167.5,0.4,131.24,0.41,15.0,0.42,15.0,0.43,45.01,0.61,65.48,0.6,54.0,0.59,15.0,0.58,15.0,0.57,45.01,0.62,28.88,0.63,15.0,0.64,65.06,0.65,18.34,0.66,80.0,0.02,0.01,2380.83845,1776172511000
1776172512.825,12.825,0.36,58.0,0.35,10.0,0.34,70.0,0.33,9.0,0.32,29.0,0.38,68.5,0.39,115.5,0.4,97.24,0.41,15.0,0.42,15.0,0.61,167.5,0.6,131.24,0.59,15.0,0.58,15.0,0.57,45.01,0.63,10.0,0.64,58.0,0.65,10.0,0.66,70.0,0.67,9.0,0.02,0.02,2380.83845,1776172511000
1776172513.582,13.582,0.36,73.0,0.35,15.0,0.34,70.0,0.33,18.5,0.32,40.0,0.37,35.65,0.38,45.5,0.39,91.5,0.4,36.0,0.41,15.0,0.63,38.36,0.62,45.5,0.61,91.5,0.6,97.24,0.59,15.0,0.64,68.0,0.65,15.0,0.66,70.0,0.67,19.5,0.68,29.0,0.01,0.01,2380.83845,1776172511000
1776172513.981,13.981,0.36,66.43,0.35,15.0,0.34,70.0,0.33,18.5,0.32,40.0,0.37,29.65,0.38,45.5,0.39,91.5,0.4,36.0,0.41,15.0,0.63,29.65,0.62,45.5,0.61,91.5,0.6,36.0,0.59,15.0,0.64,73.0,0.65,15.0,0.66,70.0,0.67,18.5,0.68,40.0,0.01,0.01,2380.83845,1776172512000
1776172514.28,14.28,0.36,66.43,0.35,15.0,0.34,70.0,0.33,18.5,0.32,40.0,0.37,29.65,0.38,45.5,0.39,91.5,0.4,36.0,0.41,15.0,0.63,29.65,0.62,45.5,0.61,91.5,0.6,36.0,0.59,15.0,0.64,66.43,0.65,15.0,0.66,70.0,0.67,18.5,0.68,40.0,0.01,0.01,2380.874886,1776172513000
1776172514.79,14.79,0.36,8.43,0.35,15.0,0.34,70.0,0.33,27.5,0.32,40.0,0.37,26.94,0.38,50.5,0.39,38.5,0.4,41.0,0.41,20.0,0.63,26.94,0.62,50.5,0.61,38.5,0.6,41.0,0.59,20.0,0.64,10.0,0.65,15.0,0.66,70.0,0.67,27.5,0.68,40.0,0.01,0.01,2380.874886,1776172513000
1776172515.501,15.501,0.36,8.43,0.35,15.0,0.34,70.0,0.33,27.5,0.32,40.0,0.37,26.94,0.38,50.5,0.39,38.5,0.4,41.0,0.41,20.0,0.63,26.94,0.62,50.5,0.61,38.5,0.6,41.0,0.59,20.0,0.64,8.43,0.65,15.0,0.66,70.0,0.67,27.5,0.68,40.0,0.01,0.01,2380.925767,1776172514000
1776172516.036,16.036,0.36,3.43,0.35,15.0,0.34,80.5,0.33,35.5,0.32,40.0,0.37,29.23,0.38,114.5,0.39,38.5,0.4,46.0,0.41,20.0,0.63,26.94,0.62,50.5,0.61,38.5,0.6,41.0,0.59,20.0,0.64,8.43,0.65,15.0,0.66,70.0,0.67,27.5,0.68,40.0,0.01,0.01,2380.925767,1776172514000
1776172516.456,16.456,0.36,1.86,0.35,15.0,0.34,80.5,0.33,35.5,0.32,40.0,0.37,28.82,0.38,114.5,0.39,30.5,0.4,54.0,0.41,20.0,0.63,18.82,0.62,114.5,0.61,38.5,0.6,46.0,0.59,20.0,0.64,3.43,0.65,15.0,0.66,80.5,0.67,35.5,0.68,40.0,0.01,0.01,2380.925767,1776172514000
1776172516.899,16.899,0.36,1.86,0.35,15.0,0.34,80.5,0.33,47.5,0.32,40.0,0.37,16.13,0.38,114.5,0.39,30.5,0.4,54.0,0.41,20.0,0.63,28.82,0.62,114.5,0.61,30.5,0.6,54.0,0.59,20.0,0.64,1.86,0.65,15.0,0.66,80.5,0.67,35.5,0.68,40.0,0.01,0.01,2380.925767,1776172515000
1776172518.31,18.31,0.36,1.86,0.35,15.0,0.34,80.5,0.33,47.5,0.32,40.0,0.37,26.13,0.38,114.5,0.39,55.5,0.4,54.0,0.41,20.0,0.63,26.13,0.62,114.5,0.61,55.5,0.6,54.0,0.59,20.0,0.64,1.86,0.65,15.0,0.66,80.5,0.67,47.5,0.68,40.0,0.01,0.01,2380.884035,1776172517000
1776172519.686,19.686,0.36,1.86,0.35,15.0,0.34,80.5,0.33,47.5,0.32,40.0,0.37,26.13,0.38,114.5,0.39,55.5,0.4,54.0,0.41,20.0,0.63,26.13,0.62,114.5,0.61,55.5,0.6,54.0,0.59,20.0,0.64,1.86,0.65,15.0,0.66,80.5,0.67,47.5,0.68,40.0,0.01,0.01,2380.884355,1776172518000
1776172520.298,20.298,0.36,1.86,0.35,15.0,0.34,80.5,0.33,47.5,0.32,40.0,0.37,26.13,0.38,114.5,0.39,55.5,0.4,54.0,0.41,20.0,0.63,26.13,0.62,114.5,0.61,55.5,0.6,54.0,0.59,20.0,0.64,1.86,0.65,15.0,0.66,80.5,0.67,47.5,0.68,40.0,0.01,0.01,2380.92663,1776172519000
1776172521.389,21.389,0.35,5.0,0.34,148.5,0.33,116.22,0.32,48.0,0.31,63.0,0.37,41.5,0.38,55.24,0.39,40.5,0.4,60.0,0.41,53.0,0.63,26.13,0.62,114.5,0.61,55.5,0.6,54.0,0.59,20.0,0.64,1.86,0.65,15.0,0.66,80.5,0.67,47.5,0.68,40.0,0.02,0.01,2380.92663,1776172519000
1776172522.12,22.12,0.35,5.0,0.34,148.5,0.33,116.22,0.32,48.0,0.31,63.0,0.37,41.5,0.38,55.24,0.39,40.5,0.4,60.0,0.41,53.0,0.63,41.5,0.62,55.24,0.61,40.5,0.6,60.0,0.59,53.0,0.65,5.0,0.66,148.5,0.67,116.22,0.68,48.0,0.69,63.0,0.02,0.02,2380.92315,1776172521000
1776172522.518,22.518,0.35,15.5,0.34,153.5,0.33,134.49,0.32,40.0,0.31,63.0,0.36,11.66,0.37,15.0,0.38,119.24,0.39,40.5,0.4,60.0,0.63,41.5,0.62,55.24,0.61,40.5,0.6,60.0,0.59,53.0,0.65,5.0,0.66,148.5,0.67,116.22,0.68,48.0,0.69,63.0,0.01,0.02,2380.92315,1776172521000
1776172522.814,22.814,0.35,15.5,0.34,276.49,0.33,53.77,0.32,5.0,0.31,63.0,0.36,0.66,0.37,21.0,0.38,102.74,0.39,40.5,0.4,26.0,0.64,11.66,0.63,15.0,0.62,119.24,0.61,40.5,0.6,60.0,0.65,15.5,0.66,153.5,0.67,134.49,0.68,40.0,0.69,63.0,0.01,0.01,2380.92315,1776172521000
1776172523.285,23.285,0.36,15.5,0.35,111.49,0.34,185.77,0.33,33.5,0.32,5.0,0.37,5.0,0.38,105.4,0.39,40.5,0.4,26.0,0.41,53.0,0.62,99.4,0.61,40.5,0.6,26.0,0.59,53.0,0.58,45.0,0.65,20.5,0.66,276.49,0.67,58.77,0.68,5.0,0.69,63.0,0.01,0.03,2380.92315,1776172521000
1776172523.776,23.776,0.37,20.5,0.36,73.5,0.35,10.5,0.34,213.49,0.33,63.5,0.38,15.34,0.39,30.0,0.4,36.5,0.41,41.0,0.42,45.0,0.62,99.4,0.61,40.5,0.6,26.0,0.59,53.0,0.58,45.0,0.64,20.5,0.65,111.49,0.66,185.77,0.67,33.5,0.68,5.0,0.01,0.02,2380.931918,1776172522000
1776172524.241,24.241,0.37,25.5,0.36,73.5,0.35,107.49,0.34,127.77,0.33,33.5,0.38,22.23,0.39,30.0,0.4,36.5,0.41,41.0,0.42,45.0,0.62,22.23,0.61,30.0,0.6,36.5,0.59,41.0,0.58,45.0,0.63,25.5,0.64,73.5,0.65,107.49,0.66,127.77,0.67,33.5,0.01,0.01,2380.883435,1776172523000
1776172524.452,24.452,0.37,20.5,0.36,73.5,0.35,10.5,0.34,213.49,0.33,62.5,0.38,21.23,0.39,88.0,0.4,36.5,0.41,41.0,0.42,45.0,0.62,22.23,0.61,30.0,0.6,36.5,0.59,41.0,0.58,45.0,0.63,25.5,0.64,73.5,0.65,107.49,0.66,127.77,0.67,33.5,0.01,0.01,2380.883435,1776172523000
1776172524.768,24.768,0.37,25.5,0.36,73.5,0.35,116.49,0.34,130.77,0.33,25.5,0.39,19.95,0.4,41.5,0.41,33.0,0.42,53.0,0.43,42.01,0.62,4.95,0.61,26.0,0.6,41.5,0.59,33.0,0.58,53.0,0.63,20.5,0.64,73.5,0.65,116.49,0.66,130.77,0.67,25.5,0.02,0.01,2380.883435,1776172523000
1776172525.204,25.204,0.37,25.5,0.36,73.5,0.35,116.49,0.34,130.77,0.33,25.5,0.39,19.95,0.4,41.5,0.41,33.0,0.42,53.0,0.43,42.01,0.61,19.95,0.6,41.5,0.59,33.0,0.58,53.0,0.57,42.01,0.63,25.5,0.64,73.5,0.65,116.49,0.66,130.77,0.67,25.5,0.02,0.02,2381.040865,1776172524000
1776172525.673,25.673,0.37,25.5,0.36,73.5,0.35,20.5,0.34,216.49,0.33,49.5,0.38,9.12,0.39,19.95,0.4,94.5,0.41,28.0,0.42,48.0,0.62,11.76,0.61,19.95,0.6,94.5,0.59,28.0,0.58,48.0,0.63,15.5,0.64,73.5,0.65,116.49,0.66,130.77,0.67,20.5,0.01,0.01,2381.040865,1776172524000
1776172525.91,25.91,0.37,25.5,0.36,73.5,0.35,117.49,0.34,130.77,0.33,20.5,0.38,5.77,0.39,19.95,0.4,94.5,0.41,28.0,0.42,48.0,0.62,9.12,0.61,19.95,0.6,94.5,0.59,28.0,0.58,48.0,0.63,25.5,0.64,73.5,0.65,20.5,0.66,216.49,0.67,49.5,0.01,0.01,2381.040865,1776172524000
1776172526.174,26.174,0.37,20.5,0.36,73.5,0.35,117.49,0.34,130.77,0.33,20.5,0.38,1.82,0.39,19.95,0.4,84.0,0.41,38.5,0.42,48.0,0.62,1.82,0.61,19.95,0.6,84.0,0.59,38.5,0.58,48.0,0.63,20.5,0.64,73.5,0.65,117.49,0.66,130.77,0.67,20.5,0.01,0.01,2381.052985,1776172525000
1776172526.436,26.436,0.37,114.22,0.36,140.77,0.35,10.5,0.34,28.5,0.33,25.5,0.39,8.95,0.4,16.0,0.41,15.0,0.42,30.0,0.43,27.01,0.62,1.82,0.61,19.95,0.6,84.0,0.59,38.5,0.58,48.0,0.63,20.5,0.64,73.5,0.65,117.49,0.66,130.77,0.67,20.5,0.02,0.01,2381.052985,1776172525000
1776172526.819,26.819,0.38,48.5,0.37,152.36,0.36,96.77,0.35,15.5,0.34,58.5,0.4,4.95,0.41,15.0,0.42,15.0,0.43,43.51,0.44,77.9,0.6,9.95,0.59,15.0,0.58,30.0,0.57,33.01,0.56,77.9,0.62,10.5,0.63,146.22,0.64,154.77,0.65,15.5,0.66,58.5,0.02,0.02,2381.052985,1776172525000
1776172527.193,27.193,0.38,48.5,0.37,152.36,0.36,96.77,0.35,15.5,0.34,58.5,0.4,4.95,0.41,15.0,0.42,15.0,0.43,43.51,0.44,77.9,0.6,4.95,0.59,15.0,0.58,15.0,0.57,43.51,0.56,77.9,0.62,48.5,0.63,152.36,0.64,96.77,0.65,15.5,0.66,58.5,0.02,0.02,2381.061405,1776172526000
1776172527.719,27.719,0.39,113.5,0.38,48.5,0.37,147.36,0.36,91.77,0.35,25.5,0.4,2.45,0.41,15.0,0.42,20.0,0.43,53.51,0.44,67.9,0.6,4.95,0.59,15.0,0.58,15.0,0.57,43.51,0.56,77.9,0.62,48.5,0.63,152.36,0.64,96.77,0.65,15.5,0.66,58.5,0.01,0.02,2381.061405,1776172526000
1776172528.179,28.179,0.4,25.5,0.39,103.5,0.38,43.5,0.37,147.36,0.36,91.77,0.42,15.66,0.43,53.51,0.44,67.9,0.45,125.26,0.46,56.0,0.58,15.66,0.57,53.51,0.56,67.9,0.55,125.26,0.54,56.0,0.6,25.5,0.61,103.5,0.62,43.5,0.63,147.36,0.64,91.77,0.02,0.02,2381.082002,1776172527000
1776172528.405,28.405,0.4,100.18,0.39,53.5,0.38,35.5,0.37,146.48,0.36,109.77,0.41,4.21,0.42,10.66,0.43,42.51,0.44,58.9,0.45,127.26,0.59,4.21,0.58,10.66,0.57,42.51,0.56,58.9,0.55,127.26,0.6,118.5,0.61,53.5,0.62,35.5,0.63,146.48,0.64,109.77,0.01,0.01,2381.082002,1776172527000
1776172529.081,29.081,0.4,100.18,0.39,53.5,0.38,35.5,0.37,146.48,0.36,109.77,0.41,4.21,0.42,10.66,0.43,42.51,0.44,58.9,0.45,127.26,0.59,4.21,0.58,10.66,0.57,42.51,0.56,58.9,0.55,127.26,0.6,100.18,0.61,53.5,0.62,35.5,0.63,146.48,0.64,109.77,0.01,0.01,2381.233756,1776172528000
1776172529.992,29.992,0.41,12.1,0.4,90.5,0.39,81.5,0.38,124.49,0.37,48.89,0.42,25.5,0.43,95.38,0.44,58.9,0.45,103.26,0.46,84.0,0.57,32.38,0.56,58.9,0.55,103.26,0.54,84.0,0.53,143.28,0.6,110.68,0.61,53.5,0.62,149.49,0.63,48.89,0.64,78.5,0.01,0.03,2381.233756,1776172528000
1776172531.041,31.041,0.41,12.1,0.4,90.5,0.39,81.5,0.38,124.49,0.37,48.89,0.42,25.5,0.43,95.38,0.44,58.9,0.45,103.26,0.46,84.0,0.58,25.5,0.57,95.38,0.56,58.9,0.55,103.26,0.54,84.0,0.59,12.1,0.6,90.5,0.61,81.5,0.62,124.49,0.63,48.89,0.01,0.01,2381.26442,1776172530000
1776172531.487,31.487,0.42,158.5,0.41,189.59,0.4,54.9,0.39,50.5,0.38,25.5,0.43,6.88,0.44,52.9,0.45,82.26,0.46,46.0,0.47,184.28,0.58,25.5,0.57,95.38,0.56,58.9,0.55,103.26,0.54,84.0,0.59,12.1,0.6,90.5,0.61,81.5,0.62,124.49,0.63,48.89,0.01,0.01,2381.26442,1776172530000
1776172531.841,31.841,0.43,116.5,0.42,105.5,0.41,184.59,0.4,49.9,0.39,58.5,0.45,73.36,0.46,46.0,0.47,194.78,0.48,56.01,0.49,334.0,0.56,11.1,0.55,82.26,0.54,46.0,0.53,194.78,0.52,56.01,0.57,78.5,0.58,105.5,0.59,184.59,0.6,49.9,0.61,58.5,0.02,0.01,2381.26442,1776172530000
1776172532.105,32.105,0.44,10.5,0.43,164.5,0.42,42.5,0.41,184.59,0.4,44.9,0.45,48.36,0.46,46.0,0.47,194.78,0.48,51.01,0.49,334.0,0.55,48.36,0.54,46.0,0.53,194.78,0.52,51.01,0.51,334.0,0.56,10.5,0.57,164.5,0.58,42.5,0.59,184.59,0.6,44.9,0.01,0.01,2381.239556,1776172531000
1776172532.315,32.315,0.44,108.5,0.43,115.5,0.42,131.49,0.41,97.49,0.4,58.5,0.45,30.69,0.46,36.0,0.47,120.28,0.48,57.51,0.49,311.0,0.55,33.36,0.54,36.0,0.53,110.28,0.52,57.51,0.51,320.0,0.56,93.5,0.57,115.5,0.58,25.5,0.59,182.49,0.6,87.9,0.01,0.01,2381.239556,1776172531000
1776172532.994,32.994,0.45,20.5,0.44,106.71,0.43,115.5,0.42,132.49,0.41,97.49,0.47,106.1,0.48,57.51,0.49,311.0,0.5,85.0,0.51,53.0,0.53,106.1,0.52,57.51,0.51,311.0,0.5,85.0,0.49,53.0,0.55,20.5,0.56,106.71,0.57,115.5,0.58,132.49,0.59,97.49,0.02,0.02,2381.347165,1776172532000
1776172533.312,33.312,0.46,234.5,0.45,45.5,0.44,28.71,0.43,205.49,0.42,66.9,0.47,71.1,0.48,31.01,0.49,296.5,0.5,52.5,0.51,103.0,0.53,106.1,0.52,57.51,0.51,311.0,0.5,85.0,0.49,53.0,0.55,20.5,0.56,106.71,0.57,115.5,0.58,132.49,0.59,97.49,0.01,0.02,2381.347165,1776172532000
1776172533.979,33.979,0.47,100.5,0.46,229.49,0.45,62.9,0.44,23.71,0.43,43.5,0.48,26.17,0.49,286.0,0.5,52.5,0.51,10.0,0.52,58.0,0.52,28.67,0.51,296.5,0.5,52.5,0.49,68.0,0.48,26.0,0.54,300.5,0.55,45.5,0.56,164.7,0.57,92.9,0.58,33.5,0.01,0.02,2381.347165,1776172532000
1776172534.549,34.549,0.48,176.42,0.47,35.5,0.46,240.49,0.45,62.9,0.44,31.71,0.49,257.17,0.5,52.5,0.51,10.0,0.53,10.0,0.54,39.0,0.51,252.17,0.5,52.5,0.49,10.0,0.48,58.0,0.46,51.0,0.53,105.5,0.54,229.49,0.55,62.9,0.56,23.71,0.57,43.5,0.01,0.02,2381.537695,1776172533000
1776172535.012,35.012,0.48,189.49,0.47,40.5,0.46,235.49,0.45,57.9,0.44,31.71,0.49,257.17,0.5,52.5,0.51,68.0,0.54,39.0,0.55,55.11,0.51,257.17,0.5,52.5,0.49,10.0,0.48,58.0,0.47,10.0,0.52,169.49,0.53,35.5,0.54,240.49,0.55,62.9,0.56,31.71,0.01,0.01,2381.537695,1776172533000
1776172535.492,35.492,0.48,131.49,0.47,151.49,0.46,137.9,0.45,25.5,0.44,31.71,0.49,254.41,0.5,52.5,0.51,68.0,0.53,20.0,0.54,16.0,0.51,257.17,0.5,52.5,0.49,68.0,0.46,39.0,0.45,55.11,0.52,189.49,0.53,40.5,0.54,235.49,0.55,57.9,0.56,31.71,0.01,0.01,2381.746266,1776172534000
1776172535.758,35.758,0.48,131.49,0.47,98.5,0.46,235.49,0.45,50.5,0.44,31.71,0.49,242.12,0.5,52.5,0.51,10.0,0.52,5.0,0.53,20.0,0.51,246.21,0.5,52.5,0.49,10.0,0.47,20.0,0.46,28.0,0.52,126.49,0.53,98.5,0.54,137.9,0.55,50.5,0.56,31.71,0.01,0.01,2381.746266,1776172534000
1776172536.108,36.108,0.48,131.49,0.47,98.5,0.46,235.49,0.45,50.5,0.44,31.71,0.49,242.12,0.5,52.5,0.51,10.0,0.52,5.0,0.53,20.0,0.51,242.12,0.5,52.5,0.49,10.0,0.48,5.0,0.47,20.0,0.52,131.49,0.53,98.5,0.54,235.49,0.55,50.5,0.56,31.71,0.01,0.01,2381.934872,1776172535000
1776172537.048,37.048,0.48,102.04,0.47,88.5,0.46,105.5,0.45,25.5,0.44,31.71,0.49,250.07,0.5,110.5,0.51,10.0,0.52,10.0,0.53,35.0,0.51,242.12,0.5,52.5,0.49,10.0,0.48,5.0,0.47,20.0,0.52,131.49,0.53,98.5,0.54,235.49,0.55,50.5,0.56,31.71,0.01,0.01,2381.934872,1776172535000
1776172537.336,37.336,0.48,102.04,0.47,88.5,0.46,105.5,0.45,25.5,0.44,31.71,0.49,244.55,0.5,110.5,0.51,10.0,0.52,10.0,0.53,35.0,0.51,244.55,0.5,110.5,0.49,10.0,0.48,10.0,0.47,35.0,0.52,102.04,0.53,88.5,0.54,105.5,0.55,25.5,0.56,31.71,0.01,0.01,2381.833355,1776172536000
1776172538.619,38.619,0.48,102.04,0.47,88.5,0.46,105.5,0.45,25.5,0.44,31.71,0.49,244.55,0.5,110.5,0.51,10.0,0.52,10.0,0.53,35.0,0.51,244.55,0.5,110.5,0.49,10.0,0.48,10.0,0.47,35.0,0.52,102.04,0.53,88.5,0.54,105.5,0.55,25.5,0.56,31.71,0.01,0.01,2381.862011,1776172537000
1776172539.192,39.192,0.48,102.04,0.47,88.5,0.46,105.5,0.45,25.5,0.44,31.71,0.49,244.55,0.5,110.5,0.51,10.0,0.52,10.0,0.53,35.0,0.51,244.55,0.5,110.5,0.49,10.0,0.48,10.0,0.47,35.0,0.52,102.04,0.53,88.5,0.54,105.5,0.55,25.5,0.56,31.71,0.01,0.01,2381.829827,1776172538000
1776172539.448,39.448,0.48,24.54,0.45,5.0,0.44,5.0,0.42,17.0,0.4,30.0,0.49,407.05,0.5,95.5,0.51,60.0,0.52,50.0,0.53,10.0,0.51,244.55,0.5,110.5,0.49,10.0,0.48,10.0,0.47,35.0,0.52,102.04,0.53,88.5,0.54,105.5,0.55,25.5,0.56,31.71,0.01,0.01,2381.829827,1776172538000
1776172539.777,39.777,0.4,41.52,0.39,8.0,0.38,63.0,0.36,55.0,0.34,5.0,0.42,41.5,0.43,61.5,0.44,26.5,0.45,25.5,0.46,33.5,0.54,10.0,0.52,10.5,0.51,407.05,0.5,95.5,0.49,60.0,0.58,5.6,0.6,30.0,0.61,20.0,0.62,58.0,0.64,55.0,0.02,0.04,2381.829827,1776172538000
1776172540.114,40.114,0.41,3.63,0.4,46.52,0.39,13.0,0.38,63.0,0.36,50.0,0.42,46.5,0.43,66.5,0.44,36.5,0.45,25.5,0.46,39.5,0.58,41.5,0.57,61.5,0.56,26.5,0.55,25.5,0.54,33.5,0.6,41.52,0.61,8.0,0.62,63.0,0.64,55.0,0.66,5.0,0.01,0.02,2381.829827,1776172538000
1776172540.338,40.338,0.4,3.6,0.39,10.5,0.38,71.0,0.36,80.0,0.33,10.0,0.41,6.37,0.42,104.5,0.43,87.5,0.44,41.5,0.45,30.5,0.59,6.37,0.58,46.5,0.57,76.5,0.56,36.5,0.55,25.5,0.6,46.52,0.61,13.0,0.62,63.0,0.64,50.0,0.66,15.0,0.01,0.01,2381.829827,1776172538000
1776172540.576,40.576,0.38,5.0,0.36,8.0,0.35,8.0,0.34,96.0,0.32,80.0,0.39,33.83,0.4,20.5,0.41,80.87,0.42,66.5,0.43,101.5,0.59,6.37,0.58,104.5,0.57,82.5,0.56,36.5,0.55,25.5,0.61,3.1,0.62,71.0,0.64,80.0,0.66,40.0,0.67,10.0,0.01,0.02,2381.829827,1776172538000
1776172541.025,41.025,0.32,10.5,0.3,88.0,0.27,26.38,0.26,74.0,0.25,10.0,0.36,45.5,0.37,20.5,0.38,47.5,0.39,38.83,0.4,32.5,0.61,108.81,0.6,30.5,0.59,16.87,0.58,68.5,0.57,84.5,0.66,3.88,0.67,8.0,0.68,8.0,0.69,80.0,0.71,5.0,0.04,0.05,2381.806297,1776172539000
1776172541.319,41.319,0.3,68.0,0.29,10.5,0.27,26.38,0.26,64.0,0.22,10.0,0.31,0.28,0.32,10.0,0.33,25.5,0.34,20.5,0.35,20.5,0.69,15.0,0.68,10.0,0.67,15.0,0.66,20.5,0.65,20.5,0.7,84.02,0.73,26.38,0.74,74.0,0.75,10.0,0.76,10.0,0.01,0.01,2381.806297,1776172539000
1776172541.537,41.537,0.3,0.47,0.29,10.5,0.27,26.38,0.26,94.0,0.25,10.0,0.31,10.0,0.32,41.0,0.33,27.5,0.34,20.5,0.35,20.5,0.68,17.0,0.67,27.5,0.66,27.5,0.65,27.5,0.64,63.5,0.69,17.72,0.7,5.0,0.71,10.5,0.73,26.38,0.74,94.0,0.01,0.01,2381.713469,1776172540000
1776172541.938,41.938,0.29,22.68,0.28,73.0,0.27,36.38,0.26,104.0,0.25,10.0,0.3,45.0,0.31,10.0,0.32,22.0,0.33,10.0,0.34,78.5,0.69,10.0,0.68,41.0,0.67,27.5,0.66,20.5,0.65,20.5,0.71,10.5,0.73,26.38,0.74,94.0,0.75,10.0,0.76,68.0,0.01,0.02,2381.713469,1776172540000
1776172542.175,42.175,0.29,20.5,0.28,73.0,0.27,36.38,0.26,104.0,0.25,10.0,0.3,36.66,0.31,10.0,0.32,22.0,0.33,78.5,0.34,20.5,0.7,40.0,0.69,10.0,0.68,22.0,0.67,78.5,0.66,20.5,0.71,20.5,0.72,73.0,0.73,36.38,0.74,104.0,0.75,10.0,0.01,0.01,2381.527886,1776172541000
1776172542.566,42.566,0.28,68.0,0.27,26.38,0.26,64.0,0.24,40.0,0.23,10.0,0.3,21.82,0.31,10.0,0.32,22.0,0.33,10.0,0.34,20.5,0.7,36.66,0.69,10.0,0.68,22.0,0.67,78.5,0.66,20.5,0.71,20.5,0.72,73.0,0.73,36.38,0.74,104.0,0.75,10.0,0.02,0.01,2381.527886,1776172541000
1776172543.136,43.136,0.28,78.0,0.27,31.38,0.26,64.0,0.25,40.0,0.24,10.0,0.29,31.0,0.3,10.0,0.31,10.0,0.32,15.0,0.33,10.0,0.7,21.82,0.69,10.0,0.68,22.0,0.67,10.0,0.66,20.5,0.72,68.0,0.73,26.38,0.74,64.0,0.76,40.0,0.77,10.0,0.01,0.02,2381.527886,1776172541000
1776172543.364,43.364,0.28,78.0,0.27,31.38,0.26,64.0,0.25,40.0,0.24,10.0,0.29,31.0,0.3,10.0,0.31,10.0,0.32,15.0,0.33,10.0,0.71,31.0,0.7,10.0,0.69,10.0,0.68,15.0,0.67,10.0,0.72,78.0,0.73,31.38,0.74,64.0,0.75,40.0,0.76,10.0,0.01,0.01,2380.997961,1776172542000
1776172543.997,43.997,0.28,78.0,0.27,31.38,0.26,64.0,0.25,40.0,0.24,10.0,0.29,31.0,0.3,10.0,0.31,10.0,0.32,15.0,0.33,10.0,0.71,31.0,0.7,10.0,0.69,10.0,0.68,15.0,0.67,10.0,0.72,78.0,0.73,31.38,0.74,64.0,0.75,40.0,0.76,10.0,0.01,0.01,2380.924287,1776172543000
1776172545.228,45.228,0.3,10.18,0.28,365.5,0.27,151.88,0.26,84.5,0.25,10.0,0.33,15.0,0.34,10.0,0.35,20.5,0.36,16.0,0.37,32.28,0.71,25.82,0.7,10.0,0.69,10.0,0.68,15.0,0.67,20.5,0.72,96.5,0.73,136.38,0.74,64.0,0.75,40.0,0.76,10.0,0.03,0.01,2380.924287,1776172543000
1776172545.492,45.492,0.31,45.21,0.3,30.18,0.29,15.0,0.28,121.5,0.27,138.88,0.33,15.0,0.34,10.0,0.35,20.5,0.36,16.0,0.37,32.28,0.67,15.0,0.66,10.0,0.65,20.5,0.64,16.0,0.63,32.28,0.69,45.21,0.7,30.18,0.71,15.0,0.72,121.5,0.73,138.88,0.02,0.02,2380.860154,1776172544000
1776172545.95,45.95,0.31,125.71,0.3,40.68,0.29,10.0,0.28,116.5,0.27,138.88,0.33,13.48,0.34,10.0,0.35,20.5,0.36,16.0,0.37,20.0,0.67,15.0,0.66,10.0,0.65,20.5,0.64,16.0,0.63,32.28,0.69,45.21,0.7,30.18,0.71,15.0,0.72,121.5,0.73,138.88,0.02,0.02,2380.860154,1776172544000
1776172546.217,46.217,0.31,125.71,0.3,40.68,0.29,10.0,0.28,116.5,0.27,138.88,0.33,13.48,0.34,10.0,0.35,20.5,0.36,16.0,0.37,20.0,0.67,13.48,0.66,10.0,0.65,20.5,0.64,16.0,0.63,20.0,0.69,125.71,0.7,40.68,0.71,10.0,0.72,116.5,0.73,138.88,0.02,0.02,2380.812778,1776172545000
1776172546.679,46.679,0.33,6.0,0.31,390.21,0.3,48.68,0.29,10.0,0.28,50.5,0.36,10.0,0.37,10.0,0.38,10.0,0.39,24.33,0.4,105.28,0.67,13.48,0.66,10.0,0.65,20.5,0.64,16.0,0.63,20.0,0.69,125.71,0.7,40.68,0.71,10.0,0.72,116.5,0.73,138.88,0.03,0.02,2380.812778,1776172545000
1776172547.227,47.227,0.34,109.0,0.33,21.0,0.32,20.5,0.31,161.21,0.3,43.68,0.35,6.57,0.36,25.5,0.37,68.0,0.38,10.0,0.39,24.33,0.65,1.94,0.64,20.5,0.63,10.0,0.62,10.0,0.61,24.33,0.66,11.0,0.67,16.0,0.68,20.5,0.69,283.21,0.7,48.68,0.01,0.01,2380.812778,1776172545000
1776172547.835,47.835,0.34,109.0,0.33,21.0,0.32,20.5,0.31,161.21,0.3,43.68,0.35,6.57,0.36,25.5,0.37,68.0,0.38,10.0,0.39,24.33,0.65,6.57,0.64,25.5,0.63,68.0,0.62,10.0,0.61,24.33,0.66,109.0,0.67,21.0,0.68,20.5,0.69,161.21,0.7,43.68,0.01,0.01,2380.861389,1776172546000
1776172548.255,48.255,0.34,117.15,0.33,21.0,0.32,20.5,0.31,161.21,0.3,43.68,0.35,6.57,0.36,30.5,0.37,68.0,0.38,10.0,0.39,24.33,0.65,6.57,0.64,25.5,0.63,68.0,0.62,10.0,0.61,24.33,0.66,109.0,0.67,21.0,0.68,20.5,0.69,161.21,0.7,43.68,0.01,0.01,2380.861389,1776172546000
1776172548.609,48.609,0.34,117.15,0.33,21.0,0.32,20.5,0.31,161.21,0.3,43.68,0.35,6.57,0.36,30.5,0.37,68.0,0.38,10.0,0.39,24.33,0.65,6.57,0.64,30.5,0.63,68.0,0.62,10.0,0.61,24.33,0.66,117.15,0.67,21.0,0.68,20.5,0.69,161.21,0.7,43.68,0.01,0.01,2380.93876,1776172547000
1776172549.257,49.257,0.34,117.15,0.33,21.0,0.32,20.5,0.31,161.21,0.3,43.68,0.35,6.57,0.36,30.5,0.37,68.0,0.38,10.0,0.39,24.33,0.65,6.57,0.64,30.5,0.63,68.0,0.62,10.0,0.61,24.33,0.66,117.15,0.67,21.0,0.68,20.5,0.69,161.21,0.7,43.68,0.01,0.01,2381.039335,1776172548000
1776172550.151,50.151,0.34,29.05,0.33,16.0,0.31,83.5,0.3,43.68,0.29,27.5,0.35,17.07,0.36,88.5,0.37,10.0,0.38,10.0,0.39,24.33,0.65,6.57,0.64,30.5,0.63,68.0,0.62,10.0,0.61,24.33,0.66,117.15,0.67,21.0,0.68,20.5,0.69,161.21,0.7,43.68,0.01,0.01,2381.039335,1776172548000
1776172550.406,50.406,0.34,29.05,0.33,16.0,0.31,83.5,0.3,43.68,0.29,27.5,0.36,84.25,0.37,10.0,0.38,10.0,0.39,24.33,0.4,22.28,0.65,24.21,0.64,88.5,0.63,10.0,0.62,10.0,0.61,24.33,0.66,34.05,0.67,16.0,0.69,73.0,0.7,43.68,0.71,27.5,0.02,0.01,2381.039335,1776172548000
1776172550.757,50.757,0.34,47.53,0.33,16.0,0.32,20.5,0.31,83.5,0.3,43.68,0.35,10.0,0.36,89.25,0.37,10.0,0.38,10.0,0.39,34.33,0.64,84.25,0.63,10.0,0.62,10.0,0.61,24.33,0.6,22.28,0.66,29.05,0.67,16.0,0.69,83.5,0.7,43.68,0.71,27.5,0.01,0.02,2381.054395,1776172549000
1776172551.279,51.279,0.34,41.01,0.33,16.0,0.32,20.5,0.31,83.5,0.3,43.68,0.35,10.0,0.36,89.25,0.37,10.0,0.38,10.0,0.39,34.33,0.65,10.0,0.64,89.25,0.63,10.0,0.62,10.0,0.61,34.33,0.66,47.53,0.67,16.0,0.68,20.5,0.69,83.5,0.7,43.68,0.01,0.01,2381.054395,1776172549000
1776172552.107,52.107,0.34,39.49,0.33,16.0,0.32,20.5,0.31,83.5,0.3,43.68,0.35,10.0,0.36,89.25,0.37,10.0,0.38,10.0,0.39,34.33,0.65,10.0,0.64,89.25,0.63,10.0,0.62,10.0,0.61,34.33,0.66,39.49,0.67,16.0,0.68,20.5,0.69,83.5,0.7,43.68,0.01,0.01,2381.050755,1776172551000
1776172552.343,52.343,0.35,195.51,0.34,61.44,0.33,26.5,0.32,20.5,0.31,65.0,0.36,5.0,0.39,19.33,0.41,43.0,0.42,5.0,0.43,54.0,0.64,31.25,0.63,68.0,0.62,10.0,0.61,29.33,0.6,22.28,0.65,101.05,0.66,119.44,0.67,26.5,0.68,20.5,0.69,25.5,0.01,0.01,2381.050755,1776172551000
1776172552.554,52.554,0.35,244.05,0.34,26.44,0.33,26.5,0.32,58.5,0.31,73.0,0.39,0.09,0.41,16.0,0.42,10.0,0.43,78.0,0.44,15.0,0.64,5.0,0.61,19.33,0.59,43.0,0.58,5.0,0.57,54.0,0.65,195.51,0.66,61.44,0.67,26.5,0.68,20.5,0.69,65.0,0.04,0.01,2381.050755,1776172551000
1776172552.967,52.967,0.4,91.47,0.39,25.0,0.38,36.5,0.37,15.0,0.36,30.5,0.41,30.98,0.42,20.5,0.43,73.0,0.44,18.0,0.45,21.0,0.59,15.98,0.58,10.0,0.57,73.0,0.56,10.0,0.55,21.0,0.62,20.0,0.63,20.0,0.64,10.0,0.65,176.05,0.66,21.44,0.01,0.03,2381.050755,1776172551000
1776172553.49,53.49,0.38,21.0,0.37,10.0,0.36,88.5,0.35,22.03,0.34,31.5,0.4,20.0,0.41,130.5,0.42,20.5,0.43,73.0,0.44,24.0,0.59,30.5,0.58,20.5,0.57,73.0,0.56,18.0,0.55,21.0,0.6,96.47,0.61,25.0,0.62,36.5,0.63,15.0,0.64,30.5,0.02,0.01,2381.050755,1776172551000
1776172553.781,53.781,0.38,86.0,0.37,68.0,0.36,20.0,0.35,17.03,0.34,31.5,0.4,10.5,0.41,140.5,0.42,20.5,0.43,73.0,0.44,35.0,0.59,130.5,0.58,20.5,0.57,73.0,0.56,24.0,0.55,38.0,0.6,9.0,0.61,8.23,0.62,21.0,0.63,10.0,0.64,88.5,0.02,0.01,2380.997805,1776172552000
1776172554.102,54.102,0.39,33.0,0.38,20.0,0.37,78.0,0.36,20.5,0.35,17.03,0.4,110.27,0.41,36.0,0.42,30.5,0.43,73.0,0.44,35.0,0.59,114.0,0.58,20.5,0.57,73.0,0.56,35.0,0.55,38.0,0.61,10.0,0.62,20.0,0.63,68.0,0.64,20.0,0.65,17.03,0.01,0.02,2380.997805,1776172552000
1776172554.559,54.559,0.34,10.44,0.32,58.0,0.31,10.0,0.3,45.28,0.29,65.5,0.35,20.0,0.36,15.0,0.37,40.0,0.38,111.5,0.39,36.5,0.6,110.27,0.59,36.0,0.58,30.5,0.57,73.0,0.56,35.0,0.61,33.0,0.62,20.0,0.63,78.0,0.64,20.5,0.65,17.03,0.01,0.01,2381.16634,1776172553000
1776172554.8,54.8,0.32,82.5,0.31,15.0,0.3,35.1,0.29,35.5,0.28,57.89,0.33,10.96,0.34,0.44,0.35,25.5,0.36,99.5,0.37,31.5,0.66,0.44,0.65,15.0,0.64,89.0,0.63,26.0,0.62,53.5,0.68,80.0,0.69,10.0,0.7,45.28,0.71,35.5,0.72,27.89,0.01,0.02,2381.16634,1776172553000
1776172555.0,55.0,0.32,82.5,0.31,15.0,0.3,35.1,0.29,35.5,0.28,57.89,0.33,12.77,0.34,0.44,0.35,25.5,0.36,99.5,0.37,31.5,0.67,16.41,0.66,0.44,0.65,25.5,0.64,99.5,0.63,31.5,0.68,82.5,0.69,15.0,0.7,35.1,0.71,35.5,0.72,57.89,0.01,0.01,2381.16634,1776172553000
1776172555.939,55.939,0.33,27.15,0.32,76.02,0.31,10.0,0.3,35.1,0.29,35.5,0.34,55.0,0.35,20.5,0.36,99.5,0.37,31.5,0.38,53.5,0.67,1.79,0.66,0.44,0.65,30.5,0.64,99.5,0.63,31.5,0.68,86.02,0.69,15.0,0.7,35.1,0.71,35.5,0.72,57.89,0.01,0.01,2381.30722,1776172554000
1776172557.641,57.641,0.33,27.57,0.32,76.02,0.31,10.0,0.3,27.1,0.29,35.5,0.34,50.0,0.35,20.5,0.36,99.5,0.37,31.5,0.38,53.5,0.66,50.0,0.65,20.5,0.64,99.5,0.63,31.5,0.62,53.5,0.67,27.57,0.68,76.02,0.69,10.0,0.7,27.1,0.71,35.5,0.01,0.01,2380.983125,1776172556000
1776172558.151,58.151,0.33,27.57,0.32,76.02,0.31,10.0,0.3,27.1,0.29,35.5,0.34,50.0,0.35,20.5,0.36,99.5,0.37,31.5,0.38,53.5,0.66,50.0,0.65,20.5,0.64,99.5,0.63,31.5,0.62,53.5,0.67,27.57,0.68,76.02,0.69,10.0,0.7,27.1,0.71,35.5,0.01,0.01,2380.979165,1776172557000
1776172559.584,59.584,0.33,27.57,0.32,76.02,0.31,10.0,0.3,27.1,0.29,35.5,0.34,50.0,0.35,20.5,0.36,99.5,0.37,31.5,0.38,53.5,0.66,50.0,0.65,20.5,0.64,99.5,0.63,31.5,0.62,53.5,0.67,27.57,0.68,76.02,0.69,10.0,0.7,27.1,0.71,35.5,0.01,0.01,2380.99197,1776172558000
1776172560.059,60.059,0.33,30.52,0.32,30.5,0.31,68.0,0.3,27.1,0.29,27.5,0.34,50.11,0.35,83.5,0.36,41.5,0.37,31.5,0.38,47.5,0.66,45.11,0.65,83.5,0.64,41.5,0.63,31.5,0.62,47.5,0.67,32.57,0.68,30.5,0.69,68.0,0.7,27.1,0.71,27.5,0.01,0.01,2380.99197,1776172558000
1776172560.267,60.267,0.33,28.29,0.32,30.5,0.31,68.0,0.3,27.1,0.29,27.5,0.34,50.11,0.35,83.5,0.36,41.5,0.37,31.5,0.38,47.5,0.66,50.11,0.65,83.5,0.64,41.5,0.63,31.5,0.62,47.5,0.67,28.29,0.68,30.5,0.69,68.0,0.7,27.1,0.71,27.5,0.01,0.01,2380.99684,1776172559000
1776172560.756,60.756,0.33,26.18,0.32,30.5,0.31,68.0,0.3,27.1,0.29,27.5,0.34,50.11,0.35,83.5,0.36,41.5,0.37,31.5,0.38,47.5,0.66,50.11,0.65,83.5,0.64,41.5,0.63,31.5,0.62,47.5,0.67,23.21,0.68,30.5,0.69,68.0,0.7,27.1,0.71,27.5,0.01,0.01,2380.99684,1776172559000
1776172561.609,61.609,0.33,26.18,0.32,30.5,0.31,68.0,0.3,27.1,0.29,27.5,0.34,50.11,0.35,83.5,0.36,41.5,0.37,31.5,0.38,47.5,0.66,50.11,0.65,83.5,0.64,41.5,0.63,31.5,0.62,47.5,0.67,26.18,0.68,30.5,0.69,68.0,0.7,27.1,0.71,27.5,0.01,0.01,2380.99677,1776172560000
1776172562.91,62.91,0.33,25.5,0.32,30.5,0.31,73.0,0.3,15.0,0.29,32.5,0.34,0.11,0.35,88.5,0.36,41.5,0.37,42.5,0.38,46.5,0.66,50.11,0.65,83.5,0.64,41.5,0.63,31.5,0.62,47.5,0.67,26.18,0.68,30.5,0.69,68.0,0.7,27.1,0.71,27.5,0.01,0.01,2380.99677,1776172560000
1776172563.392,63.392,0.33,25.5,0.32,30.5,0.31,73.0,0.3,15.0,0.29,32.5,0.34,0.11,0.35,88.5,0.36,41.5,0.37,42.5,0.38,46.5,0.66,0.11,0.65,88.5,0.64,41.5,0.63,42.5,0.62,46.5,0.67,25.5,0.68,30.5,0.69,73.0,0.7,15.0,0.71,32.5,0.01,0.01,2380.972594,1776172562000
1776172564.025,64.025,0.33,25.5,0.32,30.5,0.31,73.0,0.3,15.0,0.29,32.5,0.34,0.11,0.35,88.5,0.36,41.5,0.37,42.5,0.38,46.5,0.66,0.11,0.65,88.5,0.64,41.5,0.63,42.5,0.62,46.5,0.67,25.5,0.68,30.5,0.69,73.0,0.7,15.0,0.71,32.5,0.01,0.01,2380.97419,1776172563000
1776172564.28,64.28,0.27,26.89,0.26,77.0,0.25,15.0,0.24,54.7,0.23,30.3,0.28,24.0,0.29,27.0,0.3,15.0,0.31,15.0,0.32,21.0,0.66,0.11,0.65,88.5,0.64,41.5,0.63,42.5,0.62,46.5,0.67,25.5,0.68,30.5,0.69,73.0,0.7,15.0,0.71,32.5,0.01,0.01,2380.97419,1776172563000
1776172564.545,64.545,0.27,23.89,0.26,97.0,0.25,15.0,0.24,54.7,0.23,37.3,0.28,53.0,0.29,12.0,0.3,10.0,0.31,68.0,0.32,21.0,0.72,24.0,0.71,27.0,0.7,15.0,0.69,15.0,0.68,21.0,0.73,26.89,0.74,77.0,0.75,15.0,0.76,54.7,0.77,30.3,0.01,0.01,2380.97419,1776172563000
1776172564.948,64.948,0.27,26.96,0.26,93.0,0.25,15.0,0.24,54.7,0.23,42.3,0.28,5.49,0.29,12.0,0.3,15.0,0.31,83.5,0.32,42.5,0.72,5.49,0.71,12.0,0.7,10.0,0.69,68.0,0.68,27.0,0.74,94.89,0.75,15.0,0.76,54.7,0.77,37.3,0.78,61.0,0.01,0.02,2380.97419,1776172563000
1776172565.323,65.323,0.27,46.96,0.26,88.0,0.25,15.0,0.24,54.7,0.23,42.3,0.28,0.49,0.31,63.0,0.32,17.0,0.33,28.0,0.34,7.0,0.72,5.49,0.71,12.0,0.7,15.0,0.69,83.5,0.68,42.5,0.73,26.96,0.74,93.0,0.75,15.0,0.76,54.7,0.77,42.3,0.01,0.01,2380.97419,1776172563000
1776172565.565,65.565,0.3,101.5,0.29,85.0,0.28,20.5,0.27,31.96,0.26,100.0,0.36,5.0,0.37,11.0,0.38,31.0,0.39,11.0,0.4,70.0,0.72,0.49,0.69,63.0,0.68,17.0,0.67,28.0,0.66,7.0,0.73,46.96,0.74,88.0,0.75,15.0,0.76,54.7,0.77,42.3,0.06,0.01,2380.973415,1776172564000
1776172565.923,65.923,0.35,56.5,0.34,46.5,0.33,31.0,0.32,26.0,0.31,82.5,0.38,8.85,0.39,15.5,0.4,63.0,0.41,35.5,0.42,15.0,0.64,4.9,0.62,26.0,0.61,20.5,0.6,68.0,0.59,30.5,0.65,20.5,0.66,20.5,0.67,15.0,0.68,15.0,0.69,25.5,0.03,0.01,2380.973415,1776172564000
1776172566.189,66.189,0.38,5.0,0.37,36.0,0.36,25.5,0.35,36.5,0.34,51.5,0.39,25.5,0.4,78.0,0.41,35.5,0.42,15.0,0.43,73.28,0.6,68.0,0.59,35.5,0.58,15.0,0.57,73.28,0.56,47.0,0.61,1.0,0.62,19.03,0.63,43.4,0.64,25.5,0.65,36.5,0.01,0.01,2380.973415,1776172564000
1776172566.554,66.554,0.36,9.51,0.34,63.0,0.33,16.0,0.32,21.0,0.31,55.0,0.38,68.5,0.39,30.5,0.4,73.0,0.41,29.5,0.42,15.0,0.62,10.5,0.61,63.5,0.6,73.0,0.59,35.5,0.58,15.0,0.63,28.61,0.64,30.5,0.65,36.5,0.66,109.5,0.67,26.0,0.02,0.01,2380.973415,1776172564000
1776172566.874,66.874,0.34,4.51,0.32,5.0,0.28,5.0,0.27,5.0,0.26,23.7,0.35,177.0,0.36,160.5,0.37,67.5,0.38,54.78,0.39,49.5,0.62,68.5,0.61,30.5,0.6,73.0,0.59,29.5,0.58,15.0,0.64,9.51,0.66,63.0,0.67,16.0,0.68,21.0,0.69,55.0,0.01,0.02,2380.902234,1776172565000
1776172567.206,67.206,0.28,9.51,0.27,15.5,0.26,23.7,0.25,34.2,0.24,34.7,0.29,37.0,0.3,33.09,0.31,27.0,0.32,26.0,0.33,59.5,0.69,7.0,0.66,6.49,0.65,177.0,0.64,160.5,0.63,40.5,0.72,5.0,0.73,5.0,0.74,23.7,0.75,54.2,0.76,34.7,0.01,0.03,2380.902234,1776172565000
1776172567.531,67.531,0.28,1.87,0.27,15.5,0.26,23.7,0.25,34.2,0.24,34.7,0.29,115.5,0.3,33.09,0.31,22.0,0.32,26.0,0.33,59.5,0.71,115.5,0.7,33.09,0.69,27.0,0.68,26.0,0.67,59.5,0.72,2.36,0.73,15.5,0.74,23.7,0.75,34.2,0.76,34.7,0.01,0.01,2380.92,1776172566000
1776172567.757,67.757,0.27,15.5,0.26,81.7,0.25,24.2,0.24,39.7,0.23,42.3,0.28,15.84,0.29,105.5,0.3,33.09,0.31,22.0,0.32,36.0,0.71,115.5,0.7,33.09,0.69,22.0,0.68,26.0,0.67,53.5,0.72,0.13,0.73,15.5,0.74,23.7,0.75,34.2,0.76,34.7,0.01,0.01,2380.92,1776172566000
1776172568.203,68.203,0.25,86.71,0.24,24.7,0.23,35.3,0.22,66.0,0.21,93.7,0.26,15.0,0.27,20.0,0.28,15.84,0.29,95.5,0.3,40.09,0.72,15.84,0.71,105.5,0.7,33.09,0.69,22.0,0.68,36.0,0.73,15.01,0.74,81.7,0.75,24.2,0.76,34.7,0.77,42.3,0.01,0.01,2380.92,1776172566000
1776172568.419,68.419,0.25,59.69,0.24,24.7,0.23,35.3,0.22,71.0,0.21,93.7,0.26,15.0,0.27,20.0,0.28,15.84,0.29,100.5,0.3,40.09,0.74,15.0,0.73,20.0,0.72,15.84,0.71,100.5,0.7,40.09,0.75,61.05,0.76,24.7,0.77,35.3,0.78,71.0,0.79,93.7,0.01,0.01,2380.92,1776172566000
1776172568.842,68.842,0.25,63.71,0.24,29.7,0.23,35.3,0.22,41.0,0.21,93.7,0.26,31.46,0.27,20.0,0.28,15.84,0.29,37.5,0.3,40.09,0.74,31.46,0.73,20.0,0.72,15.84,0.71,37.5,0.7,40.09,0.75,64.2,0.76,29.7,0.77,35.3,0.78,71.0,0.79,93.7,0.01,0.01,2381.032586,1776172567000
1776172569.153,69.153,0.25,73.68,0.24,29.7,0.23,35.3,0.22,41.0,0.21,86.7,0.26,37.61,0.27,20.0,0.28,78.84,0.29,37.5,0.3,40.09,0.74,27.61,0.73,15.0,0.72,73.84,0.71,37.5,0.7,40.09,0.75,63.67,0.76,29.7,0.77,35.3,0.78,41.0,0.79,86.7,0.01,0.01,2381.032586,1776172567000
1776172569.454,69.454,0.25,96.34,0.24,10.0,0.23,35.3,0.22,41.0,0.21,116.7,0.26,37.61,0.27,20.0,0.28,78.84,0.29,37.5,0.3,40.09,0.74,37.61,0.73,20.0,0.72,78.84,0.71,37.5,0.7,40.09,0.75,63.34,0.76,10.0,0.77,35.3,0.78,41.0,0.79,116.7,0.01,0.01,2380.923537,1776172568000
1776172569.681,69.681,0.25,54.85,0.24,10.0,0.23,35.3,0.22,41.0,0.21,116.7,0.26,42.99,0.27,20.0,0.28,89.34,0.29,37.5,0.3,40.09,0.74,42.61,0.73,20.0,0.72,89.34,0.71,37.5,0.7,40.09,0.75,59.85,0.76,10.0,0.77,35.3,0.78,41.0,0.79,116.7,0.01,0.01,2380.923537,1776172568000
1776172570.08,70.08,0.25,68.87,0.24,104.3,0.23,40.3,0.22,36.0,0.21,116.7,0.26,17.22,0.27,15.0,0.28,15.84,0.29,95.5,0.3,40.09,0.74,17.22,0.73,20.0,0.72,78.84,0.71,37.5,0.7,40.09,0.75,59.36,0.76,104.3,0.77,35.3,0.78,41.0,0.79,116.7,0.01,0.01,2380.923537,1776172568000
1776172570.399,70.399,0.25,68.38,0.24,104.3,0.23,40.3,0.22,36.0,0.21,116.7,0.26,17.22,0.27,15.0,0.28,15.84,0.29,95.5,0.3,40.09,0.74,17.22,0.73,15.0,0.72,15.84,0.71,95.5,0.7,40.09,0.75,68.87,0.76,104.3,0.77,40.3,0.78,36.0,0.79,116.7,0.01,0.01,2380.923537,1776172568000
1776172570.727,70.727,0.25,67.89,0.24,104.3,0.23,70.3,0.22,36.0,0.21,139.7,0.26,17.22,0.27,15.0,0.28,15.84,0.29,95.5,0.3,40.09,0.74,17.22,0.73,15.0,0.72,15.84,0.71,95.5,0.7,40.09,0.75,68.38,0.76,104.3,0.77,40.3,0.78,36.0,0.79,116.7,0.01,0.01,2380.69112,1776172569000
1776172571.046,71.046,0.25,19.51,0.24,162.3,0.23,70.3,0.22,36.0,0.21,109.7,0.26,22.22,0.27,15.0,0.28,84.34,0.29,37.5,0.3,40.09,0.74,17.22,0.73,15.0,0.72,15.84,0.71,95.5,0.7,40.09,0.75,67.89,0.76,104.3,0.77,70.3,0.78,36.0,0.79,139.7,0.01,0.01,2380.69112,1776172569000
1776172571.357,71.357,0.25,24.02,0.24,157.3,0.23,40.3,0.22,36.0,0.21,116.7,0.26,22.22,0.27,15.0,0.28,84.34,0.29,37.5,0.3,40.09,0.74,22.22,0.73,15.0,0.72,84.34,0.71,37.5,0.7,40.09,0.75,19.51,0.76,162.3,0.77,70.3,0.78,36.0,0.79,109.7,0.01,0.01,2380.72035,1776172570000
1776172571.669,71.669,0.25,23.53,0.24,157.3,0.23,40.3,0.22,36.0,0.21,116.7,0.26,27.22,0.27,15.0,0.28,73.84,0.29,37.5,0.3,40.09,0.74,22.22,0.73,15.0,0.72,84.34,0.71,37.5,0.7,40.09,0.75,24.02,0.76,157.3,0.77,40.3,0.78,36.0,0.79,116.7,0.01,0.01,2380.72035,1776172570000
1776172571.984,71.984,0.25,23.04,0.24,157.3,0.23,40.3,0.22,36.0,0.21,116.7,0.26,22.22,0.27,15.0,0.28,15.84,0.29,95.5,0.3,40.09,0.74,27.22,0.73,15.0,0.72,73.84,0.71,37.5,0.7,40.09,0.75,23.53,0.76,157.3,0.77,40.3,0.78,36.0,0.79,116.7,0.01,0.01,2380.72035,1776172570000
1776172572.294,72.294,0.25,27.55,0.24,162.3,0.23,65.3,0.22,58.0,0.21,86.7,0.26,22.22,0.27,15.0,0.28,15.84,0.29,95.5,0.3,40.09,0.74,22.22,0.73,15.0,0.72,15.84,0.71,95.5,0.7,40.09,0.75,23.04,0.76,157.3,0.77,40.3,0.78,36.0,0.79,116.7,0.01,0.01,2380.72035,1776172570000
1776172572.588,72.588,0.25,27.55,0.24,162.3,0.23,65.3,0.22,58.0,0.21,86.7,0.26,22.22,0.27,15.0,0.28,15.84,0.29,95.5,0.3,40.09,0.74,22.22,0.73,15.0,0.72,15.84,0.71,95.5,0.7,40.09,0.75,27.55,0.76,162.3,0.77,65.3,0.78,58.0,0.79,86.7,0.01,0.01,2380.72035,1776172570000
1776172572.815,72.815,0.25,22.06,0.24,167.3,0.23,65.3,0.22,58.0,0.21,86.7,0.26,22.22,0.27,15.0,0.28,15.84,0.29,95.5,0.3,40.09,0.74,22.22,0.73,15.0,0.72,15.84,0.71,95.5,0.7,40.09,0.75,22.06,0.76,167.3,0.77,65.3,0.78,58.0,0.79,86.7,0.01,0.01,2380.672315,1776172571000
1776172573.244,73.244,0.25,26.08,0.24,167.3,0.23,35.3,0.22,88.0,0.21,86.7,0.26,22.22,0.27,15.0,0.28,15.84,0.29,95.5,0.3,40.09,0.74,27.22,0.73,15.0,0.72,15.84,0.71,95.5,0.7,40.09,0.75,26.57,0.76,167.3,0.77,35.3,0.78,88.0,0.79,86.7,0.01,0.01,2380.672315,1776172571000
1776172573.578,73.578,0.25,49.94,0.24,83.0,0.23,35.3,0.22,88.0,0.21,86.7,0.26,22.22,0.27,15.0,0.28,10.84,0.29,95.5,0.3,40.09,0.74,22.22,0.73,15.0,0.72,15.84,0.71,95.5,0.7,40.09,0.75,26.08,0.76,167.3,0.77,35.3,0.78,88.0,0.79,86.7,0.01,0.01,2380.672895,1776172572000
1776172573.894,73.894,0.25,48.11,0.24,83.0,0.23,35.3,0.22,88.0,0.21,86.7,0.26,22.22,0.27,15.0,0.28,10.84,0.29,95.5,0.3,40.09,0.74,22.22,0.73,15.0,0.72,10.84,0.71,95.5,0.7,40.09,0.75,48.6,0.76,83.0,0.77,35.3,0.78,88.0,0.79,86.7,0.01,0.01,2380.672895,1776172572000
1776172574.213,74.213,0.25,47.62,0.24,83.0,0.23,35.3,0.22,66.0,0.21,109.7,0.26,22.22,0.27,15.0,0.28,10.84,0.29,95.5,0.3,40.09,0.74,22.22,0.73,15.0,0.72,10.84,0.71,95.5,0.7,40.09,0.75,48.11,0.76,83.0,0.77,35.3,0.78,88.0,0.79,86.7,0.01,0.01,2380.672315,1776172573000
1776172574.513,74.513,0.25,52.13,0.24,83.0,0.23,35.3,0.22,66.0,0.21,109.7,0.26,22.22,0.27,15.0,0.28,68.84,0.29,37.5,0.3,40.09,0.74,22.22,0.73,15.0,0.72,10.84,0.71,95.5,0.7,40.09,0.75,47.62,0.76,83.0,0.77,35.3,0.78,66.0,0.79,109.7,0.01,0.01,2380.672315,1776172573000
1776172574.823,74.823,0.25,17.29,0.24,25.0,0.23,93.3,0.22,36.0,0.21,116.7,0.26,29.68,0.27,73.0,0.28,10.84,0.29,37.5,0.3,40.09,0.74,24.68,0.73,73.0,0.72,10.84,0.71,37.5,0.7,40.09,0.75,22.78,0.76,25.0,0.77,93.3,0.78,66.0,0.79,86.7,0.01,0.01,2380.672315,1776172573000
1776172575.123,75.123,0.25,14.51,0.24,25.0,0.23,93.3,0.22,36.0,0.21,116.7,0.26,87.68,0.27,15.0,0.28,26.34,0.29,37.5,0.3,40.09,0.74,29.68,0.73,73.0,0.72,10.84,0.71,37.5,0.7,40.09,0.75,17.29,0.76,25.0,0.77,93.3,0.78,36.0,0.79,116.7,0.01,0.01,2380.672175,1776172574000
1776172575.453,75.453,0.25,14.02,0.24,25.0,0.23,93.3,0.22,36.0,0.21,86.7,0.26,92.68,0.27,20.0,0.28,26.34,0.29,37.5,0.3,50.09,0.74,87.68,0.73,15.0,0.72,26.34,0.71,37.5,0.7,40.09,0.75,14.51,0.76,25.0,0.77,93.3,0.78,36.0,0.79,116.7,0.01,0.01,2380.672175,1776172574000
1776172575.767,75.767,0.25,18.53,0.24,10.0,0.23,93.3,0.22,36.0,0.21,86.7,0.26,87.68,0.27,20.0,0.28,26.34,0.29,37.5,0.3,50.09,0.74,92.68,0.73,20.0,0.72,26.34,0.71,37.5,0.7,50.09,0.75,14.02,0.76,25.0,0.77,93.3,0.78,36.0,0.79,86.7,0.01,0.01,2380.672175,1776172574000
1776172576.09,76.09,0.25,18.04,0.24,10.0,0.23,93.3,0.22,36.0,0.21,86.7,0.26,92.68,0.27,20.0,0.28,26.34,0.29,37.5,0.3,50.09,0.74,87.68,0.73,20.0,0.72,26.34,0.71,37.5,0.7,50.09,0.75,18.53,0.76,10.0,0.77,93.3,0.78,36.0,0.79,86.7,0.01,0.01,2380.68175,1776172575000
1776172576.423,76.423,0.25,12.55,0.24,10.0,0.23,98.3,0.22,36.0,0.21,86.7,0.26,87.68,0.27,20.0,0.28,26.34,0.29,37.5,0.3,50.09,0.74,87.68,0.73,20.0,0.72,26.34,0.71,37.5,0.7,50.09,0.75,18.04,0.76,10.0,0.77,93.3,0.78,36.0,0.79,86.7,0.01,0.01,2380.68175,1776172575000
1776172576.719,76.719,0.25,12.06,0.24,10.0,0.23,98.3,0.22,36.0,0.21,86.7,0.26,92.68,0.27,20.0,0.28,26.34,0.29,37.5,0.3,50.09,0.74,87.68,0.73,20.0,0.72,26.34,0.71,37.5,0.7,50.09,0.75,12.55,0.76,10.0,0.77,98.3,0.78,36.0,0.79,86.7,0.01,0.01,2380.68175,1776172575000
1776172576.964,76.964,0.25,12.06,0.24,10.0,0.23,98.3,0.22,36.0,0.21,86.7,0.26,92.68,0.27,20.0,0.28,26.34,0.29,37.5,0.3,50.09,0.74,92.68,0.73,20.0,0.72,26.34,0.71,37.5,0.7,50.09,0.75,12.06,0.76,10.0,0.77,98.3,0.78,36.0,0.79,86.7,0.01,0.01,2380.68299,1776172576000
1776172577.457,77.457,0.25,4.51,0.24,10.0,0.23,78.0,0.22,36.0,0.21,86.7,0.26,92.68,0.27,20.0,0.28,26.34,0.29,37.5,0.3,50.09,0.74,92.68,0.73,20.0,0.72,26.34,0.71,37.5,0.7,50.09,0.75,11.57,0.76,10.0,0.77,98.3,0.78,36.0,0.79,86.7,0.01,0.01,2380.68299,1776172576000
1776172577.776,77.776,0.25,4.02,0.24,10.0,0.23,78.0,0.22,36.0,0.21,86.7,0.26,92.68,0.27,20.0,0.28,26.34,0.29,37.5,0.3,50.09,0.74,92.68,0.73,20.0,0.72,26.34,0.71,37.5,0.7,50.09,0.75,4.51,0.76,10.0,0.77,78.0,0.78,36.0,0.79,86.7,0.01,0.01,2380.68299,1776172576000
1776172578.084,78.084,0.25,3.53,0.24,15.0,0.23,73.0,0.22,36.0,0.21,86.7,0.26,87.68,0.27,30.5,0.28,26.34,0.29,37.5,0.3,50.09,0.74,92.68,0.73,20.0,0.72,26.34,0.71,37.5,0.7,50.09,0.75,4.02,0.76,10.0,0.77,78.0,0.78,36.0,0.79,86.7,0.01,0.01,2380.663135,1776172577000
1776172578.398,78.398,0.25,3.04,0.24,15.0,0.23,73.0,0.22,36.0,0.21,86.7,0.26,92.68,0.27,30.5,0.28,26.34,0.29,37.5,0.3,50.09,0.74,87.68,0.73,30.5,0.72,26.34,0.71,37.5,0.7,50.09,0.75,3.53,0.76,15.0,0.77,73.0,0.78,36.0,0.79,86.7,0.01,0.01,2380.663135,1776172577000
1776172578.711,78.711,0.25,2.55,0.24,15.0,0.23,73.0,0.22,36.0,0.21,86.7,0.26,92.68,0.27,30.5,0.28,26.34,0.29,37.5,0.3,50.09,0.74,92.68,0.73,30.5,0.72,26.34,0.71,37.5,0.7,50.09,0.75,3.04,0.76,15.0,0.77,73.0,0.78,36.0,0.79,86.7,0.01,0.01,2380.663135,1776172577000
1776172578.929,78.929,0.25,2.55,0.24,15.0,0.23,73.0,0.22,36.0,0.21,86.7,0.26,92.68,0.27,30.5,0.28,26.34,0.29,37.5,0.3,50.09,0.74,92.68,0.73,30.5,0.72,26.34,0.71,37.5,0.7,50.09,0.75,2.55,0.76,15.0,0.77,73.0,0.78,36.0,0.79,86.7,0.01,0.01,2380.642858,1776172578000
1776172579.363,79.363,0.25,1.57,0.24,15.0,0.23,73.0,0.22,36.0,0.21,86.7,0.26,92.68,0.27,30.5,0.28,26.34,0.29,37.5,0.3,50.09,0.74,87.68,0.73,30.5,0.72,26.34,0.71,37.5,0.7,50.09,0.75,2.06,0.76,15.0,0.77,73.0,0.78,36.0,0.79,86.7,0.01,0.01,2380.642858,1776172578000
1776172579.662,79.662,0.25,1.08,0.24,15.0,0.23,73.0,0.22,36.0,0.21,86.7,0.26,86.68,0.27,30.5,0.28,26.34,0.29,37.5,0.3,50.09,0.74,81.68,0.73,30.5,0.72,26.34,0.71,37.5,0.7,50.09,0.75,1.57,0.76,15.0,0.77,73.0,0.78,36.0,0.79,86.7,0.01,0.01,2380.642858,1776172578000
1776172579.902,79.902,0.25,1.08,0.24,15.0,0.23,73.0,0.22,36.0,0.21,86.7,0.26,86.68,0.27,30.5,0.28,26.34,0.29,37.5,0.3,50.09,0.74,86.68,0.73,30.5,0.72,26.34,0.71,37.5,0.7,50.09,0.75,1.08,0.76,15.0,0.77,73.0,0.78,36.0,0.79,86.7,0.01,0.01,2380.642573,1776172579000
1776172580.88,80.88,0.25,1.08,0.24,15.0,0.23,73.0,0.22,36.0,0.21,86.7,0.26,86.68,0.27,30.5,0.28,26.34,0.29,37.5,0.3,50.09,0.74,86.68,0.73,30.5,0.72,26.34,0.71,37.5,0.7,50.09,0.75,1.08,0.76,15.0,0.77,73.0,0.78,36.0,0.79,86.7,0.01,0.01,2380.631325,1776172580000
1776172581.405,81.405,0.25,0.59,0.24,15.0,0.23,73.0,0.22,36.0,0.21,86.7,0.26,28.68,0.27,88.5,0.28,26.34,0.29,37.5,0.3,50.09,0.74,86.68,0.73,30.5,0.72,26.34,0.71,37.5,0.7,50.09,0.75,1.08,0.76,15.0,0.77,73.0,0.78,36.0,0.79,86.7,0.01,0.01,2380.631325,1776172580000
1776172581.862,81.862,0.24,25.01,0.23,105.0,0.22,36.0,0.21,86.7,0.2,84.5,0.25,31.94,0.26,18.68,0.27,83.5,0.28,25.5,0.29,37.5,0.75,11.94,0.74,28.68,0.73,88.5,0.72,26.34,0.71,37.5,0.76,15.0,0.77,73.0,0.78,36.0,0.79,86.7,0.8,84.5,0.01,0.01,2380.631325,1776172580000
1776172582.914,82.914,0.24,25.01,0.23,105.0,0.22,36.0,0.21,86.7,0.2,84.5,0.25,31.94,0.26,18.68,0.27,83.5,0.28,25.5,0.29,37.5,0.75,31.94,0.74,18.68,0.73,83.5,0.72,25.5,0.71,37.5,0.76,25.01,0.77,105.0,0.78,36.0,0.79,86.7,0.8,84.5,0.01,0.01,2380.629548,1776172582000
1776172583.377,83.377,0.24,88.01,0.23,15.0,0.22,36.0,0.21,86.7,0.2,84.5,0.25,41.94,0.26,15.0,0.27,73.0,0.28,25.5,0.29,44.5,0.75,31.94,0.74,18.68,0.73,83.5,0.72,25.5,0.71,37.5,0.76,25.01,0.77,105.0,0.78,36.0,0.79,86.7,0.8,84.5,0.01,0.01,2380.629548,1776172582000
1776172583.747,83.747,0.24,81.69,0.23,15.0,0.22,36.0,0.21,116.7,0.2,47.5,0.25,36.94,0.26,15.0,0.27,73.0,0.28,25.5,0.29,44.5,0.75,36.94,0.74,15.0,0.73,73.0,0.72,25.5,0.71,44.5,0.76,88.01,0.77,15.0,0.78,36.0,0.79,116.7,0.8,47.5,0.01,0.01,2380.629548,1776172582000
1776172584.885,84.885,0.24,86.69,0.23,15.0,0.22,36.0,0.21,116.7,0.2,47.5,0.25,16.94,0.26,15.0,0.27,73.0,0.28,25.5,0.29,44.5,0.75,16.94,0.74,15.0,0.73,73.0,0.72,25.5,0.71,44.5,0.76,86.69,0.77,15.0,0.78,36.0,0.79,116.7,0.8,47.5,0.01,0.01,2380.658635,1776172584000
1776172585.927,85.927,0.2,10.0,0.19,15.5,0.18,29.4,0.17,60.5,0.16,138.8,0.23,9.0,0.24,20.5,0.25,62.44,0.26,75.0,0.27,25.5,0.75,16.94,0.74,15.0,0.73,73.0,0.72,25.5,0.71,44.5,0.76,86.69,0.77,15.0,0.78,36.0,0.79,116.7,0.8,47.5,0.03,0.01,2380.658635,1776172584000
1776172586.162,86.162,0.18,5.0,0.17,30.5,0.16,31.8,0.15,33.2,0.14,34.9,0.22,30.0,0.23,38.0,0.24,49.5,0.25,35.44,0.26,75.0,0.78,30.0,0.77,38.0,0.76,49.5,0.75,35.44,0.74,75.0,0.79,0.44,0.8,10.0,0.81,5.0,0.82,29.4,0.83,30.5,0.04,0.01,2380.658635,1776172584000
1776172586.441,86.441,0.19,84.0,0.18,4.9,0.17,30.5,0.16,31.8,0.15,33.2,0.21,25.0,0.22,60.0,0.23,24.0,0.24,49.5,0.25,30.44,0.79,25.0,0.78,60.0,0.77,24.0,0.76,49.5,0.75,30.44,0.81,84.0,0.82,15.4,0.83,30.5,0.84,31.8,0.85,33.2,0.02,0.02,2380.695675,1776172585000
1776172586.855,86.855,0.2,8.0,0.19,25.0,0.18,25.0,0.17,30.0,0.16,56.8,0.21,149.5,0.22,57.5,0.23,97.0,0.24,131.5,0.25,153.44,0.79,25.0,0.78,60.0,0.77,24.0,0.76,49.5,0.75,30.44,0.81,84.0,0.82,15.4,0.83,30.5,0.84,31.8,0.85,33.2,0.01,0.02,2380.695675,1776172585000
1776172587.468,87.468,0.17,38.81,0.16,125.3,0.15,88.2,0.14,59.9,0.13,98.8,0.18,114.0,0.19,25.5,0.2,30.5,0.21,72.5,0.22,52.5,0.79,149.5,0.78,57.5,0.77,97.0,0.76,131.5,0.75,148.44,0.81,16.0,0.82,25.0,0.83,30.0,0.84,56.8,0.85,88.2,0.01,0.02,2380.763835,1776172586000
1776172587.727,87.727,0.17,36.81,0.16,125.3,0.15,88.2,0.14,59.9,0.13,98.8,0.18,107.33,0.19,83.5,0.2,30.5,0.21,67.5,0.22,47.5,0.82,97.33,0.81,25.5,0.8,30.5,0.79,72.5,0.78,47.5,0.83,38.81,0.84,125.3,0.85,88.2,0.86,59.9,0.87,98.8,0.01,0.01,2380.763835,1776172586000
1776172588.021,88.021,0.17,36.81,0.16,125.3,0.15,88.2,0.14,59.9,0.13,98.8,0.18,107.33,0.19,83.5,0.2,30.5,0.21,67.5,0.22,47.5,0.82,107.33,0.81,83.5,0.8,30.5,0.79,67.5,0.78,47.5,0.83,36.81,0.84,125.3,0.85,88.2,0.86,59.9,0.87,98.8,0.01,0.01,2380.502156,1776172587000
1776172588.935,88.935,0.17,2.87,0.15,121.7,0.14,130.2,0.13,91.8,0.12,69.19,0.18,200.83,0.19,37.5,0.2,40.5,0.21,235.5,0.22,140.5,0.82,107.33,0.81,83.5,0.8,30.5,0.79,67.5,0.78,47.5,0.83,36.81,0.84,125.3,0.85,88.2,0.86,59.9,0.87,98.8,0.01,0.01,2380.502156,1776172587000
1776172589.663,89.663,0.15,58.0,0.14,70.4,0.13,61.8,0.12,99.19,0.11,106.79,0.18,167.83,0.19,37.5,0.2,35.5,0.21,230.5,0.22,140.5,0.82,200.83,0.81,37.5,0.8,40.5,0.79,235.5,0.78,140.5,0.83,0.8,0.85,121.7,0.86,135.2,0.87,91.8,0.88,69.19,0.03,0.01,2380.257914,1776172588000
1776172590.119,90.119,0.15,58.0,0.14,70.4,0.13,61.8,0.12,99.19,0.11,106.79,0.18,167.83,0.19,37.5,0.2,35.5,0.21,230.5,0.22,140.5,0.82,167.83,0.81,37.5,0.8,35.5,0.79,230.5,0.78,140.5,0.85,58.0,0.86,70.4,0.87,61.8,0.88,99.19,0.89,106.79,0.03,0.03,2380.115205,1776172589000
1776172590.839,90.839,0.15,106.7,0.14,70.4,0.13,61.8,0.12,99.19,0.11,106.79,0.17,10.2,0.18,70.5,0.19,90.5,0.2,35.5,0.21,230.5,0.84,15.0,0.83,25.5,0.82,70.5,0.81,95.5,0.8,35.5,0.85,106.7,0.86,70.4,0.87,61.8,0.88,99.19,0.89,106.79,0.02,0.01,2380.115205,1776172589000
1776172592.043,92.043,0.15,106.7,0.14,70.4,0.13,61.8,0.12,99.19,0.11,106.79,0.17,10.2,0.18,70.5,0.19,90.5,0.2,35.5,0.21,230.5,0.83,10.2,0.82,70.5,0.81,90.5,0.8,35.5,0.79,230.5,0.85,106.7,0.86,70.4,0.87,61.8,0.88,99.19,0.89,106.79,0.02,0.02,2379.88664,1776172591000
1776172592.715,92.715,0.15,133.72,0.14,75.4,0.13,71.8,0.12,116.19,0.11,163.79,0.16,21.91,0.17,10.2,0.18,50.0,0.19,90.5,0.2,32.5,0.83,10.2,0.82,70.5,0.81,90.5,0.8,35.5,0.79,230.5,0.85,106.7,0.86,70.4,0.87,61.8,0.88,99.19,0.89,106.79,0.01,0.02,2379.88664,1776172591000
1776172593.124,93.124,0.15,133.72,0.14,75.4,0.13,71.8,0.12,116.19,0.11,163.79,0.16,21.91,0.17,10.2,0.18,50.0,0.19,90.5,0.2,32.5,0.84,21.91,0.83,10.2,0.82,50.0,0.81,90.5,0.8,32.5,0.85,133.72,0.86,75.4,0.87,71.8,0.88,116.19,0.89,163.79,0.01,0.01,2379.88898,1776172592000
1776172594.057,94.057,0.15,133.72,0.14,75.4,0.13,71.8,0.12,116.19,0.11,163.79,0.16,21.91,0.17,10.2,0.18,50.0,0.19,90.5,0.2,32.5,0.84,21.91,0.83,10.2,0.82,50.0,0.81,90.5,0.8,32.5,0.85,133.72,0.86,75.4,0.87,71.8,0.88,116.19,0.89,163.79,0.01,0.01,2379.9535,1776172593000
1776172595.018,95.018,0.15,133.72,0.14,75.4,0.13,71.8,0.12,116.19,0.11,163.79,0.16,21.91,0.17,10.2,0.18,50.0,0.19,90.5,0.2,32.5,0.84,21.91,0.83,10.2,0.82,50.0,0.81,90.5,0.8,32.5,0.85,133.72,0.86,75.4,0.87,71.8,0.88,116.19,0.89,163.79,0.01,0.01,2379.95353,1776172594000
1776172596.084,96.084,0.15,133.72,0.14,75.4,0.13,71.8,0.12,116.19,0.11,163.79,0.16,21.91,0.17,10.2,0.18,50.0,0.19,90.5,0.2,32.5,0.84,21.91,0.83,10.2,0.82,50.0,0.81,90.5,0.8,32.5,0.85,133.72,0.86,75.4,0.87,71.8,0.88,116.19,0.89,163.79,0.01,0.01,2380.050384,1776172595000
1776172596.339,96.339,0.15,34.87,0.14,75.4,0.13,119.8,0.12,99.19,0.11,83.79,0.16,123.39,0.17,30.7,0.18,55.5,0.19,32.5,0.2,132.5,0.84,116.91,0.83,30.7,0.82,55.5,0.81,32.5,0.8,132.5,0.85,34.87,0.86,75.4,0.87,119.8,0.88,99.19,0.89,83.79,0.01,0.01,2380.050384,1776172595000
1776172596.682,96.682,0.14,74.45,0.13,119.8,0.12,69.19,0.11,113.79,0.1,115.0,0.16,148.89,0.17,35.7,0.18,55.5,0.19,32.5,0.2,132.5,0.84,123.39,0.83,30.7,0.82,55.5,0.81,32.5,0.8,132.5,0.85,34.87,0.86,75.4,0.87,119.8,0.88,99.19,0.89,83.79,0.02,0.01,2380.050384,1776172595000
1776172596.962,96.962,0.14,74.45,0.13,119.8,0.12,69.19,0.11,113.79,0.1,115.0,0.16,148.89,0.17,35.7,0.18,55.5,0.19,32.5,0.2,132.5,0.84,148.89,0.83,35.7,0.82,55.5,0.81,32.5,0.8,132.5,0.86,74.45,0.87,119.8,0.88,69.19,0.89,113.79,0.9,115.0,0.02,0.02,2379.979735,1776172596000
1776172597.974,97.974,0.14,74.45,0.13,119.8,0.12,69.19,0.11,113.79,0.1,115.0,0.16,148.89,0.17,35.7,0.18,55.5,0.19,32.5,0.2,132.5,0.84,148.89,0.83,35.7,0.82,55.5,0.81,32.5,0.8,132.5,0.86,74.45,0.87,119.8,0.88,69.19,0.89,113.79,0.9,115.0,0.02,0.02,2379.96886,1776172597000
1776172599.332,99.332,0.14,74.45,0.13,119.8,0.12,69.19,0.11,113.79,0.1,115.0,0.16,148.89,0.17,35.7,0.18,55.5,0.19,32.5,0.2,132.5,0.84,148.89,0.83,35.7,0.82,55.5,0.81,32.5,0.8,132.5,0.86,74.45,0.87,119.8,0.88,69.19,0.89,113.79,0.9,115.0,0.02,0.02,2379.942503,1776172598000
1776172599.697,99.697,0.15,156.7,0.14,159.66,0.13,71.8,0.12,109.19,0.11,163.79,0.17,3.39,0.18,10.0,0.19,68.0,0.2,25.5,0.21,35.0,0.84,148.89,0.83,35.7,0.82,55.5,0.81,32.5,0.8,132.5,0.86,74.45,0.87,119.8,0.88,69.19,0.89,113.79,0.9,115.0,0.02,0.02,2379.942503,1776172598000
1776172599.9,99.9,0.18,29.56,0.17,20.5,0.16,55.5,0.15,108.7,0.14,159.66,0.19,55.77,0.2,25.5,0.21,35.0,0.22,130.0,0.23,125.0,0.81,66.77,0.8,25.5,0.79,35.0,0.78,130.0,0.77,130.0,0.82,9.56,0.83,30.5,0.84,55.5,0.85,113.7,0.86,159.66,0.01,0.01,2379.942503,1776172598000
1776172600.273,100.273,0.18,29.56,0.17,20.5,0.16,55.5,0.15,108.7,0.14,159.66,0.19,55.77,0.2,25.5,0.21,35.0,0.22,130.0,0.23,125.0,0.81,55.77,0.8,25.5,0.79,35.0,0.78,130.0,0.77,125.0,0.82,29.56,0.83,20.5,0.84,55.5,0.85,108.7,0.86,159.66,0.01,0.01,2379.867383,1776172599000
1776172600.732,100.732,0.15,10.0,0.14,5.0,0.12,39.19,0.11,76.79,0.1,80.0,0.19,306.78,0.2,167.5,0.21,190.0,0.22,180.0,0.23,227.0,0.81,59.45,0.8,30.5,0.79,22.0,0.78,30.0,0.77,132.0,0.82,24.56,0.83,30.5,0.84,113.5,0.85,108.7,0.86,101.66,0.04,0.01,2379.867383,1776172599000
1776172601.137,101.137,0.12,49.69,0.11,87.29,0.1,138.0,0.09,114.0,0.08,144.4,0.14,16.1,0.15,86.5,0.16,42.5,0.17,127.0,0.18,130.5,0.86,16.1,0.85,86.5,0.84,42.5,0.83,127.0,0.82,130.5,0.88,49.69,0.89,87.29,0.9,138.0,0.91,114.0,0.92,144.4,0.02,0.02,2379.88704,1776172600000
1776172602.196,102.196,0.12,49.69,0.11,87.29,0.1,138.0,0.09,114.0,0.08,144.4,0.14,16.1,0.15,86.5,0.16,42.5,0.17,127.0,0.18,130.5,0.86,16.1,0.85,86.5,0.84,42.5,0.83,127.0,0.82,130.5,0.88,49.69,0.89,87.29,0.9,138.0,0.91,114.0,0.92,144.4,0.02,0.02,2380.010585,1776172601000
1776172602.857,102.857,0.12,38.74,0.11,78.5,0.1,60.5,0.09,54.0,0.08,68.9,0.13,57.5,0.14,99.6,0.15,135.5,0.16,202.5,0.17,145.0,0.87,79.5,0.86,61.6,0.85,177.5,0.84,185.5,0.83,115.0,0.88,12.33,0.89,10.0,0.9,50.0,0.91,112.0,0.92,68.9,0.01,0.01,2380.010585,1776172601000
1776172603.202,103.202,0.12,38.74,0.11,78.5,0.1,60.5,0.09,54.0,0.08,68.9,0.13,57.5,0.14,99.6,0.15,135.5,0.16,202.5,0.17,145.0,0.87,57.5,0.86,99.6,0.85,135.5,0.84,202.5,0.83,145.0,0.88,38.74,0.89,78.5,0.9,60.5,0.91,54.0,0.92,68.9,0.01,0.01,2379.739537,1776172602000
1776172603.933,103.933,0.12,36.8,0.11,83.5,0.1,65.5,0.09,59.0,0.08,75.9,0.13,47.0,0.14,111.6,0.15,142.5,0.16,195.5,0.17,164.28,0.87,57.5,0.86,99.6,0.85,135.5,0.84,202.5,0.83,145.0,0.88,38.74,0.89,78.5,0.9,60.5,0.91,54.0,0.92,68.9,0.01,0.01,2379.739537,1776172602000
1776172604.774,104.774,0.12,33.21,0.11,120.29,0.1,65.5,0.09,84.0,0.08,130.9,0.13,42.0,0.14,104.6,0.15,142.5,0.16,185.5,0.17,153.0,0.87,47.0,0.86,111.6,0.85,142.5,0.84,195.5,0.83,164.28,0.88,34.08,0.89,83.5,0.9,65.5,0.91,59.0,0.92,75.9,0.01,0.01,2379.522926,1776172603000
1776172605.203,105.203,0.12,33.21,0.11,120.29,0.1,65.5,0.09,84.0,0.08,130.9,0.13,42.0,0.14,104.6,0.15,142.5,0.16,185.5,0.17,153.0,0.87,42.0,0.86,104.6,0.85,142.5,0.84,185.5,0.83,153.0,0.88,33.21,0.89,120.29,0.9,65.5,0.91,84.0,0.92,130.9,0.01,0.01,2379.431272,1776172604000
1776172605.738,105.738,0.12,72.31,0.11,171.29,0.1,65.5,0.09,84.0,0.08,130.9,0.14,44.73,0.15,142.5,0.16,193.5,0.17,145.0,0.18,162.78,0.87,35.13,0.86,104.6,0.85,142.5,0.84,193.5,0.83,145.0,0.88,67.31,0.89,171.29,0.9,65.5,0.91,84.0,0.92,130.9,0.02,0.01,2379.431272,1776172604000
1776172606.041,106.041,0.12,72.31,0.11,171.29,0.1,65.5,0.09,84.0,0.08,130.9,0.14,44.73,0.15,142.5,0.16,193.5,0.17,145.0,0.18,162.78,0.86,44.73,0.85,142.5,0.84,193.5,0.83,145.0,0.82,162.78,0.88,72.31,0.89,171.29,0.9,65.5,0.91,84.0,0.92,130.9,0.02,0.02,2379.497542,1776172605000
1776172607.076,107.076,0.13,5.97,0.12,102.31,0.11,205.24,0.1,90.5,0.09,84.0,0.14,40.23,0.15,25.0,0.16,95.5,0.17,45.0,0.18,37.78,0.86,44.73,0.85,142.5,0.84,193.5,0.83,145.0,0.82,162.78,0.88,72.31,0.89,171.29,0.9,65.5,0.91,84.0,0.92,130.9,0.01,0.02,2379.497542,1776172605000
1776172607.297,107.297,0.15,62.23,0.14,62.71,0.13,153.27,0.12,90.9,0.11,147.24,0.17,15.5,0.18,25.5,0.19,15.0,0.2,15.0,0.21,242.28,0.86,40.23,0.85,25.0,0.84,95.5,0.83,45.0,0.82,37.78,0.87,5.97,0.88,102.31,0.89,205.24,0.9,90.5,0.91,84.0,0.02,0.01,2379.627213,1776172606000
1776172607.984,107.984,0.17,17.96,0.15,109.05,0.14,83.71,0.13,136.27,0.12,90.9,0.18,25.5,0.19,15.0,0.2,15.0,0.21,230.0,0.22,134.28,0.82,25.5,0.81,15.0,0.8,15.0,0.79,230.0,0.78,134.28,0.83,17.96,0.85,109.05,0.86,83.71,0.87,136.27,0.88,90.9,0.01,0.01,2379.548208,1776172607000
1776172608.918,108.918,0.17,58.9,0.16,6.31,0.15,97.32,0.14,106.4,0.13,136.27,0.18,18.83,0.19,20.0,0.2,25.0,0.21,170.0,0.22,134.28,0.82,18.83,0.81,20.0,0.8,25.0,0.79,170.0,0.78,134.28,0.83,58.9,0.84,6.31,0.85,97.32,0.86,106.4,0.87,136.27,0.01,0.01,2379.498365,1776172608000
1776172609.865,109.865,0.17,58.9,0.16,6.31,0.15,97.32,0.14,106.4,0.13,136.27,0.18,18.83,0.19,20.0,0.2,25.0,0.21,170.0,0.22,134.28,0.82,18.83,0.81,20.0,0.8,25.0,0.79,170.0,0.78,134.28,0.83,58.9,0.84,6.31,0.85,97.32,0.86,106.4,0.87,136.27,0.01,0.01,2379.722171,1776172609000
1776172610.314,110.314,0.17,79.25,0.16,6.31,0.15,130.32,0.14,101.4,0.13,85.27,0.18,30.83,0.19,20.0,0.2,125.0,0.21,220.0,0.22,134.28,0.82,18.83,0.81,20.0,0.8,25.0,0.79,170.0,0.78,134.28,0.83,58.9,0.84,6.31,0.85,97.32,0.86,106.4,0.87,136.27,0.01,0.01,2379.722171,1776172609000
1776172611.264,111.264,0.17,79.25,0.16,6.31,0.15,130.32,0.14,101.4,0.13,85.27,0.18,30.83,0.19,20.0,0.2,125.0,0.21,220.0,0.22,134.28,0.82,30.83,0.81,20.0,0.8,125.0,0.79,220.0,0.78,134.28,0.83,79.25,0.84,6.31,0.85,130.32,0.86,101.4,0.87,85.27,0.01,0.01,2379.802915,1776172610000
1776172612.201,112.201,0.17,79.25,0.16,6.31,0.15,130.32,0.14,101.4,0.13,85.27,0.18,30.83,0.19,20.0,0.2,125.0,0.21,220.0,0.22,134.28,0.82,30.83,0.81,20.0,0.8,125.0,0.79,220.0,0.78,134.28,0.83,79.25,0.84,6.31,0.85,130.32,0.86,101.4,0.87,85.27,0.01,0.01,2379.83204,1776172611000
1776172613.273,113.273,0.17,79.25,0.16,6.31,0.15,130.32,0.14,101.4,0.13,85.27,0.18,30.83,0.19,20.0,0.2,125.0,0.21,220.0,0.22,134.28,0.82,30.83,0.81,20.0,0.8,125.0,0.79,220.0,0.78,134.28,0.83,79.25,0.84,6.31,0.85,130.32,0.86,101.4,0.87,85.27,0.01,0.01,2379.83933,1776172612000
1776172614.192,114.192,0.17,73.22,0.16,6.31,0.15,113.5,0.14,71.5,0.13,85.27,0.18,40.83,0.19,73.0,0.2,125.0,0.21,220.0,0.22,134.28,0.82,40.83,0.81,73.0,0.8,125.0,0.79,220.0,0.78,134.28,0.83,73.22,0.84,6.31,0.85,113.5,0.86,71.5,0.87,85.27,0.01,0.01,2379.872209,1776172613000
1776172615.03,115.03,0.17,72.19,0.16,6.31,0.15,113.5,0.14,71.5,0.13,85.27,0.18,40.83,0.19,73.0,0.2,125.0,0.21,213.0,0.22,159.28,0.82,40.83,0.81,73.0,0.8,125.0,0.79,220.0,0.78,134.28,0.83,73.22,0.84,6.31,0.85,113.5,0.86,71.5,0.87,85.27,0.01,0.01,2379.872209,1776172613000
1776172615.573,115.573,0.17,17.29,0.16,6.31,0.15,103.5,0.14,71.5,0.13,85.27,0.18,40.83,0.19,73.0,0.2,133.0,0.21,205.0,0.22,187.28,0.82,40.83,0.81,73.0,0.8,125.0,0.79,213.0,0.78,159.28,0.83,72.19,0.84,6.31,0.85,113.5,0.86,71.5,0.87,85.27,0.01,0.01,2379.872385,1776172614000
1776172615.963,115.963,0.17,7.65,0.16,6.31,0.15,103.5,0.14,71.5,0.13,85.27,0.18,45.83,0.19,73.0,0.2,133.0,0.21,214.0,0.22,187.28,0.82,40.83,0.81,73.0,0.8,133.0,0.79,205.0,0.78,187.28,0.83,17.29,0.84,6.31,0.85,103.5,0.86,71.5,0.87,85.27,0.01,0.01,2379.872385,1776172614000
1776172616.281,116.281,0.17,5.0,0.16,6.31,0.15,103.5,0.14,71.5,0.13,85.27,0.18,23.44,0.19,73.0,0.2,133.0,0.21,205.0,0.22,187.28,0.82,45.83,0.81,73.0,0.8,133.0,0.79,214.0,0.78,187.28,0.83,7.65,0.84,6.31,0.85,103.5,0.86,71.5,0.87,85.27,0.01,0.01,2379.872229,1776172615000
1776172616.956,116.956,0.17,5.0,0.16,6.31,0.15,103.5,0.14,71.5,0.13,85.27,0.18,23.44,0.19,73.0,0.2,133.0,0.21,205.0,0.22,187.28,0.82,23.44,0.81,73.0,0.8,133.0,0.79,205.0,0.78,187.28,0.83,5.0,0.84,6.31,0.85,103.5,0.86,71.5,0.87,85.27,0.01,0.01,2379.867395,1776172616000
1776172617.329,117.329,0.15,81.52,0.14,71.5,0.13,85.27,0.12,85.9,0.11,87.29,0.16,45.5,0.17,20.0,0.18,25.0,0.19,73.0,0.2,133.0,0.84,110.0,0.83,15.0,0.82,20.0,0.81,68.0,0.8,128.0,0.85,81.52,0.86,66.5,0.87,80.27,0.88,80.9,0.89,82.29,0.01,0.01,2379.867395,1776172616000
1776172618.005,118.005,0.15,81.52,0.14,71.5,0.13,85.27,0.12,85.9,0.11,87.29,0.16,45.5,0.17,20.0,0.18,25.0,0.19,73.0,0.2,133.0,0.84,45.5,0.83,20.0,0.82,25.0,0.81,73.0,0.8,133.0,0.85,81.52,0.86,71.5,0.87,85.27,0.88,85.9,0.89,87.29,0.01,0.01,2379.834675,1776172617000
1776172618.978,118.978,0.15,114.52,0.14,71.5,0.13,78.27,0.12,85.9,0.11,117.29,0.16,5.0,0.17,15.0,0.18,20.0,0.19,73.0,0.2,125.0,0.84,5.0,0.83,15.0,0.82,20.0,0.81,73.0,0.8,125.0,0.85,114.52,0.86,71.5,0.87,78.27,0.88,85.9,0.89,117.29,0.01,0.01,2379.719675,1776172618000
1776172619.237,119.237,0.15,93.37,0.14,41.5,0.13,78.27,0.12,85.9,0.11,87.29,0.16,15.0,0.17,15.0,0.18,20.0,0.19,173.0,0.2,132.0,0.84,5.0,0.83,15.0,0.82,20.0,0.81,173.0,0.8,132.0,0.85,95.81,0.86,41.5,0.87,78.27,0.88,85.9,0.89,87.29,0.01,0.01,2379.719675,1776172618000
1776172619.559,119.559,0.15,88.37,0.14,41.5,0.13,78.27,0.12,85.9,0.11,87.29,0.18,38.83,0.19,115.0,0.2,132.0,0.21,224.28,0.22,167.0,0.84,15.0,0.83,15.0,0.82,20.0,0.81,173.0,0.8,132.0,0.85,93.37,0.86,41.5,0.87,78.27,0.88,85.9,0.89,87.29,0.03,0.01,2379.719675,1776172618000
1776172619.923,119.923,0.15,88.37,0.14,41.5,0.13,78.27,0.12,85.9,0.11,87.29,0.18,38.83,0.19,115.0,0.2,132.0,0.21,224.28,0.22,167.0,0.82,38.83,0.81,115.0,0.8,132.0,0.79,224.28,0.78,167.0,0.85,88.37,0.86,41.5,0.87,78.27,0.88,85.9,0.89,87.29,0.03,0.03,2379.78848,1776172619000
1776172620.53,120.53,0.16,21.68,0.15,88.37,0.14,46.5,0.13,78.27,0.12,78.9,0.18,53.83,0.19,125.0,0.2,122.0,0.21,262.28,0.22,179.0,0.82,38.83,0.81,115.0,0.8,132.0,0.79,224.28,0.78,167.0,0.85,88.37,0.86,41.5,0.87,78.27,0.88,85.9,0.89,87.29,0.02,0.03,2379.78848,1776172619000
1776172620.813,120.813,0.16,21.68,0.15,88.37,0.14,46.5,0.13,78.27,0.12,78.9,0.18,53.83,0.19,125.0,0.2,122.0,0.21,262.28,0.22,179.0,0.82,53.83,0.81,125.0,0.8,122.0,0.79,262.28,0.78,179.0,0.84,21.68,0.85,88.37,0.86,46.5,0.87,78.27,0.88,78.9,0.02,0.02,2379.79067,1776172620000
1776172621.229,121.229,0.16,29.9,0.15,88.37,0.14,46.5,0.13,78.27,0.12,108.9,0.18,53.83,0.19,25.0,0.2,127.0,0.21,268.28,0.22,140.0,0.82,58.83,0.81,125.0,0.8,127.0,0.79,268.28,0.78,140.0,0.84,26.12,0.85,81.64,0.86,46.5,0.87,78.27,0.88,108.9,0.02,0.02,2379.79067,1776172620000
1776172621.477,121.477,0.16,12.74,0.15,88.37,0.14,46.5,0.13,78.27,0.12,108.9,0.18,58.83,0.19,125.0,0.2,127.0,0.21,268.28,0.22,140.0,0.82,53.83,0.81,125.0,0.8,127.0,0.79,268.28,0.78,140.0,0.84,25.27,0.85,88.37,0.86,46.5,0.87,78.27,0.88,108.9,0.02,0.02,2379.79067,1776172620000
1776172621.88,121.88,0.16,5.0,0.15,88.37,0.14,46.5,0.13,78.27,0.12,108.9,0.18,19.33,0.19,125.0,0.2,127.0,0.21,268.28,0.22,140.0,0.82,58.83,0.81,125.0,0.8,127.0,0.79,268.28,0.78,140.0,0.84,12.74,0.85,88.37,0.86,46.5,0.87,78.27,0.88,108.9,0.02,0.02,2379.79067,1776172620000
1776172622.236,122.236,0.16,5.0,0.15,88.37,0.14,46.5,0.13,78.27,0.12,108.9,0.18,19.33,0.19,125.0,0.2,127.0,0.21,268.28,0.22,140.0,0.82,19.33,0.81,125.0,0.8,127.0,0.79,268.28,0.78,140.0,0.84,5.0,0.85,88.37,0.86,46.5,0.87,78.27,0.88,108.9,0.02,0.02,2379.78108,1776172621000
1776172622.615,122.615,0.16,40.11,0.15,88.37,0.14,46.5,0.13,46.47,0.12,108.9,0.17,5.0,0.18,24.33,0.19,125.0,0.2,168.0,0.21,220.0,0.82,19.33,0.81,125.0,0.8,127.0,0.79,268.28,0.78,140.0,0.84,5.0,0.85,88.37,0.86,46.5,0.87,78.27,0.88,108.9,0.01,0.02,2379.78108,1776172621000
1776172623.077,123.077,0.16,31.74,0.15,88.37,0.14,46.5,0.13,46.47,0.12,108.9,0.17,5.0,0.18,20.0,0.19,125.0,0.2,168.0,0.21,220.0,0.83,5.0,0.82,24.33,0.81,125.0,0.8,168.0,0.79,220.0,0.84,40.11,0.85,88.37,0.86,46.5,0.87,46.47,0.88,108.9,0.01,0.01,2379.78108,1776172621000
1776172623.682,123.682,0.16,31.74,0.15,88.37,0.14,46.5,0.13,46.47,0.12,108.9,0.17,5.0,0.18,20.0,0.19,125.0,0.2,168.0,0.21,220.0,0.83,5.0,0.82,20.0,0.81,125.0,0.8,168.0,0.79,220.0,0.84,31.74,0.85,88.37,0.86,46.5,0.87,46.47,0.88,108.9,0.01,0.01,2379.783955,1776172622000
1776172623.95,123.95,0.18,12.0,0.17,30.94,0.16,54.31,0.15,53.64,0.14,77.5,0.19,15.0,0.2,15.0,0.21,135.0,0.22,153.0,0.23,160.0,0.82,5.0,0.81,5.0,0.8,5.0,0.79,135.0,0.78,170.0,0.84,39.31,0.85,48.64,0.86,71.5,0.87,46.47,0.88,108.9,0.01,0.02,2379.783955,1776172622000
1776172624.186,124.186,0.2,10.6,0.18,32.0,0.17,30.94,0.16,64.31,0.15,23.64,0.21,25.0,0.22,53.0,0.23,54.0,0.24,122.28,0.25,18.94,0.79,25.0,0.78,53.0,0.77,54.0,0.76,122.28,0.75,18.94,0.8,10.6,0.82,32.0,0.83,30.94,0.84,64.31,0.85,23.64,0.01,0.01,2379.783945,1776172623000
1776172624.439,124.439,0.2,33.49,0.18,95.0,0.17,30.94,0.16,15.0,0.15,23.64,0.21,37.0,0.22,63.0,0.23,26.0,0.24,64.28,0.25,43.94,0.79,25.0,0.78,53.0,0.77,54.0,0.76,122.28,0.75,18.94,0.8,10.6,0.82,32.0,0.83,30.94,0.84,64.31,0.85,23.64,0.01,0.01,2379.783945,1776172623000
1776172625.324,125.324,0.2,33.49,0.18,95.0,0.17,30.94,0.16,15.0,0.15,23.64,0.21,31.28,0.22,63.0,0.23,26.0,0.24,64.28,0.25,43.94,0.79,31.28,0.78,63.0,0.77,26.0,0.76,64.28,0.75,43.94,0.8,33.49,0.82,95.0,0.83,30.94,0.84,15.0,0.85,23.64,0.01,0.01,2379.81057,1776172624000
1776172626.326,126.326,0.2,33.49,0.18,95.0,0.17,30.94,0.16,15.0,0.15,23.64,0.21,31.28,0.22,63.0,0.23,26.0,0.24,64.28,0.25,43.94,0.79,31.28,0.78,63.0,0.77,26.0,0.76,64.28,0.75,43.94,0.8,33.49,0.82,95.0,0.83,30.94,0.84,15.0,0.85,23.64,0.01,0.01,2379.97046,1776172625000
1776172627.363,127.363,0.2,33.49,0.18,95.0,0.17,30.94,0.16,15.0,0.15,23.64,0.21,31.28,0.22,63.0,0.23,26.0,0.24,64.28,0.25,43.94,0.79,31.28,0.78,63.0,0.77,26.0,0.76,64.28,0.75,43.94,0.8,33.49,0.82,95.0,0.83,30.94,0.84,15.0,0.85,23.64,0.01,0.01,2380.141454,1776172626000
1776172627.84,127.84,0.2,33.49,0.18,95.0,0.17,30.94,0.16,15.0,0.15,23.64,0.21,31.28,0.22,63.0,0.23,26.0,0.24,64.28,0.25,43.94,0.79,31.28,0.78,63.0,0.77,26.0,0.76,64.28,0.75,43.94,0.8,33.49,0.82,95.0,0.83,30.94,0.84,15.0,0.85,23.64,0.01,0.01,2380.141454,1776172627000
1776172628.536,128.536,0.2,4.43,0.18,100.0,0.15,86.64,0.14,41.5,0.13,48.27,0.21,397.56,0.22,50.0,0.23,15.0,0.24,10.0,0.25,12.94,0.79,31.28,0.78,63.0,0.77,26.0,0.76,64.28,0.75,43.94,0.8,33.49,0.82,95.0,0.83,30.94,0.84,15.0,0.85,23.64,0.01,0.01,2380.141454,1776172627000
1776172628.826,128.826,0.18,15.74,0.15,81.64,0.14,30.5,0.13,22.47,0.12,78.9,0.19,229.0,0.2,56.0,0.21,184.56,0.22,10.0,0.23,16.0,0.81,159.0,0.8,61.0,0.79,184.56,0.78,10.0,0.77,16.0,0.82,16.99,0.85,91.64,0.86,41.5,0.87,22.47,0.88,78.9,0.01,0.01,2380.141454,1776172627000
1776172629.041,129.041,0.18,10.67,0.15,81.64,0.14,30.5,0.13,22.47,0.12,78.9,0.19,229.0,0.2,56.0,0.21,184.56,0.22,10.0,0.23,16.0,0.81,229.0,0.8,56.0,0.79,184.56,0.78,10.0,0.77,16.0,0.82,10.67,0.85,81.64,0.86,30.5,0.87,22.47,0.88,78.9,0.01,0.01,2380.085115,1776172628000
1776172629.276,129.276,0.15,81.64,0.14,20.5,0.13,32.47,0.12,78.9,0.11,57.29,0.19,244.0,0.2,68.0,0.21,154.56,0.22,10.0,0.23,16.0,0.81,249.0,0.8,68.0,0.79,154.56,0.78,10.0,0.77,16.0,0.82,2.63,0.85,81.64,0.86,20.5,0.87,32.47,0.88,78.9,0.04,0.01,2380.085115,1776172628000
1776172629.98,129.98,0.15,81.64,0.14,20.5,0.13,32.47,0.12,78.9,0.11,57.29,0.19,244.0,0.2,68.0,0.21,154.56,0.22,10.0,0.23,16.0,0.81,244.0,0.8,68.0,0.79,154.56,0.78,10.0,0.77,16.0,0.85,81.64,0.86,20.5,0.87,32.47,0.88,78.9,0.89,57.29,0.04,0.04,2380.03562,1776172629000
1776172630.186,130.186,0.13,9.63,0.12,44.8,0.11,20.5,0.1,30.5,0.09,16.0,0.14,27.0,0.15,121.0,0.16,240.28,0.17,21.0,0.18,10.0,0.85,6.36,0.84,349.0,0.83,67.0,0.82,15.0,0.81,10.0,0.87,14.8,0.88,44.8,0.89,20.5,0.9,30.5,0.91,60.0,0.01,0.02,2380.03562,1776172629000
1776172630.52,130.52,0.12,48.04,0.11,83.5,0.1,30.5,0.09,16.0,0.08,73.9,0.13,127.0,0.14,60.0,0.15,160.0,0.16,108.0,0.17,16.0,0.87,20.37,0.86,115.0,0.85,151.0,0.84,161.0,0.83,16.0,0.88,44.8,0.89,78.5,0.9,35.5,0.91,16.0,0.92,63.9,0.01,0.01,2380.03562,1776172629000
1776172630.847,130.847,0.12,93.63,0.11,38.5,0.1,20.5,0.09,16.0,0.08,73.9,0.13,93.0,0.14,36.0,0.15,126.28,0.16,103.0,0.17,16.0,0.87,120.0,0.86,68.0,0.85,160.0,0.84,103.0,0.83,16.0,0.88,40.8,0.89,96.5,0.9,20.5,0.91,16.0,0.92,73.9,0.01,0.01,2380.03562,1776172629000
1776172631.049,131.049,0.12,83.0,0.11,38.5,0.1,20.5,0.09,16.0,0.08,73.9,0.13,80.17,0.14,23.0,0.15,55.28,0.16,103.0,0.17,16.0,0.87,80.17,0.86,23.0,0.85,55.28,0.84,103.0,0.83,16.0,0.88,83.0,0.89,38.5,0.9,20.5,0.91,16.0,0.92,73.9,0.01,0.01,2379.9431,1776172630000
1776172631.278,131.278,0.12,71.25,0.11,38.5,0.1,20.5,0.09,26.0,0.08,63.9,0.13,81.17,0.14,33.0,0.15,32.28,0.16,167.0,0.17,66.0,0.87,76.17,0.86,33.0,0.85,32.28,0.84,167.0,0.83,56.0,0.88,69.61,0.89,38.5,0.9,20.5,0.91,26.0,0.92,63.9,0.01,0.01,2379.9431,1776172630000
1776172631.545,131.545,0.12,63.79,0.11,38.5,0.1,20.5,0.09,26.0,0.08,63.9,0.13,76.17,0.14,28.0,0.15,32.28,0.16,167.0,0.17,26.0,0.87,81.17,0.86,33.0,0.85,32.28,0.84,167.0,0.83,66.0,0.88,71.25,0.89,38.5,0.9,20.5,0.91,26.0,0.92,63.9,0.01,0.01,2379.9431,1776172630000
1776172632.098,132.098,0.12,61.58,0.11,38.5,0.1,20.5,0.09,16.0,0.08,63.9,0.13,76.17,0.14,18.0,0.15,27.28,0.16,167.0,0.17,66.0,0.87,76.17,0.86,18.0,0.85,27.28,0.84,167.0,0.83,66.0,0.88,61.58,0.89,38.5,0.9,20.5,0.91,16.0,0.92,63.9,0.01,0.01,2379.606431,1776172631000
1776172633.0,133.0,0.12,81.0,0.11,29.68,0.1,36.5,0.09,16.0,0.08,63.9,0.13,140.17,0.14,130.0,0.15,145.0,0.16,262.28,0.17,150.0,0.87,76.17,0.86,18.0,0.85,27.28,0.84,167.0,0.83,66.0,0.88,61.58,0.89,38.5,0.9,20.5,0.91,16.0,0.92,63.9,0.01,0.01,2379.606431,1776172631000
1776172633.33,133.33,0.12,76.67,0.11,29.68,0.1,36.5,0.09,60.0,0.08,63.9,0.13,150.17,0.14,130.0,0.15,203.0,0.16,204.28,0.17,150.0,0.87,140.17,0.86,125.0,0.85,203.0,0.84,204.28,0.83,150.0,0.88,79.0,0.89,29.68,0.9,36.5,0.91,60.0,0.92,63.9,0.01,0.01,2379.481303,1776172632000
1776172634.235,134.235,0.12,76.67,0.11,29.68,0.1,36.5,0.09,60.0,0.08,63.9,0.13,150.17,0.14,130.0,0.15,203.0,0.16,204.28,0.17,150.0,0.87,150.17,0.86,130.0,0.85,203.0,0.84,204.28,0.83,150.0,0.88,76.67,0.89,29.68,0.9,36.5,0.91,60.0,0.92,63.9,0.01,0.01,2379.461941,1776172633000
1776172635.34,135.34,0.12,76.67,0.11,29.68,0.1,36.5,0.09,60.0,0.08,63.9,0.13,150.17,0.14,130.0,0.15,203.0,0.16,204.28,0.17,150.0,0.87,150.17,0.86,130.0,0.85,203.0,0.84,204.28,0.83,150.0,0.88,76.67,0.89,29.68,0.9,36.5,0.91,60.0,0.92,63.9,0.01,0.01,2379.511505,1776172634000
1776172635.774,135.774,0.12,18.67,0.11,87.68,0.1,30.5,0.09,60.0,0.08,63.9,0.13,138.78,0.14,130.0,0.15,208.0,0.16,210.28,0.17,186.0,0.87,150.17,0.86,130.0,0.85,203.0,0.84,204.28,0.83,150.0,0.88,76.67,0.89,29.68,0.9,36.5,0.91,60.0,0.92,63.9,0.01,0.01,2379.511505,1776172634000
1776172636.436,136.436,0.12,18.67,0.11,87.68,0.1,30.5,0.09,60.0,0.08,63.9,0.13,138.78,0.14,130.0,0.15,208.0,0.16,210.28,0.17,186.0,0.87,138.78,0.86,130.0,0.85,208.0,0.84,210.28,0.83,186.0,0.88,18.67,0.89,87.68,0.9,30.5,0.91,60.0,0.92,63.9,0.01,0.01,2379.548995,1776172635000
1776172637.041,137.041,0.11,5.66,0.1,16.67,0.09,10.0,0.08,183.0,0.07,171.3,0.12,56.0,0.13,58.0,0.14,111.28,0.15,89.0,0.16,153.8,0.87,228.0,0.86,73.28,0.85,97.0,0.84,85.0,0.83,60.5,0.89,0.66,0.9,16.67,0.91,10.0,0.92,183.0,0.93,171.3,0.01,0.02,2379.548995,1776172635000
1776172637.301,137.301,0.11,0.32,0.1,16.67,0.09,10.0,0.08,173.0,0.07,181.3,0.12,71.0,0.13,48.0,0.14,121.28,0.15,79.0,0.16,153.8,0.88,56.0,0.87,58.0,0.86,111.28,0.85,89.0,0.84,153.8,0.89,5.66,0.9,16.67,0.91,10.0,0.92,183.0,0.93,171.3,0.01,0.01,2379.548995,1776172635000
1776172638.01,138.01,0.1,11.86,0.09,15.0,0.08,178.0,0.07,186.3,0.06,178.8,0.12,80.34,0.13,53.0,0.14,126.28,0.15,112.2,0.16,158.8,0.88,71.0,0.87,48.0,0.86,121.28,0.85,79.0,0.84,153.8,0.89,0.32,0.9,16.67,0.91,10.0,0.92,173.0,0.93,181.3,0.02,0.01,2379.51573,1776172636000
1776172638.225,138.225,0.11,4.34,0.1,11.86,0.09,15.0,0.08,178.0,0.07,186.3,0.12,88.34,0.13,45.0,0.14,156.18,0.15,112.2,0.16,158.8,0.88,80.34,0.87,53.0,0.86,126.28,0.85,112.2,0.84,158.8,0.9,11.86,0.91,15.0,0.92,178.0,0.93,186.3,0.94,178.8,0.01,0.02,2379.51573,1776172636000
1776172638.735,138.735,0.11,4.34,0.1,11.86,0.09,15.0,0.08,178.0,0.07,186.3,0.12,88.34,0.13,45.0,0.14,156.18,0.15,112.2,0.16,158.8,0.88,88.34,0.87,45.0,0.86,156.18,0.85,112.2,0.84,158.8,0.89,4.34,0.9,11.86,0.91,15.0,0.92,178.0,0.93,186.3,0.01,0.01,2379.5156,1776172637000
1776172639.291,139.291,0.1,68.19,0.09,26.0,0.08,120.0,0.07,186.3,0.06,178.8,0.11,23.96,0.12,88.34,0.13,45.0,0.14,167.18,0.15,126.2,0.88,88.34,0.87,45.0,0.86,156.18,0.85,112.2,0.84,158.8,0.89,4.34,0.9,11.86,0.91,15.0,0.92,178.0,0.93,186.3,0.01,0.01,2379.5156,1776172637000
1776172639.62,139.62,0.1,16.92,0.09,26.0,0.08,120.0,0.07,186.3,0.06,178.8,0.11,76.96,0.12,55.0,0.13,107.0,0.14,109.18,0.15,126.2,0.89,23.96,0.88,88.34,0.87,45.0,0.86,167.18,0.85,126.2,0.9,68.19,0.91,26.0,0.92,120.0,0.93,186.3,0.94,178.8,0.01,0.01,2379.42341,1776172638000
1776172639.907,139.907,0.09,26.0,0.08,120.0,0.07,186.3,0.06,178.8,0.05,235.8,0.1,21.18,0.11,86.3,0.12,55.0,0.13,107.0,0.14,109.18,0.9,21.18,0.89,86.3,0.88,55.0,0.87,107.0,0.86,109.18,0.91,26.0,0.92,120.0,0.93,186.3,0.94,178.8,0.95,235.8,0.01,0.01,2379.448757,1776172639000
1776172641.042,141.042,0.09,26.0,0.08,120.0,0.07,186.3,0.06,178.8,0.05,235.8,0.1,21.18,0.11,86.3,0.12,55.0,0.13,107.0,0.14,109.18,0.9,21.18,0.89,86.3,0.88,55.0,0.87,107.0,0.86,109.18,0.91,26.0,0.92,120.0,0.93,186.3,0.94,178.8,0.95,235.8,0.01,0.01,2379.503593,1776172640000
1776172641.325,141.325,0.09,106.29,0.08,120.0,0.07,186.3,0.06,178.8,0.05,235.8,0.1,14.39,0.11,38.96,0.12,60.0,0.13,104.0,0.14,98.18,0.9,20.34,0.89,38.96,0.88,50.0,0.87,113.0,0.86,98.18,0.91,96.29,0.92,120.0,0.93,186.3,0.94,178.8,0.95,235.8,0.01,0.01,2379.503593,1776172640000
1776172641.88,141.88,0.09,102.9,0.08,120.0,0.07,186.3,0.06,178.8,0.05,235.8,0.1,6.0,0.11,38.96,0.12,60.0,0.13,104.0,0.14,98.18,0.9,14.39,0.89,38.96,0.88,60.0,0.87,104.0,0.86,98.18,0.91,106.29,0.92,120.0,0.93,186.3,0.94,178.8,0.95,235.8,0.01,0.01,2379.503593,1776172640000
1776172642.189,142.189,0.09,94.25,0.08,120.0,0.07,186.3,0.06,178.8,0.05,235.8,0.1,6.0,0.11,38.96,0.12,60.0,0.13,104.0,0.14,98.18,0.9,6.0,0.89,38.96,0.88,60.0,0.87,104.0,0.86,98.18,0.91,94.25,0.92,120.0,0.93,186.3,0.94,178.8,0.95,235.8,0.01,0.01,2379.37614,1776172641000
1776172642.512,142.512,0.09,89.22,0.08,120.0,0.07,186.3,0.06,178.8,0.05,235.8,0.1,6.0,0.11,43.96,0.12,118.0,0.13,46.0,0.14,98.18,0.9,6.0,0.89,38.96,0.88,60.0,0.87,104.0,0.86,98.18,0.91,92.61,0.92,120.0,0.93,186.3,0.94,178.8,0.95,235.8,0.01,0.01,2379.37614,1776172641000
1776172643.305,143.305,0.1,14.0,0.09,84.22,0.08,120.0,0.07,180.3,0.06,184.8,0.11,38.96,0.12,124.0,0.13,63.28,0.14,74.9,0.15,109.2,0.9,6.0,0.89,43.96,0.88,118.0,0.87,46.0,0.86,98.18,0.91,89.22,0.92,120.0,0.93,186.3,0.94,178.8,0.95,235.8,0.01,0.01,2379.37614,1776172641000
1776172643.834,143.834,0.1,75.61,0.09,72.22,0.08,120.0,0.07,186.3,0.06,184.8,0.11,38.96,0.12,71.0,0.13,121.28,0.14,74.9,0.15,122.2,0.89,38.96,0.88,124.0,0.87,63.28,0.86,74.9,0.85,109.2,0.9,14.0,0.91,84.22,0.92,120.0,0.93,180.3,0.94,184.8,0.01,0.01,2379.41523,1776172642000
1776172644.349,144.349,0.1,133.77,0.09,121.0,0.08,174.9,0.07,170.3,0.06,178.8,0.11,28.96,0.13,10.0,0.14,20.0,0.15,139.28,0.16,96.0,0.89,38.96,0.88,71.0,0.87,121.28,0.86,74.9,0.85,122.2,0.9,64.38,0.91,72.22,0.92,120.0,0.93,186.3,0.94,184.8,0.01,0.01,2379.41523,1776172643000
1776172644.585,144.585,0.1,338.77,0.09,121.0,0.08,168.9,0.07,170.3,0.06,228.8,0.15,10.0,0.16,10.0,0.17,10.0,0.18,10.0,0.19,15.0,0.89,4.96,0.85,114.28,0.84,71.0,0.83,106.5,0.82,173.4,0.9,133.77,0.91,121.0,0.92,174.9,0.93,170.3,0.94,178.8,0.05,0.01,2379.41523,1776172643000
1776172644.899,144.899,0.14,32.0,0.13,10.0,0.12,10.0,0.11,60.0,0.1,87.0,0.16,0.62,0.17,10.0,0.18,10.0,0.19,15.0,0.2,20.0,0.85,10.0,0.84,10.0,0.83,10.0,0.82,10.0,0.81,15.0,0.9,338.77,0.91,121.0,0.92,168.9,0.93,170.3,0.94,228.8,0.02,0.05,2379.41523,1776172643000
1776172645.169,145.169,0.15,10.0,0.14,32.0,0.13,10.0,0.12,10.0,0.11,60.0,0.17,4.11,0.18,10.0,0.19,28.0,0.2,20.0,0.21,24.28,0.83,4.11,0.82,10.0,0.81,28.0,0.8,20.0,0.79,24.28,0.85,10.0,0.86,32.0,0.87,10.0,0.88,10.0,0.89,60.0,0.02,0.02,2379.404745,1776172644000
1776172645.596,145.596,0.15,56.73,0.14,162.1,0.13,15.0,0.12,15.0,0.11,65.0,0.17,3.11,0.18,10.0,0.19,15.0,0.2,15.0,0.21,34.28,0.84,5.0,0.83,9.11,0.82,10.0,0.81,15.0,0.8,15.0,0.85,50.0,0.86,104.1,0.87,15.0,0.88,15.0,0.89,95.0,0.02,0.01,2379.404745,1776172644000
1776172646.288,146.288,0.15,56.73,0.14,162.1,0.13,15.0,0.12,15.0,0.11,65.0,0.17,3.11,0.18,10.0,0.19,15.0,0.2,15.0,0.21,34.28,0.83,3.11,0.82,10.0,0.81,15.0,0.8,15.0,0.79,34.28,0.85,61.73,0.86,162.1,0.87,15.0,0.88,15.0,0.89,65.0,0.02,0.02,2379.451645,1776172645000
1776172647.641,147.641,0.15,56.73,0.14,162.1,0.13,15.0,0.12,15.0,0.11,65.0,0.17,3.11,0.18,10.0,0.19,15.0,0.2,15.0,0.21,34.28,0.83,3.11,0.82,10.0,0.81,15.0,0.8,15.0,0.79,34.28,0.85,61.73,0.86,162.1,0.87,15.0,0.88,15.0,0.89,65.0,0.02,0.02,2380.037011,1776172646000
1776172648.117,148.117,0.15,56.73,0.14,162.1,0.13,15.0,0.12,15.0,0.11,65.0,0.17,3.11,0.18,10.0,0.19,15.0,0.2,15.0,0.21,34.28,0.83,3.11,0.82,10.0,0.81,15.0,0.8,15.0,0.79,34.28,0.85,61.73,0.86,162.1,0.87,15.0,0.88,15.0,0.89,65.0,0.02,0.02,2380.05074,1776172647000
1776172648.383,148.383,0.15,148.73,0.14,107.9,0.13,68.8,0.12,55.1,0.11,107.79,0.16,10.0,0.17,3.11,0.18,10.0,0.19,10.0,0.2,25.0,0.83,3.11,0.82,10.0,0.81,15.0,0.8,15.0,0.79,34.28,0.85,61.73,0.86,162.1,0.87,15.0,0.88,15.0,0.89,65.0,0.01,0.02,2380.05074,1776172647000
1776172649.247,149.247,0.15,274.93,0.14,49.9,0.13,68.8,0.12,55.1,0.11,107.79,0.17,0.75,0.18,10.0,0.19,10.0,0.2,25.0,0.21,38.28,0.84,10.0,0.83,3.11,0.82,10.0,0.81,10.0,0.8,25.0,0.85,148.73,0.86,107.9,0.87,68.8,0.88,55.1,0.89,107.79,0.02,0.01,2380.05074,1776172647000
1776172650.445,150.445,0.15,274.93,0.14,49.9,0.13,68.8,0.12,55.1,0.11,107.79,0.17,0.75,0.18,10.0,0.19,10.0,0.2,25.0,0.21,38.28,0.83,0.75,0.82,10.0,0.81,10.0,0.8,25.0,0.79,38.28,0.85,274.93,0.86,49.9,0.87,68.8,0.88,55.1,0.89,107.79,0.02,0.02,2380.193627,1776172649000
1776172650.827,150.827,0.21,40.72,0.2,110.0,0.19,56.0,0.18,20.0,0.17,15.0,0.23,10.0,0.24,10.0,0.25,20.0,0.26,89.68,0.27,15.0,0.83,0.75,0.82,10.0,0.81,10.0,0.8,25.0,0.79,38.28,0.85,274.93,0.86,49.9,0.87,68.8,0.88,55.1,0.89,107.79,0.02,0.02,2380.193627,1776172649000
1776172651.066,151.066,0.23,5.0,0.22,25.0,0.21,80.72,0.2,173.0,0.19,57.0,0.25,0.48,0.26,89.68,0.27,10.0,0.28,10.0,0.29,20.0,0.75,12.72,0.74,89.68,0.73,10.0,0.72,10.0,0.71,20.0,0.78,25.0,0.79,80.72,0.8,214.0,0.81,57.0,0.82,15.0,0.02,0.03,2380.193627,1776172649000
1776172651.434,151.434,0.24,48.68,0.23,40.0,0.22,30.0,0.21,70.72,0.2,63.0,0.25,0.48,0.26,89.68,0.27,10.0,0.28,10.0,0.29,20.0,0.75,0.48,0.74,89.68,0.73,10.0,0.72,10.0,0.71,20.0,0.77,25.0,0.78,30.0,0.79,80.72,0.8,136.0,0.81,57.0,0.01,0.02,2380.19845,1776172650000
1776172651.73,151.73,0.24,90.0,0.23,10.0,0.22,10.0,0.21,118.72,0.2,31.0,0.26,143.52,0.27,10.0,0.28,10.0,0.29,25.0,0.3,15.0,0.75,0.48,0.74,89.68,0.73,10.0,0.72,10.0,0.71,20.0,0.76,48.68,0.77,40.0,0.78,30.0,0.79,70.72,0.8,63.0,0.02,0.01,2380.19845,1776172650000
1776172652.185,152.185,0.24,219.0,0.23,15.0,0.22,10.0,0.21,113.72,0.2,31.0,0.26,148.52,0.27,15.0,0.28,10.0,0.29,25.0,0.3,21.0,0.74,143.52,0.73,10.0,0.72,10.0,0.71,25.0,0.7,15.0,0.76,90.0,0.77,10.0,0.78,10.0,0.79,118.72,0.8,31.0,0.02,0.02,2380.19845,1776172650000
1776172653.281,153.281,0.24,219.0,0.23,15.0,0.22,10.0,0.21,113.72,0.2,31.0,0.26,129.52,0.27,15.0,0.28,10.0,0.29,25.0,0.3,21.0,0.74,129.52,0.73,15.0,0.72,10.0,0.71,25.0,0.7,21.0,0.76,219.0,0.77,15.0,0.78,10.0,0.79,113.72,0.8,31.0,0.02,0.02,2380.444144,1776172652000
1776172654.278,154.278,0.25,196.66,0.24,40.0,0.23,68.0,0.22,15.0,0.21,55.72,0.26,139.52,0.27,15.0,0.28,20.0,0.29,15.0,0.3,31.0,0.74,139.52,0.73,15.0,0.72,20.0,0.71,15.0,0.7,31.0,0.75,196.66,0.76,40.0,0.77,68.0,0.78,15.0,0.79,55.72,0.01,0.01,2380.633348,1776172653000
1776172655.1,155.1,0.25,3.27,0.24,40.0,0.23,68.0,0.22,15.0,0.21,55.72,0.26,144.52,0.27,15.0,0.28,25.0,0.29,15.0,0.3,25.0,0.74,139.52,0.73,15.0,0.72,20.0,0.71,15.0,0.7,31.0,0.75,196.66,0.76,40.0,0.77,68.0,0.78,15.0,0.79,55.72,0.01,0.01,2380.633348,1776172653000
1776172655.436,155.436,0.24,39.88,0.23,68.0,0.22,15.0,0.21,55.72,0.2,53.5,0.26,182.52,0.27,15.0,0.28,25.0,0.29,15.0,0.3,25.0,0.74,144.52,0.73,15.0,0.72,25.0,0.71,15.0,0.7,25.0,0.75,3.27,0.76,40.0,0.77,68.0,0.78,15.0,0.79,55.72,0.02,0.01,2380.66061,1776172654000
1776172655.763,155.763,0.24,78.49,0.23,68.0,0.22,15.0,0.21,55.72,0.2,53.5,0.25,15.0,0.26,139.52,0.27,10.0,0.28,20.0,0.29,15.0,0.74,182.52,0.73,15.0,0.72,25.0,0.71,15.0,0.7,25.0,0.76,39.88,0.77,68.0,0.78,15.0,0.79,55.72,0.8,53.5,0.01,0.02,2380.66061,1776172654000
1776172656.243,156.243,0.24,78.49,0.23,68.0,0.22,15.0,0.21,55.72,0.2,53.5,0.25,15.0,0.26,139.52,0.27,10.0,0.28,20.0,0.29,15.0,0.75,15.0,0.74,139.52,0.73,10.0,0.72,20.0,0.71,15.0,0.76,78.49,0.77,68.0,0.78,15.0,0.79,55.72,0.8,53.5,0.01,0.01,2380.731295,1776172655000
1776172657.276,157.276,0.24,78.49,0.23,68.0,0.22,15.0,0.21,55.72,0.2,53.5,0.25,15.0,0.26,139.52,0.27,10.0,0.28,20.0,0.29,15.0,0.75,15.0,0.74,139.52,0.73,10.0,0.72,20.0,0.71,15.0,0.76,78.49,0.77,68.0,0.78,15.0,0.79,55.72,0.8,53.5,0.01,0.01,2380.692928,1776172656000
1776172657.949,157.949,0.24,70.1,0.23,68.0,0.22,15.0,0.21,55.72,0.2,53.5,0.25,10.0,0.26,81.52,0.27,73.0,0.28,25.0,0.29,15.0,0.75,15.0,0.74,139.52,0.73,10.0,0.72,20.0,0.71,15.0,0.76,78.49,0.77,68.0,0.78,15.0,0.79,55.72,0.8,53.5,0.01,0.01,2380.692928,1776172656000
1776172658.271,158.271,0.24,81.71,0.23,68.0,0.22,15.0,0.21,55.72,0.2,31.0,0.25,10.0,0.26,81.52,0.27,73.0,0.28,25.0,0.29,15.0,0.75,10.0,0.74,81.52,0.73,73.0,0.72,25.0,0.71,15.0,0.76,70.1,0.77,68.0,0.78,15.0,0.79,55.72,0.8,53.5,0.01,0.01,2380.692928,1776172656000
1776172658.963,158.963,0.24,86.71,0.23,68.0,0.22,15.0,0.21,55.72,0.2,31.0,0.26,41.52,0.27,73.0,0.28,25.0,0.29,15.0,0.3,48.0,0.75,10.0,0.74,81.52,0.73,73.0,0.72,25.0,0.71,15.0,0.76,81.71,0.77,68.0,0.78,15.0,0.79,55.72,0.8,31.0,0.02,0.01,2380.703249,1776172657000
1776172659.261,159.261,0.24,86.71,0.23,68.0,0.22,15.0,0.21,55.72,0.2,31.0,0.26,41.52,0.27,73.0,0.28,25.0,0.29,15.0,0.3,48.0,0.74,41.52,0.73,73.0,0.72,25.0,0.71,15.0,0.7,48.0,0.76,86.71,0.77,68.0,0.78,15.0,0.79,55.72,0.8,31.0,0.02,0.02,2380.712758,1776172658000
1776172660.251,160.251,0.25,5.0,0.24,54.71,0.23,73.0,0.22,15.0,0.21,55.72,0.26,46.52,0.27,78.0,0.28,25.0,0.29,15.0,0.3,48.0,0.74,46.52,0.73,78.0,0.72,25.0,0.71,15.0,0.7,48.0,0.75,5.0,0.76,54.71,0.77,73.0,0.78,15.0,0.79,55.72,0.01,0.01,2380.709357,1776172659000
1776172660.837,160.837,0.24,139.71,0.23,20.0,0.22,15.0,0.21,55.72,0.2,31.0,0.26,43.52,0.27,15.0,0.28,83.0,0.29,15.0,0.3,59.0,0.74,46.52,0.73,78.0,0.72,25.0,0.71,15.0,0.7,48.0,0.75,5.0,0.76,54.71,0.77,73.0,0.78,15.0,0.79,55.72,0.02,0.01,2380.709357,1776172659000
1776172661.381,161.381,0.25,52.0,0.24,122.71,0.23,25.0,0.22,15.0,0.21,55.72,0.26,6.52,0.27,20.0,0.28,25.0,0.29,15.0,0.3,89.0,0.74,6.52,0.73,20.0,0.72,25.0,0.71,15.0,0.7,89.0,0.75,52.0,0.76,122.71,0.77,25.0,0.78,15.0,0.79,55.72,0.01,0.01,2380.709341,1776172660000
1776172662.249,162.249,0.25,581.47,0.24,30.71,0.23,20.0,0.22,20.0,0.21,77.42,0.33,6.0,0.37,10.0,0.39,10.0,0.4,6.0,0.41,20.5,0.74,5.0,0.71,5.0,0.7,83.0,0.69,30.0,0.68,44.0,0.75,89.47,0.76,44.71,0.77,20.0,0.78,73.0,0.79,55.72,0.08,0.01,2380.709341,1776172660000
1776172662.695,162.695,0.36,191.75,0.35,15.0,0.34,15.0,0.33,45.0,0.32,41.0,0.37,10.0,0.38,5.0,0.39,6.95,0.4,5.0,0.41,25.5,0.61,1.95,0.59,20.5,0.58,89.0,0.57,62.0,0.56,10.0,0.64,89.0,0.65,10.0,0.66,10.0,0.67,40.0,0.68,104.0,0.01,0.03,2380.711404,1776172661000
1776172662.968,162.968,0.36,213.77,0.35,15.0,0.34,73.0,0.33,55.0,0.32,31.0,0.37,1.61,0.38,15.0,0.39,6.95,0.4,5.0,0.41,25.5,0.63,1.61,0.62,5.0,0.61,6.95,0.6,5.0,0.59,25.5,0.64,224.69,0.65,15.0,0.66,15.0,0.67,45.0,0.68,41.0,0.01,0.01,2380.711404,1776172661000
1776172663.272,163.272,0.36,213.77,0.35,15.0,0.34,73.0,0.33,55.0,0.32,31.0,0.37,1.61,0.38,15.0,0.39,6.95,0.4,5.0,0.41,25.5,0.63,1.61,0.62,15.0,0.61,6.95,0.6,5.0,0.59,25.5,0.64,213.77,0.65,15.0,0.66,73.0,0.67,55.0,0.68,31.0,0.01,0.01,2380.819351,1776172662000
1776172663.556,163.556,0.37,213.59,0.36,68.0,0.35,15.0,0.34,15.0,0.33,55.0,0.38,15.0,0.39,6.95,0.4,5.0,0.41,25.5,0.42,94.0,0.62,10.0,0.61,6.95,0.6,5.0,0.59,25.5,0.58,94.0,0.63,69.18,0.64,10.0,0.65,73.0,0.66,15.0,0.67,55.0,0.01,0.01,2380.819351,1776172662000
1776172664.065,164.065,0.37,255.53,0.36,10.0,0.35,15.0,0.34,73.0,0.33,55.0,0.38,5.0,0.39,73.97,0.4,5.0,0.41,25.5,0.42,94.0,0.62,15.0,0.61,6.95,0.6,5.0,0.59,25.5,0.58,94.0,0.63,213.59,0.64,68.0,0.65,15.0,0.66,15.0,0.67,55.0,0.01,0.01,2380.819351,1776172662000
1776172664.299,164.299,0.37,255.53,0.36,10.0,0.35,15.0,0.34,73.0,0.33,55.0,0.38,5.0,0.39,73.97,0.4,5.0,0.41,25.5,0.42,94.0,0.62,5.0,0.61,73.97,0.6,5.0,0.59,25.5,0.58,94.0,0.63,255.53,0.64,10.0,0.65,15.0,0.66,73.0,0.67,55.0,0.01,0.01,2381.23753,1776172663000
1776172665.016,165.016,0.38,35.0,0.37,29.59,0.36,10.0,0.35,15.0,0.34,83.0,0.39,143.53,0.4,15.0,0.41,49.5,0.42,36.0,0.43,40.0,0.62,8.0,0.61,131.97,0.6,5.0,0.59,34.5,0.58,36.0,0.63,163.53,0.64,10.0,0.65,15.0,0.66,73.0,0.67,55.0,0.01,0.01,2381.23753,1776172663000
1776172665.249,165.249,0.37,16.65,0.36,10.0,0.35,10.0,0.34,25.0,0.33,45.0,0.39,153.53,0.4,15.0,0.41,49.5,0.42,36.0,0.43,40.0,0.61,153.53,0.6,15.0,0.59,49.5,0.58,36.0,0.57,40.0,0.63,16.65,0.64,10.0,0.65,10.0,0.66,25.0,0.67,45.0,0.02,0.02,2381.260465,1776172664000
1776172665.554,165.554,0.38,191.77,0.37,40.65,0.36,10.0,0.35,20.5,0.34,88.5,0.39,106.53,0.4,15.0,0.41,45.5,0.42,35.0,0.43,35.0,0.62,5.0,0.61,144.53,0.6,40.0,0.59,25.5,0.58,15.0,0.63,37.65,0.64,15.0,0.65,10.0,0.66,35.5,0.67,45.0,0.01,0.01,2381.260465,1776172664000
1776172666.046,166.046,0.38,354.0,0.37,31.15,0.36,60.0,0.35,10.0,0.34,21.0,0.43,82.08,0.44,10.0,0.45,56.0,0.46,35.0,0.47,15.0,0.61,106.53,0.6,15.0,0.59,45.5,0.58,35.0,0.57,35.0,0.62,191.77,0.63,40.65,0.64,10.0,0.65,20.5,0.66,88.5,0.05,0.01,2381.260465,1776172664000
1776172666.426,166.426,0.41,20.0,0.4,40.0,0.39,15.0,0.38,83.5,0.37,31.15,0.42,5.35,0.43,12.08,0.44,15.0,0.45,56.0,0.46,35.0,0.58,5.35,0.57,12.08,0.56,15.0,0.55,56.0,0.54,35.0,0.59,20.0,0.6,40.0,0.61,15.0,0.62,83.5,0.63,31.15,0.01,0.01,2381.339445,1776172665000
1776172666.659,166.659,0.4,15.47,0.38,15.0,0.37,10.65,0.36,20.0,0.35,98.0,0.41,59.57,0.42,46.35,0.43,41.0,0.44,16.0,0.45,10.0,0.58,42.99,0.57,53.0,0.56,16.0,0.55,10.0,0.54,60.0,0.6,15.47,0.62,15.0,0.63,10.65,0.64,20.0,0.65,40.0,0.01,0.02,2381.339445,1776172665000
1776172666.96,166.96,0.4,15.47,0.38,15.0,0.37,10.65,0.36,20.0,0.35,98.0,0.41,59.57,0.42,46.35,0.43,41.0,0.44,16.0,0.45,10.0,0.59,59.57,0.58,46.35,0.57,41.0,0.56,16.0,0.55,10.0,0.6,15.47,0.62,15.0,0.63,10.65,0.64,20.0,0.65,98.0,0.01,0.01,2381.32916,1776172666000
1776172668.002,168.002,0.4,15.47,0.38,15.0,0.37,10.65,0.36,20.0,0.35,98.0,0.41,59.57,0.42,46.35,0.43,41.0,0.44,16.0,0.45,10.0,0.59,59.57,0.58,46.35,0.57,41.0,0.56,16.0,0.55,10.0,0.6,15.47,0.62,15.0,0.63,10.65,0.64,20.0,0.65,98.0,0.01,0.01,2381.46807,1776172667000
1776172668.415,168.415,0.44,20.0,0.43,20.0,0.42,10.0,0.41,15.0,0.4,20.0,0.45,22.98,0.48,37.0,0.49,277.55,0.5,55.72,0.51,82.28,0.55,23.12,0.52,37.0,0.51,282.55,0.5,55.72,0.49,70.0,0.56,20.0,0.57,20.0,0.58,10.0,0.59,73.0,0.6,20.0,0.01,0.01,2381.46807,1776172667000
1776172668.761,168.761,0.44,11.61,0.43,20.0,0.42,20.5,0.41,25.5,0.4,20.5,0.45,10.5,0.46,22.5,0.48,24.0,0.49,267.55,0.5,45.72,0.55,22.98,0.52,37.0,0.51,277.55,0.5,55.72,0.49,82.28,0.56,2.14,0.57,20.0,0.58,10.0,0.59,15.0,0.6,20.0,0.01,0.01,2381.46807,1776172667000
1776172669.134,169.134,0.44,11.61,0.43,20.0,0.42,20.5,0.41,25.5,0.4,50.5,0.45,7.83,0.46,22.5,0.48,24.0,0.49,277.55,0.5,55.72,0.55,7.83,0.54,22.5,0.52,24.0,0.51,277.55,0.5,55.72,0.56,11.61,0.57,20.0,0.58,20.5,0.59,25.5,0.6,50.5,0.01,0.01,2381.415302,1776172668000
1776172669.63,169.63,0.45,3.21,0.44,6.61,0.43,5.0,0.42,10.0,0.41,30.5,0.46,45.33,0.47,81.97,0.48,15.0,0.49,277.55,0.5,80.72,0.54,30.33,0.53,76.97,0.52,29.0,0.51,277.55,0.5,80.72,0.56,29.38,0.57,15.0,0.58,20.5,0.59,35.5,0.6,50.5,0.01,0.02,2381.415302,1776172668000
1776172670.202,170.202,0.45,3.21,0.44,11.61,0.43,86.0,0.42,20.5,0.41,30.5,0.46,58.52,0.47,139.97,0.48,15.0,0.49,282.55,0.5,80.72,0.54,45.33,0.53,81.97,0.52,15.0,0.51,277.55,0.5,80.72,0.55,3.21,0.56,6.61,0.57,5.0,0.58,10.0,0.59,30.5,0.01,0.01,2381.415302,1776172668000
1776172670.911,170.911,0.44,16.76,0.43,96.0,0.42,20.5,0.41,30.5,0.4,50.5,0.46,58.52,0.47,81.97,0.48,73.0,0.49,282.55,0.5,55.72,0.54,58.52,0.53,81.97,0.52,73.0,0.51,282.55,0.5,55.72,0.56,16.76,0.57,96.0,0.58,20.5,0.59,30.5,0.6,50.5,0.02,0.02,2381.59733,1776172670000
1776172671.132,171.132,0.43,27.73,0.41,30.5,0.4,108.5,0.39,15.0,0.38,10.0,0.45,87.53,0.46,101.52,0.47,10.0,0.48,36.0,0.49,282.55,0.55,5.0,0.54,101.52,0.53,76.97,0.52,36.0,0.51,282.55,0.56,10.15,0.57,28.0,0.58,58.0,0.59,30.5,0.6,50.5,0.02,0.01,2381.59733,1776172670000
1776172671.334,171.334,0.43,153.73,0.41,30.5,0.4,50.5,0.39,15.0,0.38,10.0,0.44,20.5,0.45,87.53,0.46,38.52,0.47,10.0,0.48,36.0,0.56,20.5,0.55,87.53,0.54,96.52,0.53,10.0,0.52,36.0,0.57,163.73,0.58,58.0,0.59,30.5,0.6,50.5,0.61,15.0,0.01,0.01,2381.59733,1776172670000
1776172671.553,171.553,0.43,241.73,0.42,20.5,0.41,30.5,0.4,50.5,0.39,15.0,0.45,87.53,0.46,43.52,0.47,10.0,0.48,36.0,0.49,340.55,0.56,20.5,0.55,87.53,0.54,38.52,0.53,10.0,0.52,36.0,0.57,153.73,0.59,30.5,0.6,50.5,0.61,15.0,0.62,10.0,0.02,0.01,2381.59733,1776172670000
1776172671.926,171.926,0.43,241.73,0.42,20.5,0.41,30.5,0.4,50.5,0.39,15.0,0.45,87.53,0.46,43.52,0.47,10.0,0.48,36.0,0.49,340.55,0.55,87.53,0.54,43.52,0.53,10.0,0.52,36.0,0.51,340.55,0.57,241.73,0.58,20.5,0.59,30.5,0.6,50.5,0.61,15.0,0.02,0.02,2381.597409,1776172671000
1776172672.177,172.177,0.43,246.73,0.42,10.0,0.41,30.5,0.4,50.5,0.39,15.0,0.44,20.5,0.45,25.0,0.46,43.52,0.47,10.0,0.48,94.0,0.55,87.53,0.54,43.52,0.53,10.0,0.52,36.0,0.51,340.55,0.57,241.73,0.58,20.5,0.59,30.5,0.6,50.5,0.61,15.0,0.01,0.02,2381.597409,1776172671000
1776172672.684,172.684,0.44,145.96,0.43,75.73,0.42,20.5,0.41,30.5,0.4,50.5,0.45,20.0,0.46,43.52,0.47,10.0,0.48,94.0,0.49,282.55,0.56,20.5,0.55,25.0,0.54,43.52,0.53,10.0,0.52,94.0,0.57,246.73,0.58,10.0,0.59,30.5,0.6,50.5,0.61,15.0,0.01,0.01,2381.597409,1776172671000
1776172672.932,172.932,0.44,153.94,0.43,75.73,0.42,20.5,0.41,30.5,0.4,50.5,0.45,5.48,0.46,48.52,0.47,10.0,0.48,94.0,0.49,282.55,0.55,20.0,0.54,43.52,0.53,10.0,0.52,94.0,0.51,282.55,0.56,153.94,0.57,80.73,0.58,20.5,0.59,30.5,0.6,50.5,0.01,0.01,2381.597409,1776172671000
1776172674.265,174.265,0.44,153.94,0.43,75.73,0.42,20.5,0.41,30.5,0.4,50.5,0.45,5.48,0.46,48.52,0.47,10.0,0.48,94.0,0.49,282.55,0.55,5.48,0.54,48.52,0.53,10.0,0.52,94.0,0.51,282.55,0.56,153.94,0.57,75.73,0.58,20.5,0.59,30.5,0.6,50.5,0.01,0.01,2381.598092,1776172673000
1776172675.413,175.413,0.42,10.5,0.41,20.5,0.4,78.5,0.39,20.0,0.38,45.0,0.44,87.5,0.45,64.0,0.46,26.52,0.47,15.0,0.48,15.0,0.56,87.5,0.55,64.0,0.54,26.52,0.53,15.0,0.52,15.0,0.58,10.5,0.59,20.5,0.6,78.5,0.61,20.0,0.62,45.0,0.02,0.02,2381.611942,1776172674000
1776172675.79,175.79,0.35,15.0,0.34,20.0,0.33,40.0,0.32,21.0,0.31,60.0,0.39,95.5,0.4,83.5,0.41,10.0,0.42,10.5,0.43,20.5,0.57,46.5,0.56,35.5,0.55,21.0,0.54,41.52,0.53,15.0,0.61,10.0,0.62,98.0,0.63,10.65,0.64,50.0,0.65,5.0,0.04,0.04,2381.611942,1776172674000
1776172676.062,176.062,0.35,21.24,0.34,35.5,0.33,50.5,0.32,10.0,0.31,65.0,0.37,28.0,0.38,65.5,0.39,63.5,0.4,30.5,0.41,10.0,0.63,17.47,0.62,55.5,0.61,100.5,0.6,30.5,0.59,10.0,0.65,10.74,0.66,35.5,0.67,50.5,0.68,21.0,0.69,65.0,0.02,0.02,2381.612642,1776172675000
1776172676.442,176.442,0.35,4.0,0.34,93.5,0.33,50.5,0.32,10.0,0.31,60.0,0.36,5.0,0.37,33.0,0.38,112.92,0.39,121.5,0.4,30.5,0.63,28.0,0.62,117.92,0.61,63.5,0.6,30.5,0.59,10.0,0.66,35.5,0.67,50.5,0.68,10.0,0.69,60.0,0.7,68.0,0.01,0.03,2381.612642,1776172675000
1776172676.967,176.967,0.35,7.46,0.34,88.5,0.33,50.5,0.32,10.0,0.31,60.0,0.36,12.0,0.37,38.0,0.38,112.92,0.39,121.5,0.4,30.5,0.64,12.0,0.63,38.0,0.62,112.92,0.61,121.5,0.6,30.5,0.65,7.46,0.66,88.5,0.67,50.5,0.68,10.0,0.69,60.0,0.01,0.01,2381.567986,1776172676000
1776172677.22,177.22,0.35,27.96,0.34,93.5,0.33,50.5,0.32,10.0,0.31,60.0,0.36,16.48,0.37,21.0,0.38,53.5,0.39,61.5,0.4,30.5,0.64,12.0,0.63,38.0,0.62,112.92,0.61,121.5,0.6,30.5,0.65,7.46,0.66,88.5,0.67,50.5,0.68,10.0,0.69,60.0,0.01,0.01,2381.567986,1776172676000
1776172677.557,177.557,0.35,18.99,0.34,93.5,0.33,50.5,0.32,10.0,0.31,60.0,0.36,16.48,0.37,21.0,0.38,58.5,0.39,119.5,0.4,30.5,0.64,16.48,0.63,21.0,0.62,58.5,0.61,61.5,0.6,88.5,0.65,25.99,0.66,93.5,0.67,50.5,0.68,10.0,0.69,60.0,0.01,0.01,2381.567986,1776172676000
1776172677.958,177.958,0.35,106.99,0.34,35.5,0.33,50.5,0.32,10.0,0.31,60.0,0.37,21.0,0.38,38.0,0.39,51.0,0.4,20.0,0.41,68.0,0.64,16.48,0.63,21.0,0.62,58.5,0.61,119.5,0.6,30.5,0.65,18.99,0.66,93.5,0.67,50.5,0.68,10.0,0.69,60.0,0.02,0.01,2381.567986,1776172676000
1776172679.184,179.184,0.35,106.99,0.34,35.5,0.33,50.5,0.32,10.0,0.31,60.0,0.37,21.0,0.38,38.0,0.39,51.0,0.4,20.0,0.41,68.0,0.63,21.0,0.62,38.0,0.61,51.0,0.6,20.0,0.59,68.0,0.65,106.99,0.66,35.5,0.67,50.5,0.68,10.0,0.69,60.0,0.02,0.02,2381.324296,1776172678000
1776172680.655,180.655,0.37,85.5,0.36,30.5,0.35,23.99,0.34,40.5,0.33,55.0,0.38,31.0,0.39,35.0,0.4,40.5,0.41,102.0,0.42,25.5,0.63,21.0,0.62,38.0,0.61,51.0,0.6,20.0,0.59,68.0,0.65,106.99,0.66,35.5,0.67,50.5,0.68,10.0,0.69,60.0,0.01,0.02,2381.324296,1776172678000
1776172681.162,181.162,0.45,67.0,0.44,10.0,0.43,10.0,0.42,65.0,0.41,20.0,0.49,232.95,0.5,45.72,0.52,25.0,0.53,6.0,0.54,5.0,0.62,31.0,0.61,35.0,0.6,40.5,0.59,102.0,0.58,25.5,0.63,85.5,0.64,30.5,0.65,23.99,0.66,40.5,0.67,55.0,0.04,0.01,2381.320779,1776172679000
1776172681.366,181.366,0.48,25.0,0.47,15.0,0.46,66.02,0.45,95.0,0.44,10.0,0.49,77.79,0.5,45.72,0.52,20.0,0.53,6.0,0.55,11.11,0.51,185.96,0.5,45.72,0.48,25.0,0.47,6.0,0.46,5.0,0.52,10.0,0.53,15.0,0.54,66.02,0.55,95.0,0.56,10.0,0.01,0.01,2381.320779,1776172679000
1776172681.687,181.687,0.47,5.0,0.46,11.02,0.45,70.0,0.44,10.0,0.43,10.0,0.49,25.55,0.5,60.31,0.51,60.0,0.52,30.0,0.53,36.0,0.5,35.31,0.49,50.0,0.48,20.0,0.47,6.0,0.45,11.11,0.52,2.2,0.53,10.0,0.54,11.02,0.55,60.0,0.56,10.0,0.02,0.02,2381.320779,1776172679000
1776172681.964,181.964,0.5,8.0,0.49,131.59,0.48,26.0,0.47,20.0,0.46,21.02,0.51,5.0,0.52,20.0,0.53,29.0,0.54,26.0,0.55,11.11,0.49,18.89,0.48,20.0,0.47,36.0,0.45,11.11,0.44,50.0,0.52,7.0,0.53,15.0,0.54,21.02,0.55,20.0,0.56,10.0,0.01,0.03,2381.346572,1776172680000
1776172682.191,182.191,0.51,130.0,0.5,13.0,0.49,30.0,0.48,7.0,0.47,10.0,0.52,15.0,0.53,14.0,0.54,10.0,0.55,11.11,0.56,60.0,0.49,5.0,0.48,20.0,0.47,29.0,0.46,26.0,0.45,11.11,0.5,8.0,0.51,131.59,0.52,26.0,0.53,20.0,0.54,21.02,0.01,0.01,2381.346572,1776172680000
1776172682.452,182.452,0.51,15.63,0.5,13.0,0.49,25.0,0.48,7.0,0.47,10.0,0.52,8.41,0.53,14.0,0.54,10.0,0.55,11.11,0.56,60.0,0.48,15.0,0.47,14.0,0.46,10.0,0.45,11.11,0.44,60.0,0.49,20.63,0.5,18.0,0.51,30.0,0.52,16.0,0.53,10.0,0.01,0.01,2381.346572,1776172680000
1776172683.009,183.009,0.51,10.71,0.5,18.0,0.49,25.0,0.48,7.0,0.47,10.0,0.52,17.12,0.53,14.0,0.54,10.0,0.55,11.11,0.56,60.0,0.48,18.41,0.47,14.0,0.46,10.0,0.45,11.11,0.44,60.0,0.49,15.71,0.5,18.0,0.51,25.0,0.52,7.0,0.53,10.0,0.01,0.01,2381.360129,1776172681000
1776172683.5,183.5,0.51,24.71,0.5,18.0,0.49,73.0,0.48,17.0,0.47,20.5,0.52,11.9,0.53,24.0,0.55,11.11,0.56,60.0,0.57,30.0,0.48,25.02,0.47,72.0,0.46,10.0,0.45,11.11,0.44,60.0,0.49,29.71,0.5,18.0,0.51,15.0,0.52,7.0,0.53,10.0,0.01,0.01,2381.468188,1776172682000
1776172683.726,183.726,0.51,24.71,0.5,18.0,0.49,15.0,0.48,17.0,0.47,20.5,0.54,51.7,0.55,11.11,0.56,60.0,0.57,30.0,0.61,130.0,0.48,11.9,0.47,24.0,0.45,11.11,0.44,60.0,0.43,30.0,0.49,24.71,0.5,18.0,0.51,73.0,0.52,17.0,0.53,20.5,0.03,0.01,2381.468188,1776172682000
1776172683.983,183.983,0.49,9.46,0.47,6.0,0.46,6.02,0.45,6.67,0.44,5.0,0.52,17.0,0.53,10.0,0.54,73.7,0.55,21.11,0.56,93.0,0.46,51.7,0.45,11.11,0.44,60.0,0.43,30.0,0.39,130.0,0.49,24.71,0.5,18.0,0.51,15.0,0.52,17.0,0.53,20.5,0.03,0.03,2381.468188,1776172682000
1776172684.357,184.357,0.47,34.1,0.46,16.02,0.45,31.67,0.44,25.0,0.43,21.0,0.48,1.5,0.49,6.0,0.51,123.0,0.52,10.0,0.53,40.0,0.52,1.5,0.51,6.0,0.49,133.0,0.48,10.0,0.47,50.0,0.53,10.0,0.54,16.02,0.55,26.67,0.56,15.0,0.57,10.0,0.01,0.01,2381.468188,1776172682000
1776172684.681,184.681,0.47,39.66,0.46,21.02,0.45,21.67,0.44,25.0,0.43,79.0,0.49,6.0,0.51,118.0,0.52,10.0,0.53,40.0,0.54,15.0,0.52,1.5,0.51,6.0,0.49,118.0,0.48,10.0,0.47,40.0,0.53,29.66,0.54,21.02,0.55,21.67,0.56,25.0,0.57,21.0,0.02,0.01,2381.972806,1776172683000
1776172684.913,184.913,0.49,9.75,0.48,15.0,0.47,20.0,0.46,26.02,0.45,21.67,0.51,125.0,0.53,40.0,0.54,15.0,0.55,21.11,0.56,70.0,0.49,118.0,0.47,40.0,0.46,15.0,0.45,21.11,0.44,70.0,0.5,2.39,0.51,10.0,0.52,15.0,0.53,25.0,0.54,26.02,0.02,0.01,2381.972806,1776172683000
1776172685.224,185.224,0.47,15.0,0.46,16.02,0.45,16.67,0.44,20.0,0.43,21.0,0.48,9.0,0.49,10.0,0.5,89.92,0.51,69.0,0.52,40.0,0.52,9.0,0.51,10.0,0.5,89.92,0.49,69.0,0.48,40.0,0.53,15.0,0.54,16.02,0.55,16.67,0.56,20.0,0.57,21.0,0.01,0.01,2381.967804,1776172684000
1776172685.715,185.715,0.46,13.41,0.45,16.67,0.44,20.0,0.43,21.0,0.42,72.0,0.48,41.4,0.49,36.5,0.5,81.42,0.51,80.5,0.52,60.5,0.52,28.5,0.51,16.0,0.5,80.92,0.49,60.0,0.48,50.5,0.53,5.0,0.54,16.02,0.55,16.67,0.56,20.0,0.57,21.0,0.02,0.01,2381.967804,1776172684000
1776172686.172,186.172,0.47,20.0,0.46,18.41,0.45,10.0,0.44,78.0,0.43,21.0,0.48,25.58,0.49,84.5,0.5,81.42,0.51,80.5,0.52,60.5,0.52,37.54,0.51,36.5,0.5,81.42,0.49,80.5,0.48,60.5,0.53,10.0,0.54,13.41,0.55,16.67,0.56,20.0,0.57,21.0,0.01,0.01,2381.967804,1776172684000
