timestamp,elapsed_sec,up_bid_p1,up_bid_s1,up_bid_p2,up_bid_s2,up_ask_p1,up_ask_s1,up_ask_p2,up_ask_s2,down_bid_p1,down_bid_s1,down_bid_p2,down_bid_s2,down_ask_p1,down_ask_s1,down_ask_p2,down_ask_s2,up_spread,down_spread,eth_price,eth_oracle_ts
1776201911.299,11.299,0.71,22.18,0.7,10.0,0.72,22.61,0.73,88.56,0.28,22.33,0.27,33.0,0.29,22.18,0.3,10.0,0.01,0.01,2318.899825,1776201481000
1776201911.819,11.819,0.71,27.18,0.7,15.0,0.72,15.0,0.73,38.5,0.28,22.33,0.27,33.0,0.29,22.18,0.3,10.0,0.01,0.01,2318.899825,1776201481000
1776201912.393,12.393,0.71,12.62,0.7,15.0,0.72,15.0,0.73,38.5,0.28,15.0,0.27,38.5,0.29,27.18,0.3,15.0,0.01,0.01,2318.899825,1776201481000
1776201913.08,13.08,0.7,4.66,0.69,174.46,0.72,10.0,0.73,28.5,0.28,5.0,0.27,43.5,0.29,20.0,0.3,25.5,0.02,0.01,2318.899825,1776201481000
1776201913.646,13.646,0.72,10.0,0.71,15.0,0.73,43.5,0.74,33.41,0.28,10.0,0.27,28.5,0.3,4.66,0.31,174.46,0.01,0.02,2318.899825,1776201481000
1776201914.082,14.082,0.71,15.0,0.7,10.0,0.73,53.36,0.74,28.41,0.28,5.0,0.27,43.5,0.31,184.96,0.32,95.0,0.02,0.03,2318.899825,1776201481000
1776201914.709,14.709,0.7,10.0,0.69,184.96,0.72,12.81,0.73,40.5,0.27,53.36,0.26,28.41,0.29,15.0,0.3,10.0,0.02,0.02,2318.899825,1776201481000
1776201914.975,14.975,0.72,10.5,0.71,96.5,0.73,20.0,0.75,10.27,0.27,20.0,0.25,10.27,0.29,88.5,0.3,122.86,0.01,0.02,2318.899825,1776201481000
1776201915.335,15.335,0.87,23.0,0.86,120.36,0.88,64.0,0.89,21.5,0.12,60.0,0.11,11.0,0.15,43.3,0.17,6.02,0.01,0.03,2318.899825,1776201481000
1776201915.703,15.703,0.87,5.0,0.86,70.36,0.88,73.36,0.89,21.5,0.12,73.36,0.11,21.5,0.13,5.0,0.14,70.36,0.01,0.01,2318.899825,1776201481000
1776201915.92,15.92,0.87,23.0,0.86,45.36,0.88,45.18,0.89,80.59,0.12,47.18,0.11,80.59,0.13,23.0,0.14,45.36,0.01,0.01,2318.899825,1776201481000
1776201916.438,16.438,0.88,8.0,0.87,15.13,0.89,115.59,0.9,76.0,0.11,80.59,0.1,146.0,0.13,18.13,0.14,50.36,0.01,0.02,2318.899825,1776201481000
1776201917.485,17.485,0.87,29.13,0.86,65.36,0.88,24.1,0.89,182.5,0.12,0.1,0.11,90.59,0.13,15.13,0.14,70.36,0.01,0.01,2318.899825,1776201481000
1776201917.714,17.714,0.87,53.49,0.86,50.5,0.88,114.11,0.89,182.5,0.12,117.07,0.11,182.5,0.13,53.49,0.14,50.5,0.01,0.01,2318.899825,1776201481000
1776201918.466,18.466,0.87,107.48,0.86,58.5,0.88,32.81,0.89,46.5,0.12,5.4,0.11,82.5,0.13,119.85,0.14,58.5,0.01,0.01,2318.899825,1776201481000
1776201918.729,18.729,0.87,64.04,0.85,43.3,0.88,81.31,0.89,76.5,0.12,33.31,0.11,56.5,0.13,107.48,0.14,38.0,0.01,0.01,2318.899825,1776201481000
1776201918.93,18.93,0.8,15.0,0.79,23.0,0.84,102.56,0.85,119.73,0.14,35.0,0.13,35.0,0.18,8.78,0.19,25.0,0.04,0.04,2318.899825,1776201481000
1776201919.302,19.302,0.8,15.0,0.79,33.5,0.81,30.89,0.82,57.11,0.18,20.5,0.17,72.44,0.21,33.5,0.22,10.0,0.01,0.03,2318.899825,1776201481000
1776201920.004,20.004,0.77,52.45,0.76,10.0,0.81,79.2,0.82,74.11,0.19,30.89,0.18,57.11,0.21,23.5,0.22,10.0,0.04,0.02,2318.899825,1776201481000
1776201920.361,20.361,0.79,5.0,0.78,30.5,0.8,76.67,0.81,99.7,0.19,79.2,0.18,74.11,0.23,52.45,0.24,10.0,0.01,0.04,2318.899825,1776201481000
1776201920.968,20.968,0.77,17.45,0.76,18.0,0.8,69.12,0.81,93.81,0.2,74.12,0.19,99.7,0.21,5.0,0.22,30.5,0.03,0.01,2318.899825,1776201481000
1776201921.173,21.173,0.77,6.47,0.76,97.58,0.78,30.0,0.79,42.0,0.22,30.0,0.21,42.0,0.23,7.45,0.24,97.58,0.01,0.01,2318.899825,1776201481000
1776201921.459,21.459,0.72,10.0,0.71,10.0,0.73,9.04,0.74,15.0,0.26,14.23,0.25,20.0,0.28,5.0,0.29,10.0,0.01,0.02,2318.899825,1776201481000
1776201922.216,22.216,0.72,20.0,0.71,10.0,0.73,32.94,0.74,40.0,0.27,9.04,0.26,15.0,0.28,10.0,0.29,10.0,0.01,0.01,2318.899825,1776201481000
1776201922.654,22.654,0.72,20.0,0.69,27.0,0.73,53.0,0.74,110.0,0.27,32.94,0.26,40.0,0.28,20.0,0.29,10.0,0.01,0.01,2318.899825,1776201481000
1776201922.878,22.878,0.68,26.0,0.67,38.0,0.73,102.5,0.74,120.5,0.27,53.0,0.26,110.0,0.28,20.0,0.31,27.0,0.05,0.01,2318.899825,1776201481000
1776201923.321,23.321,0.7,9.83,0.68,30.5,0.71,149.19,0.72,132.5,0.29,154.19,0.28,132.5,0.3,5.0,0.32,36.5,0.01,0.01,2318.899825,1776201481000
1776201923.813,23.813,0.7,9.83,0.68,30.5,0.71,135.04,0.72,132.5,0.29,149.04,0.28,132.5,0.3,9.83,0.32,30.5,0.01,0.01,2318.899825,1776201481000
1776201924.074,24.074,0.69,5.0,0.68,30.5,0.7,91.85,0.71,135.04,0.29,135.04,0.28,132.5,0.3,9.83,0.32,30.5,0.01,0.01,2318.899825,1776201481000
1776201924.683,24.683,0.69,45.41,0.68,45.5,0.7,102.55,0.71,135.04,0.3,91.85,0.29,135.04,0.31,5.0,0.32,30.5,0.01,0.01,2318.899825,1776201481000
1776201925.373,25.373,0.69,45.41,0.68,45.5,0.7,100.01,0.71,145.54,0.3,101.44,0.29,135.04,0.31,45.41,0.32,45.5,0.01,0.01,2318.899825,1776201481000
1776201925.656,25.656,0.69,45.41,0.68,45.5,0.7,90.01,0.71,145.54,0.3,100.01,0.29,145.54,0.31,45.41,0.32,45.5,0.01,0.01,2318.899825,1776201481000
1776201926.016,26.016,0.69,65.56,0.68,45.5,0.7,85.01,0.71,145.54,0.3,90.01,0.29,145.54,0.31,45.41,0.32,45.5,0.01,0.01,2318.899825,1776201481000
1776201927.36,27.36,0.69,55.56,0.68,25.0,0.7,93.98,0.71,160.04,0.3,83.48,0.29,145.54,0.31,65.56,0.32,45.5,0.01,0.01,2318.899825,1776201481000
1776201927.671,27.671,0.69,46.57,0.68,25.0,0.7,83.98,0.71,160.04,0.3,88.98,0.29,160.04,0.31,45.56,0.32,25.0,0.01,0.01,2318.899825,1776201481000
1776201928.157,28.157,0.69,16.57,0.68,25.0,0.7,78.98,0.71,160.04,0.3,78.98,0.29,160.04,0.31,46.57,0.32,25.0,0.01,0.01,2318.899825,1776201481000
1776201928.53,28.53,0.69,16.57,0.68,35.0,0.7,42.26,0.71,166.5,0.3,78.98,0.29,160.04,0.31,16.57,0.32,25.0,0.01,0.01,2318.899825,1776201481000
1776201928.819,28.819,0.69,49.57,0.68,35.0,0.7,74.26,0.71,166.5,0.3,42.26,0.29,166.5,0.31,16.57,0.32,35.0,0.01,0.01,2318.899825,1776201481000
1776201929.232,29.232,0.69,49.57,0.68,25.0,0.7,79.76,0.71,171.5,0.3,74.26,0.29,166.5,0.31,49.57,0.32,35.0,0.01,0.01,2318.899825,1776201481000
1776201929.459,29.459,0.65,10.0,0.64,10.0,0.66,26.69,0.67,80.0,0.3,79.76,0.29,171.5,0.31,49.57,0.32,25.0,0.01,0.01,2318.899825,1776201481000
1776201929.665,29.665,0.6,172.01,0.59,22.0,0.62,22.0,0.63,10.0,0.38,17.0,0.37,10.0,0.4,172.11,0.41,22.0,0.02,0.02,2318.899825,1776201481000
1776201929.959,29.959,0.6,170.89,0.59,10.0,0.61,54.5,0.62,37.5,0.38,22.0,0.37,10.0,0.4,172.01,0.41,22.0,0.01,0.02,2318.899825,1776201481000
1776201930.863,30.863,0.6,182.89,0.59,58.13,0.61,75.41,0.62,53.5,0.39,49.41,0.38,37.5,0.4,170.89,0.41,10.0,0.01,0.01,2318.899825,1776201481000
1776201931.135,31.135,0.6,182.89,0.59,58.13,0.61,75.41,0.62,53.5,0.39,75.41,0.38,53.5,0.4,182.89,0.41,58.13,0.01,0.01,2318.899825,1776201481000
1776201931.569,31.569,0.6,122.89,0.55,23.0,0.61,49.41,0.62,86.5,0.39,75.41,0.38,53.5,0.4,182.89,0.41,58.13,0.01,0.01,2318.899825,1776201481000
1776201932.235,32.235,0.55,68.13,0.53,100.0,0.56,4.59,0.57,15.0,0.39,49.41,0.38,86.5,0.45,23.0,0.47,100.0,0.01,0.06,2318.899825,1776201481000
1776201932.665,32.665,0.55,28.0,0.53,100.0,0.56,21.45,0.57,15.0,0.44,4.59,0.43,15.0,0.45,68.13,0.47,100.0,0.01,0.01,2318.899825,1776201481000
1776201933.14,33.14,0.53,65.13,0.52,110.0,0.54,36.4,0.55,25.5,0.44,21.45,0.43,15.0,0.45,28.0,0.47,100.0,0.01,0.01,2318.899825,1776201481000
1776201933.514,33.514,0.53,164.5,0.52,138.5,0.58,10.5,0.59,70.0,0.46,26.4,0.45,25.5,0.47,65.13,0.48,110.0,0.05,0.01,2318.899825,1776201481000
1776201933.748,33.748,0.61,203.99,0.6,18.0,0.62,10.0,0.63,10.0,0.41,70.0,0.39,97.41,0.44,18.43,0.45,10.0,0.01,0.03,2318.899825,1776201481000
1776201934.24,34.24,0.62,172.0,0.61,155.72,0.64,25.0,0.65,5.0,0.37,6.9,0.36,25.0,0.38,23.0,0.39,155.72,0.02,0.01,2318.899825,1776201481000
1776201935.512,35.512,0.63,109.13,0.62,90.0,0.64,39.5,0.65,20.5,0.36,14.0,0.35,15.5,0.38,97.0,0.39,155.72,0.01,0.02,2318.899825,1776201481000
1776201935.867,35.867,0.63,134.13,0.62,85.5,0.64,32.06,0.65,5.0,0.36,39.5,0.35,20.5,0.37,109.13,0.38,90.0,0.01,0.01,2318.899825,1776201481000
1776201936.098,36.098,0.64,155.13,0.63,62.63,0.65,5.0,0.67,70.0,0.35,5.0,0.33,70.0,0.37,134.13,0.38,85.5,0.01,0.02,2318.899825,1776201481000
1776201936.62,36.62,0.67,83.0,0.66,10.0,0.68,99.05,0.69,30.0,0.32,85.03,0.31,25.0,0.36,150.13,0.37,62.63,0.01,0.04,2318.899825,1776201481000
1776201937.066,37.066,0.67,93.89,0.66,94.69,0.68,95.4,0.69,30.0,0.32,89.4,0.31,30.0,0.33,83.0,0.34,10.0,0.01,0.01,2318.899825,1776201481000
1776201937.526,37.526,0.67,90.85,0.66,105.19,0.68,76.08,0.69,40.5,0.32,86.58,0.31,30.0,0.33,93.89,0.34,94.69,0.01,0.01,2318.899825,1776201481000
1776201937.746,37.746,0.67,122.35,0.66,105.19,0.7,37.76,0.71,25.0,0.32,76.08,0.31,40.5,0.33,90.85,0.34,105.19,0.03,0.01,2318.899825,1776201481000
1776201938.674,38.674,0.69,116.0,0.68,19.13,0.7,35.76,0.71,25.0,0.3,35.76,0.29,25.0,0.33,122.35,0.34,105.19,0.01,0.03,2318.899825,1776201481000
1776201939.28,39.28,0.69,101.5,0.68,19.13,0.7,16.2,0.71,20.0,0.3,35.76,0.29,25.0,0.31,116.0,0.32,19.13,0.01,0.01,2318.899825,1776201481000
1776201939.861,39.861,0.69,101.5,0.68,19.13,0.7,11.2,0.71,20.0,0.3,16.2,0.29,20.0,0.31,101.5,0.32,19.13,0.01,0.01,2318.899825,1776201481000
1776201940.685,40.685,0.69,101.5,0.68,19.13,0.7,1.2,0.71,30.0,0.3,11.2,0.29,20.0,0.31,101.5,0.32,19.13,0.01,0.01,2318.899825,1776201481000
1776201941.897,41.897,0.69,98.27,0.68,105.64,0.7,1.2,0.71,30.0,0.3,1.2,0.29,30.0,0.31,101.5,0.32,19.13,0.01,0.01,2318.899825,1776201481000
1776201942.343,42.343,0.69,98.27,0.68,105.64,0.71,17.12,0.72,115.66,0.3,1.2,0.29,30.0,0.31,98.27,0.32,105.64,0.02,0.01,2318.899825,1776201481000
1776201942.684,42.684,0.7,101.0,0.69,49.27,0.71,15.62,0.72,110.66,0.29,17.12,0.28,115.66,0.31,98.27,0.32,105.64,0.01,0.02,2318.899825,1776201481000
1776201943.297,43.297,0.7,96.0,0.69,49.27,0.71,13.94,0.72,120.66,0.29,15.62,0.28,110.66,0.3,101.0,0.31,49.27,0.01,0.01,2318.899825,1776201481000
1776201943.813,43.813,0.7,130.44,0.69,49.27,0.71,5.5,0.72,120.66,0.29,10.5,0.28,120.66,0.3,81.0,0.31,49.27,0.01,0.01,2318.899825,1776201481000
1776201944.166,44.166,0.7,120.44,0.69,49.27,0.71,5.5,0.72,115.66,0.29,5.5,0.28,120.66,0.3,130.44,0.31,49.27,0.01,0.01,2318.899825,1776201481000
1776201944.82,44.82,0.7,135.44,0.69,49.27,0.71,5.5,0.72,115.66,0.29,5.5,0.28,115.66,0.3,120.44,0.31,49.27,0.01,0.01,2318.899825,1776201481000
1776201945.255,45.255,0.7,130.44,0.69,54.27,0.71,5.5,0.72,120.66,0.29,5.5,0.28,115.66,0.3,135.44,0.31,49.27,0.01,0.01,2318.899825,1776201481000
1776201946.679,46.679,0.7,152.44,0.69,54.27,0.71,3.59,0.72,95.66,0.29,5.5,0.28,120.66,0.3,130.44,0.31,54.27,0.01,0.01,2318.899825,1776201481000
1776201949.512,49.512,0.7,53.0,0.69,60.13,0.71,2.18,0.72,100.66,0.29,3.59,0.28,95.66,0.3,152.44,0.31,54.27,0.01,0.01,2318.899825,1776201481000
1776201951.193,51.193,0.7,53.0,0.69,60.13,0.71,0.18,0.72,100.66,0.29,2.18,0.28,100.66,0.3,53.0,0.31,60.13,0.01,0.01,2318.899825,1776201481000
1776201953.447,53.447,0.7,73.0,0.69,56.63,0.71,2.18,0.72,100.66,0.29,0.18,0.28,100.66,0.3,53.0,0.31,60.13,0.01,0.01,2318.899825,1776201481000
1776201956.492,56.492,0.7,73.0,0.69,42.36,0.71,5.77,0.72,95.66,0.29,2.18,0.28,100.66,0.3,73.0,0.31,56.63,0.01,0.01,2318.899825,1776201481000
1776201960.389,60.389,0.7,34.0,0.69,38.0,0.72,66.14,0.73,35.0,0.29,5.77,0.28,95.66,0.3,73.0,0.31,42.36,0.02,0.01,2318.899825,1776201481000
1776201961.605,61.605,0.71,36.82,0.7,17.0,0.72,81.64,0.73,40.0,0.28,66.14,0.27,35.0,0.3,34.0,0.31,38.0,0.01,0.02,2318.899825,1776201481000
1776201961.876,61.876,0.71,26.82,0.7,42.08,0.72,86.64,0.73,40.0,0.28,81.64,0.27,40.0,0.29,36.82,0.3,17.0,0.01,0.01,2318.899825,1776201481000
1776201962.096,62.096,0.71,26.82,0.7,42.08,0.72,74.08,0.73,40.0,0.28,85.08,0.27,40.0,0.29,26.82,0.3,42.08,0.01,0.01,2318.899825,1776201481000
1776201962.529,62.529,0.71,26.82,0.7,42.08,0.72,59.08,0.73,40.0,0.28,74.08,0.27,40.0,0.29,26.82,0.3,42.08,0.01,0.01,2318.899825,1776201481000
1776201963.185,63.185,0.71,77.0,0.7,45.57,0.72,49.08,0.73,40.0,0.28,59.08,0.27,40.0,0.29,77.0,0.3,45.57,0.01,0.01,2318.899825,1776201481000
1776201964.613,64.613,0.71,77.0,0.7,45.57,0.72,34.08,0.73,50.0,0.28,49.08,0.27,40.0,0.29,77.0,0.3,45.57,0.01,0.01,2318.899825,1776201481000
1776201966.057,66.057,0.71,77.0,0.7,56.07,0.72,22.69,0.73,60.0,0.28,32.69,0.27,50.0,0.29,77.0,0.3,45.57,0.01,0.01,2318.899825,1776201481000
1776201967.256,67.256,0.71,77.0,0.7,56.07,0.72,12.69,0.73,50.0,0.28,22.69,0.27,60.0,0.29,77.0,0.3,56.07,0.01,0.01,2318.899825,1776201481000
1776201968.841,68.841,0.71,91.23,0.7,56.07,0.72,7.69,0.73,40.0,0.28,12.69,0.27,50.0,0.29,77.0,0.3,56.07,0.01,0.01,2318.899825,1776201481000
1776201969.154,69.154,0.72,87.63,0.71,173.73,0.76,10.0,0.78,5.0,0.28,7.69,0.27,40.0,0.29,91.23,0.3,56.07,0.04,0.01,2318.899825,1776201481000
1776201969.41,69.41,0.77,233.49,0.76,157.0,0.78,3.59,0.83,25.0,0.22,20.0,0.2,39.9,0.23,84.0,0.24,91.57,0.01,0.01,2318.899825,1776201481000
1776201969.65,69.65,0.85,35.0,0.84,18.0,0.87,67.0,0.88,74.1,0.14,32.0,0.13,106.0,0.15,10.0,0.17,10.0,0.02,0.01,2318.899825,1776201481000
1776201969.881,69.881,0.85,0.66,0.84,18.0,0.87,150.26,0.88,79.1,0.13,67.0,0.12,74.1,0.15,35.0,0.16,18.0,0.02,0.02,2318.899825,1776201481000
1776201970.181,70.181,0.85,15.66,0.84,28.0,0.86,14.27,0.87,137.26,0.14,19.33,0.13,137.26,0.15,15.66,0.16,23.0,0.01,0.01,2318.899825,1776201481000
1776201970.857,70.857,0.85,2.32,0.84,28.0,0.86,29.94,0.87,100.26,0.14,29.94,0.13,137.26,0.15,15.66,0.16,28.0,0.01,0.01,2318.899825,1776201481000
1776201971.085,71.085,0.85,2.32,0.84,28.0,0.86,37.94,0.87,100.26,0.14,29.94,0.13,100.26,0.15,2.32,0.16,28.0,0.01,0.01,2318.899825,1776201481000
1776201971.5,71.5,0.85,7.32,0.84,28.0,0.86,38.26,0.87,100.26,0.14,39.44,0.13,100.26,0.15,2.32,0.16,28.0,0.01,0.01,2318.899825,1776201481000
1776201972.077,72.077,0.84,173.01,0.83,47.0,0.85,15.5,0.86,33.26,0.14,33.26,0.13,100.26,0.16,25.32,0.17,42.0,0.01,0.02,2318.899825,1776201481000
1776201972.655,72.655,0.84,183.01,0.83,41.0,0.85,7.74,0.86,33.26,0.15,15.5,0.14,33.26,0.16,173.01,0.17,47.0,0.01,0.01,2318.899825,1776201481000
1776201972.929,72.929,0.84,181.9,0.83,41.0,0.85,10.5,0.86,33.26,0.15,3.68,0.14,33.26,0.16,181.9,0.17,41.0,0.01,0.01,2318.899825,1776201481000
1776201973.491,73.491,0.85,54.13,0.84,122.9,0.86,33.26,0.87,93.26,0.15,10.5,0.14,33.26,0.16,181.9,0.17,41.0,0.01,0.01,2318.899825,1776201481000
1776201974.552,74.552,0.85,49.13,0.84,152.31,0.86,22.49,0.87,93.26,0.14,27.49,0.13,93.26,0.15,54.13,0.16,141.31,0.01,0.01,2318.899825,1776201481000
1776201975.197,75.197,0.85,49.13,0.84,157.31,0.86,23.49,0.87,33.26,0.14,22.49,0.13,93.26,0.15,49.13,0.16,152.31,0.01,0.01,2318.899825,1776201481000
1776201975.941,75.941,0.85,104.03,0.84,64.99,0.86,23.49,0.87,43.26,0.14,23.49,0.13,33.26,0.15,49.13,0.16,157.31,0.01,0.01,2318.899825,1776201481000
1776201976.336,76.336,0.85,114.36,0.84,64.99,0.86,27.64,0.87,43.26,0.14,23.49,0.13,43.26,0.15,97.36,0.16,64.99,0.01,0.01,2318.899825,1776201481000
1776201976.631,76.631,0.85,114.36,0.84,64.99,0.86,7.14,0.87,43.26,0.14,27.64,0.13,43.26,0.15,114.36,0.16,64.99,0.01,0.01,2318.899825,1776201481000
1776201978.06,78.06,0.85,89.32,0.84,64.99,0.86,2.14,0.87,53.26,0.14,7.14,0.13,43.26,0.15,114.36,0.16,64.99,0.01,0.01,2318.899825,1776201481000
1776201982.286,82.286,0.86,79.0,0.85,75.32,0.87,48.26,0.88,25.0,0.14,2.14,0.13,53.26,0.15,89.32,0.16,64.99,0.01,0.01,2318.899825,1776201481000
1776201983.601,83.601,0.86,79.0,0.85,75.32,0.87,16.76,0.88,35.5,0.13,48.26,0.12,25.0,0.14,79.0,0.15,75.32,0.01,0.01,2318.899825,1776201481000
1776201984.298,84.298,0.86,243.0,0.85,183.09,0.88,30.0,0.89,15.0,0.13,16.76,0.12,35.5,0.14,69.0,0.15,75.32,0.02,0.01,2318.899825,1776201481000
1776201984.564,84.564,0.88,243.0,0.87,187.72,0.9,15.88,0.91,10.0,0.11,9.88,0.1,16.0,0.12,24.0,0.13,236.72,0.02,0.01,2318.899825,1776201481000
1776201985.397,85.397,0.9,124.0,0.89,98.0,0.91,24.02,0.92,63.9,0.09,15.0,0.08,111.9,0.11,154.72,0.12,228.0,0.01,0.02,2318.899825,1776201481000
1776201985.664,85.664,0.9,138.0,0.89,103.72,0.91,24.5,0.92,68.9,0.09,24.02,0.08,63.9,0.1,110.0,0.11,98.0,0.01,0.01,2318.899825,1776201481000
1776201986.112,86.112,0.9,15.0,0.89,5.72,0.91,186.22,0.92,100.9,0.09,24.5,0.08,68.9,0.1,138.0,0.11,103.72,0.01,0.01,2318.899825,1776201481000
1776201986.59,86.59,0.88,46.66,0.87,20.0,0.89,49.28,0.9,25.5,0.11,15.28,0.09,191.22,0.12,11.72,0.13,15.0,0.01,0.01,2318.899825,1776201481000
1776201986.862,86.862,0.88,46.66,0.87,20.0,0.89,39.28,0.9,25.5,0.11,49.28,0.1,25.5,0.12,46.66,0.13,20.0,0.01,0.01,2318.899825,1776201481000
1776201988.996,88.996,0.88,39.16,0.87,20.0,0.89,31.17,0.9,35.5,0.11,41.17,0.1,25.5,0.12,51.66,0.13,20.0,0.01,0.01,2318.899825,1776201481000
1776201989.234,89.234,0.88,26.66,0.87,20.0,0.89,19.48,0.9,35.5,0.11,29.48,0.1,35.5,0.12,26.66,0.13,20.0,0.01,0.01,2318.899825,1776201481000
1776201989.71,89.71,0.88,20.0,0.87,20.0,0.89,14.48,0.9,35.5,0.11,19.48,0.1,35.5,0.12,26.66,0.13,20.0,0.01,0.01,2318.899825,1776201481000
1776201991.058,91.058,0.89,45.0,0.88,52.73,0.9,10.0,0.91,134.22,0.11,14.48,0.1,35.5,0.12,20.0,0.13,20.0,0.01,0.01,2318.899825,1776201481000
1776201991.911,91.911,0.89,55.0,0.88,52.73,0.91,143.12,0.92,160.9,0.1,10.0,0.09,134.22,0.11,45.0,0.12,52.73,0.02,0.01,2318.899825,1776201481000
1776201992.261,92.261,0.89,47.81,0.88,52.73,0.9,4.88,0.91,133.12,0.1,5.0,0.09,143.12,0.11,47.81,0.12,52.73,0.01,0.01,2318.899825,1776201481000
1776201993.307,93.307,0.89,48.81,0.88,52.73,0.91,99.12,0.92,204.9,0.1,4.88,0.09,133.12,0.11,47.81,0.12,52.73,0.02,0.01,2318.899825,1776201481000
1776201994.221,94.221,0.88,22.73,0.86,10.0,0.9,202.5,0.91,181.12,0.09,99.12,0.08,204.9,0.11,48.81,0.12,52.73,0.02,0.02,2318.899825,1776201481000
1776201994.882,94.882,0.86,40.0,0.85,38.79,0.87,10.0,0.88,90.5,0.11,192.27,0.1,102.5,0.14,10.0,0.15,33.79,0.01,0.03,2318.899825,1776201481000
1776201996.013,96.013,0.86,15.0,0.85,23.79,0.87,70.5,0.88,91.6,0.13,10.0,0.12,90.5,0.14,40.0,0.15,38.79,0.01,0.01,2318.899825,1776201481000
1776201996.964,96.964,0.86,4.28,0.85,23.79,0.87,29.0,0.88,118.6,0.13,70.0,0.12,96.6,0.14,15.0,0.15,23.79,0.01,0.01,2318.899825,1776201481000
1776201997.625,97.625,0.86,14.28,0.85,23.79,0.87,7.0,0.88,128.6,0.13,29.0,0.12,118.6,0.14,4.28,0.15,23.79,0.01,0.01,2318.899825,1776201481000
1776201999.259,99.259,0.86,14.28,0.85,28.79,0.87,34.0,0.88,94.5,0.13,7.0,0.12,128.6,0.14,14.28,0.15,23.79,0.01,0.01,2318.899825,1776201481000
1776201999.579,99.579,0.86,14.28,0.85,33.79,0.88,104.0,0.89,142.79,0.13,34.0,0.12,94.5,0.14,14.28,0.15,28.79,0.02,0.01,2318.899825,1776201481000
1776202001.261,101.261,0.87,10.0,0.86,12.98,0.88,105.5,0.89,153.29,0.12,109.0,0.11,142.79,0.14,12.98,0.15,33.79,0.01,0.02,2318.899825,1776201481000
1776202002.142,102.142,0.87,10.0,0.86,17.98,0.88,112.0,0.89,155.29,0.12,105.5,0.11,153.29,0.13,10.0,0.14,12.98,0.01,0.01,2318.899825,1776201481000
1776202002.448,102.448,0.86,15.0,0.85,133.79,0.87,27.0,0.88,69.5,0.12,117.0,0.11,155.29,0.14,6.98,0.15,133.79,0.01,0.02,2318.899825,1776201481000
1776202002.775,102.775,0.86,15.0,0.85,133.79,0.87,12.0,0.88,69.5,0.13,27.0,0.12,69.5,0.14,15.0,0.15,133.79,0.01,0.01,2318.899825,1776201481000
1776202003.112,103.112,0.86,15.0,0.85,133.79,0.87,12.0,0.88,74.5,0.13,12.0,0.12,69.5,0.14,15.0,0.15,133.79,0.01,0.01,2318.899825,1776201481000
1776202003.418,103.418,0.86,15.0,0.85,133.79,0.87,7.0,0.88,74.5,0.13,12.0,0.12,74.5,0.14,15.0,0.15,133.79,0.01,0.01,2318.899825,1776201481000
1776202003.738,103.738,0.86,22.0,0.85,133.79,0.87,2.0,0.88,64.0,0.13,7.0,0.12,74.5,0.14,15.0,0.15,133.79,0.01,0.01,2318.899825,1776201481000
1776202004.108,104.108,0.85,3.79,0.84,5.0,0.86,126.0,0.87,34.5,0.13,2.0,0.12,64.0,0.14,22.0,0.15,133.79,0.01,0.01,2318.899825,1776201481000
1776202004.513,104.513,0.83,2.87,0.82,20.0,0.84,152.0,0.85,198.71,0.15,21.0,0.14,109.0,0.17,2.87,0.18,30.0,0.01,0.02,2318.899825,1776201481000
1776202004.741,104.741,0.82,25.0,0.81,35.5,0.83,49.95,0.84,130.0,0.17,37.44,0.16,130.0,0.18,25.0,0.19,35.5,0.01,0.01,2318.899825,1776201481000
1776202006.3,106.3,0.82,20.0,0.81,35.5,0.83,75.98,0.84,102.0,0.17,49.95,0.16,130.0,0.18,25.0,0.19,35.5,0.01,0.01,2318.899825,1776201481000
1776202006.817,106.817,0.82,20.0,0.81,25.5,0.83,70.98,0.84,102.0,0.17,75.98,0.16,102.0,0.18,20.0,0.19,35.5,0.01,0.01,2318.899825,1776201481000
1776202007.653,107.653,0.82,128.82,0.81,143.5,0.83,64.68,0.84,22.0,0.17,65.98,0.16,102.0,0.18,3.32,0.19,25.5,0.01,0.01,2318.899825,1776201481000
1776202007.883,107.883,0.85,10.0,0.84,52.5,0.87,2.0,0.88,64.58,0.13,5.0,0.12,64.58,0.15,5.0,0.16,14.0,0.02,0.02,2318.899825,1776201481000
1776202008.651,108.651,0.87,25.0,0.86,31.0,0.88,77.99,0.89,92.29,0.12,64.58,0.11,128.29,0.13,20.0,0.14,21.0,0.01,0.01,2318.899825,1776201481000
1776202008.865,108.865,0.87,13.0,0.86,31.0,0.88,82.99,0.89,92.29,0.12,77.99,0.11,92.29,0.13,25.0,0.14,31.0,0.01,0.01,2318.899825,1776201481000
1776202009.304,109.304,0.87,3.0,0.86,31.0,0.88,82.99,0.89,92.29,0.12,82.99,0.11,92.29,0.13,13.0,0.14,31.0,0.01,0.01,2318.899825,1776201481000
1776202009.682,109.682,0.87,3.0,0.86,31.0,0.88,75.09,0.89,92.29,0.12,82.99,0.11,92.29,0.13,3.0,0.14,31.0,0.01,0.01,2318.899825,1776201481000
1776202010.247,110.247,0.87,3.0,0.86,41.0,0.88,73.34,0.89,92.29,0.12,75.09,0.11,92.29,0.13,3.0,0.14,31.0,0.01,0.01,2318.899825,1776201481000
1776202010.644,110.644,0.87,0.71,0.86,41.0,0.88,73.34,0.89,92.29,0.12,68.34,0.11,92.29,0.13,3.0,0.14,41.0,0.01,0.01,2318.899825,1776201481000
1776202011.481,111.481,0.86,34.51,0.85,35.5,0.88,67.86,0.89,92.29,0.12,73.34,0.11,92.29,0.13,0.71,0.14,41.0,0.02,0.01,2318.899825,1776201481000
1776202012.278,112.278,0.85,5.7,0.84,46.5,0.88,67.86,0.89,81.79,0.12,67.86,0.11,92.29,0.14,34.51,0.15,35.5,0.03,0.02,2318.899825,1776201481000
1776202013.798,113.798,0.86,15.0,0.85,15.7,0.87,23.85,0.88,57.86,0.12,67.86,0.11,81.79,0.15,5.7,0.16,46.5,0.01,0.03,2318.899825,1776201481000
1776202014.047,114.047,0.86,5.0,0.85,15.7,0.87,15.52,0.88,57.86,0.13,23.85,0.12,57.86,0.14,15.0,0.15,15.7,0.01,0.01,2318.899825,1776201481000
1776202015.767,115.767,0.86,5.0,0.85,20.7,0.87,26.96,0.88,28.41,0.13,2.19,0.12,57.86,0.14,5.0,0.15,15.7,0.01,0.01,2318.899825,1776201481000
1776202017.44,117.44,0.86,5.0,0.85,20.7,0.87,44.96,0.88,28.41,0.13,26.96,0.12,28.41,0.14,5.0,0.15,20.7,0.01,0.01,2318.899825,1776201481000
1776202019.037,119.037,0.86,97.5,0.85,20.7,0.87,24.96,0.88,28.41,0.13,44.96,0.12,28.41,0.14,5.0,0.15,20.7,0.01,0.01,2318.899825,1776201481000
1776202020.67,120.67,0.87,165.49,0.86,78.49,0.9,30.0,0.91,53.0,0.13,24.96,0.12,28.41,0.14,97.5,0.15,20.7,0.03,0.01,2318.899825,1776201481000
1776202021.468,121.468,0.89,123.29,0.88,36.5,0.9,10.0,0.91,49.88,0.09,49.88,0.08,125.9,0.12,20.5,0.13,170.49,0.01,0.03,2318.899825,1776201481000
1776202021.701,121.701,0.89,127.18,0.88,36.5,0.9,10.0,0.91,49.88,0.1,10.0,0.09,49.88,0.11,123.29,0.12,36.5,0.01,0.01,2318.899825,1776201481000
1776202022.119,122.119,0.9,74.0,0.89,60.18,0.91,61.1,0.92,130.9,0.1,10.0,0.09,49.88,0.11,127.18,0.12,36.5,0.01,0.01,2318.899825,1776201481000
1776202022.771,122.771,0.9,152.88,0.89,144.44,0.91,28.1,0.92,155.9,0.09,57.1,0.08,118.9,0.1,20.0,0.11,60.18,0.01,0.01,2318.899825,1776201481000
1776202023.419,123.419,0.9,152.88,0.89,144.44,0.91,22.56,0.92,150.9,0.09,28.1,0.08,155.9,0.1,152.88,0.11,144.44,0.01,0.01,2318.899825,1776201481000
1776202024.129,124.129,0.9,167.88,0.89,144.44,0.91,19.83,0.92,137.9,0.09,11.48,0.08,150.9,0.1,142.88,0.11,144.44,0.01,0.01,2318.899825,1776201481000
1776202024.757,124.757,0.9,157.88,0.89,144.44,0.91,16.51,0.92,149.9,0.09,19.83,0.08,137.9,0.1,162.88,0.11,144.44,0.01,0.01,2318.899825,1776201481000
1776202025.2,125.2,0.9,155.93,0.89,144.44,0.91,23.59,0.92,149.9,0.09,13.59,0.08,149.9,0.1,157.88,0.11,144.44,0.01,0.01,2318.899825,1776201481000
1776202025.468,125.468,0.9,160.93,0.89,144.44,0.92,35.19,0.93,347.5,0.09,23.59,0.08,149.9,0.1,155.93,0.11,144.44,0.02,0.01,2318.899825,1776201481000
1776202027.093,127.093,0.9,186.43,0.89,149.44,0.91,18.47,0.92,72.81,0.08,35.19,0.07,347.5,0.1,160.93,0.11,144.44,0.01,0.02,2318.899825,1776201481000
1776202027.325,127.325,0.9,172.65,0.89,149.44,0.91,18.47,0.92,67.81,0.09,18.47,0.08,72.81,0.1,186.43,0.11,149.44,0.01,0.01,2318.899825,1776201481000
1776202028.543,128.543,0.9,376.64,0.89,260.44,0.92,20.0,0.93,225.2,0.09,10.99,0.08,67.81,0.1,172.65,0.11,149.44,0.02,0.01,2318.899825,1776201481000
1776202032.146,132.146,0.92,270.5,0.91,234.49,0.93,224.9,0.94,10.0,0.07,215.48,0.06,10.0,0.1,405.64,0.11,286.44,0.01,0.03,2318.899825,1776201481000
1776202033.268,133.268,0.92,270.5,0.91,219.49,0.93,224.9,0.94,10.0,0.07,224.9,0.06,10.0,0.08,270.5,0.09,234.49,0.01,0.01,2318.899825,1776201481000
1776202034.018,134.018,0.92,232.17,0.91,219.49,0.93,213.9,0.94,10.0,0.07,214.9,0.06,10.0,0.08,232.17,0.09,219.49,0.01,0.01,2318.899825,1776201481000
1776202036.339,136.339,0.92,232.17,0.91,220.49,0.93,204.9,0.94,10.0,0.07,213.9,0.06,10.0,0.08,232.17,0.09,219.49,0.01,0.01,2318.899825,1776201481000
1776202038.296,138.296,0.92,285.16,0.91,264.49,0.93,202.74,0.94,10.0,0.07,204.9,0.06,10.0,0.08,232.17,0.09,220.49,0.01,0.01,2318.899825,1776201481000
1776202038.759,138.759,0.92,262.49,0.91,264.49,0.93,202.74,0.94,10.0,0.07,202.74,0.06,10.0,0.08,285.16,0.09,264.49,0.01,0.01,2318.899825,1776201481000
1776202039.26,139.26,0.92,297.49,0.91,264.49,0.93,197.74,0.94,10.0,0.07,202.74,0.06,10.0,0.08,262.49,0.09,264.49,0.01,0.01,2318.899825,1776201481000
1776202040.26,140.26,0.92,290.86,0.91,252.5,0.93,197.74,0.94,10.0,0.07,197.74,0.06,10.0,0.08,297.49,0.09,264.49,0.01,0.01,2318.899825,1776201481000
1776202041.104,141.104,0.92,289.47,0.91,246.5,0.93,197.74,0.94,10.0,0.07,197.74,0.06,10.0,0.08,290.86,0.09,252.5,0.01,0.01,2318.899825,1776201481000
1776202041.389,141.389,0.92,289.47,0.91,292.4,0.93,178.32,0.94,10.0,0.07,187.52,0.06,10.0,0.08,289.47,0.09,246.5,0.01,0.01,2318.899825,1776201481000
1776202041.855,141.855,0.92,289.47,0.91,292.4,0.93,137.6,0.94,10.0,0.07,178.32,0.06,10.0,0.08,289.47,0.09,292.4,0.01,0.01,2318.899825,1776201481000
1776202043.923,143.923,0.92,320.97,0.91,351.61,0.93,137.6,0.94,10.0,0.07,137.6,0.06,10.0,0.08,289.47,0.09,292.4,0.01,0.01,2318.899825,1776201481000
1776202044.41,144.41,0.92,340.97,0.91,351.61,0.93,136.52,0.94,10.0,0.07,137.6,0.06,10.0,0.08,320.97,0.09,351.61,0.01,0.01,2318.899825,1776201481000
1776202047.566,147.566,0.92,424.8,0.91,327.45,0.93,116.52,0.94,10.0,0.07,136.52,0.06,10.0,0.08,340.97,0.09,351.61,0.01,0.01,2318.899825,1776201481000
1776202049.362,149.362,0.92,424.8,0.91,332.39,0.93,0.52,0.94,10.0,0.07,116.52,0.06,10.0,0.08,424.8,0.09,327.45,0.01,0.01,2318.899825,1776201481000
1776202051.059,151.059,0.92,434.8,0.91,465.43,0.93,8.92,0.94,10.0,0.07,0.52,0.06,10.0,0.08,424.8,0.09,332.39,0.01,0.01,2318.899825,1776201481000
1776202051.492,151.492,0.92,476.8,0.91,454.43,0.93,5.79,0.94,10.0,0.07,8.92,0.06,10.0,0.08,434.8,0.09,465.43,0.01,0.01,2318.899825,1776201481000
1776202052.293,152.293,0.94,478.6,0.93,289.8,0.95,19.78,0.96,30.0,0.05,25.0,0.04,119.0,0.07,384.79,0.08,323.81,0.01,0.02,2318.899825,1776201481000
1776202052.83,152.83,0.94,483.6,0.93,289.8,0.96,29.84,0.97,410.0,0.05,4.78,0.04,30.0,0.06,483.6,0.07,289.8,0.02,0.01,2318.899825,1776201481000
1776202053.166,153.166,0.95,219.5,0.94,325.3,0.97,393.29,0.98,232.69,0.04,29.84,0.03,410.0,0.06,483.6,0.07,289.8,0.02,0.02,2318.899825,1776201481000
1776202053.816,153.816,0.96,290.07,0.95,330.3,0.97,393.29,0.98,296.3,0.03,393.29,0.02,232.69,0.05,219.5,0.06,325.3,0.01,0.02,2318.899825,1776201481000
1776202054.192,154.192,0.96,278.07,0.95,350.3,0.97,383.29,0.98,296.3,0.03,393.29,0.02,296.3,0.04,290.07,0.05,330.3,0.01,0.01,2318.899825,1776201481000
1776202055.341,155.341,0.96,316.07,0.95,350.3,0.97,374.1,0.98,286.3,0.03,383.29,0.02,296.3,0.04,278.07,0.05,350.3,0.01,0.01,2318.899825,1776201481000
1776202055.651,155.651,0.96,187.0,0.95,115.0,0.97,343.4,0.98,480.0,0.03,374.1,0.02,286.3,0.04,316.07,0.05,350.3,0.01,0.01,2318.899825,1776201481000
1776202055.888,155.888,0.96,191.0,0.95,115.0,0.97,338.19,0.98,480.0,0.03,343.4,0.02,480.0,0.04,186.0,0.05,115.0,0.01,0.01,2318.899825,1776201481000
1776202056.537,156.537,0.95,14.4,0.94,39.5,0.97,556.19,0.98,580.0,0.03,461.89,0.02,480.0,0.04,103.0,0.05,115.0,0.02,0.01,2318.899825,1776201481000
1776202057.054,157.054,0.95,14.4,0.94,44.5,0.96,19.14,0.97,567.19,0.03,556.19,0.02,580.0,0.05,14.4,0.06,39.5,0.01,0.02,2318.899825,1776201481000
1776202059.32,159.32,0.95,9.4,0.94,20.0,0.96,128.94,0.97,437.19,0.03,388.89,0.02,791.7,0.04,5.0,0.05,9.4,0.01,0.01,2318.899825,1776201481000
1776202059.855,159.855,0.94,15.0,0.93,80.8,0.95,47.02,0.96,110.94,0.05,43.6,0.04,128.94,0.06,20.0,0.07,80.8,0.01,0.01,2318.899825,1776201481000
1776202062.353,162.353,0.94,156.29,0.93,176.79,0.95,10.0,0.96,10.0,0.05,47.02,0.04,110.94,0.06,15.0,0.07,80.8,0.01,0.01,2318.899825,1776201481000
1776202062.614,162.614,0.94,40.0,0.93,128.79,0.95,6.87,0.96,110.0,0.05,10.0,0.04,10.0,0.06,156.29,0.07,176.79,0.01,0.01,2318.899825,1776201481000
1776202064.061,164.061,0.94,51.0,0.93,133.79,0.96,103.33,0.97,469.19,0.05,3.74,0.04,110.0,0.06,40.0,0.07,128.79,0.02,0.01,2318.899825,1776201481000
1776202065.63,165.63,0.95,3.0,0.94,56.99,0.96,3.33,0.97,463.19,0.04,103.33,0.03,469.19,0.06,51.0,0.07,133.79,0.01,0.02,2318.899825,1776201481000
1776202067.843,167.843,0.93,4.31,0.92,229.91,0.96,149.63,0.97,617.89,0.04,3.33,0.03,463.19,0.05,3.0,0.06,56.99,0.03,0.01,2318.899825,1776201481000
1776202068.328,168.328,0.93,15.0,0.92,157.43,0.94,44.74,0.95,20.0,0.05,15.0,0.04,144.63,0.08,224.22,0.09,60.5,0.01,0.03,2318.899825,1776201481000
1776202069.736,169.736,0.93,95.0,0.92,182.43,0.94,38.14,0.95,15.0,0.06,44.74,0.05,20.0,0.07,15.0,0.08,157.43,0.01,0.01,2318.899825,1776201481000
1776202070.172,170.172,0.93,95.0,0.92,182.43,0.94,37.07,0.95,10.0,0.06,38.14,0.05,15.0,0.07,95.0,0.08,182.43,0.01,0.01,2318.899825,1776201481000
1776202070.548,170.548,0.94,48.33,0.93,45.0,0.96,212.13,0.97,612.89,0.04,207.13,0.03,612.89,0.07,95.0,0.08,182.43,0.02,0.03,2318.899825,1776201481000
1776202070.79,170.79,0.94,36.66,0.93,55.5,0.96,212.13,0.97,612.89,0.04,212.13,0.03,612.89,0.06,48.33,0.07,45.0,0.02,0.02,2318.899825,1776201481000
1776202072.995,172.995,0.94,63.83,0.93,30.5,0.96,208.13,0.97,622.89,0.04,212.13,0.03,612.89,0.06,36.66,0.07,55.5,0.02,0.02,2318.899825,1776201481000
1776202075.753,175.753,0.95,30.0,0.94,67.82,0.96,14.58,0.97,622.89,0.04,208.13,0.03,622.89,0.06,63.83,0.07,30.5,0.01,0.02,2318.899825,1776201481000
1776202078.953,178.953,0.95,115.0,0.94,113.82,0.96,5.0,0.97,562.74,0.04,14.58,0.03,622.89,0.05,30.0,0.06,67.82,0.01,0.01,2318.899825,1776201481000
1776202080.089,180.089,0.95,246.49,0.94,133.82,0.97,261.89,0.98,606.85,0.04,5.0,0.03,562.74,0.05,115.0,0.06,113.82,0.02,0.01,2318.899825,1776201481000
1776202081.343,181.343,0.96,15.0,0.95,184.49,0.97,252.4,0.98,606.85,0.03,261.89,0.02,606.85,0.04,47.99,0.05,176.49,0.01,0.01,2318.899825,1776201481000
1776202085.944,185.944,0.96,62.49,0.95,235.29,0.97,237.4,0.98,385.14,0.03,252.4,0.02,606.85,0.04,15.0,0.05,184.49,0.01,0.01,2318.899825,1776201481000
1776202091.045,191.045,0.96,217.19,0.95,265.29,0.97,222.79,0.98,266.15,0.03,237.4,0.02,385.14,0.04,62.49,0.05,235.29,0.01,0.01,2318.899825,1776201481000
1776202097.613,197.613,0.96,258.19,0.95,211.29,0.97,217.48,0.98,262.15,0.03,222.79,0.02,266.15,0.04,217.19,0.05,265.29,0.01,0.01,2318.899825,1776201481000
1776202100.274,200.274,0.96,267.19,0.95,233.29,0.97,207.48,0.98,244.15,0.03,217.48,0.02,262.15,0.04,258.19,0.05,211.29,0.01,0.01,2318.899825,1776201481000
1776202100.801,200.801,0.96,272.19,0.95,233.29,0.97,167.48,0.98,244.15,0.03,207.48,0.02,244.15,0.04,267.19,0.05,233.29,0.01,0.01,2318.899825,1776201481000
1776202102.482,202.482,0.96,285.19,0.95,233.29,0.97,161.48,0.98,236.15,0.03,167.48,0.02,244.15,0.04,272.19,0.05,233.29,0.01,0.01,2318.899825,1776201481000
1776202103.159,203.159,0.96,40.0,0.95,201.29,0.97,166.48,0.98,424.85,0.03,161.48,0.02,236.15,0.04,285.19,0.05,233.29,0.01,0.01,2318.899825,1776201481000
1776202105.783,205.783,0.96,20.5,0.95,206.29,0.97,161.48,0.98,220.0,0.03,166.48,0.02,424.85,0.04,40.0,0.05,201.29,0.01,0.01,2318.899825,1776201481000
1776202106.052,206.052,0.96,180.19,0.95,206.29,0.97,160.44,0.98,274.15,0.03,161.48,0.02,220.0,0.04,20.5,0.05,206.29,0.01,0.01,2318.899825,1776201481000
1776202107.32,207.32,0.96,105.99,0.95,200.29,0.97,145.44,0.98,244.15,0.03,160.44,0.02,274.15,0.04,180.19,0.05,206.29,0.01,0.01,2318.899825,1776201481000
1776202107.595,207.595,0.96,116.99,0.95,200.29,0.97,84.44,0.98,244.15,0.03,145.44,0.02,244.15,0.04,105.99,0.05,200.29,0.01,0.01,2318.899825,1776201481000
1776202109.723,209.723,0.96,276.2,0.95,136.3,0.97,59.44,0.98,209.0,0.03,84.44,0.02,244.15,0.04,116.99,0.05,200.29,0.01,0.01,2318.899825,1776201481000
1776202109.989,209.989,0.96,330.2,0.95,147.3,0.97,47.27,0.98,215.0,0.03,44.34,0.02,209.0,0.04,295.2,0.05,136.3,0.01,0.01,2318.899825,1776201481000
1776202110.732,210.732,0.96,449.8,0.95,166.3,0.98,279.0,0.99,2093.77,0.03,47.27,0.02,215.0,0.04,330.2,0.05,147.3,0.02,0.01,2318.899825,1776201481000
1776202110.992,210.992,0.97,108.0,0.96,402.8,0.98,273.79,0.99,2093.77,0.02,279.0,0.01,2093.77,0.04,449.8,0.05,166.3,0.01,0.02,2318.899825,1776201481000
1776202111.623,211.623,0.97,256.59,0.96,243.2,0.98,263.73,0.99,2093.77,0.02,273.79,0.01,2093.77,0.03,108.0,0.04,402.8,0.01,0.01,2318.899825,1776201481000
1776202111.949,211.949,0.97,234.2,0.96,219.2,0.98,268.73,0.99,2093.77,0.02,263.73,0.01,2093.77,0.03,256.59,0.04,243.2,0.01,0.01,2318.899825,1776201481000
1776202112.655,212.655,0.97,249.14,0.96,346.19,0.98,268.73,0.99,2647.37,0.02,268.73,0.01,2093.77,0.03,234.2,0.04,219.2,0.01,0.01,2318.899825,1776201481000
1776202112.936,212.936,0.97,249.14,0.96,346.19,0.98,253.73,0.99,2647.37,0.02,268.73,0.01,2647.37,0.03,249.14,0.04,346.19,0.01,0.01,2318.899825,1776201481000
1776202113.223,213.223,0.97,246.7,0.96,341.19,0.98,252.6,0.99,2647.37,0.02,253.73,0.01,2647.37,0.03,249.14,0.04,346.19,0.01,0.01,2318.899825,1776201481000
1776202115.194,215.194,0.97,221.89,0.96,204.2,0.98,244.56,0.99,2434.37,0.02,252.6,0.01,2647.37,0.03,246.7,0.04,341.19,0.01,0.01,2318.899825,1776201481000
1776202117.931,217.931,0.97,164.51,0.96,313.2,0.98,169.56,0.99,2953.37,0.02,244.56,0.01,2434.37,0.03,221.89,0.04,204.2,0.01,0.01,2318.899825,1776201481000
1776202119.212,219.212,0.97,280.5,0.96,313.2,0.98,159.66,0.99,2589.77,0.02,169.56,0.01,2953.37,0.03,164.51,0.04,313.2,0.01,0.01,2318.899825,1776201481000
1776202119.45,219.45,0.97,280.5,0.96,313.2,0.98,144.66,0.99,2589.77,0.02,159.66,0.01,2589.77,0.03,280.5,0.04,313.2,0.01,0.01,2318.899825,1776201481000
1776202122.45,222.45,0.97,280.56,0.96,276.2,0.98,139.66,0.99,1883.77,0.02,144.66,0.01,2589.77,0.03,280.5,0.04,313.2,0.01,0.01,2318.899825,1776201481000
1776202123.22,223.22,0.97,275.56,0.96,281.2,0.98,134.66,0.99,1883.77,0.02,139.66,0.01,1883.77,0.03,280.56,0.04,276.2,0.01,0.01,2318.899825,1776201481000
1776202124.093,224.093,0.97,296.42,0.96,281.2,0.98,129.76,0.99,1883.77,0.02,134.66,0.01,1883.77,0.03,256.42,0.04,281.2,0.01,0.01,2318.899825,1776201481000
1776202125.782,225.782,0.97,352.4,0.96,281.2,0.98,54.76,0.99,1889.77,0.02,129.76,0.01,1883.77,0.03,296.42,0.04,281.2,0.01,0.01,2318.899825,1776201481000
1776202126.906,226.906,0.97,455.7,0.96,271.2,0.98,58.73,0.99,2189.77,0.02,54.76,0.01,1889.77,0.03,352.4,0.04,281.2,0.01,0.01,2318.899825,1776201481000
1776202127.67,227.67,0.98,16.27,0.97,454.7,0.99,2183.77,,,0.02,28.73,0.01,2183.77,0.03,449.7,0.04,271.2,0.01,0.01,2318.899825,1776201481000
1776202128.18,228.18,0.98,165.26,0.97,217.92,0.99,1885.1,,,0.01,2183.77,,,0.02,16.27,0.03,454.7,0.01,0.01,2318.899825,1776201481000
1776202128.409,228.409,0.98,165.26,0.97,217.92,0.99,2108.65,,,0.01,1885.1,,,0.02,165.26,0.03,217.92,0.01,0.01,2318.899825,1776201481000
1776202128.645,228.645,0.98,163.2,0.97,217.92,0.99,2103.65,,,0.01,2108.65,,,0.02,165.26,0.03,217.92,0.01,0.01,2318.899825,1776201481000
1776202129.935,229.935,0.98,163.2,0.97,217.92,0.99,2484.65,,,0.01,2102.65,,,0.02,163.2,0.03,217.92,0.01,0.01,2318.899825,1776201481000
1776202130.623,230.623,0.98,151.2,0.97,217.92,0.99,2071.65,,,0.01,2484.65,,,0.02,163.2,0.03,217.92,0.01,0.01,2318.899825,1776201481000
1776202132.211,232.211,0.98,101.38,0.97,233.42,0.99,2372.54,,,0.01,2071.65,,,0.02,151.2,0.03,217.92,0.01,0.01,2318.899825,1776201481000
1776202134.445,234.445,0.98,45.26,0.97,233.42,0.99,2338.34,,,0.01,2372.54,,,0.02,101.38,0.03,233.42,0.01,0.01,2318.899825,1776201481000
1776202137.525,237.525,0.98,58.26,0.97,223.11,0.99,1986.78,,,0.01,2338.34,,,0.02,45.26,0.03,233.42,0.01,0.01,2318.899825,1776201481000
1776202140.202,240.202,0.98,87.26,0.97,223.11,0.99,2310.18,,,0.01,1986.78,,,0.02,58.26,0.03,223.11,0.01,0.01,2318.899825,1776201481000
1776202140.481,240.481,0.98,68.46,0.97,223.11,0.99,2320.33,,,0.01,2310.18,,,0.02,87.26,0.03,223.11,0.01,0.01,2318.899825,1776201481000
1776202140.814,240.814,0.98,68.46,0.97,223.11,0.99,2320.33,,,0.01,2320.33,,,0.02,68.46,0.03,223.11,0.01,0.01,2318.899825,1776201481000
1776202141.561,241.561,0.98,134.17,0.97,223.11,0.99,2314.33,,,0.01,2320.33,,,0.02,68.46,0.03,223.11,0.01,0.01,2318.899825,1776201481000
1776202142.099,242.099,0.98,134.17,0.97,223.11,0.99,2288.33,,,0.01,2314.33,,,0.02,134.17,0.03,223.11,0.01,0.01,2318.899825,1776201481000
1776202142.43,242.43,0.98,317.87,0.97,223.11,0.99,2297.23,,,0.01,2288.33,,,0.02,134.17,0.03,223.11,0.01,0.01,2318.899825,1776201481000
1776202142.76,242.76,0.98,263.16,0.97,223.11,0.99,2284.71,,,0.01,2291.21,,,0.02,317.87,0.03,223.11,0.01,0.01,2318.899825,1776201481000
1776202143.505,243.505,0.98,263.16,0.97,223.11,0.99,2215.2,,,0.01,2284.71,,,0.02,263.16,0.03,223.11,0.01,0.01,2318.899825,1776201481000
1776202145.347,245.347,0.98,275.16,0.97,241.11,0.99,2201.14,,,0.01,2215.2,,,0.02,263.16,0.03,223.11,0.01,0.01,2318.899825,1776201481000
1776202146.06,246.06,0.98,275.16,0.97,241.11,0.99,2167.99,,,0.01,2201.14,,,0.02,275.16,0.03,241.11,0.01,0.01,2318.899825,1776201481000
1776202146.492,246.492,0.98,286.16,0.97,241.11,0.99,2162.99,,,0.01,2167.99,,,0.02,275.16,0.03,241.11,0.01,0.01,2318.899825,1776201481000
1776202150.788,250.788,0.98,307.16,0.97,241.11,0.99,1460.99,,,0.01,2162.99,,,0.02,286.16,0.03,241.11,0.01,0.01,2318.899825,1776201481000
1776202151.083,251.083,0.98,307.16,0.97,246.11,0.99,1454.99,,,0.01,1460.99,,,0.02,307.16,0.03,241.11,0.01,0.01,2318.899825,1776201481000
1776202151.473,251.473,0.98,307.16,0.97,246.11,0.99,1452.96,,,0.01,1454.99,,,0.02,307.16,0.03,246.11,0.01,0.01,2318.899825,1776201481000
1776202151.934,251.934,0.98,307.16,0.97,246.11,0.99,1441.96,,,0.01,1452.96,,,0.02,307.16,0.03,246.11,0.01,0.01,2318.899825,1776201481000
1776202152.491,252.491,0.98,335.16,0.97,246.11,0.99,1421.75,,,0.01,1441.96,,,0.02,307.16,0.03,246.11,0.01,0.01,2318.899825,1776201481000
1776202153.42,253.42,0.98,418.09,0.97,246.11,0.99,1376.34,,,0.01,1421.75,,,0.02,335.16,0.03,246.11,0.01,0.01,2318.899825,1776201481000
1776202157.842,257.842,0.98,495.35,0.97,222.12,0.99,1264.34,,,0.01,1376.34,,,0.02,418.09,0.03,246.11,0.01,0.01,2318.899825,1776201481000
1776202158.741,258.741,0.98,488.43,0.97,222.12,0.99,1158.34,,,0.01,1264.34,,,0.02,495.35,0.03,222.12,0.01,0.01,2318.899825,1776201481000
1776202159.028,259.028,0.98,540.62,0.97,227.12,0.99,1152.34,,,0.01,1158.34,,,0.02,488.43,0.03,222.12,0.01,0.01,2318.899825,1776201481000
1776202159.237,259.237,0.98,521.47,0.97,227.12,0.99,1152.34,,,0.01,1152.34,,,0.02,540.62,0.03,227.12,0.01,0.01,2318.899825,1776201481000
1776202159.631,259.631,0.98,526.47,0.97,227.12,0.99,1149.34,,,0.01,1152.34,,,0.02,521.47,0.03,227.12,0.01,0.01,2318.899825,1776201481000
1776202160.414,260.414,0.98,521.47,0.97,227.12,0.99,1124.34,,,0.01,1149.34,,,0.02,526.47,0.03,227.12,0.01,0.01,2318.899825,1776201481000
1776202163.37,263.37,0.98,511.28,0.97,227.12,0.99,1102.34,,,0.01,1120.34,,,0.02,526.47,0.03,227.12,0.01,0.01,2318.899825,1776201481000
1776202164.504,264.504,0.98,511.28,0.97,210.12,0.99,1057.34,,,0.01,1092.34,,,0.02,511.28,0.03,227.12,0.01,0.01,2318.899825,1776201481000
1776202165.69,265.69,0.98,506.28,0.97,204.12,0.99,1012.13,,,0.01,1032.34,,,0.02,516.28,0.03,210.12,0.01,0.01,2318.899825,1776201481000
1776202165.906,265.906,0.98,392.28,0.97,204.12,0.99,1012.13,,,0.01,1012.13,,,0.02,496.28,0.03,204.12,0.01,0.01,2318.899825,1776201481000
1776202166.541,266.541,0.99,992.87,0.98,501.28,,,,,0.01,1012.13,,,0.02,392.28,0.03,204.12,,0.01,2318.899825,1776201481000
1776202167.143,267.143,0.99,8318.33,0.98,288.81,,,,,,,,,0.01,992.87,0.02,501.28,,,2318.899825,1776201481000
1776202168.513,268.513,0.99,8322.23,0.98,275.81,,,,,,,,,0.01,8318.33,0.02,288.81,,,2318.899825,1776201481000
1776202171.006,271.006,0.99,8137.49,0.98,275.81,,,,,,,,,0.01,8322.23,0.02,275.81,,,2318.899825,1776201481000
1776202172.869,272.869,0.99,9252.94,0.98,129.48,,,,,,,,,0.01,8137.49,0.02,275.81,,,2318.899825,1776201481000
1776202191.79,291.79,0.991,400.0,0.99,5883.59,0.999,309.99,,,,,,,0.01,9252.94,0.02,129.48,0.008,,2318.899825,1776201481000
1776202197.958,297.958,0.999,1005.92,0.991,424.0,,,,,,,,,0.001,261.8,0.009,400.0,,,2318.899825,1776201481000

# RESULT,winner=Up,slug=eth-updown-5m-1776201900,ticks=282
