timestamp,elapsed_sec,up_bid_p1,up_bid_s1,up_bid_p2,up_bid_s2,up_ask_p1,up_ask_s1,up_ask_p2,up_ask_s2,down_bid_p1,down_bid_s1,down_bid_p2,down_bid_s2,down_ask_p1,down_ask_s1,down_ask_p2,down_ask_s2,up_spread,down_spread,eth_price,eth_oracle_ts
1776381000.969,0.969,0.5,66.67,0.47,15.0,0.53,15.0,0.54,165.0,0.47,15.0,0.46,165.0,0.5,66.67,0.53,15.0,0.03,0.03,2344.382736,1776381000000
1776381001.796,1.796,0.5,62.51,0.49,10.0,0.51,24.0,0.52,18.0,0.47,15.0,0.46,165.0,0.5,66.67,0.53,15.0,0.01,0.03,2344.382736,1776381000000
1776381003.008,3.008,0.5,62.51,0.49,10.0,0.51,22.03,0.52,28.0,0.49,24.0,0.48,18.0,0.5,62.51,0.51,10.0,0.01,0.01,2344.382672,1776381001000
1776381006.228,6.228,0.52,19.0,0.51,85.0,0.53,23.0,0.54,23.0,0.49,22.03,0.48,28.0,0.5,62.51,0.51,10.0,0.01,0.01,2344.390301,1776381005000
1776381006.553,6.553,0.52,22.91,0.51,89.0,0.53,8.11,0.54,23.0,0.47,23.0,0.46,23.0,0.48,22.91,0.49,80.0,0.01,0.01,2344.390301,1776381005000
1776381006.951,6.951,0.52,22.91,0.51,88.0,0.53,3.11,0.54,27.0,0.47,8.11,0.46,23.0,0.48,22.91,0.49,80.0,0.01,0.01,2344.390301,1776381005000
1776381007.585,7.585,0.55,70.0,0.54,5.0,0.57,1.57,0.58,34.0,0.47,3.11,0.46,27.0,0.48,22.91,0.49,88.0,0.02,0.01,2344.560195,1776381006000
1776381008.656,8.656,0.57,25.0,0.56,27.0,0.58,8.27,0.59,10.0,0.42,34.0,0.41,30.0,0.44,5.0,0.45,70.0,0.01,0.02,2344.548346,1776381007000
1776381008.86,8.86,0.58,5.0,0.57,30.0,0.6,10.0,0.61,29.0,0.42,1.94,0.41,10.0,0.43,25.0,0.44,27.0,0.02,0.01,2344.548346,1776381007000
1776381012.001,12.001,0.58,35.85,0.57,15.0,0.6,30.5,0.61,44.5,0.4,10.0,0.39,39.0,0.42,0.35,0.43,35.0,0.02,0.02,2344.757464,1776381010000
1776381013.138,13.138,0.59,25.5,0.58,25.5,0.6,26.5,0.61,44.5,0.4,30.5,0.39,44.5,0.42,35.85,0.43,15.0,0.01,0.02,2344.776618,1776381011000
1776381013.662,13.662,0.59,25.5,0.58,25.5,0.6,18.5,0.61,44.5,0.4,26.5,0.39,44.5,0.41,25.5,0.42,25.5,0.01,0.01,2344.77667,1776381012000
1776381015.806,15.806,0.54,10.0,0.53,65.5,0.57,79.5,0.58,109.5,0.4,18.5,0.39,44.5,0.41,25.5,0.42,25.5,0.03,0.01,2344.778344,1776381014000
1776381016.131,16.131,0.53,65.5,0.51,139.43,0.54,14.62,0.55,43.68,0.45,8.18,0.44,29.5,0.46,10.0,0.47,65.5,0.01,0.01,2344.778344,1776381014000
1776381016.342,16.342,0.53,60.5,0.51,144.43,0.54,14.62,0.55,43.68,0.46,14.62,0.45,43.68,0.47,65.5,0.49,139.43,0.01,0.01,2344.778394,1776381015000
1776381016.696,16.696,0.53,60.5,0.51,61.0,0.54,14.62,0.55,28.68,0.46,14.62,0.45,43.68,0.47,60.5,0.49,144.43,0.01,0.01,2344.778394,1776381015000
1776381018.943,18.943,0.54,30.5,0.53,90.5,0.55,10.0,0.56,44.5,0.46,14.62,0.45,28.68,0.47,60.5,0.49,61.0,0.01,0.01,2344.560706,1776381017000
1776381019.265,19.265,0.54,14.71,0.53,100.5,0.56,44.5,0.57,134.5,0.45,10.0,0.44,44.5,0.46,30.5,0.47,90.5,0.02,0.01,2344.560706,1776381017000
1776381021.065,21.065,0.54,7.82,0.53,95.5,0.55,17.5,0.56,49.5,0.44,44.5,0.43,134.5,0.46,14.71,0.47,100.5,0.01,0.02,2344.595095,1776381019000
1776381025.87,25.87,0.54,5.64,0.53,95.5,0.55,40.5,0.56,49.5,0.45,17.5,0.44,49.5,0.46,7.82,0.47,95.5,0.01,0.01,2344.595793,1776381024000
1776381028.966,28.966,0.54,5.64,0.53,100.5,0.55,38.73,0.56,49.5,0.45,40.5,0.44,49.5,0.46,5.64,0.47,95.5,0.01,0.01,2344.60484,1776381027000
1776381037.288,37.288,0.54,0.43,0.53,40.5,0.56,29.0,0.57,123.5,0.45,38.73,0.44,49.5,0.46,5.64,0.47,100.5,0.02,0.01,2344.594656,1776381036000
1776381039.32,39.32,0.55,73.0,0.54,106.93,0.56,5.0,0.57,25.5,0.44,29.0,0.43,123.5,0.46,0.43,0.47,40.5,0.01,0.02,2344.584048,1776381037000
1776381039.78,39.78,0.55,78.0,0.54,90.5,0.57,31.41,0.58,35.5,0.44,5.0,0.43,25.5,0.45,73.0,0.46,106.93,0.02,0.01,2344.598924,1776381038000
1776381040.073,40.073,0.56,60.72,0.55,55.0,0.57,38.41,0.58,35.5,0.43,31.41,0.42,35.5,0.45,78.0,0.46,90.5,0.01,0.02,2344.604168,1776381039000
1776381044.578,44.578,0.59,79.0,0.58,156.0,0.6,1.5,0.61,20.5,0.43,38.41,0.42,35.5,0.44,60.72,0.45,55.0,0.01,0.01,2344.640938,1776381043000
1776381045.495,45.495,0.61,52.87,0.6,20.0,0.62,23.5,0.63,24.85,0.38,6.0,0.37,24.85,0.41,84.0,0.42,156.0,0.01,0.03,2344.640938,1776381043000
1776381045.89,45.89,0.62,44.0,0.61,35.5,0.65,19.0,0.66,13.0,0.38,23.5,0.37,24.85,0.39,52.87,0.4,20.0,0.03,0.01,2344.64087,1776381044000
1776381046.126,46.126,0.62,33.0,0.61,30.0,0.63,10.5,0.64,10.5,0.35,19.0,0.34,13.0,0.38,69.0,0.39,35.5,0.01,0.03,2344.64087,1776381044000
1776381046.481,46.481,0.63,43.0,0.62,15.0,0.64,5.14,0.65,19.0,0.36,2.83,0.35,5.0,0.38,43.0,0.39,40.5,0.01,0.02,2344.64087,1776381044000
1776381046.714,46.714,0.63,38.0,0.62,15.0,0.65,0.84,0.66,27.0,0.36,5.14,0.35,19.0,0.37,43.0,0.38,15.0,0.02,0.01,2344.684195,1776381045000
1776381050.238,50.238,0.64,7.11,0.63,15.0,0.65,42.5,0.66,27.0,0.35,0.84,0.34,27.0,0.37,38.0,0.38,15.0,0.01,0.02,2344.964941,1776381048000
1776381052.062,52.062,0.64,17.11,0.63,15.0,0.65,40.96,0.66,27.0,0.35,42.5,0.34,27.0,0.36,7.11,0.37,15.0,0.01,0.01,2344.966491,1776381050000
1776381052.484,52.484,0.64,2.11,0.63,15.0,0.65,39.42,0.66,27.0,0.35,39.42,0.34,27.0,0.36,17.11,0.37,15.0,0.01,0.01,2344.971337,1776381051000
1776381058.97,58.97,0.64,2.11,0.63,10.0,0.65,31.42,0.66,23.0,0.35,36.42,0.34,27.0,0.36,2.11,0.37,15.0,0.01,0.01,2344.994243,1776381058000
1776381060.549,60.549,0.64,13.11,0.63,45.5,0.66,23.5,0.67,105.0,0.35,31.42,0.34,23.0,0.36,2.11,0.37,10.0,0.02,0.01,2344.994243,1776381058000
1776381060.755,60.755,0.65,6.71,0.64,12.11,0.66,23.5,0.67,95.0,0.34,23.5,0.33,105.0,0.36,13.11,0.37,45.5,0.01,0.02,2344.995331,1776381059000
1776381061.204,61.204,0.65,16.71,0.64,2.11,0.66,25.5,0.67,115.5,0.34,23.5,0.33,95.0,0.35,6.71,0.36,12.11,0.01,0.01,2344.995331,1776381059000
1776381062.101,62.101,0.65,5.0,0.64,2.11,0.66,91.5,0.67,124.5,0.34,25.5,0.33,115.5,0.35,16.71,0.36,2.11,0.01,0.01,2344.995696,1776381060000
1776381062.622,62.622,0.63,19.35,0.62,15.0,0.65,47.5,0.66,56.5,0.34,91.5,0.33,124.5,0.35,5.0,0.36,2.11,0.02,0.01,2344.995628,1776381061000
1776381063.277,63.277,0.63,16.64,0.62,15.0,0.64,82.0,0.65,40.5,0.35,47.5,0.34,56.5,0.37,19.35,0.38,15.0,0.01,0.02,2344.995628,1776381061000
1776381063.727,63.727,0.63,11.64,0.62,15.0,0.64,82.0,0.65,40.5,0.36,82.0,0.35,40.5,0.37,16.64,0.38,15.0,0.01,0.01,2344.990385,1776381062000
1776381064.773,64.773,0.63,11.64,0.62,15.0,0.64,55.0,0.65,40.5,0.36,82.0,0.35,40.5,0.37,11.64,0.38,15.0,0.01,0.01,2344.959306,1776381063000
1776381065.299,65.299,0.63,72.14,0.62,106.5,0.66,6.0,0.67,40.5,0.36,55.0,0.35,40.5,0.37,11.64,0.38,15.0,0.03,0.01,2344.92595,1776381064000
1776381065.645,65.645,0.65,45.0,0.64,80.0,0.67,45.5,0.68,75.0,0.34,6.0,0.33,40.5,0.37,72.14,0.38,106.5,0.02,0.03,2344.92595,1776381064000
1776381066.935,66.935,0.66,15.58,0.65,80.0,0.67,40.5,0.68,75.0,0.33,45.5,0.32,75.0,0.35,45.0,0.36,80.0,0.01,0.02,2344.951488,1776381066000
1776381067.836,67.836,0.66,25.58,0.65,85.0,0.67,21.76,0.68,75.0,0.33,40.5,0.32,75.0,0.34,15.58,0.35,80.0,0.01,0.01,2344.951488,1776381066000
1776381070.96,70.96,0.67,31.0,0.66,31.58,0.69,25.5,0.7,40.0,0.33,21.76,0.32,75.0,0.34,25.58,0.35,85.0,0.02,0.01,2345.021677,1776381069000
1776381071.264,71.264,0.68,16.0,0.67,30.0,0.7,50.5,0.71,73.42,0.3,40.0,0.29,20.0,0.33,36.0,0.34,31.58,0.02,0.03,2345.021677,1776381069000
1776381072.526,72.526,0.69,12.0,0.68,5.0,0.7,55.5,0.71,57.5,0.3,50.5,0.29,73.42,0.32,16.0,0.33,30.0,0.01,0.02,2345.030886,1776381071000
1776381074.641,74.641,0.69,8.77,0.68,10.0,0.7,55.5,0.71,72.5,0.3,55.5,0.29,57.5,0.31,12.0,0.32,5.0,0.01,0.01,2345.066911,1776381073000
1776381076.729,76.729,0.69,18.77,0.68,5.0,0.7,40.57,0.71,49.5,0.3,55.5,0.29,72.5,0.31,8.77,0.32,10.0,0.01,0.01,2345.069058,1776381075000
1776381078.87,78.87,0.69,18.77,0.68,5.0,0.7,36.99,0.71,60.5,0.3,40.57,0.29,49.5,0.31,18.77,0.32,5.0,0.01,0.01,2345.072402,1776381077000
1776381080.393,80.393,0.66,25.0,0.64,56.25,0.68,270.5,0.69,133.62,0.3,36.99,0.29,60.5,0.31,18.77,0.32,5.0,0.02,0.01,2345.138076,1776381079000
1776381080.608,80.608,0.64,49.91,0.63,35.0,0.65,58.0,0.66,96.0,0.32,270.5,0.31,133.62,0.34,25.0,0.36,56.25,0.01,0.02,2345.138076,1776381079000
1776381081.065,81.065,0.64,170.91,0.63,187.49,0.65,10.0,0.66,5.0,0.35,58.0,0.34,96.0,0.36,49.91,0.37,35.0,0.01,0.01,2345.138076,1776381079000
1776381081.495,81.495,0.67,39.34,0.66,95.5,0.68,15.0,0.7,49.99,0.32,35.0,0.31,6.0,0.36,176.91,0.37,192.49,0.01,0.04,2345.142796,1776381080000
1776381082.241,82.241,0.67,100.84,0.66,160.5,0.68,13.52,0.69,10.0,0.32,15.0,0.3,49.99,0.33,39.34,0.34,95.5,0.01,0.01,2344.948171,1776381081000
1776381087.95,87.95,0.64,185.41,0.63,60.5,0.65,5.0,0.66,5.0,0.32,13.52,0.31,10.0,0.33,100.84,0.34,160.5,0.01,0.01,2344.96927,1776381086000
1776381096.923,96.923,0.69,274.49,0.68,140.5,0.7,2.96,0.72,25.0,0.33,15.0,0.32,25.0,0.35,10.0,0.36,204.61,0.01,0.02,2345.102352,1776381095000
1776381097.774,97.774,0.69,307.49,0.68,140.5,0.72,25.0,0.74,90.0,0.3,2.96,0.28,25.0,0.31,274.49,0.32,140.5,0.03,0.01,2345.199027,1776381096000
1776381099.001,99.001,0.73,114.9,0.72,25.5,0.74,85.0,0.75,84.0,0.28,25.0,0.26,90.0,0.31,307.49,0.32,140.5,0.01,0.03,2345.222068,1776381097000
1776381099.263,99.263,0.8,10.0,0.79,80.0,0.81,8.53,0.82,5.0,0.26,85.0,0.25,84.0,0.27,114.9,0.28,25.5,0.01,0.01,2345.222068,1776381097000
1776381099.598,99.598,0.81,10.0,0.8,106.0,0.82,3.78,0.83,5.0,0.19,8.43,0.18,15.5,0.2,10.0,0.21,86.0,0.01,0.01,2345.3073,1776381098000
1776381099.815,99.815,0.81,99.47,0.8,106.0,0.83,3.78,0.84,51.8,0.18,3.78,0.17,5.0,0.19,99.47,0.2,106.0,0.02,0.01,2345.3073,1776381098000
1776381100.168,100.168,0.82,106.0,0.81,51.47,0.83,8.86,0.84,42.3,0.17,3.78,0.16,51.8,0.19,99.47,0.2,106.0,0.01,0.02,2345.3073,1776381099000
1776381101.402,101.402,0.82,106.0,0.81,86.47,0.83,13.65,0.84,42.3,0.17,8.86,0.16,42.3,0.18,106.0,0.19,51.47,0.01,0.01,2345.65212,1776381100000
1776381102.151,102.151,0.82,110.44,0.81,104.47,0.83,7.65,0.84,42.3,0.17,13.65,0.16,42.3,0.18,106.0,0.19,86.47,0.01,0.01,2345.65212,1776381100000
1776381103.714,103.714,0.82,100.44,0.81,114.47,0.83,3.65,0.84,73.55,0.17,7.65,0.16,42.3,0.18,110.44,0.19,104.47,0.01,0.01,2345.69906,1776381102000
1776381105.407,105.407,0.83,33.0,0.82,65.9,0.84,59.41,0.85,19.0,0.17,3.65,0.16,73.55,0.18,100.44,0.19,114.47,0.01,0.01,2345.716734,1776381103000
1776381106.049,106.049,0.83,108.0,0.82,15.0,0.84,5.0,0.85,31.0,0.16,25.43,0.15,19.0,0.19,140.0,0.2,172.0,0.01,0.03,2345.709515,1776381104000
1776381106.383,106.383,0.83,91.0,0.82,15.0,0.84,5.0,0.85,31.0,0.16,5.0,0.15,31.0,0.17,108.0,0.18,15.0,0.01,0.01,2345.7454,1776381105000
1776381106.788,106.788,0.84,57.0,0.83,38.0,0.85,30.0,0.86,54.0,0.15,31.0,0.14,54.0,0.17,91.0,0.18,15.0,0.01,0.02,2345.7454,1776381105000
1776381107.005,107.005,0.84,67.0,0.83,48.5,0.85,15.11,0.86,54.0,0.15,37.0,0.14,54.0,0.16,67.0,0.17,38.0,0.01,0.01,2345.7454,1776381105000
1776381107.684,107.684,0.84,67.0,0.83,43.0,0.85,20.58,0.86,54.0,0.15,13.08,0.14,54.0,0.16,67.0,0.17,48.5,0.01,0.01,2345.77718,1776381106000
1776381108.027,108.027,0.84,67.0,0.83,43.0,0.85,19.58,0.86,54.0,0.15,20.58,0.14,54.0,0.16,67.0,0.17,43.0,0.01,0.01,2345.791587,1776381107000
1776381109.435,109.435,0.84,180.5,0.83,45.5,0.85,1.58,0.86,43.0,0.15,19.58,0.14,54.0,0.16,74.0,0.17,43.0,0.01,0.01,2345.800186,1776381108000
1776381110.639,110.639,0.85,100.33,0.84,38.5,0.86,83.9,0.87,234.73,0.15,1.58,0.14,43.0,0.16,180.5,0.17,45.5,0.01,0.01,2345.799641,1776381109000
1776381111.911,111.911,0.86,152.5,0.85,68.83,0.87,60.28,0.88,109.0,0.14,83.9,0.13,234.73,0.15,100.33,0.16,38.5,0.01,0.01,2345.914186,1776381110000
1776381112.443,112.443,0.86,126.78,0.85,58.83,0.87,55.28,0.88,75.0,0.13,50.28,0.12,109.0,0.14,152.5,0.15,58.83,0.01,0.01,2345.914186,1776381110000
1776381113.295,113.295,0.85,10.0,0.84,20.5,0.87,125.28,0.88,130.5,0.13,55.28,0.12,75.0,0.14,126.78,0.15,58.83,0.02,0.01,2345.925541,1776381112000
1776381114.15,114.15,0.86,2.85,0.85,10.0,0.87,112.28,0.88,187.6,0.13,125.28,0.12,130.5,0.15,10.0,0.16,20.5,0.01,0.02,2346.03349,1776381113000
1776381115.09,115.09,0.84,1.11,0.83,75.5,0.87,112.28,0.88,166.1,0.13,112.28,0.12,187.6,0.14,2.85,0.15,10.0,0.03,0.01,2346.03349,1776381113000
1776381115.324,115.324,0.86,5.44,0.85,10.0,0.87,114.28,0.88,176.6,0.13,112.28,0.12,166.1,0.16,1.11,0.17,75.5,0.01,0.03,2346.019799,1776381114000
1776381117.656,117.656,0.86,60.3,0.85,68.5,0.87,80.53,0.88,169.1,0.13,114.28,0.12,176.6,0.14,5.44,0.15,10.0,0.01,0.01,2345.992098,1776381116000
1776381118.97,118.97,0.86,60.3,0.85,68.5,0.87,61.78,0.88,157.1,0.13,80.53,0.12,169.1,0.14,60.3,0.15,68.5,0.01,0.01,2346.061412,1776381117000
1776381121.825,121.825,0.86,47.3,0.85,20.0,0.87,137.74,0.88,149.6,0.13,61.78,0.12,157.1,0.14,60.3,0.15,68.5,0.01,0.01,2346.008354,1776381120000
1776381122.961,122.961,0.85,10.0,0.83,40.0,0.87,213.3,0.88,109.6,0.13,137.74,0.12,149.6,0.14,47.3,0.15,20.0,0.02,0.01,2346.008354,1776381121000
1776381123.307,123.307,0.81,75.66,0.8,51.5,0.82,43.0,0.83,90.0,0.18,20.0,0.17,90.0,0.19,75.66,0.2,51.5,0.01,0.01,2345.956174,1776381122000
1776381123.57,123.57,0.81,70.66,0.8,41.5,0.82,12.58,0.83,90.0,0.18,17.08,0.17,90.0,0.19,70.66,0.2,41.5,0.01,0.01,2345.956174,1776381122000
1776381126.913,126.913,0.81,75.66,0.8,31.0,0.82,1.46,0.83,149.0,0.18,12.58,0.17,90.0,0.19,70.66,0.2,31.0,0.01,0.01,2345.667222,1776381125000
1776381129.39,129.39,0.81,24.1,0.8,16.0,0.82,74.77,0.83,103.0,0.18,1.46,0.17,149.0,0.19,75.66,0.2,31.0,0.01,0.01,2345.597218,1776381128000
1776381129.859,129.859,0.67,7.46,0.65,36.0,0.68,35.0,0.69,15.0,0.3,44.45,0.27,31.12,0.32,14.0,0.33,24.0,0.01,0.02,2345.597218,1776381128000
1776381130.169,130.169,0.67,2.8,0.66,10.0,0.68,32.0,0.69,15.0,0.32,35.0,0.31,15.0,0.33,7.46,0.35,36.0,0.01,0.01,2345.564263,1776381129000
1776381130.464,130.464,0.67,2.8,0.66,10.0,0.68,16.3,0.69,15.0,0.32,23.88,0.31,15.0,0.33,2.8,0.34,10.0,0.01,0.01,2345.564263,1776381129000
1776381131.1,131.1,0.67,5.0,0.66,9.77,0.69,13.0,0.7,134.45,0.32,12.68,0.31,15.0,0.33,5.0,0.34,9.77,0.02,0.01,2345.4666,1776381130000
1776381132.567,132.567,0.66,5.04,0.65,10.0,0.68,87.0,0.69,47.0,0.3,127.45,0.29,85.0,0.33,10.0,0.34,9.77,0.02,0.03,2345.098772,1776381131000
1776381132.847,132.847,0.66,0.54,0.65,10.0,0.68,49.0,0.69,48.52,0.32,87.0,0.31,47.0,0.34,5.04,0.35,10.0,0.02,0.02,2345.098772,1776381131000
1776381134.631,134.631,0.68,25.5,0.67,20.5,0.69,50.18,0.7,176.97,0.32,49.0,0.31,48.52,0.36,189.91,0.37,45.0,0.01,0.04,2344.946582,1776381133000
1776381135.745,135.745,0.64,149.91,0.63,35.0,0.66,37.0,0.69,778.5,0.31,50.18,0.3,176.97,0.32,25.5,0.33,20.5,0.02,0.01,2344.910407,1776381134000
1776381135.957,135.957,0.5,13.85,0.49,25.0,0.51,21.5,0.58,10.0,0.49,21.5,0.42,10.0,0.5,58.43,0.51,25.0,0.01,0.01,2344.910407,1776381134000
1776381136.236,136.236,0.36,55.0,0.34,5.0,0.38,8.0,0.41,10.0,0.55,58.15,0.49,51.5,0.64,50.0,0.66,30.0,0.02,0.09,2344.89765,1776381135000
1776381136.529,136.529,0.34,4.0,0.33,115.0,0.37,15.0,0.38,24.0,0.63,15.0,0.62,24.0,0.64,48.4,0.66,5.0,0.03,0.01,2344.89765,1776381135000
1776381136.851,136.851,0.33,54.0,0.32,140.0,0.34,16.0,0.35,79.0,0.63,15.0,0.62,24.0,0.66,4.0,0.67,115.0,0.01,0.03,2344.89765,1776381135000
1776381137.135,137.135,0.33,63.56,0.32,140.0,0.34,16.0,0.35,63.0,0.66,16.0,0.65,79.0,0.67,54.0,0.68,140.0,0.01,0.01,2344.89765,1776381135000
1776381137.347,137.347,0.33,62.06,0.32,140.0,0.34,12.0,0.35,63.0,0.66,16.0,0.65,63.0,0.67,62.06,0.68,140.0,0.01,0.01,2344.89765,1776381135000
1776381137.796,137.796,0.33,62.06,0.32,140.0,0.34,10.08,0.35,77.0,0.66,12.0,0.65,63.0,0.67,62.06,0.68,140.0,0.01,0.01,2344.556217,1776381136000
1776381139.179,139.179,0.33,71.56,0.32,98.0,0.34,10.08,0.35,15.0,0.66,10.08,0.65,77.0,0.67,0.06,0.68,140.0,0.01,0.01,2343.990868,1776381137000
1776381139.804,139.804,0.42,5.0,0.41,5.0,0.43,4.37,0.44,17.44,0.6,22.0,0.59,20.0,0.61,53.92,0.67,167.56,0.01,0.01,2343.778644,1776381138000
1776381140.078,140.078,0.42,16.39,0.41,4.56,0.43,4.37,0.44,10.0,0.58,7.61,0.57,4.37,0.59,4.56,0.6,85.0,0.01,0.01,2343.778644,1776381138000
1776381141.929,141.929,0.41,32.74,0.4,85.5,0.42,20.0,0.43,57.37,0.57,4.37,0.56,10.0,0.58,10.0,0.59,11.56,0.01,0.01,2343.94451,1776381140000
1776381142.865,142.865,0.44,99.57,0.43,40.5,0.45,21.15,0.46,75.0,0.58,20.0,0.57,57.37,0.59,32.74,0.6,85.5,0.01,0.01,2344.038558,1776381141000
1776381143.86,143.86,0.44,184.57,0.43,41.5,0.46,75.0,0.47,25.0,0.55,10.04,0.54,75.0,0.56,99.57,0.57,40.5,0.02,0.01,2344.054075,1776381142000
1776381144.102,144.102,0.44,222.57,0.43,28.5,0.51,20.38,0.53,110.0,0.54,75.0,0.53,25.0,0.56,184.57,0.57,41.5,0.07,0.02,2344.054075,1776381142000
1776381144.343,144.343,0.61,6.69,0.49,25.0,0.65,14.28,0.66,31.0,0.49,0.16,0.47,110.0,0.56,291.57,0.57,28.5,0.04,0.07,2344.021757,1776381143000
1776381144.563,144.563,0.65,20.0,0.64,48.0,0.66,33.92,0.68,15.62,0.34,41.03,0.32,15.62,0.36,5.0,0.37,178.22,0.01,0.02,2344.021757,1776381143000
1776381144.894,144.894,0.65,170.49,0.64,71.0,0.66,12.4,0.68,27.14,0.34,12.4,0.32,27.14,0.35,150.99,0.36,71.0,0.01,0.01,2344.021757,1776381143000
1776381145.114,145.114,0.69,204.99,0.68,99.0,0.7,21.45,0.71,25.0,0.3,51.45,0.29,25.0,0.31,167.99,0.32,99.0,0.01,0.01,2344.820967,1776381144000
1776381145.934,145.934,0.72,140.99,0.71,24.0,0.76,120.0,0.77,70.0,0.27,56.12,0.26,8.0,0.31,204.99,0.32,99.0,0.04,0.04,2344.820967,1776381144000
1776381146.373,146.373,0.75,1.48,0.74,27.0,0.76,130.0,0.77,70.0,0.24,120.0,0.23,70.0,0.28,140.99,0.29,24.0,0.01,0.04,2345.118685,1776381145000
1776381147.161,147.161,0.75,25.5,0.74,28.0,0.76,166.58,0.77,81.52,0.24,131.0,0.23,70.0,0.26,36.0,0.27,26.0,0.01,0.02,2345.118685,1776381145000
1776381147.811,147.811,0.75,82.5,0.74,64.0,0.77,162.11,0.78,21.0,0.24,131.0,0.23,81.52,0.25,3.5,0.26,36.0,0.02,0.01,2345.352464,1776381146000
1776381148.632,148.632,0.76,128.5,0.75,62.0,0.77,86.0,0.78,100.0,0.23,162.11,0.22,21.0,0.25,82.5,0.26,64.0,0.01,0.02,2345.39715,1776381147000
1776381149.942,149.942,0.78,28.0,0.77,28.5,0.8,193.16,0.81,150.42,0.23,86.0,0.22,100.0,0.24,128.5,0.25,62.0,0.02,0.01,2345.38891,1776381148000
1776381151.634,151.634,0.79,197.54,0.78,39.5,0.8,88.16,0.81,25.0,0.2,193.16,0.19,150.42,0.22,28.0,0.23,28.5,0.01,0.02,2345.390237,1776381149000
1776381152.041,152.041,0.81,15.1,0.8,36.0,0.82,199.9,0.83,72.02,0.19,11.52,0.18,199.9,0.21,204.54,0.22,39.5,0.01,0.02,2345.390237,1776381149000
1776381152.363,152.363,0.81,9.83,0.8,31.0,0.82,193.33,0.83,77.02,0.18,194.41,0.17,77.02,0.19,9.83,0.2,31.0,0.01,0.01,2345.464291,1776381151000
1776381152.701,152.701,0.81,4.04,0.8,63.0,0.82,209.72,0.83,220.63,0.18,193.33,0.17,77.02,0.19,9.83,0.2,31.0,0.01,0.01,2345.464291,1776381151000
1776381153.085,153.085,0.8,61.33,0.79,188.54,0.82,209.72,0.83,220.63,0.18,209.72,0.17,220.63,0.19,4.04,0.2,63.0,0.02,0.01,2345.464291,1776381151000
1776381155.032,155.032,0.8,189.95,0.79,129.54,0.81,5.02,0.82,245.0,0.18,209.72,0.17,220.63,0.2,61.33,0.21,188.54,0.01,0.02,2345.606693,1776381153000
1776381157.048,157.048,0.81,20.94,0.8,168.95,0.82,230.0,0.83,37.02,0.19,5.02,0.18,245.0,0.2,184.95,0.21,129.54,0.01,0.01,2345.63939,1776381155000
1776381157.359,157.359,0.81,15.67,0.8,168.95,0.82,230.0,0.83,37.02,0.18,230.0,0.17,37.02,0.19,20.94,0.2,168.95,0.01,0.01,2345.63939,1776381155000
1776381160.127,160.127,0.81,59.88,0.8,160.94,0.82,230.0,0.83,65.02,0.18,230.0,0.17,37.02,0.19,15.67,0.2,168.95,0.01,0.01,2345.66383,1776381158000
1776381161.097,161.097,0.81,164.93,0.8,115.0,0.82,55.0,0.83,21.52,0.18,230.0,0.17,65.02,0.19,59.88,0.2,160.94,0.01,0.01,2345.693577,1776381159000
1776381165.559,165.559,0.82,110.16,0.81,44.44,0.83,159.5,0.84,147.02,0.17,21.52,0.16,95.5,0.18,15.93,0.19,65.38,0.01,0.01,2345.698755,1776381164000
1776381167.189,167.189,0.77,72.25,0.76,253.67,0.78,50.0,0.79,75.02,0.18,104.5,0.17,133.5,0.22,61.99,0.23,15.55,0.01,0.04,2345.725332,1776381165000
1776381169.671,169.671,0.77,80.4,0.76,205.17,0.78,73.5,0.79,63.5,0.22,50.0,0.21,75.02,0.23,72.25,0.24,253.67,0.01,0.01,2345.491933,1776381168000
1776381170.057,170.057,0.76,350.47,0.75,40.5,0.8,10.0,0.81,28.4,0.22,73.5,0.21,63.5,0.24,205.17,0.25,53.5,0.04,0.02,2345.491933,1776381168000
1776381170.44,170.44,0.81,27.23,0.8,42.5,0.82,100.47,0.83,46.0,0.19,28.4,0.18,39.9,0.23,10.0,0.24,350.47,0.01,0.04,2345.491933,1776381168000
1776381170.774,170.774,0.81,135.23,0.8,55.5,0.82,59.47,0.83,46.0,0.18,100.47,0.17,46.0,0.19,27.23,0.2,42.5,0.01,0.01,2345.495753,1776381169000
1776381171.812,171.812,0.82,121.43,0.81,61.73,0.83,54.19,0.84,204.75,0.18,59.47,0.17,46.0,0.19,129.96,0.2,55.5,0.01,0.01,2345.52338,1776381170000
1776381172.969,172.969,0.82,58.65,0.81,89.73,0.83,54.19,0.84,199.75,0.17,54.19,0.16,204.75,0.18,121.43,0.19,61.73,0.01,0.01,2345.60558,1776381171000
1776381174.316,174.316,0.82,68.87,0.81,89.73,0.83,28.69,0.84,122.3,0.17,33.66,0.16,122.3,0.18,58.65,0.19,89.73,0.01,0.01,2345.666772,1776381173000
1776381175.698,175.698,0.82,99.75,0.81,72.23,0.83,22.66,0.84,122.3,0.17,22.66,0.16,122.3,0.18,63.31,0.19,89.73,0.01,0.01,2345.669394,1776381174000
1776381177.712,177.712,0.82,109.75,0.81,72.23,0.83,12.16,0.84,122.3,0.17,22.66,0.16,122.3,0.18,99.75,0.19,72.23,0.01,0.01,2345.669394,1776381175000
1776381179.012,179.012,0.82,65.32,0.81,89.73,0.83,27.66,0.84,128.5,0.17,12.16,0.16,122.3,0.18,109.75,0.19,72.23,0.01,0.01,2345.68969,1776381177000
1776381180.775,180.775,0.82,29.0,0.81,38.0,0.83,30.56,0.84,128.5,0.17,27.66,0.16,128.5,0.18,65.32,0.19,89.73,0.01,0.01,2345.678665,1776381179000
1776381181.678,181.678,0.8,28.0,0.77,176.79,0.83,60.35,0.84,110.5,0.17,30.56,0.16,128.5,0.18,29.0,0.19,38.0,0.03,0.01,2345.67835,1776381180000
1776381183.576,183.576,0.81,2.0,0.8,10.0,0.82,18.5,0.83,53.5,0.17,60.35,0.16,180.5,0.2,28.0,0.23,176.79,0.01,0.03,2345.595,1776381181000
1776381184.838,184.838,0.81,17.0,0.8,10.0,0.82,48.5,0.83,99.0,0.18,18.5,0.17,53.5,0.19,2.0,0.2,10.0,0.01,0.01,2345.556623,1776381183000
1776381187.098,187.098,0.77,190.31,0.76,20.0,0.79,30.5,0.8,44.5,0.18,48.5,0.17,99.0,0.21,14.35,0.22,48.5,0.02,0.03,2345.533031,1776381185000
1776381189.187,189.187,0.76,165.69,0.75,30.0,0.77,99.0,0.78,55.5,0.21,30.5,0.2,44.5,0.24,20.0,0.25,30.0,0.01,0.03,2345.30017,1776381188000
1776381191.817,191.817,0.72,10.0,0.71,55.5,0.73,8.63,0.74,10.0,0.23,97.7,0.22,55.5,0.24,165.69,0.25,30.0,0.01,0.01,2345.201661,1776381190000
1776381192.209,192.209,0.72,10.0,0.71,55.5,0.73,22.76,0.74,25.5,0.27,8.63,0.26,10.0,0.28,10.0,0.29,55.5,0.01,0.01,2345.177681,1776381191000
1776381193.279,193.279,0.72,15.0,0.71,45.5,0.73,21.31,0.74,25.5,0.27,22.76,0.26,25.5,0.28,10.0,0.29,55.5,0.01,0.01,2345.183915,1776381192000
1776381195.873,195.873,0.72,111.0,0.71,103.0,0.74,10.0,0.79,64.96,0.27,21.31,0.26,25.5,0.28,15.0,0.29,45.5,0.02,0.01,2345.165229,1776381194000
1776381196.228,196.228,0.77,6.49,0.72,139.0,0.79,50.71,0.81,15.26,0.26,10.0,0.21,64.96,0.28,134.0,0.29,103.0,0.02,0.02,2345.165229,1776381194000
1776381197.003,197.003,0.8,83.0,0.79,25.0,0.81,14.7,0.82,25.0,0.21,50.71,0.19,15.26,0.23,6.49,0.28,139.0,0.01,0.02,2345.165181,1776381195000
1776381197.829,197.829,0.8,140.0,0.79,25.0,0.81,11.58,0.82,25.0,0.19,14.7,0.18,25.0,0.2,117.0,0.21,25.0,0.01,0.01,2345.164679,1776381196000
1776381199.151,199.151,0.8,166.0,0.79,38.0,0.83,80.5,0.84,145.5,0.19,11.58,0.18,25.0,0.2,140.0,0.21,25.0,0.03,0.01,2345.4822,1776381197000
1776381202.515,202.515,0.82,109.0,0.81,10.0,0.83,80.5,0.84,145.5,0.17,80.5,0.16,145.5,0.2,166.0,0.21,38.0,0.01,0.03,2345.557466,1776381201000
1776381209.387,209.387,0.82,223.0,0.8,5.0,0.83,135.5,0.84,205.5,0.17,80.5,0.16,145.5,0.18,109.0,0.19,10.0,0.01,0.01,2345.623894,1776381208000
1776381209.664,209.664,0.82,134.0,0.8,5.0,0.83,135.5,0.84,230.5,0.17,135.5,0.16,230.5,0.18,158.0,0.2,5.0,0.01,0.01,2345.623894,1776381208000
1776381210.729,210.729,0.82,134.0,0.8,5.0,0.83,121.92,0.84,230.5,0.17,135.5,0.16,230.5,0.18,134.0,0.2,5.0,0.01,0.01,2345.565623,1776381209000
1776381210.962,210.962,0.82,96.0,0.8,5.0,0.83,109.82,0.84,230.5,0.17,119.82,0.16,230.5,0.18,96.0,0.2,5.0,0.01,0.01,2345.565623,1776381209000
1776381211.288,211.288,0.82,88.0,0.81,66.19,0.83,109.82,0.84,280.5,0.17,109.82,0.16,230.5,0.18,96.0,0.2,5.0,0.01,0.01,2345.565623,1776381209000
1776381212.921,212.921,0.82,60.22,0.81,66.19,0.83,109.82,0.84,230.5,0.17,109.82,0.16,280.5,0.18,88.0,0.19,66.19,0.01,0.01,2345.37829,1776381211000
1776381214.275,214.275,0.82,60.22,0.8,5.0,0.83,103.79,0.84,230.5,0.17,109.82,0.16,230.5,0.18,60.22,0.19,66.19,0.01,0.01,2345.362356,1776381213000
1776381215.295,215.295,0.82,20.88,0.8,5.0,0.83,118.79,0.84,235.5,0.17,103.79,0.16,230.5,0.18,26.88,0.2,5.0,0.01,0.01,2345.375506,1776381214000
1776381215.553,215.553,0.82,20.88,0.8,5.0,0.83,133.79,0.84,235.5,0.17,118.79,0.16,235.5,0.18,20.88,0.2,5.0,0.01,0.01,2345.375506,1776381214000
1776381216.019,216.019,0.8,0.88,0.79,23.0,0.81,29.53,0.82,50.5,0.17,133.79,0.16,235.5,0.2,0.88,0.21,23.0,0.01,0.03,2345.373327,1776381215000
1776381217.071,217.071,0.8,0.88,0.79,28.0,0.81,23.35,0.82,78.5,0.19,29.53,0.18,50.5,0.2,0.88,0.21,23.0,0.01,0.01,2345.327851,1776381216000
1776381220.258,220.258,0.8,26.38,0.79,73.5,0.82,20.5,0.83,65.79,0.19,23.35,0.18,78.5,0.2,0.88,0.21,28.0,0.02,0.01,2345.271498,1776381219000
1776381220.885,220.885,0.81,4.47,0.8,26.38,0.82,20.5,0.83,65.79,0.18,20.5,0.17,65.79,0.2,26.38,0.21,73.5,0.01,0.02,2345.271498,1776381219000
1776381224.584,224.584,0.8,16.38,0.79,66.5,0.82,20.5,0.83,60.79,0.18,20.5,0.17,65.79,0.19,4.47,0.2,26.38,0.02,0.01,2345.275981,1776381223000
1776381226.958,226.958,0.78,5.0,0.77,10.0,0.8,48.5,0.81,73.5,0.18,20.5,0.17,60.79,0.2,16.38,0.21,66.5,0.02,0.02,2345.299799,1776381224000
1776381227.945,227.945,0.76,1.37,0.75,173.01,0.77,32.5,0.78,20.5,0.23,5.0,0.22,10.0,0.24,5.0,0.25,196.42,0.01,0.01,2345.245166,1776381226000
1776381228.159,228.159,0.75,143.45,0.74,38.0,0.76,88.99,0.77,137.5,0.23,32.5,0.22,20.5,0.24,1.37,0.25,173.01,0.01,0.01,2345.245166,1776381226000
1776381231.824,231.824,0.75,35.5,0.74,48.5,0.76,9.17,0.77,27.3,0.24,78.99,0.23,132.5,0.26,26.0,0.27,25.0,0.01,0.02,2345.080472,1776381230000
1776381232.861,232.861,0.76,30.5,0.75,63.5,0.77,0.3,0.78,21.0,0.23,27.3,0.22,21.0,0.25,35.5,0.26,48.5,0.01,0.02,2345.080472,1776381231000
1776381235.698,235.698,0.78,15.0,0.77,25.5,0.79,6.7,0.8,62.5,0.22,21.0,0.21,21.7,0.24,30.5,0.25,63.5,0.01,0.02,2345.08404,1776381233000
1776381236.129,236.129,0.79,5.0,0.78,15.0,0.81,68.9,0.82,132.4,0.21,6.7,0.2,62.5,0.22,15.0,0.23,25.5,0.02,0.01,2345.040756,1776381234000
1776381240.743,240.743,0.73,10.0,0.72,45.0,0.74,3.29,0.75,30.0,0.19,68.9,0.18,132.4,0.21,5.0,0.22,15.0,0.01,0.02,2345.003958,1776381239000
1776381242.121,242.121,0.72,30.0,0.71,45.0,0.74,46.89,0.75,20.0,0.26,1.89,0.25,20.0,0.27,10.0,0.28,45.0,0.02,0.01,2344.890654,1776381241000
1776381243.274,243.274,0.71,22.0,0.7,180.0,0.72,17.83,0.73,10.0,0.26,46.89,0.25,20.0,0.28,30.0,0.29,45.0,0.01,0.02,2344.890819,1776381242000
1776381245.579,245.579,0.71,45.0,0.7,180.0,0.72,20.0,0.73,10.0,0.28,17.83,0.27,10.0,0.29,22.0,0.3,180.0,0.01,0.01,2344.884402,1776381244000
1776381246.558,246.558,0.67,150.0,0.66,85.0,0.68,65.86,0.69,10.0,0.28,20.0,0.27,10.0,0.29,45.0,0.3,180.0,0.01,0.01,2344.87567,1776381245000
1776381247.334,247.334,0.61,66.69,0.6,55.0,0.62,16.35,0.63,20.0,0.32,65.86,0.31,10.0,0.33,150.0,0.34,85.0,0.01,0.01,2344.871161,1776381246000
1776381247.926,247.926,0.6,12.0,0.59,5.0,0.61,28.08,0.62,10.0,0.38,30.5,0.37,10.0,0.39,0.89,0.4,5.0,0.01,0.01,2344.871161,1776381246000
1776381248.196,248.196,0.58,55.0,0.57,5.0,0.61,30.0,0.62,10.0,0.39,30.0,0.38,10.0,0.4,9.35,0.41,5.0,0.03,0.01,2344.761802,1776381247000
1776381248.405,248.405,0.58,50.0,0.57,13.0,0.59,11.05,0.6,16.0,0.39,30.0,0.38,10.0,0.42,55.0,0.43,5.0,0.01,0.03,2344.761802,1776381247000
1776381248.81,248.81,0.55,5.0,0.54,16.55,0.59,82.05,0.6,16.0,0.41,11.05,0.4,16.0,0.42,50.0,0.43,13.0,0.04,0.01,2344.761802,1776381247000
1776381249.163,249.163,0.54,26.55,0.53,10.0,0.56,16.0,0.57,16.0,0.41,82.05,0.4,16.0,0.46,16.55,0.47,30.0,0.02,0.05,2344.636302,1776381248000
1776381249.628,249.628,0.55,2.0,0.54,11.55,0.56,16.0,0.57,16.0,0.44,16.0,0.43,16.0,0.46,26.55,0.47,10.0,0.01,0.02,2344.636302,1776381248000
1776381249.866,249.866,0.53,10.0,0.52,27.0,0.55,10.0,0.56,16.0,0.45,10.0,0.44,16.0,0.46,6.55,0.47,10.0,0.02,0.01,2344.636302,1776381248000
1776381250.397,250.397,0.55,10.55,0.54,16.0,0.56,1.0,0.57,6.0,0.44,11.0,0.43,16.0,0.46,16.0,0.47,10.0,0.01,0.02,2344.570584,1776381249000
1776381251.531,251.531,0.55,23.75,0.54,16.0,0.58,2.0,0.59,16.0,0.44,1.0,0.43,6.0,0.45,10.55,0.46,16.0,0.03,0.01,2344.555451,1776381250000
1776381251.957,251.957,0.55,21.83,0.54,16.0,0.57,10.0,0.58,2.0,0.42,2.0,0.41,16.0,0.45,23.75,0.46,16.0,0.02,0.03,2344.555958,1776381251000
1776381252.228,252.228,0.56,0.13,0.55,21.83,0.57,10.0,0.59,31.0,0.43,7.2,0.42,2.0,0.45,21.83,0.46,16.0,0.01,0.02,2344.555958,1776381251000
1776381252.504,252.504,0.55,21.28,0.54,16.0,0.56,5.0,0.57,10.0,0.43,10.0,0.41,31.0,0.44,0.13,0.45,21.83,0.01,0.01,2344.555958,1776381251000
1776381253.213,253.213,0.56,4.0,0.55,26.28,0.57,10.0,0.58,15.0,0.44,5.0,0.43,10.0,0.45,21.28,0.46,16.0,0.01,0.01,2344.554861,1776381252000
1776381254.52,254.52,0.56,12.72,0.55,21.28,0.57,125.17,0.58,15.0,0.43,10.0,0.42,15.0,0.44,4.0,0.45,26.28,0.01,0.01,2344.548894,1776381253000
1776381254.762,254.762,0.56,11.54,0.55,21.28,0.57,125.17,0.58,15.0,0.43,125.17,0.42,15.0,0.44,12.72,0.45,21.28,0.01,0.01,2344.548894,1776381253000
1776381255.683,255.683,0.56,11.54,0.55,21.28,0.57,116.39,0.58,15.0,0.43,125.17,0.42,15.0,0.44,11.54,0.45,21.28,0.01,0.01,2344.470054,1776381254000
1776381255.903,255.903,0.56,0.17,0.55,21.28,0.57,116.39,0.58,15.0,0.43,116.39,0.42,15.0,0.44,11.54,0.45,21.28,0.01,0.01,2344.470054,1776381254000
1776381258.463,258.463,0.56,10.17,0.55,32.28,0.57,114.31,0.58,5.0,0.43,116.39,0.42,15.0,0.44,0.17,0.45,21.28,0.01,0.01,2344.449633,1776381257000
1776381260.817,260.817,0.57,340.0,0.56,111.17,0.58,113.15,0.59,10.0,0.43,114.31,0.42,5.0,0.44,10.17,0.45,32.28,0.01,0.01,2344.459906,1776381259000
1776381261.205,261.205,0.74,41.0,0.73,28.0,0.75,3.33,0.76,5.0,0.26,16.28,0.25,82.71,0.43,340.0,0.44,111.17,0.01,0.17,2344.459514,1776381260000
1776381261.689,261.689,0.8,15.0,0.79,15.0,0.81,32.0,0.82,10.0,0.2,50.0,0.19,75.0,0.25,10.0,0.26,41.0,0.01,0.05,2344.459514,1776381260000
1776381261.952,261.952,0.8,3.5,0.79,15.0,0.81,57.82,0.83,105.0,0.19,7.82,0.17,105.0,0.2,10.0,0.21,15.0,0.01,0.01,2344.459514,1776381260000
1776381262.326,262.326,0.8,66.5,0.79,15.0,0.81,0.33,0.83,95.0,0.19,56.33,0.17,105.0,0.2,3.5,0.21,15.0,0.01,0.01,2344.47463,1776381261000
1776381264.354,264.354,0.82,25.0,0.81,43.0,0.83,0.1,0.84,205.0,0.17,64.1,0.16,220.0,0.18,15.0,0.19,15.0,0.01,0.01,2344.7784,1776381263000
1776381264.676,264.676,0.82,17.0,0.81,93.0,0.83,0.1,0.84,205.0,0.17,0.1,0.16,205.0,0.18,25.0,0.19,43.0,0.01,0.01,2344.7784,1776381263000
1776381265.234,265.234,0.84,17.0,0.83,66.0,0.85,1.39,0.86,50.0,0.17,0.1,0.16,205.0,0.18,17.0,0.19,93.0,0.01,0.01,2344.87047,1776381264000
1776381265.486,265.486,0.86,48.71,0.84,42.0,0.87,150.0,0.88,120.0,0.15,1.29,0.14,50.0,0.16,17.0,0.17,66.0,0.01,0.01,2344.87047,1776381264000
1776381266.851,266.851,0.87,7.3,0.86,129.71,0.88,25.0,0.89,155.0,0.13,150.0,0.12,120.0,0.14,48.71,0.16,42.0,0.01,0.01,2344.82304,1776381265000
1776381267.482,267.482,0.89,105.0,0.88,46.0,0.9,170.0,0.91,211.0,0.12,25.0,0.11,155.0,0.13,7.3,0.14,129.71,0.01,0.01,2344.862156,1776381266000
1776381267.879,267.879,0.89,112.0,0.88,36.0,0.9,17.54,0.91,111.0,0.1,49.77,0.09,211.0,0.11,115.0,0.12,36.0,0.01,0.01,2344.862156,1776381266000
1776381268.599,268.599,0.91,21.46,0.89,82.66,0.92,28.0,0.93,124.0,0.1,17.54,0.09,111.0,0.11,102.66,0.12,46.0,0.01,0.01,2345.07012,1776381267000
1776381269.126,269.126,0.91,26.46,0.9,10.0,0.92,3.81,0.93,124.0,0.08,28.0,0.07,124.0,0.09,21.46,0.11,82.66,0.01,0.01,2345.07012,1776381267000
1776381269.643,269.643,0.91,40.46,0.9,10.0,0.92,13.81,0.93,129.0,0.08,3.81,0.07,124.0,0.09,26.46,0.1,10.0,0.01,0.01,2345.129532,1776381268000
1776381269.931,269.931,0.91,40.46,0.9,70.0,0.92,8.55,0.93,129.0,0.08,13.81,0.07,129.0,0.09,40.46,0.1,10.0,0.01,0.01,2345.199075,1776381269000
1776381270.421,270.421,0.91,33.46,0.9,75.0,0.92,5.28,0.93,124.0,0.08,8.55,0.07,129.0,0.09,40.46,0.1,70.0,0.01,0.01,2345.199075,1776381269000
1776381272.021,272.021,0.92,8.0,0.91,135.46,0.93,102.0,0.94,54.0,0.07,124.0,0.06,54.0,0.09,33.46,0.1,75.0,0.01,0.02,2345.242137,1776381270000
1776381273.016,273.016,0.92,3.0,0.91,153.46,0.93,52.0,0.94,54.0,0.07,102.0,0.06,54.0,0.08,8.0,0.09,135.46,0.01,0.01,2345.27065,1776381271000
1776381273.405,273.405,0.92,3.0,0.91,153.46,0.94,35.97,0.95,50.0,0.07,52.0,0.06,54.0,0.08,3.0,0.09,153.46,0.02,0.01,2345.27065,1776381271000
1776381276.763,276.763,0.94,200.0,0.93,126.0,0.96,125.0,0.97,161.0,0.06,35.97,0.05,50.0,0.08,3.0,0.09,153.46,0.02,0.02,2345.290598,1776381275000
1776381277.101,277.101,0.95,92.0,0.94,147.0,0.96,116.5,0.97,161.0,0.04,125.0,0.03,161.0,0.06,200.0,0.07,126.0,0.01,0.02,2345.291183,1776381276000
1776381278.764,278.764,0.95,145.0,0.94,112.0,0.96,55.5,0.97,161.0,0.04,86.5,0.03,161.0,0.05,92.0,0.06,122.0,0.01,0.01,2345.308915,1776381277000
1776381279.923,279.923,0.95,174.0,0.94,120.0,0.96,25.4,0.97,161.0,0.04,55.5,0.03,161.0,0.05,145.0,0.06,112.0,0.01,0.01,2345.5135,1776381279000
1776381281.037,281.037,0.96,15.31,0.95,242.89,0.97,161.0,0.98,220.0,0.04,25.4,0.03,161.0,0.05,174.0,0.06,120.0,0.01,0.01,2345.5287,1776381280000
1776381281.779,281.779,0.96,151.78,0.95,147.89,0.97,145.53,0.98,220.0,0.03,161.0,0.02,220.0,0.04,15.31,0.05,242.89,0.01,0.01,2345.5287,1776381280000
1776381282.037,282.037,0.96,158.78,0.95,147.89,0.97,124.22,0.98,220.0,0.03,139.53,0.02,220.0,0.04,158.78,0.05,147.89,0.01,0.01,2345.5287,1776381280000
1776381282.344,282.344,0.96,158.78,0.95,137.89,0.97,13.22,0.98,220.0,0.03,43.22,0.02,220.0,0.04,158.78,0.05,147.89,0.01,0.01,2345.53937,1776381281000
1776381282.867,282.867,0.96,158.78,0.95,137.89,0.97,11.15,0.98,220.0,0.03,13.22,0.02,220.0,0.04,158.78,0.05,137.89,0.01,0.01,2345.54054,1776381282000
1776381284.055,284.055,0.96,199.78,0.95,137.89,0.97,10.11,0.98,220.0,0.03,11.15,0.02,220.0,0.04,158.78,0.05,137.89,0.01,0.01,2345.540575,1776381283000
1776381284.381,284.381,0.96,199.78,0.95,137.89,0.97,6.99,0.98,220.0,0.03,8.03,0.02,220.0,0.04,199.78,0.05,137.89,0.01,0.01,2345.540575,1776381283000
1776381284.607,284.607,0.96,217.78,0.95,120.89,0.97,3.87,0.98,220.0,0.03,4.91,0.02,220.0,0.04,217.78,0.05,120.89,0.01,0.01,2345.540575,1776381283000
1776381285.253,285.253,0.96,197.78,0.95,109.89,0.97,7.68,0.98,220.0,0.03,12.83,0.02,220.0,0.04,217.78,0.05,120.89,0.01,0.01,2345.531441,1776381284000
1776381285.489,285.489,0.96,197.78,0.95,109.89,0.98,220.0,0.99,1414.85,0.03,7.68,0.02,220.0,0.04,197.78,0.05,109.89,0.02,0.01,2345.531441,1776381284000
1776381285.937,285.937,0.97,170.38,0.96,126.1,0.98,220.0,0.99,1414.85,0.02,220.0,0.01,1414.85,0.03,39.0,0.04,197.78,0.01,0.01,2345.531441,1776381284000
1776381286.237,286.237,0.97,170.38,0.96,126.1,0.98,204.89,0.99,1414.85,0.02,214.89,0.01,1414.85,0.03,170.38,0.04,126.1,0.01,0.01,2345.531441,1776381284000
1776381286.559,286.559,0.97,170.38,0.96,126.1,0.98,184.68,0.99,1414.85,0.02,194.68,0.01,1414.85,0.03,170.38,0.04,126.1,0.01,0.01,2345.534822,1776381285000
1776381286.765,286.765,0.97,170.38,0.96,136.1,0.98,132.02,0.99,1414.85,0.02,134.68,0.01,1414.85,0.03,170.38,0.04,136.1,0.01,0.01,2345.534822,1776381285000
1776381287.666,287.666,0.97,203.38,0.96,126.1,0.98,130.99,0.99,1414.85,0.02,132.02,0.01,1414.85,0.03,170.38,0.04,136.1,0.01,0.01,2345.536187,1776381286000
1776381288.099,288.099,0.97,190.0,0.96,106.1,0.98,124.96,0.99,1414.85,0.02,125.99,0.01,1414.85,0.03,190.0,0.04,106.1,0.01,0.01,2345.536187,1776381286000
1776381288.939,288.939,0.97,200.0,0.96,106.1,0.98,119.85,0.99,1314.85,0.02,124.96,0.01,1414.85,0.03,190.0,0.04,106.1,0.01,0.01,2345.54194,1776381287000
1776381289.239,289.239,0.97,190.0,0.96,106.1,0.98,110.66,0.99,1314.85,0.02,114.75,0.01,1314.85,0.03,200.0,0.04,106.1,0.01,0.01,2345.531825,1776381288000
1776381289.66,289.66,0.97,181.5,0.96,166.78,0.98,110.66,0.99,1296.83,0.02,110.66,0.01,1314.85,0.03,190.0,0.04,106.1,0.01,0.01,2345.531825,1776381288000
1776381290.156,290.156,0.97,186.5,0.96,155.78,0.98,105.55,0.99,1196.83,0.02,110.66,0.01,1296.83,0.03,181.5,0.04,166.78,0.01,0.01,2345.521881,1776381289000
1776381290.475,290.475,0.97,186.5,0.96,155.78,0.98,100.72,0.99,1196.83,0.02,105.55,0.01,1196.83,0.03,186.5,0.04,155.78,0.01,0.01,2345.521881,1776381289000
1776381290.988,290.988,0.97,230.5,0.96,155.78,0.98,80.72,0.99,1191.83,0.02,85.72,0.01,1196.83,0.03,230.5,0.04,155.78,0.01,0.01,2345.521881,1776381289000
1776381291.507,291.507,0.97,230.5,0.96,155.78,0.98,59.69,0.99,1191.83,0.02,64.69,0.01,1191.83,0.03,230.5,0.04,155.78,0.01,0.01,2345.474869,1776381290000
1776381292.514,292.514,0.97,230.5,0.96,134.78,0.98,1.86,0.99,1191.83,0.02,16.11,0.01,1191.83,0.03,230.5,0.04,155.78,0.01,0.01,2345.474869,1776381290000
1776381292.963,292.963,0.97,240.5,0.96,134.78,0.99,1142.67,,,0.02,1.86,0.01,1191.83,0.03,230.5,0.04,134.78,0.02,0.01,2345.506828,1776381291000
1776381293.289,293.289,0.98,173.99,0.97,94.5,0.99,1233.65,,,0.01,1238.65,,,0.02,77.7,0.03,60.5,0.01,0.01,2345.506828,1776381291000
1776381293.575,293.575,0.98,173.99,0.97,94.5,0.99,1223.65,,,0.01,1233.65,,,0.02,173.99,0.03,94.5,0.01,0.01,2345.506828,1776381292000
1776381293.854,293.854,0.98,224.99,0.97,94.5,0.99,1211.65,,,0.01,1223.65,,,0.02,173.99,0.03,94.5,0.01,0.01,2345.506828,1776381292000
1776381294.269,294.269,0.98,361.99,0.97,94.5,0.99,1090.65,,,0.01,1211.65,,,0.02,224.99,0.03,94.5,0.01,0.01,2345.515495,1776381293000
1776381294.685,294.685,0.98,361.99,0.97,94.5,0.99,1085.6,,,0.01,1090.65,,,0.02,361.99,0.03,94.5,0.01,0.01,2345.515495,1776381293000
1776381295.015,295.015,0.98,361.99,0.97,94.5,0.99,1065.39,,,0.01,1085.6,,,0.02,361.99,0.03,94.5,0.01,0.01,2345.515495,1776381293000
1776381295.321,295.321,0.98,361.99,0.97,94.5,0.99,1035.39,,,0.01,1045.39,,,0.02,361.99,0.03,94.5,0.01,0.01,2345.514699,1776381294000
1776381295.573,295.573,0.98,361.99,0.97,83.5,0.99,957.43,,,0.01,969.43,,,0.02,361.99,0.03,94.5,0.01,0.01,2345.514699,1776381294000
1776381295.859,295.859,0.98,371.99,0.97,48.0,0.99,748.3,,,0.01,750.33,,,0.02,361.99,0.03,83.5,0.01,0.01,2345.514699,1776381294000
1776381296.149,296.149,0.98,371.99,0.97,48.0,0.99,189.2,,,0.01,191.2,,,0.02,371.99,0.03,48.0,0.01,0.01,2345.514699,1776381294000
1776381299.748,299.748,0.99,24745.59,0.98,38.0,,,,,,,,,0.01,112.8,0.02,371.99,,,2345.51457,1776381298000
1776381300.811,300.811,0.99,60599.98,0.98,38.0,,,,,,,,,0.01,24745.59,0.02,38.0,,,2345.517111,1776381299000

# RESULT,winner=Up,slug=eth-updown-5m-1776381000,ticks=267
