timestamp,elapsed_sec,up_bid_p1,up_bid_s1,up_bid_p2,up_bid_s2,up_ask_p1,up_ask_s1,up_ask_p2,up_ask_s2,down_bid_p1,down_bid_s1,down_bid_p2,down_bid_s2,down_ask_p1,down_ask_s1,down_ask_p2,down_ask_s2,up_spread,down_spread,eth_price,eth_oracle_ts
1776287700.915,0.915,0.52,227.3,0.51,31.86,0.6,38.0,0.61,34.0,0.4,38.0,0.39,34.0,0.48,227.3,0.49,31.86,0.08,0.08,2354.581174,1776287700000
1776287701.531,1.531,0.56,11.64,0.52,40.0,0.59,5.0,0.6,27.0,0.4,38.0,0.39,34.0,0.48,227.3,0.49,31.86,0.03,0.08,2354.581174,1776287700000
1776287702.245,2.245,0.56,4.09,0.55,11.0,0.57,5.0,0.59,5.0,0.41,5.0,0.4,27.0,0.44,11.64,0.48,40.0,0.01,0.03,2354.584896,1776287701000
1776287702.502,2.502,0.56,13.72,0.55,11.0,0.57,33.0,0.58,13.0,0.4,5.0,0.39,5.0,0.44,4.09,0.45,11.0,0.01,0.04,2354.584896,1776287701000
1776287702.848,2.848,0.56,13.72,0.55,11.0,0.58,3.53,0.59,25.0,0.43,33.0,0.42,13.0,0.44,13.72,0.45,11.0,0.02,0.01,2354.584896,1776287701000
1776287704.351,4.351,0.56,5.0,0.54,110.12,0.57,56.0,0.58,28.0,0.42,3.53,0.41,25.0,0.44,13.72,0.45,11.0,0.01,0.02,2354.676135,1776287703000
1776287704.667,4.667,0.56,16.0,0.55,11.0,0.57,56.0,0.58,28.0,0.43,56.0,0.42,28.0,0.44,5.0,0.46,110.12,0.01,0.01,2354.676135,1776287703000
1776287705.396,5.396,0.56,1.0,0.55,11.0,0.57,56.0,0.58,28.0,0.43,56.0,0.42,28.0,0.44,16.0,0.45,11.0,0.01,0.01,2354.675105,1776287704000
1776287705.908,5.908,0.55,7.0,0.54,110.12,0.57,61.0,0.58,28.0,0.43,56.0,0.42,28.0,0.44,1.0,0.45,11.0,0.02,0.01,2354.675105,1776287704000
1776287706.206,6.206,0.54,112.12,0.53,22.0,0.56,88.0,0.57,38.0,0.44,53.0,0.43,33.0,0.45,7.0,0.46,115.12,0.02,0.01,2354.675105,1776287704000
1776287707.214,7.214,0.54,88.12,0.52,52.3,0.55,116.0,0.56,112.0,0.44,88.0,0.43,38.0,0.46,112.12,0.47,22.0,0.01,0.02,2354.66959,1776287705000
1776287707.705,7.705,0.54,66.38,0.52,52.3,0.55,170.0,0.56,102.0,0.45,116.0,0.44,112.0,0.46,88.12,0.48,52.3,0.01,0.01,2354.67459,1776287706000
1776287708.027,8.027,0.51,31.71,0.5,25.0,0.52,10.0,0.53,4.52,0.48,15.0,0.47,4.52,0.49,34.9,0.5,20.0,0.01,0.01,2354.67459,1776287707000
1776287708.397,8.397,0.49,17.34,0.48,21.0,0.5,3.67,0.51,10.0,0.49,52.32,0.48,10.0,0.5,1.08,0.51,12.34,0.01,0.01,2354.67459,1776287707000
1776287708.724,8.724,0.49,12.34,0.48,21.0,0.5,15.0,0.51,15.0,0.49,10.0,0.48,10.0,0.51,17.34,0.52,21.0,0.01,0.02,2354.67459,1776287707000
1776287708.966,8.966,0.49,18.34,0.48,10.0,0.5,19.9,0.51,25.0,0.5,25.0,0.49,20.0,0.51,18.34,0.52,10.0,0.01,0.01,2354.67459,1776287707000
1776287709.211,9.211,0.49,23.34,0.48,10.0,0.5,24.5,0.51,25.0,0.5,19.5,0.49,25.0,0.51,18.34,0.52,10.0,0.01,0.01,2354.507437,1776287708000
1776287709.704,9.704,0.47,3.51,0.46,22.93,0.48,15.0,0.49,15.0,0.52,10.0,0.51,15.0,0.53,10.0,0.54,67.93,0.01,0.01,2354.507437,1776287708000
1776287709.931,9.931,0.45,5.82,0.44,35.0,0.46,20.0,0.47,20.0,0.53,15.0,0.52,20.0,0.55,5.92,0.56,35.0,0.01,0.02,2354.507437,1776287708000
1776287710.432,10.432,0.4,43.0,0.39,38.0,0.44,15.0,0.45,41.0,0.55,24.18,0.54,25.0,0.56,35.0,0.57,11.0,0.04,0.01,2353.980208,1776287709000
1776287710.887,10.887,0.4,5.75,0.39,31.0,0.42,10.0,0.43,10.0,0.59,30.0,0.58,15.0,0.6,0.75,0.61,31.0,0.02,0.01,2353.980208,1776287709000
1776287711.262,11.262,0.41,24.7,0.4,5.75,0.42,12.0,0.43,10.0,0.58,12.0,0.57,10.0,0.59,30.0,0.6,0.75,0.01,0.01,2353.951455,1776287710000
1776287711.703,11.703,0.41,74.7,0.39,36.0,0.42,22.0,0.43,10.0,0.58,12.0,0.57,10.0,0.59,24.7,0.6,5.75,0.01,0.01,2353.951455,1776287710000
1776287712.099,12.099,0.46,27.06,0.43,10.0,0.47,10.0,0.48,75.0,0.58,22.0,0.57,10.0,0.59,74.7,0.61,36.0,0.01,0.01,2353.951455,1776287710000
1776287714.027,14.027,0.46,120.99,0.45,10.0,0.47,10.0,0.48,75.0,0.53,20.0,0.52,85.0,0.54,70.62,0.55,10.0,0.01,0.01,2353.531171,1776287713000
1776287715.651,15.651,0.47,10.0,0.46,120.99,0.48,30.0,0.49,5.0,0.53,10.0,0.52,75.0,0.54,120.99,0.55,10.0,0.01,0.01,2354.040765,1776287714000
1776287716.337,16.337,0.53,10.0,0.52,22.09,0.54,16.0,0.55,10.0,0.52,30.0,0.51,5.0,0.53,10.0,0.54,120.99,0.01,0.01,2354.120665,1776287715000
1776287717.221,17.221,0.52,12.09,0.5,81.71,0.54,7.22,0.55,15.0,0.46,16.0,0.45,10.0,0.47,5.0,0.48,22.09,0.02,0.01,2354.120665,1776287715000
1776287717.464,17.464,0.52,14.55,0.5,86.71,0.53,9.05,0.54,12.22,0.47,4.05,0.46,12.22,0.48,16.99,0.5,81.71,0.01,0.01,2354.141145,1776287716000
1776287717.665,17.665,0.52,7.73,0.5,86.71,0.53,9.05,0.54,12.22,0.47,9.05,0.46,12.22,0.48,7.98,0.5,86.71,0.01,0.01,2354.141145,1776287716000
1776287718.329,18.329,0.5,87.99,0.46,143.45,0.51,44.0,0.52,15.0,0.49,10.0,0.48,10.0,0.5,79.23,0.51,5.0,0.01,0.01,2354.239958,1776287717000
1776287718.566,18.566,0.5,78.99,0.49,5.0,0.51,56.0,0.52,15.0,0.49,44.0,0.48,15.0,0.5,87.99,0.54,143.45,0.01,0.01,2354.239958,1776287717000
1776287718.938,18.938,0.5,43.99,0.46,60.99,0.51,167.5,0.52,25.5,0.49,46.0,0.48,15.0,0.5,83.99,0.51,5.0,0.01,0.01,2354.239958,1776287717000
1776287719.429,19.429,0.47,10.0,0.46,70.99,0.51,79.5,0.52,25.5,0.49,102.5,0.48,25.5,0.5,33.99,0.54,70.99,0.04,0.01,2354.282894,1776287718000
1776287719.925,19.925,0.46,58.39,0.45,5.0,0.47,115.0,0.48,115.0,0.49,96.5,0.48,25.5,0.54,53.39,0.55,10.0,0.01,0.05,2354.282894,1776287718000
1776287721.961,21.961,0.46,108.89,0.45,25.5,0.47,146.87,0.48,180.5,0.53,115.0,0.52,115.0,0.54,58.39,0.55,5.0,0.01,0.01,2353.965663,1776287720000
1776287723.386,23.386,0.46,88.92,0.45,5.0,0.47,198.28,0.48,150.5,0.53,146.87,0.52,180.5,0.54,108.89,0.55,25.5,0.01,0.01,2354.018605,1776287722000
1776287723.633,23.633,0.46,73.82,0.45,5.0,0.47,217.28,0.48,175.5,0.53,228.28,0.52,175.5,0.54,73.82,0.55,5.0,0.01,0.01,2354.018605,1776287722000
1776287723.932,23.932,0.46,57.82,0.45,5.0,0.47,222.28,0.48,175.5,0.53,217.28,0.52,175.5,0.54,73.82,0.55,5.0,0.01,0.01,2354.018605,1776287722000
1776287724.254,24.254,0.39,10.0,0.38,5.0,0.41,22.0,0.42,63.0,0.57,3.77,0.55,5.0,0.6,25.0,0.61,30.0,0.02,0.03,2354.01775,1776287723000
1776287725.254,25.254,0.36,55.0,0.35,90.0,0.38,136.5,0.39,125.5,0.61,17.0,0.6,17.0,0.63,0.8,0.64,90.0,0.02,0.02,2354.01775,1776287723000
1776287725.636,25.636,0.36,80.0,0.35,95.0,0.37,175.25,0.38,141.5,0.62,136.5,0.61,125.5,0.64,55.0,0.65,90.0,0.01,0.02,2353.87517,1776287724000
1776287726.281,26.281,0.36,35.0,0.35,103.0,0.37,169.25,0.38,141.5,0.63,175.25,0.62,141.5,0.64,80.0,0.65,95.0,0.01,0.01,2353.87517,1776287724000
1776287726.798,26.798,0.36,8.43,0.35,90.0,0.37,226.75,0.38,135.5,0.63,169.25,0.62,141.5,0.64,35.0,0.65,103.0,0.01,0.01,2353.26725,1776287725000
1776287727.534,27.534,0.35,90.0,0.34,141.0,0.36,139.89,0.37,162.5,0.63,226.75,0.62,135.5,0.64,8.43,0.65,90.0,0.01,0.01,2353.21215,1776287726000
1776287731.698,31.698,0.32,25.0,0.31,150.0,0.33,221.96,0.34,144.75,0.64,139.89,0.63,162.5,0.65,90.0,0.66,141.0,0.01,0.01,2353.072332,1776287730000
1776287732.39,32.39,0.32,140.5,0.31,230.5,0.34,38.0,0.35,90.5,0.67,221.96,0.66,144.75,0.68,25.0,0.69,150.0,0.02,0.01,2353.053094,1776287731000
1776287732.631,32.631,0.32,129.02,0.31,255.5,0.33,5.9,0.34,38.0,0.67,17.0,0.66,38.0,0.68,114.02,0.69,255.5,0.01,0.01,2353.053094,1776287731000
1776287732.838,32.838,0.32,142.27,0.31,255.5,0.33,5.9,0.34,47.5,0.67,5.9,0.66,38.0,0.68,129.02,0.69,255.5,0.01,0.01,2353.053094,1776287731000
1776287733.059,33.059,0.32,147.27,0.31,255.5,0.33,4.9,0.34,37.5,0.67,5.9,0.66,47.5,0.68,142.27,0.69,255.5,0.01,0.01,2353.053094,1776287731000
1776287733.493,33.493,0.32,141.27,0.31,255.5,0.33,62.0,0.34,38.5,0.67,4.9,0.66,37.5,0.68,147.27,0.69,255.5,0.01,0.01,2353.016992,1776287732000
1776287735.023,35.023,0.3,130.0,0.29,160.0,0.31,58.38,0.32,52.5,0.67,62.0,0.66,38.5,0.68,141.27,0.69,255.5,0.01,0.01,2353.044275,1776287733000
1776287736.435,36.435,0.3,156.96,0.29,239.5,0.31,68.5,0.32,51.5,0.69,58.38,0.68,52.5,0.7,130.0,0.71,160.0,0.01,0.01,2353.0478,1776287735000
1776287736.923,36.923,0.3,228.17,0.29,239.5,0.31,31.0,0.32,34.0,0.69,52.0,0.68,52.5,0.7,168.17,0.71,239.5,0.01,0.01,2353.0478,1776287735000
1776287739.162,39.162,0.3,105.0,0.29,165.0,0.31,51.16,0.32,35.75,0.69,31.0,0.68,34.0,0.7,228.17,0.71,239.5,0.01,0.01,2352.816009,1776287737000
1776287741.103,41.103,0.29,8.0,0.28,70.0,0.3,149.76,0.31,183.5,0.69,52.93,0.68,35.75,0.7,145.0,0.71,155.0,0.01,0.01,2352.778929,1776287739000
1776287741.393,41.393,0.29,2.0,0.28,70.0,0.3,159.76,0.31,183.5,0.7,149.76,0.69,183.5,0.71,8.0,0.72,70.0,0.01,0.01,2352.817787,1776287740000
1776287741.802,41.802,0.29,2.0,0.28,70.0,0.3,153.76,0.31,208.5,0.7,159.76,0.69,183.5,0.71,2.0,0.72,70.0,0.01,0.01,2352.817787,1776287740000
1776287742.378,42.378,0.27,39.0,0.26,49.0,0.3,151.5,0.31,106.5,0.7,153.76,0.69,208.5,0.71,2.0,0.72,70.0,0.03,0.01,2352.776774,1776287741000
1776287742.615,42.615,0.24,28.59,0.23,3.41,0.28,3.42,0.29,14.08,0.75,10.0,0.72,10.0,0.76,3.59,0.77,3.41,0.04,0.01,2352.776774,1776287741000
1776287742.842,42.842,0.31,9.0,0.3,5.0,0.32,5.4,0.33,91.5,0.68,11.0,0.67,71.0,0.71,4.23,0.72,35.5,0.01,0.03,2352.776774,1776287741000
1776287743.089,43.089,0.28,5.0,0.24,30.0,0.29,4.37,0.3,10.0,0.69,0.38,0.68,15.4,0.72,5.0,0.73,10.0,0.01,0.03,2352.776774,1776287741000
1776287743.335,43.335,0.22,15.0,0.21,116.7,0.25,34.0,0.26,15.0,0.75,9.0,0.74,10.0,0.76,5.0,0.78,78.0,0.03,0.01,2352.776774,1776287741000
1776287743.586,43.586,0.22,36.0,0.21,116.7,0.23,5.0,0.24,15.03,0.75,92.36,0.74,10.0,0.78,20.0,0.79,116.7,0.01,0.03,2352.719605,1776287742000
1776287743.886,43.886,0.23,15.0,0.22,166.0,0.24,2.85,0.25,146.36,0.76,15.03,0.75,97.36,0.78,141.0,0.79,226.7,0.01,0.02,2352.719605,1776287742000
1776287744.152,44.152,0.24,200.81,0.23,237.0,0.25,58.0,0.27,10.0,0.75,65.0,0.7,5.0,0.77,20.0,0.78,166.0,0.01,0.02,2352.719605,1776287742000
1776287744.556,44.556,0.24,151.86,0.23,180.3,0.25,38.66,0.27,5.0,0.75,38.66,0.72,10.0,0.76,132.0,0.77,137.0,0.01,0.01,2352.52245,1776287743000
1776287745.505,45.505,0.24,146.86,0.23,239.81,0.25,20.0,0.28,10.0,0.75,33.66,0.73,5.0,0.76,151.86,0.77,158.3,0.01,0.01,2352.349298,1776287744000
1776287746.007,46.007,0.24,174.86,0.23,264.81,0.3,5.0,0.31,10.0,0.75,20.0,0.72,10.0,0.76,146.86,0.77,239.81,0.06,0.01,2352.367028,1776287745000
1776287746.48,46.48,0.29,10.0,0.28,31.0,0.31,10.0,0.32,65.0,0.71,21.75,0.7,5.0,0.75,7.0,0.76,174.86,0.02,0.04,2352.367028,1776287745000
1776287746.882,46.882,0.32,13.63,0.31,96.0,0.33,40.0,0.35,228.0,0.68,65.0,0.67,40.0,0.71,10.0,0.72,31.0,0.01,0.03,2352.367028,1776287745000
1776287747.381,47.381,0.32,6.23,0.31,76.0,0.33,45.0,0.34,25.0,0.67,40.0,0.65,228.0,0.68,13.63,0.69,96.0,0.01,0.01,2352.5035,1776287746000
1776287748.363,48.363,0.32,24.75,0.31,76.0,0.33,40.0,0.34,25.0,0.67,45.0,0.66,25.0,0.68,6.23,0.69,76.0,0.01,0.01,2352.835268,1776287747000
1776287748.937,48.937,0.33,16.41,0.32,98.41,0.35,55.0,0.36,10.0,0.67,40.0,0.66,25.0,0.68,24.75,0.69,76.0,0.02,0.01,2352.835268,1776287747000
1776287749.144,49.144,0.32,91.3,0.31,70.0,0.35,55.0,0.36,10.0,0.65,55.0,0.64,10.0,0.67,16.41,0.68,98.41,0.03,0.02,2352.835268,1776287747000
1776287749.7,49.7,0.32,5.0,0.3,10.0,0.33,20.0,0.34,30.25,0.65,55.0,0.64,10.0,0.68,91.3,0.69,70.0,0.01,0.03,2353.155345,1776287748000
1776287756.278,56.278,0.36,145.5,0.35,128.5,0.37,105.0,0.38,20.0,0.68,8.33,0.67,15.0,0.7,10.0,0.71,40.0,0.01,0.02,2353.43272,1776287755000
1776287758.01,58.01,0.39,149.96,0.38,122.5,0.4,188.83,0.41,70.0,0.63,105.0,0.62,20.0,0.64,136.52,0.65,128.5,0.01,0.01,2353.585751,1776287757000
1776287758.909,58.909,0.39,119.03,0.38,149.85,0.4,117.58,0.41,81.0,0.6,142.58,0.59,81.0,0.61,159.96,0.62,97.5,0.01,0.01,2353.585751,1776287757000
1776287759.648,59.648,0.39,222.78,0.38,82.03,0.4,117.58,0.41,76.0,0.6,117.58,0.59,81.0,0.61,119.03,0.62,149.85,0.01,0.01,2353.791658,1776287758000
1776287760.206,60.206,0.39,197.78,0.38,112.03,0.4,112.75,0.41,81.0,0.6,117.58,0.59,76.0,0.61,222.78,0.62,82.03,0.01,0.01,2353.791658,1776287758000
1776287760.559,60.559,0.39,186.09,0.38,117.03,0.4,111.1,0.41,81.0,0.6,106.1,0.59,81.0,0.61,187.78,0.62,112.03,0.01,0.01,2353.887622,1776287759000
1776287761.138,61.138,0.39,236.56,0.38,87.03,0.4,56.1,0.41,65.0,0.6,111.1,0.59,81.0,0.61,186.09,0.62,117.03,0.01,0.01,2353.887622,1776287759000
1776287761.439,61.439,0.39,304.56,0.38,87.03,0.4,12.02,0.41,30.0,0.6,21.52,0.59,30.0,0.61,250.56,0.62,87.03,0.01,0.01,2353.923315,1776287760000
1776287761.654,61.654,0.39,203.03,0.38,101.03,0.41,30.0,0.42,135.0,0.6,2.02,0.59,30.0,0.61,259.03,0.62,101.03,0.02,0.01,2353.923315,1776287760000
1776287762.984,62.984,0.4,242.03,0.39,172.53,0.42,150.0,0.43,55.0,0.59,22.0,0.58,145.0,0.6,65.0,0.61,139.5,0.02,0.01,2353.934928,1776287761000
1776287763.954,63.954,0.43,81.5,0.42,50.5,0.44,22.0,0.45,20.0,0.58,150.0,0.57,55.0,0.59,45.0,0.6,197.03,0.01,0.01,2354.008258,1776287762000
1776287765.159,65.159,0.46,258.99,0.45,235.75,0.47,60.0,0.48,60.0,0.54,60.0,0.53,75.0,0.56,55.5,0.57,214.49,0.01,0.02,2354.008258,1776287762000
1776287765.87,65.87,0.43,23.34,0.42,94.3,0.44,22.0,0.45,23.0,0.53,60.0,0.52,60.0,0.54,258.99,0.55,235.75,0.01,0.01,2354.312774,1776287764000
1776287766.377,66.377,0.43,56.33,0.42,74.3,0.44,22.0,0.45,38.0,0.56,22.0,0.55,38.0,0.57,47.2,0.58,69.3,0.01,0.01,2354.312774,1776287764000
1776287766.769,66.769,0.41,30.69,0.4,73.0,0.44,12.8,0.45,37.0,0.56,12.8,0.55,33.0,0.57,71.33,0.58,79.3,0.03,0.01,2354.487355,1776287765000
1776287767.367,67.367,0.41,33.46,0.4,35.0,0.42,5.0,0.43,5.0,0.56,12.8,0.55,37.0,0.59,30.69,0.6,73.0,0.01,0.03,2354.487355,1776287765000
1776287767.769,67.769,0.41,89.78,0.4,25.0,0.42,18.18,0.43,15.0,0.58,5.0,0.57,15.0,0.59,33.46,0.6,35.0,0.01,0.01,2354.4393,1776287766000
1776287768.216,68.216,0.41,33.78,0.4,33.46,0.42,22.56,0.43,15.0,0.58,18.18,0.57,15.0,0.59,28.78,0.6,23.46,0.01,0.01,2354.4393,1776287766000
1776287768.479,68.479,0.41,63.18,0.4,20.0,0.43,5.4,0.44,12.8,0.58,22.56,0.57,15.0,0.59,33.78,0.6,33.46,0.02,0.01,2354.167572,1776287767000
1776287769.04,69.04,0.42,5.39,0.41,57.79,0.43,22.0,0.44,28.3,0.57,5.4,0.56,12.8,0.59,63.18,0.6,20.0,0.01,0.02,2354.141065,1776287768000
1776287769.271,69.271,0.42,5.39,0.41,60.97,0.43,46.02,0.44,28.3,0.57,44.51,0.56,28.3,0.58,5.39,0.59,71.79,0.01,0.01,2354.141065,1776287768000
1776287771.051,71.051,0.42,21.4,0.4,22.46,0.43,177.52,0.44,158.8,0.57,46.02,0.56,28.3,0.58,5.39,0.59,60.97,0.01,0.01,2354.010174,1776287769000
1776287771.576,71.576,0.4,22.46,0.39,25.0,0.41,91.91,0.42,30.5,0.57,200.52,0.56,158.8,0.6,22.46,0.61,31.53,0.01,0.03,2354.01285,1776287770000
1776287772.119,72.119,0.4,10.0,0.39,25.0,0.41,96.91,0.42,25.5,0.59,91.91,0.58,30.5,0.6,22.46,0.61,25.0,0.01,0.01,2354.01285,1776287770000
1776287773.948,73.948,0.34,4.9,0.33,25.15,0.37,10.5,0.38,105.0,0.59,94.47,0.58,25.5,0.6,10.0,0.61,25.0,0.03,0.01,2353.888837,1776287772000
1776287774.239,74.239,0.33,10.05,0.32,70.0,0.36,94.13,0.37,37.5,0.63,10.5,0.62,105.0,0.66,4.9,0.67,25.15,0.03,0.03,2353.888837,1776287772000
1776287774.686,74.686,0.31,44.86,0.3,100.0,0.32,71.32,0.33,25.5,0.66,23.07,0.65,22.5,0.68,60.0,0.69,51.13,0.01,0.02,2353.797874,1776287773000
1776287775.069,75.069,0.31,54.23,0.3,100.0,0.32,40.5,0.33,25.5,0.68,40.5,0.67,25.5,0.69,48.41,0.7,100.0,0.01,0.01,2353.797874,1776287773000
1776287775.614,75.614,0.31,14.23,0.3,100.0,0.32,37.43,0.33,35.5,0.68,40.5,0.67,25.5,0.69,54.23,0.7,100.0,0.01,0.01,2353.395508,1776287774000
1776287776.144,76.144,0.31,34.23,0.3,100.0,0.32,15.0,0.33,31.32,0.68,37.43,0.67,35.5,0.69,14.23,0.7,100.0,0.01,0.01,2353.395508,1776287774000
1776287776.392,76.392,0.31,2.23,0.3,105.0,0.32,52.87,0.33,41.32,0.68,15.0,0.67,31.32,0.69,34.23,0.7,100.0,0.01,0.01,2352.836031,1776287775000
1776287776.764,76.764,0.27,45.0,0.26,100.0,0.32,120.87,0.33,41.32,0.68,52.87,0.67,41.32,0.69,2.23,0.7,105.0,0.05,0.01,2352.836031,1776287775000
1776287778.659,78.659,0.18,92.22,0.17,185.5,0.19,5.0,0.2,10.0,0.68,120.87,0.67,41.32,0.73,45.0,0.74,100.0,0.01,0.05,2352.61565,1776287777000
1776287778.912,78.912,0.18,91.0,0.17,185.5,0.19,12.78,0.2,22.0,0.81,22.0,0.8,22.0,0.82,91.0,0.83,185.5,0.01,0.01,2352.61565,1776287777000
1776287779.152,79.152,0.18,81.99,0.17,235.5,0.19,30.0,0.2,22.0,0.81,12.78,0.8,22.0,0.82,86.38,0.83,235.5,0.01,0.01,2352.61565,1776287777000
1776287780.436,80.436,0.17,210.0,0.15,75.0,0.19,190.5,0.2,37.5,0.81,30.0,0.8,22.0,0.82,81.99,0.83,235.5,0.02,0.01,2352.439036,1776287778000
1776287780.719,80.719,0.15,25.0,0.14,110.0,0.18,146.0,0.19,195.5,0.82,56.0,0.81,175.5,0.83,4.9,0.85,25.0,0.03,0.01,2351.52686,1776287779000
1776287781.009,81.009,0.13,56.8,0.12,84.1,0.16,6.26,0.17,51.32,0.82,146.0,0.81,195.5,0.85,25.0,0.86,110.0,0.03,0.03,2351.52686,1776287779000
1776287781.506,81.506,0.13,25.0,0.12,84.1,0.14,25.92,0.15,15.0,0.86,10.0,0.85,15.0,0.87,49.55,0.88,84.1,0.01,0.01,2351.52686,1776287779000
1776287782.001,82.001,0.11,31.79,0.1,190.0,0.12,10.0,0.13,50.82,0.86,30.41,0.85,15.0,0.88,79.1,0.89,36.79,0.01,0.02,2351.464502,1776287780000
1776287783.032,83.032,0.1,108.3,0.09,44.0,0.11,15.0,0.12,10.0,0.89,76.57,0.88,10.0,0.9,190.0,0.91,44.0,0.01,0.01,2351.255416,1776287781000
1776287783.87,83.87,0.1,7.2,0.09,129.33,0.11,15.0,0.12,15.0,0.89,10.0,0.88,10.0,0.9,102.75,0.91,44.0,0.01,0.01,2350.524148,1776287782000
1776287784.151,84.151,0.1,2.2,0.09,129.33,0.11,15.0,0.12,20.0,0.89,15.0,0.88,15.0,0.9,7.2,0.91,129.33,0.01,0.01,2350.524148,1776287782000
1776287784.549,84.549,0.1,2.2,0.09,129.33,0.12,35.0,0.13,25.0,0.89,15.0,0.88,20.0,0.9,2.2,0.91,129.33,0.02,0.01,2349.898556,1776287783000
1776287784.927,84.927,0.09,160.22,0.08,58.9,0.12,243.77,0.13,35.5,0.88,35.0,0.87,25.0,0.9,2.2,0.91,129.33,0.03,0.02,2349.898556,1776287783000
1776287785.526,85.526,0.09,148.22,0.08,58.9,0.1,21.0,0.11,25.0,0.88,243.77,0.87,35.5,0.91,160.22,0.92,58.9,0.01,0.03,2349.898556,1776287783000
1776287785.854,85.854,0.09,174.22,0.08,58.9,0.1,11.0,0.11,20.0,0.9,21.0,0.89,25.0,0.91,148.22,0.92,58.9,0.01,0.01,2349.902065,1776287784000
1776287786.072,86.072,0.09,174.22,0.08,83.9,0.11,20.0,0.12,30.0,0.9,11.0,0.89,20.0,0.91,174.22,0.92,58.9,0.02,0.01,2349.902065,1776287784000
1776287787.017,87.017,0.11,33.64,0.1,45.5,0.12,40.0,0.13,30.5,0.88,30.0,0.87,35.5,0.91,174.22,0.92,83.9,0.01,0.03,2349.81134,1776287785000
1776287787.219,87.219,0.11,97.82,0.1,89.5,0.12,10.25,0.13,30.5,0.88,19.0,0.87,30.5,0.89,97.82,0.9,89.5,0.01,0.01,2349.81134,1776287785000
1776287787.647,87.647,0.11,65.1,0.1,77.0,0.13,175.25,0.14,119.91,0.87,18.25,0.86,24.91,0.88,6.1,0.89,91.18,0.02,0.01,2349.949514,1776287786000
1776287787.867,87.867,0.1,10.1,0.09,10.0,0.11,5.0,0.12,115.0,0.87,175.25,0.86,119.91,0.89,65.1,0.9,77.0,0.01,0.02,2349.949514,1776287786000
1776287788.58,88.58,0.1,10.0,0.09,46.22,0.11,526.9,0.12,43.86,0.89,5.0,0.88,115.0,0.9,10.1,0.91,10.0,0.01,0.01,2349.949514,1776287786000
1776287788.856,88.856,0.11,15.0,0.1,10.0,0.13,11.11,0.14,119.91,0.88,3.86,0.87,18.25,0.9,10.0,0.91,51.22,0.02,0.02,2349.949514,1776287786000
1776287789.084,89.084,0.11,10.0,0.1,47.0,0.13,9.0,0.14,159.02,0.88,4.0,0.87,10.0,0.89,10.0,0.9,52.0,0.02,0.01,2350.249625,1776287787000
1776287789.299,89.299,0.12,10.0,0.11,10.0,0.13,102.76,0.14,160.5,0.87,113.76,0.86,160.5,0.88,10.0,0.89,10.0,0.01,0.01,2350.249625,1776287787000
1776287789.503,89.503,0.12,4.94,0.11,10.0,0.14,49.5,0.15,294.81,0.86,60.5,0.85,294.81,0.88,4.94,0.89,10.0,0.02,0.02,2350.249625,1776287787000
1776287789.719,89.719,0.11,10.0,0.1,1.42,0.12,11.17,0.13,39.0,0.88,22.17,0.87,39.0,0.9,1.42,0.91,70.56,0.01,0.02,2349.959767,1776287788000
1776287789.935,89.935,0.11,10.0,0.1,1.42,0.13,21.17,0.14,9.0,0.87,27.17,0.86,9.0,0.89,24.18,0.9,1.42,0.02,0.02,2349.959767,1776287788000
1776287790.201,90.201,0.13,10.0,0.12,10.0,0.15,278.27,0.16,106.26,0.85,315.27,0.84,106.26,0.89,10.0,0.9,11.52,0.02,0.04,2349.959767,1776287788000
1776287790.406,90.406,0.14,10.0,0.13,10.0,0.15,88.0,0.16,76.76,0.85,99.0,0.84,6.26,0.87,10.0,0.88,10.0,0.01,0.02,2349.87204,1776287789000
1776287790.686,90.686,0.14,4.26,0.13,43.0,0.15,10.0,0.16,323.77,0.85,44.0,0.84,146.76,0.86,10.0,0.87,32.0,0.01,0.01,2349.87204,1776287789000
1776287791.327,91.327,0.15,11.73,0.14,34.32,0.16,9.0,0.17,126.52,0.84,9.0,0.83,156.52,0.86,26.32,0.87,54.0,0.01,0.02,2349.87204,1776287789000
1776287794.282,94.282,0.13,54.0,0.12,43.0,0.15,297.27,0.16,188.5,0.84,520.35,0.83,247.52,0.85,10.84,0.86,34.32,0.02,0.01,2350.212885,1776287793000
1776287794.643,94.643,0.13,15.0,0.12,43.0,0.14,121.0,0.15,176.6,0.85,297.27,0.84,188.5,0.87,54.0,0.88,43.0,0.01,0.02,2350.212885,1776287793000
1776287795.056,95.056,0.11,10.0,0.1,11.92,0.12,48.59,0.13,101.0,0.87,96.0,0.86,121.0,0.88,43.0,0.89,10.0,0.01,0.01,2350.212885,1776287793000
1776287795.663,95.663,0.1,11.92,0.09,65.56,0.12,993.84,0.13,50.0,0.88,48.59,0.87,101.0,0.89,10.0,0.9,11.92,0.02,0.01,2350.212885,1776287793000
1776287796.415,96.415,0.1,11.92,0.09,65.56,0.12,208.76,0.13,158.09,0.88,993.84,0.87,50.0,0.9,11.92,0.91,65.56,0.02,0.02,2350.219176,1776287794000
1776287797.657,97.657,0.11,6.6,0.1,11.92,0.12,163.76,0.13,183.09,0.88,208.76,0.87,158.09,0.9,11.92,0.91,65.56,0.01,0.02,2349.669675,1776287796000
1776287797.954,97.954,0.11,1.31,0.1,11.92,0.12,153.76,0.13,168.09,0.88,163.76,0.87,183.09,0.89,6.6,0.9,11.92,0.01,0.01,2349.669675,1776287796000
1776287799.167,99.167,0.1,6.32,0.09,65.56,0.12,24.0,0.13,147.09,0.88,153.76,0.87,168.09,0.89,1.31,0.9,11.92,0.02,0.01,2349.695195,1776287797000
1776287799.861,99.861,0.1,34.75,0.09,70.56,0.11,511.79,0.12,108.81,0.88,24.0,0.87,147.09,0.9,6.32,0.91,65.56,0.01,0.02,2349.609035,1776287798000
1776287800.061,100.061,0.1,3.33,0.09,70.1,0.11,522.07,0.12,108.81,0.89,522.07,0.88,108.81,0.9,5.0,0.91,70.1,0.01,0.01,2349.609035,1776287798000
1776287801.215,101.215,0.09,90.86,0.08,83.9,0.11,10.0,0.12,5.0,0.9,5.0,0.89,15.0,0.91,70.86,0.92,35.0,0.02,0.01,2349.691115,1776287799000
1776287801.998,101.998,0.1,8.33,0.09,100.86,0.11,523.36,0.12,84.81,0.89,10.0,0.88,5.0,0.91,90.86,0.92,83.9,0.01,0.02,2349.774605,1776287800000
1776287803.989,103.989,0.1,8.33,0.09,89.86,0.11,28.47,0.12,5.0,0.89,523.36,0.88,84.81,0.9,8.33,0.91,100.86,0.01,0.01,2349.97845,1776287803000
1776287804.279,104.279,0.1,38.33,0.09,109.86,0.12,84.81,0.13,15.0,0.89,28.47,0.88,5.0,0.9,8.33,0.91,89.86,0.02,0.01,2349.97845,1776287803000
1776287806.602,106.602,0.11,19.0,0.1,8.33,0.12,454.56,0.13,20.0,0.88,84.81,0.87,15.0,0.9,38.33,0.91,109.86,0.01,0.02,2350.3416,1776287805000
1776287807.208,107.208,0.09,64.64,0.08,10.0,0.1,8.67,0.11,76.0,0.88,63.33,0.87,20.0,0.9,5.33,0.91,64.64,0.01,0.02,2350.3416,1776287805000
1776287810.588,110.588,0.09,61.22,0.08,10.0,0.1,48.67,0.11,25.0,0.9,8.67,0.89,76.0,0.91,64.64,0.92,10.0,0.01,0.01,2350.061417,1776287808000
1776287810.999,110.999,0.09,54.57,0.08,10.0,0.1,53.67,0.11,25.0,0.9,48.67,0.89,25.0,0.91,61.22,0.92,10.0,0.01,0.01,2349.9627,1776287809000
1776287811.228,111.228,0.09,54.57,0.08,10.0,0.1,43.26,0.11,25.0,0.9,53.67,0.89,25.0,0.91,54.57,0.92,10.0,0.01,0.01,2349.96215,1776287810000
1776287811.919,111.919,0.09,43.35,0.08,58.9,0.1,126.61,0.11,25.0,0.9,43.26,0.89,25.0,0.91,54.57,0.92,10.0,0.01,0.01,2349.96215,1776287810000
1776287812.33,112.33,0.09,33.35,0.08,10.0,0.1,126.61,0.11,37.0,0.9,126.61,0.89,25.0,0.91,43.35,0.92,58.9,0.01,0.01,2349.96215,1776287810000
1776287812.872,112.872,0.09,31.7,0.08,10.0,0.1,155.61,0.11,51.0,0.9,126.61,0.89,37.0,0.91,33.35,0.92,10.0,0.01,0.01,2349.954399,1776287811000
1776287813.403,113.403,0.09,0.7,0.08,10.0,0.1,169.61,0.11,51.0,0.9,155.61,0.89,51.0,0.91,31.7,0.92,10.0,0.01,0.01,2349.953444,1776287812000
1776287814.196,114.196,0.06,5.33,0.05,115.0,0.09,248.96,0.1,93.0,0.9,169.61,0.89,51.0,0.92,5.7,0.93,10.0,0.03,0.02,2349.833075,1776287813000
1776287814.515,114.515,0.05,111.87,0.04,300.3,0.07,26.0,0.08,77.95,0.91,248.96,0.9,93.0,0.94,5.33,0.95,115.0,0.02,0.03,2349.833075,1776287813000
1776287814.877,114.877,0.05,123.23,0.04,519.3,0.06,5.0,0.07,5.0,0.94,37.0,0.93,10.0,0.95,123.23,0.96,300.3,0.01,0.01,2349.833075,1776287813000
1776287815.146,115.146,0.05,123.23,0.04,699.29,0.07,5.0,0.08,5.0,0.94,0.39,0.92,5.0,0.95,118.23,0.96,688.91,0.02,0.01,2349.833075,1776287813000
1776287818.666,118.666,0.07,10.0,0.06,172.8,0.1,41.38,0.11,24.0,0.93,5.0,0.92,5.0,0.95,123.23,0.96,699.29,0.03,0.02,2349.770069,1776287816000
1776287819.208,119.208,0.06,148.97,0.05,219.03,0.1,51.38,0.11,29.0,0.9,41.38,0.89,24.0,0.93,10.0,0.94,172.8,0.04,0.03,2349.669589,1776287817000
1776287820.147,120.147,0.08,12.0,0.07,108.0,0.09,5.0,0.1,68.38,0.9,51.38,0.89,29.0,0.94,144.4,0.95,219.03,0.01,0.04,2349.696785,1776287818000
1776287820.795,120.795,0.08,42.0,0.07,108.0,0.09,5.0,0.1,58.38,0.91,5.0,0.9,68.38,0.92,12.0,0.93,108.0,0.01,0.01,2349.650125,1776287819000
1776287821.848,121.848,0.1,5.5,0.09,109.74,0.11,145.56,0.12,5.0,0.9,53.38,0.89,135.56,0.91,10.0,0.92,42.0,0.01,0.01,2349.85192,1776287820000
1776287822.17,122.17,0.1,229.61,0.09,156.74,0.12,13.88,0.13,35.0,0.89,145.56,0.88,5.0,0.9,5.5,0.91,109.74,0.02,0.01,2349.85192,1776287820000
1776287823.647,123.647,0.12,125.74,0.11,175.5,0.13,35.0,0.14,145.85,0.88,3.88,0.87,35.0,0.89,45.5,0.9,239.61,0.01,0.01,2350.331003,1776287822000
1776287825.417,125.417,0.14,274.49,0.13,92.5,0.15,6.0,0.16,25.0,0.87,35.0,0.86,145.85,0.88,125.74,0.89,175.5,0.01,0.01,2350.809846,1776287824000
1776287826.709,126.709,0.15,15.5,0.14,75.88,0.16,32.0,0.17,51.12,0.85,6.0,0.84,25.0,0.86,274.49,0.87,92.5,0.01,0.01,2351.045702,1776287825000
1776287830.942,130.942,0.15,321.49,0.14,130.88,0.16,46.66,0.17,43.02,0.84,32.0,0.83,51.12,0.85,15.5,0.86,75.88,0.01,0.01,2351.484372,1776287829000
1776287831.177,131.177,0.15,344.85,0.14,170.88,0.16,46.66,0.17,43.02,0.84,46.66,0.83,43.02,0.85,321.49,0.86,130.88,0.01,0.01,2351.446416,1776287830000
1776287831.561,131.561,0.15,302.85,0.14,205.78,0.16,41.54,0.17,43.02,0.84,46.66,0.83,43.02,0.85,344.85,0.86,170.88,0.01,0.01,2351.446416,1776287830000
1776287832.374,132.374,0.16,33.69,0.15,343.85,0.17,18.02,0.18,40.0,0.84,41.54,0.83,43.02,0.85,302.85,0.86,205.78,0.01,0.01,2351.446416,1776287830000
1776287832.79,132.79,0.16,358.87,0.15,123.86,0.17,2.02,0.18,37.0,0.83,18.02,0.82,40.0,0.84,293.56,0.85,149.86,0.01,0.01,2351.495535,1776287831000
1776287834.487,134.487,0.16,506.49,0.15,161.86,0.17,13.66,0.18,30.0,0.83,2.02,0.82,37.0,0.84,347.91,0.85,123.86,0.01,0.01,2351.587025,1776287832000
1776287835.155,135.155,0.17,441.85,0.16,199.5,0.18,5.0,0.19,83.82,0.82,30.0,0.81,83.82,0.84,506.49,0.85,161.86,0.01,0.02,2351.587025,1776287832000
1776287835.972,135.972,0.18,366.72,0.17,143.62,0.19,207.33,0.2,25.93,0.81,83.82,0.8,20.93,0.82,25.39,0.83,409.61,0.01,0.01,2351.7579,1776287834000
1776287838.114,138.114,0.18,436.72,0.17,184.62,0.19,25.82,0.2,13.93,0.81,207.33,0.8,25.93,0.82,364.72,0.83,143.62,0.01,0.01,2352.058445,1776287837000
1776287839.259,139.259,0.18,381.43,0.17,101.62,0.19,35.82,0.2,45.36,0.81,25.82,0.8,13.93,0.82,436.72,0.83,184.62,0.01,0.01,2352.058445,1776287837000
1776287839.566,139.566,0.18,364.43,0.17,101.62,0.19,72.02,0.2,13.93,0.81,35.82,0.8,45.36,0.82,381.43,0.83,101.62,0.01,0.01,2352.098115,1776287838000
1776287841.202,141.202,0.18,387.43,0.17,94.62,0.2,8.48,0.21,54.03,0.81,72.02,0.8,13.93,0.82,364.43,0.83,101.62,0.02,0.01,2352.19625,1776287839000
1776287841.465,141.465,0.19,44.0,0.18,40.44,0.21,17.27,0.22,14.16,0.8,3.48,0.79,19.03,0.81,81.0,0.82,45.44,0.02,0.01,2352.262354,1776287840000
1776287841.769,141.769,0.21,37.73,0.2,388.49,0.22,21.16,0.23,24.27,0.79,17.27,0.78,14.16,0.81,44.0,0.82,40.44,0.01,0.02,2352.262354,1776287840000
1776287842.848,142.848,0.21,396.22,0.2,118.76,0.22,16.21,0.23,24.27,0.78,21.16,0.77,24.27,0.79,37.73,0.8,388.49,0.01,0.01,2352.257725,1776287841000
1776287843.208,143.208,0.21,415.97,0.2,123.76,0.22,22.21,0.23,24.27,0.78,16.21,0.77,24.27,0.79,396.22,0.8,118.76,0.01,0.01,2352.332606,1776287842000
1776287844.453,144.453,0.21,469.97,0.2,87.76,0.22,56.79,0.23,19.27,0.78,22.21,0.77,24.27,0.79,415.97,0.8,123.76,0.01,0.01,2352.460695,1776287843000
1776287844.801,144.801,0.24,16.02,0.22,396.49,0.25,14.52,0.26,5.0,0.77,12.27,0.76,19.4,0.78,7.0,0.79,469.97,0.01,0.01,2352.460695,1776287843000
1776287845.674,145.674,0.24,403.49,0.23,89.0,0.25,67.17,0.26,6.0,0.75,14.52,0.74,5.0,0.76,16.02,0.78,396.49,0.01,0.01,2352.460745,1776287844000
1776287845.984,145.984,0.24,425.49,0.23,97.0,0.25,1.51,0.28,16.0,0.75,67.17,0.74,6.0,0.76,403.49,0.77,89.0,0.01,0.01,2352.460745,1776287844000
1776287846.31,146.31,0.27,293.49,0.26,91.49,0.28,1.0,0.29,15.0,0.72,16.0,0.71,15.0,0.74,48.49,0.76,425.49,0.01,0.02,2352.51328,1776287845000
1776287846.577,146.577,0.27,350.49,0.26,96.49,0.28,43.91,0.29,10.0,0.72,1.0,0.71,15.0,0.73,293.49,0.74,91.49,0.01,0.01,2352.51328,1776287845000
1776287847.007,147.007,0.27,355.49,0.26,96.49,0.28,38.42,0.29,16.0,0.72,43.91,0.71,10.0,0.73,350.49,0.74,96.49,0.01,0.01,2352.51328,1776287845000
1776287847.587,147.587,0.27,195.11,0.26,95.99,0.28,159.09,0.29,25.0,0.72,22.4,0.71,16.0,0.73,348.69,0.74,96.49,0.01,0.01,2352.8377,1776287846000
1776287848.145,148.145,0.27,252.49,0.26,90.99,0.28,148.6,0.29,25.0,0.72,159.09,0.71,25.0,0.73,195.11,0.74,95.99,0.01,0.01,2352.87285,1776287847000
1776287848.553,148.553,0.27,224.99,0.26,17.0,0.28,116.44,0.29,30.5,0.72,148.6,0.71,25.0,0.73,252.49,0.74,90.99,0.01,0.01,2352.87285,1776287847000
1776287848.84,148.84,0.24,30.0,0.23,25.0,0.26,73.0,0.27,10.0,0.72,184.59,0.71,30.5,0.73,5.0,0.75,5.0,0.02,0.01,2352.87285,1776287847000
1776287849.189,149.189,0.17,165.69,0.16,110.0,0.19,201.0,0.2,110.0,0.75,80.5,0.74,83.5,0.8,165.18,0.82,5.0,0.02,0.05,2352.87285,1776287847000
1776287849.848,149.848,0.16,50.0,0.15,70.0,0.17,72.59,0.18,24.51,0.82,9.51,0.81,61.0,0.83,164.61,0.84,115.0,0.01,0.01,2352.87285,1776287847000
1776287850.319,150.319,0.16,11.94,0.15,70.0,0.17,68.08,0.18,24.51,0.83,63.08,0.82,29.51,0.84,207.27,0.85,70.0,0.01,0.01,2352.97164,1776287848000
1776287850.929,150.929,0.16,27.94,0.15,90.0,0.17,66.59,0.18,26.0,0.83,57.59,0.82,24.51,0.84,16.94,0.85,70.0,0.01,0.01,2352.883478,1776287849000
1776287851.153,151.153,0.16,12.94,0.15,85.0,0.17,82.59,0.18,20.0,0.83,66.59,0.82,26.0,0.84,27.94,0.85,90.0,0.01,0.01,2352.235198,1776287850000
1776287851.389,151.389,0.16,0.31,0.15,95.5,0.17,82.08,0.18,20.0,0.83,87.59,0.82,20.0,0.84,10.55,0.85,85.0,0.01,0.01,2352.235198,1776287850000
1776287852.784,152.784,0.16,260.11,0.15,123.5,0.17,79.59,0.18,158.08,0.83,76.59,0.82,20.0,0.84,0.31,0.85,95.5,0.01,0.01,2352.022945,1776287851000
1776287854.428,154.428,0.15,111.48,0.14,204.5,0.16,30.59,0.17,6.0,0.83,79.59,0.82,158.08,0.84,260.11,0.85,123.5,0.01,0.01,2351.896293,1776287853000
1776287854.858,154.858,0.15,111.24,0.14,204.5,0.16,30.59,0.17,6.0,0.84,30.59,0.83,6.0,0.85,111.48,0.86,204.5,0.01,0.01,2351.896293,1776287853000
1776287855.434,155.434,0.15,133.35,0.14,204.5,0.16,30.59,0.17,6.0,0.84,30.59,0.83,6.0,0.85,99.73,0.86,204.5,0.01,0.01,2351.896725,1776287854000
1776287858.669,158.669,0.15,416.95,0.14,251.5,0.18,6.0,0.19,52.03,0.84,30.59,0.83,6.0,0.85,133.35,0.86,204.5,0.03,0.01,2351.985094,1776287857000
1776287859.146,159.146,0.17,266.99,0.16,51.5,0.18,26.0,0.19,52.03,0.82,6.0,0.81,52.03,0.85,416.95,0.86,251.5,0.01,0.03,2352.06457,1776287858000
1776287861.01,161.01,0.18,50.37,0.17,277.49,0.19,52.03,0.2,132.5,0.82,26.0,0.81,52.03,0.83,266.99,0.84,51.5,0.01,0.01,2352.1369,1776287860000
1776287861.892,161.892,0.18,271.28,0.17,51.0,0.19,199.17,0.2,137.5,0.81,52.03,0.8,132.5,0.82,50.37,0.83,277.49,0.01,0.01,2352.1369,1776287860000
1776287862.234,162.234,0.18,193.36,0.17,24.0,0.19,367.67,0.2,170.5,0.81,199.17,0.8,137.5,0.82,271.28,0.83,51.0,0.01,0.01,2352.11845,1776287861000
1776287862.597,162.597,0.15,20.94,0.14,175.0,0.16,227.0,0.17,332.8,0.81,362.67,0.8,170.5,0.82,14.36,0.83,24.0,0.01,0.01,2352.11845,1776287861000
1776287863.463,163.463,0.15,8.38,0.14,214.0,0.16,218.11,0.17,273.8,0.84,227.0,0.83,332.8,0.85,20.94,0.86,175.0,0.01,0.01,2352.121735,1776287862000
1776287866.545,166.545,0.13,98.0,0.12,50.5,0.15,304.19,0.16,212.5,0.84,218.11,0.83,273.8,0.85,8.38,0.86,214.0,0.02,0.01,2351.790926,1776287865000
1776287867.11,167.11,0.13,49.39,0.12,96.5,0.14,280.16,0.15,130.0,0.85,304.19,0.84,212.5,0.87,98.0,0.88,50.5,0.01,0.02,2351.790926,1776287865000
1776287868.032,168.032,0.13,27.39,0.12,96.5,0.14,205.0,0.15,191.5,0.86,280.16,0.85,130.0,0.87,49.39,0.88,96.5,0.01,0.01,2351.785139,1776287866000
1776287869.584,169.584,0.13,43.21,0.12,106.5,0.14,245.0,0.15,170.5,0.86,210.0,0.85,216.5,0.87,23.1,0.88,96.5,0.01,0.01,2351.777806,1776287868000
1776287871.789,171.789,0.13,46.22,0.12,106.5,0.14,240.0,0.15,239.34,0.86,245.0,0.85,221.42,0.87,27.31,0.88,106.5,0.01,0.01,2351.673995,1776287870000
1776287875.009,175.009,0.13,24.38,0.12,86.0,0.14,270.0,0.15,222.29,0.86,240.0,0.85,239.34,0.87,46.22,0.88,106.5,0.01,0.01,2351.668378,1776287873000
1776287878.011,178.011,0.13,4.0,0.12,66.51,0.14,250.0,0.15,191.79,0.86,270.0,0.85,222.29,0.87,24.38,0.88,86.0,0.01,0.01,2351.632285,1776287876000
1776287879.175,179.175,0.12,87.5,0.11,116.5,0.13,95.0,0.14,180.0,0.86,250.0,0.85,191.79,0.87,4.0,0.88,66.51,0.01,0.01,2351.66111,1776287878000
1776287879.431,179.431,0.13,58.5,0.12,157.5,0.14,42.0,0.15,10.0,0.86,52.0,0.85,10.0,0.87,56.5,0.88,157.5,0.01,0.01,2351.66111,1776287878000
1776287879.868,179.868,0.14,64.51,0.13,89.5,0.15,123.07,0.16,35.0,0.85,10.0,0.84,30.0,0.87,63.5,0.88,157.5,0.01,0.02,2351.66111,1776287878000
1776287880.47,180.47,0.14,45.5,0.13,53.5,0.15,133.07,0.16,39.8,0.85,123.07,0.84,35.0,0.86,64.51,0.87,89.5,0.01,0.01,2351.732627,1776287879000
1776287881.88,181.88,0.14,44.62,0.13,53.5,0.15,153.07,0.16,39.8,0.85,128.07,0.84,39.8,0.86,55.44,0.87,53.5,0.01,0.01,2351.910129,1776287880000
1776287882.183,182.183,0.14,38.8,0.13,46.5,0.15,153.07,0.16,116.89,0.85,153.07,0.84,39.8,0.86,44.62,0.87,53.5,0.01,0.01,2351.96712,1776287881000
1776287882.954,182.954,0.14,43.8,0.13,46.5,0.15,152.07,0.16,116.89,0.85,153.07,0.84,116.89,0.86,38.8,0.87,46.5,0.01,0.01,2351.96712,1776287881000
1776287892.315,192.315,0.14,50.5,0.13,53.5,0.15,17.0,0.16,57.94,0.85,152.07,0.84,116.89,0.86,43.8,0.87,46.5,0.01,0.01,2352.0186,1776287890000
1776287893.866,193.866,0.15,30.98,0.14,30.5,0.16,69.94,0.17,144.99,0.84,54.94,0.83,129.99,0.86,45.5,0.87,53.5,0.01,0.02,2352.065415,1776287892000
1776287896.165,196.165,0.15,26.24,0.14,30.5,0.16,147.99,0.17,83.53,0.84,69.94,0.83,144.99,0.85,30.98,0.86,30.5,0.01,0.01,2352.15546,1776287894000
1776287896.734,196.734,0.14,20.5,0.13,36.5,0.16,244.99,0.17,83.53,0.84,147.99,0.83,83.53,0.85,26.24,0.86,30.5,0.02,0.01,2352.172931,1776287895000
1776287906.321,206.321,0.12,10.0,0.11,50.0,0.14,448.39,0.15,105.7,0.84,244.99,0.83,83.53,0.86,20.5,0.87,36.5,0.02,0.02,2352.015035,1776287905000
1776287910.992,210.992,0.09,51.86,0.08,30.0,0.1,80.0,0.11,122.29,0.86,448.39,0.85,105.7,0.88,10.0,0.89,50.0,0.01,0.02,2351.635129,1776287909000
1776287911.706,211.706,0.08,5.0,0.07,11.0,0.1,86.1,0.11,122.29,0.9,104.1,0.89,122.29,0.91,25.76,0.92,30.0,0.02,0.01,2351.632158,1776287910000
1776287912.403,212.403,0.07,8.88,0.06,195.87,0.08,10.0,0.09,52.0,0.91,10.0,0.9,86.1,0.93,9.88,0.94,195.87,0.01,0.02,2351.632466,1776287911000
1776287912.934,212.934,0.06,114.87,0.05,275.17,0.08,87.9,0.09,74.0,0.92,10.0,0.91,52.0,0.93,8.88,0.94,195.87,0.02,0.01,2351.632466,1776287911000
1776287913.379,213.379,0.06,4.28,0.05,275.17,0.07,206.59,0.08,96.9,0.92,87.9,0.91,74.0,0.94,114.87,0.95,275.17,0.01,0.02,2351.672818,1776287912000
1776287914.473,214.473,0.05,270.23,0.04,261.0,0.06,202.22,0.07,180.0,0.94,45.72,0.93,215.59,0.95,275.17,0.96,261.0,0.01,0.01,2351.627063,1776287913000
1776287914.908,214.908,0.05,264.41,0.04,261.0,0.06,208.22,0.07,180.0,0.94,202.22,0.93,180.0,0.95,270.23,0.96,261.0,0.01,0.01,2351.627063,1776287913000
1776287921.667,221.667,0.05,9.14,0.04,255.0,0.06,291.44,0.07,132.0,0.94,208.22,0.93,180.0,0.95,264.41,0.96,261.0,0.01,0.01,2351.281014,1776287920000
1776287921.982,221.982,0.04,248.53,0.03,187.0,0.06,286.44,0.07,132.0,0.94,291.44,0.93,132.0,0.95,9.14,0.96,255.0,0.02,0.01,2351.281014,1776287920000
1776287924.831,224.831,0.04,163.16,0.03,171.0,0.05,331.79,0.06,206.22,0.94,286.44,0.93,132.0,0.96,248.53,0.97,187.0,0.01,0.02,2351.304336,1776287923000
1776287925.98,225.98,0.04,138.16,0.03,171.0,0.05,342.99,0.06,206.22,0.95,331.79,0.94,206.22,0.96,163.16,0.97,171.0,0.01,0.01,2351.303525,1776287924000
1776287930.099,230.099,0.04,10.03,0.03,171.0,0.05,343.03,0.06,181.22,0.95,342.99,0.94,206.22,0.96,138.16,0.97,171.0,0.01,0.01,2351.311637,1776287929000
1776287932.444,232.444,0.03,163.73,0.02,873.01,0.05,369.03,0.06,191.22,0.95,343.03,0.94,181.22,0.96,10.03,0.97,171.0,0.02,0.01,2351.346583,1776287931000
1776287932.917,232.917,0.02,860.45,0.01,8597.74,0.04,362.69,0.05,238.74,0.96,114.0,0.95,270.74,0.97,62.73,0.98,873.01,0.02,0.01,2351.346583,1776287931000
1776287933.5,233.5,0.02,836.13,0.01,8697.74,0.03,193.0,0.04,368.69,0.97,148.0,0.96,364.69,0.98,832.16,0.99,8597.74,0.01,0.01,2351.342744,1776287932000
1776287934.579,234.579,0.02,836.13,0.01,8697.74,0.03,201.73,0.04,368.69,0.97,193.0,0.96,368.69,0.98,836.13,0.99,8697.74,0.01,0.01,2351.342744,1776287932000
1776287936.348,236.348,0.02,409.93,0.01,7988.75,0.03,201.73,0.04,181.99,0.97,201.73,0.96,368.69,0.98,836.13,0.99,8697.74,0.01,0.01,2351.331518,1776287935000
1776287938.769,238.769,0.02,409.93,0.01,7944.75,0.03,68.66,0.04,247.69,0.97,199.84,0.96,176.99,0.98,404.93,0.99,8188.75,0.01,0.01,2351.362235,1776287937000
1776287940.892,240.892,0.02,694.87,0.01,8362.75,0.03,165.6,0.04,118.7,0.97,68.66,0.96,247.69,0.98,409.93,0.99,7944.75,0.01,0.01,2351.49471,1776287939000
1776287941.598,241.598,0.02,675.84,0.01,8218.74,0.03,67.31,0.04,118.7,0.97,67.31,0.96,216.99,0.98,675.68,0.99,8362.75,0.01,0.01,2351.515645,1776287940000
1776287942.683,242.683,0.02,374.84,0.01,7620.74,0.03,24.31,0.04,30.0,0.97,67.31,0.96,118.7,0.98,675.84,0.99,8218.74,0.01,0.01,2351.519015,1776287941000
1776287944.173,244.173,0.02,563.54,0.01,7780.74,0.03,156.14,0.04,42.7,0.97,24.31,0.96,30.0,0.98,374.84,0.99,7620.74,0.01,0.01,2351.519665,1776287942000
1776287945.459,245.459,0.02,555.46,0.01,7780.74,0.03,144.74,0.04,53.7,0.97,156.14,0.96,42.7,0.98,563.54,0.99,7780.74,0.01,0.01,2351.612,1776287944000
1776287946.216,246.216,0.02,744.17,0.01,8124.74,0.04,25.0,0.05,215.53,0.97,144.74,0.96,53.7,0.98,555.46,0.99,7780.74,0.02,0.01,2351.612,1776287944000
1776287947.704,247.704,0.02,1339.0,0.01,7638.74,0.04,126.4,0.05,127.24,0.96,23.11,0.95,220.53,0.97,10.0,0.98,944.17,0.02,0.01,2351.780337,1776287946000
1776287950.681,250.681,0.02,553.55,0.01,8044.74,0.04,126.6,0.05,213.74,0.96,126.4,0.95,127.24,0.98,1339.0,0.99,7638.74,0.02,0.02,2352.042295,1776287949000
1776287951.813,251.813,0.02,543.24,0.01,7936.75,0.04,146.3,0.05,218.74,0.96,126.6,0.95,213.74,0.98,553.55,0.99,8044.74,0.02,0.02,2352.03533,1776287950000
1776287952.44,252.44,0.02,541.19,0.01,7934.75,0.04,152.3,0.05,213.74,0.96,146.3,0.95,218.74,0.98,543.24,0.99,7936.75,0.02,0.02,2352.03533,1776287950000
1776287952.881,252.881,0.02,535.98,0.01,7934.75,0.04,163.3,0.05,213.74,0.96,152.3,0.95,213.74,0.98,541.19,0.99,7934.75,0.02,0.02,2352.001105,1776287951000
1776287953.342,253.342,0.02,515.59,0.01,7845.75,0.04,26.49,0.05,150.04,0.96,161.48,0.95,213.74,0.98,530.98,0.99,7934.75,0.02,0.02,2352.001325,1776287952000
1776287957.124,257.124,0.02,205.47,0.01,7776.75,0.03,133.7,0.04,279.18,0.96,26.49,0.95,150.04,0.98,515.59,0.99,7845.75,0.01,0.02,2352.0309,1776287955000
1776287958.203,258.203,0.02,194.09,0.01,7733.75,0.03,125.99,0.04,119.19,0.97,133.7,0.96,279.18,0.98,205.47,0.99,7776.75,0.01,0.01,2352.03192,1776287956000
1776287959.055,259.055,0.02,0.39,0.01,7704.75,0.03,135.1,0.04,114.19,0.97,125.99,0.96,119.19,0.98,194.09,0.99,7733.75,0.01,0.01,2352.039155,1776287957000
1776287959.336,259.336,0.01,7671.13,,,0.03,146.1,0.04,114.19,0.97,135.1,0.96,114.19,0.98,0.39,0.99,7704.75,0.02,0.01,2352.039155,1776287957000
1776287959.91,259.91,0.01,7671.13,,,0.03,152.1,0.04,114.19,0.97,146.1,0.96,114.19,0.99,7671.13,,,0.02,0.02,2352.039055,1776287958000
1776287961.634,261.634,0.02,10.0,0.01,7407.62,0.03,152.1,0.04,202.89,0.97,152.1,0.96,114.19,0.99,7615.63,,,0.01,0.02,2352.076365,1776287960000
1776287963.701,263.701,0.02,4.91,0.01,7049.02,0.03,309.8,0.04,183.19,0.97,152.1,0.96,202.89,0.98,10.0,0.99,7407.62,0.01,0.01,2352.080725,1776287962000
1776287963.906,263.906,0.02,3.88,0.01,7049.02,0.03,309.8,0.04,183.19,0.97,309.8,0.96,183.19,0.98,4.91,0.99,7049.02,0.01,0.01,2352.080725,1776287962000
1776287964.419,264.419,0.02,3.88,0.01,7049.02,0.03,299.79,0.04,183.19,0.97,309.8,0.96,183.19,0.98,3.88,0.99,7049.02,0.01,0.01,2352.08073,1776287963000
1776287966.225,266.225,0.01,7047.9,,,0.03,324.79,0.04,183.19,0.97,299.79,0.96,183.19,0.98,3.88,0.99,7049.02,0.02,0.01,2352.08073,1776287964000
1776287967.216,267.216,0.01,7041.9,,,0.02,5.38,0.03,329.79,0.97,324.79,0.96,183.19,0.99,7047.9,,,0.01,0.02,2352.086045,1776287965000
1776287967.531,267.531,0.01,7046.9,,,0.02,36.82,0.03,248.4,0.98,5.38,0.97,329.79,0.99,7041.9,,,0.01,0.01,2352.086045,1776287966000
1776287968.114,268.114,0.01,7031.9,,,0.02,228.7,0.03,248.4,0.98,34.82,0.97,248.4,0.99,7031.9,,,0.01,0.01,2352.086045,1776287966000
1776287968.337,268.337,0.01,6976.9,,,0.02,233.7,0.03,248.4,0.98,228.7,0.97,248.4,0.99,7031.9,,,0.01,0.01,2352.08697,1776287967000
1776287968.8,268.8,0.01,6963.9,,,0.02,233.7,0.03,248.4,0.98,233.7,0.97,248.4,0.99,6967.9,,,0.01,0.01,2352.08697,1776287967000
1776287969.859,269.859,0.01,6728.15,,,0.02,252.7,0.03,248.4,0.98,233.7,0.97,248.4,0.99,6963.9,,,0.01,0.01,2352.08226,1776287968000
1776287970.191,270.191,0.01,6718.15,,,0.02,251.28,0.03,248.4,0.98,252.7,0.97,248.4,0.99,6718.15,,,0.01,0.01,2352.08226,1776287968000
1776287970.812,270.812,0.01,6622.14,,,0.02,267.16,0.03,217.7,0.98,251.28,0.97,248.4,0.99,6718.15,,,0.01,0.01,2352.06563,1776287969000
1776287971.911,271.911,0.01,1619.02,,,0.02,267.16,0.03,217.7,0.98,267.16,0.97,217.7,0.99,6616.02,,,0.01,0.01,2352.082335,1776287970000
1776287972.196,272.196,0.01,1576.02,,,0.02,267.16,0.03,217.7,0.98,267.16,0.97,217.7,0.99,1615.02,,,0.01,0.01,2352.082335,1776287970000
1776287972.851,272.851,0.01,1572.02,,,0.02,505.05,0.03,179.52,0.98,267.16,0.97,217.7,0.99,1576.02,,,0.01,0.01,2352.082165,1776287971000
1776287973.701,273.701,0.01,1466.96,,,0.02,480.05,0.03,179.52,0.98,500.05,0.97,179.52,0.99,1472.02,,,0.01,0.01,2352.08223,1776287972000
1776287974.41,274.41,0.01,1461.9,,,0.02,495.05,0.03,170.7,0.98,480.05,0.97,179.52,0.99,1466.96,,,0.01,0.01,2352.085705,1776287973000
1776287974.785,274.785,0.01,1431.9,,,0.02,490.05,0.03,170.7,0.98,495.05,0.97,170.7,0.99,1461.9,,,0.01,0.01,2352.085705,1776287973000
1776287975.2,275.2,0.01,1265.9,,,0.02,309.59,0.03,47.0,0.98,490.05,0.97,170.7,0.99,1431.9,,,0.01,0.01,2351.71937,1776287974000
1776287975.412,275.412,0.01,1119.9,,,0.02,309.59,0.03,47.0,0.98,309.59,0.97,47.0,0.99,1265.9,,,0.01,0.01,2351.71937,1776287974000
1776287975.654,275.654,0.01,1079.84,,,0.02,309.59,0.03,47.0,0.98,309.59,0.97,47.0,0.99,1109.84,,,0.01,0.01,2351.71937,1776287974000
1776287975.881,275.881,0.01,1004.12,,,0.02,319.59,0.03,47.0,0.98,319.59,0.97,47.0,0.99,1044.48,,,0.01,0.01,2351.71937,1776287974000
1776287976.404,276.404,0.01,966.29,,,0.02,324.59,0.03,47.0,0.98,319.59,0.97,47.0,0.99,962.31,,,0.01,0.01,2351.505291,1776287975000
1776287976.757,276.757,0.01,943.55,,,0.02,304.59,0.03,47.0,0.98,309.59,0.97,47.0,0.99,953.66,,,0.01,0.01,2351.505291,1776287975000
1776287978.233,278.233,,,,,0.01,6209.02,0.02,280.98,0.99,1064.46,0.98,304.59,,,,,,,2351.48995,1776287977000
1776287979.039,279.039,,,,,0.01,6217.87,0.02,280.98,0.99,6209.02,0.98,280.98,,,,,,,2351.390728,1776287978000
1776287980.396,280.396,,,,,0.01,6041.93,0.02,280.98,0.99,6217.87,0.98,280.98,,,,,,,2351.338313,1776287979000
1776287982.796,282.796,,,,,0.01,5973.6,0.02,280.98,0.99,6041.93,0.98,280.98,,,,,,,2351.343495,1776287981000
1776287984.252,284.252,,,,,0.01,5987.94,0.02,280.98,0.99,5890.27,0.98,280.98,,,,,,,2351.33837,1776287983000
1776287986.711,286.711,,,,,0.01,5960.81,0.02,280.98,0.99,5987.94,0.98,280.98,,,,,,,2351.262465,1776287985000
1776287987.898,287.898,,,,,0.01,6485.81,0.02,380.98,0.99,5960.81,0.98,280.98,,,,,,,2351.261343,1776287986000
1776287991.969,291.969,,,,,0.01,7581.56,0.02,380.98,0.99,6485.81,0.98,380.98,,,,,,,2351.0854,1776287990000

# RESULT,winner=Down,slug=eth-updown-5m-1776287700,ticks=306
