timestamp,elapsed_sec,up_bid_p1,up_bid_s1,up_bid_p2,up_bid_s2,up_ask_p1,up_ask_s1,up_ask_p2,up_ask_s2,down_bid_p1,down_bid_s1,down_bid_p2,down_bid_s2,down_ask_p1,down_ask_s1,down_ask_p2,down_ask_s2,up_spread,down_spread,eth_price,eth_oracle_ts
1776189001.315,1.315,,,,,,,,,,,,,,,,,,,2335.879803,1776189000000
1776189001.592,1.592,0.48,11.0,0.47,20.96,0.5,33.98,0.51,5.0,0.5,33.98,0.49,5.0,0.52,11.0,0.53,20.96,0.02,0.02,2335.879803,1776189000000
1776189002.113,2.113,0.48,11.0,0.47,20.96,0.5,33.98,0.51,5.0,0.51,5.0,0.5,33.98,0.52,21.0,0.53,25.96,0.02,0.01,2335.879803,1776189000000
1776189002.406,2.406,0.48,18.92,0.47,25.96,0.5,33.98,0.51,10.0,0.51,5.0,0.5,33.98,0.52,21.0,0.53,25.96,0.02,0.01,2335.871994,1776189001000
1776189003.525,3.525,0.48,14.0,0.47,30.96,0.49,10.0,0.5,43.98,0.5,33.98,0.49,10.0,0.52,18.92,0.53,25.96,0.01,0.02,2335.871994,1776189001000
1776189003.877,3.877,0.48,10.0,0.47,7.96,0.49,10.83,0.5,43.98,0.51,10.83,0.5,43.98,0.52,10.0,0.53,7.96,0.01,0.01,2335.864066,1776189002000
1776189004.259,4.259,0.47,5.0,0.45,88.0,0.49,32.0,0.5,90.98,0.52,10.0,0.51,25.0,0.53,2.96,0.54,23.0,0.02,0.01,2335.864066,1776189002000
1776189004.768,4.768,0.45,93.0,0.44,103.0,0.46,4.56,0.47,10.0,0.52,15.0,0.51,32.0,0.53,8.11,0.55,88.0,0.01,0.01,2335.86407,1776189003000
1776189004.973,4.973,0.45,93.0,0.44,103.0,0.46,4.56,0.47,10.0,0.54,4.56,0.53,10.0,0.55,93.0,0.56,103.0,0.01,0.01,2335.833093,1776189004000
1776189005.35,5.35,0.45,98.0,0.44,103.0,0.46,8.56,0.47,20.0,0.54,4.56,0.53,10.0,0.55,93.0,0.56,103.0,0.01,0.01,2335.833093,1776189004000
1776189005.654,5.654,0.45,98.0,0.44,108.0,0.46,3.56,0.47,20.0,0.54,8.56,0.53,20.0,0.55,98.0,0.56,103.0,0.01,0.01,2335.833093,1776189004000
1776189005.946,5.946,0.45,98.0,0.44,108.0,0.46,3.56,0.47,20.0,0.54,3.56,0.53,20.0,0.55,98.0,0.56,108.0,0.01,0.01,2335.652418,1776189005000
1776189006.552,6.552,0.45,100.67,0.44,98.0,0.46,18.56,0.47,15.0,0.54,3.56,0.53,20.0,0.55,98.0,0.56,108.0,0.01,0.01,2335.652418,1776189005000
1776189006.92,6.92,0.45,95.67,0.44,98.0,0.46,16.38,0.47,15.0,0.54,16.38,0.53,15.0,0.55,95.67,0.56,98.0,0.01,0.01,2335.621528,1776189006000
1776189007.989,7.989,0.45,95.67,0.44,98.0,0.46,16.38,0.47,15.0,0.54,16.38,0.53,15.0,0.55,95.67,0.56,98.0,0.01,0.01,2335.610356,1776189007000
1776189008.558,8.558,0.47,3.52,0.46,80.0,0.5,53.98,0.51,33.0,0.54,11.38,0.53,15.0,0.55,93.74,0.56,108.0,0.03,0.01,2335.610356,1776189007000
1776189008.814,8.814,0.49,10.57,0.48,30.0,0.5,28.98,0.51,25.0,0.5,43.98,0.49,35.0,0.52,20.0,0.53,3.52,0.01,0.02,2335.610356,1776189007000
1776189009.043,9.043,0.49,14.7,0.48,30.0,0.5,23.98,0.51,5.0,0.5,23.98,0.49,5.0,0.51,14.7,0.52,30.0,0.01,0.01,2335.618059,1776189008000
1776189009.44,9.44,0.49,70.2,0.48,40.5,0.5,14.56,0.51,5.0,0.5,19.56,0.49,5.0,0.51,50.2,0.52,25.0,0.01,0.01,2335.618059,1776189008000
1776189009.642,9.642,0.49,60.2,0.48,255.5,0.5,9.56,0.51,5.0,0.5,4.56,0.49,5.0,0.51,70.2,0.52,40.5,0.01,0.01,2335.618059,1776189008000
1776189010.064,10.064,0.51,35.44,0.49,60.2,0.52,10.0,0.53,32.96,0.48,10.0,0.47,32.96,0.49,35.44,0.51,60.2,0.01,0.01,2335.615797,1776189009000
1776189010.402,10.402,0.49,32.0,0.48,398.5,0.51,37.46,0.52,25.5,0.48,10.0,0.47,32.96,0.49,35.44,0.51,60.2,0.02,0.01,2335.615797,1776189009000
1776189010.999,10.999,0.49,11.94,0.48,372.5,0.5,15.5,0.51,32.46,0.5,15.5,0.49,32.46,0.51,11.94,0.52,372.5,0.01,0.01,2335.958686,1776189010000
1776189011.565,11.565,0.49,15.0,0.48,400.5,0.5,20.5,0.51,32.46,0.5,15.5,0.49,32.46,0.51,90.03,0.52,410.5,0.01,0.01,2335.958686,1776189010000
1776189011.901,11.901,0.48,210.0,0.47,5.0,0.49,182.5,0.5,30.5,0.5,20.5,0.49,32.46,0.51,15.0,0.52,400.5,0.01,0.01,2335.958686,1776189010000
1776189012.672,12.672,0.47,18.0,0.46,48.5,0.49,672.5,0.5,40.5,0.51,657.5,0.5,35.5,0.52,151.95,0.53,15.5,0.02,0.01,2336.103083,1776189011000
1776189013.05,13.05,0.47,18.0,0.46,48.5,0.49,672.5,0.5,40.5,0.51,672.5,0.5,40.5,0.53,18.0,0.54,48.5,0.02,0.02,2336.041779,1776189012000
1776189013.971,13.971,0.49,38.94,0.48,53.5,0.5,20.5,0.51,45.5,0.51,672.5,0.5,40.5,0.53,18.0,0.54,48.5,0.01,0.02,2336.041779,1776189012000
1776189014.403,14.403,0.49,41.9,0.48,53.5,0.5,25.5,0.51,50.5,0.5,20.5,0.49,45.5,0.51,38.94,0.52,53.5,0.01,0.01,2335.88307,1776189013000
1776189014.868,14.868,0.49,54.32,0.48,170.5,0.5,15.0,0.51,35.5,0.5,20.5,0.49,50.5,0.51,37.82,0.52,53.5,0.01,0.01,2335.88307,1776189013000
1776189015.141,15.141,0.49,220.32,0.48,43.5,0.5,5.0,0.51,30.5,0.5,15.0,0.49,35.5,0.51,54.32,0.52,170.5,0.01,0.01,2335.88307,1776189013000
1776189015.98,15.98,0.5,35.4,0.49,152.32,0.51,35.5,0.52,55.5,0.49,20.5,0.48,50.5,0.51,78.32,0.52,53.5,0.01,0.02,2335.845376,1776189014000
1776189016.235,16.235,0.5,35.4,0.49,152.32,0.51,35.5,0.52,55.5,0.49,35.5,0.48,55.5,0.5,35.4,0.51,152.32,0.01,0.01,2335.920247,1776189015000
1776189016.888,16.888,0.48,47.26,0.47,175.5,0.49,35.5,0.5,157.5,0.49,35.5,0.48,55.5,0.5,35.4,0.51,152.32,0.01,0.01,2335.920247,1776189015000
1776189017.132,17.132,0.48,47.26,0.47,175.5,0.49,35.5,0.5,157.5,0.51,35.5,0.5,157.5,0.52,47.26,0.53,175.5,0.01,0.01,2335.99857,1776189016000
1776189017.339,17.339,0.46,67.0,0.45,123.5,0.47,33.35,0.48,35.5,0.52,20.5,0.51,652.5,0.54,69.0,0.55,123.5,0.01,0.02,2335.99857,1776189016000
1776189017.712,17.712,0.46,62.0,0.45,123.5,0.47,36.22,0.48,35.5,0.53,33.35,0.52,35.5,0.54,67.0,0.55,123.5,0.01,0.01,2335.99857,1776189016000
1776189018.176,18.176,0.46,62.0,0.45,123.5,0.47,36.22,0.48,35.5,0.53,36.22,0.52,35.5,0.54,62.0,0.55,123.5,0.01,0.01,2335.981295,1776189017000
1776189019.299,19.299,0.46,62.0,0.45,230.5,0.47,521.22,0.48,147.5,0.53,36.22,0.52,35.5,0.54,62.0,0.55,123.5,0.01,0.01,2335.981295,1776189017000
1776189019.572,19.572,0.46,72.5,0.45,230.5,0.47,436.11,0.48,147.5,0.53,521.22,0.52,147.5,0.54,62.0,0.55,230.5,0.01,0.01,2335.799856,1776189018000
1776189020.469,20.469,0.46,55.03,0.45,230.5,0.47,451.11,0.48,162.5,0.53,431.11,0.52,147.5,0.54,70.53,0.55,230.5,0.01,0.01,2335.799856,1776189018000
1776189021.048,21.048,0.46,55.03,0.45,230.5,0.47,451.11,0.48,162.5,0.53,451.11,0.52,162.5,0.54,55.03,0.55,230.5,0.01,0.01,2335.655849,1776189020000
1776189021.93,21.93,0.46,63.67,0.45,240.5,0.47,449.86,0.48,162.5,0.53,444.86,0.52,162.5,0.54,65.53,0.55,240.5,0.01,0.01,2335.655849,1776189020000
1776189022.204,22.204,0.46,58.67,0.45,240.5,0.47,454.86,0.48,162.5,0.53,449.86,0.52,162.5,0.54,63.67,0.55,240.5,0.01,0.01,2335.654438,1776189021000
1776189023.175,23.175,0.46,58.67,0.45,240.5,0.47,454.86,0.48,162.5,0.53,454.86,0.52,162.5,0.54,58.67,0.55,240.5,0.01,0.01,2335.645745,1776189022000
1776189023.432,23.432,0.5,61.5,0.49,48.5,0.52,455.33,0.53,74.46,0.49,8.58,0.48,495.5,0.5,10.0,0.51,30.5,0.02,0.01,2335.645745,1776189022000
1776189023.843,23.843,0.51,30.0,0.5,61.5,0.52,460.33,0.53,79.46,0.48,455.33,0.47,74.46,0.5,61.5,0.51,48.5,0.01,0.02,2335.645745,1776189022000
1776189024.264,24.264,0.51,30.0,0.5,61.5,0.52,268.02,0.53,79.46,0.48,268.02,0.47,79.46,0.49,30.0,0.5,61.5,0.01,0.01,2335.645746,1776189023000
1776189024.953,24.953,0.52,12.0,0.51,42.0,0.53,199.46,0.54,92.5,0.48,268.02,0.47,79.46,0.49,30.0,0.5,61.5,0.01,0.01,2335.645746,1776189023000
1776189025.36,25.36,0.52,12.0,0.51,42.0,0.53,199.46,0.54,92.5,0.47,199.46,0.46,92.5,0.48,12.0,0.49,42.0,0.01,0.01,2335.860536,1776189024000
1776189025.975,25.975,0.52,5.0,0.51,42.0,0.53,675.46,0.54,97.5,0.47,675.46,0.46,97.5,0.48,5.0,0.49,42.0,0.01,0.01,2336.078431,1776189025000
1776189026.58,26.58,0.51,22.1,0.5,165.0,0.52,45.5,0.53,660.46,0.47,675.46,0.46,97.5,0.48,5.0,0.49,42.0,0.01,0.01,2336.078431,1776189025000
1776189026.992,26.992,0.52,85.5,0.51,707.6,0.53,5.0,0.54,65.0,0.48,45.5,0.47,660.46,0.49,22.1,0.5,165.0,0.01,0.01,2336.078431,1776189025000
1776189028.184,28.184,0.52,147.5,0.51,719.6,0.54,35.0,0.55,45.5,0.46,35.0,0.45,45.5,0.48,147.5,0.49,719.6,0.02,0.02,2336.094648,1776189027000
1776189029.285,29.285,0.52,147.5,0.51,719.6,0.54,35.0,0.55,45.5,0.46,35.0,0.45,45.5,0.48,147.5,0.49,719.6,0.02,0.02,2336.29643,1776189028000
1776189029.511,29.511,0.53,722.5,0.52,88.5,0.54,34.0,0.55,60.5,0.46,35.0,0.45,45.5,0.48,147.5,0.49,719.6,0.01,0.02,2336.29643,1776189028000
1776189030.327,30.327,0.53,727.5,0.52,88.5,0.54,32.03,0.55,60.5,0.46,32.03,0.45,60.5,0.47,727.5,0.48,88.5,0.01,0.01,2336.419232,1776189029000
1776189030.584,30.584,0.53,785.37,0.52,88.5,0.54,42.03,0.55,50.5,0.46,32.03,0.45,60.5,0.47,727.5,0.48,88.5,0.01,0.01,2336.419232,1776189029000
1776189031.161,31.161,0.53,785.37,0.52,88.5,0.54,42.03,0.55,50.5,0.46,42.03,0.45,50.5,0.47,785.37,0.48,88.5,0.01,0.01,2336.429096,1776189030000
1776189032.118,32.118,0.51,23.1,0.5,45.5,0.54,716.53,0.55,75.5,0.46,42.03,0.45,50.5,0.47,785.37,0.48,88.5,0.03,0.01,2336.429096,1776189030000
1776189032.322,32.322,0.51,8.3,0.5,58.5,0.52,5.0,0.53,182.31,0.47,182.31,0.46,594.53,0.49,3.1,0.5,58.5,0.01,0.02,2336.426684,1776189031000
1776189033.305,33.305,0.51,13.3,0.5,58.5,0.52,7.53,0.53,187.31,0.48,7.53,0.47,187.31,0.49,13.3,0.5,58.5,0.01,0.01,2336.419337,1776189032000
1776189033.61,33.61,0.52,690.5,0.51,51.8,0.54,56.17,0.55,182.5,0.47,17.92,0.46,74.53,0.48,675.5,0.49,41.8,0.02,0.01,2336.419337,1776189032000
1776189034.307,34.307,0.52,690.5,0.51,51.8,0.54,56.17,0.55,182.5,0.46,56.17,0.45,182.5,0.48,690.5,0.49,51.8,0.02,0.02,2336.205668,1776189033000
1776189034.96,34.96,0.53,588.0,0.52,78.5,0.54,43.67,0.55,25.5,0.46,56.17,0.45,182.5,0.48,690.5,0.49,51.8,0.01,0.02,2336.205668,1776189033000
1776189035.335,35.335,0.53,88.0,0.52,528.0,0.54,144.5,0.55,35.5,0.46,144.5,0.45,35.5,0.47,88.0,0.48,528.0,0.01,0.01,2336.230682,1776189034000
1776189035.91,35.91,0.53,88.0,0.52,528.0,0.54,144.5,0.55,35.5,0.46,144.5,0.45,35.5,0.47,88.0,0.48,528.0,0.01,0.01,2336.245032,1776189035000
1776189036.401,36.401,0.52,28.0,0.51,27.0,0.53,25.5,0.54,96.17,0.46,154.5,0.45,522.5,0.47,5.44,0.48,43.0,0.01,0.01,2336.245032,1776189035000
1776189036.923,36.923,0.52,28.0,0.51,27.0,0.53,25.5,0.54,96.17,0.47,25.5,0.46,96.17,0.48,28.0,0.49,27.0,0.01,0.01,2336.283186,1776189036000
1776189037.974,37.974,0.52,28.0,0.51,27.0,0.53,25.5,0.54,96.17,0.47,25.5,0.46,96.17,0.48,28.0,0.49,27.0,0.01,0.01,2336.275672,1776189037000
1776189038.684,38.684,0.48,15.96,0.47,157.0,0.5,30.0,0.51,144.0,0.47,25.5,0.46,96.17,0.48,28.0,0.49,27.0,0.02,0.01,2336.275672,1776189037000
1776189038.991,38.991,0.48,616.24,0.47,63.0,0.49,15.0,0.5,35.0,0.51,15.0,0.5,35.0,0.52,616.24,0.53,63.0,0.01,0.01,2336.134335,1776189038000
1776189039.23,39.23,0.48,644.24,0.47,55.0,0.5,9.8,0.51,32.0,0.51,15.0,0.5,35.0,0.52,616.24,0.53,63.0,0.02,0.01,2336.134335,1776189038000
1776189040.054,40.054,0.48,644.24,0.47,55.0,0.51,32.0,0.52,142.0,0.49,32.0,0.48,142.0,0.52,644.24,0.53,55.0,0.03,0.03,2336.026495,1776189039000
1776189041.127,41.127,0.48,644.24,0.47,55.0,0.51,32.0,0.52,142.0,0.49,32.0,0.48,142.0,0.52,644.24,0.53,55.0,0.03,0.03,2335.936036,1776189040000
1776189041.662,41.662,0.49,707.5,0.48,35.5,0.53,25.0,0.54,151.67,0.49,32.0,0.48,142.0,0.52,644.24,0.53,55.0,0.04,0.03,2335.936036,1776189040000
1776189042.161,42.161,0.49,707.5,0.48,35.5,0.53,25.0,0.54,151.67,0.47,25.0,0.46,151.67,0.51,707.5,0.52,35.5,0.04,0.04,2335.937966,1776189041000
1776189042.443,42.443,0.51,202.5,0.5,535.5,0.53,30.0,0.54,151.67,0.47,25.0,0.46,151.67,0.51,707.5,0.52,35.5,0.02,0.04,2335.937966,1776189041000
1776189043.161,43.161,0.51,202.5,0.5,535.5,0.53,30.0,0.54,151.67,0.47,30.0,0.46,151.67,0.49,202.5,0.5,535.5,0.02,0.02,2335.990057,1776189042000
1776189044.772,44.772,0.51,202.5,0.5,535.5,0.53,30.0,0.54,151.67,0.47,30.0,0.46,151.67,0.49,202.5,0.5,535.5,0.02,0.02,2336.098325,1776189043000
1776189045.301,45.301,0.51,202.5,0.5,535.5,0.53,30.0,0.54,151.67,0.47,30.0,0.46,151.67,0.49,202.5,0.5,535.5,0.02,0.02,2336.089785,1776189044000
1776189046.105,46.105,0.52,40.0,0.51,30.0,0.53,45.0,0.54,657.17,0.47,30.0,0.46,151.67,0.49,202.5,0.5,535.5,0.01,0.02,2336.089785,1776189044000
1776189046.343,46.343,0.52,40.0,0.51,30.0,0.53,45.0,0.54,657.17,0.47,45.0,0.46,657.17,0.48,40.0,0.49,30.0,0.01,0.01,2336.031794,1776189045000
1776189046.929,46.929,0.52,40.0,0.51,30.0,0.53,45.0,0.54,657.17,0.47,45.0,0.46,657.17,0.48,40.0,0.49,30.0,0.01,0.01,2336.031037,1776189046000
1776189047.557,47.557,0.52,30.0,0.51,25.0,0.53,698.5,0.54,88.17,0.47,45.0,0.46,657.17,0.48,40.0,0.49,30.0,0.01,0.01,2336.031037,1776189046000
1776189047.831,47.831,0.52,30.0,0.51,25.0,0.53,698.5,0.54,88.17,0.47,698.5,0.46,88.17,0.48,30.0,0.49,25.0,0.01,0.01,2336.036754,1776189047000
1776189048.941,48.941,0.52,30.0,0.51,25.0,0.53,698.5,0.54,88.17,0.47,698.5,0.46,88.17,0.48,30.0,0.49,25.0,0.01,0.01,2336.037614,1776189048000
1776189049.456,49.456,0.52,35.0,0.51,142.0,0.53,55.5,0.54,700.72,0.47,50.5,0.46,700.72,0.48,45.0,0.49,142.0,0.01,0.01,2336.037614,1776189048000
1776189049.921,49.921,0.52,3.75,0.51,147.0,0.53,45.0,0.54,700.72,0.47,45.0,0.46,700.72,0.48,3.75,0.49,147.0,0.01,0.01,2335.981985,1776189049000
1776189050.947,50.947,0.52,3.75,0.51,147.0,0.53,45.0,0.54,700.72,0.47,45.0,0.46,700.72,0.48,3.75,0.49,147.0,0.01,0.01,2335.977857,1776189050000
1776189051.319,51.319,0.52,35.0,0.51,142.0,0.53,545.0,0.54,202.69,0.47,535.0,0.46,168.17,0.48,21.0,0.49,137.0,0.01,0.01,2335.977857,1776189050000
1776189051.932,51.932,0.52,35.0,0.51,25.0,0.53,534.33,0.54,219.16,0.47,545.0,0.46,202.69,0.48,35.0,0.49,142.0,0.01,0.01,2335.977857,1776189050000
1776189052.338,52.338,0.52,40.0,0.51,147.0,0.53,39.33,0.54,648.17,0.47,534.33,0.46,219.16,0.48,35.0,0.49,25.0,0.01,0.01,2336.09727,1776189051000
1776189053.052,53.052,0.52,40.0,0.51,147.0,0.53,39.33,0.54,648.17,0.47,39.33,0.46,648.17,0.48,40.0,0.49,147.0,0.01,0.01,2335.990618,1776189052000
1776189053.656,53.656,0.52,3.33,0.51,142.0,0.53,34.33,0.54,668.17,0.47,39.33,0.46,648.17,0.48,40.0,0.49,147.0,0.01,0.01,2335.990618,1776189052000
1776189054.128,54.128,0.52,3.33,0.51,142.0,0.53,34.33,0.54,668.17,0.47,34.33,0.46,668.17,0.48,3.33,0.49,142.0,0.01,0.01,2335.997512,1776189053000
1776189055.093,55.093,0.52,3.33,0.51,142.0,0.53,34.33,0.54,668.17,0.47,34.33,0.46,668.17,0.48,3.33,0.49,142.0,0.01,0.01,2336.010694,1776189054000
1776189055.992,55.992,0.48,101.25,0.47,50.5,0.49,10.0,0.5,20.0,0.47,519.33,0.46,183.17,0.48,11.0,0.49,147.0,0.01,0.01,2336.010694,1776189054000
1776189057.125,57.125,0.48,101.25,0.47,50.5,0.49,10.0,0.5,20.0,0.51,10.0,0.5,20.0,0.52,101.25,0.53,50.5,0.01,0.01,2335.991707,1776189056000
1776189058.147,58.147,0.48,101.25,0.47,50.5,0.49,10.0,0.5,20.0,0.51,10.0,0.5,20.0,0.52,101.25,0.53,50.5,0.01,0.01,2335.934449,1776189057000
1776189058.691,58.691,0.47,5.5,0.46,137.17,0.48,52.83,0.49,643.0,0.52,82.0,0.51,638.0,0.53,10.5,0.54,137.17,0.01,0.01,2335.934449,1776189057000
1776189059.104,59.104,0.47,5.5,0.46,137.17,0.48,52.83,0.49,643.0,0.52,52.83,0.51,643.0,0.53,5.5,0.54,137.17,0.01,0.01,2335.766883,1776189058000
1776189060.088,60.088,0.47,5.5,0.46,137.17,0.48,52.83,0.49,643.0,0.52,52.83,0.51,643.0,0.53,5.5,0.54,137.17,0.01,0.01,2335.740629,1776189059000
1776189061.152,61.152,0.47,5.5,0.46,137.17,0.48,52.83,0.49,643.0,0.52,52.83,0.51,643.0,0.53,5.5,0.54,137.17,0.01,0.01,2335.747227,1776189060000
1776189061.366,61.366,0.47,10.5,0.46,142.17,0.48,56.71,0.49,648.0,0.52,52.83,0.51,643.0,0.53,5.5,0.54,137.17,0.01,0.01,2335.747227,1776189060000
1776189062.22,62.22,0.47,10.5,0.46,142.17,0.48,56.71,0.49,648.0,0.52,56.71,0.51,648.0,0.53,10.5,0.54,142.17,0.01,0.01,2335.750295,1776189061000
1776189062.568,62.568,0.47,632.5,0.46,35.17,0.48,39.91,0.49,40.0,0.52,56.71,0.51,648.0,0.53,10.5,0.54,142.17,0.01,0.01,2335.750295,1776189061000
1776189063.143,63.143,0.47,632.5,0.46,35.17,0.48,39.91,0.49,40.0,0.52,39.91,0.51,40.0,0.53,632.5,0.54,35.17,0.01,0.01,2335.751109,1776189062000
1776189064.216,64.216,0.47,632.5,0.46,35.17,0.48,39.91,0.49,40.0,0.52,39.91,0.51,40.0,0.53,632.5,0.54,35.17,0.01,0.01,2335.750897,1776189063000
1776189064.417,64.417,0.47,40.5,0.46,632.17,0.48,59.74,0.49,40.0,0.52,39.91,0.51,40.0,0.53,632.5,0.54,35.17,0.01,0.01,2335.750897,1776189063000
1776189065.193,65.193,0.47,40.5,0.46,632.17,0.48,59.74,0.49,40.0,0.52,59.74,0.51,40.0,0.53,40.5,0.54,632.17,0.01,0.01,2335.754122,1776189064000
1776189066.149,66.149,0.46,5.17,0.45,85.0,0.48,712.24,0.49,70.5,0.52,59.74,0.51,40.0,0.53,40.5,0.54,632.17,0.02,0.01,2335.754122,1776189064000
1776189066.802,66.802,0.44,105.67,0.43,115.0,0.47,154.5,0.48,777.23,0.53,21.0,0.52,659.24,0.54,5.17,0.55,85.0,0.03,0.01,2335.758297,1776189065000
1776189067.163,67.163,0.44,105.67,0.43,115.0,0.47,154.5,0.48,777.23,0.53,154.5,0.52,777.23,0.56,105.67,0.57,115.0,0.03,0.03,2335.755892,1776189066000
1776189067.722,67.722,0.43,90.5,0.42,187.5,0.45,103.23,0.46,75.02,0.53,154.5,0.52,777.23,0.56,105.67,0.57,115.0,0.02,0.03,2335.755892,1776189066000
1776189068.174,68.174,0.43,45.5,0.42,187.5,0.44,17.72,0.45,604.23,0.56,17.72,0.55,604.23,0.57,45.5,0.58,187.5,0.01,0.01,2335.580371,1776189067000
1776189068.391,68.391,0.43,40.5,0.42,187.5,0.44,519.99,0.45,124.23,0.56,17.72,0.55,604.23,0.57,45.5,0.58,187.5,0.01,0.01,2335.580371,1776189067000
1776189069.0,69.0,0.43,13.25,0.42,187.5,0.44,529.99,0.45,124.23,0.56,519.99,0.55,124.23,0.57,40.5,0.58,187.5,0.01,0.01,2335.580371,1776189067000
1776189069.248,69.248,0.43,13.25,0.42,187.5,0.44,529.99,0.45,124.23,0.56,529.99,0.55,124.23,0.57,13.25,0.58,187.5,0.01,0.01,2335.477946,1776189068000
1776189069.595,69.595,0.43,1.35,0.42,187.5,0.44,534.99,0.45,124.23,0.56,534.99,0.55,124.23,0.57,23.35,0.58,187.5,0.01,0.01,2335.477946,1776189068000
1776189070.258,70.258,0.43,1.35,0.42,187.5,0.44,534.99,0.45,124.23,0.56,534.99,0.55,124.23,0.57,1.35,0.58,187.5,0.01,0.01,2335.425623,1776189069000
1776189070.537,70.537,0.43,205.35,0.42,35.5,0.45,9.44,0.46,10.0,0.56,534.99,0.55,124.23,0.57,1.35,0.58,187.5,0.02,0.01,2335.425623,1776189069000
1776189070.931,70.931,0.46,32.0,0.45,628.58,0.47,29.0,0.48,25.0,0.54,9.44,0.53,5.0,0.55,38.08,0.56,147.5,0.01,0.01,2335.425623,1776189069000
1776189071.267,71.267,0.46,32.0,0.45,628.58,0.47,29.0,0.48,25.0,0.53,29.0,0.52,25.0,0.54,32.0,0.55,628.58,0.01,0.01,2335.432411,1776189070000
1776189072.356,72.356,0.46,32.0,0.45,628.58,0.47,29.0,0.48,25.0,0.53,29.0,0.52,25.0,0.54,32.0,0.55,628.58,0.01,0.01,2335.482118,1776189071000
1776189073.064,73.064,0.44,47.5,0.43,46.35,0.45,31.77,0.46,85.5,0.53,29.0,0.52,25.0,0.54,32.0,0.55,628.58,0.01,0.01,2335.482118,1776189071000
1776189073.379,73.379,0.44,47.5,0.43,46.35,0.45,72.77,0.46,76.5,0.55,72.77,0.54,76.5,0.56,47.5,0.57,46.35,0.01,0.01,2335.673453,1776189072000
1776189073.658,73.658,0.44,11.8,0.43,26.85,0.45,78.77,0.46,71.5,0.55,72.77,0.54,76.5,0.56,47.5,0.57,46.35,0.01,0.01,2335.673453,1776189072000
1776189074.3,74.3,0.44,672.3,0.43,31.85,0.46,5.0,0.47,15.0,0.55,78.77,0.54,71.5,0.56,11.8,0.57,26.85,0.02,0.01,2335.673453,1776189072000
1776189074.742,74.742,0.45,638.5,0.44,80.3,0.47,5.0,0.48,46.5,0.54,5.0,0.53,15.0,0.56,672.3,0.57,31.85,0.02,0.02,2335.592479,1776189073000
1776189075.111,75.111,0.43,1.15,0.42,35.5,0.45,21.0,0.46,35.5,0.53,5.0,0.52,46.5,0.55,638.5,0.56,80.3,0.02,0.02,2335.580074,1776189074000
1776189075.524,75.524,0.43,24.15,0.42,147.5,0.44,33.0,0.45,10.0,0.55,21.0,0.54,35.5,0.57,1.15,0.58,35.5,0.01,0.02,2335.580074,1776189074000
1776189075.907,75.907,0.42,137.09,0.41,75.0,0.44,33.0,0.45,10.0,0.56,33.0,0.55,10.0,0.58,137.09,0.59,75.0,0.02,0.02,2335.521239,1776189075000
1776189076.535,76.535,0.43,659.72,0.42,25.09,0.45,5.0,0.46,10.0,0.56,33.0,0.55,10.0,0.58,137.09,0.59,75.0,0.02,0.02,2335.521239,1776189075000
1776189076.736,76.736,0.43,659.72,0.42,25.09,0.45,24.0,0.46,20.5,0.55,5.0,0.54,10.0,0.57,659.72,0.58,25.09,0.02,0.02,2335.521239,1776189075000
1776189077.146,77.146,0.43,655.5,0.42,25.09,0.44,10.0,0.45,24.0,0.55,24.0,0.54,20.5,0.57,659.72,0.58,25.09,0.01,0.02,2335.543599,1776189076000
1776189077.531,77.531,0.43,515.0,0.42,142.09,0.44,33.09,0.45,10.0,0.56,10.0,0.55,24.0,0.57,655.5,0.58,25.09,0.01,0.01,2335.543599,1776189076000
1776189077.98,77.98,0.43,515.0,0.42,142.09,0.44,33.09,0.45,10.0,0.56,33.09,0.55,10.0,0.57,515.0,0.58,142.09,0.01,0.01,2335.523609,1776189077000
1776189079.03,79.03,0.43,522.17,0.42,142.09,0.44,43.09,0.45,10.0,0.56,43.09,0.55,10.0,0.57,522.17,0.58,142.09,0.01,0.01,2335.542087,1776189078000
1776189079.326,79.326,0.43,541.52,0.42,142.09,0.44,20.0,0.45,15.0,0.56,43.09,0.55,10.0,0.57,522.17,0.58,142.09,0.01,0.01,2335.542087,1776189078000
1776189080.032,80.032,0.43,541.52,0.42,142.09,0.44,20.0,0.45,15.0,0.56,20.0,0.55,15.0,0.57,541.52,0.58,142.09,0.01,0.01,2335.541706,1776189079000
1776189080.346,80.346,0.43,683.35,0.42,25.09,0.44,15.0,0.45,10.0,0.56,20.0,0.55,15.0,0.57,541.52,0.58,142.09,0.01,0.01,2335.541706,1776189079000
1776189080.973,80.973,0.43,683.35,0.42,25.09,0.44,15.0,0.45,10.0,0.56,15.0,0.55,10.0,0.57,683.35,0.58,25.09,0.01,0.01,2335.566734,1776189080000
1776189081.263,81.263,0.43,15.0,0.42,5.0,0.44,69.0,0.45,41.5,0.56,15.0,0.55,10.0,0.57,683.35,0.58,25.09,0.01,0.01,2335.566734,1776189080000
1776189082.008,82.008,0.43,10.01,0.42,5.0,0.44,69.0,0.45,41.5,0.56,69.0,0.55,41.5,0.57,10.01,0.58,5.0,0.01,0.01,2335.538771,1776189081000
1776189082.248,82.248,0.43,23.01,0.42,5.0,0.44,64.0,0.45,41.5,0.56,69.0,0.55,41.5,0.57,10.01,0.58,5.0,0.01,0.01,2335.538771,1776189081000
1776189082.489,82.489,0.43,16.26,0.42,15.0,0.44,64.0,0.45,158.5,0.56,64.0,0.55,41.5,0.57,26.25,0.58,5.0,0.01,0.01,2335.538771,1776189081000
1776189083.004,83.004,0.43,16.26,0.42,15.0,0.44,64.0,0.45,158.5,0.56,64.0,0.55,158.5,0.57,16.26,0.58,15.0,0.01,0.01,2335.450135,1776189082000
1776189083.47,83.47,0.44,37.0,0.43,670.76,0.46,15.5,0.47,168.02,0.55,15.0,0.54,15.0,0.57,210.76,0.58,510.5,0.02,0.02,2335.450135,1776189082000
1776189084.218,84.218,0.44,689.5,0.43,88.76,0.47,19.52,0.48,40.5,0.54,25.5,0.53,168.02,0.56,27.0,0.57,670.76,0.03,0.02,2335.450135,1776189082000
1776189084.442,84.442,0.44,689.5,0.43,88.76,0.47,19.52,0.48,40.5,0.53,19.52,0.52,40.5,0.56,689.5,0.57,88.76,0.03,0.03,2335.456334,1776189083000
1776189085.114,85.114,0.46,198.81,0.45,32.0,0.47,9.52,0.48,30.5,0.53,9.52,0.52,30.5,0.54,198.81,0.55,32.0,0.01,0.01,2335.491072,1776189084000
1776189085.51,85.51,0.46,699.31,0.45,57.5,0.47,0.52,0.48,20.0,0.53,9.52,0.52,30.5,0.54,198.81,0.55,32.0,0.01,0.01,2335.491072,1776189084000
1776189085.874,85.874,0.46,699.31,0.45,57.5,0.48,10.52,0.49,40.5,0.53,0.52,0.52,20.0,0.54,689.31,0.55,57.5,0.02,0.01,2335.491072,1776189084000
1776189086.45,86.45,0.47,722.5,0.46,122.31,0.48,5.52,0.49,25.0,0.52,10.52,0.51,40.5,0.54,699.31,0.55,57.5,0.01,0.02,2335.491072,1776189084000
1776189086.947,86.947,0.48,15.0,0.47,729.5,0.52,266.83,0.53,55.0,0.52,5.52,0.51,25.0,0.53,722.5,0.54,122.31,0.04,0.01,2335.602643,1776189085000
1776189087.175,87.175,0.49,92.5,0.48,72.5,0.5,9.5,0.52,266.83,0.48,266.83,0.47,55.0,0.52,15.0,0.53,729.5,0.01,0.04,2335.751948,1776189086000
1776189088.213,88.213,0.5,17.0,0.49,82.0,0.51,30.2,0.52,271.83,0.5,9.5,0.48,266.83,0.51,92.5,0.52,72.5,0.01,0.01,2335.751948,1776189086000
1776189089.564,89.564,0.5,17.0,0.49,82.0,0.51,30.2,0.52,271.83,0.49,30.2,0.48,271.83,0.5,17.0,0.51,82.0,0.01,0.01,2335.926339,1776189088000
1776189090.103,90.103,0.49,12.0,0.48,12.0,0.51,199.5,0.52,188.82,0.49,30.2,0.48,271.83,0.5,17.0,0.51,82.0,0.02,0.01,2335.926339,1776189088000
1776189090.314,90.314,0.47,25.5,0.46,142.5,0.48,64.0,0.49,30.0,0.49,199.5,0.48,188.82,0.51,12.0,0.52,12.0,0.01,0.02,2335.926339,1776189088000
1776189091.168,91.168,0.47,632.42,0.46,55.5,0.48,5.0,0.49,45.5,0.52,30.0,0.51,35.0,0.53,15.5,0.54,152.5,0.01,0.01,2335.948082,1776189089000
1776189091.524,91.524,0.47,632.42,0.46,55.5,0.48,5.0,0.49,45.5,0.52,5.0,0.51,45.5,0.53,632.42,0.54,55.5,0.01,0.01,2335.925541,1776189090000
1776189092.355,92.355,0.47,632.42,0.46,55.5,0.48,5.0,0.49,45.5,0.52,5.0,0.51,45.5,0.53,632.42,0.54,55.5,0.01,0.01,2335.793069,1776189091000
1776189093.006,93.006,0.47,632.42,0.46,55.5,0.48,5.0,0.49,45.5,0.52,5.0,0.51,45.5,0.53,632.42,0.54,55.5,0.01,0.01,2335.769574,1776189092000
1776189093.499,93.499,0.48,4.96,0.47,60.42,0.49,40.5,0.5,653.5,0.52,5.0,0.51,45.5,0.53,632.42,0.54,55.5,0.01,0.01,2335.769574,1776189092000
1776189093.88,93.88,0.47,43.78,0.46,627.5,0.48,17.33,0.49,152.5,0.51,45.5,0.5,653.5,0.53,59.28,0.54,152.5,0.01,0.02,2335.769574,1776189092000
1776189094.197,94.197,0.47,15.0,0.46,10.0,0.48,52.08,0.49,520.97,0.52,17.33,0.51,152.5,0.53,43.78,0.54,627.5,0.01,0.01,2335.769574,1776189092000
1776189094.4,94.4,0.44,142.5,0.43,40.0,0.45,9.5,0.46,15.0,0.53,31.5,0.52,687.08,0.55,0.5,0.56,142.5,0.01,0.02,2335.732242,1776189093000
1776189094.963,94.963,0.44,142.5,0.43,40.0,0.45,9.5,0.46,15.0,0.55,9.5,0.54,15.0,0.56,142.5,0.57,40.0,0.01,0.01,2335.742863,1776189094000
1776189095.96,95.96,0.4,54.0,0.39,35.5,0.41,20.5,0.42,77.73,0.55,9.5,0.54,15.0,0.56,142.5,0.57,40.0,0.01,0.01,2335.742863,1776189094000
1776189096.168,96.168,0.4,45.0,0.39,35.5,0.41,20.5,0.42,92.73,0.59,20.5,0.58,92.73,0.6,45.0,0.61,35.5,0.01,0.01,2335.739996,1776189095000
1776189097.373,97.373,0.4,45.0,0.39,35.5,0.41,20.5,0.42,92.73,0.59,20.5,0.58,92.73,0.6,45.0,0.61,35.5,0.01,0.01,2335.56643,1776189096000
1776189098.116,98.116,0.41,632.63,0.4,82.5,0.42,10.0,0.43,15.0,0.58,10.0,0.57,15.0,0.59,632.63,0.6,82.5,0.01,0.01,2335.2566,1776189097000
1776189099.359,99.359,0.41,10.5,0.4,172.5,0.42,44.0,0.43,41.5,0.58,44.0,0.57,41.5,0.59,10.5,0.6,172.5,0.01,0.01,2335.309527,1776189098000
1776189099.882,99.882,0.41,685.5,0.4,55.5,0.44,20.0,0.45,31.5,0.58,44.0,0.57,41.5,0.59,10.5,0.6,172.5,0.03,0.01,2335.309527,1776189098000
1776189100.179,100.179,0.41,685.5,0.4,55.5,0.44,20.0,0.45,31.5,0.56,20.0,0.55,31.5,0.59,685.5,0.6,55.5,0.03,0.03,2335.309527,1776189099000
1776189100.692,100.692,0.43,658.24,0.42,30.5,0.44,25.0,0.45,36.5,0.56,20.0,0.55,31.5,0.59,685.5,0.6,55.5,0.01,0.03,2335.309527,1776189099000
1776189101.248,101.248,0.43,658.24,0.42,30.5,0.44,25.0,0.45,36.5,0.56,25.0,0.55,36.5,0.57,658.24,0.58,30.5,0.01,0.01,2335.270192,1776189100000
1776189101.448,101.448,0.43,658.24,0.42,30.5,0.44,33.22,0.45,41.5,0.56,33.22,0.55,41.5,0.57,658.24,0.58,30.5,0.01,0.01,2335.270192,1776189100000
1776189101.789,101.789,0.43,651.16,0.42,30.5,0.44,33.22,0.45,41.5,0.56,33.22,0.55,41.5,0.57,658.24,0.58,30.5,0.01,0.01,2335.270192,1776189100000
1776189102.28,102.28,0.43,651.16,0.42,30.5,0.44,33.22,0.45,41.5,0.56,33.22,0.55,41.5,0.57,651.16,0.58,30.5,0.01,0.01,2335.425991,1776189101000
1776189103.27,103.27,0.43,358.72,0.42,147.5,0.44,43.22,0.45,158.5,0.56,33.22,0.55,41.5,0.57,651.16,0.58,30.5,0.01,0.01,2335.425991,1776189101000
1776189103.611,103.611,0.42,10.0,0.4,25.0,0.44,653.21,0.45,53.97,0.56,43.22,0.55,158.5,0.57,358.72,0.58,147.5,0.02,0.01,2335.425154,1776189102000
1776189104.53,104.53,0.4,25.5,0.39,167.5,0.41,20.0,0.42,25.5,0.59,20.0,0.58,25.5,0.6,25.5,0.61,167.5,0.01,0.01,2335.423899,1776189103000
1776189105.098,105.098,0.4,45.5,0.39,667.5,0.41,7.67,0.42,15.0,0.59,7.67,0.58,15.0,0.6,45.5,0.61,667.5,0.01,0.01,2335.423514,1776189104000
1776189105.714,105.714,0.44,25.5,0.43,695.5,0.47,25.5,0.48,197.58,0.56,10.0,0.55,41.83,0.57,93.5,0.58,40.5,0.03,0.01,2335.423514,1776189104000
1776189106.406,106.406,0.45,69.23,0.44,62.5,0.46,10.0,0.47,19.22,0.54,10.0,0.53,19.22,0.55,69.23,0.56,62.5,0.01,0.01,2335.312195,1776189105000
1776189107.465,107.465,0.45,69.23,0.44,62.5,0.46,10.0,0.47,19.22,0.54,10.0,0.53,19.22,0.55,69.23,0.56,62.5,0.01,0.01,2335.469769,1776189106000
1776189108.005,108.005,0.45,69.23,0.44,62.5,0.46,10.0,0.47,19.22,0.54,10.0,0.53,19.22,0.55,69.23,0.56,62.5,0.01,0.01,2335.537826,1776189107000
1776189109.15,109.15,0.45,69.23,0.44,62.5,0.46,10.0,0.47,19.22,0.54,10.0,0.53,19.22,0.55,69.23,0.56,62.5,0.01,0.01,2335.590173,1776189108000
1776189109.677,109.677,0.45,25.0,0.44,25.0,0.47,94.22,0.48,106.5,0.54,10.0,0.53,19.22,0.55,69.23,0.56,62.5,0.02,0.01,2335.590173,1776189108000
1776189109.94,109.94,0.45,15.0,0.44,15.0,0.46,152.5,0.47,84.22,0.53,94.22,0.52,106.5,0.55,25.0,0.56,25.0,0.01,0.02,2335.590173,1776189108000
1776189110.277,110.277,0.44,10.0,0.43,15.5,0.46,152.5,0.47,84.22,0.54,152.5,0.53,84.22,0.56,10.0,0.57,15.5,0.02,0.02,2335.595481,1776189109000
1776189110.522,110.522,0.44,8.21,0.43,15.5,0.45,152.5,0.46,521.5,0.54,152.5,0.53,84.22,0.56,10.0,0.57,15.5,0.01,0.02,2335.595481,1776189109000
1776189111.106,111.106,0.44,4.63,0.43,15.5,0.45,152.5,0.46,516.5,0.55,147.5,0.54,521.5,0.56,6.42,0.57,15.5,0.01,0.01,2335.595481,1776189109000
1776189111.686,111.686,0.44,4.63,0.43,15.5,0.45,152.5,0.46,516.5,0.55,152.5,0.54,516.5,0.56,4.63,0.57,15.5,0.01,0.01,2335.5509,1776189110000
1776189112.289,112.289,0.44,4.63,0.43,15.5,0.45,152.5,0.46,516.5,0.55,152.5,0.54,516.5,0.56,4.63,0.57,15.5,0.01,0.01,2335.483485,1776189111000
1776189112.553,112.553,0.4,17.16,0.39,60.0,0.41,81.0,0.42,162.5,0.55,152.5,0.54,516.5,0.56,4.63,0.57,15.5,0.01,0.01,2335.483485,1776189111000
1776189113.238,113.238,0.4,18.33,0.39,35.0,0.41,81.0,0.42,157.5,0.59,81.0,0.58,162.5,0.6,17.16,0.61,60.0,0.01,0.01,2335.483485,1776189111000
1776189113.51,113.51,0.4,18.33,0.39,35.0,0.41,81.0,0.42,157.5,0.59,81.0,0.58,157.5,0.6,18.33,0.61,35.0,0.01,0.01,2335.482135,1776189112000
1776189113.755,113.755,0.4,16.49,0.39,45.5,0.41,86.0,0.42,157.5,0.59,81.0,0.58,157.5,0.6,18.33,0.61,35.0,0.01,0.01,2335.482135,1776189112000
1776189114.034,114.034,0.4,14.65,0.39,45.5,0.41,81.0,0.42,157.5,0.59,81.0,0.58,157.5,0.6,14.65,0.61,45.5,0.01,0.01,2335.298935,1776189113000
1776189115.207,115.207,0.4,14.65,0.39,45.5,0.41,81.0,0.42,157.5,0.59,81.0,0.58,157.5,0.6,14.65,0.61,45.5,0.01,0.01,2335.240057,1776189114000
1776189115.835,115.835,0.4,48.83,0.39,45.5,0.41,60.0,0.42,147.5,0.59,81.0,0.58,157.5,0.6,14.65,0.61,45.5,0.01,0.01,2335.240057,1776189114000
1776189116.242,116.242,0.4,48.83,0.39,45.5,0.41,60.0,0.42,147.5,0.59,60.0,0.58,147.5,0.6,48.83,0.61,45.5,0.01,0.01,2335.222184,1776189115000
1776189116.454,116.454,0.4,53.83,0.39,162.5,0.41,34.21,0.42,147.5,0.59,52.8,0.58,147.5,0.6,48.83,0.61,45.5,0.01,0.01,2335.222184,1776189115000
1776189116.848,116.848,0.4,9.83,0.39,35.5,0.41,553.89,0.42,152.5,0.59,41.89,0.58,142.5,0.6,58.83,0.61,162.5,0.01,0.01,2335.222184,1776189115000
1776189117.276,117.276,0.4,9.83,0.39,35.5,0.41,553.89,0.42,152.5,0.59,553.89,0.58,152.5,0.6,9.83,0.61,35.5,0.01,0.01,2335.238026,1776189116000
1776189117.514,117.514,0.4,19.83,0.39,20.5,0.41,71.89,0.42,142.0,0.59,553.89,0.58,152.5,0.6,9.83,0.61,35.5,0.01,0.01,2335.238026,1776189116000
1776189118.365,118.365,0.4,19.83,0.39,20.5,0.41,71.89,0.42,142.0,0.59,71.89,0.58,142.0,0.6,19.83,0.61,20.5,0.01,0.01,2335.235919,1776189117000
1776189119.005,119.005,0.4,19.83,0.39,20.5,0.41,71.89,0.42,142.0,0.59,71.89,0.58,142.0,0.6,19.83,0.61,20.5,0.01,0.01,2335.219211,1776189118000
1776189120.076,120.076,0.4,156.83,0.39,520.5,0.41,60.0,0.42,26.0,0.59,60.0,0.58,26.0,0.6,156.83,0.61,520.5,0.01,0.01,2335.235231,1776189119000
1776189120.559,120.559,0.4,662.26,0.39,40.5,0.41,60.0,0.42,36.5,0.59,60.0,0.58,26.0,0.6,156.83,0.61,520.5,0.01,0.01,2335.235231,1776189119000
1776189121.169,121.169,0.4,177.26,0.39,520.5,0.41,64.6,0.42,36.5,0.59,60.0,0.58,36.5,0.6,662.26,0.61,40.5,0.01,0.01,2335.235231,1776189119000
1776189121.542,121.542,0.4,27.26,0.39,637.5,0.41,64.6,0.42,36.5,0.59,64.6,0.58,36.5,0.6,177.26,0.61,520.5,0.01,0.01,2335.239649,1776189120000
1776189122.361,122.361,0.4,27.26,0.39,637.5,0.41,64.6,0.42,36.5,0.59,64.6,0.58,36.5,0.6,27.26,0.61,637.5,0.01,0.01,2335.244653,1776189121000
1776189123.416,123.416,0.4,27.26,0.39,637.5,0.41,64.6,0.42,36.5,0.59,64.6,0.58,36.5,0.6,27.26,0.61,637.5,0.01,0.01,2335.246101,1776189122000
1776189123.978,123.978,0.4,27.26,0.39,637.5,0.41,64.6,0.42,36.5,0.59,64.6,0.58,36.5,0.6,27.26,0.61,637.5,0.01,0.01,2335.241511,1776189123000
1776189124.28,124.28,0.4,35.41,0.39,637.5,0.41,64.6,0.42,36.5,0.59,64.6,0.58,36.5,0.6,27.26,0.61,637.5,0.01,0.01,2335.241511,1776189123000
1776189124.743,124.743,0.4,672.41,0.39,45.5,0.41,29.47,0.43,10.0,0.59,64.6,0.58,36.5,0.6,35.41,0.61,637.5,0.01,0.01,2335.241511,1776189123000
1776189125.024,125.024,0.43,25.0,0.42,30.5,0.44,10.31,0.45,40.5,0.56,15.31,0.55,35.5,0.59,20.5,0.6,667.41,0.01,0.03,2335.241511,1776189123000
1776189125.655,125.655,0.43,50.0,0.42,35.5,0.45,38.58,0.46,148.0,0.56,0.31,0.55,40.5,0.57,25.0,0.58,30.5,0.02,0.01,2335.241489,1776189124000
1776189126.191,126.191,0.43,45.0,0.42,35.5,0.45,36.35,0.46,148.0,0.55,36.35,0.54,148.0,0.57,45.0,0.58,35.5,0.02,0.02,2335.253561,1776189125000
1776189126.812,126.812,0.43,30.1,0.42,5.0,0.44,41.5,0.45,41.35,0.55,36.35,0.54,148.0,0.57,45.0,0.58,35.5,0.01,0.02,2335.253561,1776189125000
1776189127.087,127.087,0.43,829.6,0.42,40.5,0.44,6.85,0.47,34.0,0.56,15.0,0.55,10.0,0.57,150.6,0.58,35.5,0.01,0.01,2335.253561,1776189125000
1776189127.291,127.291,0.49,35.0,0.48,10.0,0.5,36.0,0.51,29.4,0.5,46.0,0.49,29.4,0.54,125.0,0.55,35.0,0.01,0.04,2335.253561,1776189125000
1776189127.555,127.555,0.5,20.0,0.49,70.0,0.52,150.0,0.53,104.0,0.49,6.13,0.48,183.0,0.51,55.0,0.52,20.0,0.02,0.02,2335.428627,1776189126000
1776189128.027,128.027,0.51,705.95,0.5,25.0,0.52,5.0,0.53,29.0,0.48,150.0,0.47,104.0,0.5,20.0,0.51,70.0,0.01,0.02,2335.428627,1776189126000
1776189128.245,128.245,0.52,10.0,0.51,92.95,0.54,11.81,0.56,159.0,0.46,13.67,0.44,159.0,0.48,10.0,0.49,87.95,0.02,0.02,2335.428627,1776189126000
1776189128.466,128.466,0.61,32.05,0.55,9.09,0.62,27.0,0.63,65.0,0.44,87.95,0.43,150.0,0.48,631.0,0.49,87.95,0.01,0.04,2335.497985,1776189127000
1776189129.051,129.051,0.62,4.54,0.61,10.0,0.63,15.0,0.64,17.0,0.38,18.03,0.37,27.0,0.45,5.0,0.47,10.0,0.01,0.07,2335.497985,1776189127000
1776189129.361,129.361,0.62,4.54,0.61,10.0,0.63,15.0,0.64,17.0,0.37,15.0,0.36,17.0,0.38,4.54,0.39,10.0,0.01,0.01,2336.00556,1776189128000
1776189129.733,129.733,0.62,4.54,0.61,30.0,0.63,5.0,0.64,5.0,0.37,15.0,0.36,17.0,0.38,4.54,0.39,10.0,0.01,0.01,2336.00556,1776189128000
1776189130.55,130.55,0.62,53.86,0.61,15.5,0.63,35.92,0.64,5.0,0.37,6.42,0.36,5.0,0.38,15.0,0.39,5.5,0.01,0.01,2336.00556,1776189128000
1776189130.858,130.858,0.62,70.86,0.61,15.5,0.64,5.0,0.65,7.0,0.37,1.68,0.36,5.0,0.38,70.86,0.39,15.5,0.02,0.01,2336.649238,1776189129000
1776189131.071,131.071,0.63,28.76,0.62,56.86,0.64,19.0,0.65,14.0,0.36,10.0,0.34,8.0,0.37,14.0,0.38,61.86,0.01,0.01,2336.649238,1776189129000
1776189131.595,131.595,0.63,42.74,0.62,51.86,0.64,5.0,0.66,8.0,0.36,19.0,0.35,14.0,0.37,28.76,0.38,56.86,0.01,0.01,2336.649238,1776189129000
1776189132.338,132.338,0.63,37.74,0.62,51.86,0.66,8.0,0.67,30.0,0.34,8.0,0.33,30.0,0.37,37.74,0.38,51.86,0.03,0.03,2336.824018,1776189131000
1776189132.556,132.556,0.71,20.28,0.7,10.0,0.72,115.9,0.74,30.0,0.28,115.9,0.26,30.0,0.29,30.0,0.3,10.0,0.01,0.01,2336.824018,1776189131000
1776189132.813,132.813,0.71,44.24,0.7,10.0,0.72,138.98,0.74,30.0,0.28,129.37,0.26,30.0,0.29,9.24,0.3,10.0,0.01,0.01,2336.824018,1776189131000
1776189133.49,133.49,0.71,44.24,0.7,10.0,0.72,124.48,0.74,30.0,0.28,124.48,0.26,30.0,0.29,44.24,0.3,10.0,0.01,0.01,2336.842827,1776189132000
1776189133.848,133.848,0.7,5.0,0.69,10.0,0.72,665.5,0.73,181.62,0.28,180.5,0.27,90.0,0.29,15.0,0.3,10.0,0.02,0.01,2336.842827,1776189132000
1776189134.1,134.1,0.68,9.68,0.67,10.0,0.69,6.12,0.7,5.0,0.3,30.0,0.29,60.0,0.32,9.68,0.33,10.0,0.01,0.02,2336.842827,1776189132000
1776189134.304,134.304,0.69,14.35,0.68,19.68,0.71,5.0,0.72,12.5,0.3,5.0,0.28,12.5,0.31,4.35,0.32,19.68,0.02,0.01,2336.898245,1776189133000
1776189134.711,134.711,0.69,2.35,0.68,14.68,0.71,35.0,0.72,17.5,0.29,5.0,0.28,12.5,0.31,14.35,0.32,19.68,0.02,0.02,2336.898245,1776189133000
1776189135.195,135.195,0.68,6.03,0.67,10.0,0.7,26.0,0.71,122.24,0.29,35.0,0.28,17.5,0.31,2.35,0.32,14.68,0.02,0.02,2336.898245,1776189133000
1776189135.661,135.661,0.68,6.03,0.67,10.0,0.7,26.0,0.71,122.24,0.3,26.0,0.29,122.24,0.32,6.03,0.33,10.0,0.02,0.02,2337.221537,1776189134000
1776189135.956,135.956,0.69,15.77,0.68,6.03,0.7,653.5,0.71,132.74,0.3,26.0,0.29,122.24,0.32,6.03,0.33,10.0,0.01,0.02,2337.221537,1776189134000
1776189136.455,136.455,0.69,12.54,0.68,6.03,0.7,653.5,0.71,132.74,0.3,653.5,0.29,132.74,0.31,12.54,0.32,6.03,0.01,0.01,2337.171092,1776189135000
1776189136.925,136.925,0.69,29.0,0.68,26.03,0.7,682.07,0.71,152.74,0.3,647.07,0.29,132.74,0.31,27.54,0.32,31.03,0.01,0.01,2337.171092,1776189135000
1776189137.242,137.242,0.68,26.03,0.67,172.0,0.7,675.64,0.71,152.74,0.3,675.64,0.29,152.74,0.32,26.03,0.33,172.0,0.02,0.02,2337.166898,1776189136000
1776189137.827,137.827,0.68,173.03,0.67,75.5,0.71,229.74,0.72,17.5,0.3,675.64,0.29,152.74,0.32,26.03,0.33,172.0,0.03,0.02,2337.166898,1776189136000
1776189138.271,138.271,0.7,15.0,0.69,15.0,0.71,141.67,0.72,53.5,0.29,228.33,0.28,17.5,0.32,173.03,0.33,75.5,0.01,0.03,2337.166898,1776189136000
1776189138.801,138.801,0.69,15.0,0.68,84.59,0.71,547.5,0.72,170.5,0.29,141.67,0.28,53.5,0.3,15.0,0.31,15.0,0.02,0.01,2337.166898,1776189136000
1776189139.05,139.05,0.69,26.77,0.68,94.59,0.7,13.54,0.71,542.5,0.3,17.0,0.29,542.5,0.31,26.77,0.32,99.59,0.01,0.01,2337.110014,1776189137000
1776189139.415,139.415,0.69,26.77,0.68,127.59,0.7,23.54,0.71,542.5,0.3,13.54,0.29,542.5,0.31,26.77,0.32,94.59,0.01,0.01,2337.110014,1776189137000
1776189139.752,139.752,0.69,628.77,0.68,10.0,0.7,14.0,0.71,35.0,0.3,23.54,0.29,542.5,0.31,26.77,0.32,127.59,0.01,0.01,2337.126095,1776189138000
1776189140.099,140.099,0.69,168.77,0.68,500.0,0.7,14.0,0.71,40.0,0.3,14.0,0.29,35.0,0.31,628.77,0.32,10.0,0.01,0.01,2337.126095,1776189138000
1776189140.351,140.351,0.69,168.77,0.68,500.0,0.7,14.0,0.71,40.0,0.3,14.0,0.29,40.0,0.31,168.77,0.32,500.0,0.01,0.01,2337.126095,1776189139000
1776189140.759,140.759,0.69,16.77,0.68,617.0,0.7,19.0,0.71,55.5,0.3,24.0,0.29,45.0,0.31,21.77,0.32,500.0,0.01,0.01,2337.126095,1776189139000
1776189141.037,141.037,0.69,16.77,0.68,617.0,0.7,19.0,0.71,55.5,0.3,19.0,0.29,55.5,0.31,16.77,0.32,617.0,0.01,0.01,2337.134026,1776189140000
1776189142.434,142.434,0.68,10.77,0.67,172.0,0.7,39.5,0.71,642.0,0.3,39.5,0.29,642.0,0.32,10.77,0.33,172.0,0.02,0.02,2337.160129,1776189141000
1776189143.209,143.209,0.68,10.77,0.67,172.0,0.7,39.5,0.71,642.0,0.3,39.5,0.29,642.0,0.32,10.77,0.33,172.0,0.02,0.02,2337.157261,1776189142000
1776189144.638,144.638,0.69,50.0,0.68,20.77,0.7,639.0,0.71,29.5,0.3,39.5,0.29,642.0,0.32,10.77,0.33,172.0,0.01,0.02,2337.157261,1776189142000
1776189145.383,145.383,0.69,50.0,0.68,25.77,0.7,637.57,0.71,29.5,0.3,637.57,0.29,29.5,0.31,50.0,0.32,25.77,0.01,0.01,2337.105525,1776189144000
1776189146.099,146.099,0.69,50.0,0.68,25.77,0.7,637.57,0.71,29.5,0.3,637.57,0.29,29.5,0.31,50.0,0.32,25.77,0.01,0.01,2337.102046,1776189145000
1776189146.706,146.706,0.69,50.0,0.68,142.77,0.7,549.28,0.71,146.5,0.3,637.57,0.29,29.5,0.31,50.0,0.32,25.77,0.01,0.01,2337.102046,1776189145000
1776189147.598,147.598,0.69,50.0,0.68,142.77,0.7,546.28,0.71,151.5,0.3,546.28,0.29,151.5,0.31,50.0,0.32,142.77,0.01,0.01,2337.079346,1776189146000
1776189148.454,148.454,0.69,50.0,0.68,142.77,0.7,546.28,0.71,151.5,0.3,546.28,0.29,151.5,0.31,50.0,0.32,142.77,0.01,0.01,2337.079566,1776189147000
1776189149.203,149.203,0.69,50.0,0.68,142.77,0.7,546.28,0.71,151.5,0.3,546.28,0.29,151.5,0.31,50.0,0.32,142.77,0.01,0.01,2337.070954,1776189148000
1776189149.422,149.422,0.68,3.53,0.67,30.0,0.69,530.5,0.7,205.0,0.3,711.5,0.29,98.89,0.32,20.0,0.33,55.0,0.01,0.02,2337.070954,1776189148000
1776189150.217,150.217,0.67,30.0,0.66,144.0,0.69,721.5,0.7,88.0,0.31,721.5,0.3,88.0,0.33,30.0,0.34,144.0,0.02,0.02,2337.061835,1776189149000
1776189150.496,150.496,0.66,21.05,0.65,35.0,0.67,82.0,0.68,217.0,0.31,721.5,0.3,88.0,0.33,30.0,0.34,144.0,0.01,0.02,2337.061835,1776189149000
1776189150.988,150.988,0.66,21.05,0.65,35.0,0.67,689.0,0.68,104.5,0.33,82.0,0.32,217.0,0.34,21.05,0.35,35.0,0.01,0.01,2337.061835,1776189149000
1776189152.136,152.136,0.65,35.0,0.64,200.0,0.67,689.0,0.68,104.5,0.33,689.0,0.32,104.5,0.35,35.0,0.36,200.0,0.02,0.02,2336.848578,1776189151000
1776189152.725,152.725,0.67,15.0,0.66,25.0,0.7,147.0,0.71,60.0,0.3,20.0,0.29,17.52,0.36,835.5,0.37,90.5,0.03,0.06,2336.848578,1776189151000
1776189152.994,152.994,0.67,31.0,0.66,41.0,0.68,8.0,0.69,5.0,0.32,15.0,0.3,137.0,0.33,26.0,0.34,25.0,0.01,0.01,2336.848578,1776189151000
1776189153.435,153.435,0.68,25.0,0.67,31.0,0.69,13.55,0.7,132.0,0.31,5.66,0.3,127.0,0.32,10.0,0.33,31.0,0.01,0.01,2336.727016,1776189152000
1776189153.843,153.843,0.67,11.0,0.66,11.0,0.69,668.05,0.7,58.5,0.31,17.1,0.3,132.0,0.32,20.0,0.33,31.0,0.02,0.01,2336.727016,1776189152000
1776189154.143,154.143,0.67,5.6,0.66,26.0,0.68,632.0,0.69,38.55,0.32,632.0,0.31,38.55,0.33,5.6,0.34,26.0,0.01,0.01,2336.899971,1776189153000
1776189154.63,154.63,0.67,2.67,0.66,21.0,0.68,635.52,0.69,48.55,0.32,642.0,0.31,49.05,0.33,2.67,0.34,16.0,0.01,0.01,2336.899971,1776189153000
1776189154.898,154.898,0.67,7.67,0.66,143.0,0.68,18.52,0.69,150.55,0.32,635.52,0.31,48.55,0.33,2.67,0.34,21.0,0.01,0.01,2336.899971,1776189153000
1776189155.112,155.112,0.67,7.67,0.66,143.0,0.68,18.52,0.69,150.55,0.32,18.52,0.31,150.55,0.33,7.67,0.34,143.0,0.01,0.01,2336.965614,1776189154000
1776189155.628,155.628,0.62,5.0,0.61,12.0,0.63,729.0,0.64,52.0,0.36,6.0,0.34,154.97,0.37,60.0,0.38,185.0,0.01,0.01,2336.965614,1776189154000
1776189155.831,155.831,0.61,20.5,0.6,60.5,0.62,4.96,0.63,510.0,0.38,7.37,0.37,529.0,0.39,10.5,0.4,60.5,0.01,0.01,2336.965614,1776189154000
1776189156.175,156.175,0.6,82.5,0.59,312.5,0.61,26.82,0.63,495.0,0.39,26.82,0.37,495.0,0.4,82.5,0.41,312.5,0.01,0.01,2336.860684,1776189155000
1776189156.382,156.382,0.62,20.5,0.61,139.5,0.63,11.72,0.64,21.0,0.37,13.36,0.36,21.0,0.38,20.5,0.39,139.5,0.01,0.01,2336.860684,1776189155000
1776189156.854,156.854,0.61,12.0,0.6,60.0,0.63,685.02,0.64,106.5,0.37,11.72,0.36,21.0,0.38,20.5,0.39,139.5,0.02,0.01,2336.860684,1776189155000
1776189157.215,157.215,0.59,175.0,0.58,35.0,0.62,37.5,0.63,283.02,0.38,37.5,0.37,283.02,0.41,175.0,0.42,35.0,0.03,0.03,2336.59925,1776189156000
1776189157.663,157.663,0.56,10.5,0.55,25.0,0.58,48.0,0.59,10.0,0.38,37.5,0.37,283.02,0.41,175.0,0.42,35.0,0.02,0.03,2336.59925,1776189156000
1776189158.268,158.268,0.56,10.5,0.55,25.0,0.58,48.0,0.59,10.0,0.42,48.0,0.41,10.0,0.44,10.5,0.45,25.0,0.02,0.02,2336.4586,1776189157000
1776189159.244,159.244,0.56,10.5,0.55,25.0,0.58,48.0,0.59,10.0,0.42,48.0,0.41,10.0,0.44,10.5,0.45,25.0,0.02,0.02,2336.14771,1776189158000
1776189159.529,159.529,0.55,127.38,0.52,480.0,0.57,525.0,0.58,45.0,0.42,48.0,0.41,10.0,0.44,10.5,0.45,25.0,0.02,0.02,2336.14771,1776189158000
1776189160.215,160.215,0.53,10.13,0.51,197.0,0.54,45.0,0.55,23.0,0.43,525.0,0.42,45.0,0.45,127.38,0.48,480.0,0.01,0.02,2336.14771,1776189158000
1776189161.237,161.237,0.53,10.13,0.51,197.0,0.54,45.0,0.55,23.0,0.46,45.0,0.45,23.0,0.47,10.13,0.49,197.0,0.01,0.01,2336.082723,1776189160000
1776189162.244,162.244,0.53,20.13,0.51,215.0,0.54,40.91,0.55,625.0,0.46,45.0,0.45,23.0,0.47,10.13,0.49,197.0,0.01,0.01,2336.082723,1776189160000
1776189162.678,162.678,0.53,20.13,0.52,5.0,0.54,57.91,0.55,630.0,0.46,40.91,0.45,625.0,0.47,20.13,0.49,215.0,0.01,0.01,2335.992576,1776189161000
1776189163.223,163.223,0.51,82.0,0.5,20.0,0.54,615.91,0.55,47.0,0.46,57.91,0.45,630.0,0.47,20.13,0.48,5.0,0.03,0.01,2335.992576,1776189161000
1776189163.889,163.889,0.5,10.5,0.49,72.0,0.51,23.0,0.52,196.0,0.46,615.91,0.45,47.0,0.49,82.0,0.5,20.0,0.01,0.03,2335.917229,1776189162000
1776189164.677,164.677,0.5,25.5,0.49,194.0,0.51,20.0,0.52,35.0,0.49,91.0,0.48,201.0,0.5,10.5,0.51,194.0,0.01,0.01,2335.913491,1776189163000
1776189164.936,164.936,0.5,28.5,0.49,194.0,0.51,35.0,0.52,25.0,0.49,20.0,0.48,35.0,0.5,25.5,0.51,194.0,0.01,0.01,2335.913491,1776189163000
1776189165.449,165.449,0.5,140.5,0.49,77.0,0.51,50.0,0.52,35.0,0.49,35.0,0.48,25.0,0.5,28.5,0.51,194.0,0.01,0.01,2335.825267,1776189164000
1776189165.916,165.916,0.5,138.5,0.49,77.0,0.51,50.0,0.52,30.0,0.49,50.0,0.48,35.0,0.5,140.5,0.51,77.0,0.01,0.01,2335.825267,1776189164000
1776189166.155,166.155,0.5,138.5,0.49,77.0,0.51,50.0,0.52,30.0,0.49,50.0,0.48,30.0,0.5,138.5,0.51,77.0,0.01,0.01,2335.780996,1776189165000
1776189167.172,167.172,0.5,138.5,0.49,77.0,0.51,50.0,0.52,30.0,0.49,50.0,0.48,30.0,0.5,138.5,0.51,77.0,0.01,0.01,2335.879033,1776189166000
1776189167.628,167.628,0.5,4.2,0.49,65.0,0.51,568.0,0.52,25.0,0.49,50.0,0.48,30.0,0.5,138.5,0.51,77.0,0.01,0.01,2335.879033,1776189166000
1776189167.876,167.876,0.49,64.52,0.48,20.0,0.51,583.43,0.52,35.5,0.49,584.0,0.48,25.0,0.51,57.52,0.52,15.0,0.02,0.02,2335.879033,1776189166000
1776189168.309,168.309,0.49,64.52,0.48,20.0,0.51,583.43,0.52,35.5,0.49,583.43,0.48,35.5,0.51,64.52,0.52,20.0,0.02,0.02,2335.84957,1776189167000
1776189168.909,168.909,0.5,5.5,0.49,157.02,0.51,70.43,0.52,515.0,0.49,583.43,0.48,35.5,0.51,64.52,0.52,20.0,0.01,0.02,2335.84957,1776189167000
1776189169.469,169.469,0.5,5.5,0.49,157.02,0.51,70.43,0.52,515.0,0.49,70.43,0.48,515.0,0.5,5.5,0.51,157.02,0.01,0.01,2335.798804,1776189168000
1776189170.034,170.034,0.5,5.5,0.49,157.02,0.51,70.43,0.52,515.0,0.49,70.43,0.48,515.0,0.5,5.5,0.51,157.02,0.01,0.01,2335.807617,1776189169000
1776189171.271,171.271,0.5,5.5,0.49,157.02,0.51,70.43,0.52,515.0,0.49,70.43,0.48,515.0,0.5,5.5,0.51,157.02,0.01,0.01,2335.835394,1776189170000
1776189171.86,171.86,0.5,88.5,0.49,50.02,0.51,29.43,0.52,5.0,0.49,70.43,0.48,515.0,0.5,5.5,0.51,157.02,0.01,0.01,2335.835394,1776189170000
1776189172.371,172.371,0.5,84.76,0.49,50.02,0.52,5.0,0.53,24.5,0.48,5.0,0.47,24.5,0.5,84.76,0.51,50.02,0.02,0.02,2335.8363,1776189171000
1776189172.874,172.874,0.53,10.5,0.52,36.68,0.57,10.0,0.58,50.0,0.48,5.0,0.47,24.5,0.5,84.76,0.51,50.02,0.04,0.02,2335.8363,1776189171000
1776189173.513,173.513,0.53,10.5,0.52,36.68,0.57,10.0,0.58,50.0,0.43,10.0,0.42,50.0,0.47,10.5,0.48,36.68,0.04,0.04,2335.97229,1776189172000
1776189174.142,174.142,0.53,10.5,0.52,36.68,0.57,10.0,0.58,50.0,0.43,10.0,0.42,50.0,0.47,10.5,0.48,36.68,0.04,0.04,2336.150215,1776189173000
1776189174.539,174.539,0.57,13.5,0.56,93.24,0.58,28.0,0.59,38.5,0.43,10.0,0.42,50.0,0.47,10.5,0.48,36.68,0.01,0.04,2336.150215,1776189173000
1776189174.809,174.809,0.57,28.0,0.56,88.24,0.58,29.81,0.59,33.5,0.42,28.0,0.41,38.5,0.43,13.5,0.44,93.24,0.01,0.01,2336.150215,1776189173000
1776189175.283,175.283,0.57,28.0,0.56,88.24,0.58,19.81,0.59,33.5,0.42,19.81,0.41,33.5,0.43,28.0,0.44,88.24,0.01,0.01,2336.24248,1776189174000
1776189175.598,175.598,0.55,57.5,0.54,30.5,0.58,60.31,0.59,28.5,0.42,19.81,0.41,33.5,0.43,28.0,0.44,88.24,0.03,0.01,2336.24248,1776189174000
1776189175.971,175.971,0.55,50.5,0.54,42.5,0.56,2.73,0.57,33.5,0.44,7.94,0.43,20.5,0.45,45.5,0.46,42.5,0.01,0.01,2336.24248,1776189174000
1776189176.505,176.505,0.55,55.5,0.54,42.5,0.56,23.17,0.57,26.23,0.44,23.17,0.43,26.23,0.45,55.5,0.46,42.5,0.01,0.01,2336.195685,1776189175000
1776189176.749,176.749,0.55,33.5,0.54,69.31,0.56,51.21,0.57,26.23,0.44,23.17,0.43,26.23,0.45,55.5,0.46,42.5,0.01,0.01,2336.195685,1776189175000
1776189177.123,177.123,0.55,20.5,0.54,74.31,0.56,49.42,0.57,26.23,0.44,49.42,0.43,26.23,0.45,20.5,0.46,74.31,0.01,0.01,2336.188373,1776189176000
1776189178.561,178.561,0.56,171.5,0.55,75.5,0.58,25.0,0.6,20.0,0.44,49.42,0.43,26.23,0.45,20.5,0.46,74.31,0.02,0.01,2336.188373,1776189176000
1776189178.881,178.881,0.61,45.0,0.56,273.5,0.62,50.0,0.63,40.0,0.4,20.0,0.39,25.0,0.44,171.5,0.45,75.5,0.01,0.04,2336.188373,1776189176000
1776189179.676,179.676,0.61,45.0,0.56,273.5,0.62,50.0,0.63,40.0,0.38,50.0,0.37,40.0,0.39,45.0,0.44,273.5,0.01,0.01,2336.099265,1776189177000
1776189180.382,180.382,0.61,45.0,0.56,273.5,0.62,50.0,0.63,40.0,0.38,50.0,0.37,40.0,0.39,45.0,0.44,273.5,0.01,0.01,2336.335615,1776189179000
1776189180.621,180.621,0.61,10.0,0.59,17.0,0.63,55.0,0.64,15.0,0.38,50.0,0.37,40.0,0.39,45.0,0.44,273.5,0.02,0.01,2336.335615,1776189179000
1776189180.964,180.964,0.61,4.0,0.59,17.0,0.63,15.0,0.64,10.0,0.37,15.0,0.36,10.0,0.39,4.0,0.41,17.0,0.02,0.02,2336.509878,1776189180000
1776189182.219,182.219,0.61,4.0,0.59,17.0,0.63,15.0,0.64,10.0,0.37,15.0,0.36,10.0,0.39,4.0,0.41,17.0,0.02,0.02,2336.50095,1776189181000
1776189183.285,183.285,0.64,28.0,0.63,31.0,0.65,50.5,0.66,15.0,0.37,15.0,0.36,10.0,0.39,4.0,0.41,17.0,0.01,0.02,2336.50095,1776189181000
1776189184.515,184.515,0.64,28.0,0.63,31.0,0.65,50.5,0.66,15.0,0.35,50.5,0.34,15.0,0.36,28.0,0.37,31.0,0.01,0.01,2336.586961,1776189183000
1776189184.972,184.972,0.63,20.0,0.62,30.0,0.65,25.5,0.66,15.0,0.35,25.5,0.34,15.0,0.37,20.0,0.38,30.0,0.02,0.02,2336.571945,1776189184000
1776189185.812,185.812,0.64,15.0,0.63,10.0,0.65,44.5,0.66,15.0,0.35,25.5,0.34,15.0,0.37,20.0,0.38,30.0,0.01,0.02,2336.571945,1776189184000
1776189186.158,186.158,0.64,15.0,0.63,10.0,0.65,42.96,0.66,15.0,0.35,42.96,0.34,15.0,0.36,15.0,0.37,10.0,0.01,0.01,2336.568144,1776189185000
1776189186.848,186.848,0.62,6.0,0.6,25.0,0.65,82.96,0.66,25.0,0.35,42.96,0.34,15.0,0.36,15.0,0.37,10.0,0.03,0.01,2336.568144,1776189185000
1776189187.071,187.071,0.51,135.0,0.5,110.0,0.56,10.0,0.57,55.0,0.42,127.0,0.41,37.19,0.44,22.5,0.45,16.0,0.05,0.02,2336.568144,1776189185000
1776189187.327,187.327,0.51,135.0,0.5,110.0,0.56,10.0,0.57,55.0,0.44,10.0,0.43,55.0,0.49,135.0,0.5,110.0,0.05,0.05,2336.572491,1776189186000
1776189187.693,187.693,0.48,42.0,0.47,160.0,0.5,46.0,0.51,66.0,0.44,10.0,0.43,55.0,0.49,135.0,0.5,110.0,0.02,0.05,2336.572491,1776189186000
1776189187.9,187.9,0.46,203.46,0.45,67.0,0.47,10.0,0.48,36.0,0.52,10.0,0.51,15.0,0.54,245.46,0.55,55.0,0.01,0.02,2336.572491,1776189186000
1776189188.214,188.214,0.46,56.79,0.45,67.0,0.47,57.89,0.48,10.0,0.53,40.0,0.52,10.0,0.54,56.79,0.55,67.0,0.01,0.01,2336.498715,1776189187000
1776189188.453,188.453,0.46,38.79,0.45,67.0,0.47,57.89,0.48,10.0,0.53,57.89,0.52,10.0,0.54,56.79,0.55,67.0,0.01,0.01,2336.498715,1776189187000
1776189188.799,188.799,0.46,15.07,0.45,12.0,0.47,26.88,0.48,10.0,0.53,26.88,0.52,10.0,0.54,25.07,0.55,67.0,0.01,0.01,2336.498715,1776189187000
1776189189.149,189.149,0.46,6.07,0.45,12.0,0.47,22.62,0.48,10.0,0.53,22.62,0.52,10.0,0.54,6.07,0.55,12.0,0.01,0.01,2335.69781,1776189188000
1776189190.036,190.036,0.4,83.86,0.39,10.0,0.41,70.0,0.43,5.0,0.53,22.62,0.52,10.0,0.54,6.07,0.55,12.0,0.01,0.01,2335.69781,1776189188000
1776189190.518,190.518,0.4,76.79,0.39,10.0,0.41,22.09,0.42,70.0,0.59,22.09,0.58,70.0,0.6,76.79,0.61,10.0,0.01,0.01,2335.205485,1776189189000
1776189190.866,190.866,0.4,1.79,0.39,22.0,0.41,32.09,0.42,80.0,0.59,22.09,0.58,70.0,0.6,76.79,0.61,10.0,0.01,0.01,2335.205485,1776189189000
1776189191.723,191.723,0.37,115.0,0.36,180.0,0.39,10.0,0.4,10.0,0.59,12.09,0.58,80.0,0.62,163.0,0.63,115.0,0.02,0.03,2335.182244,1776189190000
1776189192.169,192.169,0.36,180.0,0.35,135.0,0.38,10.0,0.39,10.0,0.61,10.0,0.6,10.0,0.63,115.0,0.64,180.0,0.02,0.02,2335.182244,1776189190000
1776189192.814,192.814,0.36,37.93,0.35,135.0,0.37,10.0,0.38,10.0,0.62,10.0,0.61,10.0,0.64,180.0,0.65,135.0,0.01,0.02,2334.983377,1776189191000
1776189193.111,193.111,0.35,135.0,0.34,175.0,0.36,60.66,0.37,80.0,0.63,10.0,0.62,10.0,0.65,135.0,0.66,175.0,0.01,0.02,2334.983377,1776189191000
1776189193.423,193.423,0.35,110.0,0.34,175.0,0.36,106.66,0.37,85.0,0.64,106.66,0.63,85.0,0.65,110.0,0.66,175.0,0.01,0.01,2334.991679,1776189192000
1776189193.739,193.739,0.32,125.0,0.3,100.0,0.34,30.0,0.35,29.0,0.64,106.66,0.63,85.0,0.65,110.0,0.66,175.0,0.02,0.01,2334.991679,1776189192000
1776189194.039,194.039,0.32,125.0,0.3,100.0,0.34,30.0,0.35,29.0,0.66,30.0,0.65,29.0,0.68,125.0,0.7,100.0,0.02,0.02,2334.9487,1776189193000
1776189194.61,194.61,0.27,100.0,0.26,18.7,0.28,5.0,0.29,23.0,0.66,30.0,0.65,29.0,0.68,125.0,0.7,100.0,0.01,0.02,2334.9487,1776189193000
1776189194.905,194.905,0.26,13.7,0.25,19.2,0.27,10.0,0.28,5.0,0.72,5.0,0.71,23.0,0.73,100.0,0.74,18.7,0.01,0.01,2334.9487,1776189193000
1776189195.394,195.394,0.26,8.7,0.25,30.2,0.29,5.68,0.3,10.0,0.73,6.29,0.72,5.0,0.74,8.7,0.75,30.2,0.03,0.01,2334.9487,1776189193000
1776189195.749,195.749,0.26,8.7,0.25,30.2,0.29,5.68,0.3,10.0,0.71,5.68,0.7,10.0,0.74,8.7,0.75,30.2,0.03,0.03,2334.637126,1776189194000
1776189196.313,196.313,0.26,8.7,0.25,30.2,0.29,5.68,0.3,10.0,0.71,5.68,0.7,10.0,0.74,8.7,0.75,30.2,0.03,0.03,2334.403153,1776189195000
1776189196.649,196.649,0.26,68.34,0.25,19.2,0.29,5.68,0.3,10.0,0.71,5.68,0.7,10.0,0.74,8.7,0.75,30.2,0.03,0.03,2334.403153,1776189195000
1776189196.866,196.866,0.27,60.0,0.26,102.15,0.31,24.7,0.32,10.0,0.73,10.0,0.69,24.7,0.74,32.15,0.75,19.2,0.04,0.01,2334.403153,1776189195000
1776189197.351,197.351,0.27,60.0,0.26,70.0,0.29,15.0,0.3,10.0,0.69,24.7,0.68,10.0,0.72,8.61,0.73,60.0,0.02,0.03,2334.403153,1776189195000
1776189197.967,197.967,0.27,70.0,0.26,82.0,0.28,4.28,0.29,15.0,0.71,15.0,0.7,10.0,0.73,60.0,0.74,70.0,0.01,0.02,2334.581906,1776189196000
1776189198.209,198.209,0.27,26.73,0.26,82.0,0.28,8.28,0.29,10.0,0.72,9.28,0.71,10.0,0.73,26.73,0.74,82.0,0.01,0.01,2334.623222,1776189197000
1776189198.666,198.666,0.27,24.73,0.26,82.0,0.28,8.28,0.29,10.0,0.72,8.28,0.71,10.0,0.73,26.73,0.74,82.0,0.01,0.01,2334.623222,1776189197000
1776189199.129,199.129,0.27,24.73,0.26,82.0,0.28,8.28,0.29,10.0,0.72,8.28,0.71,10.0,0.73,24.73,0.74,82.0,0.01,0.01,2334.622324,1776189198000
1776189199.41,199.41,0.22,21.0,0.21,5.0,0.28,3.28,0.29,10.0,0.72,8.28,0.71,10.0,0.73,24.73,0.74,82.0,0.06,0.01,2334.622324,1776189198000
1776189199.807,199.807,0.3,16.0,0.29,10.0,0.31,13.1,0.32,10.0,0.72,3.28,0.71,10.0,0.78,21.0,0.79,5.0,0.01,0.06,2334.622324,1776189198000
1776189200.09,200.09,0.3,10.71,0.29,10.0,0.33,30.0,0.35,13.74,0.67,30.0,0.65,13.74,0.7,10.71,0.71,10.0,0.03,0.03,2334.596119,1776189199000
1776189200.404,200.404,0.32,24.0,0.31,39.0,0.33,65.0,0.34,10.0,0.67,30.0,0.65,13.74,0.7,10.71,0.71,10.0,0.01,0.03,2334.596119,1776189199000
1776189200.626,200.626,0.32,34.0,0.31,29.0,0.33,15.0,0.34,490.0,0.67,65.0,0.66,10.0,0.68,24.0,0.69,39.0,0.01,0.01,2334.596119,1776189199000
1776189201.09,201.09,0.35,4.69,0.34,10.0,0.36,18.0,0.38,6.0,0.67,25.0,0.66,490.0,0.68,4.92,0.69,24.0,0.01,0.01,2334.596119,1776189199000
1776189201.331,201.331,0.35,48.69,0.34,22.0,0.36,1.13,0.41,6.0,0.64,12.77,0.61,6.0,0.65,25.69,0.66,22.0,0.01,0.01,2334.607321,1776189200000
1776189202.042,202.042,0.41,26.23,0.4,22.0,0.42,480.0,0.43,5.0,0.58,10.0,0.57,10.0,0.65,58.69,0.66,22.0,0.01,0.07,2334.607321,1776189200000
1776189202.447,202.447,0.41,22.83,0.4,8.35,0.42,451.59,0.43,10.0,0.58,441.59,0.57,5.0,0.6,20.35,0.61,10.0,0.01,0.02,2334.91585,1776189201000
1776189202.745,202.745,0.41,11.13,0.39,12.0,0.42,427.59,0.43,21.0,0.58,451.59,0.57,20.0,0.59,21.13,0.6,8.35,0.01,0.01,2334.91585,1776189201000
1776189202.951,202.951,0.37,10.0,0.36,10.0,0.41,16.0,0.42,457.59,0.58,427.59,0.57,21.0,0.59,11.13,0.61,12.0,0.04,0.01,2334.91585,1776189201000
1776189203.307,203.307,0.37,10.0,0.36,10.0,0.41,16.0,0.42,457.59,0.59,16.0,0.58,457.59,0.63,10.0,0.64,10.0,0.04,0.04,2335.068426,1776189202000
1776189203.593,203.593,0.36,1.84,0.34,18.0,0.38,560.0,0.39,30.0,0.59,16.0,0.58,457.59,0.63,10.0,0.64,10.0,0.02,0.04,2335.068426,1776189202000
1776189203.99,203.99,0.35,55.0,0.34,7.0,0.36,47.44,0.37,27.0,0.64,12.0,0.63,41.0,0.65,5.0,0.66,18.0,0.01,0.01,2335.068426,1776189202000
1776189204.331,204.331,0.35,55.0,0.34,7.0,0.36,37.44,0.37,27.0,0.64,37.44,0.63,27.0,0.65,55.0,0.66,7.0,0.01,0.01,2335.230396,1776189203000
1776189204.68,204.68,0.35,10.0,0.34,12.0,0.36,507.44,0.37,27.0,0.64,522.44,0.63,27.0,0.65,60.0,0.66,7.0,0.01,0.01,2335.230396,1776189203000
1776189205.003,205.003,0.35,10.0,0.34,22.0,0.36,510.0,0.37,27.0,0.64,512.44,0.63,27.0,0.65,10.0,0.66,12.0,0.01,0.01,2335.230396,1776189203000
1776189205.297,205.297,0.35,10.0,0.34,22.0,0.36,510.0,0.37,27.0,0.64,510.0,0.63,27.0,0.65,10.0,0.66,22.0,0.01,0.01,2335.088479,1776189204000
1776189205.552,205.552,0.34,10.0,0.31,75.0,0.36,590.0,0.37,28.0,0.64,540.0,0.63,27.0,0.65,7.35,0.66,10.0,0.02,0.01,2335.088479,1776189204000
1776189205.928,205.928,0.31,65.0,0.3,53.71,0.32,11.87,0.33,26.0,0.66,6.0,0.65,20.0,0.69,60.0,0.7,35.71,0.01,0.03,2335.088479,1776189204000
1776189206.282,206.282,0.31,65.0,0.3,53.71,0.32,11.87,0.33,26.0,0.68,11.87,0.67,26.0,0.69,65.0,0.7,53.71,0.01,0.01,2335.078242,1776189205000
1776189206.87,206.87,0.31,65.0,0.3,53.71,0.32,11.87,0.33,26.0,0.68,11.87,0.67,26.0,0.69,65.0,0.7,53.71,0.01,0.01,2335.078242,1776189206000
1776189207.581,207.581,0.31,7.47,0.3,73.71,0.32,45.87,0.33,31.0,0.68,11.87,0.67,26.0,0.69,65.0,0.7,53.71,0.01,0.01,2335.078242,1776189206000
1776189207.855,207.855,0.31,7.47,0.3,73.71,0.32,45.87,0.33,31.0,0.68,45.87,0.67,31.0,0.69,7.47,0.7,73.71,0.01,0.01,2335.020209,1776189207000
1776189209.702,209.702,0.31,3.55,0.3,73.71,0.32,45.87,0.33,36.0,0.68,45.87,0.67,36.0,0.69,3.55,0.7,73.71,0.01,0.01,2334.876723,1776189208000
1776189210.203,210.203,0.3,0.13,0.29,55.0,0.32,550.87,0.33,36.0,0.68,550.87,0.67,36.0,0.7,0.13,0.71,55.0,0.02,0.02,2334.936994,1776189209000
1776189210.455,210.455,0.28,50.0,0.27,105.0,0.31,513.0,0.32,70.87,0.68,550.87,0.67,36.0,0.7,0.13,0.71,55.0,0.03,0.02,2334.936994,1776189209000
1776189211.289,211.289,0.28,30.0,0.27,110.0,0.29,18.08,0.3,10.0,0.71,18.08,0.7,10.0,0.72,30.0,0.73,110.0,0.01,0.01,2334.834189,1776189210000
1776189211.57,211.57,0.28,12.8,0.27,10.0,0.29,56.08,0.3,495.0,0.71,18.08,0.7,10.0,0.72,30.0,0.73,110.0,0.01,0.01,2334.834189,1776189210000
1776189211.909,211.909,0.28,5.07,0.27,10.0,0.29,61.08,0.3,495.0,0.71,56.08,0.7,495.0,0.72,12.8,0.73,10.0,0.01,0.01,2334.834189,1776189210000
1776189212.829,212.829,0.28,50.07,0.27,15.0,0.29,15.08,0.3,10.0,0.71,61.08,0.7,495.0,0.72,5.07,0.73,10.0,0.01,0.01,2334.861221,1776189211000
1776189213.216,213.216,0.28,50.07,0.27,15.0,0.29,3.08,0.3,10.0,0.71,3.08,0.7,10.0,0.72,50.07,0.73,15.0,0.01,0.01,2334.846905,1776189212000
1776189213.419,213.419,0.3,10.0,0.29,15.0,0.32,0.15,0.33,10.0,0.68,10.0,0.67,10.0,0.72,577.07,0.73,20.0,0.02,0.04,2334.846905,1776189212000
1776189213.768,213.768,0.31,5.62,0.3,5.0,0.33,485.0,0.34,20.0,0.66,16.0,0.65,10.0,0.68,10.85,0.69,17.0,0.02,0.02,2334.846905,1776189212000
1776189214.168,214.168,0.31,31.92,0.3,5.0,0.32,515.0,0.33,16.0,0.67,485.0,0.66,20.0,0.69,5.62,0.7,5.0,0.01,0.02,2334.846905,1776189212000
1776189215.075,215.075,0.27,60.0,0.26,85.0,0.29,10.0,0.3,530.0,0.68,515.0,0.67,16.0,0.69,31.92,0.7,5.0,0.02,0.01,2334.873279,1776189213000
1776189215.396,215.396,0.27,60.0,0.26,85.0,0.29,10.0,0.3,530.0,0.71,10.0,0.7,530.0,0.73,60.0,0.74,85.0,0.02,0.02,2335.006781,1776189214000
1776189215.8,215.8,0.26,85.0,0.25,155.0,0.28,500.0,0.29,20.0,0.71,10.0,0.7,530.0,0.73,60.0,0.74,85.0,0.02,0.02,2335.006781,1776189214000
1776189216.028,216.028,0.26,85.0,0.25,155.0,0.28,500.0,0.29,20.0,0.72,500.0,0.71,20.0,0.74,85.0,0.75,155.0,0.02,0.02,2334.947925,1776189215000
1776189216.477,216.477,0.26,152.0,0.25,660.0,0.29,9.79,0.3,32.0,0.72,500.0,0.71,20.0,0.74,85.0,0.75,155.0,0.03,0.02,2334.947925,1776189215000
1776189216.745,216.745,0.28,121.3,0.27,65.0,0.29,10.0,0.3,25.0,0.71,9.79,0.7,32.0,0.74,152.0,0.75,660.0,0.01,0.03,2334.947925,1776189215000
1776189217.098,217.098,0.29,602.0,0.28,93.0,0.31,10.0,0.37,485.0,0.71,10.0,0.7,25.0,0.72,121.3,0.73,65.0,0.02,0.01,2334.947925,1776189215000
1776189217.69,217.69,0.33,11.0,0.32,11.0,0.35,500.0,0.36,10.0,0.63,420.01,0.62,125.0,0.64,20.0,0.65,15.0,0.02,0.01,2334.874117,1776189216000
1776189218.331,218.331,0.32,3.95,0.3,35.0,0.33,10.0,0.34,16.0,0.67,10.0,0.66,16.0,0.68,3.95,0.7,35.0,0.01,0.01,2334.925876,1776189217000
1776189218.887,218.887,0.32,3.95,0.3,35.0,0.33,10.0,0.34,16.0,0.67,10.0,0.66,16.0,0.68,3.95,0.7,35.0,0.01,0.01,2334.9474,1776189218000
1776189219.45,219.45,0.27,50.0,0.26,145.81,0.28,33.78,0.29,32.0,0.67,10.0,0.66,16.0,0.68,3.95,0.7,35.0,0.01,0.01,2334.9474,1776189218000
1776189219.929,219.929,0.27,27.0,0.26,140.0,0.28,33.78,0.29,37.0,0.72,33.78,0.71,32.0,0.73,50.0,0.74,145.81,0.01,0.01,2334.9474,1776189218000
1776189221.496,221.496,0.27,4.12,0.26,40.0,0.28,608.78,0.29,183.76,0.72,33.78,0.71,37.0,0.73,27.0,0.74,140.0,0.01,0.01,2334.896909,1776189219000
1776189222.009,222.009,0.25,20.0,0.24,100.0,0.28,608.78,0.29,183.76,0.72,608.78,0.71,183.76,0.75,20.0,0.76,100.0,0.03,0.03,2334.839311,1776189221000
1776189223.203,223.203,0.25,20.0,0.24,100.0,0.26,7.0,0.27,81.0,0.74,7.0,0.73,81.0,0.75,20.0,0.76,100.0,0.01,0.01,2334.79916,1776189222000
1776189223.761,223.761,0.25,13.33,0.24,150.0,0.26,17.0,0.27,81.6,0.74,7.0,0.73,81.0,0.75,20.0,0.76,100.0,0.01,0.01,2334.79916,1776189222000
1776189224.76,224.76,0.25,70.33,0.24,650.0,0.28,28.78,0.29,502.0,0.74,17.0,0.73,81.6,0.75,13.33,0.76,150.0,0.03,0.01,2334.79916,1776189222000
1776189225.605,225.605,0.25,70.33,0.24,650.0,0.28,28.78,0.29,502.0,0.72,28.78,0.71,502.0,0.75,70.33,0.76,650.0,0.03,0.03,2334.801558,1776189224000
1776189226.015,226.015,0.25,8.66,0.24,100.0,0.26,15.0,0.27,92.7,0.72,28.78,0.71,502.0,0.75,70.33,0.76,650.0,0.01,0.03,2334.801558,1776189224000
1776189226.261,226.261,0.24,100.0,0.23,180.0,0.26,20.0,0.27,92.7,0.74,20.0,0.73,92.7,0.76,100.0,0.77,180.0,0.02,0.02,2334.804327,1776189225000
1776189227.518,227.518,0.24,100.0,0.23,180.0,0.26,20.0,0.27,92.7,0.74,20.0,0.73,92.7,0.76,100.0,0.77,180.0,0.02,0.02,2334.800285,1776189226000
1776189228.123,228.123,0.22,6.0,0.21,60.0,0.24,586.0,0.25,104.96,0.76,586.0,0.75,104.96,0.78,6.0,0.79,60.0,0.02,0.02,2334.806815,1776189227000
1776189228.446,228.446,0.22,2.2,0.2,70.0,0.23,598.11,0.24,116.0,0.76,586.0,0.75,104.96,0.78,6.0,0.79,60.0,0.01,0.02,2334.806815,1776189227000
1776189229.498,229.498,0.2,70.0,0.19,5.0,0.23,603.11,0.24,111.0,0.77,603.11,0.76,111.0,0.8,70.0,0.81,5.0,0.03,0.03,2334.792513,1776189228000
1776189229.879,229.879,0.19,13.18,0.18,25.0,0.2,637.95,0.21,51.11,0.8,5.95,0.79,111.11,0.81,5.0,0.82,25.0,0.01,0.01,2334.792513,1776189228000
1776189230.313,230.313,0.19,1.18,0.18,25.0,0.2,637.95,0.21,93.0,0.8,637.95,0.79,51.11,0.81,13.18,0.82,25.0,0.01,0.01,2334.694229,1776189229000
1776189231.206,231.206,0.19,1.18,0.18,25.0,0.2,637.95,0.21,93.0,0.8,637.95,0.79,93.0,0.81,1.18,0.82,25.0,0.01,0.01,2334.535621,1776189230000
1776189232.581,232.581,0.19,1.18,0.18,25.0,0.2,637.95,0.21,93.0,0.8,637.95,0.79,93.0,0.81,1.18,0.82,25.0,0.01,0.01,2334.534771,1776189231000
1776189233.005,233.005,0.17,89.73,0.16,70.0,0.18,43.0,0.19,10.0,0.8,637.95,0.79,93.0,0.81,1.18,0.82,25.0,0.01,0.01,2334.534771,1776189231000
1776189233.692,233.692,0.17,92.38,0.16,70.0,0.2,466.0,0.21,88.0,0.82,77.0,0.81,25.0,0.83,82.38,0.84,70.0,0.03,0.01,2334.535851,1776189232000
1776189234.478,234.478,0.17,92.38,0.16,70.0,0.2,466.0,0.21,88.0,0.8,466.0,0.79,88.0,0.83,92.38,0.84,70.0,0.03,0.03,2334.536672,1776189233000
1776189234.783,234.783,0.18,15.9,0.17,48.32,0.2,10.0,0.21,62.09,0.79,62.09,0.78,67.0,0.83,37.38,0.84,70.0,0.02,0.04,2334.536672,1776189233000
1776189235.061,235.061,0.17,35.51,0.16,70.0,0.2,15.0,0.21,62.09,0.8,15.0,0.79,62.09,0.83,35.51,0.84,70.0,0.03,0.03,2334.536672,1776189234000
1776189235.557,235.557,0.19,8.82,0.18,16.0,0.2,5.0,0.21,77.09,0.8,15.0,0.79,62.09,0.83,35.51,0.84,70.0,0.01,0.03,2334.536672,1776189234000
1776189236.275,236.275,0.19,8.82,0.18,16.0,0.2,5.0,0.21,77.09,0.8,5.0,0.79,77.09,0.81,8.82,0.82,16.0,0.01,0.01,2334.517956,1776189235000
1776189237.569,237.569,0.19,1.63,0.18,16.0,0.2,15.0,0.21,77.09,0.8,15.0,0.79,77.09,0.81,1.63,0.82,16.0,0.01,0.01,2334.517876,1776189236000
1776189238.079,238.079,0.19,30.0,0.18,10.0,0.2,508.0,0.21,84.09,0.8,15.0,0.79,77.09,0.81,1.63,0.82,16.0,0.01,0.01,2334.517876,1776189236000
1776189238.937,238.937,0.19,20.55,0.18,10.0,0.2,573.0,0.21,186.63,0.8,508.0,0.79,84.09,0.81,30.0,0.82,10.0,0.01,0.01,2334.516977,1776189237000
1776189239.714,239.714,0.19,20.55,0.18,10.0,0.2,573.0,0.21,186.63,0.8,573.0,0.79,186.63,0.81,20.55,0.82,10.0,0.01,0.01,2334.52035,1776189238000
1776189240.316,240.316,0.19,20.55,0.18,10.0,0.2,573.0,0.21,186.63,0.8,573.0,0.79,186.63,0.81,20.55,0.82,10.0,0.01,0.01,2334.519049,1776189239000
1776189240.54,240.54,0.19,18.08,0.18,10.0,0.2,580.0,0.21,229.63,0.8,573.0,0.79,186.63,0.81,20.55,0.82,10.0,0.01,0.01,2334.519049,1776189239000
1776189240.797,240.797,0.19,5.25,0.18,10.0,0.2,580.0,0.21,117.09,0.8,580.0,0.79,117.09,0.81,6.49,0.82,10.0,0.01,0.01,2334.519049,1776189239000
1776189241.13,241.13,0.18,4.08,0.17,21.94,0.2,575.0,0.21,117.09,0.8,580.0,0.79,117.09,0.82,9.08,0.83,21.94,0.02,0.02,2334.519049,1776189239000
1776189241.465,241.465,0.17,2.38,0.16,28.0,0.19,35.0,0.2,560.0,0.8,575.0,0.79,117.09,0.82,4.08,0.83,21.94,0.02,0.02,2334.519049,1776189239000
1776189241.83,241.83,0.15,10.0,0.14,540.0,0.16,52.01,0.18,15.0,0.81,35.0,0.8,560.0,0.84,27.97,0.85,60.0,0.01,0.03,2334.577966,1776189240000
1776189242.075,242.075,0.15,464.53,0.14,60.0,0.16,87.01,0.17,10.0,0.84,87.01,0.83,10.0,0.85,464.53,0.86,60.0,0.01,0.01,2334.566779,1776189241000
1776189242.332,242.332,0.13,9.31,0.12,25.09,0.15,14.38,0.16,92.01,0.85,14.38,0.84,92.01,0.87,23.0,0.88,25.09,0.02,0.02,2334.566779,1776189241000
1776189242.674,242.674,0.12,10.0,0.11,50.0,0.14,41.5,0.15,72.38,0.86,20.0,0.85,22.38,0.88,6.54,0.89,35.0,0.02,0.02,2334.566779,1776189241000
1776189243.115,243.115,0.12,10.0,0.11,25.0,0.13,10.1,0.14,46.0,0.87,10.1,0.86,46.0,0.88,10.0,0.89,25.0,0.01,0.01,2334.55777,1776189242000
1776189243.343,243.343,0.11,17.43,0.1,15.0,0.12,18.0,0.13,0.1,0.88,18.0,0.87,5.1,0.89,18.56,0.9,15.0,0.01,0.01,2334.55777,1776189242000
1776189243.768,243.768,0.14,26.0,0.13,32.0,0.15,5.0,0.16,62.01,0.88,5.0,0.86,19.63,0.89,9.15,0.9,65.0,0.01,0.01,2334.55777,1776189242000
1776189244.119,244.119,0.14,25.82,0.13,27.0,0.16,59.12,0.17,37.0,0.84,59.12,0.83,37.0,0.86,25.82,0.87,27.0,0.02,0.02,2334.550486,1776189243000
1776189244.409,244.409,0.15,5.0,0.14,25.49,0.16,64.12,0.17,62.0,0.85,15.0,0.84,64.12,0.86,8.49,0.87,32.0,0.01,0.01,2334.550486,1776189243000
1776189244.659,244.659,0.15,5.0,0.14,8.49,0.16,50.12,0.17,67.0,0.84,64.12,0.83,62.0,0.85,5.0,0.86,25.49,0.01,0.01,2334.550486,1776189243000
1776189245.217,245.217,0.15,11.46,0.14,8.49,0.16,50.12,0.17,67.0,0.84,50.12,0.83,67.0,0.85,11.46,0.86,8.49,0.01,0.01,2334.276384,1776189244000
1776189245.434,245.434,0.13,0.77,0.12,500.0,0.15,65.0,0.16,107.12,0.84,100.12,0.83,122.0,0.86,3.77,0.87,42.0,0.02,0.02,2334.276384,1776189244000
1776189246.247,246.247,0.13,0.77,0.12,500.0,0.15,65.0,0.16,107.12,0.85,65.0,0.84,107.12,0.87,0.77,0.88,500.0,0.02,0.02,2334.47844,1776189245000
1776189246.501,246.501,0.13,494.62,0.12,20.0,0.15,10.0,0.16,102.12,0.85,65.0,0.84,107.12,0.87,0.77,0.88,500.0,0.02,0.02,2334.47844,1776189245000
1776189246.816,246.816,0.13,497.62,0.12,20.0,0.15,10.0,0.16,112.12,0.85,10.0,0.84,102.12,0.87,494.62,0.88,20.0,0.02,0.02,2334.47844,1776189245000
1776189247.244,247.244,0.13,500.79,0.12,20.0,0.15,10.0,0.16,112.12,0.85,10.0,0.84,112.12,0.87,500.79,0.88,20.0,0.02,0.02,2334.477805,1776189246000
1776189248.087,248.087,0.14,487.46,0.13,10.0,0.15,60.0,0.16,127.12,0.85,60.0,0.84,117.12,0.86,495.0,0.87,10.0,0.01,0.01,2334.477805,1776189246000
1776189248.369,248.369,0.14,482.51,0.13,10.0,0.15,65.0,0.16,153.92,0.85,65.0,0.84,153.92,0.86,482.51,0.87,10.0,0.01,0.01,2334.477002,1776189247000
1776189248.857,248.857,0.11,476.9,0.1,25.0,0.12,18.0,0.13,109.0,0.85,65.0,0.84,153.92,0.86,482.51,0.87,10.0,0.01,0.01,2334.477002,1776189247000
1776189249.343,249.343,0.11,476.9,0.1,25.0,0.12,18.0,0.13,109.0,0.88,18.0,0.87,109.0,0.89,476.9,0.9,25.0,0.01,0.01,2334.478148,1776189248000
1776189249.805,249.805,0.11,490.08,0.1,25.0,0.12,92.0,0.13,102.0,0.88,18.0,0.87,109.0,0.89,476.9,0.9,25.0,0.01,0.01,2334.478148,1776189248000
1776189251.021,251.021,0.11,490.08,0.1,25.0,0.12,92.0,0.13,102.0,0.88,92.0,0.87,102.0,0.89,490.08,0.9,25.0,0.01,0.01,2334.272909,1776189250000
1776189251.333,251.333,0.11,506.08,0.1,25.0,0.12,90.22,0.13,112.0,0.88,92.0,0.87,102.0,0.89,490.08,0.9,25.0,0.01,0.01,2334.272909,1776189250000
1776189252.134,252.134,0.11,489.35,0.1,25.0,0.12,85.22,0.13,112.0,0.88,85.22,0.87,112.0,0.89,489.35,0.9,25.0,0.01,0.01,2334.264951,1776189251000
1776189252.497,252.497,0.11,13.18,0.1,505.0,0.12,105.22,0.13,112.0,0.88,85.22,0.87,112.0,0.89,489.35,0.9,25.0,0.01,0.01,2334.264951,1776189251000
1776189253.091,253.091,0.11,13.18,0.1,505.0,0.12,105.22,0.13,112.0,0.88,105.22,0.87,112.0,0.89,13.18,0.9,505.0,0.01,0.01,2334.20465,1776189252000
1776189253.433,253.433,0.11,3.18,0.1,505.0,0.12,130.22,0.13,97.0,0.88,105.22,0.87,112.0,0.89,13.18,0.9,505.0,0.01,0.01,2334.20465,1776189252000
1776189254.011,254.011,0.1,495.58,0.09,83.0,0.11,79.0,0.12,119.0,0.88,130.22,0.87,97.0,0.9,502.58,0.91,59.0,0.01,0.02,2334.20465,1776189252000
1776189254.462,254.462,0.1,488.35,0.09,83.0,0.11,79.0,0.12,119.0,0.89,79.0,0.88,119.0,0.9,495.58,0.91,83.0,0.01,0.01,2334.189785,1776189253000
1776189255.299,255.299,0.1,462.23,0.09,83.0,0.11,84.0,0.12,119.0,0.89,84.0,0.88,119.0,0.9,462.23,0.91,83.0,0.01,0.01,2334.185231,1776189254000
1776189256.099,256.099,0.1,467.23,0.09,83.0,0.11,109.0,0.12,80.0,0.89,84.0,0.88,119.0,0.9,462.23,0.91,83.0,0.01,0.01,2334.185231,1776189254000
1776189256.415,256.415,0.1,467.23,0.09,83.0,0.11,109.0,0.12,80.0,0.89,109.0,0.88,80.0,0.9,467.23,0.91,83.0,0.01,0.01,2334.183806,1776189255000
1776189256.832,256.832,0.1,451.65,0.09,83.0,0.11,189.36,0.12,80.0,0.89,79.36,0.88,80.0,0.9,472.23,0.91,83.0,0.01,0.01,2334.183806,1776189255000
1776189257.195,257.195,0.1,459.98,0.09,83.0,0.11,29.36,0.12,80.0,0.89,189.36,0.88,80.0,0.9,451.65,0.91,83.0,0.01,0.01,2334.187761,1776189256000
1776189257.425,257.425,0.1,454.98,0.09,83.0,0.12,80.0,0.13,118.8,0.89,29.36,0.88,80.0,0.9,459.98,0.91,83.0,0.02,0.01,2334.187761,1776189256000
1776189257.877,257.877,0.1,444.98,0.09,95.0,0.11,0.37,0.12,15.0,0.88,80.0,0.87,118.8,0.9,454.98,0.91,83.0,0.01,0.02,2334.187761,1776189256000
1776189258.084,258.084,0.12,13.63,0.1,523.98,0.14,9.0,0.16,30.12,0.89,0.37,0.88,15.0,0.9,444.98,0.91,95.0,0.02,0.01,2334.235141,1776189257000
1776189258.516,258.516,0.2,517.0,0.19,10.0,0.21,1.2,0.23,8.0,0.82,10.0,0.81,10.0,0.84,5.98,0.85,10.0,0.01,0.02,2334.235141,1776189257000
1776189258.922,258.922,0.24,507.0,0.23,10.0,0.25,23.32,0.27,20.3,0.75,85.65,0.73,70.3,0.78,10.0,0.79,58.8,0.01,0.03,2334.235141,1776189257000
1776189259.222,259.222,0.26,17.0,0.25,10.0,0.27,23.39,0.28,26.0,0.73,18.39,0.72,71.0,0.74,15.0,0.75,10.0,0.01,0.01,2334.282595,1776189258000
1776189259.851,259.851,0.2,38.33,0.19,480.0,0.21,25.0,0.22,65.0,0.74,10.0,0.73,23.39,0.76,392.59,0.77,10.0,0.01,0.02,2334.282595,1776189258000
1776189260.388,260.388,0.2,439.32,0.18,50.0,0.21,30.0,0.22,15.0,0.79,25.0,0.78,65.0,0.8,38.33,0.81,480.0,0.01,0.01,2334.797869,1776189259000
1776189260.598,260.598,0.2,306.45,0.18,50.0,0.21,30.0,0.22,15.0,0.79,30.0,0.78,15.0,0.8,436.45,0.82,50.0,0.01,0.01,2334.797869,1776189259000
1776189260.804,260.804,0.2,314.06,0.18,50.0,0.21,35.0,0.22,15.0,0.79,30.0,0.78,15.0,0.8,306.45,0.82,50.0,0.01,0.01,2334.797869,1776189259000
1776189261.047,261.047,0.2,225.8,0.17,58.0,0.21,30.0,0.22,20.0,0.79,30.0,0.78,20.0,0.8,225.8,0.83,58.0,0.01,0.01,2335.08607,1776189260000
1776189262.025,262.025,0.2,225.11,0.18,10.0,0.21,30.0,0.22,20.0,0.79,30.0,0.78,20.0,0.8,225.8,0.83,58.0,0.01,0.01,2335.08607,1776189260000
1776189262.468,262.468,0.2,514.11,0.18,10.0,0.21,29.9,0.22,15.0,0.79,30.0,0.78,20.0,0.8,225.11,0.82,10.0,0.01,0.01,2335.059425,1776189261000
1776189262.674,262.674,0.2,496.76,0.18,10.0,0.21,24.9,0.22,20.0,0.79,24.9,0.78,15.0,0.8,514.11,0.82,10.0,0.01,0.01,2335.059425,1776189261000
1776189262.971,262.971,0.2,30.0,0.18,10.0,0.21,33.94,0.22,27.0,0.79,24.9,0.78,20.0,0.8,496.76,0.82,10.0,0.01,0.01,2335.059425,1776189261000
1776189263.322,263.322,0.2,30.0,0.16,68.98,0.22,19.85,0.23,60.0,0.79,33.94,0.78,27.0,0.8,30.0,0.82,10.0,0.02,0.01,2335.012313,1776189262000
1776189263.664,263.664,0.2,28.75,0.17,50.0,0.21,16.85,0.22,24.85,0.79,10.0,0.78,19.85,0.8,28.75,0.84,68.98,0.01,0.01,2335.012313,1776189262000
1776189264.142,264.142,0.2,28.75,0.17,50.0,0.21,16.85,0.22,24.85,0.79,16.85,0.78,24.85,0.8,28.75,0.83,50.0,0.01,0.01,2335.012152,1776189263000
1776189265.057,265.057,0.2,28.75,0.17,50.0,0.21,16.85,0.22,24.85,0.79,16.85,0.78,24.85,0.8,28.75,0.83,50.0,0.01,0.01,2335.012866,1776189264000
1776189265.561,265.561,0.2,36.25,0.16,485.98,0.21,83.85,0.22,72.85,0.79,16.85,0.78,24.85,0.8,28.75,0.83,50.0,0.01,0.01,2335.012866,1776189264000
1776189266.002,266.002,0.2,23.58,0.16,485.98,0.21,78.85,0.22,72.85,0.79,88.85,0.78,72.85,0.8,25.46,0.84,485.98,0.01,0.01,2335.012866,1776189264000
1776189266.484,266.484,0.2,23.58,0.16,485.98,0.21,32.14,0.22,72.85,0.79,78.85,0.78,72.85,0.8,23.58,0.84,485.98,0.01,0.01,2335.009437,1776189265000
1776189266.878,266.878,0.13,507.0,0.1,59.0,0.21,217.14,0.22,87.85,0.79,32.14,0.78,72.85,0.8,23.58,0.84,485.98,0.08,0.01,2335.009437,1776189265000
1776189267.427,267.427,0.13,466.51,0.12,60.0,0.15,8.0,0.16,19.0,0.84,10.0,0.83,18.0,0.87,443.51,0.9,59.0,0.02,0.03,2334.983863,1776189266000
1776189267.787,267.787,0.17,10.0,0.16,574.0,0.21,20.0,0.22,10.0,0.85,8.0,0.84,19.0,0.87,466.51,0.88,60.0,0.04,0.02,2334.983863,1776189266000
1776189268.01,268.01,0.18,12.0,0.17,28.0,0.21,17.0,0.22,15.0,0.81,4.0,0.8,10.0,0.82,7.0,0.83,28.0,0.03,0.01,2334.983863,1776189266000
1776189268.255,268.255,0.17,26.72,0.16,79.0,0.19,5.0,0.2,5.0,0.8,5.0,0.79,17.0,0.82,7.0,0.83,28.0,0.02,0.02,2334.983863,1776189266000
1776189268.886,268.886,0.26,125.0,0.25,10.0,0.27,41.23,0.29,10.0,0.81,5.0,0.8,5.0,0.83,26.72,0.84,79.0,0.01,0.02,2334.974396,1776189267000
1776189269.159,269.159,0.31,51.88,0.3,10.0,0.35,5.0,0.37,90.0,0.7,10.0,0.68,30.0,0.71,6.11,0.74,616.0,0.04,0.01,2334.874598,1776189268000
1776189269.449,269.449,0.36,45.0,0.34,122.0,0.37,5.0,0.39,24.0,0.65,5.0,0.63,90.0,0.69,51.88,0.7,10.0,0.01,0.04,2334.874598,1776189268000
1776189269.67,269.67,0.38,98.18,0.37,10.0,0.4,5.0,0.41,50.0,0.61,9.88,0.6,60.0,0.64,608.18,0.65,10.0,0.02,0.03,2334.874598,1776189268000
1776189269.956,269.956,0.41,8.3,0.4,502.0,0.42,65.0,0.43,65.0,0.6,5.0,0.59,50.0,0.62,98.18,0.63,10.0,0.01,0.02,2334.874598,1776189268000
1776189270.193,270.193,0.41,49.62,0.4,22.0,0.42,10.0,0.43,5.0,0.58,65.0,0.57,65.0,0.59,8.3,0.6,502.0,0.01,0.01,2334.949891,1776189269000
1776189270.799,270.799,0.43,15.0,0.42,17.0,0.45,85.0,0.46,87.41,0.56,65.0,0.55,125.0,0.58,12.0,0.59,49.62,0.02,0.02,2334.949891,1776189269000
1776189271.09,271.09,0.44,522.0,0.43,15.0,0.45,8.84,0.46,12.41,0.55,85.0,0.54,87.41,0.57,15.0,0.58,17.0,0.01,0.02,2334.949891,1776189269000
1776189271.546,271.546,0.45,12.96,0.44,520.6,0.46,7.41,0.47,50.0,0.54,7.41,0.53,160.0,0.56,513.42,0.57,15.0,0.01,0.02,2335.436793,1776189270000
1776189271.826,271.826,0.45,19.96,0.44,33.42,0.48,5.0,0.49,70.0,0.54,7.41,0.53,50.0,0.55,12.96,0.56,520.6,0.03,0.01,2335.436793,1776189270000
1776189272.137,272.137,0.53,32.0,0.52,20.0,0.54,36.0,0.55,56.0,0.48,25.0,0.46,36.0,0.55,19.96,0.56,33.42,0.01,0.07,2335.436793,1776189270000
1776189272.376,272.376,0.53,497.0,0.52,25.0,0.54,26.29,0.55,56.0,0.46,26.29,0.45,56.0,0.47,497.0,0.48,25.0,0.01,0.01,2335.703417,1776189271000
1776189272.741,272.741,0.54,42.0,0.53,502.0,0.56,64.6,0.57,14.7,0.45,1.0,0.44,64.6,0.46,10.0,0.47,507.0,0.02,0.01,2335.703417,1776189271000
1776189272.974,272.974,0.58,33.61,0.57,25.0,0.65,10.0,0.66,80.0,0.41,30.0,0.37,10.0,0.42,13.61,0.43,10.0,0.07,0.01,2335.734468,1776189272000
1776189273.323,273.323,0.63,18.21,0.62,25.0,0.64,5.0,0.66,66.0,0.35,5.43,0.34,70.0,0.38,10.0,0.39,10.0,0.01,0.03,2335.734468,1776189272000
1776189273.651,273.651,0.65,31.0,0.64,25.0,0.67,5.0,0.68,50.0,0.34,24.84,0.33,51.3,0.37,28.21,0.38,25.0,0.02,0.03,2335.734468,1776189272000
1776189274.03,274.03,0.66,15.0,0.65,31.0,0.69,135.0,0.7,65.0,0.31,135.0,0.3,65.0,0.34,15.0,0.35,31.0,0.03,0.03,2335.77033,1776189273000
1776189274.793,274.793,0.7,527.0,0.69,32.0,0.71,37.9,0.73,115.0,0.29,42.09,0.28,275.0,0.31,516.16,0.32,37.0,0.01,0.02,2335.77033,1776189273000
1776189275.213,275.213,0.7,527.0,0.69,32.0,0.73,115.0,0.74,69.0,0.27,115.0,0.26,69.0,0.3,527.0,0.31,32.0,0.03,0.03,2335.874255,1776189274000
1776189275.489,275.489,0.73,5.88,0.72,91.0,0.74,69.0,0.75,155.0,0.26,69.0,0.25,155.0,0.27,23.88,0.28,91.0,0.01,0.01,2335.874255,1776189274000
1776189275.738,275.738,0.73,20.88,0.72,91.0,0.74,18.66,0.75,130.0,0.26,69.0,0.25,155.0,0.27,5.88,0.28,91.0,0.01,0.01,2335.874255,1776189274000
1776189276.294,276.294,0.73,10.0,0.72,83.7,0.74,23.66,0.75,130.0,0.26,23.66,0.25,130.0,0.27,10.0,0.28,83.7,0.01,0.01,2336.284867,1776189275000
1776189276.579,276.579,0.75,12.0,0.74,27.0,0.76,10.0,0.77,70.0,0.25,25.0,0.24,80.0,0.27,15.0,0.28,573.7,0.01,0.02,2336.284867,1776189275000
1776189276.959,276.959,0.75,12.0,0.74,27.0,0.76,10.0,0.77,70.0,0.24,10.0,0.23,70.0,0.25,12.0,0.26,27.0,0.01,0.01,2336.297734,1776189276000
1776189277.422,277.422,0.77,17.0,0.76,22.0,0.79,25.0,0.8,100.0,0.22,73.0,0.21,50.0,0.23,5.0,0.24,27.0,0.02,0.01,2336.297734,1776189276000
1776189278.08,278.08,0.77,17.0,0.76,22.0,0.79,25.0,0.8,100.0,0.21,25.0,0.2,100.0,0.23,17.0,0.24,22.0,0.02,0.02,2336.289645,1776189277000
1776189278.763,278.763,0.86,10.0,0.85,38.0,0.88,6.51,0.9,5.0,0.15,2.95,0.14,50.0,0.16,20.0,0.17,10.0,0.02,0.01,2336.289645,1776189277000
1776189279.155,279.155,0.76,14.26,0.75,10.0,0.89,22.0,0.9,5.0,0.12,6.51,0.1,5.0,0.14,10.0,0.15,38.0,0.13,0.02,2336.289645,1776189277000
1776189279.494,279.494,0.89,1.92,0.88,5.0,0.9,40.0,0.91,60.0,0.1,15.0,0.09,60.0,0.11,28.92,0.12,10.0,0.01,0.01,2336.424326,1776189278000
1776189279.785,279.785,0.82,10.0,0.79,8.0,0.88,58.12,0.89,40.0,0.1,13.88,0.09,22.35,0.12,5.0,0.17,499.0,0.06,0.02,2336.424326,1776189278000
1776189280.068,280.068,0.76,55.36,0.75,10.0,0.83,23.0,0.84,10.0,0.17,8.3,0.16,10.0,0.18,10.0,0.21,8.0,0.07,0.01,2336.424326,1776189278000
1776189280.401,280.401,0.81,50.0,0.8,25.0,0.82,10.0,0.83,30.83,0.18,10.0,0.17,30.83,0.19,50.0,0.2,25.0,0.01,0.01,2336.6395,1776189279000
1776189280.617,280.617,0.8,5.78,0.78,10.0,0.81,10.0,0.82,10.0,0.18,15.0,0.17,30.83,0.2,9.78,0.22,10.0,0.01,0.02,2336.6395,1776189279000
1776189281.079,281.079,0.81,28.0,0.8,26.78,0.82,7.68,0.83,30.83,0.19,10.0,0.18,10.0,0.2,5.78,0.22,10.0,0.01,0.01,2336.6395,1776189279000
1776189281.476,281.476,0.81,28.0,0.8,26.78,0.82,7.68,0.83,30.83,0.18,7.68,0.17,30.83,0.19,28.0,0.2,26.78,0.01,0.01,2336.684255,1776189280000
1776189282.003,282.003,0.81,28.0,0.8,22.0,0.82,5.3,0.83,30.83,0.18,5.3,0.17,30.83,0.19,28.0,0.2,22.0,0.01,0.01,2336.660709,1776189281000
1776189282.515,282.515,0.81,43.0,0.8,22.0,0.82,5.36,0.83,24.29,0.17,24.29,0.16,10.0,0.19,28.0,0.2,22.0,0.01,0.02,2336.660709,1776189281000
1776189282.928,282.928,0.82,26.0,0.81,37.0,0.83,21.78,0.84,10.0,0.17,22.99,0.16,10.0,0.19,48.0,0.2,22.0,0.01,0.02,2336.660709,1776189281000
1776189283.353,283.353,0.82,21.0,0.81,17.0,0.83,21.78,0.84,10.0,0.17,21.78,0.16,10.0,0.18,26.0,0.19,37.0,0.01,0.01,2336.660709,1776189281000
1776189283.667,283.667,0.82,10.63,0.81,27.0,0.83,26.78,0.84,10.0,0.17,21.78,0.16,10.0,0.18,15.63,0.19,27.0,0.01,0.01,2336.561495,1776189282000
1776189283.987,283.987,0.82,6.63,0.81,27.0,0.83,21.78,0.84,10.0,0.17,26.78,0.16,10.0,0.18,10.63,0.19,27.0,0.01,0.01,2336.561495,1776189282000
1776189284.661,284.661,0.82,26.44,0.81,39.81,0.83,15.12,0.84,10.0,0.17,22.53,0.16,10.0,0.18,1.63,0.19,27.0,0.01,0.01,2336.561319,1776189283000
1776189285.157,285.157,0.82,26.44,0.81,39.81,0.83,15.12,0.84,10.0,0.17,15.12,0.16,10.0,0.18,26.44,0.19,39.81,0.01,0.01,2336.568642,1776189284000
1776189285.364,285.364,0.76,24.0,0.75,6.0,0.82,15.0,0.83,10.24,0.17,25.24,0.16,10.0,0.18,10.0,0.19,12.0,0.06,0.01,2336.568642,1776189284000
1776189285.961,285.961,0.76,63.81,0.75,19.0,0.77,9.99,0.78,10.0,0.21,9.39,0.2,10.0,0.24,47.81,0.25,14.0,0.01,0.03,2336.568642,1776189284000
1776189286.282,286.282,0.76,78.81,0.75,19.0,0.77,2.06,0.78,20.0,0.23,9.99,0.22,10.0,0.24,63.81,0.25,19.0,0.01,0.01,2336.568642,1776189284000
1776189286.985,286.985,0.76,45.0,0.75,19.0,0.77,0.54,0.78,10.0,0.23,2.06,0.22,20.0,0.24,78.81,0.25,19.0,0.01,0.01,2336.494884,1776189285000
1776189287.454,287.454,0.76,65.81,0.75,19.0,0.78,0.54,0.79,9.39,0.23,0.54,0.22,10.0,0.24,45.0,0.25,19.0,0.02,0.01,2336.438992,1776189286000
1776189288.103,288.103,0.76,40.2,0.75,5.0,0.77,9.18,0.78,0.54,0.23,4.18,0.22,0.54,0.24,65.81,0.25,19.0,0.01,0.01,2336.438992,1776189286000
1776189288.384,288.384,0.76,24.81,0.75,5.0,0.87,40.76,0.88,68.12,0.23,9.18,0.22,0.54,0.24,24.81,0.25,5.0,0.11,0.01,2336.392762,1776189287000
1776189288.69,288.69,0.77,5.17,0.76,73.81,0.79,10.0,0.8,10.0,0.13,40.76,0.12,68.12,0.24,24.81,0.25,5.0,0.02,0.11,2336.392762,1776189287000
1776189289.169,289.169,0.77,5.17,0.76,73.81,0.79,10.0,0.8,10.0,0.21,10.0,0.2,10.0,0.23,5.17,0.24,73.81,0.02,0.02,2336.377251,1776189288000
1776189289.639,289.639,0.79,10.0,0.76,3.81,0.81,17.06,0.82,10.0,0.21,2.4,0.2,10.0,0.22,15.0,0.23,16.17,0.02,0.01,2336.377251,1776189288000
1776189289.842,289.842,0.56,19.82,0.53,30.0,0.63,61.74,0.64,80.0,0.37,68.03,0.36,80.0,0.44,19.82,0.47,30.0,0.07,0.07,2336.377251,1776189288000
1776189290.085,290.085,0.51,50.0,0.47,10.0,0.57,51.25,0.58,10.0,0.43,8.25,0.42,10.0,0.44,19.82,0.49,50.0,0.06,0.01,2336.377251,1776189288000
1776189290.294,290.294,0.46,80.83,0.45,7.6,0.47,1.67,0.49,10.0,0.53,1.67,0.51,10.0,0.54,80.83,0.55,7.6,0.01,0.01,2336.342734,1776189289000
1776189290.713,290.713,0.44,12.02,0.4,492.0,0.47,6.67,0.48,10.0,0.53,1.67,0.52,10.0,0.54,2.91,0.55,12.6,0.03,0.01,2336.342734,1776189289000
1776189290.925,290.925,0.44,6.71,0.43,15.0,0.45,20.0,0.46,10.0,0.55,10.0,0.54,10.0,0.56,11.71,0.57,5.0,0.01,0.01,2336.342734,1776189289000
1776189291.135,291.135,0.41,9.88,0.4,492.0,0.44,15.0,0.45,15.0,0.55,15.0,0.54,10.0,0.57,15.0,0.6,492.0,0.03,0.02,2336.342734,1776189289000
1776189291.383,291.383,0.41,34.88,0.4,497.0,0.42,5.59,0.43,10.0,0.55,6.58,0.54,10.0,0.59,34.88,0.6,497.0,0.01,0.04,2336.342734,1776189289000
1776189291.828,291.828,0.41,24.88,0.4,17.0,0.42,5.0,0.43,9.39,0.57,9.39,0.56,10.0,0.59,34.88,0.6,497.0,0.01,0.02,2336.257037,1776189290000
1776189292.51,292.51,0.4,27.54,0.39,40.0,0.42,5.0,0.43,9.39,0.58,5.0,0.57,9.39,0.59,24.88,0.6,17.0,0.02,0.01,2336.030194,1776189291000
1776189292.987,292.987,0.4,27.54,0.39,40.0,0.42,5.0,0.43,9.39,0.58,5.0,0.57,9.39,0.6,27.54,0.61,40.0,0.02,0.02,2335.827907,1776189292000
1776189293.89,293.89,0.46,20.0,0.45,15.0,0.47,9.46,0.5,10.0,0.55,16.58,0.54,10.0,0.57,3.12,0.58,10.0,0.01,0.02,2335.827907,1776189292000
1776189294.14,294.14,0.41,9.12,0.4,10.0,0.47,24.46,0.5,10.0,0.53,24.46,0.5,10.0,0.59,9.12,0.6,10.0,0.06,0.06,2335.801897,1776189293000
1776189294.468,294.468,0.45,15.0,0.44,15.0,0.46,17.21,0.47,34.46,0.54,3.92,0.53,39.46,0.55,15.0,0.56,15.0,0.01,0.01,2335.801897,1776189293000
1776189294.69,294.69,0.45,12.21,0.44,15.0,0.46,18.92,0.47,24.46,0.54,17.21,0.53,34.46,0.55,15.0,0.56,15.0,0.01,0.01,2335.801897,1776189293000
1776189294.981,294.981,0.45,17.21,0.44,10.0,0.46,17.31,0.47,24.46,0.54,18.92,0.53,24.46,0.55,12.21,0.56,15.0,0.01,0.01,2335.801897,1776189293000
1776189295.225,295.225,0.45,17.21,0.44,10.0,0.46,17.31,0.47,24.46,0.54,17.31,0.53,24.46,0.55,17.21,0.56,10.0,0.01,0.01,2335.822817,1776189294000
1776189296.041,296.041,0.45,17.21,0.44,10.0,0.46,22.28,0.47,14.46,0.54,17.31,0.53,24.46,0.55,17.21,0.56,10.0,0.01,0.01,2335.822817,1776189294000
1776189296.342,296.342,0.8,15.0,0.79,10.0,0.81,15.31,0.85,15.0,0.19,50.0,0.18,27.0,0.27,10.0,0.38,142.0,0.01,0.08,2335.822817,1776189294000
1776189296.564,296.564,0.9,15.0,0.89,10.0,0.91,49.05,0.95,40.0,0.09,58.76,0.05,40.0,0.16,10.0,0.17,10.0,0.01,0.07,2335.873801,1776189295000
1776189296.812,296.812,0.9,15.0,0.89,15.0,0.91,64.13,0.95,40.0,0.09,5.18,0.05,40.0,0.1,10.0,0.11,10.0,0.01,0.01,2335.873801,1776189295000
1776189297.083,297.083,0.89,10.0,0.88,15.0,0.91,16.4,0.95,40.0,0.12,40.62,0.09,16.4,0.13,10.0,0.14,15.0,0.02,0.01,2335.873801,1776189295000
1776189297.52,297.52,0.9,10.0,0.89,15.0,0.91,64.4,0.95,40.0,0.09,69.4,0.05,40.0,0.1,10.0,0.11,15.0,0.01,0.01,2335.906876,1776189296000
1776189297.921,297.921,0.91,61.91,0.9,20.0,0.93,5.0,0.95,40.0,0.09,54.4,0.05,40.0,0.1,10.0,0.11,15.0,0.02,0.01,2335.906876,1776189296000
1776189298.254,298.254,0.93,10.0,0.92,10.0,0.95,184.65,0.96,230.66,0.05,33.45,0.04,230.66,0.08,10.0,0.09,71.91,0.02,0.03,2335.906876,1776189296000
1776189298.64,298.64,0.94,10.0,0.93,3.14,0.95,193.01,0.96,230.66,0.05,194.65,0.04,230.66,0.07,3.14,0.08,10.0,0.01,0.02,2335.906876,1776189296000
1776189298.989,298.989,0.94,20.0,0.93,13.14,0.95,40.61,0.96,230.66,0.05,193.01,0.04,230.66,0.06,10.0,0.07,3.14,0.01,0.01,2336.088892,1776189297000
1776189299.193,299.193,0.95,10.0,0.94,25.0,0.99,965.3,,,0.04,124.21,0.03,73.09,0.05,5.0,0.06,25.0,0.04,0.01,2336.088892,1776189297000
1776189299.488,299.488,0.96,12.0,0.95,10.0,0.99,918.16,,,0.01,969.16,,,0.04,7.0,0.05,10.0,0.03,0.03,2336.158399,1776189298000
1776189299.704,299.704,0.98,10.2,0.96,157.0,0.99,871.7,,,0.01,872.89,,,0.04,157.0,0.05,36.0,0.01,0.03,2336.158399,1776189298000
1776189300.151,300.151,0.99,4961.18,0.98,115.2,,,,,,,,,0.01,1069.59,0.02,115.2,,,2336.158399,1776189298000
1776189300.383,300.383,0.99,3979.18,0.98,115.2,,,,,,,,,0.01,4961.18,0.02,115.2,,,2336.158399,1776189298000
1776189300.596,300.596,0.99,4450.23,0.98,110.2,,,,,,,,,0.01,3979.18,0.02,115.2,,,2336.158399,1776189298000

# RESULT,winner=Up,slug=eth-updown-5m-1776189000,ticks=594
