timestamp,elapsed_sec,up_bid_p1,up_bid_s1,up_bid_p2,up_bid_s2,up_ask_p1,up_ask_s1,up_ask_p2,up_ask_s2,down_bid_p1,down_bid_s1,down_bid_p2,down_bid_s2,down_ask_p1,down_ask_s1,down_ask_p2,down_ask_s2,up_spread,down_spread,eth_price,eth_oracle_ts
1776355200.616,0.616,0.46,70.0,0.45,8.88,0.48,175.46,0.49,10.04,0.52,196.3,0.51,10.04,0.55,8.88,0.6,38.0,0.02,0.03,2339.6584,1776355199000
1776355201.08,1.08,0.49,140.0,0.48,5.0,0.51,16.0,0.54,150.0,0.49,16.0,0.46,150.0,0.54,70.0,0.55,8.88,0.02,0.05,2339.6584,1776355199000
1776355201.571,1.571,0.49,210.0,0.48,5.0,0.51,5.29,0.58,70.0,0.49,16.0,0.46,150.0,0.51,140.0,0.52,5.0,0.02,0.02,2339.450152,1776355200000
1776355202.272,2.272,0.5,5.0,0.49,180.68,0.51,1.93,0.52,5.0,0.49,5.29,0.42,70.0,0.51,175.68,0.52,75.0,0.01,0.02,2339.450152,1776355200000
1776355202.591,2.591,0.51,2.12,0.5,10.0,0.52,3.66,0.53,5.0,0.48,3.66,0.47,5.0,0.5,5.0,0.51,180.68,0.01,0.02,2339.613448,1776355201000
1776355203.147,3.147,0.5,2.78,0.49,190.68,0.52,3.66,0.53,5.0,0.48,3.66,0.47,5.0,0.49,0.07,0.5,10.0,0.02,0.01,2339.613448,1776355201000
1776355203.65,3.65,0.49,108.16,0.48,90.0,0.51,15.0,0.52,13.66,0.48,3.66,0.47,5.0,0.5,2.78,0.51,190.68,0.02,0.02,2339.737681,1776355202000
1776355203.988,3.988,0.49,87.76,0.48,85.0,0.5,15.0,0.51,15.0,0.49,15.0,0.48,13.66,0.51,107.76,0.52,90.0,0.01,0.02,2339.737681,1776355202000
1776355204.374,4.374,0.48,60.0,0.46,5.0,0.49,20.0,0.5,15.0,0.51,10.0,0.5,15.0,0.52,70.0,0.53,5.0,0.01,0.01,2339.697538,1776355203000
1776355204.826,4.826,0.48,66.15,0.47,15.0,0.5,15.0,0.51,15.0,0.51,20.0,0.5,15.0,0.52,55.0,0.53,5.0,0.02,0.01,2339.697538,1776355203000
1776355205.07,5.07,0.49,6.94,0.48,71.15,0.5,15.0,0.51,15.0,0.5,15.0,0.49,15.0,0.52,66.15,0.53,15.0,0.01,0.02,2339.649797,1776355204000
1776355207.634,7.634,0.51,11.75,0.5,15.0,0.52,3.66,0.53,85.0,0.5,15.0,0.49,15.0,0.51,6.94,0.52,71.15,0.01,0.01,2339.301231,1776355206000
1776355210.843,10.843,0.49,10.5,0.48,10.5,0.52,170.84,0.53,66.28,0.48,3.66,0.47,85.0,0.49,11.75,0.5,15.0,0.03,0.01,2339.40687,1776355209000
1776355211.257,11.257,0.46,40.05,0.45,96.09,0.48,10.0,0.49,205.19,0.53,5.0,0.52,15.0,0.54,12.33,0.55,96.09,0.02,0.01,2339.40687,1776355209000
1776355211.671,11.671,0.48,26.0,0.47,20.5,0.49,0.19,0.5,20.0,0.51,200.19,0.5,15.0,0.53,15.5,0.54,19.2,0.01,0.02,2339.403774,1776355210000
1776355211.923,11.923,0.48,21.0,0.47,20.5,0.5,9.49,0.51,115.05,0.51,0.19,0.5,20.0,0.52,26.0,0.53,20.5,0.02,0.01,2339.403774,1776355210000
1776355212.747,12.747,0.49,9.8,0.48,46.34,0.5,5.0,0.51,25.05,0.5,9.49,0.49,115.05,0.52,21.0,0.53,20.5,0.01,0.02,2339.3643,1776355211000
1776355213.443,13.443,0.5,4.7,0.49,17.8,0.51,12.29,0.52,3.66,0.49,12.29,0.48,3.66,0.5,10.0,0.51,28.01,0.01,0.01,2339.334174,1776355212000
1776355214.295,14.295,0.49,14.75,0.48,35.92,0.51,12.29,0.52,3.66,0.49,12.29,0.48,3.66,0.5,4.7,0.51,17.8,0.02,0.01,2339.268196,1776355213000
1776355214.783,14.783,0.51,6.13,0.5,10.0,0.52,8.66,0.53,15.5,0.49,5.87,0.48,8.66,0.5,10.0,0.51,15.0,0.01,0.01,2339.268196,1776355213000
1776355218.111,18.111,0.51,5.92,0.5,16.0,0.52,26.08,0.53,46.78,0.48,8.66,0.47,15.5,0.49,6.13,0.5,10.0,0.01,0.01,2339.47023,1776355216000
1776355218.62,18.62,0.51,35.12,0.5,101.5,0.53,12.0,0.54,15.5,0.48,26.08,0.47,46.78,0.49,5.92,0.5,16.0,0.02,0.01,2339.477864,1776355217000
1776355218.839,18.839,0.52,10.0,0.51,35.12,0.53,8.59,0.54,15.5,0.47,12.0,0.46,15.5,0.49,35.12,0.5,101.5,0.01,0.02,2339.477864,1776355217000
1776355219.23,19.23,0.52,26.0,0.51,96.51,0.54,5.0,0.55,22.5,0.47,8.59,0.46,15.5,0.49,85.51,0.5,91.0,0.02,0.02,2339.42394,1776355218000
1776355220.232,20.232,0.53,10.0,0.52,15.0,0.54,13.64,0.55,32.5,0.46,5.0,0.45,22.5,0.48,26.0,0.49,96.51,0.01,0.02,2339.469131,1776355219000
1776355220.506,20.506,0.53,5.0,0.52,15.0,0.54,13.64,0.55,32.5,0.46,13.64,0.45,32.5,0.47,10.0,0.48,15.0,0.01,0.01,2339.469131,1776355219000
1776355220.881,20.881,0.51,5.51,0.5,6.0,0.53,154.7,0.54,87.99,0.46,13.64,0.45,32.5,0.47,5.0,0.48,15.0,0.02,0.01,2339.469131,1776355219000
1776355221.093,21.093,0.46,75.0,0.45,155.5,0.48,26.0,0.49,20.0,0.48,45.92,0.47,154.7,0.53,5.0,0.54,75.0,0.02,0.05,2339.469131,1776355219000
1776355221.32,21.32,0.46,70.0,0.45,155.5,0.47,9.36,0.48,31.0,0.53,10.0,0.52,26.0,0.54,70.0,0.55,145.0,0.01,0.01,2339.469131,1776355219000
1776355225.913,25.913,0.45,70.0,0.44,75.0,0.46,55.7,0.47,30.5,0.53,9.36,0.52,31.0,0.54,70.0,0.55,155.5,0.01,0.01,2339.224225,1776355224000
1776355226.197,26.197,0.45,63.01,0.44,70.0,0.46,95.2,0.47,30.5,0.54,86.5,0.53,30.5,0.55,66.94,0.56,70.0,0.01,0.01,2339.15237,1776355225000
1776355227.162,27.162,0.45,61.19,0.44,75.0,0.46,93.5,0.47,25.5,0.54,95.2,0.53,30.5,0.55,63.01,0.56,70.0,0.01,0.01,2339.15237,1776355225000
1776355227.723,27.723,0.45,83.19,0.44,80.0,0.46,2.0,0.48,10.0,0.54,93.5,0.53,25.5,0.55,61.19,0.56,75.0,0.01,0.01,2339.091375,1776355226000
1776355228.328,28.328,0.48,127.0,0.47,213.14,0.49,5.56,0.51,11.0,0.51,25.59,0.5,15.0,0.55,90.19,0.56,85.0,0.01,0.04,2339.091375,1776355226000
1776355228.58,28.58,0.48,191.99,0.47,301.14,0.49,2.62,0.51,5.0,0.51,5.56,0.49,5.0,0.52,156.57,0.53,301.14,0.01,0.01,2339.091375,1776355226000
1776355228.83,28.83,0.51,110.0,0.5,110.0,0.52,12.09,0.53,121.0,0.48,15.27,0.47,121.0,0.52,191.99,0.53,301.14,0.01,0.04,2339.091375,1776355226000
1776355229.306,29.306,0.51,100.0,0.5,100.0,0.52,15.0,0.53,121.0,0.48,8.85,0.47,121.0,0.49,110.0,0.5,115.0,0.01,0.01,2338.800478,1776355227000
1776355229.656,29.656,0.49,67.17,0.48,77.0,0.5,149.7,0.51,156.5,0.48,15.0,0.47,121.0,0.49,100.0,0.5,100.0,0.01,0.01,2338.945663,1776355228000
1776355229.859,29.859,0.49,57.17,0.48,77.0,0.5,137.5,0.51,150.5,0.5,156.7,0.49,150.5,0.51,62.17,0.52,77.0,0.01,0.01,2338.945663,1776355228000
1776355230.605,30.605,0.49,49.85,0.48,77.0,0.5,153.5,0.51,150.5,0.5,137.5,0.49,150.5,0.51,57.17,0.52,77.0,0.01,0.01,2339.083055,1776355229000
1776355231.312,31.312,0.49,154.85,0.48,182.0,0.5,20.0,0.51,152.92,0.5,153.5,0.49,150.5,0.51,49.85,0.52,77.0,0.01,0.01,2339.083055,1776355229000
1776355231.673,31.673,0.47,53.94,0.46,156.77,0.5,10.0,0.51,127.0,0.5,20.0,0.49,152.92,0.51,154.85,0.52,182.0,0.03,0.01,2339.351198,1776355230000
1776355232.04,32.04,0.48,5.0,0.47,52.5,0.49,10.0,0.5,120.0,0.5,10.0,0.49,127.0,0.53,53.94,0.54,156.77,0.01,0.03,2339.30946,1776355231000
1776355232.751,32.751,0.5,158.5,0.49,105.71,0.51,19.03,0.52,5.0,0.51,10.0,0.5,120.0,0.52,5.0,0.53,52.5,0.01,0.01,2339.30946,1776355231000
1776355233.012,33.012,0.52,10.0,0.51,129.22,0.53,19.04,0.54,113.64,0.47,5.0,0.46,113.64,0.49,98.22,0.5,167.5,0.01,0.02,2339.30946,1776355231000
1776355233.376,33.376,0.52,4.0,0.51,119.22,0.53,9.2,0.54,118.64,0.47,15.19,0.46,118.64,0.48,4.0,0.49,129.22,0.01,0.01,2339.30946,1776355231000
1776355233.621,33.621,0.52,4.0,0.51,26.0,0.53,5.2,0.54,128.64,0.47,9.2,0.46,118.64,0.48,4.0,0.49,119.22,0.01,0.01,2339.30946,1776355231000
1776355233.821,33.821,0.52,12.0,0.51,41.0,0.53,15.2,0.54,128.64,0.47,15.2,0.46,128.64,0.48,12.0,0.49,41.0,0.01,0.01,2339.30946,1776355231000
1776355234.237,34.237,0.52,22.0,0.51,51.0,0.53,1.27,0.54,123.64,0.47,10.2,0.46,128.64,0.48,12.0,0.49,51.0,0.01,0.01,2339.346072,1776355233000
1776355235.099,35.099,0.53,4.6,0.52,22.0,0.54,124.51,0.55,122.0,0.46,124.51,0.45,122.0,0.48,22.0,0.49,51.0,0.01,0.02,2339.346072,1776355233000
1776355235.752,35.752,0.52,26.1,0.51,51.0,0.54,114.51,0.55,122.0,0.46,124.51,0.45,122.0,0.47,4.6,0.48,22.0,0.02,0.01,2339.346072,1776355233000
1776355236.745,36.745,0.53,6.36,0.52,20.0,0.54,119.51,0.55,122.0,0.46,114.51,0.45,122.0,0.48,26.1,0.49,51.0,0.01,0.02,2339.72763,1776355235000
1776355237.501,37.501,0.53,1.36,0.52,20.0,0.54,119.51,0.55,122.0,0.46,119.51,0.45,122.0,0.47,6.36,0.48,20.0,0.01,0.01,2339.712846,1776355236000
1776355239.591,39.591,0.53,7.63,0.52,20.0,0.55,65.37,0.56,115.0,0.46,119.51,0.45,122.0,0.47,1.36,0.48,20.0,0.02,0.01,2339.832662,1776355238000
1776355243.14,43.14,0.53,10.5,0.52,20.0,0.54,26.5,0.55,70.37,0.45,65.37,0.44,115.0,0.47,7.63,0.48,20.0,0.01,0.02,2339.840022,1776355241000
1776355243.38,43.38,0.53,14.65,0.52,20.0,0.54,26.5,0.55,70.37,0.46,26.5,0.45,70.37,0.47,10.5,0.48,20.0,0.01,0.01,2339.819114,1776355242000
1776355244.76,44.76,0.52,10.0,0.51,11.0,0.53,17.63,0.54,125.5,0.46,26.5,0.45,70.37,0.47,14.65,0.48,20.0,0.01,0.01,2339.917731,1776355243000
1776355244.987,44.987,0.52,6.08,0.51,16.0,0.53,17.63,0.54,125.5,0.47,17.63,0.46,125.5,0.48,10.0,0.49,11.0,0.01,0.01,2339.917731,1776355243000
1776355246.753,46.753,0.56,57.88,0.55,70.6,0.58,15.5,0.59,27.5,0.47,17.63,0.46,125.5,0.48,6.08,0.49,16.0,0.02,0.01,2339.733215,1776355245000
1776355247.535,47.535,0.6,89.0,0.59,21.0,0.61,13.86,0.62,105.0,0.42,1.59,0.41,12.0,0.43,9.1,0.44,57.88,0.01,0.01,2339.72299,1776355246000
1776355247.887,47.887,0.6,49.0,0.59,21.0,0.61,8.53,0.62,105.0,0.39,13.86,0.38,105.0,0.4,89.0,0.41,21.0,0.01,0.01,2339.72299,1776355246000
1776355248.622,48.622,0.6,40.02,0.59,24.0,0.62,115.5,0.63,117.0,0.38,105.0,0.37,117.0,0.4,73.3,0.41,24.0,0.02,0.02,2339.720064,1776355247000
1776355248.924,48.924,0.61,20.87,0.6,50.02,0.62,115.5,0.63,117.0,0.38,115.5,0.37,117.0,0.4,40.02,0.41,24.0,0.01,0.02,2339.720064,1776355247000
1776355249.452,49.452,0.63,10.5,0.62,160.7,0.66,5.0,0.67,123.0,0.38,104.69,0.37,117.0,0.39,20.87,0.4,50.02,0.03,0.01,2339.720064,1776355247000
1776355249.682,49.682,0.65,26.0,0.64,40.5,0.66,5.5,0.67,5.0,0.34,15.5,0.33,105.0,0.35,11.0,0.36,16.5,0.01,0.01,2340.518419,1776355248000
1776355250.273,50.273,0.65,56.0,0.64,30.0,0.66,2.92,0.67,120.5,0.33,10.0,0.32,105.0,0.34,44.5,0.35,90.2,0.01,0.01,2340.5418,1776355249000
1776355250.576,50.576,0.66,10.0,0.65,66.0,0.67,102.58,0.68,105.0,0.34,2.92,0.33,120.5,0.35,56.0,0.36,30.0,0.01,0.01,2340.5418,1776355249000
1776355250.81,50.81,0.66,7.05,0.65,66.0,0.67,100.0,0.68,125.5,0.33,102.58,0.32,105.0,0.34,10.0,0.35,66.0,0.01,0.01,2340.5418,1776355249000
1776355251.216,51.216,0.67,16.0,0.66,72.55,0.68,99.64,0.69,113.0,0.33,100.0,0.32,125.5,0.34,7.05,0.35,66.0,0.01,0.01,2340.5418,1776355249000
1776355251.504,51.504,0.67,42.06,0.66,78.55,0.68,95.69,0.69,113.0,0.32,99.64,0.31,113.0,0.33,58.06,0.34,78.55,0.01,0.01,2340.5418,1776355249000
1776355252.096,52.096,0.67,57.06,0.66,78.55,0.69,89.0,0.7,125.66,0.32,79.8,0.31,113.0,0.33,42.06,0.34,78.55,0.02,0.01,2340.858344,1776355250000
1776355253.653,53.653,0.67,44.34,0.66,78.55,0.68,5.0,0.69,5.0,0.32,5.0,0.31,5.0,0.33,64.93,0.34,103.55,0.01,0.01,2341.070917,1776355252000
1776355254.28,54.28,0.67,44.34,0.66,103.55,0.68,2.0,0.69,5.0,0.32,5.0,0.31,5.0,0.33,44.34,0.34,78.55,0.01,0.01,2341.070917,1776355252000
1776355254.638,54.638,0.69,41.0,0.68,15.0,0.7,125.54,0.71,147.96,0.3,131.04,0.29,147.96,0.33,38.34,0.34,103.55,0.01,0.03,2341.279316,1776355253000
1776355254.937,54.937,0.69,21.0,0.68,15.0,0.7,121.59,0.71,147.96,0.3,125.54,0.29,147.96,0.31,41.0,0.32,15.0,0.01,0.01,2341.279316,1776355253000
1776355255.188,55.188,0.69,21.0,0.68,15.0,0.7,119.84,0.71,147.96,0.3,121.59,0.29,147.96,0.31,21.0,0.32,15.0,0.01,0.01,2341.335,1776355254000
1776355255.995,55.995,0.69,21.0,0.68,15.0,0.7,111.18,0.71,147.96,0.3,114.54,0.29,147.96,0.31,61.0,0.32,15.0,0.01,0.01,2341.335,1776355254000
1776355256.213,56.213,0.69,21.0,0.68,15.0,0.7,107.18,0.71,147.96,0.3,111.18,0.29,147.96,0.31,21.0,0.32,15.0,0.01,0.01,2341.335,1776355254000
1776355256.513,56.513,0.69,11.35,0.68,15.0,0.7,107.18,0.71,147.96,0.3,107.18,0.29,147.96,0.31,15.1,0.32,15.0,0.01,0.01,2341.312765,1776355255000
1776355256.74,56.74,0.69,10.0,0.68,10.0,0.7,107.18,0.71,147.96,0.3,107.18,0.29,147.96,0.31,11.35,0.32,15.0,0.01,0.01,2341.312765,1776355255000
1776355257.079,57.079,0.69,8.1,0.68,10.0,0.7,133.18,0.71,243.23,0.3,118.18,0.29,172.96,0.31,4.1,0.32,10.0,0.01,0.01,2341.312765,1776355255000
1776355258.056,58.056,0.67,50.54,0.66,7.05,0.68,130.0,0.69,115.5,0.32,148.32,0.31,140.5,0.33,51.54,0.34,7.05,0.01,0.01,2341.29576,1776355256000
1776355259.056,59.056,0.67,55.54,0.66,7.05,0.68,158.26,0.69,157.3,0.32,130.0,0.31,115.5,0.33,50.54,0.34,7.05,0.01,0.01,2341.241954,1776355257000
1776355259.613,59.613,0.67,5.54,0.66,7.05,0.68,176.0,0.69,157.3,0.32,158.26,0.31,157.3,0.33,55.54,0.34,7.05,0.01,0.01,2341.230697,1776355258000
1776355260.34,60.34,0.66,7.05,0.65,25.5,0.67,97.4,0.68,156.5,0.32,176.0,0.31,157.3,0.34,7.05,0.35,15.0,0.01,0.02,2341.00211,1776355259000
1776355260.793,60.793,0.67,57.2,0.66,78.55,0.69,126.8,0.7,90.68,0.33,66.5,0.32,156.5,0.34,27.05,0.35,25.5,0.02,0.01,2341.00211,1776355259000
1776355261.389,61.389,0.68,10.0,0.67,10.0,0.69,140.06,0.7,123.18,0.31,126.8,0.3,90.68,0.33,57.2,0.34,78.55,0.01,0.02,2341.00211,1776355259000
1776355261.673,61.673,0.67,10.62,0.66,7.05,0.68,283.5,0.69,151.86,0.31,135.06,0.3,123.18,0.33,10.0,0.34,7.05,0.01,0.02,2340.99297,1776355260000
1776355262.923,62.923,0.67,15.62,0.66,12.05,0.68,212.04,0.69,141.36,0.32,278.02,0.31,151.86,0.33,10.62,0.34,7.05,0.01,0.01,2340.956032,1776355261000
1776355263.759,63.759,0.67,4.55,0.66,12.05,0.68,226.5,0.69,151.86,0.32,212.04,0.31,141.36,0.33,15.62,0.34,12.05,0.01,0.01,2341.136242,1776355262000
1776355264.055,64.055,0.67,28.79,0.66,12.05,0.68,226.5,0.69,141.36,0.32,226.5,0.31,151.86,0.33,4.55,0.34,12.05,0.01,0.01,2341.136242,1776355262000
1776355264.754,64.754,0.67,24.79,0.66,7.05,0.68,271.5,0.69,156.86,0.32,226.5,0.31,141.36,0.33,28.79,0.34,12.05,0.01,0.01,2341.08949,1776355263000
1776355265.275,65.275,0.67,18.79,0.66,7.05,0.68,178.01,0.69,156.86,0.32,271.5,0.31,156.86,0.33,18.79,0.34,7.05,0.01,0.01,2341.08949,1776355263000
1776355265.636,65.636,0.63,20.5,0.62,15.0,0.68,217.51,0.69,226.86,0.32,178.01,0.31,156.86,0.33,18.79,0.34,7.05,0.05,0.01,2341.042995,1776355264000
1776355265.999,65.999,0.63,20.5,0.62,25.5,0.64,15.0,0.65,140.0,0.35,135.0,0.34,152.32,0.36,5.0,0.37,20.5,0.01,0.01,2341.042995,1776355264000
1776355266.272,66.272,0.64,21.72,0.63,37.0,0.65,105.0,0.66,100.0,0.36,15.0,0.35,140.0,0.37,20.5,0.38,25.5,0.01,0.01,2341.032575,1776355265000
1776355266.566,66.566,0.66,25.2,0.65,25.5,0.67,5.0,0.68,78.01,0.35,92.75,0.34,100.0,0.36,21.72,0.37,37.0,0.01,0.01,2341.032575,1776355265000
1776355266.865,66.865,0.67,33.36,0.66,15.0,0.68,81.53,0.69,67.3,0.32,83.01,0.31,67.3,0.33,23.36,0.34,25.2,0.01,0.01,2341.032575,1776355265000
1776355267.198,67.198,0.67,18.24,0.66,25.5,0.68,46.53,0.69,26.8,0.32,81.53,0.31,67.3,0.33,17.61,0.34,15.0,0.01,0.01,2341.032575,1776355265000
1776355267.649,67.649,0.67,62.94,0.66,25.5,0.68,24.03,0.69,21.8,0.32,24.03,0.31,31.8,0.33,67.94,0.34,25.5,0.01,0.01,2340.9874,1776355266000
1776355268.157,68.157,0.67,35.74,0.66,25.5,0.68,18.03,0.69,21.8,0.32,18.03,0.31,21.8,0.33,62.94,0.34,25.5,0.01,0.01,2340.9874,1776355266000
1776355269.58,69.58,0.67,36.64,0.66,25.5,0.7,47.1,0.71,62.46,0.32,18.03,0.31,21.8,0.33,26.64,0.34,25.5,0.03,0.01,2341.01007,1776355268000
1776355271.513,71.513,0.69,4.0,0.68,10.0,0.7,30.0,0.71,82.96,0.3,47.1,0.29,62.46,0.33,36.64,0.34,25.5,0.01,0.03,2341.203263,1776355270000
1776355271.826,71.826,0.68,4.0,0.67,79.23,0.69,1.0,0.7,35.0,0.3,30.0,0.29,82.96,0.32,4.0,0.33,79.23,0.01,0.02,2341.203263,1776355270000
1776355272.144,72.144,0.67,59.73,0.66,15.0,0.68,35.0,0.69,45.5,0.31,1.0,0.3,35.0,0.32,4.0,0.33,79.23,0.01,0.01,2341.203263,1776355270000
1776355274.159,74.159,0.67,35.18,0.64,11.0,0.69,99.3,0.7,52.6,0.31,35.0,0.3,67.6,0.32,15.0,0.33,78.73,0.02,0.01,2341.04343,1776355273000
1776355274.412,74.412,0.67,13.18,0.65,7.0,0.68,62.09,0.69,119.3,0.31,99.3,0.3,52.6,0.33,13.18,0.36,6.0,0.01,0.02,2341.04343,1776355273000
1776355274.65,74.65,0.67,3.18,0.65,7.0,0.68,176.09,0.69,74.3,0.32,62.09,0.31,119.3,0.33,13.18,0.35,7.0,0.01,0.01,2341.04343,1776355273000
1776355275.21,75.21,0.65,5.18,0.63,5.5,0.68,199.59,0.69,72.3,0.32,176.09,0.31,74.3,0.33,3.18,0.35,7.0,0.03,0.01,2340.922943,1776355274000
1776355275.734,75.734,0.61,5.0,0.6,5.0,0.64,176.5,0.65,125.5,0.33,80.0,0.32,229.59,0.37,5.5,0.38,5.0,0.03,0.04,2340.922943,1776355274000
1776355276.1,76.1,0.57,3.62,0.56,5.0,0.59,45.0,0.6,40.0,0.4,40.0,0.39,40.0,0.42,12.09,0.43,5.0,0.02,0.02,2340.922943,1776355274000
1776355276.757,76.757,0.56,11.54,0.55,5.0,0.58,69.0,0.59,40.5,0.41,45.0,0.4,40.0,0.43,3.62,0.44,5.0,0.02,0.02,2340.418692,1776355275000
1776355277.069,77.069,0.55,10.0,0.54,11.0,0.57,10.0,0.58,10.0,0.41,36.17,0.4,115.5,0.44,1.54,0.45,5.0,0.02,0.03,2340.279662,1776355276000
1776355277.402,77.402,0.55,16.67,0.54,11.0,0.56,10.0,0.57,10.0,0.43,10.0,0.42,10.0,0.45,10.0,0.46,11.0,0.01,0.02,2340.279662,1776355276000
1776355277.71,77.71,0.55,12.75,0.54,5.0,0.56,50.0,0.57,15.0,0.44,10.0,0.43,10.0,0.45,16.67,0.46,11.0,0.01,0.01,2340.279662,1776355276000
1776355278.144,78.144,0.53,5.0,0.52,15.5,0.56,130.5,0.57,30.5,0.44,50.0,0.43,15.0,0.45,12.75,0.46,5.0,0.03,0.01,2340.078077,1776355277000
1776355278.453,78.453,0.51,4.57,0.5,5.0,0.54,15.5,0.55,10.5,0.44,130.5,0.43,30.5,0.47,5.0,0.48,15.5,0.03,0.03,2340.078077,1776355277000
1776355279.274,79.274,0.51,31.5,0.5,15.5,0.52,128.7,0.53,185.0,0.46,8.7,0.45,88.5,0.52,38.47,0.53,130.0,0.01,0.06,2339.867968,1776355278000
1776355279.578,79.578,0.51,11.58,0.5,15.5,0.52,128.7,0.53,185.0,0.48,128.7,0.47,185.0,0.49,31.5,0.5,15.5,0.01,0.01,2339.867968,1776355278000
1776355279.896,79.896,0.51,7.66,0.5,15.5,0.52,128.7,0.53,185.0,0.48,128.7,0.47,185.0,0.49,11.58,0.5,15.5,0.01,0.01,2339.867968,1776355278000
1776355280.155,80.155,0.51,2.66,0.5,15.5,0.52,144.7,0.53,185.0,0.48,128.7,0.47,185.0,0.49,7.66,0.5,15.5,0.01,0.01,2339.867968,1776355278000
1776355280.819,80.819,0.5,10.5,0.49,10.5,0.51,129.2,0.52,136.5,0.48,144.7,0.47,185.0,0.49,2.66,0.5,15.5,0.01,0.01,2339.707629,1776355279000
1776355281.228,81.228,0.44,5.0,0.43,12.0,0.48,110.0,0.49,115.0,0.52,10.0,0.51,120.0,0.53,4.85,0.54,15.87,0.04,0.01,2339.707629,1776355279000
1776355281.608,81.608,0.46,5.0,0.45,15.5,0.48,126.0,0.49,120.0,0.52,129.2,0.51,115.0,0.54,10.5,0.55,15.5,0.02,0.02,2339.707629,1776355279000
1776355282.006,82.006,0.46,1.14,0.45,15.5,0.48,110.0,0.49,120.0,0.52,126.0,0.51,120.0,0.54,5.0,0.55,15.5,0.02,0.02,2339.707629,1776355279000
1776355282.214,82.214,0.45,15.5,0.44,5.0,0.47,110.0,0.48,110.0,0.52,110.0,0.51,120.0,0.54,1.14,0.55,15.5,0.02,0.02,2339.378281,1776355280000
1776355282.515,82.515,0.45,1.14,0.44,15.5,0.46,110.0,0.47,115.0,0.53,110.0,0.52,110.0,0.55,15.5,0.56,5.0,0.01,0.02,2339.378281,1776355280000
1776355283.251,83.251,0.44,15.5,0.43,12.0,0.46,110.0,0.47,115.0,0.54,110.0,0.53,115.0,0.55,1.14,0.56,15.5,0.02,0.01,2339.345456,1776355281000
1776355283.581,83.581,0.44,3.5,0.43,12.0,0.45,10.0,0.46,110.0,0.54,110.0,0.53,115.0,0.56,15.5,0.57,12.0,0.01,0.02,2339.345456,1776355281000
1776355284.038,84.038,0.42,25.88,0.41,35.0,0.44,16.0,0.45,15.0,0.55,10.0,0.54,110.0,0.56,3.5,0.57,12.0,0.02,0.01,2339.195363,1776355282000
1776355284.265,84.265,0.43,3.56,0.42,32.25,0.45,15.0,0.46,115.0,0.55,15.0,0.54,115.0,0.57,7.0,0.58,25.88,0.02,0.02,2339.070221,1776355283000
1776355285.071,85.071,0.43,7.0,0.42,31.88,0.44,12.44,0.45,15.0,0.55,10.0,0.54,115.0,0.58,31.88,0.59,35.0,0.01,0.03,2339.070221,1776355283000
1776355285.652,85.652,0.43,11.61,0.42,25.51,0.44,17.44,0.45,15.0,0.56,12.44,0.55,15.0,0.57,7.0,0.58,31.88,0.01,0.01,2339.070221,1776355283000
1776355285.893,85.893,0.43,11.61,0.42,25.51,0.44,7.44,0.45,10.0,0.56,17.44,0.55,15.0,0.57,11.61,0.58,25.51,0.01,0.01,2339.070221,1776355283000
1776355286.5,86.5,0.43,157.89,0.42,81.64,0.46,4.59,0.47,10.0,0.56,8.98,0.55,10.0,0.57,11.61,0.58,25.51,0.03,0.01,2338.994847,1776355285000
1776355286.775,86.775,0.47,2.33,0.46,80.87,0.48,7.44,0.49,22.0,0.52,7.44,0.51,27.0,0.53,10.64,0.54,10.87,0.01,0.01,2338.994847,1776355285000
1776355287.411,87.411,0.47,47.01,0.46,156.74,0.49,16.0,0.5,10.0,0.52,17.44,0.51,16.0,0.53,1.64,0.54,91.74,0.02,0.01,2338.994847,1776355285000
1776355289.203,89.203,0.46,5.0,0.45,30.0,0.47,5.74,0.48,39.2,0.49,114.37,0.48,121.0,0.52,5.0,0.53,130.12,0.01,0.03,2339.074047,1776355287000
1776355291.463,91.463,0.5,58.37,0.49,110.0,0.53,1.96,0.54,10.0,0.53,24.94,0.52,20.0,0.54,3.14,0.55,30.0,0.03,0.01,2339.452334,1776355289000
1776355291.937,91.937,0.52,10.0,0.51,15.0,0.53,6.0,0.54,101.11,0.46,83.61,0.45,74.9,0.47,9.44,0.48,9.62,0.01,0.01,2339.292883,1776355290000
1776355292.197,92.197,0.49,9.46,0.48,135.5,0.53,10.0,0.54,101.11,0.47,10.0,0.46,101.11,0.48,23.38,0.49,15.0,0.04,0.01,2339.292883,1776355290000
1776355294.0,94.0,0.52,45.0,0.51,40.0,0.54,10.5,0.55,92.4,0.47,10.0,0.46,101.11,0.51,9.46,0.52,135.5,0.02,0.04,2339.527854,1776355292000
1776355294.572,94.572,0.54,65.0,0.53,110.0,0.57,11.5,0.58,112.0,0.46,10.5,0.45,92.4,0.48,45.0,0.49,40.0,0.03,0.02,2339.711029,1776355293000
1776355295.621,95.621,0.58,166.0,0.57,30.0,0.59,3.23,0.6,5.0,0.43,11.5,0.42,112.0,0.46,65.0,0.47,110.0,0.01,0.03,2339.711029,1776355294000
1776355296.023,96.023,0.58,147.7,0.57,40.0,0.63,12.0,0.64,5.0,0.41,3.23,0.4,5.0,0.42,166.0,0.43,30.0,0.05,0.01,2339.711029,1776355294000
1776355296.362,96.362,0.61,95.2,0.6,100.0,0.62,1.51,0.63,15.5,0.37,12.0,0.36,5.0,0.42,147.7,0.43,40.0,0.01,0.05,2339.711029,1776355294000
1776355297.282,97.282,0.62,90.0,0.61,40.0,0.66,163.0,0.67,116.0,0.38,1.51,0.37,15.5,0.39,95.2,0.4,100.0,0.04,0.01,2340.090617,1776355296000
1776355297.85,97.85,0.63,53.57,0.62,15.0,0.64,15.5,0.65,10.5,0.34,163.0,0.33,116.0,0.38,90.0,0.39,40.0,0.01,0.04,2340.090617,1776355296000
1776355298.189,98.189,0.63,53.57,0.62,15.0,0.65,10.5,0.66,163.0,0.36,15.5,0.35,10.5,0.37,53.57,0.38,15.0,0.02,0.01,2340.090617,1776355296000
1776355298.775,98.775,0.65,123.0,0.64,40.0,0.66,12.01,0.67,26.5,0.35,10.5,0.34,163.0,0.37,53.57,0.38,15.0,0.01,0.02,2340.563213,1776355297000
1776355299.174,99.174,0.65,26.0,0.64,10.0,0.66,26.7,0.67,135.5,0.34,12.01,0.33,26.5,0.35,123.0,0.36,40.0,0.01,0.01,2340.670118,1776355298000
1776355299.642,99.642,0.65,10.0,0.64,71.0,0.66,5.0,0.67,31.5,0.34,26.7,0.33,35.5,0.36,10.0,0.37,67.57,0.01,0.02,2340.670118,1776355298000
1776355299.859,99.859,0.65,31.0,0.64,15.0,0.68,113.0,0.69,105.0,0.34,5.0,0.33,31.5,0.35,10.0,0.36,71.0,0.03,0.01,2340.670118,1776355298000
1776355300.514,100.514,0.65,6.65,0.64,20.0,0.66,193.0,0.67,108.3,0.33,8.3,0.32,113.0,0.35,31.0,0.36,25.0,0.01,0.02,2340.815148,1776355299000
1776355301.147,101.147,0.64,15.0,0.63,53.07,0.66,119.0,0.67,108.3,0.35,13.3,0.34,169.0,0.36,15.0,0.37,42.57,0.02,0.01,2340.8435,1776355300000
1776355301.533,101.533,0.64,66.05,0.63,29.22,0.65,130.5,0.66,169.0,0.34,119.0,0.33,108.3,0.36,15.0,0.37,53.07,0.01,0.02,2340.8435,1776355300000
1776355302.165,102.165,0.65,9.8,0.64,76.05,0.66,110.0,0.67,117.3,0.35,130.5,0.34,169.0,0.36,61.05,0.37,29.22,0.01,0.01,2340.8435,1776355300000
1776355302.549,102.549,0.65,64.8,0.64,116.55,0.66,9.5,0.67,13.3,0.34,110.0,0.33,117.3,0.35,9.8,0.36,76.05,0.01,0.01,2340.849545,1776355301000
1776355303.321,103.321,0.66,59.7,0.65,30.3,0.68,117.89,0.69,105.0,0.34,9.5,0.33,13.3,0.35,64.8,0.36,116.55,0.02,0.01,2340.81931,1776355302000
1776355306.442,106.442,0.66,10.0,0.65,9.8,0.68,108.89,0.69,105.0,0.32,117.89,0.31,105.0,0.34,59.7,0.35,30.3,0.02,0.02,2340.940218,1776355304000
1776355306.674,106.674,0.64,70.56,0.63,29.72,0.66,126.5,0.67,150.5,0.33,141.5,0.32,108.89,0.35,1.51,0.36,71.05,0.02,0.02,2340.966932,1776355305000
1776355308.469,108.469,0.64,10.0,0.63,40.72,0.65,17.65,0.66,26.5,0.34,126.5,0.33,150.5,0.36,70.56,0.37,29.72,0.01,0.02,2340.905695,1776355307000
1776355309.433,109.433,0.64,15.87,0.63,10.0,0.65,165.65,0.66,241.5,0.35,17.65,0.34,26.5,0.36,10.0,0.37,40.72,0.01,0.01,2340.905695,1776355307000
1776355310.723,110.723,0.56,9.56,0.55,15.5,0.57,120.0,0.58,120.5,0.39,110.0,0.38,105.0,0.42,15.0,0.43,25.5,0.01,0.03,2340.71841,1776355309000
1776355311.753,111.753,0.6,62.27,0.59,59.7,0.61,10.0,0.62,10.0,0.43,120.0,0.42,120.5,0.44,9.56,0.45,15.5,0.01,0.01,2340.558991,1776355310000
1776355311.971,111.971,0.61,60.5,0.6,178.47,0.63,10.0,0.64,10.0,0.38,0.97,0.37,10.0,0.39,45.5,0.4,258.47,0.02,0.01,2340.558991,1776355310000
1776355313.077,113.077,0.67,26.5,0.66,52.11,0.68,97.64,0.69,115.5,0.33,1.01,0.32,15.0,0.34,18.57,0.35,5.0,0.01,0.01,2340.24434,1776355311000
1776355314.798,114.798,0.67,55.5,0.66,47.11,0.69,102.0,0.7,122.16,0.32,97.64,0.31,115.5,0.33,26.5,0.34,52.11,0.02,0.01,2340.714067,1776355313000
1776355315.695,115.695,0.68,60.5,0.67,25.5,0.69,69.1,0.7,127.16,0.31,102.0,0.3,122.16,0.33,55.5,0.34,47.11,0.01,0.02,2341.03691,1776355314000
1776355316.269,116.269,0.69,227.7,0.68,195.5,0.7,3.17,0.71,14.96,0.31,69.1,0.3,127.16,0.32,60.5,0.33,25.5,0.01,0.01,2341.03691,1776355314000
1776355316.628,116.628,0.7,174.5,0.69,130.5,0.71,2.42,0.72,5.0,0.29,7.5,0.28,5.0,0.3,25.5,0.31,232.7,0.01,0.01,2341.207726,1776355315000
1776355317.071,117.071,0.7,198.7,0.69,130.5,0.72,13.0,0.73,15.5,0.29,2.42,0.28,5.0,0.3,174.5,0.31,130.5,0.02,0.01,2341.239315,1776355316000
1776355317.379,117.379,0.71,6.0,0.7,139.5,0.72,13.0,0.73,15.5,0.28,13.0,0.27,15.5,0.3,198.7,0.31,130.5,0.01,0.02,2341.239315,1776355316000
1776355317.616,117.616,0.71,6.0,0.7,139.5,0.72,6.05,0.73,15.5,0.28,13.0,0.27,15.5,0.29,6.0,0.3,139.5,0.01,0.01,2341.239315,1776355316000
1776355318.019,118.019,0.71,221.5,0.7,165.5,0.72,0.56,0.76,24.7,0.28,0.56,0.27,15.5,0.29,6.0,0.3,139.5,0.01,0.01,2341.239315,1776355316000
1776355318.381,118.381,0.74,199.5,0.73,131.5,0.76,10.02,0.77,35.8,0.24,20.02,0.23,25.3,0.29,285.5,0.3,155.5,0.02,0.05,2341.26703,1776355317000
1776355318.642,118.642,0.76,46.0,0.75,134.7,0.77,24.0,0.78,36.5,0.24,10.02,0.23,35.8,0.26,199.5,0.27,131.5,0.01,0.02,2341.26703,1776355317000
1776355318.911,118.911,0.76,65.0,0.75,115.5,0.77,24.5,0.78,36.5,0.23,19.0,0.22,36.5,0.24,60.0,0.25,115.5,0.01,0.01,2341.26703,1776355317000
1776355319.142,119.142,0.76,65.0,0.75,115.5,0.77,4.0,0.78,36.5,0.23,24.5,0.22,36.5,0.24,65.0,0.25,115.5,0.01,0.01,2341.26703,1776355317000
1776355319.424,119.424,0.77,34.21,0.76,34.5,0.78,15.5,0.79,38.7,0.22,32.39,0.21,26.7,0.24,55.0,0.25,115.5,0.01,0.02,2341.498917,1776355318000
1776355319.653,119.653,0.77,46.21,0.76,34.5,0.78,14.21,0.79,38.7,0.22,15.5,0.21,38.7,0.23,34.21,0.24,34.5,0.01,0.01,2341.498917,1776355318000
1776355319.966,119.966,0.77,44.71,0.76,34.5,0.79,45.51,0.8,41.32,0.22,14.21,0.21,38.7,0.23,46.21,0.24,34.5,0.02,0.01,2341.498917,1776355318000
1776355320.351,120.351,0.77,49.71,0.76,44.5,0.79,10.85,0.8,52.32,0.22,1.71,0.21,45.51,0.23,56.71,0.24,44.5,0.02,0.01,2341.696763,1776355319000
1776355320.595,120.595,0.78,46.0,0.77,20.5,0.79,3.1,0.8,30.59,0.2,30.59,0.19,92.22,0.22,46.0,0.23,15.5,0.01,0.02,2341.696763,1776355319000
1776355320.9,120.9,0.78,14.0,0.77,15.5,0.8,30.59,0.81,92.22,0.21,3.1,0.2,30.59,0.22,46.0,0.23,20.5,0.02,0.01,2341.696763,1776355319000
1776355321.45,121.45,0.78,16.0,0.76,139.5,0.79,16.94,0.8,35.59,0.2,30.59,0.19,92.22,0.22,14.0,0.23,15.5,0.01,0.02,2342.11489,1776355320000
1776355321.793,121.793,0.76,7.75,0.74,5.0,0.77,17.0,0.78,15.5,0.19,91.75,0.18,29.4,0.22,16.0,0.24,139.5,0.01,0.03,2342.11489,1776355320000
1776355322.069,122.069,0.73,20.0,0.72,25.5,0.75,41.0,0.76,12.0,0.23,32.5,0.22,22.5,0.26,5.0,0.27,15.0,0.02,0.03,2342.11489,1776355320000
1776355322.66,122.66,0.74,5.0,0.73,10.5,0.75,3.82,0.76,160.0,0.25,17.0,0.24,72.0,0.27,6.6,0.28,30.5,0.01,0.02,2342.1989,1776355321000
1776355323.078,123.078,0.74,5.0,0.73,15.5,0.75,6.82,0.76,160.0,0.25,3.82,0.24,160.0,0.26,5.0,0.27,10.5,0.01,0.01,2342.20284,1776355322000
1776355323.807,123.807,0.74,1.23,0.71,5.0,0.75,28.32,0.76,160.5,0.25,6.82,0.24,160.0,0.26,5.0,0.27,15.5,0.01,0.01,2342.20284,1776355322000
1776355324.707,124.707,0.75,16.0,0.74,41.5,0.76,96.51,0.77,12.0,0.29,24.0,0.28,11.0,0.3,10.47,0.31,21.5,0.01,0.01,2341.95979,1776355323000
1776355325.17,125.17,0.75,70.7,0.74,21.5,0.78,18.96,0.79,111.51,0.24,96.51,0.23,12.0,0.25,16.0,0.26,41.5,0.03,0.01,2341.95979,1776355323000
1776355326.101,126.101,0.75,15.5,0.74,31.5,0.77,7.87,0.79,12.0,0.2,38.34,0.19,102.93,0.25,70.7,0.26,31.5,0.02,0.05,2341.75571,1776355324000
1776355326.523,126.523,0.75,46.5,0.74,31.5,0.76,5.65,0.79,12.0,0.23,7.87,0.21,12.0,0.25,15.5,0.26,31.5,0.01,0.02,2341.58662,1776355325000
1776355326.743,126.743,0.75,26.5,0.74,31.5,0.79,5.43,0.8,48.84,0.24,5.65,0.21,12.0,0.25,46.5,0.26,31.5,0.04,0.01,2341.58662,1776355325000
1776355327.06,127.06,0.75,26.5,0.74,10.0,0.78,120.5,0.79,115.93,0.21,5.43,0.2,48.84,0.27,94.29,0.28,121.5,0.03,0.06,2341.58662,1776355325000
1776355327.486,127.486,0.76,30.5,0.75,26.5,0.77,95.5,0.78,110.0,0.23,105.0,0.22,120.5,0.24,10.0,0.25,26.5,0.01,0.01,2341.866561,1776355326000
1776355327.745,127.745,0.76,21.0,0.75,15.5,0.78,15.5,0.79,110.5,0.23,95.5,0.22,110.0,0.24,30.5,0.25,26.5,0.02,0.01,2341.866561,1776355326000
1776355328.376,128.376,0.77,20.0,0.76,5.0,0.78,32.5,0.79,127.5,0.22,15.5,0.21,110.5,0.24,21.0,0.25,15.5,0.01,0.02,2341.876871,1776355327000
1776355328.583,128.583,0.75,46.0,0.74,21.5,0.78,44.5,0.79,115.5,0.22,44.5,0.21,115.5,0.24,1.0,0.25,48.0,0.03,0.02,2341.876871,1776355327000
1776355328.9,128.9,0.75,70.91,0.74,15.5,0.76,5.0,0.77,22.5,0.22,44.5,0.21,115.5,0.25,46.0,0.26,21.5,0.01,0.03,2341.882243,1776355328000
1776355329.886,129.886,0.75,72.0,0.74,5.0,0.76,22.0,0.77,22.5,0.24,5.0,0.23,22.5,0.25,70.91,0.26,15.5,0.01,0.01,2341.882243,1776355328000
1776355330.23,130.23,0.75,39.0,0.74,5.0,0.76,34.5,0.77,33.5,0.24,22.0,0.23,22.5,0.25,72.0,0.26,5.0,0.01,0.01,2341.882243,1776355328000
1776355331.091,131.091,0.71,17.0,0.7,15.47,0.76,90.5,0.77,285.58,0.24,34.5,0.23,33.5,0.25,30.0,0.26,5.0,0.05,0.01,2341.846935,1776355330000
1776355331.653,131.653,0.71,21.5,0.7,15.47,0.73,4.15,0.74,20.5,0.27,17.22,0.26,20.5,0.29,11.0,0.3,15.47,0.02,0.02,2341.846935,1776355330000
1776355333.477,133.477,0.75,25.0,0.74,21.5,0.77,22.01,0.78,5.0,0.27,4.15,0.26,20.5,0.29,21.5,0.3,15.47,0.02,0.02,2341.525457,1776355332000
1776355333.857,133.857,0.76,13.2,0.75,5.0,0.77,12.01,0.78,16.0,0.23,22.01,0.22,5.0,0.25,25.0,0.26,21.5,0.01,0.02,2341.525457,1776355332000
1776355334.314,134.314,0.7,218.51,0.69,150.5,0.77,12.01,0.78,57.94,0.23,12.01,0.22,16.0,0.24,12.93,0.25,5.0,0.07,0.01,2341.525457,1776355332000
1776355335.305,135.305,0.75,25.0,0.74,11.0,0.76,97.0,0.77,110.5,0.23,12.01,0.22,57.94,0.3,218.51,0.31,150.5,0.01,0.07,2341.267421,1776355334000
1776355335.642,135.642,0.75,42.0,0.74,5.0,0.76,95.0,0.77,105.0,0.24,97.0,0.23,110.5,0.25,25.0,0.26,11.0,0.01,0.01,2341.267421,1776355334000
1776355336.608,136.608,0.78,162.5,0.77,40.5,0.79,97.0,0.81,13.82,0.24,101.42,0.23,115.5,0.25,26.0,0.26,5.0,0.01,0.01,2341.668245,1776355335000
1776355337.038,137.038,0.83,45.0,0.82,15.5,0.85,99.0,0.86,165.5,0.16,100.0,0.15,105.0,0.22,220.5,0.23,40.5,0.02,0.06,2341.668245,1776355335000
1776355337.432,137.432,0.84,17.0,0.83,15.0,0.85,102.82,0.86,165.5,0.15,97.82,0.14,165.5,0.16,7.0,0.17,5.0,0.01,0.01,2341.754155,1776355336000
1776355337.859,137.859,0.81,7.23,0.8,83.75,0.85,146.32,0.86,165.5,0.15,102.82,0.14,165.5,0.16,17.0,0.17,15.0,0.04,0.01,2341.754155,1776355336000
1776355338.831,138.831,0.82,15.0,0.81,7.23,0.83,102.95,0.84,105.0,0.15,146.32,0.14,165.5,0.19,7.23,0.2,83.75,0.01,0.04,2341.780627,1776355337000
1776355339.499,139.499,0.82,15.0,0.81,7.23,0.83,93.48,0.84,105.0,0.17,102.95,0.16,105.0,0.18,15.0,0.19,7.23,0.01,0.01,2342.979249,1776355338000
1776355339.723,139.723,0.81,5.0,0.8,34.25,0.82,99.0,0.83,118.48,0.17,93.48,0.16,105.0,0.18,15.0,0.19,7.23,0.01,0.01,2342.979249,1776355338000
1776355340.059,140.059,0.78,102.7,0.77,30.0,0.82,99.0,0.83,98.48,0.18,99.0,0.17,118.48,0.19,5.0,0.2,34.25,0.04,0.01,2342.979249,1776355338000
1776355340.707,140.707,0.82,36.0,0.81,75.0,0.83,85.29,0.84,100.0,0.18,38.02,0.17,98.48,0.22,107.5,0.23,60.0,0.01,0.04,2342.925095,1776355339000
1776355340.915,140.915,0.82,30.0,0.81,75.0,0.84,97.61,0.85,113.32,0.17,80.24,0.16,100.0,0.18,61.0,0.19,75.0,0.02,0.01,2342.925095,1776355339000
1776355341.4,141.4,0.82,10.0,0.81,75.0,0.83,96.9,0.84,102.61,0.17,115.0,0.16,102.61,0.18,5.0,0.19,75.0,0.01,0.01,2342.926858,1776355340000
1776355342.168,142.168,0.81,127.39,0.8,10.0,0.82,5.0,0.83,96.9,0.17,96.9,0.16,102.61,0.18,10.0,0.19,75.0,0.01,0.01,2342.926858,1776355340000
1776355342.424,142.424,0.81,64.19,0.8,10.0,0.83,96.9,0.84,113.11,0.18,5.0,0.17,96.9,0.19,127.39,0.2,10.0,0.02,0.01,2342.89224,1776355341000
1776355342.67,142.67,0.81,72.69,0.8,10.0,0.82,71.93,0.83,96.9,0.18,103.78,0.17,96.9,0.19,62.69,0.2,10.0,0.01,0.01,2342.89224,1776355341000
1776355343.195,143.195,0.81,23.78,0.8,10.0,0.82,100.0,0.83,96.9,0.17,96.9,0.16,113.11,0.19,30.58,0.2,10.0,0.01,0.02,2342.89224,1776355341000
1776355343.405,143.405,0.81,23.78,0.8,5.0,0.82,90.0,0.83,96.9,0.18,100.0,0.17,96.9,0.19,23.78,0.2,10.0,0.01,0.01,2342.993468,1776355342000
1776355343.643,143.643,0.81,17.28,0.8,5.0,0.82,118.48,0.83,107.4,0.18,114.0,0.17,107.4,0.19,17.28,0.2,5.0,0.01,0.01,2342.993468,1776355342000
1776355346.378,146.378,0.8,5.0,0.79,10.0,0.81,119.76,0.82,88.98,0.18,103.98,0.17,107.4,0.2,5.0,0.21,5.0,0.01,0.02,2342.73,1776355345000
1776355347.115,147.115,0.8,5.0,0.79,10.0,0.81,79.16,0.82,88.98,0.19,119.76,0.18,88.98,0.2,5.0,0.21,10.0,0.01,0.01,2342.639084,1776355346000
1776355347.602,147.602,0.79,10.0,0.78,76.77,0.81,129.66,0.82,99.48,0.19,79.16,0.18,88.98,0.2,5.0,0.21,10.0,0.02,0.01,2342.639084,1776355346000
1776355347.891,147.891,0.78,5.0,0.75,5.0,0.8,155.5,0.81,139.66,0.19,129.66,0.18,99.48,0.21,10.0,0.22,76.77,0.02,0.02,2342.639084,1776355346000
1776355348.243,148.243,0.73,1.12,0.72,110.5,0.77,105.0,0.78,122.5,0.2,131.5,0.19,139.66,0.25,1.12,0.26,5.0,0.04,0.05,2342.666696,1776355347000
1776355348.856,148.856,0.72,70.0,0.71,5.0,0.73,36.0,0.74,100.0,0.23,105.0,0.22,122.5,0.27,1.12,0.28,110.5,0.01,0.04,2342.666696,1776355347000
1776355349.181,149.181,0.72,69.82,0.71,5.0,0.73,100.0,0.74,105.0,0.27,36.0,0.26,100.0,0.28,70.0,0.29,5.0,0.01,0.01,2342.660359,1776355348000
1776355349.645,149.645,0.72,115.82,0.71,5.0,0.73,94.9,0.74,105.0,0.27,100.0,0.26,105.0,0.28,69.82,0.29,5.0,0.01,0.01,2342.660359,1776355348000
1776355350.239,150.239,0.72,115.82,0.71,59.19,0.73,88.06,0.74,105.0,0.27,94.9,0.26,105.0,0.28,115.82,0.29,5.0,0.01,0.01,2342.225442,1776355349000
1776355350.494,150.494,0.72,69.82,0.71,59.19,0.73,78.06,0.74,105.0,0.27,88.06,0.26,105.0,0.28,115.82,0.29,59.19,0.01,0.01,2342.225442,1776355349000
1776355350.902,150.902,0.72,69.82,0.71,159.19,0.75,15.5,0.76,20.5,0.27,78.06,0.26,105.0,0.28,69.82,0.29,59.19,0.03,0.01,2342.225442,1776355349000
1776355351.372,151.372,0.73,42.41,0.72,69.82,0.74,11.0,0.75,15.5,0.25,15.5,0.24,20.5,0.28,69.82,0.29,159.19,0.01,0.03,2341.948426,1776355350000
1776355352.764,152.764,0.75,50.0,0.74,111.0,0.76,5.0,0.77,5.0,0.26,11.0,0.25,15.5,0.27,42.41,0.28,69.82,0.01,0.01,2341.749872,1776355351000
1776355353.279,153.279,0.78,16.0,0.77,5.0,0.8,10.4,0.81,18.82,0.21,13.45,0.2,29.32,0.24,5.0,0.25,123.2,0.02,0.03,2341.739537,1776355352000
1776355354.504,154.504,0.75,30.57,0.74,11.0,0.8,17.48,0.81,105.25,0.2,10.4,0.19,18.82,0.22,16.0,0.23,5.0,0.05,0.02,2341.755584,1776355353000
1776355357.36,157.36,0.77,25.0,0.76,15.5,0.78,10.5,0.79,10.5,0.2,17.48,0.19,105.25,0.25,30.57,0.26,11.0,0.01,0.05,2341.934454,1776355355000
1776355358.194,158.194,0.77,25.0,0.76,5.0,0.78,4.17,0.79,10.5,0.22,10.5,0.21,10.5,0.23,25.0,0.24,15.5,0.01,0.01,2341.919515,1776355356000
1776355358.5,158.5,0.77,30.0,0.76,5.0,0.79,15.5,0.8,5.0,0.22,4.17,0.21,10.5,0.23,25.0,0.24,5.0,0.02,0.01,2341.96149,1776355357000
1776355359.595,159.595,0.8,93.0,0.79,5.0,0.81,5.5,0.82,75.0,0.21,15.5,0.2,5.0,0.23,30.0,0.24,5.0,0.01,0.02,2342.044917,1776355358000
1776355360.889,160.889,0.81,26.0,0.8,5.0,0.82,71.04,0.83,15.5,0.19,5.5,0.18,75.0,0.2,93.0,0.21,5.0,0.01,0.01,2341.931946,1776355359000
1776355363.458,163.458,0.82,38.0,0.81,5.0,0.83,9.47,0.84,5.0,0.18,71.04,0.17,15.5,0.19,26.0,0.2,5.0,0.01,0.01,2342.23436,1776355362000
1776355363.68,163.68,0.82,43.0,0.81,5.0,0.83,1.18,0.84,15.5,0.17,1.37,0.16,5.0,0.18,38.0,0.19,5.0,0.01,0.01,2342.23436,1776355362000
1776355364.16,164.16,0.82,20.0,0.81,7.0,0.83,2.4,0.84,15.5,0.17,1.18,0.16,15.5,0.18,43.0,0.19,5.0,0.01,0.01,2342.23436,1776355362000
1776355365.049,165.049,0.81,0.2,0.8,5.0,0.82,26.0,0.83,10.5,0.17,2.4,0.16,15.5,0.19,7.0,0.2,5.0,0.01,0.02,2342.315425,1776355363000
1776355365.391,165.391,0.79,3.7,0.78,15.5,0.82,10.0,0.83,10.5,0.18,26.0,0.17,10.5,0.19,0.2,0.2,5.0,0.03,0.01,2342.324785,1776355364000
1776355366.12,166.12,0.8,5.0,0.79,14.2,0.82,4.81,0.83,15.5,0.18,10.0,0.17,10.5,0.21,3.7,0.22,15.5,0.02,0.03,2342.324785,1776355364000
1776355366.403,166.403,0.8,5.0,0.79,2.5,0.83,15.31,0.84,30.5,0.18,4.81,0.17,15.5,0.21,13.0,0.22,15.5,0.03,0.03,2342.296983,1776355365000
1776355367.621,167.621,0.77,5.0,0.76,15.5,0.79,14.6,0.8,5.0,0.17,29.31,0.16,15.5,0.21,1.5,0.22,15.5,0.02,0.04,2342.173707,1776355366000
1776355371.705,171.705,0.77,8.1,0.76,115.5,0.8,5.0,0.81,15.5,0.21,14.6,0.2,5.0,0.23,5.0,0.24,15.5,0.03,0.02,2342.023561,1776355370000
1776355372.518,172.518,0.79,130.0,0.78,110.5,0.81,5.0,0.82,28.5,0.2,5.0,0.19,15.5,0.23,8.1,0.24,115.5,0.02,0.03,2342.023561,1776355370000
1776355375.025,175.025,0.79,100.0,0.78,100.0,0.81,11.54,0.82,20.5,0.19,5.0,0.18,28.5,0.21,130.0,0.22,110.5,0.02,0.02,2341.977085,1776355373000
1776355375.416,175.416,0.79,100.0,0.78,105.0,0.81,9.54,0.82,20.5,0.19,11.54,0.18,20.5,0.21,100.0,0.22,100.0,0.02,0.02,2341.977085,1776355373000
1776355377.076,177.076,0.78,100.0,0.77,105.0,0.79,23.93,0.8,5.0,0.19,9.54,0.18,20.5,0.21,100.0,0.22,105.0,0.01,0.02,2341.97215,1776355376000
1776355379.749,179.749,0.77,108.0,0.76,140.5,0.78,29.0,0.79,5.0,0.21,23.93,0.2,5.0,0.22,100.0,0.23,105.0,0.01,0.01,2341.8593,1776355378000
1776355380.184,180.184,0.76,38.5,0.75,66.07,0.79,5.0,0.8,15.5,0.22,5.0,0.21,5.0,0.24,38.5,0.25,66.07,0.03,0.02,2341.8593,1776355378000
1776355380.827,180.827,0.76,26.0,0.75,66.07,0.79,5.0,0.8,5.0,0.21,5.0,0.2,15.5,0.24,38.5,0.25,66.07,0.03,0.03,2341.79155,1776355379000
1776355381.082,181.082,0.76,26.0,0.75,66.07,0.8,1.81,0.81,120.5,0.2,3.86,0.19,115.5,0.24,26.0,0.25,66.07,0.04,0.04,2341.79155,1776355379000
1776355381.556,181.556,0.76,126.0,0.75,166.07,0.81,31.32,0.82,27.0,0.19,72.78,0.18,152.25,0.24,26.0,0.25,66.07,0.05,0.05,2341.783076,1776355380000
1776355382.398,182.398,0.76,238.0,0.75,166.07,0.81,31.32,0.82,27.0,0.19,31.32,0.18,27.0,0.24,126.0,0.25,166.07,0.05,0.05,2341.783076,1776355380000
1776355383.114,183.114,0.78,132.0,0.77,140.5,0.81,108.09,0.82,27.5,0.19,31.32,0.18,27.0,0.24,238.0,0.25,166.07,0.03,0.05,2341.61814,1776355381000
1776355383.355,183.355,0.75,125.57,0.74,105.0,0.77,63.5,0.78,70.0,0.19,108.09,0.18,27.5,0.22,132.0,0.23,140.5,0.02,0.03,2341.610346,1776355382000
1776355383.769,183.769,0.71,5.0,0.7,5.0,0.76,147.5,0.77,200.29,0.23,63.5,0.22,70.0,0.25,125.57,0.26,105.0,0.05,0.02,2341.610346,1776355382000
1776355385.297,185.297,0.7,15.5,0.69,13.66,0.72,120.92,0.73,5.0,0.28,63.05,0.27,5.0,0.31,13.66,0.32,5.0,0.02,0.03,2341.564916,1776355384000
1776355386.009,186.009,0.75,32.5,0.74,20.5,0.77,61.23,0.78,75.0,0.28,120.92,0.27,5.0,0.3,15.5,0.31,13.66,0.02,0.02,2341.127437,1776355385000
1776355386.274,186.274,0.77,21.0,0.76,37.5,0.78,70.0,0.79,5.0,0.22,74.9,0.21,5.0,0.24,49.5,0.25,32.5,0.01,0.02,2341.127437,1776355385000
1776355386.711,186.711,0.77,21.0,0.76,35.75,0.78,65.1,0.79,122.0,0.22,70.0,0.21,5.0,0.23,21.0,0.24,37.5,0.01,0.01,2341.127437,1776355385000
1776355387.098,187.098,0.78,120.5,0.77,130.5,0.81,83.61,0.82,75.0,0.22,65.1,0.21,122.0,0.23,21.0,0.24,35.75,0.03,0.01,2341.127437,1776355385000
1776355387.35,187.35,0.8,12.0,0.79,31.5,0.81,62.11,0.82,88.0,0.19,83.61,0.18,75.0,0.22,127.9,0.23,130.5,0.01,0.03,2341.127437,1776355385000
1776355387.824,187.824,0.81,15.5,0.8,52.5,0.82,67.0,0.84,18.0,0.19,62.11,0.18,88.0,0.2,12.0,0.21,31.5,0.01,0.01,2340.971979,1776355386000
1776355388.142,188.142,0.81,155.4,0.8,115.5,0.82,67.0,0.84,5.0,0.18,67.0,0.16,18.0,0.19,15.5,0.2,52.5,0.01,0.01,2340.971979,1776355386000
1776355388.661,188.661,0.82,20.5,0.81,176.5,0.87,16.0,0.88,75.0,0.18,67.0,0.16,5.0,0.19,155.4,0.2,115.5,0.05,0.01,2341.32679,1776355387000
1776355389.104,189.104,0.84,2.5,0.83,20.5,0.87,16.0,0.88,75.0,0.13,16.0,0.12,75.0,0.18,20.5,0.19,176.5,0.03,0.05,2341.32679,1776355387000
1776355389.503,189.503,0.85,5.0,0.84,15.5,0.87,8.03,0.88,75.0,0.13,16.0,0.12,75.0,0.16,2.5,0.17,20.5,0.02,0.03,2341.435675,1776355388000
1776355390.526,190.526,0.88,15.0,0.87,123.5,0.9,145.0,0.91,86.0,0.13,8.03,0.12,75.0,0.15,5.0,0.16,15.5,0.02,0.02,2341.435675,1776355388000
1776355390.821,190.821,0.88,115.0,0.87,123.5,0.9,252.32,0.91,86.0,0.1,136.44,0.09,86.0,0.11,12.0,0.12,15.0,0.02,0.01,2341.435675,1776355388000
1776355391.185,191.185,0.87,108.0,0.86,115.5,0.89,5.0,0.9,252.32,0.11,5.0,0.1,252.32,0.12,102.5,0.13,123.5,0.02,0.01,2341.435675,1776355388000
1776355391.688,191.688,0.88,107.0,0.87,110.5,0.9,251.19,0.91,86.0,0.11,5.0,0.1,252.32,0.13,108.0,0.14,115.5,0.02,0.02,2342.139726,1776355390000
1776355391.928,191.928,0.88,90.33,0.87,115.5,0.89,5.0,0.9,251.19,0.1,251.19,0.09,86.0,0.12,107.0,0.13,110.5,0.01,0.02,2342.139726,1776355390000
1776355392.165,192.165,0.88,102.33,0.87,115.5,0.9,246.12,0.91,86.0,0.11,0.5,0.1,251.19,0.12,90.33,0.13,115.5,0.02,0.01,2342.139726,1776355390000
1776355392.918,192.918,0.89,5.61,0.88,95.33,0.9,234.12,0.91,86.0,0.1,246.12,0.09,86.0,0.12,102.33,0.13,115.5,0.01,0.02,2342.506943,1776355391000
1776355393.135,193.135,0.89,5.61,0.88,10.5,0.9,277.12,0.91,66.0,0.1,234.12,0.09,86.0,0.11,5.61,0.12,95.33,0.01,0.01,2342.506943,1776355391000
1776355393.504,193.504,0.89,0.61,0.87,10.5,0.9,301.12,0.91,66.0,0.1,277.12,0.09,66.0,0.11,5.61,0.12,10.5,0.01,0.01,2342.506943,1776355391000
1776355394.378,194.378,0.89,0.61,0.87,15.5,0.9,272.12,0.91,66.0,0.1,301.12,0.09,66.0,0.11,0.61,0.13,10.5,0.01,0.01,2342.59034,1776355392000
1776355394.888,194.888,0.89,0.61,0.87,10.5,0.9,268.18,0.91,66.0,0.1,272.12,0.09,66.0,0.11,0.61,0.13,15.5,0.01,0.01,2342.58797,1776355393000
1776355395.13,195.13,0.89,0.61,0.87,10.5,0.9,263.12,0.91,66.0,0.1,268.18,0.09,66.0,0.11,0.61,0.13,10.5,0.01,0.01,2342.58797,1776355393000
1776355395.442,195.442,0.89,15.61,0.88,115.5,0.9,80.0,0.91,89.0,0.1,263.12,0.09,66.0,0.11,0.61,0.13,10.5,0.01,0.01,2342.51611,1776355394000
1776355396.596,196.596,0.88,115.5,0.87,237.5,0.9,65.0,0.91,89.0,0.1,65.0,0.09,89.0,0.11,15.61,0.12,115.5,0.02,0.01,2342.508605,1776355395000
1776355396.843,196.843,0.88,107.16,0.87,237.5,0.89,20.0,0.9,203.0,0.1,65.0,0.09,89.0,0.12,115.5,0.13,237.5,0.01,0.02,2342.508605,1776355395000
1776355397.444,197.444,0.87,115.5,0.86,232.5,0.88,19.0,0.89,29.0,0.11,20.0,0.1,203.0,0.12,107.16,0.13,237.5,0.01,0.01,2342.508605,1776355395000
1776355397.825,197.825,0.87,5.04,0.86,237.5,0.88,14.0,0.89,122.0,0.12,19.0,0.11,29.0,0.13,115.5,0.14,232.5,0.01,0.01,2342.619065,1776355396000
1776355398.82,198.82,0.87,140.5,0.86,262.5,0.88,22.96,0.89,122.0,0.12,14.0,0.11,122.0,0.13,5.04,0.14,237.5,0.01,0.01,2342.639344,1776355397000
1776355399.24,199.24,0.88,137.16,0.87,145.5,0.9,60.0,0.91,36.0,0.12,7.27,0.11,122.0,0.13,135.5,0.14,262.5,0.02,0.01,2342.639344,1776355397000
1776355399.546,199.546,0.88,130.0,0.87,145.5,0.89,18.73,0.9,70.5,0.1,60.0,0.09,36.0,0.12,137.16,0.13,145.5,0.01,0.02,2342.64829,1776355398000
1776355399.917,199.917,0.88,121.66,0.87,140.5,0.9,60.0,0.91,86.0,0.11,18.73,0.1,70.5,0.12,130.0,0.13,145.5,0.02,0.01,2342.64829,1776355398000
1776355400.509,200.509,0.88,116.86,0.87,140.5,0.9,197.0,0.91,66.0,0.1,60.0,0.09,86.0,0.12,121.66,0.13,140.5,0.02,0.02,2342.505985,1776355399000
1776355401.735,201.735,0.88,116.86,0.87,140.5,0.9,204.07,0.91,66.0,0.1,197.0,0.09,66.0,0.12,116.86,0.13,140.5,0.02,0.02,2342.505985,1776355399000
1776355403.459,203.459,0.88,172.36,0.87,140.5,0.9,82.45,0.91,66.0,0.1,204.07,0.09,66.0,0.12,116.86,0.13,140.5,0.02,0.02,2342.48504,1776355402000
1776355403.835,203.835,0.87,140.5,0.86,140.5,0.88,1100.9,0.9,82.45,0.1,82.45,0.09,66.0,0.12,172.36,0.13,140.5,0.01,0.02,2342.48504,1776355402000
1776355404.416,204.416,0.87,150.7,0.86,45.5,0.88,1089.59,0.9,292.95,0.12,1089.59,0.1,282.45,0.13,140.5,0.14,140.5,0.01,0.01,2342.460988,1776355403000
1776355405.116,205.116,0.87,33.7,0.86,157.5,0.88,1078.22,0.89,5.0,0.12,1089.59,0.1,292.95,0.13,150.7,0.14,45.5,0.01,0.01,2342.460988,1776355403000
1776355405.767,205.767,0.87,33.7,0.86,157.5,0.88,1069.42,0.89,5.0,0.12,1078.22,0.11,5.0,0.13,33.7,0.14,157.5,0.01,0.01,2342.473734,1776355404000
1776355406.016,206.016,0.87,33.7,0.86,157.5,0.88,1065.42,0.89,117.0,0.12,1069.42,0.11,5.0,0.13,33.7,0.14,157.5,0.01,0.01,2342.473734,1776355404000
1776355406.451,206.451,0.87,53.7,0.86,157.5,0.88,1056.62,0.89,117.0,0.12,1065.42,0.11,117.0,0.13,33.7,0.14,157.5,0.01,0.01,2342.473734,1776355404000
1776355406.812,206.812,0.87,53.7,0.86,157.5,0.88,1029.26,0.89,117.0,0.12,1056.62,0.11,117.0,0.13,53.7,0.14,157.5,0.01,0.01,2342.481669,1776355405000
1776355407.266,207.266,0.87,47.8,0.86,208.21,0.88,1045.26,0.89,117.0,0.12,1029.26,0.11,117.0,0.13,53.7,0.14,157.5,0.01,0.01,2342.481669,1776355405000
1776355408.148,208.148,0.87,19.1,0.86,172.71,0.88,1055.76,0.89,117.0,0.12,1045.26,0.11,117.0,0.13,47.8,0.14,208.21,0.01,0.01,2342.475597,1776355406000
1776355408.789,208.789,0.85,26.5,0.84,85.5,0.88,1022.48,0.89,20.5,0.12,1055.76,0.11,117.0,0.13,14.1,0.14,172.71,0.03,0.01,2342.465387,1776355407000
1776355409.432,209.432,0.86,15.0,0.85,86.64,0.87,29.85,0.88,1071.48,0.12,1022.48,0.11,20.5,0.15,26.5,0.16,85.5,0.01,0.03,2342.463713,1776355408000
1776355410.463,210.463,0.85,1.0,0.83,15.5,0.86,25.5,0.87,25.5,0.13,29.85,0.12,1071.48,0.14,15.0,0.15,86.64,0.01,0.01,2342.46239,1776355409000
1776355410.689,210.689,0.82,85.5,0.81,5.0,0.83,4.03,0.84,18.0,0.16,8.0,0.14,13.19,0.17,10.5,0.18,85.5,0.01,0.01,2342.46239,1776355409000
1776355411.191,211.191,0.82,85.5,0.81,5.0,0.83,4.0,0.84,8.0,0.17,4.03,0.16,18.0,0.18,85.5,0.19,5.0,0.01,0.01,2342.46239,1776355409000
1776355411.602,211.602,0.83,20.5,0.82,202.5,0.87,31.8,0.88,1067.07,0.16,6.29,0.14,80.5,0.18,85.5,0.19,5.0,0.04,0.02,2342.46239,1776355409000
1776355412.016,212.016,0.84,18.5,0.83,25.5,0.87,151.73,0.88,1053.97,0.13,179.84,0.12,1067.07,0.16,8.0,0.17,25.5,0.03,0.03,2342.46239,1776355409000
1776355412.559,212.559,0.85,13.0,0.84,15.5,0.87,143.8,0.88,1017.47,0.13,151.73,0.12,1053.97,0.16,18.5,0.17,25.5,0.02,0.03,2342.024879,1776355410000
1776355413.271,213.271,0.86,26.5,0.85,25.5,0.87,31.8,0.88,1011.4,0.13,143.8,0.12,1017.47,0.15,13.0,0.16,15.5,0.01,0.02,2341.816952,1776355412000
1776355413.856,213.856,0.84,5.0,0.83,25.5,0.87,42.3,0.88,1022.4,0.13,31.8,0.12,1011.4,0.14,26.5,0.15,25.5,0.03,0.01,2341.816952,1776355412000
1776355414.61,214.61,0.85,18.5,0.84,40.5,0.87,31.8,0.88,1016.03,0.13,42.3,0.12,1022.4,0.16,15.5,0.17,25.5,0.02,0.03,2341.884933,1776355413000
1776355415.052,215.052,0.86,8.0,0.85,10.5,0.87,31.8,0.88,1124.03,0.13,31.8,0.12,1010.97,0.15,18.5,0.16,40.5,0.01,0.02,2341.918345,1776355414000
1776355415.32,215.32,0.86,18.0,0.85,10.5,0.87,31.8,0.88,1120.62,0.13,31.8,0.12,1124.03,0.14,8.0,0.15,10.5,0.01,0.01,2341.918345,1776355414000
1776355416.522,216.522,0.86,23.5,0.85,137.5,0.87,31.8,0.88,983.39,0.13,31.8,0.12,1110.39,0.14,8.0,0.15,10.5,0.01,0.01,2341.90974,1776355415000
1776355418.615,218.615,0.86,54.15,0.85,10.5,0.87,31.8,0.88,983.39,0.13,31.8,0.12,983.39,0.14,23.5,0.15,137.5,0.01,0.01,2341.977888,1776355417000
1776355419.609,219.609,0.86,33.65,0.85,15.5,0.87,31.8,0.88,983.39,0.13,31.8,0.12,983.39,0.14,54.15,0.15,10.5,0.01,0.01,2342.067572,1776355418000
1776355420.486,220.486,0.86,13.0,0.85,10.5,0.87,40.53,0.88,983.39,0.13,31.8,0.12,983.39,0.14,33.65,0.15,15.5,0.01,0.01,2342.088785,1776355419000
1776355420.749,220.749,0.86,13.0,0.84,10.5,0.87,143.05,0.88,993.89,0.13,40.53,0.12,983.39,0.14,13.0,0.15,10.5,0.01,0.01,2342.088785,1776355419000
1776355421.623,221.623,0.86,15.0,0.85,23.69,0.87,138.45,0.88,993.89,0.13,138.45,0.12,993.89,0.14,13.0,0.15,5.0,0.01,0.01,2341.989475,1776355420000
1776355422.668,222.668,0.86,15.0,0.85,23.69,0.87,136.57,0.88,993.89,0.13,138.45,0.12,993.89,0.14,15.0,0.15,23.69,0.01,0.01,2341.895768,1776355421000
1776355423.766,223.766,0.86,15.0,0.84,5.0,0.87,36.8,0.88,923.89,0.13,136.57,0.12,993.89,0.14,15.0,0.15,23.69,0.01,0.01,2341.862546,1776355422000
1776355423.986,223.986,0.71,50.0,0.69,70.0,0.84,16.25,0.86,50.0,0.16,16.25,0.14,50.0,0.17,4.9,0.19,5.0,0.13,0.01,2341.862546,1776355422000
1776355424.291,224.291,0.8,5.0,0.79,5.0,0.81,64.56,0.82,70.0,0.16,16.25,0.14,50.0,0.29,50.0,0.31,70.0,0.01,0.13,2341.829727,1776355423000
1776355425.866,225.866,0.77,10.5,0.76,15.5,0.81,305.56,0.82,82.0,0.19,178.56,0.18,80.5,0.21,5.0,0.22,36.41,0.04,0.02,2341.456964,1776355424000
1776355426.196,226.196,0.77,10.5,0.76,15.5,0.8,4.6,0.81,305.56,0.19,305.56,0.18,82.0,0.23,10.5,0.24,15.5,0.03,0.04,2341.441286,1776355425000
1776355426.923,226.923,0.76,15.5,0.75,132.5,0.77,4.6,0.78,10.0,0.2,4.6,0.19,305.56,0.23,10.5,0.24,15.5,0.01,0.03,2341.441286,1776355425000
1776355427.331,227.331,0.78,5.0,0.75,126.5,0.79,5.1,0.8,15.5,0.21,10.5,0.2,10.5,0.25,126.5,0.26,5.0,0.01,0.04,2341.441286,1776355425000
1776355427.63,227.63,0.75,122.0,0.74,5.0,0.77,5.31,0.79,29.1,0.21,29.1,0.2,15.5,0.25,117.0,0.26,5.0,0.02,0.04,2340.970306,1776355426000
1776355428.163,228.163,0.75,105.16,0.74,15.5,0.76,2.0,0.77,5.31,0.24,7.0,0.23,5.31,0.25,105.16,0.26,15.5,0.01,0.01,2340.970966,1776355427000
1776355428.899,228.899,0.75,109.5,0.74,15.5,0.77,15.31,0.8,139.5,0.24,2.0,0.23,5.31,0.25,100.16,0.26,15.5,0.02,0.01,2340.970966,1776355427000
1776355429.108,229.108,0.76,12.0,0.75,15.5,0.81,23.4,0.82,29.4,0.23,15.31,0.2,139.5,0.25,109.5,0.26,15.5,0.05,0.02,2340.970966,1776355427000
1776355429.367,229.367,0.83,5.0,0.82,8.0,0.87,101.7,0.88,991.39,0.19,23.4,0.18,29.4,0.24,12.0,0.25,15.5,0.04,0.05,2340.937271,1776355428000
1776355431.194,231.194,0.85,10.0,0.84,15.5,0.87,56.78,0.88,982.89,0.13,101.7,0.12,991.39,0.17,5.0,0.18,8.0,0.02,0.04,2340.848839,1776355429000
1776355431.452,231.452,0.84,9.25,0.83,10.5,0.86,20.0,0.87,31.8,0.13,56.78,0.12,982.89,0.15,10.0,0.16,15.5,0.02,0.02,2341.299001,1776355430000
1776355432.562,232.562,0.86,15.5,0.85,15.5,0.87,31.8,0.88,972.39,0.14,20.0,0.13,31.8,0.16,9.25,0.17,10.5,0.01,0.02,2341.424995,1776355431000
1776355434.073,234.073,0.86,5.5,0.85,15.5,0.87,31.8,0.88,967.84,0.13,31.8,0.12,972.39,0.14,15.5,0.15,15.5,0.01,0.01,2341.641673,1776355433000
1776355436.162,236.162,0.86,20.5,0.85,132.5,0.87,31.8,0.88,897.84,0.13,31.8,0.12,967.84,0.14,5.5,0.15,15.5,0.01,0.01,2341.73817,1776355434000
1776355436.429,236.429,0.86,15.5,0.85,132.5,0.87,31.8,0.88,897.84,0.13,31.8,0.12,897.84,0.14,20.5,0.15,132.5,0.01,0.01,2341.681515,1776355435000
1776355437.389,237.389,0.86,31.0,0.85,15.5,0.87,31.8,0.88,893.68,0.13,31.8,0.12,897.84,0.14,15.5,0.15,132.5,0.01,0.01,2341.704074,1776355436000
1776355437.762,237.762,0.86,15.5,0.85,132.5,0.87,31.8,0.88,1002.46,0.13,31.8,0.12,886.6,0.14,31.0,0.15,15.5,0.01,0.01,2341.704074,1776355436000
1776355438.234,238.234,0.86,9.6,0.85,132.5,0.87,31.8,0.88,1002.46,0.13,31.8,0.12,1002.46,0.14,15.5,0.15,132.5,0.01,0.01,2341.785643,1776355437000
1776355440.549,240.549,0.86,15.37,0.84,140.0,0.87,31.8,0.88,895.46,0.13,31.8,0.12,1002.46,0.14,9.6,0.15,132.5,0.01,0.01,2341.767279,1776355439000
1776355440.944,240.944,0.84,140.0,0.83,50.0,0.87,31.8,0.88,543.4,0.13,31.8,0.12,871.59,0.14,5.37,0.16,140.0,0.03,0.01,2341.760187,1776355440000
1776355441.429,241.429,0.85,160.0,0.84,140.0,0.87,31.8,0.88,449.3,0.13,31.8,0.12,543.4,0.16,140.0,0.17,50.0,0.02,0.03,2341.760187,1776355440000
1776355441.741,241.741,0.86,5.0,0.85,155.0,0.87,31.8,0.88,425.32,0.13,31.8,0.12,448.05,0.14,5.0,0.15,155.0,0.01,0.01,2341.760187,1776355440000
1776355442.138,242.138,0.86,5.0,0.85,155.0,0.87,44.3,0.88,424.07,0.13,31.8,0.12,424.07,0.14,5.0,0.15,155.0,0.01,0.01,2341.792515,1776355441000
1776355442.594,242.594,0.83,15.0,0.82,8.0,0.87,31.8,0.88,417.65,0.13,31.8,0.12,413.7,0.14,5.0,0.15,155.0,0.04,0.01,2341.792515,1776355441000
1776355442.943,242.943,0.83,15.0,0.81,8.0,0.87,34.8,0.88,417.65,0.13,31.8,0.12,417.65,0.17,15.0,0.18,8.0,0.04,0.04,2341.792515,1776355441000
1776355443.328,243.328,0.86,12.0,0.85,70.0,0.87,31.8,0.88,412.55,0.13,34.8,0.12,417.65,0.17,15.0,0.19,8.0,0.01,0.04,2341.792515,1776355441000
1776355443.703,243.703,0.86,46.0,0.85,100.0,0.87,31.8,0.88,329.2,0.13,31.8,0.12,332.2,0.14,34.0,0.15,70.0,0.01,0.01,2341.792515,1776355441000
1776355444.32,244.32,0.86,101.0,0.81,58.0,0.87,31.8,0.88,323.13,0.13,31.8,0.12,328.06,0.14,46.0,0.15,100.0,0.01,0.01,2341.53215,1776355443000
1776355445.326,245.326,0.86,36.0,0.84,100.0,0.87,31.8,0.88,234.39,0.13,31.8,0.12,259.89,0.14,51.0,0.16,70.0,0.01,0.01,2341.683841,1776355444000
1776355445.639,245.639,0.86,179.0,0.84,70.0,0.87,50.8,0.88,234.39,0.13,53.09,0.12,234.39,0.14,24.0,0.16,105.0,0.01,0.01,2341.683841,1776355444000
1776355446.4,246.4,0.86,14.0,0.85,5.0,0.87,31.8,0.88,234.39,0.13,50.8,0.12,234.39,0.14,179.0,0.16,70.0,0.01,0.01,2341.928717,1776355445000
1776355447.2,247.2,0.86,5.0,0.85,5.0,0.87,31.8,0.88,221.39,0.13,31.8,0.12,234.39,0.14,5.0,0.15,5.0,0.01,0.01,2341.928717,1776355445000
1776355448.422,248.422,0.81,25.0,0.8,5.0,0.85,10.0,0.86,15.0,0.14,5.0,0.13,31.8,0.15,110.86,0.16,70.0,0.04,0.01,2341.720317,1776355447000
1776355449.117,249.117,0.81,63.0,0.79,5.0,0.83,14.34,0.84,20.0,0.16,9.0,0.15,10.0,0.19,13.0,0.2,10.0,0.02,0.03,2341.720317,1776355447000
1776355449.367,249.367,0.81,82.0,0.8,70.0,0.83,6.24,0.84,20.0,0.17,14.24,0.16,20.0,0.19,82.0,0.2,70.0,0.02,0.02,2341.68029,1776355448000
1776355450.811,250.811,0.86,20.0,0.85,14.0,0.87,31.8,0.88,188.91,0.13,31.8,0.12,191.91,0.18,10.0,0.19,82.0,0.01,0.05,2341.501825,1776355449000
1776355454.186,254.186,0.86,154.35,0.85,14.0,0.87,31.8,0.88,186.63,0.13,31.8,0.12,188.91,0.14,20.0,0.15,14.0,0.01,0.01,2341.991306,1776355452000
1776355455.509,255.509,0.86,37.69,0.85,25.76,0.87,31.8,0.88,83.12,0.13,31.8,0.12,175.26,0.14,154.35,0.15,14.0,0.01,0.01,2341.829053,1776355454000
1776355456.426,256.426,0.86,131.56,0.85,25.76,0.87,31.8,0.88,58.12,0.13,31.8,0.12,83.12,0.14,37.69,0.15,25.76,0.01,0.01,2341.829053,1776355454000
1776355456.66,256.66,0.86,102.56,0.85,25.76,0.87,31.8,0.88,46.3,0.13,49.63,0.12,58.12,0.14,102.56,0.15,25.76,0.01,0.01,2341.829053,1776355454000
1776355456.873,256.873,0.86,107.56,0.85,25.76,0.87,31.8,0.88,45.16,0.13,31.8,0.12,46.3,0.14,102.56,0.15,25.76,0.01,0.01,2341.850752,1776355455000
1776355457.599,257.599,0.86,160.0,0.85,25.76,0.87,31.8,0.88,42.12,0.13,31.8,0.12,45.16,0.14,107.56,0.15,25.76,0.01,0.01,2341.850752,1776355456000
1776355457.927,257.927,0.86,165.0,0.85,53.96,0.87,54.53,0.88,42.12,0.13,31.8,0.12,42.12,0.14,160.0,0.15,25.76,0.01,0.01,2341.850752,1776355456000
1776355458.692,258.692,0.86,194.9,0.85,53.96,0.87,31.8,0.88,39.84,0.13,54.53,0.12,42.12,0.14,165.0,0.15,53.96,0.01,0.01,2341.71634,1776355457000
1776355459.546,259.546,0.86,189.9,0.85,53.96,0.87,31.8,0.88,28.48,0.13,31.8,0.12,39.84,0.14,194.9,0.15,53.96,0.01,0.01,2341.708209,1776355458000
1776355461.613,261.613,0.86,361.9,0.85,53.96,0.87,31.8,0.88,8.48,0.13,31.8,0.12,28.48,0.14,189.9,0.15,53.96,0.01,0.01,2341.654655,1776355460000
1776355461.927,261.927,0.86,366.9,0.85,53.96,0.87,31.8,0.88,6.2,0.13,31.8,0.12,8.48,0.14,361.9,0.15,53.96,0.01,0.01,2341.65385,1776355461000
1776355462.708,262.708,0.86,211.9,0.85,115.53,0.87,31.8,0.88,5.06,0.13,31.8,0.12,6.2,0.14,366.9,0.15,53.96,0.01,0.01,2341.65385,1776355461000
1776355463.002,263.002,0.86,221.9,0.85,115.53,0.87,31.8,0.89,36.79,0.13,31.8,0.12,5.06,0.14,211.9,0.15,115.53,0.01,0.01,2341.63825,1776355462000
1776355465.362,265.362,0.86,94.9,0.85,123.96,0.87,31.8,0.89,36.79,0.13,31.8,0.11,36.79,0.14,221.9,0.15,115.53,0.01,0.01,2341.704625,1776355464000
1776355466.467,266.467,0.86,151.9,0.85,72.96,0.87,31.8,0.89,64.43,0.13,31.8,0.11,36.79,0.14,94.9,0.15,123.96,0.01,0.01,2341.660724,1776355465000
1776355466.669,266.669,0.85,15.76,0.83,10.0,0.87,36.8,0.88,5.0,0.13,31.8,0.12,5.0,0.15,35.76,0.17,10.0,0.02,0.02,2341.660724,1776355465000
1776355466.907,266.907,0.85,12.0,0.81,77.59,0.87,31.8,0.89,42.64,0.13,31.8,0.12,5.0,0.17,3.64,0.18,10.0,0.02,0.04,2341.660724,1776355465000
1776355467.243,267.243,0.82,154.21,0.81,68.59,0.84,3.25,0.86,50.0,0.13,31.8,0.11,42.64,0.19,68.59,0.21,70.0,0.02,0.06,2341.660724,1776355465000
1776355467.476,267.476,0.82,154.21,0.81,77.59,0.86,155.0,0.87,31.8,0.14,43.06,0.13,148.8,0.18,154.21,0.19,77.59,0.04,0.04,2341.612393,1776355466000
1776355467.75,267.75,0.82,70.93,0.81,68.59,0.84,20.0,0.85,117.0,0.14,155.0,0.13,31.8,0.18,154.21,0.19,77.59,0.02,0.04,2341.612393,1776355466000
1776355468.188,268.188,0.8,50.0,0.79,70.0,0.84,117.0,0.86,148.06,0.15,110.39,0.14,43.06,0.18,70.93,0.19,68.59,0.04,0.03,2341.612393,1776355466000
1776355468.392,268.392,0.79,18.79,0.78,70.0,0.84,117.0,0.86,75.0,0.16,117.0,0.14,75.0,0.2,3.05,0.21,37.9,0.05,0.04,2341.37912,1776355467000
1776355468.758,268.758,0.82,5.0,0.81,50.0,0.87,31.8,0.88,136.63,0.16,107.57,0.14,70.0,0.19,10.0,0.21,18.79,0.05,0.03,2341.37912,1776355467000
1776355469.265,269.265,0.86,10.0,0.82,277.0,0.87,31.8,0.88,36.45,0.13,31.8,0.12,116.85,0.17,12.0,0.18,5.0,0.01,0.04,2341.051528,1776355468000
1776355470.119,270.119,0.83,5.0,0.82,155.0,0.87,31.8,0.88,36.1,0.13,31.8,0.12,36.45,0.14,10.0,0.18,277.0,0.04,0.01,2340.853824,1776355469000
1776355471.528,271.528,0.85,5.0,0.84,154.69,0.87,31.8,0.88,137.41,0.16,24.0,0.13,31.8,0.17,5.0,0.18,155.0,0.02,0.01,2340.952184,1776355470000
1776355472.13,272.13,0.85,5.0,0.84,271.69,0.87,31.8,0.88,101.6,0.13,31.8,0.12,137.41,0.15,5.0,0.16,154.69,0.02,0.02,2340.952184,1776355470000
1776355472.98,272.98,0.86,9.75,0.85,160.0,0.87,31.8,0.89,121.79,0.13,31.8,0.12,101.6,0.15,5.0,0.16,271.69,0.01,0.02,2340.947934,1776355471000
1776355473.242,273.242,0.85,257.01,0.84,5.0,0.87,31.8,0.89,106.79,0.13,31.8,0.11,121.79,0.14,9.75,0.15,160.0,0.02,0.01,2340.947934,1776355471000
1776355473.53,273.53,0.86,108.49,0.82,5.0,0.87,36.65,0.88,5.0,0.13,31.8,0.11,106.79,0.15,257.01,0.16,5.0,0.01,0.02,2340.962401,1776355472000
1776355474.705,274.705,0.86,6.0,0.85,5.09,0.87,31.8,0.88,120.75,0.13,31.8,0.12,5.0,0.18,5.0,0.19,50.0,0.01,0.05,2340.963126,1776355473000
1776355475.053,275.053,0.86,27.09,0.81,167.0,0.87,147.61,0.89,111.79,0.13,31.8,0.12,120.75,0.14,6.0,0.15,5.09,0.01,0.01,2340.963126,1776355473000
1776355475.284,275.284,0.82,117.0,0.79,18.79,0.87,130.81,0.89,100.0,0.13,147.61,0.11,111.79,0.14,27.09,0.19,167.0,0.05,0.01,2340.961253,1776355474000
1776355475.728,275.728,0.82,97.0,0.81,66.19,0.85,8.7,0.86,5.0,0.15,10.0,0.14,10.0,0.18,97.0,0.19,66.19,0.03,0.03,2340.961253,1776355474000
1776355476.066,276.066,0.82,97.0,0.81,66.19,0.86,18.72,0.87,97.21,0.15,8.7,0.14,5.0,0.18,97.0,0.19,66.19,0.04,0.03,2340.961253,1776355474000
1776355476.528,276.528,0.84,10.0,0.82,97.0,0.87,86.46,0.89,100.0,0.13,92.21,0.11,100.0,0.16,10.0,0.18,97.0,0.03,0.03,2340.772776,1776355475000
1776355476.977,276.977,0.84,10.0,0.82,97.0,0.87,80.46,0.88,5.0,0.13,86.46,0.11,100.0,0.16,10.0,0.18,97.0,0.03,0.03,2340.772776,1776355475000
1776355477.691,277.691,0.86,10.0,0.85,10.0,0.89,70.0,0.9,170.0,0.13,80.46,0.12,5.0,0.16,10.0,0.18,97.0,0.03,0.03,2340.772404,1776355476000
1776355478.247,278.247,0.82,69.22,0.81,5.0,0.89,57.62,0.9,170.0,0.11,70.0,0.1,170.0,0.18,69.22,0.2,5.0,0.07,0.07,2340.71548,1776355477000
1776355478.633,278.633,0.87,282.0,0.86,90.0,0.9,10.0,0.91,21.0,0.11,57.62,0.1,170.0,0.18,69.22,0.19,5.0,0.03,0.07,2340.71548,1776355477000
1776355479.436,279.436,0.9,183.0,0.89,91.0,0.92,19.51,0.93,24.0,0.09,2.51,0.08,22.0,0.1,10.0,0.12,15.0,0.02,0.01,2340.656934,1776355478000
1776355479.683,279.683,0.94,19.0,0.93,5.0,0.95,34.64,0.96,55.0,0.05,34.74,0.04,55.0,0.08,27.0,0.09,221.0,0.01,0.03,2340.656934,1776355478000
1776355479.993,279.993,0.94,42.0,0.93,10.0,0.95,31.48,0.96,55.0,0.05,34.64,0.04,55.0,0.06,19.0,0.07,5.0,0.01,0.01,2340.656934,1776355478000
1776355480.535,280.535,0.95,148.0,0.94,13.66,0.96,50.0,0.97,167.0,0.04,55.0,0.03,167.0,0.06,8.66,0.07,10.0,0.01,0.02,2340.656934,1776355478000
1776355480.742,280.742,0.96,7.11,0.95,127.0,0.97,66.0,0.98,337.0,0.03,66.0,0.02,337.0,0.04,18.0,0.05,137.0,0.01,0.01,2340.997645,1776355479000
1776355480.947,280.947,0.96,11.94,0.95,139.0,0.97,19.06,0.98,337.0,0.03,42.92,0.02,337.0,0.04,11.94,0.05,129.0,0.01,0.01,2340.997645,1776355479000
1776355481.148,281.148,0.96,11.94,0.95,139.0,0.98,326.71,0.99,1883.28,0.03,7.71,0.02,337.0,0.04,11.94,0.05,139.0,0.02,0.01,2341.010717,1776355480000
1776355481.492,281.492,0.97,18.21,0.96,11.94,0.98,321.6,0.99,1883.28,0.02,326.71,0.01,1883.28,0.03,4.98,0.04,11.94,0.01,0.01,2341.010717,1776355480000
1776355481.811,281.811,0.97,16.94,0.96,11.94,0.98,271.22,0.99,1883.28,0.02,282.71,0.01,1883.28,0.03,16.94,0.04,128.94,0.01,0.01,2341.010717,1776355480000
1776355482.174,282.174,0.95,133.28,0.92,80.0,0.98,359.99,0.99,1883.28,0.02,359.99,0.01,1883.28,0.03,6.03,0.04,6.25,0.03,0.01,2341.010717,1776355480000
1776355482.432,282.432,0.95,10.0,0.94,5.0,0.97,205.0,0.98,361.99,0.04,10.0,0.03,144.0,0.05,23.67,0.08,197.0,0.02,0.01,2341.701188,1776355481000
1776355482.663,282.663,0.94,15.0,0.93,10.0,0.95,22.62,0.96,10.0,0.05,8.96,0.04,10.0,0.06,15.0,0.07,10.0,0.01,0.01,2341.701188,1776355481000
1776355482.869,282.869,0.94,15.0,0.93,132.0,0.96,1.16,0.97,227.0,0.05,27.91,0.04,10.0,0.06,15.0,0.07,132.0,0.02,0.01,2341.701188,1776355481000
1776355483.085,283.085,0.93,48.0,0.92,78.0,0.95,7.93,0.96,0.11,0.04,0.11,0.03,227.0,0.07,48.0,0.08,78.0,0.02,0.03,2341.701188,1776355481000
1776355483.322,283.322,0.95,66.0,0.94,17.0,0.97,94.92,0.98,266.99,0.03,115.65,0.02,266.99,0.05,56.0,0.06,17.0,0.02,0.02,2341.701188,1776355481000
1776355483.541,283.541,0.95,66.0,0.94,17.0,0.98,250.69,0.99,1705.28,0.03,86.63,0.02,266.99,0.05,66.0,0.06,17.0,0.03,0.02,2341.92261,1776355482000
1776355484.263,284.263,0.95,183.0,0.94,17.0,0.99,1339.09,,,0.02,250.69,0.01,1705.28,0.05,66.0,0.06,17.0,0.04,0.03,2341.789941,1776355483000
1776355484.556,284.556,0.96,152.0,0.95,66.0,0.97,112.0,0.98,10.0,0.01,1339.09,,,0.05,183.0,0.06,17.0,0.01,0.04,2341.789941,1776355483000
1776355484.883,284.883,0.96,152.0,0.95,66.0,0.97,108.36,0.98,10.0,0.03,112.0,0.02,10.0,0.04,152.0,0.05,66.0,0.01,0.01,2341.789941,1776355483000
1776355485.176,285.176,0.96,152.0,0.95,66.0,,,,,0.03,108.36,0.02,10.0,0.04,152.0,0.05,66.0,,0.01,2341.789941,1776355483000
1776355485.444,285.444,0.95,55.0,0.94,141.0,0.97,219.0,0.98,25.0,,,,,0.04,152.0,0.05,66.0,0.02,,2341.444763,1776355484000
1776355485.652,285.652,0.96,7.53,0.95,10.0,0.97,178.45,0.98,35.0,0.03,158.45,0.02,35.0,0.04,7.53,0.05,10.0,0.01,0.01,2341.444763,1776355484000
1776355485.86,285.86,0.93,21.0,0.92,127.0,0.94,48.5,0.96,60.0,0.06,60.21,0.04,60.0,0.07,10.0,0.08,127.0,0.01,0.01,2341.444763,1776355484000
1776355486.224,286.224,0.93,21.0,0.92,127.0,0.95,110.74,0.96,85.0,0.06,48.5,0.04,60.0,0.07,21.0,0.08,127.0,0.02,0.01,2341.444763,1776355484000
1776355486.636,286.636,0.94,10.0,0.93,21.0,0.95,37.38,0.96,156.0,0.05,110.74,0.04,85.0,0.07,21.0,0.08,127.0,0.01,0.02,2341.441061,1776355485000
1776355486.899,286.899,0.94,21.0,0.93,127.0,0.95,0.59,0.96,35.0,0.05,27.38,0.04,156.0,0.06,10.0,0.07,21.0,0.01,0.01,2341.441061,1776355485000
1776355487.254,287.254,0.95,22.0,0.94,137.0,0.97,5.0,0.98,98.0,0.04,15.0,0.03,153.0,0.06,21.0,0.07,127.0,0.02,0.02,2341.379159,1776355486000
1776355487.546,287.546,0.95,22.0,0.94,127.0,0.96,13.95,0.97,30.0,0.03,5.0,0.02,98.0,0.05,22.0,0.06,137.0,0.01,0.02,2341.379159,1776355486000
1776355487.749,287.749,0.95,22.0,0.94,127.0,0.96,13.95,0.97,101.0,0.04,13.95,0.03,30.0,0.05,22.0,0.06,127.0,0.01,0.01,2341.379159,1776355486000
1776355488.26,288.26,0.94,120.33,0.93,10.0,0.97,76.02,0.98,98.0,0.03,91.02,0.02,98.0,0.05,22.0,0.06,127.0,0.03,0.02,2341.035249,1776355487000
1776355488.583,288.583,0.95,21.88,0.94,120.33,0.97,76.02,0.98,103.0,0.03,76.02,0.02,98.0,0.06,120.33,0.07,10.0,0.02,0.03,2341.035249,1776355487000
1776355488.896,288.896,0.95,10.43,0.94,120.33,0.97,95.86,0.98,98.0,0.03,70.86,0.02,98.0,0.05,21.88,0.06,120.33,0.02,0.02,2341.035249,1776355487000
1776355489.135,289.135,0.94,123.33,0.93,10.0,0.96,10.0,0.97,95.86,0.03,95.86,0.02,98.0,0.05,10.43,0.06,120.33,0.02,0.02,2341.035249,1776355487000
1776355489.362,289.362,0.95,77.31,0.94,133.33,0.96,6.72,0.97,95.44,0.03,95.44,0.02,103.0,0.05,13.0,0.06,110.33,0.01,0.02,2340.896721,1776355488000
1776355489.595,289.595,0.95,194.31,0.94,23.0,0.97,88.97,0.98,98.0,0.04,4.93,0.03,95.44,0.05,77.31,0.06,133.33,0.02,0.01,2340.896721,1776355488000
1776355489.824,289.824,0.95,194.31,0.94,23.0,0.97,83.82,0.98,103.0,0.03,88.97,0.02,98.0,0.05,194.31,0.06,23.0,0.02,0.02,2340.896721,1776355488000
1776355490.199,290.199,0.95,207.31,0.94,10.0,0.97,45.23,0.98,103.0,0.03,78.66,0.02,103.0,0.05,207.31,0.06,10.0,0.02,0.02,2340.896721,1776355488000
1776355490.541,290.541,0.95,207.3,0.94,10.0,0.97,25.23,0.98,78.0,0.03,40.23,0.02,78.0,0.05,207.3,0.06,10.0,0.02,0.02,2340.933299,1776355489000
1776355491.052,291.052,0.95,207.3,0.94,10.0,0.97,7.99,0.98,25.0,0.03,22.99,0.02,73.0,0.05,207.3,0.06,10.0,0.02,0.02,2340.915431,1776355490000
1776355491.646,291.646,0.95,207.3,0.94,10.0,0.98,4.19,0.99,360.58,0.03,7.99,0.02,25.0,0.05,207.3,0.06,10.0,0.03,0.02,2340.915431,1776355490000
1776355492.369,292.369,0.96,27.0,0.95,87.31,0.97,7.72,0.98,10.0,0.02,4.19,0.01,360.58,0.05,207.3,0.06,10.0,0.01,0.03,2340.817632,1776355491000
1776355492.87,292.87,0.96,27.0,0.95,87.31,0.98,4.95,0.99,360.58,0.03,7.72,0.02,10.0,0.04,27.0,0.05,87.31,0.02,0.01,2340.817632,1776355491000
1776355493.08,293.08,0.97,10.0,0.96,27.0,0.99,320.12,,,0.01,355.48,,,0.04,27.0,0.05,87.31,0.02,0.03,2340.821009,1776355492000
1776355493.402,293.402,0.96,12.87,0.95,87.31,0.99,320.12,,,0.01,320.12,,,0.03,10.0,0.04,27.0,0.03,0.02,2340.821009,1776355492000
1776355493.711,293.711,0.97,144.0,0.96,12.87,0.99,272.04,,,0.01,274.04,,,0.03,10.0,0.04,12.87,0.02,0.02,2340.821009,1776355492000
1776355493.982,293.982,0.97,163.0,0.96,10.0,0.99,137.92,,,0.01,149.04,,,0.03,163.0,0.04,10.0,0.02,0.02,2340.821009,1776355492000
1776355494.502,294.502,0.97,163.0,0.96,10.0,0.99,133.89,,,0.01,135.92,,,0.03,163.0,0.04,10.0,0.02,0.02,2340.823874,1776355493000
1776355494.78,294.78,0.97,163.0,0.96,10.0,0.99,113.68,,,0.01,133.89,,,0.03,163.0,0.04,10.0,0.02,0.02,2340.823874,1776355493000
1776355495.099,295.099,0.97,163.0,0.96,10.0,0.99,67.54,,,0.01,69.54,,,0.03,163.0,0.04,10.0,0.02,0.02,2340.823874,1776355493000
1776355495.379,295.379,0.97,163.0,0.96,10.0,0.99,16.54,,,0.01,67.54,,,0.03,163.0,0.04,10.0,0.02,0.02,2340.829172,1776355494000
1776355495.973,295.973,0.99,238.43,0.97,29.0,,,,,,,,,0.01,19.46,0.03,163.0,,,2340.829172,1776355494000
1776355496.177,296.177,0.99,389.19,0.97,29.0,,,,,,,,,0.01,411.63,0.03,29.0,,,2340.829172,1776355494000
1776355496.496,296.496,0.99,462.65,0.97,29.0,,,,,,,,,0.01,389.19,0.03,29.0,,,2340.853627,1776355495000
1776355500.023,300.023,0.99,37684.0,0.98,120.0,,,,,,,,,0.01,406.19,0.03,29.0,,,2340.937937,1776355498000

# RESULT,winner=Up,slug=eth-updown-5m-1776355200,ticks=467
