timestamp,elapsed_sec,up_bid_p1,up_bid_s1,up_bid_p2,up_bid_s2,up_ask_p1,up_ask_s1,up_ask_p2,up_ask_s2,down_bid_p1,down_bid_s1,down_bid_p2,down_bid_s2,down_ask_p1,down_ask_s1,down_ask_p2,down_ask_s2,up_spread,down_spread,eth_price,eth_oracle_ts
1776367500.526,0.526,0.4,5.0,0.37,180.0,0.48,157.46,0.49,21.05,0.52,151.63,0.51,61.86,0.54,313.99,0.55,120.0,0.08,0.02,2344.20355,1776367498000
1776367500.861,0.861,0.4,5.0,0.38,109.78,0.48,140.06,0.49,21.05,0.52,157.46,0.51,21.05,0.6,5.0,0.63,180.0,0.08,0.08,2344.131366,1776367499000
1776367501.257,1.257,0.4,5.0,0.38,109.78,0.48,140.06,0.49,21.05,0.52,140.06,0.51,21.05,0.6,5.0,0.62,109.78,0.08,0.08,2344.127637,1776367500000
1776367502.02,2.02,0.6,39.0,0.59,13.0,0.61,4.14,0.65,240.0,0.4,140.0,0.39,147.14,0.54,70.0,0.6,100.0,0.01,0.14,2344.127637,1776367500000
1776367502.403,2.403,0.6,39.0,0.59,13.0,0.61,0.94,0.65,240.0,0.39,0.94,0.35,240.0,0.4,39.0,0.41,13.0,0.01,0.01,2344.141354,1776367501000
1776367502.733,2.733,0.63,6.99,0.6,134.0,0.65,70.0,0.66,100.0,0.39,0.94,0.35,240.0,0.4,39.0,0.41,13.0,0.02,0.01,2344.141354,1776367501000
1776367503.332,3.332,0.61,15.62,0.58,70.0,0.65,68.89,0.66,230.96,0.35,56.92,0.34,100.0,0.37,25.0,0.38,12.0,0.04,0.02,2344.166344,1776367502000
1776367503.967,3.967,0.61,15.62,0.59,10.0,0.62,1.8,0.65,53.87,0.38,1.8,0.35,53.87,0.39,15.62,0.41,10.0,0.01,0.01,2345.288714,1776367503000
1776367504.691,4.691,0.61,10.62,0.56,10.0,0.62,11.8,0.63,158.0,0.38,1.8,0.35,53.87,0.39,15.62,0.41,10.0,0.01,0.01,2345.288714,1776367503000
1776367504.977,4.977,0.61,2.46,0.57,10.0,0.62,11.8,0.63,158.0,0.38,11.8,0.37,158.0,0.39,2.46,0.43,10.0,0.01,0.01,2345.444037,1776367504000
1776367505.204,5.204,0.57,10.0,0.56,10.0,0.59,9.73,0.62,40.8,0.38,11.8,0.37,158.0,0.39,2.46,0.43,10.0,0.02,0.01,2345.444037,1776367504000
1776367505.825,5.825,0.56,10.0,0.55,18.0,0.57,29.0,0.58,87.6,0.41,9.73,0.38,40.8,0.43,10.0,0.44,10.0,0.01,0.02,2345.444037,1776367504000
1776367506.101,6.101,0.56,10.0,0.55,18.0,0.57,29.0,0.58,87.6,0.43,29.0,0.42,87.6,0.44,10.0,0.45,18.0,0.01,0.01,2345.201181,1776367505000
1776367506.753,6.753,0.57,7.67,0.56,15.0,0.58,77.6,0.59,10.0,0.42,82.6,0.41,10.0,0.44,15.0,0.45,43.0,0.01,0.02,2345.201181,1776367505000
1776367507.051,7.051,0.57,7.67,0.56,15.0,0.58,77.6,0.59,10.0,0.42,77.6,0.41,10.0,0.43,7.67,0.44,15.0,0.01,0.01,2345.02375,1776367506000
1776367507.865,7.865,0.57,2.67,0.56,15.0,0.58,102.6,0.59,40.0,0.42,77.6,0.41,10.0,0.43,7.67,0.44,15.0,0.01,0.01,2345.02375,1776367506000
1776367508.111,8.111,0.57,2.67,0.56,115.0,0.58,97.6,0.59,40.0,0.42,97.6,0.41,40.0,0.43,2.67,0.44,115.0,0.01,0.01,2344.982337,1776367507000
1776367508.552,8.552,0.57,5.0,0.56,125.0,0.58,192.6,0.59,150.0,0.42,97.6,0.41,40.0,0.43,2.67,0.44,115.0,0.01,0.01,2344.982337,1776367507000
1776367509.099,9.099,0.55,35.0,0.54,40.0,0.56,115.0,0.57,110.0,0.42,192.6,0.41,150.0,0.43,5.0,0.44,125.0,0.01,0.01,2344.982337,1776367507000
1776367510.203,10.203,0.55,34.9,0.54,40.0,0.56,115.0,0.57,110.0,0.44,115.0,0.43,110.0,0.45,34.9,0.46,40.0,0.01,0.01,2344.981528,1776367509000
1776367511.376,11.376,0.55,10.0,0.54,30.0,0.56,174.64,0.57,149.0,0.44,115.0,0.43,110.0,0.45,34.9,0.46,40.0,0.01,0.01,2344.778885,1776367510000
1776367512.529,12.529,0.52,15.0,0.51,190.0,0.54,112.09,0.55,165.5,0.44,174.64,0.43,149.0,0.45,10.0,0.46,30.0,0.02,0.01,2344.663119,1776367511000
1776367513.228,13.228,0.53,25.5,0.52,25.5,0.54,38.88,0.55,70.5,0.46,23.0,0.45,65.5,0.47,10.0,0.48,15.0,0.01,0.01,2344.663119,1776367511000
1776367514.293,14.293,0.53,20.5,0.52,30.5,0.54,48.5,0.55,70.5,0.46,38.88,0.45,70.5,0.47,25.5,0.48,25.5,0.01,0.01,2344.588052,1776367512000
1776367516.456,16.456,0.52,15.0,0.51,146.5,0.53,17.95,0.54,50.5,0.46,48.5,0.45,70.5,0.47,20.5,0.48,30.5,0.01,0.01,2344.455225,1776367514000
1776367517.923,17.923,0.49,72.12,0.48,60.0,0.52,51.17,0.53,145.71,0.47,17.95,0.46,50.5,0.48,15.0,0.49,146.5,0.03,0.01,2344.44639,1776367516000
1776367518.709,18.709,0.49,53.02,0.48,70.0,0.51,15.0,0.52,36.0,0.48,51.17,0.47,145.71,0.51,72.12,0.52,60.0,0.02,0.03,2344.353608,1776367517000
1776367519.159,19.159,0.51,5.0,0.5,17.0,0.52,11.0,0.53,182.18,0.49,15.0,0.48,36.0,0.51,53.02,0.52,70.0,0.01,0.02,2344.29688,1776367518000
1776367519.887,19.887,0.5,42.5,0.49,29.04,0.52,20.5,0.53,212.18,0.47,182.18,0.46,100.5,0.51,27.74,0.52,170.0,0.02,0.04,2344.29688,1776367518000
1776367521.679,21.679,0.51,17.5,0.5,45.5,0.52,47.0,0.53,170.71,0.48,20.5,0.47,212.18,0.5,42.5,0.51,29.04,0.01,0.02,2344.134133,1776367520000
1776367521.898,21.898,0.51,22.49,0.5,54.5,0.52,47.0,0.53,180.71,0.48,47.0,0.47,170.71,0.49,17.5,0.5,45.5,0.01,0.01,2344.134133,1776367520000
1776367522.33,22.33,0.51,52.49,0.5,54.5,0.52,26.2,0.53,180.71,0.48,47.0,0.47,180.71,0.49,22.49,0.5,54.5,0.01,0.01,2344.13313,1776367521000
1776367522.855,22.855,0.51,57.49,0.5,54.5,0.53,180.64,0.54,83.5,0.48,26.2,0.47,180.71,0.49,52.49,0.5,54.5,0.02,0.01,2344.13313,1776367521000
1776367523.832,23.832,0.52,27.0,0.51,53.49,0.53,190.64,0.54,83.5,0.47,180.64,0.46,83.5,0.49,57.49,0.5,54.5,0.01,0.02,2344.23022,1776367522000
1776367524.037,24.037,0.52,83.5,0.51,99.49,0.53,93.64,0.54,58.0,0.47,190.64,0.46,83.5,0.48,27.0,0.49,53.49,0.01,0.01,2344.23022,1776367522000
1776367524.265,24.265,0.52,33.0,0.51,104.49,0.54,8.0,0.55,138.88,0.47,15.67,0.46,8.0,0.48,17.5,0.49,99.49,0.02,0.01,2344.28314,1776367523000
1776367524.525,24.525,0.54,46.5,0.53,23.5,0.55,73.88,0.56,40.0,0.45,138.88,0.44,35.0,0.47,18.0,0.48,17.0,0.01,0.02,2344.28314,1776367523000
1776367525.186,25.186,0.54,49.32,0.53,18.5,0.55,83.88,0.56,50.0,0.45,73.88,0.44,40.0,0.46,46.5,0.47,23.5,0.01,0.01,2344.28314,1776367523000
1776367525.788,25.788,0.54,117.32,0.53,27.5,0.56,35.0,0.57,100.0,0.45,83.88,0.44,50.0,0.46,49.32,0.47,18.5,0.02,0.01,2344.276048,1776367524000
1776367527.168,27.168,0.56,64.5,0.55,65.5,0.57,10.0,0.58,80.0,0.44,35.0,0.43,100.0,0.46,117.32,0.47,27.5,0.01,0.02,2344.456439,1776367525000
1776367527.65,27.65,0.56,62.88,0.55,60.5,0.57,10.0,0.58,80.0,0.43,10.0,0.42,80.0,0.44,64.5,0.45,65.5,0.01,0.01,2344.600679,1776367526000
1776367528.284,28.284,0.56,50.88,0.55,60.5,0.58,67.94,0.59,270.0,0.42,70.0,0.41,270.0,0.44,55.88,0.45,60.5,0.02,0.02,2344.600679,1776367526000
1776367529.542,29.542,0.57,10.0,0.56,64.88,0.58,22.44,0.59,165.5,0.42,67.94,0.41,270.0,0.44,50.88,0.45,60.5,0.01,0.02,2344.753446,1776367528000
1776367529.857,29.857,0.56,64.88,0.55,76.5,0.58,23.94,0.59,160.5,0.42,22.44,0.41,165.5,0.43,10.0,0.44,64.88,0.02,0.01,2344.753446,1776367528000
1776367530.292,30.292,0.57,64.0,0.56,75.38,0.59,140.0,0.6,20.5,0.42,23.94,0.41,160.5,0.44,64.88,0.45,76.5,0.02,0.02,2344.753446,1776367528000
1776367531.167,31.167,0.58,83.0,0.57,68.0,0.59,88.3,0.6,10.0,0.41,140.0,0.4,20.5,0.43,64.0,0.44,75.38,0.01,0.02,2344.807489,1776367529000
1776367532.187,32.187,0.58,75.0,0.57,68.0,0.59,68.3,0.6,20.5,0.41,88.3,0.4,10.0,0.42,83.0,0.43,68.0,0.01,0.01,2344.732915,1776367531000
1776367532.522,32.522,0.58,72.61,0.57,73.0,0.59,62.3,0.6,20.5,0.41,62.3,0.4,20.5,0.42,75.0,0.43,73.0,0.01,0.01,2344.732915,1776367531000
1776367533.19,33.19,0.58,63.61,0.57,62.0,0.59,42.45,0.6,20.5,0.41,62.3,0.4,20.5,0.42,63.61,0.43,68.0,0.01,0.01,2344.732915,1776367531000
1776367535.022,35.022,0.58,73.61,0.57,62.0,0.59,66.45,0.6,25.5,0.41,42.45,0.4,20.5,0.42,63.61,0.43,62.0,0.01,0.01,2344.834569,1776367533000
1776367535.369,35.369,0.58,64.61,0.57,62.0,0.59,66.45,0.6,25.5,0.41,66.45,0.4,25.5,0.42,73.61,0.43,62.0,0.01,0.01,2344.81626,1776367534000
1776367535.607,35.607,0.58,47.61,0.57,62.0,0.59,25.74,0.6,25.5,0.41,66.45,0.4,25.5,0.42,64.61,0.43,62.0,0.01,0.01,2344.81626,1776367534000
1776367536.467,36.467,0.58,45.0,0.57,72.0,0.59,35.74,0.6,25.5,0.41,25.74,0.4,25.5,0.42,49.77,0.43,62.0,0.01,0.01,2344.798789,1776367535000
1776367537.773,37.773,0.58,45.0,0.57,60.5,0.59,29.74,0.6,25.0,0.41,35.74,0.4,25.5,0.42,45.0,0.43,72.0,0.01,0.01,2344.789967,1776367536000
1776367538.13,38.13,0.58,36.0,0.57,70.5,0.59,34.74,0.6,20.0,0.41,29.74,0.4,25.0,0.42,45.0,0.43,60.5,0.01,0.01,2344.789967,1776367536000
1776367538.586,38.586,0.58,21.61,0.57,55.0,0.59,51.74,0.6,20.5,0.41,34.74,0.4,20.0,0.42,36.0,0.43,70.5,0.01,0.01,2344.796251,1776367537000
1776367539.192,39.192,0.58,21.61,0.57,30.0,0.61,176.59,0.62,118.0,0.41,51.74,0.4,20.5,0.42,21.61,0.43,55.0,0.03,0.01,2344.796251,1776367537000
1776367540.437,40.437,0.57,5.0,0.56,30.0,0.6,215.5,0.61,77.06,0.39,176.59,0.38,118.0,0.42,21.61,0.43,30.0,0.03,0.03,2344.822893,1776367539000
1776367540.882,40.882,0.54,66.9,0.53,10.0,0.55,139.07,0.56,43.5,0.45,31.5,0.44,30.5,0.46,40.9,0.47,10.0,0.01,0.01,2344.822893,1776367539000
1776367542.337,42.337,0.53,10.0,0.52,176.0,0.55,204.07,0.56,38.5,0.45,139.07,0.44,43.5,0.46,66.9,0.47,10.0,0.02,0.01,2344.696677,1776367541000
1776367543.09,43.09,0.52,23.0,0.51,140.5,0.53,137.22,0.54,45.37,0.45,204.07,0.44,38.5,0.47,10.0,0.48,176.0,0.01,0.02,2344.696677,1776367541000
1776367545.557,45.557,0.52,36.91,0.51,140.5,0.53,28.23,0.54,38.9,0.47,137.22,0.46,45.37,0.48,23.0,0.49,140.5,0.01,0.01,2344.419371,1776367544000
1776367546.211,46.211,0.51,25.0,0.5,105.0,0.53,271.73,0.54,124.37,0.47,28.23,0.46,38.9,0.48,36.91,0.49,140.5,0.02,0.01,2344.419371,1776367544000
1776367548.001,48.001,0.49,135.19,0.48,60.0,0.51,338.71,0.52,239.5,0.47,271.73,0.46,124.37,0.49,25.0,0.5,105.0,0.02,0.02,2344.445215,1776367546000
1776367548.623,48.623,0.47,60.0,0.46,245.0,0.5,199.5,0.51,112.31,0.5,220.5,0.49,170.71,0.51,51.06,0.52,60.0,0.03,0.01,2344.284787,1776367547000
1776367549.137,49.137,0.44,230.0,0.43,82.0,0.45,7.0,0.46,15.0,0.5,199.5,0.49,112.31,0.53,60.0,0.54,245.0,0.01,0.03,2344.284787,1776367547000
1776367551.998,51.998,0.41,120.0,0.4,85.5,0.44,33.5,0.45,50.96,0.55,7.0,0.54,15.0,0.56,230.0,0.57,82.0,0.03,0.01,2343.876432,1776367550000
1776367553.961,53.961,0.41,41.5,0.4,95.5,0.42,5.0,0.43,12.0,0.57,3.0,0.56,26.5,0.59,50.0,0.6,75.0,0.01,0.02,2343.504823,1776367552000
1776367554.383,54.383,0.42,73.5,0.41,32.84,0.44,10.0,0.47,112.97,0.57,7.0,0.54,10.0,0.59,48.84,0.6,90.5,0.02,0.02,2343.504823,1776367552000
1776367555.26,55.26,0.43,37.35,0.42,70.5,0.44,15.0,0.45,35.0,0.56,10.0,0.53,112.97,0.58,73.5,0.59,32.84,0.01,0.02,2343.480278,1776367554000
1776367555.914,55.914,0.43,2.35,0.42,65.5,0.44,25.0,0.45,40.0,0.56,15.0,0.55,35.0,0.57,37.35,0.58,70.5,0.01,0.01,2343.480278,1776367554000
1776367556.646,56.646,0.43,86.85,0.42,35.5,0.45,30.0,0.46,5.0,0.56,25.0,0.55,40.0,0.57,2.35,0.58,65.5,0.02,0.01,2343.631497,1776367555000
1776367556.858,56.858,0.44,50.0,0.43,30.5,0.46,5.0,0.47,5.0,0.55,26.59,0.54,5.0,0.56,15.0,0.57,60.5,0.02,0.01,2343.631497,1776367555000
1776367557.364,57.364,0.45,24.81,0.44,95.5,0.47,5.0,0.48,65.0,0.54,5.0,0.53,5.0,0.55,24.81,0.56,90.0,0.02,0.01,2343.631497,1776367555000
1776367558.359,58.359,0.47,18.76,0.46,38.5,0.48,50.0,0.51,50.0,0.53,0.82,0.52,65.0,0.55,24.81,0.56,95.5,0.01,0.02,2343.650084,1776367557000
1776367558.972,58.972,0.5,5.0,0.49,5.0,0.51,90.0,0.52,96.5,0.52,50.0,0.49,50.0,0.53,18.76,0.54,38.5,0.01,0.01,2343.650084,1776367557000
1776367559.776,59.776,0.46,20.09,0.45,80.5,0.47,10.0,0.48,20.5,0.49,90.0,0.48,96.5,0.5,5.0,0.51,5.0,0.01,0.01,2343.847236,1776367558000
1776367560.149,60.149,0.46,4.59,0.44,70.0,0.47,28.94,0.48,20.5,0.53,10.0,0.52,20.5,0.54,20.09,0.55,80.5,0.01,0.01,2343.847236,1776367558000
1776367560.466,60.466,0.44,61.21,0.43,35.0,0.46,39.32,0.47,32.94,0.54,16.32,0.53,62.94,0.55,5.0,0.56,63.8,0.02,0.01,2343.917589,1776367559000
1776367560.768,60.768,0.44,56.21,0.43,35.0,0.45,28.0,0.46,26.32,0.54,39.32,0.53,32.94,0.56,61.21,0.57,35.0,0.01,0.02,2343.917589,1776367559000
1776367561.019,61.019,0.44,51.21,0.43,35.0,0.45,100.2,0.46,26.32,0.55,28.0,0.54,26.32,0.56,56.21,0.57,35.0,0.01,0.01,2343.917589,1776367559000
1776367562.016,62.016,0.44,30.21,0.43,35.0,0.45,80.5,0.46,37.32,0.55,100.2,0.54,26.32,0.56,51.21,0.57,35.0,0.01,0.01,2344.023293,1776367560000
1776367562.373,62.373,0.43,35.0,0.42,10.0,0.45,80.5,0.46,37.32,0.55,80.5,0.54,37.32,0.56,30.21,0.57,35.0,0.02,0.01,2343.742195,1776367561000
1776367565.838,65.838,0.39,115.0,0.38,285.0,0.41,54.0,0.42,25.0,0.55,80.5,0.54,37.32,0.57,35.0,0.58,10.0,0.02,0.02,2343.623344,1776367564000
1776367566.259,66.259,0.39,146.5,0.38,285.0,0.4,9.87,0.41,39.0,0.59,54.0,0.58,25.0,0.61,115.0,0.62,285.0,0.01,0.02,2343.613886,1776367565000
1776367567.257,67.257,0.39,129.53,0.38,290.0,0.4,5.0,0.41,21.0,0.6,9.87,0.59,39.0,0.61,146.5,0.62,285.0,0.01,0.01,2343.613886,1776367565000
1776367567.706,67.706,0.39,129.53,0.38,290.0,0.41,21.0,0.42,25.0,0.6,5.0,0.59,21.0,0.61,129.53,0.62,290.0,0.02,0.01,2343.6122,1776367566000
1776367568.249,68.249,0.39,113.53,0.38,290.0,0.41,26.0,0.42,25.0,0.59,21.0,0.58,25.0,0.61,129.53,0.62,290.0,0.02,0.02,2343.607854,1776367567000
1776367569.01,69.01,0.39,25.0,0.38,210.0,0.41,10.0,0.42,30.16,0.58,14.66,0.57,20.0,0.61,113.53,0.62,290.0,0.02,0.03,2343.605578,1776367568000
1776367570.235,70.235,0.4,5.0,0.39,32.0,0.41,10.0,0.42,14.66,0.59,10.0,0.58,30.16,0.61,25.0,0.62,210.0,0.01,0.02,2343.601779,1776367569000
1776367570.541,70.541,0.4,10.0,0.39,25.0,0.41,15.0,0.42,30.16,0.59,10.0,0.58,14.66,0.6,5.0,0.61,32.0,0.01,0.01,2343.601779,1776367569000
1776367571.012,71.012,0.4,10.0,0.39,25.0,0.41,12.56,0.42,30.16,0.59,15.0,0.58,30.16,0.6,10.0,0.61,25.0,0.01,0.01,2343.576398,1776367570000
1776367571.283,71.283,0.4,13.36,0.39,25.0,0.41,10.0,0.42,30.16,0.59,12.56,0.58,30.16,0.6,10.0,0.61,25.0,0.01,0.01,2343.576398,1776367570000
1776367571.679,71.679,0.4,13.36,0.39,25.0,0.41,0.71,0.42,30.16,0.59,10.0,0.58,30.16,0.6,13.36,0.61,25.0,0.01,0.01,2343.576398,1776367570000
1776367572.241,72.241,0.41,3.29,0.39,10.0,0.42,174.16,0.43,165.5,0.58,30.16,0.57,31.5,0.59,8.29,0.6,13.36,0.01,0.01,2343.540606,1776367571000
1776367573.636,73.636,0.37,10.0,0.36,15.0,0.39,4.0,0.4,16.0,0.58,174.16,0.57,165.5,0.61,10.0,0.62,135.0,0.02,0.03,2343.522096,1776367572000
1776367574.061,74.061,0.39,4.0,0.38,10.0,0.4,21.0,0.41,10.0,0.6,11.0,0.59,10.0,0.64,5.5,0.65,85.0,0.01,0.04,2343.522096,1776367572000
1776367575.002,75.002,0.39,4.0,0.38,10.0,0.4,83.0,0.41,36.5,0.6,21.0,0.59,10.0,0.61,4.0,0.62,10.0,0.01,0.01,2343.1736,1776367573000
1776367576.136,76.136,0.33,10.0,0.32,100.0,0.34,7.05,0.35,15.0,0.6,83.0,0.59,36.5,0.61,4.0,0.62,10.0,0.01,0.01,2343.277653,1776367575000
1776367577.098,77.098,0.32,50.0,0.29,255.0,0.34,21.8,0.35,30.0,0.66,7.05,0.65,15.0,0.67,10.0,0.68,100.0,0.02,0.01,2343.277653,1776367575000
1776367578.898,78.898,0.25,7.5,0.23,70.0,0.26,10.0,0.27,10.0,0.66,21.8,0.65,30.0,0.68,50.0,0.71,255.0,0.01,0.02,2342.898051,1776367577000
1776367579.263,79.263,0.23,66.0,0.22,170.0,0.25,33.0,0.26,10.0,0.74,10.0,0.73,10.0,0.75,7.5,0.77,70.0,0.02,0.01,2342.898051,1776367577000
1776367579.534,79.534,0.23,70.0,0.22,170.0,0.24,17.0,0.25,10.0,0.75,51.0,0.74,10.0,0.77,70.0,0.78,170.0,0.01,0.02,2342.606753,1776367578000
1776367579.815,79.815,0.23,15.37,0.22,81.0,0.24,17.0,0.25,10.0,0.76,17.0,0.75,10.0,0.77,44.37,0.78,81.0,0.01,0.01,2342.606753,1776367578000
1776367580.029,80.029,0.23,5.37,0.22,81.0,0.24,17.0,0.25,10.0,0.76,17.0,0.75,10.0,0.77,15.37,0.78,81.0,0.01,0.01,2342.516107,1776367579000
1776367580.318,80.318,0.22,72.17,0.21,195.0,0.24,27.5,0.25,20.5,0.76,17.0,0.75,10.0,0.77,5.37,0.78,81.0,0.02,0.01,2342.516107,1776367579000
1776367580.574,80.574,0.22,72.17,0.21,265.0,0.23,5.65,0.24,25.5,0.76,27.5,0.75,20.5,0.78,72.17,0.79,195.0,0.01,0.02,2342.516107,1776367579000
1776367580.808,80.808,0.22,70.88,0.21,265.0,0.23,5.65,0.24,25.5,0.77,5.65,0.76,25.5,0.78,72.17,0.79,265.0,0.01,0.01,2342.516107,1776367579000
1776367581.244,81.244,0.22,3.71,0.21,165.0,0.23,28.65,0.24,46.5,0.77,28.65,0.76,30.5,0.79,265.0,0.8,125.0,0.01,0.02,2342.516107,1776367579000
1776367581.576,81.576,0.22,5.71,0.21,145.0,0.23,44.15,0.24,45.5,0.77,28.65,0.76,46.5,0.78,3.71,0.79,165.0,0.01,0.01,2342.3294,1776367580000
1776367583.333,83.333,0.21,135.12,0.2,100.0,0.22,97.36,0.23,5.65,0.78,77.36,0.77,30.23,0.79,140.0,0.8,100.0,0.01,0.01,2342.068064,1776367582000
1776367583.668,83.668,0.21,130.01,0.2,100.0,0.22,97.36,0.23,5.65,0.78,97.36,0.77,5.65,0.79,131.28,0.8,100.0,0.01,0.01,2342.068064,1776367582000
1776367583.907,83.907,0.21,123.68,0.2,100.0,0.22,97.36,0.23,5.65,0.78,97.36,0.77,5.65,0.79,130.01,0.8,100.0,0.01,0.01,2342.068064,1776367582000
1776367584.479,84.479,0.21,117.61,0.19,170.0,0.22,97.36,0.23,5.65,0.78,97.36,0.77,5.65,0.79,98.68,0.8,100.0,0.01,0.01,2341.953552,1776367583000
1776367586.519,86.519,0.21,99.61,0.2,50.0,0.22,87.36,0.23,21.15,0.78,97.36,0.77,5.65,0.79,117.61,0.81,170.0,0.01,0.01,2341.977714,1776367585000
1776367587.168,87.168,0.21,99.61,0.2,50.0,0.22,104.95,0.23,21.15,0.78,87.36,0.77,21.15,0.79,99.61,0.8,50.0,0.01,0.01,2341.977714,1776367585000
1776367588.154,88.154,0.21,91.48,0.2,50.0,0.22,91.95,0.23,21.15,0.78,104.95,0.77,21.15,0.79,97.48,0.8,50.0,0.01,0.01,2342.008549,1776367586000
1776367588.436,88.436,0.21,141.48,0.2,60.5,0.22,84.95,0.23,5.65,0.78,91.95,0.77,21.15,0.79,91.48,0.8,50.0,0.01,0.01,2342.010531,1776367587000
1776367588.926,88.926,0.21,226.98,0.2,165.5,0.22,75.28,0.23,5.65,0.78,80.4,0.77,5.65,0.79,116.48,0.8,60.5,0.01,0.01,2342.010531,1776367587000
1776367589.678,89.678,0.21,184.74,0.2,180.0,0.22,70.73,0.23,5.65,0.78,75.28,0.77,5.65,0.79,195.24,0.8,165.5,0.01,0.01,2342.008364,1776367588000
1776367590.248,90.248,0.21,23.0,0.2,75.0,0.22,146.23,0.23,21.15,0.78,70.73,0.77,5.65,0.79,184.74,0.8,180.0,0.01,0.01,2342.008364,1776367588000
1776367590.561,90.561,0.2,75.0,0.19,70.0,0.21,81.23,0.22,111.23,0.78,146.23,0.77,16.15,0.8,75.0,0.81,70.0,0.01,0.02,2342.008364,1776367588000
1776367590.915,90.915,0.2,40.0,0.19,175.0,0.21,19.0,0.22,42.73,0.79,81.23,0.78,111.23,0.8,75.0,0.81,70.0,0.01,0.01,2342.008364,1776367588000
1776367591.128,91.128,0.2,13.35,0.19,175.0,0.21,19.0,0.22,58.23,0.79,19.0,0.78,42.73,0.8,40.0,0.81,175.0,0.01,0.01,2342.008364,1776367588000
1776367591.425,91.425,0.19,195.0,0.18,285.5,0.2,44.2,0.21,15.0,0.79,19.0,0.78,58.23,0.81,175.0,0.82,285.5,0.01,0.02,2342.037791,1776367590000
1776367591.821,91.821,0.19,176.3,0.18,310.5,0.2,684.47,0.21,10.0,0.8,49.2,0.79,10.0,0.81,192.53,0.82,285.5,0.01,0.01,2342.037791,1776367590000
1776367592.114,92.114,0.19,121.5,0.18,260.5,0.2,36.2,0.21,10.0,0.8,44.2,0.79,10.0,0.81,193.52,0.82,310.5,0.01,0.01,2342.037791,1776367590000
1776367592.451,92.451,0.19,114.93,0.18,260.5,0.2,28.0,0.21,4.85,0.8,10.0,0.79,4.85,0.81,109.93,0.82,260.5,0.01,0.01,2342.037791,1776367590000
1776367592.892,92.892,0.19,122.5,0.18,344.9,0.21,50.41,0.22,42.73,0.8,28.0,0.79,4.85,0.81,114.93,0.82,260.5,0.02,0.01,2341.958962,1776367591000
1776367593.175,93.175,0.2,81.0,0.19,55.5,0.21,48.74,0.22,42.73,0.79,45.41,0.78,42.73,0.8,46.0,0.81,79.5,0.01,0.01,2341.916522,1776367592000
1776367593.466,93.466,0.2,76.0,0.19,55.5,0.21,48.74,0.22,42.73,0.79,48.74,0.78,42.73,0.8,81.0,0.81,55.5,0.01,0.01,2341.916522,1776367592000
1776367593.883,93.883,0.2,114.0,0.19,78.9,0.21,24.74,0.22,42.73,0.79,19.74,0.78,32.73,0.8,161.0,0.81,78.9,0.01,0.01,2341.916522,1776367592000
1776367594.32,94.32,0.2,84.5,0.19,78.9,0.21,5.74,0.22,42.73,0.79,5.74,0.78,42.73,0.8,85.0,0.81,78.9,0.01,0.01,2341.916522,1776367592000
1776367596.278,96.278,0.2,80.25,0.19,83.9,0.21,5.74,0.22,42.73,0.79,5.74,0.78,42.73,0.8,84.5,0.81,78.9,0.01,0.01,2342.08352,1776367594000
1776367596.753,96.753,0.21,94.26,0.2,71.5,0.22,42.73,0.23,5.65,0.78,42.73,0.77,5.65,0.79,13.26,0.8,80.25,0.01,0.01,2342.16938,1776367595000
1776367597.607,97.607,0.2,11.0,0.19,5.0,0.22,213.23,0.23,121.15,0.78,42.73,0.77,5.65,0.79,94.26,0.8,71.5,0.02,0.01,2342.170333,1776367596000
1776367598.957,98.957,0.2,16.08,0.19,5.0,0.21,15.19,0.22,170.23,0.79,25.5,0.78,206.23,0.8,6.08,0.81,5.0,0.01,0.01,2342.169539,1776367597000
1776367599.159,99.159,0.2,21.58,0.19,5.0,0.21,6.5,0.22,170.23,0.79,15.19,0.78,170.23,0.8,16.08,0.81,5.0,0.01,0.01,2342.169539,1776367597000
1776367599.473,99.473,0.2,16.58,0.19,5.0,0.21,10.0,0.22,170.23,0.79,6.5,0.78,170.23,0.8,21.58,0.81,5.0,0.01,0.01,2342.171925,1776367598000
1776367601.851,101.851,0.2,25.5,0.19,5.0,0.21,135.57,0.22,158.23,0.79,10.0,0.78,170.23,0.8,16.58,0.81,5.0,0.01,0.01,2341.978372,1776367600000
1776367602.196,102.196,0.2,81.0,0.19,40.5,0.22,2.27,0.23,5.65,0.79,135.57,0.78,158.23,0.8,25.5,0.81,5.0,0.02,0.01,2341.978372,1776367600000
1776367602.536,102.536,0.21,119.45,0.2,155.5,0.22,10.0,0.23,10.0,0.78,10.0,0.75,65.91,0.79,21.47,0.8,55.5,0.01,0.01,2342.003147,1776367601000
1776367602.843,102.843,0.21,118.05,0.2,155.5,0.22,15.0,0.23,10.0,0.78,10.0,0.77,10.0,0.79,119.45,0.8,155.5,0.01,0.01,2342.003147,1776367601000
1776367603.311,103.311,0.21,145.53,0.2,150.5,0.22,20.0,0.23,10.0,0.78,15.0,0.77,10.0,0.79,118.05,0.8,155.5,0.01,0.01,2342.004322,1776367602000
1776367603.948,103.948,0.21,145.53,0.2,150.5,0.22,6.5,0.23,10.0,0.78,20.0,0.77,10.0,0.79,145.53,0.8,150.5,0.01,0.01,2342.004322,1776367602000
1776367604.576,104.576,0.21,151.53,0.2,150.5,0.22,34.65,0.23,10.0,0.78,6.5,0.77,10.0,0.79,145.53,0.8,150.5,0.01,0.01,2342.043527,1776367603000
1776367604.889,104.889,0.21,146.53,0.2,150.5,0.22,44.65,0.23,10.0,0.78,34.65,0.77,10.0,0.79,151.53,0.8,150.5,0.01,0.01,2342.043527,1776367603000
1776367606.456,106.456,0.21,137.38,0.2,140.0,0.22,66.15,0.23,25.5,0.78,44.65,0.77,10.0,0.79,144.82,0.8,150.5,0.01,0.01,2342.147506,1776367604000
1776367607.259,107.259,0.21,136.18,0.2,105.0,0.22,53.15,0.23,113.99,0.78,66.15,0.77,25.5,0.79,137.38,0.8,140.0,0.01,0.01,2342.141719,1776367606000
1776367607.574,107.574,0.21,131.18,0.2,105.0,0.22,42.65,0.23,113.99,0.78,53.15,0.77,113.99,0.79,136.18,0.8,105.0,0.01,0.01,2342.141719,1776367606000
1776367608.292,108.292,0.21,24.9,0.2,105.0,0.22,79.67,0.23,25.5,0.78,42.65,0.77,113.99,0.79,131.18,0.8,105.0,0.01,0.01,2342.14042,1776367607000
1776367608.549,108.549,0.21,23.53,0.2,105.0,0.22,79.67,0.23,25.5,0.78,79.67,0.77,25.5,0.79,24.9,0.8,105.0,0.01,0.01,2342.14042,1776367607000
1776367609.202,109.202,0.21,61.01,0.2,150.5,0.22,63.67,0.23,15.0,0.78,79.67,0.77,25.5,0.79,23.53,0.8,105.0,0.01,0.01,2342.14042,1776367607000
1776367609.958,109.958,0.21,32.01,0.2,115.0,0.22,50.67,0.23,25.5,0.78,63.67,0.77,15.0,0.79,61.01,0.8,150.5,0.01,0.01,2342.136771,1776367608000
1776367610.285,110.285,0.21,27.01,0.2,115.0,0.22,50.67,0.23,25.5,0.78,50.67,0.77,25.5,0.79,32.01,0.8,115.0,0.01,0.01,2342.131868,1776367609000
1776367610.963,110.963,0.22,7.0,0.21,165.51,0.25,14.27,0.26,30.0,0.78,50.67,0.77,25.5,0.79,27.01,0.8,115.0,0.03,0.01,2342.131868,1776367609000
1776367612.14,112.14,0.28,23.61,0.27,25.5,0.29,16.0,0.3,110.0,0.72,30.0,0.71,20.0,0.8,34.84,0.81,127.0,0.01,0.08,2342.160974,1776367611000
1776367612.605,112.605,0.28,41.61,0.27,15.0,0.29,16.0,0.3,120.0,0.71,16.0,0.7,110.0,0.72,23.61,0.73,25.5,0.01,0.01,2342.160974,1776367611000
1776367613.004,113.004,0.28,35.0,0.27,50.5,0.29,16.0,0.3,110.0,0.71,16.0,0.7,120.0,0.72,41.61,0.73,15.0,0.01,0.01,2342.160974,1776367611000
1776367614.308,114.308,0.28,41.62,0.27,40.0,0.29,26.0,0.3,120.0,0.71,16.0,0.7,110.0,0.72,35.0,0.73,50.5,0.01,0.01,2342.90324,1776367613000
1776367614.848,114.848,0.27,33.0,0.26,15.0,0.28,187.02,0.29,80.5,0.71,26.0,0.7,120.0,0.72,41.62,0.73,40.0,0.01,0.01,2342.90324,1776367613000
1776367615.388,115.388,0.26,5.0,0.25,30.0,0.27,19.5,0.28,152.25,0.73,5.0,0.72,193.02,0.74,15.0,0.75,30.0,0.01,0.01,2342.942742,1776367614000
1776367615.712,115.712,0.26,10.0,0.25,30.0,0.27,24.5,0.28,152.25,0.73,19.5,0.72,152.25,0.74,5.0,0.75,30.0,0.01,0.01,2342.942742,1776367614000
1776367616.074,116.074,0.25,30.0,0.24,59.7,0.26,16.15,0.27,19.5,0.73,24.5,0.72,152.25,0.74,4.0,0.75,30.0,0.01,0.01,2342.942742,1776367614000
1776367617.968,117.968,0.25,95.2,0.24,90.2,0.29,52.7,0.3,120.0,0.74,16.15,0.73,19.5,0.75,30.0,0.76,59.7,0.04,0.01,2342.734885,1776367616000
1776367618.642,118.642,0.28,50.5,0.27,57.75,0.29,45.8,0.3,120.0,0.71,52.7,0.7,120.0,0.74,3.97,0.75,95.2,0.01,0.03,2342.726768,1776367617000
1776367619.083,119.083,0.28,132.5,0.27,51.05,0.29,0.8,0.3,120.0,0.71,45.8,0.7,120.0,0.72,50.5,0.73,57.75,0.01,0.01,2342.726768,1776367617000
1776367620.058,120.058,0.29,144.0,0.28,83.39,0.3,30.0,0.32,51.0,0.7,120.0,0.68,51.0,0.72,132.5,0.73,51.05,0.01,0.02,2342.735189,1776367618000
1776367621.246,121.246,0.29,143.5,0.28,53.39,0.3,26.66,0.32,51.0,0.7,30.0,0.68,51.0,0.71,144.0,0.72,83.39,0.01,0.01,2342.78871,1776367619000
1776367621.663,121.663,0.29,281.5,0.28,48.39,0.32,51.0,0.34,10.0,0.7,26.66,0.68,51.0,0.71,143.5,0.72,53.39,0.03,0.01,2342.78871,1776367619000
1776367622.079,122.079,0.31,6.0,0.3,1.0,0.32,6.0,0.34,10.0,0.68,26.0,0.66,10.0,0.7,1.0,0.71,236.5,0.01,0.02,2343.036001,1776367620000
1776367622.55,122.55,0.31,85.0,0.3,63.5,0.32,0.53,0.35,63.85,0.68,6.0,0.66,10.0,0.71,104.47,0.72,49.89,0.01,0.03,2343.036001,1776367620000
1776367622.934,122.934,0.32,129.49,0.31,345.5,0.35,27.42,0.36,105.0,0.65,27.42,0.64,105.0,0.69,200.5,0.7,49.5,0.03,0.04,2343.068869,1776367621000
1776367623.266,123.266,0.34,10.5,0.33,17.5,0.35,22.42,0.36,105.0,0.65,27.42,0.64,105.0,0.68,129.49,0.69,345.5,0.01,0.03,2343.068869,1776367621000
1776367623.481,123.481,0.34,115.5,0.33,98.5,0.35,17.42,0.36,105.0,0.65,22.42,0.64,105.0,0.66,10.5,0.67,17.5,0.01,0.01,2343.068869,1776367621000
1776367623.866,123.866,0.35,266.3,0.34,132.5,0.37,25.0,0.4,118.33,0.64,30.0,0.63,25.0,0.66,293.5,0.67,20.5,0.02,0.02,2343.236883,1776367622000
1776367624.101,124.101,0.39,60.0,0.38,10.0,0.4,43.03,0.41,35.0,0.63,25.0,0.6,118.33,0.65,266.3,0.66,132.5,0.01,0.02,2343.236883,1776367622000
1776367624.314,124.314,0.43,9.0,0.39,34.0,0.45,2.51,0.46,5.0,0.49,191.12,0.48,10.0,0.61,22.0,0.62,10.0,0.02,0.12,2343.366555,1776367623000
1776367624.547,124.547,0.45,9.18,0.44,17.0,0.46,3.47,0.5,5.0,0.54,3.47,0.52,15.0,0.57,8.0,0.59,12.19,0.01,0.03,2343.366555,1776367623000
1776367624.778,124.778,0.5,0.4,0.49,10.0,0.51,166.12,0.52,70.0,0.49,171.12,0.48,82.0,0.55,77.18,0.56,10.0,0.01,0.06,2343.366555,1776367623000
1776367625.434,125.434,0.5,53.0,0.49,15.0,0.51,25.24,0.52,16.0,0.49,126.12,0.47,60.0,0.5,75.86,0.51,10.0,0.01,0.01,2343.366555,1776367623000
1776367625.825,125.825,0.52,7.83,0.51,10.0,0.53,55.0,0.54,200.0,0.47,55.0,0.46,200.0,0.5,41.8,0.51,15.0,0.01,0.03,2343.98596,1776367624000
1776367626.152,126.152,0.52,45.45,0.51,10.0,0.53,35.0,0.54,200.0,0.47,55.0,0.46,200.0,0.48,7.83,0.49,10.0,0.01,0.01,2343.98596,1776367624000
1776367626.404,126.404,0.52,27.83,0.51,10.0,0.53,18.61,0.54,150.0,0.47,35.0,0.46,200.0,0.48,45.45,0.49,10.0,0.01,0.01,2344.074332,1776367625000
1776367626.762,126.762,0.52,55.83,0.51,10.0,0.53,9.61,0.54,150.0,0.47,18.61,0.46,150.0,0.48,32.83,0.49,10.0,0.01,0.01,2344.074332,1776367625000
1776367627.125,127.125,0.52,34.99,0.51,10.0,0.53,9.61,0.55,60.0,0.47,9.61,0.46,150.0,0.48,55.83,0.49,10.0,0.01,0.01,2344.074332,1776367625000
1776367627.468,127.468,0.54,20.0,0.53,10.0,0.56,111.33,0.57,95.0,0.47,9.61,0.45,60.0,0.48,34.99,0.49,10.0,0.02,0.01,2344.074332,1776367625000
1776367629.201,129.201,0.55,85.33,0.54,15.0,0.56,11.83,0.57,177.28,0.44,111.33,0.43,95.0,0.46,20.0,0.47,10.0,0.01,0.02,2344.474634,1776367627000
1776367629.588,129.588,0.55,97.33,0.54,15.0,0.59,59.0,0.6,50.0,0.44,11.83,0.43,177.28,0.45,85.33,0.46,15.0,0.04,0.01,2344.510702,1776367628000
1776367630.224,130.224,0.58,42.61,0.57,25.0,0.59,40.5,0.6,50.0,0.41,55.0,0.4,50.0,0.42,31.0,0.43,15.0,0.01,0.01,2344.510702,1776367628000
1776367630.877,130.877,0.58,22.61,0.57,25.0,0.59,40.5,0.6,50.0,0.41,40.5,0.4,50.0,0.42,42.61,0.43,25.0,0.01,0.01,2344.55659,1776367629000
1776367631.386,131.386,0.58,17.51,0.57,25.0,0.59,14.24,0.6,60.0,0.41,39.24,0.4,50.0,0.42,22.61,0.43,25.0,0.01,0.01,2344.590563,1776367630000
1776367631.683,131.683,0.58,7.51,0.57,25.0,0.59,16.81,0.6,60.0,0.41,16.81,0.4,60.0,0.42,17.51,0.43,25.0,0.01,0.01,2344.590563,1776367630000
1776367633.692,133.692,0.58,37.65,0.57,10.0,0.59,26.81,0.61,10.0,0.41,16.81,0.4,60.0,0.42,7.51,0.43,25.0,0.01,0.01,2344.858679,1776367632000
1776367634.474,134.474,0.58,14.53,0.57,10.0,0.59,7.0,0.61,10.0,0.41,4.48,0.39,10.0,0.42,37.65,0.43,10.0,0.01,0.01,2344.863769,1776367633000
1776367634.914,134.914,0.57,10.0,0.56,20.0,0.59,27.5,0.62,30.0,0.41,7.0,0.38,20.0,0.45,9.74,0.46,10.0,0.02,0.04,2344.863769,1776367633000
1776367635.128,135.128,0.58,7.02,0.57,10.0,0.59,25.8,0.62,30.0,0.41,27.5,0.38,30.0,0.42,7.02,0.43,10.0,0.01,0.01,2344.863769,1776367633000
1776367635.779,135.779,0.55,20.0,0.54,30.0,0.56,243.42,0.57,50.45,0.41,25.8,0.38,30.0,0.42,7.02,0.43,10.0,0.01,0.01,2344.84984,1776367634000
1776367636.605,136.605,0.55,43.0,0.54,20.0,0.56,212.42,0.57,50.45,0.44,243.42,0.43,50.45,0.45,20.0,0.46,30.0,0.01,0.01,2344.84984,1776367634000
1776367636.907,136.907,0.55,53.0,0.54,20.0,0.56,189.42,0.57,50.45,0.44,212.42,0.43,50.45,0.45,43.0,0.46,20.0,0.01,0.01,2344.83078,1776367635000
1776367637.183,137.183,0.55,30.0,0.54,20.0,0.56,179.63,0.57,50.45,0.44,187.63,0.43,50.45,0.45,53.0,0.46,20.0,0.01,0.01,2344.83078,1776367635000
1776367637.654,137.654,0.55,76.0,0.54,25.0,0.56,177.84,0.57,50.45,0.44,179.63,0.43,50.45,0.45,30.0,0.46,20.0,0.01,0.01,2344.813025,1776367636000
1776367637.987,137.987,0.55,76.0,0.54,25.0,0.56,19.84,0.57,50.45,0.44,177.84,0.43,50.45,0.45,76.0,0.46,25.0,0.01,0.01,2344.813025,1776367636000
1776367639.496,139.496,0.55,72.0,0.54,15.0,0.56,0.71,0.57,50.45,0.44,17.71,0.43,50.45,0.45,81.0,0.46,25.0,0.01,0.01,2344.709627,1776367638000
1776367639.868,139.868,0.56,20.27,0.55,15.0,0.57,42.45,0.58,25.5,0.44,0.71,0.43,50.45,0.45,72.0,0.46,15.0,0.01,0.01,2344.709627,1776367638000
1776367641.094,141.094,0.56,2.27,0.55,10.0,0.57,114.45,0.58,35.5,0.43,42.45,0.42,25.5,0.44,20.27,0.45,15.0,0.01,0.01,2344.715388,1776367639000
1776367642.307,142.307,0.54,10.0,0.53,10.0,0.55,19.77,0.56,40.0,0.43,114.45,0.42,35.5,0.45,10.0,0.46,10.0,0.01,0.02,2344.726149,1776367640000
1776367643.054,143.054,0.54,123.0,0.53,20.0,0.55,1.5,0.56,25.0,0.45,19.77,0.44,40.0,0.46,10.0,0.47,10.0,0.01,0.01,2344.683205,1776367642000
1776367643.384,143.384,0.55,53.0,0.54,20.0,0.56,20.0,0.57,100.45,0.44,25.0,0.43,100.45,0.46,123.0,0.47,20.0,0.01,0.02,2344.683205,1776367642000
1776367644.444,144.444,0.55,12.0,0.54,25.0,0.56,51.0,0.57,110.45,0.44,20.0,0.43,100.45,0.45,53.0,0.46,20.0,0.01,0.01,2344.630687,1776367643000
1776367645.837,145.837,0.55,172.0,0.54,25.5,0.56,34.22,0.57,30.45,0.44,51.0,0.43,110.45,0.45,12.0,0.46,25.0,0.01,0.01,2344.650555,1776367644000
1776367646.825,146.825,0.55,44.0,0.54,15.0,0.56,17.17,0.57,15.5,0.44,34.22,0.43,30.45,0.45,172.0,0.46,25.5,0.01,0.01,2344.64754,1776367645000
1776367648.621,148.621,0.47,50.0,0.46,30.0,0.48,13.93,0.49,25.5,0.44,17.17,0.43,15.5,0.45,44.0,0.46,15.0,0.01,0.01,2344.647857,1776367646000
1776367649.825,149.825,0.47,50.0,0.46,40.0,0.48,14.09,0.49,35.5,0.52,13.93,0.51,25.5,0.53,50.0,0.54,30.0,0.01,0.01,2344.39415,1776367648000
1776367651.457,151.457,0.47,5.0,0.46,30.0,0.49,62.2,0.5,74.81,0.5,74.81,0.49,237.5,0.53,50.0,0.54,40.0,0.02,0.03,2344.191979,1776367649000
1776367652.431,152.431,0.46,50.72,0.45,85.5,0.47,40.0,0.48,20.5,0.52,10.0,0.51,79.2,0.54,30.0,0.55,165.0,0.01,0.02,2344.181036,1776367651000
1776367652.646,152.646,0.46,30.99,0.45,85.5,0.47,40.0,0.48,20.5,0.53,40.0,0.52,20.5,0.54,31.28,0.55,85.5,0.01,0.01,2344.181036,1776367651000
1776367654.894,154.894,0.45,24.34,0.44,35.5,0.46,15.0,0.47,25.0,0.53,40.0,0.52,20.5,0.54,30.99,0.55,85.5,0.01,0.01,2344.086247,1776367653000
1776367655.246,155.246,0.45,117.5,0.44,60.5,0.46,15.0,0.5,95.0,0.54,15.0,0.53,25.0,0.55,24.34,0.56,35.5,0.01,0.01,2344.086247,1776367653000
1776367655.57,155.57,0.48,32.0,0.47,22.0,0.5,150.5,0.51,150.0,0.5,95.0,0.49,140.0,0.55,115.33,0.56,60.5,0.02,0.05,2344.069709,1776367654000
1776367655.856,155.856,0.48,12.0,0.47,22.0,0.49,2.0,0.5,125.5,0.5,150.5,0.49,150.0,0.52,32.0,0.53,22.0,0.01,0.02,2344.069709,1776367654000
1776367656.219,156.219,0.48,46.2,0.47,22.0,0.49,27.68,0.5,120.5,0.51,12.89,0.5,120.5,0.52,12.0,0.53,22.0,0.01,0.01,2344.057666,1776367655000
1776367657.392,157.392,0.48,30.07,0.47,22.0,0.49,53.18,0.5,130.5,0.51,27.68,0.5,120.5,0.52,46.2,0.53,22.0,0.01,0.01,2344.043864,1776367656000
1776367659.243,159.243,0.48,15.07,0.47,32.0,0.49,59.63,0.5,140.5,0.51,53.18,0.5,130.5,0.52,30.07,0.53,22.0,0.01,0.01,2344.067794,1776367657000
1776367660.951,160.951,0.48,200.07,0.47,27.5,0.49,25.63,0.5,35.0,0.51,59.63,0.5,140.5,0.52,15.07,0.53,32.0,0.01,0.01,2344.063756,1776367659000
1776367661.191,161.191,0.48,200.07,0.47,27.5,0.5,35.0,0.51,10.0,0.51,25.63,0.5,35.0,0.52,200.07,0.53,27.5,0.02,0.01,2344.067162,1776367660000
1776367661.701,161.701,0.51,47.77,0.48,243.07,0.52,10.0,0.53,60.0,0.5,35.0,0.49,10.0,0.52,200.07,0.53,27.5,0.01,0.02,2344.067162,1776367660000
1776367662.019,162.019,0.51,39.74,0.49,10.5,0.53,10.0,0.54,85.0,0.48,10.0,0.47,60.0,0.49,47.77,0.52,243.07,0.02,0.01,2344.067162,1776367660000
1776367662.512,162.512,0.46,48.3,0.45,15.0,0.53,10.0,0.54,85.0,0.47,10.0,0.46,85.0,0.49,50.24,0.51,10.5,0.07,0.02,2344.131164,1776367661000
1776367662.933,162.933,0.52,240.65,0.5,40.0,0.55,8.0,0.56,2.22,0.46,85.0,0.45,8.0,0.48,194.2,0.5,30.0,0.03,0.02,2344.131164,1776367661000
1776367663.466,163.466,0.54,138.5,0.53,20.5,0.56,1.14,0.57,50.0,0.45,8.0,0.44,2.22,0.48,220.72,0.5,40.0,0.02,0.03,2344.496571,1776367662000
1776367664.334,164.334,0.55,81.5,0.54,27.5,0.59,25.0,0.61,75.0,0.44,1.14,0.43,50.0,0.46,138.5,0.47,20.5,0.04,0.02,2344.67374,1776367663000
1776367664.953,164.953,0.6,10.0,0.59,10.0,0.61,52.3,0.62,70.0,0.41,25.0,0.39,75.0,0.45,81.5,0.46,27.5,0.01,0.04,2344.67374,1776367663000
1776367667.408,167.408,0.62,20.31,0.61,15.0,0.63,62.68,0.64,220.0,0.38,70.0,0.37,200.0,0.4,10.0,0.41,10.0,0.01,0.02,2344.780777,1776367666000
1776367667.615,167.615,0.61,3.89,0.6,10.0,0.63,62.68,0.64,220.0,0.37,62.68,0.36,220.0,0.38,20.31,0.39,15.0,0.02,0.01,2344.780777,1776367666000
1776367668.171,168.171,0.62,7.36,0.61,3.89,0.63,61.09,0.64,220.0,0.37,61.09,0.36,220.0,0.38,10.0,0.39,3.89,0.01,0.01,2344.768031,1776367667000
1776367668.767,168.767,0.54,41.69,0.52,64.4,0.6,70.0,0.62,81.53,0.37,61.09,0.36,220.0,0.38,7.36,0.39,3.89,0.06,0.01,2344.768031,1776367667000
1776367669.344,169.344,0.56,2.93,0.55,10.0,0.57,30.0,0.58,37.0,0.4,70.0,0.39,16.0,0.44,5.93,0.46,41.69,0.01,0.04,2344.765111,1776367668000
1776367670.359,170.359,0.58,10.0,0.57,15.0,0.6,100.5,0.61,96.0,0.43,30.0,0.42,37.0,0.44,2.93,0.45,10.0,0.02,0.01,2344.733599,1776367669000
1776367671.509,171.509,0.58,19.0,0.56,15.5,0.59,20.5,0.6,80.5,0.4,100.5,0.39,96.0,0.42,10.0,0.43,15.0,0.01,0.02,2344.593166,1776367670000
1776367671.834,171.834,0.57,10.0,0.56,39.0,0.58,4.5,0.59,20.5,0.41,20.5,0.4,80.5,0.42,19.0,0.44,15.5,0.01,0.01,2344.593166,1776367670000
1776367672.146,172.146,0.57,3.37,0.56,25.0,0.58,4.5,0.59,15.5,0.42,4.5,0.41,20.5,0.43,10.0,0.44,39.0,0.01,0.01,2344.593166,1776367670000
1776367673.448,173.448,0.56,44.57,0.55,20.5,0.58,12.13,0.59,32.5,0.42,12.13,0.41,15.5,0.43,3.37,0.44,25.0,0.02,0.01,2344.59401,1776367672000
1776367673.705,173.705,0.57,1.0,0.56,44.57,0.58,12.13,0.59,32.5,0.42,12.13,0.41,32.5,0.44,44.57,0.45,20.5,0.01,0.02,2344.59401,1776367672000
1776367674.423,174.423,0.57,1.0,0.56,44.57,0.62,10.5,0.63,141.59,0.42,12.13,0.41,32.5,0.43,1.0,0.44,44.57,0.05,0.01,2344.576408,1776367673000
1776367674.898,174.898,0.61,5.0,0.6,10.0,0.62,30.5,0.63,141.59,0.38,10.5,0.37,141.59,0.44,34.18,0.45,20.5,0.01,0.06,2344.576408,1776367673000
1776367677.736,177.736,0.61,90.0,0.6,35.0,0.62,19.5,0.63,106.59,0.38,30.5,0.37,76.59,0.39,21.0,0.4,20.0,0.01,0.01,2344.68402,1776367676000
1776367678.093,178.093,0.61,87.0,0.6,30.0,0.62,19.5,0.63,71.59,0.38,19.5,0.37,106.59,0.39,90.0,0.4,35.0,0.01,0.01,2344.729335,1776367677000
1776367679.366,179.366,0.61,5.0,0.6,25.0,0.62,46.5,0.63,151.59,0.38,19.5,0.37,71.59,0.39,87.0,0.4,30.0,0.01,0.01,2344.733706,1776367678000
1776367680.449,180.449,0.6,25.0,0.59,15.0,0.61,89.5,0.62,31.5,0.39,5.0,0.38,36.5,0.4,20.0,0.41,15.0,0.01,0.01,2344.72757,1776367679000
1776367680.767,180.767,0.6,26.0,0.59,15.0,0.61,54.5,0.62,14.5,0.39,89.5,0.38,31.5,0.4,25.0,0.41,15.0,0.01,0.01,2344.72757,1776367679000
1776367682.091,182.091,0.56,50.0,0.54,56.69,0.59,144.49,0.6,40.96,0.39,52.53,0.38,14.5,0.41,10.0,0.42,35.0,0.03,0.02,2344.727385,1776367680000
1776367682.471,182.471,0.54,56.69,0.52,100.0,0.57,21.05,0.58,120.0,0.41,144.49,0.4,40.96,0.44,50.0,0.46,56.69,0.03,0.03,2344.71321,1776367681000
1776367683.391,183.391,0.54,6.69,0.52,100.0,0.55,8.0,0.56,275.53,0.43,21.05,0.42,120.0,0.46,56.69,0.48,100.0,0.01,0.03,2344.71321,1776367681000
1776367683.745,183.745,0.54,8.69,0.53,10.0,0.55,8.0,0.56,154.0,0.45,12.36,0.44,180.0,0.46,6.69,0.48,100.0,0.01,0.01,2344.661972,1776367682000
1776367685.211,185.211,0.59,12.9,0.58,10.0,0.6,20.5,0.61,129.5,0.45,8.0,0.44,154.0,0.46,8.69,0.47,10.0,0.01,0.01,2344.466083,1776367684000
1776367686.12,186.12,0.59,5.0,0.58,20.0,0.6,24.5,0.61,149.5,0.4,20.5,0.39,129.5,0.41,12.9,0.42,10.0,0.01,0.01,2344.466083,1776367684000
1776367686.343,186.343,0.58,15.0,0.57,25.0,0.6,24.5,0.61,149.5,0.4,24.5,0.39,149.5,0.41,5.0,0.42,20.0,0.02,0.01,2344.459258,1776367685000
1776367689.991,189.991,0.54,6.69,0.51,15.5,0.55,46.68,0.56,324.49,0.4,24.5,0.39,149.5,0.42,15.0,0.43,25.0,0.01,0.02,2344.443528,1776367688000
1776367691.131,191.131,0.5,15.65,0.49,10.0,0.51,14.03,0.52,10.0,0.49,6.48,0.45,46.68,0.5,5.15,0.51,10.0,0.01,0.01,2344.362622,1776367690000
1776367691.369,191.369,0.5,3.52,0.49,10.0,0.51,14.03,0.52,10.0,0.49,14.03,0.48,10.0,0.51,10.0,0.52,185.14,0.01,0.02,2344.362622,1776367690000
1776367692.42,192.42,0.48,38.21,0.47,115.5,0.49,58.0,0.5,26.5,0.49,14.03,0.48,10.0,0.5,3.52,0.51,10.0,0.01,0.01,2344.346391,1776367691000
1776367693.146,193.146,0.47,0.46,0.46,64.5,0.49,68.0,0.5,26.5,0.51,58.0,0.5,26.5,0.52,38.21,0.53,115.5,0.02,0.01,2344.346391,1776367691000
1776367693.884,193.884,0.47,8.61,0.46,90.0,0.48,21.0,0.49,68.0,0.51,68.0,0.5,26.5,0.53,0.46,0.54,64.5,0.01,0.02,2344.331341,1776367692000
1776367694.921,194.921,0.47,8.61,0.46,30.5,0.48,20.0,0.49,73.0,0.52,21.0,0.51,68.0,0.53,8.61,0.54,90.0,0.01,0.01,2344.306622,1776367693000
1776367695.244,195.244,0.47,117.61,0.46,30.5,0.48,3.0,0.49,47.0,0.52,20.0,0.51,73.0,0.53,8.61,0.54,30.5,0.01,0.01,2344.273716,1776367694000
1776367695.722,195.722,0.47,117.61,0.46,30.5,0.49,32.0,0.5,16.0,0.52,3.0,0.51,47.0,0.53,117.61,0.54,30.5,0.02,0.01,2344.273716,1776367694000
1776367695.924,195.924,0.48,89.05,0.47,11.61,0.49,32.0,0.5,16.0,0.51,32.0,0.5,16.0,0.53,117.61,0.54,30.5,0.01,0.02,2344.273716,1776367694000
1776367696.838,196.838,0.48,88.29,0.47,10.0,0.49,22.0,0.5,26.5,0.51,32.0,0.5,16.0,0.52,89.05,0.53,11.61,0.01,0.01,2344.252984,1776367695000
1776367698.087,198.087,0.48,98.29,0.47,45.5,0.49,6.0,0.5,16.0,0.51,22.0,0.5,26.5,0.52,88.29,0.53,10.0,0.01,0.01,2344.251214,1776367696000
1776367698.531,198.531,0.49,10.0,0.48,133.79,0.5,1.0,0.51,70.0,0.51,6.0,0.5,16.0,0.52,98.29,0.53,45.5,0.01,0.01,2344.26471,1776367697000
1776367699.937,199.937,0.49,99.11,0.48,15.0,0.56,75.0,0.57,10.5,0.5,1.0,0.49,70.0,0.51,10.0,0.52,133.79,0.07,0.01,2344.25231,1776367698000
1776367700.758,200.758,0.55,40.0,0.54,23.0,0.58,25.0,0.59,179.5,0.44,75.0,0.43,10.5,0.49,34.28,0.51,88.61,0.03,0.05,2344.3232,1776367699000
1776367702.527,202.527,0.58,130.0,0.57,15.0,0.6,35.0,0.61,35.1,0.42,25.0,0.41,179.5,0.45,40.0,0.46,23.0,0.02,0.03,2344.479163,1776367701000
1776367703.548,203.548,0.59,23.34,0.58,26.0,0.65,215.8,0.66,251.0,0.4,35.0,0.39,35.1,0.42,130.0,0.43,15.0,0.06,0.02,2344.574377,1776367702000
1776367703.823,203.823,0.64,58.0,0.63,10.0,0.65,215.8,0.66,251.0,0.35,215.8,0.34,251.0,0.41,23.34,0.42,26.0,0.01,0.06,2344.574377,1776367702000
1776367705.041,205.041,0.67,13.0,0.66,47.5,0.68,75.0,0.69,50.0,0.35,215.8,0.34,251.0,0.36,58.0,0.37,10.0,0.01,0.01,2344.57804,1776367703000
1776367707.036,207.036,0.7,53.0,0.69,20.0,0.71,40.14,0.72,190.0,0.32,75.0,0.31,50.0,0.33,13.0,0.34,47.5,0.01,0.01,2344.971386,1776367705000
1776367707.26,207.26,0.7,53.0,0.69,20.0,0.71,79.3,0.72,190.0,0.29,89.3,0.28,190.0,0.3,53.0,0.31,20.0,0.01,0.01,2345.087325,1776367706000
1776367707.712,207.712,0.7,53.0,0.69,20.0,0.71,87.89,0.72,190.0,0.29,79.3,0.28,190.0,0.3,53.0,0.31,20.0,0.01,0.01,2345.087325,1776367706000
1776367708.222,208.222,0.7,48.0,0.69,20.0,0.71,90.35,0.72,190.0,0.29,87.89,0.28,190.0,0.3,53.0,0.31,20.0,0.01,0.01,2345.087325,1776367706000
1776367708.428,208.428,0.7,10.0,0.69,15.0,0.71,43.8,0.72,200.0,0.29,88.8,0.28,205.0,0.3,38.0,0.31,20.0,0.01,0.01,2345.087325,1776367706000
1776367708.968,208.968,0.68,11.97,0.67,10.0,0.69,25.5,0.7,55.5,0.3,49.5,0.29,38.8,0.32,12.97,0.33,10.0,0.01,0.02,2345.099685,1776367707000
1776367710.011,210.011,0.68,183.47,0.67,10.0,0.7,13.0,0.71,25.0,0.31,25.5,0.3,55.5,0.32,5.97,0.33,10.0,0.02,0.01,2345.099295,1776367708000
1776367711.252,211.252,0.75,25.2,0.74,20.0,0.76,12.67,0.77,80.5,0.28,170.0,0.26,50.0,0.31,10.0,0.32,178.47,0.01,0.03,2345.026455,1776367709000
1776367711.501,211.501,0.76,44.0,0.75,20.2,0.77,38.74,0.78,120.0,0.23,53.94,0.22,120.0,0.24,30.0,0.25,30.2,0.01,0.01,2345.01808,1776367710000
1776367712.24,212.24,0.76,32.67,0.75,15.0,0.77,48.74,0.78,120.0,0.23,38.74,0.22,120.0,0.24,44.0,0.25,20.2,0.01,0.01,2345.198122,1776367711000
1776367712.95,212.95,0.76,3.2,0.75,15.0,0.77,38.74,0.78,130.0,0.23,38.74,0.22,120.0,0.24,32.67,0.25,15.0,0.01,0.01,2345.198122,1776367711000
1776367713.916,213.916,0.75,60.0,0.74,15.0,0.76,7.11,0.78,5.0,0.23,36.94,0.22,130.0,0.25,15.0,0.26,15.0,0.01,0.02,2345.380601,1776367712000
1776367714.206,214.206,0.77,27.0,0.76,17.0,0.79,30.5,0.8,70.0,0.21,20.0,0.2,70.0,0.23,15.0,0.24,10.0,0.02,0.02,2345.380601,1776367712000
1776367715.216,215.216,0.77,34.0,0.76,17.0,0.79,71.5,0.8,75.0,0.21,30.5,0.2,70.0,0.23,27.0,0.24,17.0,0.02,0.02,2345.398417,1776367713000
1776367715.808,215.808,0.77,17.0,0.76,17.0,0.78,24.18,0.79,25.5,0.21,71.5,0.2,75.0,0.23,34.0,0.24,17.0,0.01,0.02,2345.395167,1776367714000
1776367716.454,216.454,0.77,12.0,0.76,17.0,0.78,24.18,0.79,25.5,0.22,24.18,0.21,25.5,0.23,17.0,0.24,17.0,0.01,0.01,2345.466381,1776367715000
1776367717.391,217.391,0.77,17.0,0.76,17.0,0.78,24.5,0.79,25.5,0.22,8.18,0.21,25.5,0.23,12.0,0.24,17.0,0.01,0.01,2345.465396,1776367716000
1776367717.695,217.695,0.77,11.18,0.76,17.0,0.78,14.5,0.79,25.5,0.22,14.5,0.21,25.5,0.23,15.28,0.24,17.0,0.01,0.01,2345.465396,1776367716000
1776367718.599,218.599,0.77,21.18,0.76,36.7,0.78,9.5,0.79,35.5,0.22,14.5,0.21,25.5,0.23,11.18,0.24,17.0,0.01,0.01,2345.458164,1776367717000
1776367718.914,218.914,0.77,24.48,0.76,36.7,0.78,19.5,0.79,25.5,0.22,9.5,0.21,35.5,0.23,21.18,0.24,36.7,0.01,0.01,2345.458164,1776367717000
1776367719.14,219.14,0.77,14.48,0.76,36.7,0.78,9.5,0.79,35.5,0.22,19.5,0.21,25.5,0.23,24.48,0.24,36.7,0.01,0.01,2345.458164,1776367717000
1776367719.532,219.532,0.77,24.48,0.76,36.7,0.78,13.21,0.79,25.5,0.22,9.5,0.21,35.5,0.23,14.48,0.24,36.7,0.01,0.01,2345.457518,1776367718000
1776367719.898,219.898,0.76,20.07,0.75,44.2,0.78,13.21,0.79,35.5,0.22,13.21,0.21,25.5,0.23,24.48,0.24,36.7,0.02,0.01,2345.457518,1776367718000
1776367722.315,222.315,0.78,15.0,0.77,30.3,0.79,10.5,0.8,95.5,0.22,13.21,0.21,35.5,0.24,20.07,0.25,44.2,0.01,0.02,2345.4514,1776367720000
1776367722.63,222.63,0.77,55.8,0.76,45.57,0.8,95.5,0.81,100.0,0.21,10.5,0.2,95.5,0.22,15.0,0.23,30.3,0.03,0.01,2345.451525,1776367721000
1776367723.009,223.009,0.79,5.0,0.78,10.0,0.8,103.92,0.81,90.0,0.2,98.42,0.19,90.0,0.21,10.0,0.22,15.0,0.01,0.01,2345.451525,1776367721000
1776367724.662,224.662,0.79,25.0,0.78,46.5,0.8,23.42,0.81,85.5,0.2,103.92,0.19,90.0,0.21,5.0,0.22,10.0,0.01,0.01,2345.459071,1776367723000
1776367725.724,225.724,0.79,41.7,0.78,56.5,0.8,0.13,0.81,90.5,0.2,23.42,0.19,85.5,0.21,25.0,0.22,46.5,0.01,0.01,2345.508618,1776367724000
1776367727.741,227.741,0.81,40.0,0.8,73.5,0.82,77.8,0.83,175.5,0.2,0.13,0.19,90.5,0.21,41.7,0.22,56.5,0.01,0.01,2345.522444,1776367726000
1776367729.163,229.163,0.84,22.0,0.83,24.0,0.85,3.51,0.86,20.5,0.18,77.8,0.17,175.5,0.19,40.0,0.2,73.5,0.01,0.01,2345.544005,1776367728000
1776367729.413,229.413,0.84,20.75,0.83,24.0,0.86,19.33,0.87,29.83,0.15,1.39,0.14,20.5,0.16,15.75,0.17,24.0,0.02,0.01,2345.544005,1776367728000
1776367729.804,229.804,0.84,35.75,0.83,29.0,0.85,15.79,0.86,19.33,0.14,19.33,0.13,29.83,0.16,20.75,0.17,24.0,0.01,0.02,2345.544005,1776367728000
1776367730.247,230.247,0.86,30.0,0.85,25.5,0.87,10.27,0.88,90.5,0.13,26.6,0.12,80.0,0.14,15.0,0.15,40.0,0.01,0.01,2345.566996,1776367729000
1776367730.463,230.463,0.87,5.0,0.86,30.0,0.88,9.78,0.89,230.0,0.12,25.78,0.11,230.0,0.14,20.0,0.15,25.5,0.01,0.02,2345.566996,1776367729000
1776367731.046,231.046,0.87,10.0,0.86,35.0,0.88,14.09,0.89,230.0,0.12,9.78,0.11,230.0,0.13,5.0,0.14,30.0,0.01,0.01,2345.566996,1776367729000
1776367731.914,231.914,0.88,20.0,0.87,31.5,0.89,104.15,0.9,20.0,0.12,14.09,0.11,230.0,0.13,10.0,0.14,35.0,0.01,0.01,2345.740031,1776367730000
1776367732.311,232.311,0.88,20.0,0.87,73.3,0.89,102.9,0.9,20.0,0.11,104.15,0.1,20.0,0.12,20.0,0.13,31.5,0.01,0.01,2345.936208,1776367731000
1776367732.636,232.636,0.88,34.1,0.87,73.3,0.89,46.39,0.9,20.0,0.11,97.52,0.1,20.0,0.12,1.0,0.13,73.3,0.01,0.01,2345.936208,1776367731000
1776367733.527,233.527,0.88,41.1,0.87,72.8,0.89,15.77,0.9,20.0,0.11,46.39,0.1,20.0,0.12,34.1,0.13,73.3,0.01,0.01,2345.967642,1776367732000
1776367733.754,233.754,0.88,46.1,0.87,73.3,0.89,18.12,0.9,20.0,0.11,20.37,0.1,20.0,0.12,46.1,0.13,73.3,0.01,0.01,2345.967642,1776367732000
1776367734.253,234.253,0.88,29.43,0.87,83.3,0.89,16.99,0.9,20.0,0.11,16.99,0.1,20.0,0.12,46.1,0.13,73.3,0.01,0.01,2346.107455,1776367733000
1776367734.508,234.508,0.88,29.43,0.87,78.3,0.9,20.58,0.91,31.0,0.11,2.21,0.1,30.5,0.12,29.43,0.13,83.3,0.02,0.01,2346.107455,1776367733000
1776367734.827,234.827,0.89,33.59,0.88,44.93,0.9,20.5,0.91,10.0,0.08,23.44,0.07,29.0,0.11,37.69,0.12,24.43,0.01,0.03,2346.107455,1776367733000
1776367735.068,235.068,0.89,33.59,0.88,44.93,0.9,25.5,0.91,15.0,0.1,20.5,0.09,10.0,0.11,33.59,0.12,44.93,0.01,0.01,2346.107455,1776367733000
1776367735.426,235.426,0.9,100.0,0.89,44.99,0.91,8.9,0.92,23.44,0.09,8.9,0.08,23.44,0.1,14.0,0.11,44.99,0.01,0.01,2346.128847,1776367734000
1776367735.721,235.721,0.9,10.0,0.88,34.43,0.91,14.75,0.92,23.44,0.09,1.75,0.08,23.44,0.1,64.0,0.11,44.99,0.01,0.01,2346.128847,1776367734000
1776367735.922,235.922,0.88,44.93,0.87,68.3,0.9,41.66,0.91,18.43,0.1,5.0,0.09,26.43,0.12,34.43,0.13,68.3,0.02,0.02,2346.128847,1776367734000
1776367736.295,236.295,0.88,36.59,0.87,68.3,0.89,5.0,0.9,57.16,0.1,41.66,0.09,18.43,0.12,44.93,0.13,68.3,0.01,0.02,2346.123068,1776367735000
1776367736.865,236.865,0.88,28.25,0.87,108.3,0.89,16.0,0.9,46.66,0.11,5.0,0.1,57.16,0.12,36.59,0.13,68.3,0.01,0.01,2346.123068,1776367735000
1776367737.162,237.162,0.88,28.25,0.87,118.3,0.89,19.87,0.9,72.16,0.11,16.0,0.1,46.66,0.12,28.25,0.13,108.3,0.01,0.01,2346.142032,1776367736000
1776367737.437,237.437,0.88,19.91,0.87,108.3,0.89,19.87,0.9,56.66,0.11,19.87,0.1,72.16,0.12,28.25,0.13,118.3,0.01,0.01,2346.142032,1776367736000
1776367737.736,237.736,0.88,34.91,0.87,108.3,0.9,36.66,0.91,0.43,0.11,19.87,0.1,56.66,0.12,19.91,0.13,108.3,0.02,0.01,2346.142032,1776367736000
1776367737.956,237.956,0.89,38.5,0.88,19.91,0.92,18.44,0.93,24.0,0.1,11.09,0.08,18.44,0.11,28.0,0.12,19.91,0.03,0.01,2346.142032,1776367736000
1776367738.237,238.237,0.91,91.38,0.9,109.5,0.93,12.13,0.94,26.0,0.08,18.44,0.07,24.0,0.09,14.38,0.1,95.5,0.02,0.01,2346.168651,1776367737000
1776367738.544,238.544,0.92,23.0,0.91,79.38,0.93,7.84,0.94,7.62,0.06,7.62,0.05,144.32,0.08,12.5,0.09,91.38,0.01,0.02,2346.168651,1776367737000
1776367738.972,238.972,0.94,94.33,0.93,100.0,0.95,133.48,0.96,50.0,0.05,133.48,0.04,50.0,0.08,41.5,0.09,79.38,0.01,0.03,2346.168651,1776367737000
1776367739.202,239.202,0.94,94.33,0.93,100.0,0.95,78.42,0.96,50.0,0.05,133.48,0.04,50.0,0.06,94.33,0.07,100.0,0.01,0.01,2346.168651,1776367737000
1776367739.862,239.862,0.94,36.99,0.93,110.5,0.95,75.42,0.96,50.0,0.05,78.42,0.04,50.0,0.06,94.33,0.07,100.0,0.01,0.01,2346.176267,1776367738000
1776367740.307,240.307,0.93,20.0,0.92,44.0,0.95,71.55,0.96,50.0,0.05,72.78,0.04,50.0,0.06,36.99,0.07,110.5,0.02,0.01,2346.176267,1776367738000
1776367740.653,240.653,0.93,35.0,0.92,20.0,0.94,7.89,0.95,49.55,0.05,71.55,0.04,50.0,0.07,20.0,0.08,44.0,0.01,0.02,2346.613855,1776367739000
1776367741.036,241.036,0.93,35.0,0.92,63.9,0.94,50.37,0.95,46.7,0.05,46.7,0.04,50.0,0.07,35.0,0.08,68.9,0.01,0.02,2346.613855,1776367739000
1776367741.968,241.968,0.93,88.3,0.92,81.9,0.94,2.0,0.95,46.7,0.06,50.37,0.05,46.7,0.07,35.0,0.08,63.9,0.01,0.01,2346.91521,1776367740000
1776367742.662,242.662,0.94,105.8,0.93,83.3,0.95,57.36,0.96,50.0,0.05,41.43,0.04,55.0,0.07,88.3,0.08,81.9,0.01,0.02,2346.957304,1776367741000
1776367742.875,242.875,0.94,93.8,0.93,83.3,0.97,100.23,0.98,349.0,0.05,3.23,0.04,50.0,0.06,93.8,0.07,83.3,0.03,0.01,2346.957304,1776367741000
1776367743.282,243.282,0.96,150.63,0.95,118.8,0.97,100.23,0.98,349.0,0.03,100.23,0.02,349.0,0.06,93.8,0.07,83.3,0.01,0.03,2346.957304,1776367741000
1776367743.569,243.569,0.96,251.33,0.95,96.8,0.97,22.19,0.98,349.0,0.03,25.23,0.02,349.0,0.04,150.63,0.05,96.8,0.01,0.01,2346.837051,1776367742000
1776367744.329,244.329,0.96,295.7,0.95,96.8,0.97,1.67,0.98,349.0,0.03,11.98,0.02,349.0,0.04,244.7,0.05,96.8,0.01,0.01,2346.829611,1776367743000
1776367744.769,244.769,0.97,93.0,0.96,214.7,0.98,349.0,0.99,4698.18,0.02,349.0,0.01,4698.18,0.04,275.7,0.05,96.8,0.01,0.02,2346.829611,1776367743000
1776367745.131,245.131,0.97,21.27,0.96,212.7,0.98,349.0,0.99,4698.18,0.02,349.0,0.01,4698.18,0.03,93.0,0.04,214.7,0.01,0.01,2347.076235,1776367744000
1776367745.494,245.494,0.97,18.79,0.96,202.7,0.98,428.91,0.99,4616.65,0.02,340.92,0.01,4698.18,0.03,21.27,0.04,212.7,0.01,0.01,2347.076235,1776367744000
1776367745.696,245.696,0.97,29.1,0.96,202.7,0.98,497.56,0.99,4718.17,0.02,498.59,0.01,4718.17,0.03,18.79,0.04,202.7,0.01,0.01,2347.076235,1776367744000
1776367746.53,246.53,0.97,65.83,0.96,5.0,0.98,343.46,0.99,4718.17,0.02,495.5,0.01,4718.17,0.03,19.83,0.04,202.7,0.01,0.01,2347.076235,1776367744000
1776367746.785,246.785,0.97,65.83,0.96,5.0,0.98,338.46,0.99,4718.17,0.02,343.46,0.01,4718.17,0.03,65.83,0.04,5.0,0.01,0.01,2347.076235,1776367744000
1776367747.104,247.104,0.97,73.99,0.96,5.0,0.98,1209.17,0.99,4718.17,0.02,338.46,0.01,4718.17,0.03,65.83,0.04,5.0,0.01,0.01,2347.1478,1776367745000
1776367748.372,248.372,0.96,5.0,0.94,73.8,0.98,740.17,0.99,5062.18,0.02,1209.17,0.01,4718.17,0.03,73.99,0.04,5.0,0.02,0.01,2346.944545,1776367747000
1776367748.893,248.893,0.92,71.9,0.91,74.0,0.95,15.0,0.96,137.0,0.07,24.0,0.03,248.0,0.08,86.9,0.09,64.0,0.03,0.01,2346.944545,1776367747000
1776367749.328,249.328,0.96,15.0,0.95,15.0,0.97,29.0,0.98,27.47,0.05,15.0,0.04,137.0,0.08,71.9,0.09,74.0,0.01,0.03,2346.873967,1776367748000
1776367749.947,249.947,0.96,25.0,0.95,75.0,0.97,2.22,0.98,27.47,0.03,0.74,0.02,27.47,0.04,15.0,0.05,75.0,0.01,0.01,2346.873967,1776367748000
1776367751.068,251.068,0.93,75.39,0.92,66.9,0.97,2.22,0.98,27.47,0.03,2.22,0.02,27.47,0.04,25.0,0.05,75.0,0.04,0.01,2346.862165,1776367749000
1776367751.77,251.77,0.95,20.0,0.94,10.0,0.96,8.95,0.97,12.22,0.03,2.22,0.02,27.47,0.07,75.39,0.08,66.9,0.01,0.04,2346.758318,1776367750000
1776367752.093,252.093,0.95,10.0,0.94,10.0,0.97,3.61,0.98,27.47,0.04,3.95,0.03,12.22,0.05,10.0,0.06,10.0,0.02,0.01,2347.311344,1776367751000
1776367752.342,252.342,0.94,54.31,0.93,90.39,0.95,28.75,0.96,43.46,0.05,54.0,0.03,3.61,0.06,10.0,0.07,90.39,0.01,0.01,2347.311344,1776367751000
1776367752.687,252.687,0.94,54.31,0.93,90.39,0.96,38.25,0.97,3.61,0.04,43.46,0.03,3.61,0.06,54.31,0.07,90.39,0.02,0.02,2347.311344,1776367751000
1776367753.033,253.033,0.95,12.0,0.94,49.0,0.96,29.85,0.97,3.61,0.04,35.15,0.03,3.61,0.06,49.0,0.07,90.39,0.01,0.02,2347.311344,1776367751000
1776367753.54,253.54,0.96,31.92,0.94,15.0,0.97,3.61,0.98,27.47,0.04,8.19,0.03,3.61,0.05,12.0,0.06,44.0,0.01,0.01,2347.353744,1776367752000
1776367753.877,253.877,0.96,31.79,0.94,15.0,0.97,3.61,0.98,27.47,0.03,3.61,0.02,27.47,0.04,31.92,0.06,15.0,0.01,0.01,2347.353744,1776367752000
1776367754.161,254.161,0.96,31.79,0.95,5.28,0.97,8.96,0.98,27.47,0.02,27.47,0.01,1741.56,0.04,31.79,0.06,15.0,0.01,0.02,2347.353744,1776367752000
1776367755.052,255.052,0.97,10.0,0.95,15.28,0.98,26.44,0.99,1860.56,0.02,27.47,0.01,1741.56,0.03,21.04,0.04,1.79,0.01,0.01,2347.412573,1776367754000
1776367755.555,255.555,0.97,10.15,0.96,5.21,0.98,0.4,0.99,1860.56,0.02,5.4,0.01,1860.56,0.03,15.15,0.05,15.28,0.01,0.01,2347.412573,1776367754000
1776367755.925,255.925,0.98,20.0,0.97,5.15,0.99,1860.56,,,0.01,1860.56,,,0.03,5.0,0.04,5.21,0.01,0.02,2347.412573,1776367754000
1776367756.171,256.171,0.98,20.0,0.95,91.08,0.99,1850.56,,,0.01,1860.56,,,0.02,20.0,0.03,5.15,0.01,0.01,2347.412573,1776367754000
1776367756.422,256.422,0.98,20.0,0.95,91.08,0.99,1820.56,,,0.01,1830.56,,,0.02,20.0,0.05,91.08,0.01,0.01,2347.474582,1776367755000
1776367756.848,256.848,0.98,25.09,0.95,15.28,0.99,1807.81,,,0.01,1810.56,,,0.02,25.0,0.05,91.08,0.01,0.01,2347.474582,1776367755000
1776367757.171,257.171,0.98,25.09,0.95,91.08,0.99,1777.81,,,0.01,1807.81,,,0.02,25.09,0.05,15.28,0.01,0.01,2347.474582,1776367755000
1776367757.428,257.428,0.98,25.0,0.95,91.08,0.99,1775.77,,,0.01,1776.79,,,0.02,30.09,0.05,91.08,0.01,0.01,2347.555976,1776367756000
1776367757.788,257.788,0.98,25.0,0.95,15.28,0.99,1847.09,,,0.01,1775.67,,,0.02,25.0,0.05,91.08,0.01,0.01,2347.555976,1776367756000
1776367758.221,258.221,0.98,25.0,0.95,15.28,0.99,2200.59,,,0.01,2205.64,,,0.02,25.0,0.05,15.28,0.01,0.01,2347.550896,1776367757000
1776367758.816,258.816,0.98,25.0,0.95,15.28,0.99,2072.99,,,0.01,2099.57,,,0.02,25.0,0.05,15.28,0.01,0.01,2347.550896,1776367757000
1776367759.027,259.027,0.98,20.0,0.95,15.28,0.99,2052.97,,,0.01,2072.99,,,0.02,25.0,0.05,15.28,0.01,0.01,2347.550896,1776367757000
1776367759.328,259.328,0.95,15.28,0.94,10.0,0.98,180.0,0.99,1575.08,0.01,1632.08,,,0.02,20.0,0.05,15.28,0.03,0.01,2347.533327,1776367758000
1776367759.632,259.632,0.96,36.0,0.95,20.54,0.97,2.85,0.98,431.4,0.02,431.4,0.01,1376.55,0.04,10.21,0.05,31.54,0.01,0.02,2347.533327,1776367758000
1776367759.861,259.861,0.96,41.21,0.95,20.54,0.98,196.16,0.99,1970.15,0.02,323.45,0.01,1870.15,0.04,41.21,0.05,20.54,0.02,0.02,2347.533327,1776367758000
1776367760.079,260.079,0.97,5.15,0.96,36.21,0.98,180.81,0.99,1924.14,0.02,181.84,0.01,1924.14,0.03,5.15,0.04,36.21,0.01,0.01,2347.533327,1776367758000
1776367760.284,260.284,0.97,15.0,0.96,31.0,0.98,168.5,0.99,1724.14,0.02,169.53,0.01,1824.14,0.03,5.0,0.04,36.21,0.01,0.01,2347.533327,1776367758000
1776367760.505,260.505,0.97,38.0,0.96,10.0,0.98,166.43,0.99,1570.68,0.02,171.53,0.01,1618.68,0.03,43.15,0.04,15.21,0.01,0.01,2347.292251,1776367759000
1776367760.936,260.936,0.97,40.45,0.96,15.21,0.98,115.4,0.99,1194.08,0.02,165.4,0.01,1207.08,0.03,43.15,0.04,15.21,0.01,0.01,2347.292251,1776367759000
1776367762.192,262.192,0.97,12.3,0.96,33.0,0.98,55.4,0.99,1208.08,0.02,85.4,0.01,1548.68,0.03,17.45,0.04,33.0,0.01,0.01,2347.25815,1776367760000
1776367762.681,262.681,0.97,17.45,0.96,38.21,0.98,50.4,0.99,1192.08,0.02,55.4,0.01,1208.08,0.03,12.3,0.04,33.0,0.01,0.01,2347.25815,1776367760000
1776367762.995,262.995,0.96,33.0,0.95,15.28,0.97,120.7,0.98,50.4,0.02,50.4,0.01,1192.08,0.03,17.45,0.04,38.21,0.01,0.01,2347.145095,1776367761000
1776367763.549,263.549,0.96,43.21,0.95,20.54,0.97,113.67,0.98,66.14,0.03,120.7,0.02,50.4,0.04,33.0,0.05,15.28,0.01,0.01,2347.129244,1776367762000
1776367763.753,263.753,0.96,43.21,0.95,20.54,0.97,76.49,0.98,66.14,0.03,78.55,0.02,66.14,0.04,43.21,0.05,20.54,0.01,0.01,2347.129244,1776367762000
1776367763.993,263.993,0.96,43.21,0.95,20.54,0.98,23.23,0.99,1592.68,0.03,72.37,0.02,66.14,0.04,43.21,0.05,20.54,0.02,0.01,2347.129244,1776367762000
1776367764.281,264.281,0.96,38.0,0.95,15.28,0.98,4.65,0.99,1643.68,0.02,23.23,0.01,1592.68,0.04,43.21,0.05,20.54,0.02,0.02,2347.129244,1776367762000
1776367765.619,265.619,0.98,20.0,0.97,49.0,0.99,1150.08,,,0.02,4.65,0.01,1643.68,0.04,38.0,0.05,15.28,0.01,0.02,2347.04628,1776367764000
1776367766.113,266.113,0.96,30.0,0.95,15.28,0.99,1155.08,,,0.01,1150.08,,,0.02,20.0,0.03,49.0,0.03,0.01,2347.04628,1776367764000
1776367767.302,267.302,0.97,37.0,0.96,5.0,0.98,206.93,0.99,1155.08,0.01,1155.08,,,0.04,30.0,0.05,15.28,0.01,0.03,2346.936694,1776367765000
1776367768.576,268.576,0.97,37.0,0.96,5.0,0.98,191.55,0.99,1150.08,0.02,206.93,0.01,1155.08,0.03,37.0,0.04,5.0,0.01,0.01,2347.017111,1776367767000
1776367769.148,269.148,0.97,42.15,0.96,75.0,0.98,157.2,0.99,1150.08,0.02,191.55,0.01,1150.08,0.03,37.0,0.04,5.0,0.01,0.01,2346.935264,1776367768000
1776367769.462,269.462,0.97,72.15,0.96,80.21,0.98,65.89,0.99,1150.08,0.02,136.89,0.01,1150.08,0.03,67.0,0.04,75.0,0.01,0.01,2346.935264,1776367768000
1776367769.712,269.712,0.97,72.15,0.96,173.91,0.98,29.14,0.99,1150.08,0.02,64.86,0.01,1150.08,0.03,67.0,0.04,168.7,0.01,0.01,2346.935264,1776367768000
1776367769.944,269.944,0.97,62.15,0.96,168.7,0.99,150.08,,,0.01,1150.08,,,0.03,62.15,0.04,168.7,0.02,0.02,2346.935264,1776367768000
1776367770.178,270.178,0.98,54.0,0.97,153.7,0.99,140.98,,,0.01,146.03,,,0.02,54.0,0.03,153.7,0.01,0.01,2346.935264,1776367768000
1776367770.856,270.856,0.98,257.81,0.97,153.7,0.99,128.89,,,0.01,136.98,,,0.02,54.0,0.03,153.7,0.01,0.01,2346.910802,1776367769000
1776367771.159,271.159,0.99,7160.08,0.98,352.81,,,,,,,,,0.01,2396.11,0.02,257.81,,,2346.910802,1776367769000
1776367772.3,272.3,0.99,7150.4,0.98,322.81,,,,,,,,,0.01,7143.98,0.02,342.81,,,2347.118385,1776367770000
1776367773.301,273.301,0.99,9414.99,0.98,475.81,,,,,,,,,0.01,7150.4,0.02,322.81,,,2347.863755,1776367772000
1776367773.935,273.935,0.99,9661.01,0.98,475.81,,,,,,,,,0.01,9414.99,0.02,475.81,,,2347.863755,1776367772000
1776367774.295,274.295,0.99,9652.03,0.98,475.81,,,,,,,,,0.01,9661.01,0.02,475.81,,,2347.89052,1776367773000
1776367776.895,276.895,0.99,9025.32,0.98,197.0,,,,,,,,,0.01,9101.03,0.02,475.81,,,2347.916348,1776367775000
1776367777.815,277.815,0.99,8520.32,0.98,287.0,,,,,,,,,0.01,9025.32,0.02,197.0,,,2348.039589,1776367776000
1776367781.078,281.078,0.99,8240.52,0.98,187.0,,,,,,,,,0.01,8520.32,0.02,287.0,,,2347.928719,1776367780000
1776367784.51,284.51,0.99,8178.52,0.98,187.0,,,,,,,,,0.01,8240.52,0.02,187.0,,,2347.79783,1776367783000
1776367785.318,285.318,0.99,8180.74,0.98,187.0,,,,,,,,,0.01,8178.52,0.02,187.0,,,2347.822063,1776367784000
1776367787.883,287.883,0.99,7780.74,0.98,187.0,,,,,,,,,0.01,8180.74,0.02,187.0,,,2347.80518,1776367786000
1776367795.43,295.43,0.99,6608.14,0.98,187.0,,,,,,,,,0.01,7780.74,0.02,187.0,,,2346.524601,1776367794000
1776367798.904,298.904,0.99,9908.54,0.98,187.0,,,,,,,,,0.01,6608.14,0.02,187.0,,,2346.362508,1776367797000
1776367800.274,300.274,0.99,70653.24,0.98,297.0,,,,,,,,,0.01,9908.54,0.02,187.0,,,2346.34455,1776367798000
1776367800.658,300.658,0.99,70663.24,0.98,297.0,,,,,,,,,0.01,70653.24,0.02,297.0,,,2346.33717,1776367799000

# RESULT,winner=Up,slug=eth-updown-5m-1776367500,ticks=415
