timestamp,elapsed_sec,up_bid_p1,up_bid_s1,up_bid_p2,up_bid_s2,up_ask_p1,up_ask_s1,up_ask_p2,up_ask_s2,down_bid_p1,down_bid_s1,down_bid_p2,down_bid_s2,down_ask_p1,down_ask_s1,down_ask_p2,down_ask_s2,up_spread,down_spread,eth_price,eth_oracle_ts
1776326400.626,0.626,0.53,10.0,0.52,301.68,0.6,38.0,0.61,34.0,0.4,38.0,0.39,34.0,0.47,10.0,0.48,301.68,0.07,0.07,2341.842365,1776326399000
1776326400.886,0.886,0.52,270.84,0.51,6.86,0.53,5.0,0.54,70.44,0.46,5.44,0.45,70.0,0.48,291.68,0.49,6.86,0.01,0.02,2341.842365,1776326399000
1776326401.123,1.123,0.52,73.28,0.51,6.86,0.53,5.0,0.54,70.44,0.47,5.0,0.46,70.44,0.48,78.28,0.49,6.86,0.01,0.01,2341.842365,1776326399000
1776326401.705,1.705,0.52,68.28,0.51,6.86,0.53,85.0,0.54,83.44,0.47,5.0,0.46,70.44,0.48,73.28,0.49,6.86,0.01,0.01,2341.91691,1776326400000
1776326402.017,2.017,0.52,63.28,0.51,6.86,0.53,110.0,0.54,116.44,0.47,85.0,0.46,83.44,0.48,68.28,0.49,6.86,0.01,0.01,2341.91691,1776326400000
1776326402.494,2.494,0.51,0.14,0.5,50.4,0.52,109.0,0.53,48.0,0.47,105.0,0.46,116.44,0.49,5.14,0.5,50.4,0.01,0.02,2341.85195,1776326401000
1776326402.718,2.718,0.4,11.58,0.39,13.0,0.44,89.0,0.45,83.0,0.56,70.0,0.55,70.0,0.58,1.79,0.6,13.0,0.04,0.02,2341.85195,1776326401000
1776326403.017,3.017,0.4,11.58,0.39,13.0,0.44,79.0,0.45,88.0,0.56,89.0,0.55,83.0,0.6,11.58,0.61,13.0,0.04,0.04,2341.85195,1776326401000
1776326403.387,3.387,0.42,62.0,0.41,90.0,0.45,10.0,0.46,22.0,0.56,72.75,0.55,88.0,0.57,5.0,0.58,10.0,0.03,0.01,2341.81185,1776326402000
1776326403.757,3.757,0.44,10.0,0.43,6.0,0.45,5.0,0.46,10.0,0.55,10.0,0.54,22.0,0.58,62.0,0.59,90.0,0.01,0.03,2341.81185,1776326402000
1776326404.305,4.305,0.44,5.0,0.43,15.0,0.45,84.0,0.46,149.0,0.55,5.0,0.54,10.0,0.56,10.0,0.57,6.0,0.01,0.01,2341.384598,1776326403000
1776326404.637,4.637,0.44,10.0,0.42,187.0,0.46,35.0,0.47,48.0,0.55,84.0,0.54,149.0,0.56,5.0,0.57,15.0,0.02,0.01,2341.384598,1776326403000
1776326404.951,4.951,0.44,5.0,0.43,5.0,0.45,33.88,0.46,45.0,0.54,35.0,0.53,48.0,0.56,10.0,0.58,187.0,0.01,0.02,2341.384598,1776326403000
1776326405.213,5.213,0.43,5.0,0.42,15.0,0.45,35.74,0.46,57.0,0.55,33.88,0.54,45.0,0.56,5.0,0.57,5.0,0.02,0.01,2341.384598,1776326403000
1776326405.462,5.462,0.41,8.0,0.4,30.5,0.42,10.0,0.43,10.0,0.55,35.74,0.54,57.0,0.57,5.0,0.58,15.0,0.01,0.02,2341.256193,1776326404000
1776326405.854,5.854,0.4,7.5,0.39,123.0,0.42,12.61,0.43,45.0,0.58,10.0,0.57,10.0,0.59,8.0,0.6,30.5,0.02,0.01,2341.256193,1776326404000
1776326406.312,6.312,0.41,10.0,0.4,26.5,0.42,5.44,0.43,45.0,0.58,12.61,0.57,45.0,0.6,7.5,0.61,123.0,0.01,0.02,2341.288514,1776326405000
1776326406.637,6.637,0.41,6.81,0.4,17.5,0.42,24.64,0.43,120.0,0.58,5.44,0.57,45.0,0.59,10.0,0.6,26.5,0.01,0.01,2341.288514,1776326405000
1776326406.929,6.929,0.4,17.5,0.39,10.0,0.41,7.56,0.42,37.44,0.58,24.64,0.57,120.0,0.59,1.81,0.6,17.5,0.01,0.01,2341.288514,1776326405000
1776326407.723,7.723,0.4,4.22,0.37,10.0,0.41,122.56,0.42,37.44,0.59,7.56,0.58,37.44,0.6,14.22,0.61,10.0,0.01,0.01,2341.2862,1776326406000
1776326408.022,8.022,0.35,10.0,0.34,124.0,0.37,65.0,0.38,25.0,0.63,85.0,0.62,10.0,0.65,17.93,0.66,124.0,0.02,0.02,2341.2862,1776326406000
1776326408.608,8.608,0.35,10.0,0.34,124.0,0.36,23.64,0.37,76.45,0.63,66.45,0.62,20.0,0.64,10.0,0.65,15.0,0.01,0.01,2341.116513,1776326407000
1776326408.982,8.982,0.35,6.15,0.34,124.0,0.4,85.91,0.41,15.0,0.64,10.0,0.63,76.45,0.65,6.15,0.66,124.0,0.05,0.01,2341.116513,1776326407000
1776326409.222,9.222,0.37,213.91,0.36,10.0,0.39,10.0,0.4,105.0,0.6,85.91,0.59,15.0,0.65,6.15,0.66,124.0,0.02,0.05,2341.116513,1776326407000
1776326409.507,9.507,0.37,202.56,0.36,10.0,0.39,22.0,0.4,110.0,0.61,10.0,0.6,105.0,0.63,213.91,0.64,10.0,0.02,0.02,2341.116513,1776326407000
1776326409.931,9.931,0.37,187.56,0.34,10.0,0.38,81.0,0.39,32.0,0.61,22.0,0.6,110.0,0.63,202.56,0.64,10.0,0.01,0.02,2340.891228,1776326408000
1776326410.201,10.201,0.37,202.56,0.36,10.0,0.38,40.0,0.39,27.0,0.62,81.0,0.61,32.0,0.63,187.56,0.66,10.0,0.01,0.01,2340.891228,1776326408000
1776326410.431,10.431,0.37,227.56,0.36,10.0,0.38,22.0,0.39,37.0,0.62,40.0,0.61,27.0,0.63,202.56,0.64,10.0,0.01,0.01,2340.891228,1776326408000
1776326410.916,10.916,0.37,187.56,0.36,10.0,0.38,51.2,0.39,37.0,0.62,22.0,0.61,37.0,0.63,227.56,0.64,10.0,0.01,0.01,2340.766574,1776326409000
1776326411.159,11.159,0.37,165.0,0.35,10.7,0.38,55.0,0.39,57.0,0.62,51.2,0.61,37.0,0.63,182.56,0.64,10.0,0.01,0.01,2340.719293,1776326410000
1776326411.36,11.36,0.37,95.0,0.35,10.7,0.38,140.2,0.39,87.0,0.62,55.0,0.61,57.0,0.63,165.0,0.65,10.7,0.01,0.01,2340.719293,1776326410000
1776326412.307,12.307,0.35,5.29,0.33,10.0,0.38,154.2,0.39,57.0,0.62,132.0,0.61,87.0,0.63,64.59,0.65,10.7,0.03,0.01,2340.719293,1776326410000
1776326413.382,13.382,0.3,10.0,0.29,10.0,0.31,70.2,0.32,39.0,0.66,7.57,0.65,25.0,0.68,10.0,0.69,10.0,0.01,0.02,2340.53466,1776326411000
1776326414.939,14.939,0.26,135.0,0.25,110.0,0.27,6.0,0.28,53.0,0.69,70.2,0.68,39.0,0.7,5.0,0.71,10.0,0.01,0.01,2340.147936,1776326413000
1776326415.28,15.28,0.26,125.0,0.25,121.0,0.27,60.2,0.28,24.0,0.73,14.0,0.72,24.0,0.74,130.0,0.75,110.0,0.01,0.01,2340.147936,1776326413000
1776326415.575,15.575,0.26,125.0,0.25,121.0,0.27,57.0,0.28,24.0,0.73,60.2,0.72,24.0,0.74,125.0,0.75,121.0,0.01,0.01,2339.98607,1776326414000
1776326415.938,15.938,0.29,6.0,0.28,126.0,0.3,31.0,0.31,23.0,0.73,27.55,0.72,14.0,0.74,125.0,0.75,146.0,0.01,0.01,2339.98607,1776326414000
1776326416.652,16.652,0.27,10.0,0.26,20.0,0.28,135.24,0.29,79.0,0.7,89.19,0.69,23.0,0.71,0.64,0.72,26.0,0.01,0.01,2339.891477,1776326415000
1776326416.917,16.917,0.26,5.5,0.21,172.0,0.27,15.0,0.28,165.24,0.72,135.24,0.71,79.0,0.73,10.0,0.74,20.0,0.01,0.01,2339.891477,1776326415000
1776326417.127,17.127,0.23,109.9,0.22,110.0,0.27,10.0,0.28,26.0,0.73,46.0,0.72,31.0,0.75,9.69,0.76,10.0,0.04,0.02,2339.725172,1776326416000
1776326417.774,17.774,0.24,90.0,0.23,121.0,0.25,74.99,0.26,24.0,0.75,20.0,0.74,10.0,0.76,128.82,0.77,160.9,0.01,0.01,2339.725172,1776326416000
1776326418.898,18.898,0.21,147.0,0.2,120.0,0.22,10.45,0.23,15.0,0.75,74.99,0.74,24.0,0.76,90.0,0.77,121.0,0.01,0.01,2339.665925,1776326417000
1776326419.274,19.274,0.27,2134.67,0.22,10.0,0.28,129.99,0.29,68.0,0.72,156.51,0.71,68.0,0.73,2164.67,0.79,247.0,0.01,0.01,2339.665925,1776326417000
1776326419.649,19.649,0.27,1936.98,0.21,47.0,0.28,148.99,0.29,68.0,0.72,170.99,0.71,68.0,0.73,1947.71,0.79,47.0,0.01,0.01,2339.329878,1776326418000
1776326419.854,19.854,0.27,1750.01,0.21,47.0,0.28,193.99,0.29,68.0,0.72,164.99,0.71,68.0,0.73,1918.01,0.79,47.0,0.01,0.01,2339.329878,1776326418000
1776326420.311,20.311,0.27,1731.83,0.21,37.0,0.28,193.99,0.29,68.0,0.72,177.99,0.71,68.0,0.73,1738.49,0.79,37.0,0.01,0.01,2339.307744,1776326419000
1776326420.523,20.523,0.27,1721.7,0.21,37.0,0.28,242.99,0.29,68.0,0.72,277.99,0.71,68.0,0.73,1726.7,0.79,37.0,0.01,0.01,2339.307744,1776326419000
1776326420.845,20.845,0.27,1410.49,0.21,87.0,0.28,181.51,0.29,68.0,0.72,142.99,0.71,68.0,0.73,1440.49,0.79,87.0,0.01,0.01,2339.307744,1776326419000
1776326421.356,21.356,0.27,1383.38,0.21,87.0,0.28,181.51,0.29,68.0,0.72,200.71,0.71,68.0,0.73,1398.38,0.79,87.0,0.01,0.01,2339.154073,1776326420000
1776326421.692,21.692,0.27,1396.38,0.21,87.0,0.28,203.99,0.29,68.0,0.72,240.71,0.71,68.0,0.73,1377.38,0.79,87.0,0.01,0.01,2339.154073,1776326420000
1776326421.899,21.899,0.27,1395.77,0.21,87.0,0.28,193.99,0.29,68.0,0.72,193.99,0.71,68.0,0.73,1401.77,0.79,87.0,0.01,0.01,2339.154073,1776326420000
1776326422.247,22.247,0.27,1341.77,0.21,87.0,0.28,176.78,0.29,93.35,0.72,189.26,0.71,68.0,0.73,1366.77,0.79,87.0,0.01,0.01,2339.154073,1776326420000
1776326422.511,22.511,0.27,1336.77,0.21,87.0,0.28,176.78,0.29,93.35,0.72,176.78,0.71,93.35,0.73,1341.77,0.79,87.0,0.01,0.01,2339.154073,1776326420000
1776326422.89,22.89,0.27,1385.18,0.23,10.0,0.28,175.51,0.29,87.35,0.72,176.78,0.71,93.35,0.73,1336.77,0.79,87.0,0.01,0.01,2339.154073,1776326420000
1776326423.416,23.416,0.27,1375.18,0.26,50.0,0.28,10.0,0.29,62.35,0.72,108.44,0.71,87.35,0.73,1381.18,0.78,10.0,0.01,0.01,2338.433916,1776326421000
1776326423.686,23.686,0.27,1338.75,0.26,50.0,0.28,26.51,0.29,54.1,0.72,148.04,0.71,55.1,0.73,1349.75,0.74,50.0,0.01,0.01,2338.37158,1776326422000
1776326423.892,23.892,0.27,1333.75,0.26,60.0,0.29,54.1,0.3,35.0,0.72,7.33,0.71,54.1,0.73,1313.75,0.74,60.0,0.02,0.01,2338.37158,1776326422000
1776326424.29,24.29,0.27,1313.75,0.26,60.0,0.29,10.75,0.3,35.0,0.71,54.1,0.7,35.0,0.73,1333.75,0.74,60.0,0.02,0.02,2338.3234,1776326423000
1776326424.885,24.885,0.27,1312.73,0.26,60.0,0.28,10.0,0.29,10.26,0.71,10.75,0.7,35.0,0.73,1313.75,0.74,60.0,0.01,0.02,2338.3234,1776326423000
1776326425.33,25.33,0.27,1341.73,0.26,60.0,0.28,15.51,0.29,101.97,0.72,10.0,0.71,10.26,0.73,1312.73,0.74,60.0,0.01,0.01,2338.3234,1776326423000
1776326425.961,25.961,0.28,22.0,0.27,1363.73,0.29,87.46,0.32,10.0,0.72,10.51,0.71,101.97,0.73,1355.73,0.74,60.0,0.01,0.01,2338.853415,1776326424000
1776326426.383,26.383,0.32,67.0,0.31,16.0,0.33,4.49,0.34,35.0,0.67,34.49,0.66,35.0,0.68,20.0,0.69,16.0,0.01,0.01,2338.88961,1776326425000
1776326427.211,27.211,0.33,50.0,0.32,55.0,0.34,27.48,0.35,35.0,0.66,29.49,0.65,35.0,0.68,67.0,0.69,16.0,0.01,0.02,2338.885535,1776326426000
1776326428.041,28.041,0.33,8.3,0.32,55.0,0.34,137.24,0.35,35.0,0.66,110.24,0.65,35.0,0.67,8.3,0.68,55.0,0.01,0.01,2338.885535,1776326426000
1776326428.841,28.841,0.33,8.3,0.32,55.0,0.34,152.24,0.35,41.0,0.66,137.24,0.65,35.0,0.67,8.3,0.68,55.0,0.01,0.01,2339.087864,1776326427000
1776326429.066,29.066,0.33,31.06,0.32,55.0,0.34,132.24,0.35,31.0,0.66,152.24,0.65,41.0,0.67,8.3,0.68,55.0,0.01,0.01,2339.087864,1776326427000
1776326429.293,29.293,0.33,6.06,0.32,55.0,0.34,94.24,0.36,15.0,0.66,132.24,0.65,31.0,0.67,31.06,0.68,55.0,0.01,0.01,2339.35305,1776326428000
1776326429.654,29.654,0.33,40.56,0.32,55.0,0.34,89.24,0.36,5.0,0.66,94.24,0.64,15.0,0.67,4.56,0.68,55.0,0.01,0.01,2339.35305,1776326428000
1776326430.359,30.359,0.33,26.56,0.32,55.0,0.34,105.98,0.36,5.0,0.66,89.24,0.64,5.0,0.67,40.56,0.68,55.0,0.01,0.01,2339.35305,1776326428000
1776326430.821,30.821,0.33,46.56,0.32,55.0,0.34,23.98,0.36,5.0,0.66,73.98,0.64,5.0,0.67,21.56,0.68,55.0,0.01,0.01,2339.40379,1776326429000
1776326431.604,31.604,0.35,74.0,0.34,15.0,0.38,76.64,0.39,10.0,0.64,5.0,0.63,10.0,0.67,21.56,0.68,55.0,0.03,0.03,2339.494067,1776326430000
1776326431.91,31.91,0.37,19.37,0.36,15.0,0.38,87.64,0.39,19.0,0.62,76.64,0.61,10.0,0.63,4.37,0.64,15.0,0.01,0.01,2339.494067,1776326430000
1776326432.241,32.241,0.37,9.37,0.36,15.0,0.38,52.96,0.39,9.0,0.62,71.64,0.61,9.0,0.63,14.37,0.64,15.0,0.01,0.01,2339.69277,1776326431000
1776326432.637,32.637,0.37,20.0,0.36,15.0,0.38,57.11,0.39,19.0,0.62,62.11,0.61,9.0,0.64,15.0,0.65,46.83,0.01,0.02,2339.69277,1776326431000
1776326433.011,33.011,0.37,15.0,0.36,15.0,0.38,47.11,0.39,19.0,0.62,57.11,0.61,19.0,0.63,41.26,0.64,15.0,0.01,0.01,2339.69277,1776326431000
1776326433.287,33.287,0.37,24.61,0.36,15.0,0.38,9.15,0.39,19.0,0.62,37.11,0.61,19.0,0.63,20.0,0.64,15.0,0.01,0.01,2339.69277,1776326431000
1776326433.58,33.58,0.37,48.1,0.36,15.0,0.38,14.15,0.4,81.98,0.62,9.15,0.61,19.0,0.63,24.61,0.64,15.0,0.01,0.01,2339.844208,1776326432000
1776326433.805,33.805,0.37,87.1,0.36,65.0,0.38,16.15,0.4,81.98,0.62,9.15,0.6,81.98,0.63,82.1,0.64,65.0,0.01,0.01,2339.844208,1776326432000
1776326434.234,34.234,0.39,65.72,0.38,10.0,0.4,81.98,0.42,19.0,0.6,81.98,0.58,19.0,0.63,63.1,0.64,65.0,0.01,0.03,2339.970572,1776326433000
1776326434.478,34.478,0.41,20.0,0.4,10.0,0.42,19.0,0.43,81.66,0.6,75.98,0.58,19.0,0.61,85.72,0.62,10.0,0.01,0.01,2339.970572,1776326433000
1776326434.742,34.742,0.41,20.14,0.4,10.0,0.42,15.0,0.43,81.66,0.58,15.0,0.57,81.66,0.59,18.3,0.6,10.0,0.01,0.01,2339.970572,1776326433000
1776326434.952,34.952,0.41,25.14,0.4,10.0,0.42,5.0,0.43,71.66,0.58,15.0,0.57,81.66,0.59,20.14,0.6,10.0,0.01,0.01,2339.970572,1776326433000
1776326435.241,35.241,0.41,18.44,0.4,10.0,0.42,15.0,0.43,81.66,0.58,5.0,0.57,81.66,0.59,15.14,0.6,10.0,0.01,0.01,2340.150516,1776326434000
1776326435.511,35.511,0.4,6.64,0.39,10.0,0.42,20.0,0.43,81.66,0.58,15.0,0.57,81.66,0.59,16.74,0.6,10.0,0.02,0.01,2340.150516,1776326434000
1776326435.755,35.755,0.4,26.64,0.39,10.0,0.43,81.66,0.44,10.0,0.58,20.0,0.57,81.66,0.6,6.64,0.61,10.0,0.03,0.02,2340.150516,1776326434000
1776326436.265,36.265,0.41,25.0,0.4,11.64,0.42,5.0,0.43,81.66,0.57,81.66,0.56,10.0,0.6,26.64,0.61,10.0,0.01,0.03,2340.355021,1776326435000
1776326436.674,36.674,0.41,25.0,0.4,11.64,0.42,10.1,0.43,90.66,0.58,16.03,0.57,81.66,0.59,20.0,0.6,11.64,0.01,0.01,2340.355021,1776326435000
1776326436.924,36.924,0.44,700.11,0.42,73.4,0.45,5.74,0.46,10.0,0.57,90.66,0.56,19.0,0.58,24.4,0.59,25.0,0.01,0.01,2340.355021,1776326435000
1776326437.19,37.19,0.44,736.86,0.42,52.0,0.45,5.74,0.46,10.0,0.55,5.74,0.54,10.0,0.56,700.11,0.58,73.4,0.01,0.01,2340.355021,1776326435000
1776326437.703,37.703,0.44,736.86,0.42,52.0,0.45,71.07,0.46,10.0,0.55,61.07,0.54,10.0,0.56,746.86,0.58,52.0,0.01,0.01,2340.532566,1776326436000
1776326438.273,38.273,0.44,726.62,0.42,52.0,0.45,85.4,0.46,10.0,0.55,71.07,0.54,10.0,0.56,736.86,0.58,52.0,0.01,0.01,2340.532566,1776326436000
1776326439.382,39.382,0.44,716.15,0.42,20.0,0.45,142.17,0.46,19.0,0.55,85.4,0.54,10.0,0.56,721.62,0.58,52.0,0.01,0.01,2340.64186,1776326438000
1776326439.923,39.923,0.44,703.93,0.42,20.0,0.45,142.17,0.46,19.0,0.55,142.17,0.54,19.0,0.56,716.15,0.58,20.0,0.01,0.01,2340.64186,1776326438000
1776326440.168,40.168,0.44,687.07,0.42,20.0,0.45,164.44,0.46,19.0,0.55,142.17,0.54,19.0,0.56,703.93,0.58,20.0,0.01,0.01,2340.64186,1776326438000
1776326440.531,40.531,0.44,677.07,0.37,12.0,0.45,197.64,0.46,69.0,0.55,158.44,0.54,19.0,0.56,692.07,0.58,20.0,0.01,0.01,2340.64186,1776326438000
1776326440.751,40.751,0.44,528.97,0.37,12.0,0.45,330.44,0.46,99.0,0.55,319.44,0.54,99.0,0.56,602.97,0.63,12.0,0.01,0.01,2340.661696,1776326439000
1776326441.036,41.036,0.44,485.31,0.37,12.0,0.45,223.44,0.46,99.0,0.55,218.44,0.54,99.0,0.56,493.24,0.63,12.0,0.01,0.01,2340.661696,1776326439000
1776326441.241,41.241,0.44,453.73,0.37,12.0,0.45,218.44,0.46,99.0,0.55,223.44,0.54,99.0,0.56,461.41,0.63,12.0,0.01,0.01,2340.661696,1776326439000
1776326441.727,41.727,0.44,429.81,0.37,12.0,0.45,336.44,0.46,99.0,0.55,228.44,0.54,99.0,0.56,444.81,0.63,12.0,0.01,0.01,2340.661696,1776326440000
1776326442.053,42.053,0.44,201.81,0.37,12.0,0.45,285.64,0.46,69.0,0.55,352.44,0.54,99.0,0.56,251.81,0.63,12.0,0.01,0.01,2340.64315,1776326441000
1776326442.342,42.342,0.44,154.84,0.37,12.0,0.45,266.44,0.46,69.0,0.55,282.44,0.54,69.0,0.56,156.63,0.63,12.0,0.01,0.01,2340.64315,1776326441000
1776326442.682,42.682,0.37,12.0,0.34,120.0,0.38,80.7,0.39,10.0,0.55,276.44,0.54,69.0,0.63,12.0,0.66,60.0,0.01,0.08,2340.64315,1776326441000
1776326442.887,42.887,0.34,120.0,0.31,50.0,0.38,122.5,0.39,19.0,0.62,101.5,0.61,19.0,0.63,4.06,0.66,120.0,0.04,0.01,2340.64315,1776326441000
1776326443.421,43.421,0.34,82.42,0.31,60.0,0.35,96.0,0.36,99.81,0.62,122.5,0.61,19.0,0.66,120.0,0.69,50.0,0.01,0.04,2340.137633,1776326442000
1776326443.823,43.823,0.34,37.09,0.33,90.0,0.35,71.0,0.36,99.81,0.65,96.0,0.64,99.81,0.66,82.42,0.69,60.0,0.01,0.01,2340.137633,1776326442000
1776326444.67,44.67,0.34,3.09,0.32,100.0,0.35,61.0,0.36,99.81,0.65,71.0,0.64,99.81,0.66,37.09,0.67,90.0,0.01,0.01,2340.137633,1776326442000
1776326445.119,45.119,0.31,70.0,0.3,95.0,0.32,117.0,0.33,77.0,0.65,61.0,0.64,99.81,0.66,3.09,0.68,100.0,0.01,0.01,2339.6444,1776326443000
1776326445.477,45.477,0.31,52.63,0.3,5.0,0.32,192.87,0.33,46.0,0.68,112.0,0.67,77.0,0.69,70.0,0.7,95.0,0.01,0.01,2339.6444,1776326443000
1776326445.823,45.823,0.31,46.1,0.3,5.0,0.32,197.87,0.33,46.0,0.68,228.87,0.67,46.0,0.69,51.18,0.7,5.0,0.01,0.01,2339.70492,1776326444000
1776326446.077,46.077,0.31,17.12,0.3,5.0,0.32,192.87,0.33,46.0,0.68,197.87,0.67,46.0,0.69,46.1,0.7,5.0,0.01,0.01,2339.70492,1776326444000
1776326446.945,46.945,0.3,71.0,0.29,10.0,0.31,30.0,0.32,25.0,0.68,192.87,0.67,46.0,0.69,17.12,0.7,5.0,0.01,0.01,2339.596047,1776326445000
1776326447.155,47.155,0.31,38.43,0.3,45.0,0.32,14.0,0.33,25.0,0.68,25.0,0.67,25.0,0.69,13.43,0.7,115.0,0.01,0.01,2339.596047,1776326445000
1776326447.909,47.909,0.31,28.43,0.3,15.0,0.32,52.36,0.33,25.0,0.68,14.0,0.67,25.0,0.69,38.43,0.7,45.0,0.01,0.01,2339.449487,1776326446000
1776326448.416,48.416,0.31,20.0,0.3,10.0,0.32,35.3,0.33,25.0,0.68,52.36,0.67,25.0,0.69,28.43,0.7,15.0,0.01,0.01,2339.41573,1776326447000
1776326449.126,49.126,0.31,10.0,0.3,10.0,0.32,78.01,0.33,35.0,0.68,35.3,0.67,25.0,0.69,20.0,0.7,10.0,0.01,0.01,2339.41573,1776326447000
1776326449.513,49.513,0.31,3.65,0.3,10.0,0.32,136.45,0.33,35.0,0.68,78.01,0.67,35.0,0.69,10.0,0.7,10.0,0.01,0.01,2339.41573,1776326447000
1776326450.26,50.26,0.29,8.5,0.28,19.0,0.32,97.25,0.33,35.0,0.68,122.25,0.67,35.0,0.69,2.2,0.7,10.0,0.03,0.01,2339.7014,1776326448000
1776326450.933,50.933,0.31,66.0,0.3,21.0,0.32,86.25,0.34,25.0,0.68,97.25,0.67,35.0,0.71,8.5,0.72,19.0,0.01,0.03,2339.728,1776326449000
1776326451.377,51.377,0.31,122.0,0.3,26.0,0.32,14.11,0.35,35.0,0.68,81.25,0.66,25.0,0.69,137.0,0.7,21.0,0.01,0.01,2339.7064,1776326450000
1776326451.672,51.672,0.31,86.0,0.3,26.0,0.32,4.82,0.35,35.0,0.68,14.11,0.65,35.0,0.69,122.0,0.7,26.0,0.01,0.01,2339.7064,1776326450000
1776326452.171,52.171,0.31,112.0,0.3,52.1,0.32,15.86,0.36,25.0,0.68,4.82,0.65,35.0,0.69,86.0,0.7,26.0,0.01,0.01,2339.7064,1776326450000
1776326453.012,53.012,0.32,40.0,0.31,80.0,0.37,5.0,0.38,40.0,0.67,81.06,0.64,25.0,0.68,15.0,0.69,107.0,0.05,0.01,2339.710636,1776326451000
1776326453.655,53.655,0.37,18.82,0.36,15.0,0.38,101.78,0.39,35.0,0.63,5.0,0.62,40.0,0.68,40.0,0.69,80.0,0.01,0.05,2339.996765,1776326452000
1776326454.931,54.931,0.37,15.0,0.36,15.0,0.38,131.78,0.39,35.0,0.62,101.78,0.61,35.0,0.63,18.82,0.64,15.0,0.01,0.01,2340.0038,1776326453000
1776326455.281,55.281,0.37,5.0,0.36,15.0,0.38,111.78,0.39,35.0,0.62,131.78,0.61,35.0,0.63,15.0,0.64,15.0,0.01,0.01,2340.0038,1776326453000
1776326455.766,55.766,0.36,12.15,0.35,24.28,0.38,116.78,0.39,35.0,0.62,111.78,0.61,35.0,0.63,5.0,0.64,15.0,0.02,0.01,2340.200375,1776326454000
1776326457.135,57.135,0.36,103.15,0.35,10.0,0.37,40.0,0.38,71.78,0.62,111.78,0.61,35.0,0.64,12.15,0.65,24.28,0.01,0.02,2340.20486,1776326455000
1776326457.422,57.422,0.37,10.0,0.36,103.15,0.38,81.64,0.4,16.0,0.62,69.28,0.61,5.0,0.64,103.15,0.65,10.0,0.01,0.02,2340.205872,1776326456000
1776326457.742,57.742,0.37,10.0,0.36,93.15,0.38,81.64,0.39,10.0,0.62,81.64,0.6,16.0,0.63,10.0,0.64,103.15,0.01,0.01,2340.205872,1776326456000
1776326458.105,58.105,0.36,93.15,0.35,10.0,0.38,91.64,0.39,10.0,0.62,81.64,0.61,10.0,0.63,5.0,0.64,93.15,0.02,0.01,2340.205872,1776326456000
1776326458.826,58.826,0.36,89.35,0.35,10.0,0.37,35.0,0.38,77.78,0.62,91.64,0.61,10.0,0.64,93.15,0.65,10.0,0.01,0.02,2340.205872,1776326456000
1776326459.071,59.071,0.36,89.35,0.35,10.0,0.37,21.48,0.38,77.78,0.63,35.0,0.62,77.78,0.64,89.35,0.65,10.0,0.01,0.01,2340.205872,1776326456000
1776326459.371,59.371,0.34,21.0,0.33,16.3,0.35,4.57,0.36,10.0,0.63,21.48,0.61,10.0,0.64,103.1,0.65,10.0,0.01,0.01,2340.262865,1776326458000
1776326459.598,59.598,0.34,20.0,0.33,26.3,0.35,69.2,0.36,79.7,0.65,13.77,0.64,74.7,0.66,26.0,0.67,16.3,0.01,0.01,2340.262865,1776326458000
1776326460.084,60.084,0.34,1.33,0.33,10.0,0.35,15.0,0.36,79.7,0.65,15.0,0.64,79.7,0.66,5.0,0.67,26.3,0.01,0.01,2340.262865,1776326458000
1776326460.96,60.96,0.36,68.43,0.35,20.0,0.37,10.0,0.38,86.98,0.65,15.0,0.64,79.7,0.66,1.33,0.67,10.0,0.01,0.01,2340.38287,1776326459000
1776326461.412,61.412,0.36,2.21,0.32,286.99,0.37,61.0,0.38,86.98,0.63,10.0,0.62,86.98,0.64,68.43,0.65,20.0,0.01,0.01,2340.38287,1776326460000
1776326462.141,62.141,0.34,15.0,0.33,15.0,0.36,3.05,0.37,30.0,0.63,66.0,0.62,86.98,0.68,286.99,0.69,196.8,0.02,0.05,2340.39251,1776326461000
1776326463.522,63.522,0.34,350.99,0.33,177.0,0.36,51.42,0.37,5.0,0.64,3.05,0.63,30.0,0.66,15.0,0.67,15.0,0.02,0.02,2340.358215,1776326462000
1776326464.041,64.041,0.35,314.99,0.34,74.4,0.36,15.42,0.37,5.0,0.64,20.42,0.63,5.0,0.66,345.99,0.67,177.0,0.01,0.02,2340.358215,1776326462000
1776326464.323,64.323,0.35,239.99,0.34,74.4,0.36,17.42,0.37,5.0,0.64,17.42,0.63,5.0,0.65,314.99,0.66,74.4,0.01,0.01,2340.335255,1776326463000
1776326464.706,64.706,0.35,357.59,0.34,249.4,0.4,5.0,0.41,5.0,0.64,17.42,0.63,5.0,0.65,239.99,0.66,74.4,0.05,0.01,2340.335255,1776326463000
1776326464.965,64.965,0.44,35.0,0.43,20.0,0.45,37.27,0.48,31.71,0.55,47.27,0.52,31.71,0.58,10.0,0.59,10.0,0.01,0.03,2340.335255,1776326463000
1776326465.185,65.185,0.44,15.0,0.43,7.62,0.45,26.86,0.46,5.0,0.55,32.27,0.54,5.0,0.57,7.62,0.58,10.0,0.01,0.02,2340.335255,1776326463000
1776326465.478,65.478,0.44,15.0,0.43,10.0,0.45,21.86,0.46,15.0,0.55,26.86,0.54,5.0,0.59,11.85,0.6,160.0,0.01,0.04,2340.308798,1776326464000
1776326465.775,65.775,0.44,15.0,0.43,10.0,0.45,26.86,0.46,15.0,0.55,21.86,0.54,15.0,0.56,15.0,0.57,10.0,0.01,0.01,2340.308798,1776326464000
1776326466.624,66.624,0.44,3.21,0.43,10.0,0.45,38.86,0.46,59.46,0.55,26.86,0.54,15.0,0.56,15.0,0.57,10.0,0.01,0.01,2340.580515,1776326465000
1776326466.982,66.982,0.43,7.5,0.42,10.0,0.44,21.0,0.45,27.0,0.55,33.86,0.54,59.46,0.57,10.0,0.58,21.4,0.01,0.02,2340.859003,1776326466000
1776326467.478,67.478,0.43,24.48,0.42,10.0,0.44,20.88,0.45,22.0,0.56,10.88,0.55,27.0,0.57,7.5,0.58,10.0,0.01,0.01,2340.859003,1776326466000
1776326468.343,68.343,0.42,15.0,0.41,22.0,0.44,14.28,0.45,32.81,0.56,15.88,0.55,22.0,0.57,24.48,0.58,10.0,0.02,0.01,2341.111438,1776326467000
1776326469.763,69.763,0.42,10.0,0.41,22.0,0.43,37.0,0.44,9.28,0.56,14.28,0.55,32.81,0.58,1.15,0.59,27.0,0.01,0.02,2341.19729,1776326468000
1776326470.442,70.442,0.42,36.4,0.41,207.0,0.44,10.0,0.45,20.81,0.57,37.0,0.56,9.28,0.58,10.0,0.59,22.0,0.02,0.01,2341.20929,1776326469000
1776326470.864,70.864,0.43,67.25,0.42,161.4,0.44,10.0,0.45,10.81,0.56,5.0,0.55,20.81,0.57,22.85,0.58,31.4,0.01,0.01,2341.20929,1776326469000
1776326471.212,71.212,0.44,31.4,0.43,62.25,0.45,5.81,0.46,15.0,0.56,5.0,0.55,10.81,0.57,72.25,0.58,161.4,0.01,0.01,2341.20218,1776326470000
1776326471.542,71.542,0.44,46.4,0.43,62.25,0.45,0.81,0.46,15.0,0.55,5.81,0.54,15.0,0.56,31.4,0.57,62.25,0.01,0.01,2341.20218,1776326470000
1776326472.506,72.506,0.44,36.4,0.43,31.25,0.45,5.81,0.46,45.26,0.55,0.81,0.54,15.0,0.56,46.4,0.57,62.25,0.01,0.01,2341.230417,1776326471000
1776326473.82,73.82,0.44,39.93,0.43,26.25,0.45,10.81,0.46,10.0,0.55,5.81,0.54,45.26,0.56,36.4,0.57,31.25,0.01,0.01,2341.343955,1776326472000
1776326475.354,75.354,0.44,249.99,0.43,166.25,0.45,3.58,0.46,15.0,0.55,10.81,0.54,10.0,0.56,39.93,0.57,26.25,0.01,0.01,2341.345745,1776326473000
1776326476.031,76.031,0.45,289.99,0.44,21.4,0.47,31.45,0.48,36.71,0.55,3.58,0.54,15.0,0.56,249.99,0.57,166.25,0.02,0.01,2341.39466,1776326474000
1776326477.511,77.511,0.46,310.99,0.45,47.5,0.47,27.31,0.48,31.71,0.54,10.0,0.53,31.45,0.55,276.09,0.56,21.4,0.01,0.01,2341.393555,1776326476000
1776326478.0,78.0,0.46,331.99,0.45,47.5,0.47,5.0,0.48,31.71,0.53,27.31,0.52,31.71,0.54,310.99,0.55,47.5,0.01,0.01,2341.393555,1776326476000
1776326478.561,78.561,0.47,303.99,0.46,91.0,0.48,19.62,0.49,10.0,0.52,31.71,0.51,10.0,0.54,331.99,0.55,47.5,0.01,0.02,2341.445965,1776326477000
1776326480.577,80.577,0.47,395.59,0.46,191.0,0.48,0.71,0.5,5.0,0.52,19.62,0.51,10.0,0.53,303.99,0.54,91.0,0.01,0.01,2341.61669,1776326479000
1776326480.955,80.955,0.51,265.94,0.5,170.0,0.52,10.0,0.53,26.0,0.48,10.0,0.47,26.0,0.49,101.0,0.5,421.99,0.01,0.01,2341.61669,1776326479000
1776326481.206,81.206,0.51,270.94,0.5,170.0,0.52,4.9,0.53,26.0,0.48,10.0,0.47,26.0,0.49,265.94,0.5,170.0,0.01,0.01,2341.61669,1776326479000
1776326482.063,82.063,0.51,266.73,0.5,170.0,0.52,4.9,0.53,26.0,0.48,4.9,0.47,26.0,0.49,270.94,0.5,170.0,0.01,0.01,2341.699941,1776326481000
1776326482.556,82.556,0.51,182.13,0.5,170.0,0.52,2.97,0.53,26.0,0.48,2.97,0.47,26.0,0.49,261.73,0.5,170.0,0.01,0.01,2341.699941,1776326481000
1776326483.162,83.162,0.52,86.4,0.51,102.0,0.53,21.0,0.54,8.44,0.48,2.97,0.47,26.0,0.49,182.13,0.5,170.0,0.01,0.01,2342.015599,1776326482000
1776326483.89,83.89,0.52,85.4,0.51,101.0,0.54,8.44,0.55,10.0,0.47,16.0,0.46,8.44,0.48,106.4,0.49,101.0,0.02,0.01,2342.015599,1776326482000
1776326484.339,84.339,0.53,24.4,0.52,36.0,0.55,10.0,0.56,15.49,0.46,6.58,0.45,10.0,0.47,44.4,0.48,66.0,0.02,0.01,2342.04133,1776326483000
1776326485.92,85.92,0.54,10.0,0.53,24.4,0.55,13.18,0.56,15.49,0.45,10.0,0.44,15.49,0.47,24.4,0.48,36.0,0.01,0.02,2342.135778,1776326484000
1776326486.256,86.256,0.55,76.0,0.54,100.4,0.56,10.49,0.57,10.0,0.45,13.18,0.44,15.49,0.46,10.0,0.47,24.4,0.01,0.01,2342.135778,1776326484000
1776326486.751,86.751,0.54,5.0,0.53,14.4,0.56,27.49,0.57,10.0,0.44,5.49,0.43,10.0,0.45,55.0,0.46,100.4,0.02,0.01,2342.102775,1776326485000
1776326489.614,89.614,0.55,10.0,0.54,20.0,0.58,17.49,0.59,23.0,0.44,27.49,0.43,10.0,0.46,5.0,0.47,14.4,0.03,0.02,2342.0184,1776326488000
1776326490.47,90.47,0.55,65.0,0.54,95.4,0.59,23.0,0.6,15.0,0.42,17.49,0.41,23.0,0.45,10.0,0.46,20.0,0.04,0.03,2342.07639,1776326489000
1776326492.315,92.315,0.57,2.67,0.56,20.0,0.58,15.0,0.59,23.0,0.41,23.0,0.4,15.0,0.45,65.0,0.46,95.4,0.01,0.04,2342.1322,1776326491000
1776326492.654,92.654,0.52,9.1,0.51,26.0,0.56,17.0,0.57,27.0,0.42,15.0,0.41,23.0,0.43,2.67,0.44,20.0,0.04,0.01,2342.1322,1776326491000
1776326493.093,93.093,0.5,4.1,0.49,27.0,0.53,30.0,0.54,22.0,0.44,17.0,0.43,27.0,0.48,9.1,0.49,26.0,0.03,0.04,2342.1322,1776326491000
1776326494.321,94.321,0.57,15.0,0.56,45.0,0.58,4.0,0.59,23.0,0.48,10.0,0.47,30.0,0.5,3.82,0.51,27.0,0.01,0.02,2342.141214,1776326493000
1776326495.541,95.541,0.58,14.58,0.57,70.0,0.6,6.92,0.61,15.0,0.4,6.92,0.39,15.0,0.43,79.2,0.44,45.0,0.02,0.03,2341.948793,1776326494000
1776326496.018,96.018,0.61,15.0,0.6,35.0,0.62,36.84,0.63,5.0,0.4,6.92,0.39,15.0,0.42,14.58,0.43,70.0,0.01,0.02,2342.08876,1776326495000
1776326496.258,96.258,0.61,47.73,0.6,35.0,0.62,25.43,0.64,5.0,0.38,25.43,0.36,5.0,0.39,59.2,0.4,35.0,0.01,0.01,2342.08876,1776326495000
1776326497.389,97.389,0.63,20.0,0.62,15.0,0.64,8.0,0.65,8.0,0.38,25.43,0.36,5.0,0.39,19.68,0.4,35.0,0.01,0.01,2342.08876,1776326495000
1776326497.649,97.649,0.63,79.2,0.62,15.0,0.65,6.9,0.67,59.07,0.36,2.0,0.35,8.0,0.37,30.0,0.38,15.0,0.02,0.01,2342.08876,1776326495000
1776326498.207,98.207,0.66,15.0,0.65,15.0,0.67,49.7,0.68,31.5,0.33,54.7,0.32,21.5,0.36,10.0,0.37,74.2,0.01,0.03,2342.24027,1776326496000
1776326499.203,99.203,0.66,25.0,0.65,20.0,0.67,49.7,0.68,7.5,0.33,49.7,0.32,31.5,0.34,15.0,0.35,15.0,0.01,0.01,2342.369185,1776326498000
1776326499.552,99.552,0.66,76.0,0.65,20.0,0.68,6.5,0.71,17.5,0.33,49.7,0.32,7.5,0.34,25.0,0.35,20.0,0.02,0.01,2342.369185,1776326498000
1776326500.683,100.683,0.7,55.0,0.69,15.0,0.71,2.8,0.72,31.89,0.29,17.5,0.28,117.89,0.34,76.0,0.35,20.0,0.01,0.05,2342.5198,1776326499000
1776326501.154,101.154,0.71,25.0,0.7,20.0,0.72,21.35,0.73,64.76,0.28,27.69,0.27,64.76,0.3,38.64,0.31,15.0,0.01,0.02,2342.53447,1776326500000
1776326502.72,102.72,0.71,5.0,0.7,15.0,0.72,144.74,0.73,74.76,0.28,21.35,0.27,64.76,0.29,25.0,0.3,20.0,0.01,0.01,2342.84,1776326501000
1776326503.06,103.06,0.71,15.0,0.7,15.0,0.72,93.04,0.73,74.76,0.28,144.74,0.27,74.76,0.29,5.0,0.3,15.0,0.01,0.01,2342.84,1776326501000
1776326503.724,103.724,0.71,16.55,0.7,8.5,0.72,63.04,0.73,74.76,0.28,93.04,0.27,74.76,0.3,8.5,0.31,15.0,0.01,0.02,2342.8775,1776326502000
1776326505.526,105.526,0.71,6.55,0.7,8.5,0.72,53.01,0.73,74.76,0.28,63.04,0.27,74.76,0.29,16.55,0.3,8.5,0.01,0.01,2342.907685,1776326504000
1776326506.373,106.373,0.71,21.55,0.7,13.5,0.72,41.62,0.74,28.7,0.28,53.01,0.27,74.76,0.29,6.55,0.3,8.5,0.01,0.01,2342.88715,1776326505000
1776326508.099,108.099,0.71,36.55,0.7,13.5,0.72,13.62,0.73,8.0,0.28,41.62,0.26,28.7,0.29,21.55,0.3,13.5,0.01,0.01,2342.901215,1776326506000
1776326508.616,108.616,0.76,17.0,0.75,15.0,0.77,96.53,0.78,36.0,0.23,17.78,0.22,31.0,0.29,36.55,0.3,13.5,0.01,0.06,2342.963545,1776326507000
1776326508.826,108.826,0.76,2.33,0.75,10.0,0.77,93.53,0.78,36.0,0.23,96.53,0.22,36.0,0.24,17.0,0.25,15.0,0.01,0.01,2342.963545,1776326507000
1776326509.481,109.481,0.75,11.0,0.74,5.0,0.76,183.37,0.77,85.53,0.24,47.67,0.23,115.53,0.25,15.0,0.26,5.0,0.01,0.01,2342.963545,1776326507000
1776326510.797,110.797,0.74,10.0,0.73,21.6,0.75,83.86,0.76,103.37,0.24,163.37,0.23,85.53,0.25,3.66,0.26,5.0,0.01,0.01,2343.14181,1776326509000
1776326512.06,112.06,0.74,35.0,0.73,21.6,0.76,8.0,0.77,14.53,0.25,83.86,0.24,103.37,0.26,10.0,0.27,21.6,0.02,0.01,2343.10485,1776326510000
1776326513.413,113.413,0.77,27.22,0.76,15.0,0.78,83.12,0.79,31.7,0.22,14.13,0.21,131.7,0.26,35.0,0.27,21.6,0.01,0.04,2343.148665,1776326512000
1776326514.748,114.748,0.77,15.0,0.76,5.0,0.78,52.85,0.79,144.7,0.22,83.12,0.21,31.7,0.23,27.22,0.24,15.0,0.01,0.01,2343.21027,1776326513000
1776326515.808,115.808,0.77,1.26,0.76,5.0,0.78,47.85,0.79,144.7,0.22,52.85,0.21,144.7,0.23,15.0,0.24,5.0,0.01,0.01,2343.21453,1776326514000
1776326516.11,116.11,0.76,10.0,0.75,45.0,0.77,30.88,0.78,29.56,0.22,47.85,0.21,144.7,0.23,1.26,0.24,5.0,0.01,0.01,2343.21453,1776326514000
1776326516.601,116.601,0.75,11.0,0.73,6.6,0.76,51.77,0.77,195.51,0.23,30.88,0.22,29.56,0.24,10.0,0.25,45.0,0.01,0.01,2343.22565,1776326515000
1776326516.87,116.87,0.6,10.0,0.59,10.0,0.61,84.92,0.62,20.0,0.37,10.0,0.36,10.0,0.38,45.92,0.4,10.0,0.01,0.01,2343.22565,1776326515000
1776326517.217,117.217,0.6,15.0,0.59,15.0,0.61,13.59,0.62,33.0,0.39,10.0,0.38,20.0,0.42,1.9,0.43,60.0,0.01,0.03,2343.22565,1776326515000
1776326517.456,117.456,0.6,29.98,0.59,10.0,0.61,38.59,0.62,15.0,0.39,8.59,0.38,33.0,0.4,16.59,0.41,15.0,0.01,0.01,2343.20597,1776326516000
1776326517.781,117.781,0.6,1.59,0.59,10.0,0.61,38.59,0.62,15.0,0.39,38.59,0.38,15.0,0.4,28.21,0.41,10.0,0.01,0.01,2343.20597,1776326516000
1776326519.153,119.153,0.59,10.0,0.58,6.9,0.6,48.0,0.61,18.0,0.39,20.59,0.38,15.0,0.4,1.59,0.41,10.0,0.01,0.01,2343.183645,1776326517000
1776326519.437,119.437,0.58,1.9,0.57,25.0,0.59,23.3,0.6,58.0,0.4,48.0,0.39,18.0,0.41,10.0,0.42,6.9,0.01,0.01,2343.183645,1776326517000
1776326520.512,120.512,0.57,8.93,0.55,8.6,0.58,176.0,0.59,134.49,0.41,23.3,0.4,58.0,0.42,1.9,0.43,25.0,0.01,0.01,2342.30125,1776326519000
1776326520.74,120.74,0.46,6.0,0.45,15.0,0.47,8.22,0.48,10.0,0.5,32.3,0.49,10.0,0.54,6.0,0.55,15.0,0.01,0.04,2342.30125,1776326519000
1776326521.014,121.014,0.39,30.0,0.38,10.0,0.47,173.32,0.48,20.0,0.53,33.32,0.52,20.0,0.54,6.0,0.56,30.0,0.08,0.01,2342.30125,1776326519000
1776326521.256,121.256,0.44,4.28,0.43,10.0,0.45,50.0,0.46,110.0,0.53,179.32,0.52,10.0,0.56,10.0,0.57,10.0,0.01,0.03,2342.30135,1776326520000
1776326521.586,121.586,0.45,34.0,0.44,4.28,0.46,13.73,0.47,28.22,0.54,10.0,0.53,36.22,0.56,29.28,0.57,10.0,0.01,0.02,2342.30135,1776326520000
1776326521.805,121.805,0.44,4.28,0.43,10.0,0.46,41.73,0.47,28.22,0.54,13.73,0.53,28.22,0.55,34.0,0.56,4.28,0.02,0.01,2342.30135,1776326520000
1776326522.156,122.156,0.42,10.0,0.41,48.0,0.44,10.0,0.46,18.0,0.54,41.73,0.53,28.22,0.56,4.28,0.57,10.0,0.02,0.02,2342.120962,1776326521000
1776326522.76,122.76,0.46,60.0,0.45,170.85,0.47,0.22,0.52,10.0,0.56,15.45,0.54,28.0,0.58,10.0,0.59,48.0,0.01,0.02,2342.120962,1776326521000
1776326523.603,123.603,0.42,30.0,0.41,30.0,0.47,15.0,0.48,15.0,0.49,10.0,0.48,10.0,0.54,60.0,0.55,170.85,0.05,0.05,2341.47085,1776326522000
1776326524.007,124.007,0.4,1.35,0.39,20.14,0.41,26.0,0.42,10.0,0.54,10.0,0.53,15.0,0.58,19.65,0.59,38.0,0.01,0.04,2341.3131,1776326523000
1776326524.554,124.554,0.41,13.73,0.4,15.0,0.43,149.0,0.44,10.0,0.57,25.0,0.56,10.0,0.58,12.92,0.61,13.27,0.02,0.01,2341.3131,1776326523000
1776326525.547,125.547,0.42,123.57,0.41,241.73,0.43,9.69,0.54,10.0,0.57,149.0,0.56,10.0,0.59,13.73,0.6,15.0,0.01,0.02,2341.517991,1776326524000
1776326525.909,125.909,0.5,4.8,0.49,10.0,0.53,96.0,0.54,10.0,0.47,17.9,0.46,10.0,0.48,10.0,0.49,10.0,0.03,0.01,2341.517991,1776326524000
1776326526.144,126.144,0.5,3.0,0.49,10.0,0.51,68.0,0.52,36.0,0.47,96.0,0.46,10.0,0.51,10.0,0.52,10.0,0.01,0.04,2341.499901,1776326525000
1776326526.534,126.534,0.41,85.0,0.4,15.0,0.42,4.52,0.43,13.0,0.49,68.0,0.48,36.0,0.5,3.0,0.51,10.0,0.01,0.01,2341.499901,1776326525000
1776326527.036,127.036,0.41,79.58,0.4,93.3,0.42,12.23,0.43,8.0,0.58,54.0,0.57,8.0,0.59,69.58,0.6,10.0,0.01,0.01,2341.354818,1776326526000
1776326528.832,128.832,0.41,69.58,0.4,78.3,0.42,60.23,0.43,18.0,0.58,12.23,0.57,8.0,0.59,79.58,0.6,93.3,0.01,0.01,2341.55524,1776326527000
1776326529.179,129.179,0.37,30.04,0.36,150.0,0.38,10.0,0.39,17.0,0.58,60.23,0.57,18.0,0.59,69.58,0.6,78.3,0.01,0.01,2341.48056,1776326528000
1776326529.584,129.584,0.36,135.79,0.35,285.72,0.38,66.0,0.39,22.0,0.62,33.0,0.61,22.0,0.63,14.16,0.64,150.0,0.02,0.01,2341.48056,1776326528000
1776326530.512,130.512,0.36,135.79,0.35,173.31,0.37,17.0,0.38,66.0,0.62,66.0,0.61,22.0,0.64,135.79,0.65,285.72,0.01,0.02,2341.411726,1776326529000
1776326530.927,130.927,0.36,145.79,0.35,339.31,0.38,38.0,0.39,22.0,0.63,17.0,0.62,66.0,0.64,135.79,0.65,173.31,0.02,0.01,2341.411726,1776326529000
1776326531.974,131.974,0.37,7.0,0.36,142.79,0.38,61.6,0.39,17.0,0.62,38.0,0.61,22.0,0.64,145.79,0.65,339.31,0.01,0.02,2341.273965,1776326530000
1776326532.72,132.72,0.34,136.24,0.33,195.0,0.35,132.0,0.36,37.0,0.62,61.6,0.61,17.0,0.63,7.0,0.64,142.79,0.01,0.01,2341.172874,1776326531000
1776326533.761,133.761,0.34,147.0,0.33,401.3,0.36,7.0,0.37,5.0,0.65,132.0,0.64,27.0,0.66,130.24,0.67,195.0,0.02,0.01,2341.150378,1776326532000
1776326534.546,134.546,0.35,181.44,0.34,142.0,0.36,17.0,0.37,5.0,0.64,7.0,0.63,5.0,0.66,147.0,0.67,401.3,0.01,0.02,2340.917013,1776326533000
1776326535.446,135.446,0.34,12.0,0.33,105.0,0.36,58.0,0.37,20.0,0.64,17.0,0.63,5.0,0.65,181.44,0.66,142.0,0.02,0.01,2340.925585,1776326534000
1776326535.97,135.97,0.34,107.0,0.33,230.0,0.35,85.0,0.36,28.0,0.64,58.0,0.63,20.0,0.66,12.0,0.67,105.0,0.01,0.02,2340.925585,1776326534000
1776326537.035,137.035,0.33,94.0,0.32,135.0,0.34,10.0,0.35,85.0,0.65,85.0,0.64,28.0,0.66,101.0,0.67,230.0,0.01,0.01,2340.940935,1776326535000
1776326537.262,137.262,0.31,94.97,0.3,125.0,0.33,135.2,0.34,17.0,0.66,10.0,0.65,85.0,0.67,94.0,0.68,135.0,0.02,0.01,2340.918555,1776326536000
1776326537.523,137.523,0.31,82.07,0.3,125.0,0.32,161.0,0.33,71.0,0.68,136.0,0.67,90.2,0.69,84.97,0.7,125.0,0.01,0.01,2340.918555,1776326536000
1776326538.345,138.345,0.31,27.0,0.3,62.0,0.32,171.0,0.33,71.0,0.68,161.0,0.67,71.0,0.69,77.07,0.7,125.0,0.01,0.01,2340.90926,1776326537000
1776326539.151,139.151,0.31,22.0,0.3,62.0,0.32,181.0,0.33,71.0,0.68,171.0,0.67,71.0,0.69,27.0,0.7,62.0,0.01,0.01,2340.90926,1776326537000
1776326539.497,139.497,0.31,20.55,0.3,62.0,0.32,181.0,0.33,71.0,0.68,181.0,0.67,71.0,0.69,22.0,0.7,62.0,0.01,0.01,2340.71474,1776326538000
1776326539.892,139.892,0.31,29.47,0.3,62.0,0.32,92.0,0.33,28.0,0.68,161.0,0.67,71.0,0.69,5.47,0.7,62.0,0.01,0.01,2340.71474,1776326538000
1776326540.519,140.519,0.28,22.27,0.27,143.3,0.29,72.0,0.3,20.0,0.68,92.0,0.67,28.0,0.69,0.47,0.7,67.0,0.01,0.01,2340.555087,1776326539000
1776326542.393,142.393,0.27,153.3,0.26,285.7,0.28,4.0,0.29,18.6,0.71,122.0,0.7,20.0,0.72,18.92,0.73,143.3,0.01,0.01,2340.531106,1776326541000
1776326545.663,145.663,0.3,55.06,0.29,31.0,0.31,39.96,0.32,46.47,0.69,11.0,0.68,47.47,0.7,25.0,0.73,158.3,0.01,0.01,2340.598399,1776326544000
1776326547.855,147.855,0.3,86.46,0.29,46.0,0.31,19.96,0.32,5.0,0.69,39.96,0.68,46.47,0.7,55.06,0.71,31.0,0.01,0.01,2340.66235,1776326546000
1776326548.081,148.081,0.31,58.0,0.3,256.46,0.32,4.0,0.33,5.0,0.69,19.96,0.68,5.0,0.7,86.46,0.71,46.0,0.01,0.01,2340.692995,1776326547000
1776326548.384,148.384,0.27,25.3,0.26,75.7,0.32,34.2,0.33,20.0,0.67,3.0,0.66,15.0,0.69,58.0,0.7,256.46,0.05,0.02,2340.692995,1776326547000
1776326548.624,148.624,0.27,35.3,0.26,96.7,0.29,10.0,0.3,10.0,0.72,0.37,0.71,10.0,0.73,25.3,0.74,75.7,0.02,0.01,2340.692995,1776326547000
1776326551.924,151.924,0.26,111.7,0.25,54.2,0.27,141.54,0.28,35.0,0.71,10.0,0.7,10.0,0.73,35.3,0.74,96.7,0.01,0.02,2340.603384,1776326550000
1776326552.557,152.557,0.26,99.02,0.25,19.2,0.27,25.0,0.28,35.0,0.73,141.54,0.72,35.0,0.74,111.7,0.75,54.2,0.01,0.01,2340.504135,1776326551000
1776326553.364,153.364,0.26,75.32,0.25,19.2,0.27,20.0,0.28,35.0,0.73,25.0,0.72,35.0,0.74,99.02,0.75,19.2,0.01,0.01,2340.4733,1776326552000
1776326554.141,154.141,0.19,77.14,0.18,181.4,0.27,238.0,0.28,40.0,0.73,20.0,0.72,35.0,0.74,75.32,0.75,19.2,0.08,0.01,2340.4981,1776326553000
1776326554.428,154.428,0.19,37.81,0.18,164.4,0.2,151.0,0.21,15.0,0.8,20.0,0.79,15.0,0.81,57.95,0.82,164.4,0.01,0.01,2340.4981,1776326553000
1776326554.992,154.992,0.19,43.57,0.18,195.4,0.2,133.08,0.21,15.0,0.8,146.0,0.79,15.0,0.81,43.57,0.82,171.4,0.01,0.01,2340.517985,1776326554000
1776326555.392,155.392,0.19,96.57,0.18,181.4,0.2,19.0,0.21,15.0,0.8,133.08,0.79,15.0,0.81,38.57,0.82,195.4,0.01,0.01,2340.517985,1776326554000
1776326555.832,155.832,0.19,290.57,0.18,199.54,0.21,18.0,0.22,22.0,0.8,19.0,0.79,15.0,0.81,96.57,0.82,181.4,0.02,0.01,2340.517985,1776326554000
1776326556.32,156.32,0.2,67.18,0.19,276.97,0.21,15.0,0.22,22.0,0.79,8.0,0.78,22.0,0.8,27.68,0.81,248.57,0.01,0.01,2340.284256,1776326555000
1776326556.717,156.717,0.2,75.05,0.19,271.97,0.21,10.0,0.22,27.0,0.79,15.0,0.78,22.0,0.8,67.18,0.81,276.97,0.01,0.01,2340.284256,1776326555000
1776326557.087,157.087,0.21,116.0,0.2,212.07,0.22,0.15,0.25,10.0,0.79,10.0,0.78,27.0,0.8,75.05,0.81,271.97,0.01,0.01,2339.927907,1776326556000
1776326557.325,157.325,0.24,23.0,0.23,95.0,0.26,8.24,0.27,10.0,0.75,2.73,0.74,16.0,0.79,131.0,0.8,234.57,0.02,0.04,2339.927907,1776326556000
1776326557.547,157.547,0.25,27.0,0.24,6.0,0.29,14.76,0.3,10.0,0.74,8.24,0.73,10.0,0.76,23.0,0.77,95.0,0.04,0.02,2339.927907,1776326556000
1776326557.935,157.935,0.25,75.81,0.24,23.0,0.26,5.0,0.27,10.0,0.71,14.76,0.7,10.0,0.75,22.0,0.76,6.0,0.01,0.04,2339.927907,1776326556000
1776326559.522,159.522,0.25,75.81,0.24,23.0,0.26,0.27,0.27,10.0,0.74,5.0,0.73,10.0,0.75,75.81,0.76,23.0,0.01,0.01,2340.211602,1776326558000
1776326559.772,159.772,0.26,15.0,0.25,119.81,0.28,7.67,0.29,19.76,0.71,14.76,0.7,15.0,0.75,70.81,0.76,23.0,0.02,0.04,2340.211602,1776326558000
1776326560.175,160.175,0.26,15.0,0.25,119.81,0.27,11.29,0.28,7.67,0.72,7.67,0.71,19.76,0.74,15.0,0.75,119.81,0.01,0.02,2340.211602,1776326558000
1776326560.759,160.759,0.26,74.0,0.25,119.81,0.27,1.29,0.28,7.67,0.73,11.29,0.72,7.67,0.74,15.0,0.75,119.81,0.01,0.01,2340.43155,1776326559000
1776326561.486,161.486,0.38,10.0,0.37,10.0,0.39,1.92,0.4,5.0,0.73,1.29,0.72,7.67,0.74,74.0,0.75,119.81,0.01,0.01,2340.393865,1776326560000
1776326561.742,161.742,0.4,5.0,0.39,15.0,0.41,10.0,0.42,15.0,0.59,51.82,0.58,15.0,0.6,10.0,0.61,10.0,0.01,0.01,2340.393865,1776326560000
1776326561.989,161.989,0.39,10.32,0.38,20.0,0.41,5.0,0.42,10.0,0.58,10.0,0.57,15.0,0.61,10.32,0.62,20.0,0.02,0.03,2340.393865,1776326560000
1776326562.89,162.89,0.41,15.0,0.4,30.0,0.44,10.0,0.45,15.0,0.59,3.79,0.58,10.0,0.6,10.0,0.61,15.32,0.03,0.01,2340.40816,1776326561000
1776326563.557,163.557,0.44,10.0,0.43,45.0,0.45,4.2,0.46,10.0,0.56,10.0,0.55,15.0,0.59,15.0,0.6,30.0,0.01,0.03,2340.493365,1776326562000
1776326565.257,165.257,0.45,34.7,0.44,15.0,0.46,10.0,0.47,75.73,0.55,4.2,0.54,10.0,0.56,10.0,0.57,45.0,0.01,0.01,2341.27788,1776326564000
1776326566.314,166.314,0.51,10.0,0.5,10.0,0.52,47.09,0.54,30.0,0.53,70.73,0.52,10.0,0.55,49.7,0.56,15.0,0.01,0.02,2341.478675,1776326565000
1776326568.842,168.842,0.49,25.0,0.48,10.0,0.5,3.0,0.51,33.09,0.48,41.72,0.47,10.0,0.49,21.0,0.53,8.0,0.01,0.01,2341.547185,1776326567000
1776326569.324,169.324,0.49,5.0,0.48,15.0,0.5,142.2,0.51,43.09,0.5,3.0,0.49,33.09,0.51,25.0,0.52,10.0,0.01,0.01,2341.528653,1776326568000
1776326570.315,170.315,0.35,51.83,0.34,81.0,0.36,10.0,0.37,21.0,0.5,142.2,0.49,43.09,0.51,5.0,0.52,15.0,0.01,0.01,2341.522065,1776326569000
1776326570.706,170.706,0.34,116.9,0.33,106.0,0.35,16.0,0.36,59.0,0.65,10.0,0.64,78.2,0.66,80.9,0.67,100.0,0.01,0.01,2341.522065,1776326569000
1776326571.014,171.014,0.34,40.0,0.33,75.0,0.35,83.2,0.36,64.0,0.65,27.0,0.64,64.0,0.66,70.0,0.67,76.0,0.01,0.01,2341.522065,1776326569000
1776326571.391,171.391,0.33,65.0,0.32,70.0,0.34,10.0,0.35,129.0,0.65,83.2,0.64,64.0,0.66,40.0,0.67,75.0,0.01,0.01,2341.560339,1776326570000
1776326571.886,171.886,0.33,65.0,0.32,70.0,0.34,42.07,0.35,16.0,0.66,10.0,0.65,129.0,0.67,65.0,0.68,70.0,0.01,0.01,2341.560339,1776326570000
1776326572.196,172.196,0.31,45.0,0.3,5.0,0.32,26.0,0.33,16.0,0.66,42.07,0.65,16.0,0.67,65.0,0.68,70.0,0.01,0.01,2341.560339,1776326570000
1776326573.061,173.061,0.36,5.0,0.35,10.0,0.37,15.0,0.38,10.0,0.68,26.0,0.67,16.0,0.69,45.0,0.7,5.0,0.01,0.01,2341.13894,1776326572000
1776326574.225,174.225,0.4,15.0,0.39,15.0,0.42,5.28,0.43,10.0,0.63,15.0,0.62,10.0,0.64,5.0,0.65,10.0,0.02,0.01,2340.881359,1776326573000
1776326574.686,174.686,0.42,3.03,0.41,75.0,0.43,10.0,0.44,20.0,0.58,5.28,0.57,10.0,0.6,15.0,0.61,15.0,0.01,0.02,2340.881359,1776326573000
1776326574.957,174.957,0.42,48.27,0.41,40.0,0.43,59.76,0.44,15.0,0.57,10.0,0.56,20.0,0.58,3.03,0.59,75.0,0.01,0.01,2340.881359,1776326573000
1776326575.306,175.306,0.41,10.0,0.4,5.0,0.43,98.96,0.44,15.0,0.57,59.76,0.56,15.0,0.58,48.27,0.59,40.0,0.02,0.01,2340.881359,1776326573000
1776326575.881,175.881,0.38,12.0,0.37,5.0,0.41,15.0,0.42,10.0,0.59,40.0,0.58,10.0,0.6,5.0,0.63,5.0,0.03,0.01,2340.9405,1776326574000
1776326576.156,176.156,0.34,70.0,0.33,70.0,0.39,167.0,0.4,15.0,0.59,15.0,0.58,10.0,0.62,12.0,0.63,5.0,0.05,0.03,2340.9405,1776326574000
1776326577.617,177.617,0.35,15.0,0.34,104.51,0.36,5.0,0.37,10.0,0.65,10.0,0.64,15.0,0.66,64.51,0.67,75.0,0.01,0.01,2341.138372,1776326576000
1776326579.368,179.368,0.34,10.0,0.33,70.0,0.36,110.0,0.37,40.39,0.63,10.0,0.62,10.0,0.65,10.0,0.66,104.51,0.02,0.02,2340.915737,1776326578000
1776326579.703,179.703,0.33,65.0,0.32,70.0,0.34,79.0,0.35,27.0,0.64,110.0,0.63,40.39,0.66,10.0,0.67,70.0,0.01,0.02,2340.915737,1776326578000
1776326580.093,180.093,0.33,61.0,0.32,70.0,0.34,118.55,0.35,32.0,0.66,79.0,0.65,27.0,0.67,65.0,0.68,70.0,0.01,0.01,2340.915737,1776326578000
1776326580.513,180.513,0.33,99.0,0.32,70.0,0.34,40.05,0.35,25.0,0.66,118.55,0.65,32.0,0.67,61.0,0.68,70.0,0.01,0.01,2340.926129,1776326579000
1776326581.028,181.028,0.33,76.0,0.32,91.0,0.4,14.47,0.41,15.0,0.66,40.05,0.65,25.0,0.67,99.0,0.68,70.0,0.07,0.01,2340.91745,1776326580000
1776326581.71,181.71,0.35,5.2,0.34,25.0,0.36,35.0,0.37,15.0,0.6,14.47,0.59,15.0,0.67,76.0,0.68,91.0,0.01,0.07,2340.91745,1776326580000
1776326581.941,181.941,0.34,19.92,0.33,81.0,0.36,125.23,0.37,20.0,0.64,35.0,0.63,15.0,0.65,1.2,0.66,25.0,0.02,0.01,2340.91745,1776326580000
1776326582.367,182.367,0.34,18.48,0.33,81.0,0.36,105.23,0.37,20.0,0.64,125.23,0.63,20.0,0.66,19.92,0.67,81.0,0.02,0.02,2340.897955,1776326581000
1776326582.895,182.895,0.35,73.0,0.34,88.48,0.36,14.84,0.39,15.0,0.64,105.23,0.63,20.0,0.66,18.48,0.67,81.0,0.01,0.02,2340.897955,1776326581000
1776326583.259,183.259,0.38,5.0,0.36,10.0,0.41,17.56,0.42,10.0,0.61,9.08,0.6,15.0,0.65,73.0,0.66,88.48,0.03,0.04,2340.897955,1776326581000
1776326583.582,183.582,0.25,5.51,0.24,81.0,0.3,99.0,0.31,15.0,0.59,17.56,0.58,10.0,0.62,5.0,0.64,10.0,0.05,0.03,2340.925015,1776326582000
1776326584.6,184.6,0.24,76.0,0.23,75.0,0.25,55.8,0.26,22.0,0.75,12.48,0.74,10.0,0.76,80.9,0.77,85.0,0.01,0.01,2340.925015,1776326583000
1776326584.953,184.953,0.24,74.47,0.23,85.0,0.25,13.8,0.26,22.0,0.75,65.8,0.74,22.0,0.76,69.47,0.77,75.0,0.01,0.01,2340.925015,1776326583000
1776326585.521,185.521,0.24,88.16,0.23,85.0,0.26,17.0,0.27,15.0,0.75,13.8,0.74,22.0,0.76,74.47,0.77,85.0,0.02,0.01,2340.918587,1776326584000
1776326586.826,186.826,0.25,5.0,0.24,78.16,0.26,32.06,0.27,15.0,0.74,17.0,0.73,15.0,0.76,88.16,0.77,85.0,0.01,0.02,2340.59046,1776326585000
1776326587.105,187.105,0.24,73.16,0.23,99.0,0.26,82.06,0.27,27.0,0.74,32.06,0.73,15.0,0.75,5.0,0.76,78.16,0.02,0.01,2340.59046,1776326585000
1776326588.349,188.349,0.26,25.68,0.25,84.0,0.27,12.0,0.29,6.0,0.74,82.06,0.73,27.0,0.76,73.16,0.77,99.0,0.01,0.02,2340.43456,1776326586000
1776326589.124,189.124,0.26,83.0,0.25,230.0,0.29,1.97,0.3,6.0,0.73,12.0,0.71,6.0,0.74,25.68,0.75,84.0,0.03,0.01,2340.405255,1776326587000
1776326590.344,190.344,0.29,4.4,0.28,15.0,0.3,10.0,0.31,76.0,0.71,1.97,0.7,6.0,0.74,83.0,0.75,230.0,0.01,0.03,2340.39549,1776326588000
1776326594.109,194.109,0.28,12.98,0.27,20.0,0.3,25.88,0.31,76.0,0.7,10.0,0.69,76.0,0.71,4.4,0.72,15.0,0.02,0.01,2340.703985,1776326592000
1776326595.413,195.413,0.27,5.0,0.26,17.0,0.29,107.78,0.3,10.0,0.7,25.88,0.69,76.0,0.72,12.98,0.73,20.0,0.02,0.02,2340.703195,1776326593000
1776326597.287,197.287,0.27,5.0,0.26,17.0,0.28,79.0,0.29,24.0,0.71,107.78,0.7,10.0,0.73,5.0,0.74,17.0,0.01,0.02,2340.658755,1776326596000
1776326598.89,198.89,0.18,70.0,0.17,6.0,0.26,321.0,0.27,24.0,0.72,79.0,0.71,24.0,0.73,5.0,0.74,17.0,0.08,0.01,2340.50985,1776326597000
1776326599.141,199.141,0.18,67.0,0.17,6.0,0.19,164.0,0.2,44.6,0.81,152.0,0.8,18.0,0.82,67.0,0.83,6.0,0.01,0.01,2340.50985,1776326597000
1776326599.868,199.868,0.16,102.99,0.15,111.0,0.17,94.0,0.18,118.0,0.81,164.0,0.8,52.16,0.82,45.78,0.83,6.0,0.01,0.01,2340.517891,1776326598000
1776326600.258,200.258,0.16,86.47,0.15,111.0,0.17,77.0,0.18,118.0,0.83,89.0,0.82,118.0,0.84,94.74,0.85,111.0,0.01,0.01,2340.517891,1776326598000
1776326600.68,200.68,0.16,85.47,0.15,121.0,0.17,77.0,0.18,118.0,0.83,77.0,0.82,118.0,0.84,86.47,0.85,111.0,0.01,0.01,2340.518756,1776326599000
1776326601.001,201.001,0.16,81.47,0.15,121.0,0.17,82.0,0.18,118.0,0.83,77.0,0.82,118.0,0.84,85.47,0.85,121.0,0.01,0.01,2340.518756,1776326599000
1776326601.504,201.504,0.16,81.47,0.15,121.0,0.17,45.0,0.18,118.0,0.83,82.0,0.82,118.0,0.84,81.47,0.85,121.0,0.01,0.01,2340.061175,1776326600000
1776326601.866,201.866,0.16,96.47,0.15,121.0,0.17,4.02,0.18,118.0,0.83,45.0,0.82,118.0,0.84,81.47,0.85,121.0,0.01,0.01,2340.061175,1776326600000
1776326602.256,202.256,0.16,91.23,0.15,121.0,0.17,4.02,0.18,108.0,0.83,4.02,0.82,118.0,0.84,96.47,0.85,121.0,0.01,0.01,2339.860984,1776326601000
1776326602.921,202.921,0.16,88.08,0.15,20.0,0.17,4.02,0.18,8.0,0.83,4.02,0.82,108.0,0.84,91.23,0.85,121.0,0.01,0.01,2339.860984,1776326601000
1776326603.489,203.489,0.17,61.0,0.16,58.08,0.18,266.0,0.19,133.0,0.83,4.02,0.82,8.0,0.84,88.08,0.85,20.0,0.01,0.01,2339.860984,1776326601000
1776326603.842,203.842,0.16,47.84,0.15,10.0,0.17,245.0,0.18,179.0,0.83,38.0,0.82,259.0,0.84,53.08,0.85,20.0,0.01,0.01,2339.839012,1776326602000
1776326604.088,204.088,0.16,38.84,0.14,20.0,0.17,260.0,0.18,211.56,0.83,245.0,0.82,179.0,0.84,47.84,0.85,10.0,0.01,0.01,2339.839012,1776326602000
1776326604.397,204.397,0.14,15.0,0.13,90.0,0.15,88.16,0.16,10.0,0.85,58.16,0.84,10.0,0.86,10.0,0.87,90.0,0.01,0.01,2339.839012,1776326602000
1776326604.762,204.762,0.13,1.0,0.12,85.0,0.14,217.0,0.15,143.16,0.85,88.16,0.84,10.0,0.86,15.0,0.87,90.0,0.01,0.01,2339.887934,1776326603000
1776326605.202,205.202,0.13,1.0,0.12,90.0,0.14,189.85,0.15,143.16,0.86,214.85,0.85,143.16,0.87,1.0,0.88,90.0,0.01,0.01,2339.916736,1776326604000
1776326607.263,207.263,0.13,9.62,0.12,90.0,0.14,95.85,0.15,25.0,0.86,194.85,0.85,143.16,0.87,4.62,0.88,90.0,0.01,0.01,2339.72903,1776326606000
1776326607.473,207.473,0.13,48.62,0.12,90.0,0.16,141.56,0.17,110.0,0.86,6.0,0.84,141.56,0.87,53.62,0.88,90.0,0.03,0.01,2339.72903,1776326606000
1776326608.19,208.19,0.14,15.0,0.13,18.62,0.16,144.0,0.17,122.56,0.84,141.56,0.83,110.0,0.87,48.62,0.88,90.0,0.02,0.03,2339.72903,1776326606000
1776326609.097,209.097,0.15,48.0,0.14,30.0,0.16,33.0,0.18,10.0,0.84,144.0,0.83,122.56,0.86,15.0,0.87,18.62,0.01,0.02,2339.72173,1776326607000
1776326609.308,209.308,0.15,158.0,0.14,20.0,0.2,10.0,0.21,25.56,0.84,33.0,0.82,10.0,0.85,48.0,0.86,30.0,0.05,0.01,2339.72173,1776326607000
1776326609.894,209.894,0.19,25.0,0.18,28.0,0.2,8.1,0.21,17.56,0.8,10.0,0.79,25.56,0.85,158.0,0.86,20.0,0.01,0.05,2339.723157,1776326608000
1776326610.169,210.169,0.19,15.0,0.18,28.0,0.21,10.66,0.22,10.0,0.8,8.1,0.79,17.56,0.81,25.0,0.82,28.0,0.02,0.01,2339.723157,1776326608000
1776326610.855,210.855,0.19,152.53,0.18,28.0,0.2,10.0,0.21,3.1,0.8,1.84,0.79,10.66,0.81,80.0,0.82,28.0,0.01,0.01,2339.76695,1776326609000
1776326611.478,211.478,0.19,67.0,0.17,9.0,0.2,119.56,0.21,58.1,0.8,10.0,0.79,3.1,0.81,152.53,0.82,28.0,0.01,0.01,2339.906288,1776326610000
1776326612.12,212.12,0.19,25.45,0.17,9.0,0.2,241.67,0.21,58.1,0.8,107.56,0.79,58.1,0.81,30.95,0.83,9.0,0.01,0.01,2339.906288,1776326610000
1776326612.392,212.392,0.19,24.95,0.17,9.0,0.2,241.67,0.21,58.1,0.8,241.67,0.79,58.1,0.81,25.45,0.83,9.0,0.01,0.01,2339.906288,1776326610000
1776326613.999,213.999,0.19,18.95,0.17,14.0,0.2,167.61,0.21,65.66,0.8,241.67,0.79,58.1,0.81,24.95,0.83,9.0,0.01,0.01,2340.055319,1776326612000
1776326614.329,214.329,0.19,4.29,0.17,14.0,0.2,172.61,0.21,65.66,0.8,172.61,0.79,65.66,0.81,10.47,0.83,9.0,0.01,0.01,2339.941103,1776326613000
1776326614.7,214.7,0.17,6.74,0.16,14.0,0.18,84.0,0.19,15.0,0.82,10.0,0.81,10.0,0.83,11.74,0.84,14.0,0.01,0.01,2339.941103,1776326613000
1776326615.297,215.297,0.15,7.88,0.14,20.0,0.16,217.0,0.17,173.0,0.82,84.0,0.81,15.0,0.83,6.74,0.84,14.0,0.01,0.01,2339.941103,1776326613000
1776326615.758,215.758,0.15,1.73,0.14,20.0,0.16,190.0,0.17,151.0,0.84,217.0,0.83,173.0,0.85,7.88,0.86,20.0,0.01,0.01,2339.9304,1776326614000
1776326616.147,216.147,0.15,11.73,0.14,20.0,0.17,146.0,0.18,134.0,0.84,190.0,0.83,151.0,0.85,1.73,0.86,20.0,0.02,0.01,2339.9304,1776326614000
1776326616.405,216.405,0.14,3.73,0.13,223.62,0.17,46.0,0.18,34.0,0.83,146.0,0.82,134.0,0.85,11.73,0.86,20.0,0.03,0.02,2339.965645,1776326615000
1776326616.607,216.607,0.15,10.0,0.14,13.73,0.16,3.75,0.17,146.0,0.83,46.0,0.82,34.0,0.86,3.73,0.87,223.62,0.01,0.03,2339.965645,1776326615000
1776326618.425,218.425,0.15,4.0,0.14,13.73,0.16,131.05,0.17,46.0,0.84,3.75,0.83,146.0,0.85,10.0,0.86,13.73,0.01,0.01,2339.9023,1776326616000
1776326619.054,219.054,0.14,64.73,0.13,228.62,0.15,24.1,0.17,34.0,0.84,131.05,0.83,46.0,0.85,4.0,0.86,13.73,0.01,0.01,2339.92025,1776326617000
1776326619.933,219.933,0.18,3.9,0.17,15.0,0.19,134.95,0.2,17.56,0.8,117.56,0.79,153.1,0.84,9.0,0.86,64.73,0.01,0.04,2339.9129,1776326618000
1776326620.625,220.625,0.17,9.14,0.16,29.0,0.19,134.95,0.2,15.0,0.81,134.95,0.8,17.56,0.82,3.9,0.83,15.0,0.02,0.01,2339.91295,1776326619000
1776326621.392,221.392,0.16,18.0,0.15,15.0,0.18,181.62,0.19,24.22,0.81,134.95,0.8,15.0,0.83,9.14,0.84,29.0,0.02,0.02,2339.91295,1776326619000
1776326621.728,221.728,0.16,6.0,0.15,15.0,0.17,50.0,0.18,126.62,0.82,181.62,0.81,16.66,0.84,12.0,0.85,15.0,0.01,0.02,2340.06255,1776326620000
1776326622.962,222.962,0.16,8.21,0.15,15.0,0.17,11.66,0.18,126.62,0.83,61.66,0.82,126.62,0.85,15.0,0.86,63.63,0.01,0.02,2340.061985,1776326621000
1776326623.251,223.251,0.16,6.78,0.15,15.0,0.17,6.66,0.18,126.62,0.83,11.66,0.82,126.62,0.84,8.21,0.85,15.0,0.01,0.01,2340.061985,1776326621000
1776326624.579,224.579,0.15,17.26,0.14,18.73,0.17,135.36,0.18,17.56,0.83,6.66,0.82,126.62,0.84,6.78,0.85,15.0,0.02,0.01,2340.0377,1776326623000
1776326625.104,225.104,0.15,18.24,0.14,18.73,0.16,44.35,0.17,38.34,0.83,140.36,0.82,17.56,0.85,8.24,0.86,18.73,0.01,0.02,2340.0377,1776326623000
1776326626.123,226.123,0.16,20.0,0.15,106.24,0.17,10.34,0.18,10.0,0.84,0.35,0.83,38.34,0.85,13.24,0.86,18.73,0.01,0.01,2340.05265,1776326624000
1776326626.734,226.734,0.16,9.04,0.15,131.2,0.17,11.87,0.18,2.34,0.82,2.34,0.81,10.0,0.84,15.0,0.85,106.24,0.01,0.02,2340.067135,1776326625000
1776326628.761,228.761,0.16,40.84,0.15,141.2,0.17,18.3,0.18,75.49,0.83,11.87,0.82,2.34,0.84,9.04,0.85,131.2,0.01,0.01,2340.15825,1776326627000
1776326629.519,229.519,0.15,98.2,0.14,62.9,0.16,112.0,0.17,61.3,0.83,18.3,0.82,75.49,0.84,40.84,0.85,141.2,0.01,0.01,2340.15825,1776326627000
1776326630.205,230.205,0.15,40.0,0.13,171.0,0.16,229.38,0.17,66.3,0.84,112.0,0.83,61.3,0.85,98.2,0.86,62.9,0.01,0.01,2340.203083,1776326628000
1776326630.856,230.856,0.13,10.0,0.12,10.0,0.16,224.38,0.17,61.3,0.84,224.38,0.83,66.3,0.85,26.33,0.87,171.0,0.03,0.01,2340.203707,1776326629000
1776326631.855,231.855,0.11,15.0,0.1,103.85,0.14,148.82,0.15,38.0,0.85,60.0,0.84,155.38,0.87,2.0,0.88,10.0,0.03,0.02,2340.161552,1776326630000
1776326632.348,232.348,0.11,15.0,0.1,98.85,0.14,151.38,0.15,48.0,0.86,151.38,0.85,38.0,0.88,5.0,0.89,15.0,0.03,0.02,2340.102135,1776326631000
1776326632.619,232.619,0.11,20.0,0.1,98.85,0.13,88.0,0.14,101.38,0.86,151.38,0.85,48.0,0.89,15.0,0.9,98.85,0.02,0.03,2340.102135,1776326631000
1776326633.1,233.1,0.11,10.0,0.1,98.85,0.13,88.0,0.14,106.38,0.87,83.0,0.86,106.38,0.89,15.0,0.9,98.85,0.02,0.02,2340.102135,1776326631000
1776326633.823,233.823,0.11,17.75,0.1,58.85,0.12,60.0,0.13,32.0,0.87,88.0,0.86,106.38,0.89,10.0,0.9,98.85,0.01,0.02,2339.991823,1776326632000
1776326634.813,234.813,0.11,6.62,0.1,35.85,0.12,371.53,0.13,27.0,0.88,83.0,0.87,22.0,0.89,12.75,0.9,58.85,0.01,0.01,2339.986175,1776326633000
1776326635.336,235.336,0.05,4.15,0.04,55.0,0.06,99.44,0.07,5.0,0.94,89.44,0.93,5.0,0.95,196.77,0.96,55.0,0.01,0.01,2339.98917,1776326634000
1776326635.89,235.89,0.04,153.8,0.03,546.7,0.05,13.59,0.06,70.0,0.94,94.44,0.93,5.0,0.96,55.0,0.97,329.7,0.01,0.02,2339.98917,1776326634000
1776326636.156,236.156,0.04,148.8,0.03,551.7,0.05,4.19,0.06,70.0,0.95,13.59,0.94,70.0,0.96,148.8,0.97,546.7,0.01,0.01,2339.990175,1776326635000
1776326636.483,236.483,0.05,28.27,0.04,148.8,0.06,70.0,0.07,7.0,0.94,70.0,0.93,7.0,0.95,5.38,0.96,148.8,0.01,0.01,2339.990175,1776326635000
1776326636.683,236.683,0.04,136.76,0.03,551.7,0.06,65.0,0.07,7.0,0.94,70.0,0.93,7.0,0.96,147.18,0.97,551.7,0.02,0.02,2339.990175,1776326635000
1776326636.914,236.914,0.05,118.13,0.04,80.76,0.06,65.0,0.07,17.0,0.94,65.0,0.93,17.0,0.96,80.76,0.97,551.7,0.01,0.02,2339.990175,1776326635000
1776326637.186,237.186,0.05,103.13,0.04,80.76,0.06,65.0,0.07,17.0,0.94,65.0,0.93,17.0,0.95,109.13,0.96,80.76,0.01,0.01,2339.046032,1776326636000
1776326637.483,237.483,0.05,103.84,0.04,80.76,0.06,70.0,0.07,17.0,0.94,65.0,0.93,17.0,0.95,103.13,0.96,80.76,0.01,0.01,2339.046032,1776326636000
1776326637.78,237.78,0.05,126.2,0.04,75.76,0.06,82.59,0.07,22.0,0.94,82.59,0.93,22.0,0.95,135.2,0.96,75.76,0.01,0.01,2339.046032,1776326636000
1776326638.009,238.009,0.05,98.88,0.04,75.76,0.06,78.74,0.07,22.0,0.94,82.59,0.93,22.0,0.95,118.88,0.96,75.76,0.01,0.01,2339.046032,1776326636000
1776326638.22,238.22,0.05,98.88,0.04,75.76,0.06,77.85,0.07,22.0,0.94,78.74,0.93,22.0,0.95,98.88,0.96,75.76,0.01,0.01,2339.046032,1776326636000
1776326638.425,238.425,0.05,11.55,0.04,75.76,0.06,76.34,0.07,22.0,0.94,80.89,0.93,22.0,0.95,11.55,0.96,75.76,0.01,0.01,2339.021335,1776326637000
1776326638.857,238.857,0.05,6.55,0.04,75.76,0.06,86.19,0.07,22.0,0.94,76.34,0.93,22.0,0.95,11.55,0.96,75.76,0.01,0.01,2339.021335,1776326637000
1776326639.276,239.276,0.04,75.76,0.03,551.7,0.06,100.39,0.07,15.0,0.94,83.39,0.93,22.0,0.95,54.85,0.96,181.76,0.02,0.01,2339.021335,1776326637000
1776326640.589,240.589,0.04,8.75,0.03,539.7,0.06,100.39,0.07,20.0,0.94,100.39,0.93,15.0,0.96,74.67,0.97,551.7,0.02,0.02,2339.03245,1776326639000
1776326640.845,240.845,0.03,538.45,0.02,728.7,0.06,140.39,0.07,20.0,0.94,100.39,0.93,20.0,0.96,8.75,0.97,539.7,0.03,0.02,2339.03245,1776326639000
1776326641.364,241.364,0.03,523.29,0.02,728.7,0.06,140.39,0.07,20.0,0.94,140.39,0.93,20.0,0.97,538.45,0.98,728.7,0.03,0.03,2339.08224,1776326640000
1776326642.032,242.032,0.04,100.0,0.03,428.29,0.05,77.0,0.06,100.39,0.94,140.39,0.93,20.0,0.97,523.29,0.98,728.7,0.01,0.03,2339.08224,1776326640000
1776326642.315,242.315,0.03,518.22,0.02,833.7,0.04,8.0,0.05,37.81,0.95,76.81,0.94,100.39,0.97,526.22,0.98,600.7,0.01,0.02,2339.08224,1776326640000
1776326642.615,242.615,0.03,518.06,0.02,833.7,0.04,16.98,0.05,37.81,0.96,10.98,0.95,37.81,0.97,523.22,0.98,833.7,0.01,0.01,2339.08224,1776326640000
1776326642.875,242.875,0.03,512.96,0.02,1046.69,0.04,23.98,0.05,37.81,0.96,16.98,0.95,37.81,0.97,512.96,0.98,833.7,0.01,0.01,2339.03755,1776326641000
1776326643.137,243.137,0.03,512.96,0.02,1046.69,0.04,55.23,0.05,37.81,0.96,23.98,0.95,37.81,0.97,512.96,0.98,1046.69,0.01,0.01,2339.03755,1776326642000
1776326645.407,245.407,0.03,504.88,0.02,1033.7,0.04,104.23,0.05,29.37,0.96,55.23,0.95,37.81,0.97,512.96,0.98,1046.69,0.01,0.01,2339.102831,1776326644000
1776326645.823,245.823,0.03,505.88,0.02,1033.7,0.04,97.81,0.05,29.37,0.96,104.23,0.95,29.37,0.97,504.88,0.98,1033.7,0.01,0.01,2339.102831,1776326644000
1776326646.069,246.069,0.03,481.34,0.02,1033.7,0.04,97.81,0.05,29.37,0.96,97.81,0.95,29.37,0.97,505.88,0.98,1033.7,0.01,0.01,2339.102831,1776326644000
1776326648.312,248.312,0.03,408.14,0.02,1333.7,0.04,81.81,0.05,40.0,0.96,97.81,0.95,29.37,0.97,481.34,0.98,1033.7,0.01,0.01,2339.045152,1776326647000
1776326648.681,248.681,0.03,418.14,0.02,1333.7,0.04,53.16,0.05,32.44,0.96,75.07,0.95,40.0,0.97,423.14,0.98,1333.7,0.01,0.01,2339.045152,1776326647000
1776326649.522,249.522,0.03,425.65,0.02,1333.7,0.04,58.16,0.05,32.44,0.96,53.16,0.95,32.44,0.97,418.14,0.98,1333.7,0.01,0.01,2339.038351,1776326648000
1776326650.616,250.616,0.03,209.65,0.02,643.7,0.04,50.77,0.05,32.44,0.96,40.37,0.95,32.44,0.97,420.65,0.98,1333.7,0.01,0.01,2339.065042,1776326649000
1776326652.78,252.78,0.03,124.31,0.02,433.7,0.04,29.77,0.05,32.44,0.96,50.77,0.95,32.44,0.97,209.65,0.98,643.7,0.01,0.01,2339.074571,1776326651000
1776326653.065,253.065,0.04,13.73,0.03,474.01,0.05,106.0,0.06,93.83,0.95,32.44,0.94,93.83,0.96,5.79,0.97,355.31,0.01,0.01,2339.103213,1776326652000
1776326653.34,253.34,0.04,5.64,0.03,474.01,0.05,40.0,0.06,93.83,0.95,106.0,0.94,93.83,0.96,13.73,0.97,474.01,0.01,0.01,2339.103213,1776326652000
1776326653.783,253.783,0.04,316.44,0.03,248.01,0.05,32.44,0.06,78.39,0.95,40.0,0.94,93.83,0.96,5.64,0.97,474.01,0.01,0.01,2339.103213,1776326652000
1776326654.328,254.328,0.04,14.62,0.03,10.0,0.05,231.44,0.06,155.83,0.95,32.44,0.94,78.39,0.96,295.6,0.97,153.32,0.01,0.01,2339.063009,1776326653000
1776326654.604,254.604,0.02,173.87,0.01,2500.45,0.04,116.38,0.05,137.44,0.96,136.38,0.95,142.44,0.98,173.87,0.99,2500.45,0.02,0.02,2339.063009,1776326653000
1776326655.055,255.055,0.02,172.84,0.01,2500.45,0.03,25.56,0.04,121.38,0.96,116.38,0.95,137.44,0.98,173.87,0.99,2500.45,0.01,0.02,2339.063009,1776326653000
1776326655.28,255.28,0.02,86.54,0.01,2500.45,0.03,19.56,0.04,121.38,0.97,19.56,0.96,121.38,0.98,106.54,0.99,2500.45,0.01,0.01,2339.235627,1776326654000
1776326655.538,255.538,0.02,76.54,0.01,2505.45,0.03,19.56,0.04,121.38,0.97,19.56,0.96,121.38,0.98,86.54,0.99,2500.45,0.01,0.01,2339.235627,1776326654000
1776326655.882,255.882,0.02,74.71,0.01,2480.45,0.03,19.56,0.04,121.38,0.97,19.56,0.96,121.38,0.98,76.54,0.99,2505.45,0.01,0.01,2339.235627,1776326654000
1776326656.322,256.322,0.02,482.35,0.01,2414.59,0.03,12.0,0.04,17.56,0.97,12.0,0.96,22.56,0.98,303.71,0.99,2464.44,0.01,0.01,2339.014706,1776326655000
1776326656.905,256.905,0.02,419.26,0.01,2414.59,0.03,22.31,0.04,17.56,0.97,12.0,0.96,17.56,0.98,477.25,0.99,2414.59,0.01,0.01,2339.014706,1776326655000
1776326657.592,257.592,0.02,202.19,0.01,2765.44,0.03,22.31,0.04,27.56,0.97,22.31,0.96,17.56,0.98,419.26,0.99,2414.59,0.01,0.01,2339.014706,1776326655000
1776326657.802,257.802,0.02,96.05,0.01,2765.44,0.03,10.31,0.04,20.0,0.97,22.31,0.96,27.56,0.98,202.19,0.99,2765.44,0.01,0.01,2338.97037,1776326656000
1776326658.236,258.236,0.03,32.69,0.02,101.05,0.04,10.0,0.05,20.63,0.97,10.31,0.96,20.0,0.98,96.05,0.99,2765.44,0.01,0.01,2338.97037,1776326656000
1776326658.67,258.67,0.04,27.54,0.03,448.45,0.05,31.26,0.06,59.39,0.96,5.46,0.95,20.63,0.97,280.69,0.98,106.05,0.01,0.01,2339.127359,1776326657000
1776326658.981,258.981,0.04,34.42,0.03,319.75,0.05,10.0,0.06,61.48,0.95,15.0,0.94,61.48,0.96,30.47,0.97,319.75,0.01,0.01,2339.127359,1776326657000
1776326659.234,259.234,0.04,250.63,0.03,176.39,0.05,10.0,0.06,53.92,0.95,10.0,0.94,61.48,0.96,34.42,0.97,319.75,0.01,0.01,2339.127359,1776326657000
1776326659.833,259.833,0.04,230.63,0.03,176.39,0.05,10.0,0.06,53.92,0.95,10.0,0.94,53.92,0.96,240.63,0.97,176.39,0.01,0.01,2339.207038,1776326658000
1776326660.6,260.6,0.04,39.06,0.03,364.39,0.05,4.44,0.06,61.48,0.95,10.0,0.94,53.92,0.96,230.42,0.97,176.39,0.01,0.01,2339.48324,1776326659000
1776326661.096,261.096,0.04,40.99,0.03,364.39,0.05,4.44,0.06,61.48,0.95,4.44,0.94,61.48,0.96,39.06,0.97,364.39,0.01,0.01,2339.498304,1776326660000
1776326662.51,262.51,0.04,45.99,0.03,468.39,0.05,1.44,0.06,53.92,0.95,4.44,0.94,61.48,0.96,40.99,0.97,364.39,0.01,0.01,2339.63468,1776326661000
1776326664.61,264.61,0.05,279.8,0.04,165.62,0.06,35.36,0.07,15.0,0.94,45.36,0.93,43.56,0.96,36.82,0.97,468.39,0.01,0.02,2339.6323,1776326663000
1776326665.265,265.265,0.05,265.05,0.04,108.8,0.06,10.36,0.07,15.0,0.94,10.36,0.93,15.0,0.95,283.8,0.96,265.62,0.01,0.01,2339.756845,1776326664000
1776326666.251,266.251,0.06,186.88,0.05,101.05,0.07,74.52,0.08,15.0,0.93,15.0,0.92,15.0,0.95,265.05,0.96,108.8,0.01,0.02,2339.763574,1776326665000
1776326666.484,266.484,0.06,202.51,0.05,101.05,0.07,55.52,0.08,15.0,0.93,74.52,0.92,15.0,0.94,186.88,0.95,101.05,0.01,0.01,2339.763574,1776326665000
1776326667.075,267.075,0.06,189.05,0.05,101.05,0.07,56.22,0.08,15.0,0.93,56.22,0.92,15.0,0.94,197.25,0.95,101.05,0.01,0.01,2340.000269,1776326666000
1776326667.919,267.919,0.06,62.98,0.05,254.05,0.07,117.19,0.08,10.0,0.93,56.22,0.92,15.0,0.94,189.05,0.95,101.05,0.01,0.01,2340.158269,1776326667000
1776326669.611,269.611,0.06,61.91,0.05,254.05,0.07,132.19,0.08,10.0,0.93,117.19,0.92,10.0,0.94,62.98,0.95,254.05,0.01,0.01,2340.230081,1776326668000
1776326669.976,269.976,0.06,51.8,0.05,254.05,0.07,132.19,0.08,10.0,0.93,132.19,0.92,10.0,0.94,61.91,0.95,254.05,0.01,0.01,2340.214892,1776326669000
1776326670.193,270.193,0.06,29.56,0.05,41.83,0.07,276.19,0.08,80.0,0.93,132.19,0.92,10.0,0.94,51.8,0.95,254.05,0.01,0.01,2340.214892,1776326669000
1776326670.395,270.395,0.05,39.62,0.04,10.0,0.06,129.0,0.07,95.0,0.93,281.19,0.92,80.0,0.95,37.77,0.96,10.0,0.01,0.02,2340.214892,1776326669000
1776326670.64,270.64,0.05,11.02,0.04,10.0,0.06,139.33,0.07,85.0,0.94,144.89,0.93,85.0,0.95,21.02,0.96,10.0,0.01,0.01,2340.214892,1776326669000
1776326671.151,271.151,0.04,10.0,0.03,41.46,0.05,104.0,0.06,58.33,0.94,141.33,0.93,85.0,0.96,10.0,0.97,10.0,0.01,0.02,2340.214892,1776326669000
1776326671.486,271.486,0.04,6.23,0.03,41.46,0.05,109.0,0.06,53.33,0.95,104.0,0.94,58.33,0.96,10.0,0.97,41.46,0.01,0.01,2340.214892,1776326669000
1776326672.256,272.256,0.03,24.46,0.02,15.0,0.05,116.0,0.06,53.33,0.95,114.0,0.94,53.33,0.96,1.23,0.97,41.46,0.02,0.01,2340.079476,1776326671000
1776326673.102,273.102,0.03,19.55,0.02,10.0,0.04,62.25,0.05,33.0,0.96,5.0,0.95,59.0,0.97,29.46,0.98,15.0,0.01,0.01,2340.079476,1776326671000
1776326673.583,273.583,0.03,13.51,0.02,10.0,0.04,72.25,0.05,28.0,0.96,67.25,0.95,33.0,0.97,14.55,0.98,10.0,0.01,0.01,2339.67595,1776326672000
1776326673.975,273.975,0.03,8.51,0.02,10.0,0.04,67.25,0.05,28.0,0.96,72.25,0.95,28.0,0.97,13.51,0.98,10.0,0.01,0.01,2339.67595,1776326673000
1776326674.647,274.647,0.03,0.42,0.02,10.0,0.04,72.25,0.05,28.0,0.96,67.25,0.95,28.0,0.97,8.51,0.98,10.0,0.01,0.01,2339.67595,1776326673000
1776326675.607,275.607,0.02,2.47,0.01,1953.85,0.03,16.0,0.04,72.25,0.96,67.25,0.95,28.0,0.98,5.42,0.99,2349.22,0.01,0.02,2339.654337,1776326674000
1776326676.003,276.003,0.02,5.0,0.01,1855.31,0.03,16.0,0.04,67.25,0.97,21.0,0.96,67.25,0.99,1855.31,,,0.01,0.02,2339.654337,1776326674000
1776326676.459,276.459,0.01,1855.31,,,0.03,52.18,0.04,61.0,0.97,16.0,0.96,67.25,0.98,5.0,0.99,1855.31,0.02,0.01,2339.570286,1776326675000
1776326677.558,277.558,0.02,4.9,0.01,1894.26,0.03,67.18,0.04,37.0,0.97,52.18,0.96,61.0,0.99,1850.26,,,0.01,0.02,2339.619213,1776326676000
1776326677.79,277.79,0.01,1889.0,,,0.03,82.18,0.04,37.0,0.97,67.18,0.96,37.0,0.98,4.9,0.99,1894.26,0.02,0.01,2339.619213,1776326676000
1776326677.997,277.997,0.01,1887.98,,,0.03,77.18,0.04,37.0,0.97,82.18,0.96,37.0,0.99,1889.0,,,0.02,0.02,2339.619213,1776326676000
1776326678.428,278.428,0.01,1823.73,,,0.03,72.18,0.04,37.0,0.97,77.18,0.96,37.0,0.99,1887.98,,,0.02,0.02,2339.620372,1776326677000
1776326679.086,279.086,0.01,1803.53,,,0.02,25.41,0.03,72.18,0.97,72.18,0.96,37.0,0.99,1818.73,,,0.01,0.02,2339.620372,1776326677000
1776326679.462,279.462,0.01,1788.48,,,0.02,25.41,0.03,56.18,0.98,25.41,0.97,72.18,0.99,1803.53,,,0.01,0.01,2339.631733,1776326678000
1776326680.447,280.447,0.01,1396.44,,,0.02,36.53,0.03,15.0,0.98,25.41,0.97,56.18,0.99,1788.48,,,0.01,0.01,2339.605902,1776326679000
1776326680.655,280.655,0.01,1333.41,,,0.02,51.53,0.03,15.0,0.98,46.53,0.97,15.0,0.99,1389.41,,,0.01,0.01,2339.605902,1776326679000
1776326680.922,280.922,0.01,1300.03,,,0.02,46.53,0.03,15.0,0.98,46.53,0.97,15.0,0.99,1335.39,,,0.01,0.01,2339.605902,1776326679000
1776326681.187,281.187,0.01,1288.82,,,0.02,46.53,0.03,15.0,0.98,46.53,0.97,15.0,0.99,1300.03,,,0.01,0.01,2339.610497,1776326680000
1776326681.442,281.442,0.01,1283.82,,,0.02,36.53,0.03,39.0,0.98,46.53,0.97,15.0,0.99,1288.82,,,0.01,0.01,2339.610497,1776326680000
1776326682.098,282.098,0.01,1156.73,,,0.02,36.53,0.03,39.0,0.98,36.53,0.97,39.0,0.99,1171.73,,,0.01,0.01,2339.610497,1776326680000
1776326682.433,282.433,0.01,1153.57,,,0.02,46.53,0.03,39.0,0.98,36.53,0.97,49.0,0.99,1160.57,,,0.01,0.01,2339.733771,1776326681000
1776326683.314,283.314,0.01,1099.54,,,0.02,40.41,0.03,39.0,0.98,46.53,0.97,39.0,0.99,1077.77,,,0.01,0.01,2339.729345,1776326682000
1776326683.602,283.602,0.01,987.09,,,0.02,50.41,0.03,39.0,0.98,50.41,0.97,39.0,0.99,1022.45,,,0.01,0.01,2339.729345,1776326682000
1776326684.353,284.353,0.01,977.09,,,0.02,45.41,0.03,39.0,0.98,50.41,0.97,39.0,0.99,987.09,,,0.01,0.01,2339.729345,1776326682000
1776326684.862,284.862,0.01,944.3,,,0.02,35.41,0.03,39.0,0.98,45.41,0.97,39.0,0.99,977.09,,,0.01,0.01,2339.71927,1776326683000
1776326685.473,285.473,0.01,888.79,,,0.02,35.41,0.03,39.0,0.98,35.41,0.97,39.0,0.99,893.79,,,0.01,0.01,2339.714916,1776326684000
1776326685.712,285.712,0.01,853.27,,,0.02,35.41,0.03,39.0,0.98,35.41,0.97,39.0,0.99,874.27,,,0.01,0.01,2339.714916,1776326684000
1776326686.096,286.096,0.01,838.27,,,0.02,35.41,0.03,39.0,0.98,35.41,0.97,39.0,0.99,848.27,,,0.01,0.01,2339.714916,1776326684000
1776326686.601,286.601,0.01,838.27,,,0.03,39.0,0.04,10.0,0.98,35.41,0.97,39.0,0.99,838.27,,,0.02,0.01,2339.714916,1776326684000
1776326687.233,287.233,0.01,833.83,,,0.03,39.0,0.04,10.0,0.97,39.0,0.96,10.0,0.99,813.06,,,0.02,0.02,2339.714916,1776326684000
1776326688.065,288.065,0.01,823.83,,,0.02,83.31,0.03,31.0,0.97,39.0,0.96,10.0,0.99,833.83,,,0.01,0.02,2339.714916,1776326684000
1776326688.324,288.324,0.01,652.83,,,0.02,106.31,0.03,31.0,0.98,83.31,0.97,31.0,0.99,657.83,,,0.01,0.01,2339.714916,1776326684000
1776326688.685,288.685,,,,,0.01,1355.18,0.02,233.31,0.98,106.31,0.97,31.0,0.99,652.83,,,,0.01,2339.7358,1776326687000
1776326688.945,288.945,,,,,0.01,3679.14,0.02,78.31,0.99,1355.18,0.98,233.31,,,,,,,2339.7358,1776326687000
1776326689.19,289.19,,,,,0.01,3681.94,0.02,78.31,0.99,3671.99,0.98,78.31,,,,,,,2339.740822,1776326688000
1776326692.481,292.481,,,,,0.01,6904.16,0.02,68.31,0.99,3681.94,0.98,78.31,,,,,,,2338.939594,1776326691000
1776326692.843,292.843,,,,,0.01,6906.8,0.02,168.31,0.99,6904.16,0.98,68.31,,,,,,,2338.939594,1776326691000
1776326696.154,296.154,,,,,0.01,7648.87,0.02,68.31,0.99,6906.8,0.98,168.31,,,,,,,2338.573637,1776326695000
1776326697.462,297.462,,,,,0.01,8218.35,0.02,68.31,0.99,7760.99,0.98,68.31,,,,,,,2338.684,1776326696000

# RESULT,winner=Down,slug=eth-updown-5m-1776326400,ticks=475
