timestamp,elapsed_sec,up_bid_p1,up_bid_s1,up_bid_p2,up_bid_s2,up_ask_p1,up_ask_s1,up_ask_p2,up_ask_s2,down_bid_p1,down_bid_s1,down_bid_p2,down_bid_s2,down_ask_p1,down_ask_s1,down_ask_p2,down_ask_s2,up_spread,down_spread,eth_price,eth_oracle_ts
1776204901.493,1.493,0.45,65.0,0.44,70.0,0.47,14.1,0.48,15.0,0.53,14.1,0.52,15.0,0.55,65.0,0.56,70.0,0.02,0.02,2329.3932,1776204899000
1776204901.737,1.737,0.45,65.0,0.44,70.0,0.47,14.1,0.48,15.0,0.53,14.1,0.52,15.0,0.55,65.0,0.56,70.0,0.02,0.02,2329.345786,1776204900000
1776204902.063,2.063,0.45,45.0,0.44,70.0,0.46,5.0,0.47,7.97,0.53,29.97,0.52,28.0,0.55,55.0,0.56,70.0,0.01,0.02,2329.345786,1776204900000
1776204902.285,2.285,0.45,35.0,0.44,70.0,0.46,5.0,0.47,7.97,0.54,5.0,0.53,7.97,0.55,35.0,0.56,70.0,0.01,0.01,2329.33423,1776204901000
1776204902.801,2.801,0.4,11.67,0.39,70.0,0.41,8.47,0.42,10.0,0.54,5.0,0.53,7.97,0.55,35.0,0.56,70.0,0.01,0.01,2329.33423,1776204901000
1776204903.254,3.254,0.39,66.67,0.38,5.0,0.4,10.0,0.41,15.0,0.58,10.0,0.54,5.0,0.61,63.48,0.63,140.0,0.01,0.03,2329.33423,1776204901000
1776204903.532,3.532,0.39,76.67,0.38,5.0,0.4,12.55,0.41,15.0,0.6,10.0,0.59,15.0,0.61,66.67,0.62,5.0,0.01,0.01,2329.263452,1776204902000
1776204903.761,3.761,0.39,71.67,0.38,5.0,0.4,12.55,0.41,15.0,0.6,12.55,0.59,15.0,0.61,76.67,0.62,5.0,0.01,0.01,2329.263452,1776204902000
1776204903.987,3.987,0.39,69.86,0.38,5.0,0.4,12.55,0.41,15.0,0.6,12.55,0.59,15.0,0.61,69.86,0.62,5.0,0.01,0.01,2328.936444,1776204903000
1776204904.383,4.383,0.39,53.96,0.38,5.0,0.4,11.85,0.41,46.0,0.6,10.0,0.59,61.0,0.61,58.96,0.62,5.0,0.01,0.01,2328.936444,1776204903000
1776204904.708,4.708,0.39,46.86,0.38,5.0,0.4,10.0,0.41,29.0,0.6,10.0,0.59,28.0,0.61,56.86,0.62,5.0,0.01,0.01,2328.936444,1776204903000
1776204905.597,5.597,0.39,46.86,0.38,5.0,0.4,15.0,0.41,29.0,0.6,10.0,0.59,29.0,0.61,46.86,0.62,5.0,0.01,0.01,2328.506772,1776204904000
1776204905.966,5.966,0.39,46.86,0.38,5.0,0.4,15.0,0.41,29.0,0.6,15.0,0.59,29.0,0.61,46.86,0.62,5.0,0.01,0.01,2328.340293,1776204905000
1776204906.729,6.729,0.39,25.86,0.37,140.0,0.4,57.0,0.41,39.0,0.6,15.0,0.59,29.0,0.61,46.86,0.62,5.0,0.01,0.01,2328.340293,1776204905000
1776204906.957,6.957,0.37,90.89,0.35,10.0,0.38,20.0,0.39,32.0,0.62,10.0,0.61,27.0,0.63,103.69,0.65,24.0,0.01,0.01,2328.340293,1776204905000
1776204907.481,7.481,0.37,78.85,0.34,29.0,0.38,20.0,0.39,32.0,0.62,25.0,0.61,32.0,0.63,88.85,0.65,10.0,0.01,0.01,2328.32405,1776204906000
1776204907.792,7.792,0.37,77.1,0.36,5.0,0.38,35.0,0.39,32.0,0.62,30.0,0.61,32.0,0.63,78.85,0.66,29.0,0.01,0.01,2328.32405,1776204906000
1776204908.043,8.043,0.37,77.1,0.36,5.0,0.38,35.0,0.39,32.0,0.62,35.0,0.61,32.0,0.63,77.1,0.64,5.0,0.01,0.01,2328.317573,1776204907000
1776204909.065,9.065,0.37,68.76,0.36,25.5,0.38,50.5,0.39,37.0,0.62,45.5,0.61,37.0,0.63,85.85,0.64,5.0,0.01,0.01,2328.317573,1776204907000
1776204909.367,9.367,0.37,49.17,0.36,25.5,0.38,61.5,0.39,37.0,0.62,45.5,0.61,37.0,0.63,57.17,0.64,25.5,0.01,0.01,2328.103425,1776204908000
1776204909.594,9.594,0.37,44.17,0.36,15.0,0.38,81.5,0.39,37.0,0.62,61.5,0.61,37.0,0.63,49.17,0.64,25.5,0.01,0.01,2328.103425,1776204908000
1776204909.864,9.864,0.37,27.83,0.36,20.0,0.38,61.5,0.39,42.0,0.62,81.5,0.61,37.0,0.63,44.17,0.64,15.0,0.01,0.01,2328.103425,1776204908000
1776204910.227,10.227,0.35,11.24,0.34,24.0,0.36,10.0,0.37,30.5,0.64,10.0,0.63,30.5,0.65,11.24,0.66,24.0,0.01,0.01,2328.02576,1776204909000
1776204910.617,10.617,0.35,10.0,0.34,20.5,0.36,20.62,0.37,55.5,0.64,16.85,0.63,28.0,0.65,18.31,0.66,15.0,0.01,0.01,2328.02576,1776204909000
1776204911.258,11.258,0.33,17.51,0.32,20.0,0.34,15.0,0.35,55.0,0.64,35.62,0.63,55.5,0.66,20.5,0.67,20.0,0.01,0.02,2328.02576,1776204909000
1776204912.054,12.054,0.33,6.4,0.32,30.0,0.34,30.0,0.35,46.0,0.66,15.0,0.65,55.0,0.67,17.51,0.68,20.0,0.01,0.01,2328.067282,1776204910000
1776204912.323,12.323,0.33,6.4,0.32,30.0,0.34,30.0,0.35,46.0,0.66,30.0,0.65,46.0,0.67,6.4,0.68,30.0,0.01,0.01,2328.024572,1776204911000
1776204913.358,13.358,0.33,6.4,0.32,30.0,0.34,30.0,0.35,46.0,0.66,30.0,0.65,46.0,0.67,6.4,0.68,30.0,0.01,0.01,2327.915366,1776204912000
1776204913.903,13.903,0.33,6.4,0.32,30.0,0.34,30.0,0.35,46.0,0.66,30.0,0.65,46.0,0.67,6.4,0.68,30.0,0.01,0.01,2327.895946,1776204913000
1776204914.228,14.228,0.32,25.5,0.31,85.0,0.33,25.0,0.34,30.0,0.66,30.0,0.65,46.0,0.67,6.4,0.68,30.0,0.01,0.01,2327.895946,1776204913000
1776204914.753,14.753,0.32,40.0,0.31,95.0,0.33,35.0,0.34,30.0,0.67,25.0,0.66,30.0,0.68,25.5,0.69,85.0,0.01,0.01,2327.895946,1776204913000
1776204915.371,15.371,0.32,30.0,0.31,95.0,0.33,30.0,0.34,30.0,0.67,30.0,0.66,30.0,0.68,30.0,0.69,95.0,0.01,0.01,2327.848214,1776204914000
1776204915.864,15.864,0.32,20.0,0.31,95.0,0.33,25.45,0.34,30.0,0.67,25.45,0.66,30.0,0.68,20.0,0.69,95.0,0.01,0.01,2327.847799,1776204915000
1776204916.104,16.104,0.32,27.01,0.31,95.0,0.33,25.45,0.34,25.0,0.67,25.45,0.66,30.0,0.68,20.0,0.69,95.0,0.01,0.01,2327.847799,1776204915000
1776204916.854,16.854,0.32,27.01,0.31,95.0,0.33,25.45,0.34,25.0,0.67,25.45,0.66,25.0,0.68,27.01,0.69,95.0,0.01,0.01,2327.851616,1776204916000
1776204917.292,17.292,0.32,51.51,0.31,98.5,0.33,10.0,0.38,15.5,0.67,19.38,0.66,25.0,0.68,27.01,0.69,105.5,0.01,0.01,2327.851616,1776204916000
1776204917.506,17.506,0.37,22.98,0.36,70.0,0.38,13.0,0.39,10.5,0.61,12.5,0.6,5.0,0.63,10.0,0.64,60.0,0.01,0.02,2327.851616,1776204916000
1776204917.867,17.867,0.37,22.98,0.36,70.0,0.38,13.0,0.39,10.5,0.62,13.0,0.61,10.5,0.63,22.98,0.64,70.0,0.01,0.01,2327.865146,1776204917000
1776204918.162,18.162,0.33,6.25,0.32,10.0,0.34,15.0,0.35,10.0,0.66,10.0,0.65,10.0,0.67,7.9,0.68,15.0,0.01,0.01,2327.865146,1776204917000
1776204918.481,18.481,0.33,0.7,0.31,65.0,0.34,25.0,0.35,15.0,0.66,15.0,0.65,15.0,0.67,3.25,0.68,10.0,0.01,0.01,2327.865146,1776204917000
1776204918.764,18.764,0.31,47.62,0.3,40.0,0.32,10.0,0.33,10.0,0.67,10.0,0.66,13.0,0.69,47.76,0.7,40.0,0.01,0.02,2327.865146,1776204917000
1776204919.628,19.628,0.31,47.62,0.3,40.0,0.32,118.23,0.33,25.5,0.68,10.0,0.67,10.0,0.69,47.62,0.7,40.0,0.01,0.01,2327.958455,1776204918000
1776204919.858,19.858,0.31,42.62,0.3,40.0,0.32,144.23,0.33,25.5,0.68,144.23,0.67,25.5,0.69,42.62,0.7,40.0,0.01,0.01,2327.942495,1776204919000
1776204920.168,20.168,0.31,40.62,0.3,30.0,0.32,145.79,0.33,30.5,0.68,149.23,0.67,30.5,0.69,25.62,0.7,40.0,0.01,0.01,2327.942495,1776204919000
1776204920.948,20.948,0.31,40.62,0.3,30.0,0.32,145.79,0.33,30.5,0.68,145.79,0.67,30.5,0.69,40.62,0.7,30.0,0.01,0.01,2327.748,1776204920000
1776204921.254,21.254,0.31,77.02,0.3,41.0,0.32,111.17,0.33,30.5,0.68,121.17,0.67,30.5,0.69,66.03,0.7,41.0,0.01,0.01,2327.748,1776204920000
1776204921.865,21.865,0.31,77.02,0.3,41.0,0.32,111.17,0.33,30.5,0.68,111.17,0.67,30.5,0.69,77.02,0.7,41.0,0.01,0.01,2327.618421,1776204921000
1776204922.326,22.326,0.31,72.58,0.3,31.0,0.32,121.17,0.33,30.5,0.68,121.17,0.67,30.5,0.69,68.03,0.7,41.0,0.01,0.01,2327.618421,1776204921000
1776204922.885,22.885,0.31,24.01,0.3,61.5,0.32,5.0,0.33,20.0,0.68,116.17,0.67,30.5,0.69,51.06,0.7,41.0,0.01,0.01,2327.618421,1776204921000
1776204923.594,23.594,0.31,28.43,0.3,61.5,0.32,5.0,0.33,25.3,0.67,10.3,0.66,20.5,0.69,24.01,0.7,61.5,0.01,0.02,2327.630744,1776204922000
1776204923.873,23.873,0.31,28.43,0.3,61.5,0.32,5.0,0.33,25.3,0.68,5.0,0.67,25.3,0.69,28.43,0.7,61.5,0.01,0.01,2327.635312,1776204923000
1776204924.176,24.176,0.31,19.0,0.3,51.5,0.32,40.0,0.33,15.3,0.68,5.0,0.67,25.3,0.69,28.43,0.7,61.5,0.01,0.01,2327.635312,1776204923000
1776204924.73,24.73,0.31,7.55,0.3,41.0,0.32,30.0,0.33,25.8,0.68,35.0,0.67,25.8,0.69,9.0,0.7,41.0,0.01,0.01,2327.635312,1776204923000
1776204924.956,24.956,0.31,7.55,0.3,41.0,0.32,30.0,0.33,25.8,0.68,30.0,0.67,25.8,0.69,7.55,0.7,41.0,0.01,0.01,2327.66672,1776204924000
1776204925.864,25.864,0.3,25.0,0.29,61.5,0.32,28.03,0.33,25.8,0.68,23.03,0.67,25.8,0.7,51.0,0.71,71.5,0.02,0.02,2327.66672,1776204924000
1776204926.413,26.413,0.3,25.0,0.29,56.5,0.31,40.0,0.32,15.0,0.68,28.03,0.67,25.8,0.7,25.0,0.71,61.5,0.01,0.02,2327.68703,1776204925000
1776204926.953,26.953,0.3,25.0,0.29,56.5,0.31,40.0,0.32,15.0,0.69,40.0,0.68,15.0,0.7,25.0,0.71,56.5,0.01,0.01,2327.679414,1776204926000
1776204928.097,28.097,0.3,15.0,0.29,66.5,0.31,35.0,0.32,20.0,0.69,30.0,0.68,15.0,0.7,20.0,0.71,56.5,0.01,0.01,2327.679414,1776204926000
1776204928.608,28.608,0.3,15.0,0.29,66.5,0.31,35.0,0.32,20.0,0.69,35.0,0.68,20.0,0.7,15.0,0.71,66.5,0.01,0.01,2327.687597,1776204927000
1776204929.134,29.134,0.3,56.0,0.29,56.5,0.31,20.0,0.32,15.0,0.69,35.0,0.68,20.0,0.7,15.0,0.71,66.5,0.01,0.01,2327.687597,1776204927000
1776204930.176,30.176,0.3,56.0,0.29,56.5,0.31,20.0,0.32,15.0,0.69,20.0,0.68,15.0,0.7,56.0,0.71,56.5,0.01,0.01,2327.65906,1776204929000
1776204931.071,31.071,0.3,6.43,0.29,71.0,0.31,60.0,0.32,25.5,0.69,50.0,0.68,25.5,0.7,15.0,0.71,61.0,0.01,0.01,2327.65906,1776204929000
1776204932.076,32.076,0.3,6.43,0.29,71.0,0.31,60.0,0.32,25.5,0.69,60.0,0.68,25.5,0.7,6.43,0.71,71.0,0.01,0.01,2327.685769,1776204931000
1776204933.134,33.134,0.3,6.43,0.29,71.0,0.31,60.0,0.32,25.5,0.69,60.0,0.68,25.5,0.7,6.43,0.71,71.0,0.01,0.01,2327.66651,1776204932000
1776204934.171,34.171,0.29,114.0,0.28,22.0,0.3,25.5,0.31,25.5,0.69,30.0,0.68,30.5,0.71,65.39,0.72,42.5,0.01,0.02,2327.66651,1776204932000
1776204934.424,34.424,0.29,30.0,0.26,14.0,0.3,160.5,0.31,39.5,0.7,25.5,0.69,25.5,0.71,114.0,0.72,22.0,0.01,0.01,2327.683689,1776204933000
1776204934.716,34.716,0.24,4.0,0.23,15.5,0.25,39.0,0.26,20.0,0.7,234.5,0.69,39.5,0.76,4.0,0.77,5.0,0.01,0.06,2327.683689,1776204933000
1776204935.173,35.173,0.24,4.0,0.23,15.5,0.25,39.0,0.26,20.0,0.75,39.0,0.74,20.0,0.76,4.0,0.77,15.5,0.01,0.01,2327.685165,1776204934000
1776204936.229,36.229,0.21,20.0,0.2,10.0,0.22,53.0,0.23,20.0,0.75,72.0,0.74,25.0,0.76,7.0,0.77,15.5,0.01,0.01,2327.685165,1776204934000
1776204936.646,36.646,0.21,14.83,0.2,10.0,0.22,201.0,0.23,125.0,0.78,83.0,0.77,20.0,0.79,19.9,0.8,10.0,0.01,0.01,2327.484642,1776204935000
1776204936.895,36.895,0.21,4.83,0.2,20.5,0.22,206.0,0.23,125.0,0.78,201.0,0.77,125.0,0.79,14.83,0.8,10.0,0.01,0.01,2327.484642,1776204935000
1776204937.303,37.303,0.21,4.83,0.2,20.5,0.22,206.0,0.23,125.0,0.78,206.0,0.77,125.0,0.79,4.83,0.8,20.5,0.01,0.01,2327.1104,1776204936000
1776204937.818,37.818,0.2,12.76,0.19,20.5,0.22,236.0,0.23,150.0,0.78,206.0,0.77,125.0,0.79,4.83,0.8,20.5,0.02,0.01,2327.1104,1776204936000
1776204938.025,38.025,0.2,10.71,0.19,20.5,0.21,205.0,0.22,201.0,0.78,236.0,0.77,150.0,0.8,12.76,0.81,20.5,0.01,0.02,2327.1104,1776204936000
1776204938.38,38.38,0.19,15.83,0.18,26.11,0.21,210.0,0.22,201.0,0.79,210.0,0.78,201.0,0.81,15.83,0.82,26.11,0.02,0.02,2326.889408,1776204937000
1776204939.328,39.328,0.16,148.5,0.15,116.19,0.2,192.0,0.21,170.5,0.79,210.0,0.78,201.0,0.81,14.59,0.82,26.11,0.04,0.02,2326.889408,1776204937000
1776204939.532,39.532,0.16,124.81,0.15,111.19,0.17,178.75,0.18,145.0,0.83,10.0,0.82,10.0,0.84,123.5,0.85,116.19,0.01,0.01,2326.707906,1776204938000
1776204939.846,39.846,0.16,124.81,0.15,111.19,0.17,158.92,0.18,145.0,0.83,158.92,0.82,145.0,0.84,124.81,0.85,111.19,0.01,0.01,2326.703386,1776204939000
1776204940.488,40.488,0.16,10.0,0.15,48.69,0.17,183.92,0.18,145.0,0.83,158.92,0.82,145.0,0.84,124.81,0.85,111.19,0.01,0.01,2326.703386,1776204939000
1776204940.819,40.819,0.16,10.0,0.15,48.69,0.17,182.81,0.18,145.0,0.83,182.81,0.82,145.0,0.84,10.0,0.85,48.69,0.01,0.01,2326.632153,1776204940000
1776204941.032,41.032,0.16,80.31,0.15,73.69,0.17,167.81,0.18,145.0,0.83,182.81,0.82,145.0,0.84,10.0,0.85,48.69,0.01,0.01,2326.632153,1776204940000
1776204941.693,41.693,0.16,70.31,0.15,78.69,0.17,172.81,0.18,155.0,0.83,167.81,0.82,145.0,0.84,80.31,0.85,73.69,0.01,0.01,2326.632153,1776204940000
1776204942.269,42.269,0.16,70.31,0.15,78.69,0.17,172.81,0.18,155.0,0.83,172.81,0.82,155.0,0.84,70.31,0.85,78.69,0.01,0.01,2326.363215,1776204941000
1776204943.323,43.323,0.16,70.31,0.15,78.69,0.17,172.81,0.18,155.0,0.83,172.81,0.82,155.0,0.84,70.31,0.85,78.69,0.01,0.01,2326.306976,1776204942000
1776204943.88,43.88,0.16,70.31,0.15,78.69,0.17,172.81,0.18,155.0,0.83,172.81,0.82,155.0,0.84,70.31,0.85,78.69,0.01,0.01,2326.323728,1776204943000
1776204944.13,44.13,0.15,104.92,0.14,70.28,0.16,196.0,0.17,145.0,0.83,172.81,0.82,155.0,0.84,70.31,0.85,78.69,0.01,0.01,2326.323728,1776204943000
1776204944.962,44.962,0.15,104.92,0.14,70.28,0.16,196.0,0.17,145.0,0.84,196.0,0.83,145.0,0.85,104.92,0.86,70.28,0.01,0.01,2326.20391,1776204944000
1776204945.287,45.287,0.15,46.0,0.14,75.28,0.16,236.0,0.17,155.5,0.84,196.0,0.83,145.0,0.85,104.92,0.86,70.28,0.01,0.01,2326.20391,1776204944000
1776204945.499,45.499,0.15,44.0,0.14,75.28,0.16,236.0,0.17,155.5,0.84,236.0,0.83,155.5,0.85,46.0,0.86,75.28,0.01,0.01,2326.20391,1776204944000
1776204945.941,45.941,0.15,19.19,0.14,75.28,0.16,236.0,0.17,155.5,0.84,236.0,0.83,155.5,0.85,19.19,0.86,75.28,0.01,0.01,2326.1773,1776204945000
1776204946.525,46.525,0.15,43.67,0.14,75.28,0.16,213.0,0.17,155.5,0.84,236.0,0.83,155.5,0.85,47.82,0.86,85.28,0.01,0.01,2326.1773,1776204945000
1776204946.853,46.853,0.15,32.0,0.14,75.28,0.16,238.0,0.17,155.5,0.84,213.0,0.83,155.5,0.85,43.67,0.86,75.28,0.01,0.01,2326.1773,1776204945000
1776204947.525,47.525,0.15,17.0,0.14,75.28,0.16,233.0,0.17,155.5,0.84,238.0,0.83,155.5,0.85,27.0,0.86,75.28,0.01,0.01,2326.13402,1776204946000
1776204947.916,47.916,0.14,25.0,0.13,31.0,0.15,262.5,0.16,219.5,0.84,233.0,0.83,155.5,0.85,17.0,0.86,75.28,0.01,0.01,2326.13402,1776204946000
1776204948.23,48.23,0.14,9.0,0.13,31.0,0.15,264.07,0.16,256.49,0.85,262.5,0.84,219.5,0.86,25.0,0.87,31.0,0.01,0.01,2326.044572,1776204947000
1776204948.506,48.506,0.12,66.09,0.11,29.18,0.13,205.0,0.14,190.5,0.86,210.5,0.85,244.07,0.88,86.09,0.89,29.18,0.01,0.02,2326.044572,1776204947000
1776204949.011,49.011,0.12,66.09,0.11,29.18,0.13,205.69,0.14,195.5,0.87,205.69,0.86,195.5,0.88,66.09,0.89,29.18,0.01,0.01,2325.968913,1776204948000
1776204949.46,49.46,0.12,102.31,0.11,66.18,0.13,230.69,0.14,190.5,0.87,205.69,0.86,195.5,0.88,66.09,0.89,29.18,0.01,0.01,2325.968913,1776204948000
1776204949.995,49.995,0.12,98.2,0.11,66.18,0.13,225.69,0.14,190.5,0.87,230.69,0.86,190.5,0.88,102.31,0.89,66.18,0.01,0.01,2325.968913,1776204948000
1776204950.528,50.528,0.12,95.8,0.11,66.18,0.13,230.69,0.14,195.5,0.87,225.69,0.86,190.5,0.88,98.2,0.89,66.18,0.01,0.01,2325.65343,1776204949000
1776204950.797,50.797,0.12,85.8,0.11,66.18,0.13,225.69,0.14,195.5,0.87,230.69,0.86,195.5,0.88,95.8,0.89,66.18,0.01,0.01,2325.65343,1776204949000
1776204951.195,51.195,0.12,85.8,0.11,66.18,0.13,225.69,0.14,195.5,0.87,225.69,0.86,195.5,0.88,85.8,0.89,66.18,0.01,0.01,2325.564328,1776204950000
1776204951.569,51.569,0.12,69.73,0.11,48.0,0.13,218.5,0.14,165.5,0.87,225.69,0.86,195.5,0.88,85.8,0.89,66.18,0.01,0.01,2325.564328,1776204950000
1776204951.809,51.809,0.11,33.74,0.1,39.0,0.13,218.5,0.14,165.5,0.87,218.5,0.86,165.5,0.88,69.73,0.89,48.0,0.02,0.01,2325.564328,1776204950000
1776204952.201,52.201,0.11,76.2,0.1,80.0,0.12,180.0,0.13,183.5,0.88,180.0,0.87,183.5,0.89,76.2,0.9,80.0,0.01,0.01,2325.532898,1776204951000
1776204952.893,52.893,0.11,66.0,0.1,57.0,0.12,200.0,0.13,173.5,0.88,200.0,0.87,173.5,0.89,16.0,0.9,80.0,0.01,0.01,2325.532898,1776204951000
1776204953.252,53.252,0.11,66.0,0.1,57.0,0.12,200.0,0.13,173.5,0.88,200.0,0.87,173.5,0.89,66.0,0.9,57.0,0.01,0.01,2325.501541,1776204952000
1776204953.505,53.505,0.11,59.87,0.1,57.0,0.12,200.0,0.13,173.5,0.88,195.0,0.87,173.5,0.89,61.0,0.9,57.0,0.01,0.01,2325.501541,1776204952000
1776204954.038,54.038,0.11,176.49,0.1,120.5,0.12,94.0,0.13,125.0,0.88,200.0,0.87,173.5,0.89,59.87,0.9,57.0,0.01,0.01,2325.501541,1776204952000
1776204954.338,54.338,0.11,176.49,0.1,250.5,0.14,24.0,0.15,40.0,0.86,24.0,0.85,40.0,0.89,176.49,0.9,250.5,0.03,0.03,2325.473086,1776204953000
1776204955.117,55.117,0.13,20.0,0.12,25.5,0.15,12.2,0.16,46.0,0.85,12.2,0.84,46.0,0.87,20.0,0.88,25.5,0.02,0.02,2325.426596,1776204954000
1776204955.42,55.42,0.15,132.88,0.14,44.0,0.16,5.37,0.17,20.0,0.84,16.0,0.83,20.0,0.85,132.88,0.86,44.0,0.01,0.01,2325.426596,1776204954000
1776204956.017,56.017,0.15,60.88,0.14,44.0,0.16,15.37,0.17,20.0,0.84,5.37,0.83,20.0,0.85,132.88,0.86,44.0,0.01,0.01,2325.426596,1776204954000
1776204956.234,56.234,0.15,60.88,0.14,44.0,0.16,15.37,0.17,20.0,0.84,15.37,0.83,20.0,0.85,60.88,0.86,44.0,0.01,0.01,2325.782633,1776204955000
1776204956.887,56.887,0.15,43.88,0.14,44.0,0.16,15.37,0.17,26.02,0.84,15.37,0.83,20.0,0.85,60.88,0.86,44.0,0.01,0.01,2325.782633,1776204955000
1776204957.12,57.12,0.15,43.88,0.14,44.0,0.16,15.37,0.17,26.02,0.84,15.37,0.83,26.02,0.85,43.88,0.86,44.0,0.01,0.01,2325.946187,1776204956000
1776204957.963,57.963,0.15,106.38,0.14,132.5,0.17,3.02,0.19,40.0,0.84,15.37,0.83,26.02,0.85,43.88,0.86,44.0,0.02,0.01,2325.946187,1776204956000
1776204958.492,58.492,0.17,48.75,0.16,21.0,0.19,30.0,0.2,55.5,0.81,40.0,0.8,50.5,0.84,15.0,0.85,101.38,0.02,0.03,2326.066949,1776204957000
1776204959.22,59.22,0.17,48.75,0.16,21.0,0.19,30.0,0.2,55.5,0.81,30.0,0.8,55.5,0.83,48.75,0.84,21.0,0.02,0.02,2326.094395,1776204958000
1776204959.874,59.874,0.17,48.75,0.16,21.0,0.18,25.0,0.19,20.0,0.81,30.0,0.8,55.5,0.83,48.75,0.84,21.0,0.01,0.02,2326.094395,1776204958000
1776204960.22,60.22,0.17,48.75,0.16,21.0,0.18,16.0,0.19,20.0,0.82,16.0,0.81,20.0,0.83,48.75,0.84,21.0,0.01,0.01,2326.3247,1776204959000
1776204961.265,61.265,0.17,38.75,0.16,21.0,0.18,16.0,0.19,75.66,0.82,16.0,0.81,75.66,0.83,38.75,0.84,21.0,0.01,0.01,2326.377311,1776204960000
1776204962.134,62.134,0.15,4.95,0.14,20.24,0.16,135.5,0.17,55.5,0.82,16.0,0.81,75.66,0.83,38.75,0.84,21.0,0.01,0.01,2326.377311,1776204960000
1776204962.474,62.474,0.14,4.19,0.13,10.0,0.16,145.5,0.17,55.5,0.84,135.5,0.83,55.5,0.85,4.95,0.86,20.24,0.02,0.01,2326.392575,1776204961000
1776204962.675,62.675,0.13,9.14,0.12,15.0,0.15,51.0,0.16,125.5,0.84,145.5,0.83,55.5,0.86,4.19,0.87,10.0,0.02,0.02,2326.392575,1776204961000
1776204963.084,63.084,0.13,14.14,0.12,25.5,0.14,15.0,0.15,30.0,0.85,51.0,0.84,125.5,0.87,9.14,0.88,15.0,0.01,0.02,2326.392575,1776204961000
1776204963.765,63.765,0.13,26.14,0.12,25.5,0.14,35.0,0.15,55.0,0.86,15.0,0.85,30.0,0.87,14.14,0.88,25.5,0.01,0.01,2326.29005,1776204962000
1776204964.2,64.2,0.12,53.46,0.11,133.0,0.15,35.0,0.16,59.0,0.86,35.0,0.85,55.0,0.87,26.14,0.88,25.5,0.03,0.01,2326.29005,1776204962000
1776204964.453,64.453,0.14,26.05,0.13,10.0,0.15,40.0,0.16,64.0,0.85,35.0,0.84,59.0,0.88,53.46,0.89,133.0,0.01,0.03,2326.083998,1776204963000
1776204964.706,64.706,0.16,9.0,0.14,240.55,0.18,25.0,0.19,25.0,0.85,40.0,0.84,64.0,0.86,26.05,0.87,10.0,0.02,0.01,2326.083998,1776204963000
1776204964.915,64.915,0.2,10.0,0.19,16.0,0.21,0.5,0.22,10.5,0.78,10.5,0.77,10.0,0.8,10.0,0.81,16.0,0.01,0.02,2326.083998,1776204963000
1776204965.115,65.115,0.21,4.98,0.2,21.0,0.22,0.5,0.23,20.0,0.78,0.5,0.77,20.0,0.79,4.98,0.8,21.0,0.01,0.01,2326.044995,1776204964000
1776204965.36,65.36,0.21,13.92,0.2,26.0,0.22,95.34,0.23,25.0,0.78,5.5,0.77,20.0,0.79,19.98,0.8,26.0,0.01,0.01,2326.044995,1776204964000
1776204965.599,65.599,0.21,4.36,0.2,26.0,0.22,100.34,0.23,35.5,0.78,95.34,0.77,25.0,0.79,13.92,0.8,26.0,0.01,0.01,2326.044995,1776204964000
1776204965.858,65.858,0.2,16.92,0.19,31.5,0.22,125.84,0.23,35.5,0.78,120.84,0.77,35.5,0.8,19.55,0.81,31.5,0.02,0.02,2326.044995,1776204964000
1776204966.16,66.16,0.2,16.92,0.19,31.5,0.22,125.84,0.23,35.5,0.78,125.84,0.77,35.5,0.8,16.92,0.81,31.5,0.02,0.02,2326.151715,1776204965000
1776204966.678,66.678,0.2,55.75,0.19,131.5,0.21,15.0,0.22,120.84,0.78,125.84,0.77,35.5,0.8,16.92,0.81,31.5,0.01,0.02,2326.151715,1776204965000
1776204966.899,66.899,0.2,37.0,0.19,131.5,0.21,20.0,0.22,120.84,0.79,20.0,0.78,120.84,0.8,42.62,0.81,131.5,0.01,0.01,2326.151715,1776204965000
1776204967.133,67.133,0.2,37.0,0.19,131.5,0.21,20.0,0.22,120.84,0.79,20.0,0.78,120.84,0.8,37.0,0.81,131.5,0.01,0.01,2326.74391,1776204966000
1776204968.16,68.16,0.2,37.0,0.19,131.5,0.21,20.0,0.22,120.84,0.79,20.0,0.78,120.84,0.8,37.0,0.81,131.5,0.01,0.01,2326.861405,1776204967000
1776204968.963,68.963,0.19,182.6,0.18,182.5,0.2,7.55,0.21,20.0,0.8,2.5,0.79,20.0,0.81,182.6,0.82,182.5,0.01,0.01,2326.861405,1776204967000
1776204969.297,69.297,0.19,172.6,0.18,182.5,0.2,7.55,0.21,20.0,0.8,7.55,0.79,20.0,0.81,182.6,0.82,182.5,0.01,0.01,2326.861405,1776204967000
1776204969.852,69.852,0.19,172.6,0.18,182.5,0.2,7.55,0.21,20.0,0.8,7.55,0.79,20.0,0.81,172.6,0.82,182.5,0.01,0.01,2326.936285,1776204969000
1776204970.486,70.486,0.19,157.6,0.18,188.5,0.2,17.55,0.21,30.0,0.8,7.55,0.79,20.0,0.81,172.6,0.82,182.5,0.01,0.01,2326.936285,1776204969000
1776204970.822,70.822,0.19,337.36,0.18,213.5,0.21,10.0,0.22,25.64,0.8,17.55,0.79,30.0,0.81,151.36,0.82,158.5,0.02,0.01,2326.936285,1776204969000
1776204971.167,71.167,0.21,115.0,0.2,120.5,0.22,2.91,0.23,10.0,0.78,2.91,0.77,10.0,0.79,115.0,0.8,120.5,0.01,0.01,2326.92993,1776204970000
1776204971.394,71.394,0.21,162.0,0.2,125.5,0.23,20.0,0.24,25.5,0.78,2.91,0.77,10.0,0.79,115.0,0.8,120.5,0.02,0.01,2326.92993,1776204970000
1776204972.088,72.088,0.22,160.87,0.21,172.5,0.23,25.0,0.24,30.5,0.77,20.0,0.76,25.5,0.79,162.0,0.8,125.5,0.01,0.02,2326.92993,1776204970000
1776204972.336,72.336,0.22,155.87,0.21,172.5,0.23,15.0,0.24,30.5,0.77,15.0,0.76,30.5,0.78,155.87,0.79,172.5,0.01,0.01,2326.960184,1776204971000
1776204972.648,72.648,0.22,100.0,0.21,221.0,0.23,77.52,0.24,25.5,0.77,15.0,0.76,30.5,0.78,155.87,0.79,172.5,0.01,0.01,2326.960184,1776204971000
1776204973.373,73.373,0.22,100.0,0.21,221.0,0.23,77.52,0.24,25.5,0.77,77.52,0.76,25.5,0.78,100.0,0.79,221.0,0.01,0.01,2327.13975,1776204972000
1776204973.968,73.968,0.22,126.0,0.21,221.0,0.23,82.52,0.24,30.5,0.77,77.52,0.76,25.5,0.78,100.0,0.79,221.0,0.01,0.01,2327.13975,1776204972000
1776204975.112,75.112,0.22,110.5,0.21,235.5,0.23,5.0,0.24,20.0,0.77,82.52,0.76,30.5,0.78,126.0,0.79,221.0,0.01,0.01,2327.166315,1776204973000
1776204975.476,75.476,0.22,100.5,0.21,235.5,0.23,5.0,0.24,30.0,0.77,5.0,0.76,20.0,0.78,110.5,0.79,235.5,0.01,0.01,2327.124426,1776204974000
1776204976.253,76.253,0.22,95.5,0.21,235.5,0.24,26.45,0.25,25.5,0.76,26.45,0.75,25.5,0.78,95.5,0.79,235.5,0.02,0.02,2327.152924,1776204975000
1776204976.603,76.603,0.22,65.35,0.21,235.5,0.24,21.45,0.25,30.5,0.76,21.45,0.75,30.5,0.78,90.0,0.79,235.5,0.02,0.02,2327.152924,1776204975000
1776204976.914,76.914,0.22,5.0,0.21,135.5,0.23,24.43,0.24,31.95,0.76,21.45,0.75,30.5,0.78,65.35,0.79,235.5,0.01,0.02,2327.152924,1776204975000
1776204977.369,77.369,0.2,12.87,0.19,26.36,0.21,55.0,0.22,20.0,0.77,24.43,0.76,31.95,0.78,5.0,0.79,135.5,0.01,0.01,2327.152924,1776204975000
1776204978.012,78.012,0.19,40.76,0.18,62.0,0.21,60.0,0.22,35.0,0.79,60.0,0.78,35.0,0.81,40.76,0.82,62.0,0.02,0.02,2327.317635,1776204977000
1776204978.336,78.336,0.2,77.43,0.19,54.5,0.21,25.0,0.22,15.0,0.79,60.0,0.78,35.0,0.81,40.76,0.82,62.0,0.01,0.02,2327.317635,1776204977000
1776204978.694,78.694,0.2,60.0,0.19,59.5,0.21,45.0,0.22,20.0,0.79,25.0,0.78,15.0,0.8,77.43,0.81,54.5,0.01,0.01,2327.317635,1776204977000
1776204979.052,79.052,0.2,53.75,0.19,59.5,0.21,40.0,0.22,20.0,0.79,45.0,0.78,20.0,0.8,58.75,0.81,59.5,0.01,0.01,2327.317635,1776204977000
1776204979.277,79.277,0.2,51.18,0.19,59.5,0.21,45.0,0.22,20.0,0.79,45.0,0.78,20.0,0.8,51.18,0.81,59.5,0.01,0.01,2327.274495,1776204978000
1776204979.498,79.498,0.19,4.32,0.18,107.0,0.2,35.0,0.21,102.5,0.8,10.0,0.79,87.5,0.81,5.82,0.82,113.0,0.01,0.01,2327.274495,1776204978000
1776204980.412,80.412,0.18,105.5,0.17,68.5,0.2,102.0,0.21,92.5,0.8,102.0,0.79,92.5,0.82,105.5,0.83,68.5,0.02,0.02,2327.198324,1776204979000
1776204980.724,80.724,0.18,68.5,0.17,58.5,0.19,117.63,0.2,62.0,0.8,102.0,0.79,92.5,0.82,105.5,0.83,68.5,0.01,0.02,2327.198324,1776204979000
1776204980.926,80.926,0.18,68.5,0.17,58.5,0.19,117.63,0.2,62.0,0.81,117.63,0.8,62.0,0.82,68.5,0.83,58.5,0.01,0.01,2327.197685,1776204980000
1776204981.163,81.163,0.18,65.0,0.17,48.0,0.19,107.1,0.2,72.5,0.81,117.63,0.8,62.0,0.82,68.5,0.83,58.5,0.01,0.01,2327.197685,1776204980000
1776204981.82,81.82,0.18,10.0,0.17,54.0,0.19,102.1,0.2,72.5,0.81,107.1,0.8,72.5,0.82,65.0,0.83,48.0,0.01,0.01,2327.197685,1776204980000
1776204982.121,82.121,0.18,10.0,0.17,54.0,0.19,102.1,0.2,72.5,0.81,102.1,0.8,72.5,0.82,10.0,0.83,54.0,0.01,0.01,2327.07958,1776204981000
1776204982.47,82.47,0.18,10.0,0.17,48.0,0.19,97.6,0.2,72.5,0.81,102.1,0.8,72.5,0.82,10.0,0.83,54.0,0.01,0.01,2327.07958,1776204981000
1776204983.469,83.469,0.18,10.0,0.17,48.0,0.19,97.6,0.2,72.5,0.81,97.6,0.8,72.5,0.82,10.0,0.83,48.0,0.01,0.01,2327.017898,1776204982000
1776204984.016,84.016,0.18,10.0,0.17,48.0,0.19,97.6,0.2,72.5,0.81,97.6,0.8,72.5,0.82,10.0,0.83,48.0,0.01,0.01,2326.967716,1776204983000
1776204984.337,84.337,0.18,14.93,0.17,18.0,0.19,202.6,0.2,172.5,0.81,97.6,0.8,72.5,0.82,10.0,0.83,48.0,0.01,0.01,2326.967716,1776204983000
1776204985.423,85.423,0.18,14.93,0.17,18.0,0.19,202.6,0.2,172.5,0.81,202.6,0.8,172.5,0.82,14.93,0.83,18.0,0.01,0.01,2326.910553,1776204984000
1776204985.641,85.641,0.15,10.0,0.13,6.14,0.19,278.6,0.2,189.5,0.81,202.6,0.8,172.5,0.82,14.93,0.83,18.0,0.04,0.01,2326.910553,1776204984000
1776204985.97,85.97,0.13,35.44,0.12,50.5,0.16,216.5,0.17,120.0,0.84,216.5,0.83,120.0,0.87,35.44,0.88,50.5,0.03,0.03,2326.886808,1776204985000
1776204986.437,86.437,0.13,11.0,0.12,110.5,0.14,91.0,0.15,45.0,0.84,216.5,0.83,120.0,0.87,35.44,0.88,50.5,0.01,0.03,2326.886808,1776204985000
1776204987.404,87.404,0.13,11.0,0.12,110.5,0.14,91.0,0.15,45.0,0.86,91.0,0.85,45.0,0.87,11.0,0.88,110.5,0.01,0.01,2326.734355,1776204986000
1776204987.865,87.865,0.13,5.0,0.12,50.5,0.14,96.0,0.15,45.0,0.86,91.0,0.85,45.0,0.87,11.0,0.88,110.5,0.01,0.01,2326.734355,1776204986000
1776204988.072,88.072,0.13,3.34,0.12,50.5,0.14,91.0,0.15,45.0,0.86,96.0,0.85,45.0,0.87,5.0,0.88,50.5,0.01,0.01,2326.662112,1776204987000
1776204989.024,89.024,0.13,3.34,0.12,50.5,0.14,91.0,0.15,45.0,0.86,91.0,0.85,45.0,0.87,3.34,0.88,50.5,0.01,0.01,2326.506234,1776204988000
1776204990.084,90.084,0.16,140.0,0.15,115.0,0.17,29.0,0.18,20.5,0.78,109.11,0.77,199.0,0.87,33.84,0.88,89.5,0.01,0.09,2326.506234,1776204988000
1776204990.311,90.311,0.16,140.0,0.15,115.0,0.17,29.0,0.18,20.5,0.83,29.0,0.82,20.5,0.84,140.0,0.85,115.0,0.01,0.01,2326.488012,1776204989000
1776204990.595,90.595,0.16,113.5,0.15,125.0,0.17,39.0,0.18,10.5,0.83,29.0,0.82,20.5,0.84,123.5,0.85,125.0,0.01,0.01,2326.488012,1776204989000
1776204990.997,90.997,0.16,113.5,0.15,125.0,0.17,39.0,0.18,10.5,0.83,39.0,0.82,10.5,0.84,113.5,0.85,125.0,0.01,0.01,2326.487313,1776204990000
1776204991.577,91.577,0.16,108.5,0.15,125.0,0.17,39.0,0.18,140.69,0.83,39.0,0.82,10.5,0.84,113.5,0.85,125.0,0.01,0.01,2326.487313,1776204990000
1776204992.083,92.083,0.16,108.5,0.15,125.0,0.17,39.0,0.18,140.69,0.83,39.0,0.82,140.69,0.84,108.5,0.85,125.0,0.01,0.01,2326.4938,1776204991000
1776204993.17,93.17,0.16,93.5,0.15,125.0,0.17,95.0,0.18,160.69,0.83,95.0,0.82,160.69,0.84,93.5,0.85,125.0,0.01,0.01,2326.544688,1776204992000
1776204993.85,93.85,0.16,98.5,0.15,125.0,0.17,70.0,0.18,153.69,0.83,70.0,0.82,153.69,0.84,98.5,0.85,125.0,0.01,0.01,2326.54366,1776204993000
1776204994.485,94.485,0.16,88.5,0.15,125.0,0.17,70.0,0.18,153.69,0.83,70.0,0.82,153.69,0.84,98.5,0.85,125.0,0.01,0.01,2326.54366,1776204993000
1776204994.998,94.998,0.15,80.0,0.14,155.0,0.16,95.5,0.17,46.5,0.83,70.0,0.82,153.69,0.84,88.5,0.85,125.0,0.01,0.01,2326.54366,1776204993000
1776204995.95,95.95,0.15,45.0,0.14,165.0,0.16,60.0,0.17,46.5,0.84,110.5,0.83,46.5,0.85,37.31,0.86,155.0,0.01,0.01,2326.52535,1776204994000
1776204996.711,96.711,0.15,176.0,0.14,155.5,0.16,110.63,0.17,6.0,0.84,60.0,0.83,46.5,0.85,35.0,0.86,165.0,0.01,0.01,2326.5311,1776204995000
1776204996.974,96.974,0.15,176.5,0.14,155.5,0.16,60.63,0.17,6.0,0.84,110.63,0.83,6.0,0.85,176.0,0.86,155.5,0.01,0.01,2326.5311,1776204995000
1776204997.228,97.228,0.15,191.5,0.14,155.5,0.19,10.0,0.2,15.0,0.81,10.0,0.8,15.0,0.85,191.5,0.86,155.5,0.04,0.04,2326.423262,1776204996000
1776204997.622,97.622,0.18,47.9,0.17,25.5,0.19,15.0,0.2,138.99,0.81,10.0,0.8,15.0,0.85,191.5,0.86,155.5,0.01,0.04,2326.423262,1776204996000
1776204997.903,97.903,0.18,47.76,0.17,25.5,0.19,15.0,0.2,138.99,0.81,15.0,0.8,138.99,0.82,47.63,0.83,25.5,0.01,0.01,2326.423262,1776204996000
1776204998.32,98.32,0.18,138.91,0.17,125.5,0.19,20.0,0.2,123.99,0.81,20.0,0.8,123.99,0.82,135.45,0.83,125.5,0.01,0.01,2326.423262,1776204996000
1776204998.543,98.543,0.18,92.46,0.17,125.5,0.19,20.0,0.2,123.99,0.81,20.0,0.8,123.99,0.82,128.32,0.83,125.5,0.01,0.01,2326.423262,1776204996000
1776204998.892,98.892,0.18,92.46,0.17,125.5,0.19,20.0,0.2,123.99,0.81,20.0,0.8,123.99,0.82,92.46,0.83,125.5,0.01,0.01,2326.559703,1776204997000
1776204999.107,99.107,0.18,75.24,0.17,125.5,0.19,25.0,0.2,30.5,0.81,30.0,0.8,133.99,0.82,81.24,0.83,125.5,0.01,0.01,2326.559703,1776204997000
1776204999.429,99.429,0.18,56.24,0.17,125.5,0.19,148.49,0.2,30.5,0.81,143.49,0.8,25.5,0.82,62.24,0.83,125.5,0.01,0.01,2326.559703,1776204997000
1776205000.144,100.144,0.18,50.24,0.17,125.5,0.19,148.49,0.2,30.5,0.81,148.49,0.8,30.5,0.82,50.24,0.83,125.5,0.01,0.01,2326.710868,1776204999000
1776205000.433,100.433,0.17,9.0,0.15,145.5,0.18,151.5,0.19,170.99,0.81,148.49,0.8,30.5,0.82,50.24,0.83,125.5,0.01,0.01,2326.710868,1776204999000
1776205000.918,100.918,0.17,7.79,0.15,115.5,0.18,166.5,0.19,163.99,0.82,151.5,0.81,170.99,0.83,9.0,0.85,145.5,0.01,0.01,2326.710868,1776204999000
1776205001.165,101.165,0.17,7.79,0.15,115.5,0.18,166.5,0.19,163.99,0.82,166.5,0.81,163.99,0.83,7.79,0.85,115.5,0.01,0.01,2326.732247,1776205000000
1776205002.337,102.337,0.17,7.79,0.15,115.5,0.18,166.5,0.19,163.99,0.82,166.5,0.81,163.99,0.83,7.79,0.85,115.5,0.01,0.01,2326.701912,1776205001000
1776205003.475,103.475,0.17,26.58,0.16,125.5,0.18,35.0,0.19,143.49,0.82,35.0,0.81,143.49,0.83,26.58,0.84,125.5,0.01,0.01,2326.594962,1776205002000
1776205003.991,103.991,0.17,34.09,0.16,125.5,0.18,96.94,0.19,30.0,0.82,96.94,0.81,30.0,0.83,31.37,0.84,125.5,0.01,0.01,2326.594962,1776205002000
1776205004.452,104.452,0.17,32.88,0.16,125.5,0.18,61.35,0.19,30.0,0.82,96.94,0.81,30.0,0.83,34.09,0.84,125.5,0.01,0.01,2326.66177,1776205003000
1776205004.997,104.997,0.17,24.79,0.16,125.5,0.18,86.35,0.19,30.0,0.82,61.35,0.81,30.0,0.83,32.88,0.84,125.5,0.01,0.01,2326.66177,1776205003000
1776205005.306,105.306,0.17,24.79,0.16,125.5,0.18,86.35,0.19,30.0,0.82,86.35,0.81,30.0,0.83,24.79,0.84,125.5,0.01,0.01,2326.665594,1776205004000
1776205005.977,105.977,0.17,24.79,0.16,125.5,0.18,86.35,0.19,30.0,0.82,86.35,0.81,30.0,0.83,24.79,0.84,125.5,0.01,0.01,2326.698579,1776205005000
1776205006.205,106.205,0.17,19.79,0.16,125.5,0.18,48.88,0.19,54.66,0.82,86.35,0.81,30.0,0.83,24.79,0.84,125.5,0.01,0.01,2326.698579,1776205005000
1776205007.116,107.116,0.17,19.79,0.16,125.5,0.18,48.88,0.19,54.66,0.82,48.88,0.81,54.66,0.83,19.79,0.84,125.5,0.01,0.01,2326.772296,1776205006000
1776205008.285,108.285,0.17,19.79,0.16,125.5,0.18,72.21,0.19,65.16,0.82,72.21,0.81,65.16,0.83,19.79,0.84,125.5,0.01,0.01,2326.724323,1776205007000
1776205008.676,108.676,0.16,115.0,0.15,125.5,0.18,82.21,0.19,60.16,0.82,72.21,0.81,65.16,0.83,19.79,0.84,125.5,0.02,0.01,2326.724323,1776205007000
1776205009.761,109.761,0.16,115.0,0.15,125.5,0.18,82.21,0.19,60.16,0.82,82.21,0.81,60.16,0.84,115.0,0.85,125.5,0.02,0.02,2326.683778,1776205008000
1776205010.299,110.299,0.15,5.0,0.14,165.5,0.16,103.0,0.17,63.0,0.82,82.21,0.81,60.16,0.84,115.0,0.85,125.5,0.01,0.02,2326.683778,1776205008000
1776205010.937,110.937,0.15,5.0,0.14,165.5,0.16,103.0,0.17,63.0,0.84,103.0,0.83,63.0,0.85,5.0,0.86,165.5,0.01,0.01,2326.663105,1776205010000
1776205011.641,111.641,0.15,5.0,0.14,135.5,0.16,123.0,0.17,113.17,0.84,108.0,0.83,63.0,0.85,5.0,0.86,165.5,0.01,0.01,2326.663105,1776205010000
1776205012.197,112.197,0.15,5.0,0.14,135.5,0.16,123.0,0.17,113.17,0.84,123.0,0.83,113.17,0.85,5.0,0.86,135.5,0.01,0.01,2326.62583,1776205011000
1776205012.922,112.922,0.15,5.0,0.14,135.5,0.16,123.0,0.17,113.17,0.84,123.0,0.83,113.17,0.85,5.0,0.86,135.5,0.01,0.01,2326.589909,1776205012000
1776205013.895,113.895,0.14,140.5,0.13,148.49,0.15,108.6,0.16,33.0,0.84,123.0,0.83,113.17,0.85,5.0,0.86,135.5,0.01,0.01,2326.589909,1776205012000
1776205014.455,114.455,0.14,140.5,0.13,148.49,0.15,108.6,0.16,33.0,0.85,108.6,0.84,33.0,0.86,140.5,0.87,148.49,0.01,0.01,2326.638458,1776205013000
1776205014.999,114.999,0.14,140.5,0.13,148.49,0.15,108.6,0.16,33.0,0.85,108.6,0.84,33.0,0.86,140.5,0.87,148.49,0.01,0.01,2326.638458,1776205014000
1776205016.092,116.092,0.14,140.5,0.13,148.49,0.15,108.6,0.16,33.0,0.85,108.6,0.84,33.0,0.86,140.5,0.87,148.49,0.01,0.01,2326.624107,1776205015000
1776205016.804,116.804,0.14,45.5,0.13,48.49,0.15,94.83,0.16,20.0,0.85,108.6,0.84,33.0,0.86,140.5,0.87,148.49,0.01,0.01,2326.624107,1776205015000
1776205017.161,117.161,0.14,45.5,0.13,48.49,0.15,94.83,0.16,20.0,0.85,94.83,0.84,20.0,0.86,45.5,0.87,48.49,0.01,0.01,2326.593313,1776205016000
1776205018.176,118.176,0.14,45.5,0.13,48.49,0.15,94.83,0.16,20.0,0.85,94.83,0.84,20.0,0.86,45.5,0.87,48.49,0.01,0.01,2326.592494,1776205017000
1776205019.282,119.282,0.14,45.5,0.13,48.49,0.15,94.83,0.16,20.0,0.85,94.83,0.84,20.0,0.86,45.5,0.87,48.49,0.01,0.01,2326.591081,1776205018000
1776205019.729,119.729,0.14,50.5,0.13,48.49,0.15,28.0,0.16,20.0,0.85,94.83,0.84,20.0,0.86,45.5,0.87,48.49,0.01,0.01,2326.591081,1776205018000
1776205020.42,120.42,0.14,35.5,0.13,25.5,0.15,21.11,0.16,20.0,0.85,28.0,0.84,20.0,0.86,50.5,0.87,48.49,0.01,0.01,2326.591081,1776205018000
1776205020.675,120.675,0.14,31.08,0.13,25.5,0.15,31.11,0.16,15.0,0.85,21.11,0.84,20.0,0.86,35.5,0.87,25.5,0.01,0.01,2326.586122,1776205019000
1776205020.881,120.881,0.14,31.08,0.13,25.5,0.15,31.11,0.16,15.0,0.85,31.11,0.84,15.0,0.86,31.08,0.87,25.5,0.01,0.01,2326.587571,1776205020000
1776205021.939,121.939,0.14,31.08,0.13,25.5,0.15,31.11,0.16,15.0,0.85,31.11,0.84,15.0,0.86,31.08,0.87,25.5,0.01,0.01,2326.585698,1776205021000
1776205022.938,122.938,0.14,31.08,0.13,25.5,0.15,31.11,0.16,15.0,0.85,31.11,0.84,15.0,0.86,31.08,0.87,25.5,0.01,0.01,2326.608669,1776205022000
1776205023.142,123.142,0.14,16.39,0.13,25.5,0.15,56.11,0.16,15.0,0.85,31.11,0.84,15.0,0.86,31.08,0.87,25.5,0.01,0.01,2326.608669,1776205022000
1776205023.864,123.864,0.14,21.38,0.13,25.5,0.15,61.11,0.16,15.0,0.85,56.11,0.84,15.0,0.86,16.39,0.87,25.5,0.01,0.01,2326.608669,1776205022000
1776205024.743,124.743,0.14,51.88,0.13,25.5,0.15,32.75,0.17,112.0,0.85,61.11,0.84,15.0,0.86,21.38,0.87,25.5,0.01,0.01,2326.573486,1776205023000
1776205025.063,125.063,0.14,51.88,0.13,25.5,0.15,32.75,0.17,112.0,0.85,32.75,0.83,112.0,0.86,51.88,0.87,25.5,0.01,0.01,2326.600573,1776205024000
1776205025.458,125.458,0.14,49.74,0.13,60.49,0.15,37.08,0.17,10.0,0.85,32.75,0.83,112.0,0.86,51.88,0.87,25.5,0.01,0.01,2326.600573,1776205024000
1776205025.825,125.825,0.14,29.35,0.13,60.49,0.15,36.96,0.16,5.0,0.85,31.96,0.83,10.0,0.86,49.74,0.87,60.49,0.01,0.01,2326.600573,1776205024000
1776205026.028,126.028,0.14,16.19,0.13,60.49,0.15,29.76,0.16,56.84,0.85,36.96,0.84,5.0,0.86,16.19,0.87,60.49,0.01,0.01,2326.600573,1776205024000
1776205027.306,127.306,0.14,16.19,0.13,60.49,0.15,29.76,0.16,56.84,0.85,29.76,0.84,56.84,0.86,16.19,0.87,60.49,0.01,0.01,2326.662077,1776205026000
1776205028.542,128.542,0.14,16.19,0.13,60.49,0.15,29.76,0.16,56.84,0.85,29.76,0.84,56.84,0.86,16.19,0.87,60.49,0.01,0.01,2326.740958,1776205027000
1776205029.006,129.006,0.12,67.49,0.11,94.0,0.15,206.48,0.16,30.5,0.85,29.76,0.84,56.84,0.86,16.19,0.87,60.49,0.03,0.01,2326.740958,1776205027000
1776205029.25,129.25,0.12,67.49,0.11,94.0,0.15,206.48,0.16,30.5,0.85,206.48,0.84,30.5,0.88,67.49,0.89,94.0,0.03,0.03,2326.751164,1776205028000
1776205030.535,130.535,0.13,10.5,0.12,54.5,0.15,221.48,0.16,30.5,0.85,221.48,0.84,30.5,0.87,10.5,0.88,54.5,0.02,0.02,2326.768133,1776205029000
1776205031.331,131.331,0.13,10.5,0.12,54.5,0.15,221.48,0.16,30.5,0.85,221.48,0.84,30.5,0.87,10.5,0.88,54.5,0.02,0.02,2326.706387,1776205030000
1776205031.579,131.579,0.13,17.59,0.12,60.5,0.14,93.13,0.15,77.26,0.85,221.48,0.84,30.5,0.87,10.5,0.88,54.5,0.01,0.02,2326.706387,1776205030000
1776205031.92,131.92,0.14,20.0,0.13,7.59,0.15,77.26,0.16,25.5,0.86,93.13,0.85,77.26,0.87,17.59,0.88,60.5,0.01,0.01,2326.706387,1776205030000
1776205032.336,132.336,0.14,14.94,0.13,5.0,0.15,142.26,0.16,137.73,0.85,77.26,0.84,25.5,0.86,20.0,0.87,7.59,0.01,0.01,2326.690096,1776205031000
1776205033.559,133.559,0.14,0.27,0.13,5.0,0.15,137.26,0.16,137.73,0.85,137.26,0.84,137.73,0.86,0.27,0.87,5.0,0.01,0.01,2326.676236,1776205032000
1776205033.832,133.832,0.12,10.0,0.11,5.0,0.13,21.73,0.15,336.01,0.85,137.26,0.84,137.73,0.86,0.27,0.87,5.0,0.01,0.01,2326.676236,1776205032000
1776205034.231,134.231,0.11,12.95,0.1,30.5,0.12,68.92,0.13,52.23,0.88,68.92,0.87,52.23,0.89,12.95,0.9,30.5,0.01,0.01,2326.647446,1776205033000
1776205034.495,134.495,0.11,31.82,0.1,30.5,0.12,259.83,0.13,52.23,0.88,225.67,0.87,52.23,0.89,21.82,0.9,35.94,0.01,0.01,2326.647446,1776205033000
1776205035.15,135.15,0.11,21.82,0.1,35.5,0.12,208.35,0.13,52.23,0.88,259.83,0.87,52.23,0.89,31.82,0.9,30.5,0.01,0.01,2326.647446,1776205033000
1776205035.522,135.522,0.11,8.76,0.1,35.5,0.12,213.35,0.13,52.23,0.88,208.35,0.87,52.23,0.89,21.82,0.9,35.5,0.01,0.01,2326.647446,1776205033000
1776205036.353,136.353,0.11,18.48,0.1,25.5,0.12,208.35,0.13,60.23,0.88,213.35,0.87,52.23,0.89,7.52,0.9,35.5,0.01,0.01,2326.568918,1776205034000
1776205037.056,137.056,0.11,18.48,0.1,25.5,0.12,208.35,0.13,60.23,0.88,208.35,0.87,60.23,0.89,18.48,0.9,25.5,0.01,0.01,2326.361806,1776205036000
1776205038.561,138.561,0.11,18.48,0.1,25.5,0.12,208.35,0.13,60.23,0.88,208.35,0.87,60.23,0.89,18.48,0.9,25.5,0.01,0.01,2326.360039,1776205037000
1776205039.39,139.39,0.11,18.48,0.1,25.5,0.12,208.35,0.13,60.23,0.88,208.35,0.87,60.23,0.89,18.48,0.9,25.5,0.01,0.01,2326.352767,1776205038000
1776205039.688,139.688,0.1,15.0,0.09,15.0,0.11,80.08,0.12,248.46,0.88,208.35,0.87,60.23,0.89,18.48,0.9,25.5,0.01,0.01,2326.352767,1776205038000
1776205040.146,140.146,0.1,18.77,0.09,15.0,0.11,90.0,0.12,256.46,0.89,80.08,0.88,248.46,0.9,15.0,0.91,15.0,0.01,0.01,2326.352767,1776205038000
1776205040.509,140.509,0.09,15.0,0.08,103.99,0.11,120.0,0.12,256.46,0.89,120.0,0.88,256.46,0.9,5.87,0.91,15.0,0.02,0.01,2326.352767,1776205038000
1776205041.24,141.24,0.09,15.0,0.08,103.99,0.11,120.0,0.12,256.46,0.89,120.0,0.88,256.46,0.91,15.0,0.92,103.99,0.02,0.02,2326.337884,1776205040000
1776205042.619,142.619,0.09,15.0,0.08,103.99,0.11,120.0,0.12,256.46,0.89,120.0,0.88,256.46,0.91,15.0,0.92,103.99,0.02,0.02,2326.321686,1776205041000
1776205042.953,142.953,0.09,41.0,0.08,79.99,0.1,89.04,0.11,30.5,0.89,120.0,0.88,256.46,0.91,15.0,0.92,103.99,0.01,0.02,2326.321686,1776205041000
1776205043.246,143.246,0.09,41.0,0.08,79.99,0.1,89.04,0.11,30.5,0.9,89.04,0.89,30.5,0.91,41.0,0.92,79.99,0.01,0.01,2326.243673,1776205042000
1776205043.826,143.826,0.07,77.99,0.06,51.0,0.08,16.0,0.09,15.0,0.9,109.04,0.89,30.5,0.92,0.93,0.93,119.0,0.01,0.02,2326.243673,1776205042000
1776205044.453,144.453,0.07,79.8,0.06,134.0,0.08,21.0,0.09,98.49,0.92,16.0,0.91,15.0,0.93,82.68,0.94,51.0,0.01,0.01,2326.243673,1776205042000
1776205044.665,144.665,0.07,74.8,0.06,128.0,0.08,21.0,0.09,98.49,0.92,21.0,0.91,98.49,0.93,79.8,0.94,134.0,0.01,0.01,2326.24544,1776205043000
1776205045.243,145.243,0.07,74.8,0.06,98.0,0.08,24.33,0.09,98.49,0.92,24.33,0.91,98.49,0.93,74.8,0.94,98.0,0.01,0.01,2326.224951,1776205044000
1776205045.549,145.549,0.07,79.8,0.06,98.0,0.08,19.75,0.09,98.49,0.92,24.33,0.91,98.49,0.93,74.8,0.94,98.0,0.01,0.01,2326.224951,1776205044000
1776205048.062,148.062,0.07,79.8,0.06,98.0,0.08,19.75,0.09,98.49,0.92,19.75,0.91,98.49,0.93,79.8,0.94,98.0,0.01,0.01,2326.016383,1776205045000
1776205048.371,148.371,0.07,34.18,0.06,98.0,0.08,19.75,0.09,108.99,0.92,19.75,0.91,98.49,0.93,79.8,0.94,98.0,0.01,0.01,2326.016383,1776205045000
1776205048.676,148.676,0.07,4.02,0.06,98.0,0.08,19.75,0.09,108.99,0.92,19.75,0.91,108.99,0.93,4.02,0.94,98.0,0.01,0.01,2325.986905,1776205047000
1776205048.981,148.981,0.07,32.77,0.06,98.0,0.08,118.5,0.09,30.5,0.92,103.5,0.91,30.5,0.93,32.77,0.94,98.0,0.01,0.01,2325.986905,1776205047000
1776205049.518,149.518,0.07,32.77,0.06,98.0,0.08,118.5,0.09,30.5,0.92,118.5,0.91,30.5,0.93,32.77,0.94,98.0,0.01,0.01,2325.988202,1776205048000
1776205050.229,150.229,0.07,32.77,0.06,98.0,0.08,118.5,0.09,30.5,0.92,118.5,0.91,30.5,0.93,32.77,0.94,98.0,0.01,0.01,2326.004348,1776205049000
1776205050.959,150.959,0.07,50.86,0.06,98.0,0.08,71.65,0.09,43.5,0.92,118.5,0.91,30.5,0.93,32.77,0.94,98.0,0.01,0.01,2326.004348,1776205049000
1776205051.762,151.762,0.07,36.38,0.06,98.0,0.08,71.65,0.09,43.5,0.92,71.65,0.91,43.5,0.93,36.38,0.94,98.0,0.01,0.01,2325.98969,1776205050000
1776205052.377,152.377,0.07,18.39,0.06,74.99,0.08,120.48,0.09,43.5,0.92,71.65,0.91,43.5,0.93,36.38,0.94,98.0,0.01,0.01,2325.98969,1776205050000
1776205052.595,152.595,0.07,13.12,0.06,74.99,0.08,120.48,0.09,38.5,0.92,120.48,0.91,43.5,0.93,18.39,0.94,74.99,0.01,0.01,2326.002486,1776205051000
1776205053.091,153.091,0.07,13.12,0.06,74.99,0.08,120.48,0.09,38.5,0.92,120.48,0.91,38.5,0.93,13.12,0.94,74.99,0.01,0.01,2326.009053,1776205052000
1776205054.478,154.478,0.07,10.0,0.06,74.99,0.08,130.48,0.09,38.5,0.92,130.48,0.91,38.5,0.93,10.0,0.94,74.99,0.01,0.01,2326.0135,1776205053000
1776205055.08,155.08,0.07,10.0,0.06,74.99,0.08,130.48,0.09,38.5,0.92,130.48,0.91,38.5,0.93,10.0,0.94,74.99,0.01,0.01,2326.002752,1776205054000
1776205055.535,155.535,0.06,59.99,0.05,229.8,0.08,112.33,0.09,96.68,0.92,130.48,0.91,38.5,0.93,10.0,0.94,74.99,0.02,0.01,2326.002752,1776205054000
1776205055.952,155.952,0.06,54.99,0.05,229.8,0.07,91.64,0.08,69.58,0.92,112.33,0.91,96.68,0.94,59.99,0.95,229.8,0.01,0.02,2326.002752,1776205054000
1776205056.336,156.336,0.06,54.99,0.05,229.8,0.07,91.64,0.08,69.58,0.93,91.64,0.92,69.58,0.94,54.99,0.95,229.8,0.01,0.01,2325.998921,1776205055000
1776205056.989,156.989,0.06,54.99,0.05,229.8,0.07,91.64,0.08,69.58,0.93,91.64,0.92,69.58,0.94,54.99,0.95,229.8,0.01,0.01,2325.980459,1776205056000
1776205057.688,157.688,0.06,34.39,0.05,223.8,0.07,97.14,0.08,69.58,0.93,91.64,0.92,69.58,0.94,54.99,0.95,229.8,0.01,0.01,2325.980459,1776205056000
1776205058.326,158.326,0.06,34.39,0.05,223.8,0.07,97.14,0.08,69.58,0.93,97.14,0.92,69.58,0.94,34.39,0.95,223.8,0.01,0.01,2325.982844,1776205057000
1776205058.942,158.942,0.06,34.39,0.05,223.8,0.07,97.14,0.08,69.58,0.93,97.14,0.92,69.58,0.94,34.39,0.95,223.8,0.01,0.01,2326.009117,1776205058000
1776205059.768,159.768,0.06,6.37,0.05,217.8,0.07,102.14,0.08,38.58,0.93,97.14,0.92,69.58,0.94,34.39,0.95,223.8,0.01,0.01,2326.009117,1776205058000
1776205060.199,160.199,0.06,6.37,0.05,217.8,0.07,102.14,0.08,38.58,0.93,102.14,0.92,38.58,0.94,6.37,0.95,217.8,0.01,0.01,2325.983115,1776205059000
1776205061.082,161.082,0.05,47.8,0.04,259.8,0.06,199.08,0.07,74.48,0.93,102.14,0.92,38.58,0.94,6.37,0.95,217.8,0.01,0.01,2325.983115,1776205059000
1776205061.512,161.512,0.05,35.42,0.04,259.8,0.06,194.08,0.07,74.48,0.94,194.08,0.93,74.48,0.95,35.42,0.96,259.8,0.01,0.01,2325.985773,1776205060000
1776205061.823,161.823,0.05,6.44,0.04,173.8,0.06,250.08,0.07,53.48,0.94,255.08,0.93,53.48,0.95,7.51,0.96,173.8,0.01,0.01,2325.985773,1776205060000
1776205062.036,162.036,0.04,173.8,0.03,679.07,0.06,179.08,0.07,85.5,0.94,250.08,0.93,53.48,0.95,6.44,0.96,173.8,0.02,0.01,2325.985773,1776205060000
1776205062.358,162.358,0.04,176.27,0.03,625.07,0.05,91.81,0.06,166.5,0.95,80.5,0.94,166.5,0.96,184.37,0.97,495.07,0.01,0.01,2325.985773,1776205061000
1776205062.564,162.564,0.04,152.56,0.03,625.07,0.05,101.81,0.06,131.5,0.95,96.81,0.94,166.5,0.96,168.17,0.97,625.07,0.01,0.01,2325.985773,1776205061000
1776205062.915,162.915,0.04,152.56,0.03,590.07,0.05,130.3,0.06,131.5,0.95,95.95,0.94,131.5,0.96,152.56,0.97,625.07,0.01,0.01,2325.985773,1776205061000
1776205063.367,163.367,0.04,152.56,0.03,590.07,0.05,130.3,0.06,131.5,0.95,130.3,0.94,131.5,0.96,152.56,0.97,590.07,0.01,0.01,2325.649654,1776205062000
1776205063.841,163.841,0.04,149.51,0.03,590.07,0.05,286.53,0.06,131.5,0.95,286.53,0.94,131.5,0.96,145.56,0.97,590.07,0.01,0.01,2325.649654,1776205062000
1776205064.125,164.125,0.04,146.54,0.03,590.07,0.05,291.53,0.06,137.5,0.95,286.53,0.94,131.5,0.96,149.51,0.97,590.07,0.01,0.01,2325.515035,1776205063000
1776205064.44,164.44,0.04,125.7,0.03,590.07,0.05,291.53,0.06,137.5,0.95,291.53,0.94,137.5,0.96,146.54,0.97,590.07,0.01,0.01,2325.515035,1776205063000
1776205064.925,164.925,0.03,217.01,0.02,784.7,0.05,291.53,0.06,270.49,0.95,291.53,0.94,137.5,0.96,125.7,0.97,590.07,0.02,0.01,2325.515035,1776205063000
1776205065.373,165.373,0.03,217.01,0.02,784.7,0.04,189.6,0.05,256.53,0.95,291.53,0.94,270.49,0.97,217.01,0.98,784.7,0.01,0.02,2325.515035,1776205063000
1776205065.606,165.606,0.03,217.01,0.02,784.7,0.04,189.6,0.05,256.53,0.96,189.6,0.95,256.53,0.97,217.01,0.98,784.7,0.01,0.01,2325.241265,1776205064000
1776205066.538,166.538,0.03,217.01,0.02,784.7,0.04,189.6,0.05,256.53,0.96,189.6,0.95,256.53,0.97,217.01,0.98,784.7,0.01,0.01,2325.239058,1776205065000
1776205066.876,166.876,0.03,176.84,0.02,790.7,0.04,191.75,0.05,215.87,0.96,189.6,0.95,256.53,0.97,217.01,0.98,784.7,0.01,0.01,2325.239058,1776205065000
1776205067.142,167.142,0.03,158.59,0.02,790.7,0.04,214.75,0.05,215.87,0.96,214.75,0.95,215.87,0.97,158.59,0.98,790.7,0.01,0.01,2325.204504,1776205066000
1776205067.517,167.517,0.03,175.55,0.02,790.7,0.04,214.75,0.05,215.87,0.96,209.75,0.95,215.87,0.97,172.55,0.98,790.7,0.01,0.01,2325.204504,1776205066000
1776205068.329,168.329,0.03,175.55,0.02,790.7,0.04,214.75,0.05,215.87,0.96,214.75,0.95,215.87,0.97,175.55,0.98,790.7,0.01,0.01,2325.204409,1776205067000
1776205068.855,168.855,0.03,151.55,0.02,790.7,0.04,85.75,0.05,215.87,0.96,214.75,0.95,215.87,0.97,175.55,0.98,790.7,0.01,0.01,2325.204409,1776205067000
1776205069.762,169.762,0.03,160.37,0.02,790.7,0.04,253.57,0.05,77.64,0.96,85.75,0.95,215.87,0.97,151.55,0.98,790.7,0.01,0.01,2325.213948,1776205068000
1776205070.352,170.352,0.03,155.37,0.02,790.7,0.04,227.57,0.05,77.64,0.96,227.57,0.95,77.64,0.97,155.37,0.98,790.7,0.01,0.01,2325.159095,1776205069000
1776205070.954,170.954,0.03,148.33,0.02,790.7,0.04,178.6,0.05,77.64,0.96,178.6,0.95,77.64,0.97,148.33,0.98,790.7,0.01,0.01,2325.168615,1776205070000
1776205072.087,172.087,0.03,148.33,0.02,790.7,0.04,178.6,0.05,77.64,0.96,178.6,0.95,77.64,0.97,148.33,0.98,790.7,0.01,0.01,2325.160357,1776205071000
1776205073.431,173.431,0.03,154.33,0.02,790.7,0.04,64.3,0.05,68.5,0.96,64.3,0.95,68.5,0.97,154.33,0.98,790.7,0.01,0.01,2325.158099,1776205072000
1776205074.497,174.497,0.03,154.33,0.02,790.7,0.04,64.3,0.05,68.5,0.96,64.3,0.95,68.5,0.97,154.33,0.98,790.7,0.01,0.01,2325.253258,1776205073000
1776205075.106,175.106,0.03,154.33,0.02,790.7,0.04,64.3,0.05,68.5,0.96,64.3,0.95,68.5,0.97,154.33,0.98,790.7,0.01,0.01,2325.31689,1776205074000
1776205075.757,175.757,0.03,129.33,0.02,1090.7,0.04,98.39,0.05,68.5,0.96,64.3,0.95,68.5,0.97,154.33,0.98,790.7,0.01,0.01,2325.31689,1776205074000
1776205076.309,176.309,0.03,129.33,0.02,1090.7,0.04,98.39,0.05,68.5,0.96,98.39,0.95,68.5,0.97,129.33,0.98,1090.7,0.01,0.01,2325.31138,1776205075000
1776205077.208,177.208,0.03,125.33,0.02,790.7,0.04,72.89,0.05,68.5,0.96,98.39,0.95,68.5,0.97,129.33,0.98,1090.7,0.01,0.01,2325.31138,1776205075000
1776205077.492,177.492,0.03,114.33,0.02,790.7,0.05,26.81,0.06,269.49,0.96,72.89,0.95,68.5,0.97,126.33,0.98,790.7,0.02,0.01,2325.31138,1776205075000
1776205078.014,178.014,0.03,105.1,0.02,491.7,0.05,210.36,0.06,259.49,0.95,41.81,0.94,259.49,0.96,4.94,0.97,142.99,0.02,0.01,2325.205089,1776205076000
1776205078.941,178.941,0.04,44.58,0.03,110.1,0.05,206.55,0.06,275.49,0.95,210.36,0.94,259.49,0.96,49.58,0.97,110.1,0.01,0.01,2325.223959,1776205077000
1776205079.176,179.176,0.04,41.44,0.03,110.1,0.05,219.12,0.06,259.49,0.95,206.55,0.94,275.49,0.96,44.58,0.97,110.1,0.01,0.01,2325.223959,1776205077000
1776205079.551,179.551,0.03,101.32,0.02,715.7,0.05,219.12,0.06,274.49,0.95,224.12,0.94,259.49,0.96,35.15,0.97,110.1,0.02,0.01,2325.278451,1776205078000
1776205079.958,179.958,0.03,100.08,0.02,715.7,0.05,60.57,0.06,276.49,0.95,219.12,0.94,274.49,0.97,101.32,0.98,715.7,0.02,0.02,2325.278451,1776205078000
1776205080.352,180.352,0.03,128.92,0.02,597.7,0.04,178.9,0.05,74.87,0.95,60.57,0.94,276.49,0.97,100.08,0.98,715.7,0.01,0.02,2325.278451,1776205078000
1776205080.597,180.597,0.03,33.92,0.02,597.7,0.04,178.9,0.05,231.49,0.96,178.9,0.95,74.87,0.97,128.92,0.98,597.7,0.01,0.01,2325.261813,1776205079000
1776205081.408,181.408,0.03,33.92,0.02,597.7,0.04,178.9,0.05,231.49,0.96,178.9,0.95,231.49,0.97,33.92,0.98,597.7,0.01,0.01,2325.262405,1776205080000
1776205082.021,182.021,0.03,33.92,0.02,597.7,0.04,178.9,0.05,231.49,0.96,178.9,0.95,231.49,0.97,33.92,0.98,597.7,0.01,0.01,2325.333834,1776205081000
1776205082.992,182.992,0.03,33.92,0.02,597.7,0.04,178.9,0.05,231.49,0.96,178.9,0.95,231.49,0.97,33.92,0.98,597.7,0.01,0.01,2325.353442,1776205082000
1776205083.972,183.972,0.03,33.92,0.02,597.7,0.04,178.9,0.05,231.49,0.96,178.9,0.95,231.49,0.97,33.92,0.98,597.7,0.01,0.01,2325.322931,1776205083000
1776205084.962,184.962,0.03,33.92,0.02,597.7,0.04,178.9,0.05,231.49,0.96,178.9,0.95,231.49,0.97,33.92,0.98,597.7,0.01,0.01,2325.238428,1776205084000
1776205085.284,185.284,0.02,486.59,0.01,7897.19,0.04,341.9,0.05,86.37,0.96,178.9,0.95,231.49,0.97,33.92,0.98,597.7,0.02,0.01,2325.238428,1776205084000
1776205085.507,185.507,0.02,507.98,0.01,7897.19,0.03,103.0,0.04,414.21,0.97,103.0,0.96,414.21,0.98,527.98,0.99,7897.19,0.01,0.01,2325.238428,1776205084000
1776205085.965,185.965,0.02,507.98,0.01,7897.19,0.03,103.0,0.04,414.21,0.97,103.0,0.96,414.21,0.98,507.98,0.99,7897.19,0.01,0.01,2325.210367,1776205085000
1776205086.199,186.199,0.02,364.24,0.01,2297.19,0.03,384.19,0.04,177.37,0.97,376.62,0.96,177.37,0.98,379.24,0.99,2197.19,0.01,0.01,2325.210367,1776205085000
1776205086.677,186.677,0.02,314.74,0.01,2297.19,0.03,248.07,0.04,207.37,0.97,243.07,0.96,207.37,0.98,274.24,0.99,2297.19,0.01,0.01,2325.210367,1776205085000
1776205087.029,187.029,0.02,314.74,0.01,2297.19,0.03,248.07,0.04,207.37,0.97,248.07,0.96,207.37,0.98,314.74,0.99,2297.19,0.01,0.01,2325.149477,1776205086000
1776205087.255,187.255,0.02,309.74,0.01,2647.19,0.03,476.37,0.04,240.68,0.97,248.07,0.96,207.37,0.98,314.74,0.99,2297.19,0.01,0.01,2325.149477,1776205086000
1776205088.068,188.068,0.02,309.74,0.01,2647.19,0.03,476.37,0.04,240.68,0.97,476.37,0.96,240.68,0.98,309.74,0.99,2647.19,0.01,0.01,2324.516725,1776205087000
1776205088.492,188.492,0.02,250.14,0.01,2247.19,0.03,524.37,0.04,311.81,0.97,476.37,0.96,240.68,0.98,309.74,0.99,2647.19,0.01,0.01,2324.516725,1776205087000
1776205088.9,188.9,0.02,288.59,0.01,2247.19,0.03,431.37,0.04,311.81,0.97,519.37,0.96,311.81,0.98,240.14,0.99,2247.19,0.01,0.01,2324.516725,1776205087000
1776205090.051,190.051,0.02,288.59,0.01,2247.19,0.03,431.37,0.04,311.81,0.97,431.37,0.96,311.81,0.98,288.59,0.99,2247.19,0.01,0.01,2324.246279,1776205089000
1776205090.542,190.542,0.02,283.48,0.01,2183.6,0.03,416.37,0.04,292.81,0.97,431.37,0.96,311.81,0.98,288.59,0.99,2247.19,0.01,0.01,2324.246279,1776205089000
1776205090.935,190.935,0.02,201.98,0.01,2188.6,0.03,421.37,0.04,292.81,0.97,416.37,0.96,292.81,0.98,283.48,0.99,2183.6,0.01,0.01,2324.246279,1776205089000
1776205092.066,192.066,0.02,201.98,0.01,2188.6,0.03,421.37,0.04,292.81,0.97,421.37,0.96,292.81,0.98,201.98,0.99,2188.6,0.01,0.01,2323.927241,1776205091000
1776205092.266,192.266,0.02,95.48,0.01,2188.6,0.03,431.37,0.04,247.81,0.97,421.37,0.96,292.81,0.98,201.98,0.99,2188.6,0.01,0.01,2323.927241,1776205091000
1776205092.546,192.546,0.02,85.48,0.01,2178.6,0.03,305.5,0.04,157.81,0.97,431.37,0.96,247.81,0.98,95.48,0.99,2188.6,0.01,0.01,2323.927241,1776205091000
1776205092.813,192.813,0.01,2168.6,,,0.02,232.5,0.03,302.5,0.98,34.52,0.97,499.37,0.99,2178.6,,,0.01,0.01,2323.927241,1776205091000
1776205093.016,193.016,0.01,1869.9,,,0.02,714.54,0.03,134.07,0.98,709.54,0.97,134.07,0.99,2099.9,,,0.01,0.01,2323.927241,1776205091000
1776205093.331,193.331,0.01,1965.85,,,0.02,648.54,0.03,103.07,0.98,714.54,0.97,134.07,0.99,1869.9,,,0.01,0.01,2323.872436,1776205092000
1776205093.798,193.798,0.01,1920.6,,,0.02,1163.73,0.03,108.07,0.98,648.54,0.97,103.07,0.99,1945.85,,,0.01,0.01,2323.872436,1776205092000
1776205094.081,194.081,0.01,1915.54,,,0.02,1163.73,0.03,108.07,0.98,1163.73,0.97,108.07,0.99,1920.6,,,0.01,0.01,2323.872436,1776205092000
1776205094.505,194.505,0.01,915.54,,,0.02,1181.3,0.03,295.5,0.98,1163.73,0.97,108.07,0.99,1915.54,,,0.01,0.01,2323.872436,1776205092000
1776205094.764,194.764,,,,,0.01,1710.46,0.02,1181.3,0.99,1710.46,0.98,1181.3,,,,,,,2323.234093,1776205093000
1776205094.999,194.999,,,,,0.01,1877.09,0.02,602.75,0.99,1878.11,0.98,602.75,,,,,,,2323.234093,1776205093000
1776205095.225,195.225,,,,,0.01,1878.09,0.02,597.75,0.99,1877.09,0.98,602.75,,,,,,,2323.234093,1776205093000
1776205095.927,195.927,,,,,0.01,1878.09,0.02,597.75,0.99,1878.09,0.98,597.75,,,,,,,2322.211418,1776205095000
1776205096.335,196.335,,,,,0.01,1847.01,0.02,1095.75,0.99,1878.09,0.98,597.75,,,,,,,2322.211418,1776205095000
1776205096.942,196.942,,,,,0.01,1847.01,0.02,1095.75,0.99,1847.01,0.98,1095.75,,,,,,,2322.163972,1776205096000
1776205097.28,197.28,,,,,0.01,1956.99,0.02,1205.95,0.99,1847.01,0.98,1095.75,,,,,,,2322.163972,1776205096000
1776205097.539,197.539,,,,,0.01,1949.82,0.02,1205.95,0.99,1956.99,0.98,1205.95,,,,,,,2322.163972,1776205096000
1776205098.074,198.074,,,,,0.01,1949.82,0.02,1205.95,0.99,1949.82,0.98,1205.95,,,,,,,2322.227571,1776205097000
1776205099.119,199.119,,,,,0.01,1949.82,0.02,1205.95,0.99,1949.82,0.98,1205.95,,,,,,,2322.23027,1776205098000
1776205100.157,200.157,,,,,0.01,1949.82,0.02,1205.95,0.99,1949.82,0.98,1205.95,,,,,,,2322.240168,1776205099000
1776205101.162,201.162,,,,,0.01,1949.82,0.02,1205.95,0.99,1949.82,0.98,1205.95,,,,,,,2322.26529,1776205100000
1776205102.253,202.253,,,,,0.01,1949.82,0.02,1205.95,0.99,1949.82,0.98,1205.95,,,,,,,2322.416261,1776205101000
1776205102.571,202.571,,,,,0.01,1946.38,0.02,412.95,0.99,1949.82,0.98,1205.95,,,,,,,2322.416261,1776205101000
1776205103.281,203.281,,,,,0.01,1946.38,0.02,412.95,0.99,1946.38,0.98,412.95,,,,,,,2322.87896,1776205102000
1776205104.378,204.378,,,,,0.01,1946.38,0.02,412.95,0.99,1946.38,0.98,412.95,,,,,,,2322.828586,1776205103000
1776205104.952,204.952,,,,,0.01,1946.38,0.02,412.95,0.99,1946.38,0.98,412.95,,,,,,,2322.833476,1776205104000
1776205106.006,206.006,,,,,0.01,1946.38,0.02,412.95,0.99,1946.38,0.98,412.95,,,,,,,2322.882151,1776205105000
1776205107.099,207.099,,,,,0.01,1946.38,0.02,412.95,0.99,1946.38,0.98,412.95,,,,,,,2323.017962,1776205106000
1776205110.901,210.901,,,,,0.01,1946.38,0.02,412.95,0.99,1946.38,0.98,412.95,,,,,,,2322.909305,1776205109000
1776205111.466,211.466,,,,,0.01,1946.38,0.02,412.95,0.99,1946.38,0.98,412.95,,,,,,,2322.77482,1776205110000
1776205112.073,212.073,,,,,0.01,1946.38,0.02,412.95,0.99,1946.38,0.98,412.95,,,,,,,2322.61116,1776205111000
1776205113.126,213.126,,,,,0.01,1946.38,0.02,412.95,0.99,1946.38,0.98,412.95,,,,,,,2322.609684,1776205112000
1776205114.208,214.208,,,,,0.01,1946.38,0.02,412.95,0.99,1946.38,0.98,412.95,,,,,,,2322.592618,1776205113000
1776205115.29,215.29,,,,,0.01,1946.38,0.02,412.95,0.99,1946.38,0.98,412.95,,,,,,,2322.60316,1776205114000
1776205115.816,215.816,,,,,0.01,1946.38,0.02,412.95,0.99,1946.38,0.98,412.95,,,,,,,2322.791016,1776205115000
1776205116.901,216.901,,,,,0.01,1946.38,0.02,412.95,0.99,1946.38,0.98,412.95,,,,,,,2322.944671,1776205116000
1776205117.973,217.973,,,,,0.01,1946.38,0.02,412.95,0.99,1946.38,0.98,412.95,,,,,,,2322.903719,1776205117000
1776205118.998,218.998,,,,,0.01,1946.38,0.02,412.95,0.99,1946.38,0.98,412.95,,,,,,,2322.919246,1776205118000
1776205120.043,220.043,,,,,0.01,1946.38,0.02,412.95,0.99,1946.38,0.98,412.95,,,,,,,2322.679377,1776205119000
1776205121.079,221.079,,,,,0.01,1946.38,0.02,412.95,0.99,1946.38,0.98,412.95,,,,,,,2322.501731,1776205120000
1776205122.271,222.271,,,,,0.01,1946.38,0.02,412.95,0.99,1946.38,0.98,412.95,,,,,,,2322.673318,1776205121000
1776205123.261,223.261,,,,,0.01,1946.38,0.02,412.95,0.99,1946.38,0.98,412.95,,,,,,,2322.634522,1776205122000
1776205125.952,225.952,,,,,0.01,1946.38,0.02,412.95,0.99,1946.38,0.98,412.95,,,,,,,2322.604674,1776205124000
1776205127.321,227.321,,,,,0.01,1946.38,0.02,412.95,0.99,1946.38,0.98,412.95,,,,,,,2322.600578,1776205126000
1776205128.349,228.349,,,,,0.01,1946.38,0.02,412.95,0.99,1946.38,0.98,412.95,,,,,,,2322.593171,1776205127000
1776205129.348,229.348,,,,,0.01,1946.38,0.02,412.95,0.99,1946.38,0.98,412.95,,,,,,,2322.598928,1776205128000
1776205130.315,230.315,,,,,0.01,1946.38,0.02,412.95,0.99,1946.38,0.98,412.95,,,,,,,2322.534492,1776205129000
1776205130.837,230.837,,,,,0.01,1946.38,0.02,412.95,0.99,1946.38,0.98,412.95,,,,,,,2322.268973,1776205130000
1776205131.836,231.836,,,,,0.01,1946.38,0.02,412.95,0.99,1946.38,0.98,412.95,,,,,,,2321.651299,1776205131000
1776205132.821,232.821,,,,,0.01,1946.38,0.02,412.95,0.99,1946.38,0.98,412.95,,,,,,,2321.510129,1776205132000
1776205134.303,234.303,,,,,0.01,1946.38,0.02,412.95,0.99,1946.38,0.98,412.95,,,,,,,2321.61484,1776205133000
1776205135.445,235.445,,,,,0.01,1946.38,0.02,412.95,0.99,1946.38,0.98,412.95,,,,,,,2321.576763,1776205134000
1776205135.802,235.802,,,,,0.01,1946.38,0.02,412.95,0.99,1946.38,0.98,412.95,,,,,,,2321.573199,1776205135000
1776205137.366,237.366,,,,,0.01,1946.38,0.02,412.95,0.99,1946.38,0.98,412.95,,,,,,,2321.473232,1776205136000
1776205137.875,237.875,,,,,0.01,1946.38,0.02,412.95,0.99,1946.38,0.98,412.95,,,,,,,2321.414692,1776205137000
1776205138.867,238.867,,,,,0.01,1946.38,0.02,412.95,0.99,1946.38,0.98,412.95,,,,,,,2321.15715,1776205138000
1776205140.26,240.26,,,,,0.01,20522.43,0.02,400.76,0.99,1946.38,0.98,412.95,,,,,,,2321.15715,1776205138000
1776205140.574,240.574,,,,,0.01,20522.43,0.02,400.76,0.99,20522.43,0.98,400.76,,,,,,,2320.956753,1776205139000
1776205141.596,241.596,,,,,0.01,20522.43,0.02,400.76,0.99,20522.43,0.98,400.76,,,,,,,2321.019736,1776205140000
1776205142.332,242.332,,,,,0.01,20522.43,0.02,400.76,0.99,20522.43,0.98,400.76,,,,,,,2321.246818,1776205141000
1776205143.924,243.924,,,,,0.01,20522.43,0.02,400.76,0.99,20522.43,0.98,400.76,,,,,,,2321.19155,1776205142000
1776205144.73,244.73,,,,,0.01,20522.43,0.02,400.76,0.99,20522.43,0.98,400.76,,,,,,,2321.038986,1776205143000
1776205145.44,245.44,,,,,0.01,20522.43,0.02,400.76,0.99,20522.43,0.98,400.76,,,,,,,2321.038504,1776205144000
1776205146.185,246.185,,,,,0.01,20522.43,0.02,400.76,0.99,20522.43,0.98,400.76,,,,,,,2321.037688,1776205145000
1776205147.646,247.646,,,,,0.01,20522.43,0.02,400.76,0.99,20522.43,0.98,400.76,,,,,,,2321.04268,1776205146000
1776205148.308,248.308,,,,,0.01,20522.43,0.02,400.76,0.99,20522.43,0.98,400.76,,,,,,,2321.04268,1776205147000
1776205149.087,249.087,,,,,0.01,20522.43,0.02,400.76,0.99,20522.43,0.98,400.76,,,,,,,2320.994329,1776205148000
1776205150.564,250.564,,,,,0.01,20522.43,0.02,400.76,0.99,20522.43,0.98,400.76,,,,,,,2321.009526,1776205149000
1776205151.246,251.246,,,,,0.01,20522.43,0.02,400.76,0.99,20522.43,0.98,400.76,,,,,,,2321.006598,1776205150000
1776205152.712,252.712,,,,,0.01,20522.43,0.02,400.76,0.99,20522.43,0.98,400.76,,,,,,,2320.913758,1776205151000
1776205153.424,253.424,,,,,0.01,20522.43,0.02,400.76,0.99,20522.43,0.98,400.76,,,,,,,2321.038411,1776205152000
1776205154.118,254.118,,,,,0.01,20522.43,0.02,400.76,0.99,20522.43,0.98,400.76,,,,,,,2321.057963,1776205153000
1776205155.531,255.531,,,,,0.01,20522.43,0.02,400.76,0.99,20522.43,0.98,400.76,,,,,,,2321.482366,1776205154000
1776205156.251,256.251,,,,,0.01,20522.43,0.02,400.76,0.99,20522.43,0.98,400.76,,,,,,,2321.545991,1776205155000
1776205157.551,257.551,,,,,0.01,20522.43,0.02,400.76,0.99,20522.43,0.98,400.76,,,,,,,2321.552962,1776205156000
1776205158.234,258.234,,,,,0.01,20522.43,0.02,400.76,0.99,20522.43,0.98,400.76,,,,,,,2321.68012,1776205157000
1776205159.289,259.289,,,,,0.01,20522.43,0.02,400.76,0.99,20522.43,0.98,400.76,,,,,,,2321.692975,1776205158000
1776205160.35,260.35,,,,,0.01,20522.43,0.02,400.76,0.99,20522.43,0.98,400.76,,,,,,,2321.994728,1776205159000
1776205160.862,260.862,,,,,0.01,20522.43,0.02,400.76,0.99,20522.43,0.98,400.76,,,,,,,2322.071685,1776205160000
1776205161.073,261.073,,,,,0.01,22783.68,0.02,405.76,0.99,20522.43,0.98,400.76,,,,,,,2322.071685,1776205160000
1776205162.008,262.008,,,,,0.01,22783.68,0.02,405.76,0.99,22783.68,0.98,405.76,,,,,,,2322.173925,1776205161000
1776205163.005,263.005,,,,,0.01,22783.68,0.02,405.76,0.99,22783.68,0.98,405.76,,,,,,,2322.206212,1776205162000
1776205164.161,264.161,,,,,0.01,22783.68,0.02,405.76,0.99,22783.68,0.98,405.76,,,,,,,2322.201308,1776205163000
1776205165.231,265.231,,,,,0.01,22783.68,0.02,405.76,0.99,22783.68,0.98,405.76,,,,,,,2322.193595,1776205164000
1776205166.333,266.333,,,,,0.01,22783.68,0.02,405.76,0.99,22783.68,0.98,405.76,,,,,,,2322.143754,1776205165000
1776205167.363,267.363,,,,,0.01,22783.68,0.02,405.76,0.99,22783.68,0.98,405.76,,,,,,,2322.151524,1776205166000
1776205167.944,267.944,,,,,0.01,22783.68,0.02,405.76,0.99,22783.68,0.98,405.76,,,,,,,2322.154266,1776205167000
1776205169.028,269.028,,,,,0.01,22783.68,0.02,405.76,0.99,22783.68,0.98,405.76,,,,,,,2322.27199,1776205168000
1776205169.998,269.998,,,,,0.01,22783.68,0.02,405.76,0.99,22783.68,0.98,405.76,,,,,,,2322.54622,1776205169000
1776205171.064,271.064,,,,,0.01,22783.68,0.02,405.76,0.99,22783.68,0.98,405.76,,,,,,,2322.567326,1776205170000
1776205172.188,272.188,,,,,0.01,22783.68,0.02,405.76,0.99,22783.68,0.98,405.76,,,,,,,2322.40906,1776205171000
1776205173.385,273.385,,,,,0.01,22783.68,0.02,405.76,0.99,22783.68,0.98,405.76,,,,,,,2322.41,1776205172000
1776205174.907,274.907,,,,,0.01,22783.68,0.02,405.76,0.99,22783.68,0.98,405.76,,,,,,,2322.411484,1776205173000
1776205175.8,275.8,,,,,0.01,22783.68,0.02,405.76,0.99,22783.68,0.98,405.76,,,,,,,2322.408686,1776205174000
1776205176.531,276.531,,,,,0.01,22783.68,0.02,405.76,0.99,22783.68,0.98,405.76,,,,,,,2322.496592,1776205175000
1776205177.248,277.248,,,,,0.01,22783.68,0.02,405.76,0.99,22783.68,0.98,405.76,,,,,,,2322.44898,1776205176000
1776205177.469,277.469,,,,,0.01,24388.25,0.02,405.76,0.99,22783.68,0.98,405.76,,,,,,,2322.44898,1776205176000
1776205178.762,278.762,,,,,0.01,24388.25,0.02,405.76,0.99,24388.25,0.98,405.76,,,,,,,2321.906102,1776205177000
1776205179.483,279.483,,,,,0.01,24388.25,0.02,405.76,0.99,24388.25,0.98,405.76,,,,,,,2321.543158,1776205178000
1776205180.183,280.183,,,,,0.01,24388.25,0.02,405.76,0.99,24388.25,0.98,405.76,,,,,,,2321.432078,1776205179000
1776205181.676,281.676,,,,,0.01,24388.25,0.02,405.76,0.99,24388.25,0.98,405.76,,,,,,,2321.485042,1776205180000
1776205182.416,282.416,,,,,0.01,24388.25,0.02,405.76,0.99,24388.25,0.98,405.76,,,,,,,2321.348626,1776205181000
1776205183.033,283.033,,,,,0.01,24388.25,0.02,405.76,0.99,24388.25,0.98,405.76,,,,,,,2321.042597,1776205182000
1776205184.524,284.524,,,,,0.01,24388.25,0.02,405.76,0.99,24388.25,0.98,405.76,,,,,,,2321.065992,1776205183000
1776205185.203,285.203,,,,,0.01,24388.25,0.02,405.76,0.99,24388.25,0.98,405.76,,,,,,,2321.072235,1776205184000
1776205185.454,285.454,,,,,0.01,24226.59,0.02,400.76,0.99,24388.25,0.98,405.76,,,,,,,2321.072235,1776205184000
1776205186.684,286.684,,,,,0.01,24226.59,0.02,400.76,0.99,24226.59,0.98,400.76,,,,,,,2321.118774,1776205185000
1776205187.397,287.397,,,,,0.01,24226.59,0.02,400.76,0.99,24226.59,0.98,400.76,,,,,,,2321.105285,1776205186000
1776205188.081,288.081,,,,,0.01,24226.59,0.02,400.76,0.99,24226.59,0.98,400.76,,,,,,,2321.117848,1776205187000
1776205189.452,289.452,,,,,0.01,24226.59,0.02,400.76,0.99,24226.59,0.98,400.76,,,,,,,2321.380988,1776205188000
1776205190.224,290.224,,,,,0.01,24226.59,0.02,400.76,0.99,24226.59,0.98,400.76,,,,,,,2321.526645,1776205189000
1776205191.97,291.97,,,,,0.01,24226.59,0.02,400.76,0.99,24226.59,0.98,400.76,,,,,,,2321.641009,1776205190000
1776205192.478,292.478,,,,,0.01,24226.59,0.02,400.76,0.99,24226.59,0.98,400.76,,,,,,,2321.763128,1776205191000
1776205192.965,292.965,,,,,0.01,24226.59,0.02,400.76,0.99,24226.59,0.98,400.76,,,,,,,2321.779215,1776205192000
1776205194.007,294.007,,,,,0.01,24226.59,0.02,400.76,0.99,24226.59,0.98,400.76,,,,,,,2321.760363,1776205193000
1776205195.101,295.101,,,,,0.01,24226.59,0.02,400.76,0.99,24226.59,0.98,400.76,,,,,,,2321.438289,1776205194000
1776205196.02,296.02,,,,,0.01,24226.59,0.02,400.76,0.99,24226.59,0.98,400.76,,,,,,,2321.397599,1776205195000
1776205197.026,297.026,,,,,0.01,24226.59,0.02,400.76,0.99,24226.59,0.98,400.76,,,,,,,2321.362304,1776205196000
1776205197.376,297.376,,,,,0.01,25655.66,0.02,400.76,0.99,24226.59,0.98,400.76,,,,,,,2321.362304,1776205196000
1776205197.979,297.979,,,,,0.01,25655.66,0.02,400.76,0.99,25655.66,0.98,400.76,,,,,,,2321.16135,1776205197000
1776205199.068,299.068,,,,,0.01,25655.66,0.02,400.76,0.99,25655.66,0.98,400.76,,,,,,,2321.126244,1776205198000
1776205200.047,300.047,,,,,0.01,25655.66,0.02,400.76,0.99,25655.66,0.98,400.76,,,,,,,2321.125653,1776205199000
1776205201.053,301.053,,,,,0.01,25655.66,0.02,400.76,0.99,25655.66,0.98,400.76,,,,,,,2321.134358,1776205200000

# RESULT,winner=Down,slug=eth-updown-5m-1776204900,ticks=477
