timestamp,elapsed_sec,up_bid_p1,up_bid_s1,up_bid_p2,up_bid_s2,up_ask_p1,up_ask_s1,up_ask_p2,up_ask_s2,down_bid_p1,down_bid_s1,down_bid_p2,down_bid_s2,down_ask_p1,down_ask_s1,down_ask_p2,down_ask_s2,up_spread,down_spread,eth_price,eth_oracle_ts
1776393600.862,0.862,0.5,16.6,0.4,11.0,0.55,8.88,0.6,5.0,0.45,8.88,0.4,5.0,0.5,16.6,0.6,11.0,0.05,0.05,2332.53913,1776393600000
1776393601.936,1.936,0.54,5.0,0.53,5.0,0.55,5.24,0.61,5.0,0.48,7.0,0.46,70.0,0.5,6.6,0.52,5.0,0.01,0.02,2332.53913,1776393600000
1776393602.185,2.185,0.6,64.76,0.54,80.0,0.64,11.0,0.67,370.0,0.45,5.24,0.39,5.0,0.46,5.0,0.47,5.0,0.04,0.01,2332.53915,1776393601000
1776393603.205,3.205,0.6,64.76,0.54,80.0,0.64,11.0,0.67,370.0,0.36,11.0,0.33,370.0,0.4,64.76,0.46,80.0,0.04,0.04,2332.57979,1776393602000
1776393603.509,3.509,0.66,32.0,0.65,24.0,0.67,70.0,0.69,375.0,0.36,11.0,0.33,370.0,0.4,64.76,0.46,80.0,0.01,0.04,2332.57979,1776393602000
1776393604.113,4.113,0.66,111.0,0.65,29.0,0.67,70.0,0.69,375.0,0.33,70.0,0.31,375.0,0.34,32.0,0.35,24.0,0.01,0.01,2332.57979,1776393602000
1776393604.432,4.432,0.66,90.0,0.65,24.0,0.67,70.0,0.69,375.0,0.33,70.0,0.31,375.0,0.34,111.0,0.35,29.0,0.01,0.01,2333.184005,1776393603000
1776393604.714,4.714,0.68,6.87,0.67,10.0,0.69,375.0,0.7,70.0,0.33,70.0,0.31,375.0,0.34,90.0,0.35,24.0,0.01,0.01,2333.184005,1776393603000
1776393604.96,4.96,0.68,88.37,0.67,28.0,0.69,370.0,0.73,450.0,0.31,380.0,0.27,450.0,0.32,78.37,0.33,28.0,0.01,0.01,2333.184005,1776393603000
1776393605.605,5.605,0.72,10.0,0.71,10.0,0.73,440.0,0.75,600.0,0.27,440.0,0.25,600.0,0.28,10.0,0.29,10.0,0.01,0.01,2333.432945,1776393604000
1776393605.95,5.95,0.72,52.0,0.71,30.0,0.73,445.0,0.74,10.0,0.27,440.0,0.26,10.0,0.28,9.0,0.29,25.0,0.01,0.01,2333.432945,1776393604000
1776393606.2,6.2,0.72,52.0,0.71,30.0,0.73,445.0,0.74,10.0,0.27,445.0,0.26,10.0,0.28,52.0,0.29,30.0,0.01,0.01,2333.50187,1776393605000
1776393606.519,6.519,0.72,74.2,0.71,80.0,0.73,440.0,0.74,15.0,0.27,445.0,0.26,10.0,0.28,52.0,0.29,30.0,0.01,0.01,2333.50187,1776393605000
1776393606.844,6.844,0.72,50.0,0.71,80.0,0.73,440.0,0.74,10.0,0.27,440.0,0.26,15.0,0.28,74.2,0.29,80.0,0.01,0.01,2333.50187,1776393605000
1776393607.268,7.268,0.73,52.0,0.72,19.0,0.74,8.64,0.75,610.0,0.27,440.0,0.26,10.0,0.28,50.0,0.29,80.0,0.01,0.01,2333.50187,1776393605000
1776393608.074,8.074,0.73,52.0,0.72,19.0,0.74,8.64,0.75,610.0,0.26,8.64,0.25,610.0,0.27,52.0,0.28,19.0,0.01,0.01,2333.835125,1776393607000
1776393609.67,9.67,0.73,52.0,0.72,19.0,0.74,8.64,0.75,610.0,0.26,8.64,0.25,610.0,0.27,52.0,0.28,19.0,0.01,0.01,2333.941491,1776393608000
1776393609.905,9.905,0.74,9.77,0.73,5.0,0.75,35.0,0.76,29.33,0.26,8.64,0.25,610.0,0.27,52.0,0.28,19.0,0.01,0.01,2333.941491,1776393608000
1776393610.27,10.27,0.74,3.77,0.73,5.0,0.75,35.0,0.76,29.33,0.25,35.0,0.24,29.33,0.26,3.77,0.27,5.0,0.01,0.01,2333.89417,1776393609000
1776393610.561,10.561,0.73,4.92,0.72,5.0,0.75,30.0,0.76,66.33,0.25,35.0,0.24,29.33,0.26,3.77,0.27,5.0,0.02,0.01,2333.89417,1776393609000
1776393611.611,11.611,0.71,5.0,0.7,5.0,0.73,25.0,0.74,20.0,0.26,20.0,0.25,30.0,0.27,1.21,0.28,5.0,0.02,0.01,2333.879206,1776393610000
1776393612.042,12.042,0.69,5.0,0.68,5.0,0.7,9.28,0.71,90.0,0.27,25.0,0.26,20.0,0.29,5.0,0.3,5.0,0.01,0.02,2333.831658,1776393611000
1776393612.96,12.96,0.65,16.0,0.64,38.0,0.66,5.0,0.67,15.0,0.3,9.28,0.29,90.0,0.31,5.0,0.32,5.0,0.01,0.01,2333.831658,1776393611000
1776393613.609,13.609,0.65,34.0,0.64,29.0,0.67,5.0,0.68,5.0,0.34,29.0,0.33,15.0,0.36,3.25,0.37,38.0,0.02,0.02,2333.809929,1776393612000
1776393615.071,15.071,0.7,15.0,0.69,15.0,0.71,138.0,0.72,62.0,0.33,5.0,0.32,5.0,0.35,34.0,0.36,29.0,0.01,0.02,2333.73736,1776393613000
1776393615.463,15.463,0.68,7.72,0.67,25.0,0.69,20.0,0.7,15.0,0.29,138.0,0.28,62.0,0.3,15.0,0.31,15.0,0.01,0.01,2333.620687,1776393614000
1776393617.288,17.288,0.65,54.0,0.64,27.0,0.66,5.48,0.67,6.0,0.31,30.0,0.3,15.0,0.32,18.56,0.33,25.0,0.01,0.01,2333.651752,1776393616000
1776393618.014,18.014,0.66,5.0,0.65,27.0,0.67,34.0,0.68,21.0,0.34,5.48,0.33,6.0,0.35,54.0,0.36,27.0,0.01,0.01,2333.651752,1776393616000
1776393618.427,18.427,0.65,32.0,0.64,15.0,0.67,39.0,0.68,21.0,0.33,34.0,0.32,21.0,0.34,5.0,0.35,27.0,0.02,0.01,2333.660547,1776393617000
1776393619.004,19.004,0.65,27.0,0.64,27.0,0.66,91.0,0.67,44.0,0.33,39.0,0.32,21.0,0.35,32.0,0.36,15.0,0.01,0.02,2333.660547,1776393617000
1776393621.387,21.387,0.62,21.11,0.61,93.0,0.63,20.0,0.64,22.0,0.34,91.0,0.33,44.0,0.35,22.0,0.36,27.0,0.01,0.01,2333.604087,1776393620000
1776393625.093,25.093,0.62,40.22,0.61,93.0,0.63,14.0,0.64,15.0,0.37,20.0,0.36,22.0,0.38,21.11,0.39,93.0,0.01,0.01,2333.379976,1776393623000
1776393625.325,25.325,0.62,35.22,0.61,93.0,0.63,1.4,0.64,15.0,0.37,14.0,0.36,15.0,0.38,40.22,0.39,93.0,0.01,0.01,2333.379976,1776393623000
1776393627.096,27.096,0.62,40.22,0.61,109.0,0.64,14.81,0.65,25.0,0.37,1.4,0.36,15.0,0.38,35.22,0.39,93.0,0.02,0.01,2333.384039,1776393625000
1776393627.393,27.393,0.63,17.0,0.62,33.22,0.64,9.12,0.65,25.0,0.36,14.81,0.35,25.0,0.38,40.22,0.39,109.0,0.01,0.02,2333.384039,1776393625000
1776393629.847,29.847,0.63,17.0,0.62,22.36,0.64,4.12,0.65,25.0,0.36,9.12,0.35,25.0,0.37,17.0,0.38,33.22,0.01,0.01,2333.356356,1776393628000
1776393632.896,32.896,0.63,50.41,0.62,30.11,0.64,0.99,0.65,20.0,0.36,4.12,0.35,25.0,0.37,17.0,0.38,22.36,0.01,0.01,2333.364046,1776393631000
1776393633.513,33.513,0.63,55.41,0.62,30.11,0.65,17.99,0.66,56.0,0.36,0.99,0.35,20.0,0.37,50.41,0.38,30.11,0.02,0.01,2333.364046,1776393631000
1776393634.973,34.973,0.63,45.41,0.62,12.36,0.64,18.0,0.65,17.99,0.36,29.92,0.35,17.99,0.37,50.41,0.38,22.36,0.01,0.01,2333.423127,1776393633000
1776393636.285,36.285,0.63,35.41,0.62,12.36,0.64,18.0,0.65,17.99,0.36,18.0,0.35,17.99,0.37,45.41,0.38,12.36,0.01,0.01,2333.432385,1776393634000
1776393638.976,38.976,0.64,46.75,0.63,47.16,0.66,12.0,0.67,20.0,0.36,23.0,0.35,17.99,0.37,30.41,0.38,12.36,0.02,0.01,2333.363307,1776393637000
1776393639.956,39.956,0.66,64.0,0.65,26.75,0.67,27.0,0.68,15.0,0.33,20.0,0.32,15.0,0.35,66.75,0.36,62.75,0.01,0.02,2333.356624,1776393638000
1776393640.922,40.922,0.7,104.0,0.69,73.75,0.71,5.4,0.72,30.0,0.33,27.0,0.32,15.0,0.34,64.0,0.35,26.75,0.01,0.01,2333.350075,1776393639000
1776393641.313,41.313,0.71,74.1,0.7,62.0,0.72,26.0,0.73,20.0,0.29,1.38,0.28,30.0,0.3,104.0,0.31,73.75,0.01,0.01,2333.357019,1776393640000
1776393641.663,41.663,0.71,69.1,0.7,62.0,0.73,20.0,0.74,85.0,0.28,26.0,0.27,20.0,0.29,74.1,0.3,62.0,0.02,0.01,2333.357019,1776393640000
1776393644.712,44.712,0.72,100.2,0.71,55.1,0.74,80.0,0.75,93.75,0.27,20.0,0.26,85.0,0.29,69.1,0.3,62.0,0.02,0.02,2333.715375,1776393643000
1776393645.225,45.225,0.73,24.29,0.72,57.0,0.74,119.0,0.75,93.75,0.26,80.0,0.25,93.75,0.28,100.2,0.29,55.1,0.01,0.02,2333.715375,1776393643000
1776393646.967,46.967,0.73,0.77,0.72,47.0,0.74,92.0,0.75,93.75,0.26,119.0,0.25,93.75,0.27,24.29,0.28,57.0,0.01,0.01,2333.731244,1776393645000
1776393647.632,47.632,0.72,12.0,0.71,12.0,0.74,90.0,0.75,217.74,0.26,90.0,0.25,93.75,0.27,0.77,0.28,47.0,0.02,0.01,2333.73645,1776393646000
1776393650.334,50.334,0.7,23.0,0.69,5.0,0.71,19.95,0.72,21.0,0.27,6.0,0.26,90.0,0.3,6.0,0.31,5.0,0.01,0.03,2333.74306,1776393648000
1776393654.685,54.685,0.63,23.41,0.62,11.0,0.64,68.37,0.65,20.0,0.29,19.95,0.28,21.0,0.3,23.0,0.31,5.0,0.01,0.01,2333.632659,1776393653000
1776393657.595,57.595,0.63,38.41,0.62,21.0,0.64,23.0,0.65,20.0,0.36,68.37,0.35,20.0,0.37,23.41,0.38,11.0,0.01,0.01,2333.410257,1776393656000
1776393658.048,58.048,0.63,43.41,0.62,21.0,0.64,10.0,0.65,20.0,0.36,11.0,0.35,20.0,0.37,33.41,0.38,21.0,0.01,0.01,2333.410257,1776393656000
1776393660.495,60.495,0.63,43.41,0.62,50.0,0.64,10.0,0.65,20.0,0.36,10.0,0.35,20.0,0.37,43.41,0.38,21.0,0.01,0.01,2333.38915,1776393659000
1776393660.711,60.711,0.63,38.41,0.62,55.0,0.65,15.0,0.66,15.0,0.36,10.0,0.35,20.0,0.37,43.41,0.38,50.0,0.02,0.01,2333.38915,1776393659000
1776393662.207,62.207,0.64,36.84,0.63,44.16,0.65,30.46,0.66,15.0,0.35,15.0,0.34,15.0,0.37,38.41,0.38,55.0,0.01,0.02,2333.388706,1776393660000
1776393665.319,65.319,0.64,41.84,0.63,45.16,0.65,7.6,0.66,15.0,0.35,30.46,0.34,15.0,0.36,36.84,0.37,44.16,0.01,0.01,2333.336926,1776393664000
1776393669.024,69.024,0.65,90.75,0.64,69.54,0.67,8.0,0.68,91.0,0.35,7.6,0.34,15.0,0.36,41.84,0.37,45.16,0.02,0.01,2333.358698,1776393668000
1776393670.995,70.995,0.63,23.41,0.62,5.0,0.65,94.0,0.66,31.0,0.33,8.0,0.32,91.0,0.35,90.75,0.36,69.54,0.02,0.02,2333.36003,1776393669000
1776393671.914,71.914,0.63,18.41,0.62,15.0,0.64,40.0,0.65,35.0,0.35,79.0,0.34,31.0,0.37,18.41,0.38,5.0,0.01,0.02,2333.35881,1776393670000
1776393673.617,73.617,0.63,63.9,0.62,5.0,0.64,75.0,0.65,30.0,0.36,40.0,0.35,35.0,0.37,18.41,0.38,15.0,0.01,0.01,2333.294186,1776393672000
1776393674.849,74.849,0.63,68.9,0.62,5.0,0.64,28.0,0.65,30.0,0.36,75.0,0.35,30.0,0.37,63.9,0.38,5.0,0.01,0.01,2333.240747,1776393673000
1776393676.005,76.005,0.63,68.9,0.62,61.21,0.64,15.18,0.65,25.0,0.36,23.0,0.35,30.0,0.37,68.9,0.38,5.0,0.01,0.01,2333.25727,1776393674000
1776393677.09,77.09,0.63,63.9,0.62,15.0,0.64,7.18,0.65,25.0,0.36,15.18,0.35,25.0,0.37,68.9,0.38,61.21,0.01,0.01,2333.230648,1776393675000
1776393678.553,78.553,0.63,59.03,0.61,7.0,0.64,29.18,0.65,165.0,0.36,7.18,0.35,25.0,0.37,63.9,0.38,15.0,0.01,0.01,2333.232161,1776393677000
1776393682.179,82.179,0.63,59.03,0.61,22.0,0.64,44.18,0.65,165.0,0.36,29.18,0.35,165.0,0.37,59.03,0.39,7.0,0.01,0.01,2333.219338,1776393680000
1776393685.749,85.749,0.63,54.16,0.62,7.0,0.64,37.0,0.65,165.0,0.36,44.18,0.35,165.0,0.37,59.03,0.39,22.0,0.01,0.01,2333.202601,1776393684000
1776393686.024,86.024,0.63,51.45,0.62,7.0,0.64,37.0,0.65,165.0,0.36,37.0,0.35,165.0,0.37,54.16,0.38,7.0,0.01,0.01,2333.183082,1776393685000
1776393686.906,86.906,0.63,51.45,0.62,12.0,0.64,34.0,0.65,165.0,0.36,37.0,0.35,165.0,0.37,51.45,0.38,7.0,0.01,0.01,2333.183082,1776393685000
1776393689.011,89.011,0.62,6.0,0.61,25.75,0.63,74.0,0.64,94.0,0.36,34.0,0.35,165.0,0.37,51.45,0.38,12.0,0.01,0.01,2333.180794,1776393688000
1776393689.308,89.308,0.62,1.0,0.61,25.75,0.63,79.0,0.64,99.0,0.37,74.0,0.36,94.0,0.38,6.0,0.39,25.75,0.01,0.01,2333.180794,1776393688000
1776393690.222,90.222,0.6,25.76,0.58,20.0,0.61,84.0,0.62,90.0,0.37,79.0,0.36,99.0,0.38,1.0,0.39,25.75,0.01,0.01,2333.180794,1776393688000
1776393690.624,90.624,0.6,7.38,0.58,20.0,0.61,89.0,0.62,95.0,0.39,84.0,0.38,95.0,0.4,12.51,0.42,20.0,0.01,0.01,2333.183003,1776393689000
1776393691.671,91.671,0.58,25.0,0.57,31.75,0.59,8.39,0.61,89.0,0.39,89.0,0.38,95.0,0.4,2.38,0.42,20.0,0.01,0.01,2333.157734,1776393690000
1776393692.129,92.129,0.58,20.0,0.57,25.0,0.59,53.69,0.6,10.0,0.41,8.39,0.39,89.0,0.42,25.0,0.43,31.75,0.01,0.01,2333.157734,1776393690000
1776393692.872,92.872,0.58,15.14,0.57,31.75,0.59,53.69,0.6,10.0,0.41,53.69,0.4,10.0,0.42,20.0,0.43,25.0,0.01,0.01,2333.054696,1776393691000
1776393693.419,93.419,0.58,15.14,0.57,31.75,0.59,47.96,0.61,60.0,0.41,53.69,0.4,10.0,0.42,15.14,0.43,31.75,0.01,0.01,2333.025396,1776393692000
1776393695.808,95.808,0.58,15.14,0.57,21.75,0.59,38.95,0.61,30.0,0.41,47.96,0.39,60.0,0.42,15.14,0.43,31.75,0.01,0.01,2332.987937,1776393693000
1776393699.056,99.056,0.58,15.0,0.57,15.0,0.59,35.95,0.61,30.0,0.41,38.95,0.39,30.0,0.42,15.14,0.43,21.75,0.01,0.01,2332.962892,1776393697000
1776393699.49,99.49,0.58,20.0,0.57,20.75,0.59,19.37,0.61,30.0,0.41,35.95,0.39,30.0,0.42,15.0,0.43,15.0,0.01,0.01,2332.976481,1776393698000
1776393702.215,102.215,0.57,5.0,0.56,11.0,0.59,76.37,0.6,15.0,0.41,19.37,0.39,30.0,0.42,20.0,0.43,20.75,0.02,0.01,2332.985551,1776393701000
1776393702.433,102.433,0.56,11.0,0.55,20.0,0.58,64.0,0.59,123.39,0.41,76.37,0.4,15.0,0.43,5.0,0.44,11.0,0.02,0.02,2332.985551,1776393701000
1776393703.102,103.102,0.52,6.0,0.51,37.75,0.53,25.0,0.54,20.0,0.43,5.0,0.42,59.0,0.44,6.0,0.45,20.0,0.01,0.01,2332.985551,1776393701000
1776393704.12,104.12,0.52,26.0,0.51,37.19,0.54,20.0,0.55,85.0,0.47,32.0,0.46,20.0,0.49,37.19,0.5,26.6,0.02,0.02,2332.98604,1776393702000
1776393704.948,104.948,0.5,3.18,0.49,15.0,0.55,75.0,0.56,85.0,0.46,20.0,0.45,85.0,0.48,26.0,0.49,37.19,0.05,0.02,2332.847574,1776393703000
1776393705.71,105.71,0.54,17.0,0.53,15.0,0.55,80.0,0.56,85.0,0.45,75.0,0.44,85.0,0.5,3.18,0.51,15.0,0.01,0.05,2332.821594,1776393704000
1776393705.984,105.984,0.58,45.09,0.57,54.75,0.59,8.39,0.6,5.0,0.45,75.0,0.44,85.0,0.46,22.0,0.47,15.0,0.01,0.01,2332.802422,1776393705000
1776393706.988,106.988,0.6,5.0,0.59,5.0,0.62,32.41,0.63,77.99,0.39,15.0,0.38,15.0,0.42,66.84,0.43,44.0,0.02,0.03,2332.802422,1776393705000
1776393707.389,107.389,0.54,12.75,0.53,18.0,0.55,90.58,0.56,20.0,0.45,10.0,0.44,10.0,0.46,7.0,0.47,18.0,0.01,0.01,2332.806116,1776393706000
1776393708.864,108.864,0.54,5.0,0.53,21.0,0.55,83.58,0.56,20.0,0.45,90.58,0.44,20.0,0.46,12.75,0.47,18.0,0.01,0.01,2332.808926,1776393707000
1776393710.782,110.782,0.54,207.06,0.53,21.0,0.55,83.58,0.56,20.0,0.45,83.58,0.44,20.0,0.46,5.0,0.47,21.0,0.01,0.01,2332.823153,1776393709000
1776393711.945,111.945,0.54,202.06,0.53,21.0,0.55,65.85,0.56,20.0,0.45,83.58,0.44,20.0,0.46,207.06,0.47,21.0,0.01,0.01,2332.828938,1776393710000
1776393713.633,113.633,0.54,195.64,0.53,21.0,0.55,65.85,0.56,20.0,0.45,65.85,0.44,20.0,0.46,202.06,0.47,21.0,0.01,0.01,2332.813987,1776393712000
1776393714.063,114.063,0.54,5.0,0.53,21.0,0.55,68.27,0.56,20.0,0.45,65.85,0.44,20.0,0.46,195.64,0.47,21.0,0.01,0.01,2332.81376,1776393713000
1776393714.452,114.452,0.54,5.0,0.53,21.0,0.55,63.08,0.56,20.0,0.45,68.27,0.44,20.0,0.46,5.0,0.47,21.0,0.01,0.01,2332.81376,1776393713000
1776393716.0,116.0,0.53,10.0,0.52,15.0,0.55,58.08,0.56,20.0,0.45,63.08,0.44,20.0,0.46,5.0,0.47,21.0,0.02,0.01,2332.834098,1776393715000
1776393721.401,121.401,0.6,174.75,0.59,103.75,0.67,4.91,0.68,10.0,0.45,58.08,0.44,20.0,0.47,10.0,0.48,15.0,0.07,0.02,2332.817024,1776393720000
1776393721.968,121.968,0.67,15.84,0.66,21.0,0.68,8.08,0.69,173.75,0.32,36.08,0.31,163.75,0.34,21.0,0.35,21.0,0.01,0.02,2332.817024,1776393720000
1776393722.834,122.834,0.67,5.84,0.66,16.0,0.68,17.08,0.69,178.75,0.32,8.08,0.31,173.75,0.33,15.84,0.34,21.0,0.01,0.01,2332.824089,1776393721000
1776393724.862,124.862,0.67,79.84,0.66,21.0,0.69,168.75,0.7,94.0,0.32,17.08,0.31,178.75,0.33,5.84,0.34,16.0,0.02,0.01,2333.12178,1776393723000
1776393726.761,126.761,0.67,74.84,0.66,21.0,0.68,2.64,0.69,160.0,0.31,168.75,0.3,94.0,0.33,79.84,0.34,21.0,0.01,0.02,2333.14003,1776393725000
1776393728.079,128.079,0.62,11.0,0.61,5.0,0.64,42.0,0.65,90.0,0.32,2.64,0.31,160.0,0.33,74.84,0.34,21.0,0.02,0.01,2333.15503,1776393726000
1776393728.583,128.583,0.58,6.0,0.57,5.0,0.59,89.96,0.6,25.0,0.36,42.0,0.35,90.0,0.38,11.0,0.39,5.0,0.01,0.02,2333.15503,1776393726000
1776393729.77,129.77,0.58,11.0,0.57,5.0,0.59,58.01,0.6,30.0,0.41,89.96,0.4,25.0,0.42,6.0,0.43,5.0,0.01,0.01,2333.17491,1776393728000
1776393730.981,130.981,0.58,57.82,0.57,15.0,0.59,8.81,0.61,15.0,0.41,58.01,0.4,30.0,0.42,11.0,0.43,5.0,0.01,0.01,2332.979365,1776393729000
1776393732.222,132.222,0.56,8.82,0.55,15.0,0.59,62.0,0.6,25.0,0.41,8.81,0.39,15.0,0.42,57.82,0.43,15.0,0.03,0.01,2332.958043,1776393730000
1776393732.81,132.81,0.56,100.33,0.55,20.0,0.57,50.24,0.58,25.0,0.41,62.0,0.4,25.0,0.44,8.82,0.45,15.0,0.01,0.03,2332.925547,1776393731000
1776393733.584,133.584,0.56,116.09,0.55,20.0,0.57,0.52,0.58,10.0,0.43,37.24,0.42,25.0,0.44,95.33,0.45,20.0,0.01,0.01,2332.922716,1776393732000
1776393733.878,133.878,0.57,22.67,0.56,106.09,0.58,50.1,0.59,45.0,0.42,50.1,0.41,45.0,0.43,20.0,0.44,106.09,0.01,0.01,2332.922716,1776393732000
1776393735.037,135.037,0.56,5.76,0.55,15.0,0.57,32.61,0.58,58.1,0.42,50.1,0.41,45.0,0.43,22.67,0.44,106.09,0.01,0.01,2332.905435,1776393733000
1776393735.5,135.5,0.56,0.76,0.55,5.0,0.57,37.61,0.58,63.1,0.43,32.61,0.42,58.1,0.44,5.76,0.45,15.0,0.01,0.01,2332.908788,1776393734000
1776393735.762,135.762,0.52,6.0,0.5,5.0,0.57,76.61,0.58,198.1,0.43,37.61,0.42,63.1,0.44,0.76,0.45,5.0,0.05,0.01,2332.908788,1776393734000
1776393736.57,136.57,0.5,13.5,0.49,33.0,0.51,35.76,0.52,10.0,0.43,76.61,0.42,198.1,0.5,2.5,0.51,22.0,0.01,0.07,2332.91044,1776393735000
1776393740.748,140.748,0.5,18.5,0.49,20.0,0.51,20.77,0.52,15.0,0.49,35.76,0.48,10.0,0.5,13.5,0.51,33.0,0.01,0.01,2332.638842,1776393739000
1776393744.115,144.115,0.49,15.63,0.48,30.0,0.51,20.77,0.52,15.0,0.49,20.77,0.48,15.0,0.5,18.5,0.51,20.0,0.02,0.01,2332.633912,1776393742000
1776393744.663,144.663,0.46,21.0,0.45,20.0,0.47,12.0,0.48,155.0,0.49,20.77,0.48,15.0,0.51,15.63,0.52,30.0,0.01,0.02,2332.604983,1776393743000
1776393745.061,145.061,0.46,21.0,0.45,20.0,0.48,160.0,0.49,20.0,0.53,12.0,0.52,155.0,0.54,21.0,0.55,20.0,0.02,0.01,2332.604983,1776393743000
1776393745.412,145.412,0.47,9.9,0.46,21.0,0.48,195.0,0.49,20.0,0.52,160.0,0.51,20.0,0.54,21.0,0.55,20.0,0.01,0.02,2332.604983,1776393744000
1776393745.655,145.655,0.47,9.9,0.46,16.0,0.48,197.7,0.49,20.0,0.52,195.0,0.51,20.0,0.53,9.9,0.54,21.0,0.01,0.01,2332.604983,1776393744000
1776393746.121,146.121,0.47,3.0,0.45,5.0,0.48,161.23,0.49,30.43,0.52,193.24,0.51,20.0,0.53,9.9,0.54,16.0,0.01,0.01,2332.543656,1776393745000
1776393746.452,146.452,0.4,30.66,0.39,15.0,0.41,130.0,0.42,115.0,0.59,118.0,0.58,122.0,0.6,35.66,0.61,15.0,0.01,0.01,2332.543656,1776393745000
1776393747.419,147.419,0.4,89.0,0.39,25.0,0.41,80.12,0.42,145.0,0.59,130.0,0.58,115.0,0.6,30.66,0.61,15.0,0.01,0.01,2332.493174,1776393746000
1776393748.36,148.36,0.4,94.0,0.39,25.0,0.41,77.68,0.42,145.0,0.59,80.12,0.58,145.0,0.6,89.0,0.61,25.0,0.01,0.01,2332.478067,1776393747000
1776393748.917,148.917,0.4,99.0,0.39,25.0,0.41,79.36,0.42,145.0,0.59,77.68,0.58,145.0,0.6,94.0,0.61,25.0,0.01,0.01,2332.327192,1776393748000
1776393751.327,151.327,0.4,167.0,0.39,30.0,0.41,52.36,0.42,135.0,0.59,79.36,0.58,145.0,0.6,99.0,0.61,25.0,0.01,0.01,2332.346436,1776393750000
1776393752.531,152.531,0.4,192.0,0.39,30.0,0.41,49.7,0.42,135.0,0.59,52.36,0.58,135.0,0.6,167.0,0.61,30.0,0.01,0.01,2332.319128,1776393751000
1776393755.053,155.053,0.4,119.0,0.39,30.0,0.41,49.7,0.42,135.0,0.59,49.7,0.58,135.0,0.6,192.0,0.61,30.0,0.01,0.01,2332.319015,1776393753000
1776393759.923,159.923,0.4,17.33,0.39,30.0,0.41,83.7,0.42,145.0,0.59,49.7,0.58,135.0,0.6,119.0,0.61,30.0,0.01,0.01,2332.319015,1776393753000
1776393763.187,163.187,0.4,0.26,0.39,38.0,0.41,98.7,0.42,145.0,0.59,83.7,0.58,145.0,0.6,17.33,0.61,30.0,0.01,0.01,2332.302862,1776393762000
1776393763.834,163.834,0.4,24.31,0.39,38.0,0.41,79.26,0.42,150.0,0.59,98.7,0.58,145.0,0.6,0.26,0.61,38.0,0.01,0.01,2332.302862,1776393762000
1776393764.674,164.674,0.4,29.31,0.39,38.0,0.41,66.69,0.42,145.0,0.59,71.57,0.58,150.0,0.6,24.31,0.61,38.0,0.01,0.01,2332.302862,1776393762000
1776393765.677,165.677,0.4,15.0,0.39,28.0,0.41,81.25,0.42,150.0,0.59,66.69,0.58,145.0,0.6,29.31,0.61,38.0,0.01,0.01,2332.302588,1776393764000
1776393766.354,166.354,0.4,10.0,0.39,18.0,0.41,73.15,0.42,220.0,0.59,81.25,0.58,150.0,0.6,15.0,0.61,28.0,0.01,0.01,2332.302645,1776393765000
1776393766.724,166.724,0.4,5.0,0.39,17.0,0.41,83.15,0.42,220.0,0.59,73.15,0.58,220.0,0.6,10.0,0.61,18.0,0.01,0.01,2332.302645,1776393765000
1776393769.949,169.949,0.4,10.0,0.39,27.0,0.41,70.66,0.42,215.0,0.59,83.15,0.58,220.0,0.6,5.0,0.61,17.0,0.01,0.01,2332.301694,1776393768000
1776393772.936,172.936,0.4,5.5,0.39,15.0,0.41,75.66,0.42,220.0,0.59,70.66,0.58,215.0,0.6,10.0,0.61,27.0,0.01,0.01,2332.293539,1776393771000
1776393773.651,173.651,0.4,5.0,0.39,30.48,0.41,72.14,0.42,220.0,0.59,75.66,0.58,220.0,0.6,5.5,0.61,15.0,0.01,0.01,2332.293563,1776393772000
1776393773.95,173.95,0.4,5.0,0.39,30.48,0.41,69.45,0.42,220.0,0.59,72.14,0.58,220.0,0.6,5.0,0.61,30.48,0.01,0.01,2332.293563,1776393772000
1776393776.575,176.575,0.4,10.0,0.39,27.82,0.41,62.01,0.42,220.0,0.59,69.45,0.58,220.0,0.6,5.0,0.61,30.48,0.01,0.01,2332.287268,1776393775000
1776393778.286,178.286,0.4,10.0,0.39,5.0,0.41,67.01,0.42,220.0,0.59,62.01,0.58,220.0,0.6,10.0,0.61,27.82,0.01,0.01,2332.286203,1776393776000
1776393780.763,180.763,0.4,5.0,0.39,20.0,0.41,89.57,0.42,290.99,0.59,67.01,0.58,220.0,0.6,10.0,0.61,5.0,0.01,0.01,2332.286036,1776393779000
1776393781.292,181.292,0.39,18.36,0.38,25.0,0.41,89.57,0.42,220.99,0.59,89.57,0.58,220.99,0.61,20.0,0.62,25.0,0.02,0.02,2332.286309,1776393780000
1776393784.354,184.354,0.39,18.36,0.38,25.0,0.4,67.0,0.41,65.57,0.59,89.57,0.58,220.99,0.61,18.36,0.62,25.0,0.01,0.02,2332.28493,1776393782000
1776393784.75,184.75,0.39,18.36,0.38,25.0,0.4,57.0,0.41,55.57,0.6,67.0,0.59,65.57,0.61,18.36,0.62,25.0,0.01,0.01,2332.280858,1776393783000
1776393784.957,184.957,0.38,10.36,0.37,92.0,0.4,57.0,0.41,65.57,0.6,57.0,0.59,55.57,0.61,18.36,0.62,25.0,0.02,0.01,2332.280858,1776393783000
1776393785.408,185.408,0.39,15.0,0.38,10.0,0.4,7.0,0.41,65.57,0.6,57.0,0.59,65.57,0.62,10.36,0.63,92.0,0.01,0.02,2332.279358,1776393784000
1776393786.888,186.888,0.39,15.0,0.38,51.46,0.4,39.0,0.41,73.12,0.6,7.0,0.59,65.57,0.61,15.0,0.62,10.0,0.01,0.01,2332.282241,1776393785000
1776393787.331,187.331,0.39,13.03,0.38,51.46,0.4,37.0,0.41,73.12,0.6,39.0,0.59,73.12,0.61,15.0,0.62,51.46,0.01,0.01,2332.278524,1776393786000
1776393788.977,188.977,0.39,3.03,0.38,56.46,0.4,27.0,0.41,73.12,0.6,37.0,0.59,73.12,0.61,13.03,0.62,51.46,0.01,0.01,2332.280171,1776393787000
1776393791.055,191.055,0.39,37.15,0.38,15.0,0.41,128.19,0.42,327.84,0.6,27.0,0.59,73.12,0.61,3.03,0.62,56.46,0.02,0.01,2332.286282,1776393789000
1776393794.802,194.802,0.37,2.03,0.36,70.0,0.41,165.62,0.42,402.84,0.59,128.19,0.58,327.84,0.61,37.15,0.62,15.0,0.04,0.02,2332.273895,1776393793000
1776393796.01,196.01,0.37,18.67,0.36,70.0,0.39,20.0,0.4,15.0,0.59,165.62,0.58,402.84,0.63,2.03,0.64,70.0,0.02,0.04,2332.273694,1776393794000
1776393798.539,198.539,0.25,5.0,0.24,10.0,0.35,20.0,0.36,227.56,0.61,20.0,0.6,15.0,0.63,18.67,0.64,70.0,0.1,0.02,2332.281045,1776393797000
1776393798.744,198.744,0.2,8.0,0.18,5.0,0.24,5.1,0.25,284.99,0.74,10.0,0.73,90.0,0.76,4.9,0.8,13.0,0.04,0.02,2332.281045,1776393797000
1776393799.006,199.006,0.16,48.0,0.15,33.2,0.19,152.99,0.2,34.0,0.76,5.1,0.75,284.99,0.8,8.0,0.82,5.0,0.03,0.04,2332.281045,1776393797000
1776393799.293,199.293,0.16,57.0,0.15,38.2,0.17,89.0,0.18,10.0,0.81,169.99,0.8,34.0,0.84,21.0,0.85,33.2,0.01,0.03,2332.281045,1776393797000
1776393799.685,199.685,0.16,156.8,0.15,38.2,0.19,23.0,0.2,15.0,0.83,89.0,0.82,10.0,0.84,57.0,0.85,38.2,0.03,0.01,2332.277809,1776393798000
1776393800.062,200.062,0.18,101.0,0.17,154.0,0.19,4.21,0.2,89.99,0.81,23.0,0.8,15.0,0.84,156.8,0.85,38.2,0.01,0.03,2332.277809,1776393798000
1776393801.45,201.45,0.18,51.0,0.17,154.0,0.19,52.89,0.2,21.0,0.81,79.21,0.8,89.99,0.82,41.0,0.83,154.0,0.01,0.01,2331.946395,1776393800000
1776393801.685,201.685,0.18,48.6,0.17,154.0,0.19,62.89,0.2,21.0,0.81,52.89,0.8,21.0,0.82,51.0,0.83,154.0,0.01,0.01,2331.946395,1776393800000
1776393802.194,202.194,0.18,51.0,0.17,164.0,0.19,52.36,0.2,21.0,0.81,62.89,0.8,21.0,0.82,48.6,0.83,154.0,0.01,0.01,2331.700819,1776393801000
1776393802.588,202.588,0.18,111.0,0.17,164.0,0.19,7.77,0.2,21.0,0.81,52.36,0.8,21.0,0.82,51.0,0.83,164.0,0.01,0.01,2331.700819,1776393801000
1776393803.401,203.401,0.19,31.17,0.18,116.75,0.2,11.0,0.21,5.0,0.81,7.77,0.8,21.0,0.82,106.75,0.83,164.0,0.01,0.01,2331.69073,1776393802000
1776393803.983,203.983,0.29,99.28,0.26,80.0,0.3,10.0,0.31,15.0,0.65,6.9,0.64,50.0,0.74,70.0,0.79,23.8,0.01,0.09,2331.69073,1776393802000
1776393804.187,204.187,0.29,41.28,0.28,5.0,0.3,15.0,0.31,10.0,0.7,10.0,0.69,15.0,0.71,99.28,0.74,80.0,0.01,0.01,2331.690985,1776393803000
1776393804.452,204.452,0.29,23.28,0.25,30.0,0.3,20.33,0.31,95.0,0.7,15.0,0.69,10.0,0.71,41.28,0.72,5.0,0.01,0.01,2331.690985,1776393803000
1776393805.12,205.12,0.26,63.0,0.24,25.0,0.27,27.0,0.28,95.0,0.7,71.76,0.69,95.0,0.71,21.87,0.74,5.0,0.01,0.01,2331.690985,1776393803000
1776393809.422,209.422,0.26,58.0,0.24,25.0,0.27,47.55,0.28,106.0,0.73,27.0,0.72,95.0,0.74,63.0,0.76,25.0,0.01,0.01,2331.860039,1776393808000
1776393811.82,211.82,0.24,18.0,0.22,30.0,0.25,145.0,0.26,35.76,0.73,47.55,0.72,106.0,0.74,58.0,0.76,25.0,0.01,0.01,2331.869169,1776393810000
1776393812.823,212.823,0.24,1.02,0.18,30.0,0.25,163.2,0.26,85.76,0.75,129.0,0.74,35.76,0.76,6.24,0.78,30.0,0.01,0.01,2331.856385,1776393811000
1776393813.762,213.762,0.16,105.8,0.15,28.2,0.18,135.0,0.19,33.0,0.75,163.2,0.74,85.76,0.82,30.0,0.83,25.5,0.02,0.07,2331.853825,1776393812000
1776393814.023,214.023,0.16,123.8,0.15,28.2,0.17,60.0,0.18,78.0,0.82,135.0,0.81,33.0,0.84,105.8,0.85,28.2,0.01,0.02,2331.853825,1776393812000
1776393814.885,214.885,0.16,116.8,0.15,28.2,0.17,118.0,0.18,78.0,0.83,60.0,0.82,78.0,0.84,123.8,0.85,28.2,0.01,0.01,2331.856375,1776393813000
1776393815.477,215.477,0.16,95.0,0.15,28.2,0.17,94.0,0.18,71.0,0.83,116.0,0.82,78.0,0.84,116.8,0.85,28.2,0.01,0.01,2331.753379,1776393814000
1776393818.178,218.178,0.16,12.0,0.15,39.2,0.17,77.0,0.18,66.0,0.83,94.0,0.82,71.0,0.84,95.0,0.85,28.2,0.01,0.01,2331.711045,1776393816000
1776393818.383,218.383,0.14,7.0,0.12,39.19,0.17,171.0,0.18,141.0,0.83,77.0,0.82,66.0,0.84,12.0,0.85,39.2,0.03,0.01,2331.668772,1776393817000
1776393818.762,218.762,0.12,5.09,0.11,36.79,0.14,8.74,0.15,106.0,0.85,10.0,0.84,15.0,0.86,1.26,0.88,39.19,0.02,0.01,2331.668772,1776393817000
1776393819.019,219.019,0.12,20.9,0.11,36.79,0.13,61.0,0.14,23.74,0.87,10.0,0.86,18.74,0.88,3.04,0.89,36.79,0.01,0.01,2331.668772,1776393817000
1776393819.555,219.555,0.12,98.0,0.11,36.79,0.14,18.74,0.15,50.0,0.87,61.0,0.86,23.74,0.88,20.9,0.89,36.79,0.02,0.01,2331.728839,1776393818000
1776393819.947,219.947,0.13,9.0,0.12,93.0,0.14,18.74,0.15,50.0,0.87,10.0,0.86,18.74,0.88,93.0,0.89,36.79,0.01,0.01,2331.728839,1776393818000
1776393820.795,220.795,0.13,71.0,0.11,46.79,0.14,4.45,0.15,50.0,0.86,18.74,0.85,50.0,0.87,9.0,0.88,93.0,0.01,0.01,2331.666133,1776393819000
1776393821.668,221.668,0.13,8.0,0.11,19.0,0.14,155.45,0.15,67.0,0.86,4.45,0.85,50.0,0.87,71.0,0.89,46.79,0.01,0.01,2331.63159,1776393820000
1776393823.589,223.589,0.1,96.0,0.09,16.0,0.11,17.72,0.12,101.68,0.86,160.45,0.85,62.0,0.89,7.76,0.9,120.0,0.01,0.03,2331.630529,1776393821000
1776393825.287,225.287,0.1,108.0,0.09,71.0,0.11,10.0,0.12,70.68,0.89,17.72,0.88,101.68,0.9,96.0,0.91,16.0,0.01,0.01,2331.42935,1776393823000
1776393826.789,226.789,0.1,96.88,0.09,27.0,0.11,10.0,0.12,70.68,0.89,10.0,0.88,70.68,0.9,103.0,0.91,71.0,0.01,0.01,2331.381354,1776393825000
1776393827.161,227.161,0.11,94.0,0.1,196.88,0.12,10.68,0.13,10.0,0.89,10.0,0.88,70.68,0.9,96.88,0.91,27.0,0.01,0.01,2331.381354,1776393825000
1776393830.397,230.397,0.15,5.0,0.13,10.0,0.16,27.57,0.17,25.0,0.87,9.0,0.86,10.0,0.89,95.0,0.9,196.88,0.01,0.02,2331.436,1776393828000
1776393831.112,231.112,0.11,40.85,0.1,336.88,0.14,10.0,0.15,10.0,0.84,27.57,0.83,25.0,0.85,5.0,0.87,10.0,0.03,0.01,2331.451545,1776393829000
1776393832.39,232.39,0.12,24.86,0.11,40.85,0.13,10.0,0.14,10.0,0.86,10.0,0.85,10.0,0.89,40.85,0.9,336.88,0.01,0.03,2331.555336,1776393830000
1776393833.185,233.185,0.16,46.0,0.15,30.0,0.17,29.0,0.18,24.0,0.87,10.0,0.86,10.0,0.88,24.86,0.89,40.85,0.01,0.01,2331.52867,1776393831000
1776393833.75,233.75,0.16,37.0,0.15,10.0,0.17,11.0,0.18,24.0,0.83,29.0,0.82,24.0,0.84,46.0,0.85,30.0,0.01,0.01,2331.54592,1776393832000
1776393834.273,234.273,0.15,15.0,0.14,80.0,0.18,24.0,0.19,16.17,0.83,11.0,0.82,24.0,0.84,37.0,0.85,10.0,0.03,0.01,2331.54487,1776393833000
1776393835.131,235.131,0.15,42.0,0.14,119.9,0.16,12.0,0.17,24.0,0.82,24.0,0.81,16.17,0.85,15.0,0.86,80.0,0.01,0.03,2331.54487,1776393833000
1776393835.459,235.459,0.15,37.0,0.14,119.9,0.21,41.74,0.23,80.0,0.84,12.0,0.83,24.0,0.85,42.0,0.86,119.9,0.06,0.01,2331.54487,1776393833000
1776393835.96,235.96,0.17,23.81,0.16,10.0,0.18,28.0,0.19,21.0,0.79,41.74,0.77,80.0,0.85,37.0,0.86,119.9,0.01,0.06,2331.61205,1776393834000
1776393836.403,236.403,0.16,9.25,0.15,10.0,0.17,10.0,0.18,10.0,0.82,28.0,0.81,21.0,0.83,23.81,0.84,10.0,0.01,0.01,2331.621778,1776393835000
1776393837.775,237.775,0.14,55.79,0.13,41.8,0.17,10.0,0.18,10.0,0.83,10.0,0.82,10.0,0.84,9.25,0.85,10.0,0.03,0.01,2331.64823,1776393836000
1776393840.229,240.229,0.11,40.41,0.1,250.0,0.12,10.0,0.13,15.0,0.83,10.0,0.82,10.0,0.86,55.79,0.87,41.8,0.01,0.03,2331.722497,1776393839000
1776393840.629,240.629,0.11,48.16,0.1,250.0,0.12,10.0,0.13,15.0,0.88,10.0,0.87,15.0,0.89,40.41,0.9,250.0,0.01,0.01,2331.722497,1776393839000
1776393841.161,241.161,0.11,6.81,0.1,250.0,0.12,5.4,0.13,15.0,0.88,5.4,0.87,15.0,0.89,42.87,0.9,250.0,0.01,0.01,2331.722497,1776393839000
1776393845.047,245.047,0.1,69.0,0.09,55.0,0.12,10.4,0.13,15.0,0.88,5.4,0.87,15.0,0.89,6.81,0.9,250.0,0.02,0.01,2331.576717,1776393843000
1776393846.853,246.853,0.08,12.0,0.07,25.0,0.1,34.0,0.11,154.0,0.88,10.4,0.87,15.0,0.9,69.0,0.91,55.0,0.02,0.02,2331.574501,1776393845000
1776393847.094,247.094,0.07,3.95,0.06,37.0,0.08,67.0,0.09,145.0,0.91,80.0,0.9,134.0,0.93,4.05,0.94,37.0,0.01,0.02,2331.574501,1776393845000
1776393847.628,247.628,0.05,95.0,0.04,186.0,0.06,79.05,0.07,92.0,0.94,9.05,0.92,72.0,0.95,36.0,0.96,163.8,0.01,0.01,2331.574501,1776393845000
1776393848.245,248.245,0.04,64.0,0.03,152.0,0.05,82.0,0.06,90.05,0.94,84.05,0.93,92.0,0.95,82.0,0.96,186.0,0.01,0.01,2331.579214,1776393846000
1776393848.546,248.546,0.04,35.01,0.03,152.0,0.05,148.68,0.06,100.05,0.95,165.68,0.94,100.05,0.96,45.43,0.97,319.0,0.01,0.01,2331.579008,1776393847000
1776393849.27,249.27,0.04,9.07,0.03,152.0,0.05,166.23,0.06,90.05,0.95,153.68,0.94,100.05,0.96,10.12,0.97,152.0,0.01,0.01,2331.579008,1776393847000
1776393849.622,249.622,0.04,3.07,0.03,152.0,0.05,178.23,0.06,90.05,0.95,166.23,0.94,90.05,0.96,9.07,0.97,152.0,0.01,0.01,2331.579008,1776393847000
1776393850.665,250.665,0.03,146.99,0.02,275.11,0.05,161.23,0.06,90.05,0.95,178.23,0.94,90.05,0.96,3.07,0.97,152.0,0.02,0.01,2330.885814,1776393849000
1776393850.938,250.938,0.03,130.99,0.02,275.11,0.04,23.64,0.05,146.23,0.95,161.23,0.94,90.05,0.97,146.99,0.98,275.11,0.01,0.02,2330.885814,1776393849000
1776393851.197,251.197,0.03,55.99,0.02,275.11,0.04,23.64,0.05,141.23,0.96,23.64,0.95,146.23,0.97,130.99,0.98,275.11,0.01,0.01,2330.885814,1776393849000
1776393851.801,251.801,0.03,45.68,0.02,275.11,0.04,28.64,0.05,185.12,0.96,23.64,0.95,141.23,0.97,55.99,0.98,275.11,0.01,0.01,2330.885814,1776393849000
1776393852.792,252.792,0.03,40.53,0.02,275.11,0.04,28.64,0.05,197.12,0.96,28.64,0.95,185.12,0.97,45.68,0.98,275.11,0.01,0.01,2330.754684,1776393851000
1776393854.708,254.708,0.03,38.47,0.02,275.11,0.04,184.34,0.05,262.92,0.96,28.64,0.95,197.12,0.97,40.53,0.98,275.11,0.01,0.01,2330.750229,1776393852000
1776393857.188,257.188,0.03,36.4,0.02,325.11,0.04,273.34,0.05,292.92,0.96,184.34,0.95,262.92,0.97,38.47,0.98,275.11,0.01,0.01,2330.74432,1776393855000
1776393858.37,258.37,0.03,31.24,0.02,325.11,0.04,287.34,0.05,262.92,0.96,273.34,0.95,292.92,0.97,36.4,0.98,325.11,0.01,0.01,2330.73825,1776393856000
1776393858.895,258.895,0.01,1192.77,,,0.04,308.34,0.05,262.92,0.96,292.34,0.95,262.92,0.97,20.92,0.98,325.11,0.03,0.01,2330.733549,1776393857000
1776393859.211,259.211,0.01,1187.77,,,0.02,140.1,0.03,56.33,0.96,308.34,0.95,262.92,0.99,1192.77,,,0.01,0.03,2330.733549,1776393857000
1776393859.776,259.776,0.01,1147.37,,,0.02,243.32,0.03,180.03,0.98,145.1,0.97,56.33,0.99,1147.37,,,0.01,0.01,2330.638247,1776393858000
1776393860.106,260.106,0.01,1137.26,,,0.02,514.36,0.03,180.03,0.98,424.36,0.97,180.03,0.99,1147.37,,,0.01,0.01,2330.638247,1776393858000
1776393861.057,261.057,0.01,1132.26,,,0.02,509.36,0.03,180.03,0.98,514.36,0.97,180.03,0.99,1137.26,,,0.01,0.01,2330.600226,1776393860000
1776393862.352,262.352,0.01,1025.23,,,0.02,319.26,0.03,173.85,0.98,509.36,0.97,180.03,0.99,1127.26,,,0.01,0.01,2330.600226,1776393860000
1776393864.566,264.566,0.01,1024.21,,,0.02,440.67,0.03,206.85,0.98,319.26,0.97,173.85,0.99,1025.23,,,0.01,0.01,2330.603959,1776393863000
1776393864.797,264.797,0.01,1022.74,,,0.02,440.67,0.03,219.85,0.98,440.67,0.97,206.85,0.99,1024.21,,,0.01,0.01,2330.603959,1776393863000
1776393865.487,265.487,0.01,1021.72,,,0.02,325.57,0.03,219.85,0.98,440.67,0.97,219.85,0.99,1022.74,,,0.01,0.01,2330.639479,1776393864000
1776393865.818,265.818,0.01,812.98,,,0.02,424.55,0.03,219.85,0.98,325.57,0.97,219.85,0.99,1021.72,,,0.01,0.01,2330.639479,1776393864000
1776393866.094,266.094,0.01,810.98,,,0.02,424.55,0.03,219.85,0.98,424.55,0.97,219.85,0.99,812.98,,,0.01,0.01,2330.598346,1776393865000
1776393867.42,267.42,0.01,755.87,,,0.02,424.55,0.03,219.85,0.98,424.55,0.97,219.85,0.99,765.98,,,0.01,0.01,2330.598889,1776393866000
1776393870.536,270.536,0.01,750.81,,,0.02,297.45,0.03,219.85,0.98,424.55,0.97,219.85,0.99,755.87,,,0.01,0.01,2330.597207,1776393869000
1776393871.149,271.149,0.01,717.47,,,0.02,407.55,0.03,229.85,0.98,407.55,0.97,229.85,0.99,755.76,,,0.01,0.01,2330.597207,1776393869000
1776393871.423,271.423,0.01,677.47,,,0.02,412.55,0.03,219.85,0.98,407.55,0.97,229.85,0.99,717.47,,,0.01,0.01,2330.577486,1776393870000
1776393872.121,272.121,0.01,675.45,,,0.02,313.45,0.03,219.85,0.98,412.55,0.97,219.85,0.99,677.47,,,0.01,0.01,2330.577496,1776393871000
1776393873.245,273.245,0.01,635.05,,,0.02,423.55,0.03,219.85,0.98,313.45,0.97,219.85,0.99,675.45,,,0.01,0.01,2330.579266,1776393872000
1776393873.981,273.981,0.01,622.05,,,0.02,441.55,0.03,225.0,0.98,423.55,0.97,219.85,0.99,635.05,,,0.01,0.01,2330.579266,1776393872000
1776393874.258,274.258,0.01,571.54,,,0.02,441.55,0.03,225.0,0.98,441.55,0.97,225.0,0.99,622.05,,,0.01,0.01,2330.579266,1776393872000
1776393874.531,274.531,0.01,569.54,,,0.02,441.55,0.03,224.0,0.98,441.55,0.97,225.0,0.99,571.54,,,0.01,0.01,2330.557027,1776393873000
1776393876.139,276.139,0.01,478.53,,,0.02,152.85,0.03,95.15,0.98,441.55,0.97,224.0,0.99,569.54,,,0.01,0.01,2330.538303,1776393875000
1776393876.429,276.429,0.01,473.53,,,0.02,271.95,0.03,105.15,0.98,152.85,0.97,95.15,0.99,478.53,,,0.01,0.01,2330.538303,1776393875000
1776393878.389,278.389,0.01,414.48,,,0.02,276.95,0.03,95.15,0.98,271.95,0.97,105.15,0.99,473.53,,,0.01,0.01,2330.536029,1776393876000
1776393878.978,278.978,,,,,0.01,594.52,0.02,159.85,0.99,585.52,0.98,271.95,,,,,,,2330.535464,1776393878000
1776393885.593,285.593,,,,,0.01,2288.68,0.02,131.55,0.99,591.18,0.98,181.85,,,,,,,2330.527009,1776393884000
1776393892.359,292.359,,,,,0.01,934.78,0.02,99.55,0.99,2283.68,0.98,131.55,,,,,,,2331.056576,1776393891000
1776393898.426,298.426,,,,,0.01,8571.22,0.02,119.55,0.99,834.78,0.98,99.55,,,,,,,2331.061139,1776393897000

# RESULT,winner=Down,slug=eth-updown-5m-1776393600,ticks=243
