timestamp,elapsed_sec,up_bid_p1,up_bid_s1,up_bid_p2,up_bid_s2,up_ask_p1,up_ask_s1,up_ask_p2,up_ask_s2,down_bid_p1,down_bid_s1,down_bid_p2,down_bid_s2,down_ask_p1,down_ask_s1,down_ask_p2,down_ask_s2,up_spread,down_spread,eth_price,eth_oracle_ts
1776265800.888,0.888,0.5,5.0,0.4,38.0,0.51,5.0,0.53,11.38,0.49,5.0,0.47,11.38,0.5,5.0,0.6,38.0,0.01,0.01,2335.298885,1776265800000
1776265801.64,1.64,0.5,1.0,0.48,11.0,0.52,10.0,0.53,27.38,0.48,10.0,0.47,19.38,0.5,5.0,0.51,5.0,0.02,0.02,2335.298885,1776265800000
1776265801.997,1.997,0.45,11.0,0.43,11.0,0.49,5.0,0.52,5.0,0.51,5.0,0.48,5.0,0.55,11.0,0.57,11.0,0.04,0.04,2335.30436,1776265801000
1776265802.239,2.239,0.45,16.0,0.44,11.0,0.49,3.65,0.5,5.0,0.51,5.0,0.48,5.0,0.55,11.0,0.57,11.0,0.04,0.04,2335.30436,1776265801000
1776265803.006,3.006,0.45,16.0,0.44,11.0,0.49,3.65,0.5,5.0,0.51,3.65,0.5,5.0,0.55,16.0,0.56,11.0,0.04,0.04,2335.181757,1776265802000
1776265803.247,3.247,0.46,33.0,0.45,5.0,0.5,13.65,0.51,15.0,0.51,3.65,0.5,5.0,0.55,16.0,0.56,11.0,0.04,0.04,2335.181757,1776265802000
1776265803.451,3.451,0.46,33.0,0.45,5.0,0.48,2.75,0.5,25.0,0.5,13.65,0.49,15.0,0.54,33.0,0.55,5.0,0.02,0.04,2335.181757,1776265802000
1776265803.774,3.774,0.46,41.14,0.45,15.0,0.47,11.0,0.48,28.75,0.52,2.75,0.5,25.0,0.54,33.0,0.55,5.0,0.01,0.02,2335.181757,1776265802000
1776265804.195,4.195,0.46,41.14,0.45,15.0,0.47,11.0,0.48,28.75,0.53,11.0,0.52,28.75,0.54,41.14,0.55,15.0,0.01,0.01,2334.804033,1776265803000
1776265804.6,4.6,0.47,120.0,0.46,152.14,0.49,12.75,0.5,23.0,0.53,11.0,0.52,28.75,0.54,41.14,0.55,15.0,0.02,0.01,2334.804033,1776265803000
1776265805.075,5.075,0.49,114.0,0.48,124.0,0.51,115.0,0.52,116.0,0.51,12.75,0.5,23.0,0.53,120.0,0.54,152.14,0.02,0.02,2334.804033,1776265803000
1776265805.34,5.34,0.49,118.5,0.48,124.0,0.51,120.0,0.52,121.0,0.49,115.0,0.48,116.0,0.51,114.0,0.52,124.0,0.02,0.02,2334.91303,1776265804000
1776265805.604,5.604,0.5,9.8,0.49,118.5,0.51,105.0,0.52,120.0,0.49,120.0,0.48,121.0,0.51,118.5,0.52,124.0,0.01,0.02,2334.91303,1776265804000
1776265806.078,6.078,0.49,123.5,0.48,119.0,0.5,9.36,0.51,125.0,0.49,105.0,0.48,120.0,0.5,9.8,0.51,118.5,0.01,0.01,2334.91303,1776265804000
1776265806.945,6.945,0.46,21.71,0.45,123.0,0.47,135.0,0.48,125.0,0.5,9.36,0.49,125.0,0.51,123.5,0.52,119.0,0.01,0.01,2335.061685,1776265805000
1776265807.167,7.167,0.46,21.71,0.45,123.0,0.47,135.0,0.48,125.0,0.53,135.0,0.52,125.0,0.54,21.71,0.55,123.0,0.01,0.01,2335.165675,1776265806000
1776265807.475,7.475,0.46,21.71,0.45,10.0,0.47,137.87,0.48,145.0,0.53,135.0,0.52,125.0,0.54,21.71,0.55,123.0,0.01,0.01,2335.165675,1776265806000
1776265808.164,8.164,0.46,21.71,0.45,10.0,0.47,137.87,0.48,145.0,0.53,137.87,0.52,145.0,0.54,21.71,0.55,10.0,0.01,0.01,2335.209256,1776265807000
1776265808.776,8.776,0.45,104.29,0.44,110.0,0.47,135.0,0.48,122.0,0.53,178.0,0.52,163.0,0.54,8.54,0.56,100.0,0.02,0.01,2335.209256,1776265807000
1776265809.11,9.11,0.45,104.29,0.44,110.0,0.47,135.0,0.48,122.0,0.53,135.0,0.52,122.0,0.55,104.29,0.56,110.0,0.02,0.02,2334.931844,1776265808000
1776265809.464,9.464,0.45,118.38,0.44,110.0,0.46,15.0,0.47,140.0,0.53,135.0,0.52,122.0,0.55,104.29,0.56,110.0,0.01,0.02,2334.931844,1776265808000
1776265809.962,9.962,0.44,15.0,0.43,153.0,0.45,22.55,0.46,15.0,0.55,23.55,0.54,20.0,0.56,15.0,0.57,25.0,0.01,0.01,2334.931844,1776265808000
1776265810.81,10.81,0.45,123.18,0.44,125.0,0.46,15.0,0.47,30.0,0.53,102.22,0.52,122.0,0.56,15.0,0.57,148.0,0.01,0.03,2334.74136,1776265809000
1776265811.554,11.554,0.45,264.92,0.44,125.0,0.46,15.0,0.47,45.0,0.54,15.0,0.53,30.0,0.55,123.18,0.56,125.0,0.01,0.01,2334.81029,1776265810000
1776265812.1,12.1,0.45,265.82,0.44,125.0,0.46,12.82,0.47,45.0,0.54,15.0,0.53,45.0,0.55,265.82,0.56,125.0,0.01,0.01,2334.81029,1776265810000
1776265812.623,12.623,0.45,15.0,0.43,10.0,0.46,119.82,0.47,63.0,0.54,12.82,0.53,45.0,0.55,265.82,0.56,125.0,0.01,0.01,2334.82097,1776265811000
1776265813.335,13.335,0.4,252.0,0.39,154.0,0.41,13.0,0.42,20.0,0.54,119.82,0.53,63.0,0.55,15.0,0.57,10.0,0.01,0.01,2334.82097,1776265811000
1776265813.661,13.661,0.41,287.5,0.4,178.5,0.42,6.46,0.43,5.0,0.58,20.0,0.57,25.0,0.6,275.0,0.61,135.0,0.01,0.02,2334.834545,1776265812000
1776265814.62,14.62,0.42,110.0,0.41,122.0,0.44,142.5,0.45,71.0,0.57,11.0,0.56,15.5,0.58,110.5,0.59,282.5,0.02,0.01,2334.83284,1776265813000
1776265814.91,14.91,0.42,63.0,0.41,115.0,0.43,45.5,0.44,164.5,0.56,142.5,0.55,71.0,0.58,110.0,0.59,122.0,0.01,0.02,2334.83284,1776265813000
1776265815.735,15.735,0.41,17.0,0.4,66.5,0.42,35.0,0.43,167.5,0.57,45.5,0.56,164.5,0.58,63.0,0.59,115.0,0.01,0.01,2334.50745,1776265814000
1776265816.674,16.674,0.41,169.5,0.4,66.5,0.42,5.0,0.43,20.0,0.58,35.0,0.57,167.5,0.59,17.0,0.6,66.5,0.01,0.01,2334.620875,1776265815000
1776265817.199,17.199,0.42,33.6,0.41,163.5,0.43,20.0,0.44,264.5,0.57,20.0,0.56,259.5,0.59,161.5,0.6,66.5,0.01,0.02,2334.553675,1776265816000
1776265817.427,17.427,0.42,4.59,0.41,153.5,0.43,20.0,0.44,264.5,0.57,30.5,0.56,264.5,0.58,14.77,0.59,163.5,0.01,0.01,2334.553675,1776265816000
1776265817.733,17.733,0.41,17.26,0.4,81.5,0.43,35.0,0.44,269.5,0.57,20.0,0.56,264.5,0.58,4.59,0.59,153.5,0.02,0.01,2334.553675,1776265816000
1776265818.911,18.911,0.41,12.26,0.4,91.67,0.42,10.0,0.43,157.5,0.57,35.0,0.56,269.5,0.59,17.26,0.6,81.5,0.01,0.02,2334.523965,1776265817000
1776265820.331,20.331,0.41,7.76,0.4,66.67,0.42,35.0,0.43,147.5,0.58,10.0,0.57,157.5,0.59,12.26,0.6,91.67,0.01,0.01,2334.54219,1776265819000
1776265820.943,20.943,0.42,10.0,0.41,15.0,0.43,100.98,0.44,146.5,0.57,147.5,0.56,136.5,0.59,19.02,0.6,66.67,0.01,0.02,2334.54219,1776265819000
1776265821.725,21.725,0.4,51.67,0.39,103.5,0.41,40.56,0.42,285.5,0.57,116.48,0.56,146.5,0.58,5.0,0.59,25.5,0.01,0.01,2334.54259,1776265820000
1776265822.355,22.355,0.39,71.61,0.38,251.0,0.41,308.06,0.42,168.5,0.59,40.56,0.58,285.5,0.6,51.67,0.61,103.5,0.02,0.01,2334.504125,1776265821000
1776265823.007,23.007,0.45,135.5,0.44,30.5,0.46,6.59,0.48,10.5,0.59,302.93,0.58,168.5,0.61,76.61,0.62,134.0,0.01,0.02,2334.504125,1776265821000
1776265823.25,23.25,0.46,98.41,0.45,180.5,0.48,10.5,0.49,100.0,0.54,6.59,0.52,10.5,0.55,135.5,0.56,30.5,0.02,0.01,2334.504125,1776265821000
1776265823.529,23.529,0.46,107.11,0.45,170.5,0.48,15.5,0.49,105.0,0.52,10.5,0.51,100.0,0.54,98.41,0.55,180.5,0.02,0.02,2334.451994,1776265822000
1776265824.455,24.455,0.48,45.0,0.47,147.5,0.49,5.5,0.5,232.5,0.52,15.5,0.51,105.0,0.54,101.68,0.55,170.5,0.01,0.02,2334.451994,1776265822000
1776265824.67,24.67,0.48,40.0,0.47,41.5,0.49,7.43,0.5,242.5,0.51,5.5,0.5,232.5,0.52,45.0,0.53,147.5,0.01,0.01,2334.435179,1776265823000
1776265825.444,25.444,0.48,50.0,0.47,45.5,0.49,5.38,0.5,242.5,0.51,7.43,0.5,242.5,0.52,40.0,0.53,41.5,0.01,0.01,2334.661779,1776265824000
1776265826.258,26.258,0.49,49.0,0.48,45.0,0.5,247.5,0.51,127.0,0.51,5.38,0.5,242.5,0.52,50.0,0.53,45.5,0.01,0.01,2335.068328,1776265825000
1776265827.094,27.094,0.46,16.14,0.43,35.0,0.47,10.0,0.48,377.5,0.5,247.5,0.49,127.0,0.51,49.0,0.52,45.0,0.01,0.01,2335.068328,1776265825000
1776265828.318,28.318,0.39,22.03,0.38,182.5,0.4,38.58,0.41,20.0,0.6,20.5,0.59,115.0,0.61,3.96,0.62,119.0,0.01,0.01,2335.078725,1776265827000
1776265828.576,28.576,0.39,234.53,0.38,86.5,0.43,5.0,0.44,6.0,0.6,8.08,0.59,5.0,0.61,57.03,0.62,192.5,0.04,0.01,2335.078725,1776265827000
1776265828.826,28.826,0.43,18.74,0.42,65.5,0.44,10.0,0.45,20.5,0.57,5.0,0.56,6.0,0.61,234.53,0.62,86.5,0.01,0.04,2335.078725,1776265827000
1776265829.097,29.097,0.42,128.52,0.41,46.0,0.45,25.5,0.46,121.0,0.56,5.45,0.55,20.5,0.57,46.02,0.58,182.5,0.03,0.01,2335.078725,1776265827000
1776265829.394,29.394,0.42,82.43,0.41,51.0,0.45,25.5,0.46,238.0,0.55,25.5,0.54,121.0,0.58,128.52,0.59,46.0,0.03,0.03,2334.08021,1776265828000
1776265829.768,29.768,0.44,4.91,0.42,25.0,0.45,176.5,0.46,143.0,0.55,25.5,0.54,238.0,0.58,82.43,0.59,51.0,0.01,0.03,2334.08021,1776265828000
1776265830.422,30.422,0.42,15.0,0.41,40.0,0.45,206.5,0.46,143.0,0.55,176.5,0.54,143.0,0.56,4.91,0.58,25.0,0.03,0.01,2334.130368,1776265829000
1776265831.359,31.359,0.41,10.0,0.4,55.5,0.42,37.61,0.43,30.5,0.55,206.5,0.54,143.0,0.58,15.0,0.59,40.0,0.01,0.03,2334.386388,1776265830000
1776265833.239,33.239,0.39,75.69,0.38,138.65,0.4,71.0,0.41,187.11,0.58,37.61,0.57,30.5,0.59,10.0,0.6,55.5,0.01,0.01,2334.410511,1776265832000
1776265834.661,34.661,0.39,51.76,0.38,115.5,0.4,74.08,0.41,187.11,0.6,71.0,0.59,187.11,0.61,75.69,0.62,138.65,0.01,0.01,2334.290021,1776265833000
1776265835.302,35.302,0.39,5.07,0.38,75.0,0.4,146.19,0.41,171.11,0.6,74.08,0.59,187.11,0.61,51.76,0.62,115.5,0.01,0.01,2334.1927,1776265834000
1776265835.77,35.77,0.38,5.0,0.36,169.39,0.39,84.69,0.4,127.18,0.6,151.19,0.59,171.11,0.62,75.0,0.63,25.0,0.01,0.02,2334.1927,1776265834000
1776265836.621,36.621,0.37,46.5,0.36,296.39,0.38,21.36,0.39,26.69,0.61,90.19,0.6,132.18,0.63,5.0,0.64,164.39,0.01,0.02,2334.1927,1776265835000
1776265838.522,38.522,0.37,33.87,0.36,317.39,0.38,34.42,0.39,173.19,0.62,21.36,0.61,26.69,0.63,46.5,0.64,296.39,0.01,0.01,2334.07202,1776265837000
1776265838.722,38.722,0.37,259.5,0.36,211.39,0.39,44.5,0.4,18.08,0.62,34.42,0.61,173.19,0.63,33.87,0.64,317.39,0.02,0.01,2334.07202,1776265837000
1776265838.955,38.955,0.38,376.5,0.37,114.5,0.39,26.5,0.4,8.08,0.61,44.5,0.6,18.08,0.63,247.84,0.64,236.39,0.01,0.02,2334.07202,1776265837000
1776265844.878,44.878,0.41,30.0,0.4,33.0,0.45,255.11,0.46,160.11,0.58,20.0,0.57,10.0,0.61,50.5,0.62,380.5,0.04,0.03,2334.83337,1776265843000
1776265845.413,45.413,0.44,26.07,0.43,47.5,0.45,9.0,0.46,152.0,0.55,255.11,0.54,160.11,0.59,30.0,0.6,33.0,0.01,0.04,2334.82342,1776265844000
1776265845.709,45.709,0.44,24.46,0.43,47.5,0.45,24.0,0.46,157.0,0.55,19.0,0.54,172.5,0.56,28.99,0.57,47.5,0.01,0.01,2334.82342,1776265844000
1776265846.371,46.371,0.44,22.0,0.43,47.5,0.46,152.0,0.47,100.5,0.55,24.0,0.54,157.0,0.56,24.46,0.57,47.5,0.02,0.01,2334.776619,1776265845000
1776265847.142,47.142,0.43,15.0,0.42,53.5,0.44,31.99,0.45,154.5,0.54,152.0,0.53,100.5,0.56,22.0,0.57,47.5,0.01,0.02,2334.776619,1776265845000
1776265847.684,47.684,0.41,62.3,0.4,105.03,0.42,41.0,0.43,49.0,0.56,31.99,0.55,154.5,0.57,15.0,0.58,53.5,0.01,0.01,2334.776619,1776265845000
1776265849.295,49.295,0.4,76.03,0.39,252.5,0.41,60.0,0.42,50.0,0.58,80.96,0.57,166.0,0.59,54.0,0.6,115.03,0.01,0.01,2334.661556,1776265848000
1776265851.186,51.186,0.4,51.03,0.39,145.5,0.42,17.0,0.43,149.0,0.59,60.0,0.58,50.0,0.6,76.03,0.61,252.5,0.02,0.01,2334.620307,1776265849000
1776265852.703,52.703,0.41,26.0,0.4,40.5,0.42,192.0,0.43,42.0,0.58,17.0,0.57,149.0,0.6,51.03,0.61,145.5,0.01,0.02,2334.594494,1776265851000
1776265853.431,53.431,0.41,1.0,0.4,50.5,0.42,164.0,0.43,32.0,0.58,192.0,0.57,42.0,0.59,26.0,0.6,40.5,0.01,0.01,2334.563308,1776265852000
1776265855.184,55.184,0.41,17.19,0.4,61.5,0.42,178.19,0.43,42.0,0.58,145.19,0.57,32.0,0.6,51.5,0.61,114.5,0.01,0.02,2334.61275,1776265853000
1776265856.728,56.728,0.41,57.19,0.4,75.0,0.42,181.04,0.43,48.11,0.58,178.19,0.57,42.0,0.59,17.19,0.6,61.5,0.01,0.01,2334.60285,1776265855000
1776265857.65,57.65,0.38,2.07,0.37,130.0,0.4,45.5,0.41,25.5,0.58,181.04,0.57,48.11,0.59,57.19,0.6,75.0,0.02,0.01,2334.583023,1776265856000
1776265858.728,58.728,0.39,101.88,0.38,55.0,0.4,191.58,0.41,152.2,0.6,35.0,0.59,147.5,0.61,8.81,0.62,50.0,0.01,0.01,2334.5543,1776265857000
1776265860.277,60.277,0.39,264.88,0.38,126.5,0.4,8.08,0.41,10.0,0.6,191.58,0.59,152.2,0.61,101.88,0.62,55.0,0.01,0.01,2334.303123,1776265859000
1776265860.632,60.632,0.4,62.17,0.39,134.88,0.41,4.63,0.42,25.0,0.59,4.63,0.58,25.5,0.6,20.0,0.61,144.88,0.01,0.01,2334.303123,1776265859000
1776265860.851,60.851,0.41,25.0,0.4,95.5,0.42,18.38,0.43,194.0,0.58,30.0,0.57,194.0,0.6,85.17,0.61,134.88,0.01,0.02,2334.303123,1776265859000
1776265861.059,61.059,0.4,95.5,0.39,111.07,0.42,29.38,0.43,194.0,0.58,18.38,0.57,194.0,0.59,25.0,0.6,95.5,0.02,0.01,2334.310458,1776265860000
1776265862.749,62.749,0.44,131.0,0.43,242.5,0.46,15.0,0.47,292.5,0.58,26.99,0.57,194.0,0.59,10.0,0.6,96.5,0.02,0.01,2334.46967,1776265861000
1776265864.279,64.279,0.45,128.18,0.44,126.0,0.46,15.0,0.47,170.0,0.54,15.0,0.53,292.5,0.56,131.0,0.57,242.5,0.01,0.02,2334.85177,1776265863000
1776265865.292,65.292,0.45,125.88,0.44,136.5,0.46,5.0,0.47,155.0,0.54,5.0,0.53,307.5,0.55,112.07,0.56,136.5,0.01,0.01,2334.889982,1776265864000
1776265866.138,66.138,0.45,109.88,0.44,253.5,0.46,5.0,0.48,75.5,0.54,5.0,0.53,155.0,0.55,125.88,0.56,136.5,0.01,0.01,2334.889982,1776265864000
1776265868.508,68.508,0.45,430.38,0.44,136.5,0.48,20.0,0.49,100.0,0.54,5.0,0.52,75.5,0.55,109.88,0.56,253.5,0.03,0.01,2334.957883,1776265866000
1776265869.165,69.165,0.52,12.72,0.51,80.5,0.53,11.38,0.54,25.0,0.52,20.0,0.51,100.0,0.55,430.38,0.56,136.5,0.01,0.03,2335.018251,1776265867000
1776265869.74,69.74,0.54,43.66,0.53,50.0,0.55,227.0,0.57,160.0,0.46,25.0,0.45,100.0,0.48,33.68,0.49,75.5,0.01,0.02,2335.018251,1776265867000
1776265870.46,70.46,0.54,25.0,0.53,105.0,0.55,177.0,0.56,13.0,0.45,242.5,0.44,10.5,0.47,50.0,0.48,38.68,0.01,0.02,2335.048678,1776265868000
1776265871.197,71.197,0.59,10.0,0.58,20.0,0.6,96.95,0.61,125.0,0.45,177.0,0.44,13.0,0.46,25.0,0.47,105.0,0.01,0.01,2335.22,1776265869000
1776265871.655,71.655,0.59,20.0,0.58,20.0,0.6,218.95,0.61,135.5,0.4,96.95,0.39,125.0,0.41,10.0,0.42,20.0,0.01,0.01,2335.22,1776265869000
1776265872.391,72.391,0.6,15.0,0.59,15.0,0.61,5.0,0.62,236.82,0.4,211.53,0.39,135.5,0.41,20.0,0.42,20.0,0.01,0.01,2335.582116,1776265870000
1776265873.273,73.273,0.59,10.0,0.58,10.0,0.6,161.83,0.61,69.5,0.39,5.0,0.38,236.82,0.4,15.0,0.41,15.0,0.01,0.01,2335.730725,1776265871000
1776265873.895,73.895,0.59,75.0,0.58,76.0,0.6,161.83,0.61,91.11,0.4,161.83,0.39,69.5,0.41,10.0,0.42,10.0,0.01,0.01,2336.048763,1776265872000
1776265874.148,74.148,0.59,52.68,0.58,76.0,0.6,176.83,0.61,141.11,0.4,166.83,0.39,91.11,0.41,60.0,0.42,76.0,0.01,0.01,2336.048763,1776265872000
1776265874.9,74.9,0.59,139.68,0.58,213.5,0.6,108.28,0.61,155.0,0.4,176.83,0.39,141.11,0.41,52.68,0.42,76.0,0.01,0.01,2336.191558,1776265873000
1776265875.2,75.2,0.59,251.68,0.58,86.0,0.6,61.0,0.61,175.5,0.4,108.28,0.39,155.0,0.41,139.68,0.42,213.5,0.01,0.01,2336.191558,1776265873000
1776265875.46,75.46,0.59,47.68,0.58,65.0,0.6,19.0,0.61,192.5,0.4,19.0,0.39,65.5,0.41,129.68,0.42,86.0,0.01,0.01,2336.191558,1776265873000
1776265875.838,75.838,0.59,72.68,0.58,70.0,0.6,144.5,0.61,68.5,0.4,19.0,0.39,192.5,0.41,47.68,0.42,65.0,0.01,0.01,2336.120774,1776265874000
1776265876.268,76.268,0.59,92.68,0.58,70.0,0.6,15.33,0.61,63.5,0.4,144.5,0.39,68.5,0.41,72.68,0.42,70.0,0.01,0.01,2336.120774,1776265874000
1776265877.032,77.032,0.6,80.0,0.59,62.68,0.61,200.69,0.62,215.32,0.4,2.0,0.39,230.5,0.41,103.68,0.42,70.0,0.01,0.01,2336.1281,1776265875000
1776265877.288,77.288,0.6,80.0,0.59,62.68,0.61,250.69,0.62,215.32,0.39,200.69,0.38,215.32,0.4,80.0,0.41,62.68,0.01,0.01,2336.1281,1776265875000
1776265878.464,78.464,0.6,246.08,0.59,211.18,0.61,13.07,0.62,129.82,0.39,250.69,0.38,215.32,0.4,80.0,0.41,62.68,0.01,0.01,2336.13231,1776265877000
1776265879.008,79.008,0.6,276.58,0.59,211.18,0.61,8.07,0.62,129.82,0.39,13.07,0.38,129.82,0.4,246.08,0.41,211.18,0.01,0.01,2336.13231,1776265877000
1776265879.575,79.575,0.6,235.0,0.59,180.68,0.61,7.21,0.62,119.82,0.39,8.07,0.38,119.82,0.4,41.58,0.41,201.18,0.01,0.01,2336.13231,1776265877000
1776265879.806,79.806,0.6,60.0,0.59,52.68,0.61,198.17,0.62,112.32,0.39,42.52,0.38,80.32,0.4,86.0,0.41,168.68,0.01,0.01,2336.186115,1776265878000
1776265880.163,80.163,0.6,35.0,0.59,52.68,0.61,203.28,0.62,112.32,0.39,198.17,0.38,112.32,0.4,60.0,0.41,52.68,0.01,0.01,2336.186115,1776265878000
1776265881.828,81.828,0.6,73.33,0.59,70.0,0.61,79.83,0.62,107.32,0.39,201.64,0.38,112.32,0.4,30.0,0.41,52.68,0.01,0.01,2336.37885,1776265880000
1776265885.237,85.237,0.6,3.08,0.59,10.0,0.61,338.57,0.62,121.32,0.39,61.83,0.38,107.32,0.4,103.33,0.41,82.0,0.01,0.01,2336.242042,1776265883000
1776265886.066,86.066,0.57,20.0,0.56,185.0,0.58,133.5,0.59,229.5,0.39,338.57,0.38,128.93,0.43,20.0,0.44,125.0,0.01,0.04,2336.258845,1776265884000
1776265887.637,87.637,0.57,20.0,0.56,185.0,0.58,220.5,0.59,137.5,0.42,133.5,0.41,229.5,0.43,20.0,0.44,185.0,0.01,0.01,2336.15437,1776265885000
1776265889.79,89.79,0.57,23.77,0.56,96.0,0.58,81.44,0.59,243.5,0.42,220.5,0.41,137.5,0.43,20.0,0.44,185.0,0.01,0.01,2336.097255,1776265888000
1776265891.092,91.092,0.56,15.0,0.55,68.27,0.58,218.94,0.59,159.5,0.42,81.44,0.41,243.5,0.43,23.77,0.44,96.0,0.02,0.01,2335.905757,1776265890000
1776265891.427,91.427,0.56,8.0,0.55,73.27,0.58,208.94,0.59,159.5,0.42,218.94,0.41,159.5,0.44,15.0,0.45,68.27,0.02,0.02,2335.905757,1776265890000
1776265893.921,93.921,0.55,2.27,0.54,25.0,0.56,331.5,0.57,175.49,0.42,208.94,0.41,159.5,0.44,8.0,0.45,73.27,0.01,0.02,2335.793712,1776265892000
1776265898.991,98.991,0.53,131.43,0.52,299.0,0.54,12.23,0.55,71.5,0.44,336.5,0.43,175.49,0.46,25.0,0.47,15.0,0.01,0.02,2335.576355,1776265898000
1776265900.596,100.596,0.53,330.17,0.52,203.5,0.55,25.0,0.56,71.86,0.46,12.23,0.45,71.5,0.47,131.43,0.48,299.0,0.02,0.01,2335.58659,1776265899000
1776265900.96,100.96,0.54,26.55,0.53,360.67,0.56,0.52,0.58,167.0,0.45,25.0,0.44,71.86,0.47,330.17,0.48,203.5,0.02,0.02,2335.638027,1776265900000
1776265901.569,101.569,0.55,172.5,0.54,106.55,0.59,50.0,0.61,33.07,0.44,0.52,0.42,167.0,0.46,26.55,0.47,360.67,0.04,0.02,2335.638027,1776265900000
1776265902.698,102.698,0.58,5.0,0.57,21.0,0.59,5.0,0.6,10.0,0.41,50.0,0.39,33.07,0.45,172.5,0.46,106.55,0.01,0.04,2335.721872,1776265901000
1776265902.987,102.987,0.57,10.0,0.56,10.0,0.6,28.0,0.61,79.45,0.4,18.0,0.39,68.07,0.42,5.0,0.43,21.0,0.03,0.02,2335.850636,1776265902000
1776265903.388,103.388,0.57,0.65,0.56,10.0,0.58,10.0,0.59,20.0,0.41,10.0,0.4,140.0,0.43,4.69,0.44,10.0,0.01,0.02,2335.850636,1776265902000
1776265909.214,109.214,0.57,15.0,0.56,15.0,0.58,206.43,0.59,102.69,0.42,20.0,0.41,20.0,0.44,15.0,0.45,30.0,0.01,0.02,2335.767505,1776265908000
1776265910.246,110.246,0.57,10.34,0.56,65.0,0.58,221.93,0.59,101.5,0.42,206.43,0.41,102.69,0.43,15.0,0.44,15.0,0.01,0.01,2335.78325,1776265909000
1776265912.245,112.245,0.57,4.77,0.56,20.0,0.58,237.93,0.59,123.69,0.42,221.93,0.41,101.5,0.43,10.34,0.44,65.0,0.01,0.01,2335.808272,1776265911000
1776265912.529,112.529,0.52,46.14,0.51,310.0,0.58,254.93,0.59,146.68,0.42,237.93,0.41,123.69,0.43,4.77,0.44,20.0,0.06,0.01,2335.808272,1776265911000
1776265913.987,113.987,0.55,138.5,0.54,224.5,0.56,19.0,0.57,50.0,0.44,10.6,0.43,147.5,0.45,5.0,0.46,15.0,0.01,0.01,2335.8327,1776265912000
1776265914.37,114.37,0.57,279.5,0.56,173.5,0.58,49.16,0.59,50.0,0.44,19.0,0.43,50.0,0.45,138.5,0.46,224.5,0.01,0.01,2335.759902,1776265913000
1776265914.858,114.858,0.6,186.88,0.59,96.5,0.61,58.07,0.62,159.82,0.42,49.16,0.41,50.0,0.43,279.5,0.44,173.5,0.01,0.01,2335.759902,1776265913000
1776265915.442,115.442,0.61,195.5,0.6,310.88,0.64,5.0,0.65,50.0,0.38,150.08,0.37,75.0,0.4,201.88,0.41,96.5,0.03,0.02,2335.759902,1776265913000
1776265915.744,115.744,0.63,4.18,0.62,87.99,0.64,10.0,0.65,25.0,0.36,5.0,0.35,50.0,0.39,195.5,0.4,310.88,0.01,0.03,2335.79265,1776265914000
1776265916.521,116.521,0.61,10.0,0.6,56.0,0.63,18.41,0.64,151.0,0.36,10.0,0.35,25.0,0.37,4.18,0.38,87.99,0.02,0.01,2335.93512,1776265915000
1776265917.336,117.336,0.6,20.0,0.59,25.5,0.61,185.36,0.62,35.5,0.38,5.0,0.37,23.41,0.39,3.32,0.4,56.0,0.01,0.01,2336.490895,1776265916000
1776265917.96,117.96,0.6,13.33,0.58,10.0,0.61,216.5,0.62,70.5,0.39,185.36,0.38,35.5,0.4,20.0,0.41,25.5,0.01,0.01,2336.490895,1776265916000
1776265918.178,118.178,0.6,3.2,0.59,15.0,0.61,234.5,0.62,81.5,0.39,219.5,0.38,70.5,0.4,8.33,0.42,10.0,0.01,0.01,2336.434242,1776265917000
1776265918.903,118.903,0.57,10.0,0.56,75.5,0.59,25.24,0.6,223.5,0.39,234.5,0.38,81.5,0.41,15.0,0.42,10.0,0.02,0.02,2336.434242,1776265917000
1776265920.745,120.745,0.58,57.5,0.57,160.5,0.6,50.0,0.61,52.25,0.41,25.24,0.4,223.5,0.43,10.0,0.44,75.5,0.02,0.02,2336.135907,1776265919000
1776265921.173,121.173,0.6,510.58,0.59,71.5,0.61,16.32,0.7,66.0,0.4,50.0,0.39,52.25,0.42,57.5,0.43,160.5,0.01,0.02,2336.135907,1776265919000
1776265921.401,121.401,0.69,30.5,0.68,315.0,0.7,28.0,0.71,17.0,0.3,13.0,0.29,17.0,0.35,10.0,0.36,10.0,0.01,0.05,2336.051525,1776265920000
1776265921.602,121.602,0.71,100.69,0.7,232.0,0.72,23.43,0.73,28.0,0.28,30.37,0.27,28.0,0.29,100.69,0.3,232.0,0.01,0.01,2336.051525,1776265920000
1776265921.802,121.802,0.72,7.85,0.71,69.69,0.74,93.54,0.75,35.0,0.27,21.0,0.26,151.0,0.28,18.35,0.29,80.69,0.02,0.01,2336.051525,1776265920000
1776265922.109,122.109,0.74,7.0,0.73,21.85,0.75,25.0,0.76,70.0,0.26,93.54,0.25,35.0,0.28,7.85,0.29,69.69,0.01,0.02,2336.051525,1776265920000
1776265922.753,122.753,0.74,10.0,0.73,10.0,0.75,13.33,0.76,20.0,0.25,25.0,0.24,20.0,0.26,12.3,0.27,10.0,0.01,0.01,2336.075085,1776265921000
1776265922.986,122.986,0.75,10.0,0.74,110.0,0.77,6.83,0.78,22.0,0.24,5.78,0.23,21.0,0.25,10.0,0.26,110.0,0.02,0.01,2336.075085,1776265921000
1776265923.443,123.443,0.78,10.0,0.77,16.49,0.79,10.05,0.8,40.0,0.21,16.37,0.2,40.0,0.25,20.0,0.26,115.0,0.01,0.04,2337.394916,1776265922000
1776265923.795,123.795,0.75,76.67,0.74,10.0,0.76,18.0,0.79,10.05,0.21,10.05,0.2,40.0,0.22,10.0,0.23,16.49,0.01,0.01,2337.394916,1776265922000
1776265924.023,124.023,0.75,42.28,0.74,15.0,0.76,13.0,0.78,10.0,0.21,10.05,0.2,50.0,0.25,62.44,0.26,20.0,0.01,0.04,2337.434611,1776265923000
1776265924.304,124.304,0.75,27.88,0.74,5.0,0.78,9.61,0.79,10.0,0.19,76.12,0.18,53.0,0.25,27.88,0.26,5.0,0.03,0.06,2337.434611,1776265923000
1776265924.513,124.513,0.69,14.49,0.67,6.0,0.71,40.78,0.76,58.68,0.24,58.68,0.23,34.38,0.29,9.22,0.31,14.49,0.02,0.05,2337.434611,1776265923000
1776265924.776,124.776,0.71,4.38,0.7,6.0,0.77,24.38,0.81,176.12,0.23,24.38,0.21,10.0,0.31,11.37,0.32,10.0,0.06,0.08,2337.434611,1776265923000
1776265924.996,124.996,0.75,10.0,0.74,10.0,0.76,6.68,0.77,24.38,0.23,24.38,0.19,176.12,0.32,10.0,0.33,16.0,0.01,0.09,2337.434611,1776265923000
1776265925.21,125.21,0.74,10.0,0.73,10.0,0.76,10.0,0.77,34.38,0.25,16.0,0.24,10.0,0.26,10.0,0.27,10.0,0.02,0.01,2338.455612,1776265924000
1776265925.438,125.438,0.74,10.0,0.73,10.0,0.77,10.0,0.78,10.0,0.23,14.44,0.22,10.0,0.25,10.0,0.26,10.0,0.03,0.02,2338.455612,1776265924000
1776265925.711,125.711,0.74,15.0,0.73,10.0,0.77,10.0,0.78,10.0,0.25,10.0,0.24,10.0,0.28,10.0,0.29,16.0,0.03,0.03,2338.455612,1776265924000
1776265925.985,125.985,0.74,13.38,0.73,10.0,0.76,8.15,0.77,10.0,0.24,8.15,0.23,10.0,0.26,75.0,0.27,30.0,0.02,0.02,2338.455612,1776265924000
1776265926.333,126.333,0.75,15.0,0.74,18.38,0.77,115.47,0.78,10.0,0.24,40.0,0.23,10.0,0.26,18.38,0.27,10.0,0.02,0.02,2337.6953,1776265925000
1776265926.802,126.802,0.76,20.0,0.75,20.0,0.78,14.03,0.79,122.52,0.23,24.5,0.22,20.5,0.25,10.0,0.26,28.88,0.02,0.02,2337.6953,1776265925000
1776265927.448,127.448,0.76,20.0,0.75,30.0,0.77,15.19,0.78,29.03,0.22,14.03,0.21,122.52,0.24,20.0,0.25,20.0,0.01,0.02,2337.365661,1776265926000
1776265927.65,127.65,0.77,10.0,0.76,15.0,0.78,26.47,0.79,132.52,0.22,26.92,0.21,137.52,0.23,10.0,0.24,20.0,0.01,0.01,2337.365661,1776265926000
1776265928.034,128.034,0.77,10.0,0.76,15.0,0.78,14.71,0.79,153.52,0.21,132.52,0.2,46.0,0.23,10.0,0.24,15.0,0.01,0.02,2337.365661,1776265926000
1776265928.537,128.537,0.72,11.0,0.71,22.0,0.73,37.28,0.74,20.5,0.22,13.29,0.21,153.52,0.24,15.0,0.25,10.0,0.01,0.02,2337.3684,1776265927000
1776265928.809,128.809,0.71,24.34,0.7,11.0,0.73,170.78,0.74,20.5,0.27,178.64,0.26,20.5,0.28,8.0,0.29,33.0,0.02,0.01,2337.3684,1776265927000
1776265929.12,129.12,0.62,27.5,0.61,49.2,0.64,2.43,0.65,15.0,0.34,8.18,0.33,10.0,0.38,10.0,0.39,49.2,0.02,0.04,2337.3684,1776265927000
1776265929.359,129.359,0.63,22.0,0.62,25.5,0.66,25.18,0.67,10.0,0.36,2.43,0.35,15.0,0.38,27.5,0.39,49.2,0.03,0.02,2337.38344,1776265928000
1776265929.689,129.689,0.65,29.07,0.64,45.0,0.66,43.67,0.7,6.0,0.34,30.66,0.33,10.0,0.36,16.0,0.37,15.0,0.01,0.02,2337.38344,1776265928000
1776265930.013,130.013,0.69,10.0,0.68,16.0,0.72,0.96,0.73,21.0,0.3,3.14,0.29,6.0,0.35,99.57,0.36,25.5,0.03,0.05,2337.38344,1776265928000
1776265930.46,130.46,0.72,21.0,0.71,41.0,0.74,16.0,0.75,29.0,0.28,0.96,0.27,21.0,0.31,10.0,0.32,16.0,0.02,0.03,2337.38344,1776265928000
1776265930.747,130.747,0.72,21.0,0.71,41.0,0.73,2.36,0.74,16.0,0.26,16.0,0.25,29.0,0.28,21.0,0.29,41.0,0.01,0.02,2336.99868,1776265929000
1776265931.189,131.189,0.73,28.85,0.72,56.0,0.74,26.5,0.75,24.0,0.27,2.36,0.26,16.0,0.28,21.0,0.29,41.0,0.01,0.01,2336.864705,1776265930000
1776265931.554,131.554,0.74,20.5,0.73,44.35,0.77,41.81,0.78,18.0,0.26,26.5,0.25,24.0,0.27,28.85,0.28,56.0,0.03,0.01,2336.864705,1776265930000
1776265931.873,131.873,0.76,4.37,0.75,15.0,0.77,33.93,0.78,21.5,0.23,43.82,0.22,33.5,0.24,15.0,0.25,25.5,0.01,0.01,2336.864705,1776265930000
1776265932.122,132.122,0.76,15.0,0.75,20.57,0.78,11.0,0.79,11.0,0.23,4.93,0.22,21.5,0.25,20.57,0.26,26.5,0.02,0.02,2337.160305,1776265931000
1776265932.366,132.366,0.77,20.0,0.76,10.0,0.81,37.12,0.82,78.0,0.22,9.75,0.21,11.0,0.23,10.0,0.24,10.0,0.04,0.01,2337.160305,1776265931000
1776265932.61,132.61,0.8,5.0,0.79,16.2,0.81,32.12,0.82,53.61,0.19,64.62,0.18,58.5,0.2,5.0,0.21,16.2,0.01,0.01,2337.160305,1776265931000
1776265933.234,133.234,0.8,62.5,0.79,16.2,0.83,22.5,0.84,51.5,0.19,35.04,0.18,63.61,0.2,5.0,0.21,16.2,0.03,0.01,2337.182875,1776265932000
1776265933.676,133.676,0.82,42.0,0.81,20.5,0.83,28.05,0.84,100.14,0.16,45.64,0.15,89.0,0.18,10.0,0.19,10.0,0.01,0.02,2337.182875,1776265932000
1776265933.989,133.989,0.83,17.0,0.82,50.5,0.85,119.0,0.86,123.0,0.16,145.57,0.15,119.0,0.18,52.5,0.19,20.5,0.02,0.02,2337.182875,1776265932000
1776265934.267,134.267,0.84,15.0,0.83,11.97,0.85,88.47,0.86,95.0,0.15,97.0,0.14,123.0,0.17,1.97,0.18,80.5,0.01,0.02,2337.745821,1776265933000
1776265934.513,134.513,0.82,36.47,0.81,20.5,0.86,10.0,0.87,178.5,0.13,168.5,0.12,126.0,0.16,7.0,0.17,11.97,0.04,0.03,2337.745821,1776265933000
1776265934.892,134.892,0.84,291.85,0.83,10.0,0.85,30.0,0.86,17.21,0.14,10.0,0.13,178.5,0.18,36.47,0.19,20.5,0.01,0.04,2337.745821,1776265933000
1776265935.34,135.34,0.85,20.0,0.84,20.79,0.86,20.95,0.87,107.36,0.13,117.36,0.12,126.0,0.16,8.79,0.17,10.0,0.01,0.03,2338.209641,1776265934000
1776265935.595,135.595,0.84,18.35,0.83,10.0,0.86,34.0,0.87,125.36,0.14,34.0,0.13,125.36,0.15,10.0,0.16,21.79,0.02,0.01,2338.209641,1776265934000
1776265935.922,135.922,0.81,17.0,0.8,15.0,0.83,134.79,0.84,43.0,0.15,72.5,0.14,20.5,0.18,14.38,0.2,25.0,0.02,0.03,2338.209641,1776265934000
1776265936.2,136.2,0.81,8.84,0.8,15.5,0.83,40.0,0.84,54.0,0.17,88.54,0.16,43.0,0.19,17.0,0.2,25.5,0.02,0.02,2338.209641,1776265934000
1776265936.554,136.554,0.81,22.0,0.8,15.0,0.82,78.0,0.83,10.0,0.16,80.61,0.15,74.11,0.19,7.0,0.2,25.5,0.01,0.03,2338.709186,1776265935000
1776265936.793,136.793,0.81,17.0,0.8,15.0,0.82,67.45,0.83,10.0,0.18,78.0,0.17,10.0,0.19,22.0,0.2,15.0,0.01,0.01,2338.709186,1776265935000
1776265937.091,137.091,0.81,27.0,0.8,415.0,0.84,60.31,0.85,36.5,0.18,24.45,0.17,10.0,0.19,35.0,0.2,38.0,0.03,0.01,2338.709186,1776265935000
1776265937.581,137.581,0.81,49.47,0.8,60.0,0.83,101.5,0.84,59.81,0.16,97.81,0.15,31.5,0.17,20.57,0.18,65.0,0.02,0.01,2338.872435,1776265936000
1776265937.826,137.826,0.82,5.0,0.81,151.7,0.83,100.5,0.84,59.81,0.17,110.5,0.16,59.81,0.18,12.0,0.19,40.7,0.01,0.01,2338.872435,1776265936000
1776265938.338,138.338,0.82,129.0,0.81,56.7,0.83,5.0,0.84,26.81,0.17,100.5,0.16,59.81,0.18,5.0,0.19,151.7,0.01,0.01,2338.56765,1776265937000
1776265938.762,138.762,0.82,8.44,0.81,26.0,0.83,247.5,0.84,101.81,0.17,80.5,0.16,76.81,0.18,149.0,0.19,61.7,0.01,0.01,2338.56765,1776265937000
1776265938.967,138.967,0.8,15.0,0.79,72.32,0.82,193.5,0.83,137.5,0.18,151.5,0.17,137.5,0.19,6.0,0.2,20.0,0.02,0.01,2338.56765,1776265937000
1776265939.384,139.384,0.78,25.0,0.77,20.0,0.8,43.73,0.81,63.5,0.18,181.5,0.17,115.5,0.2,3.0,0.21,27.32,0.02,0.02,2338.451925,1776265938000
1776265939.606,139.606,0.78,10.14,0.77,34.0,0.79,108.0,0.8,101.5,0.21,92.0,0.2,101.5,0.22,20.14,0.23,20.0,0.01,0.01,2338.451925,1776265938000
1776265939.81,139.81,0.77,32.14,0.76,167.5,0.79,55.0,0.8,86.5,0.21,63.0,0.2,101.5,0.22,9.14,0.23,34.0,0.02,0.01,2338.451925,1776265938000
1776265940.091,140.091,0.78,149.5,0.77,94.5,0.8,61.0,0.81,70.5,0.21,100.22,0.2,86.5,0.22,17.86,0.23,34.5,0.02,0.01,2338.321688,1776265939000
1776265940.481,140.481,0.79,165.0,0.78,103.5,0.81,60.0,0.82,80.5,0.2,61.0,0.19,70.5,0.22,149.5,0.23,94.5,0.02,0.02,2338.321688,1776265939000
1776265941.061,141.061,0.81,142.0,0.8,102.5,0.82,16.63,0.83,70.0,0.19,69.6,0.18,80.5,0.2,109.0,0.21,133.0,0.01,0.01,2338.321688,1776265939000
1776265941.693,141.693,0.81,142.0,0.8,99.0,0.82,14.95,0.83,80.5,0.18,16.63,0.17,70.0,0.19,142.0,0.2,102.5,0.01,0.01,2338.075366,1776265940000
1776265942.2,142.2,0.81,41.17,0.8,15.0,0.83,80.5,0.84,80.5,0.18,14.95,0.17,80.5,0.19,142.0,0.2,99.0,0.02,0.01,2338.078178,1776265941000
1776265942.684,142.684,0.72,10.0,0.67,50.0,0.73,79.26,0.74,25.5,0.21,23.73,0.18,182.0,0.25,25.0,0.26,50.0,0.01,0.04,2338.078178,1776265941000
1776265943.013,143.013,0.61,108.53,0.6,18.08,0.66,75.5,0.67,20.5,0.29,40.0,0.27,104.26,0.33,50.0,0.35,34.07,0.05,0.04,2338.078178,1776265941000
1776265943.676,143.676,0.61,105.99,0.6,38.58,0.65,10.0,0.66,45.0,0.35,14.95,0.34,30.5,0.39,108.53,0.4,18.08,0.04,0.04,2338.155266,1776265942000
1776265944.293,144.293,0.64,11.0,0.63,130.2,0.69,10.0,0.7,60.0,0.36,7.0,0.35,20.0,0.37,110.2,0.38,9.0,0.05,0.01,2338.155266,1776265942000
1776265944.885,144.885,0.65,105.2,0.64,22.0,0.68,4.55,0.69,10.0,0.31,10.0,0.3,60.0,0.36,11.0,0.37,130.2,0.03,0.05,2336.335703,1776265943000
1776265946.254,146.254,0.65,3.78,0.64,20.0,0.66,60.08,0.67,20.5,0.32,4.55,0.31,10.0,0.35,105.2,0.36,22.0,0.01,0.03,2336.294915,1776265945000
1776265946.542,146.542,0.63,128.0,0.62,45.0,0.66,28.08,0.67,20.5,0.34,60.08,0.33,20.5,0.35,3.78,0.36,20.0,0.03,0.01,2336.294915,1776265945000
1776265946.974,146.974,0.63,16.0,0.62,30.0,0.64,58.5,0.65,20.5,0.34,28.08,0.33,20.5,0.37,128.0,0.38,45.0,0.01,0.03,2336.294915,1776265945000
1776265948.024,148.024,0.6,5.08,0.58,35.0,0.61,233.5,0.62,25.5,0.36,58.5,0.35,20.5,0.37,16.0,0.38,30.0,0.01,0.01,2336.70245,1776265947000
1776265948.268,148.268,0.6,5.08,0.59,27.5,0.61,87.34,0.62,5.0,0.39,233.5,0.38,25.5,0.4,5.08,0.42,35.0,0.01,0.01,2336.70245,1776265947000
1776265948.596,148.596,0.64,2.22,0.63,148.04,0.65,35.0,0.66,28.58,0.35,10.5,0.34,18.58,0.37,8.84,0.38,20.5,0.01,0.02,2336.70245,1776265947000
1776265948.825,148.825,0.64,92.72,0.63,148.04,0.65,5.0,0.66,8.08,0.35,35.0,0.34,28.58,0.36,2.22,0.37,148.04,0.01,0.01,2336.70245,1776265947000
1776265949.19,149.19,0.65,77.0,0.64,195.22,0.68,9.01,0.69,10.0,0.34,5.08,0.33,10.5,0.35,20.0,0.36,77.72,0.03,0.01,2336.70245,1776265947000
1776265949.774,149.774,0.66,27.5,0.65,147.5,0.68,19.51,0.69,137.5,0.32,9.01,0.31,10.0,0.35,77.0,0.36,195.22,0.02,0.03,2336.270404,1776265948000
1776265950.065,150.065,0.66,33.38,0.65,147.5,0.67,11.0,0.68,24.51,0.33,11.0,0.32,35.51,0.34,28.38,0.35,147.5,0.01,0.01,2336.270404,1776265948000
1776265950.266,150.266,0.66,26.9,0.65,137.0,0.67,11.0,0.68,23.01,0.33,11.0,0.32,23.01,0.34,26.9,0.35,137.0,0.01,0.01,2336.285457,1776265949000
1776265950.549,150.549,0.66,32.9,0.65,132.0,0.68,124.3,0.69,86.5,0.33,11.0,0.32,137.0,0.34,37.9,0.35,132.0,0.02,0.01,2336.285457,1776265949000
1776265951.014,151.014,0.67,29.93,0.66,17.9,0.68,98.3,0.69,203.5,0.32,18.3,0.31,203.5,0.33,15.0,0.34,67.9,0.01,0.01,2336.285457,1776265949000
1776265951.541,151.541,0.65,10.0,0.64,65.0,0.66,89.93,0.67,45.5,0.32,127.0,0.31,70.5,0.33,4.0,0.34,5.0,0.01,0.01,2336.527709,1776265950000
1776265951.848,151.848,0.65,213.5,0.64,193.49,0.69,46.45,0.7,227.0,0.34,89.93,0.33,45.5,0.35,10.0,0.36,65.0,0.04,0.01,2336.527709,1776265950000
1776265952.499,152.499,0.66,120.99,0.65,87.0,0.68,95.5,0.69,81.95,0.31,46.45,0.3,227.0,0.35,213.5,0.36,193.49,0.02,0.04,2336.521366,1776265951000
1776265952.925,152.925,0.67,15.0,0.66,173.99,0.68,88.29,0.69,81.95,0.32,95.5,0.31,81.95,0.34,120.99,0.35,87.0,0.01,0.02,2336.521366,1776265951000
1776265954.058,154.058,0.65,305.39,0.64,86.5,0.68,27.19,0.69,71.95,0.32,73.54,0.31,81.95,0.33,10.0,0.34,173.99,0.03,0.01,2336.460391,1776265952000
1776265954.772,154.772,0.69,6.77,0.68,25.0,0.7,130.5,0.71,85.0,0.32,27.19,0.31,71.95,0.35,305.39,0.36,86.5,0.01,0.03,2336.503431,1776265953000
1776265956.416,156.416,0.69,3.54,0.68,73.0,0.7,159.99,0.71,192.0,0.3,130.5,0.29,85.0,0.31,6.77,0.32,25.0,0.01,0.01,2336.54773,1776265955000
1776265958.111,158.111,0.69,10.82,0.68,23.0,0.7,198.05,0.71,70.5,0.3,159.99,0.29,192.0,0.31,3.54,0.32,73.0,0.01,0.01,2336.54773,1776265956000
1776265959.129,159.129,0.67,76.0,0.66,74.0,0.7,218.05,0.71,156.5,0.3,198.05,0.29,70.5,0.31,10.82,0.32,23.0,0.03,0.01,2336.586825,1776265957000
1776265960.802,160.802,0.66,212.0,0.65,94.5,0.67,21.78,0.68,10.0,0.3,173.05,0.29,75.0,0.31,4.83,0.32,10.0,0.01,0.01,2336.588614,1776265959000
1776265962.411,162.411,0.68,25.5,0.67,84.0,0.69,85.0,0.7,255.56,0.33,21.78,0.32,10.0,0.34,212.0,0.35,94.5,0.01,0.01,2336.593075,1776265960000
1776265963.997,163.997,0.69,27.89,0.68,90.5,0.7,68.06,0.71,100.5,0.31,85.0,0.3,255.56,0.32,25.5,0.33,84.0,0.01,0.01,2336.543275,1776265962000
1776265964.259,164.259,0.69,16.24,0.68,90.5,0.7,76.12,0.71,100.5,0.3,68.06,0.29,100.5,0.31,27.89,0.32,90.5,0.01,0.01,2336.543275,1776265962000
1776265966.836,166.836,0.69,240.08,0.68,112.0,0.71,55.0,0.72,140.5,0.3,76.12,0.29,100.5,0.31,16.24,0.32,90.5,0.02,0.01,2336.60729,1776265965000
1776265967.684,167.684,0.69,63.08,0.68,95.0,0.7,14.85,0.71,197.5,0.29,55.0,0.28,140.5,0.31,240.08,0.32,112.0,0.01,0.02,2336.60414,1776265966000
1776265968.866,168.866,0.71,315.87,0.7,138.5,0.72,60.14,0.74,50.0,0.3,14.85,0.29,197.5,0.31,63.08,0.32,95.0,0.01,0.01,2336.59286,1776265967000
1776265969.251,169.251,0.73,186.68,0.72,45.5,0.74,63.0,0.75,30.0,0.26,46.0,0.25,30.0,0.27,11.0,0.29,310.87,0.01,0.01,2336.59286,1776265967000
1776265970.984,170.984,0.76,61.05,0.75,31.0,0.77,224.0,0.78,207.0,0.26,46.51,0.25,30.0,0.27,191.68,0.28,45.5,0.01,0.01,2336.640455,1776265969000
1776265971.565,171.565,0.76,48.55,0.75,31.0,0.77,234.0,0.78,217.5,0.23,224.0,0.22,207.0,0.24,61.05,0.25,31.0,0.01,0.01,2337.003196,1776265970000
1776265971.847,171.847,0.76,44.38,0.75,31.0,0.77,229.0,0.78,217.5,0.23,234.0,0.22,217.5,0.24,48.55,0.25,31.0,0.01,0.01,2337.003196,1776265970000
1776265973.287,173.287,0.77,268.5,0.76,125.88,0.78,18.0,0.79,25.0,0.23,229.0,0.22,217.5,0.24,44.38,0.25,31.0,0.01,0.01,2337.16368,1776265972000
1776265973.804,173.804,0.79,323.0,0.78,88.63,0.81,20.0,0.82,25.0,0.22,18.0,0.21,25.0,0.23,268.5,0.24,125.88,0.02,0.01,2337.16368,1776265972000
1776265974.927,174.927,0.82,134.0,0.81,58.0,0.83,64.26,0.84,207.0,0.19,20.0,0.18,25.0,0.21,323.0,0.22,88.63,0.01,0.02,2337.160315,1776265973000
1776265975.52,175.52,0.82,134.0,0.81,97.0,0.83,60.2,0.84,207.0,0.17,64.26,0.16,207.0,0.18,134.0,0.19,58.0,0.01,0.01,2337.3419,1776265974000
1776265976.056,176.056,0.82,129.0,0.81,107.0,0.83,187.85,0.84,90.0,0.17,50.2,0.16,207.0,0.18,139.0,0.19,47.0,0.01,0.01,2337.3419,1776265974000
1776265976.73,176.73,0.82,370.49,0.81,112.36,0.85,155.0,0.86,80.0,0.17,185.89,0.16,90.0,0.18,129.0,0.19,107.0,0.03,0.01,2337.640735,1776265975000
1776265976.965,176.965,0.84,122.56,0.83,25.5,0.85,116.55,0.86,197.0,0.15,159.82,0.14,80.0,0.16,10.0,0.17,91.0,0.01,0.01,2337.640735,1776265975000
1776265977.908,177.908,0.84,140.56,0.83,99.5,0.85,124.23,0.86,207.0,0.15,116.55,0.14,197.0,0.16,122.56,0.17,25.5,0.01,0.01,2337.690767,1776265976000
1776265979.691,179.691,0.84,137.56,0.83,39.0,0.85,78.69,0.86,207.0,0.15,102.73,0.14,207.0,0.16,130.56,0.17,99.5,0.01,0.01,2337.809006,1776265978000
1776265979.942,179.942,0.84,104.0,0.83,99.5,0.85,190.87,0.86,90.0,0.15,78.69,0.14,207.0,0.16,137.56,0.17,39.0,0.01,0.01,2337.809006,1776265978000
1776265980.232,180.232,0.84,101.0,0.83,99.5,0.85,7.14,0.86,90.0,0.15,190.87,0.14,90.0,0.16,104.0,0.17,99.5,0.01,0.01,2337.809006,1776265978000
1776265981.841,181.841,0.84,9.18,0.83,20.0,0.85,107.87,0.86,192.5,0.15,2.14,0.14,90.0,0.16,101.0,0.17,99.5,0.01,0.01,2337.932358,1776265980000
1776265982.326,182.326,0.84,5.0,0.83,20.0,0.85,127.87,0.86,192.5,0.15,107.87,0.14,192.5,0.16,9.18,0.17,20.0,0.01,0.01,2337.932358,1776265980000
1776265983.031,183.031,0.84,101.18,0.83,102.5,0.85,12.14,0.86,142.0,0.15,127.87,0.14,192.5,0.16,5.0,0.17,20.0,0.01,0.01,2337.931885,1776265981000
1776265983.716,183.716,0.84,130.68,0.83,219.5,0.85,2.14,0.86,132.0,0.15,12.14,0.14,142.0,0.16,101.18,0.17,102.5,0.01,0.01,2337.851385,1776265982000
1776265984.019,184.019,0.85,7.86,0.84,262.68,0.86,10.0,0.87,36.86,0.15,2.14,0.14,132.0,0.16,130.68,0.17,219.5,0.01,0.01,2337.851385,1776265982000
1776265984.363,184.363,0.85,437.49,0.84,145.54,0.87,36.86,0.88,51.0,0.14,10.0,0.13,36.86,0.15,7.86,0.16,262.68,0.02,0.01,2337.851385,1776265982000
1776265984.686,184.686,0.86,166.5,0.85,340.36,0.87,16.75,0.88,51.0,0.13,25.86,0.12,51.0,0.14,156.5,0.15,345.36,0.01,0.01,2337.764631,1776265983000
1776265985.296,185.296,0.87,206.5,0.86,304.5,0.88,37.36,0.89,61.0,0.12,49.5,0.11,172.0,0.14,223.5,0.15,355.49,0.01,0.02,2337.83646,1776265984000
1776265985.988,185.988,0.87,201.5,0.86,310.5,0.88,34.09,0.89,61.0,0.12,37.36,0.11,61.0,0.13,206.5,0.14,304.5,0.01,0.01,2337.83646,1776265984000
1776265986.214,186.214,0.87,201.5,0.86,299.5,0.88,28.4,0.89,178.0,0.12,34.09,0.11,61.0,0.13,201.5,0.14,310.5,0.01,0.01,2337.83646,1776265984000
1776265986.479,186.479,0.87,737.49,0.86,220.5,0.89,52.95,0.9,60.0,0.12,7.02,0.11,55.0,0.13,384.49,0.14,225.5,0.02,0.01,2338.140701,1776265985000
1776265986.684,186.684,0.89,5.0,0.88,198.13,0.9,23.3,0.91,65.0,0.1,33.3,0.09,65.0,0.11,5.0,0.12,178.13,0.01,0.01,2338.140701,1776265985000
1776265987.446,187.446,0.9,214.05,0.89,65.5,0.91,16.3,0.92,72.0,0.09,17.95,0.08,72.0,0.1,10.0,0.11,10.0,0.01,0.01,2338.32917,1776265986000
1776265988.173,188.173,0.91,122.49,0.9,208.5,0.92,66.63,0.93,81.0,0.08,70.41,0.07,81.0,0.1,214.05,0.11,465.5,0.01,0.02,2338.32917,1776265986000
1776265988.729,188.729,0.91,172.49,0.9,221.5,0.92,56.94,0.93,81.0,0.08,58.03,0.07,81.0,0.09,122.49,0.1,208.5,0.01,0.01,2338.503014,1776265987000
1776265988.931,188.931,0.91,169.58,0.9,109.5,0.92,42.81,0.93,81.0,0.08,42.81,0.07,81.0,0.09,172.49,0.1,109.5,0.01,0.01,2338.503014,1776265987000
1776265989.164,189.164,0.91,174.58,0.9,114.5,0.92,40.6,0.93,198.0,0.08,44.04,0.07,81.0,0.09,174.58,0.1,114.5,0.01,0.01,2339.433206,1776265988000
1776265989.415,189.415,0.91,163.49,0.9,501.5,0.92,35.29,0.93,198.0,0.08,40.6,0.07,198.0,0.09,174.58,0.1,114.5,0.01,0.01,2339.433206,1776265988000
1776265989.621,189.621,0.91,212.99,0.9,623.5,0.93,76.16,0.94,99.0,0.07,81.0,0.06,99.0,0.09,207.99,0.1,623.5,0.02,0.02,2339.433206,1776265988000
1776265989.843,189.843,0.91,205.99,0.9,506.5,0.92,2.57,0.93,76.16,0.08,5.09,0.07,76.16,0.09,200.99,0.1,506.5,0.01,0.01,2339.433206,1776265988000
1776265990.304,190.304,0.92,76.8,0.91,366.5,0.93,56.9,0.94,216.0,0.07,47.48,0.06,99.0,0.08,13.8,0.09,322.5,0.01,0.01,2339.433206,1776265988000
1776265990.649,190.649,0.92,125.7,0.91,345.5,0.93,34.55,0.94,216.0,0.07,54.19,0.06,216.0,0.08,71.8,0.09,366.5,0.01,0.01,2339.49868,1776265989000
1776265991.106,191.106,0.92,121.2,0.91,436.5,0.93,34.55,0.94,216.0,0.07,34.55,0.06,216.0,0.08,125.7,0.09,345.5,0.01,0.01,2339.51556,1776265990000
1776265991.406,191.406,0.92,116.2,0.91,436.5,0.93,30.93,0.94,216.0,0.07,34.55,0.06,216.0,0.08,121.2,0.09,436.5,0.01,0.01,2339.51556,1776265990000
1776265991.68,191.68,0.92,116.2,0.91,441.5,0.93,27.31,0.94,221.0,0.07,29.31,0.06,216.0,0.08,116.2,0.09,436.5,0.01,0.01,2339.51556,1776265990000
1776265992.013,192.013,0.92,176.2,0.91,587.36,0.94,46.78,0.95,120.0,0.07,18.92,0.06,216.0,0.08,126.2,0.09,537.36,0.02,0.01,2339.51556,1776265990000
1776265992.69,192.69,0.93,81.8,0.92,120.2,0.94,160.04,0.95,226.0,0.06,46.78,0.05,120.0,0.08,176.2,0.09,587.36,0.01,0.02,2339.75363,1776265991000
1776265992.961,192.961,0.93,67.37,0.92,120.2,0.94,206.01,0.95,226.0,0.06,216.04,0.05,226.0,0.07,67.37,0.08,120.2,0.01,0.01,2339.75363,1776265991000
1776265993.617,193.617,0.93,91.12,0.92,115.2,0.94,30.0,0.95,237.0,0.06,206.01,0.05,226.0,0.07,67.37,0.08,120.2,0.01,0.01,2339.84046,1776265992000
1776265993.87,193.87,0.93,96.12,0.92,115.2,0.94,21.83,0.95,237.0,0.06,30.0,0.05,237.0,0.07,91.12,0.08,115.2,0.01,0.01,2339.84046,1776265992000
1776265994.418,194.418,0.93,147.6,0.92,115.2,0.94,5.0,0.95,237.0,0.06,5.0,0.05,360.0,0.07,137.97,0.08,115.2,0.01,0.01,2339.84046,1776265992000
1776265994.65,194.65,0.93,133.6,0.92,115.2,0.95,117.5,0.96,257.0,0.06,4.9,0.05,237.0,0.07,133.6,0.08,115.2,0.02,0.01,2339.851831,1776265993000
1776265994.921,194.921,0.93,133.6,0.92,115.2,0.95,147.7,0.96,257.0,0.05,117.5,0.04,257.0,0.07,133.6,0.08,115.2,0.02,0.02,2339.851831,1776265993000
1776265995.574,195.574,0.93,143.6,0.92,232.2,0.94,4.0,0.95,147.7,0.05,147.7,0.04,257.0,0.07,133.6,0.08,115.2,0.01,0.02,2339.837225,1776265994000
1776265995.981,195.981,0.94,122.8,0.93,164.56,0.95,148.54,0.96,257.0,0.05,144.7,0.04,257.0,0.07,133.6,0.08,242.2,0.01,0.02,2339.837225,1776265994000
1776265996.31,196.31,0.94,122.8,0.93,164.56,0.95,142.47,0.96,257.0,0.05,148.54,0.04,257.0,0.06,122.8,0.07,164.56,0.01,0.01,2339.89215,1776265995000
1776265997.131,197.131,0.94,124.5,0.93,90.56,0.95,131.67,0.96,257.0,0.05,137.2,0.04,257.0,0.06,114.0,0.07,137.56,0.01,0.01,2339.89215,1776265995000
1776265998.162,198.162,0.94,135.2,0.93,188.56,0.95,39.14,0.96,424.0,0.05,131.67,0.04,257.0,0.06,124.5,0.07,90.56,0.01,0.01,2339.95811,1776265996000
1776265998.456,198.456,0.94,135.2,0.93,249.42,0.95,30.96,0.96,424.0,0.05,11.82,0.04,424.0,0.06,130.2,0.07,188.56,0.01,0.01,2339.959395,1776265997000
1776265998.917,198.917,0.94,223.06,0.93,214.56,0.95,0.58,0.96,424.0,0.05,27.78,0.04,424.0,0.06,140.2,0.07,188.56,0.01,0.01,2339.959395,1776265997000
1776265999.139,199.139,0.94,219.59,0.93,210.49,0.95,10.0,0.96,444.78,0.04,423.53,0.03,595.63,0.06,228.06,0.07,267.49,0.01,0.02,2339.959395,1776265997000
1776265999.503,199.503,0.94,124.53,0.93,193.56,0.95,4.0,0.96,433.72,0.04,433.72,0.03,595.63,0.06,136.73,0.07,261.67,0.01,0.02,2339.959395,1776265997000
1776266000.435,200.435,0.94,111.69,0.93,209.56,0.96,430.72,0.97,595.63,0.05,4.0,0.04,433.72,0.06,124.53,0.07,193.56,0.02,0.01,2339.908534,1776265999000
1776266000.752,200.752,0.94,96.19,0.93,26.56,0.95,99.0,0.96,317.72,0.04,425.72,0.03,595.63,0.06,111.69,0.07,209.56,0.01,0.02,2339.908534,1776265999000
1776266000.996,200.996,0.94,11.22,0.93,31.56,0.95,104.87,0.96,372.72,0.05,108.0,0.04,367.72,0.06,11.22,0.07,31.56,0.01,0.01,2339.908534,1776265999000
1776266001.268,201.268,0.94,20.16,0.93,31.56,0.95,4.0,0.96,372.72,0.05,106.74,0.04,372.72,0.07,31.56,0.08,86.2,0.01,0.02,2339.908534,1776265999000
1776266001.847,201.847,0.94,20.16,0.93,31.56,0.96,370.72,0.97,504.0,0.05,4.0,0.04,372.72,0.06,20.16,0.07,31.56,0.02,0.01,2339.904215,1776266000000
1776266002.846,202.846,0.94,8.1,0.93,30.5,0.96,365.03,0.97,724.33,0.04,365.03,0.03,504.0,0.06,25.16,0.07,31.56,0.02,0.02,2339.84712,1776266001000
1776266003.231,203.231,0.94,8.1,0.93,30.5,0.96,363.98,0.97,633.69,0.04,365.03,0.03,724.33,0.06,8.1,0.07,30.5,0.02,0.02,2339.84712,1776266001000
1776266003.8,203.8,0.94,95.3,0.93,30.5,0.96,380.93,0.97,509.99,0.04,380.93,0.03,633.69,0.06,8.1,0.07,30.5,0.02,0.02,2339.579274,1776266002000
1776266004.156,204.156,0.94,95.3,0.93,25.5,0.95,27.36,0.96,360.93,0.04,380.93,0.03,509.99,0.06,95.3,0.07,30.5,0.01,0.02,2339.579274,1776266002000
1776266004.734,204.734,0.94,170.3,0.93,53.16,0.95,11.76,0.96,360.93,0.05,27.36,0.04,360.93,0.06,95.3,0.07,25.5,0.01,0.01,2339.552155,1776266003000
1776266006.107,206.107,0.94,4.0,0.93,152.0,0.95,311.76,0.96,243.93,0.05,11.76,0.04,360.93,0.06,170.3,0.07,53.16,0.01,0.01,2339.52106,1776266004000
1776266006.367,206.367,0.92,29.0,0.91,95.0,0.94,18.0,0.95,410.0,0.05,311.76,0.04,243.93,0.06,4.0,0.07,152.0,0.02,0.01,2339.52106,1776266004000
1776266006.867,206.867,0.92,22.94,0.91,222.5,0.93,129.06,0.94,111.63,0.06,50.0,0.05,282.0,0.08,6.0,0.09,212.0,0.01,0.02,2339.53043,1776266005000
1776266007.229,207.229,0.92,177.44,0.91,105.5,0.93,11.49,0.94,88.64,0.07,14.16,0.06,179.28,0.08,38.44,0.09,222.5,0.01,0.01,2339.5197,1776266006000
1776266007.442,207.442,0.92,155.44,0.91,105.5,0.93,1.11,0.94,88.64,0.07,6.49,0.06,88.64,0.08,155.44,0.09,105.5,0.01,0.01,2339.5197,1776266006000
1776266007.671,207.671,0.92,155.44,0.91,115.5,0.94,88.64,0.95,242.99,0.07,1.11,0.06,88.64,0.08,155.44,0.09,105.5,0.02,0.01,2339.5197,1776266006000
1776266008.834,208.834,0.92,58.44,0.91,105.5,0.94,86.08,0.95,216.64,0.06,104.4,0.05,242.99,0.07,5.0,0.08,155.44,0.02,0.01,2339.051901,1776266007000
1776266009.173,209.173,0.93,36.5,0.92,57.44,0.94,17.76,0.95,205.64,0.06,86.08,0.05,216.64,0.08,58.44,0.09,105.5,0.01,0.02,2339.051901,1776266007000
1776266010.51,210.51,0.93,173.5,0.92,57.44,0.94,4.92,0.95,78.56,0.05,204.0,0.04,218.68,0.07,26.0,0.08,52.44,0.01,0.02,2338.938177,1776266009000
1776266012.177,212.177,0.94,214.5,0.93,105.8,0.95,17.2,0.96,385.32,0.06,4.92,0.05,58.36,0.07,168.5,0.08,67.44,0.01,0.01,2339.009208,1776266010000
1776266014.63,214.63,0.94,269.24,0.93,105.8,0.95,107.84,0.96,168.68,0.05,17.2,0.04,385.32,0.06,214.5,0.07,105.8,0.01,0.01,2339.322843,1776266013000
1776266015.651,215.651,0.94,197.24,0.93,105.8,0.95,1.27,0.96,118.68,0.05,107.84,0.04,168.68,0.06,269.24,0.07,105.8,0.01,0.01,2339.32294,1776266014000
1776266015.993,215.993,0.94,235.57,0.93,105.8,0.96,118.68,0.97,299.0,0.05,1.27,0.04,118.68,0.06,197.24,0.07,105.8,0.02,0.01,2339.32294,1776266014000
1776266016.625,216.625,0.95,39.5,0.94,102.57,0.96,112.63,0.97,299.0,0.04,118.68,0.03,299.0,0.06,235.57,0.07,105.8,0.01,0.02,2339.312695,1776266015000
1776266016.936,216.936,0.95,20.0,0.94,109.57,0.96,77.32,0.97,299.0,0.04,102.26,0.03,299.0,0.05,25.5,0.06,123.57,0.01,0.01,2339.32612,1776266016000
1776266020.271,220.271,0.95,116.59,0.94,109.37,0.96,72.26,0.97,249.0,0.04,77.32,0.03,299.0,0.05,20.0,0.06,109.57,0.01,0.01,2339.51925,1776266018000
1776266020.569,220.569,0.95,116.59,0.94,109.37,0.96,47.26,0.97,249.0,0.04,72.26,0.03,249.0,0.05,116.59,0.06,109.37,0.01,0.01,2339.516968,1776266019000
1776266021.152,221.152,0.94,9.07,0.93,56.0,0.96,47.26,0.97,249.0,0.04,47.26,0.03,249.0,0.05,116.59,0.06,109.37,0.02,0.01,2339.516968,1776266019000
1776266022.203,222.203,0.95,20.0,0.94,51.33,0.96,42.26,0.97,299.0,0.04,47.26,0.03,249.0,0.06,9.07,0.07,56.0,0.01,0.02,2339.422154,1776266021000
1776266022.487,222.487,0.93,66.0,0.92,109.4,0.94,39.31,0.95,10.0,0.04,42.26,0.03,299.0,0.05,20.0,0.06,51.33,0.01,0.01,2339.422154,1776266021000
1776266023.167,223.167,0.95,10.0,0.93,66.0,0.96,42.26,0.97,299.0,0.06,39.31,0.05,10.0,0.07,66.0,0.08,109.4,0.01,0.01,2339.125941,1776266022000
1776266023.788,223.788,0.93,40.44,0.92,50.0,0.94,10.0,0.95,36.0,0.04,42.26,0.03,299.0,0.05,10.0,0.07,66.0,0.01,0.01,2339.125941,1776266022000
1776266024.064,224.064,0.93,45.44,0.92,50.0,0.94,12.48,0.95,36.0,0.06,8.73,0.05,36.0,0.07,40.44,0.08,50.0,0.01,0.01,2339.125941,1776266022000
1776266025.003,225.003,0.93,102.81,0.92,68.0,0.95,72.13,0.96,62.01,0.05,36.0,0.04,92.26,0.07,40.44,0.08,50.0,0.02,0.02,2338.934769,1776266023000
1776266025.701,225.701,0.93,102.81,0.92,68.0,0.95,46.93,0.96,62.01,0.05,72.13,0.04,62.01,0.07,102.81,0.08,68.0,0.02,0.02,2338.94536,1776266024000
1776266025.995,225.995,0.93,107.81,0.92,68.0,0.95,39.95,0.96,62.01,0.05,46.93,0.04,62.01,0.07,102.81,0.08,68.0,0.02,0.02,2338.94536,1776266024000
1776266026.925,226.925,0.93,96.65,0.92,73.0,0.94,13.96,0.95,105.26,0.05,39.95,0.04,62.01,0.07,91.15,0.08,68.0,0.01,0.02,2338.684399,1776266025000
1776266027.56,227.56,0.93,161.95,0.92,127.4,0.94,17.89,0.95,234.26,0.06,13.96,0.05,105.26,0.07,96.65,0.08,73.0,0.01,0.01,2338.684399,1776266025000
1776266028.816,228.816,0.94,45.0,0.93,251.75,0.95,163.71,0.96,67.01,0.06,16.82,0.05,234.26,0.07,142.95,0.08,132.4,0.01,0.01,2338.69399,1776266027000
1776266029.444,229.444,0.94,136.25,0.93,192.54,0.95,38.46,0.96,67.01,0.05,163.71,0.04,67.01,0.06,45.0,0.07,251.75,0.01,0.01,2338.694039,1776266028000
1776266031.439,231.439,0.94,205.28,0.93,205.54,0.95,32.1,0.96,142.01,0.05,38.46,0.04,67.01,0.06,136.25,0.07,192.54,0.01,0.01,2338.732486,1776266030000
1776266031.793,231.793,0.94,330.78,0.93,210.54,0.95,19.0,0.96,147.01,0.05,23.0,0.04,142.01,0.06,210.78,0.07,205.54,0.01,0.01,2338.732486,1776266030000
1776266032.202,232.202,0.94,330.78,0.93,260.54,0.95,18.0,0.96,142.01,0.05,19.0,0.04,147.01,0.06,330.78,0.07,210.54,0.01,0.01,2338.826191,1776266031000
1776266033.457,233.457,0.94,346.29,0.93,270.54,0.95,16.42,0.96,142.01,0.05,18.0,0.04,142.01,0.06,330.78,0.07,260.54,0.01,0.01,2338.83309,1776266032000
1776266034.884,234.884,0.95,353.83,0.94,202.52,0.96,12.01,0.97,377.7,0.05,16.42,0.04,142.01,0.06,346.29,0.07,270.54,0.01,0.01,2338.927545,1776266033000
1776266035.155,235.155,0.95,363.74,0.94,195.52,0.96,9.56,0.97,377.7,0.04,12.01,0.03,377.7,0.05,353.83,0.06,202.52,0.01,0.01,2338.927545,1776266033000
1776266035.915,235.915,0.96,195.7,0.95,204.74,0.97,386.36,0.98,547.0,0.04,9.56,0.03,377.7,0.05,363.74,0.06,195.52,0.01,0.01,2338.932445,1776266034000
1776266036.933,236.933,0.96,330.5,0.95,173.3,0.97,380.12,0.98,547.0,0.03,381.36,0.02,547.0,0.04,299.5,0.05,191.3,0.01,0.01,2338.9337,1776266035000
1776266037.359,237.359,0.96,376.5,0.95,232.3,0.97,338.29,0.98,547.0,0.03,380.12,0.02,547.0,0.04,330.5,0.05,173.3,0.01,0.01,2339.140703,1776266036000
1776266037.766,237.766,0.96,363.65,0.95,232.3,0.97,308.29,0.98,547.0,0.03,308.29,0.02,547.0,0.04,366.5,0.05,232.3,0.01,0.01,2339.140703,1776266036000
1776266038.022,238.022,0.96,270.79,0.95,232.3,0.97,313.29,0.98,552.0,0.03,313.29,0.02,547.0,0.04,345.79,0.05,232.3,0.01,0.01,2339.140703,1776266036000
1776266038.251,238.251,0.96,316.88,0.95,232.3,0.97,346.95,0.98,547.0,0.03,313.29,0.02,552.0,0.04,270.79,0.05,232.3,0.01,0.01,2339.121805,1776266037000
1776266038.717,238.717,0.96,410.58,0.95,223.3,0.97,314.16,0.98,547.0,0.03,346.95,0.02,547.0,0.04,316.88,0.05,232.3,0.01,0.01,2339.121805,1776266037000
1776266039.935,239.935,0.96,580.73,0.95,209.93,0.97,275.5,0.98,552.0,0.03,314.16,0.02,547.0,0.04,414.35,0.05,213.3,0.01,0.01,2339.135255,1776266038000
1776266040.255,240.255,0.96,421.43,0.95,184.43,0.97,270.5,0.98,542.0,0.03,275.5,0.02,552.0,0.04,580.73,0.05,209.93,0.01,0.01,2339.204645,1776266039000
1776266040.702,240.702,0.96,324.1,0.95,179.43,0.97,274.46,0.98,542.0,0.03,270.5,0.02,542.0,0.04,421.43,0.05,184.43,0.01,0.01,2339.204645,1776266039000
1776266041.093,241.093,0.96,395.1,0.95,179.43,0.97,261.34,0.98,542.0,0.03,271.34,0.02,542.0,0.04,324.1,0.05,179.43,0.01,0.01,2339.204645,1776266039000
1776266041.365,241.365,0.96,395.1,0.95,179.43,0.97,249.07,0.98,542.0,0.03,254.07,0.02,542.0,0.04,395.1,0.05,179.43,0.01,0.01,2339.204645,1776266039000
1776266041.596,241.596,0.96,395.1,0.95,179.43,0.97,248.03,0.98,542.0,0.03,249.07,0.02,542.0,0.04,395.1,0.05,179.43,0.01,0.01,2339.204645,1776266039000
1776266042.173,242.173,0.96,385.1,0.95,179.43,0.97,233.95,0.98,553.44,0.03,238.95,0.02,553.44,0.04,385.1,0.05,179.43,0.01,0.01,2339.147625,1776266040000
1776266042.551,242.551,0.96,385.1,0.95,179.43,0.97,232.91,0.98,553.44,0.03,233.95,0.02,553.44,0.04,385.1,0.05,179.43,0.01,0.01,2339.391627,1776266041000
1776266042.805,242.805,0.96,460.1,0.95,179.43,0.97,221.79,0.98,553.44,0.03,232.91,0.02,553.44,0.04,385.1,0.05,179.43,0.01,0.01,2339.391627,1776266041000
1776266043.028,243.028,0.96,460.1,0.95,189.43,0.97,216.64,0.98,542.0,0.03,221.79,0.02,553.44,0.04,460.1,0.05,179.43,0.01,0.01,2339.391627,1776266041000
1776266043.316,243.316,0.96,455.1,0.95,189.43,0.97,72.62,0.98,542.0,0.03,82.73,0.02,542.0,0.04,455.1,0.05,189.43,0.01,0.01,2339.370999,1776266042000
1776266043.528,243.528,0.96,455.1,0.95,179.43,0.97,32.62,0.98,542.0,0.03,72.62,0.02,542.0,0.04,455.1,0.05,189.43,0.01,0.01,2339.370999,1776266042000
1776266043.742,243.742,0.96,460.1,0.95,179.43,0.97,16.79,0.98,542.0,0.03,21.94,0.02,542.0,0.04,460.1,0.05,179.43,0.01,0.01,2339.370999,1776266042000
1776266044.181,244.181,0.96,557.1,0.95,204.43,0.98,542.0,0.99,2412.0,0.03,16.79,0.02,542.0,0.04,460.1,0.05,179.43,0.02,0.01,2339.370999,1776266042000
1776266044.433,244.433,0.97,201.32,0.96,438.1,0.98,582.29,0.99,2412.0,0.02,542.0,0.01,2412.0,0.04,557.1,0.05,204.43,0.01,0.02,2339.35549,1776266043000
1776266044.688,244.688,0.97,302.76,0.96,341.1,0.98,569.29,0.99,2412.0,0.02,569.29,0.01,2412.0,0.03,182.32,0.04,341.1,0.01,0.01,2339.35549,1776266043000
1776266045.335,245.335,0.97,440.1,0.96,217.9,0.98,543.23,0.99,2412.0,0.02,549.29,0.01,2412.0,0.03,302.76,0.04,375.1,0.01,0.01,2339.35549,1776266043000
1776266045.741,245.741,0.97,638.1,0.96,217.9,0.98,542.2,0.99,2412.0,0.02,543.23,0.01,2412.0,0.03,440.1,0.04,217.9,0.01,0.01,2339.575468,1776266044000
1776266046.175,246.175,0.97,538.1,0.96,217.9,0.98,539.16,0.99,2412.0,0.02,542.2,0.01,2412.0,0.03,638.1,0.04,217.9,0.01,0.01,2339.575468,1776266044000
1776266046.46,246.46,0.97,635.63,0.96,217.9,0.98,534.07,0.99,2412.0,0.02,534.07,0.01,2412.0,0.03,658.41,0.04,217.9,0.01,0.01,2339.583183,1776266045000
1776266046.739,246.739,0.97,630.63,0.96,217.9,0.98,456.77,0.99,2412.0,0.02,534.07,0.01,2412.0,0.03,635.63,0.04,217.9,0.01,0.01,2339.583183,1776266045000
1776266046.99,246.99,0.97,635.63,0.96,217.9,0.98,455.74,0.99,2412.0,0.02,456.77,0.01,2412.0,0.03,630.63,0.04,217.9,0.01,0.01,2339.583183,1776266045000
1776266047.289,247.289,0.97,635.63,0.96,217.9,0.98,454.71,0.99,2412.0,0.02,455.74,0.01,2412.0,0.03,635.63,0.04,217.9,0.01,0.01,2339.583183,1776266045000
1776266047.508,247.508,0.97,606.22,0.96,217.9,0.98,454.71,0.99,2412.0,0.02,454.71,0.01,2412.0,0.03,635.63,0.04,217.9,0.01,0.01,2339.613622,1776266046000
1776266048.09,248.09,0.97,565.67,0.96,222.9,0.98,419.61,0.99,2412.0,0.02,449.61,0.01,2412.0,0.03,606.22,0.04,217.9,0.01,0.01,2339.613622,1776266046000
1776266048.457,248.457,0.97,537.89,0.96,201.9,0.98,419.61,0.99,2412.0,0.02,419.61,0.01,2412.0,0.03,565.67,0.04,222.9,0.01,0.01,2339.64288,1776266047000
1776266049.182,249.182,0.97,522.89,0.96,201.9,0.98,304.0,0.99,2412.0,0.02,389.61,0.01,2412.0,0.03,537.89,0.04,201.9,0.01,0.01,2339.64288,1776266047000
1776266049.468,249.468,0.97,524.89,0.96,201.9,0.98,94.91,0.99,2412.0,0.02,304.0,0.01,2412.0,0.03,522.89,0.04,201.9,0.01,0.01,2339.685959,1776266048000
1776266050.039,250.039,0.97,539.89,0.96,201.9,0.98,89.81,0.99,2412.0,0.02,94.91,0.01,2412.0,0.03,524.89,0.04,201.9,0.01,0.01,2339.685959,1776266048000
1776266050.261,250.261,0.97,591.57,0.96,201.9,0.99,2407.54,,,0.02,34.21,0.01,2412.0,0.03,596.57,0.04,201.9,0.02,0.01,2339.685959,1776266048000
1776266050.546,250.546,0.98,350.7,0.97,440.57,0.99,2339.0,,,0.01,2394.54,,,0.02,350.7,0.03,450.57,0.01,0.01,2339.685959,1776266048000
1776266050.764,250.764,0.98,469.69,0.97,474.57,0.99,2297.72,,,0.01,2304.64,,,0.02,365.7,0.03,440.57,0.01,0.01,2339.69707,1776266049000
1776266051.007,251.007,0.98,440.69,0.97,364.57,0.99,2271.65,,,0.01,2277.72,,,0.02,469.69,0.03,474.57,0.01,0.01,2339.69707,1776266049000
1776266051.222,251.222,0.98,695.95,0.97,237.23,0.99,2136.27,,,0.01,2142.34,,,0.02,440.69,0.03,364.57,0.01,0.01,2339.69707,1776266049000
1776266051.939,251.939,0.98,700.73,0.97,237.23,0.99,2041.22,,,0.01,1945.27,,,0.02,680.73,0.03,237.23,0.01,0.01,2339.706855,1776266051000
1776266052.252,252.252,0.98,695.73,0.97,203.23,0.99,740.22,,,0.01,2041.22,,,0.02,700.73,0.03,237.23,0.01,0.01,2339.706855,1776266051000
1776266052.553,252.553,0.98,758.99,0.97,402.23,0.99,725.61,,,0.01,727.61,,,0.02,700.73,0.03,253.23,0.01,0.01,2339.706855,1776266051000
1776266053.193,253.193,0.99,2458.96,0.98,489.74,,,,,,,,,0.01,1801.39,0.02,753.99,,,2339.973907,1776266052000
1776266057.93,257.93,0.99,12174.06,0.98,368.95,,,,,,,,,0.01,2381.18,0.02,489.74,,,2340.38333,1776266055000
1776266059.49,259.49,0.99,12229.08,0.98,276.95,,,,,,,,,0.01,12174.06,0.02,368.95,,,2340.82409,1776266057000
1776266068.388,268.388,0.99,11692.11,0.98,271.96,,,,,,,,,0.01,12229.08,0.02,276.95,,,2341.02224,1776266067000
1776266074.95,274.95,0.99,11973.47,0.98,271.96,,,,,,,,,0.01,11692.11,0.02,271.96,,,2341.011631,1776266073000
1776266081.76,281.76,0.99,13868.68,0.98,90.33,,,,,,,,,0.01,11973.47,0.02,271.96,,,2341.71904,1776266080000
1776266094.846,294.846,0.99,15055.01,0.98,80.33,,,,,,,,,0.01,13868.68,0.02,90.33,,,2344.860935,1776266093000
1776266099.544,299.544,0.99,31371.8,0.98,174.26,,,,,,,,,0.01,15055.01,0.02,80.33,,,2347.9711,1776266098000
1776266100.527,300.527,0.99,79074.43,0.98,174.26,,,,,,,,,0.01,31371.8,0.02,174.26,,,2349.106103,1776266099000

# RESULT,winner=Up,slug=eth-updown-5m-1776265800,ticks=391
