timestamp,elapsed_sec,up_bid_p1,up_bid_s1,up_bid_p2,up_bid_s2,up_ask_p1,up_ask_s1,up_ask_p2,up_ask_s2,down_bid_p1,down_bid_s1,down_bid_p2,down_bid_s2,down_ask_p1,down_ask_s1,down_ask_p2,down_ask_s2,up_spread,down_spread,eth_price,eth_oracle_ts
1776223811.377,11.377,0.58,23.0,0.57,113.5,0.59,15.5,0.6,10.0,0.41,15.5,0.4,10.0,0.42,58.0,0.43,123.5,0.01,0.01,2327.724345,1776223810000
1776223811.679,11.679,0.58,58.0,0.57,123.5,0.59,2.95,0.6,10.0,0.41,15.5,0.4,10.0,0.42,58.0,0.43,123.5,0.01,0.01,2327.724345,1776223810000
1776223811.9,11.9,0.58,53.0,0.57,18.0,0.6,16.38,0.61,20.0,0.41,2.95,0.4,25.0,0.42,70.0,0.43,193.5,0.02,0.01,2327.724345,1776223810000
1776223812.337,12.337,0.56,23.65,0.55,10.0,0.57,64.72,0.58,60.5,0.4,16.38,0.39,20.0,0.42,53.0,0.43,18.0,0.01,0.02,2327.92272,1776223811000
1776223812.763,12.763,0.56,6.65,0.55,10.0,0.57,64.72,0.58,60.5,0.43,64.72,0.42,60.5,0.44,13.65,0.45,10.0,0.01,0.01,2327.92272,1776223811000
1776223813.265,13.265,0.56,6.65,0.55,10.0,0.57,64.72,0.58,60.5,0.43,64.72,0.42,60.5,0.44,6.65,0.45,10.0,0.01,0.01,2327.9412,1776223812000
1776223814.092,14.092,0.56,37.15,0.55,10.5,0.57,35.14,0.58,45.5,0.43,64.72,0.42,60.5,0.44,6.65,0.45,10.0,0.01,0.01,2327.9412,1776223812000
1776223814.382,14.382,0.56,37.15,0.55,10.5,0.57,35.14,0.58,45.5,0.43,35.14,0.42,45.5,0.44,37.15,0.45,10.5,0.01,0.01,2327.90362,1776223813000
1776223814.722,14.722,0.56,21.65,0.55,10.5,0.57,32.14,0.58,45.5,0.43,35.14,0.42,45.5,0.44,37.15,0.45,10.5,0.01,0.01,2327.90362,1776223813000
1776223815.124,15.124,0.56,21.65,0.55,10.5,0.57,32.14,0.58,45.5,0.43,32.14,0.42,45.5,0.44,21.65,0.45,10.5,0.01,0.01,2327.885585,1776223814000
1776223815.79,15.79,0.57,5.0,0.56,28.0,0.58,25.5,0.59,25.5,0.43,5.0,0.4,6.0,0.44,116.39,0.45,127.96,0.01,0.01,2327.885585,1776223814000
1776223816.296,16.296,0.57,5.0,0.56,28.0,0.58,25.5,0.59,25.5,0.42,25.5,0.41,25.5,0.43,5.0,0.44,28.0,0.01,0.01,2327.83344,1776223815000
1776223817.132,17.132,0.57,20.0,0.56,33.5,0.58,25.5,0.59,30.5,0.42,25.5,0.41,25.5,0.43,5.0,0.44,28.0,0.01,0.01,2327.83344,1776223815000
1776223817.425,17.425,0.57,20.0,0.56,33.5,0.58,25.5,0.59,30.5,0.42,25.5,0.41,30.5,0.43,20.0,0.44,33.5,0.01,0.01,2327.981925,1776223816000
1776223817.926,17.926,0.57,17.67,0.56,43.5,0.58,20.5,0.59,30.5,0.42,20.5,0.41,30.5,0.43,17.67,0.44,43.5,0.01,0.01,2328.0288,1776223817000
1776223818.906,18.906,0.57,17.67,0.56,43.5,0.58,20.5,0.59,30.5,0.42,20.5,0.41,30.5,0.43,17.67,0.44,43.5,0.01,0.01,2327.93934,1776223818000
1776223819.891,19.891,0.57,20.0,0.56,20.5,0.58,25.1,0.59,30.5,0.42,25.1,0.41,30.5,0.43,20.0,0.44,20.5,0.01,0.01,2327.92836,1776223819000
1776223820.819,20.819,0.59,13.25,0.58,30.5,0.6,21.0,0.61,37.5,0.42,22.78,0.41,30.5,0.43,20.0,0.44,35.5,0.01,0.01,2327.92836,1776223819000
1776223821.596,21.596,0.59,25.5,0.58,35.5,0.6,24.06,0.61,25.0,0.4,21.0,0.39,37.5,0.41,13.25,0.42,30.5,0.01,0.01,2327.969,1776223820000
1776223821.862,21.862,0.59,23.06,0.58,35.5,0.6,24.06,0.61,25.0,0.4,24.06,0.39,25.0,0.41,23.06,0.42,35.5,0.01,0.01,2327.921965,1776223821000
1776223822.088,22.088,0.65,55.5,0.64,67.03,0.66,12.63,0.69,12.0,0.34,12.73,0.32,5.0,0.36,30.5,0.37,15.0,0.01,0.02,2327.921965,1776223821000
1776223822.941,22.941,0.65,133.46,0.64,73.03,0.66,10.26,0.69,12.0,0.34,10.26,0.31,12.0,0.35,133.46,0.36,73.03,0.01,0.01,2327.967465,1776223822000
1776223823.306,23.306,0.65,139.1,0.64,33.5,0.66,10.26,0.68,8.0,0.34,10.26,0.32,8.0,0.35,171.49,0.36,33.5,0.01,0.01,2327.967465,1776223822000
1776223823.594,23.594,0.65,159.91,0.64,46.5,0.66,10.26,0.68,8.0,0.34,10.26,0.32,8.0,0.35,139.1,0.36,33.5,0.01,0.01,2327.967465,1776223822000
1776223823.903,23.903,0.65,159.91,0.64,46.5,0.66,10.26,0.68,8.0,0.34,10.26,0.32,8.0,0.35,159.91,0.36,46.5,0.01,0.01,2328.449709,1776223823000
1776223824.205,24.205,0.68,17.25,0.67,20.5,0.69,16.4,0.7,15.0,0.31,8.0,0.3,15.0,0.32,27.25,0.33,25.5,0.01,0.01,2328.449709,1776223823000
1776223824.472,24.472,0.68,16.25,0.67,25.5,0.69,21.4,0.7,20.0,0.31,16.4,0.3,15.0,0.32,17.25,0.33,20.5,0.01,0.01,2328.449709,1776223823000
1776223824.674,24.674,0.68,18.12,0.67,38.5,0.69,8.0,0.7,15.0,0.31,21.4,0.3,20.0,0.32,16.25,0.33,25.5,0.01,0.01,2328.449709,1776223823000
1776223824.945,24.945,0.68,18.12,0.67,38.5,0.69,8.0,0.7,15.0,0.31,8.0,0.3,15.0,0.32,18.12,0.33,38.5,0.01,0.01,2328.553525,1776223824000
1776223825.148,25.148,0.68,28.12,0.67,38.5,0.69,11.4,0.7,20.0,0.31,8.0,0.3,15.0,0.32,18.12,0.33,38.5,0.01,0.01,2328.553525,1776223824000
1776223825.716,25.716,0.69,37.69,0.68,43.62,0.7,14.0,0.71,15.0,0.31,11.4,0.3,20.0,0.32,28.12,0.33,38.5,0.01,0.01,2328.553525,1776223824000
1776223826.177,26.177,0.69,37.69,0.68,48.62,0.7,6.91,0.71,15.0,0.3,14.0,0.29,15.0,0.31,37.69,0.32,43.62,0.01,0.01,2328.584705,1776223825000
1776223826.886,26.886,0.69,42.69,0.68,58.08,0.72,32.41,0.73,100.5,0.28,32.41,0.27,100.5,0.31,42.69,0.32,58.08,0.03,0.03,2328.6646,1776223826000
1776223827.279,27.279,0.7,30.0,0.69,27.69,0.72,29.63,0.73,105.5,0.28,32.97,0.27,105.5,0.3,45.5,0.31,37.69,0.02,0.02,2328.6646,1776223826000
1776223827.867,27.867,0.66,10.0,0.65,25.0,0.67,73.65,0.68,31.0,0.28,29.63,0.27,105.5,0.3,30.0,0.31,27.69,0.01,0.02,2328.6646,1776223826000
1776223828.554,28.554,0.65,31.6,0.62,10.0,0.66,82.0,0.67,83.65,0.33,73.65,0.32,31.0,0.34,10.0,0.35,25.0,0.01,0.01,2328.691784,1776223827000
1776223828.895,28.895,0.65,31.6,0.62,10.0,0.66,82.0,0.67,83.65,0.34,82.0,0.33,83.65,0.35,31.6,0.38,10.0,0.01,0.01,2328.77081,1776223828000
1776223829.352,29.352,0.65,38.45,0.63,20.5,0.66,99.5,0.67,38.5,0.34,82.0,0.33,83.65,0.35,31.6,0.38,10.0,0.01,0.01,2328.77081,1776223828000
1776223829.681,29.681,0.65,18.3,0.59,2.56,0.66,163.5,0.67,119.5,0.34,99.5,0.33,38.5,0.35,38.45,0.37,20.5,0.01,0.01,2328.77081,1776223828000
1776223830.17,30.17,0.59,23.8,0.58,15.0,0.6,37.5,0.61,25.0,0.34,128.5,0.33,187.32,0.41,2.56,0.43,15.0,0.01,0.07,2328.77081,1776223828000
1776223830.406,30.406,0.59,23.8,0.58,15.0,0.6,37.5,0.61,25.0,0.4,37.5,0.39,25.0,0.41,23.8,0.42,15.0,0.01,0.01,2328.38479,1776223829000
1776223830.641,30.641,0.59,18.38,0.58,25.5,0.6,30.5,0.61,15.0,0.4,37.5,0.39,25.0,0.41,23.8,0.42,15.0,0.01,0.01,2328.38479,1776223829000
1776223830.9,30.9,0.59,10.72,0.58,25.5,0.6,30.5,0.61,15.0,0.4,30.5,0.39,15.0,0.41,10.72,0.42,25.5,0.01,0.01,2328.4571,1776223830000
1776223831.319,31.319,0.58,16.22,0.57,79.03,0.6,25.5,0.61,15.0,0.4,25.5,0.39,15.0,0.41,15.72,0.42,25.5,0.02,0.01,2328.4571,1776223830000
1776223831.712,31.712,0.59,28.06,0.58,21.22,0.6,15.0,0.61,25.5,0.4,25.5,0.39,15.0,0.42,16.22,0.43,79.03,0.01,0.02,2328.4571,1776223830000
1776223832.92,32.92,0.59,28.06,0.58,21.22,0.6,15.0,0.61,25.5,0.4,15.0,0.39,25.5,0.41,28.06,0.42,21.22,0.01,0.01,2328.14138,1776223832000
1776223833.881,33.881,0.59,28.06,0.58,21.22,0.6,15.0,0.61,25.5,0.4,15.0,0.39,25.5,0.41,28.06,0.42,21.22,0.01,0.01,2328.182098,1776223833000
1776223834.881,34.881,0.6,25.0,0.59,28.06,0.62,5.5,0.63,15.0,0.38,5.5,0.37,15.0,0.4,25.0,0.41,28.06,0.02,0.02,2328.143265,1776223834000
1776223835.859,35.859,0.6,25.0,0.59,28.06,0.62,5.5,0.63,15.0,0.38,5.5,0.37,15.0,0.4,25.0,0.41,28.06,0.02,0.02,2328.148265,1776223835000
1776223836.204,36.204,0.6,17.5,0.59,30.5,0.61,30.5,0.62,10.5,0.38,5.5,0.37,15.0,0.4,25.0,0.41,28.06,0.01,0.02,2328.148265,1776223835000
1776223836.84,36.84,0.6,17.5,0.59,30.5,0.61,30.5,0.62,10.5,0.39,30.5,0.38,10.5,0.4,17.5,0.41,30.5,0.01,0.01,2328.197495,1776223836000
1776223838.82,38.82,0.6,17.5,0.59,30.5,0.61,30.5,0.62,10.5,0.39,30.5,0.38,10.5,0.4,17.5,0.41,30.5,0.01,0.01,2328.18906,1776223837000
1776223839.396,39.396,0.6,17.5,0.59,30.5,0.61,30.5,0.62,10.5,0.39,30.5,0.38,10.5,0.4,17.5,0.41,30.5,0.01,0.01,2328.20719,1776223838000
1776223839.978,39.978,0.6,17.5,0.59,30.5,0.61,30.5,0.62,10.5,0.39,30.5,0.38,10.5,0.4,17.5,0.41,30.5,0.01,0.01,2328.16008,1776223839000
1776223841.028,41.028,0.6,17.5,0.59,30.5,0.61,30.5,0.62,10.5,0.39,30.5,0.38,10.5,0.4,17.5,0.41,30.5,0.01,0.01,2328.209425,1776223840000
1776223841.625,41.625,0.6,40.5,0.59,71.49,0.62,41.0,0.63,35.5,0.38,26.0,0.37,35.5,0.39,7.17,0.4,28.0,0.02,0.01,2328.209425,1776223840000
1776223842.152,42.152,0.6,40.5,0.59,71.49,0.62,41.0,0.63,35.5,0.38,41.0,0.37,35.5,0.4,40.5,0.41,71.49,0.02,0.02,2328.204481,1776223841000
1776223843.238,43.238,0.6,55.5,0.59,71.49,0.62,34.38,0.63,35.5,0.38,34.38,0.37,35.5,0.4,55.5,0.41,71.49,0.02,0.02,2328.16219,1776223842000
1776223844.274,44.274,0.6,55.5,0.59,71.49,0.62,37.76,0.63,35.5,0.38,37.76,0.37,35.5,0.4,55.5,0.41,71.49,0.02,0.02,2328.199151,1776223843000
1776223845.33,45.33,0.6,55.5,0.59,71.49,0.62,37.76,0.63,35.5,0.38,37.76,0.37,35.5,0.4,55.5,0.41,71.49,0.02,0.02,2328.142795,1776223844000
1776223845.954,45.954,0.6,55.5,0.59,71.49,0.62,37.76,0.63,35.5,0.38,37.76,0.37,35.5,0.4,55.5,0.41,71.49,0.02,0.02,2328.142795,1776223845000
1776223846.966,46.966,0.61,5.0,0.6,55.5,0.62,25.64,0.63,35.5,0.38,25.64,0.37,35.5,0.39,5.0,0.4,55.5,0.01,0.01,2328.14806,1776223846000
1776223847.988,47.988,0.61,5.0,0.6,55.5,0.62,25.64,0.63,35.5,0.38,25.64,0.37,35.5,0.39,5.0,0.4,55.5,0.01,0.01,2328.151605,1776223847000
1776223849.128,49.128,0.61,5.0,0.6,55.5,0.62,25.64,0.63,35.5,0.38,25.64,0.37,35.5,0.39,5.0,0.4,55.5,0.01,0.01,2328.267879,1776223848000
1776223850.262,50.262,0.61,5.0,0.6,55.5,0.62,25.64,0.63,35.5,0.38,25.64,0.37,35.5,0.39,5.0,0.4,55.5,0.01,0.01,2328.213175,1776223849000
1776223851.051,51.051,0.6,20.0,0.59,69.03,0.61,67.0,0.62,45.5,0.38,25.64,0.37,35.5,0.39,5.0,0.4,55.5,0.01,0.01,2328.213175,1776223849000
1776223851.57,51.57,0.6,20.0,0.59,69.03,0.61,67.08,0.62,45.5,0.39,67.0,0.38,45.5,0.4,20.0,0.41,69.03,0.01,0.01,2328.138139,1776223850000
1776223852.291,52.291,0.6,20.0,0.59,69.03,0.61,67.08,0.62,45.5,0.39,67.08,0.38,45.5,0.4,20.0,0.41,69.03,0.01,0.01,2328.09338,1776223851000
1776223852.537,52.537,0.57,4.25,0.54,5.0,0.59,82.5,0.6,105.5,0.39,67.08,0.38,45.5,0.4,20.0,0.41,69.03,0.02,0.01,2328.09338,1776223851000
1776223852.751,52.751,0.53,5.96,0.52,5.0,0.55,32.0,0.56,20.0,0.42,40.5,0.41,145.5,0.46,4.9,0.48,11.0,0.02,0.04,2328.09338,1776223851000
1776223853.327,53.327,0.53,5.96,0.52,5.0,0.55,32.0,0.56,20.0,0.45,32.0,0.44,20.0,0.47,5.96,0.48,5.0,0.02,0.02,2328.13383,1776223852000
1776223853.685,53.685,0.53,20.96,0.52,6.0,0.54,52.5,0.55,65.5,0.45,32.0,0.44,20.0,0.47,5.96,0.48,5.0,0.01,0.02,2328.13383,1776223852000
1776223853.899,53.899,0.53,6.04,0.49,40.53,0.54,162.5,0.55,60.5,0.46,52.5,0.45,65.5,0.47,20.96,0.48,6.0,0.01,0.01,2328.13383,1776223852000
1776223854.129,54.129,0.44,13.0,0.43,10.0,0.5,22.0,0.51,60.0,0.5,22.0,0.49,10.0,0.51,9.53,0.56,5.0,0.06,0.01,2328.09338,1776223853000
1776223854.424,54.424,0.43,121.9,0.42,85.5,0.45,10.0,0.46,15.0,0.56,5.0,0.55,10.0,0.57,16.4,0.6,15.0,0.02,0.01,2328.09338,1776223853000
1776223854.736,54.736,0.44,13.5,0.43,116.9,0.45,15.0,0.46,25.5,0.55,10.0,0.54,15.0,0.57,121.9,0.58,85.5,0.01,0.02,2328.09338,1776223853000
1776223855.063,55.063,0.44,13.5,0.43,116.9,0.45,10.0,0.46,25.5,0.55,10.0,0.54,25.5,0.56,13.5,0.57,116.9,0.01,0.01,2327.822758,1776223854000
1776223855.363,55.363,0.45,30.5,0.44,100.5,0.47,25.5,0.48,25.5,0.55,10.0,0.54,25.5,0.56,13.5,0.57,116.9,0.02,0.01,2327.822758,1776223854000
1776223856.051,56.051,0.45,30.5,0.44,100.5,0.47,25.5,0.48,25.5,0.53,25.5,0.52,25.5,0.55,30.5,0.56,100.5,0.02,0.02,2327.435143,1776223855000
1776223857.075,57.075,0.45,30.5,0.44,100.5,0.47,25.5,0.48,25.5,0.53,25.5,0.52,25.5,0.55,30.5,0.56,100.5,0.02,0.02,2327.314465,1776223856000
1776223858.098,58.098,0.48,5.0,0.47,5.0,0.49,46.8,0.5,35.5,0.51,46.8,0.5,35.5,0.52,5.0,0.53,5.0,0.01,0.01,2327.405667,1776223857000
1776223859.131,59.131,0.48,5.0,0.47,5.0,0.49,46.8,0.5,35.5,0.51,46.8,0.5,35.5,0.52,5.0,0.53,5.0,0.01,0.01,2327.30705,1776223858000
1776223860.065,60.065,0.48,5.0,0.47,5.0,0.49,46.8,0.5,35.5,0.51,46.8,0.5,35.5,0.52,5.0,0.53,5.0,0.01,0.01,2327.292015,1776223859000
1776223861.052,61.052,0.48,5.0,0.47,5.0,0.49,46.8,0.5,35.5,0.51,46.8,0.5,35.5,0.52,5.0,0.53,5.0,0.01,0.01,2327.29203,1776223860000
1776223861.75,61.75,0.44,10.0,0.43,4.4,0.48,5.0,0.49,146.8,0.51,46.8,0.5,35.5,0.52,5.0,0.53,5.0,0.04,0.01,2327.29203,1776223860000
1776223862.067,62.067,0.42,4.92,0.41,29.5,0.44,10.0,0.45,32.5,0.56,10.0,0.55,32.5,0.58,4.92,0.59,29.5,0.02,0.02,2327.381727,1776223861000
1776223862.286,62.286,0.42,4.92,0.41,19.0,0.43,72.5,0.44,25.5,0.56,10.0,0.55,32.5,0.58,4.92,0.59,29.5,0.01,0.02,2327.381727,1776223861000
1776223863.006,63.006,0.42,4.92,0.41,19.0,0.43,72.5,0.44,25.5,0.57,72.5,0.56,25.5,0.58,4.92,0.59,19.0,0.01,0.01,2327.316375,1776223862000
1776223863.308,63.308,0.35,17.0,0.34,85.5,0.36,39.75,0.37,10.0,0.64,50.5,0.63,10.0,0.65,24.8,0.66,75.0,0.01,0.01,2327.316375,1776223862000
1776223864.059,64.059,0.35,17.0,0.34,85.5,0.36,38.01,0.37,10.0,0.64,38.01,0.63,10.0,0.65,17.0,0.66,85.5,0.01,0.01,2327.16975,1776223863000
1776223864.675,64.675,0.4,44.33,0.39,109.5,0.41,15.5,0.42,25.5,0.64,38.01,0.63,10.0,0.65,17.0,0.66,85.5,0.01,0.01,2327.16975,1776223863000
1776223865.038,65.038,0.4,44.33,0.39,109.5,0.41,15.5,0.42,25.5,0.59,15.5,0.58,25.5,0.6,44.33,0.61,109.5,0.01,0.01,2326.875865,1776223864000
1776223865.374,65.374,0.4,21.46,0.39,104.0,0.41,40.5,0.42,20.5,0.59,15.5,0.58,25.5,0.6,44.33,0.61,109.5,0.01,0.01,2326.875865,1776223864000
1776223865.647,65.647,0.4,21.46,0.39,96.0,0.41,37.78,0.42,20.5,0.59,40.5,0.58,20.5,0.6,21.46,0.61,104.0,0.01,0.01,2326.875865,1776223864000
1776223866.031,66.031,0.4,21.46,0.39,96.0,0.41,37.78,0.42,20.5,0.59,37.78,0.58,20.5,0.6,21.46,0.61,96.0,0.01,0.01,2326.87774,1776223865000
1776223866.476,66.476,0.4,13.33,0.39,96.0,0.41,70.27,0.42,25.5,0.59,37.78,0.58,20.5,0.6,21.46,0.61,96.0,0.01,0.01,2326.87774,1776223865000
1776223866.947,66.947,0.4,3.33,0.39,111.0,0.41,56.4,0.42,25.5,0.59,70.27,0.58,25.5,0.6,13.33,0.61,96.0,0.01,0.01,2326.87774,1776223865000
1776223867.981,67.981,0.4,3.33,0.39,111.0,0.41,56.4,0.42,25.5,0.59,56.4,0.58,25.5,0.6,3.33,0.61,111.0,0.01,0.01,2327.00781,1776223867000
1776223868.519,68.519,0.44,26.0,0.43,36.5,0.45,10.0,0.46,38.5,0.59,56.4,0.58,25.5,0.6,3.33,0.61,111.0,0.01,0.01,2327.00781,1776223867000
1776223868.981,68.981,0.44,26.0,0.43,36.5,0.45,4.93,0.46,38.5,0.55,4.93,0.54,38.5,0.56,26.0,0.57,36.5,0.01,0.01,2326.99758,1776223868000
1776223870.008,70.008,0.44,26.0,0.43,36.5,0.45,4.93,0.46,38.5,0.55,4.93,0.54,38.5,0.56,26.0,0.57,36.5,0.01,0.01,2327.076702,1776223869000
1776223870.743,70.743,0.45,86.5,0.44,66.5,0.46,10.0,0.5,13.0,0.55,4.93,0.54,38.5,0.56,26.0,0.57,36.5,0.01,0.01,2327.076702,1776223869000
1776223870.948,70.948,0.45,91.5,0.44,61.5,0.5,9.84,0.51,33.0,0.5,9.84,0.49,33.0,0.55,91.5,0.56,61.5,0.05,0.05,2327.086048,1776223870000
1776223871.299,71.299,0.5,106.34,0.49,42.0,0.51,14.9,0.54,5.0,0.5,9.84,0.49,33.0,0.55,91.5,0.56,61.5,0.01,0.05,2327.086048,1776223870000
1776223871.644,71.644,0.53,51.5,0.52,31.5,0.55,6.0,0.56,38.5,0.46,5.0,0.44,28.0,0.5,98.5,0.51,37.0,0.02,0.04,2327.086048,1776223870000
1776223872.167,72.167,0.57,26.5,0.56,31.5,0.58,81.67,0.59,85.0,0.45,6.0,0.44,38.5,0.47,51.5,0.48,31.5,0.01,0.02,2327.086048,1776223870000
1776223872.432,72.432,0.57,46.5,0.56,36.5,0.58,83.67,0.59,98.0,0.42,81.67,0.41,85.0,0.43,26.5,0.44,31.5,0.01,0.01,2327.1635,1776223871000
1776223872.829,72.829,0.58,21.5,0.57,46.5,0.59,27.0,0.6,35.0,0.41,28.0,0.4,22.0,0.43,46.5,0.44,36.5,0.01,0.02,2327.1635,1776223871000
1776223873.531,73.531,0.58,21.5,0.57,46.5,0.59,27.0,0.6,35.0,0.41,27.0,0.4,35.0,0.42,21.5,0.43,46.5,0.01,0.01,2327.590038,1776223872000
1776223873.88,73.88,0.58,40.88,0.57,41.5,0.59,3.0,0.6,59.48,0.41,44.0,0.4,81.48,0.42,5.38,0.43,46.5,0.01,0.01,2327.590038,1776223872000
1776223874.103,74.103,0.58,40.88,0.57,41.5,0.59,3.0,0.6,59.48,0.41,3.0,0.4,59.48,0.42,40.88,0.43,41.5,0.01,0.01,2327.727976,1776223873000
1776223874.583,74.583,0.59,56.5,0.58,40.88,0.6,19.48,0.61,18.0,0.41,3.0,0.4,59.48,0.42,40.88,0.43,41.5,0.01,0.01,2327.727976,1776223873000
1776223874.87,74.87,0.59,68.89,0.58,40.88,0.6,19.48,0.61,18.0,0.4,19.48,0.39,18.0,0.41,56.5,0.42,40.88,0.01,0.01,2327.727976,1776223873000
1776223875.237,75.237,0.59,68.89,0.58,40.88,0.6,19.48,0.61,18.0,0.4,19.48,0.39,18.0,0.41,68.89,0.42,40.88,0.01,0.01,2327.886315,1776223874000
1776223875.634,75.634,0.6,56.5,0.59,68.89,0.61,13.22,0.62,46.0,0.4,19.48,0.39,18.0,0.41,68.89,0.42,40.88,0.01,0.01,2327.886315,1776223874000
1776223876.362,76.362,0.6,56.5,0.59,68.89,0.61,13.22,0.62,46.0,0.39,13.22,0.38,46.0,0.4,56.5,0.41,68.89,0.01,0.01,2327.943005,1776223875000
1776223876.835,76.835,0.6,11.11,0.59,63.89,0.61,129.81,0.62,36.0,0.39,124.81,0.38,36.0,0.4,43.64,0.41,63.89,0.01,0.01,2327.943005,1776223875000
1776223877.046,77.046,0.6,11.11,0.59,63.89,0.61,129.81,0.62,36.0,0.39,129.81,0.38,36.0,0.4,11.11,0.41,63.89,0.01,0.01,2327.943005,1776223876000
1776223877.403,77.403,0.6,51.11,0.59,149.89,0.61,60.59,0.63,13.0,0.39,129.81,0.38,36.0,0.4,11.11,0.41,63.89,0.01,0.01,2327.943005,1776223876000
1776223877.729,77.729,0.64,55.5,0.63,135.5,0.66,16.2,0.67,5.0,0.36,23.0,0.35,19.0,0.4,62.11,0.41,149.89,0.02,0.04,2327.943005,1776223876000
1776223878.147,78.147,0.64,101.5,0.63,151.5,0.66,13.13,0.67,106.95,0.34,13.13,0.33,106.95,0.36,101.5,0.37,151.5,0.02,0.02,2327.96081,1776223877000
1776223878.599,78.599,0.65,24.26,0.64,76.5,0.66,33.13,0.67,111.95,0.34,28.13,0.33,106.95,0.35,23.35,0.36,76.5,0.01,0.01,2327.96081,1776223877000
1776223879.002,79.002,0.64,101.5,0.63,146.5,0.65,3.46,0.66,25.0,0.34,43.13,0.33,111.95,0.35,6.34,0.36,76.5,0.01,0.01,2327.96081,1776223877000
1776223879.344,79.344,0.64,101.5,0.63,146.5,0.66,23.1,0.67,111.95,0.34,23.69,0.33,111.95,0.36,106.5,0.37,146.5,0.02,0.02,2327.96081,1776223877000
1776223879.781,79.781,0.64,106.5,0.63,146.5,0.65,9.46,0.66,18.1,0.34,23.1,0.33,111.95,0.36,101.5,0.37,146.5,0.01,0.02,2327.96081,1776223877000
1776223880.352,80.352,0.64,106.5,0.63,146.5,0.65,1.56,0.66,18.1,0.35,3.26,0.34,18.1,0.36,106.5,0.37,146.5,0.01,0.01,2328.183515,1776223878000
1776223880.981,80.981,0.64,106.5,0.63,146.5,0.65,1.56,0.66,18.1,0.35,1.56,0.34,18.1,0.36,106.5,0.37,146.5,0.01,0.01,2328.2252,1776223880000
1776223881.423,81.423,0.59,70.0,0.58,80.0,0.63,102.5,0.64,68.5,0.35,3.48,0.34,23.1,0.36,100.5,0.37,146.5,0.04,0.01,2328.2252,1776223880000
1776223882.069,82.069,0.59,75.85,0.58,95.5,0.6,76.0,0.61,20.0,0.37,102.5,0.36,68.5,0.41,70.0,0.42,80.0,0.01,0.04,2328.2252,1776223880000
1776223882.826,82.826,0.59,181.35,0.58,95.5,0.6,15.33,0.61,10.0,0.4,76.0,0.39,20.0,0.41,75.85,0.42,95.5,0.01,0.01,2328.192805,1776223881000
1776223883.083,83.083,0.59,118.81,0.58,95.5,0.6,10.24,0.61,10.0,0.4,15.33,0.39,10.0,0.41,118.81,0.42,95.5,0.01,0.01,2328.192805,1776223881000
1776223883.444,83.444,0.59,115.2,0.58,95.5,0.6,10.24,0.61,10.0,0.4,10.24,0.39,10.0,0.41,115.2,0.42,95.5,0.01,0.01,2328.191815,1776223882000
1776223884.02,84.02,0.59,115.2,0.58,95.5,0.6,10.24,0.61,10.0,0.4,10.24,0.39,10.0,0.41,115.2,0.42,95.5,0.01,0.01,2328.136765,1776223883000
1776223884.419,84.419,0.59,16.7,0.58,95.5,0.6,43.24,0.61,20.0,0.4,10.24,0.39,10.0,0.41,115.2,0.42,95.5,0.01,0.01,2328.136765,1776223883000
1776223885.208,85.208,0.59,14.26,0.58,95.5,0.6,38.24,0.61,20.0,0.4,38.24,0.39,20.0,0.41,14.26,0.42,95.5,0.01,0.01,2328.04122,1776223884000
1776223886.229,86.229,0.57,63.02,0.56,26.5,0.58,15.0,0.59,65.0,0.4,38.24,0.39,20.0,0.41,14.26,0.42,95.5,0.01,0.01,2328.04122,1776223884000
1776223887.089,87.089,0.57,59.06,0.56,26.5,0.58,78.0,0.59,76.0,0.42,15.0,0.41,65.0,0.43,63.02,0.44,26.5,0.01,0.01,2328.04122,1776223884000
1776223887.353,87.353,0.57,59.06,0.56,26.5,0.58,78.0,0.59,76.0,0.42,78.0,0.41,76.0,0.43,59.06,0.44,26.5,0.01,0.01,2328.054539,1776223885000
1776223888.365,88.365,0.57,59.06,0.56,31.5,0.58,76.15,0.59,76.0,0.42,76.15,0.41,76.0,0.43,59.06,0.44,31.5,0.01,0.01,2328.046,1776223887000
1776223888.733,88.733,0.57,84.56,0.56,46.5,0.58,15.15,0.59,32.0,0.42,76.15,0.41,76.0,0.43,59.06,0.44,31.5,0.01,0.01,2328.046,1776223887000
1776223889.28,89.28,0.57,84.56,0.56,46.5,0.58,15.15,0.59,32.0,0.42,15.15,0.41,32.0,0.43,84.56,0.44,46.5,0.01,0.01,2328.022455,1776223888000
1776223891.072,91.072,0.57,84.56,0.56,46.5,0.58,15.15,0.59,32.0,0.42,15.15,0.41,32.0,0.43,84.56,0.44,46.5,0.01,0.01,2327.937335,1776223889000
1776223891.316,91.316,0.57,77.93,0.56,36.5,0.58,8.3,0.59,22.0,0.42,8.3,0.41,22.0,0.43,89.56,0.44,36.5,0.01,0.01,2327.937335,1776223889000
1776223891.942,91.942,0.57,77.93,0.56,36.5,0.58,8.3,0.59,22.0,0.42,8.3,0.41,22.0,0.43,77.93,0.44,36.5,0.01,0.01,2327.95818,1776223890000
1776223892.652,92.652,0.57,80.44,0.56,36.5,0.58,13.3,0.59,22.0,0.42,8.3,0.41,22.0,0.43,77.93,0.44,36.5,0.01,0.01,2327.95818,1776223890000
1776223893.038,93.038,0.57,69.62,0.56,72.49,0.58,8.3,0.59,17.0,0.42,13.3,0.41,22.0,0.43,80.44,0.44,36.5,0.01,0.01,2327.98798,1776223891000
1776223893.527,93.527,0.57,69.62,0.56,72.49,0.58,8.3,0.59,17.0,0.42,8.3,0.41,17.0,0.43,69.62,0.44,72.49,0.01,0.01,2327.96448,1776223892000
1776223894.242,94.242,0.57,69.62,0.56,72.49,0.58,8.3,0.59,17.0,0.42,8.3,0.41,17.0,0.43,69.62,0.44,72.49,0.01,0.01,2328.073376,1776223893000
1776223895.563,95.563,0.57,69.62,0.56,72.49,0.58,8.3,0.59,17.0,0.42,8.3,0.41,17.0,0.43,69.62,0.44,72.49,0.01,0.01,2328.00259,1776223894000
1776223896.338,96.338,0.57,69.62,0.56,72.49,0.58,8.3,0.59,17.0,0.42,8.3,0.41,17.0,0.43,69.62,0.44,72.49,0.01,0.01,2327.967225,1776223895000
1776223897.075,97.075,0.57,69.62,0.56,72.49,0.58,8.3,0.59,17.0,0.42,8.3,0.41,17.0,0.43,69.62,0.44,72.49,0.01,0.01,2327.95834,1776223896000
1776223898.709,98.709,0.57,59.12,0.56,72.49,0.59,27.54,0.6,15.74,0.41,27.54,0.4,15.74,0.43,59.12,0.44,72.49,0.02,0.02,2327.95333,1776223897000
1776223899.631,99.631,0.57,59.12,0.56,72.49,0.59,27.54,0.6,15.74,0.41,27.54,0.4,15.74,0.43,59.12,0.44,72.49,0.02,0.02,2327.95786,1776223898000
1776223900.014,100.014,0.57,62.63,0.56,72.49,0.59,45.54,0.6,20.74,0.41,27.54,0.4,15.74,0.43,59.12,0.44,72.49,0.02,0.02,2327.95786,1776223898000
1776223900.476,100.476,0.58,10.0,0.57,62.63,0.59,48.84,0.6,30.74,0.41,45.54,0.4,20.74,0.43,62.63,0.44,72.49,0.01,0.02,2327.95786,1776223898000
1776223901.13,101.13,0.58,10.0,0.57,62.63,0.59,48.84,0.6,30.74,0.41,48.84,0.4,30.74,0.42,10.0,0.43,62.63,0.01,0.01,2327.9491,1776223900000
1776223902.861,102.861,0.58,10.0,0.57,62.63,0.59,48.84,0.6,30.74,0.41,48.84,0.4,30.74,0.42,10.0,0.43,62.63,0.01,0.01,2327.947435,1776223901000
1776223903.599,103.599,0.54,5.0,0.53,5.0,0.58,107.5,0.59,81.84,0.41,48.84,0.4,30.74,0.42,10.0,0.43,62.63,0.04,0.01,2327.947435,1776223901000
1776223903.8,103.8,0.53,23.67,0.52,123.55,0.55,15.0,0.56,20.5,0.45,15.0,0.44,20.5,0.47,23.67,0.48,123.55,0.02,0.02,2327.942435,1776223902000
1776223904.79,104.79,0.53,23.67,0.52,123.55,0.55,15.0,0.56,20.5,0.45,15.0,0.44,20.5,0.47,23.67,0.48,123.55,0.02,0.02,2327.94041,1776223903000
1776223905.402,105.402,0.53,23.67,0.52,123.55,0.55,15.0,0.56,20.5,0.45,15.0,0.44,20.5,0.47,23.67,0.48,123.55,0.02,0.02,2327.94532,1776223904000
1776223906.064,106.064,0.54,45.5,0.53,23.67,0.55,53.16,0.56,30.0,0.45,53.16,0.44,30.0,0.46,45.5,0.47,23.67,0.01,0.01,2327.919055,1776223905000
1776223908.086,108.086,0.54,45.5,0.53,23.67,0.55,53.16,0.56,30.0,0.45,53.16,0.44,30.0,0.46,45.5,0.47,23.67,0.01,0.01,2327.89638,1776223906000
1776223908.557,108.557,0.58,194.96,0.57,37.94,0.59,5.0,0.65,5.0,0.45,53.16,0.44,30.0,0.46,45.5,0.47,23.67,0.01,0.01,2327.89638,1776223906000
1776223909.068,109.068,0.64,153.99,0.63,114.5,0.67,10.5,0.68,10.5,0.35,5.0,0.34,19.0,0.42,200.46,0.43,37.94,0.03,0.07,2327.9166,1776223907000
1776223909.292,109.292,0.66,5.0,0.65,96.99,0.67,1.97,0.68,10.5,0.33,1.97,0.32,10.5,0.34,5.0,0.35,96.99,0.01,0.01,2328.014911,1776223908000
1776223909.857,109.857,0.66,60.0,0.65,81.99,0.68,10.5,0.69,50.26,0.33,1.97,0.32,10.5,0.34,5.0,0.35,96.99,0.02,0.01,2328.014911,1776223908000
1776223910.393,110.393,0.67,77.45,0.66,80.99,0.68,15.5,0.69,55.26,0.32,10.5,0.31,50.26,0.34,60.0,0.35,81.99,0.01,0.02,2328.014911,1776223908000
1776223910.606,110.606,0.67,58.53,0.66,85.99,0.68,15.5,0.69,55.26,0.32,15.5,0.31,55.26,0.33,74.11,0.34,80.99,0.01,0.01,2328.014911,1776223908000
1776223911.23,111.23,0.67,58.53,0.66,85.99,0.68,15.5,0.69,55.26,0.32,15.5,0.31,55.26,0.33,58.53,0.34,85.99,0.01,0.01,2328.440638,1776223910000
1776223911.935,111.935,0.67,58.86,0.66,85.99,0.68,15.5,0.69,35.81,0.32,15.5,0.31,55.26,0.33,58.53,0.34,85.99,0.01,0.01,2328.440638,1776223910000
1776223912.499,112.499,0.67,57.19,0.66,60.0,0.68,20.5,0.69,40.81,0.32,15.5,0.31,35.81,0.33,62.19,0.34,85.99,0.01,0.01,2328.440638,1776223910000
1776223912.803,112.803,0.67,67.19,0.66,101.49,0.71,10.5,0.72,17.14,0.32,20.5,0.31,40.81,0.33,57.19,0.34,60.0,0.04,0.01,2328.312585,1776223911000
1776223913.117,113.117,0.67,67.19,0.66,101.49,0.71,4.83,0.72,17.14,0.29,4.83,0.28,17.14,0.33,67.19,0.34,101.49,0.04,0.04,2328.464164,1776223912000
1776223913.318,113.318,0.68,6.25,0.67,15.0,0.71,77.83,0.72,71.03,0.29,4.83,0.28,17.14,0.33,67.19,0.34,101.49,0.03,0.04,2328.464164,1776223912000
1776223913.658,113.658,0.66,10.0,0.64,5.0,0.69,137.5,0.7,214.5,0.29,77.83,0.28,71.03,0.32,6.25,0.33,15.0,0.03,0.03,2328.464164,1776223912000
1776223913.997,113.997,0.66,4.85,0.62,5.0,0.67,72.5,0.68,56.5,0.31,137.5,0.3,214.5,0.34,10.0,0.36,5.0,0.01,0.03,2328.464164,1776223912000
1776223914.416,114.416,0.6,10.0,0.59,10.0,0.67,206.5,0.68,303.5,0.33,206.5,0.32,303.5,0.4,10.0,0.41,10.0,0.07,0.07,2328.35381,1776223913000
1776223915.006,115.006,0.6,10.0,0.59,10.0,0.67,206.5,0.68,303.5,0.33,206.5,0.32,303.5,0.4,10.0,0.41,10.0,0.07,0.07,2328.357105,1776223914000
1776223916.222,116.222,0.6,10.0,0.59,10.0,0.67,206.5,0.68,303.5,0.33,206.5,0.32,303.5,0.4,10.0,0.41,10.0,0.07,0.07,2328.19184,1776223915000
1776223916.556,116.556,0.58,8.6,0.57,20.5,0.59,76.0,0.6,74.5,0.33,206.5,0.32,303.5,0.4,10.0,0.41,10.0,0.01,0.07,2328.19184,1776223915000
1776223917.332,117.332,0.58,8.6,0.57,20.5,0.59,76.0,0.6,74.5,0.41,76.0,0.4,74.5,0.42,8.6,0.43,20.5,0.01,0.01,2328.01033,1776223916000
1776223917.944,117.944,0.58,8.6,0.57,20.5,0.59,76.0,0.6,74.5,0.41,76.0,0.4,74.5,0.42,8.6,0.43,20.5,0.01,0.01,2327.994545,1776223917000
1776223919.014,119.014,0.58,8.6,0.57,20.5,0.59,76.0,0.6,74.5,0.41,76.0,0.4,74.5,0.42,8.6,0.43,20.5,0.01,0.01,2328.023802,1776223918000
1776223920.249,120.249,0.58,8.6,0.57,20.5,0.59,76.0,0.6,74.5,0.41,76.0,0.4,74.5,0.42,8.6,0.43,20.5,0.01,0.01,2327.946491,1776223919000
1776223921.406,121.406,0.58,8.6,0.57,20.5,0.59,76.0,0.6,74.5,0.41,76.0,0.4,74.5,0.42,8.6,0.43,20.5,0.01,0.01,2328.063877,1776223920000
1776223921.901,121.901,0.58,8.6,0.57,20.5,0.59,76.0,0.6,74.5,0.41,76.0,0.4,74.5,0.42,8.6,0.43,20.5,0.01,0.01,2327.966213,1776223921000
1776223922.209,122.209,0.58,29.1,0.57,82.49,0.59,46.91,0.6,59.0,0.41,55.3,0.4,59.0,0.42,29.1,0.43,55.5,0.01,0.01,2327.966213,1776223921000
1776223923.4,123.4,0.65,40.82,0.64,35.5,0.66,10.5,0.67,14.0,0.41,46.91,0.4,59.0,0.42,29.1,0.43,82.49,0.01,0.01,2327.966213,1776223921000
1776223924.244,124.244,0.65,40.82,0.64,35.5,0.66,10.5,0.67,14.0,0.34,10.5,0.33,14.0,0.35,40.82,0.36,35.5,0.01,0.01,2328.03595,1776223923000
1776223924.905,124.905,0.65,40.82,0.64,35.5,0.66,10.5,0.67,14.0,0.34,10.5,0.33,14.0,0.35,40.82,0.36,35.5,0.01,0.01,2328.12085,1776223924000
1776223926.026,126.026,0.65,40.82,0.64,35.5,0.66,10.5,0.67,14.0,0.34,10.5,0.33,14.0,0.35,40.82,0.36,35.5,0.01,0.01,2328.128756,1776223925000
1776223927.098,127.098,0.66,80.23,0.65,20.5,0.67,29.5,0.68,10.0,0.34,10.5,0.33,14.0,0.35,40.82,0.36,35.5,0.01,0.01,2328.128756,1776223925000
1776223928.321,128.321,0.66,80.23,0.65,20.5,0.67,29.5,0.68,10.0,0.33,29.5,0.32,10.0,0.34,80.23,0.35,20.5,0.01,0.01,2328.158703,1776223927000
1776223928.666,128.666,0.67,9.0,0.66,5.23,0.68,32.5,0.69,109.5,0.31,78.5,0.3,90.0,0.33,14.0,0.34,5.23,0.01,0.02,2328.158703,1776223927000
1776223928.913,128.913,0.67,9.0,0.66,5.23,0.68,32.5,0.69,109.5,0.32,32.5,0.31,109.5,0.33,9.0,0.34,5.23,0.01,0.01,2328.21,1776223928000
1776223930.026,130.026,0.67,9.0,0.66,5.23,0.68,32.5,0.69,109.5,0.32,32.5,0.31,109.5,0.33,9.0,0.34,5.23,0.01,0.01,2328.21645,1776223929000
1776223931.153,131.153,0.67,9.0,0.66,5.23,0.68,32.5,0.69,109.5,0.32,32.5,0.31,109.5,0.33,9.0,0.34,5.23,0.01,0.01,2328.13598,1776223930000
1776223932.441,132.441,0.67,20.96,0.66,25.73,0.68,42.5,0.69,117.5,0.32,42.5,0.31,117.5,0.33,20.96,0.34,25.73,0.01,0.01,2328.22137,1776223931000
1776223932.647,132.647,0.67,55.8,0.66,25.23,0.68,53.5,0.69,117.5,0.32,42.5,0.31,117.5,0.33,20.96,0.34,25.73,0.01,0.01,2328.22137,1776223931000
1776223933.074,133.074,0.67,55.8,0.66,25.23,0.68,53.5,0.69,117.5,0.32,53.5,0.31,117.5,0.33,55.8,0.34,25.23,0.01,0.01,2328.261199,1776223932000
1776223934.202,134.202,0.67,55.8,0.66,25.23,0.68,53.5,0.69,117.5,0.32,53.5,0.31,117.5,0.33,55.8,0.34,25.23,0.01,0.01,2328.204463,1776223933000
1776223935.475,135.475,0.67,55.8,0.66,25.23,0.68,53.5,0.69,117.5,0.32,53.5,0.31,117.5,0.33,55.8,0.34,25.23,0.01,0.01,2328.1816,1776223934000
1776223935.898,135.898,0.67,62.55,0.66,30.73,0.68,78.5,0.69,47.5,0.32,53.5,0.31,117.5,0.33,55.8,0.34,25.23,0.01,0.01,2328.1816,1776223934000
1776223937.191,137.191,0.67,62.55,0.66,30.73,0.68,78.5,0.69,47.5,0.32,78.5,0.31,47.5,0.33,62.55,0.34,30.73,0.01,0.01,2328.288373,1776223936000
1776223937.973,137.973,0.67,83.05,0.66,25.73,0.68,29.41,0.69,26.5,0.32,78.5,0.31,47.5,0.33,62.55,0.34,30.73,0.01,0.01,2328.288373,1776223936000
1776223938.678,138.678,0.67,83.05,0.66,25.73,0.68,29.41,0.69,26.5,0.32,29.41,0.31,26.5,0.33,83.05,0.34,25.73,0.01,0.01,2328.18546,1776223937000
1776223939.164,139.164,0.67,83.05,0.66,25.73,0.68,29.41,0.69,26.5,0.32,29.41,0.31,26.5,0.33,83.05,0.34,25.73,0.01,0.01,2328.200349,1776223938000
1776223939.392,139.392,0.67,19.0,0.66,15.23,0.68,84.91,0.69,115.5,0.32,29.41,0.31,26.5,0.33,83.05,0.34,25.73,0.01,0.01,2328.200349,1776223938000
1776223940.195,140.195,0.67,8.0,0.66,15.23,0.68,84.91,0.69,115.5,0.32,84.91,0.31,115.5,0.33,8.0,0.34,15.23,0.01,0.01,2328.302708,1776223939000
1776223940.96,140.96,0.67,19.96,0.66,10.0,0.68,89.91,0.69,115.5,0.32,84.91,0.31,115.5,0.33,8.0,0.34,15.23,0.01,0.01,2328.302708,1776223939000
1776223941.279,141.279,0.66,15.0,0.65,10.0,0.68,94.91,0.69,115.5,0.32,94.91,0.31,115.5,0.33,16.92,0.34,10.0,0.02,0.01,2328.23553,1776223940000
1776223941.773,141.773,0.66,14.0,0.6,15.0,0.67,155.5,0.68,67.91,0.32,94.91,0.31,115.5,0.34,15.0,0.35,10.0,0.01,0.02,2328.23553,1776223940000
1776223942.212,142.212,0.6,15.0,0.59,36.0,0.67,155.5,0.68,67.91,0.33,155.5,0.32,67.91,0.4,15.0,0.41,36.0,0.07,0.07,2328.185095,1776223941000
1776223943.115,143.115,0.61,35.5,0.6,79.56,0.62,59.67,0.63,43.0,0.33,155.5,0.32,67.91,0.4,15.0,0.41,36.0,0.01,0.07,2328.185095,1776223941000
1776223943.391,143.391,0.61,33.42,0.6,74.56,0.62,64.67,0.63,43.0,0.38,59.67,0.37,43.0,0.39,35.5,0.4,79.56,0.01,0.01,2328.137655,1776223942000
1776223944.271,144.271,0.61,33.42,0.6,74.56,0.62,64.67,0.63,43.0,0.38,64.67,0.37,43.0,0.39,33.42,0.4,74.56,0.01,0.01,2328.0523,1776223943000
1776223945.38,145.38,0.61,33.42,0.6,74.56,0.62,64.67,0.63,43.0,0.38,64.67,0.37,43.0,0.39,33.42,0.4,74.56,0.01,0.01,2328.03791,1776223944000
1776223945.844,145.844,0.61,33.42,0.6,74.56,0.62,64.67,0.63,43.0,0.38,64.67,0.37,43.0,0.39,33.42,0.4,74.56,0.01,0.01,2328.09666,1776223945000
1776223946.884,146.884,0.61,33.42,0.6,74.56,0.62,64.67,0.63,43.0,0.38,64.67,0.37,43.0,0.39,33.42,0.4,74.56,0.01,0.01,2328.076304,1776223946000
1776223947.973,147.973,0.61,33.42,0.6,74.56,0.62,64.67,0.63,43.0,0.38,64.67,0.37,43.0,0.39,33.42,0.4,74.56,0.01,0.01,2328.083031,1776223947000
1776223948.949,148.949,0.61,33.42,0.6,74.56,0.62,64.67,0.63,43.0,0.38,64.67,0.37,43.0,0.39,33.42,0.4,74.56,0.01,0.01,2328.025137,1776223948000
1776223950.006,150.006,0.61,33.42,0.6,74.56,0.62,64.67,0.63,43.0,0.38,64.67,0.37,43.0,0.39,33.42,0.4,74.56,0.01,0.01,2328.02621,1776223949000
1776223950.792,150.792,0.71,89.0,0.7,60.5,0.72,10.5,0.73,10.0,0.38,64.67,0.37,43.0,0.39,33.42,0.4,74.56,0.01,0.01,2328.02621,1776223949000
1776223952.005,152.005,0.71,71.72,0.7,50.0,0.72,20.5,0.73,27.0,0.28,10.5,0.27,10.0,0.29,89.0,0.3,60.5,0.01,0.01,2328.113522,1776223950000
1776223952.338,152.338,0.71,50.0,0.7,10.0,0.72,20.11,0.73,52.5,0.28,20.5,0.27,27.0,0.29,71.72,0.3,50.0,0.01,0.01,2328.113522,1776223950000
1776223953.491,153.491,0.71,50.0,0.7,10.0,0.72,20.11,0.73,52.5,0.28,20.11,0.27,52.5,0.29,50.0,0.3,10.0,0.01,0.01,2328.382155,1776223952000
1776223954.246,154.246,0.71,50.0,0.7,10.0,0.72,20.11,0.73,52.5,0.28,20.11,0.27,52.5,0.29,50.0,0.3,10.0,0.01,0.01,2328.34117,1776223953000
1776223955.655,155.655,0.71,50.0,0.7,10.0,0.72,20.11,0.73,52.5,0.28,20.11,0.27,52.5,0.29,50.0,0.3,10.0,0.01,0.01,2328.173085,1776223954000
1776223956.197,156.197,0.72,110.0,0.71,67.05,0.75,18.53,0.76,165.7,0.28,5.0,0.27,49.5,0.29,92.05,0.3,55.5,0.03,0.01,2328.173085,1776223954000
1776223956.473,156.473,0.72,110.0,0.71,67.05,0.75,18.53,0.76,165.7,0.25,18.53,0.24,165.7,0.28,110.0,0.29,67.05,0.03,0.03,2328.307774,1776223955000
1776223957.097,157.097,0.72,110.0,0.71,67.05,0.75,18.53,0.76,165.7,0.25,18.53,0.24,165.7,0.28,110.0,0.29,67.05,0.03,0.03,2328.370495,1776223956000
1776223958.352,158.352,0.73,100.5,0.72,55.0,0.74,57.68,0.75,28.5,0.26,57.68,0.25,28.5,0.27,100.5,0.28,55.0,0.01,0.01,2328.331785,1776223957000
1776223958.976,158.976,0.73,130.5,0.72,70.5,0.74,12.77,0.75,28.5,0.26,12.77,0.25,28.5,0.27,130.5,0.28,70.5,0.01,0.01,2328.344078,1776223958000
1776223960.276,160.276,0.73,130.5,0.72,70.5,0.74,12.77,0.75,28.5,0.26,12.77,0.25,28.5,0.27,130.5,0.28,70.5,0.01,0.01,2328.354593,1776223959000
1776223960.876,160.876,0.73,125.5,0.72,70.5,0.74,3.64,0.76,112.5,0.26,12.77,0.25,28.5,0.27,130.5,0.28,70.5,0.01,0.01,2328.354593,1776223959000
1776223961.218,161.218,0.75,98.0,0.74,35.5,0.76,90.0,0.77,45.5,0.26,3.64,0.24,112.5,0.27,125.5,0.28,70.5,0.01,0.01,2328.354593,1776223959000
1776223961.479,161.479,0.75,98.0,0.74,35.5,0.76,92.47,0.77,45.5,0.24,90.0,0.23,45.5,0.25,98.0,0.26,35.5,0.01,0.01,2328.354593,1776223959000
1776223961.797,161.797,0.76,95.5,0.75,58.5,0.78,19.75,0.79,25.0,0.24,92.47,0.23,45.5,0.25,98.0,0.26,35.5,0.02,0.01,2328.394786,1776223960000
1776223962.161,162.161,0.77,20.5,0.76,105.5,0.78,7.02,0.79,25.0,0.22,7.02,0.21,25.0,0.23,20.5,0.24,105.5,0.01,0.01,2328.395328,1776223961000
1776223962.656,162.656,0.78,87.27,0.77,70.5,0.79,35.0,0.8,61.5,0.22,7.02,0.21,25.0,0.23,20.5,0.24,105.5,0.01,0.01,2328.395328,1776223961000
1776223963.003,163.003,0.78,80.5,0.77,40.5,0.79,8.91,0.8,27.05,0.19,26.54,0.18,85.5,0.22,92.77,0.23,70.5,0.01,0.03,2328.395328,1776223961000
1776223963.312,163.312,0.78,90.5,0.77,40.5,0.79,2.74,0.8,27.05,0.21,8.91,0.2,27.05,0.22,80.5,0.23,40.5,0.01,0.01,2328.395328,1776223961000
1776223964.168,164.168,0.78,90.5,0.77,40.5,0.79,2.74,0.8,27.05,0.21,2.74,0.2,27.05,0.22,90.5,0.23,40.5,0.01,0.01,2328.593734,1776223963000
1776223965.099,165.099,0.78,198.03,0.77,40.5,0.79,24.47,0.8,25.05,0.21,2.74,0.2,27.05,0.22,90.5,0.23,40.5,0.01,0.01,2328.593734,1776223963000
1776223965.479,165.479,0.78,198.03,0.77,40.5,0.79,24.47,0.8,25.05,0.21,24.47,0.2,25.05,0.22,198.03,0.23,40.5,0.01,0.01,2328.674039,1776223964000
1776223966.075,166.075,0.78,198.03,0.77,40.5,0.79,24.47,0.8,25.05,0.21,24.47,0.2,25.05,0.22,198.03,0.23,40.5,0.01,0.01,2328.674039,1776223965000
1776223967.37,167.37,0.78,198.03,0.77,40.5,0.79,24.47,0.8,25.05,0.21,24.47,0.2,25.05,0.22,198.03,0.23,40.5,0.01,0.01,2328.639871,1776223966000
1776223967.973,167.973,0.78,198.03,0.77,40.5,0.79,24.47,0.8,25.05,0.21,24.47,0.2,25.05,0.22,198.03,0.23,40.5,0.01,0.01,2328.656936,1776223967000
1776223969.231,169.231,0.78,198.03,0.77,40.5,0.79,24.47,0.8,25.05,0.21,24.47,0.2,25.05,0.22,198.03,0.23,40.5,0.01,0.01,2328.660759,1776223968000
1776223970.279,170.279,0.78,85.5,0.77,30.5,0.79,25.73,0.8,10.05,0.21,25.73,0.2,10.05,0.22,85.5,0.23,30.5,0.01,0.01,2328.639172,1776223969000
1776223971.583,171.583,0.78,85.5,0.77,30.5,0.79,25.73,0.8,10.05,0.21,25.73,0.2,10.05,0.22,85.5,0.23,30.5,0.01,0.01,2328.652105,1776223970000
1776223972.364,172.364,0.78,85.5,0.77,30.5,0.79,25.73,0.8,10.05,0.21,25.73,0.2,10.05,0.22,85.5,0.23,30.5,0.01,0.01,2328.653605,1776223971000
1776223973.305,173.305,0.78,85.5,0.77,30.5,0.79,25.73,0.8,10.05,0.21,25.73,0.2,10.05,0.22,85.5,0.23,30.5,0.01,0.01,2328.653685,1776223972000
1776223974.014,174.014,0.78,85.5,0.77,30.5,0.79,25.73,0.8,10.05,0.21,25.73,0.2,10.05,0.22,85.5,0.23,30.5,0.01,0.01,2328.65359,1776223973000
1776223975.203,175.203,0.78,85.5,0.77,30.5,0.79,25.73,0.8,10.05,0.21,25.73,0.2,10.05,0.22,85.5,0.23,30.5,0.01,0.01,2328.65109,1776223974000
1776223976.002,176.002,0.78,85.5,0.77,65.43,0.79,46.73,0.8,5.05,0.21,25.73,0.2,10.05,0.22,85.5,0.23,30.5,0.01,0.01,2328.65109,1776223974000
1776223976.74,176.74,0.78,85.5,0.77,65.43,0.79,46.73,0.8,5.05,0.21,46.73,0.2,5.05,0.22,85.5,0.23,65.43,0.01,0.01,2328.63921,1776223975000
1776223977.179,177.179,0.78,40.04,0.77,41.5,0.79,51.73,0.8,5.05,0.21,46.73,0.2,5.05,0.22,85.5,0.23,65.43,0.01,0.01,2328.63921,1776223975000
1776223977.403,177.403,0.78,40.04,0.77,41.5,0.79,51.73,0.8,5.05,0.21,51.73,0.2,5.05,0.22,40.04,0.23,41.5,0.01,0.01,2328.63921,1776223976000
1776223978.033,178.033,0.78,40.04,0.77,41.5,0.79,51.73,0.8,5.05,0.21,51.73,0.2,5.05,0.22,40.04,0.23,41.5,0.01,0.01,2328.65314,1776223977000
1776223979.137,179.137,0.78,40.04,0.77,41.5,0.79,51.73,0.8,5.05,0.21,51.73,0.2,5.05,0.22,40.04,0.23,41.5,0.01,0.01,2328.65362,1776223978000
1776223980.804,180.804,0.78,40.04,0.77,41.5,0.79,51.73,0.8,5.05,0.21,51.73,0.2,5.05,0.22,40.04,0.23,41.5,0.01,0.01,2328.731128,1776223979000
1776223981.085,181.085,0.82,5.96,0.8,162.5,0.83,5.9,0.84,10.0,0.21,51.73,0.2,5.05,0.22,40.04,0.23,41.5,0.01,0.01,2328.731128,1776223979000
1776223981.34,181.34,0.9,10.0,0.88,35.0,0.91,40.66,0.92,98.4,0.09,50.66,0.08,98.4,0.12,10.0,0.13,15.0,0.01,0.03,2328.731128,1776223979000
1776223982.138,182.138,0.9,20.31,0.89,39.5,0.91,42.12,0.92,108.9,0.09,39.77,0.08,53.9,0.1,20.31,0.11,19.0,0.01,0.01,2328.66174,1776223980000
1776223982.812,182.812,0.9,44.3,0.89,39.5,0.91,15.0,0.92,53.9,0.09,14.69,0.08,60.9,0.1,20.31,0.11,39.5,0.01,0.01,2328.707507,1776223981000
1776223983.514,183.514,0.9,44.3,0.89,39.5,0.91,15.0,0.92,53.9,0.09,15.0,0.08,53.9,0.1,44.3,0.11,39.5,0.01,0.01,2329.211709,1776223982000
1776223984.086,184.086,0.9,71.8,0.89,47.43,0.93,99.3,0.94,144.8,0.07,99.3,0.06,144.8,0.1,71.8,0.11,47.43,0.03,0.03,2329.3872,1776223983000
1776223985.397,185.397,0.92,25.0,0.91,20.0,0.93,125.6,0.94,144.8,0.07,99.3,0.06,144.8,0.1,71.8,0.11,47.43,0.01,0.03,2329.3872,1776223983000
1776223985.816,185.816,0.92,25.0,0.91,20.0,0.93,96.29,0.94,244.8,0.07,105.37,0.06,144.8,0.08,25.0,0.09,20.0,0.01,0.01,2329.406707,1776223984000
1776223986.282,186.282,0.92,25.0,0.91,120.0,0.93,193.22,0.94,239.8,0.07,96.29,0.06,244.8,0.08,25.0,0.09,20.0,0.01,0.01,2329.406707,1776223984000
1776223986.544,186.544,0.91,120.0,0.9,145.8,0.93,209.05,0.94,239.8,0.07,188.05,0.06,239.8,0.08,25.0,0.09,120.0,0.02,0.01,2329.431305,1776223985000
1776223986.947,186.947,0.91,120.0,0.9,145.8,0.93,209.05,0.94,239.8,0.07,209.05,0.06,239.8,0.09,120.0,0.1,145.8,0.02,0.02,2329.479457,1776223986000
1776223987.18,187.18,0.92,10.0,0.91,140.5,0.93,186.88,0.94,239.8,0.07,209.05,0.06,239.8,0.09,120.0,0.1,145.8,0.01,0.02,2329.479457,1776223986000
1776223987.491,187.491,0.92,3.99,0.91,140.5,0.93,186.88,0.94,239.8,0.07,186.88,0.06,239.8,0.08,10.0,0.09,140.5,0.01,0.01,2329.479457,1776223986000
1776223987.698,187.698,0.92,13.99,0.91,130.5,0.93,184.88,0.94,239.8,0.07,186.88,0.06,239.8,0.08,3.99,0.09,140.5,0.01,0.01,2329.479457,1776223986000
1776223988.179,188.179,0.92,13.99,0.91,130.5,0.93,184.88,0.94,239.8,0.07,184.88,0.06,239.8,0.08,13.99,0.09,130.5,0.01,0.01,2329.404875,1776223987000
1776223988.762,188.762,0.91,129.04,0.9,150.5,0.93,184.88,0.94,239.8,0.07,184.88,0.06,239.8,0.08,13.99,0.09,130.5,0.02,0.01,2329.404875,1776223987000
1776223989.274,189.274,0.91,129.04,0.9,150.5,0.93,184.88,0.94,239.8,0.07,184.88,0.06,239.8,0.09,129.04,0.1,150.5,0.02,0.02,2329.418965,1776223988000
1776223990.189,190.189,0.92,147.0,0.91,180.04,0.93,8.92,0.94,266.8,0.07,174.5,0.06,239.8,0.08,137.0,0.09,154.04,0.01,0.01,2329.418965,1776223988000
1776223990.454,190.454,0.92,147.0,0.91,180.04,0.93,8.92,0.94,266.8,0.07,8.92,0.06,266.8,0.08,147.0,0.09,180.04,0.01,0.01,2329.40004,1776223989000
1776223990.951,190.951,0.92,141.55,0.91,185.04,0.93,3.92,0.94,63.8,0.07,3.92,0.06,63.8,0.08,141.55,0.09,185.04,0.01,0.01,2329.399915,1776223990000
1776223992.097,192.097,0.92,141.55,0.91,185.04,0.93,3.92,0.94,63.8,0.07,3.92,0.06,63.8,0.08,141.55,0.09,185.04,0.01,0.01,2329.433825,1776223991000
1776223993.203,193.203,0.92,141.55,0.91,185.04,0.93,3.92,0.94,63.8,0.07,3.92,0.06,63.8,0.08,141.55,0.09,185.04,0.01,0.01,2329.63606,1776223992000
1776223993.478,193.478,0.92,365.79,0.91,223.32,0.95,15.0,0.96,149.8,0.07,3.92,0.06,63.8,0.08,141.55,0.09,185.04,0.03,0.01,2329.63606,1776223992000
1776223993.719,193.719,0.94,125.0,0.93,280.24,0.96,196.67,0.97,713.7,0.05,15.0,0.04,149.8,0.08,365.79,0.09,223.32,0.02,0.03,2329.63606,1776223992000
1776223994.236,194.236,0.95,147.0,0.94,147.0,0.96,187.38,0.97,545.7,0.04,196.67,0.03,713.7,0.06,125.0,0.07,280.24,0.01,0.02,2329.63606,1776223992000
1776223995.086,195.086,0.95,186.0,0.94,176.0,0.96,181.49,0.97,545.7,0.04,184.53,0.03,545.7,0.05,147.0,0.06,159.0,0.01,0.01,2329.674169,1776223993000
1776223995.341,195.341,0.95,186.0,0.94,176.0,0.96,181.49,0.97,545.7,0.04,181.49,0.03,545.7,0.05,186.0,0.06,176.0,0.01,0.01,2329.876415,1776223994000
1776223995.989,195.989,0.95,174.22,0.94,191.0,0.96,181.49,0.97,535.7,0.04,181.49,0.03,535.7,0.05,174.22,0.06,191.0,0.01,0.01,2329.932972,1776223995000
1776223996.984,196.984,0.95,174.22,0.94,191.0,0.96,181.49,0.97,535.7,0.04,181.49,0.03,535.7,0.05,174.22,0.06,191.0,0.01,0.01,2329.92381,1776223996000
1776223997.704,197.704,0.96,33.51,0.95,179.22,0.97,622.7,0.98,1548.7,0.04,181.49,0.03,535.7,0.05,174.22,0.06,191.0,0.01,0.01,2329.92381,1776223996000
1776223998.093,198.093,0.95,10.0,0.94,25.0,0.97,825.63,0.98,1271.7,0.03,619.63,0.02,1548.7,0.04,145.51,0.05,184.22,0.02,0.01,2329.92381,1776223996000
1776223998.497,198.497,0.95,10.0,0.94,25.0,0.96,309.97,0.97,746.63,0.03,825.63,0.02,1271.7,0.05,10.0,0.06,25.0,0.01,0.02,2329.9422,1776223997000
1776223998.933,198.933,0.94,10.0,0.93,20.97,0.96,636.77,0.97,741.63,0.04,309.97,0.03,746.63,0.05,10.0,0.06,25.0,0.02,0.01,2329.9422,1776223997000
1776223999.168,199.168,0.89,15.0,0.88,25.5,0.9,75.44,0.92,10.0,0.1,42.72,0.05,132.0,0.11,15.0,0.12,15.0,0.01,0.01,2329.9422,1776223997000
1776223999.448,199.448,0.88,6.53,0.87,20.0,0.89,55.0,0.9,220.44,0.11,55.0,0.1,75.44,0.12,25.5,0.13,15.0,0.01,0.01,2330.01786,1776223998000
1776223999.787,199.787,0.88,11.53,0.87,20.0,0.89,34.77,0.9,215.44,0.11,55.0,0.1,220.44,0.12,6.53,0.13,20.0,0.01,0.01,2330.01786,1776223998000
1776224000.002,200.002,0.87,19.48,0.86,20.0,0.89,34.77,0.9,215.44,0.11,34.77,0.1,215.44,0.12,11.53,0.13,20.0,0.02,0.01,2330.01786,1776223998000
1776224000.285,200.285,0.88,30.5,0.87,29.48,0.89,2.77,0.9,220.44,0.11,32.77,0.1,215.44,0.12,25.5,0.13,29.48,0.01,0.01,2330.01786,1776223998000
1776224000.724,200.724,0.88,30.5,0.87,29.48,0.89,2.77,0.9,220.44,0.11,2.77,0.1,220.44,0.12,30.5,0.13,29.48,0.01,0.01,2329.749309,1776223999000
1776224001.238,201.238,0.88,30.5,0.87,29.48,0.89,2.77,0.9,220.44,0.11,2.77,0.1,220.44,0.12,30.5,0.13,29.48,0.01,0.01,2329.351285,1776224000000
1776224001.957,201.957,0.88,46.5,0.87,148.12,0.89,1.64,0.9,215.44,0.11,1.64,0.1,215.44,0.12,30.5,0.13,24.48,0.01,0.01,2329.351285,1776224000000
1776224002.171,202.171,0.88,46.5,0.87,148.12,0.89,1.64,0.9,215.44,0.11,1.64,0.1,215.44,0.12,46.5,0.13,148.12,0.01,0.01,2329.363174,1776224001000
1776224002.488,202.488,0.88,8.42,0.87,19.48,0.89,27.14,0.9,310.94,0.11,1.64,0.1,215.44,0.12,46.5,0.13,148.12,0.01,0.01,2329.363174,1776224001000
1776224003.06,203.06,0.88,18.42,0.87,10.0,0.89,38.14,0.9,278.22,0.11,27.14,0.1,310.94,0.12,8.42,0.13,19.48,0.01,0.01,2329.363174,1776224001000
1776224003.357,203.357,0.87,10.0,0.86,25.5,0.88,5.58,0.89,38.14,0.11,38.14,0.1,278.22,0.12,18.42,0.13,10.0,0.01,0.01,2329.38715,1776224002000
1776224003.952,203.952,0.87,167.75,0.86,50.5,0.9,273.22,0.91,215.0,0.12,5.58,0.11,38.14,0.13,10.0,0.14,25.5,0.03,0.01,2329.38715,1776224002000
1776224004.198,204.198,0.87,167.75,0.86,50.5,0.9,273.22,0.91,215.0,0.1,273.22,0.09,215.0,0.13,167.75,0.14,50.5,0.03,0.03,2329.276362,1776224003000
1776224004.769,204.769,0.89,45.0,0.88,30.5,0.9,377.16,0.91,340.0,0.1,273.22,0.09,215.0,0.13,167.75,0.14,50.5,0.01,0.03,2329.276362,1776224003000
1776224005.001,205.001,0.89,61.4,0.88,35.5,0.9,377.16,0.91,335.0,0.1,377.16,0.09,340.0,0.11,45.0,0.12,30.5,0.01,0.01,2329.276362,1776224003000
1776224005.909,205.909,0.86,15.0,0.85,25.5,0.89,58.5,0.9,272.14,0.1,366.64,0.09,335.0,0.11,62.3,0.12,35.5,0.03,0.01,2329.172672,1776224004000
1776224006.139,206.139,0.86,15.0,0.85,25.5,0.89,58.5,0.9,272.14,0.11,58.5,0.1,272.14,0.14,15.0,0.15,25.5,0.03,0.03,2329.055761,1776224005000
1776224006.852,206.852,0.86,1.72,0.85,20.0,0.87,24.35,0.88,46.5,0.13,41.35,0.12,25.5,0.14,15.0,0.15,30.5,0.01,0.01,2329.055761,1776224005000
1776224007.066,207.066,0.86,10.85,0.85,10.0,0.87,50.35,0.88,60.5,0.13,50.35,0.12,60.5,0.14,20.85,0.15,10.0,0.01,0.01,2329.055761,1776224005000
1776224007.764,207.764,0.84,65.5,0.83,30.5,0.85,19.94,0.86,20.5,0.13,45.35,0.12,60.5,0.16,10.5,0.17,20.5,0.01,0.03,2329.153035,1776224006000
1776224008.134,208.134,0.84,75.5,0.83,30.5,0.87,24.35,0.88,55.5,0.13,24.35,0.12,55.5,0.16,75.5,0.17,30.5,0.03,0.03,2329.038735,1776224007000
1776224008.576,208.576,0.85,25.0,0.84,176.92,0.87,23.53,0.88,55.5,0.13,19.8,0.12,55.5,0.15,15.0,0.16,196.92,0.02,0.02,2329.038735,1776224007000
1776224009.021,209.021,0.86,153.18,0.85,55.5,0.87,18.73,0.88,55.5,0.13,23.53,0.12,55.5,0.15,25.0,0.16,176.92,0.01,0.02,2329.038735,1776224007000
1776224009.283,209.283,0.86,153.18,0.85,55.5,0.87,18.73,0.88,55.5,0.13,18.73,0.12,55.5,0.14,153.18,0.15,55.5,0.01,0.01,2328.928022,1776224008000
1776224010.155,210.155,0.86,163.18,0.85,55.5,0.87,11.31,0.88,55.5,0.13,11.31,0.12,55.5,0.14,163.18,0.15,55.5,0.01,0.01,2328.918938,1776224009000
1776224011.003,211.003,0.87,136.86,0.86,47.5,0.88,176.12,0.89,35.5,0.13,11.31,0.12,55.5,0.14,163.18,0.15,55.5,0.01,0.01,2328.918938,1776224009000
1776224011.34,211.34,0.87,161.86,0.86,42.5,0.88,180.89,0.89,20.5,0.12,176.12,0.11,35.5,0.13,136.86,0.14,47.5,0.01,0.01,2328.865013,1776224010000
1776224011.559,211.559,0.87,156.86,0.86,42.5,0.88,168.86,0.89,20.5,0.12,180.89,0.11,20.5,0.13,161.86,0.14,42.5,0.01,0.01,2328.865013,1776224010000
1776224012.14,212.14,0.87,156.86,0.86,42.5,0.88,168.86,0.89,20.5,0.12,168.86,0.11,20.5,0.13,156.86,0.14,42.5,0.01,0.01,2328.7919,1776224011000
1776224012.714,212.714,0.87,10.0,0.86,32.0,0.88,111.5,0.89,20.5,0.12,168.86,0.11,20.5,0.13,156.86,0.14,42.5,0.01,0.01,2328.7919,1776224011000
1776224013.875,213.875,0.84,17.5,0.83,159.49,0.88,111.5,0.89,20.5,0.12,111.5,0.11,20.5,0.16,17.5,0.17,159.49,0.04,0.04,2328.820011,1776224012000
1776224014.548,214.548,0.84,17.5,0.83,159.49,0.88,111.5,0.89,20.5,0.12,111.5,0.11,20.5,0.16,17.5,0.17,159.49,0.04,0.04,2328.84662,1776224013000
1776224015.043,215.043,0.81,112.1,0.8,15.0,0.87,35.5,0.88,25.5,0.12,111.5,0.11,20.5,0.16,17.5,0.17,159.49,0.06,0.04,2328.84662,1776224013000
1776224015.266,215.266,0.77,17.1,0.76,63.0,0.83,13.25,0.86,21.0,0.17,13.25,0.14,21.0,0.23,17.1,0.24,63.0,0.06,0.06,2328.922887,1776224014000
1776224015.889,215.889,0.83,5.0,0.82,54.0,0.86,21.0,0.87,17.5,0.17,13.25,0.14,21.0,0.23,17.1,0.24,63.0,0.03,0.06,2328.922887,1776224014000
1776224016.333,216.333,0.85,38.0,0.84,25.0,0.86,14.71,0.87,17.5,0.14,9.6,0.13,17.5,0.15,10.0,0.16,10.0,0.01,0.01,2328.922887,1776224014000
1776224016.801,216.801,0.85,38.0,0.84,25.0,0.86,14.71,0.87,17.5,0.14,14.71,0.13,17.5,0.15,38.0,0.16,25.0,0.01,0.01,2328.7273,1776224015000
1776224017.151,217.151,0.85,40.5,0.84,25.0,0.86,52.69,0.87,58.5,0.14,14.71,0.13,17.5,0.15,38.0,0.16,25.0,0.01,0.01,2328.7273,1776224015000
1776224017.656,217.656,0.85,40.5,0.84,25.0,0.86,52.69,0.87,58.5,0.14,52.69,0.13,58.5,0.15,40.5,0.16,25.0,0.01,0.01,2328.679836,1776224016000
1776224018.358,218.358,0.85,40.5,0.84,25.0,0.86,52.69,0.87,58.5,0.14,52.69,0.13,58.5,0.15,40.5,0.16,25.0,0.01,0.01,2328.701112,1776224017000
1776224018.901,218.901,0.85,40.0,0.84,25.0,0.86,22.88,0.87,27.5,0.14,22.88,0.13,27.5,0.15,40.0,0.16,25.0,0.01,0.01,2328.687965,1776224018000
1776224020.397,220.397,0.84,25.0,0.83,35.5,0.86,35.5,0.87,27.5,0.14,35.5,0.13,27.5,0.16,25.0,0.17,35.5,0.02,0.02,2328.672484,1776224019000
1776224020.786,220.786,0.81,35.5,0.8,30.5,0.83,18.0,0.84,64.5,0.14,35.5,0.13,27.5,0.16,25.0,0.17,35.5,0.02,0.02,2328.672484,1776224019000
1776224022.236,222.236,0.81,35.5,0.8,30.5,0.83,18.0,0.84,64.5,0.17,18.0,0.16,64.5,0.19,35.5,0.2,30.5,0.02,0.02,2328.625567,1776224021000
1776224022.715,222.715,0.8,51.52,0.79,25.0,0.81,41.5,0.82,42.5,0.17,18.0,0.16,64.5,0.19,35.5,0.2,30.5,0.01,0.02,2328.625567,1776224021000
1776224023.414,223.414,0.8,57.44,0.79,25.0,0.81,46.5,0.82,83.5,0.19,46.5,0.18,62.5,0.2,40.52,0.21,25.0,0.01,0.01,2328.625567,1776224021000
1776224023.901,223.901,0.8,67.44,0.79,25.0,0.83,8.0,0.84,74.5,0.19,46.5,0.18,83.5,0.2,57.44,0.21,25.0,0.03,0.01,2328.5218,1776224022000
1776224024.362,224.362,0.81,15.0,0.8,67.44,0.82,8.65,0.83,23.09,0.17,6.16,0.16,74.5,0.2,67.44,0.21,25.0,0.01,0.03,2328.4918,1776224023000
1776224024.761,224.761,0.81,20.0,0.8,72.44,0.82,26.23,0.83,40.93,0.18,8.65,0.17,23.09,0.19,15.0,0.2,67.44,0.01,0.01,2328.4918,1776224023000
1776224024.988,224.988,0.81,20.0,0.8,72.44,0.82,17.07,0.83,40.93,0.18,17.07,0.17,40.93,0.19,20.0,0.2,72.44,0.01,0.01,2328.470412,1776224024000
1776224026.053,226.053,0.81,138.57,0.8,20.0,0.82,21.73,0.83,34.0,0.18,21.73,0.17,34.0,0.19,138.57,0.2,20.0,0.01,0.01,2328.47182,1776224025000
1776224026.442,226.442,0.81,138.57,0.8,20.0,0.82,4.17,0.83,34.0,0.18,21.73,0.17,34.0,0.19,138.57,0.2,20.0,0.01,0.01,2328.47182,1776224025000
1776224027.065,227.065,0.81,128.3,0.8,20.0,0.82,14.17,0.83,34.0,0.18,4.17,0.17,34.0,0.19,138.57,0.2,20.0,0.01,0.01,2328.47182,1776224025000
1776224027.31,227.31,0.81,128.3,0.8,20.0,0.82,14.17,0.83,34.0,0.18,14.17,0.17,34.0,0.19,128.3,0.2,20.0,0.01,0.01,2328.469786,1776224026000
1776224027.866,227.866,0.81,128.3,0.8,20.0,0.82,14.17,0.83,34.0,0.18,14.17,0.17,34.0,0.19,128.3,0.2,20.0,0.01,0.01,2328.469839,1776224027000
1776224029.01,229.01,0.81,128.3,0.8,20.0,0.82,14.17,0.83,34.0,0.18,14.17,0.17,34.0,0.19,128.3,0.2,20.0,0.01,0.01,2328.467656,1776224028000
1776224029.215,229.215,0.73,2.62,0.71,55.0,0.77,11.73,0.79,15.0,0.23,11.73,0.18,30.5,0.24,5.0,0.27,7.0,0.04,0.01,2328.467656,1776224028000
1776224029.88,229.88,0.72,25.5,0.71,15.0,0.75,35.0,0.76,10.5,0.23,11.73,0.21,15.0,0.29,45.19,0.31,5.0,0.03,0.06,2328.467656,1776224028000
1776224030.157,230.157,0.74,20.0,0.73,15.0,0.75,38.41,0.76,59.45,0.25,38.41,0.24,59.45,0.26,20.0,0.27,15.0,0.01,0.01,2328.501045,1776224029000
1776224030.637,230.637,0.74,13.0,0.73,15.0,0.75,33.41,0.76,10.5,0.25,38.41,0.24,10.5,0.26,18.0,0.27,15.0,0.01,0.01,2328.501045,1776224029000
1776224031.412,231.412,0.69,15.0,0.68,15.5,0.7,18.32,0.71,10.0,0.25,33.41,0.24,10.5,0.26,13.0,0.27,15.0,0.01,0.01,2328.501045,1776224029000
1776224031.752,231.752,0.69,18.91,0.68,25.5,0.7,15.0,0.71,10.0,0.3,18.32,0.29,10.0,0.31,15.0,0.32,15.5,0.01,0.01,2328.2098,1776224030000
1776224032.191,232.191,0.69,18.91,0.68,25.5,0.7,15.0,0.71,10.0,0.3,15.0,0.29,10.0,0.31,18.91,0.32,25.5,0.01,0.01,2328.19514,1776224031000
1776224032.421,232.421,0.63,3.18,0.62,5.0,0.64,10.0,0.65,10.0,0.3,15.0,0.29,10.0,0.31,18.91,0.32,25.5,0.01,0.01,2328.19514,1776224031000
1776224033.498,233.498,0.63,3.18,0.62,5.0,0.64,10.0,0.65,10.0,0.36,10.0,0.35,10.0,0.37,3.18,0.38,5.0,0.01,0.01,2328.161945,1776224032000
1776224033.974,233.974,0.64,28.76,0.63,23.18,0.65,10.0,0.66,15.0,0.36,10.0,0.35,10.0,0.37,3.18,0.38,5.0,0.01,0.01,2328.161945,1776224032000
1776224034.211,234.211,0.64,28.76,0.63,23.18,0.65,10.0,0.66,15.0,0.35,10.0,0.34,15.0,0.36,28.76,0.37,23.18,0.01,0.01,2328.14887,1776224033000
1776224034.591,234.591,0.64,27.76,0.62,10.0,0.65,15.0,0.66,15.0,0.35,10.0,0.34,15.0,0.36,28.76,0.37,23.18,0.01,0.01,2328.14887,1776224033000
1776224034.855,234.855,0.63,46.03,0.62,10.0,0.65,15.0,0.66,15.0,0.35,15.0,0.34,15.0,0.36,27.76,0.38,10.0,0.02,0.01,2328.14887,1776224033000
1776224035.428,235.428,0.63,15.0,0.62,10.0,0.65,13.38,0.66,15.0,0.35,15.0,0.34,15.0,0.37,46.03,0.38,10.0,0.02,0.02,2328.14887,1776224033000
1776224035.869,235.869,0.62,90.99,0.61,79.0,0.64,7.18,0.65,25.5,0.35,13.38,0.34,15.0,0.37,15.0,0.38,10.0,0.02,0.02,2327.975193,1776224034000
1776224036.262,236.262,0.62,90.99,0.61,79.0,0.64,7.18,0.65,25.5,0.36,7.18,0.35,25.5,0.38,90.99,0.39,79.0,0.02,0.02,2328.014016,1776224035000
1776224037.333,237.333,0.62,90.99,0.61,79.0,0.64,7.18,0.65,25.5,0.36,7.18,0.35,25.5,0.38,90.99,0.39,79.0,0.02,0.02,2327.952091,1776224036000
1776224038.054,238.054,0.62,90.99,0.61,79.0,0.64,7.18,0.65,25.5,0.36,7.18,0.35,25.5,0.38,90.99,0.39,79.0,0.02,0.02,2327.913919,1776224037000
1776224038.473,238.473,0.65,25.0,0.64,25.0,0.67,17.76,0.68,20.5,0.36,7.18,0.35,25.5,0.38,90.99,0.39,79.0,0.02,0.02,2327.913919,1776224037000
1776224039.336,239.336,0.65,25.0,0.64,25.0,0.67,17.76,0.68,20.5,0.33,17.76,0.32,20.5,0.35,25.0,0.36,25.0,0.02,0.02,2327.981245,1776224038000
1776224040.021,240.021,0.65,25.0,0.64,20.0,0.67,12.76,0.68,25.5,0.33,12.76,0.32,25.5,0.35,25.0,0.36,20.0,0.02,0.02,2327.903978,1776224039000
1776224040.375,240.375,0.58,16.5,0.57,5.0,0.63,10.0,0.64,10.0,0.33,12.76,0.32,25.5,0.35,25.0,0.36,20.0,0.05,0.02,2327.903978,1776224039000
1776224040.656,240.656,0.58,35.9,0.57,23.0,0.59,7.02,0.6,25.0,0.41,7.11,0.4,20.0,0.42,15.9,0.43,5.0,0.01,0.01,2327.903978,1776224039000
1776224041.104,241.104,0.58,86.93,0.57,23.0,0.59,2.02,0.6,25.0,0.41,2.02,0.4,25.0,0.42,86.93,0.43,23.0,0.01,0.01,2327.894976,1776224040000
1776224041.476,241.476,0.64,2.41,0.63,45.0,0.65,10.0,0.66,15.0,0.25,8.62,0.24,60.0,0.42,86.93,0.43,28.0,0.01,0.17,2327.894976,1776224040000
1776224041.849,241.849,0.63,4.19,0.62,10.0,0.64,15.0,0.65,15.0,0.35,20.0,0.34,20.0,0.37,36.41,0.38,10.0,0.01,0.02,2327.894976,1776224040000
1776224042.337,242.337,0.61,57.43,0.6,20.0,0.64,20.0,0.65,15.0,0.36,20.0,0.35,15.0,0.39,57.43,0.4,20.0,0.03,0.03,2327.891267,1776224041000
1776224042.922,242.922,0.61,57.43,0.6,20.0,0.64,20.0,0.65,15.0,0.36,20.0,0.35,15.0,0.39,57.43,0.4,20.0,0.03,0.03,2327.856575,1776224042000
1776224044.001,244.001,0.62,6.94,0.61,52.43,0.64,25.0,0.65,15.0,0.36,25.0,0.35,15.0,0.38,6.94,0.39,52.43,0.02,0.02,2327.805784,1776224043000
1776224044.631,244.631,0.66,76.03,0.65,29.0,0.73,5.0,0.74,5.0,0.36,25.0,0.35,15.0,0.38,6.94,0.39,52.43,0.07,0.02,2327.805784,1776224043000
1776224044.974,244.974,0.72,16.42,0.71,10.0,0.73,20.0,0.74,10.0,0.27,5.0,0.26,5.0,0.34,76.03,0.35,29.0,0.01,0.07,2327.805784,1776224043000
1776224046.052,246.052,0.72,12.44,0.71,10.0,0.73,15.0,0.74,10.0,0.27,20.0,0.26,10.0,0.28,7.84,0.29,10.0,0.01,0.01,2327.805923,1776224044000
1776224047.229,247.229,0.72,12.44,0.71,10.0,0.73,15.0,0.74,10.0,0.27,15.0,0.26,10.0,0.28,12.44,0.29,10.0,0.01,0.01,2327.90364,1776224046000
1776224047.432,247.432,0.72,12.44,0.71,10.0,0.73,15.0,0.74,10.0,0.27,15.0,0.26,10.0,0.28,12.44,0.29,10.0,0.01,0.01,2327.90364,1776224046000
1776224047.683,247.683,0.72,22.44,0.71,70.0,0.8,26.0,0.81,28.0,0.27,15.0,0.26,10.0,0.28,12.44,0.29,10.0,0.08,0.01,2327.90364,1776224046000
1776224047.975,247.975,0.79,40.0,0.78,10.0,0.8,18.42,0.81,33.31,0.2,26.0,0.19,28.0,0.28,22.44,0.29,70.0,0.01,0.08,2327.90364,1776224046000
1776224048.302,248.302,0.79,12.0,0.78,10.0,0.8,32.22,0.81,73.56,0.2,17.17,0.19,33.31,0.21,35.0,0.22,10.0,0.01,0.01,2327.90364,1776224046000
1776224048.88,248.88,0.79,11.58,0.78,10.0,0.8,32.22,0.81,68.56,0.2,32.22,0.19,73.56,0.21,12.0,0.22,10.0,0.01,0.01,2327.95313,1776224047000
1776224050.251,250.251,0.79,11.58,0.78,10.0,0.8,32.22,0.81,68.56,0.2,32.22,0.19,68.56,0.21,11.58,0.22,10.0,0.01,0.01,2328.02189,1776224049000
1776224050.522,250.522,0.89,15.0,0.88,15.0,0.9,315.64,0.91,59.0,0.12,24.37,0.11,36.79,0.19,65.0,0.2,29.38,0.01,0.07,2328.02189,1776224049000
1776224050.932,250.932,0.88,10.0,0.87,15.0,0.89,4.38,0.9,267.07,0.1,288.97,0.09,59.0,0.13,15.0,0.14,10.0,0.01,0.03,2328.02189,1776224049000
1776224051.35,251.35,0.87,15.0,0.86,10.0,0.88,149.0,0.89,46.38,0.11,4.38,0.1,267.07,0.12,10.0,0.13,15.0,0.01,0.01,2328.02189,1776224049000
1776224051.593,251.593,0.87,9.56,0.86,10.0,0.88,146.0,0.89,46.38,0.12,149.0,0.11,46.38,0.13,15.0,0.14,10.0,0.01,0.01,2328.03879,1776224050000
1776224051.891,251.891,0.87,9.56,0.86,10.0,0.88,130.54,0.89,46.38,0.12,146.0,0.11,46.38,0.13,9.56,0.14,10.0,0.01,0.01,2328.03879,1776224050000
1776224052.414,252.414,0.87,9.17,0.86,10.0,0.88,127.13,0.89,46.38,0.12,127.13,0.11,46.38,0.13,9.17,0.14,10.0,0.01,0.01,2328.139615,1776224051000
1776224052.923,252.923,0.87,9.17,0.86,10.0,0.88,127.13,0.89,46.38,0.12,127.13,0.11,46.38,0.13,9.17,0.14,10.0,0.01,0.01,2328.163003,1776224052000
1776224054.127,254.127,0.87,9.17,0.86,10.0,0.88,127.13,0.89,46.38,0.12,127.13,0.11,46.38,0.13,9.17,0.14,10.0,0.01,0.01,2328.257395,1776224053000
1776224055.242,255.242,0.87,9.17,0.86,10.0,0.88,127.13,0.89,46.38,0.12,127.13,0.11,46.38,0.13,9.17,0.14,10.0,0.01,0.01,2328.22003,1776224054000
1776224055.558,255.558,0.87,14.17,0.86,10.0,0.88,84.75,0.89,46.38,0.12,127.13,0.11,46.38,0.13,9.17,0.14,10.0,0.01,0.01,2328.22003,1776224054000
1776224056.151,256.151,0.87,14.17,0.86,10.0,0.88,87.47,0.89,46.38,0.12,84.75,0.11,46.38,0.13,14.17,0.14,10.0,0.01,0.01,2328.22003,1776224054000
1776224056.421,256.421,0.87,9.17,0.86,10.0,0.88,79.4,0.89,46.38,0.12,86.33,0.11,46.38,0.13,9.17,0.14,10.0,0.01,0.01,2328.225625,1776224055000
1776224056.885,256.885,0.87,9.17,0.86,10.0,0.88,79.4,0.89,46.38,0.12,79.4,0.11,46.38,0.13,9.17,0.14,10.0,0.01,0.01,2328.229535,1776224056000
1776224057.795,257.795,0.87,6.34,0.86,10.0,0.88,89.4,0.89,46.38,0.12,84.4,0.11,46.38,0.13,1.38,0.14,10.0,0.01,0.01,2328.229535,1776224056000
1776224058.025,258.025,0.87,1.09,0.86,10.0,0.88,89.4,0.89,46.38,0.12,89.4,0.11,46.38,0.13,1.09,0.14,10.0,0.01,0.01,2328.22907,1776224057000
1776224059.121,259.121,0.87,1.09,0.86,10.0,0.88,89.4,0.89,46.38,0.12,89.4,0.11,46.38,0.13,1.09,0.14,10.0,0.01,0.01,2328.2787,1776224058000
1776224060.606,260.606,0.87,1.09,0.86,10.0,0.88,89.4,0.89,46.38,0.12,89.4,0.11,46.38,0.13,1.09,0.14,10.0,0.01,0.01,2328.23207,1776224059000
1776224061.146,261.146,0.87,1.09,0.86,10.0,0.88,89.4,0.89,46.38,0.12,89.4,0.11,46.38,0.13,1.09,0.14,10.0,0.01,0.01,2328.2307,1776224060000
1776224062.179,262.179,0.87,1.09,0.86,10.0,0.88,89.4,0.89,46.38,0.12,89.4,0.11,46.38,0.13,1.09,0.14,10.0,0.01,0.01,2328.235725,1776224061000
1776224062.384,262.384,0.76,49.38,0.72,67.76,0.81,178.9,0.82,39.0,0.19,178.9,0.18,39.0,0.24,49.38,0.28,67.76,0.05,0.05,2328.235725,1776224061000
1776224063.062,263.062,0.76,35.56,0.72,5.0,0.77,55.9,0.78,32.0,0.23,55.43,0.22,32.0,0.24,42.73,0.29,55.0,0.01,0.01,2328.235725,1776224061000
1776224063.831,263.831,0.71,70.0,0.7,10.0,0.74,10.0,0.75,16.9,0.23,71.9,0.22,32.0,0.24,33.56,0.28,5.0,0.03,0.01,2328.22995,1776224062000
1776224064.239,264.239,0.71,70.0,0.7,10.0,0.74,10.0,0.75,16.9,0.26,10.0,0.25,16.9,0.29,70.0,0.3,10.0,0.03,0.03,2328.051584,1776224063000
1776224064.469,264.469,0.74,9.5,0.73,10.0,0.75,10.0,0.76,10.0,0.26,10.0,0.25,16.9,0.29,70.0,0.3,10.0,0.01,0.03,2328.051584,1776224063000
1776224065.331,265.331,0.74,9.5,0.73,10.0,0.75,10.0,0.76,10.0,0.25,10.0,0.24,10.0,0.26,9.5,0.27,10.0,0.01,0.01,2328.019427,1776224064000
1776224066.25,266.25,0.74,9.5,0.73,10.0,0.75,10.0,0.76,10.0,0.25,10.0,0.24,10.0,0.26,9.5,0.27,10.0,0.01,0.01,2327.95091,1776224065000
1776224067.294,267.294,0.75,10.0,0.74,9.5,0.76,8.02,0.77,20.0,0.24,8.02,0.23,20.0,0.25,10.0,0.26,9.5,0.01,0.01,2328.040975,1776224066000
1776224067.71,267.71,0.74,48.13,0.69,20.0,0.75,110.9,0.76,85.0,0.24,8.02,0.23,20.0,0.25,10.0,0.26,9.5,0.01,0.01,2328.040975,1776224066000
1776224068.122,268.122,0.68,16.5,0.67,10.0,0.69,15.0,0.7,15.0,0.3,10.0,0.29,10.0,0.34,10.0,0.35,10.0,0.01,0.04,2328.040975,1776224066000
1776224068.374,268.374,0.68,10.4,0.67,10.0,0.69,15.0,0.7,15.0,0.31,15.0,0.3,15.0,0.32,10.4,0.33,10.0,0.01,0.01,2327.977715,1776224067000
1776224068.6,268.6,0.69,30.0,0.68,10.4,0.7,2.31,0.71,15.0,0.31,15.0,0.3,15.0,0.32,10.4,0.33,10.0,0.01,0.01,2327.977715,1776224067000
1776224068.891,268.891,0.69,30.0,0.68,10.4,0.71,14.78,0.72,10.0,0.29,14.78,0.28,10.0,0.31,30.0,0.32,10.4,0.02,0.02,2327.976975,1776224068000
1776224069.314,269.314,0.7,8.83,0.69,19.35,0.72,17.84,0.73,15.0,0.28,10.0,0.27,15.0,0.3,8.83,0.31,19.35,0.02,0.02,2327.976975,1776224068000
1776224069.55,269.55,0.72,10.0,0.71,15.0,0.73,9.28,0.74,39.77,0.27,10.67,0.26,34.77,0.3,8.83,0.31,19.35,0.01,0.03,2327.976975,1776224068000
1776224069.888,269.888,0.73,10.0,0.72,15.0,0.74,9.93,0.75,47.0,0.26,9.93,0.25,47.0,0.27,10.0,0.28,15.0,0.01,0.01,2327.961771,1776224069000
1776224070.118,270.118,0.75,10.0,0.74,28.0,0.8,5.0,0.81,22.0,0.24,7.4,0.2,5.0,0.26,20.0,0.27,10.0,0.05,0.02,2327.961771,1776224069000
1776224070.472,270.472,0.78,15.0,0.77,10.0,0.79,13.13,0.8,28.12,0.2,3.07,0.19,22.0,0.25,10.0,0.26,28.0,0.01,0.05,2327.961771,1776224069000
1776224070.816,270.816,0.78,15.0,0.77,10.0,0.8,31.87,0.81,15.31,0.21,16.8,0.2,23.07,0.22,10.0,0.23,10.0,0.02,0.01,2327.961771,1776224069000
1776224071.066,271.066,0.78,9.91,0.77,16.49,0.8,20.5,0.81,15.31,0.2,30.5,0.19,15.31,0.22,9.91,0.23,10.0,0.02,0.02,2327.91922,1776224070000
1776224071.275,271.275,0.78,10.36,0.77,22.49,0.8,25.55,0.81,10.0,0.2,25.55,0.19,10.0,0.21,5.23,0.22,14.91,0.02,0.01,2327.91922,1776224070000
1776224071.911,271.911,0.78,5.81,0.77,22.49,0.8,25.55,0.81,10.0,0.2,25.55,0.19,10.0,0.22,5.81,0.23,22.49,0.02,0.02,2327.926227,1776224071000
1776224072.676,272.676,0.79,15.0,0.78,0.58,0.83,1.55,0.84,55.9,0.2,25.55,0.19,16.9,0.22,0.58,0.23,22.49,0.04,0.02,2327.926227,1776224071000
1776224072.929,272.929,0.79,15.0,0.78,0.58,0.83,1.55,0.84,55.9,0.17,1.55,0.16,55.9,0.21,15.0,0.22,0.58,0.04,0.04,2327.998657,1776224072000
1776224073.571,273.571,0.83,15.0,0.82,9.0,0.84,12.96,0.85,10.0,0.16,47.77,0.15,10.0,0.17,15.0,0.18,9.0,0.01,0.01,2327.998657,1776224072000
1776224073.862,273.862,0.83,24.69,0.82,14.0,0.84,12.96,0.85,10.0,0.16,12.96,0.15,10.0,0.17,15.0,0.18,9.0,0.01,0.01,2327.998657,1776224072000
1776224074.6,274.6,0.83,19.69,0.82,14.0,0.84,11.76,0.86,60.0,0.16,12.96,0.15,10.0,0.17,24.69,0.18,14.0,0.01,0.01,2327.992794,1776224073000
1776224075.184,275.184,0.83,19.69,0.82,14.0,0.84,11.76,0.86,60.0,0.16,11.76,0.14,60.0,0.17,19.69,0.18,14.0,0.01,0.01,2327.957591,1776224074000
1776224076.115,276.115,0.83,148.4,0.82,44.0,0.9,21.97,0.93,127.19,0.16,11.76,0.14,60.0,0.17,19.69,0.18,14.0,0.07,0.01,2327.957591,1776224074000
1776224076.386,276.386,0.89,25.0,0.88,15.0,0.9,40.95,0.92,12.0,0.1,21.97,0.07,127.19,0.17,148.4,0.18,44.0,0.01,0.07,2327.945115,1776224075000
1776224076.936,276.936,0.89,24.69,0.88,15.0,0.9,40.95,0.92,12.0,0.1,40.95,0.08,12.0,0.11,25.0,0.12,15.0,0.01,0.01,2327.945115,1776224075000
1776224077.324,277.324,0.89,24.69,0.88,15.0,0.9,40.95,0.92,12.0,0.1,40.95,0.08,12.0,0.11,24.69,0.12,15.0,0.01,0.01,2327.9553,1776224076000
1776224077.731,277.731,0.89,24.69,0.88,20.0,0.9,19.86,0.92,12.0,0.1,25.23,0.08,12.0,0.11,24.69,0.12,20.0,0.01,0.01,2327.9553,1776224076000
1776224078.012,278.012,0.89,29.69,0.88,20.0,0.9,1.42,0.92,12.0,0.1,1.42,0.08,12.0,0.11,29.69,0.12,20.0,0.01,0.01,2327.97467,1776224077000
1776224078.553,278.553,0.91,25.0,0.9,20.0,0.92,32.44,0.93,65.19,0.1,1.42,0.08,12.0,0.11,29.69,0.12,20.0,0.01,0.01,2327.97467,1776224077000
1776224078.862,278.862,0.91,24.85,0.9,20.0,0.92,10.0,0.93,65.19,0.08,10.7,0.07,65.19,0.09,20.0,0.1,20.0,0.01,0.01,2327.97467,1776224077000
1776224079.724,279.724,0.92,15.0,0.91,19.85,0.93,110.11,0.94,20.9,0.08,10.0,0.07,65.19,0.09,24.85,0.1,20.0,0.01,0.01,2328.095698,1776224078000
1776224080.055,280.055,0.92,14.9,0.91,19.85,0.93,110.11,0.94,10.9,0.07,110.11,0.06,10.9,0.08,14.9,0.09,19.85,0.01,0.01,2328.147305,1776224079000
1776224080.428,280.428,0.92,14.9,0.91,19.85,0.93,104.39,0.94,15.9,0.07,110.11,0.06,10.9,0.08,14.9,0.09,19.85,0.01,0.01,2328.147305,1776224079000
1776224080.931,280.931,0.92,25.34,0.91,19.85,0.93,92.55,0.95,38.9,0.07,108.31,0.06,15.9,0.08,14.9,0.09,19.85,0.01,0.01,2328.147305,1776224079000
1776224082.133,282.133,0.92,10.34,0.91,19.85,0.93,92.55,0.95,51.9,0.07,92.55,0.05,51.9,0.08,10.34,0.09,19.85,0.01,0.01,2328.14395,1776224081000
1776224082.336,282.336,0.92,6.34,0.91,19.85,0.93,30.55,0.94,19.0,0.07,92.55,0.05,51.9,0.08,10.34,0.09,19.85,0.01,0.01,2328.14395,1776224081000
1776224083.15,283.15,0.92,6.34,0.91,19.85,0.93,30.55,0.94,19.0,0.07,30.55,0.06,19.0,0.08,6.34,0.09,19.85,0.01,0.01,2328.15394,1776224082000
1776224083.354,283.354,0.92,10.0,0.91,19.85,0.93,39.47,0.94,10.0,0.07,30.55,0.06,19.0,0.08,6.34,0.09,19.85,0.01,0.01,2328.15394,1776224082000
1776224084.212,284.212,0.92,10.0,0.91,19.85,0.93,39.47,0.94,10.0,0.07,39.47,0.06,10.0,0.08,10.0,0.09,19.85,0.01,0.01,2328.16475,1776224083000
1776224085.259,285.259,0.92,10.0,0.91,19.85,0.93,39.47,0.94,10.0,0.07,39.47,0.06,10.0,0.08,10.0,0.09,19.85,0.01,0.01,2328.16061,1776224084000
1776224086.221,286.221,0.92,10.0,0.91,19.85,0.93,39.47,0.94,10.0,0.07,39.47,0.06,10.0,0.08,10.0,0.09,19.85,0.01,0.01,2328.14347,1776224085000
1776224086.471,286.471,0.82,5.0,0.81,60.0,0.85,10.0,0.86,10.0,0.07,39.47,0.06,10.0,0.08,10.0,0.09,19.85,0.03,0.01,2328.14347,1776224085000
1776224086.82,286.82,0.79,20.0,0.78,98.61,0.81,3.91,0.82,10.0,0.18,10.0,0.17,10.0,0.22,18.9,0.23,97.48,0.02,0.04,2328.14347,1776224085000
1776224087.575,287.575,0.82,20.0,0.81,25.0,0.84,15.0,0.85,10.0,0.17,4.43,0.16,10.0,0.19,20.0,0.2,15.0,0.02,0.02,2328.14347,1776224085000
1776224087.851,287.851,0.82,20.0,0.81,25.0,0.84,15.0,0.85,10.0,0.16,15.0,0.15,10.0,0.18,20.0,0.19,25.0,0.02,0.02,2328.10198,1776224086000
1776224088.319,288.319,0.82,14.44,0.81,20.0,0.84,10.0,0.85,10.0,0.16,10.0,0.15,10.0,0.18,14.44,0.19,20.0,0.02,0.02,2328.043355,1776224087000
1776224088.799,288.799,0.83,15.0,0.82,14.44,0.85,7.8,0.86,20.0,0.16,8.78,0.15,10.0,0.17,15.0,0.18,14.44,0.02,0.01,2328.043355,1776224087000
1776224089.302,289.302,0.83,15.0,0.82,14.44,0.85,7.8,0.86,20.0,0.15,7.8,0.14,20.0,0.17,15.0,0.18,14.44,0.02,0.02,2327.88152,1776224088000
1776224090.377,290.377,0.84,15.0,0.83,15.0,0.86,13.02,0.87,10.0,0.14,13.02,0.13,10.0,0.16,15.0,0.17,15.0,0.02,0.02,2327.870525,1776224089000
1776224090.903,290.903,0.84,15.0,0.83,15.0,0.86,13.02,0.87,10.0,0.14,13.02,0.13,10.0,0.16,15.0,0.17,15.0,0.02,0.02,2327.869212,1776224090000
1776224091.204,291.204,0.87,20.0,0.86,15.0,0.88,18.85,0.89,10.0,0.14,13.02,0.13,10.0,0.16,15.0,0.17,15.0,0.01,0.02,2327.869212,1776224090000
1776224091.876,291.876,0.87,20.0,0.86,15.0,0.88,5.0,0.89,10.0,0.12,5.0,0.11,10.0,0.13,20.0,0.14,15.0,0.01,0.01,2327.859445,1776224091000
1776224092.316,292.316,0.88,13.75,0.87,15.0,0.89,10.0,0.9,10.0,0.12,5.0,0.11,10.0,0.13,20.0,0.14,15.0,0.01,0.01,2327.859445,1776224091000
1776224092.6,292.6,0.89,20.0,0.88,13.75,0.9,2.22,0.93,29.47,0.11,10.0,0.1,10.0,0.12,13.75,0.13,15.0,0.01,0.01,2327.859445,1776224091000
1776224092.854,292.854,0.89,14.86,0.88,13.75,0.9,2.22,0.92,10.0,0.1,2.22,0.07,29.47,0.11,20.0,0.12,13.75,0.01,0.01,2327.859445,1776224091000
1776224093.665,293.665,0.87,1.34,0.81,50.0,0.88,10.0,0.89,10.0,0.1,2.22,0.08,10.0,0.11,14.86,0.12,13.75,0.01,0.01,2327.85485,1776224092000
1776224093.871,293.871,0.87,1.34,0.81,50.0,0.88,10.0,0.89,10.0,0.12,10.0,0.11,10.0,0.13,1.34,0.19,50.0,0.01,0.01,2327.859465,1776224093000
1776224094.432,294.432,0.77,16.49,0.76,50.0,0.78,8.0,0.79,292.9,0.12,15.0,0.11,10.0,0.13,1.11,0.19,60.0,0.01,0.01,2327.859465,1776224093000
1776224094.717,294.717,0.71,39.65,0.66,50.0,0.72,10.0,0.73,10.0,0.28,10.0,0.27,10.0,0.29,39.65,0.34,50.0,0.01,0.01,2327.859465,1776224093000
1776224095.061,295.061,0.66,13.9,0.65,5.0,0.67,108.51,0.68,26.0,0.28,113.9,0.27,29.0,0.34,13.9,0.37,8.0,0.01,0.06,2327.8646,1776224094000
1776224095.627,295.627,0.71,26.1,0.69,20.0,0.74,10.0,0.75,10.0,0.33,31.9,0.32,26.0,0.35,20.21,0.36,70.0,0.03,0.02,2327.8646,1776224094000
1776224095.845,295.845,0.72,10.0,0.71,80.0,0.76,10.0,0.77,10.0,0.24,10.0,0.23,10.0,0.28,10.0,0.29,80.0,0.04,0.04,2327.87286,1776224095000
1776224096.209,296.209,0.81,9.67,0.8,10.0,0.82,5.61,0.83,38.0,0.19,28.9,0.18,40.0,0.27,20.0,0.28,15.0,0.01,0.08,2327.87286,1776224095000
1776224096.476,296.476,0.81,4.23,0.8,15.0,0.82,4.24,0.83,42.9,0.18,12.51,0.17,38.0,0.19,4.23,0.2,15.0,0.01,0.01,2327.87286,1776224095000
1776224096.722,296.722,0.82,12.84,0.81,4.23,0.83,18.15,0.84,69.0,0.17,12.21,0.16,69.0,0.19,4.23,0.2,15.0,0.01,0.02,2327.87286,1776224095000
1776224096.953,296.953,0.82,12.84,0.81,4.23,0.83,18.15,0.84,69.0,0.17,18.15,0.16,69.0,0.18,12.84,0.19,4.23,0.01,0.01,2327.786881,1776224096000
1776224097.165,297.165,0.84,10.0,0.83,20.0,0.85,5.53,0.86,30.0,0.17,18.15,0.16,69.0,0.18,12.84,0.19,4.23,0.01,0.01,2327.786881,1776224096000
1776224097.37,297.37,0.86,19.07,0.84,29.76,0.89,9.18,0.91,53.4,0.09,53.4,0.08,10.0,0.16,5.0,0.18,10.0,0.03,0.07,2327.786881,1776224096000
1776224097.719,297.719,0.88,10.0,0.87,15.0,0.9,10.0,0.91,57.99,0.09,36.77,0.08,10.0,0.14,24.07,0.15,15.0,0.02,0.05,2327.786881,1776224096000
1776224097.924,297.924,0.89,15.0,0.88,15.0,0.91,56.99,0.92,10.0,0.1,10.0,0.09,57.99,0.12,10.0,0.13,15.0,0.02,0.02,2327.786881,1776224096000
1776224098.154,298.154,0.94,10.0,0.93,10.0,0.98,277.76,0.99,1065.98,0.05,10.83,0.04,90.0,0.08,10.0,0.09,10.0,0.04,0.03,2327.727226,1776224097000
1776224098.384,298.384,0.97,10.0,0.96,10.0,0.98,177.76,0.99,1065.98,0.05,3.75,0.02,267.76,0.06,15.0,0.07,15.0,0.01,0.01,2327.727226,1776224097000
1776224098.623,298.623,0.96,5.0,0.95,10.0,0.99,1065.98,,,0.02,1.54,0.01,1065.98,0.03,5.0,0.04,10.0,0.03,0.01,2327.727226,1776224097000
1776224098.883,298.883,0.98,18.74,0.97,10.0,0.99,1047.23,,,0.01,1065.98,,,0.07,10.0,0.08,10.0,0.01,0.06,2327.727226,1776224097000
1776224099.095,299.095,0.97,23.0,0.96,23.0,0.99,1009.21,,,0.02,8.96,0.01,1045.23,0.03,10.0,0.04,23.0,0.02,0.01,2327.763282,1776224098000
1776224099.324,299.324,0.97,18.0,0.96,23.0,0.99,884.62,,,0.01,897.41,,,0.03,18.0,0.04,23.0,0.02,0.02,2327.763282,1776224098000
1776224099.706,299.706,0.98,13.09,0.97,23.0,0.99,2261.0,,,,,,,0.01,43.0,0.02,13.09,0.01,,2327.763282,1776224098000
1776224099.97,299.97,0.99,240.0,0.98,145.09,,,,,0.01,2260.0,,,0.02,145.09,0.03,28.0,,0.01,2327.763282,1776224098000
1776224100.2,300.2,0.99,5005.52,0.98,13.09,,,,,,,,,0.01,240.0,0.02,145.09,,,2327.727905,1776224099000
1776224101.12,301.12,0.99,17209.52,0.98,13.09,,,,,,,,,0.01,17209.52,0.02,13.09,,,2327.777843,1776224100000
1776224102.882,302.882,0.99,17209.52,0.98,13.09,,,,,,,,,0.01,17209.52,0.02,13.09,,,2327.718022,1776224101000

# RESULT,winner=Up,slug=eth-updown-5m-1776223800,ticks=498
