timestamp,elapsed_sec,up_bid_p1,up_bid_s1,up_bid_p2,up_bid_s2,up_ask_p1,up_ask_s1,up_ask_p2,up_ask_s2,down_bid_p1,down_bid_s1,down_bid_p2,down_bid_s2,down_ask_p1,down_ask_s1,down_ask_p2,down_ask_s2,up_spread,down_spread,eth_price,eth_oracle_ts
1776338100.904,0.904,0.52,251.25,0.51,11.91,0.55,70.0,0.56,70.0,0.46,51.78,0.4,38.0,0.48,192.3,0.49,11.91,0.03,0.02,2331.333475,1776338099000
1776338101.256,1.256,0.52,251.25,0.51,11.91,0.55,70.0,0.56,70.0,0.45,70.0,0.44,70.0,0.48,251.25,0.49,11.91,0.03,0.03,2331.30809,1776338100000
1776338101.923,1.923,0.54,13.0,0.53,12.0,0.56,3.0,0.57,5.0,0.45,70.0,0.44,70.0,0.48,251.25,0.49,11.91,0.02,0.03,2331.30809,1776338100000
1776338102.218,2.218,0.54,11.91,0.53,12.0,0.56,3.0,0.57,5.0,0.44,3.0,0.43,5.0,0.46,13.0,0.47,12.0,0.02,0.02,2331.30809,1776338100000
1776338103.325,3.325,0.54,11.91,0.53,12.0,0.56,3.0,0.57,5.0,0.44,3.0,0.43,5.0,0.46,11.91,0.47,12.0,0.02,0.02,2331.42795,1776338102000
1776338103.731,3.731,0.54,21.91,0.53,29.0,0.56,27.0,0.57,15.0,0.44,3.0,0.43,5.0,0.46,11.91,0.47,12.0,0.02,0.02,2331.42795,1776338102000
1776338104.123,4.123,0.54,4.51,0.53,29.0,0.55,3.72,0.56,27.0,0.45,3.72,0.44,27.0,0.46,21.91,0.47,29.0,0.01,0.01,2331.432906,1776338103000
1776338104.401,4.401,0.53,12.21,0.52,175.0,0.54,10.0,0.55,8.72,0.45,3.72,0.44,27.0,0.46,4.51,0.47,29.0,0.01,0.01,2331.432906,1776338103000
1776338104.633,4.633,0.53,12.21,0.52,175.0,0.54,9.56,0.55,13.72,0.46,10.0,0.45,8.72,0.47,12.21,0.48,175.0,0.01,0.01,2331.432906,1776338103000
1776338105.002,5.002,0.53,12.21,0.52,175.0,0.54,9.56,0.55,13.72,0.46,9.56,0.45,13.72,0.47,12.21,0.48,175.0,0.01,0.01,2331.4857,1776338104000
1776338105.811,5.811,0.52,5.0,0.51,18.86,0.53,25.44,0.54,178.62,0.46,5.85,0.45,13.72,0.47,12.21,0.48,105.0,0.01,0.01,2331.4857,1776338104000
1776338106.131,6.131,0.52,5.0,0.51,23.86,0.53,35.46,0.54,173.62,0.47,20.44,0.46,178.62,0.48,5.0,0.49,18.86,0.01,0.01,2331.542791,1776338105000
1776338106.508,6.508,0.52,39.54,0.51,23.86,0.53,41.46,0.54,173.62,0.47,35.46,0.46,173.62,0.48,5.0,0.49,23.86,0.01,0.01,2331.542791,1776338105000
1776338107.026,7.026,0.52,39.54,0.51,23.86,0.53,41.46,0.54,173.62,0.47,41.46,0.46,173.62,0.48,39.54,0.49,23.86,0.01,0.01,2331.471695,1776338106000
1776338107.73,7.73,0.52,39.54,0.51,11.86,0.53,39.57,0.54,165.45,0.47,41.46,0.46,173.62,0.48,39.54,0.49,23.86,0.01,0.01,2331.471695,1776338106000
1776338108.105,8.105,0.52,39.54,0.51,11.86,0.53,39.57,0.54,165.45,0.47,39.57,0.46,165.45,0.48,39.54,0.49,11.86,0.01,0.01,2331.326976,1776338107000
1776338108.474,8.474,0.52,44.54,0.51,11.86,0.53,34.57,0.54,165.45,0.47,39.57,0.46,165.45,0.48,39.54,0.49,11.86,0.01,0.01,2331.326976,1776338107000
1776338109.099,9.099,0.52,44.54,0.51,11.86,0.53,34.57,0.54,165.45,0.47,34.57,0.46,165.45,0.48,44.54,0.49,11.86,0.01,0.01,2331.31884,1776338108000
1776338109.484,9.484,0.5,75.78,0.49,13.0,0.52,15.0,0.53,100.57,0.47,34.57,0.46,165.45,0.48,44.54,0.49,11.86,0.02,0.01,2331.31884,1776338108000
1776338110.112,10.112,0.5,68.78,0.49,25.0,0.51,18.03,0.52,15.0,0.49,18.03,0.48,15.0,0.5,68.78,0.51,25.0,0.01,0.01,2331.366857,1776338109000
1776338110.67,10.67,0.5,79.28,0.49,25.0,0.51,28.53,0.52,15.0,0.49,18.03,0.48,15.0,0.5,68.78,0.51,25.0,0.01,0.01,2331.366857,1776338109000
1776338110.937,10.937,0.5,132.28,0.49,30.0,0.53,88.74,0.54,176.45,0.49,28.53,0.48,15.0,0.5,79.28,0.51,25.0,0.03,0.01,2331.366857,1776338109000
1776338111.519,11.519,0.51,12.5,0.5,142.28,0.52,10.0,0.53,99.24,0.47,88.74,0.46,176.45,0.5,132.28,0.51,30.0,0.01,0.03,2331.366857,1776338109000
1776338113.063,13.063,0.51,17.5,0.5,147.28,0.52,16.23,0.53,88.74,0.48,10.0,0.47,99.24,0.49,12.5,0.5,142.28,0.01,0.01,2331.366857,1776338109000
1776338114.95,14.95,0.51,158.5,0.5,244.28,0.52,1.0,0.53,17.44,0.48,16.23,0.47,88.74,0.49,17.5,0.5,147.28,0.01,0.01,2331.3849,1776338113000
1776338115.646,15.646,0.53,144.37,0.52,43.5,0.54,20.6,0.55,30.5,0.46,8.6,0.45,30.5,0.49,163.5,0.5,244.28,0.01,0.03,2331.39505,1776338114000
1776338117.388,17.388,0.53,78.24,0.52,38.5,0.54,20.6,0.55,88.5,0.46,20.6,0.45,30.5,0.47,144.37,0.48,43.5,0.01,0.01,2331.396865,1776338116000
1776338119.315,19.315,0.53,90.24,0.52,96.5,0.54,6.74,0.55,75.0,0.46,20.6,0.45,88.5,0.47,78.24,0.48,38.5,0.01,0.01,2331.535495,1776338118000
1776338119.743,19.743,0.53,160.44,0.52,43.5,0.55,15.17,0.57,15.0,0.46,6.74,0.45,75.0,0.47,90.24,0.48,96.5,0.02,0.01,2331.535495,1776338118000
1776338120.381,20.381,0.57,94.67,0.56,48.5,0.58,19.13,0.59,92.5,0.43,10.0,0.42,107.5,0.48,36.5,0.49,37.5,0.01,0.05,2331.551331,1776338119000
1776338122.627,22.627,0.6,20.0,0.59,119.06,0.61,9.5,0.62,92.0,0.42,19.13,0.41,92.5,0.43,94.67,0.44,48.5,0.01,0.01,2331.573947,1776338121000
1776338123.38,23.38,0.6,15.0,0.59,119.06,0.63,20.5,0.64,177.5,0.39,9.5,0.38,92.0,0.4,20.0,0.41,119.06,0.03,0.01,2331.573947,1776338122000
1776338124.915,24.915,0.62,87.5,0.61,61.5,0.63,7.0,0.64,138.5,0.37,20.5,0.36,177.5,0.4,15.0,0.41,119.06,0.01,0.03,2331.605276,1776338123000
1776338126.764,26.764,0.66,81.2,0.65,20.5,0.67,95.84,0.68,121.5,0.36,130.75,0.35,155.5,0.37,10.0,0.38,106.7,0.01,0.01,2331.69615,1776338124000
1776338127.39,27.39,0.66,109.98,0.65,20.5,0.67,89.34,0.68,51.5,0.33,90.84,0.32,51.5,0.34,67.0,0.35,20.5,0.01,0.01,2331.830067,1776338126000
1776338128.319,28.319,0.66,100.56,0.65,25.5,0.67,87.32,0.68,43.5,0.33,87.32,0.32,51.5,0.34,104.98,0.35,20.5,0.01,0.01,2331.830067,1776338126000
1776338129.324,29.324,0.66,73.08,0.65,60.05,0.67,24.97,0.68,33.5,0.33,87.32,0.32,43.5,0.34,100.56,0.35,25.5,0.01,0.01,2331.876545,1776338128000
1776338129.809,29.809,0.66,57.58,0.65,55.05,0.67,18.97,0.68,93.5,0.33,24.97,0.32,33.5,0.34,73.08,0.35,60.05,0.01,0.01,2331.876545,1776338128000
1776338130.631,30.631,0.66,127.08,0.65,88.5,0.68,4.62,0.69,59.5,0.33,6.97,0.32,93.5,0.34,62.58,0.35,55.05,0.02,0.01,2331.880817,1776338129000
1776338132.219,32.219,0.67,104.0,0.66,75.08,0.69,62.12,0.7,107.0,0.32,4.62,0.31,59.5,0.34,127.08,0.35,88.5,0.02,0.02,2332.0682,1776338131000
1776338132.516,32.516,0.68,121.0,0.67,50.0,0.69,60.52,0.7,95.0,0.31,62.12,0.3,107.0,0.33,104.0,0.34,75.08,0.01,0.02,2332.0682,1776338131000
1776338135.494,35.494,0.69,81.0,0.68,76.0,0.7,194.35,0.71,166.0,0.31,60.52,0.3,95.0,0.32,121.0,0.33,50.0,0.01,0.01,2332.002536,1776338134000
1776338136.643,36.643,0.69,75.0,0.68,76.0,0.7,192.92,0.71,166.0,0.3,194.35,0.29,166.0,0.31,81.0,0.32,76.0,0.01,0.01,2332.070306,1776338135000
1776338137.73,37.73,0.69,70.32,0.68,81.0,0.7,192.92,0.71,166.0,0.3,192.92,0.29,166.0,0.31,75.0,0.32,76.0,0.01,0.01,2332.0885,1776338136000
1776338138.349,38.349,0.69,69.28,0.68,81.0,0.7,192.92,0.71,166.0,0.3,192.92,0.29,166.0,0.31,70.32,0.32,81.0,0.01,0.01,2332.0885,1776338137000
1776338139.283,39.283,0.7,56.5,0.69,65.78,0.72,3.1,0.73,5.0,0.3,192.92,0.29,166.0,0.31,69.28,0.32,81.0,0.02,0.01,2332.0885,1776338137000
1776338140.765,40.765,0.72,86.68,0.71,30.5,0.73,113.26,0.74,40.5,0.27,1.26,0.26,22.5,0.3,41.5,0.31,45.78,0.01,0.03,2332.007155,1776338138000
1776338141.215,41.215,0.72,12.85,0.67,10.0,0.73,182.76,0.74,125.5,0.27,118.26,0.26,40.5,0.28,68.82,0.29,30.5,0.01,0.01,2332.027853,1776338139000
1776338141.86,41.86,0.67,3.96,0.66,33.0,0.68,87.5,0.69,87.5,0.32,21.5,0.31,58.5,0.33,7.0,0.34,21.0,0.01,0.01,2332.162574,1776338140000
1776338145.387,45.387,0.67,55.96,0.66,43.5,0.68,85.35,0.69,59.5,0.32,87.5,0.31,87.5,0.33,3.96,0.34,33.0,0.01,0.01,2332.0316,1776338143000
1776338147.023,47.023,0.68,5.15,0.67,96.46,0.69,107.0,0.7,49.5,0.32,85.35,0.31,59.5,0.33,55.96,0.34,43.5,0.01,0.01,2332.003745,1776338145000
1776338150.163,50.163,0.69,54.0,0.68,42.0,0.7,78.5,0.71,139.5,0.31,101.0,0.3,49.5,0.32,5.15,0.33,96.46,0.01,0.01,2332.129966,1776338149000
1776338150.505,50.505,0.69,4.0,0.68,27.0,0.7,193.5,0.71,111.5,0.3,73.5,0.29,139.5,0.31,50.42,0.32,42.0,0.01,0.01,2332.129966,1776338149000
1776338151.331,51.331,0.69,30.5,0.68,133.57,0.72,59.0,0.73,27.5,0.3,188.5,0.29,111.5,0.32,25.87,0.33,8.96,0.03,0.02,2332.129966,1776338149000
1776338152.291,52.291,0.7,49.0,0.68,5.01,0.71,165.5,0.72,100.5,0.28,33.1,0.27,44.5,0.29,71.0,0.3,43.5,0.01,0.01,2332.114454,1776338151000
1776338152.51,52.51,0.68,5.01,0.65,5.0,0.69,123.5,0.7,40.5,0.29,165.5,0.28,100.5,0.3,49.0,0.32,5.01,0.01,0.01,2332.114454,1776338151000
1776338152.715,52.715,0.65,10.0,0.64,31.5,0.66,15.5,0.67,15.0,0.31,122.5,0.3,52.5,0.35,15.0,0.36,21.0,0.01,0.04,2332.114454,1776338151000
1776338152.952,52.952,0.65,1.42,0.64,33.0,0.66,18.5,0.67,35.5,0.34,33.0,0.33,35.5,0.35,1.42,0.36,31.5,0.01,0.01,2332.114454,1776338151000
1776338154.175,54.175,0.64,45.0,0.63,43.5,0.65,88.5,0.66,52.5,0.34,3.5,0.33,35.5,0.35,1.42,0.36,33.0,0.01,0.01,2332.112889,1776338152000
1776338154.578,54.578,0.64,56.0,0.63,37.5,0.65,78.5,0.66,57.5,0.35,88.5,0.34,52.5,0.36,45.0,0.37,43.5,0.01,0.01,2332.04711,1776338153000
1776338156.597,56.597,0.63,7.0,0.62,15.5,0.64,50.5,0.65,118.5,0.35,78.5,0.34,57.5,0.36,56.0,0.37,37.5,0.01,0.01,2331.92627,1776338155000
1776338157.001,57.001,0.63,7.0,0.61,10.0,0.64,165.42,0.65,65.5,0.36,50.5,0.35,118.5,0.37,7.0,0.38,15.5,0.01,0.01,2331.92627,1776338155000
1776338157.321,57.321,0.59,1.96,0.58,17.0,0.6,68.5,0.61,30.5,0.36,165.42,0.35,67.5,0.4,5.0,0.41,11.0,0.01,0.04,2331.92627,1776338155000
1776338157.617,57.617,0.58,18.0,0.57,25.5,0.59,68.46,0.6,60.5,0.41,38.46,0.4,60.5,0.42,18.0,0.43,25.5,0.01,0.01,2331.923795,1776338156000
1776338159.213,59.213,0.58,8.96,0.57,5.0,0.59,139.46,0.6,140.5,0.41,68.46,0.4,60.5,0.42,18.0,0.43,25.5,0.01,0.01,2331.92172,1776338157000
1776338159.498,59.498,0.53,0.93,0.52,15.0,0.54,163.11,0.55,162.0,0.46,68.61,0.44,9.33,0.47,5.0,0.48,15.0,0.01,0.01,2331.78355,1776338158000
1776338159.699,59.699,0.52,10.91,0.51,20.5,0.54,152.11,0.55,162.0,0.46,163.11,0.45,162.0,0.47,0.93,0.48,15.0,0.02,0.01,2331.78355,1776338158000
1776338160.146,60.146,0.5,53.78,0.49,10.0,0.53,87.03,0.54,136.11,0.47,4.83,0.46,152.11,0.48,10.91,0.49,20.5,0.03,0.01,2331.78318,1776338159000
1776338160.494,60.494,0.5,6.96,0.49,5.0,0.51,67.91,0.52,20.5,0.49,10.0,0.48,10.0,0.5,11.96,0.51,20.0,0.01,0.01,2331.78318,1776338159000
1776338161.091,61.091,0.46,25.5,0.45,229.0,0.47,1.0,0.48,17.0,0.49,125.91,0.48,20.5,0.54,2.96,0.55,166.0,0.01,0.05,2331.78318,1776338159000
1776338161.946,61.946,0.5,35.5,0.49,20.5,0.51,8.0,0.52,12.0,0.52,7.97,0.51,5.0,0.54,20.5,0.55,229.0,0.01,0.02,2331.614971,1776338160000
1776338162.439,62.439,0.5,98.5,0.49,166.5,0.51,5.0,0.52,12.0,0.49,8.0,0.48,12.0,0.5,35.5,0.51,20.5,0.01,0.01,2331.425705,1776338161000
1776338168.883,68.883,0.53,88.5,0.52,30.5,0.54,63.06,0.55,85.5,0.47,5.5,0.46,96.11,0.48,30.0,0.49,35.5,0.01,0.01,2331.44848,1776338167000
1776338177.081,77.081,0.53,58.5,0.52,35.5,0.54,121.06,0.55,27.5,0.46,63.06,0.45,85.5,0.47,88.5,0.48,30.5,0.01,0.01,2331.50945,1776338175000
1776338180.472,80.472,0.53,46.62,0.52,35.5,0.54,63.06,0.55,85.5,0.46,121.06,0.45,27.5,0.47,58.5,0.48,35.5,0.01,0.01,2331.4897,1776338179000
1776338181.411,81.411,0.53,77.62,0.52,93.5,0.54,58.06,0.55,17.0,0.46,63.06,0.45,85.5,0.47,46.62,0.48,35.5,0.01,0.01,2331.457312,1776338180000
1776338181.639,81.639,0.53,135.62,0.52,111.5,0.54,8.06,0.55,12.0,0.46,58.06,0.45,17.0,0.47,77.62,0.48,93.5,0.01,0.01,2331.457312,1776338180000
1776338181.911,81.911,0.59,60.0,0.57,30.5,0.6,22.5,0.61,63.0,0.42,5.0,0.41,5.0,0.43,7.01,0.46,25.5,0.01,0.01,2331.457312,1776338180000
1776338182.629,82.629,0.59,111.56,0.58,92.0,0.6,22.5,0.61,80.0,0.4,22.5,0.39,63.0,0.41,60.0,0.43,30.5,0.01,0.01,2331.48869,1776338181000
1776338183.733,83.733,0.59,16.56,0.58,92.0,0.6,32.5,0.61,90.0,0.4,22.5,0.39,80.0,0.41,111.56,0.42,92.0,0.01,0.01,2331.45872,1776338182000
1776338184.216,84.216,0.59,4.36,0.58,92.0,0.6,51.6,0.61,99.89,0.4,32.5,0.39,90.0,0.41,16.56,0.42,92.0,0.01,0.01,2331.534,1776338183000
1776338186.653,86.653,0.58,44.0,0.57,37.5,0.6,1.99,0.61,107.5,0.4,51.6,0.39,99.89,0.41,4.36,0.42,92.0,0.02,0.01,2331.53722,1776338184000
1776338190.025,90.025,0.46,15.5,0.45,69.0,0.49,65.0,0.5,29.96,0.4,1.99,0.39,107.5,0.42,44.0,0.43,37.5,0.03,0.02,2331.56208,1776338189000
1776338190.246,90.246,0.46,8.4,0.45,68.0,0.47,15.0,0.48,130.5,0.53,15.0,0.52,130.5,0.54,12.9,0.55,68.0,0.01,0.01,2331.56208,1776338189000
1776338190.827,90.827,0.45,25.33,0.44,22.5,0.47,20.0,0.48,270.5,0.53,15.0,0.52,130.5,0.54,8.4,0.55,68.0,0.02,0.01,2331.56208,1776338189000
1776338191.239,91.239,0.45,23.83,0.44,47.5,0.46,10.0,0.47,73.0,0.53,20.0,0.52,270.5,0.55,25.33,0.56,22.5,0.01,0.02,2331.559531,1776338190000
1776338191.558,91.558,0.45,28.83,0.44,47.5,0.46,3.61,0.47,73.0,0.54,3.61,0.53,73.0,0.55,23.83,0.56,47.5,0.01,0.01,2331.559531,1776338190000
1776338192.278,92.278,0.45,28.83,0.44,47.5,0.46,10.0,0.47,15.0,0.54,3.61,0.53,73.0,0.55,28.83,0.56,47.5,0.01,0.01,2331.370334,1776338191000
1776338192.604,92.604,0.45,43.83,0.44,115.5,0.47,15.0,0.48,137.0,0.54,10.0,0.53,15.0,0.55,28.83,0.56,47.5,0.02,0.01,2331.370334,1776338191000
1776338196.011,96.011,0.46,15.0,0.45,18.33,0.47,35.5,0.48,108.5,0.53,15.0,0.52,137.0,0.55,43.83,0.56,115.5,0.01,0.02,2331.178585,1776338194000
1776338201.77,101.77,0.46,5.0,0.45,3.33,0.47,91.37,0.48,50.5,0.53,35.5,0.52,108.5,0.54,15.0,0.55,18.33,0.01,0.01,2331.133578,1776338200000
1776338206.394,106.394,0.45,3.33,0.44,13.5,0.47,258.47,0.48,58.5,0.53,91.37,0.52,50.5,0.54,5.0,0.55,3.33,0.02,0.01,2331.148387,1776338205000
1776338206.738,106.738,0.31,12.7,0.3,10.0,0.33,0.13,0.34,25.5,0.67,10.0,0.66,10.0,0.68,5.9,0.69,12.7,0.02,0.01,2331.148387,1776338205000
1776338206.988,106.988,0.31,12.7,0.3,15.0,0.32,14.4,0.33,10.0,0.66,20.63,0.65,165.5,0.69,12.7,0.7,10.0,0.01,0.03,2331.148387,1776338205000
1776338207.366,107.366,0.31,2.26,0.3,22.29,0.32,29.4,0.33,22.0,0.68,14.4,0.67,10.0,0.69,12.7,0.7,15.0,0.01,0.01,2331.182156,1776338206000
1776338208.137,108.137,0.31,7.26,0.3,27.79,0.32,4.34,0.33,80.0,0.68,26.27,0.67,80.0,0.69,2.26,0.7,22.29,0.01,0.01,2331.080072,1776338207000
1776338213.236,113.236,0.31,12.92,0.3,7.29,0.32,19.84,0.33,85.0,0.68,14.84,0.67,80.0,0.69,4.37,0.7,17.29,0.01,0.01,2330.61181,1776338212000
1776338213.748,113.748,0.33,119.0,0.32,123.02,0.34,4.0,0.35,103.5,0.68,19.84,0.67,85.0,0.69,12.92,0.7,7.29,0.01,0.01,2330.61181,1776338212000
1776338214.355,114.355,0.34,218.5,0.33,75.5,0.35,54.85,0.46,34.1,0.65,80.5,0.64,117.99,0.67,151.0,0.68,123.02,0.01,0.02,2330.613685,1776338213000
1776338214.879,114.879,0.46,52.0,0.45,21.0,0.48,15.5,0.49,80.5,0.53,35.33,0.52,58.0,0.56,10.0,0.57,10.0,0.02,0.03,2330.613685,1776338213000
1776338215.211,115.211,0.47,81.7,0.46,74.5,0.48,5.0,0.49,106.1,0.52,7.81,0.51,80.5,0.54,52.0,0.55,21.0,0.01,0.02,2330.563528,1776338214000
1776338218.454,118.454,0.47,57.3,0.46,74.5,0.48,67.16,0.49,12.0,0.52,5.0,0.51,106.1,0.53,81.7,0.54,74.5,0.01,0.01,2331.148284,1776338217000
1776338218.807,118.807,0.47,122.54,0.46,149.5,0.48,57.16,0.49,12.0,0.52,62.16,0.51,12.0,0.53,111.54,0.54,149.5,0.01,0.01,2331.148284,1776338217000
1776338219.647,119.647,0.47,153.54,0.46,149.5,0.48,8.82,0.49,12.0,0.52,42.05,0.51,12.0,0.53,127.54,0.54,149.5,0.01,0.01,2331.150536,1776338218000
1776338220.065,120.065,0.52,79.7,0.51,95.5,0.53,68.0,0.54,22.0,0.51,12.0,0.47,68.0,0.52,12.88,0.53,153.54,0.01,0.01,2331.150536,1776338218000
1776338220.445,120.445,0.52,141.1,0.51,95.5,0.53,119.77,0.54,17.0,0.47,68.0,0.46,22.0,0.48,79.7,0.49,95.5,0.01,0.01,2331.22285,1776338219000
1776338220.688,120.688,0.52,107.9,0.51,95.5,0.53,127.41,0.54,17.0,0.47,119.77,0.46,17.0,0.48,141.1,0.49,95.5,0.01,0.01,2331.22285,1776338219000
1776338220.999,120.999,0.52,186.68,0.51,30.5,0.53,7.64,0.54,12.0,0.47,127.41,0.46,17.0,0.48,107.9,0.49,95.5,0.01,0.01,2331.22285,1776338219000
1776338221.227,121.227,0.58,70.89,0.57,80.0,0.59,5.0,0.6,10.0,0.41,5.0,0.4,10.0,0.42,65.89,0.48,238.18,0.01,0.01,2331.273155,1776338220000
1776338221.495,121.495,0.59,83.81,0.58,162.39,0.6,22.9,0.61,113.0,0.4,22.9,0.39,113.0,0.41,20.5,0.42,212.39,0.01,0.01,2331.273155,1776338220000
1776338221.758,121.758,0.58,55.89,0.57,12.0,0.59,10.0,0.6,32.9,0.4,22.9,0.39,113.0,0.41,83.81,0.42,162.39,0.01,0.01,2331.273155,1776338220000
1776338222.036,122.036,0.58,114.77,0.57,43.5,0.59,14.06,0.6,58.0,0.41,15.0,0.4,63.0,0.42,63.27,0.43,32.5,0.01,0.01,2331.273155,1776338220000
1776338222.564,122.564,0.58,20.5,0.57,38.5,0.59,5.0,0.61,89.96,0.41,5.0,0.39,87.0,0.43,38.5,0.44,35.5,0.01,0.02,2331.313672,1776338221000
1776338222.942,122.942,0.58,10.5,0.57,96.5,0.59,23.0,0.61,85.0,0.41,5.0,0.39,89.96,0.42,20.5,0.43,38.5,0.01,0.01,2331.313672,1776338221000
1776338223.367,123.367,0.6,11.0,0.59,10.0,0.61,12.0,0.65,8.0,0.41,23.0,0.39,85.0,0.42,10.5,0.43,96.5,0.01,0.01,2331.455759,1776338222000
1776338223.578,123.578,0.65,63.43,0.64,56.0,0.67,2.33,0.68,5.0,0.33,2.33,0.32,5.0,0.36,56.0,0.37,80.0,0.02,0.03,2331.455759,1776338222000
1776338224.06,124.06,0.67,6.66,0.66,46.5,0.69,5.0,0.7,99.1,0.32,9.33,0.31,5.0,0.34,15.61,0.35,160.43,0.02,0.02,2331.455759,1776338222000
1776338224.672,124.672,0.68,23.37,0.67,18.66,0.69,44.1,0.7,115.23,0.31,5.0,0.3,99.1,0.33,6.66,0.34,46.5,0.01,0.02,2331.504185,1776338223000
1776338225.179,125.179,0.68,47.56,0.67,18.66,0.69,39.1,0.7,195.62,0.31,44.1,0.3,115.23,0.32,23.37,0.33,18.66,0.01,0.01,2331.504185,1776338223000
1776338226.371,126.371,0.64,78.5,0.63,10.0,0.66,124.5,0.67,108.5,0.31,39.1,0.3,195.62,0.32,47.56,0.33,18.66,0.02,0.01,2331.85771,1776338225000
1776338227.328,127.328,0.64,53.58,0.63,22.0,0.65,28.0,0.66,135.5,0.34,124.5,0.33,108.5,0.36,78.5,0.37,10.0,0.01,0.02,2331.85771,1776338225000
1776338228.36,128.36,0.64,113.69,0.63,22.0,0.65,43.0,0.66,118.5,0.35,28.0,0.34,135.5,0.36,53.58,0.37,22.0,0.01,0.01,2331.858405,1776338226000
1776338229.921,129.921,0.64,110.38,0.63,32.0,0.65,38.0,0.66,118.5,0.35,43.0,0.34,118.5,0.36,113.69,0.37,22.0,0.01,0.01,2331.763352,1776338228000
1776338230.126,130.126,0.64,108.34,0.63,32.0,0.65,43.0,0.66,130.5,0.35,38.0,0.34,118.5,0.36,110.38,0.37,32.0,0.01,0.01,2331.763352,1776338228000
1776338230.685,130.685,0.64,8.34,0.63,17.0,0.65,134.5,0.66,265.49,0.35,43.0,0.34,130.5,0.36,108.34,0.37,32.0,0.01,0.01,2331.773473,1776338229000
1776338230.937,130.937,0.58,8.4,0.57,21.0,0.6,85.0,0.61,28.0,0.35,139.5,0.34,265.49,0.41,5.9,0.43,11.0,0.02,0.06,2331.773473,1776338229000
1776338233.182,133.182,0.58,16.64,0.57,217.77,0.59,39.0,0.6,23.0,0.41,5.0,0.4,57.0,0.42,10.5,0.43,21.0,0.01,0.01,2331.777745,1776338231000
1776338233.388,133.388,0.58,87.7,0.57,166.0,0.6,23.0,0.61,6.0,0.41,29.0,0.4,23.0,0.42,82.7,0.43,166.0,0.02,0.01,2331.68472,1776338232000
1776338233.821,133.821,0.59,25.5,0.58,150.7,0.61,18.0,0.63,12.0,0.4,8.0,0.39,6.0,0.41,20.5,0.42,87.7,0.02,0.01,2331.68472,1776338232000
1776338234.692,134.692,0.6,20.5,0.59,95.5,0.61,1.32,0.62,12.0,0.39,18.0,0.37,12.0,0.41,25.5,0.42,150.7,0.01,0.02,2331.642683,1776338233000
1776338236.518,136.518,0.62,41.36,0.61,32.5,0.63,5.0,0.64,12.57,0.39,1.32,0.38,12.0,0.4,20.5,0.41,95.5,0.01,0.01,2331.677015,1776338235000
1776338238.825,138.825,0.64,200.5,0.63,147.5,0.66,28.92,0.67,22.0,0.37,5.0,0.36,12.57,0.38,41.36,0.39,32.5,0.02,0.01,2331.675864,1776338237000
1776338239.279,139.279,0.65,167.5,0.64,142.7,0.66,6.68,0.67,13.6,0.34,28.92,0.33,22.0,0.36,200.5,0.37,147.5,0.01,0.02,2331.70108,1776338238000
1776338242.449,142.449,0.7,10.5,0.69,25.5,0.72,10.33,0.74,9.0,0.33,13.6,0.32,63.0,0.35,167.5,0.36,128.5,0.02,0.02,2331.915736,1776338241000
1776338242.853,142.853,0.78,70.0,0.77,80.5,0.81,30.0,0.83,8.09,0.23,4.9,0.2,10.0,0.25,127.61,0.29,70.5,0.03,0.02,2331.915736,1776338241000
1776338243.274,143.274,0.8,84.5,0.79,22.5,0.81,24.69,0.82,12.0,0.19,50.0,0.16,112.3,0.2,58.0,0.22,85.5,0.01,0.01,2331.93229,1776338242000
1776338243.595,143.595,0.8,89.5,0.79,32.5,0.81,23.45,0.82,12.0,0.19,23.45,0.18,12.0,0.2,84.5,0.21,29.5,0.01,0.01,2331.93229,1776338242000
1776338243.832,143.832,0.8,84.5,0.79,32.5,0.81,23.45,0.82,12.0,0.19,23.45,0.18,12.0,0.2,89.5,0.21,32.5,0.01,0.01,2331.93229,1776338242000
1776338244.521,144.521,0.8,79.0,0.79,32.5,0.81,18.45,0.82,12.0,0.19,23.45,0.18,12.0,0.2,84.5,0.21,32.5,0.01,0.01,2331.93229,1776338242000
1776338245.253,145.253,0.8,114.98,0.79,22.0,0.82,12.0,0.83,10.5,0.19,18.45,0.18,12.0,0.2,79.0,0.21,32.5,0.02,0.01,2332.398187,1776338243000
1776338245.875,145.875,0.82,4.44,0.81,10.0,0.83,20.5,0.84,234.33,0.18,12.0,0.17,10.5,0.2,114.98,0.21,22.0,0.01,0.02,2332.453039,1776338244000
1776338246.465,146.465,0.8,129.98,0.79,15.0,0.83,10.5,0.84,234.33,0.17,20.5,0.16,234.33,0.18,4.44,0.19,10.0,0.03,0.01,2332.557258,1776338245000
1776338247.968,147.968,0.82,11.33,0.81,27.0,0.83,33.39,0.84,294.53,0.17,10.5,0.16,234.33,0.2,129.98,0.21,15.0,0.01,0.03,2332.520291,1776338246000
1776338248.584,148.584,0.82,18.33,0.81,22.0,0.83,20.5,0.84,294.53,0.17,33.39,0.16,294.53,0.18,11.33,0.19,27.0,0.01,0.01,2332.507015,1776338247000
1776338248.817,148.817,0.82,13.33,0.81,22.0,0.83,20.5,0.84,289.53,0.17,20.5,0.16,294.53,0.18,18.33,0.19,22.0,0.01,0.01,2332.507015,1776338247000
1776338251.737,151.737,0.8,114.98,0.76,10.0,0.82,8.0,0.83,74.6,0.17,20.5,0.16,289.53,0.18,13.33,0.19,22.0,0.02,0.01,2332.406092,1776338250000
1776338252.917,152.917,0.75,91.0,0.74,15.0,0.76,25.0,0.77,167.0,0.23,140.0,0.2,25.0,0.25,82.14,0.27,10.0,0.01,0.02,2332.442825,1776338251000
1776338253.542,153.542,0.75,84.61,0.74,80.27,0.76,76.5,0.77,172.5,0.24,25.0,0.23,167.0,0.25,91.0,0.26,15.0,0.01,0.01,2332.358513,1776338252000
1776338254.282,154.282,0.75,89.61,0.74,80.27,0.76,18.0,0.77,107.5,0.24,76.5,0.23,172.5,0.25,84.61,0.26,80.27,0.01,0.01,2332.358513,1776338252000
1776338256.352,156.352,0.75,82.63,0.74,122.75,0.76,18.0,0.77,107.5,0.24,18.0,0.23,107.5,0.25,84.61,0.26,110.75,0.01,0.01,2332.21526,1776338254000
1776338257.207,157.207,0.75,67.86,0.74,122.75,0.76,18.0,0.77,107.5,0.24,18.0,0.23,107.5,0.25,82.63,0.26,122.75,0.01,0.01,2332.24889,1776338256000
1776338257.945,157.945,0.75,67.86,0.74,71.3,0.76,11.42,0.77,92.0,0.24,18.0,0.23,107.5,0.25,67.86,0.26,122.75,0.01,0.01,2332.24889,1776338256000
1776338258.158,158.158,0.75,67.86,0.74,71.3,0.76,10.02,0.77,92.0,0.24,11.42,0.23,92.0,0.25,67.86,0.26,71.3,0.01,0.01,2332.24889,1776338256000
1776338261.013,161.013,0.75,60.86,0.74,49.73,0.76,25.52,0.77,107.5,0.24,10.02,0.23,92.0,0.25,67.86,0.26,71.3,0.01,0.01,2332.2794,1776338259000
1776338261.3,161.3,0.75,54.86,0.74,49.73,0.76,21.91,0.77,107.5,0.24,25.52,0.23,107.5,0.25,54.86,0.26,49.73,0.01,0.01,2332.2794,1776338259000
1776338262.948,162.948,0.75,16.17,0.74,12.0,0.76,46.91,0.77,117.5,0.24,21.91,0.23,107.5,0.25,54.86,0.26,49.73,0.01,0.01,2332.276935,1776338261000
1776338263.17,163.17,0.72,6.0,0.71,5.0,0.73,30.5,0.74,97.5,0.24,46.91,0.23,117.5,0.26,12.0,0.29,5.0,0.01,0.02,2332.276935,1776338261000
1776338263.906,163.906,0.7,10.0,0.69,12.0,0.71,94.95,0.72,117.5,0.27,30.5,0.26,97.5,0.28,6.0,0.29,5.0,0.01,0.01,2332.238674,1776338262000
1776338264.259,164.259,0.65,1.2,0.64,5.0,0.66,91.83,0.67,20.0,0.29,60.61,0.28,117.5,0.35,1.2,0.36,5.0,0.01,0.06,2332.238674,1776338262000
1776338264.795,164.795,0.63,68.86,0.6,10.22,0.64,62.5,0.65,125.5,0.34,91.83,0.33,20.0,0.35,1.2,0.36,5.0,0.01,0.01,2332.238175,1776338263000
1776338265.02,165.02,0.6,5.22,0.58,5.0,0.64,98.5,0.65,125.5,0.36,103.5,0.35,125.5,0.37,34.85,0.4,5.22,0.04,0.01,2332.181745,1776338264000
1776338265.302,165.302,0.57,81.0,0.56,136.5,0.59,9.16,0.6,15.0,0.39,5.0,0.38,80.0,0.42,1.35,0.43,81.0,0.02,0.03,2332.181745,1776338264000
1776338265.682,165.682,0.56,132.5,0.55,5.0,0.59,2.04,0.6,15.0,0.41,9.16,0.4,15.0,0.43,81.0,0.44,136.5,0.03,0.02,2332.181745,1776338264000
1776338265.919,165.919,0.57,4.56,0.56,132.5,0.59,2.04,0.6,15.0,0.41,2.04,0.4,15.0,0.44,132.5,0.45,5.0,0.02,0.03,2332.181745,1776338264000
1776338266.172,166.172,0.56,111.06,0.55,11.0,0.6,13.16,0.61,10.0,0.4,15.0,0.39,10.0,0.44,117.06,0.45,5.0,0.04,0.04,2331.917595,1776338265000
1776338266.487,166.487,0.58,11.97,0.57,5.0,0.59,4.05,0.6,10.0,0.41,2.76,0.4,10.0,0.42,6.97,0.43,5.0,0.01,0.01,2331.917595,1776338265000
1776338266.751,166.751,0.58,11.97,0.57,5.0,0.6,7.18,0.61,25.5,0.41,2.18,0.4,10.0,0.42,11.97,0.43,5.0,0.02,0.01,2331.917595,1776338265000
1776338267.0,167.0,0.56,105.33,0.55,11.0,0.58,12.03,0.59,5.0,0.42,12.03,0.41,5.0,0.43,5.0,0.44,106.06,0.02,0.01,2331.917595,1776338265000
1776338267.584,167.584,0.56,105.33,0.55,11.0,0.58,5.56,0.59,15.0,0.42,12.03,0.41,5.0,0.44,105.33,0.45,11.0,0.02,0.02,2331.71024,1776338266000
1776338267.994,167.994,0.57,5.0,0.56,105.33,0.58,5.0,0.59,8.15,0.41,8.15,0.4,7.18,0.44,105.33,0.45,11.0,0.01,0.03,2331.5705,1776338267000
1776338268.575,168.575,0.58,143.35,0.57,15.0,0.59,1.81,0.6,7.18,0.42,5.0,0.41,8.15,0.43,5.0,0.44,105.33,0.01,0.01,2331.5705,1776338267000
1776338269.862,169.862,0.59,5.0,0.58,148.35,0.61,26.05,0.62,90.5,0.41,1.81,0.4,7.18,0.42,148.35,0.43,20.0,0.02,0.01,2331.549205,1776338268000
1776338270.549,170.549,0.59,88.41,0.58,155.35,0.6,20.5,0.61,24.05,0.39,24.05,0.38,95.5,0.41,4.63,0.42,143.35,0.01,0.02,2331.59347,1776338269000
1776338270.753,170.753,0.59,83.41,0.58,155.35,0.6,6.78,0.61,29.05,0.4,20.5,0.39,24.05,0.41,88.41,0.42,155.35,0.01,0.01,2331.59347,1776338269000
1776338273.453,173.453,0.59,9.63,0.58,150.35,0.6,18.66,0.61,34.05,0.4,6.78,0.39,29.05,0.41,83.41,0.42,155.35,0.01,0.01,2331.599335,1776338272000
1776338274.578,174.578,0.59,55.39,0.58,155.35,0.61,30.01,0.62,104.44,0.4,18.66,0.39,34.05,0.41,9.63,0.42,150.35,0.02,0.01,2331.59105,1776338273000
1776338277.417,177.417,0.59,19.63,0.58,170.85,0.61,15.51,0.62,94.44,0.39,30.01,0.38,104.44,0.41,55.39,0.42,155.35,0.02,0.02,2331.60469,1776338276000
1776338278.601,178.601,0.6,82.5,0.59,30.13,0.63,5.0,0.64,10.5,0.39,15.51,0.38,94.44,0.41,19.63,0.42,170.85,0.03,0.02,2331.60469,1776338276000
1776338280.044,180.044,0.62,29.53,0.61,22.0,0.63,10.5,0.64,22.5,0.37,5.0,0.36,10.5,0.4,82.5,0.41,30.13,0.01,0.03,2331.61115,1776338279000
1776338280.573,180.573,0.64,18.0,0.63,18.0,0.65,99.01,0.66,93.0,0.36,11.19,0.35,93.9,0.38,29.53,0.39,22.0,0.01,0.02,2331.61115,1776338279000
1776338281.668,181.668,0.64,18.0,0.63,18.0,0.65,97.47,0.66,93.0,0.35,99.01,0.34,93.0,0.36,18.0,0.37,18.0,0.01,0.01,2331.664071,1776338280000
1776338282.22,182.22,0.63,5.0,0.62,34.53,0.65,71.46,0.66,108.0,0.35,51.46,0.34,93.0,0.36,18.0,0.37,18.0,0.02,0.01,2331.61813,1776338281000
1776338282.746,182.746,0.62,14.53,0.61,10.0,0.64,20.0,0.65,83.46,0.35,71.46,0.34,108.0,0.37,5.0,0.38,34.53,0.02,0.02,2331.61813,1776338281000
1776338283.178,183.178,0.61,19.53,0.6,15.0,0.63,15.0,0.64,20.0,0.36,20.0,0.35,83.46,0.38,14.53,0.39,10.0,0.02,0.02,2331.61221,1776338282000
1776338284.973,184.973,0.61,2.53,0.6,24.39,0.62,10.0,0.63,22.0,0.37,15.0,0.36,20.0,0.39,19.53,0.4,15.0,0.01,0.02,2331.59284,1776338283000
1776338286.313,186.313,0.61,13.03,0.6,39.89,0.62,3.06,0.63,27.19,0.38,8.06,0.37,17.0,0.39,2.53,0.4,24.39,0.01,0.01,2331.59065,1776338285000
1776338290.417,190.417,0.59,25.5,0.58,170.85,0.61,6.72,0.62,11.48,0.38,3.06,0.37,27.19,0.39,13.03,0.4,39.89,0.02,0.01,2331.58035,1776338289000
1776338291.991,191.991,0.6,10.0,0.59,20.5,0.61,9.5,0.64,25.5,0.39,6.72,0.38,11.48,0.41,25.5,0.42,170.85,0.01,0.02,2331.596125,1776338290000
1776338292.412,192.412,0.6,15.0,0.59,25.5,0.61,6.22,0.64,25.5,0.39,9.5,0.36,25.5,0.4,10.0,0.41,20.5,0.01,0.01,2331.58075,1776338291000
1776338296.571,196.571,0.6,10.0,0.59,15.0,0.61,6.22,0.62,20.5,0.39,6.22,0.36,25.5,0.4,15.0,0.41,25.5,0.01,0.01,2331.599085,1776338295000
1776338297.224,197.224,0.6,3.48,0.59,15.0,0.61,5.0,0.62,20.5,0.39,6.22,0.38,20.5,0.4,10.0,0.41,15.0,0.01,0.01,2331.599085,1776338295000
1776338297.871,197.871,0.6,3.48,0.59,15.0,0.61,0.08,0.62,25.5,0.39,5.0,0.38,20.5,0.4,3.48,0.41,15.0,0.01,0.01,2331.604904,1776338296000
1776338298.219,198.219,0.58,106.35,0.52,8.25,0.59,28.1,0.6,98.27,0.39,0.08,0.38,25.5,0.4,3.48,0.41,15.0,0.01,0.01,2331.601439,1776338297000
1776338298.909,198.909,0.41,34.0,0.4,12.0,0.42,20.0,0.43,22.0,0.47,15.0,0.46,100.86,0.54,50.0,0.57,76.0,0.01,0.07,2331.601439,1776338297000
1776338300.044,200.044,0.4,107.74,0.39,167.12,0.42,31.0,0.43,27.0,0.58,36.0,0.57,27.0,0.6,12.0,0.62,10.0,0.02,0.02,2331.602048,1776338298000
1776338300.402,200.402,0.41,17.02,0.4,117.74,0.42,17.61,0.43,17.0,0.58,28.61,0.57,27.0,0.59,10.0,0.6,117.74,0.01,0.01,2331.374007,1776338299000
1776338300.678,200.678,0.41,22.02,0.4,117.74,0.43,17.0,0.45,5.0,0.58,17.61,0.57,17.0,0.59,17.02,0.6,117.74,0.02,0.01,2331.374007,1776338299000
1776338301.693,201.693,0.42,126.73,0.41,29.02,0.43,5.0,0.44,12.0,0.57,17.0,0.55,5.0,0.59,22.02,0.6,117.74,0.01,0.02,2331.235598,1776338300000
1776338301.923,201.923,0.42,121.73,0.41,99.02,0.49,11.1,0.5,23.0,0.57,5.0,0.56,12.0,0.58,126.73,0.59,29.02,0.07,0.01,2331.145795,1776338301000
1776338302.393,202.393,0.46,28.47,0.45,10.0,0.49,25.5,0.5,38.5,0.5,23.0,0.49,60.0,0.51,58.9,0.52,70.0,0.03,0.01,2331.145795,1776338301000
1776338303.321,203.321,0.46,28.8,0.45,32.0,0.47,5.0,0.48,30.5,0.51,25.5,0.5,38.5,0.54,28.47,0.55,10.0,0.01,0.03,2331.111823,1776338302000
1776338304.189,204.189,0.44,49.91,0.43,95.5,0.46,35.5,0.47,42.5,0.53,5.0,0.52,30.5,0.54,28.8,0.55,32.0,0.02,0.01,2331.111823,1776338302000
1776338306.863,206.863,0.43,5.5,0.42,21.73,0.44,25.0,0.45,30.5,0.54,35.5,0.53,42.5,0.56,49.91,0.57,95.5,0.01,0.02,2331.123131,1776338305000
1776338308.667,208.667,0.42,5.0,0.41,37.5,0.43,15.5,0.44,40.5,0.56,25.0,0.55,30.5,0.57,5.5,0.58,21.73,0.01,0.01,2331.120664,1776338306000
1776338312.265,212.265,0.43,30.5,0.42,25.5,0.46,32.5,0.47,31.4,0.57,15.5,0.56,40.5,0.58,5.0,0.59,37.5,0.03,0.01,2331.136987,1776338310000
1776338312.899,212.899,0.44,5.0,0.43,42.5,0.45,8.77,0.46,42.5,0.54,32.5,0.53,31.4,0.57,30.5,0.58,25.5,0.01,0.03,2331.101474,1776338311000
1776338316.238,216.238,0.51,30.4,0.48,65.5,0.53,15.5,0.54,14.9,0.55,8.77,0.54,42.5,0.56,5.0,0.57,42.5,0.02,0.01,2331.158762,1776338314000
1776338316.604,216.604,0.52,57.0,0.51,60.4,0.53,10.4,0.54,5.0,0.47,15.5,0.46,14.9,0.49,30.4,0.52,65.5,0.01,0.02,2331.148681,1776338315000
1776338317.201,217.201,0.52,50.41,0.51,60.4,0.53,84.01,0.54,15.0,0.47,10.4,0.46,5.0,0.48,57.0,0.49,60.4,0.01,0.01,2331.148681,1776338315000
1776338317.411,217.411,0.52,38.39,0.51,60.4,0.53,94.01,0.54,15.0,0.47,84.01,0.46,15.0,0.48,50.41,0.49,60.4,0.01,0.01,2331.1474,1776338316000
1776338318.405,218.405,0.52,34.24,0.51,50.4,0.53,100.01,0.54,15.0,0.47,94.01,0.46,15.0,0.48,38.39,0.49,60.4,0.01,0.01,2331.19485,1776338317000
1776338320.736,220.736,0.52,24.49,0.51,50.4,0.53,95.01,0.54,15.0,0.47,100.01,0.46,15.0,0.48,33.49,0.49,50.4,0.01,0.01,2331.237015,1776338319000
1776338321.058,221.058,0.52,19.81,0.51,50.4,0.53,100.01,0.54,15.0,0.47,95.01,0.46,15.0,0.48,24.49,0.49,50.4,0.01,0.01,2331.237015,1776338319000
1776338322.178,222.178,0.52,15.14,0.51,62.4,0.53,31.4,0.54,15.0,0.47,100.01,0.46,15.0,0.48,19.81,0.49,50.4,0.01,0.01,2331.24083,1776338320000
1776338325.017,225.017,0.51,8.54,0.5,12.0,0.52,40.5,0.53,38.4,0.47,31.4,0.46,15.0,0.48,15.14,0.49,62.4,0.01,0.01,2331.22973,1776338323000
1776338325.266,225.266,0.51,4.83,0.5,12.0,0.52,50.5,0.53,33.4,0.48,40.5,0.47,38.4,0.49,8.54,0.5,12.0,0.01,0.01,2331.22973,1776338323000
1776338329.784,229.784,0.51,14.83,0.5,12.0,0.52,25.0,0.53,27.4,0.48,50.5,0.47,33.4,0.49,4.83,0.5,12.0,0.01,0.01,2331.23591,1776338328000
1776338335.896,235.896,0.51,30.83,0.5,22.5,0.53,36.5,0.54,35.0,0.48,25.0,0.47,27.4,0.49,14.83,0.5,12.0,0.02,0.01,2331.231311,1776338334000
1776338337.265,237.265,0.51,31.74,0.5,22.5,0.52,10.0,0.53,24.5,0.47,36.5,0.46,35.0,0.49,30.83,0.5,22.5,0.01,0.02,2331.293612,1776338335000
1776338339.579,239.579,0.52,41.5,0.51,37.24,0.54,25.91,0.55,105.0,0.48,10.0,0.47,24.5,0.49,31.74,0.5,22.5,0.02,0.01,2331.25123,1776338338000
1776338340.395,240.395,0.52,19.62,0.51,38.74,0.53,21.0,0.54,52.53,0.46,14.5,0.45,117.0,0.48,51.29,0.49,37.24,0.01,0.02,2331.249088,1776338339000
1776338341.127,241.127,0.51,28.74,0.48,19.97,0.53,26.87,0.54,52.53,0.47,21.0,0.46,52.53,0.48,19.62,0.49,38.74,0.02,0.01,2331.249088,1776338339000
1776338341.612,241.612,0.48,5.0,0.47,32.97,0.5,20.07,0.51,15.0,0.48,25.07,0.47,21.8,0.49,14.69,0.5,12.0,0.02,0.01,2331.249088,1776338339000
1776338341.841,241.841,0.48,31.99,0.47,23.0,0.49,35.87,0.5,27.0,0.5,20.07,0.49,15.0,0.52,5.0,0.53,32.97,0.01,0.02,2331.249088,1776338339000
1776338342.083,242.083,0.47,15.55,0.46,18.0,0.49,41.87,0.5,27.0,0.51,35.87,0.5,27.0,0.52,31.99,0.53,23.0,0.02,0.01,2331.249088,1776338339000
1776338342.523,242.523,0.47,34.99,0.46,33.0,0.49,26.8,0.5,15.0,0.51,41.87,0.5,27.0,0.53,15.55,0.54,18.0,0.02,0.02,2331.249088,1776338339000
1776338342.748,242.748,0.48,20.0,0.47,29.97,0.49,34.43,0.5,15.0,0.51,26.8,0.5,15.0,0.53,34.99,0.54,33.0,0.01,0.02,2331.244197,1776338341000
1776338345.0,245.0,0.47,25.99,0.46,13.0,0.48,16.48,0.49,49.43,0.51,34.43,0.5,15.0,0.52,20.0,0.53,29.97,0.01,0.01,2331.274079,1776338343000
1776338345.466,245.466,0.45,153.8,0.44,98.0,0.47,16.48,0.48,21.48,0.52,21.48,0.51,44.43,0.55,150.8,0.56,80.0,0.02,0.03,2331.274192,1776338344000
1776338345.933,245.933,0.45,153.8,0.44,111.0,0.46,11.48,0.47,11.48,0.53,16.48,0.52,21.48,0.55,153.8,0.56,98.0,0.01,0.02,2331.274192,1776338344000
1776338346.389,246.389,0.45,179.02,0.44,111.0,0.46,7.96,0.47,16.48,0.54,11.48,0.53,16.48,0.55,174.02,0.56,111.0,0.01,0.01,2331.287729,1776338345000
1776338347.434,247.434,0.46,55.02,0.45,169.0,0.47,11.37,0.48,12.0,0.54,7.96,0.53,16.48,0.55,179.02,0.56,111.0,0.01,0.01,2331.264563,1776338346000
1776338350.851,250.851,0.48,200.02,0.47,65.0,0.53,6.0,0.55,5.0,0.53,11.37,0.52,12.0,0.54,55.02,0.55,169.0,0.05,0.01,2331.246924,1776338349000
1776338351.322,251.322,0.65,10.0,0.64,20.0,0.69,70.0,0.7,10.0,0.35,15.8,0.34,85.0,0.4,52.5,0.46,134.0,0.04,0.05,2331.265043,1776338350000
1776338351.746,251.746,0.67,23.24,0.66,10.0,0.69,75.0,0.7,12.0,0.31,70.0,0.3,10.0,0.35,10.0,0.36,20.0,0.02,0.04,2331.265043,1776338350000
1776338352.102,252.102,0.66,6.43,0.65,10.0,0.68,10.0,0.69,15.0,0.31,75.0,0.3,12.0,0.33,23.24,0.34,10.0,0.02,0.02,2331.265043,1776338350000
1776338353.959,253.959,0.64,12.0,0.62,10.0,0.65,21.3,0.66,22.0,0.33,15.0,0.32,22.0,0.37,2.0,0.38,10.0,0.01,0.04,2331.418425,1776338352000
1776338354.285,254.285,0.64,6.41,0.62,10.0,0.65,48.3,0.66,22.0,0.35,21.3,0.34,22.0,0.36,12.0,0.38,10.0,0.01,0.01,2331.416565,1776338353000
1776338355.105,255.105,0.64,11.41,0.63,10.0,0.65,44.67,0.66,22.0,0.35,48.3,0.34,22.0,0.36,6.41,0.38,10.0,0.01,0.01,2331.416565,1776338353000
1776338355.55,255.55,0.64,21.41,0.63,10.0,0.65,22.67,0.66,12.0,0.35,44.67,0.34,22.0,0.36,11.41,0.37,10.0,0.01,0.01,2331.416565,1776338353000
1776338355.86,255.86,0.65,10.0,0.64,16.41,0.66,9.48,0.67,10.0,0.35,19.6,0.34,12.0,0.36,16.41,0.37,10.0,0.01,0.01,2331.425,1776338354000
1776338356.179,256.179,0.64,16.41,0.63,10.0,0.66,44.19,0.67,22.0,0.34,9.48,0.33,10.0,0.35,10.0,0.36,16.41,0.02,0.01,2331.467475,1776338355000
1776338357.453,257.453,0.64,10.0,0.63,10.0,0.65,51.3,0.66,22.0,0.34,44.19,0.33,22.0,0.36,16.41,0.37,10.0,0.01,0.02,2331.423264,1776338356000
1776338361.366,261.366,0.6,60.84,0.48,30.0,0.61,148.0,0.62,56.92,0.35,51.3,0.34,22.0,0.36,10.0,0.37,10.0,0.01,0.01,2331.432779,1776338360000
1776338361.62,261.62,0.41,45.0,0.36,50.0,0.42,26.9,0.43,15.0,0.58,10.0,0.57,15.0,0.59,45.0,0.64,55.0,0.01,0.01,2331.432779,1776338360000
1776338361.915,261.915,0.25,65.04,0.24,80.0,0.26,24.3,0.27,20.0,0.74,7.3,0.73,10.0,0.75,69.0,0.76,80.0,0.01,0.01,2331.432779,1776338360000
1776338362.147,262.147,0.25,44.5,0.24,85.0,0.26,33.3,0.27,20.0,0.74,33.3,0.73,20.0,0.75,65.04,0.76,90.0,0.01,0.01,2331.433811,1776338361000
1776338362.718,262.718,0.26,26.7,0.25,49.5,0.27,20.0,0.28,10.0,0.74,33.3,0.73,20.0,0.75,44.5,0.76,85.0,0.01,0.01,2331.433811,1776338361000
1776338363.044,263.044,0.26,10.0,0.25,39.49,0.27,24.0,0.28,22.0,0.73,47.0,0.72,10.0,0.75,39.49,0.76,80.0,0.01,0.02,2331.390573,1776338362000
1776338363.479,263.479,0.26,5.0,0.25,19.49,0.27,12.88,0.28,22.0,0.73,24.0,0.72,22.0,0.74,10.0,0.75,39.49,0.01,0.01,2331.390573,1776338362000
1776338363.904,263.904,0.21,45.31,0.2,10.0,0.22,40.0,0.23,22.0,0.73,22.88,0.72,22.0,0.75,19.49,0.76,75.0,0.01,0.02,2331.390573,1776338362000
1776338364.12,264.12,0.21,28.49,0.2,10.0,0.22,40.0,0.23,22.0,0.78,40.0,0.77,22.0,0.79,36.08,0.8,10.0,0.01,0.01,2331.390573,1776338362000
1776338364.472,264.472,0.21,78.49,0.2,10.0,0.22,11.5,0.23,22.0,0.78,40.0,0.77,22.0,0.79,28.49,0.8,10.0,0.01,0.01,2331.212351,1776338363000
1776338364.819,264.819,0.21,7.95,0.17,5.0,0.22,23.5,0.23,22.0,0.78,11.5,0.77,22.0,0.79,78.49,0.8,10.0,0.01,0.01,2331.212351,1776338363000
1776338365.131,265.131,0.14,71.16,0.13,70.0,0.15,20.0,0.16,27.0,0.84,15.0,0.83,10.0,0.86,75.0,0.87,70.0,0.01,0.02,2331.212351,1776338363000
1776338365.353,265.353,0.13,68.5,0.12,110.0,0.15,10.0,0.16,27.0,0.85,15.0,0.84,27.0,0.87,80.0,0.88,110.0,0.02,0.02,2330.960585,1776338364000
1776338365.787,265.787,0.13,55.53,0.12,122.0,0.15,10.0,0.16,27.0,0.85,10.0,0.84,27.0,0.87,61.67,0.88,122.0,0.02,0.02,2330.960585,1776338364000
1776338366.237,266.237,0.14,9.67,0.13,55.53,0.15,10.0,0.16,27.0,0.85,10.0,0.84,27.0,0.87,55.53,0.88,122.0,0.01,0.02,2330.960585,1776338364000
1776338366.462,266.462,0.13,36.39,0.12,122.0,0.15,6.91,0.16,27.0,0.85,15.0,0.84,27.0,0.87,31.39,0.88,122.0,0.02,0.02,2330.960585,1776338364000
1776338367.155,267.155,0.13,30.39,0.12,92.0,0.15,7.01,0.16,27.0,0.85,6.91,0.84,27.0,0.87,25.39,0.88,122.0,0.02,0.02,2330.715746,1776338366000
1776338367.742,267.742,0.13,4.16,0.12,97.0,0.15,2.01,0.16,27.0,0.85,7.01,0.84,27.0,0.87,10.16,0.88,92.0,0.02,0.02,2330.715746,1776338366000
1776338368.569,268.569,0.12,69.31,0.11,52.0,0.13,20.0,0.14,24.14,0.85,2.01,0.84,27.0,0.87,4.16,0.88,97.0,0.01,0.02,2330.73128,1776338367000
1776338368.868,268.868,0.13,20.49,0.12,69.31,0.14,7.14,0.15,11.82,0.86,15.0,0.85,11.82,0.87,20.49,0.88,69.31,0.01,0.01,2330.73128,1776338367000
1776338369.752,269.752,0.13,13.93,0.12,64.31,0.14,7.14,0.15,11.82,0.86,7.14,0.85,11.82,0.87,20.49,0.88,69.31,0.01,0.01,2330.690664,1776338368000
1776338370.004,270.004,0.13,3.47,0.12,64.31,0.14,7.14,0.15,11.82,0.86,7.14,0.85,11.82,0.87,13.93,0.88,64.31,0.01,0.01,2330.690664,1776338368000
1776338370.452,270.452,0.12,33.62,0.11,15.0,0.15,8.96,0.16,10.0,0.87,10.0,0.86,2.14,0.88,33.62,0.89,27.0,0.03,0.01,2330.660342,1776338369000
1776338370.925,270.925,0.12,23.62,0.11,27.0,0.13,10.0,0.14,10.0,0.85,8.96,0.84,10.0,0.88,33.62,0.89,15.0,0.01,0.03,2330.660342,1776338369000
1776338371.642,271.642,0.12,27.62,0.11,22.0,0.14,10.0,0.15,19.14,0.87,10.0,0.86,10.0,0.88,23.62,0.89,27.0,0.02,0.01,2330.689107,1776338370000
1776338372.385,272.385,0.1,125.0,0.09,28.44,0.11,6.38,0.14,10.0,0.86,10.0,0.85,19.14,0.88,27.62,0.89,22.0,0.01,0.02,2330.618708,1776338371000
1776338372.658,272.658,0.1,123.88,0.09,28.44,0.11,6.38,0.12,8.42,0.89,6.38,0.86,10.0,0.9,125.0,0.91,28.44,0.01,0.01,2330.618708,1776338371000
1776338372.921,272.921,0.1,116.08,0.09,33.44,0.11,11.38,0.12,18.42,0.89,21.38,0.88,18.42,0.9,117.2,0.91,33.44,0.01,0.01,2330.618708,1776338371000
1776338373.34,273.34,0.1,81.08,0.09,33.44,0.11,6.06,0.12,18.42,0.89,11.38,0.88,18.42,0.9,116.08,0.91,33.44,0.01,0.01,2330.66519,1776338372000
1776338374.056,274.056,0.1,67.08,0.09,28.44,0.11,10.0,0.12,22.48,0.88,17.48,0.87,10.0,0.9,86.08,0.91,33.44,0.01,0.02,2330.66519,1776338372000
1776338374.476,274.476,0.1,55.96,0.09,28.44,0.11,25.0,0.12,22.48,0.89,10.0,0.88,22.48,0.9,67.08,0.91,28.44,0.01,0.01,2330.621012,1776338373000
1776338374.785,274.785,0.1,35.41,0.09,28.44,0.11,20.0,0.12,22.48,0.89,20.0,0.88,22.48,0.9,40.96,0.91,28.44,0.01,0.01,2330.621012,1776338373000
1776338375.469,275.469,0.08,8.55,0.07,14.0,0.1,61.0,0.11,20.0,0.89,20.0,0.88,22.48,0.9,35.41,0.91,28.44,0.02,0.01,2330.668286,1776338374000
1776338377.938,277.938,0.05,50.0,0.04,75.0,0.06,15.09,0.08,57.0,0.92,20.0,0.91,15.0,0.93,3.91,0.94,31.0,0.01,0.01,2330.710485,1776338376000
1776338378.204,278.204,0.05,47.89,0.04,75.0,0.06,79.09,0.07,27.0,0.94,15.09,0.92,57.0,0.95,50.0,0.96,75.0,0.01,0.01,2330.501319,1776338377000
1776338378.533,278.533,0.05,42.74,0.04,75.0,0.06,85.09,0.07,27.0,0.94,79.09,0.93,27.0,0.95,47.89,0.96,75.0,0.01,0.01,2330.501319,1776338377000
1776338379.558,279.558,0.05,11.27,0.04,75.0,0.06,181.59,0.07,27.0,0.94,73.09,0.93,27.0,0.95,21.8,0.96,75.0,0.01,0.01,2330.51384,1776338378000
1776338380.143,280.143,0.05,0.74,0.04,75.0,0.06,181.59,0.07,27.0,0.94,181.59,0.93,27.0,0.95,11.27,0.96,75.0,0.01,0.01,2330.51384,1776338378000
1776338380.359,280.359,0.04,75.0,0.03,164.0,0.06,181.59,0.07,22.0,0.94,181.59,0.93,27.0,0.95,0.74,0.96,75.0,0.02,0.01,2330.43022,1776338379000
1776338380.778,280.778,0.04,76.87,0.03,164.0,0.05,25.0,0.06,191.59,0.94,181.59,0.93,22.0,0.96,75.0,0.97,164.0,0.01,0.02,2330.43022,1776338379000
1776338381.092,281.092,0.04,76.87,0.03,164.0,0.05,78.82,0.06,55.09,0.95,25.0,0.94,191.59,0.96,76.87,0.97,164.0,0.01,0.01,2330.43022,1776338379000
1776338381.545,281.545,0.04,68.74,0.03,164.0,0.05,117.82,0.06,76.09,0.95,78.82,0.94,55.09,0.96,76.87,0.97,164.0,0.01,0.01,2330.43022,1776338379000
1776338381.784,281.784,0.03,150.25,0.02,207.0,0.05,127.82,0.06,76.09,0.95,112.82,0.94,76.09,0.96,1.74,0.97,164.0,0.02,0.01,2330.43022,1776338379000
1776338382.121,282.121,0.03,135.25,0.02,207.0,0.05,139.82,0.06,76.09,0.95,127.82,0.94,76.09,0.97,150.25,0.98,207.0,0.02,0.02,2330.356252,1776338380000
1776338382.399,282.399,0.03,139.21,0.02,207.0,0.04,20.0,0.05,68.0,0.95,139.82,0.94,76.09,0.97,135.25,0.98,207.0,0.01,0.02,2330.356252,1776338380000
1776338383.495,283.495,0.03,124.0,0.02,207.0,0.04,8.92,0.05,63.0,0.96,20.0,0.95,68.0,0.97,124.0,0.98,207.0,0.01,0.01,2330.32815,1776338382000
1776338383.815,283.815,0.03,72.46,0.02,207.0,0.04,15.92,0.05,63.0,0.96,8.92,0.95,63.0,0.97,124.0,0.98,207.0,0.01,0.01,2330.32815,1776338382000
1776338384.614,284.614,0.03,67.12,0.02,207.0,0.04,20.92,0.05,52.0,0.96,15.92,0.95,52.0,0.97,67.31,0.98,207.0,0.01,0.01,2330.317517,1776338383000
1776338385.236,285.236,0.03,56.12,0.02,207.0,0.04,40.92,0.05,62.0,0.96,20.92,0.95,52.0,0.97,67.12,0.98,207.0,0.01,0.01,2330.317517,1776338383000
1776338385.512,285.512,0.03,16.37,0.02,207.0,0.04,40.92,0.05,52.0,0.96,40.92,0.95,52.0,0.97,50.06,0.98,207.0,0.01,0.01,2330.35076,1776338384000
1776338386.382,286.382,0.02,44.35,0.01,2025.26,0.03,57.31,0.04,25.0,0.97,5.0,0.96,55.92,0.98,178.85,0.99,2025.26,0.01,0.01,2330.288898,1776338385000
1776338386.655,286.655,0.02,34.35,0.01,2083.26,0.03,47.31,0.04,20.0,0.97,57.31,0.96,25.0,0.98,44.35,0.99,2025.26,0.01,0.01,2330.288898,1776338385000
1776338387.065,287.065,0.02,12.91,0.01,2083.26,0.03,47.31,0.04,20.0,0.97,37.31,0.96,20.0,0.98,13.94,0.99,2083.26,0.01,0.01,2330.288898,1776338385000
1776338387.576,287.576,0.01,2083.26,,,0.02,7.09,0.03,42.31,0.97,47.31,0.96,20.0,0.98,2.91,0.99,2083.26,0.01,0.01,2330.23182,1776338386000
1776338387.943,287.943,0.01,2085.22,,,0.02,10.0,0.03,48.31,0.98,7.09,0.97,42.31,0.99,2083.26,,,0.01,0.01,2330.23182,1776338386000
1776338388.396,288.396,0.01,1805.58,,,0.02,17.0,0.03,38.31,0.98,15.0,0.97,48.31,0.99,2065.22,,,0.01,0.01,2330.02141,1776338387000
1776338388.902,288.902,0.01,1814.03,,,0.02,16.8,0.03,38.31,0.98,23.12,0.97,38.31,0.99,1804.5,,,0.01,0.01,2330.02141,1776338387000
1776338389.252,289.252,0.01,1776.8,,,0.02,16.8,0.03,38.31,0.98,16.8,0.97,38.31,0.99,1804.03,,,0.01,0.01,2330.02141,1776338387000
1776338389.791,289.791,0.01,1767.69,,,0.02,13.63,0.03,38.31,0.98,8.63,0.97,38.31,0.99,1771.74,,,0.01,0.01,2329.95503,1776338388000
1776338390.084,290.084,0.01,1766.67,,,0.02,13.63,0.03,38.31,0.98,13.63,0.97,38.31,0.99,1767.69,,,0.01,0.01,2329.95503,1776338388000
1776338390.328,290.328,0.01,650.66,,,0.02,18.63,0.03,38.31,0.98,13.63,0.97,38.31,0.99,756.67,,,0.01,0.01,2329.956681,1776338389000
1776338390.667,290.667,0.01,621.56,,,0.02,18.63,0.03,38.31,0.98,13.63,0.97,38.31,0.99,636.66,,,0.01,0.01,2329.956681,1776338389000
1776338390.941,290.941,,,,,0.01,374.46,0.02,13.63,0.98,18.63,0.97,38.31,0.99,620.54,,,,0.01,2329.956681,1776338389000
1776338391.389,291.389,,,,,0.01,441.51,0.02,13.63,0.99,374.46,0.98,13.63,,,,,,,2330.007258,1776338390000

# RESULT,winner=Down,slug=eth-updown-5m-1776338100,ticks=307
