timestamp,elapsed_sec,up_bid_p1,up_bid_s1,up_bid_p2,up_bid_s2,up_ask_p1,up_ask_s1,up_ask_p2,up_ask_s2,down_bid_p1,down_bid_s1,down_bid_p2,down_bid_s2,down_ask_p1,down_ask_s1,down_ask_p2,down_ask_s2,up_spread,down_spread,eth_price,eth_oracle_ts
1776265200.636,0.636,0.48,5.0,0.4,38.0,0.51,115.0,0.55,5.0,0.5,5.0,0.49,115.0,0.52,6.0,0.6,38.0,0.03,0.02,2338.307405,1776265199000
1776265200.869,0.869,0.48,5.0,0.4,38.0,0.51,109.0,0.55,5.0,0.49,115.0,0.45,5.0,0.52,5.0,0.6,38.0,0.03,0.03,2338.307405,1776265199000
1776265201.318,1.318,0.44,175.0,0.43,13.0,0.51,105.07,0.55,5.0,0.49,109.0,0.45,5.0,0.52,5.0,0.6,38.0,0.07,0.03,2338.471637,1776265200000
1776265202.191,2.191,0.5,23.2,0.49,23.0,0.51,105.07,0.54,8.0,0.49,105.07,0.45,5.0,0.56,175.0,0.57,13.0,0.01,0.07,2338.471637,1776265200000
1776265202.654,2.654,0.49,7.35,0.46,8.0,0.5,5.0,0.51,91.55,0.49,81.45,0.47,5.0,0.51,6.18,0.54,8.0,0.01,0.02,2339.012145,1776265201000
1776265203.285,3.285,0.47,4.88,0.46,8.0,0.5,0.14,0.51,86.55,0.5,0.14,0.49,86.55,0.54,8.0,0.55,5.0,0.03,0.04,2339.012145,1776265201000
1776265204.047,4.047,0.49,5.0,0.48,10.0,0.5,5.14,0.51,86.55,0.5,0.14,0.49,86.55,0.53,4.88,0.54,8.0,0.01,0.03,2339.276786,1776265203000
1776265204.597,4.597,0.49,72.0,0.48,100.0,0.51,86.55,0.54,8.0,0.5,5.14,0.49,86.55,0.51,5.0,0.52,10.0,0.02,0.01,2339.276786,1776265203000
1776265204.862,4.862,0.5,90.0,0.49,22.0,0.51,86.55,0.54,8.0,0.49,86.55,0.46,8.0,0.51,72.0,0.52,100.0,0.01,0.02,2339.276786,1776265203000
1776265205.084,5.084,0.5,95.0,0.49,22.0,0.51,31.35,0.54,8.0,0.49,81.35,0.46,8.0,0.5,100.0,0.51,22.0,0.01,0.01,2339.181545,1776265204000
1776265205.44,5.44,0.5,111.0,0.49,55.0,0.51,5.35,0.54,19.0,0.49,16.35,0.46,8.0,0.5,95.0,0.51,22.0,0.01,0.01,2339.181545,1776265204000
1776265205.798,5.798,0.55,54.0,0.54,27.0,0.56,1.0,0.57,5.0,0.44,7.0,0.42,5.0,0.47,21.0,0.48,85.0,0.01,0.03,2339.181545,1776265204000
1776265206.039,6.039,0.56,10.0,0.55,49.0,0.57,5.0,0.58,5.0,0.44,1.0,0.43,5.0,0.45,49.37,0.46,27.0,0.01,0.01,2339.181545,1776265204000
1776265206.541,6.541,0.57,33.0,0.56,27.0,0.58,5.0,0.61,76.0,0.43,5.0,0.42,5.0,0.44,10.0,0.45,49.0,0.01,0.01,2339.181545,1776265204000
1776265206.758,6.758,0.6,10.96,0.59,10.0,0.61,81.0,0.62,29.0,0.42,5.0,0.39,76.0,0.43,33.0,0.44,27.0,0.01,0.01,2339.181545,1776265204000
1776265207.531,7.531,0.6,10.0,0.59,10.0,0.61,70.0,0.62,18.0,0.39,81.0,0.38,29.0,0.4,10.96,0.41,10.0,0.01,0.01,2339.310348,1776265206000
1776265208.678,8.678,0.55,9.02,0.54,10.0,0.57,31.0,0.58,20.0,0.39,70.0,0.38,18.0,0.43,5.18,0.44,28.0,0.02,0.04,2339.456922,1776265207000
1776265210.603,10.603,0.55,10.5,0.54,20.0,0.56,129.0,0.57,35.0,0.44,14.0,0.43,26.0,0.45,9.02,0.46,25.0,0.01,0.01,2339.484435,1776265208000
1776265211.114,11.114,0.55,19.03,0.54,10.0,0.56,124.0,0.57,45.5,0.44,124.0,0.43,35.0,0.45,4.03,0.46,20.0,0.01,0.01,2339.363545,1776265209000
1776265211.539,11.539,0.55,150.03,0.54,46.0,0.56,3.21,0.57,10.0,0.44,124.0,0.43,45.5,0.45,19.03,0.46,10.0,0.01,0.01,2339.198035,1776265210000
1776265212.43,12.43,0.59,105.5,0.58,43.11,0.61,48.88,0.62,72.5,0.4,10.38,0.39,77.5,0.42,48.11,0.43,18.0,0.02,0.02,2339.198035,1776265210000
1776265212.892,12.892,0.58,5.0,0.57,20.5,0.59,78.33,0.6,99.5,0.39,48.88,0.38,72.5,0.41,105.5,0.42,43.11,0.01,0.02,2339.198035,1776265210000
1776265213.205,13.205,0.57,7.23,0.56,35.5,0.59,93.33,0.6,83.5,0.41,78.33,0.4,99.5,0.42,5.0,0.43,20.5,0.02,0.01,2339.19412,1776265212000
1776265213.679,13.679,0.57,10.0,0.56,25.0,0.58,80.5,0.59,103.33,0.41,93.33,0.4,83.5,0.43,7.23,0.44,35.5,0.01,0.02,2339.19412,1776265212000
1776265214.644,14.644,0.51,35.5,0.49,8.0,0.53,25.5,0.54,10.0,0.42,80.5,0.41,103.33,0.43,10.0,0.44,25.0,0.02,0.01,2339.411365,1776265213000
1776265214.902,14.902,0.51,25.0,0.5,15.0,0.52,15.77,0.53,30.5,0.48,5.97,0.47,30.5,0.49,41.5,0.5,13.0,0.01,0.01,2339.411365,1776265213000
1776265215.123,15.123,0.5,31.32,0.49,23.5,0.51,100.0,0.52,15.37,0.48,4.87,0.47,30.5,0.49,25.0,0.5,15.0,0.01,0.01,2339.319165,1776265214000
1776265215.446,15.446,0.49,10.0,0.48,20.5,0.5,7.72,0.51,110.0,0.52,3.95,0.51,10.0,0.53,23.0,0.54,48.0,0.01,0.01,2339.319165,1776265214000
1776265218.237,18.237,0.5,139.5,0.49,91.5,0.52,10.0,0.53,10.0,0.49,97.15,0.48,25.37,0.5,7.0,0.51,10.0,0.02,0.01,2338.872311,1776265216000
1776265218.666,18.666,0.53,90.5,0.52,52.85,0.59,60.0,0.6,55.0,0.46,6.04,0.45,25.0,0.47,40.5,0.48,47.85,0.06,0.01,2338.872311,1776265216000
1776265219.011,19.011,0.58,103.38,0.57,65.0,0.59,50.5,0.6,65.0,0.41,60.0,0.4,55.0,0.47,90.5,0.48,52.85,0.01,0.06,2338.673955,1776265217000
1776265219.354,19.354,0.58,101.45,0.57,70.0,0.59,1.22,0.6,65.0,0.41,25.5,0.4,65.0,0.42,101.45,0.43,65.0,0.01,0.01,2338.673955,1776265217000
1776265219.669,19.669,0.58,15.0,0.57,55.0,0.59,8.67,0.6,75.0,0.41,1.22,0.4,65.0,0.42,101.45,0.43,70.0,0.01,0.01,2338.683978,1776265218000
1776265219.912,19.912,0.56,70.0,0.55,65.0,0.57,81.14,0.58,60.35,0.42,12.36,0.41,56.37,0.44,60.0,0.45,65.0,0.01,0.02,2338.683978,1776265218000
1776265220.919,20.919,0.58,44.46,0.57,47.5,0.6,206.45,0.61,132.0,0.43,76.14,0.42,60.35,0.44,25.0,0.45,65.0,0.02,0.01,2338.717942,1776265219000
1776265221.579,21.579,0.59,168.0,0.58,214.46,0.6,53.3,0.61,160.99,0.4,206.45,0.39,132.0,0.42,44.46,0.43,47.5,0.01,0.02,2338.717942,1776265219000
1776265222.781,22.781,0.59,356.5,0.58,217.46,0.61,30.16,0.62,50.0,0.4,53.3,0.39,160.99,0.41,168.0,0.42,214.46,0.02,0.01,2339.155121,1776265221000
1776265222.999,22.999,0.61,49.84,0.6,120.0,0.63,25.0,0.64,28.89,0.39,0.16,0.38,50.0,0.4,10.0,0.41,361.5,0.02,0.01,2339.155121,1776265221000
1776265223.25,23.25,0.63,20.0,0.62,10.0,0.64,1.95,0.65,45.0,0.36,12.95,0.35,45.0,0.39,59.84,0.4,115.0,0.01,0.03,2339.23501,1776265222000
1776265224.241,24.241,0.64,16.0,0.63,70.5,0.65,125.5,0.66,83.5,0.35,45.0,0.32,12.0,0.37,15.0,0.38,10.0,0.01,0.02,2339.23501,1776265222000
1776265224.623,24.623,0.64,10.0,0.63,5.0,0.65,243.5,0.66,270.89,0.35,125.5,0.34,83.5,0.36,16.0,0.37,70.5,0.01,0.01,2339.23501,1776265222000
1776265224.998,24.998,0.62,11.0,0.61,171.0,0.63,189.5,0.64,237.49,0.35,243.5,0.34,270.89,0.36,10.0,0.37,5.0,0.01,0.01,2339.43403,1776265223000
1776265225.223,25.223,0.62,7.85,0.61,81.5,0.63,244.5,0.64,277.49,0.37,189.5,0.36,237.49,0.38,11.0,0.39,171.0,0.01,0.01,2339.43403,1776265223000
1776265225.736,25.736,0.62,12.85,0.61,86.5,0.63,204.65,0.64,247.49,0.37,234.18,0.36,277.49,0.38,7.85,0.39,86.5,0.01,0.01,2339.43403,1776265223000
1776265226.083,26.083,0.61,64.95,0.6,210.5,0.63,270.64,0.64,222.89,0.37,204.65,0.36,247.49,0.38,12.85,0.39,86.5,0.02,0.01,2339.966578,1776265224000
1776265227.033,27.033,0.61,102.87,0.6,215.5,0.62,12.52,0.63,270.64,0.38,10.0,0.37,265.64,0.39,69.29,0.4,215.5,0.01,0.01,2339.707457,1776265225000
1776265227.536,27.536,0.59,60.0,0.58,25.0,0.62,261.02,0.63,221.5,0.38,12.52,0.37,270.64,0.39,102.87,0.4,215.5,0.03,0.01,2339.707457,1776265226000
1776265228.134,28.134,0.54,25.0,0.52,100.0,0.58,227.41,0.59,135.5,0.42,19.81,0.41,30.5,0.43,29.9,0.44,160.0,0.04,0.01,2339.707457,1776265226000
1776265228.335,28.335,0.52,58.32,0.51,116.0,0.53,10.0,0.54,20.86,0.47,10.0,0.46,10.0,0.48,79.16,0.49,116.0,0.01,0.01,2339.707457,1776265226000
1776265228.536,28.536,0.49,55.0,0.48,80.0,0.51,10.0,0.52,10.0,0.47,15.0,0.46,20.86,0.48,24.64,0.5,55.0,0.02,0.01,2339.707457,1776265226000
1776265228.816,28.816,0.49,44.7,0.48,80.0,0.5,10.0,0.51,10.0,0.49,10.0,0.48,10.0,0.51,55.0,0.52,80.0,0.01,0.02,2339.616724,1776265227000
1776265229.721,29.721,0.51,12.0,0.5,11.0,0.52,15.0,0.53,125.5,0.5,10.0,0.49,10.0,0.51,44.7,0.52,80.0,0.01,0.01,2339.340346,1776265228000
1776265230.031,30.031,0.5,15.0,0.49,65.2,0.52,55.5,0.53,125.5,0.48,15.0,0.47,125.5,0.49,12.0,0.5,11.0,0.02,0.01,2339.340346,1776265228000
1776265230.404,30.404,0.5,10.0,0.49,69.7,0.51,44.79,0.52,45.5,0.48,55.5,0.47,125.5,0.5,15.0,0.51,65.2,0.01,0.02,2339.340346,1776265228000
1776265232.634,32.634,0.51,10.0,0.5,70.0,0.52,167.31,0.53,207.5,0.49,33.33,0.48,45.5,0.5,10.0,0.51,69.7,0.01,0.01,2338.759915,1776265231000
1776265233.629,33.629,0.51,65.0,0.5,85.5,0.52,114.41,0.53,212.5,0.48,167.31,0.47,207.5,0.49,10.0,0.5,70.0,0.01,0.01,2338.736905,1776265232000
1776265239.52,39.52,0.48,25.0,0.47,35.63,0.49,262.49,0.5,188.5,0.48,114.41,0.47,212.5,0.49,65.0,0.5,85.5,0.01,0.01,2338.681577,1776265238000
1776265240.284,40.284,0.47,0.63,0.46,30.0,0.48,129.5,0.49,229.49,0.51,262.49,0.5,188.5,0.52,25.0,0.53,35.63,0.01,0.01,2338.681577,1776265238000
1776265241.063,41.063,0.46,15.0,0.44,194.38,0.48,129.5,0.49,185.5,0.52,129.5,0.51,229.49,0.53,0.63,0.54,30.0,0.02,0.01,2338.649969,1776265239000
1776265241.689,41.689,0.46,4.98,0.45,5.0,0.47,143.5,0.48,96.5,0.53,20.5,0.52,124.5,0.54,9.98,0.56,204.38,0.01,0.01,2338.55175,1776265240000
1776265242.141,42.141,0.44,100.64,0.43,65.0,0.45,273.5,0.46,287.5,0.53,143.5,0.52,96.5,0.54,4.98,0.55,5.0,0.01,0.01,2338.55175,1776265240000
1776265242.793,42.793,0.44,23.6,0.43,65.0,0.45,220.5,0.46,257.5,0.55,273.5,0.54,287.5,0.56,100.64,0.57,65.0,0.01,0.01,2338.332634,1776265241000
1776265243.502,43.502,0.44,0.02,0.43,65.0,0.45,234.59,0.46,267.5,0.55,220.5,0.54,257.5,0.56,23.6,0.57,65.0,0.01,0.01,2338.30608,1776265242000
1776265244.266,44.266,0.44,0.02,0.43,55.0,0.45,290.36,0.46,257.5,0.55,234.59,0.54,267.5,0.56,0.02,0.57,65.0,0.01,0.01,2338.30608,1776265242000
1776265244.527,44.527,0.43,10.6,0.42,165.5,0.45,255.36,0.46,257.5,0.55,290.36,0.54,257.5,0.56,0.02,0.57,55.0,0.02,0.01,2338.136082,1776265243000
1776265245.516,45.516,0.44,275.5,0.43,186.5,0.45,25.0,0.47,10.0,0.55,255.36,0.54,257.5,0.57,10.6,0.58,165.5,0.01,0.02,2338.136082,1776265243000
1776265245.909,45.909,0.49,103.58,0.48,27.0,0.5,81.96,0.51,250.49,0.5,46.46,0.49,185.0,0.56,315.5,0.57,186.5,0.01,0.06,2338.136082,1776265244000
1776265247.667,47.667,0.59,22.0,0.58,17.0,0.62,122.52,0.63,204.0,0.5,56.46,0.49,124.99,0.51,106.23,0.52,37.5,0.03,0.01,2338.211557,1776265246000
1776265248.236,48.236,0.61,22.0,0.6,27.5,0.62,226.82,0.63,180.0,0.38,122.52,0.37,204.0,0.41,22.0,0.42,17.0,0.01,0.03,2338.211557,1776265246000
1776265248.63,48.63,0.61,40.87,0.6,27.5,0.62,218.53,0.63,230.1,0.38,227.0,0.37,185.0,0.39,66.87,0.4,27.5,0.01,0.01,2338.431732,1776265247000
1776265248.852,48.852,0.61,39.25,0.6,77.5,0.62,239.53,0.63,247.1,0.38,218.53,0.37,241.1,0.39,19.87,0.4,27.5,0.01,0.01,2338.431732,1776265247000
1776265249.519,49.519,0.61,13.87,0.6,27.5,0.62,222.53,0.63,274.1,0.38,239.53,0.37,247.1,0.39,39.25,0.4,77.5,0.01,0.01,2339.192695,1776265248000
1776265249.81,49.81,0.6,11.52,0.59,88.5,0.62,233.53,0.63,282.49,0.38,222.53,0.37,274.1,0.39,13.87,0.4,27.5,0.02,0.01,2339.192695,1776265248000
1776265250.394,50.394,0.61,8.0,0.6,25.0,0.62,325.02,0.63,315.89,0.38,233.53,0.37,282.49,0.4,11.52,0.41,88.5,0.01,0.02,2339.423268,1776265249000
1776265252.322,52.322,0.6,8.08,0.59,15.0,0.61,252.49,0.62,260.42,0.38,325.02,0.37,315.89,0.4,25.0,0.41,20.5,0.01,0.02,2339.478136,1776265250000
1776265252.613,52.613,0.6,3.08,0.57,54.0,0.61,467.49,0.62,280.42,0.39,252.49,0.38,260.42,0.4,8.08,0.41,15.0,0.01,0.01,2339.377514,1776265251000
1776265252.943,52.943,0.57,12.53,0.56,10.5,0.58,249.49,0.59,139.0,0.39,467.49,0.38,280.42,0.43,54.0,0.44,70.5,0.01,0.04,2339.377514,1776265251000
1776265255.032,55.032,0.55,85.5,0.54,85.5,0.56,78.14,0.57,221.5,0.42,249.49,0.41,139.0,0.43,12.53,0.44,10.5,0.01,0.01,2339.26598,1776265253000
1776265256.79,56.79,0.55,168.65,0.54,85.5,0.56,22.42,0.57,160.0,0.44,78.14,0.43,221.5,0.45,85.5,0.46,85.5,0.01,0.01,2339.076244,1776265255000
1776265257.545,57.545,0.55,10.15,0.54,10.5,0.56,240.31,0.57,203.89,0.44,22.42,0.43,160.0,0.45,168.65,0.46,85.5,0.01,0.01,2339.072274,1776265256000
1776265258.105,58.105,0.54,78.32,0.53,121.5,0.55,46.0,0.56,183.42,0.44,245.31,0.43,203.89,0.46,10.5,0.47,105.5,0.01,0.02,2339.072274,1776265256000
1776265259.122,59.122,0.54,55.7,0.53,75.5,0.55,239.0,0.56,213.92,0.45,46.0,0.44,183.42,0.46,78.32,0.47,121.5,0.01,0.01,2339.079829,1776265257000
1776265260.104,60.104,0.53,5.0,0.52,115.5,0.54,142.64,0.55,226.5,0.45,239.0,0.44,213.92,0.46,55.7,0.47,75.5,0.01,0.01,2339.064683,1776265258000
1776265260.843,60.843,0.52,40.0,0.51,70.0,0.53,234.41,0.54,237.03,0.47,19.39,0.46,124.64,0.48,115.5,0.49,125.0,0.01,0.01,2339.009961,1776265259000
1776265261.051,61.051,0.51,4.59,0.5,35.19,0.53,269.01,0.54,304.03,0.47,259.01,0.46,242.03,0.48,35.0,0.49,20.0,0.02,0.01,2339.009961,1776265259000
1776265261.268,61.268,0.49,10.0,0.48,75.0,0.5,159.9,0.51,125.5,0.47,269.01,0.46,304.03,0.51,10.0,0.52,75.0,0.01,0.04,2339.011893,1776265260000
1776265262.632,62.632,0.46,11.03,0.45,10.0,0.47,149.6,0.48,231.5,0.5,159.9,0.49,125.5,0.51,10.0,0.52,75.0,0.01,0.01,2338.908406,1776265261000
1776265263.199,63.199,0.46,43.25,0.45,60.0,0.47,267.49,0.48,237.5,0.53,149.6,0.52,231.5,0.54,11.03,0.55,10.0,0.01,0.01,2338.908406,1776265261000
1776265263.676,63.676,0.46,50.17,0.45,70.0,0.47,184.49,0.48,218.5,0.53,234.49,0.52,218.5,0.54,52.25,0.55,70.0,0.01,0.01,2338.51205,1776265262000
1776265265.132,65.132,0.46,201.5,0.45,170.5,0.47,10.0,0.48,10.0,0.53,184.49,0.52,218.5,0.54,50.17,0.55,70.0,0.01,0.01,2338.22412,1776265264000
1776265266.335,66.335,0.5,69.88,0.49,22.0,0.51,94.89,0.52,267.0,0.49,90.85,0.48,257.6,0.5,10.0,0.51,20.5,0.01,0.01,2338.228296,1776265265000
1776265266.667,66.667,0.5,46.88,0.49,22.0,0.51,90.08,0.52,301.6,0.49,119.68,0.48,267.0,0.5,51.88,0.51,22.0,0.01,0.01,2338.228296,1776265265000
1776265267.033,67.033,0.49,10.0,0.47,50.0,0.51,305.08,0.52,303.0,0.49,90.08,0.48,301.6,0.5,46.88,0.51,22.0,0.02,0.01,2338.228296,1776265265000
1776265267.246,67.246,0.47,57.0,0.46,60.5,0.48,121.74,0.49,125.5,0.51,10.0,0.5,148.5,0.53,40.0,0.54,60.5,0.01,0.02,2338.378315,1776265266000
1776265267.918,67.918,0.49,157.1,0.48,97.5,0.51,99.07,0.52,243.5,0.52,121.74,0.51,125.5,0.53,57.0,0.54,60.5,0.02,0.01,2338.513675,1776265267000
1776265268.228,68.228,0.5,98.0,0.49,120.1,0.51,94.27,0.52,283.5,0.49,99.07,0.48,243.5,0.51,157.1,0.52,97.5,0.01,0.02,2338.513675,1776265267000
1776265269.717,69.717,0.53,104.5,0.52,66.5,0.54,3.51,0.56,11.63,0.49,94.27,0.48,283.5,0.5,91.0,0.51,120.1,0.01,0.01,2338.365846,1776265268000
1776265270.026,70.026,0.53,119.5,0.52,66.5,0.55,21.65,0.56,11.63,0.46,1.65,0.45,24.0,0.47,104.5,0.48,66.5,0.02,0.01,2338.504319,1776265269000
1776265270.787,70.787,0.53,18.5,0.52,35.0,0.54,140.0,0.55,115.0,0.45,21.65,0.44,11.63,0.47,119.5,0.48,66.5,0.01,0.02,2338.504319,1776265269000
1776265272.885,72.885,0.53,188.5,0.52,115.5,0.56,31.77,0.57,243.1,0.46,140.0,0.45,115.0,0.47,18.5,0.48,35.0,0.03,0.01,2338.837971,1776265271000
1776265273.713,73.713,0.56,185.4,0.55,183.5,0.57,25.0,0.58,44.6,0.44,31.77,0.43,248.1,0.46,45.11,0.47,161.5,0.01,0.02,2338.776385,1776265272000
1776265274.248,74.248,0.57,91.87,0.56,153.4,0.58,10.0,0.59,25.0,0.43,25.0,0.42,44.6,0.44,185.4,0.45,183.5,0.01,0.01,2338.754965,1776265273000
1776265276.056,76.056,0.6,153.5,0.59,91.5,0.61,0.93,0.62,273.6,0.42,10.0,0.41,25.0,0.43,91.87,0.44,153.4,0.01,0.01,2338.824202,1776265274000
1776265277.782,77.782,0.61,258.5,0.6,160.46,0.64,255.84,0.65,443.6,0.39,0.93,0.38,263.6,0.4,164.46,0.41,91.5,0.03,0.01,2339.238685,1776265276000
1776265278.035,78.035,0.63,96.98,0.62,35.5,0.64,240.69,0.65,448.6,0.36,245.84,0.35,443.6,0.37,81.98,0.38,35.5,0.01,0.01,2339.238685,1776265276000
1776265278.424,78.424,0.63,164.98,0.62,85.5,0.64,190.69,0.65,393.6,0.36,240.69,0.35,448.6,0.37,96.98,0.38,35.5,0.01,0.01,2339.505014,1776265277000
1776265279.232,79.232,0.63,159.98,0.62,110.5,0.64,190.69,0.65,245.0,0.36,190.69,0.35,393.6,0.37,164.98,0.38,85.5,0.01,0.01,2339.505014,1776265277000
1776265279.483,79.483,0.63,254.98,0.62,153.5,0.64,178.86,0.65,235.0,0.36,190.69,0.35,245.0,0.37,159.98,0.38,110.5,0.01,0.01,2339.556295,1776265278000
1776265279.708,79.708,0.64,121.22,0.63,147.98,0.65,225.0,0.66,20.0,0.35,235.0,0.34,20.0,0.37,254.98,0.38,153.5,0.01,0.02,2339.556295,1776265278000
1776265280.878,80.878,0.66,145.5,0.65,110.5,0.67,3.49,0.68,10.0,0.35,225.0,0.34,20.0,0.36,121.22,0.37,147.98,0.01,0.01,2339.641086,1776265279000
1776265281.405,81.405,0.67,100.25,0.66,90.5,0.68,10.0,0.69,205.99,0.33,3.49,0.32,10.0,0.34,145.5,0.35,110.5,0.01,0.01,2339.778912,1776265280000
1776265282.551,82.551,0.67,171.25,0.66,95.5,0.68,2.97,0.69,165.0,0.32,10.0,0.31,205.99,0.33,100.25,0.34,90.5,0.01,0.01,2339.778912,1776265281000
1776265282.904,82.904,0.67,171.25,0.66,95.5,0.69,151.43,0.7,485.6,0.32,5.94,0.31,165.0,0.33,176.25,0.34,95.5,0.02,0.01,2340.053615,1776265282000
1776265283.349,83.349,0.68,88.57,0.67,102.25,0.7,320.0,0.71,190.6,0.31,151.43,0.3,485.6,0.33,171.25,0.34,95.5,0.02,0.02,2340.053615,1776265282000
1776265283.652,83.652,0.69,110.41,0.68,104.57,0.7,366.99,0.71,156.0,0.3,320.0,0.29,190.6,0.32,88.57,0.33,102.25,0.01,0.02,2340.053615,1776265282000
1776265284.016,84.016,0.68,28.57,0.67,70.5,0.7,618.49,0.71,216.5,0.3,366.99,0.29,156.0,0.31,110.41,0.32,104.57,0.02,0.01,2340.05939,1776265283000
1776265284.433,84.433,0.66,25.5,0.65,70.5,0.69,285.1,0.7,585.5,0.3,618.49,0.29,216.5,0.32,28.57,0.33,70.5,0.03,0.02,2340.05939,1776265283000
1776265284.724,84.724,0.67,19.5,0.66,72.5,0.68,180.39,0.69,315.5,0.31,285.1,0.3,585.5,0.34,22.5,0.35,70.5,0.01,0.03,2340.05939,1776265283000
1776265285.863,85.863,0.67,177.0,0.66,118.5,0.69,55.6,0.7,436.0,0.32,175.39,0.31,326.5,0.33,8.5,0.34,72.5,0.02,0.01,2340.12925,1776265284000
1776265287.689,87.689,0.68,80.75,0.67,89.0,0.69,10.0,0.7,485.6,0.31,55.6,0.3,436.0,0.33,177.0,0.34,118.5,0.01,0.02,2339.969747,1776265286000
1776265288.048,88.048,0.68,28.5,0.67,23.5,0.69,109.99,0.7,501.5,0.31,10.0,0.3,485.6,0.32,80.75,0.33,89.0,0.01,0.01,2339.969747,1776265286000
1776265288.677,88.677,0.68,3.5,0.67,8.5,0.69,291.1,0.7,563.5,0.31,109.99,0.3,501.5,0.32,28.5,0.33,23.5,0.01,0.01,2339.988912,1776265287000
1776265288.974,88.974,0.67,24.0,0.66,12.0,0.68,209.1,0.69,265.5,0.32,50.1,0.31,256.5,0.34,12.0,0.35,40.5,0.01,0.02,2339.988912,1776265287000
1776265289.493,89.493,0.67,29.0,0.66,37.0,0.68,71.5,0.69,147.5,0.32,209.1,0.31,265.5,0.33,24.0,0.34,12.0,0.01,0.01,2340.089248,1776265288000
1776265290.008,90.008,0.67,32.07,0.66,37.0,0.68,143.5,0.69,152.5,0.32,71.5,0.31,147.5,0.33,29.0,0.34,37.0,0.01,0.01,2340.089248,1776265288000
1776265290.62,90.62,0.67,0.07,0.66,12.0,0.68,248.5,0.69,247.5,0.32,143.5,0.31,152.5,0.33,32.07,0.34,37.0,0.01,0.01,2339.98658,1776265289000
1776265291.085,91.085,0.67,4.07,0.66,12.0,0.68,260.5,0.69,272.5,0.32,248.5,0.31,247.5,0.33,0.07,0.34,12.0,0.01,0.01,2339.98658,1776265289000
1776265291.389,91.389,0.66,5.76,0.65,40.0,0.67,250.5,0.68,267.11,0.33,210.1,0.32,253.11,0.34,11.76,0.35,40.0,0.01,0.01,2339.98658,1776265290000
1776265292.537,92.537,0.63,55.0,0.62,68.94,0.65,139.49,0.66,158.5,0.34,214.1,0.33,255.5,0.36,12.55,0.37,55.0,0.02,0.02,2339.840244,1776265291000
1776265293.107,93.107,0.63,55.0,0.62,73.94,0.64,164.33,0.65,153.5,0.35,139.49,0.34,158.5,0.37,55.0,0.38,68.94,0.01,0.02,2339.840244,1776265291000
1776265293.625,93.625,0.63,35.0,0.62,123.94,0.64,151.52,0.65,158.5,0.36,164.33,0.35,153.5,0.37,55.0,0.38,73.94,0.01,0.01,2339.698284,1776265292000
1776265294.808,94.808,0.62,58.94,0.6,75.0,0.64,205.49,0.65,143.5,0.36,151.52,0.35,158.5,0.37,35.0,0.38,123.94,0.02,0.01,2339.682404,1776265293000
1776265295.835,95.835,0.6,75.0,0.59,50.0,0.63,302.56,0.64,211.5,0.36,205.49,0.35,143.5,0.38,58.94,0.4,75.0,0.03,0.02,2339.615281,1776265294000
1776265296.716,96.716,0.57,10.0,0.56,50.0,0.58,83.25,0.59,138.5,0.37,302.56,0.36,211.5,0.4,75.0,0.41,50.0,0.01,0.03,2339.493489,1776265295000
1776265297.04,97.04,0.56,69.38,0.55,255.5,0.57,59.0,0.58,143.75,0.42,83.25,0.41,138.5,0.43,10.0,0.44,50.0,0.01,0.01,2339.493489,1776265295000
1776265297.59,97.59,0.56,47.95,0.55,255.5,0.57,74.0,0.58,159.14,0.43,59.0,0.42,143.75,0.44,69.38,0.45,255.5,0.01,0.01,2339.362332,1776265296000
1776265298.954,98.954,0.56,42.95,0.55,245.5,0.57,116.71,0.58,183.14,0.43,74.0,0.42,159.14,0.44,47.95,0.45,255.5,0.01,0.01,2339.151759,1776265297000
1776265303.634,103.634,0.56,69.35,0.55,255.5,0.57,6.0,0.58,50.0,0.43,116.71,0.42,183.14,0.44,42.95,0.45,245.5,0.01,0.01,2339.158126,1776265302000
1776265304.522,104.522,0.57,177.46,0.56,134.35,0.58,10.0,0.59,44.0,0.43,6.0,0.42,50.0,0.44,69.35,0.45,255.5,0.01,0.01,2339.158023,1776265303000
1776265304.753,104.753,0.58,80.5,0.57,184.46,0.61,10.0,0.63,22.08,0.41,7.23,0.39,10.0,0.42,25.5,0.43,162.46,0.03,0.01,2339.158023,1776265303000
1776265305.436,105.436,0.62,135.0,0.61,25.5,0.63,3.08,0.64,25.0,0.39,10.0,0.37,8.08,0.4,7.5,0.41,15.0,0.01,0.01,2339.17646,1776265304000
1776265306.381,106.381,0.62,88.68,0.61,80.5,0.63,53.08,0.64,119.0,0.37,3.08,0.36,25.0,0.38,135.0,0.39,25.5,0.01,0.01,2339.17646,1776265304000
1776265307.372,107.372,0.62,85.23,0.61,80.5,0.63,3.08,0.64,59.0,0.37,53.08,0.36,119.0,0.38,88.68,0.39,80.5,0.01,0.01,2339.474891,1776265306000
1776265307.584,107.584,0.65,21.42,0.64,20.0,0.66,50.0,0.67,190.1,0.36,59.0,0.35,50.0,0.38,85.23,0.39,80.5,0.01,0.02,2339.474891,1776265306000
1776265307.907,107.907,0.65,101.42,0.64,85.5,0.66,3.17,0.67,203.6,0.34,50.0,0.33,190.1,0.35,21.42,0.36,20.0,0.01,0.01,2339.474891,1776265306000
1776265309.002,109.002,0.65,101.42,0.64,85.5,0.67,177.75,0.68,88.59,0.34,42.42,0.33,214.1,0.35,106.42,0.36,75.0,0.02,0.01,2339.449007,1776265307000
1776265310.504,110.504,0.67,45.5,0.66,176.5,0.68,4.31,0.69,24.0,0.33,177.75,0.32,88.59,0.35,101.42,0.36,85.5,0.01,0.02,2339.68432,1776265309000
1776265310.721,110.721,0.69,25.5,0.68,25.5,0.7,192.57,0.71,60.0,0.3,299.57,0.29,60.0,0.32,25.5,0.33,75.5,0.01,0.02,2339.68432,1776265309000
1776265311.102,111.102,0.69,37.41,0.68,30.5,0.7,135.57,0.71,60.0,0.3,135.57,0.29,60.0,0.31,25.5,0.32,25.5,0.01,0.01,2339.705813,1776265310000
1776265313.728,113.728,0.71,77.5,0.7,111.5,0.72,10.0,0.73,254.99,0.29,60.0,0.28,250.0,0.31,111.41,0.32,30.5,0.01,0.02,2340.226619,1776265312000
1776265318.432,118.432,0.72,157.08,0.71,78.0,0.73,101.99,0.74,141.39,0.28,5.0,0.27,265.49,0.29,77.5,0.3,101.0,0.01,0.01,2340.32178,1776265317000
1776265319.411,119.411,0.72,62.65,0.71,72.5,0.73,177.49,0.74,161.89,0.27,101.99,0.26,141.39,0.28,157.08,0.29,78.0,0.01,0.01,2340.2836,1776265318000
1776265320.321,120.321,0.72,63.22,0.71,62.5,0.73,193.49,0.74,151.89,0.27,177.49,0.26,161.89,0.28,62.65,0.29,72.5,0.01,0.01,2340.2836,1776265318000
1776265321.692,121.692,0.71,30.0,0.7,70.0,0.73,186.49,0.74,161.89,0.27,193.49,0.26,151.89,0.28,63.22,0.29,62.5,0.02,0.01,2340.27619,1776265320000
1776265321.957,121.957,0.7,32.33,0.69,111.91,0.72,157.49,0.73,135.5,0.27,186.49,0.26,161.89,0.29,30.0,0.3,70.0,0.02,0.02,2340.328444,1776265321000
1776265322.24,122.24,0.7,19.73,0.69,60.0,0.71,86.99,0.72,87.5,0.28,156.1,0.27,135.5,0.3,32.33,0.31,111.91,0.01,0.02,2340.328444,1776265321000
1776265322.501,122.501,0.7,141.73,0.69,136.5,0.71,43.84,0.72,72.0,0.29,135.58,0.28,87.5,0.3,81.73,0.31,110.0,0.01,0.01,2340.328444,1776265321000
1776265324.985,124.985,0.72,186.5,0.71,284.24,0.75,60.0,0.76,204.1,0.29,43.84,0.28,72.0,0.3,141.73,0.31,136.5,0.03,0.01,2340.214829,1776265323000
1776265325.924,125.924,0.74,110.0,0.73,92.0,0.75,52.39,0.76,169.5,0.25,60.0,0.24,204.1,0.28,186.5,0.29,284.24,0.01,0.03,2340.21431,1776265324000
1776265326.322,126.322,0.74,96.0,0.73,107.5,0.75,47.39,0.76,159.0,0.25,52.39,0.24,169.5,0.26,83.0,0.27,92.0,0.01,0.01,2340.25601,1776265325000
1776265328.542,128.542,0.76,136.0,0.75,87.0,0.77,72.39,0.78,135.5,0.25,47.39,0.24,159.0,0.26,96.0,0.27,107.5,0.01,0.01,2340.47368,1776265327000
1776265329.9,129.9,0.79,103.5,0.78,127.5,0.8,27.0,0.81,24.18,0.23,72.39,0.22,135.5,0.24,73.5,0.25,87.0,0.01,0.01,2340.507055,1776265328000
1776265330.681,130.681,0.79,118.5,0.78,67.5,0.8,10.54,0.81,24.18,0.2,27.0,0.19,24.18,0.21,103.5,0.22,127.5,0.01,0.01,2340.60425,1776265329000
1776265330.951,130.951,0.79,158.73,0.78,117.5,0.8,0.54,0.81,24.18,0.2,10.54,0.19,24.18,0.21,118.5,0.22,67.5,0.01,0.01,2340.60425,1776265329000
1776265331.426,131.426,0.8,234.5,0.79,219.73,0.81,22.94,0.82,20.0,0.19,24.18,0.18,44.0,0.21,163.73,0.22,142.5,0.01,0.02,2340.739755,1776265330000
1776265332.047,132.047,0.84,90.0,0.83,95.0,0.85,86.15,0.86,95.0,0.18,20.0,0.17,25.0,0.2,225.5,0.21,219.73,0.01,0.02,2340.739755,1776265330000
1776265332.529,132.529,0.84,178.5,0.83,95.0,0.85,41.92,0.86,15.39,0.15,86.15,0.14,95.0,0.16,90.0,0.17,95.0,0.01,0.01,2341.123675,1776265331000
1776265332.737,132.737,0.85,93.67,0.84,368.5,0.87,20.0,0.88,10.0,0.15,26.33,0.14,25.89,0.16,374.5,0.17,95.0,0.02,0.01,2341.123675,1776265331000
1776265333.03,133.03,0.87,134.0,0.86,110.0,0.89,20.5,0.9,105.0,0.12,9.9,0.11,20.5,0.14,70.0,0.15,162.55,0.02,0.02,2341.123675,1776265331000
1776265333.265,133.265,0.87,110.0,0.86,110.0,0.88,4.77,0.89,20.5,0.11,20.5,0.1,105.0,0.13,134.0,0.14,110.0,0.01,0.02,2341.112309,1776265332000
1776265333.593,133.593,0.87,190.0,0.86,300.0,0.9,98.83,0.91,140.0,0.1,98.83,0.09,171.39,0.13,150.0,0.14,190.0,0.03,0.03,2341.112309,1776265332000
1776265334.056,134.056,0.88,30.0,0.87,291.0,0.9,117.43,0.91,175.46,0.1,98.83,0.09,140.0,0.13,190.0,0.14,300.0,0.02,0.03,2341.112309,1776265332000
1776265334.533,134.533,0.89,55.0,0.88,194.0,0.9,97.17,0.91,117.0,0.1,132.76,0.09,219.46,0.12,30.0,0.13,291.0,0.01,0.02,2341.70421,1776265333000
1776265334.787,134.787,0.89,234.85,0.88,230.0,0.9,4.48,0.91,90.0,0.1,97.17,0.09,112.0,0.11,84.85,0.12,200.0,0.01,0.01,2341.70421,1776265333000
1776265335.337,135.337,0.9,152.0,0.89,242.85,0.91,33.0,0.92,98.0,0.09,123.0,0.08,146.9,0.11,250.85,0.12,170.0,0.01,0.02,2341.70421,1776265333000
1776265335.865,135.865,0.9,121.0,0.89,97.0,0.91,55.8,0.92,26.0,0.09,26.16,0.08,15.0,0.1,71.0,0.11,157.0,0.01,0.01,2342.316056,1776265334000
1776265336.175,136.175,0.9,51.0,0.89,72.0,0.91,118.77,0.92,244.98,0.09,104.2,0.08,118.99,0.1,71.0,0.11,97.0,0.01,0.01,2342.49608,1776265335000
1776265336.41,136.41,0.9,51.0,0.89,72.0,0.91,113.27,0.92,293.88,0.09,118.77,0.08,244.98,0.1,51.0,0.11,72.0,0.01,0.01,2342.49608,1776265335000
1776265336.887,136.887,0.9,151.0,0.89,97.0,0.91,38.96,0.92,124.9,0.09,113.27,0.08,293.88,0.1,51.0,0.11,72.0,0.01,0.01,2342.49608,1776265335000
1776265337.686,137.686,0.91,95.85,0.9,177.0,0.92,76.52,0.93,297.29,0.09,38.96,0.08,124.9,0.1,151.0,0.11,97.0,0.01,0.01,2342.76508,1776265336000
1776265338.696,138.696,0.91,109.0,0.9,10.0,0.92,265.51,0.93,305.28,0.08,57.9,0.07,297.29,0.09,188.85,0.1,146.0,0.01,0.01,2342.683101,1776265337000
1776265339.142,139.142,0.91,109.0,0.9,10.0,0.92,273.24,0.93,305.28,0.08,265.51,0.07,305.28,0.09,109.0,0.1,10.0,0.01,0.01,2342.735075,1776265338000
1776265339.422,139.422,0.92,7.0,0.91,409.99,0.93,10.0,0.94,60.0,0.08,60.0,0.07,115.3,0.09,224.99,0.1,96.0,0.01,0.01,2342.735075,1776265338000
1776265339.707,139.707,0.93,60.0,0.92,276.0,0.94,9.9,0.95,190.0,0.06,10.0,0.05,190.0,0.08,276.0,0.09,390.99,0.01,0.02,2342.735075,1776265338000
1776265339.989,139.989,0.93,30.85,0.92,316.0,0.94,60.0,0.95,189.78,0.05,189.78,0.04,207.8,0.07,41.0,0.08,316.0,0.01,0.02,2342.735075,1776265338000
1776265340.209,140.209,0.93,85.85,0.92,291.0,0.94,8.93,0.95,289.78,0.06,51.7,0.05,189.78,0.07,80.85,0.08,316.0,0.01,0.01,2342.745316,1776265339000
1776265340.619,140.619,0.93,160.85,0.92,341.0,0.94,92.44,0.95,293.51,0.05,288.51,0.04,332.8,0.07,90.85,0.08,291.0,0.01,0.02,2342.745316,1776265339000
1776265341.435,141.435,0.93,210.85,0.92,341.0,0.94,90.84,0.95,343.51,0.06,92.44,0.05,293.51,0.07,160.85,0.08,341.0,0.01,0.01,2342.804185,1776265340000
1776265342.446,142.446,0.93,75.0,0.92,213.0,0.94,165.58,0.95,373.51,0.06,90.84,0.05,343.51,0.07,210.85,0.08,341.0,0.01,0.01,2342.804185,1776265340000
1776265342.908,142.908,0.93,60.0,0.92,157.0,0.94,175.58,0.95,449.31,0.06,165.58,0.05,373.51,0.07,75.0,0.08,213.0,0.01,0.01,2343.839417,1776265341000
1776265343.46,143.46,0.93,40.0,0.92,150.0,0.94,239.38,0.95,529.3,0.06,175.58,0.05,449.31,0.07,60.0,0.08,157.0,0.01,0.01,2343.900603,1776265342000
1776265343.699,143.699,0.93,30.0,0.92,25.0,0.94,238.31,0.95,529.3,0.06,239.38,0.05,529.3,0.07,30.0,0.08,150.0,0.01,0.01,2343.900603,1776265342000
1776265344.005,144.005,0.92,17.87,0.91,69.78,0.94,238.31,0.95,523.3,0.06,238.31,0.05,529.3,0.07,25.0,0.08,25.0,0.02,0.01,2343.900603,1776265342000
1776265344.605,144.605,0.91,69.78,0.9,82.1,0.93,254.3,0.94,279.3,0.06,238.31,0.05,523.3,0.08,17.87,0.09,69.78,0.02,0.02,2343.625614,1776265343000
1776265344.805,144.805,0.92,10.0,0.91,69.78,0.93,248.6,0.94,243.31,0.07,254.3,0.06,279.3,0.09,69.78,0.1,82.1,0.01,0.02,2343.625614,1776265343000
1776265345.257,145.257,0.92,13.64,0.91,106.0,0.93,193.3,0.94,226.48,0.07,248.6,0.06,243.31,0.08,10.0,0.09,69.78,0.01,0.01,2343.424815,1776265344000
1776265345.722,145.722,0.92,53.64,0.91,106.0,0.93,175.54,0.94,226.48,0.07,193.3,0.06,226.48,0.08,13.64,0.09,106.0,0.01,0.01,2343.424815,1776265344000
1776265347.073,147.073,0.92,227.0,0.91,116.0,0.93,98.65,0.94,71.68,0.07,175.54,0.06,226.48,0.08,53.64,0.09,106.0,0.01,0.01,2343.138701,1776265345000
1776265347.277,147.277,0.93,9.0,0.92,352.0,0.94,10.0,0.95,273.51,0.06,71.58,0.05,373.51,0.08,357.0,0.09,116.0,0.01,0.02,2343.138701,1776265345000
1776265347.602,147.602,0.93,88.11,0.92,91.0,0.94,112.83,0.95,349.31,0.06,10.0,0.05,273.51,0.07,9.0,0.08,352.0,0.01,0.01,2343.138701,1776265345000
1776265347.843,147.843,0.93,58.11,0.92,91.0,0.94,102.19,0.95,349.31,0.06,117.83,0.05,349.31,0.07,58.11,0.08,91.0,0.01,0.01,2343.138701,1776265345000
1776265349.074,149.074,0.92,149.15,0.91,100.0,0.93,71.82,0.94,180.99,0.06,102.19,0.05,349.31,0.07,58.11,0.08,91.0,0.01,0.01,2343.332733,1776265347000
1776265349.487,149.487,0.92,144.15,0.91,100.0,0.94,172.27,0.95,489.59,0.07,71.82,0.06,180.99,0.08,149.15,0.09,100.0,0.02,0.01,2343.332733,1776265347000
1776265350.57,150.57,0.92,107.62,0.91,100.0,0.93,71.0,0.94,254.26,0.07,9.46,0.06,147.27,0.08,144.15,0.09,100.0,0.01,0.01,2343.2967,1776265349000
1776265350.891,150.891,0.92,107.62,0.91,100.0,0.93,67.83,0.94,266.26,0.07,71.0,0.06,254.26,0.08,107.62,0.09,100.0,0.01,0.01,2343.2967,1776265349000
1776265351.115,151.115,0.92,167.62,0.91,100.0,0.93,3.38,0.94,136.91,0.07,62.71,0.06,253.26,0.08,112.62,0.09,100.0,0.01,0.01,2343.252398,1776265350000
1776265351.527,151.527,0.93,118.38,0.92,81.0,0.94,64.01,0.95,280.31,0.07,3.38,0.06,136.91,0.08,167.62,0.09,100.0,0.01,0.01,2343.252398,1776265350000
1776265351.798,151.798,0.93,13.7,0.92,133.16,0.94,96.84,0.95,280.31,0.06,64.01,0.05,280.31,0.07,107.76,0.08,81.0,0.01,0.01,2343.252398,1776265350000
1776265352.309,152.309,0.93,42.38,0.92,88.16,0.94,143.48,0.95,377.31,0.06,96.57,0.05,280.31,0.07,8.38,0.08,133.16,0.01,0.01,2343.252398,1776265350000
1776265352.626,152.626,0.93,42.38,0.92,78.16,0.94,127.77,0.95,436.3,0.06,143.48,0.05,377.31,0.07,42.38,0.08,88.16,0.01,0.01,2343.252398,1776265350000
1776265353.116,153.116,0.93,9.38,0.92,78.16,0.94,143.77,0.95,436.3,0.06,127.77,0.05,436.3,0.07,42.38,0.08,78.16,0.01,0.01,2343.08,1776265351000
1776265353.921,153.921,0.92,39.92,0.91,139.22,0.94,189.65,0.95,339.3,0.06,95.65,0.05,436.3,0.07,1.91,0.08,78.16,0.02,0.01,2343.162188,1776265352000
1776265354.133,154.133,0.92,29.92,0.91,139.22,0.93,76.07,0.94,215.11,0.06,189.65,0.05,339.3,0.08,39.92,0.09,139.22,0.01,0.02,2343.319276,1776265353000
1776265354.579,154.579,0.92,2.92,0.91,10.0,0.93,81.07,0.94,355.43,0.07,76.07,0.06,236.64,0.08,19.92,0.09,139.22,0.01,0.01,2343.319276,1776265353000
1776265355.784,155.784,0.91,10.0,0.9,56.1,0.92,77.8,0.93,237.96,0.07,84.45,0.06,360.43,0.09,7.0,0.1,66.1,0.01,0.02,2343.140384,1776265354000
1776265356.227,156.227,0.9,26.1,0.89,100.0,0.91,52.35,0.92,56.73,0.09,58.29,0.08,56.73,0.1,46.1,0.11,90.0,0.01,0.01,2343.140384,1776265354000
1776265356.43,156.43,0.9,196.49,0.89,90.0,0.91,43.45,0.92,56.73,0.09,52.35,0.08,56.73,0.1,26.1,0.11,100.0,0.01,0.01,2343.036281,1776265355000
1776265356.704,156.704,0.9,151.78,0.89,90.0,0.91,45.15,0.92,56.73,0.09,43.45,0.08,56.73,0.1,151.78,0.11,90.0,0.01,0.01,2343.036281,1776265355000
1776265357.23,157.23,0.9,190.71,0.89,140.0,0.92,29.12,0.93,179.68,0.09,53.5,0.08,56.73,0.1,150.71,0.11,100.0,0.02,0.01,2343.036281,1776265355000
1776265357.532,157.532,0.91,127.86,0.9,35.0,0.92,34.12,0.93,179.68,0.08,29.12,0.07,179.68,0.1,190.71,0.11,140.0,0.01,0.02,2343.036281,1776265355000
1776265357.86,157.86,0.91,74.57,0.9,15.54,0.92,34.12,0.93,226.67,0.08,34.12,0.07,179.68,0.09,108.57,0.1,25.0,0.01,0.01,2342.56,1776265356000
1776265358.311,158.311,0.91,89.08,0.9,15.54,0.92,35.85,0.93,238.66,0.08,34.12,0.07,226.67,0.09,74.57,0.1,15.54,0.01,0.01,2342.56,1776265356000
1776265358.615,158.615,0.91,44.93,0.9,15.54,0.92,117.74,0.93,236.21,0.08,84.75,0.07,255.67,0.09,60.08,0.1,15.54,0.01,0.01,2342.530281,1776265357000
1776265358.831,158.831,0.9,15.54,0.89,90.0,0.92,204.59,0.93,181.21,0.08,176.59,0.07,175.21,0.09,44.93,0.1,15.54,0.02,0.01,2342.530281,1776265357000
1776265359.073,159.073,0.9,20.54,0.89,90.0,0.91,21.69,0.92,214.58,0.09,67.04,0.08,190.12,0.1,15.54,0.11,90.0,0.01,0.01,2342.530281,1776265357000
1776265359.418,159.418,0.9,162.34,0.89,90.0,0.91,66.69,0.92,214.58,0.09,21.69,0.08,214.58,0.1,20.54,0.11,90.0,0.01,0.01,2342.523737,1776265358000
1776265359.859,159.859,0.9,122.34,0.89,85.0,0.91,103.68,0.92,190.12,0.09,66.69,0.08,214.58,0.1,157.34,0.11,90.0,0.01,0.01,2342.523737,1776265358000
1776265360.223,160.223,0.9,10.34,0.89,90.0,0.91,189.68,0.92,190.12,0.09,103.68,0.08,190.12,0.1,122.34,0.11,85.0,0.01,0.01,2342.523737,1776265358000
1776265360.62,160.62,0.9,158.71,0.89,105.0,0.91,142.2,0.92,214.58,0.09,184.68,0.08,190.12,0.11,90.0,0.12,85.0,0.01,0.02,2342.523737,1776265358000
1776265361.028,161.028,0.9,163.71,0.89,95.0,0.91,87.0,0.92,191.59,0.09,142.2,0.08,214.58,0.1,158.71,0.11,105.0,0.01,0.01,2342.375841,1776265359000
1776265361.237,161.237,0.9,168.71,0.89,145.0,0.91,68.7,0.92,78.6,0.09,69.8,0.08,86.13,0.1,178.71,0.11,145.0,0.01,0.01,2342.375841,1776265359000
1776265361.668,161.668,0.9,168.71,0.89,155.0,0.91,31.1,0.92,78.6,0.09,33.7,0.08,78.6,0.1,163.71,0.11,155.0,0.01,0.01,2342.169805,1776265360000
1776265361.934,161.934,0.9,167.19,0.89,145.0,0.92,91.22,0.93,255.14,0.09,38.68,0.08,78.6,0.1,163.71,0.11,155.0,0.02,0.01,2342.169805,1776265360000
1776265362.163,162.163,0.9,167.19,0.89,145.0,0.91,56.86,0.92,53.32,0.08,91.22,0.07,255.14,0.1,167.19,0.11,145.0,0.01,0.02,2342.169805,1776265360000
1776265362.363,162.363,0.9,172.19,0.89,155.0,0.91,1.64,0.92,53.32,0.09,56.86,0.08,53.32,0.1,167.19,0.11,145.0,0.01,0.01,2342.1371,1776265361000
1776265362.714,162.714,0.9,217.19,0.89,155.0,0.91,49.5,0.92,23.11,0.08,35.73,0.07,266.14,0.1,167.19,0.11,155.0,0.01,0.02,2342.1371,1776265361000
1776265363.292,163.292,0.9,322.19,0.89,145.0,0.91,48.4,0.92,23.11,0.09,49.5,0.08,23.11,0.1,217.19,0.11,155.0,0.01,0.01,2342.2568,1776265362000
1776265364.13,164.13,0.91,137.0,0.9,322.19,0.92,28.0,0.93,118.68,0.09,48.4,0.08,23.11,0.1,322.19,0.11,145.0,0.01,0.01,2342.2568,1776265362000
1776265364.621,164.621,0.91,288.76,0.9,193.48,0.92,22.32,0.93,83.1,0.08,28.0,0.07,118.68,0.09,137.0,0.1,322.19,0.01,0.01,2342.2568,1776265362000
1776265365.07,165.07,0.92,197.0,0.91,509.24,0.94,10.0,0.95,180.51,0.08,22.32,0.07,83.1,0.09,288.76,0.1,193.48,0.02,0.01,2342.335981,1776265363000
1776265365.49,165.49,0.93,116.0,0.92,268.0,0.94,10.0,0.95,143.51,0.06,10.0,0.05,180.51,0.08,197.0,0.09,509.24,0.01,0.02,2342.349243,1776265364000
1776265366.658,166.658,0.94,141.48,0.93,101.0,0.96,138.07,0.97,552.7,0.05,132.04,0.04,31.0,0.06,13.0,0.07,104.0,0.02,0.01,2342.608598,1776265365000
1776265367.353,167.353,0.94,147.48,0.93,101.0,0.95,6.87,0.96,38.32,0.04,138.07,0.03,552.7,0.06,141.48,0.07,101.0,0.01,0.02,2342.939554,1776265366000
1776265367.749,167.749,0.94,157.48,0.93,101.0,0.96,34.75,0.97,552.7,0.05,6.87,0.04,38.32,0.06,147.48,0.07,101.0,0.02,0.01,2342.939554,1776265366000
1776265368.316,168.316,0.95,19.0,0.94,103.48,0.96,29.54,0.97,627.23,0.04,34.75,0.03,552.7,0.06,157.48,0.07,101.0,0.01,0.02,2343.325097,1776265367000
1776265368.555,168.555,0.95,24.0,0.94,98.48,0.96,40.41,0.97,627.23,0.04,29.54,0.03,627.23,0.05,19.0,0.06,103.48,0.01,0.01,2343.325097,1776265367000
1776265369.048,169.048,0.95,10.0,0.94,104.48,0.96,287.24,0.97,611.23,0.04,35.41,0.03,627.23,0.05,24.0,0.06,98.48,0.01,0.01,2343.325097,1776265367000
1776265369.385,169.385,0.95,10.0,0.94,70.0,0.96,205.76,0.97,611.23,0.04,287.24,0.03,611.23,0.05,10.0,0.06,104.48,0.01,0.01,2343.41821,1776265368000
1776265369.659,169.659,0.95,115.0,0.94,80.0,0.96,98.42,0.97,602.69,0.04,176.69,0.03,578.23,0.05,70.0,0.06,75.0,0.01,0.01,2343.41821,1776265368000
1776265370.558,170.558,0.95,20.0,0.94,75.0,0.96,178.38,0.97,591.23,0.04,93.42,0.03,602.69,0.05,115.0,0.06,80.0,0.01,0.01,2343.337909,1776265369000
1776265374.308,174.308,0.95,49.5,0.94,70.0,0.96,291.87,0.97,591.23,0.04,178.38,0.03,591.23,0.05,20.0,0.06,75.0,0.01,0.01,2343.145137,1776265373000
1776265375.187,175.187,0.95,68.44,0.94,70.0,0.96,270.84,0.97,591.23,0.04,291.87,0.03,591.23,0.05,49.5,0.06,70.0,0.01,0.01,2343.138466,1776265374000
1776265375.878,175.878,0.95,96.44,0.94,70.0,0.96,171.63,0.97,580.23,0.04,270.84,0.03,591.23,0.05,68.44,0.06,70.0,0.01,0.01,2343.138466,1776265374000
1776265378.162,178.162,0.95,127.23,0.94,70.0,0.96,159.25,0.97,514.69,0.04,171.63,0.03,580.23,0.05,96.44,0.06,70.0,0.01,0.01,2343.067546,1776265376000
1776265378.786,178.786,0.95,142.23,0.94,80.0,0.96,154.25,0.97,514.69,0.04,159.25,0.03,514.69,0.05,127.23,0.06,70.0,0.01,0.01,2343.077962,1776265377000
1776265379.417,179.417,0.95,119.94,0.94,96.0,0.96,154.25,0.97,514.69,0.04,154.25,0.03,514.69,0.05,142.23,0.06,80.0,0.01,0.01,2343.100175,1776265378000
1776265379.948,179.948,0.95,49.94,0.94,86.0,0.96,154.25,0.97,390.99,0.04,154.25,0.03,514.69,0.05,119.94,0.06,96.0,0.01,0.01,2343.100175,1776265378000
1776265380.238,180.238,0.95,49.94,0.94,86.0,0.96,173.71,0.97,418.99,0.04,154.25,0.03,390.99,0.05,49.94,0.06,86.0,0.01,0.01,2343.100175,1776265378000
1776265380.529,180.529,0.95,136.35,0.94,91.31,0.96,215.74,0.97,467.99,0.04,219.03,0.03,467.99,0.05,49.94,0.06,86.0,0.01,0.01,2343.114629,1776265379000
1776265380.964,180.964,0.95,5.0,0.94,85.62,0.96,317.24,0.97,612.69,0.04,215.74,0.03,467.99,0.05,136.35,0.06,91.31,0.01,0.01,2343.173926,1776265380000
1776265381.165,181.165,0.95,11.65,0.94,85.62,0.96,312.24,0.97,601.69,0.04,317.24,0.03,612.69,0.05,5.0,0.06,85.62,0.01,0.01,2343.173926,1776265380000
1776265381.746,181.746,0.95,11.65,0.94,85.62,0.96,355.16,0.97,901.69,0.04,310.16,0.03,601.69,0.05,11.65,0.06,85.62,0.01,0.01,2343.173926,1776265380000
1776265382.443,182.443,0.95,11.65,0.94,85.62,0.96,296.99,0.97,901.69,0.04,355.16,0.03,901.69,0.05,11.65,0.06,85.62,0.01,0.01,2343.185785,1776265381000
1776265383.251,183.251,0.95,149.65,0.94,110.62,0.96,209.17,0.97,846.69,0.04,296.99,0.03,901.69,0.05,11.65,0.06,85.62,0.01,0.01,2343.185785,1776265381000
1776265383.859,183.859,0.96,80.95,0.95,137.65,0.97,404.99,0.98,749.7,0.04,209.17,0.03,846.69,0.05,149.65,0.06,110.62,0.01,0.01,2342.910504,1776265382000
1776265385.246,185.246,0.96,114.65,0.95,103.0,0.97,504.99,0.98,754.7,0.03,404.99,0.02,749.7,0.04,80.95,0.05,137.65,0.01,0.01,2342.946347,1776265384000
1776265385.925,185.925,0.96,97.98,0.95,124.94,0.97,599.79,0.98,759.7,0.03,498.79,0.02,754.7,0.04,114.65,0.05,103.0,0.01,0.01,2342.946347,1776265384000
1776265387.503,187.503,0.96,266.0,0.95,262.74,0.97,176.8,0.98,379.0,0.03,599.79,0.02,759.7,0.04,97.98,0.05,124.94,0.01,0.01,2343.322817,1776265386000
1776265388.441,188.441,0.96,267.2,0.95,234.74,0.97,160.48,0.98,506.99,0.03,166.48,0.02,327.53,0.04,203.5,0.05,207.74,0.01,0.01,2343.159096,1776265387000
1776265389.256,189.256,0.96,387.2,0.95,234.74,0.97,160.52,0.98,600.99,0.03,160.48,0.02,506.99,0.04,267.2,0.05,234.74,0.01,0.01,2343.159096,1776265387000
1776265389.848,189.848,0.96,55.0,0.95,221.94,0.97,279.48,0.98,482.99,0.03,160.52,0.02,600.99,0.04,387.2,0.05,234.74,0.01,0.01,2343.374357,1776265388000
1776265390.116,190.116,0.96,55.0,0.95,106.94,0.97,324.07,0.98,642.23,0.03,325.11,0.02,642.23,0.04,55.0,0.05,106.94,0.01,0.01,2343.941005,1776265389000
1776265392.691,192.691,0.96,5.0,0.95,94.94,0.97,934.07,0.98,751.69,0.03,324.07,0.02,642.23,0.04,55.0,0.05,106.94,0.01,0.01,2343.467098,1776265391000
1776265392.91,192.91,0.96,50.0,0.95,201.0,0.97,928.07,0.98,690.69,0.03,928.07,0.02,751.69,0.04,5.0,0.05,94.94,0.01,0.01,2343.467098,1776265391000
1776265393.371,193.371,0.96,45.0,0.95,201.0,0.97,877.07,0.98,680.69,0.03,895.07,0.02,680.69,0.04,45.0,0.05,201.0,0.01,0.01,2343.467098,1776265391000
1776265393.585,193.585,0.96,45.0,0.95,201.0,0.97,854.54,0.98,680.69,0.03,877.07,0.02,680.69,0.04,45.0,0.05,201.0,0.01,0.01,2343.419351,1776265392000
1776265394.779,194.779,0.96,165.0,0.95,641.8,0.97,709.92,0.98,467.99,0.03,854.54,0.02,680.69,0.04,45.0,0.05,201.0,0.01,0.01,2343.35923,1776265393000
1776265396.304,196.304,0.96,364.7,0.95,695.8,0.97,103.92,0.98,1274.0,0.03,709.92,0.02,467.99,0.04,198.0,0.05,641.8,0.01,0.01,2343.464475,1776265395000
1776265397.452,197.452,0.96,376.7,0.95,630.8,0.97,74.92,0.98,1284.99,0.03,103.92,0.02,1274.0,0.04,364.7,0.05,695.8,0.01,0.01,2343.57006,1776265396000
1776265397.95,197.95,0.96,391.7,0.95,740.8,0.97,72.85,0.98,1715.53,0.03,74.92,0.02,1284.99,0.04,376.7,0.05,630.8,0.01,0.01,2343.57006,1776265396000
1776265398.418,198.418,0.96,431.7,0.95,735.8,0.97,56.19,0.98,1733.53,0.03,52.23,0.02,1733.53,0.04,391.7,0.05,740.8,0.01,0.01,2343.742095,1776265397000
1776265399.094,199.094,0.96,930.7,0.95,280.8,0.97,44.19,0.98,1396.0,0.03,56.19,0.02,1733.53,0.04,431.7,0.05,735.8,0.01,0.01,2343.714497,1776265398000
1776265399.395,199.395,0.96,1247.7,0.95,255.8,0.97,44.09,0.98,302.0,0.03,44.19,0.02,1396.0,0.04,930.7,0.05,280.8,0.01,0.01,2343.714497,1776265398000
1776265401.173,201.173,0.97,562.61,0.96,911.7,0.98,1018.0,0.99,2522.02,0.02,302.0,0.01,2748.03,0.03,55.91,0.04,1247.7,0.01,0.01,2343.684587,1776265400000
1776265402.572,202.572,0.97,584.61,0.96,893.7,0.98,1013.0,0.99,2122.02,0.02,1018.0,0.01,2522.02,0.03,562.61,0.04,911.7,0.01,0.01,2343.978177,1776265401000
1776265402.779,202.779,0.97,784.61,0.96,893.7,0.98,884.94,0.99,2200.02,0.02,885.97,0.01,2122.02,0.03,684.61,0.04,893.7,0.01,0.01,2343.978177,1776265401000
1776265403.157,203.157,0.97,691.61,0.96,893.7,0.98,883.91,0.99,2200.02,0.02,884.94,0.01,2200.02,0.03,784.61,0.04,893.7,0.01,0.01,2343.978177,1776265401000
1776265403.357,203.357,0.97,691.61,0.96,893.7,0.98,882.88,0.99,2200.02,0.02,882.88,0.01,2200.02,0.03,691.61,0.04,893.7,0.01,0.01,2343.930883,1776265402000
1776265403.614,203.614,0.97,636.7,0.96,793.7,0.98,1003.76,0.99,2151.5,0.02,879.79,0.01,2229.5,0.03,646.7,0.04,793.7,0.01,0.01,2343.930883,1776265402000
1776265404.75,204.75,0.97,652.7,0.96,793.7,0.98,877.15,0.99,2236.5,0.02,999.7,0.01,2151.5,0.03,647.7,0.04,793.7,0.01,0.01,2343.941506,1776265403000
1776265405.014,205.014,0.97,625.7,0.96,793.7,0.98,861.0,0.99,2439.03,0.02,873.15,0.01,2439.03,0.03,630.7,0.04,793.7,0.01,0.01,2343.941506,1776265403000
1776265405.419,205.419,0.97,625.7,0.96,818.7,0.98,853.85,0.99,2439.03,0.02,861.0,0.01,2439.03,0.03,625.7,0.04,793.7,0.01,0.01,2343.94625,1776265404000
1776265405.663,205.663,0.97,625.7,0.96,818.7,0.98,837.85,0.99,2354.03,0.02,853.85,0.01,2439.03,0.03,625.7,0.04,818.7,0.01,0.01,2343.94625,1776265404000
1776265405.986,205.986,0.97,625.7,0.96,818.7,0.98,949.74,0.99,2454.03,0.02,837.85,0.01,2354.03,0.03,625.7,0.04,818.7,0.01,0.01,2343.94625,1776265404000
1776265406.437,206.437,0.97,640.7,0.96,818.7,0.98,1011.71,0.99,2569.03,0.02,949.74,0.01,2454.03,0.03,625.7,0.04,818.7,0.01,0.01,2343.94625,1776265404000
1776265407.885,207.885,0.97,661.7,0.96,828.7,0.98,210.68,0.99,2446.5,0.02,991.71,0.01,2569.03,0.03,635.7,0.04,818.7,0.01,0.01,2343.862851,1776265406000
1776265409.831,209.831,0.97,679.01,0.96,828.7,0.98,301.59,0.99,2530.03,0.02,205.68,0.01,2446.5,0.03,661.7,0.04,828.7,0.01,0.01,2343.862336,1776265407000
1776265410.05,210.05,0.97,679.01,0.96,828.7,0.98,294.44,0.99,2530.03,0.02,301.59,0.01,2530.03,0.03,679.01,0.04,828.7,0.01,0.01,2343.862336,1776265407000
1776265410.576,210.576,0.97,730.01,0.96,833.7,0.98,173.44,0.99,2530.03,0.02,294.44,0.01,2530.03,0.03,679.01,0.04,828.7,0.01,0.01,2344.01307,1776265409000
1776265410.911,210.911,0.97,730.01,0.96,353.7,0.98,143.44,0.99,2708.03,0.02,173.44,0.01,2530.03,0.03,730.01,0.04,833.7,0.01,0.01,2344.01307,1776265409000
1776265411.896,211.896,0.97,1341.01,0.96,353.7,0.98,73.44,0.99,3408.03,0.02,113.44,0.01,2708.03,0.03,1215.01,0.04,353.7,0.01,0.01,2344.01307,1776265409000
1776265412.146,212.146,0.97,520.01,0.96,945.7,0.98,22.58,0.99,3146.03,0.02,73.44,0.01,3408.03,0.03,1341.01,0.04,353.7,0.01,0.01,2343.987573,1776265410000
1776265412.357,212.357,0.97,525.01,0.96,945.7,0.98,22.38,0.99,3193.03,0.02,27.48,0.01,3146.03,0.03,525.01,0.04,945.7,0.01,0.01,2343.987573,1776265410000
1776265412.69,212.69,0.97,525.01,0.96,950.7,0.98,9.38,0.99,3193.03,0.02,17.38,0.01,3193.03,0.03,530.01,0.04,945.7,0.01,0.01,2343.987573,1776265410000
1776265413.343,213.343,0.97,1144.01,0.96,483.7,0.98,99.38,0.99,2563.5,0.02,9.38,0.01,3193.03,0.03,525.01,0.04,950.7,0.01,0.01,2343.997976,1776265411000
1776265413.656,213.656,0.97,1149.01,0.96,493.7,0.98,29.38,0.99,2553.04,0.02,59.38,0.01,2553.04,0.03,1149.01,0.04,593.7,0.01,0.01,2344.07166,1776265412000
1776265413.871,213.871,0.98,395.0,0.97,1000.01,0.99,2304.04,,,0.01,2481.42,,,0.03,1144.01,0.04,493.7,0.01,0.02,2344.07166,1776265412000
1776265414.156,214.156,0.98,400.0,0.97,1000.01,0.99,2276.04,,,0.01,2290.04,,,0.02,400.0,0.03,1000.01,0.01,0.01,2344.07166,1776265412000
1776265414.557,214.557,0.98,400.0,0.97,1005.01,0.99,2547.04,,,0.01,2262.04,,,0.02,400.0,0.03,1000.01,0.01,0.01,2343.964971,1776265413000
1776265416.044,216.044,0.98,394.94,0.97,1325.01,0.99,2247.04,,,0.01,2547.04,,,0.02,400.0,0.03,1005.01,0.01,0.01,2343.91332,1776265414000
1776265416.26,216.26,0.98,564.0,0.97,1320.01,0.99,2247.04,,,0.01,2247.04,,,0.02,578.64,0.03,1325.01,0.01,0.01,2343.91332,1776265414000
1776265416.589,216.589,0.98,543.43,0.97,1325.01,0.99,2182.99,,,0.01,2212.99,,,0.02,543.43,0.03,1320.01,0.01,0.01,2343.91332,1776265414000
1776265417.033,217.033,0.98,390.7,0.97,1343.01,0.99,2200.37,,,0.01,2187.99,,,0.02,543.43,0.03,1325.01,0.01,0.01,2344.244769,1776265415000
1776265417.496,217.496,0.98,288.7,0.97,746.01,0.99,2159.89,,,0.01,2204.35,,,0.02,390.7,0.03,863.01,0.01,0.01,2344.261724,1776265416000
1776265417.832,217.832,0.98,278.7,0.97,746.01,0.99,2159.89,,,0.01,2159.89,,,0.02,288.7,0.03,746.01,0.01,0.01,2344.261724,1776265416000
1776265418.126,218.126,0.97,746.01,0.96,343.7,0.98,21.3,0.99,2164.89,0.01,2159.89,,,0.02,278.7,0.03,746.01,0.01,0.01,2344.261724,1776265416000
1776265418.769,218.769,0.97,746.01,0.96,343.7,0.98,24.26,0.99,2164.89,0.02,21.3,0.01,2164.89,0.03,746.01,0.04,343.7,0.01,0.01,2344.213579,1776265417000
1776265419.492,219.492,0.98,20.0,0.97,618.01,0.99,2159.89,,,0.02,24.26,0.01,2164.89,0.03,746.01,0.04,460.7,0.01,0.01,2344.213579,1776265417000
1776265420.132,220.132,0.98,20.0,0.97,628.01,0.99,2093.57,,,0.01,2495.6,,,0.02,20.0,0.03,635.01,0.01,0.01,2343.790505,1776265418000
1776265420.46,220.46,0.97,653.01,0.96,820.7,0.99,1948.57,,,0.01,2093.57,,,0.02,20.0,0.03,628.01,0.02,0.01,2343.790505,1776265418000
1776265420.702,220.702,0.97,653.01,0.96,820.7,0.98,488.97,0.99,2053.57,0.01,1948.57,,,0.03,653.01,0.04,820.7,0.01,0.02,2343.790505,1776265418000
1776265421.126,221.126,0.97,613.01,0.96,832.7,0.98,609.97,0.99,1568.57,0.02,488.97,0.01,2053.57,0.03,653.01,0.04,820.7,0.01,0.01,2343.68874,1776265419000
1776265421.768,221.768,0.97,623.01,0.96,837.7,0.98,628.9,0.99,1568.57,0.02,609.97,0.01,1568.57,0.03,613.01,0.04,832.7,0.01,0.01,2343.516255,1776265420000
1776265422.434,222.434,0.97,563.01,0.96,302.7,0.98,726.93,0.99,1446.57,0.02,1027.87,0.01,1568.57,0.03,618.01,0.04,837.7,0.01,0.01,2343.41354,1776265421000
1776265423.43,223.43,0.97,553.01,0.96,302.7,0.98,723.03,0.99,1446.57,0.02,731.93,0.01,1446.57,0.03,553.01,0.04,302.7,0.01,0.01,2343.41354,1776265421000
1776265427.007,227.007,0.97,538.01,0.96,252.7,0.98,614.11,0.99,1441.57,0.02,724.56,0.01,1446.57,0.03,553.01,0.04,302.7,0.01,0.01,2342.976474,1776265425000
1776265427.877,227.877,0.97,490.51,0.96,782.7,0.98,935.51,0.99,1466.03,0.02,614.11,0.01,1441.57,0.03,538.01,0.04,252.7,0.01,0.01,2342.889602,1776265426000
1776265428.833,228.833,0.97,624.51,0.96,840.7,0.98,686.45,0.99,1723.56,0.02,935.51,0.01,1466.03,0.03,490.51,0.04,782.7,0.01,0.01,2342.891238,1776265427000
1776265429.408,229.408,0.97,485.51,0.96,782.7,0.98,913.58,0.99,1791.55,0.02,686.45,0.01,1723.56,0.03,624.51,0.04,840.7,0.01,0.01,2342.807805,1776265428000
1776265430.267,230.267,0.97,500.51,0.96,782.7,0.98,1307.55,0.99,1791.55,0.02,913.58,0.01,1791.55,0.03,485.51,0.04,782.7,0.01,0.01,2342.74,1776265429000
1776265431.932,231.932,0.97,1420.12,0.96,248.7,0.98,638.93,0.99,2085.03,0.02,1307.55,0.01,1791.55,0.03,500.51,0.04,782.7,0.01,0.01,2342.849039,1776265430000
1776265432.479,232.479,0.98,60.0,0.97,1249.17,0.99,2048.91,,,0.02,629.93,0.01,2085.03,0.03,1415.12,0.04,248.7,0.01,0.01,2342.776625,1776265431000
1776265433.442,233.442,0.97,1112.17,0.96,243.7,0.99,2134.9,,,0.01,2048.91,,,0.02,60.0,0.03,1249.17,0.02,0.01,2342.857135,1776265432000
1776265434.003,234.003,0.97,1052.17,0.96,243.7,0.99,2181.9,,,0.01,2134.9,,,0.03,1112.17,0.04,243.7,0.02,0.02,2342.857135,1776265432000
1776265434.471,234.471,0.98,619.0,0.97,730.17,0.99,2051.18,,,0.01,2181.9,,,0.03,1052.17,0.04,243.7,0.01,0.02,2343.166245,1776265433000
1776265435.438,235.438,0.99,229.82,0.98,53.0,,,,,,,,,0.01,473.82,0.02,624.0,,,2343.19734,1776265434000
1776265435.921,235.921,0.99,174.26,0.98,53.0,,,,,,,,,0.01,229.82,0.02,53.0,,,2343.19734,1776265434000
1776265436.145,236.145,0.99,169.27,0.98,53.0,,,,,,,,,0.01,174.26,0.02,53.0,,,2343.19734,1776265434000
1776265436.664,236.664,0.98,53.0,0.97,510.0,0.99,15.73,,,,,,,0.01,169.27,0.02,53.0,0.01,,2343.22815,1776265435000
1776265436.869,236.869,0.98,645.0,0.97,500.0,0.99,44.65,,,0.01,46.67,,,0.02,645.0,0.03,500.0,0.01,0.01,2343.22815,1776265435000
1776265437.944,237.944,0.99,443.96,0.98,33.0,,,,,,,,,0.02,630.0,0.03,485.0,,,2343.58872,1776265436000
1776265439.591,239.591,0.99,453.96,0.98,39.0,,,,,,,,,0.01,443.96,0.02,33.0,,,2343.59237,1776265438000
1776265440.523,240.523,0.99,505.36,0.98,39.0,,,,,,,,,0.01,453.96,0.02,39.0,,,2343.68215,1776265439000
1776265440.89,240.89,0.99,496.36,0.98,39.0,,,,,,,,,0.01,505.36,0.02,39.0,,,2343.68215,1776265439000
1776265441.912,241.912,0.99,15.34,0.98,39.0,,,,,,,,,0.01,315.36,0.02,39.0,,,2343.572925,1776265440000
1776265443.431,243.431,0.99,13.75,0.98,57.0,,,,,,,,,0.01,15.34,0.02,39.0,,,2343.374039,1776265441000
1776265445.73,245.73,0.98,56.81,0.97,485.0,,,,,,,,,0.01,13.75,0.02,57.0,,,2342.862383,1776265444000
1776265446.117,246.117,0.98,524.0,0.97,578.0,0.99,575.0,,,,,,,0.02,56.81,0.03,485.0,0.01,,2342.83771,1776265445000
1776265446.355,246.355,0.98,519.0,0.97,578.0,0.99,682.94,,,0.01,690.94,,,0.02,519.0,0.03,578.0,0.01,0.01,2342.83771,1776265445000
1776265446.558,246.558,0.98,469.0,0.97,578.0,0.99,672.94,,,0.01,672.94,,,0.02,519.0,0.03,578.0,0.01,0.01,2342.83771,1776265445000
1776265447.064,247.064,0.98,469.0,0.97,578.0,0.99,670.85,,,0.01,670.9,,,0.02,469.0,0.03,578.0,0.01,0.01,2342.83771,1776265445000
1776265447.315,247.315,0.98,467.37,0.97,578.0,0.99,582.23,,,0.01,675.85,,,0.02,467.37,0.03,578.0,0.01,0.01,2342.801025,1776265446000
1776265448.206,248.206,0.97,1030.0,0.96,118.7,0.98,87.0,0.99,695.31,0.01,582.23,,,0.02,467.37,0.03,578.0,0.01,0.01,2342.690568,1776265447000
1776265448.505,248.505,0.97,1002.0,0.96,134.7,0.98,720.81,0.99,374.99,0.02,672.0,0.01,256.46,0.03,1002.0,0.04,134.7,0.01,0.01,2342.690568,1776265447000
1776265448.725,248.725,0.97,352.0,0.96,108.7,0.98,875.68,0.99,480.53,0.02,847.71,0.01,304.99,0.03,832.0,0.04,251.7,0.01,0.01,2342.690568,1776265447000
1776265448.974,248.974,0.97,326.0,0.96,108.7,0.98,1261.67,0.99,465.53,0.02,880.68,0.01,565.53,0.03,346.0,0.04,108.7,0.01,0.01,2342.690568,1776265447000
1776265449.315,249.315,0.95,198.09,0.94,662.42,0.96,77.0,0.97,807.0,0.03,200.0,0.02,1341.67,0.05,71.09,0.06,276.42,0.01,0.02,2342.6071,1776265448000
1776265449.545,249.545,0.95,262.09,0.94,187.42,0.96,75.95,0.97,807.0,0.04,77.0,0.03,807.0,0.05,198.09,0.06,662.42,0.01,0.01,2342.6071,1776265448000
1776265449.831,249.831,0.95,747.09,0.94,187.42,0.97,651.32,0.98,242.14,0.03,653.38,0.02,242.14,0.05,742.09,0.06,187.42,0.02,0.02,2342.6071,1776265448000
1776265450.042,250.042,0.95,81.09,0.94,159.42,0.96,492.9,0.97,10.0,0.04,478.95,0.02,55.83,0.05,91.09,0.06,639.42,0.01,0.01,2342.6071,1776265448000
1776265450.276,250.276,0.95,28.09,0.94,159.42,0.96,633.42,0.97,49.0,0.04,628.42,0.03,15.0,0.05,31.09,0.06,159.42,0.01,0.01,2342.38175,1776265449000
1776265450.61,250.61,0.94,91.51,0.93,126.33,0.95,703.36,0.96,110.0,0.04,633.42,0.03,49.0,0.06,86.51,0.07,131.33,0.01,0.02,2342.38175,1776265449000
1776265450.822,250.822,0.94,15.51,0.93,126.33,0.95,702.36,0.96,110.0,0.05,703.36,0.04,110.0,0.06,15.51,0.07,126.33,0.01,0.01,2342.38175,1776265449000
1776265451.028,251.028,0.94,25.51,0.93,121.33,0.95,667.94,0.96,110.0,0.05,702.36,0.04,110.0,0.06,15.51,0.07,126.33,0.01,0.01,2342.38175,1776265449000
1776265451.453,251.453,0.94,35.51,0.93,121.33,0.95,572.0,0.96,135.0,0.05,667.94,0.04,110.0,0.06,25.51,0.07,121.33,0.01,0.01,2341.497053,1776265450000
1776265451.699,251.699,0.93,219.83,0.92,195.9,0.95,699.0,0.96,160.0,0.05,572.0,0.04,135.0,0.06,35.51,0.07,121.33,0.02,0.01,2341.497053,1776265450000
1776265451.936,251.936,0.93,214.83,0.92,78.9,0.94,73.87,0.95,177.0,0.05,689.87,0.04,160.0,0.07,219.83,0.08,195.9,0.01,0.02,2341.497053,1776265450000
1776265452.243,252.243,0.93,211.98,0.92,200.9,0.94,622.0,0.95,251.99,0.06,73.87,0.05,177.0,0.07,214.83,0.08,78.9,0.01,0.01,2340.949272,1776265451000
1776265452.786,252.786,0.93,74.48,0.92,68.9,0.94,843.0,0.95,118.0,0.06,637.0,0.05,238.53,0.07,211.98,0.08,200.9,0.01,0.01,2340.949272,1776265451000
1776265453.104,253.104,0.91,276.0,0.9,61.11,0.93,561.0,0.94,108.0,0.07,10.0,0.06,108.0,0.08,5.9,0.09,271.0,0.02,0.01,2340.949272,1776265451000
1776265454.101,254.101,0.91,411.7,0.9,541.11,0.92,599.0,0.93,116.02,0.07,638.02,0.06,458.53,0.09,226.0,0.1,66.11,0.01,0.02,2340.77301,1776265452000
1776265454.411,254.411,0.91,406.7,0.9,541.11,0.92,580.08,0.93,130.48,0.08,599.0,0.07,116.02,0.09,411.7,0.1,541.11,0.01,0.01,2340.605588,1776265453000
1776265454.738,254.738,0.91,411.7,0.9,541.11,0.92,575.08,0.93,130.48,0.08,580.08,0.07,130.48,0.09,406.7,0.1,541.11,0.01,0.01,2340.605588,1776265453000
1776265455.906,255.906,0.91,406.7,0.9,61.11,0.92,595.99,0.93,134.02,0.08,575.08,0.07,130.48,0.09,411.7,0.1,541.11,0.01,0.01,2340.406445,1776265454000
1776265456.407,256.407,0.91,262.7,0.9,61.11,0.92,565.0,0.93,124.02,0.08,658.99,0.07,156.01,0.09,247.7,0.1,61.11,0.01,0.01,2340.406445,1776265454000
1776265456.842,256.842,0.91,190.7,0.9,61.11,0.92,582.0,0.93,112.02,0.08,565.0,0.07,124.02,0.09,262.7,0.1,61.11,0.01,0.01,2340.406445,1776265454000
1776265457.049,257.049,0.91,210.48,0.9,178.11,0.92,557.69,0.93,112.02,0.08,582.0,0.07,112.02,0.09,190.7,0.1,61.11,0.01,0.01,2340.34419,1776265455000
1776265458.907,258.907,0.91,342.48,0.9,99.11,0.92,58.57,0.93,60.0,0.08,557.69,0.07,112.02,0.09,210.48,0.1,178.11,0.01,0.01,2340.303327,1776265457000
1776265459.191,259.191,0.91,103.48,0.9,89.11,0.92,93.57,0.93,55.0,0.08,88.57,0.07,60.0,0.09,120.48,0.1,99.11,0.01,0.01,2340.283978,1776265458000
1776265459.812,259.812,0.91,400.49,0.9,551.11,0.92,2.71,0.93,5.0,0.08,93.57,0.07,55.0,0.09,103.48,0.1,89.11,0.01,0.01,2340.283978,1776265458000
1776265460.218,260.218,0.92,45.0,0.91,346.15,0.93,53.93,0.94,683.0,0.07,5.0,0.06,56.0,0.09,400.49,0.1,551.11,0.01,0.02,2340.283978,1776265458000
1776265460.456,260.456,0.92,91.4,0.91,346.15,0.93,535.0,0.94,203.0,0.07,53.93,0.06,683.0,0.08,45.0,0.09,346.15,0.01,0.01,2340.351434,1776265459000
1776265460.945,260.945,0.92,231.6,0.91,179.78,0.93,527.47,0.94,203.0,0.07,477.47,0.06,86.0,0.08,91.4,0.09,346.15,0.01,0.01,2340.40212,1776265460000
1776265462.669,262.669,0.92,345.02,0.91,94.78,0.94,5.0,0.95,60.0,0.07,527.47,0.06,203.0,0.08,231.6,0.09,179.78,0.02,0.01,2340.36721,1776265461000
1776265462.993,262.993,0.93,63.0,0.92,634.5,0.95,560.15,0.96,115.53,0.05,13.08,0.04,293.53,0.07,10.0,0.08,345.02,0.02,0.02,2340.36721,1776265461000
1776265463.199,263.199,0.94,43.0,0.93,149.5,0.95,449.99,0.96,115.53,0.05,560.15,0.04,115.53,0.07,63.0,0.08,634.5,0.01,0.02,2340.36721,1776265461000
1776265464.598,264.598,0.94,53.0,0.93,149.5,0.95,5.0,0.96,218.53,0.05,428.69,0.04,232.53,0.06,48.0,0.07,149.5,0.01,0.01,2340.3363,1776265463000
1776265467.344,267.344,0.97,707.0,0.96,245.0,0.98,175.97,0.99,229.04,0.05,5.0,0.04,218.53,0.06,53.0,0.07,149.5,0.01,0.01,2340.459285,1776265465000
1776265467.62,267.62,0.97,712.0,0.96,255.0,0.98,118.47,0.99,234.04,0.02,175.97,0.01,229.04,0.03,707.0,0.04,245.0,0.01,0.01,2340.520328,1776265466000
1776265467.963,267.963,0.97,10.0,0.96,224.0,0.98,96.95,0.99,355.04,0.02,101.95,0.01,234.04,0.03,55.0,0.04,837.0,0.01,0.01,2340.520328,1776265466000
1776265468.325,268.325,0.97,5.94,0.96,704.0,0.98,109.95,0.99,403.04,0.02,96.95,0.01,355.04,0.03,10.0,0.04,224.0,0.01,0.01,2340.539532,1776265467000
1776265469.21,269.21,0.97,517.94,0.96,346.0,0.98,108.92,0.99,259.04,0.02,109.95,0.01,229.04,0.03,557.94,0.04,346.0,0.01,0.01,2340.539532,1776265467000
1776265469.493,269.493,0.97,517.94,0.96,346.0,0.98,101.92,0.99,248.04,0.02,108.92,0.01,259.04,0.03,517.94,0.04,346.0,0.01,0.01,2341.00977,1776265468000
1776265470.791,270.791,0.97,583.27,0.96,70.0,0.99,226.95,,,0.02,101.92,0.01,248.04,0.03,451.27,0.04,346.0,0.02,0.01,2341.043183,1776265469000
1776265471.222,271.222,0.97,26.0,0.96,657.0,0.98,123.0,0.99,234.95,0.01,226.95,,,0.03,583.27,0.04,70.0,0.01,0.02,2341.043183,1776265470000
1776265472.654,272.654,0.97,653.0,0.96,70.0,0.98,101.15,0.99,221.95,0.02,118.15,0.01,256.95,0.03,26.0,0.04,657.0,0.01,0.01,2341.043183,1776265470000
1776265473.147,273.147,0.97,638.0,0.96,75.0,0.98,50.12,0.99,228.93,0.02,101.15,0.01,221.95,0.03,653.0,0.04,70.0,0.01,0.01,2341.079875,1776265471000
1776265473.509,273.509,0.96,114.0,0.95,545.96,0.97,53.0,0.98,127.12,0.02,50.12,0.01,228.93,0.03,638.0,0.04,75.0,0.01,0.01,2340.985784,1776265472000
1776265473.721,273.721,0.95,25.86,0.94,18.0,0.96,4.8,0.97,53.0,0.03,53.0,0.02,127.12,0.04,114.0,0.05,545.96,0.01,0.01,2340.985784,1776265472000
1776265474.911,274.911,0.95,4.86,0.94,151.0,0.96,179.8,0.97,58.0,0.04,4.8,0.03,53.0,0.05,25.86,0.06,18.0,0.01,0.01,2341.018645,1776265473000
1776265475.128,275.128,0.95,4.86,0.94,151.0,0.96,152.01,0.97,76.0,0.04,179.8,0.03,58.0,0.05,4.86,0.06,151.0,0.01,0.01,2341.018645,1776265473000
1776265476.2,276.2,0.95,170.86,0.94,495.0,0.96,28.0,0.97,160.0,0.04,150.96,0.03,69.0,0.05,4.86,0.06,151.0,0.01,0.01,2340.383491,1776265475000
1776265476.99,276.99,0.95,170.86,0.94,495.0,0.96,26.95,0.97,160.0,0.04,28.0,0.03,160.0,0.05,170.86,0.06,495.0,0.01,0.01,2340.383491,1776265475000
1776265477.362,277.362,0.95,120.86,0.94,512.0,0.96,26.95,0.97,170.0,0.04,26.95,0.03,160.0,0.05,170.86,0.06,495.0,0.01,0.01,2340.194175,1776265476000
1776265477.843,277.843,0.95,130.86,0.94,517.0,0.97,147.68,0.98,15.0,0.04,26.95,0.03,170.0,0.05,120.86,0.06,512.0,0.02,0.01,2340.194175,1776265476000
1776265478.528,278.528,0.96,33.0,0.95,628.86,0.97,117.68,0.98,10.0,0.03,147.68,0.02,15.0,0.05,130.86,0.06,517.0,0.01,0.02,2340.21841,1776265477000
1776265479.255,279.255,0.95,133.26,0.94,490.0,0.97,117.68,0.98,10.0,0.03,107.68,0.02,10.0,0.04,33.0,0.05,148.86,0.02,0.01,2340.21841,1776265477000
1776265479.646,279.646,0.93,3.0,0.92,117.0,0.94,10.0,0.95,40.0,0.03,117.68,0.02,10.0,0.05,133.26,0.06,490.0,0.01,0.02,2340.263555,1776265478000
1776265480.019,280.019,0.92,147.0,0.91,10.0,0.94,18.55,0.95,169.0,0.06,13.55,0.05,169.0,0.08,1.94,0.09,20.0,0.02,0.02,2340.263555,1776265478000
1776265480.224,280.224,0.93,9.9,0.92,127.5,0.94,5.0,0.95,10.0,0.04,219.17,0.03,98.0,0.07,9.9,0.08,92.5,0.01,0.03,2340.263555,1776265478000
1776265480.473,280.473,0.91,21.0,0.9,143.11,0.92,8.91,0.93,10.0,0.05,10.0,0.04,219.17,0.07,19.9,0.08,132.5,0.01,0.02,2340.23071,1776265479000
1776265482.046,282.046,0.92,10.0,0.91,254.55,0.94,32.55,0.95,27.0,0.08,25.0,0.07,10.0,0.09,137.55,0.1,143.11,0.02,0.01,2340.194988,1776265480000
1776265482.28,282.28,0.91,185.35,0.9,16.11,0.94,25.0,0.95,135.0,0.07,11.0,0.06,35.0,0.09,225.35,0.1,16.11,0.03,0.02,2340.194988,1776265480000
1776265483.628,283.628,0.92,18.52,0.91,19.78,0.93,30.0,0.94,202.0,0.06,25.0,0.05,127.0,0.09,125.36,0.1,34.11,0.01,0.03,2339.787766,1776265482000
1776265483.85,283.85,0.89,322.0,0.88,161.0,0.91,93.76,0.92,10.0,0.09,70.2,0.08,10.0,0.11,312.0,0.12,140.0,0.02,0.02,2339.787766,1776265482000
1776265484.318,284.318,0.89,190.0,0.88,156.0,0.9,67.81,0.91,93.76,0.1,3.93,0.09,93.76,0.11,307.0,0.12,166.0,0.01,0.01,2339.663235,1776265483000
1776265484.723,284.723,0.88,111.0,0.87,212.0,0.89,65.8,0.9,50.81,0.1,65.81,0.09,93.76,0.11,190.0,0.12,156.0,0.01,0.01,2339.663235,1776265483000
1776265485.026,285.026,0.87,93.48,0.86,124.0,0.88,15.0,0.89,44.18,0.11,60.0,0.1,50.81,0.13,212.0,0.14,119.0,0.01,0.02,2339.631573,1776265484000
1776265485.304,285.304,0.87,7.42,0.86,236.0,0.88,14.94,0.89,19.18,0.12,25.0,0.11,44.18,0.13,12.42,0.14,124.0,0.01,0.01,2339.631573,1776265484000
1776265485.824,285.824,0.86,219.2,0.85,352.88,0.87,14.94,0.88,4.94,0.12,4.94,0.11,19.18,0.14,236.0,0.15,240.88,0.01,0.02,2339.631573,1776265484000
1776265486.295,286.295,0.86,138.51,0.85,230.88,0.87,10.0,0.88,16.94,0.13,14.94,0.12,4.94,0.14,219.2,0.15,352.88,0.01,0.01,2339.631573,1776265484000
1776265486.563,286.563,0.86,98.51,0.85,235.88,0.87,13.85,0.88,16.94,0.13,8.85,0.12,16.94,0.14,138.51,0.15,230.88,0.01,0.01,2339.631573,1776265484000
1776265486.8,286.8,0.86,184.93,0.85,264.88,0.87,10.0,0.88,4.94,0.13,1.35,0.12,16.94,0.14,103.51,0.15,264.88,0.01,0.01,2339.424038,1776265485000
1776265487.176,287.176,0.89,5.45,0.88,20.0,0.91,89.7,0.92,130.0,0.13,10.0,0.12,4.94,0.14,184.93,0.15,264.88,0.02,0.01,2339.359675,1776265486000
1776265487.515,287.515,0.89,5.45,0.88,31.0,0.91,89.7,0.93,10.0,0.09,89.7,0.08,130.0,0.11,5.45,0.12,20.0,0.02,0.02,2339.359675,1776265486000
1776265487.841,287.841,0.9,10.0,0.89,140.45,0.91,95.5,0.92,10.0,0.09,91.79,0.07,10.0,0.1,10.0,0.11,5.45,0.01,0.01,2339.359675,1776265486000
1776265488.68,288.68,0.91,20.0,0.9,15.0,0.92,0.25,0.93,10.0,0.09,6.35,0.08,10.0,0.1,20.0,0.11,140.45,0.01,0.01,2339.24307,1776265487000
1776265489.319,289.319,0.92,20.04,0.91,137.0,0.93,87.98,0.94,127.0,0.07,35.98,0.06,127.0,0.09,20.0,0.1,150.0,0.01,0.02,2339.242367,1776265488000
1776265489.813,289.813,0.92,4.04,0.91,22.0,0.93,160.98,0.94,10.0,0.07,87.98,0.06,127.0,0.08,20.04,0.09,137.0,0.01,0.01,2339.242367,1776265488000
1776265490.2,290.2,0.9,5.0,0.88,127.0,0.91,38.0,0.92,23.0,0.07,204.98,0.06,10.0,0.09,22.0,0.12,10.0,0.01,0.02,2339.242367,1776265488000
1776265490.537,290.537,0.9,27.0,0.89,10.0,0.91,12.0,0.93,13.98,0.09,38.0,0.08,23.0,0.1,5.0,0.12,127.0,0.01,0.01,2339.377001,1776265489000
1776265491.325,291.325,0.92,29.0,0.91,15.0,0.94,118.79,0.95,10.0,0.07,8.98,0.06,127.0,0.1,37.0,0.11,10.0,0.02,0.03,2339.308085,1776265490000
1776265491.969,291.969,0.97,15.0,0.96,60.0,0.99,328.83,,,0.06,118.79,0.05,10.0,0.08,29.0,0.09,15.0,0.02,0.02,2339.308085,1776265490000
1776265492.529,292.529,0.97,10.66,0.96,89.0,0.99,326.02,,,0.01,328.83,,,0.03,15.0,0.04,60.0,0.02,0.02,2339.284376,1776265491000
1776265492.759,292.759,0.97,20.66,0.96,65.0,0.99,279.94,,,0.01,309.94,,,0.03,25.66,0.04,65.0,0.02,0.02,2339.284376,1776265491000
1776265493.04,293.04,0.97,50.66,0.96,60.0,0.99,274.88,,,0.01,279.94,,,0.03,20.66,0.04,65.0,0.02,0.02,2339.284376,1776265491000
1776265493.315,293.315,0.97,25.66,0.96,60.0,0.99,244.88,,,0.01,274.88,,,0.03,50.66,0.04,60.0,0.02,0.02,2339.284376,1776265491000
1776265493.587,293.587,0.97,25.66,0.96,60.0,0.99,142.88,,,0.01,244.88,,,0.03,25.66,0.04,60.0,0.02,0.02,2339.311763,1776265492000
1776265493.789,293.789,0.97,30.66,0.96,125.0,0.99,130.73,,,0.01,127.73,,,0.03,35.66,0.04,120.0,0.02,0.02,2339.311763,1776265492000
1776265494.206,294.206,0.97,30.66,0.96,125.0,0.99,23.73,,,0.01,130.73,,,0.03,30.66,0.04,125.0,0.02,0.02,2339.599615,1776265493000
1776265494.624,294.624,0.97,35.66,0.96,125.0,0.99,2.5,,,0.01,3.52,,,0.03,35.66,0.04,125.0,0.02,0.02,2339.599615,1776265493000
1776265495.175,295.175,0.98,5.0,0.97,25.66,0.99,10.0,,,,,,,0.03,35.66,0.04,125.0,0.01,,2339.599615,1776265493000
1776265495.507,295.507,0.97,16.65,0.96,65.0,,,,,,,,,0.01,5.99,0.03,20.66,,,2339.81988,1776265494000
1776265495.739,295.739,0.98,10.0,0.97,10.0,0.99,2489.85,,,,,,,0.04,61.7,0.05,10.0,0.01,,2339.81988,1776265494000
1776265496.0,296.0,0.98,10.0,0.97,15.0,0.99,2339.85,,,0.01,2489.85,,,0.02,10.0,0.03,10.0,0.01,0.01,2339.81988,1776265494000
1776265496.207,296.207,0.98,10.0,0.97,15.0,0.99,2264.64,,,0.01,2289.85,,,0.02,10.0,0.03,15.0,0.01,0.01,2339.81988,1776265494000
1776265496.426,296.426,0.98,15.0,0.97,10.0,0.99,2199.1,,,0.01,2200.21,,,0.02,10.0,0.03,15.0,0.01,0.01,2339.900135,1776265495000
1776265496.727,296.727,0.98,20.0,0.97,10.0,0.99,2064.97,,,0.01,2089.97,,,0.02,15.0,0.03,10.0,0.01,0.01,2339.900135,1776265495000
1776265497.21,297.21,0.98,20.0,0.97,10.0,0.99,2053.9,,,0.01,2063.9,,,0.02,20.0,0.03,10.0,0.01,0.01,2339.768899,1776265496000
1776265497.411,297.411,0.98,20.0,0.97,10.0,0.99,1989.43,,,0.01,2003.17,,,0.02,20.0,0.03,10.0,0.01,0.01,2339.768899,1776265496000
1776265497.611,297.611,0.98,20.0,0.97,10.0,0.99,515.5,,,0.01,521.5,,,0.02,20.0,0.03,10.0,0.01,0.01,2339.768899,1776265496000
1776265500.433,300.433,0.99,59949.89,0.98,123.0,,,,,,,,,0.01,5.0,0.02,20.0,,,2339.864426,1776265499000

# RESULT,winner=Up,slug=eth-updown-5m-1776265200,ticks=452
