timestamp,elapsed_sec,up_bid_p1,up_bid_s1,up_bid_p2,up_bid_s2,up_ask_p1,up_ask_s1,up_ask_p2,up_ask_s2,down_bid_p1,down_bid_s1,down_bid_p2,down_bid_s2,down_ask_p1,down_ask_s1,down_ask_p2,down_ask_s2,up_spread,down_spread,eth_price,eth_oracle_ts
1776269701.03,1.03,0.47,10.0,0.46,5.0,0.52,4.0,0.6,38.0,0.48,4.0,0.4,38.0,0.53,10.0,0.54,5.0,0.05,0.05,2341.849992,1776269699000
1776269701.3,1.3,0.48,150.0,0.47,10.0,0.63,12.0,0.64,13.89,0.4,38.0,0.39,34.0,0.53,10.0,0.54,5.0,0.15,0.13,2341.945322,1776269700000
1776269702.09,2.09,0.6,0.2,0.58,5.0,0.64,18.89,0.65,15.0,0.37,12.0,0.36,13.89,0.52,150.0,0.53,10.0,0.04,0.15,2341.945322,1776269700000
1776269702.343,2.343,0.57,4.38,0.56,5.0,0.64,12.22,0.67,300.0,0.36,13.89,0.34,15.0,0.43,4.38,0.44,5.0,0.07,0.07,2341.945322,1776269700000
1776269702.774,2.774,0.58,6.0,0.56,11.0,0.67,293.22,0.68,11.0,0.33,293.22,0.32,11.0,0.53,10.0,0.54,13.0,0.09,0.2,2342.12,1776269701000
1776269703.233,3.233,0.65,6.81,0.64,10.0,0.67,33.0,0.68,22.0,0.33,315.22,0.32,22.0,0.39,10.48,0.42,1.0,0.02,0.06,2342.12,1776269701000
1776269703.658,3.658,0.67,10.0,0.66,15.0,0.69,375.68,0.7,22.0,0.33,38.0,0.32,22.0,0.35,1.81,0.36,10.0,0.02,0.02,2342.12,1776269701000
1776269704.023,4.023,0.68,4.76,0.67,10.0,0.69,375.68,0.7,22.0,0.31,375.68,0.3,22.0,0.32,0.72,0.33,10.0,0.01,0.01,2343.372062,1776269702000
1776269704.364,4.364,0.67,15.0,0.66,10.0,0.69,380.81,0.7,37.0,0.32,1.24,0.31,370.68,0.33,10.0,0.34,10.0,0.02,0.01,2343.52303,1776269703000
1776269704.593,4.593,0.67,9.0,0.66,15.0,0.69,395.61,0.7,37.0,0.31,409.61,0.3,37.0,0.32,10.0,0.33,10.0,0.02,0.01,2343.52303,1776269703000
1776269705.569,5.569,0.68,54.97,0.67,109.0,0.69,138.0,0.7,137.0,0.31,395.61,0.3,37.0,0.33,9.0,0.34,15.0,0.01,0.02,2343.366292,1776269704000
1776269705.819,5.819,0.68,49.97,0.67,159.0,0.69,139.0,0.7,137.0,0.31,138.0,0.3,137.0,0.32,54.97,0.33,109.0,0.01,0.01,2343.366292,1776269704000
1776269706.248,6.248,0.66,1.7,0.65,1.81,0.67,115.0,0.68,230.09,0.31,139.0,0.3,137.0,0.32,49.97,0.33,159.0,0.01,0.01,2343.527398,1776269705000
1776269706.94,6.94,0.56,5.0,0.55,155.0,0.57,9.1,0.58,15.0,0.33,110.0,0.32,230.09,0.36,10.0,0.37,160.0,0.01,0.03,2343.527398,1776269705000
1776269707.237,7.237,0.55,58.0,0.54,78.0,0.56,15.0,0.57,14.1,0.44,10.0,0.43,14.1,0.45,130.0,0.46,150.0,0.01,0.01,2343.603421,1776269706000
1776269707.549,7.549,0.59,7.42,0.58,15.18,0.6,10.0,0.61,40.0,0.43,8.48,0.42,15.0,0.45,40.55,0.46,50.0,0.01,0.02,2343.603421,1776269706000
1776269707.989,7.989,0.6,4.25,0.59,2.42,0.61,5.0,0.62,5.0,0.4,10.0,0.39,35.0,0.41,2.42,0.42,20.18,0.01,0.01,2343.603421,1776269706000
1776269708.507,8.507,0.6,26.75,0.59,7.42,0.61,1.72,0.64,100.0,0.39,5.0,0.38,5.0,0.4,1.75,0.41,2.42,0.01,0.01,2343.351882,1776269707000
1776269709.033,9.033,0.6,41.75,0.59,2.42,0.61,7.91,0.64,100.0,0.39,1.72,0.36,100.0,0.4,31.75,0.41,7.42,0.01,0.01,2343.351882,1776269707000
1776269710.347,10.347,0.65,64.85,0.64,65.0,0.66,45.0,0.67,201.0,0.36,100.0,0.35,100.0,0.4,41.75,0.41,2.42,0.01,0.04,2342.754155,1776269708000
1776269711.282,11.282,0.65,9.46,0.64,22.0,0.66,190.0,0.67,265.5,0.34,55.0,0.33,201.0,0.35,9.85,0.36,65.0,0.01,0.01,2343.4186,1776269710000
1776269711.84,11.84,0.65,49.5,0.64,37.5,0.66,110.0,0.67,266.5,0.34,190.0,0.33,265.5,0.35,9.46,0.36,22.0,0.01,0.01,2343.4186,1776269710000
1776269712.505,12.505,0.67,21.13,0.66,30.5,0.68,90.0,0.69,105.5,0.34,23.0,0.33,266.5,0.35,64.5,0.36,37.5,0.01,0.01,2343.398265,1776269711000
1776269713.83,13.83,0.67,368.13,0.66,277.5,0.68,23.39,0.71,10.0,0.32,90.0,0.31,105.5,0.33,21.13,0.34,30.5,0.01,0.01,2343.3869,1776269712000
1776269714.396,14.396,0.72,23.35,0.71,10.0,0.73,10.0,0.74,21.0,0.27,50.0,0.26,21.0,0.32,97.47,0.33,333.13,0.01,0.05,2343.3869,1776269712000
1776269715.256,15.256,0.73,20.0,0.72,30.5,0.74,64.5,0.75,50.5,0.26,31.5,0.25,17.5,0.28,21.0,0.29,21.0,0.01,0.02,2343.55886,1776269714000
1776269715.498,15.498,0.73,87.0,0.72,41.5,0.74,8.23,0.75,25.0,0.26,13.23,0.25,25.0,0.27,87.0,0.28,41.5,0.01,0.01,2343.55886,1776269714000
1776269716.322,16.322,0.73,4.0,0.72,20.0,0.74,40.73,0.75,25.5,0.26,8.23,0.25,25.0,0.27,87.0,0.28,41.5,0.01,0.01,2344.3557,1776269715000
1776269716.789,16.789,0.72,49.0,0.71,10.0,0.73,89.1,0.74,83.73,0.26,50.73,0.25,25.5,0.28,20.0,0.29,15.0,0.01,0.02,2344.3557,1776269715000
1776269717.019,17.019,0.72,25.0,0.71,30.5,0.73,78.31,0.74,98.73,0.27,81.97,0.26,103.73,0.28,25.0,0.29,20.0,0.01,0.01,2344.3557,1776269715000
1776269717.574,17.574,0.73,92.5,0.72,95.5,0.74,12.23,0.76,142.0,0.27,78.31,0.26,98.73,0.28,25.0,0.29,30.5,0.01,0.01,2344.349553,1776269716000
1776269717.989,17.989,0.73,37.5,0.72,91.5,0.74,10.14,0.75,15.5,0.26,12.23,0.24,142.0,0.27,92.5,0.28,95.5,0.01,0.01,2344.349553,1776269716000
1776269718.836,18.836,0.73,60.5,0.72,106.5,0.74,24.69,0.75,16.0,0.26,10.14,0.25,15.5,0.27,37.5,0.28,91.5,0.01,0.01,2344.28735,1776269717000
1776269719.098,19.098,0.73,60.46,0.72,115.5,0.74,47.89,0.75,33.0,0.26,24.69,0.25,16.0,0.27,45.46,0.28,106.5,0.01,0.01,2344.28735,1776269717000
1776269719.73,19.73,0.73,70.46,0.72,106.5,0.75,38.33,0.76,130.5,0.26,47.89,0.25,33.0,0.27,60.46,0.28,115.5,0.02,0.01,2344.354955,1776269718000
1776269719.967,19.967,0.74,86.5,0.73,121.46,0.75,81.0,0.76,151.5,0.25,38.33,0.24,130.5,0.27,70.46,0.28,106.5,0.01,0.02,2344.354955,1776269718000
1776269720.429,20.429,0.74,4.0,0.73,21.96,0.75,189.01,0.76,146.5,0.25,79.24,0.24,164.5,0.26,76.5,0.27,126.46,0.01,0.01,2344.424666,1776269719000
1776269720.713,20.713,0.73,15.96,0.72,53.5,0.75,10.0,0.76,120.0,0.25,189.01,0.24,146.5,0.26,4.0,0.27,21.96,0.02,0.01,2344.424666,1776269719000
1776269721.271,21.271,0.75,103.12,0.74,20.5,0.77,5.0,0.78,45.0,0.24,125.0,0.23,60.0,0.26,20.5,0.27,35.46,0.02,0.02,2344.464905,1776269720000
1776269721.966,21.966,0.76,28.52,0.75,53.5,0.78,35.0,0.79,120.5,0.23,5.0,0.22,55.5,0.24,25.83,0.25,115.62,0.02,0.01,2344.464905,1776269720000
1776269722.286,22.286,0.76,7.27,0.75,48.5,0.78,140.03,0.79,113.5,0.22,35.0,0.21,120.5,0.24,28.52,0.25,53.5,0.02,0.02,2344.385182,1776269721000
1776269722.817,22.817,0.77,10.0,0.76,7.27,0.78,136.53,0.79,125.01,0.22,140.03,0.21,113.5,0.24,7.27,0.25,48.5,0.01,0.02,2344.385182,1776269721000
1776269723.275,23.275,0.77,10.0,0.76,77.77,0.78,216.17,0.79,205.01,0.22,136.53,0.21,125.01,0.23,10.0,0.24,7.27,0.01,0.01,2344.714505,1776269722000
1776269723.859,23.859,0.78,20.0,0.77,70.5,0.79,157.5,0.8,97.55,0.22,216.17,0.21,205.01,0.23,10.0,0.24,77.77,0.01,0.01,2344.714505,1776269722000
1776269724.116,24.116,0.78,15.0,0.77,20.5,0.79,114.5,0.8,97.55,0.21,157.5,0.2,97.55,0.22,20.0,0.23,70.5,0.01,0.01,2344.785453,1776269723000
1776269725.187,25.187,0.78,15.0,0.77,10.0,0.79,196.77,0.8,307.83,0.21,113.17,0.2,97.55,0.22,15.0,0.23,20.5,0.01,0.01,2344.799287,1776269724000
1776269725.499,25.499,0.76,86.91,0.75,124.0,0.79,193.77,0.8,347.83,0.21,171.77,0.2,307.83,0.23,3.0,0.24,97.77,0.03,0.02,2344.799287,1776269724000
1776269726.297,26.297,0.75,30.0,0.74,25.0,0.76,20.02,0.77,172.5,0.21,193.77,0.2,347.83,0.24,86.91,0.25,124.0,0.01,0.03,2344.771115,1776269725000
1776269726.794,26.794,0.74,25.0,0.73,30.0,0.76,180.02,0.77,156.5,0.24,20.02,0.23,172.5,0.25,30.0,0.26,25.0,0.02,0.01,2344.771115,1776269725000
1776269727.148,27.148,0.74,25.0,0.73,30.0,0.75,161.36,0.76,176.5,0.24,180.02,0.23,156.5,0.26,25.0,0.27,30.0,0.01,0.02,2344.771115,1776269725000
1776269727.99,27.99,0.75,20.5,0.74,140.5,0.76,71.34,0.77,88.5,0.25,161.36,0.24,176.5,0.26,25.0,0.27,30.0,0.01,0.01,2344.802405,1776269726000
1776269728.503,28.503,0.76,51.0,0.75,10.0,0.77,18.13,0.78,70.0,0.24,69.68,0.23,88.5,0.25,30.5,0.26,135.5,0.01,0.01,2344.432208,1776269727000
1776269729.569,29.569,0.76,59.68,0.75,25.0,0.77,8.81,0.78,15.0,0.23,18.13,0.22,70.0,0.24,51.0,0.25,10.0,0.01,0.01,2344.424225,1776269728000
1776269729.935,29.935,0.76,74.68,0.75,43.5,0.78,15.0,0.79,62.0,0.23,8.81,0.22,15.0,0.24,59.68,0.25,25.0,0.02,0.01,2344.424225,1776269728000
1776269730.296,30.296,0.76,48.68,0.75,10.0,0.77,117.4,0.78,20.0,0.23,8.9,0.22,15.0,0.24,59.68,0.25,35.5,0.01,0.01,2344.562135,1776269729000
1776269730.53,30.53,0.73,55.0,0.72,105.0,0.75,2.86,0.76,105.55,0.24,95.55,0.23,133.0,0.25,10.0,0.26,10.0,0.02,0.01,2344.562135,1776269729000
1776269730.896,30.896,0.73,45.0,0.72,95.0,0.74,31.66,0.75,28.86,0.25,2.86,0.24,105.55,0.27,55.0,0.28,105.0,0.01,0.02,2344.562135,1776269729000
1776269731.846,31.846,0.72,40.0,0.71,80.0,0.73,8.53,0.74,39.0,0.26,31.66,0.25,28.86,0.27,45.0,0.28,95.0,0.01,0.01,2344.656325,1776269730000
1776269732.642,32.642,0.72,40.0,0.71,80.0,0.73,39.03,0.74,16.68,0.27,8.53,0.26,39.0,0.28,40.0,0.29,80.0,0.01,0.01,2344.503793,1776269731000
1776269733.751,33.751,0.72,36.0,0.71,134.0,0.73,112.5,0.74,86.68,0.27,24.44,0.26,21.68,0.28,40.0,0.29,110.0,0.01,0.01,2344.01742,1776269732000
1776269734.165,34.165,0.72,3.0,0.71,115.0,0.73,143.0,0.74,122.68,0.27,112.5,0.26,86.68,0.28,36.0,0.29,134.0,0.01,0.01,2344.01742,1776269732000
1776269734.601,34.601,0.72,19.42,0.71,170.5,0.73,90.7,0.74,71.68,0.27,116.2,0.26,122.68,0.28,8.0,0.29,105.0,0.01,0.01,2344.15345,1776269733000
1776269735.199,35.199,0.72,10.0,0.71,110.0,0.73,179.41,0.74,157.68,0.27,84.7,0.26,71.68,0.28,15.0,0.29,160.0,0.01,0.01,2344.15345,1776269733000
1776269736.143,36.143,0.71,130.0,0.7,375.5,0.72,138.0,0.73,96.7,0.27,179.41,0.26,157.68,0.28,10.0,0.29,110.0,0.01,0.01,2344.090127,1776269734000
1776269736.441,36.441,0.72,14.28,0.71,195.5,0.73,134.7,0.74,118.0,0.28,80.18,0.27,101.7,0.29,185.0,0.3,385.5,0.01,0.01,2344.051603,1776269735000
1776269737.138,37.138,0.72,177.81,0.71,333.18,0.73,4.0,0.74,40.0,0.27,134.7,0.26,118.0,0.28,14.28,0.29,195.5,0.01,0.01,2344.051603,1776269735000
1776269737.732,37.732,0.74,60.02,0.73,107.18,0.75,10.0,0.76,50.0,0.26,40.0,0.25,20.0,0.28,185.49,0.29,233.18,0.01,0.02,2344.025586,1776269736000
1776269738.604,38.604,0.77,25.0,0.76,91.5,0.78,63.32,0.79,278.5,0.25,10.0,0.24,50.0,0.26,60.02,0.27,107.18,0.01,0.01,2343.99287,1776269737000
1776269739.393,39.393,0.77,36.3,0.76,101.5,0.78,58.32,0.79,267.5,0.22,63.32,0.21,278.5,0.23,25.0,0.24,91.5,0.01,0.01,2344.301747,1776269738000
1776269740.796,40.796,0.77,21.0,0.76,10.0,0.78,106.5,0.79,284.5,0.22,56.65,0.21,283.5,0.23,31.3,0.24,101.5,0.01,0.01,2344.520371,1776269739000
1776269741.559,41.559,0.78,68.95,0.77,110.18,0.79,217.0,0.8,125.0,0.22,106.5,0.21,284.5,0.23,21.0,0.24,10.0,0.01,0.01,2344.568624,1776269740000
1776269741.976,41.976,0.78,78.95,0.77,86.81,0.79,165.0,0.8,150.55,0.21,217.0,0.2,125.0,0.22,68.95,0.23,110.18,0.01,0.01,2344.568624,1776269740000
1776269742.887,42.887,0.77,15.5,0.76,103.81,0.78,25.0,0.79,222.5,0.21,165.0,0.2,150.55,0.22,78.95,0.23,86.81,0.01,0.01,2344.66677,1776269741000
1776269743.162,43.162,0.77,25.5,0.76,86.81,0.78,123.64,0.79,261.5,0.22,25.0,0.21,222.5,0.23,15.5,0.24,103.81,0.01,0.01,2344.66677,1776269741000
1776269744.254,44.254,0.77,41.5,0.76,81.5,0.78,68.65,0.79,231.5,0.22,123.64,0.21,261.5,0.23,25.5,0.24,86.81,0.01,0.01,2344.694416,1776269742000
1776269745.918,45.918,0.77,15.5,0.76,5.0,0.78,39.11,0.79,258.5,0.22,51.5,0.21,231.5,0.23,46.5,0.24,81.5,0.01,0.01,2344.738044,1776269744000
1776269746.456,46.456,0.77,10.5,0.76,5.0,0.78,120.95,0.79,246.5,0.22,75.8,0.21,246.5,0.23,10.5,0.24,5.0,0.01,0.01,2344.767254,1776269745000
1776269747.18,47.18,0.75,10.0,0.74,75.0,0.78,235.16,0.79,295.2,0.22,130.66,0.21,246.5,0.23,10.5,0.24,5.0,0.03,0.01,2344.767254,1776269745000
1776269747.948,47.948,0.74,55.0,0.73,105.5,0.75,136.86,0.76,130.01,0.24,106.01,0.23,66.5,0.26,85.5,0.27,100.5,0.01,0.02,2344.711034,1776269747000
1776269750.73,50.73,0.72,25.0,0.71,261.5,0.74,97.5,0.75,103.5,0.25,136.86,0.24,130.01,0.26,55.0,0.27,105.5,0.02,0.01,2344.456796,1776269749000
1776269751.019,51.019,0.72,15.0,0.71,261.5,0.73,94.0,0.74,75.0,0.26,97.5,0.25,103.5,0.28,25.0,0.29,261.5,0.01,0.02,2344.20994,1776269750000
1776269751.454,51.454,0.72,15.0,0.71,261.5,0.73,94.89,0.74,75.0,0.27,94.0,0.26,75.0,0.28,15.0,0.29,261.5,0.01,0.01,2344.20994,1776269750000
1776269754.971,54.971,0.71,50.0,0.7,365.0,0.72,174.39,0.73,173.69,0.27,94.89,0.26,75.0,0.28,15.0,0.29,261.5,0.01,0.01,2344.12237,1776269753000
1776269756.362,56.362,0.7,360.0,0.69,110.0,0.71,147.35,0.72,190.39,0.28,174.39,0.27,173.69,0.29,50.0,0.3,365.0,0.01,0.01,2343.992156,1776269755000
1776269757.412,57.412,0.67,110.0,0.66,80.0,0.68,20.5,0.69,277.23,0.29,147.35,0.28,190.39,0.3,360.0,0.31,110.0,0.01,0.01,2343.868196,1776269756000
1776269757.717,57.717,0.64,308.61,0.63,25.0,0.67,40.5,0.68,164.5,0.32,20.5,0.31,277.23,0.33,110.0,0.34,80.0,0.03,0.01,2343.868196,1776269756000
1776269758.547,58.547,0.64,19.61,0.62,68.69,0.65,32.0,0.66,75.5,0.33,40.5,0.32,164.5,0.36,308.61,0.37,25.0,0.01,0.03,2343.627435,1776269757000
1776269758.924,58.924,0.62,24.69,0.61,58.83,0.63,15.0,0.64,26.0,0.35,31.88,0.34,75.5,0.38,18.69,0.39,53.83,0.01,0.03,2343.627435,1776269757000
1776269759.14,59.14,0.61,68.83,0.6,206.0,0.63,20.0,0.64,31.0,0.37,15.0,0.36,26.0,0.38,24.69,0.39,58.83,0.02,0.01,2343.241768,1776269758000
1776269760.132,60.132,0.61,52.16,0.6,229.59,0.63,65.0,0.64,107.5,0.37,20.0,0.36,31.0,0.39,68.83,0.4,206.0,0.02,0.02,2342.923412,1776269759000
1776269760.442,60.442,0.61,42.16,0.6,266.5,0.62,77.91,0.63,84.0,0.37,65.0,0.36,107.5,0.39,52.16,0.4,229.59,0.01,0.02,2342.923412,1776269759000
1776269761.046,61.046,0.61,102.16,0.6,266.5,0.62,7.75,0.63,79.0,0.38,77.91,0.37,84.0,0.39,42.16,0.4,266.5,0.01,0.01,2342.923412,1776269759000
1776269762.524,62.524,0.61,21.66,0.6,201.0,0.62,143.5,0.63,119.5,0.38,7.75,0.37,79.0,0.39,102.16,0.4,266.5,0.01,0.01,2342.949987,1776269760000
1776269762.748,62.748,0.6,179.0,0.59,18.61,0.61,64.23,0.62,88.87,0.39,37.34,0.38,122.37,0.4,172.0,0.41,18.61,0.01,0.01,2343.051116,1776269761000
1776269763.442,63.442,0.6,16.0,0.59,18.61,0.61,341.36,0.62,128.37,0.39,64.23,0.38,88.87,0.4,179.0,0.41,18.61,0.01,0.01,2343.059226,1776269762000
1776269763.689,63.689,0.58,14.71,0.57,233.93,0.6,30.5,0.61,365.5,0.4,20.5,0.39,360.5,0.41,3.61,0.42,72.72,0.02,0.01,2343.059226,1776269762000
1776269763.957,63.957,0.57,1.35,0.54,150.0,0.58,155.5,0.59,66.51,0.42,25.5,0.41,56.51,0.43,28.87,0.44,75.0,0.01,0.01,2343.059226,1776269762000
1776269764.19,64.19,0.49,1.0,0.48,155.01,0.5,15.0,0.51,60.0,0.47,10.63,0.45,10.0,0.51,11.0,0.52,150.01,0.01,0.04,2342.999477,1776269763000
1776269765.078,65.078,0.48,169.41,0.47,124.0,0.49,23.89,0.5,25.0,0.5,15.0,0.49,60.0,0.51,1.0,0.52,155.01,0.01,0.01,2342.999477,1776269763000
1776269765.411,65.411,0.48,163.62,0.47,105.0,0.49,21.31,0.5,20.0,0.51,22.56,0.5,20.0,0.52,162.62,0.53,111.0,0.01,0.01,2342.852511,1776269764000
1776269766.013,66.013,0.49,113.0,0.48,169.12,0.5,40.21,0.51,86.62,0.5,18.0,0.49,26.12,0.51,115.5,0.52,179.62,0.01,0.01,2342.852511,1776269764000
1776269766.244,66.244,0.49,93.58,0.48,153.12,0.5,80.21,0.51,86.62,0.5,40.21,0.49,86.62,0.51,113.0,0.52,169.12,0.01,0.01,2342.852511,1776269764000
1776269766.582,66.582,0.48,156.12,0.47,115.5,0.5,64.21,0.51,91.62,0.5,80.21,0.49,86.62,0.51,93.58,0.52,153.12,0.02,0.01,2341.91823,1776269765000
1776269767.312,67.312,0.48,151.22,0.47,115.5,0.49,24.0,0.5,55.21,0.5,64.21,0.49,91.62,0.52,156.12,0.53,115.5,0.01,0.02,2341.915545,1776269766000
1776269767.643,67.643,0.48,134.68,0.47,107.0,0.49,24.0,0.5,65.71,0.51,10.0,0.5,55.21,0.52,149.22,0.53,115.5,0.01,0.01,2341.915545,1776269766000
1776269768.983,68.983,0.48,151.98,0.47,117.5,0.49,124.0,0.5,75.71,0.51,24.0,0.5,65.71,0.52,134.68,0.53,107.0,0.01,0.01,2341.904052,1776269767000
1776269769.524,69.524,0.48,146.98,0.47,182.5,0.49,105.0,0.5,98.45,0.51,124.0,0.5,75.71,0.52,151.98,0.53,117.5,0.01,0.01,2341.898446,1776269768000
1776269770.161,70.161,0.48,288.48,0.47,236.5,0.49,19.0,0.5,35.0,0.51,105.0,0.5,98.45,0.52,146.98,0.53,182.5,0.01,0.01,2341.918272,1776269769000
1776269771.663,71.663,0.48,313.48,0.47,225.5,0.49,6.85,0.5,35.0,0.51,6.85,0.5,35.0,0.52,293.48,0.53,236.5,0.01,0.01,2341.916975,1776269770000
1776269771.912,71.912,0.48,308.48,0.47,225.5,0.49,2.76,0.5,35.0,0.51,6.85,0.5,35.0,0.52,313.48,0.53,225.5,0.01,0.01,2341.916975,1776269770000
1776269772.28,72.28,0.48,308.48,0.47,200.5,0.49,17.47,0.5,35.0,0.51,2.76,0.5,35.0,0.52,308.48,0.53,225.5,0.01,0.01,2341.979451,1776269771000
1776269772.838,72.838,0.48,281.48,0.47,200.5,0.49,8.27,0.5,65.0,0.51,12.87,0.5,35.0,0.52,308.48,0.53,200.5,0.01,0.01,2341.979451,1776269771000
1776269773.793,73.793,0.48,406.48,0.47,220.5,0.5,5.0,0.52,10.0,0.51,3.27,0.5,65.0,0.52,261.48,0.53,200.5,0.02,0.01,2342.101243,1776269772000
1776269774.278,74.278,0.51,79.39,0.5,140.73,0.52,4.03,0.53,20.0,0.48,4.03,0.47,20.0,0.52,411.48,0.53,220.5,0.01,0.04,2342.018105,1776269773000
1776269775.604,75.604,0.55,236.47,0.54,158.5,0.56,50.0,0.57,20.0,0.48,4.03,0.47,20.0,0.49,79.39,0.5,140.73,0.01,0.01,2342.015873,1776269774000
1776269777.988,77.988,0.58,265.5,0.57,173.5,0.59,0.01,0.6,110.0,0.44,50.0,0.43,20.0,0.45,230.84,0.46,163.5,0.01,0.01,2342.52715,1776269776000
1776269778.675,78.675,0.63,177.5,0.62,126.5,0.64,41.0,0.65,15.8,0.4,60.0,0.38,100.0,0.42,260.5,0.43,173.5,0.01,0.02,2342.637369,1776269777000
1776269779.99,79.99,0.63,160.79,0.62,126.5,0.64,51.0,0.65,30.8,0.36,41.0,0.35,15.8,0.37,177.5,0.38,126.5,0.01,0.01,2342.903315,1776269779000
1776269780.926,80.926,0.63,283.79,0.62,186.5,0.64,49.12,0.65,35.8,0.36,51.0,0.35,30.8,0.37,160.79,0.38,126.5,0.01,0.01,2343.240704,1776269780000
1776269781.49,81.49,0.63,299.79,0.62,217.5,0.64,47.57,0.65,15.8,0.36,49.12,0.35,35.8,0.37,283.79,0.38,186.5,0.01,0.01,2343.240704,1776269780000
1776269781.941,81.941,0.63,349.79,0.62,222.5,0.65,15.8,0.66,60.0,0.36,47.57,0.35,15.8,0.37,299.79,0.38,217.5,0.02,0.01,2343.200119,1776269781000
1776269782.563,82.563,0.65,304.5,0.64,236.5,0.66,3.69,0.67,25.0,0.35,15.8,0.34,60.0,0.37,349.79,0.38,222.5,0.01,0.02,2343.200119,1776269781000
1776269783.174,83.174,0.65,272.5,0.64,192.5,0.66,3.69,0.67,30.0,0.34,3.69,0.33,25.0,0.35,304.5,0.36,236.5,0.01,0.01,2343.200119,1776269781000
1776269783.599,83.599,0.65,358.5,0.64,222.5,0.68,35.0,0.69,150.0,0.34,3.69,0.33,30.0,0.35,272.5,0.36,192.5,0.03,0.01,2343.249233,1776269782000
1776269784.513,84.513,0.67,258.5,0.66,181.5,0.68,2.27,0.69,130.0,0.32,35.0,0.31,150.0,0.35,358.5,0.36,222.5,0.01,0.03,2343.401307,1776269783000
1776269785.789,85.789,0.67,298.53,0.66,176.5,0.68,1.27,0.69,70.0,0.32,2.27,0.31,130.0,0.33,258.5,0.34,181.5,0.01,0.01,2343.528352,1776269784000
1776269786.628,86.628,0.67,339.53,0.66,206.5,0.69,5.37,0.7,175.5,0.32,1.27,0.31,70.0,0.33,298.53,0.34,176.5,0.02,0.01,2343.528352,1776269784000
1776269788.602,88.602,0.68,70.5,0.67,248.39,0.7,161.74,0.71,154.0,0.31,5.37,0.3,175.5,0.33,339.53,0.34,206.5,0.02,0.02,2343.681945,1776269787000
1776269789.957,89.957,0.68,122.5,0.67,257.39,0.69,117.5,0.7,118.6,0.31,38.95,0.3,91.5,0.32,131.5,0.33,248.39,0.01,0.01,2343.63381,1776269788000
1776269790.62,90.62,0.68,8.0,0.67,66.89,0.69,143.0,0.7,138.6,0.31,117.5,0.3,118.6,0.32,122.5,0.33,257.39,0.01,0.01,2343.628112,1776269789000
1776269791.071,91.071,0.67,61.19,0.66,10.0,0.68,94.5,0.69,181.56,0.31,143.0,0.3,138.6,0.32,8.0,0.33,66.89,0.01,0.01,2343.628112,1776269789000
1776269791.463,91.463,0.67,49.19,0.66,10.0,0.68,117.0,0.69,176.56,0.32,85.5,0.31,192.56,0.33,55.19,0.34,10.0,0.01,0.01,2343.602175,1776269790000
1776269791.667,91.667,0.66,10.0,0.65,6.0,0.68,136.0,0.69,176.56,0.32,117.0,0.31,176.56,0.33,49.19,0.34,10.0,0.02,0.01,2343.602175,1776269790000
1776269791.933,91.933,0.65,1.0,0.64,185.5,0.66,10.0,0.67,64.0,0.32,136.0,0.31,176.56,0.34,10.0,0.35,6.0,0.01,0.02,2343.602175,1776269790000
1776269792.505,92.505,0.64,25.0,0.63,55.0,0.65,16.92,0.66,83.0,0.34,10.0,0.33,64.0,0.35,1.0,0.36,185.5,0.01,0.01,2343.54358,1776269791000
1776269793.026,93.026,0.63,69.0,0.62,186.5,0.64,15.34,0.65,32.42,0.35,16.92,0.34,83.0,0.36,25.0,0.37,55.0,0.01,0.01,2343.54358,1776269791000
1776269794.178,94.178,0.63,60.0,0.62,131.0,0.64,154.11,0.65,139.22,0.36,15.34,0.35,32.42,0.37,69.0,0.38,186.5,0.01,0.01,2343.312593,1776269792000
1776269794.449,94.449,0.63,79.0,0.62,201.5,0.64,120.2,0.65,139.22,0.36,154.11,0.35,139.22,0.37,60.0,0.38,131.0,0.01,0.01,2343.287034,1776269793000
1776269795.259,95.259,0.61,41.0,0.6,61.0,0.62,143.51,0.63,57.5,0.36,120.2,0.35,139.22,0.37,79.0,0.38,201.5,0.01,0.01,2343.287034,1776269793000
1776269795.531,95.531,0.61,41.0,0.6,61.0,0.62,195.44,0.63,147.9,0.38,143.51,0.37,57.5,0.39,41.0,0.4,61.0,0.01,0.01,2343.141369,1776269794000
1776269796.332,96.332,0.6,55.0,0.59,50.0,0.61,240.73,0.62,151.8,0.38,195.44,0.37,147.9,0.39,41.0,0.4,61.0,0.01,0.01,2343.113718,1776269795000
1776269798.192,98.192,0.54,3.0,0.52,195.0,0.55,107.5,0.56,120.5,0.39,240.73,0.38,151.8,0.4,55.0,0.41,50.0,0.01,0.01,2342.656199,1776269797000
1776269800.465,100.465,0.48,62.55,0.47,99.5,0.49,15.0,0.5,25.0,0.5,10.0,0.49,10.0,0.51,68.43,0.52,128.98,0.01,0.01,2342.33729,1776269798000
1776269801.203,101.203,0.48,106.55,0.47,138.5,0.5,75.0,0.51,80.5,0.51,15.0,0.5,25.0,0.52,62.55,0.53,99.5,0.02,0.01,2342.068398,1776269799000
1776269802.327,102.327,0.49,67.28,0.48,72.55,0.5,75.0,0.51,94.9,0.5,75.0,0.49,80.5,0.52,106.55,0.53,138.5,0.01,0.02,2342.013748,1776269801000
1776269803.153,103.153,0.49,4.64,0.48,17.05,0.5,109.9,0.51,89.9,0.5,75.0,0.49,94.9,0.51,67.28,0.52,72.55,0.01,0.01,2342.046025,1776269802000
1776269803.452,103.452,0.48,15.05,0.47,127.5,0.49,28.4,0.5,94.9,0.5,109.9,0.49,89.9,0.51,4.64,0.52,17.05,0.01,0.01,2342.046025,1776269802000
1776269803.956,103.956,0.48,0.05,0.47,65.0,0.49,93.8,0.5,94.9,0.51,28.4,0.5,94.9,0.52,15.05,0.53,127.5,0.01,0.01,2342.046025,1776269802000
1776269804.324,104.324,0.47,60.0,0.46,97.0,0.48,28.9,0.49,78.8,0.51,93.8,0.5,94.9,0.53,65.0,0.54,107.5,0.01,0.02,2341.972905,1776269803000
1776269805.97,105.97,0.46,37.0,0.45,100.0,0.48,90.5,0.49,85.74,0.48,65.29,0.47,110.0,0.53,60.0,0.54,97.0,0.02,0.05,2341.961101,1776269804000
1776269806.333,106.333,0.45,57.05,0.44,213.89,0.46,16.0,0.47,10.0,0.53,16.0,0.52,79.5,0.55,87.0,0.56,213.89,0.01,0.02,2341.86037,1776269805000
1776269806.662,106.662,0.45,25.0,0.44,163.89,0.46,35.0,0.47,15.0,0.54,11.17,0.53,10.0,0.55,50.0,0.56,213.89,0.01,0.01,2341.86037,1776269805000
1776269806.869,106.869,0.44,150.12,0.43,50.0,0.46,35.0,0.47,45.0,0.54,35.0,0.53,45.0,0.56,160.12,0.57,50.0,0.02,0.02,2341.86037,1776269805000
1776269808.07,108.07,0.44,0.12,0.42,195.5,0.45,14.46,0.46,40.0,0.54,35.0,0.53,45.0,0.56,150.12,0.57,50.0,0.01,0.02,2341.784322,1776269806000
1776269808.375,108.375,0.42,195.5,0.41,40.5,0.45,19.46,0.46,75.0,0.55,14.46,0.54,40.0,0.56,0.12,0.58,195.5,0.03,0.01,2341.425537,1776269807000
1776269809.57,109.57,0.42,3.27,0.41,35.0,0.43,45.0,0.44,10.0,0.55,19.46,0.54,75.0,0.58,195.5,0.59,40.5,0.01,0.03,2341.224647,1776269808000
1776269809.879,109.879,0.42,3.27,0.41,10.0,0.43,39.92,0.44,20.0,0.57,45.0,0.56,10.0,0.58,3.27,0.59,35.0,0.01,0.01,2341.224647,1776269808000
1776269810.419,110.419,0.41,40.45,0.4,225.5,0.43,21.0,0.44,10.0,0.57,35.0,0.56,20.0,0.59,6.43,0.6,205.0,0.02,0.02,2341.342018,1776269809000
1776269812.369,112.369,0.41,10.0,0.4,210.0,0.42,155.0,0.43,90.5,0.57,21.0,0.56,10.0,0.59,40.45,0.6,225.5,0.01,0.02,2341.322533,1776269811000
1776269814.488,114.488,0.41,53.0,0.4,230.0,0.42,55.0,0.43,143.24,0.58,155.0,0.57,90.5,0.59,10.0,0.6,210.0,0.01,0.01,2341.291608,1776269812000
1776269816.066,116.066,0.4,120.0,0.39,120.5,0.41,105.0,0.42,85.5,0.58,50.0,0.57,133.24,0.59,29.0,0.6,230.0,0.01,0.01,2341.254101,1776269814000
1776269816.866,116.866,0.4,180.5,0.39,110.5,0.41,94.85,0.42,75.0,0.59,105.0,0.58,85.5,0.6,120.0,0.61,120.5,0.01,0.01,2341.24401,1776269815000
1776269821.26,121.26,0.37,10.0,0.36,200.0,0.38,21.45,0.39,89.0,0.59,94.85,0.58,75.0,0.6,180.5,0.61,110.5,0.01,0.01,2341.025456,1776269819000
1776269823.821,123.821,0.3,122.91,0.29,94.0,0.31,10.0,0.32,10.0,0.62,21.45,0.61,89.0,0.63,10.0,0.64,200.0,0.01,0.01,2340.628213,1776269822000
1776269824.042,124.042,0.3,137.48,0.29,63.0,0.31,50.0,0.32,15.0,0.69,10.0,0.68,10.0,0.7,122.91,0.71,94.0,0.01,0.01,2340.628213,1776269822000
1776269824.634,124.634,0.3,141.55,0.29,96.0,0.31,50.0,0.32,65.0,0.69,50.0,0.68,15.0,0.7,137.48,0.71,63.0,0.01,0.01,2340.52906,1776269823000
1776269825.674,125.674,0.3,182.55,0.29,69.0,0.31,3.3,0.32,10.0,0.69,50.0,0.68,65.0,0.7,141.55,0.71,96.0,0.01,0.01,2340.537272,1776269824000
1776269826.022,126.022,0.33,10.5,0.32,25.43,0.34,20.3,0.35,35.0,0.66,26.9,0.65,35.0,0.69,10.0,0.7,188.55,0.01,0.03,2340.537272,1776269824000
1776269826.65,126.65,0.33,134.5,0.32,118.43,0.34,8.6,0.35,30.0,0.66,20.3,0.65,35.0,0.67,10.5,0.68,25.43,0.01,0.01,2340.516847,1776269825000
1776269827.58,127.58,0.4,10.76,0.39,10.0,0.42,10.0,0.43,65.0,0.66,8.6,0.65,30.0,0.67,134.5,0.68,118.43,0.02,0.01,2340.516847,1776269825000
1776269827.936,127.936,0.4,13.26,0.39,25.5,0.41,10.0,0.42,20.0,0.58,10.0,0.57,65.0,0.6,10.76,0.61,10.0,0.01,0.02,2340.587246,1776269826000
1776269829.811,129.811,0.4,0.76,0.37,10.5,0.41,7.9,0.42,35.0,0.59,6.34,0.58,20.0,0.6,13.26,0.61,25.5,0.01,0.01,2341.043981,1776269828000
1776269830.686,130.686,0.37,17.5,0.36,60.5,0.41,7.9,0.42,46.0,0.59,7.9,0.58,41.0,0.6,0.76,0.63,10.5,0.04,0.01,2341.277163,1776269829000
1776269831.494,131.494,0.35,25.0,0.34,49.0,0.36,10.0,0.37,15.0,0.59,7.9,0.58,46.0,0.63,17.5,0.64,60.5,0.01,0.04,2341.32535,1776269830000
1776269831.898,131.898,0.34,86.0,0.33,75.0,0.35,5.0,0.36,16.0,0.64,10.0,0.63,15.0,0.65,25.0,0.66,49.0,0.01,0.01,2341.32535,1776269830000
1776269832.706,132.706,0.35,28.5,0.34,107.5,0.36,9.33,0.37,15.0,0.65,5.0,0.64,16.0,0.66,86.0,0.67,75.0,0.01,0.01,2341.282843,1776269831000
1776269833.07,133.07,0.35,45.5,0.34,94.5,0.39,16.0,0.4,10.0,0.63,10.0,0.62,10.0,0.65,28.5,0.66,102.5,0.04,0.02,2341.282843,1776269831000
1776269834.374,134.374,0.38,93.5,0.37,78.5,0.39,5.0,0.4,15.0,0.61,16.0,0.6,10.0,0.65,45.5,0.66,94.5,0.01,0.04,2341.246652,1776269832000
1776269835.142,135.142,0.4,62.33,0.39,25.0,0.41,90.0,0.42,95.0,0.61,5.0,0.6,15.0,0.62,93.5,0.63,78.5,0.01,0.01,2341.000902,1776269833000
1776269838.514,138.514,0.43,11.73,0.42,81.0,0.44,30.0,0.45,80.0,0.59,90.0,0.58,95.0,0.6,62.33,0.61,25.0,0.01,0.01,2341.317375,1776269837000
1776269840.564,140.564,0.5,72.0,0.49,74.0,0.51,3.7,0.52,155.24,0.56,30.0,0.55,80.0,0.57,11.73,0.58,81.0,0.01,0.01,2341.55704,1776269839000
1776269840.819,140.819,0.51,126.3,0.5,90.0,0.53,10.16,0.54,100.0,0.48,50.0,0.47,46.0,0.49,46.3,0.5,79.0,0.02,0.01,2341.55704,1776269839000
1776269841.028,141.028,0.57,5.0,0.56,59.84,0.58,26.85,0.59,72.5,0.42,87.2,0.41,72.5,0.44,49.84,0.48,305.0,0.01,0.02,2341.55704,1776269839000
1776269841.357,141.357,0.61,45.65,0.58,37.0,0.62,50.0,0.65,70.0,0.41,4.35,0.4,150.0,0.43,22.0,0.44,107.76,0.01,0.02,2342.01394,1776269840000
1776269842.245,142.245,0.64,64.16,0.63,15.0,0.65,15.0,0.66,120.15,0.38,50.0,0.35,70.0,0.39,45.65,0.42,37.0,0.01,0.01,2342.157385,1776269841000
1776269842.544,142.544,0.64,66.48,0.63,15.0,0.65,15.0,0.66,120.15,0.35,15.0,0.34,120.15,0.36,64.16,0.37,15.0,0.01,0.01,2342.157385,1776269841000
1776269843.733,143.733,0.64,93.64,0.63,25.5,0.65,10.0,0.66,120.15,0.35,15.0,0.34,120.15,0.36,66.48,0.37,15.0,0.01,0.01,2342.955085,1776269842000
1776269844.149,144.149,0.64,93.64,0.63,25.5,0.65,10.0,0.66,120.15,0.35,10.0,0.34,120.15,0.36,93.64,0.37,25.5,0.01,0.01,2343.10656,1776269843000
1776269845.024,145.024,0.64,33.08,0.63,25.5,0.65,5.0,0.66,70.15,0.35,10.0,0.34,120.15,0.36,93.64,0.37,25.5,0.01,0.01,2343.10656,1776269843000
1776269845.752,145.752,0.65,34.5,0.64,50.5,0.66,85.15,0.67,85.0,0.35,5.0,0.34,70.15,0.36,33.08,0.37,25.5,0.01,0.01,2343.229283,1776269844000
1776269845.961,145.961,0.65,9.5,0.64,124.0,0.66,135.15,0.67,85.0,0.34,135.15,0.33,85.0,0.36,124.0,0.37,80.5,0.01,0.02,2343.229283,1776269844000
1776269846.325,146.325,0.65,9.0,0.64,124.0,0.66,130.15,0.67,95.5,0.34,135.15,0.33,85.0,0.35,9.5,0.36,124.0,0.01,0.01,2343.13971,1776269845000
1776269846.529,146.529,0.64,71.5,0.63,80.5,0.65,5.0,0.66,135.65,0.34,145.65,0.33,95.5,0.36,82.5,0.37,80.5,0.01,0.02,2343.13971,1776269845000
1776269846.825,146.825,0.63,16.0,0.62,36.0,0.64,8.75,0.65,75.5,0.35,5.0,0.34,135.65,0.36,71.5,0.37,80.5,0.01,0.01,2343.13971,1776269845000
1776269847.766,147.766,0.59,75.0,0.55,10.0,0.61,7.73,0.62,123.0,0.36,4.5,0.35,80.5,0.37,36.0,0.38,46.0,0.02,0.01,2343.12254,1776269846000
1776269851.12,151.12,0.55,117.43,0.54,47.5,0.56,54.0,0.57,60.5,0.39,7.73,0.38,123.0,0.41,75.0,0.45,10.0,0.01,0.02,2342.328428,1776269849000
1776269851.69,151.69,0.6,85.5,0.59,115.5,0.61,44.0,0.62,60.5,0.44,16.0,0.43,50.0,0.45,152.43,0.46,52.5,0.01,0.01,2342.278988,1776269850000
1776269853.249,153.249,0.62,21.0,0.61,125.5,0.63,14.9,0.64,90.0,0.38,39.0,0.37,65.5,0.39,10.0,0.4,125.5,0.01,0.01,2342.320207,1776269851000
1776269854.729,154.729,0.65,123.5,0.64,87.5,0.66,23.11,0.67,40.0,0.37,14.9,0.36,90.0,0.38,21.0,0.39,125.5,0.01,0.01,2342.67249,1776269853000
1776269855.779,155.779,0.65,24.0,0.64,37.5,0.66,28.11,0.67,90.0,0.34,23.11,0.33,40.0,0.35,123.5,0.36,87.5,0.01,0.01,2342.75924,1776269854000
1776269856.184,156.184,0.65,54.5,0.64,123.5,0.66,5.11,0.67,105.5,0.34,31.11,0.33,95.0,0.35,24.0,0.36,37.5,0.01,0.01,2342.757585,1776269855000
1776269857.352,157.352,0.62,55.0,0.61,50.0,0.63,58.68,0.64,98.5,0.34,5.11,0.33,105.5,0.35,54.5,0.36,123.5,0.01,0.01,2342.903477,1776269856000
1776269859.076,159.076,0.61,49.0,0.6,10.0,0.62,23.74,0.63,32.74,0.37,58.68,0.36,98.5,0.38,55.0,0.39,50.0,0.01,0.01,2342.698519,1776269858000
1776269859.597,159.597,0.6,21.0,0.59,36.0,0.62,192.98,0.63,130.74,0.38,23.74,0.37,32.74,0.39,49.0,0.4,10.0,0.02,0.01,2342.698519,1776269858000
1776269859.855,159.855,0.6,6.0,0.59,36.0,0.61,148.57,0.62,83.74,0.39,63.5,0.38,153.74,0.4,16.0,0.41,36.0,0.01,0.01,2342.698519,1776269858000
1776269860.232,160.232,0.58,21.0,0.57,75.0,0.6,138.5,0.61,70.5,0.39,259.57,0.38,118.74,0.41,29.0,0.42,21.0,0.02,0.02,2342.698519,1776269858000
1776269861.118,161.118,0.6,6.25,0.59,20.5,0.61,60.0,0.62,58.74,0.4,138.5,0.39,70.5,0.42,21.0,0.43,75.0,0.01,0.02,2342.602435,1776269860000
1776269861.489,161.489,0.59,12.69,0.58,105.5,0.61,5.0,0.62,50.0,0.39,39.76,0.38,58.74,0.4,22.75,0.41,26.5,0.02,0.01,2342.602435,1776269860000
1776269862.26,162.26,0.62,37.0,0.61,6.0,0.63,88.02,0.64,100.0,0.37,79.74,0.36,106.0,0.4,15.0,0.41,12.69,0.01,0.03,2342.503313,1776269861000
1776269862.937,162.937,0.62,12.0,0.61,6.0,0.63,203.39,0.64,124.24,0.37,88.02,0.36,100.0,0.38,37.0,0.39,6.0,0.01,0.01,2342.503313,1776269861000
1776269864.169,164.169,0.53,55.0,0.52,39.4,0.54,32.51,0.55,65.0,0.37,203.39,0.36,124.24,0.38,12.0,0.39,6.0,0.01,0.01,2342.556209,1776269862000
1776269864.785,164.785,0.53,96.5,0.52,64.9,0.55,20.5,0.56,82.5,0.46,32.51,0.45,65.0,0.47,55.0,0.48,39.4,0.02,0.01,2342.59411,1776269863000
1776269866.072,166.072,0.54,136.5,0.53,196.0,0.57,31.66,0.58,60.5,0.45,20.5,0.44,82.5,0.47,96.5,0.48,64.9,0.03,0.02,2342.343512,1776269864000
1776269866.593,166.593,0.56,20.0,0.55,10.0,0.57,103.66,0.58,108.5,0.43,31.66,0.42,60.5,0.46,136.5,0.47,196.0,0.01,0.03,2342.092,1776269865000
1776269868.391,168.391,0.59,10.0,0.58,10.0,0.6,0.4,0.61,102.0,0.43,103.66,0.42,108.5,0.44,20.0,0.45,10.0,0.01,0.01,2342.161998,1776269867000
1776269868.985,168.985,0.59,121.5,0.58,91.5,0.62,104.5,0.63,64.89,0.4,0.4,0.39,102.0,0.41,10.0,0.42,10.0,0.03,0.01,2342.161998,1776269867000
1776269871.387,171.387,0.65,77.5,0.64,36.5,0.66,8.95,0.67,125.0,0.38,93.22,0.37,64.89,0.39,10.0,0.4,10.5,0.01,0.01,2342.448856,1776269870000
1776269872.529,172.529,0.65,17.61,0.64,70.5,0.67,244.5,0.68,184.5,0.33,130.0,0.32,160.0,0.35,107.5,0.36,36.5,0.02,0.02,2342.448856,1776269870000
1776269873.895,173.895,0.66,104.38,0.65,185.61,0.67,130.0,0.68,170.0,0.33,210.5,0.32,184.5,0.35,17.61,0.36,70.5,0.01,0.02,2343.004653,1776269872000
1776269876.182,176.182,0.66,99.88,0.65,157.61,0.67,2.53,0.68,160.0,0.33,130.0,0.32,170.0,0.34,104.38,0.35,185.61,0.01,0.01,2342.971465,1776269875000
1776269876.811,176.811,0.67,20.0,0.66,75.5,0.68,200.5,0.69,210.5,0.33,1.55,0.32,160.0,0.34,99.88,0.35,157.61,0.01,0.01,2342.971465,1776269875000
1776269879.696,179.696,0.66,11.35,0.65,102.61,0.68,119.5,0.69,125.5,0.32,200.5,0.31,210.5,0.33,20.0,0.34,75.5,0.02,0.01,2343.002199,1776269878000
1776269881.318,181.318,0.69,36.5,0.68,120.5,0.7,160.0,0.71,105.0,0.33,115.5,0.32,70.5,0.34,5.35,0.35,127.61,0.01,0.01,2343.036415,1776269880000
1776269881.771,181.771,0.69,312.5,0.68,102.5,0.72,337.04,0.73,270.0,0.3,136.73,0.29,105.0,0.31,69.5,0.32,120.5,0.03,0.01,2343.036415,1776269880000
1776269882.091,182.091,0.71,115.0,0.7,213.43,0.72,43.28,0.73,292.0,0.28,54.94,0.27,281.0,0.29,70.0,0.3,116.0,0.01,0.01,2343.036415,1776269880000
1776269882.9,182.9,0.72,107.5,0.71,83.83,0.73,18.41,0.74,55.0,0.27,270.0,0.26,50.0,0.29,162.0,0.3,220.43,0.01,0.02,2343.05154,1776269881000
1776269883.106,183.106,0.72,112.5,0.71,78.83,0.74,55.0,0.75,110.0,0.27,18.41,0.26,55.0,0.28,107.5,0.29,83.83,0.02,0.01,2343.05154,1776269881000
1776269883.8,183.8,0.73,147.5,0.72,269.21,0.74,3.0,0.75,115.0,0.26,55.0,0.25,110.0,0.28,112.5,0.29,78.83,0.01,0.02,2343.441674,1776269882000
1776269884.076,184.076,0.73,182.12,0.72,285.21,0.74,3.0,0.75,65.0,0.26,3.0,0.25,115.0,0.27,147.5,0.28,269.21,0.01,0.01,2343.441674,1776269882000
1776269884.62,184.62,0.73,59.5,0.72,192.44,0.74,1.31,0.75,75.5,0.26,1.31,0.25,65.0,0.27,152.12,0.28,285.21,0.01,0.01,2343.441674,1776269883000
1776269885.079,185.079,0.74,490.5,0.73,107.84,0.76,250.22,0.77,25.0,0.26,1.31,0.25,15.0,0.27,79.84,0.28,192.44,0.02,0.01,2343.441674,1776269883000
1776269885.954,185.954,0.79,203.5,0.78,205.5,0.8,220.05,0.81,279.0,0.22,25.0,0.21,235.0,0.24,5.78,0.25,154.5,0.01,0.02,2343.844361,1776269884000
1776269888.403,188.403,0.79,10.0,0.78,90.0,0.81,25.31,0.82,300.5,0.2,215.51,0.19,255.0,0.21,180.5,0.22,185.5,0.02,0.01,2343.96661,1776269886000
1776269888.603,188.603,0.81,44.0,0.8,10.0,0.82,295.61,0.83,210.0,0.18,315.61,0.17,210.0,0.19,52.0,0.2,10.0,0.01,0.01,2343.96661,1776269886000
1776269888.832,188.832,0.79,7.25,0.78,145.0,0.82,340.0,0.83,210.0,0.18,290.0,0.17,210.0,0.19,40.0,0.2,15.0,0.03,0.01,2344.08936,1776269887000
1776269890.709,190.709,0.8,10.0,0.79,32.25,0.82,14.6,0.83,240.94,0.18,190.0,0.17,215.0,0.19,118.0,0.2,110.0,0.02,0.01,2344.156862,1776269889000
1776269891.07,191.07,0.78,129.32,0.77,60.0,0.79,3.0,0.8,8.0,0.18,4.6,0.17,356.94,0.22,129.32,0.23,65.0,0.01,0.04,2344.156862,1776269889000
1776269891.333,191.333,0.79,10.0,0.78,109.32,0.8,30.65,0.81,55.0,0.2,4.9,0.19,70.0,0.22,104.32,0.23,60.0,0.01,0.02,2344.178165,1776269890000
1776269891.852,191.852,0.79,22.0,0.78,109.32,0.82,109.18,0.83,320.5,0.2,30.65,0.19,55.0,0.21,10.0,0.22,109.32,0.03,0.01,2344.178165,1776269890000
1776269892.31,192.31,0.81,59.0,0.8,15.0,0.82,6.74,0.83,220.5,0.18,109.18,0.17,320.5,0.21,22.0,0.22,109.32,0.01,0.03,2344.178165,1776269890000
1776269892.655,192.655,0.81,44.0,0.8,15.0,0.82,7.35,0.83,220.5,0.18,6.74,0.17,220.5,0.19,59.0,0.2,15.0,0.01,0.01,2344.055131,1776269891000
1776269893.782,193.782,0.82,2.0,0.81,17.0,0.83,388.68,0.84,320.74,0.18,17.35,0.17,220.5,0.19,44.0,0.2,15.0,0.01,0.01,2343.851884,1776269892000
1776269894.351,194.351,0.8,31.0,0.79,35.0,0.81,72.25,0.82,84.24,0.19,17.0,0.17,388.68,0.2,15.0,0.21,30.0,0.01,0.01,2343.853191,1776269893000
1776269896.774,196.774,0.8,32.0,0.79,35.0,0.81,106.56,0.82,50.0,0.19,72.25,0.18,84.24,0.2,31.0,0.21,35.0,0.01,0.01,2343.86693,1776269895000
1776269898.618,198.618,0.79,59.78,0.78,70.0,0.8,41.42,0.81,55.75,0.19,106.56,0.18,50.0,0.2,32.0,0.21,35.0,0.01,0.01,2343.824268,1776269897000
1776269899.438,199.438,0.79,12.3,0.78,60.0,0.8,59.0,0.81,86.06,0.2,41.42,0.19,55.75,0.21,59.78,0.22,70.0,0.01,0.01,2343.709667,1776269898000
1776269899.642,199.642,0.79,0.3,0.78,70.0,0.8,5.0,0.81,81.06,0.2,5.0,0.19,81.06,0.21,2.3,0.22,70.0,0.01,0.01,2343.709667,1776269898000
1776269899.96,199.96,0.79,27.0,0.78,75.0,0.8,5.0,0.81,113.99,0.2,27.0,0.19,84.75,0.21,13.3,0.22,75.0,0.01,0.01,2343.709667,1776269898000
1776269900.249,200.249,0.79,2.14,0.78,20.0,0.8,20.55,0.81,151.97,0.2,20.55,0.19,124.49,0.22,20.0,0.23,47.5,0.01,0.02,2343.709667,1776269898000
1776269901.554,201.554,0.79,2.14,0.78,30.0,0.8,79.05,0.81,76.25,0.2,20.55,0.19,151.97,0.21,2.14,0.22,20.0,0.01,0.01,2343.677917,1776269900000
1776269902.68,202.68,0.78,31.0,0.77,55.0,0.79,83.98,0.8,79.05,0.2,79.05,0.19,76.25,0.21,2.14,0.22,30.0,0.01,0.01,2343.615867,1776269901000
1776269904.024,204.024,0.75,4.0,0.73,100.0,0.76,65.0,0.77,10.0,0.21,51.15,0.2,89.05,0.22,31.0,0.23,55.0,0.01,0.01,2343.677495,1776269902000
1776269904.531,204.531,0.74,8.73,0.73,39.0,0.76,10.0,0.77,98.74,0.24,65.0,0.23,10.0,0.25,4.0,0.27,100.0,0.02,0.01,2343.572427,1776269903000
1776269904.739,204.739,0.75,35.0,0.74,14.73,0.76,16.71,0.77,113.74,0.24,10.0,0.23,98.74,0.26,8.73,0.27,39.0,0.01,0.02,2343.572427,1776269903000
1776269905.315,205.315,0.75,17.43,0.74,5.0,0.76,77.5,0.77,25.5,0.24,4.15,0.23,152.74,0.25,15.16,0.26,14.73,0.01,0.01,2343.264041,1776269904000
1776269905.589,205.589,0.75,5.43,0.74,5.0,0.76,77.5,0.77,25.5,0.24,77.5,0.23,25.5,0.25,17.43,0.26,5.0,0.01,0.01,2343.264041,1776269904000
1776269906.204,206.204,0.73,31.0,0.72,110.0,0.74,24.57,0.76,77.5,0.24,77.5,0.23,25.5,0.25,5.43,0.26,5.0,0.01,0.01,2343.264041,1776269904000
1776269907.77,207.77,0.73,6.03,0.72,110.0,0.74,65.07,0.75,10.0,0.26,24.57,0.24,77.5,0.27,31.0,0.28,110.0,0.01,0.01,2343.161434,1776269906000
1776269908.364,208.364,0.73,2.06,0.72,50.0,0.74,105.07,0.75,17.0,0.26,65.07,0.25,10.0,0.27,6.03,0.28,110.0,0.01,0.01,2343.08506,1776269907000
1776269909.973,209.973,0.72,10.0,0.71,214.0,0.74,115.07,0.75,94.5,0.26,105.07,0.25,17.0,0.27,2.06,0.28,50.0,0.02,0.01,2342.932293,1776269909000
1776269913.431,213.431,0.7,209.1,0.69,163.8,0.72,38.0,0.73,21.0,0.26,115.07,0.25,94.5,0.28,10.0,0.29,214.0,0.02,0.02,2342.975473,1776269911000
1776269913.999,213.999,0.71,49.0,0.7,121.1,0.72,24.86,0.73,21.0,0.28,38.0,0.27,21.0,0.3,209.1,0.31,163.8,0.01,0.02,2342.883779,1776269913000
1776269914.207,214.207,0.71,43.0,0.7,121.1,0.72,6.85,0.73,21.0,0.28,13.02,0.27,21.0,0.29,43.0,0.3,121.1,0.01,0.01,2342.883779,1776269913000
1776269915.01,215.01,0.74,11.88,0.73,10.0,0.75,30.0,0.76,10.0,0.27,17.16,0.26,75.0,0.29,15.0,0.3,121.1,0.01,0.02,2342.883779,1776269913000
1776269915.401,215.401,0.74,26.0,0.73,59.5,0.75,8.0,0.76,34.0,0.25,30.0,0.24,10.0,0.26,11.88,0.27,10.0,0.01,0.01,2342.921469,1776269914000
1776269915.649,215.649,0.74,41.0,0.73,59.0,0.75,9.5,0.76,29.74,0.25,8.0,0.24,34.0,0.26,26.0,0.27,59.5,0.01,0.01,2342.921469,1776269914000
1776269915.91,215.91,0.74,26.76,0.73,64.5,0.75,5.0,0.76,34.74,0.25,9.5,0.24,29.74,0.26,41.0,0.27,59.0,0.01,0.01,2342.921469,1776269914000
1776269916.742,216.742,0.74,39.76,0.73,42.5,0.75,0.9,0.76,25.0,0.25,3.0,0.24,46.74,0.26,26.76,0.27,64.5,0.01,0.01,2343.255975,1776269915000
1776269917.53,217.53,0.74,16.76,0.73,47.5,0.75,2.9,0.76,35.5,0.25,0.9,0.24,25.0,0.26,39.76,0.27,42.5,0.01,0.01,2343.255975,1776269915000
1776269918.275,218.275,0.74,28.26,0.73,46.5,0.75,58.57,0.76,75.0,0.25,40.82,0.24,72.5,0.26,11.76,0.27,47.5,0.01,0.01,2343.133846,1776269917000
1776269918.532,218.532,0.74,125.26,0.73,107.5,0.76,10.0,0.78,50.0,0.25,58.57,0.24,75.0,0.26,28.26,0.27,46.5,0.02,0.01,2343.133846,1776269917000
1776269918.754,218.754,0.77,46.5,0.76,48.5,0.78,39.0,0.79,116.15,0.22,100.0,0.21,116.15,0.24,35.5,0.25,59.5,0.01,0.02,2343.133846,1776269917000
1776269919.831,219.831,0.79,21.96,0.78,35.5,0.8,10.0,0.81,61.25,0.22,39.0,0.21,116.15,0.23,46.5,0.24,48.5,0.01,0.01,2343.12132,1776269918000
1776269920.565,220.565,0.79,31.96,0.78,40.5,0.8,0.56,0.81,60.75,0.2,10.0,0.19,61.25,0.21,21.96,0.22,35.5,0.01,0.01,2343.12132,1776269919000
1776269920.964,220.964,0.79,20.0,0.78,37.0,0.81,112.0,0.82,150.5,0.2,0.56,0.19,60.75,0.21,31.96,0.22,40.5,0.02,0.01,2343.12132,1776269919000
1776269922.22,222.22,0.76,10.0,0.75,5.0,0.77,23.37,0.78,22.0,0.19,112.0,0.18,150.5,0.21,20.0,0.22,37.0,0.01,0.02,2343.401014,1776269920000
1776269923.577,223.577,0.79,1.19,0.78,10.0,0.8,5.05,0.81,65.0,0.23,23.37,0.22,22.0,0.24,10.0,0.25,5.0,0.01,0.01,2343.36966,1776269922000
1776269924.171,224.171,0.8,14.0,0.79,16.69,0.81,24.11,0.82,80.0,0.19,60.0,0.18,130.0,0.2,2.0,0.21,8.19,0.01,0.01,2343.233505,1776269923000
1776269924.634,224.634,0.79,12.69,0.78,30.5,0.81,30.93,0.82,114.4,0.19,24.11,0.18,80.0,0.2,14.0,0.21,16.69,0.02,0.01,2343.233505,1776269923000
1776269925.393,225.393,0.81,5.13,0.8,48.5,0.82,104.4,0.83,364.5,0.19,18.18,0.18,114.4,0.2,11.5,0.21,29.69,0.01,0.01,2343.227745,1776269924000
1776269926.888,226.888,0.81,14.6,0.8,53.5,0.82,5.61,0.83,367.51,0.18,104.4,0.17,364.5,0.19,5.13,0.2,48.5,0.01,0.01,2343.38579,1776269925000
1776269927.886,227.886,0.82,13.78,0.81,24.6,0.83,357.01,0.84,340.5,0.18,5.61,0.17,367.51,0.19,14.6,0.2,53.5,0.01,0.01,2343.50251,1776269926000
1776269928.334,228.334,0.82,19.89,0.81,26.6,0.83,307.01,0.84,340.5,0.17,357.01,0.16,340.5,0.18,13.78,0.19,24.6,0.01,0.01,2343.50251,1776269926000
1776269929.004,229.004,0.82,16.89,0.81,69.6,0.83,150.5,0.84,280.0,0.17,307.01,0.16,340.5,0.18,19.89,0.19,26.6,0.01,0.01,2343.498886,1776269927000
1776269929.326,229.326,0.82,16.89,0.81,69.6,0.83,4.36,0.84,280.0,0.17,150.5,0.16,280.0,0.18,16.89,0.19,69.6,0.01,0.01,2343.498886,1776269927000
1776269930.809,230.809,0.83,14.72,0.82,14.89,0.84,30.24,0.85,60.0,0.16,280.0,0.15,84.0,0.18,16.89,0.19,69.6,0.01,0.02,2343.48496,1776269929000
1776269931.158,231.158,0.83,24.64,0.82,15.0,0.84,4.22,0.85,59.0,0.16,4.22,0.15,60.0,0.17,6.0,0.19,37.96,0.01,0.01,2343.48496,1776269929000
1776269931.643,231.643,0.83,34.0,0.82,18.27,0.84,20.01,0.85,64.0,0.16,4.22,0.15,59.0,0.18,5.27,0.19,47.96,0.01,0.02,2343.858085,1776269930000
1776269931.963,231.963,0.83,15.0,0.82,0.27,0.84,25.21,0.85,24.0,0.16,10.01,0.15,64.0,0.17,34.0,0.18,18.27,0.01,0.01,2343.858085,1776269930000
1776269932.301,232.301,0.81,85.0,0.8,26.5,0.84,1.65,0.85,24.0,0.16,7.96,0.15,24.0,0.17,15.0,0.18,0.27,0.03,0.01,2343.858085,1776269930000
1776269932.928,232.928,0.84,43.0,0.83,36.5,0.85,9.06,0.86,431.0,0.15,18.38,0.14,431.0,0.17,31.5,0.18,25.5,0.01,0.02,2343.91651,1776269931000
1776269933.185,233.185,0.85,7.0,0.84,32.0,0.86,431.0,0.87,341.0,0.15,9.06,0.14,431.0,0.16,43.0,0.17,36.5,0.01,0.01,2343.91651,1776269931000
1776269937.503,237.503,0.87,10.0,0.86,130.0,0.88,161.59,0.89,219.0,0.14,431.0,0.13,341.0,0.16,31.0,0.17,30.5,0.01,0.02,2344.1602,1776269935000
1776269937.913,237.913,0.87,10.0,0.86,75.0,0.88,11.45,0.89,119.0,0.12,161.59,0.11,219.0,0.13,10.0,0.14,130.0,0.01,0.01,2344.351176,1776269936000
1776269938.353,238.353,0.87,40.61,0.86,75.5,0.89,34.0,0.9,230.86,0.12,11.45,0.11,119.0,0.13,10.0,0.14,75.0,0.02,0.01,2344.384988,1776269937000
1776269938.6,238.6,0.87,76.11,0.86,75.5,0.89,1.0,0.9,130.86,0.11,7.0,0.1,230.86,0.13,45.61,0.14,75.5,0.02,0.02,2344.384988,1776269937000
1776269938.891,238.891,0.89,10.0,0.88,45.0,0.9,45.02,0.91,194.87,0.1,125.3,0.09,194.87,0.12,10.0,0.13,112.11,0.01,0.02,2344.384988,1776269937000
1776269939.179,239.179,0.89,75.28,0.88,10.0,0.9,6.45,0.91,169.83,0.1,8.32,0.09,169.83,0.11,105.28,0.12,10.0,0.01,0.01,2344.384988,1776269937000
1776269939.418,239.418,0.89,85.55,0.88,10.0,0.91,110.57,0.92,135.0,0.09,110.57,0.08,135.0,0.11,100.28,0.12,15.0,0.02,0.02,2344.384988,1776269937000
1776269939.73,239.73,0.91,39.43,0.89,70.82,0.92,135.0,0.93,85.0,0.09,110.57,0.08,135.0,0.11,75.82,0.12,10.0,0.01,0.02,2344.3824,1776269938000
1776269940.15,240.15,0.91,15.0,0.9,72.22,0.92,128.0,0.93,85.0,0.08,135.0,0.07,85.0,0.09,39.43,0.11,70.82,0.01,0.01,2344.3824,1776269938000
1776269940.369,240.369,0.9,72.22,0.89,25.0,0.92,67.62,0.93,85.0,0.08,128.0,0.07,85.0,0.09,15.0,0.1,72.22,0.02,0.01,2344.3824,1776269938000
1776269940.623,240.623,0.9,127.22,0.89,15.0,0.93,83.55,0.94,185.0,0.08,67.62,0.07,85.0,0.1,82.22,0.11,15.0,0.03,0.02,2344.611112,1776269939000
1776269940.982,240.982,0.92,9.48,0.91,15.0,0.93,3.55,0.94,135.0,0.07,3.55,0.06,185.0,0.08,5.43,0.09,5.0,0.01,0.01,2344.611112,1776269939000
1776269941.207,241.207,0.93,18.0,0.92,14.48,0.94,104.94,0.95,180.0,0.06,135.0,0.05,180.0,0.08,9.48,0.09,15.0,0.01,0.02,2344.611112,1776269939000
1776269941.445,241.445,0.93,25.0,0.92,14.48,0.95,179.6,0.96,178.8,0.06,104.94,0.05,180.0,0.07,18.0,0.08,14.48,0.02,0.01,2344.815832,1776269940000
1776269941.89,241.89,0.93,50.0,0.92,14.48,0.95,181.11,0.96,178.8,0.05,179.6,0.04,178.8,0.07,25.0,0.08,14.48,0.02,0.02,2344.815832,1776269940000
1776269942.382,242.382,0.94,10.0,0.93,27.0,0.95,103.38,0.96,178.8,0.05,154.44,0.04,178.8,0.06,10.0,0.07,27.0,0.01,0.01,2344.815832,1776269940000
1776269943.001,243.001,0.94,15.0,0.93,7.0,0.95,51.28,0.96,178.8,0.05,103.38,0.04,178.8,0.06,10.0,0.07,27.0,0.01,0.01,2344.944996,1776269941000
1776269943.34,243.34,0.94,15.0,0.93,7.0,0.96,178.8,0.97,926.7,0.05,0.22,0.04,178.8,0.06,15.0,0.07,7.0,0.02,0.01,2344.944996,1776269941000
1776269943.665,243.665,0.95,5.0,0.94,15.31,0.96,177.75,0.97,1105.7,0.04,178.8,0.03,926.7,0.06,15.0,0.07,7.0,0.01,0.02,2344.96421,1776269942000
1776269943.894,243.894,0.95,31.0,0.94,10.0,0.96,110.55,0.97,1105.7,0.04,124.6,0.03,1105.7,0.05,31.0,0.06,10.0,0.01,0.01,2344.96421,1776269942000
1776269944.251,244.251,0.95,71.0,0.94,10.0,0.96,108.45,0.97,926.7,0.04,109.5,0.03,1105.7,0.05,71.0,0.06,10.0,0.01,0.01,2344.96421,1776269942000
1776269944.451,244.451,0.95,71.0,0.94,5.0,0.96,94.35,0.97,1093.7,0.04,94.35,0.03,1093.7,0.05,71.0,0.06,5.0,0.01,0.01,2345.02604,1776269943000
1776269944.689,244.689,0.95,76.0,0.94,5.0,0.96,70.51,0.97,1093.7,0.04,72.59,0.03,1093.7,0.05,76.0,0.06,5.0,0.01,0.01,2345.02604,1776269943000
1776269944.892,244.892,0.95,76.0,0.94,5.0,0.96,68.41,0.97,1093.7,0.04,69.46,0.03,1093.7,0.05,76.0,0.06,5.0,0.01,0.01,2345.02604,1776269943000
1776269945.149,245.149,0.95,154.12,0.94,5.0,0.96,87.4,0.97,926.7,0.04,64.23,0.03,926.7,0.05,76.0,0.06,5.0,0.01,0.01,2344.916793,1776269944000
1776269945.356,245.356,0.95,237.43,0.94,5.0,0.96,69.92,0.97,926.7,0.04,72.0,0.03,926.7,0.05,192.43,0.06,5.0,0.01,0.01,2344.916793,1776269944000
1776269945.674,245.674,0.95,237.43,0.94,55.0,0.96,58.63,0.97,926.7,0.04,42.57,0.03,926.7,0.05,247.43,0.06,60.0,0.01,0.01,2344.916793,1776269944000
1776269946.13,246.13,0.95,237.43,0.94,55.0,0.96,28.17,0.97,926.7,0.04,58.63,0.03,926.7,0.05,237.43,0.06,55.0,0.01,0.01,2344.916793,1776269944000
1776269946.345,246.345,0.95,189.43,0.94,104.8,0.96,40.14,0.97,1095.7,0.04,14.89,0.03,1095.7,0.05,209.43,0.06,75.0,0.01,0.01,2344.916793,1776269944000
1776269946.8,246.8,0.95,182.68,0.94,89.8,0.96,13.84,0.97,926.7,0.04,40.14,0.03,1095.7,0.05,157.68,0.06,104.8,0.01,0.01,2344.850078,1776269945000
1776269947.323,247.323,0.95,204.68,0.94,89.8,0.96,128.68,0.97,933.0,0.04,95.6,0.03,926.7,0.05,182.68,0.06,89.8,0.01,0.01,2344.850078,1776269945000
1776269947.584,247.584,0.95,209.68,0.94,99.8,0.96,24.2,0.97,808.0,0.04,128.68,0.03,933.0,0.05,204.68,0.06,89.8,0.01,0.01,2344.892817,1776269946000
1776269947.806,247.806,0.95,193.68,0.94,94.8,0.96,20.52,0.97,877.24,0.04,23.15,0.03,808.0,0.05,193.68,0.06,94.8,0.01,0.01,2344.892817,1776269946000
1776269948.017,248.017,0.95,171.68,0.94,94.8,0.96,19.4,0.97,877.24,0.04,19.4,0.03,877.24,0.05,193.68,0.06,94.8,0.01,0.01,2344.892817,1776269946000
1776269948.247,248.247,0.95,171.68,0.94,94.8,0.96,8.95,0.97,877.24,0.04,15.74,0.03,877.24,0.05,171.68,0.06,94.8,0.01,0.01,2344.877295,1776269947000
1776269948.451,248.451,0.95,156.68,0.94,94.8,0.96,7.9,0.97,808.0,0.04,8.95,0.03,808.0,0.05,156.68,0.06,94.8,0.01,0.01,2344.877295,1776269947000
1776269948.722,248.722,0.95,206.68,0.94,94.8,0.96,6.85,0.97,827.24,0.04,7.9,0.03,808.0,0.05,156.68,0.06,94.8,0.01,0.01,2344.877295,1776269947000
1776269949.277,249.277,0.95,206.68,0.94,94.8,0.96,4.22,0.97,827.24,0.04,6.85,0.03,827.24,0.05,206.68,0.06,94.8,0.01,0.01,2344.877295,1776269947000
1776269949.532,249.532,0.95,206.68,0.94,94.8,0.96,1.59,0.97,827.24,0.04,4.22,0.03,827.24,0.05,206.68,0.06,94.8,0.01,0.01,2344.877295,1776269947000
1776269949.808,249.808,0.95,179.68,0.94,89.8,0.97,826.49,0.98,866.72,0.04,1.59,0.03,827.24,0.05,206.68,0.06,94.8,0.02,0.01,2344.94479,1776269948000
1776269950.116,250.116,0.95,150.68,0.94,89.8,0.97,826.49,0.98,702.72,0.03,826.49,0.02,866.72,0.05,179.68,0.06,89.8,0.02,0.02,2344.94479,1776269948000
1776269950.449,250.449,0.96,5.0,0.95,150.68,0.97,991.45,0.98,702.72,0.03,826.49,0.02,702.72,0.05,150.68,0.06,89.8,0.01,0.02,2344.842395,1776269949000
1776269950.758,250.758,0.96,60.0,0.95,150.68,0.97,1157.41,0.98,702.72,0.03,991.45,0.02,702.72,0.04,55.0,0.05,150.68,0.01,0.01,2344.842395,1776269949000
1776269950.962,250.962,0.96,34.0,0.95,150.68,0.97,211.17,0.98,702.72,0.03,1151.17,0.02,702.72,0.04,34.0,0.05,155.68,0.01,0.01,2344.842395,1776269949000
1776269951.277,251.277,0.96,34.0,0.95,155.68,0.97,35.17,0.98,702.72,0.03,211.17,0.02,702.72,0.04,34.0,0.05,150.68,0.01,0.01,2344.841175,1776269950000
1776269951.519,251.519,0.96,46.0,0.95,155.68,0.97,18.86,0.98,442.0,0.03,30.17,0.02,887.72,0.04,41.0,0.05,160.68,0.01,0.01,2344.841175,1776269950000
1776269951.817,251.817,0.96,10.0,0.95,155.68,0.97,11.63,0.98,442.0,0.03,16.79,0.02,442.0,0.04,41.0,0.05,155.68,0.01,0.01,2344.841175,1776269950000
1776269952.31,252.31,0.95,77.28,0.94,57.8,0.97,186.57,0.98,433.0,0.03,166.57,0.02,257.0,0.04,2.0,0.05,95.68,0.02,0.01,2344.73736,1776269951000
1776269952.912,252.912,0.95,77.28,0.94,57.8,0.97,144.92,0.98,433.0,0.03,164.92,0.02,433.0,0.05,77.28,0.06,57.8,0.02,0.02,2344.73736,1776269951000
1776269953.772,253.772,0.95,87.28,0.94,57.8,0.96,1.67,0.97,311.92,0.03,144.92,0.02,433.0,0.05,77.28,0.06,57.8,0.01,0.02,2344.660675,1776269952000
1776269954.105,254.105,0.95,92.28,0.94,57.8,0.96,0.38,0.97,311.92,0.04,1.67,0.03,311.92,0.05,87.28,0.06,57.8,0.01,0.01,2344.660675,1776269952000
1776269954.493,254.493,0.95,114.28,0.94,39.8,0.96,30.75,0.97,144.92,0.04,0.38,0.03,311.92,0.05,92.28,0.06,57.8,0.01,0.01,2344.473014,1776269953000
1776269954.876,254.876,0.95,164.08,0.94,113.6,0.96,20.39,0.97,144.92,0.04,30.75,0.03,144.92,0.05,88.28,0.06,49.8,0.01,0.01,2344.435304,1776269954000
1776269955.297,255.297,0.95,142.68,0.94,118.6,0.96,19.34,0.97,144.92,0.04,19.34,0.03,144.92,0.05,164.08,0.06,113.6,0.01,0.01,2344.435304,1776269954000
1776269955.771,255.771,0.95,8.48,0.94,133.6,0.96,68.22,0.97,44.0,0.04,19.34,0.03,144.92,0.05,121.28,0.06,118.6,0.01,0.01,2344.435304,1776269954000
1776269956.254,256.254,0.94,153.6,0.93,159.6,0.95,26.39,0.96,68.22,0.05,17.52,0.04,68.22,0.06,133.6,0.07,94.3,0.01,0.01,2344.399195,1776269955000
1776269956.489,256.489,0.94,138.6,0.93,156.6,0.95,6.39,0.96,18.22,0.05,26.39,0.04,68.22,0.06,153.6,0.07,159.6,0.01,0.01,2344.399195,1776269955000
1776269957.445,257.445,0.94,118.6,0.93,161.6,0.96,18.22,0.97,10.0,0.05,6.39,0.04,18.22,0.06,118.6,0.07,156.6,0.02,0.01,2344.404265,1776269956000
1776269958.302,258.302,0.95,10.0,0.94,144.6,0.96,15.15,0.97,10.0,0.04,18.22,0.03,10.0,0.06,118.6,0.07,161.6,0.01,0.02,2344.272005,1776269957000
1776269958.838,258.838,0.94,139.6,0.93,127.6,0.95,21.0,0.96,15.15,0.04,15.15,0.03,10.0,0.05,10.0,0.06,144.6,0.01,0.01,2344.272005,1776269957000
1776269960.722,260.722,0.94,119.94,0.93,137.6,0.95,19.87,0.96,15.15,0.05,21.0,0.04,15.15,0.06,139.6,0.07,127.6,0.01,0.01,2344.115955,1776269959000
1776269961.643,261.643,0.95,5.0,0.94,144.94,0.96,10.15,0.97,10.0,0.05,19.87,0.04,15.15,0.06,119.94,0.07,137.6,0.01,0.01,2344.104655,1776269960000
1776269962.762,262.762,0.94,85.94,0.93,147.6,0.95,10.0,0.96,60.15,0.04,10.15,0.03,10.0,0.05,5.0,0.06,144.94,0.01,0.01,2344.035927,1776269961000
1776269963.943,263.943,0.94,100.08,0.93,157.6,0.95,8.94,0.96,60.15,0.05,10.0,0.04,60.15,0.06,75.94,0.07,147.6,0.01,0.01,2344.069148,1776269962000
1776269964.15,264.15,0.94,46.56,0.93,157.6,0.95,0.89,0.96,60.15,0.05,8.94,0.04,60.15,0.06,46.56,0.07,157.6,0.01,0.01,2344.022173,1776269963000
1776269964.966,264.966,0.94,33.72,0.93,182.6,0.97,90.13,0.98,490.7,0.05,0.89,0.04,60.15,0.06,28.72,0.07,157.6,0.03,0.01,2344.022173,1776269963000
1776269965.811,265.811,0.95,15.0,0.94,28.72,0.96,4.79,0.97,100.13,0.03,90.13,0.02,490.7,0.06,33.72,0.07,182.6,0.01,0.03,2343.868633,1776269964000
1776269966.451,266.451,0.95,10.0,0.94,28.72,0.97,24.84,0.98,490.7,0.04,4.79,0.03,100.13,0.05,15.0,0.06,28.72,0.02,0.01,2343.939859,1776269965000
1776269966.776,266.776,0.94,13.72,0.93,147.6,0.97,4.84,0.98,490.7,0.03,24.84,0.02,490.7,0.05,10.0,0.06,28.72,0.03,0.02,2343.939859,1776269965000
1776269967.186,267.186,0.94,31.0,0.93,147.6,0.95,90.0,0.97,4.84,0.03,4.84,0.02,490.7,0.05,10.0,0.07,147.6,0.01,0.02,2343.939859,1776269965000
1776269967.497,267.497,0.94,7.0,0.93,157.6,0.95,90.0,0.97,4.84,0.05,90.0,0.03,4.84,0.06,31.0,0.07,152.6,0.01,0.01,2343.860253,1776269966000
1776269968.545,268.545,0.96,30.0,0.95,20.0,0.98,257.0,0.99,7328.79,0.03,3.59,0.02,257.0,0.06,37.0,0.07,157.6,0.02,0.03,2343.860981,1776269967000
1776269968.85,268.85,0.96,26.94,0.95,20.0,0.97,10.0,0.98,257.0,0.02,257.0,0.01,7328.79,0.04,30.0,0.05,20.0,0.01,0.02,2343.860981,1776269967000
1776269970.778,270.778,0.95,53.87,0.94,42.0,0.97,110.0,0.98,203.0,0.03,10.0,0.02,257.0,0.04,26.94,0.05,20.0,0.02,0.01,2344.010454,1776269969000
1776269971.285,271.285,0.95,4.0,0.94,31.81,0.96,7.93,0.97,146.96,0.04,7.93,0.03,37.24,0.06,51.81,0.07,202.9,0.01,0.02,2344.010454,1776269969000
1776269971.674,271.674,0.95,34.0,0.94,95.61,0.98,155.93,0.99,6937.79,0.04,7.93,0.03,146.96,0.05,4.0,0.06,31.81,0.03,0.01,2344.076035,1776269970000
1776269972.905,272.905,0.97,15.0,0.96,34.0,0.98,159.83,0.99,6920.79,0.02,155.93,0.01,6937.79,0.05,34.0,0.06,95.61,0.01,0.03,2344.03745,1776269971000
1776269973.254,273.254,0.97,15.0,0.96,34.0,0.98,152.77,0.99,6900.79,0.02,153.8,0.01,6920.79,0.03,15.0,0.04,34.0,0.01,0.01,2344.03745,1776269971000
1776269973.458,273.458,0.96,12.75,0.95,90.8,0.98,146.54,0.99,6961.03,0.02,146.54,0.01,6961.03,0.03,15.0,0.04,39.0,0.02,0.01,2343.896165,1776269972000
1776269976.854,276.854,0.96,50.75,0.95,20.0,0.97,10.0,0.98,15.0,0.02,132.24,0.01,6905.79,0.04,12.75,0.05,90.8,0.01,0.02,2343.916835,1776269975000
1776269978.064,278.064,0.97,125.75,0.96,70.75,0.98,4.89,0.99,6592.95,0.02,4.89,0.01,6692.95,0.04,55.75,0.05,20.0,0.01,0.02,2343.92503,1776269976000
1776269978.377,278.377,0.97,112.75,0.96,70.75,0.98,4.89,0.99,6592.95,0.02,4.89,0.01,6592.95,0.03,125.75,0.04,70.75,0.01,0.01,2343.92503,1776269976000
1776269979.634,279.634,0.97,138.06,0.96,70.75,0.99,1617.02,,,0.02,0.81,0.01,6592.95,0.03,117.75,0.04,70.75,0.02,0.01,2344.032351,1776269978000
1776269979.885,279.885,0.98,30.0,0.97,111.06,0.99,1515.92,,,0.01,1616.92,,,0.03,138.06,0.04,70.75,0.01,0.02,2344.032351,1776269978000
1776269980.172,280.172,0.98,42.0,0.97,115.06,0.99,1606.92,,,0.01,1611.92,,,0.02,42.0,0.03,115.06,0.01,0.01,2343.94016,1776269979000
1776269980.541,280.541,0.98,37.84,0.97,105.74,0.99,1511.47,,,0.01,1512.49,,,0.02,42.84,0.03,53.31,0.01,0.01,2343.94016,1776269979000
1776269980.761,280.761,0.98,32.0,0.97,95.74,0.99,1498.28,,,0.01,1511.47,,,0.02,37.84,0.03,105.74,0.01,0.01,2343.94016,1776269979000
1776269981.403,281.403,0.98,113.5,0.97,95.74,0.99,1390.24,,,0.01,1392.27,,,0.02,32.0,0.03,95.74,0.01,0.01,2343.950285,1776269980000
1776269982.142,282.142,0.98,2.0,0.97,95.74,0.99,1235.24,,,0.01,1390.24,,,0.02,113.5,0.03,95.74,0.01,0.01,2344.39646,1776269981000
1776269982.417,282.417,0.98,2.0,0.97,95.74,0.99,1188.88,,,0.01,1194.88,,,0.02,2.0,0.03,95.74,0.01,0.01,2344.39646,1776269981000
1776269982.648,282.648,0.98,2.0,0.97,261.82,0.99,1139.36,,,0.01,1141.38,,,0.02,2.0,0.03,261.82,0.01,0.01,2344.39646,1776269981000
1776269982.886,282.886,0.98,2.0,0.97,261.82,0.99,1104.06,,,0.01,1106.08,,,0.02,2.0,0.03,261.82,0.01,0.01,2344.39646,1776269981000
1776269983.378,283.378,0.98,2.0,0.97,262.82,0.99,1082.84,,,0.01,1103.04,,,0.02,2.0,0.03,261.82,0.01,0.01,2344.432476,1776269982000
1776269983.578,283.578,0.98,2.0,0.97,96.74,0.99,1073.74,,,0.01,1075.76,,,0.02,2.0,0.03,96.74,0.01,0.01,2344.432476,1776269982000
1776269984.446,284.446,0.98,2.0,0.97,96.74,0.99,1059.67,,,0.01,1056.69,,,0.02,2.0,0.03,96.74,0.01,0.01,2344.329576,1776269983000
1776269985.012,285.012,0.97,264.14,0.96,65.0,0.98,8.97,0.99,1368.67,0.01,1059.67,,,0.03,96.74,0.04,60.0,0.01,0.02,2344.329576,1776269983000
1776269985.233,285.233,0.97,264.14,0.96,65.0,0.98,0.65,0.99,1368.67,0.02,5.75,0.01,1368.67,0.03,264.14,0.04,65.0,0.01,0.01,2344.216342,1776269984000
1776269985.442,285.442,0.97,264.14,0.96,65.0,,,,,0.02,0.65,0.01,1068.67,0.03,264.14,0.04,65.0,,0.01,2344.216342,1776269984000
1776269985.713,285.713,0.98,4.3,0.97,106.89,,,,,,,,,0.03,264.14,0.04,65.0,,,2344.216342,1776269984000
1776269987.205,287.205,0.99,0.2,0.98,4.3,,,,,,,,,0.02,4.3,0.03,116.89,,,2344.12207,1776269986000
1776269988.0,288.0,0.98,1.24,0.97,106.39,,,,,,,,,0.03,106.39,0.04,60.0,,,2344.12207,1776269986000
1776269988.66,288.66,0.99,11.99,0.98,5.0,,,,,,,,,0.03,106.39,0.04,60.0,,,2344.079195,1776269987000
1776269990.088,290.088,0.99,56.9,0.98,5.0,,,,,,,,,0.01,11.97,0.02,5.0,,,2343.851311,1776269988000
1776269992.013,292.013,0.99,41.9,0.98,5.0,,,,,,,,,0.01,56.9,0.02,5.0,,,2343.801117,1776269990000
1776269992.38,292.38,0.97,96.39,0.96,60.0,,,,,,,,,0.01,41.9,0.02,5.0,,,2343.888631,1776269991000
1776269992.721,292.721,0.98,5.0,0.97,73.02,0.99,2518.0,,,,,,,0.03,73.02,0.04,60.0,0.01,,2343.888631,1776269991000
1776269992.935,292.935,0.98,5.0,0.97,73.02,0.99,2448.31,,,0.01,2453.36,,,0.02,5.0,0.03,73.02,0.01,0.01,2343.888631,1776269991000
1776269993.244,293.244,0.98,137.0,0.97,73.02,0.99,2435.28,,,0.01,2438.31,,,0.02,5.0,0.03,73.02,0.01,0.01,2343.80013,1776269992000
1776269993.517,293.517,0.98,137.0,0.97,73.02,0.99,2405.17,,,0.01,2425.17,,,0.02,137.0,0.03,73.02,0.01,0.01,2343.80013,1776269992000
1776269993.775,293.775,0.98,137.0,0.97,73.02,0.99,2359.81,,,0.01,2395.17,,,0.02,137.0,0.03,73.02,0.01,0.01,2343.80013,1776269992000
1776269994.421,294.421,0.98,137.0,0.97,73.02,0.99,2354.81,,,0.01,2359.81,,,0.02,137.0,0.03,73.02,0.01,0.01,2343.599591,1776269993000
1776269994.722,294.722,0.98,142.0,0.97,73.02,0.99,2348.24,,,0.01,2353.29,,,0.02,137.0,0.03,73.02,0.01,0.01,2343.599591,1776269993000
1776269995.016,295.016,0.98,137.0,0.97,73.02,0.99,2252.73,,,0.01,2272.94,,,0.02,142.0,0.03,73.02,0.01,0.01,2343.599591,1776269993000
1776269995.325,295.325,0.98,142.0,0.97,73.02,0.99,2172.38,,,0.01,2247.68,,,0.02,137.0,0.03,73.02,0.01,0.01,2343.51743,1776269994000
1776269995.624,295.624,0.98,137.0,0.97,48.02,0.99,2085.33,,,0.01,2090.38,,,0.02,142.0,0.03,73.02,0.01,0.01,2343.51743,1776269994000
1776269995.89,295.89,0.98,137.0,0.97,48.02,0.99,1806.47,,,0.01,1957.99,,,0.02,137.0,0.03,48.02,0.01,0.01,2343.51743,1776269994000
1776269996.09,296.09,0.98,137.0,0.97,48.02,0.99,1768.08,,,0.01,1796.37,,,0.02,137.0,0.03,48.02,0.01,0.01,2343.515631,1776269995000
1776269997.827,297.827,0.99,3507.74,0.98,209.0,,,,,,,,,0.01,247.94,0.02,341.0,,,2343.518995,1776269996000
1776269998.545,298.545,0.99,6372.85,0.98,209.0,,,,,,,,,0.01,3903.74,0.02,209.0,,,2343.51134,1776269997000
1776269999.186,299.186,0.99,10899.64,0.98,311.0,,,,,,,,,0.01,8140.85,0.02,209.0,,,2343.500865,1776269998000
1776269999.603,299.603,0.99,11073.23,0.98,311.0,,,,,,,,,0.01,10899.64,0.02,311.0,,,2343.500865,1776269998000

# RESULT,winner=Up,slug=eth-updown-5m-1776269700,ticks=413
