timestamp,elapsed_sec,up_bid_p1,up_bid_s1,up_bid_p2,up_bid_s2,up_ask_p1,up_ask_s1,up_ask_p2,up_ask_s2,down_bid_p1,down_bid_s1,down_bid_p2,down_bid_s2,down_ask_p1,down_ask_s1,down_ask_p2,down_ask_s2,up_spread,down_spread,eth_price,eth_oracle_ts
1776199501.437,1.437,0.5,25.0,0.46,100.0,0.51,2.74,0.54,100.0,0.49,2.74,0.48,5.0,0.5,25.0,0.54,100.0,0.01,0.01,2315.683455,1776199499000
1776199501.812,1.812,0.5,25.0,0.46,100.0,0.51,2.74,0.54,100.0,0.49,7.74,0.48,10.0,0.5,17.0,0.51,17.0,0.01,0.01,2315.543509,1776199500000
1776199502.045,2.045,0.5,17.0,0.49,17.0,0.51,7.74,0.52,10.0,0.49,7.74,0.48,10.0,0.5,17.0,0.51,17.0,0.01,0.01,2315.575938,1776199501000
1776199502.504,2.504,0.5,24.84,0.49,27.0,0.51,7.74,0.52,5.0,0.49,7.74,0.48,10.0,0.5,17.0,0.51,17.0,0.01,0.01,2315.575938,1776199501000
1776199503.186,3.186,0.5,25.0,0.49,27.0,0.51,7.74,0.52,10.0,0.49,7.74,0.48,5.0,0.5,24.84,0.51,27.0,0.01,0.01,2315.575938,1776199501000
1776199503.455,3.455,0.5,25.0,0.49,27.0,0.51,7.74,0.52,10.0,0.49,7.74,0.48,10.0,0.5,25.0,0.51,27.0,0.01,0.01,2315.580145,1776199502000
1776199503.79,3.79,0.5,40.0,0.49,27.0,0.51,5.62,0.52,20.0,0.49,7.74,0.48,10.0,0.5,25.0,0.51,27.0,0.01,0.01,2315.580145,1776199502000
1776199504.166,4.166,0.5,42.88,0.49,32.0,0.51,20.62,0.52,25.0,0.49,5.62,0.48,20.0,0.5,40.0,0.51,27.0,0.01,0.01,2315.58134,1776199503000
1776199504.879,4.879,0.5,78.8,0.49,32.0,0.51,28.17,0.52,5.0,0.49,20.62,0.48,25.0,0.5,42.88,0.51,32.0,0.01,0.01,2315.58134,1776199503000
1776199505.162,5.162,0.5,154.92,0.49,102.0,0.51,18.17,0.53,5.0,0.49,28.17,0.48,5.0,0.5,78.8,0.51,32.0,0.01,0.01,2315.595,1776199504000
1776199505.952,5.952,0.56,15.0,0.55,27.0,0.57,16.74,0.58,10.0,0.43,1.74,0.42,18.0,0.48,10.0,0.49,80.0,0.01,0.05,2315.595,1776199504000
1776199506.271,6.271,0.56,10.0,0.55,27.0,0.57,6.74,0.58,10.0,0.43,16.74,0.42,10.0,0.44,15.0,0.45,27.0,0.01,0.01,2315.592,1776199505000
1776199506.779,6.779,0.56,25.0,0.55,27.0,0.57,6.74,0.58,20.0,0.43,6.74,0.42,10.0,0.44,10.0,0.45,27.0,0.01,0.01,2315.592,1776199505000
1776199507.07,7.07,0.56,25.0,0.55,27.0,0.57,6.74,0.58,20.0,0.43,6.74,0.42,20.0,0.44,25.0,0.45,27.0,0.01,0.01,2315.65292,1776199506000
1776199507.335,7.335,0.57,15.0,0.56,20.0,0.59,102.82,0.6,38.0,0.42,12.41,0.41,103.0,0.43,10.0,0.44,25.0,0.02,0.01,2315.65292,1776199506000
1776199507.877,7.877,0.56,10.0,0.55,30.0,0.57,15.0,0.58,16.0,0.41,102.82,0.4,43.0,0.43,14.88,0.44,20.0,0.01,0.02,2315.65292,1776199506000
1776199508.094,8.094,0.55,25.0,0.54,38.0,0.56,10.0,0.57,25.0,0.43,20.0,0.42,16.0,0.45,30.0,0.46,38.0,0.01,0.02,2315.65292,1776199506000
1776199508.766,8.766,0.53,18.0,0.52,20.0,0.56,195.0,0.57,25.0,0.44,20.0,0.43,20.0,0.45,15.0,0.46,38.0,0.03,0.01,2315.8448,1776199507000
1776199509.017,9.017,0.52,33.0,0.51,13.0,0.53,7.92,0.54,3.88,0.46,3.88,0.45,15.0,0.48,33.0,0.49,13.0,0.01,0.02,2315.8448,1776199507000
1776199509.358,9.358,0.52,43.0,0.51,23.0,0.53,3.89,0.54,3.88,0.47,5.97,0.46,3.88,0.48,23.0,0.49,13.0,0.01,0.01,2315.87433,1776199508000
1776199509.737,9.737,0.52,48.0,0.51,36.0,0.53,1.81,0.54,8.88,0.47,3.89,0.46,3.88,0.48,43.0,0.49,23.0,0.01,0.01,2315.87433,1776199508000
1776199510.341,10.341,0.52,48.0,0.51,36.0,0.53,1.81,0.54,8.88,0.47,1.81,0.46,8.88,0.48,48.0,0.49,36.0,0.01,0.01,2315.842165,1776199509000
1776199510.985,10.985,0.52,22.45,0.51,23.0,0.54,198.88,0.55,20.0,0.46,8.88,0.45,200.0,0.48,49.0,0.49,46.0,0.02,0.02,2315.842165,1776199509000
1776199511.355,11.355,0.52,24.32,0.51,35.0,0.53,13.11,0.54,193.88,0.47,13.11,0.46,193.88,0.48,27.45,0.49,35.0,0.01,0.01,2315.842165,1776199509000
1776199511.584,11.584,0.52,19.32,0.51,35.0,0.53,18.11,0.54,193.88,0.47,13.11,0.46,193.88,0.48,24.32,0.49,35.0,0.01,0.01,2315.716075,1776199510000
1776199511.795,11.795,0.52,29.02,0.51,35.0,0.53,13.11,0.54,193.88,0.47,18.11,0.46,193.88,0.48,19.32,0.49,35.0,0.01,0.01,2315.716075,1776199510000
1776199512.149,12.149,0.52,22.32,0.51,35.0,0.53,13.11,0.54,193.88,0.47,13.11,0.46,193.88,0.48,22.32,0.49,35.0,0.01,0.01,2315.840047,1776199511000
1776199513.266,13.266,0.52,22.32,0.51,35.0,0.53,13.11,0.54,193.88,0.47,13.11,0.46,193.88,0.48,22.32,0.49,35.0,0.01,0.01,2315.739441,1776199512000
1776199513.647,13.647,0.52,47.0,0.51,45.0,0.53,5.0,0.54,193.88,0.47,5.0,0.46,193.88,0.48,52.0,0.49,45.0,0.01,0.01,2315.739441,1776199512000
1776199514.34,14.34,0.52,47.0,0.51,45.0,0.53,5.0,0.54,193.88,0.47,5.0,0.46,193.88,0.48,47.0,0.49,45.0,0.01,0.01,2315.68139,1776199513000
1776199514.827,14.827,0.52,54.32,0.51,45.0,0.53,5.0,0.54,188.88,0.47,5.0,0.46,193.88,0.48,47.0,0.49,45.0,0.01,0.01,2315.68139,1776199513000
1776199515.966,15.966,0.52,64.32,0.51,51.0,0.54,187.72,0.55,10.0,0.47,5.0,0.46,188.88,0.48,54.32,0.49,45.0,0.02,0.01,2315.68139,1776199513000
1776199516.303,16.303,0.53,134.5,0.52,218.34,0.56,5.5,0.57,15.5,0.46,5.0,0.44,10.5,0.47,119.5,0.48,228.34,0.03,0.01,2315.68139,1776199513000
1776199517.232,17.232,0.56,15.0,0.55,20.0,0.57,1.0,0.58,15.0,0.43,1.0,0.42,15.0,0.44,15.0,0.45,20.0,0.01,0.01,2315.799476,1776199516000
1776199517.983,17.983,0.56,30.0,0.55,46.0,0.57,19.41,0.58,40.5,0.43,9.41,0.42,40.5,0.44,25.0,0.45,41.0,0.01,0.01,2315.799476,1776199516000
1776199518.363,18.363,0.56,25.0,0.55,46.0,0.57,14.41,0.58,40.5,0.43,19.41,0.42,40.5,0.44,30.0,0.45,46.0,0.01,0.01,2315.799476,1776199516000
1776199518.757,18.757,0.56,25.0,0.55,46.0,0.57,14.41,0.58,40.5,0.43,14.41,0.42,40.5,0.44,25.0,0.45,46.0,0.01,0.01,2315.830473,1776199517000
1776199519.256,19.256,0.56,22.9,0.55,35.0,0.57,9.41,0.58,40.5,0.43,14.41,0.42,40.5,0.44,25.0,0.45,46.0,0.01,0.01,2315.830473,1776199517000
1776199519.567,19.567,0.57,10.0,0.56,17.9,0.58,219.5,0.59,78.12,0.43,9.41,0.42,40.5,0.44,22.9,0.45,35.0,0.01,0.01,2315.874965,1776199518000
1776199519.939,19.939,0.56,15.46,0.55,35.0,0.57,20.5,0.58,229.5,0.42,219.5,0.41,78.12,0.43,10.0,0.44,17.9,0.01,0.01,2315.874965,1776199518000
1776199520.805,20.805,0.56,15.46,0.55,35.0,0.57,17.37,0.58,234.5,0.43,22.7,0.42,229.5,0.44,15.46,0.45,35.0,0.01,0.01,2315.865703,1776199519000
1776199521.305,21.305,0.56,15.46,0.55,35.0,0.57,17.37,0.58,234.5,0.43,17.37,0.42,234.5,0.44,15.46,0.45,35.0,0.01,0.01,2315.81472,1776199520000
1776199522.023,22.023,0.56,15.46,0.55,35.0,0.57,17.37,0.58,234.5,0.43,17.37,0.42,234.5,0.44,15.46,0.45,35.0,0.01,0.01,2315.863325,1776199521000
1776199522.675,22.675,0.57,9.88,0.56,10.46,0.58,224.0,0.59,78.12,0.43,17.37,0.42,234.5,0.44,15.46,0.45,35.0,0.01,0.01,2315.863325,1776199521000
1776199523.185,23.185,0.57,9.88,0.56,10.46,0.58,224.0,0.59,78.12,0.42,224.0,0.41,78.12,0.43,9.88,0.44,10.46,0.01,0.01,2315.813485,1776199522000
1776199524.137,24.137,0.57,9.88,0.56,20.96,0.58,218.25,0.59,72.62,0.42,224.0,0.41,78.12,0.43,9.88,0.44,10.46,0.01,0.01,2315.813485,1776199522000
1776199524.372,24.372,0.57,9.88,0.56,20.96,0.58,218.25,0.59,72.62,0.42,218.25,0.41,72.62,0.43,9.88,0.44,20.96,0.01,0.01,2315.821655,1776199523000
1776199524.896,24.896,0.57,9.88,0.56,20.96,0.58,199.26,0.59,67.62,0.42,218.25,0.41,72.62,0.43,9.88,0.44,20.96,0.01,0.01,2315.821655,1776199523000
1776199526.028,26.028,0.57,9.88,0.56,20.96,0.58,199.26,0.59,67.62,0.42,199.26,0.41,67.62,0.43,9.88,0.44,20.96,0.01,0.01,2315.823795,1776199525000
1776199527.248,27.248,0.57,9.88,0.56,20.96,0.58,199.26,0.59,67.62,0.42,199.26,0.41,67.62,0.43,9.88,0.44,20.96,0.01,0.01,2315.83627,1776199526000
1776199528.341,28.341,0.57,9.88,0.56,20.96,0.58,199.26,0.59,67.62,0.42,199.26,0.41,67.62,0.43,9.88,0.44,20.96,0.01,0.01,2315.854646,1776199527000
1776199528.964,28.964,0.57,9.88,0.56,20.96,0.58,199.26,0.59,67.62,0.42,199.26,0.41,67.62,0.43,9.88,0.44,20.96,0.01,0.01,2315.841945,1776199528000
1776199530.121,30.121,0.57,9.88,0.56,20.96,0.58,199.26,0.59,67.62,0.42,199.26,0.41,67.62,0.43,9.88,0.44,20.96,0.01,0.01,2315.845365,1776199529000
1776199530.385,30.385,0.48,5.0,0.47,5.0,0.49,12.2,0.54,25.5,0.44,212.5,0.43,33.5,0.47,15.0,0.49,8.0,0.01,0.03,2315.845365,1776199529000
1776199530.619,30.619,0.48,9.33,0.47,5.0,0.49,22.0,0.5,100.0,0.51,15.0,0.5,135.1,0.52,9.43,0.53,5.0,0.01,0.01,2315.845365,1776199529000
1776199531.158,31.158,0.48,36.33,0.47,10.0,0.49,22.0,0.5,100.0,0.51,22.0,0.5,100.0,0.52,9.33,0.53,5.0,0.01,0.01,2315.845365,1776199529000
1776199531.405,31.405,0.48,11.33,0.47,5.0,0.49,202.0,0.5,145.1,0.51,202.0,0.5,105.0,0.52,9.33,0.53,10.0,0.01,0.01,2315.857436,1776199530000
1776199531.909,31.909,0.46,24.23,0.45,25.5,0.47,12.57,0.48,20.5,0.51,217.5,0.5,115.5,0.54,14.23,0.55,20.5,0.01,0.03,2315.857436,1776199530000
1776199532.317,32.317,0.46,24.23,0.45,25.5,0.47,12.57,0.48,20.5,0.53,12.57,0.52,20.5,0.54,24.23,0.55,25.5,0.01,0.01,2315.70125,1776199531000
1776199532.557,32.557,0.46,44.23,0.45,25.5,0.47,5.42,0.48,25.5,0.53,12.57,0.52,20.5,0.54,24.23,0.55,25.5,0.01,0.01,2315.70125,1776199531000
1776199532.901,32.901,0.46,44.23,0.45,25.5,0.47,5.42,0.48,25.5,0.53,5.42,0.52,25.5,0.54,44.23,0.55,25.5,0.01,0.01,2315.45537,1776199532000
1776199533.399,33.399,0.46,34.14,0.39,5.0,0.47,305.25,0.48,33.5,0.52,23.47,0.51,207.5,0.54,44.23,0.55,25.5,0.01,0.02,2315.45537,1776199532000
1776199533.775,33.775,0.37,28.5,0.36,41.4,0.39,74.47,0.4,80.0,0.62,7.29,0.61,80.0,0.64,44.4,0.65,30.5,0.02,0.02,2315.45537,1776199532000
1776199534.04,34.04,0.37,16.5,0.36,41.4,0.38,22.94,0.39,79.47,0.62,20.0,0.61,79.47,0.63,16.5,0.64,41.4,0.01,0.01,2315.45537,1776199532000
1776199534.595,34.595,0.37,16.5,0.36,41.4,0.38,22.94,0.39,79.47,0.62,22.94,0.61,79.47,0.63,16.5,0.64,41.4,0.01,0.01,2315.362924,1776199533000
1776199534.88,34.88,0.45,20.0,0.44,15.0,0.46,8.0,0.47,80.0,0.62,22.94,0.61,79.47,0.63,16.5,0.64,41.4,0.01,0.01,2315.362924,1776199533000
1776199535.294,35.294,0.45,37.27,0.44,35.5,0.46,0.17,0.47,90.5,0.54,0.17,0.53,90.5,0.55,37.27,0.56,35.5,0.01,0.01,2315.070234,1776199534000
1776199535.519,35.519,0.45,31.81,0.44,35.5,0.46,1.17,0.47,90.5,0.54,6.17,0.53,90.5,0.55,42.27,0.56,35.5,0.01,0.01,2315.070234,1776199534000
1776199535.783,35.783,0.45,34.9,0.44,30.5,0.47,101.5,0.48,90.0,0.54,1.17,0.53,90.5,0.55,31.81,0.56,35.5,0.02,0.01,2315.070234,1776199534000
1776199536.119,36.119,0.45,31.55,0.44,30.5,0.47,101.5,0.48,90.0,0.53,101.5,0.52,90.0,0.55,34.9,0.56,30.5,0.02,0.02,2315.070234,1776199534000
1776199536.367,36.367,0.45,5.55,0.44,30.5,0.46,16.0,0.47,95.5,0.53,101.5,0.52,90.0,0.55,31.55,0.56,30.5,0.01,0.02,2315.070234,1776199534000
1776199536.627,36.627,0.45,5.55,0.44,30.5,0.46,16.0,0.47,95.5,0.54,16.0,0.53,95.5,0.55,5.55,0.56,30.5,0.01,0.01,2314.903015,1776199535000
1776199537.131,37.131,0.45,10.0,0.44,30.5,0.47,276.18,0.48,90.0,0.54,16.0,0.53,95.5,0.55,5.55,0.56,30.5,0.02,0.01,2314.903015,1776199535000
1776199538.128,38.128,0.45,10.0,0.44,30.5,0.46,185.57,0.47,96.0,0.53,276.18,0.52,90.0,0.55,10.0,0.56,30.5,0.01,0.02,2315.12158,1776199536000
1776199538.397,38.397,0.45,10.0,0.44,30.5,0.46,185.57,0.47,96.0,0.54,185.57,0.53,96.0,0.55,10.0,0.56,30.5,0.01,0.01,2315.18405,1776199537000
1776199539.02,39.02,0.45,10.0,0.44,30.5,0.46,185.57,0.47,96.0,0.54,185.57,0.53,96.0,0.55,10.0,0.56,30.5,0.01,0.01,2315.19431,1776199538000
1776199539.419,39.419,0.45,22.0,0.44,45.5,0.46,185.57,0.47,96.0,0.54,190.57,0.53,96.0,0.55,22.0,0.56,40.5,0.01,0.01,2315.19431,1776199538000
1776199540.291,40.291,0.45,22.0,0.44,45.5,0.46,185.57,0.47,96.0,0.54,185.57,0.53,96.0,0.55,22.0,0.56,45.5,0.01,0.01,2315.184775,1776199539000
1776199541.348,41.348,0.45,23.5,0.44,40.5,0.46,179.7,0.47,101.0,0.54,179.7,0.53,106.0,0.55,27.5,0.56,40.5,0.01,0.01,2315.184775,1776199539000
1776199541.595,41.595,0.45,23.5,0.44,40.5,0.46,179.7,0.47,101.0,0.54,179.7,0.53,101.0,0.55,23.5,0.56,40.5,0.01,0.01,2315.17587,1776199540000
1776199542.186,42.186,0.45,23.5,0.44,40.5,0.46,179.7,0.47,101.0,0.54,179.7,0.53,101.0,0.55,23.5,0.56,40.5,0.01,0.01,2315.172265,1776199541000
1776199543.488,43.488,0.45,23.5,0.44,40.5,0.46,179.7,0.47,101.0,0.54,179.7,0.53,101.0,0.55,23.5,0.56,40.5,0.01,0.01,2315.177305,1776199542000
1776199544.103,44.103,0.45,28.5,0.44,35.5,0.47,119.93,0.48,85.0,0.54,179.7,0.53,101.0,0.55,23.5,0.56,40.5,0.02,0.01,2315.177305,1776199542000
1776199545.208,45.208,0.45,26.75,0.44,45.5,0.46,10.0,0.47,26.0,0.53,119.93,0.52,85.0,0.55,28.5,0.56,35.5,0.01,0.02,2315.18721,1776199543000
1776199546.075,46.075,0.45,16.65,0.44,45.5,0.46,10.0,0.47,26.0,0.54,10.0,0.53,26.0,0.55,16.65,0.56,45.5,0.01,0.01,2315.18733,1776199545000
1776199547.342,47.342,0.45,16.65,0.44,45.5,0.47,14.51,0.48,85.0,0.53,14.51,0.52,85.0,0.55,16.65,0.56,45.5,0.02,0.02,2315.18809,1776199546000
1776199548.013,48.013,0.45,16.65,0.44,45.5,0.47,14.51,0.48,85.0,0.53,14.51,0.52,85.0,0.55,16.65,0.56,45.5,0.02,0.02,2315.185955,1776199547000
1776199548.756,48.756,0.41,186.37,0.4,15.0,0.46,10.0,0.47,14.51,0.53,14.51,0.52,85.0,0.55,16.65,0.56,45.5,0.05,0.02,2315.185955,1776199547000
1776199549.098,49.098,0.41,186.37,0.4,15.0,0.46,10.0,0.47,14.51,0.54,10.0,0.53,14.51,0.59,186.37,0.6,15.0,0.05,0.05,2315.180955,1776199548000
1776199549.609,49.609,0.43,5.0,0.42,72.5,0.44,10.0,0.45,10.0,0.54,10.0,0.53,14.51,0.59,186.37,0.6,15.0,0.01,0.05,2315.180955,1776199548000
1776199550.198,50.198,0.43,5.0,0.42,72.5,0.44,10.0,0.45,10.0,0.56,10.0,0.55,10.0,0.57,5.0,0.58,72.5,0.01,0.01,2315.185575,1776199549000
1776199551.249,51.249,0.43,5.0,0.42,72.5,0.44,10.0,0.45,10.0,0.56,10.0,0.55,10.0,0.57,5.0,0.58,72.5,0.01,0.01,2315.185585,1776199550000
1776199552.389,52.389,0.43,5.0,0.42,72.5,0.44,10.0,0.45,10.0,0.56,10.0,0.55,10.0,0.57,5.0,0.58,72.5,0.01,0.01,2315.18561,1776199551000
1776199552.972,52.972,0.43,5.0,0.42,72.5,0.44,10.0,0.45,10.0,0.56,10.0,0.55,10.0,0.57,5.0,0.58,72.5,0.01,0.01,2315.1884,1776199552000
1776199554.277,54.277,0.43,5.0,0.42,72.5,0.44,10.0,0.45,10.0,0.56,10.0,0.55,10.0,0.57,5.0,0.58,72.5,0.01,0.01,2315.188915,1776199553000
1776199555.299,55.299,0.43,5.0,0.42,72.5,0.44,10.0,0.45,10.0,0.56,10.0,0.55,10.0,0.57,5.0,0.58,72.5,0.01,0.01,2315.18776,1776199554000
1776199556.293,56.293,0.43,5.0,0.42,72.5,0.44,10.0,0.45,10.0,0.56,10.0,0.55,10.0,0.57,5.0,0.58,72.5,0.01,0.01,2315.16776,1776199555000
1776199556.919,56.919,0.43,5.0,0.42,72.5,0.44,10.0,0.45,10.0,0.56,10.0,0.55,10.0,0.57,5.0,0.58,72.5,0.01,0.01,2315.17188,1776199556000
1776199558.018,58.018,0.43,5.0,0.42,72.5,0.44,10.0,0.45,10.0,0.56,10.0,0.55,10.0,0.57,5.0,0.58,72.5,0.01,0.01,2315.17188,1776199557000
1776199559.091,59.091,0.43,5.0,0.42,72.5,0.44,10.0,0.45,10.0,0.56,10.0,0.55,10.0,0.57,5.0,0.58,72.5,0.01,0.01,2315.16896,1776199558000
1776199559.971,59.971,0.43,44.64,0.42,232.5,0.44,15.0,0.45,25.0,0.56,10.0,0.55,10.0,0.57,5.0,0.58,72.5,0.01,0.01,2315.16896,1776199558000
1776199560.443,60.443,0.43,49.55,0.42,232.5,0.44,15.0,0.45,25.0,0.56,15.0,0.55,25.0,0.57,44.64,0.58,232.5,0.01,0.01,2315.172225,1776199559000
1776199561.217,61.217,0.43,49.55,0.42,232.5,0.44,15.0,0.45,25.0,0.56,15.0,0.55,25.0,0.57,49.55,0.58,232.5,0.01,0.01,2315.172205,1776199560000
1776199562.168,62.168,0.43,49.55,0.42,232.5,0.44,15.0,0.45,25.0,0.56,15.0,0.55,25.0,0.57,49.55,0.58,232.5,0.01,0.01,2315.1774,1776199561000
1776199563.288,63.288,0.43,49.55,0.42,232.5,0.44,15.0,0.45,25.0,0.56,15.0,0.55,25.0,0.57,49.55,0.58,232.5,0.01,0.01,2315.18696,1776199562000
1776199564.461,64.461,0.43,49.55,0.42,232.5,0.44,15.0,0.45,25.0,0.56,15.0,0.55,25.0,0.57,49.55,0.58,232.5,0.01,0.01,2315.20212,1776199563000
1776199565.049,65.049,0.43,49.55,0.42,232.5,0.44,15.0,0.45,25.0,0.56,15.0,0.55,25.0,0.57,49.55,0.58,232.5,0.01,0.01,2315.215845,1776199564000
1776199566.02,66.02,0.43,49.55,0.42,215.5,0.44,25.0,0.45,40.5,0.56,15.0,0.55,25.0,0.57,49.55,0.58,232.5,0.01,0.01,2315.215845,1776199564000
1776199567.341,67.341,0.43,49.55,0.42,215.5,0.44,25.0,0.45,40.5,0.56,25.0,0.55,40.5,0.57,49.55,0.58,215.5,0.01,0.01,2315.200175,1776199566000
1776199567.951,67.951,0.43,49.55,0.42,215.5,0.44,25.0,0.45,40.5,0.56,25.0,0.55,40.5,0.57,49.55,0.58,215.5,0.01,0.01,2315.200655,1776199567000
1776199568.426,68.426,0.44,69.53,0.43,70.05,0.45,5.0,0.46,5.0,0.56,25.0,0.55,40.5,0.57,49.55,0.58,215.5,0.01,0.01,2315.200655,1776199567000
1776199568.763,68.763,0.46,377.72,0.45,25.5,0.47,5.0,0.5,5.0,0.53,23.56,0.52,41.5,0.56,64.53,0.57,70.05,0.01,0.03,2315.200655,1776199567000
1776199569.013,69.013,0.49,89.02,0.48,32.0,0.53,10.0,0.54,13.0,0.5,5.0,0.48,81.1,0.51,14.02,0.52,10.0,0.04,0.01,2315.200655,1776199567000
1776199569.353,69.353,0.57,139.0,0.56,15.0,0.58,2.62,0.59,15.0,0.46,13.0,0.42,9.26,0.47,60.0,0.48,195.0,0.01,0.01,2315.198655,1776199568000
1776199569.642,69.642,0.61,60.0,0.6,10.0,0.62,83.1,0.63,190.0,0.42,2.62,0.41,15.0,0.43,139.0,0.44,15.0,0.01,0.01,2315.198655,1776199568000
1776199570.3,70.3,0.62,10.0,0.61,20.5,0.63,180.76,0.64,91.5,0.37,180.76,0.36,91.5,0.38,10.0,0.39,20.5,0.01,0.01,2315.25485,1776199569000
1776199570.746,70.746,0.62,45.0,0.61,60.5,0.63,189.67,0.64,10.0,0.37,180.76,0.36,91.5,0.38,10.0,0.39,20.5,0.01,0.01,2315.25485,1776199569000
1776199570.971,70.971,0.62,42.36,0.61,60.5,0.63,189.67,0.64,10.0,0.37,189.67,0.36,10.0,0.38,42.36,0.39,60.5,0.01,0.01,2315.782574,1776199570000
1776199571.974,71.974,0.62,69.36,0.61,50.0,0.63,198.67,0.64,14.0,0.37,189.67,0.36,5.0,0.38,76.86,0.39,60.5,0.01,0.01,2315.782574,1776199570000
1776199572.427,72.427,0.62,66.21,0.61,56.0,0.63,193.67,0.64,19.0,0.37,198.67,0.36,14.0,0.38,69.36,0.39,50.0,0.01,0.01,2316.09716,1776199571000
1776199573.231,73.231,0.62,68.57,0.61,50.0,0.63,193.67,0.64,19.0,0.37,193.67,0.36,19.0,0.38,68.57,0.39,50.0,0.01,0.01,2316.128505,1776199572000
1776199574.152,74.152,0.62,88.57,0.61,50.0,0.63,154.16,0.64,24.0,0.37,193.67,0.36,19.0,0.38,68.57,0.39,50.0,0.01,0.01,2316.128505,1776199572000
1776199574.657,74.657,0.65,51.29,0.64,20.5,0.66,19.89,0.67,27.0,0.37,154.16,0.36,24.0,0.38,88.57,0.39,50.0,0.01,0.01,2316.128445,1776199573000
1776199575.204,75.204,0.66,153.79,0.65,51.72,0.67,2.29,0.68,45.0,0.33,7.37,0.32,45.0,0.34,158.79,0.35,51.72,0.01,0.01,2316.145495,1776199574000
1776199575.447,75.447,0.66,158.79,0.65,51.72,0.67,0.79,0.68,40.0,0.33,2.29,0.32,45.0,0.34,153.79,0.35,51.72,0.01,0.01,2316.145495,1776199574000
1776199575.666,75.666,0.66,131.5,0.65,21.72,0.68,40.0,0.71,62.0,0.33,0.79,0.32,40.0,0.34,158.79,0.35,51.72,0.02,0.01,2316.145495,1776199574000
1776199575.927,75.927,0.66,131.5,0.65,21.72,0.68,40.0,0.71,62.0,0.32,40.0,0.29,62.0,0.34,131.5,0.35,21.72,0.02,0.02,2316.146605,1776199575000
1776199576.331,76.331,0.67,64.59,0.66,81.5,0.68,10.0,0.69,16.0,0.32,40.0,0.29,62.0,0.34,131.5,0.35,21.72,0.01,0.02,2316.146605,1776199575000
1776199576.563,76.563,0.67,150.59,0.66,92.5,0.71,30.62,0.72,209.0,0.29,36.0,0.28,209.0,0.33,150.59,0.34,92.5,0.04,0.04,2316.146605,1776199575000
1776199576.836,76.836,0.7,170.5,0.69,20.5,0.71,29.07,0.72,227.0,0.29,20.62,0.28,209.0,0.3,135.5,0.31,20.5,0.01,0.01,2316.146605,1776199575000
1776199577.079,77.079,0.7,170.5,0.69,20.5,0.71,29.07,0.72,227.0,0.29,29.07,0.28,227.0,0.3,170.5,0.31,20.5,0.01,0.01,2316.373175,1776199576000
1776199577.57,77.57,0.7,44.14,0.69,20.5,0.71,56.55,0.72,226.0,0.29,37.66,0.28,232.0,0.3,90.5,0.31,20.5,0.01,0.01,2316.373175,1776199576000
1776199578.054,78.054,0.7,59.01,0.69,20.5,0.71,41.85,0.72,231.0,0.29,31.85,0.28,226.0,0.3,40.37,0.31,20.5,0.01,0.01,2316.373175,1776199576000
1776199578.454,78.454,0.7,50.0,0.69,20.5,0.71,18.64,0.72,226.0,0.29,44.77,0.28,226.0,0.3,15.0,0.31,20.5,0.01,0.01,2316.456377,1776199577000
1776199578.976,78.976,0.72,90.14,0.71,131.5,0.73,10.0,0.74,21.0,0.29,23.64,0.28,226.0,0.3,38.64,0.31,20.5,0.01,0.01,2316.456377,1776199577000
1776199579.264,79.264,0.74,30.5,0.73,250.5,0.75,3.0,0.76,22.0,0.26,12.44,0.25,17.0,0.28,177.14,0.29,133.5,0.01,0.02,2316.456377,1776199577000
1776199579.479,79.479,0.76,80.5,0.75,45.5,0.77,39.4,0.78,19.0,0.23,39.4,0.22,19.0,0.24,55.5,0.25,50.5,0.01,0.01,2316.456377,1776199577000
1776199579.743,79.743,0.76,148.97,0.75,50.5,0.77,55.4,0.78,19.0,0.23,39.4,0.22,19.0,0.24,80.5,0.25,45.5,0.01,0.01,2316.456377,1776199577000
1776199579.994,79.994,0.76,148.97,0.75,50.5,0.77,45.7,0.78,19.0,0.23,53.7,0.22,19.0,0.24,148.97,0.25,50.5,0.01,0.01,2316.456377,1776199577000
1776199580.272,80.272,0.76,148.97,0.75,50.5,0.77,33.0,0.78,24.0,0.23,33.0,0.22,24.0,0.24,148.97,0.25,50.5,0.01,0.01,2316.685112,1776199579000
1776199581.107,81.107,0.76,142.97,0.75,251.5,0.77,10.0,0.78,24.0,0.23,33.0,0.22,24.0,0.24,148.97,0.25,50.5,0.01,0.01,2316.685112,1776199579000
1776199581.647,81.647,0.77,155.5,0.76,62.97,0.78,5.8,0.79,204.0,0.22,15.8,0.21,199.0,0.23,25.5,0.24,152.97,0.01,0.01,2316.685112,1776199579000
1776199581.869,81.869,0.77,155.5,0.76,62.97,0.78,5.8,0.79,204.0,0.22,5.8,0.21,204.0,0.23,155.5,0.24,62.97,0.01,0.01,2316.89427,1776199580000
1776199582.19,82.19,0.78,155.5,0.77,86.5,0.79,18.93,0.8,40.0,0.22,5.8,0.21,204.0,0.23,155.5,0.24,62.97,0.01,0.01,2316.89427,1776199580000
1776199582.515,82.515,0.78,140.0,0.77,86.5,0.79,27.31,0.8,40.0,0.21,16.27,0.2,40.0,0.22,150.5,0.23,86.5,0.01,0.01,2316.89427,1776199580000
1776199582.804,82.804,0.78,55.0,0.77,40.5,0.79,51.41,0.8,241.05,0.21,27.31,0.2,40.0,0.22,140.0,0.23,86.5,0.01,0.01,2317.05913,1776199581000
1776199583.353,83.353,0.77,40.5,0.76,35.5,0.79,48.29,0.8,241.05,0.21,48.29,0.2,241.05,0.23,40.5,0.24,35.5,0.02,0.02,2317.180315,1776199582000
1776199584.123,84.123,0.78,40.45,0.77,35.5,0.79,43.29,0.8,241.05,0.21,43.29,0.2,241.05,0.22,40.45,0.23,35.5,0.01,0.01,2317.28021,1776199583000
1776199585.039,85.039,0.78,35.5,0.77,41.5,0.79,17.46,0.8,225.05,0.21,48.29,0.2,220.0,0.22,35.45,0.23,51.5,0.01,0.01,2317.28021,1776199583000
1776199585.494,85.494,0.78,106.4,0.77,46.5,0.79,7.46,0.8,220.0,0.21,7.46,0.2,220.0,0.22,106.4,0.23,46.5,0.01,0.01,2317.2158,1776199584000
1776199586.149,86.149,0.78,16.67,0.77,56.5,0.79,5.0,0.8,225.05,0.21,7.46,0.2,220.0,0.22,101.67,0.23,46.5,0.01,0.01,2317.2158,1776199584000
1776199586.687,86.687,0.78,21.23,0.77,66.5,0.79,2.89,0.8,225.05,0.21,10.0,0.2,225.05,0.22,6.23,0.23,56.5,0.01,0.01,2317.249954,1776199585000
1776199587.22,87.22,0.79,92.5,0.78,73.22,0.8,4.0,0.81,180.0,0.21,2.89,0.2,225.05,0.22,21.23,0.23,66.5,0.01,0.01,2317.249954,1776199585000
1776199588.007,88.007,0.8,135.39,0.79,65.5,0.81,165.55,0.82,22.0,0.19,165.55,0.18,22.0,0.2,135.39,0.21,65.5,0.01,0.01,2317.291878,1776199586000
1776199588.319,88.319,0.8,145.39,0.79,65.5,0.81,155.86,0.82,16.61,0.19,165.55,0.18,22.0,0.2,135.39,0.21,65.5,0.01,0.01,2317.291878,1776199586000
1776199588.628,88.628,0.8,145.39,0.79,65.5,0.81,155.86,0.82,16.61,0.19,155.86,0.18,16.61,0.2,145.39,0.21,65.5,0.01,0.01,2317.294698,1776199587000
1776199588.913,88.913,0.8,165.39,0.79,82.48,0.81,153.39,0.82,16.61,0.19,155.86,0.18,16.61,0.2,145.39,0.21,65.5,0.01,0.01,2317.294698,1776199587000
1776199589.308,89.308,0.8,160.39,0.79,82.48,0.81,148.98,0.82,16.61,0.19,152.15,0.18,16.61,0.2,165.39,0.21,65.5,0.01,0.01,2317.294698,1776199587000
1776199590.091,90.091,0.8,165.39,0.79,82.48,0.81,146.99,0.82,16.61,0.19,146.99,0.18,16.61,0.2,165.39,0.21,82.48,0.01,0.01,2317.396624,1776199589000
1776199591.383,91.383,0.82,69.0,0.81,20.0,0.83,3.0,0.84,10.5,0.19,146.99,0.18,16.61,0.2,165.39,0.21,82.48,0.01,0.01,2317.396624,1776199589000
1776199592.365,92.365,0.82,69.0,0.81,20.0,0.83,3.0,0.84,10.5,0.17,3.0,0.16,10.5,0.18,69.0,0.19,20.0,0.01,0.01,2317.544216,1776199591000
1776199592.667,92.667,0.82,100.0,0.81,40.5,0.83,3.0,0.85,25.5,0.17,3.0,0.16,10.5,0.18,69.0,0.19,20.0,0.01,0.01,2317.544216,1776199591000
1776199592.878,92.878,0.84,93.0,0.83,22.0,0.85,27.51,0.86,232.0,0.15,25.5,0.14,232.0,0.16,16.0,0.18,100.0,0.01,0.01,2317.544216,1776199591000
1776199593.187,93.187,0.84,93.0,0.83,22.0,0.85,27.51,0.86,232.0,0.15,27.51,0.14,232.0,0.16,93.0,0.17,22.0,0.01,0.01,2317.522058,1776199592000
1776199593.988,93.988,0.84,93.0,0.83,22.0,0.85,21.33,0.86,247.0,0.15,27.51,0.14,232.0,0.16,93.0,0.17,22.0,0.01,0.01,2317.522058,1776199592000
1776199594.777,94.777,0.84,93.0,0.83,22.0,0.85,20.15,0.86,232.0,0.15,21.33,0.14,247.0,0.16,93.0,0.17,22.0,0.01,0.01,2317.522058,1776199592000
1776199595.315,95.315,0.84,93.0,0.83,22.0,0.85,20.15,0.86,232.0,0.15,20.15,0.14,232.0,0.16,93.0,0.17,22.0,0.01,0.01,2317.68266,1776199594000
1776199595.691,95.691,0.84,120.0,0.83,32.5,0.85,2.33,0.87,25.0,0.15,20.15,0.14,232.0,0.16,93.0,0.17,22.0,0.01,0.01,2317.68266,1776199594000
1776199595.992,95.992,0.87,427.0,0.86,191.96,0.88,3.0,0.91,44.0,0.13,17.61,0.12,71.1,0.16,120.0,0.17,32.5,0.01,0.03,2317.68266,1776199594000
1776199596.318,96.318,0.9,571.49,0.89,204.23,0.91,36.0,0.92,53.9,0.09,44.0,0.08,53.9,0.13,462.0,0.14,276.96,0.01,0.04,2317.68233,1776199595000
1776199596.994,96.994,0.9,75.0,0.89,25.0,0.91,337.22,0.92,153.9,0.09,36.0,0.08,53.9,0.1,571.49,0.11,204.23,0.01,0.01,2317.68233,1776199595000
1776199597.195,97.195,0.89,24.0,0.88,30.0,0.91,349.22,0.92,190.9,0.09,349.22,0.08,190.9,0.11,24.0,0.12,30.0,0.02,0.02,2317.68233,1776199595000
1776199597.518,97.518,0.87,169.0,0.86,228.0,0.91,200.22,0.92,180.9,0.09,349.22,0.08,190.9,0.11,24.0,0.12,30.0,0.04,0.02,2317.68233,1776199595000
1776199597.841,97.841,0.89,15.0,0.88,43.0,0.9,7.94,0.91,405.23,0.09,374.23,0.08,180.9,0.11,10.0,0.12,43.0,0.01,0.02,2317.68233,1776199595000
1776199598.099,98.099,0.89,10.0,0.88,43.0,0.9,328.41,0.91,172.23,0.1,7.94,0.09,405.23,0.11,15.0,0.12,43.0,0.01,0.01,2318.2236,1776199596000
1776199598.493,98.493,0.89,10.0,0.88,43.0,0.9,328.41,0.91,172.23,0.1,328.41,0.09,172.23,0.11,10.0,0.12,43.0,0.01,0.01,2318.375215,1776199597000
1776199598.756,98.756,0.88,22.36,0.87,55.0,0.89,235.5,0.9,221.44,0.11,230.5,0.1,181.44,0.12,27.36,0.13,55.0,0.01,0.01,2318.375215,1776199597000
1776199599.142,99.142,0.88,22.36,0.87,55.0,0.89,235.5,0.9,221.44,0.11,235.5,0.1,221.44,0.12,22.36,0.13,55.0,0.01,0.01,2318.3941,1776199598000
1776199599.733,99.733,0.86,25.0,0.85,10.0,0.89,455.5,0.9,295.5,0.11,235.5,0.1,221.44,0.12,22.36,0.13,55.0,0.03,0.01,2318.3941,1776199598000
1776199600.069,100.069,0.85,20.0,0.84,45.0,0.86,20.27,0.87,120.5,0.14,20.27,0.13,120.5,0.15,20.0,0.16,45.0,0.01,0.01,2318.294773,1776199599000
1776199600.634,100.634,0.85,97.5,0.84,127.5,0.86,56.0,0.87,302.0,0.14,20.27,0.13,120.5,0.15,20.0,0.16,45.0,0.01,0.01,2318.294773,1776199599000
1776199600.838,100.838,0.86,7.71,0.85,60.5,0.87,209.76,0.88,74.1,0.14,56.0,0.13,302.0,0.15,97.5,0.16,127.5,0.01,0.01,2318.294773,1776199599000
1776199601.106,101.106,0.86,7.71,0.85,60.5,0.87,209.76,0.88,74.1,0.13,209.76,0.12,74.1,0.14,7.71,0.15,60.5,0.01,0.01,2318.37211,1776199600000
1776199601.441,101.441,0.86,24.85,0.85,35.5,0.87,209.76,0.88,40.0,0.13,209.76,0.12,74.1,0.14,7.71,0.15,60.5,0.01,0.01,2318.37211,1776199600000
1776199601.715,101.715,0.86,1344.46,0.85,238.19,0.87,209.76,0.88,40.0,0.13,209.76,0.12,40.0,0.14,453.4,0.15,99.73,0.01,0.01,2318.37211,1776199600000
1776199602.062,102.062,0.86,35.26,0.85,45.5,0.87,29.76,0.88,220.0,0.13,209.76,0.12,40.0,0.14,1344.46,0.15,238.19,0.01,0.01,2318.37211,1776199600000
1776199603.174,103.174,0.89,92.0,0.88,20.0,0.9,268.27,0.91,60.01,0.13,29.76,0.12,220.0,0.14,35.26,0.15,45.5,0.01,0.01,2318.0735,1776199601000
1776199603.402,103.402,0.89,74.0,0.88,122.0,0.9,181.18,0.92,143.9,0.1,190.0,0.09,25.01,0.11,74.0,0.12,122.0,0.01,0.01,2318.060752,1776199602000
1776199604.142,104.142,0.89,32.0,0.88,10.0,0.9,245.09,0.91,35.0,0.1,172.59,0.08,88.9,0.11,64.0,0.12,122.0,0.01,0.01,2318.060752,1776199602000
1776199604.364,104.364,0.87,10.0,0.86,30.5,0.9,240.09,0.91,110.0,0.1,240.09,0.09,110.0,0.13,10.0,0.14,30.5,0.03,0.03,2318.0994,1776199603000
1776199604.581,104.581,0.88,26.55,0.87,10.0,0.89,240.5,0.9,96.6,0.1,240.09,0.09,110.0,0.13,10.0,0.14,30.5,0.01,0.03,2318.0994,1776199603000
1776199604.891,104.891,0.87,10.0,0.86,30.5,0.89,235.5,0.9,96.6,0.11,235.5,0.1,96.6,0.13,10.0,0.14,30.5,0.02,0.02,2318.16452,1776199604000
1776199605.909,105.909,0.87,10.0,0.86,30.5,0.89,235.5,0.9,96.6,0.11,235.5,0.1,96.6,0.13,10.0,0.14,30.5,0.02,0.02,2318.38122,1776199605000
1776199606.854,106.854,0.87,10.0,0.86,30.5,0.89,235.5,0.9,96.6,0.11,235.5,0.1,96.6,0.13,10.0,0.14,30.5,0.02,0.02,2318.34343,1776199606000
1776199607.375,107.375,0.87,467.71,0.86,206.06,0.88,10.0,0.89,190.0,0.12,40.0,0.11,225.5,0.13,453.37,0.14,99.06,0.01,0.01,2318.34343,1776199606000
1776199608.036,108.036,0.87,467.71,0.86,206.06,0.88,10.0,0.89,190.0,0.12,10.0,0.11,190.0,0.13,467.71,0.14,206.06,0.01,0.01,2318.164721,1776199607000
1776199608.386,108.386,0.87,10.0,0.85,130.5,0.88,22.96,0.89,235.5,0.12,10.0,0.11,190.0,0.13,467.71,0.14,206.06,0.01,0.01,2318.164721,1776199607000
1776199608.988,108.988,0.87,10.0,0.85,130.5,0.88,22.96,0.89,235.5,0.12,22.96,0.11,235.5,0.13,10.0,0.15,130.5,0.01,0.01,2318.192758,1776199608000
1776199609.974,109.974,0.87,2.0,0.86,35.0,0.88,33.41,0.89,225.5,0.12,33.41,0.11,225.5,0.13,2.0,0.14,35.0,0.01,0.01,2318.197424,1776199609000
1776199610.832,110.832,0.87,17.0,0.86,45.5,0.88,22.68,0.89,225.5,0.12,33.41,0.11,225.5,0.13,2.0,0.14,35.0,0.01,0.01,2318.197424,1776199609000
1776199611.476,111.476,0.87,17.0,0.86,45.5,0.88,22.68,0.89,225.5,0.12,22.68,0.11,225.5,0.13,17.0,0.14,45.5,0.01,0.01,2318.1663,1776199610000
1776199611.835,111.835,0.85,23.86,0.84,276.99,0.88,27.68,0.89,225.5,0.12,22.68,0.11,225.5,0.13,17.0,0.14,45.5,0.03,0.01,2318.1663,1776199610000
1776199612.441,112.441,0.85,23.86,0.84,276.99,0.88,27.68,0.89,225.5,0.12,27.68,0.11,225.5,0.15,23.86,0.16,276.99,0.03,0.03,2318.164434,1776199611000
1776199613.207,113.207,0.85,23.86,0.84,276.99,0.88,27.68,0.89,225.5,0.12,27.68,0.11,225.5,0.15,23.86,0.16,276.99,0.03,0.03,2318.240992,1776199612000
1776199613.66,113.66,0.86,111.96,0.85,35.5,0.88,312.68,0.89,159.68,0.12,27.68,0.11,225.5,0.15,23.86,0.16,276.99,0.02,0.03,2318.240992,1776199612000
1776199613.982,113.982,0.82,96.07,0.81,17.0,0.83,19.41,0.86,122.21,0.12,312.68,0.11,159.68,0.14,111.96,0.15,35.5,0.01,0.02,2318.240992,1776199612000
1776199614.32,114.32,0.81,4.47,0.8,5.0,0.83,142.94,0.84,218.31,0.17,137.94,0.16,218.31,0.18,69.73,0.19,5.0,0.02,0.01,2318.240992,1776199612000
1776199614.657,114.657,0.81,4.47,0.8,5.0,0.83,142.94,0.84,218.31,0.17,142.94,0.16,218.31,0.19,4.47,0.2,5.0,0.02,0.02,2318.243074,1776199613000
1776199615.473,115.473,0.81,4.47,0.8,5.0,0.83,142.94,0.84,218.31,0.17,142.94,0.16,218.31,0.19,4.47,0.2,5.0,0.02,0.02,2318.181423,1776199614000
1776199616.497,116.497,0.81,126.07,0.8,25.5,0.82,152.61,0.83,173.94,0.17,142.94,0.16,218.31,0.19,4.47,0.2,5.0,0.01,0.02,2318.181423,1776199614000
1776199617.248,117.248,0.81,136.07,0.8,20.5,0.82,164.82,0.83,153.0,0.18,152.61,0.17,173.94,0.19,126.07,0.2,25.5,0.01,0.01,2318.181423,1776199614000
1776199617.575,117.575,0.81,61.57,0.8,26.42,0.82,159.82,0.83,158.94,0.18,159.82,0.17,153.0,0.19,136.07,0.2,20.5,0.01,0.01,2318.181423,1776199614000
1776199618.388,118.388,0.75,5.0,0.73,5.0,0.82,467.82,0.83,165.94,0.18,159.82,0.17,158.94,0.19,61.57,0.2,26.42,0.07,0.01,2318.181423,1776199614000
1776199618.67,118.67,0.7,0.61,0.67,10.0,0.71,269.0,0.72,36.0,0.28,66.37,0.24,40.0,0.3,5.61,0.32,10.0,0.01,0.02,2318.181423,1776199614000
1776199618.893,118.893,0.53,47.0,0.52,10.0,0.54,3.46,0.55,97.0,0.41,10.0,0.39,10.0,0.47,47.0,0.48,10.0,0.01,0.06,2318.181423,1776199614000
1776199619.099,119.099,0.53,31.99,0.52,10.0,0.54,20.0,0.55,63.44,0.45,53.44,0.44,10.0,0.47,37.0,0.48,10.0,0.01,0.02,2318.181423,1776199614000
1776199619.331,119.331,0.53,277.71,0.52,20.0,0.55,16.0,0.57,7.0,0.45,16.0,0.4,10.0,0.47,81.99,0.48,25.0,0.02,0.02,2318.181423,1776199614000
1776199619.64,119.64,0.55,4.0,0.54,15.0,0.57,8.01,0.58,20.0,0.43,3.01,0.42,20.0,0.47,74.96,0.48,20.0,0.02,0.04,2318.181423,1776199614000
1776199619.862,119.862,0.56,11.59,0.55,4.0,0.57,3.01,0.58,30.5,0.43,8.01,0.42,20.0,0.44,10.0,0.45,4.0,0.01,0.01,2318.181423,1776199614000
1776199620.376,120.376,0.59,25.0,0.58,200.0,0.61,19.06,0.62,10.0,0.43,3.01,0.42,30.5,0.44,1.25,0.45,4.0,0.02,0.01,2318.181423,1776199614000
1776199620.736,120.736,0.59,25.0,0.58,195.0,0.6,7.0,0.61,23.06,0.39,13.06,0.38,20.0,0.4,10.0,0.41,20.0,0.01,0.01,2318.181423,1776199614000
1776199621.263,121.263,0.59,25.0,0.58,200.0,0.61,22.56,0.62,20.0,0.4,7.0,0.39,23.06,0.41,25.0,0.42,195.0,0.02,0.01,2318.181423,1776199614000
1776199622.346,122.346,0.6,275.1,0.59,35.5,0.63,10.0,0.65,10.0,0.39,22.56,0.38,20.0,0.41,25.0,0.42,200.0,0.03,0.02,2318.181423,1776199614000
1776199622.671,122.671,0.65,14.0,0.64,25.5,0.66,17.0,0.67,10.5,0.34,11.15,0.32,15.0,0.35,10.0,0.36,25.5,0.01,0.01,2318.181423,1776199614000
1776199622.91,122.91,0.65,45.0,0.64,36.5,0.66,106.0,0.67,110.5,0.34,17.0,0.33,10.5,0.35,14.0,0.36,25.5,0.01,0.01,2318.181423,1776199614000
1776199623.246,123.246,0.65,70.0,0.64,221.5,0.66,90.84,0.67,110.5,0.34,106.0,0.33,110.5,0.35,45.0,0.36,36.5,0.01,0.01,2318.181423,1776199614000
1776199623.528,123.528,0.65,70.0,0.64,221.5,0.66,90.84,0.67,110.5,0.34,90.84,0.33,110.5,0.35,70.0,0.36,221.5,0.01,0.01,2315.988885,1776199622000
1776199624.069,124.069,0.65,51.92,0.64,221.5,0.66,73.84,0.67,109.0,0.34,90.84,0.33,110.5,0.35,70.0,0.36,221.5,0.01,0.01,2315.988885,1776199622000
1776199624.391,124.391,0.65,196.92,0.64,41.5,0.66,88.68,0.67,154.5,0.34,73.84,0.33,109.0,0.35,51.92,0.36,221.5,0.01,0.01,2315.988885,1776199622000
1776199624.62,124.62,0.65,216.92,0.64,51.5,0.66,32.16,0.67,125.0,0.34,88.68,0.33,154.5,0.35,196.92,0.36,41.5,0.01,0.01,2315.988885,1776199622000
1776199624.854,124.854,0.66,20.2,0.65,236.92,0.68,41.0,0.69,130.5,0.32,41.0,0.31,130.5,0.34,20.2,0.35,236.92,0.02,0.02,2316.28425,1776199623000
1776199625.405,125.405,0.67,25.0,0.66,40.5,0.68,38.5,0.69,305.5,0.32,41.0,0.31,130.5,0.34,20.2,0.35,236.92,0.01,0.02,2316.28425,1776199623000
1776199625.623,125.623,0.67,25.0,0.66,40.5,0.68,38.5,0.69,305.5,0.32,38.5,0.31,305.5,0.33,25.0,0.34,40.5,0.01,0.01,2316.2844,1776199624000
1776199626.387,126.387,0.67,25.0,0.66,30.0,0.68,27.5,0.69,100.5,0.32,38.5,0.31,305.5,0.33,25.0,0.34,40.5,0.01,0.01,2316.2844,1776199624000
1776199626.598,126.598,0.67,25.0,0.66,25.0,0.68,30.36,0.69,100.5,0.32,27.5,0.31,100.5,0.33,25.0,0.34,30.0,0.01,0.01,2316.376255,1776199625000
1776199627.204,127.204,0.67,25.0,0.66,25.0,0.68,30.36,0.69,100.5,0.32,30.36,0.31,100.5,0.33,25.0,0.34,25.0,0.01,0.01,2316.418995,1776199626000
1776199627.993,127.993,0.67,20.0,0.66,31.0,0.68,25.36,0.69,111.5,0.32,30.36,0.31,100.5,0.33,25.0,0.34,25.0,0.01,0.01,2316.418995,1776199626000
1776199628.541,128.541,0.67,5.0,0.66,26.0,0.68,35.36,0.69,101.5,0.32,25.36,0.31,111.5,0.33,20.0,0.34,31.0,0.01,0.01,2316.418995,1776199626000
1776199628.803,128.803,0.67,5.0,0.66,26.0,0.68,35.36,0.69,101.5,0.32,35.36,0.31,101.5,0.33,5.0,0.34,26.0,0.01,0.01,2316.4274,1776199627000
1776199629.446,129.446,0.66,41.0,0.65,196.42,0.69,13.5,0.7,220.0,0.32,35.36,0.31,101.5,0.33,5.0,0.34,26.0,0.03,0.01,2316.4274,1776199627000
1776199629.854,129.854,0.7,260.5,0.69,25.0,0.71,13.69,0.72,5.0,0.31,14.6,0.3,40.0,0.34,42.59,0.35,221.92,0.01,0.03,2316.41591,1776199628000
1776199630.277,130.277,0.7,270.5,0.69,37.0,0.71,7.6,0.73,7.0,0.29,13.69,0.28,5.0,0.3,260.5,0.31,25.0,0.01,0.01,2316.41591,1776199628000
1776199630.568,130.568,0.75,235.0,0.74,15.0,0.76,64.76,0.78,46.0,0.24,55.0,0.22,46.0,0.28,225.0,0.29,96.73,0.01,0.04,2316.426955,1776199629000
1776199630.926,130.926,0.75,259.39,0.74,35.0,0.76,20.0,0.78,46.0,0.24,43.15,0.23,19.0,0.25,250.5,0.26,15.0,0.01,0.01,2316.426955,1776199629000
1776199631.17,131.17,0.75,244.39,0.74,119.99,0.76,11.5,0.78,51.0,0.24,20.0,0.22,46.0,0.25,244.39,0.26,35.0,0.01,0.01,2316.426955,1776199629000
1776199631.59,131.59,0.79,79.54,0.78,35.5,0.8,20.0,0.81,30.0,0.22,44.76,0.21,76.7,0.25,249.39,0.26,119.99,0.01,0.03,2316.426955,1776199629000
1776199632.127,132.127,0.79,84.54,0.78,215.5,0.82,62.62,0.83,70.5,0.2,4.76,0.19,5.0,0.21,79.54,0.22,215.5,0.03,0.01,2316.426955,1776199629000
1776199633.064,133.064,0.79,65.46,0.78,210.5,0.82,68.23,0.83,70.5,0.18,68.23,0.17,70.5,0.21,65.46,0.22,210.5,0.03,0.03,2316.854029,1776199631000
1776199634.08,134.08,0.79,65.46,0.78,210.5,0.82,68.23,0.83,70.5,0.18,68.23,0.17,70.5,0.21,65.46,0.22,210.5,0.03,0.03,2317.197119,1776199632000
1776199635.012,135.012,0.79,65.46,0.78,210.5,0.82,68.23,0.83,70.5,0.18,68.23,0.17,70.5,0.21,65.46,0.22,210.5,0.03,0.03,2317.27202,1776199633000
1776199636.003,136.003,0.79,65.46,0.78,210.5,0.82,68.23,0.83,70.5,0.18,68.23,0.17,70.5,0.21,65.46,0.22,210.5,0.03,0.03,2317.27432,1776199634000
1776199636.401,136.401,0.81,4.96,0.8,10.5,0.82,108.23,0.83,76.0,0.18,68.23,0.17,70.5,0.21,65.46,0.22,210.5,0.01,0.03,2317.27432,1776199634000
1776199636.671,136.671,0.81,4.96,0.8,10.5,0.82,103.23,0.83,76.0,0.18,108.23,0.17,76.0,0.19,4.96,0.2,10.5,0.01,0.01,2317.27432,1776199634000
1776199637.09,137.09,0.81,4.96,0.8,10.5,0.82,103.23,0.83,76.0,0.18,103.23,0.17,76.0,0.19,4.96,0.2,10.5,0.01,0.01,2317.288135,1776199635000
1776199637.292,137.292,0.81,3.85,0.78,10.0,0.82,434.73,0.83,142.0,0.18,103.23,0.17,76.0,0.19,4.96,0.2,10.5,0.01,0.01,2317.288135,1776199635000
1776199637.917,137.917,0.77,3.12,0.76,20.5,0.78,15.0,0.79,104.5,0.22,15.0,0.21,104.5,0.23,3.12,0.24,20.5,0.01,0.01,2317.286195,1776199636000
1776199638.514,138.514,0.77,232.01,0.76,104.49,0.78,30.0,0.79,75.0,0.22,15.0,0.21,104.5,0.23,3.12,0.24,20.5,0.01,0.01,2317.286195,1776199636000
1776199638.784,138.784,0.77,215.27,0.76,104.49,0.78,30.0,0.79,75.0,0.22,30.0,0.21,75.0,0.23,232.01,0.24,104.49,0.01,0.01,2317.286195,1776199636000
1776199639.017,139.017,0.77,210.27,0.76,104.49,0.78,28.71,0.79,75.0,0.22,30.0,0.21,75.0,0.23,215.27,0.24,104.49,0.01,0.01,2317.348177,1776199637000
1776199639.83,139.83,0.77,210.27,0.76,104.49,0.78,28.71,0.79,75.0,0.22,28.71,0.21,75.0,0.23,210.27,0.24,104.49,0.01,0.01,2317.21825,1776199638000
1776199640.798,140.798,0.77,210.27,0.76,104.49,0.78,28.71,0.79,75.0,0.22,28.71,0.21,75.0,0.23,210.27,0.24,104.49,0.01,0.01,2317.1365,1776199639000
1776199641.851,141.851,0.77,210.27,0.76,104.49,0.78,28.71,0.79,75.0,0.22,28.71,0.21,75.0,0.23,210.27,0.24,104.49,0.01,0.01,2317.131551,1776199640000
1776199642.081,142.081,0.72,10.0,0.71,5.0,0.76,251.5,0.77,100.5,0.22,28.71,0.21,75.0,0.23,210.27,0.24,104.49,0.04,0.01,2317.131551,1776199640000
1776199642.903,142.903,0.72,6.65,0.71,5.0,0.74,10.0,0.76,261.5,0.26,10.0,0.24,261.5,0.28,6.65,0.29,5.0,0.02,0.02,2317.127984,1776199641000
1776199643.214,143.214,0.65,5.0,0.64,83.73,0.67,95.5,0.68,80.5,0.26,10.0,0.24,261.5,0.28,6.65,0.29,5.0,0.02,0.02,2317.127984,1776199641000
1776199643.745,143.745,0.65,6.45,0.64,83.73,0.66,100.5,0.67,265.5,0.34,100.5,0.33,265.5,0.35,6.45,0.36,83.73,0.01,0.01,2317.122839,1776199642000
1776199643.953,143.953,0.62,69.53,0.61,26.54,0.63,40.5,0.64,35.5,0.37,10.0,0.36,20.5,0.38,69.53,0.39,26.54,0.01,0.01,2317.122839,1776199642000
1776199644.561,144.561,0.62,64.53,0.61,26.54,0.63,40.5,0.64,35.5,0.37,40.5,0.36,35.5,0.38,64.53,0.39,26.54,0.01,0.01,2317.012542,1776199643000
1776199644.886,144.886,0.6,89.59,0.59,14.0,0.63,225.5,0.64,25.5,0.37,40.5,0.36,35.5,0.38,64.53,0.39,26.54,0.03,0.01,2317.012542,1776199643000
1776199645.347,145.347,0.6,89.59,0.59,14.0,0.62,25.0,0.63,230.5,0.38,25.0,0.37,230.5,0.4,89.59,0.41,14.0,0.02,0.02,2316.661202,1776199644000
1776199645.689,145.689,0.6,143.63,0.59,39.5,0.61,9.91,0.62,15.5,0.39,15.0,0.38,15.5,0.4,138.63,0.41,39.5,0.01,0.01,2316.661202,1776199644000
1776199646.037,146.037,0.6,323.63,0.59,39.5,0.61,9.82,0.62,15.5,0.39,9.91,0.38,15.5,0.4,143.63,0.41,39.5,0.01,0.01,2316.661202,1776199644000
1776199646.729,146.729,0.6,321.13,0.59,39.5,0.61,4.82,0.62,15.5,0.39,9.82,0.38,15.5,0.4,323.63,0.41,39.5,0.01,0.01,2316.37771,1776199645000
1776199647.864,147.864,0.6,316.13,0.59,39.5,0.62,4.11,0.63,35.5,0.38,4.11,0.37,35.5,0.4,316.13,0.41,39.5,0.02,0.02,2316.173305,1776199646000
1776199648.592,148.592,0.6,316.13,0.59,39.5,0.62,4.11,0.63,35.5,0.38,4.11,0.37,35.5,0.4,316.13,0.41,39.5,0.02,0.02,2316.167375,1776199647000
1776199649.271,149.271,0.53,25.83,0.52,48.0,0.54,65.5,0.55,215.5,0.43,10.0,0.42,10.0,0.47,4.96,0.48,40.0,0.01,0.04,2316.167375,1776199647000
1776199649.999,149.999,0.55,10.0,0.54,10.0,0.56,11.5,0.57,20.5,0.46,65.5,0.45,215.5,0.47,13.7,0.48,53.0,0.01,0.01,2316.166288,1776199648000
1776199650.299,150.299,0.56,7.42,0.55,25.0,0.57,14.5,0.58,15.0,0.43,14.5,0.42,15.0,0.44,7.42,0.45,25.0,0.01,0.01,2316.15833,1776199649000
1776199650.605,150.605,0.54,90.8,0.53,5.7,0.55,48.68,0.56,35.5,0.43,14.5,0.42,15.0,0.44,7.42,0.45,25.0,0.01,0.01,2316.15833,1776199649000
1776199650.839,150.839,0.54,10.0,0.53,13.7,0.55,264.86,0.56,91.5,0.45,48.68,0.44,35.5,0.46,90.8,0.47,5.7,0.01,0.01,2316.15833,1776199649000
1776199651.059,151.059,0.48,22.45,0.47,120.0,0.49,10.5,0.5,277.75,0.5,218.75,0.49,31.2,0.52,12.55,0.53,120.0,0.01,0.02,2316.15833,1776199649000
1776199651.453,151.453,0.48,37.45,0.47,376.42,0.49,2.95,0.5,22.75,0.51,10.5,0.5,277.75,0.52,22.45,0.53,120.0,0.01,0.01,2316.15833,1776199649000
1776199651.922,151.922,0.49,7.35,0.48,227.45,0.5,22.75,0.51,20.0,0.5,22.75,0.49,20.0,0.51,7.35,0.52,227.45,0.01,0.01,2315.84158,1776199650000
1776199652.733,152.733,0.49,7.35,0.48,227.45,0.5,22.75,0.51,20.0,0.5,22.75,0.49,20.0,0.51,7.35,0.52,227.45,0.01,0.01,2315.769742,1776199651000
1776199653.179,153.179,0.53,70.0,0.52,45.5,0.55,10.35,0.56,25.5,0.46,1.24,0.45,1.36,0.48,10.0,0.51,281.85,0.02,0.02,2315.769742,1776199651000
1776199653.616,153.616,0.54,45.0,0.53,65.0,0.56,18.32,0.57,29.5,0.45,7.62,0.44,25.5,0.46,15.0,0.47,65.0,0.02,0.01,2315.769742,1776199651000
1776199653.901,153.901,0.54,50.0,0.53,70.0,0.56,16.32,0.57,29.5,0.44,16.32,0.43,29.5,0.46,50.0,0.47,70.0,0.02,0.02,2315.470313,1776199652000
1776199654.171,154.171,0.54,40.0,0.53,70.0,0.55,23.42,0.56,16.32,0.44,16.32,0.43,29.5,0.46,50.0,0.47,70.0,0.01,0.02,2315.470313,1776199652000
1776199655.157,155.157,0.54,15.0,0.53,40.0,0.55,36.42,0.56,16.32,0.45,23.42,0.44,16.32,0.46,40.0,0.47,70.0,0.01,0.01,2315.470313,1776199652000
1776199655.887,155.887,0.54,12.82,0.53,40.0,0.55,38.42,0.56,16.32,0.45,38.42,0.44,16.32,0.46,12.82,0.47,40.0,0.01,0.01,2315.62617,1776199655000
1776199656.331,156.331,0.53,25.0,0.52,20.0,0.54,43.05,0.55,203.42,0.45,213.42,0.44,21.32,0.47,20.0,0.48,15.0,0.01,0.02,2315.62617,1776199655000
1776199656.926,156.926,0.53,25.0,0.52,20.0,0.54,43.05,0.55,203.42,0.46,43.05,0.45,203.42,0.47,25.0,0.48,20.0,0.01,0.01,2315.670949,1776199656000
1776199657.312,157.312,0.53,14.38,0.52,20.0,0.54,33.05,0.55,203.42,0.46,43.05,0.45,203.42,0.47,25.0,0.48,20.0,0.01,0.01,2315.670949,1776199656000
1776199658.089,158.089,0.53,14.38,0.52,20.0,0.54,33.05,0.55,203.42,0.46,33.05,0.45,203.42,0.47,14.38,0.48,20.0,0.01,0.01,2315.577745,1776199657000
1776199659.311,159.311,0.56,80.5,0.55,35.5,0.58,18.83,0.59,15.0,0.42,18.83,0.41,15.0,0.44,80.5,0.45,35.5,0.02,0.02,2315.57496,1776199658000
1776199659.743,159.743,0.58,60.0,0.57,235.5,0.61,25.5,0.62,15.5,0.42,18.83,0.41,15.0,0.44,80.5,0.45,35.5,0.03,0.02,2315.57496,1776199658000
1776199660.817,160.817,0.6,10.0,0.59,20.0,0.61,48.86,0.62,25.5,0.39,25.5,0.38,15.5,0.42,60.0,0.43,235.5,0.01,0.03,2315.57505,1776199659000
1776199661.991,161.991,0.6,5.0,0.59,30.5,0.62,40.0,0.63,25.5,0.39,48.86,0.38,25.5,0.4,10.0,0.41,20.0,0.02,0.01,2315.768165,1776199660000
1776199662.64,162.64,0.61,25.0,0.6,10.0,0.62,18.87,0.63,15.5,0.38,40.0,0.37,25.5,0.4,5.0,0.41,30.5,0.01,0.02,2315.889175,1776199661000
1776199662.876,162.876,0.63,30.5,0.62,35.5,0.66,15.0,0.67,30.5,0.38,18.87,0.37,15.5,0.39,25.0,0.4,10.0,0.03,0.01,2315.889175,1776199661000
1776199663.193,163.193,0.64,10.0,0.63,50.5,0.67,16.81,0.68,15.0,0.33,16.81,0.32,15.0,0.36,10.0,0.37,50.5,0.03,0.03,2315.93727,1776199662000
1776199664.402,164.402,0.66,45.0,0.65,25.0,0.67,15.5,0.68,20.0,0.33,15.5,0.32,20.0,0.34,45.0,0.35,25.0,0.01,0.01,2315.93727,1776199663000
1776199664.925,164.925,0.66,45.0,0.65,25.0,0.67,15.5,0.68,20.0,0.33,15.5,0.32,20.0,0.34,45.0,0.35,25.0,0.01,0.01,2316.07318,1776199664000
1776199665.325,165.325,0.61,35.0,0.6,15.0,0.62,5.0,0.63,56.5,0.33,15.5,0.32,20.0,0.34,45.0,0.35,25.0,0.01,0.01,2316.07318,1776199664000
1776199666.006,166.006,0.61,35.0,0.6,15.0,0.62,5.0,0.63,56.5,0.38,5.0,0.37,56.5,0.39,35.0,0.4,15.0,0.01,0.01,2316.04323,1776199665000
1776199667.255,167.255,0.61,35.0,0.6,15.0,0.62,5.0,0.63,56.5,0.38,5.0,0.37,56.5,0.39,35.0,0.4,15.0,0.01,0.01,2315.9825,1776199666000
1776199667.875,167.875,0.65,100.5,0.64,246.5,0.66,4.92,0.68,5.0,0.38,5.0,0.37,56.5,0.39,35.0,0.4,15.0,0.01,0.01,2315.9825,1776199666000
1776199668.319,168.319,0.65,100.5,0.64,246.5,0.66,4.92,0.68,5.0,0.34,4.92,0.32,5.0,0.35,100.5,0.36,246.5,0.01,0.01,2315.968915,1776199667000
1776199668.839,168.839,0.65,100.5,0.64,246.5,0.66,4.92,0.68,5.0,0.34,4.92,0.32,5.0,0.35,100.5,0.36,246.5,0.01,0.01,2316.00153,1776199668000
1776199670.058,170.058,0.69,21.77,0.68,25.0,0.7,10.0,0.71,53.0,0.34,4.92,0.32,5.0,0.35,100.5,0.36,246.5,0.01,0.01,2316.00153,1776199668000
1776199670.428,170.428,0.69,21.77,0.68,25.0,0.7,10.0,0.71,53.0,0.3,10.0,0.29,53.0,0.31,21.77,0.32,25.0,0.01,0.01,2316.22178,1776199669000
1776199670.646,170.646,0.69,287.27,0.68,35.5,0.74,20.29,0.75,307.99,0.27,5.0,0.26,35.0,0.31,287.27,0.32,35.5,0.05,0.04,2316.22178,1776199669000
1776199670.958,170.958,0.74,20.0,0.73,25.5,0.75,83.32,0.76,163.7,0.25,155.32,0.24,133.7,0.26,10.0,0.27,20.5,0.01,0.01,2316.22178,1776199669000
1776199672.114,172.114,0.74,20.0,0.73,25.5,0.75,83.32,0.76,163.7,0.25,83.32,0.24,163.7,0.26,20.0,0.27,25.5,0.01,0.01,2316.25091,1776199671000
1776199672.318,172.318,0.75,14.2,0.74,70.5,0.76,39.7,0.77,290.29,0.25,83.32,0.24,163.7,0.26,20.0,0.27,25.5,0.01,0.01,2316.25091,1776199671000
1776199673.16,173.16,0.75,14.2,0.74,70.5,0.76,39.7,0.77,290.29,0.24,39.7,0.23,290.29,0.25,14.2,0.26,70.5,0.01,0.01,2316.35895,1776199672000
1776199673.994,173.994,0.75,44.2,0.74,65.5,0.76,23.0,0.77,70.3,0.24,39.7,0.23,290.29,0.25,14.2,0.26,70.5,0.01,0.01,2316.35895,1776199672000
1776199674.312,174.312,0.75,44.2,0.74,65.5,0.76,23.0,0.77,70.3,0.24,23.0,0.23,70.3,0.25,44.2,0.26,65.5,0.01,0.01,2316.48552,1776199673000
1776199675.266,175.266,0.75,44.2,0.74,65.5,0.76,23.0,0.77,70.3,0.24,23.0,0.23,70.3,0.25,44.2,0.26,65.5,0.01,0.01,2316.572315,1776199674000
1776199676.35,176.35,0.75,44.2,0.74,65.5,0.76,23.0,0.77,70.3,0.24,23.0,0.23,70.3,0.25,44.2,0.26,65.5,0.01,0.01,2316.590535,1776199675000
1776199676.627,176.627,0.76,45.5,0.75,44.7,0.78,1.93,0.79,25.0,0.24,23.0,0.23,70.3,0.25,44.2,0.26,65.5,0.02,0.01,2316.590535,1776199675000
1776199676.945,176.945,0.76,45.5,0.75,44.7,0.79,5.29,0.8,52.5,0.21,5.29,0.2,52.5,0.24,45.5,0.25,44.7,0.03,0.03,2316.560185,1776199676000
1776199677.771,177.771,0.77,8.0,0.76,20.5,0.78,249.01,0.79,102.98,0.21,5.29,0.2,52.5,0.24,45.5,0.25,44.7,0.01,0.03,2316.560185,1776199676000
1776199678.008,178.008,0.75,49.3,0.74,45.8,0.76,5.0,0.77,15.0,0.24,5.0,0.23,15.0,0.25,49.3,0.26,45.8,0.01,0.01,2316.604313,1776199677000
1776199679.062,179.062,0.75,49.3,0.74,45.8,0.76,5.0,0.77,15.0,0.24,5.0,0.23,15.0,0.25,49.3,0.26,45.8,0.01,0.01,2316.636185,1776199678000
1776199680.235,180.235,0.75,49.3,0.74,45.8,0.76,5.0,0.77,15.0,0.24,5.0,0.23,15.0,0.25,49.3,0.26,45.8,0.01,0.01,2316.6286,1776199679000
1776199680.645,180.645,0.76,78.5,0.75,29.3,0.77,188.89,0.78,76.0,0.24,5.0,0.23,15.0,0.25,49.3,0.26,45.8,0.01,0.01,2316.6286,1776199679000
1776199681.369,181.369,0.76,65.68,0.75,29.3,0.77,188.89,0.78,55.0,0.23,188.89,0.22,76.0,0.24,78.5,0.25,29.3,0.01,0.01,2316.6286,1776199679000
1776199681.608,181.608,0.76,55.18,0.75,29.3,0.77,176.68,0.78,65.5,0.23,188.89,0.22,55.0,0.24,65.68,0.25,29.3,0.01,0.01,2316.623435,1776199680000
1776199681.996,181.996,0.76,55.18,0.75,29.3,0.77,176.68,0.78,65.5,0.23,176.68,0.22,65.5,0.24,55.18,0.25,29.3,0.01,0.01,2316.62506,1776199681000
1776199682.766,182.766,0.76,40.91,0.75,34.3,0.77,5.0,0.78,20.0,0.23,176.68,0.22,65.5,0.24,55.18,0.25,29.3,0.01,0.01,2316.62506,1776199681000
1776199683.122,183.122,0.76,40.91,0.75,34.3,0.77,5.0,0.78,20.0,0.23,5.0,0.22,20.0,0.24,40.91,0.25,34.3,0.01,0.01,2316.624295,1776199682000
1776199683.767,183.767,0.77,93.5,0.76,210.5,0.79,79.98,0.8,74.5,0.23,5.0,0.22,20.0,0.24,40.91,0.25,34.3,0.02,0.01,2316.624295,1776199682000
1776199684.196,184.196,0.77,93.5,0.76,210.5,0.79,79.98,0.8,74.5,0.21,79.98,0.2,74.5,0.23,93.5,0.24,210.5,0.02,0.02,2316.618595,1776199683000
1776199685.511,185.511,0.77,93.5,0.76,210.5,0.79,79.98,0.8,74.5,0.21,79.98,0.2,74.5,0.23,93.5,0.24,210.5,0.02,0.02,2316.63378,1776199684000
1776199686.471,186.471,0.77,93.5,0.76,210.5,0.79,79.98,0.8,74.5,0.21,79.98,0.2,74.5,0.23,93.5,0.24,210.5,0.02,0.02,2316.63378,1776199685000
1776199686.68,186.68,0.78,33.77,0.77,58.5,0.79,75.71,0.8,254.5,0.21,79.98,0.2,74.5,0.23,93.5,0.24,210.5,0.01,0.02,2316.63378,1776199685000
1776199687.01,187.01,0.78,42.27,0.77,58.5,0.79,70.71,0.8,254.5,0.21,75.71,0.2,254.5,0.22,33.77,0.23,58.5,0.01,0.01,2316.63378,1776199685000
1776199687.367,187.367,0.78,52.27,0.77,58.5,0.79,65.85,0.8,254.5,0.21,62.74,0.2,254.5,0.22,47.27,0.23,58.5,0.01,0.01,2316.649525,1776199686000
1776199688.341,188.341,0.78,52.27,0.77,58.5,0.79,65.85,0.8,254.5,0.21,65.85,0.2,254.5,0.22,52.27,0.23,58.5,0.01,0.01,2316.71978,1776199687000
1776199688.753,188.753,0.78,42.27,0.77,58.5,0.79,46.84,0.8,242.49,0.21,65.85,0.2,254.5,0.22,52.27,0.23,58.5,0.01,0.01,2316.71978,1776199687000
1776199689.119,189.119,0.78,29.0,0.77,238.5,0.79,12.98,0.8,38.0,0.21,46.84,0.2,242.49,0.22,42.27,0.23,58.5,0.01,0.01,2316.71978,1776199687000
1776199690.565,190.565,0.78,29.0,0.77,238.5,0.79,12.98,0.8,38.0,0.21,12.98,0.2,38.0,0.22,29.0,0.23,238.5,0.01,0.01,2316.689655,1776199689000
1776199691.106,191.106,0.78,29.0,0.77,238.5,0.79,12.98,0.8,38.0,0.21,12.98,0.2,38.0,0.22,29.0,0.23,238.5,0.01,0.01,2316.689655,1776199690000
1776199691.722,191.722,0.79,30.0,0.78,20.0,0.8,20.05,0.81,60.9,0.21,12.98,0.2,38.0,0.22,29.0,0.23,238.5,0.01,0.01,2316.689655,1776199690000
1776199692.06,192.06,0.79,35.0,0.78,25.0,0.8,22.62,0.81,60.9,0.2,20.05,0.19,60.9,0.21,30.0,0.22,20.0,0.01,0.01,2316.689655,1776199690000
1776199692.38,192.38,0.79,35.0,0.78,25.0,0.8,22.62,0.81,60.9,0.2,22.62,0.19,60.9,0.21,35.0,0.22,25.0,0.01,0.01,2316.675415,1776199691000
1776199693.134,193.134,0.79,40.0,0.78,35.5,0.8,11.34,0.81,60.9,0.2,11.34,0.19,60.9,0.21,40.0,0.22,35.5,0.01,0.01,2316.675605,1776199692000
1776199693.63,193.63,0.81,40.5,0.8,61.5,0.84,8.0,0.85,77.48,0.2,11.34,0.19,60.9,0.21,40.0,0.22,35.5,0.03,0.01,2316.675605,1776199692000
1776199693.939,193.939,0.84,21.75,0.83,33.0,0.85,28.73,0.86,254.28,0.14,68.27,0.13,20.0,0.16,21.95,0.17,10.0,0.01,0.02,2316.675605,1776199692000
1776199694.22,194.22,0.84,15.0,0.83,10.0,0.85,33.95,0.86,170.76,0.15,208.73,0.14,74.28,0.16,5.0,0.17,15.0,0.01,0.01,2316.675605,1776199692000
1776199694.435,194.435,0.84,15.0,0.83,10.0,0.85,33.95,0.86,170.76,0.15,33.95,0.14,170.76,0.16,15.0,0.17,10.0,0.01,0.01,2316.671115,1776199693000
1776199694.805,194.805,0.87,20.0,0.86,25.5,0.88,29.41,0.89,41.79,0.12,39.1,0.11,41.79,0.16,330.5,0.17,35.5,0.01,0.04,2316.671115,1776199693000
1776199695.07,195.07,0.87,20.0,0.86,25.5,0.88,29.41,0.89,41.79,0.12,29.41,0.11,41.79,0.13,20.0,0.14,25.5,0.01,0.01,2316.673695,1776199694000
1776199695.43,195.43,0.87,25.0,0.86,25.0,0.88,33.03,0.89,92.27,0.12,10.09,0.11,53.77,0.13,62.5,0.14,35.5,0.01,0.01,2316.673695,1776199694000
1776199695.668,195.668,0.86,5.0,0.85,5.0,0.87,276.57,0.88,79.03,0.12,33.03,0.11,92.27,0.13,25.0,0.14,25.0,0.01,0.01,2316.673695,1776199694000
1776199695.944,195.944,0.83,7.12,0.82,24.88,0.85,27.0,0.86,66.5,0.14,16.0,0.13,329.57,0.16,0.12,0.17,10.0,0.02,0.02,2316.673695,1776199694000
1776199696.338,196.338,0.83,7.12,0.82,24.88,0.85,42.42,0.86,66.5,0.15,42.42,0.14,66.5,0.17,7.12,0.18,24.88,0.02,0.02,2317.016733,1776199695000
1776199696.965,196.965,0.75,75.44,0.74,55.3,0.85,42.44,0.86,76.5,0.15,42.44,0.14,76.5,0.25,75.44,0.26,55.3,0.1,0.1,2317.113,1776199696000
1776199697.634,197.634,0.8,155.62,0.79,25.5,0.81,10.0,0.82,10.0,0.15,42.44,0.14,76.5,0.25,75.44,0.26,55.3,0.01,0.1,2317.113,1776199696000
1776199698.346,198.346,0.8,155.62,0.79,25.5,0.81,10.0,0.82,10.0,0.19,10.0,0.18,10.0,0.2,155.62,0.21,25.5,0.01,0.01,2317.049163,1776199697000
1776199698.683,198.683,0.81,25.5,0.8,325.62,0.84,8.78,0.85,25.44,0.19,10.0,0.18,10.0,0.2,155.62,0.21,25.5,0.03,0.01,2317.049163,1776199697000
1776199698.971,198.971,0.81,1.0,0.74,30.3,0.82,82.5,0.83,30.5,0.16,8.78,0.15,25.44,0.19,25.5,0.2,325.62,0.01,0.03,2317.049163,1776199697000
1776199699.664,199.664,0.71,5.0,0.7,15.0,0.75,207.0,0.76,65.0,0.2,15.0,0.18,82.5,0.26,22.72,0.27,5.0,0.04,0.06,2317.049163,1776199698000
1776199700.616,200.616,0.71,2.0,0.7,15.0,0.75,207.0,0.76,65.0,0.25,207.0,0.24,65.0,0.29,2.0,0.3,15.0,0.04,0.04,2317.039331,1776199699000
1776199701.609,201.609,0.71,47.5,0.7,59.76,0.72,9.79,0.73,15.0,0.28,9.79,0.27,15.0,0.29,47.5,0.3,59.76,0.01,0.01,2316.727053,1776199700000
1776199701.924,201.924,0.65,10.0,0.64,5.0,0.71,97.5,0.72,40.29,0.29,20.0,0.28,29.79,0.3,43.76,0.31,10.5,0.06,0.01,2316.727053,1776199700000
1776199702.148,202.148,0.64,5.0,0.63,22.0,0.71,92.5,0.72,40.29,0.29,92.5,0.28,40.29,0.36,5.0,0.37,22.0,0.07,0.07,2316.571153,1776199701000
1776199702.42,202.42,0.64,40.5,0.63,34.0,0.65,12.06,0.66,25.0,0.35,26.92,0.34,30.0,0.36,15.5,0.37,10.0,0.01,0.01,2316.571153,1776199701000
1776199702.745,202.745,0.64,45.5,0.63,34.0,0.65,10.74,0.66,25.0,0.35,10.36,0.34,25.0,0.36,45.5,0.37,34.0,0.01,0.01,2316.571153,1776199701000
1776199703.204,203.204,0.64,45.5,0.63,34.0,0.65,10.74,0.66,25.0,0.35,10.74,0.34,25.0,0.36,45.5,0.37,34.0,0.01,0.01,2316.553574,1776199702000
1776199703.404,203.404,0.65,30.5,0.64,40.5,0.66,11.83,0.67,15.0,0.35,10.74,0.34,25.0,0.36,45.5,0.37,34.0,0.01,0.01,2316.553574,1776199702000
1776199704.179,204.179,0.63,5.0,0.62,5.0,0.66,143.33,0.67,30.5,0.34,11.83,0.33,15.0,0.35,30.5,0.36,30.5,0.03,0.01,2316.553574,1776199702000
1776199705.421,205.421,0.62,2.89,0.61,15.5,0.65,10.5,0.66,148.33,0.35,10.5,0.34,148.33,0.38,2.89,0.39,15.5,0.03,0.03,2316.272244,1776199704000
1776199705.928,205.928,0.62,2.89,0.61,15.5,0.65,10.5,0.66,148.33,0.35,10.5,0.34,148.33,0.38,2.89,0.39,15.5,0.03,0.03,2316.174057,1776199705000
1776199706.507,206.507,0.59,4.82,0.58,39.5,0.6,10.0,0.61,66.0,0.35,10.5,0.34,148.33,0.38,2.89,0.39,15.5,0.01,0.03,2316.174057,1776199705000
1776199706.817,206.817,0.59,14.82,0.58,39.5,0.6,6.66,0.61,66.0,0.4,10.0,0.39,66.0,0.41,4.82,0.42,39.5,0.01,0.01,2316.174057,1776199705000
1776199707.169,207.169,0.59,35.0,0.58,25.5,0.61,76.49,0.62,205.5,0.4,6.66,0.39,66.0,0.41,14.82,0.42,39.5,0.02,0.01,2316.10586,1776199706000
1776199708.091,208.091,0.59,35.0,0.58,25.5,0.61,76.49,0.62,205.5,0.39,76.49,0.38,205.5,0.41,35.0,0.42,25.5,0.02,0.02,2316.057229,1776199707000
1776199709.149,209.149,0.6,45.5,0.59,35.5,0.61,12.99,0.62,5.0,0.39,76.49,0.38,205.5,0.41,35.0,0.42,25.5,0.01,0.02,2316.057229,1776199707000
1776199710.135,210.135,0.6,45.5,0.59,35.5,0.61,12.99,0.62,5.0,0.39,12.99,0.38,5.0,0.4,45.5,0.41,35.5,0.01,0.01,2316.1346,1776199709000
1776199710.37,210.37,0.6,10.0,0.59,35.0,0.61,12.01,0.62,25.5,0.39,25.21,0.38,20.5,0.41,35.0,0.42,40.5,0.01,0.02,2316.1346,1776199709000
1776199710.936,210.936,0.6,17.5,0.59,25.0,0.62,235.5,0.63,40.5,0.39,12.01,0.38,25.5,0.4,10.0,0.41,35.0,0.02,0.01,2316.1346,1776199709000
1776199711.266,211.266,0.6,17.5,0.59,25.0,0.62,235.5,0.63,40.5,0.38,235.5,0.37,40.5,0.4,17.5,0.41,25.0,0.02,0.02,2316.150295,1776199710000
1776199711.919,211.919,0.6,50.05,0.59,49.5,0.62,230.5,0.63,40.5,0.38,235.5,0.37,40.5,0.4,17.5,0.41,25.0,0.02,0.02,2316.150295,1776199710000
1776199712.292,212.292,0.6,50.05,0.59,49.5,0.62,230.5,0.63,40.5,0.38,230.5,0.37,40.5,0.4,50.05,0.41,49.5,0.02,0.02,2316.13654,1776199711000
1776199713.275,213.275,0.6,50.05,0.59,49.5,0.62,230.5,0.63,40.5,0.38,230.5,0.37,40.5,0.4,50.05,0.41,49.5,0.02,0.02,2316.007369,1776199712000
1776199713.514,213.514,0.61,23.04,0.6,25.5,0.62,25.0,0.63,25.0,0.38,230.5,0.37,40.5,0.4,50.05,0.41,49.5,0.01,0.02,2316.007369,1776199712000
1776199713.729,213.729,0.61,11.67,0.6,35.5,0.62,25.0,0.63,25.5,0.38,25.0,0.37,25.5,0.39,12.91,0.4,35.5,0.01,0.01,2316.007369,1776199712000
1776199713.982,213.982,0.61,22.17,0.6,35.5,0.62,17.01,0.63,25.5,0.38,25.0,0.37,25.5,0.39,11.67,0.4,35.5,0.01,0.01,2316.007369,1776199712000
1776199714.295,214.295,0.61,22.17,0.6,35.5,0.62,22.01,0.63,25.5,0.38,17.01,0.37,25.5,0.39,22.17,0.4,35.5,0.01,0.01,2316.007369,1776199712000
1776199715.457,215.457,0.61,22.17,0.6,35.5,0.62,22.01,0.63,25.5,0.38,22.01,0.37,25.5,0.39,22.17,0.4,35.5,0.01,0.01,2316.000592,1776199714000
1776199716.039,216.039,0.61,22.17,0.6,35.5,0.62,22.01,0.63,25.5,0.38,22.01,0.37,25.5,0.39,22.17,0.4,35.5,0.01,0.01,2316.000831,1776199715000
1776199716.666,216.666,0.61,17.17,0.6,71.09,0.62,17.01,0.63,25.5,0.38,22.01,0.37,25.5,0.39,22.17,0.4,35.5,0.01,0.01,2316.000831,1776199715000
1776199717.444,217.444,0.61,14.47,0.6,71.09,0.62,17.01,0.63,15.0,0.38,17.01,0.37,15.0,0.39,14.47,0.4,71.09,0.01,0.01,2316.018728,1776199716000
1776199717.995,217.995,0.61,14.47,0.6,71.09,0.62,17.01,0.63,15.0,0.38,17.01,0.37,15.0,0.39,14.47,0.4,71.09,0.01,0.01,2316.018728,1776199717000
1776199718.324,218.324,0.6,5.0,0.59,39.5,0.62,37.51,0.63,40.5,0.38,32.51,0.37,40.5,0.39,10.0,0.4,39.0,0.02,0.01,2316.018728,1776199717000
1776199718.552,218.552,0.59,44.5,0.58,20.5,0.61,25.5,0.62,42.51,0.38,37.51,0.37,40.5,0.4,5.0,0.41,39.5,0.02,0.02,2316.018728,1776199717000
1776199718.77,218.77,0.59,40.21,0.58,25.5,0.6,40.5,0.61,30.5,0.39,30.5,0.38,42.51,0.41,34.5,0.42,20.5,0.01,0.02,2316.018728,1776199717000
1776199719.216,219.216,0.54,4.57,0.51,44.61,0.6,265.5,0.61,85.5,0.4,40.5,0.39,30.5,0.41,40.21,0.42,25.5,0.06,0.01,2316.018728,1776199717000
1776199720.001,220.001,0.51,44.61,0.5,15.5,0.52,18.9,0.53,220.5,0.45,260.5,0.44,30.0,0.49,44.61,0.5,5.0,0.01,0.04,2316.043265,1776199718000
1776199720.41,220.41,0.5,20.0,0.49,112.85,0.51,30.5,0.52,25.5,0.48,15.5,0.47,220.5,0.49,0.61,0.5,15.5,0.01,0.01,2316.043265,1776199718000
1776199721.032,221.032,0.5,30.0,0.49,112.85,0.51,25.5,0.52,25.5,0.49,25.5,0.48,25.5,0.5,30.0,0.51,112.85,0.01,0.01,2316.025498,1776199720000
1776199721.429,221.429,0.5,30.0,0.49,112.85,0.51,20.5,0.52,15.5,0.49,25.5,0.48,25.5,0.5,30.0,0.51,112.85,0.01,0.01,2316.025498,1776199720000
1776199721.774,221.774,0.49,37.85,0.48,51.95,0.51,15.5,0.52,25.5,0.49,20.5,0.48,15.5,0.5,30.0,0.51,112.85,0.02,0.01,2316.025498,1776199720000
1776199722.146,222.146,0.51,10.0,0.5,25.5,0.52,10.23,0.53,40.5,0.49,15.5,0.48,25.5,0.51,37.85,0.52,51.95,0.01,0.02,2316.025498,1776199720000
1776199722.483,222.483,0.51,50.0,0.5,30.5,0.52,8.3,0.53,30.5,0.48,10.23,0.47,40.5,0.49,10.0,0.5,25.5,0.01,0.01,2315.664986,1776199721000
1776199723.324,223.324,0.51,50.0,0.5,30.5,0.52,8.3,0.53,30.5,0.48,8.3,0.47,30.5,0.49,50.0,0.5,30.5,0.01,0.01,2315.653629,1776199722000
1776199723.696,223.696,0.51,39.0,0.5,30.5,0.52,8.3,0.53,30.5,0.48,8.3,0.47,30.5,0.49,50.0,0.5,30.5,0.01,0.01,2315.653629,1776199722000
1776199724.459,224.459,0.51,28.89,0.5,30.5,0.52,8.3,0.53,30.5,0.48,8.3,0.47,30.5,0.49,28.89,0.5,30.5,0.01,0.01,2315.657572,1776199723000
1776199724.832,224.832,0.52,37.77,0.51,24.39,0.53,15.5,0.54,20.5,0.48,8.3,0.47,30.5,0.49,28.89,0.5,30.5,0.01,0.01,2315.657572,1776199723000
1776199725.062,225.062,0.52,37.77,0.51,24.39,0.53,15.5,0.54,20.5,0.47,15.5,0.46,20.5,0.48,37.77,0.49,24.39,0.01,0.01,2315.645009,1776199724000
1776199725.282,225.282,0.52,37.77,0.51,24.39,0.53,16.89,0.54,20.5,0.47,15.5,0.46,20.5,0.48,37.77,0.49,24.39,0.01,0.01,2315.645009,1776199724000
1776199725.506,225.506,0.52,37.77,0.51,24.39,0.53,11.89,0.54,20.5,0.47,16.89,0.46,20.5,0.48,37.77,0.49,24.39,0.01,0.01,2315.645009,1776199724000
1776199725.945,225.945,0.49,17.35,0.48,12.45,0.53,20.89,0.54,30.5,0.47,11.89,0.46,20.5,0.48,37.77,0.49,24.39,0.04,0.01,2315.645009,1776199724000
1776199726.241,226.241,0.4,27.5,0.39,30.0,0.42,9.01,0.49,9.8,0.58,9.01,0.51,9.8,0.6,27.5,0.61,30.0,0.02,0.02,2315.645245,1776199725000
1776199726.631,226.631,0.4,17.0,0.39,15.5,0.41,13.38,0.42,54.51,0.59,13.38,0.58,54.51,0.6,32.5,0.61,5.0,0.01,0.01,2315.645245,1776199725000
1776199726.927,226.927,0.38,168.0,0.36,120.0,0.4,25.0,0.41,218.88,0.6,10.0,0.59,223.88,0.61,10.5,0.62,163.0,0.02,0.01,2315.645245,1776199725000
1776199727.389,227.389,0.38,168.0,0.36,120.0,0.4,25.0,0.41,218.88,0.6,25.0,0.59,218.88,0.62,168.0,0.64,120.0,0.02,0.02,2315.676276,1776199726000
1776199727.866,227.866,0.38,192.5,0.37,5.0,0.4,25.0,0.41,213.88,0.61,40.0,0.6,35.5,0.62,187.5,0.63,5.0,0.02,0.01,2315.676276,1776199726000
1776199729.12,229.12,0.39,20.5,0.38,387.5,0.4,17.5,0.41,213.88,0.6,25.0,0.59,213.88,0.62,192.5,0.63,5.0,0.01,0.02,2315.539131,1776199727000
1776199729.392,229.392,0.4,7.75,0.39,25.5,0.41,10.0,0.42,19.01,0.6,2.25,0.59,10.0,0.61,30.5,0.62,207.5,0.01,0.01,2315.42392,1776199728000
1776199729.915,229.915,0.4,105.65,0.39,25.5,0.42,19.01,0.43,15.5,0.59,10.0,0.58,19.01,0.6,7.75,0.61,25.5,0.02,0.01,2315.42392,1776199728000
1776199730.419,230.419,0.41,26.11,0.4,285.65,0.42,24.01,0.43,15.5,0.58,19.01,0.57,15.5,0.6,105.65,0.61,25.5,0.01,0.02,2315.42392,1776199728000
1776199730.946,230.946,0.41,26.11,0.4,285.65,0.42,20.43,0.43,20.5,0.58,24.01,0.57,15.5,0.59,26.11,0.6,285.65,0.01,0.01,2315.42392,1776199728000
1776199731.709,231.709,0.41,26.11,0.4,285.65,0.42,20.43,0.43,20.5,0.58,20.43,0.57,20.5,0.59,26.11,0.6,285.65,0.01,0.01,2315.494007,1776199730000
1776199732.338,232.338,0.41,26.11,0.4,285.65,0.42,20.43,0.43,20.5,0.58,20.43,0.57,20.5,0.59,26.11,0.6,285.65,0.01,0.01,2315.392343,1776199731000
1776199733.513,233.513,0.41,26.11,0.4,285.65,0.42,20.43,0.43,20.5,0.58,20.43,0.57,20.5,0.59,26.11,0.6,285.65,0.01,0.01,2315.394827,1776199732000
1776199734.017,234.017,0.41,26.11,0.4,285.65,0.42,20.43,0.43,20.5,0.58,20.43,0.57,20.5,0.59,26.11,0.6,285.65,0.01,0.01,2315.495955,1776199733000
1776199735.042,235.042,0.41,31.5,0.4,43.25,0.42,28.04,0.43,25.5,0.58,20.43,0.57,20.5,0.59,26.11,0.6,285.65,0.01,0.01,2315.495955,1776199733000
1776199736.252,236.252,0.41,31.5,0.4,43.25,0.42,28.04,0.43,25.5,0.58,28.04,0.57,25.5,0.59,31.5,0.6,43.25,0.01,0.01,2315.384375,1776199735000
1776199736.81,236.81,0.41,41.5,0.4,48.25,0.42,10.81,0.43,25.5,0.58,28.04,0.57,25.5,0.59,31.5,0.6,43.25,0.01,0.01,2315.384375,1776199735000
1776199737.034,237.034,0.41,30.5,0.4,48.25,0.42,10.81,0.43,25.5,0.58,10.81,0.57,25.5,0.59,41.5,0.6,48.25,0.01,0.01,2315.384375,1776199735000
1776199737.29,237.29,0.41,28.8,0.4,48.25,0.42,10.81,0.43,25.5,0.58,10.81,0.57,25.5,0.59,30.5,0.6,48.25,0.01,0.01,2315.384375,1776199735000
1776199737.969,237.969,0.41,28.8,0.4,48.25,0.42,10.81,0.43,25.5,0.58,10.81,0.57,25.5,0.59,28.8,0.6,48.25,0.01,0.01,2315.382315,1776199737000
1776199738.593,238.593,0.41,28.8,0.4,38.25,0.42,5.81,0.43,25.5,0.58,10.81,0.57,25.5,0.59,28.8,0.6,48.25,0.01,0.01,2315.382315,1776199737000
1776199739.108,239.108,0.41,28.8,0.4,38.25,0.42,5.81,0.43,25.5,0.58,5.81,0.57,25.5,0.59,28.8,0.6,38.25,0.01,0.01,2315.379341,1776199738000
1776199740.138,240.138,0.43,38.24,0.42,15.0,0.44,10.0,0.45,15.0,0.58,5.81,0.57,25.5,0.59,28.8,0.6,38.25,0.01,0.01,2315.379341,1776199738000
1776199740.876,240.876,0.43,38.24,0.42,15.0,0.46,8.23,0.47,15.0,0.54,8.23,0.53,15.0,0.57,38.24,0.58,15.0,0.03,0.03,2315.443552,1776199740000
1776199741.857,241.857,0.43,38.24,0.42,15.0,0.46,8.23,0.47,15.0,0.54,8.23,0.53,15.0,0.57,38.24,0.58,15.0,0.03,0.03,2315.50149,1776199741000
1776199742.068,242.068,0.44,15.0,0.43,33.24,0.45,20.0,0.46,8.23,0.54,8.23,0.53,15.0,0.57,38.24,0.58,15.0,0.01,0.03,2315.50149,1776199741000
1776199743.037,243.037,0.44,20.0,0.43,33.24,0.45,1.0,0.46,8.23,0.55,1.0,0.54,8.23,0.56,20.0,0.57,33.24,0.01,0.01,2315.539968,1776199742000
1776199743.299,243.299,0.44,10.0,0.43,33.24,0.45,11.37,0.46,13.23,0.55,1.0,0.54,8.23,0.56,20.0,0.57,33.24,0.01,0.01,2315.539968,1776199742000
1776199743.675,243.675,0.44,20.0,0.43,33.24,0.45,2.08,0.46,13.23,0.55,11.37,0.54,13.23,0.56,10.0,0.57,33.24,0.01,0.01,2315.539968,1776199742000
1776199744.167,244.167,0.44,20.0,0.43,33.24,0.51,32.68,0.52,24.4,0.55,2.08,0.54,13.23,0.56,20.0,0.57,33.24,0.07,0.01,2315.539968,1776199742000
1776199744.933,244.933,0.44,20.0,0.43,33.24,0.51,32.68,0.52,24.4,0.49,32.68,0.48,24.4,0.56,20.0,0.57,33.24,0.07,0.07,2315.42289,1776199744000
1776199745.233,245.233,0.47,35.0,0.46,30.0,0.49,10.0,0.5,34.4,0.49,32.68,0.48,24.4,0.56,20.0,0.57,33.24,0.02,0.07,2315.42289,1776199744000
1776199745.582,245.582,0.5,50.0,0.49,220.0,0.52,5.0,0.65,55.8,0.51,10.0,0.5,34.4,0.53,35.0,0.54,30.0,0.02,0.02,2315.42289,1776199744000
1776199746.003,246.003,0.62,5.0,0.61,25.0,0.63,10.0,0.64,10.0,0.35,37.8,0.34,76.0,0.5,55.0,0.51,220.0,0.01,0.15,2315.42289,1776199744000
1776199746.494,246.494,0.61,40.0,0.6,25.0,0.62,10.0,0.63,25.0,0.37,10.0,0.36,10.0,0.38,5.0,0.39,25.0,0.01,0.01,2315.42289,1776199744000
1776199746.803,246.803,0.61,33.0,0.6,25.0,0.62,25.0,0.63,25.0,0.38,10.0,0.37,25.0,0.39,40.0,0.4,25.0,0.01,0.01,2315.422241,1776199745000
1776199747.125,247.125,0.61,17.35,0.6,10.0,0.62,30.0,0.63,25.0,0.38,30.0,0.37,25.0,0.39,22.47,0.4,5.0,0.01,0.01,2315.422241,1776199745000
1776199748.3,248.3,0.61,17.35,0.6,10.0,0.62,30.0,0.63,25.0,0.38,30.0,0.37,25.0,0.39,17.35,0.4,10.0,0.01,0.01,2315.659352,1776199747000
1776199748.965,248.965,0.61,17.35,0.6,10.0,0.62,30.0,0.63,25.0,0.38,30.0,0.37,25.0,0.39,17.35,0.4,10.0,0.01,0.01,2315.684645,1776199748000
1776199749.272,249.272,0.61,2.35,0.6,5.0,0.62,54.0,0.63,15.0,0.38,30.0,0.37,25.0,0.39,17.35,0.4,10.0,0.01,0.01,2315.684645,1776199748000
1776199749.999,249.999,0.54,50.0,0.53,10.0,0.55,14.54,0.56,10.0,0.38,64.0,0.37,15.0,0.46,10.0,0.48,5.0,0.01,0.08,2315.684645,1776199748000
1776199750.229,250.229,0.54,50.0,0.53,10.0,0.55,14.54,0.56,10.0,0.45,14.54,0.44,10.0,0.46,50.0,0.47,10.0,0.01,0.01,2315.723186,1776199749000
1776199750.489,250.489,0.54,245.0,0.53,30.0,0.55,10.54,0.57,10.0,0.45,14.54,0.44,10.0,0.46,50.0,0.47,10.0,0.01,0.01,2315.723186,1776199749000
1776199750.82,250.82,0.56,45.76,0.55,200.0,0.57,10.0,0.58,15.0,0.43,10.0,0.42,10.0,0.44,35.88,0.45,15.0,0.01,0.01,2315.723186,1776199749000
1776199751.391,251.391,0.58,65.0,0.57,35.0,0.61,10.0,0.62,49.0,0.43,10.0,0.42,15.0,0.44,45.76,0.45,200.0,0.03,0.01,2315.723186,1776199749000
1776199751.769,251.769,0.58,65.0,0.57,35.0,0.61,10.0,0.62,49.0,0.39,10.0,0.38,49.0,0.42,65.0,0.43,35.0,0.03,0.03,2315.689545,1776199750000
1776199752.347,252.347,0.59,245.0,0.58,35.0,0.6,13.19,0.62,50.0,0.39,10.0,0.38,49.0,0.42,65.0,0.43,35.0,0.01,0.03,2315.689545,1776199750000
1776199752.71,252.71,0.69,15.0,0.68,20.0,0.75,17.73,0.76,50.0,0.38,10.0,0.35,30.0,0.41,250.0,0.42,35.0,0.06,0.03,2315.735306,1776199751000
1776199753.01,253.01,0.79,15.0,0.78,10.0,0.8,25.36,0.81,50.0,0.25,17.73,0.24,50.0,0.31,15.0,0.32,20.0,0.01,0.06,2315.735306,1776199751000
1776199753.23,253.23,0.8,7.4,0.79,35.05,0.81,39.61,0.83,25.5,0.19,39.61,0.17,25.5,0.2,20.0,0.21,40.05,0.01,0.01,2315.667505,1776199752000
1776199754.38,254.38,0.79,34.95,0.78,10.0,0.81,64.92,0.82,10.0,0.19,39.61,0.17,25.5,0.2,4.9,0.21,35.05,0.02,0.01,2315.667505,1776199752000
1776199754.703,254.703,0.74,20.0,0.72,10.0,0.8,215.05,0.81,59.92,0.19,64.92,0.18,15.0,0.21,20.42,0.22,15.0,0.06,0.02,2315.672875,1776199753000
1776199754.952,254.952,0.75,5.0,0.74,20.0,0.76,10.0,0.77,20.0,0.2,215.05,0.19,59.92,0.26,20.0,0.28,10.0,0.01,0.06,2315.672875,1776199753000
1776199755.175,255.175,0.75,14.0,0.74,15.0,0.76,15.0,0.77,20.0,0.24,15.0,0.23,20.0,0.25,27.0,0.26,15.0,0.01,0.01,2315.804594,1776199754000
1776199755.53,255.53,0.75,29.0,0.74,15.0,0.76,7.36,0.77,20.0,0.24,13.68,0.23,20.0,0.25,29.0,0.26,15.0,0.01,0.01,2315.804594,1776199754000
1776199755.838,255.838,0.75,39.0,0.74,15.0,0.76,4.8,0.77,5.0,0.24,7.36,0.23,20.0,0.25,29.0,0.26,15.0,0.01,0.01,2315.804594,1776199754000
1776199756.15,256.15,0.73,195.0,0.72,10.0,0.76,4.8,0.77,5.0,0.24,4.8,0.23,5.0,0.27,195.0,0.28,10.0,0.03,0.03,2316.099723,1776199755000
1776199756.628,256.628,0.75,20.0,0.74,15.0,0.77,4.53,0.78,15.0,0.24,2.16,0.23,5.0,0.25,20.0,0.26,15.0,0.02,0.01,2316.099723,1776199755000
1776199757.052,257.052,0.76,18.75,0.75,115.08,0.77,19.53,0.78,20.0,0.23,4.53,0.22,15.0,0.25,20.0,0.26,15.0,0.01,0.02,2316.099723,1776199755000
1776199757.594,257.594,0.76,18.75,0.75,115.08,0.77,19.53,0.78,20.0,0.23,19.53,0.22,20.0,0.24,18.75,0.25,115.08,0.01,0.01,2316.06906,1776199756000
1776199758.37,258.37,0.76,18.75,0.75,115.08,0.77,19.53,0.78,20.0,0.23,19.53,0.22,20.0,0.24,18.75,0.25,115.08,0.01,0.01,2316.073385,1776199757000
1776199758.914,258.914,0.76,14.98,0.75,10.0,0.77,20.0,0.78,25.0,0.23,19.53,0.22,20.0,0.24,18.75,0.25,115.08,0.01,0.01,2316.073385,1776199757000
1776199759.155,259.155,0.75,10.0,0.74,10.0,0.77,10.0,0.78,25.0,0.23,15.0,0.22,25.0,0.27,200.08,0.28,23.0,0.02,0.04,2316.073385,1776199757000
1776199759.597,259.597,0.75,10.0,0.74,10.0,0.77,10.0,0.78,25.0,0.23,10.0,0.22,25.0,0.25,10.0,0.26,10.0,0.02,0.02,2316.096285,1776199758000
1776199760.151,260.151,0.77,19.56,0.76,15.0,0.78,35.0,0.79,30.0,0.23,10.0,0.22,25.0,0.25,10.0,0.26,10.0,0.01,0.02,2316.096285,1776199758000
1776199761.128,261.128,0.77,252.56,0.76,115.42,0.84,15.0,0.85,21.01,0.22,35.0,0.21,30.0,0.23,19.56,0.24,15.0,0.07,0.01,2316.096285,1776199759000
1776199761.418,261.418,0.83,28.0,0.82,27.0,0.85,14.63,0.86,120.9,0.15,14.63,0.14,120.9,0.17,28.0,0.18,27.0,0.02,0.02,2316.07181,1776199760000
1776199762.254,262.254,0.83,24.38,0.82,37.0,0.84,10.35,0.86,85.91,0.16,10.0,0.15,14.63,0.17,29.38,0.18,37.0,0.01,0.01,2316.07181,1776199760000
1776199762.631,262.631,0.83,34.38,0.82,37.0,0.84,15.11,0.86,79.9,0.16,10.35,0.14,85.91,0.17,24.38,0.18,37.0,0.01,0.01,2316.095195,1776199761000
1776199762.861,262.861,0.83,27.38,0.82,37.0,0.84,15.11,0.86,79.9,0.16,15.11,0.14,79.9,0.17,27.38,0.18,37.0,0.01,0.01,2316.11674,1776199762000
1776199763.257,263.257,0.83,32.26,0.82,37.0,0.84,9.09,0.86,84.9,0.16,15.11,0.14,79.9,0.17,32.26,0.18,37.0,0.01,0.01,2316.11674,1776199762000
1776199763.9,263.9,0.83,32.26,0.82,37.0,0.84,9.09,0.86,84.9,0.16,9.09,0.14,84.9,0.17,32.26,0.18,37.0,0.01,0.01,2316.1377,1776199763000
1776199764.149,264.149,0.83,242.26,0.82,42.0,0.9,40.0,0.91,99.0,0.16,9.09,0.14,84.9,0.17,32.26,0.18,37.0,0.07,0.01,2316.1377,1776199763000
1776199764.564,264.564,0.89,20.0,0.88,20.0,0.9,18.1,0.91,111.0,0.1,32.11,0.09,111.0,0.11,15.0,0.12,15.0,0.01,0.01,2316.1377,1776199763000
1776199764.884,264.884,0.89,18.74,0.88,15.0,0.9,18.1,0.91,106.0,0.1,18.1,0.09,111.0,0.11,20.0,0.12,20.0,0.01,0.01,2316.1377,1776199763000
1776199765.095,265.095,0.89,18.67,0.88,10.0,0.9,16.98,0.91,106.0,0.1,16.98,0.09,106.0,0.11,13.74,0.12,15.0,0.01,0.01,2316.18685,1776199764000
1776199766.011,266.011,0.89,18.67,0.88,10.0,0.9,16.98,0.91,106.0,0.1,16.98,0.09,106.0,0.11,18.67,0.12,10.0,0.01,0.01,2316.257004,1776199765000
1776199766.418,266.418,0.89,23.67,0.88,10.0,0.9,15.86,0.91,56.0,0.1,16.98,0.09,106.0,0.11,18.67,0.12,10.0,0.01,0.01,2316.257004,1776199765000
1776199767.0,267.0,0.89,23.67,0.88,10.0,0.9,15.86,0.91,56.0,0.1,15.86,0.09,56.0,0.11,23.67,0.12,10.0,0.01,0.01,2316.44233,1776199766000
1776199767.626,267.626,0.89,23.62,0.88,10.0,0.9,8.66,0.91,44.0,0.1,15.86,0.09,56.0,0.11,23.62,0.12,10.0,0.01,0.01,2316.44233,1776199766000
1776199767.874,267.874,0.89,12.67,0.88,10.0,0.9,8.66,0.91,44.0,0.1,8.66,0.09,44.0,0.11,23.62,0.12,10.0,0.01,0.01,2316.44233,1776199766000
1776199768.114,268.114,0.89,12.67,0.88,10.0,0.9,8.66,0.91,44.0,0.1,8.66,0.09,44.0,0.11,12.67,0.12,10.0,0.01,0.01,2316.42649,1776199767000
1776199768.425,268.425,0.86,195.85,0.85,15.0,0.9,18.66,0.91,44.0,0.1,8.66,0.09,44.0,0.11,12.67,0.12,10.0,0.04,0.01,2316.42649,1776199767000
1776199768.852,268.852,0.89,20.0,0.88,15.0,0.9,16.9,0.92,63.91,0.1,18.66,0.09,44.0,0.14,195.85,0.15,15.0,0.01,0.04,2316.42649,1776199767000
1776199769.149,269.149,0.89,14.93,0.88,15.0,0.9,16.9,0.92,57.9,0.1,16.9,0.08,57.9,0.11,14.93,0.12,15.0,0.01,0.01,2316.436005,1776199768000
1776199769.373,269.373,0.92,105.43,0.91,56.0,0.93,38.5,0.94,10.0,0.07,47.11,0.06,10.0,0.08,80.0,0.09,56.0,0.01,0.01,2316.436005,1776199768000
1776199769.605,269.605,0.92,95.0,0.91,72.0,0.93,15.91,0.94,10.0,0.07,20.97,0.06,10.0,0.08,95.0,0.09,72.0,0.01,0.01,2316.436005,1776199768000
1776199769.891,269.891,0.92,69.03,0.91,72.0,0.93,15.91,0.94,10.0,0.07,15.91,0.06,10.0,0.08,72.47,0.09,72.0,0.01,0.01,2316.436005,1776199768000
1776199770.182,270.182,0.92,177.39,0.91,288.24,0.93,6.71,0.94,10.0,0.07,15.91,0.06,10.0,0.09,202.24,0.1,10.0,0.01,0.02,2316.436005,1776199768000
1776199770.89,270.89,0.93,72.26,0.92,172.39,0.94,5.0,0.95,70.41,0.05,50.21,0.04,230.79,0.08,188.39,0.09,277.24,0.01,0.03,2316.441305,1776199769000
1776199771.222,271.222,0.93,72.26,0.92,172.39,0.94,5.0,0.95,70.41,0.06,5.0,0.05,70.41,0.07,72.26,0.08,172.39,0.01,0.01,2316.509065,1776199770000
1776199771.517,271.517,0.93,87.26,0.92,190.39,0.94,13.93,0.95,70.41,0.06,5.0,0.05,70.41,0.07,72.26,0.08,172.39,0.01,0.01,2316.509065,1776199770000
1776199772.335,272.335,0.93,87.26,0.92,190.39,0.94,13.93,0.95,70.41,0.06,13.93,0.05,70.41,0.07,87.26,0.08,190.39,0.01,0.01,2316.71596,1776199771000
1776199772.661,272.661,0.93,218.75,0.92,228.0,0.94,10.8,0.95,70.41,0.06,13.93,0.05,70.41,0.07,87.26,0.08,190.39,0.01,0.01,2316.71596,1776199771000
1776199772.971,272.971,0.94,21.11,0.93,218.75,0.95,70.41,0.96,188.79,0.06,10.8,0.05,70.41,0.07,218.75,0.08,228.0,0.01,0.01,2316.71596,1776199771000
1776199773.311,273.311,0.94,46.0,0.93,60.0,0.95,70.2,0.96,177.79,0.05,70.2,0.04,177.79,0.06,46.0,0.07,60.0,0.01,0.01,2316.753205,1776199772000
1776199773.643,273.643,0.94,256.42,0.93,240.0,0.95,68.93,0.96,99.99,0.05,70.2,0.04,177.79,0.06,46.0,0.07,60.0,0.01,0.01,2316.753205,1776199772000
1776199774.362,274.362,0.94,256.42,0.93,240.0,0.95,68.93,0.96,99.99,0.05,68.93,0.04,99.99,0.06,256.42,0.07,240.0,0.01,0.01,2316.795956,1776199773000
1776199774.883,274.883,0.94,173.4,0.93,250.0,0.95,63.66,0.96,35.0,0.05,68.93,0.04,59.99,0.06,168.4,0.07,250.0,0.01,0.01,2316.795956,1776199773000
1776199775.17,275.17,0.94,168.28,0.93,269.0,0.95,27.08,0.96,35.0,0.05,58.66,0.04,35.0,0.06,168.28,0.07,269.0,0.01,0.01,2316.838964,1776199774000
1776199775.568,275.568,0.94,173.28,0.93,269.0,0.95,10.0,0.96,45.0,0.05,27.08,0.04,35.0,0.06,168.28,0.07,269.0,0.01,0.01,2316.838964,1776199774000
1776199775.874,275.874,0.94,178.28,0.93,269.0,0.96,45.0,0.97,230.13,0.05,10.0,0.04,45.0,0.06,173.28,0.07,269.0,0.02,0.01,2316.838964,1776199774000
1776199776.255,276.255,0.95,174.12,0.94,15.0,0.96,65.25,0.97,199.13,0.04,45.0,0.03,230.13,0.06,178.28,0.07,269.0,0.01,0.02,2316.838964,1776199774000
1776199776.539,276.539,0.95,174.12,0.94,15.0,0.96,64.1,0.97,199.13,0.04,65.25,0.03,199.13,0.05,174.12,0.06,15.0,0.01,0.01,2316.7552,1776199775000
1776199776.968,276.968,0.95,174.12,0.94,15.0,0.98,468.7,0.99,6605.0,0.02,468.7,0.01,6605.0,0.05,174.12,0.06,15.0,0.03,0.03,2316.745435,1776199776000
1776199777.399,277.399,0.96,180.55,0.95,64.0,0.97,52.66,0.98,463.7,0.02,468.7,0.01,6605.0,0.05,174.12,0.06,15.0,0.01,0.03,2316.745435,1776199776000
1776199777.875,277.875,0.96,180.55,0.95,64.0,0.97,120.64,0.98,463.7,0.03,52.66,0.02,463.7,0.04,180.55,0.05,64.0,0.01,0.01,2316.745435,1776199776000
1776199778.094,278.094,0.96,190.55,0.95,64.0,0.97,10.51,0.98,463.7,0.03,20.71,0.02,463.7,0.04,190.55,0.05,64.0,0.01,0.01,2316.74568,1776199777000
1776199778.682,278.682,0.94,43.7,0.93,89.0,0.98,462.21,0.99,7290.0,0.02,452.21,0.01,6605.0,0.04,190.55,0.05,64.0,0.04,0.02,2316.74568,1776199777000
1776199778.995,278.995,0.94,46.89,0.93,65.0,0.96,91.99,0.97,143.99,0.02,462.21,0.01,7290.0,0.06,43.7,0.07,89.0,0.02,0.04,2316.74568,1776199777000
1776199779.297,279.297,0.95,162.83,0.94,59.89,0.96,74.58,0.97,143.99,0.04,71.57,0.03,143.99,0.06,46.89,0.07,65.0,0.01,0.02,2316.74568,1776199777000
1776199779.505,279.505,0.95,113.83,0.94,59.89,0.96,93.56,0.97,143.99,0.04,74.58,0.03,143.99,0.05,162.83,0.06,59.89,0.01,0.01,2316.74568,1776199777000
1776199779.918,279.918,0.95,118.83,0.94,86.89,0.96,87.49,0.97,143.99,0.04,93.56,0.03,143.99,0.05,113.83,0.06,59.89,0.01,0.01,2316.763215,1776199778000
1776199780.313,280.313,0.95,180.63,0.94,86.89,0.96,60.52,0.97,143.99,0.04,81.84,0.03,143.99,0.05,118.83,0.06,86.89,0.01,0.01,2316.76325,1776199779000
1776199780.658,280.658,0.95,223.26,0.94,76.89,0.96,59.32,0.97,10.0,0.04,60.52,0.03,143.99,0.05,180.63,0.06,86.89,0.01,0.01,2316.76325,1776199779000
1776199781.0,281.0,0.95,227.06,0.94,76.89,0.96,54.96,0.97,102.98,0.04,59.32,0.03,10.0,0.05,223.26,0.06,76.89,0.01,0.01,2316.76325,1776199779000
1776199781.201,281.201,0.95,227.06,0.94,76.89,0.97,30.34,0.98,453.21,0.03,30.34,0.02,453.21,0.05,227.06,0.06,76.89,0.02,0.02,2316.76356,1776199780000
1776199781.532,281.532,0.96,15.0,0.95,227.06,0.98,438.21,0.99,7247.0,0.03,30.34,0.02,453.21,0.05,227.06,0.06,76.89,0.02,0.02,2316.76356,1776199780000
1776199782.32,282.32,0.96,15.0,0.95,227.06,0.98,438.21,0.99,7247.0,0.02,438.21,0.01,7247.0,0.04,15.0,0.05,227.06,0.02,0.02,2316.711835,1776199781000
1776199782.626,282.626,0.97,171.55,0.96,51.43,0.98,447.18,0.99,7547.0,0.02,442.18,0.01,7547.0,0.03,172.94,0.04,51.43,0.01,0.01,2316.711835,1776199781000
1776199782.909,282.909,0.97,127.97,0.96,56.43,0.98,376.16,0.99,7547.0,0.02,442.18,0.01,7547.0,0.03,125.55,0.04,51.43,0.01,0.01,2316.711835,1776199781000
1776199783.393,283.393,0.97,210.27,0.96,25.0,0.98,370.03,0.99,7547.0,0.02,376.16,0.01,7547.0,0.03,127.97,0.04,56.43,0.01,0.01,2316.711835,1776199781000
1776199783.745,283.745,0.97,227.74,0.96,25.0,0.98,366.07,0.99,7547.0,0.02,369.77,0.01,7547.0,0.03,210.27,0.04,25.0,0.01,0.01,2316.67745,1776199782000
1776199784.093,284.093,0.97,222.74,0.96,75.0,0.98,284.17,0.99,7547.0,0.02,366.07,0.01,7547.0,0.03,227.74,0.04,25.0,0.01,0.01,2316.67745,1776199782000
1776199784.331,284.331,0.97,222.74,0.96,105.0,0.98,256.76,0.99,7547.0,0.02,287.38,0.01,7547.0,0.03,222.74,0.04,105.0,0.01,0.01,2316.660065,1776199783000
1776199784.57,284.57,0.97,222.74,0.96,105.0,0.98,134.85,0.99,7547.0,0.02,256.76,0.01,7547.0,0.03,222.74,0.04,105.0,0.01,0.01,2316.660065,1776199783000
1776199784.973,284.973,0.97,222.74,0.96,105.0,0.98,86.98,0.99,7380.0,0.02,130.35,0.01,7547.0,0.03,227.74,0.04,105.0,0.01,0.01,2316.660065,1776199783000
1776199785.21,285.21,0.97,227.74,0.96,105.0,0.98,49.17,0.99,7180.0,0.02,86.98,0.01,7380.0,0.03,222.74,0.04,105.0,0.01,0.01,2316.660065,1776199783000
1776199785.476,285.476,0.97,227.74,0.96,105.0,0.98,49.17,0.99,7180.0,0.02,49.17,0.01,7180.0,0.03,227.74,0.04,105.0,0.01,0.01,2316.65492,1776199784000
1776199785.736,285.736,0.97,242.74,0.96,119.0,0.98,59.17,0.99,7180.0,0.02,49.17,0.01,7180.0,0.03,227.74,0.04,105.0,0.01,0.01,2316.65492,1776199784000
1776199786.046,286.046,0.97,242.74,0.96,119.0,0.98,59.17,0.99,7180.0,0.02,59.17,0.01,7180.0,0.03,242.74,0.04,119.0,0.01,0.01,2316.673249,1776199785000
1776199786.31,286.31,0.97,242.74,0.96,119.0,0.98,52.98,0.99,7080.0,0.02,59.17,0.01,7180.0,0.03,242.74,0.04,119.0,0.01,0.01,2316.673249,1776199785000
1776199786.707,286.707,0.97,207.74,0.96,10.0,0.98,90.98,0.99,7180.0,0.02,2.47,0.01,7080.0,0.03,232.74,0.04,95.0,0.01,0.01,2316.673249,1776199785000
1776199787.181,287.181,0.94,193.69,0.93,25.0,0.95,5.0,0.96,10.0,0.02,80.44,0.01,7180.0,0.11,10.0,0.12,40.0,0.01,0.09,2316.673249,1776199785000
1776199787.539,287.539,0.95,28.0,0.94,164.69,0.97,10.0,0.98,47.98,0.04,3.63,0.03,10.0,0.06,188.69,0.07,25.0,0.02,0.02,2316.70723,1776199786000
1776199787.835,287.835,0.95,28.0,0.94,164.69,0.97,10.0,0.98,33.98,0.03,10.0,0.02,47.98,0.05,28.0,0.06,164.69,0.02,0.02,2316.70723,1776199786000
1776199788.075,288.075,0.96,166.0,0.95,43.0,0.97,6.93,0.98,10.0,0.03,7.97,0.02,33.98,0.05,33.0,0.06,174.69,0.01,0.02,2316.70723,1776199786000
1776199788.304,288.304,0.96,176.0,0.95,38.0,0.99,6699.86,,,0.01,6699.86,,,0.04,176.0,0.05,38.0,0.03,0.03,2316.705845,1776199787000
1776199788.567,288.567,0.97,10.0,0.96,176.0,0.99,6699.96,,,0.01,6699.86,,,0.04,176.0,0.05,38.0,0.02,0.03,2316.705845,1776199787000
1776199788.844,288.844,0.97,10.0,0.96,201.0,0.99,6291.58,,,0.01,6699.96,,,0.03,10.0,0.04,176.0,0.02,0.02,2316.705845,1776199787000
1776199789.315,289.315,0.98,175.08,0.97,10.0,0.99,6197.54,,,0.01,6202.54,,,0.03,10.0,0.04,176.0,0.01,0.02,2316.696553,1776199788000
1776199789.609,289.609,0.98,180.17,0.97,10.0,0.99,6187.43,,,0.01,6197.48,,,0.02,175.08,0.03,10.0,0.01,0.01,2316.696553,1776199788000
1776199790.065,290.065,0.98,15.09,0.97,10.0,0.99,6172.43,,,0.01,6177.43,,,0.02,180.17,0.03,10.0,0.01,0.01,2316.696553,1776199788000
1776199790.288,290.288,0.96,40.0,0.95,25.0,0.99,1161.82,,,0.02,4.44,0.01,1157.43,0.04,35.0,0.05,25.0,0.03,0.02,2316.736953,1776199789000
1776199790.49,290.49,0.97,10.0,0.96,35.0,0.99,1140.82,,,0.01,1150.82,,,0.03,10.0,0.04,35.0,0.02,0.02,2316.736953,1776199789000
1776199790.747,290.747,0.96,37.56,0.95,25.0,0.98,7.5,0.99,1140.82,0.01,1140.82,,,0.04,32.56,0.05,25.0,0.02,0.03,2316.736953,1776199789000
1776199791.11,291.11,0.96,37.56,0.95,25.0,0.98,6.47,0.99,1140.82,0.02,7.5,0.01,1140.82,0.04,37.56,0.05,25.0,0.02,0.02,2316.736953,1776199789000
1776199791.351,291.351,0.96,37.56,0.95,25.0,0.98,1.36,0.99,1150.82,0.02,1.36,0.01,1150.82,0.04,37.56,0.05,25.0,0.02,0.02,2316.625425,1776199790000
1776199791.688,291.688,0.97,15.0,0.96,47.56,0.98,0.33,0.99,1150.82,0.02,1.36,0.01,1150.82,0.04,37.56,0.05,25.0,0.01,0.02,2316.625425,1776199790000
1776199791.917,291.917,0.96,39.16,0.95,10.0,0.99,1120.79,,,0.01,1115.79,,,0.03,15.0,0.04,47.56,0.03,0.02,2316.625425,1776199790000
1776199792.299,292.299,0.97,10.0,0.96,34.16,0.99,1115.73,,,0.01,1115.79,,,0.04,44.16,0.05,15.0,0.02,0.03,2316.631343,1776199791000
1776199792.76,292.76,0.97,10.0,0.96,34.16,0.99,1110.68,,,0.01,1115.73,,,0.03,10.0,0.04,34.16,0.02,0.02,2316.631343,1776199791000
1776199793.154,293.154,0.97,10.0,0.96,34.16,0.99,1105.68,,,0.01,1105.68,,,0.03,10.0,0.04,34.16,0.02,0.02,2316.641175,1776199792000
1776199793.515,293.515,0.97,20.0,0.96,24.16,0.99,1100.62,,,0.01,1105.68,,,0.03,10.0,0.04,34.16,0.02,0.02,2316.641175,1776199792000
1776199794.171,294.171,0.97,154.0,0.96,32.0,0.99,1090.56,,,0.01,1100.62,,,0.03,20.0,0.04,24.16,0.02,0.02,2316.641175,1776199792000
1776199794.964,294.964,0.97,154.0,0.96,10.0,0.99,1065.35,,,0.01,1090.56,,,0.03,154.0,0.04,32.0,0.02,0.02,2316.674325,1776199793000
1776199795.285,295.285,0.97,154.0,0.96,10.0,0.99,1065.35,,,0.01,1065.35,,,0.03,154.0,0.04,10.0,0.02,0.02,2316.67721,1776199794000
1776199795.515,295.515,0.97,154.0,0.96,10.0,0.99,959.99,,,0.01,962.99,,,0.03,154.0,0.04,10.0,0.02,0.02,2316.67721,1776199794000
1776199795.766,295.766,0.97,159.0,0.96,15.0,0.99,663.32,,,0.01,738.32,,,0.03,159.0,0.04,10.0,0.02,0.02,2316.67721,1776199794000
1776199796.323,296.323,0.97,159.0,0.96,15.0,0.99,613.32,,,0.01,663.32,,,0.03,159.0,0.04,15.0,0.02,0.02,2316.680685,1776199795000
1776199796.669,296.669,0.97,164.0,0.96,15.0,0.99,573.32,,,0.01,593.32,,,0.03,159.0,0.04,15.0,0.02,0.02,2316.680685,1776199795000
1776199796.903,296.903,0.99,10.7,0.97,164.0,,,,,0.01,89.3,,,0.03,159.0,0.04,15.0,,0.02,2316.680685,1776199795000
1776199797.869,297.869,0.99,3259.84,0.97,25.0,,,,,,,,,0.01,237.22,0.03,25.0,,,2316.799025,1776199796000
1776199798.134,298.134,0.99,3259.84,0.97,25.0,,,,,,,,,0.01,3259.84,0.03,25.0,,,2316.677055,1776199797000
1776199798.81,298.81,0.99,8125.77,0.98,10.0,,,,,,,,,0.01,3259.84,0.03,25.0,,,2316.677055,1776199797000
1776199799.11,299.11,0.99,8125.77,0.98,10.0,,,,,,,,,0.01,8125.77,0.02,10.0,,,2316.67527,1776199798000
1776199800.208,300.208,0.99,8125.77,0.98,10.0,,,,,,,,,0.01,8125.77,0.02,10.0,,,2316.70667,1776199799000

# RESULT,winner=Up,slug=eth-updown-5m-1776199500,ticks=582
