timestamp,elapsed_sec,up_bid_p1,up_bid_s1,up_bid_p2,up_bid_s2,up_ask_p1,up_ask_s1,up_ask_p2,up_ask_s2,down_bid_p1,down_bid_s1,down_bid_p2,down_bid_s2,down_ask_p1,down_ask_s1,down_ask_p2,down_ask_s2,up_spread,down_spread,eth_price,eth_oracle_ts
1776310800.756,0.756,0.5,9.9,0.49,14.45,0.54,6.68,0.6,38.0,0.47,6.38,0.46,8.69,0.5,9.9,0.51,14.45,0.04,0.03,2360.927853,1776310799000
1776310801.165,1.165,0.53,15.0,0.52,80.0,0.54,1.68,0.56,11.0,0.46,6.68,0.4,38.0,0.5,9.9,0.51,14.45,0.01,0.04,2360.889434,1776310800000
1776310801.968,1.968,0.53,16.0,0.52,162.0,0.57,5.0,0.61,70.0,0.43,5.0,0.39,70.0,0.47,16.0,0.48,162.0,0.04,0.04,2360.870652,1776310801000
1776310802.962,2.962,0.53,16.0,0.52,162.0,0.57,5.0,0.61,70.0,0.43,5.0,0.39,70.0,0.47,16.0,0.48,162.0,0.04,0.04,2361.037526,1776310802000
1776310804.035,4.035,0.53,16.0,0.52,162.0,0.57,5.0,0.61,70.0,0.43,5.0,0.39,70.0,0.47,16.0,0.48,162.0,0.04,0.04,2361.164029,1776310803000
1776310804.504,4.504,0.57,20.0,0.56,20.0,0.58,24.61,0.59,29.0,0.43,5.0,0.39,70.0,0.47,16.0,0.48,162.0,0.01,0.04,2361.164029,1776310803000
1776310805.044,5.044,0.57,20.0,0.56,20.0,0.58,24.61,0.59,29.0,0.42,24.61,0.41,29.0,0.43,20.0,0.44,20.0,0.01,0.01,2361.161279,1776310804000
1776310805.314,5.314,0.51,5.0,0.5,14.9,0.53,37.0,0.54,108.0,0.42,24.61,0.41,29.0,0.43,20.0,0.44,20.0,0.02,0.01,2361.161279,1776310804000
1776310806.149,6.149,0.5,14.9,0.49,29.45,0.53,37.0,0.54,108.0,0.47,37.0,0.46,108.0,0.5,14.9,0.51,29.45,0.03,0.03,2361.161318,1776310805000
1776310807.106,7.106,0.5,29.9,0.49,29.45,0.52,75.0,0.53,32.0,0.47,37.0,0.46,108.0,0.5,14.9,0.51,29.45,0.02,0.03,2361.161318,1776310805000
1776310808.394,8.394,0.5,29.9,0.49,29.45,0.52,75.0,0.53,32.0,0.48,75.0,0.47,32.0,0.5,29.9,0.51,29.45,0.02,0.02,2360.99212,1776310807000
1776310809.063,9.063,0.5,29.9,0.49,29.45,0.52,75.0,0.53,32.0,0.48,75.0,0.47,32.0,0.5,29.9,0.51,29.45,0.02,0.02,2360.922256,1776310808000
1776310809.842,9.842,0.49,19.45,0.48,15.0,0.5,16.94,0.51,25.0,0.49,20.0,0.48,95.0,0.51,19.45,0.52,5.0,0.01,0.02,2360.922256,1776310808000
1776310810.21,10.21,0.49,19.45,0.48,15.0,0.5,16.94,0.51,25.0,0.5,16.94,0.49,25.0,0.51,19.45,0.52,15.0,0.01,0.01,2361.050834,1776310809000
1776310810.696,10.696,0.48,32.0,0.47,39.0,0.5,144.74,0.51,25.0,0.5,231.94,0.49,25.0,0.52,27.0,0.53,39.0,0.02,0.02,2361.050834,1776310809000
1776310814.365,14.365,0.49,10.63,0.48,43.0,0.5,149.74,0.51,15.0,0.5,144.74,0.49,25.0,0.51,7.84,0.52,32.0,0.01,0.01,2360.822213,1776310813000
1776310815.256,15.256,0.54,52.0,0.53,119.5,0.55,15.5,0.56,7.0,0.5,149.74,0.49,15.0,0.51,10.63,0.52,43.0,0.01,0.01,2360.822213,1776310813000
1776310816.047,16.047,0.55,47.0,0.54,286.5,0.57,15.0,0.58,12.0,0.45,10.5,0.44,7.0,0.46,52.0,0.47,119.5,0.02,0.01,2360.929494,1776310815000
1776310817.437,17.437,0.54,11.0,0.53,10.0,0.57,60.5,0.58,103.0,0.43,15.0,0.42,12.0,0.45,47.0,0.46,286.5,0.03,0.02,2361.073595,1776310816000
1776310818.531,18.531,0.52,12.58,0.51,20.5,0.55,52.5,0.56,289.5,0.43,60.5,0.42,103.0,0.46,11.0,0.47,10.0,0.03,0.03,2361.210839,1776310817000
1776310819.672,19.672,0.54,79.5,0.53,205.5,0.56,64.91,0.57,46.5,0.45,52.5,0.44,289.5,0.48,12.58,0.49,20.5,0.02,0.03,2361.201861,1776310818000
1776310820.137,20.137,0.55,28.64,0.54,252.5,0.56,64.91,0.57,39.5,0.44,64.91,0.43,46.5,0.46,79.5,0.47,205.5,0.01,0.02,2361.201861,1776310818000
1776310820.464,20.464,0.55,236.64,0.54,72.5,0.57,39.5,0.58,26.0,0.44,64.91,0.43,39.5,0.45,28.64,0.46,252.5,0.02,0.01,2361.198676,1776310819000
1776310820.847,20.847,0.56,46.0,0.55,215.91,0.57,1.16,0.58,29.5,0.43,39.5,0.42,26.0,0.45,9.41,0.46,72.5,0.01,0.02,2361.198676,1776310819000
1776310821.164,21.164,0.58,10.0,0.57,20.0,0.59,81.0,0.6,106.5,0.41,94.0,0.4,82.0,0.43,15.0,0.44,41.0,0.01,0.02,2361.198676,1776310819000
1776310825.056,25.056,0.55,108.27,0.54,86.5,0.59,5.0,0.6,35.0,0.41,81.0,0.4,106.5,0.42,10.0,0.43,20.0,0.04,0.01,2361.333435,1776310824000
1776310830.889,30.889,0.58,77.09,0.57,28.0,0.59,15.0,0.6,51.5,0.41,5.0,0.4,35.0,0.45,108.27,0.46,86.5,0.01,0.04,2361.372394,1776310829000
1776310835.613,35.613,0.58,96.09,0.57,50.5,0.59,10.0,0.6,59.0,0.41,15.0,0.4,51.5,0.42,77.09,0.43,28.0,0.01,0.01,2361.397614,1776310834000
1776310836.147,36.147,0.58,335.59,0.57,60.5,0.6,50.91,0.61,70.0,0.41,10.0,0.4,59.0,0.42,96.09,0.43,50.5,0.02,0.01,2361.397614,1776310834000
1776310836.617,36.617,0.6,99.25,0.59,219.0,0.61,75.0,0.62,85.5,0.39,70.0,0.38,85.5,0.41,15.0,0.42,335.59,0.01,0.02,2361.382699,1776310835000
1776310836.821,36.821,0.6,99.25,0.59,205.0,0.61,70.0,0.62,94.5,0.39,75.0,0.38,85.5,0.4,99.25,0.41,219.0,0.01,0.01,2361.382699,1776310835000
1776310837.133,37.133,0.6,99.25,0.59,211.0,0.61,59.01,0.62,94.5,0.39,70.0,0.38,94.5,0.4,99.25,0.41,205.0,0.01,0.01,2361.382699,1776310835000
1776310837.356,37.356,0.6,96.75,0.59,231.0,0.61,54.01,0.62,94.5,0.39,59.01,0.38,94.5,0.4,99.25,0.41,211.0,0.01,0.01,2361.384674,1776310836000
1776310837.573,37.573,0.6,96.75,0.59,231.0,0.61,1.01,0.62,94.5,0.39,46.01,0.38,94.5,0.4,91.75,0.41,226.0,0.01,0.01,2361.384674,1776310836000
1776310839.087,39.087,0.6,86.75,0.59,232.0,0.61,14.87,0.62,103.5,0.39,1.01,0.38,94.5,0.4,96.75,0.41,231.0,0.01,0.01,2361.424276,1776310837000
1776310839.695,39.695,0.6,74.75,0.59,32.0,0.61,26.87,0.62,293.5,0.39,14.87,0.38,103.5,0.4,86.75,0.41,232.0,0.01,0.01,2361.443133,1776310838000
1776310841.678,41.678,0.6,81.75,0.59,38.0,0.61,6.67,0.62,112.5,0.39,26.87,0.38,293.5,0.4,74.75,0.41,32.0,0.01,0.01,2361.467277,1776310840000
1776310847.061,47.061,0.6,56.0,0.59,43.32,0.61,208.72,0.62,112.5,0.39,6.67,0.38,112.5,0.4,81.75,0.41,38.0,0.01,0.01,2361.432525,1776310846000
1776310851.099,51.099,0.6,62.0,0.59,57.5,0.61,230.8,0.62,112.5,0.39,208.72,0.38,112.5,0.4,56.0,0.41,43.32,0.01,0.01,2361.46999,1776310850000
1776310851.351,51.351,0.6,42.0,0.59,48.0,0.61,198.3,0.62,112.5,0.39,227.8,0.38,112.5,0.4,67.0,0.41,63.5,0.01,0.01,2361.46999,1776310850000
1776310851.712,51.712,0.6,36.55,0.59,48.0,0.61,193.3,0.62,112.5,0.39,198.3,0.38,112.5,0.4,42.0,0.41,48.0,0.01,0.01,2361.46999,1776310850000
1776310854.629,54.629,0.6,36.55,0.59,54.0,0.61,225.09,0.62,122.5,0.39,193.3,0.38,112.5,0.4,36.55,0.41,48.0,0.01,0.01,2361.454576,1776310853000
1776310858.489,58.489,0.6,41.55,0.59,53.0,0.61,212.5,0.62,112.5,0.39,225.09,0.38,122.5,0.4,36.55,0.41,54.0,0.01,0.01,2361.46369,1776310857000
1776310860.278,60.278,0.6,109.05,0.59,235.5,0.61,9.91,0.62,27.0,0.39,212.5,0.38,112.5,0.4,41.55,0.41,53.0,0.01,0.01,2361.466301,1776310858000
1776310860.883,60.883,0.61,198.5,0.6,362.05,0.64,10.0,0.65,29.5,0.39,9.91,0.38,27.0,0.4,109.05,0.41,235.5,0.03,0.01,2361.475285,1776310859000
1776310861.383,61.383,0.71,44.0,0.7,20.0,0.72,9.29,0.73,45.0,0.36,8.43,0.35,29.5,0.37,50.0,0.38,25.5,0.01,0.01,2361.475285,1776310859000
1776310861.918,61.918,0.73,320.5,0.72,170.5,0.74,0.18,0.78,10.0,0.26,87.51,0.25,75.0,0.29,54.0,0.3,20.0,0.01,0.03,2361.466005,1776310860000
1776310862.433,62.433,0.8,54.0,0.79,10.0,0.81,77.26,0.82,75.0,0.19,55.0,0.18,70.0,0.22,10.0,0.23,44.0,0.01,0.03,2361.446993,1776310861000
1776310862.664,62.664,0.8,23.15,0.79,10.0,0.81,73.71,0.82,75.0,0.19,77.26,0.18,75.0,0.2,28.15,0.21,10.0,0.01,0.01,2361.446993,1776310861000
1776310862.977,62.977,0.8,21.44,0.79,10.0,0.81,77.36,0.82,348.98,0.19,73.71,0.18,75.0,0.2,21.44,0.21,10.0,0.01,0.01,2361.446993,1776310861000
1776310863.332,63.332,0.8,11.44,0.78,5.0,0.81,213.36,0.82,178.98,0.19,67.36,0.18,348.98,0.2,21.44,0.21,10.0,0.01,0.01,2361.627448,1776310862000
1776310863.535,63.535,0.79,10.0,0.78,10.0,0.81,243.86,0.82,218.98,0.19,243.86,0.18,218.98,0.2,0.44,0.21,10.0,0.02,0.01,2361.627448,1776310862000
1776310863.746,63.746,0.78,2.77,0.77,10.0,0.79,55.23,0.8,282.16,0.2,6.0,0.19,313.86,0.22,2.77,0.23,10.0,0.01,0.02,2361.627448,1776310862000
1776310865.441,65.441,0.77,34.65,0.76,10.0,0.78,20.5,0.79,53.23,0.21,55.23,0.2,282.16,0.23,10.0,0.24,20.5,0.01,0.02,2362.35452,1776310864000
1776310865.742,65.742,0.77,12.0,0.75,5.82,0.78,242.59,0.79,165.5,0.22,20.5,0.21,53.23,0.23,34.65,0.24,10.0,0.01,0.01,2362.35452,1776310864000
1776310865.98,65.98,0.75,2.82,0.73,15.0,0.76,149.5,0.77,57.5,0.22,242.59,0.21,165.5,0.25,5.82,0.26,10.0,0.01,0.03,2362.35452,1776310864000
1776310866.724,66.724,0.72,10.0,0.71,10.0,0.76,444.83,0.77,157.5,0.24,137.92,0.23,57.5,0.25,2.82,0.27,15.0,0.04,0.01,2362.293825,1776310865000
1776310867.017,67.017,0.69,25.5,0.68,39.0,0.7,85.16,0.71,20.5,0.3,35.0,0.24,439.83,0.31,10.0,0.32,39.0,0.01,0.01,2362.155668,1776310866000
1776310867.349,67.349,0.69,30.5,0.68,216.0,0.71,5.0,0.73,26.5,0.3,85.16,0.29,20.5,0.31,25.5,0.32,39.0,0.02,0.01,2362.155668,1776310866000
1776310870.075,70.075,0.71,37.5,0.7,200.5,0.72,7.0,0.73,10.5,0.29,5.0,0.27,26.5,0.31,30.5,0.32,216.0,0.01,0.02,2361.961691,1776310868000
1776310871.087,71.087,0.73,20.0,0.72,30.5,0.74,6.56,0.75,98.5,0.28,7.0,0.27,10.5,0.29,37.5,0.3,200.5,0.01,0.01,2362.030392,1776310870000
1776310871.336,71.336,0.73,20.0,0.72,30.5,0.74,5.06,0.75,98.5,0.26,6.56,0.25,98.5,0.27,20.0,0.28,30.5,0.01,0.01,2362.030392,1776310870000
1776310872.373,72.373,0.73,33.09,0.72,25.5,0.74,5.0,0.75,87.5,0.26,2.96,0.25,87.5,0.27,25.0,0.28,30.5,0.01,0.01,2361.99302,1776310871000
1776310873.011,73.011,0.69,71.28,0.68,20.0,0.74,5.0,0.75,80.5,0.26,5.0,0.25,87.5,0.27,33.09,0.28,25.5,0.05,0.01,2361.99302,1776310871000
1776310874.389,74.389,0.72,15.0,0.71,10.0,0.73,14.26,0.74,15.5,0.26,5.0,0.25,80.5,0.31,71.28,0.32,20.0,0.01,0.05,2362.043349,1776310873000
1776310874.866,74.866,0.72,15.0,0.71,10.0,0.73,17.52,0.74,10.5,0.27,14.26,0.26,15.5,0.28,15.0,0.29,10.0,0.01,0.01,2362.043349,1776310873000
1776310879.864,79.864,0.75,109.0,0.74,61.0,0.77,18.41,0.78,34.5,0.27,17.52,0.26,10.5,0.28,15.0,0.29,10.0,0.02,0.01,2362.045773,1776310878000
1776310882.206,82.206,0.77,8.59,0.76,69.0,0.78,44.5,0.79,35.0,0.23,18.41,0.22,34.5,0.25,109.0,0.26,61.0,0.01,0.02,2362.131348,1776310880000
1776310885.889,85.889,0.77,289.07,0.76,32.0,0.78,28.0,0.79,35.5,0.22,44.5,0.21,35.0,0.23,8.59,0.24,69.0,0.01,0.01,2362.131794,1776310884000
1776310886.236,86.236,0.78,114.0,0.77,242.07,0.79,29.0,0.8,81.5,0.22,28.0,0.21,35.5,0.23,289.07,0.24,32.0,0.01,0.01,2362.175797,1776310885000
1776310888.411,88.411,0.78,48.0,0.77,7.07,0.79,92.5,0.8,56.5,0.21,29.0,0.2,81.5,0.22,114.0,0.23,242.07,0.01,0.01,2362.264327,1776310887000
1776310891.675,91.675,0.76,17.0,0.75,46.33,0.78,80.5,0.79,247.5,0.21,87.5,0.2,56.5,0.22,43.0,0.23,17.07,0.02,0.01,2362.32893,1776310890000
1776310892.813,92.813,0.76,55.0,0.75,51.33,0.77,29.0,0.78,41.5,0.22,80.5,0.21,247.5,0.24,17.0,0.25,46.33,0.01,0.02,2362.278676,1776310891000
1776310895.02,95.02,0.75,29.33,0.7,31.43,0.77,189.5,0.78,168.5,0.23,29.0,0.22,41.5,0.24,55.0,0.25,51.33,0.02,0.01,2362.278137,1776310893000
1776310895.275,95.275,0.75,18.49,0.7,31.43,0.76,349.02,0.77,95.5,0.24,349.02,0.23,95.5,0.25,30.97,0.3,31.43,0.01,0.01,2362.294474,1776310894000
1776310896.283,96.283,0.68,15.0,0.67,102.5,0.71,277.0,0.72,52.5,0.24,354.02,0.23,95.5,0.3,31.43,0.31,5.0,0.03,0.06,2362.294474,1776310894000
1776310896.549,96.549,0.69,50.0,0.68,25.5,0.7,67.57,0.71,270.0,0.29,277.0,0.28,52.5,0.32,15.0,0.33,102.5,0.01,0.03,2362.259003,1776310895000
1776310896.974,96.974,0.69,32.5,0.68,30.5,0.71,26.0,0.72,13.0,0.3,67.57,0.29,270.0,0.31,50.0,0.32,25.5,0.02,0.01,2362.16251,1776310896000
1776310897.524,97.524,0.67,95.5,0.66,171.5,0.7,27.0,0.71,63.5,0.29,26.0,0.28,13.0,0.31,32.5,0.32,30.5,0.03,0.02,2362.16251,1776310896000
1776310902.092,102.092,0.66,20.0,0.65,25.0,0.67,56.57,0.68,233.5,0.3,27.0,0.29,63.5,0.33,95.5,0.34,171.5,0.01,0.03,2361.77301,1776310900000
1776310903.509,103.509,0.66,20.0,0.65,30.0,0.67,56.57,0.68,233.5,0.33,56.57,0.32,233.5,0.34,20.0,0.35,25.0,0.01,0.01,2361.764424,1776310902000
1776310904.672,104.672,0.65,20.0,0.64,34.0,0.67,1.07,0.68,31.5,0.33,56.57,0.32,233.5,0.34,20.0,0.35,30.0,0.02,0.01,2361.741868,1776310903000
1776310905.968,105.968,0.65,10.96,0.64,34.0,0.66,81.0,0.67,21.57,0.33,1.07,0.32,31.5,0.35,20.0,0.36,34.0,0.01,0.02,2361.751849,1776310904000
1776310906.529,106.529,0.65,5.96,0.64,34.0,0.66,81.0,0.67,21.57,0.34,81.0,0.33,21.57,0.35,10.96,0.36,34.0,0.01,0.01,2361.727498,1776310905000
1776310908.482,108.482,0.65,10.96,0.64,29.0,0.66,84.77,0.67,201.57,0.34,81.0,0.33,21.57,0.35,5.96,0.36,34.0,0.01,0.01,2361.739807,1776310907000
1776310909.928,109.928,0.59,27.75,0.58,15.0,0.62,10.0,0.63,78.5,0.34,84.77,0.33,201.57,0.35,10.96,0.36,29.0,0.03,0.01,2361.712991,1776310908000
1776310910.445,110.445,0.59,12.54,0.58,25.0,0.6,23.0,0.61,25.5,0.38,10.0,0.37,78.5,0.41,27.75,0.42,15.0,0.01,0.03,2361.716415,1776310909000
1776310910.658,110.658,0.58,10.0,0.57,30.0,0.6,27.5,0.61,30.5,0.4,23.0,0.39,25.5,0.41,12.54,0.42,25.0,0.02,0.01,2361.716415,1776310909000
1776310911.53,111.53,0.57,37.0,0.56,82.0,0.58,18.27,0.59,25.5,0.4,27.5,0.39,30.5,0.43,30.0,0.44,70.0,0.01,0.03,2361.716415,1776310909000
1776310912.511,112.511,0.57,37.0,0.56,70.0,0.6,62.84,0.61,49.5,0.42,18.27,0.41,25.5,0.43,37.0,0.44,82.0,0.03,0.01,2361.605731,1776310910000
1776310913.043,113.043,0.56,80.5,0.55,28.5,0.58,22.0,0.59,200.5,0.4,62.84,0.39,49.5,0.43,37.0,0.44,70.0,0.02,0.03,2361.385119,1776310911000
1776310913.714,113.714,0.56,6.5,0.55,38.5,0.57,10.0,0.58,7.75,0.42,7.75,0.41,200.5,0.44,80.5,0.45,28.5,0.01,0.02,2361.316786,1776310912000
1776310914.921,114.921,0.55,53.5,0.54,108.5,0.56,10.0,0.57,10.0,0.43,10.0,0.42,7.75,0.44,6.5,0.45,38.5,0.01,0.01,2361.230296,1776310913000
1776310917.533,117.533,0.56,31.65,0.55,47.5,0.57,15.0,0.58,7.75,0.44,10.0,0.43,10.0,0.45,53.5,0.46,108.5,0.01,0.01,2361.205203,1776310916000
1776310919.514,119.514,0.56,35.0,0.55,56.5,0.58,0.33,0.59,25.5,0.43,15.0,0.42,7.75,0.44,31.65,0.45,47.5,0.02,0.01,2361.230157,1776310918000
1776310923.088,123.088,0.59,40.0,0.58,170.0,0.6,190.33,0.61,15.5,0.42,0.33,0.41,25.5,0.44,35.0,0.45,56.5,0.01,0.02,2361.243384,1776310921000
1776310924.54,124.54,0.59,21.85,0.58,100.0,0.6,200.83,0.61,25.5,0.4,190.33,0.39,15.5,0.41,40.0,0.42,170.0,0.01,0.01,2361.296235,1776310923000
1776310927.307,127.307,0.6,14.62,0.59,26.85,0.61,15.5,0.62,30.5,0.4,200.83,0.39,25.5,0.41,21.85,0.42,100.0,0.01,0.01,2361.349984,1776310925000
1776310931.139,131.139,0.57,27.0,0.56,38.5,0.6,25.5,0.61,25.5,0.39,15.5,0.38,30.5,0.4,14.62,0.41,26.85,0.03,0.01,2361.369158,1776310930000
1776310931.56,131.56,0.57,24.72,0.56,38.5,0.59,208.0,0.6,25.5,0.4,25.5,0.39,25.5,0.43,27.0,0.44,38.5,0.02,0.03,2361.369158,1776310930000
1776310934.855,134.855,0.58,33.0,0.57,24.72,0.59,5.0,0.6,25.5,0.41,208.0,0.4,25.5,0.43,24.72,0.44,38.5,0.01,0.02,2361.336714,1776310933000
1776310937.535,137.535,0.59,10.64,0.58,38.0,0.61,30.5,0.62,25.5,0.41,5.0,0.4,25.5,0.42,33.0,0.43,24.72,0.02,0.01,2361.321611,1776310935000
1776310937.751,137.751,0.59,10.64,0.58,33.0,0.6,3.33,0.61,25.5,0.39,30.5,0.38,25.5,0.41,10.64,0.42,38.0,0.01,0.02,2361.321611,1776310935000
1776310941.513,141.513,0.58,16.0,0.57,12.72,0.6,206.83,0.61,25.5,0.4,3.33,0.39,25.5,0.41,10.64,0.42,33.0,0.02,0.01,2361.258315,1776310939000
1776310941.805,141.805,0.56,5.0,0.55,122.5,0.59,43.5,0.6,8.33,0.4,206.83,0.39,25.5,0.42,16.0,0.43,12.72,0.03,0.02,2361.258315,1776310939000
1776310942.77,142.77,0.56,11.0,0.55,126.5,0.57,4.91,0.58,15.0,0.41,43.5,0.4,8.33,0.44,5.0,0.45,122.5,0.01,0.03,2361.230496,1776310941000
1776310945.061,145.061,0.55,23.0,0.54,5.0,0.57,38.41,0.58,44.5,0.43,4.91,0.42,15.0,0.44,11.0,0.45,126.5,0.02,0.01,2361.251325,1776310943000
1776310945.334,145.334,0.55,6.2,0.53,15.24,0.56,366.5,0.57,60.41,0.43,38.41,0.42,44.5,0.45,23.0,0.46,5.0,0.01,0.02,2361.251325,1776310943000
1776310945.705,145.705,0.46,20.5,0.45,42.5,0.47,11.8,0.48,17.0,0.47,10.0,0.44,371.5,0.53,5.0,0.54,18.0,0.01,0.06,2361.251325,1776310943000
1776310946.667,146.667,0.45,211.12,0.44,37.0,0.47,6.8,0.48,7.0,0.53,21.8,0.52,17.0,0.55,5.62,0.56,32.0,0.02,0.02,2361.2117,1776310944000
1776310948.413,148.413,0.51,200.0,0.5,15.0,0.53,12.0,0.54,47.5,0.48,5.0,0.47,49.0,0.54,23.0,0.55,98.62,0.02,0.06,2360.979062,1776310947000
1776310950.531,150.531,0.52,10.0,0.51,200.0,0.54,25.5,0.55,42.0,0.47,12.0,0.46,47.5,0.49,200.0,0.5,15.0,0.02,0.02,2361.013548,1776310949000
1776310952.092,152.092,0.53,5.0,0.52,5.0,0.54,44.64,0.55,25.5,0.46,25.5,0.45,42.0,0.48,10.0,0.49,200.0,0.01,0.02,2361.017137,1776310950000
1776310956.459,156.459,0.57,25.0,0.56,30.0,0.61,65.0,0.62,58.0,0.46,44.64,0.45,25.5,0.47,5.0,0.48,5.0,0.04,0.01,2361.030968,1776310955000
1776310957.482,157.482,0.48,5.0,0.46,55.0,0.54,331.5,0.55,195.5,0.39,25.04,0.38,58.0,0.41,10.0,0.42,15.0,0.06,0.02,2361.073313,1776310956000
1776310957.782,157.782,0.45,7.36,0.44,5.0,0.46,263.5,0.47,32.5,0.53,20.5,0.52,10.0,0.54,41.49,0.55,11.0,0.01,0.01,2361.073313,1776310956000
1776310958.087,158.087,0.44,7.0,0.43,15.5,0.45,73.0,0.46,65.5,0.54,263.5,0.53,32.5,0.55,7.36,0.56,5.0,0.01,0.01,2361.073313,1776310956000
1776310958.643,158.643,0.43,4.6,0.42,23.5,0.45,40.0,0.46,207.0,0.55,73.0,0.54,65.5,0.56,7.0,0.57,15.5,0.02,0.01,2361.133091,1776310957000
1776310959.537,159.537,0.41,83.0,0.4,5.0,0.43,44.0,0.44,30.5,0.55,40.0,0.54,217.5,0.59,83.0,0.6,95.0,0.02,0.04,2361.133091,1776310957000
1776310960.077,160.077,0.41,80.74,0.4,5.0,0.42,19.76,0.43,49.0,0.58,19.76,0.57,49.0,0.59,86.74,0.6,5.0,0.01,0.01,2361.037943,1776310958000
1776310961.093,161.093,0.41,71.87,0.39,80.0,0.42,34.0,0.43,49.0,0.58,19.76,0.57,49.0,0.59,80.74,0.6,5.0,0.01,0.01,2360.978129,1776310959000
1776310962.318,162.318,0.39,160.0,0.38,103.5,0.4,9.4,0.41,10.0,0.58,34.0,0.57,49.0,0.61,80.0,0.62,103.5,0.01,0.03,2360.79616,1776310961000
1776310962.858,162.858,0.41,20.0,0.4,22.16,0.43,17.0,0.44,15.0,0.6,9.4,0.59,10.0,0.61,160.0,0.62,103.5,0.02,0.01,2360.79616,1776310961000
1776310963.803,163.803,0.42,0.57,0.41,15.0,0.43,22.0,0.44,15.0,0.57,17.0,0.56,15.0,0.58,12.82,0.59,20.0,0.01,0.01,2360.79616,1776310961000
1776310964.131,164.131,0.42,202.0,0.41,93.0,0.44,10.0,0.45,27.5,0.57,22.0,0.56,15.0,0.58,0.57,0.59,15.0,0.02,0.01,2360.756366,1776310962000
1776310964.675,164.675,0.4,3.6,0.39,152.0,0.42,25.5,0.43,25.5,0.56,5.0,0.54,20.5,0.57,75.0,0.58,272.0,0.02,0.01,2360.755884,1776310963000
1776310965.511,165.511,0.38,70.0,0.37,13.0,0.4,49.5,0.41,37.5,0.58,25.5,0.57,25.5,0.6,3.6,0.61,152.0,0.02,0.02,2360.755979,1776310964000
1776310965.815,165.815,0.38,58.6,0.37,13.0,0.39,88.5,0.4,229.5,0.61,59.5,0.6,49.5,0.62,65.0,0.63,13.0,0.01,0.01,2360.755979,1776310964000
1776310967.519,167.519,0.28,28.5,0.27,5.0,0.29,28.0,0.3,15.0,0.61,88.5,0.6,229.5,0.64,83.0,0.65,10.0,0.01,0.03,2360.751049,1776310966000
1776310967.841,167.841,0.28,11.5,0.27,5.0,0.29,42.0,0.3,15.0,0.71,40.0,0.7,15.0,0.72,28.5,0.73,5.0,0.01,0.01,2360.751049,1776310966000
1776310968.157,168.157,0.28,6.5,0.27,5.0,0.29,30.4,0.3,15.0,0.71,30.4,0.7,15.0,0.72,11.5,0.73,5.0,0.01,0.01,2360.713829,1776310967000
1776310968.968,168.968,0.28,13.55,0.27,5.0,0.29,30.4,0.3,195.0,0.71,30.4,0.7,15.0,0.72,6.5,0.73,5.0,0.01,0.01,2360.713829,1776310967000
1776310970.567,170.567,0.28,12.0,0.27,22.5,0.29,19.19,0.3,195.0,0.71,30.4,0.7,195.0,0.72,13.55,0.73,5.0,0.01,0.01,2360.44431,1776310969000
1776310972.193,172.193,0.28,17.0,0.27,22.5,0.29,19.19,0.3,195.0,0.71,19.19,0.7,195.0,0.72,12.0,0.73,22.5,0.01,0.01,2360.436096,1776310971000
1776310973.594,173.594,0.28,13.38,0.27,22.5,0.29,1.19,0.3,195.0,0.71,19.19,0.7,195.0,0.72,17.0,0.73,22.5,0.01,0.01,2360.363171,1776310972000
1776310975.094,175.094,0.28,11.38,0.27,12.0,0.29,1.19,0.3,195.0,0.71,1.19,0.7,195.0,0.72,13.38,0.73,22.5,0.01,0.01,2360.410142,1776310974000
1776310977.074,177.074,0.23,5.0,0.22,80.0,0.29,309.5,0.3,56.5,0.71,1.19,0.7,195.0,0.72,11.38,0.73,12.0,0.06,0.01,2360.4338,1776310976000
1776310977.442,177.442,0.18,73.31,0.17,111.0,0.21,45.0,0.22,10.0,0.77,38.5,0.76,53.07,0.8,9.31,0.81,12.0,0.03,0.03,2360.4338,1776310976000
1776310977.809,177.809,0.18,86.09,0.17,113.0,0.19,15.0,0.2,10.0,0.81,25.0,0.8,10.0,0.82,87.31,0.83,113.0,0.01,0.01,2360.4338,1776310976000
1776310978.234,178.234,0.18,86.09,0.17,113.0,0.19,9.73,0.2,10.0,0.81,15.0,0.8,10.0,0.82,86.09,0.83,113.0,0.01,0.01,2360.4338,1776310976000
1776310978.532,178.532,0.18,60.09,0.17,113.0,0.21,14.51,0.22,25.5,0.81,9.73,0.8,10.0,0.82,60.09,0.83,113.0,0.03,0.01,2360.392138,1776310977000
1776310978.922,178.922,0.18,55.09,0.17,113.0,0.19,29.89,0.2,10.0,0.79,14.51,0.78,25.5,0.82,60.09,0.83,113.0,0.01,0.03,2360.392138,1776310977000
1776310980.024,180.024,0.18,45.33,0.17,77.0,0.19,67.39,0.2,25.5,0.81,29.89,0.8,10.0,0.82,55.09,0.83,113.0,0.01,0.01,2360.139267,1776310978000
1776310980.426,180.426,0.18,65.33,0.17,77.0,0.19,25.5,0.2,20.5,0.81,67.39,0.8,25.5,0.82,45.33,0.83,77.0,0.01,0.01,2360.082903,1776310979000
1776310980.884,180.884,0.18,55.57,0.17,77.0,0.19,20.5,0.2,20.5,0.81,25.5,0.8,20.5,0.82,65.33,0.83,77.0,0.01,0.01,2360.082903,1776310979000
1776310981.697,181.697,0.18,47.57,0.17,77.0,0.19,10.0,0.2,20.5,0.81,25.5,0.8,20.5,0.82,55.57,0.83,77.0,0.01,0.01,2360.078243,1776310980000
1776310982.861,182.861,0.26,50.0,0.22,22.72,0.27,179.9,0.31,14.0,0.81,10.0,0.8,20.5,0.82,47.57,0.83,77.0,0.01,0.01,2359.99449,1776310981000
1776310983.264,183.264,0.26,161.9,0.25,10.0,0.27,97.23,0.32,10.0,0.73,109.9,0.68,10.0,0.74,53.9,0.75,10.0,0.01,0.01,2359.961015,1776310982000
1776310985.321,185.321,0.26,245.65,0.24,87.0,0.27,10.0,0.28,20.5,0.73,97.23,0.68,10.0,0.74,161.9,0.75,10.0,0.01,0.01,2360.00604,1776310983000
1776310985.859,185.859,0.26,238.9,0.24,87.0,0.27,20.5,0.28,20.5,0.73,10.0,0.72,20.5,0.74,245.65,0.76,87.0,0.01,0.01,2360.196175,1776310984000
1776310988.182,188.182,0.26,218.9,0.24,87.0,0.27,25.5,0.28,20.5,0.73,20.5,0.72,20.5,0.74,238.9,0.76,87.0,0.01,0.01,2360.174864,1776310986000
1776310990.252,190.252,0.27,24.15,0.26,15.0,0.29,20.5,0.3,25.5,0.73,25.5,0.72,20.5,0.74,218.9,0.76,87.0,0.02,0.01,2360.155311,1776310989000
1776310991.255,191.255,0.29,53.98,0.28,214.0,0.3,15.5,0.31,10.0,0.71,20.5,0.7,25.5,0.73,24.15,0.74,15.0,0.01,0.02,2360.176933,1776310990000
1776310991.852,191.852,0.29,236.98,0.28,34.0,0.3,0.5,0.31,10.0,0.7,15.5,0.69,10.0,0.71,53.98,0.72,214.0,0.01,0.01,2360.176933,1776310990000
1776310992.185,192.185,0.3,43.0,0.29,226.98,0.31,15.5,0.32,10.0,0.68,10.0,0.67,22.0,0.71,236.98,0.72,34.0,0.01,0.03,2360.254451,1776310991000
1776310992.431,192.431,0.3,38.0,0.29,221.98,0.31,0.5,0.32,10.0,0.69,15.5,0.68,10.0,0.7,43.0,0.71,226.98,0.01,0.01,2360.254451,1776310991000
1776310993.451,193.451,0.34,16.0,0.33,22.0,0.36,10.0,0.37,25.0,0.68,10.0,0.67,22.0,0.7,37.0,0.71,221.98,0.02,0.02,2360.254451,1776310991000
1776310993.757,193.757,0.34,21.0,0.33,22.0,0.35,10.01,0.36,10.0,0.64,10.18,0.63,25.0,0.66,21.0,0.67,22.0,0.01,0.02,2360.284954,1776310992000
1776310994.399,194.399,0.34,21.0,0.33,22.0,0.39,18.93,0.4,330.0,0.65,10.01,0.64,10.0,0.66,21.0,0.67,22.0,0.05,0.01,2360.284954,1776310992000
1776310994.616,194.616,0.36,21.0,0.35,16.0,0.37,22.79,0.38,25.5,0.61,18.93,0.6,330.0,0.66,21.0,0.67,22.0,0.01,0.05,2360.284954,1776310992000
1776310994.829,194.829,0.36,215.0,0.35,16.0,0.38,25.5,0.39,17.0,0.63,22.79,0.62,25.5,0.64,21.0,0.65,16.0,0.02,0.01,2360.299774,1776310993000
1776310997.465,197.465,0.37,21.0,0.36,55.0,0.4,10.0,0.41,10.0,0.62,25.5,0.61,17.0,0.64,215.0,0.65,16.0,0.03,0.02,2360.446828,1776310995000
1776310997.679,197.679,0.37,11.0,0.36,45.0,0.42,15.0,0.43,15.0,0.61,10.0,0.6,9.5,0.63,11.0,0.64,45.0,0.05,0.02,2360.470133,1776310996000
1776310998.027,198.027,0.38,16.0,0.37,16.0,0.39,24.3,0.4,30.5,0.58,15.0,0.57,15.0,0.63,11.0,0.64,45.0,0.01,0.05,2360.470133,1776310996000
1776310998.351,198.351,0.38,0.78,0.37,16.0,0.39,37.3,0.4,20.5,0.61,24.3,0.6,30.5,0.62,16.0,0.63,16.0,0.01,0.01,2360.470192,1776310997000
1776310998.614,198.614,0.38,0.78,0.37,16.0,0.39,31.67,0.4,25.5,0.61,37.3,0.6,20.5,0.62,0.78,0.63,16.0,0.01,0.01,2360.470192,1776310997000
1776311000.828,200.828,0.38,0.78,0.37,6.0,0.39,29.41,0.4,205.5,0.61,31.67,0.6,25.5,0.62,0.78,0.63,16.0,0.01,0.01,2360.55518,1776310999000
1776311001.495,201.495,0.38,15.78,0.37,206.5,0.4,5.0,0.41,15.5,0.61,29.41,0.6,205.5,0.62,0.78,0.63,6.0,0.02,0.01,2360.54586,1776311000000
1776311001.981,201.981,0.41,12.89,0.4,16.0,0.42,15.5,0.43,5.0,0.6,5.0,0.59,15.5,0.61,16.0,0.62,10.78,0.01,0.01,2360.54586,1776311000000
1776311003.287,203.287,0.41,12.89,0.4,31.5,0.46,68.0,0.47,11.0,0.58,15.5,0.57,5.0,0.59,12.89,0.6,16.0,0.05,0.01,2360.54551,1776311001000
1776311003.6,203.6,0.44,21.0,0.43,15.0,0.46,1.66,0.47,15.0,0.54,68.0,0.53,11.0,0.59,12.89,0.6,31.5,0.02,0.05,2360.520057,1776311002000
1776311004.312,204.312,0.44,6.0,0.43,5.0,0.46,200.0,0.47,15.0,0.5,85.0,0.49,150.0,0.55,10.0,0.56,21.0,0.02,0.05,2360.520057,1776311002000
1776311004.593,204.593,0.44,1.0,0.43,5.0,0.45,20.0,0.46,273.0,0.54,200.0,0.53,15.0,0.56,6.0,0.57,5.0,0.01,0.02,2360.546371,1776311003000
1776311005.152,205.152,0.41,17.89,0.4,10.0,0.43,10.0,0.44,10.0,0.55,15.0,0.54,260.0,0.58,10.0,0.59,17.89,0.02,0.03,2360.546371,1776311003000
1776311005.658,205.658,0.43,10.0,0.42,10.0,0.44,10.0,0.45,80.0,0.57,10.0,0.56,10.0,0.59,17.89,0.6,10.0,0.01,0.02,2360.593496,1776311004000
1776311006.172,206.172,0.41,15.0,0.4,20.5,0.44,218.0,0.45,90.5,0.56,10.0,0.55,80.0,0.57,10.0,0.58,10.0,0.03,0.01,2360.593496,1776311004000
1776311007.567,207.567,0.41,205.5,0.4,25.5,0.42,5.0,0.43,5.0,0.56,218.0,0.55,90.5,0.6,20.5,0.61,26.5,0.01,0.04,2360.622019,1776311006000
1776311008.186,208.186,0.46,16.77,0.45,10.0,0.47,10.0,0.48,10.5,0.53,5.0,0.51,5.0,0.59,215.5,0.6,25.5,0.01,0.06,2360.622019,1776311006000
1776311009.286,209.286,0.46,12.27,0.45,10.0,0.47,10.0,0.48,15.0,0.53,10.0,0.52,10.5,0.54,16.77,0.55,10.0,0.01,0.01,2360.641014,1776311007000
1776311011.58,211.58,0.47,10.5,0.46,45.77,0.53,0.45,0.55,5.0,0.53,10.0,0.52,15.0,0.54,12.27,0.55,10.0,0.06,0.01,2360.764165,1776311010000
1776311011.88,211.88,0.57,20.0,0.56,142.5,0.58,10.46,0.61,10.04,0.43,19.5,0.4,22.0,0.44,112.0,0.45,10.0,0.01,0.01,2360.764165,1776311010000
1776311012.565,212.565,0.6,38.0,0.59,10.0,0.61,20.04,0.62,5.0,0.39,10.04,0.34,15.0,0.43,25.0,0.44,142.5,0.01,0.04,2360.755772,1776311011000
1776311013.265,213.265,0.6,222.0,0.59,10.0,0.66,15.0,0.67,70.0,0.39,20.04,0.38,5.0,0.4,38.0,0.41,10.0,0.06,0.01,2360.84719,1776311012000
1776311014.184,214.184,0.65,225.0,0.64,16.0,0.67,50.76,0.68,70.0,0.34,4.84,0.33,70.0,0.35,10.0,0.36,10.0,0.02,0.01,2361.13809,1776311013000
1776311015.125,215.125,0.66,235.0,0.65,48.5,0.68,11.41,0.69,80.5,0.33,33.76,0.32,70.0,0.35,225.0,0.36,16.0,0.02,0.02,2361.138315,1776311014000
1776311015.402,215.402,0.68,220.5,0.67,25.5,0.69,5.0,0.7,79.0,0.31,80.5,0.3,90.0,0.34,235.0,0.35,48.5,0.01,0.03,2361.138315,1776311014000
1776311015.608,215.608,0.69,39.17,0.68,126.5,0.73,10.5,0.74,6.0,0.3,57.21,0.27,10.5,0.31,25.17,0.32,306.5,0.04,0.01,2361.138315,1776311014000
1776311016.314,216.314,0.7,2.83,0.69,15.0,0.72,20.5,0.73,20.5,0.26,5.52,0.25,158.0,0.31,201.0,0.32,30.0,0.02,0.05,2361.19585,1776311015000
1776311016.56,216.56,0.71,10.0,0.7,2.83,0.72,3.88,0.73,10.5,0.28,20.5,0.27,20.5,0.3,2.83,0.31,15.0,0.01,0.02,2361.19585,1776311015000
1776311016.858,216.858,0.66,3.35,0.65,20.5,0.72,3.88,0.73,10.5,0.28,3.88,0.27,10.5,0.29,10.0,0.3,2.83,0.06,0.01,2361.19585,1776311015000
1776311017.901,217.901,0.69,0.67,0.68,20.0,0.71,10.5,0.72,3.88,0.28,3.88,0.27,10.5,0.34,3.35,0.35,20.5,0.02,0.06,2361.281691,1776311016000
1776311021.955,221.955,0.68,8.21,0.67,10.0,0.69,10.5,0.7,25.5,0.27,20.5,0.26,10.0,0.31,0.67,0.32,20.0,0.01,0.04,2361.318473,1776311020000
1776311023.954,223.954,0.6,0.92,0.56,52.0,0.65,75.0,0.66,73.0,0.31,10.5,0.3,25.5,0.32,8.21,0.33,10.0,0.05,0.01,2361.363698,1776311022000
1776311025.373,225.373,0.5,10.5,0.49,14.4,0.52,18.0,0.53,18.0,0.44,87.5,0.43,80.5,0.47,20.5,0.48,10.0,0.02,0.03,2361.292993,1776311024000
1776311026.143,226.143,0.41,43.13,0.38,15.3,0.47,23.0,0.48,88.0,0.48,18.0,0.47,18.0,0.5,10.5,0.51,14.4,0.06,0.02,2361.107396,1776311025000
1776311026.59,226.59,0.37,15.54,0.36,315.6,0.38,4.0,0.39,10.0,0.58,10.0,0.57,10.0,0.63,45.54,0.64,135.6,0.01,0.05,2361.107396,1776311025000
1776311026.834,226.834,0.36,288.13,0.35,95.8,0.38,12.0,0.39,10.0,0.62,4.0,0.61,10.0,0.63,0.54,0.64,315.6,0.02,0.01,2361.107396,1776311025000
1776311027.409,227.409,0.36,178.63,0.35,90.8,0.38,9.0,0.39,10.0,0.62,12.0,0.61,10.0,0.64,288.13,0.65,95.8,0.02,0.02,2361.015656,1776311026000
1776311027.636,227.636,0.36,167.8,0.35,90.8,0.38,14.0,0.39,10.0,0.62,9.0,0.61,10.0,0.64,178.63,0.65,90.8,0.02,0.02,2361.015656,1776311026000
1776311028.104,228.104,0.36,75.8,0.35,70.0,0.37,9.5,0.38,9.0,0.63,14.5,0.62,9.0,0.64,157.8,0.65,100.8,0.01,0.01,2360.841865,1776311027000
1776311028.413,228.413,0.34,180.0,0.33,10.0,0.37,15.0,0.38,9.0,0.62,9.0,0.61,20.5,0.64,18.56,0.65,70.0,0.03,0.02,2360.841865,1776311027000
1776311029.204,229.204,0.34,25.5,0.33,190.0,0.36,23.0,0.37,10.0,0.64,10.0,0.63,10.0,0.66,180.0,0.67,10.0,0.02,0.02,2360.768483,1776311028000
1776311034.31,234.31,0.34,14.0,0.33,15.0,0.36,36.0,0.37,20.5,0.64,23.0,0.63,10.0,0.66,25.5,0.67,190.0,0.02,0.02,2360.735496,1776311033000
1776311036.163,236.163,0.35,2.46,0.34,20.5,0.36,19.0,0.37,10.0,0.65,10.0,0.64,24.0,0.67,15.0,0.68,25.5,0.01,0.02,2360.685772,1776311034000
1776311037.811,237.811,0.35,2.84,0.34,20.5,0.36,14.0,0.37,10.0,0.64,19.0,0.63,10.0,0.65,2.46,0.66,20.5,0.01,0.01,2360.6494,1776311036000
1776311041.537,241.537,0.35,8.0,0.34,10.0,0.36,21.0,0.37,10.0,0.64,14.0,0.63,10.0,0.65,2.84,0.66,20.5,0.01,0.01,2360.713986,1776311040000
1776311041.948,241.948,0.3,64.2,0.29,17.5,0.34,21.0,0.35,10.0,0.64,21.0,0.63,10.0,0.65,8.0,0.66,10.0,0.04,0.01,2360.713986,1776311040000
1776311044.29,244.29,0.29,35.0,0.28,5.0,0.31,33.0,0.32,10.0,0.66,21.0,0.65,10.0,0.7,64.2,0.71,17.5,0.02,0.04,2360.670493,1776311043000
1776311046.343,246.343,0.28,5.0,0.27,23.3,0.3,23.0,0.31,202.0,0.69,33.0,0.68,10.0,0.71,35.0,0.72,5.0,0.02,0.02,2360.557989,1776311045000
1776311046.817,246.817,0.28,1.52,0.27,23.3,0.29,35.14,0.3,16.0,0.7,23.0,0.69,202.0,0.72,5.0,0.73,23.3,0.01,0.02,2360.557989,1776311045000
1776311047.806,247.806,0.28,191.52,0.27,20.0,0.29,1.14,0.39,30.0,0.71,35.14,0.7,16.0,0.72,1.52,0.73,23.3,0.01,0.01,2360.489815,1776311046000
1776311048.135,248.135,0.38,0.27,0.37,10.0,0.39,30.0,0.4,15.0,0.61,30.0,0.6,10.0,0.72,191.52,0.73,20.0,0.01,0.11,2360.489815,1776311046000
1776311048.738,248.738,0.37,10.0,0.36,10.0,0.39,34.0,0.4,15.0,0.61,30.0,0.6,15.0,0.62,0.27,0.63,10.0,0.02,0.01,2360.568288,1776311047000
1776311050.833,250.833,0.35,2.0,0.34,10.0,0.36,10.0,0.37,10.0,0.61,39.0,0.6,15.0,0.63,11.95,0.64,10.0,0.01,0.02,2360.664532,1776311049000
1776311051.286,251.286,0.35,10.0,0.34,15.0,0.36,14.08,0.37,10.0,0.64,10.0,0.63,10.0,0.65,2.0,0.66,10.0,0.01,0.01,2360.664532,1776311049000
1776311054.373,254.373,0.32,4.3,0.31,10.0,0.34,15.0,0.35,10.0,0.64,14.08,0.63,10.0,0.65,10.0,0.66,15.0,0.02,0.01,2360.545062,1776311053000
1776311055.007,255.007,0.38,7.83,0.37,10.0,0.39,191.0,0.4,26.0,0.66,15.0,0.65,10.0,0.68,4.3,0.69,10.0,0.01,0.02,2360.62105,1776311054000
1776311055.452,255.452,0.37,2.83,0.36,10.0,0.39,201.0,0.4,26.0,0.61,191.0,0.6,26.0,0.62,7.83,0.63,10.0,0.02,0.01,2360.62105,1776311054000
1776311056.548,256.548,0.38,9.27,0.37,7.83,0.39,6.0,0.4,6.0,0.61,201.0,0.6,26.0,0.63,2.83,0.64,10.0,0.01,0.02,2360.599448,1776311055000
1776311056.983,256.983,0.55,10.0,0.54,20.0,0.56,9.69,0.58,6.0,0.44,54.69,0.42,6.0,0.56,10.0,0.57,10.0,0.01,0.12,2360.648633,1776311056000
1776311057.423,257.423,0.66,16.47,0.65,15.0,0.67,5.0,0.68,5.0,0.33,5.25,0.32,5.0,0.43,10.0,0.44,10.0,0.01,0.1,2360.648633,1776311056000
1776311057.885,257.885,0.68,223.0,0.67,15.0,0.73,70.0,0.74,28.7,0.31,24.2,0.3,32.1,0.32,5.0,0.33,10.0,0.05,0.01,2360.648633,1776311056000
1776311058.227,258.227,0.72,32.19,0.71,195.0,0.74,104.72,0.75,80.0,0.27,10.0,0.25,99.2,0.29,10.0,0.3,22.0,0.02,0.02,2360.665555,1776311057000
1776311058.698,258.698,0.72,39.19,0.71,195.0,0.73,8.63,0.74,103.03,0.26,103.03,0.25,80.0,0.28,32.19,0.29,195.0,0.01,0.02,2360.665555,1776311057000
1776311059.427,259.427,0.72,230.19,0.71,15.0,0.75,3.73,0.76,40.0,0.27,8.63,0.26,103.03,0.28,39.19,0.29,195.0,0.03,0.01,2360.880402,1776311058000
1776311060.123,260.123,0.79,13.0,0.78,5.0,0.81,16.03,0.82,10.0,0.25,3.73,0.24,40.0,0.28,230.19,0.29,15.0,0.02,0.03,2360.988603,1776311059000
1776311060.335,260.335,0.82,1.78,0.8,7.0,0.84,40.0,0.85,10.0,0.16,40.0,0.15,10.0,0.18,43.97,0.21,13.0,0.02,0.02,2360.988603,1776311059000
1776311060.811,260.811,0.82,10.0,0.81,17.0,0.83,2.84,0.84,51.76,0.16,39.76,0.15,10.0,0.2,7.4,0.21,15.0,0.01,0.04,2360.988603,1776311059000
1776311062.099,262.099,0.82,4.0,0.81,7.0,0.83,10.7,0.84,44.76,0.17,2.84,0.16,39.76,0.18,4.0,0.19,17.0,0.01,0.01,2361.206978,1776311061000
1776311062.388,262.388,0.82,4.0,0.81,7.0,0.83,9.7,0.84,59.76,0.17,10.7,0.16,44.76,0.18,4.0,0.19,7.0,0.01,0.01,2361.206978,1776311061000
1776311062.912,262.912,0.81,7.26,0.8,7.4,0.82,5.12,0.83,9.7,0.17,9.7,0.16,44.76,0.19,0.26,0.2,7.4,0.01,0.02,2361.206978,1776311061000
1776311063.337,263.337,0.81,12.26,0.8,7.4,0.82,5.12,0.83,9.7,0.18,5.12,0.17,9.7,0.19,7.26,0.2,7.4,0.01,0.01,2361.365125,1776311062000
1776311064.806,264.806,0.81,14.0,0.8,7.4,0.82,0.12,0.83,9.7,0.18,5.12,0.17,9.7,0.19,12.26,0.2,7.4,0.01,0.01,2361.416355,1776311063000
1776311065.239,265.239,0.83,25.0,0.82,20.0,0.84,3.69,0.85,45.0,0.18,0.12,0.17,9.7,0.19,14.0,0.2,7.4,0.01,0.01,2361.433119,1776311064000
1776311065.594,265.594,0.83,15.0,0.82,10.0,0.84,6.81,0.85,45.0,0.16,8.01,0.15,45.0,0.17,15.0,0.18,10.0,0.01,0.01,2361.433119,1776311064000
1776311066.566,266.566,0.83,15.0,0.82,17.0,0.85,11.14,0.86,40.0,0.16,6.81,0.15,45.0,0.17,15.0,0.18,10.0,0.02,0.01,2361.434195,1776311065000
1776311066.807,266.807,0.83,15.0,0.82,17.0,0.84,13.8,0.85,11.14,0.15,11.14,0.14,40.0,0.17,15.0,0.18,17.0,0.01,0.02,2361.434195,1776311065000
1776311067.478,267.478,0.83,20.0,0.82,17.0,0.84,8.69,0.85,6.14,0.16,13.8,0.15,11.14,0.17,15.0,0.18,17.0,0.01,0.01,2361.382464,1776311066000
1776311069.105,269.105,0.83,25.0,0.82,17.0,0.85,4.02,0.86,15.0,0.16,8.69,0.15,6.14,0.17,20.0,0.18,17.0,0.02,0.01,2361.435096,1776311067000
1776311070.196,270.196,0.84,15.0,0.83,20.0,0.85,8.58,0.86,13.02,0.14,13.02,0.13,85.0,0.17,25.0,0.18,17.0,0.01,0.03,2361.493909,1776311069000
1776311070.446,270.446,0.85,8.0,0.84,20.0,0.86,13.02,0.87,85.0,0.15,8.58,0.14,13.02,0.16,15.0,0.17,20.0,0.01,0.01,2361.493909,1776311069000
1776311070.668,270.668,0.85,11.33,0.84,15.0,0.86,8.02,0.87,85.0,0.14,13.02,0.13,85.0,0.15,8.0,0.16,20.0,0.01,0.01,2361.493909,1776311069000
1776311071.132,271.132,0.85,10.04,0.84,15.0,0.86,13.02,0.87,85.0,0.14,8.02,0.13,85.0,0.15,11.33,0.16,15.0,0.01,0.01,2361.461348,1776311070000
1776311071.502,271.502,0.84,15.0,0.83,28.0,0.86,10.71,0.87,85.0,0.14,13.02,0.13,85.0,0.15,0.04,0.16,15.0,0.02,0.01,2361.461348,1776311070000
1776311073.132,273.132,0.84,22.0,0.83,20.0,0.86,5.0,0.87,75.0,0.14,10.71,0.13,85.0,0.16,15.0,0.17,28.0,0.02,0.02,2361.399204,1776311072000
1776311075.197,275.197,0.86,15.0,0.85,18.0,0.88,99.6,0.89,5.0,0.13,68.69,0.12,175.0,0.14,15.0,0.15,10.0,0.02,0.01,2361.503491,1776311074000
1776311076.505,276.505,0.87,15.0,0.86,23.0,0.88,85.5,0.89,5.0,0.12,99.6,0.11,5.0,0.14,15.0,0.15,18.0,0.01,0.02,2361.556609,1776311075000
1776311078.835,278.835,0.86,10.0,0.77,5.0,0.87,295.0,0.88,149.5,0.12,85.5,0.11,5.0,0.13,15.0,0.14,23.0,0.01,0.01,2361.560555,1776311077000
1776311079.076,279.076,0.58,2.92,0.56,54.69,0.59,10.0,0.6,10.0,0.41,10.0,0.4,10.0,0.44,54.69,0.45,80.0,0.01,0.03,2361.560555,1776311077000
1776311079.311,279.311,0.55,69.4,0.54,10.0,0.56,26.6,0.58,10.0,0.43,10.0,0.42,10.0,0.45,59.4,0.46,10.0,0.01,0.02,2361.560555,1776311077000
1776311079.638,279.638,0.55,28.06,0.54,15.0,0.56,26.6,0.58,10.0,0.44,31.6,0.42,10.0,0.45,57.4,0.46,15.0,0.01,0.01,2361.560555,1776311077000
1776311079.881,279.881,0.55,40.06,0.54,20.0,0.56,7.77,0.59,10.0,0.44,12.77,0.42,10.0,0.45,28.06,0.46,10.0,0.01,0.01,2361.579203,1776311078000
1776311081.397,281.397,0.56,18.0,0.55,15.0,0.62,5.0,0.63,10.0,0.44,2.58,0.41,10.0,0.49,43.45,0.5,10.0,0.06,0.05,2361.239973,1776311080000
1776311081.877,281.877,0.57,10.0,0.56,13.0,0.58,8.27,0.59,10.0,0.38,10.0,0.37,10.0,0.44,3.0,0.45,10.0,0.01,0.06,2361.239973,1776311080000
1776311082.346,282.346,0.57,15.0,0.56,13.0,0.6,10.0,0.61,10.0,0.42,8.27,0.41,10.0,0.43,10.0,0.44,13.0,0.03,0.01,2361.181044,1776311081000
1776311083.797,283.797,0.59,8.97,0.58,10.0,0.62,10.0,0.63,10.0,0.4,10.0,0.39,10.0,0.43,15.0,0.44,13.0,0.03,0.03,2361.161514,1776311082000
1776311085.758,285.758,0.65,10.0,0.64,10.0,0.66,42.72,0.67,30.0,0.38,10.0,0.37,10.0,0.41,8.97,0.42,10.0,0.01,0.03,2361.162757,1776311084000
1776311085.989,285.989,0.65,15.0,0.64,10.0,0.67,5.14,0.71,50.0,0.34,42.72,0.33,30.0,0.35,10.0,0.36,10.0,0.02,0.01,2361.163485,1776311085000
1776311086.254,286.254,0.68,5.75,0.67,10.0,0.71,50.0,0.72,15.0,0.29,50.0,0.28,10.0,0.34,15.0,0.35,15.0,0.03,0.05,2361.163485,1776311085000
1776311086.73,286.73,0.68,5.12,0.67,10.0,0.71,60.0,0.72,15.0,0.29,50.0,0.28,15.0,0.32,5.75,0.33,10.0,0.03,0.03,2361.163485,1776311085000
1776311087.328,287.328,0.65,10.0,0.64,10.0,0.71,60.0,0.72,15.0,0.29,60.0,0.28,15.0,0.32,5.12,0.33,10.0,0.06,0.03,2361.16088,1776311086000
1776311087.665,287.665,0.62,10.0,0.61,10.0,0.63,51.19,0.64,50.0,0.37,60.0,0.36,50.0,0.38,10.0,0.39,10.0,0.01,0.01,2361.16088,1776311086000
1776311087.892,287.892,0.62,6.05,0.61,10.0,0.63,43.62,0.64,50.0,0.37,43.62,0.36,50.0,0.38,10.0,0.39,10.0,0.01,0.01,2361.16088,1776311086000
1776311088.346,288.346,0.62,6.05,0.61,10.0,0.63,48.55,0.64,50.0,0.37,43.62,0.36,50.0,0.38,6.05,0.39,10.0,0.01,0.01,2361.209336,1776311087000
1776311088.862,288.862,0.62,10.0,0.61,8.07,0.63,0.93,0.64,50.0,0.37,48.55,0.36,50.0,0.39,3.07,0.4,10.0,0.01,0.02,2361.209336,1776311087000
1776311089.468,289.468,0.63,7.29,0.62,10.0,0.64,55.0,0.67,10.0,0.37,0.93,0.36,50.0,0.38,10.0,0.39,8.07,0.01,0.01,2361.122183,1776311088000
1776311090.602,290.602,0.63,7.29,0.62,10.0,0.64,45.0,0.67,10.0,0.36,55.0,0.33,10.0,0.37,7.29,0.38,10.0,0.01,0.01,2361.122183,1776311088000
1776311091.988,291.988,0.63,53.58,0.62,10.0,0.64,50.0,0.7,10.0,0.36,45.0,0.33,10.0,0.37,7.29,0.38,10.0,0.01,0.01,2361.100391,1776311090000
1776311093.696,293.696,0.63,33.58,0.62,16.0,0.76,60.0,0.77,10.0,0.36,50.0,0.3,10.0,0.37,53.58,0.38,10.0,0.13,0.01,2361.149788,1776311092000
1776311094.539,294.539,0.72,10.0,0.71,10.0,0.73,2.87,0.74,10.0,0.24,60.0,0.23,10.0,0.37,33.58,0.38,16.0,0.01,0.13,2361.150187,1776311093000
1776311094.928,294.928,0.7,10.0,0.69,10.0,0.76,35.0,0.77,10.0,0.32,60.0,0.31,30.0,0.33,10.0,0.34,10.0,0.06,0.01,2361.150187,1776311093000
1776311095.315,295.315,0.74,6.15,0.73,10.0,0.75,15.0,0.76,82.92,0.24,32.92,0.23,10.0,0.3,10.0,0.31,10.0,0.01,0.06,2361.150187,1776311093000
1776311096.498,296.498,0.75,10.0,0.74,6.15,0.76,76.48,0.8,15.0,0.25,15.0,0.24,82.92,0.26,6.15,0.27,10.0,0.01,0.01,2361.078587,1776311095000
1776311097.269,297.269,0.79,15.0,0.78,29.34,0.81,10.0,0.82,10.0,0.24,43.86,0.2,15.0,0.25,10.0,0.26,6.15,0.02,0.01,2361.078587,1776311095000
1776311097.653,297.653,0.84,10.0,0.83,10.0,0.86,18.84,0.87,40.0,0.14,24.6,0.13,40.0,0.18,45.49,0.19,10.0,0.02,0.04,2361.102372,1776311096000
1776311098.038,298.038,0.86,14.78,0.85,10.0,0.87,40.0,0.88,10.0,0.14,18.84,0.13,40.0,0.16,10.0,0.17,10.0,0.01,0.02,2361.102372,1776311096000
1776311098.447,298.447,0.91,10.0,0.9,10.0,0.92,13.74,0.93,10.0,0.04,70.17,0.03,103.0,0.14,285.86,0.15,10.0,0.01,0.1,2361.106723,1776311097000
1776311098.66,298.66,0.95,10.0,0.94,10.0,0.96,4.79,0.97,6.0,0.03,6.0,0.02,32.63,0.06,10.0,0.07,10.0,0.01,0.03,2361.106723,1776311097000
1776311098.957,298.957,0.95,5.0,0.94,10.0,0.98,14.63,0.99,1426.84,0.02,14.63,0.01,1426.84,0.07,10.0,0.08,7.5,0.03,0.05,2361.106723,1776311097000
1776311099.18,299.18,0.99,790.53,0.97,21.05,,,,,0.01,1409.47,,,0.03,16.05,0.05,10.0,,0.02,2361.106723,1776311097000
1776311099.408,299.408,0.99,496.45,0.97,16.05,,,,,,,,,0.01,790.53,0.03,21.05,,,2361.147711,1776311098000
1776311099.775,299.775,0.95,10.0,0.94,10.0,,,,,,,,,0.01,516.45,0.03,16.05,,,2361.147711,1776311098000
1776311100.106,300.106,0.99,3873.31,0.95,10.0,,,,,,,,,0.05,10.0,0.06,10.0,,,2361.147711,1776311098000
1776311100.5,300.5,0.99,19125.53,0.95,5.0,,,,,,,,,0.01,3782.31,0.08,11.0,,,2361.147711,1776311098000

# RESULT,winner=Up,slug=eth-updown-5m-1776310800,ticks=284
