timestamp,elapsed_sec,up_bid_p1,up_bid_s1,up_bid_p2,up_bid_s2,up_ask_p1,up_ask_s1,up_ask_p2,up_ask_s2,down_bid_p1,down_bid_s1,down_bid_p2,down_bid_s2,down_ask_p1,down_ask_s1,down_ask_p2,down_ask_s2,up_spread,down_spread,eth_price,eth_oracle_ts
1776207001.345,1.345,,,,,,,,,,,,,,,,,,,2315.12027,1776207000000
1776207001.815,1.815,0.52,5.0,0.51,15.0,0.54,129.0,0.55,13.0,0.49,22.13,0.48,13.0,0.5,39.5,0.51,6.0,0.02,0.01,2315.12027,1776207000000
1776207002.37,2.37,0.5,39.5,0.49,6.0,0.51,25.16,0.52,13.0,0.49,25.16,0.48,13.0,0.5,39.5,0.51,6.0,0.01,0.01,2315.019197,1776207001000
1776207002.733,2.733,0.5,42.34,0.49,6.0,0.51,22.13,0.52,13.0,0.49,25.16,0.48,13.0,0.5,39.5,0.51,6.0,0.01,0.01,2315.019197,1776207001000
1776207002.957,2.957,0.5,42.34,0.49,6.0,0.51,17.13,0.52,13.0,0.49,22.13,0.48,13.0,0.5,42.34,0.51,6.0,0.01,0.01,2315.019197,1776207001000
1776207003.29,3.29,0.5,17.91,0.49,6.0,0.51,17.13,0.52,13.0,0.49,17.13,0.48,13.0,0.5,17.91,0.51,6.0,0.01,0.01,2314.96525,1776207002000
1776207003.741,3.741,0.5,1.31,0.49,6.0,0.51,27.13,0.52,13.0,0.49,22.13,0.48,13.0,0.5,11.31,0.51,6.0,0.01,0.01,2314.96525,1776207002000
1776207003.961,3.961,0.5,11.11,0.49,6.0,0.51,27.13,0.52,13.0,0.49,27.13,0.48,13.0,0.5,1.31,0.51,6.0,0.01,0.01,2314.96525,1776207002000
1776207004.161,4.161,0.5,16.11,0.49,16.0,0.51,8.97,0.52,23.0,0.49,8.97,0.48,23.0,0.5,16.11,0.51,16.0,0.01,0.01,2314.96525,1776207002000
1776207004.391,4.391,0.46,6.22,0.45,80.0,0.51,8.97,0.52,23.0,0.49,8.97,0.48,23.0,0.54,6.22,0.55,80.0,0.05,0.05,2314.96237,1776207003000
1776207004.696,4.696,0.46,6.22,0.45,80.0,0.47,7.7,0.48,10.0,0.49,8.97,0.48,23.0,0.54,6.22,0.55,80.0,0.01,0.05,2314.96237,1776207003000
1776207004.932,4.932,0.46,16.22,0.45,93.0,0.47,2.38,0.48,10.0,0.53,7.7,0.52,10.0,0.54,6.22,0.55,80.0,0.01,0.01,2314.96237,1776207003000
1776207005.291,5.291,0.46,21.22,0.45,80.0,0.47,6.38,0.48,10.0,0.53,2.38,0.52,10.0,0.54,16.22,0.55,93.0,0.01,0.01,2314.96237,1776207003000
1776207005.604,5.604,0.46,19.22,0.45,94.0,0.47,15.38,0.48,15.0,0.53,6.38,0.52,10.0,0.54,21.22,0.55,80.0,0.01,0.01,2314.96237,1776207003000
1776207005.819,5.819,0.46,17.36,0.45,94.0,0.47,25.38,0.48,20.0,0.53,15.38,0.52,15.0,0.54,19.22,0.55,94.0,0.01,0.01,2314.680546,1776207004000
1776207006.334,6.334,0.46,15.5,0.45,94.0,0.47,25.38,0.48,20.0,0.53,25.38,0.52,20.0,0.54,15.5,0.55,94.0,0.01,0.01,2314.7306,1776207005000
1776207006.844,6.844,0.46,0.5,0.45,87.0,0.47,25.38,0.48,15.0,0.53,20.38,0.52,15.0,0.54,15.5,0.55,89.0,0.01,0.01,2314.7306,1776207005000
1776207007.274,7.274,0.46,0.5,0.45,87.0,0.47,18.25,0.48,15.0,0.53,25.38,0.52,15.0,0.54,0.5,0.55,87.0,0.01,0.01,2314.7306,1776207005000
1776207008.009,8.009,0.46,24.5,0.45,87.0,0.47,30.25,0.48,15.0,0.53,18.25,0.52,15.0,0.54,0.5,0.55,87.0,0.01,0.01,2314.783575,1776207006000
1776207008.498,8.498,0.46,24.5,0.45,87.0,0.47,30.25,0.48,15.0,0.53,30.25,0.52,15.0,0.54,24.5,0.55,87.0,0.01,0.01,2314.814407,1776207007000
1776207008.918,8.918,0.46,7.78,0.45,97.0,0.47,60.25,0.48,15.0,0.53,60.25,0.52,15.0,0.54,7.78,0.55,97.0,0.01,0.01,2314.7637,1776207008000
1776207009.726,9.726,0.5,10.0,0.49,41.0,0.51,19.9,0.52,15.0,0.49,14.9,0.48,20.0,0.5,10.0,0.51,20.0,0.01,0.01,2314.7637,1776207008000
1776207010.07,10.07,0.5,10.0,0.49,41.0,0.51,19.9,0.52,15.0,0.49,19.9,0.48,15.0,0.5,10.0,0.51,41.0,0.01,0.01,2314.76343,1776207009000
1776207010.93,10.93,0.5,20.0,0.49,51.0,0.51,20.4,0.52,35.0,0.49,19.9,0.48,15.0,0.5,10.0,0.51,41.0,0.01,0.01,2314.76343,1776207009000
1776207011.518,11.518,0.5,78.0,0.49,40.5,0.51,6.57,0.52,35.0,0.49,20.4,0.48,35.0,0.5,20.0,0.51,51.0,0.01,0.01,2314.899235,1776207010000
1776207012.232,12.232,0.5,78.0,0.49,40.5,0.51,6.57,0.52,35.0,0.49,6.57,0.48,35.0,0.5,78.0,0.51,40.5,0.01,0.01,2315.039925,1776207011000
1776207013.227,13.227,0.5,78.0,0.49,40.5,0.51,6.57,0.52,35.0,0.49,6.57,0.48,35.0,0.5,78.0,0.51,40.5,0.01,0.01,2315.062785,1776207012000
1776207014.27,14.27,0.5,33.0,0.49,35.5,0.51,16.57,0.52,53.0,0.49,16.57,0.48,53.0,0.5,33.0,0.51,35.5,0.01,0.01,2315.10141,1776207013000
1776207015.145,15.145,0.5,38.0,0.49,35.5,0.51,11.57,0.52,80.5,0.49,16.57,0.48,53.0,0.5,33.0,0.51,35.5,0.01,0.01,2315.10141,1776207013000
1776207015.727,15.727,0.51,85.5,0.5,57.5,0.54,55.5,0.55,13.0,0.49,11.57,0.48,80.5,0.5,38.0,0.51,35.5,0.03,0.01,2315.07641,1776207014000
1776207016.139,16.139,0.53,50.0,0.52,40.5,0.54,10.64,0.55,33.0,0.46,55.5,0.45,13.0,0.49,85.5,0.5,57.5,0.01,0.03,2315.07641,1776207014000
1776207016.571,16.571,0.53,39.57,0.52,30.0,0.54,27.64,0.55,33.5,0.46,10.64,0.45,33.0,0.47,50.0,0.48,40.5,0.01,0.01,2315.080155,1776207015000
1776207016.922,16.922,0.53,39.57,0.52,30.0,0.54,27.64,0.55,33.5,0.46,27.64,0.45,33.5,0.47,39.57,0.48,30.0,0.01,0.01,2315.070614,1776207016000
1776207017.326,17.326,0.53,17.87,0.52,20.0,0.54,37.14,0.55,38.5,0.46,21.64,0.45,33.5,0.47,17.87,0.48,20.0,0.01,0.01,2315.070614,1776207016000
1776207017.864,17.864,0.53,17.87,0.52,20.0,0.54,37.14,0.55,38.5,0.46,37.14,0.45,38.5,0.47,17.87,0.48,20.0,0.01,0.01,2315.11772,1776207017000
1776207018.362,18.362,0.53,22.87,0.52,25.0,0.54,27.0,0.55,38.5,0.46,37.14,0.45,38.5,0.47,17.87,0.48,20.0,0.01,0.01,2315.11772,1776207017000
1776207019.485,19.485,0.53,27.87,0.52,25.0,0.54,6.0,0.55,38.5,0.46,6.0,0.45,38.5,0.47,27.87,0.48,25.0,0.01,0.01,2315.19936,1776207018000
1776207019.928,19.928,0.53,37.87,0.52,45.5,0.54,6.0,0.55,48.5,0.46,6.0,0.45,38.5,0.47,27.87,0.48,25.0,0.01,0.01,2315.19936,1776207018000
1776207021.027,21.027,0.53,37.87,0.52,45.5,0.54,6.0,0.55,48.5,0.46,6.0,0.45,48.5,0.47,37.87,0.48,45.5,0.01,0.01,2315.179575,1776207020000
1776207021.447,21.447,0.55,10.0,0.53,17.87,0.56,8.57,0.57,70.5,0.44,15.0,0.43,60.0,0.47,58.37,0.48,121.5,0.01,0.03,2315.179575,1776207020000
1776207021.677,21.677,0.55,5.0,0.53,20.0,0.56,14.07,0.57,70.5,0.44,8.57,0.43,70.5,0.45,10.0,0.47,17.87,0.01,0.01,2315.179575,1776207020000
1776207022.069,22.069,0.53,10.0,0.52,70.0,0.56,14.07,0.57,70.5,0.44,14.07,0.43,70.5,0.47,10.0,0.48,70.0,0.03,0.03,2315.186155,1776207021000
1776207022.373,22.373,0.52,26.0,0.51,5.0,0.53,44.42,0.54,25.5,0.44,14.07,0.43,70.5,0.47,10.0,0.48,70.0,0.01,0.03,2315.186155,1776207021000
1776207022.576,22.576,0.52,10.0,0.51,5.0,0.53,44.98,0.54,25.5,0.47,34.98,0.46,25.5,0.48,26.0,0.49,5.0,0.01,0.01,2315.186155,1776207021000
1776207022.858,22.858,0.52,5.0,0.51,25.0,0.53,43.09,0.54,35.5,0.47,44.98,0.46,25.5,0.48,10.0,0.49,5.0,0.01,0.01,2315.186155,1776207021000
1776207023.207,23.207,0.5,3.0,0.49,20.5,0.53,43.09,0.54,35.5,0.47,43.09,0.46,35.5,0.48,5.0,0.49,25.0,0.03,0.01,2315.369535,1776207022000
1776207023.483,23.483,0.48,20.0,0.47,80.0,0.51,20.0,0.52,25.5,0.47,43.09,0.46,35.5,0.5,3.0,0.51,20.5,0.03,0.03,2315.369535,1776207022000
1776207023.751,23.751,0.49,10.5,0.48,19.0,0.5,18.8,0.51,15.0,0.49,20.0,0.48,25.5,0.52,20.0,0.53,80.0,0.01,0.03,2315.369535,1776207022000
1776207024.04,24.04,0.49,18.53,0.48,24.0,0.5,31.0,0.51,20.0,0.5,31.0,0.49,20.0,0.51,18.53,0.52,24.0,0.01,0.01,2315.167734,1776207023000
1776207024.277,24.277,0.49,24.4,0.48,29.0,0.5,31.0,0.51,10.0,0.5,31.0,0.49,10.0,0.51,26.56,0.52,29.0,0.01,0.01,2315.167734,1776207023000
1776207024.793,24.793,0.49,29.59,0.48,39.0,0.5,4.4,0.51,20.0,0.5,31.0,0.49,10.0,0.51,14.59,0.52,29.0,0.01,0.01,2315.167734,1776207023000
1776207025.022,25.022,0.49,29.59,0.48,99.47,0.5,2.16,0.51,36.0,0.5,2.16,0.49,36.0,0.51,29.59,0.52,99.47,0.01,0.01,2315.032514,1776207024000
1776207026.145,26.145,0.49,29.59,0.48,99.47,0.5,2.16,0.51,36.0,0.5,2.16,0.49,36.0,0.51,29.59,0.52,99.47,0.01,0.01,2315.03442,1776207025000
1776207026.741,26.741,0.5,19.8,0.49,19.59,0.51,19.92,0.52,33.5,0.49,14.92,0.48,33.5,0.51,29.59,0.52,46.0,0.01,0.02,2315.03442,1776207025000
1776207027.133,27.133,0.5,19.8,0.49,19.59,0.51,19.92,0.52,33.5,0.49,19.92,0.48,33.5,0.5,19.8,0.51,19.59,0.01,0.01,2315.055905,1776207026000
1776207027.685,27.685,0.49,30.09,0.48,66.69,0.51,79.45,0.52,43.5,0.49,19.92,0.48,33.5,0.5,19.8,0.51,19.59,0.02,0.01,2315.055905,1776207026000
1776207028.127,28.127,0.49,30.09,0.48,66.69,0.51,79.45,0.52,43.5,0.49,79.45,0.48,43.5,0.51,30.09,0.52,66.69,0.02,0.02,2315.08309,1776207027000
1776207028.896,28.896,0.48,46.19,0.47,105.0,0.5,25.5,0.51,43.45,0.49,79.45,0.48,43.5,0.51,30.09,0.52,66.69,0.02,0.02,2315.08309,1776207027000
1776207029.185,29.185,0.48,46.19,0.47,105.0,0.5,15.3,0.51,43.45,0.5,15.3,0.49,43.45,0.52,46.19,0.53,105.0,0.02,0.02,2315.102915,1776207028000
1776207030.101,30.101,0.48,46.19,0.47,105.0,0.5,15.3,0.51,43.45,0.5,15.3,0.49,43.45,0.52,46.19,0.53,105.0,0.02,0.02,2315.120856,1776207029000
1776207030.577,30.577,0.49,143.5,0.48,73.79,0.52,30.19,0.54,27.4,0.51,35.5,0.5,35.3,0.52,26.19,0.53,98.5,0.03,0.01,2315.120856,1776207029000
1776207030.885,30.885,0.51,112.5,0.5,52.5,0.54,32.9,0.55,25.5,0.48,10.19,0.46,22.4,0.49,82.5,0.5,52.5,0.03,0.01,2315.120856,1776207029000
1776207031.124,31.124,0.51,112.5,0.5,52.5,0.54,32.9,0.55,25.5,0.46,32.9,0.45,25.5,0.49,112.5,0.5,52.5,0.03,0.03,2315.025523,1776207030000
1776207031.477,31.477,0.53,55.5,0.52,38.5,0.54,24.84,0.55,20.5,0.46,32.9,0.45,25.5,0.49,112.5,0.5,52.5,0.01,0.03,2315.025523,1776207030000
1776207031.77,31.77,0.53,50.5,0.52,38.5,0.54,20.58,0.55,20.5,0.46,24.84,0.45,20.5,0.47,55.5,0.48,38.5,0.01,0.01,2315.025523,1776207030000
1776207032.633,32.633,0.53,50.5,0.52,38.5,0.54,13.54,0.55,20.5,0.46,13.54,0.45,20.5,0.47,50.5,0.48,38.5,0.01,0.01,2315.040285,1776207031000
1776207033.128,33.128,0.53,45.0,0.52,38.5,0.54,3.54,0.55,20.5,0.46,3.54,0.45,20.5,0.47,45.0,0.48,38.5,0.01,0.01,2315.21847,1776207032000
1776207034.184,34.184,0.54,20.0,0.53,55.5,0.55,23.6,0.56,143.0,0.46,3.54,0.45,20.5,0.47,45.0,0.48,38.5,0.01,0.01,2315.21847,1776207032000
1776207034.858,34.858,0.54,20.0,0.53,55.5,0.55,21.7,0.56,153.0,0.45,21.7,0.44,153.0,0.46,20.0,0.47,55.5,0.01,0.01,2315.265905,1776207034000
1776207035.317,35.317,0.54,18.18,0.53,65.5,0.55,11.7,0.56,173.5,0.45,21.7,0.44,173.5,0.46,18.18,0.47,65.5,0.01,0.01,2315.265905,1776207034000
1776207036.082,36.082,0.54,18.18,0.53,65.5,0.55,11.7,0.56,173.5,0.45,11.7,0.44,173.5,0.46,18.18,0.47,65.5,0.01,0.01,2315.266895,1776207035000
1776207037.134,37.134,0.54,18.18,0.53,65.5,0.55,11.7,0.56,173.5,0.45,11.7,0.44,173.5,0.46,18.18,0.47,65.5,0.01,0.01,2315.29348,1776207036000
1776207038.241,38.241,0.54,18.18,0.53,65.5,0.55,11.7,0.56,173.5,0.45,11.7,0.44,173.5,0.46,18.18,0.47,65.5,0.01,0.01,2315.293485,1776207037000
1776207039.315,39.315,0.54,18.18,0.53,65.5,0.55,11.7,0.56,173.5,0.45,11.7,0.44,173.5,0.46,18.18,0.47,65.5,0.01,0.01,2315.301519,1776207038000
1776207039.54,39.54,0.55,60.0,0.54,63.68,0.56,53.0,0.57,158.5,0.45,11.7,0.44,173.5,0.46,18.18,0.47,65.5,0.01,0.01,2315.301519,1776207038000
1776207039.86,39.86,0.55,60.0,0.54,63.68,0.56,53.0,0.57,158.5,0.44,53.0,0.43,158.5,0.45,60.0,0.46,63.68,0.01,0.01,2315.324735,1776207039000
1776207040.894,40.894,0.55,70.5,0.54,63.68,0.56,10.0,0.57,143.0,0.44,53.0,0.43,158.5,0.45,60.0,0.46,63.68,0.01,0.01,2315.324735,1776207039000
1776207041.68,41.68,0.56,100.5,0.55,70.5,0.57,5.0,0.58,45.0,0.43,60.0,0.42,25.0,0.45,60.5,0.46,48.68,0.01,0.02,2315.34058,1776207040000
1776207042.117,42.117,0.56,100.5,0.55,70.5,0.57,5.0,0.58,45.0,0.43,5.0,0.42,45.0,0.44,100.5,0.45,70.5,0.01,0.01,2315.359828,1776207041000
1776207042.328,42.328,0.57,171.03,0.56,130.5,0.58,20.0,0.59,100.0,0.43,5.0,0.42,45.0,0.44,100.5,0.45,70.5,0.01,0.01,2315.359828,1776207041000
1776207042.633,42.633,0.61,40.0,0.6,18.0,0.62,2.9,0.63,10.0,0.41,100.0,0.38,10.0,0.43,222.03,0.44,159.5,0.01,0.02,2315.359828,1776207041000
1776207042.968,42.968,0.64,60.0,0.63,21.0,0.68,30.0,0.69,70.0,0.35,5.0,0.34,5.0,0.39,120.0,0.4,31.33,0.04,0.04,2315.359828,1776207041000
1776207043.232,43.232,0.67,20.0,0.66,15.0,0.68,37.38,0.69,70.0,0.32,30.0,0.31,70.0,0.36,60.0,0.37,21.0,0.01,0.04,2315.54162,1776207042000
1776207043.61,43.61,0.67,25.0,0.66,20.0,0.68,37.38,0.69,70.0,0.32,22.38,0.31,70.0,0.33,25.0,0.34,15.0,0.01,0.01,2315.54162,1776207042000
1776207043.868,43.868,0.67,75.0,0.66,20.0,0.68,30.02,0.69,70.0,0.32,37.38,0.31,70.0,0.33,25.0,0.34,20.0,0.01,0.01,2315.54162,1776207042000
1776207044.272,44.272,0.67,75.0,0.66,20.0,0.68,20.02,0.69,70.0,0.32,20.02,0.31,70.0,0.33,75.0,0.34,20.0,0.01,0.01,2315.620985,1776207043000
1776207044.798,44.798,0.67,55.0,0.66,88.0,0.7,10.0,0.71,50.0,0.32,30.52,0.31,75.0,0.33,71.96,0.34,20.0,0.03,0.01,2315.620985,1776207043000
1776207045.038,45.038,0.69,55.0,0.68,20.0,0.71,50.0,0.72,75.0,0.3,1.43,0.29,50.0,0.33,55.0,0.34,88.0,0.02,0.03,2315.620985,1776207043000
1776207045.441,45.441,0.71,15.0,0.7,15.0,0.72,65.0,0.73,75.0,0.28,65.0,0.27,75.0,0.29,15.0,0.3,15.0,0.01,0.01,2316.0298,1776207044000
1776207045.85,45.85,0.71,9.82,0.7,20.0,0.72,85.0,0.73,81.0,0.28,65.0,0.27,75.0,0.29,15.0,0.3,15.0,0.01,0.01,2316.0298,1776207044000
1776207046.138,46.138,0.71,4.31,0.7,12.82,0.72,90.0,0.73,81.0,0.28,85.0,0.27,81.0,0.3,12.82,0.31,30.0,0.01,0.02,2316.108046,1776207045000
1776207046.749,46.749,0.71,14.31,0.7,12.82,0.72,100.5,0.73,81.0,0.28,90.0,0.27,81.0,0.29,4.31,0.3,12.82,0.01,0.01,2316.108046,1776207045000
1776207047.156,47.156,0.71,58.31,0.7,12.82,0.72,90.5,0.73,81.0,0.28,100.5,0.27,81.0,0.29,14.31,0.3,12.82,0.01,0.01,2316.108046,1776207045000
1776207047.494,47.494,0.71,58.31,0.7,12.82,0.72,90.5,0.73,81.0,0.28,90.5,0.27,81.0,0.29,58.31,0.3,12.82,0.01,0.01,2316.338004,1776207046000
1776207048.008,48.008,0.71,4.31,0.69,5.0,0.72,105.33,0.73,20.0,0.28,88.41,0.27,81.0,0.29,73.31,0.3,12.82,0.01,0.01,2316.338004,1776207046000
1776207048.335,48.335,0.69,2.09,0.68,10.0,0.7,31.19,0.71,138.0,0.3,7.69,0.28,99.5,0.31,5.0,0.32,20.0,0.01,0.01,2316.3582,1776207047000
1776207048.803,48.803,0.68,10.0,0.67,10.0,0.69,9.91,0.7,51.9,0.3,20.9,0.29,138.0,0.31,2.09,0.32,10.0,0.01,0.01,2316.3582,1776207047000
1776207049.323,49.323,0.65,20.0,0.64,10.0,0.69,115.91,0.7,111.9,0.31,115.91,0.3,111.9,0.35,20.0,0.36,10.0,0.04,0.04,2316.377621,1776207048000
1776207049.601,49.601,0.68,29.0,0.67,1.2,0.69,154.84,0.7,120.9,0.31,156.41,0.3,120.9,0.33,1.2,0.34,10.0,0.01,0.02,2316.377621,1776207048000
1776207049.834,49.834,0.68,5.11,0.67,1.2,0.69,149.84,0.7,120.9,0.31,154.84,0.3,120.9,0.32,20.74,0.33,1.2,0.01,0.01,2316.377621,1776207048000
1776207050.156,50.156,0.68,5.11,0.67,7.2,0.69,143.39,0.7,120.9,0.31,149.84,0.3,120.9,0.32,5.11,0.33,1.2,0.01,0.01,2316.377621,1776207048000
1776207050.438,50.438,0.67,0.66,0.66,10.0,0.69,148.39,0.7,120.9,0.31,148.39,0.3,120.9,0.33,0.66,0.34,10.0,0.02,0.02,2316.13792,1776207049000
1776207050.75,50.75,0.65,15.0,0.64,25.5,0.66,56.04,0.67,68.5,0.33,26.5,0.32,116.5,0.34,0.29,0.35,20.0,0.01,0.01,2316.13792,1776207049000
1776207050.954,50.954,0.65,0.71,0.64,25.5,0.66,82.04,0.67,68.5,0.34,56.04,0.33,68.5,0.35,15.0,0.36,25.5,0.01,0.01,2316.13792,1776207049000
1776207051.346,51.346,0.64,13.55,0.63,80.0,0.65,87.0,0.66,59.54,0.35,10.0,0.34,104.04,0.36,27.44,0.37,80.0,0.01,0.01,2316.096785,1776207050000
1776207051.7,51.7,0.64,1.6,0.63,80.0,0.65,76.53,0.66,70.04,0.35,71.53,0.34,70.04,0.36,15.49,0.37,80.0,0.01,0.01,2316.096785,1776207050000
1776207051.941,51.941,0.64,8.54,0.63,80.0,0.65,71.53,0.66,70.04,0.35,76.53,0.34,70.04,0.36,8.54,0.37,80.0,0.01,0.01,2316.096785,1776207050000
1776207052.142,52.142,0.64,8.54,0.63,80.0,0.65,71.53,0.66,70.04,0.35,71.53,0.34,70.04,0.36,8.54,0.37,80.0,0.01,0.01,2316.042558,1776207051000
1776207052.544,52.544,0.64,2.42,0.63,55.0,0.65,71.53,0.66,75.04,0.35,71.53,0.34,65.04,0.36,5.48,0.37,55.0,0.01,0.01,2316.042558,1776207051000
1776207052.907,52.907,0.64,2.42,0.63,25.0,0.65,66.53,0.66,75.04,0.35,71.53,0.34,75.04,0.36,2.42,0.37,55.0,0.01,0.01,2316.042558,1776207051000
1776207053.27,53.27,0.63,24.38,0.62,70.0,0.65,61.53,0.66,75.04,0.35,61.53,0.34,75.04,0.37,24.38,0.38,70.0,0.02,0.02,2316.016971,1776207052000
1776207053.664,53.664,0.64,15.0,0.63,20.59,0.65,56.53,0.66,80.04,0.35,61.53,0.34,75.04,0.37,25.59,0.38,70.0,0.01,0.02,2316.016971,1776207052000
1776207054.214,54.214,0.64,35.0,0.63,36.59,0.66,15.54,0.67,26.5,0.35,56.53,0.34,80.04,0.36,15.0,0.37,20.59,0.02,0.01,2316.016971,1776207052000
1776207054.918,54.918,0.64,35.0,0.63,36.59,0.66,15.54,0.67,26.5,0.34,15.54,0.33,26.5,0.36,35.0,0.37,36.59,0.02,0.02,2316.035467,1776207054000
1776207055.38,55.38,0.65,30.5,0.64,101.11,0.66,29.54,0.67,41.5,0.34,15.54,0.33,26.5,0.36,35.0,0.37,36.59,0.01,0.02,2316.035467,1776207054000
1776207055.928,55.928,0.64,101.11,0.63,25.59,0.65,38.84,0.66,66.5,0.34,29.54,0.33,41.5,0.35,30.5,0.36,101.11,0.01,0.01,2316.035467,1776207054000
1776207056.681,56.681,0.64,20.0,0.63,36.09,0.65,25.5,0.66,35.5,0.35,38.84,0.34,66.5,0.36,101.11,0.37,25.59,0.01,0.01,2316.010425,1776207055000
1776207057.057,57.057,0.64,20.0,0.63,36.09,0.65,25.5,0.66,35.5,0.35,25.5,0.34,35.5,0.36,20.0,0.37,36.09,0.01,0.01,2316.0799,1776207056000
1776207058.134,58.134,0.64,30.0,0.63,41.09,0.65,15.5,0.66,50.5,0.35,15.5,0.34,50.5,0.36,30.0,0.37,41.09,0.01,0.01,2316.037252,1776207057000
1776207059.288,59.288,0.64,25.0,0.63,46.09,0.65,0.5,0.66,60.5,0.35,0.5,0.34,60.5,0.36,25.0,0.37,46.09,0.01,0.01,2315.998805,1776207058000
1776207060.357,60.357,0.64,25.0,0.63,46.09,0.65,0.5,0.66,60.5,0.35,0.5,0.34,60.5,0.36,25.0,0.37,46.09,0.01,0.01,2315.985675,1776207059000
1776207061.36,61.36,0.64,20.0,0.63,46.09,0.66,58.53,0.67,52.5,0.34,58.53,0.33,52.5,0.36,20.0,0.37,46.09,0.02,0.02,2315.99195,1776207060000
1776207061.599,61.599,0.65,10.0,0.64,20.0,0.66,68.0,0.67,52.5,0.34,58.53,0.33,52.5,0.36,20.0,0.37,46.09,0.01,0.02,2315.99195,1776207060000
1776207062.31,62.31,0.65,10.0,0.64,20.0,0.66,68.0,0.67,52.5,0.34,68.0,0.33,52.5,0.35,10.0,0.36,20.0,0.01,0.01,2315.99195,1776207061000
1776207062.62,62.62,0.64,20.0,0.63,46.09,0.66,53.0,0.67,52.5,0.34,68.0,0.33,52.5,0.35,10.0,0.36,20.0,0.02,0.01,2315.99195,1776207061000
1776207063.659,63.659,0.65,222.5,0.64,97.0,0.66,10.0,0.68,10.0,0.34,53.0,0.33,52.5,0.36,20.0,0.37,46.09,0.01,0.02,2315.99195,1776207061000
1776207063.891,63.891,0.68,100.5,0.67,48.5,0.74,146.66,0.75,85.0,0.31,2.66,0.3,25.0,0.32,17.35,0.33,58.0,0.06,0.01,2315.99174,1776207062000
1776207064.362,64.362,0.68,100.5,0.67,48.5,0.74,146.66,0.75,85.0,0.26,146.66,0.25,85.0,0.32,100.5,0.33,48.5,0.06,0.06,2315.996495,1776207063000
1776207064.959,64.959,0.68,100.5,0.67,48.5,0.74,146.66,0.75,85.0,0.26,146.66,0.25,85.0,0.32,100.5,0.33,48.5,0.06,0.06,2315.998515,1776207064000
1776207065.695,65.695,0.73,24.82,0.72,84.74,0.74,42.0,0.75,80.0,0.26,35.0,0.25,80.0,0.27,58.53,0.28,35.5,0.01,0.01,2315.998515,1776207064000
1776207066.196,66.196,0.73,24.82,0.72,84.74,0.74,42.0,0.75,80.0,0.26,42.0,0.25,80.0,0.27,24.82,0.28,84.74,0.01,0.01,2316.46703,1776207065000
1776207066.793,66.793,0.73,24.82,0.72,35.5,0.74,76.0,0.75,80.0,0.26,42.0,0.25,80.0,0.27,24.82,0.28,84.74,0.01,0.01,2316.46703,1776207065000
1776207067.29,67.29,0.73,34.82,0.72,35.5,0.74,89.0,0.75,80.0,0.26,76.0,0.25,80.0,0.27,24.82,0.28,35.5,0.01,0.01,2316.46703,1776207065000
1776207067.609,67.609,0.73,34.82,0.72,35.5,0.74,89.0,0.75,80.0,0.26,89.0,0.25,80.0,0.27,34.82,0.28,35.5,0.01,0.01,2316.739675,1776207066000
1776207067.823,67.823,0.73,80.05,0.72,40.5,0.74,76.0,0.75,109.0,0.26,89.0,0.25,80.0,0.27,34.82,0.28,35.5,0.01,0.01,2316.739675,1776207066000
1776207068.408,68.408,0.73,80.05,0.72,40.5,0.74,76.0,0.75,109.0,0.26,76.0,0.25,109.0,0.27,80.05,0.28,40.5,0.01,0.01,2316.746761,1776207067000
1776207069.148,69.148,0.73,80.05,0.72,40.5,0.74,61.0,0.75,109.0,0.26,71.0,0.25,109.0,0.27,80.05,0.28,40.5,0.01,0.01,2316.746761,1776207067000
1776207069.851,69.851,0.73,78.93,0.72,40.5,0.74,72.0,0.75,109.0,0.26,61.0,0.25,109.0,0.27,80.05,0.28,40.5,0.01,0.01,2316.68361,1776207068000
1776207070.455,70.455,0.73,78.93,0.72,40.5,0.74,72.0,0.75,109.0,0.26,72.0,0.25,109.0,0.27,78.93,0.28,40.5,0.01,0.01,2316.64846,1776207069000
1776207070.694,70.694,0.73,68.93,0.72,40.5,0.74,67.0,0.75,119.0,0.26,72.0,0.25,109.0,0.27,78.93,0.28,40.5,0.01,0.01,2316.64846,1776207069000
1776207071.071,71.071,0.73,68.93,0.72,40.5,0.74,67.0,0.75,119.0,0.26,67.0,0.25,119.0,0.27,68.93,0.28,40.5,0.01,0.01,2316.643932,1776207070000
1776207072.01,72.01,0.73,93.93,0.72,50.5,0.74,41.0,0.75,139.0,0.26,67.0,0.25,119.0,0.27,68.93,0.28,40.5,0.01,0.01,2316.643932,1776207070000
1776207072.469,72.469,0.73,93.93,0.72,50.5,0.74,41.0,0.75,139.0,0.26,41.0,0.25,139.0,0.27,93.93,0.28,50.5,0.01,0.01,2316.642871,1776207071000
1776207073.151,73.151,0.73,93.93,0.72,50.5,0.74,41.0,0.75,139.0,0.26,41.0,0.25,139.0,0.27,93.93,0.28,50.5,0.01,0.01,2316.625938,1776207072000
1776207073.52,73.52,0.72,15.0,0.71,42.5,0.73,80.86,0.74,132.5,0.26,41.0,0.25,139.0,0.27,93.93,0.28,50.5,0.01,0.01,2316.625938,1776207072000
1776207074.406,74.406,0.72,24.35,0.71,42.5,0.73,48.0,0.74,97.0,0.27,48.0,0.26,97.0,0.28,24.35,0.29,42.5,0.01,0.01,2316.623471,1776207073000
1776207075.21,75.21,0.72,24.35,0.71,42.5,0.73,48.0,0.74,97.0,0.27,48.0,0.26,97.0,0.28,24.35,0.29,42.5,0.01,0.01,2316.631576,1776207074000
1776207075.548,75.548,0.72,30.5,0.71,96.89,0.73,14.0,0.74,102.0,0.27,48.0,0.26,97.0,0.28,24.35,0.29,42.5,0.01,0.01,2316.631576,1776207074000
1776207076.427,76.427,0.72,30.5,0.71,96.89,0.73,14.0,0.74,102.0,0.27,14.0,0.26,102.0,0.28,30.5,0.29,96.89,0.01,0.01,2316.53061,1776207075000
1776207077.044,77.044,0.72,30.5,0.71,96.89,0.73,14.0,0.74,102.0,0.27,14.0,0.26,102.0,0.28,30.5,0.29,96.89,0.01,0.01,2316.520305,1776207076000
1776207077.283,77.283,0.72,13.1,0.71,42.34,0.73,111.6,0.74,107.5,0.27,106.6,0.26,107.5,0.28,25.1,0.29,47.34,0.01,0.01,2316.520305,1776207076000
1776207078.553,78.553,0.72,13.1,0.71,42.34,0.73,111.6,0.74,107.5,0.27,111.6,0.26,107.5,0.28,13.1,0.29,42.34,0.01,0.01,2316.53191,1776207077000
1776207079.106,79.106,0.72,13.1,0.71,42.34,0.73,111.6,0.74,107.5,0.27,111.6,0.26,107.5,0.28,13.1,0.29,42.34,0.01,0.01,2316.531545,1776207078000
1776207080.115,80.115,0.71,37.34,0.7,99.23,0.73,108.6,0.74,142.5,0.27,4.1,0.26,122.0,0.28,75.1,0.29,67.84,0.02,0.01,2316.531545,1776207078000
1776207080.656,80.656,0.71,17.34,0.7,99.23,0.72,105.11,0.73,71.6,0.27,108.6,0.26,142.5,0.29,37.34,0.3,99.23,0.01,0.02,2316.527774,1776207079000
1776207080.882,80.882,0.71,95.22,0.7,104.23,0.72,42.36,0.73,46.6,0.28,42.36,0.27,36.6,0.29,17.34,0.3,99.23,0.01,0.01,2316.527774,1776207079000
1776207081.087,81.087,0.71,95.22,0.7,104.23,0.72,29.8,0.73,56.6,0.28,42.36,0.27,46.6,0.29,95.22,0.3,104.23,0.01,0.01,2316.527774,1776207079000
1776207081.41,81.41,0.71,100.22,0.7,104.23,0.72,12.26,0.73,56.6,0.28,13.65,0.27,56.6,0.29,100.22,0.3,104.23,0.01,0.01,2316.494955,1776207080000
1776207082.288,82.288,0.71,100.22,0.7,104.23,0.72,12.26,0.73,56.6,0.28,12.26,0.27,56.6,0.29,100.22,0.3,104.23,0.01,0.01,2316.424387,1776207081000
1776207082.537,82.537,0.71,60.22,0.7,119.23,0.72,2.26,0.73,56.6,0.28,12.26,0.27,56.6,0.29,100.22,0.3,104.23,0.01,0.01,2316.424387,1776207081000
1776207082.977,82.977,0.72,104.0,0.71,33.72,0.73,21.1,0.74,133.13,0.28,2.26,0.27,56.6,0.29,60.22,0.3,119.23,0.01,0.01,2316.424387,1776207081000
1776207083.365,83.365,0.72,104.0,0.71,33.72,0.73,21.1,0.74,133.13,0.27,21.1,0.26,133.13,0.28,104.0,0.29,33.72,0.01,0.01,2316.35982,1776207082000
1776207083.877,83.877,0.72,111.64,0.71,33.72,0.73,41.1,0.74,53.13,0.27,21.1,0.26,133.13,0.28,104.0,0.29,33.72,0.01,0.01,2316.35982,1776207082000
1776207084.916,84.916,0.72,111.64,0.71,33.72,0.73,41.1,0.74,53.13,0.27,41.1,0.26,53.13,0.28,111.64,0.29,33.72,0.01,0.01,2316.368965,1776207084000
1776207085.65,85.65,0.72,90.64,0.71,28.72,0.73,33.86,0.74,43.13,0.27,41.1,0.26,53.13,0.28,111.64,0.29,33.72,0.01,0.01,2316.368965,1776207084000
1776207086.061,86.061,0.72,90.64,0.71,28.72,0.73,33.86,0.74,43.13,0.27,33.86,0.26,43.13,0.28,90.64,0.29,28.72,0.01,0.01,2316.413467,1776207085000
1776207087.043,87.043,0.72,90.64,0.71,28.72,0.73,33.86,0.74,43.13,0.27,33.86,0.26,43.13,0.28,90.64,0.29,28.72,0.01,0.01,2316.460085,1776207086000
1776207087.687,87.687,0.72,23.42,0.71,46.47,0.73,31.36,0.74,53.5,0.27,33.86,0.26,43.13,0.28,90.64,0.29,28.72,0.01,0.01,2316.460085,1776207086000
1776207087.895,87.895,0.72,5.42,0.71,5.0,0.73,135.36,0.74,133.5,0.27,31.36,0.26,53.5,0.28,23.42,0.29,46.47,0.01,0.01,2316.460085,1776207086000
1776207088.146,88.146,0.7,59.49,0.69,40.0,0.71,94.5,0.72,30.5,0.29,20.5,0.28,25.5,0.3,65.23,0.31,40.0,0.01,0.01,2316.43031,1776207087000
1776207088.348,88.348,0.7,12.49,0.69,40.0,0.71,94.5,0.72,30.5,0.29,99.5,0.28,30.5,0.3,47.49,0.31,40.0,0.01,0.01,2316.43031,1776207087000
1776207088.822,88.822,0.7,1.49,0.69,5.0,0.71,151.92,0.72,47.5,0.29,99.5,0.28,30.5,0.3,1.49,0.31,40.0,0.01,0.01,2316.43031,1776207087000
1776207089.145,89.145,0.69,3.05,0.68,15.0,0.71,148.82,0.72,47.5,0.29,148.82,0.28,47.5,0.31,3.05,0.32,15.0,0.02,0.02,2316.41814,1776207088000
1776207089.406,89.406,0.69,35.05,0.68,30.0,0.7,73.08,0.71,116.5,0.29,148.82,0.28,47.5,0.31,3.05,0.32,15.0,0.01,0.02,2316.41814,1776207088000
1776207090.222,90.222,0.69,35.05,0.68,30.0,0.7,73.08,0.71,116.5,0.3,73.08,0.29,116.5,0.31,35.05,0.32,30.0,0.01,0.01,2316.260158,1776207089000
1776207091.081,91.081,0.69,43.55,0.68,45.5,0.7,33.0,0.71,106.0,0.3,73.08,0.29,116.5,0.31,35.05,0.32,30.0,0.01,0.01,2316.260158,1776207089000
1776207091.306,91.306,0.69,43.55,0.68,45.5,0.7,33.0,0.71,106.0,0.3,33.0,0.29,106.0,0.31,43.55,0.32,45.5,0.01,0.01,2316.099595,1776207090000
1776207092.272,92.272,0.69,43.55,0.68,45.5,0.7,33.0,0.71,106.0,0.3,33.0,0.29,106.0,0.31,43.55,0.32,45.5,0.01,0.01,2316.099595,1776207091000
1776207093.152,93.152,0.69,130.29,0.68,60.5,0.7,95.21,0.71,121.0,0.3,90.21,0.29,121.0,0.31,136.58,0.32,60.5,0.01,0.01,2316.099595,1776207091000
1776207093.391,93.391,0.69,130.29,0.68,60.5,0.7,86.31,0.71,121.0,0.3,95.21,0.29,121.0,0.31,130.29,0.32,60.5,0.01,0.01,2316.135645,1776207092000
1776207094.488,94.488,0.69,130.29,0.68,60.5,0.7,86.31,0.71,121.0,0.3,86.31,0.29,121.0,0.31,130.29,0.32,60.5,0.01,0.01,2316.12324,1776207093000
1776207095.063,95.063,0.69,37.26,0.68,93.07,0.7,86.31,0.71,136.0,0.3,86.31,0.29,136.0,0.31,37.26,0.32,93.07,0.01,0.01,2316.12245,1776207094000
1776207096.091,96.091,0.69,37.26,0.68,93.07,0.7,86.31,0.71,136.0,0.3,86.31,0.29,136.0,0.31,37.26,0.32,93.07,0.01,0.01,2316.11323,1776207095000
1776207096.884,96.884,0.69,62.76,0.68,69.07,0.7,43.45,0.71,131.0,0.3,86.31,0.29,136.0,0.31,37.26,0.32,93.07,0.01,0.01,2316.11323,1776207095000
1776207097.336,97.336,0.69,62.76,0.68,69.07,0.7,43.45,0.71,131.0,0.3,43.45,0.29,131.0,0.31,62.76,0.32,69.07,0.01,0.01,2316.107105,1776207096000
1776207097.934,97.934,0.69,62.76,0.68,69.07,0.7,43.45,0.71,131.0,0.3,43.45,0.29,131.0,0.31,62.76,0.32,69.07,0.01,0.01,2316.107105,1776207097000
1776207099.122,99.122,0.69,62.76,0.68,69.07,0.7,43.45,0.71,131.0,0.3,43.45,0.29,131.0,0.31,62.76,0.32,69.07,0.01,0.01,2316.11282,1776207098000
1776207100.36,100.36,0.69,62.76,0.68,69.07,0.7,43.45,0.71,131.0,0.3,43.45,0.29,131.0,0.31,62.76,0.32,69.07,0.01,0.01,2316.11633,1776207099000
1776207100.897,100.897,0.69,62.76,0.68,69.07,0.7,43.45,0.71,131.0,0.3,43.45,0.29,131.0,0.31,62.76,0.32,69.07,0.01,0.01,2316.115215,1776207100000
1776207102.039,102.039,0.69,62.76,0.68,69.07,0.7,43.45,0.71,131.0,0.3,43.45,0.29,131.0,0.31,62.76,0.32,69.07,0.01,0.01,2316.11704,1776207101000
1776207102.251,102.251,0.7,152.5,0.69,110.75,0.71,8.0,0.72,10.0,0.29,20.0,0.28,10.0,0.3,132.5,0.31,153.58,0.01,0.01,2316.11704,1776207101000
1776207102.914,102.914,0.7,158.5,0.69,88.75,0.72,7.95,0.73,7.0,0.29,3.0,0.28,10.0,0.3,157.5,0.31,110.75,0.02,0.01,2316.11704,1776207101000
1776207103.237,103.237,0.7,158.5,0.69,88.75,0.72,7.95,0.73,7.0,0.28,7.95,0.27,7.0,0.3,158.5,0.31,88.75,0.02,0.02,2316.11675,1776207102000
1776207104.124,104.124,0.73,59.0,0.72,20.0,0.74,131.91,0.75,73.5,0.26,106.91,0.25,55.5,0.27,15.0,0.28,15.0,0.01,0.01,2316.11675,1776207102000
1776207104.444,104.444,0.73,59.0,0.72,20.0,0.74,131.91,0.75,73.5,0.26,131.91,0.25,73.5,0.27,59.0,0.28,20.0,0.01,0.01,2316.287475,1776207103000
1776207104.784,104.784,0.73,54.0,0.72,20.0,0.74,136.91,0.75,73.5,0.26,131.91,0.25,73.5,0.27,59.0,0.28,20.0,0.01,0.01,2316.287475,1776207103000
1776207105.009,105.009,0.73,54.0,0.72,20.0,0.74,135.55,0.75,73.5,0.26,135.55,0.25,73.5,0.27,54.0,0.28,20.0,0.01,0.01,2316.292775,1776207104000
1776207105.443,105.443,0.73,44.0,0.72,20.0,0.74,147.55,0.75,73.5,0.26,135.55,0.25,73.5,0.27,54.0,0.28,20.0,0.01,0.01,2316.292775,1776207104000
1776207106.215,106.215,0.73,44.0,0.72,20.0,0.74,147.55,0.75,73.5,0.26,147.55,0.25,73.5,0.27,44.0,0.28,20.0,0.01,0.01,2316.329335,1776207105000
1776207106.514,106.514,0.74,152.5,0.73,83.5,0.75,27.73,0.76,53.0,0.25,30.0,0.24,53.0,0.27,140.5,0.28,30.5,0.01,0.02,2316.329335,1776207105000
1776207106.832,106.832,0.74,129.5,0.73,42.5,0.75,15.74,0.76,35.0,0.25,45.46,0.24,53.0,0.26,152.5,0.27,78.5,0.01,0.01,2316.329335,1776207105000
1776207107.145,107.145,0.74,86.5,0.73,141.1,0.75,15.74,0.76,35.0,0.25,15.74,0.24,35.0,0.26,129.5,0.27,42.5,0.01,0.01,2316.329335,1776207105000
1776207107.359,107.359,0.74,78.5,0.73,141.1,0.75,9.39,0.76,35.0,0.25,9.39,0.24,35.0,0.26,78.5,0.27,141.1,0.01,0.01,2316.335345,1776207106000
1776207107.777,107.777,0.75,126.1,0.74,81.5,0.76,10.0,0.77,75.0,0.25,9.39,0.24,35.0,0.26,78.5,0.27,141.1,0.01,0.01,2316.335345,1776207106000
1776207108.242,108.242,0.75,9.4,0.74,25.5,0.77,117.0,0.78,125.5,0.24,10.0,0.23,75.0,0.25,126.1,0.26,81.5,0.02,0.01,2316.340815,1776207107000
1776207108.79,108.79,0.76,39.5,0.75,68.47,0.77,100.0,0.78,115.0,0.23,112.0,0.22,125.5,0.25,6.4,0.26,35.5,0.01,0.02,2316.340815,1776207107000
1776207109.999,109.999,0.76,39.5,0.75,68.47,0.77,100.0,0.78,115.0,0.23,100.0,0.22,115.0,0.24,39.5,0.25,68.47,0.01,0.01,2316.59878,1776207109000
1776207110.658,110.658,0.76,39.33,0.75,73.47,0.77,95.0,0.78,102.0,0.23,100.0,0.22,115.0,0.24,39.5,0.25,68.47,0.01,0.01,2316.59878,1776207109000
1776207111.016,111.016,0.76,27.66,0.75,73.47,0.77,100.0,0.78,102.0,0.23,100.0,0.22,102.0,0.24,27.66,0.25,73.47,0.01,0.01,2316.55453,1776207110000
1776207111.257,111.257,0.76,36.96,0.75,73.47,0.77,90.0,0.78,90.0,0.23,100.0,0.22,102.0,0.24,27.66,0.25,73.47,0.01,0.01,2316.55453,1776207110000
1776207111.981,111.981,0.76,36.96,0.75,73.47,0.77,90.0,0.78,90.0,0.23,90.0,0.22,90.0,0.24,36.96,0.25,73.47,0.01,0.01,2316.55554,1776207111000
1776207112.92,112.92,0.76,36.96,0.75,73.47,0.77,90.0,0.78,90.0,0.23,90.0,0.22,90.0,0.24,36.96,0.25,73.47,0.01,0.01,2316.56831,1776207112000
1776207113.97,113.97,0.76,36.96,0.75,73.47,0.77,90.0,0.78,90.0,0.23,90.0,0.22,90.0,0.24,36.96,0.25,73.47,0.01,0.01,2316.596925,1776207113000
1776207114.327,114.327,0.77,155.0,0.76,26.96,0.78,93.71,0.79,25.0,0.23,90.0,0.22,90.0,0.24,36.96,0.25,73.47,0.01,0.01,2316.596925,1776207113000
1776207115.041,115.041,0.77,155.0,0.76,26.96,0.78,93.71,0.79,25.0,0.22,93.71,0.21,25.0,0.23,155.0,0.24,26.96,0.01,0.01,2316.62963,1776207114000
1776207115.326,115.326,0.78,61.5,0.77,116.5,0.79,3.75,0.81,75.0,0.22,93.71,0.21,25.0,0.23,155.0,0.24,26.96,0.01,0.01,2316.62963,1776207114000
1776207115.793,115.793,0.8,201.5,0.79,50.5,0.81,68.76,0.82,55.0,0.19,70.0,0.18,55.0,0.22,176.5,0.23,96.5,0.01,0.03,2316.62963,1776207114000
1776207116.093,116.093,0.8,201.5,0.79,50.5,0.81,68.76,0.82,55.0,0.19,68.76,0.18,55.0,0.2,201.5,0.21,50.5,0.01,0.01,2316.634745,1776207115000
1776207117.099,117.099,0.8,191.5,0.79,75.13,0.81,66.76,0.82,55.0,0.19,66.76,0.18,55.0,0.2,191.5,0.21,75.13,0.01,0.01,2316.740525,1776207116000
1776207117.598,117.598,0.8,126.0,0.79,66.5,0.81,85.07,0.82,55.0,0.19,85.07,0.18,55.0,0.2,116.0,0.21,50.5,0.01,0.01,2316.740525,1776207116000
1776207118.091,118.091,0.8,126.0,0.79,84.37,0.81,79.07,0.82,55.0,0.19,79.07,0.18,55.0,0.2,126.0,0.21,84.37,0.01,0.01,2316.93339,1776207117000
1776207119.206,119.206,0.8,126.0,0.79,84.37,0.81,79.07,0.82,55.0,0.19,79.07,0.18,55.0,0.2,126.0,0.21,84.37,0.01,0.01,2316.890841,1776207118000
1776207121.215,121.215,0.8,126.0,0.79,84.37,0.81,79.07,0.82,55.0,0.19,79.07,0.18,55.0,0.2,126.0,0.21,84.37,0.01,0.01,2316.900665,1776207119000
1776207121.933,121.933,0.84,20.27,0.83,68.5,0.85,142.55,0.86,114.0,0.15,142.55,0.14,114.0,0.16,20.27,0.17,68.5,0.01,0.01,2317.069522,1776207120000
1776207122.344,122.344,0.79,40.0,0.78,40.0,0.8,81.83,0.81,176.5,0.2,89.87,0.19,106.5,0.21,45.0,0.22,25.0,0.01,0.01,2317.069522,1776207120000
1776207122.685,122.685,0.79,40.0,0.78,40.0,0.8,81.83,0.81,176.5,0.2,81.83,0.19,176.5,0.21,40.0,0.22,40.0,0.01,0.01,2317.22806,1776207121000
1776207123.088,123.088,0.78,25.0,0.77,10.0,0.79,27.84,0.8,82.33,0.2,81.83,0.19,176.5,0.21,40.0,0.22,40.0,0.01,0.01,2317.22806,1776207121000
1776207123.604,123.604,0.78,25.0,0.77,10.0,0.79,27.84,0.8,82.33,0.21,27.84,0.2,82.33,0.22,25.0,0.23,10.0,0.01,0.01,2317.1688,1776207122000
1776207124.119,124.119,0.77,90.5,0.76,72.97,0.79,12.84,0.8,59.0,0.22,51.0,0.21,48.84,0.23,80.5,0.24,45.5,0.02,0.01,2317.1688,1776207122000
1776207124.67,124.67,0.78,25.5,0.77,60.5,0.79,32.15,0.8,48.0,0.21,12.84,0.2,59.0,0.23,90.5,0.24,72.97,0.01,0.02,2316.834637,1776207123000
1776207125.619,125.619,0.78,25.5,0.77,60.5,0.8,37.34,0.81,214.0,0.2,37.34,0.19,214.0,0.22,25.5,0.23,60.5,0.02,0.02,2316.642093,1776207124000
1776207126.308,126.308,0.78,25.5,0.77,60.5,0.8,37.34,0.81,214.0,0.2,37.34,0.19,214.0,0.22,25.5,0.23,60.5,0.02,0.02,2316.733805,1776207125000
1776207126.683,126.683,0.79,10.0,0.78,78.46,0.8,47.39,0.81,204.0,0.2,37.34,0.19,214.0,0.22,25.5,0.23,60.5,0.01,0.02,2316.733805,1776207125000
1776207127.034,127.034,0.79,62.92,0.78,40.5,0.8,40.19,0.81,204.0,0.2,47.39,0.19,204.0,0.21,10.0,0.22,78.46,0.01,0.01,2316.733805,1776207125000
1776207127.698,127.698,0.79,62.92,0.78,40.5,0.8,40.19,0.81,204.0,0.2,40.19,0.19,204.0,0.21,62.92,0.22,40.5,0.01,0.01,2316.73103,1776207126000
1776207128.291,128.291,0.79,62.92,0.78,40.5,0.8,40.19,0.81,204.0,0.2,40.19,0.19,204.0,0.21,62.92,0.22,40.5,0.01,0.01,2316.709792,1776207127000
1776207129.057,129.057,0.79,134.42,0.78,42.5,0.81,151.0,0.82,45.0,0.2,40.19,0.19,204.0,0.21,62.92,0.22,40.5,0.02,0.01,2316.709792,1776207127000
1776207129.634,129.634,0.79,134.42,0.78,42.5,0.81,151.0,0.82,45.0,0.19,151.0,0.18,45.0,0.21,134.42,0.22,42.5,0.02,0.02,2316.71134,1776207128000
1776207130.319,130.319,0.79,134.42,0.78,42.5,0.81,151.0,0.82,45.0,0.19,151.0,0.18,45.0,0.21,134.42,0.22,42.5,0.02,0.02,2316.712705,1776207129000
1776207130.77,130.77,0.78,8.22,0.77,35.5,0.8,75.0,0.81,214.81,0.19,151.0,0.18,45.0,0.21,134.42,0.22,42.5,0.02,0.02,2316.712705,1776207129000
1776207131.434,131.434,0.78,69.45,0.77,40.5,0.79,20.0,0.8,75.0,0.2,75.0,0.19,214.81,0.22,8.22,0.23,35.5,0.01,0.02,2316.712705,1776207129000
1776207131.776,131.776,0.77,10.0,0.76,15.0,0.78,92.2,0.79,43.5,0.21,18.0,0.2,85.5,0.22,56.92,0.23,25.5,0.01,0.01,2316.810435,1776207130000
1776207132.103,132.103,0.74,10.0,0.73,60.0,0.77,97.86,0.78,86.0,0.24,61.05,0.23,109.5,0.25,35.0,0.26,80.0,0.03,0.01,2316.810435,1776207130000
1776207132.32,132.32,0.74,10.0,0.73,60.0,0.78,86.0,0.79,41.0,0.22,86.0,0.21,41.0,0.26,10.0,0.27,60.0,0.04,0.04,2316.74118,1776207131000
1776207133.031,133.031,0.73,65.0,0.72,120.0,0.74,11.0,0.75,28.0,0.26,11.0,0.25,28.0,0.27,65.0,0.28,120.0,0.01,0.01,2316.74118,1776207132000
1776207134.391,134.391,0.73,65.0,0.72,120.0,0.74,11.0,0.75,28.0,0.26,11.0,0.25,28.0,0.27,65.0,0.28,120.0,0.01,0.01,2316.269393,1776207133000
1776207135.298,135.298,0.73,50.0,0.72,110.0,0.74,91.0,0.75,126.5,0.26,11.0,0.25,28.0,0.27,65.0,0.28,120.0,0.01,0.01,2316.269393,1776207133000
1776207136.753,136.753,0.73,50.0,0.72,110.0,0.74,91.0,0.75,126.5,0.26,91.0,0.25,126.5,0.27,50.0,0.28,110.0,0.01,0.01,2316.23082,1776207135000
1776207137.378,137.378,0.73,50.0,0.72,110.0,0.74,91.0,0.75,126.5,0.26,91.0,0.25,126.5,0.27,50.0,0.28,110.0,0.01,0.01,2316.186716,1776207136000
1776207138.341,138.341,0.73,50.0,0.72,110.0,0.74,91.0,0.75,126.5,0.26,91.0,0.25,126.5,0.27,50.0,0.28,110.0,0.01,0.01,2316.148871,1776207137000
1776207139.383,139.383,0.73,50.0,0.72,110.0,0.74,91.0,0.75,126.5,0.26,91.0,0.25,126.5,0.27,50.0,0.28,110.0,0.01,0.01,2316.122835,1776207138000
1776207139.972,139.972,0.73,50.0,0.72,110.0,0.74,91.0,0.75,126.5,0.26,91.0,0.25,126.5,0.27,50.0,0.28,110.0,0.01,0.01,2316.128215,1776207139000
1776207140.23,140.23,0.72,12.5,0.71,72.5,0.74,43.0,0.75,107.0,0.26,91.0,0.25,126.5,0.27,50.0,0.28,110.0,0.02,0.01,2316.128215,1776207139000
1776207141.004,141.004,0.72,12.5,0.71,72.5,0.74,43.0,0.75,107.0,0.26,43.0,0.25,107.0,0.28,12.5,0.29,72.5,0.02,0.02,2316.178515,1776207140000
1776207142.237,142.237,0.72,12.5,0.71,72.5,0.74,43.0,0.75,107.0,0.26,43.0,0.25,107.0,0.28,12.5,0.29,72.5,0.02,0.02,2316.127425,1776207141000
1776207143.356,143.356,0.72,12.5,0.71,72.5,0.74,43.0,0.75,107.0,0.26,43.0,0.25,107.0,0.28,12.5,0.29,72.5,0.02,0.02,2316.12014,1776207142000
1776207143.834,143.834,0.71,105.61,0.7,165.5,0.72,15.0,0.73,27.0,0.26,43.0,0.25,107.0,0.28,12.5,0.29,72.5,0.01,0.02,2316.12014,1776207142000
1776207144.106,144.106,0.71,105.61,0.7,165.5,0.72,15.0,0.73,27.0,0.28,15.0,0.27,27.0,0.29,105.61,0.3,165.5,0.01,0.01,2316.122964,1776207143000
1776207144.997,144.997,0.71,105.61,0.7,165.5,0.72,15.0,0.73,27.0,0.28,15.0,0.27,27.0,0.29,105.61,0.3,165.5,0.01,0.01,2316.10269,1776207144000
1776207146.17,146.17,0.71,105.61,0.7,165.5,0.72,15.0,0.73,27.0,0.28,15.0,0.27,27.0,0.29,105.61,0.3,165.5,0.01,0.01,2316.122295,1776207145000
1776207147.328,147.328,0.71,105.61,0.7,165.5,0.72,15.0,0.73,27.0,0.28,15.0,0.27,27.0,0.29,105.61,0.3,165.5,0.01,0.01,2316.13038,1776207146000
1776207147.778,147.778,0.71,105.61,0.7,165.5,0.72,15.0,0.73,27.0,0.28,15.0,0.27,27.0,0.29,105.61,0.3,165.5,0.01,0.01,2316.263026,1776207147000
1776207148.101,148.101,0.77,114.0,0.76,45.5,0.78,15.62,0.79,46.0,0.28,15.0,0.27,27.0,0.29,105.61,0.3,165.5,0.01,0.01,2316.263026,1776207147000
1776207148.895,148.895,0.77,114.0,0.76,45.5,0.78,15.62,0.79,46.0,0.22,15.62,0.21,46.0,0.23,114.0,0.24,45.5,0.01,0.01,2316.372075,1776207148000
1776207149.867,149.867,0.77,114.0,0.76,45.5,0.78,15.62,0.79,46.0,0.22,15.62,0.21,46.0,0.23,114.0,0.24,45.5,0.01,0.01,2316.390435,1776207149000
1776207151.274,151.274,0.77,114.0,0.76,45.5,0.78,15.62,0.79,46.0,0.22,15.62,0.21,46.0,0.23,114.0,0.24,45.5,0.01,0.01,2316.487395,1776207150000
1776207151.729,151.729,0.79,125.0,0.78,44.5,0.8,135.05,0.81,72.0,0.22,15.62,0.21,46.0,0.23,114.0,0.24,45.5,0.01,0.01,2316.487395,1776207150000
1776207152.264,152.264,0.79,125.0,0.78,44.5,0.8,135.05,0.81,72.0,0.2,135.05,0.19,72.0,0.21,125.0,0.22,44.5,0.01,0.01,2316.501687,1776207151000
1776207153.179,153.179,0.79,125.0,0.78,44.5,0.8,135.05,0.81,72.0,0.2,135.05,0.19,72.0,0.21,125.0,0.22,44.5,0.01,0.01,2316.565124,1776207152000
1776207154.261,154.261,0.79,125.0,0.78,44.5,0.8,135.05,0.81,72.0,0.2,135.05,0.19,72.0,0.21,125.0,0.22,44.5,0.01,0.01,2316.560461,1776207153000
1776207155.236,155.236,0.77,60.02,0.75,25.0,0.78,15.0,0.8,110.05,0.2,135.05,0.19,72.0,0.21,125.0,0.22,44.5,0.01,0.01,2316.560461,1776207153000
1776207155.837,155.837,0.77,56.02,0.76,5.0,0.78,55.0,0.79,20.0,0.22,15.0,0.2,110.05,0.23,60.02,0.25,25.0,0.01,0.01,2316.504446,1776207154000
1776207156.046,156.046,0.77,24.02,0.76,5.0,0.78,53.71,0.79,25.0,0.22,53.71,0.21,25.0,0.23,37.02,0.24,5.0,0.01,0.01,2316.504446,1776207154000
1776207157.185,157.185,0.77,24.02,0.76,5.0,0.78,53.71,0.79,25.0,0.22,53.71,0.21,25.0,0.23,24.02,0.24,5.0,0.01,0.01,2316.291623,1776207156000
1776207158.333,158.333,0.77,24.02,0.76,5.0,0.78,53.71,0.79,25.0,0.22,53.71,0.21,25.0,0.23,24.02,0.24,5.0,0.01,0.01,2316.234575,1776207157000
1776207159.054,159.054,0.73,73.0,0.72,21.0,0.74,108.8,0.77,25.0,0.26,108.8,0.23,25.0,0.27,73.0,0.28,21.0,0.01,0.01,2316.24863,1776207158000
1776207159.636,159.636,0.73,143.5,0.72,117.04,0.74,145.57,0.75,15.0,0.26,108.8,0.23,25.0,0.27,73.0,0.28,21.0,0.01,0.01,2316.24863,1776207158000
1776207160.171,160.171,0.73,143.5,0.72,117.04,0.74,106.66,0.75,15.0,0.26,106.66,0.25,15.0,0.27,143.5,0.28,117.04,0.01,0.01,2316.278747,1776207159000
1776207160.921,160.921,0.73,138.5,0.72,136.04,0.74,101.66,0.75,5.0,0.26,106.66,0.25,15.0,0.27,143.5,0.28,117.04,0.01,0.01,2316.278747,1776207159000
1776207162.072,162.072,0.73,138.5,0.72,136.04,0.74,98.95,0.75,5.0,0.26,98.95,0.25,5.0,0.27,138.5,0.28,136.04,0.01,0.01,2316.254779,1776207161000
1776207162.952,162.952,0.73,138.5,0.72,136.04,0.74,98.95,0.75,5.0,0.26,98.95,0.25,5.0,0.27,138.5,0.28,136.04,0.01,0.01,2316.23223,1776207162000
1776207163.32,163.32,0.73,284.75,0.72,40.0,0.74,286.25,0.76,208.33,0.26,98.95,0.25,5.0,0.27,138.5,0.28,136.04,0.01,0.01,2316.23223,1776207162000
1776207163.9,163.9,0.73,284.75,0.72,40.0,0.74,286.25,0.76,208.33,0.26,286.25,0.24,208.33,0.27,284.75,0.28,40.0,0.01,0.01,2316.234035,1776207163000
1776207164.862,164.862,0.73,284.75,0.72,40.0,0.74,286.25,0.76,208.33,0.26,286.25,0.24,208.33,0.27,284.75,0.28,40.0,0.01,0.01,2316.234035,1776207164000
1776207165.746,165.746,0.73,109.5,0.72,72.53,0.74,286.25,0.75,10.0,0.26,286.25,0.24,226.33,0.29,235.61,0.3,245.5,0.01,0.03,2316.234035,1776207164000
1776207166.513,166.513,0.73,109.5,0.72,72.53,0.74,286.25,0.75,10.0,0.26,286.25,0.25,10.0,0.27,109.5,0.28,72.53,0.01,0.01,2316.196615,1776207165000
1776207167.043,167.043,0.73,109.5,0.72,72.53,0.74,286.25,0.75,10.0,0.26,286.25,0.25,10.0,0.27,109.5,0.28,72.53,0.01,0.01,2316.221285,1776207166000
1776207168.178,168.178,0.73,109.5,0.72,72.53,0.74,286.25,0.75,10.0,0.26,286.25,0.25,10.0,0.27,109.5,0.28,72.53,0.01,0.01,2316.245847,1776207167000
1776207168.446,168.446,0.73,218.5,0.72,103.58,0.74,267.41,0.75,10.0,0.26,286.25,0.25,10.0,0.27,109.5,0.28,72.53,0.01,0.01,2316.245847,1776207167000
1776207169.047,169.047,0.73,51.84,0.72,103.58,0.74,267.41,0.75,5.0,0.26,267.41,0.25,5.0,0.27,51.84,0.28,103.58,0.01,0.01,2316.252995,1776207168000
1776207170.131,170.131,0.73,51.84,0.72,103.58,0.74,267.41,0.75,5.0,0.26,267.41,0.25,5.0,0.27,51.84,0.28,103.58,0.01,0.01,2316.25417,1776207169000
1776207171.088,171.088,0.71,309.51,0.7,258.49,0.74,207.3,0.75,10.0,0.26,267.41,0.25,5.0,0.27,51.84,0.28,103.58,0.03,0.01,2316.25417,1776207169000
1776207172.273,172.273,0.71,309.51,0.7,258.49,0.74,207.3,0.75,10.0,0.26,207.3,0.25,10.0,0.29,309.51,0.3,258.49,0.03,0.03,2316.250635,1776207171000
1776207172.648,172.648,0.73,136.05,0.72,20.5,0.74,197.58,0.75,20.0,0.26,207.3,0.25,10.0,0.29,309.51,0.3,258.49,0.01,0.03,2316.250635,1776207171000
1776207173.289,173.289,0.73,155.19,0.72,20.5,0.74,186.73,0.75,20.0,0.26,188.14,0.25,20.0,0.27,136.05,0.28,20.5,0.01,0.01,2316.250635,1776207171000
1776207174.285,174.285,0.73,155.19,0.72,20.5,0.74,118.75,0.75,20.0,0.26,118.75,0.25,20.0,0.27,155.19,0.28,20.5,0.01,0.01,2316.242645,1776207173000
1776207174.793,174.793,0.73,155.19,0.72,20.5,0.74,118.75,0.75,20.0,0.26,118.75,0.25,20.0,0.27,155.19,0.28,20.5,0.01,0.01,2316.205405,1776207174000
1776207175.209,175.209,0.74,77.64,0.73,121.05,0.75,18.66,0.76,218.33,0.26,118.75,0.25,20.0,0.27,155.19,0.28,20.5,0.01,0.01,2316.205405,1776207174000
1776207175.811,175.811,0.74,64.94,0.73,121.05,0.75,18.66,0.76,213.33,0.25,18.66,0.24,218.33,0.26,77.64,0.27,121.05,0.01,0.01,2316.205405,1776207174000
1776207176.421,176.421,0.74,64.94,0.73,121.05,0.75,18.66,0.76,213.33,0.25,18.66,0.24,213.33,0.26,64.94,0.27,121.05,0.01,0.01,2316.278575,1776207175000
1776207176.812,176.812,0.74,64.94,0.73,121.05,0.75,18.66,0.76,213.33,0.25,18.66,0.24,213.33,0.26,64.94,0.27,121.05,0.01,0.01,2316.277858,1776207176000
1776207177.844,177.844,0.74,64.94,0.73,121.05,0.75,18.66,0.76,213.33,0.25,18.66,0.24,213.33,0.26,64.94,0.27,121.05,0.01,0.01,2316.20476,1776207177000
1776207179.513,179.513,0.74,64.94,0.73,121.05,0.75,18.66,0.76,213.33,0.25,18.66,0.24,213.33,0.26,64.94,0.27,121.05,0.01,0.01,2316.20527,1776207178000
1776207180.112,180.112,0.74,64.94,0.73,121.05,0.75,18.66,0.76,213.33,0.25,18.66,0.24,213.33,0.26,64.94,0.27,121.05,0.01,0.01,2316.20527,1776207179000
1776207181.087,181.087,0.75,137.64,0.74,58.61,0.76,207.76,0.77,10.0,0.25,18.66,0.24,213.33,0.26,64.94,0.27,121.05,0.01,0.01,2316.20527,1776207179000
1776207181.77,181.77,0.75,112.64,0.74,58.61,0.76,205.0,0.77,10.0,0.24,206.44,0.23,10.0,0.25,133.64,0.26,58.61,0.01,0.01,2316.20416,1776207180000
1776207182.868,182.868,0.75,42.14,0.74,58.61,0.76,211.8,0.77,30.5,0.24,205.0,0.23,10.0,0.25,112.64,0.26,58.61,0.01,0.01,2316.20416,1776207180000
1776207183.806,183.806,0.75,42.14,0.74,58.61,0.76,211.8,0.77,30.5,0.24,211.8,0.23,30.5,0.25,42.14,0.26,58.61,0.01,0.01,2316.25121,1776207182000
1776207184.103,184.103,0.75,72.64,0.74,74.61,0.76,185.75,0.77,10.0,0.24,224.48,0.23,10.0,0.25,52.64,0.26,68.61,0.01,0.01,2316.25121,1776207182000
1776207184.851,184.851,0.75,72.64,0.74,74.61,0.76,185.75,0.77,10.0,0.24,185.75,0.23,10.0,0.25,72.64,0.26,74.61,0.01,0.01,2316.21072,1776207183000
1776207185.597,185.597,0.75,89.73,0.74,51.8,0.76,139.9,0.77,10.0,0.24,169.34,0.23,10.0,0.25,119.32,0.26,84.8,0.01,0.01,2316.21072,1776207183000
1776207186.397,186.397,0.75,89.73,0.74,51.8,0.76,139.9,0.77,10.0,0.24,139.9,0.23,10.0,0.25,89.73,0.26,51.8,0.01,0.01,2316.194065,1776207185000
1776207187.166,187.166,0.75,109.73,0.74,41.8,0.76,127.58,0.77,10.0,0.24,127.58,0.23,10.0,0.25,109.73,0.26,41.8,0.01,0.01,2316.194065,1776207186000
1776207188.517,188.517,0.75,109.73,0.74,41.8,0.76,127.58,0.77,10.0,0.24,127.58,0.23,10.0,0.25,109.73,0.26,41.8,0.01,0.01,2316.245541,1776207187000
1776207189.204,189.204,0.75,109.73,0.74,41.8,0.76,127.58,0.77,10.0,0.24,127.58,0.23,10.0,0.25,109.73,0.26,41.8,0.01,0.01,2316.22536,1776207188000
1776207190.569,190.569,0.75,109.73,0.74,41.8,0.76,127.58,0.77,10.0,0.24,127.58,0.23,10.0,0.25,109.73,0.26,41.8,0.01,0.01,2316.230765,1776207189000
1776207191.319,191.319,0.77,14.48,0.76,165.14,0.78,40.36,0.79,35.5,0.22,40.36,0.21,35.5,0.23,14.48,0.24,165.14,0.01,0.01,2316.247235,1776207190000
1776207191.942,191.942,0.77,51.4,0.76,90.87,0.78,50.36,0.79,40.5,0.22,40.36,0.21,35.5,0.23,14.48,0.24,165.14,0.01,0.01,2316.247235,1776207190000
1776207193.557,193.557,0.77,47.05,0.76,101.37,0.78,44.86,0.79,40.5,0.22,44.86,0.21,40.5,0.23,47.05,0.24,101.37,0.01,0.01,2316.233725,1776207192000
1776207194.257,194.257,0.77,47.05,0.76,101.37,0.78,44.86,0.79,40.5,0.22,44.86,0.21,40.5,0.23,47.05,0.24,101.37,0.01,0.01,2316.21272,1776207193000
1776207194.806,194.806,0.77,15.48,0.73,62.85,0.78,71.86,0.79,25.0,0.22,44.86,0.21,40.5,0.23,47.05,0.24,101.37,0.01,0.01,2316.21272,1776207193000
1776207195.504,195.504,0.73,55.34,0.71,25.0,0.74,17.75,0.76,30.75,0.26,17.75,0.24,30.75,0.27,55.34,0.29,25.0,0.01,0.01,2316.251355,1776207194000
1776207196.176,196.176,0.73,55.34,0.71,25.0,0.74,17.75,0.76,30.75,0.26,17.75,0.24,30.75,0.27,55.34,0.29,25.0,0.01,0.01,2316.24875,1776207195000
1776207196.548,196.548,0.71,75.0,0.7,185.0,0.72,89.25,0.73,48.5,0.28,99.39,0.27,58.5,0.29,75.0,0.3,185.0,0.01,0.01,2316.24875,1776207195000
1776207197.744,197.744,0.71,75.0,0.7,185.0,0.72,89.25,0.73,48.5,0.28,89.25,0.27,48.5,0.29,75.0,0.3,185.0,0.01,0.01,2315.928134,1776207196000
1776207198.528,198.528,0.71,75.0,0.7,185.0,0.72,89.25,0.73,48.5,0.28,89.25,0.27,48.5,0.29,75.0,0.3,185.0,0.01,0.01,2315.879345,1776207197000
1776207198.763,198.763,0.71,75.0,0.7,185.0,0.72,83.25,0.73,48.5,0.28,89.25,0.27,48.5,0.29,75.0,0.3,185.0,0.01,0.01,2315.879345,1776207197000
1776207199.165,199.165,0.71,75.0,0.7,185.0,0.72,83.25,0.73,48.5,0.28,83.25,0.27,48.5,0.29,75.0,0.3,185.0,0.01,0.01,2315.878005,1776207198000
1776207200.58,200.58,0.71,75.0,0.7,185.0,0.72,83.25,0.73,48.5,0.28,83.25,0.27,48.5,0.29,75.0,0.3,185.0,0.01,0.01,2315.877613,1776207199000
1776207201.085,201.085,0.76,40.0,0.71,261.5,0.78,35.0,0.79,85.0,0.28,83.25,0.27,48.5,0.29,75.0,0.3,185.0,0.02,0.01,2315.877613,1776207199000
1776207201.292,201.292,0.76,40.0,0.71,261.5,0.78,35.0,0.79,85.0,0.22,35.0,0.21,85.0,0.24,40.0,0.29,261.5,0.02,0.02,2315.872328,1776207200000
1776207202.093,202.093,0.79,10.0,0.78,85.0,0.8,22.9,0.81,110.0,0.22,35.0,0.21,85.0,0.24,40.0,0.29,261.5,0.01,0.02,2315.872328,1776207200000
1776207202.438,202.438,0.75,3.51,0.74,95.0,0.8,54.46,0.81,90.31,0.2,18.41,0.19,90.31,0.22,70.0,0.23,145.0,0.05,0.02,2315.872328,1776207200000
1776207202.684,202.684,0.76,25.5,0.75,19.01,0.77,63.57,0.78,10.0,0.2,54.46,0.19,90.31,0.25,3.51,0.26,95.0,0.01,0.05,2315.872328,1776207200000
1776207202.947,202.947,0.76,34.5,0.75,32.01,0.77,39.57,0.78,10.0,0.23,60.57,0.22,10.0,0.24,20.5,0.25,32.01,0.01,0.01,2315.872328,1776207200000
1776207203.512,203.512,0.76,5.0,0.74,91.0,0.77,28.83,0.78,35.5,0.23,14.24,0.22,10.0,0.24,39.5,0.25,27.01,0.01,0.01,2316.168375,1776207202000
1776207203.771,203.771,0.74,101.43,0.73,90.5,0.75,30.95,0.76,20.5,0.25,11.93,0.24,20.5,0.26,78.0,0.27,88.0,0.01,0.01,2316.168375,1776207202000
1776207203.977,203.977,0.74,117.65,0.73,90.5,0.75,13.0,0.77,43.83,0.25,24.93,0.24,20.5,0.26,82.2,0.27,90.5,0.01,0.01,2316.168375,1776207202000
1776207204.782,204.782,0.75,14.5,0.74,204.22,0.76,5.0,0.77,8.33,0.25,13.0,0.23,43.83,0.26,117.65,0.27,90.5,0.01,0.01,2316.26865,1776207203000
1776207205.065,205.065,0.75,83.5,0.74,115.22,0.77,5.0,0.79,20.5,0.23,5.0,0.21,20.5,0.25,83.5,0.26,115.22,0.02,0.02,2316.1879,1776207204000
1776207205.58,205.58,0.75,97.5,0.74,105.22,0.76,8.28,0.77,5.0,0.23,5.0,0.21,20.5,0.25,83.5,0.26,115.22,0.01,0.02,2316.1879,1776207204000
1776207206.179,206.179,0.75,97.5,0.74,105.22,0.76,8.28,0.77,5.0,0.24,8.28,0.23,5.0,0.25,97.5,0.26,105.22,0.01,0.01,2316.13864,1776207205000
1776207206.384,206.384,0.76,98.5,0.75,58.5,0.78,2.93,0.79,20.5,0.23,0.7,0.22,15.5,0.24,98.5,0.25,58.5,0.02,0.01,2316.13864,1776207205000
1776207207.084,207.084,0.75,1.34,0.74,66.22,0.78,21.5,0.79,25.94,0.21,15.94,0.2,10.0,0.23,10.0,0.24,98.5,0.03,0.02,2316.13864,1776207205000
1776207207.304,207.304,0.75,1.34,0.74,66.22,0.78,21.5,0.79,25.94,0.22,21.5,0.21,25.94,0.25,1.34,0.26,66.22,0.03,0.03,2316.151775,1776207206000
1776207207.676,207.676,0.76,5.0,0.75,20.5,0.77,18.52,0.78,23.74,0.22,35.74,0.21,25.94,0.23,16.0,0.25,21.84,0.01,0.01,2316.151775,1776207206000
1776207208.435,208.435,0.76,5.0,0.75,20.5,0.77,18.52,0.78,23.74,0.23,18.52,0.22,23.74,0.24,5.0,0.25,20.5,0.01,0.01,2316.210978,1776207207000
1776207208.955,208.955,0.76,5.0,0.75,20.5,0.77,18.52,0.78,23.74,0.23,18.52,0.22,23.74,0.24,5.0,0.25,20.5,0.01,0.01,2316.210978,1776207208000
1776207209.402,209.402,0.78,156.0,0.77,20.5,0.79,10.5,0.8,8.0,0.23,18.52,0.22,23.74,0.24,5.0,0.25,20.5,0.01,0.01,2316.210978,1776207208000
1776207210.096,210.096,0.78,156.0,0.77,20.5,0.79,10.5,0.8,8.0,0.21,10.5,0.2,8.0,0.22,156.0,0.23,20.5,0.01,0.01,2316.143855,1776207209000
1776207210.677,210.677,0.79,26.52,0.78,27.0,0.8,44.55,0.81,120.0,0.21,10.5,0.2,8.0,0.22,156.0,0.23,20.5,0.01,0.01,2316.143855,1776207209000
1776207211.141,211.141,0.79,26.52,0.78,27.0,0.8,44.55,0.81,120.0,0.2,44.55,0.19,120.0,0.21,26.52,0.22,27.0,0.01,0.01,2316.137235,1776207210000
1776207211.409,211.409,0.78,8.52,0.76,30.5,0.79,19.0,0.8,35.97,0.2,41.97,0.19,120.0,0.22,8.52,0.24,20.5,0.01,0.02,2316.137235,1776207210000
1776207212.173,212.173,0.78,8.52,0.76,76.5,0.79,32.5,0.8,35.97,0.21,19.0,0.2,35.97,0.22,8.52,0.24,30.5,0.01,0.01,2316.137235,1776207210000
1776207212.405,212.405,0.78,8.52,0.76,76.5,0.79,20.72,0.8,30.55,0.21,32.5,0.2,35.97,0.22,8.52,0.24,76.5,0.01,0.01,2316.202195,1776207211000
1776207213.354,213.354,0.78,8.52,0.76,76.5,0.79,20.72,0.8,30.55,0.21,20.72,0.2,30.55,0.22,8.52,0.24,76.5,0.01,0.01,2316.2239,1776207212000
1776207213.978,213.978,0.8,11.0,0.78,64.52,0.81,110.0,0.83,131.0,0.19,110.0,0.17,131.0,0.2,11.0,0.22,64.52,0.01,0.01,2316.22385,1776207213000
1776207215.012,215.012,0.81,0.91,0.8,86.34,0.83,80.0,0.84,120.0,0.17,80.0,0.16,120.0,0.19,0.91,0.2,86.34,0.02,0.02,2316.170055,1776207214000
1776207216.081,216.081,0.81,0.91,0.8,86.34,0.83,80.0,0.84,120.0,0.17,80.0,0.16,120.0,0.19,0.91,0.2,86.34,0.02,0.02,2316.43739,1776207215000
1776207217.219,217.219,0.81,0.91,0.8,86.34,0.83,80.0,0.84,120.0,0.17,80.0,0.16,120.0,0.19,0.91,0.2,86.34,0.02,0.02,2316.486075,1776207216000
1776207217.999,217.999,0.83,98.55,0.82,174.9,0.84,3.78,0.85,30.0,0.17,80.0,0.16,120.0,0.19,0.91,0.2,86.34,0.01,0.02,2316.486075,1776207216000
1776207218.654,218.654,0.83,98.55,0.82,174.9,0.84,3.78,0.85,30.0,0.16,3.78,0.15,30.0,0.17,98.55,0.18,174.9,0.01,0.01,2316.490635,1776207217000
1776207219.386,219.386,0.83,98.55,0.82,174.9,0.84,3.78,0.85,30.0,0.16,3.78,0.15,30.0,0.17,98.55,0.18,174.9,0.01,0.01,2316.520273,1776207218000
1776207220.207,220.207,0.83,103.55,0.82,174.9,0.84,0.03,0.85,30.0,0.16,0.03,0.15,30.0,0.17,103.55,0.18,174.9,0.01,0.01,2316.506085,1776207219000
1776207220.556,220.556,0.83,79.75,0.82,187.07,0.84,0.03,0.85,30.0,0.16,0.03,0.15,30.0,0.17,70.14,0.18,206.42,0.01,0.01,2316.506085,1776207219000
1776207221.333,221.333,0.84,102.3,0.83,173.51,0.85,15.55,0.86,240.0,0.16,0.03,0.15,30.0,0.17,79.75,0.18,187.07,0.01,0.01,2316.506085,1776207219000
1776207221.561,221.561,0.84,102.3,0.83,173.51,0.85,15.55,0.86,240.0,0.15,15.55,0.14,240.0,0.16,102.3,0.17,173.51,0.01,0.01,2316.506035,1776207220000
1776207222.135,222.135,0.84,102.3,0.83,265.5,0.85,2.8,0.86,240.0,0.15,15.55,0.14,240.0,0.16,102.3,0.17,173.51,0.01,0.01,2316.506035,1776207220000
1776207222.45,222.45,0.84,102.3,0.83,265.5,0.85,2.8,0.86,240.0,0.15,2.8,0.14,240.0,0.16,102.3,0.17,265.5,0.01,0.01,2316.506275,1776207221000
1776207222.991,222.991,0.84,102.3,0.83,265.5,0.85,2.8,0.86,240.0,0.15,2.8,0.14,240.0,0.16,102.3,0.17,265.5,0.01,0.01,2316.550705,1776207222000
1776207224.275,224.275,0.84,102.3,0.83,265.5,0.85,2.8,0.86,240.0,0.15,2.8,0.14,240.0,0.16,102.3,0.17,265.5,0.01,0.01,2316.579385,1776207223000
1776207225.482,225.482,0.85,228.49,0.84,92.3,0.87,222.83,0.88,130.0,0.15,2.8,0.14,240.0,0.16,102.3,0.17,265.5,0.02,0.01,2316.579385,1776207223000
1776207226.32,226.32,0.85,228.49,0.84,92.3,0.87,222.83,0.88,130.0,0.13,222.83,0.12,130.0,0.15,228.49,0.16,92.3,0.02,0.02,2316.58738,1776207225000
1776207226.741,226.741,0.86,235.39,0.85,186.41,0.87,148.59,0.88,130.0,0.13,222.83,0.12,130.0,0.15,228.49,0.16,92.3,0.01,0.02,2316.58738,1776207225000
1776207227.582,227.582,0.86,235.39,0.85,186.41,0.87,148.59,0.88,130.0,0.13,148.59,0.12,130.0,0.14,235.39,0.15,186.41,0.01,0.01,2316.651087,1776207226000
1776207228.356,228.356,0.86,245.39,0.85,192.41,0.88,113.74,0.89,35.0,0.12,113.74,0.11,35.0,0.14,245.39,0.15,192.41,0.02,0.02,2316.65717,1776207227000
1776207228.586,228.586,0.87,171.3,0.86,184.05,0.89,30.6,0.9,260.0,0.12,113.74,0.11,35.0,0.14,245.39,0.15,192.41,0.02,0.02,2316.65717,1776207227000
1776207229.005,229.005,0.87,171.3,0.86,184.05,0.89,30.6,0.9,260.0,0.11,30.6,0.1,260.0,0.13,171.3,0.14,184.05,0.02,0.02,2316.661133,1776207228000
1776207229.493,229.493,0.89,236.28,0.88,124.6,0.9,224.41,0.91,35.0,0.1,257.41,0.09,35.0,0.12,311.59,0.13,164.3,0.01,0.02,2316.661133,1776207228000
1776207230.003,230.003,0.88,74.9,0.87,142.3,0.89,25.5,0.9,254.91,0.1,224.41,0.09,35.0,0.11,236.28,0.12,124.6,0.01,0.01,2316.661133,1776207228000
1776207230.368,230.368,0.88,74.9,0.87,142.3,0.89,25.5,0.9,254.91,0.11,25.5,0.1,254.91,0.12,74.9,0.13,142.3,0.01,0.01,2316.741821,1776207229000
1776207231.056,231.056,0.88,74.9,0.87,142.3,0.89,25.5,0.9,254.91,0.11,25.5,0.1,254.91,0.12,74.9,0.13,142.3,0.01,0.01,2316.970503,1776207230000
1776207232.208,232.208,0.88,182.5,0.87,177.3,0.89,5.0,0.9,204.31,0.11,25.5,0.1,254.91,0.12,74.9,0.13,142.3,0.01,0.01,2316.970503,1776207230000
1776207233.121,233.121,0.88,182.5,0.87,177.3,0.89,5.0,0.9,204.31,0.11,5.0,0.1,204.31,0.12,182.5,0.13,177.3,0.01,0.01,2316.678825,1776207232000
1776207233.73,233.73,0.88,132.0,0.87,172.3,0.9,212.86,0.91,45.0,0.11,5.0,0.1,204.31,0.12,182.5,0.13,177.3,0.02,0.01,2316.678825,1776207232000
1776207234.111,234.111,0.88,159.24,0.87,177.3,0.89,9.38,0.9,222.96,0.1,227.96,0.09,57.0,0.12,42.0,0.13,172.3,0.01,0.02,2316.678825,1776207232000
1776207234.998,234.998,0.88,159.24,0.87,177.3,0.89,9.38,0.9,222.96,0.11,9.38,0.1,222.96,0.12,159.24,0.13,177.3,0.01,0.01,2316.8202,1776207233000
1776207235.343,235.343,0.88,161.24,0.87,190.3,0.89,6.28,0.9,222.96,0.11,16.28,0.1,222.96,0.12,146.24,0.13,190.3,0.01,0.01,2316.8202,1776207233000
1776207236.033,236.033,0.88,161.24,0.87,190.3,0.89,6.28,0.9,222.96,0.11,6.28,0.1,222.96,0.12,161.24,0.13,190.3,0.01,0.01,2316.695875,1776207235000
1776207236.953,236.953,0.88,161.24,0.87,190.3,0.89,6.28,0.9,222.96,0.11,6.28,0.1,222.96,0.12,161.24,0.13,190.3,0.01,0.01,2316.63878,1776207236000
1776207238.133,238.133,0.88,176.24,0.87,190.3,0.89,6.62,0.9,222.96,0.11,6.62,0.1,222.96,0.12,176.24,0.13,190.3,0.01,0.01,2316.598265,1776207237000
1776207239.063,239.063,0.88,176.24,0.87,190.3,0.89,6.62,0.9,222.96,0.11,6.62,0.1,222.96,0.12,176.24,0.13,190.3,0.01,0.01,2316.598545,1776207238000
1776207240.185,240.185,0.88,176.24,0.87,190.3,0.89,6.62,0.9,222.96,0.11,6.62,0.1,222.96,0.12,176.24,0.13,190.3,0.01,0.01,2316.674324,1776207239000
1776207240.691,240.691,0.88,15.0,0.87,60.0,0.89,37.49,0.9,117.46,0.11,6.62,0.1,222.96,0.12,176.24,0.13,190.3,0.01,0.01,2316.674324,1776207239000
1776207241.08,241.08,0.87,48.42,0.86,131.0,0.88,10.0,0.89,14.25,0.11,9.25,0.1,117.46,0.13,20.0,0.14,131.0,0.01,0.02,2316.674324,1776207239000
1776207241.296,241.296,0.87,48.42,0.86,131.0,0.88,10.0,0.89,14.25,0.12,10.0,0.11,14.25,0.13,48.42,0.14,131.0,0.01,0.01,2316.602529,1776207240000
1776207241.876,241.876,0.87,58.42,0.86,238.34,0.89,9.13,0.9,133.46,0.12,1.4,0.11,14.25,0.13,43.42,0.14,141.0,0.02,0.01,2316.602529,1776207240000
1776207242.272,242.272,0.88,22.35,0.87,30.0,0.9,131.48,0.91,47.0,0.1,131.48,0.09,47.0,0.12,22.35,0.13,30.0,0.02,0.02,2316.59899,1776207241000
1776207243.203,243.203,0.88,32.35,0.87,20.0,0.89,8.2,0.9,131.48,0.11,8.2,0.1,131.48,0.12,32.35,0.13,20.0,0.01,0.01,2316.477193,1776207242000
1776207244.196,244.196,0.88,32.35,0.87,20.0,0.89,8.2,0.9,131.48,0.11,8.2,0.1,131.48,0.12,32.35,0.13,20.0,0.01,0.01,2316.423855,1776207243000
1776207245.227,245.227,0.88,32.35,0.87,20.0,0.89,8.2,0.9,131.48,0.11,8.2,0.1,131.48,0.12,32.35,0.13,20.0,0.01,0.01,2316.418101,1776207244000
1776207246.304,246.304,0.88,32.35,0.87,20.0,0.89,8.2,0.9,131.48,0.11,8.2,0.1,131.48,0.12,32.35,0.13,20.0,0.01,0.01,2316.385394,1776207245000
1776207247.333,247.333,0.88,32.35,0.87,20.0,0.89,8.2,0.9,131.48,0.11,8.2,0.1,131.48,0.12,32.35,0.13,20.0,0.01,0.01,2316.383118,1776207246000
1776207248.462,248.462,0.88,32.35,0.87,20.0,0.89,8.2,0.9,131.48,0.11,8.2,0.1,131.48,0.12,32.35,0.13,20.0,0.01,0.01,2316.383106,1776207247000
1776207249.022,249.022,0.88,32.35,0.87,20.0,0.89,8.2,0.9,131.48,0.11,8.2,0.1,131.48,0.12,32.35,0.13,20.0,0.01,0.01,2316.401104,1776207248000
1776207250.148,250.148,0.88,32.35,0.87,20.0,0.89,8.2,0.9,131.48,0.11,8.2,0.1,131.48,0.12,32.35,0.13,20.0,0.01,0.01,2316.402171,1776207249000
1776207251.231,251.231,0.88,32.35,0.87,20.0,0.89,8.2,0.9,131.48,0.11,8.2,0.1,131.48,0.12,32.35,0.13,20.0,0.01,0.01,2316.419521,1776207250000
1776207252.186,252.186,0.86,27.0,0.85,60.0,0.87,30.5,0.88,48.0,0.13,20.5,0.12,48.0,0.14,16.0,0.15,60.0,0.01,0.01,2316.419521,1776207250000
1776207253.381,253.381,0.86,27.0,0.85,60.0,0.87,30.5,0.88,48.0,0.13,30.5,0.12,48.0,0.14,27.0,0.15,60.0,0.01,0.01,2316.121465,1776207252000
1776207254.018,254.018,0.86,27.0,0.85,60.0,0.87,30.5,0.88,48.0,0.13,30.5,0.12,48.0,0.14,27.0,0.15,60.0,0.01,0.01,2316.116944,1776207253000
1776207255.128,255.128,0.86,27.0,0.85,60.0,0.87,30.5,0.88,48.0,0.13,30.5,0.12,48.0,0.14,27.0,0.15,60.0,0.01,0.01,2316.05982,1776207254000
1776207255.537,255.537,0.84,75.0,0.83,93.22,0.85,14.12,0.86,10.0,0.13,30.5,0.12,48.0,0.14,27.0,0.15,60.0,0.01,0.01,2316.05982,1776207254000
1776207256.123,256.123,0.84,75.0,0.83,96.71,0.85,8.17,0.86,20.0,0.15,14.12,0.14,10.0,0.16,75.0,0.17,93.22,0.01,0.01,2316.05982,1776207254000
1776207256.978,256.978,0.84,83.72,0.83,60.0,0.86,39.9,0.87,89.3,0.15,8.17,0.14,20.0,0.16,75.0,0.17,96.71,0.02,0.01,2316.045088,1776207255000
1776207257.179,257.179,0.84,83.72,0.83,60.0,0.86,39.9,0.87,89.3,0.14,39.9,0.13,89.3,0.16,83.72,0.17,60.0,0.02,0.02,2316.01682,1776207256000
1776207257.974,257.974,0.84,78.72,0.83,60.0,0.86,74.9,0.87,62.3,0.14,39.9,0.13,89.3,0.16,83.72,0.17,60.0,0.02,0.02,2316.01682,1776207256000
1776207258.3,258.3,0.84,63.34,0.83,60.0,0.85,10.0,0.86,74.9,0.15,10.0,0.14,74.9,0.16,63.34,0.17,60.0,0.01,0.01,2315.962669,1776207257000
1776207259.057,259.057,0.85,57.86,0.84,68.34,0.86,53.38,0.87,72.3,0.15,10.0,0.14,74.9,0.16,63.34,0.17,60.0,0.01,0.01,2315.962669,1776207257000
1776207259.274,259.274,0.85,62.86,0.84,68.34,0.86,43.3,0.87,72.3,0.14,53.38,0.13,72.3,0.15,57.86,0.16,68.34,0.01,0.01,2315.962669,1776207257000
1776207260.213,260.213,0.85,62.86,0.84,68.34,0.86,39.23,0.87,72.3,0.14,30.82,0.13,72.3,0.15,62.86,0.16,68.34,0.01,0.01,2315.960915,1776207258000
1776207261.067,261.067,0.85,47.86,0.84,68.34,0.86,34.23,0.87,78.3,0.14,39.23,0.13,72.3,0.15,62.86,0.16,68.34,0.01,0.01,2315.957561,1776207259000
1776207261.333,261.333,0.85,47.86,0.84,68.34,0.86,34.23,0.87,78.3,0.14,34.23,0.13,78.3,0.15,47.86,0.16,68.34,0.01,0.01,2315.956445,1776207260000
1776207262.155,262.155,0.86,120.44,0.85,33.0,0.87,22.54,0.88,58.1,0.13,37.8,0.12,58.1,0.15,72.19,0.16,73.34,0.01,0.02,2315.956445,1776207260000
1776207262.402,262.402,0.86,125.44,0.85,33.0,0.87,18.79,0.88,58.1,0.13,20.0,0.12,58.1,0.14,130.44,0.15,33.0,0.01,0.01,2315.956445,1776207260000
1776207262.625,262.625,0.87,10.0,0.86,125.44,0.88,78.85,0.89,36.79,0.13,6.31,0.12,70.1,0.14,130.44,0.15,33.0,0.01,0.01,2315.948139,1776207261000
1776207262.907,262.907,0.87,10.0,0.86,125.44,0.88,76.46,0.89,36.79,0.12,77.6,0.11,36.79,0.13,10.0,0.14,125.44,0.01,0.01,2315.948139,1776207261000
1776207263.436,263.436,0.87,115.63,0.86,40.0,0.88,38.16,0.89,36.79,0.12,73.5,0.11,36.79,0.13,110.63,0.14,45.0,0.01,0.01,2315.953508,1776207262000
1776207263.755,263.755,0.87,120.63,0.86,30.0,0.88,33.86,0.89,36.79,0.12,38.16,0.11,36.79,0.13,115.63,0.14,40.0,0.01,0.01,2315.953508,1776207262000
1776207264.173,264.173,0.87,130.63,0.86,30.0,0.88,18.05,0.89,41.79,0.12,32.61,0.11,36.79,0.13,125.63,0.14,30.0,0.01,0.01,2315.953508,1776207262000
1776207264.566,264.566,0.87,120.63,0.86,30.0,0.88,6.68,0.89,41.79,0.12,18.05,0.11,41.79,0.13,130.63,0.14,30.0,0.01,0.01,2316.0101,1776207263000
1776207265.459,265.459,0.87,120.63,0.86,30.0,0.88,6.68,0.89,41.79,0.12,6.68,0.11,41.79,0.13,120.63,0.14,30.0,0.01,0.01,2316.00763,1776207264000
1776207266.016,266.016,0.87,107.63,0.86,15.0,0.88,5.54,0.89,5.0,0.12,5.54,0.11,5.0,0.13,107.63,0.14,15.0,0.01,0.01,2316.007705,1776207265000
1776207266.545,266.545,0.91,181.99,0.9,207.0,0.92,0.76,0.93,40.09,0.1,50.0,0.09,25.0,0.12,222.99,0.13,182.83,0.01,0.02,2316.007705,1776207265000
1776207266.977,266.977,0.91,126.99,0.9,207.0,0.92,0.1,0.93,40.09,0.08,0.1,0.07,40.09,0.09,186.99,0.1,207.0,0.01,0.01,2316.007705,1776207265000
1776207267.178,267.178,0.91,133.99,0.9,207.0,0.92,0.1,0.93,40.09,0.08,0.1,0.07,40.09,0.09,133.99,0.1,207.0,0.01,0.01,2316.02074,1776207266000
1776207267.406,267.406,0.91,123.11,0.9,207.0,0.92,0.1,0.93,40.09,0.08,0.1,0.07,40.09,0.09,133.99,0.1,207.0,0.01,0.01,2316.02074,1776207266000
1776207268.306,268.306,0.91,123.11,0.9,207.0,0.92,0.1,0.93,40.09,0.08,0.1,0.07,40.09,0.09,123.11,0.1,207.0,0.01,0.01,2316.083085,1776207267000
1776207269.6,269.6,0.91,123.11,0.9,207.0,0.92,0.1,0.93,40.09,0.08,0.1,0.07,40.09,0.09,123.11,0.1,207.0,0.01,0.01,2316.20324,1776207268000
1776207270.169,270.169,0.91,123.11,0.9,207.0,0.92,0.1,0.93,40.09,0.08,0.1,0.07,40.09,0.09,123.11,0.1,207.0,0.01,0.01,2316.221475,1776207269000
1776207271.291,271.291,0.92,193.51,0.91,195.11,0.94,153.96,0.95,50.0,0.06,153.96,0.05,50.0,0.08,193.51,0.09,195.11,0.02,0.02,2316.26868,1776207270000
1776207271.98,271.98,0.93,214.46,0.92,176.99,0.94,31.19,0.95,50.0,0.06,153.96,0.05,50.0,0.08,193.51,0.09,195.11,0.01,0.02,2316.26868,1776207270000
1776207272.434,272.434,0.93,46.71,0.92,176.99,0.94,14.36,0.95,50.0,0.06,14.36,0.05,50.0,0.07,46.71,0.08,176.99,0.01,0.01,2316.33186,1776207271000
1776207273.178,273.178,0.93,46.71,0.92,176.99,0.94,14.36,0.95,50.0,0.06,14.36,0.05,50.0,0.07,46.71,0.08,176.99,0.01,0.01,2316.33073,1776207272000
1776207273.946,273.946,0.93,186.79,0.92,213.89,0.94,4.5,0.95,60.0,0.06,14.36,0.05,50.0,0.07,46.71,0.08,176.99,0.01,0.01,2316.33073,1776207272000
1776207274.227,274.227,0.93,186.79,0.92,213.89,0.94,4.5,0.95,60.0,0.06,4.5,0.05,60.0,0.07,186.79,0.08,213.89,0.01,0.01,2316.376775,1776207273000
1776207275.4,275.4,0.93,186.79,0.92,213.89,0.94,4.5,0.95,60.0,0.06,4.5,0.05,60.0,0.07,186.79,0.08,213.89,0.01,0.01,2316.35852,1776207274000
1776207275.885,275.885,0.93,133.78,0.92,30.0,0.94,3.43,0.95,50.0,0.06,4.5,0.05,60.0,0.07,186.79,0.08,213.89,0.01,0.01,2316.35852,1776207274000
1776207277.221,277.221,0.93,156.34,0.92,130.86,0.94,1.3,0.95,50.0,0.06,3.43,0.05,50.0,0.07,133.78,0.08,30.0,0.01,0.01,2316.35852,1776207275000
1776207277.45,277.45,0.94,21.0,0.93,242.99,0.95,17.2,0.96,130.0,0.06,1.3,0.05,50.0,0.07,156.34,0.08,130.86,0.01,0.01,2316.35852,1776207275000
1776207277.673,277.673,0.94,76.0,0.93,242.99,0.95,1.39,0.96,140.0,0.05,6.66,0.04,140.0,0.06,81.0,0.07,242.99,0.01,0.01,2316.278455,1776207276000
1776207278.166,278.166,0.94,76.0,0.93,242.99,0.95,1.39,0.96,140.0,0.05,1.39,0.04,140.0,0.06,76.0,0.07,242.99,0.01,0.01,2316.27845,1776207277000
1776207278.448,278.448,0.95,146.48,0.94,157.34,0.96,34.0,0.97,96.0,0.04,34.0,0.03,96.0,0.05,142.74,0.06,60.0,0.01,0.01,2316.27845,1776207277000
1776207278.908,278.908,0.95,141.48,0.94,165.99,0.96,18.79,0.97,96.0,0.04,34.0,0.03,96.0,0.05,146.48,0.06,157.34,0.01,0.01,2316.27845,1776207277000
1776207279.236,279.236,0.95,146.48,0.94,165.99,0.96,11.79,0.97,96.0,0.04,11.79,0.03,96.0,0.05,146.48,0.06,165.99,0.01,0.01,2316.29112,1776207278000
1776207279.467,279.467,0.95,146.48,0.94,202.99,0.96,20.74,0.97,96.0,0.04,11.79,0.03,96.0,0.05,146.48,0.06,165.99,0.01,0.01,2316.29112,1776207278000
1776207279.673,279.673,0.95,276.47,0.94,105.65,0.97,94.12,0.98,264.0,0.04,18.12,0.03,96.0,0.05,276.47,0.06,105.65,0.02,0.01,2316.29112,1776207278000
1776207280.241,280.241,0.96,205.56,0.95,73.74,0.97,92.05,0.98,214.0,0.03,94.12,0.02,264.0,0.05,276.47,0.06,105.65,0.01,0.02,2316.29112,1776207278000
1776207280.655,280.655,0.96,210.56,0.95,203.73,0.97,81.94,0.98,214.0,0.03,92.05,0.02,214.0,0.04,205.56,0.05,73.74,0.01,0.01,2316.39733,1776207279000
1776207280.903,280.903,0.96,210.56,0.95,203.73,0.97,81.94,0.98,214.0,0.03,81.94,0.02,214.0,0.04,210.56,0.05,203.73,0.01,0.01,2316.39871,1776207280000
1776207281.488,281.488,0.96,220.56,0.95,189.73,0.97,62.13,0.98,214.0,0.03,81.94,0.02,214.0,0.04,210.56,0.05,203.73,0.01,0.01,2316.39871,1776207280000
1776207281.874,281.874,0.96,220.56,0.95,189.73,0.97,62.13,0.98,214.0,0.03,62.13,0.02,214.0,0.04,220.56,0.05,189.73,0.01,0.01,2316.42391,1776207281000
1776207282.436,282.436,0.96,215.56,0.95,177.73,0.97,21.13,0.98,214.0,0.03,62.13,0.02,214.0,0.04,220.56,0.05,189.73,0.01,0.01,2316.42391,1776207281000
1776207282.698,282.698,0.96,214.43,0.95,205.73,0.97,21.13,0.98,214.0,0.03,21.13,0.02,214.0,0.04,215.56,0.05,177.73,0.01,0.01,2316.42391,1776207281000
1776207283.967,283.967,0.96,214.43,0.95,205.73,0.97,21.13,0.98,214.0,0.03,21.13,0.02,214.0,0.04,214.43,0.05,205.73,0.01,0.01,2316.45093,1776207283000
1776207284.183,284.183,0.96,333.42,0.95,108.39,0.97,10.82,0.98,214.0,0.03,21.13,0.02,214.0,0.04,214.43,0.05,205.73,0.01,0.01,2316.45093,1776207283000
1776207284.545,284.545,0.96,358.42,0.95,108.39,0.97,0.82,0.98,214.0,0.03,0.82,0.02,214.0,0.04,333.42,0.05,108.39,0.01,0.01,2316.45093,1776207283000
1776207284.854,284.854,0.97,9.18,0.96,354.42,0.98,214.0,0.99,1426.0,0.03,0.82,0.02,214.0,0.04,358.42,0.05,108.39,0.01,0.01,2316.45093,1776207283000
1776207285.245,285.245,0.97,9.18,0.96,354.42,0.98,214.0,0.99,1426.0,0.02,214.0,0.01,1426.0,0.03,9.18,0.04,354.42,0.01,0.01,2316.41452,1776207284000
1776207285.594,285.594,0.97,228.05,0.96,136.21,0.98,204.0,0.99,1426.0,0.02,214.0,0.01,1426.0,0.03,9.18,0.04,354.42,0.01,0.01,2316.41452,1776207284000
1776207285.933,285.933,0.97,209.57,0.96,162.99,0.98,154.0,0.99,1426.0,0.02,204.0,0.01,1436.0,0.03,204.57,0.04,166.86,0.01,0.01,2316.41452,1776207284000
1776207286.229,286.229,0.97,209.57,0.96,162.99,0.98,154.0,0.99,1426.0,0.02,154.0,0.01,1426.0,0.03,209.57,0.04,162.99,0.01,0.01,2316.480353,1776207285000
1776207286.769,286.769,0.97,214.57,0.96,177.99,0.98,125.87,0.99,1426.0,0.02,154.0,0.01,1426.0,0.03,209.57,0.04,162.99,0.01,0.01,2316.480353,1776207285000
1776207287.21,287.21,0.97,214.57,0.96,177.99,0.98,125.87,0.99,1426.0,0.02,125.87,0.01,1426.0,0.03,214.57,0.04,177.99,0.01,0.01,2316.467391,1776207286000
1776207288.511,288.511,0.97,348.56,0.96,100.65,0.98,80.51,0.99,1426.0,0.02,115.87,0.01,1426.0,0.03,199.57,0.04,197.99,0.01,0.01,2316.467391,1776207286000
1776207289.06,289.06,0.97,348.56,0.96,100.65,0.98,80.51,0.99,1426.0,0.02,80.51,0.01,1426.0,0.03,348.56,0.04,100.65,0.01,0.01,2316.373467,1776207287000
1776207289.679,289.679,0.97,354.56,0.96,100.65,0.98,75.51,0.99,1426.0,0.02,75.51,0.01,1426.0,0.03,354.56,0.04,100.65,0.01,0.01,2316.34437,1776207288000
1776207290.248,290.248,0.97,349.56,0.96,100.65,0.98,70.42,0.99,1426.0,0.02,70.42,0.01,1426.0,0.03,349.56,0.04,100.65,0.01,0.01,2316.3445,1776207289000
1776207291.526,291.526,0.97,233.17,0.96,100.65,0.98,69.39,0.99,1426.0,0.02,70.42,0.01,1426.0,0.03,349.56,0.04,100.65,0.01,0.01,2316.3445,1776207289000
1776207291.779,291.779,0.97,218.17,0.96,120.65,0.98,54.18,0.99,1426.0,0.02,64.39,0.01,1433.0,0.03,238.17,0.04,100.65,0.01,0.01,2316.34574,1776207290000
1776207292.09,292.09,0.97,203.17,0.96,102.0,0.98,44.18,0.99,1426.0,0.02,54.18,0.01,1426.0,0.03,218.17,0.04,120.65,0.01,0.01,2316.34574,1776207290000
1776207292.352,292.352,0.97,239.17,0.96,112.0,0.98,43.15,0.99,1426.0,0.02,44.18,0.01,1426.0,0.03,203.17,0.04,102.0,0.01,0.01,2316.345755,1776207291000
1776207292.674,292.674,0.97,239.17,0.96,112.0,0.98,38.04,0.99,1426.0,0.02,43.15,0.01,1426.0,0.03,239.17,0.04,112.0,0.01,0.01,2316.345755,1776207291000
1776207293.204,293.204,0.97,239.17,0.96,112.0,0.98,38.04,0.99,1426.0,0.02,38.04,0.01,1426.0,0.03,239.17,0.04,112.0,0.01,0.01,2316.340865,1776207292000
1776207293.528,293.528,0.97,244.17,0.96,112.0,0.98,19.72,0.99,1433.0,0.02,11.77,0.01,1426.0,0.03,244.17,0.04,112.0,0.01,0.01,2316.340865,1776207292000
1776207293.813,293.813,0.97,244.17,0.96,112.0,0.98,14.61,0.99,1426.0,0.02,19.72,0.01,1433.0,0.03,244.17,0.04,112.0,0.01,0.01,2316.340865,1776207292000
1776207294.328,294.328,0.97,244.17,0.96,112.0,0.98,14.61,0.99,1426.0,0.02,14.61,0.01,1426.0,0.03,244.17,0.04,112.0,0.01,0.01,2316.345865,1776207293000
1776207294.678,294.678,0.97,287.17,0.96,96.0,0.98,9.56,0.99,1273.0,0.02,14.61,0.01,1426.0,0.03,244.17,0.04,112.0,0.01,0.01,2316.345865,1776207293000
1776207294.967,294.967,0.97,292.17,0.96,96.0,0.99,1255.26,,,0.02,9.56,0.01,1273.0,0.03,287.17,0.04,96.0,0.02,0.01,2316.345865,1776207293000
1776207295.239,295.239,0.98,318.54,0.97,89.18,0.99,1145.26,,,0.01,1255.26,,,0.03,292.17,0.04,96.0,0.01,0.02,2316.345865,1776207293000
1776207295.566,295.566,0.98,358.32,0.97,89.18,0.99,1058.21,,,0.01,1068.21,,,0.02,323.54,0.03,89.18,0.01,0.01,2316.339565,1776207294000
1776207295.806,295.806,0.98,358.32,0.97,89.18,0.99,650.21,,,0.01,1050.21,,,0.02,358.32,0.03,89.18,0.01,0.01,2316.339565,1776207294000
1776207296.08,296.08,0.98,247.99,0.97,89.18,0.99,628.21,,,0.01,630.21,,,0.02,363.32,0.03,89.18,0.01,0.01,2316.351115,1776207295000
1776207296.385,296.385,0.98,401.99,0.97,70.18,0.99,628.21,,,0.01,628.21,,,0.02,247.99,0.03,89.18,0.01,0.01,2316.351115,1776207295000
1776207296.672,296.672,0.98,470.99,0.97,70.18,0.99,579.84,,,0.01,581.84,,,0.02,401.99,0.03,70.18,0.01,0.01,2316.351115,1776207295000
1776207296.879,296.879,0.98,470.99,0.97,70.18,0.99,579.84,,,0.01,579.84,,,0.02,470.99,0.03,70.18,0.01,0.01,2316.32685,1776207296000
1776207297.328,297.328,0.98,465.99,0.97,58.18,0.99,516.68,,,0.01,529.82,,,0.02,470.99,0.03,58.18,0.01,0.01,2316.32685,1776207296000
1776207297.616,297.616,0.99,2866.41,0.98,224.0,,,,,,,,,0.02,465.99,0.03,58.18,,,2316.32685,1776207296000
1776207297.843,297.843,0.99,2967.44,0.98,219.0,,,,,,,,,0.01,2967.44,0.02,219.0,,,2316.35098,1776207297000
1776207298.07,298.07,0.99,3537.63,0.98,343.65,,,,,,,,,0.01,2967.44,0.02,219.0,,,2316.35098,1776207297000
1776207298.852,298.852,0.99,3537.63,0.98,343.65,,,,,,,,,0.01,3537.63,0.02,343.65,,,2316.331645,1776207298000
1776207299.75,299.75,0.99,3537.63,0.98,343.65,,,,,,,,,0.01,3537.63,0.02,343.65,,,2316.351645,1776207299000
1776207300.387,300.387,0.99,58563.89,0.98,331.0,,,,,,,,,0.01,3537.63,0.02,343.65,,,2316.351645,1776207299000
1776207300.822,300.822,0.99,58563.89,0.98,331.0,,,,,,,,,0.01,58563.89,0.02,331.0,,,2316.346615,1776207300000
1776207301.794,301.794,0.99,58563.89,0.98,331.0,,,,,,,,,0.01,58563.89,0.02,331.0,,,2316.346215,1776207301000
1776207302.976,302.976,0.99,58563.89,0.98,331.0,,,,,,,,,0.01,58563.89,0.02,331.0,,,2316.31536,1776207302000

# RESULT,winner=Up,slug=eth-updown-5m-1776207000,ticks=505
