timestamp,elapsed_sec,up_bid_p1,up_bid_s1,up_bid_p2,up_bid_s2,up_ask_p1,up_ask_s1,up_ask_p2,up_ask_s2,down_bid_p1,down_bid_s1,down_bid_p2,down_bid_s2,down_ask_p1,down_ask_s1,down_ask_p2,down_ask_s2,up_spread,down_spread,eth_price,eth_oracle_ts
1776236111.249,11.249,,,,,,,,,,,,,,,,,,,2317.74758,1776236110000
1776236111.778,11.778,0.45,15.0,0.44,20.0,0.46,8.86,0.47,113.0,0.54,3.86,0.53,113.0,0.55,20.0,0.56,20.0,0.01,0.01,2317.74758,1776236110000
1776236112.379,12.379,0.45,15.0,0.44,20.0,0.46,8.86,0.47,113.0,0.54,8.86,0.53,113.0,0.55,15.0,0.56,20.0,0.01,0.01,2317.730315,1776236111000
1776236113.01,13.01,0.45,15.0,0.44,20.0,0.46,8.86,0.47,113.0,0.54,8.86,0.53,113.0,0.55,15.0,0.56,20.0,0.01,0.01,2317.730289,1776236112000
1776236113.585,13.585,0.44,5.0,0.43,18.88,0.46,199.47,0.47,123.0,0.54,8.86,0.53,113.0,0.55,15.0,0.56,20.0,0.02,0.01,2317.730289,1776236112000
1776236114.278,14.278,0.44,5.0,0.43,18.88,0.46,199.47,0.47,123.0,0.54,199.47,0.53,123.0,0.56,5.0,0.57,18.88,0.02,0.02,2317.733811,1776236113000
1776236115.461,15.461,0.44,5.0,0.43,18.88,0.46,199.47,0.47,123.0,0.54,199.47,0.53,123.0,0.56,5.0,0.57,18.88,0.02,0.02,2317.696939,1776236114000
1776236116.151,16.151,0.44,20.0,0.43,12.88,0.45,25.0,0.46,265.47,0.55,25.0,0.54,265.47,0.56,20.0,0.57,12.88,0.01,0.01,2317.687364,1776236115000
1776236116.369,16.369,0.38,8.51,0.37,15.0,0.4,20.0,0.41,15.0,0.6,10.0,0.59,15.0,0.61,1.75,0.62,20.0,0.02,0.01,2317.687364,1776236115000
1776236117.406,17.406,0.38,1.7,0.37,15.0,0.39,5.0,0.4,5.0,0.61,5.0,0.6,5.0,0.62,1.7,0.63,15.0,0.01,0.01,2317.715845,1776236116000
1776236117.84,17.84,0.36,19.33,0.32,15.0,0.37,70.99,0.38,128.0,0.61,5.0,0.6,5.0,0.62,1.7,0.63,15.0,0.01,0.01,2317.715845,1776236116000
1776236118.226,18.226,0.32,30.0,0.31,20.0,0.33,4.85,0.34,15.0,0.63,85.99,0.62,128.0,0.68,15.0,0.69,15.0,0.01,0.05,2317.675052,1776236117000
1776236118.642,18.642,0.31,20.0,0.3,85.0,0.33,25.0,0.34,10.0,0.67,4.85,0.66,15.0,0.68,30.0,0.69,20.0,0.02,0.01,2317.675052,1776236117000
1776236118.964,18.964,0.31,36.0,0.3,90.0,0.33,15.0,0.34,10.0,0.67,25.0,0.66,10.0,0.69,20.0,0.7,85.0,0.02,0.02,2317.675052,1776236117000
1776236119.239,19.239,0.31,34.4,0.3,90.0,0.33,15.0,0.34,10.0,0.67,15.0,0.66,10.0,0.69,34.4,0.7,90.0,0.02,0.02,2317.591974,1776236118000
1776236119.666,19.666,0.32,12.0,0.31,44.4,0.33,5.0,0.34,10.0,0.67,5.0,0.66,39.99,0.69,49.4,0.7,100.0,0.01,0.02,2317.591974,1776236118000
1776236120.001,20.001,0.34,7.48,0.33,16.0,0.35,29.99,0.36,10.22,0.65,34.99,0.64,10.22,0.66,12.48,0.67,16.0,0.01,0.01,2317.591974,1776236118000
1776236120.362,20.362,0.34,7.48,0.33,16.0,0.35,29.99,0.36,10.22,0.65,29.99,0.64,10.22,0.66,7.48,0.67,16.0,0.01,0.01,2317.341083,1776236119000
1776236120.726,20.726,0.34,4.14,0.33,16.0,0.36,10.22,0.37,85.14,0.65,15.0,0.64,10.22,0.66,9.14,0.67,16.0,0.02,0.01,2317.341083,1776236119000
1776236120.96,20.96,0.34,4.14,0.33,16.0,0.36,10.22,0.37,85.14,0.64,10.22,0.63,85.14,0.66,4.14,0.67,16.0,0.02,0.02,2317.207613,1776236120000
1776236121.252,21.252,0.33,21.0,0.32,10.0,0.35,38.0,0.36,39.99,0.64,10.22,0.63,85.14,0.66,4.14,0.67,16.0,0.02,0.02,2317.207613,1776236120000
1776236121.79,21.79,0.33,16.0,0.32,15.0,0.35,20.0,0.36,10.0,0.65,38.0,0.64,39.99,0.67,21.0,0.68,10.0,0.02,0.02,2317.207613,1776236120000
1776236122.507,22.507,0.3,60.0,0.29,10.0,0.31,20.0,0.32,16.0,0.65,20.0,0.64,10.0,0.67,16.0,0.68,15.0,0.01,0.02,2317.207613,1776236120000
1776236123.022,23.022,0.3,85.0,0.29,15.0,0.31,11.77,0.32,22.0,0.69,20.0,0.68,16.0,0.7,60.0,0.71,10.0,0.01,0.01,2317.153586,1776236121000
1776236123.52,23.52,0.3,85.0,0.29,15.0,0.31,11.77,0.32,22.0,0.69,11.77,0.68,22.0,0.7,85.0,0.71,15.0,0.01,0.01,2317.148502,1776236122000
1776236124.328,24.328,0.3,85.0,0.29,15.0,0.31,11.77,0.32,22.0,0.69,11.77,0.68,22.0,0.7,85.0,0.71,15.0,0.01,0.01,2317.124166,1776236123000
1776236125.787,25.787,0.3,132.0,0.29,20.0,0.34,5.0,0.35,69.99,0.66,5.0,0.65,69.99,0.7,132.0,0.71,20.0,0.04,0.04,2317.095168,1776236124000
1776236126.418,26.418,0.34,65.0,0.33,31.0,0.35,68.99,0.36,19.0,0.65,68.99,0.64,19.0,0.66,65.0,0.67,31.0,0.01,0.01,2317.121381,1776236125000
1776236127.086,27.086,0.34,65.0,0.33,31.0,0.35,68.99,0.36,19.0,0.65,68.99,0.64,19.0,0.66,65.0,0.67,31.0,0.01,0.01,2317.178459,1776236126000
1776236128.327,28.327,0.33,26.0,0.32,26.0,0.35,98.99,0.36,40.52,0.65,68.99,0.64,19.0,0.66,65.0,0.67,31.0,0.02,0.01,2317.178459,1776236126000
1776236128.685,28.685,0.33,46.0,0.32,31.0,0.35,95.36,0.36,29.0,0.65,98.99,0.64,40.52,0.67,26.0,0.68,26.0,0.02,0.02,2317.230984,1776236127000
1776236129.348,29.348,0.33,46.0,0.32,31.0,0.35,95.36,0.36,29.0,0.65,95.36,0.64,29.0,0.67,46.0,0.68,31.0,0.02,0.02,2317.229792,1776236128000
1776236129.832,29.832,0.32,27.27,0.31,80.0,0.35,88.84,0.36,40.52,0.65,95.36,0.64,29.0,0.67,46.0,0.68,31.0,0.03,0.02,2317.229792,1776236128000
1776236130.132,30.132,0.32,27.27,0.31,80.0,0.35,88.84,0.36,40.52,0.65,88.84,0.64,40.52,0.68,27.27,0.69,80.0,0.03,0.03,2317.225194,1776236129000
1776236130.489,30.489,0.32,7.27,0.31,80.0,0.33,15.0,0.34,65.99,0.65,88.84,0.64,40.52,0.68,27.27,0.69,80.0,0.01,0.03,2317.225194,1776236129000
1776236131.507,31.507,0.31,50.16,0.3,75.0,0.33,10.0,0.34,65.99,0.67,10.0,0.66,65.99,0.69,50.16,0.7,75.0,0.02,0.02,2317.198672,1776236130000
1776236132.403,32.403,0.31,70.16,0.3,75.0,0.32,2.5,0.33,20.0,0.68,2.5,0.67,20.0,0.69,70.16,0.7,75.0,0.01,0.01,2317.201458,1776236131000
1776236133.099,33.099,0.31,70.16,0.3,75.0,0.32,2.5,0.33,20.0,0.68,2.5,0.67,20.0,0.69,70.16,0.7,75.0,0.01,0.01,2317.150429,1776236132000
1776236133.89,33.89,0.31,41.17,0.3,85.0,0.32,5.0,0.33,47.99,0.68,2.5,0.67,20.0,0.69,70.16,0.7,75.0,0.01,0.01,2317.150429,1776236132000
1776236134.647,34.647,0.31,41.17,0.3,85.0,0.32,5.0,0.33,47.99,0.68,5.0,0.67,47.99,0.69,41.17,0.7,85.0,0.01,0.01,2317.137419,1776236133000
1776236135.203,35.203,0.31,36.17,0.3,85.0,0.33,6.77,0.34,50.52,0.68,5.0,0.67,47.99,0.69,41.17,0.7,85.0,0.02,0.01,2317.137419,1776236133000
1776236135.431,35.431,0.31,36.17,0.3,85.0,0.33,6.77,0.34,50.52,0.67,6.77,0.66,50.52,0.69,36.17,0.7,85.0,0.02,0.02,2317.134291,1776236134000
1776236136.072,36.072,0.31,36.17,0.3,85.0,0.33,6.77,0.34,50.52,0.67,6.77,0.66,50.52,0.69,36.17,0.7,85.0,0.02,0.02,2317.134925,1776236135000
1776236136.943,36.943,0.32,10.0,0.31,31.17,0.33,43.0,0.34,50.52,0.67,6.77,0.66,50.52,0.69,36.17,0.7,85.0,0.01,0.02,2317.134925,1776236135000
1776236137.389,37.389,0.32,10.0,0.31,31.17,0.33,43.0,0.34,50.52,0.67,43.0,0.66,50.52,0.68,10.0,0.69,31.17,0.01,0.01,2317.165649,1776236136000
1776236137.729,37.729,0.31,11.17,0.3,85.0,0.32,28.0,0.33,28.0,0.67,43.0,0.66,50.52,0.68,10.0,0.69,31.17,0.01,0.01,2317.165649,1776236136000
1776236138.222,38.222,0.31,11.17,0.3,85.0,0.32,28.0,0.33,28.0,0.68,28.0,0.67,28.0,0.69,11.17,0.7,85.0,0.01,0.01,2317.174078,1776236137000
1776236139.296,39.296,0.31,11.17,0.3,85.0,0.32,28.0,0.33,28.0,0.68,28.0,0.67,28.0,0.69,11.17,0.7,85.0,0.01,0.01,2317.172487,1776236138000
1776236140.338,40.338,0.31,11.17,0.3,85.0,0.32,28.0,0.33,28.0,0.68,28.0,0.67,28.0,0.69,11.17,0.7,85.0,0.01,0.01,2317.164942,1776236139000
1776236140.618,40.618,0.3,24.57,0.29,15.0,0.31,63.0,0.32,29.0,0.69,15.0,0.68,61.99,0.7,58.57,0.71,20.0,0.01,0.01,2317.164942,1776236139000
1776236140.923,40.923,0.3,44.57,0.29,20.0,0.31,59.77,0.32,29.0,0.69,63.0,0.68,29.0,0.7,24.57,0.71,15.0,0.01,0.01,2317.164942,1776236139000
1776236141.973,41.973,0.3,44.57,0.29,20.0,0.31,59.77,0.32,29.0,0.69,59.77,0.68,29.0,0.7,44.57,0.71,20.0,0.01,0.01,2317.153256,1776236141000
1776236142.26,42.26,0.31,32.0,0.3,31.0,0.32,4.0,0.33,6.0,0.66,10.0,0.64,8.0,0.7,46.0,0.71,90.0,0.01,0.04,2317.153256,1776236141000
1776236143.018,43.018,0.32,66.0,0.31,47.0,0.34,6.0,0.35,5.0,0.66,6.0,0.65,5.0,0.68,66.0,0.69,47.0,0.02,0.02,2317.148348,1776236142000
1776236143.276,43.276,0.39,10.0,0.38,10.0,0.4,2.57,0.41,5.0,0.66,6.0,0.65,5.0,0.68,66.0,0.69,47.0,0.01,0.02,2317.148348,1776236142000
1776236144.141,44.141,0.41,15.0,0.4,20.0,0.42,1.95,0.44,8.0,0.58,1.95,0.56,8.0,0.59,15.0,0.6,20.0,0.01,0.01,2317.150362,1776236143000
1776236144.462,44.462,0.41,28.3,0.4,20.0,0.42,62.95,0.43,12.0,0.58,1.95,0.56,8.0,0.59,15.0,0.6,20.0,0.01,0.01,2317.150362,1776236143000
1776236145.199,45.199,0.41,44.3,0.4,20.0,0.42,52.66,0.43,12.0,0.58,52.66,0.57,12.0,0.59,44.3,0.6,20.0,0.01,0.01,2317.365309,1776236144000
1776236145.598,45.598,0.41,44.3,0.4,20.0,0.42,42.66,0.43,22.0,0.58,52.66,0.57,12.0,0.59,44.3,0.6,20.0,0.01,0.01,2317.365309,1776236144000
1776236146.175,46.175,0.41,44.3,0.4,20.0,0.42,42.66,0.43,22.0,0.58,42.66,0.57,22.0,0.59,44.3,0.6,20.0,0.01,0.01,2317.541841,1776236145000
1776236147.203,47.203,0.41,44.3,0.4,20.0,0.42,42.66,0.43,22.0,0.58,42.66,0.57,22.0,0.59,44.3,0.6,20.0,0.01,0.01,2317.590614,1776236146000
1776236147.419,47.419,0.41,85.3,0.4,25.0,0.42,23.09,0.43,17.0,0.58,42.66,0.57,22.0,0.59,44.3,0.6,20.0,0.01,0.01,2317.590614,1776236146000
1776236148.309,48.309,0.41,44.3,0.4,25.0,0.42,31.18,0.43,27.0,0.58,23.09,0.57,17.0,0.59,85.3,0.6,25.0,0.01,0.01,2317.590614,1776236146000
1776236149.34,49.34,0.41,44.3,0.4,25.0,0.42,31.18,0.43,27.0,0.58,31.18,0.57,27.0,0.59,44.3,0.6,25.0,0.01,0.01,2317.633718,1776236148000
1776236149.942,49.942,0.41,44.3,0.4,25.0,0.42,31.18,0.43,27.0,0.58,31.18,0.57,27.0,0.59,44.3,0.6,25.0,0.01,0.01,2317.633718,1776236149000
1776236150.802,50.802,0.43,70.0,0.42,59.0,0.45,16.52,0.46,21.0,0.58,31.18,0.57,27.0,0.59,44.3,0.6,25.0,0.02,0.01,2317.633718,1776236149000
1776236151.002,51.002,0.44,45.0,0.43,40.0,0.46,30.52,0.47,30.0,0.54,30.52,0.53,30.0,0.56,45.0,0.57,40.0,0.02,0.02,2317.592308,1776236150000
1776236151.748,51.748,0.45,45.54,0.44,115.0,0.46,24.0,0.47,41.52,0.54,30.52,0.53,30.0,0.56,45.0,0.57,40.0,0.01,0.02,2317.592308,1776236150000
1776236153.261,53.261,0.45,45.54,0.44,105.0,0.46,11.0,0.47,41.52,0.54,24.0,0.53,41.52,0.55,45.54,0.56,115.0,0.01,0.01,2317.587349,1776236151000
1776236153.738,53.738,0.48,5.0,0.47,131.0,0.49,11.52,0.5,31.2,0.54,11.0,0.53,41.52,0.55,45.54,0.56,105.0,0.01,0.01,2317.74855,1776236152000
1776236154.328,54.328,0.5,15.0,0.49,174.0,0.52,2.33,0.53,20.0,0.48,2.33,0.47,20.0,0.5,15.0,0.51,174.0,0.02,0.02,2317.75855,1776236153000
1776236155.131,55.131,0.5,15.0,0.49,174.0,0.52,2.33,0.53,20.0,0.48,2.33,0.47,20.0,0.5,15.0,0.51,174.0,0.02,0.02,2317.757211,1776236154000
1776236156.047,56.047,0.51,28.95,0.5,57.0,0.52,37.33,0.53,30.0,0.48,2.33,0.47,20.0,0.5,15.0,0.51,174.0,0.01,0.02,2317.757211,1776236154000
1776236156.711,56.711,0.51,28.95,0.5,57.0,0.52,37.33,0.53,30.0,0.48,37.33,0.47,30.0,0.49,28.95,0.5,57.0,0.01,0.01,2317.963845,1776236155000
1776236156.952,56.952,0.51,33.95,0.5,25.0,0.52,15.79,0.53,30.0,0.48,37.33,0.47,30.0,0.49,28.95,0.5,57.0,0.01,0.01,2317.963845,1776236155000
1776236157.495,57.495,0.51,49.95,0.5,25.0,0.52,5.98,0.53,30.0,0.48,5.98,0.47,30.0,0.49,49.95,0.5,25.0,0.01,0.01,2317.960573,1776236156000
1776236158.184,58.184,0.51,44.95,0.5,25.0,0.52,0.98,0.53,30.0,0.48,0.98,0.47,30.0,0.49,44.95,0.5,25.0,0.01,0.01,2317.952698,1776236157000
1776236158.975,58.975,0.51,6.0,0.49,10.0,0.52,27.98,0.53,38.0,0.48,0.98,0.47,30.0,0.49,44.95,0.5,25.0,0.01,0.01,2317.952698,1776236157000
1776236159.588,59.588,0.48,5.0,0.47,5.0,0.52,27.98,0.53,38.0,0.48,27.98,0.47,38.0,0.52,5.0,0.53,5.0,0.04,0.04,2317.930065,1776236158000
1776236160.175,60.175,0.48,5.0,0.47,5.0,0.52,27.98,0.53,38.0,0.48,27.98,0.47,38.0,0.52,5.0,0.53,5.0,0.04,0.04,2317.931662,1776236159000
1776236160.484,60.484,0.46,10.0,0.45,5.0,0.48,95.0,0.49,57.0,0.48,27.98,0.47,38.0,0.52,5.0,0.53,5.0,0.02,0.04,2317.931662,1776236159000
1776236161.199,61.199,0.46,15.37,0.45,5.0,0.47,78.0,0.48,52.0,0.52,95.0,0.51,57.0,0.54,10.0,0.55,5.0,0.01,0.02,2317.931662,1776236159000
1776236161.545,61.545,0.46,5.74,0.45,5.0,0.47,78.0,0.48,52.0,0.53,78.0,0.52,52.0,0.54,5.74,0.55,5.0,0.01,0.01,2317.889969,1776236160000
1776236162.116,62.116,0.46,5.74,0.45,5.0,0.47,78.0,0.48,52.0,0.53,78.0,0.52,52.0,0.54,5.74,0.55,5.0,0.01,0.01,2317.856358,1776236161000
1776236163.328,63.328,0.45,9.91,0.44,75.99,0.46,63.0,0.47,52.0,0.53,78.0,0.52,52.0,0.54,5.74,0.55,5.0,0.01,0.01,2317.856358,1776236161000
1776236163.961,63.961,0.45,9.91,0.44,75.99,0.46,63.0,0.47,52.0,0.54,63.0,0.53,52.0,0.55,9.91,0.56,75.99,0.01,0.01,2317.837131,1776236163000
1776236164.949,64.949,0.45,20.0,0.44,85.99,0.46,6.37,0.47,22.0,0.54,63.0,0.53,52.0,0.55,9.91,0.56,75.99,0.01,0.01,2317.837131,1776236163000
1776236165.302,65.302,0.45,20.0,0.44,85.99,0.46,6.37,0.47,22.0,0.54,6.37,0.53,22.0,0.55,20.0,0.56,85.99,0.01,0.01,2317.83713,1776236164000
1776236165.693,65.693,0.4,4.51,0.39,15.0,0.41,82.0,0.42,43.0,0.54,6.37,0.53,22.0,0.55,20.0,0.56,85.99,0.01,0.01,2317.83713,1776236164000
1776236165.962,65.962,0.39,14.27,0.38,62.81,0.41,120.0,0.42,31.0,0.59,82.0,0.58,43.0,0.6,4.51,0.61,15.0,0.02,0.01,2317.83713,1776236164000
1776236166.571,66.571,0.39,14.27,0.38,62.81,0.41,120.0,0.42,31.0,0.59,120.0,0.58,31.0,0.61,14.27,0.62,62.81,0.02,0.02,2317.837854,1776236165000
1776236167.116,67.116,0.39,14.27,0.38,62.81,0.41,120.0,0.42,31.0,0.59,120.0,0.58,31.0,0.61,14.27,0.62,62.81,0.02,0.02,2317.837859,1776236166000
1776236167.544,67.544,0.41,40.81,0.4,112.0,0.44,2.0,0.52,20.0,0.59,120.0,0.58,31.0,0.61,14.27,0.62,62.81,0.03,0.02,2317.837859,1776236166000
1776236167.782,67.782,0.5,36.0,0.49,15.0,0.52,10.0,0.53,15.0,0.5,6.34,0.49,10.0,0.53,70.0,0.55,70.0,0.02,0.03,2317.837859,1776236166000
1776236168.055,68.055,0.51,52.2,0.5,111.0,0.52,10.0,0.53,15.0,0.48,10.0,0.47,15.0,0.5,36.0,0.51,15.0,0.01,0.02,2317.837859,1776236166000
1776236168.358,68.358,0.51,34.79,0.5,111.0,0.52,10.0,0.53,15.0,0.48,10.0,0.47,15.0,0.49,34.79,0.5,111.0,0.01,0.01,2317.654187,1776236167000
1776236168.788,68.788,0.51,38.81,0.5,15.0,0.52,15.0,0.53,90.0,0.48,10.0,0.47,15.0,0.49,34.79,0.5,111.0,0.01,0.01,2317.654187,1776236167000
1776236169.079,69.079,0.51,2.16,0.5,53.81,0.52,25.0,0.53,90.0,0.48,25.0,0.47,90.0,0.49,2.16,0.5,53.81,0.01,0.01,2317.662371,1776236168000
1776236169.957,69.957,0.46,22.4,0.45,103.0,0.5,10.0,0.51,98.0,0.48,25.0,0.47,90.0,0.49,2.16,0.5,53.81,0.04,0.01,2317.662371,1776236168000
1776236170.739,70.739,0.45,85.4,0.44,85.0,0.47,5.0,0.48,21.0,0.53,5.0,0.52,21.0,0.55,85.4,0.56,85.0,0.02,0.02,2317.993221,1776236169000
1776236171.043,71.043,0.45,183.39,0.44,103.0,0.48,11.0,0.49,21.0,0.53,5.0,0.52,21.0,0.55,85.4,0.56,85.0,0.03,0.02,2317.993221,1776236169000
1776236171.373,71.373,0.47,20.0,0.46,79.99,0.48,5.26,0.49,21.0,0.52,5.26,0.51,21.0,0.53,20.0,0.54,79.99,0.01,0.01,2317.984964,1776236170000
1776236171.774,71.774,0.47,82.99,0.46,32.0,0.48,5.89,0.49,21.0,0.52,5.26,0.51,21.0,0.53,20.0,0.54,79.99,0.01,0.01,2317.984964,1776236170000
1776236172.033,72.033,0.47,82.99,0.46,32.0,0.48,5.89,0.49,21.0,0.52,5.89,0.51,21.0,0.53,82.99,0.54,32.0,0.01,0.01,2317.98534,1776236171000
1776236173.257,73.257,0.46,27.0,0.45,12.0,0.48,26.68,0.49,16.0,0.52,5.89,0.51,21.0,0.53,82.99,0.54,32.0,0.02,0.01,2317.98534,1776236171000
1776236173.488,73.488,0.44,67.89,0.43,20.0,0.46,15.0,0.47,56.0,0.53,62.0,0.52,5.68,0.55,12.0,0.56,82.0,0.02,0.02,2317.98534,1776236171000
1776236173.789,73.789,0.44,74.07,0.43,32.0,0.45,49.73,0.46,35.0,0.55,54.73,0.54,35.0,0.56,113.89,0.57,32.0,0.01,0.01,2317.898079,1776236172000
1776236174.293,74.293,0.44,74.07,0.43,32.0,0.45,49.73,0.46,35.0,0.55,49.73,0.54,35.0,0.56,74.07,0.57,32.0,0.01,0.01,2317.965218,1776236173000
1776236174.618,74.618,0.44,45.18,0.43,17.0,0.45,79.73,0.46,30.0,0.55,49.73,0.54,35.0,0.56,74.07,0.57,32.0,0.01,0.01,2317.965218,1776236173000
1776236175.792,75.792,0.44,45.18,0.43,17.0,0.45,79.73,0.46,30.0,0.55,79.73,0.54,30.0,0.56,45.18,0.57,17.0,0.01,0.01,2317.970355,1776236174000
1776236176.602,76.602,0.44,45.18,0.43,17.0,0.45,79.73,0.46,30.0,0.55,79.73,0.54,30.0,0.56,45.18,0.57,17.0,0.01,0.01,2317.800573,1776236175000
1776236177.332,77.332,0.44,45.18,0.43,17.0,0.45,79.73,0.46,30.0,0.55,79.73,0.54,30.0,0.56,45.18,0.57,17.0,0.01,0.01,2317.726908,1776236176000
1776236178.771,78.771,0.44,45.18,0.43,17.0,0.45,79.73,0.46,30.0,0.55,79.73,0.54,30.0,0.56,45.18,0.57,17.0,0.01,0.01,2317.72089,1776236177000
1776236179.196,79.196,0.43,2.92,0.42,22.0,0.44,77.0,0.45,58.73,0.55,79.73,0.54,30.0,0.56,45.18,0.57,17.0,0.01,0.01,2317.72089,1776236177000
1776236179.418,79.418,0.43,2.92,0.42,22.0,0.44,77.0,0.45,58.73,0.56,77.0,0.55,58.73,0.57,2.92,0.58,22.0,0.01,0.01,2317.692114,1776236178000
1776236180.243,80.243,0.43,2.92,0.42,22.0,0.44,77.0,0.45,58.73,0.56,77.0,0.55,58.73,0.57,2.92,0.58,22.0,0.01,0.01,2317.690703,1776236179000
1776236181.068,81.068,0.43,2.92,0.42,22.0,0.44,77.0,0.45,58.73,0.56,77.0,0.55,58.73,0.57,2.92,0.58,22.0,0.01,0.01,2317.699289,1776236180000
1776236181.891,81.891,0.4,15.0,0.39,17.0,0.42,82.0,0.43,20.0,0.56,77.0,0.55,58.73,0.57,2.92,0.58,22.0,0.02,0.01,2317.699289,1776236180000
1776236182.423,82.423,0.4,15.0,0.39,17.0,0.42,82.0,0.43,20.0,0.58,82.0,0.57,20.0,0.6,15.0,0.61,17.0,0.02,0.02,2317.714763,1776236181000
1776236183.211,83.211,0.4,15.0,0.39,17.0,0.42,82.0,0.43,20.0,0.58,82.0,0.57,20.0,0.6,15.0,0.61,17.0,0.02,0.02,2317.709545,1776236182000
1776236183.745,83.745,0.4,15.0,0.39,15.0,0.41,69.56,0.42,56.0,0.58,82.0,0.57,20.0,0.6,15.0,0.61,17.0,0.01,0.02,2317.709545,1776236182000
1776236184.772,84.772,0.39,11.72,0.38,22.0,0.41,74.56,0.42,56.0,0.59,69.56,0.58,56.0,0.6,15.0,0.61,15.0,0.02,0.01,2317.709545,1776236182000
1776236185.559,85.559,0.39,11.72,0.38,22.0,0.41,74.56,0.42,56.0,0.59,74.56,0.58,56.0,0.61,11.72,0.62,22.0,0.02,0.02,2317.632798,1776236184000
1776236186.506,86.506,0.39,11.72,0.38,22.0,0.41,74.56,0.42,56.0,0.59,74.56,0.58,56.0,0.61,11.72,0.62,22.0,0.02,0.02,2317.635069,1776236185000
1776236187.169,87.169,0.39,11.72,0.38,22.0,0.41,74.56,0.42,56.0,0.59,74.56,0.58,56.0,0.61,11.72,0.62,22.0,0.02,0.02,2317.632326,1776236186000
1776236188.758,88.758,0.39,11.72,0.38,22.0,0.41,74.56,0.42,56.0,0.59,74.56,0.58,56.0,0.61,11.72,0.62,22.0,0.02,0.02,2317.659382,1776236187000
1776236189.995,89.995,0.39,11.72,0.38,22.0,0.41,74.56,0.42,56.0,0.59,74.56,0.58,56.0,0.61,11.72,0.62,22.0,0.02,0.02,2317.671788,1776236188000
1776236190.597,90.597,0.39,11.72,0.38,22.0,0.41,74.56,0.42,56.0,0.59,74.56,0.58,56.0,0.61,11.72,0.62,22.0,0.02,0.02,2317.666788,1776236189000
1776236191.242,91.242,0.39,11.72,0.38,22.0,0.41,74.56,0.42,56.0,0.59,74.56,0.58,56.0,0.61,11.72,0.62,22.0,0.02,0.02,2317.656909,1776236190000
1776236192.32,92.32,0.39,25.0,0.38,33.0,0.4,62.0,0.41,48.56,0.59,74.56,0.58,56.0,0.61,11.72,0.62,22.0,0.01,0.02,2317.656909,1776236190000
1776236193.094,93.094,0.39,25.0,0.38,33.0,0.4,62.0,0.41,48.56,0.6,62.0,0.59,48.56,0.61,25.0,0.62,33.0,0.01,0.01,2317.658377,1776236192000
1776236194.444,94.444,0.39,25.0,0.38,33.0,0.4,62.0,0.41,48.56,0.6,62.0,0.59,48.56,0.61,25.0,0.62,33.0,0.01,0.01,2317.660902,1776236193000
1776236194.944,94.944,0.39,30.0,0.38,20.0,0.4,65.75,0.41,53.56,0.6,62.0,0.59,48.56,0.61,25.0,0.62,33.0,0.01,0.01,2317.660902,1776236193000
1776236196.235,96.235,0.39,30.0,0.38,20.0,0.4,65.75,0.41,53.56,0.6,65.75,0.59,53.56,0.61,30.0,0.62,20.0,0.01,0.01,2317.660291,1776236195000
1776236197.442,97.442,0.39,30.0,0.38,20.0,0.4,65.75,0.41,53.56,0.6,65.75,0.59,53.56,0.61,30.0,0.62,20.0,0.01,0.01,2317.655394,1776236196000
1776236198.041,98.041,0.39,30.0,0.38,20.0,0.4,65.75,0.41,53.56,0.6,65.75,0.59,53.56,0.61,30.0,0.62,20.0,0.01,0.01,2317.661646,1776236197000
1776236199.597,99.597,0.39,30.0,0.38,20.0,0.4,65.75,0.41,53.56,0.6,65.75,0.59,53.56,0.61,30.0,0.62,20.0,0.01,0.01,2317.680096,1776236198000
1776236200.196,100.196,0.39,30.0,0.38,20.0,0.4,65.75,0.41,53.56,0.6,65.75,0.59,53.56,0.61,30.0,0.62,20.0,0.01,0.01,2317.680096,1776236199000
1776236201.397,101.397,0.39,30.0,0.38,20.0,0.4,65.75,0.41,53.56,0.6,65.75,0.59,53.56,0.61,30.0,0.62,20.0,0.01,0.01,2317.659551,1776236200000
1776236201.858,101.858,0.39,50.0,0.38,172.0,0.4,15.62,0.41,11.0,0.6,65.75,0.59,53.56,0.61,30.0,0.62,20.0,0.01,0.01,2317.659551,1776236200000
1776236203.19,103.19,0.39,50.0,0.38,172.0,0.4,15.62,0.41,11.0,0.6,15.62,0.59,11.0,0.61,50.0,0.62,172.0,0.01,0.01,2317.672255,1776236202000
1776236204.329,104.329,0.39,50.0,0.38,172.0,0.4,15.62,0.41,11.0,0.6,15.62,0.59,11.0,0.61,50.0,0.62,172.0,0.01,0.01,2317.692785,1776236203000
1776236204.721,104.721,0.39,24.0,0.38,167.0,0.4,20.62,0.41,26.0,0.6,15.62,0.59,11.0,0.61,50.0,0.62,172.0,0.01,0.01,2317.692785,1776236203000
1776236204.948,104.948,0.39,24.0,0.38,167.0,0.4,20.62,0.41,26.0,0.6,20.62,0.59,26.0,0.61,24.0,0.62,167.0,0.01,0.01,2317.692785,1776236204000
1776236205.157,105.157,0.34,16.67,0.33,20.0,0.37,11.0,0.38,11.0,0.61,15.0,0.6,55.62,0.66,76.81,0.67,70.0,0.03,0.05,2317.692785,1776236204000
1776236205.487,105.487,0.35,25.0,0.34,20.86,0.36,46.0,0.37,47.0,0.63,11.0,0.62,11.0,0.66,16.67,0.67,20.0,0.01,0.03,2317.692785,1776236204000
1776236206.41,106.41,0.35,25.0,0.34,20.86,0.36,46.0,0.37,47.0,0.64,46.0,0.63,47.0,0.65,25.0,0.66,20.86,0.01,0.01,2317.687853,1776236205000
1776236206.943,106.943,0.35,25.0,0.34,20.86,0.36,46.0,0.37,47.0,0.64,46.0,0.63,47.0,0.65,25.0,0.66,20.86,0.01,0.01,2317.641917,1776236206000
1776236207.212,107.212,0.35,87.14,0.34,34.86,0.36,37.0,0.37,37.0,0.64,42.0,0.63,42.0,0.65,79.99,0.66,34.86,0.01,0.01,2317.641917,1776236206000
1776236208.124,108.124,0.35,87.14,0.34,34.86,0.36,37.0,0.37,37.0,0.64,37.0,0.63,37.0,0.65,87.14,0.66,34.86,0.01,0.01,2317.633343,1776236207000
1776236209.191,109.191,0.35,130.07,0.34,34.86,0.36,37.0,0.37,42.0,0.64,37.0,0.63,42.0,0.65,130.07,0.66,34.86,0.01,0.01,2317.634546,1776236208000
1776236210.314,110.314,0.35,130.07,0.34,34.86,0.36,37.0,0.37,42.0,0.64,37.0,0.63,42.0,0.65,130.07,0.66,34.86,0.01,0.01,2317.646267,1776236209000
1776236211.318,111.318,0.35,130.07,0.34,34.86,0.36,37.0,0.37,42.0,0.64,37.0,0.63,42.0,0.65,130.07,0.66,34.86,0.01,0.01,2317.646267,1776236210000
1776236212.361,112.361,0.35,130.07,0.34,34.86,0.36,37.0,0.37,42.0,0.64,37.0,0.63,42.0,0.65,130.07,0.66,34.86,0.01,0.01,2317.652892,1776236211000
1776236212.893,112.893,0.35,130.07,0.34,34.86,0.36,37.0,0.37,42.0,0.64,37.0,0.63,42.0,0.65,130.07,0.66,34.86,0.01,0.01,2317.656766,1776236212000
1776236213.712,113.712,0.35,117.06,0.34,41.86,0.37,11.0,0.38,5.0,0.64,37.0,0.63,42.0,0.65,130.07,0.66,34.86,0.02,0.01,2317.656766,1776236212000
1776236213.949,113.949,0.43,65.0,0.42,24.38,0.44,10.0,0.45,15.0,0.56,10.0,0.55,15.0,0.57,65.0,0.58,24.38,0.01,0.01,2317.657887,1776236213000
1776236215.061,115.061,0.43,65.0,0.42,24.38,0.44,10.0,0.45,15.0,0.56,10.0,0.55,15.0,0.57,65.0,0.58,24.38,0.01,0.01,2317.652936,1776236214000
1776236216.173,116.173,0.43,65.0,0.42,24.38,0.44,10.0,0.45,15.0,0.56,10.0,0.55,15.0,0.57,65.0,0.58,24.38,0.01,0.01,2317.705149,1776236215000
1776236217.299,117.299,0.43,65.0,0.42,24.38,0.44,10.0,0.45,15.0,0.56,10.0,0.55,15.0,0.57,65.0,0.58,24.38,0.01,0.01,2317.728271,1776236216000
1776236217.725,117.725,0.42,54.38,0.41,20.0,0.45,20.0,0.46,15.0,0.56,10.0,0.55,15.0,0.57,65.0,0.58,24.38,0.03,0.01,2317.728271,1776236216000
1776236218.351,118.351,0.42,54.38,0.41,20.0,0.45,20.0,0.46,15.0,0.55,20.0,0.54,15.0,0.58,54.38,0.59,20.0,0.03,0.03,2317.716092,1776236217000
1776236218.619,118.619,0.42,49.38,0.41,20.0,0.45,15.0,0.46,15.0,0.55,20.0,0.54,15.0,0.58,54.38,0.59,20.0,0.03,0.03,2317.716092,1776236217000
1776236218.895,118.895,0.42,49.38,0.41,20.0,0.45,15.0,0.46,15.0,0.55,15.0,0.54,15.0,0.58,49.38,0.59,20.0,0.03,0.03,2317.719828,1776236218000
1776236220.319,120.319,0.42,49.38,0.41,20.0,0.45,15.0,0.46,15.0,0.55,15.0,0.54,15.0,0.58,49.38,0.59,20.0,0.03,0.03,2317.764996,1776236219000
1776236220.866,120.866,0.42,49.38,0.41,20.0,0.45,15.0,0.46,15.0,0.55,15.0,0.54,15.0,0.58,49.38,0.59,20.0,0.03,0.03,2317.77,1776236220000
1776236221.674,121.674,0.42,49.38,0.41,20.0,0.45,20.0,0.46,15.0,0.55,15.0,0.54,15.0,0.58,49.38,0.59,20.0,0.03,0.03,2317.77,1776236220000
1776236221.989,121.989,0.42,49.38,0.41,20.0,0.45,20.0,0.46,15.0,0.55,20.0,0.54,15.0,0.58,49.38,0.59,20.0,0.03,0.03,2317.758027,1776236221000
1776236222.987,122.987,0.42,49.79,0.41,15.0,0.44,22.0,0.45,20.0,0.56,22.0,0.55,20.0,0.58,49.79,0.59,15.0,0.02,0.02,2317.743093,1776236222000
1776236224.016,124.016,0.42,49.79,0.41,15.0,0.44,22.0,0.45,20.0,0.56,22.0,0.55,20.0,0.58,49.79,0.59,15.0,0.02,0.02,2317.757718,1776236223000
1776236224.961,124.961,0.42,49.79,0.41,15.0,0.44,22.0,0.45,20.0,0.56,22.0,0.55,20.0,0.58,49.79,0.59,15.0,0.02,0.02,2317.760235,1776236224000
1776236225.265,125.265,0.41,10.0,0.4,5.0,0.43,92.0,0.44,95.0,0.56,22.0,0.55,20.0,0.58,49.79,0.59,15.0,0.02,0.02,2317.760235,1776236224000
1776236226.055,126.055,0.41,5.0,0.4,5.0,0.42,22.0,0.43,50.0,0.58,22.0,0.57,50.0,0.59,5.0,0.6,5.0,0.01,0.01,2317.750199,1776236225000
1776236226.898,126.898,0.41,10.0,0.4,5.0,0.42,97.0,0.43,50.0,0.58,22.0,0.57,50.0,0.59,5.0,0.6,5.0,0.01,0.01,2317.750199,1776236225000
1776236228.01,128.01,0.41,10.0,0.4,5.0,0.42,97.0,0.43,50.0,0.58,97.0,0.57,50.0,0.59,10.0,0.6,5.0,0.01,0.01,2317.714806,1776236227000
1776236228.401,128.401,0.4,20.0,0.39,15.0,0.42,50.0,0.43,40.0,0.58,97.0,0.57,50.0,0.59,10.0,0.6,5.0,0.02,0.01,2317.714806,1776236227000
1776236229.113,129.113,0.4,20.0,0.39,15.0,0.42,50.0,0.43,40.0,0.58,50.0,0.57,40.0,0.6,20.0,0.61,15.0,0.02,0.02,2317.738777,1776236228000
1776236229.855,129.855,0.41,3.0,0.4,10.0,0.42,87.0,0.43,45.0,0.58,50.0,0.57,40.0,0.6,20.0,0.61,15.0,0.01,0.02,2317.738777,1776236228000
1776236230.125,130.125,0.41,3.0,0.4,10.0,0.42,87.0,0.43,45.0,0.58,87.0,0.57,45.0,0.59,3.0,0.6,10.0,0.01,0.01,2317.67931,1776236229000
1776236231.161,131.161,0.41,3.0,0.4,10.0,0.42,87.0,0.43,45.0,0.58,87.0,0.57,45.0,0.59,3.0,0.6,10.0,0.01,0.01,2317.710457,1776236230000
1776236232.143,132.143,0.41,3.0,0.4,10.0,0.42,87.0,0.43,45.0,0.58,87.0,0.57,45.0,0.59,3.0,0.6,10.0,0.01,0.01,2317.682604,1776236231000
1776236233.158,133.158,0.41,3.0,0.4,10.0,0.42,87.0,0.43,45.0,0.58,87.0,0.57,45.0,0.59,3.0,0.6,10.0,0.01,0.01,2317.684444,1776236232000
1776236233.607,133.607,0.41,13.0,0.4,20.0,0.42,37.0,0.43,5.0,0.58,87.0,0.57,45.0,0.59,3.0,0.6,10.0,0.01,0.01,2317.684444,1776236232000
1776236234.672,134.672,0.41,8.0,0.4,20.0,0.44,30.0,0.45,15.0,0.56,30.0,0.55,15.0,0.59,8.0,0.6,20.0,0.03,0.03,2317.694443,1776236233000
1776236235.243,135.243,0.41,8.0,0.4,20.0,0.44,30.0,0.45,15.0,0.56,30.0,0.55,15.0,0.59,8.0,0.6,20.0,0.03,0.03,2317.694452,1776236234000
1776236235.99,135.99,0.39,9.0,0.38,10.0,0.41,25.0,0.42,85.0,0.56,30.0,0.55,15.0,0.59,8.0,0.6,20.0,0.02,0.03,2317.694452,1776236234000
1776236236.653,136.653,0.39,9.0,0.38,10.0,0.41,25.0,0.42,85.0,0.59,25.0,0.58,85.0,0.61,9.0,0.62,10.0,0.02,0.02,2317.727951,1776236235000
1776236237.271,137.271,0.39,9.0,0.38,10.0,0.41,25.0,0.42,85.0,0.59,25.0,0.58,85.0,0.61,9.0,0.62,10.0,0.02,0.02,2317.746064,1776236236000
1776236237.962,137.962,0.39,16.83,0.38,25.0,0.4,10.0,0.41,10.0,0.59,25.0,0.58,85.0,0.61,9.0,0.62,10.0,0.01,0.02,2317.746064,1776236236000
1776236238.275,138.275,0.4,30.0,0.39,26.83,0.42,10.0,0.43,85.0,0.6,10.0,0.59,10.0,0.61,16.83,0.62,25.0,0.02,0.01,2317.746064,1776236236000
1776236239.675,139.675,0.4,30.0,0.39,26.83,0.42,10.0,0.43,85.0,0.58,10.0,0.57,85.0,0.6,30.0,0.61,26.83,0.02,0.02,2317.713589,1776236238000
1776236240.083,140.083,0.4,30.0,0.39,26.83,0.42,10.0,0.43,85.0,0.58,10.0,0.57,85.0,0.6,30.0,0.61,26.83,0.02,0.02,2317.690707,1776236239000
1776236241.297,141.297,0.4,30.0,0.39,26.83,0.42,10.0,0.43,85.0,0.58,10.0,0.57,85.0,0.6,30.0,0.61,26.83,0.02,0.02,2317.732617,1776236240000
1776236241.929,141.929,0.41,4.91,0.4,25.0,0.42,77.0,0.43,85.0,0.58,10.0,0.57,85.0,0.6,30.0,0.61,26.83,0.01,0.02,2317.732617,1776236240000
1776236242.421,142.421,0.4,5.0,0.39,6.83,0.41,20.0,0.42,45.0,0.58,77.0,0.57,85.0,0.59,4.91,0.6,25.0,0.01,0.01,2317.732617,1776236240000
1776236242.727,142.727,0.39,0.83,0.38,15.0,0.41,20.0,0.42,45.0,0.59,20.0,0.58,45.0,0.61,0.83,0.62,15.0,0.02,0.02,2317.732691,1776236241000
1776236243.358,143.358,0.39,0.83,0.38,15.0,0.41,20.0,0.42,45.0,0.59,20.0,0.58,45.0,0.61,0.83,0.62,15.0,0.02,0.02,2317.713818,1776236242000
1776236243.794,143.794,0.36,54.0,0.35,26.26,0.38,20.0,0.39,15.0,0.59,20.0,0.58,45.0,0.61,0.83,0.62,15.0,0.02,0.02,2317.713818,1776236242000
1776236244.47,144.47,0.35,31.26,0.34,16.86,0.38,20.0,0.39,20.0,0.62,20.0,0.61,15.0,0.64,54.0,0.65,26.26,0.03,0.02,2317.713818,1776236242000
1776236245.128,145.128,0.35,31.26,0.34,16.86,0.38,20.0,0.39,20.0,0.62,20.0,0.61,20.0,0.65,31.26,0.66,16.86,0.03,0.03,2317.69751,1776236244000
1776236245.798,145.798,0.37,13.09,0.36,15.0,0.38,15.0,0.39,20.0,0.62,20.0,0.61,20.0,0.65,31.26,0.66,16.86,0.01,0.03,2317.69751,1776236244000
1776236246.385,146.385,0.37,10.97,0.36,15.0,0.38,15.0,0.39,20.0,0.62,15.0,0.61,20.0,0.63,10.97,0.64,15.0,0.01,0.01,2317.73288,1776236245000
1776236246.993,146.993,0.37,10.97,0.36,15.0,0.38,15.0,0.39,20.0,0.62,15.0,0.61,20.0,0.63,10.97,0.64,15.0,0.01,0.01,2317.709333,1776236246000
1776236247.311,147.311,0.36,6.56,0.35,30.08,0.38,15.0,0.39,20.0,0.62,15.0,0.61,20.0,0.63,10.97,0.64,15.0,0.02,0.01,2317.709333,1776236246000
1776236248.142,148.142,0.36,6.56,0.35,30.08,0.38,15.0,0.39,20.0,0.62,15.0,0.61,20.0,0.64,6.56,0.65,30.08,0.02,0.02,2317.703604,1776236247000
1776236249.105,149.105,0.36,6.56,0.35,30.08,0.38,15.0,0.39,20.0,0.62,15.0,0.61,20.0,0.64,6.56,0.65,30.08,0.02,0.02,2317.663493,1776236248000
1776236249.815,149.815,0.37,3.41,0.36,15.0,0.38,20.0,0.39,20.0,0.62,15.0,0.61,20.0,0.64,6.56,0.65,30.08,0.01,0.02,2317.663493,1776236248000
1776236250.141,150.141,0.37,3.41,0.36,15.0,0.38,20.0,0.39,20.0,0.62,20.0,0.61,20.0,0.63,3.41,0.64,15.0,0.01,0.01,2317.662634,1776236249000
1776236251.145,151.145,0.38,24.38,0.37,30.0,0.39,10.0,0.4,10.0,0.62,20.0,0.61,20.0,0.63,3.41,0.64,15.0,0.01,0.01,2317.662634,1776236249000
1776236252.004,152.004,0.45,26.0,0.44,31.0,0.47,1.27,0.48,5.0,0.61,10.0,0.6,10.0,0.62,24.38,0.63,30.0,0.02,0.01,2317.662633,1776236250000
1776236253.045,153.045,0.46,41.0,0.45,21.0,0.48,3.85,0.49,5.0,0.5,10.1,0.49,50.0,0.54,10.0,0.55,21.0,0.02,0.04,2317.65559,1776236251000
1776236253.544,153.544,0.47,7.0,0.46,21.0,0.48,15.0,0.49,20.0,0.52,3.85,0.51,5.0,0.53,10.0,0.54,41.0,0.01,0.01,2317.685768,1776236252000
1776236254.065,154.065,0.46,23.87,0.45,21.0,0.48,61.12,0.49,20.0,0.52,15.0,0.51,20.0,0.53,7.0,0.54,21.0,0.02,0.01,2317.685768,1776236252000
1776236255.137,155.137,0.46,23.87,0.45,21.0,0.48,61.12,0.49,20.0,0.52,61.12,0.51,20.0,0.54,23.87,0.55,21.0,0.02,0.02,2317.985394,1776236254000
1776236255.776,155.776,0.47,55.0,0.46,18.87,0.5,25.1,0.51,85.0,0.52,61.12,0.51,20.0,0.54,23.87,0.55,21.0,0.03,0.02,2317.985394,1776236254000
1776236256.181,156.181,0.47,55.0,0.46,18.87,0.5,25.1,0.51,85.0,0.5,25.1,0.49,85.0,0.53,55.0,0.54,18.87,0.03,0.03,2317.976277,1776236255000
1776236257.068,157.068,0.47,40.0,0.46,23.87,0.48,5.0,0.49,15.0,0.52,5.0,0.51,15.0,0.53,40.0,0.54,23.87,0.01,0.01,2317.966308,1776236256000
1776236258.051,158.051,0.47,40.0,0.46,23.87,0.48,5.0,0.49,15.0,0.52,5.0,0.51,15.0,0.53,40.0,0.54,23.87,0.01,0.01,2317.966308,1776236257000
1776236259.089,159.089,0.47,40.0,0.46,23.87,0.48,5.0,0.49,15.0,0.52,5.0,0.51,15.0,0.53,40.0,0.54,23.87,0.01,0.01,2317.971306,1776236258000
1776236260.045,160.045,0.47,40.0,0.46,23.87,0.48,5.0,0.49,15.0,0.52,5.0,0.51,15.0,0.53,40.0,0.54,23.87,0.01,0.01,2317.978944,1776236259000
1776236260.493,160.493,0.49,36.0,0.48,66.0,0.51,5.0,0.52,10.0,0.49,20.0,0.48,20.0,0.51,15.0,0.52,144.0,0.02,0.02,2317.978944,1776236259000
1776236260.812,160.812,0.5,13.0,0.49,73.0,0.51,15.0,0.52,15.0,0.49,5.0,0.48,10.0,0.51,28.0,0.52,66.0,0.01,0.02,2317.978944,1776236259000
1776236261.123,161.123,0.5,11.0,0.49,73.0,0.51,20.0,0.52,15.0,0.49,15.0,0.48,15.0,0.5,13.0,0.51,73.0,0.01,0.01,2317.97131,1776236260000
1776236262.167,162.167,0.5,11.0,0.49,73.0,0.51,20.0,0.52,15.0,0.49,20.0,0.48,15.0,0.5,11.0,0.51,73.0,0.01,0.01,2317.976162,1776236261000
1776236262.82,162.82,0.5,4.0,0.49,68.0,0.51,15.0,0.52,25.0,0.49,20.0,0.48,15.0,0.5,11.0,0.51,73.0,0.01,0.01,2317.976162,1776236261000
1776236263.257,163.257,0.5,4.0,0.49,68.0,0.51,15.0,0.52,25.0,0.49,15.0,0.48,25.0,0.5,4.0,0.51,68.0,0.01,0.01,2318.056558,1776236262000
1776236263.606,163.606,0.5,25.52,0.49,68.0,0.51,15.0,0.52,25.0,0.49,15.0,0.48,25.0,0.5,4.0,0.51,68.0,0.01,0.01,2318.056558,1776236262000
1776236264.318,164.318,0.5,25.52,0.49,68.0,0.51,15.0,0.52,25.0,0.49,15.0,0.48,25.0,0.5,25.52,0.51,68.0,0.01,0.01,2318.047751,1776236263000
1776236265.52,165.52,0.5,25.52,0.49,68.0,0.51,15.0,0.52,25.0,0.49,15.0,0.48,25.0,0.5,25.52,0.51,68.0,0.01,0.01,2318.032396,1776236264000
1776236265.878,165.878,0.51,5.0,0.5,31.52,0.52,10.0,0.53,37.0,0.49,5.0,0.48,10.0,0.5,31.52,0.51,78.0,0.01,0.01,2318.032396,1776236264000
1776236266.204,166.204,0.52,46.52,0.51,25.0,0.53,42.0,0.54,5.0,0.47,37.0,0.46,5.0,0.49,15.0,0.5,20.0,0.01,0.02,2318.027584,1776236265000
1776236267.067,167.067,0.52,46.52,0.51,25.0,0.53,42.0,0.54,5.0,0.47,42.0,0.46,5.0,0.48,46.52,0.49,25.0,0.01,0.01,2318.026871,1776236266000
1776236267.271,167.271,0.52,81.52,0.51,25.0,0.53,7.09,0.55,15.0,0.47,42.0,0.46,5.0,0.48,46.52,0.49,25.0,0.01,0.01,2318.026871,1776236266000
1776236267.725,167.725,0.52,76.52,0.51,30.0,0.53,5.12,0.55,29.5,0.47,7.09,0.45,15.0,0.48,81.52,0.49,25.0,0.01,0.01,2318.026871,1776236266000
1776236267.95,167.95,0.52,76.52,0.51,30.0,0.55,29.5,0.56,33.89,0.47,5.12,0.45,29.5,0.48,76.52,0.49,30.0,0.03,0.01,2318.026871,1776236266000
1776236268.173,168.173,0.52,76.52,0.51,30.0,0.55,29.5,0.56,33.89,0.45,29.5,0.44,33.89,0.48,76.52,0.49,30.0,0.03,0.03,2318.066039,1776236267000
1776236269.391,169.391,0.52,76.52,0.51,30.0,0.55,29.5,0.56,33.89,0.45,29.5,0.44,33.89,0.48,76.52,0.49,30.0,0.03,0.03,2318.089786,1776236268000
1776236270.303,170.303,0.54,76.52,0.53,25.0,0.55,24.5,0.56,28.89,0.45,29.5,0.44,33.89,0.48,76.52,0.49,30.0,0.01,0.03,2318.089786,1776236268000
1776236270.949,170.949,0.54,76.52,0.53,25.0,0.55,24.5,0.56,28.89,0.45,24.5,0.44,28.89,0.46,76.52,0.47,25.0,0.01,0.01,2318.119318,1776236270000
1776236271.813,171.813,0.54,10.0,0.53,10.0,0.55,39.5,0.56,98.89,0.45,24.5,0.44,28.89,0.46,76.52,0.47,25.0,0.01,0.01,2318.119318,1776236270000
1776236272.06,172.06,0.52,10.0,0.5,6.0,0.54,15.0,0.55,99.5,0.46,15.0,0.45,99.5,0.48,10.0,0.5,6.0,0.02,0.02,2318.129883,1776236271000
1776236273.07,173.07,0.52,10.0,0.5,6.0,0.54,15.0,0.55,99.5,0.46,15.0,0.45,99.5,0.48,10.0,0.5,6.0,0.02,0.02,2318.140344,1776236272000
1776236274.192,174.192,0.51,5.0,0.5,20.4,0.52,25.0,0.53,160.0,0.48,25.0,0.47,160.0,0.49,5.0,0.5,20.4,0.01,0.01,2318.047058,1776236273000
1776236275.257,175.257,0.51,5.0,0.5,20.4,0.52,25.0,0.53,160.0,0.48,25.0,0.47,160.0,0.49,5.0,0.5,20.4,0.01,0.01,2318.024956,1776236274000
1776236276.147,176.147,0.51,33.27,0.5,20.4,0.52,25.0,0.53,235.0,0.48,25.0,0.47,160.0,0.49,5.0,0.5,20.4,0.01,0.01,2318.024956,1776236274000
1776236276.618,176.618,0.49,30.0,0.46,12.0,0.52,242.0,0.53,50.0,0.48,25.0,0.47,235.0,0.49,33.27,0.5,20.4,0.03,0.01,2318.024956,1776236274000
1776236276.973,176.973,0.12,8.62,0.11,36.79,0.16,197.0,0.17,15.0,0.76,10.0,0.75,10.0,0.85,37.53,0.87,30.0,0.04,0.09,2318.030131,1776236275000
1776236277.176,177.176,0.12,7.48,0.11,156.79,0.14,10.0,0.15,10.0,0.86,10.0,0.85,10.0,0.88,8.62,0.89,156.79,0.02,0.02,2318.030131,1776236275000
1776236277.386,177.386,0.16,20.0,0.13,25.0,0.17,10.0,0.18,10.0,0.83,10.0,0.82,10.0,0.88,30.48,0.89,156.79,0.01,0.05,2318.005411,1776236276000
1776236277.648,177.648,0.12,29.0,0.11,166.79,0.13,15.0,0.14,10.0,0.86,5.0,0.85,10.0,0.88,3.81,0.89,166.79,0.01,0.02,2318.005411,1776236276000
1776236277.896,177.896,0.13,15.0,0.12,26.82,0.15,12.13,0.16,10.0,0.85,27.13,0.84,10.0,0.87,10.0,0.88,21.82,0.02,0.02,2318.005411,1776236276000
1776236278.265,178.265,0.14,110.0,0.13,115.0,0.16,12.55,0.17,26.0,0.84,8.55,0.83,26.0,0.86,10.0,0.87,15.0,0.02,0.02,2318.005411,1776236276000
1776236278.521,178.521,0.15,27.0,0.14,15.0,0.16,0.55,0.17,39.0,0.84,12.55,0.83,34.0,0.86,53.45,0.87,110.0,0.01,0.02,2318.000659,1776236277000
1776236279.208,179.208,0.15,25.0,0.14,15.0,0.17,23.0,0.18,10.0,0.84,0.55,0.83,39.0,0.85,27.0,0.86,15.0,0.02,0.01,2318.000659,1776236277000
1776236280.018,180.018,0.15,19.17,0.14,15.0,0.17,23.0,0.18,10.0,0.83,23.0,0.82,10.0,0.85,19.17,0.86,15.0,0.02,0.02,2316.781349,1776236279000
1776236280.422,180.422,0.14,103.14,0.11,130.0,0.17,142.38,0.18,15.0,0.83,157.0,0.82,15.0,0.86,103.14,0.88,5.0,0.03,0.03,2316.781349,1776236279000
1776236280.942,180.942,0.14,12.21,0.13,10.0,0.15,3.33,0.16,17.0,0.84,10.0,0.83,142.38,0.86,103.14,0.89,130.0,0.01,0.02,2316.781349,1776236279000
1776236281.236,181.236,0.14,12.21,0.13,10.0,0.15,3.33,0.16,17.0,0.85,3.33,0.84,17.0,0.86,12.21,0.87,10.0,0.01,0.01,2316.732576,1776236280000
1776236281.484,181.484,0.11,130.0,0.1,169.69,0.15,63.59,0.16,22.0,0.85,74.33,0.84,12.0,0.89,130.0,0.9,169.69,0.04,0.04,2316.732576,1776236280000
1776236282.094,182.094,0.1,121.15,0.09,10.0,0.14,10.0,0.15,83.59,0.85,63.59,0.84,22.0,0.86,7.21,0.89,130.0,0.04,0.01,2316.732576,1776236280000
1776236282.338,182.338,0.1,154.12,0.09,10.0,0.13,40.0,0.14,16.0,0.86,16.0,0.85,78.59,0.89,7.95,0.9,154.26,0.03,0.03,2316.732576,1776236280000
1776236282.709,182.709,0.11,8.0,0.1,73.98,0.12,10.0,0.13,45.0,0.87,40.0,0.86,16.0,0.9,143.98,0.91,10.0,0.01,0.03,2316.627545,1776236281000
1776236282.911,182.911,0.11,8.0,0.1,73.98,0.12,10.0,0.13,45.0,0.88,10.0,0.87,45.0,0.89,8.0,0.9,73.98,0.01,0.01,2316.627545,1776236282000
1776236283.164,183.164,0.11,58.0,0.1,84.08,0.12,4.74,0.13,55.0,0.88,10.0,0.87,45.0,0.89,8.0,0.9,73.98,0.01,0.01,2316.627545,1776236282000
1776236283.527,183.527,0.21,25.0,0.2,15.0,0.22,4.95,0.23,5.0,0.78,10.0,0.77,5.0,0.79,40.48,0.8,5.0,0.01,0.01,2316.627545,1776236282000
1776236283.792,183.792,0.27,4.52,0.26,8.64,0.28,20.0,0.29,15.0,0.72,15.0,0.71,15.0,0.74,8.64,0.75,10.0,0.01,0.02,2316.627545,1776236282000
1776236284.008,184.008,0.25,10.0,0.24,10.0,0.26,381.84,0.28,4.03,0.72,4.03,0.71,15.0,0.73,9.52,0.74,13.64,0.01,0.01,2316.627545,1776236282000
1776236284.297,184.297,0.25,18.8,0.24,10.0,0.26,1.92,0.27,5.0,0.74,1.92,0.73,5.0,0.75,18.8,0.76,10.0,0.01,0.01,2316.579942,1776236283000
1776236284.519,184.519,0.25,23.8,0.24,10.0,0.27,26.84,0.28,4.03,0.73,21.84,0.72,4.03,0.75,18.8,0.76,10.0,0.02,0.02,2316.579942,1776236283000
1776236284.839,184.839,0.25,24.8,0.24,10.0,0.26,50.0,0.27,31.84,0.74,53.0,0.73,31.84,0.75,18.8,0.76,10.0,0.01,0.01,2316.579942,1776236283000
1776236285.472,185.472,0.25,24.8,0.24,10.0,0.26,50.0,0.27,31.84,0.74,50.0,0.73,31.84,0.75,24.8,0.76,10.0,0.01,0.01,2317.259082,1776236284000
1776236286.068,186.068,0.25,24.8,0.24,10.0,0.26,50.0,0.27,31.84,0.74,50.0,0.73,31.84,0.75,24.8,0.76,10.0,0.01,0.01,2317.259082,1776236285000
1776236287.216,187.216,0.25,24.8,0.24,10.0,0.26,50.0,0.27,31.84,0.74,50.0,0.73,31.84,0.75,24.8,0.76,10.0,0.01,0.01,2317.224638,1776236286000
1776236288.136,188.136,0.25,99.0,0.24,80.0,0.26,15.03,0.27,36.84,0.74,50.0,0.73,31.84,0.75,24.8,0.76,10.0,0.01,0.01,2317.224638,1776236286000
1776236288.357,188.357,0.25,99.0,0.24,80.0,0.26,15.03,0.27,36.84,0.74,15.03,0.73,36.84,0.75,99.0,0.76,80.0,0.01,0.01,2317.221723,1776236287000
1776236289.046,189.046,0.25,99.0,0.24,80.0,0.26,15.03,0.27,36.84,0.74,15.03,0.73,36.84,0.75,99.0,0.76,80.0,0.01,0.01,2317.228863,1776236288000
1776236290.294,190.294,0.25,99.0,0.24,80.0,0.26,15.03,0.27,36.84,0.74,15.03,0.73,36.84,0.75,99.0,0.76,80.0,0.01,0.01,2317.218957,1776236289000
1776236290.936,190.936,0.25,17.0,0.24,80.0,0.26,15.03,0.27,36.84,0.74,15.03,0.73,36.84,0.75,37.0,0.76,80.0,0.01,0.01,2317.218957,1776236289000
1776236291.136,191.136,0.25,10.0,0.24,80.0,0.26,10.79,0.27,31.84,0.74,15.03,0.73,36.84,0.75,17.0,0.76,80.0,0.01,0.01,2317.218957,1776236289000
1776236292.208,192.208,0.25,10.0,0.24,80.0,0.26,10.79,0.27,31.84,0.74,10.79,0.73,31.84,0.75,10.0,0.76,80.0,0.01,0.01,2317.207342,1776236291000
1776236292.947,192.947,0.18,70.0,0.17,15.0,0.2,5.0,0.21,20.0,0.74,10.79,0.73,31.84,0.75,10.0,0.76,80.0,0.02,0.01,2317.207342,1776236291000
1776236294.116,194.116,0.18,70.0,0.17,15.0,0.2,16.34,0.21,20.0,0.8,16.34,0.79,20.0,0.82,70.0,0.83,15.0,0.02,0.02,2317.145133,1776236293000
1776236295.441,195.441,0.18,70.0,0.17,15.0,0.2,16.34,0.21,20.0,0.8,16.34,0.79,20.0,0.82,70.0,0.83,15.0,0.02,0.02,2317.077034,1776236294000
1776236296.123,196.123,0.18,70.0,0.17,15.0,0.2,16.34,0.21,20.0,0.8,16.34,0.79,20.0,0.82,70.0,0.83,15.0,0.02,0.02,2317.07694,1776236295000
1776236297.4,197.4,0.18,70.0,0.17,15.0,0.2,16.34,0.21,20.0,0.8,16.34,0.79,20.0,0.82,70.0,0.83,15.0,0.02,0.02,2317.134203,1776236296000
1776236297.97,197.97,0.19,7.96,0.18,75.61,0.2,49.34,0.21,25.0,0.8,49.34,0.79,25.0,0.81,7.96,0.82,75.61,0.01,0.01,2317.087034,1776236297000
1776236299.139,199.139,0.19,7.96,0.18,75.61,0.2,49.34,0.21,25.0,0.8,49.34,0.79,25.0,0.81,7.96,0.82,75.61,0.01,0.01,2317.173129,1776236298000
1776236299.411,199.411,0.18,43.0,0.17,5.0,0.19,112.73,0.2,30.0,0.81,52.73,0.8,20.0,0.82,65.61,0.83,45.5,0.01,0.01,2317.173129,1776236298000
1776236299.95,199.95,0.18,15.92,0.17,5.0,0.19,66.0,0.2,30.0,0.81,98.73,0.8,30.0,0.82,29.31,0.83,5.0,0.01,0.01,2317.173129,1776236298000
1776236300.321,200.321,0.18,0.31,0.17,5.0,0.19,66.0,0.2,30.0,0.81,66.0,0.8,30.0,0.82,0.31,0.83,5.0,0.01,0.01,2317.080289,1776236299000
1776236300.921,200.921,0.17,7.93,0.16,10.0,0.19,86.0,0.2,20.0,0.81,66.0,0.8,30.0,0.82,0.31,0.83,5.0,0.02,0.01,2317.080289,1776236299000
1776236301.482,201.482,0.17,7.93,0.16,10.0,0.18,20.25,0.19,45.0,0.82,20.25,0.81,45.0,0.83,7.93,0.84,10.0,0.01,0.01,2317.087429,1776236300000
1776236301.814,201.814,0.17,47.83,0.16,10.0,0.18,24.0,0.19,25.0,0.82,29.0,0.81,20.0,0.83,41.18,0.84,10.0,0.01,0.01,2317.087429,1776236300000
1776236302.073,202.073,0.17,36.8,0.16,10.0,0.18,24.0,0.19,25.0,0.82,24.0,0.81,25.0,0.83,36.8,0.84,10.0,0.01,0.01,2317.060641,1776236301000
1776236303.225,203.225,0.17,41.8,0.16,10.0,0.18,12.8,0.19,25.0,0.82,12.8,0.81,25.0,0.83,41.8,0.84,10.0,0.01,0.01,2317.031636,1776236302000
1776236304.146,204.146,0.17,36.8,0.16,10.0,0.18,10.8,0.19,20.0,0.82,12.8,0.81,25.0,0.83,41.8,0.84,10.0,0.01,0.01,2317.031636,1776236302000
1776236304.414,204.414,0.17,36.8,0.16,10.0,0.18,10.8,0.19,20.0,0.82,10.8,0.81,20.0,0.83,36.8,0.84,10.0,0.01,0.01,2317.035071,1776236303000
1776236304.992,204.992,0.17,36.8,0.16,10.0,0.18,10.8,0.19,20.0,0.82,10.8,0.81,20.0,0.83,36.8,0.84,10.0,0.01,0.01,2317.035071,1776236304000
1776236305.942,205.942,0.18,19.39,0.17,43.25,0.19,51.0,0.2,15.0,0.79,55.46,0.78,17.0,0.83,47.74,0.84,10.0,0.01,0.04,2317.035071,1776236304000
1776236306.147,206.147,0.18,19.39,0.17,43.25,0.19,51.0,0.2,15.0,0.81,51.0,0.8,15.0,0.82,19.39,0.83,43.25,0.01,0.01,2317.028159,1776236305000
1776236307.947,207.947,0.18,19.39,0.17,43.25,0.19,51.0,0.2,15.0,0.81,51.0,0.8,15.0,0.82,19.39,0.83,43.25,0.01,0.01,2317.033672,1776236306000
1776236308.935,208.935,0.17,7.94,0.16,15.0,0.18,41.0,0.19,41.0,0.81,51.0,0.8,15.0,0.82,19.39,0.83,43.25,0.01,0.01,2317.033672,1776236306000
1776236309.144,209.144,0.17,7.94,0.16,15.0,0.18,41.0,0.19,41.0,0.82,41.0,0.81,41.0,0.83,7.94,0.84,15.0,0.01,0.01,2317.043673,1776236307000
1776236309.919,209.919,0.17,7.94,0.16,15.0,0.18,41.0,0.19,41.0,0.82,41.0,0.81,41.0,0.83,7.94,0.84,15.0,0.01,0.01,2317.032618,1776236308000
1776236310.591,210.591,0.16,21.31,0.15,37.31,0.17,45.11,0.18,41.0,0.83,45.11,0.82,41.0,0.84,21.31,0.85,37.31,0.01,0.01,2317.027623,1776236309000
1776236310.996,210.996,0.16,7.4,0.15,37.31,0.17,40.11,0.18,41.0,0.83,40.11,0.82,41.0,0.84,34.4,0.85,62.31,0.01,0.01,2317.027623,1776236309000
1776236311.911,211.911,0.16,7.4,0.15,37.31,0.17,40.11,0.18,41.0,0.83,40.11,0.82,41.0,0.84,7.4,0.85,37.31,0.01,0.01,2317.027067,1776236310000
1776236312.712,212.712,0.16,7.4,0.15,37.31,0.17,40.11,0.18,41.0,0.83,40.11,0.82,41.0,0.84,7.4,0.85,37.31,0.01,0.01,2316.996046,1776236311000
1776236312.921,212.921,0.15,80.56,0.14,40.0,0.16,15.0,0.17,45.11,0.84,15.0,0.83,45.11,0.85,76.74,0.86,40.0,0.01,0.01,2316.996046,1776236311000
1776236313.431,213.431,0.15,70.38,0.14,40.0,0.16,8.75,0.17,55.11,0.84,8.75,0.83,45.11,0.85,80.56,0.86,40.0,0.01,0.01,2316.996046,1776236311000
1776236313.949,213.949,0.15,59.74,0.14,40.0,0.16,18.75,0.17,55.11,0.84,8.75,0.83,55.11,0.85,70.38,0.86,40.0,0.01,0.01,2316.998192,1776236312000
1776236314.425,214.425,0.15,59.74,0.14,40.0,0.16,18.75,0.17,55.11,0.84,18.75,0.83,55.11,0.85,59.74,0.86,40.0,0.01,0.01,2317.028821,1776236313000
1776236315.203,215.203,0.15,49.68,0.14,40.0,0.16,8.75,0.17,55.11,0.84,8.75,0.83,55.11,0.85,49.68,0.86,40.0,0.01,0.01,2316.99955,1776236314000
1776236316.618,216.618,0.15,41.68,0.14,40.0,0.16,8.75,0.17,55.11,0.84,8.75,0.83,55.11,0.85,41.68,0.86,40.0,0.01,0.01,2317.036594,1776236315000
1776236317.34,217.34,0.15,41.68,0.14,40.0,0.16,8.75,0.17,55.11,0.84,8.75,0.83,55.11,0.85,41.68,0.86,40.0,0.01,0.01,2317.025996,1776236316000
1776236318.087,218.087,0.15,41.68,0.14,40.0,0.16,8.75,0.17,55.11,0.84,8.75,0.83,55.11,0.85,41.68,0.86,40.0,0.01,0.01,2317.009886,1776236317000
1776236319.549,219.549,0.15,41.68,0.14,40.0,0.16,8.75,0.17,55.11,0.84,8.75,0.83,55.11,0.85,41.68,0.86,40.0,0.01,0.01,2317.008161,1776236318000
1776236320.085,220.085,0.13,23.76,0.12,5.0,0.14,20.0,0.15,55.0,0.84,47.75,0.83,45.11,0.87,22.75,0.88,49.1,0.01,0.03,2317.008161,1776236318000
1776236321.776,221.776,0.13,48.76,0.12,5.0,0.14,18.68,0.15,55.0,0.86,18.68,0.85,55.0,0.87,48.76,0.88,5.0,0.01,0.01,2317.015463,1776236320000
1776236322.483,222.483,0.13,48.76,0.12,5.0,0.14,18.68,0.15,55.0,0.86,18.68,0.85,55.0,0.87,48.76,0.88,5.0,0.01,0.01,2316.946545,1776236321000
1776236323.245,223.245,0.13,48.76,0.12,5.0,0.14,18.68,0.15,55.0,0.86,18.68,0.85,55.0,0.87,48.76,0.88,5.0,0.01,0.01,2316.940903,1776236322000
1776236323.525,223.525,0.13,32.76,0.12,45.0,0.15,40.16,0.16,18.75,0.86,18.68,0.85,55.0,0.87,48.76,0.88,5.0,0.02,0.01,2316.940903,1776236322000
1776236324.728,224.728,0.13,32.76,0.12,45.0,0.15,40.16,0.16,18.75,0.85,40.16,0.84,18.75,0.87,32.76,0.88,45.0,0.02,0.02,2316.931812,1776236323000
1776236325.202,225.202,0.13,3.0,0.12,25.0,0.14,93.0,0.15,105.04,0.85,40.16,0.84,18.75,0.87,32.76,0.88,45.0,0.01,0.02,2316.931812,1776236323000
1776236325.507,225.507,0.08,11.9,0.07,5.0,0.09,10.0,0.1,20.0,0.91,10.0,0.9,20.0,0.92,11.9,0.93,5.0,0.01,0.01,2316.931831,1776236324000
1776236325.789,225.789,0.08,13.65,0.07,5.0,0.09,25.0,0.1,25.0,0.91,10.0,0.9,20.0,0.92,11.9,0.93,5.0,0.01,0.01,2316.931831,1776236324000
1776236325.997,225.997,0.08,6.03,0.07,5.0,0.09,23.06,0.1,25.0,0.91,25.0,0.9,25.0,0.92,13.65,0.93,5.0,0.01,0.01,2316.931831,1776236324000
1776236326.496,226.496,0.08,23.65,0.07,5.0,0.09,23.06,0.1,25.0,0.91,23.06,0.9,25.0,0.92,6.03,0.93,5.0,0.01,0.01,2316.933036,1776236325000
1776236326.887,226.887,0.08,71.5,0.07,5.0,0.09,23.06,0.1,25.0,0.91,23.06,0.9,25.0,0.92,23.65,0.93,5.0,0.01,0.01,2316.933036,1776236325000
1776236327.193,227.193,0.08,65.19,0.07,5.0,0.09,19.85,0.1,25.0,0.91,19.85,0.9,25.0,0.92,70.4,0.93,5.0,0.01,0.01,2316.933036,1776236325000
1776236327.523,227.523,0.08,70.16,0.07,5.0,0.09,10.0,0.1,25.0,0.91,19.85,0.9,25.0,0.92,65.19,0.93,5.0,0.01,0.01,2316.933036,1776236325000
1776236327.914,227.914,0.09,16.8,0.08,60.58,0.1,25.0,0.11,35.0,0.9,25.0,0.89,35.0,0.91,16.8,0.92,60.58,0.01,0.01,2316.687385,1776236326000
1776236328.127,228.127,0.1,8.0,0.09,21.8,0.11,66.79,0.12,54.1,0.9,25.0,0.89,35.0,0.91,16.8,0.92,60.58,0.01,0.01,2316.687385,1776236326000
1776236328.477,228.477,0.1,38.0,0.09,36.8,0.17,29.5,0.18,74.4,0.89,66.79,0.88,54.1,0.9,8.0,0.91,21.8,0.07,0.01,2316.687385,1776236326000
1776236328.722,228.722,0.1,83.0,0.09,31.8,0.17,21.51,0.18,24.4,0.83,21.51,0.82,24.4,0.9,83.0,0.91,31.8,0.07,0.07,2316.599635,1776236327000
1776236328.927,228.927,0.12,32.0,0.11,26.0,0.14,20.0,0.15,20.0,0.83,21.51,0.82,24.4,0.9,83.0,0.91,31.8,0.02,0.07,2316.599635,1776236327000
1776236329.174,229.174,0.12,32.0,0.11,26.0,0.14,12.83,0.15,20.0,0.86,20.0,0.85,20.0,0.87,3.27,0.88,32.0,0.02,0.01,2316.599635,1776236327000
1776236329.395,229.395,0.12,29.27,0.11,26.0,0.14,7.83,0.15,20.0,0.86,7.83,0.85,20.0,0.88,29.27,0.89,26.0,0.02,0.02,2316.606,1776236328000
1776236330.21,230.21,0.13,5.13,0.12,42.68,0.14,22.83,0.15,15.0,0.86,17.83,0.85,15.0,0.87,1.86,0.88,29.27,0.01,0.01,2316.606,1776236328000
1776236330.724,230.724,0.13,60.13,0.12,47.68,0.21,10.0,0.22,10.0,0.86,22.83,0.85,15.0,0.87,5.13,0.88,42.68,0.08,0.01,2316.606,1776236328000
1776236330.933,230.933,0.16,50.0,0.13,65.13,0.22,8.06,0.23,30.3,0.78,8.16,0.77,90.3,0.87,65.13,0.88,47.68,0.06,0.09,2316.606,1776236328000
1776236331.76,231.76,0.19,4.19,0.18,10.0,0.21,15.0,0.22,13.06,0.79,15.0,0.78,13.06,0.81,4.19,0.82,10.0,0.02,0.02,2316.952671,1776236330000
1776236332.432,232.432,0.19,4.19,0.18,10.0,0.21,15.0,0.22,13.06,0.79,15.0,0.78,13.06,0.81,4.19,0.82,10.0,0.02,0.02,2317.067895,1776236331000
1776236333.062,233.062,0.19,9.19,0.18,15.0,0.2,1.25,0.21,15.0,0.79,15.0,0.78,13.06,0.81,4.19,0.82,10.0,0.01,0.02,2317.067895,1776236331000
1776236333.541,233.541,0.21,3.67,0.2,15.0,0.22,118.39,0.23,15.0,0.77,10.0,0.76,17.0,0.81,14.19,0.82,15.0,0.01,0.04,2317.067895,1776236331000
1776236333.806,233.806,0.21,3.67,0.2,15.0,0.22,118.39,0.23,15.0,0.78,118.39,0.77,15.0,0.79,3.67,0.8,15.0,0.01,0.01,2317.153585,1776236332000
1776236334.49,234.49,0.21,3.67,0.2,15.0,0.22,118.39,0.23,15.0,0.78,118.39,0.77,15.0,0.79,3.67,0.8,15.0,0.01,0.01,2317.208054,1776236333000
1776236335.095,235.095,0.21,3.67,0.2,15.0,0.22,118.39,0.23,15.0,0.78,118.39,0.77,15.0,0.79,3.67,0.8,15.0,0.01,0.01,2317.25705,1776236334000
1776236335.922,235.922,0.18,13.04,0.17,15.0,0.2,52.26,0.21,20.0,0.78,118.39,0.77,15.0,0.79,3.67,0.8,15.0,0.02,0.01,2317.25705,1776236334000
1776236336.549,236.549,0.18,13.04,0.17,15.0,0.2,52.26,0.21,20.0,0.8,52.26,0.79,20.0,0.82,13.04,0.83,15.0,0.02,0.02,2317.260024,1776236335000
1776236336.786,236.786,0.17,2.22,0.16,34.0,0.2,45.81,0.21,20.0,0.8,52.26,0.79,20.0,0.82,13.04,0.83,15.0,0.03,0.02,2317.260024,1776236335000
1776236337.164,237.164,0.17,11.85,0.16,34.0,0.19,20.0,0.2,20.0,0.8,45.81,0.79,20.0,0.83,2.22,0.84,34.0,0.02,0.03,2317.260024,1776236335000
1776236337.607,237.607,0.17,11.85,0.16,34.0,0.19,20.0,0.2,20.0,0.81,20.0,0.8,20.0,0.83,11.85,0.84,34.0,0.02,0.02,2317.260049,1776236336000
1776236338.579,238.579,0.17,1.85,0.16,34.0,0.18,15.0,0.19,20.0,0.82,15.0,0.81,20.0,0.83,1.85,0.84,34.0,0.01,0.01,2317.260029,1776236337000
1776236339.213,239.213,0.17,1.38,0.16,34.0,0.18,20.0,0.19,20.0,0.82,20.0,0.81,20.0,0.83,1.38,0.84,34.0,0.01,0.01,2317.257137,1776236338000
1776236339.918,239.918,0.17,0.17,0.16,34.0,0.18,20.0,0.19,20.0,0.82,20.0,0.81,20.0,0.83,1.38,0.84,34.0,0.01,0.01,2317.257137,1776236338000
1776236340.482,240.482,0.16,24.0,0.15,25.0,0.18,20.0,0.19,20.0,0.82,20.0,0.81,20.0,0.83,0.17,0.84,34.0,0.02,0.01,2317.257137,1776236338000
1776236341.019,241.019,0.16,0.47,0.15,25.0,0.17,20.0,0.18,25.0,0.82,20.0,0.81,20.0,0.84,24.0,0.85,25.0,0.01,0.02,2317.249527,1776236339000
1776236341.272,241.272,0.16,0.47,0.15,25.0,0.17,20.0,0.18,25.0,0.83,20.0,0.82,25.0,0.84,0.47,0.85,25.0,0.01,0.01,2317.249527,1776236340000
1776236342.103,242.103,0.15,50.0,0.14,10.0,0.16,2.0,0.17,5.0,0.83,20.0,0.82,25.0,0.84,0.47,0.85,25.0,0.01,0.01,2317.249527,1776236340000
1776236343.108,243.108,0.26,5.0,0.25,10.0,0.27,11.38,0.3,40.3,0.73,6.38,0.67,75.0,0.81,16.0,0.84,53.8,0.01,0.08,2317.249483,1776236341000
1776236343.371,243.371,0.26,5.0,0.25,10.0,0.27,11.38,0.3,40.3,0.73,11.38,0.7,40.3,0.74,5.0,0.75,10.0,0.01,0.01,2317.288962,1776236342000
1776236344.137,244.137,0.26,5.0,0.25,10.0,0.27,18.0,0.3,33.3,0.73,18.0,0.7,33.3,0.74,5.0,0.75,10.0,0.01,0.01,2317.465995,1776236343000
1776236344.452,244.452,0.25,20.0,0.24,10.0,0.27,28.0,0.28,49.45,0.73,18.0,0.7,33.3,0.74,5.0,0.75,10.0,0.02,0.01,2317.465995,1776236343000
1776236345.318,245.318,0.26,25.0,0.25,15.0,0.27,30.91,0.28,64.45,0.73,28.0,0.72,49.45,0.75,20.0,0.76,10.0,0.01,0.02,2317.465995,1776236343000
1776236345.574,245.574,0.26,25.0,0.25,15.0,0.27,7.91,0.28,64.45,0.73,7.91,0.72,64.45,0.74,25.0,0.75,15.0,0.01,0.01,2317.513335,1776236344000
1776236346.278,246.278,0.26,25.0,0.25,15.0,0.27,7.91,0.28,64.45,0.73,7.91,0.72,64.45,0.74,25.0,0.75,15.0,0.01,0.01,2317.516782,1776236345000
1776236346.706,246.706,0.28,132.18,0.27,50.0,0.39,33.3,0.41,10.0,0.73,7.91,0.72,64.45,0.74,25.0,0.75,15.0,0.11,0.01,2317.516782,1776236345000
1776236346.984,246.984,0.4,54.0,0.39,25.0,0.43,25.0,0.44,30.0,0.59,5.46,0.57,25.0,0.6,52.0,0.61,20.0,0.03,0.01,2317.516782,1776236345000
1776236347.247,247.247,0.45,20.0,0.44,10.0,0.46,101.87,0.48,18.0,0.54,52.99,0.52,18.0,0.59,1.82,0.6,66.18,0.01,0.05,2317.516782,1776236345000
1776236347.464,247.464,0.45,32.0,0.44,10.0,0.46,79.39,0.48,18.0,0.54,100.7,0.52,18.0,0.55,20.0,0.56,10.0,0.01,0.01,2317.516782,1776236345000
1776236348.075,248.075,0.45,21.85,0.44,10.0,0.46,24.5,0.48,18.0,0.54,24.5,0.52,18.0,0.55,21.85,0.56,10.0,0.01,0.01,2317.525386,1776236347000
1776236348.825,248.825,0.49,28.03,0.48,10.0,0.52,20.0,0.53,5.0,0.48,5.0,0.47,5.0,0.55,60.85,0.56,15.0,0.03,0.07,2317.525386,1776236347000
1776236349.167,249.167,0.49,28.03,0.48,10.0,0.52,20.0,0.53,5.0,0.48,20.0,0.47,5.0,0.51,28.03,0.52,10.0,0.03,0.03,2317.78767,1776236348000
1776236349.771,249.771,0.51,44.95,0.5,25.0,0.52,45.0,0.53,77.07,0.48,20.0,0.47,5.0,0.51,28.03,0.52,10.0,0.01,0.03,2317.78767,1776236348000
1776236350.162,250.162,0.51,34.95,0.5,15.0,0.52,5.0,0.53,77.07,0.48,45.0,0.47,77.07,0.49,44.95,0.5,25.0,0.01,0.01,2317.78767,1776236348000
1776236350.85,250.85,0.52,163.17,0.51,101.95,0.54,5.0,0.56,5.0,0.48,5.0,0.47,77.07,0.49,34.95,0.5,15.0,0.02,0.01,2318.00335,1776236349000
1776236351.156,251.156,0.61,10.0,0.6,22.0,0.62,2.07,0.63,110.16,0.37,110.16,0.36,80.0,0.39,2.0,0.4,22.0,0.01,0.02,2318.00315,1776236350000
1776236351.572,251.572,0.61,15.0,0.6,22.0,0.63,91.94,0.64,80.0,0.38,17.91,0.37,104.42,0.4,12.0,0.41,10.0,0.02,0.02,2318.00315,1776236350000
1776236351.902,251.902,0.6,17.0,0.59,15.0,0.61,13.44,0.63,86.94,0.37,86.94,0.36,80.0,0.39,2.69,0.4,22.0,0.01,0.02,2318.00315,1776236350000
1776236352.759,252.759,0.6,12.0,0.59,15.0,0.61,17.98,0.63,86.94,0.39,13.44,0.37,86.94,0.4,17.0,0.41,15.0,0.01,0.01,2318.0232,1776236351000
1776236353.156,253.156,0.6,22.0,0.59,15.0,0.61,7.81,0.63,86.94,0.39,7.81,0.37,86.94,0.4,22.0,0.41,15.0,0.01,0.01,2318.033933,1776236352000
1776236353.52,253.52,0.6,39.0,0.59,5.0,0.63,84.63,0.64,80.0,0.39,9.06,0.37,86.94,0.4,17.0,0.41,5.0,0.03,0.01,2318.033933,1776236352000
1776236353.856,253.856,0.6,39.0,0.59,5.0,0.61,13.59,0.63,84.63,0.37,84.63,0.36,80.0,0.4,39.0,0.41,5.0,0.01,0.03,2318.033933,1776236352000
1776236354.276,254.276,0.61,6.0,0.6,34.0,0.63,84.63,0.64,80.0,0.37,84.63,0.36,80.0,0.39,6.0,0.4,34.0,0.02,0.02,2318.158762,1776236353000
1776236354.548,254.548,0.62,15.64,0.61,11.0,0.63,94.63,0.64,80.0,0.37,84.63,0.36,80.0,0.39,6.0,0.4,34.0,0.01,0.02,2318.158762,1776236353000
1776236354.896,254.896,0.62,10.64,0.61,6.0,0.63,89.63,0.64,80.0,0.37,94.63,0.36,80.0,0.38,15.64,0.39,11.0,0.01,0.01,2318.158762,1776236353000
1776236355.118,255.118,0.62,5.64,0.61,6.0,0.63,94.63,0.64,80.0,0.37,89.63,0.36,80.0,0.38,10.64,0.39,6.0,0.01,0.01,2318.187806,1776236354000
1776236355.476,255.476,0.61,16.0,0.6,19.0,0.63,88.88,0.64,80.0,0.37,94.63,0.36,80.0,0.38,5.64,0.39,6.0,0.02,0.01,2318.187806,1776236354000
1776236355.967,255.967,0.54,12.36,0.53,10.0,0.63,18.88,0.64,10.0,0.37,88.88,0.36,80.0,0.39,16.0,0.4,19.0,0.09,0.02,2318.187806,1776236354000
1776236357.212,257.212,0.54,12.36,0.53,10.0,0.63,18.88,0.64,10.0,0.37,18.88,0.36,10.0,0.46,12.36,0.47,10.0,0.09,0.09,2318.18715,1776236356000
1776236358.33,258.33,0.54,12.36,0.53,10.0,0.63,18.88,0.64,10.0,0.37,18.88,0.36,10.0,0.46,12.36,0.47,10.0,0.09,0.09,2318.170422,1776236357000
1776236359.264,259.264,0.54,32.18,0.53,35.18,0.56,7.91,0.57,10.0,0.45,15.0,0.44,10.0,0.47,50.18,0.48,23.18,0.02,0.02,2318.170422,1776236357000
1776236359.853,259.853,0.55,39.73,0.54,22.0,0.56,2.91,0.57,10.0,0.44,7.91,0.43,10.0,0.46,32.18,0.47,35.18,0.01,0.02,2318.170375,1776236358000
1776236360.056,260.056,0.55,57.72,0.54,22.0,0.56,1.12,0.57,10.0,0.44,1.12,0.43,10.0,0.45,57.72,0.46,22.0,0.01,0.01,2318.16257,1776236359000
1776236360.989,260.989,0.56,47.18,0.55,22.0,0.58,7.65,0.59,80.0,0.44,1.12,0.43,10.0,0.45,57.72,0.46,22.0,0.02,0.01,2318.16257,1776236359000
1776236362.477,262.477,0.57,51.18,0.56,27.0,0.58,8.27,0.59,82.29,0.41,82.29,0.4,90.0,0.43,10.99,0.44,37.0,0.01,0.02,2318.163054,1776236360000
1776236362.724,262.724,0.57,51.18,0.56,27.0,0.58,8.27,0.59,82.29,0.42,8.27,0.41,82.29,0.43,51.18,0.44,27.0,0.01,0.01,2318.16306,1776236361000
1776236362.999,262.999,0.57,31.18,0.56,17.0,0.58,8.27,0.59,15.0,0.42,8.27,0.41,82.29,0.43,51.18,0.44,27.0,0.01,0.01,2318.16306,1776236361000
1776236363.351,263.351,0.57,31.18,0.56,17.0,0.59,13.27,0.6,90.0,0.41,13.27,0.4,90.0,0.43,31.18,0.44,17.0,0.02,0.02,2318.155403,1776236362000
1776236364.306,264.306,0.57,31.18,0.56,17.0,0.59,13.27,0.6,90.0,0.41,13.27,0.4,90.0,0.43,31.18,0.44,17.0,0.02,0.02,2318.159916,1776236363000
1776236365.091,265.091,0.56,12.0,0.54,14.5,0.58,15.0,0.59,13.27,0.41,13.27,0.4,90.0,0.43,31.18,0.44,17.0,0.02,0.02,2318.159916,1776236363000
1776236365.383,265.383,0.46,53.4,0.45,19.6,0.49,60.22,0.5,10.0,0.51,60.22,0.5,10.0,0.54,53.4,0.55,19.6,0.03,0.03,2318.160015,1776236364000
1776236366.102,266.102,0.46,40.0,0.45,24.6,0.49,69.3,0.5,10.0,0.53,20.0,0.52,15.0,0.54,49.8,0.55,24.6,0.03,0.01,2318.160015,1776236364000
1776236366.325,266.325,0.46,55.0,0.45,24.6,0.48,6.04,0.49,69.3,0.52,6.04,0.51,69.3,0.54,55.0,0.55,24.6,0.02,0.02,2318.160022,1776236365000
1776236366.562,266.562,0.47,15.21,0.46,50.0,0.48,6.04,0.49,69.3,0.52,6.04,0.51,69.3,0.54,55.0,0.55,24.6,0.01,0.02,2318.160022,1776236365000
1776236366.912,266.912,0.47,15.21,0.46,50.0,0.48,6.04,0.49,69.3,0.52,6.04,0.51,69.3,0.53,15.21,0.54,50.0,0.01,0.01,2318.119356,1776236366000
1776236367.874,267.874,0.47,15.21,0.46,50.0,0.48,6.04,0.49,69.3,0.52,6.04,0.51,69.3,0.53,15.21,0.54,50.0,0.01,0.01,2318.055279,1776236367000
1776236368.203,268.203,0.47,64.21,0.46,10.0,0.48,6.04,0.49,69.3,0.52,6.04,0.51,69.3,0.53,15.21,0.54,50.0,0.01,0.01,2318.055279,1776236367000
1776236368.977,268.977,0.47,58.21,0.46,10.0,0.48,6.04,0.49,69.3,0.52,6.04,0.51,69.3,0.53,58.21,0.54,10.0,0.01,0.01,2318.053429,1776236368000
1776236369.857,269.857,0.47,63.21,0.46,10.0,0.48,0.83,0.49,69.3,0.52,6.04,0.51,69.3,0.53,58.21,0.54,10.0,0.01,0.01,2318.053429,1776236368000
1776236370.364,270.364,0.47,53.77,0.46,20.0,0.48,0.83,0.49,69.3,0.52,0.83,0.51,69.3,0.53,63.21,0.54,10.0,0.01,0.01,2318.044786,1776236369000
1776236370.624,270.624,0.47,41.67,0.46,20.0,0.49,74.3,0.5,10.0,0.52,0.83,0.51,69.3,0.53,53.77,0.54,20.0,0.02,0.01,2318.044786,1776236369000
1776236371.082,271.082,0.47,41.67,0.46,20.0,0.49,74.3,0.5,10.0,0.51,74.3,0.5,10.0,0.53,41.67,0.54,20.0,0.02,0.02,2318.044634,1776236370000
1776236372.199,272.199,0.47,41.67,0.46,20.0,0.49,74.3,0.5,10.0,0.51,74.3,0.5,10.0,0.53,41.67,0.54,20.0,0.02,0.02,2318.047767,1776236371000
1776236373.16,273.16,0.47,41.67,0.46,20.0,0.49,74.3,0.5,10.0,0.51,74.3,0.5,10.0,0.53,41.67,0.54,20.0,0.02,0.02,2318.069495,1776236372000
1776236374.085,274.085,0.47,41.67,0.46,20.0,0.49,74.3,0.5,10.0,0.51,74.3,0.5,10.0,0.53,41.67,0.54,20.0,0.02,0.02,2318.069511,1776236373000
1776236375.032,275.032,0.47,41.67,0.46,20.0,0.49,74.3,0.5,10.0,0.51,74.3,0.5,10.0,0.53,41.67,0.54,20.0,0.02,0.02,2318.049271,1776236374000
1776236376.11,276.11,0.47,41.67,0.46,20.0,0.49,74.3,0.5,10.0,0.51,74.3,0.5,10.0,0.53,41.67,0.54,20.0,0.02,0.02,2318.057694,1776236375000
1776236376.891,276.891,0.48,38.8,0.47,20.0,0.49,85.3,0.5,10.0,0.51,74.3,0.5,10.0,0.53,41.67,0.54,20.0,0.01,0.02,2318.057694,1776236375000
1776236377.176,277.176,0.48,44.88,0.47,20.0,0.49,85.3,0.5,10.0,0.51,85.3,0.5,10.0,0.52,38.8,0.53,20.0,0.01,0.01,2318.057694,1776236375000
1776236377.443,277.443,0.48,3.88,0.47,20.0,0.49,80.21,0.5,10.0,0.51,75.21,0.5,10.0,0.52,44.88,0.53,20.0,0.01,0.01,2318.056059,1776236376000
1776236377.786,277.786,0.41,3.76,0.4,80.0,0.44,10.0,0.45,5.0,0.51,80.21,0.5,10.0,0.52,3.88,0.53,20.0,0.03,0.01,2318.056059,1776236376000
1776236378.196,278.196,0.41,3.76,0.4,80.0,0.44,10.0,0.45,5.0,0.56,10.0,0.55,5.0,0.59,3.76,0.6,80.0,0.03,0.03,2318.044293,1776236377000
1776236378.643,278.643,0.43,13.49,0.42,15.0,0.44,5.0,0.45,15.0,0.56,10.0,0.55,5.0,0.59,3.76,0.6,80.0,0.01,0.03,2318.044293,1776236377000
1776236379.222,279.222,0.43,13.49,0.42,15.0,0.44,5.0,0.45,15.0,0.56,5.0,0.55,15.0,0.57,13.49,0.58,15.0,0.01,0.01,2318.02131,1776236378000
1776236379.579,279.579,0.4,49.1,0.39,10.0,0.41,15.0,0.42,15.0,0.57,20.0,0.56,15.0,0.6,55.1,0.62,70.0,0.01,0.03,2318.02131,1776236378000
1776236380.291,280.291,0.38,80.0,0.37,80.0,0.41,15.0,0.42,15.0,0.59,15.0,0.58,15.0,0.62,80.0,0.63,80.0,0.03,0.03,2318.020566,1776236379000
1776236380.574,280.574,0.38,9.75,0.37,80.0,0.4,20.0,0.41,15.0,0.59,15.0,0.58,15.0,0.62,80.0,0.63,80.0,0.02,0.03,2318.020566,1776236379000
1776236381.225,281.225,0.38,9.75,0.37,80.0,0.4,20.0,0.41,15.0,0.6,20.0,0.59,15.0,0.62,9.75,0.63,80.0,0.02,0.02,2318.020542,1776236380000
1776236382.206,282.206,0.38,9.75,0.37,80.0,0.4,20.0,0.41,15.0,0.6,20.0,0.59,15.0,0.62,9.75,0.63,80.0,0.02,0.02,2318.018081,1776236381000
1776236382.445,282.445,0.38,14.75,0.37,70.0,0.39,25.0,0.4,20.0,0.6,20.0,0.59,15.0,0.62,9.75,0.63,80.0,0.01,0.02,2318.018081,1776236381000
1776236383.083,283.083,0.37,80.12,0.36,10.0,0.38,5.0,0.39,20.0,0.61,25.0,0.6,20.0,0.62,14.75,0.63,70.0,0.01,0.01,2318.018081,1776236381000
1776236383.41,283.41,0.37,49.24,0.35,80.0,0.38,20.0,0.39,20.0,0.62,5.0,0.61,20.0,0.63,80.12,0.64,10.0,0.01,0.01,2318.01436,1776236382000
1776236384.203,284.203,0.37,49.24,0.35,80.0,0.38,20.0,0.39,20.0,0.62,20.0,0.61,20.0,0.63,49.24,0.65,80.0,0.01,0.01,2318.012856,1776236383000
1776236384.53,284.53,0.37,28.1,0.36,10.0,0.38,5.0,0.39,20.0,0.62,20.0,0.61,20.0,0.63,49.24,0.65,80.0,0.01,0.01,2318.012856,1776236383000
1776236384.898,284.898,0.37,1.59,0.36,20.0,0.38,10.0,0.39,10.0,0.62,5.0,0.61,20.0,0.63,5.92,0.64,10.0,0.01,0.01,2318.012856,1776236383000
1776236385.168,285.168,0.35,65.45,0.34,10.0,0.45,10.0,0.46,130.0,0.55,10.0,0.54,130.0,0.65,65.45,0.66,10.0,0.1,0.1,2318.012566,1776236384000
1776236385.867,285.867,0.44,10.0,0.43,20.0,0.46,39.45,0.48,5.0,0.55,10.0,0.54,130.0,0.65,65.45,0.66,10.0,0.02,0.1,2318.012566,1776236384000
1776236386.197,286.197,0.44,10.0,0.43,20.0,0.46,39.45,0.48,5.0,0.54,39.45,0.52,5.0,0.56,10.0,0.57,20.0,0.02,0.02,2318.012217,1776236385000
1776236387.176,287.176,0.44,10.0,0.43,20.0,0.46,39.45,0.48,5.0,0.54,39.45,0.52,5.0,0.56,10.0,0.57,20.0,0.02,0.02,2318.042205,1776236386000
1776236388.212,288.212,0.44,10.0,0.43,20.0,0.46,39.45,0.48,5.0,0.54,39.45,0.52,5.0,0.56,10.0,0.57,20.0,0.02,0.02,2318.056069,1776236387000
1776236388.582,288.582,0.45,25.0,0.44,15.0,0.46,44.64,0.48,15.0,0.54,39.45,0.52,5.0,0.56,10.0,0.57,20.0,0.01,0.02,2318.056069,1776236387000
1776236388.893,288.893,0.45,17.72,0.44,15.0,0.46,44.64,0.48,15.0,0.54,44.64,0.52,15.0,0.55,25.0,0.56,15.0,0.01,0.01,2318.056069,1776236387000
1776236389.226,289.226,0.45,13.03,0.44,15.0,0.46,49.64,0.48,15.0,0.54,49.64,0.52,15.0,0.55,13.03,0.56,15.0,0.01,0.01,2318.036369,1776236388000
1776236389.582,289.582,0.45,2.74,0.44,25.0,0.46,40.29,0.48,35.0,0.54,45.29,0.52,15.0,0.55,10.0,0.56,15.0,0.01,0.01,2318.036369,1776236388000
1776236389.859,289.859,0.48,94.0,0.47,15.0,0.49,2.16,0.61,50.0,0.52,10.29,0.51,59.21,0.55,2.74,0.56,25.0,0.01,0.03,2318.036369,1776236388000
1776236390.157,290.157,0.6,42.0,0.59,15.0,0.61,15.42,0.66,80.0,0.39,35.03,0.34,80.0,0.4,72.0,0.41,10.0,0.01,0.01,2318.036369,1776236388000
1776236390.448,290.448,0.62,10.0,0.61,10.0,0.66,85.0,0.71,93.3,0.34,80.0,0.29,83.3,0.4,42.0,0.41,15.0,0.04,0.06,2318.040754,1776236389000
1776236390.863,290.863,0.7,15.0,0.69,15.0,0.76,50.0,0.8,5.0,0.34,21.63,0.29,60.0,0.36,6.66,0.37,10.0,0.06,0.02,2318.040754,1776236389000
1776236391.228,291.228,0.75,10.0,0.74,10.0,0.8,5.0,0.81,50.0,0.2,5.0,0.19,50.0,0.25,10.0,0.26,10.0,0.05,0.05,2318.061713,1776236390000
1776236391.597,291.597,0.79,10.0,0.78,10.0,0.8,281.45,0.81,60.0,0.2,271.4,0.19,60.0,0.21,5.0,0.22,10.0,0.01,0.01,2318.061713,1776236390000
1776236392.015,292.015,0.82,10.0,0.81,10.0,0.83,62.77,0.84,80.0,0.2,64.67,0.19,130.0,0.21,26.52,0.22,10.0,0.01,0.01,2318.061713,1776236390000
1776236392.228,292.228,0.8,26.52,0.79,15.0,0.82,4.75,0.83,72.77,0.18,13.78,0.17,72.77,0.2,10.0,0.21,10.0,0.02,0.02,2318.17775,1776236391000
1776236392.479,292.479,0.81,31.52,0.8,15.0,0.82,12.31,0.83,72.77,0.18,13.52,0.17,72.77,0.19,20.0,0.2,26.52,0.01,0.01,2318.17775,1776236391000
1776236392.747,292.747,0.81,31.52,0.8,15.0,0.83,72.77,0.84,80.0,0.18,8.56,0.17,72.77,0.19,21.52,0.2,15.0,0.02,0.01,2318.17775,1776236391000
1776236393.033,293.033,0.81,4.46,0.8,15.0,0.83,62.77,0.84,80.0,0.17,72.77,0.16,80.0,0.19,31.52,0.2,15.0,0.02,0.02,2318.17775,1776236391000
1776236393.269,293.269,0.73,4.57,0.72,10.0,0.83,68.71,0.84,80.0,0.17,67.77,0.16,80.0,0.27,5.29,0.28,10.0,0.1,0.1,2318.22305,1776236392000
1776236393.684,293.684,0.68,7.45,0.66,57.22,0.83,68.71,0.84,80.0,0.17,68.71,0.16,80.0,0.34,57.22,0.35,10.0,0.15,0.17,2318.22305,1776236392000
1776236394.286,294.286,0.76,6.57,0.71,10.0,0.78,60.0,0.83,25.94,0.22,60.0,0.17,25.94,0.24,6.57,0.29,10.0,0.02,0.02,2318.230455,1776236393000
1776236394.626,294.626,0.66,47.22,0.61,50.0,0.67,87.04,0.68,80.0,0.33,16.0,0.24,57.36,0.34,47.22,0.39,50.0,0.01,0.01,2318.230455,1776236393000
1776236394.881,294.881,0.61,55.0,0.6,30.0,0.65,8.49,0.66,90.6,0.37,0.97,0.34,10.6,0.39,50.0,0.4,30.0,0.04,0.02,2318.230455,1776236393000
1776236395.192,295.192,0.61,55.0,0.6,5.0,0.63,9.36,0.64,15.0,0.34,76.37,0.33,82.04,0.39,55.0,0.4,30.0,0.02,0.05,2318.230455,1776236393000
1776236395.732,295.732,0.64,35.0,0.63,15.0,0.66,4.37,0.67,26.0,0.36,15.0,0.35,10.0,0.38,8.8,0.39,75.0,0.02,0.02,2318.258329,1776236394000
1776236396.172,296.172,0.62,11.79,0.61,60.0,0.67,16.0,0.72,10.0,0.33,16.0,0.28,10.0,0.38,11.79,0.39,60.0,0.05,0.05,2318.19315,1776236395000
1776236396.454,296.454,0.66,20.0,0.65,10.0,0.67,24.36,0.68,15.0,0.33,16.0,0.28,10.0,0.38,11.79,0.39,60.0,0.01,0.05,2318.19315,1776236395000
1776236396.731,296.731,0.68,15.69,0.67,15.0,0.69,13.51,0.7,10.0,0.31,8.51,0.3,10.0,0.34,20.0,0.35,10.0,0.01,0.03,2318.19315,1776236395000
1776236397.332,297.332,0.71,10.0,0.7,10.0,0.74,6.22,0.75,10.0,0.3,9.63,0.29,10.0,0.32,11.69,0.33,15.0,0.03,0.02,2318.19315,1776236395000
1776236397.581,297.581,0.74,30.54,0.71,10.0,0.75,15.0,0.76,10.0,0.26,3.41,0.25,10.0,0.27,10.0,0.28,15.0,0.01,0.01,2318.17815,1776236396000
1776236397.8,297.8,0.69,42.77,0.68,6.69,0.75,1185.08,0.76,51.9,0.25,1027.17,0.24,51.9,0.26,30.54,0.29,10.0,0.06,0.01,2318.17815,1776236396000
1776236398.077,298.077,0.2,20.0,0.19,15.31,0.21,128.97,0.23,10.0,0.69,5.16,0.68,10.0,0.8,10.0,0.85,10.0,0.01,0.11,2318.17815,1776236396000
1776236398.286,298.286,0.18,36.81,0.17,10.0,0.2,151.71,0.21,11.0,0.8,146.71,0.79,11.0,0.81,15.31,0.82,40.0,0.02,0.01,2318.17815,1776236396000
1776236398.625,298.625,0.19,53.22,0.18,22.04,0.2,190.95,0.21,21.0,0.8,181.17,0.79,21.0,0.81,58.45,0.82,32.04,0.01,0.01,2318.19347,1776236397000
1776236398.842,298.842,0.18,22.04,0.17,15.94,0.2,141.33,0.21,21.0,0.8,137.33,0.79,21.0,0.81,49.55,0.82,22.04,0.02,0.01,2318.19347,1776236397000
1776236399.079,299.079,0.17,15.94,0.16,16.31,0.23,7.07,0.24,10.0,0.82,6.07,0.81,142.08,0.83,15.94,0.84,60.0,0.06,0.01,2318.19347,1776236397000
1776236399.346,299.346,0.17,15.94,0.16,16.31,0.23,7.07,0.24,10.0,0.77,7.07,0.76,10.0,0.83,15.94,0.84,16.31,0.06,0.06,2318.18015,1776236398000
1776236399.604,299.604,0.19,27.47,0.18,5.61,0.33,4.98,0.34,10.0,0.67,4.98,0.66,10.0,0.81,22.66,0.82,34.53,0.14,0.14,2318.18015,1776236398000
1776236399.868,299.868,0.34,6.49,0.33,15.15,0.35,25.97,0.36,10.0,0.65,25.97,0.64,10.0,0.68,15.62,0.81,46.78,0.01,0.03,2318.18015,1776236398000
1776236400.089,300.089,0.19,24.12,0.07,50.0,0.35,116.16,0.39,20.0,0.65,115.96,0.64,10.0,0.81,18.81,0.83,10.0,0.16,0.16,2318.18015,1776236398000
1776236400.289,300.289,0.19,18.81,0.07,50.0,0.35,9.8,0.39,20.0,0.71,3.5,0.7,0.14,0.81,18.81,0.93,50.0,0.16,0.1,2318.18015,1776236398000
1776236400.502,300.502,0.2,11.04,0.07,50.0,0.35,1.11,0.4,12.0,0.61,3.8,0.6,12.0,0.8,11.04,0.93,64.42,0.15,0.19,2318.047145,1776236399000
1776236400.708,300.708,0.2,14.79,0.07,50.0,0.35,1.11,0.4,12.0,0.65,1.11,0.6,12.0,0.8,24.84,0.93,50.0,0.15,0.15,2318.047145,1776236399000
