timestamp,elapsed_sec,up_bid_p1,up_bid_s1,up_bid_p2,up_bid_s2,up_ask_p1,up_ask_s1,up_ask_p2,up_ask_s2,down_bid_p1,down_bid_s1,down_bid_p2,down_bid_s2,down_ask_p1,down_ask_s1,down_ask_p2,down_ask_s2,up_spread,down_spread,eth_price,eth_oracle_ts
1776222011.35,11.35,0.54,5.0,0.53,30.0,0.55,49.63,0.56,35.36,0.45,50.0,0.44,49.99,0.46,5.0,0.47,30.0,0.01,0.01,2325.851377,1776222009000
1776222011.672,11.672,0.53,26.0,0.52,24.39,0.55,26.36,0.56,49.99,0.45,50.0,0.44,49.99,0.46,5.0,0.47,30.0,0.02,0.01,2325.851377,1776222009000
1776222012.146,12.146,0.53,18.0,0.52,24.39,0.55,46.36,0.56,49.99,0.45,26.36,0.44,49.99,0.47,26.0,0.48,24.39,0.02,0.02,2325.856112,1776222010000
1776222012.454,12.454,0.53,18.0,0.52,24.39,0.55,46.36,0.56,49.99,0.45,46.36,0.44,49.99,0.47,18.0,0.48,24.39,0.02,0.02,2325.822363,1776222011000
1776222013.162,13.162,0.53,25.0,0.52,24.39,0.54,20.0,0.55,41.36,0.46,20.0,0.45,41.36,0.47,25.0,0.48,24.39,0.01,0.01,2325.798818,1776222012000
1776222014.307,14.307,0.53,25.0,0.52,24.39,0.54,20.0,0.55,41.36,0.46,20.0,0.45,41.36,0.47,25.0,0.48,24.39,0.01,0.01,2325.701287,1776222013000
1776222015.568,15.568,0.53,25.0,0.52,24.39,0.54,20.0,0.55,41.36,0.46,20.0,0.45,41.36,0.47,25.0,0.48,24.39,0.01,0.01,2325.761741,1776222014000
1776222016.186,16.186,0.53,25.0,0.52,24.39,0.54,20.0,0.55,41.36,0.46,20.0,0.45,41.36,0.47,25.0,0.48,24.39,0.01,0.01,2325.761145,1776222015000
1776222017.259,17.259,0.53,25.0,0.52,24.39,0.54,20.0,0.55,41.36,0.46,20.0,0.45,41.36,0.47,25.0,0.48,24.39,0.01,0.01,2325.704398,1776222016000
1776222018.48,18.48,0.53,25.0,0.52,24.39,0.54,20.0,0.55,41.36,0.46,20.0,0.45,41.36,0.47,25.0,0.48,24.39,0.01,0.01,2325.704448,1776222017000
1776222019.09,19.09,0.53,25.0,0.52,24.39,0.54,20.0,0.55,41.36,0.46,20.0,0.45,41.36,0.47,25.0,0.48,24.39,0.01,0.01,2325.704448,1776222018000
1776222020.25,20.25,0.53,25.0,0.52,24.39,0.54,20.0,0.55,41.36,0.46,20.0,0.45,41.36,0.47,25.0,0.48,24.39,0.01,0.01,2325.689569,1776222019000
1776222021.344,21.344,0.53,25.0,0.52,24.39,0.54,20.0,0.55,41.36,0.46,20.0,0.45,41.36,0.47,25.0,0.48,24.39,0.01,0.01,2325.684656,1776222020000
1776222022.522,22.522,0.53,25.0,0.52,24.39,0.54,20.0,0.55,41.36,0.46,20.0,0.45,41.36,0.47,25.0,0.48,24.39,0.01,0.01,2325.686028,1776222021000
1776222023.365,23.365,0.53,25.0,0.52,24.39,0.54,20.0,0.55,41.36,0.46,20.0,0.45,41.36,0.47,25.0,0.48,24.39,0.01,0.01,2325.69122,1776222022000
1776222023.774,23.774,0.48,3.34,0.46,21.5,0.53,20.0,0.54,74.63,0.46,20.0,0.45,41.36,0.47,25.0,0.48,24.39,0.05,0.01,2325.69122,1776222022000
1776222024.046,24.046,0.46,21.4,0.43,15.0,0.47,101.66,0.48,86.0,0.53,101.66,0.52,86.0,0.54,21.4,0.57,15.0,0.01,0.01,2325.693131,1776222023000
1776222024.704,24.704,0.42,15.0,0.41,5.0,0.43,7.37,0.44,31.0,0.56,10.0,0.55,16.0,0.57,2.63,0.58,15.0,0.01,0.01,2325.693131,1776222023000
1776222024.934,24.934,0.42,20.0,0.41,5.0,0.43,32.0,0.44,31.0,0.57,7.37,0.56,31.0,0.58,15.0,0.59,5.0,0.01,0.01,2325.693131,1776222023000
1776222025.183,25.183,0.42,20.0,0.41,5.0,0.43,32.0,0.44,31.0,0.57,32.0,0.56,31.0,0.58,20.0,0.59,5.0,0.01,0.01,2325.709608,1776222024000
1776222025.745,25.745,0.42,30.0,0.41,10.0,0.43,27.37,0.44,35.0,0.57,32.0,0.56,31.0,0.58,20.0,0.59,5.0,0.01,0.01,2325.709608,1776222024000
1776222026.286,26.286,0.42,35.0,0.41,10.0,0.43,21.37,0.44,35.0,0.57,27.37,0.56,35.0,0.58,30.0,0.59,10.0,0.01,0.01,2325.709608,1776222024000
1776222026.496,26.496,0.42,40.0,0.41,10.0,0.43,37.73,0.44,69.0,0.57,21.37,0.56,35.0,0.58,35.0,0.59,10.0,0.01,0.01,2325.33069,1776222025000
1776222027.439,27.439,0.42,40.0,0.41,10.0,0.43,37.73,0.44,69.0,0.57,37.73,0.56,69.0,0.58,40.0,0.59,10.0,0.01,0.01,2325.151663,1776222026000
1776222027.657,27.657,0.33,5.0,0.32,10.0,0.41,28.0,0.42,145.99,0.57,37.73,0.56,69.0,0.58,40.0,0.59,10.0,0.08,0.01,2325.151663,1776222026000
1776222027.936,27.936,0.29,22.09,0.28,20.0,0.3,30.0,0.31,10.0,0.7,10.0,0.69,10.0,0.71,13.64,0.72,20.0,0.01,0.01,2325.151663,1776222026000
1776222028.205,28.205,0.29,32.09,0.28,30.0,0.3,40.0,0.31,15.0,0.7,30.0,0.69,10.0,0.71,22.09,0.72,20.0,0.01,0.01,2325.145852,1776222027000
1776222028.413,28.413,0.28,35.0,0.27,10.0,0.3,35.0,0.31,15.0,0.7,40.0,0.69,15.0,0.71,7.09,0.72,30.0,0.02,0.01,2325.145852,1776222027000
1776222029.197,29.197,0.28,40.0,0.27,27.0,0.3,28.19,0.31,15.0,0.7,28.19,0.69,15.0,0.72,40.0,0.73,27.0,0.02,0.02,2324.995692,1776222028000
1776222029.593,29.593,0.33,33.0,0.32,5.0,0.34,31.0,0.35,15.0,0.7,28.19,0.69,15.0,0.72,40.0,0.73,27.0,0.01,0.02,2324.995692,1776222028000
1776222030.274,30.274,0.33,33.0,0.32,5.0,0.34,31.0,0.35,15.0,0.66,31.0,0.65,15.0,0.67,33.0,0.68,5.0,0.01,0.01,2324.671069,1776222029000
1776222030.608,30.608,0.41,15.0,0.4,20.0,0.42,19.36,0.43,22.0,0.66,31.0,0.65,15.0,0.67,33.0,0.68,5.0,0.01,0.01,2324.671069,1776222029000
1776222030.94,30.94,0.41,15.0,0.4,20.0,0.42,11.9,0.43,10.0,0.58,11.9,0.57,10.0,0.59,25.0,0.6,20.0,0.01,0.01,2324.671069,1776222029000
1776222031.374,31.374,0.41,15.0,0.4,31.0,0.42,19.51,0.43,10.0,0.58,19.51,0.57,10.0,0.59,15.0,0.6,31.0,0.01,0.01,2324.696622,1776222030000
1776222031.928,31.928,0.41,14.83,0.4,78.09,0.42,32.12,0.43,15.0,0.58,32.12,0.57,15.0,0.59,14.83,0.6,78.09,0.01,0.01,2324.725555,1776222031000
1776222033.064,33.064,0.41,14.83,0.4,78.09,0.42,32.12,0.43,15.0,0.58,32.12,0.57,15.0,0.59,14.83,0.6,78.09,0.01,0.01,2325.017628,1776222032000
1776222033.327,33.327,0.37,11.95,0.36,71.0,0.39,15.0,0.4,15.0,0.62,25.0,0.61,15.0,0.63,1.95,0.64,66.0,0.02,0.01,2325.017628,1776222032000
1776222034.179,34.179,0.37,11.95,0.36,71.0,0.39,15.0,0.4,15.0,0.61,15.0,0.6,15.0,0.63,11.95,0.64,71.0,0.02,0.02,2325.08761,1776222033000
1776222034.403,34.403,0.37,99.0,0.36,256.25,0.4,15.0,0.41,20.0,0.61,15.0,0.6,15.0,0.63,11.95,0.64,71.0,0.03,0.02,2325.08761,1776222033000
1776222035.373,35.373,0.37,99.0,0.36,256.25,0.4,15.0,0.41,20.0,0.6,15.0,0.59,20.0,0.63,99.0,0.64,256.25,0.03,0.03,2324.968025,1776222034000
1776222035.701,35.701,0.39,20.0,0.38,25.0,0.4,16.85,0.41,20.0,0.6,15.0,0.59,20.0,0.63,99.0,0.64,256.25,0.01,0.03,2324.968025,1776222034000
1776222036.336,36.336,0.39,20.0,0.38,25.0,0.4,16.85,0.41,20.0,0.6,16.85,0.59,20.0,0.61,20.0,0.62,25.0,0.01,0.01,2325.016772,1776222035000
1776222037.01,37.01,0.39,20.0,0.38,25.0,0.4,16.85,0.41,20.0,0.6,16.85,0.59,20.0,0.61,20.0,0.62,25.0,0.01,0.01,2325.054033,1776222036000
1776222038.128,38.128,0.39,20.0,0.38,25.0,0.4,16.85,0.41,20.0,0.6,16.85,0.59,20.0,0.61,20.0,0.62,25.0,0.01,0.01,2325.000617,1776222037000
1776222039.214,39.214,0.39,20.0,0.38,25.0,0.4,16.85,0.41,20.0,0.6,16.85,0.59,20.0,0.61,20.0,0.62,25.0,0.01,0.01,2325.01023,1776222038000
1776222040.237,40.237,0.39,20.0,0.38,25.0,0.4,16.85,0.41,20.0,0.6,16.85,0.59,20.0,0.61,20.0,0.62,25.0,0.01,0.01,2325.001925,1776222039000
1776222041.305,41.305,0.39,20.0,0.38,25.0,0.4,16.85,0.41,20.0,0.6,16.85,0.59,20.0,0.61,20.0,0.62,25.0,0.01,0.01,2324.920372,1776222040000
1776222041.981,41.981,0.32,19.0,0.31,125.0,0.36,25.0,0.37,40.0,0.63,6.0,0.62,25.0,0.64,68.0,0.65,15.0,0.04,0.01,2324.920372,1776222040000
1776222042.414,42.414,0.32,19.0,0.31,125.0,0.36,25.0,0.37,40.0,0.64,25.0,0.63,40.0,0.68,19.0,0.69,125.0,0.04,0.04,2324.927171,1776222041000
1776222042.978,42.978,0.32,44.0,0.31,130.0,0.33,20.1,0.34,20.0,0.67,47.96,0.66,15.0,0.68,44.0,0.69,140.0,0.01,0.01,2324.927171,1776222041000
1776222043.271,43.271,0.32,49.0,0.31,140.0,0.33,24.94,0.34,20.0,0.67,20.1,0.66,20.0,0.68,44.0,0.69,130.0,0.01,0.01,2324.927171,1776222041000
1776222043.567,43.567,0.31,45.0,0.3,84.0,0.33,15.0,0.34,28.0,0.67,29.94,0.66,20.0,0.68,47.51,0.69,147.0,0.02,0.01,2324.914606,1776222042000
1776222043.889,43.889,0.31,16.82,0.3,84.0,0.32,15.0,0.33,15.0,0.68,15.0,0.67,15.0,0.69,16.82,0.7,84.0,0.01,0.01,2324.913353,1776222043000
1776222044.934,44.934,0.31,16.82,0.3,84.0,0.32,15.0,0.33,15.0,0.68,15.0,0.67,15.0,0.69,16.82,0.7,84.0,0.01,0.01,2324.838161,1776222044000
1776222045.904,45.904,0.31,33.28,0.3,116.0,0.32,15.0,0.33,15.0,0.68,15.0,0.67,15.0,0.69,33.28,0.7,116.0,0.01,0.01,2324.8169,1776222045000
1776222047.014,47.014,0.31,75.28,0.3,167.19,0.32,12.92,0.33,15.0,0.68,12.92,0.67,15.0,0.69,75.28,0.7,167.19,0.01,0.01,2324.787799,1776222046000
1776222048.054,48.054,0.31,75.28,0.3,167.19,0.32,12.92,0.33,15.0,0.68,12.92,0.67,15.0,0.69,75.28,0.7,167.19,0.01,0.01,2324.797847,1776222047000
1776222049.046,49.046,0.31,75.28,0.3,167.19,0.32,12.92,0.33,15.0,0.68,12.92,0.67,15.0,0.69,75.28,0.7,167.19,0.01,0.01,2324.799744,1776222048000
1776222049.993,49.993,0.31,75.28,0.3,167.19,0.32,12.92,0.33,15.0,0.68,12.92,0.67,15.0,0.69,75.28,0.7,167.19,0.01,0.01,2324.806943,1776222049000
1776222050.821,50.821,0.31,55.83,0.3,117.0,0.32,7.92,0.33,15.0,0.68,12.92,0.67,15.0,0.69,75.28,0.7,167.19,0.01,0.01,2324.806943,1776222049000
1776222051.57,51.57,0.31,55.83,0.3,117.0,0.32,7.92,0.33,15.0,0.68,7.92,0.67,15.0,0.69,55.83,0.7,117.0,0.01,0.01,2324.804353,1776222050000
1776222052.091,52.091,0.31,86.83,0.3,127.0,0.32,4.79,0.33,15.0,0.68,4.79,0.67,15.0,0.69,86.83,0.7,127.0,0.01,0.01,2324.798244,1776222051000
1776222053.146,53.146,0.31,46.48,0.3,127.0,0.32,4.79,0.33,15.0,0.68,4.79,0.67,15.0,0.69,46.48,0.7,127.0,0.01,0.01,2324.798421,1776222052000
1776222053.58,53.58,0.37,56.0,0.36,34.0,0.38,27.1,0.39,16.0,0.67,8.58,0.66,10.0,0.69,56.48,0.7,122.0,0.01,0.02,2324.798421,1776222052000
1776222054.298,54.298,0.37,56.0,0.36,34.0,0.38,27.1,0.39,16.0,0.62,27.1,0.61,16.0,0.63,56.0,0.64,34.0,0.01,0.01,2324.789426,1776222053000
1776222055.434,55.434,0.37,56.0,0.36,34.0,0.38,27.1,0.39,16.0,0.62,27.1,0.61,16.0,0.63,56.0,0.64,34.0,0.01,0.01,2324.825208,1776222054000
1776222055.957,55.957,0.39,10.0,0.38,27.0,0.4,38.1,0.41,21.0,0.6,38.1,0.59,21.0,0.61,10.0,0.62,27.0,0.01,0.01,2324.877061,1776222055000
1776222057.068,57.068,0.41,56.0,0.4,30.0,0.44,6.0,0.45,15.0,0.6,38.1,0.59,21.0,0.61,10.0,0.62,27.0,0.03,0.01,2324.877061,1776222055000
1776222057.312,57.312,0.43,30.0,0.42,25.0,0.44,1.0,0.45,30.0,0.56,6.0,0.55,15.0,0.59,56.0,0.6,30.0,0.01,0.03,2324.898576,1776222056000
1776222058.213,58.213,0.43,30.0,0.42,25.0,0.44,1.0,0.45,30.0,0.56,1.0,0.55,30.0,0.57,30.0,0.58,25.0,0.01,0.01,2324.930918,1776222057000
1776222058.501,58.501,0.43,71.0,0.42,30.0,0.44,16.0,0.45,20.0,0.56,1.0,0.55,30.0,0.57,30.0,0.58,25.0,0.01,0.01,2324.930918,1776222057000
1776222059.248,59.248,0.43,81.0,0.42,25.0,0.45,10.0,0.47,72.66,0.56,16.0,0.55,20.0,0.57,71.0,0.58,30.0,0.02,0.01,2324.930918,1776222057000
1776222059.761,59.761,0.46,15.74,0.45,15.0,0.47,90.8,0.48,10.0,0.53,70.8,0.52,10.0,0.56,15.0,0.57,76.0,0.01,0.03,2325.117369,1776222058000
1776222060.131,60.131,0.46,5.46,0.45,15.0,0.47,90.8,0.48,10.0,0.53,90.8,0.52,10.0,0.54,15.74,0.55,15.0,0.01,0.01,2325.159214,1776222059000
1776222060.434,60.434,0.46,0.46,0.45,15.0,0.47,95.8,0.48,10.0,0.53,90.8,0.52,10.0,0.54,5.46,0.55,15.0,0.01,0.01,2325.159214,1776222059000
1776222061.046,61.046,0.46,0.46,0.45,15.0,0.47,95.8,0.48,10.0,0.53,95.8,0.52,10.0,0.54,0.46,0.55,15.0,0.01,0.01,2325.217536,1776222060000
1776222061.312,61.312,0.44,10.0,0.43,5.0,0.45,5.0,0.46,50.0,0.53,95.8,0.52,10.0,0.54,0.46,0.55,15.0,0.01,0.01,2325.217536,1776222060000
1776222061.616,61.616,0.43,3.36,0.42,30.0,0.44,25.0,0.45,20.0,0.54,44.93,0.53,90.8,0.57,5.0,0.58,20.0,0.01,0.03,2325.217536,1776222060000
1776222062.132,62.132,0.42,30.0,0.41,22.0,0.44,29.97,0.45,20.0,0.56,29.97,0.55,20.0,0.58,30.0,0.59,22.0,0.02,0.02,2325.269658,1776222061000
1776222063.264,63.264,0.42,30.0,0.41,22.0,0.44,29.97,0.45,20.0,0.56,29.97,0.55,20.0,0.58,30.0,0.59,22.0,0.02,0.02,2325.245175,1776222062000
1776222063.926,63.926,0.43,18.03,0.42,25.0,0.44,5.0,0.45,15.0,0.56,29.97,0.55,20.0,0.58,30.0,0.59,22.0,0.01,0.02,2325.245175,1776222062000
1776222064.315,64.315,0.43,18.03,0.42,25.0,0.44,5.0,0.45,15.0,0.56,5.0,0.55,15.0,0.57,18.03,0.58,25.0,0.01,0.01,2325.230742,1776222063000
1776222064.864,64.864,0.43,18.03,0.42,25.0,0.44,5.0,0.45,15.0,0.56,5.0,0.55,15.0,0.57,18.03,0.58,25.0,0.01,0.01,2325.234686,1776222064000
1776222065.489,65.489,0.42,25.0,0.41,30.0,0.44,65.0,0.45,20.0,0.56,5.0,0.55,15.0,0.57,18.03,0.58,25.0,0.02,0.01,2325.234686,1776222064000
1776222066.198,66.198,0.42,25.0,0.41,30.0,0.44,62.56,0.45,20.0,0.56,62.56,0.55,20.0,0.58,25.0,0.59,30.0,0.02,0.02,2325.221653,1776222065000
1776222067.058,67.058,0.44,20.0,0.43,25.0,0.46,14.93,0.47,100.8,0.56,14.35,0.55,15.0,0.57,10.0,0.58,25.0,0.02,0.01,2325.221653,1776222065000
1776222067.311,67.311,0.44,20.0,0.43,25.0,0.46,14.93,0.47,100.8,0.54,14.93,0.53,100.8,0.56,20.0,0.57,25.0,0.02,0.02,2325.218064,1776222066000
1776222067.986,67.986,0.44,7.96,0.43,25.0,0.45,40.0,0.46,14.93,0.54,14.93,0.53,100.8,0.56,20.0,0.57,25.0,0.01,0.02,2325.218064,1776222066000
1776222068.494,68.494,0.44,7.96,0.43,25.0,0.45,40.0,0.46,14.93,0.55,40.0,0.54,14.93,0.56,7.96,0.57,25.0,0.01,0.01,2325.207791,1776222067000
1776222068.926,68.926,0.44,7.96,0.43,25.0,0.45,40.0,0.46,14.93,0.55,40.0,0.54,14.93,0.56,7.96,0.57,25.0,0.01,0.01,2325.237858,1776222068000
1776222070.03,70.03,0.44,7.96,0.43,25.0,0.45,40.0,0.46,14.93,0.55,40.0,0.54,14.93,0.56,7.96,0.57,25.0,0.01,0.01,2325.241373,1776222069000
1776222071.063,71.063,0.44,7.96,0.43,25.0,0.45,40.0,0.46,14.93,0.55,40.0,0.54,14.93,0.56,7.96,0.57,25.0,0.01,0.01,2325.252485,1776222070000
1776222072.09,72.09,0.44,7.96,0.43,25.0,0.45,40.0,0.46,14.93,0.55,40.0,0.54,14.93,0.56,7.96,0.57,25.0,0.01,0.01,2325.237649,1776222071000
1776222072.365,72.365,0.44,2.96,0.43,20.0,0.45,17.62,0.46,20.93,0.55,40.0,0.54,14.93,0.56,7.96,0.57,25.0,0.01,0.01,2325.237649,1776222071000
1776222073.162,73.162,0.44,2.96,0.43,20.0,0.45,17.62,0.46,20.93,0.55,17.62,0.54,20.93,0.56,2.96,0.57,20.0,0.01,0.01,2325.243966,1776222072000
1776222073.848,73.848,0.44,1.17,0.43,20.0,0.45,12.62,0.46,20.93,0.55,17.62,0.54,20.93,0.56,2.96,0.57,20.0,0.01,0.01,2325.243966,1776222072000
1776222074.118,74.118,0.44,1.17,0.43,20.0,0.45,12.62,0.46,20.93,0.55,12.62,0.54,20.93,0.56,1.17,0.57,20.0,0.01,0.01,2325.270474,1776222073000
1776222075.298,75.298,0.44,1.17,0.43,20.0,0.45,12.62,0.46,20.93,0.55,12.62,0.54,20.93,0.56,1.17,0.57,20.0,0.01,0.01,2325.248856,1776222074000
1776222075.792,75.792,0.43,37.12,0.42,31.0,0.44,5.0,0.45,17.62,0.55,22.62,0.54,20.93,0.56,4.25,0.57,34.0,0.01,0.01,2325.248856,1776222074000
1776222076.261,76.261,0.43,37.12,0.42,31.0,0.44,5.0,0.45,17.62,0.56,5.0,0.55,17.62,0.57,37.12,0.58,31.0,0.01,0.01,2325.291958,1776222075000
1776222077.316,77.316,0.43,37.12,0.42,31.0,0.44,5.0,0.45,17.62,0.56,5.0,0.55,17.62,0.57,37.12,0.58,31.0,0.01,0.01,2325.257094,1776222076000
1776222077.851,77.851,0.43,37.12,0.42,31.0,0.44,5.0,0.45,17.62,0.56,5.0,0.55,17.62,0.57,37.12,0.58,31.0,0.01,0.01,2325.257629,1776222077000
1776222079.021,79.021,0.43,31.24,0.42,36.0,0.44,10.0,0.45,17.62,0.56,5.0,0.55,17.62,0.57,37.12,0.58,31.0,0.01,0.01,2325.257629,1776222077000
1776222079.223,79.223,0.43,31.24,0.42,36.0,0.44,10.0,0.45,17.62,0.56,10.0,0.55,17.62,0.57,31.24,0.58,36.0,0.01,0.01,2325.254099,1776222078000
1776222080.293,80.293,0.43,31.24,0.42,36.0,0.44,10.0,0.45,17.62,0.56,10.0,0.55,17.62,0.57,31.24,0.58,36.0,0.01,0.01,2325.254609,1776222079000
1776222080.551,80.551,0.43,26.44,0.42,36.0,0.44,10.0,0.45,17.62,0.56,10.0,0.55,17.62,0.57,31.24,0.58,36.0,0.01,0.01,2325.254609,1776222079000
1776222081.458,81.458,0.43,26.44,0.42,36.0,0.44,10.0,0.45,17.62,0.56,10.0,0.55,17.62,0.57,26.44,0.58,36.0,0.01,0.01,2325.251326,1776222080000
1776222081.951,81.951,0.43,26.44,0.42,36.0,0.44,10.0,0.45,17.62,0.56,10.0,0.55,17.62,0.57,26.44,0.58,36.0,0.01,0.01,2325.251326,1776222081000
1776222082.948,82.948,0.43,26.44,0.42,36.0,0.44,10.0,0.45,17.62,0.56,10.0,0.55,17.62,0.57,26.44,0.58,36.0,0.01,0.01,2325.255087,1776222082000
1776222083.992,83.992,0.43,26.44,0.42,36.0,0.44,10.0,0.45,17.62,0.56,10.0,0.55,17.62,0.57,26.44,0.58,36.0,0.01,0.01,2325.257797,1776222083000
1776222084.213,84.213,0.43,19.44,0.42,26.0,0.44,17.72,0.45,20.0,0.56,10.0,0.55,17.62,0.57,26.44,0.58,36.0,0.01,0.01,2325.257797,1776222083000
1776222085.094,85.094,0.43,19.44,0.42,26.0,0.44,17.72,0.45,20.0,0.56,17.72,0.55,20.0,0.57,19.44,0.58,26.0,0.01,0.01,2325.280024,1776222084000
1776222085.958,85.958,0.43,9.56,0.42,26.0,0.44,17.72,0.45,20.0,0.56,17.72,0.55,20.0,0.57,19.44,0.58,26.0,0.01,0.01,2325.280024,1776222084000
1776222087.236,87.236,0.43,9.56,0.42,26.0,0.44,17.72,0.45,20.0,0.56,17.72,0.55,20.0,0.57,9.56,0.58,26.0,0.01,0.01,2325.314213,1776222086000
1776222088.239,88.239,0.43,9.56,0.42,26.0,0.44,17.72,0.45,20.0,0.56,17.72,0.55,20.0,0.57,9.56,0.58,26.0,0.01,0.01,2325.316107,1776222087000
1776222089.256,89.256,0.43,17.66,0.42,31.0,0.44,12.72,0.45,20.0,0.56,12.72,0.55,20.0,0.57,17.66,0.58,31.0,0.01,0.01,2325.319942,1776222088000
1776222089.644,89.644,0.43,17.66,0.42,31.0,0.44,8.0,0.45,26.0,0.56,12.72,0.55,20.0,0.57,17.66,0.58,31.0,0.01,0.01,2325.319942,1776222088000
1776222090.456,90.456,0.43,17.66,0.42,31.0,0.44,8.0,0.45,26.0,0.56,8.0,0.55,26.0,0.57,17.66,0.58,31.0,0.01,0.01,2325.308065,1776222089000
1776222090.93,90.93,0.43,17.66,0.42,31.0,0.44,8.0,0.45,26.0,0.56,8.0,0.55,26.0,0.57,17.66,0.58,31.0,0.01,0.01,2325.306415,1776222090000
1776222092.083,92.083,0.43,17.66,0.42,31.0,0.44,8.0,0.45,26.0,0.56,8.0,0.55,26.0,0.57,17.66,0.58,31.0,0.01,0.01,2325.30604,1776222091000
1776222093.144,93.144,0.43,17.66,0.42,31.0,0.44,8.0,0.45,26.0,0.56,8.0,0.55,26.0,0.57,17.66,0.58,31.0,0.01,0.01,2325.3019,1776222092000
1776222093.93,93.93,0.43,7.66,0.42,15.0,0.44,8.0,0.45,26.0,0.56,8.0,0.55,26.0,0.57,17.66,0.58,31.0,0.01,0.01,2325.3019,1776222092000
1776222094.326,94.326,0.43,7.66,0.42,15.0,0.44,8.0,0.45,26.0,0.56,8.0,0.55,26.0,0.57,7.66,0.58,15.0,0.01,0.01,2325.222109,1776222093000
1776222094.92,94.92,0.42,28.27,0.41,34.0,0.43,10.0,0.44,8.0,0.56,8.0,0.55,26.0,0.57,7.66,0.58,15.0,0.01,0.01,2325.222109,1776222093000
1776222095.389,95.389,0.42,28.27,0.41,34.0,0.43,10.0,0.44,8.0,0.57,10.0,0.56,8.0,0.58,28.27,0.59,34.0,0.01,0.01,2325.225003,1776222094000
1776222096.061,96.061,0.42,28.27,0.41,34.0,0.43,10.0,0.44,8.0,0.57,10.0,0.56,8.0,0.58,28.27,0.59,34.0,0.01,0.01,2325.229623,1776222095000
1776222097.131,97.131,0.42,28.27,0.41,34.0,0.43,10.0,0.44,8.0,0.57,10.0,0.56,8.0,0.58,28.27,0.59,34.0,0.01,0.01,2325.237259,1776222096000
1776222098.305,98.305,0.42,28.27,0.41,34.0,0.43,10.0,0.44,8.0,0.57,10.0,0.56,8.0,0.58,28.27,0.59,34.0,0.01,0.01,2325.241085,1776222097000
1776222099.122,99.122,0.37,34.0,0.36,24.0,0.38,49.97,0.39,31.0,0.61,10.0,0.6,20.0,0.63,19.0,0.64,19.0,0.01,0.02,2325.241085,1776222097000
1776222099.507,99.507,0.37,29.0,0.36,24.0,0.38,49.97,0.39,26.0,0.62,49.97,0.61,26.0,0.63,29.0,0.64,24.0,0.01,0.01,2325.240974,1776222098000
1776222099.88,99.88,0.37,34.0,0.36,24.0,0.38,49.97,0.39,26.0,0.62,49.97,0.61,26.0,0.63,34.0,0.64,24.0,0.01,0.01,2325.191687,1776222099000
1776222101.005,101.005,0.37,34.0,0.36,24.0,0.38,49.97,0.39,26.0,0.62,49.97,0.61,26.0,0.63,34.0,0.64,24.0,0.01,0.01,2325.156114,1776222100000
1776222101.336,101.336,0.37,51.93,0.36,34.0,0.38,5.0,0.39,26.0,0.62,49.97,0.61,26.0,0.63,34.0,0.64,24.0,0.01,0.01,2325.156114,1776222100000
1776222101.827,101.827,0.37,44.96,0.36,34.0,0.38,40.0,0.39,26.0,0.62,5.0,0.61,26.0,0.63,51.93,0.64,34.0,0.01,0.01,2325.156114,1776222100000
1776222102.089,102.089,0.37,44.96,0.36,34.0,0.38,40.0,0.39,26.0,0.62,40.0,0.61,26.0,0.63,44.96,0.64,34.0,0.01,0.01,2325.132487,1776222101000
1776222103.2,103.2,0.37,44.96,0.36,34.0,0.38,40.0,0.39,26.0,0.62,40.0,0.61,26.0,0.63,44.96,0.64,34.0,0.01,0.01,2325.157788,1776222102000
1776222104.367,104.367,0.37,44.96,0.36,34.0,0.38,40.0,0.39,26.0,0.62,40.0,0.61,26.0,0.63,44.96,0.64,34.0,0.01,0.01,2325.078052,1776222103000
1776222104.613,104.613,0.37,4.96,0.36,15.0,0.38,96.0,0.39,25.0,0.62,40.0,0.61,26.0,0.63,44.96,0.64,34.0,0.01,0.01,2325.078052,1776222103000
1776222104.996,104.996,0.37,4.96,0.36,15.0,0.38,96.0,0.39,25.0,0.62,96.0,0.61,25.0,0.63,4.96,0.64,15.0,0.01,0.01,2325.007328,1776222104000
1776222106.102,106.102,0.37,4.96,0.36,15.0,0.38,96.0,0.39,25.0,0.62,96.0,0.61,25.0,0.63,4.96,0.64,15.0,0.01,0.01,2325.00181,1776222105000
1776222107.525,107.525,0.37,4.96,0.36,15.0,0.38,96.0,0.39,25.0,0.62,96.0,0.61,25.0,0.63,4.96,0.64,15.0,0.01,0.01,2325.012163,1776222106000
1776222108.106,108.106,0.37,4.96,0.36,15.0,0.38,96.0,0.39,25.0,0.62,96.0,0.61,25.0,0.63,4.96,0.64,15.0,0.01,0.01,2325.012163,1776222107000
1776222108.989,108.989,0.35,13.0,0.26,30.0,0.36,185.0,0.37,55.0,0.62,96.0,0.61,25.0,0.63,4.96,0.64,15.0,0.01,0.01,2325.012163,1776222107000
1776222109.191,109.191,0.24,0.16,0.22,21.0,0.36,201.0,0.37,15.0,0.64,201.0,0.63,15.0,0.76,0.16,0.78,21.0,0.12,0.12,2325.014094,1776222108000
1776222110.075,110.075,0.25,20.0,0.24,5.16,0.26,20.0,0.27,33.0,0.74,47.75,0.73,10.0,0.75,14.9,0.76,0.16,0.01,0.01,2325.014094,1776222108000
1776222110.484,110.484,0.24,5.0,0.23,5.0,0.26,80.0,0.27,33.0,0.74,20.0,0.73,33.0,0.75,20.0,0.76,5.16,0.02,0.01,2324.983277,1776222109000
1776222111.269,111.269,0.24,5.0,0.23,5.0,0.26,80.0,0.27,33.0,0.74,80.0,0.73,33.0,0.76,5.0,0.77,5.0,0.02,0.02,2324.445143,1776222110000
1776222111.634,111.634,0.24,17.73,0.21,9.52,0.25,110.0,0.26,105.0,0.75,80.0,0.74,50.0,0.76,20.19,0.77,5.0,0.01,0.01,2324.445143,1776222110000
1776222111.917,111.917,0.21,3.42,0.18,24.4,0.22,15.0,0.23,10.0,0.78,15.0,0.77,10.0,0.79,3.42,0.82,24.4,0.01,0.01,2324.41224,1776222111000
1776222112.301,112.301,0.17,34.29,0.16,31.8,0.18,40.0,0.19,15.0,0.78,105.23,0.77,20.0,0.83,25.5,0.84,26.8,0.01,0.05,2324.41224,1776222111000
1776222112.927,112.927,0.17,38.15,0.16,31.8,0.18,91.39,0.19,25.0,0.82,35.39,0.81,15.0,0.83,34.29,0.84,31.8,0.01,0.01,2324.41224,1776222111000
1776222113.503,113.503,0.17,41.15,0.16,86.52,0.18,15.39,0.19,20.0,0.82,91.39,0.81,25.0,0.83,38.15,0.84,31.8,0.01,0.01,2324.403688,1776222112000
1776222114.078,114.078,0.17,41.15,0.16,86.52,0.18,15.39,0.19,20.0,0.82,15.39,0.81,20.0,0.83,41.15,0.84,86.52,0.01,0.01,2324.0833,1776222113000
1776222114.286,114.286,0.17,44.15,0.16,91.52,0.18,20.39,0.19,20.0,0.82,15.39,0.81,20.0,0.83,41.15,0.84,86.52,0.01,0.01,2324.0833,1776222113000
1776222114.591,114.591,0.17,193.15,0.16,162.52,0.19,10.0,0.2,10.0,0.82,20.39,0.81,20.0,0.83,44.15,0.84,91.52,0.02,0.01,2324.0833,1776222113000
1776222115.188,115.188,0.17,193.15,0.16,162.52,0.19,10.0,0.2,10.0,0.81,10.0,0.8,10.0,0.83,193.15,0.84,162.52,0.02,0.02,2323.953238,1776222114000
1776222116.031,116.031,0.17,131.15,0.16,128.8,0.2,8.25,0.21,17.0,0.81,10.0,0.8,10.0,0.83,193.15,0.84,162.52,0.03,0.02,2323.953238,1776222114000
1776222116.417,116.417,0.17,131.15,0.16,128.8,0.2,8.25,0.21,17.0,0.8,8.25,0.79,17.0,0.83,131.15,0.84,128.8,0.03,0.03,2324.022284,1776222115000
1776222116.984,116.984,0.17,131.15,0.16,128.8,0.2,8.25,0.21,17.0,0.8,8.25,0.79,17.0,0.83,131.15,0.84,128.8,0.03,0.03,2324.022284,1776222116000
1776222118.205,118.205,0.17,131.15,0.16,128.8,0.2,8.25,0.21,17.0,0.8,8.25,0.79,17.0,0.83,131.15,0.84,128.8,0.03,0.03,2323.987302,1776222117000
1776222118.621,118.621,0.21,188.0,0.2,31.0,0.23,4.69,0.24,23.15,0.8,8.25,0.79,17.0,0.83,131.15,0.84,128.8,0.02,0.03,2323.987302,1776222117000
1776222119.333,119.333,0.21,188.0,0.2,31.0,0.23,4.69,0.24,23.15,0.77,4.69,0.76,23.15,0.79,188.0,0.8,31.0,0.02,0.02,2324.067142,1776222118000
1776222119.922,119.922,0.21,188.0,0.2,31.0,0.23,4.69,0.24,23.15,0.77,4.69,0.76,23.15,0.79,188.0,0.8,31.0,0.02,0.02,2324.067142,1776222119000
1776222120.466,120.466,0.18,34.4,0.17,18.21,0.19,10.74,0.2,60.0,0.77,4.69,0.76,23.15,0.79,188.0,0.8,31.0,0.01,0.02,2324.067142,1776222119000
1776222120.669,120.669,0.17,18.21,0.16,26.8,0.19,140.74,0.2,69.0,0.81,10.74,0.8,60.0,0.82,16.51,0.83,18.21,0.02,0.01,2324.067142,1776222119000
1776222121.043,121.043,0.17,18.21,0.16,26.8,0.19,140.74,0.2,69.0,0.81,140.74,0.8,69.0,0.83,18.21,0.84,26.8,0.02,0.02,2324.104411,1776222120000
1776222121.251,121.251,0.15,29.66,0.14,49.9,0.16,95.75,0.17,15.0,0.84,85.75,0.83,20.0,0.85,31.43,0.86,49.9,0.01,0.01,2324.104411,1776222120000
1776222121.603,121.603,0.15,104.39,0.14,44.9,0.17,10.0,0.18,25.0,0.84,48.87,0.83,15.0,0.85,41.39,0.86,49.9,0.02,0.01,2324.104411,1776222120000
1776222122.412,122.412,0.15,104.39,0.14,44.9,0.17,10.0,0.18,25.0,0.83,10.0,0.82,25.0,0.85,104.39,0.86,44.9,0.02,0.02,2323.98659,1776222121000
1776222122.988,122.988,0.15,104.39,0.14,44.9,0.17,10.0,0.18,25.0,0.83,10.0,0.82,25.0,0.85,104.39,0.86,44.9,0.02,0.02,2323.945192,1776222122000
1776222123.94,123.94,0.16,169.58,0.15,67.93,0.17,15.0,0.18,15.0,0.83,10.0,0.82,25.0,0.85,104.39,0.86,44.9,0.01,0.02,2323.945192,1776222122000
1776222125.265,125.265,0.16,169.58,0.15,67.93,0.17,15.0,0.18,15.0,0.83,15.0,0.82,15.0,0.84,169.58,0.85,67.93,0.01,0.01,2324.01362,1776222124000
1776222125.583,125.583,0.16,128.58,0.15,67.93,0.17,10.0,0.18,15.0,0.83,15.0,0.82,15.0,0.84,169.58,0.85,67.93,0.01,0.01,2324.01362,1776222124000
1776222126.423,126.423,0.16,128.58,0.15,67.93,0.17,10.0,0.18,15.0,0.83,10.0,0.82,15.0,0.84,128.58,0.85,67.93,0.01,0.01,2323.936115,1776222125000
1776222126.634,126.634,0.2,40.0,0.19,50.0,0.22,35.0,0.23,25.0,0.78,20.0,0.77,20.0,0.79,1.2,0.8,40.0,0.02,0.01,2323.936115,1776222125000
1776222127.011,127.011,0.2,40.0,0.19,50.0,0.22,35.0,0.23,25.0,0.78,35.0,0.77,25.0,0.8,40.0,0.81,50.0,0.02,0.02,2323.92629,1776222126000
1776222128.145,128.145,0.2,40.0,0.19,50.0,0.22,35.0,0.23,25.0,0.78,35.0,0.77,25.0,0.8,40.0,0.81,50.0,0.02,0.02,2324.062873,1776222127000
1776222128.53,128.53,0.2,53.05,0.19,39.0,0.21,15.0,0.22,30.0,0.78,35.0,0.77,25.0,0.8,40.0,0.81,50.0,0.01,0.02,2324.062873,1776222127000
1776222128.896,128.896,0.19,5.0,0.18,30.0,0.21,30.0,0.22,48.0,0.79,15.0,0.78,30.0,0.8,53.05,0.81,39.0,0.02,0.01,2324.062873,1776222127000
1776222129.365,129.365,0.18,27.0,0.17,61.0,0.2,25.0,0.21,25.0,0.8,25.0,0.79,25.0,0.82,27.0,0.83,61.0,0.02,0.02,2324.071432,1776222128000
1776222129.712,129.712,0.17,5.0,0.16,149.0,0.18,46.73,0.19,46.0,0.8,25.0,0.79,25.0,0.82,27.0,0.83,61.0,0.01,0.02,2324.071432,1776222128000
1776222131.024,131.024,0.17,5.0,0.16,149.0,0.18,46.73,0.19,46.0,0.82,46.73,0.81,46.0,0.83,5.0,0.84,149.0,0.01,0.01,2324.063494,1776222130000
1776222132.194,132.194,0.17,5.0,0.16,149.0,0.18,46.73,0.19,46.0,0.82,46.73,0.81,46.0,0.83,5.0,0.84,149.0,0.01,0.01,2324.033827,1776222131000
1776222133.357,133.357,0.17,5.0,0.16,149.0,0.18,46.73,0.19,46.0,0.82,46.73,0.81,46.0,0.83,5.0,0.84,149.0,0.01,0.01,2324.042865,1776222132000
1776222133.859,133.859,0.14,29.9,0.13,78.8,0.17,8.0,0.18,99.73,0.83,8.0,0.82,99.73,0.86,29.9,0.87,78.8,0.03,0.03,2324.047229,1776222133000
1776222134.838,134.838,0.14,90.66,0.13,144.0,0.15,116.0,0.16,32.0,0.83,8.0,0.82,99.73,0.86,29.9,0.87,78.8,0.01,0.03,2324.047229,1776222133000
1776222135.148,135.148,0.12,77.19,0.11,50.79,0.13,8.13,0.14,71.0,0.86,15.0,0.85,116.0,0.87,4.0,0.88,109.19,0.01,0.01,2324.047566,1776222134000
1776222135.541,135.541,0.12,42.3,0.11,87.79,0.13,114.13,0.14,66.0,0.87,8.13,0.86,71.0,0.88,77.19,0.89,50.79,0.01,0.01,2324.047566,1776222134000
1776222135.838,135.838,0.12,59.71,0.11,92.79,0.13,136.13,0.14,66.0,0.87,114.13,0.86,66.0,0.88,42.3,0.89,87.79,0.01,0.01,2324.047566,1776222134000
1776222136.088,136.088,0.12,59.71,0.11,92.79,0.13,136.13,0.14,66.0,0.87,136.13,0.86,66.0,0.88,59.71,0.89,92.79,0.01,0.01,2323.989097,1776222135000
1776222136.319,136.319,0.11,99.79,0.1,150.0,0.12,70.39,0.13,24.13,0.87,136.13,0.86,66.0,0.88,59.71,0.89,92.79,0.01,0.01,2323.989097,1776222135000
1776222137.109,137.109,0.11,92.03,0.1,150.0,0.12,25.39,0.13,24.13,0.88,25.39,0.87,24.13,0.89,92.03,0.9,150.0,0.01,0.01,2323.753828,1776222136000
1776222137.677,137.677,0.13,106.0,0.12,140.1,0.16,10.0,0.17,33.0,0.88,25.39,0.87,24.13,0.89,92.03,0.9,150.0,0.03,0.01,2323.753828,1776222136000
1776222138.201,138.201,0.13,106.0,0.12,140.1,0.16,10.0,0.17,33.0,0.84,10.0,0.83,33.0,0.87,106.0,0.88,140.1,0.03,0.03,2323.655174,1776222137000
1776222139.602,139.602,0.15,118.23,0.14,79.0,0.16,10.0,0.17,15.0,0.84,10.0,0.83,15.0,0.85,118.23,0.86,79.0,0.01,0.01,2323.734163,1776222138000
1776222140.084,140.084,0.15,118.23,0.14,79.0,0.16,10.0,0.17,15.0,0.84,10.0,0.83,15.0,0.85,118.23,0.86,79.0,0.01,0.01,2323.788386,1776222139000
1776222141.229,141.229,0.15,144.58,0.14,108.9,0.16,16.0,0.17,15.0,0.84,16.0,0.83,15.0,0.85,144.58,0.86,108.9,0.01,0.01,2323.855519,1776222140000
1776222142.118,142.118,0.15,91.42,0.14,108.9,0.16,21.0,0.17,15.0,0.84,16.0,0.83,15.0,0.85,144.58,0.86,108.9,0.01,0.01,2323.855519,1776222140000
1776222143.342,143.342,0.15,90.94,0.14,108.9,0.16,16.0,0.17,15.0,0.84,21.0,0.83,15.0,0.85,91.42,0.86,108.9,0.01,0.01,2323.8319,1776222141000
1776222143.792,143.792,0.15,88.94,0.14,108.9,0.16,16.0,0.17,20.0,0.84,16.0,0.83,15.0,0.85,90.94,0.86,108.9,0.01,0.01,2323.843508,1776222142000
1776222144.161,144.161,0.15,88.94,0.14,108.9,0.16,16.0,0.17,20.0,0.84,16.0,0.83,20.0,0.85,88.94,0.86,108.9,0.01,0.01,2323.832433,1776222143000
1776222145.281,145.281,0.15,88.94,0.14,108.9,0.16,16.0,0.17,20.0,0.84,16.0,0.83,20.0,0.85,88.94,0.86,108.9,0.01,0.01,2323.895588,1776222144000
1776222146.54,146.54,0.15,88.94,0.14,108.9,0.16,16.0,0.17,20.0,0.84,16.0,0.83,20.0,0.85,88.94,0.86,108.9,0.01,0.01,2323.864784,1776222145000
1776222147.126,147.126,0.15,88.94,0.14,108.9,0.16,16.0,0.17,20.0,0.84,16.0,0.83,20.0,0.85,88.94,0.86,108.9,0.01,0.01,2323.864784,1776222146000
1776222148.359,148.359,0.15,88.94,0.14,108.9,0.16,16.0,0.17,20.0,0.84,16.0,0.83,20.0,0.85,88.94,0.86,108.9,0.01,0.01,2323.847712,1776222147000
1776222149.001,149.001,0.15,88.94,0.14,108.9,0.16,16.0,0.17,20.0,0.84,16.0,0.83,20.0,0.85,88.94,0.86,108.9,0.01,0.01,2323.938807,1776222148000
1776222150.202,150.202,0.15,104.74,0.14,96.9,0.17,14.41,0.18,20.0,0.84,16.0,0.83,20.0,0.85,88.94,0.86,108.9,0.02,0.01,2323.938807,1776222148000
1776222150.452,150.452,0.15,103.74,0.14,111.9,0.16,10.0,0.17,9.41,0.83,14.41,0.82,20.0,0.85,104.74,0.86,96.9,0.01,0.02,2323.947242,1776222149000
1776222151.155,151.155,0.15,56.56,0.14,111.9,0.16,15.0,0.17,9.41,0.84,10.0,0.83,9.41,0.85,103.74,0.86,111.9,0.01,0.01,2323.947242,1776222149000
1776222152.815,152.815,0.15,56.56,0.14,111.9,0.16,15.0,0.17,9.41,0.84,15.0,0.83,9.41,0.85,56.56,0.86,111.9,0.01,0.01,2323.99672,1776222151000
1776222153.541,153.541,0.15,56.56,0.14,111.9,0.16,15.0,0.17,9.41,0.84,15.0,0.83,9.41,0.85,56.56,0.86,111.9,0.01,0.01,2323.997087,1776222152000
1776222154.086,154.086,0.15,56.56,0.14,111.9,0.16,15.0,0.17,9.41,0.84,15.0,0.83,9.41,0.85,56.56,0.86,111.9,0.01,0.01,2323.98243,1776222153000
1776222155.127,155.127,0.15,53.56,0.14,91.9,0.16,18.75,0.17,14.41,0.84,15.0,0.83,9.41,0.85,56.56,0.86,111.9,0.01,0.01,2323.98243,1776222153000
1776222155.965,155.965,0.15,48.56,0.14,91.9,0.16,12.5,0.17,14.41,0.84,12.5,0.83,14.41,0.85,48.56,0.86,91.9,0.01,0.01,2323.998015,1776222155000
1776222156.411,156.411,0.15,43.38,0.14,112.9,0.16,7.5,0.17,14.41,0.84,12.5,0.83,14.41,0.85,48.56,0.86,91.9,0.01,0.01,2323.998015,1776222155000
1776222156.906,156.906,0.17,91.0,0.16,155.0,0.22,24.0,0.23,15.0,0.84,7.5,0.83,14.41,0.85,43.38,0.86,112.9,0.05,0.01,2323.998015,1776222155000
1776222157.427,157.427,0.17,91.0,0.16,155.0,0.22,24.0,0.23,15.0,0.78,24.0,0.77,15.0,0.83,91.0,0.84,155.0,0.05,0.05,2323.969592,1776222156000
1776222158.175,158.175,0.17,91.0,0.16,155.0,0.22,24.0,0.23,15.0,0.78,24.0,0.77,15.0,0.83,91.0,0.84,155.0,0.05,0.05,2323.982527,1776222157000
1776222158.87,158.87,0.21,36.72,0.2,131.0,0.22,10.0,0.23,15.0,0.77,15.0,0.76,33.15,0.79,40.0,0.8,163.0,0.01,0.02,2323.982527,1776222157000
1776222159.317,159.317,0.21,111.72,0.2,126.0,0.22,1.59,0.24,28.15,0.78,10.0,0.77,15.0,0.79,36.72,0.8,131.0,0.01,0.01,2323.982527,1776222157000
1776222159.555,159.555,0.23,5.0,0.22,141.43,0.24,23.69,0.25,15.0,0.76,23.69,0.75,15.0,0.77,5.0,0.78,141.43,0.01,0.01,2324.333062,1776222158000
1776222159.776,159.776,0.23,58.0,0.22,112.43,0.24,3.69,0.25,15.0,0.76,23.69,0.75,15.0,0.77,5.0,0.78,141.43,0.01,0.01,2324.333062,1776222158000
1776222160.145,160.145,0.24,70.0,0.23,68.0,0.27,10.0,0.28,15.0,0.73,10.0,0.72,15.0,0.76,70.0,0.77,68.0,0.03,0.03,2324.397843,1776222159000
1776222160.389,160.389,0.25,81.66,0.24,101.0,0.26,20.0,0.27,20.0,0.73,10.0,0.72,15.0,0.76,70.0,0.77,68.0,0.01,0.03,2324.397843,1776222159000
1776222161.356,161.356,0.25,81.66,0.24,101.0,0.26,20.0,0.27,20.0,0.74,20.0,0.73,20.0,0.75,81.66,0.76,101.0,0.01,0.01,2324.45619,1776222160000
1776222161.88,161.88,0.25,81.66,0.24,101.0,0.26,20.0,0.27,20.0,0.74,20.0,0.73,20.0,0.75,81.66,0.76,101.0,0.01,0.01,2324.557177,1776222161000
1776222162.202,162.202,0.25,42.46,0.24,111.0,0.26,15.0,0.27,15.0,0.74,20.0,0.73,20.0,0.75,81.66,0.76,101.0,0.01,0.01,2324.557177,1776222161000
1776222163.435,163.435,0.25,42.46,0.24,111.0,0.26,15.0,0.27,15.0,0.74,15.0,0.73,15.0,0.75,42.46,0.76,111.0,0.01,0.01,2324.660174,1776222162000
1776222164.04,164.04,0.25,42.46,0.24,111.0,0.26,15.0,0.27,15.0,0.74,15.0,0.73,15.0,0.75,42.46,0.76,111.0,0.01,0.01,2324.660178,1776222163000
1776222165.286,165.286,0.25,42.46,0.24,111.0,0.26,15.0,0.27,15.0,0.74,15.0,0.73,15.0,0.75,42.46,0.76,111.0,0.01,0.01,2324.62558,1776222164000
1776222166.504,166.504,0.25,42.46,0.24,111.0,0.26,15.0,0.27,15.0,0.74,15.0,0.73,15.0,0.75,42.46,0.76,111.0,0.01,0.01,2324.570026,1776222165000
1776222167.09,167.09,0.25,42.46,0.24,111.0,0.26,15.0,0.27,15.0,0.74,15.0,0.73,15.0,0.75,42.46,0.76,111.0,0.01,0.01,2324.546041,1776222166000
1776222168.341,168.341,0.25,42.46,0.24,111.0,0.26,15.0,0.27,15.0,0.74,15.0,0.73,15.0,0.75,42.46,0.76,111.0,0.01,0.01,2324.464549,1776222167000
1776222169.382,169.382,0.25,42.46,0.24,111.0,0.26,15.0,0.27,15.0,0.74,15.0,0.73,15.0,0.75,42.46,0.76,111.0,0.01,0.01,2324.464549,1776222168000
1776222169.945,169.945,0.25,42.46,0.24,111.0,0.26,15.0,0.27,15.0,0.74,15.0,0.73,15.0,0.75,42.46,0.76,111.0,0.01,0.01,2324.464521,1776222169000
1776222170.446,170.446,0.2,42.05,0.19,125.4,0.21,11.71,0.22,31.0,0.74,15.0,0.73,15.0,0.75,42.46,0.76,111.0,0.01,0.01,2324.464521,1776222169000
1776222171.14,171.14,0.2,42.05,0.19,125.4,0.21,11.71,0.22,31.0,0.79,11.71,0.78,31.0,0.8,42.05,0.81,125.4,0.01,0.01,2324.449743,1776222170000
1776222172.179,172.179,0.2,42.05,0.19,125.4,0.21,11.71,0.22,31.0,0.79,11.71,0.78,31.0,0.8,42.05,0.81,125.4,0.01,0.01,2324.450911,1776222171000
1776222172.418,172.418,0.16,30.0,0.15,66.2,0.18,38.77,0.19,37.0,0.8,11.0,0.79,180.98,0.83,1.46,0.84,25.0,0.02,0.03,2324.450911,1776222171000
1776222173.219,173.219,0.16,30.0,0.15,66.2,0.18,38.77,0.19,37.0,0.82,38.77,0.81,37.0,0.84,30.0,0.85,66.2,0.02,0.02,2324.427639,1776222172000
1776222173.723,173.723,0.16,11.0,0.15,53.0,0.17,77.0,0.18,53.0,0.83,107.0,0.82,68.0,0.84,16.0,0.85,53.0,0.01,0.01,2324.427639,1776222172000
1776222174.284,174.284,0.16,11.0,0.15,53.0,0.17,77.0,0.18,53.0,0.83,77.0,0.82,53.0,0.84,11.0,0.85,53.0,0.01,0.01,2324.39827,1776222173000
1776222174.932,174.932,0.13,100.79,0.12,127.0,0.14,121.0,0.15,31.0,0.83,77.0,0.82,53.0,0.84,11.0,0.85,53.0,0.01,0.01,2324.39827,1776222173000
1776222175.329,175.329,0.13,100.79,0.12,127.0,0.14,121.0,0.15,31.0,0.86,121.0,0.85,31.0,0.87,100.79,0.88,127.0,0.01,0.01,2324.318575,1776222174000
1776222175.817,175.817,0.13,100.79,0.12,127.0,0.14,121.0,0.15,31.0,0.86,121.0,0.85,31.0,0.87,100.79,0.88,127.0,0.01,0.01,2324.164496,1776222175000
1776222176.272,176.272,0.15,16.94,0.14,15.0,0.17,10.0,0.18,40.0,0.86,121.0,0.85,31.0,0.87,100.79,0.88,127.0,0.02,0.01,2324.164496,1776222175000
1776222177.013,177.013,0.15,16.94,0.14,15.0,0.17,10.0,0.18,40.0,0.83,10.0,0.82,40.0,0.85,16.94,0.86,15.0,0.02,0.02,2323.955638,1776222176000
1776222178.081,178.081,0.15,16.94,0.14,15.0,0.17,10.0,0.18,40.0,0.83,10.0,0.82,40.0,0.85,16.94,0.86,15.0,0.02,0.02,2324.064566,1776222177000
1776222178.476,178.476,0.14,44.55,0.13,129.79,0.15,86.0,0.16,31.0,0.83,10.0,0.82,40.0,0.85,16.94,0.86,15.0,0.01,0.02,2324.064566,1776222177000
1776222179.748,179.748,0.14,44.55,0.13,129.79,0.15,86.0,0.16,31.0,0.85,86.0,0.84,31.0,0.86,44.55,0.87,129.79,0.01,0.01,2324.081037,1776222178000
1776222180.138,180.138,0.14,44.55,0.13,129.79,0.15,86.0,0.16,31.0,0.85,86.0,0.84,31.0,0.86,44.55,0.87,129.79,0.01,0.01,2324.042309,1776222179000
1776222181.297,181.297,0.14,11.72,0.13,96.03,0.15,121.0,0.16,31.0,0.85,121.0,0.84,31.0,0.86,11.72,0.87,96.03,0.01,0.01,2324.044112,1776222180000
1776222182.016,182.016,0.14,8.72,0.13,62.03,0.15,131.0,0.16,81.0,0.85,131.0,0.84,81.0,0.86,8.72,0.87,62.03,0.01,0.01,2324.004285,1776222181000
1776222183.246,183.246,0.14,8.72,0.13,62.03,0.15,131.0,0.16,81.0,0.85,131.0,0.84,81.0,0.86,8.72,0.87,62.03,0.01,0.01,2324.008148,1776222182000
1776222184.799,184.799,0.09,9.46,0.08,118.9,0.12,145.0,0.13,139.99,0.85,131.0,0.84,81.0,0.86,8.72,0.87,62.03,0.03,0.01,2324.008148,1776222182000
1776222185.41,185.41,0.09,9.46,0.08,118.9,0.12,145.0,0.13,139.99,0.88,145.0,0.87,139.99,0.91,9.46,0.92,118.9,0.03,0.03,2323.995327,1776222184000
1776222185.693,185.693,0.08,11.99,0.07,95.3,0.1,238.0,0.11,294.99,0.9,243.0,0.89,243.44,0.91,8.36,0.92,25.0,0.02,0.01,2323.995327,1776222184000
1776222186.298,186.298,0.08,11.99,0.07,95.3,0.1,233.14,0.11,294.99,0.9,233.14,0.89,294.99,0.92,11.99,0.93,95.3,0.02,0.02,2323.949267,1776222185000
1776222186.605,186.605,0.07,90.65,0.06,176.8,0.09,213.0,0.1,210.14,0.9,233.14,0.89,294.99,0.92,11.99,0.93,95.3,0.02,0.02,2323.949267,1776222185000
1776222187.281,187.281,0.07,106.84,0.06,171.8,0.08,115.0,0.09,158.0,0.91,213.0,0.9,210.14,0.93,90.65,0.94,176.8,0.01,0.02,2323.949267,1776222185000
1776222187.772,187.772,0.07,106.84,0.06,171.8,0.08,115.0,0.09,158.0,0.92,115.0,0.91,158.0,0.93,106.84,0.94,171.8,0.01,0.01,2323.627264,1776222186000
1776222188.416,188.416,0.07,106.84,0.06,171.8,0.08,115.0,0.09,158.0,0.92,115.0,0.91,158.0,0.93,106.84,0.94,171.8,0.01,0.01,2323.508132,1776222187000
1776222188.904,188.904,0.07,15.0,0.06,193.63,0.08,112.0,0.09,158.0,0.92,115.0,0.91,158.0,0.93,1.6,0.94,171.8,0.01,0.01,2323.508132,1776222187000
1776222189.215,189.215,0.07,15.0,0.06,193.63,0.08,112.0,0.09,158.0,0.92,112.0,0.91,158.0,0.93,15.0,0.94,193.63,0.01,0.01,2323.477666,1776222188000
1776222189.442,189.442,0.07,14.67,0.06,193.63,0.08,132.0,0.09,158.0,0.92,112.0,0.91,158.0,0.93,15.0,0.94,193.63,0.01,0.01,2323.477666,1776222188000
1776222190.009,190.009,0.07,6.54,0.06,167.63,0.08,142.0,0.09,158.0,0.92,132.0,0.91,158.0,0.93,14.67,0.94,193.63,0.01,0.01,2323.477666,1776222188000
1776222190.228,190.228,0.07,4.26,0.06,167.63,0.08,142.0,0.09,168.0,0.92,142.0,0.91,158.0,0.93,6.54,0.94,167.63,0.01,0.01,2323.477666,1776222188000
1776222190.498,190.498,0.07,4.26,0.06,167.63,0.08,142.0,0.09,168.0,0.92,142.0,0.91,168.0,0.93,4.26,0.94,167.63,0.01,0.01,2323.494043,1776222189000
1776222190.872,190.872,0.06,148.57,0.05,253.8,0.08,163.0,0.09,161.0,0.92,142.0,0.91,168.0,0.93,4.26,0.94,167.63,0.02,0.01,2323.494043,1776222189000
1776222191.111,191.111,0.06,148.57,0.05,253.8,0.08,163.0,0.09,161.0,0.92,163.0,0.91,161.0,0.94,148.57,0.95,253.8,0.02,0.02,2323.494056,1776222190000
1776222192.166,192.166,0.07,8.38,0.06,148.57,0.08,201.0,0.09,171.0,0.92,163.0,0.91,161.0,0.94,148.57,0.95,253.8,0.01,0.02,2323.494056,1776222190000
1776222192.497,192.497,0.07,8.38,0.06,148.57,0.08,201.0,0.09,171.0,0.92,201.0,0.91,171.0,0.93,8.38,0.94,148.57,0.01,0.01,2323.513955,1776222191000
1776222193.106,193.106,0.07,8.38,0.06,148.57,0.08,201.0,0.09,171.0,0.92,201.0,0.91,171.0,0.93,8.38,0.94,148.57,0.01,0.01,2323.51532,1776222192000
1776222194.288,194.288,0.07,0.41,0.06,115.57,0.08,184.0,0.09,225.99,0.92,179.0,0.91,228.99,0.93,3.0,0.94,128.57,0.01,0.01,2323.51532,1776222192000
1776222194.72,194.72,0.07,0.41,0.06,115.57,0.08,184.0,0.09,225.99,0.92,184.0,0.91,225.99,0.93,0.41,0.94,115.57,0.01,0.01,2323.501415,1776222193000
1776222195.294,195.294,0.06,112.46,0.05,248.8,0.08,69.0,0.09,100.99,0.92,184.0,0.91,225.99,0.93,0.41,0.94,115.57,0.02,0.01,2323.501415,1776222193000
1776222195.733,195.733,0.06,112.46,0.05,248.8,0.08,69.0,0.09,100.99,0.92,69.0,0.91,100.99,0.94,112.46,0.95,248.8,0.02,0.02,2323.48658,1776222194000
1776222196.372,196.372,0.06,86.99,0.05,196.8,0.07,174.0,0.08,178.0,0.92,69.0,0.91,100.99,0.94,112.46,0.95,248.8,0.01,0.02,2323.48658,1776222194000
1776222197.183,197.183,0.06,86.99,0.05,196.8,0.07,174.0,0.08,178.0,0.93,174.0,0.92,178.0,0.94,86.99,0.95,196.8,0.01,0.01,2323.465121,1776222196000
1776222198.774,198.774,0.06,97.99,0.05,191.8,0.07,167.62,0.08,178.0,0.93,167.62,0.92,178.0,0.94,97.99,0.95,191.8,0.01,0.01,2323.464802,1776222197000
1776222199.401,199.401,0.06,97.99,0.05,191.8,0.07,167.62,0.08,178.0,0.93,167.62,0.92,178.0,0.94,97.99,0.95,191.8,0.01,0.01,2323.381192,1776222198000
1776222200.101,200.101,0.07,81.83,0.06,152.83,0.08,5.0,0.09,26.0,0.92,5.0,0.91,26.0,0.93,81.83,0.94,152.83,0.01,0.01,2323.481976,1776222199000
1776222200.545,200.545,0.08,51.0,0.07,224.3,0.1,15.0,0.11,77.0,0.92,5.0,0.91,26.0,0.93,81.83,0.94,152.83,0.02,0.01,2323.481976,1776222199000
1776222200.772,200.772,0.07,73.3,0.06,126.8,0.09,46.0,0.1,55.44,0.9,15.0,0.89,77.0,0.92,51.0,0.93,224.3,0.02,0.02,2323.481976,1776222199000
1776222201.589,201.589,0.07,75.17,0.06,121.8,0.08,27.0,0.09,30.0,0.92,27.0,0.91,30.0,0.93,75.17,0.94,121.8,0.01,0.01,2323.716795,1776222200000
1776222201.879,201.879,0.07,64.59,0.06,126.8,0.08,9.5,0.09,25.0,0.92,4.5,0.91,25.0,0.93,69.59,0.94,121.8,0.01,0.01,2323.716795,1776222200000
1776222202.274,202.274,0.07,64.59,0.06,126.8,0.08,9.5,0.09,25.0,0.92,9.5,0.91,25.0,0.93,64.59,0.94,126.8,0.01,0.01,2323.759022,1776222201000
1776222203.407,203.407,0.07,64.59,0.06,126.8,0.08,9.5,0.09,25.0,0.92,9.5,0.91,25.0,0.93,64.59,0.94,126.8,0.01,0.01,2323.644584,1776222202000
1776222203.89,203.89,0.07,64.59,0.06,126.8,0.08,9.5,0.09,25.0,0.92,9.5,0.91,25.0,0.93,64.59,0.94,126.8,0.01,0.01,2323.69112,1776222203000
1776222204.718,204.718,0.07,67.5,0.06,211.8,0.08,10.0,0.09,25.0,0.92,9.5,0.91,25.0,0.93,64.59,0.94,126.8,0.01,0.01,2323.69112,1776222203000
1776222204.972,204.972,0.07,67.5,0.06,211.8,0.08,10.0,0.09,25.0,0.92,10.0,0.91,25.0,0.93,67.5,0.94,211.8,0.01,0.01,2323.691123,1776222204000
1776222205.78,205.78,0.07,118.91,0.06,211.8,0.08,10.0,0.09,37.0,0.92,10.0,0.91,25.0,0.93,67.5,0.94,211.8,0.01,0.01,2323.691123,1776222204000
1776222206.189,206.189,0.07,118.91,0.06,211.8,0.08,10.0,0.09,37.0,0.92,10.0,0.91,37.0,0.93,118.91,0.94,211.8,0.01,0.01,2323.736615,1776222205000
1776222207.159,207.159,0.07,116.75,0.06,211.8,0.08,10.0,0.09,37.0,0.92,10.0,0.91,37.0,0.93,116.75,0.94,211.8,0.01,0.01,2323.765078,1776222206000
1776222208.276,208.276,0.07,116.75,0.06,211.8,0.08,10.0,0.09,37.0,0.92,10.0,0.91,37.0,0.93,116.75,0.94,211.8,0.01,0.01,2323.782398,1776222207000
1776222209.345,209.345,0.07,116.75,0.06,211.8,0.08,10.0,0.09,37.0,0.92,10.0,0.91,37.0,0.93,116.75,0.94,211.8,0.01,0.01,2323.740567,1776222208000
1776222209.602,209.602,0.07,176.22,0.06,148.8,0.1,10.0,0.11,77.0,0.92,5.0,0.91,10.0,0.93,176.22,0.94,148.8,0.03,0.01,2323.740567,1776222208000
1776222209.91,209.91,0.07,176.22,0.06,148.8,0.1,10.0,0.11,77.0,0.9,10.0,0.89,77.0,0.93,176.22,0.94,148.8,0.03,0.03,2323.725015,1776222209000
1776222210.64,210.64,0.09,5.0,0.08,97.9,0.11,79.27,0.12,122.55,0.9,10.0,0.89,77.0,0.93,176.22,0.94,148.8,0.02,0.03,2323.725015,1776222209000
1776222210.923,210.923,0.09,5.0,0.08,97.9,0.11,79.27,0.12,122.55,0.89,79.27,0.88,122.55,0.91,5.0,0.92,97.9,0.02,0.02,2323.704971,1776222210000
1776222212.144,212.144,0.09,5.0,0.08,97.9,0.11,79.27,0.12,122.55,0.89,79.27,0.88,122.55,0.91,5.0,0.92,97.9,0.02,0.02,2323.792191,1776222211000
1776222213.036,213.036,0.08,86.05,0.07,96.22,0.1,55.37,0.11,132.26,0.89,79.27,0.88,122.55,0.91,5.0,0.92,97.9,0.02,0.02,2323.792191,1776222211000
1776222213.765,213.765,0.09,15.0,0.08,145.05,0.1,26.37,0.11,12.27,0.9,55.37,0.89,132.26,0.92,86.05,0.93,96.22,0.01,0.02,2323.822207,1776222212000
1776222214.234,214.234,0.09,15.0,0.08,145.05,0.1,26.37,0.11,12.27,0.9,26.37,0.89,12.27,0.91,15.0,0.92,145.05,0.01,0.01,2323.858355,1776222213000
1776222214.644,214.644,0.09,51.23,0.08,140.05,0.1,45.15,0.11,77.26,0.9,29.61,0.89,77.26,0.91,59.0,0.92,140.05,0.01,0.01,2323.858355,1776222213000
1776222215.274,215.274,0.09,63.05,0.08,140.05,0.1,116.13,0.11,77.26,0.9,25.15,0.89,77.26,0.91,48.04,0.92,140.05,0.01,0.01,2323.858355,1776222213000
1776222215.648,215.648,0.09,48.37,0.08,140.05,0.1,116.13,0.11,17.27,0.9,116.13,0.89,77.26,0.91,53.05,0.92,140.05,0.01,0.01,2323.865031,1776222214000
1776222215.877,215.877,0.09,31.82,0.08,140.05,0.1,121.13,0.11,82.26,0.9,121.13,0.89,82.26,0.91,31.82,0.92,140.05,0.01,0.01,2323.869033,1776222215000
1776222216.446,216.446,0.08,10.0,0.07,119.22,0.09,141.08,0.1,147.14,0.9,121.13,0.89,82.26,0.91,31.82,0.92,140.05,0.01,0.01,2323.869033,1776222215000
1776222216.734,216.734,0.08,10.0,0.07,119.22,0.09,150.42,0.1,137.14,0.91,141.08,0.9,147.14,0.92,10.0,0.93,119.22,0.01,0.01,2323.869033,1776222215000
1776222217.489,217.489,0.08,10.0,0.07,119.22,0.09,150.42,0.1,137.14,0.91,150.42,0.9,137.14,0.92,10.0,0.93,119.22,0.01,0.01,2323.915284,1776222216000
1776222218.012,218.012,0.08,10.0,0.07,119.22,0.09,150.42,0.1,137.14,0.91,150.42,0.9,137.14,0.92,10.0,0.93,119.22,0.01,0.01,2323.869772,1776222217000
1776222218.611,218.611,0.08,133.55,0.07,134.22,0.09,10.0,0.1,29.54,0.91,150.42,0.9,137.14,0.92,10.0,0.93,119.22,0.01,0.01,2323.869772,1776222217000
1776222219.007,219.007,0.1,52.48,0.09,46.0,0.11,20.0,0.12,87.99,0.89,15.0,0.88,106.99,0.9,44.71,0.91,46.0,0.01,0.01,2323.869772,1776222217000
1776222219.251,219.251,0.1,50.48,0.09,46.0,0.11,20.0,0.12,87.99,0.89,20.0,0.88,87.99,0.9,52.48,0.91,46.0,0.01,0.01,2323.843343,1776222218000
1776222219.732,219.732,0.1,30.25,0.09,90.0,0.11,2.72,0.12,76.99,0.89,20.0,0.88,87.99,0.9,30.25,0.91,90.0,0.01,0.01,2323.843343,1776222218000
1776222220.041,220.041,0.1,30.25,0.09,90.0,0.11,2.72,0.12,76.99,0.89,2.72,0.88,76.99,0.9,30.25,0.91,90.0,0.01,0.01,2323.818548,1776222219000
1776222221.018,221.018,0.1,30.25,0.09,90.0,0.11,2.72,0.12,76.99,0.89,2.72,0.88,76.99,0.9,30.25,0.91,90.0,0.01,0.01,2323.947598,1776222220000
1776222221.676,221.676,0.08,0.81,0.07,64.22,0.09,166.99,0.1,120.44,0.89,2.72,0.88,76.99,0.9,30.25,0.91,90.0,0.01,0.01,2323.947598,1776222220000
1776222222.029,222.029,0.07,54.26,0.06,118.8,0.09,166.99,0.1,120.44,0.91,166.99,0.9,120.44,0.92,0.81,0.93,64.22,0.02,0.01,2323.947598,1776222220000
1776222222.456,222.456,0.07,74.75,0.06,113.8,0.08,108.99,0.09,113.0,0.91,166.99,0.9,120.44,0.93,54.26,0.94,118.8,0.01,0.02,2323.947005,1776222221000
1776222222.711,222.711,0.07,79.75,0.06,118.8,0.08,10.39,0.09,121.99,0.92,108.99,0.91,113.0,0.93,74.75,0.94,113.8,0.01,0.01,2323.947005,1776222221000
1776222223.009,223.009,0.07,79.75,0.06,118.8,0.08,10.39,0.09,121.99,0.92,10.39,0.91,121.99,0.93,79.75,0.94,118.8,0.01,0.01,2323.843343,1776222222000
1776222224.071,224.071,0.07,79.75,0.06,118.8,0.08,10.39,0.09,121.99,0.92,10.39,0.91,121.99,0.93,79.75,0.94,118.8,0.01,0.01,2323.812934,1776222223000
1776222225.062,225.062,0.07,79.75,0.06,118.8,0.08,10.39,0.09,121.99,0.92,10.39,0.91,121.99,0.93,79.75,0.94,118.8,0.01,0.01,2323.825406,1776222224000
1776222225.969,225.969,0.07,79.75,0.06,118.8,0.08,10.39,0.09,121.99,0.92,10.39,0.91,121.99,0.93,79.75,0.94,118.8,0.01,0.01,2323.836836,1776222225000
1776222226.977,226.977,0.07,79.75,0.06,118.8,0.08,10.39,0.09,121.99,0.92,10.39,0.91,121.99,0.93,79.75,0.94,118.8,0.01,0.01,2323.933675,1776222226000
1776222227.313,227.313,0.08,39.72,0.07,139.72,0.09,18.75,0.1,15.0,0.91,13.75,0.9,15.0,0.92,46.72,0.93,139.72,0.01,0.01,2323.933675,1776222226000
1776222227.99,227.99,0.08,39.72,0.07,139.72,0.09,18.75,0.1,15.0,0.91,18.75,0.9,15.0,0.92,39.72,0.93,139.72,0.01,0.01,2323.934582,1776222227000
1776222229.0,229.0,0.08,37.72,0.07,79.72,0.09,33.75,0.1,77.99,0.91,18.75,0.9,15.0,0.92,39.72,0.93,139.72,0.01,0.01,2323.934582,1776222227000
1776222229.274,229.274,0.08,35.72,0.07,79.72,0.09,33.75,0.1,77.99,0.91,33.75,0.9,77.99,0.92,37.72,0.93,79.72,0.01,0.01,2323.934724,1776222228000
1776222229.888,229.888,0.08,33.72,0.07,84.72,0.09,38.75,0.1,89.99,0.91,33.75,0.9,77.99,0.92,35.72,0.93,79.72,0.01,0.01,2323.934724,1776222228000
1776222230.474,230.474,0.08,33.72,0.07,84.72,0.09,38.75,0.1,89.99,0.91,38.75,0.9,89.99,0.92,33.72,0.93,84.72,0.01,0.01,2323.93964,1776222229000
1776222231.05,231.05,0.08,33.72,0.07,84.72,0.09,38.75,0.1,89.99,0.91,38.75,0.9,89.99,0.92,33.72,0.93,84.72,0.01,0.01,2323.923899,1776222230000
1776222232.025,232.025,0.08,35.45,0.07,79.72,0.09,43.75,0.1,112.99,0.91,38.75,0.9,89.99,0.92,33.72,0.93,84.72,0.01,0.01,2323.923899,1776222230000
1776222232.278,232.278,0.08,24.58,0.07,79.72,0.09,43.75,0.1,112.99,0.91,43.75,0.9,112.99,0.92,24.58,0.93,79.72,0.01,0.01,2323.89786,1776222231000
1776222233.802,233.802,0.08,24.58,0.07,79.72,0.09,43.75,0.1,112.99,0.91,43.75,0.9,112.99,0.92,24.58,0.93,79.72,0.01,0.01,2323.898413,1776222232000
1776222234.449,234.449,0.08,14.14,0.07,24.42,0.09,124.99,0.1,82.6,0.91,43.75,0.9,112.99,0.92,24.58,0.93,79.72,0.01,0.01,2323.898413,1776222232000
1776222235.304,235.304,0.08,14.14,0.07,24.42,0.09,124.99,0.1,82.6,0.91,124.99,0.9,82.6,0.92,14.14,0.93,24.42,0.01,0.01,2323.901445,1776222234000
1776222236.314,236.314,0.05,25.0,0.04,195.8,0.06,19.12,0.08,201.99,0.91,124.99,0.9,82.6,0.92,14.14,0.93,24.42,0.01,0.01,2323.901445,1776222234000
1776222236.807,236.807,0.05,25.0,0.04,195.8,0.06,19.12,0.08,201.99,0.94,19.12,0.92,201.99,0.95,25.0,0.96,195.8,0.01,0.01,2323.876249,1776222235000
1776222237.08,237.08,0.05,45.2,0.04,195.8,0.06,37.12,0.07,118.99,0.94,19.12,0.92,201.99,0.95,25.0,0.96,195.8,0.01,0.01,2323.876249,1776222235000
1776222237.539,237.539,0.05,45.2,0.04,195.8,0.06,37.12,0.07,118.99,0.94,37.12,0.93,118.99,0.95,45.2,0.96,195.8,0.01,0.01,2323.859221,1776222236000
1776222237.755,237.755,0.04,6.2,0.03,359.7,0.06,118.11,0.07,77.44,0.94,37.12,0.93,118.99,0.95,45.2,0.96,195.8,0.02,0.01,2323.859221,1776222236000
1776222238.042,238.042,0.04,6.2,0.03,206.0,0.06,270.11,0.07,51.0,0.94,118.11,0.93,77.44,0.96,6.2,0.97,359.7,0.02,0.02,2323.859221,1776222236000
1776222238.33,238.33,0.04,6.2,0.03,206.0,0.06,270.11,0.07,51.0,0.94,270.11,0.93,51.0,0.96,6.2,0.97,206.0,0.02,0.02,2323.85176,1776222237000
1776222238.606,238.606,0.04,6.2,0.03,206.0,0.05,303.99,0.06,247.12,0.94,270.11,0.93,51.0,0.96,6.2,0.97,206.0,0.01,0.02,2323.85176,1776222237000
1776222239.617,239.617,0.04,6.2,0.03,206.0,0.05,303.99,0.06,247.12,0.95,303.99,0.94,247.12,0.96,6.2,0.97,206.0,0.01,0.01,2323.837567,1776222238000
1776222240.152,240.152,0.03,193.17,0.02,1390.1,0.05,254.79,0.06,185.92,0.95,303.99,0.94,247.12,0.96,6.2,0.97,206.0,0.02,0.01,2323.837567,1776222238000
1776222240.855,240.855,0.03,210.17,0.02,1206.4,0.04,218.69,0.05,177.8,0.95,254.79,0.94,185.92,0.97,193.17,0.98,1390.1,0.01,0.02,2323.545436,1776222239000
1776222241.062,241.062,0.03,205.17,0.02,1206.4,0.04,223.69,0.05,177.8,0.96,223.69,0.95,177.8,0.97,205.17,0.98,1206.4,0.01,0.01,2323.50189,1776222240000
1776222241.547,241.547,0.03,155.3,0.02,1206.4,0.04,259.69,0.05,157.8,0.96,223.69,0.95,177.8,0.97,191.03,0.98,1206.4,0.01,0.01,2323.50189,1776222240000
1776222241.81,241.81,0.03,149.3,0.02,306.4,0.04,297.69,0.05,157.8,0.96,259.69,0.95,157.8,0.97,155.3,0.98,1206.4,0.01,0.01,2323.50189,1776222240000
1776222242.465,242.465,0.03,149.3,0.02,306.4,0.04,297.69,0.05,157.8,0.96,297.69,0.95,157.8,0.97,149.3,0.98,306.4,0.01,0.01,2323.476185,1776222241000
1776222242.996,242.996,0.03,108.96,0.02,306.4,0.04,302.69,0.05,157.8,0.96,297.69,0.95,157.8,0.97,169.96,0.98,306.4,0.01,0.01,2323.476185,1776222241000
1776222243.214,243.214,0.03,60.3,0.02,306.4,0.04,329.69,0.05,167.8,0.96,329.69,0.95,167.8,0.97,60.3,0.98,306.4,0.01,0.01,2323.475842,1776222242000
1776222244.446,244.446,0.03,39.26,0.02,306.4,0.04,471.01,0.05,152.8,0.96,324.69,0.95,167.8,0.97,59.26,0.98,306.4,0.01,0.01,2323.475842,1776222242000
1776222244.944,244.944,0.02,341.69,0.01,2018.6,0.03,324.87,0.04,208.95,0.97,59.74,0.96,509.01,0.98,301.4,0.99,1843.6,0.01,0.01,2323.362652,1776222243000
1776222245.193,245.193,0.02,341.69,0.01,2018.6,0.03,324.87,0.04,208.95,0.97,324.87,0.96,208.95,0.98,341.69,0.99,2018.6,0.01,0.01,2323.260638,1776222244000
1776222245.855,245.855,0.02,233.58,0.01,1555.0,0.03,329.87,0.04,208.95,0.97,324.87,0.96,208.95,0.98,335.63,0.99,1918.6,0.01,0.01,2323.260638,1776222244000
1776222246.516,246.516,0.02,233.58,0.01,2255.0,0.03,321.87,0.04,208.95,0.97,329.87,0.96,208.95,0.98,233.58,0.99,1555.0,0.01,0.01,2323.260638,1776222244000
1776222246.725,246.725,0.02,233.58,0.01,2255.0,0.03,292.02,0.04,208.95,0.97,321.87,0.96,208.95,0.98,233.58,0.99,2255.0,0.01,0.01,2323.308898,1776222245000
1776222247.214,247.214,0.02,177.45,0.01,1655.0,0.03,287.02,0.04,198.95,0.97,292.02,0.96,208.95,0.98,182.56,0.99,2255.0,0.01,0.01,2323.308898,1776222245000
1776222248.524,248.524,0.02,164.06,0.01,1655.0,0.03,457.76,0.04,198.95,0.97,292.02,0.96,198.95,0.98,165.18,0.99,1655.0,0.01,0.01,2323.277698,1776222246000
1776222248.841,248.841,0.02,145.82,0.01,1655.0,0.03,472.76,0.04,198.95,0.97,457.76,0.96,198.95,0.98,164.06,0.99,1655.0,0.01,0.01,2323.235211,1776222247000
1776222249.306,249.306,0.02,135.61,0.01,1655.0,0.03,472.76,0.04,198.95,0.97,472.76,0.96,198.95,0.98,135.61,0.99,1655.0,0.01,0.01,2323.148822,1776222248000
1776222249.861,249.861,0.02,78.46,0.01,1855.0,0.03,479.61,0.04,198.95,0.97,472.76,0.96,198.95,0.98,132.53,0.99,1855.0,0.01,0.01,2323.148822,1776222248000
1776222250.198,250.198,0.02,78.46,0.01,1855.0,0.03,479.61,0.04,198.95,0.97,479.61,0.96,198.95,0.98,78.46,0.99,1855.0,0.01,0.01,2323.158489,1776222249000
1776222250.928,250.928,0.02,131.91,0.01,1468.0,0.03,315.62,0.04,258.24,0.97,479.61,0.96,198.95,0.98,78.46,0.99,1855.0,0.01,0.01,2323.158489,1776222249000
1776222251.644,251.644,0.02,131.91,0.01,1468.0,0.03,315.62,0.04,258.24,0.97,315.62,0.96,258.24,0.98,131.91,0.99,1468.0,0.01,0.01,2323.215303,1776222250000
1776222252.255,252.255,0.02,131.91,0.01,1468.0,0.03,315.62,0.04,258.24,0.97,315.62,0.96,258.24,0.98,131.91,0.99,1468.0,0.01,0.01,2323.268744,1776222251000
1776222253.672,253.672,0.02,131.91,0.01,1468.0,0.03,315.62,0.04,258.24,0.97,315.62,0.96,258.24,0.98,131.91,0.99,1468.0,0.01,0.01,2323.489327,1776222252000
1776222254.234,254.234,0.02,131.91,0.01,1468.0,0.03,315.62,0.04,258.24,0.97,315.62,0.96,258.24,0.98,131.91,0.99,1468.0,0.01,0.01,2323.565991,1776222253000
1776222255.418,255.418,0.02,131.91,0.01,1468.0,0.03,315.62,0.04,258.24,0.97,315.62,0.96,258.24,0.98,131.91,0.99,1468.0,0.01,0.01,2323.55502,1776222254000
1776222255.971,255.971,0.02,128.87,0.01,1718.6,0.03,25.31,0.04,167.69,0.97,315.62,0.96,258.24,0.98,131.91,0.99,1468.0,0.01,0.01,2323.55502,1776222254000
1776222257.275,257.275,0.02,128.87,0.01,1718.6,0.03,25.31,0.04,167.69,0.97,25.31,0.96,167.69,0.98,128.87,0.99,1718.6,0.01,0.01,2323.63805,1776222256000
1776222257.735,257.735,0.02,261.57,0.01,1863.6,0.03,25.31,0.04,90.43,0.97,25.31,0.96,167.69,0.98,128.87,0.99,1718.6,0.01,0.01,2323.63805,1776222256000
1776222258.165,258.165,0.02,261.57,0.01,1863.6,0.05,179.24,0.06,97.92,0.97,25.31,0.96,90.43,0.98,261.57,0.99,1863.6,0.03,0.01,2323.63805,1776222256000
1776222258.411,258.411,0.02,261.57,0.01,1863.6,0.05,179.24,0.06,97.92,0.95,179.24,0.94,97.92,0.98,261.57,0.99,1863.6,0.03,0.03,2323.664524,1776222257000
1776222259.002,259.002,0.02,261.57,0.01,1863.6,0.05,179.24,0.06,97.92,0.95,179.24,0.94,97.92,0.98,261.57,0.99,1863.6,0.03,0.03,2323.664474,1776222258000
1776222259.61,259.61,0.03,4.69,0.02,256.57,0.04,182.91,0.05,182.24,0.95,179.24,0.94,97.92,0.98,261.57,0.99,1863.6,0.01,0.03,2323.664474,1776222258000
1776222259.913,259.913,0.03,3.65,0.02,256.57,0.04,187.91,0.05,182.24,0.96,182.91,0.95,182.24,0.97,4.69,0.98,256.57,0.01,0.01,2323.664474,1776222258000
1776222260.163,260.163,0.03,3.65,0.02,256.57,0.04,187.91,0.05,182.24,0.96,187.91,0.95,182.24,0.97,3.65,0.98,256.57,0.01,0.01,2323.707067,1776222259000
1776222261.385,261.385,0.03,3.65,0.02,256.57,0.04,187.91,0.05,182.24,0.96,187.91,0.95,182.24,0.97,3.65,0.98,256.57,0.01,0.01,2323.706999,1776222260000
1776222261.816,261.816,0.02,72.4,0.01,1674.6,0.04,343.61,0.05,144.8,0.96,187.91,0.95,182.24,0.97,3.65,0.98,256.57,0.02,0.01,2323.706999,1776222260000
1776222263.121,263.121,0.02,72.4,0.01,1674.6,0.04,343.61,0.05,144.8,0.96,343.61,0.95,144.8,0.98,72.4,0.99,1674.6,0.02,0.02,2323.733673,1776222262000
1776222264.894,264.894,0.02,72.4,0.01,1674.6,0.04,343.61,0.05,144.8,0.96,343.61,0.95,144.8,0.98,72.4,0.99,1674.6,0.02,0.02,2323.72483,1776222263000
1776222265.322,265.322,0.02,61.17,0.01,1618.6,0.03,208.14,0.04,199.14,0.96,343.61,0.95,144.8,0.98,72.4,0.99,1674.6,0.01,0.02,2323.72483,1776222263000
1776222265.913,265.913,0.02,70.14,0.01,1618.6,0.03,208.14,0.04,199.14,0.97,208.14,0.96,199.14,0.98,70.14,0.99,1618.6,0.01,0.01,2323.711672,1776222265000
1776222266.449,266.449,0.01,1699.6,,,0.02,39.59,0.03,203.14,0.97,208.14,0.96,206.14,0.98,44.83,0.99,1618.6,0.01,0.01,2323.711672,1776222265000
1776222266.953,266.953,0.01,1699.6,,,0.02,39.59,0.03,203.14,0.98,39.59,0.97,203.14,0.99,1699.6,,,0.01,0.01,2323.712408,1776222266000
1776222267.37,267.37,0.01,1689.55,,,0.02,44.59,0.03,235.14,0.98,39.59,0.97,203.14,0.99,1699.6,,,0.01,0.01,2323.712408,1776222266000
1776222267.893,267.893,0.01,1689.55,,,0.02,44.59,0.03,235.14,0.98,44.59,0.97,235.14,0.99,1689.55,,,0.01,0.01,2323.716626,1776222267000
1776222268.988,268.988,0.01,1689.55,,,0.02,44.59,0.03,235.14,0.98,44.59,0.97,235.14,0.99,1689.55,,,0.01,0.01,2323.714235,1776222268000
1776222269.504,269.504,0.01,1150.74,,,0.02,213.14,0.03,377.37,0.98,44.59,0.97,235.14,0.99,1689.55,,,0.01,0.01,2323.714235,1776222268000
1776222269.89,269.89,0.01,1143.74,,,0.02,213.14,0.03,377.37,0.98,213.14,0.97,377.37,0.99,1143.74,,,0.01,0.01,2323.773404,1776222269000
1776222270.139,270.139,0.01,1073.77,,,0.02,223.14,0.03,367.37,0.98,213.14,0.97,377.37,0.99,1143.74,,,0.01,0.01,2323.773404,1776222269000
1776222270.492,270.492,0.01,1033.66,,,0.02,391.44,0.03,250.14,0.98,223.14,0.97,367.37,0.99,1058.66,,,0.01,0.01,2323.773404,1776222269000
1776222270.914,270.914,0.01,628.66,,,0.02,396.44,0.03,250.14,0.98,391.44,0.97,250.14,0.99,1033.66,,,0.01,0.01,2323.773404,1776222269000
1776222271.168,271.168,0.01,626.66,,,0.02,401.44,0.03,250.14,0.98,396.44,0.97,250.14,0.99,628.66,,,0.01,0.01,2323.773404,1776222269000
1776222271.719,271.719,0.01,620.66,,,0.02,401.44,0.03,250.14,0.98,401.44,0.97,250.14,0.99,626.66,,,0.01,0.01,2323.759277,1776222270000
1776222272.278,272.278,0.01,620.66,,,0.02,401.44,0.03,250.14,0.98,401.44,0.97,250.14,0.99,620.66,,,0.01,0.01,2323.766562,1776222271000
1776222273.038,273.038,0.01,590.66,,,0.02,413.99,0.03,247.14,0.98,401.44,0.97,250.14,0.99,620.66,,,0.01,0.01,2323.766562,1776222271000
1776222273.277,273.277,0.01,590.66,,,0.02,413.99,0.03,247.14,0.98,413.99,0.97,247.14,0.99,590.66,,,0.01,0.01,2323.783134,1776222272000
1776222274.207,274.207,0.01,590.66,,,0.02,413.99,0.03,247.14,0.98,413.99,0.97,247.14,0.99,590.66,,,0.01,0.01,2323.835289,1776222273000
1776222275.179,275.179,0.01,591.95,,,0.02,434.0,0.03,247.14,0.98,434.0,0.97,247.14,0.99,591.95,,,0.01,0.01,2323.83554,1776222274000
1776222275.554,275.554,0.01,561.95,,,0.02,250.3,0.03,123.44,0.98,434.0,0.97,247.14,0.99,591.95,,,0.01,0.01,2323.83554,1776222274000
1776222276.223,276.223,0.01,531.64,,,0.02,250.3,0.03,123.44,0.98,250.3,0.97,123.44,0.99,531.64,,,0.01,0.01,2323.843369,1776222275000
1776222276.898,276.898,0.01,652.12,,,0.02,188.3,0.03,96.44,0.98,250.3,0.97,123.44,0.99,531.64,,,0.01,0.01,2323.843369,1776222275000
1776222277.868,277.868,0.01,529.0,,,0.02,15.0,0.03,96.44,0.98,168.3,0.97,96.44,0.99,652.12,,,0.01,0.01,2323.843369,1776222275000
1776222278.739,278.739,0.01,525.53,,,0.02,87.59,0.03,105.44,0.98,15.0,0.97,96.44,0.99,529.0,,,0.01,0.01,2323.845124,1776222276000
1776222278.966,278.966,0.01,525.53,,,0.02,87.59,0.03,105.44,0.98,87.59,0.97,105.44,0.99,525.53,,,0.01,0.01,2323.855109,1776222277000
1776222279.356,279.356,0.01,525.53,,,0.02,37.59,0.03,105.44,0.98,87.59,0.97,105.44,0.99,525.53,,,0.01,0.01,2323.855109,1776222277000
1776222279.797,279.797,0.01,525.53,,,0.02,37.59,0.03,105.44,0.98,37.59,0.97,105.44,0.99,525.53,,,0.01,0.01,2324.071383,1776222278000
1776222280.51,280.51,0.01,486.07,,,0.03,197.82,0.04,90.0,0.97,70.0,0.96,85.0,0.98,2.95,0.99,507.52,0.02,0.01,2324.071383,1776222278000
1776222280.719,280.719,0.01,486.07,,,0.03,197.82,0.04,90.0,0.97,197.82,0.96,90.0,0.99,486.07,,,0.02,0.02,2324.120892,1776222279000
1776222281.494,281.494,0.01,459.89,,,0.03,197.82,0.04,90.0,0.97,197.82,0.96,90.0,0.99,459.89,,,0.02,0.02,2324.138975,1776222280000
1776222281.848,281.848,0.01,444.78,,,0.02,58.62,0.03,138.0,0.98,58.62,0.97,114.0,0.99,459.89,,,0.01,0.01,2324.138975,1776222280000
1776222282.312,282.312,0.01,444.78,,,0.02,58.62,0.03,138.0,0.98,58.62,0.97,138.0,0.99,444.78,,,0.01,0.01,2324.20795,1776222281000
1776222283.164,283.164,0.01,441.31,,,0.02,83.62,0.03,132.0,0.98,58.62,0.97,138.0,0.99,444.78,,,0.01,0.01,2324.20795,1776222281000
1776222283.365,283.365,0.01,349.31,,,0.02,83.62,0.03,132.0,0.98,83.62,0.97,132.0,0.99,441.31,,,0.01,0.01,2324.20795,1776222281000
1776222283.883,283.883,0.01,349.31,,,0.02,83.62,0.03,132.0,0.98,83.62,0.97,132.0,0.99,349.31,,,0.01,0.01,2324.266876,1776222282000
1776222284.205,284.205,0.01,228.31,,,0.02,193.0,0.03,63.0,0.98,83.62,0.97,132.0,0.99,349.31,,,0.01,0.01,2324.266876,1776222282000
1776222284.715,284.715,0.01,191.31,,,0.02,193.0,0.03,63.0,0.98,193.0,0.97,63.0,0.99,191.31,,,0.01,0.01,2324.268805,1776222283000
1776222285.074,285.074,,,,,0.01,1163.84,0.02,188.0,0.99,707.69,0.98,188.0,,,,,,,2324.268805,1776222283000
1776222285.305,285.305,,,,,0.01,1162.82,0.02,188.0,0.99,1167.82,0.98,188.0,,,,,,,2324.268805,1776222283000
1776222285.515,285.515,,,,,0.01,1162.82,0.02,188.0,0.99,1162.82,0.98,188.0,,,,,,,2324.297431,1776222284000
1776222285.963,285.963,,,,,0.01,1167.54,0.02,240.0,0.99,1157.98,0.98,240.0,,,,,,,2324.297431,1776222284000
1776222286.307,286.307,,,,,0.01,1167.54,0.02,240.0,0.99,1167.54,0.98,240.0,,,,,,,2324.14426,1776222285000
1776222287.845,287.845,,,,,0.01,1167.54,0.02,240.0,0.99,1167.54,0.98,240.0,,,,,,,2323.831489,1776222286000
1776222288.626,288.626,,,,,0.01,1167.54,0.02,240.0,0.99,1167.54,0.98,240.0,,,,,,,2323.795162,1776222287000
1776222289.369,289.369,,,,,0.01,1167.54,0.02,240.0,0.99,1167.54,0.98,240.0,,,,,,,2323.772617,1776222288000
1776222290.194,290.194,,,,,0.01,1167.54,0.02,240.0,0.99,1167.54,0.98,240.0,,,,,,,2323.772617,1776222289000
1776222291.68,291.68,,,,,0.01,1167.54,0.02,240.0,0.99,1167.54,0.98,240.0,,,,,,,2323.649448,1776222290000
1776222292.37,292.37,,,,,0.01,1167.54,0.02,240.0,0.99,1167.54,0.98,240.0,,,,,,,2323.676984,1776222291000
1776222293.138,293.138,,,,,0.01,1167.54,0.02,240.0,0.99,1167.54,0.98,240.0,,,,,,,2323.676932,1776222292000
1776222294.675,294.675,,,,,0.01,1167.54,0.02,240.0,0.99,1167.54,0.98,240.0,,,,,,,2323.712963,1776222293000
1776222295.516,295.516,,,,,0.01,1167.54,0.02,240.0,0.99,1167.54,0.98,240.0,,,,,,,2323.580878,1776222294000
1776222296.206,296.206,,,,,0.01,1167.54,0.02,240.0,0.99,1167.54,0.98,240.0,,,,,,,2323.475942,1776222295000
1776222296.548,296.548,,,,,0.01,3844.28,0.02,292.99,0.99,1167.54,0.98,240.0,,,,,,,2323.475942,1776222295000
1776222297.812,297.812,,,,,0.01,4682.33,0.02,300.99,0.99,3844.28,0.98,292.99,,,,,,,2323.475942,1776222295000
1776222298.174,298.174,,,,,0.01,4682.33,0.02,300.99,0.99,4682.33,0.98,300.99,,,,,,,2323.408117,1776222297000
1776222299.28,299.28,,,,,0.01,4682.33,0.02,300.99,0.99,4682.33,0.98,300.99,,,,,,,2323.425273,1776222298000
1776222300.149,300.149,,,,,0.01,51331.63,0.02,149.0,0.99,4682.33,0.98,300.99,,,,,,,2323.425273,1776222298000
1776222300.897,300.897,,,,,0.01,103482.0,0.02,144.0,0.99,51331.63,0.98,149.0,,,,,,,2323.316626,1776222299000
1776222302.264,302.264,,,,,0.01,103482.0,0.02,144.0,0.99,103482.0,0.98,144.0,,,,,,,2323.293761,1776222301000

# RESULT,winner=Down,slug=eth-updown-5m-1776222000,ticks=446
