timestamp,elapsed_sec,up_bid_p1,up_bid_s1,up_bid_p2,up_bid_s2,up_ask_p1,up_ask_s1,up_ask_p2,up_ask_s2,down_bid_p1,down_bid_s1,down_bid_p2,down_bid_s2,down_ask_p1,down_ask_s1,down_ask_p2,down_ask_s2,up_spread,down_spread,eth_price,eth_oracle_ts
1776198311.171,11.171,,,,,,,,,,,,,,,,,,,2311.411785,1776198310000
1776198311.465,11.465,0.42,30.5,0.41,80.0,0.43,30.5,0.44,42.72,0.57,45.5,0.56,42.72,0.58,30.5,0.59,80.0,0.01,0.01,2311.411785,1776198310000
1776198311.942,11.942,0.42,51.0,0.41,103.5,0.43,45.5,0.44,42.72,0.57,45.5,0.56,42.72,0.58,30.5,0.59,80.0,0.01,0.01,2311.411785,1776198310000
1776198312.307,12.307,0.42,20.5,0.41,103.5,0.43,32.67,0.44,53.22,0.57,48.17,0.56,42.72,0.58,51.0,0.59,103.5,0.01,0.01,2311.411785,1776198310000
1776198312.731,12.731,0.42,20.5,0.41,103.5,0.43,32.67,0.44,53.22,0.57,32.67,0.56,53.22,0.58,20.5,0.59,103.5,0.01,0.01,2311.007377,1776198311000
1776198313.31,13.31,0.42,20.5,0.41,103.5,0.43,32.67,0.44,53.22,0.57,32.67,0.56,53.22,0.58,20.5,0.59,103.5,0.01,0.01,2311.007377,1776198312000
1776198313.624,13.624,0.42,40.0,0.41,98.5,0.43,43.17,0.44,53.22,0.57,48.17,0.56,53.22,0.58,40.0,0.59,98.5,0.01,0.01,2311.007377,1776198312000
1776198313.83,13.83,0.42,45.91,0.41,98.5,0.43,43.17,0.44,53.22,0.57,43.17,0.56,53.22,0.58,40.0,0.59,98.5,0.01,0.01,2311.007377,1776198312000
1776198314.091,14.091,0.42,40.91,0.41,98.5,0.43,36.36,0.44,53.22,0.57,36.36,0.56,53.22,0.58,40.91,0.59,98.5,0.01,0.01,2310.976765,1776198313000
1776198314.453,14.453,0.42,41.42,0.41,98.5,0.43,34.03,0.44,53.22,0.57,36.36,0.56,53.22,0.58,41.42,0.59,98.5,0.01,0.01,2310.976765,1776198313000
1776198315.492,15.492,0.42,41.42,0.41,98.5,0.43,34.03,0.44,53.22,0.57,34.03,0.56,53.22,0.58,41.42,0.59,98.5,0.01,0.01,2310.944088,1776198314000
1776198315.951,15.951,0.42,42.0,0.41,108.5,0.43,39.03,0.44,59.22,0.57,34.03,0.56,59.22,0.58,37.0,0.59,108.5,0.01,0.01,2310.944088,1776198314000
1776198316.17,16.17,0.42,42.0,0.41,108.5,0.43,39.03,0.44,59.22,0.57,39.03,0.56,59.22,0.58,42.0,0.59,108.5,0.01,0.01,2310.958782,1776198315000
1776198316.769,16.769,0.44,5.0,0.42,198.49,0.46,10.5,0.47,16.0,0.57,39.03,0.56,59.22,0.58,42.0,0.59,108.5,0.02,0.01,2310.958782,1776198315000
1776198317.403,17.403,0.46,170.33,0.45,122.65,0.49,20.5,0.5,21.0,0.54,10.5,0.53,16.0,0.56,5.0,0.58,198.49,0.03,0.02,2310.958782,1776198315000
1776198317.62,17.62,0.48,25.0,0.47,40.5,0.5,41.5,0.51,32.15,0.51,9.11,0.5,21.0,0.54,170.33,0.55,122.65,0.02,0.03,2310.958607,1776198316000
1776198318.164,18.164,0.49,42.7,0.48,33.0,0.5,51.5,0.51,25.15,0.5,41.5,0.49,32.15,0.52,25.0,0.53,40.5,0.01,0.02,2310.958607,1776198316000
1776198318.971,18.971,0.49,37.36,0.48,24.0,0.5,41.5,0.51,35.15,0.5,51.5,0.49,25.15,0.51,42.7,0.52,33.0,0.01,0.01,2310.970782,1776198317000
1776198319.673,19.673,0.49,37.36,0.48,24.0,0.5,41.5,0.51,35.15,0.5,41.5,0.49,35.15,0.51,37.36,0.52,24.0,0.01,0.01,2311.21847,1776198318000
1776198319.991,19.991,0.49,40.26,0.48,24.0,0.5,36.15,0.51,35.15,0.5,46.5,0.49,25.15,0.51,35.26,0.52,24.0,0.01,0.01,2311.21847,1776198318000
1776198320.393,20.393,0.49,40.26,0.48,24.0,0.5,36.15,0.51,35.15,0.5,36.15,0.49,35.15,0.51,40.26,0.52,24.0,0.01,0.01,2311.39556,1776198319000
1776198320.828,20.828,0.49,33.16,0.48,23.0,0.5,45.15,0.51,35.15,0.5,30.15,0.49,35.15,0.51,40.26,0.52,23.0,0.01,0.01,2311.39556,1776198319000
1776198321.14,21.14,0.49,31.1,0.48,23.0,0.5,45.15,0.51,35.15,0.5,45.15,0.49,35.15,0.51,31.1,0.52,23.0,0.01,0.01,2311.377125,1776198320000
1776198322.242,22.242,0.49,31.1,0.48,23.0,0.5,45.15,0.51,35.15,0.5,45.15,0.49,35.15,0.51,31.1,0.52,23.0,0.01,0.01,2311.36528,1776198321000
1776198323.263,23.263,0.49,36.1,0.48,23.0,0.53,67.27,0.54,42.0,0.5,45.15,0.49,35.15,0.51,31.1,0.52,23.0,0.04,0.01,2311.36528,1776198321000
1776198324.311,24.311,0.49,35.0,0.48,20.0,0.51,9.85,0.52,69.5,0.47,67.27,0.46,42.0,0.51,36.1,0.52,23.0,0.02,0.04,2311.368315,1776198322000
1776198324.68,24.68,0.49,36.15,0.48,20.0,0.51,14.85,0.52,69.5,0.49,9.85,0.48,69.5,0.51,35.0,0.52,20.0,0.02,0.02,2311.37998,1776198323000
1776198325.233,25.233,0.49,36.15,0.48,20.0,0.51,14.85,0.52,69.5,0.49,14.85,0.48,69.5,0.51,36.15,0.52,20.0,0.02,0.02,2311.379265,1776198324000
1776198325.436,25.436,0.52,10.0,0.51,19.18,0.53,72.27,0.54,98.5,0.47,72.27,0.46,98.5,0.49,19.18,0.5,41.0,0.01,0.02,2311.379265,1776198324000
1776198326.038,26.038,0.52,15.0,0.51,19.18,0.53,75.38,0.54,93.0,0.47,72.27,0.46,98.5,0.48,10.0,0.49,19.18,0.01,0.01,2311.379265,1776198324000
1776198326.25,26.25,0.52,13.0,0.51,19.18,0.53,75.38,0.54,52.0,0.47,75.38,0.46,52.0,0.48,13.0,0.49,19.18,0.01,0.01,2311.417518,1776198325000
1776198326.701,26.701,0.52,5.0,0.51,19.18,0.53,127.29,0.54,84.0,0.47,75.38,0.46,52.0,0.48,13.0,0.49,19.18,0.01,0.01,2311.417518,1776198325000
1776198326.912,26.912,0.52,5.0,0.51,19.18,0.53,125.4,0.54,84.0,0.47,127.29,0.46,84.0,0.48,5.0,0.49,19.18,0.01,0.01,2311.417518,1776198325000
1776198327.219,27.219,0.52,2.91,0.51,29.68,0.53,114.94,0.54,84.0,0.47,114.94,0.46,84.0,0.48,2.91,0.49,29.68,0.01,0.01,2311.421715,1776198326000
1776198327.501,27.501,0.52,12.91,0.51,29.68,0.53,116.05,0.54,52.0,0.47,118.05,0.46,52.0,0.48,2.91,0.49,29.68,0.01,0.01,2311.421715,1776198326000
1776198328.189,28.189,0.52,90.87,0.51,29.68,0.53,105.27,0.54,88.0,0.47,107.16,0.46,57.0,0.48,7.72,0.49,29.68,0.01,0.01,2311.421715,1776198326000
1776198328.872,28.872,0.52,95.87,0.51,29.68,0.53,103.38,0.54,88.0,0.47,105.27,0.46,88.0,0.48,90.87,0.49,29.68,0.01,0.01,2311.547815,1776198327000
1776198329.232,29.232,0.52,85.92,0.51,29.68,0.53,86.08,0.54,57.0,0.47,88.92,0.46,57.0,0.48,98.64,0.49,29.68,0.01,0.01,2311.547815,1776198327000
1776198330.127,30.127,0.52,68.73,0.51,29.68,0.53,91.08,0.54,96.18,0.47,86.08,0.46,57.0,0.48,85.92,0.49,29.68,0.01,0.01,2311.564705,1776198328000
1776198330.418,30.418,0.52,68.73,0.51,29.68,0.53,91.08,0.54,96.18,0.47,91.08,0.46,96.18,0.48,68.73,0.49,29.68,0.01,0.01,2311.600071,1776198329000
1776198330.666,30.666,0.52,58.73,0.51,29.68,0.53,96.19,0.54,62.18,0.47,91.08,0.46,96.18,0.48,68.73,0.49,29.68,0.01,0.01,2311.600071,1776198329000
1776198330.949,30.949,0.52,58.73,0.51,29.68,0.53,96.19,0.54,62.18,0.47,96.19,0.46,62.18,0.48,58.73,0.49,29.68,0.01,0.01,2311.603255,1776198330000
1776198331.268,31.268,0.52,156.96,0.51,96.68,0.53,51.08,0.54,42.18,0.47,96.19,0.46,62.18,0.48,58.73,0.49,29.68,0.01,0.01,2311.603255,1776198330000
1776198331.477,31.477,0.52,144.23,0.51,96.68,0.53,25.98,0.54,30.18,0.47,31.08,0.46,30.18,0.48,149.23,0.49,96.68,0.01,0.01,2311.603255,1776198330000
1776198331.971,31.971,0.52,157.14,0.51,96.68,0.53,24.09,0.54,30.18,0.47,25.98,0.46,30.18,0.48,147.14,0.49,96.68,0.01,0.01,2311.603255,1776198330000
1776198332.191,32.191,0.52,152.14,0.51,96.68,0.53,22.2,0.54,30.18,0.47,24.09,0.46,30.18,0.48,157.14,0.49,96.68,0.01,0.01,2311.630437,1776198331000
1776198332.42,32.42,0.52,142.14,0.51,96.68,0.53,22.2,0.54,30.18,0.47,22.2,0.46,30.18,0.48,152.14,0.49,96.68,0.01,0.01,2311.630437,1776198331000
1776198332.918,32.918,0.52,142.14,0.51,96.68,0.53,22.2,0.54,30.18,0.47,22.2,0.46,30.18,0.48,142.14,0.49,96.68,0.01,0.01,2311.655127,1776198332000
1776198333.185,33.185,0.52,152.14,0.51,89.68,0.53,20.48,0.54,25.0,0.47,12.37,0.46,25.0,0.48,142.14,0.49,89.68,0.01,0.01,2311.655127,1776198332000
1776198333.431,33.431,0.52,150.63,0.51,89.68,0.53,17.91,0.54,25.0,0.47,15.75,0.46,25.0,0.48,145.63,0.49,89.68,0.01,0.01,2311.655127,1776198332000
1776198333.643,33.643,0.52,165.63,0.51,89.68,0.53,6.91,0.54,25.0,0.47,8.91,0.46,25.0,0.48,165.63,0.49,89.68,0.01,0.01,2311.655127,1776198332000
1776198333.969,33.969,0.52,165.63,0.51,89.68,0.53,4.91,0.54,25.0,0.47,4.91,0.46,25.0,0.48,165.63,0.49,89.68,0.01,0.01,2311.789165,1776198333000
1776198334.497,34.497,0.52,115.63,0.51,99.68,0.53,14.91,0.54,25.0,0.47,4.91,0.46,25.0,0.48,165.63,0.49,89.68,0.01,0.01,2311.789165,1776198333000
1776198335.733,35.733,0.52,115.63,0.51,99.68,0.53,14.91,0.54,25.0,0.47,14.91,0.46,25.0,0.48,115.63,0.49,99.68,0.01,0.01,2311.66332,1776198334000
1776198335.946,35.946,0.52,111.91,0.51,89.68,0.53,19.91,0.54,25.0,0.47,14.91,0.46,25.0,0.48,115.63,0.49,99.68,0.01,0.01,2311.66332,1776198334000
1776198336.429,36.429,0.52,111.91,0.51,89.68,0.53,19.91,0.54,25.0,0.47,19.91,0.46,25.0,0.48,111.91,0.49,89.68,0.01,0.01,2311.661885,1776198335000
1776198336.7,36.7,0.52,106.72,0.51,89.68,0.53,19.91,0.54,25.0,0.47,19.91,0.46,25.0,0.48,116.91,0.49,89.68,0.01,0.01,2311.661885,1776198335000
1776198337.268,37.268,0.52,106.72,0.51,89.68,0.53,19.91,0.54,25.0,0.47,19.91,0.46,25.0,0.48,106.72,0.49,89.68,0.01,0.01,2311.66196,1776198336000
1776198337.492,37.492,0.52,91.72,0.51,89.68,0.54,20.0,0.55,15.0,0.47,19.91,0.46,25.0,0.48,106.72,0.49,89.68,0.02,0.01,2311.66196,1776198336000
1776198338.361,38.361,0.53,57.31,0.52,69.72,0.54,30.0,0.55,20.0,0.46,20.0,0.45,15.0,0.48,91.72,0.49,89.68,0.01,0.02,2311.66196,1776198336000
1776198338.707,38.707,0.53,72.31,0.52,59.72,0.54,28.01,0.55,15.0,0.46,30.0,0.45,20.0,0.47,57.31,0.48,69.72,0.01,0.01,2311.66196,1776198336000
1776198339.096,39.096,0.53,67.31,0.52,59.72,0.58,8.71,0.59,25.0,0.46,26.02,0.45,15.0,0.47,72.31,0.48,59.72,0.05,0.01,2311.66681,1776198337000
1776198339.429,39.429,0.53,67.31,0.52,59.72,0.58,8.71,0.59,25.0,0.42,8.71,0.41,25.0,0.47,67.31,0.48,59.72,0.05,0.05,2311.677155,1776198338000
1776198340.058,40.058,0.54,25.0,0.53,59.81,0.56,15.0,0.57,30.0,0.44,15.0,0.43,30.0,0.46,25.0,0.47,59.81,0.02,0.02,2311.688145,1776198339000
1776198340.661,40.661,0.55,19.77,0.54,60.0,0.56,20.0,0.57,30.0,0.44,20.0,0.43,30.0,0.45,5.0,0.46,25.0,0.01,0.01,2311.688145,1776198339000
1776198341.146,41.146,0.54,32.39,0.53,55.31,0.56,30.0,0.57,30.06,0.44,25.0,0.43,30.06,0.46,60.0,0.47,55.31,0.02,0.02,2311.688145,1776198339000
1776198341.56,41.56,0.54,8.56,0.53,55.31,0.56,25.0,0.57,30.06,0.44,25.0,0.43,30.06,0.46,8.56,0.47,55.31,0.02,0.02,2311.741761,1776198340000
1776198342.428,42.428,0.54,8.56,0.53,55.31,0.56,25.0,0.57,30.06,0.44,25.0,0.43,30.06,0.46,8.56,0.47,55.31,0.02,0.02,2311.743164,1776198341000
1776198342.812,42.812,0.54,56.28,0.53,60.31,0.55,15.0,0.56,20.0,0.44,25.0,0.43,30.06,0.46,8.56,0.47,55.31,0.01,0.02,2311.743164,1776198341000
1776198343.061,43.061,0.54,10.28,0.53,60.31,0.55,15.0,0.56,20.0,0.45,15.0,0.44,20.0,0.46,10.28,0.47,60.31,0.01,0.01,2311.702335,1776198342000
1776198344.085,44.085,0.54,10.67,0.53,60.31,0.55,15.0,0.56,25.0,0.45,15.0,0.44,20.0,0.46,10.28,0.47,60.31,0.01,0.01,2311.702335,1776198342000
1776198344.432,44.432,0.54,15.01,0.53,60.31,0.55,20.0,0.56,25.0,0.45,15.0,0.44,25.0,0.46,4.88,0.47,60.31,0.01,0.01,2311.702335,1776198342000
1776198344.675,44.675,0.54,10.5,0.53,60.31,0.55,15.0,0.56,25.0,0.45,20.0,0.44,25.0,0.46,15.01,0.47,60.31,0.01,0.01,2311.702335,1776198342000
1776198345.384,45.384,0.54,15.5,0.53,60.31,0.55,14.9,0.56,25.0,0.45,15.0,0.44,25.0,0.46,10.5,0.47,60.31,0.01,0.01,2311.688045,1776198343000
1776198345.687,45.687,0.54,9.0,0.53,60.31,0.55,14.9,0.56,25.0,0.45,14.9,0.44,25.0,0.46,15.5,0.47,60.31,0.01,0.01,2311.68451,1776198344000
1776198346.081,46.081,0.54,9.0,0.53,60.31,0.55,14.9,0.56,25.0,0.45,14.9,0.44,25.0,0.46,9.0,0.47,60.31,0.01,0.01,2311.68451,1776198345000
1776198347.517,47.517,0.54,9.0,0.53,60.31,0.55,14.9,0.56,25.0,0.45,14.9,0.44,25.0,0.46,9.0,0.47,60.31,0.01,0.01,2311.719365,1776198346000
1776198348.239,48.239,0.54,9.0,0.53,60.31,0.55,14.9,0.56,25.0,0.45,14.9,0.44,25.0,0.46,9.0,0.47,60.31,0.01,0.01,2311.71255,1776198347000
1776198348.688,48.688,0.53,39.02,0.52,45.5,0.55,14.9,0.56,25.0,0.45,14.9,0.44,25.0,0.46,9.0,0.47,60.31,0.02,0.01,2311.71255,1776198347000
1776198349.602,49.602,0.56,30.5,0.55,15.0,0.57,15.0,0.58,8.71,0.45,14.9,0.44,25.0,0.46,4.0,0.47,44.02,0.01,0.01,2311.71255,1776198347000
1776198349.837,49.837,0.56,30.5,0.55,15.0,0.57,3.57,0.58,15.77,0.43,3.57,0.42,15.77,0.44,30.5,0.45,15.0,0.01,0.01,2311.712115,1776198348000
1776198350.576,50.576,0.56,30.5,0.55,15.0,0.57,3.57,0.58,15.77,0.43,3.57,0.42,15.77,0.44,30.5,0.45,15.0,0.01,0.01,2311.712075,1776198349000
1776198351.326,51.326,0.55,22.77,0.54,19.5,0.56,55.39,0.57,21.0,0.43,24.57,0.42,20.77,0.45,20.0,0.46,19.5,0.01,0.02,2311.712075,1776198349000
1776198352.068,52.068,0.55,22.77,0.54,19.5,0.56,58.6,0.57,21.0,0.44,58.6,0.43,21.0,0.45,22.77,0.46,19.5,0.01,0.01,2311.798675,1776198351000
1776198352.841,52.841,0.55,23.64,0.54,19.5,0.56,53.6,0.57,31.0,0.44,58.6,0.43,21.0,0.45,22.77,0.46,19.5,0.01,0.01,2311.798675,1776198351000
1776198353.068,53.068,0.55,10.0,0.54,19.5,0.56,49.13,0.57,31.0,0.44,46.81,0.43,31.0,0.45,18.64,0.46,49.5,0.01,0.01,2311.798675,1776198351000
1776198353.389,53.389,0.55,7.55,0.54,15.5,0.56,89.13,0.57,31.0,0.44,49.13,0.43,31.0,0.45,10.0,0.46,19.5,0.01,0.01,2311.798675,1776198351000
1776198353.596,53.596,0.55,7.55,0.54,15.5,0.56,89.13,0.57,31.0,0.44,89.13,0.43,31.0,0.45,7.55,0.46,15.5,0.01,0.01,2311.76711,1776198352000
1776198353.938,53.938,0.55,2.55,0.54,15.5,0.56,82.34,0.57,31.0,0.44,82.34,0.43,31.0,0.45,7.55,0.46,15.5,0.01,0.01,2311.76711,1776198352000
1776198354.655,54.655,0.55,2.55,0.54,15.5,0.56,82.34,0.57,31.0,0.44,82.34,0.43,31.0,0.45,2.55,0.46,15.5,0.01,0.01,2311.773465,1776198353000
1776198354.885,54.885,0.52,20.0,0.5,10.0,0.53,9.09,0.54,66.5,0.44,237.77,0.43,48.34,0.47,0.91,0.48,30.0,0.01,0.03,2311.773465,1776198353000
1776198355.154,55.154,0.49,44.96,0.47,5.0,0.53,29.59,0.54,79.93,0.47,29.59,0.46,79.93,0.51,44.96,0.53,5.0,0.04,0.04,2311.775215,1776198354000
1776198355.544,55.544,0.46,20.5,0.45,15.0,0.48,23.77,0.49,25.93,0.5,83.0,0.49,31.0,0.51,9.27,0.53,10.5,0.02,0.01,2311.775215,1776198354000
1776198355.885,55.885,0.47,13.56,0.46,29.77,0.48,66.66,0.49,20.0,0.52,48.66,0.51,20.0,0.53,4.95,0.54,29.77,0.01,0.01,2311.775215,1776198354000
1776198356.154,56.154,0.47,13.56,0.46,29.77,0.48,66.66,0.49,20.0,0.52,66.66,0.51,20.0,0.53,13.56,0.54,29.77,0.01,0.01,2311.777141,1776198355000
1776198356.393,56.393,0.47,8.11,0.46,19.77,0.48,61.66,0.49,20.0,0.52,61.66,0.51,20.0,0.53,21.67,0.54,29.77,0.01,0.01,2311.777141,1776198355000
1776198356.66,56.66,0.44,19.42,0.43,10.0,0.46,16.0,0.47,16.0,0.52,66.66,0.51,20.0,0.55,5.0,0.56,29.17,0.02,0.03,2311.777141,1776198355000
1776198357.052,57.052,0.44,22.78,0.43,16.32,0.45,16.0,0.46,26.0,0.55,5.0,0.54,26.0,0.56,17.61,0.57,10.0,0.01,0.01,2311.777141,1776198355000
1776198357.539,57.539,0.44,27.78,0.43,16.32,0.45,9.56,0.46,26.0,0.55,16.0,0.54,26.0,0.56,22.78,0.57,16.32,0.01,0.01,2311.494977,1776198356000
1776198358.121,58.121,0.44,13.67,0.43,16.32,0.45,19.56,0.46,26.0,0.55,19.56,0.54,26.0,0.56,13.67,0.57,16.32,0.01,0.01,2311.238334,1776198357000
1776198359.071,59.071,0.44,16.88,0.43,16.32,0.45,19.56,0.46,26.0,0.55,14.56,0.54,26.0,0.56,21.88,0.57,16.32,0.01,0.01,2311.238334,1776198357000
1776198359.633,59.633,0.44,28.2,0.43,16.32,0.45,9.56,0.46,26.0,0.55,19.56,0.54,26.0,0.56,16.88,0.57,16.32,0.01,0.01,2311.15407,1776198358000
1776198359.91,59.91,0.44,21.32,0.43,26.32,0.45,12.18,0.46,26.0,0.55,9.56,0.54,26.0,0.56,28.2,0.57,16.32,0.01,0.01,2311.15407,1776198358000
1776198360.149,60.149,0.44,21.32,0.43,26.32,0.45,12.18,0.46,26.0,0.55,12.18,0.54,26.0,0.56,21.32,0.57,26.32,0.01,0.01,2311.143725,1776198359000
1776198360.412,60.412,0.44,16.23,0.43,36.32,0.45,10.0,0.46,11.0,0.55,12.18,0.54,26.0,0.56,21.32,0.57,26.32,0.01,0.01,2311.143725,1776198359000
1776198360.684,60.684,0.5,14.4,0.49,25.5,0.51,5.0,0.52,25.0,0.55,10.0,0.54,11.0,0.56,16.23,0.57,36.32,0.01,0.01,2311.143725,1776198359000
1776198361.106,61.106,0.53,10.5,0.52,50.5,0.54,15.78,0.55,15.0,0.49,5.0,0.48,15.0,0.5,14.9,0.51,25.5,0.01,0.01,2311.143725,1776198359000
1776198361.814,61.814,0.52,35.5,0.51,55.5,0.54,30.78,0.55,30.5,0.46,15.78,0.45,15.0,0.47,7.94,0.48,45.5,0.02,0.01,2311.166541,1776198360000
1776198362.165,62.165,0.52,35.5,0.51,55.5,0.54,30.78,0.55,30.5,0.46,30.78,0.45,30.5,0.48,35.5,0.49,55.5,0.02,0.02,2311.172427,1776198361000
1776198362.579,62.579,0.52,70.82,0.51,61.82,0.53,7.92,0.54,15.0,0.46,30.78,0.45,30.5,0.48,35.5,0.49,55.5,0.01,0.02,2311.172427,1776198361000
1776198363.211,63.211,0.52,70.82,0.51,61.82,0.53,7.92,0.54,15.0,0.47,7.92,0.46,15.0,0.48,70.82,0.49,61.82,0.01,0.01,2311.496355,1776198362000
1776198363.448,63.448,0.53,10.5,0.52,70.5,0.54,35.0,0.55,20.0,0.47,7.92,0.46,15.0,0.48,70.82,0.49,61.82,0.01,0.01,2311.496355,1776198362000
1776198363.651,63.651,0.53,10.5,0.52,70.5,0.54,25.74,0.55,20.0,0.46,35.0,0.45,20.0,0.47,10.5,0.48,70.5,0.01,0.01,2311.496355,1776198362000
1776198364.116,64.116,0.53,10.5,0.52,70.5,0.54,25.74,0.55,20.0,0.46,25.74,0.45,20.0,0.47,10.5,0.48,70.5,0.01,0.01,2311.55045,1776198363000
1776198364.657,64.657,0.53,10.5,0.52,65.5,0.54,20.0,0.55,35.0,0.46,25.74,0.45,20.0,0.47,10.5,0.48,70.5,0.01,0.01,2311.55045,1776198363000
1776198364.993,64.993,0.53,10.5,0.52,65.5,0.54,20.0,0.55,35.0,0.46,20.0,0.45,35.0,0.47,10.5,0.48,65.5,0.01,0.01,2311.65411,1776198364000
1776198365.333,65.333,0.53,0.92,0.52,25.5,0.54,30.5,0.55,35.5,0.46,20.0,0.45,35.0,0.47,10.5,0.48,65.5,0.01,0.01,2311.65411,1776198364000
1776198365.871,65.871,0.52,11.4,0.51,42.5,0.54,38.69,0.55,30.5,0.46,28.69,0.45,35.5,0.47,0.92,0.48,25.5,0.02,0.01,2311.65411,1776198364000
1776198366.084,66.084,0.52,11.4,0.51,42.5,0.54,38.69,0.55,30.5,0.46,38.69,0.45,30.5,0.48,11.4,0.49,42.5,0.02,0.02,2311.703806,1776198365000
1776198367.55,67.55,0.52,11.4,0.51,42.5,0.54,38.69,0.55,30.5,0.46,38.69,0.45,30.5,0.48,11.4,0.49,42.5,0.02,0.02,2311.58594,1776198366000
1776198368.081,68.081,0.52,16.4,0.51,42.5,0.53,10.0,0.54,30.5,0.46,38.69,0.45,30.5,0.48,11.4,0.49,42.5,0.01,0.02,2311.58594,1776198366000
1776198369.188,69.188,0.52,16.4,0.51,35.5,0.53,15.0,0.54,20.0,0.47,10.0,0.46,30.5,0.48,16.4,0.49,42.5,0.01,0.01,2311.578625,1776198367000
1776198370.48,70.48,0.52,16.4,0.51,35.5,0.53,15.0,0.54,20.0,0.47,15.0,0.46,20.0,0.48,16.4,0.49,35.5,0.01,0.01,2311.567385,1776198369000
1776198370.939,70.939,0.52,11.4,0.51,35.5,0.53,30.0,0.54,20.0,0.47,15.0,0.46,20.0,0.48,16.4,0.49,35.5,0.01,0.01,2311.567385,1776198369000
1776198371.18,71.18,0.52,11.4,0.51,35.5,0.53,30.0,0.54,20.0,0.47,30.0,0.46,20.0,0.48,11.4,0.49,35.5,0.01,0.01,2311.583205,1776198370000
1776198371.63,71.63,0.52,13.4,0.51,35.5,0.53,25.0,0.54,20.0,0.47,30.0,0.46,20.0,0.48,11.4,0.49,35.5,0.01,0.01,2311.583205,1776198370000
1776198372.315,72.315,0.52,13.4,0.51,35.5,0.53,25.0,0.54,20.0,0.47,25.0,0.46,20.0,0.48,13.4,0.49,35.5,0.01,0.01,2311.58667,1776198371000
1776198372.954,72.954,0.52,13.4,0.51,35.5,0.53,25.0,0.54,20.0,0.47,25.0,0.46,20.0,0.48,13.4,0.49,35.5,0.01,0.01,2311.67621,1776198372000
1776198374.134,74.134,0.52,13.4,0.51,35.5,0.53,25.0,0.54,20.0,0.47,25.0,0.46,20.0,0.48,13.4,0.49,35.5,0.01,0.01,2311.62425,1776198373000
1776198375.401,75.401,0.52,13.4,0.51,35.5,0.53,25.0,0.54,20.0,0.47,25.0,0.46,20.0,0.48,13.4,0.49,35.5,0.01,0.01,2311.627745,1776198374000
1776198375.606,75.606,0.49,3.58,0.47,10.32,0.5,20.5,0.51,50.5,0.49,10.0,0.47,193.5,0.51,3.68,0.53,10.32,0.01,0.02,2311.627745,1776198374000
1776198376.039,76.039,0.48,10.0,0.47,15.32,0.5,43.0,0.51,27.0,0.5,20.5,0.49,50.5,0.51,3.58,0.53,10.32,0.02,0.01,2311.627745,1776198374000
1776198376.591,76.591,0.48,8.57,0.47,40.32,0.49,48.0,0.5,38.0,0.51,20.0,0.5,60.0,0.53,25.32,0.54,89.5,0.01,0.02,2311.663462,1776198375000
1776198376.824,76.824,0.47,44.79,0.46,95.22,0.49,48.0,0.5,38.0,0.51,48.0,0.5,38.0,0.52,8.57,0.53,49.79,0.02,0.01,2311.663462,1776198375000
1776198377.246,77.246,0.47,44.79,0.46,95.22,0.49,48.0,0.5,38.0,0.51,48.0,0.5,38.0,0.53,44.79,0.54,95.22,0.02,0.02,2311.613145,1776198376000
1776198377.485,77.485,0.48,3.05,0.47,35.5,0.49,48.0,0.5,48.5,0.51,48.0,0.5,38.0,0.53,44.79,0.54,95.22,0.01,0.02,2311.613145,1776198376000
1776198378.345,78.345,0.48,3.05,0.47,35.5,0.49,48.0,0.5,48.5,0.51,48.0,0.5,48.5,0.52,3.05,0.53,35.5,0.01,0.01,2311.3768,1776198377000
1776198378.872,78.872,0.48,3.05,0.47,35.5,0.49,48.0,0.5,48.5,0.51,48.0,0.5,48.5,0.52,3.05,0.53,35.5,0.01,0.01,2311.37721,1776198378000
1776198379.151,79.151,0.45,24.72,0.44,43.41,0.47,73.0,0.48,78.5,0.53,68.0,0.52,78.5,0.55,27.45,0.56,43.41,0.02,0.02,2311.37721,1776198378000
1776198379.705,79.705,0.46,3.07,0.45,30.0,0.47,73.5,0.48,78.5,0.53,73.0,0.52,78.5,0.55,24.72,0.56,43.41,0.01,0.02,2311.37721,1776198378000
1776198379.99,79.99,0.46,1.14,0.45,30.0,0.47,78.5,0.48,78.5,0.53,78.5,0.52,78.5,0.54,1.14,0.55,30.0,0.01,0.01,2311.404707,1776198379000
1776198381.134,81.134,0.46,1.14,0.45,30.0,0.47,78.5,0.48,78.5,0.53,78.5,0.52,78.5,0.54,1.14,0.55,30.0,0.01,0.01,2311.198478,1776198380000
1776198382.104,82.104,0.46,11.14,0.45,30.5,0.47,21.0,0.48,33.0,0.53,78.5,0.52,78.5,0.54,1.14,0.55,30.0,0.01,0.01,2311.198478,1776198380000
1776198382.573,82.573,0.46,11.14,0.45,30.5,0.47,21.0,0.48,33.0,0.53,21.0,0.52,33.0,0.54,11.14,0.55,30.5,0.01,0.01,2311.240389,1776198381000
1776198383.014,83.014,0.46,11.14,0.45,30.5,0.47,21.0,0.48,33.0,0.53,21.0,0.52,33.0,0.54,11.14,0.55,30.5,0.01,0.01,2311.248674,1776198382000
1776198383.607,83.607,0.46,14.42,0.45,30.5,0.47,16.0,0.48,18.0,0.53,21.0,0.52,33.0,0.54,11.14,0.55,30.5,0.01,0.01,2311.248674,1776198382000
1776198384.169,84.169,0.46,24.92,0.45,40.5,0.47,0.82,0.48,13.0,0.53,0.82,0.52,13.0,0.54,24.92,0.55,40.5,0.01,0.01,2311.27255,1776198383000
1776198385.156,85.156,0.46,24.92,0.45,40.5,0.47,0.82,0.48,13.0,0.53,0.82,0.52,13.0,0.54,24.92,0.55,40.5,0.01,0.01,2311.2676,1776198384000
1776198385.598,85.598,0.47,25.0,0.46,24.92,0.48,5.0,0.49,28.5,0.53,0.82,0.52,13.0,0.54,24.92,0.55,40.5,0.01,0.01,2311.2676,1776198384000
1776198386.115,86.115,0.47,25.0,0.46,24.92,0.48,5.0,0.49,28.5,0.52,5.0,0.51,28.5,0.53,25.0,0.54,24.92,0.01,0.01,2311.298152,1776198385000
1776198387.089,87.089,0.47,25.0,0.46,24.92,0.48,5.0,0.49,28.5,0.52,5.0,0.51,28.5,0.53,25.0,0.54,24.92,0.01,0.01,2311.29285,1776198386000
1776198387.312,87.312,0.47,22.98,0.46,39.92,0.48,5.0,0.49,28.5,0.52,5.0,0.51,28.5,0.53,25.0,0.54,24.92,0.01,0.01,2311.29285,1776198386000
1776198388.164,88.164,0.47,22.98,0.46,39.92,0.48,5.0,0.49,28.5,0.52,5.0,0.51,28.5,0.53,22.98,0.54,39.92,0.01,0.01,2311.29785,1776198387000
1776198389.152,89.152,0.47,22.98,0.46,39.92,0.48,5.0,0.49,28.5,0.52,5.0,0.51,28.5,0.53,22.98,0.54,39.92,0.01,0.01,2311.29285,1776198388000
1776198390.151,90.151,0.47,22.98,0.46,39.92,0.48,5.0,0.49,28.5,0.52,5.0,0.51,28.5,0.53,22.98,0.54,39.92,0.01,0.01,2311.29795,1776198389000
1776198390.633,90.633,0.47,251.74,0.46,95.19,0.53,25.0,0.54,15.0,0.52,5.0,0.51,28.5,0.53,22.98,0.54,39.92,0.06,0.01,2311.29795,1776198389000
1776198391.292,91.292,0.51,10.0,0.5,25.5,0.53,17.86,0.54,30.5,0.47,17.86,0.46,30.5,0.49,10.0,0.5,25.5,0.02,0.02,2311.28795,1776198390000
1776198392.271,92.271,0.51,10.0,0.5,25.5,0.53,17.86,0.54,30.5,0.47,17.86,0.46,30.5,0.49,10.0,0.5,25.5,0.02,0.02,2311.316835,1776198391000
1776198393.385,93.385,0.51,10.0,0.5,25.5,0.53,17.86,0.54,30.5,0.47,17.86,0.46,30.5,0.49,10.0,0.5,25.5,0.02,0.02,2311.55602,1776198392000
1776198393.688,93.688,0.51,45.0,0.5,50.77,0.52,13.07,0.53,20.5,0.47,17.86,0.46,30.5,0.49,10.0,0.5,25.5,0.01,0.02,2311.55602,1776198392000
1776198394.332,94.332,0.51,64.48,0.5,60.77,0.52,3.07,0.53,15.0,0.48,13.07,0.47,20.5,0.49,45.0,0.5,50.77,0.01,0.01,2311.55602,1776198392000
1776198395.086,95.086,0.51,74.48,0.5,55.77,0.53,15.0,0.54,20.5,0.47,15.0,0.46,20.5,0.49,74.48,0.5,55.77,0.02,0.02,2311.582195,1776198394000
1776198396.057,96.057,0.51,74.48,0.5,55.77,0.53,15.0,0.54,20.5,0.47,15.0,0.46,20.5,0.49,74.48,0.5,55.77,0.02,0.02,2311.663465,1776198395000
1776198397.126,97.126,0.51,74.48,0.5,55.77,0.53,15.0,0.54,20.5,0.47,15.0,0.46,20.5,0.49,74.48,0.5,55.77,0.02,0.02,2311.612885,1776198396000
1776198398.108,98.108,0.51,74.48,0.5,55.77,0.53,15.0,0.54,20.5,0.47,15.0,0.46,20.5,0.49,74.48,0.5,55.77,0.02,0.02,2311.617625,1776198397000
1776198399.191,99.191,0.51,74.48,0.5,55.77,0.53,15.0,0.54,20.5,0.47,15.0,0.46,20.5,0.49,74.48,0.5,55.77,0.02,0.02,2311.62052,1776198398000
1776198400.143,100.143,0.51,74.48,0.5,55.77,0.53,15.0,0.54,20.5,0.47,15.0,0.46,20.5,0.49,74.48,0.5,55.77,0.02,0.02,2311.6279,1776198399000
1776198401.194,101.194,0.51,74.48,0.5,55.77,0.53,15.0,0.54,20.5,0.47,15.0,0.46,20.5,0.49,74.48,0.5,55.77,0.02,0.02,2311.64166,1776198400000
1776198402.241,102.241,0.51,74.48,0.5,55.77,0.53,15.0,0.54,20.5,0.47,15.0,0.46,20.5,0.49,74.48,0.5,55.77,0.02,0.02,2311.64472,1776198401000
1776198402.999,102.999,0.52,181.77,0.51,126.77,0.55,5.0,0.56,37.89,0.47,15.0,0.46,20.5,0.49,74.48,0.5,55.77,0.03,0.02,2311.64472,1776198401000
1776198403.26,103.26,0.52,186.77,0.51,126.77,0.56,8.8,0.57,25.32,0.44,8.8,0.43,25.32,0.48,186.77,0.49,126.77,0.04,0.04,2311.761375,1776198402000
1776198403.625,103.625,0.55,50.0,0.54,45.5,0.56,17.51,0.57,20.32,0.44,8.8,0.43,25.32,0.48,186.77,0.49,126.77,0.01,0.04,2311.761375,1776198402000
1776198404.005,104.005,0.55,50.0,0.54,45.5,0.57,17.97,0.58,18.71,0.44,17.51,0.43,20.32,0.45,50.0,0.46,45.5,0.02,0.01,2311.761375,1776198402000
1776198404.38,104.38,0.55,50.0,0.54,45.5,0.57,17.97,0.58,18.71,0.43,17.97,0.42,18.71,0.45,50.0,0.46,45.5,0.02,0.02,2311.640985,1776198403000
1776198404.99,104.99,0.56,80.0,0.55,60.5,0.57,36.71,0.58,24.21,0.43,17.97,0.42,18.71,0.45,50.0,0.46,45.5,0.01,0.02,2311.640985,1776198403000
1776198405.353,105.353,0.56,80.0,0.55,60.5,0.57,36.71,0.58,24.21,0.43,36.71,0.42,24.21,0.44,80.0,0.45,60.5,0.01,0.01,2311.810277,1776198404000
1776198405.666,105.666,0.56,75.0,0.55,60.5,0.57,17.85,0.58,34.21,0.43,24.71,0.42,34.21,0.44,75.0,0.45,60.5,0.01,0.01,2311.810277,1776198404000
1776198405.891,105.891,0.56,75.0,0.55,60.5,0.57,15.99,0.58,34.21,0.43,15.99,0.42,34.21,0.44,75.0,0.45,60.5,0.01,0.01,2311.828267,1776198405000
1776198406.634,106.634,0.56,75.0,0.55,60.5,0.63,32.16,0.64,31.0,0.43,15.99,0.42,34.21,0.44,75.0,0.45,60.5,0.07,0.01,2311.828267,1776198405000
1776198406.9,106.9,0.56,75.0,0.55,60.5,0.63,32.16,0.64,31.0,0.37,32.16,0.36,31.0,0.44,75.0,0.45,60.5,0.07,0.07,2311.826275,1776198406000
1776198407.881,107.881,0.56,90.0,0.55,70.5,0.58,14.32,0.59,25.5,0.42,14.32,0.41,25.5,0.44,90.0,0.45,70.5,0.02,0.02,2311.775825,1776198407000
1776198408.208,108.208,0.57,80.0,0.56,60.0,0.58,4.32,0.59,30.5,0.42,14.32,0.41,25.5,0.44,90.0,0.45,70.5,0.01,0.02,2311.775825,1776198407000
1776198408.759,108.759,0.57,85.0,0.56,60.0,0.59,23.87,0.6,15.0,0.42,4.32,0.41,30.5,0.43,80.0,0.44,60.0,0.02,0.01,2311.775825,1776198407000
1776198409.486,109.486,0.57,75.0,0.56,70.5,0.58,51.01,0.59,25.0,0.41,23.87,0.4,15.0,0.43,85.0,0.44,60.0,0.01,0.02,2311.775825,1776198407000
1776198409.978,109.978,0.57,75.0,0.56,70.5,0.58,51.01,0.59,25.0,0.42,51.01,0.41,25.0,0.43,75.0,0.44,70.5,0.01,0.01,2311.840795,1776198409000
1776198411.022,111.022,0.57,75.0,0.56,70.5,0.58,51.01,0.59,25.0,0.42,51.01,0.41,25.0,0.43,75.0,0.44,70.5,0.01,0.01,2311.841505,1776198410000
1776198411.606,111.606,0.55,5.0,0.54,15.0,0.56,5.0,0.58,157.51,0.42,51.01,0.41,25.0,0.43,75.0,0.44,70.5,0.01,0.01,2311.841505,1776198410000
1776198412.074,112.074,0.54,5.0,0.53,15.0,0.55,5.0,0.56,15.0,0.45,5.0,0.44,15.0,0.46,5.0,0.47,15.0,0.01,0.01,2311.853075,1776198411000
1776198412.363,112.363,0.54,0.64,0.53,20.0,0.55,16.0,0.56,21.0,0.45,11.0,0.44,21.0,0.46,2.82,0.47,20.0,0.01,0.01,2311.853075,1776198411000
1776198412.852,112.852,0.53,18.49,0.52,74.7,0.55,11.0,0.56,26.0,0.45,16.0,0.44,21.0,0.46,0.64,0.47,20.0,0.02,0.01,2311.853075,1776198411000
1776198413.058,113.058,0.54,12.82,0.53,18.49,0.55,14.05,0.56,26.0,0.45,11.0,0.44,26.0,0.46,7.82,0.47,18.49,0.01,0.01,2311.853075,1776198411000
1776198414.11,114.11,0.54,12.82,0.53,18.49,0.55,12.1,0.56,26.0,0.45,14.05,0.44,26.0,0.46,12.82,0.47,18.49,0.01,0.01,2311.937049,1776198412000
1776198414.599,114.599,0.53,18.49,0.52,69.7,0.55,12.1,0.56,26.0,0.45,12.1,0.44,26.0,0.46,12.82,0.47,18.49,0.02,0.01,2311.813436,1776198413000
1776198414.9,114.9,0.53,1.36,0.52,19.2,0.54,26.0,0.55,49.1,0.45,12.1,0.44,26.0,0.47,18.49,0.48,69.7,0.01,0.02,2311.813436,1776198413000
1776198415.202,115.202,0.52,19.2,0.51,25.5,0.53,8.64,0.54,21.0,0.47,8.64,0.46,21.0,0.48,19.2,0.49,25.5,0.01,0.01,2311.691625,1776198414000
1776198415.616,115.616,0.52,32.11,0.51,25.5,0.53,41.64,0.54,16.0,0.47,8.64,0.46,21.0,0.48,19.2,0.49,25.5,0.01,0.01,2311.691625,1776198414000
1776198416.191,116.191,0.52,32.11,0.51,25.5,0.53,41.64,0.54,16.0,0.47,41.64,0.46,16.0,0.48,32.11,0.49,25.5,0.01,0.01,2311.6831,1776198415000
1776198416.903,116.903,0.52,30.02,0.51,40.5,0.53,36.64,0.54,21.0,0.47,41.64,0.46,16.0,0.48,32.11,0.49,25.5,0.01,0.01,2311.6831,1776198415000
1776198417.144,117.144,0.52,30.02,0.51,40.5,0.53,36.64,0.54,21.0,0.47,36.64,0.46,21.0,0.48,30.02,0.49,40.5,0.01,0.01,2311.58616,1776198416000
1776198418.12,118.12,0.52,30.02,0.51,40.5,0.53,36.64,0.54,21.0,0.47,36.64,0.46,21.0,0.48,30.02,0.49,40.5,0.01,0.01,2311.573925,1776198417000
1776198419.097,119.097,0.52,30.02,0.51,40.5,0.53,36.64,0.54,21.0,0.47,36.64,0.46,21.0,0.48,30.02,0.49,40.5,0.01,0.01,2311.576205,1776198418000
1776198420.19,120.19,0.52,30.02,0.51,40.5,0.53,36.64,0.54,21.0,0.47,36.64,0.46,21.0,0.48,30.02,0.49,40.5,0.01,0.01,2311.739595,1776198419000
1776198421.285,121.285,0.52,30.02,0.51,40.5,0.53,36.64,0.54,21.0,0.47,36.64,0.46,21.0,0.48,30.02,0.49,40.5,0.01,0.01,2311.556385,1776198420000
1776198421.621,121.621,0.52,10.0,0.51,25.5,0.53,65.77,0.54,21.0,0.47,84.64,0.46,21.0,0.49,25.5,0.5,37.77,0.01,0.02,2311.556385,1776198420000
1776198421.971,121.971,0.52,7.91,0.51,25.5,0.53,65.77,0.54,21.0,0.47,65.77,0.46,21.0,0.48,10.0,0.49,25.5,0.01,0.01,2311.556385,1776198420000
1776198422.342,122.342,0.52,5.82,0.51,25.5,0.53,50.77,0.54,21.0,0.47,65.77,0.46,21.0,0.48,7.91,0.49,25.5,0.01,0.01,2311.556385,1776198420000
1776198422.776,122.776,0.52,19.23,0.51,25.5,0.53,50.77,0.54,6.0,0.47,50.77,0.46,6.0,0.48,19.23,0.49,25.5,0.01,0.01,2311.56429,1776198421000
1776198423.08,123.08,0.52,19.23,0.51,30.5,0.53,35.77,0.54,6.0,0.47,50.77,0.46,6.0,0.48,19.23,0.49,25.5,0.01,0.01,2311.56429,1776198421000
1776198423.311,123.311,0.52,19.23,0.51,30.5,0.53,35.77,0.54,6.0,0.47,35.77,0.46,6.0,0.48,19.23,0.49,30.5,0.01,0.01,2311.604961,1776198422000
1776198423.544,123.544,0.52,15.68,0.51,35.5,0.53,35.77,0.54,6.0,0.47,35.77,0.46,6.0,0.48,19.23,0.49,30.5,0.01,0.01,2311.604961,1776198422000
1776198424.31,124.31,0.52,15.68,0.51,35.5,0.53,35.77,0.54,6.0,0.47,35.77,0.46,6.0,0.48,15.68,0.49,35.5,0.01,0.01,2311.680675,1776198423000
1776198424.953,124.953,0.52,33.59,0.51,35.77,0.53,10.0,0.54,6.0,0.47,35.77,0.46,6.0,0.48,15.68,0.49,35.5,0.01,0.01,2311.680675,1776198423000
1776198425.763,125.763,0.52,33.59,0.51,35.77,0.53,10.0,0.54,6.0,0.47,10.0,0.46,6.0,0.48,33.59,0.49,35.77,0.01,0.01,2311.697011,1776198424000
1776198426.168,126.168,0.52,53.59,0.51,35.77,0.53,5.0,0.54,6.0,0.47,10.0,0.46,6.0,0.48,33.59,0.49,35.77,0.01,0.01,2311.697011,1776198424000
1776198426.416,126.416,0.52,53.59,0.51,35.77,0.53,5.0,0.54,6.0,0.47,5.0,0.46,6.0,0.48,53.59,0.49,35.77,0.01,0.01,2311.722986,1776198425000
1776198426.811,126.811,0.51,8.32,0.5,75.5,0.53,47.0,0.54,51.5,0.47,5.0,0.46,6.0,0.48,53.59,0.49,35.77,0.02,0.01,2311.722986,1776198425000
1776198427.103,127.103,0.51,8.32,0.5,75.5,0.53,47.0,0.54,51.5,0.47,47.0,0.46,51.5,0.49,8.32,0.5,75.5,0.02,0.02,2311.67031,1776198426000
1776198427.541,127.541,0.51,13.32,0.5,65.5,0.53,47.0,0.54,51.5,0.47,47.0,0.46,51.5,0.49,8.32,0.5,75.5,0.02,0.02,2311.67031,1776198426000
1776198428.487,128.487,0.51,13.32,0.5,65.5,0.53,47.0,0.54,51.5,0.47,47.0,0.46,51.5,0.49,13.32,0.5,65.5,0.02,0.02,2311.655965,1776198427000
1776198429.05,129.05,0.51,13.32,0.5,65.5,0.53,47.0,0.54,51.5,0.47,47.0,0.46,51.5,0.49,13.32,0.5,65.5,0.02,0.02,2311.636345,1776198428000
1776198429.688,129.688,0.57,35.0,0.56,35.5,0.58,43.92,0.59,5.0,0.47,47.0,0.46,51.5,0.49,13.32,0.5,65.5,0.01,0.02,2311.636345,1776198428000
1776198430.197,130.197,0.57,218.5,0.56,122.77,0.58,43.57,0.6,10.0,0.42,43.92,0.41,5.0,0.43,35.0,0.44,35.5,0.01,0.01,2311.636345,1776198428000
1776198430.738,130.738,0.65,15.0,0.64,15.0,0.66,30.5,0.67,15.0,0.36,6.87,0.34,15.5,0.37,10.0,0.38,10.5,0.01,0.01,2311.568673,1776198429000
1776198431.16,131.16,0.65,5.92,0.64,15.0,0.66,35.5,0.67,20.0,0.34,30.5,0.33,15.0,0.35,10.92,0.36,15.0,0.01,0.01,2311.568673,1776198429000
1776198431.542,131.542,0.65,5.92,0.64,15.0,0.66,35.5,0.67,20.0,0.34,35.5,0.33,20.0,0.35,5.92,0.36,15.0,0.01,0.01,2311.704549,1776198430000
1776198431.755,131.755,0.6,13.94,0.58,44.0,0.64,90.5,0.65,20.5,0.34,35.5,0.33,20.0,0.35,5.92,0.36,15.0,0.04,0.01,2311.704549,1776198430000
1776198432.094,132.094,0.59,40.5,0.58,35.0,0.6,14.66,0.61,20.0,0.36,85.5,0.35,20.5,0.42,30.0,0.43,75.0,0.01,0.06,2311.704549,1776198430000
1776198432.411,132.411,0.59,43.06,0.58,35.0,0.6,4.66,0.61,25.0,0.4,9.66,0.39,25.0,0.41,48.06,0.42,35.0,0.01,0.01,2311.921916,1776198431000
1776198432.698,132.698,0.59,20.5,0.58,20.0,0.6,4.66,0.61,20.0,0.4,4.66,0.39,25.0,0.41,43.06,0.42,35.0,0.01,0.01,2311.921916,1776198431000
1776198433.207,133.207,0.59,43.37,0.58,20.0,0.6,4.66,0.61,20.0,0.4,4.66,0.39,20.0,0.41,20.5,0.42,20.0,0.01,0.01,2311.921916,1776198431000
1776198434.042,134.042,0.59,43.37,0.58,20.0,0.6,4.66,0.61,20.0,0.4,4.66,0.39,20.0,0.41,43.37,0.42,20.0,0.01,0.01,2312.17856,1776198433000
1776198434.637,134.637,0.6,30.1,0.59,33.37,0.61,5.0,0.62,15.0,0.4,4.66,0.39,20.0,0.41,43.37,0.42,20.0,0.01,0.01,2312.17856,1776198433000
1776198435.328,135.328,0.6,30.1,0.59,33.37,0.61,5.0,0.62,15.0,0.39,5.0,0.38,15.0,0.4,30.1,0.41,33.37,0.01,0.01,2312.104408,1776198434000
1776198435.989,135.989,0.6,2.5,0.59,30.5,0.61,35.0,0.62,20.0,0.39,30.0,0.38,25.5,0.41,25.5,0.42,25.5,0.01,0.02,2312.104408,1776198434000
1776198436.451,136.451,0.59,38.06,0.58,25.5,0.81,107.51,0.82,44.4,0.39,22.92,0.38,20.0,0.41,43.06,0.42,25.5,0.22,0.02,2312.024415,1776198435000
1776198436.733,136.733,0.64,25.0,0.63,10.0,0.65,24.8,0.66,10.0,0.19,107.51,0.18,44.4,0.41,38.06,0.42,25.5,0.01,0.22,2312.024415,1776198435000
1776198436.934,136.934,0.69,5.03,0.68,10.0,0.72,179.88,0.73,10.0,0.28,107.88,0.27,10.0,0.29,24.0,0.3,10.0,0.03,0.01,2312.024415,1776198435000
1776198437.201,137.201,0.66,56.08,0.65,15.0,0.68,74.0,0.69,5.0,0.32,74.0,0.31,5.0,0.34,56.08,0.35,15.0,0.02,0.02,2312.024025,1776198436000
1776198437.462,137.462,0.67,7.42,0.66,55.34,0.68,20.0,0.69,105.15,0.32,20.5,0.31,94.65,0.34,55.34,0.35,15.0,0.01,0.02,2312.024025,1776198436000
1776198437.703,137.703,0.67,6.96,0.66,22.41,0.68,30.0,0.69,115.15,0.32,20.0,0.31,105.15,0.34,7.41,0.35,15.0,0.01,0.02,2312.024025,1776198436000
1776198438.092,138.092,0.67,1.06,0.66,17.41,0.68,45.0,0.69,115.15,0.32,40.0,0.31,115.15,0.33,3.92,0.34,17.41,0.01,0.01,2312.024025,1776198436000
1776198438.476,138.476,0.66,14.31,0.65,15.0,0.67,83.85,0.68,20.0,0.33,5.0,0.32,40.0,0.34,6.54,0.35,15.0,0.01,0.01,2312.024025,1776198436000
1776198438.815,138.815,0.64,15.95,0.63,15.0,0.67,25.9,0.69,94.65,0.33,83.85,0.32,20.0,0.34,0.11,0.35,15.0,0.03,0.01,2312.095791,1776198437000
1776198439.711,139.711,0.66,26.14,0.65,15.0,0.67,39.0,0.68,15.0,0.33,18.64,0.32,10.0,0.37,15.0,0.38,15.0,0.01,0.04,2312.095791,1776198437000
1776198439.942,139.942,0.66,16.16,0.65,15.0,0.67,45.06,0.68,15.0,0.33,39.0,0.32,15.0,0.34,26.14,0.35,15.0,0.01,0.01,2311.964481,1776198438000
1776198440.242,140.242,0.66,16.16,0.65,15.0,0.67,45.06,0.68,15.0,0.33,45.06,0.32,15.0,0.34,16.16,0.35,15.0,0.01,0.01,2312.11232,1776198439000
1776198440.722,140.722,0.66,2.05,0.65,25.5,0.67,30.06,0.68,15.0,0.33,45.06,0.32,15.0,0.34,16.16,0.35,15.0,0.01,0.01,2312.11232,1776198439000
1776198440.972,140.972,0.65,23.49,0.64,20.5,0.67,40.06,0.68,15.0,0.33,30.06,0.32,15.0,0.34,2.05,0.35,25.5,0.02,0.01,2312.11232,1776198439000
1776198441.234,141.234,0.65,23.49,0.64,20.5,0.67,40.06,0.68,15.0,0.33,40.06,0.32,15.0,0.35,23.49,0.36,20.5,0.02,0.02,2312.150905,1776198440000
1776198442.29,142.29,0.66,35.0,0.65,28.49,0.69,95.35,0.7,30.5,0.31,95.35,0.3,30.5,0.34,35.0,0.35,28.49,0.03,0.03,2312.184995,1776198441000
1776198442.667,142.667,0.67,5.21,0.66,10.0,0.69,140.35,0.7,40.5,0.31,110.35,0.3,40.5,0.33,15.0,0.34,10.0,0.02,0.02,2312.184995,1776198441000
1776198442.973,142.973,0.66,10.0,0.65,28.49,0.67,2.57,0.68,15.0,0.32,15.0,0.31,105.35,0.33,2.17,0.34,10.0,0.01,0.01,2312.184995,1776198441000
1776198443.25,143.25,0.66,35.84,0.65,28.49,0.68,9.95,0.69,95.35,0.33,1.95,0.32,20.0,0.34,10.84,0.35,28.49,0.02,0.01,2312.184995,1776198441000
1776198443.842,143.842,0.66,30.7,0.65,33.49,0.67,5.0,0.68,14.95,0.32,9.95,0.31,95.35,0.34,35.84,0.35,28.49,0.01,0.02,2312.217125,1776198442000
1776198444.204,144.204,0.66,37.46,0.65,43.49,0.67,15.0,0.68,14.95,0.33,5.0,0.32,14.95,0.34,30.7,0.35,33.49,0.01,0.01,2312.217125,1776198442000
1776198445.043,145.043,0.66,37.46,0.65,43.49,0.67,101.64,0.68,29.95,0.33,15.0,0.32,14.95,0.34,37.46,0.35,43.49,0.01,0.01,2312.23519,1776198443000
1776198445.341,145.341,0.66,37.46,0.65,43.49,0.67,101.64,0.68,29.95,0.33,101.64,0.32,29.95,0.34,37.46,0.35,43.49,0.01,0.01,2312.22771,1776198444000
1776198446.312,146.312,0.66,37.46,0.65,43.49,0.67,101.64,0.68,29.95,0.33,101.64,0.32,29.95,0.34,37.46,0.35,43.49,0.01,0.01,2312.234435,1776198445000
1776198446.656,146.656,0.66,42.46,0.65,43.49,0.67,10.98,0.68,29.95,0.33,101.64,0.32,29.95,0.34,37.46,0.35,43.49,0.01,0.01,2312.234435,1776198445000
1776198446.858,146.858,0.66,42.46,0.65,43.49,0.67,10.98,0.68,29.95,0.33,10.98,0.32,29.95,0.34,42.46,0.35,43.49,0.01,0.01,2312.234435,1776198446000
1776198447.899,147.899,0.66,42.46,0.65,43.49,0.67,10.98,0.68,29.95,0.33,10.98,0.32,29.95,0.34,42.46,0.35,43.49,0.01,0.01,2312.22558,1776198447000
1776198448.673,148.673,0.66,52.96,0.65,43.49,0.67,5.98,0.68,15.0,0.33,10.98,0.32,29.95,0.34,42.46,0.35,43.49,0.01,0.01,2312.22558,1776198447000
1776198449.482,149.482,0.66,111.96,0.65,43.49,0.71,30.0,0.72,50.0,0.33,5.98,0.32,15.0,0.34,52.96,0.35,43.49,0.05,0.01,2312.229767,1776198448000
1776198449.86,149.86,0.68,10.0,0.67,25.5,0.7,5.0,0.71,30.0,0.3,5.0,0.29,30.0,0.32,10.0,0.33,25.5,0.02,0.02,2312.257495,1776198449000
1776198450.088,150.088,0.71,95.5,0.7,65.5,0.72,53.61,0.73,20.0,0.3,5.0,0.29,30.0,0.32,10.0,0.33,25.5,0.01,0.02,2312.257495,1776198449000
1776198450.894,150.894,0.71,95.5,0.7,65.5,0.72,53.61,0.73,20.0,0.28,53.61,0.27,20.0,0.29,95.5,0.3,65.5,0.01,0.01,2312.26413,1776198450000
1776198451.449,151.449,0.71,80.0,0.7,72.5,0.72,55.47,0.73,20.0,0.28,53.61,0.27,20.0,0.29,95.5,0.3,65.5,0.01,0.01,2312.26413,1776198450000
1776198451.992,151.992,0.71,80.0,0.7,72.5,0.72,55.47,0.73,20.0,0.28,55.47,0.27,20.0,0.29,80.0,0.3,72.5,0.01,0.01,2312.327715,1776198451000
1776198452.248,152.248,0.71,129.5,0.7,78.5,0.72,30.4,0.73,7.0,0.28,55.47,0.27,20.0,0.29,80.0,0.3,72.5,0.01,0.01,2312.327715,1776198451000
1776198452.51,152.51,0.71,129.5,0.7,78.5,0.72,3.75,0.73,7.0,0.28,30.4,0.27,7.0,0.29,129.5,0.3,78.5,0.01,0.01,2312.327715,1776198451000
1776198452.786,152.786,0.71,129.5,0.7,78.5,0.75,10.0,0.76,15.0,0.28,3.75,0.27,7.0,0.29,129.5,0.3,78.5,0.04,0.01,2312.327715,1776198451000
1776198453.393,153.393,0.75,80.0,0.74,70.5,0.76,23.68,0.77,15.0,0.25,10.0,0.24,15.0,0.29,129.5,0.3,78.5,0.01,0.04,2312.327715,1776198451000
1776198453.762,153.762,0.75,80.0,0.74,70.5,0.76,23.68,0.77,15.0,0.24,23.68,0.23,15.0,0.25,80.0,0.26,70.5,0.01,0.01,2312.446485,1776198452000
1776198454.299,154.299,0.75,80.0,0.74,70.5,0.76,23.68,0.77,15.0,0.24,23.68,0.23,15.0,0.25,80.0,0.26,70.5,0.01,0.01,2312.451615,1776198453000
1776198455.208,155.208,0.75,120.5,0.74,75.5,0.76,11.07,0.77,10.0,0.24,23.68,0.23,15.0,0.25,80.0,0.26,70.5,0.01,0.01,2312.451615,1776198453000
1776198455.602,155.602,0.75,125.55,0.74,142.5,0.76,11.07,0.77,17.0,0.24,11.07,0.23,10.0,0.25,120.5,0.26,75.5,0.01,0.01,2312.638865,1776198454000
1776198455.923,155.923,0.75,125.55,0.74,142.5,0.76,11.07,0.77,17.0,0.24,11.07,0.23,17.0,0.25,125.55,0.26,142.5,0.01,0.01,2312.639255,1776198455000
1776198456.157,156.157,0.75,125.55,0.74,112.5,0.76,9.01,0.77,17.0,0.24,11.07,0.23,17.0,0.25,125.55,0.26,142.5,0.01,0.01,2312.639255,1776198455000
1776198456.534,156.534,0.75,123.18,0.74,142.5,0.76,1.88,0.77,7.0,0.24,6.95,0.23,17.0,0.25,123.18,0.26,112.5,0.01,0.01,2312.639255,1776198455000
1776198456.946,156.946,0.77,5.12,0.75,123.18,0.79,15.0,0.8,15.0,0.21,15.0,0.2,15.0,0.23,5.12,0.25,123.18,0.02,0.02,2312.68247,1776198456000
1776198458.137,158.137,0.78,85.0,0.77,35.62,0.79,3.73,0.8,15.0,0.21,3.73,0.2,15.0,0.22,85.0,0.23,35.62,0.01,0.01,2312.768405,1776198457000
1776198459.276,159.276,0.78,85.0,0.77,35.62,0.79,3.73,0.8,15.0,0.21,3.73,0.2,15.0,0.22,85.0,0.23,35.62,0.01,0.01,2312.81518,1776198458000
1776198459.682,159.682,0.78,75.0,0.77,42.62,0.79,17.0,0.8,32.0,0.21,3.73,0.2,15.0,0.22,85.0,0.23,35.62,0.01,0.01,2312.81518,1776198458000
1776198459.883,159.883,0.78,75.0,0.77,42.62,0.79,12.39,0.8,32.0,0.21,15.27,0.2,32.0,0.22,75.0,0.23,42.62,0.01,0.01,2312.81518,1776198458000
1776198460.451,160.451,0.78,69.5,0.77,42.62,0.79,12.39,0.8,32.0,0.21,12.39,0.2,32.0,0.22,69.5,0.23,42.62,0.01,0.01,2312.83128,1776198459000
1776198461.074,161.074,0.78,69.5,0.77,42.62,0.79,12.39,0.8,32.0,0.21,12.39,0.2,32.0,0.22,69.5,0.23,42.62,0.01,0.01,2312.829685,1776198460000
1776198461.497,161.497,0.78,85.0,0.77,42.62,0.8,16.93,0.81,5.0,0.21,12.39,0.2,32.0,0.22,69.5,0.23,42.62,0.02,0.01,2312.829685,1776198460000
1776198461.797,161.797,0.79,115.5,0.78,65.0,0.8,5.93,0.83,5.0,0.2,16.93,0.19,5.0,0.22,85.0,0.23,42.62,0.01,0.02,2312.829685,1776198460000
1776198462.217,162.217,0.82,117.0,0.81,65.57,0.84,20.8,0.85,11.0,0.17,5.0,0.16,10.0,0.19,10.07,0.21,180.5,0.02,0.02,2312.829685,1776198460000
1776198462.452,162.452,0.83,110.5,0.82,97.5,0.84,10.8,0.85,6.0,0.16,14.6,0.15,21.0,0.17,95.0,0.18,87.0,0.01,0.01,2312.827185,1776198461000
1776198462.908,162.908,0.84,97.0,0.83,20.5,0.85,13.64,0.86,66.0,0.16,10.8,0.15,6.0,0.18,89.86,0.19,60.57,0.01,0.02,2312.827185,1776198461000
1776198463.224,163.224,0.84,100.5,0.83,20.5,0.85,10.0,0.86,55.0,0.15,13.64,0.14,66.0,0.16,97.0,0.17,20.5,0.01,0.01,2312.827185,1776198461000
1776198463.454,163.454,0.84,100.5,0.83,20.5,0.85,10.0,0.86,55.0,0.15,10.0,0.14,55.0,0.16,100.5,0.17,20.5,0.01,0.01,2312.827255,1776198462000
1776198463.721,163.721,0.84,94.25,0.83,20.5,0.85,15.0,0.86,55.0,0.15,10.0,0.14,55.0,0.16,100.5,0.17,20.5,0.01,0.01,2312.827255,1776198462000
1776198464.016,164.016,0.84,88.69,0.83,20.5,0.85,15.0,0.86,5.0,0.15,15.0,0.14,5.0,0.16,88.69,0.17,20.5,0.01,0.01,2312.947585,1776198463000
1776198464.247,164.247,0.88,2.67,0.87,20.5,0.89,15.0,0.9,15.0,0.11,15.0,0.1,15.0,0.12,12.74,0.15,75.5,0.01,0.01,2312.947585,1776198463000
1776198464.598,164.598,0.88,25.5,0.87,55.5,0.89,4.9,0.9,15.0,0.11,4.9,0.1,15.0,0.12,25.0,0.13,20.5,0.01,0.01,2312.947585,1776198463000
1776198465.005,165.005,0.88,35.0,0.87,55.5,0.9,12.66,0.91,65.0,0.11,4.9,0.1,15.0,0.12,25.5,0.13,55.5,0.02,0.01,2312.947585,1776198463000
1776198465.239,165.239,0.88,35.0,0.87,55.5,0.9,12.66,0.91,65.0,0.1,12.66,0.09,65.0,0.12,35.0,0.13,55.5,0.02,0.02,2313.120915,1776198464000
1776198465.715,165.715,0.88,47.16,0.87,81.5,0.89,10.0,0.91,5.0,0.11,19.18,0.1,12.66,0.13,55.5,0.14,45.0,0.01,0.02,2313.120915,1776198464000
1776198466.324,166.324,0.92,62.5,0.91,105.0,0.93,225.09,0.94,15.0,0.11,8.0,0.09,5.0,0.12,28.91,0.13,81.5,0.01,0.01,2313.120915,1776198464000
1776198466.543,166.543,0.89,36.0,0.88,30.0,0.91,2.36,0.92,10.0,0.09,7.8,0.08,10.0,0.1,6.0,0.11,61.0,0.02,0.01,2313.40354,1776198465000
1776198466.759,166.759,0.87,41.5,0.86,45.0,0.9,20.0,0.91,7.36,0.1,10.0,0.09,2.36,0.12,34.0,0.13,41.5,0.03,0.02,2313.40354,1776198465000
1776198467.097,167.097,0.87,41.5,0.86,45.0,0.9,20.0,0.91,7.36,0.1,20.0,0.09,7.36,0.13,41.5,0.14,45.0,0.03,0.03,2313.5242,1776198466000
1776198467.348,167.348,0.87,33.8,0.86,45.0,0.88,16.68,0.89,15.0,0.1,25.0,0.09,18.48,0.13,41.5,0.14,45.0,0.01,0.03,2313.5242,1776198466000
1776198467.588,167.588,0.87,16.0,0.86,30.0,0.88,31.87,0.89,20.5,0.12,9.68,0.11,15.0,0.13,33.8,0.14,45.0,0.01,0.01,2313.5242,1776198466000
1776198467.911,167.911,0.82,20.5,0.8,45.0,0.84,29.0,0.85,94.0,0.12,31.87,0.11,20.5,0.13,16.0,0.14,30.0,0.02,0.01,2313.5242,1776198466000
1776198468.252,168.252,0.81,16.05,0.8,45.0,0.83,80.0,0.84,22.0,0.16,29.0,0.15,94.0,0.18,20.5,0.2,45.0,0.02,0.02,2313.5242,1776198466000
1776198468.49,168.49,0.82,10.5,0.81,16.05,0.83,78.36,0.84,32.5,0.17,83.79,0.16,32.5,0.18,10.5,0.19,16.05,0.01,0.01,2313.66742,1776198467000
1776198468.831,168.831,0.82,10.5,0.81,16.05,0.83,70.42,0.84,22.0,0.17,77.15,0.16,32.5,0.18,10.5,0.19,16.05,0.01,0.01,2313.66742,1776198467000
1776198469.233,169.233,0.82,25.5,0.81,39.0,0.83,8.0,0.84,7.0,0.17,70.42,0.16,22.0,0.18,10.5,0.19,16.05,0.01,0.01,2313.66742,1776198467000
1776198469.526,169.526,0.82,25.5,0.81,39.0,0.83,2.81,0.84,7.0,0.17,8.0,0.16,7.0,0.18,25.5,0.19,39.0,0.01,0.01,2313.66742,1776198467000
1776198470.132,170.132,0.87,25.5,0.86,41.0,0.88,22.77,0.89,15.5,0.17,2.81,0.16,7.0,0.18,20.5,0.19,39.0,0.01,0.01,2313.432113,1776198468000
1776198470.424,170.424,0.87,25.5,0.86,41.0,0.88,22.77,0.89,15.5,0.12,22.77,0.11,15.5,0.13,25.5,0.14,41.0,0.01,0.01,2313.3034,1776198469000
1776198471.114,171.114,0.87,25.5,0.86,41.0,0.88,22.77,0.89,15.5,0.12,22.77,0.11,15.5,0.13,25.5,0.14,41.0,0.01,0.01,2313.18962,1776198470000
1776198471.658,171.658,0.84,30.93,0.83,25.5,0.85,112.73,0.86,43.21,0.12,22.77,0.11,15.5,0.13,25.5,0.14,41.0,0.01,0.01,2313.18962,1776198470000
1776198472.211,172.211,0.84,222.41,0.83,20.5,0.85,111.55,0.86,43.21,0.15,112.73,0.14,43.21,0.16,30.93,0.17,25.5,0.01,0.01,2313.18962,1776198470000
1776198472.43,172.43,0.84,222.41,0.83,25.5,0.85,69.67,0.86,53.21,0.15,111.55,0.14,43.21,0.16,222.41,0.17,20.5,0.01,0.01,2313.422588,1776198471000
1776198472.767,172.767,0.84,210.41,0.83,25.5,0.85,69.67,0.86,53.21,0.15,69.67,0.14,53.21,0.16,222.41,0.17,25.5,0.01,0.01,2313.422588,1776198471000
1776198473.129,173.129,0.84,215.41,0.83,25.5,0.85,69.67,0.86,53.21,0.15,69.67,0.14,53.21,0.16,210.41,0.17,25.5,0.01,0.01,2313.422588,1776198471000
1776198473.622,173.622,0.84,215.41,0.83,25.5,0.85,69.67,0.86,53.21,0.15,69.67,0.14,53.21,0.16,215.41,0.17,25.5,0.01,0.01,2313.337218,1776198472000
1776198473.971,173.971,0.84,201.48,0.83,25.5,0.85,73.67,0.86,43.21,0.15,69.67,0.14,53.21,0.16,215.41,0.17,25.5,0.01,0.01,2313.337218,1776198472000
1776198474.229,174.229,0.84,201.48,0.83,25.5,0.85,60.98,0.86,43.21,0.15,60.98,0.14,43.21,0.16,201.48,0.17,25.5,0.01,0.01,2313.334285,1776198473000
1776198475.434,175.434,0.84,139.48,0.83,25.5,0.85,48.08,0.86,53.21,0.15,60.98,0.14,43.21,0.16,19.04,0.17,25.5,0.01,0.01,2313.334285,1776198473000
1776198475.703,175.703,0.84,139.48,0.83,25.5,0.85,48.08,0.86,53.21,0.15,48.08,0.14,53.21,0.16,139.48,0.17,25.5,0.01,0.01,2313.335739,1776198474000
1776198475.998,175.998,0.84,144.48,0.83,25.5,0.85,55.72,0.86,33.21,0.15,48.08,0.14,53.21,0.16,139.48,0.17,25.5,0.01,0.01,2313.335739,1776198474000
1776198476.302,176.302,0.84,144.48,0.83,25.5,0.85,55.72,0.86,33.21,0.15,55.72,0.14,33.21,0.16,144.48,0.17,25.5,0.01,0.01,2313.338182,1776198475000
1776198476.812,176.812,0.84,142.59,0.83,25.5,0.85,55.72,0.86,28.21,0.15,55.72,0.14,33.21,0.16,144.48,0.17,25.5,0.01,0.01,2313.338182,1776198475000
1776198477.665,177.665,0.84,128.69,0.83,25.5,0.85,55.72,0.86,33.21,0.15,55.72,0.14,28.21,0.16,142.59,0.17,25.5,0.01,0.01,2313.338093,1776198476000
1776198478.114,178.114,0.84,133.69,0.83,25.5,0.85,20.33,0.86,33.21,0.15,43.22,0.14,33.21,0.16,128.69,0.17,25.5,0.01,0.01,2313.338093,1776198476000
1776198478.423,178.423,0.84,127.44,0.83,25.5,0.85,20.33,0.86,33.21,0.15,20.33,0.14,33.21,0.16,133.69,0.17,25.5,0.01,0.01,2313.330702,1776198477000
1776198478.692,178.692,0.84,131.19,0.83,25.5,0.85,20.33,0.86,33.21,0.15,20.33,0.14,33.21,0.16,127.44,0.17,25.5,0.01,0.01,2313.330702,1776198477000
1776198478.916,178.916,0.84,131.19,0.83,25.5,0.86,32.53,0.87,25.5,0.14,32.53,0.13,25.5,0.16,131.19,0.17,25.5,0.02,0.02,2313.333589,1776198478000
1776198479.898,179.898,0.85,10.56,0.84,15.0,0.86,49.53,0.87,20.5,0.14,32.53,0.13,25.5,0.16,131.19,0.17,25.5,0.01,0.02,2313.333589,1776198478000
1776198480.212,180.212,0.85,10.56,0.84,15.0,0.86,49.53,0.87,20.5,0.14,49.53,0.13,20.5,0.15,10.56,0.16,15.0,0.01,0.01,2313.333898,1776198479000
1776198480.705,180.705,0.87,29.8,0.86,15.0,0.88,8.34,0.89,10.5,0.12,8.34,0.11,10.5,0.13,12.0,0.15,10.56,0.01,0.01,2313.333898,1776198479000
1776198480.973,180.973,0.87,29.8,0.86,15.0,0.88,4.37,0.89,10.5,0.12,5.51,0.11,10.5,0.13,29.8,0.14,15.0,0.01,0.01,2313.333898,1776198479000
1776198481.307,181.307,0.87,34.8,0.86,15.0,0.88,2.41,0.89,10.5,0.12,3.55,0.11,10.5,0.13,34.8,0.14,15.0,0.01,0.01,2313.333898,1776198479000
1776198481.565,181.565,0.87,34.8,0.86,15.0,0.89,6.66,0.9,5.0,0.11,6.66,0.1,5.0,0.13,34.8,0.14,15.0,0.02,0.02,2313.347209,1776198480000
1776198482.087,182.087,0.87,34.8,0.86,15.0,0.89,6.66,0.9,5.0,0.11,6.66,0.1,5.0,0.13,34.8,0.14,15.0,0.02,0.02,2313.353764,1776198481000
1776198482.384,182.384,0.88,15.0,0.87,29.8,0.89,35.87,0.91,26.12,0.11,166.6,0.1,130.0,0.12,15.0,0.13,34.8,0.01,0.01,2313.353764,1776198481000
1776198482.589,182.589,0.88,20.0,0.87,29.8,0.89,11.74,0.91,26.12,0.11,35.87,0.09,26.12,0.12,15.0,0.13,29.8,0.01,0.01,2313.353764,1776198481000
1776198482.827,182.827,0.88,20.0,0.87,29.8,0.92,50.0,0.93,231.09,0.11,11.74,0.09,26.12,0.12,20.0,0.13,29.8,0.04,0.01,2313.353764,1776198481000
1776198483.183,183.183,0.88,18.75,0.87,29.8,0.9,147.5,0.91,146.22,0.08,50.0,0.07,231.09,0.12,20.0,0.13,29.8,0.02,0.04,2313.353764,1776198481000
1776198483.569,183.569,0.88,18.75,0.87,29.8,0.9,147.5,0.91,146.22,0.1,147.5,0.09,146.22,0.12,18.75,0.13,29.8,0.02,0.02,2313.40365,1776198482000
1776198483.84,183.84,0.87,9.3,0.86,54.5,0.88,19.0,0.9,162.5,0.1,147.5,0.09,146.22,0.12,18.75,0.13,29.8,0.01,0.02,2313.40365,1776198482000
1776198484.054,184.054,0.86,54.5,0.85,25.56,0.88,39.54,0.89,25.0,0.12,41.34,0.11,25.0,0.13,5.0,0.14,54.5,0.02,0.01,2313.40365,1776198482000
1776198484.543,184.543,0.87,2.3,0.86,54.5,0.88,49.54,0.89,25.0,0.12,39.54,0.11,25.0,0.14,54.5,0.15,25.56,0.01,0.02,2313.45676,1776198483000
1776198484.84,184.84,0.87,2.3,0.86,54.5,0.88,48.97,0.89,25.0,0.12,49.54,0.11,25.0,0.13,2.3,0.14,54.5,0.01,0.01,2313.45676,1776198483000
1776198485.104,185.104,0.86,54.5,0.85,25.56,0.88,28.47,0.89,20.5,0.12,48.97,0.11,25.0,0.13,2.3,0.14,54.5,0.02,0.01,2313.45676,1776198483000
1776198485.315,185.315,0.86,54.5,0.85,25.56,0.88,28.47,0.89,20.5,0.12,28.47,0.11,20.5,0.14,54.5,0.15,25.56,0.02,0.02,2313.40235,1776198484000
1776198486.03,186.03,0.86,42.23,0.85,25.56,0.88,38.97,0.89,30.5,0.12,33.97,0.11,20.5,0.13,2.3,0.14,59.5,0.02,0.01,2313.40235,1776198484000
1776198486.831,186.831,0.87,65.06,0.86,42.23,0.88,11.24,0.89,35.5,0.12,38.97,0.11,30.5,0.14,42.23,0.15,25.56,0.01,0.02,2313.4016,1776198485000
1776198487.329,187.329,0.87,5.06,0.86,42.23,0.88,11.24,0.89,30.5,0.12,11.24,0.11,35.5,0.13,65.06,0.14,42.23,0.01,0.01,2313.4016,1776198485000
1776198487.841,187.841,0.87,7.36,0.86,42.23,0.88,0.74,0.89,25.5,0.12,11.24,0.11,30.5,0.13,5.06,0.14,42.23,0.01,0.01,2313.345089,1776198486000
1776198488.19,188.19,0.86,42.23,0.85,55.56,0.88,16.24,0.89,25.5,0.12,16.24,0.11,25.5,0.14,42.23,0.15,55.56,0.02,0.02,2313.402292,1776198487000
1776198488.876,188.876,0.88,26.01,0.87,132.33,0.9,30.38,0.91,26.22,0.12,12.41,0.11,25.5,0.13,109.83,0.14,42.23,0.02,0.01,2313.402292,1776198487000
1776198489.142,189.142,0.89,0.9,0.88,26.01,0.9,135.38,0.91,126.22,0.1,30.38,0.09,26.22,0.12,26.01,0.13,132.33,0.01,0.02,2313.402292,1776198487000
1776198489.403,189.403,0.89,0.9,0.88,26.01,0.9,135.38,0.91,126.22,0.1,135.38,0.09,126.22,0.11,0.9,0.12,26.01,0.01,0.01,2313.33884,1776198488000
1776198490.04,190.04,0.89,60.38,0.88,52.83,0.9,155.0,0.91,151.22,0.1,155.0,0.09,151.22,0.11,60.38,0.12,52.83,0.01,0.01,2313.337909,1776198489000
1776198490.273,190.273,0.89,11.91,0.88,111.89,0.9,30.0,0.91,26.22,0.1,155.0,0.09,151.22,0.11,11.01,0.12,41.82,0.01,0.01,2313.337909,1776198489000
1776198490.605,190.605,0.89,17.4,0.88,111.89,0.9,24.67,0.91,26.22,0.1,30.0,0.09,26.22,0.11,11.91,0.12,111.89,0.01,0.01,2313.337909,1776198489000
1776198490.87,190.87,0.89,17.4,0.88,111.89,0.91,26.22,0.92,15.0,0.1,18.08,0.09,26.22,0.11,17.4,0.12,111.89,0.02,0.01,2313.337909,1776198489000
1776198491.243,191.243,0.89,8.3,0.88,111.89,0.93,178.84,0.94,52.0,0.09,36.22,0.08,15.0,0.11,8.3,0.12,111.89,0.04,0.02,2313.337909,1776198489000
1776198492.061,192.061,0.91,10.0,0.9,15.0,0.92,29.96,0.93,172.84,0.07,178.84,0.06,52.0,0.11,8.3,0.12,111.89,0.01,0.04,2313.501175,1776198490000
1776198492.414,192.414,0.9,20.0,0.89,27.03,0.91,35.0,0.92,28.0,0.08,29.96,0.07,172.84,0.09,10.0,0.1,15.0,0.01,0.01,2313.497,1776198491000
1776198493.504,193.504,0.9,20.0,0.89,32.03,0.91,31.7,0.92,28.0,0.09,31.7,0.08,28.0,0.1,20.0,0.11,32.03,0.01,0.01,2313.498462,1776198492000
1776198494.031,194.031,0.9,20.0,0.89,32.03,0.91,57.81,0.92,5.0,0.09,31.7,0.08,28.0,0.1,20.0,0.11,32.03,0.01,0.01,2313.498462,1776198492000
1776198494.234,194.234,0.9,9.0,0.89,37.03,0.91,57.81,0.92,5.0,0.09,57.81,0.08,5.0,0.1,9.0,0.11,37.03,0.01,0.01,2313.3827,1776198493000
1776198494.565,194.565,0.89,15.53,0.88,70.82,0.91,62.81,0.92,15.0,0.09,57.81,0.08,5.0,0.1,9.0,0.11,37.03,0.02,0.01,2313.3827,1776198493000
1776198495.183,195.183,0.89,0.53,0.88,45.32,0.9,40.5,0.91,67.81,0.09,62.81,0.08,15.0,0.11,15.53,0.12,70.82,0.01,0.02,2313.3827,1776198493000
1776198495.593,195.593,0.88,13.47,0.87,42.5,0.89,30.0,0.9,25.5,0.11,30.0,0.1,25.5,0.12,13.47,0.13,42.5,0.01,0.01,2313.4185,1776198494000
1776198496.231,196.231,0.88,13.47,0.87,42.5,0.89,30.0,0.9,25.5,0.11,30.0,0.1,25.5,0.12,13.47,0.13,42.5,0.01,0.01,2313.440902,1776198495000
1776198497.127,197.127,0.87,24.3,0.86,43.97,0.88,8.54,0.89,25.5,0.12,13.0,0.11,25.5,0.13,24.3,0.14,43.97,0.01,0.01,2313.440902,1776198495000
1776198497.624,197.624,0.87,24.3,0.86,43.97,0.88,8.54,0.89,25.5,0.12,8.54,0.11,25.5,0.13,24.3,0.14,43.97,0.01,0.01,2313.30695,1776198496000
1776198498.259,198.259,0.87,24.3,0.86,33.97,0.89,17.81,0.9,25.5,0.11,17.81,0.1,25.5,0.13,24.3,0.14,33.97,0.02,0.02,2313.29747,1776198497000
1776198498.997,198.997,0.88,15.46,0.87,34.8,0.9,5.0,0.91,36.22,0.11,17.81,0.1,25.5,0.13,24.3,0.14,33.97,0.02,0.02,2313.29747,1776198497000
1776198499.47,199.47,0.89,10.0,0.88,15.46,0.9,3.86,0.91,36.22,0.1,5.0,0.09,36.22,0.12,15.46,0.13,34.8,0.01,0.02,2313.29747,1776198497000
1776198500.018,200.018,0.89,10.0,0.88,15.46,0.9,17.74,0.91,36.22,0.1,3.86,0.09,36.22,0.11,10.0,0.12,15.46,0.01,0.01,2313.320345,1776198498000
1776198500.259,200.259,0.89,10.0,0.88,15.46,0.9,17.74,0.91,36.22,0.1,17.74,0.09,36.22,0.11,10.0,0.12,15.46,0.01,0.01,2313.320045,1776198499000
1776198500.575,200.575,0.85,16.63,0.84,43.0,0.86,20.29,0.87,17.76,0.11,10.0,0.1,25.5,0.15,21.63,0.16,25.0,0.01,0.04,2313.320045,1776198499000
1776198501.011,201.011,0.85,34.63,0.84,25.0,0.86,5.29,0.87,22.76,0.14,20.29,0.13,17.76,0.15,16.63,0.16,43.0,0.01,0.01,2313.320045,1776198499000
1776198501.539,201.539,0.85,197.14,0.84,15.0,0.86,3.83,0.87,22.76,0.13,22.76,0.12,15.0,0.15,44.63,0.16,25.0,0.01,0.02,2313.320045,1776198499000
1776198501.748,201.748,0.85,174.68,0.84,15.0,0.86,2.66,0.87,22.76,0.14,2.66,0.13,22.76,0.15,174.68,0.16,15.0,0.01,0.01,2313.27433,1776198500000
1776198502.308,202.308,0.85,54.63,0.84,15.0,0.87,3.36,0.88,15.0,0.13,7.96,0.12,15.0,0.15,179.68,0.16,15.0,0.02,0.02,2313.27433,1776198500000
1776198502.813,202.813,0.85,54.63,0.84,15.0,0.87,3.36,0.88,15.0,0.13,3.36,0.12,15.0,0.15,54.63,0.16,15.0,0.02,0.02,2313.298675,1776198501000
1776198503.298,203.298,0.82,24.0,0.81,15.0,0.83,19.41,0.86,30.5,0.13,3.36,0.12,15.0,0.15,54.63,0.16,15.0,0.01,0.02,2313.298675,1776198501000
1776198503.812,203.812,0.82,28.3,0.81,15.0,0.83,18.91,0.84,35.5,0.17,5.91,0.16,25.5,0.18,19.21,0.19,15.0,0.01,0.01,2313.278625,1776198502000
1776198504.252,204.252,0.82,33.3,0.81,15.0,0.83,16.49,0.84,25.5,0.17,16.56,0.16,35.5,0.18,28.3,0.19,15.0,0.01,0.01,2313.278675,1776198503000
1776198504.474,204.474,0.82,31.18,0.81,131.61,0.83,11.49,0.84,25.5,0.17,11.49,0.16,25.5,0.18,36.74,0.19,131.61,0.01,0.01,2313.278675,1776198503000
1776198504.827,204.827,0.82,48.62,0.81,131.61,0.83,3.23,0.84,41.81,0.17,9.17,0.16,25.5,0.18,36.18,0.19,131.61,0.01,0.01,2313.278675,1776198503000
1776198505.195,205.195,0.83,9.11,0.82,43.62,0.84,46.81,0.85,41.73,0.17,3.23,0.16,41.81,0.18,48.62,0.19,131.61,0.01,0.01,2313.198809,1776198504000
1776198506.115,206.115,0.83,9.11,0.82,43.62,0.84,46.81,0.85,41.73,0.16,46.81,0.15,41.73,0.17,9.11,0.18,43.62,0.01,0.01,2313.057464,1776198505000
1776198506.866,206.866,0.83,69.11,0.82,34.62,0.85,52.23,0.86,25.5,0.16,46.81,0.15,41.73,0.17,9.11,0.18,43.62,0.02,0.01,2313.057464,1776198505000
1776198507.212,207.212,0.84,60.0,0.83,34.11,0.85,52.23,0.86,32.71,0.15,52.23,0.14,25.5,0.17,69.11,0.18,34.62,0.01,0.02,2312.998281,1776198506000
1776198508.108,208.108,0.84,60.0,0.83,34.11,0.85,52.23,0.86,32.71,0.15,52.23,0.14,32.71,0.16,60.0,0.17,34.11,0.01,0.01,2313.129834,1776198507000
1776198508.497,208.497,0.84,138.91,0.83,40.13,0.85,29.68,0.86,32.71,0.15,52.23,0.14,32.71,0.16,60.0,0.17,34.11,0.01,0.01,2313.129834,1776198507000
1776198509.177,209.177,0.84,138.91,0.83,40.13,0.85,29.68,0.86,32.71,0.15,29.68,0.14,32.71,0.16,138.91,0.17,40.13,0.01,0.01,2313.028035,1776198508000
1776198509.523,209.523,0.84,104.04,0.83,25.13,0.85,1.77,0.86,22.71,0.15,29.68,0.14,32.71,0.16,138.91,0.17,40.13,0.01,0.01,2313.028035,1776198508000
1776198510.332,210.332,0.84,104.04,0.83,25.13,0.85,1.77,0.86,22.71,0.15,1.77,0.14,22.71,0.16,104.04,0.17,25.13,0.01,0.01,2313.02549,1776198509000
1776198510.89,210.89,0.84,45.0,0.83,42.13,0.86,24.07,0.87,40.86,0.15,1.77,0.14,22.71,0.16,104.04,0.17,25.13,0.02,0.01,2313.02549,1776198509000
1776198511.294,211.294,0.85,45.0,0.84,15.0,0.86,24.07,0.87,48.62,0.14,24.07,0.13,48.62,0.15,45.0,0.16,15.0,0.01,0.01,2313.07017,1776198510000
1776198511.873,211.873,0.85,79.9,0.84,20.0,0.86,11.97,0.87,35.26,0.14,24.07,0.13,48.62,0.15,45.0,0.16,15.0,0.01,0.01,2313.07017,1776198510000
1776198512.318,212.318,0.85,66.9,0.84,20.0,0.86,3.0,0.87,35.26,0.14,11.97,0.13,35.26,0.15,79.9,0.16,20.0,0.01,0.01,2313.07017,1776198510000
1776198512.971,212.971,0.85,66.9,0.84,20.0,0.86,3.0,0.87,35.26,0.14,3.0,0.13,35.26,0.15,66.9,0.16,20.0,0.01,0.01,2313.115382,1776198512000
1776198513.869,213.869,0.86,60.85,0.85,43.0,0.87,12.71,0.88,27.5,0.13,21.97,0.12,25.5,0.15,79.9,0.16,29.0,0.01,0.02,2313.115382,1776198512000
1776198515.171,215.171,0.86,60.85,0.85,43.0,0.87,12.71,0.88,27.5,0.13,12.71,0.12,27.5,0.14,60.85,0.15,43.0,0.01,0.01,2313.058605,1776198514000
1776198516.695,216.695,0.86,60.85,0.85,43.0,0.87,12.71,0.88,27.5,0.13,12.71,0.12,27.5,0.14,60.85,0.15,43.0,0.01,0.01,2313.065515,1776198515000
1776198517.172,217.172,0.86,55.85,0.85,38.0,0.87,2.21,0.88,27.5,0.13,12.71,0.12,27.5,0.14,60.85,0.15,43.0,0.01,0.01,2313.065515,1776198515000
1776198518.001,218.001,0.83,6.02,0.82,18.62,0.84,41.81,0.85,32.23,0.13,2.21,0.12,27.5,0.14,55.85,0.15,38.0,0.01,0.01,2313.073675,1776198516000
1776198518.411,218.411,0.81,15.15,0.8,18.0,0.83,41.44,0.84,43.81,0.16,41.81,0.15,32.23,0.17,6.02,0.18,18.62,0.02,0.01,2313.073675,1776198516000
1776198518.987,218.987,0.81,15.15,0.8,18.0,0.83,41.44,0.84,43.81,0.17,41.44,0.16,43.81,0.19,15.15,0.2,18.0,0.02,0.02,2313.072763,1776198518000
1776198519.831,219.831,0.8,15.0,0.79,30.0,0.81,0.11,0.82,38.11,0.17,41.44,0.16,43.81,0.19,15.15,0.2,18.0,0.01,0.02,2313.072763,1776198518000
1776198520.143,220.143,0.8,5.71,0.79,20.0,0.81,30.5,0.82,38.11,0.19,0.11,0.18,38.11,0.2,15.0,0.21,30.0,0.01,0.01,2313.072763,1776198518000
1776198520.366,220.366,0.78,10.0,0.77,15.0,0.81,35.5,0.82,38.11,0.19,30.5,0.18,38.11,0.2,5.71,0.21,20.0,0.03,0.01,2312.858599,1776198519000
1776198520.636,220.636,0.78,15.0,0.77,20.0,0.8,10.0,0.81,42.5,0.19,35.5,0.18,38.11,0.22,10.0,0.23,15.0,0.02,0.03,2312.858599,1776198519000
1776198521.351,221.351,0.78,15.0,0.77,25.0,0.8,9.29,0.81,32.5,0.2,9.29,0.19,32.5,0.22,15.0,0.23,25.0,0.02,0.02,2312.718507,1776198520000
1776198522.121,222.121,0.78,142.86,0.77,35.5,0.79,5.0,0.8,9.29,0.21,5.0,0.2,9.29,0.22,142.86,0.23,35.5,0.01,0.01,2312.689261,1776198521000
1776198522.424,222.424,0.83,33.0,0.82,37.0,0.85,0.62,0.88,10.0,0.16,1.2,0.15,42.5,0.17,33.0,0.18,37.0,0.02,0.01,2312.689261,1776198521000
1776198522.833,222.833,0.86,32.0,0.85,15.0,0.87,16.13,0.88,18.41,0.15,0.62,0.12,10.0,0.17,33.0,0.18,37.0,0.01,0.02,2312.689261,1776198521000
1776198523.06,223.06,0.86,32.0,0.85,15.0,0.87,16.13,0.88,18.41,0.13,16.13,0.12,18.41,0.14,32.0,0.15,15.0,0.01,0.01,2312.677963,1776198522000
1776198524.226,224.226,0.85,15.0,0.84,29.0,0.86,9.12,0.87,6.13,0.14,9.12,0.13,6.13,0.15,15.0,0.16,29.0,0.01,0.01,2312.80616,1776198523000
1776198524.583,224.583,0.85,96.76,0.84,34.0,0.86,10.53,0.87,16.13,0.14,21.81,0.13,16.13,0.15,81.76,0.16,34.0,0.01,0.01,2312.80616,1776198523000
1776198524.803,224.803,0.85,101.76,0.84,34.0,0.86,7.96,0.87,16.13,0.14,9.13,0.13,16.13,0.15,101.76,0.16,34.0,0.01,0.01,2312.80616,1776198523000
1776198525.239,225.239,0.85,77.47,0.84,29.0,0.87,26.13,0.88,18.41,0.13,26.13,0.12,18.41,0.15,76.76,0.16,34.0,0.02,0.02,2312.80616,1776198523000
1776198525.576,225.576,0.86,10.0,0.85,72.47,0.87,29.98,0.88,18.41,0.13,26.13,0.12,18.41,0.15,77.47,0.16,29.0,0.01,0.02,2312.774615,1776198524000
1776198525.876,225.876,0.86,55.0,0.85,77.47,0.87,14.72,0.88,18.41,0.13,29.98,0.12,18.41,0.14,10.0,0.15,72.47,0.01,0.01,2312.774615,1776198524000
1776198526.938,226.938,0.87,60.0,0.86,55.5,0.88,15.5,0.89,10.5,0.13,14.72,0.12,18.41,0.14,55.0,0.15,77.47,0.01,0.01,2312.77115,1776198525000
1776198527.377,227.377,0.88,60.0,0.87,25.0,0.89,17.63,0.9,16.0,0.11,10.5,0.1,16.0,0.13,60.0,0.14,55.5,0.01,0.02,2312.835027,1776198526000
1776198527.606,227.606,0.88,60.0,0.87,25.0,0.89,15.63,0.9,16.0,0.11,17.63,0.1,16.0,0.12,60.0,0.13,25.0,0.01,0.01,2312.835027,1776198526000
1776198527.827,227.827,0.88,65.0,0.87,40.5,0.89,8.76,0.9,26.5,0.11,15.63,0.1,16.0,0.12,60.0,0.13,25.0,0.01,0.01,2312.835027,1776198526000
1776198528.164,228.164,0.88,75.5,0.87,40.5,0.89,7.52,0.9,16.0,0.11,8.76,0.1,26.5,0.12,65.0,0.13,40.5,0.01,0.01,2312.785735,1776198527000
1776198528.366,228.366,0.88,60.33,0.87,30.5,0.9,14.51,0.91,10.0,0.11,7.52,0.1,10.0,0.12,15.33,0.13,30.5,0.02,0.01,2312.785735,1776198527000
1776198529.062,229.062,0.89,20.5,0.88,20.5,0.9,23.19,0.91,10.0,0.1,23.19,0.09,10.0,0.11,20.5,0.12,20.5,0.01,0.01,2312.87021,1776198528000
1776198529.51,229.51,0.89,95.56,0.88,20.5,0.9,10.1,0.91,10.0,0.1,23.19,0.09,10.0,0.11,20.5,0.12,20.5,0.01,0.01,2312.87021,1776198528000
1776198529.908,229.908,0.9,15.5,0.89,105.56,0.91,16.27,0.92,10.0,0.1,10.1,0.09,10.0,0.11,95.56,0.12,20.5,0.01,0.01,2312.87021,1776198528000
1776198530.23,230.23,0.9,15.5,0.89,105.56,0.91,16.27,0.92,10.0,0.09,16.27,0.08,10.0,0.1,15.5,0.11,105.56,0.01,0.01,2312.93872,1776198529000
1776198530.862,230.862,0.9,30.5,0.89,30.5,0.91,45.17,0.92,10.0,0.09,16.27,0.08,10.0,0.1,15.5,0.11,105.56,0.01,0.01,2312.93872,1776198529000
1776198531.347,231.347,0.9,30.5,0.89,30.5,0.91,45.17,0.92,10.0,0.09,45.17,0.08,10.0,0.1,30.5,0.11,30.5,0.01,0.01,2313.00587,1776198530000
1776198531.79,231.79,0.9,30.5,0.89,30.5,0.91,43.97,0.92,10.0,0.09,45.17,0.08,10.0,0.1,30.5,0.11,30.5,0.01,0.01,2313.00587,1776198530000
1776198532.034,232.034,0.9,30.5,0.89,30.5,0.91,39.68,0.92,10.0,0.09,39.68,0.08,10.0,0.1,30.5,0.11,30.5,0.01,0.01,2313.00587,1776198531000
1776198532.911,232.911,0.9,19.72,0.89,55.5,0.91,41.22,0.93,163.84,0.09,36.38,0.08,10.0,0.1,35.5,0.11,30.5,0.01,0.01,2313.00587,1776198531000
1776198533.458,233.458,0.89,43.72,0.88,30.5,0.91,41.22,0.93,163.84,0.09,41.22,0.07,163.84,0.1,19.72,0.11,55.5,0.02,0.01,2313.00587,1776198531000
1776198533.94,233.94,0.89,43.72,0.88,30.5,0.91,41.22,0.93,163.84,0.09,41.22,0.07,163.84,0.11,43.72,0.12,30.5,0.02,0.02,2313.020745,1776198532000
1776198534.577,234.577,0.84,10.0,0.83,10.0,0.86,35.5,0.87,72.5,0.09,41.22,0.07,163.84,0.11,43.72,0.12,30.5,0.02,0.02,2313.020745,1776198532000
1776198534.942,234.942,0.85,10.0,0.84,10.0,0.86,28.52,0.87,72.5,0.14,35.5,0.13,72.5,0.16,10.0,0.17,10.0,0.01,0.02,2313.02347,1776198533000
1776198535.593,235.593,0.85,10.0,0.84,10.0,0.86,28.52,0.87,72.5,0.14,28.52,0.13,72.5,0.15,10.0,0.16,10.0,0.01,0.01,2313.045945,1776198534000
1776198536.249,236.249,0.85,10.0,0.84,10.0,0.86,28.52,0.87,72.5,0.14,28.52,0.13,72.5,0.15,10.0,0.16,10.0,0.01,0.01,2312.987205,1776198535000
1776198537.611,237.611,0.85,10.0,0.84,10.0,0.86,28.52,0.87,72.5,0.14,28.52,0.13,72.5,0.15,10.0,0.16,10.0,0.01,0.01,2312.765003,1776198536000
1776198538.238,238.238,0.85,10.0,0.84,10.0,0.86,28.52,0.87,72.5,0.14,28.52,0.13,72.5,0.15,10.0,0.16,10.0,0.01,0.01,2312.722452,1776198537000
1776198538.637,238.637,0.9,10.0,0.89,36.0,0.91,22.22,0.92,10.0,0.14,28.52,0.13,72.5,0.15,10.0,0.16,10.0,0.01,0.01,2312.722452,1776198537000
1776198539.727,239.727,0.9,10.0,0.89,36.0,0.91,22.22,0.92,10.0,0.09,22.22,0.08,10.0,0.1,10.0,0.11,36.0,0.01,0.01,2312.865665,1776198538000
1776198540.223,240.223,0.9,70.0,0.89,51.0,0.91,8.22,0.92,10.0,0.09,22.22,0.08,10.0,0.1,10.0,0.11,36.0,0.01,0.01,2312.865665,1776198538000
1776198540.483,240.483,0.91,11.78,0.9,70.0,0.92,10.0,0.93,157.84,0.09,8.22,0.08,10.0,0.1,70.0,0.11,51.0,0.01,0.01,2312.865665,1776198538000
1776198540.838,240.838,0.91,71.78,0.9,40.0,0.92,27.62,0.93,157.84,0.08,10.0,0.07,157.84,0.09,1.78,0.1,70.0,0.01,0.01,2312.895635,1776198539000
1776198541.189,241.189,0.91,71.78,0.9,40.0,0.92,22.62,0.93,157.84,0.08,22.62,0.07,157.84,0.09,71.78,0.1,40.0,0.01,0.01,2312.88964,1776198540000
1776198542.71,242.71,0.91,71.78,0.9,40.0,0.92,22.62,0.93,157.84,0.08,22.62,0.07,157.84,0.09,71.78,0.1,40.0,0.01,0.01,2312.939231,1776198541000
1776198543.02,243.02,0.91,71.64,0.9,55.0,0.92,22.62,0.93,10.0,0.08,22.62,0.07,157.84,0.09,71.78,0.1,40.0,0.01,0.01,2312.939231,1776198541000
1776198543.558,243.558,0.91,67.76,0.9,45.0,0.92,10.91,0.93,10.0,0.08,10.91,0.07,10.0,0.09,67.76,0.1,45.0,0.01,0.01,2312.937,1776198542000
1776198544.146,244.146,0.92,15.0,0.91,37.76,0.93,23.78,0.94,17.0,0.07,23.78,0.06,17.0,0.08,15.0,0.09,37.76,0.01,0.01,2312.93708,1776198543000
1776198544.787,244.787,0.92,30.0,0.91,37.76,0.93,27.7,0.94,17.0,0.07,23.78,0.06,17.0,0.08,15.0,0.09,37.76,0.01,0.01,2312.93708,1776198543000
1776198545.508,245.508,0.92,30.0,0.91,37.76,0.93,22.43,0.94,17.0,0.07,27.7,0.06,17.0,0.08,30.0,0.09,37.76,0.01,0.01,2312.93708,1776198543000
1776198545.737,245.737,0.92,30.0,0.91,37.76,0.93,22.43,0.94,17.0,0.07,22.43,0.06,17.0,0.08,30.0,0.09,37.76,0.01,0.01,2312.94738,1776198544000
1776198546.463,246.463,0.92,30.0,0.91,37.76,0.93,22.43,0.94,17.0,0.07,22.43,0.06,17.0,0.08,30.0,0.09,37.76,0.01,0.01,2312.949105,1776198545000
1776198547.26,247.26,0.92,30.0,0.91,37.76,0.93,22.43,0.94,17.0,0.07,22.43,0.06,17.0,0.08,30.0,0.09,37.76,0.01,0.01,2312.95361,1776198546000
1776198547.812,247.812,0.92,35.0,0.91,42.76,0.94,18.76,0.95,55.0,0.07,2.43,0.06,17.0,0.08,30.0,0.09,37.76,0.02,0.01,2312.95361,1776198546000
1776198548.181,248.181,0.93,12.84,0.92,35.0,0.94,18.76,0.95,55.0,0.06,18.76,0.05,55.0,0.08,35.0,0.09,42.76,0.01,0.02,2312.95361,1776198546000
1776198548.61,248.61,0.93,17.84,0.92,35.0,0.94,24.33,0.95,55.0,0.06,13.76,0.05,55.0,0.07,12.84,0.08,35.0,0.01,0.01,2312.95361,1776198546000
1776198548.852,248.852,0.93,17.84,0.92,35.0,0.94,24.33,0.95,55.0,0.06,24.33,0.05,55.0,0.07,17.84,0.08,35.0,0.01,0.01,2312.95901,1776198547000
1776198549.094,249.094,0.93,17.84,0.92,35.0,0.94,20.07,0.95,55.0,0.06,22.2,0.05,55.0,0.07,17.84,0.08,35.0,0.01,0.01,2312.95901,1776198547000
1776198549.498,249.498,0.93,17.84,0.92,35.0,0.94,20.07,0.95,55.0,0.06,20.07,0.05,55.0,0.07,17.84,0.08,35.0,0.01,0.01,2312.96452,1776198548000
1776198550.637,250.637,0.94,159.47,0.93,22.84,0.95,12.0,0.96,35.0,0.06,20.07,0.05,55.0,0.07,17.84,0.08,35.0,0.01,0.01,2312.96452,1776198548000
1776198550.854,250.854,0.94,180.47,0.93,27.84,0.97,96.0,0.98,213.35,0.05,12.0,0.04,35.0,0.06,159.47,0.07,22.84,0.03,0.01,2312.96452,1776198548000
1776198551.362,251.362,0.96,10.0,0.95,30.0,0.97,118.66,0.98,213.35,0.03,91.0,0.02,213.35,0.05,5.0,0.06,150.47,0.01,0.02,2312.973375,1776198549000
1776198551.569,251.569,0.94,151.17,0.93,15.0,0.97,95.0,0.98,213.35,0.03,85.0,0.02,213.35,0.04,6.06,0.05,35.0,0.03,0.01,2312.973375,1776198549000
1776198552.141,252.141,0.94,175.47,0.93,20.0,0.96,8.95,0.97,95.0,0.03,95.0,0.02,213.35,0.06,151.17,0.07,15.0,0.02,0.03,2312.969915,1776198550000
1776198552.422,252.422,0.94,175.47,0.93,20.0,0.96,8.95,0.97,95.0,0.04,8.95,0.03,95.0,0.06,175.47,0.07,20.0,0.02,0.02,2312.968455,1776198551000
1776198553.012,253.012,0.94,175.47,0.93,20.0,0.96,11.15,0.97,85.0,0.04,11.15,0.03,85.0,0.06,175.47,0.07,20.0,0.02,0.02,2313.097412,1776198552000
1776198553.347,253.347,0.95,70.0,0.94,145.47,0.96,30.34,0.97,85.0,0.04,11.15,0.03,85.0,0.06,175.47,0.07,20.0,0.01,0.02,2313.097412,1776198552000
1776198553.616,253.616,0.96,16.0,0.95,40.0,0.98,96.87,0.99,6686.4,0.04,30.34,0.03,85.0,0.05,70.0,0.06,145.47,0.02,0.01,2313.097412,1776198552000
1776198553.958,253.958,0.96,21.0,0.95,45.0,0.97,38.86,0.98,96.87,0.02,96.87,0.01,6686.4,0.04,16.0,0.05,40.0,0.01,0.02,2313.097412,1776198552000
1776198554.316,254.316,0.96,21.0,0.95,45.0,0.97,38.86,0.98,96.87,0.03,38.86,0.02,96.87,0.04,21.0,0.05,45.0,0.01,0.01,2313.283115,1776198553000
1776198554.589,254.589,0.96,26.0,0.95,45.0,0.97,13.0,0.98,96.87,0.03,38.86,0.02,96.87,0.04,21.0,0.05,45.0,0.01,0.01,2313.283115,1776198553000
1776198554.813,254.813,0.96,46.0,0.95,50.0,0.97,1.86,0.98,96.87,0.03,2.9,0.02,96.87,0.04,26.0,0.05,50.0,0.01,0.01,2313.283115,1776198553000
1776198555.222,255.222,0.96,46.0,0.95,50.0,0.98,95.02,0.99,6686.4,0.03,0.72,0.02,96.87,0.04,46.0,0.05,50.0,0.02,0.01,2313.283115,1776198553000
1776198555.44,255.44,0.96,46.0,0.95,50.0,0.98,95.02,0.99,6686.4,0.02,95.02,0.01,6686.4,0.04,46.0,0.05,50.0,0.02,0.02,2313.284285,1776198554000
1776198556.073,256.073,0.96,46.0,0.95,50.0,0.98,95.02,0.99,6686.4,0.02,95.02,0.01,6686.4,0.04,46.0,0.05,50.0,0.02,0.02,2313.30407,1776198555000
1776198556.608,256.608,0.97,5.0,0.96,125.0,0.98,85.02,0.99,6686.4,0.02,105.02,0.01,6686.4,0.03,5.0,0.04,46.0,0.01,0.01,2313.30407,1776198555000
1776198556.88,256.88,0.97,10.0,0.96,125.0,0.98,74.71,0.99,6586.4,0.02,80.02,0.01,6686.4,0.03,10.0,0.04,125.0,0.01,0.01,2313.30407,1776198555000
1776198557.317,257.317,0.96,125.0,0.95,45.0,0.97,13.65,0.98,69.71,0.02,74.71,0.01,6586.4,0.03,10.0,0.04,125.0,0.01,0.01,2313.30407,1776198555000
1776198557.524,257.524,0.96,156.0,0.95,50.0,0.97,20.58,0.98,59.71,0.03,13.65,0.02,69.71,0.04,125.0,0.05,45.0,0.01,0.01,2313.313835,1776198556000
1776198558.262,258.262,0.96,156.0,0.95,50.0,0.97,11.49,0.98,59.71,0.03,19.54,0.02,59.71,0.04,156.0,0.05,50.0,0.01,0.01,2313.313835,1776198556000
1776198558.936,258.936,0.96,150.0,0.95,125.8,0.97,6.49,0.98,59.71,0.03,11.49,0.02,59.71,0.04,156.0,0.05,50.0,0.01,0.01,2313.348295,1776198557000
1776198559.164,259.164,0.96,150.0,0.95,125.8,0.97,6.49,0.98,59.71,0.03,6.49,0.02,59.71,0.04,150.0,0.05,125.8,0.01,0.01,2313.383705,1776198558000
1776198559.523,259.523,0.97,5.0,0.96,145.0,0.98,68.68,0.99,6586.4,0.03,6.49,0.02,59.71,0.04,150.0,0.05,125.8,0.01,0.01,2313.383705,1776198558000
1776198560.059,260.059,0.97,5.0,0.96,120.0,0.98,48.27,0.99,6586.4,0.02,73.68,0.01,6586.4,0.04,120.0,0.05,35.0,0.01,0.02,2313.383705,1776198558000
1776198560.491,260.491,0.97,4.94,0.96,125.0,0.98,53.27,0.99,6586.4,0.02,48.27,0.01,6586.4,0.03,5.0,0.04,120.0,0.01,0.01,2313.40084,1776198559000
1776198561.092,261.092,0.98,67.39,0.97,25.0,0.99,6586.4,,,0.02,53.27,0.01,6586.4,0.03,4.94,0.04,125.0,0.01,0.01,2313.40084,1776198559000
1776198561.542,261.542,0.98,67.39,0.97,25.0,0.99,6586.4,,,0.01,6586.4,,,0.02,67.39,0.03,25.0,0.01,0.01,2313.386595,1776198560000
1776198562.16,262.16,0.98,90.39,0.97,25.0,0.99,6576.4,,,0.01,6576.4,,,0.02,90.39,0.03,25.0,0.01,0.01,2313.386595,1776198561000
1776198562.698,262.698,0.98,70.58,0.97,20.0,0.99,6576.4,,,0.01,6576.4,,,0.02,90.39,0.03,25.0,0.01,0.01,2313.386595,1776198561000
1776198563.214,263.214,0.98,53.97,0.97,20.0,0.99,6576.4,,,0.01,6576.4,,,0.02,53.97,0.03,20.0,0.01,0.01,2313.351655,1776198562000
1776198563.534,263.534,0.98,41.87,0.97,20.0,0.99,6410.09,,,0.01,6405.09,,,0.02,53.97,0.03,20.0,0.01,0.01,2313.351655,1776198562000
1776198564.066,264.066,0.98,13.87,0.97,20.0,0.99,6520.09,,,0.01,6410.09,,,0.02,41.87,0.03,20.0,0.01,0.01,2313.351655,1776198562000
1776198564.321,264.321,0.94,79.47,0.93,15.0,0.96,6.46,0.97,57.13,0.04,35.0,0.03,57.13,0.06,69.47,0.07,15.0,0.02,0.02,2313.351655,1776198562000
1776198564.663,264.663,0.94,74.47,0.93,10.0,0.95,7.31,0.96,10.0,0.04,10.41,0.03,57.13,0.06,84.47,0.07,15.0,0.01,0.02,2313.29693,1776198563000
1776198565.097,265.097,0.93,10.0,0.92,20.0,0.95,12.31,0.96,15.0,0.05,12.31,0.04,15.0,0.07,10.0,0.08,20.0,0.02,0.02,2313.29011,1776198564000
1776198566.238,266.238,0.93,15.0,0.92,15.0,0.94,29.0,0.96,20.0,0.05,12.31,0.04,15.0,0.07,10.0,0.08,20.0,0.01,0.02,2313.29011,1776198564000
1776198566.827,266.827,0.91,27.76,0.9,15.0,0.94,34.0,0.95,10.0,0.06,29.0,0.04,20.0,0.07,15.0,0.08,15.0,0.03,0.01,2313.29011,1776198564000
1776198567.529,267.529,0.9,13.0,0.89,10.0,0.92,10.0,0.93,10.0,0.08,10.0,0.07,10.0,0.1,13.0,0.11,10.0,0.02,0.02,2312.766549,1776198566000
1776198567.942,267.942,0.9,13.0,0.89,10.0,0.92,10.0,0.93,10.0,0.08,10.0,0.07,10.0,0.1,13.0,0.11,10.0,0.02,0.02,2312.753931,1776198567000
1776198568.867,268.867,0.9,152.65,0.89,20.0,0.91,162.0,0.92,15.0,0.08,10.0,0.07,10.0,0.1,13.0,0.11,10.0,0.01,0.02,2312.753931,1776198567000
1776198569.217,269.217,0.79,18.23,0.78,24.72,0.86,23.05,0.87,10.0,0.2,29.0,0.14,23.05,0.21,13.23,0.22,5.45,0.07,0.01,2312.705333,1776198568000
1776198569.731,269.731,0.87,0.2,0.86,157.38,0.88,4.09,0.89,15.0,0.12,4.09,0.11,15.0,0.15,15.0,0.16,10.0,0.01,0.03,2312.705333,1776198568000
1776198570.093,270.093,0.87,21.28,0.86,157.38,0.89,13.5,0.9,43.0,0.12,2.95,0.11,15.0,0.13,20.94,0.14,157.38,0.02,0.01,2312.705333,1776198568000
1776198570.353,270.353,0.87,31.28,0.86,157.38,0.91,10.0,0.92,10.0,0.09,10.0,0.08,10.0,0.13,31.28,0.14,157.38,0.04,0.04,2312.54685,1776198569000
1776198570.597,270.597,0.89,10.0,0.88,172.41,0.91,6.04,0.92,10.0,0.1,12.9,0.09,10.0,0.12,167.41,0.13,31.28,0.02,0.02,2312.54685,1776198569000
1776198571.349,271.349,0.89,10.0,0.88,172.41,0.91,6.04,0.92,10.0,0.09,6.04,0.08,10.0,0.11,10.0,0.12,172.41,0.02,0.02,2312.49338,1776198570000
1776198571.928,271.928,0.9,201.8,0.89,20.0,0.91,4.94,0.92,10.0,0.09,4.94,0.08,10.0,0.1,201.8,0.11,20.0,0.01,0.01,2312.359,1776198571000
1776198572.214,272.214,0.9,45.28,0.87,5.74,0.91,233.77,0.92,10.0,0.09,89.87,0.08,10.0,0.1,45.28,0.13,5.74,0.01,0.01,2312.359,1776198571000
1776198572.414,272.414,0.77,111.68,0.76,70.0,0.79,10.0,0.8,20.0,0.17,37.58,0.16,10.0,0.23,7.31,0.24,70.0,0.02,0.06,2312.359,1776198571000
1776198572.62,272.62,0.77,121.68,0.76,75.0,0.79,18.34,0.8,20.0,0.21,10.0,0.2,20.0,0.23,111.68,0.24,70.0,0.02,0.02,2312.359,1776198571000
1776198572.853,272.853,0.77,111.7,0.76,70.0,0.79,10.0,0.8,16.94,0.2,6.94,0.19,10.0,0.23,121.68,0.24,75.0,0.02,0.03,2312.359,1776198571000
1776198573.201,273.201,0.78,15.0,0.77,131.7,0.8,14.69,0.81,10.0,0.21,10.0,0.2,16.94,0.23,111.7,0.24,70.0,0.02,0.02,2312.42005,1776198572000
1776198573.568,273.568,0.78,15.0,0.77,147.7,0.79,9.3,0.8,14.69,0.2,14.69,0.19,10.0,0.22,15.0,0.23,131.7,0.01,0.02,2312.42005,1776198572000
1776198573.791,273.791,0.81,10.0,0.8,15.0,0.83,8.79,0.84,10.0,0.17,10.0,0.16,10.0,0.21,15.0,0.22,15.0,0.02,0.04,2312.42005,1776198572000
1776198574.16,274.16,0.8,5.0,0.77,122.7,0.82,15.0,0.83,6.62,0.17,6.62,0.16,10.0,0.19,30.0,0.2,15.0,0.02,0.02,2312.3067,1776198573000
1776198574.387,274.387,0.8,70.29,0.79,10.0,0.81,8.64,0.82,8.21,0.19,8.64,0.18,8.21,0.21,10.0,0.22,10.0,0.01,0.02,2312.3067,1776198573000
1776198574.633,274.633,0.8,83.29,0.78,10.0,0.81,7.28,0.82,8.21,0.19,8.64,0.18,8.21,0.2,70.29,0.21,10.0,0.01,0.01,2312.3067,1776198573000
1776198574.965,274.965,0.8,88.29,0.79,5.0,0.81,12.28,0.82,8.21,0.19,7.28,0.18,8.21,0.2,83.29,0.22,10.0,0.01,0.01,2312.3067,1776198573000
1776198575.299,275.299,0.8,88.29,0.79,5.0,0.84,4.9,0.85,10.0,0.19,9.31,0.18,8.21,0.2,88.29,0.21,5.0,0.04,0.01,2312.112261,1776198574000
1776198575.612,275.612,0.81,118.31,0.8,28.0,0.82,8.03,0.83,10.0,0.19,8.64,0.18,10.0,0.2,88.29,0.21,15.0,0.01,0.01,2312.112261,1776198574000
1776198576.097,276.097,0.81,104.31,0.8,28.0,0.82,8.03,0.83,10.0,0.18,8.03,0.17,10.0,0.19,104.31,0.2,28.0,0.01,0.01,2312.126377,1776198575000
1776198576.454,276.454,0.84,13.63,0.83,15.0,0.86,27.21,0.87,45.0,0.14,20.0,0.13,45.0,0.16,4.67,0.17,15.0,0.02,0.02,2312.126377,1776198575000
1776198576.982,276.982,0.84,4.67,0.83,15.0,0.86,5.0,0.87,56.33,0.13,43.57,0.12,15.0,0.16,4.67,0.17,15.0,0.02,0.03,2312.126377,1776198575000
1776198577.271,277.271,0.85,15.0,0.84,9.67,0.86,8.72,0.87,26.33,0.13,26.33,0.12,45.0,0.15,15.0,0.16,4.67,0.01,0.02,2312.126377,1776198575000
1776198577.71,277.71,0.85,15.0,0.84,9.67,0.87,23.27,0.88,45.0,0.14,11.63,0.13,26.33,0.15,15.0,0.16,9.67,0.02,0.01,2312.073617,1776198576000
1776198577.998,277.998,0.85,15.0,0.84,9.67,0.87,24.59,0.88,45.0,0.13,23.27,0.12,45.0,0.15,15.0,0.16,9.67,0.02,0.02,2312.073617,1776198576000
1776198578.306,278.306,0.85,15.0,0.84,9.67,0.87,22.52,0.88,40.0,0.13,22.52,0.12,40.0,0.15,15.0,0.16,9.67,0.02,0.02,2312.177675,1776198577000
1776198578.507,278.507,0.86,20.0,0.85,15.0,0.87,4.83,0.88,58.41,0.13,13.73,0.12,58.41,0.14,15.0,0.15,15.0,0.01,0.01,2312.177675,1776198577000
1776198578.86,278.86,0.87,10.0,0.86,12.14,0.88,62.17,0.89,15.0,0.13,9.83,0.12,58.41,0.14,12.14,0.15,15.0,0.01,0.01,2312.177675,1776198577000
1776198579.078,279.078,0.87,1.53,0.86,12.14,0.88,62.17,0.89,15.0,0.12,62.17,0.11,15.0,0.13,10.0,0.14,12.14,0.01,0.01,2312.177675,1776198577000
1776198579.366,279.366,0.86,6.41,0.85,15.0,0.88,50.69,0.89,15.0,0.12,50.69,0.11,15.0,0.14,6.41,0.15,15.0,0.02,0.02,2312.071932,1776198578000
1776198579.571,279.571,0.87,10.0,0.86,1.41,0.9,15.0,0.91,77.15,0.12,49.45,0.11,10.0,0.13,10.0,0.14,1.41,0.03,0.01,2312.071932,1776198578000
1776198579.877,279.877,0.87,10.0,0.86,1.41,0.9,15.0,0.91,77.15,0.1,15.0,0.09,77.15,0.13,10.0,0.14,1.41,0.03,0.03,2312.070979,1776198579000
1776198580.317,280.317,0.87,15.0,0.86,6.41,0.89,8.77,0.9,10.0,0.11,17.95,0.1,15.0,0.13,15.0,0.14,6.41,0.02,0.02,2312.070979,1776198579000
1776198580.558,280.558,0.88,10.0,0.87,20.0,0.89,17.02,0.9,10.0,0.11,8.77,0.1,10.0,0.13,15.0,0.14,6.41,0.01,0.02,2312.070979,1776198579000
1776198580.849,280.849,0.88,5.0,0.87,15.0,0.89,8.43,0.9,10.0,0.11,8.43,0.1,10.0,0.12,15.0,0.13,15.0,0.01,0.01,2312.070979,1776198579000
1776198581.492,281.492,0.88,8.15,0.87,26.48,0.9,10.0,0.91,77.15,0.11,8.43,0.1,10.0,0.12,5.0,0.13,15.0,0.02,0.01,2312.070979,1776198579000
1776198581.709,281.709,0.88,10.0,0.87,26.48,0.9,4.0,0.91,77.15,0.1,4.0,0.09,77.15,0.12,10.0,0.13,26.48,0.02,0.02,2312.172415,1776198580000
1776198581.992,281.992,0.89,15.0,0.88,10.0,0.9,14.12,0.91,77.15,0.1,8.78,0.09,77.15,0.11,10.0,0.12,10.0,0.01,0.01,2312.172415,1776198580000
1776198582.913,282.913,0.89,15.0,0.88,10.0,0.9,14.12,0.91,77.15,0.1,14.12,0.09,77.15,0.11,15.0,0.12,10.0,0.01,0.01,2312.16688,1776198581000
1776198583.784,283.784,0.9,88.0,0.89,15.0,0.96,5.0,0.97,50.0,0.1,14.12,0.09,77.15,0.11,15.0,0.12,10.0,0.06,0.01,2312.16688,1776198581000
1776198584.645,284.645,0.96,20.0,0.95,40.0,0.97,82.18,0.99,7405.09,0.03,43.52,0.01,7410.09,0.04,10.0,0.05,30.0,0.01,0.01,2312.17477,1776198582000
1776198585.719,285.719,0.96,20.0,0.95,40.0,0.97,82.18,0.99,7405.09,0.03,82.18,0.01,7405.09,0.04,20.0,0.05,40.0,0.01,0.01,2312.256365,1776198584000
1776198585.957,285.957,0.96,13.22,0.95,30.0,0.97,87.59,0.99,7405.09,0.03,92.18,0.01,7405.09,0.04,13.22,0.05,40.0,0.01,0.01,2312.256365,1776198584000
1776198586.166,286.166,0.94,39.84,0.93,10.0,0.97,82.59,0.99,6305.09,0.03,87.59,0.01,7405.09,0.04,13.22,0.05,30.0,0.03,0.01,2312.256365,1776198584000
1776198586.401,286.401,0.94,39.84,0.93,10.0,0.97,82.59,0.99,6305.09,0.03,82.59,0.01,6305.09,0.06,39.84,0.07,10.0,0.03,0.03,2312.355455,1776198585000
1776198587.085,287.085,0.96,20.0,0.95,10.0,0.97,76.4,0.98,10.0,0.03,76.4,0.02,10.0,0.04,20.0,0.05,10.0,0.01,0.01,2312.35106,1776198586000
1776198587.655,287.655,0.97,15.0,0.96,85.0,0.99,6489.97,,,0.01,6284.99,,,0.03,10.0,0.04,85.0,0.02,0.02,2312.35106,1776198586000
1776198587.95,287.95,0.97,12.8,0.96,110.0,0.99,6484.97,,,0.01,6489.97,,,0.03,15.0,0.04,85.0,0.02,0.02,2312.35106,1776198586000
1776198588.188,288.188,0.96,87.01,0.95,15.0,0.99,6389.97,,,0.01,6484.97,,,0.03,12.8,0.04,110.0,0.03,0.02,2312.35106,1776198586000
1776198588.473,288.473,0.96,87.01,0.95,15.0,0.99,6383.95,,,0.01,6383.95,,,0.04,87.01,0.05,15.0,0.03,0.03,2312.40717,1776198587000
1776198588.946,288.946,0.97,20.0,0.96,82.01,0.99,6372.77,,,0.02,3.97,0.01,6383.95,0.04,87.01,0.05,15.0,0.02,0.02,2312.40717,1776198587000
1776198589.347,289.347,0.97,20.0,0.96,112.01,0.99,6367.77,,,0.01,6372.77,,,0.03,20.0,0.04,82.01,0.02,0.02,2312.502023,1776198588000
1776198589.694,289.694,0.97,20.0,0.96,112.01,0.99,6361.64,,,0.01,6361.7,,,0.03,20.0,0.04,112.01,0.02,0.02,2312.502023,1776198588000
1776198590.218,290.218,0.97,20.0,0.96,112.01,0.99,1356.74,,,0.01,6361.64,,,0.03,20.0,0.04,112.01,0.02,0.02,2312.502023,1776198588000
1776198590.642,290.642,0.97,44.0,0.96,87.01,0.99,1340.74,,,0.01,1350.74,,,0.03,44.0,0.04,87.01,0.02,0.02,2312.502023,1776198588000
1776198590.909,290.909,0.97,34.0,0.96,97.01,0.99,1235.68,,,0.01,1340.74,,,0.03,44.0,0.04,87.01,0.02,0.02,2312.58558,1776198589000
1776198591.124,291.124,0.97,64.0,0.96,67.01,0.99,701.54,,,0.01,1235.68,,,0.03,34.0,0.04,97.01,0.02,0.02,2312.58558,1776198589000
1776198591.429,291.429,0.97,64.0,0.96,67.01,0.99,701.54,,,0.01,701.54,,,0.03,64.0,0.04,67.01,0.02,0.02,2312.60576,1776198590000
1776198591.774,291.774,0.98,10.0,0.97,69.15,0.99,591.43,,,0.01,701.54,,,0.03,64.0,0.04,67.01,0.01,0.02,2312.60576,1776198590000
1776198592.151,292.151,0.98,10.0,0.97,69.15,0.99,590.41,,,0.01,590.41,,,0.02,10.0,0.03,69.15,0.01,0.01,2312.606345,1776198591000
1776198593.166,293.166,0.98,40.0,0.97,20.0,0.99,580.41,,,0.01,590.41,,,0.02,10.0,0.03,69.15,0.01,0.01,2312.606345,1776198591000
1776198593.458,293.458,0.98,40.0,0.97,10.0,0.99,575.41,,,0.01,580.41,,,0.02,40.0,0.03,20.0,0.01,0.01,2312.606345,1776198591000
1776198594.224,294.224,0.98,23.0,0.97,10.0,0.99,570.41,,,0.01,570.41,,,0.02,23.0,0.03,10.0,0.01,0.01,2312.60425,1776198593000
1776198594.534,294.534,0.98,20.0,0.97,10.0,0.99,574.39,,,0.01,570.41,,,0.02,23.0,0.03,10.0,0.01,0.01,2312.60425,1776198593000
1776198595.162,295.162,0.98,10.0,0.97,10.0,0.99,559.39,,,0.01,574.39,,,0.02,20.0,0.03,10.0,0.01,0.01,2312.60425,1776198593000
1776198595.448,295.448,0.98,10.0,0.97,10.0,0.99,514.39,,,0.01,559.39,,,0.02,10.0,0.03,10.0,0.01,0.01,2312.60425,1776198593000
1776198595.788,295.788,0.98,10.0,0.97,29.27,0.99,486.4,,,0.01,496.39,,,0.02,10.0,0.03,10.0,0.01,0.01,2312.6102,1776198594000
1776198596.092,296.092,0.98,10.0,0.97,29.27,0.99,486.4,,,0.01,486.4,,,0.02,10.0,0.03,29.27,0.01,0.01,2312.623545,1776198595000
1776198596.482,296.482,0.98,20.0,0.97,66.27,0.99,412.4,,,0.01,486.4,,,0.02,10.0,0.03,29.27,0.01,0.01,2312.623545,1776198595000
1776198596.852,296.852,0.98,152.0,0.97,33.27,0.99,404.21,,,0.01,412.4,,,0.02,20.0,0.03,66.27,0.01,0.01,2312.623545,1776198595000
1776198597.102,297.102,0.98,152.0,0.97,58.26,0.99,397.89,,,0.01,399.92,,,0.02,152.0,0.03,58.26,0.01,0.01,2312.623545,1776198595000
1776198597.369,297.369,0.98,152.0,0.97,83.26,0.99,358.53,,,0.01,397.89,,,0.02,152.0,0.03,58.26,0.01,0.01,2312.623545,1776198595000
1776198597.638,297.638,0.99,436.55,0.98,25.0,,,,,,,,,0.02,152.0,0.03,83.26,,,2312.634105,1776198596000
1776198597.982,297.982,0.99,509.58,0.98,34.27,,,,,,,,,0.01,509.58,0.02,34.27,,,2312.634105,1776198597000
1776198598.326,298.326,0.99,4721.59,0.98,66.27,,,,,,,,,0.01,332.26,0.02,66.27,,,2312.634105,1776198597000
1776198599.434,299.434,0.99,4721.59,0.98,66.27,,,,,,,,,0.01,4721.59,0.02,66.27,,,2312.463845,1776198598000
1776198600.435,300.435,0.99,4721.59,0.98,66.27,,,,,,,,,0.01,4721.59,0.02,66.27,,,2312.450245,1776198599000
1776198600.939,300.939,0.99,4721.59,0.98,66.27,,,,,,,,,0.01,4721.59,0.02,66.27,,,2312.449945,1776198600000
1776198601.863,301.863,0.99,4721.59,0.98,66.27,,,,,,,,,0.01,4721.59,0.02,66.27,,,2312.504016,1776198601000
1776198602.927,302.927,0.99,4721.59,0.98,66.27,,,,,,,,,0.01,4721.59,0.02,66.27,,,2312.498676,1776198602000

# RESULT,winner=Up,slug=eth-updown-5m-1776198300,ticks=593
