timestamp,elapsed_sec,up_bid_p1,up_bid_s1,up_bid_p2,up_bid_s2,up_ask_p1,up_ask_s1,up_ask_p2,up_ask_s2,down_bid_p1,down_bid_s1,down_bid_p2,down_bid_s2,down_ask_p1,down_ask_s1,down_ask_p2,down_ask_s2,up_spread,down_spread,eth_price,eth_oracle_ts
1776315000.611,0.611,0.53,109.5,0.52,5.0,0.6,38.0,0.61,34.0,0.46,5.0,0.4,38.0,0.47,109.5,0.48,5.0,0.07,0.01,2353.217583,1776314999000
1776315001.749,1.749,0.59,5.0,0.58,10.0,0.6,53.33,0.61,102.0,0.4,103.0,0.39,104.0,0.42,5.0,0.43,5.0,0.01,0.02,2353.200598,1776315000000
1776315002.899,2.899,0.57,5.0,0.56,13.0,0.58,8.81,0.6,53.33,0.42,8.81,0.4,58.33,0.43,20.0,0.44,13.0,0.01,0.01,2353.200598,1776315001000
1776315003.252,3.252,0.57,5.0,0.56,13.0,0.58,3.81,0.6,53.33,0.42,8.81,0.4,53.33,0.43,5.0,0.44,13.0,0.01,0.01,2353.963664,1776315002000
1776315003.541,3.541,0.57,5.0,0.56,13.0,0.6,47.14,0.61,120.0,0.42,3.81,0.4,53.33,0.43,5.0,0.44,13.0,0.03,0.01,2353.963664,1776315002000
1776315003.851,3.851,0.57,5.0,0.54,5.0,0.6,20.51,0.61,120.0,0.4,23.81,0.39,120.0,0.43,5.0,0.44,13.0,0.03,0.03,2353.963664,1776315002000
1776315004.536,4.536,0.62,8.06,0.59,100.0,0.64,6.49,0.69,445.0,0.37,46.06,0.36,83.89,0.42,10.0,0.43,5.0,0.02,0.05,2353.976945,1776315003000
1776315004.831,4.831,0.59,96.31,0.58,175.0,0.66,50.0,0.67,47.83,0.33,47.83,0.31,445.0,0.41,97.68,0.42,175.0,0.07,0.08,2353.976945,1776315003000
1776315005.202,5.202,0.65,10.0,0.64,10.0,0.66,19.69,0.67,57.83,0.35,2.54,0.34,60.0,0.41,106.31,0.42,185.0,0.01,0.06,2353.976945,1776315003000
1776315005.44,5.44,0.62,10.0,0.61,10.0,0.64,8.43,0.65,10.0,0.35,10.0,0.34,23.69,0.37,5.0,0.38,10.0,0.02,0.02,2354.108325,1776315004000
1776315005.883,5.883,0.62,10.0,0.61,10.0,0.64,13.43,0.65,15.0,0.36,8.43,0.35,10.0,0.38,10.0,0.39,10.0,0.02,0.02,2354.1374,1776315005000
1776315006.488,6.488,0.62,10.0,0.61,10.0,0.63,18.44,0.64,38.43,0.36,13.43,0.35,15.0,0.38,10.0,0.39,10.0,0.01,0.02,2354.1374,1776315005000
1776315006.825,6.825,0.61,10.0,0.6,10.0,0.63,9.44,0.64,33.43,0.37,18.44,0.36,38.43,0.38,10.0,0.39,10.0,0.02,0.01,2354.1374,1776315005000
1776315007.864,7.864,0.61,10.0,0.6,10.0,0.62,135.0,0.63,165.0,0.37,9.44,0.36,33.43,0.39,10.0,0.4,10.0,0.01,0.02,2354.604934,1776315006000
1776315008.158,8.158,0.64,15.0,0.63,10.0,0.65,120.0,0.66,113.69,0.35,125.0,0.34,113.69,0.39,153.1,0.4,10.0,0.01,0.04,2354.604934,1776315006000
1776315008.659,8.659,0.64,5.0,0.63,10.0,0.65,114.9,0.66,198.69,0.35,119.9,0.34,123.69,0.36,20.0,0.37,10.0,0.01,0.01,2354.520225,1776315007000
1776315008.886,8.886,0.64,14.44,0.63,10.0,0.65,119.9,0.66,198.69,0.35,114.9,0.34,198.69,0.36,5.0,0.37,10.0,0.01,0.01,2354.520225,1776315007000
1776315009.239,9.239,0.64,9.44,0.63,10.0,0.65,102.3,0.66,198.69,0.35,109.9,0.34,198.69,0.36,9.44,0.37,10.0,0.01,0.01,2354.420917,1776315008000
1776315009.743,9.743,0.63,5.0,0.62,15.0,0.66,19.78,0.67,105.0,0.35,95.76,0.34,98.69,0.36,9.44,0.37,10.0,0.03,0.01,2354.420917,1776315008000
1776315010.033,10.033,0.61,60.0,0.6,10.0,0.64,25.0,0.65,10.0,0.34,19.78,0.33,105.0,0.37,5.0,0.38,15.0,0.03,0.03,2354.420917,1776315008000
1776315010.238,10.238,0.61,39.28,0.6,10.0,0.63,115.0,0.64,35.0,0.37,85.0,0.36,35.0,0.39,52.1,0.4,10.0,0.02,0.02,2354.420917,1776315008000
1776315010.638,10.638,0.61,5.0,0.6,10.0,0.62,11.77,0.63,120.0,0.37,115.0,0.36,35.0,0.39,39.28,0.4,10.0,0.01,0.02,2354.70499,1776315009000
1776315010.964,10.964,0.61,5.0,0.6,10.0,0.62,15.15,0.63,90.0,0.38,11.77,0.37,120.0,0.39,5.0,0.4,10.0,0.01,0.01,2354.70499,1776315009000
1776315011.269,11.269,0.61,5.0,0.6,10.0,0.62,0.31,0.63,80.0,0.38,15.15,0.37,90.0,0.39,5.0,0.4,10.0,0.01,0.01,2354.65936,1776315010000
1776315011.628,11.628,0.61,65.0,0.6,10.0,0.62,4.9,0.66,9.78,0.38,0.31,0.37,80.0,0.39,5.0,0.4,10.0,0.01,0.01,2354.65936,1776315010000
1776315011.873,11.873,0.65,7.69,0.64,5.0,0.66,4.78,0.67,70.0,0.34,9.78,0.33,70.0,0.39,167.33,0.4,10.0,0.01,0.05,2354.65936,1776315010000
1776315012.138,12.138,0.66,75.0,0.65,10.0,0.67,24.97,0.71,80.0,0.33,34.97,0.29,70.0,0.34,67.57,0.35,10.0,0.01,0.01,2354.65936,1776315010000
1776315012.568,12.568,0.66,75.0,0.65,10.0,0.71,80.0,0.72,10.0,0.33,23.47,0.29,80.0,0.34,75.0,0.35,10.0,0.05,0.01,2354.487105,1776315011000
1776315012.871,12.871,0.69,2.61,0.68,15.0,0.7,11.0,0.71,91.0,0.29,80.0,0.28,10.0,0.34,75.0,0.35,10.0,0.01,0.05,2354.487105,1776315011000
1776315013.196,13.196,0.7,10.0,0.69,13.61,0.71,20.0,0.72,10.0,0.3,11.0,0.29,91.0,0.31,2.61,0.32,15.0,0.01,0.01,2354.487105,1776315011000
1776315013.415,13.415,0.7,16.0,0.69,11.0,0.71,2.98,0.72,2.95,0.29,6.6,0.28,2.95,0.3,21.0,0.31,13.61,0.01,0.01,2354.378537,1776315012000
1776315013.698,13.698,0.69,19.39,0.68,26.0,0.71,2.98,0.72,2.95,0.29,2.98,0.28,2.95,0.3,3.39,0.31,11.0,0.02,0.01,2354.378537,1776315012000
1776315014.109,14.109,0.69,9.39,0.68,26.0,0.7,7.8,0.71,2.98,0.29,2.98,0.28,2.95,0.31,19.39,0.32,26.0,0.01,0.02,2355.390655,1776315013000
1776315015.348,15.348,0.69,19.87,0.68,10.0,0.71,10.0,0.72,15.0,0.3,7.8,0.29,2.98,0.31,9.39,0.32,26.0,0.02,0.01,2355.506711,1776315014000
1776315015.837,15.837,0.69,9.87,0.68,10.0,0.7,19.0,0.71,15.0,0.29,10.0,0.28,15.0,0.31,19.87,0.32,10.0,0.01,0.02,2355.506711,1776315014000
1776315016.274,16.274,0.69,4.87,0.67,15.0,0.7,5.0,0.71,15.0,0.3,19.0,0.29,15.0,0.31,9.87,0.32,10.0,0.01,0.01,2355.506711,1776315014000
1776315016.572,16.572,0.64,5.0,0.62,6.0,0.65,5.0,0.66,10.0,0.32,10.0,0.31,16.0,0.33,0.59,0.34,16.0,0.01,0.01,2355.49905,1776315015000
1776315016.864,16.864,0.64,10.0,0.63,10.0,0.65,7.0,0.66,15.0,0.35,5.0,0.34,10.0,0.36,5.0,0.38,6.0,0.01,0.01,2355.49905,1776315015000
1776315018.544,18.544,0.61,10.0,0.6,10.0,0.62,1.5,0.63,10.0,0.33,24.0,0.32,24.0,0.36,10.0,0.37,10.0,0.01,0.03,2355.434525,1776315017000
1776315018.886,18.886,0.61,14.0,0.58,5.0,0.62,1.5,0.63,10.0,0.38,1.5,0.37,10.0,0.39,10.0,0.4,10.0,0.01,0.01,2355.434525,1776315017000
1776315019.196,19.196,0.61,7.1,0.58,5.0,0.62,6.5,0.63,10.0,0.38,1.5,0.37,10.0,0.39,14.0,0.42,5.0,0.01,0.01,2355.04991,1776315018000
1776315019.496,19.496,0.55,10.0,0.54,20.0,0.56,7.75,0.57,10.0,0.38,1.5,0.37,10.0,0.45,10.0,0.46,26.0,0.01,0.07,2355.04991,1776315018000
1776315019.82,19.82,0.54,14.59,0.53,289.5,0.56,5.0,0.57,15.0,0.44,7.75,0.43,10.0,0.46,15.0,0.47,289.5,0.02,0.02,2355.04991,1776315018000
1776315020.605,20.605,0.55,7.77,0.54,14.59,0.56,10.0,0.57,15.0,0.44,5.0,0.43,15.0,0.46,14.59,0.47,289.5,0.01,0.02,2354.51444,1776315019000
1776315021.262,21.262,0.54,14.59,0.53,200.5,0.55,7.7,0.57,15.0,0.44,7.55,0.43,15.0,0.45,7.77,0.46,14.59,0.01,0.01,2354.51444,1776315019000
1776315021.66,21.66,0.57,19.67,0.56,15.0,0.58,10.0,0.59,2.94,0.41,2.94,0.4,10.0,0.46,19.59,0.47,205.5,0.01,0.05,2354.277595,1776315020000
1776315022.231,22.231,0.57,24.67,0.56,20.0,0.6,7.57,0.61,31.0,0.42,10.0,0.41,2.94,0.43,19.67,0.44,15.0,0.03,0.01,2354.000131,1776315021000
1776315022.889,22.889,0.55,31.44,0.54,14.59,0.57,15.0,0.58,26.0,0.4,7.57,0.39,31.0,0.43,24.67,0.44,20.0,0.02,0.03,2354.000131,1776315021000
1776315023.201,23.201,0.55,22.97,0.54,14.59,0.57,20.0,0.58,26.0,0.43,15.0,0.42,26.0,0.45,31.44,0.46,14.59,0.02,0.02,2353.89283,1776315022000
1776315023.731,23.731,0.58,155.0,0.57,151.0,0.62,5.0,0.66,5.0,0.43,15.0,0.42,26.0,0.45,19.57,0.46,14.59,0.04,0.02,2353.89283,1776315022000
1776315024.02,24.02,0.66,10.0,0.65,15.0,0.67,20.58,0.69,10.0,0.34,5.0,0.31,6.0,0.39,24.19,0.4,10.0,0.01,0.05,2353.89283,1776315022000
1776315026.003,26.003,0.64,13.96,0.63,31.0,0.67,17.0,0.68,55.98,0.33,20.58,0.31,10.0,0.34,10.0,0.35,15.0,0.03,0.01,2353.799085,1776315024000
1776315026.742,26.742,0.64,7.0,0.63,18.96,0.65,11.0,0.66,10.0,0.33,17.0,0.32,55.98,0.36,13.96,0.37,31.0,0.01,0.03,2354.65115,1776315025000
1776315027.432,27.432,0.61,8.96,0.6,10.0,0.64,20.0,0.65,10.0,0.35,10.0,0.34,15.0,0.36,7.95,0.37,18.96,0.03,0.01,2354.68507,1776315026000
1776315028.281,28.281,0.65,17.0,0.64,7.0,0.66,5.0,0.67,10.0,0.36,20.0,0.35,10.0,0.39,8.96,0.4,10.0,0.01,0.03,2354.611908,1776315027000
1776315028.768,28.768,0.65,0.13,0.63,5.0,0.66,15.0,0.67,15.0,0.34,5.0,0.33,10.0,0.35,17.0,0.36,7.0,0.01,0.01,2354.611908,1776315027000
1776315029.844,29.844,0.64,24.0,0.63,33.0,0.67,10.0,0.68,15.0,0.34,15.0,0.33,15.0,0.35,0.13,0.37,5.0,0.03,0.01,2354.429794,1776315028000
1776315030.143,30.143,0.64,16.15,0.63,33.0,0.66,50.0,0.67,10.0,0.33,10.0,0.32,15.0,0.36,24.0,0.37,33.0,0.02,0.03,2354.429794,1776315028000
1776315030.817,30.817,0.63,9.9,0.6,22.0,0.64,111.0,0.65,67.0,0.34,50.0,0.33,10.0,0.36,16.15,0.37,33.0,0.01,0.02,2354.341622,1776315029000
1776315031.876,31.876,0.61,5.0,0.6,10.0,0.62,14.95,0.63,10.0,0.36,111.0,0.35,67.0,0.4,22.0,0.41,28.0,0.01,0.04,2354.481895,1776315030000
1776315032.516,32.516,0.61,5.0,0.6,15.0,0.62,6.95,0.63,10.0,0.38,14.95,0.37,10.0,0.39,5.0,0.4,10.0,0.01,0.01,2354.495238,1776315031000
1776315032.915,32.915,0.61,10.0,0.6,15.0,0.63,2.1,0.64,64.0,0.38,0.04,0.37,10.0,0.39,5.0,0.4,15.0,0.02,0.01,2354.495238,1776315031000
1776315034.178,34.178,0.57,10.81,0.56,15.0,0.6,45.0,0.61,29.0,0.37,2.1,0.36,64.0,0.39,10.0,0.4,15.0,0.03,0.02,2354.11159,1776315033000
1776315035.889,35.889,0.57,10.72,0.56,15.0,0.58,5.0,0.59,15.0,0.42,7.96,0.41,15.0,0.43,10.81,0.44,15.0,0.01,0.01,2354.052009,1776315034000
1776315036.19,36.19,0.54,3.83,0.53,124.5,0.55,10.0,0.56,20.0,0.44,20.0,0.43,20.0,0.46,14.4,0.47,124.5,0.01,0.02,2353.986276,1776315035000
1776315036.631,36.631,0.54,10.0,0.53,119.5,0.61,7.91,0.62,80.0,0.45,10.0,0.44,20.0,0.46,3.83,0.47,124.5,0.07,0.01,2353.986276,1776315035000
1776315036.859,36.859,0.54,3.99,0.53,132.5,0.56,5.68,0.57,15.0,0.44,5.68,0.43,20.0,0.46,9.99,0.47,119.5,0.02,0.02,2353.986276,1776315035000
1776315037.187,37.187,0.53,119.5,0.52,15.0,0.56,20.68,0.57,15.0,0.44,5.68,0.43,15.0,0.46,3.99,0.47,132.5,0.03,0.02,2353.986276,1776315035000
1776315037.457,37.457,0.55,6.37,0.54,10.0,0.56,35.68,0.57,29.0,0.44,20.68,0.43,15.0,0.47,119.5,0.48,15.0,0.01,0.03,2353.986276,1776315035000
1776315037.672,37.672,0.53,77.15,0.52,5.0,0.54,20.0,0.55,15.0,0.44,35.68,0.43,29.0,0.47,89.28,0.48,15.0,0.01,0.03,2353.943583,1776315036000
1776315037.923,37.923,0.53,51.15,0.52,5.0,0.54,25.0,0.55,20.0,0.46,20.0,0.45,15.0,0.47,77.15,0.48,5.0,0.01,0.01,2353.943583,1776315036000
1776315038.59,38.59,0.52,5.0,0.51,407.0,0.54,50.0,0.55,34.0,0.46,20.0,0.45,20.0,0.47,41.15,0.48,5.0,0.02,0.01,2353.62943,1776315037000
1776315038.858,38.858,0.51,411.28,0.5,55.0,0.53,111.75,0.54,31.0,0.46,50.0,0.45,34.0,0.48,5.0,0.49,407.0,0.02,0.02,2353.62943,1776315037000
1776315040.47,40.47,0.51,243.65,0.5,60.0,0.52,5.0,0.53,31.0,0.47,74.56,0.46,31.0,0.49,240.7,0.5,60.0,0.01,0.02,2353.510676,1776315038000
1776315040.807,40.807,0.51,448.59,0.5,173.0,0.55,15.0,0.56,5.68,0.48,5.0,0.47,31.0,0.49,236.6,0.5,60.0,0.04,0.01,2353.293334,1776315039000
1776315041.738,41.738,0.55,59.0,0.54,22.0,0.57,11.98,0.58,89.64,0.44,0.58,0.43,11.98,0.45,29.0,0.46,22.0,0.02,0.01,2353.194082,1776315040000
1776315042.03,42.03,0.56,27.0,0.55,47.0,0.58,89.64,0.59,16.0,0.43,11.98,0.42,89.64,0.45,59.0,0.46,22.0,0.02,0.02,2353.194082,1776315040000
1776315042.416,42.416,0.57,22.0,0.56,22.0,0.58,54.0,0.59,10.0,0.42,89.64,0.41,16.0,0.44,27.0,0.45,47.0,0.01,0.02,2353.194082,1776315040000
1776315042.962,42.962,0.57,25.0,0.56,14.65,0.58,0.36,0.61,5.0,0.42,10.0,0.41,10.0,0.44,14.65,0.45,47.0,0.01,0.02,2353.256292,1776315041000
1776315043.305,43.305,0.6,22.0,0.59,17.0,0.63,0.13,0.64,46.0,0.38,3.84,0.37,43.1,0.41,15.0,0.42,10.0,0.03,0.03,2353.594587,1776315042000
1776315043.6,43.6,0.61,12.0,0.6,22.0,0.63,0.49,0.64,26.0,0.37,0.13,0.36,46.0,0.4,22.0,0.41,17.0,0.02,0.03,2353.594587,1776315042000
1776315044.176,44.176,0.62,11.47,0.61,22.0,0.63,107.36,0.64,40.0,0.36,26.0,0.35,81.0,0.39,17.0,0.4,22.0,0.01,0.03,2353.594587,1776315042000
1776315044.912,44.912,0.63,47.0,0.62,18.47,0.64,89.31,0.65,25.0,0.37,107.36,0.36,40.0,0.38,11.47,0.39,22.0,0.01,0.01,2353.71669,1776315043000
1776315045.528,45.528,0.63,47.0,0.62,18.47,0.64,76.24,0.65,25.0,0.36,89.31,0.35,25.0,0.37,47.0,0.38,18.47,0.01,0.01,2353.81969,1776315044000
1776315046.037,46.037,0.64,20.0,0.63,47.0,0.65,78.96,0.66,45.0,0.36,76.24,0.35,25.0,0.37,47.0,0.38,18.47,0.01,0.01,2353.81969,1776315044000
1776315047.185,47.185,0.64,29.77,0.63,42.0,0.65,104.96,0.66,55.0,0.35,78.96,0.34,45.0,0.36,20.0,0.37,47.0,0.01,0.01,2353.869329,1776315045000
1776315047.914,47.914,0.64,29.77,0.63,42.0,0.65,99.96,0.66,55.0,0.35,104.96,0.34,55.0,0.36,29.77,0.37,42.0,0.01,0.01,2353.972127,1776315046000
1776315048.175,48.175,0.64,26.54,0.63,42.0,0.65,84.96,0.66,55.0,0.35,84.96,0.34,55.0,0.36,29.77,0.37,42.0,0.01,0.01,2353.972127,1776315046000
1776315048.979,48.979,0.64,25.56,0.63,37.0,0.65,5.0,0.67,10.0,0.35,84.96,0.34,55.0,0.36,26.54,0.37,42.0,0.01,0.01,2354.146529,1776315047000
1776315049.293,49.293,0.66,11.17,0.65,20.0,0.68,9.47,0.69,10.0,0.32,9.47,0.31,10.0,0.34,10.0,0.35,20.0,0.02,0.02,2354.146529,1776315047000
1776315049.843,49.843,0.68,10.0,0.67,20.0,0.69,5.0,0.7,65.0,0.32,9.47,0.31,10.0,0.34,11.17,0.35,20.0,0.01,0.02,2354.144504,1776315048000
1776315050.711,50.711,0.67,6.42,0.66,5.0,0.69,99.0,0.7,65.0,0.31,5.0,0.3,65.0,0.32,10.0,0.33,20.0,0.02,0.01,2354.228636,1776315049000
1776315051.35,51.35,0.66,10.0,0.65,10.0,0.67,15.0,0.68,25.0,0.31,99.0,0.3,65.0,0.33,1.42,0.34,5.0,0.01,0.02,2354.228636,1776315049000
1776315052.086,52.086,0.66,10.0,0.65,10.0,0.67,17.64,0.68,50.0,0.33,15.0,0.32,25.0,0.34,10.0,0.35,10.0,0.01,0.01,2354.36485,1776315050000
1776315052.369,52.369,0.66,10.0,0.65,10.0,0.67,31.33,0.68,80.0,0.33,17.64,0.32,50.0,0.34,10.0,0.35,10.0,0.01,0.01,2354.414714,1776315051000
1776315053.185,53.185,0.66,10.0,0.65,10.0,0.67,67.4,0.68,80.0,0.33,31.33,0.32,80.0,0.34,10.0,0.35,10.0,0.01,0.01,2354.414714,1776315051000
1776315053.448,53.448,0.64,0.42,0.63,5.0,0.67,82.4,0.68,85.0,0.33,67.4,0.32,80.0,0.34,10.0,0.35,10.0,0.03,0.01,2354.414714,1776315051000
1776315053.888,53.888,0.6,17.37,0.59,43.0,0.65,57.71,0.66,34.0,0.35,15.71,0.34,45.0,0.36,0.42,0.37,5.0,0.05,0.01,2354.305311,1776315052000
1776315058.728,58.728,0.62,22.0,0.61,15.0,0.64,5.84,0.65,20.0,0.36,5.84,0.35,32.0,0.38,5.0,0.39,10.0,0.02,0.02,2354.115067,1776315057000
1776315060.236,60.236,0.6,60.29,0.59,33.0,0.63,23.41,0.64,15.84,0.36,5.84,0.35,20.0,0.38,22.0,0.39,15.0,0.03,0.02,2354.238375,1776315059000
1776315061.33,61.33,0.57,10.0,0.56,10.0,0.61,103.0,0.62,35.0,0.37,23.41,0.36,15.84,0.4,60.29,0.41,33.0,0.04,0.03,2354.238375,1776315059000
1776315061.706,61.706,0.57,10.0,0.56,5.0,0.58,50.0,0.59,30.0,0.42,15.0,0.41,20.0,0.44,5.0,0.45,70.93,0.01,0.02,2354.109333,1776315060000
1776315062.343,62.343,0.55,6.04,0.54,10.0,0.56,5.0,0.57,10.0,0.42,34.0,0.41,30.0,0.43,10.0,0.44,5.0,0.01,0.01,2354.047479,1776315061000
1776315063.094,63.094,0.55,17.0,0.54,10.0,0.57,6.0,0.58,27.0,0.44,5.0,0.43,10.0,0.45,6.04,0.46,10.0,0.02,0.01,2354.047479,1776315061000
1776315063.462,63.462,0.56,10.0,0.55,10.0,0.57,8.8,0.58,27.0,0.43,6.0,0.42,27.0,0.45,17.0,0.46,10.0,0.01,0.02,2354.047479,1776315061000
1776315063.771,63.771,0.55,9.33,0.54,10.0,0.57,5.0,0.58,27.0,0.43,8.8,0.42,27.0,0.44,10.0,0.45,10.0,0.02,0.01,2353.68844,1776315062000
1776315064.445,64.445,0.56,17.72,0.55,9.33,0.57,10.0,0.58,27.0,0.43,5.0,0.42,27.0,0.45,9.33,0.46,10.0,0.01,0.02,2353.622112,1776315063000
1776315066.329,66.329,0.59,34.39,0.57,10.0,0.6,41.0,0.61,66.1,0.43,10.0,0.42,27.0,0.44,17.72,0.45,9.33,0.01,0.01,2353.54779,1776315064000
1776315066.686,66.686,0.59,24.39,0.57,10.0,0.6,140.0,0.61,80.1,0.4,41.0,0.39,66.1,0.41,34.39,0.43,10.0,0.01,0.01,2353.572303,1776315065000
1776315068.385,68.385,0.59,19.26,0.57,10.0,0.6,86.66,0.61,80.1,0.4,140.0,0.39,80.1,0.41,19.26,0.43,10.0,0.01,0.01,2353.496771,1776315066000
1776315069.968,69.968,0.59,24.26,0.58,10.0,0.6,109.99,0.61,80.1,0.4,86.66,0.39,80.1,0.41,19.26,0.43,10.0,0.01,0.01,2353.505582,1776315068000
1776315070.317,70.317,0.59,14.26,0.58,10.0,0.6,104.99,0.61,80.1,0.4,109.99,0.39,80.1,0.41,24.26,0.42,10.0,0.01,0.01,2353.471309,1776315069000
1776315072.329,72.329,0.59,14.26,0.58,10.0,0.6,68.33,0.61,75.0,0.4,104.99,0.39,80.1,0.41,14.26,0.42,10.0,0.01,0.01,2353.563244,1776315071000
1776315081.376,81.376,0.58,10.0,0.57,10.0,0.59,43.3,0.6,30.0,0.4,68.33,0.39,75.0,0.41,14.26,0.42,10.0,0.01,0.01,2353.444903,1776315079000
1776315082.897,82.897,0.58,4.76,0.57,10.0,0.59,48.3,0.6,35.0,0.41,43.3,0.4,30.0,0.42,10.0,0.43,10.0,0.01,0.01,2353.433441,1776315081000
1776315083.122,83.122,0.58,4.76,0.57,10.0,0.59,16.39,0.6,35.0,0.41,48.3,0.4,35.0,0.42,4.76,0.43,10.0,0.01,0.01,2353.433441,1776315081000
1776315084.149,84.149,0.58,14.76,0.57,10.0,0.59,1.13,0.6,30.0,0.41,16.39,0.4,35.0,0.42,4.76,0.43,10.0,0.01,0.01,2353.427875,1776315083000
1776315084.411,84.411,0.63,7.0,0.62,17.0,0.64,18.65,0.65,95.0,0.41,1.13,0.4,30.0,0.42,14.76,0.43,10.0,0.01,0.01,2353.427875,1776315083000
1776315084.705,84.705,0.64,7.75,0.63,17.0,0.65,80.24,0.66,81.0,0.35,55.24,0.34,107.0,0.37,22.0,0.38,17.0,0.01,0.02,2353.427875,1776315083000
1776315086.357,86.357,0.63,53.0,0.62,22.0,0.64,31.77,0.65,20.0,0.35,80.24,0.34,81.0,0.36,7.75,0.37,17.0,0.01,0.01,2353.548259,1776315085000
1776315087.465,87.465,0.67,12.0,0.66,22.0,0.68,2.86,0.69,35.0,0.36,25.67,0.35,30.0,0.37,53.0,0.38,22.0,0.01,0.01,2353.776631,1776315086000
1776315088.198,88.198,0.67,27.0,0.66,22.0,0.69,10.0,0.7,37.1,0.32,2.86,0.31,35.0,0.33,12.0,0.34,22.0,0.02,0.01,2353.889553,1776315087000
1776315091.413,91.413,0.68,0.48,0.67,12.0,0.69,48.0,0.7,58.62,0.31,10.0,0.3,10.0,0.32,20.81,0.33,22.0,0.01,0.01,2354.112998,1776315090000
1776315091.678,91.678,0.64,9.55,0.63,15.0,0.66,8.48,0.67,65.43,0.34,3.48,0.33,39.0,0.35,10.0,0.36,15.0,0.02,0.01,2354.112998,1776315090000
1776315093.847,93.847,0.67,16.0,0.66,36.0,0.69,25.33,0.7,26.0,0.34,8.48,0.33,65.43,0.36,9.55,0.37,15.0,0.02,0.02,2354.077592,1776315092000
1776315096.136,96.136,0.68,21.0,0.67,21.0,0.69,15.83,0.7,26.0,0.31,25.33,0.3,26.0,0.33,16.0,0.34,36.0,0.01,0.02,2354.007018,1776315094000
1776315096.72,96.72,0.71,44.0,0.7,29.0,0.72,1.16,0.73,27.0,0.31,15.83,0.3,26.0,0.32,21.0,0.33,21.0,0.01,0.01,2354.064533,1776315095000
1776315097.264,97.264,0.72,9.0,0.71,16.0,0.73,29.82,0.74,28.0,0.27,19.82,0.26,28.0,0.29,99.04,0.3,35.0,0.01,0.02,2354.095169,1776315096000
1776315097.738,97.738,0.72,9.0,0.71,16.0,0.73,64.97,0.74,28.0,0.27,29.82,0.26,28.0,0.28,9.0,0.29,16.0,0.01,0.01,2354.095169,1776315096000
1776315101.342,101.342,0.72,39.0,0.71,16.0,0.73,30.62,0.74,94.78,0.27,68.97,0.26,46.7,0.28,9.0,0.29,16.0,0.01,0.01,2354.430019,1776315100000
1776315103.352,103.352,0.72,26.85,0.71,26.0,0.73,45.98,0.74,51.7,0.27,30.62,0.26,94.78,0.28,39.0,0.29,16.0,0.01,0.01,2354.439749,1776315102000
1776315103.932,103.932,0.72,36.85,0.71,35.0,0.73,30.98,0.74,28.0,0.27,45.98,0.26,51.7,0.28,26.85,0.29,26.0,0.01,0.01,2354.439749,1776315102000
1776315108.043,108.043,0.71,5.0,0.7,21.0,0.72,39.79,0.73,35.98,0.27,30.98,0.26,28.0,0.28,36.85,0.29,35.0,0.01,0.01,2354.545395,1776315106000
1776315110.922,110.922,0.71,16.19,0.7,21.0,0.72,19.79,0.73,20.0,0.28,39.79,0.27,35.98,0.29,5.0,0.3,21.0,0.01,0.01,2354.3733,1776315109000
1776315114.102,114.102,0.71,58.19,0.7,30.0,0.75,29.2,0.76,104.7,0.28,19.79,0.27,20.0,0.29,16.19,0.3,21.0,0.04,0.01,2354.387062,1776315113000
1776315114.485,114.485,0.73,10.0,0.72,20.0,0.74,4.86,0.75,34.2,0.25,29.2,0.24,104.7,0.29,58.19,0.3,30.0,0.01,0.04,2354.387062,1776315113000
1776315115.125,115.125,0.73,6.29,0.72,20.0,0.74,9.86,0.75,29.2,0.26,4.86,0.25,34.2,0.27,10.0,0.28,20.0,0.01,0.01,2354.387062,1776315113000
1776315115.441,115.441,0.73,6.29,0.72,20.0,0.74,5.1,0.75,29.2,0.26,9.86,0.25,29.2,0.27,6.29,0.28,20.0,0.01,0.01,2354.387062,1776315113000
1776315116.656,116.656,0.73,2.58,0.72,20.0,0.74,5.1,0.75,35.2,0.26,5.1,0.25,29.2,0.27,6.29,0.28,20.0,0.01,0.01,2354.435949,1776315115000
1776315123.64,123.64,0.72,1.78,0.71,15.0,0.74,43.8,0.75,34.2,0.26,5.1,0.25,35.2,0.27,2.58,0.28,20.0,0.02,0.01,2354.459965,1776315122000
1776315126.854,126.854,0.67,8.81,0.66,10.0,0.69,15.0,0.7,20.0,0.26,43.8,0.25,34.2,0.28,1.78,0.29,15.0,0.02,0.02,2354.41695,1776315125000
1776315127.464,127.464,0.66,13.77,0.65,15.0,0.69,5.0,0.7,32.1,0.33,5.15,0.32,5.0,0.34,8.77,0.35,10.0,0.03,0.01,2354.37775,1776315126000
1776315127.689,127.689,0.68,15.0,0.67,15.0,0.7,22.1,0.71,48.5,0.31,5.0,0.3,32.1,0.34,13.77,0.35,15.0,0.02,0.03,2354.37775,1776315126000
1776315128.826,128.826,0.69,10.0,0.68,15.0,0.7,43.2,0.71,48.5,0.3,22.1,0.29,48.5,0.32,15.0,0.33,15.0,0.01,0.02,2354.37775,1776315126000
1776315129.949,129.949,0.69,19.55,0.68,41.47,0.7,10.0,0.71,43.5,0.3,43.2,0.29,48.5,0.31,10.0,0.32,15.0,0.01,0.01,2354.227967,1776315127000
1776315133.692,133.692,0.69,20.51,0.68,41.47,0.71,43.5,0.72,32.89,0.3,10.0,0.29,43.5,0.31,19.55,0.32,41.47,0.02,0.01,2354.185075,1776315131000
1776315135.544,135.544,0.68,26.47,0.66,8.77,0.71,53.5,0.72,32.89,0.29,43.5,0.28,32.89,0.31,20.51,0.32,41.47,0.03,0.02,2354.254115,1776315133000
1776315136.476,136.476,0.68,26.47,0.67,10.0,0.69,43.9,0.7,37.1,0.29,53.5,0.28,32.89,0.32,26.47,0.34,8.77,0.01,0.03,2354.19758,1776315134000
1776315137.113,137.113,0.68,11.57,0.67,10.0,0.69,38.9,0.7,37.1,0.31,43.9,0.3,37.1,0.32,26.47,0.33,10.0,0.01,0.01,2354.232529,1776315135000
1776315138.189,138.189,0.68,11.57,0.67,10.0,0.69,33.9,0.7,37.1,0.31,38.9,0.3,37.1,0.32,11.57,0.33,10.0,0.01,0.01,2354.12985,1776315136000
1776315140.614,140.614,0.67,15.0,0.66,60.0,0.68,1723.23,0.69,5.0,0.31,33.9,0.3,37.1,0.32,11.57,0.33,10.0,0.01,0.01,2353.996236,1776315138000
1776315140.816,140.816,0.67,230.43,0.66,73.0,0.68,1704.73,0.72,10.0,0.32,1710.73,0.28,10.0,0.33,230.43,0.34,73.0,0.01,0.01,2353.966405,1776315139000
1776315141.69,141.69,0.67,248.99,0.66,87.0,0.68,1516.93,0.72,10.0,0.32,1516.93,0.28,10.0,0.33,237.99,0.34,82.0,0.01,0.01,2354.077181,1776315140000
1776315142.49,142.49,0.67,338.21,0.66,87.0,0.68,1516.93,0.72,10.0,0.32,1516.93,0.28,10.0,0.33,248.99,0.34,87.0,0.01,0.01,2354.028262,1776315141000
1776315143.292,143.292,0.67,266.21,0.66,37.0,0.68,1556.93,0.7,10.0,0.32,1516.93,0.28,10.0,0.33,338.21,0.34,87.0,0.01,0.01,2354.317447,1776315142000
1776315146.95,146.95,0.67,191.99,0.66,72.91,0.68,1514.58,0.72,10.0,0.32,1556.93,0.3,10.0,0.33,266.21,0.34,37.0,0.01,0.01,2354.299974,1776315145000
1776315147.835,147.835,0.65,82.43,0.64,5.0,0.66,25.0,0.67,25.0,0.32,1514.58,0.28,10.0,0.33,186.99,0.34,72.91,0.01,0.01,2354.36479,1776315146000
1776315148.049,148.049,0.58,4.76,0.57,40.0,0.6,5.0,0.62,15.0,0.34,48.0,0.33,36.0,0.37,13.0,0.4,10.0,0.02,0.03,2354.36479,1776315146000
1776315148.269,148.269,0.57,53.0,0.56,87.0,0.6,15.0,0.61,15.0,0.4,5.0,0.38,15.0,0.42,4.76,0.43,40.0,0.03,0.02,2354.36479,1776315146000
1776315148.558,148.558,0.59,30.0,0.58,16.56,0.6,14.95,0.61,15.0,0.4,15.0,0.39,15.0,0.43,53.0,0.44,87.0,0.01,0.03,2354.322454,1776315147000
1776315148.857,148.857,0.58,41.4,0.57,53.0,0.6,19.95,0.61,15.0,0.4,14.95,0.39,15.0,0.41,32.0,0.42,16.56,0.02,0.01,2354.322454,1776315147000
1776315149.457,149.457,0.58,39.4,0.57,53.0,0.59,10.0,0.6,4.95,0.4,19.95,0.39,15.0,0.42,41.4,0.43,53.0,0.01,0.02,2354.311497,1776315148000
1776315152.126,152.126,0.6,9.37,0.59,10.0,0.64,52.0,0.65,20.0,0.41,10.0,0.4,4.95,0.42,39.4,0.43,53.0,0.04,0.01,2353.751832,1776315151000
1776315152.912,152.912,0.6,7.9,0.59,10.0,0.61,10.0,0.62,20.0,0.36,52.0,0.35,20.0,0.4,9.37,0.41,10.0,0.01,0.04,2353.751832,1776315151000
1776315153.682,153.682,0.58,68.78,0.57,53.0,0.59,13.75,0.6,20.0,0.39,10.0,0.38,20.0,0.4,7.9,0.41,10.0,0.01,0.01,2353.775315,1776315152000
1776315154.076,154.076,0.58,10.0,0.57,10.0,0.61,4.97,0.62,15.0,0.41,13.75,0.4,20.0,0.42,68.78,0.43,53.0,0.03,0.01,2353.775315,1776315152000
1776315154.807,154.807,0.56,8.86,0.55,22.33,0.58,10.0,0.59,15.0,0.41,15.0,0.4,15.0,0.42,7.0,0.43,3.86,0.02,0.01,2353.675708,1776315153000
1776315155.88,155.88,0.57,10.0,0.56,8.86,0.58,1.37,0.59,15.0,0.42,10.0,0.41,15.0,0.44,8.86,0.45,22.33,0.01,0.02,2353.643072,1776315154000
1776315157.187,157.187,0.53,96.26,0.52,15.0,0.54,18.9,0.55,25.0,0.42,1.37,0.41,15.0,0.43,10.0,0.44,8.86,0.01,0.01,2353.641357,1776315155000
1776315157.417,157.417,0.5,37.0,0.48,19.32,0.51,10.0,0.52,20.0,0.48,22.19,0.47,20.0,0.5,42.0,0.52,19.32,0.01,0.02,2353.531871,1776315156000
1776315157.651,157.651,0.5,14.56,0.48,19.32,0.51,20.0,0.52,20.0,0.49,10.0,0.48,20.0,0.5,37.0,0.52,19.32,0.01,0.01,2353.531871,1776315156000
1776315157.855,157.855,0.49,5.0,0.48,19.55,0.51,15.0,0.52,10.0,0.49,38.93,0.48,18.0,0.52,14.55,0.53,10.0,0.02,0.03,2353.531871,1776315156000
1776315159.691,159.691,0.48,4.51,0.47,10.0,0.49,25.0,0.5,20.0,0.5,5.0,0.49,25.0,0.51,11.07,0.52,10.7,0.01,0.01,2353.086501,1776315158000
1776315160.547,160.547,0.47,10.0,0.46,40.0,0.48,2.91,0.49,25.0,0.51,25.0,0.5,20.0,0.52,4.51,0.53,10.0,0.01,0.01,2353.132698,1776315159000
1776315162.849,162.849,0.51,15.95,0.5,18.0,0.52,5.0,0.53,15.0,0.52,2.91,0.51,25.0,0.53,10.0,0.54,40.0,0.01,0.01,2353.077638,1776315161000
1776315165.257,165.257,0.54,23.0,0.53,93.0,0.55,18.06,0.56,29.6,0.48,5.0,0.47,15.0,0.49,15.95,0.5,18.0,0.01,0.01,2353.011221,1776315163000
1776315165.624,165.624,0.54,14.0,0.53,93.0,0.55,10.0,0.56,29.6,0.45,18.06,0.44,29.6,0.46,23.0,0.47,93.0,0.01,0.01,2353.011221,1776315163000
1776315167.056,167.056,0.55,13.0,0.54,19.0,0.57,11.11,0.58,15.0,0.45,10.0,0.44,29.6,0.46,14.0,0.47,93.0,0.02,0.01,2353.148727,1776315165000
1776315175.119,175.119,0.62,5.0,0.61,27.0,0.64,4.63,0.65,10.0,0.43,11.11,0.42,15.0,0.45,13.0,0.46,19.0,0.02,0.02,2353.353763,1776315173000
1776315176.077,176.077,0.64,70.0,0.63,83.0,0.65,17.65,0.67,10.0,0.37,10.0,0.35,35.0,0.38,16.19,0.39,22.0,0.01,0.01,2353.353125,1776315174000
1776315176.33,176.33,0.66,5.0,0.65,139.0,0.67,1.04,0.68,1503.8,0.32,1503.8,0.31,10.0,0.36,63.0,0.37,15.0,0.01,0.04,2353.370769,1776315175000
1776315177.501,177.501,0.66,11.35,0.65,49.0,0.67,1.04,0.68,1503.8,0.33,1.04,0.32,1503.8,0.34,5.0,0.35,139.0,0.01,0.01,2353.370769,1776315175000
1776315180.739,180.739,0.66,145.29,0.65,72.99,0.67,1.04,0.68,1503.8,0.33,1.04,0.32,1503.8,0.34,11.35,0.35,49.0,0.01,0.01,2353.8664,1776315178000
1776315181.249,181.249,0.66,60.93,0.65,59.0,0.67,1.04,0.68,1508.8,0.33,1.04,0.32,1503.8,0.34,145.29,0.35,72.99,0.01,0.01,2353.795077,1776315179000
1776315182.351,182.351,0.66,55.93,0.65,49.0,0.67,0.04,0.68,1508.8,0.33,1.04,0.32,1508.8,0.34,60.93,0.35,59.0,0.01,0.01,2353.812404,1776315180000
1776315183.342,183.342,0.66,65.93,0.65,59.0,0.68,1428.04,0.69,15.0,0.33,0.04,0.32,1508.8,0.34,55.93,0.35,49.0,0.02,0.01,2353.88401,1776315182000
1776315183.758,183.758,0.67,76.0,0.66,45.93,0.68,1407.23,0.71,10.0,0.32,1428.04,0.31,15.0,0.34,65.93,0.35,59.0,0.01,0.02,2353.88401,1776315182000
1776315184.036,184.036,0.67,81.0,0.66,119.93,0.68,1220.04,0.72,10.0,0.32,1222.99,0.28,10.0,0.33,76.0,0.34,119.93,0.01,0.01,2353.88401,1776315182000
1776315184.416,184.416,0.67,81.0,0.66,119.93,0.68,1223.36,0.72,10.0,0.32,1220.04,0.28,10.0,0.33,81.0,0.34,119.93,0.01,0.01,2353.88401,1776315182000
1776315185.498,185.498,0.66,30.93,0.65,49.0,0.68,1238.36,0.69,15.0,0.32,1223.36,0.28,10.0,0.33,81.0,0.34,119.93,0.02,0.01,2353.92343,1776315184000
1776315185.854,185.854,0.66,15.0,0.65,108.38,0.68,1233.36,0.69,15.0,0.32,1238.36,0.31,15.0,0.34,30.93,0.35,49.0,0.02,0.02,2353.92343,1776315184000
1776315187.501,187.501,0.67,52.77,0.66,5.0,0.68,1238.36,0.69,15.0,0.32,1233.36,0.31,15.0,0.34,15.0,0.35,108.38,0.01,0.02,2353.985546,1776315186000
1776315188.625,188.625,0.67,32.4,0.66,88.88,0.68,1226.0,0.69,10.0,0.32,1238.36,0.31,15.0,0.33,52.77,0.34,5.0,0.01,0.01,2353.879087,1776315187000
1776315189.025,189.025,0.67,21.4,0.62,74.99,0.68,1282.0,0.69,15.0,0.32,1226.0,0.31,10.0,0.33,32.4,0.34,88.88,0.01,0.01,2353.879087,1776315187000
1776315189.245,189.245,0.62,5.0,0.61,108.26,0.68,1277.0,0.69,15.0,0.32,1282.0,0.31,15.0,0.33,21.4,0.38,74.99,0.06,0.01,2353.901322,1776315188000
1776315189.725,189.725,0.61,5.61,0.6,76.46,0.62,15.0,0.63,20.0,0.32,1251.0,0.31,15.0,0.37,10.0,0.38,35.0,0.01,0.05,2353.901322,1776315188000
1776315191.336,191.336,0.6,104.77,0.59,102.2,0.61,43.26,0.62,5.0,0.38,4.36,0.37,20.0,0.39,5.61,0.4,106.46,0.01,0.01,2353.842195,1776315190000
1776315192.458,192.458,0.6,45.77,0.59,165.47,0.61,3.86,0.63,5.0,0.39,43.26,0.38,5.0,0.4,104.77,0.41,102.2,0.01,0.01,2353.664001,1776315191000
1776315192.86,192.86,0.67,112.26,0.66,175.0,0.68,1187.0,0.77,5.0,0.39,3.86,0.37,5.0,0.4,45.77,0.41,165.47,0.01,0.01,2353.664001,1776315191000
1776315193.065,193.065,0.67,224.59,0.66,141.0,0.68,913.46,0.71,50.0,0.32,908.46,0.29,50.0,0.33,173.99,0.34,141.0,0.01,0.01,2353.664001,1776315191000
1776315193.461,193.461,0.67,152.86,0.66,128.0,0.68,810.02,0.71,50.0,0.32,796.02,0.29,50.0,0.33,162.86,0.34,128.0,0.01,0.01,2353.6626,1776315192000
1776315193.928,193.928,0.67,242.12,0.66,128.0,0.68,762.02,0.71,50.0,0.32,810.02,0.29,50.0,0.33,152.86,0.34,128.0,0.01,0.01,2353.6626,1776315192000
1776315194.373,194.373,0.67,237.12,0.66,128.0,0.68,762.02,0.71,50.0,0.32,762.02,0.29,50.0,0.33,242.12,0.34,128.0,0.01,0.01,2353.770395,1776315193000
1776315194.791,194.791,0.67,242.12,0.66,128.0,0.68,752.02,0.71,50.0,0.32,762.02,0.29,50.0,0.33,237.12,0.34,128.0,0.01,0.01,2353.770395,1776315193000
1776315195.749,195.749,0.67,267.12,0.66,128.0,0.68,703.02,0.71,50.0,0.32,752.02,0.29,50.0,0.33,242.12,0.34,128.0,0.01,0.01,2354.246329,1776315194000
1776315196.701,196.701,0.67,371.25,0.66,463.0,0.68,696.75,0.76,50.0,0.32,703.02,0.29,50.0,0.33,267.12,0.34,128.0,0.01,0.01,2354.262144,1776315195000
1776315196.936,196.936,0.67,393.25,0.66,493.0,0.68,626.85,0.76,50.0,0.32,652.83,0.24,50.0,0.33,393.25,0.34,493.0,0.01,0.01,2354.262144,1776315195000
1776315197.153,197.153,0.67,334.39,0.66,393.0,0.68,369.37,0.81,50.0,0.32,397.04,0.19,50.0,0.33,334.39,0.34,393.0,0.01,0.01,2354.262144,1776315195000
1776315197.375,197.375,0.67,386.39,0.66,288.0,0.68,356.75,0.8,9.0,0.32,363.37,0.2,9.0,0.33,386.39,0.34,288.0,0.01,0.01,2354.269744,1776315196000
1776315197.598,197.598,0.67,332.39,0.66,218.0,0.68,328.12,0.81,59.0,0.32,332.01,0.19,59.0,0.33,332.39,0.34,218.0,0.01,0.01,2354.269744,1776315196000
1776315197.816,197.816,0.67,297.39,0.66,218.0,0.68,123.07,0.81,50.0,0.32,153.07,0.19,50.0,0.33,290.39,0.34,248.0,0.01,0.01,2354.269744,1776315196000
1776315198.048,198.048,0.67,329.39,0.66,218.0,0.68,104.7,0.79,30.0,0.32,111.41,0.19,120.0,0.33,319.39,0.34,218.0,0.01,0.01,2354.269744,1776315196000
1776315198.588,198.588,0.78,163.26,0.77,127.64,0.79,30.0,0.81,129.0,0.21,30.0,0.19,129.0,0.33,334.39,0.34,218.0,0.01,0.12,2354.372888,1776315197000
1776315199.096,199.096,0.78,78.0,0.77,133.64,0.81,129.0,0.83,80.95,0.21,30.0,0.19,129.0,0.22,163.26,0.23,127.64,0.03,0.01,2354.372888,1776315197000
1776315199.422,199.422,0.8,52.15,0.79,16.0,0.81,70.0,0.82,14.0,0.19,111.36,0.18,14.0,0.2,61.0,0.21,92.26,0.01,0.01,2354.810525,1776315198000
1776315199.644,199.644,0.8,8.8,0.79,16.0,0.81,68.76,0.83,94.95,0.19,68.76,0.17,94.95,0.2,69.8,0.21,16.0,0.01,0.01,2354.810525,1776315198000
1776315200.052,200.052,0.8,10.0,0.79,16.0,0.81,63.57,0.83,94.95,0.19,68.76,0.17,94.95,0.2,8.8,0.21,16.0,0.01,0.01,2354.810525,1776315198000
1776315200.842,200.842,0.8,192.99,0.79,87.0,0.81,51.23,0.83,80.95,0.19,51.23,0.17,94.95,0.2,10.0,0.21,16.0,0.01,0.01,2354.95318,1776315199000
1776315202.416,202.416,0.8,216.49,0.79,16.0,0.81,108.06,0.83,80.95,0.19,44.06,0.17,80.95,0.2,219.99,0.21,39.0,0.01,0.01,2355.15775,1776315201000
1776315202.682,202.682,0.8,216.39,0.79,16.0,0.81,108.06,0.83,80.95,0.19,108.06,0.17,80.95,0.2,216.49,0.21,16.0,0.01,0.01,2355.15775,1776315201000
1776315202.942,202.942,0.8,216.39,0.79,16.0,0.81,101.89,0.83,80.95,0.19,108.06,0.17,80.95,0.2,216.39,0.21,16.0,0.01,0.01,2355.15775,1776315201000
1776315203.184,203.184,0.8,224.49,0.79,16.0,0.81,27.64,0.82,14.0,0.19,32.89,0.17,80.95,0.2,239.49,0.21,16.0,0.01,0.01,2355.18785,1776315202000
1776315204.337,204.337,0.82,15.54,0.81,50.0,0.83,1.76,0.84,26.8,0.19,27.64,0.17,80.95,0.2,136.49,0.21,16.0,0.01,0.01,2355.17138,1776315203000
1776315205.694,205.694,0.82,64.54,0.81,157.01,0.86,62.38,0.87,70.0,0.17,1.76,0.16,26.8,0.18,15.54,0.19,50.0,0.04,0.01,2355.14905,1776315204000
1776315206.151,206.151,0.84,10.0,0.83,19.0,0.87,81.0,0.88,95.03,0.14,62.38,0.13,70.0,0.18,64.54,0.19,157.01,0.03,0.04,2355.14905,1776315204000
1776315206.356,206.356,0.86,20.0,0.85,10.0,0.87,51.0,0.88,95.03,0.13,57.0,0.12,95.03,0.14,10.0,0.15,10.0,0.01,0.01,2355.28424,1776315205000
1776315206.834,206.834,0.86,221.88,0.85,16.0,0.87,45.46,0.88,95.03,0.13,51.0,0.12,95.03,0.14,20.0,0.15,10.0,0.01,0.01,2355.28424,1776315205000
1776315208.118,208.118,0.86,235.16,0.85,37.0,0.87,45.46,0.88,95.03,0.13,45.46,0.12,95.03,0.14,221.88,0.15,16.0,0.01,0.01,2355.328585,1776315206000
1776315208.319,208.319,0.86,27.01,0.85,38.0,0.87,42.32,0.88,95.03,0.13,42.32,0.12,95.03,0.14,58.01,0.15,38.0,0.01,0.01,2355.328585,1776315206000
1776315209.172,209.172,0.86,161.46,0.85,21.0,0.87,32.54,0.88,95.03,0.13,42.54,0.12,95.03,0.14,30.0,0.15,16.0,0.01,0.01,2355.654745,1776315208000
1776315209.741,209.741,0.89,136.56,0.88,20.0,0.93,28.49,0.95,25.88,0.1,40.0,0.07,28.49,0.13,36.0,0.14,275.34,0.04,0.03,2355.654745,1776315208000
1776315210.412,210.412,0.92,9.15,0.91,5.0,0.93,28.49,0.95,25.88,0.07,28.49,0.05,25.88,0.11,136.56,0.12,20.0,0.01,0.04,2355.61753,1776315209000
1776315210.618,210.618,0.89,22.32,0.88,20.0,0.93,8.43,0.95,25.88,0.07,20.14,0.05,25.88,0.11,22.32,0.12,20.0,0.04,0.04,2355.61753,1776315209000
1776315210.905,210.905,0.92,10.0,0.91,16.0,0.93,6.58,0.95,35.88,0.07,8.43,0.05,25.88,0.11,22.32,0.12,20.0,0.01,0.04,2355.61753,1776315209000
1776315211.343,211.343,0.91,31.5,0.9,46.73,0.93,6.58,0.94,10.0,0.07,6.58,0.05,35.88,0.08,10.0,0.09,16.0,0.02,0.01,2355.861455,1776315210000
1776315211.662,211.662,0.9,131.73,0.89,43.0,0.91,5.32,0.92,60.0,0.09,8.07,0.08,60.0,0.1,51.73,0.11,43.0,0.01,0.01,2355.861455,1776315210000
1776315211.872,211.872,0.91,163.0,0.9,282.73,0.95,92.17,0.96,184.8,0.08,42.74,0.06,10.0,0.09,163.0,0.1,282.73,0.04,0.01,2355.861455,1776315210000
1776315212.178,212.178,0.92,142.0,0.91,158.0,0.93,97.71,0.94,10.0,0.07,99.98,0.06,10.0,0.08,142.0,0.09,158.0,0.01,0.01,2355.861455,1776315210000
1776315212.829,212.829,0.92,227.73,0.91,135.0,0.93,102.71,0.94,10.0,0.07,97.71,0.06,10.0,0.08,142.0,0.09,158.0,0.01,0.01,2355.940575,1776315211000
1776315213.344,213.344,0.92,225.23,0.91,151.73,0.93,82.62,0.94,27.0,0.07,87.62,0.06,10.0,0.08,237.73,0.09,135.0,0.01,0.01,2356.023955,1776315212000
1776315216.463,216.463,0.92,205.46,0.91,101.73,0.93,82.24,0.94,10.0,0.07,82.62,0.06,27.0,0.08,225.23,0.09,151.73,0.01,0.01,2355.946075,1776315215000
1776315218.429,218.429,0.93,17.82,0.92,93.9,0.94,10.0,0.95,16.37,0.07,82.24,0.06,10.0,0.08,205.46,0.09,101.73,0.01,0.01,2355.973925,1776315217000
1776315220.164,220.164,0.93,27.82,0.92,83.9,0.94,1.87,0.95,16.37,0.06,5.0,0.05,16.37,0.07,17.82,0.08,93.9,0.01,0.01,2356.056911,1776315219000
1776315221.379,221.379,0.94,10.0,0.93,10.0,0.95,4.73,0.96,169.55,0.04,169.55,0.03,340.7,0.07,27.82,0.08,93.63,0.01,0.03,2355.95072,1776315220000
1776315221.668,221.668,0.92,22.28,0.91,79.0,0.93,123.0,0.94,32.0,0.05,105.7,0.04,269.55,0.08,48.9,0.09,107.73,0.01,0.03,2355.95072,1776315220000
1776315225.564,225.564,0.92,54.47,0.91,45.0,0.93,133.0,0.94,32.0,0.07,123.0,0.06,32.0,0.08,22.28,0.09,79.0,0.01,0.01,2355.723058,1776315224000
1776315227.386,227.386,0.92,79.47,0.91,89.0,0.93,121.0,0.94,22.0,0.07,133.0,0.06,32.0,0.08,54.47,0.09,45.0,0.01,0.01,2355.721353,1776315226000
1776315229.874,229.874,0.92,0.13,0.91,20.0,0.93,123.77,0.94,132.0,0.07,108.77,0.06,22.0,0.08,79.47,0.09,89.0,0.01,0.01,2355.617374,1776315228000
1776315231.6,231.6,0.92,82.75,0.91,64.0,0.93,56.63,0.94,132.0,0.07,123.77,0.06,132.0,0.08,0.13,0.09,20.0,0.01,0.01,2355.701471,1776315230000
1776315232.915,232.915,0.92,105.57,0.91,64.0,0.94,88.48,0.95,110.0,0.07,56.63,0.06,132.0,0.08,82.75,0.09,64.0,0.02,0.01,2355.590563,1776315231000
1776315235.637,235.637,0.93,221.96,0.92,132.82,0.94,114.36,0.95,10.0,0.06,87.41,0.05,110.0,0.08,105.57,0.09,64.0,0.01,0.02,2355.50272,1776315234000
1776315236.012,236.012,0.93,221.96,0.92,132.82,0.94,109.36,0.95,10.0,0.06,114.36,0.05,10.0,0.07,221.96,0.08,132.82,0.01,0.01,2355.50272,1776315234000
1776315236.67,236.67,0.93,216.96,0.92,181.72,0.94,104.04,0.96,119.55,0.06,109.36,0.05,10.0,0.07,221.96,0.08,132.82,0.01,0.01,2355.428073,1776315235000
1776315237.469,237.469,0.93,216.96,0.92,181.72,0.94,74.04,0.96,119.55,0.06,99.04,0.04,119.55,0.07,221.96,0.08,181.72,0.01,0.01,2355.428073,1776315236000
1776315238.549,238.549,0.93,115.8,0.92,286.2,0.94,67.97,0.96,119.55,0.06,69.04,0.04,119.55,0.07,221.96,0.08,206.72,0.01,0.01,2355.3907,1776315237000
1776315240.129,240.129,0.92,122.82,0.91,100.0,0.93,13.2,0.94,10.0,0.06,67.97,0.04,119.55,0.07,115.8,0.08,286.2,0.01,0.01,2355.39105,1776315238000
1776315241.772,241.772,0.88,5.0,0.87,35.0,0.93,20.09,0.94,69.0,0.07,13.2,0.06,10.0,0.09,100.0,0.1,110.0,0.05,0.02,2355.28228,1776315240000
1776315242.091,242.091,0.88,5.0,0.87,10.0,0.91,41.4,0.93,25.09,0.07,20.09,0.06,69.0,0.12,5.0,0.13,35.0,0.03,0.05,2355.28228,1776315240000
1776315242.406,242.406,0.9,10.0,0.89,10.0,0.92,11.56,0.93,135.09,0.09,34.43,0.08,17.0,0.12,5.0,0.13,10.0,0.02,0.03,2355.018481,1776315241000
1776315242.71,242.71,0.91,23.88,0.9,20.0,0.92,100.0,0.93,106.89,0.08,11.56,0.07,135.09,0.1,10.0,0.11,10.0,0.01,0.02,2355.018481,1776315241000
1776315243.453,243.453,0.93,12.11,0.92,10.0,0.94,63.8,0.95,94.62,0.08,73.0,0.07,106.89,0.09,23.88,0.1,20.0,0.01,0.01,2354.854196,1776315242000
1776315243.761,243.761,0.93,39.96,0.92,15.0,0.94,58.8,0.95,94.62,0.06,58.8,0.05,94.62,0.07,22.11,0.08,10.0,0.01,0.01,2354.854196,1776315242000
1776315244.735,244.735,0.93,37.13,0.92,15.0,0.94,63.8,0.95,94.62,0.06,58.8,0.05,94.62,0.07,39.96,0.08,15.0,0.01,0.01,2354.961489,1776315243000
1776315244.967,244.967,0.93,37.13,0.92,20.0,0.95,18.82,0.96,109.55,0.06,63.8,0.05,94.62,0.07,37.13,0.08,15.0,0.02,0.01,2355.02901,1776315244000
1776315245.476,245.476,0.94,62.0,0.93,32.13,0.95,10.74,0.96,109.55,0.05,18.82,0.04,109.55,0.07,37.13,0.08,20.0,0.01,0.02,2355.02901,1776315244000
1776315247.573,247.573,0.95,10.65,0.94,52.0,0.96,109.55,0.97,234.7,0.05,10.74,0.04,109.55,0.06,62.0,0.07,32.13,0.01,0.01,2355.33303,1776315246000
1776315248.573,248.573,0.95,55.65,0.94,52.0,0.96,0.75,0.97,106.0,0.04,109.55,0.03,234.7,0.05,10.65,0.06,52.0,0.01,0.01,2355.34939,1776315247000
1776315249.023,249.023,0.95,60.65,0.94,115.8,0.97,101.75,0.98,440.7,0.04,0.75,0.03,106.0,0.05,55.65,0.06,52.0,0.02,0.01,2355.34939,1776315247000
1776315249.814,249.814,0.96,19.08,0.95,55.65,0.97,101.75,0.98,440.7,0.03,101.75,0.02,440.7,0.05,60.65,0.06,115.8,0.01,0.02,2355.2985,1776315248000
1776315250.312,250.312,0.96,14.08,0.95,55.65,0.97,99.9,0.98,440.7,0.03,101.75,0.02,440.7,0.04,19.08,0.05,55.65,0.01,0.01,2355.2985,1776315248000
1776315251.149,251.149,0.96,14.08,0.95,60.65,0.97,97.83,0.98,440.7,0.03,99.9,0.02,440.7,0.04,14.08,0.05,55.65,0.01,0.01,2355.489786,1776315250000
1776315251.357,251.357,0.96,14.08,0.95,60.65,0.97,87.52,0.98,440.7,0.03,97.83,0.02,440.7,0.04,14.08,0.05,60.65,0.01,0.01,2355.489786,1776315250000
1776315251.847,251.847,0.96,29.55,0.95,136.45,0.97,81.52,0.98,440.7,0.03,87.52,0.02,440.7,0.04,14.08,0.05,60.65,0.01,0.01,2355.489786,1776315250000
1776315252.056,252.056,0.96,19.34,0.95,136.45,0.97,81.52,0.98,440.7,0.03,81.52,0.02,440.7,0.04,29.55,0.05,136.45,0.01,0.01,2355.631825,1776315251000
1776315252.49,252.49,0.96,29.34,0.95,136.45,0.97,71.21,0.98,440.7,0.03,81.52,0.02,440.7,0.04,19.34,0.05,136.45,0.01,0.01,2355.631825,1776315251000
1776315253.043,253.043,0.95,40.65,0.94,105.8,0.97,76.21,0.98,440.7,0.03,71.21,0.02,440.7,0.04,29.34,0.05,136.45,0.02,0.01,2355.631825,1776315251000
1776315253.721,253.721,0.95,26.65,0.94,10.0,0.96,57.58,0.97,199.91,0.04,22.58,0.03,76.21,0.05,40.65,0.06,105.8,0.01,0.01,2355.52554,1776315252000
1776315254.191,254.191,0.95,0.65,0.94,10.0,0.96,56.53,0.97,199.91,0.04,57.58,0.03,199.91,0.05,0.65,0.06,10.0,0.01,0.01,2355.52554,1776315252000
1776315256.117,256.117,0.96,15.0,0.95,76.45,0.97,68.14,0.98,440.7,0.04,51.53,0.03,199.91,0.05,0.65,0.06,10.0,0.01,0.01,2355.427297,1776315254000
1776315256.517,256.517,0.96,9.33,0.95,76.45,0.97,68.14,0.98,440.7,0.03,68.14,0.02,440.7,0.04,15.0,0.05,76.45,0.01,0.01,2355.439593,1776315255000
1776315257.741,257.741,0.95,67.91,0.94,98.8,0.97,68.14,0.98,440.7,0.03,68.14,0.02,440.7,0.04,9.33,0.05,76.45,0.02,0.01,2355.49841,1776315256000
1776315258.027,258.027,0.95,102.91,0.94,98.8,0.97,61.02,0.98,440.7,0.03,68.14,0.02,440.7,0.05,67.91,0.06,98.8,0.02,0.02,2355.41735,1776315257000
1776315258.334,258.334,0.96,118.7,0.95,87.91,0.97,58.26,0.98,440.7,0.03,61.02,0.02,440.7,0.05,102.91,0.06,98.8,0.01,0.02,2355.41735,1776315257000
1776315258.965,258.965,0.96,93.7,0.95,87.91,0.97,63.26,0.98,440.7,0.03,58.26,0.02,440.7,0.04,118.7,0.05,87.91,0.01,0.01,2355.41735,1776315257000
1776315259.441,259.441,0.96,138.7,0.95,87.91,0.97,42.84,0.98,440.7,0.03,53.15,0.02,440.7,0.04,88.7,0.05,87.91,0.01,0.01,2355.470693,1776315258000
1776315260.292,260.292,0.96,148.7,0.95,87.91,0.97,39.34,0.98,440.7,0.03,42.84,0.02,440.7,0.04,138.7,0.05,87.91,0.01,0.01,2355.38348,1776315259000
1776315260.719,260.719,0.96,148.7,0.95,97.91,0.97,29.34,0.98,257.0,0.03,39.34,0.02,440.7,0.04,148.7,0.05,87.91,0.01,0.01,2355.38348,1776315259000
1776315261.323,261.323,0.96,148.7,0.95,87.91,0.98,257.0,0.99,6949.7,0.03,29.34,0.02,257.0,0.04,148.7,0.05,97.91,0.02,0.01,2355.498478,1776315260000
1776315262.156,262.156,0.96,158.7,0.95,110.91,0.98,253.93,0.99,6949.7,0.02,257.0,0.01,6949.7,0.04,148.7,0.05,87.91,0.02,0.02,2355.498478,1776315260000
1776315262.383,262.383,0.96,158.7,0.95,110.91,0.98,248.93,0.99,6949.7,0.02,253.93,0.01,6949.7,0.04,158.7,0.05,110.91,0.02,0.02,2355.4827,1776315261000
1776315262.677,262.677,0.96,163.7,0.95,120.91,0.98,135.22,0.99,6949.7,0.02,248.93,0.01,6949.7,0.04,158.7,0.05,110.91,0.02,0.02,2355.4827,1776315261000
1776315263.226,263.226,0.96,163.7,0.95,110.91,0.98,130.22,0.99,6949.7,0.02,135.22,0.01,6949.7,0.04,163.7,0.05,120.91,0.02,0.02,2355.407205,1776315262000
1776315263.677,263.677,0.96,158.7,0.95,115.91,0.98,89.39,0.99,6949.7,0.02,120.01,0.01,6949.7,0.04,158.7,0.05,110.91,0.02,0.02,2355.407205,1776315262000
1776315264.101,264.101,0.96,158.7,0.95,115.91,0.98,80.39,0.99,6949.7,0.02,85.39,0.01,6949.7,0.04,158.7,0.05,115.91,0.02,0.02,2355.405255,1776315263000
1776315264.437,264.437,0.97,148.7,0.96,158.7,0.98,72.22,0.99,7349.7,0.02,80.39,0.01,6949.7,0.04,158.7,0.05,115.91,0.01,0.02,2355.405255,1776315263000
1776315264.825,264.825,0.97,217.7,0.96,186.7,0.98,41.91,0.99,6986.1,0.02,72.22,0.01,7349.7,0.03,148.7,0.04,158.7,0.01,0.01,2355.405255,1776315263000
1776315265.257,265.257,0.97,222.7,0.96,176.7,0.99,6862.61,,,0.02,4.9,0.01,6958.71,0.03,222.7,0.04,181.7,0.02,0.01,2355.41665,1776315264000
1776315265.543,265.543,0.98,239.7,0.97,218.55,0.99,6842.39,,,0.01,6847.39,,,0.02,239.7,0.03,218.55,0.01,0.01,2355.41665,1776315264000
1776315265.754,265.754,0.98,225.73,0.97,218.55,0.99,6826.71,,,0.01,6842.39,,,0.02,225.73,0.03,218.55,0.01,0.01,2355.41665,1776315264000
1776315266.15,266.15,0.98,235.73,0.97,208.55,0.99,6795.35,,,0.01,6806.51,,,0.02,225.73,0.03,218.55,0.01,0.01,2355.511719,1776315265000
1776315267.308,267.308,0.98,280.82,0.97,208.55,0.99,6780.35,,,0.01,6795.35,,,0.02,235.73,0.03,208.55,0.01,0.01,2355.616285,1776315266000
1776315268.46,268.46,0.98,285.92,0.97,208.55,0.99,6775.3,,,0.01,6780.35,,,0.02,280.82,0.03,208.55,0.01,0.01,2355.791285,1776315267000
1776315269.796,269.796,0.98,285.92,0.97,209.55,0.99,6770.19,,,0.01,6775.3,,,0.02,285.92,0.03,208.55,0.01,0.01,2355.791285,1776315267000
1776315270.447,270.447,0.98,285.92,0.97,209.55,0.99,1463.13,,,0.01,6760.13,,,0.02,285.92,0.03,209.55,0.01,0.01,2355.78986,1776315268000
1776315270.719,270.719,0.98,285.92,0.97,214.55,0.99,1454.13,,,0.01,1459.13,,,0.02,285.92,0.03,209.55,0.01,0.01,2355.86284,1776315269000
1776315271.237,271.237,0.98,285.92,0.97,219.55,0.99,1351.18,,,0.01,1348.12,,,0.02,285.92,0.03,219.55,0.01,0.01,2355.86284,1776315269000
1776315271.529,271.529,0.98,290.92,0.97,235.55,0.99,1341.18,,,0.01,1351.18,,,0.02,285.92,0.03,219.55,0.01,0.01,2355.867429,1776315270000
1776315271.839,271.839,0.98,285.92,0.97,257.55,0.99,1279.95,,,0.01,1280.97,,,0.02,285.92,0.03,257.55,0.01,0.01,2355.867429,1776315270000
1776315272.11,272.11,0.98,290.92,0.97,257.55,0.99,1223.95,,,0.01,1279.95,,,0.02,285.92,0.03,257.55,0.01,0.01,2355.79115,1776315271000
1776315272.355,272.355,0.98,290.92,0.97,257.55,0.99,1218.95,,,0.01,1223.95,,,0.02,290.92,0.03,257.55,0.01,0.01,2355.79115,1776315271000
1776315272.624,272.624,0.98,285.92,0.97,257.55,0.99,1188.53,,,0.01,1199.74,,,0.02,285.92,0.03,257.55,0.01,0.01,2355.79115,1776315271000
1776315272.838,272.838,0.98,285.92,0.97,257.55,0.99,1146.23,,,0.01,1163.53,,,0.02,290.92,0.03,257.55,0.01,0.01,2355.79115,1776315271000
1776315273.171,273.171,0.98,285.92,0.97,257.55,0.99,1134.5,,,0.01,1144.5,,,0.02,285.92,0.03,257.55,0.01,0.01,2355.82181,1776315272000
1776315273.681,273.681,0.98,285.92,0.97,271.55,0.99,1129.45,,,0.01,1134.5,,,0.02,285.92,0.03,257.55,0.01,0.01,2355.82181,1776315272000
1776315273.965,273.965,0.98,290.92,0.97,271.55,0.99,1129.45,,,0.01,1129.45,,,0.02,285.92,0.03,271.55,0.01,0.01,2355.82181,1776315272000
1776315274.603,274.603,0.98,300.92,0.97,290.55,0.99,1121.56,,,0.01,1129.45,,,0.02,290.92,0.03,271.55,0.01,0.01,2355.874932,1776315273000
1776315275.107,275.107,0.98,102.22,0.97,164.85,0.99,1106.56,,,0.01,1116.56,,,0.02,290.92,0.03,288.55,0.01,0.01,2355.874932,1776315273000
1776315275.414,275.414,0.98,107.22,0.97,164.85,0.99,1051.05,,,0.01,1101.56,,,0.02,102.22,0.03,164.85,0.01,0.01,2355.874932,1776315273000
1776315275.795,275.795,0.98,108.22,0.97,164.85,0.99,1041.0,,,0.01,1046.05,,,0.02,102.22,0.03,164.85,0.01,0.01,2355.945243,1776315274000
1776315276.073,276.073,0.98,112.22,0.97,164.85,0.99,1030.84,,,0.01,1040.95,,,0.02,102.22,0.03,164.85,0.01,0.01,2355.945243,1776315274000
1776315276.408,276.408,0.98,110.22,0.97,164.85,0.99,989.82,,,0.01,1002.55,,,0.02,112.22,0.03,164.85,0.01,0.01,2355.935227,1776315275000
1776315277.679,277.679,0.98,60.19,0.97,79.0,0.99,984.76,,,0.01,984.82,,,0.02,115.22,0.03,164.85,0.01,0.01,2355.907555,1776315276000
1776315277.996,277.996,0.98,40.19,0.97,79.0,0.99,984.76,,,0.01,984.76,,,0.02,60.19,0.03,79.0,0.01,0.01,2355.953043,1776315277000
1776315278.374,278.374,0.98,40.19,0.97,79.0,0.99,879.7,,,0.01,984.76,,,0.02,40.19,0.03,79.0,0.01,0.01,2355.953043,1776315277000
1776315278.679,278.679,0.98,40.19,0.97,93.0,0.99,778.68,,,0.01,879.7,,,0.02,40.19,0.03,79.0,0.01,0.01,2355.953043,1776315277000
1776315278.914,278.914,0.98,20.19,0.97,32.0,0.99,778.68,,,0.01,778.68,,,0.02,40.19,0.03,32.0,0.01,0.01,2355.953043,1776315277000
1776315279.91,279.91,0.98,0.19,0.97,35.0,0.99,678.68,,,0.01,778.68,,,0.02,0.19,0.03,32.0,0.01,0.01,2355.801711,1776315278000
1776315280.474,280.474,0.98,0.19,0.97,35.0,0.99,667.66,,,0.01,678.68,,,0.02,0.19,0.03,35.0,0.01,0.01,2355.615743,1776315279000
1776315281.687,281.687,0.98,0.19,0.97,35.0,0.99,645.9,,,0.01,661.66,,,0.02,0.19,0.03,35.0,0.01,0.01,2355.390565,1776315280000
1776315282.628,282.628,0.97,15.19,0.96,60.0,0.99,650.9,,,0.01,645.9,,,0.02,0.19,0.03,35.0,0.02,0.01,2355.280955,1776315281000
1776315284.972,284.972,0.97,36.0,0.96,81.0,0.99,574.89,,,0.01,565.1,,,0.03,15.19,0.04,60.0,0.02,0.02,2355.257111,1776315282000
1776315285.457,285.457,0.97,38.0,0.96,80.0,0.99,569.89,,,0.01,574.89,,,0.03,36.0,0.04,81.0,0.02,0.02,2355.114869,1776315284000
1776315285.91,285.91,0.97,31.0,0.96,92.0,0.99,556.84,,,0.01,557.86,,,0.03,31.0,0.04,92.0,0.02,0.02,2355.114869,1776315284000
1776315286.465,286.465,0.97,38.0,0.96,103.0,0.99,554.81,,,0.01,556.84,,,0.03,31.0,0.04,92.0,0.02,0.02,2355.086898,1776315285000
1776315286.822,286.822,0.97,31.0,0.96,103.0,0.99,546.02,,,0.01,554.81,,,0.03,38.0,0.04,103.0,0.02,0.02,2355.086898,1776315285000
1776315287.378,287.378,0.97,36.0,0.96,103.0,0.99,545.0,,,0.01,546.02,,,0.03,31.0,0.04,103.0,0.02,0.02,2354.930542,1776315286000
1776315287.717,287.717,0.97,31.0,0.96,120.0,0.99,541.95,,,0.01,542.97,,,0.03,31.0,0.04,103.0,0.02,0.02,2354.930542,1776315286000
1776315287.96,287.96,0.98,10.0,0.97,111.0,0.99,531.95,,,0.01,541.95,,,0.03,31.0,0.04,120.0,0.01,0.02,2354.930542,1776315286000
1776315288.441,288.441,0.98,12.89,0.97,111.0,0.99,511.95,,,0.01,516.95,,,0.02,4.89,0.03,111.0,0.01,0.01,2355.003998,1776315287000
1776315288.885,288.885,0.98,12.89,0.97,111.0,0.99,476.89,,,0.01,481.95,,,0.02,12.89,0.03,111.0,0.01,0.01,2355.003998,1776315287000
1776315289.191,289.191,0.98,23.89,0.97,111.0,0.99,393.3,,,0.01,410.3,,,0.02,23.89,0.03,111.0,0.01,0.01,2354.950172,1776315288000
1776315289.464,289.464,0.98,40.89,0.97,111.0,0.99,285.25,,,0.01,393.3,,,0.02,23.89,0.03,111.0,0.01,0.01,2354.950172,1776315288000
1776315289.951,289.951,0.98,45.89,0.97,113.0,0.99,262.25,,,0.01,267.25,,,0.02,45.89,0.03,111.0,0.01,0.01,2354.950172,1776315288000
1776315290.352,290.352,0.98,48.89,0.97,113.0,0.99,242.19,,,0.01,257.19,,,0.02,69.89,0.03,113.0,0.01,0.01,2355.156959,1776315289000
1776315290.722,290.722,0.98,64.89,0.97,113.0,0.99,227.08,,,0.01,237.19,,,0.02,62.89,0.03,113.0,0.01,0.01,2355.156959,1776315289000
1776315291.028,291.028,0.98,64.89,0.97,118.15,0.99,217.03,,,0.01,222.08,,,0.02,59.89,0.03,113.0,0.01,0.01,2355.156959,1776315289000
1776315291.393,291.393,0.98,191.89,0.97,118.15,0.99,96.03,,,0.01,217.03,,,0.02,64.89,0.03,118.15,0.01,0.01,2355.210879,1776315290000
1776315293.143,293.143,0.99,902.52,0.98,96.89,,,,,,,,,0.02,186.89,0.03,118.15,,,2355.326904,1776315292000
1776315295.067,295.067,0.99,5677.5,0.98,96.89,,,,,,,,,0.01,902.52,0.02,96.89,,,2355.284605,1776315294000
1776315297.801,297.801,0.99,6317.55,0.98,101.88,,,,,,,,,0.01,5677.5,0.02,96.89,,,2355.34213,1776315296000

# RESULT,winner=Up,slug=eth-updown-5m-1776315000,ticks=350
