timestamp,elapsed_sec,up_bid_p1,up_bid_s1,up_bid_p2,up_bid_s2,up_ask_p1,up_ask_s1,up_ask_p2,up_ask_s2,down_bid_p1,down_bid_s1,down_bid_p2,down_bid_s2,down_ask_p1,down_ask_s1,down_ask_p2,down_ask_s2,up_spread,down_spread,eth_price,eth_oracle_ts
1776300301.926,1.926,0.49,3.03,0.46,8.69,0.67,305.0,0.69,375.0,0.46,150.0,0.4,38.0,0.51,5.0,0.54,158.69,0.18,0.05,2359.512696,1776300300000
1776300302.465,2.465,0.65,0.37,0.49,3.03,0.67,300.0,0.69,375.0,0.33,305.0,0.31,375.0,0.51,3.03,0.54,8.69,0.02,0.18,2359.4436,1776300301000
1776300302.865,2.865,0.46,8.69,0.33,300.0,0.47,5.78,0.5,10.0,0.33,305.0,0.31,375.0,0.51,0.22,0.54,8.69,0.01,0.18,2359.4436,1776300301000
1776300303.243,3.243,0.46,2.91,0.32,10.0,0.47,15.0,0.48,10.0,0.5,0.3,0.33,300.0,0.54,8.69,0.67,300.0,0.01,0.04,2359.4436,1776300301000
1776300303.598,3.598,0.32,10.0,0.31,435.0,0.34,2.18,0.35,10.0,0.65,10.0,0.64,10.0,0.69,385.0,0.7,10.0,0.02,0.04,2359.275725,1776300302000
1776300305.397,5.397,0.34,10.0,0.33,10.0,0.37,6.21,0.38,10.0,0.66,2.18,0.65,10.0,0.68,10.0,0.69,435.0,0.03,0.02,2358.850105,1776300304000
1776300306.08,6.08,0.34,15.0,0.33,10.0,0.36,5.0,0.37,6.21,0.63,6.21,0.62,10.0,0.66,10.0,0.67,10.0,0.02,0.03,2358.850105,1776300304000
1776300306.924,6.924,0.35,5.0,0.34,25.0,0.36,6.91,0.37,11.21,0.63,6.21,0.62,10.0,0.66,20.0,0.67,10.0,0.01,0.03,2358.709578,1776300305000
1776300310.645,10.645,0.34,30.0,0.33,40.0,0.36,10.0,0.37,20.0,0.64,6.91,0.63,11.21,0.65,5.0,0.66,25.0,0.02,0.01,2358.58984,1776300309000
1776300311.664,11.664,0.31,22.96,0.3,50.0,0.32,16.0,0.33,15.0,0.64,10.0,0.63,20.0,0.66,30.0,0.67,40.0,0.01,0.02,2358.60183,1776300310000
1776300312.089,12.089,0.26,3.86,0.25,5.0,0.27,15.0,0.28,10.0,0.68,21.0,0.67,15.0,0.69,7.86,0.72,50.0,0.01,0.01,2358.60183,1776300310000
1776300313.301,13.301,0.24,105.0,0.23,185.0,0.25,11.0,0.26,15.19,0.74,15.19,0.73,15.0,0.76,20.0,0.77,150.0,0.01,0.02,2358.350013,1776300312000
1776300313.515,13.515,0.24,105.0,0.23,185.0,0.25,7.0,0.26,15.19,0.75,11.0,0.74,15.19,0.76,105.0,0.77,185.0,0.01,0.01,2358.350013,1776300312000
1776300313.799,13.799,0.24,105.68,0.23,185.0,0.25,7.0,0.26,15.19,0.75,7.0,0.74,15.19,0.76,108.68,0.77,185.0,0.01,0.01,2358.350013,1776300312000
1776300315.271,15.271,0.25,7.0,0.24,135.68,0.26,16.35,0.27,105.0,0.75,7.0,0.74,15.19,0.76,105.68,0.77,185.0,0.01,0.01,2357.738778,1776300313000
1776300315.598,15.598,0.25,132.0,0.24,175.68,0.26,1.92,0.28,10.0,0.74,16.35,0.73,105.0,0.75,7.0,0.76,135.68,0.01,0.01,2357.747159,1776300314000
1776300316.005,16.005,0.31,2.42,0.28,106.0,0.32,35.0,0.37,115.0,0.72,10.0,0.68,60.0,0.74,48.08,0.75,132.0,0.01,0.02,2357.747159,1776300314000
1776300323.922,23.922,0.35,96.0,0.34,35.0,0.36,10.0,0.37,80.0,0.68,35.0,0.63,115.0,0.69,2.42,0.72,106.0,0.01,0.01,2358.64948,1776300322000
1776300325.108,25.108,0.36,13.18,0.35,65.0,0.37,60.0,0.38,30.0,0.64,10.0,0.63,80.0,0.65,96.0,0.66,35.0,0.01,0.01,2358.654445,1776300323000
1776300325.577,25.577,0.36,7.56,0.35,65.0,0.37,15.0,0.38,30.0,0.63,60.0,0.62,30.0,0.64,13.18,0.65,65.0,0.01,0.01,2358.660925,1776300324000
1776300326.957,26.957,0.36,10.0,0.35,15.0,0.37,20.0,0.38,40.0,0.63,15.0,0.62,30.0,0.64,7.56,0.65,65.0,0.01,0.01,2358.64083,1776300325000
1776300333.153,33.153,0.34,128.0,0.33,25.0,0.35,31.28,0.36,33.86,0.63,20.0,0.62,40.0,0.65,15.0,0.66,48.0,0.01,0.02,2358.66,1776300331000
1776300333.48,33.48,0.34,101.08,0.33,25.0,0.35,36.28,0.36,33.86,0.65,31.28,0.64,33.86,0.66,128.0,0.67,25.0,0.01,0.01,2358.66,1776300331000
1776300334.536,34.536,0.34,93.0,0.33,75.0,0.35,3.8,0.36,20.0,0.65,24.28,0.64,33.86,0.66,121.08,0.67,25.0,0.01,0.01,2358.514097,1776300333000
1776300337.574,37.574,0.36,129.84,0.35,59.0,0.37,20.0,0.38,40.0,0.65,3.8,0.64,20.0,0.66,93.0,0.67,75.0,0.01,0.01,2358.619189,1776300336000
1776300338.615,38.615,0.37,1.01,0.36,159.84,0.38,30.0,0.39,35.0,0.63,20.0,0.62,40.0,0.64,129.84,0.65,59.0,0.01,0.01,2358.73399,1776300337000
1776300339.38,39.38,0.37,58.01,0.36,42.84,0.38,45.0,0.39,40.0,0.62,30.0,0.61,35.0,0.63,1.01,0.64,159.84,0.01,0.01,2358.75335,1776300338000
1776300339.685,39.685,0.37,85.04,0.36,56.84,0.38,45.0,0.39,40.0,0.62,45.0,0.61,40.0,0.63,58.01,0.64,42.84,0.01,0.01,2358.75335,1776300338000
1776300341.581,41.581,0.37,95.04,0.36,56.84,0.38,55.0,0.39,45.0,0.62,45.0,0.61,40.0,0.63,85.04,0.64,56.84,0.01,0.01,2358.815575,1776300340000
1776300347.677,47.677,0.37,89.03,0.36,56.84,0.38,40.0,0.39,40.0,0.62,55.0,0.61,45.0,0.63,95.04,0.64,56.84,0.01,0.01,2358.784855,1776300345000
1776300351.143,51.143,0.37,84.26,0.36,61.84,0.38,35.0,0.39,45.0,0.62,40.0,0.61,40.0,0.63,89.03,0.64,56.84,0.01,0.01,2358.741431,1776300349000
1776300351.935,51.935,0.37,60.49,0.36,61.84,0.38,45.0,0.39,45.0,0.62,35.0,0.61,45.0,0.63,65.26,0.64,61.84,0.01,0.01,2358.737802,1776300350000
1776300357.093,57.093,0.39,126.0,0.38,34.0,0.4,357.13,0.41,55.0,0.62,45.0,0.61,45.0,0.63,60.49,0.64,61.84,0.01,0.01,2358.727777,1776300355000
1776300357.336,57.336,0.39,20.0,0.38,15.0,0.4,346.68,0.41,60.0,0.6,346.68,0.59,55.0,0.65,9.52,0.66,45.0,0.01,0.05,2358.766058,1776300356000
1776300357.636,57.636,0.39,14.91,0.38,15.0,0.4,367.68,0.41,85.0,0.6,346.68,0.59,60.0,0.61,20.0,0.62,15.0,0.01,0.01,2358.766058,1776300356000
1776300358.012,58.012,0.39,80.91,0.38,28.0,0.4,355.18,0.41,80.0,0.6,367.68,0.59,85.0,0.61,14.91,0.62,15.0,0.01,0.01,2358.766058,1776300357000
1776300359.48,59.48,0.39,95.91,0.38,38.0,0.4,333.43,0.41,55.0,0.6,355.18,0.59,80.0,0.61,80.91,0.62,28.0,0.01,0.01,2358.978325,1776300358000
1776300359.8,59.8,0.39,95.7,0.38,68.0,0.4,279.78,0.41,55.0,0.6,301.18,0.59,55.0,0.61,85.7,0.62,68.0,0.01,0.01,2358.978325,1776300358000
1776300360.089,60.089,0.39,157.7,0.38,38.0,0.4,128.43,0.41,65.0,0.6,163.43,0.59,55.0,0.61,120.7,0.62,38.0,0.01,0.01,2359.177228,1776300359000
1776300360.334,60.334,0.39,187.7,0.38,38.0,0.4,121.33,0.41,55.0,0.6,128.43,0.59,65.0,0.61,157.7,0.62,38.0,0.01,0.01,2359.177228,1776300359000
1776300362.266,62.266,0.39,186.01,0.38,53.3,0.4,131.33,0.41,55.0,0.6,121.33,0.59,55.0,0.61,187.7,0.62,38.0,0.01,0.01,2359.233295,1776300361000
1776300364.021,64.021,0.39,186.01,0.38,53.3,0.4,85.68,0.41,55.0,0.6,131.33,0.59,55.0,0.61,186.01,0.62,53.3,0.01,0.01,2359.233295,1776300361000
1776300365.303,65.303,0.39,6.53,0.35,20.0,0.4,115.68,0.41,60.0,0.6,85.68,0.59,55.0,0.61,186.01,0.62,53.3,0.01,0.01,2359.32183,1776300364000
1776300366.826,66.826,0.34,28.13,0.33,106.3,0.35,40.0,0.36,53.0,0.6,115.68,0.59,60.0,0.65,20.0,0.66,41.0,0.01,0.05,2359.32183,1776300364000
1776300374.055,74.055,0.31,205.8,0.3,93.1,0.32,25.75,0.33,10.0,0.65,40.0,0.64,53.0,0.66,17.82,0.67,106.3,0.01,0.01,2358.818571,1776300372000
1776300374.481,74.481,0.31,116.8,0.3,93.1,0.32,18.84,0.33,10.0,0.68,20.59,0.67,10.0,0.69,176.8,0.7,93.1,0.01,0.01,2358.726,1776300373000
1776300376.709,76.709,0.31,64.0,0.3,83.1,0.32,48.84,0.33,35.0,0.68,18.84,0.67,10.0,0.69,116.8,0.7,93.1,0.01,0.01,2358.776205,1776300375000
1776300378.656,78.656,0.27,211.3,0.26,46.7,0.28,86.0,0.29,59.0,0.68,48.84,0.67,35.0,0.7,83.1,0.71,117.5,0.01,0.02,2358.776253,1776300376000
1776300386.532,86.532,0.27,307.3,0.26,51.7,0.28,20.0,0.29,20.0,0.72,86.0,0.71,59.0,0.73,211.3,0.74,46.7,0.01,0.01,2358.621301,1776300385000
1776300387.21,87.21,0.27,312.3,0.26,51.7,0.28,11.0,0.29,20.0,0.72,20.0,0.71,20.0,0.73,307.3,0.74,51.7,0.01,0.01,2358.621301,1776300385000
1776300393.53,93.53,0.28,5.0,0.27,292.3,0.3,10.0,0.31,10.0,0.72,11.0,0.71,20.0,0.73,312.3,0.74,51.7,0.02,0.01,2358.614373,1776300392000
1776300394.113,94.113,0.33,45.0,0.32,44.0,0.36,7.66,0.37,85.0,0.7,10.0,0.69,10.0,0.72,5.0,0.73,292.3,0.03,0.02,2358.614373,1776300392000
1776300394.325,94.325,0.33,15.0,0.32,15.0,0.34,42.4,0.35,15.0,0.66,25.58,0.65,10.0,0.67,25.0,0.68,15.0,0.01,0.01,2358.717217,1776300393000
1776300395.753,95.753,0.31,71.46,0.3,43.1,0.32,31.0,0.33,20.0,0.66,52.4,0.65,40.0,0.69,5.0,0.7,16.0,0.01,0.03,2358.75255,1776300394000
1776300398.881,98.881,0.31,103.26,0.3,38.1,0.32,4.0,0.33,10.0,0.68,31.0,0.67,20.0,0.69,71.46,0.7,43.1,0.01,0.01,2358.935912,1776300398000
1776300399.089,99.089,0.31,113.26,0.3,38.1,0.33,10.0,0.34,10.0,0.68,4.0,0.67,10.0,0.69,103.26,0.7,38.1,0.02,0.01,2358.935912,1776300398000
1776300402.903,102.903,0.36,18.88,0.35,20.8,0.37,155.0,0.38,45.0,0.67,10.0,0.66,10.0,0.69,113.26,0.7,38.1,0.01,0.02,2358.979998,1776300401000
1776300407.619,107.619,0.34,15.0,0.33,21.0,0.37,188.0,0.38,59.0,0.63,155.0,0.62,45.0,0.64,18.88,0.65,20.8,0.03,0.01,2358.960813,1776300406000
1776300411.158,111.158,0.28,5.0,0.27,171.3,0.34,227.0,0.35,30.0,0.65,15.0,0.64,20.0,0.67,11.85,0.68,21.5,0.06,0.02,2358.740897,1776300410000
1776300412.813,112.813,0.27,85.0,0.26,42.7,0.28,95.4,0.29,93.0,0.66,227.0,0.65,30.0,0.72,5.0,0.73,171.3,0.01,0.06,2358.760754,1776300411000
1776300413.251,113.251,0.24,244.7,0.23,120.3,0.26,10.0,0.27,15.0,0.72,95.4,0.71,93.0,0.73,85.0,0.74,42.7,0.02,0.01,2358.6361,1776300412000
1776300414.767,114.767,0.26,1.6,0.25,10.0,0.3,126.0,0.31,111.0,0.74,10.0,0.73,15.0,0.76,244.7,0.77,120.3,0.04,0.02,2358.6361,1776300412000
1776300415.819,115.819,0.24,256.0,0.23,120.3,0.25,51.8,0.26,15.0,0.75,6.0,0.74,35.0,0.76,274.7,0.77,140.3,0.01,0.01,2358.4651,1776300414000
1776300416.11,116.11,0.24,14.0,0.23,120.3,0.25,31.0,0.26,15.0,0.75,7.8,0.74,15.0,0.76,46.0,0.77,120.3,0.01,0.01,2358.650292,1776300415000
1776300418.228,118.228,0.22,20.0,0.21,10.0,0.24,181.0,0.25,135.0,0.75,31.0,0.74,15.0,0.76,14.0,0.77,120.3,0.02,0.01,2358.282292,1776300417000
1776300418.992,118.992,0.2,85.0,0.19,118.0,0.21,48.38,0.22,20.0,0.76,181.0,0.75,135.0,0.78,20.0,0.79,10.0,0.01,0.02,2358.282292,1776300417000
1776300419.459,119.459,0.2,34.05,0.19,118.0,0.21,35.0,0.22,29.0,0.79,48.38,0.78,20.0,0.8,85.0,0.81,118.0,0.01,0.01,2358.205076,1776300418000
1776300420.63,120.63,0.2,69.05,0.19,110.0,0.21,10.23,0.22,19.0,0.79,35.0,0.78,29.0,0.8,34.05,0.81,118.0,0.01,0.01,2357.927357,1776300419000
1776300420.972,120.972,0.2,10.36,0.19,133.0,0.21,35.23,0.22,19.0,0.79,10.23,0.78,19.0,0.8,69.05,0.81,110.0,0.01,0.01,2357.927357,1776300419000
1776300423.161,123.161,0.17,20.0,0.16,45.0,0.2,225.5,0.21,144.23,0.79,35.23,0.78,19.0,0.8,10.36,0.81,133.0,0.03,0.01,2358.022391,1776300421000
1776300423.883,123.883,0.16,230.31,0.15,162.0,0.18,8.77,0.19,10.0,0.8,225.5,0.79,144.23,0.83,20.0,0.84,45.0,0.02,0.03,2358.015115,1776300422000
1776300424.341,124.341,0.19,91.0,0.18,25.0,0.2,54.69,0.21,50.23,0.8,32.69,0.79,50.23,0.84,188.31,0.85,171.0,0.01,0.04,2357.993823,1776300423000
1776300424.715,124.715,0.19,84.76,0.18,25.0,0.2,76.69,0.21,60.23,0.8,46.69,0.79,55.23,0.81,86.0,0.82,25.0,0.01,0.01,2357.993823,1776300423000
1776300428.022,128.022,0.19,76.76,0.18,32.4,0.2,107.49,0.21,70.23,0.8,76.69,0.79,60.23,0.81,84.76,0.82,25.0,0.01,0.01,2357.901798,1776300426000
1776300429.318,129.318,0.18,5.0,0.17,65.5,0.2,127.49,0.21,75.23,0.8,107.49,0.79,70.23,0.81,68.76,0.82,32.4,0.02,0.01,2358.050225,1776300428000
1776300430.272,130.272,0.17,65.5,0.16,82.11,0.19,55.0,0.2,72.49,0.8,127.49,0.79,75.23,0.82,5.0,0.83,65.5,0.02,0.02,2358.050225,1776300428000
1776300430.772,130.772,0.18,17.22,0.17,65.5,0.19,75.0,0.2,77.49,0.81,55.0,0.8,72.49,0.83,65.5,0.84,82.11,0.01,0.02,2358.042195,1776300429000
1776300431.046,131.046,0.18,35.62,0.17,65.5,0.19,80.73,0.2,52.49,0.81,75.0,0.8,77.49,0.82,17.22,0.83,65.5,0.01,0.01,2357.933985,1776300430000
1776300432.556,132.556,0.18,111.62,0.17,65.5,0.19,28.0,0.2,27.49,0.81,80.73,0.8,52.49,0.82,35.62,0.83,65.5,0.01,0.01,2358.025213,1776300431000
1776300434.481,134.481,0.18,84.62,0.17,65.5,0.19,8.22,0.2,37.49,0.81,28.0,0.8,27.49,0.82,111.62,0.83,65.5,0.01,0.01,2357.923835,1776300432000
1776300436.675,136.675,0.18,61.42,0.17,65.5,0.19,18.22,0.2,37.49,0.81,8.22,0.8,37.49,0.82,84.62,0.83,65.5,0.01,0.01,2358.074479,1776300435000
1776300442.97,142.97,0.18,15.42,0.17,30.5,0.19,111.0,0.2,77.49,0.81,18.22,0.8,37.49,0.82,61.42,0.83,65.5,0.01,0.01,2358.09151,1776300441000
1776300443.303,143.303,0.15,39.32,0.14,98.9,0.16,19.0,0.17,19.0,0.81,111.0,0.8,77.49,0.82,15.42,0.83,30.5,0.01,0.01,2358.09151,1776300441000
1776300445.645,145.645,0.15,66.25,0.14,59.9,0.16,34.0,0.17,29.0,0.84,19.0,0.83,19.0,0.85,29.32,0.86,98.9,0.01,0.01,2357.988339,1776300444000
1776300446.549,146.549,0.15,77.25,0.14,59.9,0.16,18.33,0.17,34.0,0.84,34.0,0.83,29.0,0.85,66.25,0.86,59.9,0.01,0.01,2357.834298,1776300445000
1776300451.398,151.398,0.15,58.25,0.14,46.9,0.16,10.42,0.17,44.0,0.84,18.33,0.83,34.0,0.85,77.25,0.86,59.9,0.01,0.01,2357.842546,1776300450000
1776300453.278,153.278,0.15,58.25,0.14,46.9,0.16,29.17,0.17,49.0,0.84,10.42,0.83,44.0,0.85,58.25,0.86,46.9,0.01,0.01,2357.844783,1776300452000
1776300455.334,155.334,0.13,10.0,0.12,130.09,0.16,396.0,0.17,59.0,0.84,29.17,0.83,49.0,0.85,58.25,0.86,46.9,0.03,0.01,2357.84601,1776300454000
1776300455.724,155.724,0.12,92.09,0.11,25.0,0.13,241.0,0.14,29.0,0.84,396.0,0.83,59.0,0.87,10.0,0.88,130.09,0.01,0.03,2357.84601,1776300454000
1776300456.427,156.427,0.08,97.81,0.07,155.3,0.09,264.0,0.1,154.0,0.87,233.0,0.86,29.0,0.89,25.0,0.9,45.0,0.01,0.02,2357.800427,1776300455000
1776300457.086,157.086,0.08,87.81,0.07,105.3,0.09,264.0,0.1,154.0,0.91,264.0,0.9,154.0,0.92,97.81,0.93,155.3,0.01,0.01,2357.800427,1776300455000
1776300457.904,157.904,0.07,105.3,0.06,120.8,0.08,225.04,0.09,274.0,0.91,264.0,0.9,154.0,0.92,87.81,0.93,105.3,0.01,0.01,2357.645281,1776300456000
1776300459.064,159.064,0.07,110.03,0.06,109.8,0.08,225.04,0.09,274.0,0.92,225.04,0.91,274.0,0.93,105.3,0.94,120.8,0.01,0.01,2357.125531,1776300457000
1776300460.076,160.076,0.07,49.73,0.06,109.8,0.08,195.04,0.09,245.0,0.92,225.04,0.91,274.0,0.93,106.9,0.94,109.8,0.01,0.01,2357.04563,1776300458000
1776300460.3,160.3,0.07,43.73,0.06,109.8,0.08,225.04,0.09,245.0,0.92,195.04,0.91,245.0,0.93,49.73,0.94,109.8,0.01,0.01,2357.04563,1776300458000
1776300461.058,161.058,0.07,41.57,0.06,109.8,0.08,289.6,0.09,255.0,0.92,225.04,0.91,245.0,0.93,43.73,0.94,109.8,0.01,0.01,2356.896139,1776300460000
1776300462.673,162.673,0.07,8.44,0.06,109.8,0.08,289.6,0.09,255.0,0.92,284.6,0.91,255.0,0.93,38.44,0.94,109.8,0.01,0.01,2356.833459,1776300461000
1776300464.67,164.67,0.07,7.36,0.06,109.8,0.08,268.56,0.09,225.0,0.92,289.6,0.91,255.0,0.93,8.44,0.94,109.8,0.01,0.01,2356.909441,1776300463000
1776300466.325,166.325,0.06,25.0,0.05,50.0,0.07,11.64,0.08,385.55,0.92,268.56,0.91,225.0,0.93,7.36,0.94,109.8,0.01,0.01,2356.776004,1776300465000
1776300469.407,169.407,0.05,7.36,0.04,260.8,0.06,243.42,0.07,210.64,0.94,218.0,0.93,198.64,0.95,35.0,0.96,264.8,0.01,0.01,2356.520445,1776300468000
1776300469.88,169.88,0.05,4.23,0.04,260.8,0.06,243.42,0.07,210.64,0.94,243.42,0.93,210.64,0.95,7.36,0.96,260.8,0.01,0.01,2356.520445,1776300468000
1776300470.536,170.536,0.05,3.17,0.04,260.8,0.06,243.42,0.07,210.64,0.94,243.42,0.93,210.64,0.95,4.23,0.96,260.8,0.01,0.01,2356.532565,1776300469000
1776300472.067,172.067,0.05,0.04,0.04,279.8,0.06,249.32,0.07,215.64,0.94,243.42,0.93,210.64,0.95,3.17,0.96,260.8,0.01,0.01,2356.444854,1776300470000
1776300473.969,173.969,0.05,80.84,0.04,316.8,0.06,261.32,0.07,181.64,0.94,249.32,0.93,215.64,0.95,0.04,0.96,279.8,0.01,0.01,2356.501814,1776300472000
1776300476.288,176.288,0.04,316.8,0.03,609.7,0.05,5.59,0.06,253.56,0.94,261.32,0.93,181.64,0.95,80.84,0.96,316.8,0.01,0.01,2356.590813,1776300475000
1776300476.846,176.846,0.04,397.05,0.03,609.7,0.05,123.59,0.06,157.66,0.95,5.59,0.94,253.56,0.96,316.8,0.97,609.7,0.01,0.01,2356.590813,1776300475000
1776300480.554,180.554,0.04,246.63,0.03,609.7,0.05,143.59,0.06,237.34,0.95,123.59,0.94,157.66,0.96,397.05,0.97,609.7,0.01,0.01,2356.587478,1776300479000
1776300481.36,181.36,0.04,238.42,0.03,609.7,0.05,148.59,0.06,237.34,0.95,143.59,0.94,237.34,0.96,246.63,0.97,609.7,0.01,0.01,2356.587478,1776300479000
1776300488.393,188.393,0.03,558.7,0.02,1393.7,0.04,8.65,0.05,235.69,0.95,148.59,0.94,237.34,0.96,225.92,0.97,609.7,0.01,0.01,2356.62101,1776300487000
1776300488.608,188.608,0.03,564.36,0.02,1393.7,0.04,283.65,0.05,230.69,0.96,8.65,0.95,235.69,0.97,558.7,0.98,1393.7,0.01,0.01,2356.62101,1776300487000
1776300491.407,191.407,0.03,496.58,0.02,1386.7,0.04,283.65,0.05,220.69,0.96,283.65,0.95,230.69,0.97,564.36,0.98,1393.7,0.01,0.01,2356.730686,1776300490000
1776300492.517,192.517,0.03,482.62,0.02,686.7,0.04,179.65,0.05,220.69,0.96,283.65,0.95,220.69,0.97,496.58,0.98,1386.7,0.01,0.01,2356.702693,1776300491000
1776300495.113,195.113,0.03,472.62,0.02,686.7,0.04,148.65,0.05,172.1,0.96,179.65,0.95,220.69,0.97,482.62,0.98,686.7,0.01,0.01,2356.566459,1776300493000
1776300496.938,196.938,0.03,598.62,0.02,993.7,0.04,90.65,0.05,145.0,0.96,148.65,0.95,172.1,0.97,472.62,0.98,686.7,0.01,0.01,2356.669269,1776300496000
1776300498.111,198.111,0.04,98.28,0.03,552.62,0.05,65.0,0.06,110.0,0.96,90.65,0.95,145.0,0.97,598.62,0.98,993.7,0.01,0.01,2356.71412,1776300497000
1776300499.088,199.088,0.04,326.28,0.03,563.62,0.05,1.0,0.06,60.0,0.95,65.0,0.94,110.0,0.96,98.28,0.97,552.62,0.01,0.01,2356.71412,1776300497000
1776300499.603,199.603,0.05,201.8,0.04,215.28,0.06,15.0,0.07,40.0,0.95,1.0,0.94,60.0,0.96,326.28,0.97,563.62,0.01,0.01,2356.908801,1776300498000
1776300499.907,199.907,0.06,7.0,0.05,191.58,0.07,40.0,0.08,50.0,0.94,15.0,0.93,40.0,0.95,181.58,0.96,215.28,0.01,0.01,2356.908801,1776300498000
1776300505.16,205.16,0.06,181.73,0.05,172.58,0.07,62.58,0.08,25.0,0.93,40.0,0.92,50.0,0.94,7.0,0.95,191.58,0.01,0.01,2357.438587,1776300504000
1776300509.477,209.477,0.06,169.47,0.05,166.58,0.07,62.58,0.08,50.0,0.93,62.58,0.92,25.0,0.94,181.73,0.95,172.58,0.01,0.01,2357.52304,1776300508000
1776300510.176,210.176,0.06,141.77,0.05,166.58,0.07,62.58,0.08,50.0,0.93,62.58,0.92,50.0,0.94,169.47,0.95,166.58,0.01,0.01,2357.52304,1776300508000
1776300511.094,211.094,0.06,121.77,0.05,166.58,0.07,67.58,0.08,45.0,0.93,62.58,0.92,50.0,0.94,141.77,0.95,166.58,0.01,0.01,2357.534465,1776300510000
1776300511.354,211.354,0.06,120.77,0.05,166.58,0.07,67.58,0.08,45.0,0.93,67.58,0.92,45.0,0.94,121.77,0.95,166.58,0.01,0.01,2357.534465,1776300510000
1776300511.881,211.881,0.06,76.62,0.05,166.58,0.07,45.0,0.08,45.0,0.93,67.58,0.92,45.0,0.94,120.77,0.95,166.58,0.01,0.01,2357.534465,1776300510000
1776300513.964,213.964,0.06,77.83,0.05,166.58,0.07,55.0,0.08,55.0,0.93,45.0,0.92,45.0,0.94,76.62,0.95,166.58,0.01,0.01,2357.531875,1776300512000
1776300515.806,215.806,0.06,61.83,0.05,100.0,0.07,30.71,0.08,30.0,0.93,55.0,0.92,55.0,0.94,77.83,0.95,166.58,0.01,0.01,2357.5766,1776300514000
1776300517.577,217.577,0.06,61.83,0.05,100.0,0.07,57.58,0.08,51.0,0.93,30.71,0.92,30.0,0.94,61.83,0.95,100.0,0.01,0.01,2357.601135,1776300516000
1776300520.246,220.246,0.06,44.83,0.05,100.0,0.07,48.29,0.08,51.0,0.93,57.58,0.92,51.0,0.94,61.83,0.95,100.0,0.01,0.01,2357.60137,1776300519000
1776300530.704,230.704,0.07,206.51,0.06,145.8,0.08,46.0,0.09,36.0,0.93,48.29,0.92,51.0,0.94,44.83,0.95,100.0,0.01,0.01,2357.810029,1776300529000
1776300538.218,238.218,0.05,20.0,0.03,197.7,0.06,19.79,0.08,73.82,0.92,46.0,0.91,36.0,0.93,206.51,0.94,145.8,0.01,0.01,2358.053262,1776300536000
1776300538.944,238.944,0.05,9.37,0.03,179.7,0.06,77.79,0.07,141.3,0.94,19.79,0.92,73.82,0.95,19.9,0.97,197.7,0.01,0.01,2358.046174,1776300537000
1776300540.572,240.572,0.05,4.37,0.03,179.7,0.06,123.79,0.07,151.3,0.94,77.79,0.93,141.3,0.95,9.37,0.97,179.7,0.01,0.01,2357.643896,1776300539000
1776300540.97,240.97,0.03,56.0,0.02,478.28,0.06,145.79,0.07,141.3,0.94,123.79,0.93,151.3,0.95,4.37,0.97,179.7,0.03,0.01,2357.643896,1776300539000
1776300541.682,241.682,0.03,40.93,0.02,1378.28,0.04,20.0,0.05,49.0,0.94,145.79,0.93,141.3,0.97,45.69,0.98,478.28,0.01,0.03,2357.594941,1776300540000
1776300542.272,242.272,0.03,72.74,0.02,1378.28,0.04,20.0,0.05,54.0,0.96,20.0,0.95,49.0,0.97,40.93,0.98,1378.28,0.01,0.01,2357.602535,1776300541000
1776300544.565,244.565,0.03,138.74,0.02,1623.28,0.04,42.0,0.05,60.0,0.96,20.0,0.95,54.0,0.97,72.74,0.98,1378.28,0.01,0.01,2357.497443,1776300543000
1776300546.135,246.135,0.03,59.66,0.02,1623.28,0.04,37.0,0.05,60.0,0.96,42.0,0.95,60.0,0.97,138.74,0.98,1623.28,0.01,0.01,2357.523374,1776300544000
1776300547.89,247.89,0.02,904.28,0.01,7406.24,0.04,80.0,0.05,32.0,0.96,37.0,0.95,60.0,0.97,59.66,0.98,1623.28,0.02,0.01,2357.489756,1776300546000
1776300548.356,248.356,0.02,959.72,0.01,7506.24,0.03,41.0,0.04,80.0,0.96,80.0,0.95,32.0,0.98,904.28,0.99,7406.24,0.01,0.02,2357.492701,1776300547000
1776300548.644,248.644,0.02,981.05,0.01,7506.24,0.04,51.71,0.05,32.0,0.97,36.0,0.96,80.0,0.98,976.05,0.99,7506.24,0.02,0.01,2357.492701,1776300547000
1776300549.274,249.274,0.02,930.03,0.01,7506.24,0.04,37.0,0.05,27.0,0.96,51.71,0.95,32.0,0.98,981.05,0.99,7506.24,0.02,0.02,2357.442657,1776300548000
1776300550.716,250.716,0.02,269.66,0.01,8078.24,0.03,15.0,0.04,37.0,0.97,11.0,0.96,42.0,0.98,782.92,0.99,7506.24,0.01,0.01,2357.539808,1776300549000
1776300552.26,252.26,0.02,329.7,0.01,8078.24,0.03,15.0,0.04,44.0,0.97,15.0,0.96,37.0,0.98,269.66,0.99,8078.24,0.01,0.01,2357.63302,1776300551000
1776300552.468,252.468,0.02,327.65,0.01,8078.24,0.03,15.0,0.04,44.0,0.97,15.0,0.96,44.0,0.98,329.7,0.99,8078.24,0.01,0.01,2357.63302,1776300551000
1776300553.962,253.962,0.03,33.0,0.02,486.35,0.04,15.0,0.05,34.0,0.97,15.0,0.96,44.0,0.98,322.65,0.99,8078.24,0.01,0.01,2357.65902,1776300552000
1776300554.308,254.308,0.03,67.0,0.02,237.35,0.06,83.79,0.07,44.38,0.96,15.0,0.95,34.0,0.97,33.0,0.98,486.35,0.03,0.01,2357.65902,1776300552000
1776300556.001,256.001,0.03,41.41,0.02,237.35,0.04,15.0,0.05,39.0,0.94,83.79,0.93,44.38,0.97,67.0,0.98,237.35,0.01,0.03,2357.69919,1776300554000
1776300556.585,256.585,0.02,229.76,0.01,7506.24,0.04,35.0,0.05,39.0,0.96,15.0,0.95,39.0,0.97,41.41,0.98,237.35,0.02,0.01,2357.81802,1776300555000
1776300557.156,257.156,0.02,225.39,0.01,7506.24,0.04,30.0,0.05,39.0,0.96,35.0,0.95,44.0,0.98,226.72,0.99,7506.24,0.02,0.02,2357.81802,1776300555000
1776300557.394,257.394,0.02,220.39,0.01,7506.24,0.05,44.0,0.06,64.79,0.96,30.0,0.95,39.0,0.98,225.39,0.99,7506.24,0.03,0.02,2357.761443,1776300556000
1776300558.147,258.147,0.03,167.7,0.02,220.39,0.05,5.0,0.06,58.79,0.95,44.0,0.94,64.79,0.98,220.39,0.99,7506.24,0.02,0.03,2357.761443,1776300556000
1776300558.413,258.413,0.04,63.59,0.03,167.7,0.05,10.0,0.06,53.79,0.95,10.0,0.94,53.79,0.96,28.0,0.97,167.7,0.01,0.01,2357.763058,1776300557000
1776300559.542,259.542,0.04,380.64,0.03,294.7,0.06,14.79,0.07,15.38,0.95,10.0,0.94,53.79,0.96,63.59,0.97,167.7,0.02,0.01,2357.848494,1776300558000
1776300559.816,259.816,0.04,345.64,0.03,294.7,0.06,14.79,0.07,15.38,0.94,14.79,0.93,15.38,0.96,380.64,0.97,294.7,0.02,0.02,2357.848494,1776300558000
1776300560.674,260.674,0.06,7.21,0.05,167.8,0.07,15.38,0.08,38.0,0.94,14.79,0.93,15.38,0.96,345.64,0.97,294.7,0.01,0.02,2357.89839,1776300559000
1776300561.595,261.595,0.06,7.21,0.05,162.8,0.07,6.09,0.08,43.0,0.93,15.38,0.92,38.0,0.94,7.21,0.95,167.8,0.01,0.01,2357.966105,1776300560000
1776300562.659,262.659,0.06,20.0,0.05,5.0,0.07,1.09,0.08,48.0,0.93,1.09,0.92,43.0,0.97,56.6,0.98,208.69,0.01,0.04,2358.179389,1776300561000
1776300563.699,263.699,0.06,70.33,0.04,10.0,0.1,12.0,0.11,45.0,0.93,1.09,0.92,48.0,0.94,20.0,0.96,10.0,0.04,0.01,2358.179441,1776300562000
1776300565.011,265.011,0.07,10.0,0.06,164.16,0.11,40.0,0.12,10.0,0.9,12.0,0.89,45.0,0.94,70.33,0.96,10.0,0.04,0.04,2358.227475,1776300564000
1776300565.439,265.439,0.09,17.0,0.08,40.0,0.11,4.84,0.12,10.0,0.89,39.09,0.88,18.07,0.91,17.0,0.92,40.0,0.02,0.02,2358.227475,1776300564000
1776300565.855,265.855,0.09,43.81,0.08,27.0,0.12,10.0,0.13,21.0,0.88,10.0,0.87,21.0,0.89,42.96,0.91,30.16,0.03,0.01,2358.227475,1776300564000
1776300566.405,266.405,0.1,9.88,0.09,43.81,0.11,10.0,0.12,169.06,0.88,156.06,0.87,21.0,0.9,10.0,0.91,55.81,0.01,0.02,2358.294275,1776300565000
1776300566.792,266.792,0.1,13.88,0.09,43.81,0.11,10.0,0.12,169.06,0.89,10.0,0.88,169.06,0.9,9.88,0.91,43.81,0.01,0.01,2358.294275,1776300565000
1776300567.536,267.536,0.1,48.92,0.09,9.89,0.12,16.59,0.13,20.0,0.89,10.0,0.88,169.06,0.9,13.88,0.91,43.81,0.02,0.01,2358.400649,1776300566000
1776300567.85,267.85,0.11,16.77,0.1,43.92,0.12,21.59,0.13,28.0,0.88,16.59,0.87,20.0,0.9,48.92,0.91,9.89,0.01,0.02,2358.400649,1776300566000
1776300568.358,268.358,0.11,11.77,0.1,28.76,0.12,18.43,0.13,20.0,0.88,21.59,0.87,28.0,0.89,16.77,0.9,43.92,0.01,0.01,2358.400649,1776300566000
1776300568.681,268.681,0.11,11.77,0.1,10.0,0.12,20.12,0.13,25.0,0.88,18.43,0.87,20.0,0.89,11.77,0.9,28.76,0.01,0.01,2358.50498,1776300567000
1776300570.765,270.765,0.11,17.87,0.1,10.0,0.12,28.12,0.13,30.0,0.88,20.12,0.87,25.0,0.89,11.77,0.9,10.0,0.01,0.01,2358.590515,1776300569000
1776300571.782,271.782,0.11,34.22,0.1,10.0,0.12,27.12,0.13,25.0,0.88,17.12,0.87,30.0,0.89,17.87,0.9,10.0,0.01,0.01,2358.600775,1776300570000
1776300572.209,272.209,0.11,19.08,0.1,10.0,0.12,27.12,0.13,25.0,0.88,27.12,0.87,25.0,0.89,34.22,0.9,10.0,0.01,0.01,2358.600775,1776300570000
1776300573.2,273.2,0.11,39.08,0.1,35.0,0.13,51.02,0.14,20.0,0.88,27.12,0.87,25.0,0.89,19.08,0.9,10.0,0.02,0.01,2358.61825,1776300572000
1776300573.575,273.575,0.11,89.08,0.1,35.0,0.16,260.85,0.17,25.0,0.84,265.23,0.83,25.0,0.89,89.08,0.9,35.0,0.05,0.05,2358.61825,1776300572000
1776300574.127,274.127,0.11,12.67,0.1,10.0,0.13,19.59,0.14,10.0,0.84,260.75,0.83,20.0,0.89,84.08,0.9,35.0,0.02,0.05,2358.61825,1776300572000
1776300574.843,274.843,0.07,10.0,0.06,80.0,0.1,92.07,0.11,102.0,0.88,59.0,0.87,21.0,0.91,27.02,0.92,10.0,0.03,0.03,2358.633018,1776300573000
1776300575.385,275.385,0.09,15.0,0.08,23.0,0.1,30.07,0.11,48.0,0.9,87.07,0.89,97.0,0.93,4.2,0.94,80.0,0.01,0.03,2358.747918,1776300574000
1776300575.984,275.984,0.09,5.0,0.08,10.0,0.11,78.07,0.12,67.0,0.89,48.0,0.88,37.0,0.91,10.0,0.92,23.0,0.02,0.02,2358.747918,1776300574000
1776300576.928,276.928,0.08,2.0,0.07,10.0,0.09,134.07,0.1,25.0,0.89,78.07,0.88,67.0,0.91,5.0,0.92,10.0,0.01,0.02,2358.6526,1776300575000
1776300577.256,277.256,0.06,24.56,0.05,10.0,0.07,43.0,0.08,25.0,0.93,28.0,0.92,15.0,0.94,29.9,0.95,10.0,0.01,0.01,2358.561127,1776300576000
1776300577.528,277.528,0.04,34.64,0.03,10.0,0.06,30.44,0.07,48.0,0.94,30.44,0.93,48.0,0.95,10.0,0.96,35.0,0.02,0.01,2358.561127,1776300576000
1776300578.079,278.079,0.05,28.94,0.04,34.89,0.06,10.0,0.07,48.0,0.94,10.44,0.93,48.0,0.96,34.64,0.97,10.0,0.01,0.02,2358.561127,1776300576000
1776300579.535,279.535,0.05,8.94,0.04,39.89,0.06,15.0,0.07,82.07,0.94,10.0,0.93,48.0,0.95,28.94,0.96,34.89,0.01,0.01,2358.575358,1776300577000
1776300580.648,280.648,0.05,1.22,0.04,9.64,0.06,80.07,0.07,69.07,0.94,15.0,0.93,82.07,0.95,8.94,0.96,39.89,0.01,0.01,2358.371638,1776300579000
1776300583.975,283.975,0.03,0.86,0.02,19.99,0.05,346.24,0.06,81.0,0.94,59.0,0.93,69.07,0.97,0.86,0.98,19.99,0.02,0.03,2358.35118,1776300582000
1776300585.121,285.121,0.02,19.99,0.01,7174.64,0.03,20.97,0.04,291.0,0.95,346.24,0.94,81.0,0.97,0.86,0.98,19.99,0.01,0.02,2358.290619,1776300583000
1776300585.57,285.57,0.02,50.49,0.01,7176.64,0.03,50.97,0.04,291.0,0.97,20.97,0.96,291.0,0.98,19.99,0.99,7174.64,0.01,0.01,2358.293029,1776300584000
1776300586.423,286.423,0.02,1.38,0.01,7076.64,0.03,50.97,0.04,305.24,0.97,50.97,0.96,303.24,0.98,8.46,0.99,7176.64,0.01,0.01,2358.280827,1776300585000
1776300588.225,288.225,0.01,2067.9,,,0.03,300.97,0.04,102.24,0.97,50.97,0.96,305.24,0.98,1.38,0.99,7076.64,0.02,0.01,2358.307934,1776300586000
1776300588.572,288.572,0.02,6.87,0.01,2072.9,0.03,314.21,0.04,86.0,0.97,300.97,0.96,102.24,0.99,2067.9,,,0.01,0.02,2358.297943,1776300587000
1776300588.813,288.813,0.01,1981.71,,,0.03,319.21,0.04,86.0,0.97,314.21,0.96,86.0,0.98,14.82,0.99,2067.9,0.02,0.01,2358.297943,1776300587000
1776300590.633,290.633,0.01,1986.71,,,0.02,15.0,0.03,104.21,0.97,319.21,0.96,86.0,0.99,1981.71,,,0.01,0.02,2358.249378,1776300589000
1776300591.027,291.027,0.01,1981.65,,,0.02,260.0,0.03,119.96,0.98,15.0,0.97,104.21,0.99,1986.71,,,0.01,0.01,2358.249378,1776300589000
1776300591.434,291.434,0.01,1981.65,,,0.03,15.97,0.04,64.0,0.98,260.0,0.97,119.96,0.99,1981.65,,,0.02,0.01,2358.326421,1776300590000
1776300592.009,292.009,0.01,2021.19,,,0.03,2.97,0.04,10.0,0.97,2.97,0.96,324.75,0.98,10.0,0.99,1986.65,0.02,0.01,2358.326421,1776300590000
1776300592.498,292.498,0.02,10.0,0.01,1961.09,0.04,14.99,0.05,292.75,0.95,281.99,0.94,78.0,0.99,2011.09,,,0.02,0.04,2358.32792,1776300591000
1776300593.634,293.634,0.01,1796.09,,,0.02,490.0,0.03,10.0,0.96,14.99,0.95,292.75,0.98,10.0,0.99,1961.09,0.01,0.02,2358.299338,1776300592000
1776300594.23,294.23,0.01,1800.07,,,0.02,500.0,0.03,10.0,0.98,490.0,0.97,10.0,0.99,1796.09,,,0.01,0.01,2358.664423,1776300593000
1776300595.34,295.34,0.01,1754.66,,,0.02,500.0,0.03,10.0,0.98,500.0,0.97,10.0,0.99,1800.07,,,0.01,0.01,2358.80917,1776300594000
1776300596.402,296.402,0.01,1719.64,,,0.02,500.0,0.03,339.99,0.98,500.0,0.97,10.0,0.99,1754.66,,,0.01,0.01,2358.770676,1776300595000
1776300596.674,296.674,0.01,1716.53,,,0.02,500.0,0.03,339.99,0.98,500.0,0.97,339.99,0.99,1718.53,,,0.01,0.01,2358.770676,1776300595000
1776300596.931,296.931,0.01,2145.47,,,0.02,589.0,0.03,265.75,0.98,649.0,0.97,265.75,0.99,2145.47,,,0.01,0.01,2358.770676,1776300595000
1776300597.201,297.201,0.01,2092.42,,,0.02,589.0,0.03,271.75,0.98,589.0,0.97,271.75,0.99,2139.45,,,0.01,0.01,2358.830413,1776300596000
1776300597.421,297.421,0.01,2080.0,,,0.02,582.0,0.03,11.0,0.98,582.0,0.97,11.0,0.99,2076.11,,,0.01,0.01,2358.830413,1776300596000
1776300597.662,297.662,0.01,1318.86,,,0.02,582.0,0.03,11.0,0.98,582.0,0.97,11.0,0.99,1622.96,,,0.01,0.01,2358.830413,1776300596000
1776300597.874,297.874,0.01,1085.6,,,0.02,587.0,0.03,21.0,0.98,587.0,0.97,21.0,0.99,1103.6,,,0.01,0.01,2358.830413,1776300596000
1776300598.104,298.104,0.01,1017.81,,,0.02,587.0,0.03,21.0,0.98,587.0,0.97,21.0,0.99,1067.81,,,0.01,0.01,2358.88659,1776300597000
1776300598.306,298.306,0.01,278.23,,,0.02,592.0,0.03,26.0,0.98,592.0,0.97,26.0,0.99,283.23,,,0.01,0.01,2358.88659,1776300597000
1776300598.83,298.83,0.01,1306.86,,,0.02,460.0,0.03,21.0,0.99,104.64,0.98,592.0,,,,,0.01,,2358.88659,1776300597000
1776300599.166,299.166,0.01,1275.63,,,0.02,605.83,0.03,37.0,0.98,589.83,0.97,21.0,0.99,1295.86,,,0.01,0.01,2358.88659,1776300597000

# RESULT,winner=Down,slug=eth-updown-5m-1776300300,ticks=208
