timestamp,elapsed_sec,up_bid_p1,up_bid_s1,up_bid_p2,up_bid_s2,up_ask_p1,up_ask_s1,up_ask_p2,up_ask_s2,down_bid_p1,down_bid_s1,down_bid_p2,down_bid_s2,down_ask_p1,down_ask_s1,down_ask_p2,down_ask_s2,up_spread,down_spread,eth_price,eth_oracle_ts
1776261900.706,0.706,0.48,5.0,0.46,5.0,0.56,5.0,0.6,38.0,0.5,5.0,0.44,5.0,0.52,5.0,0.54,5.0,0.08,0.02,2325.120006,1776261899000
1776261901.062,1.062,0.48,5.0,0.46,5.0,0.56,5.0,0.6,38.0,0.44,5.0,0.4,38.0,0.52,5.0,0.54,5.0,0.08,0.08,2325.085075,1776261900000
1776261902.604,2.604,0.49,108.03,0.48,141.0,0.51,105.0,0.52,114.0,0.44,5.0,0.4,38.0,0.52,5.0,0.54,5.0,0.02,0.08,2324.932815,1776261901000
1776261902.91,2.91,0.49,90.16,0.48,120.0,0.52,19.0,0.53,17.0,0.49,98.55,0.48,114.0,0.51,113.03,0.52,141.0,0.03,0.02,2324.932815,1776261901000
1776261903.115,3.115,0.5,1.0,0.49,10.1,0.51,104.27,0.52,145.0,0.49,99.27,0.48,145.0,0.51,5.1,0.52,25.0,0.01,0.02,2324.932815,1776261901000
1776261904.49,4.49,0.49,5.1,0.48,15.0,0.5,141.0,0.51,176.27,0.49,104.27,0.48,145.0,0.5,1.0,0.51,10.1,0.01,0.01,2325.064877,1776261903000
1776261905.324,5.324,0.49,0.1,0.48,70.0,0.5,105.0,0.51,120.27,0.5,141.0,0.49,176.27,0.51,0.1,0.52,15.0,0.01,0.01,2325.044642,1776261904000
1776261905.639,5.639,0.49,5.1,0.48,175.0,0.51,36.1,0.52,33.0,0.5,95.0,0.49,120.27,0.51,5.1,0.52,70.0,0.02,0.01,2325.044642,1776261904000
1776261906.221,6.221,0.5,70.0,0.49,165.1,0.51,50.1,0.52,73.0,0.49,36.1,0.48,33.0,0.51,5.1,0.52,175.0,0.01,0.02,2324.930394,1776261905000
1776261906.631,6.631,0.5,70.0,0.49,191.1,0.52,70.69,0.53,68.0,0.49,50.1,0.48,73.0,0.5,70.0,0.51,165.1,0.02,0.01,2324.930394,1776261905000
1776261907.475,7.475,0.52,15.0,0.51,25.69,0.53,55.0,0.54,88.0,0.48,70.69,0.47,68.0,0.5,70.0,0.51,191.1,0.01,0.02,2324.962639,1776261906000
1776261908.07,8.07,0.51,48.87,0.5,178.69,0.53,55.0,0.54,88.0,0.47,55.0,0.46,88.0,0.48,15.0,0.49,25.69,0.02,0.01,2324.962639,1776261906000
1776261908.569,8.569,0.52,20.0,0.51,53.87,0.53,16.14,0.54,103.0,0.47,21.69,0.46,93.0,0.48,15.0,0.49,43.87,0.01,0.01,2325.066381,1776261907000
1776261909.478,9.478,0.52,10.0,0.51,150.0,0.53,32.14,0.54,103.0,0.47,16.14,0.46,103.0,0.48,15.0,0.49,58.87,0.01,0.01,2325.17262,1776261908000
1776261909.964,9.964,0.52,20.0,0.51,160.0,0.54,86.71,0.55,113.0,0.47,11.14,0.46,103.0,0.48,10.0,0.49,150.0,0.02,0.01,2325.17262,1776261908000
1776261910.307,10.307,0.53,8.5,0.52,40.5,0.54,96.71,0.55,100.0,0.46,86.71,0.45,113.0,0.48,20.0,0.49,160.0,0.01,0.02,2325.17262,1776261908000
1776261911.529,11.529,0.53,73.5,0.52,221.5,0.54,55.21,0.55,88.5,0.46,96.71,0.45,100.0,0.47,8.5,0.48,40.5,0.01,0.01,2325.25297,1776261910000
1776261912.09,12.09,0.53,403.0,0.52,305.5,0.54,15.0,0.56,5.0,0.46,55.21,0.45,88.5,0.47,73.5,0.48,221.5,0.01,0.01,2325.200475,1776261911000
1776261912.41,12.41,0.59,6.86,0.58,150.0,0.6,15.5,0.61,55.0,0.41,1.61,0.4,15.5,0.42,10.0,0.43,10.0,0.01,0.01,2325.200475,1776261911000
1776261913.895,13.895,0.58,5.0,0.57,10.0,0.59,40.0,0.6,55.5,0.4,11.25,0.39,60.0,0.41,112.56,0.42,150.0,0.01,0.01,2325.185394,1776261912000
1776261914.411,14.411,0.56,51.0,0.55,201.5,0.57,40.55,0.58,90.5,0.41,40.0,0.4,55.5,0.42,5.0,0.43,10.0,0.01,0.01,2325.918209,1776261913000
1776261914.822,14.822,0.56,100.0,0.55,185.5,0.57,79.05,0.58,85.5,0.43,40.55,0.42,90.5,0.44,51.0,0.45,201.5,0.01,0.01,2325.918209,1776261913000
1776261916.378,16.378,0.56,130.5,0.55,180.5,0.58,113.5,0.59,179.5,0.43,27.05,0.42,116.5,0.44,100.0,0.45,180.5,0.02,0.01,2325.71408,1776261915000
1776261917.765,17.765,0.57,70.0,0.56,115.5,0.58,128.0,0.59,179.5,0.42,113.5,0.41,179.5,0.44,130.5,0.45,180.5,0.01,0.02,2325.582144,1776261916000
1776261919.532,19.532,0.55,65.0,0.54,90.5,0.56,59.64,0.57,146.5,0.42,128.0,0.41,179.5,0.43,70.0,0.44,115.5,0.01,0.01,2325.644413,1776261918000
1776261920.913,20.913,0.57,70.0,0.56,95.5,0.58,77.39,0.59,165.85,0.44,59.64,0.43,146.5,0.45,65.0,0.46,90.5,0.01,0.01,2325.574209,1776261919000
1776261921.693,21.693,0.57,10.0,0.56,80.0,0.58,118.5,0.59,210.85,0.42,77.39,0.41,165.85,0.43,70.0,0.44,95.5,0.01,0.01,2325.571154,1776261920000
1776261922.4,22.4,0.57,10.0,0.56,80.0,0.58,82.5,0.59,168.85,0.42,118.5,0.41,210.85,0.43,10.0,0.44,80.0,0.01,0.01,2325.560337,1776261921000
1776261923.036,23.036,0.56,45.0,0.55,65.0,0.57,94.5,0.58,129.5,0.42,82.5,0.41,168.85,0.43,10.0,0.44,80.0,0.01,0.01,2325.560337,1776261921000
1776261924.569,24.569,0.53,105.5,0.52,225.5,0.55,83.0,0.56,113.0,0.43,89.5,0.42,129.5,0.45,65.0,0.46,75.5,0.02,0.02,2325.572815,1776261923000
1776261925.069,25.069,0.54,90.0,0.53,95.5,0.55,88.0,0.56,133.5,0.45,83.0,0.44,113.0,0.47,105.5,0.48,225.5,0.01,0.02,2325.572815,1776261923000
1776261926.119,26.119,0.54,113.83,0.53,220.5,0.55,5.0,0.56,28.0,0.45,88.0,0.44,133.5,0.46,90.0,0.47,95.5,0.01,0.01,2325.469046,1776261924000
1776261926.49,26.49,0.54,103.83,0.53,220.5,0.55,5.0,0.56,78.0,0.45,5.0,0.44,28.0,0.46,113.83,0.47,220.5,0.01,0.01,2325.469046,1776261924000
1776261928.217,28.217,0.56,56.0,0.55,132.5,0.57,81.62,0.58,119.5,0.45,5.0,0.44,78.0,0.46,103.83,0.47,220.5,0.01,0.01,2325.352261,1776261927000
1776261929.094,29.094,0.56,62.0,0.55,137.5,0.57,82.86,0.58,109.5,0.43,81.62,0.42,119.5,0.44,56.0,0.45,132.5,0.01,0.01,2325.352261,1776261927000
1776261929.793,29.793,0.56,82.0,0.55,137.5,0.57,44.86,0.58,99.5,0.43,82.86,0.42,109.5,0.44,62.0,0.45,137.5,0.01,0.01,2325.468005,1776261928000
1776261930.272,30.272,0.56,77.0,0.55,137.5,0.57,27.56,0.58,99.5,0.43,44.86,0.42,99.5,0.44,82.0,0.45,137.5,0.01,0.01,2325.468005,1776261929000
1776261931.425,31.425,0.57,147.5,0.56,136.42,0.59,133.35,0.6,149.5,0.43,27.56,0.42,99.5,0.44,77.0,0.45,137.5,0.02,0.01,2325.51737,1776261930000
1776261931.807,31.807,0.58,261.5,0.57,266.8,0.59,65.35,0.6,25.0,0.41,133.35,0.4,149.5,0.43,147.5,0.44,136.42,0.01,0.02,2325.51737,1776261930000
1776261932.341,32.341,0.58,335.58,0.57,266.19,0.59,2.2,0.6,20.0,0.41,53.92,0.4,25.0,0.42,249.6,0.43,266.8,0.01,0.01,2325.580332,1776261931000
1776261932.699,32.699,0.58,422.58,0.57,320.19,0.61,50.0,0.63,15.0,0.41,2.2,0.4,20.0,0.42,335.58,0.43,266.19,0.03,0.01,2325.580332,1776261931000
1776261933.086,33.086,0.64,8.33,0.63,191.5,0.65,35.0,0.66,70.5,0.36,38.49,0.35,90.0,0.37,125.5,0.38,177.5,0.01,0.01,2325.580332,1776261931000
1776261933.303,33.303,0.64,18.33,0.63,222.5,0.65,82.73,0.66,99.5,0.35,35.0,0.34,70.5,0.36,8.33,0.37,191.5,0.01,0.01,2325.580332,1776261931000
1776261933.503,33.503,0.64,18.33,0.63,222.5,0.65,52.34,0.66,99.5,0.35,82.73,0.34,99.5,0.36,18.33,0.37,222.5,0.01,0.01,2325.580332,1776261931000
1776261933.757,33.757,0.64,18.33,0.63,20.0,0.65,108.34,0.66,166.5,0.35,52.34,0.34,99.5,0.36,18.33,0.37,222.5,0.01,0.01,2325.64925,1776261932000
1776261933.988,33.988,0.64,0.33,0.63,70.0,0.65,112.14,0.66,166.5,0.35,103.34,0.34,166.5,0.36,0.33,0.37,70.0,0.01,0.01,2325.64925,1776261932000
1776261934.242,34.242,0.63,58.96,0.62,100.5,0.65,136.14,0.66,166.5,0.35,112.14,0.34,166.5,0.36,0.33,0.37,70.0,0.02,0.01,2325.64925,1776261932000
1776261934.859,34.859,0.63,8.96,0.62,85.0,0.64,93.93,0.65,121.14,0.35,136.14,0.34,166.5,0.37,58.96,0.38,100.5,0.01,0.02,2325.990364,1776261933000
1776261935.125,35.125,0.63,8.96,0.62,75.0,0.64,103.93,0.65,121.14,0.36,93.93,0.35,121.14,0.37,8.96,0.38,85.0,0.01,0.01,2325.990364,1776261933000
1776261935.361,35.361,0.63,0.84,0.62,75.0,0.64,100.5,0.65,121.14,0.36,100.5,0.35,121.14,0.37,3.55,0.38,80.0,0.01,0.01,2326.24548,1776261934000
1776261936.068,36.068,0.63,118.34,0.62,95.5,0.65,130.98,0.66,166.5,0.36,100.5,0.35,121.14,0.37,0.84,0.38,75.0,0.02,0.01,2326.24548,1776261934000
1776261936.987,36.987,0.66,35.5,0.65,212.5,0.67,53.5,0.68,85.0,0.35,125.28,0.34,166.5,0.36,20.0,0.37,108.34,0.01,0.01,2326.184684,1776261935000
1776261937.239,37.239,0.66,87.5,0.65,187.5,0.68,73.5,0.69,150.5,0.32,83.5,0.31,125.5,0.34,87.5,0.35,187.5,0.02,0.02,2326.184684,1776261935000
1776261937.757,37.757,0.67,126.06,0.66,128.5,0.68,10.0,0.69,160.5,0.32,73.5,0.31,150.5,0.34,87.5,0.35,187.5,0.01,0.02,2326.182082,1776261936000
1776261937.969,37.969,0.67,137.06,0.66,128.5,0.68,4.92,0.69,160.5,0.32,10.0,0.31,160.5,0.33,126.06,0.34,128.5,0.01,0.01,2326.182082,1776261936000
1776261938.39,38.39,0.68,10.0,0.67,108.06,0.69,158.93,0.7,142.0,0.32,4.92,0.31,160.5,0.33,137.06,0.34,128.5,0.01,0.01,2326.176487,1776261937000
1776261938.604,38.604,0.68,20.0,0.67,88.06,0.69,157.33,0.7,142.0,0.31,158.93,0.3,142.0,0.32,10.0,0.33,108.06,0.01,0.01,2326.176487,1776261937000
1776261939.048,39.048,0.68,211.5,0.67,232.86,0.69,1.58,0.71,161.5,0.31,157.33,0.3,142.0,0.32,15.0,0.33,88.06,0.01,0.01,2326.176487,1776261937000
1776261939.462,39.462,0.7,77.0,0.69,10.0,0.71,155.93,0.72,166.5,0.29,161.5,0.28,166.5,0.32,211.5,0.33,232.86,0.01,0.03,2326.410585,1776261938000
1776261940.483,40.483,0.7,62.0,0.69,85.5,0.71,68.34,0.72,161.5,0.29,173.84,0.28,161.5,0.3,57.0,0.31,60.0,0.01,0.01,2326.637229,1776261939000
1776261941.555,41.555,0.71,22.55,0.7,132.5,0.72,70.0,0.73,131.5,0.29,56.8,0.28,161.5,0.3,132.0,0.31,85.5,0.01,0.01,2326.721719,1776261940000
1776261941.791,41.791,0.71,194.24,0.7,238.5,0.72,60.0,0.73,5.0,0.28,65.25,0.27,65.0,0.29,65.1,0.3,132.5,0.01,0.01,2326.721719,1776261940000
1776261942.02,42.02,0.71,278.24,0.7,238.5,0.73,5.0,0.74,31.0,0.28,60.0,0.27,5.0,0.29,194.24,0.3,238.5,0.02,0.01,2326.79593,1776261941000
1776261943.816,43.816,0.73,191.5,0.72,122.5,0.74,14.0,0.75,62.0,0.26,26.0,0.25,92.5,0.28,15.0,0.29,283.24,0.01,0.02,2326.870258,1776261942000
1776261944.541,44.541,0.73,4.0,0.72,10.0,0.74,181.5,0.75,147.5,0.26,14.0,0.25,62.0,0.27,191.5,0.28,122.5,0.01,0.01,2327.008877,1776261943000
1776261945.037,45.037,0.71,1.0,0.7,75.0,0.72,125.73,0.73,126.5,0.26,189.5,0.25,155.5,0.29,11.0,0.3,75.0,0.01,0.03,2327.008877,1776261943000
1776261945.545,45.545,0.7,20.0,0.69,35.0,0.71,172.86,0.72,178.73,0.28,196.73,0.27,143.5,0.3,72.3,0.31,95.5,0.01,0.02,2327.242296,1776261944000
1776261946.962,46.962,0.69,20.0,0.68,95.0,0.7,128.35,0.71,176.5,0.29,167.43,0.28,178.73,0.3,3.33,0.31,85.0,0.01,0.01,2327.224656,1776261945000
1776261948.345,48.345,0.64,50.0,0.63,125.5,0.66,4.16,0.67,130.57,0.3,74.5,0.29,176.5,0.31,10.0,0.32,95.0,0.02,0.01,2326.755225,1776261947000
1776261948.916,48.916,0.64,40.0,0.63,115.0,0.65,136.38,0.66,122.66,0.34,4.16,0.33,130.57,0.36,50.0,0.37,125.5,0.01,0.02,2326.755225,1776261947000
1776261949.118,49.118,0.64,30.0,0.63,115.0,0.65,164.38,0.66,140.66,0.35,136.38,0.34,122.66,0.36,40.0,0.37,115.0,0.01,0.01,2326.755225,1776261947000
1776261950.544,50.544,0.64,30.0,0.63,105.0,0.65,200.88,0.66,150.66,0.35,164.38,0.34,140.66,0.36,30.0,0.37,115.0,0.01,0.01,2326.156421,1776261949000
1776261951.361,51.361,0.64,40.0,0.63,125.5,0.65,185.76,0.66,156.5,0.35,200.88,0.34,150.66,0.36,30.0,0.37,105.0,0.01,0.01,2326.156421,1776261949000
1776261951.644,51.644,0.64,105.5,0.63,125.5,0.65,86.23,0.66,146.0,0.35,185.76,0.34,156.5,0.36,40.0,0.37,125.5,0.01,0.01,2326.063632,1776261950000
1776261952.337,52.337,0.64,47.81,0.63,125.5,0.65,161.23,0.66,146.0,0.35,86.23,0.34,146.0,0.36,105.5,0.37,125.5,0.01,0.01,2326.063632,1776261950000
1776261954.382,54.382,0.65,25.5,0.64,376.92,0.66,24.0,0.67,35.0,0.35,161.23,0.34,146.0,0.36,47.81,0.37,125.5,0.01,0.01,2326.064638,1776261953000
1776261954.869,54.869,0.69,83.8,0.68,165.0,0.7,25.0,0.72,10.0,0.3,90.0,0.28,30.4,0.35,256.5,0.36,436.31,0.01,0.05,2326.064638,1776261953000
1776261955.254,55.254,0.69,93.8,0.68,175.0,0.7,2.77,0.72,10.0,0.3,12.77,0.28,10.0,0.31,93.8,0.32,170.0,0.01,0.01,2326.064638,1776261953000
1776261955.816,55.816,0.71,14.0,0.7,16.0,0.73,80.0,0.74,49.0,0.28,10.0,0.27,25.0,0.31,90.5,0.32,200.0,0.02,0.03,2326.140885,1776261954000
1776261956.442,56.442,0.71,5.0,0.7,62.5,0.72,98.14,0.73,99.5,0.27,80.0,0.26,49.0,0.29,14.0,0.3,16.0,0.01,0.02,2326.140885,1776261954000
1776261956.874,56.874,0.71,21.0,0.7,47.0,0.72,165.14,0.73,120.5,0.28,98.14,0.27,99.5,0.29,5.0,0.3,62.5,0.01,0.01,2326.618462,1776261955000
1776261958.988,58.988,0.71,25.0,0.7,91.5,0.72,137.14,0.73,140.5,0.28,180.64,0.27,120.5,0.3,47.0,0.31,116.0,0.01,0.02,2326.862167,1776261957000
1776261959.693,59.693,0.71,13.1,0.7,31.0,0.72,183.64,0.73,140.5,0.28,137.14,0.27,140.5,0.29,18.1,0.3,91.5,0.01,0.01,2326.700828,1776261958000
1776261960.322,60.322,0.71,8.1,0.7,26.0,0.72,172.08,0.73,165.5,0.28,183.64,0.27,140.5,0.29,13.1,0.3,31.0,0.01,0.01,2326.777083,1776261959000
1776261961.441,61.441,0.68,10.0,0.67,20.0,0.69,164.05,0.7,132.5,0.28,150.41,0.27,165.5,0.29,8.1,0.3,31.0,0.01,0.01,2326.730112,1776261960000
1776261962.218,62.218,0.66,70.0,0.65,145.5,0.67,43.0,0.68,50.0,0.31,216.7,0.3,132.5,0.32,10.0,0.33,20.0,0.01,0.01,2326.659981,1776261961000
1776261962.58,62.58,0.68,60.0,0.67,20.0,0.69,19.85,0.7,91.0,0.33,43.0,0.32,50.0,0.34,70.0,0.35,145.5,0.01,0.01,2326.659981,1776261961000
1776261963.481,63.481,0.69,25.0,0.68,25.0,0.7,155.07,0.71,198.64,0.31,19.85,0.3,91.0,0.32,60.0,0.33,20.0,0.01,0.01,2326.510962,1776261962000
1776261963.843,63.843,0.69,10.0,0.68,20.0,0.7,150.78,0.71,226.14,0.3,155.07,0.29,198.64,0.31,25.0,0.32,25.0,0.01,0.01,2326.510962,1776261962000
1776261964.337,64.337,0.65,20.0,0.64,105.0,0.66,202.5,0.67,111.5,0.31,112.35,0.3,131.78,0.33,15.0,0.34,75.5,0.01,0.02,2326.33055,1776261963000
1776261964.871,64.871,0.62,60.0,0.61,215.0,0.63,217.0,0.64,55.5,0.35,35.58,0.34,339.5,0.36,80.0,0.37,75.0,0.01,0.01,2326.33055,1776261963000
1776261965.233,65.233,0.6,8.0,0.59,65.0,0.62,72.0,0.63,177.63,0.37,217.0,0.36,55.5,0.38,60.0,0.39,215.0,0.02,0.01,2326.441228,1776261964000
1776261965.557,65.557,0.59,60.95,0.58,50.0,0.61,59.5,0.62,35.0,0.39,10.0,0.38,35.0,0.41,60.95,0.42,50.0,0.02,0.02,2326.441228,1776261964000
1776261965.783,65.783,0.59,10.95,0.58,50.0,0.6,4.46,0.61,74.5,0.4,7.8,0.39,59.5,0.41,60.95,0.42,50.0,0.01,0.01,2326.441228,1776261964000
1776261966.053,66.053,0.59,0.95,0.57,165.0,0.6,114.16,0.61,74.5,0.4,4.46,0.39,74.5,0.41,10.95,0.42,50.0,0.01,0.01,2326.441228,1776261964000
1776261966.307,66.307,0.54,153.1,0.53,190.0,0.58,10.0,0.59,10.0,0.42,110.0,0.41,10.0,0.43,46.0,0.44,60.0,0.04,0.01,2326.10251,1776261965000
1776261966.923,66.923,0.53,94.25,0.52,183.84,0.55,0.23,0.56,10.0,0.46,6.35,0.45,10.0,0.47,102.75,0.48,183.84,0.02,0.01,2326.10251,1776261965000
1776261967.235,67.235,0.53,80.25,0.52,183.84,0.55,4.5,0.56,10.0,0.46,10.0,0.45,0.23,0.47,60.25,0.48,183.84,0.02,0.01,2326.10251,1776261965000
1776261967.671,67.671,0.54,66.39,0.53,155.25,0.55,0.23,0.56,30.0,0.45,2.68,0.44,10.0,0.46,10.39,0.47,75.25,0.01,0.01,2325.382381,1776261966000
1776261968.725,68.725,0.52,33.0,0.51,110.0,0.54,25.5,0.55,398.73,0.45,0.23,0.44,30.0,0.46,66.39,0.47,155.25,0.02,0.01,2325.263933,1776261967000
1776261969.018,69.018,0.49,116.78,0.48,60.0,0.51,90.5,0.52,55.5,0.47,60.5,0.46,135.5,0.5,30.47,0.51,121.31,0.02,0.03,2325.2377,1776261968000
1776261969.501,69.501,0.48,50.15,0.47,50.0,0.5,203.4,0.51,147.5,0.5,13.4,0.49,97.5,0.51,121.31,0.52,60.0,0.02,0.01,2325.2377,1776261968000
1776261969.718,69.718,0.45,200.0,0.44,18.89,0.47,10.0,0.48,10.0,0.51,100.0,0.5,103.0,0.54,52.0,0.55,200.0,0.02,0.03,2325.2377,1776261968000
1776261970.274,70.274,0.42,27.89,0.41,80.0,0.46,133.0,0.47,27.0,0.53,10.0,0.52,10.0,0.55,200.0,0.56,18.89,0.04,0.02,2325.155604,1776261969000
1776261970.665,70.665,0.41,98.45,0.4,160.0,0.42,28.0,0.43,15.0,0.57,10.0,0.56,17.0,0.59,90.0,0.6,160.0,0.01,0.02,2325.155604,1776261969000
1776261971.0,71.0,0.41,110.45,0.4,160.0,0.43,10.0,0.44,10.0,0.58,7.52,0.57,15.0,0.59,108.45,0.6,160.0,0.02,0.01,2325.155604,1776261969000
1776261972.265,72.265,0.44,183.64,0.43,171.5,0.45,15.0,0.46,25.0,0.57,17.06,0.56,15.0,0.58,15.0,0.59,105.45,0.01,0.01,2324.660334,1776261970000
1776261972.988,72.988,0.45,120.01,0.44,315.94,0.47,10.0,0.48,10.0,0.55,15.0,0.54,25.0,0.56,183.64,0.57,171.5,0.02,0.01,2324.235002,1776261972000
1776261973.233,73.233,0.47,78.36,0.46,139.5,0.49,81.0,0.5,15.0,0.53,10.0,0.52,10.0,0.55,120.01,0.56,315.94,0.02,0.02,2324.235002,1776261972000
1776261973.619,73.619,0.48,122.5,0.47,103.36,0.5,25.0,0.51,135.0,0.51,81.0,0.5,15.0,0.53,78.36,0.54,139.5,0.02,0.02,2324.235002,1776261972000
1776261973.925,73.925,0.49,5.52,0.48,95.5,0.5,43.0,0.51,145.0,0.5,38.0,0.49,145.0,0.51,15.0,0.52,95.5,0.01,0.01,2324.235002,1776261972000
1776261974.676,74.676,0.47,5.0,0.46,110.5,0.48,15.09,0.49,43.0,0.5,43.0,0.49,145.0,0.51,5.52,0.52,95.5,0.01,0.01,2324.467789,1776261973000
1776261975.729,75.729,0.46,135.5,0.45,175.55,0.47,83.0,0.48,85.09,0.52,15.09,0.51,43.0,0.53,5.0,0.54,110.5,0.01,0.01,2324.896012,1776261974000
1776261975.952,75.952,0.46,60.5,0.45,190.55,0.47,48.0,0.48,80.09,0.53,83.0,0.52,85.09,0.54,135.5,0.55,175.55,0.01,0.01,2324.854619,1776261975000
1776261976.457,76.457,0.45,201.05,0.44,151.98,0.46,51.45,0.47,125.5,0.53,38.0,0.52,20.0,0.54,69.5,0.55,190.55,0.01,0.01,2324.854619,1776261975000
1776261976.758,76.758,0.45,110.43,0.44,138.48,0.46,123.5,0.47,138.5,0.54,69.95,0.53,130.5,0.55,136.05,0.56,138.48,0.01,0.01,2324.854619,1776261975000
1776261977.259,77.259,0.45,83.39,0.44,138.48,0.46,175.5,0.47,128.5,0.54,123.5,0.53,138.5,0.55,110.43,0.56,138.48,0.01,0.01,2324.729136,1776261976000
1776261977.682,77.682,0.44,62.48,0.43,30.0,0.46,255.5,0.47,153.5,0.54,175.5,0.53,128.5,0.55,83.39,0.56,138.48,0.02,0.01,2324.729136,1776261976000
1776261977.883,77.883,0.44,24.72,0.43,30.0,0.45,90.5,0.46,131.5,0.55,30.5,0.54,149.5,0.56,45.72,0.57,30.0,0.01,0.01,2324.729136,1776261976000
1776261978.467,78.467,0.44,7.23,0.43,220.5,0.46,65.0,0.47,55.0,0.55,55.0,0.54,101.5,0.57,35.0,0.58,85.5,0.02,0.02,2324.624594,1776261977000
1776261978.747,78.747,0.43,261.5,0.42,248.5,0.44,6.66,0.45,10.0,0.54,65.0,0.53,55.0,0.56,7.23,0.57,220.5,0.01,0.02,2324.624594,1776261977000
1776261980.621,80.621,0.43,10.0,0.42,150.0,0.44,152.16,0.45,95.5,0.56,6.66,0.55,10.0,0.57,261.5,0.58,248.5,0.01,0.01,2324.33454,1776261979000
1776261981.55,81.55,0.42,57.55,0.41,201.13,0.43,55.0,0.44,132.5,0.55,10.98,0.54,118.5,0.58,130.0,0.59,297.95,0.01,0.03,2324.386775,1776261980000
1776261982.158,82.158,0.42,30.98,0.41,201.13,0.43,95.0,0.44,132.5,0.57,79.0,0.56,132.5,0.58,30.98,0.59,201.13,0.01,0.01,2324.36,1776261981000
1776261982.864,82.864,0.41,183.63,0.4,200.5,0.43,17.3,0.44,78.4,0.57,95.0,0.56,132.5,0.58,30.98,0.59,201.13,0.02,0.01,2324.218286,1776261982000
1776261983.969,83.969,0.46,113.5,0.45,245.5,0.47,35.0,0.48,34.4,0.57,17.3,0.56,90.4,0.58,121.05,0.59,183.63,0.01,0.01,2324.218286,1776261982000
1776261984.428,84.428,0.47,180.5,0.46,224.5,0.48,15.0,0.49,44.4,0.53,35.0,0.52,34.4,0.54,113.5,0.55,245.5,0.01,0.01,2324.218286,1776261982000
1776261985.062,85.062,0.46,70.0,0.45,70.5,0.48,101.0,0.49,140.9,0.52,15.0,0.51,44.4,0.53,180.5,0.54,224.5,0.02,0.01,2324.088315,1776261983000
1776261985.471,85.471,0.46,59.53,0.45,55.0,0.47,119.5,0.48,130.9,0.52,101.0,0.51,140.9,0.54,70.0,0.55,70.5,0.01,0.02,2324.088411,1776261984000
1776261986.158,86.158,0.45,13.0,0.44,190.0,0.46,111.0,0.47,109.5,0.53,119.5,0.52,130.9,0.54,59.53,0.55,55.0,0.01,0.01,2324.088411,1776261984000
1776261988.244,88.244,0.47,244.5,0.46,252.5,0.48,33.74,0.49,55.0,0.54,111.0,0.53,109.5,0.55,13.0,0.56,190.0,0.01,0.01,2324.45919,1776261986000
1776261988.49,88.49,0.47,239.5,0.46,257.5,0.48,33.74,0.49,55.0,0.52,33.74,0.51,55.0,0.53,244.5,0.54,252.5,0.01,0.01,2324.401864,1776261987000
1776261989.383,89.383,0.47,244.5,0.46,257.5,0.48,33.74,0.49,40.0,0.52,33.74,0.51,55.0,0.53,239.5,0.54,257.5,0.01,0.01,2324.401864,1776261987000
1776261990.303,90.303,0.47,254.81,0.46,257.5,0.48,5.0,0.49,40.0,0.52,28.74,0.51,40.0,0.53,239.65,0.54,257.5,0.01,0.01,2324.565645,1776261988000
1776261990.758,90.758,0.47,241.57,0.46,257.5,0.48,5.0,0.49,40.0,0.52,5.0,0.51,40.0,0.53,250.97,0.54,257.5,0.01,0.01,2324.629716,1776261989000
1776261991.052,91.052,0.47,295.57,0.46,345.5,0.48,5.0,0.49,40.0,0.52,5.0,0.51,40.0,0.53,241.57,0.54,257.5,0.01,0.01,2324.629716,1776261989000
1776261991.256,91.256,0.5,70.84,0.49,230.53,0.51,170.0,0.52,44.8,0.5,10.0,0.49,170.0,0.51,210.53,0.52,161.5,0.01,0.01,2324.759247,1776261990000
1776261991.805,91.805,0.51,221.09,0.5,225.54,0.52,30.4,0.53,250.0,0.48,44.8,0.47,245.0,0.5,248.54,0.51,224.52,0.01,0.02,2324.759247,1776261990000
1776261992.135,92.135,0.51,275.27,0.5,290.53,0.52,35.4,0.53,250.0,0.48,30.4,0.47,250.0,0.49,221.09,0.5,225.54,0.01,0.01,2324.759247,1776261990000
1776261992.447,92.447,0.51,372.26,0.5,258.23,0.53,245.0,0.54,80.0,0.48,35.4,0.47,250.0,0.49,275.27,0.5,290.53,0.02,0.01,2324.759247,1776261990000
1776261994.223,94.223,0.55,20.5,0.54,80.5,0.57,24.4,0.58,125.0,0.47,245.0,0.46,80.0,0.49,372.26,0.5,258.23,0.02,0.02,2325.081287,1776261992000
1776261994.743,94.743,0.55,4.31,0.54,75.5,0.57,5.0,0.58,70.0,0.43,24.4,0.42,125.0,0.45,20.5,0.46,80.5,0.02,0.02,2325.38145,1776261993000
1776261995.28,95.28,0.57,10.0,0.56,30.5,0.58,20.0,0.59,94.4,0.43,5.0,0.42,70.0,0.45,4.31,0.46,75.5,0.01,0.02,2325.38145,1776261993000
1776261995.604,95.604,0.57,10.0,0.56,20.0,0.58,35.34,0.59,114.9,0.42,20.0,0.41,94.4,0.43,10.0,0.44,30.5,0.01,0.01,2325.736365,1776261994000
1776261996.111,96.111,0.56,5.0,0.55,20.0,0.57,10.0,0.58,45.84,0.42,35.34,0.41,114.9,0.43,10.0,0.44,20.0,0.01,0.01,2325.736365,1776261994000
1776261998.185,98.185,0.53,70.5,0.52,75.5,0.55,117.0,0.56,140.4,0.43,10.0,0.42,45.84,0.44,5.0,0.45,20.0,0.02,0.01,2325.489507,1776261996000
1776262000.959,100.959,0.51,160.5,0.5,237.84,0.52,5.0,0.53,20.0,0.45,117.0,0.44,140.4,0.47,70.5,0.48,75.5,0.01,0.02,2325.194475,1776261999000
1776262001.868,101.868,0.53,102.5,0.52,92.5,0.54,10.0,0.55,69.4,0.48,5.0,0.47,20.0,0.49,160.5,0.5,237.84,0.01,0.01,2325.05765,1776262000000
1776262003.062,103.062,0.56,20.5,0.55,121.5,0.57,13.12,0.58,125.0,0.46,10.0,0.45,69.4,0.47,102.5,0.48,92.5,0.01,0.01,2325.05765,1776262001000
1776262004.418,104.418,0.57,132.5,0.56,300.19,0.59,109.4,0.6,195.0,0.43,13.12,0.42,125.0,0.44,20.5,0.45,121.5,0.02,0.01,2325.302843,1776262003000
1776262005.17,105.17,0.58,116.5,0.57,148.5,0.59,20.0,0.6,209.4,0.41,109.4,0.4,195.0,0.43,132.5,0.44,300.19,0.01,0.02,2325.323055,1776262004000
1776262006.25,106.25,0.58,121.5,0.57,148.5,0.6,209.4,0.61,140.0,0.41,20.0,0.4,209.4,0.42,116.5,0.43,148.5,0.02,0.01,2325.66566,1776262005000
1776262008.512,108.512,0.6,289.99,0.59,292.97,0.62,249.4,0.63,60.0,0.4,209.4,0.39,140.0,0.42,121.5,0.43,148.5,0.02,0.02,2325.851595,1776262007000
1776262010.275,110.275,0.61,35.43,0.6,78.5,0.62,15.0,0.63,84.4,0.38,249.4,0.37,60.0,0.4,289.99,0.41,292.97,0.01,0.02,2325.938649,1776262008000
1776262011.196,111.196,0.61,118.5,0.6,105.5,0.62,29.38,0.63,136.4,0.38,20.0,0.37,84.4,0.39,20.0,0.4,115.5,0.01,0.01,2325.981412,1776262009000
1776262011.442,111.442,0.61,123.5,0.6,105.5,0.62,60.62,0.63,141.4,0.38,29.38,0.37,136.4,0.39,118.5,0.4,105.5,0.01,0.01,2325.981412,1776262009000
1776262011.949,111.949,0.61,113.5,0.6,115.5,0.62,48.49,0.63,161.4,0.38,60.62,0.37,141.4,0.39,123.5,0.4,105.5,0.01,0.01,2326.126665,1776262010000
1776262012.366,112.366,0.61,30.0,0.6,40.0,0.62,76.5,0.63,147.5,0.38,48.49,0.37,161.4,0.39,113.5,0.4,115.5,0.01,0.01,2326.043657,1776262011000
1776262014.888,114.888,0.62,144.5,0.61,173.49,0.64,274.89,0.65,100.0,0.38,76.5,0.37,147.5,0.39,30.0,0.4,40.0,0.02,0.01,2325.9472,1776262013000
1776262015.847,115.847,0.63,92.39,0.62,201.49,0.64,265.49,0.65,114.4,0.36,274.89,0.35,100.0,0.38,144.5,0.39,173.49,0.01,0.02,2325.89746,1776262014000
1776262016.624,116.624,0.63,144.68,0.62,236.49,0.64,120.49,0.65,105.71,0.36,265.49,0.35,114.4,0.37,92.39,0.38,201.49,0.01,0.01,2326.033455,1776262015000
1776262017.381,117.381,0.63,144.23,0.62,177.19,0.64,20.49,0.65,120.11,0.36,120.49,0.35,105.71,0.37,144.68,0.38,236.49,0.01,0.01,2326.052638,1776262016000
1776262017.641,117.641,0.63,187.42,0.62,177.19,0.64,4.24,0.65,120.11,0.36,20.49,0.35,120.11,0.37,144.23,0.38,177.19,0.01,0.01,2326.052638,1776262016000
1776262017.88,117.88,0.63,187.42,0.62,177.19,0.65,114.4,0.66,365.0,0.36,4.24,0.35,120.11,0.37,187.42,0.38,177.19,0.02,0.01,2326.052638,1776262016000
1776262018.791,118.791,0.64,33.72,0.63,171.73,0.65,65.0,0.66,369.4,0.35,114.4,0.34,365.0,0.37,187.42,0.38,177.19,0.01,0.02,2326.107641,1776262017000
1776262019.506,119.506,0.64,10.0,0.63,22.93,0.65,85.5,0.66,389.9,0.35,65.0,0.34,369.4,0.36,33.72,0.37,171.73,0.01,0.01,2326.14358,1776262018000
1776262019.872,119.872,0.64,10.0,0.63,22.93,0.65,70.11,0.66,389.9,0.35,85.5,0.34,389.9,0.36,10.0,0.37,22.93,0.01,0.01,2326.14358,1776262018000
1776262021.735,121.735,0.64,5.0,0.63,10.0,0.65,166.11,0.66,471.9,0.35,70.11,0.34,389.9,0.36,10.0,0.37,22.93,0.01,0.01,2326.157656,1776262020000
1776262022.858,122.858,0.63,9.86,0.62,15.0,0.64,168.93,0.65,160.51,0.35,166.11,0.34,471.9,0.37,9.86,0.38,15.0,0.01,0.02,2325.990037,1776262021000
1776262023.703,123.703,0.63,165.36,0.62,111.5,0.64,5.0,0.65,34.4,0.36,168.93,0.35,160.51,0.37,9.86,0.38,15.0,0.01,0.01,2325.887664,1776262022000
1776262024.461,124.461,0.65,40.0,0.64,85.5,0.66,329.4,0.67,110.0,0.35,20.0,0.34,370.0,0.37,168.29,0.38,111.5,0.01,0.02,2325.874054,1776262023000
1776262024.775,124.775,0.65,50.0,0.64,85.5,0.66,341.82,0.67,120.0,0.34,329.4,0.33,110.0,0.35,40.0,0.36,85.5,0.01,0.01,2325.874054,1776262023000
1776262025.441,125.441,0.65,16.0,0.64,15.0,0.66,318.92,0.67,171.5,0.34,321.82,0.33,120.0,0.35,50.0,0.36,85.5,0.01,0.01,2325.874054,1776262023000
1776262025.979,125.979,0.64,10.0,0.63,17.79,0.66,415.92,0.67,185.9,0.34,318.92,0.33,185.9,0.35,9.0,0.36,15.0,0.02,0.01,2325.923128,1776262024000
1776262026.417,126.417,0.64,5.0,0.63,17.93,0.65,142.5,0.66,373.92,0.34,415.92,0.33,185.9,0.36,10.0,0.37,17.79,0.01,0.02,2325.923128,1776262024000
1776262026.743,126.743,0.63,22.93,0.62,15.0,0.65,75.0,0.66,318.92,0.35,142.5,0.34,373.92,0.36,5.0,0.37,17.93,0.02,0.01,2326.172305,1776262025000
1776262027.487,127.487,0.63,22.93,0.62,10.0,0.64,113.43,0.65,124.9,0.35,75.0,0.34,318.92,0.37,22.93,0.38,15.0,0.01,0.02,2326.083915,1776262026000
1776262028.865,128.865,0.63,12.93,0.62,15.0,0.64,158.93,0.65,140.9,0.36,113.43,0.35,124.9,0.37,22.93,0.38,10.0,0.01,0.01,2325.838856,1776262027000
1776262030.246,130.246,0.62,6.69,0.61,40.0,0.64,254.93,0.65,130.5,0.36,158.93,0.35,140.9,0.37,12.93,0.38,15.0,0.02,0.01,2325.8228,1776262029000
1776262031.813,131.813,0.61,30.0,0.6,123.0,0.62,190.43,0.63,150.9,0.36,254.93,0.35,130.5,0.38,6.69,0.39,40.0,0.01,0.02,2325.683692,1776262030000
1776262032.875,132.875,0.6,98.0,0.59,15.0,0.61,231.69,0.62,187.13,0.38,190.43,0.37,150.9,0.39,30.0,0.4,123.0,0.01,0.01,2325.6177,1776262031000
1776262033.394,133.394,0.6,43.0,0.59,23.47,0.61,274.61,0.62,187.13,0.39,231.69,0.38,187.13,0.4,98.0,0.41,15.0,0.01,0.01,2325.6177,1776262032000
1776262034.609,134.609,0.59,23.47,0.58,85.0,0.61,461.61,0.62,232.13,0.39,274.61,0.38,187.13,0.4,43.0,0.41,23.47,0.02,0.01,2325.466505,1776262033000
1776262036.966,136.966,0.51,50.5,0.5,100.5,0.52,115.24,0.53,118.0,0.39,461.61,0.38,232.13,0.42,85.0,0.43,75.0,0.01,0.03,2325.325292,1776262035000
1776262037.643,137.643,0.51,152.5,0.5,154.8,0.53,25.0,0.54,24.4,0.48,115.24,0.47,118.0,0.49,50.5,0.5,100.5,0.02,0.01,2325.325292,1776262035000
1776262038.343,138.343,0.52,9.8,0.51,10.0,0.53,20.0,0.54,32.58,0.46,7.08,0.44,55.0,0.47,26.5,0.48,26.5,0.01,0.01,2324.89245,1776262037000
1776262039.07,139.07,0.51,3.08,0.5,36.0,0.52,125.5,0.53,95.5,0.47,15.0,0.46,37.58,0.49,10.0,0.5,50.5,0.01,0.02,2324.89245,1776262037000
1776262039.83,139.83,0.49,150.5,0.48,255.5,0.5,83.0,0.51,84.4,0.48,130.5,0.47,95.5,0.51,160.5,0.52,255.5,0.01,0.03,2324.89245,1776262037000
1776262041.929,141.929,0.48,16.9,0.47,135.0,0.49,25.5,0.5,458.5,0.5,83.0,0.49,84.4,0.51,150.5,0.52,255.5,0.01,0.01,2324.911395,1776262040000
1776262042.185,142.185,0.48,7.81,0.47,140.0,0.49,172.5,0.5,429.32,0.51,25.5,0.5,458.5,0.52,16.9,0.53,135.0,0.01,0.01,2324.911395,1776262040000
1776262042.599,142.599,0.46,187.48,0.45,105.0,0.48,202.5,0.49,195.9,0.51,182.5,0.5,429.32,0.53,140.0,0.54,226.67,0.02,0.02,2324.911395,1776262040000
1776262043.228,143.228,0.43,36.47,0.42,125.0,0.44,105.1,0.45,143.93,0.53,115.36,0.52,106.5,0.56,50.0,0.57,85.0,0.01,0.03,2324.820047,1776262041000
1776262043.575,143.575,0.42,89.0,0.41,181.13,0.44,46.56,0.45,203.93,0.56,144.1,0.55,214.93,0.57,9.47,0.58,125.0,0.02,0.01,2324.779786,1776262042000
1776262043.962,143.962,0.42,80.01,0.41,236.13,0.43,65.0,0.44,57.06,0.57,29.2,0.56,72.06,0.58,64.0,0.59,186.13,0.01,0.01,2324.779786,1776262042000
1776262044.222,144.222,0.42,10.0,0.41,76.13,0.43,129.72,0.44,57.06,0.57,65.0,0.56,57.06,0.58,45.03,0.59,76.13,0.01,0.01,2324.512021,1776262043000
1776262044.763,144.763,0.42,1.37,0.41,76.13,0.43,179.72,0.44,62.06,0.57,129.72,0.56,57.06,0.58,10.0,0.59,76.13,0.01,0.01,2324.512021,1776262043000
1776262045.327,145.327,0.4,230.0,0.39,280.0,0.43,193.94,0.44,51.56,0.57,139.72,0.56,62.06,0.58,49.64,0.59,76.13,0.03,0.01,2324.512021,1776262043000
1776262045.778,145.778,0.4,49.38,0.39,290.5,0.41,60.0,0.42,71.0,0.57,193.94,0.56,51.56,0.6,230.0,0.61,280.0,0.01,0.03,2324.0537,1776262044000
1776262046.533,146.533,0.39,185.0,0.38,170.0,0.41,28.72,0.42,34.4,0.59,78.72,0.58,71.0,0.61,290.5,0.62,175.5,0.02,0.02,2324.040599,1776262045000
1776262046.814,146.814,0.4,22.93,0.39,50.0,0.41,165.18,0.42,155.4,0.58,28.58,0.57,25.5,0.6,55.0,0.61,175.0,0.01,0.02,2324.040599,1776262045000
1776262047.098,147.098,0.37,200.0,0.36,50.0,0.41,465.84,0.42,106.0,0.59,281.18,0.58,96.0,0.6,4.83,0.62,110.0,0.04,0.01,2324.038897,1776262046000
1776262047.975,147.975,0.34,48.39,0.33,135.55,0.35,21.0,0.36,21.0,0.59,465.84,0.58,106.0,0.63,200.0,0.64,50.0,0.01,0.04,2324.038897,1776262046000
1776262048.333,148.333,0.34,23.39,0.33,85.55,0.35,74.28,0.36,171.08,0.65,21.0,0.64,21.0,0.66,48.39,0.67,135.55,0.01,0.01,2324.038897,1776262046000
1776262048.592,148.592,0.33,88.49,0.32,105.0,0.34,45.6,0.35,35.4,0.65,82.56,0.64,171.08,0.67,85.55,0.68,155.0,0.01,0.02,2324.087707,1776262047000
1776262049.427,149.427,0.33,9.77,0.32,115.5,0.34,171.6,0.35,158.4,0.66,45.6,0.65,35.4,0.67,88.49,0.68,105.0,0.01,0.01,2323.699816,1776262048000
1776262050.152,150.152,0.31,25.0,0.3,125.0,0.32,176.28,0.33,135.4,0.66,171.6,0.65,158.4,0.67,9.77,0.68,115.5,0.01,0.01,2323.699816,1776262048000
1776262051.183,151.183,0.3,140.0,0.29,15.5,0.31,173.24,0.32,107.0,0.68,176.28,0.67,135.4,0.69,25.0,0.7,125.0,0.01,0.01,2323.558411,1776262049000
1776262051.534,151.534,0.29,31.5,0.28,60.0,0.31,188.24,0.32,107.0,0.69,173.24,0.68,107.0,0.7,140.0,0.71,15.5,0.02,0.01,2323.549516,1776262050000
1776262051.752,151.752,0.29,9.09,0.28,65.0,0.3,99.0,0.31,94.24,0.69,188.24,0.68,107.0,0.71,31.5,0.72,60.0,0.01,0.02,2323.549516,1776262050000
1776262052.263,152.263,0.28,99.11,0.27,60.0,0.29,58.91,0.3,74.4,0.71,8.91,0.7,104.0,0.72,65.0,0.73,60.0,0.01,0.01,2323.354704,1776262051000
1776262052.654,152.654,0.28,103.47,0.27,70.0,0.29,18.91,0.3,24.4,0.71,53.91,0.7,29.4,0.72,78.97,0.73,60.0,0.01,0.01,2323.354704,1776262051000
1776262052.9,152.9,0.28,88.4,0.27,85.0,0.31,20.0,0.32,20.0,0.7,24.4,0.69,20.0,0.72,98.4,0.73,60.0,0.03,0.02,2323.354704,1776262051000
1776262053.519,153.519,0.31,60.5,0.3,31.5,0.32,26.75,0.33,85.0,0.68,18.0,0.67,75.0,0.7,26.5,0.72,78.4,0.01,0.02,2323.354704,1776262051000
1776262054.138,154.138,0.31,10.5,0.3,20.5,0.32,181.75,0.33,85.0,0.68,26.75,0.67,85.0,0.69,60.5,0.7,31.5,0.01,0.01,2323.242656,1776262052000
1776262054.407,154.407,0.31,4.42,0.3,85.5,0.32,90.58,0.33,101.3,0.68,51.0,0.67,100.0,0.69,4.42,0.7,75.5,0.01,0.01,2323.242656,1776262052000
1776262054.628,154.628,0.31,79.68,0.3,80.5,0.32,10.0,0.33,90.0,0.68,90.58,0.67,101.3,0.69,4.42,0.7,85.5,0.01,0.01,2323.32572,1776262053000
1776262055.3,155.3,0.33,81.5,0.32,157.5,0.34,24.6,0.35,15.0,0.68,10.0,0.67,90.0,0.69,79.68,0.7,80.5,0.01,0.01,2323.32572,1776262053000
1776262055.571,155.571,0.33,126.12,0.32,147.5,0.34,14.6,0.35,70.0,0.66,24.6,0.65,15.0,0.67,81.5,0.68,157.5,0.01,0.01,2323.382815,1776262054000
1776262057.392,157.392,0.32,19.5,0.31,34.42,0.33,41.0,0.34,64.18,0.66,4.18,0.65,65.0,0.67,131.12,0.68,147.5,0.01,0.01,2323.392936,1776262055000
1776262058.48,158.48,0.32,23.58,0.31,118.42,0.33,126.47,0.34,90.18,0.67,83.0,0.66,69.18,0.68,4.32,0.69,33.42,0.01,0.01,2323.781132,1776262056000
1776262059.002,159.002,0.32,23.58,0.31,118.42,0.33,166.32,0.34,95.18,0.67,126.47,0.66,90.18,0.68,23.58,0.69,118.42,0.01,0.01,2323.781132,1776262056000
1776262060.77,160.77,0.28,50.0,0.27,155.0,0.32,207.09,0.33,151.35,0.67,166.32,0.66,95.18,0.68,23.58,0.69,118.42,0.04,0.01,2323.650708,1776262059000
1776262061.508,161.508,0.28,25.0,0.27,95.0,0.3,32.31,0.31,117.5,0.68,207.09,0.67,151.35,0.72,50.0,0.73,155.0,0.02,0.04,2323.654391,1776262060000
1776262062.098,162.098,0.2,33.42,0.19,10.0,0.21,10.0,0.22,10.0,0.72,10.0,0.71,10.5,0.76,25.0,0.78,25.0,0.01,0.04,2323.654391,1776262060000
1776262062.463,162.463,0.2,14.67,0.19,10.0,0.21,7.63,0.22,10.0,0.79,10.0,0.78,10.0,0.8,29.67,0.81,10.0,0.01,0.01,2323.654391,1776262060000
1776262062.815,162.815,0.21,10.5,0.2,24.67,0.22,1.81,0.23,15.0,0.79,7.63,0.78,10.0,0.8,14.67,0.81,10.0,0.01,0.01,2323.476361,1776262061000
1776262063.153,163.153,0.2,48.4,0.19,15.0,0.21,7.63,0.22,5.05,0.78,1.81,0.77,15.0,0.8,24.67,0.81,10.0,0.01,0.02,2323.476361,1776262061000
1776262063.546,163.546,0.2,33.4,0.19,15.0,0.21,24.63,0.22,15.05,0.79,4.63,0.78,15.05,0.8,48.4,0.81,15.0,0.01,0.01,2322.705615,1776262062000
1776262064.168,164.168,0.2,101.2,0.19,180.0,0.22,4.46,0.23,15.0,0.79,34.63,0.78,15.05,0.8,16.2,0.81,15.0,0.02,0.01,2322.561478,1776262063000
1776262064.388,164.388,0.21,14.81,0.2,201.2,0.22,4.46,0.23,5.0,0.78,4.46,0.77,15.0,0.8,101.2,0.81,180.0,0.01,0.02,2322.561478,1776262063000
1776262064.881,164.881,0.21,109.81,0.2,218.2,0.23,5.0,0.24,15.0,0.78,4.46,0.77,5.0,0.79,14.81,0.8,201.2,0.02,0.01,2322.561478,1776262063000
1776262065.213,165.213,0.21,177.36,0.2,201.2,0.23,5.0,0.24,15.0,0.77,5.0,0.76,15.0,0.79,109.81,0.8,218.2,0.02,0.02,2322.561478,1776262063000
1776262065.444,165.444,0.22,10.5,0.21,176.09,0.24,15.0,0.25,10.0,0.77,5.0,0.76,15.0,0.79,176.09,0.8,201.2,0.02,0.02,2322.743616,1776262064000
1776262066.512,166.512,0.23,158.9,0.22,171.37,0.24,50.0,0.25,50.0,0.76,15.0,0.74,15.0,0.78,21.37,0.79,183.09,0.01,0.02,2322.7663,1776262065000
1776262066.831,166.831,0.25,15.5,0.24,15.0,0.26,6.0,0.27,10.0,0.74,15.0,0.73,10.0,0.77,58.9,0.78,71.37,0.01,0.03,2322.7663,1776262065000
1776262067.647,167.647,0.25,72.3,0.24,93.0,0.26,31.0,0.28,10.0,0.74,6.0,0.73,10.0,0.75,13.94,0.76,15.0,0.01,0.01,2323.14713,1776262066000
1776262067.931,167.931,0.25,131.3,0.24,75.0,0.26,28.0,0.29,35.0,0.74,31.0,0.72,10.0,0.75,72.3,0.76,93.0,0.01,0.01,2323.14713,1776262066000
1776262068.146,168.146,0.25,221.3,0.24,75.0,0.26,8.0,0.29,35.0,0.74,28.0,0.71,35.0,0.75,131.3,0.76,75.0,0.01,0.01,2323.14713,1776262066000
1776262068.52,168.52,0.28,94.5,0.27,80.5,0.29,35.0,0.3,75.0,0.71,45.0,0.7,70.0,0.74,42.0,0.75,221.3,0.01,0.03,2323.17242,1776262067000
1776262068.863,168.863,0.28,153.72,0.27,80.5,0.29,105.0,0.3,144.0,0.71,35.0,0.7,75.0,0.72,94.5,0.73,80.5,0.01,0.01,2323.17242,1776262067000
1776262069.107,169.107,0.28,123.72,0.27,100.5,0.29,87.03,0.3,144.0,0.71,97.03,0.7,144.0,0.72,123.72,0.73,100.5,0.01,0.01,2323.254702,1776262068000
1776262069.311,169.311,0.28,49.22,0.27,75.5,0.3,75.0,0.31,50.0,0.7,75.0,0.69,50.0,0.72,65.22,0.73,75.5,0.02,0.02,2323.254702,1776262068000
1776262069.54,169.54,0.28,24.11,0.27,75.5,0.29,15.0,0.3,75.0,0.7,75.0,0.69,55.0,0.72,19.72,0.73,75.5,0.01,0.02,2323.254702,1776262068000
1776262070.013,170.013,0.29,19.59,0.28,65.11,0.3,15.0,0.31,60.0,0.71,15.0,0.7,75.0,0.72,24.11,0.73,75.5,0.01,0.01,2323.254702,1776262068000
1776262070.959,170.959,0.28,26.61,0.27,47.0,0.29,56.0,0.3,80.5,0.7,15.0,0.69,60.0,0.71,19.59,0.72,65.11,0.01,0.01,2323.426899,1776262069000
1776262072.271,172.271,0.27,3.65,0.26,52.0,0.28,100.0,0.29,96.5,0.71,61.5,0.7,95.5,0.73,10.61,0.74,52.0,0.01,0.02,2323.57813,1776262071000
1776262074.414,174.414,0.26,10.0,0.25,65.0,0.27,134.79,0.28,90.5,0.72,100.0,0.71,91.5,0.74,47.0,0.75,70.0,0.01,0.02,2323.3832,1776262072000
1776262074.932,174.932,0.25,65.0,0.24,20.0,0.27,174.44,0.28,85.5,0.73,134.79,0.72,90.5,0.74,10.0,0.75,65.0,0.02,0.01,2323.3832,1776262072000
1776262075.185,175.185,0.25,65.0,0.24,20.0,0.26,102.0,0.27,154.44,0.73,174.44,0.72,85.5,0.75,65.0,0.76,20.0,0.01,0.02,2323.284249,1776262074000
1776262077.955,177.955,0.25,177.5,0.24,110.5,0.26,4.0,0.27,24.65,0.74,44.0,0.73,149.44,0.75,65.0,0.76,20.0,0.01,0.01,2323.1731,1776262076000
1776262080.143,180.143,0.26,228.24,0.25,184.8,0.3,20.0,0.31,5.0,0.73,16.65,0.72,15.0,0.74,63.24,0.75,147.5,0.04,0.01,2323.454767,1776262079000
1776262081.013,181.013,0.27,10.0,0.26,33.24,0.28,14.83,0.3,10.0,0.69,5.0,0.68,10.0,0.74,228.24,0.75,184.8,0.01,0.05,2323.454767,1776262079000
1776262081.265,181.265,0.27,22.0,0.26,33.24,0.28,4.0,0.29,5.0,0.72,14.83,0.7,10.0,0.73,10.0,0.74,33.24,0.01,0.01,2323.57681,1776262080000
1776262083.454,183.454,0.26,34.93,0.25,80.0,0.27,152.5,0.28,90.5,0.72,4.0,0.71,5.0,0.73,22.0,0.74,33.24,0.01,0.01,2323.603903,1776262082000
1776262084.119,184.119,0.26,56.62,0.25,87.69,0.27,251.5,0.28,85.5,0.73,152.5,0.72,90.5,0.74,34.93,0.75,80.0,0.01,0.01,2323.603903,1776262082000
1776262084.358,184.358,0.26,34.04,0.25,87.69,0.27,251.5,0.28,90.5,0.73,251.5,0.72,90.5,0.74,38.1,0.75,87.69,0.01,0.01,2323.603903,1776262082000
1776262084.593,184.593,0.26,9.5,0.25,45.0,0.27,205.5,0.28,170.66,0.73,251.5,0.72,90.5,0.74,34.04,0.75,87.69,0.01,0.01,2323.56662,1776262083000
1776262085.056,185.056,0.25,20.0,0.24,125.0,0.27,145.5,0.28,165.66,0.73,205.5,0.72,170.66,0.74,9.5,0.75,45.0,0.02,0.01,2323.427383,1776262084000
1776262085.909,185.909,0.25,27.0,0.24,146.0,0.26,52.67,0.29,75.5,0.73,145.5,0.72,165.66,0.75,20.0,0.76,125.0,0.01,0.02,2323.427383,1776262084000
1776262086.732,186.732,0.26,66.0,0.25,47.0,0.27,26.65,0.29,27.5,0.74,52.67,0.71,75.5,0.75,27.0,0.76,146.0,0.01,0.01,2323.13651,1776262085000
1776262086.932,186.932,0.27,2.58,0.26,99.64,0.29,27.5,0.3,30.0,0.71,27.5,0.7,30.0,0.74,87.64,0.75,61.0,0.02,0.03,2323.13651,1776262085000
1776262087.515,187.515,0.28,17.23,0.27,12.58,0.29,32.5,0.3,40.0,0.71,27.5,0.7,30.0,0.73,2.58,0.74,99.64,0.01,0.02,2323.18585,1776262086000
1776262087.954,187.954,0.28,15.84,0.27,12.58,0.29,17.5,0.3,40.0,0.71,32.5,0.7,40.0,0.72,17.23,0.73,12.58,0.01,0.01,2323.18585,1776262086000
1776262088.509,188.509,0.28,10.21,0.27,12.58,0.29,22.5,0.3,40.0,0.71,17.5,0.7,40.0,0.72,12.96,0.73,12.58,0.01,0.01,2323.561735,1776262087000
1776262089.104,189.104,0.28,19.82,0.27,8.58,0.29,47.51,0.3,30.0,0.71,22.5,0.7,40.0,0.72,10.21,0.73,12.58,0.01,0.01,2323.561735,1776262087000
1776262089.721,189.721,0.28,135.82,0.27,57.88,0.3,30.0,0.31,10.0,0.71,47.51,0.7,30.0,0.72,19.82,0.73,8.58,0.02,0.01,2323.526726,1776262088000
1776262090.504,190.504,0.3,15.0,0.29,41.5,0.32,65.0,0.33,144.3,0.7,30.0,0.69,10.0,0.72,135.82,0.73,57.88,0.02,0.02,2323.607649,1776262089000
1776262091.079,191.079,0.31,20.0,0.3,20.0,0.33,13.0,0.34,6.0,0.68,65.0,0.67,144.3,0.7,15.0,0.71,41.5,0.02,0.02,2323.607649,1776262089000
1776262091.347,191.347,0.32,10.0,0.31,15.0,0.33,14.66,0.34,16.0,0.67,13.0,0.66,6.0,0.69,20.0,0.7,30.5,0.01,0.02,2323.7037,1776262090000
1776262092.24,192.24,0.32,15.0,0.31,10.0,0.33,11.3,0.34,11.0,0.67,14.66,0.66,16.0,0.68,10.0,0.69,15.0,0.01,0.01,2323.7037,1776262090000
1776262093.667,193.667,0.32,20.0,0.31,73.0,0.34,5.0,0.35,255.8,0.67,11.3,0.66,11.0,0.68,15.0,0.69,10.0,0.02,0.01,2323.881997,1776262092000
1776262094.349,194.349,0.32,5.0,0.3,10.0,0.33,25.69,0.34,15.0,0.65,255.8,0.64,101.6,0.68,20.0,0.69,73.0,0.01,0.03,2323.939291,1776262093000
1776262094.559,194.559,0.3,3.79,0.29,11.0,0.33,100.16,0.34,20.5,0.67,25.69,0.66,15.0,0.68,5.0,0.7,10.0,0.03,0.01,2323.939291,1776262093000
1776262095.071,195.071,0.3,2.36,0.28,15.0,0.31,30.0,0.32,21.0,0.69,24.0,0.68,15.0,0.7,3.79,0.71,5.0,0.01,0.01,2323.939291,1776262093000
1776262095.611,195.611,0.28,10.0,0.27,5.0,0.31,153.33,0.32,21.0,0.69,30.0,0.68,21.0,0.7,2.36,0.72,15.0,0.03,0.01,2323.939291,1776262093000
1776262095.838,195.838,0.26,20.0,0.25,90.0,0.27,4.43,0.28,20.0,0.73,3.0,0.72,20.0,0.74,15.0,0.75,90.0,0.01,0.01,2323.899416,1776262094000
1776262097.039,197.039,0.24,150.0,0.23,125.3,0.25,26.0,0.26,26.0,0.73,8.43,0.72,20.0,0.75,47.33,0.76,225.0,0.01,0.02,2323.819864,1776262095000
1776262100.26,200.26,0.24,145.0,0.23,135.3,0.25,30.0,0.26,21.0,0.75,26.0,0.74,26.0,0.76,150.0,0.77,125.3,0.01,0.01,2323.4193,1776262098000
1776262100.549,200.549,0.24,122.0,0.23,135.3,0.25,11.0,0.26,6.0,0.75,30.0,0.74,21.0,0.76,167.0,0.77,135.3,0.01,0.01,2323.423,1776262099000
1776262100.782,200.782,0.24,122.0,0.23,135.3,0.27,25.08,0.29,10.0,0.75,11.0,0.73,30.08,0.76,122.0,0.77,135.3,0.03,0.01,2323.423,1776262099000
1776262101.306,201.306,0.25,15.66,0.24,100.0,0.26,2.76,0.27,12.63,0.74,2.76,0.73,12.63,0.76,95.0,0.77,140.3,0.01,0.02,2323.423,1776262099000
1776262101.809,201.809,0.25,45.62,0.24,100.0,0.27,11.58,0.29,5.0,0.74,2.76,0.73,12.63,0.75,6.32,0.76,95.0,0.02,0.01,2323.619123,1776262100000
1776262102.372,202.372,0.25,45.62,0.24,112.0,0.26,5.0,0.27,11.58,0.73,11.58,0.71,5.0,0.75,45.62,0.76,100.0,0.01,0.02,2323.849759,1776262101000
1776262102.573,202.573,0.25,12.56,0.24,95.0,0.26,5.0,0.27,11.58,0.74,5.0,0.73,11.58,0.76,95.0,0.77,142.3,0.01,0.02,2323.849759,1776262101000
1776262103.5,203.5,0.23,65.3,0.22,216.0,0.26,10.0,0.27,21.58,0.74,5.0,0.73,11.58,0.75,12.56,0.76,95.0,0.03,0.01,2323.849759,1776262101000
1776262103.744,203.744,0.24,6.04,0.23,20.0,0.25,16.0,0.26,15.0,0.75,11.0,0.74,15.0,0.76,2.36,0.77,20.0,0.01,0.01,2323.823233,1776262102000
1776262103.994,203.994,0.24,6.04,0.23,20.0,0.25,16.0,0.26,15.0,0.75,16.0,0.74,15.0,0.76,6.04,0.77,20.0,0.01,0.01,2323.823233,1776262102000
1776262104.303,204.303,0.24,99.59,0.23,5.0,0.25,11.2,0.26,65.0,0.75,0.2,0.74,15.0,0.77,20.0,0.78,131.0,0.01,0.02,2323.685931,1776262103000
1776262104.519,204.519,0.24,8.76,0.23,15.0,0.26,65.2,0.27,31.58,0.74,65.2,0.73,31.58,0.76,143.59,0.77,15.0,0.02,0.02,2323.685931,1776262103000
1776262104.729,204.729,0.24,60.76,0.23,65.0,0.26,58.2,0.27,31.58,0.74,53.2,0.73,31.58,0.75,50.0,0.76,98.76,0.02,0.01,2323.685931,1776262103000
1776262105.257,205.257,0.24,15.76,0.23,65.0,0.26,113.7,0.27,30.5,0.74,103.2,0.73,42.08,0.75,0.62,0.76,75.76,0.02,0.01,2323.685931,1776262103000
1776262105.755,205.755,0.25,8.0,0.24,12.45,0.26,25.0,0.27,15.5,0.74,11.58,0.73,20.5,0.76,11.76,0.77,65.0,0.01,0.02,2323.43315,1776262104000
1776262105.998,205.998,0.25,20.0,0.24,17.45,0.26,9.5,0.27,20.5,0.74,25.0,0.73,15.5,0.75,8.0,0.76,12.45,0.01,0.01,2323.43315,1776262104000
1776262106.243,206.243,0.25,20.65,0.24,25.69,0.26,30.32,0.27,30.5,0.73,30.5,0.72,35.5,0.75,17.0,0.76,5.69,0.01,0.02,2323.43315,1776262104000
1776262106.585,206.585,0.25,58.0,0.24,57.0,0.26,102.71,0.27,90.5,0.74,148.53,0.73,80.5,0.75,48.0,0.76,62.0,0.01,0.01,2323.362219,1776262105000
1776262107.1,207.1,0.25,64.49,0.24,126.38,0.26,76.71,0.27,100.5,0.74,76.71,0.73,100.5,0.75,58.0,0.76,67.0,0.01,0.01,2323.412097,1776262106000
1776262107.306,207.306,0.25,42.0,0.24,52.0,0.27,46.71,0.28,103.39,0.73,57.21,0.72,103.39,0.75,42.0,0.76,76.38,0.02,0.02,2323.412097,1776262106000
1776262107.934,207.934,0.26,20.1,0.25,49.38,0.27,25.5,0.28,93.39,0.72,103.39,0.71,98.0,0.73,16.79,0.74,22.0,0.01,0.01,2323.412097,1776262106000
1776262108.656,208.656,0.26,13.1,0.25,25.0,0.27,152.15,0.28,93.39,0.73,30.5,0.72,93.39,0.74,1.1,0.75,49.38,0.01,0.01,2323.532255,1776262107000
1776262108.964,208.964,0.25,70.46,0.24,75.5,0.26,5.0,0.27,116.65,0.73,141.65,0.72,48.39,0.75,67.09,0.76,75.5,0.01,0.02,2323.532255,1776262107000
1776262109.32,209.32,0.25,61.83,0.24,75.5,0.26,10.0,0.27,111.65,0.74,5.0,0.73,116.65,0.75,70.46,0.76,75.5,0.01,0.01,2323.490492,1776262108000
1776262109.592,209.592,0.26,37.5,0.25,56.83,0.27,131.3,0.28,5.0,0.74,4.0,0.73,111.65,0.75,61.83,0.76,75.5,0.01,0.01,2323.490492,1776262108000
1776262109.805,209.805,0.26,87.5,0.25,61.83,0.27,128.3,0.28,5.0,0.73,131.3,0.72,5.0,0.74,37.5,0.75,56.83,0.01,0.01,2323.490492,1776262108000
1776262110.214,210.214,0.26,67.72,0.25,61.83,0.27,29.65,0.29,10.0,0.73,116.3,0.72,5.0,0.74,87.5,0.75,61.83,0.01,0.01,2323.490492,1776262108000
1776262110.528,210.528,0.26,73.21,0.25,61.83,0.27,29.65,0.28,51.04,0.73,29.65,0.71,10.0,0.74,57.71,0.75,61.83,0.01,0.01,2323.49345,1776262109000
1776262110.97,210.97,0.26,47.23,0.25,61.83,0.27,29.65,0.28,51.04,0.73,29.65,0.72,51.04,0.74,50.76,0.75,61.83,0.01,0.01,2323.49345,1776262109000
1776262111.386,211.386,0.26,41.29,0.25,61.83,0.27,34.65,0.28,96.12,0.73,34.65,0.72,51.04,0.74,42.73,0.75,61.83,0.01,0.01,2323.615129,1776262110000
1776262111.627,211.627,0.26,29.96,0.25,61.83,0.27,29.65,0.28,96.12,0.73,34.65,0.72,96.12,0.74,24.96,0.75,61.83,0.01,0.01,2323.615129,1776262110000
1776262111.972,211.972,0.26,201.96,0.25,107.83,0.28,96.12,0.29,5.0,0.73,29.65,0.72,96.12,0.74,29.96,0.75,61.83,0.02,0.01,2323.615129,1776262110000
1776262112.22,212.22,0.28,35.02,0.27,37.58,0.29,5.0,0.3,5.0,0.72,81.12,0.71,5.0,0.73,82.88,0.74,130.96,0.01,0.01,2323.731755,1776262111000
1776262112.545,212.545,0.28,168.56,0.27,97.58,0.3,5.0,0.33,10.0,0.71,5.0,0.7,5.0,0.72,58.56,0.73,42.58,0.02,0.01,2323.731755,1776262111000
1776262112.869,212.869,0.32,36.72,0.31,15.0,0.33,10.0,0.34,66.0,0.67,10.0,0.66,51.0,0.72,168.56,0.73,97.58,0.01,0.05,2323.731755,1776262111000
1776262113.497,213.497,0.32,86.01,0.31,65.0,0.33,15.0,0.34,133.46,0.67,10.0,0.66,66.0,0.68,36.72,0.69,15.0,0.01,0.01,2323.769152,1776262112000
1776262113.788,213.788,0.32,78.15,0.31,75.0,0.33,10.0,0.34,143.46,0.67,15.0,0.66,133.46,0.68,86.01,0.69,65.0,0.01,0.01,2323.769152,1776262112000
1776262114.143,214.143,0.32,78.15,0.31,65.0,0.33,5.0,0.34,143.46,0.67,10.0,0.66,143.46,0.68,78.15,0.69,75.0,0.01,0.01,2323.769152,1776262112000
1776262114.594,214.594,0.32,9.3,0.31,75.5,0.33,108.71,0.34,60.5,0.67,5.0,0.66,143.46,0.68,70.31,0.69,65.0,0.01,0.01,2324.02915,1776262113000
1776262115.126,215.126,0.32,7.25,0.31,70.5,0.33,92.41,0.34,70.5,0.67,108.71,0.66,60.5,0.68,7.25,0.69,75.5,0.01,0.01,2324.041569,1776262114000
1776262115.433,215.433,0.32,2.25,0.31,75.5,0.33,107.41,0.34,70.5,0.67,92.41,0.66,70.5,0.68,7.25,0.69,70.5,0.01,0.01,2324.041569,1776262114000
1776262116.012,216.012,0.32,10.44,0.31,85.5,0.33,112.41,0.34,70.5,0.67,107.41,0.66,70.5,0.68,2.25,0.69,75.5,0.01,0.01,2324.041569,1776262114000
1776262116.669,216.669,0.31,3.55,0.3,50.0,0.32,35.5,0.33,122.41,0.67,97.41,0.66,70.5,0.68,3.08,0.69,85.5,0.01,0.01,2324.07875,1776262115000
1776262116.88,216.88,0.28,25.0,0.27,60.0,0.32,152.5,0.33,188.41,0.68,35.5,0.67,122.41,0.69,3.55,0.7,50.0,0.04,0.01,2324.07875,1776262115000
1776262119.455,219.455,0.26,5.94,0.25,100.5,0.27,20.0,0.28,80.68,0.68,152.5,0.67,188.41,0.72,25.0,0.73,60.0,0.01,0.04,2324.018748,1776262117000
1776262119.949,219.949,0.26,117.92,0.25,170.5,0.27,10.0,0.28,29.18,0.73,20.0,0.72,80.68,0.74,5.94,0.75,100.5,0.01,0.01,2323.733374,1776262119000
1776262120.391,220.391,0.27,94.13,0.26,117.92,0.28,24.18,0.29,5.0,0.72,24.18,0.71,5.0,0.74,132.92,0.75,170.5,0.01,0.02,2323.733374,1776262119000
1776262120.735,220.735,0.27,97.76,0.26,128.92,0.28,18.18,0.3,36.0,0.72,24.18,0.7,36.0,0.73,97.76,0.74,128.92,0.01,0.01,2323.733374,1776262119000
1776262121.059,221.059,0.29,71.5,0.28,80.5,0.3,30.0,0.31,46.0,0.7,36.0,0.69,51.5,0.73,97.76,0.74,128.92,0.01,0.03,2323.714718,1776262120000
1776262121.309,221.309,0.29,62.33,0.28,80.5,0.3,114.48,0.31,40.0,0.7,35.0,0.69,40.0,0.71,69.79,0.72,80.5,0.01,0.01,2323.714718,1776262120000
1776262121.605,221.605,0.29,41.16,0.28,80.5,0.3,114.48,0.31,60.5,0.7,114.48,0.69,50.0,0.71,57.76,0.72,80.5,0.01,0.01,2323.714718,1776262120000
1776262122.46,222.46,0.29,41.19,0.28,80.5,0.3,119.48,0.31,35.0,0.7,114.48,0.69,60.5,0.71,41.16,0.72,80.5,0.01,0.01,2323.896755,1776262121000
1776262122.886,222.886,0.29,108.32,0.28,100.5,0.3,84.48,0.31,30.0,0.7,119.48,0.69,35.0,0.71,39.9,0.72,80.5,0.01,0.01,2323.896755,1776262121000
1776262123.128,223.128,0.3,61.46,0.29,53.32,0.31,20.0,0.32,15.0,0.69,30.0,0.68,15.0,0.71,133.32,0.72,121.5,0.01,0.02,2323.896755,1776262121000
1776262123.524,223.524,0.31,183.44,0.3,70.0,0.32,15.0,0.33,96.19,0.68,15.0,0.67,91.19,0.69,119.89,0.7,20.0,0.01,0.01,2324.016249,1776262122000
1776262125.412,225.412,0.31,131.01,0.3,70.0,0.32,31.47,0.33,101.19,0.68,15.0,0.67,96.19,0.69,183.44,0.7,70.0,0.01,0.01,2324.27745,1776262124000
1776262125.843,225.843,0.31,215.72,0.3,110.5,0.33,5.01,0.35,275.8,0.68,31.47,0.67,101.19,0.69,130.72,0.7,80.5,0.02,0.01,2324.27745,1776262124000
1776262126.866,226.866,0.36,219.5,0.35,104.5,0.38,195.0,0.39,285.0,0.65,200.8,0.64,80.6,0.68,50.0,0.69,215.72,0.02,0.03,2324.357445,1776262125000
1776262127.16,227.16,0.37,89.5,0.36,161.5,0.38,96.12,0.39,285.0,0.62,146.12,0.61,285.0,0.63,89.5,0.64,196.5,0.01,0.01,2324.357445,1776262125000
1776262127.404,227.404,0.37,85.5,0.36,152.5,0.38,52.22,0.39,285.0,0.62,96.12,0.61,285.0,0.63,89.5,0.64,161.5,0.01,0.01,2324.349655,1776262126000
1776262127.689,227.689,0.37,110.5,0.36,167.5,0.39,285.0,0.4,68.0,0.62,30.03,0.61,285.0,0.63,95.5,0.64,152.5,0.02,0.01,2324.349655,1776262126000
1776262128.664,228.664,0.38,36.57,0.37,40.0,0.39,345.5,0.4,93.5,0.61,285.0,0.6,68.0,0.63,110.5,0.64,167.5,0.01,0.02,2324.5061,1776262127000
1776262129.801,229.801,0.37,10.0,0.36,15.0,0.39,331.5,0.4,169.5,0.61,280.5,0.6,103.5,0.62,14.16,0.63,5.0,0.02,0.01,2324.732725,1776262128000
1776262130.809,230.809,0.34,14.9,0.33,10.0,0.36,97.45,0.37,105.5,0.65,57.5,0.64,40.5,0.66,4.9,0.67,15.0,0.02,0.01,2324.636426,1776262129000
1776262131.76,231.76,0.32,24.5,0.31,80.0,0.33,15.0,0.34,30.5,0.65,10.0,0.64,47.45,0.67,5.13,0.68,70.0,0.01,0.02,2324.501221,1776262130000
1776262132.356,232.356,0.32,14.01,0.31,105.5,0.33,31.0,0.34,20.0,0.67,15.0,0.66,30.5,0.68,18.63,0.69,80.0,0.01,0.01,2324.263798,1776262131000
1776262133.357,233.357,0.31,15.0,0.3,25.0,0.32,31.0,0.33,56.5,0.67,31.0,0.66,20.0,0.68,14.01,0.69,105.5,0.01,0.01,2324.26825,1776262132000
1776262134.7,234.7,0.28,15.0,0.27,65.0,0.31,45.0,0.32,179.85,0.68,31.0,0.67,56.5,0.69,15.0,0.7,25.0,0.03,0.01,2324.215634,1776262133000
1776262134.907,234.907,0.28,15.0,0.27,25.0,0.33,80.06,0.34,96.5,0.69,45.0,0.68,179.85,0.72,15.0,0.73,65.0,0.05,0.03,2324.215634,1776262133000
1776262139.25,239.25,0.25,42.5,0.24,135.5,0.26,101.58,0.27,10.0,0.67,80.06,0.66,96.5,0.72,15.0,0.73,25.0,0.01,0.05,2323.843483,1776262138000
1776262140.054,240.054,0.25,107.5,0.24,135.5,0.26,41.38,0.27,10.0,0.74,95.58,0.73,10.0,0.75,42.5,0.76,135.5,0.01,0.01,2323.843483,1776262138000
1776262140.45,240.45,0.29,5.77,0.28,20.0,0.3,10.0,0.31,10.0,0.71,10.0,0.68,5.0,0.75,92.0,0.76,125.0,0.01,0.04,2323.747325,1776262139000
1776262141.239,241.239,0.31,59.23,0.3,30.0,0.32,10.0,0.33,46.96,0.69,10.0,0.68,15.0,0.71,57.23,0.72,70.0,0.01,0.02,2323.834496,1776262140000
1776262142.334,242.334,0.28,54.47,0.27,95.0,0.29,45.75,0.3,15.0,0.68,10.0,0.67,46.96,0.69,59.23,0.7,30.0,0.01,0.01,2323.834496,1776262140000
1776262142.745,242.745,0.28,47.49,0.27,105.0,0.29,45.75,0.3,15.0,0.71,45.75,0.7,15.0,0.72,54.52,0.73,115.0,0.01,0.01,2324.025598,1776262141000
1776262143.087,243.087,0.28,63.12,0.27,115.0,0.3,43.36,0.31,10.0,0.71,35.75,0.7,15.0,0.72,55.14,0.73,115.0,0.02,0.01,2324.025598,1776262141000
1776262143.456,243.456,0.28,29.64,0.27,110.0,0.3,43.36,0.31,15.0,0.7,43.36,0.69,15.0,0.71,6.4,0.72,58.12,0.02,0.01,2324.106373,1776262142000
1776262145.299,245.299,0.27,115.0,0.26,200.0,0.29,87.07,0.3,15.0,0.7,48.36,0.69,10.0,0.71,52.18,0.72,29.64,0.02,0.01,2324.187402,1776262144000
1776262145.516,245.516,0.28,66.11,0.27,131.0,0.29,82.07,0.3,10.0,0.71,87.07,0.7,15.0,0.73,115.0,0.74,200.0,0.01,0.02,2324.187402,1776262144000
1776262146.358,246.358,0.32,85.0,0.31,120.0,0.33,47.52,0.35,45.0,0.71,82.07,0.7,10.0,0.72,66.11,0.73,131.0,0.01,0.01,2324.1587,1776262145000
1776262147.235,247.235,0.29,4.0,0.28,85.0,0.3,49.4,0.31,26.0,0.67,47.52,0.65,45.0,0.68,85.0,0.69,120.0,0.01,0.01,2324.19915,1776262146000
1776262147.671,247.671,0.28,27.01,0.27,100.0,0.29,20.0,0.3,64.4,0.7,84.4,0.69,31.0,0.72,83.0,0.73,85.0,0.01,0.02,2324.19915,1776262146000
1776262147.944,247.944,0.28,28.53,0.27,110.0,0.29,27.4,0.3,42.0,0.71,25.0,0.7,47.0,0.72,25.48,0.73,100.0,0.01,0.01,2324.19915,1776262146000
1776262148.231,248.231,0.28,35.48,0.27,110.0,0.3,36.0,0.31,21.0,0.71,27.4,0.7,42.0,0.72,28.53,0.73,110.0,0.02,0.01,2324.19915,1776262146000
1776262148.64,248.64,0.29,28.59,0.28,35.48,0.3,31.0,0.31,21.0,0.7,31.0,0.69,21.0,0.71,7.61,0.72,35.48,0.01,0.01,2324.19915,1776262146000
1776262149.047,249.047,0.29,3.59,0.28,10.0,0.3,141.43,0.31,26.0,0.7,31.0,0.69,21.0,0.71,28.59,0.72,35.48,0.01,0.01,2324.308188,1776262147000
1776262151.802,251.802,0.24,3.68,0.23,300.0,0.25,46.0,0.26,36.0,0.7,141.43,0.69,26.0,0.71,3.59,0.72,10.0,0.01,0.01,2324.191931,1776262150000
1776262153.379,253.379,0.23,210.0,0.22,205.79,0.24,72.96,0.25,26.0,0.75,46.0,0.74,36.0,0.76,3.68,0.77,300.0,0.01,0.01,2324.05265,1776262152000
1776262154.013,254.013,0.23,135.0,0.22,210.79,0.24,40.58,0.25,60.1,0.76,72.96,0.75,26.0,0.77,210.0,0.78,205.79,0.01,0.01,2324.05265,1776262152000
1776262155.249,255.249,0.22,84.79,0.21,261.7,0.23,161.59,0.24,125.58,0.76,39.58,0.75,60.1,0.77,135.0,0.78,210.79,0.01,0.01,2324.0428,1776262153000
1776262155.52,255.52,0.21,225.37,0.2,338.33,0.22,136.61,0.23,153.86,0.77,156.59,0.76,125.58,0.79,261.7,0.8,338.33,0.01,0.02,2324.04735,1776262154000
1776262155.881,255.881,0.21,192.91,0.2,338.33,0.22,141.61,0.23,153.86,0.78,136.61,0.77,153.86,0.79,225.37,0.8,338.33,0.01,0.01,2324.04735,1776262154000
1776262156.871,256.871,0.2,27.08,0.19,483.4,0.21,141.0,0.22,115.61,0.78,136.61,0.77,186.74,0.8,338.33,0.81,483.4,0.01,0.02,2323.993486,1776262155000
1776262157.43,257.43,0.19,483.4,0.18,259.4,0.2,24.17,0.21,136.0,0.79,136.0,0.78,115.61,0.8,25.83,0.81,483.4,0.01,0.01,2323.806833,1776262156000
1776262157.8,257.8,0.19,472.16,0.18,259.4,0.2,173.17,0.21,91.0,0.8,24.17,0.79,136.0,0.81,483.4,0.82,259.4,0.01,0.01,2323.806833,1776262156000
1776262158.139,258.139,0.19,477.16,0.18,259.4,0.2,163.17,0.21,91.0,0.8,173.17,0.79,91.0,0.81,472.16,0.82,259.4,0.01,0.01,2323.680412,1776262157000
1776262158.4,258.4,0.19,470.16,0.18,259.4,0.2,188.17,0.21,91.0,0.8,163.17,0.79,91.0,0.81,477.16,0.82,259.4,0.01,0.01,2323.680412,1776262157000
1776262159.43,259.43,0.19,252.16,0.18,259.4,0.2,205.17,0.21,190.15,0.8,188.17,0.79,91.0,0.81,457.16,0.82,259.4,0.01,0.01,2323.64365,1776262158000
1776262159.916,259.916,0.18,254.56,0.17,195.5,0.2,310.67,0.21,224.15,0.8,205.17,0.79,190.15,0.81,252.16,0.82,259.4,0.02,0.01,2323.64365,1776262158000
1776262160.372,260.372,0.13,67.93,0.12,165.0,0.14,15.0,0.15,210.13,0.82,63.44,0.81,43.0,0.84,10.0,0.85,175.0,0.01,0.02,2323.656251,1776262159000
1776262160.739,260.739,0.13,69.08,0.12,165.0,0.14,64.3,0.15,205.13,0.86,40.0,0.85,205.13,0.87,67.93,0.88,165.0,0.01,0.01,2323.656251,1776262159000
1776262161.176,261.176,0.13,17.93,0.12,165.0,0.14,203.88,0.15,86.0,0.86,64.3,0.85,205.13,0.87,69.08,0.88,165.0,0.01,0.01,2323.643638,1776262160000
1776262161.817,261.817,0.13,2.93,0.12,65.0,0.14,203.88,0.15,86.0,0.86,203.88,0.85,86.0,0.87,17.93,0.88,165.0,0.01,0.01,2323.643638,1776262160000
1776262162.445,262.445,0.13,1.43,0.12,65.0,0.14,113.88,0.15,59.2,0.86,203.88,0.85,86.0,0.87,2.93,0.88,65.0,0.01,0.01,2323.28107,1776262161000
1776262162.652,262.652,0.12,64.92,0.11,30.0,0.14,99.88,0.15,53.2,0.86,108.88,0.85,53.2,0.88,69.92,0.89,30.0,0.02,0.02,2323.28107,1776262161000
1776262163.012,263.012,0.13,4.57,0.12,69.92,0.14,102.78,0.15,93.2,0.86,102.78,0.85,53.2,0.87,7.9,0.88,64.92,0.01,0.01,2323.28107,1776262161000
1776262163.249,263.249,0.12,58.92,0.11,25.0,0.13,5.34,0.14,102.78,0.86,102.78,0.85,93.2,0.87,4.57,0.88,69.92,0.01,0.01,2323.28107,1776262161000
1776262163.739,263.739,0.12,7.78,0.11,30.0,0.13,25.34,0.14,107.78,0.87,5.34,0.86,102.78,0.88,58.92,0.89,25.0,0.01,0.01,2323.199725,1776262162000
1776262164.008,264.008,0.12,7.58,0.11,30.0,0.13,32.14,0.14,123.58,0.87,22.14,0.86,117.78,0.88,4.26,0.89,30.0,0.01,0.01,2323.199725,1776262162000
1776262164.757,264.757,0.11,91.7,0.1,180.0,0.12,50.23,0.13,162.19,0.87,32.14,0.86,60.7,0.89,27.83,0.9,125.0,0.01,0.02,2323.255369,1776262163000
1776262165.371,265.371,0.12,11.91,0.11,26.7,0.13,166.76,0.14,50.7,0.87,149.83,0.86,50.7,0.88,13.0,0.89,36.7,0.01,0.01,2323.42298,1776262164000
1776262165.63,265.63,0.12,10.91,0.11,26.7,0.13,161.76,0.14,50.7,0.87,166.76,0.86,50.7,0.88,11.91,0.89,26.7,0.01,0.01,2323.42298,1776262164000
1776262165.855,265.855,0.12,14.91,0.11,76.7,0.13,156.76,0.14,20.8,0.87,166.76,0.86,20.8,0.88,14.91,0.89,76.7,0.01,0.01,2323.42298,1776262164000
1776262166.225,266.225,0.12,84.91,0.11,147.7,0.13,19.69,0.14,108.03,0.87,156.76,0.86,20.8,0.88,14.91,0.89,76.7,0.01,0.01,2323.474575,1776262165000
1776262166.7,266.7,0.12,63.71,0.11,142.7,0.13,15.0,0.14,108.03,0.86,108.03,0.85,25.0,0.87,3.45,0.88,59.91,0.01,0.01,2323.474575,1776262165000
1776262167.078,267.078,0.12,10.13,0.11,92.7,0.13,20.0,0.14,123.03,0.87,10.0,0.86,108.03,0.88,34.02,0.89,142.7,0.01,0.01,2323.474575,1776262165000
1776262167.608,267.608,0.12,5.0,0.11,26.7,0.13,2.19,0.14,118.03,0.87,15.0,0.86,123.03,0.88,5.17,0.89,71.7,0.01,0.01,2323.5438,1776262166000
1776262168.695,268.695,0.11,4.07,0.1,170.0,0.13,10.0,0.14,128.03,0.87,12.19,0.86,118.03,0.89,22.85,0.9,170.0,0.02,0.02,2323.684812,1776262167000
1776262169.355,269.355,0.11,135.07,0.1,175.0,0.12,127.56,0.13,10.0,0.87,10.0,0.86,128.03,0.89,4.07,0.9,170.0,0.01,0.02,2323.684812,1776262168000
1776262169.566,269.566,0.11,147.77,0.1,175.0,0.12,127.56,0.14,15.8,0.88,127.56,0.87,10.0,0.89,135.07,0.9,175.0,0.01,0.01,2323.684812,1776262168000
1776262169.844,269.844,0.13,87.0,0.12,75.0,0.17,7.91,0.18,35.0,0.88,127.56,0.86,5.8,0.89,167.32,0.9,200.0,0.04,0.01,2323.684812,1776262168000
1776262170.522,270.522,0.16,121.0,0.15,20.0,0.17,118.43,0.18,15.0,0.83,7.91,0.82,35.0,0.87,87.0,0.88,75.0,0.01,0.04,2323.663832,1776262169000
1776262170.849,270.849,0.16,102.7,0.15,10.0,0.17,68.43,0.18,15.0,0.83,68.43,0.82,15.0,0.84,108.66,0.85,10.0,0.01,0.01,2323.663832,1776262169000
1776262171.567,271.567,0.12,30.0,0.11,95.0,0.13,10.0,0.14,25.0,0.83,44.01,0.82,15.0,0.84,102.7,0.85,10.0,0.01,0.01,2323.78361,1776262170000
1776262171.8,271.8,0.11,49.0,0.1,227.0,0.12,5.0,0.13,10.0,0.87,15.0,0.86,25.0,0.89,82.8,0.9,227.0,0.01,0.02,2323.78361,1776262170000
1776262172.348,272.348,0.11,66.53,0.1,210.0,0.12,10.0,0.13,10.0,0.88,5.0,0.87,10.0,0.89,41.43,0.9,227.0,0.01,0.01,2323.811455,1776262171000
1776262172.549,272.549,0.11,46.04,0.1,220.0,0.12,15.0,0.13,10.0,0.88,10.0,0.87,10.0,0.89,65.4,0.9,210.0,0.01,0.01,2323.811455,1776262171000
1776262172.909,272.909,0.12,2.36,0.11,67.34,0.13,10.0,0.14,10.0,0.85,10.0,0.84,15.0,0.86,8.83,0.89,62.34,0.01,0.01,2323.811455,1776262171000
1776262173.111,273.111,0.11,17.93,0.1,170.0,0.12,10.0,0.13,153.21,0.87,10.0,0.86,10.0,0.88,2.36,0.89,67.34,0.01,0.01,2324.0427,1776262172000
1776262173.56,273.56,0.11,23.4,0.1,191.0,0.13,192.21,0.14,25.0,0.88,10.0,0.87,153.21,0.89,17.93,0.9,170.0,0.02,0.01,2324.0427,1776262172000
1776262174.101,274.101,0.11,25.0,0.1,170.0,0.14,20.0,0.15,25.0,0.87,197.21,0.86,25.0,0.89,21.1,0.9,191.0,0.03,0.02,2324.0427,1776262172000
1776262174.962,274.962,0.14,7.67,0.13,48.0,0.16,13.06,0.17,20.0,0.84,8.06,0.83,20.0,0.86,10.0,0.87,43.0,0.02,0.02,2324.026806,1776262173000
1776262175.573,275.573,0.13,38.32,0.12,15.0,0.15,15.0,0.16,13.06,0.84,18.06,0.83,30.0,0.86,10.57,0.87,48.0,0.02,0.02,2324.038923,1776262174000
1776262176.107,276.107,0.13,48.32,0.12,15.0,0.14,5.0,0.15,15.0,0.85,15.0,0.84,13.06,0.87,38.32,0.88,15.0,0.01,0.02,2324.04865,1776262175000
1776262176.37,276.37,0.15,3.05,0.14,15.0,0.16,10.0,0.17,10.0,0.86,5.0,0.85,15.0,0.87,48.32,0.88,15.0,0.01,0.01,2324.04865,1776262175000
1776262177.126,277.126,0.13,33.32,0.12,35.0,0.16,45.0,0.17,20.0,0.84,10.0,0.83,10.0,0.85,3.05,0.86,15.0,0.03,0.01,2324.04865,1776262175000
1776262177.398,277.398,0.13,12.78,0.12,35.0,0.14,40.0,0.15,60.0,0.84,45.0,0.83,20.0,0.87,33.32,0.88,35.0,0.01,0.03,2324.04865,1776262175000
1776262177.696,277.696,0.12,18.86,0.11,10.0,0.13,26.0,0.14,40.0,0.87,16.0,0.86,40.0,0.89,2.0,0.9,194.9,0.01,0.02,2324.04865,1776262175000
1776262178.102,278.102,0.11,18.89,0.1,204.9,0.13,20.4,0.14,40.0,0.87,26.0,0.86,40.0,0.89,18.89,0.9,194.9,0.02,0.02,2324.0477,1776262176000
1776262178.442,278.442,0.11,7.81,0.1,194.9,0.12,142.21,0.13,20.4,0.87,20.4,0.86,40.0,0.89,18.89,0.9,204.9,0.01,0.02,2324.06885,1776262177000
1776262178.74,278.74,0.11,6.68,0.1,189.9,0.12,157.21,0.13,35.4,0.88,142.21,0.87,20.4,0.89,7.81,0.9,194.9,0.01,0.01,2324.06885,1776262177000
1776262179.11,279.11,0.11,4.61,0.1,189.9,0.12,162.21,0.13,35.4,0.88,157.21,0.87,35.4,0.89,6.68,0.9,189.9,0.01,0.01,2324.0629,1776262178000
1776262179.419,279.419,0.11,12.0,0.1,204.51,0.12,152.21,0.13,10.0,0.88,162.21,0.87,35.4,0.9,189.51,0.91,40.0,0.01,0.02,2324.0629,1776262178000
1776262179.647,279.647,0.11,42.0,0.1,194.51,0.12,130.21,0.13,15.0,0.88,152.21,0.87,10.0,0.89,12.0,0.9,204.51,0.01,0.01,2324.0629,1776262178000
1776262180.128,280.128,0.11,113.0,0.1,194.51,0.12,110.04,0.13,15.0,0.88,134.21,0.87,15.0,0.89,42.0,0.9,194.51,0.01,0.01,2324.0629,1776262178000
1776262180.653,280.653,0.11,103.0,0.1,223.51,0.13,4.3,0.14,35.0,0.87,15.0,0.86,35.0,0.89,113.0,0.9,194.51,0.02,0.02,2324.101903,1776262179000
1776262181.073,281.073,0.12,10.04,0.11,87.53,0.13,4.3,0.14,30.0,0.87,4.3,0.86,35.0,0.89,87.53,0.9,223.51,0.01,0.02,2324.101903,1776262179000
1776262181.319,281.319,0.11,87.53,0.1,194.51,0.13,168.09,0.14,30.0,0.87,4.3,0.86,30.0,0.88,10.04,0.89,87.53,0.02,0.01,2324.101903,1776262179000
1776262181.586,281.586,0.11,66.86,0.1,94.51,0.13,163.09,0.14,35.0,0.87,168.09,0.86,30.0,0.89,87.53,0.9,194.51,0.02,0.02,2324.10467,1776262180000
1776262181.946,281.946,0.11,4.62,0.1,44.51,0.13,168.09,0.14,35.0,0.87,168.09,0.86,35.0,0.89,14.4,0.9,44.51,0.02,0.02,2324.10467,1776262180000
1776262182.714,282.714,0.11,12.03,0.1,44.51,0.12,24.37,0.13,142.09,0.88,3.37,0.87,168.09,0.89,4.62,0.9,44.51,0.01,0.01,2324.172968,1776262181000
1776262183.313,283.313,0.11,165.0,0.1,86.51,0.12,1.0,0.14,20.0,0.88,24.37,0.87,142.09,0.89,12.03,0.9,44.51,0.01,0.01,2324.248841,1776262182000
1776262183.609,283.609,0.19,20.0,0.18,155.77,0.22,16.0,0.23,50.0,0.86,20.0,0.85,25.0,0.89,165.0,0.9,86.51,0.03,0.03,2324.248841,1776262182000
1776262183.821,283.821,0.24,15.0,0.23,15.0,0.28,10.0,0.29,40.0,0.77,50.0,0.76,35.0,0.79,75.0,0.8,15.0,0.04,0.02,2324.248841,1776262182000
1776262184.139,284.139,0.26,23.17,0.25,5.0,0.27,10.0,0.28,10.0,0.73,10.0,0.72,10.0,0.74,53.72,0.75,26.0,0.01,0.01,2324.248841,1776262182000
1776262184.488,284.488,0.26,44.41,0.25,21.0,0.27,10.0,0.28,10.0,0.7,13.12,0.69,15.0,0.74,73.17,0.75,5.0,0.01,0.04,2324.323589,1776262183000
1776262184.816,284.816,0.25,21.0,0.24,26.0,0.27,9.25,0.28,10.0,0.73,10.0,0.72,10.0,0.74,44.41,0.75,21.0,0.02,0.01,2324.323589,1776262183000
1776262185.055,285.055,0.24,16.0,0.23,5.0,0.26,10.0,0.27,9.25,0.73,9.25,0.72,10.0,0.75,21.0,0.76,26.0,0.02,0.02,2324.323589,1776262183000
1776262185.326,285.326,0.29,15.0,0.28,20.0,0.3,8.12,0.35,50.0,0.74,10.0,0.73,9.25,0.76,16.0,0.77,5.0,0.01,0.02,2324.323589,1776262183000
1776262185.929,285.929,0.34,10.0,0.33,3.79,0.37,60.0,0.38,45.0,0.65,5.0,0.64,30.0,0.67,14.79,0.68,10.0,0.03,0.02,2324.634403,1776262184000
1776262186.655,286.655,0.36,78.0,0.35,10.0,0.39,27.25,0.4,123.0,0.63,60.0,0.62,45.0,0.66,4.92,0.67,3.79,0.03,0.03,2324.668208,1776262185000
1776262187.515,287.515,0.36,55.0,0.35,20.0,0.39,35.0,0.4,128.0,0.61,27.25,0.6,123.0,0.64,60.12,0.65,10.0,0.03,0.03,2324.837485,1776262186000
1776262187.748,287.748,0.38,10.0,0.37,15.0,0.4,15.0,0.41,225.0,0.61,2.58,0.6,10.0,0.64,72.0,0.65,30.0,0.02,0.03,2324.837485,1776262186000
1776262188.149,288.149,0.36,7.0,0.33,16.0,0.37,13.79,0.38,15.0,0.61,11.92,0.6,14.95,0.63,11.82,0.64,72.0,0.01,0.02,2324.837485,1776262186000
1776262188.357,288.357,0.26,45.0,0.25,5.0,0.3,10.0,0.31,20.0,0.63,13.79,0.62,15.0,0.64,7.0,0.67,16.0,0.04,0.01,2324.922679,1776262187000
1776262188.758,288.758,0.22,5.0,0.21,55.0,0.23,18.89,0.24,15.0,0.74,8.77,0.73,4.09,0.76,5.0,0.77,5.0,0.01,0.02,2324.922679,1776262187000
1776262189.283,289.283,0.23,7.2,0.22,10.0,0.24,10.05,0.25,15.0,0.76,10.05,0.75,15.0,0.79,45.05,0.8,20.0,0.01,0.03,2325.05881,1776262188000
1776262189.636,289.636,0.18,12.25,0.17,50.0,0.24,7.7,0.25,15.0,0.76,10.05,0.75,15.0,0.77,7.2,0.78,10.0,0.06,0.01,2325.05881,1776262188000
1776262190.115,290.115,0.23,203.0,0.22,63.0,0.35,5.0,0.36,5.0,0.76,6.44,0.75,20.0,0.78,10.0,0.79,54.0,0.12,0.02,2324.999749,1776262189000
1776262190.415,290.415,0.4,7.66,0.39,10.0,0.41,219.0,0.42,173.77,0.59,265.0,0.58,213.77,0.76,10.0,0.77,203.0,0.01,0.17,2324.999749,1776262189000
1776262190.624,290.624,0.41,5.0,0.4,7.66,0.42,118.77,0.43,187.86,0.58,118.77,0.57,187.86,0.59,10.0,0.6,7.66,0.01,0.01,2324.999749,1776262189000
1776262190.899,290.899,0.39,10.0,0.38,10.0,0.42,88.77,0.43,187.86,0.58,118.77,0.57,187.86,0.59,5.0,0.6,7.66,0.03,0.01,2324.999749,1776262189000
1776262191.211,291.211,0.41,162.52,0.4,37.0,0.43,182.86,0.44,205.0,0.58,83.77,0.57,187.86,0.59,1.52,0.6,10.0,0.02,0.01,2324.883709,1776262190000
1776262191.601,291.601,0.56,58.72,0.55,30.0,0.58,50.0,0.6,85.0,0.48,50.0,0.47,10.0,0.57,10.0,0.58,37.0,0.02,0.09,2324.883709,1776262190000
1776262191.961,291.961,0.67,10.0,0.66,10.0,0.69,38.06,0.7,230.0,0.39,50.0,0.34,210.0,0.42,6.23,0.43,10.0,0.02,0.03,2324.883709,1776262190000
1776262192.334,292.334,0.72,30.3,0.71,10.0,0.78,55.0,0.79,5.0,0.29,50.0,0.28,55.0,0.31,10.0,0.32,10.0,0.06,0.02,2324.883709,1776262190000
1776262192.548,292.548,0.73,6.84,0.7,22.95,0.81,85.92,0.82,68.97,0.2,4.9,0.19,105.0,0.3,0.95,0.31,10.0,0.08,0.1,2324.883709,1776262190000
1776262192.879,292.879,0.8,117.4,0.79,18.0,0.82,7.24,0.83,5.0,0.19,64.44,0.18,68.97,0.2,51.4,0.21,10.0,0.02,0.01,2324.883709,1776262190000
1776262193.166,293.166,0.82,54.61,0.81,34.51,0.84,5.0,0.85,35.0,0.17,0.87,0.16,5.0,0.19,72.0,0.2,65.4,0.02,0.02,2324.883709,1776262190000
1776262193.39,293.39,0.85,10.0,0.84,10.0,0.86,23.72,0.87,10.0,0.13,5.0,0.12,105.0,0.16,10.0,0.17,52.0,0.01,0.03,2325.08097,1776262192000
1776262193.627,293.627,0.89,13.48,0.88,15.0,0.9,92.18,0.91,50.0,0.1,92.18,0.09,55.0,0.12,10.0,0.13,10.0,0.01,0.02,2325.08097,1776262192000
1776262193.879,293.879,0.89,267.48,0.88,25.0,0.9,67.65,0.91,50.0,0.1,82.65,0.09,50.0,0.11,192.48,0.12,10.0,0.01,0.01,2325.08097,1776262192000
1776262194.109,294.109,0.89,262.48,0.88,25.0,0.9,21.47,0.91,50.0,0.1,26.75,0.09,50.0,0.11,267.48,0.12,25.0,0.01,0.01,2325.08097,1776262192000
1776262194.328,294.328,0.9,281.66,0.89,20.48,0.96,48.35,0.97,68.0,0.09,32.5,0.04,55.0,0.11,262.48,0.12,25.0,0.06,0.02,2325.08097,1776262192000
1776262194.587,294.587,0.96,160.0,0.95,50.0,0.97,4.23,0.98,209.5,0.03,21.23,0.02,204.5,0.05,163.0,0.06,10.0,0.01,0.02,2325.08097,1776262192000
1776262194.859,294.859,0.97,139.0,0.96,39.0,0.98,165.27,0.99,2708.0,0.02,175.27,0.01,2708.0,0.03,144.0,0.04,39.0,0.01,0.01,2325.08097,1776262192000
1776262195.126,295.126,0.96,15.62,0.95,55.0,0.98,32.61,0.99,2708.0,0.02,32.61,0.01,2708.0,0.03,135.5,0.04,39.0,0.02,0.01,2325.08097,1776262192000
1776262195.385,295.385,0.87,42.99,0.86,65.0,0.98,27.51,0.99,2808.0,0.02,32.51,0.01,2813.0,0.03,10.0,0.04,25.62,0.11,0.01,2325.666764,1776262194000
1776262195.608,295.608,0.95,24.0,0.94,10.0,0.97,14.8,0.98,10.0,0.03,29.8,0.02,10.0,0.05,24.0,0.06,10.0,0.02,0.02,2325.666764,1776262194000
1776262195.814,295.814,0.98,12.43,0.97,5.15,0.99,2750.55,,,0.01,2762.55,,,0.02,12.43,0.03,5.15,0.01,0.01,2325.666764,1776262194000
1776262196.061,296.061,0.96,61.87,0.95,34.0,0.97,4.09,0.98,10.0,0.01,2750.55,,,0.04,61.87,0.05,34.0,0.01,0.03,2325.666764,1776262194000
1776262196.278,296.278,0.96,57.07,0.95,34.0,0.97,7.79,0.98,10.0,0.03,2.79,0.02,10.0,0.04,77.07,0.05,34.0,0.01,0.01,2326.007485,1776262195000
1776262196.484,296.484,0.97,73.86,0.96,37.07,0.98,5.21,0.99,1445.55,0.02,6.34,0.01,1445.55,0.03,63.86,0.04,27.07,0.01,0.01,2326.007485,1776262195000
1776262196.771,296.771,0.97,115.72,0.96,15.2,0.98,3.59,0.99,1429.76,0.01,1434.76,,,0.03,115.72,0.04,15.2,0.01,0.02,2326.007485,1776262195000
1776262197.072,297.072,0.97,33.64,0.96,15.2,0.98,8.86,0.99,1399.14,0.02,4.89,0.01,1399.14,0.03,23.64,0.04,15.2,0.01,0.01,2326.007485,1776262195000
1776262197.315,297.315,0.98,10.0,0.97,23.64,0.99,1308.03,,,0.01,1318.14,,,0.03,23.64,0.04,5.2,0.01,0.02,2326.007485,1776262195000
1776262197.525,297.525,0.98,10.0,0.97,33.64,0.99,1059.27,,,0.01,1195.27,,,0.02,10.0,0.03,33.64,0.01,0.01,2326.007485,1776262195000
1776262197.768,297.768,0.97,10.0,0.96,15.2,0.99,746.21,,,0.01,751.21,,,0.03,13.64,0.04,15.2,0.02,0.02,2326.007485,1776262195000
1776262198.071,298.071,0.97,10.0,0.96,15.2,0.99,688.91,,,0.01,717.2,,,0.03,10.0,0.04,15.2,0.02,0.02,2326.023552,1776262196000
1776262198.279,298.279,0.97,216.0,0.96,15.2,0.99,456.2,,,0.01,489.57,,,0.03,216.0,0.04,15.2,0.02,0.02,2326.023552,1776262196000
1776262198.579,298.579,0.99,472.84,0.97,5.0,,,,,,,,,0.01,10.74,0.03,216.0,,,2325.983468,1776262197000
1776262198.883,298.883,0.99,219.32,0.97,5.0,,,,,,,,,0.01,119.32,0.03,5.0,,,2325.983468,1776262197000
1776262199.424,299.424,0.99,592.36,0.98,16.0,,,,,,,,,0.01,110.47,0.02,8.0,,,2325.942,1776262198000
1776262199.966,299.966,0.99,27889.1,0.98,16.0,,,,,,,,,0.01,4710.02,0.02,16.0,,,2325.942,1776262198000

# RESULT,winner=Up,slug=eth-updown-5m-1776261900,ticks=481
