timestamp,elapsed_sec,up_bid_p1,up_bid_s1,up_bid_p2,up_bid_s2,up_ask_p1,up_ask_s1,up_ask_p2,up_ask_s2,down_bid_p1,down_bid_s1,down_bid_p2,down_bid_s2,down_ask_p1,down_ask_s1,down_ask_p2,down_ask_s2,up_spread,down_spread,eth_price,eth_oracle_ts
1776350401.247,1.247,0.49,5.0,0.45,8.88,0.51,34.04,0.6,38.0,0.49,34.04,0.4,38.0,0.51,5.0,0.55,8.88,0.02,0.02,2300.766448,1776350400000
1776350401.646,1.646,0.45,4.42,0.44,70.0,0.49,14.6,0.51,34.04,0.49,34.04,0.37,5.0,0.55,4.42,0.62,8.0,0.04,0.06,2300.766448,1776350400000
1776350402.121,2.121,0.47,5.0,0.46,15.0,0.49,14.6,0.5,22.0,0.51,14.6,0.49,34.04,0.55,4.42,0.56,70.0,0.02,0.04,2300.766448,1776350400000
1776350403.023,3.023,0.48,23.0,0.47,27.0,0.49,14.6,0.5,5.0,0.51,14.6,0.5,22.0,0.53,5.0,0.54,15.0,0.01,0.02,2300.711617,1776350401000
1776350403.381,3.381,0.48,33.0,0.47,37.0,0.49,9.45,0.5,15.0,0.51,14.6,0.5,5.0,0.52,23.0,0.53,27.0,0.01,0.01,2300.656049,1776350402000
1776350403.951,3.951,0.48,28.0,0.47,37.0,0.49,0.28,0.5,15.0,0.51,9.45,0.5,15.0,0.52,33.0,0.53,37.0,0.01,0.01,2300.656049,1776350402000
1776350405.176,5.176,0.48,28.0,0.47,37.0,0.5,5.27,0.51,49.04,0.51,0.28,0.5,15.0,0.52,28.0,0.53,37.0,0.02,0.01,2300.637705,1776350404000
1776350405.74,5.74,0.49,20.09,0.48,28.0,0.51,44.31,0.52,90.0,0.5,5.27,0.49,49.04,0.52,28.0,0.53,37.0,0.02,0.02,2300.637705,1776350404000
1776350406.193,6.193,0.5,21.31,0.49,27.09,0.51,29.31,0.52,70.0,0.49,44.31,0.48,90.0,0.51,20.09,0.52,28.0,0.01,0.02,2300.637705,1776350404000
1776350406.413,6.413,0.5,26.31,0.49,167.09,0.51,17.88,0.56,5.0,0.49,29.31,0.48,70.0,0.5,21.31,0.51,27.09,0.01,0.01,2300.689218,1776350405000
1776350406.62,6.62,0.51,37.12,0.5,134.2,0.57,5.0,0.58,5.0,0.49,12.88,0.44,15.0,0.5,28.13,0.51,167.09,0.06,0.01,2300.689218,1776350405000
1776350407.313,7.313,0.56,98.0,0.55,28.0,0.57,5.0,0.58,30.0,0.43,5.0,0.42,5.0,0.49,37.12,0.5,134.2,0.01,0.06,2300.696855,1776350406000
1776350408.313,8.313,0.56,86.0,0.55,28.0,0.57,20.0,0.58,25.0,0.43,5.0,0.42,30.0,0.44,98.0,0.45,28.0,0.01,0.01,2300.830434,1776350407000
1776350408.733,8.733,0.56,65.0,0.55,18.0,0.57,22.0,0.58,25.0,0.43,20.0,0.42,25.0,0.44,81.0,0.45,43.0,0.01,0.01,2300.830434,1776350407000
1776350409.345,9.345,0.52,97.0,0.51,222.12,0.55,40.5,0.56,25.0,0.43,37.0,0.42,25.0,0.47,95.0,0.48,85.0,0.03,0.04,2300.830434,1776350407000
1776350410.879,10.879,0.54,58.0,0.53,37.0,0.55,30.5,0.56,25.0,0.45,40.5,0.44,25.0,0.48,97.0,0.49,222.12,0.01,0.03,2301.364406,1776350409000
1776350411.133,11.133,0.54,10.82,0.53,12.0,0.55,50.5,0.56,25.0,0.45,30.5,0.44,25.0,0.46,58.0,0.47,37.0,0.01,0.01,2301.364406,1776350409000
1776350411.371,11.371,0.53,12.0,0.52,105.5,0.55,48.68,0.56,25.0,0.45,48.68,0.44,25.0,0.46,8.64,0.47,22.0,0.02,0.01,2301.290667,1776350410000
1776350412.046,12.046,0.52,10.0,0.49,35.09,0.53,52.71,0.54,48.48,0.45,48.68,0.44,25.0,0.47,12.0,0.48,105.5,0.01,0.02,2301.290667,1776350410000
1776350412.415,12.415,0.52,10.0,0.5,10.5,0.53,26.71,0.54,48.48,0.47,52.71,0.46,48.48,0.48,10.0,0.51,35.09,0.01,0.01,2301.290667,1776350410000
1776350412.761,12.761,0.52,5.0,0.5,10.5,0.53,21.71,0.54,35.5,0.47,26.71,0.46,48.48,0.48,10.0,0.5,10.5,0.01,0.01,2301.296982,1776350411000
1776350413.041,13.041,0.52,23.41,0.51,70.5,0.54,5.0,0.55,49.68,0.47,21.71,0.46,35.5,0.48,5.0,0.5,10.5,0.02,0.01,2301.296982,1776350411000
1776350413.346,13.346,0.54,31.0,0.53,15.0,0.55,42.87,0.56,24.01,0.46,5.0,0.45,49.68,0.48,23.41,0.49,70.5,0.01,0.02,2301.296982,1776350411000
1776350413.562,13.562,0.52,90.63,0.51,170.5,0.55,27.86,0.56,25.0,0.45,42.87,0.44,34.01,0.46,31.0,0.47,15.0,0.03,0.01,2301.296982,1776350411000
1776350413.878,13.878,0.52,5.0,0.51,70.5,0.55,32.4,0.56,25.0,0.45,37.4,0.44,25.0,0.46,0.89,0.48,90.63,0.03,0.01,2301.259145,1776350412000
1776350416.132,16.132,0.52,94.61,0.51,121.5,0.53,20.0,0.54,10.0,0.45,32.4,0.44,25.0,0.48,5.0,0.49,70.5,0.01,0.03,2301.077815,1776350414000
1776350416.436,16.436,0.52,60.41,0.51,131.31,0.53,10.0,0.54,10.0,0.47,20.0,0.46,10.0,0.48,94.61,0.49,121.5,0.01,0.01,2301.208159,1776350415000
1776350417.056,17.056,0.52,88.32,0.51,131.31,0.53,10.0,0.54,10.0,0.47,10.0,0.46,10.0,0.48,60.41,0.49,131.31,0.01,0.01,2301.208159,1776350415000
1776350417.413,17.413,0.53,29.0,0.52,33.0,0.54,11.98,0.55,66.4,0.47,10.0,0.46,10.0,0.48,88.32,0.49,131.31,0.01,0.01,2301.208159,1776350415000
1776350418.144,18.144,0.5,11.0,0.49,90.59,0.52,30.5,0.53,65.5,0.46,11.98,0.45,66.4,0.47,29.0,0.48,33.0,0.02,0.01,2301.216545,1776350417000
1776350418.429,18.429,0.5,11.0,0.49,90.59,0.51,11.88,0.52,30.5,0.48,30.5,0.47,65.5,0.5,11.0,0.51,90.59,0.01,0.02,2301.216545,1776350417000
1776350418.882,18.882,0.5,20.0,0.49,121.59,0.51,9.8,0.52,30.5,0.49,11.88,0.48,30.5,0.5,11.0,0.51,90.59,0.01,0.01,2301.216545,1776350417000
1776350423.586,23.586,0.49,106.09,0.48,101.34,0.52,65.5,0.53,32.5,0.49,9.8,0.48,30.5,0.5,20.0,0.51,121.59,0.03,0.01,2300.98677,1776350422000
1776350424.029,24.029,0.49,116.09,0.48,80.5,0.5,10.45,0.51,31.5,0.48,65.5,0.47,32.5,0.51,106.09,0.52,101.34,0.01,0.03,2301.03411,1776350423000
1776350424.994,24.994,0.53,97.7,0.52,195.0,0.55,15.9,0.56,35.5,0.5,10.45,0.49,31.5,0.51,116.09,0.52,80.5,0.02,0.01,2301.03411,1776350423000
1776350425.281,25.281,0.54,6.0,0.53,95.0,0.55,10.9,0.56,55.5,0.45,15.9,0.44,35.5,0.47,97.7,0.48,195.0,0.01,0.02,2301.01265,1776350424000
1776350425.495,25.495,0.54,20.82,0.53,85.0,0.55,15.9,0.56,62.5,0.45,10.9,0.44,62.5,0.46,21.41,0.47,85.0,0.01,0.01,2301.01265,1776350424000
1776350425.865,25.865,0.53,85.0,0.52,161.0,0.55,9.17,0.56,62.5,0.45,15.9,0.44,62.5,0.46,20.82,0.47,85.0,0.02,0.01,2301.01265,1776350424000
1776350430.765,30.765,0.54,15.0,0.53,95.0,0.55,83.31,0.56,40.5,0.45,1.44,0.44,62.5,0.47,85.0,0.48,171.5,0.01,0.02,2301.301709,1776350429000
1776350432.795,32.795,0.52,10.0,0.51,10.0,0.55,154.29,0.56,119.5,0.45,83.31,0.44,40.5,0.46,15.0,0.47,95.0,0.03,0.01,2301.30224,1776350431000
1776350435.004,35.004,0.52,109.24,0.51,115.62,0.53,5.0,0.54,15.0,0.45,154.29,0.44,119.5,0.48,10.0,0.49,10.0,0.01,0.03,2301.225071,1776350433000
1776350436.038,36.038,0.52,110.0,0.51,90.0,0.53,30.5,0.54,137.5,0.47,5.0,0.46,15.0,0.48,109.24,0.49,115.62,0.01,0.01,2301.08663,1776350434000
1776350436.365,36.365,0.52,102.0,0.51,95.0,0.53,79.72,0.54,30.5,0.47,30.5,0.46,137.5,0.48,110.0,0.49,90.0,0.01,0.01,2301.060701,1776350435000
1776350442.024,42.024,0.49,175.0,0.48,162.5,0.51,9.0,0.52,37.5,0.47,79.72,0.46,30.5,0.48,102.0,0.49,95.0,0.02,0.01,2300.937192,1776350440000
1776350444.549,44.549,0.49,155.0,0.48,135.0,0.5,57.5,0.51,49.5,0.49,9.0,0.48,37.5,0.51,175.0,0.52,162.5,0.01,0.02,2300.96047,1776350443000
1776350448.433,48.433,0.49,5.0,0.48,135.0,0.5,79.5,0.51,152.49,0.5,57.5,0.49,49.5,0.51,155.0,0.52,135.0,0.01,0.01,2300.629719,1776350447000
1776350450.268,50.268,0.4,2.66,0.39,15.0,0.42,10.0,0.43,178.0,0.5,79.5,0.49,152.49,0.51,5.0,0.52,135.0,0.02,0.01,2300.548131,1776350449000
1776350450.601,50.601,0.38,23.0,0.37,42.0,0.41,92.2,0.42,155.0,0.58,10.0,0.57,178.0,0.6,2.66,0.61,15.0,0.03,0.02,2300.548131,1776350449000
1776350450.802,50.802,0.36,44.42,0.35,15.0,0.37,15.0,0.38,15.0,0.63,15.0,0.62,15.0,0.64,44.42,0.65,15.0,0.01,0.01,2300.548131,1776350449000
1776350451.152,51.152,0.34,30.0,0.33,5.0,0.37,225.0,0.38,85.0,0.63,15.0,0.62,15.0,0.64,44.42,0.65,15.0,0.03,0.01,2300.548131,1776350449000
1776350451.996,51.996,0.3,6.0,0.28,50.0,0.31,142.98,0.32,15.0,0.66,10.0,0.65,69.0,0.68,8.0,0.69,5.0,0.01,0.02,2300.1968,1776350450000
1776350452.411,52.411,0.28,55.0,0.27,20.0,0.29,75.0,0.3,10.0,0.69,141.56,0.68,15.0,0.72,50.0,0.73,10.0,0.01,0.03,2299.884801,1776350451000
1776350452.763,52.763,0.28,119.0,0.27,15.0,0.29,8.1,0.3,10.0,0.71,28.1,0.69,10.0,0.72,80.0,0.73,20.0,0.01,0.01,2299.884801,1776350451000
1776350453.1,53.1,0.29,0.72,0.28,102.0,0.31,6.09,0.32,10.0,0.7,6.96,0.69,10.0,0.71,5.72,0.72,102.0,0.02,0.01,2299.884801,1776350451000
1776350453.384,53.384,0.28,81.5,0.27,96.91,0.29,44.0,0.3,10.0,0.71,8.28,0.69,6.09,0.72,102.0,0.73,106.91,0.01,0.01,2299.52893,1776350452000
1776350455.196,55.196,0.34,26.25,0.33,146.5,0.35,35.0,0.36,15.0,0.71,44.0,0.7,10.0,0.72,81.5,0.73,96.91,0.01,0.01,2298.90195,1776350453000
1776350455.4,55.4,0.35,20.5,0.34,141.5,0.36,1.12,0.37,10.0,0.65,35.0,0.64,15.0,0.66,26.25,0.67,146.5,0.01,0.01,2298.90195,1776350453000
1776350455.751,55.751,0.35,15.34,0.34,101.5,0.36,29.12,0.37,20.0,0.64,1.12,0.63,10.0,0.65,20.5,0.66,141.5,0.01,0.01,2298.861959,1776350454000
1776350456.431,56.431,0.36,5.35,0.35,25.34,0.38,10.0,0.39,35.0,0.63,20.0,0.62,10.0,0.65,22.34,0.66,101.5,0.02,0.02,2298.908403,1776350455000
1776350456.729,56.729,0.35,15.69,0.34,170.73,0.37,10.0,0.38,10.0,0.63,10.0,0.62,10.0,0.64,1.35,0.65,25.34,0.02,0.01,2298.908403,1776350455000
1776350457.243,57.243,0.36,14.0,0.35,15.69,0.39,84.01,0.41,145.0,0.63,10.0,0.62,10.0,0.65,15.69,0.66,170.73,0.03,0.02,2298.908403,1776350455000
1776350457.456,57.456,0.38,10.93,0.37,10.0,0.39,96.01,0.4,10.0,0.61,94.01,0.6,15.0,0.62,10.93,0.63,15.0,0.01,0.01,2298.908403,1776350455000
1776350458.121,58.121,0.38,28.87,0.37,16.0,0.39,91.01,0.4,10.5,0.61,91.01,0.6,10.0,0.62,49.22,0.63,10.0,0.01,0.01,2299.500974,1776350456000
1776350458.799,58.799,0.38,97.37,0.37,51.5,0.39,15.01,0.41,45.0,0.61,91.01,0.6,10.5,0.62,28.87,0.63,16.0,0.01,0.01,2299.518692,1776350457000
1776350459.949,59.949,0.38,68.5,0.37,128.99,0.4,10.0,0.41,45.0,0.61,15.01,0.59,45.0,0.62,89.3,0.63,51.5,0.02,0.01,2299.503873,1776350458000
1776350462.311,62.311,0.48,15.0,0.47,90.0,0.5,33.78,0.52,160.0,0.6,10.0,0.59,45.0,0.62,68.5,0.63,128.99,0.02,0.02,2299.85858,1776350460000
1776350462.708,62.708,0.48,20.0,0.47,110.0,0.49,2.43,0.5,33.78,0.5,33.78,0.48,160.0,0.52,15.0,0.53,90.0,0.01,0.02,2300.109985,1776350461000
1776350463.668,63.668,0.48,6.25,0.47,110.0,0.49,2.43,0.5,33.78,0.51,2.43,0.5,33.78,0.52,20.0,0.53,110.0,0.01,0.01,2300.299347,1776350462000
1776350464.311,64.311,0.48,11.25,0.47,115.0,0.49,0.38,0.5,33.78,0.51,2.43,0.5,33.78,0.52,6.25,0.53,110.0,0.01,0.01,2300.697872,1776350463000
1776350464.754,64.754,0.48,40.25,0.47,55.64,0.49,9.0,0.5,33.78,0.51,0.38,0.5,33.78,0.52,11.25,0.53,115.0,0.01,0.01,2300.697872,1776350463000
1776350464.967,64.967,0.51,59.8,0.48,367.57,0.56,55.5,0.57,139.98,0.48,50.0,0.47,60.0,0.52,327.15,0.53,55.64,0.05,0.04,2300.697872,1776350463000
1776350465.397,65.397,0.55,103.07,0.54,40.0,0.56,1.92,0.57,10.0,0.44,6.92,0.43,71.98,0.45,10.0,0.46,10.0,0.01,0.01,2300.697872,1776350463000
1776350466.119,66.119,0.59,123.51,0.58,161.0,0.6,40.0,0.61,189.0,0.43,23.0,0.42,150.0,0.45,48.3,0.46,19.26,0.01,0.02,2300.793275,1776350464000
1776350466.523,66.523,0.59,103.51,0.58,161.0,0.61,64.0,0.62,175.0,0.4,15.0,0.39,189.0,0.41,113.51,0.42,161.0,0.02,0.01,2300.728818,1776350465000
1776350466.77,66.77,0.61,10.0,0.6,10.0,0.62,10.95,0.63,75.0,0.39,64.0,0.38,175.0,0.41,103.51,0.42,161.0,0.01,0.02,2300.728818,1776350465000
1776350467.254,67.254,0.62,70.0,0.61,60.0,0.64,200.0,0.65,130.0,0.38,7.85,0.37,75.0,0.39,31.0,0.4,10.0,0.02,0.01,2300.728818,1776350465000
1776350467.99,67.99,0.63,46.0,0.61,6.0,0.64,278.0,0.65,209.38,0.36,200.0,0.35,130.0,0.38,70.0,0.39,60.0,0.01,0.02,2301.660698,1776350466000
1776350468.337,68.337,0.59,1.0,0.58,15.0,0.63,44.0,0.64,430.0,0.36,258.0,0.35,209.38,0.37,37.56,0.39,6.0,0.04,0.01,2301.888795,1776350467000
1776350468.662,68.662,0.6,1.6,0.59,10.0,0.62,25.5,0.63,43.0,0.38,5.0,0.37,15.0,0.39,5.0,0.4,26.0,0.02,0.01,2301.888795,1776350467000
1776350469.198,69.198,0.59,5.0,0.58,10.0,0.6,13.0,0.61,107.34,0.38,25.5,0.37,43.0,0.41,10.0,0.42,15.0,0.01,0.03,2301.888795,1776350467000
1776350469.677,69.677,0.59,5.0,0.58,10.0,0.6,11.33,0.61,77.34,0.4,13.0,0.39,107.34,0.41,5.0,0.42,10.0,0.01,0.01,2302.010605,1776350468000
1776350470.75,70.75,0.62,4.01,0.6,10.0,0.63,56.5,0.64,377.48,0.37,10.5,0.36,426.98,0.38,9.15,0.41,50.85,0.01,0.01,2301.701507,1776350469000
1776350471.096,71.096,0.6,0.8,0.57,5.0,0.63,68.5,0.64,377.48,0.37,56.5,0.36,377.48,0.38,4.01,0.4,10.0,0.03,0.01,2301.701507,1776350469000
1776350471.306,71.306,0.6,0.8,0.58,10.0,0.61,6.65,0.62,10.0,0.39,16.65,0.38,10.0,0.4,0.8,0.42,10.0,0.01,0.01,2301.701507,1776350469000
1776350471.839,71.839,0.54,6.72,0.53,86.0,0.55,10.0,0.56,10.0,0.39,110.71,0.38,110.0,0.41,8.34,0.42,10.0,0.01,0.02,2301.68769,1776350470000
1776350472.301,72.301,0.56,34.63,0.55,10.0,0.57,5.0,0.58,5.0,0.44,0.2,0.43,15.0,0.46,6.72,0.47,86.0,0.01,0.02,2301.800505,1776350471000
1776350472.679,72.679,0.56,33.63,0.55,15.0,0.57,17.23,0.58,25.5,0.43,5.0,0.42,5.0,0.44,34.63,0.45,10.0,0.01,0.01,2301.800505,1776350471000
1776350473.371,73.371,0.56,24.63,0.54,56.0,0.57,0.73,0.58,45.5,0.43,17.23,0.42,25.5,0.44,33.63,0.45,15.0,0.01,0.01,2301.800505,1776350471000
1776350474.239,74.239,0.56,30.0,0.55,20.0,0.57,148.74,0.58,120.5,0.43,0.73,0.42,45.5,0.44,24.63,0.46,56.0,0.01,0.01,2301.44378,1776350473000
1776350475.126,75.126,0.56,10.0,0.55,10.0,0.57,181.98,0.58,220.5,0.43,148.74,0.42,120.5,0.44,30.0,0.45,20.0,0.01,0.01,2301.44378,1776350473000
1776350475.693,75.693,0.54,70.0,0.53,20.5,0.55,114.0,0.56,125.5,0.43,181.98,0.42,220.5,0.44,10.0,0.45,10.0,0.01,0.01,2301.426634,1776350474000
1776350476.222,76.222,0.54,75.0,0.53,10.0,0.55,182.5,0.56,150.5,0.45,114.0,0.44,125.5,0.46,70.0,0.47,20.5,0.01,0.01,2301.426634,1776350474000
1776350476.732,76.732,0.54,20.0,0.53,10.0,0.55,128.24,0.56,150.5,0.45,182.5,0.44,150.5,0.46,75.0,0.47,10.0,0.01,0.01,2301.349394,1776350475000
1776350477.0,77.0,0.54,44.5,0.53,36.5,0.55,15.0,0.56,20.5,0.45,128.24,0.44,150.5,0.46,20.0,0.47,10.0,0.01,0.01,2301.331916,1776350476000
1776350477.408,77.408,0.54,64.2,0.53,41.5,0.56,4.16,0.57,75.5,0.45,5.0,0.44,10.0,0.46,49.2,0.47,36.5,0.02,0.01,2301.331916,1776350476000
1776350478.369,78.369,0.55,14.46,0.54,40.0,0.56,24.16,0.57,80.5,0.44,4.16,0.43,75.5,0.46,64.2,0.47,41.5,0.01,0.02,2301.240911,1776350477000
1776350479.175,79.175,0.54,30.5,0.53,136.5,0.55,28.86,0.56,10.0,0.44,23.3,0.43,80.5,0.45,14.46,0.46,40.0,0.01,0.01,2301.240911,1776350477000
1776350479.623,79.623,0.54,250.76,0.53,149.38,0.57,30.0,0.59,50.0,0.45,28.86,0.44,10.0,0.46,30.5,0.47,136.5,0.03,0.01,2301.277392,1776350478000
1776350480.389,80.389,0.58,69.59,0.57,15.0,0.59,25.0,0.6,10.0,0.43,30.0,0.41,50.0,0.46,250.76,0.47,149.38,0.01,0.03,2301.269035,1776350479000
1776350481.141,81.141,0.61,105.0,0.6,16.0,0.63,35.0,0.64,185.0,0.41,25.0,0.4,10.0,0.42,69.59,0.43,15.0,0.02,0.01,2301.269035,1776350479000
1776350481.486,81.486,0.62,66.0,0.61,117.0,0.64,110.0,0.65,25.0,0.37,35.0,0.36,185.0,0.39,105.0,0.4,16.0,0.02,0.02,2301.33913,1776350480000
1776350481.783,81.783,0.64,10.0,0.63,10.0,0.65,5.5,0.66,10.5,0.35,10.5,0.33,31.01,0.37,70.0,0.38,31.0,0.01,0.02,2301.33913,1776350480000
1776350482.09,82.09,0.63,14.56,0.62,15.0,0.65,16.5,0.66,20.5,0.35,5.5,0.34,10.5,0.36,10.0,0.37,10.0,0.02,0.01,2301.33913,1776350480000
1776350482.322,82.322,0.62,7.0,0.61,10.0,0.64,30.0,0.65,16.5,0.35,16.5,0.34,20.5,0.37,14.56,0.38,15.0,0.02,0.02,2301.796051,1776350481000
1776350482.727,82.727,0.61,6.29,0.6,15.0,0.63,62.5,0.64,25.5,0.36,10.0,0.35,37.5,0.38,4.36,0.39,10.0,0.02,0.02,2301.796051,1776350481000
1776350483.137,83.137,0.62,10.0,0.61,6.29,0.63,55.41,0.64,25.5,0.37,62.5,0.36,25.5,0.39,6.29,0.4,15.0,0.01,0.02,2301.989761,1776350482000
1776350483.662,83.662,0.62,10.0,0.61,6.29,0.63,49.24,0.64,25.5,0.37,35.33,0.36,25.5,0.38,10.0,0.39,6.29,0.01,0.01,2301.989761,1776350482000
1776350485.125,85.125,0.6,2.5,0.59,90.0,0.61,10.0,0.62,62.5,0.37,49.24,0.36,25.5,0.38,10.0,0.39,6.29,0.01,0.01,2301.9948,1776350484000
1776350487.225,87.225,0.64,10.0,0.63,10.0,0.66,50.0,0.67,40.0,0.39,10.0,0.38,62.5,0.4,2.5,0.41,90.0,0.02,0.01,2301.955858,1776350485000
1776350488.33,88.33,0.64,20.0,0.63,10.0,0.66,20.5,0.67,15.0,0.34,50.0,0.33,40.0,0.36,10.0,0.37,10.0,0.02,0.02,2301.884972,1776350486000
1776350489.025,89.025,0.67,15.0,0.66,15.0,0.68,42.02,0.69,318.01,0.34,20.5,0.33,15.0,0.36,20.0,0.37,10.0,0.01,0.02,2302.02917,1776350487000
1776350489.46,89.46,0.66,15.0,0.65,2.23,0.69,270.0,0.7,324.98,0.32,48.5,0.31,379.99,0.35,2.23,0.36,15.0,0.03,0.03,2302.137418,1776350488000
1776350489.731,89.731,0.67,10.0,0.66,17.0,0.68,5.0,0.69,362.5,0.31,270.0,0.3,324.98,0.34,15.0,0.35,2.23,0.01,0.03,2302.137418,1776350488000
1776350490.639,90.639,0.67,26.0,0.66,27.5,0.68,4.06,0.69,292.0,0.32,9.06,0.31,312.5,0.33,15.0,0.34,17.0,0.01,0.01,2302.145288,1776350489000
1776350491.248,91.248,0.68,1.71,0.67,39.0,0.69,170.0,0.7,150.0,0.31,270.0,0.3,150.0,0.32,4.84,0.33,31.0,0.01,0.01,2302.060041,1776350490000
1776350493.123,93.123,0.67,1.45,0.66,7.0,0.68,95.5,0.69,180.0,0.31,170.0,0.3,150.0,0.32,1.71,0.33,39.0,0.01,0.01,2302.229729,1776350491000
1776350494.69,94.69,0.64,45.0,0.63,30.0,0.65,10.46,0.66,17.0,0.32,94.02,0.31,180.0,0.36,40.0,0.37,20.0,0.01,0.04,2302.270445,1776350493000
1776350496.517,96.517,0.62,20.0,0.61,50.0,0.63,91.51,0.64,62.0,0.35,10.46,0.34,17.0,0.36,45.0,0.37,30.0,0.01,0.01,2301.978555,1776350495000
1776350497.521,97.521,0.61,25.11,0.6,60.5,0.62,5.0,0.63,5.0,0.36,5.51,0.35,35.46,0.38,20.0,0.39,50.0,0.01,0.02,2302.059979,1776350496000
1776350497.8,97.8,0.61,45.72,0.6,60.5,0.62,1.51,0.63,5.0,0.38,5.0,0.37,5.0,0.39,45.72,0.4,55.5,0.01,0.01,2302.059979,1776350496000
1776350500.587,100.587,0.59,55.5,0.58,271.5,0.6,9.76,0.61,15.0,0.38,1.51,0.37,5.0,0.39,45.72,0.4,60.5,0.01,0.01,2301.871076,1776350499000
1776350501.741,101.741,0.59,41.0,0.58,155.5,0.6,28.95,0.61,15.0,0.4,4.67,0.39,15.0,0.41,50.5,0.42,271.5,0.01,0.01,2301.73307,1776350500000
1776350502.446,102.446,0.59,5.9,0.58,160.5,0.6,20.0,0.61,10.0,0.38,19.48,0.37,20.0,0.41,25.0,0.42,155.5,0.01,0.03,2301.65729,1776350501000
1776350504.532,104.532,0.54,77.13,0.53,135.0,0.55,49.0,0.56,25.0,0.4,20.0,0.39,10.0,0.41,5.9,0.42,160.5,0.01,0.01,2301.605513,1776350503000
1776350505.016,105.016,0.54,62.13,0.53,155.5,0.55,43.18,0.56,35.0,0.45,49.0,0.44,25.0,0.46,77.13,0.47,135.0,0.01,0.01,2301.605513,1776350503000
1776350506.531,106.531,0.57,299.97,0.56,176.0,0.6,1.56,0.63,5.0,0.45,43.18,0.44,35.0,0.46,62.13,0.47,155.5,0.03,0.01,2301.010125,1776350505000
1776350508.151,108.151,0.65,9.85,0.64,10.0,0.66,133.0,0.67,70.0,0.37,5.0,0.36,25.0,0.39,6.15,0.4,8.33,0.01,0.02,2300.977625,1776350506000
1776350508.648,108.648,0.65,12.0,0.64,10.0,0.66,110.0,0.67,70.0,0.34,138.0,0.33,70.0,0.36,10.0,0.37,15.0,0.01,0.02,2301.183417,1776350507000
1776350510.249,110.249,0.65,2.08,0.64,10.0,0.66,190.0,0.67,70.0,0.34,110.0,0.33,70.0,0.35,12.0,0.36,10.0,0.01,0.01,2301.890024,1776350508000
1776350512.785,112.785,0.65,7.08,0.64,20.5,0.66,53.88,0.68,155.0,0.34,190.0,0.33,70.0,0.35,2.08,0.36,10.0,0.01,0.01,2301.82772,1776350511000
1776350514.826,114.826,0.65,9.48,0.64,20.0,0.66,103.0,0.67,196.41,0.34,53.88,0.32,155.0,0.35,7.08,0.36,20.5,0.01,0.01,2301.77291,1776350513000
1776350515.153,115.153,0.64,15.0,0.63,20.5,0.65,26.46,0.66,58.48,0.34,106.48,0.33,209.42,0.36,10.0,0.37,20.5,0.01,0.02,2301.77291,1776350513000
1776350515.665,115.665,0.64,65.18,0.63,20.5,0.65,22.0,0.66,88.74,0.35,26.46,0.34,58.48,0.36,15.0,0.37,20.5,0.01,0.01,2301.77291,1776350513000
1776350516.118,116.118,0.64,75.42,0.63,25.5,0.65,22.0,0.66,36.48,0.35,22.0,0.34,88.74,0.36,65.18,0.37,20.5,0.01,0.01,2301.912478,1776350514000
1776350516.57,116.57,0.64,80.42,0.63,25.5,0.66,36.48,0.67,85.0,0.35,22.0,0.34,36.48,0.36,75.42,0.37,25.5,0.02,0.01,2301.912478,1776350514000
1776350517.647,117.647,0.65,80.78,0.64,170.42,0.66,4.0,0.67,53.31,0.34,41.48,0.33,85.0,0.35,51.78,0.36,70.42,0.01,0.01,2301.892376,1776350516000
1776350518.425,118.425,0.66,57.0,0.65,70.78,0.67,56.81,0.68,70.0,0.34,4.0,0.33,53.31,0.35,80.78,0.36,170.42,0.01,0.01,2301.855922,1776350517000
1776350518.857,118.857,0.68,53.95,0.67,25.5,0.69,55.0,0.7,266.0,0.33,56.81,0.32,70.0,0.34,57.0,0.35,70.78,0.01,0.01,2301.855922,1776350517000
1776350520.572,120.572,0.67,10.0,0.66,10.0,0.69,118.0,0.7,250.0,0.31,55.0,0.3,266.0,0.32,53.95,0.33,25.5,0.02,0.01,2301.980664,1776350519000
1776350521.61,121.61,0.66,10.0,0.65,10.0,0.67,81.0,0.68,16.0,0.31,118.0,0.3,250.0,0.33,10.0,0.34,10.0,0.01,0.02,2302.220486,1776350520000
1776350521.821,121.821,0.66,4.23,0.65,10.0,0.67,31.0,0.68,39.01,0.33,81.0,0.32,16.0,0.34,10.0,0.35,10.0,0.01,0.01,2302.220486,1776350520000
1776350522.443,122.443,0.66,4.23,0.65,20.5,0.67,37.5,0.68,39.01,0.33,31.0,0.32,39.01,0.34,4.23,0.35,10.0,0.01,0.01,2302.210149,1776350521000
1776350523.286,123.286,0.66,66.73,0.65,20.5,0.68,21.0,0.69,20.0,0.33,37.5,0.32,39.01,0.34,4.23,0.35,20.5,0.02,0.01,2302.210149,1776350521000
1776350524.033,124.033,0.67,4.0,0.66,10.0,0.68,98.0,0.69,122.98,0.32,5.0,0.31,36.0,0.33,16.96,0.34,25.73,0.01,0.01,2302.045932,1776350522000
1776350524.312,124.312,0.66,10.0,0.65,10.0,0.67,2.8,0.68,71.0,0.32,98.0,0.31,122.98,0.33,4.0,0.34,10.0,0.01,0.01,2302.045932,1776350523000
1776350524.552,124.552,0.66,9.41,0.65,10.0,0.67,10.0,0.68,87.25,0.33,2.8,0.32,71.0,0.34,10.0,0.35,10.0,0.01,0.01,2302.045932,1776350523000
1776350525.045,125.045,0.64,37.0,0.63,70.0,0.65,4.61,0.66,146.98,0.33,10.0,0.32,87.25,0.34,9.41,0.35,10.0,0.01,0.01,2302.045932,1776350523000
1776350525.265,125.265,0.63,70.0,0.62,55.0,0.64,13.43,0.65,115.61,0.35,33.61,0.34,283.48,0.37,70.0,0.38,55.0,0.01,0.02,2302.021055,1776350524000
1776350527.301,127.301,0.53,200.0,0.52,200.0,0.55,15.0,0.56,15.0,0.36,13.43,0.35,115.61,0.37,70.0,0.38,55.0,0.02,0.01,2302.017521,1776350525000
1776350528.532,128.532,0.55,12.73,0.53,220.5,0.56,41.0,0.57,27.0,0.45,15.0,0.44,15.0,0.47,200.0,0.48,200.0,0.01,0.02,2301.384556,1776350527000
1776350528.786,128.786,0.55,23.23,0.54,10.5,0.56,58.08,0.57,43.0,0.44,24.44,0.43,27.0,0.45,12.73,0.47,220.5,0.01,0.01,2301.384556,1776350527000
1776350529.48,129.48,0.56,94.5,0.55,21.0,0.57,26.0,0.58,25.0,0.44,29.08,0.43,43.0,0.45,14.02,0.46,20.5,0.01,0.01,2301.032073,1776350528000
1776350529.798,129.798,0.56,271.5,0.55,33.0,0.58,9.79,0.6,35.0,0.43,26.0,0.42,25.0,0.44,94.5,0.45,21.0,0.02,0.01,2301.032073,1776350528000
1776350530.028,130.028,0.57,70.5,0.56,265.5,0.61,25.0,0.62,50.0,0.39,25.0,0.38,50.0,0.43,110.5,0.44,260.5,0.04,0.04,2301.032073,1776350528000
1776350530.529,130.529,0.61,100.0,0.6,150.5,0.62,14.38,0.64,60.0,0.39,25.0,0.38,50.0,0.43,70.5,0.44,265.5,0.01,0.04,2301.032073,1776350528000
1776350530.803,130.803,0.61,114.5,0.6,165.5,0.64,60.0,0.65,10.0,0.38,4.38,0.36,60.0,0.39,125.5,0.4,160.5,0.03,0.01,2300.930484,1776350529000
1776350531.206,131.206,0.67,30.0,0.66,10.0,0.69,89.0,0.7,170.0,0.36,60.0,0.35,10.0,0.39,114.5,0.4,165.5,0.02,0.03,2300.930484,1776350529000
1776350532.093,132.093,0.69,14.49,0.68,86.0,0.7,120.0,0.71,254.0,0.31,89.0,0.3,170.0,0.33,30.0,0.34,10.0,0.01,0.02,2301.372081,1776350530000
1776350532.533,132.533,0.69,10.0,0.68,93.0,0.71,254.0,0.72,160.0,0.3,120.0,0.29,254.0,0.31,14.49,0.32,86.0,0.02,0.01,2301.950075,1776350531000
1776350533.557,133.557,0.7,183.0,0.69,125.5,0.71,6.77,0.72,176.0,0.29,254.0,0.28,160.0,0.31,10.0,0.32,93.0,0.01,0.02,2302.281312,1776350532000
1776350534.174,134.174,0.67,10.0,0.66,10.0,0.72,381.75,0.73,363.5,0.29,6.77,0.28,176.0,0.3,183.0,0.31,125.5,0.05,0.01,2302.281312,1776350532000
1776350534.421,134.421,0.65,11.0,0.64,16.0,0.66,75.0,0.67,215.0,0.37,7.83,0.35,12.6,0.38,109.9,0.39,201.0,0.01,0.01,2302.600835,1776350533000
1776350534.706,134.706,0.65,21.0,0.64,16.0,0.66,4.18,0.67,91.0,0.34,75.0,0.33,215.0,0.35,11.0,0.36,16.0,0.01,0.01,2302.600835,1776350533000
1776350534.983,134.983,0.68,46.0,0.67,10.0,0.69,0.76,0.7,84.0,0.34,4.18,0.33,91.0,0.35,20.44,0.36,16.0,0.01,0.01,2302.639058,1776350534000
1776350535.359,135.359,0.69,16.0,0.68,37.0,0.7,114.73,0.71,11.0,0.3,92.72,0.29,82.98,0.32,56.2,0.33,16.0,0.01,0.02,2302.639058,1776350534000
1776350536.617,136.617,0.67,20.0,0.66,10.0,0.68,99.91,0.69,51.5,0.3,114.73,0.29,11.0,0.31,16.0,0.32,37.0,0.01,0.01,2302.235179,1776350535000
1776350537.785,137.785,0.63,15.0,0.61,91.0,0.66,16.0,0.67,138.0,0.32,106.76,0.31,51.5,0.33,4.0,0.34,35.0,0.03,0.01,2302.266985,1776350536000
1776350538.689,138.689,0.56,60.5,0.55,10.0,0.57,6.62,0.59,15.0,0.34,16.0,0.33,138.0,0.37,15.0,0.39,91.0,0.01,0.03,2302.220577,1776350537000
1776350539.624,139.624,0.58,15.5,0.57,50.5,0.62,53.11,0.63,97.5,0.43,10.0,0.42,10.0,0.44,0.5,0.45,10.0,0.04,0.01,2302.142805,1776350538000
1776350540.996,140.996,0.62,95.5,0.61,30.5,0.63,44.41,0.64,35.0,0.38,53.11,0.37,97.5,0.42,15.5,0.43,50.5,0.01,0.04,2301.366032,1776350540000
1776350542.181,142.181,0.63,206.5,0.62,265.5,0.65,8.43,0.66,26.0,0.36,51.0,0.34,31.0,0.38,100.5,0.39,30.5,0.02,0.02,2301.361365,1776350541000
1776350542.542,142.542,0.65,48.01,0.64,25.5,0.66,16.0,0.67,135.0,0.34,26.0,0.33,135.0,0.36,20.5,0.37,206.5,0.01,0.02,2301.361365,1776350541000
1776350546.272,146.272,0.68,29.0,0.67,31.5,0.69,39.0,0.7,25.5,0.33,135.0,0.32,10.0,0.35,43.01,0.36,25.5,0.01,0.02,2302.226254,1776350545000
1776350549.379,149.379,0.69,106.7,0.68,93.5,0.71,80.0,0.72,150.5,0.31,39.0,0.3,25.5,0.32,29.0,0.33,31.5,0.02,0.01,2302.261439,1776350548000
1776350550.442,150.442,0.69,21.0,0.68,39.0,0.71,113.5,0.72,165.5,0.29,80.0,0.28,150.5,0.31,106.7,0.32,93.5,0.02,0.02,2302.240405,1776350549000
1776350551.532,151.532,0.69,18.0,0.68,20.0,0.7,36.5,0.71,65.5,0.29,113.5,0.28,165.5,0.32,30.0,0.33,26.5,0.01,0.03,2302.358111,1776350550000
1776350552.074,152.074,0.69,18.0,0.68,30.5,0.7,28.85,0.71,65.5,0.3,36.5,0.29,65.5,0.31,18.0,0.32,20.0,0.01,0.01,2302.358111,1776350550000
1776350555.789,155.789,0.72,12.0,0.71,28.0,0.73,160.51,0.74,316.49,0.3,28.85,0.29,65.5,0.31,18.0,0.32,30.5,0.01,0.01,2302.3978,1776350554000
1776350556.268,156.268,0.71,16.64,0.7,10.0,0.72,26.5,0.73,26.5,0.27,217.49,0.26,324.51,0.29,12.0,0.3,10.0,0.01,0.02,2302.487671,1776350555000
1776350556.555,156.555,0.71,6.64,0.7,10.0,0.72,26.5,0.73,26.5,0.28,26.5,0.27,26.5,0.29,16.64,0.3,10.0,0.01,0.01,2302.487671,1776350555000
1776350557.111,157.111,0.71,3.19,0.7,10.0,0.72,66.5,0.73,26.5,0.28,26.5,0.27,26.5,0.29,6.64,0.3,10.0,0.01,0.01,2302.487671,1776350555000
1776350558.942,158.942,0.73,90.0,0.72,75.5,0.74,72.0,0.75,395.5,0.28,66.5,0.27,26.5,0.29,3.19,0.3,10.0,0.01,0.01,2302.262144,1776350557000
1776350559.416,159.416,0.73,204.2,0.72,181.5,0.75,375.0,0.77,195.0,0.26,52.25,0.25,395.5,0.27,90.0,0.28,75.5,0.02,0.01,2302.293897,1776350558000
1776350560.662,160.662,0.74,47.3,0.73,26.0,0.75,5.0,0.77,130.0,0.25,375.0,0.23,195.0,0.27,204.2,0.28,181.5,0.01,0.02,2302.39775,1776350559000
1776350561.072,161.072,0.76,20.0,0.75,10.0,0.77,169.0,0.78,55.0,0.23,130.0,0.22,55.0,0.24,45.0,0.26,91.3,0.01,0.01,2302.553551,1776350560000
1776350561.928,161.928,0.76,39.23,0.75,10.0,0.77,96.5,0.78,50.0,0.23,169.0,0.22,55.0,0.24,20.0,0.25,10.0,0.01,0.01,2302.553551,1776350560000
1776350562.251,162.251,0.76,38.89,0.75,10.0,0.77,81.5,0.78,60.5,0.23,96.5,0.22,50.0,0.24,39.23,0.25,10.0,0.01,0.01,2302.739555,1776350561000
1776350562.888,162.888,0.76,31.55,0.75,10.0,0.77,59.5,0.78,65.5,0.23,41.96,0.22,60.5,0.24,43.55,0.25,10.0,0.01,0.01,2302.739555,1776350561000
1776350563.566,163.566,0.76,91.55,0.75,20.5,0.77,7.04,0.78,50.0,0.23,30.54,0.22,65.5,0.24,41.55,0.25,10.0,0.01,0.01,2302.739015,1776350562000
1776350564.069,164.069,0.76,94.67,0.75,25.5,0.77,7.04,0.79,179.99,0.23,7.04,0.22,50.0,0.24,91.55,0.25,20.5,0.01,0.01,2302.739015,1776350562000
1776350564.678,164.678,0.78,60.5,0.77,132.5,0.79,149.99,0.8,160.0,0.21,179.99,0.2,165.5,0.24,123.67,0.25,25.5,0.01,0.03,2302.75611,1776350563000
1776350565.597,165.597,0.81,42.0,0.8,39.55,0.82,69.18,0.83,100.0,0.2,160.0,0.19,50.0,0.22,80.16,0.23,132.5,0.01,0.02,2302.722765,1776350564000
1776350565.896,165.896,0.82,9.51,0.81,46.68,0.83,100.0,0.84,155.5,0.18,66.74,0.17,100.0,0.19,36.68,0.2,39.55,0.01,0.01,2302.722765,1776350564000
1776350566.292,166.292,0.82,9.51,0.81,36.68,0.83,1.99,0.84,155.5,0.17,100.0,0.16,155.5,0.18,9.51,0.19,46.68,0.01,0.01,2302.770155,1776350565000
1776350566.599,166.599,0.82,5.87,0.81,9.68,0.83,63.0,0.84,247.5,0.17,72.0,0.16,220.5,0.18,13.87,0.19,9.68,0.01,0.01,2302.770155,1776350565000
1776350566.89,166.89,0.8,11.0,0.79,10.0,0.81,49.54,0.82,5.0,0.19,55.59,0.18,5.0,0.2,11.05,0.21,10.0,0.01,0.01,2302.770155,1776350565000
1776350567.656,167.656,0.79,4.0,0.78,10.0,0.81,193.88,0.82,20.5,0.19,67.38,0.18,66.98,0.2,11.0,0.21,10.0,0.02,0.01,2303.028716,1776350566000
1776350567.876,167.876,0.78,10.0,0.77,10.0,0.8,222.48,0.81,149.09,0.2,179.48,0.19,179.09,0.21,10.0,0.22,10.0,0.02,0.01,2303.028716,1776350566000
1776350568.684,168.684,0.79,10.0,0.78,10.0,0.8,174.28,0.81,300.1,0.2,222.48,0.19,149.09,0.22,10.0,0.23,10.0,0.01,0.02,2303.266173,1776350567000
1776350568.978,168.978,0.79,10.0,0.78,10.0,0.8,203.81,0.81,282.09,0.2,174.28,0.19,300.1,0.21,10.0,0.22,10.0,0.01,0.01,2303.266173,1776350567000
1776350569.48,169.48,0.79,10.0,0.78,10.0,0.8,167.51,0.81,179.49,0.2,203.81,0.19,282.09,0.21,10.0,0.22,10.0,0.01,0.01,2302.953232,1776350568000
1776350570.32,170.32,0.79,5.23,0.78,10.0,0.8,231.99,0.81,179.49,0.2,165.01,0.19,179.49,0.21,5.23,0.22,10.0,0.01,0.01,2302.853795,1776350569000
1776350570.858,170.858,0.79,5.23,0.78,10.0,0.8,235.87,0.81,179.49,0.2,231.99,0.19,179.49,0.21,5.23,0.22,10.0,0.01,0.01,2302.853795,1776350569000
1776350572.444,172.444,0.79,21.23,0.78,20.5,0.8,44.0,0.81,90.5,0.2,235.87,0.19,179.49,0.21,5.23,0.22,10.0,0.01,0.01,2302.78371,1776350571000
1776350572.678,172.678,0.79,26.23,0.78,20.5,0.8,36.0,0.81,80.0,0.2,44.0,0.19,90.5,0.21,21.23,0.22,20.5,0.01,0.01,2302.78371,1776350571000
1776350575.16,175.16,0.79,16.23,0.78,10.0,0.8,89.75,0.81,80.5,0.2,36.0,0.19,80.0,0.21,26.23,0.22,20.5,0.01,0.01,2302.803804,1776350573000
1776350575.473,175.473,0.79,16.23,0.78,10.0,0.8,78.15,0.81,80.5,0.2,89.75,0.19,80.5,0.21,16.23,0.22,10.0,0.01,0.01,2302.892094,1776350574000
1776350575.868,175.868,0.79,11.46,0.78,10.0,0.8,48.15,0.81,80.5,0.2,78.15,0.19,80.5,0.21,16.23,0.22,10.0,0.01,0.01,2302.892094,1776350574000
1776350577.022,177.022,0.79,21.46,0.78,20.5,0.8,51.25,0.81,80.5,0.2,48.15,0.19,80.5,0.21,11.46,0.22,10.0,0.01,0.01,2302.878436,1776350575000
1776350577.429,177.429,0.78,28.75,0.77,30.5,0.79,13.73,0.8,36.25,0.2,51.25,0.19,85.5,0.22,18.25,0.23,35.5,0.01,0.02,2302.842811,1776350576000
1776350578.485,178.485,0.78,10.0,0.77,20.0,0.79,67.9,0.8,52.76,0.21,13.73,0.2,36.25,0.22,28.75,0.23,30.5,0.01,0.01,2302.819426,1776350577000
1776350580.466,180.466,0.76,6.17,0.75,20.0,0.77,141.5,0.78,161.5,0.22,25.5,0.21,83.23,0.23,10.0,0.24,44.17,0.01,0.01,2302.7615,1776350579000
1776350580.955,180.955,0.73,80.0,0.72,82.89,0.74,12.29,0.75,77.0,0.23,141.5,0.22,161.5,0.25,20.0,0.26,10.0,0.01,0.02,2302.7615,1776350579000
1776350581.52,181.52,0.73,10.0,0.72,82.89,0.74,149.23,0.75,63.5,0.26,12.29,0.25,77.0,0.27,80.0,0.28,82.89,0.01,0.01,2302.7615,1776350579000
1776350581.879,181.879,0.73,10.0,0.72,82.89,0.74,167.66,0.75,53.5,0.26,169.23,0.25,63.5,0.28,82.89,0.29,30.5,0.01,0.02,2302.625667,1776350580000
1776350582.088,182.088,0.73,9.59,0.72,82.89,0.74,139.66,0.75,87.48,0.26,167.66,0.25,53.5,0.27,10.0,0.28,82.89,0.01,0.01,2302.625667,1776350580000
1776350582.581,182.581,0.73,27.59,0.72,82.89,0.74,62.73,0.75,70.0,0.26,118.09,0.25,146.98,0.27,2.59,0.28,82.89,0.01,0.01,2302.456512,1776350581000
1776350583.187,183.187,0.78,10.0,0.77,10.0,0.8,47.43,0.81,5.0,0.24,10.77,0.23,20.3,0.25,17.0,0.26,136.0,0.02,0.01,2302.456512,1776350581000
1776350583.813,183.813,0.79,22.0,0.78,10.0,0.8,44.53,0.82,174.4,0.2,47.43,0.19,5.0,0.22,10.0,0.23,10.0,0.01,0.02,2302.114009,1776350582000
1776350584.02,184.02,0.79,15.0,0.78,15.0,0.8,43.28,0.82,174.4,0.2,44.53,0.18,174.4,0.21,22.0,0.22,10.0,0.01,0.01,2302.114009,1776350582000
1776350584.393,184.393,0.78,10.0,0.77,27.5,0.79,52.0,0.8,49.28,0.2,43.28,0.19,10.0,0.21,5.0,0.22,15.0,0.01,0.01,2302.114009,1776350582000
1776350584.638,184.638,0.76,10.0,0.75,10.0,0.78,140.0,0.79,33.0,0.22,94.0,0.21,28.0,0.24,10.0,0.25,17.0,0.02,0.02,2302.114009,1776350582000
1776350586.22,186.22,0.7,22.0,0.69,40.5,0.71,70.0,0.72,70.0,0.27,3.75,0.26,95.0,0.28,82.89,0.29,20.0,0.01,0.01,2302.691425,1776350584000
1776350586.463,186.463,0.7,74.7,0.69,40.5,0.71,30.0,0.72,70.0,0.29,70.0,0.28,70.0,0.3,22.0,0.31,40.5,0.01,0.01,2302.672574,1776350585000
1776350586.911,186.911,0.71,52.5,0.7,55.5,0.72,93.12,0.73,11.0,0.28,70.0,0.27,6.0,0.3,60.5,0.31,40.5,0.01,0.02,2302.672574,1776350585000
1776350587.279,187.279,0.71,54.05,0.7,65.5,0.72,93.12,0.73,11.0,0.28,93.12,0.27,11.0,0.29,52.5,0.3,55.5,0.01,0.01,2302.672574,1776350585000
1776350587.677,187.677,0.71,92.05,0.7,65.5,0.72,8.12,0.73,6.0,0.28,93.12,0.27,11.0,0.29,54.05,0.3,65.5,0.01,0.01,2302.672574,1776350585000
1776350589.496,189.496,0.73,76.5,0.72,65.5,0.74,65.0,0.75,70.0,0.27,6.0,0.26,136.0,0.29,92.05,0.3,65.5,0.01,0.02,2302.08908,1776350588000
1776350589.738,189.738,0.73,83.5,0.72,75.5,0.74,59.0,0.75,70.0,0.26,65.0,0.25,70.0,0.27,76.5,0.28,65.5,0.01,0.01,2302.08908,1776350588000
1776350591.735,191.735,0.79,15.26,0.78,32.5,0.81,75.0,0.82,10.0,0.23,0.51,0.22,17.0,0.27,58.5,0.28,40.5,0.02,0.04,2302.319945,1776350590000
1776350592.789,192.789,0.81,20.0,0.8,42.5,0.82,26.96,0.83,60.0,0.19,75.0,0.18,10.0,0.21,15.26,0.22,32.5,0.01,0.02,2302.53371,1776350591000
1776350593.353,193.353,0.81,239.5,0.8,135.5,0.82,7.0,0.83,10.0,0.18,20.91,0.17,60.0,0.19,15.0,0.2,42.5,0.01,0.01,2302.769043,1776350592000
1776350593.569,193.569,0.84,7.0,0.82,194.0,0.85,6.13,0.86,110.0,0.15,31.13,0.14,160.0,0.17,7.0,0.18,80.0,0.01,0.02,2302.769043,1776350592000
1776350593.841,193.841,0.83,27.0,0.82,204.5,0.87,114.61,0.88,69.1,0.16,4.04,0.15,10.0,0.17,10.0,0.18,227.0,0.04,0.01,2302.769043,1776350592000
1776350594.107,194.107,0.84,16.39,0.83,10.0,0.85,13.01,0.86,10.0,0.13,118.9,0.12,69.1,0.16,10.0,0.17,17.0,0.01,0.03,2303.238905,1776350593000
1776350594.414,194.414,0.85,28.59,0.84,10.0,0.86,38.58,0.87,111.9,0.14,0.73,0.13,118.9,0.15,9.59,0.16,15.98,0.01,0.01,2303.238905,1776350593000
1776350595.024,195.024,0.85,28.59,0.84,10.0,0.86,38.79,0.87,45.0,0.14,38.58,0.13,111.9,0.15,28.59,0.16,10.0,0.01,0.01,2303.329243,1776350594000
1776350595.663,195.663,0.84,7.0,0.83,10.0,0.86,120.5,0.87,35.0,0.14,38.79,0.13,45.0,0.15,28.59,0.16,10.0,0.02,0.01,2303.329243,1776350594000
1776350596.052,196.052,0.82,10.0,0.81,10.0,0.83,132.0,0.84,89.25,0.16,79.25,0.15,24.94,0.22,10.0,0.23,10.0,0.01,0.06,2303.740947,1776350595000
1776350596.496,196.496,0.8,10.0,0.79,10.0,0.83,132.0,0.84,89.25,0.17,132.0,0.16,89.25,0.18,10.0,0.19,10.0,0.03,0.01,2303.740947,1776350595000
1776350596.88,196.88,0.8,10.0,0.79,10.0,0.83,126.0,0.84,89.25,0.17,132.0,0.16,89.25,0.2,10.0,0.21,10.0,0.03,0.03,2303.740947,1776350595000
1776350597.56,197.56,0.82,15.0,0.81,16.0,0.83,68.79,0.84,89.25,0.18,18.93,0.17,86.45,0.19,10.0,0.2,15.0,0.01,0.01,2303.529523,1776350596000
1776350598.019,198.019,0.82,66.1,0.81,21.0,0.84,89.25,0.85,4.94,0.17,68.79,0.16,89.25,0.18,15.0,0.19,16.0,0.02,0.01,2303.529523,1776350596000
1776350598.442,198.442,0.83,30.0,0.82,21.1,0.84,96.77,0.85,14.94,0.16,86.25,0.15,4.94,0.17,10.5,0.18,66.1,0.01,0.01,2302.98,1776350597000
1776350598.67,198.67,0.83,12.0,0.82,21.1,0.84,96.77,0.85,14.94,0.16,96.77,0.15,14.94,0.17,30.0,0.18,21.1,0.01,0.01,2302.98,1776350597000
1776350599.022,199.022,0.83,5.0,0.82,16.1,0.84,3.9,0.85,19.94,0.15,14.94,0.14,10.0,0.17,12.0,0.18,21.1,0.01,0.02,2302.98,1776350597000
1776350599.499,199.499,0.82,16.1,0.81,10.0,0.83,28.68,0.84,3.9,0.16,3.9,0.15,19.94,0.17,5.0,0.18,16.1,0.01,0.01,2303.080359,1776350598000
1776350599.765,199.765,0.82,16.1,0.81,10.0,0.83,19.68,0.84,23.9,0.17,28.68,0.16,3.9,0.18,16.1,0.19,10.0,0.01,0.01,2303.080359,1776350598000
1776350601.776,201.776,0.82,25.5,0.81,25.5,0.84,83.9,0.85,23.92,0.17,19.68,0.16,23.9,0.18,16.1,0.19,10.0,0.02,0.01,2303.143916,1776350600000
1776350603.302,203.302,0.82,25.5,0.81,51.15,0.84,53.78,0.85,23.92,0.16,83.9,0.15,23.92,0.18,25.5,0.19,25.5,0.02,0.02,2303.094782,1776350601000
1776350603.992,203.992,0.82,33.5,0.81,101.15,0.83,3.82,0.84,53.78,0.16,53.78,0.15,23.92,0.18,25.5,0.19,51.15,0.01,0.02,2303.057952,1776350602000
1776350604.891,204.891,0.83,147.18,0.82,139.11,0.85,11.94,0.86,10.0,0.16,53.78,0.15,4.94,0.17,5.18,0.18,33.5,0.02,0.01,2303.116818,1776350603000
1776350605.189,205.189,0.85,10.0,0.84,89.32,0.88,53.25,0.89,46.79,0.14,2.83,0.13,10.0,0.16,9.32,0.17,166.18,0.03,0.02,2303.116818,1776350603000
1776350605.449,205.449,0.85,10.0,0.84,80.0,0.87,2.83,0.88,53.25,0.12,53.25,0.11,46.79,0.15,10.0,0.16,89.32,0.02,0.03,2303.116818,1776350603000
1776350605.831,205.831,0.86,17.0,0.85,10.0,0.87,1.68,0.88,53.25,0.13,2.83,0.12,53.25,0.15,10.0,0.16,80.0,0.01,0.02,2303.280863,1776350604000
1776350606.851,206.851,0.86,6.41,0.85,10.0,0.88,52.63,0.89,53.79,0.13,0.53,0.12,53.25,0.14,16.41,0.15,10.0,0.02,0.01,2303.81195,1776350605000
1776350607.148,207.148,0.86,6.41,0.85,10.0,0.88,52.63,0.89,53.79,0.13,3.93,0.12,52.63,0.14,6.41,0.15,10.0,0.02,0.01,2304.116261,1776350606000
1776350607.374,207.374,0.86,39.41,0.85,10.0,0.88,17.39,0.89,53.79,0.12,26.49,0.11,53.79,0.14,39.41,0.15,10.0,0.02,0.02,2304.116261,1776350606000
1776350607.91,207.91,0.86,49.41,0.85,10.0,0.87,5.61,0.88,10.0,0.11,53.79,0.1,185.0,0.14,39.41,0.15,10.0,0.01,0.03,2304.116261,1776350606000
1776350608.747,208.747,0.86,185.16,0.85,30.5,0.87,6.27,0.88,10.0,0.13,5.38,0.12,10.0,0.14,59.41,0.15,20.0,0.01,0.01,2304.108212,1776350607000
1776350609.06,209.06,0.86,180.16,0.85,30.5,0.89,46.4,0.9,230.0,0.13,6.27,0.12,10.0,0.14,185.16,0.15,30.5,0.03,0.01,2304.000326,1776350608000
1776350609.624,209.624,0.87,27.0,0.86,30.5,0.88,37.28,0.89,56.41,0.11,20.4,0.1,230.0,0.14,180.16,0.15,30.5,0.01,0.03,2304.000326,1776350608000
1776350609.846,209.846,0.87,27.0,0.86,30.5,0.88,6.55,0.89,22.08,0.11,33.26,0.1,263.01,0.13,27.0,0.14,30.5,0.01,0.02,2304.000326,1776350608000
1776350610.173,210.173,0.87,22.0,0.86,30.5,0.9,263.01,0.91,110.0,0.12,0.93,0.11,22.08,0.13,22.0,0.14,30.5,0.03,0.01,2303.98869,1776350609000
1776350610.385,210.385,0.88,7.1,0.87,32.0,0.9,230.0,0.91,65.0,0.1,263.01,0.09,110.0,0.13,22.0,0.14,30.5,0.02,0.03,2303.98869,1776350609000
1776350610.995,210.995,0.88,27.1,0.87,17.0,0.9,203.93,0.91,65.0,0.1,230.0,0.09,65.0,0.12,12.1,0.13,37.0,0.02,0.02,2303.98869,1776350609000
1776350611.206,211.206,0.88,27.1,0.87,17.0,0.9,200.59,0.91,65.0,0.1,203.93,0.09,65.0,0.12,27.1,0.13,17.0,0.02,0.02,2303.937371,1776350610000
1776350611.463,211.463,0.88,22.1,0.87,10.0,0.91,65.0,0.92,122.0,0.11,20.0,0.1,200.59,0.12,17.1,0.13,17.0,0.03,0.01,2303.937371,1776350610000
1776350611.721,211.721,0.87,10.0,0.86,30.5,0.89,26.0,0.91,65.0,0.09,65.0,0.08,122.0,0.12,22.1,0.13,10.0,0.02,0.03,2303.937371,1776350610000
1776350612.254,212.254,0.87,7.0,0.86,30.5,0.89,34.86,0.9,10.0,0.11,36.0,0.09,65.0,0.13,7.0,0.14,30.5,0.02,0.02,2303.96036,1776350611000
1776350612.6,212.6,0.87,11.0,0.84,8.0,0.88,6.0,0.89,15.0,0.12,6.0,0.11,32.77,0.17,163.84,0.18,15.0,0.01,0.05,2303.96036,1776350611000
1776350613.3,213.3,0.85,10.0,0.84,10.0,0.86,81.27,0.87,10.0,0.14,63.44,0.13,10.0,0.16,8.0,0.17,16.02,0.01,0.02,2303.915714,1776350612000
1776350613.708,213.708,0.85,12.1,0.84,133.3,0.86,19.15,0.87,10.0,0.14,24.27,0.13,10.0,0.15,7.1,0.16,133.3,0.01,0.01,2303.915714,1776350612000
1776350614.577,214.577,0.85,17.1,0.84,133.3,0.87,5.4,0.88,10.0,0.13,10.0,0.12,10.0,0.15,7.1,0.16,133.3,0.02,0.02,2303.516207,1776350613000
1776350614.969,214.969,0.85,12.1,0.84,133.3,0.87,14.72,0.88,10.0,0.13,5.4,0.12,10.0,0.15,17.1,0.16,133.3,0.02,0.02,2303.516207,1776350613000
1776350615.213,215.213,0.86,15.0,0.85,22.1,0.87,39.11,0.88,90.01,0.13,11.27,0.12,35.0,0.15,17.1,0.16,133.3,0.01,0.02,2303.489679,1776350614000
1776350616.004,216.004,0.86,25.0,0.85,20.1,0.88,10.21,0.89,10.0,0.12,10.0,0.11,15.01,0.14,15.0,0.15,22.1,0.02,0.02,2303.489679,1776350614000
1776350616.582,216.582,0.87,5.0,0.86,20.0,0.88,11.52,0.89,10.0,0.12,4.52,0.11,10.0,0.13,5.0,0.14,30.0,0.01,0.01,2303.47208,1776350615000
1776350616.998,216.998,0.87,20.0,0.86,25.0,0.88,0.28,0.89,10.0,0.12,11.52,0.11,10.0,0.13,5.0,0.14,20.0,0.01,0.01,2303.47208,1776350615000
1776350617.685,217.685,0.88,25.0,0.87,43.0,0.89,7.0,0.9,110.0,0.12,0.28,0.11,10.0,0.13,20.0,0.14,25.0,0.01,0.01,2303.466681,1776350616000
1776350618.154,218.154,0.88,10.0,0.87,43.0,0.9,84.86,0.91,65.0,0.11,1.0,0.1,85.0,0.12,20.0,0.13,43.0,0.02,0.01,2303.466681,1776350616000
1776350618.471,218.471,0.89,144.37,0.88,15.0,0.91,65.0,0.92,172.0,0.1,41.86,0.09,65.0,0.11,144.37,0.12,15.0,0.02,0.01,2303.466681,1776350616000
1776350618.849,218.849,0.89,143.37,0.88,15.0,0.9,20.0,0.91,109.0,0.09,65.0,0.08,172.0,0.11,144.37,0.12,15.0,0.01,0.02,2303.528576,1776350617000
1776350619.132,219.132,0.89,128.37,0.88,22.0,0.9,55.71,0.91,103.29,0.1,63.51,0.09,103.29,0.11,128.37,0.12,27.0,0.01,0.01,2303.528576,1776350617000
1776350619.498,219.498,0.89,151.37,0.88,22.0,0.9,191.09,0.91,168.3,0.1,55.71,0.09,103.29,0.11,128.37,0.12,22.0,0.01,0.01,2303.528576,1776350617000
1776350619.75,219.75,0.89,151.37,0.88,22.0,0.9,120.87,0.91,168.3,0.1,155.87,0.09,168.3,0.11,151.37,0.12,22.0,0.01,0.01,2303.528576,1776350617000
1776350621.063,221.063,0.89,166.37,0.88,22.0,0.9,8.77,0.91,103.29,0.1,120.87,0.09,168.3,0.11,151.37,0.12,22.0,0.01,0.01,2303.898742,1776350619000
1776350621.266,221.266,0.89,166.37,0.88,22.0,0.91,103.29,0.92,22.0,0.1,7.1,0.09,103.29,0.11,166.37,0.12,22.0,0.02,0.01,2303.899682,1776350620000
1776350621.699,221.699,0.89,166.37,0.88,22.0,0.91,101.64,0.92,22.0,0.09,103.29,0.08,22.0,0.11,166.37,0.12,22.0,0.02,0.02,2303.899682,1776350620000
1776350622.329,222.329,0.89,193.37,0.88,31.0,0.91,99.32,0.92,22.0,0.09,100.53,0.08,22.0,0.11,181.37,0.12,31.0,0.02,0.02,2303.899682,1776350620000
1776350622.545,222.545,0.9,23.0,0.89,248.37,0.91,35.35,0.92,22.0,0.09,37.0,0.08,22.0,0.1,23.0,0.11,248.37,0.01,0.01,2303.900191,1776350621000
1776350622.815,222.815,0.91,20.0,0.9,39.0,0.93,79.19,0.94,57.0,0.07,80.0,0.06,57.0,0.09,15.0,0.1,34.0,0.02,0.02,2303.900191,1776350621000
1776350623.029,223.029,0.91,41.63,0.9,193.61,0.92,7.89,0.93,79.19,0.08,9.53,0.07,79.19,0.09,34.63,0.1,193.61,0.01,0.01,2303.900191,1776350621000
1776350623.305,223.305,0.91,34.63,0.9,198.61,0.93,66.18,0.94,57.0,0.07,71.18,0.06,57.0,0.09,41.63,0.1,193.61,0.02,0.02,2304.160898,1776350622000
1776350623.642,223.642,0.91,60.63,0.9,214.61,0.93,60.0,0.94,57.0,0.07,64.74,0.06,57.0,0.09,45.63,0.1,209.61,0.02,0.02,2304.160898,1776350622000
1776350624.059,224.059,0.92,64.9,0.91,126.63,0.93,5.0,0.94,57.0,0.07,60.0,0.06,57.0,0.09,60.63,0.1,214.61,0.01,0.02,2304.160898,1776350622000
1776350624.417,224.417,0.92,97.9,0.91,121.63,0.93,3.54,0.94,51.3,0.06,51.3,0.05,45.0,0.08,76.9,0.09,126.63,0.01,0.02,2304.287964,1776350623000
1776350624.687,224.687,0.92,117.4,0.91,149.13,0.93,1.54,0.94,30.3,0.07,3.54,0.06,51.3,0.08,97.9,0.09,121.63,0.01,0.01,2304.287964,1776350623000
1776350625.183,225.183,0.93,35.0,0.92,95.4,0.94,5.0,0.95,73.12,0.05,57.0,0.04,100.0,0.08,117.4,0.09,159.13,0.01,0.03,2304.287964,1776350623000
1776350625.39,225.39,0.94,96.26,0.93,62.0,0.96,199.95,0.97,162.22,0.04,201.0,0.03,162.22,0.06,91.26,0.07,67.0,0.02,0.02,2304.37287,1776350624000
1776350625.894,225.894,0.94,145.26,0.93,63.5,0.95,3.68,0.96,206.36,0.04,199.95,0.03,162.22,0.06,96.26,0.07,62.0,0.01,0.02,2304.37287,1776350624000
1776350626.292,226.292,0.95,26.52,0.94,73.0,0.96,175.3,0.97,162.22,0.04,176.36,0.03,162.22,0.05,16.52,0.06,145.26,0.01,0.01,2304.37287,1776350625000
1776350626.609,226.609,0.95,46.82,0.94,88.5,0.96,167.69,0.97,162.22,0.04,172.69,0.03,162.22,0.05,35.82,0.06,83.5,0.01,0.01,2304.37287,1776350625000
1776350626.891,226.891,0.95,79.32,0.94,100.5,0.96,157.69,0.97,162.22,0.04,167.69,0.03,162.22,0.05,46.82,0.06,88.5,0.01,0.01,2304.37287,1776350625000
1776350627.411,227.411,0.95,64.26,0.94,75.5,0.96,132.69,0.97,162.22,0.04,157.69,0.03,162.22,0.05,79.32,0.06,100.5,0.01,0.01,2304.612736,1776350626000
1776350627.66,227.66,0.95,64.26,0.94,86.12,0.96,131.64,0.97,162.22,0.04,132.69,0.03,162.22,0.05,64.26,0.06,75.5,0.01,0.01,2304.612736,1776350626000
1776350628.449,228.449,0.95,69.26,0.94,194.92,0.96,152.1,0.97,162.22,0.04,716.3,0.03,162.22,0.05,69.26,0.06,86.12,0.01,0.01,2304.957609,1776350627000
1776350628.976,228.976,0.95,182.06,0.94,219.92,0.96,294.74,0.97,162.22,0.04,157.37,0.03,162.22,0.05,150.06,0.06,194.92,0.01,0.01,2304.957609,1776350627000
1776350629.226,229.226,0.95,181.06,0.94,196.92,0.96,331.39,0.97,162.22,0.04,284.37,0.03,162.22,0.05,182.06,0.06,219.92,0.01,0.01,2304.957609,1776350627000
1776350629.578,229.578,0.95,169.06,0.94,221.92,0.96,112.41,0.97,162.22,0.04,331.39,0.03,162.22,0.05,181.06,0.06,196.92,0.01,0.01,2305.075758,1776350628000
1776350629.791,229.791,0.95,250.06,0.94,209.92,0.96,121.09,0.97,217.22,0.04,122.14,0.03,217.22,0.05,255.06,0.06,209.92,0.01,0.01,2305.075758,1776350628000
1776350630.033,230.033,0.95,295.06,0.94,234.92,0.96,163.98,0.97,945.23,0.04,117.94,0.03,217.22,0.05,250.06,0.06,209.92,0.01,0.01,2305.075758,1776350628000
1776350630.687,230.687,0.95,275.06,0.94,234.92,0.96,10.29,0.97,217.22,0.04,149.73,0.03,945.23,0.05,295.06,0.06,234.92,0.01,0.01,2305.082217,1776350629000
1776350630.92,230.92,0.95,187.06,0.94,214.92,0.96,98.08,0.97,162.22,0.04,10.29,0.03,217.22,0.05,275.06,0.06,234.92,0.01,0.01,2305.082217,1776350629000
1776350631.149,231.149,0.95,182.06,0.94,224.92,0.96,97.03,0.97,177.23,0.04,98.08,0.03,162.22,0.05,187.06,0.06,214.92,0.01,0.01,2305.182285,1776350630000
1776350631.629,231.629,0.95,177.06,0.94,199.92,0.96,67.2,0.97,162.22,0.04,95.98,0.03,162.22,0.05,182.06,0.06,199.92,0.01,0.01,2305.182285,1776350630000
1776350632.117,232.117,0.96,27.33,0.95,132.06,0.97,162.22,0.98,387.02,0.03,162.22,0.02,487.02,0.04,5.72,0.05,182.06,0.01,0.01,2305.30385,1776350631000
1776350632.405,232.405,0.96,193.35,0.95,232.06,0.97,285.22,0.98,340.0,0.03,162.22,0.02,387.02,0.04,27.33,0.05,132.06,0.01,0.01,2305.30385,1776350631000
1776350632.612,232.612,0.96,303.08,0.95,232.06,0.97,270.22,0.98,340.0,0.03,285.22,0.02,340.0,0.04,193.08,0.05,232.06,0.01,0.01,2305.30385,1776350631000
1776350634.051,234.051,0.96,288.08,0.95,237.06,0.97,259.92,0.98,340.0,0.03,265.07,0.02,340.0,0.04,303.08,0.05,232.06,0.01,0.01,2305.284632,1776350632000
1776350634.318,234.318,0.96,283.08,0.95,254.06,0.97,232.59,0.98,340.0,0.03,259.92,0.02,340.0,0.04,288.08,0.05,237.06,0.01,0.01,2305.284632,1776350632000
1776350634.535,234.535,0.96,238.08,0.95,232.06,0.97,201.55,0.98,340.0,0.03,202.59,0.02,340.0,0.04,238.08,0.05,237.06,0.01,0.01,2305.284632,1776350632000
1776350636.869,236.869,0.96,331.58,0.95,254.06,0.97,171.55,0.98,340.0,0.03,201.55,0.02,340.0,0.04,238.08,0.05,232.06,0.01,0.01,2305.260605,1776350635000
1776350637.203,237.203,0.96,331.58,0.95,254.06,0.97,141.55,0.98,340.0,0.03,171.55,0.02,340.0,0.04,331.58,0.05,254.06,0.01,0.01,2305.082076,1776350636000
1776350637.517,237.517,0.96,314.08,0.95,254.06,0.98,206.16,0.99,2253.46,0.03,141.55,0.02,340.0,0.04,329.58,0.05,254.06,0.02,0.01,2305.082076,1776350636000
1776350638.009,238.009,0.96,329.58,0.95,266.06,0.98,206.16,0.99,2253.46,0.02,206.16,0.01,2253.46,0.04,314.08,0.05,254.06,0.02,0.02,2305.082076,1776350636000
1776350638.867,238.867,0.97,291.33,0.96,264.08,0.98,206.16,0.99,2253.46,0.02,206.16,0.01,2253.46,0.04,329.58,0.05,266.06,0.01,0.02,2305.21903,1776350637000
1776350639.07,239.07,0.97,264.82,0.96,211.08,0.98,206.16,0.99,2253.46,0.02,206.16,0.01,2253.46,0.03,291.33,0.04,264.08,0.01,0.01,2305.259775,1776350638000
1776350639.425,239.425,0.97,264.82,0.96,221.58,0.98,176.16,0.99,2253.46,0.02,206.16,0.01,2253.46,0.03,264.82,0.04,211.08,0.01,0.01,2305.259775,1776350638000
1776350639.903,239.903,0.97,329.52,0.96,221.58,0.98,132.86,0.99,2253.46,0.02,132.86,0.01,2253.46,0.03,327.82,0.04,221.58,0.01,0.01,2305.259775,1776350638000
1776350640.287,240.287,0.97,118.22,0.96,108.7,0.98,99.76,0.99,2273.46,0.02,102.86,0.01,2273.46,0.03,233.22,0.04,211.08,0.01,0.01,2305.256544,1776350639000
1776350640.489,240.489,0.97,118.22,0.96,108.7,0.98,251.52,0.99,2273.46,0.02,252.55,0.01,2273.46,0.03,118.22,0.04,108.7,0.01,0.01,2305.256544,1776350639000
1776350640.97,240.97,0.97,64.32,0.96,108.7,0.98,427.11,0.99,2273.46,0.02,245.46,0.01,2273.46,0.03,118.22,0.04,108.7,0.01,0.01,2305.256544,1776350639000
1776350641.619,241.619,0.97,36.63,0.96,108.7,0.98,241.93,0.99,2273.46,0.02,343.97,0.01,2273.46,0.03,21.32,0.04,108.7,0.01,0.01,2305.25037,1776350640000
1776350642.067,242.067,0.97,31.63,0.96,108.7,0.98,145.88,0.99,2673.46,0.02,149.88,0.01,2673.46,0.03,36.63,0.04,108.7,0.01,0.01,2305.25037,1776350640000
1776350642.397,242.397,0.97,19.73,0.96,108.7,0.98,100.78,0.99,2309.86,0.02,100.78,0.01,2309.86,0.03,31.63,0.04,108.7,0.01,0.01,2305.203569,1776350641000
1776350642.606,242.606,0.97,19.73,0.96,108.7,0.98,135.91,0.99,2309.86,0.02,100.78,0.01,2309.86,0.03,19.73,0.04,108.7,0.01,0.01,2305.203569,1776350641000
1776350643.055,243.055,0.97,192.43,0.96,108.7,0.98,163.01,0.99,2309.86,0.02,134.88,0.01,2309.86,0.03,29.73,0.04,108.7,0.01,0.01,2305.203569,1776350641000
1776350643.707,243.707,0.97,201.7,0.96,108.7,0.98,131.58,0.99,2309.86,0.02,159.97,0.01,2309.86,0.03,197.43,0.04,108.7,0.01,0.01,2304.797834,1776350642000
1776350644.022,244.022,0.97,201.7,0.96,108.7,0.99,2309.86,,,0.02,131.58,0.01,2309.86,0.03,201.7,0.04,108.7,0.02,0.01,2304.792616,1776350643000
1776350644.661,244.661,0.98,268.78,0.97,192.43,0.99,1889.86,,,0.01,2309.86,,,0.03,201.7,0.04,108.7,0.01,0.02,2304.792616,1776350643000
1776350644.912,244.912,0.98,234.78,0.97,163.43,0.99,1859.65,,,0.01,1869.86,,,0.02,253.78,0.03,182.43,0.01,0.01,2304.792616,1776350643000
1776350645.32,245.32,0.98,234.78,0.97,163.43,0.99,1851.57,,,0.01,1859.65,,,0.02,234.78,0.03,163.43,0.01,0.01,2304.904405,1776350644000
1776350645.63,245.63,0.98,234.78,0.97,163.43,0.99,1820.24,,,0.01,1850.55,,,0.02,234.78,0.03,163.43,0.01,0.01,2304.904405,1776350644000
1776350645.95,245.95,0.98,234.78,0.97,163.43,0.99,1650.19,,,0.01,1654.24,,,0.02,234.78,0.03,163.43,0.01,0.01,2304.904405,1776350644000
1776350646.229,246.229,0.98,195.6,0.97,153.43,0.99,1648.19,,,0.01,1648.19,,,0.02,234.78,0.03,163.43,0.01,0.01,2305.008115,1776350645000
1776350647.49,247.49,0.98,275.78,0.97,153.43,0.99,1493.35,,,0.01,1648.19,,,0.02,195.6,0.03,153.43,0.01,0.01,2305.430745,1776350646000
1776350647.884,247.884,0.98,256.78,0.97,153.43,0.99,1374.75,,,0.01,1475.75,,,0.02,256.78,0.03,153.43,0.01,0.01,2305.430745,1776350646000
1776350648.133,248.133,0.98,247.6,0.97,153.43,0.99,1268.69,,,0.01,1273.74,,,0.02,256.78,0.03,153.43,0.01,0.01,2305.431105,1776350647000
1776350648.613,248.613,0.98,256.78,0.97,153.43,0.99,1235.4,,,0.01,1263.69,,,0.02,247.6,0.03,153.43,0.01,0.01,2305.431105,1776350647000
1776350649.447,249.447,0.98,256.78,0.97,176.43,0.99,1215.4,,,0.01,1235.4,,,0.02,256.78,0.03,153.43,0.01,0.01,2305.431105,1776350647000
1776350650.016,250.016,0.98,419.78,0.97,186.43,0.99,1119.21,,,0.01,1197.21,,,0.02,256.78,0.03,153.43,0.01,0.01,2305.440695,1776350648000
1776350650.3,250.3,0.98,326.78,0.97,168.43,0.99,1117.21,,,0.01,1119.21,,,0.02,419.78,0.03,186.43,0.01,0.01,2305.44467,1776350649000
1776350650.538,250.538,0.98,346.78,0.97,198.43,0.99,912.21,,,0.01,912.21,,,0.02,396.78,0.03,198.43,0.01,0.01,2305.44467,1776350649000
1776350650.911,250.911,0.99,1618.81,0.98,266.78,,,,,0.01,906.19,,,0.02,341.78,0.03,188.43,,0.01,2305.44467,1776350649000
1776350651.48,251.48,0.99,1659.94,0.98,245.6,,,,,,,,,0.01,1618.81,0.02,266.78,,,2305.476635,1776350650000
1776350651.703,251.703,0.99,1658.48,0.98,245.6,,,,,,,,,0.01,1658.99,0.02,245.6,,,2305.476635,1776350650000
1776350651.908,251.908,0.99,1666.78,0.98,245.6,,,,,,,,,0.01,1658.04,0.02,245.6,,,2305.476635,1776350650000
1776350652.551,252.551,0.99,1657.62,0.98,245.6,,,,,,,,,0.01,1665.99,0.02,245.6,,,2305.57646,1776350651000
1776350653.844,253.844,0.99,1658.53,0.98,250.6,,,,,,,,,0.01,1657.62,0.02,245.6,,,2306.350067,1776350652000
1776350654.341,254.341,0.99,1646.61,0.98,350.6,,,,,,,,,0.01,1652.52,0.02,250.6,,,2306.328235,1776350653000
1776350655.072,255.072,0.99,1631.66,0.98,250.6,,,,,,,,,0.01,1646.61,0.02,350.6,,,2306.328235,1776350653000
1776350657.884,257.884,0.99,1668.16,0.98,250.6,,,,,,,,,0.01,1631.66,0.02,250.6,,,2305.950823,1776350656000
1776350658.809,258.809,0.99,1763.11,0.98,150.6,,,,,,,,,0.01,1668.16,0.02,250.6,,,2305.918551,1776350657000
1776350659.187,259.187,0.99,1782.89,0.98,150.6,,,,,,,,,0.01,1763.11,0.02,150.6,,,2305.878559,1776350658000
1776350663.013,263.013,0.99,1949.89,0.98,156.6,,,,,,,,,0.01,1782.89,0.02,150.6,,,2305.98327,1776350661000
1776350676.069,276.069,0.99,9970.38,0.98,121.0,,,,,,,,,0.01,1949.89,0.02,156.6,,,2305.939919,1776350674000
1776350676.492,276.492,0.99,9842.72,0.98,128.0,,,,,,,,,0.01,9943.72,0.02,128.0,,,2305.939919,1776350674000
1776350678.304,278.304,0.99,9852.84,0.98,129.0,,,,,,,,,0.01,9813.63,0.02,135.0,,,2305.026288,1776350676000
1776350679.319,279.319,0.99,9851.43,0.98,129.0,,,,,,,,,0.01,9852.84,0.02,129.0,,,2304.788281,1776350678000
1776350682.105,282.105,0.99,10052.68,0.98,129.0,,,,,,,,,0.01,9851.43,0.02,129.0,,,2304.791334,1776350680000

# RESULT,winner=Up,slug=eth-updown-5m-1776350400,ticks=371
