timestamp,elapsed_sec,up_bid_p1,up_bid_s1,up_bid_p2,up_bid_s2,up_ask_p1,up_ask_s1,up_ask_p2,up_ask_s2,down_bid_p1,down_bid_s1,down_bid_p2,down_bid_s2,down_ask_p1,down_ask_s1,down_ask_p2,down_ask_s2,up_spread,down_spread,eth_price,eth_oracle_ts
1776356100.878,0.878,0.47,19.91,0.45,8.88,0.5,39.18,0.51,10.0,0.5,39.18,0.49,10.0,0.53,30.42,0.55,8.88,0.03,0.03,2336.343848,1776356099000
1776356102.551,2.551,0.49,5.0,0.47,89.91,0.5,36.57,0.51,10.0,0.5,39.18,0.49,10.0,0.53,19.91,0.55,8.88,0.01,0.03,2336.324491,1776356101000
1776356103.295,3.295,0.49,5.0,0.47,89.91,0.5,23.93,0.51,10.0,0.5,34.41,0.49,10.0,0.51,5.0,0.53,89.91,0.01,0.01,2336.583203,1776356102000
1776356103.921,3.921,0.49,10.0,0.48,15.0,0.51,1.48,0.52,100.0,0.5,6.15,0.49,10.0,0.51,5.0,0.53,89.91,0.02,0.01,2336.583203,1776356102000
1776356104.203,4.203,0.5,10.0,0.49,90.0,0.52,100.0,0.61,125.0,0.49,1.48,0.48,100.0,0.51,10.0,0.52,15.0,0.02,0.02,2336.583203,1776356102000
1776356104.442,4.442,0.51,10.26,0.5,155.0,0.52,100.0,0.61,125.0,0.48,100.0,0.39,125.0,0.5,10.0,0.51,90.0,0.01,0.02,2336.583203,1776356102000
1776356104.704,4.704,0.51,10.26,0.5,155.0,0.52,71.15,0.61,125.0,0.48,91.15,0.39,125.0,0.49,10.26,0.5,155.0,0.01,0.01,2336.583203,1776356102000
1776356104.941,4.941,0.51,10.26,0.5,150.0,0.52,56.83,0.61,125.0,0.48,61.83,0.39,125.0,0.49,10.26,0.5,150.0,0.01,0.01,2336.583203,1776356102000
1776356105.188,5.188,0.51,2.37,0.5,150.0,0.52,37.59,0.61,125.0,0.48,37.59,0.39,125.0,0.49,6.21,0.5,150.0,0.01,0.01,2336.583203,1776356102000
1776356105.591,5.591,0.51,12.37,0.5,150.0,0.52,30.56,0.6,10.0,0.48,32.49,0.42,5.0,0.49,2.37,0.5,150.0,0.01,0.01,2336.81703,1776356104000
1776356105.885,5.885,0.51,22.37,0.5,150.0,0.52,3.04,0.6,15.0,0.48,30.56,0.4,10.0,0.49,12.37,0.5,150.0,0.01,0.01,2336.81703,1776356104000
1776356106.155,6.155,0.51,85.57,0.5,150.0,0.6,5.0,0.61,75.0,0.48,3.04,0.4,5.0,0.49,80.57,0.5,150.0,0.09,0.01,2336.81703,1776356104000
1776356106.696,6.696,0.58,10.0,0.57,10.0,0.6,15.0,0.61,140.0,0.4,5.0,0.39,75.0,0.49,85.57,0.5,150.0,0.02,0.09,2336.81703,1776356104000
1776356107.351,7.351,0.58,2.0,0.57,15.0,0.59,3.13,0.6,5.0,0.41,5.0,0.4,10.0,0.42,2.0,0.43,15.0,0.01,0.01,2337.0255,1776356105000
1776356107.778,7.778,0.6,28.0,0.59,10.0,0.61,75.0,0.62,70.0,0.4,3.07,0.39,80.0,0.42,2.0,0.43,15.0,0.01,0.02,2337.26389,1776356106000
1776356108.079,8.079,0.6,15.0,0.59,10.0,0.61,71.06,0.62,70.0,0.39,75.0,0.38,70.0,0.4,28.0,0.41,10.0,0.01,0.01,2337.303048,1776356107000
1776356108.441,8.441,0.6,15.0,0.59,10.0,0.61,74.47,0.62,70.0,0.39,71.06,0.38,70.0,0.4,15.0,0.41,10.0,0.01,0.01,2337.303048,1776356107000
1776356109.794,9.794,0.6,8.5,0.59,15.0,0.61,64.47,0.62,70.0,0.39,74.47,0.38,70.0,0.4,8.5,0.41,10.0,0.01,0.01,2337.331214,1776356108000
1776356110.599,10.599,0.6,19.0,0.59,15.0,0.61,70.05,0.62,70.0,0.39,64.47,0.38,70.0,0.4,8.5,0.41,15.0,0.01,0.01,2337.458812,1776356109000
1776356110.955,10.955,0.6,44.4,0.59,10.0,0.61,54.55,0.62,75.0,0.39,70.05,0.38,70.0,0.4,19.0,0.41,15.0,0.01,0.01,2337.458812,1776356109000
1776356111.383,11.383,0.6,25.2,0.59,10.0,0.61,46.62,0.62,75.0,0.39,54.55,0.38,75.0,0.4,44.4,0.41,10.0,0.01,0.01,2337.457162,1776356110000
1776356111.739,11.739,0.6,14.7,0.59,10.0,0.61,9.98,0.62,75.0,0.39,20.22,0.38,75.0,0.4,25.2,0.41,10.0,0.01,0.01,2337.457162,1776356110000
1776356112.831,12.831,0.6,20.2,0.59,25.5,0.61,8.98,0.62,90.5,0.39,9.98,0.38,75.0,0.4,14.7,0.41,10.0,0.01,0.01,2337.508708,1776356111000
1776356113.935,13.935,0.57,12.24,0.55,10.0,0.58,39.0,0.59,30.5,0.39,8.98,0.38,90.5,0.4,20.2,0.41,25.5,0.01,0.01,2337.590123,1776356112000
1776356114.196,14.196,0.55,10.5,0.54,15.0,0.56,28.64,0.57,20.5,0.42,39.0,0.41,30.5,0.43,12.24,0.45,10.0,0.01,0.01,2337.590123,1776356112000
1776356115.204,15.204,0.51,23.5,0.5,10.0,0.52,5.76,0.53,25.5,0.44,28.64,0.43,20.5,0.45,10.5,0.46,15.0,0.01,0.01,2337.495969,1776356113000
1776356115.542,15.542,0.51,6.72,0.5,10.0,0.53,37.5,0.54,20.5,0.48,15.66,0.47,32.5,0.49,10.56,0.5,10.0,0.02,0.01,2337.45472,1776356114000
1776356115.749,15.749,0.52,5.0,0.51,16.72,0.53,27.5,0.54,20.5,0.47,37.5,0.46,20.5,0.49,6.72,0.5,10.0,0.01,0.02,2337.45472,1776356114000
1776356116.561,16.561,0.48,2.23,0.47,35.91,0.5,26.0,0.51,15.0,0.47,27.5,0.46,20.5,0.49,11.61,0.5,10.0,0.02,0.02,2337.207218,1776356115000
1776356116.807,16.807,0.48,22.73,0.47,35.91,0.5,8.0,0.51,32.89,0.5,24.0,0.49,15.0,0.52,12.23,0.53,35.91,0.02,0.02,2337.207218,1776356115000
1776356117.195,17.195,0.48,22.73,0.47,35.91,0.5,6.0,0.51,32.89,0.5,8.0,0.49,32.89,0.52,22.73,0.53,35.91,0.02,0.02,2337.207218,1776356115000
1776356117.632,17.632,0.5,22.0,0.49,10.0,0.54,5.0,0.56,70.0,0.5,6.0,0.49,32.89,0.52,22.73,0.53,35.91,0.04,0.02,2336.925103,1776356116000
1776356117.865,17.865,0.53,10.0,0.52,15.0,0.56,70.0,0.57,87.0,0.46,5.0,0.44,70.0,0.5,22.0,0.51,10.0,0.03,0.04,2336.925103,1776356116000
1776356119.569,19.569,0.55,9.11,0.54,115.0,0.56,237.5,0.57,195.5,0.44,70.0,0.43,87.0,0.47,10.0,0.48,15.0,0.01,0.03,2336.638342,1776356118000
1776356121.784,21.784,0.55,124.61,0.54,145.5,0.56,64.6,0.57,85.5,0.44,237.5,0.43,195.5,0.45,9.11,0.46,115.0,0.01,0.01,2336.95136,1776356120000
1776356122.415,22.415,0.55,168.81,0.54,145.5,0.56,28.12,0.57,97.5,0.44,33.52,0.43,90.5,0.45,139.11,0.46,151.5,0.01,0.01,2336.889244,1776356121000
1776356122.771,22.771,0.56,174.7,0.55,144.61,0.58,18.24,0.59,10.5,0.44,28.12,0.43,97.5,0.45,168.81,0.46,145.5,0.02,0.01,2336.889244,1776356121000
1776356123.087,23.087,0.57,145.0,0.56,150.5,0.58,10.96,0.59,10.5,0.42,14.83,0.41,10.5,0.43,140.0,0.44,150.5,0.01,0.01,2336.860685,1776356122000
1776356123.376,23.376,0.57,134.4,0.56,145.0,0.58,17.52,0.59,10.5,0.42,10.96,0.41,10.5,0.43,134.4,0.44,150.5,0.01,0.01,2336.860685,1776356122000
1776356123.759,23.759,0.58,148.6,0.57,149.9,0.59,15.5,0.6,7.0,0.42,17.52,0.41,10.5,0.43,134.4,0.44,145.0,0.01,0.01,2336.860685,1776356122000
1776356123.984,23.984,0.58,136.69,0.57,149.9,0.59,7.95,0.6,7.0,0.41,15.5,0.4,7.0,0.42,136.69,0.43,149.9,0.01,0.01,2336.860685,1776356122000
1776356126.083,26.083,0.59,80.0,0.58,105.0,0.6,32.5,0.61,170.0,0.41,7.95,0.4,7.0,0.42,136.69,0.43,149.9,0.01,0.01,2337.11584,1776356124000
1776356127.279,27.279,0.57,9.88,0.56,40.0,0.59,38.5,0.6,120.5,0.4,32.5,0.39,170.0,0.41,50.0,0.42,105.0,0.02,0.01,2337.30509,1776356126000
1776356129.3,29.3,0.58,10.0,0.57,50.38,0.59,18.5,0.6,20.5,0.41,38.5,0.4,120.5,0.43,9.88,0.44,40.0,0.01,0.02,2337.23,1776356127000
1776356130.567,30.567,0.59,65.5,0.58,50.5,0.6,1.59,0.61,23.5,0.41,5.5,0.4,28.5,0.42,10.0,0.43,50.38,0.01,0.01,2337.23649,1776356129000
1776356131.064,31.064,0.6,46.0,0.59,45.5,0.61,18.42,0.62,95.5,0.39,23.42,0.38,95.5,0.41,65.5,0.42,50.5,0.01,0.02,2337.23649,1776356129000
1776356132.48,32.48,0.6,28.08,0.59,50.5,0.61,11.86,0.62,95.5,0.39,11.86,0.38,95.5,0.4,46.0,0.41,45.5,0.01,0.01,2337.388227,1776356131000
1776356133.956,33.956,0.6,30.0,0.59,50.5,0.62,91.03,0.63,185.0,0.39,11.86,0.38,95.5,0.4,28.08,0.41,50.5,0.02,0.01,2337.355615,1776356132000
1776356134.777,34.777,0.6,35.0,0.59,50.5,0.61,11.0,0.62,88.53,0.38,91.03,0.37,185.0,0.4,30.0,0.41,50.5,0.01,0.02,2337.358365,1776356133000
1776356135.831,35.831,0.61,15.0,0.6,50.5,0.62,60.13,0.63,93.5,0.39,11.0,0.38,88.53,0.4,35.0,0.41,50.5,0.01,0.01,2337.358221,1776356134000
1776356136.472,36.472,0.61,10.0,0.6,40.0,0.62,59.73,0.63,103.5,0.38,60.13,0.37,93.5,0.39,15.0,0.4,50.5,0.01,0.01,2337.358221,1776356134000
1776356136.993,36.993,0.6,5.0,0.59,25.5,0.61,1.5,0.62,93.23,0.38,59.73,0.37,103.5,0.42,10.17,0.43,50.38,0.01,0.04,2337.341845,1776356135000
1776356137.278,37.278,0.59,25.2,0.58,16.0,0.61,10.0,0.62,83.55,0.38,83.55,0.37,95.5,0.39,14.5,0.4,5.0,0.02,0.01,2337.405065,1776356136000
1776356137.913,37.913,0.6,5.3,0.59,25.2,0.61,10.0,0.62,83.55,0.39,10.0,0.38,83.55,0.41,25.2,0.42,16.0,0.01,0.02,2337.405065,1776356136000
1776356138.563,38.563,0.6,35.3,0.59,31.2,0.62,71.67,0.63,95.5,0.39,10.0,0.38,83.55,0.4,5.3,0.41,25.2,0.02,0.01,2337.462135,1776356137000
1776356139.186,39.186,0.61,14.5,0.6,15.3,0.62,47.54,0.63,108.5,0.38,55.54,0.37,95.5,0.4,35.3,0.41,31.2,0.01,0.02,2337.462135,1776356137000
1776356140.656,40.656,0.6,65.0,0.59,36.2,0.61,41.5,0.62,58.04,0.38,47.54,0.37,108.5,0.39,14.5,0.4,15.3,0.01,0.01,2337.46678,1776356139000
1776356141.297,41.297,0.6,105.5,0.59,36.2,0.61,10.01,0.62,37.54,0.39,41.5,0.38,58.04,0.4,65.0,0.41,36.2,0.01,0.01,2337.478052,1776356140000
1776356142.514,42.514,0.6,125.5,0.59,31.5,0.62,42.54,0.63,103.5,0.39,10.01,0.38,58.04,0.4,98.0,0.41,36.2,0.02,0.01,2337.494682,1776356141000
1776356142.841,42.841,0.61,32.0,0.6,85.5,0.62,11.28,0.63,75.0,0.38,42.54,0.37,103.5,0.4,125.5,0.41,31.5,0.01,0.02,2337.494682,1776356141000
1776356144.949,44.949,0.61,21.0,0.6,85.5,0.64,38.75,0.65,98.0,0.38,9.66,0.37,75.0,0.39,32.0,0.4,85.5,0.03,0.01,2337.46091,1776356143000
1776356145.669,45.669,0.62,10.0,0.61,31.5,0.63,5.34,0.64,38.75,0.36,38.75,0.35,98.0,0.39,21.0,0.4,85.5,0.01,0.03,2337.523253,1776356144000
1776356146.453,46.453,0.63,17.79,0.62,31.5,0.64,28.75,0.65,95.5,0.37,5.34,0.36,38.75,0.38,10.0,0.39,31.5,0.01,0.01,2337.600955,1776356145000
1776356147.12,47.12,0.63,46.0,0.62,31.5,0.64,21.75,0.65,95.5,0.36,28.75,0.35,95.5,0.37,17.79,0.38,31.5,0.01,0.01,2337.600955,1776356145000
1776356147.76,47.76,0.63,51.0,0.62,31.5,0.64,18.93,0.65,95.5,0.36,21.75,0.35,95.5,0.37,46.0,0.38,31.5,0.01,0.01,2337.601694,1776356146000
1776356148.072,48.072,0.63,51.0,0.62,31.5,0.64,17.36,0.65,95.5,0.36,18.93,0.35,95.5,0.37,51.0,0.38,31.5,0.01,0.01,2337.601694,1776356146000
1776356149.043,49.043,0.63,29.5,0.62,31.5,0.64,22.36,0.65,95.5,0.36,17.36,0.35,95.5,0.37,51.0,0.38,31.5,0.01,0.01,2337.693565,1776356148000
1776356149.795,49.795,0.63,29.5,0.62,31.5,0.64,4.0,0.65,95.5,0.36,16.36,0.35,95.5,0.37,29.5,0.38,31.5,0.01,0.01,2337.693565,1776356148000
1776356150.536,50.536,0.63,34.3,0.62,31.5,0.65,25.5,0.66,28.0,0.36,4.0,0.35,95.5,0.37,29.5,0.38,31.5,0.02,0.01,2337.71057,1776356149000
1776356151.166,51.166,0.63,13.6,0.62,31.5,0.64,45.5,0.65,25.5,0.35,25.5,0.34,28.0,0.37,34.3,0.38,31.5,0.01,0.02,2337.71057,1776356149000
1776356152.709,52.709,0.67,54.2,0.66,20.5,0.68,25.5,0.69,23.0,0.36,45.5,0.35,25.5,0.37,13.6,0.38,31.5,0.01,0.01,2337.732216,1776356151000
1776356153.257,53.257,0.67,36.96,0.66,15.0,0.68,25.5,0.69,23.0,0.32,25.5,0.31,23.0,0.33,54.2,0.34,20.5,0.01,0.01,2337.732216,1776356151000
1776356153.6,53.6,0.67,25.37,0.66,15.0,0.68,16.55,0.69,33.0,0.32,10.5,0.31,33.0,0.33,25.37,0.34,10.0,0.01,0.01,2337.71595,1776356152000
1776356153.884,53.884,0.67,30.37,0.66,25.5,0.68,6.05,0.69,43.5,0.32,16.55,0.31,33.0,0.33,25.37,0.34,15.0,0.01,0.01,2337.71595,1776356152000
1776356154.217,54.217,0.67,40.37,0.66,25.5,0.7,15.0,0.71,85.0,0.32,6.05,0.31,43.5,0.33,30.37,0.34,25.5,0.03,0.01,2337.791826,1776356153000
1776356155.009,55.009,0.69,18.58,0.68,25.5,0.71,15.0,0.72,25.5,0.3,15.0,0.29,85.0,0.33,40.37,0.34,25.5,0.02,0.03,2337.791826,1776356153000
1776356155.312,55.312,0.69,15.0,0.68,31.5,0.7,6.11,0.71,24.0,0.29,15.0,0.28,25.5,0.31,18.58,0.32,25.5,0.01,0.02,2337.791826,1776356153000
1776356155.632,55.632,0.7,20.0,0.69,25.5,0.71,20.11,0.72,25.5,0.29,24.0,0.28,25.5,0.3,13.09,0.31,15.0,0.01,0.01,2338.012069,1776356154000
1776356155.937,55.937,0.7,39.0,0.69,10.0,0.71,26.72,0.72,25.5,0.29,20.11,0.28,25.5,0.3,20.0,0.31,25.5,0.01,0.01,2338.012069,1776356154000
1776356156.223,56.223,0.7,20.0,0.68,10.0,0.72,0.25,0.73,15.0,0.29,26.72,0.28,25.5,0.3,39.0,0.31,10.0,0.02,0.01,2338.048765,1776356155000
1776356156.452,56.452,0.69,10.0,0.68,10.0,0.71,11.11,0.72,20.75,0.29,11.11,0.28,20.75,0.3,20.0,0.32,10.0,0.02,0.01,2338.048765,1776356155000
1776356156.733,56.733,0.69,30.0,0.68,25.5,0.7,1.11,0.71,5.0,0.29,11.11,0.28,20.75,0.31,10.0,0.32,10.0,0.01,0.02,2338.048765,1776356155000
1776356157.058,57.058,0.7,60.0,0.69,10.0,0.72,3.07,0.73,25.5,0.28,6.96,0.27,25.5,0.3,10.0,0.31,75.5,0.02,0.02,2338.048765,1776356155000
1776356157.855,57.855,0.7,30.0,0.69,15.0,0.71,2.91,0.72,13.57,0.28,3.07,0.27,25.5,0.3,60.0,0.31,10.0,0.01,0.02,2338.28761,1776356156000
1776356158.197,58.197,0.7,30.0,0.69,15.0,0.72,13.57,0.73,25.5,0.29,2.91,0.28,13.57,0.3,30.0,0.31,15.0,0.02,0.01,2338.28761,1776356156000
1776356158.42,58.42,0.7,33.43,0.69,115.0,0.72,3.07,0.73,25.5,0.28,13.57,0.27,25.5,0.3,30.0,0.31,15.0,0.02,0.02,2338.321501,1776356157000
1776356160.363,60.363,0.71,30.0,0.7,45.0,0.73,2.68,0.74,32.5,0.28,3.07,0.27,25.5,0.3,33.43,0.31,115.0,0.02,0.02,2338.256275,1776356159000
1776356160.658,60.658,0.72,30.0,0.71,10.0,0.73,6.1,0.74,14.64,0.27,0.36,0.26,15.14,0.29,30.0,0.3,45.0,0.01,0.02,2338.256275,1776356159000
1776356161.469,61.469,0.73,52.0,0.72,10.0,0.75,41.84,0.76,196.47,0.27,0.1,0.26,14.64,0.28,30.0,0.29,10.0,0.02,0.01,2338.226165,1776356160000
1776356162.503,62.503,0.74,14.8,0.73,21.0,0.75,23.0,0.76,156.97,0.25,41.84,0.24,196.47,0.27,52.0,0.28,10.0,0.01,0.02,2338.226165,1776356160000
1776356163.486,63.486,0.74,55.34,0.73,21.0,0.75,20.33,0.76,161.97,0.25,23.0,0.24,156.97,0.26,14.8,0.27,21.0,0.01,0.01,2338.315845,1776356162000
1776356164.978,64.978,0.74,95.88,0.73,21.0,0.75,8.6,0.76,100.84,0.25,20.33,0.24,161.97,0.26,55.34,0.27,21.0,0.01,0.01,2338.441247,1776356163000
1776356165.591,65.591,0.74,127.91,0.73,21.0,0.76,42.99,0.77,107.21,0.24,44.31,0.23,28.0,0.26,95.88,0.27,21.0,0.02,0.02,2338.40719,1776356164000
1776356165.928,65.928,0.74,88.11,0.73,6.0,0.75,30.5,0.76,82.49,0.25,34.2,0.24,82.49,0.26,122.91,0.27,16.0,0.01,0.01,2338.40719,1776356164000
1776356166.223,66.223,0.73,6.0,0.72,10.0,0.75,35.5,0.76,82.49,0.25,30.5,0.24,82.49,0.26,12.11,0.27,6.0,0.02,0.01,2338.36303,1776356165000
1776356166.875,66.875,0.71,47.25,0.7,40.0,0.72,15.0,0.73,55.5,0.26,10.0,0.25,35.5,0.28,9.1,0.29,65.7,0.01,0.02,2338.36303,1776356165000
1776356167.097,67.097,0.7,10.0,0.69,110.0,0.71,9.45,0.72,35.5,0.28,25.0,0.27,45.0,0.29,40.55,0.3,40.0,0.01,0.01,2338.36303,1776356165000
1776356167.596,67.596,0.7,4.0,0.69,110.0,0.71,35.45,0.72,126.51,0.29,9.45,0.28,35.5,0.3,10.0,0.31,110.0,0.01,0.01,2338.358815,1776356166000
1776356168.626,68.626,0.69,100.0,0.68,5.83,0.7,37.85,0.71,85.45,0.3,20.0,0.29,35.45,0.31,110.0,0.32,15.83,0.01,0.01,2338.343235,1776356167000
1776356168.943,68.943,0.69,24.66,0.68,5.83,0.7,70.35,0.71,80.45,0.3,59.85,0.29,85.45,0.31,30.0,0.32,5.83,0.01,0.01,2338.343235,1776356167000
1776356169.702,69.702,0.69,24.66,0.68,5.83,0.7,237.49,0.71,80.45,0.3,70.35,0.29,80.45,0.31,24.66,0.32,5.83,0.01,0.01,2337.972836,1776356168000
1776356170.31,70.31,0.69,18.66,0.68,15.83,0.7,177.0,0.71,70.45,0.3,237.49,0.29,80.45,0.31,18.66,0.32,5.83,0.01,0.01,2337.855955,1776356169000
1776356170.558,70.558,0.69,30.43,0.68,15.83,0.7,177.0,0.71,30.45,0.3,177.0,0.29,70.45,0.31,18.66,0.32,15.83,0.01,0.01,2337.855955,1776356169000
1776356170.931,70.931,0.69,35.43,0.68,20.83,0.7,175.15,0.71,47.95,0.3,177.0,0.29,30.45,0.31,30.43,0.32,15.83,0.01,0.01,2337.855955,1776356169000
1776356171.372,71.372,0.69,46.43,0.68,20.83,0.7,102.9,0.71,41.95,0.3,175.15,0.29,47.95,0.31,35.43,0.32,20.83,0.01,0.01,2337.495338,1776356170000
1776356171.744,71.744,0.69,14.43,0.68,15.83,0.7,96.9,0.71,41.95,0.3,96.9,0.29,41.95,0.31,46.43,0.32,20.83,0.01,0.01,2337.495338,1776356170000
1776356172.051,72.051,0.69,74.93,0.68,36.33,0.71,14.45,0.72,32.89,0.3,96.9,0.29,41.95,0.31,14.43,0.32,15.83,0.02,0.01,2337.495338,1776356170000
1776356172.356,72.356,0.7,11.33,0.69,39.93,0.71,9.45,0.72,32.89,0.29,14.45,0.28,32.89,0.31,74.93,0.32,36.33,0.01,0.02,2337.495338,1776356170000
1776356172.954,72.954,0.7,12.69,0.69,39.93,0.71,8.45,0.72,32.89,0.29,3.45,0.28,32.89,0.3,11.33,0.31,39.93,0.01,0.01,2337.701942,1776356172000
1776356173.364,73.364,0.7,26.89,0.69,44.93,0.71,3.45,0.72,17.89,0.29,8.45,0.28,32.89,0.3,12.69,0.31,39.93,0.01,0.01,2337.701942,1776356172000
1776356173.652,73.652,0.72,10.0,0.71,25.5,0.73,1.0,0.74,15.0,0.27,11.0,0.26,15.0,0.3,65.89,0.31,44.93,0.01,0.03,2337.701942,1776356172000
1776356175.459,75.459,0.72,10.0,0.71,10.0,0.73,7.26,0.74,15.0,0.27,1.0,0.26,15.0,0.28,10.0,0.29,25.5,0.01,0.01,2337.906243,1776356174000
1776356176.279,76.279,0.69,81.6,0.68,31.33,0.7,11.42,0.71,15.0,0.27,7.26,0.26,15.0,0.28,10.0,0.29,10.0,0.01,0.01,2337.906243,1776356174000
1776356178.734,78.734,0.69,118.64,0.68,36.33,0.7,5.0,0.72,23.89,0.29,15.0,0.28,21.0,0.31,72.37,0.32,31.33,0.01,0.02,2338.02254,1776356177000
1776356179.465,79.465,0.75,20.0,0.74,25.5,0.76,2.3,0.77,23.0,0.28,2.81,0.27,18.3,0.31,118.64,0.32,36.33,0.01,0.03,2337.896365,1776356178000
1776356180.208,80.208,0.75,12.9,0.74,15.0,0.76,7.3,0.77,23.0,0.24,2.3,0.23,23.0,0.25,20.0,0.26,25.5,0.01,0.01,2337.835077,1776356179000
1776356180.832,80.832,0.75,10.8,0.74,15.0,0.76,7.3,0.77,54.03,0.24,7.3,0.23,23.0,0.25,12.9,0.26,15.0,0.01,0.01,2337.835077,1776356179000
1776356182.095,82.095,0.75,50.0,0.74,25.5,0.77,54.03,0.78,36.0,0.24,7.3,0.23,54.03,0.25,10.8,0.26,15.0,0.02,0.01,2338.306455,1776356180000
1776356182.675,82.675,0.76,45.0,0.75,25.5,0.77,32.17,0.78,36.0,0.23,54.03,0.22,36.0,0.25,50.0,0.26,25.5,0.01,0.02,2338.306455,1776356181000
1776356182.981,82.981,0.76,48.0,0.75,25.5,0.77,3.69,0.78,10.0,0.23,32.17,0.22,36.0,0.24,45.0,0.25,25.5,0.01,0.01,2338.306455,1776356181000
1776356185.374,85.374,0.79,23.0,0.78,32.5,0.81,15.0,0.82,5.0,0.22,8.55,0.21,15.0,0.24,48.0,0.25,25.5,0.02,0.02,2338.428995,1776356184000
1776356185.76,85.76,0.8,66.0,0.79,33.5,0.81,5.76,0.83,25.5,0.19,14.0,0.18,5.0,0.2,76.5,0.21,33.5,0.01,0.01,2338.428995,1776356184000
1776356186.07,86.07,0.82,30.0,0.81,20.0,0.83,35.29,0.84,31.8,0.17,30.5,0.16,31.8,0.19,34.0,0.2,15.0,0.01,0.02,2338.428995,1776356184000
1776356186.95,86.95,0.82,54.0,0.81,70.0,0.83,3.8,0.84,26.8,0.17,35.29,0.16,31.8,0.18,30.0,0.19,20.0,0.01,0.01,2338.780625,1776356185000
1776356187.741,87.741,0.83,8.24,0.82,54.0,0.84,58.05,0.85,33.2,0.17,3.8,0.16,26.8,0.18,54.0,0.19,70.0,0.01,0.01,2338.780625,1776356186000
1776356188.859,88.859,0.83,62.24,0.82,25.5,0.84,27.84,0.85,33.2,0.16,58.05,0.15,33.2,0.17,8.24,0.18,54.0,0.01,0.01,2339.20643,1776356187000
1776356189.089,89.089,0.83,62.24,0.82,25.5,0.84,21.89,0.85,33.2,0.16,27.84,0.15,33.2,0.17,62.24,0.18,25.5,0.01,0.01,2339.20643,1776356187000
1776356189.473,89.473,0.81,15.0,0.8,10.0,0.84,57.39,0.85,43.2,0.16,44.89,0.15,53.7,0.17,57.24,0.18,10.0,0.03,0.01,2339.230465,1776356188000
1776356189.682,89.682,0.81,9.73,0.8,10.0,0.82,18.0,0.83,40.5,0.16,57.39,0.15,43.2,0.19,15.0,0.2,10.0,0.01,0.03,2339.230465,1776356188000
1776356190.082,90.082,0.81,1.73,0.8,10.0,0.82,21.78,0.83,40.5,0.18,23.0,0.17,40.5,0.19,1.73,0.2,10.0,0.01,0.01,2339.230465,1776356188000
1776356190.76,90.76,0.8,4.5,0.79,10.0,0.81,5.0,0.82,52.4,0.18,21.78,0.17,40.5,0.19,1.73,0.2,10.0,0.01,0.01,2339.301005,1776356189000
1776356191.008,91.008,0.8,10.0,0.79,20.5,0.81,6.29,0.82,47.4,0.2,19.5,0.19,2.53,0.21,10.0,0.22,20.5,0.01,0.01,2339.301005,1776356189000
1776356191.555,91.555,0.8,29.0,0.79,20.5,0.81,61.0,0.82,47.4,0.19,6.29,0.18,47.4,0.2,10.0,0.21,20.5,0.01,0.01,2339.301005,1776356189000
1776356192.374,92.374,0.8,21.0,0.79,20.5,0.81,61.0,0.82,47.4,0.19,61.0,0.18,47.4,0.2,29.0,0.21,20.5,0.01,0.01,2338.986825,1776356191000
1776356193.615,93.615,0.77,7.0,0.75,15.0,0.81,81.5,0.82,147.4,0.19,61.0,0.18,47.4,0.2,21.0,0.21,20.5,0.04,0.01,2338.860935,1776356192000
1776356195.329,95.329,0.75,3.44,0.74,25.5,0.76,5.0,0.77,15.0,0.19,81.5,0.18,147.4,0.23,7.0,0.25,15.0,0.01,0.04,2338.936129,1776356194000
1776356196.359,96.359,0.74,25.5,0.73,30.5,0.76,15.7,0.77,30.3,0.25,20.56,0.24,10.0,0.26,25.5,0.27,25.5,0.02,0.01,2338.526427,1776356195000
1776356196.854,96.854,0.75,45.5,0.74,25.5,0.76,12.38,0.77,20.3,0.24,15.7,0.23,30.3,0.26,25.5,0.27,30.5,0.01,0.02,2338.526427,1776356195000
1776356197.09,97.09,0.75,35.0,0.74,25.5,0.76,3.48,0.77,35.3,0.24,12.38,0.23,20.3,0.25,45.5,0.26,25.5,0.01,0.01,2338.526427,1776356195000
1776356197.825,97.825,0.75,57.6,0.74,25.5,0.76,12.26,0.77,35.3,0.24,3.48,0.23,35.3,0.25,35.0,0.26,25.5,0.01,0.01,2338.398948,1776356196000
1776356198.143,98.143,0.75,52.4,0.74,25.5,0.76,12.26,0.77,35.3,0.24,12.26,0.23,35.3,0.25,57.6,0.26,25.5,0.01,0.01,2338.398948,1776356196000
1776356198.652,98.652,0.75,52.4,0.74,25.5,0.76,8.57,0.77,35.3,0.24,12.26,0.23,35.3,0.25,52.4,0.26,25.5,0.01,0.01,2338.378409,1776356197000
1776356199.119,99.119,0.75,51.8,0.74,25.5,0.76,8.57,0.77,15.0,0.24,8.57,0.23,35.3,0.25,47.0,0.26,25.5,0.01,0.01,2338.365549,1776356198000
1776356200.352,100.352,0.75,36.8,0.74,5.0,0.76,40.0,0.77,15.0,0.24,4.79,0.23,15.0,0.25,51.8,0.26,25.5,0.01,0.01,2338.365549,1776356198000
1776356200.721,100.721,0.75,39.0,0.74,5.0,0.76,15.0,0.77,15.0,0.24,40.0,0.23,15.0,0.25,36.8,0.26,5.0,0.01,0.01,2338.350764,1776356199000
1776356201.022,101.022,0.75,39.0,0.74,5.0,0.76,5.0,0.77,15.0,0.24,15.0,0.23,15.0,0.25,39.0,0.26,5.0,0.01,0.01,2338.350764,1776356199000
1776356206.655,106.655,0.75,59.5,0.74,25.5,0.78,21.93,0.79,44.7,0.24,5.0,0.23,15.0,0.25,39.0,0.26,5.0,0.03,0.01,2338.223416,1776356205000
1776356208.035,108.035,0.75,26.72,0.74,5.0,0.76,42.0,0.77,42.3,0.22,21.93,0.21,44.7,0.25,59.5,0.26,25.5,0.01,0.03,2338.240816,1776356207000
1776356208.871,108.871,0.75,13.72,0.72,5.0,0.76,207.19,0.77,72.3,0.24,42.0,0.23,42.3,0.25,19.72,0.26,5.0,0.01,0.01,2338.240816,1776356207000
1776356210.04,110.04,0.72,5.0,0.71,22.5,0.73,8.63,0.74,15.0,0.24,207.19,0.23,72.3,0.25,11.72,0.28,5.0,0.01,0.01,2338.233439,1776356209000
1776356210.257,110.257,0.71,22.5,0.7,15.0,0.73,13.63,0.74,15.0,0.27,8.63,0.26,15.0,0.28,5.0,0.29,22.5,0.02,0.01,2338.233439,1776356209000
1776356211.031,111.031,0.75,173.5,0.74,131.5,0.76,94.61,0.78,0.93,0.27,13.63,0.26,15.0,0.29,22.5,0.3,15.0,0.01,0.02,2338.233439,1776356209000
1776356211.251,111.251,0.75,248.5,0.74,138.5,0.76,37.56,0.78,0.93,0.24,89.54,0.22,0.93,0.25,178.5,0.26,138.5,0.01,0.01,2337.992171,1776356210000
1776356212.027,112.027,0.8,25.5,0.79,15.0,0.81,91.7,0.82,100.0,0.19,100.0,0.18,100.0,0.25,278.5,0.26,138.5,0.01,0.06,2337.992171,1776356210000
1776356212.783,112.783,0.8,19.0,0.79,15.0,0.81,91.7,0.82,100.0,0.19,91.7,0.18,100.0,0.2,25.5,0.21,15.0,0.01,0.01,2337.956585,1776356211000
1776356213.097,113.097,0.78,8.8,0.77,15.0,0.79,108.0,0.8,118.0,0.19,91.7,0.18,100.0,0.2,19.0,0.21,15.0,0.01,0.01,2337.956585,1776356211000
1776356213.745,113.745,0.78,8.8,0.77,15.0,0.79,110.0,0.8,181.88,0.21,108.0,0.2,118.0,0.22,8.8,0.23,15.0,0.01,0.01,2338.615676,1776356212000
1776356214.069,114.069,0.78,34.7,0.77,25.5,0.79,110.0,0.8,181.88,0.21,110.0,0.2,181.88,0.23,15.0,0.24,22.0,0.01,0.02,2338.615676,1776356212000
1776356215.677,115.677,0.78,34.7,0.77,25.5,0.79,90.0,0.8,108.0,0.21,110.0,0.2,181.88,0.22,34.7,0.23,25.5,0.01,0.01,2338.64873,1776356214000
1776356215.934,115.934,0.78,34.7,0.77,25.5,0.79,97.0,0.8,100.0,0.21,90.0,0.2,108.0,0.22,34.7,0.23,25.5,0.01,0.01,2338.591084,1776356215000
1776356217.103,117.103,0.81,75.5,0.8,75.5,0.82,95.75,0.83,100.0,0.21,97.0,0.2,100.0,0.22,34.7,0.23,25.5,0.01,0.01,2338.615556,1776356216000
1776356218.781,118.781,0.81,35.0,0.8,33.5,0.82,93.75,0.83,105.0,0.18,95.75,0.17,100.0,0.19,75.5,0.2,75.5,0.01,0.01,2338.625663,1776356217000
1776356219.971,119.971,0.82,37.44,0.81,25.5,0.83,100.0,0.84,100.0,0.18,93.75,0.17,105.0,0.19,35.0,0.2,33.5,0.01,0.01,2338.735612,1776356218000
1776356220.5,120.5,0.82,9.41,0.81,25.5,0.83,100.0,0.84,100.0,0.17,100.0,0.16,100.0,0.18,37.44,0.19,25.5,0.01,0.01,2338.77858,1776356219000
1776356221.788,121.788,0.77,22.85,0.76,102.0,0.83,100.0,0.84,105.0,0.17,100.0,0.16,100.0,0.19,20.23,0.2,33.5,0.06,0.02,2338.79415,1776356220000
1776356222.892,122.892,0.76,71.97,0.75,52.0,0.81,23.0,0.82,125.5,0.18,10.0,0.17,120.5,0.19,14.16,0.2,15.0,0.05,0.01,2338.84469,1776356221000
1776356223.295,123.295,0.78,15.5,0.77,20.5,0.82,125.5,0.83,125.5,0.19,23.0,0.18,125.5,0.24,71.97,0.25,52.0,0.04,0.05,2338.828375,1776356222000
1776356223.522,123.522,0.75,35.0,0.74,21.0,0.77,9.0,0.78,35.0,0.18,125.5,0.17,125.5,0.22,15.5,0.23,20.5,0.02,0.04,2338.828375,1776356222000
1776356223.76,123.76,0.76,15.0,0.75,25.5,0.77,11.0,0.78,15.0,0.23,9.0,0.22,35.0,0.25,35.0,0.26,21.0,0.01,0.02,2338.828375,1776356222000
1776356225.604,125.604,0.75,29.0,0.74,15.0,0.76,144.91,0.77,230.5,0.23,2.0,0.22,15.0,0.24,15.0,0.25,25.5,0.01,0.01,2338.75875,1776356224000
1776356225.985,125.985,0.75,39.0,0.74,25.5,0.76,129.91,0.77,220.0,0.24,144.91,0.23,230.5,0.25,29.0,0.26,15.0,0.01,0.01,2338.75875,1776356224000
1776356226.655,126.655,0.75,44.0,0.74,25.5,0.76,104.91,0.77,220.0,0.24,129.91,0.23,220.0,0.25,39.0,0.26,25.5,0.01,0.01,2338.58522,1776356225000
1776356226.966,126.966,0.75,105.0,0.74,125.5,0.77,120.0,0.78,15.0,0.24,54.91,0.23,220.0,0.25,69.0,0.26,25.5,0.02,0.01,2338.58522,1776356225000
1776356227.383,127.383,0.76,221.0,0.75,125.5,0.77,93.0,0.8,5.0,0.23,120.0,0.22,15.0,0.25,105.0,0.26,125.5,0.01,0.02,2338.434059,1776356226000
1776356227.735,127.735,0.76,349.6,0.75,251.5,0.77,67.93,0.8,5.0,0.23,67.93,0.2,5.0,0.24,269.0,0.25,125.5,0.01,0.01,2338.434059,1776356226000
1776356227.972,127.972,0.76,369.6,0.75,251.5,0.8,5.0,0.84,5.0,0.23,44.83,0.2,5.0,0.24,379.6,0.25,251.5,0.04,0.01,2338.434059,1776356226000
1776356228.376,128.376,0.84,137.0,0.83,163.0,0.85,10.5,0.86,29.9,0.16,5.0,0.15,15.0,0.21,120.0,0.22,185.0,0.01,0.05,2338.434059,1776356226000
1776356228.612,128.612,0.84,170.0,0.83,188.0,0.85,16.5,0.87,46.8,0.15,10.5,0.14,29.9,0.16,137.0,0.17,163.0,0.01,0.01,2338.434059,1776356226000
1776356229.061,129.061,0.84,183.0,0.83,188.5,0.87,10.5,0.88,10.0,0.15,16.5,0.13,46.8,0.16,153.0,0.17,188.0,0.03,0.01,2338.40976,1776356227000
1776356229.447,129.447,0.86,45.0,0.85,120.0,0.87,16.5,0.88,20.5,0.13,10.5,0.12,10.0,0.16,183.0,0.17,188.5,0.01,0.03,2338.40976,1776356227000
1776356229.836,129.836,0.85,46.0,0.84,23.0,0.87,109.44,0.88,125.5,0.13,16.5,0.12,20.5,0.14,45.0,0.15,120.0,0.02,0.01,2338.40976,1776356227000
1776356230.851,130.851,0.86,5.0,0.85,92.0,0.87,123.44,0.88,125.5,0.13,109.44,0.12,125.5,0.15,46.0,0.16,23.0,0.01,0.02,2339.21549,1776356229000
1776356231.863,131.863,0.86,5.0,0.85,62.0,0.87,17.34,0.88,243.39,0.13,123.44,0.12,125.5,0.14,5.0,0.15,92.0,0.01,0.01,2339.38665,1776356230000
1776356232.794,132.794,0.86,5.0,0.85,62.0,0.87,16.19,0.88,243.39,0.13,17.34,0.12,243.39,0.14,5.0,0.15,62.0,0.01,0.01,2339.432234,1776356231000
1776356233.123,133.123,0.86,5.0,0.85,62.0,0.87,11.06,0.88,125.5,0.13,16.19,0.12,243.39,0.14,5.0,0.15,62.0,0.01,0.01,2339.432234,1776356231000
1776356234.439,134.439,0.86,15.0,0.85,62.0,0.87,6.06,0.88,125.5,0.13,11.06,0.12,125.5,0.14,5.0,0.15,62.0,0.01,0.01,2339.424236,1776356232000
1776356235.385,135.385,0.88,127.0,0.87,125.5,0.89,17.9,0.9,130.5,0.13,6.06,0.12,125.5,0.14,15.0,0.15,62.0,0.01,0.01,2339.40231,1776356233000
1776356235.618,135.618,0.88,117.0,0.87,115.0,0.89,141.19,0.9,135.5,0.11,17.9,0.1,130.5,0.12,127.0,0.13,125.5,0.01,0.01,2339.422361,1776356234000
1776356236.034,136.034,0.88,167.0,0.87,160.5,0.89,0.9,0.9,20.5,0.11,141.19,0.1,135.5,0.12,117.0,0.13,115.0,0.01,0.01,2339.422361,1776356234000
1776356236.389,136.389,0.88,92.0,0.87,120.0,0.89,146.4,0.9,135.5,0.11,0.9,0.1,20.5,0.12,167.0,0.13,160.5,0.01,0.01,2339.459795,1776356235000
1776356237.965,137.965,0.85,21.0,0.84,10.0,0.86,196.91,0.87,161.5,0.11,121.4,0.1,135.5,0.12,57.0,0.13,120.0,0.01,0.01,2339.725273,1776356236000
1776356238.783,138.783,0.85,21.0,0.84,15.0,0.86,164.33,0.87,193.3,0.14,196.91,0.13,161.5,0.15,21.0,0.16,10.0,0.01,0.01,2339.85952,1776356237000
1776356239.316,139.316,0.84,1.0,0.83,21.02,0.86,114.33,0.87,193.3,0.14,164.33,0.13,193.3,0.15,21.0,0.16,15.0,0.02,0.01,2339.751057,1776356238000
1776356239.906,139.906,0.84,1.0,0.83,21.02,0.85,110.44,0.86,114.33,0.14,114.33,0.13,193.3,0.16,1.0,0.17,21.02,0.01,0.02,2339.751057,1776356238000
1776356240.451,140.451,0.84,6.0,0.83,21.02,0.85,101.34,0.86,114.33,0.15,110.44,0.14,114.33,0.16,1.0,0.17,21.02,0.01,0.01,2339.327593,1776356239000
1776356241.071,141.071,0.84,6.0,0.83,21.02,0.85,108.24,0.86,114.33,0.15,101.34,0.14,114.33,0.16,6.0,0.17,21.02,0.01,0.01,2339.327593,1776356239000
1776356241.815,141.815,0.84,50.7,0.83,21.02,0.85,116.24,0.86,114.33,0.15,108.24,0.14,114.33,0.16,6.0,0.17,21.02,0.01,0.01,2339.295629,1776356240000
1776356242.135,142.135,0.84,55.7,0.83,21.02,0.85,116.24,0.86,114.33,0.15,116.24,0.14,114.33,0.16,50.7,0.17,21.02,0.01,0.01,2339.295629,1776356240000
1776356242.437,142.437,0.84,54.5,0.83,31.52,0.85,103.24,0.86,114.33,0.15,116.24,0.14,114.33,0.16,55.7,0.17,21.02,0.01,0.01,2339.295629,1776356240000
1776356242.793,142.793,0.84,49.2,0.83,31.52,0.85,92.24,0.86,114.33,0.15,103.24,0.14,114.33,0.16,54.5,0.17,31.52,0.01,0.01,2339.271179,1776356241000
1776356243.112,143.112,0.84,44.2,0.83,31.52,0.85,92.24,0.86,114.33,0.15,92.24,0.14,114.33,0.16,49.2,0.17,31.52,0.01,0.01,2339.271179,1776356241000
1776356246.234,146.234,0.87,10.18,0.86,20.0,0.88,133.5,0.89,163.19,0.15,92.24,0.14,114.33,0.16,44.2,0.17,31.52,0.01,0.01,2339.322875,1776356245000
1776356247.523,147.523,0.86,15.0,0.85,20.0,0.87,190.0,0.88,126.5,0.12,133.5,0.11,163.19,0.13,10.18,0.14,20.0,0.01,0.01,2339.322875,1776356245000
1776356249.841,149.841,0.85,24.0,0.84,10.0,0.86,88.1,0.87,372.3,0.13,205.5,0.12,126.5,0.14,5.0,0.15,20.0,0.01,0.01,2339.405285,1776356248000
1776356251.296,151.296,0.84,27.13,0.83,25.5,0.85,10.0,0.86,138.5,0.16,5.0,0.15,125.5,0.17,10.5,0.18,21.83,0.01,0.01,2339.372991,1776356249000
1776356252.007,152.007,0.86,10.0,0.85,60.5,0.87,207.5,0.88,170.6,0.15,10.0,0.14,138.5,0.16,27.13,0.17,25.5,0.01,0.01,2339.163579,1776356250000
1776356252.6,152.6,0.86,10.0,0.85,65.5,0.87,206.35,0.88,165.6,0.13,207.5,0.12,170.6,0.14,10.0,0.15,60.5,0.01,0.01,2339.151376,1776356251000
1776356253.14,153.14,0.86,48.5,0.85,89.91,0.87,144.12,0.88,131.5,0.13,200.6,0.12,170.6,0.14,10.0,0.15,65.5,0.01,0.01,2339.151376,1776356251000
1776356253.437,153.437,0.86,36.5,0.85,89.91,0.87,151.74,0.88,131.5,0.13,144.12,0.12,131.5,0.14,48.5,0.15,89.91,0.01,0.01,2339.152087,1776356252000
1776356253.753,153.753,0.86,165.5,0.85,84.91,0.87,130.74,0.88,11.0,0.13,151.74,0.12,131.5,0.14,36.5,0.15,89.91,0.01,0.01,2339.152087,1776356252000
1776356253.973,153.973,0.86,195.5,0.85,84.91,0.87,105.68,0.88,11.0,0.13,108.68,0.12,11.0,0.14,135.5,0.15,84.91,0.01,0.01,2339.152087,1776356252000
1776356254.22,154.22,0.87,100.5,0.86,141.5,0.88,2.0,0.89,0.9,0.12,11.0,0.11,0.9,0.14,216.5,0.15,114.91,0.01,0.02,2339.152087,1776356252000
1776356254.61,154.61,0.88,62.5,0.87,99.5,0.9,11.0,0.91,165.0,0.11,0.9,0.1,20.0,0.13,164.5,0.14,126.5,0.02,0.02,2339.2641,1776356253000
1776356255.26,155.26,0.89,15.61,0.88,68.5,0.9,31.81,0.91,165.0,0.1,11.0,0.09,165.0,0.12,62.5,0.13,99.5,0.01,0.02,2339.276604,1776356254000
1776356256.221,156.221,0.89,40.12,0.88,35.5,0.9,9.03,0.91,170.0,0.1,31.81,0.09,165.0,0.11,15.61,0.12,68.5,0.01,0.01,2339.276604,1776356254000
1776356256.668,156.668,0.89,30.12,0.88,20.0,0.9,30.36,0.91,165.0,0.1,9.03,0.09,170.0,0.11,40.12,0.12,35.5,0.01,0.01,2339.702933,1776356255000
1776356256.975,156.975,0.89,50.62,0.88,30.5,0.9,121.83,0.91,165.0,0.1,30.36,0.09,165.0,0.11,30.12,0.12,20.0,0.01,0.01,2339.702933,1776356255000
1776356257.875,157.875,0.89,50.62,0.88,40.5,0.9,17.45,0.91,121.0,0.1,121.83,0.09,165.0,0.11,50.62,0.12,30.5,0.01,0.01,2339.70984,1776356256000
1776356258.182,158.182,0.87,9.0,0.85,11.0,0.9,415.5,0.91,275.0,0.1,17.45,0.09,121.0,0.11,50.62,0.12,40.5,0.03,0.01,2339.6745,1776356257000
1776356258.531,158.531,0.84,87.5,0.83,29.06,0.85,95.0,0.86,140.5,0.15,150.5,0.14,140.5,0.17,29.06,0.18,21.83,0.01,0.02,2339.6745,1776356257000
1776356259.649,159.649,0.85,20.0,0.84,70.5,0.86,20.0,0.87,36.43,0.15,95.0,0.14,140.5,0.16,80.5,0.17,29.06,0.01,0.01,2339.609698,1776356258000
1776356260.296,160.296,0.86,20.0,0.85,75.5,0.87,20.4,0.88,91.6,0.14,20.0,0.13,36.43,0.15,20.0,0.16,70.5,0.01,0.01,2339.205828,1776356259000
1776356261.221,161.221,0.88,30.5,0.87,60.5,0.89,38.08,0.9,80.0,0.13,20.4,0.12,91.6,0.14,20.0,0.15,75.5,0.01,0.01,2339.205828,1776356259000
1776356261.478,161.478,0.89,22.0,0.88,89.5,0.9,72.0,0.91,95.0,0.11,38.08,0.1,80.0,0.12,30.5,0.13,60.5,0.01,0.01,2339.016375,1776356260000
1776356262.165,162.165,0.87,28.42,0.86,25.5,0.88,25.0,0.89,38.0,0.1,72.0,0.09,95.0,0.11,22.0,0.12,89.5,0.01,0.01,2339.016375,1776356260000
1776356262.935,162.935,0.87,28.42,0.86,35.5,0.88,26.0,0.89,43.0,0.12,25.0,0.11,38.0,0.13,28.42,0.14,25.5,0.01,0.01,2339.084695,1776356261000
1776356263.272,163.272,0.87,28.42,0.86,35.5,0.88,8.72,0.89,43.0,0.12,24.86,0.11,38.0,0.13,28.42,0.14,35.5,0.01,0.01,2339.084695,1776356261000
1776356265.292,165.292,0.85,26.5,0.84,25.5,0.87,25.0,0.88,59.22,0.12,8.72,0.11,43.0,0.13,28.42,0.14,35.5,0.02,0.01,2339.274364,1776356264000
1776356265.695,165.695,0.86,10.5,0.85,20.5,0.87,54.0,0.88,59.22,0.13,50.0,0.12,59.22,0.16,22.0,0.17,53.04,0.01,0.03,2339.274364,1776356264000
1776356268.064,168.064,0.86,70.46,0.85,25.5,0.87,43.4,0.88,59.22,0.13,54.0,0.12,59.22,0.14,10.5,0.15,20.5,0.01,0.01,2339.18384,1776356266000
1776356268.546,168.546,0.87,15.0,0.86,85.96,0.88,41.72,0.89,100.29,0.12,33.72,0.11,100.29,0.13,10.0,0.14,85.96,0.01,0.01,2339.207839,1776356267000
1776356269.224,169.224,0.88,20.0,0.87,25.0,0.89,35.7,0.9,124.51,0.12,41.72,0.11,100.29,0.13,15.0,0.14,85.96,0.01,0.01,2339.188955,1776356268000
1776356269.891,169.891,0.88,20.0,0.87,35.5,0.89,30.08,0.9,124.51,0.11,35.7,0.1,124.51,0.12,20.0,0.13,25.0,0.01,0.01,2339.188955,1776356268000
1776356270.582,170.582,0.88,6.6,0.87,35.5,0.89,30.08,0.9,124.51,0.11,30.08,0.1,124.51,0.12,13.3,0.13,35.5,0.01,0.01,2339.14108,1776356269000
1776356271.229,171.229,0.86,175.46,0.85,136.5,0.91,82.16,0.92,115.05,0.11,30.08,0.1,124.51,0.12,6.6,0.13,35.5,0.05,0.01,2339.190367,1776356270000
1776356271.673,171.673,0.87,25.5,0.86,185.96,0.89,18.0,0.9,10.0,0.09,82.16,0.08,115.05,0.14,175.46,0.15,136.5,0.02,0.05,2339.190367,1776356270000
1776356272.187,172.187,0.88,15.0,0.87,125.5,0.89,24.62,0.9,10.0,0.11,18.0,0.1,10.0,0.13,25.5,0.14,185.96,0.01,0.02,2339.190367,1776356270000
1776356274.403,174.403,0.88,108.95,0.87,130.5,0.89,24.62,0.91,13.16,0.11,24.62,0.1,10.0,0.12,15.0,0.13,125.5,0.01,0.01,2339.211086,1776356273000
1776356274.662,174.662,0.88,282.95,0.87,194.5,0.89,11.62,0.92,27.0,0.11,24.62,0.09,13.16,0.12,108.95,0.13,130.5,0.01,0.01,2339.211086,1776356273000
1776356275.31,175.31,0.91,28.0,0.9,276.5,0.92,7.16,0.93,29.0,0.08,24.0,0.07,29.0,0.11,5.0,0.12,257.95,0.01,0.03,2339.19913,1776356274000
1776356275.619,175.619,0.9,111.0,0.89,15.0,0.91,43.0,0.92,14.62,0.08,4.62,0.07,29.0,0.09,23.0,0.1,166.0,0.01,0.01,2339.19913,1776356274000
1776356280.177,180.177,0.91,203.5,0.9,239.27,0.92,1.0,0.93,24.0,0.09,45.86,0.08,14.62,0.1,63.0,0.11,15.0,0.01,0.01,2339.305854,1776356278000
1776356280.674,180.674,0.92,182.5,0.91,282.5,0.93,18.62,0.94,32.0,0.07,24.0,0.06,115.33,0.08,16.0,0.09,322.5,0.01,0.01,2339.313953,1776356279000
1776356280.987,180.987,0.92,192.5,0.91,297.5,0.93,5.77,0.94,37.0,0.07,7.86,0.06,37.0,0.08,192.5,0.09,292.5,0.01,0.01,2339.313953,1776356279000
1776356281.188,181.188,0.92,192.5,0.91,297.5,0.93,2.85,0.94,32.0,0.07,5.77,0.06,37.0,0.08,192.5,0.09,297.5,0.01,0.01,2339.313953,1776356279000
1776356281.697,181.697,0.93,152.5,0.92,320.5,0.94,32.0,0.95,45.0,0.06,32.0,0.05,50.0,0.08,230.5,0.09,297.5,0.01,0.02,2339.376337,1776356280000
1776356282.026,182.026,0.93,152.5,0.92,325.5,0.94,101.0,0.95,45.0,0.06,32.0,0.05,45.0,0.07,152.5,0.08,320.5,0.01,0.01,2339.458438,1776356281000
1776356282.574,182.574,0.93,143.21,0.92,337.5,0.94,99.0,0.95,45.0,0.06,99.0,0.05,45.0,0.07,152.5,0.08,325.5,0.01,0.01,2339.458438,1776356281000
1776356282.892,182.892,0.93,148.21,0.92,337.5,0.94,71.69,0.95,45.0,0.06,77.0,0.05,45.0,0.07,155.21,0.08,337.5,0.01,0.01,2339.458438,1776356281000
1776356283.32,183.32,0.93,158.21,0.92,342.5,0.94,66.38,0.95,45.0,0.06,71.69,0.05,45.0,0.07,148.21,0.08,337.5,0.01,0.01,2339.77032,1776356282000
1776356283.525,183.525,0.94,142.5,0.93,148.21,0.95,37.28,0.96,60.88,0.05,9.39,0.04,60.88,0.07,148.21,0.08,342.5,0.01,0.02,2339.77032,1776356282000
1776356284.667,184.667,0.94,20.5,0.93,138.21,0.95,52.08,0.96,60.88,0.05,37.28,0.04,60.88,0.06,142.5,0.07,148.21,0.01,0.01,2340.212855,1776356283000
1776356284.936,184.936,0.93,122.78,0.92,146.5,0.95,13.81,0.96,60.88,0.05,13.81,0.04,60.88,0.06,20.5,0.07,138.21,0.02,0.01,2340.212855,1776356283000
1776356285.661,185.661,0.93,122.78,0.92,151.5,0.94,69.71,0.96,60.88,0.06,57.91,0.05,13.81,0.07,122.78,0.08,151.5,0.01,0.01,2340.284346,1776356284000
1776356285.977,185.977,0.95,10.0,0.94,25.5,0.96,19.88,0.97,509.7,0.04,24.97,0.03,509.7,0.07,122.78,0.08,151.5,0.01,0.03,2340.284346,1776356284000
1776356286.284,186.284,0.96,84.0,0.95,5.0,0.97,371.33,0.98,478.7,0.03,495.03,0.02,478.7,0.05,10.0,0.06,25.5,0.01,0.02,2340.334317,1776356285000
1776356286.766,186.766,0.94,25.5,0.93,127.78,0.96,6.87,0.97,356.33,0.03,356.33,0.02,478.7,0.06,25.5,0.07,122.78,0.02,0.03,2340.334317,1776356285000
1776356288.767,188.767,0.96,174.35,0.95,137.5,0.97,326.33,0.98,448.7,0.04,6.87,0.03,356.33,0.06,25.5,0.07,127.78,0.01,0.02,2340.169801,1776356287000
1776356289.271,189.271,0.96,169.45,0.95,130.5,0.97,321.33,0.98,448.7,0.03,326.33,0.02,448.7,0.04,169.45,0.05,142.5,0.01,0.01,2340.169801,1776356287000
1776356290.5,190.5,0.96,25.5,0.95,125.5,0.97,295.58,0.98,448.7,0.03,297.65,0.02,448.7,0.04,169.45,0.05,130.5,0.01,0.01,2340.132038,1776356289000
1776356290.956,190.956,0.96,150.5,0.95,180.23,0.97,294.54,0.98,448.7,0.03,295.58,0.02,448.7,0.04,25.5,0.05,125.5,0.01,0.01,2340.132038,1776356289000
1776356291.728,191.728,0.96,341.5,0.95,210.23,0.97,194.54,0.98,265.0,0.03,294.54,0.02,448.7,0.04,150.5,0.05,180.23,0.01,0.01,2340.362564,1776356290000
1776356293.365,193.365,0.96,289.13,0.95,256.03,0.97,194.54,0.98,265.0,0.03,194.54,0.02,265.0,0.04,341.5,0.05,210.23,0.01,0.01,2340.418665,1776356292000
1776356293.697,193.697,0.96,215.5,0.95,156.03,0.97,143.15,0.98,365.0,0.03,194.54,0.02,265.0,0.04,289.13,0.05,256.03,0.01,0.01,2340.418665,1776356292000
1776356295.131,195.131,0.96,110.5,0.95,80.23,0.97,237.99,0.98,548.7,0.03,143.15,0.02,365.0,0.04,215.5,0.05,156.03,0.01,0.01,2341.010905,1776356293000
1776356295.456,195.456,0.96,110.5,0.95,80.23,0.97,236.95,0.98,365.0,0.03,237.99,0.02,548.7,0.04,110.5,0.05,80.23,0.01,0.01,2341.010905,1776356293000
1776356295.668,195.668,0.96,110.5,0.95,80.23,0.97,234.87,0.98,365.0,0.03,235.91,0.02,365.0,0.04,110.5,0.05,80.23,0.01,0.01,2341.010905,1776356293000
1776356295.877,195.877,0.96,110.48,0.95,80.23,0.97,225.6,0.98,365.0,0.03,226.64,0.02,365.0,0.04,110.48,0.05,80.23,0.01,0.01,2341.030597,1776356294000
1776356296.275,196.275,0.96,110.48,0.95,80.23,0.97,223.52,0.98,365.0,0.03,224.56,0.02,365.0,0.04,110.48,0.05,80.23,0.01,0.01,2341.030597,1776356294000
1776356296.575,196.575,0.96,110.48,0.95,190.03,0.97,121.44,0.98,365.0,0.03,122.48,0.02,365.0,0.04,110.48,0.05,185.03,0.01,0.01,2340.856241,1776356295000
1776356297.194,197.194,0.96,172.48,0.95,220.03,0.97,116.33,0.98,365.0,0.03,121.44,0.02,365.0,0.04,110.48,0.05,190.03,0.01,0.01,2340.769308,1776356296000
1776356298.446,198.446,0.96,130.48,0.95,135.3,0.97,111.13,0.98,365.0,0.03,116.33,0.02,365.0,0.04,172.48,0.05,220.03,0.01,0.01,2340.769308,1776356296000
1776356298.751,198.751,0.96,130.48,0.95,135.3,0.97,98.82,0.98,365.0,0.03,103.91,0.02,365.0,0.04,130.48,0.05,135.3,0.01,0.01,2340.858446,1776356297000
1776356299.458,199.458,0.96,130.48,0.95,135.3,0.97,39.97,0.98,265.0,0.03,98.82,0.02,365.0,0.04,130.48,0.05,135.3,0.01,0.01,2341.174762,1776356298000
1776356299.935,199.935,0.96,130.48,0.95,135.3,0.97,29.68,0.98,265.0,0.03,34.77,0.02,265.0,0.04,130.48,0.05,135.3,0.01,0.01,2341.174762,1776356298000
1776356300.472,200.472,0.96,294.18,0.95,114.3,0.97,24.68,0.98,265.0,0.03,29.68,0.02,265.0,0.04,130.48,0.05,135.3,0.01,0.01,2341.099715,1776356299000
1776356300.672,200.672,0.96,265.83,0.95,114.3,0.97,24.68,0.98,265.0,0.03,24.68,0.02,265.0,0.04,294.18,0.05,114.3,0.01,0.01,2341.099715,1776356299000
1776356301.195,201.195,0.96,265.83,0.95,114.3,0.97,12.37,0.98,265.0,0.03,14.37,0.02,265.0,0.04,265.83,0.05,114.3,0.01,0.01,2341.099715,1776356299000
1776356301.956,201.956,0.96,206.83,0.95,142.3,0.98,225.7,0.99,2842.54,0.03,3.37,0.02,265.0,0.04,265.83,0.05,114.3,0.02,0.01,2341.083318,1776356300000
1776356302.612,202.612,0.97,123.5,0.96,169.2,0.99,3057.54,,,0.02,225.7,0.01,2842.54,0.04,206.83,0.05,142.3,0.02,0.02,2341.097129,1776356301000
1776356302.992,202.992,0.98,95.56,0.97,128.5,0.99,2957.54,,,0.01,3057.54,,,0.03,123.5,0.04,169.2,0.01,0.02,2341.097129,1776356301000
1776356303.802,203.802,0.98,114.93,0.97,128.5,0.99,2953.54,,,0.01,2957.54,,,0.02,95.56,0.03,128.5,0.01,0.01,2341.08529,1776356302000
1776356305.715,205.715,0.98,114.93,0.97,25.5,0.99,2785.0,,,0.01,2948.54,,,0.02,114.93,0.03,128.5,0.01,0.01,2341.062029,1776356304000
1776356307.376,207.376,0.98,18.8,0.97,30.65,0.99,2785.0,,,0.01,2785.0,,,0.02,114.93,0.03,25.5,0.01,0.01,2341.124926,1776356305000
1776356308.208,208.208,0.98,18.8,0.97,30.65,0.99,2781.96,,,0.01,2785.0,,,0.02,18.8,0.03,30.65,0.01,0.01,2341.097874,1776356306000
1776356309.111,209.111,0.98,23.9,0.97,15.0,0.99,2036.96,,,0.01,2781.96,,,0.02,18.8,0.03,30.65,0.01,0.01,2341.048624,1776356307000
1776356309.8,209.8,0.98,23.9,0.97,15.0,0.99,2014.76,,,0.01,2034.96,,,0.02,23.9,0.03,15.0,0.01,0.01,2340.989071,1776356308000
1776356311.188,211.188,0.98,33.9,0.97,25.5,0.99,2639.76,,,0.01,2014.76,,,0.02,23.9,0.03,15.0,0.01,0.01,2340.970902,1776356309000
1776356311.482,211.482,0.98,149.4,0.97,20.5,0.99,2032.68,,,0.01,2639.76,,,0.02,33.9,0.03,25.5,0.01,0.01,2340.970902,1776356309000
1776356311.856,211.856,0.98,188.4,0.97,144.2,0.99,1547.08,,,0.01,1912.68,,,0.02,140.22,0.03,20.5,0.01,0.01,2340.802418,1776356310000
1776356312.409,212.409,0.98,178.4,0.97,149.4,0.99,1442.08,,,0.01,1547.08,,,0.02,188.4,0.03,144.2,0.01,0.01,2340.78205,1776356311000
1776356313.651,213.651,0.98,188.4,0.97,151.2,0.99,1381.38,,,0.01,1392.08,,,0.02,178.4,0.03,149.4,0.01,0.01,2340.791958,1776356312000
1776356314.251,214.251,0.98,183.3,0.97,151.2,0.99,1461.38,,,0.01,1381.38,,,0.02,188.4,0.03,151.2,0.01,0.01,2341.234739,1776356313000
1776356314.555,214.555,0.98,259.05,0.97,151.2,0.99,1360.36,,,0.01,1461.38,,,0.02,183.3,0.03,151.2,0.01,0.01,2341.234739,1776356313000
1776356314.838,214.838,0.98,277.05,0.97,151.2,0.99,1257.32,,,0.01,1358.32,,,0.02,268.05,0.03,151.2,0.01,0.01,2341.234739,1776356313000
1776356315.273,215.273,0.98,248.05,0.97,151.2,0.99,1227.07,,,0.01,1252.32,,,0.02,276.87,0.03,151.2,0.01,0.01,2341.333486,1776356314000
1776356316.653,216.653,0.98,120.05,0.97,282.2,0.99,1226.05,,,0.01,1227.07,,,0.02,248.05,0.03,151.2,0.01,0.01,2341.286505,1776356315000
1776356317.721,217.721,0.98,329.75,0.97,289.2,0.99,1220.03,,,0.01,1225.03,,,0.02,120.05,0.03,282.2,0.01,0.01,2341.373581,1776356316000
1776356318.775,218.775,0.98,320.57,0.97,289.2,0.99,1212.65,,,0.01,1220.03,,,0.02,329.75,0.03,289.2,0.01,0.01,2341.488394,1776356317000
1776356319.324,219.324,0.98,329.75,0.97,295.2,0.99,1207.59,,,0.01,1212.65,,,0.02,320.57,0.03,289.2,0.01,0.01,2341.488394,1776356317000
1776356319.667,219.667,0.98,329.75,0.97,335.2,0.99,1128.94,,,0.01,1207.59,,,0.02,329.75,0.03,295.2,0.01,0.01,2341.62413,1776356318000
1776356320.959,220.959,0.98,359.75,0.97,662.2,0.99,1098.94,,,0.01,1128.94,,,0.02,329.75,0.03,341.2,0.01,0.01,2341.672438,1776356319000
1776356321.25,221.25,0.98,331.07,0.97,662.2,0.99,918.93,,,0.01,918.93,,,0.02,324.57,0.03,662.2,0.01,0.01,2341.791752,1776356320000
1776356321.852,221.852,0.98,331.07,0.97,662.2,0.99,917.91,,,0.01,918.93,,,0.02,331.07,0.03,662.2,0.01,0.01,2341.791752,1776356320000
1776356322.087,222.087,0.98,321.89,0.97,762.2,0.99,864.16,,,0.01,886.89,,,0.02,331.07,0.03,662.2,0.01,0.01,2341.791752,1776356320000
1776356322.653,222.653,0.99,1694.13,0.98,331.07,,,,,0.01,830.87,,,0.02,421.07,0.03,772.2,,0.01,2342.230393,1776356321000
1776356323.605,223.605,0.99,1903.08,0.98,304.89,,,,,,,,,0.01,1694.13,0.02,331.07,,,2342.256603,1776356322000
1776356325.463,225.463,0.99,1804.09,0.98,302.95,,,,,,,,,0.01,1903.08,0.02,304.89,,,2342.510857,1776356324000
1776356329.003,229.003,0.99,1643.09,0.98,302.95,,,,,,,,,0.01,1804.09,0.02,302.95,,,2342.348165,1776356327000
1776356333.103,233.103,0.99,1436.74,0.98,302.95,,,,,,,,,0.01,1614.09,0.02,302.95,,,2341.914548,1776356331000
1776356338.167,238.167,0.99,441.74,0.98,302.95,,,,,,,,,0.01,1436.74,0.02,302.95,,,2341.919381,1776356336000
1776356339.531,239.531,0.99,443.76,0.98,302.95,,,,,,,,,0.01,441.74,0.02,302.95,,,2341.917593,1776356337000
1776356354.743,254.743,0.99,3178.96,0.98,316.7,,,,,,,,,0.01,443.76,0.02,302.95,,,2342.354484,1776356353000
1776356356.761,256.761,0.99,2389.5,0.98,221.7,,,,,,,,,0.01,3178.96,0.02,316.7,,,2342.270625,1776356355000
1776356381.2,281.2,0.99,10657.94,0.98,52.0,,,,,,,,,0.01,2389.5,0.02,221.7,,,2340.762925,1776356379000

# RESULT,winner=Up,slug=eth-updown-5m-1776356100,ticks=315
