timestamp,elapsed_sec,up_bid_p1,up_bid_s1,up_bid_p2,up_bid_s2,up_ask_p1,up_ask_s1,up_ask_p2,up_ask_s2,down_bid_p1,down_bid_s1,down_bid_p2,down_bid_s2,down_ask_p1,down_ask_s1,down_ask_p2,down_ask_s2,up_spread,down_spread,eth_price,eth_oracle_ts
1776348600.875,0.875,0.52,71.37,0.51,16.0,0.54,5.0,0.59,21.94,0.46,5.0,0.41,21.94,0.48,92.21,0.49,16.0,0.02,0.02,2311.412187,1776348599000
1776348601.477,1.477,0.47,5.0,0.46,5.0,0.49,13.6,0.5,25.0,0.48,65.0,0.47,70.0,0.51,6.0,0.54,8.0,0.02,0.03,2311.629745,1776348600000
1776348601.819,1.819,0.45,13.88,0.44,88.0,0.49,19.35,0.5,5.0,0.51,6.03,0.5,20.0,0.53,5.0,0.54,5.0,0.04,0.02,2311.629745,1776348600000
1776348602.051,2.051,0.46,5.0,0.45,13.88,0.48,22.91,0.49,23.03,0.52,6.87,0.51,19.35,0.55,13.88,0.56,80.0,0.02,0.03,2311.629745,1776348600000
1776348602.303,2.303,0.45,15.55,0.44,86.0,0.47,5.0,0.49,18.94,0.51,18.94,0.5,5.0,0.54,5.0,0.55,13.88,0.02,0.03,2311.743408,1776348601000
1776348602.897,2.897,0.46,18.89,0.45,137.22,0.47,5.0,0.48,5.0,0.53,5.0,0.51,18.94,0.55,12.22,0.56,86.0,0.01,0.02,2311.743408,1776348601000
1776348603.182,3.182,0.46,18.89,0.45,137.22,0.47,5.0,0.48,5.0,0.53,5.0,0.52,5.0,0.54,18.89,0.55,137.22,0.01,0.01,2311.4375,1776348602000
1776348603.402,3.402,0.48,15.0,0.47,15.0,0.49,85.14,0.5,125.0,0.53,5.0,0.52,5.0,0.54,18.89,0.55,137.22,0.01,0.01,2311.4375,1776348602000
1776348603.63,3.63,0.47,10.0,0.46,14.0,0.49,186.46,0.5,120.0,0.51,85.14,0.5,125.0,0.52,15.0,0.53,15.0,0.02,0.01,2311.4375,1776348602000
1776348604.098,4.098,0.44,82.22,0.43,85.0,0.46,120.0,0.47,131.0,0.51,186.46,0.5,120.0,0.53,10.0,0.54,14.0,0.02,0.02,2311.4375,1776348602000
1776348605.258,5.258,0.44,57.22,0.43,92.0,0.45,142.98,0.46,121.0,0.54,120.0,0.53,131.0,0.56,72.22,0.57,85.0,0.01,0.02,2311.260646,1776348603000
1776348605.91,5.91,0.44,52.22,0.43,5.0,0.45,142.98,0.46,126.0,0.55,142.98,0.54,126.0,0.56,52.22,0.57,5.0,0.01,0.01,2311.058647,1776348605000
1776348607.222,7.222,0.44,52.22,0.43,5.0,0.45,142.98,0.46,126.0,0.55,142.98,0.54,126.0,0.56,52.22,0.57,5.0,0.01,0.01,2310.98445,1776348606000
1776348608.202,8.202,0.44,52.22,0.43,5.0,0.45,142.98,0.46,126.0,0.55,142.98,0.54,126.0,0.56,52.22,0.57,5.0,0.01,0.01,2310.8876,1776348607000
1776348608.521,8.521,0.43,5.0,0.42,55.0,0.45,147.98,0.46,125.0,0.55,142.98,0.54,126.0,0.56,52.22,0.57,5.0,0.02,0.01,2310.8876,1776348607000
1776348609.233,9.233,0.43,5.0,0.42,55.0,0.45,147.98,0.46,125.0,0.55,147.98,0.54,125.0,0.57,5.0,0.58,55.0,0.02,0.02,2310.9608,1776348608000
1776348609.581,9.581,0.44,43.75,0.43,15.0,0.45,17.98,0.46,120.0,0.56,95.0,0.55,142.98,0.57,30.0,0.58,45.0,0.01,0.01,2310.9608,1776348608000
1776348610.389,10.389,0.44,86.5,0.43,30.0,0.45,17.98,0.46,100.0,0.55,17.98,0.54,120.0,0.56,43.75,0.57,15.0,0.01,0.01,2310.9608,1776348608000
1776348611.596,11.596,0.44,81.14,0.43,30.0,0.45,17.98,0.47,200.5,0.55,17.98,0.54,100.0,0.56,86.5,0.57,30.0,0.01,0.01,2310.814424,1776348610000
1776348612.975,12.975,0.44,89.71,0.43,35.0,0.45,17.98,0.47,190.5,0.55,17.98,0.53,200.5,0.56,81.14,0.57,30.0,0.01,0.01,2310.965395,1776348612000
1776348614.66,14.66,0.44,19.9,0.43,35.5,0.45,138.48,0.46,125.5,0.55,17.98,0.53,190.5,0.56,89.71,0.57,35.0,0.01,0.01,2311.08315,1776348613000
1776348614.977,14.977,0.44,17.25,0.43,35.5,0.45,173.48,0.46,125.5,0.55,138.48,0.54,125.5,0.56,19.9,0.57,35.5,0.01,0.01,2311.08315,1776348613000
1776348616.795,16.795,0.44,19.25,0.43,35.5,0.45,150.34,0.46,125.5,0.55,173.48,0.54,125.5,0.56,17.25,0.57,35.5,0.01,0.01,2311.130185,1776348615000
1776348617.553,17.553,0.44,85.75,0.43,48.5,0.45,9.84,0.48,115.5,0.55,150.34,0.54,125.5,0.56,19.25,0.57,35.5,0.01,0.01,2310.962644,1776348616000
1776348617.81,17.81,0.44,186.75,0.43,218.5,0.49,110.35,0.5,100.0,0.55,6.64,0.51,110.35,0.56,162.75,0.57,218.5,0.05,0.01,2310.962644,1776348616000
1776348618.027,18.027,0.48,256.64,0.47,10.0,0.49,90.35,0.5,100.0,0.51,100.35,0.5,100.0,0.52,256.64,0.53,10.0,0.01,0.01,2310.962644,1776348616000
1776348618.775,18.775,0.48,277.06,0.47,41.5,0.49,2.84,0.5,15.0,0.51,90.35,0.5,100.0,0.52,256.64,0.53,10.0,0.01,0.01,2310.870559,1776348617000
1776348619.129,19.129,0.49,10.0,0.48,277.48,0.5,2.1,0.51,160.0,0.51,2.84,0.5,15.0,0.52,277.06,0.53,41.5,0.01,0.01,2310.870559,1776348617000
1776348621.734,21.734,0.5,21.68,0.49,15.0,0.51,160.5,0.52,202.0,0.5,2.1,0.49,160.0,0.51,10.0,0.52,277.48,0.01,0.01,2311.573079,1776348620000
1776348623.046,23.046,0.5,5.99,0.49,15.0,0.51,149.7,0.52,190.0,0.49,160.5,0.48,202.0,0.5,21.68,0.51,15.0,0.01,0.01,2311.597446,1776348622000
1776348623.298,23.298,0.5,5.99,0.49,15.0,0.51,177.73,0.52,190.0,0.49,139.7,0.48,190.0,0.5,5.99,0.51,15.0,0.01,0.01,2311.597446,1776348622000
1776348623.703,23.703,0.5,5.99,0.49,15.0,0.51,186.76,0.52,190.0,0.49,175.76,0.48,190.0,0.5,5.99,0.51,15.0,0.01,0.01,2311.597446,1776348622000
1776348624.018,24.018,0.49,15.0,0.48,214.64,0.51,194.96,0.52,290.0,0.49,186.76,0.48,190.0,0.5,5.99,0.51,15.0,0.02,0.01,2311.597446,1776348622000
1776348624.555,24.555,0.49,5.0,0.48,204.64,0.5,145.36,0.51,138.76,0.5,114.86,0.49,187.96,0.51,5.0,0.52,204.64,0.01,0.01,2311.567226,1776348623000
1776348624.924,24.924,0.48,201.75,0.46,97.5,0.5,192.36,0.51,206.76,0.5,145.36,0.49,138.76,0.51,5.0,0.52,204.64,0.02,0.01,2311.567226,1776348623000
1776348626.126,26.126,0.48,186.86,0.46,10.0,0.49,145.0,0.5,155.9,0.51,5.0,0.5,187.36,0.52,184.75,0.54,97.5,0.01,0.01,2311.377968,1776348625000
1776348626.61,26.61,0.48,17.97,0.46,20.0,0.49,157.2,0.5,160.9,0.51,130.0,0.5,167.9,0.52,98.97,0.54,37.5,0.01,0.01,2311.377968,1776348625000
1776348630.225,30.225,0.46,52.5,0.45,121.5,0.47,104.0,0.48,100.0,0.51,132.0,0.5,167.9,0.53,10.0,0.54,20.0,0.01,0.02,2311.001736,1776348629000
1776348630.55,30.55,0.46,89.5,0.45,126.5,0.48,99.0,0.49,125.0,0.53,104.0,0.52,100.0,0.54,52.5,0.55,121.5,0.02,0.01,2311.001736,1776348629000
1776348632.689,32.689,0.47,297.78,0.46,241.37,0.48,7.0,0.49,10.0,0.52,90.91,0.51,110.0,0.53,20.12,0.54,77.5,0.01,0.01,2311.227855,1776348631000
1776348632.913,32.913,0.52,5.0,0.51,10.0,0.53,56.21,0.54,100.0,0.47,61.21,0.46,195.0,0.48,5.0,0.5,32.0,0.01,0.01,2311.227855,1776348631000
1776348633.695,33.695,0.53,15.0,0.52,20.0,0.54,93.72,0.55,105.0,0.47,49.07,0.46,100.0,0.48,15.0,0.49,15.0,0.01,0.01,2311.223055,1776348632000
1776348633.913,33.913,0.53,15.0,0.52,20.0,0.54,97.36,0.55,105.0,0.46,93.72,0.45,105.0,0.47,15.0,0.48,20.0,0.01,0.01,2311.223055,1776348632000
1776348634.515,34.515,0.53,15.0,0.52,20.0,0.54,79.36,0.55,167.09,0.46,97.36,0.45,105.0,0.47,15.0,0.48,20.0,0.01,0.01,2311.24227,1776348633000
1776348635.028,35.028,0.52,2.0,0.51,20.0,0.53,17.0,0.54,169.36,0.46,79.36,0.45,177.09,0.47,11.68,0.48,20.0,0.01,0.01,2311.24227,1776348633000
1776348635.257,35.257,0.52,23.0,0.51,20.0,0.53,5.0,0.54,101.86,0.47,17.0,0.46,169.36,0.48,2.0,0.49,20.0,0.01,0.01,2311.957442,1776348634000
1776348635.615,35.615,0.52,17.0,0.51,20.0,0.53,71.7,0.54,91.36,0.47,5.0,0.46,101.86,0.48,23.0,0.49,20.0,0.01,0.01,2311.957442,1776348634000
1776348636.155,36.155,0.54,6.47,0.53,15.0,0.55,70.0,0.56,112.5,0.47,69.81,0.46,91.36,0.48,17.0,0.49,20.0,0.01,0.01,2311.918301,1776348635000
1776348636.666,36.666,0.54,2.6,0.53,15.0,0.55,184.81,0.56,115.5,0.45,70.0,0.44,112.5,0.46,6.47,0.47,15.0,0.01,0.01,2311.918301,1776348635000
1776348637.827,37.827,0.51,12.06,0.5,52.5,0.52,36.0,0.53,23.0,0.45,184.81,0.44,115.5,0.46,2.6,0.47,15.0,0.01,0.01,2311.904123,1776348636000
1776348638.03,38.03,0.51,15.21,0.5,36.5,0.52,16.0,0.53,23.0,0.48,36.0,0.47,23.0,0.49,12.06,0.5,52.5,0.01,0.01,2311.904123,1776348636000
1776348639.05,39.05,0.49,2.0,0.48,132.5,0.5,41.0,0.51,21.0,0.49,5.79,0.48,16.0,0.5,15.0,0.51,181.92,0.01,0.01,2311.993412,1776348637000
1776348639.401,39.401,0.49,15.0,0.48,32.5,0.5,10.2,0.51,26.0,0.5,41.0,0.49,21.0,0.51,2.0,0.52,132.5,0.01,0.01,2311.911138,1776348638000
1776348639.738,39.738,0.5,12.0,0.49,25.5,0.51,31.0,0.52,57.0,0.49,26.0,0.48,57.0,0.51,25.5,0.52,37.5,0.01,0.02,2311.911138,1776348638000
1776348642.349,42.349,0.49,20.5,0.48,132.5,0.5,20.0,0.51,10.0,0.49,31.0,0.48,57.0,0.5,12.0,0.51,25.5,0.01,0.01,2311.603612,1776348641000
1776348644.651,44.651,0.47,12.19,0.46,97.0,0.48,25.2,0.49,67.0,0.48,27.32,0.47,41.0,0.51,20.5,0.52,132.5,0.01,0.03,2311.586441,1776348643000
1776348648.215,48.215,0.47,27.5,0.46,200.0,0.48,5.0,0.49,10.0,0.52,86.2,0.51,62.0,0.53,12.19,0.54,97.0,0.01,0.01,2311.371659,1776348646000
1776348648.965,48.965,0.47,27.5,0.46,45.5,0.49,40.0,0.5,59.0,0.52,5.0,0.51,10.0,0.53,27.5,0.54,200.0,0.02,0.01,2311.425963,1776348647000
1776348650.289,50.289,0.47,13.5,0.46,45.5,0.48,40.0,0.49,45.0,0.51,40.0,0.5,59.0,0.52,2.0,0.53,27.5,0.01,0.01,2311.476163,1776348648000
1776348651.634,51.634,0.46,7.0,0.45,90.0,0.47,105.0,0.48,162.0,0.52,40.0,0.51,45.0,0.53,13.5,0.54,45.5,0.01,0.01,2311.431801,1776348649000
1776348651.968,51.968,0.45,5.0,0.44,27.25,0.47,263.88,0.48,191.74,0.53,124.2,0.52,172.5,0.54,1.0,0.55,65.0,0.02,0.01,2311.374291,1776348650000
1776348652.409,52.409,0.43,35.0,0.42,165.0,0.45,121.2,0.46,383.52,0.54,80.78,0.53,125.88,0.56,27.25,0.57,75.0,0.02,0.02,2311.356435,1776348651000
1776348653.606,53.606,0.37,50.0,0.36,10.5,0.38,10.0,0.39,16.0,0.55,121.2,0.54,383.52,0.57,35.0,0.58,165.0,0.01,0.02,2311.26524,1776348652000
1776348653.906,53.906,0.35,93.0,0.34,70.0,0.37,29.2,0.38,35.0,0.62,15.0,0.61,16.0,0.63,20.0,0.64,10.5,0.02,0.01,2311.26524,1776348652000
1776348654.16,54.16,0.35,74.92,0.34,8.0,0.36,4.47,0.37,10.0,0.64,4.47,0.63,44.2,0.65,93.0,0.66,70.0,0.01,0.01,2311.26524,1776348652000
1776348654.668,54.668,0.32,67.17,0.31,80.0,0.35,30.0,0.36,19.47,0.64,25.47,0.63,15.0,0.65,2.1,0.66,8.0,0.03,0.01,2311.26524,1776348652000
1776348655.059,55.059,0.33,14.0,0.32,67.17,0.34,14.91,0.35,30.0,0.65,30.0,0.64,19.47,0.68,67.17,0.69,80.0,0.01,0.03,2310.52992,1776348653000
1776348655.496,55.496,0.33,24.5,0.32,67.17,0.34,14.11,0.35,77.0,0.66,14.91,0.65,30.0,0.67,14.0,0.68,67.17,0.01,0.01,2310.52992,1776348653000
1776348656.652,56.652,0.35,76.5,0.34,37.5,0.36,20.0,0.4,30.0,0.66,14.11,0.65,77.0,0.67,24.5,0.68,67.17,0.01,0.01,2309.617259,1776348655000
1776348656.87,56.87,0.35,43.46,0.34,37.5,0.36,20.0,0.4,30.0,0.64,20.0,0.6,30.0,0.65,68.46,0.66,37.5,0.01,0.01,2309.617259,1776348655000
1776348657.463,57.463,0.38,10.5,0.37,21.0,0.39,10.0,0.4,40.0,0.6,30.0,0.59,181.0,0.65,40.46,0.66,37.5,0.01,0.05,2309.617259,1776348655000
1776348660.785,60.785,0.38,12.43,0.37,21.5,0.39,44.0,0.4,45.0,0.61,10.0,0.6,40.0,0.63,21.0,0.64,25.5,0.01,0.02,2309.94585,1776348659000
1776348661.2,61.2,0.36,29.55,0.35,84.46,0.38,60.0,0.39,103.01,0.61,49.0,0.6,45.0,0.63,17.85,0.64,30.5,0.02,0.02,2309.94585,1776348659000
1776348661.874,61.874,0.36,38.0,0.35,84.46,0.38,46.36,0.39,94.01,0.62,37.36,0.61,103.01,0.63,0.02,0.64,39.55,0.02,0.01,2310.001605,1776348660000
1776348662.249,62.249,0.35,73.0,0.34,22.5,0.36,41.0,0.37,65.2,0.62,46.36,0.61,94.01,0.64,38.0,0.65,84.46,0.01,0.02,2310.001605,1776348660000
1776348663.116,63.116,0.35,40.5,0.34,22.5,0.36,81.0,0.37,58.0,0.64,41.0,0.63,65.2,0.65,73.0,0.66,22.5,0.01,0.01,2310.001926,1776348661000
1776348664.593,64.593,0.35,78.36,0.34,22.5,0.36,42.75,0.37,56.0,0.64,67.27,0.63,58.0,0.65,53.87,0.66,22.5,0.01,0.01,2309.783129,1776348663000
1776348665.17,65.17,0.35,54.36,0.34,22.5,0.36,42.75,0.37,56.0,0.64,42.75,0.63,56.0,0.65,78.36,0.66,22.5,0.01,0.01,2309.720858,1776348664000
1776348665.39,65.39,0.35,61.16,0.34,22.5,0.36,47.75,0.37,56.0,0.64,42.75,0.63,56.0,0.65,54.36,0.66,22.5,0.01,0.01,2309.720858,1776348664000
1776348666.131,66.131,0.35,0.16,0.34,22.5,0.36,82.75,0.37,47.0,0.64,47.75,0.63,56.0,0.65,61.16,0.66,22.5,0.01,0.01,2309.645028,1776348665000
1776348666.753,66.753,0.34,24.31,0.33,20.5,0.35,47.0,0.36,91.75,0.64,87.75,0.63,53.0,0.66,22.5,0.67,20.5,0.01,0.02,2309.645028,1776348665000
1776348667.169,67.169,0.34,18.93,0.33,10.5,0.35,47.0,0.36,91.75,0.65,47.0,0.64,91.75,0.66,24.31,0.67,20.5,0.01,0.01,2309.645028,1776348665000
1776348667.393,67.393,0.33,10.5,0.32,57.17,0.35,93.06,0.36,96.75,0.65,47.0,0.64,91.75,0.66,18.93,0.67,10.5,0.02,0.01,2309.610885,1776348666000
1776348670.197,70.197,0.31,13.9,0.3,15.5,0.32,122.2,0.33,72.0,0.65,93.06,0.64,96.75,0.67,10.5,0.68,57.17,0.01,0.02,2309.624186,1776348669000
1776348670.456,70.456,0.3,10.5,0.29,5.0,0.32,98.0,0.33,72.0,0.68,122.2,0.67,72.0,0.69,13.9,0.7,15.5,0.02,0.01,2309.624186,1776348669000
1776348670.686,70.686,0.28,18.61,0.27,125.0,0.3,17.0,0.31,52.0,0.69,30.0,0.68,69.0,0.71,5.0,0.72,15.0,0.02,0.02,2309.624186,1776348669000
1776348671.269,71.269,0.29,14.33,0.28,18.61,0.3,92.2,0.31,67.0,0.7,17.0,0.69,52.0,0.72,18.61,0.73,125.0,0.01,0.02,2309.615693,1776348670000
1776348671.937,71.937,0.26,70.0,0.25,75.0,0.29,17.0,0.3,66.2,0.7,92.2,0.69,67.0,0.71,14.33,0.72,18.61,0.03,0.01,2309.615693,1776348670000
1776348672.279,72.279,0.24,15.0,0.23,20.0,0.25,5.0,0.26,10.0,0.71,22.0,0.7,77.2,0.74,50.0,0.75,75.0,0.01,0.03,2309.615693,1776348670000
1776348673.577,73.577,0.24,10.5,0.23,5.0,0.25,60.0,0.26,35.0,0.75,5.0,0.74,10.0,0.76,15.0,0.77,20.0,0.01,0.01,2308.966439,1776348672000
1776348673.999,73.999,0.24,15.5,0.23,5.0,0.25,44.0,0.26,47.0,0.75,56.0,0.74,35.0,0.76,10.5,0.77,5.0,0.01,0.01,2308.966439,1776348672000
1776348674.342,74.342,0.24,17.29,0.23,15.0,0.25,33.0,0.26,47.0,0.75,33.0,0.74,47.0,0.76,13.61,0.77,15.0,0.01,0.01,2308.48576,1776348673000
1776348674.563,74.563,0.24,19.29,0.23,15.0,0.25,28.0,0.26,10.0,0.75,33.0,0.74,47.0,0.76,17.29,0.77,15.0,0.01,0.01,2308.48576,1776348673000
1776348675.441,75.441,0.23,25.5,0.22,20.0,0.25,18.0,0.26,15.0,0.75,28.0,0.74,10.0,0.76,19.29,0.77,15.0,0.02,0.01,2308.321432,1776348674000
1776348676.143,76.143,0.23,517.0,0.22,164.07,0.28,13.0,0.29,6.0,0.75,18.0,0.74,15.0,0.77,25.5,0.78,20.0,0.05,0.02,2308.321432,1776348674000
1776348676.598,76.598,0.35,21.76,0.34,23.35,0.36,45.5,0.37,5.0,0.64,7.75,0.63,20.0,0.66,8.35,0.69,15.0,0.01,0.02,2308.234631,1776348675000
1776348676.835,76.835,0.35,21.76,0.34,23.35,0.36,14.98,0.38,88.0,0.64,45.5,0.63,5.0,0.65,21.76,0.66,23.35,0.01,0.01,2308.234631,1776348675000
1776348677.283,77.283,0.35,5.76,0.34,123.35,0.36,17.14,0.37,10.0,0.64,19.98,0.62,88.0,0.65,0.76,0.66,23.35,0.01,0.01,2308.234631,1776348675000
1776348677.655,77.655,0.35,24.59,0.34,123.35,0.36,17.14,0.37,10.0,0.64,17.14,0.63,10.0,0.65,5.76,0.66,123.35,0.01,0.01,2308.252704,1776348676000
1776348678.074,78.074,0.35,114.0,0.34,123.35,0.36,2.0,0.38,10.5,0.64,17.14,0.63,10.0,0.65,24.43,0.66,123.35,0.01,0.01,2308.252704,1776348676000
1776348678.805,78.805,0.37,173.41,0.36,110.0,0.38,2.5,0.39,70.0,0.62,2.5,0.61,70.0,0.65,180.0,0.66,123.35,0.01,0.03,2309.477837,1776348677000
1776348680.406,80.406,0.37,5.0,0.36,110.0,0.38,90.83,0.39,80.0,0.62,18.5,0.61,80.0,0.63,175.28,0.64,110.0,0.01,0.01,2309.948072,1776348679000
1776348682.639,82.639,0.36,100.0,0.35,115.0,0.38,91.4,0.39,92.0,0.62,90.83,0.61,80.0,0.63,5.0,0.64,110.0,0.02,0.01,2309.979252,1776348681000
1776348684.754,84.754,0.35,96.84,0.34,123.35,0.36,47.0,0.37,25.5,0.62,91.4,0.61,92.0,0.64,100.0,0.65,115.0,0.01,0.02,2309.987919,1776348683000
1776348685.416,85.416,0.35,93.8,0.34,123.35,0.36,62.5,0.37,25.5,0.64,47.0,0.63,25.5,0.65,96.84,0.66,123.35,0.01,0.01,2309.950481,1776348684000
1776348686.621,86.621,0.34,112.65,0.33,115.0,0.35,5.0,0.36,52.1,0.64,62.5,0.63,25.5,0.65,93.8,0.66,123.35,0.01,0.01,2309.871578,1776348685000
1776348687.288,87.288,0.34,112.49,0.33,115.0,0.35,5.0,0.36,52.1,0.65,5.0,0.64,52.1,0.66,112.65,0.67,115.0,0.01,0.01,2309.790252,1776348686000
1776348688.043,88.043,0.34,75.0,0.33,15.0,0.35,10.0,0.36,181.75,0.65,5.0,0.64,52.1,0.66,112.49,0.67,115.0,0.01,0.01,2309.790252,1776348686000
1776348688.747,88.747,0.34,104.0,0.33,40.0,0.36,66.91,0.37,25.5,0.65,10.0,0.64,181.75,0.66,75.0,0.67,15.0,0.02,0.01,2309.710433,1776348687000
1776348690.141,90.141,0.35,25.0,0.34,25.0,0.36,86.75,0.37,25.5,0.64,66.91,0.63,25.5,0.66,104.0,0.67,40.0,0.01,0.02,2309.720494,1776348688000
1776348690.95,90.95,0.35,20.0,0.34,25.0,0.36,186.75,0.37,162.76,0.64,86.75,0.63,25.5,0.65,25.0,0.66,25.0,0.01,0.01,2309.781062,1776348689000
1776348691.32,91.32,0.35,18.46,0.34,33.0,0.36,171.25,0.37,162.76,0.64,186.75,0.63,162.76,0.65,20.0,0.66,25.0,0.01,0.01,2309.781062,1776348689000
1776348691.783,91.783,0.35,10.39,0.34,33.0,0.36,176.75,0.37,162.76,0.64,176.25,0.63,162.76,0.65,20.39,0.66,33.0,0.01,0.01,2309.781062,1776348689000
1776348692.515,92.515,0.34,8.0,0.3,23.82,0.36,578.95,0.37,514.76,0.64,176.75,0.63,162.76,0.65,10.39,0.66,33.0,0.02,0.01,2309.781062,1776348689000
1776348692.751,92.751,0.27,20.08,0.26,5.0,0.31,115.0,0.32,136.5,0.69,115.0,0.68,136.5,0.73,20.18,0.74,5.0,0.04,0.04,2309.781062,1776348689000
1776348693.022,93.022,0.27,53.08,0.26,5.0,0.29,15.0,0.3,21.0,0.69,115.0,0.68,136.5,0.73,20.08,0.74,5.0,0.02,0.04,2309.781062,1776348689000
1776348693.57,93.57,0.26,11.05,0.25,30.0,0.27,25.0,0.28,10.0,0.71,15.0,0.7,21.0,0.73,53.08,0.74,5.0,0.01,0.02,2309.781062,1776348689000
1776348695.103,95.103,0.28,65.0,0.27,75.5,0.3,18.0,0.31,29.0,0.73,25.0,0.72,10.0,0.74,11.05,0.75,30.0,0.02,0.01,2309.290312,1776348693000
1776348695.645,95.645,0.27,5.0,0.26,31.55,0.3,159.0,0.31,139.5,0.7,18.0,0.69,29.0,0.72,65.0,0.73,75.5,0.03,0.02,2308.814581,1776348694000
1776348696.092,96.092,0.27,12.0,0.26,36.55,0.28,10.0,0.29,15.0,0.7,154.0,0.69,139.5,0.73,5.0,0.74,31.55,0.01,0.03,2308.814581,1776348694000
1776348696.299,96.299,0.27,7.0,0.26,36.55,0.28,5.4,0.29,15.0,0.72,10.0,0.71,15.0,0.73,12.0,0.74,36.55,0.01,0.01,2308.686929,1776348695000
1776348697.645,97.645,0.26,5.0,0.25,25.5,0.28,33.4,0.29,121.0,0.72,5.4,0.71,15.0,0.73,7.0,0.74,36.55,0.02,0.01,2308.898871,1776348696000
1776348700.023,100.023,0.23,80.0,0.22,110.5,0.24,52.0,0.25,30.0,0.72,33.4,0.71,121.0,0.74,5.0,0.75,25.5,0.01,0.02,2308.896081,1776348698000
1776348700.338,100.338,0.21,28.5,0.2,57.5,0.23,50.0,0.24,61.0,0.76,52.0,0.75,30.0,0.77,5.14,0.78,40.5,0.02,0.01,2308.818822,1776348699000
1776348700.779,100.779,0.21,35.5,0.2,78.0,0.23,10.0,0.24,26.0,0.77,50.0,0.76,61.0,0.79,28.5,0.8,57.5,0.02,0.02,2308.818822,1776348699000
1776348701.118,101.118,0.22,35.5,0.21,160.5,0.23,10.0,0.24,10.0,0.77,10.0,0.76,26.0,0.79,35.5,0.8,78.0,0.01,0.02,2308.818822,1776348699000
1776348701.738,101.738,0.23,20.5,0.22,80.5,0.26,16.63,0.27,115.0,0.77,10.0,0.76,10.0,0.78,35.5,0.79,160.5,0.03,0.01,2308.702725,1776348700000
1776348702.599,102.599,0.25,27.0,0.24,51.25,0.27,10.0,0.28,85.0,0.74,16.63,0.73,115.0,0.77,20.5,0.78,80.5,0.02,0.03,2308.5278,1776348701000
1776348703.335,103.335,0.24,40.0,0.23,182.3,0.26,10.0,0.27,10.0,0.73,15.0,0.72,85.0,0.76,46.14,0.77,177.5,0.02,0.03,2308.604553,1776348702000
1776348703.961,103.961,0.26,3.0,0.25,50.0,0.27,54.53,0.28,85.0,0.73,5.22,0.72,85.0,0.76,59.7,0.77,182.3,0.01,0.03,2308.604553,1776348702000
1776348705.278,105.278,0.23,179.57,0.22,146.5,0.24,9.0,0.25,19.0,0.73,54.53,0.72,85.0,0.74,3.0,0.75,50.0,0.01,0.01,2308.901616,1776348704000
1776348705.995,105.995,0.22,115.0,0.21,72.2,0.24,78.0,0.25,24.0,0.76,9.0,0.75,19.0,0.77,179.57,0.78,146.5,0.02,0.01,2308.901616,1776348704000
1776348708.089,108.089,0.22,113.48,0.21,82.2,0.23,9.0,0.24,30.0,0.76,73.0,0.75,24.0,0.78,211.05,0.79,72.2,0.01,0.02,2308.741201,1776348706000
1776348709.52,109.52,0.25,5.0,0.24,65.0,0.28,83.56,0.29,140.5,0.77,9.0,0.76,30.0,0.78,113.48,0.79,82.2,0.03,0.01,2308.55455,1776348708000
1776348710.365,110.365,0.26,6.49,0.25,65.0,0.28,20.5,0.29,25.5,0.72,64.09,0.71,140.5,0.75,5.0,0.76,65.0,0.02,0.03,2308.565497,1776348709000
1776348710.822,110.822,0.26,0.47,0.25,65.0,0.29,21.92,0.3,133.0,0.73,10.0,0.72,20.5,0.74,0.47,0.75,65.0,0.03,0.01,2308.565497,1776348709000
1776348711.777,111.777,0.26,47.1,0.25,65.0,0.27,95.65,0.28,20.5,0.71,21.92,0.7,133.0,0.74,0.47,0.75,65.0,0.01,0.03,2308.65975,1776348710000
1776348712.246,112.246,0.26,12.1,0.25,50.0,0.27,90.65,0.28,20.5,0.73,95.65,0.72,20.5,0.74,47.1,0.75,65.0,0.01,0.01,2308.874656,1776348711000
1776348712.864,112.864,0.25,49.48,0.24,82.2,0.27,101.14,0.28,25.5,0.73,90.65,0.72,20.5,0.74,9.51,0.75,50.0,0.02,0.01,2308.874656,1776348711000
1776348713.226,113.226,0.26,10.0,0.25,39.48,0.27,108.59,0.28,125.5,0.73,101.14,0.72,25.5,0.74,10.56,0.75,64.48,0.01,0.01,2308.962785,1776348712000
1776348713.663,113.663,0.26,8.51,0.25,24.48,0.27,119.34,0.28,125.5,0.73,108.59,0.72,125.5,0.74,10.0,0.75,39.48,0.01,0.01,2308.962785,1776348712000
1776348714.004,114.004,0.25,23.01,0.24,46.7,0.27,124.34,0.28,125.5,0.73,119.34,0.72,125.5,0.74,8.51,0.75,24.48,0.02,0.01,2308.962785,1776348712000
1776348714.823,114.823,0.26,160.0,0.25,44.7,0.27,22.13,0.28,5.0,0.73,124.34,0.72,125.5,0.75,23.01,0.76,46.7,0.01,0.02,2309.011029,1776348713000
1776348715.232,115.232,0.27,7.0,0.26,21.0,0.29,52.98,0.3,28.5,0.71,16.98,0.7,28.5,0.74,155.0,0.75,44.7,0.02,0.03,2309.03737,1776348714000
1776348715.773,115.773,0.25,2.0,0.24,41.7,0.26,29.2,0.27,10.0,0.71,52.98,0.7,28.5,0.73,7.0,0.74,21.0,0.01,0.02,2309.03737,1776348714000
1776348716.383,116.383,0.25,12.29,0.24,52.2,0.26,48.64,0.27,110.0,0.74,29.2,0.73,10.0,0.75,2.0,0.76,41.7,0.01,0.01,2309.067112,1776348715000
1776348716.99,116.99,0.25,71.79,0.24,77.2,0.26,42.64,0.3,125.5,0.74,48.64,0.73,110.0,0.75,12.29,0.76,52.2,0.01,0.01,2309.067112,1776348715000
1776348717.267,117.267,0.25,129.55,0.24,77.2,0.3,125.5,0.31,115.0,0.74,39.64,0.7,125.5,0.75,64.55,0.76,77.2,0.05,0.01,2309.067112,1776348715000
1776348717.47,117.47,0.29,21.83,0.28,15.0,0.3,125.5,0.31,115.0,0.7,125.5,0.69,115.0,0.75,129.55,0.76,77.2,0.01,0.05,2309.172754,1776348716000
1776348720.644,120.644,0.27,0.1,0.25,29.2,0.28,162.5,0.29,142.5,0.7,125.5,0.69,115.0,0.71,21.83,0.72,15.0,0.01,0.01,2309.36227,1776348719000
1776348720.854,120.854,0.24,28.7,0.23,35.3,0.25,10.0,0.26,10.0,0.72,162.5,0.71,142.5,0.73,0.1,0.75,29.2,0.01,0.01,2309.36227,1776348719000
1776348721.073,121.073,0.21,21.7,0.2,27.5,0.25,273.0,0.26,241.0,0.75,10.0,0.74,10.0,0.76,28.7,0.77,35.3,0.04,0.01,2309.36227,1776348719000
1776348721.642,121.642,0.2,62.78,0.19,48.9,0.21,10.0,0.22,10.0,0.75,273.0,0.74,241.0,0.79,21.7,0.8,27.5,0.01,0.04,2309.358765,1776348720000
1776348722.126,122.126,0.17,28.45,0.16,66.89,0.19,10.0,0.2,10.0,0.79,10.0,0.78,10.0,0.8,62.78,0.81,48.9,0.02,0.01,2309.358765,1776348720000
1776348723.811,123.811,0.17,9.0,0.16,50.09,0.18,10.0,0.19,71.73,0.82,10.0,0.81,110.0,0.83,4.03,0.84,61.89,0.01,0.01,2308.639755,1776348722000
1776348724.264,124.264,0.18,40.0,0.17,10.0,0.19,58.36,0.2,23.86,0.82,4.44,0.81,71.73,0.83,19.0,0.84,50.09,0.01,0.01,2308.639755,1776348722000
1776348724.773,124.773,0.18,54.0,0.17,46.21,0.19,32.36,0.2,23.86,0.81,58.36,0.8,23.86,0.82,40.0,0.83,10.0,0.01,0.01,2307.9871,1776348723000
1776348725.388,125.388,0.19,41.76,0.18,35.5,0.2,23.86,0.21,41.0,0.8,23.86,0.79,26.0,0.82,54.0,0.83,51.21,0.01,0.02,2307.907645,1776348724000
1776348726.354,126.354,0.16,71.89,0.15,118.7,0.2,148.86,0.21,128.0,0.8,23.86,0.79,41.0,0.81,41.76,0.82,35.5,0.04,0.01,2308.058926,1776348725000
1776348727.45,127.45,0.18,26.97,0.16,114.15,0.19,128.0,0.2,179.36,0.81,18.0,0.8,123.86,0.82,2.97,0.84,123.65,0.01,0.01,2308.32,1776348726000
1776348728.852,128.852,0.18,11.97,0.17,5.0,0.19,122.73,0.2,179.36,0.81,128.0,0.8,179.36,0.82,26.97,0.84,114.15,0.01,0.01,2308.154122,1776348727000
1776348729.319,129.319,0.16,93.04,0.15,143.7,0.18,20.0,0.19,128.23,0.81,122.73,0.8,179.36,0.83,2.58,0.84,103.65,0.02,0.02,2308.114426,1776348728000
1776348733.823,133.823,0.17,1.04,0.16,88.04,0.18,35.0,0.19,23.23,0.82,20.0,0.81,128.23,0.84,93.04,0.85,143.7,0.01,0.02,2307.99194,1776348732000
1776348735.568,135.568,0.16,58.54,0.15,118.7,0.17,10.0,0.18,10.0,0.82,35.0,0.81,23.23,0.83,1.04,0.84,88.04,0.01,0.01,2308.1503,1776348734000
1776348736.905,136.905,0.16,125.78,0.15,143.7,0.2,13.86,0.21,29.0,0.83,10.0,0.82,10.0,0.84,58.54,0.85,118.7,0.04,0.01,2308.072165,1776348735000
1776348737.135,137.135,0.19,26.03,0.18,145.5,0.2,4.73,0.21,8.0,0.8,13.86,0.79,29.0,0.84,125.78,0.85,143.7,0.01,0.04,2308.072165,1776348735000
1776348737.529,137.529,0.22,26.47,0.21,15.0,0.23,10.0,0.24,20.5,0.76,20.5,0.75,110.0,0.79,15.0,0.8,25.5,0.01,0.03,2308.084325,1776348736000
1776348738.0,138.0,0.21,12.25,0.2,15.0,0.23,10.0,0.24,20.5,0.77,10.0,0.76,20.5,0.78,26.47,0.79,15.0,0.02,0.01,2308.084325,1776348736000
1776348739.505,139.505,0.18,127.16,0.17,234.5,0.19,18.0,0.2,22.0,0.77,10.0,0.76,20.5,0.79,12.25,0.8,15.0,0.01,0.02,2308.088259,1776348737000
1776348740.707,140.707,0.18,3.0,0.17,25.5,0.19,188.5,0.2,135.5,0.81,18.0,0.8,22.0,0.82,127.16,0.83,234.5,0.01,0.01,2308.8049,1776348739000
1776348742.975,142.975,0.16,34.28,0.15,98.2,0.18,185.5,0.19,168.5,0.81,188.5,0.8,135.5,0.82,3.0,0.83,25.5,0.02,0.01,2308.337453,1776348741000
1776348743.606,143.606,0.17,30.0,0.16,84.78,0.18,6.63,0.19,118.0,0.82,185.5,0.81,168.5,0.84,34.28,0.85,98.2,0.01,0.02,2308.27641,1776348742000
1776348744.415,144.415,0.18,14.0,0.17,66.0,0.19,10.0,0.2,110.0,0.82,6.63,0.81,118.0,0.83,30.0,0.84,84.78,0.01,0.01,2308.241147,1776348743000
1776348747.045,147.045,0.17,242.5,0.16,94.28,0.25,97.42,0.26,132.0,0.81,10.0,0.8,110.0,0.82,14.0,0.83,66.0,0.08,0.01,2308.418042,1776348745000
1776348747.311,147.311,0.19,64.97,0.18,10.0,0.24,15.0,0.25,112.42,0.75,97.42,0.74,132.0,0.83,242.5,0.84,94.28,0.05,0.08,2308.418042,1776348745000
1776348747.563,147.563,0.19,61.73,0.18,110.0,0.2,22.0,0.21,10.0,0.76,15.0,0.75,112.42,0.81,64.97,0.82,10.0,0.01,0.05,2308.418042,1776348745000
1776348748.514,148.514,0.19,103.13,0.18,252.9,0.2,2.0,0.21,20.0,0.8,2.0,0.79,10.0,0.81,69.73,0.82,242.4,0.01,0.01,2308.390041,1776348747000
1776348749.206,149.206,0.19,113.13,0.18,142.4,0.2,4.0,0.21,20.0,0.8,2.0,0.79,20.0,0.81,103.13,0.82,252.9,0.01,0.01,2308.680903,1776348748000
1776348751.367,151.367,0.23,15.0,0.22,39.0,0.24,22.13,0.25,112.42,0.8,4.0,0.79,20.0,0.81,113.13,0.82,142.4,0.01,0.01,2308.834427,1776348750000
1776348751.937,151.937,0.23,8.67,0.22,15.0,0.24,35.13,0.25,112.42,0.76,22.13,0.75,112.42,0.77,15.0,0.78,39.0,0.01,0.01,2308.83368,1776348751000
1776348753.302,153.302,0.24,110.0,0.23,47.0,0.26,9.95,0.27,100.0,0.76,35.13,0.75,112.42,0.77,8.67,0.78,15.0,0.02,0.01,2308.90918,1776348752000
1776348753.724,153.724,0.25,7.0,0.24,77.0,0.26,10.0,0.28,20.0,0.71,20.0,0.7,10.0,0.73,6.0,0.75,17.0,0.01,0.02,2308.90918,1776348752000
1776348753.962,153.962,0.25,4.0,0.24,82.0,0.26,2.2,0.27,100.0,0.74,29.2,0.72,20.0,0.75,4.0,0.76,77.0,0.01,0.01,2308.90918,1776348752000
1776348754.325,154.325,0.24,87.9,0.23,86.0,0.26,41.5,0.27,115.5,0.73,100.0,0.72,125.0,0.75,9.0,0.76,82.0,0.02,0.02,2309.02881,1776348753000
1776348755.437,155.437,0.26,86.0,0.25,25.0,0.27,12.5,0.28,183.83,0.74,41.5,0.73,115.5,0.76,87.9,0.77,86.0,0.01,0.02,2309.084734,1776348754000
1776348757.55,157.55,0.26,94.7,0.25,44.2,0.27,39.6,0.28,73.83,0.73,12.5,0.72,183.83,0.74,86.0,0.75,25.0,0.01,0.01,2309.507409,1776348756000
1776348759.347,159.347,0.27,108.3,0.26,175.2,0.28,52.33,0.31,5.0,0.73,39.6,0.72,73.83,0.74,94.7,0.75,44.2,0.01,0.01,2309.500808,1776348758000
1776348760.054,160.054,0.27,132.3,0.26,120.2,0.28,37.82,0.34,5.0,0.72,43.0,0.69,5.0,0.73,108.3,0.74,175.2,0.01,0.01,2309.70398,1776348759000
1776348760.8,160.8,0.33,67.01,0.32,131.0,0.34,5.0,0.35,5.0,0.66,5.0,0.65,5.0,0.73,138.3,0.74,120.2,0.01,0.07,2309.70398,1776348759000
1776348761.691,161.691,0.33,25.0,0.32,86.0,0.34,33.0,0.35,15.0,0.66,5.0,0.65,5.0,0.67,67.01,0.68,131.0,0.01,0.01,2309.660794,1776348760000
1776348762.936,162.936,0.32,87.79,0.31,32.8,0.33,50.78,0.34,91.5,0.66,33.0,0.65,15.0,0.67,25.0,0.68,86.0,0.01,0.01,2310.219835,1776348761000
1776348763.669,163.669,0.32,80.43,0.31,32.8,0.33,73.28,0.34,43.5,0.67,50.78,0.66,91.5,0.68,87.79,0.69,32.8,0.01,0.01,2310.238807,1776348762000
1776348764.398,164.398,0.33,171.0,0.32,115.43,0.34,4.5,0.35,5.0,0.67,73.28,0.66,43.5,0.68,80.43,0.69,32.8,0.01,0.01,2310.197139,1776348763000
1776348764.679,164.679,0.34,35.0,0.33,102.3,0.35,2.17,0.36,5.0,0.65,12.17,0.64,5.0,0.66,10.0,0.67,126.0,0.01,0.01,2310.197139,1776348763000
1776348765.279,165.279,0.35,55.0,0.34,76.0,0.36,28.89,0.37,5.0,0.64,42.39,0.63,5.0,0.66,45.0,0.67,102.3,0.01,0.02,2310.22855,1776348764000
1776348765.931,165.931,0.35,155.0,0.34,86.5,0.36,2.0,0.38,5.0,0.64,28.89,0.63,5.0,0.65,55.0,0.66,76.0,0.01,0.01,2310.22855,1776348764000
1776348766.372,166.372,0.37,7.41,0.36,10.0,0.4,15.0,0.41,15.0,0.6,20.0,0.59,20.0,0.65,168.46,0.66,71.5,0.03,0.05,2310.22855,1776348764000
1776348767.3,167.3,0.36,5.0,0.35,140.0,0.38,8.81,0.39,26.0,0.6,15.0,0.59,15.0,0.63,7.41,0.64,10.0,0.02,0.03,2310.337401,1776348765000
1776348768.278,168.278,0.36,35.6,0.35,25.8,0.38,75.92,0.39,115.0,0.62,8.81,0.61,26.0,0.64,3.28,0.65,140.0,0.02,0.02,2310.486471,1776348766000
1776348770.248,170.248,0.36,79.97,0.35,50.8,0.37,25.5,0.38,75.92,0.62,75.92,0.61,115.0,0.64,35.6,0.65,25.8,0.01,0.02,2310.600904,1776348768000
1776348771.423,171.423,0.36,149.09,0.35,65.8,0.37,25.5,0.38,75.92,0.63,25.5,0.62,75.92,0.64,79.97,0.65,50.8,0.01,0.01,2310.600078,1776348769000
1776348771.865,171.865,0.36,76.7,0.35,60.8,0.37,0.5,0.38,75.92,0.63,25.5,0.62,75.92,0.64,149.09,0.65,65.8,0.01,0.01,2310.600078,1776348770000
1776348772.302,172.302,0.36,58.43,0.35,60.8,0.38,80.92,0.39,20.5,0.63,16.0,0.62,75.92,0.64,63.89,0.65,60.8,0.02,0.01,2310.600078,1776348770000
1776348774.207,174.207,0.36,6.24,0.35,10.0,0.37,78.94,0.38,75.92,0.62,80.92,0.61,20.5,0.64,58.43,0.65,60.8,0.01,0.02,2310.69685,1776348772000
1776348775.263,175.263,0.36,1.02,0.35,10.0,0.37,28.0,0.38,17.86,0.63,63.94,0.62,75.92,0.64,6.24,0.65,10.0,0.01,0.01,2310.6889,1776348773000
1776348775.494,175.494,0.36,29.3,0.35,10.0,0.38,12.86,0.39,10.5,0.63,28.0,0.62,17.86,0.64,1.02,0.65,10.0,0.02,0.01,2310.6889,1776348773000
1776348776.393,176.393,0.35,10.0,0.34,36.0,0.36,21.39,0.38,5.0,0.62,12.86,0.61,10.5,0.64,27.73,0.65,10.0,0.01,0.02,2310.6742,1776348774000
1776348776.67,176.67,0.35,15.0,0.34,31.0,0.36,8.39,0.38,15.0,0.64,21.39,0.62,5.0,0.65,10.0,0.66,36.0,0.01,0.01,2310.625485,1776348775000
1776348777.171,177.171,0.35,20.0,0.34,21.0,0.38,10.0,0.39,66.37,0.64,8.39,0.62,15.0,0.65,15.0,0.66,31.0,0.03,0.01,2310.625485,1776348775000
1776348777.423,177.423,0.32,53.93,0.31,15.0,0.37,10.0,0.38,10.0,0.62,10.0,0.61,66.37,0.65,20.0,0.66,21.0,0.05,0.03,2310.586817,1776348776000
1776348777.889,177.889,0.36,4.92,0.34,5.0,0.38,165.08,0.39,10.0,0.62,19.0,0.61,55.87,0.63,10.0,0.64,20.0,0.02,0.01,2310.586817,1776348776000
1776348779.035,179.035,0.31,25.5,0.3,20.5,0.32,10.0,0.33,115.0,0.62,165.08,0.61,10.0,0.66,5.0,0.67,5.0,0.01,0.04,2310.709671,1776348777000
1776348780.374,180.374,0.31,25.5,0.3,25.5,0.32,13.0,0.33,115.0,0.68,5.0,0.67,115.0,0.69,27.42,0.7,20.5,0.01,0.01,2310.484175,1776348779000
1776348780.874,180.874,0.32,32.97,0.31,44.05,0.33,137.42,0.34,132.46,0.67,114.42,0.66,132.46,0.69,64.05,0.7,25.5,0.01,0.02,2310.484175,1776348779000
1776348781.77,181.77,0.32,15.29,0.31,24.05,0.33,32.42,0.34,132.46,0.67,137.42,0.66,132.46,0.68,32.97,0.69,44.05,0.01,0.01,2310.316334,1776348780000
1776348783.012,183.012,0.29,5.0,0.28,22.89,0.32,10.0,0.33,32.42,0.67,32.42,0.66,132.46,0.68,15.29,0.69,24.05,0.03,0.01,2310.312914,1776348781000
1776348783.566,183.566,0.28,5.0,0.27,15.0,0.29,15.27,0.3,20.0,0.68,10.0,0.67,32.42,0.71,5.0,0.72,22.89,0.01,0.03,2310.312914,1776348781000
1776348784.26,184.26,0.26,82.42,0.25,115.0,0.28,10.0,0.29,10.0,0.71,10.0,0.7,20.0,0.73,11.42,0.74,85.0,0.02,0.02,2310.335952,1776348782000
1776348784.623,184.623,0.27,9.13,0.26,116.42,0.28,20.0,0.29,10.0,0.72,10.0,0.71,10.0,0.74,82.42,0.75,115.0,0.01,0.02,2310.335952,1776348782000
1776348785.293,185.293,0.25,26.65,0.22,10.0,0.26,10.0,0.27,10.0,0.72,25.0,0.71,10.0,0.73,6.39,0.74,116.42,0.01,0.01,2310.282568,1776348783000
1776348785.976,185.976,0.23,10.0,0.22,10.0,0.26,0.3,0.27,61.35,0.74,0.3,0.73,10.0,0.75,11.65,0.78,10.0,0.03,0.01,2310.282568,1776348783000
1776348786.428,186.428,0.3,63.0,0.29,25.5,0.31,22.5,0.32,64.3,0.74,0.3,0.73,61.35,0.76,49.5,0.77,10.0,0.01,0.02,2310.114151,1776348784000
1776348787.334,187.334,0.28,10.5,0.27,20.5,0.31,86.16,0.32,72.3,0.69,22.5,0.68,64.3,0.7,63.0,0.71,25.5,0.03,0.01,2310.129662,1776348785000
1776348788.182,188.182,0.26,96.5,0.25,27.5,0.27,4.78,0.28,10.0,0.69,86.16,0.68,72.3,0.72,10.5,0.73,20.5,0.01,0.03,2309.90605,1776348786000
1776348789.099,189.099,0.27,21.0,0.26,184.5,0.32,47.47,0.35,80.0,0.73,4.78,0.72,10.0,0.74,96.5,0.75,27.5,0.05,0.01,2309.934342,1776348787000
1776348789.452,189.452,0.29,18.22,0.28,16.0,0.3,10.0,0.31,15.0,0.68,41.47,0.65,80.0,0.73,21.0,0.74,184.5,0.01,0.05,2310.044116,1776348788000
1776348791.12,191.12,0.31,20.0,0.3,10.0,0.32,52.47,0.34,10.0,0.7,10.0,0.69,15.0,0.71,18.22,0.72,16.0,0.01,0.01,2310.105777,1776348789000
1776348791.994,191.994,0.31,42.3,0.3,10.0,0.32,31.47,0.37,10.0,0.68,29.47,0.66,10.0,0.69,20.0,0.7,10.0,0.01,0.01,2310.104377,1776348790000
1776348792.631,192.631,0.36,54.0,0.35,20.0,0.37,3.0,0.38,13.4,0.63,10.0,0.62,13.4,0.69,72.3,0.7,10.0,0.01,0.06,2310.184243,1776348791000
1776348792.877,192.877,0.36,64.85,0.35,15.0,0.38,14.92,0.4,8.0,0.63,3.0,0.62,13.4,0.64,32.85,0.65,15.0,0.02,0.01,2310.184243,1776348791000
1776348793.28,193.28,0.4,35.0,0.39,15.0,0.41,4.0,0.46,5.0,0.6,3.49,0.59,24.9,0.63,10.0,0.64,134.85,0.01,0.03,2310.302065,1776348792000
1776348793.526,193.526,0.4,54.0,0.39,15.0,0.46,5.0,0.48,9.62,0.59,4.0,0.54,5.0,0.6,35.0,0.61,15.0,0.06,0.01,2310.302065,1776348792000
1776348793.988,193.988,0.45,25.0,0.44,150.0,0.46,0.5,0.5,50.53,0.54,5.0,0.52,9.62,0.6,54.0,0.61,15.0,0.01,0.06,2310.302065,1776348792000
1776348794.671,194.671,0.47,10.0,0.46,10.0,0.5,127.53,0.51,220.42,0.5,37.53,0.48,5.0,0.51,20.0,0.52,10.0,0.03,0.01,2310.793726,1776348793000
1776348795.168,195.168,0.43,4.91,0.41,10.0,0.48,22.0,0.5,137.53,0.5,127.53,0.49,220.42,0.53,10.0,0.54,10.0,0.05,0.03,2310.793726,1776348793000
1776348795.718,195.718,0.45,10.0,0.43,10.0,0.46,143.0,0.47,19.44,0.52,22.0,0.51,10.0,0.57,0.46,0.59,10.0,0.01,0.05,2311.173472,1776348794000
1776348796.326,196.326,0.4,5.0,0.36,106.0,0.46,130.0,0.47,20.0,0.54,143.0,0.53,19.44,0.55,10.0,0.57,10.0,0.06,0.01,2311.52778,1776348795000
1776348796.551,196.551,0.36,34.33,0.34,16.0,0.46,179.2,0.47,20.0,0.54,130.0,0.53,20.0,0.6,5.0,0.64,106.0,0.1,0.06,2311.52778,1776348795000
1776348796.759,196.759,0.29,36.0,0.28,6.0,0.31,58.0,0.35,8.33,0.65,8.33,0.61,51.46,0.66,6.0,0.67,6.0,0.02,0.01,2311.52778,1776348795000
1776348797.156,197.156,0.3,22.8,0.29,30.0,0.31,143.54,0.32,70.0,0.69,23.54,0.65,8.33,0.71,36.0,0.72,6.0,0.01,0.02,2311.52778,1776348795000
1776348797.626,197.626,0.24,5.0,0.23,36.3,0.28,85.0,0.29,76.0,0.69,146.54,0.68,70.0,0.71,25.0,0.72,16.0,0.04,0.02,2311.303789,1776348796000
1776348798.106,198.106,0.23,36.3,0.22,21.0,0.25,10.0,0.26,10.0,0.72,80.0,0.71,86.0,0.76,5.0,0.77,36.3,0.02,0.04,2311.303789,1776348796000
1776348799.613,199.613,0.23,10.0,0.22,45.09,0.26,2.5,0.27,10.0,0.74,6.5,0.73,10.0,0.77,36.3,0.78,21.0,0.03,0.03,2309.881617,1776348798000
1776348800.269,200.269,0.25,43.37,0.24,26.0,0.26,15.0,0.27,10.0,0.74,2.5,0.73,10.0,0.77,10.0,0.78,45.09,0.01,0.03,2309.881617,1776348798000
1776348800.786,200.786,0.27,33.13,0.26,26.0,0.28,54.0,0.29,87.04,0.72,49.0,0.71,87.04,0.75,10.0,0.76,26.0,0.01,0.03,2309.582185,1776348799000
1776348801.001,201.001,0.25,10.0,0.24,10.0,0.28,54.0,0.29,80.0,0.72,54.0,0.71,87.04,0.73,33.13,0.74,26.0,0.03,0.01,2309.582185,1776348799000
1776348801.456,201.456,0.26,2.18,0.25,10.0,0.27,16.0,0.28,43.0,0.73,16.0,0.72,43.0,0.74,3.74,0.75,30.0,0.01,0.01,2309.488823,1776348800000
1776348802.019,202.019,0.25,45.5,0.24,36.5,0.26,20.0,0.27,126.0,0.73,16.0,0.72,43.0,0.75,6.0,0.76,10.0,0.01,0.02,2309.488823,1776348800000
1776348802.487,202.487,0.24,26.5,0.23,10.5,0.26,20.0,0.27,126.0,0.74,20.0,0.73,126.0,0.75,9.5,0.76,36.5,0.02,0.01,2309.598009,1776348801000
1776348802.825,202.825,0.23,36.5,0.22,16.0,0.25,15.0,0.26,30.5,0.74,20.0,0.73,126.0,0.76,26.5,0.77,10.5,0.02,0.02,2309.598009,1776348801000
1776348803.164,203.164,0.23,20.5,0.22,16.0,0.24,4.0,0.25,0.64,0.75,0.64,0.74,20.0,0.77,30.5,0.78,16.0,0.01,0.02,2309.598009,1776348801000
1776348804.391,204.391,0.2,26.0,0.16,17.48,0.23,16.0,0.24,84.0,0.76,4.0,0.75,0.64,0.77,20.5,0.78,16.0,0.03,0.01,2309.701139,1776348802000
1776348804.878,204.878,0.15,20.0,0.14,10.0,0.17,10.0,0.18,30.0,0.77,26.0,0.76,84.0,0.8,5.06,0.83,6.0,0.02,0.03,2309.684731,1776348803000
1776348805.201,205.201,0.14,10.0,0.13,10.0,0.16,10.0,0.17,20.0,0.84,10.0,0.83,10.0,0.85,18.82,0.86,10.0,0.02,0.01,2309.684731,1776348803000
1776348805.788,205.788,0.14,24.7,0.13,10.0,0.16,15.0,0.17,10.0,0.84,10.0,0.83,20.0,0.86,22.0,0.87,10.0,0.02,0.02,2309.56058,1776348804000
1776348806.89,206.89,0.14,18.7,0.13,50.35,0.16,10.0,0.17,28.0,0.84,15.0,0.83,10.0,0.85,5.11,0.86,7.7,0.02,0.01,2309.206016,1776348805000
1776348807.215,207.215,0.15,14.42,0.14,16.19,0.16,10.0,0.17,17.0,0.83,28.0,0.82,10.0,0.86,16.19,0.87,50.35,0.01,0.03,2308.762835,1776348806000
1776348807.521,207.521,0.15,14.42,0.14,16.19,0.17,10.0,0.18,17.0,0.84,10.0,0.83,17.0,0.85,14.42,0.86,16.19,0.02,0.01,2308.762835,1776348806000
1776348808.125,208.125,0.15,7.54,0.14,16.19,0.16,20.0,0.17,17.0,0.83,17.0,0.82,10.0,0.85,15.9,0.86,16.19,0.01,0.02,2308.738117,1776348807000
1776348809.402,209.402,0.12,27.09,0.11,35.0,0.14,22.0,0.15,98.0,0.84,10.0,0.83,20.0,0.85,1.34,0.86,9.19,0.02,0.01,2308.648136,1776348808000
1776348809.765,209.765,0.11,10.0,0.1,123.0,0.13,33.05,0.14,18.0,0.87,10.0,0.86,22.0,0.88,5.09,0.89,17.0,0.02,0.01,2308.648136,1776348808000
1776348810.032,210.032,0.1,43.39,0.09,65.0,0.13,33.05,0.14,18.0,0.87,38.05,0.86,18.0,0.89,6.87,0.9,123.0,0.03,0.02,2308.648136,1776348808000
1776348810.32,210.32,0.1,40.03,0.09,65.0,0.12,10.0,0.13,47.05,0.87,52.05,0.86,18.0,0.9,42.22,0.91,65.0,0.02,0.03,2308.649224,1776348809000
1776348810.58,210.58,0.1,38.03,0.09,65.0,0.11,10.0,0.12,10.0,0.88,10.0,0.87,47.05,0.9,40.03,0.91,65.0,0.01,0.02,2308.649224,1776348809000
1776348810.892,210.892,0.1,27.72,0.09,65.0,0.12,10.0,0.13,45.05,0.89,10.0,0.88,10.0,0.9,33.03,0.91,65.0,0.02,0.01,2308.649224,1776348809000
1776348811.504,211.504,0.11,8.69,0.1,10.0,0.12,10.0,0.13,18.05,0.88,10.0,0.87,45.05,0.9,21.21,0.91,65.0,0.01,0.02,2308.644846,1776348810000
1776348812.379,212.379,0.13,17.09,0.12,22.0,0.14,10.0,0.15,105.64,0.85,79.64,0.84,98.0,0.89,8.69,0.9,10.0,0.01,0.04,2308.273444,1776348811000
1776348812.95,212.95,0.13,1.97,0.12,22.0,0.14,10.0,0.15,25.64,0.86,10.0,0.85,105.64,0.87,17.09,0.88,22.0,0.01,0.01,2308.2639,1776348812000
1776348813.177,213.177,0.13,0.8,0.12,22.0,0.14,10.0,0.15,25.64,0.85,25.64,0.84,10.0,0.87,1.97,0.88,22.0,0.01,0.02,2308.2639,1776348812000
1776348813.656,213.656,0.11,46.79,0.1,130.5,0.13,58.26,0.14,29.0,0.86,10.0,0.85,25.64,0.87,0.8,0.88,22.0,0.02,0.01,2308.2639,1776348812000
1776348815.26,215.26,0.1,130.5,0.09,71.0,0.12,53.19,0.13,50.0,0.87,58.26,0.86,29.0,0.89,46.79,0.9,130.5,0.02,0.02,2308.665314,1776348814000
1776348815.582,215.582,0.11,3.88,0.1,120.0,0.12,78.19,0.13,50.0,0.88,53.19,0.87,50.0,0.9,130.5,0.91,71.0,0.01,0.02,2308.665314,1776348814000
1776348816.663,216.663,0.1,90.5,0.09,71.0,0.12,10.0,0.13,56.0,0.88,78.19,0.87,50.0,0.89,3.88,0.9,120.0,0.02,0.01,2308.419742,1776348815000
1776348820.338,220.338,0.1,10.0,0.09,27.0,0.12,239.5,0.13,182.5,0.88,10.0,0.87,56.0,0.9,90.5,0.91,71.0,0.02,0.02,2308.322847,1776348819000
1776348821.374,221.374,0.09,27.0,0.08,70.9,0.11,256.5,0.12,229.5,0.88,239.5,0.87,182.5,0.9,10.0,0.91,27.0,0.02,0.02,2308.258692,1776348820000
1776348822.15,222.15,0.1,10.0,0.09,71.0,0.11,136.0,0.12,135.0,0.89,256.5,0.88,229.5,0.91,27.0,0.92,70.9,0.01,0.02,2308.123494,1776348821000
1776348822.845,222.845,0.11,134.5,0.1,165.5,0.12,1.0,0.13,10.0,0.89,79.0,0.88,35.0,0.91,69.91,0.92,170.9,0.01,0.02,2308.123494,1776348821000
1776348823.114,223.114,0.11,115.5,0.1,165.5,0.13,7.93,0.14,10.0,0.87,10.0,0.86,10.0,0.89,134.5,0.9,165.5,0.02,0.02,2308.11853,1776348822000
1776348823.737,223.737,0.1,55.0,0.09,169.91,0.12,13.55,0.13,45.5,0.86,10.0,0.85,101.14,0.89,104.32,0.9,165.5,0.02,0.03,2308.11853,1776348822000
1776348823.978,223.978,0.1,44.44,0.09,169.91,0.12,13.55,0.13,45.5,0.88,13.55,0.87,45.5,0.9,55.0,0.91,169.91,0.02,0.02,2308.393576,1776348823000
1776348827.716,227.716,0.13,46.0,0.12,110.0,0.15,87.64,0.16,194.5,0.88,13.55,0.87,45.5,0.9,11.14,0.91,169.91,0.02,0.02,2308.574283,1776348826000
1776348828.977,228.977,0.14,123.32,0.13,168.3,0.15,7.64,0.16,10.0,0.86,10.0,0.85,87.64,0.87,41.76,0.88,120.5,0.01,0.01,2308.574283,1776348826000
1776348830.093,230.093,0.14,113.32,0.13,152.8,0.15,6.96,0.16,10.0,0.85,7.64,0.84,10.0,0.86,123.32,0.87,168.3,0.01,0.01,2308.574283,1776348826000
1776348830.641,230.641,0.14,4.8,0.13,152.8,0.15,16.96,0.16,10.0,0.85,6.96,0.84,10.0,0.86,113.32,0.87,152.8,0.01,0.01,2308.574283,1776348826000
1776348830.972,230.972,0.13,20.42,0.12,44.1,0.15,58.96,0.16,50.0,0.85,16.96,0.84,10.0,0.86,4.8,0.87,152.8,0.02,0.01,2308.574283,1776348826000
1776348831.353,231.353,0.13,35.36,0.12,144.1,0.14,20.0,0.15,72.46,0.85,58.96,0.84,50.0,0.87,20.42,0.88,44.1,0.01,0.02,2308.574283,1776348826000
1776348831.681,231.681,0.13,15.36,0.12,44.1,0.14,13.89,0.15,72.46,0.86,20.0,0.85,72.46,0.87,35.36,0.88,144.1,0.01,0.01,2308.574283,1776348826000
1776348832.301,232.301,0.12,10.0,0.11,10.0,0.14,307.89,0.15,191.46,0.86,13.89,0.85,72.46,0.87,15.36,0.88,44.1,0.02,0.01,2308.574283,1776348826000
1776348834.299,234.299,0.11,7.0,0.1,110.0,0.13,85.75,0.14,3.89,0.87,40.0,0.86,275.89,0.89,10.0,0.9,10.0,0.02,0.02,2308.574283,1776348826000
1776348834.575,234.575,0.11,107.0,0.1,120.5,0.13,84.75,0.14,3.89,0.87,85.75,0.86,3.89,0.89,7.0,0.9,110.0,0.02,0.02,2308.574283,1776348826000
1776348835.409,235.409,0.13,110.0,0.12,154.75,0.15,5.29,0.16,10.0,0.87,84.75,0.86,3.89,0.89,107.0,0.9,120.5,0.02,0.02,2308.574283,1776348826000
1776348835.619,235.619,0.13,105.0,0.12,140.0,0.14,0.35,0.15,5.29,0.85,5.29,0.84,10.0,0.87,130.0,0.88,150.5,0.01,0.02,2308.679075,1776348834000
1776348836.023,236.023,0.14,94.32,0.13,110.0,0.15,5.29,0.16,20.5,0.85,5.29,0.84,10.0,0.86,19.65,0.87,100.0,0.01,0.01,2308.828477,1776348835000
1776348836.731,236.731,0.12,33.98,0.11,68.79,0.14,15.0,0.15,39.79,0.85,56.79,0.84,20.5,0.87,110.0,0.88,144.1,0.02,0.02,2308.828477,1776348835000
1776348838.885,238.885,0.11,7.0,0.1,50.0,0.13,193.5,0.14,160.5,0.86,15.0,0.85,39.79,0.88,33.98,0.89,68.79,0.02,0.02,2309.157757,1776348837000
1776348839.251,239.251,0.09,69.91,0.08,70.9,0.11,152.0,0.12,157.5,0.88,105.0,0.87,242.5,0.9,50.0,0.91,69.91,0.02,0.02,2309.086409,1776348838000
1776348839.777,239.777,0.09,64.91,0.08,70.9,0.11,160.0,0.12,174.5,0.89,155.0,0.88,174.5,0.91,69.91,0.92,70.9,0.02,0.02,2309.086409,1776348838000
1776348840.208,240.208,0.09,64.91,0.08,70.9,0.11,56.98,0.12,89.0,0.89,160.0,0.88,174.5,0.91,64.91,0.92,70.9,0.02,0.02,2309.082155,1776348839000
1776348840.705,240.705,0.09,21.91,0.08,70.9,0.1,26.39,0.11,51.98,0.89,56.98,0.88,83.0,0.91,59.91,0.92,70.9,0.01,0.02,2309.082155,1776348839000
1776348841.175,241.175,0.09,16.61,0.08,70.9,0.1,42.39,0.11,61.98,0.9,30.39,0.89,51.98,0.91,19.91,0.92,70.9,0.01,0.01,2309.082155,1776348839000
1776348841.469,241.469,0.09,9.44,0.08,70.9,0.1,42.39,0.11,61.98,0.9,42.39,0.89,61.98,0.91,14.44,0.92,70.9,0.01,0.01,2308.820091,1776348840000
1776348841.676,241.676,0.09,3.94,0.08,70.9,0.1,30.39,0.11,54.98,0.9,42.39,0.89,61.98,0.91,9.44,0.92,70.9,0.01,0.01,2308.820091,1776348840000
1776348841.999,241.999,0.08,14.68,0.07,79.3,0.1,23.39,0.11,54.98,0.9,18.39,0.89,54.98,0.91,3.59,0.92,70.9,0.02,0.01,2308.819235,1776348841000
1776348842.24,242.24,0.09,19.94,0.08,14.68,0.1,45.39,0.11,44.98,0.9,23.39,0.89,54.98,0.92,14.68,0.93,79.3,0.01,0.02,2308.819235,1776348841000
1776348842.596,242.596,0.07,24.0,0.06,39.0,0.09,227.0,0.1,148.39,0.9,45.39,0.89,44.98,0.91,19.94,0.92,14.68,0.02,0.01,2308.819235,1776348841000
1776348842.907,242.907,0.07,2.25,0.06,31.0,0.08,263.0,0.09,307.0,0.92,118.0,0.91,267.0,0.93,3.33,0.94,31.0,0.01,0.01,2308.819235,1776348841000
1776348843.289,243.289,0.06,8.93,0.05,80.48,0.07,107.0,0.08,298.0,0.92,247.0,0.91,272.0,0.95,80.48,0.96,143.8,0.01,0.03,2308.819235,1776348841000
1776348843.606,243.606,0.06,8.93,0.05,66.48,0.07,15.71,0.08,261.0,0.93,107.0,0.92,298.0,0.94,8.93,0.95,80.48,0.01,0.01,2308.724834,1776348842000
1776348843.96,243.96,0.06,3.82,0.05,66.48,0.07,73.0,0.08,267.71,0.93,40.0,0.92,246.71,0.94,3.82,0.95,66.48,0.01,0.01,2308.666435,1776348843000
1776348844.329,244.329,0.05,24.37,0.04,50.0,0.06,121.04,0.07,127.71,0.93,101.71,0.92,262.0,0.95,66.48,0.96,50.0,0.01,0.02,2308.666435,1776348843000
1776348844.554,244.554,0.05,23.31,0.04,50.0,0.06,132.04,0.07,133.71,0.94,121.04,0.93,127.71,0.95,24.37,0.96,50.0,0.01,0.01,2308.666435,1776348843000
1776348845.068,245.068,0.05,15.71,0.04,50.0,0.06,26.04,0.07,120.71,0.94,110.75,0.93,118.0,0.95,16.77,0.96,50.0,0.01,0.01,2307.914449,1776348844000
1776348845.314,245.314,0.05,7.63,0.04,50.0,0.06,95.04,0.07,90.71,0.94,26.04,0.93,120.71,0.95,15.71,0.96,50.0,0.01,0.01,2307.914449,1776348844000
1776348845.59,245.59,0.05,3.43,0.04,50.0,0.06,135.75,0.07,107.0,0.94,95.04,0.93,90.71,0.95,4.49,0.96,50.0,0.01,0.01,2307.914449,1776348844000
1776348845.794,245.794,0.04,42.47,0.03,294.7,0.05,30.26,0.06,145.75,0.95,20.0,0.94,140.75,0.96,43.52,0.97,294.7,0.01,0.01,2307.914449,1776348844000
1776348846.116,246.116,0.03,261.68,0.02,783.7,0.05,20.26,0.06,71.04,0.95,39.26,0.94,132.75,0.96,37.22,0.97,294.7,0.02,0.01,2307.914449,1776348844000
1776348846.631,246.631,0.03,247.42,0.02,483.7,0.05,20.26,0.06,36.04,0.95,15.26,0.94,36.04,0.96,5.8,0.97,261.68,0.02,0.01,2307.914449,1776348844000
1776348847.045,247.045,0.03,193.42,0.02,483.7,0.05,30.26,0.06,71.04,0.95,64.26,0.94,71.04,0.97,193.42,0.98,483.7,0.02,0.02,2307.738127,1776348845000
1776348847.255,247.255,0.03,188.12,0.02,483.7,0.05,30.26,0.06,41.04,0.95,30.26,0.94,41.04,0.97,193.27,0.98,483.7,0.02,0.02,2307.738127,1776348845000
1776348847.714,247.714,0.03,138.54,0.02,483.7,0.04,20.0,0.05,35.26,0.96,5.0,0.95,30.26,0.97,136.58,0.98,483.7,0.01,0.01,2307.765819,1776348846000
1776348848.115,248.115,0.02,482.06,0.01,7354.45,0.04,20.0,0.05,43.26,0.96,20.0,0.95,35.26,0.97,138.54,0.98,483.7,0.02,0.01,2307.779134,1776348847000
1776348848.835,248.835,0.02,482.06,0.01,7654.45,0.03,105.66,0.04,25.0,0.96,20.0,0.95,43.26,0.98,482.06,0.99,7354.45,0.01,0.02,2307.779134,1776348847000
1776348849.255,249.255,0.02,477.73,0.01,7654.45,0.03,110.66,0.04,93.0,0.97,110.66,0.96,25.0,0.98,478.99,0.99,7854.45,0.01,0.01,2307.83922,1776348848000
1776348849.539,249.539,0.02,286.98,0.01,2654.45,0.03,241.93,0.04,92.71,0.97,132.66,0.96,108.71,0.98,475.68,0.99,7654.45,0.01,0.01,2307.83922,1776348848000
1776348849.77,249.77,0.02,181.98,0.01,2654.45,0.03,268.87,0.04,170.7,0.97,273.87,0.96,170.7,0.98,281.98,0.99,2654.45,0.01,0.01,2307.83922,1776348848000
1776348850.008,250.008,0.02,138.48,0.01,2654.45,0.03,280.87,0.04,189.7,0.97,280.87,0.96,189.7,0.98,166.98,0.99,2654.45,0.01,0.01,2307.83922,1776348848000
1776348850.247,250.247,0.02,107.45,0.01,2654.45,0.03,404.57,0.04,194.7,0.97,285.87,0.96,189.7,0.98,137.45,0.99,2654.45,0.01,0.01,2307.763166,1776348849000
1776348850.664,250.664,0.02,6.34,0.01,2654.45,0.03,437.57,0.04,194.7,0.97,418.84,0.96,194.7,0.98,1.34,0.99,2654.45,0.01,0.01,2307.763166,1776348849000
1776348851.093,251.093,0.01,2654.45,,,0.02,9.37,0.03,422.13,0.97,437.57,0.96,194.7,0.98,6.34,0.99,2654.45,0.01,0.01,2307.763166,1776348849000
1776348851.318,251.318,0.01,640.45,,,0.02,5.0,0.03,432.23,0.98,9.37,0.97,422.13,0.99,2654.45,,,0.01,0.01,2307.647213,1776348850000
1776348851.596,251.596,0.01,623.39,,,0.02,10.35,0.03,419.23,0.98,19.72,0.97,409.86,0.99,625.39,,,0.01,0.01,2307.647213,1776348850000
1776348852.627,252.627,0.01,585.33,,,0.02,65.45,0.03,395.23,0.98,10.35,0.97,419.23,0.99,585.39,,,0.01,0.01,2306.963492,1776348851000
1776348852.848,252.848,0.01,584.31,,,0.02,60.45,0.03,96.53,0.98,60.45,0.97,376.23,0.99,575.33,,,0.01,0.01,2306.963492,1776348851000
1776348853.069,253.069,0.01,618.62,,,0.03,87.16,0.04,174.7,0.97,96.53,0.96,174.7,0.99,619.64,,,0.02,0.02,2306.963492,1776348851000
1776348853.284,253.284,0.02,44.9,0.01,613.57,0.03,92.16,0.04,184.07,0.97,87.16,0.96,184.07,0.99,613.57,,,0.01,0.02,2306.963492,1776348851000
1776348853.533,253.533,0.02,193.7,0.01,603.57,0.03,47.16,0.04,24.37,0.97,67.16,0.96,51.37,0.98,5.0,0.99,613.57,0.01,0.01,2306.902322,1776348852000
1776348853.889,253.889,0.02,235.78,0.01,557.17,0.03,47.16,0.04,15.0,0.97,47.16,0.96,15.0,0.98,226.81,0.99,557.17,0.01,0.01,2306.902322,1776348852000
1776348854.102,254.102,0.02,97.06,0.01,557.17,0.03,47.16,0.04,22.0,0.97,47.16,0.96,15.0,0.98,102.11,0.99,557.17,0.01,0.01,2306.834189,1776348853000
1776348854.654,254.654,0.02,87.95,0.01,557.17,0.03,47.16,0.04,24.37,0.97,52.31,0.96,23.0,0.98,97.95,0.99,557.17,0.01,0.01,2306.834189,1776348853000
1776348854.868,254.868,0.02,86.82,0.01,557.17,0.03,47.16,0.04,37.37,0.97,52.31,0.96,37.37,0.98,82.85,0.99,557.17,0.01,0.01,2306.834189,1776348853000
1776348855.167,255.167,0.02,27.63,0.01,557.17,0.03,75.31,0.04,131.07,0.97,47.16,0.96,37.37,0.98,57.64,0.99,557.17,0.01,0.01,2307.217021,1776348854000
1776348855.513,255.513,0.02,2.63,0.01,557.17,0.03,86.16,0.04,178.7,0.97,83.31,0.96,188.07,0.98,7.63,0.99,557.17,0.01,0.01,2307.217021,1776348854000
1776348856.006,256.006,0.01,562.3,,,0.02,19.74,0.03,117.16,0.98,6.74,0.97,86.16,0.99,557.17,,,0.01,0.01,2307.217021,1776348854000
1776348856.561,256.561,0.01,557.3,,,0.02,19.74,0.03,265.86,0.98,19.74,0.97,117.16,0.99,562.3,,,0.01,0.01,2307.4875,1776348855000
1776348856.828,256.828,0.01,549.62,,,0.02,24.74,0.03,252.86,0.98,19.74,0.97,265.86,0.99,552.3,,,0.01,0.01,2307.4875,1776348855000
1776348857.319,257.319,0.01,559.2,,,0.02,11.74,0.03,234.86,0.98,24.74,0.97,252.86,0.99,549.62,,,0.01,0.01,2307.374516,1776348856000
1776348858.173,258.173,0.01,559.2,,,0.03,202.6,0.04,178.7,0.98,11.74,0.97,234.86,0.99,559.2,,,0.02,0.01,2307.276881,1776348857000
1776348858.665,258.665,0.01,554.2,,,0.03,202.6,0.04,178.7,0.97,202.6,0.96,178.7,0.99,559.2,,,0.02,0.02,2307.276881,1776348857000
1776348859.161,259.161,0.01,549.2,,,0.03,194.18,0.04,199.7,0.97,199.18,0.96,199.7,0.99,554.2,,,0.02,0.02,2307.13983,1776348858000
1776348860.354,260.354,0.01,546.62,,,0.02,5.09,0.03,222.18,0.97,194.18,0.96,199.7,0.99,549.2,,,0.01,0.02,2307.223441,1776348859000
1776348860.577,260.577,0.01,433.6,,,0.02,18.09,0.03,222.18,0.98,18.09,0.97,222.18,0.99,445.6,,,0.01,0.01,2307.223441,1776348859000
1776348860.982,260.982,0.01,125.58,,,0.02,13.09,0.03,222.18,0.98,18.09,0.97,222.18,0.99,416.6,,,0.01,0.01,2307.223441,1776348859000
1776348861.253,261.253,0.02,125.94,0.01,145.74,0.03,5.0,0.04,33.0,0.95,84.86,0.94,150.84,0.99,135.74,,,0.01,0.04,2307.250855,1776348860000
1776348861.68,261.68,0.01,98.01,,,0.03,5.0,0.04,69.0,0.97,5.0,0.96,33.0,0.98,125.94,0.99,145.74,0.02,0.01,2307.250855,1776348860000
1776348862.026,262.026,0.02,65.34,0.01,196.14,0.03,224.47,0.04,84.0,0.97,5.0,0.96,69.0,0.99,95.14,,,0.01,0.02,2307.250855,1776348860000
1776348862.661,262.661,0.01,176.33,,,0.02,29.0,0.03,224.32,0.97,224.47,0.96,84.0,0.99,181.33,,,0.01,0.02,2307.23317,1776348861000
1776348862.988,262.988,0.01,146.22,,,0.02,29.0,0.03,222.32,0.98,29.0,0.97,228.32,0.99,156.33,,,0.01,0.01,2307.23317,1776348861000
1776348863.611,263.611,0.01,40.22,,,0.02,168.32,0.03,61.0,0.98,29.0,0.97,222.32,0.99,146.22,,,0.01,0.01,2307.158456,1776348862000
1776348863.955,263.955,,,,,0.01,2853.43,0.02,163.32,0.99,2484.78,0.98,163.32,,,,,,,2307.158456,1776348862000
1776348864.376,264.376,,,,,0.01,2998.45,0.02,174.32,0.99,2853.43,0.98,163.32,,,,,,,2306.98079,1776348863000
1776348867.586,267.586,,,,,0.01,3206.88,0.02,158.32,0.99,2996.06,0.98,174.32,,,,,,,2306.859787,1776348866000
1776348868.797,268.797,,,,,0.01,3185.26,0.02,176.32,0.99,3206.88,0.98,158.32,,,,,,,2306.795387,1776348867000
1776348873.838,273.838,,,,,0.01,3245.31,0.02,348.02,0.99,3185.26,0.98,176.32,,,,,,,2306.781895,1776348872000
1776348874.163,274.163,,,,,0.01,3280.31,0.02,164.32,0.99,3245.31,0.98,348.02,,,,,,,2306.781895,1776348872000
1776348877.778,277.778,,,,,0.01,3486.58,0.02,149.32,0.99,3280.31,0.98,164.32,,,,,,,2306.767303,1776348876000
1776348883.476,283.476,,,,,0.01,11871.91,0.02,186.32,0.99,3486.58,0.98,149.32,,,,,,,2306.552756,1776348882000
1776348890.86,290.86,,,,,0.01,14988.34,0.02,214.32,0.99,11871.91,0.98,186.32,,,,,,,2306.486662,1776348889000

# RESULT,winner=Down,slug=eth-updown-5m-1776348600,ticks=367
