timestamp,elapsed_sec,up_bid_p1,up_bid_s1,up_bid_p2,up_bid_s2,up_bid_p3,up_bid_s3,up_bid_p4,up_bid_s4,up_bid_p5,up_bid_s5,up_ask_p1,up_ask_s1,up_ask_p2,up_ask_s2,up_ask_p3,up_ask_s3,up_ask_p4,up_ask_s4,up_ask_p5,up_ask_s5,down_bid_p1,down_bid_s1,down_bid_p2,down_bid_s2,down_bid_p3,down_bid_s3,down_bid_p4,down_bid_s4,down_bid_p5,down_bid_s5,down_ask_p1,down_ask_s1,down_ask_p2,down_ask_s2,down_ask_p3,down_ask_s3,down_ask_p4,down_ask_s4,down_ask_p5,down_ask_s5,up_spread,down_spread,eth_price,eth_oracle_ts
1776169200.686,0.686,0.5,12.47,0.49,10.0,0.46,100.0,0.45,5.0,0.4,19.0,0.52,10.1,0.54,100.0,0.6,13.0,0.61,14.0,0.62,8.0,0.48,10.1,0.46,100.0,0.4,13.0,0.39,14.0,0.38,8.0,0.5,12.47,0.51,10.0,0.54,100.0,0.55,5.0,0.6,19.0,0.02,0.02,2372.814155,1776169199000
1776169201.351,1.351,0.5,12.47,0.49,10.0,0.46,100.0,0.45,5.0,0.4,19.0,0.52,10.1,0.54,100.0,0.6,13.0,0.61,14.0,0.62,8.0,0.48,10.1,0.46,100.0,0.4,13.0,0.39,14.0,0.38,8.0,0.5,12.47,0.51,10.0,0.54,100.0,0.55,5.0,0.6,19.0,0.02,0.02,2372.752202,1776169200000
1776169201.62,1.62,0.45,5.0,0.37,70.0,0.35,90.0,0.33,300.0,0.31,375.0,0.48,10.0,0.51,75.0,0.52,10.0,0.67,300.0,0.69,375.0,0.48,5.0,0.33,300.0,0.31,375.0,0.27,450.0,0.26,14.0,0.51,10.0,0.55,5.0,0.65,20.0,0.67,300.0,0.69,375.0,0.03,0.03,2372.752202,1776169200000
1776169202.157,2.157,0.41,70.0,0.4,70.0,0.35,20.0,0.33,300.0,0.31,375.0,0.46,1.6,0.47,10.0,0.48,20.0,0.49,80.0,0.51,70.0,0.52,10.0,0.49,75.0,0.48,10.0,0.33,300.0,0.31,375.0,0.55,5.0,0.63,70.0,0.65,90.0,0.67,300.0,0.69,375.0,0.05,0.03,2372.752202,1776169200000
1776169202.598,2.598,0.42,142.0,0.41,97.0,0.4,70.0,0.35,20.0,0.33,300.0,0.46,1.6,0.47,10.0,0.48,41.0,0.49,105.0,0.51,70.0,0.54,6.6,0.53,10.0,0.52,41.0,0.51,105.0,0.49,70.0,0.58,142.0,0.59,97.0,0.6,70.0,0.65,20.0,0.67,300.0,0.04,0.04,2372.771033,1776169201000
1776169203.542,3.542,0.42,136.48,0.41,97.0,0.4,70.0,0.35,20.0,0.33,300.0,0.46,1.6,0.47,10.0,0.48,41.0,0.49,105.0,0.51,70.0,0.54,1.6,0.53,10.0,0.52,41.0,0.51,105.0,0.49,70.0,0.58,136.48,0.59,97.0,0.6,70.0,0.65,20.0,0.67,300.0,0.04,0.04,2372.669303,1776169202000
1776169204.112,4.112,0.42,136.48,0.41,97.0,0.4,70.0,0.35,20.0,0.33,300.0,0.46,1.6,0.47,10.0,0.48,41.0,0.49,105.0,0.51,70.0,0.54,1.6,0.53,10.0,0.52,41.0,0.51,105.0,0.49,70.0,0.58,136.48,0.59,97.0,0.6,70.0,0.65,20.0,0.67,300.0,0.04,0.04,2372.439535,1776169203000
1776169205.371,5.371,0.43,39.0,0.42,101.48,0.41,80.0,0.4,80.0,0.39,20.0,0.44,14.31,0.45,25.0,0.46,21.78,0.47,36.0,0.48,65.0,0.54,1.6,0.53,10.0,0.52,41.0,0.51,105.0,0.49,70.0,0.58,136.48,0.59,97.0,0.6,70.0,0.65,20.0,0.67,300.0,0.01,0.04,2372.439535,1776169203000
1776169205.607,5.607,0.43,29.0,0.42,101.48,0.41,80.0,0.4,85.0,0.39,20.0,0.44,19.31,0.45,25.0,0.46,21.78,0.47,31.0,0.48,65.0,0.56,14.31,0.55,25.0,0.54,21.78,0.53,36.0,0.52,65.0,0.57,39.0,0.58,101.48,0.59,80.0,0.6,80.0,0.61,20.0,0.01,0.01,2372.41748,1776169204000
1776169206.308,6.308,0.43,29.0,0.42,101.48,0.41,80.0,0.4,85.0,0.39,20.0,0.44,19.31,0.45,25.0,0.46,21.78,0.47,31.0,0.48,65.0,0.56,19.31,0.55,25.0,0.54,21.78,0.53,31.0,0.52,65.0,0.57,29.0,0.58,101.48,0.59,80.0,0.6,85.0,0.61,20.0,0.01,0.01,2372.423007,1776169205000
1776169206.546,6.546,0.43,25.5,0.42,101.48,0.41,107.0,0.4,95.0,0.39,30.0,0.44,12.65,0.45,45.5,0.46,36.78,0.47,67.0,0.48,85.0,0.56,19.31,0.55,25.0,0.54,21.78,0.53,31.0,0.52,65.0,0.57,29.0,0.58,101.48,0.59,80.0,0.6,85.0,0.61,20.0,0.01,0.01,2372.423007,1776169205000
1776169207.037,7.037,0.43,30.5,0.42,101.48,0.41,107.0,0.4,95.0,0.39,30.0,0.44,15.37,0.45,45.5,0.46,36.78,0.47,67.0,0.48,85.0,0.56,12.65,0.55,45.5,0.54,36.78,0.53,67.0,0.52,85.0,0.57,25.5,0.58,101.48,0.59,107.0,0.6,95.0,0.61,30.0,0.01,0.01,2372.423007,1776169205000
1776169207.644,7.644,0.39,10.5,0.38,34.0,0.37,98.0,0.35,160.0,0.34,20.0,0.4,15.0,0.41,40.5,0.42,10.0,0.43,54.5,0.44,76.87,0.56,15.37,0.55,45.5,0.54,36.78,0.53,67.0,0.52,85.0,0.57,30.5,0.58,101.48,0.59,107.0,0.6,95.0,0.61,30.0,0.01,0.01,2372.423007,1776169205000
1776169208.783,8.783,0.38,30.0,0.37,98.0,0.35,160.0,0.34,20.0,0.33,15.0,0.39,1.74,0.4,25.5,0.41,40.5,0.42,39.0,0.43,54.5,0.61,1.74,0.6,25.5,0.59,40.5,0.58,39.0,0.57,54.5,0.62,30.0,0.63,98.0,0.65,160.0,0.66,20.0,0.67,15.0,0.01,0.01,2372.385284,1776169207000
1776169209.053,9.053,0.38,27.66,0.37,38.5,0.35,90.0,0.34,15.0,0.33,15.0,0.39,6.74,0.4,30.5,0.41,35.5,0.42,30.0,0.43,59.59,0.61,1.74,0.6,25.5,0.59,40.5,0.58,39.0,0.57,54.5,0.62,30.0,0.63,98.0,0.65,160.0,0.66,20.0,0.67,15.0,0.01,0.01,2372.385284,1776169207000
1776169209.676,9.676,0.38,27.66,0.37,38.5,0.35,90.0,0.34,15.0,0.33,15.0,0.39,6.74,0.4,30.5,0.41,35.5,0.42,30.0,0.43,59.59,0.61,6.74,0.6,30.5,0.59,35.5,0.58,30.0,0.57,59.59,0.62,27.66,0.63,38.5,0.65,90.0,0.66,15.0,0.67,15.0,0.01,0.01,2372.37044,1776169208000
1776169210.313,10.313,0.37,10.5,0.36,28.0,0.35,118.0,0.34,15.0,0.33,15.0,0.39,0.54,0.4,51.5,0.41,127.5,0.42,20.0,0.43,25.59,0.61,0.54,0.6,51.5,0.59,127.5,0.58,20.0,0.57,25.59,0.63,10.5,0.64,28.0,0.65,118.0,0.66,15.0,0.67,15.0,0.02,0.02,2372.266958,1776169209000
1776169211.533,11.533,0.37,5.5,0.36,28.0,0.35,118.0,0.34,15.0,0.33,15.0,0.38,40.28,0.39,5.54,0.4,45.5,0.41,112.5,0.42,81.0,0.62,40.28,0.61,5.54,0.6,45.5,0.59,112.5,0.58,81.0,0.63,5.5,0.64,28.0,0.65,118.0,0.66,15.0,0.67,15.0,0.01,0.01,2372.11124,1776169210000
1776169212.102,12.102,0.35,15.0,0.34,8.0,0.33,10.5,0.32,64.0,0.31,36.0,0.36,45.78,0.37,70.5,0.38,88.5,0.39,21.04,0.4,175.5,0.64,45.78,0.63,70.5,0.62,88.5,0.61,21.04,0.6,175.5,0.65,15.0,0.66,8.0,0.67,10.5,0.68,64.0,0.69,36.0,0.01,0.01,2372.07534,1776169211000
1776169212.643,12.643,0.34,3.0,0.33,10.5,0.32,64.0,0.31,36.0,0.3,50.0,0.36,80.78,0.37,65.5,0.38,87.5,0.39,21.04,0.4,183.5,0.64,45.78,0.63,70.5,0.62,88.5,0.61,21.04,0.6,175.5,0.65,15.0,0.66,8.0,0.67,10.5,0.68,64.0,0.69,36.0,0.02,0.01,2372.07534,1776169211000
1776169212.98,12.98,0.33,10.5,0.32,64.0,0.31,36.0,0.3,60.0,0.29,155.0,0.34,8.0,0.35,40.28,0.36,50.0,0.37,76.5,0.38,47.5,0.64,80.78,0.63,65.5,0.62,87.5,0.61,21.04,0.6,183.5,0.66,3.0,0.67,10.5,0.68,64.0,0.69,36.0,0.7,50.0,0.01,0.02,2372.07534,1776169211000
1776169213.248,13.248,0.33,10.5,0.32,64.0,0.31,36.0,0.3,60.0,0.29,155.0,0.34,8.0,0.35,40.28,0.36,50.0,0.37,76.5,0.38,47.5,0.66,8.0,0.65,40.28,0.64,50.0,0.63,76.5,0.62,47.5,0.67,10.5,0.68,64.0,0.69,36.0,0.7,60.0,0.71,155.0,0.01,0.01,2372.0652,1776169212000
1776169213.615,13.615,0.33,15.5,0.32,64.0,0.31,46.0,0.3,60.0,0.29,165.0,0.34,43.28,0.35,30.0,0.36,25.5,0.37,71.5,0.38,47.5,0.66,8.0,0.65,40.28,0.64,50.0,0.63,76.5,0.62,47.5,0.67,10.5,0.68,64.0,0.69,36.0,0.7,60.0,0.71,155.0,0.01,0.01,2372.0652,1776169212000
1776169214.359,14.359,0.33,15.5,0.32,64.0,0.31,46.0,0.3,60.0,0.29,165.0,0.34,43.28,0.35,30.0,0.36,25.5,0.37,71.5,0.38,47.5,0.66,43.28,0.65,30.0,0.64,25.5,0.63,71.5,0.62,47.5,0.67,15.5,0.68,64.0,0.69,46.0,0.7,60.0,0.71,165.0,0.01,0.01,2371.792205,1776169213000
1776169214.98,14.98,0.33,5.0,0.32,63.5,0.31,44.0,0.3,50.0,0.29,155.0,0.34,24.89,0.35,55.5,0.36,97.5,0.37,56.5,0.38,55.5,0.66,43.28,0.65,30.0,0.64,25.5,0.63,71.5,0.62,47.5,0.67,15.5,0.68,64.0,0.69,46.0,0.7,60.0,0.71,165.0,0.01,0.01,2371.792205,1776169213000
1776169215.425,15.425,0.33,7.0,0.32,43.0,0.31,54.5,0.3,81.0,0.29,155.0,0.34,31.15,0.35,67.5,0.36,97.5,0.37,20.5,0.38,55.5,0.66,34.98,0.65,67.5,0.64,97.5,0.63,20.5,0.62,55.5,0.67,7.0,0.68,53.5,0.69,44.0,0.7,81.0,0.71,155.0,0.01,0.01,2371.792205,1776169213000
1776169215.939,15.939,0.33,5.0,0.32,48.0,0.31,48.5,0.3,86.0,0.29,160.0,0.34,46.15,0.35,72.5,0.36,102.5,0.37,25.5,0.38,60.5,0.66,41.15,0.65,72.5,0.64,102.5,0.63,25.5,0.62,60.5,0.67,7.0,0.68,48.0,0.69,48.5,0.7,86.0,0.71,160.0,0.01,0.01,2371.71247,1776169214000
1776169216.159,16.159,0.33,5.0,0.32,48.0,0.31,48.5,0.3,86.0,0.29,160.0,0.34,46.15,0.35,72.5,0.36,102.5,0.37,25.5,0.38,60.5,0.66,46.15,0.65,72.5,0.64,102.5,0.63,25.5,0.62,60.5,0.67,5.0,0.68,48.0,0.69,48.5,0.7,86.0,0.71,160.0,0.01,0.01,2371.737615,1776169215000
1776169216.724,16.724,0.32,35.0,0.31,20.5,0.3,73.5,0.29,190.0,0.28,58.0,0.34,96.15,0.35,85.5,0.36,80.5,0.37,35.5,0.38,64.5,0.66,46.15,0.65,72.5,0.64,102.5,0.63,25.5,0.62,60.5,0.67,5.0,0.68,48.0,0.69,48.5,0.7,86.0,0.71,160.0,0.02,0.01,2371.737615,1776169215000
1776169217.002,17.002,0.32,64.5,0.31,15.5,0.3,78.5,0.29,200.0,0.28,58.0,0.33,40.28,0.34,83.87,0.35,50.5,0.36,75.5,0.37,35.5,0.66,96.15,0.65,85.5,0.64,80.5,0.63,35.5,0.62,64.5,0.68,35.0,0.69,20.5,0.7,73.5,0.71,190.0,0.72,58.0,0.01,0.02,2371.737615,1776169215000
1776169217.257,17.257,0.32,64.5,0.31,15.5,0.3,78.5,0.29,200.0,0.28,58.0,0.33,40.28,0.34,83.87,0.35,50.5,0.36,75.5,0.37,35.5,0.67,40.28,0.66,83.87,0.65,50.5,0.64,75.5,0.63,35.5,0.68,64.5,0.69,15.5,0.7,78.5,0.71,200.0,0.72,58.0,0.01,0.01,2371.729194,1776169216000
1776169218.015,18.015,0.32,9.0,0.31,15.5,0.3,70.5,0.29,188.0,0.28,58.0,0.33,49.74,0.34,83.87,0.35,50.5,0.36,75.5,0.37,35.5,0.67,54.74,0.66,83.87,0.65,50.5,0.64,75.5,0.63,41.5,0.68,49.0,0.69,15.5,0.7,70.5,0.71,168.0,0.72,58.0,0.01,0.01,2371.729194,1776169216000
1776169218.467,18.467,0.32,9.0,0.31,15.5,0.3,70.5,0.29,188.0,0.28,58.0,0.33,49.74,0.34,83.87,0.35,50.5,0.36,75.5,0.37,35.5,0.67,49.74,0.66,83.87,0.65,50.5,0.64,75.5,0.63,35.5,0.68,9.0,0.69,15.5,0.7,70.5,0.71,188.0,0.72,58.0,0.01,0.01,2371.691646,1776169217000
1776169219.041,19.041,0.32,9.0,0.31,15.5,0.3,70.5,0.29,188.0,0.28,58.0,0.33,49.74,0.34,83.87,0.35,50.5,0.36,75.5,0.37,35.5,0.67,49.74,0.66,83.87,0.65,50.5,0.64,75.5,0.63,35.5,0.68,9.0,0.69,15.5,0.7,70.5,0.71,188.0,0.72,58.0,0.01,0.01,2371.691646,1776169218000
1776169219.61,19.61,0.32,14.0,0.31,5.0,0.3,65.5,0.29,158.0,0.28,58.0,0.33,108.74,0.34,94.46,0.35,40.5,0.36,100.5,0.37,41.5,0.67,49.74,0.66,83.87,0.65,50.5,0.64,75.5,0.63,35.5,0.68,9.0,0.69,15.5,0.7,70.5,0.71,188.0,0.72,58.0,0.01,0.01,2371.691646,1776169218000
1776169220.119,20.119,0.32,14.0,0.31,5.0,0.3,65.5,0.29,158.0,0.28,58.0,0.33,108.74,0.34,94.46,0.35,40.5,0.36,100.5,0.37,41.5,0.67,108.74,0.66,94.46,0.65,40.5,0.64,100.5,0.63,41.5,0.68,14.0,0.69,5.0,0.7,65.5,0.71,158.0,0.72,58.0,0.01,0.01,2371.692633,1776169219000
1776169221.124,21.124,0.32,10.0,0.31,13.0,0.3,65.5,0.29,160.5,0.28,66.0,0.33,110.7,0.34,94.46,0.35,40.5,0.36,113.5,0.37,43.5,0.67,108.74,0.66,94.46,0.65,40.5,0.64,100.5,0.63,41.5,0.68,14.0,0.69,5.0,0.7,65.5,0.71,158.0,0.72,58.0,0.01,0.01,2371.692633,1776169219000
1776169221.717,21.717,0.3,13.42,0.29,5.0,0.28,12.0,0.27,15.0,0.26,71.0,0.31,117.0,0.32,119.0,0.33,124.7,0.34,146.46,0.35,103.5,0.67,110.7,0.66,94.46,0.65,40.5,0.64,113.5,0.63,43.5,0.68,10.0,0.69,13.0,0.7,65.5,0.71,160.5,0.72,66.0,0.01,0.01,2371.679831,1776169220000
1776169222.131,22.131,0.3,8.34,0.29,5.0,0.28,12.0,0.27,15.5,0.26,58.0,0.31,168.78,0.32,134.5,0.33,109.42,0.34,146.46,0.35,53.5,0.69,137.28,0.68,124.0,0.67,109.42,0.66,146.46,0.65,103.5,0.7,3.42,0.71,5.0,0.72,12.0,0.73,15.0,0.74,71.0,0.01,0.01,2371.679831,1776169220000
1776169222.868,22.868,0.3,8.34,0.29,5.0,0.28,12.0,0.27,15.5,0.26,58.0,0.31,168.78,0.32,134.5,0.33,109.42,0.34,146.46,0.35,53.5,0.69,168.78,0.68,134.5,0.67,109.42,0.66,146.46,0.65,53.5,0.7,8.34,0.71,5.0,0.72,12.0,0.73,15.5,0.74,58.0,0.01,0.01,2371.629792,1776169221000
1776169223.432,23.432,0.3,8.34,0.29,5.0,0.28,12.0,0.27,15.5,0.26,58.0,0.31,168.78,0.32,134.5,0.33,109.42,0.34,146.46,0.35,53.5,0.69,168.78,0.68,134.5,0.67,109.42,0.66,146.46,0.65,53.5,0.7,8.34,0.71,5.0,0.72,12.0,0.73,15.5,0.74,58.0,0.01,0.01,2371.579808,1776169222000
1776169224.582,24.582,0.3,8.34,0.29,5.0,0.28,12.0,0.27,15.5,0.26,58.0,0.31,168.78,0.32,134.5,0.33,109.42,0.34,146.46,0.35,53.5,0.69,168.78,0.68,134.5,0.67,109.42,0.66,146.46,0.65,53.5,0.7,8.34,0.71,5.0,0.72,12.0,0.73,15.5,0.74,58.0,0.01,0.01,2371.486366,1776169223000
1776169224.924,24.924,0.29,11.34,0.28,12.0,0.27,15.5,0.26,37.0,0.25,62.0,0.31,221.78,0.32,144.5,0.33,116.42,0.34,131.46,0.35,93.5,0.69,168.78,0.68,134.5,0.67,109.42,0.66,146.46,0.65,53.5,0.7,8.34,0.71,5.0,0.72,12.0,0.73,15.5,0.74,58.0,0.02,0.01,2371.486366,1776169223000
1776169225.128,25.128,0.29,11.34,0.28,12.0,0.27,15.5,0.26,37.0,0.25,62.0,0.31,221.78,0.32,144.5,0.33,116.42,0.34,131.46,0.35,93.5,0.69,221.78,0.68,144.5,0.67,116.42,0.66,131.46,0.65,93.5,0.71,11.34,0.72,12.0,0.73,15.5,0.74,37.0,0.75,62.0,0.02,0.02,2371.460675,1776169224000
1776169226.459,26.459,0.29,11.34,0.28,12.0,0.27,15.5,0.26,37.0,0.25,62.0,0.31,221.78,0.32,144.5,0.33,116.42,0.34,131.46,0.35,93.5,0.69,221.78,0.68,144.5,0.67,116.42,0.66,131.46,0.65,93.5,0.71,11.34,0.72,12.0,0.73,15.5,0.74,37.0,0.75,62.0,0.02,0.02,2371.384246,1776169225000
1776169226.87,26.87,0.25,50.5,0.24,46.0,0.23,106.0,0.22,114.0,0.21,48.0,0.26,44.4,0.27,93.28,0.28,67.5,0.29,25.5,0.3,68.59,0.73,29.5,0.72,67.5,0.71,38.5,0.7,78.59,0.69,152.5,0.74,5.6,0.75,50.5,0.76,35.0,0.77,127.0,0.78,114.0,0.01,0.01,2371.384246,1776169225000
1776169227.143,27.143,0.25,25.5,0.24,46.0,0.23,95.0,0.22,114.0,0.21,88.0,0.26,76.6,0.27,97.0,0.28,62.5,0.29,20.5,0.3,68.59,0.74,44.4,0.73,93.28,0.72,67.5,0.71,25.5,0.7,68.59,0.75,50.5,0.76,46.0,0.77,106.0,0.78,114.0,0.79,48.0,0.01,0.01,2371.382243,1776169226000
1776169228.394,28.394,0.25,25.5,0.24,46.0,0.23,95.0,0.22,114.0,0.21,88.0,0.26,76.6,0.27,97.0,0.28,62.5,0.29,20.5,0.3,68.59,0.74,76.6,0.73,97.0,0.72,62.5,0.71,20.5,0.7,68.59,0.75,25.5,0.76,46.0,0.77,95.0,0.78,114.0,0.79,88.0,0.01,0.01,2371.304063,1776169227000
1776169229.091,29.091,0.25,11.5,0.24,46.0,0.23,95.0,0.22,33.0,0.21,88.0,0.26,81.6,0.27,332.0,0.28,77.5,0.29,33.5,0.3,98.59,0.74,76.6,0.73,97.0,0.72,62.5,0.71,20.5,0.7,68.59,0.75,25.5,0.76,46.0,0.77,95.0,0.78,114.0,0.79,88.0,0.01,0.01,2371.304063,1776169227000
1776169229.514,29.514,0.25,11.5,0.24,46.0,0.23,95.0,0.22,33.0,0.21,88.0,0.26,81.6,0.27,332.0,0.28,77.5,0.29,33.5,0.3,98.59,0.74,81.6,0.73,332.0,0.72,77.5,0.71,33.5,0.7,98.59,0.75,11.5,0.76,46.0,0.77,95.0,0.78,33.0,0.79,88.0,0.01,0.01,2371.25452,1776169228000
1776169230.082,30.082,0.25,8.66,0.24,41.0,0.23,110.5,0.22,45.0,0.21,88.0,0.26,86.6,0.27,333.0,0.28,77.5,0.29,33.5,0.3,80.59,0.74,81.6,0.73,332.0,0.72,77.5,0.71,33.5,0.7,98.59,0.75,11.5,0.76,46.0,0.77,95.0,0.78,33.0,0.79,88.0,0.01,0.01,2371.25452,1776169228000
1776169230.283,30.283,0.25,8.66,0.24,41.0,0.23,110.5,0.22,45.0,0.21,89.0,0.26,61.6,0.27,333.0,0.28,77.5,0.29,33.5,0.3,80.59,0.74,86.6,0.73,333.0,0.72,77.5,0.71,33.5,0.7,80.59,0.75,8.66,0.76,41.0,0.77,110.5,0.78,45.0,0.79,88.0,0.01,0.01,2371.24578,1776169229000
1776169231.445,31.445,0.25,8.66,0.24,41.0,0.23,110.5,0.22,45.0,0.21,89.0,0.26,61.6,0.27,333.0,0.28,77.5,0.29,33.5,0.3,80.59,0.74,61.6,0.73,333.0,0.72,77.5,0.71,33.5,0.7,80.59,0.75,8.66,0.76,41.0,0.77,110.5,0.78,45.0,0.79,89.0,0.01,0.01,2371.221415,1776169230000
1776169232.18,32.18,0.25,8.66,0.24,41.0,0.23,110.5,0.22,45.0,0.21,89.0,0.26,61.6,0.27,333.0,0.28,77.5,0.29,33.5,0.3,80.59,0.74,61.6,0.73,333.0,0.72,77.5,0.71,33.5,0.7,80.59,0.75,8.66,0.76,41.0,0.77,110.5,0.78,45.0,0.79,89.0,0.01,0.01,2371.201655,1776169231000
1776169232.536,32.536,0.25,3.57,0.24,41.0,0.23,110.5,0.22,45.0,0.21,88.0,0.26,165.6,0.27,343.5,0.28,87.5,0.29,83.5,0.3,105.59,0.74,61.6,0.73,333.0,0.72,77.5,0.71,33.5,0.7,80.59,0.75,8.66,0.76,41.0,0.77,110.5,0.78,45.0,0.79,89.0,0.01,0.01,2371.201655,1776169231000
1776169232.754,32.754,0.25,0.77,0.24,41.0,0.23,110.5,0.22,45.0,0.21,88.0,0.26,160.6,0.27,353.5,0.28,87.5,0.29,83.5,0.3,105.59,0.74,165.6,0.73,343.5,0.72,87.5,0.71,83.5,0.7,105.59,0.75,3.57,0.76,41.0,0.77,110.5,0.78,45.0,0.79,88.0,0.01,0.01,2371.201655,1776169231000
1776169233.262,33.262,0.25,0.77,0.24,41.0,0.23,110.5,0.22,45.0,0.21,88.0,0.26,160.6,0.27,353.5,0.28,87.5,0.29,83.5,0.3,105.59,0.74,160.6,0.73,353.5,0.72,87.5,0.71,83.5,0.7,105.59,0.75,0.77,0.76,41.0,0.77,110.5,0.78,45.0,0.79,88.0,0.01,0.01,2371.157423,1776169232000
1776169234.625,34.625,0.25,0.77,0.24,41.0,0.23,110.5,0.22,45.0,0.21,88.0,0.26,160.6,0.27,353.5,0.28,87.5,0.29,83.5,0.3,105.59,0.74,160.6,0.73,353.5,0.72,87.5,0.71,83.5,0.7,105.59,0.75,0.77,0.76,41.0,0.77,110.5,0.78,45.0,0.79,88.0,0.01,0.01,2371.159705,1776169233000
1776169235.248,35.248,0.25,0.77,0.24,41.0,0.23,110.5,0.22,45.0,0.21,88.0,0.26,160.6,0.27,353.5,0.28,87.5,0.29,83.5,0.3,105.59,0.74,160.6,0.73,353.5,0.72,87.5,0.71,83.5,0.7,105.59,0.75,0.77,0.76,41.0,0.77,110.5,0.78,45.0,0.79,88.0,0.01,0.01,2371.158028,1776169234000
1776169235.581,35.581,0.25,2.27,0.24,5.0,0.23,85.5,0.22,16.0,0.21,75.0,0.26,162.6,0.27,320.0,0.28,50.5,0.29,60.5,0.3,70.59,0.74,160.6,0.73,353.5,0.72,87.5,0.71,83.5,0.7,105.59,0.75,0.77,0.76,41.0,0.77,110.5,0.78,45.0,0.79,88.0,0.01,0.01,2371.158028,1776169234000
1776169236.519,36.519,0.25,2.27,0.24,5.0,0.23,85.5,0.22,16.0,0.21,75.0,0.26,162.6,0.27,320.0,0.28,50.5,0.29,60.5,0.3,70.59,0.74,162.6,0.73,320.0,0.72,50.5,0.71,60.5,0.7,70.59,0.75,2.27,0.76,5.0,0.77,85.5,0.78,16.0,0.79,75.0,0.01,0.01,2371.169471,1776169235000
1776169237.197,37.197,0.25,2.27,0.24,5.0,0.23,85.5,0.22,16.0,0.21,75.0,0.26,162.6,0.27,320.0,0.28,50.5,0.29,60.5,0.3,70.59,0.74,162.6,0.73,320.0,0.72,50.5,0.71,60.5,0.7,70.59,0.75,2.27,0.76,5.0,0.77,85.5,0.78,16.0,0.79,75.0,0.01,0.01,2371.167025,1776169236000
1776169238.27,38.27,0.25,2.27,0.24,5.0,0.23,85.5,0.22,16.0,0.21,75.0,0.26,162.6,0.27,320.0,0.28,50.5,0.29,60.5,0.3,70.59,0.74,162.6,0.73,320.0,0.72,50.5,0.71,60.5,0.7,70.59,0.75,2.27,0.76,5.0,0.77,85.5,0.78,16.0,0.79,75.0,0.01,0.01,2371.158925,1776169237000
1776169239.676,39.676,0.25,2.27,0.24,5.0,0.23,85.5,0.22,16.0,0.21,75.0,0.26,162.6,0.27,320.0,0.28,50.5,0.29,60.5,0.3,70.59,0.74,162.6,0.73,320.0,0.72,50.5,0.71,60.5,0.7,70.59,0.75,2.27,0.76,5.0,0.77,85.5,0.78,16.0,0.79,75.0,0.01,0.01,2371.164419,1776169238000
1776169240.728,40.728,0.25,2.27,0.24,5.0,0.23,85.5,0.22,16.0,0.21,75.0,0.26,162.6,0.27,320.0,0.28,50.5,0.29,60.5,0.3,70.59,0.74,162.6,0.73,320.0,0.72,50.5,0.71,60.5,0.7,70.59,0.75,2.27,0.76,5.0,0.77,85.5,0.78,16.0,0.79,75.0,0.01,0.01,2371.166426,1776169239000
1776169241.281,41.281,0.25,2.27,0.24,5.0,0.23,85.5,0.22,16.0,0.21,75.0,0.26,162.6,0.27,320.0,0.28,50.5,0.29,60.5,0.3,70.59,0.74,162.6,0.73,320.0,0.72,50.5,0.71,60.5,0.7,70.59,0.75,2.27,0.76,5.0,0.77,85.5,0.78,16.0,0.79,75.0,0.01,0.01,2371.174668,1776169240000
1776169241.551,41.551,0.21,20.0,0.2,95.0,0.19,30.0,0.18,105.0,0.17,325.0,0.24,138.5,0.25,60.0,0.26,102.82,0.27,95.5,0.28,45.5,0.74,162.6,0.73,320.0,0.72,50.5,0.71,60.5,0.7,70.59,0.75,2.27,0.76,5.0,0.77,85.5,0.78,16.0,0.79,75.0,0.03,0.01,2371.174668,1776169240000
1776169242.373,42.373,0.2,20.0,0.19,30.0,0.18,105.0,0.17,325.0,0.16,130.0,0.21,25.0,0.24,138.5,0.25,45.0,0.26,87.82,0.27,95.5,0.79,25.0,0.76,138.5,0.75,45.0,0.74,87.82,0.73,95.5,0.8,20.0,0.81,30.0,0.82,105.0,0.83,325.0,0.84,130.0,0.01,0.01,2371.13179,1776169241000
1776169242.832,42.832,0.2,25.05,0.19,30.0,0.18,117.0,0.17,320.0,0.16,241.99,0.21,156.32,0.22,55.86,0.23,169.0,0.24,99.0,0.25,33.0,0.79,25.0,0.76,138.5,0.75,45.0,0.74,87.82,0.73,95.5,0.8,20.0,0.81,30.0,0.82,105.0,0.83,325.0,0.84,130.0,0.01,0.01,2371.13179,1776169241000
1776169243.28,43.28,0.2,25.05,0.19,30.0,0.18,117.0,0.17,320.0,0.16,241.99,0.21,156.32,0.22,55.86,0.23,169.0,0.24,99.0,0.25,33.0,0.79,156.32,0.78,55.86,0.77,169.0,0.76,99.0,0.75,33.0,0.8,25.05,0.81,30.0,0.82,117.0,0.83,320.0,0.84,241.99,0.01,0.01,2370.8332,1776169242000
1776169243.695,43.695,0.2,25.05,0.19,30.0,0.18,117.0,0.17,329.0,0.16,191.99,0.21,96.79,0.22,55.86,0.23,169.0,0.24,33.0,0.25,33.0,0.79,156.32,0.78,55.86,0.77,169.0,0.76,99.0,0.75,33.0,0.8,25.05,0.81,30.0,0.82,117.0,0.83,320.0,0.84,241.99,0.01,0.01,2370.8332,1776169242000
1776169244.276,44.276,0.2,25.05,0.19,30.0,0.18,117.0,0.17,329.0,0.16,191.99,0.21,96.79,0.22,55.86,0.23,169.0,0.24,33.0,0.25,33.0,0.79,96.79,0.78,55.86,0.77,169.0,0.76,33.0,0.75,33.0,0.8,25.05,0.81,30.0,0.82,117.0,0.83,329.0,0.84,191.99,0.01,0.01,2370.695223,1776169243000
1776169244.778,44.778,0.19,15.31,0.18,117.0,0.17,330.5,0.16,198.8,0.15,220.81,0.2,77.28,0.21,99.01,0.22,117.36,0.23,179.5,0.24,63.5,0.8,6.0,0.79,122.29,0.78,87.36,0.77,179.5,0.76,78.5,0.81,30.0,0.82,117.0,0.83,330.5,0.84,172.0,0.85,220.81,0.01,0.01,2370.695223,1776169243000
1776169245.187,45.187,0.19,15.31,0.18,117.0,0.17,330.5,0.16,198.8,0.15,220.81,0.2,77.28,0.21,99.01,0.22,117.36,0.23,179.5,0.24,63.5,0.8,77.28,0.79,99.01,0.78,117.36,0.77,179.5,0.76,63.5,0.81,15.31,0.82,117.0,0.83,330.5,0.84,198.8,0.85,220.81,0.01,0.01,2370.680747,1776169244000
1776169246.208,46.208,0.19,15.31,0.18,117.0,0.17,330.5,0.16,198.8,0.15,220.81,0.2,77.28,0.21,99.01,0.22,117.36,0.23,179.5,0.24,63.5,0.8,77.28,0.79,99.01,0.78,117.36,0.77,179.5,0.76,63.5,0.81,15.31,0.82,117.0,0.83,330.5,0.84,198.8,0.85,220.81,0.01,0.01,2370.7032,1776169245000
1776169247.144,47.144,0.19,15.31,0.18,117.0,0.17,330.5,0.16,198.8,0.15,220.81,0.2,77.28,0.21,99.01,0.22,117.36,0.23,179.5,0.24,63.5,0.8,77.28,0.79,99.01,0.78,117.36,0.77,179.5,0.76,63.5,0.81,15.31,0.82,117.0,0.83,330.5,0.84,198.8,0.85,220.81,0.01,0.01,2370.645249,1776169246000
1776169248.14,48.14,0.19,15.31,0.18,117.0,0.17,330.5,0.16,198.8,0.15,220.81,0.2,77.28,0.21,99.01,0.22,117.36,0.23,179.5,0.24,63.5,0.8,77.28,0.79,99.01,0.78,117.36,0.77,179.5,0.76,63.5,0.81,15.31,0.82,117.0,0.83,330.5,0.84,198.8,0.85,220.81,0.01,0.01,2370.659648,1776169247000
1776169249.055,49.055,0.19,15.31,0.18,117.0,0.17,330.5,0.16,198.8,0.15,220.81,0.2,77.28,0.21,99.01,0.22,117.36,0.23,179.5,0.24,63.5,0.8,77.28,0.79,99.01,0.78,117.36,0.77,179.5,0.76,63.5,0.81,15.31,0.82,117.0,0.83,330.5,0.84,198.8,0.85,220.81,0.01,0.01,2370.658909,1776169248000
1776169250.04,50.04,0.19,15.31,0.18,117.0,0.17,330.5,0.16,198.8,0.15,220.81,0.2,77.28,0.21,99.01,0.22,117.36,0.23,179.5,0.24,63.5,0.8,77.28,0.79,99.01,0.78,117.36,0.77,179.5,0.76,63.5,0.81,15.31,0.82,117.0,0.83,330.5,0.84,198.8,0.85,220.81,0.01,0.01,2370.641886,1776169249000
1776169251.013,51.013,0.19,15.31,0.18,117.0,0.17,330.5,0.16,198.8,0.15,220.81,0.2,77.28,0.21,99.01,0.22,117.36,0.23,179.5,0.24,63.5,0.8,77.28,0.79,99.01,0.78,117.36,0.77,179.5,0.76,63.5,0.81,15.31,0.82,117.0,0.83,330.5,0.84,198.8,0.85,220.81,0.01,0.01,2370.599881,1776169250000
1776169251.975,51.975,0.19,15.31,0.18,117.0,0.17,330.5,0.16,198.8,0.15,220.81,0.2,77.28,0.21,99.01,0.22,117.36,0.23,179.5,0.24,63.5,0.8,77.28,0.79,99.01,0.78,117.36,0.77,179.5,0.76,63.5,0.81,15.31,0.82,117.0,0.83,330.5,0.84,198.8,0.85,220.81,0.01,0.01,2370.582821,1776169251000
1776169252.76,52.76,0.18,35.0,0.17,320.0,0.16,80.0,0.15,171.81,0.14,127.9,0.19,209.78,0.2,84.18,0.21,55.01,0.22,53.5,0.23,34.5,0.8,77.28,0.79,99.01,0.78,117.36,0.77,179.5,0.76,63.5,0.81,15.31,0.82,117.0,0.83,330.5,0.84,198.8,0.85,220.81,0.01,0.01,2370.582821,1776169251000
1776169253.302,53.302,0.18,35.0,0.17,320.0,0.16,80.0,0.15,171.81,0.14,127.9,0.19,209.78,0.2,84.18,0.21,55.01,0.22,53.5,0.23,34.5,0.81,209.78,0.8,84.18,0.79,55.01,0.78,53.5,0.77,34.5,0.82,35.0,0.83,320.0,0.84,80.0,0.85,171.81,0.86,127.9,0.01,0.01,2370.557591,1776169252000
1776169254.405,54.405,0.18,35.0,0.17,320.0,0.16,80.0,0.15,171.81,0.14,127.9,0.19,209.78,0.2,84.18,0.21,55.01,0.22,53.5,0.23,34.5,0.81,209.78,0.8,84.18,0.79,55.01,0.78,53.5,0.77,34.5,0.82,35.0,0.83,320.0,0.84,80.0,0.85,171.81,0.86,127.9,0.01,0.01,2370.546549,1776169253000
1776169254.905,54.905,0.18,35.0,0.17,320.0,0.16,80.0,0.15,171.81,0.14,127.9,0.19,209.78,0.2,84.18,0.21,55.01,0.22,53.5,0.23,34.5,0.81,209.78,0.8,84.18,0.79,55.01,0.78,53.5,0.77,34.5,0.82,35.0,0.83,320.0,0.84,80.0,0.85,171.81,0.86,127.9,0.01,0.01,2370.545858,1776169254000
1776169255.27,55.27,0.17,225.94,0.16,75.0,0.15,164.81,0.14,156.4,0.13,175.8,0.18,295.0,0.19,93.5,0.2,67.68,0.21,55.01,0.22,58.5,0.81,209.78,0.8,84.18,0.79,55.01,0.78,53.5,0.77,34.5,0.82,35.0,0.83,320.0,0.84,80.0,0.85,171.81,0.86,127.9,0.01,0.01,2370.545858,1776169254000
1776169255.959,55.959,0.17,225.94,0.16,75.0,0.15,164.81,0.14,156.4,0.13,175.8,0.18,295.0,0.19,93.5,0.2,67.68,0.21,55.01,0.22,58.5,0.82,295.0,0.81,93.5,0.8,67.68,0.79,55.01,0.78,58.5,0.83,225.94,0.84,75.0,0.85,164.81,0.86,156.4,0.87,175.8,0.01,0.01,2370.540166,1776169255000
1776169257.004,57.004,0.17,225.94,0.16,75.0,0.15,164.81,0.14,156.4,0.13,175.8,0.18,295.0,0.19,93.5,0.2,67.68,0.21,55.01,0.22,58.5,0.82,295.0,0.81,93.5,0.8,67.68,0.79,55.01,0.78,58.5,0.83,225.94,0.84,75.0,0.85,164.81,0.86,156.4,0.87,175.8,0.01,0.01,2370.524126,1776169256000
1776169258.054,58.054,0.17,225.94,0.16,75.0,0.15,164.81,0.14,156.4,0.13,175.8,0.18,295.0,0.19,93.5,0.2,67.68,0.21,55.01,0.22,58.5,0.82,295.0,0.81,93.5,0.8,67.68,0.79,55.01,0.78,58.5,0.83,225.94,0.84,75.0,0.85,164.81,0.86,156.4,0.87,175.8,0.01,0.01,2370.526908,1776169257000
1776169259.133,59.133,0.17,225.94,0.16,75.0,0.15,164.81,0.14,156.4,0.13,175.8,0.18,295.0,0.19,93.5,0.2,67.68,0.21,55.01,0.22,58.5,0.82,295.0,0.81,93.5,0.8,67.68,0.79,55.01,0.78,58.5,0.83,225.94,0.84,75.0,0.85,164.81,0.86,156.4,0.87,175.8,0.01,0.01,2370.534499,1776169258000
1776169260.162,60.162,0.17,225.94,0.16,75.0,0.15,164.81,0.14,156.4,0.13,175.8,0.18,295.0,0.19,93.5,0.2,67.68,0.21,55.01,0.22,58.5,0.82,295.0,0.81,93.5,0.8,67.68,0.79,55.01,0.78,58.5,0.83,225.94,0.84,75.0,0.85,164.81,0.86,156.4,0.87,175.8,0.01,0.01,2370.515549,1776169259000
1776169261.334,61.334,0.17,225.94,0.16,75.0,0.15,164.81,0.14,156.4,0.13,175.8,0.18,295.0,0.19,93.5,0.2,67.68,0.21,55.01,0.22,58.5,0.82,295.0,0.81,93.5,0.8,67.68,0.79,55.01,0.78,58.5,0.83,225.94,0.84,75.0,0.85,164.81,0.86,156.4,0.87,175.8,0.01,0.01,2370.51293,1776169260000
1776169261.951,61.951,0.17,225.94,0.16,75.0,0.15,164.81,0.14,156.4,0.13,175.8,0.18,295.0,0.19,93.5,0.2,67.68,0.21,55.01,0.22,58.5,0.82,295.0,0.81,93.5,0.8,67.68,0.79,55.01,0.78,58.5,0.83,225.94,0.84,75.0,0.85,164.81,0.86,156.4,0.87,175.8,0.01,0.01,2370.539141,1776169261000
1776169263.109,63.109,0.17,225.94,0.16,75.0,0.15,164.81,0.14,156.4,0.13,175.8,0.18,295.0,0.19,93.5,0.2,67.68,0.21,55.01,0.22,58.5,0.82,295.0,0.81,93.5,0.8,67.68,0.79,55.01,0.78,58.5,0.83,225.94,0.84,75.0,0.85,164.81,0.86,156.4,0.87,175.8,0.01,0.01,2370.539827,1776169262000
1776169263.346,63.346,0.11,96.94,0.1,15.0,0.09,99.0,0.08,350.9,0.07,295.3,0.13,231.0,0.14,113.5,0.15,55.5,0.16,60.5,0.17,85.5,0.82,295.0,0.81,93.5,0.8,67.68,0.79,55.01,0.78,58.5,0.83,225.94,0.84,75.0,0.85,164.81,0.86,156.4,0.87,175.8,0.02,0.01,2370.539827,1776169262000
1776169264.114,64.114,0.11,96.94,0.1,15.0,0.09,99.0,0.08,350.9,0.07,295.3,0.13,231.0,0.14,113.5,0.15,55.5,0.16,60.5,0.17,85.5,0.87,231.0,0.86,113.5,0.85,55.5,0.84,60.5,0.83,85.5,0.89,96.94,0.9,15.0,0.91,99.0,0.92,350.9,0.93,295.3,0.02,0.02,2370.297689,1776169263000
1776169265.184,65.184,0.11,96.94,0.1,15.0,0.09,99.0,0.08,350.9,0.07,295.3,0.13,231.0,0.14,113.5,0.15,55.5,0.16,60.5,0.17,85.5,0.87,231.0,0.86,113.5,0.85,55.5,0.84,60.5,0.83,85.5,0.89,96.94,0.9,15.0,0.91,99.0,0.92,350.9,0.93,295.3,0.02,0.02,2369.971368,1776169264000
1776169265.72,65.72,0.1,15.0,0.09,50.0,0.08,212.0,0.07,187.3,0.06,511.8,0.12,638.9,0.13,306.5,0.14,190.5,0.15,155.5,0.16,235.5,0.87,231.0,0.86,113.5,0.85,55.5,0.84,60.5,0.83,85.5,0.89,96.94,0.9,15.0,0.91,99.0,0.92,350.9,0.93,295.3,0.02,0.02,2369.971368,1776169264000
1776169266.32,66.32,0.1,15.0,0.09,50.0,0.08,212.0,0.07,187.3,0.06,511.8,0.12,638.9,0.13,306.5,0.14,190.5,0.15,155.5,0.16,235.5,0.88,638.9,0.87,306.5,0.86,190.5,0.85,155.5,0.84,235.5,0.9,15.0,0.91,50.0,0.92,212.0,0.93,187.3,0.94,511.8,0.02,0.02,2369.839079,1776169265000
1776169267.035,67.035,0.1,2.02,0.08,205.0,0.07,266.3,0.06,478.8,0.05,355.8,0.11,366.43,0.12,358.68,0.13,307.5,0.14,185.5,0.15,185.5,0.88,638.9,0.87,306.5,0.86,190.5,0.85,155.5,0.84,235.5,0.9,15.0,0.91,50.0,0.92,212.0,0.93,187.3,0.94,511.8,0.01,0.02,2369.839079,1776169265000
1776169267.412,67.412,0.1,2.02,0.08,205.0,0.07,266.3,0.06,478.8,0.05,355.8,0.11,366.43,0.12,358.68,0.13,307.5,0.14,185.5,0.15,185.5,0.89,366.43,0.88,358.68,0.87,307.5,0.86,185.5,0.85,185.5,0.9,2.02,0.92,205.0,0.93,266.3,0.94,478.8,0.95,355.8,0.01,0.01,2369.754619,1776169266000
1776169268.33,68.33,0.1,2.02,0.08,205.0,0.07,266.3,0.06,478.8,0.05,355.8,0.11,366.43,0.12,358.68,0.13,307.5,0.14,185.5,0.15,185.5,0.89,366.43,0.88,358.68,0.87,307.5,0.86,185.5,0.85,185.5,0.9,2.02,0.92,205.0,0.93,266.3,0.94,478.8,0.95,355.8,0.01,0.01,2369.56612,1776169267000
1776169268.644,68.644,0.09,56.99,0.08,387.9,0.07,285.3,0.06,508.8,0.05,440.8,0.11,236.42,0.12,364.68,0.13,352.5,0.14,157.5,0.15,167.5,0.89,217.32,0.88,344.18,0.87,362.5,0.86,157.5,0.85,167.5,0.9,41.02,0.91,76.0,0.92,382.9,0.93,280.3,0.94,508.8,0.02,0.01,2369.56612,1776169267000
1776169268.907,68.907,0.09,85.21,0.08,387.9,0.07,285.3,0.06,508.8,0.05,440.8,0.1,179.0,0.11,226.42,0.12,336.68,0.13,362.5,0.14,157.5,0.89,236.42,0.88,364.68,0.87,352.5,0.86,157.5,0.85,167.5,0.91,56.99,0.92,387.9,0.93,285.3,0.94,508.8,0.95,440.8,0.01,0.02,2369.56612,1776169267000
1776169269.494,69.494,0.09,124.21,0.08,387.9,0.07,185.3,0.06,508.8,0.05,440.8,0.1,172.05,0.11,226.42,0.12,326.18,0.13,362.5,0.14,157.5,0.9,179.0,0.89,226.42,0.88,336.68,0.87,362.5,0.86,157.5,0.91,85.21,0.92,387.9,0.93,285.3,0.94,508.8,0.95,440.8,0.01,0.01,2369.577787,1776169268000
1776169270.118,70.118,0.09,124.21,0.08,387.9,0.07,185.3,0.06,508.8,0.05,440.8,0.1,172.05,0.11,226.42,0.12,326.18,0.13,362.5,0.14,157.5,0.9,172.05,0.89,226.42,0.88,326.18,0.87,362.5,0.86,157.5,0.91,124.21,0.92,387.9,0.93,185.3,0.94,508.8,0.95,440.8,0.01,0.01,2369.753072,1776169269000
1776169271.207,71.207,0.09,124.21,0.08,387.9,0.07,185.3,0.06,508.8,0.05,440.8,0.1,172.05,0.11,226.42,0.12,326.18,0.13,362.5,0.14,157.5,0.9,172.05,0.89,226.42,0.88,326.18,0.87,362.5,0.86,157.5,0.91,124.21,0.92,387.9,0.93,185.3,0.94,508.8,0.95,440.8,0.01,0.01,2369.821644,1776169270000
1776169271.877,71.877,0.09,85.21,0.08,380.9,0.07,402.3,0.06,515.8,0.05,440.8,0.11,127.82,0.12,269.9,0.13,259.5,0.14,50.5,0.15,65.5,0.9,24.0,0.89,226.42,0.88,362.9,0.87,359.5,0.86,157.5,0.91,98.21,0.92,380.9,0.93,192.3,0.94,515.8,0.95,440.8,0.02,0.01,2369.821644,1776169270000
1776169272.407,72.407,0.09,85.21,0.08,380.9,0.07,402.3,0.06,515.8,0.05,440.8,0.11,127.82,0.12,269.9,0.13,259.5,0.14,50.5,0.15,65.5,0.89,127.82,0.88,269.9,0.87,259.5,0.86,50.5,0.85,65.5,0.91,85.21,0.92,380.9,0.93,402.3,0.94,515.8,0.95,440.8,0.02,0.02,2369.821159,1776169271000
1776169272.712,72.712,0.08,119.68,0.07,272.0,0.06,519.8,0.05,499.8,0.04,303.8,0.09,170.72,0.1,134.5,0.11,113.82,0.12,193.68,0.13,230.5,0.89,127.82,0.88,269.9,0.87,259.5,0.86,50.5,0.85,65.5,0.91,85.21,0.92,380.9,0.93,402.3,0.94,515.8,0.95,440.8,0.01,0.02,2369.821159,1776169271000
1776169273.014,73.014,0.08,119.68,0.07,272.0,0.06,519.8,0.05,499.8,0.04,303.8,0.09,170.72,0.1,134.5,0.11,113.82,0.12,193.68,0.13,230.5,0.91,170.72,0.9,134.5,0.89,113.82,0.88,193.68,0.87,230.5,0.92,119.68,0.93,272.0,0.94,519.8,0.95,499.8,0.96,303.8,0.01,0.01,2369.823154,1776169272000
1776169274.273,74.273,0.08,119.68,0.07,272.0,0.06,519.8,0.05,499.8,0.04,303.8,0.09,170.72,0.1,134.5,0.11,113.82,0.12,193.68,0.13,230.5,0.91,170.72,0.9,134.5,0.89,113.82,0.88,193.68,0.87,230.5,0.92,119.68,0.93,272.0,0.94,519.8,0.95,499.8,0.96,303.8,0.01,0.01,2369.656342,1776169273000
1776169275.48,75.48,0.08,119.68,0.07,272.0,0.06,519.8,0.05,499.8,0.04,303.8,0.09,170.72,0.1,134.5,0.11,113.82,0.12,193.68,0.13,230.5,0.91,170.72,0.9,134.5,0.89,113.82,0.88,193.68,0.87,230.5,0.92,119.68,0.93,272.0,0.94,519.8,0.95,499.8,0.96,303.8,0.01,0.01,2369.368999,1776169274000
1776169276.095,76.095,0.08,103.68,0.07,277.0,0.06,516.8,0.05,504.8,0.04,316.8,0.09,132.88,0.1,87.0,0.11,115.82,0.12,198.68,0.13,230.5,0.91,132.88,0.9,87.0,0.89,115.82,0.88,198.68,0.87,230.5,0.92,103.68,0.93,277.0,0.94,516.8,0.95,504.8,0.96,316.8,0.01,0.01,2369.414257,1776169275000
1776169277.058,77.058,0.08,248.58,0.07,357.3,0.06,621.8,0.05,380.8,0.04,401.8,0.09,15.0,0.1,39.22,0.11,148.82,0.12,200.68,0.13,212.5,0.91,132.88,0.9,87.0,0.89,115.82,0.88,198.68,0.87,230.5,0.92,103.68,0.93,277.0,0.94,516.8,0.95,504.8,0.96,316.8,0.01,0.01,2369.414257,1776169275000
1776169277.332,77.332,0.08,248.58,0.07,357.3,0.06,621.8,0.05,380.8,0.04,401.8,0.09,15.0,0.1,39.22,0.11,148.82,0.12,200.68,0.13,212.5,0.91,15.0,0.9,39.22,0.89,148.82,0.88,200.68,0.87,212.5,0.92,248.58,0.93,357.3,0.94,621.8,0.95,380.8,0.96,401.8,0.01,0.01,2369.450234,1776169276000
1776169278.436,78.436,0.08,248.58,0.07,357.3,0.06,621.8,0.05,380.8,0.04,401.8,0.09,15.0,0.1,39.22,0.11,148.82,0.12,200.68,0.13,212.5,0.91,15.0,0.9,39.22,0.89,148.82,0.88,200.68,0.87,212.5,0.92,248.58,0.93,357.3,0.94,621.8,0.95,380.8,0.96,401.8,0.01,0.01,2369.597637,1776169277000
1776169279.005,79.005,0.08,248.58,0.07,357.3,0.06,621.8,0.05,380.8,0.04,401.8,0.09,15.0,0.1,39.22,0.11,148.82,0.12,200.68,0.13,212.5,0.91,15.0,0.9,39.22,0.89,148.82,0.88,200.68,0.87,212.5,0.92,248.58,0.93,357.3,0.94,621.8,0.95,380.8,0.96,401.8,0.01,0.01,2369.64157,1776169278000
1776169280.126,80.126,0.08,248.58,0.07,357.3,0.06,621.8,0.05,380.8,0.04,401.8,0.09,15.0,0.1,39.22,0.11,148.82,0.12,200.68,0.13,212.5,0.91,15.0,0.9,39.22,0.89,148.82,0.88,200.68,0.87,212.5,0.92,248.58,0.93,357.3,0.94,621.8,0.95,380.8,0.96,401.8,0.01,0.01,2369.688662,1776169279000
1776169281.358,81.358,0.08,248.58,0.07,357.3,0.06,621.8,0.05,380.8,0.04,401.8,0.09,15.0,0.1,39.22,0.11,148.82,0.12,200.68,0.13,212.5,0.91,15.0,0.9,39.22,0.89,148.82,0.88,200.68,0.87,212.5,0.92,248.58,0.93,357.3,0.94,621.8,0.95,380.8,0.96,401.8,0.01,0.01,2369.656355,1776169280000
1776169282.303,82.303,0.08,248.58,0.07,357.3,0.06,621.8,0.05,380.8,0.04,401.8,0.09,15.0,0.1,39.22,0.11,148.82,0.12,200.68,0.13,212.5,0.91,15.0,0.9,39.22,0.89,148.82,0.88,200.68,0.87,212.5,0.92,248.58,0.93,357.3,0.94,621.8,0.95,380.8,0.96,401.8,0.01,0.01,2369.649209,1776169281000
1776169283.517,83.517,0.08,248.58,0.07,357.3,0.06,621.8,0.05,380.8,0.04,401.8,0.09,15.0,0.1,39.22,0.11,148.82,0.12,200.68,0.13,212.5,0.91,15.0,0.9,39.22,0.89,148.82,0.88,200.68,0.87,212.5,0.92,248.58,0.93,357.3,0.94,621.8,0.95,380.8,0.96,401.8,0.01,0.01,2369.692875,1776169282000
1776169284.534,84.534,0.08,248.58,0.07,357.3,0.06,621.8,0.05,380.8,0.04,401.8,0.09,15.0,0.1,39.22,0.11,148.82,0.12,200.68,0.13,212.5,0.91,15.0,0.9,39.22,0.89,148.82,0.88,200.68,0.87,212.5,0.92,248.58,0.93,357.3,0.94,621.8,0.95,380.8,0.96,401.8,0.01,0.01,2369.73,1776169283000
1776169285.534,85.534,0.08,248.58,0.07,357.3,0.06,621.8,0.05,380.8,0.04,401.8,0.09,15.0,0.1,39.22,0.11,148.82,0.12,200.68,0.13,212.5,0.91,15.0,0.9,39.22,0.89,148.82,0.88,200.68,0.87,212.5,0.92,248.58,0.93,357.3,0.94,621.8,0.95,380.8,0.96,401.8,0.01,0.01,2369.668945,1776169284000
1776169286.002,86.002,0.08,251.48,0.07,414.3,0.06,540.8,0.05,380.8,0.04,408.08,0.09,34.29,0.1,42.22,0.11,151.1,0.12,219.68,0.13,192.5,0.91,34.29,0.9,42.22,0.89,151.1,0.88,219.68,0.87,192.5,0.92,251.48,0.93,414.3,0.94,540.8,0.95,380.8,0.96,408.08,0.01,0.01,2369.69325,1776169285000
1776169287.0,87.0,0.08,250.48,0.07,384.3,0.06,545.8,0.05,460.8,0.04,316.8,0.09,14.29,0.1,42.22,0.11,119.32,0.12,216.18,0.13,237.5,0.91,34.29,0.9,42.22,0.89,151.1,0.88,219.68,0.87,192.5,0.92,251.48,0.93,414.3,0.94,540.8,0.95,380.8,0.96,408.08,0.01,0.01,2369.69325,1776169285000
1776169287.361,87.361,0.08,255.48,0.07,384.3,0.06,545.8,0.05,380.8,0.04,396.8,0.1,15.08,0.11,119.32,0.12,216.18,0.13,237.5,0.14,50.5,0.91,14.29,0.9,42.22,0.89,119.32,0.88,216.18,0.87,237.5,0.92,250.48,0.93,384.3,0.94,545.8,0.95,460.8,0.96,316.8,0.02,0.01,2369.718851,1776169286000
1776169287.674,87.674,0.1,12.92,0.09,258.0,0.08,279.48,0.07,320.3,0.06,538.8,0.11,82.42,0.12,158.68,0.13,248.5,0.14,112.5,0.15,47.0,0.9,15.08,0.89,119.32,0.88,216.18,0.87,237.5,0.86,50.5,0.92,255.48,0.93,384.3,0.94,545.8,0.95,380.8,0.96,396.8,0.01,0.02,2369.718851,1776169286000
1776169288.059,88.059,0.1,122.92,0.09,199.0,0.08,272.48,0.07,327.3,0.06,545.8,0.11,31.96,0.12,195.68,0.13,258.72,0.14,82.5,0.15,40.0,0.89,31.96,0.88,195.68,0.87,258.72,0.86,82.5,0.85,40.0,0.9,122.92,0.91,199.0,0.92,272.48,0.93,327.3,0.94,545.8,0.01,0.01,2369.816726,1776169287000
1776169289.099,89.099,0.1,164.92,0.09,204.0,0.08,258.9,0.07,327.3,0.06,538.8,0.11,36.96,0.12,215.68,0.13,263.72,0.14,82.5,0.15,40.0,0.89,36.96,0.88,215.68,0.87,263.72,0.86,82.5,0.85,40.0,0.9,164.92,0.91,204.0,0.92,258.9,0.93,327.3,0.94,538.8,0.01,0.01,2369.935747,1776169288000
1776169290.089,90.089,0.1,169.92,0.09,192.0,0.08,283.9,0.07,327.3,0.06,538.8,0.11,32.86,0.12,224.68,0.13,263.72,0.14,57.5,0.15,40.0,0.89,32.86,0.88,224.68,0.87,263.72,0.86,57.5,0.85,40.0,0.9,169.92,0.91,192.0,0.92,283.9,0.93,327.3,0.94,538.8,0.01,0.01,2370.023599,1776169289000
1776169290.805,90.805,0.1,140.8,0.09,179.0,0.08,258.9,0.07,327.3,0.06,533.8,0.11,22.86,0.12,235.68,0.13,263.72,0.14,82.5,0.15,45.0,0.89,32.86,0.88,224.68,0.87,263.72,0.86,57.5,0.85,40.0,0.9,169.92,0.91,192.0,0.92,283.9,0.93,327.3,0.94,538.8,0.01,0.01,2370.023599,1776169289000
1776169291.03,91.03,0.1,140.8,0.09,179.0,0.08,258.9,0.07,327.3,0.06,533.8,0.11,22.86,0.12,235.68,0.13,263.72,0.14,82.5,0.15,45.0,0.89,22.86,0.88,235.68,0.87,263.72,0.86,82.5,0.85,45.0,0.9,140.8,0.91,179.0,0.92,258.9,0.93,327.3,0.94,533.8,0.01,0.01,2370.002837,1776169290000
1776169291.556,91.556,0.1,155.8,0.09,159.0,0.08,258.9,0.07,439.3,0.06,533.8,0.11,13.76,0.12,270.68,0.13,263.72,0.14,82.5,0.15,45.0,0.89,22.86,0.88,235.68,0.87,263.72,0.86,82.5,0.85,45.0,0.9,140.8,0.91,179.0,0.92,258.9,0.93,327.3,0.94,533.8,0.01,0.01,2370.002837,1776169290000
1776169292.087,92.087,0.1,155.8,0.09,159.0,0.08,258.9,0.07,439.3,0.06,533.8,0.11,13.76,0.12,270.68,0.13,263.72,0.14,82.5,0.15,45.0,0.89,13.76,0.88,270.68,0.87,263.72,0.86,82.5,0.85,45.0,0.9,155.8,0.91,159.0,0.92,258.9,0.93,439.3,0.94,533.8,0.01,0.01,2370.004454,1776169291000
1776169292.466,92.466,0.08,100.0,0.07,300.3,0.06,576.8,0.05,517.8,0.04,410.08,0.11,396.5,0.12,273.9,0.13,220.5,0.14,80.5,0.15,45.0,0.89,13.76,0.88,270.68,0.87,263.72,0.86,82.5,0.85,45.0,0.9,155.8,0.91,159.0,0.92,258.9,0.93,439.3,0.94,533.8,0.03,0.01,2370.004454,1776169291000
1776169292.88,92.88,0.07,295.3,0.06,508.8,0.05,517.8,0.04,608.08,0.03,572.7,0.08,94.36,0.09,145.72,0.1,67.5,0.11,80.5,0.12,210.68,0.89,396.5,0.88,273.9,0.87,220.5,0.86,80.5,0.85,45.0,0.92,100.0,0.93,300.3,0.94,576.8,0.95,517.8,0.96,410.08,0.01,0.03,2370.004454,1776169291000
1776169293.587,93.587,0.07,315.3,0.06,508.8,0.05,542.8,0.04,608.08,0.03,572.7,0.08,131.14,0.09,145.72,0.1,62.5,0.11,45.5,0.12,210.68,0.92,94.36,0.91,145.72,0.9,67.5,0.89,80.5,0.88,210.68,0.93,295.3,0.94,508.8,0.95,517.8,0.96,608.08,0.97,572.7,0.01,0.01,2370.009509,1776169292000
1776169294.173,94.173,0.07,315.3,0.06,508.8,0.05,542.8,0.04,608.08,0.03,572.7,0.08,131.14,0.09,145.72,0.1,62.5,0.11,45.5,0.12,210.68,0.92,131.14,0.91,145.72,0.9,62.5,0.89,45.5,0.88,210.68,0.93,315.3,0.94,508.8,0.95,542.8,0.96,608.08,0.97,572.7,0.01,0.01,2369.973026,1776169293000
1776169295.669,95.669,0.07,315.3,0.06,508.8,0.05,542.8,0.04,608.08,0.03,572.7,0.08,131.14,0.09,145.72,0.1,62.5,0.11,45.5,0.12,210.68,0.92,131.14,0.91,145.72,0.9,62.5,0.89,45.5,0.88,210.68,0.93,315.3,0.94,508.8,0.95,542.8,0.96,608.08,0.97,572.7,0.01,0.01,2369.71235,1776169294000
1776169296.163,96.163,0.07,315.3,0.06,508.8,0.05,542.8,0.04,608.08,0.03,572.7,0.08,131.14,0.09,145.72,0.1,62.5,0.11,45.5,0.12,210.68,0.92,131.14,0.91,145.72,0.9,62.5,0.89,45.5,0.88,210.68,0.93,315.3,0.94,508.8,0.95,542.8,0.96,608.08,0.97,572.7,0.01,0.01,2369.613231,1776169295000
1776169296.477,96.477,0.07,159.54,0.06,483.8,0.05,537.8,0.04,335.08,0.03,752.7,0.08,81.14,0.09,140.5,0.1,136.5,0.11,59.5,0.12,215.68,0.92,131.14,0.91,145.72,0.9,62.5,0.89,45.5,0.88,210.68,0.93,315.3,0.94,508.8,0.95,542.8,0.96,608.08,0.97,572.7,0.01,0.01,2369.613231,1776169295000
1776169297.152,97.152,0.07,159.54,0.06,483.8,0.05,537.8,0.04,335.08,0.03,752.7,0.08,81.14,0.09,140.5,0.1,136.5,0.11,59.5,0.12,215.68,0.92,81.14,0.91,140.5,0.9,136.5,0.89,59.5,0.88,215.68,0.93,159.54,0.94,483.8,0.95,537.8,0.96,335.08,0.97,752.7,0.01,0.01,2369.615415,1776169296000
1776169298.094,98.094,0.07,159.54,0.06,483.8,0.05,537.8,0.04,335.08,0.03,752.7,0.08,81.14,0.09,140.5,0.1,136.5,0.11,59.5,0.12,215.68,0.92,81.14,0.91,140.5,0.9,136.5,0.89,59.5,0.88,215.68,0.93,159.54,0.94,483.8,0.95,537.8,0.96,335.08,0.97,752.7,0.01,0.01,2369.707092,1776169297000
1776169298.423,98.423,0.07,51.24,0.06,453.8,0.05,433.8,0.04,525.8,0.03,657.7,0.08,208.64,0.09,128.72,0.1,62.5,0.11,70.5,0.12,274.78,0.92,81.14,0.91,140.5,0.9,136.5,0.89,59.5,0.88,215.68,0.93,159.54,0.94,483.8,0.95,537.8,0.96,335.08,0.97,752.7,0.01,0.01,2369.707092,1776169297000
1776169299.067,99.067,0.07,51.24,0.06,453.8,0.05,433.8,0.04,525.8,0.03,657.7,0.08,208.64,0.09,128.72,0.1,62.5,0.11,70.5,0.12,274.78,0.92,208.64,0.91,128.72,0.9,62.5,0.89,70.5,0.88,274.78,0.93,51.24,0.94,453.8,0.95,433.8,0.96,525.8,0.97,657.7,0.01,0.01,2369.707001,1776169298000
1776169300.007,100.007,0.07,51.24,0.06,453.8,0.05,433.8,0.04,525.8,0.03,657.7,0.08,208.64,0.09,128.72,0.1,62.5,0.11,70.5,0.12,274.78,0.92,208.64,0.91,128.72,0.9,62.5,0.89,70.5,0.88,274.78,0.93,51.24,0.94,453.8,0.95,433.8,0.96,525.8,0.97,657.7,0.01,0.01,2369.699834,1776169299000
1776169300.891,100.891,0.07,51.24,0.06,453.8,0.05,433.8,0.04,525.8,0.03,657.7,0.08,208.64,0.09,128.72,0.1,62.5,0.11,70.5,0.12,274.78,0.92,208.64,0.91,128.72,0.9,62.5,0.89,70.5,0.88,274.78,0.93,51.24,0.94,453.8,0.95,433.8,0.96,525.8,0.97,657.7,0.01,0.01,2369.60686,1776169300000
1776169301.925,101.925,0.07,51.24,0.06,453.8,0.05,433.8,0.04,525.8,0.03,657.7,0.08,208.64,0.09,128.72,0.1,62.5,0.11,70.5,0.12,274.78,0.92,208.64,0.91,128.72,0.9,62.5,0.89,70.5,0.88,274.78,0.93,51.24,0.94,453.8,0.95,433.8,0.96,525.8,0.97,657.7,0.01,0.01,2369.584092,1776169301000
1776169302.47,102.47,0.07,7.07,0.06,358.8,0.05,474.8,0.04,500.8,0.03,546.7,0.08,148.03,0.09,146.72,0.1,76.5,0.11,55.5,0.12,244.78,0.92,143.03,0.91,125.72,0.9,47.5,0.89,55.5,0.88,244.78,0.93,87.54,0.94,458.8,0.95,474.8,0.96,525.8,0.97,571.7,0.01,0.01,2369.584092,1776169301000
1776169303.345,103.345,0.07,7.07,0.06,358.8,0.05,474.8,0.04,500.8,0.03,546.7,0.08,148.03,0.09,146.72,0.1,76.5,0.11,55.5,0.12,244.78,0.92,148.03,0.91,146.72,0.9,76.5,0.89,55.5,0.88,244.78,0.93,7.07,0.94,358.8,0.95,474.8,0.96,500.8,0.97,546.7,0.01,0.01,2369.634156,1776169302000
1776169304.275,104.275,0.07,7.07,0.06,358.8,0.05,474.8,0.04,500.8,0.03,546.7,0.08,148.03,0.09,146.72,0.1,76.5,0.11,55.5,0.12,244.78,0.92,148.03,0.91,146.72,0.9,76.5,0.89,55.5,0.88,244.78,0.93,7.07,0.94,358.8,0.95,474.8,0.96,500.8,0.97,546.7,0.01,0.01,2369.644837,1776169303000
1776169305.205,105.205,0.07,7.07,0.06,358.8,0.05,474.8,0.04,500.8,0.03,546.7,0.08,148.03,0.09,146.72,0.1,76.5,0.11,55.5,0.12,244.78,0.92,148.03,0.91,146.72,0.9,76.5,0.89,55.5,0.88,244.78,0.93,7.07,0.94,358.8,0.95,474.8,0.96,500.8,0.97,546.7,0.01,0.01,2369.635336,1776169304000
1776169306.23,106.23,0.07,7.07,0.06,358.8,0.05,474.8,0.04,500.8,0.03,546.7,0.08,148.03,0.09,146.72,0.1,76.5,0.11,55.5,0.12,244.78,0.92,148.03,0.91,146.72,0.9,76.5,0.89,55.5,0.88,244.78,0.93,7.07,0.94,358.8,0.95,474.8,0.96,500.8,0.97,546.7,0.01,0.01,2369.64192,1776169305000
1776169307.13,107.13,0.07,7.07,0.06,358.8,0.05,474.8,0.04,500.8,0.03,546.7,0.08,148.03,0.09,146.72,0.1,76.5,0.11,55.5,0.12,244.78,0.92,148.03,0.91,146.72,0.9,76.5,0.89,55.5,0.88,244.78,0.93,7.07,0.94,358.8,0.95,474.8,0.96,500.8,0.97,546.7,0.01,0.01,2369.641208,1776169306000
1776169307.689,107.689,0.07,19.08,0.06,358.8,0.05,374.8,0.04,500.8,0.03,647.98,0.08,174.64,0.09,160.72,0.1,62.5,0.11,92.29,0.12,249.78,0.92,148.03,0.91,146.72,0.9,76.5,0.89,55.5,0.88,244.78,0.93,7.07,0.94,358.8,0.95,474.8,0.96,500.8,0.97,546.7,0.01,0.01,2369.641208,1776169306000
1776169308.063,108.063,0.07,19.08,0.06,358.8,0.05,374.8,0.04,500.8,0.03,647.98,0.08,174.64,0.09,160.72,0.1,62.5,0.11,92.29,0.12,249.78,0.92,174.64,0.91,160.72,0.9,62.5,0.89,92.29,0.88,249.78,0.93,19.08,0.94,358.8,0.95,374.8,0.96,500.8,0.97,647.98,0.01,0.01,2369.637767,1776169307000
1776169309.172,109.172,0.07,19.08,0.06,358.8,0.05,374.8,0.04,500.8,0.03,647.98,0.08,174.64,0.09,160.72,0.1,62.5,0.11,92.29,0.12,249.78,0.92,174.64,0.91,160.72,0.9,62.5,0.89,92.29,0.88,249.78,0.93,19.08,0.94,358.8,0.95,374.8,0.96,500.8,0.97,647.98,0.01,0.01,2369.648006,1776169308000
1776169310.218,110.218,0.06,352.46,0.05,369.8,0.04,505.8,0.03,647.98,0.02,1262.7,0.08,272.28,0.09,150.72,0.1,72.5,0.11,92.29,0.12,249.78,0.92,174.64,0.91,160.72,0.9,62.5,0.89,92.29,0.88,249.78,0.93,19.08,0.94,358.8,0.95,374.8,0.96,500.8,0.97,647.98,0.02,0.01,2369.648006,1776169308000
1776169310.623,110.623,0.06,352.46,0.05,369.8,0.04,505.8,0.03,647.98,0.02,1262.7,0.08,272.28,0.09,150.72,0.1,72.5,0.11,92.29,0.12,249.78,0.92,272.28,0.91,150.72,0.9,72.5,0.89,92.29,0.88,249.78,0.94,352.46,0.95,369.8,0.96,505.8,0.97,647.98,0.98,1262.7,0.02,0.02,2369.657884,1776169309000
1776169311.103,111.103,0.07,128.0,0.06,570.46,0.05,362.8,0.04,296.8,0.03,672.98,0.08,97.28,0.1,90.0,0.11,121.5,0.12,222.68,0.13,227.3,0.92,272.28,0.91,150.72,0.9,72.5,0.89,92.29,0.88,249.78,0.94,352.46,0.95,369.8,0.96,505.8,0.97,647.98,0.98,1262.7,0.01,0.02,2369.657884,1776169309000
1776169311.371,111.371,0.07,188.3,0.06,575.46,0.05,362.8,0.04,296.8,0.03,672.98,0.08,63.28,0.1,113.78,0.11,121.5,0.12,217.68,0.13,227.3,0.92,63.28,0.9,113.78,0.89,121.5,0.88,217.68,0.87,227.3,0.93,188.3,0.94,575.46,0.95,362.8,0.96,296.8,0.97,672.98,0.01,0.01,2369.664878,1776169310000
1776169311.986,111.986,0.07,188.3,0.06,575.46,0.05,362.8,0.04,296.8,0.03,672.98,0.08,63.28,0.1,113.78,0.11,121.5,0.12,217.68,0.13,227.3,0.92,63.28,0.9,113.78,0.89,121.5,0.88,217.68,0.87,227.3,0.93,188.3,0.94,575.46,0.95,362.8,0.96,296.8,0.97,672.98,0.01,0.01,2369.648052,1776169311000
1776169312.425,112.425,0.07,387.3,0.06,627.46,0.05,380.8,0.04,328.08,0.03,666.7,0.08,30.15,0.11,72.5,0.12,290.68,0.13,212.5,0.14,40.0,0.92,63.28,0.9,113.78,0.89,121.5,0.88,217.68,0.87,227.3,0.93,188.3,0.94,575.46,0.95,362.8,0.96,296.8,0.97,672.98,0.01,0.01,2369.648052,1776169311000
1776169312.738,112.738,0.07,767.3,0.06,702.46,0.05,460.8,0.04,316.8,0.03,566.7,0.12,160.18,0.13,150.0,0.14,47.0,0.15,77.0,0.16,100.0,0.92,30.15,0.89,72.5,0.88,290.68,0.87,212.5,0.86,40.0,0.93,387.3,0.94,627.46,0.95,380.8,0.96,328.08,0.97,666.7,0.05,0.01,2369.648052,1776169311000
1776169313.232,113.232,0.07,772.3,0.06,702.46,0.05,460.8,0.04,316.8,0.03,566.7,0.12,140.18,0.13,150.0,0.14,47.0,0.15,77.0,0.16,100.0,0.88,140.18,0.87,150.0,0.86,47.0,0.85,77.0,0.84,100.0,0.93,772.3,0.94,702.46,0.95,460.8,0.96,316.8,0.97,566.7,0.05,0.05,2369.737026,1776169312000
1776169314.482,114.482,0.07,772.3,0.06,702.46,0.05,460.8,0.04,316.8,0.03,566.7,0.12,140.18,0.13,150.0,0.14,47.0,0.15,77.0,0.16,100.0,0.88,140.18,0.87,150.0,0.86,47.0,0.85,77.0,0.84,100.0,0.93,772.3,0.94,702.46,0.95,460.8,0.96,316.8,0.97,566.7,0.05,0.05,2370.0366,1776169313000
1776169315.172,115.172,0.07,772.3,0.06,702.46,0.05,460.8,0.04,316.8,0.03,566.7,0.12,140.18,0.13,150.0,0.14,47.0,0.15,77.0,0.16,100.0,0.88,140.18,0.87,150.0,0.86,47.0,0.85,77.0,0.84,100.0,0.93,772.3,0.94,702.46,0.95,460.8,0.96,316.8,0.97,566.7,0.05,0.05,2370.213864,1776169314000
1776169316.49,116.49,0.07,772.3,0.06,702.46,0.05,460.8,0.04,316.8,0.03,566.7,0.12,140.18,0.13,150.0,0.14,47.0,0.15,77.0,0.16,100.0,0.88,140.18,0.87,150.0,0.86,47.0,0.85,77.0,0.84,100.0,0.93,772.3,0.94,702.46,0.95,460.8,0.96,316.8,0.97,566.7,0.05,0.05,2370.296914,1776169315000
1776169316.978,116.978,0.07,772.3,0.06,702.46,0.05,460.8,0.04,316.8,0.03,566.7,0.12,140.18,0.13,150.0,0.14,47.0,0.15,77.0,0.16,100.0,0.88,140.18,0.87,150.0,0.86,47.0,0.85,77.0,0.84,100.0,0.93,772.3,0.94,702.46,0.95,460.8,0.96,316.8,0.97,566.7,0.05,0.05,2370.296934,1776169316000
1776169318.258,118.258,0.07,772.3,0.06,702.46,0.05,460.8,0.04,316.8,0.03,566.7,0.12,140.18,0.13,150.0,0.14,47.0,0.15,77.0,0.16,100.0,0.88,140.18,0.87,150.0,0.86,47.0,0.85,77.0,0.84,100.0,0.93,772.3,0.94,702.46,0.95,460.8,0.96,316.8,0.97,566.7,0.05,0.05,2370.2867,1776169317000
1776169319.503,119.503,0.07,772.3,0.06,702.46,0.05,460.8,0.04,316.8,0.03,566.7,0.12,140.18,0.13,150.0,0.14,47.0,0.15,77.0,0.16,100.0,0.88,140.18,0.87,150.0,0.86,47.0,0.85,77.0,0.84,100.0,0.93,772.3,0.94,702.46,0.95,460.8,0.96,316.8,0.97,566.7,0.05,0.05,2370.289856,1776169318000
1776169320.257,120.257,0.07,772.3,0.06,702.46,0.05,460.8,0.04,316.8,0.03,566.7,0.12,140.18,0.13,150.0,0.14,47.0,0.15,77.0,0.16,100.0,0.88,140.18,0.87,150.0,0.86,47.0,0.85,77.0,0.84,100.0,0.93,772.3,0.94,702.46,0.95,460.8,0.96,316.8,0.97,566.7,0.05,0.05,2370.331404,1776169319000
1776169321.253,121.253,0.1,80.0,0.09,100.0,0.08,132.5,0.07,210.3,0.06,648.46,0.11,36.5,0.12,462.68,0.13,223.72,0.14,55.5,0.15,45.0,0.88,140.18,0.87,150.0,0.86,47.0,0.85,77.0,0.84,100.0,0.93,772.3,0.94,702.46,0.95,460.8,0.96,316.8,0.97,566.7,0.01,0.05,2370.331404,1776169319000
1776169321.541,121.541,0.1,21.0,0.09,100.0,0.08,132.5,0.07,210.3,0.06,648.46,0.11,84.5,0.12,368.68,0.13,218.72,0.14,80.5,0.15,45.0,0.89,84.5,0.88,368.68,0.87,218.72,0.86,80.5,0.85,45.0,0.9,21.0,0.91,100.0,0.92,132.5,0.93,210.3,0.94,648.46,0.01,0.01,2370.338603,1776169320000
1776169322.17,122.17,0.1,21.0,0.09,100.0,0.08,132.5,0.07,210.3,0.06,648.46,0.11,84.5,0.12,368.68,0.13,218.72,0.14,80.5,0.15,45.0,0.89,84.5,0.88,368.68,0.87,218.72,0.86,80.5,0.85,45.0,0.9,21.0,0.91,100.0,0.92,132.5,0.93,210.3,0.94,648.46,0.01,0.01,2370.340896,1776169321000
1776169323.056,123.056,0.08,6.73,0.07,70.3,0.06,471.46,0.05,439.8,0.04,294.08,0.09,146.5,0.1,217.72,0.11,151.5,0.12,275.68,0.13,290.5,0.89,84.5,0.88,368.68,0.87,218.72,0.86,80.5,0.85,45.0,0.9,21.0,0.91,100.0,0.92,132.5,0.93,210.3,0.94,648.46,0.01,0.01,2370.340896,1776169321000
1776169323.368,123.368,0.08,6.73,0.07,70.3,0.06,471.46,0.05,439.8,0.04,294.08,0.09,146.5,0.1,217.72,0.11,151.5,0.12,275.68,0.13,290.5,0.91,146.5,0.9,217.72,0.89,151.5,0.88,275.68,0.87,290.5,0.92,6.73,0.93,70.3,0.94,471.46,0.95,439.8,0.96,294.08,0.01,0.01,2370.215765,1776169322000
1776169324.095,124.095,0.08,298.63,0.07,211.3,0.06,432.46,0.05,285.8,0.04,289.3,0.09,55.52,0.12,260.68,0.13,265.5,0.14,204.28,0.15,206.0,0.91,146.5,0.9,217.72,0.89,151.5,0.88,275.68,0.87,290.5,0.92,6.73,0.93,70.3,0.94,471.46,0.95,439.8,0.96,294.08,0.01,0.01,2370.215765,1776169322000
1776169324.345,124.345,0.11,55.35,0.1,35.0,0.09,100.0,0.08,226.63,0.07,106.3,0.12,165.68,0.13,175.5,0.14,204.28,0.15,181.0,0.16,120.0,0.88,160.68,0.87,175.5,0.86,204.28,0.85,181.0,0.84,120.0,0.89,22.48,0.92,298.63,0.93,211.3,0.94,432.46,0.95,285.8,0.01,0.01,2370.085609,1776169323000
1776169324.755,124.755,0.11,69.22,0.1,40.0,0.09,149.0,0.08,196.63,0.07,106.3,0.12,175.68,0.13,180.5,0.14,204.28,0.15,181.0,0.16,120.0,0.88,165.68,0.87,175.5,0.86,204.28,0.85,181.0,0.84,120.0,0.89,55.35,0.9,35.0,0.91,100.0,0.92,226.63,0.93,106.3,0.01,0.01,2370.085609,1776169323000
1776169324.976,124.976,0.11,114.89,0.1,80.0,0.09,149.0,0.08,196.63,0.07,106.3,0.12,180.68,0.13,180.5,0.14,204.28,0.15,181.0,0.16,120.0,0.88,175.68,0.87,180.5,0.86,204.28,0.85,181.0,0.84,120.0,0.89,69.22,0.9,40.0,0.91,149.0,0.92,196.63,0.93,106.3,0.01,0.01,2370.085609,1776169323000
1776169325.279,125.279,0.11,103.58,0.1,80.0,0.09,149.0,0.08,196.63,0.07,106.3,0.12,185.68,0.13,180.5,0.14,204.28,0.15,181.0,0.16,120.0,0.88,185.68,0.87,180.5,0.86,204.28,0.85,181.0,0.84,120.0,0.89,103.58,0.9,80.0,0.91,149.0,0.92,196.63,0.93,106.3,0.01,0.01,2369.97644,1776169324000
1776169326.292,126.292,0.11,119.66,0.1,80.0,0.09,149.0,0.08,196.63,0.07,106.3,0.12,170.18,0.13,180.5,0.14,188.5,0.15,181.0,0.16,120.0,0.88,170.18,0.87,180.5,0.86,188.5,0.85,181.0,0.84,120.0,0.89,119.66,0.9,80.0,0.91,149.0,0.92,196.63,0.93,106.3,0.01,0.01,2370.202933,1776169325000
1776169326.566,126.566,0.11,69.66,0.1,80.0,0.09,118.12,0.08,196.63,0.07,106.3,0.12,103.18,0.13,207.49,0.14,193.72,0.15,134.0,0.16,120.0,0.88,170.18,0.87,180.5,0.86,188.5,0.85,181.0,0.84,120.0,0.89,119.66,0.9,80.0,0.91,149.0,0.92,196.63,0.93,106.3,0.01,0.01,2370.202933,1776169325000
1776169327.327,127.327,0.11,69.66,0.1,80.0,0.09,118.12,0.08,196.63,0.07,106.3,0.12,103.18,0.13,207.49,0.14,193.72,0.15,134.0,0.16,120.0,0.88,103.18,0.87,207.49,0.86,193.72,0.85,134.0,0.84,120.0,0.89,69.66,0.9,80.0,0.91,118.12,0.92,196.63,0.93,106.3,0.01,0.01,2370.335733,1776169326000
1776169327.934,127.934,0.11,68.53,0.1,55.0,0.09,118.12,0.08,191.63,0.07,111.3,0.12,199.19,0.13,81.5,0.14,183.72,0.15,204.0,0.16,215.0,0.88,103.18,0.87,207.49,0.86,193.72,0.85,134.0,0.84,120.0,0.89,69.66,0.9,80.0,0.91,118.12,0.92,196.63,0.93,106.3,0.01,0.01,2370.335733,1776169326000
1776169328.35,128.35,0.11,68.53,0.1,55.0,0.09,118.12,0.08,191.63,0.07,111.3,0.12,199.19,0.13,81.5,0.14,183.72,0.15,204.0,0.16,215.0,0.88,199.19,0.87,81.5,0.86,183.72,0.85,204.0,0.84,215.0,0.89,68.53,0.9,55.0,0.91,118.12,0.92,191.63,0.93,111.3,0.01,0.01,2370.348232,1776169327000
1776169328.702,128.702,0.09,11.12,0.08,65.63,0.07,128.3,0.06,562.46,0.05,291.8,0.12,476.19,0.13,235.72,0.14,175.5,0.15,215.0,0.16,245.0,0.88,199.19,0.87,81.5,0.86,183.72,0.85,204.0,0.84,215.0,0.89,68.53,0.9,55.0,0.91,118.12,0.92,191.63,0.93,111.3,0.03,0.01,2370.348232,1776169327000
1776169328.902,128.902,0.09,5.63,0.08,65.63,0.07,128.3,0.06,562.46,0.05,291.8,0.1,155.5,0.11,238.54,0.12,287.5,0.13,160.5,0.14,180.5,0.9,155.5,0.89,238.54,0.88,287.5,0.87,160.5,0.86,180.5,0.91,5.63,0.92,65.63,0.93,128.3,0.94,562.46,0.95,291.8,0.01,0.01,2370.348232,1776169328000
1776169329.931,129.931,0.09,5.63,0.08,65.63,0.07,128.3,0.06,562.46,0.05,291.8,0.1,155.5,0.11,238.54,0.12,287.5,0.13,160.5,0.14,180.5,0.9,155.5,0.89,238.54,0.88,287.5,0.87,160.5,0.86,180.5,0.91,5.63,0.92,65.63,0.93,128.3,0.94,562.46,0.95,291.8,0.01,0.01,2370.347787,1776169329000
1776169330.206,130.206,0.09,15.98,0.08,65.63,0.07,158.3,0.06,562.46,0.05,291.8,0.1,50.5,0.11,200.5,0.12,262.5,0.13,135.5,0.14,180.5,0.9,155.5,0.89,238.54,0.88,287.5,0.87,160.5,0.86,180.5,0.91,5.63,0.92,65.63,0.93,128.3,0.94,562.46,0.95,291.8,0.01,0.01,2370.347787,1776169329000
1776169330.987,130.987,0.09,15.98,0.08,65.63,0.07,158.3,0.06,562.46,0.05,291.8,0.1,50.5,0.11,200.5,0.12,262.5,0.13,135.5,0.14,180.5,0.9,50.5,0.89,200.5,0.88,262.5,0.87,135.5,0.86,180.5,0.91,15.98,0.92,65.63,0.93,158.3,0.94,562.46,0.95,291.8,0.01,0.01,2370.231263,1776169330000
1776169331.991,131.991,0.09,15.98,0.08,65.63,0.07,158.3,0.06,562.46,0.05,291.8,0.1,50.5,0.11,200.5,0.12,262.5,0.13,135.5,0.14,180.5,0.9,50.5,0.89,200.5,0.88,262.5,0.87,135.5,0.86,180.5,0.91,15.98,0.92,65.63,0.93,158.3,0.94,562.46,0.95,291.8,0.01,0.01,2370.21098,1776169331000
1776169333.009,133.009,0.09,15.98,0.08,65.63,0.07,158.3,0.06,562.46,0.05,291.8,0.1,50.5,0.11,200.5,0.12,262.5,0.13,135.5,0.14,180.5,0.9,50.5,0.89,200.5,0.88,262.5,0.87,135.5,0.86,180.5,0.91,15.98,0.92,65.63,0.93,158.3,0.94,562.46,0.95,291.8,0.01,0.01,2370.192705,1776169332000
1776169334.047,134.047,0.09,15.98,0.08,65.63,0.07,158.3,0.06,562.46,0.05,291.8,0.1,50.5,0.11,200.5,0.12,262.5,0.13,135.5,0.14,180.5,0.9,50.5,0.89,200.5,0.88,262.5,0.87,135.5,0.86,180.5,0.91,15.98,0.92,65.63,0.93,158.3,0.94,562.46,0.95,291.8,0.01,0.01,2370.210362,1776169333000
1776169335.087,135.087,0.09,15.98,0.08,65.63,0.07,158.3,0.06,562.46,0.05,291.8,0.1,50.5,0.11,200.5,0.12,262.5,0.13,135.5,0.14,180.5,0.9,50.5,0.89,200.5,0.88,262.5,0.87,135.5,0.86,180.5,0.91,15.98,0.92,65.63,0.93,158.3,0.94,562.46,0.95,291.8,0.01,0.01,2370.213309,1776169334000
1776169335.942,135.942,0.08,6.73,0.07,5.0,0.06,352.46,0.05,374.8,0.04,355.3,0.1,533.05,0.11,294.5,0.12,286.6,0.13,192.3,0.14,215.4,0.9,50.5,0.89,200.5,0.88,262.5,0.87,135.5,0.86,180.5,0.91,15.98,0.92,65.63,0.93,158.3,0.94,562.46,0.95,291.8,0.02,0.01,2370.213309,1776169334000
1776169336.171,136.171,0.08,6.73,0.07,5.0,0.06,352.46,0.05,374.8,0.04,355.3,0.1,533.05,0.11,294.5,0.12,286.6,0.13,192.3,0.14,215.4,0.9,533.05,0.89,294.5,0.88,286.6,0.87,192.3,0.86,215.4,0.92,6.73,0.93,5.0,0.94,352.46,0.95,374.8,0.96,355.3,0.02,0.02,2370.187396,1776169335000
1776169337.278,137.278,0.07,57.0,0.06,377.0,0.05,404.8,0.04,184.3,0.03,477.98,0.08,122.77,0.09,306.28,0.1,259.05,0.11,236.5,0.12,302.6,0.92,27.27,0.91,397.5,0.9,305.05,0.89,220.5,0.88,296.6,0.93,5.0,0.94,290.0,0.95,261.8,0.96,361.3,0.97,452.7,0.01,0.01,2370.187396,1776169335000
1776169337.637,137.637,0.07,41.35,0.06,440.8,0.05,404.8,0.04,184.3,0.03,477.98,0.08,157.77,0.09,311.28,0.1,269.05,0.11,226.5,0.12,302.6,0.92,122.77,0.91,306.28,0.9,259.05,0.89,236.5,0.88,302.6,0.93,57.0,0.94,377.0,0.95,404.8,0.96,184.3,0.97,477.98,0.01,0.01,2370.187396,1776169335000
1776169338.334,138.334,0.07,23.27,0.06,434.8,0.05,404.8,0.04,184.3,0.03,477.98,0.08,132.77,0.09,264.5,0.1,269.05,0.11,263.29,0.12,302.6,0.92,157.77,0.91,311.28,0.9,269.05,0.89,226.5,0.88,302.6,0.93,41.35,0.94,440.8,0.95,404.8,0.96,184.3,0.97,477.98,0.01,0.01,2370.17712,1776169336000
1776169339.382,139.382,0.07,23.27,0.06,434.8,0.05,404.8,0.04,184.3,0.03,477.98,0.08,132.77,0.09,264.5,0.1,269.05,0.11,263.29,0.12,302.6,0.92,132.77,0.91,264.5,0.9,269.05,0.89,263.29,0.88,302.6,0.93,23.27,0.94,434.8,0.95,404.8,0.96,184.3,0.97,477.98,0.01,0.01,2369.943133,1776169338000
1776169339.936,139.936,0.07,23.27,0.06,434.8,0.05,404.8,0.04,184.3,0.03,477.98,0.08,132.77,0.09,264.5,0.1,269.05,0.11,263.29,0.12,302.6,0.92,132.77,0.91,264.5,0.9,269.05,0.89,263.29,0.88,302.6,0.93,23.27,0.94,434.8,0.95,404.8,0.96,184.3,0.97,477.98,0.01,0.01,2369.958615,1776169339000
1776169340.915,140.915,0.07,22.19,0.06,423.8,0.05,404.8,0.04,159.3,0.03,471.7,0.08,152.86,0.09,261.5,0.1,269.05,0.11,263.29,0.12,296.6,0.92,132.77,0.91,264.5,0.9,269.05,0.89,263.29,0.88,302.6,0.93,23.27,0.94,434.8,0.95,404.8,0.96,184.3,0.97,477.98,0.01,0.01,2369.958615,1776169339000
1776169341.477,141.477,0.07,9.3,0.06,353.8,0.05,327.8,0.04,364.3,0.03,483.98,0.08,205.95,0.09,320.5,0.1,222.05,0.11,257.29,0.12,296.6,0.92,152.86,0.91,261.5,0.9,269.05,0.89,263.29,0.88,296.6,0.93,22.19,0.94,423.8,0.95,404.8,0.96,159.3,0.97,471.7,0.01,0.01,2369.960785,1776169340000
1776169342.162,142.162,0.07,9.3,0.06,353.8,0.05,327.8,0.04,364.3,0.03,483.98,0.08,205.95,0.09,320.5,0.1,222.05,0.11,257.29,0.12,296.6,0.92,205.95,0.91,320.5,0.9,222.05,0.89,257.29,0.88,296.6,0.93,9.3,0.94,353.8,0.95,327.8,0.96,364.3,0.97,483.98,0.01,0.01,2369.951062,1776169341000
1776169343.223,143.223,0.07,9.3,0.06,353.8,0.05,327.8,0.04,364.3,0.03,483.98,0.08,205.95,0.09,320.5,0.1,222.05,0.11,257.29,0.12,296.6,0.92,205.95,0.91,320.5,0.9,222.05,0.89,257.29,0.88,296.6,0.93,9.3,0.94,353.8,0.95,327.8,0.96,364.3,0.97,483.98,0.01,0.01,2369.945788,1776169342000
1776169344.003,144.003,0.07,15.0,0.06,290.0,0.05,293.8,0.04,364.3,0.03,471.7,0.08,125.95,0.09,314.5,0.1,222.05,0.11,257.29,0.12,296.6,0.92,205.95,0.91,320.5,0.9,222.05,0.89,257.29,0.88,296.6,0.93,9.3,0.94,353.8,0.95,327.8,0.96,364.3,0.97,483.98,0.01,0.01,2369.945788,1776169342000
1776169344.382,144.382,0.07,10.0,0.06,390.0,0.05,382.8,0.04,464.3,0.03,571.7,0.08,123.68,0.09,214.5,0.1,162.05,0.11,157.29,0.12,196.6,0.92,123.68,0.91,214.5,0.9,162.05,0.89,157.29,0.88,196.6,0.93,10.0,0.94,390.0,0.95,382.8,0.96,464.3,0.97,571.7,0.01,0.01,2369.919051,1776169343000
1776169344.757,144.757,0.07,16.92,0.06,390.0,0.05,394.8,0.04,464.3,0.03,577.98,0.08,123.68,0.09,209.5,0.1,162.05,0.11,157.29,0.12,226.6,0.92,123.68,0.91,214.5,0.9,162.05,0.89,157.29,0.88,196.6,0.93,20.92,0.94,390.0,0.95,394.8,0.96,464.3,0.97,577.98,0.01,0.01,2369.919051,1776169343000
1776169345.087,145.087,0.07,7.92,0.06,390.0,0.05,407.8,0.04,464.3,0.03,577.98,0.08,213.92,0.09,209.5,0.1,162.05,0.11,157.29,0.12,226.6,0.92,218.92,0.91,209.5,0.9,162.05,0.89,157.29,0.88,226.6,0.93,12.92,0.94,390.0,0.95,407.8,0.96,464.3,0.97,577.98,0.01,0.01,2369.897341,1776169344000
1776169345.574,145.574,0.06,329.0,0.05,386.8,0.04,464.3,0.03,577.98,0.02,1302.7,0.08,142.81,0.09,219.5,0.1,162.05,0.11,157.29,0.12,226.6,0.92,213.92,0.91,209.5,0.9,162.05,0.89,157.29,0.88,226.6,0.93,7.92,0.94,390.0,0.95,407.8,0.96,464.3,0.97,577.98,0.02,0.01,2369.897341,1776169344000
1776169345.776,145.776,0.07,20.95,0.06,290.0,0.05,424.14,0.04,464.3,0.03,577.98,0.08,177.31,0.09,196.5,0.1,162.05,0.11,157.29,0.12,226.6,0.92,142.81,0.91,219.5,0.9,162.05,0.89,157.29,0.88,226.6,0.94,329.0,0.95,386.8,0.96,464.3,0.97,577.98,0.98,1302.7,0.01,0.02,2369.897341,1776169344000
1776169346.069,146.069,0.07,20.95,0.06,290.0,0.05,424.14,0.04,464.3,0.03,577.98,0.08,177.31,0.09,196.5,0.1,162.05,0.11,157.29,0.12,226.6,0.92,177.31,0.91,196.5,0.9,162.05,0.89,157.29,0.88,226.6,0.93,20.95,0.94,290.0,0.95,424.14,0.96,464.3,0.97,577.98,0.01,0.01,2369.903587,1776169345000
1776169346.362,146.362,0.07,41.87,0.06,290.0,0.05,408.8,0.04,464.3,0.03,571.7,0.08,178.4,0.09,210.5,0.1,162.05,0.11,157.29,0.12,226.6,0.92,177.31,0.91,196.5,0.9,162.05,0.89,157.29,0.88,226.6,0.93,20.95,0.94,290.0,0.95,424.14,0.96,464.3,0.97,577.98,0.01,0.01,2369.903587,1776169345000
1776169347.099,147.099,0.07,41.87,0.06,290.0,0.05,408.8,0.04,464.3,0.03,571.7,0.08,178.4,0.09,210.5,0.1,162.05,0.11,157.29,0.12,226.6,0.92,178.4,0.91,210.5,0.9,162.05,0.89,157.29,0.88,226.6,0.93,41.87,0.94,290.0,0.95,408.8,0.96,464.3,0.97,571.7,0.01,0.01,2369.903844,1776169346000
1776169348.318,148.318,0.07,41.87,0.06,290.0,0.05,408.8,0.04,464.3,0.03,571.7,0.08,178.4,0.09,210.5,0.1,162.05,0.11,157.29,0.12,226.6,0.92,178.4,0.91,210.5,0.9,162.05,0.89,157.29,0.88,226.6,0.93,41.87,0.94,290.0,0.95,408.8,0.96,464.3,0.97,571.7,0.01,0.01,2369.904832,1776169347000
1776169349.332,149.332,0.07,19.87,0.06,190.0,0.05,426.8,0.04,464.3,0.03,541.7,0.08,206.55,0.09,231.5,0.1,96.5,0.11,157.29,0.12,231.6,0.92,178.4,0.91,210.5,0.9,162.05,0.89,157.29,0.88,226.6,0.93,41.87,0.94,290.0,0.95,408.8,0.96,464.3,0.97,571.7,0.01,0.01,2369.904832,1776169347000
1776169349.682,149.682,0.07,19.87,0.06,190.0,0.05,426.8,0.04,464.3,0.03,541.7,0.08,206.55,0.09,231.5,0.1,96.5,0.11,157.29,0.12,231.6,0.92,206.55,0.91,231.5,0.9,96.5,0.89,157.29,0.88,231.6,0.93,19.87,0.94,190.0,0.95,426.8,0.96,464.3,0.97,541.7,0.01,0.01,2369.904872,1776169348000
1776169349.9,149.9,0.07,12.84,0.06,190.0,0.05,426.8,0.04,464.3,0.03,541.7,0.08,206.55,0.09,231.5,0.1,96.5,0.11,157.29,0.12,231.6,0.92,206.55,0.91,231.5,0.9,96.5,0.89,157.29,0.88,231.6,0.93,19.87,0.94,190.0,0.95,426.8,0.96,464.3,0.97,541.7,0.01,0.01,2369.904872,1776169348000
1776169350.137,150.137,0.07,12.84,0.06,190.0,0.05,426.8,0.04,464.3,0.03,541.7,0.08,206.55,0.09,231.5,0.1,96.5,0.11,157.29,0.12,231.6,0.92,206.55,0.91,231.5,0.9,96.5,0.89,157.29,0.88,231.6,0.93,12.84,0.94,190.0,0.95,426.8,0.96,464.3,0.97,541.7,0.01,0.01,2369.905397,1776169349000
1776169350.471,150.471,0.07,10.41,0.06,190.0,0.05,426.8,0.04,464.3,0.03,541.7,0.08,211.55,0.09,231.5,0.1,96.5,0.11,162.29,0.12,226.6,0.92,206.55,0.91,231.5,0.9,96.5,0.89,157.29,0.88,231.6,0.93,11.6,0.94,190.0,0.95,426.8,0.96,464.3,0.97,541.7,0.01,0.01,2369.905397,1776169349000
1776169350.869,150.869,0.07,7.28,0.06,190.0,0.05,426.8,0.04,464.3,0.03,541.7,0.08,128.81,0.09,266.04,0.1,96.5,0.11,162.29,0.12,226.6,0.92,211.55,0.91,231.5,0.9,96.5,0.89,162.29,0.88,226.6,0.93,10.41,0.94,190.0,0.95,426.8,0.96,464.3,0.97,541.7,0.01,0.01,2369.905397,1776169349000
1776169351.116,151.116,0.07,3.07,0.06,190.0,0.05,426.8,0.04,464.3,0.03,541.7,0.08,123.81,0.09,266.04,0.1,96.5,0.11,162.29,0.12,226.6,0.92,128.81,0.91,266.04,0.9,96.5,0.89,162.29,0.88,226.6,0.93,4.15,0.94,190.0,0.95,426.8,0.96,464.3,0.97,541.7,0.01,0.01,2369.905397,1776169349000
1776169351.578,151.578,0.07,0.07,0.06,190.0,0.05,402.8,0.04,464.3,0.03,541.7,0.08,128.81,0.09,266.04,0.1,96.5,0.11,162.29,0.12,226.6,0.92,123.81,0.91,266.04,0.9,96.5,0.89,162.29,0.88,226.6,0.93,3.07,0.94,190.0,0.95,426.8,0.96,464.3,0.97,541.7,0.01,0.01,2369.902354,1776169350000
1776169352.834,152.834,0.07,0.07,0.06,190.0,0.05,402.8,0.04,464.3,0.03,541.7,0.08,128.81,0.09,266.04,0.1,96.5,0.11,162.29,0.12,226.6,0.92,128.81,0.91,266.04,0.9,96.5,0.89,162.29,0.88,226.6,0.93,0.07,0.94,190.0,0.95,402.8,0.96,464.3,0.97,541.7,0.01,0.01,2369.897588,1776169351000
1776169353.084,153.084,0.06,3.0,0.05,175.0,0.04,395.3,0.03,805.7,0.02,1282.7,0.07,167.72,0.08,173.81,0.09,248.04,0.1,121.5,0.11,167.29,0.92,128.81,0.91,266.04,0.9,96.5,0.89,162.29,0.88,226.6,0.93,0.07,0.94,190.0,0.95,402.8,0.96,464.3,0.97,541.7,0.01,0.01,2369.897588,1776169351000
1776169353.504,153.504,0.08,18.91,0.06,1123.0,0.05,550.0,0.04,279.3,0.03,561.7,0.09,10.0,0.12,32.0,0.13,10.0,0.14,34.22,0.15,48.0,0.93,167.72,0.92,173.81,0.91,248.04,0.9,121.5,0.89,167.29,0.94,3.0,0.95,175.0,0.96,395.3,0.97,805.7,0.98,1282.7,0.01,0.01,2369.897588,1776169351000
1776169353.71,153.71,0.21,45.07,0.19,30.0,0.18,80.0,0.17,10.0,0.16,74.0,0.24,35.0,0.25,60.0,0.26,48.43,0.27,70.0,0.28,101.0,0.8,4.93,0.79,9.51,0.76,35.0,0.75,60.0,0.74,48.43,0.81,21.0,0.82,80.0,0.83,10.0,0.84,69.0,0.85,10.0,0.03,0.01,2369.898239,1776169352000
1776169353.923,153.923,0.26,19.0,0.25,153.0,0.24,58.0,0.23,40.0,0.22,85.0,0.27,6.79,0.28,50.0,0.29,25.0,0.3,100.09,0.31,20.0,0.76,35.0,0.75,60.0,0.74,48.43,0.73,70.0,0.72,101.0,0.79,45.07,0.81,30.0,0.82,80.0,0.83,10.0,0.84,74.0,0.01,0.03,2369.898239,1776169352000
1776169354.452,154.452,0.26,88.97,0.25,56.0,0.24,19.0,0.23,40.0,0.22,85.0,0.27,11.79,0.28,60.0,0.29,30.0,0.3,100.09,0.31,25.0,0.73,11.79,0.72,60.0,0.71,30.0,0.7,100.09,0.69,25.0,0.74,88.97,0.75,56.0,0.76,19.0,0.77,40.0,0.78,85.0,0.01,0.01,2369.890064,1776169353000
1776169354.749,154.749,0.25,64.33,0.23,18.35,0.22,48.65,0.21,44.0,0.2,66.91,0.26,10.0,0.27,82.79,0.28,38.0,0.29,61.0,0.3,110.09,0.73,11.79,0.72,65.0,0.71,35.0,0.7,40.09,0.69,25.0,0.74,94.13,0.75,201.0,0.76,24.0,0.77,45.0,0.78,20.0,0.01,0.01,2369.890064,1776169353000
1776169354.965,154.965,0.21,37.0,0.2,77.91,0.19,186.0,0.18,96.0,0.17,15.0,0.26,214.03,0.27,87.79,0.28,10.0,0.29,66.0,0.3,180.09,0.74,9.61,0.73,107.79,0.72,33.0,0.71,61.0,0.7,110.09,0.75,5.0,0.77,18.35,0.78,48.65,0.79,44.0,0.8,36.91,0.05,0.01,2369.890064,1776169353000
1776169355.334,155.334,0.2,6.91,0.19,151.0,0.18,95.35,0.17,58.65,0.16,54.0,0.21,56.0,0.22,65.0,0.23,9.73,0.24,25.0,0.25,37.0,0.77,4.73,0.76,15.0,0.75,45.0,0.74,211.03,0.73,46.79,0.79,36.9,0.8,77.91,0.81,186.0,0.82,96.0,0.83,15.0,0.01,0.02,2369.890064,1776169353000
1776169356.203,156.203,0.19,171.55,0.18,220.0,0.17,183.65,0.16,229.0,0.15,155.0,0.2,166.41,0.21,148.67,0.22,75.5,0.23,15.23,0.24,36.5,0.8,10.0,0.79,81.0,0.78,70.0,0.77,4.73,0.76,25.0,0.81,51.55,0.82,70.0,0.83,58.65,0.84,54.0,0.85,30.0,0.01,0.01,2369.852105,1776169354000
1776169356.568,156.568,0.19,171.55,0.18,220.0,0.17,171.0,0.16,229.0,0.15,155.0,0.2,143.81,0.21,172.67,0.22,75.5,0.23,15.23,0.24,36.5,0.8,166.41,0.79,148.67,0.78,75.5,0.77,15.23,0.76,36.5,0.81,171.55,0.82,220.0,0.83,183.65,0.84,229.0,0.85,155.0,0.01,0.01,2369.852105,1776169354000
1776169357.505,157.505,0.19,166.55,0.18,220.0,0.17,130.0,0.16,197.0,0.15,206.0,0.2,133.81,0.21,172.67,0.22,75.5,0.23,15.23,0.24,36.5,0.8,133.81,0.79,172.67,0.78,75.5,0.77,15.23,0.76,36.5,0.81,166.55,0.82,220.0,0.83,130.0,0.84,197.0,0.85,206.0,0.01,0.01,2371.36286,1776169356000
1776169358.785,158.785,0.19,166.55,0.18,220.0,0.17,130.0,0.16,197.0,0.15,206.0,0.2,133.81,0.21,172.67,0.22,75.5,0.23,15.23,0.24,36.5,0.8,133.81,0.79,172.67,0.78,75.5,0.77,15.23,0.76,36.5,0.81,166.55,0.82,220.0,0.83,130.0,0.84,197.0,0.85,206.0,0.01,0.01,2371.213894,1776169357000
1776169359.729,159.729,0.19,166.55,0.18,220.0,0.17,130.0,0.16,197.0,0.15,206.0,0.2,133.81,0.21,172.67,0.22,75.5,0.23,15.23,0.24,36.5,0.8,133.81,0.79,172.67,0.78,75.5,0.77,15.23,0.76,36.5,0.81,166.55,0.82,220.0,0.83,130.0,0.84,197.0,0.85,206.0,0.01,0.01,2371.20794,1776169358000
1776169360.704,160.704,0.19,166.55,0.18,220.0,0.17,130.0,0.16,197.0,0.15,206.0,0.2,133.81,0.21,172.67,0.22,75.5,0.23,15.23,0.24,36.5,0.8,133.81,0.79,172.67,0.78,75.5,0.77,15.23,0.76,36.5,0.81,166.55,0.82,220.0,0.83,130.0,0.84,197.0,0.85,206.0,0.01,0.01,2371.212707,1776169359000
1776169361.695,161.695,0.19,166.55,0.18,220.0,0.17,130.0,0.16,197.0,0.15,206.0,0.2,133.81,0.21,172.67,0.22,75.5,0.23,15.23,0.24,36.5,0.8,133.81,0.79,172.67,0.78,75.5,0.77,15.23,0.76,36.5,0.81,166.55,0.82,220.0,0.83,130.0,0.84,197.0,0.85,206.0,0.01,0.01,2371.221567,1776169360000
1776169362.357,162.357,0.19,166.55,0.18,220.0,0.17,130.0,0.16,197.0,0.15,206.0,0.2,133.81,0.21,172.67,0.22,75.5,0.23,15.23,0.24,36.5,0.8,133.81,0.79,172.67,0.78,75.5,0.77,15.23,0.76,36.5,0.81,166.55,0.82,220.0,0.83,130.0,0.84,197.0,0.85,206.0,0.01,0.01,2371.221835,1776169361000
1776169363.74,163.74,0.19,116.55,0.18,225.0,0.17,125.0,0.16,156.8,0.15,173.2,0.2,245.9,0.21,209.72,0.22,68.5,0.23,60.23,0.24,25.5,0.8,133.81,0.79,172.67,0.78,75.5,0.77,15.23,0.76,36.5,0.81,166.55,0.82,220.0,0.83,130.0,0.84,197.0,0.85,206.0,0.01,0.01,2371.221835,1776169361000
1776169364.58,164.58,0.18,125.0,0.17,25.0,0.16,56.8,0.15,73.2,0.14,109.9,0.2,245.9,0.21,293.06,0.22,68.5,0.23,60.23,0.24,25.5,0.8,245.9,0.79,293.06,0.78,68.5,0.77,60.23,0.76,25.5,0.82,125.0,0.83,25.0,0.84,56.8,0.85,73.2,0.86,109.9,0.02,0.02,2371.199151,1776169363000
1776169365.167,165.167,0.18,125.0,0.17,25.0,0.16,56.8,0.15,73.2,0.14,109.9,0.2,245.9,0.21,293.06,0.22,68.5,0.23,60.23,0.24,25.5,0.8,245.9,0.79,293.06,0.78,68.5,0.77,60.23,0.76,25.5,0.82,125.0,0.83,25.0,0.84,56.8,0.85,73.2,0.86,109.9,0.02,0.02,2371.187848,1776169364000
1776169366.132,166.132,0.18,18.5,0.17,25.0,0.16,25.0,0.15,45.0,0.14,45.0,0.19,368.88,0.2,61.5,0.21,155.67,0.22,30.5,0.23,60.23,0.8,245.9,0.79,293.06,0.78,68.5,0.77,60.23,0.76,25.5,0.82,125.0,0.83,25.0,0.84,56.8,0.85,73.2,0.86,109.9,0.01,0.02,2371.187848,1776169364000
1776169366.52,166.52,0.17,4.37,0.16,25.0,0.15,45.0,0.14,45.0,0.13,56.8,0.19,719.88,0.2,67.5,0.21,155.67,0.22,30.5,0.23,60.23,0.81,719.88,0.8,67.5,0.79,155.67,0.78,30.5,0.77,60.23,0.83,4.37,0.84,25.0,0.85,45.0,0.86,45.0,0.87,56.8,0.02,0.02,2371.010866,1776169365000
1776169366.979,166.979,0.15,44.57,0.14,20.0,0.12,140.0,0.11,116.79,0.1,85.0,0.16,409.19,0.17,109.5,0.18,25.5,0.19,30.68,0.2,20.5,0.81,719.88,0.8,67.5,0.79,155.67,0.78,30.5,0.77,60.23,0.83,4.37,0.84,25.0,0.85,45.0,0.86,45.0,0.87,56.8,0.01,0.02,2371.010866,1776169365000
1776169367.218,167.218,0.15,3.33,0.14,25.0,0.12,140.0,0.11,116.79,0.1,85.0,0.16,404.19,0.17,109.5,0.18,25.5,0.19,30.68,0.2,20.5,0.84,404.19,0.83,109.5,0.82,25.5,0.81,30.68,0.8,20.5,0.85,3.33,0.86,25.0,0.88,140.0,0.89,116.79,0.9,85.0,0.01,0.01,2371.010642,1776169366000
1776169368.223,168.223,0.14,18.62,0.12,120.0,0.11,116.79,0.1,85.0,0.09,174.0,0.15,298.5,0.16,203.45,0.17,69.5,0.18,25.5,0.19,80.68,0.85,298.5,0.84,194.19,0.83,69.5,0.82,25.5,0.81,30.68,0.86,2.79,0.88,140.0,0.89,116.79,0.9,90.0,0.91,169.0,0.01,0.01,2371.010642,1776169366000
1776169368.634,168.634,0.14,18.62,0.12,120.0,0.11,116.79,0.1,85.0,0.09,174.0,0.15,298.5,0.16,203.45,0.17,69.5,0.18,25.5,0.19,80.68,0.85,298.5,0.84,203.45,0.83,69.5,0.82,25.5,0.81,80.68,0.86,18.62,0.88,120.0,0.89,116.79,0.9,85.0,0.91,174.0,0.01,0.01,2370.720837,1776169367000
1776169369.069,169.069,0.12,60.21,0.11,86.79,0.1,115.0,0.09,79.0,0.08,134.9,0.15,352.5,0.16,72.5,0.17,74.59,0.18,30.59,0.19,80.68,0.85,298.5,0.84,203.45,0.83,69.5,0.82,25.5,0.81,80.68,0.86,18.62,0.88,120.0,0.89,116.79,0.9,85.0,0.91,174.0,0.03,0.01,2370.720837,1776169367000
1776169369.287,169.287,0.12,60.21,0.11,86.79,0.1,115.0,0.09,79.0,0.08,134.9,0.15,352.5,0.16,72.5,0.17,74.59,0.18,30.59,0.19,80.68,0.85,352.5,0.84,72.5,0.83,74.59,0.82,30.59,0.81,80.68,0.88,60.21,0.89,86.79,0.9,115.0,0.91,79.0,0.92,134.9,0.03,0.03,2370.659831,1776169368000
1776169370.04,170.04,0.12,117.07,0.11,116.79,0.1,90.0,0.09,229.0,0.08,158.9,0.13,117.5,0.14,146.8,0.15,62.5,0.16,30.5,0.17,54.59,0.85,352.5,0.84,72.5,0.83,74.59,0.82,30.59,0.81,80.68,0.88,60.21,0.89,86.79,0.9,115.0,0.91,79.0,0.92,134.9,0.01,0.03,2370.659831,1776169368000
1776169370.626,170.626,0.12,112.07,0.11,116.79,0.1,90.0,0.09,229.0,0.08,158.9,0.13,35.5,0.14,146.8,0.15,62.5,0.16,30.5,0.17,54.59,0.87,35.5,0.86,146.8,0.85,62.5,0.84,30.5,0.83,54.59,0.88,112.07,0.89,116.79,0.9,90.0,0.91,229.0,0.92,158.9,0.01,0.01,2370.563928,1776169369000
1776169371.368,171.368,0.12,112.07,0.11,116.79,0.1,90.0,0.09,229.0,0.08,158.9,0.13,35.5,0.14,146.8,0.15,62.5,0.16,30.5,0.17,54.59,0.87,35.5,0.86,146.8,0.85,62.5,0.84,30.5,0.83,54.59,0.88,112.07,0.89,116.79,0.9,90.0,0.91,229.0,0.92,158.9,0.01,0.01,2370.524911,1776169370000
1776169372.215,172.215,0.12,112.07,0.11,116.79,0.1,90.0,0.09,229.0,0.08,158.9,0.13,35.5,0.14,146.8,0.15,62.5,0.16,30.5,0.17,54.59,0.87,35.5,0.86,146.8,0.85,62.5,0.84,30.5,0.83,54.59,0.88,112.07,0.89,116.79,0.9,90.0,0.91,229.0,0.92,158.9,0.01,0.01,2370.567403,1776169371000
1776169373.374,173.374,0.12,112.07,0.11,116.79,0.1,90.0,0.09,229.0,0.08,158.9,0.13,35.5,0.14,146.8,0.15,62.5,0.16,30.5,0.17,54.59,0.87,35.5,0.86,146.8,0.85,62.5,0.84,30.5,0.83,54.59,0.88,112.07,0.89,116.79,0.9,90.0,0.91,229.0,0.92,158.9,0.01,0.01,2370.59872,1776169372000
1776169373.864,173.864,0.12,112.07,0.11,116.79,0.1,90.0,0.09,229.0,0.08,158.9,0.13,35.5,0.14,146.8,0.15,62.5,0.16,30.5,0.17,54.59,0.87,35.5,0.86,146.8,0.85,62.5,0.84,30.5,0.83,54.59,0.88,112.07,0.89,116.79,0.9,90.0,0.91,229.0,0.92,158.9,0.01,0.01,2370.590047,1776169373000
1776169374.888,174.888,0.12,112.07,0.11,116.79,0.1,90.0,0.09,229.0,0.08,158.9,0.13,35.5,0.14,146.8,0.15,62.5,0.16,30.5,0.17,54.59,0.87,35.5,0.86,146.8,0.85,62.5,0.84,30.5,0.83,54.59,0.88,112.07,0.89,116.79,0.9,90.0,0.91,229.0,0.92,158.9,0.01,0.01,2370.395193,1776169374000
1776169375.164,175.164,0.1,120.5,0.09,224.0,0.08,203.25,0.07,264.59,0.06,308.8,0.11,49.62,0.12,33.0,0.13,89.5,0.14,73.5,0.15,30.5,0.87,35.5,0.86,146.8,0.85,62.5,0.84,30.5,0.83,54.59,0.88,112.07,0.89,116.79,0.9,90.0,0.91,229.0,0.92,158.9,0.01,0.01,2370.395193,1776169374000
1776169376.257,176.257,0.1,150.5,0.09,194.0,0.08,233.25,0.07,264.59,0.06,278.8,0.11,3.53,0.12,33.0,0.13,89.5,0.14,73.5,0.15,30.5,0.89,3.53,0.88,33.0,0.87,89.5,0.86,73.5,0.85,30.5,0.9,150.5,0.91,194.0,0.92,233.25,0.93,264.59,0.94,278.8,0.01,0.01,2370.427929,1776169375000
1776169377.271,177.271,0.1,150.5,0.09,194.0,0.08,233.25,0.07,264.59,0.06,278.8,0.11,3.53,0.12,33.0,0.13,89.5,0.14,73.5,0.15,30.5,0.89,3.53,0.88,33.0,0.87,89.5,0.86,73.5,0.85,30.5,0.9,150.5,0.91,194.0,0.92,233.25,0.93,264.59,0.94,278.8,0.01,0.01,2370.5319,1776169376000
1776169378.2,178.2,0.1,150.5,0.09,194.0,0.08,233.25,0.07,264.59,0.06,278.8,0.11,3.53,0.12,33.0,0.13,89.5,0.14,73.5,0.15,30.5,0.89,3.53,0.88,33.0,0.87,89.5,0.86,73.5,0.85,30.5,0.9,150.5,0.91,194.0,0.92,233.25,0.93,264.59,0.94,278.8,0.01,0.01,2370.615283,1776169377000
1776169379.07,179.07,0.1,165.5,0.09,164.0,0.08,260.04,0.07,370.59,0.06,303.8,0.11,55.64,0.12,38.0,0.13,63.0,0.14,85.5,0.15,30.5,0.89,3.53,0.88,33.0,0.87,89.5,0.86,73.5,0.85,30.5,0.9,150.5,0.91,194.0,0.92,233.25,0.93,264.59,0.94,278.8,0.01,0.01,2370.615283,1776169377000
1776169379.725,179.725,0.1,164.38,0.09,164.0,0.08,260.04,0.07,370.59,0.06,278.8,0.11,55.64,0.12,38.0,0.13,84.0,0.14,85.5,0.15,35.5,0.89,55.64,0.88,38.0,0.87,63.0,0.86,85.5,0.85,30.5,0.9,165.5,0.91,164.0,0.92,260.04,0.93,370.59,0.94,303.8,0.01,0.01,2370.61326,1776169378000
1776169379.994,179.994,0.1,163.15,0.09,164.0,0.08,260.04,0.07,370.59,0.06,308.8,0.11,55.64,0.12,38.0,0.13,79.0,0.14,85.5,0.15,30.5,0.89,55.64,0.88,38.0,0.87,84.0,0.86,85.5,0.85,35.5,0.9,164.38,0.91,164.0,0.92,260.04,0.93,370.59,0.94,278.8,0.01,0.01,2370.61326,1776169378000
1776169381.118,181.118,0.1,159.08,0.09,164.0,0.08,182.89,0.07,400.59,0.06,308.8,0.11,55.64,0.12,49.0,0.13,79.0,0.14,35.5,0.15,30.5,0.89,55.64,0.88,49.0,0.87,79.0,0.86,35.5,0.85,30.5,0.9,159.08,0.91,164.0,0.92,182.89,0.93,400.59,0.94,308.8,0.01,0.01,2370.69381,1776169380000
1776169381.427,181.427,0.12,64.32,0.11,122.29,0.1,100.5,0.09,238.14,0.08,219.9,0.13,25.0,0.14,44.0,0.15,61.0,0.16,35.5,0.17,25.09,0.87,20.0,0.86,39.0,0.85,61.0,0.84,25.0,0.83,25.09,0.88,7.0,0.89,187.29,0.9,100.5,0.91,268.14,0.92,219.9,0.01,0.01,2370.69381,1776169380000
1776169382.044,182.044,0.12,64.32,0.11,122.29,0.1,100.5,0.09,238.14,0.08,219.9,0.13,25.0,0.14,44.0,0.15,61.0,0.16,35.5,0.17,25.09,0.87,25.0,0.86,44.0,0.85,61.0,0.84,35.5,0.83,25.09,0.88,64.32,0.89,122.29,0.9,100.5,0.91,238.14,0.92,219.9,0.01,0.01,2370.71687,1776169381000
1776169382.382,182.382,0.12,145.32,0.11,62.29,0.1,100.5,0.09,208.14,0.08,342.9,0.13,79.07,0.14,55.0,0.15,91.5,0.16,35.5,0.17,25.09,0.87,25.0,0.86,44.0,0.85,61.0,0.84,35.5,0.83,25.09,0.88,64.32,0.89,122.29,0.9,100.5,0.91,238.14,0.92,219.9,0.01,0.01,2370.71687,1776169381000
1776169382.648,182.648,0.12,145.32,0.11,62.29,0.1,100.5,0.09,208.14,0.08,342.9,0.13,74.07,0.14,55.0,0.15,71.0,0.16,35.5,0.17,25.09,0.87,79.07,0.86,55.0,0.85,91.5,0.84,35.5,0.83,25.09,0.88,145.32,0.89,62.29,0.9,100.5,0.91,208.14,0.92,342.9,0.01,0.01,2370.71687,1776169381000
1776169383.482,183.482,0.12,145.32,0.11,62.29,0.1,100.5,0.09,208.14,0.08,342.9,0.13,74.07,0.14,55.0,0.15,71.0,0.16,35.5,0.17,25.09,0.87,74.07,0.86,55.0,0.85,71.0,0.84,35.5,0.83,25.09,0.88,145.32,0.89,62.29,0.9,100.5,0.91,208.14,0.92,342.9,0.01,0.01,2370.8442,1776169382000
1776169384.024,184.024,0.12,145.32,0.11,62.29,0.1,100.5,0.09,208.14,0.08,342.9,0.13,74.07,0.14,55.0,0.15,71.0,0.16,35.5,0.17,25.09,0.87,74.07,0.86,55.0,0.85,71.0,0.84,35.5,0.83,25.09,0.88,145.32,0.89,62.29,0.9,100.5,0.91,208.14,0.92,342.9,0.01,0.01,2370.84236,1776169383000
1776169385.081,185.081,0.12,145.32,0.11,62.29,0.1,100.5,0.09,208.14,0.08,342.9,0.13,74.07,0.14,55.0,0.15,71.0,0.16,35.5,0.17,25.09,0.87,74.07,0.86,55.0,0.85,71.0,0.84,35.5,0.83,25.09,0.88,145.32,0.89,62.29,0.9,100.5,0.91,208.14,0.92,342.9,0.01,0.01,2370.81537,1776169384000
1776169385.993,185.993,0.18,39.82,0.16,100.5,0.15,143.49,0.14,121.0,0.13,50.5,0.19,35.18,0.2,63.5,0.21,141.17,0.22,25.0,0.23,90.0,0.87,74.07,0.86,55.0,0.85,71.0,0.84,35.5,0.83,25.09,0.88,145.32,0.89,62.29,0.9,100.5,0.91,208.14,0.92,342.9,0.01,0.01,2370.81537,1776169384000
1776169386.787,186.787,0.18,39.82,0.16,100.5,0.15,143.49,0.14,121.0,0.13,50.5,0.19,35.18,0.2,63.5,0.21,141.17,0.22,25.0,0.23,90.0,0.81,35.18,0.8,63.5,0.79,141.17,0.78,25.0,0.77,90.0,0.82,39.82,0.84,100.5,0.85,143.49,0.86,121.0,0.87,50.5,0.01,0.01,2370.834583,1776169385000
1776169387.431,187.431,0.18,39.82,0.16,100.5,0.15,143.49,0.14,121.0,0.13,50.5,0.19,35.18,0.2,63.5,0.21,141.17,0.22,25.0,0.23,90.0,0.81,35.18,0.8,63.5,0.79,141.17,0.78,25.0,0.77,90.0,0.82,39.82,0.84,100.5,0.85,143.49,0.86,121.0,0.87,50.5,0.01,0.01,2370.920262,1776169386000
1776169388.272,188.272,0.18,99.82,0.17,15.5,0.16,22.5,0.15,90.69,0.14,280.9,0.19,29.54,0.2,113.11,0.21,141.17,0.22,35.0,0.23,100.0,0.81,29.54,0.8,113.11,0.79,141.17,0.78,35.0,0.77,100.0,0.82,99.82,0.83,15.5,0.84,22.5,0.85,90.69,0.86,280.9,0.01,0.01,2371.11426,1776169387000
1776169389.49,189.49,0.15,125.08,0.14,65.9,0.13,166.29,0.12,133.32,0.11,231.79,0.16,6.62,0.17,93.88,0.18,37.0,0.19,104.5,0.2,35.5,0.81,162.1,0.8,68.5,0.79,120.17,0.78,51.0,0.77,100.0,0.84,3.12,0.85,53.7,0.86,65.9,0.87,142.44,0.88,133.32,0.01,0.03,2371.11426,1776169387000
1776169389.95,189.95,0.15,124.19,0.14,65.9,0.13,178.29,0.12,133.32,0.11,231.79,0.16,6.62,0.17,93.88,0.18,48.0,0.19,104.5,0.2,35.5,0.84,6.62,0.83,93.88,0.82,37.0,0.81,104.5,0.8,35.5,0.85,125.08,0.86,65.9,0.87,166.29,0.88,133.32,0.89,231.79,0.01,0.01,2371.283917,1776169388000
1776169390.246,190.246,0.15,124.19,0.14,65.9,0.13,178.29,0.12,133.32,0.11,231.79,0.16,6.62,0.17,93.88,0.18,48.0,0.19,104.5,0.2,35.5,0.84,6.62,0.83,93.88,0.82,48.0,0.81,104.5,0.8,35.5,0.85,124.19,0.86,65.9,0.87,178.29,0.88,133.32,0.89,231.79,0.01,0.01,2371.255243,1776169389000
1776169391.759,191.759,0.15,124.19,0.14,65.9,0.13,178.29,0.12,133.32,0.11,231.79,0.16,6.62,0.17,93.88,0.18,48.0,0.19,104.5,0.2,35.5,0.84,6.62,0.83,93.88,0.82,48.0,0.81,104.5,0.8,35.5,0.85,124.19,0.86,65.9,0.87,178.29,0.88,133.32,0.89,231.79,0.01,0.01,2371.186696,1776169390000
1776169392.549,192.549,0.15,124.19,0.14,65.9,0.13,178.29,0.12,133.32,0.11,231.79,0.16,6.62,0.17,93.88,0.18,48.0,0.19,104.5,0.2,35.5,0.84,6.62,0.83,93.88,0.82,48.0,0.81,104.5,0.8,35.5,0.85,124.19,0.86,65.9,0.87,178.29,0.88,133.32,0.89,231.79,0.01,0.01,2371.186696,1776169391000
1776169392.845,192.845,0.15,117.48,0.14,75.9,0.13,57.3,0.12,213.46,0.11,326.79,0.16,87.1,0.17,34.0,0.18,54.0,0.19,52.5,0.2,25.5,0.84,6.62,0.83,93.88,0.82,48.0,0.81,104.5,0.8,35.5,0.85,124.19,0.86,65.9,0.87,178.29,0.88,133.32,0.89,231.79,0.01,0.01,2371.186696,1776169391000
1776169393.243,193.243,0.15,117.48,0.14,75.9,0.13,57.3,0.12,213.46,0.11,326.79,0.16,87.1,0.17,34.0,0.18,54.0,0.19,52.5,0.2,25.5,0.84,87.1,0.83,34.0,0.82,54.0,0.81,52.5,0.8,25.5,0.85,117.48,0.86,75.9,0.87,57.3,0.88,213.46,0.89,326.79,0.01,0.01,2371.186006,1776169392000
1776169394.465,194.465,0.15,89.27,0.14,75.9,0.13,96.29,0.12,234.32,0.11,236.79,0.16,28.64,0.17,22.0,0.18,54.0,0.19,52.5,0.2,25.5,0.84,87.1,0.83,34.0,0.82,54.0,0.81,52.5,0.8,25.5,0.85,117.48,0.86,75.9,0.87,57.3,0.88,213.46,0.89,326.79,0.01,0.01,2371.186006,1776169392000
1776169395.18,195.18,0.15,89.27,0.14,75.9,0.13,96.29,0.12,234.32,0.11,236.79,0.16,28.64,0.17,22.0,0.18,54.0,0.19,52.5,0.2,25.5,0.84,28.64,0.83,22.0,0.82,54.0,0.81,52.5,0.8,25.5,0.85,89.27,0.86,75.9,0.87,96.29,0.88,234.32,0.89,236.79,0.01,0.01,2371.24687,1776169394000
1776169396.645,196.645,0.15,89.27,0.14,75.9,0.13,96.29,0.12,234.32,0.11,236.79,0.16,28.64,0.17,22.0,0.18,54.0,0.19,52.5,0.2,25.5,0.84,28.64,0.83,22.0,0.82,54.0,0.81,52.5,0.8,25.5,0.85,89.27,0.86,75.9,0.87,96.29,0.88,234.32,0.89,236.79,0.01,0.01,2371.242238,1776169395000
1776169397.222,197.222,0.15,55.23,0.14,66.4,0.13,90.29,0.12,173.32,0.11,236.79,0.16,38.64,0.17,36.0,0.18,64.5,0.19,52.5,0.2,25.5,0.84,38.64,0.83,36.0,0.82,64.5,0.81,52.5,0.8,25.5,0.85,55.23,0.86,66.4,0.87,90.29,0.88,173.32,0.89,236.79,0.01,0.01,2371.242191,1776169396000
1776169398.159,198.159,0.15,71.35,0.14,76.4,0.13,101.91,0.12,118.32,0.11,236.79,0.16,105.99,0.17,15.0,0.18,46.5,0.19,89.5,0.2,40.5,0.82,32.12,0.81,52.5,0.8,40.5,0.79,179.17,0.78,30.0,0.85,70.73,0.86,66.4,0.87,103.29,0.88,118.32,0.89,266.79,0.01,0.03,2371.242191,1776169396000
1776169398.563,198.563,0.15,67.05,0.14,76.4,0.13,101.91,0.12,118.32,0.11,236.79,0.16,105.99,0.17,15.0,0.18,46.5,0.19,89.5,0.2,40.5,0.84,105.99,0.83,15.0,0.82,46.5,0.81,89.5,0.8,40.5,0.85,67.05,0.86,76.4,0.87,101.91,0.88,118.32,0.89,236.79,0.01,0.01,2371.245586,1776169397000
1776169398.826,198.826,0.2,57.62,0.19,15.0,0.18,59.5,0.17,53.33,0.16,150.64,0.21,174.21,0.22,68.5,0.23,95.0,0.24,70.0,0.25,120.0,0.84,105.99,0.83,15.0,0.82,46.5,0.81,89.5,0.8,40.5,0.85,67.05,0.86,76.4,0.87,101.91,0.88,118.32,0.89,236.79,0.01,0.01,2371.245586,1776169397000
1776169399.319,199.319,0.2,56.19,0.19,15.0,0.18,59.5,0.17,99.32,0.16,140.5,0.21,155.14,0.22,73.5,0.23,95.0,0.24,70.0,0.25,130.0,0.79,155.14,0.78,73.5,0.77,95.0,0.76,70.0,0.75,130.0,0.8,56.19,0.81,15.0,0.82,59.5,0.83,99.32,0.84,140.5,0.01,0.01,2371.238869,1776169398000
1776169399.996,199.996,0.2,50.69,0.19,55.49,0.18,213.49,0.17,102.33,0.16,126.8,0.23,55.0,0.24,92.0,0.25,150.0,0.26,56.91,0.27,65.0,0.79,155.14,0.78,73.5,0.77,95.0,0.76,70.0,0.75,130.0,0.8,56.19,0.81,15.0,0.82,59.5,0.83,99.32,0.84,140.5,0.03,0.01,2371.238869,1776169398000
1776169400.292,200.292,0.22,58.0,0.21,82.49,0.2,67.54,0.19,15.0,0.18,162.0,0.23,25.0,0.24,65.0,0.25,130.5,0.26,71.91,0.27,114.0,0.77,70.0,0.76,60.0,0.75,130.5,0.74,105.91,0.73,114.0,0.78,69.0,0.79,82.49,0.8,77.54,0.81,15.0,0.82,172.0,0.01,0.01,2371.238869,1776169398000
1776169400.678,200.678,0.22,58.0,0.21,82.49,0.2,67.54,0.19,15.0,0.18,162.0,0.23,25.0,0.24,65.0,0.25,130.5,0.26,71.91,0.27,114.0,0.77,25.0,0.76,65.0,0.75,130.5,0.74,71.91,0.73,114.0,0.78,58.0,0.79,82.49,0.8,67.54,0.81,15.0,0.82,162.0,0.01,0.01,2371.242337,1776169399000
1776169401.271,201.271,0.22,5.0,0.21,47.99,0.2,60.54,0.19,15.0,0.18,126.4,0.23,40.0,0.24,75.5,0.25,130.5,0.26,82.91,0.27,104.0,0.77,40.0,0.76,75.5,0.75,130.5,0.74,82.91,0.73,104.0,0.78,5.0,0.79,47.99,0.8,60.54,0.81,15.0,0.82,126.4,0.01,0.01,2371.454116,1776169400000
1776169402.787,202.787,0.21,17.82,0.2,87.68,0.19,78.4,0.18,126.4,0.17,148.5,0.22,15.0,0.23,125.03,0.24,70.5,0.25,159.5,0.26,82.91,0.78,15.0,0.77,125.03,0.76,70.5,0.75,159.5,0.74,82.91,0.79,17.82,0.8,87.68,0.81,78.4,0.82,126.4,0.83,148.5,0.01,0.01,2371.581535,1776169401000
1776169403.086,203.086,0.21,1.55,0.2,35.19,0.19,109.04,0.18,170.4,0.17,98.5,0.22,63.04,0.23,20.0,0.24,70.5,0.25,150.5,0.26,92.91,0.78,15.0,0.77,125.03,0.76,70.5,0.75,159.5,0.74,82.91,0.79,17.82,0.8,87.68,0.81,78.4,0.82,126.4,0.83,148.5,0.01,0.01,2371.581535,1776169401000
1776169403.671,203.671,0.21,1.55,0.2,35.19,0.19,109.04,0.18,170.4,0.17,98.5,0.22,36.78,0.23,20.0,0.24,70.5,0.25,150.5,0.26,92.91,0.78,36.78,0.77,20.0,0.76,70.5,0.75,150.5,0.74,92.91,0.79,1.55,0.8,35.19,0.81,109.04,0.82,170.4,0.83,98.5,0.01,0.01,2371.640175,1776169402000
1776169404.176,204.176,0.2,120.46,0.19,88.9,0.18,128.4,0.17,83.5,0.16,251.8,0.21,10.0,0.22,51.78,0.23,20.0,0.24,80.5,0.25,160.5,0.78,51.78,0.77,20.0,0.76,70.5,0.75,170.5,0.74,92.91,0.8,105.73,0.81,88.9,0.82,128.4,0.83,98.5,0.84,236.8,0.01,0.02,2371.640175,1776169402000
1776169404.573,204.573,0.2,117.7,0.19,88.9,0.18,128.4,0.17,83.5,0.16,251.8,0.21,10.0,0.22,51.78,0.23,25.5,0.24,80.5,0.25,160.5,0.79,10.0,0.78,51.78,0.77,25.5,0.76,80.5,0.75,160.5,0.8,117.7,0.81,88.9,0.82,128.4,0.83,83.5,0.84,251.8,0.01,0.01,2371.571487,1776169403000
1776169404.919,204.919,0.2,83.71,0.19,85.89,0.18,140.4,0.17,123.5,0.16,241.8,0.21,69.31,0.22,15.0,0.23,20.5,0.24,81.5,0.25,160.5,0.79,10.0,0.78,51.78,0.77,25.5,0.76,80.5,0.75,160.5,0.8,117.7,0.81,88.9,0.82,128.4,0.83,83.5,0.84,251.8,0.01,0.01,2371.571487,1776169403000
1776169405.584,205.584,0.2,73.35,0.19,48.9,0.18,162.39,0.17,157.5,0.16,251.8,0.21,74.31,0.22,15.0,0.23,20.5,0.24,92.5,0.25,160.5,0.79,69.31,0.78,15.0,0.77,20.5,0.76,81.5,0.75,160.5,0.8,83.71,0.81,85.89,0.82,140.4,0.83,123.5,0.84,241.8,0.01,0.01,2371.576586,1776169404000
1776169406.113,206.113,0.2,73.35,0.19,48.9,0.18,162.39,0.17,157.5,0.16,251.8,0.21,74.31,0.22,15.0,0.23,20.5,0.24,92.5,0.25,160.5,0.79,74.31,0.78,15.0,0.77,20.5,0.76,92.5,0.75,160.5,0.8,73.35,0.81,48.9,0.82,162.39,0.83,157.5,0.84,251.8,0.01,0.01,2371.597552,1776169405000
1776169406.743,206.743,0.2,46.02,0.19,48.9,0.18,139.39,0.17,157.5,0.16,246.8,0.21,69.31,0.22,15.0,0.23,20.5,0.24,106.5,0.25,160.5,0.79,74.31,0.78,15.0,0.77,20.5,0.76,92.5,0.75,160.5,0.8,73.35,0.81,48.9,0.82,162.39,0.83,157.5,0.84,251.8,0.01,0.01,2371.597552,1776169405000
1776169407.069,207.069,0.2,46.02,0.19,48.9,0.18,139.39,0.17,157.5,0.16,246.8,0.21,69.31,0.22,15.0,0.23,20.5,0.24,106.5,0.25,160.5,0.79,69.31,0.78,15.0,0.77,20.5,0.76,106.5,0.75,160.5,0.8,46.02,0.81,48.9,0.82,139.39,0.83,157.5,0.84,246.8,0.01,0.01,2371.62,1776169406000
1776169407.501,207.501,0.2,54.77,0.19,48.9,0.18,107.39,0.17,157.5,0.16,186.8,0.21,50.49,0.22,15.0,0.23,20.5,0.24,106.5,0.25,166.5,0.79,69.31,0.78,15.0,0.77,20.5,0.76,106.5,0.75,160.5,0.8,46.02,0.81,48.9,0.82,139.39,0.83,157.5,0.84,246.8,0.01,0.01,2371.62,1776169406000
1776169408.069,208.069,0.2,54.77,0.19,48.9,0.18,107.39,0.17,157.5,0.16,186.8,0.21,50.49,0.22,15.0,0.23,20.5,0.24,106.5,0.25,166.5,0.79,50.49,0.78,15.0,0.77,20.5,0.76,106.5,0.75,166.5,0.8,54.77,0.81,48.9,0.82,107.39,0.83,157.5,0.84,186.8,0.01,0.01,2371.646982,1776169407000
1776169409.08,209.08,0.2,54.77,0.19,48.9,0.18,107.39,0.17,157.5,0.16,186.8,0.21,50.49,0.22,15.0,0.23,20.5,0.24,106.5,0.25,166.5,0.79,50.49,0.78,15.0,0.77,20.5,0.76,106.5,0.75,166.5,0.8,54.77,0.81,48.9,0.82,107.39,0.83,157.5,0.84,186.8,0.01,0.01,2371.630351,1776169408000
1776169409.315,209.315,0.23,38.0,0.22,109.49,0.21,64.5,0.2,42.5,0.19,63.4,0.24,50.0,0.25,110.0,0.26,52.41,0.27,75.0,0.28,60.0,0.76,50.0,0.75,120.5,0.74,41.91,0.73,75.0,0.72,70.0,0.8,332.26,0.81,90.89,0.82,143.4,0.83,138.5,0.84,176.8,0.01,0.04,2371.630351,1776169408000
1776169410.022,210.022,0.23,38.0,0.22,109.49,0.21,64.5,0.2,42.5,0.19,63.4,0.24,50.0,0.25,110.0,0.26,52.41,0.27,75.0,0.28,60.0,0.76,50.0,0.75,110.0,0.74,52.41,0.73,75.0,0.72,60.0,0.77,38.0,0.78,109.49,0.79,64.5,0.8,42.5,0.81,63.4,0.01,0.01,2371.68653,1776169409000
1776169410.225,210.225,0.24,92.8,0.23,64.97,0.22,35.5,0.21,91.7,0.2,122.5,0.25,70.0,0.26,81.02,0.27,60.0,0.28,70.5,0.29,65.0,0.75,70.0,0.74,76.02,0.73,60.0,0.72,60.5,0.71,60.0,0.76,108.41,0.77,64.97,0.78,35.5,0.79,91.7,0.8,122.5,0.01,0.01,2371.68653,1776169409000
1776169410.64,210.64,0.24,98.45,0.23,57.97,0.22,63.5,0.21,91.7,0.2,122.5,0.25,70.0,0.26,81.02,0.27,60.0,0.28,75.5,0.29,65.0,0.75,70.0,0.74,81.02,0.73,60.0,0.72,70.5,0.71,65.0,0.76,99.9,0.77,57.97,0.78,35.5,0.79,91.7,0.8,122.5,0.01,0.01,2371.68653,1776169409000
1776169410.995,210.995,0.24,95.55,0.23,57.97,0.22,53.5,0.21,91.7,0.2,122.5,0.25,75.0,0.26,81.02,0.27,80.5,0.28,75.5,0.29,65.0,0.75,70.0,0.74,81.02,0.73,60.0,0.72,75.5,0.71,65.0,0.76,97.0,0.77,57.97,0.78,63.5,0.79,91.7,0.8,122.5,0.01,0.01,2371.68653,1776169409000
1776169411.997,211.997,0.24,94.1,0.23,57.97,0.22,53.5,0.21,91.7,0.2,122.5,0.25,75.0,0.26,81.02,0.27,80.5,0.28,75.5,0.29,65.0,0.75,75.0,0.74,81.02,0.73,80.5,0.72,75.5,0.71,65.0,0.76,94.1,0.77,57.97,0.78,53.5,0.79,91.7,0.8,122.5,0.01,0.01,2371.80498,1776169411000
1776169412.937,212.937,0.24,94.1,0.23,57.97,0.22,53.5,0.21,91.7,0.2,122.5,0.25,75.0,0.26,81.02,0.27,80.5,0.28,75.5,0.29,65.0,0.75,75.0,0.74,81.02,0.73,80.5,0.72,75.5,0.71,65.0,0.76,94.1,0.77,57.97,0.78,53.5,0.79,91.7,0.8,122.5,0.01,0.01,2371.90879,1776169412000
1776169413.816,213.816,0.24,5.0,0.23,33.47,0.22,84.5,0.21,76.88,0.2,62.5,0.25,52.22,0.26,67.41,0.27,85.5,0.28,75.5,0.29,75.0,0.75,75.0,0.74,81.02,0.73,80.5,0.72,75.5,0.71,65.0,0.76,94.1,0.77,57.97,0.78,53.5,0.79,91.7,0.8,122.5,0.01,0.01,2371.90879,1776169412000
1776169414.893,214.893,0.24,0.63,0.23,33.47,0.22,84.5,0.21,76.88,0.2,62.5,0.25,57.22,0.26,67.41,0.27,85.5,0.28,75.5,0.29,75.0,0.75,57.22,0.74,67.41,0.73,85.5,0.72,75.5,0.71,75.0,0.76,0.63,0.77,33.47,0.78,84.5,0.79,76.88,0.8,62.5,0.01,0.01,2371.844078,1776169414000
1776169415.125,215.125,0.23,15.0,0.22,53.0,0.21,97.38,0.2,92.5,0.19,58.4,0.24,9.37,0.25,72.72,0.26,72.41,0.27,85.5,0.28,95.5,0.75,57.22,0.74,67.41,0.73,85.5,0.72,75.5,0.71,75.0,0.76,0.63,0.77,33.47,0.78,84.5,0.79,76.88,0.8,62.5,0.01,0.01,2371.844078,1776169414000
1776169416.248,216.248,0.23,15.0,0.22,53.0,0.21,97.38,0.2,92.5,0.19,58.4,0.24,9.37,0.25,72.72,0.26,72.41,0.27,85.5,0.28,95.5,0.76,9.37,0.75,72.72,0.74,72.41,0.73,85.5,0.72,95.5,0.77,15.0,0.78,53.0,0.79,97.38,0.8,92.5,0.81,58.4,0.01,0.01,2371.870297,1776169415000
1776169416.789,216.789,0.23,5.0,0.22,15.0,0.21,75.35,0.2,109.5,0.19,38.4,0.24,40.7,0.25,30.5,0.26,67.41,0.27,95.5,0.28,125.5,0.76,9.37,0.75,72.72,0.74,72.41,0.73,85.5,0.72,95.5,0.77,15.0,0.78,53.0,0.79,97.38,0.8,92.5,0.81,58.4,0.01,0.01,2371.870297,1776169415000
1776169417.328,217.328,0.23,0.68,0.22,15.0,0.21,53.65,0.2,109.5,0.19,33.4,0.24,35.7,0.25,30.5,0.26,67.41,0.27,95.5,0.28,115.5,0.76,40.7,0.75,30.5,0.74,67.41,0.73,95.5,0.72,125.5,0.77,5.0,0.78,15.0,0.79,75.35,0.8,109.5,0.81,38.4,0.01,0.01,2371.870297,1776169415000
1776169417.885,217.885,0.23,0.68,0.22,15.0,0.21,53.65,0.2,109.5,0.19,33.4,0.24,35.7,0.25,30.5,0.26,67.41,0.27,95.5,0.28,115.5,0.76,35.7,0.75,30.5,0.74,67.41,0.73,95.5,0.72,115.5,0.77,0.68,0.78,15.0,0.79,53.65,0.8,109.5,0.81,33.4,0.01,0.01,2371.864483,1776169417000
1776169418.805,218.805,0.19,5.0,0.18,101.87,0.17,112.5,0.16,211.8,0.15,130.2,0.22,111.5,0.23,35.5,0.24,94.7,0.25,61.5,0.26,137.41,0.76,35.7,0.75,30.5,0.74,67.41,0.73,95.5,0.72,115.5,0.77,0.68,0.78,15.0,0.79,53.65,0.8,109.5,0.81,33.4,0.03,0.01,2371.864483,1776169417000
1776169419.144,219.144,0.19,33.34,0.18,146.37,0.17,112.5,0.16,161.8,0.15,130.2,0.2,10.0,0.21,15.0,0.22,35.0,0.23,20.0,0.24,78.7,0.78,111.5,0.77,35.5,0.76,94.7,0.75,61.5,0.74,137.41,0.81,5.0,0.82,101.87,0.83,112.5,0.84,211.8,0.85,130.2,0.01,0.03,2371.864483,1776169417000
1776169419.537,219.537,0.2,18.75,0.19,28.34,0.18,100.37,0.17,117.5,0.16,161.8,0.21,15.0,0.22,20.0,0.23,15.0,0.24,78.7,0.25,56.5,0.8,10.0,0.79,15.0,0.78,35.0,0.77,20.0,0.76,78.7,0.81,33.34,0.82,146.37,0.83,112.5,0.84,161.8,0.85,130.2,0.01,0.01,2371.834076,1776169418000
1776169420.232,220.232,0.2,13.75,0.19,28.34,0.18,100.37,0.17,117.5,0.16,161.8,0.22,20.0,0.23,15.0,0.24,78.7,0.25,56.5,0.26,127.41,0.78,20.0,0.77,15.0,0.76,78.7,0.75,56.5,0.74,127.41,0.8,13.75,0.81,28.34,0.82,100.37,0.83,117.5,0.84,161.8,0.02,0.02,2371.806415,1776169419000
1776169420.917,220.917,0.21,28.6,0.2,57.55,0.19,38.71,0.18,64.4,0.17,60.5,0.26,44.05,0.27,70.0,0.28,73.0,0.29,50.0,0.3,30.09,0.78,20.0,0.77,15.0,0.76,78.7,0.75,56.5,0.74,127.41,0.8,13.75,0.81,28.34,0.82,100.37,0.83,117.5,0.84,161.8,0.05,0.02,2371.806415,1776169419000
1776169421.146,221.146,0.21,28.6,0.2,57.55,0.19,38.71,0.18,64.4,0.17,60.5,0.26,12.02,0.27,70.0,0.28,73.0,0.29,50.0,0.3,30.09,0.74,12.02,0.73,70.0,0.72,73.0,0.71,50.0,0.7,30.09,0.79,28.6,0.8,57.55,0.81,38.71,0.82,64.4,0.83,60.5,0.05,0.05,2371.7536,1776169420000
1776169422.083,222.083,0.28,225.94,0.27,118.84,0.26,52.98,0.25,10.0,0.24,24.0,0.3,26.09,0.31,20.0,0.32,45.0,0.33,5.0,0.34,35.18,0.73,30.0,0.72,50.0,0.71,50.0,0.7,30.09,0.69,20.0,0.74,42.98,0.75,89.5,0.76,24.0,0.77,20.5,0.78,10.0,0.02,0.01,2371.7536,1776169420000
1776169422.834,222.834,0.29,184.85,0.28,44.12,0.27,28.0,0.26,65.98,0.25,108.0,0.3,1.09,0.31,5.0,0.32,45.0,0.33,5.0,0.34,35.18,0.7,26.09,0.69,20.0,0.68,45.0,0.67,5.0,0.66,35.18,0.72,221.56,0.73,98.34,0.74,65.98,0.75,23.0,0.76,24.0,0.01,0.02,2371.971527,1776169421000
1776169423.061,223.061,0.29,183.28,0.28,44.12,0.27,28.0,0.26,65.98,0.25,108.0,0.3,1.09,0.31,5.0,0.32,10.0,0.33,5.0,0.34,35.18,0.7,1.09,0.69,5.0,0.68,45.0,0.67,5.0,0.66,35.18,0.71,184.85,0.72,44.12,0.73,28.0,0.74,65.98,0.75,108.0,0.01,0.01,2371.971527,1776169421000
1776169423.404,223.404,0.29,175.05,0.28,44.12,0.27,28.0,0.26,70.98,0.25,108.0,0.3,1.09,0.31,5.0,0.33,5.0,0.34,35.18,0.35,65.0,0.7,1.09,0.69,5.0,0.68,10.0,0.67,5.0,0.66,35.18,0.71,183.28,0.72,44.12,0.73,28.0,0.74,65.98,0.75,108.0,0.01,0.01,2372.185804,1776169422000
1776169424.057,224.057,0.29,158.28,0.28,44.12,0.27,28.0,0.26,70.98,0.25,108.0,0.34,28.22,0.35,65.0,0.36,30.0,0.4,43.0,0.41,165.08,0.66,28.22,0.65,65.0,0.64,30.0,0.6,43.0,0.59,165.08,0.71,158.28,0.72,44.12,0.73,28.0,0.74,70.98,0.75,108.0,0.05,0.05,2372.308903,1776169423000
1776169424.541,224.541,0.32,39.32,0.31,40.0,0.3,20.5,0.29,40.0,0.28,10.12,0.34,38.22,0.35,65.0,0.36,40.5,0.38,5.0,0.39,10.0,0.66,33.22,0.65,65.0,0.64,40.5,0.62,5.0,0.61,10.0,0.67,2.96,0.68,40.44,0.69,50.0,0.7,20.5,0.71,15.0,0.02,0.01,2372.308903,1776169423000
1776169425.078,225.078,0.32,39.32,0.31,40.0,0.3,20.5,0.29,40.0,0.28,10.12,0.34,38.22,0.35,65.0,0.36,40.5,0.38,5.0,0.39,10.0,0.66,38.22,0.65,65.0,0.64,40.5,0.62,5.0,0.61,10.0,0.68,39.32,0.69,40.0,0.7,20.5,0.71,40.0,0.72,10.12,0.02,0.02,2372.33457,1776169424000
1776169425.308,225.308,0.33,37.38,0.32,32.88,0.31,15.0,0.3,20.5,0.29,10.0,0.34,3.22,0.35,70.0,0.36,40.5,0.37,10.5,0.38,15.0,0.66,38.22,0.65,65.0,0.64,40.5,0.62,5.0,0.61,10.0,0.68,39.32,0.69,40.0,0.7,20.5,0.71,40.0,0.72,10.12,0.01,0.02,2372.33457,1776169424000
1776169426.063,226.063,0.33,37.38,0.32,32.88,0.31,15.0,0.3,20.5,0.29,10.0,0.34,3.22,0.35,70.0,0.36,40.5,0.37,10.5,0.38,15.0,0.66,3.22,0.65,70.0,0.64,40.5,0.63,10.5,0.62,15.0,0.67,37.38,0.68,32.88,0.69,15.0,0.7,20.5,0.71,10.0,0.01,0.01,2372.339805,1776169425000
1776169426.49,226.49,0.33,571.49,0.32,37.88,0.31,75.5,0.3,17.0,0.29,10.0,0.35,5.0,0.36,25.0,0.4,10.0,0.41,105.08,0.43,5.09,0.66,3.22,0.65,70.0,0.64,40.5,0.63,10.5,0.62,15.0,0.67,37.38,0.68,32.88,0.69,15.0,0.7,20.5,0.71,10.0,0.02,0.01,2372.339805,1776169425000
1776169427.118,227.118,0.4,252.99,0.39,68.0,0.38,51.5,0.37,26.0,0.36,10.0,0.44,136.75,0.45,5.0,0.46,93.59,0.47,60.0,0.48,35.0,0.56,136.75,0.55,5.0,0.54,93.59,0.53,60.0,0.52,35.0,0.6,252.99,0.61,68.0,0.62,51.5,0.63,26.0,0.64,10.0,0.04,0.04,2372.389915,1776169426000
1776169427.44,227.44,0.43,145.15,0.42,45.0,0.41,10.0,0.4,28.0,0.39,31.0,0.44,50.69,0.45,10.0,0.46,93.59,0.47,60.0,0.48,35.0,0.56,51.75,0.55,10.0,0.54,93.59,0.53,60.0,0.52,35.0,0.57,140.15,0.58,45.0,0.59,10.0,0.6,38.0,0.61,31.0,0.01,0.01,2372.389915,1776169426000
1776169427.981,227.981,0.43,145.67,0.42,35.0,0.41,10.0,0.4,53.0,0.39,31.0,0.44,39.59,0.45,10.0,0.46,93.59,0.47,60.0,0.48,105.0,0.56,49.59,0.55,10.0,0.54,93.59,0.53,60.0,0.52,35.0,0.57,145.15,0.58,45.0,0.59,10.0,0.6,28.0,0.61,31.0,0.01,0.01,2372.389915,1776169426000
1776169428.425,228.425,0.43,160.67,0.42,35.0,0.41,35.0,0.4,28.0,0.39,31.0,0.44,19.59,0.45,15.0,0.46,93.59,0.47,60.0,0.48,35.0,0.56,39.59,0.55,10.0,0.54,93.59,0.53,60.0,0.52,105.0,0.57,145.67,0.58,35.0,0.59,10.0,0.6,53.0,0.61,31.0,0.01,0.01,2372.402943,1776169427000
1776169428.871,228.871,0.43,185.67,0.42,35.0,0.41,35.0,0.4,53.0,0.39,31.0,0.45,12.78,0.46,93.59,0.47,60.0,0.48,73.0,0.5,15.09,0.56,14.44,0.55,15.0,0.54,93.59,0.53,60.0,0.52,35.0,0.57,145.67,0.58,35.0,0.59,35.0,0.6,28.0,0.61,31.0,0.02,0.01,2372.402943,1776169427000
1776169429.189,229.189,0.44,172.99,0.43,73.68,0.42,15.0,0.41,60.0,0.4,63.5,0.46,34.09,0.47,65.0,0.48,35.0,0.5,15.09,0.51,50.0,0.55,13.28,0.54,44.09,0.53,65.0,0.52,35.0,0.5,15.09,0.57,243.67,0.58,35.0,0.59,35.0,0.6,63.5,0.61,31.0,0.02,0.02,2372.657471,1776169428000
1776169430.046,230.046,0.45,129.73,0.44,55.0,0.43,28.68,0.42,15.0,0.41,35.0,0.46,34.09,0.47,65.0,0.48,40.0,0.5,15.09,0.51,50.0,0.54,34.09,0.53,65.0,0.52,35.0,0.5,15.09,0.49,50.0,0.56,172.99,0.57,73.68,0.58,15.0,0.59,60.0,0.6,63.5,0.01,0.02,2372.657471,1776169428000
1776169430.257,230.257,0.45,129.73,0.44,55.0,0.43,28.68,0.42,15.0,0.41,35.0,0.46,34.09,0.47,65.0,0.48,40.0,0.5,15.09,0.51,50.0,0.54,34.09,0.53,65.0,0.52,40.0,0.5,15.09,0.49,50.0,0.55,129.73,0.56,55.0,0.57,28.68,0.58,15.0,0.59,35.0,0.01,0.01,2372.673205,1776169429000
1776169430.897,230.897,0.45,129.36,0.44,45.0,0.43,28.68,0.42,15.0,0.41,35.0,0.46,28.59,0.47,65.0,0.48,35.0,0.5,15.09,0.51,50.0,0.54,34.09,0.53,65.0,0.52,40.0,0.5,15.09,0.49,50.0,0.55,129.73,0.56,55.0,0.57,28.68,0.58,15.0,0.59,35.0,0.01,0.01,2372.673205,1776169429000
1776169431.131,231.131,0.45,549.86,0.44,55.5,0.43,53.68,0.42,20.5,0.41,85.0,0.47,60.0,0.48,35.0,0.5,5.09,0.52,15.0,0.53,6.0,0.54,28.59,0.53,65.0,0.52,35.0,0.5,15.09,0.49,50.0,0.55,129.36,0.56,45.0,0.57,28.68,0.58,15.0,0.59,35.0,0.02,0.01,2372.673205,1776169429000
1776169431.332,231.332,0.51,44.91,0.47,612.27,0.46,53.5,0.45,39.87,0.44,10.0,0.52,5.0,0.53,6.0,0.54,25.0,0.55,20.0,0.56,20.0,0.5,5.09,0.48,5.0,0.47,6.0,0.46,25.0,0.45,20.0,0.53,612.27,0.54,53.5,0.55,39.87,0.56,10.0,0.57,34.68,0.01,0.03,2372.673205,1776169429000
1776169431.685,231.685,0.51,456.99,0.5,63.0,0.49,15.0,0.48,16.0,0.47,48.5,0.56,20.0,0.57,60.0,0.59,10.0,0.61,50.0,0.62,120.0,0.44,20.0,0.43,60.0,0.41,10.0,0.39,50.0,0.38,120.0,0.49,456.99,0.5,63.0,0.51,15.0,0.52,16.0,0.53,48.5,0.05,0.05,2372.74779,1776169430000
1776169432.301,232.301,0.56,336.39,0.55,66.28,0.54,20.0,0.53,30.5,0.52,20.5,0.57,25.5,0.58,5.0,0.59,10.0,0.61,50.0,0.62,125.0,0.43,25.5,0.42,5.0,0.41,10.0,0.39,50.0,0.38,125.0,0.44,336.39,0.45,66.28,0.46,20.0,0.47,30.5,0.48,20.5,0.01,0.01,2372.720886,1776169431000
1776169432.564,232.564,0.6,287.27,0.59,48.0,0.58,20.0,0.57,10.0,0.56,53.0,0.61,55.61,0.62,125.0,0.63,155.0,0.65,50.0,0.66,50.0,0.43,25.5,0.42,5.0,0.41,10.0,0.39,50.0,0.38,125.0,0.44,336.39,0.45,66.28,0.46,20.0,0.47,30.5,0.48,20.5,0.01,0.01,2372.720886,1776169431000
1776169433.316,233.316,0.6,287.27,0.59,48.0,0.58,20.0,0.57,10.0,0.56,53.0,0.61,55.61,0.62,125.0,0.63,155.0,0.65,50.0,0.66,50.0,0.39,55.61,0.38,125.0,0.37,155.0,0.35,50.0,0.34,50.0,0.4,287.27,0.41,48.0,0.42,20.0,0.43,10.0,0.44,53.0,0.01,0.01,2372.718468,1776169432000
1776169433.718,233.718,0.6,221.27,0.59,48.0,0.58,20.0,0.57,10.0,0.56,39.0,0.61,44.91,0.62,125.0,0.63,155.0,0.65,50.0,0.66,50.0,0.39,55.73,0.38,125.0,0.37,155.0,0.35,50.0,0.34,50.0,0.4,211.27,0.41,48.0,0.42,20.0,0.43,10.0,0.44,39.0,0.01,0.01,2372.718468,1776169432000
1776169434.02,234.02,0.6,216.27,0.59,48.0,0.58,20.0,0.57,10.0,0.56,39.0,0.61,42.87,0.62,125.0,0.63,155.0,0.65,50.0,0.66,50.0,0.39,44.91,0.38,125.0,0.37,155.0,0.35,50.0,0.34,50.0,0.4,221.27,0.41,48.0,0.42,20.0,0.43,10.0,0.44,39.0,0.01,0.01,2372.718468,1776169432000
1776169434.39,234.39,0.6,190.08,0.59,48.0,0.58,20.0,0.57,85.0,0.56,74.0,0.61,40.83,0.62,125.0,0.63,155.0,0.64,5.0,0.65,55.0,0.39,40.83,0.38,125.0,0.37,155.0,0.35,50.0,0.34,50.0,0.4,202.08,0.41,48.0,0.42,20.0,0.43,85.0,0.44,74.0,0.01,0.01,2372.718468,1776169432000
1776169434.754,234.754,0.6,190.08,0.59,48.0,0.58,20.0,0.57,85.0,0.56,74.0,0.61,40.83,0.62,125.0,0.63,155.0,0.64,5.0,0.65,55.0,0.39,40.83,0.38,125.0,0.37,155.0,0.36,5.0,0.35,55.0,0.4,190.08,0.41,48.0,0.42,20.0,0.43,85.0,0.44,74.0,0.01,0.01,2373.181142,1776169433000
1776169435.064,235.064,0.5,16.88,0.48,30.0,0.47,60.0,0.45,60.0,0.44,123.7,0.51,15.0,0.52,95.0,0.53,175.0,0.54,15.0,0.55,10.0,0.39,40.83,0.38,125.0,0.37,155.0,0.36,5.0,0.35,55.0,0.4,190.08,0.41,48.0,0.42,20.0,0.43,85.0,0.44,74.0,0.01,0.01,2373.181142,1776169433000
1776169435.533,235.533,0.48,6.0,0.47,35.0,0.45,85.0,0.44,148.7,0.43,10.0,0.51,89.5,0.52,115.5,0.53,170.0,0.54,15.0,0.55,15.0,0.49,89.5,0.48,115.5,0.47,170.0,0.46,15.0,0.45,15.0,0.52,6.0,0.53,35.0,0.55,85.0,0.56,148.7,0.57,10.0,0.03,0.03,2373.23837,1776169434000
1776169435.81,235.81,0.45,73.99,0.44,148.7,0.43,10.0,0.42,25.3,0.41,94.9,0.46,29.5,0.47,25.5,0.48,49.77,0.49,50.5,0.5,41.5,0.52,9.77,0.51,55.5,0.5,51.5,0.49,99.5,0.48,110.5,0.55,115.65,0.56,148.7,0.57,10.0,0.58,14.8,0.59,94.9,0.01,0.03,2373.23837,1776169434000
