timestamp,elapsed_sec,up_bid_p1,up_bid_s1,up_bid_p2,up_bid_s2,up_ask_p1,up_ask_s1,up_ask_p2,up_ask_s2,down_bid_p1,down_bid_s1,down_bid_p2,down_bid_s2,down_ask_p1,down_ask_s1,down_ask_p2,down_ask_s2,up_spread,down_spread,eth_price,eth_oracle_ts
1776395101.52,1.52,0.51,29.41,0.5,25.6,0.52,7.5,0.53,10.0,0.4,10.0,0.37,186.0,0.48,169.16,0.5,9.6,0.01,0.08,2328.983697,1776395100000
1776395105.584,5.584,0.51,39.41,0.5,25.6,0.52,21.22,0.53,15.0,0.48,7.5,0.47,10.0,0.49,29.41,0.5,25.6,0.01,0.01,2329.005666,1776395104000
1776395107.015,7.015,0.51,34.41,0.5,9.6,0.52,28.45,0.53,27.0,0.48,21.22,0.47,15.0,0.49,39.41,0.5,25.6,0.01,0.01,2329.006135,1776395106000
1776395107.481,7.481,0.51,17.98,0.5,9.6,0.52,52.65,0.53,27.0,0.48,28.45,0.47,27.0,0.49,29.41,0.5,9.6,0.01,0.01,2329.006135,1776395106000
1776395107.716,7.716,0.49,3.19,0.48,12.0,0.5,35.0,0.51,15.0,0.48,52.65,0.47,27.0,0.51,13.0,0.52,12.0,0.01,0.03,2329.006135,1776395106000
1776395108.011,8.011,0.48,12.0,0.47,17.0,0.49,5.0,0.5,35.0,0.5,35.0,0.49,15.0,0.51,3.19,0.52,12.0,0.01,0.01,2329.006135,1776395106000
1776395108.472,8.472,0.48,12.0,0.47,17.0,0.49,9.8,0.5,30.0,0.51,5.0,0.5,35.0,0.52,12.0,0.53,17.0,0.01,0.01,2329.00298,1776395107000
1776395110.733,10.733,0.48,25.0,0.47,37.0,0.5,5.5,0.51,15.0,0.51,9.8,0.5,30.0,0.52,12.0,0.53,17.0,0.02,0.01,2328.905701,1776395109000
1776395111.697,11.697,0.49,15.0,0.48,67.0,0.5,5.5,0.51,15.0,0.5,5.5,0.49,15.0,0.52,25.0,0.53,37.0,0.01,0.02,2328.893548,1776395110000
1776395112.11,12.11,0.49,5.19,0.48,72.0,0.5,11.5,0.51,15.0,0.5,5.5,0.49,15.0,0.51,15.0,0.52,67.0,0.01,0.01,2328.877553,1776395111000
1776395112.706,12.706,0.48,60.57,0.47,33.0,0.5,16.5,0.51,15.0,0.5,11.5,0.49,15.0,0.51,5.19,0.52,72.0,0.02,0.01,2328.877553,1776395111000
1776395113.916,13.916,0.45,8.88,0.4,13.0,0.48,139.0,0.49,112.0,0.5,16.5,0.49,15.0,0.52,60.57,0.53,33.0,0.03,0.02,2328.869655,1776395112000
1776395114.162,14.162,0.39,102.72,0.38,168.0,0.4,59.2,0.41,25.0,0.54,10.0,0.53,10.0,0.6,13.0,0.61,93.0,0.01,0.06,2328.87499,1776395113000
1776395114.881,14.881,0.39,81.03,0.38,173.0,0.4,35.0,0.41,25.0,0.6,59.2,0.59,25.0,0.61,102.72,0.62,168.0,0.01,0.01,2328.87499,1776395113000
1776395115.162,15.162,0.39,81.03,0.38,173.0,0.4,22.5,0.41,25.0,0.6,35.0,0.59,25.0,0.61,81.03,0.62,173.0,0.01,0.01,2328.874805,1776395114000
1776395115.93,15.93,0.34,80.0,0.33,84.0,0.38,88.0,0.39,47.0,0.6,22.5,0.59,25.0,0.61,81.03,0.62,173.0,0.04,0.01,2328.874805,1776395114000
1776395116.424,16.424,0.34,70.0,0.33,84.0,0.35,15.0,0.36,25.0,0.62,88.0,0.61,47.0,0.66,80.0,0.67,84.0,0.01,0.04,2328.617294,1776395115000
1776395122.509,22.509,0.34,58.06,0.33,76.0,0.35,15.0,0.36,20.0,0.65,15.0,0.64,25.0,0.66,70.0,0.67,84.0,0.01,0.01,2328.237834,1776395121000
1776395122.95,22.95,0.34,131.06,0.33,92.0,0.35,19.2,0.37,10.0,0.65,15.0,0.64,20.0,0.66,58.06,0.67,76.0,0.01,0.01,2328.237834,1776395121000
1776395123.299,23.299,0.4,2.31,0.39,115.0,0.41,16.0,0.42,15.0,0.65,14.2,0.63,10.0,0.66,176.06,0.67,92.0,0.01,0.01,2328.332375,1776395122000
1776395123.567,23.567,0.4,5.0,0.39,141.0,0.41,4.19,0.42,21.0,0.59,11.0,0.58,15.0,0.6,5.0,0.61,126.0,0.01,0.01,2328.332375,1776395122000
1776395123.967,23.967,0.41,13.52,0.4,26.96,0.42,21.0,0.43,40.0,0.59,4.19,0.58,21.0,0.6,5.0,0.61,141.0,0.01,0.01,2328.332375,1776395122000
1776395124.336,24.336,0.41,2.52,0.4,96.96,0.42,9.09,0.43,40.0,0.58,9.09,0.57,40.0,0.59,13.52,0.6,26.96,0.01,0.01,2328.2378,1776395123000
1776395125.183,25.183,0.41,107.43,0.4,109.96,0.42,10.0,0.43,30.0,0.58,9.09,0.57,40.0,0.59,2.52,0.6,96.96,0.01,0.01,2328.2378,1776395123000
1776395125.386,25.386,0.41,99.43,0.4,96.96,0.43,25.0,0.44,57.84,0.57,25.0,0.56,57.84,0.59,107.43,0.6,96.96,0.02,0.02,2328.306322,1776395124000
1776395126.703,26.703,0.41,104.43,0.4,96.96,0.42,4.2,0.43,25.0,0.57,25.0,0.56,57.84,0.59,99.43,0.6,96.96,0.01,0.02,2328.398384,1776395125000
1776395127.551,27.551,0.43,89.0,0.42,20.0,0.44,1.84,0.45,10.0,0.58,4.2,0.57,25.0,0.59,104.43,0.6,96.96,0.01,0.01,2328.434141,1776395126000
1776395127.842,27.842,0.42,15.0,0.41,79.43,0.44,22.0,0.45,60.99,0.54,25.0,0.53,10.0,0.57,74.0,0.58,10.0,0.02,0.03,2328.434141,1776395126000
1776395129.39,29.39,0.42,5.0,0.41,74.43,0.43,20.0,0.44,30.99,0.56,22.0,0.55,60.99,0.58,15.0,0.59,79.43,0.01,0.02,2328.442257,1776395127000
1776395129.955,29.955,0.42,5.0,0.41,74.43,0.43,11.84,0.44,30.99,0.57,20.0,0.56,30.99,0.58,5.0,0.59,74.43,0.01,0.01,2328.475136,1776395128000
1776395132.585,32.585,0.41,74.43,0.4,91.96,0.42,10.09,0.43,25.45,0.57,11.84,0.56,30.99,0.58,5.0,0.59,74.43,0.01,0.01,2328.490313,1776395131000
1776395133.112,33.112,0.41,67.43,0.4,101.96,0.42,5.0,0.43,13.61,0.58,10.09,0.57,25.45,0.59,74.43,0.6,91.96,0.01,0.01,2328.490313,1776395131000
1776395133.545,33.545,0.41,67.43,0.4,101.96,0.43,11.51,0.44,30.99,0.58,5.0,0.57,13.61,0.59,67.43,0.6,101.96,0.02,0.01,2328.490313,1776395132000
1776395134.06,34.06,0.41,67.43,0.4,86.96,0.43,26.51,0.44,30.99,0.57,11.51,0.56,30.99,0.59,67.43,0.6,101.96,0.02,0.02,2328.490313,1776395132000
1776395134.607,34.607,0.41,78.56,0.4,86.96,0.42,10.0,0.43,21.51,0.57,26.51,0.56,30.99,0.59,67.43,0.6,86.96,0.01,0.02,2328.471324,1776395133000
1776395135.897,35.897,0.41,90.52,0.4,85.0,0.43,55.66,0.44,31.39,0.58,10.0,0.57,21.51,0.59,78.56,0.6,86.96,0.02,0.01,2328.476514,1776395134000
1776395136.59,36.59,0.41,90.52,0.4,85.0,0.43,58.73,0.44,31.39,0.57,55.66,0.56,31.39,0.59,90.52,0.6,85.0,0.02,0.02,2328.474064,1776395135000
1776395138.07,38.07,0.42,82.0,0.41,61.57,0.43,1.81,0.46,15.0,0.57,58.73,0.56,31.39,0.59,90.52,0.6,85.0,0.01,0.02,2328.46306,1776395136000
1776395138.536,38.536,0.45,27.0,0.44,90.0,0.46,4.13,0.47,42.6,0.54,10.0,0.53,42.6,0.58,82.0,0.59,61.57,0.01,0.04,2328.463135,1776395137000
1776395139.066,39.066,0.45,76.2,0.44,80.0,0.46,37.22,0.47,42.6,0.54,4.13,0.53,42.6,0.55,27.0,0.56,90.0,0.01,0.01,2328.466801,1776395138000
1776395139.316,39.316,0.45,74.39,0.44,80.0,0.46,52.22,0.47,42.6,0.54,37.22,0.53,42.6,0.55,76.2,0.56,80.0,0.01,0.01,2328.466801,1776395138000
1776395140.059,40.059,0.45,72.39,0.44,80.0,0.46,41.35,0.47,28.0,0.54,41.35,0.53,42.6,0.55,74.39,0.56,80.0,0.01,0.01,2328.466801,1776395138000
1776395140.434,40.434,0.45,46.19,0.44,80.0,0.46,60.16,0.47,28.0,0.54,39.17,0.53,42.6,0.55,72.39,0.56,80.0,0.01,0.01,2328.554515,1776395139000
1776395140.659,40.659,0.45,42.99,0.44,80.0,0.46,60.16,0.47,28.0,0.54,60.16,0.53,28.0,0.55,46.19,0.56,80.0,0.01,0.01,2328.554515,1776395139000
1776395141.11,41.11,0.45,40.99,0.44,80.0,0.46,60.16,0.47,28.0,0.54,60.16,0.53,28.0,0.55,42.99,0.56,80.0,0.01,0.01,2328.554515,1776395139000
1776395141.493,41.493,0.45,40.99,0.44,90.0,0.46,38.16,0.47,28.0,0.54,60.16,0.53,28.0,0.55,40.99,0.56,80.0,0.01,0.01,2328.55327,1776395140000
1776395142.298,42.298,0.45,14.74,0.44,90.0,0.46,45.99,0.47,76.65,0.54,38.16,0.53,28.0,0.55,40.99,0.56,90.0,0.01,0.01,2328.55356,1776395141000
1776395142.597,42.597,0.45,15.55,0.44,90.0,0.46,45.99,0.47,76.65,0.54,45.99,0.53,76.65,0.55,17.74,0.56,90.0,0.01,0.01,2328.55356,1776395141000
1776395142.943,42.943,0.45,11.38,0.44,90.0,0.46,35.12,0.47,76.65,0.54,45.99,0.53,76.65,0.55,11.38,0.56,90.0,0.01,0.01,2328.55356,1776395141000
1776395144.113,44.113,0.45,27.32,0.44,90.0,0.46,14.13,0.47,91.25,0.54,35.12,0.53,76.65,0.55,11.38,0.56,90.0,0.01,0.01,2328.568946,1776395142000
1776395144.834,44.834,0.45,104.32,0.44,181.0,0.5,10.0,0.51,5.0,0.54,14.13,0.53,91.25,0.55,27.32,0.56,90.0,0.05,0.01,2328.676413,1776395143000
1776395145.299,45.299,0.51,24.61,0.5,25.0,0.52,11.24,0.53,95.0,0.48,23.86,0.47,108.0,0.51,20.2,0.52,5.0,0.01,0.03,2328.573265,1776395144000
1776395146.804,46.804,0.5,55.63,0.49,25.0,0.51,5.0,0.52,1.24,0.48,11.24,0.47,95.0,0.5,3.67,0.51,10.0,0.01,0.02,2328.58227,1776395145000
1776395147.266,47.266,0.5,96.83,0.49,119.0,0.54,200.0,0.55,10.0,0.49,5.0,0.48,1.24,0.5,55.63,0.51,25.0,0.04,0.01,2328.58227,1776395145000
1776395148.24,48.24,0.53,27.0,0.52,15.0,0.54,79.17,0.55,20.0,0.46,193.67,0.45,10.0,0.5,96.83,0.51,119.0,0.01,0.04,2328.85738,1776395147000
1776395151.774,51.774,0.53,27.01,0.52,15.0,0.54,10.0,0.55,34.4,0.46,79.17,0.45,20.0,0.47,24.14,0.48,15.0,0.01,0.01,2328.944605,1776395150000
1776395152.876,52.876,0.46,6.68,0.45,224.32,0.51,55.2,0.52,92.0,0.46,10.0,0.45,34.4,0.47,27.01,0.48,15.0,0.05,0.01,2328.971644,1776395151000
1776395155.38,55.38,0.47,23.22,0.46,11.68,0.48,12.0,0.49,22.0,0.49,55.2,0.48,92.0,0.54,6.68,0.55,224.32,0.01,0.05,2328.90521,1776395154000
1776395156.118,56.118,0.45,18.32,0.44,15.0,0.48,29.0,0.49,22.0,0.52,12.0,0.51,22.0,0.53,23.22,0.54,11.68,0.03,0.01,2328.90521,1776395154000
1776395157.768,57.768,0.48,5.0,0.47,20.0,0.49,15.0,0.5,25.0,0.53,5.0,0.52,22.0,0.54,16.73,0.55,18.32,0.01,0.01,2328.825316,1776395156000
1776395158.265,58.265,0.47,15.22,0.46,15.0,0.48,22.0,0.49,15.0,0.51,15.0,0.5,25.0,0.53,25.0,0.54,15.0,0.01,0.02,2328.825316,1776395156000
1776395164.578,64.578,0.41,5.0,0.38,70.0,0.46,119.0,0.47,255.0,0.52,22.0,0.51,15.0,0.53,15.22,0.54,15.0,0.05,0.01,2328.838534,1776395163000
1776395165.463,65.463,0.38,69.51,0.37,70.0,0.39,14.55,0.4,15.0,0.54,119.0,0.53,255.0,0.62,69.51,0.63,70.0,0.01,0.08,2328.838534,1776395163000
1776395165.775,65.775,0.38,53.44,0.37,70.0,0.39,14.55,0.4,15.0,0.61,14.55,0.6,15.0,0.62,61.44,0.63,70.0,0.01,0.01,2328.838365,1776395164000
1776395166.012,66.012,0.38,53.44,0.37,70.0,0.39,25.8,0.4,15.0,0.61,14.55,0.6,15.0,0.62,53.44,0.63,70.0,0.01,0.01,2328.838365,1776395164000
1776395169.746,69.746,0.38,53.44,0.37,75.0,0.39,14.47,0.4,10.0,0.61,28.67,0.6,15.0,0.62,53.44,0.63,70.0,0.01,0.01,2328.437219,1776395168000
1776395173.509,73.509,0.38,60.44,0.37,75.0,0.4,9.23,0.41,15.0,0.61,14.47,0.6,10.0,0.62,53.44,0.63,75.0,0.02,0.01,2328.431211,1776395172000
1776395176.979,76.979,0.38,46.44,0.37,75.0,0.39,10.0,0.4,21.23,0.6,9.23,0.59,15.0,0.62,60.44,0.63,75.0,0.01,0.02,2328.432665,1776395175000
1776395179.113,79.113,0.39,27.0,0.38,56.44,0.4,9.23,0.41,60.0,0.61,10.0,0.6,21.23,0.62,46.44,0.63,75.0,0.01,0.01,2328.428327,1776395177000
1776395180.66,80.66,0.31,80.0,0.3,75.0,0.33,56.0,0.34,22.0,0.6,9.23,0.59,60.0,0.61,27.0,0.62,56.44,0.02,0.01,2328.434823,1776395179000
1776395180.958,80.958,0.31,84.16,0.3,75.0,0.32,25.7,0.33,24.0,0.68,18.7,0.67,29.0,0.69,99.16,0.7,75.0,0.01,0.01,2328.434823,1776395179000
1776395182.22,82.22,0.31,27.0,0.3,75.0,0.32,22.0,0.33,29.0,0.68,25.7,0.67,24.0,0.69,84.16,0.7,75.0,0.01,0.01,2328.425768,1776395180000
1776395183.125,83.125,0.31,55.0,0.3,85.0,0.33,15.0,0.34,15.0,0.68,22.0,0.67,29.0,0.69,27.0,0.7,75.0,0.02,0.01,2328.424817,1776395181000
1776395185.492,85.492,0.27,5.0,0.26,75.0,0.28,80.56,0.29,22.0,0.67,15.0,0.66,15.0,0.69,55.0,0.7,85.0,0.01,0.02,2328.101232,1776395184000
1776395186.29,86.29,0.26,64.83,0.25,107.0,0.31,6.0,0.34,15.0,0.72,80.56,0.71,22.0,0.74,74.83,0.75,55.0,0.05,0.02,2328.101232,1776395184000
1776395187.161,87.161,0.32,227.0,0.3,20.0,0.33,15.0,0.34,15.0,0.67,10.0,0.66,15.0,0.68,64.0,0.7,10.0,0.01,0.01,2328.081374,1776395185000
1776395187.407,87.407,0.32,219.64,0.3,20.0,0.33,15.0,0.34,15.0,0.67,15.0,0.66,15.0,0.68,227.0,0.7,20.0,0.01,0.01,2327.97523,1776395186000
1776395189.261,89.261,0.32,234.93,0.31,15.0,0.33,49.46,0.34,15.0,0.67,15.0,0.66,15.0,0.68,219.64,0.7,20.0,0.01,0.01,2327.943447,1776395187000
1776395190.618,90.618,0.39,39.0,0.38,20.0,0.4,5.2,0.41,55.0,0.67,49.46,0.66,15.0,0.68,234.93,0.69,15.0,0.01,0.01,2328.018225,1776395189000
1776395190.909,90.909,0.39,53.21,0.38,95.0,0.41,47.94,0.43,5.0,0.6,0.2,0.59,55.0,0.61,49.21,0.62,90.0,0.02,0.01,2328.018225,1776395189000
1776395191.802,91.802,0.4,73.0,0.39,36.21,0.46,5.0,0.49,70.0,0.59,0.94,0.57,5.0,0.61,53.21,0.62,95.0,0.06,0.02,2328.13143,1776395190000
1776395192.013,92.013,0.48,15.0,0.47,15.0,0.49,66.85,0.5,96.34,0.54,5.0,0.51,70.0,0.6,73.0,0.61,36.21,0.01,0.06,2328.13143,1776395190000
1776395192.241,92.241,0.49,10.0,0.48,10.0,0.5,13.44,0.51,8.0,0.52,80.29,0.5,26.34,0.54,7.12,0.55,15.0,0.01,0.02,2328.13143,1776395190000
1776395192.614,92.614,0.51,44.46,0.49,182.0,0.52,5.0,0.55,70.0,0.5,5.54,0.46,5.0,0.51,26.0,0.52,28.0,0.01,0.01,2328.051646,1776395191000
1776395193.627,93.627,0.54,2.91,0.53,28.0,0.55,46.1,0.56,80.0,0.45,36.1,0.44,80.0,0.49,110.46,0.5,35.0,0.01,0.04,2328.360467,1776395192000
1776395193.858,93.858,0.54,19.2,0.53,28.0,0.55,44.33,0.56,80.0,0.45,46.1,0.44,80.0,0.46,2.91,0.47,28.0,0.01,0.01,2328.360467,1776395192000
1776395194.945,94.945,0.54,21.82,0.53,38.0,0.55,44.33,0.56,175.54,0.45,44.33,0.44,80.0,0.46,19.2,0.47,28.0,0.01,0.01,2328.930949,1776395193000
1776395195.347,95.347,0.55,103.0,0.54,66.82,0.56,11.54,0.58,5.0,0.45,44.33,0.44,175.54,0.46,21.82,0.47,38.0,0.01,0.01,2328.99271,1776395194000
1776395196.22,96.22,0.57,24.58,0.56,30.0,0.58,5.0,0.59,111.08,0.44,11.54,0.42,5.0,0.45,103.0,0.46,66.82,0.01,0.01,2328.99271,1776395194000
1776395196.833,96.833,0.58,0.61,0.57,48.58,0.59,127.88,0.6,10.0,0.42,5.0,0.41,111.08,0.43,24.58,0.44,30.0,0.01,0.01,2329.111685,1776395195000
1776395198.148,98.148,0.58,85.0,0.57,60.58,0.59,8.32,0.6,71.65,0.41,127.88,0.4,10.0,0.42,0.61,0.43,48.58,0.01,0.01,2329.08801,1776395196000
1776395199.164,99.164,0.58,220.0,0.57,255.58,0.59,3.32,0.61,5.0,0.41,8.32,0.4,71.65,0.42,79.5,0.43,60.58,0.01,0.01,2329.266194,1776395198000
1776395199.925,99.925,0.64,27.5,0.63,23.0,0.65,9.0,0.66,10.0,0.35,9.0,0.34,10.0,0.37,38.93,0.38,10.0,0.01,0.02,2329.266194,1776395198000
1776395200.43,100.43,0.65,40.0,0.63,33.0,0.66,2.23,0.67,10.0,0.34,9.81,0.33,10.0,0.36,17.95,0.37,23.0,0.01,0.02,2329.30303,1776395199000
1776395200.837,100.837,0.65,40.0,0.63,33.0,0.67,4.73,0.68,85.0,0.34,2.23,0.33,10.0,0.35,40.0,0.37,33.0,0.02,0.01,2329.30303,1776395199000
1776395201.149,101.149,0.66,40.0,0.65,15.0,0.67,109.08,0.68,85.0,0.33,4.73,0.32,85.0,0.35,40.0,0.37,33.0,0.01,0.02,2329.30303,1776395199000
1776395201.457,101.457,0.65,15.0,0.64,10.0,0.67,111.61,0.68,85.0,0.33,111.61,0.32,85.0,0.34,40.0,0.35,15.0,0.02,0.01,2329.30303,1776395199000
1776395201.908,101.908,0.65,35.0,0.64,10.0,0.66,2.42,0.67,114.84,0.34,2.42,0.33,114.84,0.35,15.0,0.36,10.0,0.01,0.01,2329.30303,1776395199000
1776395202.437,102.437,0.65,28.7,0.64,10.0,0.66,9.42,0.67,114.84,0.34,9.42,0.33,114.84,0.35,31.85,0.36,10.0,0.01,0.01,2329.615684,1776395200000
1776395202.984,102.984,0.66,24.85,0.65,13.7,0.67,121.84,0.68,85.0,0.34,9.42,0.33,114.84,0.35,28.7,0.36,10.0,0.01,0.01,2329.628422,1776395201000
1776395204.092,104.092,0.66,8.32,0.65,13.7,0.67,111.61,0.68,85.0,0.33,121.84,0.32,85.0,0.34,24.85,0.35,13.7,0.01,0.01,2329.647917,1776395203000
1776395206.925,106.925,0.67,50.0,0.66,15.0,0.68,64.0,0.69,15.0,0.33,111.61,0.32,85.0,0.34,8.32,0.35,13.7,0.01,0.01,2329.646389,1776395205000
1776395207.378,107.378,0.67,50.0,0.66,15.0,0.68,56.64,0.69,15.0,0.32,64.0,0.31,15.0,0.33,50.0,0.34,15.0,0.01,0.01,2329.646389,1776395205000
1776395207.783,107.783,0.6,30.0,0.59,33.0,0.65,24.0,0.66,78.0,0.32,56.64,0.31,15.0,0.33,50.0,0.34,15.0,0.05,0.01,2329.653256,1776395206000
1776395207.997,107.997,0.61,7.74,0.6,30.0,0.62,122.0,0.63,25.0,0.38,60.0,0.37,12.0,0.39,15.0,0.4,30.0,0.01,0.01,2329.653256,1776395206000
1776395208.477,108.477,0.6,20.02,0.59,33.0,0.62,110.16,0.63,25.0,0.38,127.0,0.37,25.0,0.4,10.02,0.41,33.0,0.02,0.02,2329.651899,1776395207000
1776395208.686,108.686,0.6,20.02,0.59,33.0,0.62,91.54,0.63,20.0,0.38,110.16,0.37,25.0,0.4,20.02,0.41,33.0,0.02,0.02,2329.651899,1776395207000
1776395208.936,108.936,0.61,33.0,0.6,114.02,0.62,60.07,0.63,10.0,0.38,91.54,0.37,20.0,0.4,20.02,0.41,33.0,0.01,0.02,2329.651899,1776395207000
1776395209.192,109.192,0.61,33.0,0.6,114.02,0.62,21.0,0.63,20.0,0.38,37.0,0.37,20.0,0.39,33.0,0.4,114.02,0.01,0.01,2329.651899,1776395207000
1776395210.476,110.476,0.61,33.0,0.6,128.62,0.62,16.5,0.63,20.0,0.38,21.0,0.37,20.0,0.39,33.0,0.4,114.02,0.01,0.01,2329.61403,1776395209000
1776395211.088,111.088,0.6,110.67,0.59,20.0,0.62,16.5,0.63,10.0,0.38,16.5,0.37,20.0,0.39,33.0,0.4,128.62,0.02,0.01,2329.61403,1776395209000
1776395213.948,113.948,0.57,5.0,0.53,10.0,0.61,59.0,0.62,26.5,0.38,16.5,0.37,10.0,0.4,110.67,0.41,20.0,0.04,0.02,2329.556306,1776395212000
1776395214.246,114.246,0.53,5.95,0.52,15.0,0.54,8.77,0.55,42.0,0.45,29.0,0.44,29.0,0.46,2.09,0.47,5.95,0.01,0.01,2329.555845,1776395213000
1776395214.567,114.567,0.54,166.0,0.53,84.95,0.55,5.0,0.59,80.0,0.46,8.77,0.45,42.0,0.47,5.95,0.48,15.0,0.01,0.01,2329.555845,1776395213000
1776395214.791,114.791,0.55,65.0,0.54,197.0,0.59,80.0,0.6,30.0,0.45,5.0,0.41,80.0,0.46,166.0,0.47,84.95,0.04,0.01,2329.555845,1776395213000
1776395215.092,115.092,0.58,7.28,0.57,25.0,0.59,10.0,0.6,10.0,0.4,15.23,0.39,20.0,0.42,7.05,0.43,20.0,0.01,0.02,2329.555845,1776395213000
1776395215.576,115.576,0.58,12.28,0.57,20.0,0.59,10.0,0.6,10.0,0.41,10.0,0.4,10.0,0.42,7.28,0.43,25.0,0.01,0.01,2329.555845,1776395213000
1776395215.986,115.986,0.57,13.37,0.56,15.0,0.59,15.0,0.6,10.0,0.41,10.0,0.4,10.0,0.42,0.37,0.43,25.0,0.02,0.01,2329.503741,1776395214000
1776395216.192,116.192,0.57,8.37,0.56,22.0,0.59,15.0,0.6,10.0,0.41,15.0,0.4,10.0,0.43,13.37,0.44,15.0,0.02,0.02,2329.503741,1776395214000
1776395216.549,116.549,0.57,39.74,0.56,22.0,0.59,15.0,0.6,10.0,0.41,15.0,0.4,10.0,0.43,8.37,0.44,22.0,0.02,0.02,2329.20965,1776395215000
1776395216.946,116.946,0.57,34.74,0.56,21.0,0.59,18.55,0.6,10.0,0.41,15.0,0.4,10.0,0.43,39.74,0.44,22.0,0.02,0.02,2329.20965,1776395215000
1776395217.332,117.332,0.57,34.74,0.56,21.0,0.59,8.55,0.6,10.0,0.41,6.83,0.4,10.0,0.43,16.74,0.44,21.0,0.02,0.02,2329.20965,1776395215000
1776395218.696,118.696,0.58,16.8,0.57,16.74,0.59,8.55,0.6,15.0,0.41,8.55,0.4,10.0,0.43,34.74,0.44,21.0,0.01,0.02,2329.20171,1776395217000
1776395219.028,119.028,0.58,16.8,0.57,16.74,0.59,0.55,0.6,15.0,0.41,8.55,0.4,15.0,0.42,16.8,0.43,16.74,0.01,0.01,2329.20171,1776395217000
1776395222.675,122.675,0.55,58.0,0.54,11.72,0.56,34.0,0.57,30.0,0.41,0.55,0.4,15.0,0.42,12.03,0.43,16.74,0.01,0.01,2329.210697,1776395221000
1776395223.358,123.358,0.55,31.0,0.54,21.72,0.56,47.0,0.57,30.0,0.44,34.0,0.43,30.0,0.45,36.0,0.46,21.72,0.01,0.01,2329.207533,1776395222000
1776395223.775,123.775,0.55,74.0,0.54,26.72,0.57,5.0,0.58,25.0,0.44,47.0,0.43,30.0,0.45,31.0,0.46,21.72,0.02,0.01,2329.207533,1776395222000
1776395224.475,124.475,0.58,63.0,0.57,79.2,0.62,26.5,0.63,11.0,0.43,5.0,0.42,25.0,0.45,74.0,0.46,26.72,0.04,0.02,2329.207533,1776395222000
1776395224.762,124.762,0.61,15.0,0.6,20.0,0.62,8.07,0.63,54.22,0.38,11.14,0.37,21.0,0.39,15.0,0.4,15.0,0.01,0.01,2329.112451,1776395223000
1776395225.448,125.448,0.61,20.0,0.6,20.0,0.62,11.93,0.63,54.22,0.38,8.07,0.37,54.22,0.39,15.0,0.4,20.0,0.01,0.01,2329.112451,1776395223000
1776395226.762,126.762,0.6,17.25,0.59,20.0,0.62,10.0,0.63,16.0,0.38,11.93,0.37,54.22,0.39,20.0,0.4,20.0,0.02,0.01,2329.119349,1776395225000
1776395228.997,128.997,0.61,15.0,0.6,17.25,0.63,45.39,0.64,93.0,0.38,10.0,0.37,16.0,0.4,17.25,0.41,20.0,0.02,0.02,2329.285645,1776395227000
1776395229.551,129.551,0.65,59.2,0.64,15.0,0.66,15.43,0.67,85.0,0.37,45.39,0.36,93.0,0.39,15.0,0.4,17.25,0.01,0.02,2329.30381,1776395228000
1776395233.625,133.625,0.62,5.0,0.61,10.0,0.63,5.0,0.64,15.0,0.33,77.54,0.32,108.82,0.35,59.2,0.36,15.0,0.01,0.02,2329.445495,1776395232000
1776395235.744,135.744,0.63,20.0,0.62,15.0,0.65,12.23,0.66,85.0,0.37,5.0,0.36,15.0,0.38,5.0,0.39,10.0,0.02,0.01,2329.396229,1776395234000
1776395240.941,140.941,0.64,15.0,0.63,20.0,0.65,2.0,0.66,85.0,0.35,12.23,0.34,85.0,0.37,20.0,0.38,15.0,0.01,0.02,2329.383974,1776395239000
1776395241.964,141.964,0.65,38.0,0.64,20.0,0.67,15.0,0.68,108.46,0.35,2.0,0.34,85.0,0.36,15.0,0.37,20.0,0.02,0.01,2329.469622,1776395240000
1776395242.254,142.254,0.66,6.53,0.65,25.0,0.67,15.0,0.68,108.46,0.33,15.0,0.32,108.46,0.35,38.0,0.36,20.0,0.01,0.02,2329.383576,1776395241000
1776395243.282,143.282,0.66,6.53,0.65,20.0,0.67,13.5,0.68,108.46,0.33,15.0,0.32,108.46,0.34,6.53,0.35,25.0,0.01,0.01,2329.514437,1776395242000
1776395243.871,143.871,0.66,6.53,0.65,25.0,0.67,6.03,0.68,108.46,0.33,13.5,0.32,108.46,0.34,6.53,0.35,20.0,0.01,0.01,2329.514437,1776395242000
1776395245.232,145.232,0.66,203.34,0.65,25.0,0.67,5.0,0.68,108.46,0.33,6.03,0.32,108.46,0.34,6.53,0.35,25.0,0.01,0.01,2329.4434,1776395244000
1776395246.801,146.801,0.66,198.63,0.65,25.0,0.67,5.0,0.68,108.46,0.33,5.0,0.32,108.46,0.34,203.34,0.35,25.0,0.01,0.01,2329.453445,1776395245000
1776395247.858,147.858,0.66,169.21,0.65,25.0,0.67,5.0,0.68,108.46,0.33,5.0,0.32,108.46,0.34,198.63,0.35,25.0,0.01,0.01,2329.45392,1776395246000
1776395248.776,148.776,0.66,10.0,0.65,25.0,0.67,3.5,0.68,108.46,0.33,5.0,0.32,108.46,0.34,169.21,0.35,25.0,0.01,0.01,2329.47124,1776395247000
1776395249.831,149.831,0.67,98.2,0.66,15.0,0.68,17.46,0.72,12.58,0.33,3.5,0.32,108.46,0.34,10.0,0.35,25.0,0.01,0.01,2329.47624,1776395248000
1776395250.235,150.235,0.71,73.75,0.7,15.0,0.72,6.58,0.73,46.36,0.28,6.58,0.27,46.36,0.29,15.0,0.3,15.0,0.01,0.01,2329.470955,1776395249000
1776395250.44,150.44,0.72,10.22,0.71,81.75,0.73,46.36,0.74,99.62,0.28,0.58,0.27,46.36,0.29,81.75,0.3,15.0,0.01,0.01,2329.470955,1776395249000
1776395251.035,151.035,0.72,20.22,0.71,47.75,0.73,31.51,0.74,99.62,0.27,33.36,0.26,99.62,0.28,10.22,0.29,63.75,0.01,0.01,2329.470955,1776395249000
1776395251.381,151.381,0.72,9.22,0.71,47.75,0.73,24.66,0.74,99.62,0.27,26.51,0.26,99.62,0.28,9.22,0.29,47.75,0.01,0.01,2329.470955,1776395249000
1776395251.734,151.734,0.72,9.22,0.71,47.75,0.73,17.81,0.74,104.62,0.27,24.66,0.26,99.62,0.28,9.22,0.29,47.75,0.01,0.01,2329.470955,1776395249000
1776395252.07,152.07,0.72,9.22,0.71,47.75,0.73,9.36,0.74,149.45,0.27,17.81,0.26,104.62,0.28,9.22,0.29,47.75,0.01,0.01,2329.470735,1776395250000
1776395252.411,152.411,0.72,4.04,0.71,47.75,0.73,32.51,0.74,149.45,0.27,39.36,0.26,149.45,0.28,4.04,0.29,47.75,0.01,0.01,2329.470735,1776395250000
1776395252.754,152.754,0.72,4.04,0.71,47.75,0.73,30.51,0.74,149.45,0.27,32.51,0.26,149.45,0.28,4.04,0.29,47.75,0.01,0.01,2329.784596,1776395251000
1776395253.642,153.642,0.71,10.0,0.7,15.0,0.73,31.36,0.74,101.26,0.27,30.51,0.26,149.45,0.28,4.04,0.29,47.75,0.02,0.01,2329.853669,1776395252000
1776395254.629,154.629,0.7,8.0,0.69,15.0,0.72,22.0,0.73,24.36,0.27,31.36,0.26,101.26,0.29,10.0,0.3,15.0,0.02,0.02,2329.745577,1776395253000
1776395255.028,155.028,0.71,8.22,0.7,8.0,0.72,22.0,0.73,24.36,0.28,22.0,0.27,24.36,0.3,8.0,0.31,15.0,0.01,0.02,2329.745577,1776395253000
1776395257.73,157.73,0.71,12.0,0.68,20.0,0.72,27.0,0.73,64.36,0.28,22.0,0.27,24.36,0.29,8.22,0.3,8.0,0.01,0.01,2329.692377,1776395256000
1776395258.055,158.055,0.68,30.22,0.67,20.0,0.69,5.0,0.7,15.0,0.28,27.0,0.27,64.36,0.32,14.0,0.33,20.0,0.01,0.04,2329.692377,1776395256000
1776395258.624,158.624,0.67,4.54,0.66,15.0,0.69,47.0,0.7,15.0,0.31,5.0,0.3,15.0,0.32,16.03,0.33,20.0,0.02,0.01,2329.7512,1776395257000
1776395263.089,163.089,0.7,20.0,0.69,20.0,0.72,6.0,0.73,40.78,0.31,26.56,0.3,15.0,0.33,4.54,0.34,15.0,0.02,0.02,2329.621953,1776395262000
1776395263.417,163.417,0.7,18.27,0.69,20.0,0.72,6.0,0.73,22.48,0.28,6.0,0.27,40.78,0.3,20.0,0.31,20.0,0.02,0.02,2329.621953,1776395262000
1776395264.43,164.43,0.7,11.49,0.69,20.0,0.73,8.22,0.74,119.96,0.28,11.0,0.27,22.48,0.3,11.49,0.31,20.0,0.03,0.02,2329.622003,1776395263000
1776395265.549,165.549,0.65,25.44,0.64,30.02,0.66,60.0,0.67,47.0,0.27,8.22,0.26,119.96,0.3,11.49,0.31,20.0,0.01,0.03,2329.622003,1776395263000
1776395265.774,165.774,0.65,7.61,0.64,30.02,0.66,158.32,0.67,54.0,0.34,115.0,0.33,54.0,0.35,7.61,0.36,30.02,0.01,0.01,2329.621305,1776395264000
1776395267.891,167.891,0.64,25.02,0.63,10.0,0.66,106.7,0.67,49.0,0.34,149.7,0.33,54.0,0.35,7.61,0.36,30.02,0.02,0.01,2329.597952,1776395266000
1776395268.416,168.416,0.65,2.63,0.64,25.02,0.66,106.7,0.67,39.0,0.34,106.7,0.33,49.0,0.36,25.02,0.37,10.0,0.01,0.02,2329.412048,1776395267000
1776395269.178,169.178,0.65,2.63,0.64,10.0,0.68,35.5,0.69,137.0,0.34,106.7,0.33,39.0,0.35,2.63,0.36,25.02,0.03,0.01,2329.412048,1776395267000
1776395269.439,169.439,0.66,0.29,0.65,2.63,0.68,117.5,0.69,118.0,0.32,35.5,0.31,137.0,0.35,2.63,0.36,10.0,0.02,0.03,2329.412048,1776395267000
1776395270.599,170.599,0.64,7.27,0.63,10.0,0.67,23.0,0.68,80.5,0.32,117.5,0.31,118.0,0.34,0.29,0.35,2.63,0.03,0.02,2329.333988,1776395269000
1776395270.844,170.844,0.64,3.1,0.63,10.0,0.67,23.0,0.68,80.5,0.33,23.0,0.32,80.5,0.36,7.27,0.37,10.0,0.03,0.03,2329.333988,1776395269000
1776395271.121,171.121,0.65,4.85,0.64,3.1,0.66,15.0,0.67,10.0,0.33,23.0,0.32,80.5,0.36,3.1,0.37,10.0,0.01,0.03,2329.331528,1776395270000
1776395273.169,173.169,0.6,10.0,0.59,20.0,0.64,107.0,0.65,20.0,0.33,7.0,0.32,97.0,0.35,4.85,0.36,3.1,0.04,0.02,2329.329238,1776395271000
1776395273.376,173.376,0.61,2.05,0.58,1.73,0.62,30.0,0.63,6.0,0.37,6.0,0.36,97.0,0.42,1.73,0.43,10.0,0.01,0.05,2329.330166,1776395272000
1776395276.787,176.787,0.57,5.0,0.55,10.0,0.58,13.27,0.59,10.0,0.38,63.0,0.37,26.0,0.43,13.78,0.44,10.0,0.01,0.05,2329.249594,1776395275000
1776395277.956,177.956,0.57,5.0,0.56,15.0,0.58,34.54,0.59,90.0,0.42,13.27,0.41,10.0,0.43,5.0,0.45,10.0,0.01,0.01,2329.220648,1776395276000
1776395279.272,179.272,0.6,20.0,0.59,71.0,0.62,55.3,0.63,31.4,0.42,34.54,0.41,90.0,0.43,5.0,0.44,15.0,0.02,0.01,2329.212908,1776395277000
1776395280.88,180.88,0.61,15.0,0.6,20.0,0.62,53.68,0.63,31.4,0.38,55.3,0.37,31.4,0.4,20.0,0.41,71.0,0.01,0.02,2329.127448,1776395279000
1776395281.222,181.222,0.6,25.0,0.59,25.0,0.62,45.0,0.63,54.52,0.38,53.68,0.37,31.4,0.39,15.0,0.4,20.0,0.02,0.01,2329.200305,1776395280000
1776395282.03,182.03,0.61,15.0,0.6,30.0,0.62,10.0,0.63,36.4,0.39,4.0,0.38,45.0,0.4,25.0,0.41,25.0,0.01,0.01,2329.200305,1776395280000
1776395282.257,182.257,0.61,15.0,0.6,25.0,0.62,8.19,0.63,36.4,0.38,10.0,0.37,36.4,0.39,15.0,0.4,25.0,0.01,0.01,2329.200305,1776395280000
1776395282.536,182.536,0.61,25.0,0.6,25.0,0.63,36.4,0.64,36.6,0.38,8.19,0.37,36.4,0.39,15.0,0.4,25.0,0.02,0.01,2329.200305,1776395280000
1776395282.791,182.791,0.61,25.0,0.6,25.0,0.63,31.4,0.64,36.6,0.37,36.4,0.36,36.6,0.39,25.0,0.4,25.0,0.02,0.02,2329.200305,1776395280000
1776395283.484,183.484,0.62,5.0,0.61,15.0,0.63,28.81,0.64,36.6,0.37,31.4,0.36,36.6,0.39,25.0,0.4,25.0,0.01,0.02,2329.258615,1776395281000
1776395284.115,184.115,0.62,10.0,0.61,15.0,0.63,23.81,0.64,36.6,0.37,28.81,0.36,36.6,0.38,5.0,0.39,15.0,0.01,0.01,2329.199895,1776395282000
1776395284.529,184.529,0.62,10.0,0.61,15.0,0.63,13.41,0.64,36.6,0.37,15.87,0.36,36.6,0.38,10.0,0.39,15.0,0.01,0.01,2329.23713,1776395283000
1776395287.136,187.136,0.65,66.0,0.64,52.81,0.74,15.0,0.75,10.0,0.37,13.41,0.36,36.6,0.38,10.0,0.39,15.0,0.09,0.01,2329.366038,1776395285000
1776395287.568,187.568,0.7,6.76,0.66,12.0,0.71,34.0,0.72,10.0,0.24,149.47,0.23,80.0,0.25,70.0,0.26,60.0,0.01,0.01,2329.31878,1776395286000
1776395287.95,187.95,0.66,6.0,0.65,24.6,0.71,196.0,0.72,20.0,0.29,157.18,0.28,10.0,0.3,2.5,0.34,6.0,0.05,0.01,2329.31878,1776395286000
1776395288.484,188.484,0.65,24.6,0.64,143.76,0.67,36.55,0.68,10.0,0.29,196.0,0.28,20.0,0.34,6.0,0.35,24.6,0.02,0.05,2329.293304,1776395287000
1776395289.197,189.197,0.65,24.6,0.64,28.81,0.68,0.35,0.69,26.0,0.33,36.55,0.32,10.0,0.35,24.6,0.36,143.76,0.03,0.02,2329.293304,1776395287000
1776395289.822,189.822,0.64,19.64,0.63,10.0,0.67,8.0,0.68,10.0,0.31,29.09,0.3,10.0,0.35,19.6,0.36,23.81,0.03,0.04,2329.476265,1776395288000
1776395290.575,190.575,0.66,2.84,0.65,10.0,0.67,8.0,0.69,19.09,0.33,8.0,0.32,10.0,0.36,19.64,0.37,10.0,0.01,0.03,2329.424832,1776395289000
1776395291.199,191.199,0.65,7.37,0.64,23.24,0.67,25.53,0.68,10.0,0.33,0.53,0.31,19.09,0.34,7.84,0.35,15.0,0.02,0.01,2329.424832,1776395289000
1776395291.776,191.776,0.64,2.14,0.63,10.0,0.65,10.0,0.66,35.0,0.33,25.53,0.32,10.0,0.35,7.37,0.36,23.24,0.01,0.02,2329.506749,1776395290000
1776395292.968,192.968,0.6,150.0,0.59,80.0,0.63,20.0,0.64,20.0,0.35,25.0,0.34,51.0,0.37,2.64,0.38,23.06,0.03,0.02,2329.401557,1776395291000
1776395293.283,193.283,0.62,10.0,0.61,15.0,0.64,23.0,0.65,34.0,0.37,20.0,0.36,20.0,0.4,150.0,0.41,80.0,0.02,0.03,2329.397572,1776395292000
1776395295.247,195.247,0.6,111.79,0.59,80.0,0.64,18.0,0.65,34.0,0.36,23.0,0.35,34.0,0.38,10.0,0.39,15.0,0.04,0.02,2329.350184,1776395293000
1776395295.948,195.948,0.61,2.18,0.6,121.79,0.62,24.0,0.63,15.0,0.36,18.0,0.35,34.0,0.4,111.79,0.41,80.0,0.01,0.04,2329.348207,1776395294000
1776395296.677,196.677,0.61,4.0,0.6,126.79,0.62,6.48,0.63,10.0,0.38,16.48,0.37,15.0,0.39,2.18,0.4,121.79,0.01,0.01,2329.34813,1776395295000
1776395297.727,197.727,0.61,19.0,0.6,126.79,0.62,1.48,0.63,10.0,0.38,6.48,0.37,10.0,0.39,4.0,0.4,126.79,0.01,0.01,2329.346357,1776395296000
1776395298.239,198.239,0.61,29.0,0.6,127.79,0.65,10.91,0.66,73.0,0.38,1.48,0.37,10.0,0.39,19.0,0.4,126.79,0.04,0.01,2329.346357,1776395296000
1776395299.003,199.003,0.64,10.0,0.63,10.0,0.65,3.21,0.66,73.0,0.35,10.91,0.34,73.0,0.39,29.0,0.4,127.79,0.01,0.04,2329.342216,1776395297000
1776395301.12,201.12,0.64,20.0,0.63,10.0,0.66,78.0,0.67,21.53,0.35,3.21,0.34,73.0,0.36,10.0,0.37,10.0,0.02,0.01,2329.352683,1776395300000
1776395301.454,201.454,0.65,5.0,0.64,10.0,0.66,70.03,0.67,21.53,0.34,78.0,0.33,21.53,0.36,20.0,0.37,10.0,0.01,0.02,2329.352683,1776395300000
1776395301.905,201.905,0.64,7.63,0.63,10.0,0.66,70.03,0.67,21.53,0.34,70.03,0.33,21.53,0.35,5.0,0.36,10.0,0.02,0.01,2329.352683,1776395300000
1776395305.663,205.663,0.65,15.0,0.64,82.63,0.66,49.03,0.67,10.53,0.34,70.03,0.33,21.53,0.36,7.63,0.37,10.0,0.01,0.02,2329.352791,1776395304000
1776395306.366,206.366,0.68,39.0,0.67,114.0,0.71,39.59,0.73,10.0,0.34,49.03,0.33,10.53,0.35,15.0,0.36,82.63,0.03,0.01,2329.352791,1776395304000
1776395306.596,206.596,0.7,60.0,0.69,174.0,0.71,23.95,0.73,10.0,0.29,39.59,0.27,10.0,0.32,39.0,0.33,114.0,0.01,0.03,2329.433366,1776395305000
1776395306.83,206.83,0.7,75.0,0.69,179.0,0.72,10.0,0.73,10.0,0.29,23.95,0.28,10.0,0.3,80.0,0.31,179.0,0.02,0.01,2329.433366,1776395305000
1776395307.198,207.198,0.73,138.0,0.72,110.0,0.75,7.98,0.76,48.63,0.28,5.0,0.27,10.0,0.29,5.0,0.3,75.0,0.02,0.01,2329.433366,1776395305000
1776395308.644,208.644,0.75,32.0,0.74,26.0,0.76,17.16,0.77,10.0,0.24,11.89,0.23,10.0,0.26,0.57,0.27,120.0,0.01,0.02,2329.389254,1776395307000
1776395309.557,209.557,0.76,30.0,0.75,21.0,0.77,4.33,0.78,16.0,0.23,5.63,0.22,10.0,0.25,32.0,0.26,26.0,0.01,0.02,2329.51651,1776395308000
1776395309.77,209.77,0.76,27.41,0.75,21.0,0.77,4.33,0.78,16.0,0.23,4.33,0.22,16.0,0.24,30.0,0.25,21.0,0.01,0.01,2329.51651,1776395308000
1776395310.516,210.516,0.76,27.41,0.75,31.0,0.77,3.03,0.78,16.0,0.23,4.33,0.22,16.0,0.24,27.41,0.25,21.0,0.01,0.01,2329.668525,1776395309000
1776395311.19,211.19,0.77,5.0,0.76,22.41,0.78,32.71,0.79,10.0,0.22,16.0,0.21,10.0,0.24,27.41,0.25,31.0,0.01,0.02,2329.716793,1776395310000
1776395314.003,214.003,0.77,5.0,0.76,32.41,0.78,20.71,0.79,10.0,0.22,18.71,0.21,10.0,0.23,5.0,0.24,22.41,0.01,0.01,2329.67128,1776395312000
1776395320.54,220.54,0.77,26.0,0.76,33.41,0.78,10.71,0.79,10.0,0.22,20.71,0.21,10.0,0.23,5.0,0.24,32.41,0.01,0.01,2329.680815,1776395319000
1776395321.089,221.089,0.77,31.0,0.76,33.41,0.8,13.71,0.81,15.0,0.22,10.71,0.21,10.0,0.23,26.0,0.24,33.41,0.03,0.01,2329.67271,1776395320000
1776395321.636,221.636,0.78,20.27,0.77,26.0,0.79,25.0,0.8,13.71,0.2,13.71,0.19,15.0,0.23,31.0,0.24,33.41,0.01,0.03,2329.67271,1776395320000
1776395322.325,222.325,0.77,26.0,0.76,34.41,0.78,12.23,0.8,10.33,0.2,5.33,0.19,15.0,0.22,25.27,0.23,26.0,0.01,0.02,2329.67271,1776395320000
1776395323.552,223.552,0.78,15.0,0.77,32.0,0.79,2.92,0.8,5.33,0.22,12.23,0.2,10.33,0.23,26.0,0.24,34.41,0.01,0.01,2329.673415,1776395322000
1776395329.934,229.934,0.79,31.91,0.78,26.0,0.8,5.0,0.81,15.0,0.21,0.84,0.2,5.33,0.22,25.01,0.23,32.0,0.01,0.01,2329.689987,1776395328000
1776395331.295,231.295,0.79,46.86,0.78,26.0,0.8,2.0,0.81,5.0,0.2,5.0,0.19,15.0,0.21,31.91,0.22,26.0,0.01,0.01,2329.67114,1776395330000
1776395332.226,232.226,0.8,16.0,0.79,21.0,0.81,15.0,0.82,15.0,0.2,2.0,0.19,5.0,0.21,46.86,0.22,26.0,0.01,0.01,2329.654505,1776395331000
1776395332.619,232.619,0.8,6.0,0.79,26.0,0.81,6.47,0.82,10.0,0.19,12.65,0.18,15.0,0.2,16.0,0.21,26.0,0.01,0.01,2329.654505,1776395331000
1776395333.303,233.303,0.8,16.0,0.79,26.0,0.82,3.55,0.83,10.0,0.19,6.47,0.18,10.0,0.2,6.0,0.21,26.0,0.02,0.01,2329.6446,1776395332000
1776395334.868,234.868,0.81,20.0,0.8,16.0,0.83,4.18,0.84,10.0,0.18,3.55,0.17,10.0,0.2,16.0,0.21,26.0,0.02,0.02,2329.64455,1776395333000
1776395335.359,235.359,0.82,15.0,0.81,15.0,0.84,23.04,0.85,86.0,0.17,4.18,0.16,10.0,0.19,20.0,0.2,16.0,0.02,0.02,2329.64528,1776395334000
1776395335.686,235.686,0.83,10.0,0.82,15.0,0.84,14.46,0.85,86.0,0.16,23.04,0.15,86.0,0.18,15.0,0.19,15.0,0.01,0.02,2329.64528,1776395334000
1776395337.941,237.941,0.84,15.0,0.83,15.0,0.85,78.88,0.86,229.9,0.16,14.46,0.15,86.0,0.17,10.0,0.18,15.0,0.01,0.01,2329.683068,1776395336000
1776395338.627,238.627,0.83,10.94,0.82,15.0,0.85,73.88,0.86,130.0,0.15,78.88,0.14,229.9,0.16,15.0,0.17,15.0,0.02,0.01,2329.69026,1776395337000
1776395339.178,239.178,0.8,49.0,0.79,31.0,0.81,7.8,0.82,5.0,0.19,12.53,0.17,5.0,0.2,32.0,0.21,38.0,0.01,0.01,2329.64263,1776395338000
1776395340.571,240.571,0.8,72.0,0.79,31.0,0.81,5.33,0.82,5.0,0.19,7.8,0.18,5.0,0.2,49.0,0.21,31.0,0.01,0.01,2329.644165,1776395339000
1776395341.101,241.101,0.81,15.0,0.8,57.0,0.84,35.0,0.85,83.88,0.18,3.75,0.16,41.25,0.2,72.0,0.21,36.0,0.03,0.02,2329.649415,1776395340000
1776395342.379,242.379,0.81,57.79,0.8,57.0,0.84,40.0,0.85,77.88,0.16,35.0,0.15,83.88,0.19,15.0,0.2,57.0,0.03,0.03,2329.674334,1776395341000
1776395342.908,242.908,0.83,23.33,0.82,80.0,0.84,30.18,0.85,10.0,0.16,40.0,0.15,77.88,0.19,57.79,0.2,57.0,0.01,0.03,2329.674334,1776395341000
1776395343.498,243.498,0.83,138.66,0.82,80.0,0.84,15.12,0.85,10.0,0.16,20.18,0.15,10.0,0.17,23.69,0.18,80.0,0.01,0.01,2329.674334,1776395341000
1776395344.462,244.462,0.83,122.64,0.82,85.0,0.84,6.12,0.85,10.0,0.16,15.12,0.15,10.0,0.17,138.66,0.18,80.0,0.01,0.01,2329.764674,1776395343000
1776395345.394,245.394,0.83,233.12,0.82,85.0,0.84,15.16,0.85,10.0,0.16,6.12,0.15,10.0,0.17,122.64,0.18,85.0,0.01,0.01,2329.664565,1776395344000
1776395350.991,250.991,0.84,73.03,0.83,182.67,0.86,0.7,0.87,10.0,0.16,15.16,0.15,10.0,0.17,233.12,0.18,85.0,0.02,0.01,2329.68345,1776395349000
1776395351.262,251.262,0.85,19.0,0.84,54.03,0.87,0.7,0.88,10.0,0.14,0.7,0.13,10.0,0.16,73.03,0.17,182.67,0.02,0.02,2329.673565,1776395350000
1776395352.824,252.824,0.86,30.94,0.85,25.0,0.87,0.7,0.88,10.0,0.13,0.7,0.12,10.0,0.15,19.0,0.16,54.03,0.01,0.02,2329.67825,1776395351000
1776395353.435,253.435,0.87,28.85,0.86,30.94,0.88,15.0,0.89,10.0,0.13,0.7,0.12,10.0,0.14,30.94,0.15,25.0,0.01,0.01,2329.686905,1776395352000
1776395354.4,254.4,0.87,48.85,0.86,30.94,0.88,14.95,0.89,10.0,0.12,15.0,0.11,10.0,0.13,28.85,0.14,30.94,0.01,0.01,2329.684595,1776395353000
1776395354.928,254.928,0.87,55.85,0.86,35.94,0.88,7.67,0.89,10.0,0.12,8.81,0.11,10.0,0.13,55.85,0.14,30.94,0.01,0.01,2329.684595,1776395353000
1776395355.639,255.639,0.88,93.47,0.87,22.0,0.89,9.9,0.9,90.0,0.12,7.67,0.11,10.0,0.13,55.85,0.14,35.94,0.01,0.01,2329.689595,1776395354000
1776395356.184,256.184,0.88,91.8,0.87,22.0,0.89,9.9,0.9,90.0,0.11,9.9,0.1,90.0,0.12,93.47,0.13,22.0,0.01,0.01,2329.689595,1776395354000
1776395356.448,256.448,0.88,84.8,0.87,22.0,0.9,55.34,0.91,71.0,0.11,9.9,0.1,90.0,0.12,91.8,0.13,22.0,0.02,0.01,2329.689595,1776395354000
1776395357.015,257.015,0.9,20.0,0.89,47.0,0.91,69.9,0.92,33.39,0.1,44.22,0.09,71.0,0.12,79.8,0.13,22.0,0.01,0.02,2329.68977,1776395355000
1776395357.39,257.39,0.9,118.0,0.89,25.0,0.91,16.48,0.92,33.39,0.09,18.59,0.08,33.39,0.1,22.0,0.11,35.0,0.01,0.01,2329.68977,1776395356000
1776395358.722,258.722,0.9,53.0,0.89,25.0,0.94,86.79,0.95,105.8,0.09,16.48,0.08,33.39,0.1,118.0,0.11,25.0,0.04,0.01,2329.70423,1776395357000
1776395358.991,258.991,0.91,15.0,0.9,58.0,0.93,12.93,0.94,96.79,0.06,86.79,0.05,105.8,0.1,53.0,0.11,25.0,0.02,0.04,2329.769824,1776395358000
1776395359.469,259.469,0.92,2.5,0.91,15.0,0.93,15.0,0.94,96.79,0.07,12.93,0.06,96.79,0.09,15.0,0.1,58.0,0.01,0.02,2329.769824,1776395358000
1776395359.686,259.686,0.92,2.5,0.91,15.0,0.93,10.0,0.94,96.79,0.07,15.0,0.06,96.79,0.08,2.5,0.09,15.0,0.01,0.01,2329.769824,1776395358000
1776395360.431,260.431,0.92,2.5,0.91,15.0,0.94,86.15,0.95,110.8,0.07,10.0,0.06,96.79,0.08,2.5,0.09,15.0,0.02,0.01,2329.769824,1776395358000
1776395361.946,261.946,0.93,15.0,0.92,2.5,0.94,52.87,0.95,157.8,0.06,75.51,0.05,110.8,0.08,2.5,0.09,15.0,0.01,0.02,2329.90236,1776395360000
1776395363.389,263.389,0.93,15.0,0.92,2.5,0.95,152.21,0.96,243.8,0.06,31.27,0.05,157.8,0.07,15.0,0.08,2.5,0.02,0.01,2329.81474,1776395362000
1776395363.746,263.746,0.92,2.5,0.91,15.0,0.93,14.0,0.95,152.21,0.05,152.21,0.04,243.8,0.06,1.0,0.07,15.0,0.01,0.01,2329.81474,1776395362000
1776395365.889,265.889,0.9,67.0,0.89,86.79,0.93,19.0,0.95,100.21,0.07,14.0,0.05,152.21,0.08,2.5,0.09,15.0,0.03,0.01,2329.822707,1776395364000
1776395366.156,266.156,0.92,10.0,0.91,10.0,0.93,18.62,0.95,100.21,0.07,19.0,0.05,100.21,0.1,67.0,0.11,86.79,0.01,0.03,2329.825531,1776395365000
1776395366.469,266.469,0.92,5.28,0.91,101.95,0.93,13.62,0.95,100.21,0.07,18.62,0.05,100.21,0.08,10.0,0.09,10.0,0.01,0.01,2329.825531,1776395365000
1776395366.712,266.712,0.92,17.28,0.91,181.95,0.93,11.51,0.95,24.41,0.07,13.62,0.05,100.21,0.08,5.28,0.09,101.95,0.01,0.01,2329.825531,1776395365000
1776395366.919,266.919,0.92,22.28,0.91,225.95,0.95,22.11,0.96,206.0,0.07,2.9,0.05,24.41,0.08,22.28,0.09,225.95,0.03,0.01,2329.825531,1776395365000
1776395367.237,267.237,0.94,10.0,0.93,10.0,0.95,11.04,0.96,201.0,0.05,21.74,0.04,206.0,0.06,10.0,0.07,10.0,0.01,0.01,2329.825531,1776395365000
1776395367.639,267.639,0.91,95.96,0.9,78.0,0.95,8.0,0.96,201.0,0.05,8.0,0.04,201.0,0.06,207.38,0.07,10.0,0.04,0.01,2329.826702,1776395366000
1776395368.378,268.378,0.93,92.25,0.92,15.0,0.94,10.0,0.95,8.0,0.05,8.0,0.04,201.0,0.09,95.96,0.1,78.0,0.01,0.04,2329.861312,1776395367000
1776395368.62,268.62,0.94,31.87,0.93,108.25,0.96,150.0,0.97,146.0,0.05,5.65,0.04,150.0,0.07,108.25,0.08,15.0,0.02,0.02,2329.861312,1776395367000
1776395369.053,269.053,0.95,61.18,0.93,86.3,0.96,164.51,0.97,146.0,0.04,150.0,0.03,146.0,0.06,31.87,0.07,108.25,0.01,0.02,2329.861312,1776395367000
1776395369.305,269.305,0.95,61.18,0.93,26.0,0.96,157.4,0.97,146.0,0.04,155.18,0.03,146.0,0.05,61.18,0.07,31.0,0.01,0.01,2329.870107,1776395368000
1776395369.816,269.816,0.94,10.0,0.93,29.0,0.95,3.46,0.96,127.4,0.04,157.4,0.03,146.0,0.08,13.48,0.09,115.96,0.01,0.04,2329.870107,1776395368000
1776395370.743,270.743,0.95,5.26,0.94,38.0,0.96,67.4,0.97,141.0,0.05,1.52,0.04,127.4,0.06,15.0,0.07,29.0,0.01,0.01,2329.902126,1776395369000
1776395371.057,271.057,0.95,60.26,0.94,98.0,0.96,57.4,0.97,131.0,0.04,67.4,0.03,141.0,0.05,5.26,0.06,38.0,0.01,0.01,2329.902126,1776395369000
1776395371.318,271.318,0.96,164.51,0.95,101.26,0.97,117.8,0.98,270.0,0.03,117.8,0.02,270.0,0.04,60.0,0.05,114.26,0.01,0.01,2329.874032,1776395370000
1776395371.524,271.524,0.96,191.13,0.95,89.26,0.97,117.8,0.98,270.0,0.03,117.8,0.02,270.0,0.04,164.51,0.05,101.26,0.01,0.01,2329.874032,1776395370000
1776395371.913,271.913,0.96,160.0,0.95,103.26,0.97,83.09,0.98,270.0,0.03,95.34,0.02,270.0,0.04,191.13,0.05,82.26,0.01,0.01,2329.874032,1776395370000
1776395372.478,272.478,0.96,237.88,0.95,140.06,0.97,77.93,0.98,270.0,0.03,83.09,0.02,270.0,0.04,164.88,0.05,103.26,0.01,0.01,2329.874032,1776395370000
1776395373.154,273.154,0.96,316.42,0.95,145.06,0.97,18.61,0.98,270.0,0.03,18.61,0.02,270.0,0.04,242.88,0.05,140.06,0.01,0.01,2329.94964,1776395371000
1776395373.573,273.573,0.97,52.0,0.96,289.42,0.98,245.44,0.99,1538.51,0.02,246.47,0.01,1538.51,0.04,326.42,0.05,145.06,0.01,0.02,2330.239608,1776395372000
1776395373.774,273.774,0.97,175.7,0.96,284.42,0.98,204.93,0.99,1538.51,0.02,210.04,0.01,1538.51,0.03,175.7,0.04,284.42,0.01,0.01,2330.239608,1776395372000
1776395374.177,274.177,0.97,175.85,0.96,299.89,0.98,189.93,0.99,1538.51,0.02,204.93,0.01,1538.51,0.03,175.7,0.04,284.42,0.01,0.01,2330.239608,1776395372000
1776395374.402,274.402,0.96,185.52,0.95,140.06,0.98,194.93,0.99,1538.51,0.02,189.93,0.01,1538.51,0.03,175.85,0.04,299.89,0.02,0.01,2330.419846,1776395373000
1776395374.652,274.652,0.97,10.0,0.96,195.52,0.98,42.44,0.99,1538.51,0.02,83.26,0.01,1538.51,0.03,10.0,0.04,195.52,0.01,0.01,2330.419846,1776395373000
1776395375.016,275.016,0.97,20.15,0.96,190.38,0.98,16.13,0.99,1538.51,0.02,13.17,0.01,1538.51,0.03,20.15,0.04,190.38,0.01,0.01,2330.419846,1776395373000
1776395375.643,275.643,0.97,30.15,0.96,123.68,0.98,9.09,0.99,1538.51,0.02,16.13,0.01,1538.51,0.03,20.15,0.04,190.38,0.01,0.01,2330.48794,1776395374000
1776395376.047,276.047,0.97,40.46,0.96,123.68,0.98,4.09,0.99,1538.51,0.02,9.09,0.01,1538.51,0.03,30.15,0.04,123.68,0.01,0.01,2330.48794,1776395375000
1776395376.389,276.389,0.98,18.42,0.97,40.46,0.99,1572.51,,,0.02,2.09,0.01,1572.51,0.03,45.46,0.04,123.68,0.01,0.01,2330.48794,1776395375000
1776395376.696,276.696,0.98,28.42,0.97,40.46,0.99,1572.51,,,0.01,1572.51,,,0.02,18.42,0.03,40.46,0.01,0.01,2330.48794,1776395375000
1776395378.443,278.443,0.98,53.28,0.97,25.46,0.99,1472.44,,,0.01,1567.45,,,0.02,28.42,0.03,35.46,0.01,0.01,2330.38948,1776395377000
1776395379.665,279.665,0.98,53.28,0.97,33.46,0.99,1472.47,,,0.01,1369.44,,,0.02,53.28,0.03,33.46,0.01,0.01,2330.389525,1776395378000
1776395380.037,280.037,0.98,53.28,0.97,48.46,0.99,1378.61,,,0.01,1378.73,,,0.02,53.28,0.03,33.46,0.01,0.01,2330.496466,1776395379000
1776395380.484,280.484,0.98,3.28,0.97,25.46,0.99,1378.61,,,0.01,1378.61,,,0.02,53.28,0.03,48.46,0.01,0.01,2330.496466,1776395379000
1776395381.173,281.173,0.98,3.28,0.97,30.46,0.99,1420.4,,,0.01,1378.61,,,0.02,3.28,0.03,25.46,0.01,0.01,2330.4106,1776395380000
1776395381.827,281.827,0.98,59.28,0.97,41.46,0.99,1376.36,,,0.01,1373.36,,,0.02,54.28,0.03,30.46,0.01,0.01,2330.4106,1776395380000
1776395382.582,282.582,0.98,39.28,0.97,25.46,0.99,1484.36,,,0.01,1369.36,,,0.02,59.28,0.03,41.46,0.01,0.01,2330.35874,1776395381000
1776395383.014,283.014,0.97,24.74,0.96,42.68,0.99,1477.36,,,0.01,1484.36,,,0.03,24.74,0.04,42.68,0.02,0.02,2330.35874,1776395381000
1776395383.339,283.339,0.97,24.74,0.96,42.68,0.99,1372.52,,,0.01,1480.36,,,0.03,24.74,0.04,42.68,0.02,0.02,2330.334295,1776395382000
1776395383.7,283.7,0.97,5.46,0.96,42.68,0.98,289.0,0.99,1458.52,0.01,1372.52,,,0.03,24.74,0.04,42.68,0.01,0.02,2330.334295,1776395382000
1776395383.925,283.925,0.94,10.0,0.93,10.0,0.96,50.0,0.97,10.0,0.04,50.0,0.02,289.0,0.08,42.74,0.09,179.0,0.02,0.04,2330.334295,1776395382000
1776395384.224,284.224,0.94,10.0,0.93,10.0,0.97,10.0,0.98,234.0,0.04,50.0,0.03,10.0,0.06,10.0,0.07,10.0,0.03,0.02,2330.304089,1776395383000
1776395385.2,285.2,0.95,10.0,0.94,10.0,0.96,4.79,0.97,10.0,0.04,12.91,0.03,10.0,0.06,10.0,0.07,10.0,0.01,0.02,2330.304089,1776395383000
1776395386.225,286.225,0.95,15.0,0.94,10.0,0.97,10.0,0.98,10.0,0.04,4.79,0.03,10.0,0.05,10.0,0.06,10.0,0.02,0.01,2330.0542,1776395384000
1776395387.622,287.622,0.95,15.0,0.94,15.0,0.97,13.51,0.98,10.0,0.03,10.0,0.02,10.0,0.05,15.0,0.06,10.0,0.02,0.02,2329.778582,1776395386000
1776395388.104,288.104,0.88,10.0,0.87,31.0,0.91,70.0,0.92,67.0,0.03,13.51,0.02,10.0,0.05,15.0,0.06,15.0,0.03,0.02,2329.770213,1776395387000
1776395388.312,288.312,0.77,8.3,0.76,19.0,0.81,53.75,0.83,10.0,0.19,59.99,0.17,10.0,0.23,8.3,0.24,19.0,0.04,0.04,2329.770213,1776395387000
1776395388.517,288.517,0.77,22.0,0.76,21.12,0.79,1.52,0.8,15.0,0.21,7.54,0.2,10.0,0.23,10.0,0.24,11.12,0.02,0.02,2329.770213,1776395387000
1776395388.776,288.776,0.78,5.45,0.77,22.0,0.81,144.82,0.82,10.0,0.19,79.82,0.18,10.0,0.23,22.0,0.24,21.12,0.03,0.04,2329.770213,1776395387000
1776395388.977,288.977,0.78,3.02,0.77,22.0,0.79,15.0,0.8,10.0,0.21,15.0,0.2,10.0,0.22,3.02,0.23,22.0,0.01,0.01,2329.770213,1776395387000
1776395389.371,289.371,0.79,9.9,0.78,29.0,0.81,82.41,0.82,10.0,0.2,10.0,0.19,89.82,0.21,4.9,0.22,18.02,0.02,0.01,2329.753047,1776395388000
1776395389.78,289.78,0.8,10.0,0.79,18.23,0.81,77.04,0.82,10.0,0.19,29.24,0.18,10.0,0.21,5.13,0.22,29.0,0.01,0.02,2329.753047,1776395388000
1776395390.134,290.134,0.78,14.0,0.77,11.0,0.8,13.87,0.81,84.86,0.19,79.86,0.18,10.0,0.21,12.61,0.22,24.0,0.02,0.02,2329.6247,1776395389000
1776395390.375,290.375,0.66,17.0,0.54,10.0,0.67,19.0,0.68,10.0,0.2,27.42,0.19,60.0,0.34,67.0,0.37,10.0,0.01,0.14,2329.6247,1776395389000
1776395390.597,290.597,0.41,50.0,0.36,60.0,0.42,5.0,0.43,10.0,0.45,8.49,0.44,10.0,0.53,30.0,0.59,50.0,0.01,0.08,2329.6247,1776395389000
1776395390.804,290.804,0.36,18.98,0.35,10.0,0.38,10.0,0.39,10.0,0.57,6.18,0.56,10.0,0.64,40.98,0.65,10.0,0.02,0.07,2329.6247,1776395389000
1776395391.007,291.007,0.38,4.9,0.37,10.0,0.39,10.0,0.4,85.0,0.62,10.0,0.61,10.0,0.64,18.98,0.65,10.0,0.01,0.02,2329.6247,1776395389000
1776395391.254,291.254,0.32,22.67,0.27,5.82,0.33,34.2,0.34,10.0,0.67,24.5,0.66,10.0,0.68,27.04,0.71,10.0,0.01,0.01,2329.6247,1776395389000
1776395391.47,291.47,0.1,40.0,0.09,11.0,0.14,64.18,0.32,5.0,0.67,106.0,0.66,15.0,0.73,5.82,0.9,40.0,0.04,0.06,2329.261194,1776395390000
1776395391.706,291.706,0.08,10.85,0.07,14.0,0.1,15.0,0.11,26.0,0.89,6.0,0.8,41.9,0.91,0.12,0.92,12.0,0.02,0.02,2329.261194,1776395390000
1776395392.008,292.008,0.07,5.38,0.06,66.0,0.08,16.32,0.09,1.0,0.92,6.32,0.91,1.0,0.93,13.58,0.94,76.0,0.01,0.01,2329.252106,1776395391000
1776395392.225,292.225,0.06,66.12,0.05,20.0,0.07,10.0,0.08,10.0,0.85,3.27,0.84,10.0,0.94,63.21,0.95,20.0,0.01,0.09,2329.252106,1776395391000
1776395392.575,292.575,0.08,10.0,0.07,10.0,0.09,4.33,0.1,10.0,0.93,10.0,0.92,10.0,0.94,66.12,0.95,20.0,0.01,0.01,2329.252106,1776395391000
1776395392.926,292.926,0.08,3.05,0.07,10.0,0.09,5.0,0.1,10.0,0.9,10.0,0.89,10.0,0.92,4.29,0.93,10.0,0.01,0.02,2329.252106,1776395391000
1776395393.262,293.262,0.1,10.0,0.09,10.0,0.11,4.63,0.12,10.0,0.9,10.0,0.89,10.0,0.93,9.79,0.94,71.12,0.01,0.03,2329.066335,1776395392000
1776395393.6,293.6,0.17,10.0,0.16,50.0,0.2,43.15,0.3,49.28,0.88,7.63,0.87,10.0,0.9,15.0,0.91,10.0,0.03,0.02,2329.066335,1776395392000
1776395393.8,293.8,0.28,70.0,0.26,50.0,0.36,8.5,0.4,5.0,0.68,3.41,0.66,5.0,0.72,70.0,0.74,50.0,0.08,0.04,2329.066335,1776395392000
1776395394.1,294.1,0.55,10.0,0.54,10.0,0.61,41.27,0.62,30.0,0.44,4.09,0.43,8.0,0.45,10.0,0.46,10.0,0.06,0.01,2329.066335,1776395392000
1776395394.36,294.36,0.63,7.24,0.62,10.0,0.64,9.0,0.66,50.0,0.36,9.0,0.34,50.0,0.39,7.07,0.4,10.0,0.01,0.03,2328.350192,1776395393000
1776395394.577,294.577,0.65,0.82,0.64,10.0,0.66,33.72,0.71,50.0,0.34,33.72,0.29,50.0,0.35,5.45,0.39,4.94,0.01,0.01,2328.350192,1776395393000
1776395394.861,294.861,0.65,10.0,0.64,5.24,0.66,34.22,0.71,50.0,0.34,33.72,0.29,50.0,0.36,5.24,0.38,10.0,0.01,0.02,2328.350192,1776395393000
1776395395.118,295.118,0.72,10.0,0.71,10.0,0.79,3.54,0.8,40.0,0.26,10.0,0.25,10.0,0.27,1.85,0.28,10.0,0.07,0.01,2328.335875,1776395394000
1776395395.425,295.425,0.68,6.84,0.67,10.0,0.72,15.0,0.73,10.0,0.24,36.09,0.23,10.0,0.26,10.0,0.27,10.0,0.04,0.02,2328.335875,1776395394000
1776395395.641,295.641,0.51,50.0,0.46,50.0,0.61,47.45,0.62,10.0,0.28,15.0,0.27,10.0,0.32,6.84,0.33,10.0,0.1,0.04,2328.335875,1776395394000
1776395395.867,295.867,0.45,24.6,0.41,50.0,0.46,10.0,0.47,10.0,0.53,15.0,0.52,10.0,0.55,30.0,0.59,50.0,0.01,0.02,2328.335875,1776395394000
1776395396.26,296.26,0.41,49.0,0.36,51.5,0.42,15.0,0.43,10.0,0.52,10.0,0.51,15.0,0.55,24.6,0.59,50.0,0.01,0.03,2328.335875,1776395394000
1776395396.556,296.556,0.32,8.14,0.31,35.26,0.36,10.0,0.37,10.0,0.59,5.0,0.58,15.0,0.69,35.26,0.7,10.0,0.04,0.1,2328.884067,1776395395000
1776395396.778,296.778,0.39,10.0,0.38,10.0,0.4,37.18,0.41,5.0,0.64,10.0,0.63,10.0,0.68,8.14,0.69,35.26,0.01,0.04,2328.884067,1776395395000
1776395397.022,297.022,0.39,4.34,0.38,10.0,0.4,11.47,0.41,5.0,0.6,27.22,0.59,5.0,0.61,4.34,0.62,10.0,0.01,0.01,2328.884067,1776395395000
1776395397.289,297.289,0.39,4.34,0.38,10.0,0.4,11.47,0.41,55.0,0.6,11.47,0.59,5.0,0.61,4.34,0.62,10.0,0.01,0.01,2328.884067,1776395395000
1776395397.575,297.575,0.27,1.99,0.26,60.0,0.39,20.0,0.4,11.47,0.61,20.0,0.6,16.47,0.66,5.64,0.67,10.0,0.12,0.05,2328.891416,1776395396000
1776395397.953,297.953,0.21,44.0,0.19,30.0,0.4,11.47,0.41,55.0,0.6,11.47,0.59,55.0,0.74,23.1,0.75,10.0,0.19,0.14,2328.852585,1776395397000
1776395398.153,298.153,0.04,2.19,0.03,123.0,0.28,6.94,0.29,15.0,0.72,6.94,0.71,15.0,0.85,21.07,0.89,50.0,0.24,0.13,2328.852585,1776395397000
1776395398.437,298.437,0.01,976.26,,,0.12,10.0,0.13,14.6,0.87,5.0,0.84,10.0,0.88,5.0,0.99,993.26,0.11,0.01,2328.852585,1776395397000
1776395398.699,298.699,0.01,669.17,,,0.02,10.0,0.03,10.0,0.98,19.6,0.97,10.0,0.99,674.23,,,0.01,0.01,2328.852585,1776395397000
1776395398.938,298.938,0.01,403.76,,,0.02,147.0,0.03,10.0,0.98,142.0,0.97,10.0,0.99,519.76,,,0.01,0.01,2328.852585,1776395397000
1776395399.195,299.195,,,,,0.01,1866.41,0.02,211.0,0.98,211.0,0.97,28.0,0.99,333.59,,,,0.01,2328.781382,1776395398000
1776395399.52,299.52,,,,,0.01,403.01,0.02,79.0,0.99,1866.41,0.98,211.0,,,,,,,2328.781382,1776395398000
1776395400.272,300.272,,,,,0.01,26683.86,0.02,69.0,0.99,403.01,0.98,79.0,,,,,,,2328.781382,1776395398000

# RESULT,winner=Down,slug=eth-updown-5m-1776395100,ticks=346
