timestamp,elapsed_sec,up_bid_p1,up_bid_s1,up_bid_p2,up_bid_s2,up_ask_p1,up_ask_s1,up_ask_p2,up_ask_s2,down_bid_p1,down_bid_s1,down_bid_p2,down_bid_s2,down_ask_p1,down_ask_s1,down_ask_p2,down_ask_s2,up_spread,down_spread,eth_price,eth_oracle_ts
1776264000.975,0.975,0.5,13.73,0.49,20.4,0.54,150.0,0.6,38.0,0.46,150.0,0.4,38.0,0.5,13.73,0.51,20.4,0.04,0.04,2330.3269,1776264000000
1776264001.216,1.216,0.53,41.72,0.52,17.0,0.54,150.0,0.6,12.0,0.46,150.0,0.4,38.0,0.5,13.73,0.51,20.4,0.01,0.04,2330.3269,1776264000000
1776264001.423,1.423,0.53,14.5,0.51,13.0,0.54,130.92,0.55,5.0,0.46,150.0,0.4,12.0,0.47,41.72,0.48,17.0,0.01,0.01,2330.3269,1776264000000
1776264001.956,1.956,0.52,5.87,0.51,57.21,0.54,5.0,0.55,10.0,0.46,135.92,0.45,5.0,0.49,52.21,0.5,25.73,0.02,0.03,2330.3269,1776264000000
1776264002.189,2.189,0.51,44.21,0.5,26.73,0.53,4.18,0.54,7.46,0.46,7.46,0.45,12.0,0.49,57.21,0.5,26.73,0.02,0.03,2330.3269,1776264000000
1776264002.432,2.432,0.51,34.74,0.5,31.73,0.54,12.46,0.55,5.0,0.47,4.18,0.46,7.46,0.49,44.21,0.5,26.73,0.03,0.02,2330.3269,1776264000000
1776264002.708,2.708,0.51,42.12,0.5,36.73,0.53,5.0,0.54,5.0,0.43,10.0,0.42,28.81,0.49,34.74,0.5,31.73,0.02,0.06,2330.3269,1776264000000
1776264003.225,3.225,0.54,15.0,0.53,10.0,0.58,33.81,0.59,5.0,0.47,5.0,0.46,5.0,0.49,42.12,0.5,36.73,0.04,0.02,2330.650078,1776264001000
1776264003.468,3.468,0.56,5.0,0.55,5.0,0.58,5.8,0.59,15.0,0.42,16.56,0.41,10.0,0.46,15.0,0.47,10.0,0.02,0.04,2330.650078,1776264001000
1776264003.867,3.867,0.56,2.47,0.55,10.0,0.59,0.8,0.61,50.0,0.42,0.8,0.41,10.0,0.44,2.47,0.45,5.0,0.03,0.02,2330.757868,1776264002000
1776264004.164,4.164,0.62,8.28,0.61,10.0,0.64,13.89,0.65,5.0,0.37,5.0,0.36,18.89,0.38,3.28,0.39,10.0,0.02,0.01,2330.757868,1776264002000
1776264004.575,4.575,0.63,14.47,0.62,13.28,0.64,18.89,0.65,19.0,0.36,13.89,0.35,5.0,0.38,8.28,0.39,10.0,0.01,0.02,2330.68744,1776264003000
1776264005.142,5.142,0.63,6.48,0.62,36.28,0.64,108.89,0.65,100.0,0.36,18.89,0.35,19.0,0.37,14.47,0.38,13.28,0.01,0.01,2330.68744,1776264003000
1776264005.379,5.379,0.63,21.48,0.62,36.28,0.64,106.79,0.65,100.0,0.36,108.89,0.35,100.0,0.37,6.48,0.38,36.28,0.01,0.01,2330.68744,1776264003000
1776264005.584,5.584,0.63,3.0,0.62,13.28,0.64,10.0,0.65,35.0,0.36,10.0,0.35,35.0,0.37,3.0,0.38,13.28,0.01,0.01,2331.130941,1776264004000
1776264005.854,5.854,0.6,5.0,0.59,15.0,0.61,107.82,0.62,15.0,0.36,10.0,0.35,35.0,0.37,3.0,0.38,13.28,0.01,0.01,2331.130941,1776264004000
1776264006.263,6.263,0.59,30.56,0.58,55.0,0.6,10.0,0.61,105.0,0.4,10.0,0.39,105.0,0.41,30.56,0.42,55.0,0.01,0.01,2331.466656,1776264005000
1776264006.475,6.475,0.55,26.0,0.54,204.0,0.56,42.0,0.58,60.0,0.42,60.0,0.41,55.0,0.43,3.0,0.44,10.0,0.01,0.01,2331.466656,1776264005000
1776264007.236,7.236,0.55,54.0,0.54,204.0,0.58,7.0,0.59,55.0,0.44,42.0,0.42,60.0,0.45,26.0,0.46,204.0,0.03,0.01,2331.466656,1776264005000
1776264007.533,7.533,0.57,11.65,0.56,15.0,0.58,5.0,0.59,20.0,0.42,5.0,0.41,20.0,0.43,11.65,0.44,15.0,0.01,0.01,2331.509323,1776264006000
1776264008.073,8.073,0.56,10.0,0.55,36.0,0.58,19.63,0.59,55.0,0.42,19.63,0.41,55.0,0.44,10.0,0.45,36.0,0.02,0.02,2331.15326,1776264007000
1776264008.755,8.755,0.55,26.0,0.54,192.0,0.58,14.39,0.59,45.0,0.4,46.0,0.39,93.0,0.42,4.54,0.43,10.0,0.03,0.02,2331.15326,1776264007000
1776264008.969,8.969,0.55,11.0,0.54,192.0,0.56,10.0,0.57,20.0,0.42,24.39,0.41,50.0,0.45,26.0,0.46,187.0,0.01,0.03,2331.15326,1776264007000
1776264009.225,9.225,0.53,111.04,0.52,216.0,0.56,60.0,0.57,20.0,0.44,10.0,0.43,20.0,0.45,11.0,0.46,192.0,0.03,0.01,2331.15326,1776264007000
1776264009.436,9.436,0.55,17.8,0.54,32.0,0.56,0.57,0.57,175.0,0.44,0.57,0.43,175.0,0.45,21.0,0.46,32.0,0.01,0.01,2331.15326,1776264007000
1776264009.768,9.768,0.55,57.8,0.54,182.0,0.58,105.0,0.59,113.0,0.43,117.31,0.42,200.0,0.45,17.8,0.46,32.0,0.03,0.02,2330.995038,1776264008000
1776264010.121,10.121,0.55,57.8,0.54,182.0,0.58,105.0,0.59,113.0,0.42,105.0,0.41,113.0,0.45,57.8,0.46,182.0,0.03,0.03,2331.016431,1776264009000
1776264010.56,10.56,0.56,75.0,0.55,87.8,0.58,103.1,0.59,113.0,0.43,5.0,0.42,110.0,0.44,15.0,0.45,82.8,0.02,0.01,2331.016431,1776264009000
1776264010.798,10.798,0.56,7.72,0.55,66.8,0.57,25.0,0.58,108.5,0.43,25.0,0.42,103.1,0.44,15.0,0.45,66.8,0.01,0.01,2331.016431,1776264009000
1776264011.005,11.005,0.56,33.22,0.55,77.8,0.57,8.74,0.58,50.4,0.43,8.74,0.42,50.4,0.44,78.22,0.45,77.8,0.01,0.01,2331.016431,1776264009000
1776264011.277,11.277,0.57,20.0,0.56,108.72,0.58,18.5,0.59,88.0,0.42,46.97,0.41,113.0,0.44,48.22,0.45,81.0,0.01,0.02,2331.016431,1776264009000
1776264011.686,11.686,0.59,75.5,0.58,85.5,0.6,22.5,0.61,55.43,0.41,15.0,0.4,43.4,0.43,20.34,0.44,108.72,0.01,0.02,2330.758149,1776264010000
1776264011.998,11.998,0.59,5.0,0.58,65.0,0.6,60.0,0.61,115.43,0.39,105.43,0.38,68.0,0.41,70.0,0.42,85.5,0.01,0.02,2330.758149,1776264010000
1776264012.493,12.493,0.56,40.0,0.54,5.0,0.58,25.15,0.59,122.22,0.41,34.03,0.4,131.25,0.42,5.0,0.43,60.0,0.02,0.01,2330.751846,1776264011000
1776264012.819,12.819,0.53,25.01,0.52,90.0,0.55,30.4,0.56,20.0,0.43,33.57,0.42,50.15,0.46,5.0,0.47,5.0,0.02,0.03,2330.751846,1776264011000
1776264013.634,13.634,0.53,20.0,0.52,95.5,0.54,25.0,0.55,30.0,0.45,30.4,0.44,20.0,0.47,25.01,0.48,90.0,0.01,0.02,2330.751846,1776264011000
1776264014.068,14.068,0.53,2.3,0.52,100.5,0.54,35.96,0.55,43.0,0.46,35.96,0.45,38.0,0.48,95.5,0.49,99.37,0.01,0.02,2330.895789,1776264012000
1776264014.869,14.869,0.52,92.31,0.51,109.37,0.53,10.0,0.54,32.96,0.46,40.96,0.45,43.0,0.48,95.5,0.49,104.37,0.01,0.02,2330.840846,1776264013000
1776264015.272,15.272,0.52,60.97,0.51,109.37,0.53,17.0,0.54,43.46,0.46,43.46,0.45,59.5,0.48,81.81,0.49,109.37,0.01,0.02,2330.44086,1776264014000
1776264016.718,16.718,0.51,70.5,0.5,100.5,0.52,68.51,0.53,88.0,0.48,7.0,0.47,30.0,0.5,80.87,0.51,220.0,0.01,0.02,2330.366769,1776264015000
1776264017.487,17.487,0.51,252.5,0.5,222.49,0.54,120.0,0.55,93.5,0.48,68.51,0.47,88.0,0.49,70.5,0.5,100.5,0.03,0.01,2330.308151,1776264016000
1776264018.453,18.453,0.52,105.5,0.51,225.5,0.53,5.88,0.54,140.26,0.47,4.88,0.46,123.07,0.48,51.5,0.49,277.5,0.01,0.01,2330.242904,1776264017000
1776264019.343,19.343,0.52,241.5,0.51,230.5,0.55,15.0,0.56,97.0,0.47,5.88,0.46,140.26,0.48,105.5,0.49,225.5,0.03,0.01,2330.31117,1776264018000
1776264019.573,19.573,0.55,20.5,0.54,75.5,0.56,89.0,0.57,170.5,0.44,97.0,0.43,160.5,0.46,80.5,0.47,143.5,0.01,0.02,2330.31117,1776264018000
1776264019.952,19.952,0.55,110.5,0.54,100.5,0.57,170.5,0.58,200.36,0.44,48.0,0.43,155.5,0.45,20.5,0.46,85.5,0.02,0.01,2330.31117,1776264018000
1776264020.29,20.29,0.56,25.5,0.55,75.5,0.57,85.36,0.58,200.36,0.43,170.5,0.42,200.36,0.45,110.5,0.46,100.5,0.01,0.02,2330.398767,1776264019000
1776264020.549,20.549,0.56,113.0,0.55,95.5,0.57,15.36,0.58,205.36,0.43,45.0,0.42,205.36,0.44,38.0,0.45,95.5,0.01,0.01,2330.398767,1776264019000
1776264020.787,20.787,0.56,39.31,0.55,106.5,0.57,67.86,0.58,215.36,0.43,67.86,0.42,215.36,0.44,89.77,0.45,106.5,0.01,0.01,2330.398767,1776264019000
1776264021.811,21.811,0.57,35.0,0.56,51.5,0.58,117.22,0.59,124.5,0.43,56.49,0.42,215.36,0.44,39.31,0.45,106.5,0.01,0.01,2330.61315,1776264020000
1776264023.367,23.367,0.56,0.45,0.55,30.0,0.57,101.5,0.58,164.31,0.42,117.22,0.41,124.5,0.43,35.0,0.44,51.5,0.01,0.01,2330.704401,1776264022000
1776264023.649,23.649,0.55,20.0,0.54,90.5,0.57,147.09,0.58,164.31,0.43,101.5,0.42,164.31,0.44,0.45,0.45,30.0,0.02,0.01,2330.704401,1776264022000
1776264024.851,24.851,0.54,6.86,0.53,10.0,0.56,123.09,0.57,100.09,0.43,147.09,0.42,164.31,0.45,20.0,0.46,90.5,0.02,0.02,2330.71314,1776264023000
1776264025.126,25.126,0.52,147.78,0.51,258.0,0.55,162.5,0.56,93.5,0.44,123.09,0.43,100.09,0.46,6.86,0.47,10.0,0.03,0.02,2330.716584,1776264024000
1776264025.479,25.479,0.52,152.78,0.51,140.5,0.54,153.49,0.55,142.1,0.45,162.5,0.44,93.5,0.48,147.78,0.49,258.0,0.02,0.03,2330.716584,1776264024000
1776264026.171,26.171,0.54,53.39,0.53,165.5,0.55,2.01,0.58,67.22,0.46,153.49,0.45,142.1,0.48,152.78,0.49,140.5,0.01,0.02,2330.573428,1776264025000
1776264026.468,26.468,0.57,207.5,0.56,135.0,0.6,80.0,0.61,144.66,0.42,2.12,0.41,10.0,0.43,56.5,0.44,33.92,0.03,0.01,2330.573428,1776264025000
1776264027.272,27.272,0.58,5.0,0.57,70.0,0.59,2.37,0.6,124.5,0.39,147.36,0.38,153.9,0.41,25.5,0.42,35.5,0.01,0.02,2330.405149,1776264026000
1776264027.639,27.639,0.57,70.5,0.56,110.5,0.58,11.0,0.59,84.27,0.41,18.37,0.4,91.5,0.43,75.1,0.44,95.0,0.01,0.02,2330.405149,1776264026000
1776264028.141,28.141,0.57,75.0,0.56,115.5,0.58,5.65,0.59,89.27,0.42,11.0,0.41,84.27,0.43,70.5,0.44,110.5,0.01,0.01,2330.778577,1776264027000
1776264028.369,28.369,0.57,38.98,0.56,115.5,0.58,0.65,0.59,23.77,0.42,5.65,0.41,89.27,0.43,75.0,0.44,115.5,0.01,0.01,2330.778577,1776264027000
1776264029.391,29.391,0.57,111.5,0.56,110.5,0.58,25.93,0.59,73.77,0.42,0.65,0.41,23.77,0.43,38.98,0.44,115.5,0.01,0.01,2330.945837,1776264028000
1776264030.099,30.099,0.58,25.5,0.57,101.5,0.59,47.98,0.6,111.9,0.42,32.99,0.41,87.46,0.43,15.5,0.44,110.5,0.01,0.01,2330.933745,1776264029000
1776264030.48,30.48,0.58,70.0,0.57,106.5,0.59,52.33,0.6,129.49,0.41,49.98,0.4,129.49,0.42,25.0,0.43,96.5,0.01,0.01,2330.933745,1776264029000
1776264030.68,30.68,0.58,65.0,0.57,101.5,0.59,50.63,0.6,134.49,0.41,52.33,0.4,129.49,0.42,70.0,0.43,106.5,0.01,0.01,2330.933745,1776264029000
1776264031.203,31.203,0.59,15.0,0.58,78.5,0.6,87.9,0.61,238.07,0.41,40.63,0.4,124.49,0.42,93.5,0.43,110.27,0.01,0.01,2330.91904,1776264030000
1776264031.982,31.982,0.58,15.0,0.57,73.77,0.59,179.16,0.6,113.09,0.4,87.9,0.39,238.07,0.41,15.0,0.42,78.5,0.01,0.01,2330.913771,1776264031000
1776264032.436,32.436,0.57,5.0,0.56,95.0,0.59,241.15,0.6,134.09,0.41,179.16,0.4,113.09,0.42,15.0,0.43,73.77,0.02,0.01,2330.913771,1776264031000
1776264032.826,32.826,0.57,66.02,0.56,105.0,0.58,129.14,0.59,129.75,0.42,52.87,0.41,129.75,0.43,56.02,0.44,100.0,0.01,0.01,2330.913771,1776264031000
1776264034.116,34.116,0.57,134.69,0.56,136.5,0.58,15.4,0.59,73.59,0.42,129.14,0.41,129.75,0.43,66.02,0.44,105.0,0.01,0.01,2330.938767,1776264032000
1776264038.63,38.63,0.58,148.6,0.57,121.5,0.59,20.0,0.61,81.27,0.42,15.4,0.41,73.59,0.43,134.69,0.44,136.5,0.01,0.01,2331.024736,1776264037000
1776264040.174,40.174,0.6,169.5,0.59,100.5,0.61,58.68,0.62,153.0,0.41,20.0,0.39,81.27,0.42,148.6,0.43,121.5,0.01,0.01,2330.907799,1776264038000
1776264040.825,40.825,0.61,120.39,0.6,141.6,0.63,15.0,0.64,105.0,0.38,208.0,0.37,95.9,0.4,174.5,0.41,100.5,0.02,0.02,2330.962981,1776264039000
1776264041.093,41.093,0.62,97.5,0.61,152.39,0.63,15.0,0.64,105.0,0.37,15.0,0.36,105.0,0.39,120.39,0.4,141.6,0.01,0.02,2330.962981,1776264039000
1776264041.799,41.799,0.62,3.0,0.61,5.0,0.63,95.5,0.64,150.5,0.37,15.0,0.36,105.0,0.38,97.5,0.39,152.39,0.01,0.01,2331.146062,1776264040000
1776264042.098,42.098,0.61,10.0,0.6,40.5,0.63,155.5,0.64,150.5,0.37,95.5,0.36,150.5,0.38,3.0,0.39,5.0,0.02,0.01,2331.146062,1776264040000
1776264042.617,42.617,0.6,35.0,0.59,10.0,0.62,97.5,0.63,136.09,0.38,13.0,0.37,125.5,0.39,3.69,0.4,40.5,0.02,0.01,2331.28787,1776264041000
1776264042.859,42.859,0.58,95.0,0.57,85.5,0.59,10.0,0.6,20.5,0.39,85.9,0.38,88.5,0.42,91.0,0.43,85.5,0.01,0.03,2331.28787,1776264041000
1776264043.231,43.231,0.59,30.5,0.58,115.0,0.6,5.0,0.61,104.49,0.41,10.0,0.4,20.5,0.42,95.0,0.43,85.5,0.01,0.01,2331.409877,1776264042000
1776264045.066,45.066,0.61,56.35,0.6,116.5,0.62,88.5,0.63,121.09,0.4,5.0,0.39,104.49,0.41,30.5,0.42,115.0,0.01,0.01,2331.116313,1776264044000
1776264046.288,46.288,0.61,41.35,0.6,85.0,0.62,115.5,0.63,141.09,0.38,88.5,0.37,121.09,0.39,56.35,0.4,116.5,0.01,0.01,2331.162264,1776264045000
1776264047.191,47.191,0.59,10.0,0.58,25.0,0.62,432.49,0.63,216.09,0.38,115.5,0.37,141.09,0.39,41.35,0.4,85.0,0.03,0.01,2331.162264,1776264045000
1776264047.642,47.642,0.54,55.0,0.53,434.0,0.55,88.09,0.56,48.5,0.43,9.62,0.42,118.73,0.45,194.0,0.46,75.0,0.01,0.02,2331.194055,1776264046000
1776264048.012,48.012,0.54,90.0,0.53,449.5,0.55,77.31,0.56,93.5,0.45,55.5,0.44,48.5,0.46,110.0,0.47,454.5,0.01,0.01,2331.194055,1776264046000
1776264048.361,48.361,0.54,89.02,0.53,454.5,0.55,35.4,0.56,113.5,0.45,77.31,0.44,93.5,0.46,90.0,0.47,449.5,0.01,0.01,2331.189589,1776264047000
1776264048.621,48.621,0.54,91.02,0.53,459.5,0.55,25.0,0.56,25.0,0.45,35.4,0.44,113.5,0.46,89.02,0.47,454.5,0.01,0.01,2331.189589,1776264047000
1776264049.33,49.33,0.54,82.31,0.53,470.5,0.55,5.0,0.56,65.0,0.45,25.0,0.44,25.0,0.46,91.02,0.47,459.5,0.01,0.01,2331.189589,1776264047000
1776264050.154,50.154,0.56,15.0,0.55,141.5,0.57,2.0,0.58,85.0,0.45,5.0,0.44,65.0,0.46,82.31,0.47,470.5,0.01,0.01,2330.643183,1776264048000
1776264050.915,50.915,0.57,64.0,0.56,131.5,0.58,90.0,0.59,85.5,0.43,2.0,0.42,85.0,0.44,15.0,0.45,141.5,0.01,0.01,2330.541053,1776264049000
1776264052.217,52.217,0.57,72.0,0.56,131.5,0.58,90.0,0.59,85.5,0.42,90.0,0.41,85.5,0.43,64.0,0.44,131.5,0.01,0.01,2330.753084,1776264051000
1776264052.661,52.661,0.57,142.5,0.56,131.5,0.58,69.82,0.59,75.0,0.42,90.0,0.41,85.5,0.43,72.0,0.44,131.5,0.01,0.01,2330.753084,1776264051000
1776264053.202,53.202,0.59,15.0,0.58,15.0,0.6,38.26,0.61,80.0,0.42,69.82,0.41,75.0,0.43,142.5,0.44,131.5,0.01,0.01,2330.791388,1776264052000
1776264053.668,53.668,0.58,10.0,0.57,90.5,0.6,58.09,0.61,80.0,0.4,38.26,0.39,80.0,0.41,10.0,0.42,25.0,0.02,0.01,2330.791388,1776264052000
1776264054.866,54.866,0.59,71.0,0.58,106.5,0.61,79.18,0.62,146.5,0.4,48.09,0.39,70.0,0.41,17.31,0.42,26.0,0.02,0.01,2330.860843,1776264053000
1776264055.524,55.524,0.57,20.0,0.56,110.5,0.6,46.0,0.61,104.58,0.4,51.0,0.39,94.18,0.41,46.0,0.42,20.0,0.03,0.01,2330.97437,1776264054000
1776264058.044,58.044,0.6,131.0,0.59,95.5,0.61,67.44,0.62,145.5,0.4,40.83,0.39,104.58,0.43,20.0,0.44,110.5,0.01,0.03,2330.951148,1776264056000
1776264060.769,60.769,0.58,45.0,0.57,90.5,0.59,31.0,0.6,91.5,0.39,67.44,0.38,145.5,0.4,131.0,0.41,95.5,0.01,0.01,2330.999633,1776264058000
1776264061.06,61.06,0.58,50.0,0.57,80.5,0.59,21.0,0.6,91.5,0.41,31.0,0.4,91.5,0.42,45.0,0.43,90.5,0.01,0.01,2331.098521,1776264059000
1776264062.29,62.29,0.62,5.0,0.61,68.89,0.63,17.06,0.64,140.0,0.41,21.0,0.4,91.5,0.42,50.0,0.43,80.5,0.01,0.01,2331.098521,1776264059000
1776264062.593,62.593,0.61,45.0,0.6,69.5,0.63,5.0,0.64,140.0,0.37,17.06,0.36,140.0,0.38,5.0,0.39,68.89,0.02,0.01,2331.074435,1776264060000
1776264070.16,70.16,0.61,110.5,0.6,144.39,0.62,43.0,0.63,10.0,0.36,140.0,0.35,360.0,0.39,25.0,0.4,69.5,0.01,0.03,2331.286915,1776264069000
1776264071.903,71.903,0.61,279.49,0.6,311.6,0.62,1.0,0.63,5.0,0.38,43.0,0.37,10.0,0.39,110.5,0.4,144.39,0.01,0.01,2331.303814,1776264070000
1776264072.233,72.233,0.61,346.49,0.6,280.6,0.63,5.0,0.64,130.0,0.38,1.0,0.37,5.0,0.39,279.49,0.4,311.6,0.02,0.01,2331.303814,1776264070000
1776264073.867,73.867,0.63,330.49,0.62,262.5,0.64,105.0,0.65,365.0,0.37,5.0,0.36,130.0,0.39,346.49,0.4,280.6,0.01,0.02,2331.28846,1776264072000
1776264075.261,75.261,0.67,279.42,0.66,240.5,0.68,130.0,0.69,450.0,0.36,105.0,0.35,365.0,0.37,330.49,0.38,262.5,0.01,0.01,2331.528447,1776264073000
1776264077.269,77.269,0.7,254.32,0.69,240.5,0.71,50.0,0.72,20.5,0.31,450.0,0.3,35.0,0.33,249.42,0.34,295.12,0.01,0.02,2331.634599,1776264075000
1776264077.694,77.694,0.71,85.89,0.7,244.93,0.72,19.11,0.73,85.0,0.29,50.0,0.28,20.5,0.3,254.32,0.31,240.5,0.01,0.01,2332.122564,1776264076000
1776264078.049,78.049,0.71,145.89,0.7,234.93,0.72,12.01,0.73,85.0,0.28,19.11,0.27,85.0,0.29,85.89,0.3,244.93,0.01,0.01,2332.122564,1776264076000
1776264079.16,79.16,0.74,15.0,0.73,161.5,0.75,60.5,0.76,95.5,0.28,12.01,0.27,85.0,0.29,145.89,0.3,234.93,0.01,0.01,2332.229266,1776264078000
1776264079.799,79.799,0.75,141.0,0.74,214.99,0.76,94.5,0.77,185.5,0.25,43.69,0.24,95.5,0.26,15.0,0.27,160.39,0.01,0.01,2332.229266,1776264078000
1776264080.133,80.133,0.75,116.0,0.74,204.99,0.76,84.03,0.77,185.5,0.24,89.3,0.23,185.5,0.25,116.0,0.26,204.99,0.01,0.01,2332.229266,1776264078000
1776264080.899,80.899,0.75,113.0,0.74,215.49,0.76,15.5,0.77,185.5,0.24,84.03,0.23,185.5,0.25,113.0,0.26,204.99,0.01,0.01,2332.21529,1776264079000
1776264083.058,83.058,0.73,20.0,0.72,110.39,0.74,18.89,0.75,22.0,0.24,15.5,0.23,185.5,0.25,113.0,0.26,215.49,0.01,0.01,2332.521792,1776264082000
1776264083.469,83.469,0.73,132.28,0.72,110.39,0.75,22.0,0.76,119.9,0.26,18.89,0.25,22.0,0.27,20.0,0.28,110.39,0.02,0.01,2332.521792,1776264082000
1776264084.881,84.881,0.76,32.0,0.75,122.0,0.77,170.0,0.78,174.9,0.25,22.0,0.24,119.9,0.27,132.28,0.28,110.39,0.01,0.02,2332.376477,1776264083000
1776264086.306,86.306,0.79,131.82,0.78,125.5,0.8,7.5,0.81,10.4,0.23,160.54,0.22,184.9,0.24,5.0,0.25,92.0,0.01,0.01,2332.379725,1776264084000
1776264086.543,86.543,0.79,240.39,0.78,221.5,0.8,24.5,0.83,50.0,0.2,34.5,0.18,5.0,0.21,156.39,0.22,140.5,0.01,0.01,2332.423829,1776264085000
1776264087.068,87.068,0.8,160.39,0.79,160.5,0.81,0.75,0.85,75.0,0.19,1.99,0.15,80.0,0.2,35.39,0.21,175.5,0.01,0.01,2332.423829,1776264085000
1776264087.51,87.51,0.82,8.88,0.81,133.5,0.84,10.0,0.85,135.23,0.15,75.0,0.14,100.0,0.19,29.25,0.2,155.39,0.02,0.04,2332.423829,1776264085000
1776264087.909,87.909,0.81,24.89,0.8,437.13,0.82,8.0,0.83,36.9,0.18,2.0,0.17,25.5,0.19,13.0,0.2,158.5,0.01,0.01,2332.666707,1776264087000
1776264088.754,88.754,0.8,94.5,0.79,206.5,0.81,21.81,0.82,21.95,0.18,5.95,0.17,36.9,0.19,7.89,0.2,78.5,0.01,0.01,2332.666707,1776264087000
1776264089.209,89.209,0.8,124.5,0.79,196.5,0.81,5.63,0.82,21.95,0.19,21.81,0.18,21.95,0.2,94.5,0.21,206.5,0.01,0.01,2333.434052,1776264088000
1776264089.507,89.507,0.8,98.5,0.79,195.5,0.81,0.01,0.82,21.95,0.19,5.63,0.18,21.95,0.2,124.5,0.21,196.5,0.01,0.01,2333.434052,1776264088000
1776264090.467,90.467,0.8,591.28,0.79,202.6,0.82,13.95,0.83,82.0,0.19,0.01,0.18,21.95,0.2,98.5,0.21,195.5,0.02,0.01,2333.387639,1776264089000
1776264092.493,92.493,0.81,394.27,0.8,143.24,0.82,44.95,0.83,82.0,0.18,13.95,0.17,82.0,0.2,591.28,0.21,202.6,0.01,0.02,2333.343036,1776264091000
1776264092.805,92.805,0.81,61.0,0.8,93.5,0.82,125.35,0.83,97.5,0.18,43.35,0.17,82.0,0.19,394.27,0.2,143.24,0.01,0.01,2333.343036,1776264091000
1776264093.851,93.851,0.81,391.05,0.8,143.24,0.82,42.74,0.83,107.0,0.18,108.35,0.17,97.5,0.19,61.0,0.2,93.5,0.01,0.01,2333.348414,1776264092000
1776264094.093,94.093,0.81,70.73,0.8,93.5,0.82,32.74,0.83,100.0,0.18,42.74,0.17,107.0,0.19,391.05,0.2,143.24,0.01,0.01,2333.348414,1776264092000
1776264094.34,94.34,0.81,444.01,0.8,243.24,0.82,27.74,0.83,100.0,0.18,32.74,0.17,100.0,0.19,70.73,0.2,93.5,0.01,0.01,2333.358533,1776264093000
1776264094.762,94.762,0.81,62.0,0.8,88.5,0.82,83.35,0.83,135.5,0.18,27.74,0.17,100.0,0.19,444.01,0.2,243.24,0.01,0.01,2333.358533,1776264093000
1776264096.11,96.11,0.81,75.0,0.8,193.5,0.82,50.39,0.83,110.0,0.18,83.35,0.17,135.5,0.19,62.0,0.2,88.5,0.01,0.01,2333.286404,1776264094000
1776264097.475,97.475,0.8,170.5,0.79,206.6,0.82,111.61,0.83,120.5,0.18,40.39,0.17,110.0,0.19,28.92,0.2,193.5,0.02,0.01,2333.221368,1776264096000
1776264098.578,98.578,0.79,243.6,0.78,315.53,0.8,48.0,0.81,50.0,0.2,29.5,0.19,10.0,0.21,216.6,0.22,215.5,0.01,0.01,2333.267151,1776264097000
1776264099.392,99.392,0.79,254.6,0.78,368.53,0.8,42.37,0.82,65.0,0.2,48.0,0.19,50.0,0.21,243.6,0.22,315.53,0.01,0.01,2333.267151,1776264097000
1776264099.765,99.765,0.79,265.6,0.78,368.53,0.8,29.25,0.82,50.0,0.2,42.37,0.18,65.0,0.21,254.6,0.22,368.53,0.01,0.01,2333.229705,1776264098000
1776264100.984,100.984,0.79,275.83,0.78,401.63,0.8,37.25,0.83,83.0,0.2,29.25,0.18,50.0,0.21,265.6,0.22,368.53,0.01,0.01,2333.22967,1776264099000
1776264101.337,101.337,0.79,405.42,0.78,437.63,0.8,0.25,0.83,28.0,0.2,37.25,0.17,83.0,0.21,275.83,0.22,401.63,0.01,0.01,2333.22967,1776264099000
1776264102.204,102.204,0.82,332.44,0.81,324.62,0.83,6.73,0.85,25.0,0.17,28.0,0.16,55.0,0.21,405.42,0.22,437.63,0.01,0.04,2333.24557,1776264100000
1776264102.692,102.692,0.82,812.82,0.81,348.02,0.85,72.81,0.86,105.5,0.17,6.73,0.15,25.0,0.18,332.44,0.19,324.62,0.03,0.01,2333.267259,1776264101000
1776264103.888,103.888,0.82,0.95,0.81,207.39,0.83,116.5,0.84,137.5,0.15,72.81,0.14,105.5,0.18,812.82,0.19,348.02,0.01,0.03,2333.434696,1776264102000
1776264104.685,104.685,0.8,143.89,0.79,231.73,0.83,156.29,0.84,153.49,0.17,115.29,0.16,137.5,0.18,0.95,0.19,207.39,0.03,0.01,2333.565325,1776264103000
1776264105.078,105.078,0.79,173.89,0.78,232.5,0.8,103.59,0.81,138.83,0.19,34.83,0.18,39.5,0.2,14.97,0.21,211.23,0.01,0.01,2333.565325,1776264103000
1776264105.642,105.642,0.79,218.89,0.78,330.04,0.8,81.25,0.81,138.83,0.2,103.59,0.19,138.83,0.21,173.89,0.22,232.5,0.01,0.01,2333.47881,1776264104000
1776264105.987,105.987,0.79,226.89,0.78,340.04,0.8,30.37,0.81,127.83,0.2,81.25,0.19,138.83,0.21,218.89,0.22,330.04,0.01,0.01,2333.47881,1776264104000
1776264106.355,106.355,0.79,66.69,0.78,122.99,0.8,116.87,0.81,138.83,0.2,30.37,0.19,127.83,0.21,226.89,0.22,340.04,0.01,0.01,2333.47881,1776264104000
1776264107.193,107.193,0.77,9.98,0.76,25.0,0.79,74.5,0.8,141.9,0.2,116.87,0.19,138.83,0.21,15.69,0.22,122.99,0.02,0.01,2333.157594,1776264105000
1776264107.794,107.794,0.77,13.79,0.76,110.0,0.78,50.5,0.79,130.49,0.21,74.5,0.2,141.9,0.23,9.98,0.24,25.0,0.01,0.02,2333.054647,1776264106000
1776264108.259,108.259,0.76,106.2,0.75,208.0,0.78,105.5,0.79,142.48,0.22,50.5,0.21,130.49,0.23,13.79,0.24,110.0,0.02,0.01,2333.008189,1776264107000
1776264108.992,108.992,0.76,111.2,0.75,208.0,0.77,89.19,0.78,100.5,0.22,105.5,0.21,142.48,0.24,106.2,0.25,208.0,0.01,0.02,2333.008189,1776264107000
1776264109.305,109.305,0.75,148.0,0.74,229.39,0.77,88.72,0.78,90.5,0.23,89.19,0.22,100.5,0.24,111.2,0.25,208.0,0.02,0.01,2333.008189,1776264107000
1776264110.528,110.528,0.75,213.0,0.74,293.05,0.77,70.15,0.78,124.49,0.23,88.72,0.22,90.5,0.25,148.0,0.26,229.39,0.02,0.02,2332.610077,1776264109000
1776264112.248,112.248,0.74,125.0,0.73,180.0,0.76,112.5,0.77,115.64,0.23,70.15,0.22,124.49,0.25,213.0,0.26,293.05,0.02,0.02,2332.599277,1776264110000
1776264113.157,113.157,0.71,145.59,0.7,163.39,0.73,135.63,0.74,111.5,0.24,104.77,0.23,115.64,0.26,125.0,0.27,180.0,0.02,0.02,2332.564821,1776264111000
1776264114.384,114.384,0.71,132.54,0.7,155.5,0.72,5.0,0.73,89.63,0.27,135.63,0.26,111.5,0.29,145.59,0.3,163.39,0.01,0.02,2332.423077,1776264112000
1776264115.305,115.305,0.71,164.02,0.7,160.5,0.73,44.09,0.74,96.5,0.28,5.0,0.27,79.63,0.29,105.94,0.3,160.5,0.02,0.01,2332.423077,1776264112000
1776264117.062,117.062,0.76,67.5,0.75,197.6,0.77,65.0,0.78,65.0,0.27,44.09,0.26,96.5,0.29,164.02,0.3,160.5,0.01,0.02,2332.120127,1776264115000
1776264120.636,120.636,0.76,106.07,0.75,130.49,0.77,43.0,0.78,85.0,0.23,65.0,0.22,65.0,0.24,67.5,0.25,197.6,0.01,0.01,2332.431937,1776264119000
1776264122.032,122.032,0.76,1.57,0.75,5.0,0.77,203.5,0.78,245.5,0.23,48.0,0.22,95.5,0.24,34.57,0.25,115.49,0.01,0.01,2332.425635,1776264120000
1776264124.011,124.011,0.77,105.5,0.76,150.06,0.78,282.31,0.79,90.0,0.23,203.5,0.22,245.5,0.24,1.57,0.25,5.0,0.01,0.01,2332.345804,1776264122000
1776264126.405,126.405,0.72,25.0,0.71,35.0,0.74,30.4,0.75,138.29,0.22,280.93,0.21,90.0,0.23,110.5,0.24,150.06,0.02,0.01,2332.414698,1776264124000
1776264127.304,127.304,0.68,100.0,0.66,35.0,0.69,69.5,0.7,146.29,0.26,30.4,0.25,138.29,0.28,25.0,0.29,35.0,0.01,0.02,2332.448139,1776264126000
1776264127.568,127.568,0.63,50.0,0.62,70.0,0.69,78.34,0.7,91.29,0.31,93.34,0.3,111.29,0.32,75.0,0.34,35.0,0.06,0.01,2332.448139,1776264126000
1776264127.776,127.776,0.63,40.47,0.62,75.5,0.64,10.0,0.65,15.0,0.36,5.0,0.35,15.0,0.37,50.47,0.38,75.5,0.01,0.01,2332.448139,1776264126000
1776264128.057,128.057,0.63,18.5,0.62,90.5,0.64,10.0,0.65,35.0,0.36,5.0,0.35,15.0,0.37,28.84,0.38,75.5,0.01,0.01,2332.203053,1776264127000
1776264128.805,128.805,0.62,11.0,0.61,10.0,0.63,70.0,0.64,36.0,0.36,10.0,0.35,35.0,0.37,18.5,0.38,90.5,0.01,0.01,2332.203053,1776264127000
1776264129.257,129.257,0.62,21.26,0.61,25.34,0.63,10.0,0.65,55.0,0.37,106.0,0.36,51.0,0.39,9.84,0.4,254.63,0.01,0.02,2332.203053,1776264127000
1776264129.963,129.963,0.64,32.99,0.63,41.5,0.65,25.0,0.66,31.0,0.37,10.0,0.35,55.0,0.38,21.26,0.39,25.34,0.01,0.01,2331.383749,1776264128000
1776264130.994,130.994,0.64,25.21,0.63,38.39,0.65,25.0,0.66,6.59,0.35,25.0,0.34,31.0,0.36,32.99,0.37,41.5,0.01,0.01,2331.245137,1776264129000
1776264131.769,131.769,0.65,80.5,0.64,85.0,0.67,86.0,0.68,136.5,0.35,4.0,0.34,6.59,0.36,30.21,0.37,113.48,0.02,0.01,2331.314929,1776264130000
1776264132.54,132.54,0.64,10.0,0.63,25.5,0.65,21.19,0.66,45.9,0.33,86.0,0.32,136.5,0.35,80.5,0.36,85.0,0.01,0.02,2331.318369,1776264131000
1776264133.677,133.677,0.66,72.5,0.65,75.5,0.67,57.48,0.68,125.5,0.35,21.19,0.34,45.9,0.36,10.0,0.37,25.5,0.01,0.01,2331.44163,1776264132000
1776264136.28,136.28,0.61,35.0,0.6,205.13,0.63,25.0,0.64,45.5,0.33,57.48,0.32,125.5,0.34,72.5,0.35,75.5,0.02,0.01,2331.47506,1776264135000
1776264137.17,137.17,0.6,174.63,0.58,280.5,0.61,144.8,0.62,167.5,0.37,25.0,0.36,45.5,0.39,35.0,0.4,205.13,0.01,0.02,2331.47506,1776264135000
1776264137.527,137.527,0.6,95.36,0.59,20.5,0.61,178.3,0.62,177.09,0.39,138.8,0.38,167.5,0.4,99.63,0.42,280.5,0.01,0.01,2331.47506,1776264135000
1776264140.473,140.473,0.6,84.15,0.59,10.0,0.61,178.34,0.62,110.5,0.39,178.3,0.38,177.09,0.4,95.36,0.41,20.5,0.01,0.01,2330.92398,1776264138000
1776264142.098,142.098,0.53,465.5,0.52,331.69,0.55,76.4,0.56,116.5,0.39,203.84,0.38,110.5,0.41,10.0,0.42,220.0,0.02,0.02,2330.934734,1776264140000
1776264142.691,142.691,0.52,326.69,0.51,319.8,0.54,30.4,0.55,75.0,0.45,81.4,0.44,121.5,0.47,465.5,0.48,331.69,0.02,0.02,2330.929429,1776264141000
1776264143.253,143.253,0.53,50.5,0.52,119.51,0.54,15.4,0.55,10.0,0.46,25.4,0.45,60.0,0.48,268.01,0.49,319.8,0.01,0.02,2330.929429,1776264141000
1776264143.725,143.725,0.57,5.0,0.56,16.0,0.58,4.74,0.59,30.22,0.41,30.22,0.4,15.0,0.45,10.0,0.46,51.89,0.01,0.04,2330.529374,1776264142000
1776264145.031,145.031,0.56,6.0,0.55,21.5,0.58,55.83,0.59,108.02,0.42,4.74,0.41,30.22,0.43,5.0,0.44,16.0,0.02,0.01,2330.535007,1776264143000
1776264145.626,145.626,0.56,110.5,0.55,80.5,0.57,10.0,0.58,19.74,0.42,55.83,0.41,108.02,0.44,6.0,0.45,21.5,0.01,0.02,2330.589073,1776264144000
1776264146.049,146.049,0.56,136.5,0.55,80.5,0.58,19.74,0.59,104.53,0.43,10.0,0.42,19.74,0.44,110.5,0.45,80.5,0.02,0.01,2330.589073,1776264144000
1776264146.431,146.431,0.58,585.26,0.57,20.5,0.59,73.53,0.6,80.5,0.42,19.74,0.41,109.53,0.43,4.5,0.44,75.5,0.01,0.01,2330.589073,1776264144000
1776264146.939,146.939,0.58,640.85,0.57,65.5,0.6,80.5,0.61,125.5,0.41,78.53,0.4,80.5,0.42,584.35,0.43,15.5,0.02,0.01,2330.726651,1776264145000
1776264147.873,147.873,0.59,82.5,0.58,690.85,0.6,17.91,0.61,85.5,0.4,80.5,0.39,125.5,0.42,640.85,0.43,65.5,0.01,0.02,2330.719873,1776264146000
1776264149.092,149.092,0.58,578.35,0.56,25.0,0.59,40.0,0.6,120.9,0.4,17.91,0.39,85.5,0.41,82.5,0.42,690.85,0.01,0.01,2330.77648,1776264147000
1776264149.376,149.376,0.58,308.61,0.57,5.0,0.59,95.5,0.6,125.9,0.41,55.5,0.4,120.9,0.42,313.61,0.44,25.0,0.01,0.01,2330.829612,1776264148000
1776264149.653,149.653,0.58,337.11,0.57,75.5,0.59,10.0,0.6,80.5,0.41,95.5,0.4,125.9,0.42,308.61,0.43,5.0,0.01,0.01,2330.829612,1776264148000
1776264150.685,150.685,0.6,46.5,0.59,51.5,0.62,78.37,0.63,75.5,0.41,10.0,0.4,80.5,0.42,337.11,0.43,75.5,0.02,0.01,2330.832045,1776264149000
1776264150.996,150.996,0.6,18.0,0.59,35.5,0.62,77.61,0.63,75.5,0.38,77.61,0.37,85.5,0.4,41.5,0.41,56.5,0.02,0.02,2330.875,1776264150000
1776264151.579,151.579,0.58,311.61,0.57,20.0,0.59,79.8,0.6,30.5,0.38,77.61,0.37,75.5,0.4,18.0,0.41,35.5,0.01,0.02,2330.875,1776264150000
1776264153.831,153.831,0.6,22.66,0.59,35.5,0.61,50.0,0.62,77.61,0.41,79.8,0.4,30.5,0.42,311.61,0.43,20.0,0.01,0.01,2330.895831,1776264152000
1776264155.426,155.426,0.58,0.61,0.57,10.0,0.59,121.5,0.6,90.5,0.39,50.0,0.38,77.61,0.4,22.66,0.41,35.5,0.01,0.01,2330.777124,1776264154000
1776264155.794,155.794,0.56,3.83,0.55,90.5,0.59,222.5,0.6,116.49,0.41,121.5,0.4,90.5,0.42,0.61,0.43,10.0,0.03,0.01,2330.777124,1776264154000
1776264156.577,156.577,0.56,15.0,0.55,76.32,0.57,117.25,0.58,128.09,0.42,20.5,0.41,227.5,0.45,81.82,0.46,120.0,0.01,0.03,2330.859591,1776264155000
1776264156.939,156.939,0.52,63.36,0.51,295.0,0.55,20.5,0.56,211.49,0.43,117.25,0.42,128.09,0.44,15.0,0.45,76.32,0.03,0.01,2330.859591,1776264155000
1776264157.15,157.15,0.51,308.07,0.5,335.0,0.52,7.88,0.53,10.0,0.45,20.5,0.44,211.49,0.49,257.57,0.5,325.0,0.01,0.04,2330.859591,1776264155000
1776264158.817,158.817,0.51,277.57,0.5,325.0,0.52,25.32,0.53,92.09,0.48,7.88,0.47,10.0,0.49,308.07,0.5,335.0,0.01,0.01,2330.596719,1776264157000
1776264160.422,160.422,0.5,22.88,0.49,325.0,0.51,149.09,0.52,143.09,0.48,75.5,0.47,137.09,0.5,330.0,0.51,335.5,0.01,0.02,2330.32933,1776264159000
1776264161.075,161.075,0.5,50.88,0.49,345.5,0.51,36.0,0.52,86.5,0.49,98.59,0.48,77.09,0.5,42.88,0.51,340.5,0.01,0.01,2330.32933,1776264159000
1776264161.919,161.919,0.49,330.0,0.48,195.5,0.52,172.5,0.53,131.5,0.48,86.5,0.47,93.5,0.5,50.88,0.51,345.5,0.03,0.02,2330.2883,1776264160000
1776264162.406,162.406,0.49,225.0,0.48,190.5,0.51,101.5,0.52,122.5,0.48,172.5,0.47,131.5,0.51,330.0,0.52,195.5,0.02,0.03,2330.25915,1776264161000
1776264163.326,163.326,0.49,7.92,0.48,180.5,0.5,126.0,0.51,176.5,0.49,101.5,0.48,122.5,0.51,225.0,0.52,190.5,0.01,0.02,2330.268815,1776264162000
1776264164.121,164.121,0.49,65.12,0.48,165.5,0.5,35.0,0.51,101.0,0.5,126.0,0.49,176.5,0.51,7.92,0.52,180.5,0.01,0.01,2330.268815,1776264162000
1776264164.339,164.339,0.49,85.12,0.48,170.5,0.5,25.0,0.51,5.0,0.5,35.0,0.49,101.0,0.51,65.12,0.52,165.5,0.01,0.01,2330.223999,1776264163000
1776264165.979,165.979,0.48,8.07,0.47,115.0,0.49,256.5,0.5,135.5,0.5,20.0,0.49,5.0,0.51,85.12,0.52,170.5,0.01,0.01,2330.179693,1776264165000
1776264166.194,166.194,0.47,100.0,0.46,105.28,0.49,151.5,0.5,90.5,0.51,166.5,0.5,95.5,0.52,3.82,0.53,115.0,0.02,0.01,2330.179693,1776264165000
1776264166.632,166.632,0.47,16.0,0.46,110.28,0.48,10.0,0.49,115.5,0.51,106.5,0.5,90.5,0.53,61.0,0.54,170.78,0.01,0.02,2330.179693,1776264165000
1776264167.073,167.073,0.46,121.28,0.45,135.0,0.48,41.0,0.49,115.5,0.52,10.0,0.51,115.5,0.53,16.0,0.54,110.28,0.02,0.01,2330.1475,1776264166000
1776264167.665,167.665,0.49,10.0,0.48,72.44,0.5,5.0,0.51,10.0,0.52,41.0,0.51,115.5,0.54,121.28,0.55,135.0,0.01,0.02,2330.1475,1776264166000
1776264167.992,167.992,0.49,10.0,0.48,82.94,0.51,15.0,0.52,20.0,0.49,10.0,0.48,20.0,0.5,5.0,0.51,20.0,0.02,0.01,2330.1475,1776264166000
1776264168.463,168.463,0.48,47.6,0.46,91.28,0.49,60.0,0.5,20.0,0.49,15.0,0.48,20.0,0.51,10.0,0.52,82.94,0.01,0.02,2330.003472,1776264167000
1776264168.818,168.818,0.48,10.0,0.47,15.0,0.49,10.0,0.5,80.0,0.51,90.0,0.5,30.0,0.54,101.28,0.55,80.0,0.01,0.03,2330.003472,1776264167000
1776264169.178,169.178,0.48,8.07,0.47,15.0,0.49,100.0,0.5,130.0,0.51,10.0,0.5,80.0,0.52,10.0,0.53,15.0,0.01,0.01,2330.003472,1776264167000
1776264170.778,170.778,0.47,6.0,0.46,107.28,0.48,146.5,0.49,146.5,0.51,100.0,0.5,130.0,0.53,15.0,0.54,101.28,0.01,0.02,2330.1086,1776264169000
1776264173.337,173.337,0.46,121.78,0.45,185.5,0.47,37.8,0.48,15.0,0.53,33.0,0.52,151.5,0.54,57.28,0.55,181.0,0.01,0.01,2330.007213,1776264172000
1776264174.583,174.583,0.46,178.78,0.45,180.5,0.47,32.8,0.48,5.0,0.53,37.8,0.52,15.0,0.54,121.78,0.55,185.5,0.01,0.01,2329.992066,1776264173000
1776264175.023,175.023,0.46,213.78,0.45,192.6,0.47,11.97,0.49,20.0,0.53,32.8,0.52,5.0,0.54,178.78,0.55,180.5,0.01,0.01,2329.992066,1776264173000
1776264175.435,175.435,0.48,57.27,0.47,20.5,0.49,25.0,0.5,45.0,0.51,20.0,0.5,35.0,0.54,238.88,0.55,242.6,0.01,0.03,2329.992066,1776264173000
1776264176.566,176.566,0.5,177.49,0.49,50.6,0.52,6.22,0.53,35.0,0.51,25.0,0.5,45.0,0.52,57.27,0.53,20.5,0.02,0.01,2330.045949,1776264174000
1776264177.099,177.099,0.52,204.49,0.51,124.6,0.54,10.0,0.55,35.0,0.47,29.26,0.46,85.0,0.48,29.49,0.49,122.6,0.02,0.01,2330.109809,1776264175000
1776264177.842,177.842,0.54,153.49,0.53,133.5,0.56,26.0,0.57,36.5,0.45,35.0,0.44,10.0,0.47,68.5,0.48,171.49,0.02,0.02,2330.192401,1776264176000
1776264178.318,178.318,0.54,188.49,0.53,133.5,0.57,26.0,0.58,161.59,0.44,26.0,0.43,36.5,0.46,153.49,0.47,133.5,0.03,0.02,2330.192401,1776264176000
1776264178.768,178.768,0.56,35.0,0.55,28.49,0.57,17.0,0.58,166.59,0.43,26.0,0.42,161.59,0.46,188.49,0.47,133.5,0.01,0.03,2330.192401,1776264176000
1776264179.318,179.318,0.56,28.63,0.55,76.5,0.57,22.0,0.58,166.59,0.43,17.0,0.42,166.59,0.44,35.0,0.45,28.49,0.01,0.01,2330.53635,1776264178000
1776264179.945,179.945,0.56,99.63,0.55,103.5,0.57,6.49,0.58,139.59,0.43,22.0,0.42,166.59,0.44,28.63,0.45,76.5,0.01,0.01,2330.53635,1776264178000
1776264180.346,180.346,0.56,42.81,0.55,103.5,0.57,10.0,0.58,119.59,0.42,139.59,0.41,125.5,0.44,99.63,0.45,103.5,0.01,0.02,2330.53635,1776264178000
1776264181.42,181.42,0.55,11.37,0.54,17.0,0.56,109.5,0.57,93.5,0.43,10.0,0.42,119.59,0.44,42.81,0.45,103.5,0.01,0.01,2330.65497,1776264180000
1776264182.409,182.409,0.55,1.37,0.54,28.0,0.56,109.89,0.57,93.5,0.44,109.5,0.43,93.5,0.45,11.37,0.46,17.0,0.01,0.01,2330.65497,1776264180000
1776264183.236,183.236,0.51,74.28,0.5,80.5,0.53,62.5,0.54,86.5,0.44,109.89,0.43,93.5,0.45,1.37,0.46,28.0,0.02,0.01,2330.62948,1776264181000
1776264183.566,183.566,0.52,131.49,0.51,89.0,0.54,10.0,0.55,60.0,0.47,71.5,0.46,86.5,0.48,9.75,0.5,33.28,0.02,0.01,2330.62948,1776264181000
1776264183.886,183.886,0.54,10.0,0.53,37.0,0.55,24.83,0.56,85.5,0.45,31.61,0.44,80.5,0.47,108.5,0.48,45.5,0.01,0.02,2330.62948,1776264181000
1776264184.536,184.536,0.54,22.09,0.53,117.5,0.56,51.66,0.57,85.0,0.45,74.5,0.44,85.5,0.46,12.09,0.47,92.0,0.02,0.01,2330.517342,1776264182000
1776264184.971,184.971,0.56,133.5,0.55,126.7,0.57,5.0,0.58,39.09,0.44,51.66,0.43,85.0,0.46,22.09,0.47,117.5,0.01,0.02,2330.47632,1776264183000
1776264185.583,185.583,0.56,141.5,0.55,114.59,0.58,14.29,0.59,75.5,0.43,5.0,0.42,39.09,0.44,133.5,0.45,126.7,0.02,0.01,2330.401491,1776264184000
1776264185.958,185.958,0.57,95.5,0.56,113.5,0.59,15.0,0.6,125.5,0.42,14.29,0.41,75.5,0.44,141.5,0.45,114.59,0.02,0.02,2330.401491,1776264184000
1776264186.305,186.305,0.58,20.0,0.57,85.5,0.6,130.5,0.61,225.5,0.41,15.0,0.4,125.5,0.43,95.5,0.44,113.5,0.02,0.02,2330.401491,1776264184000
1776264186.707,186.707,0.58,95.5,0.57,90.5,0.6,120.0,0.61,220.5,0.4,130.5,0.39,225.5,0.42,70.0,0.43,85.5,0.02,0.02,2330.510525,1776264185000
1776264187.369,187.369,0.59,70.0,0.58,90.5,0.6,1.34,0.61,170.5,0.4,120.0,0.39,220.5,0.42,95.5,0.43,90.5,0.01,0.02,2330.510525,1776264185000
1776264189.522,189.522,0.59,20.0,0.58,95.5,0.6,19.0,0.61,239.5,0.39,220.5,0.38,167.11,0.41,20.0,0.42,100.5,0.01,0.02,2330.788495,1776264188000
1776264190.635,190.635,0.57,15.0,0.55,20.0,0.6,299.5,0.61,325.5,0.39,234.5,0.38,167.11,0.41,20.0,0.42,80.5,0.03,0.02,2330.788495,1776264189000
1776264191.068,191.068,0.54,0.45,0.53,75.0,0.57,138.5,0.58,128.5,0.43,58.5,0.42,88.5,0.44,0.45,0.45,10.0,0.03,0.01,2330.788495,1776264189000
1776264192.419,192.419,0.52,30.0,0.51,95.0,0.54,134.92,0.55,123.5,0.45,32.5,0.44,37.5,0.47,60.65,0.48,116.39,0.02,0.02,2330.78021,1776264190000
1776264192.867,192.867,0.53,35.45,0.52,99.0,0.54,21.42,0.55,88.5,0.46,134.92,0.45,123.5,0.48,30.0,0.49,95.0,0.01,0.02,2330.620678,1776264191000
1776264193.564,193.564,0.53,34.5,0.52,114.5,0.54,21.0,0.55,109.5,0.45,88.5,0.44,91.5,0.47,35.45,0.48,99.0,0.01,0.02,2330.486481,1776264192000
1776264194.431,194.431,0.53,99.5,0.52,114.5,0.56,52.5,0.57,142.5,0.46,21.0,0.45,109.5,0.47,34.5,0.48,114.5,0.03,0.01,2330.486481,1776264192000
1776264195.513,195.513,0.55,30.5,0.54,38.5,0.57,0.01,0.58,30.0,0.44,52.5,0.43,142.5,0.47,99.5,0.48,114.5,0.02,0.03,2330.39012,1776264194000
1776264195.996,195.996,0.56,70.5,0.55,33.5,0.6,10.0,0.61,184.0,0.42,7.73,0.41,55.5,0.45,30.5,0.46,88.5,0.04,0.03,2330.39012,1776264194000
1776264196.448,196.448,0.58,6.0,0.57,18.0,0.6,15.5,0.61,169.0,0.4,10.0,0.39,184.0,0.44,34.95,0.45,33.5,0.02,0.04,2330.440452,1776264195000
1776264197.013,197.013,0.6,10.0,0.59,10.0,0.61,22.49,0.62,31.5,0.39,169.0,0.38,81.0,0.41,18.0,0.42,56.0,0.01,0.02,2330.524304,1776264196000
1776264197.253,197.253,0.6,5.0,0.59,15.0,0.62,31.5,0.63,101.5,0.39,10.0,0.38,31.5,0.4,9.95,0.41,15.0,0.02,0.01,2330.524304,1776264196000
1776264197.586,197.586,0.58,70.5,0.57,28.65,0.6,32.5,0.61,23.0,0.38,31.5,0.37,101.5,0.4,5.0,0.41,15.0,0.02,0.02,2330.524304,1776264196000
1776264197.997,197.997,0.55,50.5,0.54,73.0,0.59,43.0,0.6,45.5,0.4,32.5,0.39,23.0,0.42,70.5,0.43,28.65,0.04,0.02,2330.524304,1776264196000
1776264198.445,198.445,0.56,12.5,0.55,36.0,0.57,22.0,0.58,20.0,0.41,26.68,0.4,45.5,0.44,10.0,0.45,50.5,0.01,0.03,2330.64229,1776264197000
1776264199.531,199.531,0.58,70.5,0.57,30.5,0.59,3.05,0.6,40.5,0.43,17.0,0.42,20.0,0.45,13.61,0.46,49.0,0.01,0.02,2330.703617,1776264198000
1776264200.035,200.035,0.59,5.0,0.58,48.5,0.6,82.5,0.61,99.5,0.41,3.05,0.4,40.5,0.42,70.5,0.43,30.5,0.01,0.01,2330.703617,1776264198000
1776264200.324,200.324,0.59,82.39,0.58,58.5,0.61,29.0,0.62,15.0,0.4,82.5,0.39,99.5,0.41,5.0,0.42,48.5,0.02,0.01,2330.583389,1776264199000
1776264201.002,201.002,0.61,82.5,0.6,53.5,0.63,130.0,0.64,125.0,0.39,6.68,0.38,15.0,0.4,10.0,0.41,82.39,0.02,0.01,2330.626349,1776264200000
1776264202.688,202.688,0.61,10.87,0.6,15.0,0.63,155.0,0.64,120.0,0.37,130.0,0.36,125.0,0.39,82.5,0.4,53.5,0.02,0.02,2330.73761,1776264201000
1776264204.671,204.671,0.61,51.37,0.6,57.5,0.62,10.0,0.63,145.5,0.37,155.0,0.36,120.0,0.39,10.87,0.4,15.0,0.01,0.02,2330.730338,1776264203000
1776264205.499,205.499,0.61,135.37,0.6,134.39,0.63,65.0,0.64,89.0,0.38,10.0,0.37,145.5,0.39,51.37,0.4,57.5,0.02,0.01,2330.76765,1776264204000
1776264205.913,205.913,0.64,4.66,0.63,70.5,0.65,170.0,0.66,90.5,0.37,65.0,0.36,89.0,0.39,135.37,0.4,134.39,0.01,0.02,2330.76765,1776264204000
1776264207.542,207.542,0.65,43.0,0.64,36.16,0.66,42.31,0.67,180.0,0.35,149.63,0.34,90.5,0.36,20.66,0.37,75.5,0.01,0.01,2330.854615,1776264206000
1776264208.255,208.255,0.65,38.0,0.64,25.66,0.66,25.58,0.67,190.0,0.34,40.58,0.33,180.0,0.35,43.0,0.36,36.16,0.01,0.01,2330.854615,1776264206000
1776264209.06,209.06,0.65,43.8,0.64,30.66,0.67,130.0,0.68,125.0,0.34,25.58,0.33,190.0,0.35,38.0,0.36,25.66,0.02,0.01,2331.009407,1776264207000
1776264210.323,210.323,0.66,5.0,0.65,43.8,0.67,105.0,0.68,115.0,0.33,130.0,0.32,125.0,0.35,43.8,0.36,30.66,0.01,0.02,2330.992904,1776264209000
1776264210.554,210.554,0.66,17.7,0.65,43.8,0.67,15.0,0.68,65.0,0.33,105.0,0.32,115.0,0.34,5.0,0.35,43.8,0.01,0.01,2330.992904,1776264209000
1776264211.075,211.075,0.66,42.08,0.65,68.4,0.69,97.0,0.7,170.0,0.32,5.0,0.31,135.0,0.34,17.7,0.35,43.8,0.03,0.02,2330.992904,1776264209000
1776264212.661,212.661,0.68,45.46,0.66,50.0,0.7,205.5,0.71,125.5,0.31,97.0,0.3,170.0,0.34,42.08,0.35,68.4,0.02,0.03,2331.03391,1776264211000
1776264213.026,213.026,0.68,49.21,0.67,16.0,0.69,64.0,0.7,140.5,0.31,64.0,0.3,140.5,0.32,45.46,0.34,50.0,0.01,0.01,2331.03391,1776264211000
1776264213.229,213.229,0.64,25.0,0.63,80.0,0.69,90.5,0.7,140.5,0.31,70.0,0.3,140.5,0.32,37.58,0.33,16.0,0.05,0.01,2331.298954,1776264212000
1776264214.034,214.034,0.64,45.5,0.63,174.6,0.65,13.0,0.66,76.0,0.31,90.5,0.3,140.5,0.36,25.0,0.37,80.0,0.01,0.05,2331.298954,1776264212000
1776264214.497,214.497,0.64,45.5,0.63,174.6,0.65,12.07,0.66,7.19,0.34,7.19,0.33,16.0,0.36,50.5,0.37,174.6,0.01,0.02,2331.20611,1776264213000
1776264217.519,217.519,0.66,87.03,0.65,61.5,0.68,18.58,0.69,20.0,0.35,11.31,0.34,7.19,0.36,45.5,0.37,174.6,0.02,0.01,2331.012155,1776264216000
1776264218.375,218.375,0.68,91.56,0.67,11.0,0.69,3.55,0.7,20.0,0.32,8.1,0.31,20.0,0.34,92.03,0.35,56.5,0.01,0.02,2331.012155,1776264217000
1776264218.792,218.792,0.68,73.89,0.67,26.0,0.7,30.0,0.71,55.0,0.31,3.55,0.3,20.0,0.32,91.56,0.33,11.0,0.02,0.01,2331.012155,1776264217000
1776264220.432,220.432,0.71,7.41,0.7,45.16,0.72,35.0,0.73,190.0,0.3,30.0,0.29,55.0,0.32,73.89,0.33,26.0,0.01,0.02,2331.178275,1776264219000
1776264221.488,221.488,0.72,51.0,0.71,95.93,0.73,18.72,0.74,130.0,0.28,35.0,0.27,190.0,0.29,7.41,0.3,45.16,0.01,0.01,2331.30875,1776264220000
1776264221.715,221.715,0.74,48.0,0.73,32.89,0.76,95.43,0.77,15.0,0.25,5.0,0.24,75.5,0.28,96.5,0.29,95.93,0.02,0.03,2331.30875,1776264220000
1776264222.226,222.226,0.75,58.51,0.74,33.0,0.77,15.0,0.78,147.33,0.24,95.43,0.23,15.0,0.26,48.0,0.27,32.89,0.02,0.02,2331.291216,1776264221000
1776264223.463,223.463,0.77,68.54,0.76,42.89,0.78,5.0,0.79,75.0,0.23,15.0,0.22,147.33,0.25,58.51,0.26,33.0,0.01,0.02,2331.380626,1776264222000
1776264223.952,223.952,0.77,48.54,0.76,35.0,0.79,75.0,0.8,98.0,0.22,5.0,0.21,75.0,0.23,68.54,0.24,42.89,0.02,0.01,2331.380626,1776264222000
1776264224.193,224.193,0.77,43.13,0.76,35.0,0.78,5.0,0.79,75.0,0.21,75.0,0.2,98.0,0.23,48.54,0.24,35.0,0.01,0.02,2331.380626,1776264222000
1776264226.398,226.398,0.78,20.0,0.77,48.13,0.79,11.3,0.8,88.0,0.22,2.87,0.21,75.0,0.23,43.13,0.24,35.0,0.01,0.01,2331.493768,1776264225000
1776264226.625,226.625,0.78,20.0,0.77,48.13,0.79,1.3,0.8,88.0,0.21,11.3,0.2,88.0,0.22,20.0,0.23,48.13,0.01,0.01,2331.493768,1776264225000
1776264226.84,226.84,0.78,12.48,0.77,53.13,0.79,10.0,0.8,81.75,0.21,10.0,0.2,81.75,0.22,20.0,0.23,53.13,0.01,0.01,2331.493768,1776264225000
1776264228.878,228.878,0.79,30.0,0.78,12.48,0.8,86.9,0.81,196.0,0.21,10.0,0.2,81.75,0.22,12.48,0.23,53.13,0.01,0.01,2331.447296,1776264227000
1776264229.36,229.36,0.79,15.0,0.78,12.48,0.8,115.73,0.81,196.0,0.2,90.23,0.19,196.0,0.21,35.0,0.22,12.48,0.01,0.01,2331.447296,1776264227000
1776264229.91,229.91,0.77,3.0,0.76,20.0,0.78,62.0,0.8,65.73,0.2,115.73,0.19,196.0,0.21,7.0,0.22,12.48,0.01,0.01,2331.440884,1776264228000
1776264230.617,230.617,0.75,40.0,0.74,65.0,0.78,75.5,0.79,40.5,0.22,55.58,0.2,65.73,0.23,33.17,0.24,20.0,0.03,0.01,2331.417878,1776264229000
1776264230.821,230.821,0.74,58.0,0.73,25.0,0.76,95.5,0.77,25.5,0.24,56.5,0.23,20.5,0.26,58.0,0.27,25.0,0.02,0.02,2331.417878,1776264229000
1776264231.383,231.383,0.73,20.0,0.72,35.0,0.75,75.5,0.76,125.5,0.24,95.5,0.23,25.5,0.26,58.0,0.27,25.0,0.02,0.02,2331.349115,1776264230000
1776264231.776,231.776,0.73,35.0,0.72,40.0,0.74,49.01,0.75,15.5,0.25,75.5,0.24,125.5,0.27,20.0,0.28,35.0,0.01,0.02,2331.349115,1776264230000
1776264234.606,234.606,0.73,40.0,0.72,40.0,0.74,32.95,0.75,85.5,0.26,49.01,0.25,15.5,0.27,35.0,0.28,40.0,0.01,0.01,2331.15587,1776264233000
1776264234.943,234.943,0.73,40.0,0.72,40.0,0.74,76.59,0.75,75.5,0.26,32.95,0.25,85.5,0.27,40.0,0.28,40.0,0.01,0.01,2331.15587,1776264233000
1776264235.192,235.192,0.73,40.0,0.72,40.0,0.74,74.94,0.75,85.5,0.26,76.59,0.25,75.5,0.27,40.0,0.28,40.0,0.01,0.01,2331.111014,1776264234000
1776264235.77,235.77,0.73,40.0,0.72,50.0,0.74,73.58,0.75,75.5,0.26,74.94,0.25,85.5,0.27,40.0,0.28,40.0,0.01,0.01,2331.111014,1776264234000
1776264236.149,236.149,0.73,45.0,0.72,40.0,0.74,68.72,0.75,85.5,0.26,73.21,0.25,85.5,0.27,45.0,0.28,40.0,0.01,0.01,2331.111014,1776264234000
1776264238.353,238.353,0.73,5.0,0.72,25.0,0.74,116.44,0.75,120.5,0.26,68.72,0.25,85.5,0.27,45.0,0.28,40.0,0.01,0.01,2331.11568,1776264236000
1776264239.134,239.134,0.64,5.01,0.63,75.0,0.65,50.6,0.66,81.0,0.26,116.44,0.25,120.5,0.29,20.0,0.3,60.0,0.01,0.03,2331.127289,1776264237000
1776264239.847,239.847,0.6,70.0,0.59,85.0,0.61,29.04,0.62,88.26,0.35,55.6,0.34,86.0,0.37,75.0,0.38,75.0,0.01,0.02,2331.089165,1776264238000
1776264240.262,240.262,0.57,56.58,0.56,75.0,0.59,20.0,0.6,15.0,0.39,29.04,0.38,88.26,0.4,70.0,0.41,85.0,0.02,0.01,2331.089165,1776264238000
1776264240.575,240.575,0.55,208.0,0.54,221.0,0.57,6.15,0.58,15.0,0.43,15.0,0.42,15.0,0.45,203.0,0.46,221.0,0.02,0.02,2330.924402,1776264239000
1776264240.829,240.829,0.55,125.0,0.54,145.0,0.56,15.73,0.57,11.15,0.43,6.15,0.42,25.0,0.45,200.77,0.46,226.0,0.01,0.02,2330.924402,1776264239000
1776264241.307,241.307,0.54,65.65,0.53,175.0,0.55,15.0,0.56,5.0,0.44,15.73,0.43,11.15,0.45,125.0,0.46,145.0,0.01,0.01,2330.6,1776264240000
1776264242.67,242.67,0.53,95.0,0.52,117.0,0.56,30.0,0.57,95.0,0.44,5.0,0.43,25.0,0.46,10.0,0.47,180.0,0.03,0.02,2330.549551,1776264241000
1776264244.163,244.163,0.53,79.85,0.52,137.0,0.55,35.0,0.56,50.0,0.44,40.0,0.43,95.0,0.46,5.0,0.47,100.0,0.02,0.02,2330.443973,1776264242000
1776264244.996,244.996,0.49,280.0,0.48,120.0,0.52,50.0,0.53,41.0,0.45,35.0,0.44,50.0,0.47,79.85,0.48,137.0,0.03,0.02,2330.47225,1776264243000
1776264246.061,246.061,0.48,115.0,0.47,195.0,0.5,34.0,0.51,20.0,0.5,39.0,0.49,25.0,0.51,125.0,0.52,120.0,0.02,0.01,2330.487454,1776264244000
1776264246.349,246.349,0.47,195.0,0.46,271.28,0.49,40.0,0.5,34.0,0.5,34.0,0.49,20.0,0.52,115.0,0.53,195.0,0.02,0.02,2330.487454,1776264244000
1776264248.108,248.108,0.45,117.51,0.44,213.88,0.47,60.0,0.48,80.0,0.51,40.0,0.5,34.0,0.53,195.0,0.54,271.28,0.02,0.02,2330.244307,1776264247000
1776264248.516,248.516,0.44,213.88,0.43,315.0,0.46,35.0,0.47,80.0,0.54,5.0,0.53,45.0,0.55,115.84,0.56,213.88,0.02,0.01,2330.244307,1776264247000
1776264248.816,248.816,0.44,28.88,0.43,315.0,0.46,35.0,0.47,80.0,0.54,35.0,0.53,80.0,0.56,213.88,0.57,315.0,0.02,0.02,2330.244307,1776264247000
1776264249.133,249.133,0.47,31.0,0.46,55.28,0.49,15.0,0.5,19.0,0.54,20.0,0.53,15.0,0.56,15.0,0.57,315.0,0.02,0.02,2330.113084,1776264248000
1776264250.424,250.424,0.48,14.64,0.47,71.47,0.49,20.0,0.5,34.0,0.51,15.0,0.5,24.0,0.53,81.47,0.54,60.28,0.01,0.02,2330.038588,1776264249000
1776264251.101,251.101,0.49,107.0,0.48,98.0,0.52,10.0,0.53,15.0,0.51,19.81,0.5,34.0,0.52,14.64,0.53,71.47,0.03,0.01,2330.038588,1776264249000
1776264251.332,251.332,0.52,27.0,0.51,37.0,0.54,70.0,0.55,25.0,0.48,10.0,0.47,3.07,0.5,25.0,0.51,107.0,0.02,0.02,2330.195682,1776264250000
1776264251.602,251.602,0.52,63.0,0.51,88.0,0.54,70.0,0.55,35.0,0.46,70.0,0.45,25.0,0.48,27.0,0.49,37.0,0.02,0.02,2330.195682,1776264250000
1776264252.884,252.884,0.53,32.0,0.52,47.0,0.55,20.0,0.56,30.0,0.46,70.0,0.45,35.0,0.48,63.0,0.49,88.0,0.02,0.02,2330.195682,1776264250000
1776264253.143,253.143,0.49,25.0,0.48,37.0,0.54,76.0,0.55,20.0,0.45,20.0,0.44,30.0,0.47,32.0,0.48,47.0,0.05,0.02,2330.254653,1776264251000
1776264253.903,253.903,0.5,10.0,0.49,25.0,0.52,30.0,0.53,25.0,0.46,76.0,0.45,20.0,0.51,25.0,0.52,37.0,0.02,0.05,2330.295,1776264252000
1776264254.516,254.516,0.5,19.0,0.49,25.0,0.51,20.0,0.52,40.0,0.48,30.0,0.47,25.0,0.5,10.0,0.51,25.0,0.01,0.02,2330.348353,1776264253000
1776264255.852,255.852,0.49,20.19,0.48,87.0,0.5,15.0,0.51,30.0,0.49,20.0,0.48,40.0,0.5,19.0,0.51,25.0,0.01,0.01,2330.305075,1776264254000
1776264256.178,256.178,0.47,85.0,0.46,139.28,0.5,40.0,0.51,30.0,0.5,20.0,0.49,30.0,0.51,18.22,0.52,87.0,0.03,0.01,2330.305075,1776264254000
1776264256.508,256.508,0.47,48.0,0.46,114.28,0.48,15.0,0.49,25.0,0.52,15.0,0.51,10.0,0.53,38.0,0.54,34.28,0.01,0.01,2330.321425,1776264255000
1776264256.806,256.806,0.47,55.74,0.46,109.28,0.48,15.0,0.49,30.0,0.52,15.0,0.51,25.0,0.53,48.0,0.54,114.28,0.01,0.01,2330.321425,1776264255000
1776264257.234,257.234,0.47,75.0,0.46,104.28,0.49,30.0,0.5,25.0,0.52,15.0,0.51,30.0,0.53,55.74,0.54,109.28,0.02,0.01,2330.298092,1776264256000
1776264258.019,258.019,0.52,138.89,0.51,104.0,0.54,5.0,0.55,10.0,0.51,30.0,0.5,25.0,0.53,75.0,0.54,104.28,0.02,0.02,2330.298092,1776264256000
1776264258.311,258.311,0.54,21.0,0.53,56.0,0.56,20.0,0.57,40.0,0.46,5.0,0.45,10.0,0.48,138.89,0.49,104.0,0.02,0.02,2330.298092,1776264256000
1776264258.607,258.607,0.58,10.0,0.57,27.0,0.6,5.33,0.61,34.04,0.44,20.0,0.43,40.0,0.46,21.0,0.47,56.0,0.02,0.02,2330.298092,1776264256000
1776264258.988,258.988,0.6,52.0,0.59,99.89,0.63,40.0,0.64,65.0,0.39,39.04,0.38,40.0,0.41,27.0,0.42,26.0,0.03,0.02,2330.298092,1776264256000
1776264259.331,259.331,0.61,6.0,0.59,12.89,0.62,68.38,0.63,100.0,0.37,40.0,0.36,65.0,0.4,52.0,0.41,99.89,0.01,0.03,2330.276828,1776264257000
1776264259.906,259.906,0.55,41.0,0.54,77.89,0.57,4.0,0.58,20.0,0.38,68.38,0.37,100.0,0.39,6.0,0.41,12.89,0.02,0.01,2330.269727,1776264258000
1776264260.82,260.82,0.55,36.0,0.54,20.0,0.58,75.0,0.59,70.0,0.43,4.0,0.42,20.0,0.45,41.0,0.46,77.89,0.03,0.02,2330.498243,1776264259000
1776264261.157,261.157,0.55,31.86,0.54,43.99,0.57,20.0,0.58,25.0,0.43,10.0,0.42,75.0,0.45,24.89,0.46,20.0,0.02,0.02,2330.498243,1776264259000
1776264262.513,262.513,0.54,46.0,0.53,25.0,0.55,25.0,0.56,35.0,0.43,20.0,0.42,25.0,0.45,31.86,0.46,43.99,0.01,0.02,2330.522835,1776264261000
1776264264.462,264.462,0.45,5.0,0.44,85.0,0.48,50.0,0.49,45.0,0.45,25.0,0.44,35.0,0.46,46.0,0.47,25.0,0.03,0.01,2330.527099,1776264262000
1776264264.923,264.923,0.45,5.0,0.44,25.0,0.46,30.0,0.47,15.0,0.52,50.0,0.51,45.0,0.55,5.0,0.56,85.0,0.01,0.03,2330.433065,1776264263000
1776264265.248,265.248,0.43,380.0,0.42,225.0,0.44,10.0,0.45,15.0,0.55,25.0,0.54,35.0,0.57,375.0,0.58,225.0,0.01,0.02,2330.433065,1776264263000
1776264265.648,265.648,0.43,385.0,0.42,225.0,0.44,15.0,0.45,25.0,0.56,10.0,0.55,15.0,0.57,380.0,0.58,225.0,0.01,0.01,2330.422871,1776264264000
1776264267.408,267.408,0.41,190.0,0.4,160.0,0.42,10.0,0.43,63.0,0.56,15.0,0.55,25.0,0.57,385.0,0.58,225.0,0.01,0.01,2330.18585,1776264266000
1776264267.744,267.744,0.42,65.0,0.41,250.0,0.43,18.0,0.44,10.0,0.58,10.0,0.57,63.0,0.59,190.0,0.6,160.0,0.01,0.01,2330.18585,1776264266000
1776264267.999,267.999,0.42,81.84,0.41,307.0,0.43,7.0,0.44,10.0,0.57,12.0,0.56,10.0,0.58,76.84,0.59,307.0,0.01,0.01,2330.18585,1776264266000
1776264268.43,268.43,0.46,5.14,0.45,7.0,0.47,65.0,0.48,20.0,0.53,10.0,0.52,15.0,0.55,10.0,0.56,21.0,0.01,0.02,2330.18585,1776264266000
1776264268.639,268.639,0.43,2.11,0.42,15.0,0.45,20.0,0.46,65.0,0.53,65.0,0.52,20.0,0.56,3.49,0.57,5.0,0.02,0.03,2330.18585,1776264266000
1776264269.175,269.175,0.43,7.11,0.42,55.0,0.44,18.08,0.45,26.0,0.55,20.0,0.54,65.0,0.57,2.11,0.58,15.0,0.01,0.02,2330.1228,1776264267000
1776264269.805,269.805,0.41,20.0,0.4,160.0,0.42,4.32,0.43,30.0,0.56,18.08,0.55,21.0,0.58,39.83,0.59,150.0,0.01,0.02,2330.101935,1776264268000
1776264270.231,270.231,0.41,50.05,0.4,215.0,0.42,5.0,0.43,25.0,0.58,5.0,0.57,25.0,0.59,15.0,0.6,160.0,0.01,0.01,2330.101935,1776264268000
1776264271.444,271.444,0.43,3.42,0.42,20.0,0.45,5.0,0.46,70.0,0.58,5.0,0.57,25.0,0.59,50.05,0.6,215.0,0.02,0.01,2330.1459,1776264269000
1776264272.31,272.31,0.27,4.25,0.24,11.0,0.31,50.0,0.35,5.0,0.55,5.0,0.54,75.0,0.56,2.89,0.57,18.42,0.04,0.01,2330.14595,1776264270000
1776264272.534,272.534,0.14,29.75,0.13,38.0,0.15,9.9,0.16,10.0,0.85,15.0,0.84,10.0,0.86,12.54,0.87,33.0,0.01,0.01,2330.1449,1776264271000
1776264272.74,272.74,0.14,40.91,0.13,38.0,0.15,3.23,0.16,16.0,0.85,3.23,0.84,10.0,0.86,29.75,0.87,48.0,0.01,0.01,2330.1449,1776264271000
1776264272.972,272.972,0.14,24.62,0.13,43.0,0.17,10.0,0.18,15.0,0.83,10.0,0.82,10.0,0.84,37.88,0.86,38.71,0.03,0.01,2330.1449,1776264271000
1776264273.493,273.493,0.13,5.0,0.12,5.0,0.15,19.52,0.16,20.0,0.86,5.77,0.85,15.0,0.87,48.0,0.88,35.0,0.02,0.01,2330.1449,1776264271000
1776264273.951,273.951,0.09,15.0,0.08,35.0,0.11,20.0,0.12,25.0,0.85,19.52,0.84,20.0,0.87,5.0,0.88,5.0,0.02,0.02,2330.166916,1776264272000
1776264274.24,274.24,0.07,54.42,0.06,131.79,0.09,7.22,0.1,10.0,0.9,10.0,0.89,15.0,0.93,57.2,0.94,202.8,0.02,0.03,2330.166916,1776264272000
1776264274.445,274.445,0.07,6.0,0.06,22.0,0.12,16.65,0.13,25.0,0.92,5.0,0.9,1.49,0.93,6.0,0.94,22.0,0.05,0.01,2329.321184,1776264273000
1776264274.657,274.657,0.06,37.51,0.05,77.99,0.08,30.0,0.09,10.0,0.93,10.0,0.92,25.0,0.94,15.68,0.95,82.99,0.02,0.01,2329.321184,1776264273000
1776264275.032,275.032,0.06,14.71,0.05,48.0,0.07,15.0,0.08,30.0,0.93,15.0,0.92,30.0,0.94,24.19,0.95,66.99,0.01,0.01,2329.321184,1776264273000
1776264275.381,275.381,0.06,0.74,0.05,15.0,0.07,52.0,0.08,35.0,0.93,15.0,0.92,30.0,0.94,14.71,0.95,48.0,0.01,0.01,2329.21514,1776264274000
1776264275.64,275.64,0.04,9.9,0.03,125.0,0.05,27.0,0.06,66.53,0.95,22.0,0.94,61.53,0.97,125.0,0.98,487.0,0.01,0.02,2329.21514,1776264274000
1776264275.854,275.854,0.03,80.63,0.02,272.0,0.04,12.0,0.05,20.0,0.95,47.0,0.94,45.53,0.97,82.68,0.98,272.0,0.01,0.02,2329.21514,1776264274000
1776264276.16,276.16,0.02,272.0,0.01,7075.98,0.04,29.0,0.05,20.0,0.96,29.0,0.95,20.0,0.97,60.63,0.98,272.0,0.02,0.01,2329.21514,1776264274000
1776264276.715,276.715,0.02,302.09,0.01,7015.98,0.04,39.0,0.05,20.0,0.96,29.0,0.95,20.0,0.98,322.5,0.99,7051.98,0.02,0.02,2329.091549,1776264275000
1776264277.054,277.054,0.02,171.06,0.01,6984.99,0.04,44.0,0.05,25.0,0.96,44.0,0.95,25.0,0.98,172.59,0.99,6998.98,0.02,0.02,2329.091549,1776264275000
1776264277.565,277.565,0.02,105.95,0.01,6884.99,0.04,54.2,0.05,25.0,0.96,44.0,0.95,25.0,0.98,171.06,0.99,6984.99,0.02,0.02,2328.838203,1776264276000
1776264278.143,278.143,0.02,35.24,0.01,6784.99,0.03,193.0,0.04,35.2,0.96,54.2,0.95,25.0,0.98,105.95,0.99,6884.99,0.01,0.02,2328.432768,1776264277000
1776264278.471,278.471,0.02,78.41,0.01,6684.99,0.03,183.0,0.04,35.2,0.97,188.0,0.96,35.2,0.98,27.91,0.99,6684.99,0.01,0.01,2328.432768,1776264277000
1776264278.826,278.826,0.01,6684.98,,,0.02,75.94,0.03,183.0,0.98,65.94,0.97,183.0,0.99,6684.99,,,0.01,0.01,2328.432768,1776264277000
1776264279.229,279.229,0.01,6664.98,,,0.02,75.94,0.03,183.0,0.98,75.94,0.97,183.0,0.99,6679.98,,,0.01,0.01,2328.432768,1776264277000
1776264279.449,279.449,0.01,6669.98,,,0.02,64.05,0.03,154.0,0.98,75.94,0.97,183.0,0.99,6664.98,,,0.01,0.01,2328.255126,1776264278000
1776264279.751,279.751,0.01,6666.43,,,0.02,44.05,0.03,154.0,0.98,44.05,0.97,154.0,0.99,6664.98,,,0.01,0.01,2328.255126,1776264278000
1776264280.271,280.271,0.01,6688.42,,,0.02,34.24,0.03,154.0,0.98,44.05,0.97,154.0,0.99,6666.43,,,0.01,0.01,2328.183479,1776264279000
1776264280.979,280.979,0.01,6787.98,,,0.02,34.24,0.03,154.0,0.98,34.24,0.97,154.0,0.99,6677.29,,,0.01,0.01,2328.183479,1776264279000
1776264281.611,281.611,0.02,5.0,0.01,6806.98,0.03,95.5,0.04,32.2,0.97,123.49,0.96,32.2,0.99,6806.98,,,0.01,0.02,2328.210711,1776264280000
1776264282.059,282.059,0.01,6759.77,,,0.02,50.9,0.03,105.5,0.97,105.5,0.96,32.2,0.99,6795.84,,,0.01,0.02,2328.3479,1776264281000
1776264282.381,282.381,0.01,6641.22,,,0.03,33.96,0.04,32.2,0.97,53.96,0.96,32.2,0.99,6614.22,,,0.02,0.02,2328.3479,1776264281000
1776264282.714,282.714,0.02,268.0,0.01,6565.22,0.03,3.96,0.04,20.2,0.97,33.96,0.96,32.2,0.98,16.6,0.99,6636.22,0.01,0.01,2328.3479,1776264281000
1776264282.994,282.994,0.02,247.12,0.01,6665.22,0.04,14.16,0.05,39.0,0.96,14.16,0.95,39.0,0.98,252.4,0.99,6565.22,0.02,0.02,2328.3479,1776264281000
1776264283.304,283.304,0.01,6468.22,,,0.04,36.16,0.05,20.0,0.96,14.16,0.95,39.0,0.98,247.12,0.99,6665.22,0.03,0.02,2328.3479,1776264281000
1776264283.616,283.616,0.02,10.53,0.01,6402.23,0.03,10.0,0.04,31.16,0.97,10.0,0.96,31.16,0.99,6398.12,,,0.01,0.02,2328.461823,1776264282000
1776264284.175,284.175,0.02,55.83,0.01,6487.33,0.04,36.16,0.05,15.0,0.97,10.0,0.96,31.16,0.98,10.53,0.99,6402.23,0.02,0.01,2328.55543,1776264283000
1776264284.829,284.829,0.01,6244.03,,,0.03,10.0,0.04,31.16,0.96,36.16,0.95,15.0,0.98,55.83,0.99,6487.33,0.02,0.02,2328.55543,1776264283000
1776264285.604,285.604,0.03,3.81,0.02,10.0,0.04,34.0,0.05,25.0,0.93,41.38,0.92,15.0,0.99,6233.03,,,0.01,0.06,2328.688682,1776264284000
1776264285.898,285.898,0.02,8.81,0.01,6214.93,0.04,49.0,0.05,25.0,0.96,34.0,0.95,25.0,0.97,3.81,0.98,10.0,0.02,0.01,2328.688682,1776264284000
1776264286.425,286.425,0.01,6214.93,,,0.04,49.0,0.05,25.0,0.96,49.0,0.95,25.0,0.98,8.81,0.99,6214.93,0.03,0.02,2328.688682,1776264284000
1776264287.116,287.116,0.01,6214.93,,,0.04,49.0,0.05,25.0,0.96,49.0,0.95,25.0,0.99,6214.93,,,0.03,0.03,2328.692032,1776264285000
1776264287.522,287.522,0.01,6219.93,,,0.04,29.0,0.05,25.0,0.97,15.0,0.96,39.0,0.99,6214.93,,,0.03,0.02,2328.692032,1776264286000
1776264288.507,288.507,0.03,10.0,0.02,267.0,0.06,19.0,0.07,41.38,0.97,10.0,0.96,29.0,0.99,6214.85,,,0.03,0.02,2328.692032,1776264286000
1776264288.713,288.713,0.03,9.0,0.02,267.0,0.05,10.0,0.06,29.0,0.95,10.0,0.94,34.0,0.97,4.0,0.98,267.0,0.02,0.02,2328.688263,1776264287000
1776264288.982,288.982,0.04,2.91,0.03,43.0,0.06,20.34,0.07,41.38,0.95,10.0,0.94,19.0,0.96,2.91,0.97,48.0,0.02,0.01,2328.688263,1776264287000
1776264289.72,289.72,0.01,6265.85,,,0.04,44.0,0.05,25.0,0.94,20.34,0.93,41.38,0.96,2.91,0.97,43.0,0.03,0.02,2328.68625,1776264288000
1776264290.418,290.418,0.02,8.87,0.01,1165.85,0.03,40.52,0.04,41.0,0.97,10.0,0.96,39.0,0.98,9.9,0.99,6265.85,0.01,0.01,2328.68625,1776264288000
1776264290.624,290.624,0.02,8.97,0.01,1170.51,0.03,35.52,0.04,29.0,0.97,45.52,0.96,29.0,0.99,1165.51,,,0.01,0.02,2328.68625,1776264288000
1776264290.978,290.978,0.01,1170.51,,,0.03,23.68,0.04,25.0,0.97,35.52,0.96,20.0,0.98,1.71,0.99,1165.51,0.02,0.01,2328.68625,1776264288000
1776264291.723,291.723,0.01,1058.27,,,0.03,28.68,0.04,15.0,0.97,23.68,0.96,25.0,0.99,1064.44,,,0.02,0.02,2328.997337,1776264289000
1776264292.086,292.086,0.01,1053.21,,,0.03,35.68,0.04,10.0,0.97,28.68,0.96,15.0,0.99,1058.27,,,0.02,0.02,2328.989546,1776264290000
1776264292.523,292.523,0.02,12.95,0.01,1048.15,0.03,134.0,0.04,150.0,0.96,5.68,0.95,20.0,0.99,1048.15,,,0.01,0.03,2328.989546,1776264290000
1776264292.838,292.838,0.01,1043.0,,,0.03,119.0,0.04,155.0,0.97,114.0,0.96,150.0,0.98,4.9,0.99,1043.15,0.02,0.01,2328.875262,1776264291000
1776264293.384,293.384,0.01,1037.78,,,0.02,142.2,0.03,15.0,0.97,129.0,0.96,155.0,0.99,1037.84,,,0.01,0.02,2328.92932,1776264292000
1776264293.619,293.619,0.01,1000.69,,,0.02,92.2,0.03,15.0,0.98,142.2,0.97,15.0,0.99,1005.69,,,0.01,0.01,2328.92932,1776264292000
1776264293.981,293.981,0.01,990.69,,,0.04,11.46,0.05,26.0,0.96,1.46,0.95,21.0,0.99,1000.69,,,0.03,0.03,2328.92932,1776264292000
1776264294.368,294.368,0.02,2.92,0.01,990.69,0.03,20.0,0.04,11.46,0.96,11.46,0.95,26.0,0.99,990.69,,,0.01,0.03,2328.92932,1776264292000
1776264294.615,294.615,0.01,870.26,,,0.02,5.0,0.03,15.0,0.98,5.0,0.97,15.0,0.99,875.37,,,0.01,0.01,2329.08815,1776264293000
1776264294.817,294.817,0.01,863.26,,,0.02,12.0,0.03,15.0,0.98,5.0,0.97,15.0,0.99,870.26,,,0.01,0.01,2329.08815,1776264293000
1776264295.384,295.384,0.01,817.26,,,0.02,17.0,0.03,15.0,0.98,12.0,0.97,15.0,0.99,863.26,,,0.01,0.01,2329.130401,1776264294000
1776264295.623,295.623,0.01,697.85,,,0.02,12.0,0.03,15.0,0.98,12.0,0.97,15.0,0.99,743.26,,,0.01,0.01,2329.130401,1776264294000
1776264295.852,295.852,0.01,682.85,,,0.02,12.0,0.03,15.0,0.98,12.0,0.97,15.0,0.99,697.85,,,0.01,0.01,2329.130401,1776264294000
1776264296.061,296.061,0.01,606.65,,,0.02,12.0,0.03,15.0,0.98,12.0,0.97,15.0,0.99,602.77,,,0.01,0.01,2329.130401,1776264294000
1776264296.41,296.41,0.01,524.51,,,0.02,12.0,0.03,15.0,0.98,12.0,0.97,15.0,0.99,599.59,,,0.01,0.01,2329.22775,1776264295000
1776264296.813,296.813,0.01,415.2,,,0.02,17.0,0.03,15.0,0.98,12.0,0.97,15.0,0.99,421.27,,,0.01,0.01,2329.22775,1776264295000
1776264297.044,297.044,0.01,329.05,,,0.02,17.0,0.03,15.0,0.98,17.0,0.97,15.0,0.99,334.1,,,0.01,0.01,2329.22775,1776264295000
1776264298.624,298.624,,,,,0.01,5507.57,0.02,32.0,0.98,27.0,0.97,15.0,,,,,,,2329.135658,1776264297000
1776264299.723,299.723,,,,,0.01,22344.62,0.02,48.0,0.99,5507.57,0.98,32.0,,,,,,,2329.171288,1776264298000
1776264300.64,300.64,,,,,0.01,57795.21,0.02,28.0,0.99,23653.63,0.98,48.0,,,,,,,2329.206425,1776264299000

# RESULT,winner=Down,slug=eth-updown-5m-1776264000,ticks=414
