timestamp,elapsed_sec,up_bid_p1,up_bid_s1,up_bid_p2,up_bid_s2,up_ask_p1,up_ask_s1,up_ask_p2,up_ask_s2,down_bid_p1,down_bid_s1,down_bid_p2,down_bid_s2,down_ask_p1,down_ask_s1,down_ask_p2,down_ask_s2,up_spread,down_spread,eth_price,eth_oracle_ts
1776238801.521,1.521,0.52,70.5,0.51,22.84,0.54,67.69,0.57,60.0,0.46,67.69,0.43,60.0,0.48,70.5,0.49,22.84,0.02,0.02,2319.3943,1776236446000
1776238801.905,1.905,0.52,70.5,0.51,22.84,0.54,67.69,0.57,60.0,0.47,10.0,0.46,93.69,0.48,70.5,0.49,28.84,0.02,0.01,2319.3943,1776236446000
1776238804.344,4.344,0.52,81.5,0.51,55.84,0.53,10.0,0.54,15.0,0.47,15.0,0.46,93.69,0.48,61.5,0.49,28.84,0.01,0.01,2319.3943,1776236446000
1776238804.6,4.6,0.52,145.5,0.51,261.84,0.54,5.0,0.58,5.0,0.47,10.0,0.46,15.0,0.48,81.5,0.49,55.84,0.02,0.01,2319.3943,1776236446000
1776238804.97,4.97,0.53,20.0,0.52,81.5,0.6,5.0,0.61,18.0,0.46,2.88,0.45,10.0,0.47,10.0,0.48,145.5,0.07,0.01,2319.3943,1776236446000
1776238805.805,5.805,0.6,25.0,0.59,25.0,0.61,28.0,0.62,24.0,0.39,18.0,0.38,5.0,0.41,10.0,0.42,10.0,0.01,0.02,2319.3943,1776236446000
1776238806.166,6.166,0.6,36.52,0.59,25.0,0.61,25.0,0.62,29.0,0.39,28.0,0.38,24.0,0.4,25.0,0.41,25.0,0.01,0.01,2319.3943,1776236446000
1776238806.775,6.775,0.61,20.0,0.6,41.52,0.63,22.97,0.64,18.89,0.39,25.0,0.38,29.0,0.4,36.52,0.41,25.0,0.02,0.01,2319.3943,1776236446000
1776238807.548,7.548,0.62,20.0,0.61,15.0,0.63,17.69,0.64,37.89,0.37,12.57,0.36,18.89,0.38,10.0,0.39,15.0,0.01,0.01,2319.3943,1776236446000
1776238808.218,8.218,0.62,15.0,0.61,20.0,0.63,10.0,0.64,32.89,0.37,17.69,0.36,32.89,0.38,15.0,0.39,15.0,0.01,0.01,2319.3943,1776236446000
1776238808.781,8.781,0.62,15.0,0.61,20.0,0.63,8.41,0.64,32.89,0.37,10.0,0.36,32.89,0.38,15.0,0.39,20.0,0.01,0.01,2319.3943,1776236446000
1776238809.149,9.149,0.63,4.75,0.62,15.0,0.64,37.89,0.65,104.0,0.37,3.41,0.36,32.89,0.38,15.0,0.39,20.0,0.01,0.01,2319.3943,1776236446000
1776238809.725,9.725,0.63,4.75,0.62,15.0,0.64,35.58,0.65,104.0,0.36,37.89,0.35,104.0,0.37,4.75,0.38,15.0,0.01,0.01,2319.3943,1776236446000
1776238811.848,11.848,0.62,20.0,0.61,20.0,0.63,20.0,0.64,40.58,0.36,35.58,0.35,104.0,0.37,4.75,0.38,15.0,0.01,0.01,2319.3943,1776236446000
1776238813.482,13.482,0.6,6.52,0.58,5.0,0.61,90.0,0.62,39.0,0.37,20.0,0.36,40.58,0.38,20.0,0.39,20.0,0.01,0.01,2319.3943,1776236446000
1776238816.366,16.366,0.6,26.52,0.59,20.0,0.61,26.0,0.62,99.0,0.39,90.0,0.38,39.0,0.4,6.52,0.42,5.0,0.01,0.01,2319.3943,1776236446000
1776238818.069,18.069,0.57,10.0,0.56,39.42,0.58,3.0,0.6,17.0,0.39,36.0,0.38,109.0,0.4,9.02,0.41,15.0,0.01,0.01,2319.3943,1776236446000
1776238818.504,18.504,0.57,26.42,0.56,33.0,0.58,0.69,0.6,17.0,0.42,3.0,0.4,17.0,0.43,10.0,0.44,39.42,0.01,0.01,2319.3943,1776236446000
1776238819.601,19.601,0.53,9.4,0.52,71.5,0.56,17.0,0.57,20.0,0.42,0.69,0.4,17.0,0.43,26.42,0.44,33.0,0.03,0.01,2319.3943,1776236446000
1776238819.847,19.847,0.53,25.82,0.52,71.5,0.54,17.51,0.55,20.0,0.44,17.0,0.43,20.0,0.47,9.4,0.48,71.5,0.01,0.03,2319.3943,1776236446000
1776238820.237,20.237,0.53,25.82,0.52,76.5,0.54,7.51,0.55,15.0,0.46,17.51,0.45,20.0,0.47,25.82,0.48,71.5,0.01,0.01,2319.3943,1776236446000
1776238823.25,23.25,0.53,23.61,0.52,100.49,0.54,12.51,0.55,20.0,0.46,7.51,0.45,15.0,0.47,25.82,0.48,76.5,0.01,0.01,2319.3943,1776236446000
1776238824.772,24.772,0.57,30.0,0.56,130.0,0.61,6.51,0.62,75.0,0.46,7.51,0.45,20.0,0.47,18.61,0.48,100.49,0.04,0.01,2319.3943,1776236446000
1776238825.056,25.056,0.6,12.0,0.59,30.0,0.61,6.51,0.62,85.0,0.39,6.51,0.38,75.0,0.43,30.0,0.44,130.0,0.01,0.04,2319.3943,1776236446000
1776238828.35,28.35,0.62,46.0,0.61,26.0,0.64,11.58,0.65,28.0,0.39,6.51,0.38,85.0,0.4,12.0,0.41,30.0,0.02,0.01,2319.3943,1776236446000
1776238828.698,28.698,0.63,26.0,0.62,46.0,0.64,21.42,0.65,18.0,0.36,11.58,0.35,28.0,0.38,46.0,0.39,26.0,0.01,0.02,2319.3943,1776236446000
1776238830.061,30.061,0.63,7.48,0.62,31.0,0.64,21.42,0.65,6.0,0.36,21.42,0.35,18.0,0.37,26.0,0.38,46.0,0.01,0.01,2319.3943,1776236446000
1776238830.706,30.706,0.63,12.48,0.62,31.0,0.64,26.42,0.65,11.0,0.36,21.42,0.35,6.0,0.37,7.48,0.38,31.0,0.01,0.01,2319.3943,1776236446000
1776238832.792,32.792,0.63,42.48,0.62,26.0,0.64,19.85,0.65,5.0,0.36,26.42,0.35,11.0,0.37,12.48,0.38,31.0,0.01,0.01,2319.3943,1776236446000
1776238833.766,33.766,0.63,52.48,0.62,31.0,0.64,9.85,0.65,5.0,0.36,19.85,0.35,5.0,0.37,42.48,0.38,26.0,0.01,0.01,2319.3943,1776236446000
1776238834.218,34.218,0.63,52.48,0.62,31.0,0.64,8.28,0.65,5.0,0.36,9.85,0.35,5.0,0.37,52.48,0.38,31.0,0.01,0.01,2319.3943,1776236446000
1776238834.686,34.686,0.63,52.48,0.62,31.0,0.64,6.71,0.65,5.0,0.36,8.28,0.35,5.0,0.37,52.48,0.38,31.0,0.01,0.01,2319.3943,1776236446000
1776238835.228,35.228,0.63,22.48,0.62,31.0,0.64,15.11,0.65,5.0,0.36,6.71,0.35,5.0,0.37,52.48,0.38,31.0,0.01,0.01,2319.3943,1776236446000
1776238836.335,36.335,0.63,6.61,0.62,20.0,0.64,42.11,0.65,5.0,0.36,15.11,0.35,5.0,0.37,22.48,0.38,31.0,0.01,0.01,2319.3943,1776236446000
1776238837.009,37.009,0.63,6.61,0.62,20.0,0.64,44.11,0.65,5.0,0.36,42.11,0.35,5.0,0.37,6.61,0.38,20.0,0.01,0.01,2319.3943,1776236446000
1776238839.653,39.653,0.63,8.9,0.62,20.0,0.64,47.0,0.65,10.0,0.36,44.11,0.35,5.0,0.37,6.61,0.38,20.0,0.01,0.01,2319.3943,1776236446000
1776238841.004,41.004,0.72,15.0,0.71,20.0,0.73,52.49,0.74,123.0,0.36,47.0,0.35,10.0,0.37,8.9,0.38,20.0,0.01,0.01,2319.3943,1776236446000
1776238841.514,41.514,0.72,47.0,0.71,15.0,0.73,56.74,0.74,128.0,0.27,48.92,0.26,123.0,0.28,15.0,0.29,20.0,0.01,0.01,2319.3943,1776236446000
1776238842.9,42.9,0.72,32.0,0.71,15.0,0.73,57.93,0.74,150.74,0.27,56.74,0.26,128.0,0.28,47.0,0.29,15.0,0.01,0.01,2319.3943,1776236446000
1776238846.828,46.828,0.72,26.82,0.71,15.0,0.73,67.93,0.74,156.06,0.27,57.93,0.26,150.74,0.28,32.0,0.29,15.0,0.01,0.01,2319.3943,1776236446000
1776238848.342,48.342,0.65,10.0,0.64,15.0,0.66,29.0,0.69,5.0,0.27,67.93,0.26,156.06,0.28,26.82,0.29,15.0,0.01,0.01,2319.3943,1776236446000
1776238848.752,48.752,0.65,10.0,0.64,15.0,0.66,72.76,0.67,150.0,0.34,29.0,0.31,5.0,0.35,10.0,0.36,15.0,0.01,0.01,2319.3943,1776236446000
1776238849.12,49.12,0.65,10.0,0.64,23.0,0.66,70.58,0.67,150.0,0.34,72.76,0.33,150.0,0.35,10.0,0.36,15.0,0.01,0.01,2319.3943,1776236446000
1776238849.896,49.896,0.64,14.19,0.63,22.9,0.66,63.82,0.67,166.0,0.34,70.58,0.33,150.0,0.35,10.0,0.36,23.0,0.02,0.01,2319.3943,1776236446000
1776238850.281,50.281,0.65,10.0,0.64,19.19,0.66,38.29,0.67,166.0,0.34,63.82,0.33,166.0,0.36,14.19,0.37,22.9,0.01,0.02,2319.3943,1776236446000
1776238851.227,51.227,0.65,10.0,0.64,25.0,0.66,36.77,0.67,166.0,0.34,38.29,0.33,166.0,0.35,10.0,0.36,19.19,0.01,0.01,2319.3943,1776236446000
1776238851.723,51.723,0.65,15.0,0.64,25.0,0.66,27.22,0.67,166.0,0.34,36.77,0.33,166.0,0.35,10.0,0.36,25.0,0.01,0.01,2319.3943,1776236446000
1776238853.893,53.893,0.63,8.9,0.62,31.49,0.66,37.22,0.67,179.0,0.34,27.22,0.33,166.0,0.35,15.0,0.36,25.0,0.03,0.01,2319.3943,1776236446000
1776238854.349,54.349,0.65,4.28,0.64,15.0,0.66,37.22,0.67,171.0,0.34,37.22,0.33,179.0,0.37,8.9,0.38,31.49,0.01,0.03,2319.3943,1776236446000
1776238855.459,55.459,0.65,1.42,0.64,15.0,0.66,37.22,0.67,171.0,0.34,37.22,0.33,171.0,0.35,4.28,0.36,15.0,0.01,0.01,2319.3943,1776236446000
1776238857.846,57.846,0.58,15.0,0.57,38.99,0.65,75.0,0.66,327.22,0.34,37.22,0.33,171.0,0.35,1.42,0.36,15.0,0.07,0.01,2319.3943,1776236446000
1776238858.146,58.146,0.58,16.38,0.57,25.9,0.59,15.0,0.6,20.0,0.41,10.0,0.4,27.5,0.43,14.9,0.44,39.49,0.01,0.02,2319.3943,1776236446000
1776238858.589,58.589,0.58,21.97,0.57,30.9,0.59,58.93,0.6,20.0,0.41,15.0,0.4,20.0,0.42,16.38,0.43,25.9,0.01,0.01,2319.3943,1776236446000
1776238859.075,59.075,0.57,34.68,0.56,18.0,0.59,63.93,0.6,20.0,0.41,58.93,0.4,20.0,0.42,21.97,0.43,30.9,0.02,0.01,2319.3943,1776236446000
1776238860.097,60.097,0.57,81.28,0.56,28.0,0.58,2.43,0.59,20.0,0.41,63.93,0.4,20.0,0.43,34.68,0.44,18.0,0.01,0.02,2319.3943,1776236446000
1776238860.64,60.64,0.59,36.49,0.58,77.0,0.63,3.67,0.66,22.22,0.42,2.43,0.41,20.0,0.43,81.28,0.44,28.0,0.04,0.01,2319.3943,1776236446000
1776238860.897,60.897,0.66,41.88,0.65,70.0,0.68,18.38,0.69,20.0,0.32,28.38,0.31,5.0,0.34,41.88,0.35,70.0,0.02,0.02,2319.3943,1776236446000
1776238861.318,61.318,0.68,50.15,0.67,32.0,0.69,10.0,0.7,37.0,0.32,14.03,0.31,15.0,0.33,7.46,0.34,151.88,0.01,0.01,2319.3943,1776236446000
1776238861.537,61.537,0.68,55.15,0.67,27.0,0.7,5.43,0.71,55.0,0.31,8.41,0.3,26.0,0.32,60.15,0.33,27.0,0.02,0.01,2319.3943,1776236446000
1776238861.875,61.875,0.69,40.0,0.68,26.49,0.7,21.73,0.71,55.0,0.3,5.43,0.29,55.0,0.32,55.15,0.33,27.0,0.01,0.02,2319.3943,1776236446000
1776238863.876,63.876,0.69,50.0,0.68,37.99,0.7,11.19,0.71,5.0,0.3,21.73,0.29,55.0,0.31,40.0,0.32,26.49,0.01,0.01,2319.3943,1776236446000
1776238864.165,64.165,0.69,45.0,0.68,37.99,0.7,6.19,0.71,5.0,0.3,11.19,0.29,5.0,0.31,50.0,0.32,37.99,0.01,0.01,2319.3943,1776236446000
1776238864.65,64.65,0.71,69.0,0.7,26.49,0.72,4.0,0.75,93.0,0.3,4.01,0.29,5.0,0.31,45.0,0.32,37.99,0.01,0.01,2319.3943,1776236446000
1776238867.274,67.274,0.73,46.44,0.72,20.0,0.74,106.12,0.75,93.0,0.25,93.0,0.24,143.0,0.29,64.0,0.3,26.49,0.01,0.04,2319.3943,1776236446000
1776238867.897,67.897,0.73,51.44,0.72,20.0,0.74,24.67,0.75,93.0,0.26,106.12,0.25,93.0,0.27,46.44,0.28,20.0,0.01,0.01,2319.3943,1776236446000
1776238868.275,68.275,0.73,51.44,0.72,20.0,0.74,22.49,0.75,93.0,0.26,24.67,0.25,93.0,0.27,51.44,0.28,20.0,0.01,0.01,2319.3943,1776236446000
1776238869.792,69.792,0.73,44.44,0.72,20.0,0.74,25.73,0.75,93.0,0.26,22.49,0.25,93.0,0.27,51.44,0.28,20.0,0.01,0.01,2319.3943,1776236446000
1776238870.728,70.728,0.73,6.29,0.72,20.0,0.74,32.0,0.75,93.0,0.26,25.73,0.25,93.0,0.27,8.91,0.28,20.0,0.01,0.01,2319.3943,1776236446000
1776238871.214,71.214,0.73,155.49,0.72,110.95,0.8,15.0,0.81,5.0,0.26,20.0,0.25,81.0,0.28,18.95,0.29,27.0,0.07,0.02,2319.3943,1776236446000
1776238871.517,71.517,0.8,10.0,0.79,25.0,0.81,176.07,0.82,44.9,0.19,40.0,0.18,94.9,0.2,10.0,0.21,10.0,0.01,0.01,2319.3943,1776236446000
1776238871.909,71.909,0.79,26.66,0.78,15.0,0.8,101.0,0.81,148.31,0.19,239.83,0.18,69.9,0.21,24.66,0.22,10.0,0.01,0.02,2319.3943,1776236446000
1776238872.209,72.209,0.79,7.61,0.78,15.0,0.8,88.87,0.81,148.31,0.2,81.0,0.19,148.31,0.21,7.61,0.22,15.0,0.01,0.01,2319.3943,1776236446000
1776238872.622,72.622,0.75,23.0,0.74,28.0,0.76,17.82,0.77,85.0,0.2,225.81,0.19,158.31,0.22,0.11,0.23,29.0,0.01,0.02,2319.3943,1776236446000
1776238873.037,73.037,0.72,9.55,0.71,15.0,0.73,134.82,0.74,20.0,0.27,70.0,0.26,15.0,0.28,9.55,0.29,27.0,0.01,0.01,2319.3943,1776236446000
1776238873.683,73.683,0.7,11.37,0.69,15.0,0.71,37.0,0.72,175.0,0.27,134.82,0.26,20.0,0.28,9.55,0.29,15.0,0.01,0.01,2319.3943,1776236446000
1776238876.238,76.238,0.66,37.73,0.62,20.0,0.67,157.79,0.68,41.0,0.29,37.0,0.28,175.0,0.3,11.37,0.31,15.0,0.01,0.01,2319.3943,1776236446000
1776238877.846,77.846,0.62,20.0,0.61,45.0,0.63,12.06,0.64,30.0,0.33,162.79,0.32,41.0,0.37,5.0,0.38,20.0,0.01,0.04,2319.3943,1776236446000
1776238879.006,79.006,0.6,5.0,0.59,40.0,0.61,32.0,0.62,25.0,0.37,12.06,0.36,30.0,0.38,20.0,0.39,45.0,0.01,0.01,2319.3943,1776236446000
1776238880.862,80.862,0.6,23.79,0.59,77.49,0.61,15.77,0.62,25.0,0.39,32.0,0.38,25.0,0.4,3.79,0.41,40.0,0.01,0.01,2319.3943,1776236446000
1776238881.49,81.49,0.6,23.79,0.59,79.99,0.61,7.58,0.62,25.0,0.39,15.77,0.38,20.0,0.4,18.79,0.41,84.99,0.01,0.01,2319.3943,1776236446000
1776238882.33,82.33,0.6,21.29,0.59,79.99,0.61,7.58,0.62,25.0,0.39,7.58,0.38,25.0,0.4,23.79,0.41,79.99,0.01,0.01,2319.3943,1776236446000
1776238883.983,83.983,0.6,268.28,0.59,28.5,0.68,5.0,0.7,5.0,0.39,7.58,0.38,25.0,0.4,21.29,0.41,79.99,0.08,0.01,2319.3943,1776236446000
1776238889.665,89.665,0.67,10.0,0.66,15.0,0.68,57.0,0.69,45.0,0.29,54.76,0.28,5.0,0.33,10.0,0.34,10.0,0.01,0.04,2319.3943,1776236446000
1776238890.292,90.292,0.67,20.0,0.66,15.0,0.69,20.0,0.7,231.0,0.32,57.0,0.31,45.0,0.33,10.0,0.34,15.0,0.02,0.01,2319.3943,1776236446000
1776238891.476,91.476,0.69,68.4,0.68,26.0,0.7,150.0,0.71,80.0,0.31,20.0,0.3,231.0,0.33,20.0,0.34,15.0,0.01,0.02,2319.3943,1776236446000
1776238892.716,92.716,0.69,163.4,0.68,26.0,0.7,58.0,0.73,26.0,0.3,150.0,0.29,80.0,0.31,68.4,0.32,26.0,0.01,0.01,2319.3943,1776236446000
1776238893.204,93.204,0.69,158.4,0.68,62.99,0.74,22.0,0.75,23.0,0.3,2.0,0.27,26.0,0.31,163.4,0.32,26.0,0.05,0.01,2319.3943,1776236446000
1776238895.656,95.656,0.74,76.0,0.73,56.0,0.75,2.76,0.76,232.7,0.26,22.0,0.25,23.0,0.31,158.4,0.32,62.99,0.01,0.05,2319.3943,1776236446000
1776238895.94,95.94,0.74,76.0,0.73,56.0,0.75,6.28,0.76,232.7,0.25,0.52,0.24,232.7,0.26,71.0,0.27,56.0,0.01,0.01,2319.3943,1776236446000
1776238897.23,97.23,0.75,84.0,0.74,56.0,0.76,211.38,0.77,49.3,0.25,6.28,0.24,232.7,0.26,76.0,0.27,56.0,0.01,0.01,2319.3943,1776236446000
1776238897.881,97.881,0.75,80.0,0.74,56.0,0.76,211.38,0.77,49.3,0.24,211.38,0.23,49.3,0.25,84.0,0.26,56.0,0.01,0.01,2319.3943,1776236446000
1776238901.6,101.6,0.72,11.75,0.71,15.0,0.74,45.0,0.75,25.0,0.24,211.38,0.23,49.3,0.25,80.0,0.26,56.0,0.02,0.01,2319.3943,1776236446000
1776238907.795,107.795,0.69,32.82,0.68,45.0,0.7,37.0,0.71,106.0,0.26,45.0,0.25,25.0,0.28,11.75,0.29,15.0,0.01,0.02,2319.3943,1776236446000
1776238910.597,110.597,0.69,4.82,0.68,40.0,0.7,45.0,0.71,106.0,0.3,42.0,0.29,106.0,0.31,21.82,0.32,45.0,0.01,0.01,2319.3943,1776236446000
1776238912.965,112.965,0.69,10.25,0.68,45.0,0.7,35.0,0.71,100.0,0.3,45.0,0.29,106.0,0.31,4.82,0.32,40.0,0.01,0.01,2319.3943,1776236446000
1776238914.167,114.167,0.69,27.21,0.68,45.0,0.7,25.0,0.71,90.0,0.3,35.0,0.29,100.0,0.31,1.93,0.32,45.0,0.01,0.01,2319.3943,1776236446000
1776238914.974,114.974,0.69,32.21,0.68,45.0,0.7,6.0,0.71,90.0,0.3,25.0,0.29,90.0,0.31,27.21,0.32,45.0,0.01,0.01,2319.3943,1776236446000
1776238920.955,120.955,0.67,66.0,0.66,42.99,0.68,10.0,0.69,20.0,0.3,6.0,0.29,90.0,0.31,32.21,0.32,45.0,0.01,0.01,2319.3943,1776236446000
1776238921.177,121.177,0.66,7.95,0.65,24.0,0.68,10.0,0.69,20.0,0.32,10.0,0.31,20.0,0.33,10.45,0.34,42.99,0.02,0.01,2319.3943,1776236446000
1776238921.638,121.638,0.66,118.0,0.65,26.85,0.67,8.5,0.68,20.0,0.33,10.0,0.32,20.0,0.35,23.07,0.36,45.0,0.01,0.02,2319.3943,1776236446000
1776238922.4,122.4,0.66,59.54,0.65,26.85,0.67,15.0,0.68,15.0,0.33,8.5,0.32,20.0,0.34,118.0,0.35,26.85,0.01,0.01,2319.3943,1776236446000
1776238922.986,122.986,0.6,2.0,0.59,30.0,0.61,10.0,0.62,10.0,0.33,7.55,0.32,15.0,0.34,56.76,0.35,17.78,0.01,0.01,2319.3943,1776236446000
1776238923.322,123.322,0.59,42.78,0.58,28.0,0.6,67.0,0.61,20.0,0.39,10.0,0.38,10.0,0.4,2.0,0.41,30.0,0.01,0.01,2319.3943,1776236446000
1776238924.399,124.399,0.57,30.44,0.56,18.0,0.58,82.0,0.59,25.0,0.4,67.0,0.39,20.0,0.41,42.78,0.42,28.0,0.01,0.01,2319.3943,1776236446000
1776238924.606,124.606,0.57,19.33,0.56,18.0,0.58,73.58,0.59,25.0,0.42,73.58,0.41,25.0,0.43,30.44,0.44,18.0,0.01,0.01,2319.3943,1776236446000
1776238925.471,125.471,0.56,5.0,0.55,31.55,0.57,45.24,0.58,25.0,0.42,73.58,0.41,25.0,0.43,19.33,0.44,18.0,0.01,0.01,2319.3943,1776236446000
1776238927.293,127.293,0.56,13.09,0.55,31.55,0.57,30.0,0.58,25.0,0.43,45.24,0.42,25.0,0.44,5.0,0.45,31.55,0.01,0.01,2319.3943,1776236446000
1776238927.95,127.95,0.56,13.09,0.55,31.55,0.57,20.0,0.58,25.0,0.43,30.0,0.42,25.0,0.44,13.09,0.45,31.55,0.01,0.01,2319.3943,1776236446000
1776238930.704,130.704,0.56,25.78,0.55,57.55,0.58,10.0,0.59,10.0,0.43,18.0,0.42,25.0,0.44,13.09,0.45,31.55,0.02,0.01,2319.3943,1776236446000
1776238930.963,130.963,0.56,15.0,0.55,47.55,0.59,10.0,0.6,15.0,0.42,10.0,0.41,10.0,0.44,20.0,0.45,47.55,0.03,0.02,2319.3943,1776236446000
1776238932.892,132.892,0.56,20.1,0.55,42.55,0.57,45.34,0.58,15.0,0.42,10.0,0.41,15.0,0.44,14.88,0.45,47.55,0.01,0.02,2319.3943,1776236446000
1776238933.655,133.655,0.56,3.73,0.55,42.55,0.57,45.34,0.58,15.0,0.43,45.34,0.42,15.0,0.44,20.1,0.45,42.55,0.01,0.01,2319.3943,1776236446000
1776238934.111,134.111,0.55,42.55,0.54,27.0,0.56,85.29,0.57,50.34,0.43,45.34,0.42,15.0,0.44,3.73,0.45,42.55,0.01,0.01,2319.3943,1776236446000
1776238934.962,134.962,0.55,53.1,0.54,37.0,0.56,102.29,0.57,23.34,0.44,85.29,0.43,50.34,0.45,42.55,0.46,27.0,0.01,0.01,2319.3943,1776236446000
1776238935.298,135.298,0.52,69.5,0.51,71.84,0.56,203.42,0.57,42.1,0.44,84.43,0.43,23.34,0.45,58.1,0.46,37.0,0.04,0.01,2319.3943,1776236446000
1776238937.498,137.498,0.51,81.84,0.5,26.9,0.52,17.0,0.53,20.0,0.47,25.13,0.46,20.0,0.48,0.93,0.49,71.84,0.01,0.01,2319.3943,1776236446000
1776238937.785,137.785,0.51,86.84,0.5,26.9,0.52,16.61,0.53,20.0,0.48,17.0,0.47,20.0,0.49,81.84,0.5,26.9,0.01,0.01,2319.3943,1776236446000
1776238938.599,138.599,0.51,86.84,0.5,33.9,0.52,11.22,0.53,15.0,0.48,16.61,0.47,20.0,0.49,86.84,0.5,26.9,0.01,0.01,2319.3943,1776236446000
1776238938.908,138.908,0.53,8.78,0.51,163.84,0.56,67.43,0.57,10.1,0.48,11.22,0.47,15.0,0.49,86.84,0.5,33.9,0.03,0.01,2319.3943,1776236446000
1776238939.247,139.247,0.55,36.0,0.54,20.0,0.56,12.26,0.57,30.1,0.44,27.26,0.43,10.1,0.45,35.0,0.46,39.25,0.01,0.01,2319.3943,1776236446000
1776238940.587,140.587,0.54,10.0,0.53,5.0,0.55,5.0,0.56,22.26,0.44,22.26,0.43,25.1,0.45,31.0,0.46,15.0,0.01,0.01,2319.3943,1776236446000
1776238941.953,141.953,0.54,5.0,0.53,5.0,0.55,37.96,0.56,20.0,0.45,5.0,0.44,22.26,0.46,10.0,0.47,5.0,0.01,0.01,2319.3943,1776236446000
1776238942.309,142.309,0.54,5.0,0.53,5.0,0.55,29.05,0.56,20.0,0.45,35.92,0.44,20.0,0.46,5.0,0.47,5.0,0.01,0.01,2319.3943,1776236446000
1776238942.739,142.739,0.52,10.59,0.51,52.84,0.55,39.05,0.56,20.0,0.45,29.05,0.44,20.0,0.46,5.0,0.47,5.0,0.03,0.01,2319.3943,1776236446000
1776238943.038,143.038,0.51,33.82,0.5,26.9,0.52,35.0,0.53,30.0,0.47,5.0,0.46,10.0,0.48,10.59,0.49,41.84,0.01,0.01,2319.3943,1776236446000
1776238943.825,143.825,0.5,8.94,0.48,10.56,0.52,179.0,0.53,43.44,0.48,35.0,0.47,30.0,0.49,8.82,0.5,26.9,0.02,0.01,2319.3943,1776236446000
1776238944.177,144.177,0.44,23.14,0.43,18.0,0.47,20.0,0.48,20.0,0.51,55.0,0.5,10.0,0.54,5.0,0.56,25.31,0.03,0.03,2319.3943,1776236446000
1776238944.885,144.885,0.45,25.0,0.44,48.14,0.47,20.0,0.48,10.0,0.55,10.0,0.54,20.0,0.56,33.14,0.57,18.0,0.02,0.01,2319.3943,1776236446000
1776238945.281,145.281,0.47,4.35,0.46,20.0,0.48,14.37,0.49,20.0,0.52,14.37,0.51,15.0,0.54,20.0,0.55,90.0,0.01,0.02,2319.3943,1776236446000
1776238945.877,145.877,0.49,5.0,0.48,52.0,0.5,10.0,0.51,35.4,0.52,14.37,0.51,20.0,0.53,4.35,0.54,20.0,0.01,0.01,2319.3943,1776236446000
1776238946.423,146.423,0.49,20.0,0.48,47.0,0.5,5.0,0.51,45.4,0.49,35.4,0.48,20.0,0.51,5.0,0.52,52.0,0.01,0.02,2319.3943,1776236446000
1776238949.459,149.459,0.49,10.0,0.48,37.0,0.5,33.0,0.51,45.4,0.5,5.0,0.49,45.4,0.51,20.0,0.52,47.0,0.01,0.01,2319.3943,1776236446000
1776238951.406,151.406,0.5,40.0,0.49,39.0,0.51,20.4,0.52,5.0,0.5,33.0,0.49,45.4,0.51,10.0,0.52,37.0,0.01,0.01,2319.3943,1776236446000
1776238951.727,151.727,0.52,22.0,0.51,92.0,0.54,15.0,0.55,10.0,0.47,10.0,0.46,15.0,0.5,40.0,0.51,44.0,0.02,0.03,2319.3943,1776236446000
1776238952.324,152.324,0.53,6.39,0.52,17.0,0.54,10.0,0.55,15.0,0.46,15.0,0.45,10.0,0.48,22.0,0.49,92.0,0.01,0.02,2319.3943,1776236446000
1776238952.845,152.845,0.54,17.0,0.53,6.39,0.56,5.0,0.57,15.1,0.46,10.0,0.45,15.0,0.47,6.39,0.48,17.0,0.02,0.01,2319.3943,1776236446000
1776238955.124,155.124,0.55,7.0,0.54,17.0,0.57,35.1,0.58,20.0,0.44,5.0,0.43,15.1,0.46,17.0,0.47,6.39,0.02,0.02,2319.3943,1776236446000
1776238958.799,158.799,0.55,7.0,0.54,7.0,0.56,17.76,0.57,30.1,0.43,35.1,0.42,20.0,0.45,7.0,0.46,17.0,0.01,0.02,2319.3943,1776236446000
1776238960.275,160.275,0.55,7.0,0.54,7.0,0.56,0.76,0.57,25.1,0.44,17.76,0.43,30.1,0.45,7.0,0.46,7.0,0.01,0.01,2319.3943,1776236446000
1776238960.745,160.745,0.54,12.0,0.52,5.0,0.56,25.76,0.57,25.1,0.44,0.76,0.43,25.1,0.45,7.0,0.46,7.0,0.02,0.01,2319.3943,1776236446000
1776238962.197,162.197,0.5,20.0,0.49,5.0,0.55,93.99,0.56,77.44,0.44,25.76,0.43,25.1,0.46,12.0,0.48,5.0,0.05,0.02,2319.3943,1776236446000
1776238966.31,166.31,0.5,14.0,0.49,15.0,0.51,30.0,0.52,30.0,0.45,93.99,0.44,77.44,0.5,20.0,0.51,5.0,0.01,0.05,2319.3943,1776236446000
1776238971.343,171.343,0.49,72.0,0.48,85.0,0.55,5.0,0.56,75.0,0.49,30.0,0.48,30.0,0.5,14.0,0.51,15.0,0.06,0.01,2319.3943,1776236446000
1776238976.803,176.803,0.55,15.0,0.54,20.0,0.57,30.1,0.58,111.99,0.45,5.0,0.44,85.0,0.51,72.0,0.52,85.0,0.02,0.06,2319.3943,1776236446000
1776238978.973,178.973,0.54,5.0,0.53,5.0,0.56,56.0,0.57,47.65,0.43,30.1,0.42,111.99,0.45,15.0,0.46,20.0,0.02,0.02,2319.3943,1776236446000
1776238980.159,180.159,0.51,35.0,0.5,5.0,0.52,9.8,0.53,15.0,0.44,56.0,0.43,47.65,0.49,35.0,0.5,5.0,0.01,0.05,2319.3943,1776236446000
1776238981.971,181.971,0.51,30.0,0.48,80.0,0.52,12.87,0.53,15.0,0.48,9.8,0.47,15.0,0.49,35.0,0.5,5.0,0.01,0.01,2319.3943,1776236446000
1776238982.2,182.2,0.51,35.0,0.49,10.0,0.52,9.53,0.53,15.0,0.48,12.87,0.47,15.0,0.49,30.0,0.52,80.0,0.01,0.01,2319.3943,1776236446000
1776238983.667,183.667,0.51,20.0,0.48,10.0,0.52,5.48,0.53,32.55,0.48,2.24,0.47,15.0,0.49,35.0,0.51,10.0,0.01,0.01,2319.3943,1776236446000
1776238984.595,184.595,0.48,1.61,0.46,6.0,0.5,10.0,0.52,76.48,0.48,5.48,0.47,32.55,0.49,20.0,0.52,10.0,0.02,0.01,2319.3943,1776236446000
1776238984.903,184.903,0.44,0.14,0.41,42.0,0.49,9.8,0.5,5.0,0.5,5.0,0.49,50.0,0.54,6.0,0.56,5.14,0.05,0.04,2319.3943,1776236446000
1776238985.234,185.234,0.42,10.0,0.41,27.88,0.45,7.77,0.49,9.8,0.55,10.0,0.51,9.8,0.58,5.0,0.59,27.88,0.03,0.03,2319.3943,1776236446000
1776238986.329,186.329,0.42,30.0,0.41,92.0,0.43,11.88,0.44,15.0,0.55,7.77,0.51,9.8,0.58,10.0,0.59,27.88,0.01,0.03,2319.3943,1776236446000
1776238988.605,188.605,0.42,10.09,0.41,147.0,0.43,26.88,0.44,20.0,0.57,11.88,0.56,15.0,0.58,30.0,0.59,92.0,0.01,0.01,2319.3943,1776236446000
1776238989.212,189.212,0.41,72.45,0.4,88.0,0.42,22.0,0.43,21.88,0.57,26.88,0.56,15.0,0.59,68.9,0.6,80.0,0.01,0.02,2319.3943,1776236446000
1776238991.145,191.145,0.42,25.0,0.41,188.45,0.45,2.77,0.46,10.0,0.58,22.0,0.57,21.88,0.59,72.45,0.6,88.0,0.03,0.01,2319.3943,1776236446000
1776238991.74,191.74,0.42,8.0,0.41,152.45,0.43,15.0,0.44,15.0,0.55,2.77,0.54,10.0,0.58,25.0,0.59,188.45,0.01,0.03,2319.3943,1776236446000
1776238992.557,192.557,0.42,4.6,0.41,172.45,0.43,15.0,0.44,20.0,0.57,15.0,0.56,15.0,0.58,8.0,0.59,152.45,0.01,0.01,2319.3943,1776236446000
1776238993.279,193.279,0.42,10.0,0.41,162.45,0.43,5.0,0.44,15.0,0.57,15.0,0.56,20.0,0.58,4.6,0.59,172.45,0.01,0.01,2319.3943,1776236446000
1776238993.506,193.506,0.4,5.0,0.39,7.0,0.43,25.0,0.44,15.0,0.57,5.0,0.56,15.0,0.58,10.0,0.59,162.45,0.03,0.01,2319.3943,1776236446000
1776238995.41,195.41,0.38,33.0,0.37,80.0,0.42,10.0,0.43,10.0,0.61,8.0,0.59,10.0,0.62,5.0,0.63,70.0,0.04,0.01,2319.3943,1776236446000
1776238995.637,195.637,0.42,20.0,0.41,15.0,0.44,14.56,0.45,7.77,0.57,10.0,0.56,10.0,0.62,38.0,0.63,80.0,0.02,0.05,2319.3943,1776236446000
1776238995.896,195.896,0.42,7.93,0.41,5.0,0.43,20.0,0.44,19.56,0.56,14.56,0.55,7.77,0.58,20.0,0.59,15.0,0.01,0.02,2319.3943,1776236446000
1776238998.294,198.294,0.42,4.82,0.41,5.0,0.43,20.0,0.44,19.56,0.57,20.0,0.56,19.56,0.58,7.93,0.59,5.0,0.01,0.01,2319.3943,1776236446000
1776238998.991,198.991,0.4,10.0,0.39,15.0,0.42,25.0,0.43,20.0,0.57,20.0,0.56,19.56,0.58,4.82,0.59,5.0,0.02,0.01,2319.3943,1776236446000
1776239000.006,200.006,0.4,5.0,0.39,5.0,0.41,10.74,0.42,25.0,0.58,30.0,0.57,20.0,0.6,10.0,0.61,15.0,0.01,0.02,2319.3943,1776236446000
1776239000.966,200.966,0.43,5.0,0.4,30.0,0.45,7.77,0.46,82.55,0.59,10.74,0.58,25.0,0.6,5.0,0.61,5.0,0.02,0.01,2319.3943,1776236446000
1776239001.716,201.716,0.4,8.03,0.38,16.0,0.41,20.0,0.42,17.0,0.55,7.77,0.54,82.55,0.57,5.0,0.6,30.0,0.01,0.02,2319.3943,1776236446000
1776239002.088,202.088,0.38,16.0,0.37,75.0,0.41,47.0,0.42,32.0,0.59,20.0,0.58,17.0,0.6,8.03,0.62,16.0,0.03,0.01,2319.3943,1776236446000
1776239002.635,202.635,0.38,41.0,0.37,85.0,0.42,10.0,0.43,10.0,0.59,47.0,0.58,32.0,0.62,16.0,0.63,75.0,0.04,0.03,2319.3943,1776236446000
1776239005.706,205.706,0.42,5.0,0.41,15.0,0.43,28.67,0.44,10.0,0.58,10.0,0.57,10.0,0.62,41.0,0.63,85.0,0.01,0.04,2319.3943,1776236446000
1776239014.362,214.362,0.41,1.52,0.4,20.0,0.42,6.0,0.43,17.67,0.57,28.67,0.56,10.0,0.58,5.0,0.59,15.0,0.01,0.01,2319.3943,1776236446000
1776239014.749,214.749,0.4,23.99,0.39,26.0,0.42,26.0,0.43,17.67,0.58,6.0,0.57,17.67,0.59,1.52,0.6,20.0,0.02,0.01,2319.3943,1776236446000
1776239015.09,215.09,0.42,5.0,0.41,20.0,0.43,5.0,0.44,6.0,0.58,26.0,0.57,17.67,0.6,23.99,0.61,26.0,0.01,0.02,2319.3943,1776236446000
1776239015.554,215.554,0.48,8.07,0.47,50.45,0.5,5.0,0.51,55.0,0.5,5.0,0.49,55.0,0.53,50.45,0.58,5.0,0.02,0.03,2319.3943,1776236446000
1776239017.349,217.349,0.47,63.29,0.46,290.0,0.49,15.0,0.5,10.0,0.49,40.9,0.48,40.0,0.52,8.07,0.53,69.45,0.02,0.03,2319.3943,1776236446000
1776239017.563,217.563,0.48,10.0,0.47,63.29,0.5,21.44,0.51,42.0,0.51,15.0,0.5,10.0,0.53,63.29,0.54,290.0,0.02,0.02,2319.3943,1776236446000
1776239018.985,218.985,0.49,20.0,0.48,15.0,0.51,10.0,0.52,19.44,0.5,21.24,0.49,42.0,0.52,15.0,0.53,63.29,0.02,0.02,2319.3943,1776236446000
1776239019.73,219.73,0.51,15.0,0.5,20.0,0.52,11.21,0.53,10.0,0.48,11.19,0.47,13.0,0.51,20.0,0.52,15.0,0.01,0.03,2319.3943,1776236446000
1776239021.206,221.206,0.51,25.0,0.5,20.0,0.56,74.52,0.57,20.1,0.48,11.21,0.47,10.0,0.49,15.0,0.5,20.0,0.05,0.01,2319.3943,1776236446000
1776239022.66,222.66,0.52,10.0,0.51,20.0,0.54,9.68,0.55,10.0,0.44,74.52,0.43,20.1,0.49,25.0,0.5,20.0,0.02,0.05,2319.3943,1776236446000
1776239023.883,223.883,0.56,20.0,0.55,10.0,0.57,5.1,0.58,10.0,0.46,9.68,0.45,10.0,0.48,10.0,0.49,20.0,0.01,0.02,2319.3943,1776236446000
1776239025.367,225.367,0.56,20.0,0.55,15.0,0.58,10.0,0.59,85.0,0.43,5.1,0.42,10.0,0.44,20.0,0.45,10.0,0.02,0.01,2319.3943,1776236446000
1776239025.846,225.846,0.57,20.0,0.56,25.0,0.58,23.03,0.59,85.0,0.42,10.0,0.41,85.0,0.44,20.0,0.45,15.0,0.01,0.02,2319.3943,1776236446000
1776239027.732,227.732,0.57,12.78,0.56,10.0,0.58,18.03,0.59,85.0,0.42,23.03,0.41,85.0,0.43,20.0,0.44,25.0,0.01,0.01,2319.3943,1776236446000
1776239028.017,228.017,0.57,12.78,0.56,10.0,0.58,3.03,0.59,85.0,0.42,18.03,0.41,85.0,0.43,12.78,0.44,10.0,0.01,0.01,2319.3943,1776236446000
1776239028.743,228.743,0.57,12.68,0.56,10.0,0.58,10.0,0.59,85.0,0.42,3.03,0.41,85.0,0.43,12.78,0.44,10.0,0.01,0.01,2319.3943,1776236446000
1776239029.423,229.423,0.57,12.68,0.56,10.0,0.58,8.27,0.59,85.0,0.42,10.0,0.41,85.0,0.43,12.68,0.44,10.0,0.01,0.01,2319.3943,1776236446000
1776239030.372,230.372,0.58,15.0,0.57,27.68,0.6,45.0,0.61,60.0,0.42,8.27,0.41,85.0,0.43,12.68,0.44,10.0,0.02,0.01,2319.3943,1776236446000
1776239030.708,230.708,0.62,123.0,0.61,76.0,0.63,31.86,0.65,5.79,0.4,45.0,0.39,60.0,0.42,15.0,0.43,27.68,0.01,0.02,2319.3943,1776236446000
1776239031.002,231.002,0.8,8.72,0.79,30.0,0.82,70.0,0.84,26.8,0.2,1.28,0.19,43.0,0.21,20.0,0.22,10.0,0.02,0.01,2319.3943,1776236446000
1776239031.287,231.287,0.84,15.0,0.83,25.0,0.85,35.93,0.86,29.9,0.15,37.75,0.14,29.9,0.16,15.0,0.17,20.0,0.01,0.01,2319.3943,1776236446000
1776239031.511,231.511,0.84,8.75,0.83,20.0,0.85,34.75,0.86,29.9,0.15,35.93,0.14,29.9,0.16,8.75,0.17,20.0,0.01,0.01,2319.3943,1776236446000
1776239031.873,231.873,0.84,8.75,0.83,20.0,0.85,33.25,0.86,29.9,0.15,21.24,0.14,29.9,0.16,3.75,0.17,20.0,0.01,0.01,2319.3943,1776236446000
1776239032.341,232.341,0.84,2.85,0.83,20.0,0.85,27.25,0.86,5.0,0.15,27.25,0.13,101.8,0.16,3.75,0.17,20.0,0.01,0.01,2319.3943,1776236446000
1776239033.106,233.106,0.86,15.0,0.85,15.0,0.87,76.81,0.88,62.1,0.15,27.25,0.14,5.0,0.16,2.85,0.17,20.0,0.01,0.01,2319.3943,1776236446000
1776239034.357,234.357,0.86,20.0,0.85,15.0,0.87,70.66,0.88,23.0,0.13,76.81,0.12,62.1,0.14,15.0,0.15,15.0,0.01,0.01,2319.3943,1776236446000
1776239035.336,235.336,0.86,20.0,0.85,28.0,0.87,18.15,0.88,93.29,0.13,31.66,0.12,23.0,0.14,15.0,0.15,15.0,0.01,0.01,2319.3943,1776236446000
1776239035.847,235.847,0.89,15.0,0.88,15.0,0.9,62.11,0.91,244.0,0.12,93.29,0.11,106.79,0.14,20.0,0.15,28.0,0.01,0.02,2319.3943,1776236446000
1776239036.667,236.667,0.89,20.0,0.88,20.0,0.9,105.23,0.91,244.0,0.1,39.94,0.09,244.0,0.11,20.0,0.12,15.0,0.01,0.01,2319.3943,1776236446000
1776239037.097,237.097,0.89,15.0,0.88,29.0,0.9,103.0,0.91,244.0,0.1,105.23,0.09,244.0,0.11,20.0,0.12,20.0,0.01,0.01,2319.3943,1776236446000
1776239037.309,237.309,0.89,15.0,0.88,29.0,0.9,102.85,0.91,244.0,0.1,103.0,0.09,244.0,0.11,15.0,0.12,29.0,0.01,0.01,2319.3943,1776236446000
1776239038.473,238.473,0.89,55.0,0.88,29.0,0.9,37.75,0.91,200.0,0.1,102.85,0.09,244.0,0.11,15.0,0.12,29.0,0.01,0.01,2319.3943,1776236446000
1776239038.705,238.705,0.9,5.17,0.89,55.0,0.91,211.22,0.92,147.82,0.09,200.0,0.08,48.9,0.11,60.0,0.12,29.0,0.01,0.02,2319.3943,1776236446000
1776239039.422,239.422,0.89,29.7,0.88,25.0,0.91,245.77,0.92,48.9,0.09,211.22,0.08,147.82,0.1,5.17,0.11,55.0,0.02,0.01,2319.3943,1776236446000
1776239039.765,239.765,0.89,9.09,0.88,35.0,0.91,245.77,0.92,48.9,0.09,240.77,0.08,48.9,0.12,25.0,0.13,44.74,0.02,0.03,2319.3943,1776236446000
1776239039.972,239.972,0.89,0.8,0.88,25.0,0.9,60.0,0.91,228.77,0.1,60.0,0.09,240.77,0.11,9.09,0.12,35.0,0.01,0.01,2319.3943,1776236446000
1776239040.182,240.182,0.89,10.8,0.88,34.0,0.9,63.32,0.91,228.77,0.1,64.44,0.09,228.77,0.11,10.8,0.12,25.0,0.01,0.01,2319.3943,1776236446000
1776239040.525,240.525,0.89,10.8,0.88,29.0,0.9,67.2,0.91,228.77,0.1,63.32,0.09,228.77,0.11,10.8,0.12,34.0,0.01,0.01,2319.3943,1776236446000
1776239041.51,241.51,0.89,44.8,0.88,20.0,0.9,74.73,0.91,16.22,0.1,69.41,0.09,216.22,0.11,35.8,0.12,29.0,0.01,0.01,2319.3943,1776236446000
1776239042.22,242.22,0.89,35.7,0.88,20.0,0.9,80.47,0.91,11.22,0.1,70.47,0.09,11.22,0.11,44.8,0.12,20.0,0.01,0.01,2319.3943,1776236446000
1776239042.791,242.791,0.89,35.7,0.88,20.0,0.9,70.47,0.91,11.22,0.1,80.47,0.09,11.22,0.11,35.7,0.12,20.0,0.01,0.01,2319.3943,1776236446000
1776239043.15,243.15,0.89,26.6,0.88,20.0,0.9,75.47,0.91,11.22,0.1,70.47,0.09,11.22,0.11,35.7,0.12,20.0,0.01,0.01,2319.3943,1776236446000
1776239043.418,243.418,0.89,31.14,0.88,20.0,0.9,75.47,0.91,11.22,0.1,75.47,0.09,11.22,0.11,26.6,0.12,20.0,0.01,0.01,2319.3943,1776236446000
1776239044.482,244.482,0.89,41.14,0.88,20.0,0.9,74.35,0.91,11.22,0.1,75.47,0.09,11.22,0.11,31.14,0.12,20.0,0.01,0.01,2319.3943,1776236446000
1776239045.121,245.121,0.89,35.92,0.88,25.0,0.9,49.35,0.91,11.22,0.1,49.35,0.09,11.22,0.11,36.14,0.12,20.0,0.01,0.01,2319.3943,1776236446000
1776239046.737,246.737,0.89,24.0,0.88,31.74,0.9,63.23,0.91,11.22,0.1,49.35,0.09,11.22,0.11,35.92,0.12,25.0,0.01,0.01,2319.3943,1776236446000
1776239047.596,247.596,0.89,13.54,0.88,41.74,0.9,58.23,0.91,11.22,0.1,63.23,0.09,11.22,0.11,24.0,0.12,31.74,0.01,0.01,2319.3943,1776236446000
1776239047.956,247.956,0.82,18.0,0.81,104.14,0.86,25.0,0.87,37.0,0.1,57.11,0.09,11.22,0.12,41.74,0.13,40.74,0.04,0.02,2319.3943,1776236446000
1776239048.219,248.219,0.81,104.14,0.8,41.22,0.84,20.0,0.85,10.0,0.16,20.0,0.15,10.0,0.18,12.9,0.19,104.14,0.03,0.02,2319.3943,1776236446000
1776239048.445,248.445,0.81,82.85,0.8,31.22,0.83,10.0,0.84,15.0,0.16,8.71,0.15,10.0,0.18,15.0,0.19,88.4,0.02,0.02,2319.3943,1776236446000
1776239048.647,248.647,0.76,50.0,0.71,50.0,0.81,40.0,0.82,15.0,0.17,10.0,0.16,15.0,0.19,82.85,0.2,31.22,0.05,0.02,2319.3943,1776236446000
1776239048.943,248.943,0.7,5.72,0.66,50.0,0.71,20.0,0.72,10.0,0.27,10.0,0.26,10.0,0.28,9.9,0.3,11.06,0.01,0.01,2319.3943,1776236446000
1776239049.161,249.161,0.66,90.88,0.65,60.0,0.67,10.0,0.68,10.0,0.29,22.6,0.28,10.0,0.34,50.0,0.35,10.0,0.01,0.05,2319.3943,1776236446000
1776239049.684,249.684,0.67,3.9,0.66,15.0,0.68,30.0,0.69,15.0,0.31,10.0,0.3,21.0,0.32,40.0,0.33,24.39,0.01,0.01,2319.3943,1776236446000
1776239049.917,249.917,0.68,10.62,0.67,10.0,0.73,1.11,0.74,19.0,0.27,1.11,0.26,19.0,0.34,15.0,0.35,10.0,0.05,0.07,2319.3943,1776236446000
1776239050.142,250.142,0.71,13.91,0.7,15.0,0.72,10.0,0.73,1.11,0.27,1.11,0.26,19.0,0.32,10.62,0.33,10.0,0.01,0.05,2319.3943,1776236446000
1776239050.37,250.37,0.7,15.0,0.69,10.0,0.72,20.0,0.73,10.0,0.28,10.0,0.27,1.11,0.29,8.02,0.3,15.0,0.02,0.01,2319.3943,1776236446000
1776239050.699,250.699,0.7,12.66,0.69,15.0,0.72,30.0,0.73,10.0,0.28,20.0,0.27,10.0,0.3,1.5,0.31,10.0,0.02,0.02,2319.3943,1776236446000
1776239050.939,250.939,0.71,15.0,0.7,15.0,0.72,5.0,0.73,10.0,0.28,30.0,0.27,10.0,0.3,12.66,0.31,15.0,0.01,0.02,2319.3943,1776236446000
1776239051.148,251.148,0.71,10.0,0.7,10.0,0.75,1.98,0.76,95.0,0.28,5.0,0.27,10.0,0.29,15.0,0.3,15.0,0.04,0.01,2319.3943,1776236446000
1776239051.669,251.669,0.69,15.0,0.68,5.62,0.72,22.0,0.73,10.0,0.26,15.0,0.25,10.0,0.29,3.1,0.3,10.0,0.03,0.03,2319.3943,1776236446000
1776239052.165,252.165,0.71,5.82,0.7,10.0,0.72,12.0,0.73,10.0,0.28,22.0,0.27,10.0,0.31,15.0,0.32,5.62,0.01,0.03,2319.3943,1776236446000
1776239052.516,252.516,0.7,10.0,0.69,15.0,0.71,11.18,0.72,17.0,0.28,12.0,0.27,10.0,0.29,5.82,0.3,10.0,0.01,0.01,2319.3943,1776236446000
1776239053.491,253.491,0.75,10.0,0.74,28.0,0.76,78.61,0.77,15.0,0.29,11.18,0.28,17.0,0.3,10.0,0.31,15.0,0.01,0.01,2319.3943,1776236446000
1776239055.454,255.454,0.75,10.88,0.74,28.0,0.76,50.0,0.77,17.0,0.24,78.61,0.23,15.0,0.25,10.0,0.26,28.0,0.01,0.01,2319.3943,1776236446000
1776239055.896,255.896,0.75,10.88,0.74,28.0,0.76,41.0,0.77,17.0,0.24,50.0,0.23,17.0,0.25,10.88,0.26,28.0,0.01,0.01,2319.3943,1776236446000
1776239056.25,256.25,0.76,20.0,0.75,10.88,0.8,5.0,0.81,60.0,0.23,17.0,0.22,10.0,0.25,10.88,0.26,28.0,0.04,0.02,2319.3943,1776236446000
1776239056.863,256.863,0.79,5.0,0.77,10.0,0.8,15.05,0.81,15.31,0.2,5.0,0.19,60.0,0.24,20.0,0.25,10.88,0.01,0.04,2319.3943,1776236446000
1776239057.355,257.355,0.77,10.0,0.76,15.0,0.8,15.05,0.81,15.31,0.2,15.05,0.19,15.31,0.21,5.0,0.23,10.0,0.03,0.01,2319.3943,1776236446000
1776239057.558,257.558,0.77,15.0,0.76,15.0,0.78,12.47,0.79,15.0,0.2,15.05,0.19,15.31,0.23,10.0,0.24,15.0,0.01,0.03,2319.3943,1776236446000
1776239057.844,257.844,0.77,15.65,0.76,20.0,0.78,11.92,0.79,10.0,0.22,17.47,0.21,10.0,0.23,20.65,0.24,20.0,0.01,0.01,2319.3943,1776236446000
1776239058.081,258.081,0.77,15.0,0.76,20.0,0.78,9.2,0.79,10.0,0.22,11.92,0.21,10.0,0.23,15.65,0.24,20.0,0.01,0.01,2319.3943,1776236446000
1776239058.337,258.337,0.77,10.0,0.76,20.0,0.78,1.62,0.79,10.0,0.22,7.91,0.21,10.0,0.23,15.0,0.24,20.0,0.01,0.01,2319.3943,1776236446000
1776239058.891,258.891,0.77,8.56,0.76,10.0,0.79,10.0,0.8,10.0,0.18,23.48,0.17,53.5,0.23,25.0,0.24,20.0,0.02,0.05,2319.3943,1776236446000
1776239059.191,259.191,0.75,20.74,0.74,45.74,0.76,22.86,0.77,15.0,0.24,28.61,0.21,10.0,0.25,10.0,0.26,39.74,0.01,0.01,2319.3943,1776236446000
1776239059.763,259.763,0.75,41.74,0.74,45.74,0.76,26.54,0.77,15.0,0.24,22.86,0.23,15.0,0.25,20.74,0.26,45.74,0.01,0.01,2319.3943,1776236446000
1776239060.629,260.629,0.73,10.0,0.72,10.0,0.76,46.54,0.77,15.0,0.24,26.54,0.23,15.0,0.25,41.74,0.26,45.74,0.03,0.01,2319.3943,1776236446000
1776239061.304,261.304,0.73,29.74,0.72,26.0,0.74,0.97,0.75,28.0,0.26,7.33,0.25,38.0,0.27,14.74,0.28,26.0,0.01,0.01,2319.3943,1776236446000
1776239062.85,262.85,0.74,41.74,0.73,30.0,0.75,10.0,0.76,41.54,0.26,0.97,0.25,28.0,0.27,29.74,0.28,26.0,0.01,0.01,2319.3943,1776236446000
1776239063.355,263.355,0.75,23.74,0.74,26.0,0.77,14.18,0.78,10.0,0.25,10.0,0.24,41.54,0.26,46.64,0.27,30.0,0.02,0.01,2319.3943,1776236446000
1776239063.696,263.696,0.75,22.74,0.74,26.0,0.76,15.0,0.77,14.18,0.23,14.18,0.22,15.0,0.25,4.74,0.26,26.0,0.01,0.02,2319.3943,1776236446000
1776239064.0,264.0,0.75,9.74,0.74,26.0,0.76,15.0,0.77,14.18,0.24,15.0,0.23,14.18,0.25,22.74,0.26,26.0,0.01,0.01,2319.3943,1776236446000
1776239064.641,264.641,0.75,19.74,0.74,26.0,0.76,47.68,0.77,5.0,0.24,15.0,0.23,14.18,0.25,9.74,0.26,26.0,0.01,0.01,2319.3943,1776236446000
1776239065.487,265.487,0.77,15.0,0.76,10.0,0.79,14.62,0.8,15.05,0.24,47.68,0.23,5.0,0.25,19.74,0.26,26.0,0.02,0.01,2319.3943,1776236446000
1776239065.824,265.824,0.79,10.0,0.78,10.0,0.8,3.17,0.81,20.31,0.21,14.62,0.2,15.05,0.23,15.0,0.24,10.0,0.01,0.02,2319.3943,1776236446000
1776239066.649,266.649,0.78,10.0,0.77,10.0,0.81,20.31,0.82,31.61,0.2,3.17,0.19,20.31,0.21,10.0,0.22,10.0,0.03,0.01,2319.3943,1776236446000
1776239066.849,266.849,0.78,10.0,0.77,10.0,0.8,18.8,0.81,15.31,0.19,20.31,0.18,31.61,0.22,10.0,0.23,10.0,0.02,0.03,2319.3943,1776236446000
1776239070.882,270.882,0.86,20.0,0.85,10.0,0.88,49.26,0.89,15.0,0.2,18.8,0.19,15.31,0.22,10.0,0.23,10.0,0.02,0.02,2319.3943,1776236446000
1776239071.272,271.272,0.86,15.0,0.85,10.0,0.88,42.81,0.89,40.0,0.12,13.54,0.11,15.0,0.14,10.0,0.15,10.0,0.02,0.02,2319.3943,1776236446000
1776239072.078,272.078,0.87,10.0,0.86,10.0,0.89,10.0,0.9,44.56,0.12,42.81,0.11,40.0,0.14,15.0,0.15,10.0,0.02,0.02,2319.3943,1776236446000
1776239076.618,276.618,0.87,15.0,0.86,15.0,0.88,19.0,0.89,24.18,0.11,10.0,0.1,44.56,0.13,10.0,0.14,10.0,0.01,0.02,2319.3943,1776236446000
1776239076.917,276.917,0.86,10.0,0.85,23.0,0.87,7.0,0.88,19.0,0.12,19.0,0.11,24.18,0.13,15.0,0.14,15.0,0.01,0.01,2319.3943,1776236446000
1776239078.215,278.215,0.86,15.7,0.85,20.0,0.87,7.0,0.88,29.0,0.13,12.0,0.12,29.0,0.14,1.0,0.15,20.0,0.01,0.01,2319.3943,1776236446000
1776239079.167,279.167,0.86,13.7,0.85,15.0,0.87,8.15,0.88,29.0,0.13,7.0,0.12,29.0,0.14,15.7,0.15,20.0,0.01,0.01,2319.3943,1776236446000
1776239079.605,279.605,0.85,3.0,0.84,30.0,0.87,8.15,0.88,19.0,0.13,8.15,0.12,19.0,0.15,28.74,0.16,47.74,0.02,0.02,2319.3943,1776236446000
1776239079.881,279.881,0.85,13.0,0.84,35.48,0.86,10.0,0.87,12.0,0.13,12.0,0.12,19.0,0.16,46.17,0.17,21.0,0.01,0.03,2319.3943,1776236446000
1776239080.693,280.693,0.85,10.0,0.84,10.0,0.86,13.11,0.87,24.76,0.14,10.0,0.13,12.0,0.15,13.0,0.16,35.48,0.01,0.01,2319.3943,1776236446000
1776239081.106,281.106,0.82,42.91,0.81,45.0,0.83,6.6,0.84,11.31,0.17,12.81,0.14,18.11,0.18,0.17,0.19,17.0,0.01,0.01,2319.3943,1776236446000
1776239081.458,281.458,0.82,66.91,0.81,163.44,0.83,1.53,0.84,6.31,0.17,6.6,0.16,11.31,0.18,42.91,0.19,45.0,0.01,0.01,2319.3943,1776236446000
1776239084.088,284.088,0.88,84.74,0.87,64.0,0.93,9.8,0.94,10.0,0.17,1.53,0.16,6.31,0.18,66.91,0.19,163.44,0.05,0.01,2319.3943,1776236446000
1776239084.359,284.359,0.91,15.0,0.9,94.45,0.97,155.99,0.98,301.0,0.06,9.8,0.05,35.29,0.09,5.0,0.1,5.0,0.06,0.03,2319.3943,1776236446000
1776239084.902,284.902,0.93,3.07,0.92,15.0,0.94,20.0,0.95,10.0,0.03,155.99,0.02,301.0,0.09,15.0,0.1,94.45,0.01,0.06,2319.3943,1776236446000
1776239085.163,285.163,0.92,13.07,0.91,15.0,0.94,20.0,0.95,10.0,0.06,20.0,0.05,10.0,0.07,3.07,0.08,15.0,0.02,0.01,2319.3943,1776236446000
1776239085.597,285.597,0.93,10.0,0.92,13.07,0.94,9.92,0.95,10.0,0.06,20.0,0.05,10.0,0.08,13.07,0.09,15.0,0.01,0.02,2319.3943,1776236446000
1776239086.58,286.58,0.93,10.0,0.92,13.07,0.94,2.87,0.95,10.0,0.06,9.92,0.05,10.0,0.07,10.0,0.08,13.07,0.01,0.01,2319.3943,1776236446000
1776239088.138,288.138,0.94,20.0,0.93,10.0,0.95,9.47,0.96,10.0,0.06,2.87,0.05,10.0,0.07,10.0,0.08,13.07,0.01,0.01,2319.3943,1776236446000
1776239089.154,289.154,0.95,25.0,0.94,25.0,0.97,189.44,0.98,201.0,0.05,9.47,0.04,10.0,0.06,20.0,0.07,10.0,0.02,0.01,2319.3943,1776236446000
1776239089.681,289.681,0.95,23.87,0.94,30.0,0.97,192.89,0.98,201.0,0.03,189.44,0.02,201.0,0.05,23.87,0.06,25.0,0.02,0.02,2319.3943,1776236446000
1776239090.183,290.183,0.95,28.87,0.94,30.0,0.97,183.61,0.98,201.0,0.03,192.89,0.02,201.0,0.05,23.87,0.06,30.0,0.02,0.02,2319.3943,1776236446000
1776239090.617,290.617,0.96,10.0,0.95,28.87,0.97,168.61,0.98,196.0,0.03,183.61,0.02,201.0,0.05,28.87,0.06,30.0,0.01,0.02,2319.3943,1776236446000
1776239091.314,291.314,0.96,9.91,0.95,25.0,0.97,172.57,0.98,196.0,0.03,168.61,0.02,196.0,0.04,14.91,0.05,28.87,0.01,0.01,2319.3943,1776236446000
1776239091.698,291.698,0.96,9.91,0.95,25.0,0.97,148.57,0.98,196.0,0.03,172.57,0.02,196.0,0.04,9.91,0.05,25.0,0.01,0.01,2319.3943,1776236446000
1776239092.143,292.143,0.96,69.91,0.95,55.0,0.97,145.57,0.98,196.0,0.03,148.57,0.02,196.0,0.04,9.91,0.05,25.0,0.01,0.01,2319.3943,1776236446000
1776239092.554,292.554,0.96,59.91,0.95,74.0,0.97,135.41,0.98,196.0,0.03,135.57,0.02,196.0,0.04,64.91,0.05,55.0,0.01,0.01,2319.3943,1776236446000
1776239092.87,292.87,0.96,55.0,0.95,69.0,0.97,130.25,0.98,196.0,0.03,135.41,0.02,196.0,0.04,59.91,0.05,74.0,0.01,0.01,2319.3943,1776236446000
1776239093.072,293.072,0.96,55.0,0.95,39.0,0.97,114.94,0.98,196.0,0.03,130.25,0.02,196.0,0.04,55.0,0.05,69.0,0.01,0.01,2319.3943,1776236446000
1776239093.962,293.962,0.96,5.0,0.95,69.0,0.97,109.78,0.98,196.0,0.03,114.94,0.02,196.0,0.04,55.0,0.05,39.0,0.01,0.01,2319.3943,1776236446000
1776239094.454,294.454,0.96,70.0,0.95,75.74,0.97,101.48,0.98,196.0,0.03,104.78,0.02,196.0,0.04,65.0,0.05,44.0,0.01,0.01,2319.3943,1776236446000
1776239094.789,294.789,0.96,70.0,0.95,72.74,0.97,90.31,0.98,196.0,0.03,101.48,0.02,196.0,0.04,70.0,0.05,75.74,0.01,0.01,2319.3943,1776236446000
1776239095.326,295.326,0.96,45.0,0.95,77.74,0.97,60.31,0.98,196.0,0.03,90.31,0.02,196.0,0.04,70.0,0.05,72.74,0.01,0.01,2319.3943,1776236446000
1776239095.689,295.689,0.96,55.0,0.95,95.74,0.97,59.27,0.98,196.0,0.03,60.31,0.02,196.0,0.04,45.0,0.05,77.74,0.01,0.01,2319.3943,1776236446000
1776239096.244,296.244,0.96,60.74,0.95,95.74,0.97,24.27,0.98,196.0,0.03,59.27,0.02,196.0,0.04,55.0,0.05,95.74,0.01,0.01,2319.3943,1776236446000
1776239096.472,296.472,0.97,10.0,0.96,80.74,0.98,187.87,0.99,966.0,0.03,8.65,0.02,196.0,0.04,60.74,0.05,95.74,0.01,0.01,2319.3943,1776236446000
1776239096.776,296.776,0.97,10.0,0.96,129.73,0.98,178.8,0.99,966.0,0.02,179.83,0.01,966.0,0.03,10.0,0.04,80.74,0.01,0.01,2319.3943,1776236446000
1776239097.004,297.004,0.97,53.65,0.96,108.74,0.98,178.8,0.99,966.0,0.02,178.8,0.01,966.0,0.03,10.0,0.04,129.73,0.01,0.01,2319.3943,1776236446000
1776239097.343,297.343,0.97,58.65,0.96,88.74,0.98,119.14,0.99,966.0,0.02,129.25,0.01,966.0,0.03,53.65,0.04,108.74,0.01,0.01,2319.3943,1776236446000
1776239097.586,297.586,0.97,104.39,0.96,131.0,0.98,21.19,0.99,966.0,0.02,28.19,0.01,966.0,0.03,72.39,0.04,131.0,0.01,0.01,2319.3943,1776236446000
1776239097.979,297.979,0.98,142.0,0.97,41.74,0.99,850.87,,,0.01,874.87,,,0.02,142.0,0.03,60.74,0.01,0.01,2319.3943,1776236446000
1776239098.183,298.183,0.98,142.0,0.97,28.74,0.99,574.79,,,0.01,589.79,,,0.02,142.0,0.03,53.74,0.01,0.01,2319.3943,1776236446000
1776239098.39,298.39,0.98,142.0,0.97,15.0,0.99,424.79,,,0.01,529.79,,,0.02,142.0,0.03,28.74,0.01,0.01,2319.3943,1776236446000
1776239098.639,298.639,0.98,147.0,0.97,101.73,0.99,93.92,,,0.01,128.92,,,0.02,142.0,0.03,75.74,0.01,0.01,2319.3943,1776236446000
1776239099.246,299.246,0.99,9290.0,0.98,31.0,,,,,,,,,0.01,2003.14,0.02,147.0,,,2319.3943,1776236446000
