timestamp,elapsed_sec,up_bid_p1,up_bid_s1,up_bid_p2,up_bid_s2,up_ask_p1,up_ask_s1,up_ask_p2,up_ask_s2,down_bid_p1,down_bid_s1,down_bid_p2,down_bid_s2,down_ask_p1,down_ask_s1,down_ask_p2,down_ask_s2,up_spread,down_spread,eth_price,eth_oracle_ts
1776234311.255,11.255,0.55,15.0,0.54,75.55,0.56,15.0,0.57,20.0,0.44,25.0,0.43,20.0,0.45,15.0,0.46,75.55,0.01,0.01,2320.094055,1776234309000
1776234311.719,11.719,0.55,15.0,0.54,75.55,0.56,15.0,0.57,20.0,0.43,20.0,0.42,41.0,0.45,25.0,0.46,67.55,0.01,0.02,2320.094055,1776234309000
1776234312.042,12.042,0.55,20.0,0.54,67.55,0.57,16.49,0.58,41.0,0.43,20.0,0.42,41.0,0.45,25.0,0.46,67.55,0.02,0.02,2320.182675,1776234310000
1776234312.687,12.687,0.55,20.0,0.54,67.55,0.57,16.49,0.58,41.0,0.43,16.49,0.42,41.0,0.45,20.0,0.46,67.55,0.02,0.02,2320.182675,1776234311000
1776234313.258,13.258,0.55,20.0,0.54,67.55,0.57,16.49,0.58,41.0,0.43,16.49,0.42,41.0,0.45,20.0,0.46,67.55,0.02,0.02,2320.177278,1776234312000
1776234314.694,14.694,0.55,20.0,0.54,67.55,0.57,16.49,0.58,41.0,0.43,16.49,0.42,41.0,0.45,20.0,0.46,67.55,0.02,0.02,2320.15635,1776234313000
1776234315.275,15.275,0.56,3.38,0.55,25.0,0.57,31.49,0.58,35.5,0.43,31.49,0.42,35.5,0.44,3.38,0.45,25.0,0.01,0.01,2320.15635,1776234314000
1776234316.752,16.752,0.56,3.38,0.55,25.0,0.57,31.49,0.58,35.5,0.43,31.49,0.42,35.5,0.44,3.38,0.45,25.0,0.01,0.01,2320.187631,1776234315000
1776234317.435,17.435,0.56,3.38,0.55,25.0,0.57,31.49,0.58,35.5,0.43,31.49,0.42,35.5,0.44,3.38,0.45,25.0,0.01,0.01,2320.21706,1776234316000
1776234318.176,18.176,0.56,3.38,0.55,25.0,0.57,31.49,0.58,35.5,0.43,31.49,0.42,35.5,0.44,3.38,0.45,25.0,0.01,0.01,2320.195451,1776234317000
1776234319.449,19.449,0.56,3.38,0.55,25.0,0.57,31.49,0.58,35.5,0.43,31.49,0.42,35.5,0.44,3.38,0.45,25.0,0.01,0.01,2320.180073,1776234318000
1776234320.071,20.071,0.56,3.38,0.55,25.0,0.57,31.49,0.58,35.5,0.43,31.49,0.42,35.5,0.44,3.38,0.45,25.0,0.01,0.01,2320.2024,1776234319000
1776234320.497,20.497,0.55,33.65,0.54,48.55,0.57,16.49,0.58,25.5,0.43,31.49,0.42,35.5,0.44,3.38,0.45,25.0,0.02,0.01,2320.2024,1776234319000
1776234320.85,20.85,0.56,27.0,0.55,38.65,0.57,16.49,0.58,35.5,0.43,16.49,0.42,25.5,0.45,33.65,0.46,48.55,0.01,0.02,2320.2024,1776234319000
1776234321.164,21.164,0.56,27.0,0.55,38.65,0.57,16.49,0.58,35.5,0.43,16.49,0.42,35.5,0.44,27.0,0.45,38.65,0.01,0.01,2320.1662,1776234320000
1776234322.5,22.5,0.56,27.0,0.55,38.65,0.57,16.49,0.58,35.5,0.43,16.49,0.42,35.5,0.44,27.0,0.45,38.65,0.01,0.01,2320.1662,1776234321000
1776234322.907,22.907,0.56,24.72,0.55,38.65,0.57,16.49,0.58,35.5,0.43,16.49,0.42,35.5,0.44,27.0,0.45,38.65,0.01,0.01,2320.1662,1776234321000
1776234323.21,23.21,0.56,24.72,0.55,38.65,0.57,16.49,0.58,35.5,0.43,16.49,0.42,35.5,0.44,24.72,0.45,38.65,0.01,0.01,2320.181177,1776234322000
1776234324.227,24.227,0.56,1.44,0.55,33.65,0.57,16.49,0.58,35.5,0.43,16.49,0.42,35.5,0.44,24.72,0.45,38.65,0.01,0.01,2320.181177,1776234322000
1776234324.483,24.483,0.56,1.44,0.55,33.65,0.57,16.49,0.58,35.5,0.43,16.49,0.42,35.5,0.44,1.44,0.45,33.65,0.01,0.01,2320.16615,1776234323000
1776234325.18,25.18,0.56,17.0,0.55,38.65,0.57,20.96,0.58,35.5,0.43,20.96,0.42,35.5,0.44,17.0,0.45,38.65,0.01,0.01,2320.16615,1776234324000
1776234326.335,26.335,0.56,17.0,0.55,38.65,0.57,20.96,0.58,35.5,0.43,20.96,0.42,35.5,0.44,17.0,0.45,38.65,0.01,0.01,2320.177207,1776234325000
1776234327.045,27.045,0.56,17.0,0.55,38.65,0.57,20.96,0.58,35.5,0.43,20.96,0.42,35.5,0.44,17.0,0.45,38.65,0.01,0.01,2320.224335,1776234326000
1776234328.179,28.179,0.56,17.0,0.55,38.65,0.57,20.96,0.58,35.5,0.43,20.96,0.42,35.5,0.44,17.0,0.45,38.65,0.01,0.01,2320.16615,1776234327000
1776234329.34,29.34,0.56,20.0,0.55,28.15,0.57,26.46,0.58,30.5,0.43,20.96,0.42,35.5,0.44,17.0,0.45,38.65,0.01,0.01,2320.16615,1776234327000
1776234330.115,30.115,0.56,20.0,0.55,28.15,0.57,26.46,0.58,30.5,0.43,26.46,0.42,30.5,0.44,20.0,0.45,28.15,0.01,0.01,2320.16615,1776234329000
1776234330.636,30.636,0.55,3.0,0.54,45.55,0.56,40.5,0.57,46.46,0.43,26.46,0.42,30.5,0.44,20.0,0.45,28.15,0.01,0.01,2320.16615,1776234329000
1776234330.942,30.942,0.54,45.55,0.53,100.5,0.55,18.68,0.56,45.5,0.45,18.68,0.44,50.5,0.46,50.55,0.47,100.5,0.01,0.01,2320.16615,1776234329000
1776234331.261,31.261,0.54,35.55,0.53,123.5,0.55,21.86,0.56,40.5,0.45,16.86,0.44,45.5,0.46,45.55,0.47,105.5,0.01,0.01,2320.16615,1776234329000
1776234332.022,32.022,0.54,28.37,0.53,123.5,0.55,21.86,0.56,40.5,0.45,21.86,0.44,40.5,0.46,28.37,0.47,123.5,0.01,0.01,2320.16615,1776234331000
1776234332.423,32.423,0.54,45.5,0.53,123.5,0.55,3.18,0.56,30.5,0.45,25.04,0.44,40.5,0.46,20.0,0.47,123.5,0.01,0.01,2320.16615,1776234331000
1776234332.627,32.627,0.55,6.82,0.54,50.5,0.56,30.5,0.57,45.5,0.45,3.18,0.44,30.5,0.46,45.5,0.47,123.5,0.01,0.01,2320.16615,1776234331000
1776234332.901,32.901,0.55,37.86,0.54,45.5,0.56,20.0,0.57,10.0,0.44,35.5,0.43,45.5,0.45,19.59,0.46,55.5,0.01,0.01,2320.16615,1776234331000
1776234333.329,33.329,0.55,42.86,0.54,45.5,0.56,10.0,0.57,10.0,0.44,10.0,0.43,10.0,0.45,42.86,0.46,45.5,0.01,0.01,2320.15753,1776234332000
1776234333.64,33.64,0.55,26.74,0.54,45.5,0.57,15.0,0.58,20.5,0.44,5.0,0.43,15.0,0.45,31.74,0.46,45.5,0.02,0.01,2320.15753,1776234332000
1776234334.503,34.503,0.56,4.65,0.55,26.18,0.57,15.0,0.58,25.5,0.43,15.0,0.42,25.5,0.44,4.65,0.45,26.18,0.01,0.01,2320.108815,1776234333000
1776234335.103,35.103,0.56,4.65,0.55,31.18,0.57,13.24,0.58,35.5,0.43,15.0,0.42,25.5,0.44,4.65,0.45,26.18,0.01,0.01,2320.108815,1776234333000
1776234335.424,35.424,0.56,7.37,0.55,31.18,0.57,23.24,0.58,30.5,0.43,13.24,0.42,35.5,0.44,4.65,0.45,31.18,0.01,0.01,2320.191887,1776234334000
1776234336.137,36.137,0.56,7.37,0.55,37.32,0.57,21.27,0.58,30.5,0.43,23.24,0.42,30.5,0.44,7.37,0.45,31.18,0.01,0.01,2320.191887,1776234334000
1776234337.06,37.06,0.56,15.09,0.55,37.32,0.57,5.0,0.58,35.5,0.43,19.22,0.42,30.5,0.44,2.37,0.45,21.82,0.01,0.01,2320.17115,1776234335000
1776234337.378,37.378,0.56,7.81,0.55,37.32,0.57,10.0,0.58,35.5,0.43,5.0,0.42,35.5,0.44,15.09,0.45,37.32,0.01,0.01,2320.17115,1776234335000
1776234337.607,37.607,0.56,7.81,0.55,37.32,0.57,10.0,0.58,35.5,0.43,10.0,0.42,35.5,0.44,7.81,0.45,37.32,0.01,0.01,2320.17115,1776234336000
1776234338.27,38.27,0.56,10.0,0.55,37.32,0.57,8.24,0.58,35.5,0.43,8.24,0.42,35.5,0.44,10.0,0.45,37.32,0.01,0.01,2320.178462,1776234337000
1776234339.583,39.583,0.56,10.0,0.55,37.32,0.57,8.24,0.58,35.5,0.43,8.24,0.42,35.5,0.44,10.0,0.45,37.32,0.01,0.01,2320.165031,1776234338000
1776234340.218,40.218,0.56,10.0,0.55,37.32,0.57,8.24,0.58,35.5,0.43,8.24,0.42,35.5,0.44,10.0,0.45,37.32,0.01,0.01,2320.16357,1776234339000
1776234341.682,41.682,0.56,10.0,0.55,37.32,0.57,8.24,0.58,35.5,0.43,8.24,0.42,35.5,0.44,10.0,0.45,37.32,0.01,0.01,2320.201552,1776234340000
1776234342.47,42.47,0.56,10.0,0.55,37.32,0.57,8.24,0.58,35.5,0.43,8.24,0.42,35.5,0.44,10.0,0.45,37.32,0.01,0.01,2320.2022,1776234341000
1776234343.178,43.178,0.56,10.0,0.55,37.32,0.57,8.24,0.58,35.5,0.43,8.24,0.42,35.5,0.44,10.0,0.45,37.32,0.01,0.01,2320.174841,1776234342000
1776234344.095,44.095,0.56,15.15,0.55,37.32,0.57,15.0,0.58,30.5,0.43,8.24,0.42,35.5,0.44,10.0,0.45,37.32,0.01,0.01,2320.174841,1776234342000
1776234344.558,44.558,0.56,15.15,0.55,37.32,0.57,15.0,0.58,30.5,0.43,15.0,0.42,30.5,0.44,15.15,0.45,37.32,0.01,0.01,2320.1661,1776234343000
1776234345.179,45.179,0.56,15.15,0.55,37.32,0.57,15.0,0.58,30.5,0.43,15.0,0.42,30.5,0.44,15.15,0.45,37.32,0.01,0.01,2320.1661,1776234344000
1776234346.522,46.522,0.56,15.15,0.55,37.32,0.57,15.0,0.58,30.5,0.43,15.0,0.42,30.5,0.44,15.15,0.45,37.32,0.01,0.01,2320.1661,1776234345000
1776234347.183,47.183,0.56,15.15,0.55,37.32,0.57,15.0,0.58,30.5,0.43,15.0,0.42,30.5,0.44,15.15,0.45,37.32,0.01,0.01,2320.1711,1776234346000
1776234348.465,48.465,0.56,15.15,0.55,37.32,0.57,15.0,0.58,30.5,0.43,15.0,0.42,30.5,0.44,15.15,0.45,37.32,0.01,0.01,2320.1711,1776234347000
1776234349.125,49.125,0.56,15.15,0.55,37.32,0.57,15.0,0.58,30.5,0.43,15.0,0.42,30.5,0.44,15.15,0.45,37.32,0.01,0.01,2320.1711,1776234348000
1776234349.547,49.547,0.58,53.0,0.57,37.0,0.59,51.49,0.6,23.0,0.43,15.0,0.42,30.5,0.44,15.15,0.45,37.32,0.01,0.01,2320.1711,1776234348000
1776234349.915,49.915,0.58,50.61,0.57,37.0,0.59,51.49,0.6,23.0,0.41,51.49,0.4,23.0,0.42,53.0,0.43,37.0,0.01,0.01,2320.1711,1776234348000
1776234350.234,50.234,0.59,26.0,0.58,123.22,0.6,74.96,0.61,29.0,0.41,51.49,0.4,23.0,0.42,43.22,0.43,37.0,0.01,0.01,2320.1711,1776234348000
1776234350.578,50.578,0.59,48.0,0.58,107.22,0.6,69.29,0.61,34.0,0.4,74.96,0.39,29.0,0.41,26.0,0.42,123.22,0.01,0.01,2320.1761,1776234349000
1776234350.997,50.997,0.59,48.0,0.58,107.22,0.6,69.29,0.61,34.0,0.4,69.29,0.39,34.0,0.41,48.0,0.42,107.22,0.01,0.01,2320.189205,1776234350000
1776234351.477,51.477,0.59,28.0,0.58,102.22,0.6,68.63,0.61,34.0,0.4,69.29,0.39,34.0,0.41,48.0,0.42,107.22,0.01,0.01,2320.189205,1776234350000
1776234352.067,52.067,0.59,15.8,0.58,102.22,0.6,83.99,0.61,34.0,0.4,68.63,0.39,34.0,0.41,28.0,0.42,102.22,0.01,0.01,2320.189205,1776234350000
1776234353.445,53.445,0.59,15.8,0.58,102.22,0.6,83.99,0.61,34.0,0.4,83.99,0.39,34.0,0.41,15.8,0.42,102.22,0.01,0.01,2320.2666,1776234352000
1776234354.131,54.131,0.58,75.0,0.57,5.0,0.59,43.5,0.6,83.63,0.4,83.99,0.39,34.0,0.41,15.8,0.42,102.22,0.01,0.01,2320.2666,1776234352000
1776234354.408,54.408,0.58,75.0,0.57,5.0,0.59,43.5,0.6,83.63,0.41,43.5,0.4,83.63,0.42,75.0,0.43,5.0,0.01,0.01,2320.255525,1776234353000
1776234355.168,55.168,0.58,75.0,0.57,5.0,0.59,43.5,0.6,83.63,0.41,43.5,0.4,83.63,0.42,75.0,0.43,5.0,0.01,0.01,2320.24557,1776234354000
1776234356.599,56.599,0.58,75.0,0.57,5.0,0.59,43.5,0.6,83.63,0.41,43.5,0.4,83.63,0.42,75.0,0.43,5.0,0.01,0.01,2320.211055,1776234355000
1776234357.136,57.136,0.58,75.0,0.57,5.0,0.59,43.5,0.6,83.63,0.41,43.5,0.4,83.63,0.42,75.0,0.43,5.0,0.01,0.01,2320.1812,1776234356000
1776234357.674,57.674,0.5,11.18,0.49,15.0,0.56,11.36,0.57,70.0,0.41,43.5,0.4,83.63,0.42,75.0,0.43,5.0,0.06,0.01,2320.1812,1776234356000
1776234357.901,57.901,0.5,21.18,0.49,25.0,0.52,36.88,0.53,20.5,0.44,11.36,0.43,70.0,0.5,11.18,0.51,15.0,0.02,0.06,2320.1812,1776234356000
1776234358.504,58.504,0.5,21.18,0.49,25.0,0.52,36.88,0.53,20.5,0.48,36.88,0.47,20.5,0.5,21.18,0.51,25.0,0.02,0.02,2320.1811,1776234357000
1776234359.049,59.049,0.5,31.18,0.49,25.0,0.52,86.88,0.53,30.5,0.48,86.88,0.47,30.5,0.5,31.18,0.51,25.0,0.02,0.02,2320.12285,1776234358000
1776234359.568,59.568,0.51,17.95,0.5,26.18,0.52,132.51,0.53,30.5,0.48,86.88,0.47,30.5,0.5,31.18,0.51,25.0,0.01,0.02,2320.12285,1776234358000
1776234360.423,60.423,0.51,17.95,0.5,26.18,0.52,132.51,0.53,30.5,0.48,132.51,0.47,30.5,0.49,17.95,0.5,26.18,0.01,0.01,2320.047554,1776234359000
1776234361.098,61.098,0.51,17.95,0.5,26.18,0.52,132.51,0.53,30.5,0.48,132.51,0.47,30.5,0.49,17.95,0.5,26.18,0.01,0.01,2320.036167,1776234360000
1776234362.191,62.191,0.48,89.58,0.47,102.99,0.52,91.88,0.53,30.5,0.48,132.51,0.47,30.5,0.49,17.95,0.5,26.18,0.04,0.01,2320.036167,1776234360000
1776234362.629,62.629,0.48,89.58,0.47,102.99,0.52,91.88,0.53,30.5,0.48,91.88,0.47,30.5,0.52,89.58,0.53,102.99,0.04,0.04,2319.993078,1776234361000
1776234363.498,63.498,0.48,89.58,0.47,102.99,0.52,91.88,0.53,30.5,0.48,91.88,0.47,30.5,0.52,89.58,0.53,102.99,0.04,0.04,2319.990371,1776234362000
1776234364.164,64.164,0.5,25.0,0.49,20.5,0.51,76.39,0.52,70.5,0.48,91.88,0.47,30.5,0.52,89.58,0.53,102.99,0.01,0.04,2319.990371,1776234362000
1776234364.783,64.783,0.49,20.5,0.48,101.91,0.51,76.39,0.52,70.5,0.49,76.39,0.48,70.5,0.5,25.0,0.51,20.5,0.02,0.01,2319.989689,1776234363000
1776234365.172,65.172,0.49,20.5,0.48,101.91,0.51,76.39,0.52,70.5,0.49,76.39,0.48,70.5,0.51,20.5,0.52,101.91,0.02,0.02,2320.053912,1776234364000
1776234366.539,66.539,0.49,20.5,0.48,101.91,0.51,76.39,0.52,70.5,0.49,76.39,0.48,70.5,0.51,20.5,0.52,101.91,0.02,0.02,2320.074777,1776234365000
1776234367.532,67.532,0.5,25.0,0.49,25.5,0.51,66.58,0.52,70.5,0.49,76.39,0.48,70.5,0.51,20.5,0.52,101.91,0.01,0.02,2320.074777,1776234365000
1776234368.035,68.035,0.5,30.0,0.49,32.83,0.51,34.91,0.52,70.5,0.49,66.58,0.48,70.5,0.5,25.0,0.51,25.5,0.01,0.01,2319.989732,1776234366000
1776234368.499,68.499,0.5,39.9,0.49,32.83,0.51,29.91,0.52,60.0,0.49,34.91,0.48,70.5,0.5,30.0,0.51,32.83,0.01,0.01,2319.989732,1776234366000
1776234369.367,69.367,0.5,39.9,0.49,32.83,0.51,29.91,0.52,60.0,0.49,29.91,0.48,60.0,0.5,39.9,0.51,32.83,0.01,0.01,2319.98468,1776234368000
1776234369.636,69.636,0.48,4.58,0.47,90.5,0.51,105.41,0.52,30.0,0.49,29.91,0.48,60.0,0.5,39.9,0.51,32.83,0.03,0.01,2319.98468,1776234368000
1776234370.58,70.58,0.47,11.66,0.46,53.29,0.48,81.0,0.49,45.5,0.51,10.0,0.5,10.0,0.54,43.29,0.55,85.0,0.01,0.03,2319.98468,1776234368000
1776234371.366,71.366,0.47,11.66,0.46,53.29,0.48,81.0,0.49,45.5,0.52,81.0,0.51,45.5,0.53,11.66,0.54,53.29,0.01,0.01,2319.95114,1776234370000
1776234372.138,72.138,0.47,11.66,0.46,53.29,0.48,81.0,0.49,45.5,0.52,81.0,0.51,45.5,0.53,11.66,0.54,53.29,0.01,0.01,2319.878298,1776234371000
1776234373.032,73.032,0.47,11.66,0.46,53.29,0.48,81.0,0.49,45.5,0.52,81.0,0.51,45.5,0.53,11.66,0.54,53.29,0.01,0.01,2319.840299,1776234372000
1776234373.306,73.306,0.46,70.62,0.45,108.5,0.47,36.72,0.48,30.0,0.53,43.87,0.52,30.0,0.54,70.62,0.55,108.5,0.01,0.01,2319.840299,1776234372000
1776234373.507,73.507,0.46,45.62,0.45,108.5,0.47,36.72,0.48,30.0,0.53,36.72,0.52,30.0,0.54,45.62,0.55,108.5,0.01,0.01,2319.840299,1776234372000
1776234373.774,73.774,0.46,40.62,0.45,108.5,0.47,34.59,0.48,30.0,0.53,36.72,0.52,30.0,0.54,45.62,0.55,108.5,0.01,0.01,2319.840299,1776234372000
1776234374.162,74.162,0.46,40.62,0.45,108.5,0.47,34.59,0.48,30.0,0.53,34.59,0.52,30.0,0.54,40.62,0.55,108.5,0.01,0.01,2319.847564,1776234373000
1776234375.325,75.325,0.46,40.62,0.45,108.5,0.47,34.59,0.48,30.0,0.53,34.59,0.52,30.0,0.54,40.62,0.55,108.5,0.01,0.01,2319.83626,1776234374000
1776234375.834,75.834,0.46,93.49,0.45,55.5,0.49,10.0,0.5,10.0,0.53,34.59,0.52,30.0,0.54,40.62,0.55,108.5,0.03,0.01,2319.83626,1776234374000
1776234377.098,77.098,0.46,93.49,0.45,55.5,0.49,10.0,0.5,10.0,0.51,10.0,0.5,10.0,0.54,93.49,0.55,55.5,0.03,0.03,2319.836264,1776234376000
1776234377.607,77.607,0.48,31.14,0.47,244.66,0.49,40.89,0.5,25.5,0.51,35.89,0.5,25.5,0.52,34.99,0.53,254.66,0.01,0.01,2319.836264,1776234376000
1776234378.231,78.231,0.48,31.14,0.47,244.66,0.49,40.89,0.5,25.5,0.51,40.89,0.5,25.5,0.52,31.14,0.53,244.66,0.01,0.01,2319.8692,1776234377000
1776234379.366,79.366,0.48,31.14,0.47,244.66,0.49,40.89,0.5,25.5,0.51,40.89,0.5,25.5,0.52,31.14,0.53,244.66,0.01,0.01,2319.92345,1776234378000
1776234379.922,79.922,0.48,31.14,0.47,244.66,0.49,40.89,0.5,25.5,0.51,40.89,0.5,25.5,0.52,31.14,0.53,244.66,0.01,0.01,2319.92286,1776234379000
1776234381.023,81.023,0.48,31.14,0.47,244.66,0.49,40.89,0.5,25.5,0.51,40.89,0.5,25.5,0.52,31.14,0.53,244.66,0.01,0.01,2319.8694,1776234380000
1776234382.09,82.09,0.48,31.14,0.47,244.66,0.49,40.89,0.5,25.5,0.51,40.89,0.5,25.5,0.52,31.14,0.53,244.66,0.01,0.01,2319.8744,1776234381000
1776234382.981,82.981,0.48,18.15,0.47,234.33,0.49,28.89,0.5,30.5,0.51,40.89,0.5,25.5,0.52,31.14,0.53,244.66,0.01,0.01,2319.8744,1776234381000
1776234383.232,83.232,0.48,18.15,0.47,234.33,0.49,28.89,0.5,30.5,0.51,28.89,0.5,30.5,0.52,18.15,0.53,234.33,0.01,0.01,2319.8744,1776234382000
1776234384.27,84.27,0.48,16.22,0.47,234.33,0.49,33.89,0.5,35.5,0.51,33.89,0.5,35.5,0.52,16.22,0.53,234.33,0.01,0.01,2319.8688,1776234383000
1776234385.378,85.378,0.48,16.22,0.47,234.33,0.49,33.89,0.5,35.5,0.51,33.89,0.5,35.5,0.52,16.22,0.53,234.33,0.01,0.01,2319.8544,1776234384000
1776234386.409,86.409,0.48,16.22,0.47,234.33,0.49,33.89,0.5,35.5,0.51,33.89,0.5,35.5,0.52,16.22,0.53,234.33,0.01,0.01,2319.8544,1776234385000
1776234387.355,87.355,0.48,16.22,0.47,234.33,0.49,33.89,0.5,35.5,0.51,33.89,0.5,35.5,0.52,16.22,0.53,234.33,0.01,0.01,2319.85455,1776234386000
1776234387.929,87.929,0.48,16.22,0.47,234.33,0.49,33.89,0.5,35.5,0.51,33.89,0.5,35.5,0.52,16.22,0.53,234.33,0.01,0.01,2319.8691,1776234387000
1776234388.864,88.864,0.48,16.22,0.47,234.33,0.49,33.89,0.5,35.5,0.51,33.89,0.5,35.5,0.52,16.22,0.53,234.33,0.01,0.01,2319.85425,1776234388000
1776234389.463,89.463,0.45,10.0,0.44,20.0,0.47,76.5,0.48,35.5,0.51,33.89,0.5,35.5,0.52,16.22,0.53,234.33,0.02,0.01,2319.85425,1776234388000
1776234389.827,89.827,0.44,7.7,0.43,85.0,0.45,124.9,0.46,48.86,0.55,36.5,0.54,71.13,0.56,7.7,0.57,80.0,0.01,0.01,2319.85425,1776234388000
1776234390.148,90.148,0.43,35.94,0.42,20.0,0.44,99.02,0.45,103.9,0.56,7.52,0.55,124.9,0.57,37.7,0.58,10.0,0.01,0.01,2319.883319,1776234389000
1776234390.461,90.461,0.43,35.94,0.42,10.0,0.44,66.74,0.45,81.49,0.56,99.02,0.55,103.9,0.57,35.94,0.58,20.0,0.01,0.01,2319.883319,1776234389000
1776234390.781,90.781,0.43,44.18,0.42,10.0,0.44,61.74,0.45,81.49,0.56,66.74,0.55,81.49,0.57,35.94,0.58,10.0,0.01,0.01,2319.883319,1776234389000
1776234391.887,91.887,0.43,42.42,0.42,10.0,0.44,66.74,0.45,81.49,0.56,66.74,0.55,81.49,0.57,42.42,0.58,10.0,0.01,0.01,2319.8533,1776234391000
1776234392.262,92.262,0.43,37.42,0.42,85.0,0.44,53.74,0.45,40.5,0.56,66.74,0.55,81.49,0.57,42.42,0.58,10.0,0.01,0.01,2319.8533,1776234391000
1776234392.466,92.466,0.43,33.52,0.42,75.0,0.44,53.74,0.45,40.5,0.56,58.74,0.55,40.5,0.57,35.49,0.58,75.0,0.01,0.01,2319.8533,1776234391000
1776234392.935,92.935,0.43,33.52,0.42,75.0,0.44,53.74,0.45,40.5,0.56,53.74,0.55,40.5,0.57,33.52,0.58,75.0,0.01,0.01,2319.760412,1776234392000
1776234393.948,93.948,0.43,33.52,0.42,75.0,0.44,53.74,0.45,40.5,0.56,53.74,0.55,40.5,0.57,33.52,0.58,75.0,0.01,0.01,2319.770684,1776234393000
1776234395.005,95.005,0.43,33.52,0.42,75.0,0.44,53.74,0.45,40.5,0.56,53.74,0.55,40.5,0.57,33.52,0.58,75.0,0.01,0.01,2319.848605,1776234394000
1776234395.641,95.641,0.43,15.0,0.42,5.0,0.44,0.74,0.45,45.5,0.56,53.74,0.55,40.5,0.57,33.52,0.58,75.0,0.01,0.01,2319.848605,1776234394000
1776234395.952,95.952,0.37,10.0,0.36,7.33,0.44,137.5,0.45,152.5,0.56,0.74,0.55,45.5,0.57,15.0,0.58,5.0,0.07,0.01,2319.848605,1776234394000
1776234396.329,96.329,0.32,10.0,0.31,15.5,0.33,21.82,0.34,36.0,0.67,16.1,0.66,21.0,0.68,2.78,0.69,5.0,0.01,0.01,2319.836845,1776234395000
1776234396.546,96.546,0.31,20.5,0.3,90.66,0.32,10.62,0.33,36.82,0.67,36.82,0.66,36.0,0.68,8.38,0.69,15.5,0.01,0.01,2319.836845,1776234395000
1776234396.907,96.907,0.31,17.41,0.3,90.66,0.32,55.62,0.33,36.82,0.68,10.62,0.67,36.82,0.69,20.5,0.7,90.66,0.01,0.01,2319.836845,1776234395000
1776234397.133,97.133,0.31,38.07,0.3,90.66,0.32,49.36,0.33,31.82,0.68,52.49,0.67,31.82,0.69,38.07,0.7,90.66,0.01,0.01,2319.739888,1776234396000
1776234397.417,97.417,0.31,38.07,0.3,90.66,0.32,43.7,0.33,31.82,0.68,49.36,0.67,31.82,0.69,38.07,0.7,90.66,0.01,0.01,2319.739888,1776234396000
1776234398.133,98.133,0.31,38.07,0.3,90.66,0.32,43.7,0.33,31.82,0.68,43.7,0.67,31.82,0.69,38.07,0.7,90.66,0.01,0.01,2319.422971,1776234397000
1776234398.635,98.635,0.31,4.55,0.27,5.0,0.32,101.2,0.33,124.32,0.68,43.7,0.67,31.82,0.69,38.07,0.7,90.66,0.01,0.01,2319.422971,1776234397000
1776234399.16,99.16,0.27,5.0,0.26,5.0,0.32,101.2,0.33,129.32,0.68,101.2,0.67,129.32,0.73,5.0,0.74,5.0,0.05,0.05,2319.29489,1776234398000
1776234399.58,99.58,0.26,94.65,0.25,10.0,0.28,92.0,0.29,30.0,0.68,101.2,0.67,129.32,0.73,5.0,0.74,5.0,0.02,0.05,2319.29489,1776234398000
1776234399.913,99.913,0.25,8.01,0.24,5.0,0.26,10.0,0.27,30.0,0.72,92.0,0.71,30.0,0.74,94.65,0.75,10.0,0.01,0.02,2319.29489,1776234398000
1776234400.259,100.259,0.25,1.44,0.24,5.0,0.26,53.15,0.27,25.0,0.74,10.0,0.73,10.0,0.75,1.44,0.76,5.0,0.01,0.01,2319.29489,1776234398000
1776234400.66,100.66,0.24,20.0,0.23,5.0,0.25,27.6,0.26,20.0,0.74,48.3,0.73,25.0,0.76,5.0,0.77,5.0,0.01,0.02,2319.29489,1776234398000
1776234400.995,100.995,0.24,24.81,0.23,5.0,0.25,87.6,0.26,45.0,0.75,27.6,0.74,20.0,0.76,20.0,0.77,5.0,0.01,0.01,2319.16215,1776234399000
1776234401.282,101.282,0.24,24.81,0.23,5.0,0.25,87.6,0.26,45.0,0.75,87.6,0.74,45.0,0.76,24.81,0.77,5.0,0.01,0.01,2319.158199,1776234400000
1776234401.56,101.56,0.23,44.1,0.22,85.5,0.25,87.6,0.26,55.5,0.75,87.6,0.74,45.0,0.76,19.81,0.77,50.6,0.02,0.01,2319.158199,1776234400000
1776234401.95,101.95,0.23,52.66,0.22,80.0,0.24,87.83,0.25,71.1,0.76,10.0,0.75,87.6,0.77,42.66,0.78,75.0,0.01,0.01,2319.158199,1776234400000
1776234402.228,102.228,0.23,51.36,0.22,75.0,0.24,83.66,0.25,71.1,0.76,92.83,0.75,71.1,0.77,51.36,0.78,75.0,0.01,0.01,2319.158199,1776234400000
1776234402.617,102.617,0.23,51.36,0.22,85.0,0.24,79.07,0.25,71.1,0.76,83.66,0.75,71.1,0.77,51.36,0.78,75.0,0.01,0.01,2319.030588,1776234401000
1776234402.865,102.865,0.23,59.02,0.22,104.0,0.24,79.9,0.25,71.1,0.76,79.07,0.75,71.1,0.77,51.36,0.78,85.0,0.01,0.01,2319.030588,1776234401000
1776234403.2,103.2,0.23,68.36,0.22,85.0,0.24,71.14,0.25,71.1,0.76,70.73,0.75,71.1,0.77,67.68,0.78,85.0,0.01,0.01,2319.030588,1776234402000
1776234403.662,103.662,0.23,68.36,0.22,99.0,0.24,66.97,0.25,71.1,0.76,71.14,0.75,71.1,0.77,68.36,0.78,85.0,0.01,0.01,2319.030588,1776234402000
1776234403.923,103.923,0.23,68.36,0.22,99.0,0.24,66.97,0.25,71.1,0.76,66.97,0.75,71.1,0.77,68.36,0.78,99.0,0.01,0.01,2319.026845,1776234403000
1776234404.972,104.972,0.23,68.36,0.22,99.0,0.24,66.97,0.25,71.1,0.76,66.97,0.75,71.1,0.77,68.36,0.78,99.0,0.01,0.01,2318.960078,1776234404000
1776234405.392,105.392,0.23,59.66,0.22,80.0,0.24,85.04,0.25,41.1,0.76,66.97,0.75,71.1,0.77,68.36,0.78,99.0,0.01,0.01,2318.960078,1776234404000
1776234406.028,106.028,0.23,59.66,0.22,80.0,0.24,85.04,0.25,41.1,0.76,85.04,0.75,41.1,0.77,59.66,0.78,80.0,0.01,0.01,2318.956063,1776234405000
1776234406.989,106.989,0.23,59.66,0.22,80.0,0.24,85.04,0.25,41.1,0.76,85.04,0.75,41.1,0.77,59.66,0.78,80.0,0.01,0.01,2318.943492,1776234406000
1776234407.473,107.473,0.23,22.0,0.22,80.0,0.24,77.43,0.25,36.1,0.76,85.04,0.75,41.1,0.77,59.66,0.78,80.0,0.01,0.01,2318.943492,1776234406000
1776234408.01,108.01,0.23,22.0,0.22,80.0,0.24,77.43,0.25,36.1,0.76,77.43,0.75,36.1,0.77,22.0,0.78,80.0,0.01,0.01,2319.013945,1776234407000
1776234409.04,109.04,0.23,22.0,0.22,80.0,0.24,77.43,0.25,36.1,0.76,77.43,0.75,36.1,0.77,22.0,0.78,80.0,0.01,0.01,2319.01398,1776234408000
1776234409.497,109.497,0.23,69.16,0.22,60.49,0.24,25.0,0.25,10.0,0.76,77.43,0.75,36.1,0.77,22.0,0.78,80.0,0.01,0.01,2319.01398,1776234408000
1776234410.092,110.092,0.28,70.0,0.27,13.0,0.29,10.5,0.3,72.99,0.71,10.5,0.7,72.99,0.72,70.0,0.73,13.0,0.01,0.01,2318.934438,1776234409000
1776234410.893,110.893,0.27,16.63,0.26,5.0,0.28,50.5,0.29,55.5,0.71,75.5,0.7,74.99,0.72,194.61,0.73,24.0,0.01,0.01,2318.934438,1776234409000
1776234411.095,111.095,0.27,16.63,0.26,5.0,0.28,50.5,0.29,55.5,0.72,50.5,0.71,55.5,0.73,16.63,0.74,5.0,0.01,0.01,2318.949849,1776234410000
1776234411.304,111.304,0.27,24.84,0.26,5.0,0.28,125.5,0.29,82.49,0.72,50.5,0.71,55.5,0.73,16.63,0.74,5.0,0.01,0.01,2318.949849,1776234410000
1776234411.548,111.548,0.27,24.84,0.26,5.0,0.28,91.57,0.29,82.49,0.72,125.5,0.71,82.49,0.73,24.84,0.74,5.0,0.01,0.01,2318.949849,1776234410000
1776234412.171,112.171,0.27,24.84,0.26,5.0,0.28,91.57,0.29,82.49,0.72,91.57,0.71,82.49,0.73,24.84,0.74,5.0,0.01,0.01,2319.035622,1776234411000
1776234412.511,112.511,0.26,5.0,0.25,5.0,0.28,129.57,0.29,82.49,0.72,91.57,0.71,82.49,0.73,24.84,0.74,5.0,0.02,0.01,2319.035622,1776234411000
1776234413.232,113.232,0.25,5.0,0.24,5.0,0.26,8.0,0.28,134.57,0.74,8.0,0.72,134.57,0.75,5.0,0.76,5.0,0.01,0.01,2319.01827,1776234412000
1776234414.123,114.123,0.24,2.23,0.23,32.0,0.26,109.5,0.27,30.5,0.74,8.0,0.72,134.57,0.75,5.0,0.76,5.0,0.02,0.01,2319.01827,1776234412000
1776234414.571,114.571,0.23,11.93,0.22,10.0,0.24,140.0,0.25,270.5,0.74,109.5,0.73,30.5,0.76,2.23,0.77,32.0,0.01,0.02,2319.02224,1776234413000
1776234414.944,114.944,0.19,23.22,0.18,5.0,0.2,77.0,0.21,15.0,0.76,160.5,0.75,275.5,0.78,10.0,0.81,16.0,0.01,0.02,2319.02224,1776234413000
1776234416.17,116.17,0.19,16.67,0.18,15.5,0.2,114.0,0.21,30.0,0.8,114.0,0.79,30.0,0.81,16.67,0.82,15.5,0.01,0.01,2318.845949,1776234415000
1776234416.548,116.548,0.19,37.48,0.18,62.26,0.2,71.5,0.21,35.0,0.8,74.5,0.79,35.0,0.81,37.48,0.82,62.26,0.01,0.01,2318.845949,1776234415000
1776234416.792,116.792,0.19,26.24,0.18,72.26,0.2,71.5,0.21,35.0,0.8,71.5,0.79,35.0,0.81,37.48,0.82,62.26,0.01,0.01,2318.845949,1776234415000
1776234417.04,117.04,0.19,13.89,0.18,72.26,0.2,66.5,0.21,35.0,0.8,71.5,0.79,35.0,0.81,26.24,0.82,72.26,0.01,0.01,2318.845949,1776234415000
1776234419.094,119.094,0.19,8.58,0.18,72.26,0.2,69.8,0.21,35.0,0.8,69.8,0.79,35.0,0.81,8.58,0.82,72.26,0.01,0.01,2318.723004,1776234418000
1776234420.334,120.334,0.19,8.58,0.18,72.26,0.2,69.8,0.21,35.0,0.8,69.8,0.79,35.0,0.81,8.58,0.82,72.26,0.01,0.01,2318.719664,1776234419000
1776234421.362,121.362,0.19,8.58,0.18,72.26,0.2,69.8,0.21,35.0,0.8,69.8,0.79,35.0,0.81,8.58,0.82,72.26,0.01,0.01,2318.753122,1776234420000
1776234422.063,122.063,0.19,8.58,0.18,72.26,0.2,69.8,0.21,35.0,0.8,69.8,0.79,35.0,0.81,8.58,0.82,72.26,0.01,0.01,2318.751846,1776234421000
1776234422.285,122.285,0.18,26.11,0.17,67.0,0.19,111.0,0.2,40.8,0.8,69.8,0.79,35.0,0.81,8.58,0.82,72.26,0.01,0.01,2318.751846,1776234421000
1776234423.171,123.171,0.18,26.11,0.17,67.0,0.19,111.0,0.2,40.8,0.81,111.0,0.8,40.8,0.82,26.11,0.83,67.0,0.01,0.01,2318.764654,1776234422000
1776234423.416,123.416,0.19,32.33,0.18,64.01,0.2,50.0,0.21,65.0,0.8,18.0,0.79,55.0,0.81,11.33,0.82,78.01,0.01,0.01,2318.764654,1776234422000
1776234424.41,124.41,0.19,32.33,0.18,64.01,0.2,50.0,0.21,65.0,0.8,50.0,0.79,65.0,0.81,32.33,0.82,64.01,0.01,0.01,2318.725308,1776234423000
1776234425.054,125.054,0.17,51.5,0.16,112.3,0.19,57.0,0.2,34.0,0.81,57.0,0.8,34.0,0.83,51.5,0.84,112.3,0.02,0.02,2318.741977,1776234424000
1776234426.286,126.286,0.17,51.5,0.16,112.3,0.19,57.0,0.2,34.0,0.81,57.0,0.8,34.0,0.83,51.5,0.84,112.3,0.02,0.02,2318.74765,1776234425000
1776234427.344,127.344,0.17,51.5,0.16,112.3,0.19,57.0,0.2,34.0,0.81,57.0,0.8,34.0,0.83,51.5,0.84,112.3,0.02,0.02,2318.755295,1776234426000
1776234427.74,127.74,0.17,23.81,0.16,127.8,0.18,97.0,0.19,20.0,0.81,57.0,0.8,34.0,0.83,51.5,0.84,112.3,0.01,0.02,2318.755295,1776234426000
1776234428.009,128.009,0.17,23.0,0.16,127.8,0.18,102.0,0.19,20.0,0.82,102.0,0.81,20.0,0.83,23.0,0.84,127.8,0.01,0.01,2318.752163,1776234427000
1776234428.866,128.866,0.17,29.0,0.16,127.8,0.18,67.83,0.19,20.0,0.82,102.0,0.81,20.0,0.83,23.0,0.84,127.8,0.01,0.01,2318.752163,1776234427000
1776234429.344,129.344,0.17,34.0,0.16,132.8,0.18,15.27,0.19,20.0,0.82,32.27,0.81,20.0,0.83,34.0,0.84,132.8,0.01,0.01,2318.752163,1776234427000
1776234430.032,130.032,0.17,34.0,0.16,132.8,0.18,15.27,0.19,20.0,0.82,15.27,0.81,20.0,0.83,34.0,0.84,132.8,0.01,0.01,2318.73932,1776234429000
1776234431.073,131.073,0.17,34.0,0.16,132.8,0.18,15.27,0.19,20.0,0.82,15.27,0.81,20.0,0.83,34.0,0.84,132.8,0.01,0.01,2318.756061,1776234430000
1776234431.394,131.394,0.19,73.5,0.18,143.5,0.2,29.0,0.21,10.0,0.82,15.27,0.81,20.0,0.83,34.0,0.84,132.8,0.01,0.01,2318.756061,1776234430000
1776234432.095,132.095,0.19,73.5,0.18,148.5,0.2,14.0,0.21,15.0,0.8,14.0,0.79,15.0,0.81,73.5,0.82,148.5,0.01,0.01,2318.750647,1776234431000
1776234433.157,133.157,0.19,58.0,0.18,167.9,0.21,20.0,0.22,15.0,0.79,20.0,0.78,15.0,0.81,58.0,0.82,167.9,0.02,0.02,2318.82876,1776234432000
1776234433.555,133.555,0.2,48.0,0.19,53.0,0.21,14.04,0.22,15.0,0.79,20.0,0.78,15.0,0.81,58.0,0.82,167.9,0.01,0.02,2318.82876,1776234432000
1776234434.22,134.22,0.2,48.0,0.19,53.0,0.21,14.04,0.22,15.0,0.79,14.04,0.78,15.0,0.8,48.0,0.81,53.0,0.01,0.01,2318.9142,1776234433000
1776234434.923,134.923,0.2,35.0,0.19,53.0,0.21,14.04,0.22,15.0,0.79,14.04,0.78,15.0,0.8,48.0,0.81,53.0,0.01,0.01,2318.9142,1776234433000
1776234435.489,135.489,0.2,35.0,0.19,53.0,0.21,14.04,0.22,15.0,0.79,14.04,0.78,15.0,0.8,35.0,0.81,53.0,0.01,0.01,2318.92415,1776234434000
1776234435.888,135.888,0.2,19.0,0.19,53.0,0.21,14.04,0.22,15.0,0.79,14.04,0.78,15.0,0.8,19.0,0.81,53.0,0.01,0.01,2318.92915,1776234435000
1776234436.184,136.184,0.2,22.0,0.19,53.0,0.21,19.04,0.22,15.0,0.79,14.04,0.78,15.0,0.8,19.0,0.81,53.0,0.01,0.01,2318.92915,1776234435000
1776234437.01,137.01,0.2,22.0,0.19,53.0,0.21,19.04,0.22,15.0,0.79,19.04,0.78,15.0,0.8,22.0,0.81,53.0,0.01,0.01,2318.92915,1776234436000
1776234437.97,137.97,0.22,14.0,0.21,48.0,0.25,11.14,0.26,15.0,0.75,11.14,0.74,15.0,0.78,14.0,0.79,48.0,0.03,0.03,2318.92915,1776234437000
1776234439.056,139.056,0.22,14.0,0.21,48.0,0.25,11.14,0.26,15.0,0.75,11.14,0.74,15.0,0.78,14.0,0.79,48.0,0.03,0.03,2318.92915,1776234438000
1776234439.501,139.501,0.19,48.0,0.18,126.0,0.23,40.5,0.24,36.5,0.75,11.14,0.74,15.0,0.78,14.0,0.79,48.0,0.04,0.03,2318.92915,1776234438000
1776234440.024,140.024,0.19,48.0,0.18,126.0,0.23,40.5,0.24,36.5,0.77,40.5,0.76,36.5,0.81,48.0,0.82,126.0,0.04,0.04,2318.94915,1776234439000
1776234441.019,141.019,0.2,13.8,0.19,58.0,0.21,10.0,0.22,30.5,0.79,10.0,0.78,30.5,0.8,13.8,0.81,58.0,0.01,0.01,2318.93915,1776234440000
1776234442.059,142.059,0.2,13.8,0.19,58.0,0.21,10.0,0.22,30.5,0.79,10.0,0.78,30.5,0.8,13.8,0.81,58.0,0.01,0.01,2318.92915,1776234441000
1776234443.318,143.318,0.19,58.31,0.18,136.5,0.21,17.28,0.22,30.5,0.79,17.28,0.78,30.5,0.81,58.31,0.82,136.5,0.02,0.02,2318.92415,1776234442000
1776234444.029,144.029,0.19,58.31,0.18,136.5,0.21,17.28,0.22,30.5,0.79,17.28,0.78,30.5,0.81,58.31,0.82,136.5,0.02,0.02,2318.92415,1776234443000
1776234445.429,145.429,0.19,58.31,0.18,136.5,0.21,17.28,0.22,30.5,0.79,17.28,0.78,30.5,0.81,58.31,0.82,136.5,0.02,0.02,2318.92415,1776234444000
1776234446.093,146.093,0.19,58.31,0.18,136.5,0.21,17.28,0.22,30.5,0.79,17.28,0.78,30.5,0.81,58.31,0.82,136.5,0.02,0.02,2318.92415,1776234445000
1776234447.213,147.213,0.19,58.31,0.18,136.5,0.21,17.28,0.22,30.5,0.79,17.28,0.78,30.5,0.81,58.31,0.82,136.5,0.02,0.02,2318.91915,1776234446000
1776234447.864,147.864,0.15,106.66,0.14,46.0,0.16,69.5,0.17,92.72,0.8,51.5,0.79,22.28,0.82,11.22,0.83,15.0,0.01,0.02,2318.91915,1776234446000
1776234448.298,148.298,0.15,106.74,0.14,51.0,0.16,89.5,0.17,82.72,0.84,69.5,0.83,92.72,0.85,106.66,0.86,46.0,0.01,0.01,2318.91915,1776234447000
1776234449.226,149.226,0.15,100.74,0.14,51.0,0.16,89.5,0.17,82.72,0.84,89.5,0.83,82.72,0.85,100.74,0.86,51.0,0.01,0.01,2318.87155,1776234448000
1776234449.61,149.61,0.15,83.74,0.14,51.0,0.16,99.5,0.17,82.72,0.84,89.5,0.83,82.72,0.85,100.74,0.86,51.0,0.01,0.01,2318.87155,1776234448000
1776234450.362,150.362,0.15,83.11,0.14,51.0,0.16,49.5,0.17,52.72,0.84,94.5,0.83,82.72,0.85,76.11,0.86,51.0,0.01,0.01,2318.87155,1776234448000
1776234451.002,151.002,0.15,60.93,0.14,61.5,0.16,20.0,0.17,34.72,0.84,49.5,0.83,52.72,0.85,83.11,0.86,51.0,0.01,0.01,2318.780729,1776234449000
1776234451.58,151.58,0.15,65.93,0.14,61.5,0.16,15.0,0.17,34.72,0.84,20.0,0.83,34.72,0.85,60.93,0.86,61.5,0.01,0.01,2318.712949,1776234450000
1776234452.248,152.248,0.15,65.93,0.14,61.5,0.16,15.0,0.17,34.72,0.84,15.0,0.83,34.72,0.85,65.93,0.86,61.5,0.01,0.01,2318.741682,1776234451000
1776234452.92,152.92,0.15,65.93,0.14,61.5,0.16,15.0,0.17,34.72,0.84,15.0,0.83,34.72,0.85,65.93,0.86,61.5,0.01,0.01,2318.75141,1776234452000
1776234453.577,153.577,0.15,54.93,0.14,61.5,0.16,20.0,0.17,34.72,0.84,15.0,0.83,34.72,0.85,65.93,0.86,61.5,0.01,0.01,2318.75141,1776234452000
1776234453.991,153.991,0.15,44.04,0.14,61.5,0.16,15.0,0.17,34.72,0.84,20.0,0.83,34.72,0.85,54.93,0.86,61.5,0.01,0.01,2318.75141,1776234452000
1776234454.287,154.287,0.15,44.04,0.14,61.5,0.16,15.0,0.17,34.72,0.84,15.0,0.83,34.72,0.85,44.04,0.86,61.5,0.01,0.01,2318.7686,1776234453000
1776234454.729,154.729,0.15,32.86,0.14,61.5,0.16,15.0,0.17,34.72,0.84,15.0,0.83,34.72,0.85,44.04,0.86,61.5,0.01,0.01,2318.7686,1776234453000
1776234455.379,155.379,0.15,32.86,0.14,61.5,0.16,15.0,0.17,34.72,0.84,15.0,0.83,34.72,0.85,32.86,0.86,61.5,0.01,0.01,2318.7971,1776234454000
1776234455.968,155.968,0.15,32.86,0.14,61.5,0.16,20.0,0.17,34.72,0.84,20.0,0.83,34.72,0.85,32.86,0.86,61.5,0.01,0.01,2318.76355,1776234455000
1776234457.169,157.169,0.15,32.86,0.14,61.5,0.16,20.0,0.17,34.72,0.84,20.0,0.83,34.72,0.85,32.86,0.86,61.5,0.01,0.01,2318.7685,1776234456000
1776234457.642,157.642,0.15,55.86,0.14,61.5,0.16,5.0,0.17,29.72,0.84,20.0,0.83,34.72,0.85,32.86,0.86,61.5,0.01,0.01,2318.7685,1776234456000
1776234458.5,158.5,0.15,55.86,0.14,61.5,0.16,5.0,0.17,29.72,0.84,5.0,0.83,29.72,0.85,55.86,0.86,61.5,0.01,0.01,2318.7686,1776234457000
1776234459.597,159.597,0.15,107.59,0.14,56.5,0.16,5.0,0.17,29.72,0.84,5.0,0.83,29.72,0.85,55.86,0.86,61.5,0.01,0.01,2318.7686,1776234457000
1776234460.465,160.465,0.2,41.0,0.19,16.0,0.22,7.54,0.23,85.41,0.84,5.0,0.83,29.72,0.85,107.59,0.86,56.5,0.02,0.01,2318.7836,1776234458000
1776234460.671,160.671,0.22,191.46,0.21,86.0,0.23,95.91,0.24,5.0,0.77,85.41,0.76,5.0,0.78,62.46,0.79,10.0,0.01,0.01,2318.7836,1776234458000
1776234461.045,161.045,0.22,191.46,0.21,86.0,0.23,95.91,0.24,5.0,0.77,95.91,0.76,5.0,0.78,191.46,0.79,86.0,0.01,0.01,2318.7836,1776234459000
1776234461.743,161.743,0.22,191.46,0.21,86.0,0.23,95.91,0.24,5.0,0.77,95.91,0.76,5.0,0.78,191.46,0.79,86.0,0.01,0.01,2318.7886,1776234460000
1776234462.049,162.049,0.22,187.96,0.21,101.5,0.23,9.74,0.24,99.0,0.77,95.91,0.76,5.0,0.78,191.46,0.79,86.0,0.01,0.01,2318.7886,1776234460000
1776234462.702,162.702,0.22,187.96,0.21,101.5,0.23,9.74,0.24,99.0,0.77,9.74,0.76,99.0,0.78,187.96,0.79,101.5,0.01,0.01,2318.890914,1776234461000
1776234463.397,163.397,0.22,187.96,0.21,101.5,0.23,9.74,0.24,99.0,0.77,9.74,0.76,99.0,0.78,187.96,0.79,101.5,0.01,0.01,2318.95835,1776234462000
1776234464.147,164.147,0.22,187.96,0.21,101.5,0.23,9.74,0.24,99.0,0.77,9.74,0.76,99.0,0.78,187.96,0.79,101.5,0.01,0.01,2318.987138,1776234463000
1776234464.962,164.962,0.23,2.1,0.22,152.46,0.24,35.5,0.25,30.5,0.77,9.74,0.76,99.0,0.78,187.96,0.79,101.5,0.01,0.01,2318.987138,1776234463000
1776234465.566,165.566,0.23,2.1,0.22,152.46,0.24,35.5,0.25,30.5,0.76,35.5,0.75,30.5,0.77,2.1,0.78,152.46,0.01,0.01,2319.022043,1776234464000
1776234466.319,166.319,0.23,2.1,0.22,152.46,0.24,35.5,0.25,30.5,0.76,35.5,0.75,30.5,0.77,2.1,0.78,152.46,0.01,0.01,2319.022744,1776234465000
1776234466.618,166.618,0.22,132.31,0.21,101.5,0.24,35.5,0.25,30.5,0.76,35.5,0.75,30.5,0.77,2.1,0.78,152.46,0.02,0.01,2319.022744,1776234465000
1776234467.737,167.737,0.22,132.31,0.21,101.5,0.24,35.5,0.25,30.5,0.76,35.5,0.75,30.5,0.78,132.31,0.79,101.5,0.02,0.02,2319.027903,1776234466000
1776234468.133,168.133,0.22,137.31,0.21,101.5,0.23,1.95,0.24,30.5,0.76,35.5,0.75,30.5,0.78,132.31,0.79,101.5,0.01,0.02,2319.027903,1776234466000
1776234468.375,168.375,0.22,137.31,0.21,101.5,0.23,1.95,0.24,30.5,0.77,1.95,0.76,30.5,0.78,137.31,0.79,101.5,0.01,0.01,2319.028063,1776234467000
1776234469.159,169.159,0.22,137.31,0.21,101.5,0.23,1.95,0.24,30.5,0.77,1.95,0.76,30.5,0.78,137.31,0.79,101.5,0.01,0.01,2319.028063,1776234468000
1776234470.626,170.626,0.22,137.31,0.21,101.5,0.23,1.95,0.24,30.5,0.77,1.95,0.76,30.5,0.78,137.31,0.79,101.5,0.01,0.01,2319.025775,1776234469000
1776234471.157,171.157,0.22,137.09,0.21,101.5,0.23,10.5,0.24,25.5,0.77,1.95,0.76,30.5,0.78,137.31,0.79,101.5,0.01,0.01,2319.025775,1776234469000
1776234471.469,171.469,0.22,137.09,0.21,101.5,0.23,10.5,0.24,25.5,0.77,10.5,0.76,25.5,0.78,137.09,0.79,101.5,0.01,0.01,2319.023007,1776234470000
1776234472.191,172.191,0.22,130.09,0.21,101.5,0.23,15.5,0.24,25.5,0.77,15.5,0.76,25.5,0.78,130.09,0.79,101.5,0.01,0.01,2319.021411,1776234471000
1776234472.943,172.943,0.23,5.0,0.22,129.09,0.28,70.37,0.29,5.0,0.77,15.5,0.76,25.5,0.78,130.09,0.79,101.5,0.05,0.01,2319.021411,1776234471000
1776234473.549,173.549,0.34,24.38,0.26,5.0,0.35,10.0,0.36,60.0,0.72,70.27,0.71,5.0,0.74,19.23,0.77,5.0,0.01,0.02,2319.021411,1776234471000
1776234474.298,174.298,0.34,24.38,0.26,5.0,0.35,10.0,0.36,60.0,0.65,10.0,0.64,60.0,0.66,24.38,0.74,5.0,0.01,0.01,2319.028608,1776234473000
1776234475.033,175.033,0.29,5.0,0.28,27.0,0.35,70.09,0.36,84.0,0.65,10.0,0.64,60.0,0.66,24.38,0.74,5.0,0.06,0.01,2319.028608,1776234473000
1776234475.796,175.796,0.29,5.0,0.28,27.0,0.35,70.09,0.36,84.0,0.65,70.09,0.64,84.0,0.71,5.0,0.72,27.0,0.06,0.06,2319.351482,1776234474000
1776234476.518,176.518,0.29,5.0,0.28,27.0,0.35,70.09,0.36,84.0,0.65,70.09,0.64,84.0,0.71,5.0,0.72,27.0,0.06,0.06,2319.28565,1776234475000
1776234477.409,177.409,0.29,5.0,0.28,27.0,0.35,70.09,0.36,84.0,0.65,70.09,0.64,84.0,0.71,5.0,0.72,27.0,0.06,0.06,2319.28502,1776234476000
1776234478.09,178.09,0.29,5.0,0.28,27.0,0.35,70.09,0.36,84.0,0.65,70.09,0.64,84.0,0.71,5.0,0.72,27.0,0.06,0.06,2319.284531,1776234477000
1776234479.014,179.014,0.29,5.0,0.28,27.0,0.35,70.09,0.36,84.0,0.65,70.09,0.64,84.0,0.71,5.0,0.72,27.0,0.06,0.06,2319.286781,1776234478000
1776234480.051,180.051,0.29,5.0,0.28,27.0,0.35,70.09,0.36,84.0,0.65,70.09,0.64,84.0,0.71,5.0,0.72,27.0,0.06,0.06,2319.2881,1776234479000
1776234481.06,181.06,0.29,5.0,0.28,27.0,0.35,70.09,0.36,84.0,0.65,70.09,0.64,84.0,0.71,5.0,0.72,27.0,0.06,0.06,2319.295592,1776234480000
1776234482.088,182.088,0.29,5.0,0.28,27.0,0.35,70.09,0.36,84.0,0.65,70.09,0.64,84.0,0.71,5.0,0.72,27.0,0.06,0.06,2319.29725,1776234481000
1776234482.434,182.434,0.29,2.18,0.28,27.0,0.3,120.49,0.31,37.59,0.65,70.09,0.64,84.0,0.71,5.0,0.72,27.0,0.01,0.06,2319.29725,1776234481000
1776234483.214,183.214,0.29,2.18,0.28,27.0,0.3,120.49,0.31,37.59,0.7,120.49,0.69,37.59,0.71,2.18,0.72,27.0,0.01,0.01,2319.296464,1776234482000
1776234484.273,184.273,0.29,2.18,0.28,27.0,0.3,120.49,0.31,37.59,0.7,120.49,0.69,37.59,0.71,2.18,0.72,27.0,0.01,0.01,2319.296949,1776234483000
1776234485.31,185.31,0.29,2.18,0.28,27.0,0.3,120.49,0.31,37.59,0.7,120.49,0.69,37.59,0.71,2.18,0.72,27.0,0.01,0.01,2319.317923,1776234484000
1776234486.349,186.349,0.29,2.18,0.28,27.0,0.3,120.49,0.31,37.59,0.7,120.49,0.69,37.59,0.71,2.18,0.72,27.0,0.01,0.01,2319.311939,1776234485000
1776234487.273,187.273,0.22,50.09,0.2,5.0,0.3,115.77,0.31,157.59,0.7,120.49,0.69,37.59,0.71,2.18,0.72,27.0,0.08,0.01,2319.311939,1776234485000
1776234487.936,187.936,0.21,10.5,0.2,5.0,0.23,24.0,0.24,10.0,0.77,24.0,0.76,10.0,0.79,10.5,0.8,5.0,0.02,0.02,2319.302143,1776234487000
1776234488.909,188.909,0.21,10.5,0.2,5.0,0.23,24.0,0.24,10.0,0.77,24.0,0.76,10.0,0.79,10.5,0.8,5.0,0.02,0.02,2319.244103,1776234488000
1776234489.761,189.761,0.2,38.67,0.18,5.55,0.21,56.0,0.22,56.0,0.77,24.0,0.76,10.0,0.79,10.5,0.8,5.0,0.01,0.02,2319.244103,1776234488000
1776234489.963,189.963,0.2,38.67,0.18,5.55,0.21,56.0,0.22,56.0,0.79,56.0,0.78,56.0,0.8,38.67,0.82,5.55,0.01,0.01,2319.093,1776234489000
1776234490.939,190.939,0.2,43.67,0.18,5.55,0.21,38.0,0.22,66.5,0.79,38.0,0.78,66.5,0.8,43.67,0.82,5.55,0.01,0.01,2319.078406,1776234490000
1776234491.262,191.262,0.2,32.42,0.18,5.55,0.21,33.0,0.22,136.77,0.79,38.0,0.78,66.5,0.8,43.67,0.82,5.55,0.01,0.01,2319.078406,1776234490000
1776234492.207,192.207,0.19,9.5,0.18,5.55,0.21,38.0,0.22,66.5,0.79,33.0,0.78,136.77,0.8,32.42,0.82,5.55,0.02,0.01,2319.078406,1776234490000
1776234492.497,192.497,0.19,9.5,0.18,5.55,0.21,38.0,0.22,66.5,0.79,38.0,0.78,66.5,0.81,9.5,0.82,5.55,0.02,0.02,2319.081583,1776234491000
1776234492.943,192.943,0.19,9.5,0.18,5.55,0.21,38.0,0.22,66.5,0.79,38.0,0.78,66.5,0.81,9.5,0.82,5.55,0.02,0.02,2319.081586,1776234492000
1776234493.815,193.815,0.19,3.3,0.18,5.55,0.2,59.0,0.21,38.0,0.8,25.0,0.79,33.0,0.81,9.43,0.82,5.55,0.01,0.01,2319.081586,1776234492000
1776234494.134,194.134,0.19,3.3,0.18,5.55,0.2,59.0,0.21,38.0,0.8,59.0,0.79,38.0,0.81,3.3,0.82,5.55,0.01,0.01,2319.077513,1776234493000
1776234495.134,195.134,0.19,3.3,0.18,5.55,0.2,59.0,0.21,38.0,0.8,59.0,0.79,38.0,0.81,3.3,0.82,5.55,0.01,0.01,2319.077513,1776234494000
1776234496.17,196.17,0.19,3.3,0.18,5.55,0.2,59.0,0.21,38.0,0.8,59.0,0.79,38.0,0.81,3.3,0.82,5.55,0.01,0.01,2319.076937,1776234495000
1776234497.187,197.187,0.19,3.3,0.18,5.55,0.2,59.0,0.21,38.0,0.8,59.0,0.79,38.0,0.81,3.3,0.82,5.55,0.01,0.01,2319.076937,1776234496000
1776234498.184,198.184,0.19,3.3,0.18,5.55,0.2,59.0,0.21,38.0,0.8,59.0,0.79,38.0,0.81,3.3,0.82,5.55,0.01,0.01,2319.078154,1776234497000
1776234499.219,199.219,0.19,3.3,0.18,5.55,0.2,59.0,0.21,38.0,0.8,59.0,0.79,38.0,0.81,3.3,0.82,5.55,0.01,0.01,2319.078155,1776234498000
1776234499.823,199.823,0.19,43.8,0.18,26.05,0.2,74.27,0.21,33.72,0.8,59.0,0.79,38.0,0.81,3.3,0.82,5.55,0.01,0.01,2319.078155,1776234498000
1776234500.025,200.025,0.19,43.8,0.18,26.05,0.2,31.27,0.21,33.72,0.8,59.27,0.79,33.72,0.81,43.8,0.82,26.05,0.01,0.01,2319.078155,1776234498000
1776234500.272,200.272,0.19,43.8,0.18,26.05,0.2,31.27,0.21,33.72,0.8,31.27,0.79,33.72,0.81,43.8,0.82,26.05,0.01,0.01,2319.078677,1776234499000
1776234501.238,201.238,0.19,43.8,0.18,26.05,0.2,31.27,0.21,33.72,0.8,31.27,0.79,33.72,0.81,43.8,0.82,26.05,0.01,0.01,2319.078705,1776234500000
1776234502.233,202.233,0.19,43.8,0.18,26.05,0.2,31.27,0.21,33.72,0.8,31.27,0.79,33.72,0.81,43.8,0.82,26.05,0.01,0.01,2319.126166,1776234501000
1776234503.203,203.203,0.19,43.8,0.18,26.05,0.2,31.27,0.21,33.72,0.8,31.27,0.79,33.72,0.81,43.8,0.82,26.05,0.01,0.01,2319.126617,1776234502000
1776234504.036,204.036,0.2,5.0,0.19,75.31,0.21,59.94,0.22,58.5,0.8,31.27,0.79,33.72,0.81,43.8,0.82,26.05,0.01,0.01,2319.126617,1776234502000
1776234505.344,205.344,0.19,55.55,0.18,26.05,0.21,91.94,0.22,53.5,0.79,59.94,0.78,58.5,0.8,5.0,0.81,75.31,0.02,0.01,2319.107836,1776234503000
1776234505.71,205.71,0.19,55.55,0.18,26.05,0.21,91.94,0.22,53.5,0.79,91.94,0.78,53.5,0.81,55.55,0.82,26.05,0.02,0.02,2319.107304,1776234504000
1776234506.308,206.308,0.19,55.55,0.18,26.05,0.21,91.94,0.22,53.5,0.79,91.94,0.78,53.5,0.81,55.55,0.82,26.05,0.02,0.02,2319.107336,1776234505000
1776234507.47,207.47,0.19,55.55,0.18,26.05,0.21,91.94,0.22,53.5,0.79,91.94,0.78,53.5,0.81,55.55,0.82,26.05,0.02,0.02,2319.107034,1776234506000
1776234508.061,208.061,0.19,55.55,0.18,26.05,0.21,91.94,0.22,53.5,0.79,91.94,0.78,53.5,0.81,55.55,0.82,26.05,0.02,0.02,2319.107034,1776234507000
1776234508.664,208.664,0.17,24.73,0.16,110.5,0.18,51.45,0.19,15.0,0.82,6.45,0.8,132.22,0.83,10.0,0.84,10.0,0.01,0.01,2319.107034,1776234507000
1776234509.156,209.156,0.17,24.73,0.16,110.5,0.18,51.45,0.19,15.0,0.82,51.45,0.81,15.0,0.83,24.73,0.84,110.5,0.01,0.01,2319.089861,1776234508000
1776234510.261,210.261,0.17,24.73,0.16,110.5,0.18,51.45,0.19,15.0,0.82,51.45,0.81,15.0,0.83,24.73,0.84,110.5,0.01,0.01,2319.073689,1776234509000
1776234511.314,211.314,0.17,24.73,0.16,110.5,0.18,51.45,0.19,15.0,0.82,51.45,0.81,15.0,0.83,24.73,0.84,110.5,0.01,0.01,2319.076089,1776234510000
1776234511.852,211.852,0.17,24.73,0.16,110.5,0.18,51.45,0.19,15.0,0.82,51.45,0.81,15.0,0.83,24.73,0.84,110.5,0.01,0.01,2319.107322,1776234511000
1776234512.153,212.153,0.17,2.92,0.16,100.0,0.18,50.5,0.19,66.49,0.82,51.45,0.81,15.0,0.83,24.73,0.84,110.5,0.01,0.01,2319.107322,1776234511000
1776234513.015,213.015,0.16,87.92,0.15,7.86,0.18,55.5,0.19,71.49,0.82,55.5,0.81,71.49,0.84,87.92,0.85,7.86,0.02,0.02,2319.047062,1776234512000
1776234513.788,213.788,0.14,19.25,0.13,41.0,0.16,10.0,0.17,30.5,0.83,20.0,0.82,76.77,0.84,71.07,0.85,0.86,0.02,0.01,2319.047062,1776234512000
1776234514.087,214.087,0.14,19.25,0.13,41.0,0.16,10.0,0.17,30.5,0.84,10.0,0.83,30.5,0.86,19.25,0.87,41.0,0.02,0.02,2319.054767,1776234513000
1776234515.217,215.217,0.15,8.82,0.14,26.46,0.16,10.0,0.17,20.0,0.84,10.0,0.83,20.0,0.85,8.82,0.86,26.46,0.01,0.01,2319.041555,1776234514000
1776234515.596,215.596,0.15,4.87,0.14,26.46,0.16,44.0,0.17,30.5,0.84,10.0,0.83,20.0,0.85,8.82,0.86,26.46,0.01,0.01,2319.041555,1776234514000
1776234516.33,216.33,0.15,15.37,0.14,26.46,0.16,7.0,0.17,10.0,0.84,44.0,0.83,30.5,0.85,4.87,0.86,26.46,0.01,0.01,2319.041555,1776234514000
1776234517.001,217.001,0.16,12.0,0.15,15.37,0.17,10.0,0.18,90.49,0.83,10.0,0.82,90.49,0.84,12.0,0.85,15.37,0.01,0.01,2319.036122,1776234516000
1776234517.551,217.551,0.13,9.19,0.12,88.2,0.17,78.99,0.18,64.22,0.83,10.0,0.82,90.49,0.84,12.0,0.85,15.37,0.04,0.01,2319.036122,1776234516000
1776234518.109,218.109,0.13,9.19,0.12,88.2,0.17,78.99,0.18,64.22,0.83,78.99,0.82,64.22,0.87,9.19,0.88,88.2,0.04,0.04,2319.098826,1776234517000
1776234519.26,219.26,0.13,9.19,0.12,88.2,0.17,78.99,0.18,64.22,0.83,78.99,0.82,64.22,0.87,9.19,0.88,88.2,0.04,0.04,2319.10002,1776234518000
1776234520.227,220.227,0.13,9.19,0.12,88.2,0.17,78.99,0.18,64.22,0.83,78.99,0.82,64.22,0.87,9.19,0.88,88.2,0.04,0.04,2319.131782,1776234519000
1776234521.215,221.215,0.13,9.19,0.12,88.2,0.17,78.99,0.18,64.22,0.83,78.99,0.82,64.22,0.87,9.19,0.88,88.2,0.04,0.04,2319.114733,1776234520000
1776234521.503,221.503,0.13,87.6,0.12,15.09,0.17,63.88,0.18,49.22,0.83,78.99,0.82,64.22,0.87,9.19,0.88,88.2,0.04,0.04,2319.114733,1776234520000
1776234521.903,221.903,0.13,97.6,0.12,15.09,0.15,13.4,0.16,20.5,0.83,63.88,0.82,49.22,0.87,87.6,0.88,15.09,0.02,0.04,2319.114733,1776234520000
1776234522.223,222.223,0.13,97.6,0.12,15.09,0.15,13.4,0.16,20.5,0.85,13.4,0.84,20.5,0.87,97.6,0.88,15.09,0.02,0.02,2319.114869,1776234521000
1776234523.253,223.253,0.15,4.0,0.14,10.0,0.16,20.5,0.17,95.49,0.85,13.4,0.84,20.5,0.87,97.6,0.88,15.09,0.01,0.02,2319.114869,1776234521000
1776234524.367,224.367,0.15,4.0,0.14,10.0,0.16,20.5,0.17,95.49,0.84,20.5,0.83,95.49,0.85,4.0,0.86,10.0,0.01,0.01,2319.050503,1776234523000
1776234524.937,224.937,0.15,4.0,0.14,10.0,0.16,20.5,0.17,95.49,0.84,20.5,0.83,95.49,0.85,4.0,0.86,10.0,0.01,0.01,2319.06944,1776234524000
1776234525.612,225.612,0.15,35.0,0.14,20.5,0.17,10.0,0.18,5.0,0.84,20.5,0.83,95.49,0.85,4.0,0.86,10.0,0.02,0.01,2319.06944,1776234524000
1776234526.048,226.048,0.15,35.0,0.14,20.5,0.17,10.0,0.18,5.0,0.83,10.0,0.82,5.0,0.85,35.0,0.86,20.5,0.02,0.02,2319.066535,1776234525000
1776234527.024,227.024,0.16,10.0,0.15,30.0,0.17,2.82,0.18,15.5,0.83,2.82,0.82,15.5,0.84,10.0,0.85,30.0,0.01,0.01,2319.221221,1776234526000
1776234528.084,228.084,0.16,10.0,0.15,30.0,0.17,2.82,0.18,15.5,0.83,2.82,0.82,15.5,0.84,10.0,0.85,30.0,0.01,0.01,2319.244476,1776234527000
1776234529.152,229.152,0.17,10.0,0.16,10.0,0.21,31.27,0.24,10.0,0.83,2.82,0.82,15.5,0.84,10.0,0.85,30.0,0.04,0.01,2319.244476,1776234527000
1776234530.188,230.188,0.17,10.0,0.16,10.0,0.21,31.27,0.24,10.0,0.79,31.27,0.76,10.0,0.83,10.0,0.84,10.0,0.04,0.04,2319.235737,1776234529000
1776234531.252,231.252,0.17,10.0,0.16,10.0,0.21,31.27,0.24,10.0,0.79,31.27,0.76,10.0,0.83,10.0,0.84,10.0,0.04,0.04,2319.2465,1776234530000
1776234531.635,231.635,0.2,5.0,0.19,25.31,0.21,30.5,0.22,38.5,0.79,20.5,0.78,38.5,0.8,5.0,0.81,15.31,0.01,0.01,2319.2465,1776234530000
1776234531.953,231.953,0.2,9.82,0.19,15.31,0.22,64.27,0.23,61.8,0.79,30.5,0.78,38.5,0.8,5.0,0.81,25.31,0.02,0.01,2319.2465,1776234530000
1776234532.173,232.173,0.2,5.05,0.19,15.31,0.21,17.22,0.22,25.5,0.79,5.0,0.78,86.3,0.8,7.82,0.81,15.31,0.01,0.01,2319.2465,1776234530000
1776234534.205,234.205,0.2,5.05,0.19,15.31,0.21,17.22,0.22,25.5,0.79,17.22,0.78,25.5,0.8,5.05,0.81,15.31,0.01,0.01,2319.2515,1776234533000
1776234534.49,234.49,0.2,20.05,0.19,25.31,0.22,16.86,0.23,40.8,0.79,17.22,0.78,25.5,0.8,5.05,0.81,15.31,0.02,0.01,2319.2515,1776234533000
1776234534.984,234.984,0.2,20.05,0.19,15.31,0.22,1.88,0.23,40.8,0.78,16.86,0.77,40.8,0.8,20.05,0.81,25.31,0.02,0.02,2319.2515,1776234533000
1776234535.675,235.675,0.2,20.05,0.19,15.31,0.22,1.88,0.23,40.8,0.78,1.88,0.77,40.8,0.8,20.05,0.81,15.31,0.02,0.02,2319.30075,1776234534000
1776234536.537,236.537,0.2,20.05,0.19,15.31,0.22,1.88,0.23,40.8,0.78,1.88,0.77,40.8,0.8,20.05,0.81,15.31,0.02,0.02,2319.303111,1776234535000
1776234537.207,237.207,0.2,20.05,0.19,15.31,0.22,1.88,0.23,40.8,0.78,1.88,0.77,40.8,0.8,20.05,0.81,15.31,0.02,0.02,2319.303311,1776234536000
1776234537.697,237.697,0.19,15.31,0.18,148.9,0.21,44.22,0.22,22.88,0.78,1.88,0.77,40.8,0.8,20.05,0.81,15.31,0.02,0.02,2319.303311,1776234536000
1776234538.117,238.117,0.19,15.31,0.18,148.9,0.21,44.22,0.22,22.88,0.79,44.22,0.78,22.88,0.81,15.31,0.82,148.9,0.02,0.02,2319.303165,1776234537000
1776234539.427,239.427,0.19,11.6,0.18,154.51,0.21,54.22,0.22,22.88,0.79,54.22,0.78,22.88,0.81,11.6,0.82,154.51,0.02,0.02,2319.302536,1776234538000
1776234540.129,240.129,0.19,11.6,0.18,154.51,0.21,54.22,0.22,22.88,0.79,54.22,0.78,22.88,0.81,11.6,0.82,154.51,0.02,0.02,2319.302208,1776234539000
1776234540.793,240.793,0.18,101.68,0.17,33.94,0.19,15.0,0.2,29.72,0.8,29.72,0.79,37.5,0.82,117.18,0.83,38.5,0.01,0.02,2319.302208,1776234539000
1776234541.445,241.445,0.18,75.61,0.17,33.94,0.2,29.72,0.21,10.0,0.81,15.0,0.8,29.72,0.82,101.68,0.83,33.94,0.02,0.01,2319.302208,1776234539000
1776234542.302,242.302,0.15,16.8,0.14,48.08,0.17,10.0,0.18,10.0,0.8,29.72,0.79,10.0,0.82,75.61,0.83,33.94,0.02,0.02,2319.301082,1776234540000
1776234543.21,243.21,0.15,16.8,0.14,48.08,0.17,10.0,0.18,10.0,0.83,10.0,0.82,10.0,0.85,16.8,0.86,48.08,0.02,0.02,2319.299556,1776234542000
1776234544.639,244.639,0.14,15.02,0.13,41.8,0.16,20.0,0.17,103.0,0.83,10.0,0.82,10.0,0.85,16.8,0.86,48.08,0.02,0.02,2319.299556,1776234542000
1776234545.679,245.679,0.13,27.01,0.12,81.19,0.16,25.0,0.17,103.0,0.84,25.0,0.83,103.0,0.87,27.01,0.88,81.19,0.03,0.03,2319.283107,1776234544000
1776234546.51,246.51,0.13,27.01,0.12,81.19,0.16,25.0,0.17,103.0,0.84,25.0,0.83,103.0,0.87,27.01,0.88,81.19,0.03,0.03,2319.282683,1776234545000
1776234547.248,247.248,0.13,27.01,0.12,81.19,0.16,25.0,0.17,103.0,0.84,25.0,0.83,103.0,0.87,27.01,0.88,81.19,0.03,0.03,2319.277056,1776234546000
1776234547.65,247.65,0.12,47.19,0.11,101.97,0.13,17.0,0.14,20.0,0.84,25.0,0.83,103.0,0.87,27.01,0.88,81.19,0.01,0.03,2319.277056,1776234546000
1776234548.47,248.47,0.12,1.78,0.11,46.79,0.13,39.3,0.14,20.0,0.87,24.3,0.86,20.0,0.88,14.11,0.89,101.97,0.01,0.01,2319.277056,1776234546000
1776234548.794,248.794,0.11,30.96,0.1,50.0,0.13,29.45,0.14,20.0,0.87,44.3,0.86,20.0,0.89,45.39,0.9,120.0,0.02,0.02,2319.277056,1776234546000
1776234549.73,249.73,0.11,30.96,0.1,50.0,0.13,29.45,0.14,20.0,0.87,29.45,0.86,20.0,0.89,30.96,0.9,50.0,0.02,0.02,2319.254818,1776234548000
1776234550.478,250.478,0.11,30.96,0.1,50.0,0.13,29.45,0.14,20.0,0.87,29.45,0.86,20.0,0.89,30.96,0.9,50.0,0.02,0.02,2319.244294,1776234549000
1776234551.125,251.125,0.11,30.96,0.1,50.0,0.13,29.45,0.14,20.0,0.87,29.45,0.86,20.0,0.89,30.96,0.9,50.0,0.02,0.02,2319.24742,1776234550000
1776234552.573,252.573,0.11,30.96,0.1,50.0,0.13,29.45,0.14,20.0,0.87,29.45,0.86,20.0,0.89,30.96,0.9,50.0,0.02,0.02,2319.255376,1776234551000
1776234554.746,254.746,0.11,30.96,0.1,50.0,0.13,29.45,0.14,20.0,0.87,29.45,0.86,20.0,0.89,30.96,0.9,50.0,0.02,0.02,2319.255098,1776234553000
1776234555.221,255.221,0.11,30.96,0.1,50.0,0.13,29.45,0.14,20.0,0.87,29.45,0.86,20.0,0.89,30.96,0.9,50.0,0.02,0.02,2319.254465,1776234554000
1776234556.202,256.202,0.11,30.96,0.1,50.0,0.13,29.45,0.14,20.0,0.87,29.45,0.86,20.0,0.89,30.96,0.9,50.0,0.02,0.02,2319.253597,1776234555000
1776234557.24,257.24,0.12,7.83,0.11,19.18,0.13,73.22,0.14,39.77,0.87,73.22,0.86,39.77,0.88,7.83,0.89,19.18,0.01,0.01,2319.253353,1776234556000
1776234558.276,258.276,0.12,7.83,0.11,19.18,0.13,73.22,0.14,39.77,0.87,73.22,0.86,39.77,0.88,7.83,0.89,19.18,0.01,0.01,2319.253733,1776234557000
1776234559.173,259.173,0.12,7.83,0.11,19.18,0.13,73.22,0.14,39.77,0.87,73.22,0.86,39.77,0.88,7.83,0.89,19.18,0.01,0.01,2319.252505,1776234558000
1776234559.592,259.592,0.05,25.91,0.04,25.06,0.13,200.22,0.14,49.77,0.87,73.22,0.86,39.77,0.88,7.83,0.89,19.18,0.08,0.01,2319.252505,1776234558000
1776234560.011,260.011,0.05,20.91,0.04,25.06,0.06,129.37,0.07,10.0,0.94,75.15,0.93,80.0,0.95,25.91,0.96,25.06,0.01,0.01,2319.252505,1776234558000
1776234560.262,260.262,0.05,20.91,0.04,25.06,0.06,55.12,0.07,80.0,0.94,129.37,0.93,10.0,0.95,20.91,0.96,25.06,0.01,0.01,2319.307518,1776234559000
1776234560.627,260.627,0.04,25.06,0.03,96.0,0.06,41.66,0.07,80.0,0.94,41.66,0.93,80.0,0.95,8.01,0.96,25.06,0.02,0.01,2319.307518,1776234559000
1776234560.882,260.882,0.04,40.93,0.03,96.0,0.05,51.49,0.06,46.66,0.94,41.66,0.93,80.0,0.96,25.06,0.97,96.0,0.01,0.02,2319.307518,1776234559000
1776234561.155,261.155,0.04,40.93,0.03,96.0,0.05,51.49,0.06,46.66,0.95,51.49,0.94,46.66,0.96,40.93,0.97,96.0,0.01,0.01,2319.185161,1776234560000
1776234561.669,261.669,0.04,39.88,0.03,96.0,0.05,40.0,0.06,51.66,0.95,51.49,0.94,46.66,0.96,40.93,0.97,96.0,0.01,0.01,2319.185161,1776234560000
1776234562.113,262.113,0.03,87.54,0.02,556.0,0.05,45.0,0.06,51.66,0.95,45.0,0.94,51.66,0.97,87.54,0.98,556.0,0.02,0.02,2318.857154,1776234561000
1776234562.334,262.334,0.04,17.25,0.03,87.54,0.05,45.0,0.06,56.66,0.95,45.0,0.94,51.66,0.97,87.54,0.98,556.0,0.01,0.02,2318.857154,1776234561000
1776234563.065,263.065,0.04,17.25,0.03,87.54,0.05,45.0,0.06,56.66,0.95,45.0,0.94,56.66,0.96,17.25,0.97,87.54,0.01,0.01,2318.832773,1776234562000
1776234563.404,263.404,0.03,120.16,0.02,365.81,0.04,70.48,0.05,105.0,0.96,60.48,0.95,105.0,0.97,121.2,0.98,365.81,0.01,0.01,2318.832773,1776234562000
1776234563.672,263.672,0.03,110.89,0.02,365.81,0.04,70.48,0.05,105.0,0.96,70.48,0.95,105.0,0.97,120.16,0.98,365.81,0.01,0.01,2318.832773,1776234562000
1776234564.019,264.019,0.03,109.85,0.02,365.81,0.04,81.48,0.05,105.0,0.96,70.48,0.95,105.0,0.97,110.89,0.98,365.81,0.01,0.01,2318.832773,1776234562000
1776234564.868,264.868,0.03,109.85,0.02,356.0,0.04,56.48,0.05,180.8,0.96,81.48,0.95,105.0,0.97,104.85,0.98,365.81,0.01,0.01,2318.86044,1776234563000
1776234566.03,266.03,0.03,109.85,0.02,356.0,0.04,56.48,0.05,180.8,0.96,56.48,0.95,180.8,0.97,109.85,0.98,356.0,0.01,0.01,2318.729077,1776234565000
1776234566.384,266.384,0.03,235.66,0.02,770.69,0.06,98.57,0.07,110.3,0.96,56.48,0.95,180.8,0.97,109.85,0.98,356.0,0.03,0.01,2318.729077,1776234565000
1776234567.677,267.677,0.04,65.0,0.03,235.66,0.06,83.57,0.07,70.3,0.94,83.57,0.93,70.3,0.96,65.0,0.97,235.66,0.02,0.02,2318.738328,1776234566000
1776234568.066,268.066,0.05,11.84,0.04,130.99,0.07,50.55,0.08,92.67,0.94,64.05,0.93,103.29,0.95,6.84,0.96,75.0,0.02,0.01,2318.738328,1776234566000
1776234568.738,268.738,0.05,11.84,0.04,130.99,0.07,50.55,0.08,92.67,0.93,50.55,0.92,92.67,0.95,11.84,0.96,130.99,0.02,0.02,2318.88854,1776234567000
1776234569.08,269.08,0.06,23.14,0.05,6.84,0.07,77.55,0.08,93.67,0.93,72.55,0.92,68.9,0.94,33.78,0.95,6.84,0.01,0.01,2318.88854,1776234567000
1776234569.379,269.379,0.06,23.14,0.05,6.84,0.07,77.55,0.08,93.67,0.93,77.55,0.92,93.67,0.94,23.14,0.95,6.84,0.01,0.01,2319.033329,1776234568000
1776234569.973,269.973,0.06,23.14,0.05,6.84,0.07,77.55,0.08,93.67,0.93,77.55,0.92,93.67,0.94,23.14,0.95,6.84,0.01,0.01,2319.0623,1776234569000
1776234570.729,270.729,0.03,41.19,0.02,306.0,0.04,25.0,0.05,70.77,0.93,77.55,0.92,93.67,0.94,23.14,0.95,6.84,0.01,0.01,2319.0623,1776234569000
1776234570.945,270.945,0.03,12.22,0.02,306.0,0.04,228.77,0.05,58.0,0.96,208.77,0.95,58.0,0.97,32.43,0.98,306.0,0.01,0.01,2319.0623,1776234569000
1776234571.264,271.264,0.02,238.22,0.01,1572.0,0.04,228.77,0.05,58.0,0.96,228.77,0.95,58.0,0.97,7.22,0.98,306.0,0.02,0.01,2319.0623,1776234569000
1776234571.844,271.844,0.02,191.36,0.01,1572.0,0.03,183.77,0.04,80.0,0.97,15.0,0.96,228.77,0.98,141.89,0.99,1572.0,0.01,0.01,2319.0623,1776234569000
1776234572.058,272.058,0.02,190.33,0.01,1572.0,0.03,183.77,0.04,173.7,0.97,183.77,0.96,80.0,0.98,191.36,0.99,1572.0,0.01,0.01,2319.065461,1776234570000
1776234572.435,272.435,0.02,161.94,0.01,1472.0,0.03,189.08,0.04,173.7,0.97,178.77,0.96,173.7,0.98,181.94,0.99,1572.0,0.01,0.01,2319.065461,1776234570000
1776234572.772,272.772,0.02,161.94,0.01,1472.0,0.03,189.08,0.04,173.7,0.97,189.08,0.96,173.7,0.98,161.94,0.99,1472.0,0.01,0.01,2318.936576,1776234571000
1776234573.602,273.602,0.02,161.94,0.01,1472.0,0.03,189.08,0.04,173.7,0.97,189.08,0.96,173.7,0.98,161.94,0.99,1472.0,0.01,0.01,2318.448755,1776234572000
1776234573.907,273.907,0.02,118.2,0.01,1472.0,0.03,322.78,0.04,173.7,0.97,317.78,0.96,173.7,0.98,124.26,0.99,1472.0,0.01,0.01,2318.448755,1776234572000
1776234574.432,274.432,0.02,118.2,0.01,1472.0,0.03,322.78,0.04,173.7,0.97,322.78,0.96,173.7,0.98,118.2,0.99,1472.0,0.01,0.01,2318.358829,1776234573000
1776234574.68,274.68,0.02,103.74,0.01,1372.0,0.03,337.78,0.04,173.7,0.97,322.78,0.96,173.7,0.98,118.2,0.99,1472.0,0.01,0.01,2318.358829,1776234573000
1776234575.004,275.004,0.02,110.7,0.01,1372.0,0.03,337.78,0.04,173.7,0.97,337.78,0.96,173.7,0.98,103.74,0.99,1372.0,0.01,0.01,2318.358829,1776234573000
1776234576.572,276.572,0.02,94.51,0.01,1272.0,0.03,390.75,0.04,80.0,0.97,214.08,0.96,80.0,0.98,109.67,0.99,1372.0,0.01,0.01,2318.361487,1776234574000
1776234577.293,277.293,0.02,61.84,0.01,1272.0,0.03,390.75,0.04,80.0,0.97,390.75,0.96,80.0,0.98,13.39,0.99,1272.0,0.01,0.01,2318.263086,1776234575000
1776234577.639,277.639,0.02,21.84,0.01,1172.0,0.03,395.75,0.04,80.0,0.97,390.75,0.96,80.0,0.98,61.84,0.99,1272.0,0.01,0.01,2318.245183,1776234576000
1776234578.056,278.056,0.02,21.84,0.01,1172.0,0.03,395.75,0.04,80.0,0.97,395.75,0.96,80.0,0.98,21.84,0.99,1172.0,0.01,0.01,2318.244042,1776234577000
1776234578.291,278.291,0.01,1121.49,,,0.02,151.6,0.03,293.98,0.97,395.75,0.96,80.0,0.98,21.84,0.99,1172.0,0.01,0.01,2318.244042,1776234577000
1776234579.605,279.605,0.01,1215.49,,,0.02,384.25,0.03,111.31,0.98,151.6,0.97,293.98,0.99,1121.49,,,0.01,0.01,2318.244042,1776234577000
1776234580.151,280.151,0.01,1179.17,,,0.02,384.25,0.03,106.31,0.98,384.25,0.97,111.31,0.99,1215.49,,,0.01,0.01,2318.259882,1776234578000
1776234580.452,280.452,0.01,1179.17,,,0.02,384.25,0.03,106.31,0.98,384.25,0.97,106.31,0.99,1179.17,,,0.01,0.01,2318.226889,1776234579000
1776234581.253,281.253,0.01,1179.17,,,0.02,384.25,0.03,106.31,0.98,384.25,0.97,106.31,0.99,1179.17,,,0.01,0.01,2318.20838,1776234580000
1776234582.877,282.877,0.01,1179.17,,,0.02,384.25,0.03,106.31,0.98,384.25,0.97,106.31,0.99,1179.17,,,0.01,0.01,2318.207931,1776234581000
1776234583.671,283.671,0.01,1179.17,,,0.02,384.25,0.03,106.31,0.98,384.25,0.97,106.31,0.99,1179.17,,,0.01,0.01,2318.20897,1776234582000
1776234584.284,284.284,0.01,1179.17,,,0.02,384.25,0.03,106.31,0.98,384.25,0.97,106.31,0.99,1179.17,,,0.01,0.01,2318.2107,1776234583000
1776234584.595,284.595,0.01,978.77,,,0.02,220.99,0.03,101.31,0.98,384.25,0.97,106.31,0.99,1179.17,,,0.01,0.01,2318.2107,1776234583000
1776234584.939,284.939,0.01,777.77,,,0.02,220.99,0.03,89.31,0.98,220.99,0.97,101.31,0.99,978.77,,,0.01,0.01,2318.2107,1776234583000
1776234585.158,285.158,0.01,260.77,,,0.02,220.99,0.03,89.31,0.98,220.99,0.97,89.31,0.99,260.77,,,0.01,0.01,2318.246945,1776234584000
1776234585.683,285.683,,,,,0.01,797.21,0.02,220.99,0.99,748.23,0.98,225.99,,,,,,,2318.246945,1776234584000
1776234586.11,286.11,,,,,0.01,792.37,0.02,220.99,0.99,797.21,0.98,220.99,,,,,,,2318.246945,1776234584000
1776234586.734,286.734,,,,,0.01,792.37,0.02,220.99,0.99,792.37,0.98,220.99,,,,,,,2318.24985,1776234585000
1776234587.829,287.829,,,,,0.01,792.37,0.02,220.99,0.99,792.37,0.98,220.99,,,,,,,2318.2257,1776234586000
1776234588.293,288.293,,,,,0.01,792.37,0.02,220.99,0.99,792.37,0.98,220.99,,,,,,,2318.2257,1776234587000
1776234588.881,288.881,,,,,0.01,792.37,0.02,220.99,0.99,792.37,0.98,220.99,,,,,,,2318.2206,1776234588000
1776234590.24,290.24,,,,,0.01,792.37,0.02,220.99,0.99,792.37,0.98,220.99,,,,,,,2318.218766,1776234589000
1776234591.287,291.287,,,,,0.01,792.37,0.02,220.99,0.99,792.37,0.98,220.99,,,,,,,2318.2206,1776234590000
1776234592.22,292.22,,,,,0.01,792.37,0.02,220.99,0.99,792.37,0.98,220.99,,,,,,,2318.2274,1776234591000
1776234593.152,293.152,,,,,0.01,792.37,0.02,220.99,0.99,792.37,0.98,220.99,,,,,,,2318.2667,1776234592000
1776234594.194,294.194,,,,,0.01,792.37,0.02,220.99,0.99,792.37,0.98,220.99,,,,,,,2318.27125,1776234593000
1776234595.195,295.195,,,,,0.01,792.37,0.02,220.99,0.99,792.37,0.98,220.99,,,,,,,2318.2712,1776234594000
1776234596.196,296.196,,,,,0.01,792.37,0.02,220.99,0.99,792.37,0.98,220.99,,,,,,,2318.2565,1776234595000
1776234597.194,297.194,,,,,0.01,792.37,0.02,220.99,0.99,792.37,0.98,220.99,,,,,,,2318.2615,1776234596000
1776234598.147,298.147,,,,,0.01,792.37,0.02,220.99,0.99,792.37,0.98,220.99,,,,,,,2318.26115,1776234597000
1776234599.11,299.11,,,,,0.01,792.37,0.02,220.99,0.99,792.37,0.98,220.99,,,,,,,2318.28605,1776234598000
1776234600.783,300.783,,,,,0.01,792.37,0.02,220.99,0.99,792.37,0.98,220.99,,,,,,,2318.179714,1776234599000

# RESULT,winner=Down,slug=eth-updown-5m-1776234300,ticks=424
