timestamp,elapsed_sec,up_bid_p1,up_bid_s1,up_bid_p2,up_bid_s2,up_ask_p1,up_ask_s1,up_ask_p2,up_ask_s2,down_bid_p1,down_bid_s1,down_bid_p2,down_bid_s2,down_ask_p1,down_ask_s1,down_ask_p2,down_ask_s2,up_spread,down_spread,eth_price,eth_oracle_ts
1776295801.348,1.348,0.52,5.0,0.51,15.0,0.54,1.52,0.55,29.0,0.46,150.96,0.45,5.0,0.48,5.0,0.49,15.0,0.02,0.02,2356.350515,1776295800000
1776295801.976,1.976,0.51,15.0,0.5,20.0,0.54,10.66,0.55,29.0,0.46,12.52,0.45,29.0,0.49,15.0,0.5,20.0,0.03,0.03,2356.350515,1776295800000
1776295803.513,3.513,0.52,30.0,0.51,30.0,0.53,5.0,0.54,15.66,0.46,10.66,0.45,29.0,0.49,15.0,0.5,20.0,0.01,0.03,2356.343117,1776295801000
1776295804.867,4.867,0.52,48.0,0.51,59.0,0.53,2.92,0.54,30.66,0.47,5.0,0.46,15.66,0.48,30.0,0.49,30.0,0.01,0.01,2356.485648,1776295803000
1776295809.228,9.228,0.54,20.0,0.53,48.0,0.55,3.18,0.56,20.0,0.47,2.92,0.46,30.66,0.48,48.0,0.49,59.0,0.01,0.01,2356.507178,1776295808000
1776295809.474,9.474,0.55,15.0,0.54,20.0,0.56,20.0,0.57,23.0,0.45,3.18,0.44,20.0,0.46,20.0,0.47,48.0,0.01,0.01,2356.507178,1776295808000
1776295811.119,11.119,0.55,93.27,0.54,20.0,0.56,35.5,0.57,28.0,0.44,20.0,0.43,23.0,0.45,15.0,0.46,20.0,0.01,0.01,2356.547557,1776295810000
1776295813.518,13.518,0.55,77.77,0.54,30.5,0.56,28.66,0.57,28.0,0.44,35.5,0.43,28.0,0.45,93.27,0.46,20.0,0.01,0.01,2356.566075,1776295812000
1776295814.114,14.114,0.62,15.0,0.61,10.0,0.63,5.0,0.64,11.0,0.44,28.66,0.43,28.0,0.45,77.77,0.46,30.5,0.01,0.01,2356.58134,1776295813000
1776295814.329,14.329,0.63,13.1,0.62,15.0,0.65,16.0,0.68,10.0,0.36,9.72,0.35,11.0,0.38,15.0,0.39,15.0,0.02,0.02,2356.58134,1776295813000
1776295814.842,14.842,0.73,7.96,0.72,10.0,0.74,14.0,0.77,10.0,0.35,16.0,0.32,10.0,0.38,11.17,0.39,15.0,0.01,0.03,2356.58134,1776295813000
1776295815.15,15.15,0.73,2.96,0.72,15.0,0.74,6.8,0.76,60.0,0.26,8.29,0.24,10.0,0.27,2.96,0.28,15.0,0.01,0.01,2356.58134,1776295813000
1776295815.392,15.392,0.72,7.07,0.71,12.96,0.74,11.8,0.75,5.0,0.26,11.8,0.24,60.0,0.29,12.96,0.3,10.0,0.02,0.03,2356.571685,1776295814000
1776295815.776,15.776,0.73,10.0,0.72,7.07,0.74,7.05,0.75,15.0,0.26,11.8,0.25,5.0,0.28,7.07,0.29,12.96,0.01,0.02,2356.571685,1776295814000
1776295816.033,16.033,0.71,0.09,0.7,10.0,0.74,2.05,0.75,15.0,0.26,7.05,0.25,15.0,0.28,4.53,0.29,12.96,0.03,0.02,2356.571685,1776295814000
1776295816.679,16.679,0.65,2.0,0.59,5.0,0.66,5.0,0.71,67.24,0.26,2.05,0.25,15.0,0.29,0.09,0.3,10.0,0.01,0.03,2356.571685,1776295814000
1776295816.999,16.999,0.55,25.0,0.53,11.32,0.66,50.0,0.69,16.12,0.34,5.0,0.29,67.24,0.35,2.0,0.42,11.0,0.11,0.01,2357.079535,1776295815000
1776295817.432,17.432,0.55,20.0,0.53,11.32,0.56,5.0,0.57,10.0,0.34,50.0,0.29,60.0,0.45,25.0,0.47,11.32,0.01,0.11,2357.079535,1776295815000
1776295817.854,17.854,0.55,25.0,0.53,11.32,0.58,20.94,0.59,10.0,0.44,10.0,0.43,10.0,0.45,30.0,0.47,11.32,0.03,0.01,2357.46316,1776295816000
1776295818.319,18.319,0.53,11.32,0.52,21.0,0.56,10.0,0.57,10.0,0.44,5.0,0.43,10.0,0.45,25.0,0.47,11.32,0.03,0.01,2357.239359,1776295817000
1776295818.601,18.601,0.53,11.32,0.52,21.0,0.54,3.98,0.55,10.0,0.43,10.0,0.42,20.0,0.47,11.32,0.48,21.0,0.01,0.04,2357.239359,1776295817000
1776295818.879,18.879,0.54,11.0,0.53,16.32,0.55,3.47,0.56,10.0,0.45,7.47,0.44,10.0,0.47,16.32,0.48,21.0,0.01,0.02,2357.239359,1776295817000
1776295820.905,20.905,0.54,26.5,0.53,66.32,0.55,17.54,0.56,15.0,0.45,10.0,0.44,10.0,0.46,11.0,0.47,16.32,0.01,0.01,2356.529245,1776295819000
1776295823.084,23.084,0.54,10.5,0.53,55.0,0.55,58.54,0.56,62.0,0.45,17.54,0.44,15.0,0.46,26.5,0.47,66.32,0.01,0.01,2356.502625,1776295822000
1776295823.343,23.343,0.54,10.5,0.53,65.0,0.55,22.0,0.56,60.0,0.45,31.0,0.44,72.0,0.46,15.5,0.47,65.0,0.01,0.01,2356.502625,1776295822000
1776295824.801,24.801,0.55,52.5,0.54,20.5,0.56,62.0,0.57,54.5,0.44,134.0,0.43,49.5,0.45,6.0,0.46,20.5,0.01,0.01,2356.470347,1776295823000
1776295826.123,26.123,0.54,20.5,0.53,75.0,0.56,46.0,0.57,43.5,0.44,62.0,0.43,54.5,0.45,52.5,0.46,20.5,0.02,0.01,2356.470918,1776295824000
1776295828.807,28.807,0.52,25.5,0.51,50.0,0.54,27.0,0.55,38.5,0.44,46.0,0.43,43.5,0.46,20.5,0.47,75.0,0.02,0.02,2356.49148,1776295827000
1776295830.065,30.065,0.51,32.02,0.5,90.61,0.52,1.0,0.53,37.0,0.47,26.0,0.46,47.0,0.48,0.5,0.49,6.52,0.01,0.01,2356.500313,1776295828000
1776295831.427,31.427,0.53,110.5,0.52,200.5,0.58,70.5,0.6,25.0,0.47,31.0,0.46,38.0,0.49,56.61,0.5,95.61,0.05,0.02,2356.43995,1776295830000
1776295831.665,31.665,0.56,15.0,0.55,10.0,0.57,1.89,0.58,35.5,0.43,6.89,0.42,70.5,0.45,9.09,0.47,105.0,0.01,0.02,2356.43995,1776295830000
1776295831.887,31.887,0.57,10.0,0.56,10.0,0.58,33.11,0.59,5.0,0.42,38.39,0.4,35.0,0.43,10.0,0.44,10.0,0.01,0.01,2356.43995,1776295830000
1776295832.123,32.123,0.57,10.0,0.56,10.0,0.58,25.95,0.59,15.0,0.42,33.11,0.41,5.0,0.43,10.0,0.44,10.0,0.01,0.01,2356.45398,1776295831000
1776295832.509,32.509,0.52,10.0,0.51,17.0,0.56,7.0,0.57,20.0,0.42,25.95,0.41,15.0,0.43,5.95,0.44,10.0,0.04,0.01,2356.45398,1776295831000
1776295834.809,34.809,0.56,4.0,0.55,10.0,0.57,46.0,0.58,22.39,0.44,0.07,0.43,15.0,0.46,10.0,0.47,10.0,0.01,0.02,2356.611218,1776295833000
1776295839.448,39.448,0.55,27.0,0.54,69.5,0.56,10.0,0.57,15.0,0.43,36.0,0.42,22.39,0.45,2.0,0.46,32.0,0.01,0.02,2356.586763,1776295838000
1776295841.09,41.09,0.55,14.77,0.54,52.0,0.56,10.68,0.57,47.5,0.44,10.0,0.43,15.0,0.45,27.0,0.46,69.5,0.01,0.01,2356.612756,1776295840000
1776295841.299,41.299,0.55,25.0,0.54,20.0,0.56,15.68,0.57,47.5,0.44,10.68,0.43,47.5,0.45,14.77,0.46,52.0,0.01,0.01,2356.612756,1776295840000
1776295842.282,42.282,0.55,30.0,0.54,20.0,0.56,0.68,0.57,36.5,0.44,15.68,0.43,47.5,0.45,25.0,0.46,20.0,0.01,0.01,2356.60445,1776295841000
1776295843.614,43.614,0.55,19.0,0.54,59.0,0.56,16.68,0.57,36.5,0.44,0.68,0.43,36.5,0.45,30.0,0.46,20.0,0.01,0.01,2356.577197,1776295842000
1776295844.266,44.266,0.55,52.0,0.54,25.0,0.59,10.0,0.6,70.0,0.44,11.68,0.43,36.5,0.45,8.0,0.46,59.0,0.04,0.01,2356.606571,1776295843000
1776295844.991,44.991,0.58,19.64,0.57,10.0,0.6,10.0,0.61,120.0,0.41,10.0,0.4,70.0,0.45,52.0,0.46,25.0,0.02,0.04,2356.606571,1776295843000
1776295845.476,45.476,0.58,15.0,0.57,20.0,0.59,18.3,0.6,67.0,0.4,10.0,0.39,120.0,0.42,19.64,0.43,10.0,0.01,0.02,2356.622198,1776295844000
1776295845.856,45.856,0.58,20.0,0.57,20.0,0.59,18.8,0.6,51.5,0.41,18.3,0.4,67.0,0.42,15.0,0.43,20.0,0.01,0.01,2356.622198,1776295844000
1776295846.169,46.169,0.58,13.57,0.57,20.0,0.59,27.22,0.6,51.5,0.41,16.22,0.4,51.5,0.42,20.0,0.43,20.0,0.01,0.01,2356.622198,1776295844000
1776295846.454,46.454,0.58,7.57,0.57,25.0,0.59,49.22,0.6,51.5,0.41,27.22,0.4,51.5,0.42,13.57,0.43,20.0,0.01,0.01,2356.683969,1776295845000
1776295847.043,47.043,0.57,10.57,0.56,52.0,0.58,21.0,0.59,44.22,0.41,54.22,0.4,51.5,0.43,5.57,0.44,15.0,0.01,0.02,2356.798765,1776295846000
1776295847.514,47.514,0.58,5.0,0.57,15.57,0.59,4.1,0.6,51.5,0.41,4.1,0.4,46.5,0.43,10.57,0.44,52.0,0.01,0.02,2356.798765,1776295846000
1776295848.4,48.4,0.58,48.61,0.57,20.57,0.59,15.5,0.6,46.5,0.41,4.1,0.4,51.5,0.42,5.0,0.43,15.57,0.01,0.01,2356.803096,1776295847000
1776295850.263,50.263,0.61,65.0,0.6,34.0,0.63,76.5,0.64,41.0,0.41,10.5,0.4,46.5,0.42,41.0,0.43,20.57,0.02,0.01,2356.795716,1776295849000
1776295850.766,50.766,0.6,11.0,0.59,50.0,0.62,56.0,0.63,56.5,0.37,76.5,0.36,41.0,0.39,65.0,0.4,34.0,0.02,0.02,2356.795716,1776295849000
1776295851.72,51.72,0.58,75.0,0.57,25.5,0.59,40.91,0.6,41.5,0.38,56.0,0.37,56.5,0.4,11.0,0.41,50.0,0.01,0.02,2356.939484,1776295850000
1776295852.307,52.307,0.58,90.5,0.57,25.5,0.59,8.67,0.6,41.5,0.41,40.91,0.4,41.5,0.42,75.0,0.43,25.5,0.01,0.01,2356.975976,1776295851000
1776295853.507,53.507,0.61,25.0,0.6,91.5,0.62,10.5,0.63,25.5,0.41,8.67,0.4,41.5,0.42,90.5,0.43,25.5,0.01,0.01,2356.833386,1776295852000
1776295854.915,54.915,0.62,86.0,0.61,81.5,0.64,5.0,0.65,35.0,0.38,10.5,0.37,25.5,0.39,25.0,0.4,91.5,0.02,0.01,2356.992707,1776295854000
1776295857.125,57.125,0.62,31.0,0.61,46.0,0.64,52.38,0.65,50.0,0.36,5.0,0.35,35.0,0.38,86.0,0.39,81.5,0.02,0.02,2357.018039,1776295856000
1776295857.376,57.376,0.62,81.0,0.61,46.0,0.64,52.38,0.65,65.0,0.36,47.38,0.35,50.0,0.38,31.0,0.39,46.0,0.02,0.02,2357.018039,1776295856000
1776295857.833,57.833,0.62,33.36,0.61,66.0,0.63,41.5,0.64,77.5,0.36,52.38,0.35,65.0,0.38,81.0,0.39,46.0,0.01,0.02,2357.099625,1776295857000
1776295858.062,58.062,0.62,33.36,0.61,66.0,0.63,19.75,0.64,77.5,0.37,41.5,0.36,77.5,0.38,33.36,0.39,66.0,0.01,0.01,2357.099625,1776295857000
1776295860.588,60.588,0.62,114.36,0.61,71.5,0.63,4.75,0.64,30.5,0.37,19.75,0.36,77.5,0.38,33.36,0.39,66.0,0.01,0.01,2356.955924,1776295859000
1776295861.751,61.751,0.63,121.0,0.62,79.86,0.65,0.03,0.66,46.0,0.36,30.25,0.35,57.0,0.38,114.36,0.39,71.5,0.02,0.02,2356.961852,1776295860000
1776295862.783,62.783,0.65,78.98,0.64,25.0,0.66,73.17,0.67,205.0,0.35,0.03,0.34,46.0,0.37,121.0,0.38,79.86,0.01,0.02,2357.009845,1776295861000
1776295868.056,68.056,0.66,9.0,0.65,7.98,0.67,169.5,0.68,133.95,0.34,73.17,0.33,205.0,0.35,78.98,0.36,25.0,0.01,0.01,2357.173382,1776295866000
1776295868.418,68.418,0.62,65.0,0.61,85.5,0.64,10.0,0.65,49.52,0.35,45.52,0.34,35.5,0.38,60.5,0.39,85.5,0.02,0.03,2357.186871,1776295867000
1776295869.322,69.322,0.62,70.0,0.61,85.5,0.65,63.52,0.66,75.5,0.36,10.0,0.35,49.52,0.38,65.0,0.39,85.5,0.03,0.02,2357.186871,1776295867000
1776295870.766,70.766,0.63,10.0,0.62,20.0,0.64,27.0,0.65,73.52,0.35,63.52,0.34,75.5,0.38,70.0,0.39,85.5,0.01,0.03,2357.069535,1776295869000
1776295871.499,71.499,0.63,25.0,0.62,30.5,0.64,18.0,0.65,63.52,0.36,27.0,0.35,73.52,0.37,10.0,0.38,20.0,0.01,0.01,2357.053745,1776295870000
1776295873.187,73.187,0.63,6.75,0.62,45.5,0.64,33.55,0.65,63.52,0.36,23.0,0.35,63.52,0.38,25.5,0.39,85.5,0.01,0.02,2357.05842,1776295872000
1776295873.823,73.823,0.62,35.5,0.61,85.5,0.63,6.25,0.64,33.55,0.36,33.55,0.35,63.52,0.37,6.75,0.38,45.5,0.01,0.01,2357.05842,1776295872000
1776295874.152,74.152,0.62,100.5,0.61,139.5,0.65,9.0,0.66,10.0,0.37,1.25,0.36,33.55,0.38,35.5,0.39,85.5,0.03,0.01,2357.05842,1776295872000
1776295874.48,74.48,0.66,5.0,0.65,40.0,0.67,104.5,0.68,60.0,0.34,8.17,0.33,109.5,0.35,20.0,0.36,25.0,0.01,0.01,2357.022721,1776295873000
1776295883.421,83.421,0.67,19.0,0.62,15.0,0.68,225.5,0.69,155.5,0.33,114.5,0.32,60.0,0.34,1.47,0.35,35.0,0.01,0.01,2357.189155,1776295882000
1776295883.655,83.655,0.6,12.4,0.59,75.0,0.61,140.5,0.62,25.5,0.39,70.5,0.38,25.5,0.4,9.9,0.41,75.0,0.01,0.01,2357.189155,1776295882000
1776295884.188,84.188,0.57,75.0,0.56,80.0,0.58,4.82,0.59,100.5,0.39,140.5,0.38,30.5,0.41,25.0,0.42,150.0,0.01,0.02,2357.189155,1776295882000
1776295884.42,84.42,0.55,165.5,0.54,85.0,0.56,45.0,0.57,23.0,0.43,3.0,0.42,24.82,0.44,5.0,0.45,190.5,0.01,0.01,2357.167463,1776295883000
1776295885.582,85.582,0.54,75.0,0.52,25.0,0.56,90.0,0.57,94.65,0.44,45.0,0.43,23.0,0.45,165.5,0.46,85.0,0.02,0.01,2356.91085,1776295884000
1776295886.441,86.441,0.51,50.0,0.5,160.0,0.53,24.0,0.54,25.0,0.44,90.0,0.43,94.65,0.46,75.0,0.48,25.0,0.02,0.02,2356.91085,1776295884000
1776295887.266,87.266,0.51,9.5,0.5,165.0,0.52,30.0,0.53,40.0,0.47,24.0,0.46,25.0,0.49,50.0,0.5,160.0,0.01,0.02,2356.42054,1776295886000
1776295887.614,87.614,0.5,163.4,0.49,185.0,0.52,46.0,0.53,40.0,0.48,30.0,0.47,40.0,0.49,9.5,0.5,165.0,0.02,0.01,2356.42054,1776295886000
1776295890.92,90.92,0.56,107.5,0.55,76.5,0.57,5.0,0.58,5.0,0.48,46.0,0.47,40.0,0.5,163.4,0.51,185.0,0.01,0.02,2356.351847,1776295889000
1776295893.184,93.184,0.5,63.4,0.49,190.0,0.51,10.0,0.52,80.0,0.43,5.0,0.42,5.0,0.44,107.5,0.45,76.5,0.01,0.01,2356.613289,1776295892000
1776295894.433,94.433,0.47,2.76,0.46,36.0,0.48,99.0,0.49,89.3,0.49,10.0,0.48,60.0,0.51,190.0,0.52,45.0,0.01,0.02,2356.505608,1776295893000
1776295895.093,95.093,0.45,96.0,0.44,75.0,0.47,79.0,0.48,104.0,0.52,99.0,0.51,89.3,0.53,2.76,0.54,36.0,0.02,0.01,2356.505608,1776295893000
1776295899.417,99.417,0.45,10.5,0.44,75.0,0.46,85.13,0.47,95.0,0.53,79.0,0.52,104.0,0.55,96.0,0.56,75.0,0.01,0.02,2356.079489,1776295898000
1776295901.516,101.516,0.45,10.5,0.44,50.0,0.46,75.13,0.47,95.0,0.54,85.13,0.53,95.0,0.55,10.5,0.56,75.0,0.01,0.01,2356.062331,1776295900000
1776295902.456,102.456,0.45,10.5,0.44,50.0,0.46,79.65,0.47,65.0,0.54,75.13,0.53,95.0,0.55,10.5,0.56,50.0,0.01,0.01,2356.07465,1776295901000
1776295902.888,102.888,0.45,10.5,0.44,50.0,0.46,71.67,0.47,65.0,0.54,79.65,0.53,65.0,0.55,10.5,0.56,50.0,0.01,0.01,2356.07465,1776295901000
1776295903.162,103.162,0.45,10.5,0.44,55.0,0.46,66.67,0.47,65.0,0.54,71.67,0.53,65.0,0.55,10.5,0.56,50.0,0.01,0.01,2356.07465,1776295901000
1776295903.744,103.744,0.45,10.5,0.44,55.0,0.46,65.0,0.47,65.0,0.54,66.67,0.53,65.0,0.55,10.5,0.56,55.0,0.01,0.01,2356.081095,1776295902000
1776295904.295,104.295,0.45,10.5,0.44,55.0,0.46,34.78,0.47,65.0,0.54,65.0,0.53,65.0,0.55,10.5,0.56,55.0,0.01,0.01,2356.074265,1776295903000
1776295905.424,105.424,0.43,3.94,0.42,85.0,0.44,100.0,0.45,99.0,0.54,34.78,0.53,65.0,0.55,10.5,0.56,55.0,0.01,0.01,2356.049994,1776295904000
1776295913.887,113.887,0.41,50.5,0.4,123.0,0.42,49.38,0.43,86.06,0.57,7.06,0.56,100.0,0.58,85.0,0.59,30.0,0.01,0.01,2355.960466,1776295912000
1776295914.263,114.263,0.4,4.5,0.39,90.0,0.41,67.0,0.42,45.0,0.58,49.38,0.57,86.06,0.59,50.5,0.6,123.0,0.01,0.01,2355.960466,1776295912000
1776295914.69,114.69,0.39,10.5,0.38,145.83,0.4,88.0,0.41,72.0,0.59,97.0,0.58,45.0,0.61,69.0,0.62,84.0,0.01,0.02,2355.899546,1776295913000
1776295916.281,116.281,0.39,19.03,0.38,89.0,0.4,58.0,0.41,37.0,0.6,88.0,0.59,72.0,0.61,10.5,0.62,145.83,0.01,0.01,2355.864264,1776295915000
1776295917.511,117.511,0.39,18.86,0.38,89.0,0.4,84.39,0.41,28.0,0.6,58.0,0.59,37.0,0.61,19.03,0.62,89.0,0.01,0.01,2355.853157,1776295916000
1776295920.762,120.762,0.39,18.17,0.38,79.0,0.4,119.89,0.41,43.5,0.6,84.39,0.59,28.0,0.61,18.86,0.62,89.0,0.01,0.01,2355.924154,1776295919000
1776295921.454,121.454,0.38,17.19,0.37,54.0,0.39,57.0,0.4,61.54,0.6,119.89,0.59,43.5,0.61,16.1,0.62,79.0,0.01,0.01,2355.923463,1776295920000
1776295923.124,123.124,0.37,9.0,0.36,49.0,0.38,144.5,0.39,135.15,0.61,62.0,0.6,61.54,0.62,5.36,0.63,54.0,0.01,0.01,2355.807396,1776295921000
1776295923.994,123.994,0.27,3.0,0.26,22.0,0.31,149.5,0.32,43.5,0.62,144.5,0.61,135.15,0.63,9.0,0.64,49.0,0.04,0.01,2355.743471,1776295922000
1776295924.284,124.284,0.25,29.0,0.24,24.7,0.27,47.0,0.28,10.0,0.72,22.0,0.71,10.0,0.74,15.0,0.75,22.0,0.02,0.02,2355.743471,1776295922000
1776295925.875,125.875,0.25,47.67,0.24,25.0,0.26,92.0,0.27,83.65,0.73,47.0,0.72,10.0,0.75,29.0,0.76,24.7,0.01,0.02,2355.709681,1776295924000
1776295926.733,126.733,0.25,50.94,0.24,20.0,0.26,53.15,0.27,83.65,0.74,83.15,0.73,83.65,0.75,47.67,0.76,25.0,0.01,0.01,2355.116958,1776295925000
1776295928.215,128.215,0.25,20.85,0.24,20.0,0.26,88.47,0.27,88.65,0.74,74.15,0.73,83.65,0.75,39.02,0.76,20.0,0.01,0.01,2355.087444,1776295926000
1776295929.514,129.514,0.25,4.33,0.24,83.49,0.26,148.47,0.27,58.65,0.74,88.47,0.73,88.65,0.75,20.85,0.76,20.0,0.01,0.01,2355.05194,1776295928000
1776295931.39,131.39,0.23,104.63,0.22,53.0,0.24,20.0,0.25,115.65,0.74,148.47,0.73,58.65,0.75,4.33,0.76,83.49,0.01,0.01,2355.075662,1776295930000
1776295931.696,131.696,0.23,122.63,0.22,42.0,0.24,30.0,0.25,83.65,0.76,19.62,0.75,83.65,0.77,148.63,0.78,42.0,0.01,0.01,2355.075662,1776295930000
1776295932.053,132.053,0.23,44.5,0.22,31.5,0.24,45.0,0.25,88.65,0.76,25.0,0.75,83.65,0.77,99.14,0.78,42.0,0.01,0.01,2355.062089,1776295931000
1776295933.407,133.407,0.23,27.65,0.22,31.5,0.24,80.0,0.25,58.65,0.76,45.0,0.75,88.65,0.77,44.5,0.78,31.5,0.01,0.01,2355.021308,1776295932000
1776295936.23,136.23,0.21,10.5,0.2,39.5,0.24,149.65,0.25,63.0,0.76,80.0,0.75,58.65,0.77,27.65,0.78,31.5,0.03,0.01,2354.955511,1776295934000
1776295937.212,137.212,0.2,64.22,0.19,55.4,0.22,31.0,0.23,31.0,0.76,149.65,0.75,63.0,0.79,10.5,0.8,39.5,0.02,0.03,2354.979185,1776295935000
1776295937.487,137.487,0.2,53.72,0.19,28.4,0.21,9.5,0.22,91.0,0.78,31.0,0.77,31.0,0.8,64.22,0.81,55.4,0.01,0.02,2354.9171,1776295936000
1776295939.228,139.228,0.25,34.0,0.24,25.0,0.26,5.23,0.27,10.0,0.79,9.5,0.78,91.0,0.8,53.72,0.81,28.4,0.01,0.01,2354.931606,1776295937000
1776295939.595,139.595,0.25,67.0,0.24,52.0,0.27,9.62,0.28,46.65,0.71,20.5,0.7,15.0,0.75,44.0,0.76,25.0,0.02,0.04,2354.907433,1776295938000
1776295939.915,139.915,0.26,77.0,0.25,29.4,0.28,43.29,0.29,30.5,0.72,46.65,0.71,30.5,0.75,29.4,0.76,52.0,0.02,0.03,2354.907433,1776295938000
1776295940.504,140.504,0.26,58.0,0.25,29.4,0.28,20.11,0.29,40.5,0.72,43.29,0.71,30.5,0.74,77.0,0.75,29.4,0.02,0.02,2354.911536,1776295939000
1776295940.724,140.724,0.26,55.0,0.25,40.4,0.28,45.26,0.29,40.5,0.72,20.11,0.71,40.5,0.74,58.0,0.75,29.4,0.02,0.02,2354.911536,1776295939000
1776295941.284,141.284,0.26,63.0,0.25,42.0,0.28,9.9,0.29,50.61,0.72,45.26,0.71,40.5,0.74,55.0,0.75,40.4,0.02,0.02,2354.911536,1776295939000
1776295941.676,141.676,0.27,37.81,0.26,76.0,0.28,109.1,0.29,65.61,0.71,50.61,0.7,10.0,0.74,73.0,0.75,42.0,0.01,0.03,2355.2119,1776295940000
1776295943.533,143.533,0.27,37.81,0.26,82.17,0.28,82.15,0.29,50.61,0.72,99.52,0.71,65.61,0.73,32.81,0.74,76.0,0.01,0.01,2355.2061,1776295941000
1776295944.016,144.016,0.27,125.72,0.26,81.0,0.28,12.05,0.29,35.35,0.72,82.15,0.71,50.61,0.73,37.81,0.74,82.17,0.01,0.01,2355.23013,1776295942000
1776295944.411,144.411,0.3,80.0,0.29,25.0,0.31,60.1,0.33,15.5,0.7,2.63,0.69,65.1,0.72,26.0,0.73,112.55,0.01,0.02,2355.23013,1776295943000
1776295945.111,145.111,0.3,142.17,0.29,44.0,0.32,0.25,0.33,10.5,0.69,60.1,0.67,15.5,0.7,80.0,0.71,25.0,0.02,0.01,2355.233135,1776295944000
1776295945.766,145.766,0.32,60.69,0.31,20.17,0.33,43.14,0.34,20.5,0.67,10.5,0.66,60.5,0.7,142.17,0.71,44.0,0.01,0.03,2355.233135,1776295944000
1776295946.017,146.017,0.32,42.13,0.31,25.17,0.33,48.14,0.34,20.5,0.67,43.14,0.66,20.5,0.68,60.69,0.69,20.17,0.01,0.01,2355.233135,1776295944000
1776295946.99,146.99,0.32,18.83,0.31,15.0,0.33,143.09,0.34,20.5,0.67,48.14,0.66,20.5,0.68,42.13,0.69,25.17,0.01,0.01,2355.414899,1776295945000
1776295947.491,147.491,0.3,10.0,0.29,5.0,0.33,328.08,0.34,70.5,0.67,143.09,0.66,20.5,0.68,18.83,0.69,15.0,0.03,0.01,2355.4622,1776295946000
1776295948.661,148.661,0.29,4.56,0.27,50.0,0.3,121.14,0.31,98.49,0.69,54.5,0.68,26.5,0.71,34.0,0.73,53.3,0.01,0.02,2355.474965,1776295947000
1776295949.761,149.761,0.29,4.56,0.27,50.0,0.3,110.94,0.31,93.49,0.7,121.14,0.69,98.49,0.71,4.56,0.73,50.0,0.01,0.01,2355.452,1776295948000
1776295950.423,150.423,0.29,64.65,0.27,75.0,0.3,83.64,0.31,37.5,0.7,110.94,0.69,93.49,0.71,4.56,0.73,50.0,0.01,0.01,2355.328663,1776295949000
1776295950.883,150.883,0.29,55.42,0.28,5.0,0.3,83.64,0.31,37.5,0.7,83.64,0.69,37.5,0.71,64.65,0.73,75.0,0.01,0.01,2355.328663,1776295949000
1776295951.338,151.338,0.29,42.6,0.28,5.0,0.3,93.64,0.31,26.5,0.7,83.64,0.69,26.5,0.71,50.42,0.72,5.0,0.01,0.01,2355.328663,1776295949000
1776295952.6,152.6,0.29,44.05,0.28,5.0,0.3,98.64,0.31,31.5,0.7,93.64,0.69,26.5,0.71,42.6,0.72,5.0,0.01,0.01,2355.320705,1776295951000
1776295953.057,153.057,0.29,39.82,0.28,5.0,0.3,93.64,0.31,31.5,0.7,98.64,0.69,31.5,0.71,44.05,0.72,5.0,0.01,0.01,2355.356587,1776295952000
1776295953.331,153.331,0.29,33.41,0.28,5.0,0.3,98.64,0.31,31.5,0.7,93.64,0.69,31.5,0.71,39.82,0.72,5.0,0.01,0.01,2355.356587,1776295952000
1776295955.109,155.109,0.29,20.53,0.28,5.0,0.3,109.14,0.31,31.5,0.7,98.64,0.69,31.5,0.71,33.41,0.72,5.0,0.01,0.01,2355.35963,1776295954000
1776295956.702,156.702,0.28,179.94,0.27,117.44,0.29,6.95,0.35,46.0,0.7,109.14,0.69,31.5,0.71,20.53,0.72,5.0,0.01,0.01,2355.478117,1776295955000
1776295961.689,161.689,0.34,62.0,0.33,15.0,0.35,46.5,0.36,49.96,0.65,6.0,0.64,15.0,0.66,16.0,0.67,10.0,0.01,0.01,2355.643903,1776295960000
1776295963.04,163.04,0.34,9.0,0.33,5.0,0.35,51.5,0.36,56.96,0.65,46.5,0.64,49.96,0.66,62.0,0.67,15.0,0.01,0.01,2355.655676,1776295962000
1776295965.296,165.296,0.27,88.0,0.26,78.44,0.28,81.0,0.29,20.0,0.65,51.5,0.64,106.96,0.67,5.0,0.68,5.0,0.01,0.02,2355.522469,1776295964000
1776295965.703,165.703,0.27,88.0,0.26,58.0,0.28,67.42,0.29,30.5,0.72,81.0,0.71,20.0,0.73,88.0,0.74,78.44,0.01,0.01,2355.522469,1776295964000
1776295968.002,168.002,0.24,45.0,0.23,25.0,0.27,169.5,0.28,68.5,0.72,67.42,0.71,30.5,0.73,88.0,0.74,58.0,0.03,0.01,2355.50713,1776295966000
1776295968.537,168.537,0.24,65.0,0.23,35.0,0.25,64.92,0.26,41.0,0.73,169.5,0.72,68.5,0.76,45.0,0.77,25.0,0.01,0.03,2355.47607,1776295967000
1776295978.09,178.09,0.23,21.0,0.22,5.0,0.24,24.27,0.25,46.5,0.75,55.92,0.74,41.0,0.76,65.0,0.77,35.0,0.01,0.01,2355.220658,1776295976000
1776295980.399,180.399,0.23,31.0,0.22,20.0,0.24,24.27,0.25,46.5,0.76,24.27,0.75,46.5,0.77,21.0,0.78,5.0,0.01,0.01,2355.269598,1776295978000
1776295983.155,183.155,0.23,16.0,0.22,31.0,0.24,9.27,0.25,36.5,0.76,24.27,0.75,46.5,0.77,31.0,0.78,20.0,0.01,0.01,2355.264732,1776295982000
1776295983.595,183.595,0.23,33.87,0.22,36.0,0.24,19.27,0.25,36.5,0.76,9.27,0.75,36.5,0.77,16.0,0.78,31.0,0.01,0.01,2355.264732,1776295982000
1776295985.85,185.85,0.22,306.94,0.21,246.19,0.23,31.0,0.29,10.0,0.76,19.27,0.75,36.5,0.77,33.87,0.78,36.0,0.01,0.01,2355.276334,1776295984000
1776295986.134,186.134,0.28,136.78,0.27,68.0,0.29,38.5,0.3,10.5,0.71,38.5,0.7,10.5,0.72,153.44,0.73,60.0,0.01,0.01,2355.271769,1776295985000
1776295987.154,187.154,0.36,53.0,0.35,20.0,0.37,5.09,0.38,10.5,0.7,10.5,0.69,6.0,0.72,131.78,0.73,68.0,0.01,0.02,2355.278289,1776295986000
1776295987.513,187.513,0.37,112.0,0.36,49.0,0.38,69.27,0.39,8.0,0.62,10.5,0.61,8.0,0.64,53.0,0.65,20.0,0.01,0.02,2355.278289,1776295986000
1776295987.837,187.837,0.37,112.0,0.36,44.0,0.39,8.0,0.41,100.0,0.62,61.29,0.61,8.0,0.63,107.0,0.64,49.0,0.02,0.01,2355.278289,1776295986000
1776295988.253,188.253,0.39,76.0,0.38,59.0,0.4,10.5,0.41,105.0,0.59,100.0,0.58,6.0,0.62,65.0,0.63,84.0,0.01,0.03,2355.369916,1776295987000
1776295989.214,189.214,0.39,79.0,0.38,75.0,0.4,94.07,0.41,105.0,0.6,10.5,0.59,105.0,0.61,76.0,0.62,59.0,0.01,0.01,2355.623891,1776295988000
1776295989.77,189.77,0.39,89.26,0.38,80.0,0.4,89.07,0.41,105.0,0.6,94.07,0.59,105.0,0.61,79.0,0.62,75.0,0.01,0.01,2355.623891,1776295988000
1776295990.499,190.499,0.39,89.26,0.38,75.0,0.4,84.07,0.41,105.0,0.6,89.07,0.59,105.0,0.61,89.26,0.62,80.0,0.01,0.01,2355.898605,1776295989000
1776295991.239,191.239,0.39,97.35,0.38,100.0,0.4,84.07,0.41,105.0,0.6,84.07,0.59,105.0,0.61,89.26,0.62,75.0,0.01,0.01,2355.91981,1776295990000
1776295993.717,193.717,0.39,154.85,0.38,135.5,0.42,10.5,0.43,10.5,0.6,84.07,0.59,105.0,0.61,97.35,0.62,100.0,0.03,0.01,2355.936415,1776295992000
1776295994.16,194.16,0.42,93.0,0.41,20.0,0.45,10.0,0.46,10.0,0.57,5.28,0.55,10.0,0.58,5.0,0.6,15.5,0.03,0.01,2355.936415,1776295992000
1776295994.626,194.626,0.44,30.0,0.43,31.0,0.45,57.26,0.46,15.0,0.55,10.0,0.54,10.0,0.58,93.0,0.59,20.0,0.01,0.03,2355.93685,1776295993000
1776295997.322,197.322,0.44,5.5,0.43,20.0,0.45,63.26,0.46,27.0,0.55,42.26,0.54,15.0,0.56,10.73,0.57,31.0,0.01,0.01,2356.07221,1776295996000
1776295998.563,198.563,0.44,2.39,0.43,20.0,0.45,68.26,0.46,27.0,0.55,63.26,0.54,27.0,0.56,5.5,0.57,20.0,0.01,0.01,2356.067175,1776295997000
1776296000.303,200.303,0.43,13.57,0.42,45.0,0.45,30.5,0.46,87.99,0.55,68.26,0.54,27.0,0.56,2.39,0.57,20.0,0.02,0.01,2356.06693,1776295998000
1776296000.632,200.632,0.42,5.0,0.39,41.0,0.44,95.5,0.45,65.8,0.55,30.5,0.54,87.99,0.57,13.57,0.58,45.0,0.02,0.02,2356.062205,1776295999000
1776296000.963,200.963,0.34,7.0,0.33,21.5,0.35,10.0,0.36,10.0,0.56,95.5,0.55,65.8,0.58,5.0,0.61,41.0,0.01,0.02,2356.062205,1776295999000
1776296001.304,201.304,0.34,6.67,0.33,10.5,0.35,112.99,0.36,24.0,0.65,10.0,0.64,10.0,0.66,7.0,0.67,21.5,0.01,0.01,2356.062205,1776295999000
1776296003.184,203.184,0.3,35.0,0.29,35.0,0.33,68.0,0.34,26.0,0.65,145.99,0.64,24.0,0.68,35.0,0.7,35.0,0.03,0.03,2355.951321,1776296002000
1776296009.405,209.405,0.31,47.5,0.3,25.0,0.32,28.9,0.33,36.0,0.67,68.0,0.66,26.0,0.7,35.0,0.71,35.0,0.01,0.03,2355.763581,1776296008000
1776296010.223,210.223,0.31,9.23,0.3,25.0,0.32,49.9,0.33,47.0,0.68,28.9,0.67,36.0,0.69,47.5,0.7,25.0,0.01,0.01,2355.763581,1776296009000
1776296010.726,210.726,0.31,5.5,0.3,25.0,0.32,34.9,0.33,62.5,0.68,49.9,0.67,47.0,0.69,9.23,0.7,25.0,0.01,0.01,2355.763581,1776296009000
1776296019.451,219.451,0.3,40.5,0.29,15.0,0.31,8.48,0.32,29.4,0.68,34.9,0.67,62.5,0.69,5.5,0.7,25.0,0.01,0.01,2355.795999,1776296018000
1776296022.731,222.731,0.3,24.92,0.29,25.5,0.31,8.48,0.32,40.4,0.69,8.48,0.68,29.4,0.7,40.5,0.71,15.0,0.01,0.01,2355.836651,1776296021000
1776296026.361,226.361,0.25,1.81,0.24,129.0,0.26,26.0,0.27,43.5,0.69,8.48,0.68,40.4,0.7,24.92,0.71,25.5,0.01,0.01,2355.822652,1776296025000
1776296026.833,226.833,0.24,167.5,0.23,51.0,0.26,16.3,0.27,48.5,0.74,26.0,0.73,43.5,0.75,1.81,0.76,129.0,0.02,0.01,2355.822652,1776296025000
1776296029.77,229.77,0.24,47.0,0.23,25.0,0.25,23.87,0.26,15.0,0.74,16.3,0.73,48.5,0.76,167.5,0.77,51.0,0.01,0.02,2355.695618,1776296028000
1776296030.156,230.156,0.21,110.0,0.2,185.0,0.25,23.87,0.26,15.0,0.75,23.87,0.74,15.0,0.76,47.0,0.77,25.0,0.04,0.01,2355.695618,1776296029000
1776296030.612,230.612,0.21,75.0,0.2,168.0,0.23,48.9,0.24,21.0,0.75,23.87,0.74,15.0,0.79,110.0,0.8,185.0,0.02,0.04,2355.695618,1776296029000
1776296030.846,230.846,0.21,80.0,0.2,178.0,0.22,7.49,0.23,64.9,0.77,48.9,0.76,21.0,0.79,75.0,0.8,168.0,0.01,0.02,2355.695618,1776296029000
1776296032.743,232.743,0.21,35.0,0.2,145.0,0.22,30.49,0.23,69.4,0.78,7.49,0.77,64.9,0.79,80.0,0.8,178.0,0.01,0.01,2355.700596,1776296031000
1776296033.851,233.851,0.18,8.78,0.17,160.0,0.19,158.7,0.2,45.5,0.78,30.49,0.77,69.4,0.79,35.0,0.8,145.0,0.01,0.01,2355.687557,1776296032000
1776296034.3,234.3,0.17,70.94,0.16,102.44,0.18,96.5,0.19,111.7,0.81,158.7,0.8,45.5,0.83,160.0,0.84,102.44,0.01,0.02,2355.5508,1776296033000
1776296034.789,234.789,0.16,40.0,0.15,70.0,0.18,111.5,0.19,121.7,0.82,96.5,0.81,111.7,0.83,70.94,0.84,102.44,0.02,0.01,2355.5508,1776296033000
1776296036.002,236.002,0.15,8.82,0.14,114.44,0.16,111.0,0.17,72.5,0.82,111.5,0.81,121.7,0.84,40.0,0.85,70.0,0.01,0.02,2355.465775,1776296035000
1776296036.28,236.28,0.15,6.7,0.14,80.0,0.16,123.0,0.17,67.5,0.84,111.0,0.83,72.5,0.85,8.82,0.86,114.44,0.01,0.01,2355.465775,1776296035000
1776296037.283,237.283,0.14,43.0,0.13,108.44,0.15,47.0,0.16,81.0,0.84,123.0,0.83,67.5,0.86,80.0,0.87,85.0,0.01,0.02,2355.465775,1776296035000
1776296037.985,237.985,0.14,4.0,0.13,35.0,0.15,63.0,0.16,86.0,0.85,47.0,0.84,81.0,0.86,43.0,0.87,108.44,0.01,0.01,2355.291725,1776296036000
1776296038.415,238.415,0.12,98.5,0.11,121.79,0.14,78.0,0.15,46.0,0.85,63.0,0.84,86.0,0.86,4.0,0.87,35.0,0.02,0.01,2355.189301,1776296037000
1776296038.938,238.938,0.13,15.0,0.12,98.5,0.14,63.0,0.15,46.0,0.86,78.0,0.85,46.0,0.88,98.5,0.89,121.79,0.01,0.02,2355.189301,1776296037000
1776296039.574,239.574,0.13,2.85,0.12,98.5,0.14,58.0,0.15,56.5,0.86,63.0,0.85,46.0,0.87,4.0,0.88,98.5,0.01,0.01,2355.185241,1776296038000
1776296040.524,240.524,0.12,98.5,0.11,85.0,0.14,69.7,0.15,95.99,0.86,58.0,0.85,56.5,0.87,2.85,0.88,98.5,0.02,0.01,2355.155031,1776296039000
1776296041.148,241.148,0.12,36.68,0.11,85.0,0.13,80.56,0.14,46.7,0.86,69.7,0.85,95.99,0.88,91.68,0.89,85.0,0.01,0.02,2355.155031,1776296039000
1776296041.413,241.413,0.12,28.27,0.11,85.0,0.13,87.86,0.14,61.7,0.87,80.56,0.86,46.7,0.88,36.68,0.89,85.0,0.01,0.01,2355.136459,1776296040000
1776296041.683,241.683,0.11,85.0,0.1,135.0,0.13,87.86,0.14,61.7,0.87,87.86,0.86,61.7,0.88,28.27,0.89,85.0,0.02,0.01,2355.136459,1776296040000
1776296042.259,242.259,0.11,63.18,0.1,135.0,0.13,77.86,0.14,56.7,0.87,87.86,0.86,61.7,0.89,85.0,0.9,135.0,0.02,0.02,2355.132753,1776296041000
1776296043.552,243.552,0.1,125.0,0.09,229.0,0.12,34.47,0.13,38.3,0.87,77.86,0.86,56.7,0.89,63.18,0.9,135.0,0.02,0.02,2355.132008,1776296042000
1776296044.94,244.94,0.1,35.72,0.09,85.0,0.11,9.0,0.12,20.0,0.88,34.47,0.87,38.3,0.9,125.0,0.91,229.0,0.01,0.02,2355.13576,1776296044000
1776296045.382,245.382,0.1,8.98,0.09,85.0,0.11,9.0,0.12,20.0,0.89,9.0,0.88,20.0,0.9,35.72,0.91,85.0,0.01,0.01,2355.13576,1776296044000
1776296046.061,246.061,0.1,3.28,0.09,85.0,0.11,14.0,0.12,20.0,0.89,9.0,0.88,20.0,0.9,8.98,0.91,85.0,0.01,0.01,2355.146217,1776296045000
1776296047.008,247.008,0.09,75.0,0.08,158.9,0.12,80.1,0.13,28.3,0.89,14.0,0.88,20.0,0.9,3.28,0.91,85.0,0.03,0.01,2355.145159,1776296046000
1776296048.153,248.153,0.08,30.05,0.07,10.0,0.09,61.0,0.1,102.69,0.88,80.1,0.87,28.3,0.91,75.0,0.92,148.9,0.01,0.03,2355.148178,1776296047000
1776296049.889,249.889,0.08,10.0,0.07,10.0,0.09,93.66,0.1,31.0,0.91,61.0,0.9,102.69,0.92,30.05,0.93,10.0,0.01,0.01,2355.089846,1776296048000
1776296050.732,250.732,0.08,7.0,0.07,10.0,0.09,98.66,0.1,31.0,0.91,93.66,0.9,31.0,0.92,10.0,0.93,10.0,0.01,0.01,2355.031125,1776296049000
1776296052.185,252.185,0.07,0.86,0.06,123.8,0.09,107.44,0.1,25.0,0.91,98.66,0.9,31.0,0.92,2.0,0.93,82.0,0.02,0.01,2355.038607,1776296050000
1776296052.587,252.587,0.06,122.52,0.05,105.8,0.08,46.0,0.09,77.44,0.91,107.44,0.9,25.0,0.93,0.86,0.94,123.8,0.02,0.02,2355.038607,1776296050000
1776296055.174,255.174,0.06,75.54,0.05,163.68,0.07,72.0,0.08,45.0,0.92,46.0,0.91,77.44,0.94,122.52,0.95,105.8,0.01,0.02,2355.001781,1776296053000
1776296055.663,255.663,0.06,69.47,0.05,100.8,0.07,82.0,0.08,45.0,0.93,72.0,0.92,45.0,0.94,75.54,0.95,163.68,0.01,0.01,2354.99422,1776296054000
1776296057.096,257.096,0.06,77.95,0.05,100.8,0.07,72.0,0.08,45.0,0.93,82.0,0.92,45.0,0.94,69.47,0.95,100.8,0.01,0.01,2354.988216,1776296055000
1776296058.253,258.253,0.05,57.8,0.04,202.24,0.07,87.0,0.08,101.99,0.93,72.0,0.92,45.0,0.94,77.95,0.95,100.8,0.02,0.01,2355.008313,1776296057000
1776296058.877,258.877,0.05,93.0,0.04,195.24,0.06,106.7,0.07,46.0,0.93,87.0,0.92,101.99,0.95,57.8,0.96,202.24,0.01,0.02,2355.008313,1776296057000
1776296059.116,259.116,0.05,62.0,0.04,148.8,0.06,101.7,0.07,36.0,0.94,106.7,0.93,46.0,0.95,93.0,0.96,195.24,0.01,0.01,2355.008313,1776296057000
1776296059.342,259.342,0.05,57.0,0.04,184.24,0.06,111.7,0.07,36.0,0.94,106.7,0.93,36.0,0.95,62.0,0.96,148.8,0.01,0.01,2355.008313,1776296057000
1776296059.868,259.868,0.05,36.8,0.04,148.8,0.06,105.85,0.07,36.0,0.94,111.7,0.93,36.0,0.95,57.0,0.96,148.8,0.01,0.01,2355.023155,1776296058000
1776296060.263,260.263,0.05,33.0,0.04,148.8,0.06,105.85,0.07,36.0,0.94,105.85,0.93,36.0,0.95,36.8,0.96,148.8,0.01,0.01,2355.023155,1776296058000
1776296060.465,260.465,0.04,35.98,0.03,359.7,0.06,155.85,0.07,85.69,0.94,155.85,0.93,85.69,0.95,0.98,0.96,55.0,0.02,0.01,2355.023155,1776296058000
1776296060.682,260.682,0.04,125.0,0.03,301.72,0.07,73.79,0.08,30.0,0.95,8.25,0.94,191.85,0.96,125.0,0.97,301.72,0.03,0.01,2354.972954,1776296059000
1776296060.909,260.909,0.04,130.0,0.03,178.02,0.05,5.1,0.07,24.1,0.93,24.1,0.92,30.0,0.96,125.0,0.97,301.72,0.01,0.03,2354.972954,1776296059000
1776296061.279,261.279,0.04,35.25,0.03,178.02,0.05,20.14,0.06,10.0,0.95,20.1,0.93,24.1,0.96,9.41,0.97,178.02,0.01,0.01,2354.951955,1776296060000
1776296061.513,261.513,0.03,167.91,0.02,486.55,0.05,45.14,0.06,15.0,0.95,20.14,0.94,10.0,0.96,35.25,0.97,178.02,0.02,0.01,2354.951955,1776296060000
1776296062.846,262.846,0.03,167.91,0.02,486.55,0.04,9.0,0.05,20.14,0.95,45.14,0.94,15.0,0.97,167.91,0.98,486.55,0.01,0.02,2354.638227,1776296061000
1776296063.116,263.116,0.03,164.83,0.02,486.55,0.04,9.0,0.05,20.14,0.96,9.0,0.95,20.14,0.97,167.91,0.98,486.55,0.01,0.01,2354.638227,1776296061000
1776296063.515,263.515,0.03,141.83,0.02,486.55,0.04,14.0,0.05,20.14,0.96,9.0,0.95,20.14,0.97,151.83,0.98,486.55,0.01,0.01,2354.638227,1776296061000
1776296064.102,264.102,0.03,139.57,0.02,486.55,0.04,9.0,0.05,20.14,0.96,14.0,0.95,20.14,0.97,139.76,0.98,486.55,0.01,0.01,2354.602685,1776296062000
1776296064.448,264.448,0.03,5.57,0.02,302.85,0.04,84.69,0.05,95.94,0.96,9.0,0.95,20.14,0.97,125.57,0.98,706.55,0.01,0.01,2354.579334,1776296063000
1776296064.981,264.981,0.02,301.82,0.01,2605.44,0.03,77.0,0.04,129.7,0.96,45.0,0.95,181.74,0.98,302.85,0.99,2505.44,0.01,0.02,2354.579334,1776296063000
1776296065.382,265.382,0.02,617.06,0.01,2605.44,0.03,87.0,0.04,129.7,0.97,82.0,0.96,129.7,0.98,294.51,0.99,2605.44,0.01,0.01,2354.579334,1776296063000
1776296065.81,265.81,0.02,270.34,0.01,2542.88,0.03,82.0,0.04,189.2,0.97,87.0,0.96,129.7,0.98,617.06,0.99,2605.44,0.01,0.01,2354.579334,1776296063000
1776296066.651,266.651,0.02,262.25,0.01,2528.44,0.03,172.36,0.04,208.2,0.97,53.66,0.96,189.2,0.98,270.34,0.99,2542.88,0.01,0.01,2354.540131,1776296064000
1776296067.02,267.02,0.02,121.33,0.01,2528.44,0.03,222.05,0.04,218.2,0.97,172.36,0.96,208.2,0.98,262.25,0.99,2528.44,0.01,0.01,2354.510504,1776296065000
1776296067.377,267.377,0.02,70.31,0.01,2528.44,0.03,177.36,0.04,218.2,0.97,222.05,0.96,218.2,0.98,121.33,0.99,2528.44,0.01,0.01,2354.510504,1776296065000
1776296068.802,268.802,0.02,52.75,0.01,2064.84,0.03,182.51,0.04,198.0,0.97,177.36,0.96,218.2,0.98,70.31,0.99,2528.44,0.01,0.01,2354.436647,1776296067000
1776296069.705,269.705,0.02,2.75,0.01,1899.84,0.03,192.51,0.04,124.7,0.97,182.51,0.96,198.0,0.98,52.75,0.99,2064.84,0.01,0.01,2354.436647,1776296067000
1776296070.04,270.04,0.01,1882.56,,,0.03,197.51,0.04,124.7,0.97,187.51,0.96,124.7,0.99,1897.56,,,0.02,0.02,2354.153814,1776296068000
1776296070.352,270.352,0.01,1877.56,,,0.02,208.7,0.03,175.51,0.97,197.51,0.96,124.7,0.99,1882.56,,,0.01,0.02,2354.153814,1776296068000
1776296070.634,270.634,0.01,1776.56,,,0.02,198.7,0.03,180.51,0.98,203.7,0.97,175.51,0.99,1877.56,,,0.01,0.01,2354.120385,1776296069000
1776296070.92,270.92,0.01,1656.55,,,0.02,183.7,0.03,170.51,0.98,183.7,0.97,180.51,0.99,1665.55,,,0.01,0.01,2354.120385,1776296069000
1776296071.281,271.281,0.01,1679.5,,,0.02,183.7,0.03,170.51,0.98,183.7,0.97,170.51,0.99,1656.55,,,0.01,0.01,2354.120385,1776296069000
1776296071.53,271.53,0.01,1584.0,,,0.02,178.86,0.03,170.51,0.98,178.86,0.97,170.51,0.99,1634.5,,,0.01,0.01,2353.97394,1776296070000
1776296071.765,271.765,0.01,1577.98,,,0.02,178.86,0.03,170.51,0.98,178.86,0.97,170.51,0.99,1582.98,,,0.01,0.01,2353.97394,1776296070000
1776296072.043,272.043,0.01,1576.98,,,0.02,178.86,0.03,170.51,0.98,178.86,0.97,170.51,0.99,1577.98,,,0.01,0.01,2353.97394,1776296070000
1776296072.271,272.271,0.01,1496.23,,,0.02,178.86,0.03,196.51,0.98,178.86,0.97,170.51,0.99,1576.98,,,0.01,0.01,2353.927909,1776296071000
1776296072.583,272.583,0.01,1434.13,,,0.02,271.64,0.03,170.51,0.98,266.64,0.97,170.51,0.99,1435.15,,,0.01,0.01,2353.927909,1776296071000
1776296073.409,273.409,0.01,1427.38,,,0.02,271.64,0.03,247.36,0.98,271.64,0.97,253.51,0.99,1432.44,,,0.01,0.01,2353.852585,1776296072000
1776296074.09,274.09,0.01,1392.38,,,0.02,271.64,0.03,209.38,0.98,271.64,0.97,247.36,0.99,1427.38,,,0.01,0.01,2353.876294,1776296073000
1776296074.367,274.367,0.01,1395.38,,,0.02,271.64,0.03,210.38,0.98,271.64,0.97,209.38,0.99,1392.38,,,0.01,0.01,2353.876294,1776296073000
1776296074.719,274.719,0.01,1351.32,,,0.02,271.64,0.03,245.35,0.98,271.64,0.97,245.36,0.99,1385.32,,,0.01,0.01,2353.876294,1776296073000
1776296075.042,275.042,0.01,1287.05,,,0.02,271.64,0.03,244.36,0.98,271.64,0.97,212.38,0.99,1317.05,,,0.01,0.01,2353.876294,1776296073000
1776296075.524,275.524,0.01,1291.03,,,0.02,92.78,0.03,119.66,0.98,271.64,0.97,244.36,0.99,1287.05,,,0.01,0.01,2353.887142,1776296074000
1776296075.935,275.935,0.01,1240.57,,,0.02,120.78,0.03,116.66,0.98,92.78,0.97,119.66,0.99,1285.97,,,0.01,0.01,2353.887142,1776296074000
1776296076.258,276.258,0.01,1201.46,,,0.02,120.78,0.03,42.66,0.98,120.78,0.97,116.66,0.99,1245.57,,,0.01,0.01,2353.904102,1776296075000
1776296076.509,276.509,0.01,1399.4,,,0.02,120.78,0.03,120.66,0.98,120.78,0.97,113.66,0.99,1404.46,,,0.01,0.01,2353.904102,1776296075000
1776296077.902,277.902,0.01,1269.4,,,0.02,140.78,0.03,109.66,0.98,95.78,0.97,120.66,0.99,1399.4,,,0.01,0.01,2353.932557,1776296076000
1776296078.226,278.226,0.01,1244.4,,,0.02,140.78,0.03,109.66,0.98,140.78,0.97,109.66,0.99,1269.4,,,0.01,0.01,2353.934045,1776296077000
1776296078.581,278.581,0.01,1239.35,,,0.02,146.8,0.03,109.66,0.98,140.78,0.97,109.66,0.99,1244.4,,,0.01,0.01,2353.934045,1776296077000
1776296079.89,279.89,0.01,1205.35,,,0.02,146.8,0.03,111.66,0.98,146.8,0.97,109.66,0.99,1239.35,,,0.01,0.01,2353.923661,1776296078000
1776296080.181,280.181,0.01,1196.35,,,0.02,156.8,0.03,105.0,0.98,146.8,0.97,111.66,0.99,1205.35,,,0.01,0.01,2353.953679,1776296079000
1776296080.476,280.476,0.01,1161.35,,,0.02,205.8,0.03,105.0,0.98,156.8,0.97,105.0,0.99,1196.35,,,0.01,0.01,2353.953679,1776296079000
1776296080.853,280.853,0.01,550.32,,,0.02,200.8,0.03,88.0,0.98,200.8,0.97,105.0,0.99,1151.32,,,0.01,0.01,2353.953679,1776296079000
1776296081.132,281.132,0.01,522.49,,,0.02,200.8,0.03,88.0,0.98,205.8,0.97,88.0,0.99,529.49,,,0.01,0.01,2353.952736,1776296080000
1776296081.58,281.58,0.01,424.49,,,0.02,200.8,0.03,88.0,0.98,200.8,0.97,88.0,0.99,426.49,,,0.01,0.01,2353.952736,1776296080000
1776296082.171,282.171,,,,,0.01,2254.17,0.02,200.8,0.99,2100.51,0.98,200.8,,,,,,,2353.95048,1776296081000
1776296083.397,283.397,,,,,0.01,2213.54,0.02,200.8,0.99,2254.17,0.98,200.8,,,,,,,2353.959427,1776296082000
1776296085.347,285.347,,,,,0.01,2283.74,0.02,200.8,0.99,2213.54,0.98,200.8,,,,,,,2354.085775,1776296084000
1776296089.337,289.337,,,,,0.01,6373.38,0.02,251.8,0.99,2275.38,0.98,200.8,,,,,,,2353.932775,1776296088000
1776296095.672,295.672,,,,,0.01,6735.38,0.02,235.59,0.99,6373.38,0.98,251.8,,,,,,,2353.943347,1776296094000
1776296099.04,299.04,,,,,0.01,10902.68,0.02,179.58,0.99,6735.38,0.98,235.59,,,,,,,2354.186949,1776296097000

# RESULT,winner=Down,slug=eth-updown-5m-1776295800,ticks=265
