timestamp,elapsed_sec,up_bid_p1,up_bid_s1,up_bid_p2,up_bid_s2,up_ask_p1,up_ask_s1,up_ask_p2,up_ask_s2,down_bid_p1,down_bid_s1,down_bid_p2,down_bid_s2,down_ask_p1,down_ask_s1,down_ask_p2,down_ask_s2,up_spread,down_spread,eth_price,eth_oracle_ts
1776306601.167,1.167,0.47,8.51,0.4,5.0,0.49,5.0,0.5,400.0,0.52,5.0,0.51,5.0,0.54,70.0,0.55,70.0,0.02,0.02,2359.572603,1776306599000
1776306601.604,1.604,0.53,88.62,0.51,70.0,0.6,5.0,0.63,70.0,0.41,61.52,0.4,5.0,0.47,30.0,0.49,70.0,0.07,0.06,2359.4407,1776306600000
1776306601.936,1.936,0.53,82.62,0.52,5.0,0.6,10.0,0.63,70.0,0.4,5.0,0.37,70.0,0.47,88.62,0.49,70.0,0.07,0.07,2359.4407,1776306600000
1776306602.446,2.446,0.55,65.0,0.53,37.89,0.6,5.0,0.65,70.0,0.4,5.0,0.35,70.0,0.47,32.89,0.48,5.0,0.05,0.07,2359.41845,1776306601000
1776306604.296,4.296,0.55,8.0,0.54,23.0,0.59,168.64,0.6,23.0,0.4,5.0,0.35,70.0,0.45,65.0,0.47,37.89,0.04,0.05,2360.00664,1776306602000
1776306605.092,5.092,0.58,113.64,0.57,10.0,0.59,154.24,0.6,5.0,0.41,168.64,0.4,23.0,0.45,8.0,0.46,23.0,0.01,0.04,2360.305338,1776306604000
1776306605.3,5.3,0.59,35.76,0.58,183.64,0.71,120.0,0.73,520.0,0.4,1.66,0.38,13.0,0.41,25.76,0.42,113.64,0.12,0.01,2360.305338,1776306604000
1776306605.795,5.795,0.7,5.7,0.69,30.0,0.71,130.0,0.73,520.0,0.29,120.0,0.27,520.0,0.41,35.76,0.42,183.64,0.01,0.12,2360.305338,1776306604000
1776306606.153,6.153,0.7,5.7,0.69,30.0,0.71,98.04,0.72,5.0,0.29,123.4,0.27,520.0,0.3,5.7,0.31,30.0,0.01,0.01,2360.305338,1776306604000
1776306606.927,6.927,0.69,21.7,0.68,10.0,0.7,5.0,0.71,98.04,0.29,103.04,0.28,5.0,0.31,15.7,0.32,10.0,0.01,0.02,2360.287743,1776306605000
1776306607.735,7.735,0.68,2.86,0.67,10.0,0.7,15.0,0.71,60.0,0.3,5.0,0.29,98.04,0.31,21.7,0.32,10.0,0.02,0.01,2360.790183,1776306606000
1776306608.763,8.763,0.62,5.0,0.6,10.0,0.63,10.0,0.64,60.0,0.36,40.0,0.34,75.7,0.37,10.0,0.38,10.0,0.01,0.01,2360.93616,1776306607000
1776306608.998,8.998,0.6,7.0,0.59,15.0,0.62,10.0,0.63,15.0,0.37,10.0,0.36,60.0,0.38,5.0,0.4,10.0,0.02,0.01,2360.93616,1776306607000
1776306609.679,9.679,0.63,10.0,0.62,10.0,0.64,37.84,0.66,63.56,0.39,40.0,0.38,10.0,0.4,7.0,0.41,15.0,0.01,0.01,2360.988045,1776306608000
1776306609.972,9.972,0.63,20.0,0.62,10.0,0.64,34.84,0.66,63.56,0.36,37.84,0.34,63.56,0.37,10.0,0.38,10.0,0.01,0.01,2360.988045,1776306608000
1776306610.181,10.181,0.63,7.93,0.62,10.0,0.64,23.9,0.66,63.56,0.36,23.9,0.34,63.56,0.37,15.64,0.38,10.0,0.01,0.01,2360.988045,1776306608000
1776306610.652,10.652,0.63,10.0,0.62,10.0,0.64,15.9,0.66,63.56,0.36,23.9,0.34,63.56,0.38,10.0,0.39,135.0,0.01,0.02,2360.752128,1776306609000
1776306610.926,10.926,0.63,10.0,0.62,15.0,0.64,10.9,0.66,63.56,0.36,15.9,0.34,63.56,0.37,10.0,0.38,10.0,0.01,0.01,2360.752128,1776306609000
1776306611.683,11.683,0.65,21.0,0.64,21.0,0.66,100.56,0.67,140.0,0.36,4.9,0.34,63.56,0.37,10.0,0.38,15.0,0.01,0.01,2360.634753,1776306610000
1776306612.505,12.505,0.65,46.0,0.64,26.0,0.66,35.4,0.72,33.0,0.34,100.56,0.33,140.0,0.35,21.0,0.36,21.0,0.01,0.01,2360.742304,1776306611000
1776306612.734,12.734,0.71,30.0,0.7,156.0,0.74,14.0,0.79,36.0,0.28,8.0,0.27,70.0,0.35,46.0,0.36,26.0,0.03,0.07,2360.742304,1776306611000
1776306612.956,12.956,0.73,10.0,0.72,16.94,0.78,10.0,0.79,46.0,0.26,3.64,0.21,36.0,0.27,15.0,0.29,16.0,0.05,0.01,2360.742304,1776306611000
1776306613.427,13.427,0.74,21.0,0.73,21.0,0.75,72.18,0.76,190.0,0.25,108.0,0.24,120.0,0.26,10.0,0.27,10.0,0.01,0.01,2360.789735,1776306612000
1776306613.754,13.754,0.74,21.0,0.73,21.0,0.75,105.71,0.76,225.0,0.25,172.18,0.24,190.0,0.26,16.13,0.27,21.0,0.01,0.01,2360.789735,1776306612000
1776306614.148,14.148,0.74,7.15,0.73,21.0,0.75,228.32,0.76,225.0,0.25,203.32,0.24,225.0,0.26,5.0,0.27,21.0,0.01,0.01,2360.789735,1776306612000
1776306614.626,14.626,0.7,71.43,0.67,10.0,0.71,15.0,0.73,10.0,0.25,228.32,0.24,225.0,0.3,71.43,0.31,8.15,0.01,0.05,2361.143931,1776306613000
1776306614.945,14.945,0.7,71.43,0.65,23.51,0.71,11.54,0.72,16.3,0.29,16.54,0.28,10.0,0.3,71.43,0.34,24.0,0.01,0.01,2361.143931,1776306613000
1776306615.193,15.193,0.7,39.43,0.65,23.51,0.71,121.54,0.72,35.0,0.29,121.54,0.28,35.0,0.3,59.43,0.35,23.51,0.01,0.01,2361.555545,1776306614000
1776306615.811,15.811,0.7,74.93,0.66,10.0,0.72,255.0,0.73,105.0,0.29,96.54,0.28,175.0,0.3,28.93,0.36,3.83,0.02,0.01,2361.555545,1776306614000
1776306616.347,16.347,0.7,12.26,0.66,10.0,0.71,151.53,0.72,255.0,0.29,95.53,0.28,255.0,0.3,28.93,0.34,10.0,0.01,0.01,2361.507285,1776306615000
1776306617.036,17.036,0.7,6.26,0.67,11.0,0.71,227.53,0.72,271.0,0.29,146.53,0.28,271.0,0.3,7.26,0.34,10.0,0.01,0.01,2361.507285,1776306615000
1776306617.568,17.568,0.67,16.38,0.66,21.0,0.68,7.0,0.69,10.0,0.29,215.53,0.28,250.0,0.33,6.38,0.34,11.0,0.01,0.04,2361.27262,1776306616000
1776306618.334,18.334,0.67,16.38,0.66,16.0,0.68,14.07,0.69,35.0,0.32,7.0,0.31,10.0,0.33,16.38,0.34,21.0,0.01,0.01,2361.248978,1776306617000
1776306619.866,19.866,0.67,157.38,0.66,28.0,0.68,14.56,0.69,10.0,0.32,8.56,0.31,35.0,0.33,16.38,0.34,16.0,0.01,0.01,2361.217817,1776306618000
1776306620.094,20.094,0.67,63.38,0.66,28.0,0.68,6.56,0.69,10.0,0.32,14.56,0.31,10.0,0.33,157.38,0.34,28.0,0.01,0.01,2361.217817,1776306618000
1776306621.713,21.713,0.7,24.87,0.67,75.38,0.71,41.3,0.72,245.0,0.32,1.56,0.31,10.0,0.33,58.38,0.34,38.0,0.01,0.01,2361.099073,1776306620000
1776306622.372,22.372,0.7,24.87,0.65,1.27,0.71,76.3,0.72,225.0,0.29,41.3,0.28,245.0,0.3,24.87,0.33,75.38,0.01,0.01,2361.103278,1776306621000
1776306622.587,22.587,0.7,18.87,0.66,14.0,0.71,86.0,0.72,241.0,0.29,76.3,0.28,225.0,0.3,24.87,0.35,1.27,0.01,0.01,2361.103278,1776306621000
1776306623.033,23.033,0.66,48.07,0.65,30.0,0.67,81.62,0.68,10.0,0.34,20.0,0.33,16.0,0.36,10.97,0.37,39.0,0.01,0.02,2361.103278,1776306621000
1776306623.352,23.352,0.67,11.03,0.66,90.07,0.68,5.0,0.69,16.0,0.33,81.62,0.32,10.0,0.34,48.07,0.35,30.0,0.01,0.01,2361.103278,1776306621000
1776306623.676,23.676,0.67,96.21,0.66,63.07,0.68,5.0,0.69,16.0,0.32,5.0,0.31,16.0,0.33,11.03,0.34,90.07,0.01,0.01,2361.163702,1776306622000
1776306624.151,24.151,0.67,52.03,0.66,28.07,0.68,5.0,0.69,16.0,0.32,5.0,0.31,16.0,0.33,96.21,0.34,63.07,0.01,0.01,2361.163031,1776306623000
1776306624.564,24.564,0.75,20.0,0.74,15.0,0.76,74.9,0.77,16.3,0.25,30.0,0.24,100.0,0.27,6.84,0.29,17.04,0.01,0.02,2361.163031,1776306623000
1776306625.063,25.063,0.73,5.0,0.72,5.0,0.75,15.0,0.76,170.0,0.24,74.9,0.23,10.0,0.25,15.0,0.26,15.0,0.02,0.01,2361.163031,1776306623000
1776306626.4,26.4,0.69,11.0,0.68,11.0,0.71,2.95,0.72,10.0,0.25,15.0,0.24,170.0,0.27,5.0,0.28,5.0,0.02,0.02,2361.202717,1776306625000
1776306626.886,26.886,0.69,11.58,0.68,5.0,0.7,27.0,0.71,118.95,0.29,2.95,0.28,10.0,0.31,11.0,0.32,11.0,0.01,0.02,2361.202717,1776306625000
1776306627.575,27.575,0.69,12.0,0.68,16.0,0.7,25.0,0.71,101.0,0.3,19.0,0.29,91.0,0.31,26.58,0.32,15.0,0.01,0.01,2361.37175,1776306626000
1776306628.077,28.077,0.65,6.0,0.64,17.0,0.68,22.0,0.69,91.0,0.3,25.0,0.29,101.0,0.31,12.0,0.32,16.0,0.03,0.01,2361.37175,1776306626000
1776306628.719,28.719,0.65,31.0,0.64,44.0,0.66,20.0,0.67,15.0,0.32,22.0,0.31,91.0,0.35,6.0,0.36,17.0,0.01,0.03,2361.306227,1776306627000
1776306629.956,29.956,0.66,75.0,0.65,26.0,0.69,76.0,0.71,91.0,0.34,20.0,0.33,15.0,0.35,31.0,0.36,44.0,0.03,0.01,2361.277951,1776306628000
1776306631.383,31.383,0.7,125.0,0.69,57.0,0.73,10.0,0.74,10.0,0.31,76.0,0.29,91.0,0.32,15.58,0.33,74.0,0.03,0.01,2361.055992,1776306630000
1776306633.555,33.555,0.73,118.0,0.72,34.0,0.74,10.0,0.75,85.0,0.27,10.0,0.26,10.0,0.3,125.0,0.31,57.0,0.01,0.03,2361.177145,1776306631000
1776306635.042,35.042,0.74,29.0,0.72,5.0,0.75,146.0,0.76,166.0,0.26,5.0,0.25,85.0,0.27,118.0,0.28,34.0,0.01,0.01,2361.496277,1776306633000
1776306636.474,36.474,0.74,109.75,0.73,16.0,0.76,4.4,0.77,10.0,0.25,146.0,0.24,166.0,0.29,19.0,0.3,13.0,0.02,0.04,2361.57498,1776306635000
1776306636.792,36.792,0.77,5.0,0.76,10.0,0.78,3.58,0.79,46.0,0.22,10.0,0.21,46.0,0.25,10.0,0.26,45.0,0.01,0.03,2361.57498,1776306635000
1776306637.22,37.22,0.77,0.11,0.75,20.0,0.78,15.0,0.79,63.92,0.21,32.92,0.2,25.0,0.23,5.0,0.24,10.0,0.01,0.02,2361.57498,1776306635000
1776306637.518,37.518,0.75,17.0,0.74,16.0,0.76,3.0,0.77,10.0,0.22,15.0,0.21,63.92,0.23,0.11,0.25,20.0,0.01,0.01,2361.36275,1776306636000
1776306637.926,37.926,0.74,1.03,0.73,16.0,0.76,1.42,0.77,10.0,0.24,1.42,0.23,10.0,0.25,17.0,0.26,16.0,0.02,0.01,2361.36275,1776306636000
1776306638.443,38.443,0.74,54.03,0.73,22.0,0.75,3.0,0.76,10.0,0.25,4.5,0.24,1.42,0.26,1.03,0.27,16.0,0.01,0.01,2361.36275,1776306637000
1776306639.011,39.011,0.76,15.0,0.75,28.0,0.77,7.4,0.78,15.0,0.22,5.0,0.21,42.92,0.25,10.0,0.26,36.03,0.01,0.03,2361.36275,1776306637000
1776306639.69,39.69,0.76,9.58,0.75,27.0,0.78,20.0,0.79,42.92,0.23,7.4,0.22,15.0,0.24,15.0,0.25,28.0,0.02,0.01,2361.860321,1776306638000
1776306640.488,40.488,0.78,98.0,0.77,36.0,0.79,14.64,0.8,74.68,0.22,20.0,0.21,42.92,0.24,9.58,0.25,27.0,0.01,0.02,2361.830573,1776306639000
1776306641.155,41.155,0.78,99.0,0.77,47.0,0.79,9.64,0.8,68.68,0.21,14.64,0.2,74.68,0.22,98.0,0.23,36.0,0.01,0.01,2361.830573,1776306639000
1776306641.404,41.404,0.78,47.27,0.77,47.0,0.8,67.91,0.81,103.4,0.21,9.64,0.2,68.68,0.22,49.27,0.23,47.0,0.02,0.01,2361.830573,1776306639000
1776306642.242,42.242,0.79,16.47,0.77,11.0,0.8,99.41,0.81,178.4,0.2,62.91,0.19,103.4,0.21,16.0,0.22,79.0,0.01,0.01,2362.047585,1776306641000
1776306642.625,42.625,0.75,12.13,0.74,11.03,0.76,20.0,0.77,20.0,0.2,99.41,0.19,178.4,0.21,16.47,0.23,11.0,0.01,0.01,2362.047585,1776306641000
1776306643.151,43.151,0.75,29.58,0.74,10.0,0.76,5.0,0.77,15.0,0.24,20.0,0.23,20.0,0.25,12.13,0.26,11.03,0.01,0.01,2362.047585,1776306641000
1776306644.592,44.592,0.75,33.58,0.74,5.0,0.76,25.0,0.77,87.0,0.24,5.0,0.23,15.0,0.25,29.58,0.26,10.0,0.01,0.01,2361.999102,1776306643000
1776306645.917,45.917,0.75,38.58,0.74,5.0,0.76,18.56,0.77,87.0,0.24,25.0,0.23,87.0,0.25,33.58,0.26,5.0,0.01,0.01,2361.998751,1776306644000
1776306646.887,46.887,0.75,33.58,0.74,39.32,0.76,3.55,0.77,79.25,0.23,79.25,0.22,49.0,0.25,38.58,0.26,39.32,0.01,0.02,2361.869289,1776306645000
1776306648.155,48.155,0.74,10.16,0.72,15.0,0.75,27.0,0.76,11.97,0.24,1.97,0.23,79.25,0.25,38.58,0.26,39.32,0.01,0.01,2361.828898,1776306646000
1776306648.971,48.971,0.72,15.0,0.71,28.99,0.73,14.0,0.74,10.0,0.25,37.0,0.24,41.67,0.28,15.0,0.29,28.99,0.01,0.03,2361.841418,1776306647000
1776306650.069,50.069,0.71,8.99,0.68,18.0,0.72,22.0,0.73,10.0,0.28,10.0,0.27,14.0,0.29,28.99,0.3,29.0,0.01,0.01,2361.703154,1776306649000
1776306650.441,50.441,0.71,3.81,0.67,15.0,0.72,53.0,0.73,90.0,0.28,22.0,0.27,10.0,0.29,8.99,0.32,18.0,0.01,0.01,2361.703154,1776306649000
1776306650.807,50.807,0.69,5.0,0.68,15.0,0.72,78.0,0.73,90.0,0.28,67.0,0.27,90.0,0.29,3.81,0.33,15.0,0.03,0.01,2361.703154,1776306649000
1776306651.144,51.144,0.69,20.0,0.68,18.0,0.7,21.82,0.71,15.0,0.28,78.0,0.27,90.0,0.31,5.0,0.32,15.0,0.01,0.03,2361.540671,1776306650000
1776306653.214,53.214,0.69,8.54,0.68,54.95,0.7,74.71,0.71,15.0,0.3,16.0,0.29,15.0,0.31,18.54,0.32,18.0,0.01,0.01,2361.28065,1776306652000
1776306653.775,53.775,0.69,8.54,0.68,5.0,0.7,50.42,0.71,15.0,0.3,74.71,0.29,15.0,0.31,8.54,0.32,54.95,0.01,0.01,2361.28065,1776306652000
1776306656.934,56.934,0.68,16.19,0.67,17.0,0.69,96.86,0.7,29.52,0.3,50.42,0.29,15.0,0.31,8.54,0.32,5.0,0.01,0.01,2361.097739,1776306656000
1776306658.638,58.638,0.68,135.47,0.67,20.0,0.69,17.06,0.71,27.5,0.31,96.86,0.3,29.52,0.32,16.19,0.33,17.0,0.01,0.01,2361.074767,1776306657000
1776306659.064,59.064,0.68,211.47,0.67,45.0,0.69,2.06,0.73,98.3,0.31,17.06,0.29,27.5,0.32,135.47,0.33,20.0,0.01,0.01,2361.06343,1776306658000
1776306660.097,60.097,0.74,210.0,0.73,150.0,0.81,22.03,0.82,34.4,0.27,98.3,0.26,98.7,0.32,211.47,0.33,45.0,0.07,0.05,2361.050715,1776306659000
1776306660.309,60.309,0.79,48.0,0.78,20.0,0.81,7.53,0.82,10.0,0.19,22.03,0.18,34.4,0.26,210.0,0.27,150.0,0.02,0.07,2361.050715,1776306659000
1776306660.708,60.708,0.82,20.0,0.81,17.0,0.84,76.65,0.85,125.2,0.17,8.79,0.16,111.73,0.18,7.0,0.19,10.0,0.02,0.01,2361.050715,1776306659000
1776306661.008,61.008,0.82,38.0,0.81,17.0,0.83,7.9,0.84,143.71,0.16,76.65,0.15,125.2,0.18,20.0,0.19,17.0,0.01,0.02,2361.050715,1776306659000
1776306661.96,61.96,0.82,25.0,0.81,10.0,0.83,111.08,0.84,143.71,0.17,7.9,0.16,143.71,0.18,38.0,0.19,17.0,0.01,0.01,2361.262302,1776306660000
1776306662.618,62.618,0.82,42.92,0.81,7.0,0.83,106.08,0.84,143.71,0.17,111.08,0.16,143.71,0.18,25.0,0.19,10.0,0.01,0.01,2361.64678,1776306661000
1776306662.914,62.914,0.81,5.0,0.79,7.0,0.83,238.07,0.84,76.65,0.17,106.08,0.16,143.71,0.18,42.92,0.19,7.0,0.02,0.01,2361.64678,1776306661000
1776306663.147,63.147,0.81,5.0,0.79,17.0,0.82,153.9,0.83,151.36,0.17,238.07,0.16,76.65,0.19,5.0,0.21,7.0,0.01,0.02,2361.64678,1776306661000
1776306663.932,63.932,0.81,5.0,0.79,17.0,0.82,146.57,0.83,151.36,0.18,152.57,0.17,151.36,0.19,5.0,0.21,17.0,0.01,0.01,2362.306522,1776306662000
1776306664.41,64.41,0.81,5.0,0.79,17.0,0.82,140.35,0.83,151.36,0.18,146.57,0.17,151.36,0.19,5.0,0.21,17.0,0.01,0.01,2362.310454,1776306663000
1776306665.419,65.419,0.82,5.64,0.81,446.5,0.83,104.36,0.84,51.65,0.18,140.35,0.17,151.36,0.19,5.0,0.21,17.0,0.01,0.01,2362.254178,1776306664000
1776306665.869,65.869,0.82,63.64,0.81,67.04,0.83,104.36,0.84,144.64,0.17,104.36,0.16,51.65,0.18,5.64,0.19,446.5,0.01,0.01,2362.254178,1776306664000
1776306666.583,66.583,0.82,112.03,0.81,77.32,0.83,8.0,0.84,31.65,0.17,104.36,0.16,144.64,0.18,63.64,0.19,67.04,0.01,0.01,2362.253064,1776306665000
1776306667.572,67.572,0.82,969.38,0.81,256.27,0.84,30.65,0.85,70.0,0.17,8.0,0.16,31.65,0.18,112.03,0.19,77.32,0.02,0.01,2362.27866,1776306666000
1776306668.561,68.561,0.84,419.9,0.83,57.26,0.85,87.8,0.86,135.0,0.15,69.83,0.14,70.0,0.17,33.0,0.18,564.43,0.01,0.02,2362.3266,1776306667000
1776306669.603,69.603,0.82,21.39,0.81,64.32,0.83,90.0,0.84,128.99,0.15,143.8,0.14,231.99,0.17,4.69,0.18,40.03,0.01,0.02,2362.542296,1776306668000
1776306670.478,70.478,0.84,40.0,0.83,53.0,0.85,71.8,0.86,114.9,0.17,90.0,0.16,128.99,0.19,56.32,0.2,17.0,0.01,0.02,2362.760006,1776306669000
1776306671.927,71.927,0.84,204.5,0.83,153.0,0.85,66.8,0.86,78.0,0.15,71.8,0.14,114.9,0.16,40.0,0.17,53.0,0.01,0.01,2362.544186,1776306670000
1776306673.523,73.523,0.84,80.0,0.83,138.0,0.85,37.03,0.86,16.0,0.15,49.2,0.14,88.0,0.16,104.5,0.17,163.0,0.01,0.01,2362.63835,1776306672000
1776306673.869,73.869,0.84,207.0,0.83,138.0,0.85,24.28,0.86,16.0,0.15,31.53,0.14,16.0,0.16,187.0,0.17,138.0,0.01,0.01,2362.63835,1776306672000
1776306674.621,74.621,0.84,175.0,0.83,225.26,0.85,17.03,0.86,16.0,0.15,24.28,0.14,16.0,0.16,207.0,0.17,138.0,0.01,0.01,2362.8531,1776306673000
1776306675.111,75.111,0.85,123.0,0.84,128.0,0.86,16.83,0.88,34.1,0.15,17.03,0.14,16.0,0.16,175.0,0.17,225.26,0.01,0.01,2362.91328,1776306674000
1776306675.361,75.361,0.85,330.0,0.84,133.0,0.86,13.73,0.91,49.0,0.14,13.83,0.09,49.0,0.15,195.0,0.16,123.0,0.01,0.01,2362.91328,1776306674000
1776306675.58,75.58,0.9,71.0,0.89,18.0,0.91,46.92,0.92,73.9,0.09,41.92,0.08,73.9,0.15,330.0,0.16,133.0,0.01,0.06,2362.91328,1776306674000
1776306675.784,75.784,0.91,148.0,0.9,43.0,0.93,44.2,0.94,189.5,0.07,54.2,0.06,95.8,0.1,71.0,0.11,18.0,0.02,0.03,2362.91328,1776306674000
1776306676.034,76.034,0.91,154.0,0.9,43.0,0.92,7.82,0.93,44.2,0.07,44.2,0.06,189.5,0.09,148.0,0.1,43.0,0.01,0.02,2362.91328,1776306674000
1776306676.388,76.388,0.91,131.0,0.9,10.0,0.92,32.68,0.93,37.93,0.08,7.82,0.07,44.2,0.09,154.0,0.1,43.0,0.01,0.01,2363.005445,1776306675000
1776306676.589,76.589,0.91,141.0,0.9,10.0,0.92,33.22,0.93,25.0,0.08,34.86,0.07,25.0,0.09,136.0,0.1,10.0,0.01,0.01,2363.005445,1776306675000
1776306677.361,77.361,0.91,130.0,0.9,9.0,0.92,72.22,0.93,110.3,0.08,33.22,0.07,25.0,0.09,141.0,0.1,10.0,0.01,0.01,2363.365905,1776306676000
1776306677.584,77.584,0.91,37.0,0.9,9.0,0.92,65.58,0.93,110.3,0.08,67.22,0.07,110.3,0.09,53.0,0.1,9.0,0.01,0.01,2363.365905,1776306676000
1776306678.982,78.982,0.91,500.83,0.9,103.43,0.92,147.49,0.93,101.0,0.08,55.77,0.07,110.3,0.09,37.0,0.1,9.0,0.01,0.01,2363.7131,1776306677000
1776306679.973,79.973,0.85,12.0,0.84,15.0,0.87,10.0,0.88,34.0,0.08,147.49,0.07,101.0,0.09,500.83,0.1,103.43,0.02,0.01,2363.564006,1776306678000
1776306680.492,80.492,0.82,39.0,0.81,260.47,0.83,31.64,0.84,15.0,0.13,20.0,0.12,10.0,0.18,56.02,0.19,156.32,0.01,0.05,2363.566528,1776306679000
1776306680.86,80.86,0.83,63.0,0.82,1134.9,0.85,15.0,0.86,10.0,0.15,15.0,0.14,10.0,0.18,605.32,0.19,189.32,0.02,0.03,2363.566528,1776306679000
1776306681.19,81.19,0.83,38.0,0.82,81.0,0.84,86.73,0.85,23.0,0.15,15.0,0.14,10.0,0.17,63.0,0.18,1134.9,0.01,0.02,2363.549639,1776306680000
1776306682.021,82.021,0.83,835.77,0.82,105.44,0.84,29.73,0.85,23.0,0.16,86.73,0.15,23.0,0.17,38.0,0.18,81.0,0.01,0.01,2363.549639,1776306680000
1776306682.235,82.235,0.83,126.24,0.82,81.0,0.84,23.19,0.85,23.0,0.16,24.67,0.15,23.0,0.17,156.24,0.18,51.0,0.01,0.01,2363.209463,1776306681000
1776306682.509,82.509,0.83,126.24,0.82,81.0,0.84,13.13,0.85,23.0,0.16,23.19,0.15,23.0,0.17,126.24,0.18,81.0,0.01,0.01,2363.209463,1776306681000
1776306683.634,83.634,0.83,678.07,0.82,255.0,0.84,8.13,0.85,23.0,0.16,13.13,0.15,23.0,0.17,126.24,0.18,81.0,0.01,0.01,2363.068929,1776306682000
1776306684.722,84.722,0.83,532.02,0.82,252.44,0.84,23.13,0.85,23.0,0.16,8.13,0.15,23.0,0.17,678.07,0.18,255.0,0.01,0.01,2363.008234,1776306683000
1776306687.677,87.677,0.83,573.88,0.82,92.44,0.84,36.13,0.85,37.0,0.16,13.13,0.15,23.0,0.17,500.73,0.18,157.56,0.01,0.01,2362.980353,1776306686000
1776306688.253,88.253,0.83,564.18,0.82,141.28,0.84,34.93,0.85,112.0,0.16,36.13,0.15,37.0,0.17,573.88,0.18,92.44,0.01,0.01,2362.892612,1776306687000
1776306688.683,88.683,0.83,42.46,0.82,84.84,0.84,59.93,0.85,192.0,0.16,54.93,0.15,112.0,0.17,49.46,0.18,79.84,0.01,0.01,2362.892612,1776306687000
1776306689.17,89.17,0.83,212.1,0.82,92.8,0.84,24.93,0.85,44.0,0.16,64.93,0.15,202.0,0.17,29.46,0.18,54.8,0.01,0.01,2362.892612,1776306687000
1776306689.609,89.609,0.83,85.1,0.82,97.8,0.85,39.0,0.86,10.0,0.16,21.93,0.15,39.0,0.17,30.1,0.18,97.8,0.02,0.01,2362.850514,1776306688000
1776306691.194,91.194,0.83,17.1,0.82,27.0,0.84,137.0,0.85,201.0,0.15,34.0,0.14,10.0,0.17,90.1,0.18,102.8,0.01,0.02,2362.845087,1776306689000
1776306691.506,91.506,0.82,27.0,0.81,51.32,0.83,120.3,0.84,216.0,0.17,92.9,0.16,151.0,0.18,27.0,0.19,51.32,0.01,0.01,2362.854972,1776306690000
1776306692.328,92.328,0.82,1253.68,0.81,155.22,0.83,121.9,0.84,194.0,0.17,120.3,0.16,216.0,0.18,27.0,0.19,51.32,0.01,0.01,2362.853043,1776306691000
1776306692.596,92.596,0.82,94.8,0.81,46.32,0.83,125.87,0.84,214.0,0.17,121.9,0.16,194.0,0.18,1253.68,0.19,155.22,0.01,0.01,2362.853043,1776306691000
1776306694.747,94.747,0.84,98.0,0.83,15.0,0.85,18.0,0.86,8.0,0.17,125.87,0.16,214.0,0.18,94.8,0.19,46.32,0.01,0.01,2362.478019,1776306693000
1776306695.164,95.164,0.84,163.0,0.83,98.84,0.85,8.0,0.86,8.0,0.15,18.0,0.14,8.0,0.16,98.0,0.17,15.0,0.01,0.01,2362.478019,1776306693000
1776306699.358,99.358,0.84,468.46,0.83,40.0,0.85,55.0,0.86,20.0,0.11,120.0,0.1,150.0,0.16,168.0,0.17,100.26,0.01,0.05,2363.182821,1776306698000
1776306703.212,103.212,0.84,580.08,0.83,125.08,0.85,20.0,0.86,20.0,0.15,55.0,0.14,20.0,0.16,468.46,0.17,40.0,0.01,0.01,2362.878519,1776306702000
1776306703.543,103.543,0.84,43.0,0.83,67.82,0.85,16.58,0.86,20.0,0.15,20.0,0.14,20.0,0.16,580.08,0.17,125.08,0.01,0.01,2362.878519,1776306702000
1776306704.273,104.273,0.84,72.11,0.83,67.82,0.85,26.58,0.86,20.0,0.15,16.58,0.14,20.0,0.16,43.0,0.17,67.82,0.01,0.01,2362.878519,1776306702000
1776306705.084,105.084,0.88,191.0,0.87,29.0,0.89,72.32,0.91,15.0,0.15,15.69,0.14,20.0,0.16,596.41,0.17,67.82,0.01,0.01,2362.832817,1776306703000
1776306705.292,105.292,0.89,57.68,0.88,259.0,0.91,15.0,0.92,47.0,0.11,42.32,0.09,15.0,0.12,259.0,0.13,61.0,0.02,0.01,2362.832817,1776306703000
1776306705.556,105.556,0.89,69.68,0.88,125.0,0.9,21.88,0.91,24.0,0.09,15.0,0.08,47.0,0.11,57.68,0.12,259.0,0.01,0.02,2362.894681,1776306704000
1776306706.109,106.109,0.89,124.87,0.88,146.0,0.9,5.82,0.91,24.0,0.1,5.82,0.09,24.0,0.11,69.68,0.12,125.0,0.01,0.01,2362.894681,1776306704000
1776306706.459,106.459,0.88,81.81,0.87,5.0,0.89,10.0,0.9,50.82,0.1,5.82,0.09,24.0,0.11,124.87,0.12,146.0,0.01,0.01,2362.904044,1776306705000
1776306707.166,107.166,0.89,35.0,0.88,76.0,0.9,10.82,0.91,45.0,0.11,10.0,0.1,50.82,0.12,81.81,0.13,5.0,0.01,0.01,2362.904044,1776306705000
1776306708.01,108.01,0.89,45.0,0.87,5.0,0.9,45.82,0.91,74.0,0.1,10.82,0.09,45.0,0.11,35.0,0.12,76.0,0.01,0.01,2363.440657,1776306706000
1776306710.038,110.038,0.87,50.22,0.86,11.0,0.89,21.0,0.9,229.82,0.1,45.82,0.09,74.0,0.13,5.0,0.14,27.0,0.02,0.03,2363.525125,1776306708000
1776306717.882,117.882,0.88,134.0,0.87,87.0,0.89,5.0,0.9,215.82,0.11,21.0,0.1,229.82,0.13,50.22,0.14,11.0,0.01,0.02,2363.0331,1776306716000
1776306718.856,118.856,0.89,186.0,0.88,132.0,0.9,110.0,0.91,10.0,0.11,5.0,0.1,215.82,0.12,134.0,0.13,87.0,0.01,0.01,2363.08745,1776306717000
1776306719.056,119.056,0.9,5.0,0.89,186.0,0.93,20.65,0.94,54.0,0.09,8.89,0.08,15.0,0.11,181.0,0.12,127.0,0.03,0.02,2363.08745,1776306717000
1776306720.136,120.136,0.92,56.0,0.91,56.0,0.94,12.0,0.95,92.0,0.07,20.65,0.06,54.0,0.1,5.0,0.11,186.0,0.02,0.03,2363.0931,1776306718000
1776306720.78,120.78,0.93,63.0,0.92,79.0,0.94,5.83,0.95,62.0,0.06,10.93,0.05,62.0,0.07,53.0,0.08,79.0,0.01,0.01,2363.421685,1776306719000
1776306721.101,121.101,0.93,32.0,0.92,34.0,0.95,34.83,0.96,401.49,0.06,5.83,0.05,62.0,0.07,63.0,0.08,79.0,0.02,0.01,2363.421685,1776306719000
1776306722.53,122.53,0.92,103.0,0.91,435.0,0.93,2.73,0.95,34.83,0.07,7.73,0.06,10.0,0.08,47.0,0.09,56.0,0.01,0.01,2363.761265,1776306721000
1776306725.52,125.52,0.92,8.0,0.91,359.0,0.93,21.65,0.94,24.0,0.07,2.73,0.05,34.83,0.08,103.0,0.09,435.0,0.01,0.01,2364.04353,1776306724000
1776306726.542,126.542,0.92,74.0,0.91,436.0,0.94,20.31,0.95,79.83,0.07,21.65,0.06,24.0,0.08,8.0,0.09,359.0,0.02,0.01,2364.059205,1776306725000
1776306727.113,127.113,0.92,66.5,0.91,436.0,0.94,11.31,0.95,34.83,0.06,20.31,0.05,79.83,0.08,74.0,0.09,436.0,0.02,0.02,2363.847177,1776306726000
1776306728.82,128.82,0.94,364.0,0.93,374.3,0.95,8.83,0.96,67.5,0.06,11.31,0.05,34.83,0.08,66.5,0.09,436.0,0.01,0.02,2363.795865,1776306727000
1776306729.037,129.037,0.96,136.0,0.95,164.0,0.97,262.55,0.98,240.0,0.03,409.57,0.02,448.0,0.04,171.23,0.05,164.0,0.01,0.01,2363.947189,1776306728000
1776306729.384,129.384,0.96,150.0,0.95,569.0,0.99,1635.39,,,0.03,262.55,0.02,240.0,0.04,136.0,0.05,164.0,0.03,0.01,2363.947189,1776306728000
1776306729.683,129.683,0.98,583.0,0.97,135.0,0.99,1593.84,,,0.01,1513.84,,,0.02,233.0,0.03,135.0,0.01,0.01,2363.947189,1776306728000
1776306730.591,130.591,0.98,663.13,0.97,174.0,0.99,1383.84,,,0.01,1478.84,,,0.02,528.0,0.03,113.0,0.01,0.01,2363.959845,1776306729000
1776306730.863,130.863,0.98,1048.13,0.97,174.0,0.99,1376.84,,,0.01,1383.84,,,0.02,663.13,0.03,174.0,0.01,0.01,2363.959845,1776306729000
1776306731.3,131.3,0.98,981.0,0.97,297.7,0.99,1371.78,,,0.01,1376.84,,,0.02,1048.13,0.03,174.0,0.01,0.01,2366.627783,1776306730000
1776306731.672,131.672,0.98,941.6,0.97,297.7,0.99,1392.6,,,0.01,1406.78,,,0.02,941.6,0.03,297.7,0.01,0.01,2366.627783,1776306730000
1776306731.878,131.878,0.98,93.6,0.97,974.0,0.99,1754.16,,,0.01,1760.18,,,0.02,93.6,0.03,974.0,0.01,0.01,2366.627783,1776306730000
1776306732.3,132.3,0.98,93.79,0.97,601.0,0.99,1718.04,,,0.01,1755.08,,,0.02,93.6,0.03,274.0,0.01,0.01,2366.627783,1776306730000
1776306732.519,132.519,0.96,284.0,0.95,519.8,0.99,1745.82,,,0.01,1759.97,,,0.04,284.0,0.05,519.8,0.03,0.03,2366.748255,1776306731000
1776306732.819,132.819,0.96,234.0,0.95,148.8,0.98,15.0,0.99,1668.64,0.02,3.46,0.01,1668.64,0.04,284.0,0.05,139.8,0.02,0.02,2366.748255,1776306731000
1776306733.021,133.021,0.96,118.0,0.95,139.8,0.98,34.79,0.99,1668.64,0.02,35.82,0.01,1668.64,0.04,118.0,0.05,139.8,0.02,0.02,2366.718255,1776306732000
1776306733.379,133.379,0.96,90.0,0.95,239.8,0.99,1681.64,,,0.02,13.32,0.01,1681.64,0.04,180.0,0.05,139.8,0.03,0.02,2366.718255,1776306732000
1776306733.655,133.655,0.98,152.0,0.97,172.0,0.99,1546.57,,,0.01,1681.64,,,0.04,90.0,0.05,239.8,0.01,0.03,2366.718255,1776306732000
1776306734.201,134.201,0.98,290.0,0.97,172.0,0.99,1179.92,,,0.01,1180.94,,,0.02,356.0,0.03,172.0,0.01,0.01,2366.22555,1776306733000
1776306734.507,134.507,0.98,210.0,0.97,172.0,0.99,1174.92,,,0.01,1179.92,,,0.02,290.0,0.03,172.0,0.01,0.01,2366.22555,1776306733000
1776306734.934,134.934,0.98,210.0,0.97,172.0,0.99,1163.79,,,0.01,1164.81,,,0.02,210.0,0.03,172.0,0.01,0.01,2366.22555,1776306733000
1776306735.416,135.416,0.98,210.0,0.97,295.7,0.99,1162.65,,,0.01,1153.68,,,0.02,210.0,0.03,172.0,0.01,0.01,2366.22555,1776306733000
1776306735.621,135.621,0.98,210.0,0.97,295.7,0.99,1476.25,,,0.01,1162.65,,,0.02,210.0,0.03,295.7,0.01,0.01,2365.778737,1776306734000
1776306735.922,135.922,0.98,242.0,0.97,295.7,0.99,1466.19,,,0.01,1476.25,,,0.02,210.0,0.03,295.7,0.01,0.01,2365.778737,1776306734000
1776306736.331,136.331,0.98,242.0,0.97,295.7,0.99,1468.15,,,0.01,1466.19,,,0.02,242.0,0.03,295.7,0.01,0.01,2365.778737,1776306734000
1776306737.582,137.582,0.98,210.0,0.97,295.7,0.99,1417.64,,,0.01,1468.15,,,0.02,242.0,0.03,295.7,0.01,0.01,2366.569737,1776306736000
1776306737.867,137.867,0.98,110.0,0.97,195.7,0.99,1411.62,,,0.01,1417.64,,,0.02,210.0,0.03,295.7,0.01,0.01,2366.569737,1776306736000
1776306738.234,138.234,0.98,117.0,0.97,195.7,0.99,1413.58,,,0.01,1411.62,,,0.02,110.0,0.03,195.7,0.01,0.01,2366.543294,1776306737000
1776306738.598,138.598,0.98,117.0,0.97,195.7,0.99,1405.54,,,0.01,1413.58,,,0.02,117.0,0.03,195.7,0.01,0.01,2366.543294,1776306737000
1776306738.864,138.864,0.98,100.0,0.97,195.7,0.99,1396.38,,,0.01,1387.9,,,0.02,110.0,0.03,195.7,0.01,0.01,2366.543294,1776306737000
1776306739.948,139.948,0.97,300.7,0.96,871.7,0.98,2.04,0.99,1488.38,0.01,1396.38,,,0.02,100.0,0.03,195.7,0.01,0.01,2366.543294,1776306737000
1776306740.498,140.498,0.97,274.7,0.96,163.7,0.98,17.04,0.99,1494.68,0.02,2.04,0.01,1488.38,0.03,300.7,0.04,871.7,0.01,0.01,2366.502185,1776306739000
1776306740.97,140.97,0.98,6.66,0.97,174.7,0.99,1495.38,,,0.02,17.04,0.01,1494.68,0.03,274.7,0.04,163.7,0.01,0.01,2366.502185,1776306739000
1776306743.485,143.485,0.98,31.36,0.97,23.0,0.99,1518.37,,,0.01,1495.38,,,0.02,6.66,0.03,174.7,0.01,0.01,2365.886026,1776306742000
1776306743.713,143.713,0.98,21.36,0.97,23.0,0.99,1547.37,,,0.01,1518.37,,,0.02,31.36,0.03,23.0,0.01,0.01,2365.886026,1776306742000
1776306746.269,146.269,0.98,16.5,0.97,23.0,0.99,1520.44,,,0.01,1547.37,,,0.02,21.36,0.03,23.0,0.01,0.01,2365.360255,1776306744000
1776306746.502,146.502,0.94,20.5,0.93,43.0,0.98,70.5,0.99,2197.37,0.02,47.5,0.01,1802.37,0.03,23.0,0.04,23.0,0.04,0.01,2365.255565,1776306745000
1776306747.275,147.275,0.92,162.4,0.91,111.0,0.94,11.41,0.95,35.0,0.05,90.0,0.04,10.0,0.07,20.0,0.08,137.4,0.02,0.02,2365.255565,1776306745000
1776306750.488,150.488,0.95,32.0,0.94,98.91,0.96,45.0,0.97,15.0,0.06,11.41,0.05,35.0,0.08,162.4,0.09,111.0,0.01,0.02,2364.548872,1776306749000
1776306751.167,151.167,0.95,60.91,0.94,47.23,0.96,72.9,0.97,23.0,0.04,45.0,0.03,15.0,0.05,32.0,0.06,98.91,0.01,0.01,2364.548872,1776306749000
1776306751.555,151.555,0.94,38.14,0.93,5.0,0.96,15.0,0.97,23.0,0.04,64.64,0.03,23.0,0.05,60.91,0.06,47.23,0.02,0.01,2364.548872,1776306749000
1776306752.23,152.23,0.94,37.23,0.93,15.0,0.95,99.75,0.96,15.0,0.04,15.0,0.03,23.0,0.06,38.14,0.07,5.0,0.01,0.02,2364.944881,1776306750000
1776306752.484,152.484,0.94,95.23,0.93,20.0,0.95,34.53,0.96,15.0,0.05,84.53,0.04,15.0,0.06,47.23,0.07,15.0,0.01,0.01,2364.944881,1776306750000
1776306752.8,152.8,0.94,95.23,0.93,34.0,0.95,13.13,0.96,15.0,0.05,34.53,0.04,15.0,0.06,95.23,0.07,20.0,0.01,0.01,2364.888195,1776306751000
1776306753.148,153.148,0.94,31.89,0.93,5.0,0.95,170.86,0.96,191.8,0.05,13.13,0.04,15.0,0.06,81.89,0.07,34.0,0.01,0.01,2364.888195,1776306751000
1776306753.353,153.353,0.92,10.89,0.91,47.0,0.93,10.0,0.94,140.0,0.05,205.86,0.04,221.8,0.08,49.89,0.09,47.0,0.01,0.03,2364.7534,1776306752000
1776306754.552,154.552,0.95,19.0,0.94,170.0,0.96,32.0,0.97,15.0,0.07,5.0,0.06,158.65,0.08,10.89,0.09,47.0,0.01,0.01,2364.7534,1776306752000
1776306757.138,157.138,0.95,69.12,0.94,222.8,0.96,32.0,0.97,15.0,0.04,32.0,0.03,15.0,0.05,19.0,0.06,170.0,0.01,0.01,2364.72259,1776306756000
1776306757.449,157.449,0.92,2.33,0.91,94.0,0.96,5.0,0.97,32.0,0.04,32.0,0.03,15.0,0.05,69.12,0.06,222.8,0.04,0.01,2364.72259,1776306756000
1776306758.581,158.581,0.94,78.75,0.93,6.0,0.98,67.18,0.99,1841.38,0.04,5.0,0.03,32.0,0.08,2.33,0.09,94.0,0.04,0.04,2364.633267,1776306757000
1776306760.061,160.061,0.94,212.75,0.93,68.0,0.95,57.78,0.96,5.0,0.02,67.18,0.01,1841.38,0.06,78.75,0.07,6.0,0.01,0.04,2364.823003,1776306758000
1776306760.453,160.453,0.94,217.75,0.93,227.71,0.95,37.78,0.96,5.0,0.05,57.78,0.04,5.0,0.06,212.75,0.07,68.0,0.01,0.01,2364.837131,1776306759000
1776306761.866,161.866,0.94,319.94,0.93,368.0,0.95,61.4,0.96,20.0,0.05,37.78,0.04,5.0,0.06,217.75,0.07,227.71,0.01,0.01,2364.983086,1776306760000
1776306762.269,162.269,0.94,319.94,0.93,468.0,0.95,56.4,0.96,20.0,0.05,61.4,0.04,20.0,0.06,319.94,0.07,368.0,0.01,0.01,2365.08107,1776306761000
1776306762.776,162.776,0.94,347.17,0.93,460.0,0.95,55.34,0.96,15.0,0.05,56.4,0.04,20.0,0.06,319.94,0.07,468.0,0.01,0.01,2365.08107,1776306761000
1776306762.985,162.985,0.94,342.17,0.93,460.0,0.95,57.21,0.96,15.0,0.05,55.34,0.04,15.0,0.06,347.17,0.07,460.0,0.01,0.01,2365.08107,1776306761000
1776306765.485,165.485,0.94,225.17,0.93,538.53,0.95,51.0,0.96,15.0,0.05,54.08,0.04,15.0,0.06,342.17,0.07,460.0,0.01,0.01,2364.8678,1776306764000
1776306765.968,165.968,0.94,220.17,0.93,538.53,0.95,36.0,0.96,15.0,0.05,51.0,0.04,15.0,0.06,225.17,0.07,538.53,0.01,0.01,2364.81785,1776306765000
1776306767.228,167.228,0.94,543.49,0.93,524.78,0.95,47.92,0.96,15.0,0.05,36.0,0.04,15.0,0.06,220.17,0.07,538.53,0.01,0.01,2364.778192,1776306766000
1776306771.128,171.128,0.94,556.16,0.93,507.29,0.95,27.92,0.96,15.0,0.05,47.92,0.04,15.0,0.06,543.49,0.07,524.78,0.01,0.01,2364.7832,1776306768000
1776306771.542,171.542,0.94,551.16,0.93,507.29,0.95,5.81,0.96,15.0,0.05,25.81,0.04,15.0,0.06,551.16,0.07,507.29,0.01,0.01,2364.78325,1776306769000
1776306777.213,177.213,0.95,59.07,0.94,35.32,0.96,27.0,0.97,170.7,0.05,5.81,0.04,15.0,0.06,551.16,0.07,507.29,0.01,0.01,2364.654775,1776306775000
1776306779.589,179.589,0.95,98.74,0.94,53.32,0.96,22.0,0.97,22.0,0.04,22.0,0.03,170.7,0.05,9.07,0.06,35.32,0.01,0.01,2364.554354,1776306777000
1776306780.356,180.356,0.95,103.74,0.94,45.32,0.96,4.79,0.97,22.0,0.04,22.0,0.03,22.0,0.05,98.74,0.06,53.32,0.01,0.01,2364.186125,1776306778000
1776306780.654,180.654,0.95,115.74,0.94,50.32,0.96,3.74,0.97,22.0,0.04,4.79,0.03,22.0,0.05,103.74,0.06,45.32,0.01,0.01,2364.522245,1776306779000
1776306781.205,181.205,0.95,110.74,0.94,50.94,0.96,5.53,0.97,22.0,0.04,3.74,0.03,22.0,0.05,115.74,0.06,50.32,0.01,0.01,2364.522245,1776306779000
1776306781.503,181.503,0.95,110.74,0.94,50.94,0.96,18.45,0.97,22.0,0.04,5.53,0.03,22.0,0.05,110.74,0.06,50.94,0.01,0.01,2364.51875,1776306780000
1776306781.877,181.877,0.95,84.74,0.94,50.94,0.96,18.45,0.97,47.0,0.04,18.45,0.03,22.0,0.05,110.74,0.06,50.94,0.01,0.01,2364.51875,1776306780000
1776306782.315,182.315,0.96,26.0,0.95,123.74,0.97,50.53,0.98,634.88,0.03,356.11,0.02,436.81,0.05,84.74,0.06,50.94,0.01,0.02,2364.497743,1776306781000
1776306782.574,182.574,0.96,50.0,0.95,131.74,0.97,36.24,0.98,562.88,0.03,50.53,0.02,634.88,0.04,26.0,0.05,123.74,0.01,0.01,2364.497743,1776306781000
1776306782.899,182.899,0.96,31.52,0.95,131.74,0.97,15.0,0.98,532.88,0.03,36.24,0.02,562.88,0.04,50.0,0.05,131.74,0.01,0.01,2364.497743,1776306781000
1776306783.246,183.246,0.96,16.62,0.95,131.74,0.97,10.0,0.98,532.88,0.03,8.23,0.02,532.88,0.04,21.62,0.05,131.74,0.01,0.01,2364.497743,1776306781000
1776306783.607,183.607,0.96,6.62,0.95,131.74,0.97,20.71,0.98,532.88,0.03,10.0,0.02,532.88,0.04,16.62,0.05,131.74,0.01,0.01,2364.497743,1776306781000
1776306783.964,183.964,0.95,93.74,0.94,50.94,0.96,28.0,0.97,25.71,0.03,20.71,0.02,532.88,0.04,6.62,0.05,131.74,0.01,0.01,2364.211837,1776306782000
1776306784.918,184.918,0.95,176.05,0.94,50.94,0.96,70.71,0.97,309.0,0.04,28.0,0.03,25.71,0.05,93.74,0.06,50.94,0.01,0.01,2363.98951,1776306783000
1776306785.361,185.361,0.95,70.05,0.94,50.94,0.96,63.99,0.97,314.0,0.04,70.71,0.03,309.0,0.05,80.05,0.06,50.94,0.01,0.01,2363.98951,1776306783000
1776306786.775,186.775,0.95,184.16,0.94,60.94,0.96,62.72,0.97,435.7,0.04,63.99,0.03,314.0,0.05,70.05,0.06,50.94,0.01,0.01,2364.00235,1776306785000
1776306788.197,188.197,0.95,79.16,0.94,50.94,0.96,435.79,0.97,218.7,0.04,62.72,0.03,435.7,0.05,184.16,0.06,60.94,0.01,0.01,2363.72855,1776306786000
1776306789.271,189.271,0.95,53.16,0.94,50.94,0.96,435.79,0.97,218.7,0.04,435.79,0.03,218.7,0.05,79.16,0.06,50.94,0.01,0.01,2363.727895,1776306788000
1776306789.798,189.798,0.95,43.16,0.94,55.94,0.96,435.79,0.97,218.7,0.04,435.79,0.03,218.7,0.05,53.16,0.06,50.94,0.01,0.01,2363.727895,1776306788000
1776306790.051,190.051,0.95,43.16,0.94,55.94,0.96,430.79,0.97,218.7,0.04,435.79,0.03,218.7,0.05,43.16,0.06,55.94,0.01,0.01,2363.727895,1776306788000
1776306791.019,191.019,0.95,13.16,0.94,55.94,0.96,430.79,0.97,218.7,0.04,430.79,0.03,218.7,0.05,43.16,0.06,55.94,0.01,0.01,2363.108461,1776306789000
1776306791.265,191.265,0.95,3.16,0.94,55.94,0.96,430.79,0.97,218.7,0.04,430.79,0.03,218.7,0.05,13.16,0.06,55.94,0.01,0.01,2363.009794,1776306790000
1776306791.492,191.492,0.94,39.27,0.93,10.0,0.96,430.79,0.97,218.7,0.04,430.79,0.03,218.7,0.06,55.94,0.07,10.0,0.02,0.02,2363.009794,1776306790000
1776306792.438,192.438,0.94,135.56,0.93,10.0,0.96,425.32,0.97,184.7,0.04,430.79,0.03,218.7,0.06,135.56,0.07,10.0,0.02,0.02,2363.00926,1776306791000
1776306794.972,194.972,0.95,16.36,0.94,130.56,0.96,297.71,0.97,188.03,0.04,425.32,0.03,184.7,0.06,135.56,0.07,10.0,0.01,0.02,2363.195015,1776306793000
1776306797.123,197.123,0.95,5.2,0.94,54.27,0.96,2.31,0.97,390.1,0.04,280.59,0.03,188.03,0.06,130.56,0.07,5.0,0.01,0.02,2363.175005,1776306795000
1776306798.206,198.206,0.95,15.2,0.94,54.27,0.96,141.11,0.97,390.1,0.04,2.31,0.03,390.1,0.05,5.2,0.06,54.27,0.01,0.01,2363.246002,1776306796000
1776306799.595,199.595,0.94,68.93,0.93,10.0,0.96,141.11,0.97,380.1,0.04,141.11,0.03,390.1,0.05,15.2,0.06,66.27,0.02,0.01,2363.477878,1776306798000
1776306800.361,200.361,0.94,68.93,0.93,10.0,0.96,106.44,0.97,157.03,0.04,111.44,0.03,380.1,0.06,68.93,0.07,10.0,0.02,0.02,2363.64815,1776306799000
1776306801.262,201.262,0.95,5.0,0.94,46.93,0.96,51.23,0.97,157.03,0.04,106.44,0.03,157.03,0.05,5.0,0.06,68.93,0.01,0.01,2363.27581,1776306800000
1776306801.466,201.466,0.95,10.0,0.94,39.93,0.96,37.77,0.97,157.03,0.04,46.02,0.03,157.03,0.05,10.0,0.06,39.93,0.01,0.01,2363.27581,1776306800000
1776306801.966,201.966,0.95,109.84,0.94,49.93,0.96,53.7,0.97,380.1,0.04,53.7,0.03,380.1,0.05,154.57,0.06,39.93,0.01,0.01,2363.27581,1776306800000
1776306802.391,202.391,0.95,15.22,0.94,44.93,0.96,132.13,0.97,524.1,0.04,51.2,0.03,380.1,0.05,114.84,0.06,49.93,0.01,0.01,2363.24884,1776306801000
1776306802.722,202.722,0.95,56.28,0.94,44.93,0.96,135.25,0.97,524.1,0.04,132.13,0.03,524.1,0.05,15.22,0.06,44.93,0.01,0.01,2363.24884,1776306801000
1776306803.352,203.352,0.95,61.28,0.94,44.93,0.96,126.21,0.97,524.1,0.04,135.25,0.03,524.1,0.05,56.28,0.06,44.93,0.01,0.01,2363.134413,1776306802000
1776306804.011,204.011,0.95,56.28,0.94,69.93,0.96,76.21,0.97,524.1,0.04,126.21,0.03,524.1,0.05,61.28,0.06,44.93,0.01,0.01,2363.134413,1776306802000
1776306804.904,204.904,0.93,15.0,0.92,115.0,0.96,64.86,0.97,524.1,0.04,64.86,0.03,524.1,0.05,58.59,0.06,69.93,0.03,0.01,2363.18945,1776306803000
1776306805.486,205.486,0.93,46.0,0.92,115.0,0.96,38.81,0.97,524.1,0.04,41.94,0.03,524.1,0.07,15.0,0.08,115.0,0.03,0.03,2363.20911,1776306804000
1776306805.744,205.744,0.94,0.3,0.93,46.0,0.96,18.81,0.97,524.1,0.04,18.81,0.03,524.1,0.07,46.0,0.08,115.0,0.02,0.03,2363.20911,1776306804000
1776306806.61,206.61,0.94,2.33,0.93,46.0,0.95,5.0,0.96,10.93,0.04,15.68,0.03,524.1,0.06,10.3,0.07,51.0,0.01,0.02,2363.310127,1776306805000
1776306808.599,208.599,0.93,42.08,0.92,115.0,0.95,45.93,0.96,5.0,0.05,5.0,0.04,10.93,0.06,2.33,0.07,46.0,0.02,0.01,2363.230781,1776306807000
1776306814.101,214.101,0.94,101.2,0.93,42.08,0.96,1.49,0.97,414.1,0.05,45.93,0.04,5.0,0.07,42.08,0.08,115.0,0.02,0.02,2363.01305,1776306813000
1776306814.952,214.952,0.94,10.0,0.93,44.0,0.97,359.93,0.98,253.7,0.04,1.49,0.03,414.1,0.06,101.2,0.07,11.08,0.03,0.02,2363.01305,1776306813000
1776306815.674,215.674,0.95,10.0,0.94,174.04,0.97,110.05,0.98,426.77,0.03,136.86,0.02,253.7,0.06,10.0,0.07,44.0,0.02,0.03,2363.073389,1776306814000
1776306816.317,216.317,0.95,10.0,0.94,47.0,0.97,86.86,0.98,426.77,0.03,105.05,0.02,426.77,0.05,10.0,0.06,174.04,0.02,0.02,2363.16272,1776306815000
1776306818.044,218.044,0.95,40.47,0.94,10.0,0.97,86.83,0.98,431.77,0.03,86.86,0.02,426.77,0.05,40.47,0.06,47.0,0.02,0.02,2363.095785,1776306816000
1776306818.498,218.498,0.95,63.67,0.94,110.0,0.97,86.83,0.98,431.77,0.03,86.83,0.02,431.77,0.05,40.47,0.06,10.0,0.02,0.02,2363.095785,1776306816000
1776306819.258,219.258,0.95,63.67,0.94,110.0,0.97,83.53,0.98,208.7,0.03,86.83,0.02,431.77,0.05,63.67,0.06,110.0,0.02,0.02,2363.305215,1776306818000
1776306820.554,220.554,0.95,33.2,0.94,110.0,0.97,83.53,0.98,203.7,0.03,83.53,0.02,208.7,0.05,63.67,0.06,110.0,0.02,0.02,2363.350338,1776306819000
1776306826.518,226.518,0.96,247.95,0.95,162.2,0.97,100.42,0.98,227.82,0.03,83.53,0.02,203.7,0.05,33.2,0.06,110.0,0.01,0.02,2363.830062,1776306825000
1776306827.413,227.413,0.96,247.95,0.95,152.2,0.97,95.42,0.98,227.82,0.03,100.42,0.02,227.82,0.04,247.95,0.05,162.2,0.01,0.01,2363.847315,1776306826000
1776306827.87,227.87,0.96,247.95,0.95,152.2,0.97,73.42,0.98,227.82,0.03,80.42,0.02,227.82,0.04,247.95,0.05,152.2,0.01,0.01,2363.847315,1776306826000
1776306828.161,228.161,0.96,247.95,0.95,152.2,0.97,52.42,0.98,227.82,0.03,59.42,0.02,227.82,0.04,247.95,0.05,152.2,0.01,0.01,2363.837012,1776306827000
1776306828.403,228.403,0.96,247.95,0.95,152.2,0.97,38.42,0.98,227.82,0.03,45.42,0.02,227.82,0.04,247.95,0.05,152.2,0.01,0.01,2363.837012,1776306827000
1776306828.64,228.64,0.96,247.95,0.95,152.2,0.97,1.83,0.98,227.82,0.03,25.42,0.02,227.82,0.04,247.95,0.05,152.2,0.01,0.01,2363.837012,1776306827000
1776306829.879,229.879,0.96,167.95,0.95,266.51,0.97,106.83,0.98,235.82,0.03,1.83,0.02,227.82,0.04,247.95,0.05,152.2,0.01,0.01,2363.727533,1776306828000
1776306830.088,230.088,0.96,217.95,0.95,236.51,0.97,86.89,0.98,240.88,0.03,92.89,0.02,240.88,0.04,217.95,0.05,236.51,0.01,0.01,2363.727533,1776306828000
1776306830.372,230.372,0.96,17.26,0.95,236.51,0.97,81.89,0.98,225.82,0.03,81.89,0.02,226.82,0.04,35.9,0.05,236.51,0.01,0.01,2363.162281,1776306829000
1776306831.515,231.515,0.96,5.26,0.95,152.51,0.97,49.84,0.98,225.82,0.03,44.84,0.02,225.82,0.04,42.26,0.05,236.51,0.01,0.01,2363.15549,1776306830000
1776306832.639,232.639,0.98,335.21,0.97,10.0,0.99,625.66,,,0.01,545.54,,,0.02,332.56,0.04,2.81,0.01,0.01,2363.1525,1776306831000
1776306832.95,232.95,0.98,335.21,0.97,61.0,0.99,613.53,,,0.01,625.66,,,0.02,335.21,0.03,10.0,0.01,0.01,2363.1525,1776306831000
1776306833.464,233.464,0.98,322.12,0.97,61.0,0.99,912.01,,,0.01,613.53,,,0.02,302.21,0.03,61.0,0.01,0.01,2363.10213,1776306832000
1776306834.002,234.002,0.98,279.12,0.97,157.0,0.99,889.88,,,0.01,902.01,,,0.02,269.12,0.03,71.0,0.01,0.01,2363.10213,1776306832000
1776306834.41,234.41,0.98,269.12,0.97,157.0,0.99,831.92,,,0.01,837.92,,,0.02,284.12,0.03,157.0,0.01,0.01,2363.039332,1776306833000
1776306836.057,236.057,0.98,260.42,0.97,157.0,0.99,831.92,,,0.01,831.92,,,0.02,269.12,0.03,157.0,0.01,0.01,2363.222725,1776306834000
1776306837.147,237.147,0.98,253.36,0.97,157.0,0.99,1300.92,,,0.01,831.92,,,0.02,260.42,0.03,157.0,0.01,0.01,2363.520958,1776306836000
1776306837.561,237.561,0.98,247.41,0.97,157.0,0.99,937.32,,,0.01,937.32,,,0.02,253.36,0.03,157.0,0.01,0.01,2363.520958,1776306836000
1776306838.108,238.108,0.98,197.41,0.97,157.0,0.99,955.32,,,0.01,937.32,,,0.02,247.41,0.03,157.0,0.01,0.01,2363.520958,1776306836000
1776306838.586,238.586,0.98,207.41,0.97,157.0,0.99,955.32,,,0.01,955.32,,,0.02,197.41,0.03,157.0,0.01,0.01,2363.534405,1776306837000
1776306839.485,239.485,0.98,202.41,0.97,157.0,0.99,4539.57,,,0.01,955.32,,,0.02,207.41,0.03,157.0,0.01,0.01,2363.51588,1776306838000
1776306840.091,240.091,0.98,192.41,0.97,157.0,0.99,4264.54,,,0.01,4539.57,,,0.02,202.41,0.03,157.0,0.01,0.01,2363.491295,1776306839000
1776306840.969,240.969,0.98,128.41,0.97,124.9,0.99,487.32,,,0.01,4264.54,,,0.02,192.41,0.03,157.0,0.01,0.01,2363.491295,1776306839000
1776306841.744,241.744,0.98,135.41,0.97,124.9,0.99,482.32,,,0.01,487.32,,,0.02,128.41,0.03,124.9,0.01,0.01,2363.50479,1776306840000
1776306842.027,242.027,0.98,108.41,0.97,61.0,0.99,481.3,,,0.01,481.3,,,0.02,140.41,0.03,124.9,0.01,0.01,2363.375432,1776306841000
1776306842.923,242.923,0.98,23.41,0.97,61.0,0.99,1108.81,,,0.01,501.23,,,0.02,18.41,0.03,61.0,0.01,0.01,2363.375432,1776306841000
1776306843.191,243.191,0.97,61.0,0.96,39.81,0.98,147.55,0.99,905.21,0.02,40.59,0.01,1108.81,0.03,61.0,0.04,2.81,0.01,0.01,2363.157637,1776306842000
1776306843.859,243.859,0.97,72.0,0.96,88.9,0.98,91.96,0.99,884.28,0.02,152.55,0.01,905.21,0.03,18.0,0.04,39.81,0.01,0.01,2363.157637,1776306842000
1776306844.118,244.118,0.97,62.0,0.96,81.81,0.98,91.96,0.99,926.28,0.02,91.96,0.01,884.28,0.03,72.0,0.04,88.9,0.01,0.01,2363.157637,1776306842000
1776306845.438,245.438,0.97,29.0,0.96,86.81,0.98,65.88,0.99,1041.28,0.02,78.96,0.01,926.28,0.03,30.0,0.04,81.81,0.01,0.01,2362.353335,1776306844000
1776306846.189,246.189,0.97,24.0,0.96,86.81,0.98,65.88,0.99,1041.28,0.02,65.88,0.01,1041.28,0.03,29.0,0.04,86.81,0.01,0.01,2362.353335,1776306844000
1776306846.742,246.742,0.97,25.0,0.96,86.81,0.99,968.42,,,0.02,60.77,0.01,1041.28,0.03,13.0,0.04,86.81,0.02,0.01,2362.443624,1776306845000
1776306847.284,247.284,0.98,116.0,0.97,13.0,0.99,644.42,,,0.01,968.42,,,0.03,25.0,0.04,86.81,0.01,0.02,2362.317616,1776306846000
1776306849.896,249.896,0.98,105.0,0.97,105.09,0.99,595.42,,,0.01,595.42,,,0.02,121.0,0.03,58.91,0.01,0.01,2362.9665,1776306849000
1776306850.279,250.279,0.98,115.0,0.97,105.09,0.99,594.4,,,0.01,595.42,,,0.02,105.0,0.03,105.09,0.01,0.01,2362.9665,1776306849000
1776306851.798,251.798,0.97,28.09,0.96,25.81,0.99,594.4,,,0.01,594.4,,,0.02,115.0,0.03,105.09,0.02,0.01,2362.9389,1776306850000
1776306852.186,252.186,0.98,495.0,0.97,28.09,0.99,594.4,,,0.01,594.4,,,0.03,28.09,0.04,25.81,0.01,0.02,2362.960105,1776306851000
1776306852.826,252.826,0.98,553.28,0.97,41.09,0.99,584.29,,,0.01,594.4,,,0.02,497.28,0.03,33.09,0.01,0.01,2362.960105,1776306851000
1776306854.085,254.085,0.98,553.28,0.97,48.09,0.99,584.29,,,0.01,584.29,,,0.02,553.28,0.03,41.09,0.01,0.01,2362.89267,1776306852000
1776306855.478,255.478,0.98,553.28,0.97,68.09,0.99,579.29,,,0.01,584.29,,,0.02,553.28,0.03,48.09,0.01,0.01,2362.675412,1776306854000
1776306856.477,256.477,0.98,553.28,0.97,68.09,0.99,279.29,,,0.01,579.29,,,0.02,553.28,0.03,68.09,0.01,0.01,2362.66933,1776306855000
1776306856.838,256.838,0.99,23.32,0.98,548.28,,,,,0.01,276.68,,,0.02,548.28,0.03,68.09,,0.01,2362.66933,1776306855000
1776306857.355,257.355,0.98,548.28,0.97,47.09,0.99,2155.24,,,,,,,0.01,23.32,0.02,548.28,0.01,,2362.660305,1776306856000
1776306858.533,258.533,0.98,543.22,0.97,79.09,0.99,2156.18,,,0.01,2158.21,,,0.02,543.22,0.03,79.09,0.01,0.01,2362.657629,1776306857000
1776306859.527,259.527,0.98,523.22,0.97,57.09,0.99,2159.15,,,0.01,2156.18,,,0.02,543.22,0.03,79.09,0.01,0.01,2362.60791,1776306858000
1776306860.546,260.546,0.98,478.31,0.97,96.09,0.99,2162.12,,,0.01,2159.15,,,0.02,523.22,0.03,57.09,0.01,0.01,2362.640965,1776306859000
1776306861.504,261.504,0.98,482.31,0.97,96.09,0.99,2152.21,,,0.01,2162.12,,,0.02,477.31,0.03,96.09,0.01,0.01,2362.640965,1776306859000
1776306861.783,261.783,0.98,543.31,0.97,96.09,0.99,2118.21,,,0.01,2152.21,,,0.02,482.31,0.03,96.09,0.01,0.01,2362.640965,1776306859000
1776306861.998,261.998,0.98,528.3,0.97,96.09,0.99,2078.21,,,0.01,2078.21,,,0.02,528.31,0.03,96.09,0.01,0.01,2362.5546,1776306860000
1776306863.471,263.471,0.98,632.21,0.97,73.09,0.99,2.97,,,0.01,2078.21,,,0.02,528.3,0.03,96.09,0.01,0.01,2362.56275,1776306862000
1776306864.151,264.151,0.98,523.21,0.97,91.09,0.99,5.0,,,0.01,2.97,,,0.02,632.21,0.03,73.09,0.01,0.01,2362.56275,1776306862000
1776306864.594,264.594,0.98,544.21,0.97,91.09,0.99,5.0,,,0.01,5.0,,,0.02,523.21,0.03,91.09,0.01,0.01,2362.724745,1776306863000
1776306865.275,265.275,0.98,539.21,0.97,91.09,0.99,0.98,,,0.01,3.0,,,0.02,544.21,0.03,91.09,0.01,0.01,2362.724745,1776306863000
1776306866.984,266.984,0.98,570.21,0.97,96.09,,,,,0.01,0.98,,,0.02,539.21,0.03,91.09,,0.01,2362.559475,1776306866000
1776306868.666,268.666,0.99,51.27,0.98,570.21,,,,,,,,,0.02,570.21,0.03,96.09,,,2362.609751,1776306867000
1776306869.196,269.196,0.99,54.27,0.98,570.21,,,,,,,,,0.01,51.27,0.02,570.21,,,2362.609751,1776306867000
1776306870.116,270.116,0.99,142.02,0.98,577.2,,,,,,,,,0.01,54.27,0.02,570.21,,,2362.57329,1776306868000
1776306870.836,270.836,0.99,75.02,0.98,584.2,,,,,,,,,0.01,142.02,0.02,577.2,,,2362.573646,1776306870000
1776306872.828,272.828,0.99,15.02,0.98,557.2,,,,,,,,,0.01,35.02,0.02,584.2,,,2362.601791,1776306871000
1776306874.466,274.466,0.98,520.15,0.97,82.0,,,,,,,,,0.01,9.95,0.02,557.2,,,2362.3356,1776306873000
1776306875.216,275.216,0.98,500.15,0.97,82.0,,,,,,,,,0.02,538.15,0.03,82.0,,,2362.290065,1776306874000
1776306875.42,275.42,0.98,228.16,0.97,69.91,0.99,5.0,,,0.01,5.0,,,0.02,257.16,0.03,69.91,0.01,0.01,2362.290065,1776306874000
1776306875.703,275.703,0.94,35.0,0.93,10.0,0.97,5.88,0.98,10.0,0.03,5.88,0.02,10.0,0.04,10.0,0.05,31.0,0.03,0.01,2362.290065,1776306874000
1776306875.954,275.954,0.95,55.09,0.94,35.0,0.96,53.95,0.97,3.8,0.04,45.0,0.03,3.8,0.06,35.0,0.07,28.0,0.01,0.02,2362.290065,1776306874000
1776306876.161,276.161,0.95,70.09,0.94,35.0,0.98,3.14,0.99,10.0,0.02,7.22,0.01,10.0,0.05,70.09,0.06,35.0,0.03,0.03,2362.225975,1776306875000
1776306880.559,280.559,0.97,10.0,0.96,43.09,,,,,,,,,0.01,77.02,0.04,21.09,,,2361.41091,1776306879000
1776306883.032,283.032,0.97,7.0,0.96,10.0,0.98,15.0,0.99,152.0,,,,,0.03,10.0,0.04,43.09,0.01,,2361.40891,1776306881000
1776306883.295,283.295,0.95,43.09,0.94,33.0,0.96,27.78,0.98,25.0,0.04,30.91,0.02,25.0,0.05,28.09,0.06,49.0,0.01,0.01,2361.3292,1776306882000
1776306883.561,283.561,0.95,48.09,0.94,33.0,0.96,5.55,0.98,25.0,0.04,11.74,0.02,25.0,0.05,43.09,0.06,33.0,0.01,0.01,2361.3292,1776306882000
1776306883.953,283.953,0.95,59.09,0.94,33.0,0.98,10.02,0.99,15.0,0.04,5.55,0.02,25.0,0.05,48.09,0.06,33.0,0.03,0.01,2361.256787,1776306883000
1776306884.247,284.247,0.97,15.0,0.96,10.0,0.98,7.99,0.99,10.0,0.02,10.02,0.01,15.0,0.05,59.09,0.06,33.0,0.01,0.03,2361.256787,1776306883000
1776306884.782,284.782,0.97,20.0,0.96,10.0,0.98,6.96,0.99,10.0,0.02,7.99,0.01,10.0,0.03,15.0,0.04,10.0,0.01,0.01,2361.256787,1776306883000
1776306885.318,285.318,0.99,2.0,0.97,15.0,,,,,,,,,0.03,20.0,0.04,10.0,,,2361.054715,1776306884000
1776306885.762,285.762,0.97,15.0,0.96,16.09,,,,,,,,,0.01,2.0,0.03,15.0,,,2361.054715,1776306884000
1776306886.519,286.519,0.97,52.09,0.96,15.0,,,,,,,,,0.03,15.0,0.04,16.09,,,2361.010093,1776306885000
1776306886.939,286.939,0.99,13.94,0.97,42.09,,,,,,,,,0.03,52.09,0.04,15.0,,,2360.989025,1776306886000
1776306888.986,288.986,0.98,10.0,0.97,51.0,0.99,6.06,,,,,,,0.01,13.94,0.03,42.09,0.01,,2361.00532,1776306887000
1776306890.767,290.767,0.98,45.0,0.97,76.0,0.99,16.06,,,0.01,6.06,,,0.02,10.0,0.03,51.0,0.01,0.01,2361.08909,1776306888000
1776306891.006,291.006,0.98,35.0,0.97,76.0,0.99,5.96,,,0.01,16.06,,,0.02,45.0,0.03,76.0,0.01,0.01,2361.08909,1776306888000
1776306891.28,291.28,0.98,35.0,0.97,81.0,,,,,0.01,4.94,,,0.02,40.0,0.03,76.0,,0.01,2361.08909,1776306888000
1776306892.083,292.083,0.99,278.76,0.98,29.0,,,,,,,,,0.02,35.0,0.03,81.0,,,2361.08909,1776306888000
1776306894.766,294.766,0.99,2611.83,0.98,71.0,,,,,,,,,0.01,278.76,0.02,29.0,,,2361.08909,1776306888000

# RESULT,winner=Up,slug=eth-updown-5m-1776306600,ticks=343
