timestamp,elapsed_sec,up_bid_p1,up_bid_s1,up_bid_p2,up_bid_s2,up_ask_p1,up_ask_s1,up_ask_p2,up_ask_s2,down_bid_p1,down_bid_s1,down_bid_p2,down_bid_s2,down_ask_p1,down_ask_s1,down_ask_p2,down_ask_s2,up_spread,down_spread,eth_price,eth_oracle_ts
1776368700.702,0.702,0.42,175.55,0.4,5.0,0.44,31.06,0.45,370.67,0.56,31.06,0.55,370.67,0.58,70.0,0.6,5.0,0.02,0.02,2358.682669,1776368699000
1776368701.223,1.223,0.43,5.0,0.42,198.55,0.44,22.14,0.45,370.67,0.56,31.06,0.55,370.67,0.58,165.55,0.6,5.0,0.01,0.02,2358.741828,1776368700000
1776368701.596,1.596,0.43,39.26,0.42,178.55,0.44,22.14,0.45,370.67,0.56,22.14,0.55,370.67,0.57,5.0,0.58,198.55,0.01,0.01,2358.741828,1776368700000
1776368702.715,2.715,0.43,5.1,0.42,178.55,0.44,32.85,0.45,370.67,0.56,22.14,0.55,370.67,0.57,39.26,0.58,178.55,0.01,0.01,2358.741828,1776368700000
1776368703.335,3.335,0.43,66.0,0.42,93.0,0.44,10.12,0.45,370.67,0.56,32.85,0.55,370.67,0.57,5.1,0.58,178.55,0.01,0.01,2358.557171,1776368702000
1776368703.562,3.562,0.42,82.79,0.41,90.0,0.46,29.01,0.47,79.0,0.54,29.01,0.53,79.0,0.56,10.97,0.57,92.0,0.04,0.02,2358.557171,1776368702000
1776368703.837,3.837,0.45,10.0,0.44,10.0,0.46,0.46,0.47,135.6,0.54,21.33,0.53,79.0,0.55,5.0,0.56,63.0,0.01,0.01,2358.557171,1776368702000
1776368704.041,4.041,0.46,23.54,0.44,17.0,0.47,120.97,0.48,207.92,0.53,125.19,0.52,207.92,0.54,23.54,0.56,17.0,0.01,0.01,2358.557171,1776368702000
1776368704.327,4.327,0.46,33.45,0.45,85.0,0.47,111.75,0.48,207.92,0.53,111.75,0.52,207.92,0.54,33.54,0.55,80.0,0.01,0.01,2358.59078,1776368703000
1776368704.839,4.839,0.46,31.45,0.45,80.0,0.47,101.75,0.48,207.92,0.53,106.75,0.52,207.92,0.54,31.45,0.55,85.0,0.01,0.01,2358.59078,1776368703000
1776368705.217,5.217,0.46,19.37,0.45,140.0,0.47,111.75,0.48,217.92,0.53,101.75,0.52,207.92,0.54,31.45,0.55,80.0,0.01,0.01,2358.59078,1776368703000
1776368705.431,5.431,0.46,19.45,0.45,145.0,0.47,103.75,0.48,217.92,0.53,111.75,0.52,217.92,0.54,14.45,0.55,140.0,0.01,0.01,2358.59078,1776368703000
1776368705.642,5.642,0.46,9.45,0.45,145.0,0.47,114.75,0.48,217.92,0.53,114.75,0.52,217.92,0.54,14.45,0.55,140.0,0.01,0.01,2358.808114,1776368704000
1776368705.932,5.932,0.46,15.0,0.45,150.0,0.47,83.75,0.48,217.92,0.53,114.75,0.52,217.92,0.54,9.45,0.55,145.0,0.01,0.01,2358.808114,1776368704000
1776368706.18,6.18,0.45,149.48,0.44,10.0,0.47,73.75,0.48,217.92,0.53,73.75,0.52,217.92,0.54,2.77,0.55,150.0,0.02,0.01,2358.808114,1776368704000
1776368706.386,6.386,0.46,42.77,0.45,160.48,0.47,73.75,0.48,207.92,0.53,73.75,0.52,217.92,0.55,149.48,0.56,10.0,0.01,0.02,2358.917254,1776368705000
1776368706.606,6.606,0.45,81.0,0.44,21.0,0.47,86.64,0.48,217.92,0.53,91.64,0.52,217.92,0.55,81.0,0.56,21.0,0.02,0.02,2358.917254,1776368705000
1776368707.064,7.064,0.45,73.85,0.44,21.0,0.47,55.54,0.48,217.92,0.53,71.54,0.52,217.92,0.54,5.0,0.55,86.0,0.02,0.01,2358.917254,1776368705000
1776368707.37,7.37,0.45,5.85,0.44,26.0,0.46,10.0,0.47,10.0,0.54,10.0,0.53,55.54,0.55,80.85,0.56,21.0,0.01,0.01,2358.917254,1776368705000
1776368707.755,7.755,0.44,15.0,0.43,22.0,0.45,51.0,0.46,20.0,0.54,10.0,0.53,10.0,0.55,5.85,0.56,26.0,0.01,0.01,2358.7596,1776368706000
1776368708.096,8.096,0.44,12.5,0.43,10.0,0.45,61.5,0.46,50.0,0.55,51.0,0.54,20.0,0.56,15.0,0.57,22.0,0.01,0.01,2358.7596,1776368706000
1776368708.303,8.303,0.42,17.5,0.41,22.0,0.45,58.83,0.46,65.5,0.55,48.33,0.54,60.5,0.56,2.67,0.57,10.0,0.03,0.01,2358.7596,1776368706000
1776368708.573,8.573,0.43,7.06,0.42,28.0,0.44,20.5,0.45,42.83,0.56,20.5,0.55,42.83,0.57,15.0,0.58,28.0,0.01,0.01,2358.765493,1776368707000
1776368708.805,8.805,0.43,10.5,0.42,20.5,0.44,10.0,0.45,32.33,0.56,10.0,0.55,32.33,0.57,15.5,0.58,20.5,0.01,0.01,2358.765493,1776368707000
1776368709.056,9.056,0.42,44.66,0.41,20.5,0.44,10.0,0.45,37.33,0.56,10.0,0.55,32.33,0.57,10.5,0.58,20.5,0.02,0.01,2358.765493,1776368707000
1776368709.367,9.367,0.42,6.66,0.41,20.5,0.43,53.86,0.44,10.0,0.56,10.0,0.55,32.33,0.6,35.66,0.61,122.0,0.01,0.04,2358.75963,1776368708000
1776368709.683,9.683,0.41,1.81,0.4,57.01,0.42,15.0,0.43,53.86,0.57,53.86,0.56,10.0,0.6,57.01,0.61,60.0,0.01,0.03,2358.75963,1776368708000
1776368710.137,10.137,0.4,57.01,0.39,70.0,0.42,9.16,0.43,63.86,0.58,15.0,0.57,53.86,0.6,57.01,0.61,70.0,0.02,0.02,2358.75963,1776368708000
1776368710.34,10.34,0.4,35.67,0.39,70.0,0.42,9.16,0.43,63.86,0.58,9.16,0.57,63.86,0.6,57.01,0.61,70.0,0.02,0.02,2358.75963,1776368708000
1776368710.846,10.846,0.4,30.0,0.39,60.0,0.42,10.0,0.43,56.8,0.57,46.8,0.56,20.0,0.61,70.0,0.62,15.0,0.02,0.04,2358.539979,1776368709000
1776368711.386,11.386,0.4,33.66,0.36,10.0,0.41,35.0,0.42,10.0,0.58,10.0,0.57,71.8,0.62,15.0,0.63,10.0,0.01,0.04,2358.539979,1776368709000
1776368712.069,12.069,0.4,28.16,0.34,10.0,0.41,85.5,0.42,25.5,0.59,39.2,0.58,10.0,0.6,40.66,0.61,11.0,0.01,0.01,2358.572837,1776368710000
1776368712.28,12.28,0.35,10.0,0.34,10.0,0.41,112.69,0.42,20.5,0.59,82.57,0.58,20.5,0.66,10.0,0.67,10.0,0.06,0.07,2358.572837,1776368710000
1776368712.795,12.795,0.36,10.0,0.35,3.07,0.38,15.0,0.39,15.0,0.59,112.69,0.58,20.5,0.65,3.07,0.66,10.0,0.02,0.06,2358.56979,1776368711000
1776368714.481,14.481,0.38,43.38,0.37,10.0,0.39,10.0,0.4,30.0,0.61,6.19,0.6,30.0,0.63,10.0,0.64,10.0,0.01,0.02,2358.055814,1776368713000
1776368715.325,15.325,0.39,10.0,0.38,43.38,0.4,22.8,0.41,32.69,0.61,10.0,0.6,30.0,0.62,43.38,0.63,10.0,0.01,0.01,2358.086847,1776368714000
1776368715.712,15.712,0.41,10.01,0.39,10.0,0.42,10.0,0.43,72.3,0.6,22.8,0.59,32.69,0.61,10.0,0.62,43.38,0.01,0.01,2358.086847,1776368714000
1776368716.031,16.031,0.41,10.01,0.39,20.0,0.42,13.33,0.43,72.3,0.58,13.33,0.57,72.3,0.59,15.01,0.61,20.0,0.01,0.01,2358.086847,1776368714000
1776368717.309,17.309,0.42,26.67,0.41,17.01,0.43,77.3,0.44,141.49,0.58,13.33,0.57,72.3,0.59,10.01,0.61,20.0,0.01,0.01,2358.132581,1776368716000
1776368717.935,17.935,0.41,79.0,0.4,40.0,0.42,1.66,0.43,47.3,0.57,121.32,0.56,141.49,0.6,5.39,0.61,35.0,0.01,0.03,2358.132581,1776368716000
1776368718.752,18.752,0.42,55.0,0.41,52.98,0.43,18.8,0.44,30.5,0.58,1.66,0.57,47.3,0.59,76.98,0.6,40.0,0.01,0.01,2358.15794,1776368717000
1776368718.989,18.989,0.42,17.36,0.41,25.0,0.43,13.8,0.44,30.5,0.57,13.8,0.56,30.5,0.58,20.04,0.59,25.0,0.01,0.01,2358.15794,1776368717000
1776368719.385,19.385,0.42,107.37,0.41,59.9,0.43,8.8,0.44,5.0,0.57,8.8,0.56,25.5,0.58,10.0,0.59,25.0,0.01,0.01,2358.112388,1776368718000
1776368719.596,19.596,0.44,5.0,0.43,15.0,0.45,120.81,0.46,128.1,0.55,125.81,0.54,128.1,0.57,10.0,0.58,10.0,0.01,0.02,2358.112388,1776368718000
1776368719.888,19.888,0.44,60.59,0.43,20.0,0.45,33.06,0.46,138.1,0.55,43.93,0.54,138.1,0.56,90.59,0.57,20.0,0.01,0.01,2358.112388,1776368718000
1776368720.617,20.617,0.44,32.61,0.43,20.0,0.45,21.94,0.46,128.1,0.55,21.94,0.54,138.1,0.56,60.59,0.57,20.0,0.01,0.01,2358.277114,1776368719000
1776368721.613,21.613,0.44,95.1,0.43,43.26,0.45,1.49,0.46,102.6,0.55,21.94,0.54,128.1,0.56,32.61,0.57,20.0,0.01,0.01,2358.577001,1776368720000
1776368722.088,22.088,0.45,49.81,0.44,99.36,0.46,93.22,0.47,20.5,0.54,93.22,0.53,10.0,0.56,110.1,0.57,43.26,0.01,0.02,2358.652061,1776368721000
1776368722.462,22.462,0.45,23.0,0.44,20.0,0.48,307.88,0.49,304.3,0.54,93.22,0.53,20.5,0.55,49.81,0.56,99.36,0.03,0.01,2358.652061,1776368721000
1776368722.678,22.678,0.46,18.6,0.45,73.0,0.48,317.88,0.49,304.3,0.52,307.88,0.51,304.3,0.55,23.0,0.56,20.0,0.02,0.03,2358.652061,1776368721000
1776368722.938,22.938,0.46,45.87,0.45,45.24,0.48,309.75,0.49,304.3,0.52,317.88,0.51,304.3,0.54,18.6,0.55,73.0,0.02,0.02,2358.652061,1776368721000
1776368723.314,23.314,0.46,64.71,0.45,34.12,0.48,320.25,0.49,309.8,0.52,309.75,0.51,304.3,0.54,45.87,0.55,45.24,0.02,0.02,2358.725123,1776368722000
1776368724.395,24.395,0.46,107.61,0.45,23.0,0.47,19.87,0.48,304.75,0.52,320.25,0.51,309.8,0.54,64.71,0.55,34.12,0.01,0.02,2358.8953,1776368723000
1776368724.641,24.641,0.47,7.45,0.46,103.48,0.48,284.75,0.49,289.8,0.53,19.87,0.52,304.75,0.54,107.61,0.55,23.0,0.01,0.01,2358.8953,1776368723000
1776368724.993,24.993,0.47,95.26,0.46,89.35,0.48,276.5,0.49,279.3,0.52,276.5,0.51,279.3,0.53,55.93,0.54,89.35,0.01,0.01,2358.8953,1776368723000
1776368725.447,25.447,0.47,42.45,0.46,89.35,0.48,278.5,0.49,304.8,0.52,276.5,0.51,279.3,0.53,95.26,0.54,89.35,0.01,0.01,2358.959433,1776368724000
1776368725.913,25.913,0.47,55.45,0.46,100.22,0.48,278.5,0.49,304.8,0.52,278.5,0.51,304.8,0.53,42.45,0.54,89.35,0.01,0.01,2358.959433,1776368724000
1776368726.474,26.474,0.47,38.0,0.46,100.22,0.48,243.5,0.49,299.8,0.52,278.5,0.51,304.8,0.53,55.45,0.54,100.22,0.01,0.01,2358.990273,1776368725000
1776368727.491,27.491,0.47,21.72,0.46,69.35,0.48,154.0,0.49,324.8,0.52,243.5,0.51,299.8,0.53,38.0,0.54,100.22,0.01,0.01,2358.990273,1776368725000
1776368728.25,28.25,0.47,34.72,0.46,20.0,0.48,154.0,0.49,324.8,0.52,154.0,0.51,324.8,0.53,21.72,0.54,69.35,0.01,0.01,2359.087148,1776368726000
1776368730.621,30.621,0.47,268.39,0.46,45.87,0.48,138.11,0.49,324.8,0.52,154.0,0.51,324.8,0.53,34.72,0.54,20.0,0.01,0.01,2359.050005,1776368729000
1776368731.066,31.066,0.47,439.95,0.46,80.0,0.48,118.11,0.49,299.3,0.52,138.11,0.51,324.8,0.53,268.39,0.54,45.87,0.01,0.01,2359.050005,1776368729000
1776368731.567,31.567,0.48,274.01,0.47,188.0,0.49,188.52,0.5,64.8,0.51,191.59,0.5,64.8,0.52,10.0,0.53,310.11,0.01,0.01,2359.020442,1776368730000
1776368731.788,31.788,0.48,354.75,0.47,188.0,0.49,204.52,0.5,64.8,0.51,188.52,0.5,64.8,0.52,278.86,0.53,188.0,0.01,0.01,2359.020442,1776368730000
1776368731.993,31.993,0.48,89.94,0.47,198.64,0.49,191.72,0.5,64.8,0.51,191.72,0.5,64.8,0.52,208.04,0.53,198.64,0.01,0.01,2359.020442,1776368730000
1776368732.356,32.356,0.48,191.33,0.47,178.64,0.49,167.52,0.5,64.8,0.51,167.52,0.5,64.8,0.52,107.13,0.53,178.64,0.01,0.01,2359.031277,1776368731000
1776368732.84,32.84,0.48,229.71,0.47,269.7,0.49,164.58,0.5,64.8,0.51,167.52,0.5,64.8,0.52,191.33,0.53,178.64,0.01,0.01,2359.031277,1776368731000
1776368733.115,33.115,0.48,239.71,0.47,280.34,0.49,153.53,0.5,64.8,0.51,158.53,0.5,64.8,0.52,214.71,0.53,280.34,0.01,0.01,2359.031277,1776368731000
1776368733.426,33.426,0.48,268.71,0.47,264.7,0.49,145.53,0.5,64.8,0.51,153.53,0.5,64.8,0.52,239.71,0.53,280.34,0.01,0.01,2359.031277,1776368731000
1776368733.756,33.756,0.48,120.66,0.47,275.34,0.49,127.91,0.5,64.8,0.51,127.91,0.5,64.8,0.52,122.66,0.53,275.34,0.01,0.01,2359.536188,1776368732000
1776368734.067,34.067,0.48,145.66,0.47,264.7,0.49,122.91,0.5,64.8,0.51,127.91,0.5,64.8,0.52,120.66,0.53,275.34,0.01,0.01,2359.536188,1776368732000
1776368734.56,34.56,0.48,216.5,0.47,264.7,0.49,117.91,0.5,74.8,0.51,122.91,0.5,64.8,0.52,145.66,0.53,264.7,0.01,0.01,2359.536188,1776368732000
1776368734.839,34.839,0.48,169.4,0.47,211.7,0.49,64.11,0.5,74.8,0.51,98.4,0.5,74.8,0.52,185.24,0.53,211.7,0.01,0.01,2359.459331,1776368733000
1776368736.14,36.14,0.48,237.4,0.47,222.2,0.49,45.84,0.5,74.8,0.51,53.84,0.5,74.8,0.52,212.4,0.53,211.7,0.01,0.01,2359.474383,1776368734000
1776368737.136,37.136,0.48,282.9,0.47,161.7,0.49,35.84,0.5,74.8,0.51,40.84,0.5,74.8,0.52,237.4,0.53,222.2,0.01,0.01,2359.529864,1776368735000
1776368737.5,37.5,0.48,232.9,0.47,161.7,0.5,55.81,0.51,70.0,0.51,21.04,0.5,74.8,0.52,282.9,0.53,161.7,0.02,0.01,2359.529864,1776368735000
1776368737.848,37.848,0.49,400.5,0.48,70.0,0.5,51.81,0.51,70.0,0.5,55.81,0.49,70.0,0.52,232.9,0.53,161.7,0.01,0.02,2359.5956,1776368736000
1776368738.286,38.286,0.49,435.5,0.48,70.0,0.5,20.13,0.51,70.0,0.5,51.81,0.49,70.0,0.51,400.5,0.52,70.0,0.01,0.01,2359.5956,1776368736000
1776368738.63,38.63,0.49,435.5,0.48,70.0,0.5,8.13,0.51,70.0,0.5,10.13,0.49,70.0,0.51,410.5,0.52,70.0,0.01,0.01,2359.653738,1776368737000
1776368739.158,39.158,0.49,333.92,0.48,80.41,0.5,0.13,0.51,60.0,0.5,0.13,0.49,70.0,0.51,361.34,0.52,80.42,0.01,0.01,2359.653738,1776368737000
1776368739.941,39.941,0.49,303.69,0.48,30.83,0.5,19.33,0.51,60.0,0.5,0.13,0.49,60.0,0.51,333.92,0.52,80.41,0.01,0.01,2359.750748,1776368738000
1776368740.989,40.989,0.5,292.28,0.49,140.92,0.51,25.0,0.52,41.04,0.5,6.45,0.49,60.0,0.51,303.69,0.52,30.83,0.01,0.01,2359.770221,1776368739000
1776368741.543,41.543,0.5,99.0,0.49,110.0,0.51,106.5,0.52,61.54,0.49,25.0,0.48,41.04,0.5,299.22,0.51,130.71,0.01,0.01,2359.858942,1776368740000
1776368741.78,41.78,0.49,120.21,0.48,20.42,0.5,42.65,0.51,51.5,0.49,51.5,0.48,61.54,0.5,3.0,0.51,120.21,0.01,0.01,2359.858942,1776368740000
1776368742.013,42.013,0.47,7.02,0.46,155.0,0.5,73.65,0.51,51.5,0.5,55.65,0.49,51.5,0.51,115.21,0.52,20.42,0.03,0.01,2359.858942,1776368740000
1776368742.331,42.331,0.48,6.15,0.47,92.02,0.49,46.37,0.5,55.65,0.51,40.47,0.5,70.76,0.52,15.0,0.53,17.02,0.01,0.01,2359.858942,1776368740000
1776368742.957,42.957,0.48,163.15,0.47,117.02,0.49,61.14,0.5,55.65,0.51,46.37,0.5,55.65,0.52,6.15,0.53,92.02,0.01,0.01,2359.835284,1776368741000
1776368743.308,43.308,0.48,172.96,0.47,92.02,0.49,65.34,0.5,71.15,0.51,61.14,0.5,55.65,0.52,163.15,0.53,117.02,0.01,0.01,2359.841835,1776368742000
1776368743.879,43.879,0.48,96.96,0.47,82.02,0.49,125.84,0.5,71.15,0.51,65.34,0.5,71.15,0.52,172.96,0.53,92.02,0.01,0.01,2359.841835,1776368742000
1776368744.337,44.337,0.47,78.74,0.46,145.0,0.48,10.0,0.49,137.84,0.51,125.84,0.5,71.15,0.52,96.96,0.53,82.02,0.01,0.01,2359.841835,1776368742000
1776368744.549,44.549,0.47,53.74,0.46,145.0,0.48,10.0,0.49,88.84,0.52,10.0,0.51,88.84,0.53,53.74,0.54,145.0,0.01,0.01,2359.841835,1776368742000
1776368744.874,44.874,0.46,125.0,0.45,33.0,0.47,12.65,0.48,16.0,0.52,10.0,0.51,88.84,0.54,125.0,0.55,33.0,0.01,0.02,2359.603537,1776368743000
1776368745.621,45.621,0.46,135.0,0.45,58.0,0.47,109.01,0.48,308.49,0.53,12.65,0.52,16.0,0.54,125.0,0.55,33.0,0.01,0.01,2359.572957,1776368744000
1776368745.823,45.823,0.45,50.36,0.44,50.0,0.46,26.5,0.47,109.01,0.53,109.01,0.52,308.49,0.54,135.0,0.55,58.0,0.01,0.01,2359.572957,1776368744000
1776368746.277,46.277,0.44,50.0,0.43,57.59,0.46,49.5,0.47,58.01,0.54,26.5,0.53,109.01,0.55,50.36,0.56,50.0,0.02,0.01,2359.465332,1776368745000
1776368746.701,46.701,0.44,41.0,0.43,57.59,0.45,13.0,0.46,25.5,0.54,49.5,0.53,58.01,0.56,50.0,0.57,57.59,0.01,0.02,2359.465332,1776368745000
1776368747.675,47.675,0.43,57.59,0.42,150.0,0.44,83.22,0.45,47.0,0.55,31.5,0.54,25.5,0.56,25.0,0.57,57.59,0.01,0.01,2358.923769,1776368746000
1776368748.411,48.411,0.42,190.0,0.41,80.0,0.44,10.53,0.45,59.5,0.56,83.22,0.55,47.0,0.57,57.59,0.58,150.0,0.02,0.01,2358.816815,1776368747000
1776368748.629,48.629,0.42,219.0,0.41,80.0,0.43,17.84,0.44,35.53,0.56,10.53,0.55,59.5,0.58,190.0,0.59,80.0,0.01,0.02,2358.816815,1776368747000
1776368749.391,49.391,0.42,334.7,0.41,80.0,0.43,9.84,0.44,30.0,0.57,17.84,0.56,35.53,0.58,219.0,0.59,80.0,0.01,0.01,2358.686421,1776368748000
1776368750.437,50.437,0.42,394.7,0.41,120.5,0.43,11.34,0.44,30.0,0.57,9.84,0.56,30.0,0.58,334.7,0.59,80.0,0.01,0.01,2358.700382,1776368749000
1776368750.768,50.768,0.43,54.5,0.42,205.68,0.44,10.0,0.45,35.0,0.57,11.34,0.56,30.0,0.58,394.7,0.59,120.5,0.01,0.01,2358.700382,1776368749000
1776368751.036,51.036,0.43,245.0,0.42,195.18,0.44,5.5,0.45,45.5,0.56,10.0,0.55,35.0,0.57,54.5,0.58,205.68,0.01,0.01,2358.700382,1776368749000
1776368753.465,53.465,0.44,313.68,0.43,112.83,0.45,25.03,0.46,40.5,0.56,5.5,0.55,45.5,0.57,245.0,0.58,195.18,0.01,0.01,2358.7815,1776368752000
1776368755.86,55.86,0.44,288.68,0.43,24.5,0.45,17.03,0.46,40.5,0.55,25.03,0.54,40.5,0.56,313.68,0.57,112.83,0.01,0.01,2358.8566,1776368754000
1776368756.166,56.166,0.44,306.68,0.43,24.5,0.45,17.03,0.46,40.5,0.55,17.03,0.54,40.5,0.56,288.68,0.57,24.5,0.01,0.01,2359.044049,1776368755000
1776368757.316,57.316,0.44,306.68,0.43,24.5,0.45,14.8,0.46,40.5,0.55,17.03,0.54,40.5,0.56,306.68,0.57,24.5,0.01,0.01,2359.044049,1776368755000
1776368758.582,58.582,0.44,241.18,0.43,29.5,0.45,17.3,0.46,50.5,0.55,14.8,0.54,40.5,0.56,306.68,0.57,24.5,0.01,0.01,2358.975006,1776368757000
1776368758.905,58.905,0.44,90.6,0.43,29.5,0.45,17.3,0.46,60.5,0.55,17.3,0.54,50.5,0.56,87.6,0.57,29.5,0.01,0.01,2358.975006,1776368757000
1776368760.221,60.221,0.44,35.0,0.43,15.0,0.45,22.85,0.46,50.5,0.55,17.3,0.54,60.5,0.56,90.6,0.57,29.5,0.01,0.01,2358.975006,1776368758000
1776368760.627,60.627,0.43,89.12,0.42,210.5,0.44,45.5,0.45,32.85,0.55,22.85,0.54,50.5,0.56,35.0,0.57,15.0,0.01,0.01,2358.986132,1776368759000
1776368761.011,61.011,0.43,20.0,0.42,180.5,0.44,75.7,0.45,37.85,0.56,40.5,0.55,37.85,0.57,77.54,0.58,190.0,0.01,0.01,2358.986132,1776368759000
1776368761.276,61.276,0.42,180.5,0.41,125.5,0.43,28.0,0.44,40.5,0.56,40.5,0.55,37.85,0.58,180.5,0.59,125.5,0.01,0.02,2358.986132,1776368759000
1776368761.92,61.92,0.42,158.89,0.41,125.5,0.43,59.0,0.44,40.5,0.57,28.0,0.56,40.5,0.58,180.5,0.59,125.5,0.01,0.01,2358.967447,1776368760000
1776368763.886,63.886,0.42,409.39,0.41,225.96,0.44,5.0,0.45,2.35,0.57,59.0,0.56,40.5,0.58,158.89,0.59,125.5,0.02,0.01,2358.788582,1776368762000
1776368764.222,64.222,0.44,295.5,0.43,35.5,0.46,10.5,0.47,30.5,0.55,2.35,0.54,10.0,0.58,409.39,0.59,225.96,0.02,0.03,2358.760795,1776368763000
1776368765.268,65.268,0.46,149.4,0.45,55.0,0.47,37.5,0.48,85.5,0.54,10.5,0.53,30.5,0.56,295.5,0.57,35.5,0.01,0.02,2358.763357,1776368764000
1776368766.823,66.823,0.46,144.4,0.45,55.0,0.47,34.5,0.48,85.5,0.53,37.5,0.52,85.5,0.54,149.4,0.55,55.0,0.01,0.01,2358.851819,1776368765000
1776368767.171,67.171,0.46,108.4,0.45,15.0,0.47,45.0,0.48,85.5,0.53,34.5,0.52,85.5,0.54,147.54,0.55,45.0,0.01,0.01,2358.851819,1776368765000
1776368767.931,67.931,0.43,26.0,0.42,169.39,0.47,67.0,0.48,140.5,0.53,45.0,0.52,85.5,0.54,108.4,0.55,15.0,0.04,0.01,2358.984831,1776368766000
1776368768.396,68.396,0.45,120.5,0.44,30.5,0.46,2.18,0.47,30.0,0.53,67.0,0.52,140.5,0.57,26.0,0.58,169.39,0.01,0.04,2359.029793,1776368767000
1776368769.57,69.57,0.46,5.82,0.45,155.5,0.47,40.0,0.48,85.5,0.54,2.18,0.53,30.0,0.55,120.5,0.56,30.5,0.01,0.01,2358.986285,1776368768000
1776368769.875,69.875,0.46,73.82,0.45,45.5,0.47,40.0,0.48,85.5,0.53,40.0,0.52,85.5,0.54,5.82,0.55,155.5,0.01,0.01,2358.986285,1776368768000
1776368772.577,72.577,0.49,238.0,0.48,40.5,0.5,58.0,0.51,113.5,0.53,40.0,0.52,85.5,0.54,73.82,0.55,45.5,0.01,0.01,2358.997424,1776368771000
1776368773.534,73.534,0.49,183.17,0.48,40.87,0.5,55.0,0.51,93.0,0.5,58.0,0.49,113.5,0.51,41.92,0.52,40.5,0.01,0.01,2359.00734,1776368772000
1776368773.814,73.814,0.5,166.5,0.49,131.25,0.51,96.44,0.52,71.04,0.49,90.05,0.48,81.04,0.51,183.17,0.52,40.87,0.01,0.02,2359.00734,1776368772000
1776368774.923,74.923,0.5,283.5,0.49,170.65,0.51,65.06,0.52,71.04,0.49,90.06,0.48,71.04,0.5,166.5,0.51,131.25,0.01,0.01,2359.150227,1776368773000
1776368775.312,75.312,0.5,275.83,0.49,70.0,0.51,53.06,0.52,71.04,0.49,53.06,0.48,71.04,0.5,297.9,0.51,170.65,0.01,0.01,2359.317284,1776368774000
1776368775.826,75.826,0.5,360.03,0.49,40.0,0.51,44.06,0.52,71.04,0.49,53.06,0.48,71.04,0.5,275.83,0.51,70.0,0.01,0.01,2359.317284,1776368774000
1776368776.052,76.052,0.51,62.44,0.5,156.83,0.52,66.04,0.53,85.0,0.48,71.04,0.47,85.0,0.49,41.94,0.5,390.03,0.01,0.01,2359.317284,1776368774000
1776368776.587,76.587,0.51,303.44,0.5,135.83,0.52,26.69,0.53,35.0,0.48,66.04,0.47,85.0,0.49,85.44,0.5,156.83,0.01,0.01,2359.535994,1776368775000
1776368777.253,77.253,0.51,354.44,0.5,94.9,0.55,187.0,0.56,120.0,0.48,2.69,0.47,35.0,0.49,303.44,0.5,135.83,0.04,0.01,2359.535994,1776368775000
1776368777.609,77.609,0.54,123.8,0.53,10.0,0.55,99.0,0.56,120.0,0.45,134.0,0.44,120.0,0.46,51.0,0.49,129.79,0.01,0.01,2359.646793,1776368776000
1776368777.961,77.961,0.54,93.3,0.53,15.0,0.55,93.81,0.56,120.0,0.45,99.0,0.44,120.0,0.46,123.8,0.47,10.0,0.01,0.01,2359.646793,1776368776000
1776368778.253,78.253,0.54,199.28,0.53,29.5,0.55,84.39,0.56,120.0,0.45,93.81,0.44,120.0,0.46,93.3,0.47,15.0,0.01,0.01,2359.755412,1776368777000
1776368778.786,78.786,0.54,254.13,0.53,29.5,0.55,82.39,0.56,120.0,0.45,84.39,0.44,120.0,0.46,199.28,0.47,29.5,0.01,0.01,2359.755412,1776368777000
1776368779.936,79.936,0.54,218.93,0.53,29.5,0.55,27.73,0.56,70.0,0.45,80.35,0.44,120.0,0.46,234.93,0.47,29.5,0.01,0.01,2360.063476,1776368778000
1776368780.532,80.532,0.54,228.93,0.53,79.5,0.55,26.3,0.57,55.0,0.45,28.12,0.44,70.0,0.46,223.93,0.47,29.5,0.01,0.01,2360.225743,1776368779000
1776368781.582,81.582,0.56,285.08,0.55,24.5,0.57,95.0,0.58,10.0,0.43,55.0,0.42,10.0,0.44,23.7,0.46,228.93,0.01,0.01,2360.244972,1776368780000
1776368781.913,81.913,0.56,237.27,0.55,24.5,0.57,71.73,0.58,10.0,0.43,75.0,0.42,10.0,0.44,237.27,0.45,24.5,0.01,0.01,2360.244972,1776368780000
1776368782.22,82.22,0.56,207.27,0.55,24.5,0.57,42.34,0.58,10.0,0.43,67.34,0.42,10.0,0.44,207.27,0.45,24.5,0.01,0.01,2360.320503,1776368781000
1776368782.729,82.729,0.56,207.27,0.55,24.5,0.57,23.34,0.58,10.0,0.43,42.34,0.42,10.0,0.44,207.27,0.45,24.5,0.01,0.01,2360.320503,1776368781000
1776368782.971,82.971,0.56,212.27,0.55,24.5,0.57,21.58,0.58,10.0,0.43,23.34,0.42,10.0,0.44,207.27,0.45,24.5,0.01,0.01,2360.320503,1776368781000
1776368784.085,84.085,0.57,53.0,0.56,149.23,0.58,23.0,0.59,75.5,0.43,5.95,0.42,10.0,0.44,212.27,0.45,24.5,0.01,0.01,2360.35288,1776368782000
1776368784.482,84.482,0.57,13.0,0.56,149.23,0.58,12.5,0.59,75.5,0.42,23.0,0.41,75.5,0.43,53.0,0.44,149.23,0.01,0.01,2360.347762,1776368783000
1776368786.059,86.059,0.58,14.5,0.57,5.0,0.59,110.5,0.6,37.79,0.41,75.5,0.4,42.79,0.42,17.5,0.43,13.0,0.01,0.01,2360.346336,1776368785000
1776368786.867,86.867,0.57,116.0,0.56,144.63,0.58,38.6,0.59,35.5,0.42,85.39,0.41,81.5,0.43,61.0,0.44,135.13,0.01,0.01,2360.346336,1776368785000
1776368787.136,87.136,0.57,134.2,0.56,144.63,0.58,11.15,0.59,20.5,0.42,16.15,0.41,30.5,0.43,91.0,0.44,144.63,0.01,0.01,2360.334229,1776368786000
1776368788.126,88.126,0.57,121.5,0.56,164.63,0.58,2.56,0.6,27.79,0.42,5.15,0.41,20.5,0.43,115.0,0.44,144.63,0.01,0.01,2360.334229,1776368786000
1776368789.688,89.688,0.57,34.32,0.56,144.63,0.58,7.56,0.59,10.5,0.42,2.56,0.41,10.5,0.43,31.0,0.44,139.63,0.01,0.01,2360.198377,1776368788000
1776368791.119,91.119,0.57,163.92,0.56,50.1,0.6,40.89,0.61,160.5,0.42,7.56,0.41,10.5,0.43,34.32,0.44,144.63,0.03,0.01,2360.331321,1776368790000
1776368792.099,92.099,0.58,47.75,0.57,15.0,0.59,25.5,0.6,53.89,0.4,40.89,0.39,160.5,0.43,163.92,0.44,50.1,0.01,0.03,2360.331321,1776368790000
1776368795.686,95.686,0.58,7.7,0.57,25.5,0.6,52.89,0.61,120.5,0.41,25.5,0.4,53.89,0.42,47.75,0.43,15.0,0.02,0.01,2360.355963,1776368794000
1776368795.941,95.941,0.58,2.7,0.57,25.5,0.59,26.44,0.6,48.89,0.4,52.89,0.39,120.5,0.42,7.7,0.43,25.5,0.01,0.02,2360.355963,1776368794000
1776368796.172,96.172,0.58,37.26,0.57,25.5,0.59,3.96,0.6,48.89,0.41,17.96,0.4,48.89,0.42,2.7,0.43,25.5,0.01,0.01,2360.359611,1776368795000
1776368797.096,97.096,0.58,37.26,0.57,40.2,0.59,2.09,0.6,48.89,0.41,3.96,0.4,48.89,0.42,37.26,0.43,25.5,0.01,0.01,2360.354275,1776368796000
1776368799.128,99.128,0.58,45.43,0.57,10.0,0.59,122.5,0.6,53.89,0.41,2.09,0.4,48.89,0.42,37.26,0.43,40.2,0.01,0.01,2360.350707,1776368797000
1776368799.41,99.41,0.57,10.0,0.56,10.0,0.59,82.5,0.6,53.89,0.41,122.5,0.4,53.89,0.42,28.07,0.43,10.0,0.02,0.01,2360.350301,1776368798000
1776368799.686,99.686,0.55,25.0,0.54,66.0,0.56,97.5,0.57,40.5,0.41,82.5,0.4,53.89,0.43,10.0,0.44,10.0,0.01,0.02,2360.350301,1776368798000
1776368799.9,99.9,0.55,25.0,0.54,66.0,0.56,104.23,0.57,30.5,0.44,97.5,0.43,40.5,0.45,25.0,0.46,66.0,0.01,0.01,2360.350301,1776368798000
1776368800.139,100.139,0.55,20.0,0.54,51.0,0.56,158.26,0.57,30.5,0.44,104.23,0.43,30.5,0.45,25.0,0.46,66.0,0.01,0.01,2360.350301,1776368798000
1776368800.486,100.486,0.55,20.0,0.54,56.0,0.56,105.29,0.57,30.5,0.44,158.26,0.43,30.5,0.45,20.0,0.46,51.0,0.01,0.01,2360.347031,1776368799000
1776368800.83,100.83,0.55,20.0,0.54,56.0,0.56,86.74,0.57,30.5,0.44,88.71,0.43,30.5,0.45,20.0,0.46,56.0,0.01,0.01,2360.347031,1776368799000
1776368801.201,101.201,0.55,20.0,0.54,56.0,0.56,84.77,0.57,30.5,0.44,86.74,0.43,30.5,0.45,20.0,0.46,56.0,0.01,0.01,2360.347031,1776368799000
1776368801.53,101.53,0.55,129.97,0.54,76.5,0.57,25.5,0.58,25.5,0.44,84.77,0.43,30.5,0.45,20.0,0.46,56.0,0.02,0.01,2360.109696,1776368800000
1776368802.076,102.076,0.55,50.97,0.54,56.0,0.56,144.5,0.57,25.5,0.43,20.5,0.42,25.5,0.45,129.17,0.46,76.5,0.01,0.02,2360.109696,1776368800000
1776368802.867,102.867,0.55,40.97,0.54,51.0,0.56,79.76,0.57,25.5,0.44,107.37,0.43,25.5,0.45,50.97,0.46,56.0,0.01,0.01,2359.943959,1776368801000
1776368803.811,103.811,0.56,33.0,0.55,149.28,0.57,15.5,0.58,25.5,0.44,75.36,0.43,25.5,0.45,40.97,0.46,51.0,0.01,0.01,2359.905918,1776368802000
1776368805.661,105.661,0.58,20.5,0.57,125.41,0.6,2.39,0.61,45.0,0.43,15.5,0.42,25.5,0.44,33.0,0.45,149.28,0.02,0.01,2359.927621,1776368803000
1776368806.31,106.31,0.63,96.14,0.62,25.5,0.64,40.0,0.65,87.5,0.38,45.0,0.37,120.0,0.41,10.5,0.42,20.5,0.01,0.03,2360.011054,1776368805000
1776368806.696,106.696,0.63,51.64,0.62,15.0,0.64,117.94,0.65,92.5,0.36,40.0,0.35,87.5,0.37,96.14,0.38,25.5,0.01,0.01,2360.011054,1776368805000
1776368806.897,106.897,0.63,5.0,0.62,15.0,0.64,163.09,0.65,117.5,0.36,153.94,0.35,92.5,0.37,43.42,0.38,5.0,0.01,0.01,2360.011054,1776368805000
1776368807.178,107.178,0.62,11.94,0.61,25.5,0.64,154.09,0.65,117.5,0.36,154.09,0.35,117.5,0.37,2.0,0.38,15.0,0.02,0.01,2360.011054,1776368805000
1776368807.505,107.505,0.62,11.94,0.61,25.5,0.63,17.41,0.64,104.09,0.36,114.09,0.35,117.5,0.38,11.94,0.39,25.5,0.01,0.02,2360.011054,1776368805000
1776368807.75,107.75,0.62,16.67,0.61,58.15,0.63,51.03,0.64,104.09,0.37,52.78,0.36,104.09,0.38,11.67,0.39,20.0,0.01,0.01,2360.637095,1776368806000
1776368808.216,108.216,0.62,14.03,0.61,68.65,0.63,35.66,0.64,94.94,0.37,56.03,0.36,104.09,0.38,14.03,0.39,58.15,0.01,0.01,2360.861674,1776368807000
1776368808.454,108.454,0.62,62.26,0.61,5.0,0.63,39.41,0.64,94.94,0.37,35.66,0.36,94.94,0.38,14.03,0.39,68.65,0.01,0.01,2360.861674,1776368807000
1776368808.703,108.703,0.62,1.59,0.61,10.0,0.63,78.52,0.64,89.94,0.37,65.52,0.36,94.94,0.38,0.78,0.39,15.0,0.01,0.01,2360.861674,1776368807000
1776368809.066,109.066,0.59,10.0,0.58,35.0,0.61,48.41,0.63,124.02,0.37,78.52,0.36,89.94,0.38,1.59,0.39,10.0,0.02,0.01,2360.861674,1776368807000
1776368809.332,109.332,0.58,3.1,0.56,20.0,0.59,14.57,0.6,10.0,0.41,4.57,0.4,10.0,0.42,15.0,0.44,10.0,0.01,0.01,2360.861674,1776368807000
1776368809.835,109.835,0.55,20.0,0.54,132.3,0.56,73.08,0.57,10.0,0.43,3.52,0.41,15.57,0.44,20.0,0.45,20.0,0.01,0.01,2360.762034,1776368808000
1776368811.452,111.452,0.54,93.95,0.53,57.17,0.55,88.5,0.56,119.58,0.44,73.08,0.43,10.0,0.45,20.0,0.46,132.3,0.01,0.01,2360.164703,1776368810000
1776368811.992,111.992,0.54,41.34,0.53,57.17,0.55,52.5,0.56,83.58,0.45,98.5,0.44,119.58,0.46,116.34,0.47,57.17,0.01,0.01,2359.926036,1776368811000
1776368812.827,112.827,0.54,46.34,0.53,116.64,0.55,58.66,0.56,78.58,0.45,68.66,0.44,78.58,0.46,16.34,0.47,57.17,0.01,0.01,2359.926036,1776368811000
1776368813.505,113.505,0.54,52.4,0.53,116.64,0.55,58.66,0.56,70.5,0.45,58.66,0.44,78.58,0.46,46.34,0.47,116.64,0.01,0.01,2359.773089,1776368812000
1776368813.712,113.712,0.54,43.9,0.53,116.64,0.55,58.66,0.56,70.5,0.45,58.66,0.44,70.5,0.46,52.4,0.47,116.64,0.01,0.01,2359.773089,1776368812000
1776368815.012,115.012,0.54,28.59,0.53,57.17,0.55,129.76,0.56,80.6,0.45,58.66,0.44,70.5,0.46,43.9,0.47,116.64,0.01,0.01,2359.645093,1776368813000
1776368815.465,115.465,0.53,5.38,0.52,101.16,0.54,10.0,0.55,362.65,0.45,372.65,0.44,80.6,0.47,35.38,0.48,101.16,0.01,0.02,2359.625584,1776368814000
1776368815.875,115.875,0.5,110.0,0.49,60.1,0.51,10.78,0.52,338.19,0.47,285.49,0.46,148.6,0.49,84.22,0.5,110.0,0.01,0.02,2359.625584,1776368814000
1776368816.724,116.724,0.5,60.0,0.49,60.1,0.51,38.42,0.52,59.6,0.49,10.78,0.48,338.19,0.5,110.0,0.51,60.1,0.01,0.01,2359.614689,1776368815000
1776368817.7,117.7,0.49,48.02,0.48,55.0,0.51,375.32,0.52,152.6,0.49,38.42,0.48,59.6,0.5,60.0,0.51,60.1,0.02,0.01,2359.36588,1776368816000
1776368817.908,117.908,0.49,43.02,0.48,55.0,0.5,328.49,0.51,121.43,0.49,375.32,0.48,152.6,0.51,48.02,0.52,55.0,0.01,0.02,2359.36588,1776368816000
1776368821.397,121.397,0.49,43.02,0.48,105.0,0.5,403.49,0.51,138.02,0.5,328.49,0.49,121.43,0.51,43.02,0.52,55.0,0.01,0.01,2358.76433,1776368820000
1776368821.734,121.734,0.48,105.0,0.47,130.0,0.5,403.49,0.51,138.02,0.5,403.49,0.49,138.02,0.51,43.02,0.52,105.0,0.02,0.01,2358.76433,1776368820000
1776368822.105,122.105,0.48,105.0,0.47,130.0,0.49,358.69,0.5,133.5,0.5,403.49,0.49,138.02,0.52,105.0,0.53,130.0,0.01,0.02,2358.76433,1776368820000
1776368822.469,122.469,0.48,36.59,0.47,130.0,0.49,368.69,0.5,133.5,0.51,358.69,0.5,133.5,0.52,105.0,0.53,130.0,0.01,0.01,2358.714087,1776368821000
1776368824.559,124.559,0.48,59.59,0.47,130.0,0.49,85.45,0.5,330.39,0.51,368.69,0.5,133.5,0.52,36.59,0.53,130.0,0.01,0.01,2358.670478,1776368823000
1776368825.029,125.029,0.48,78.79,0.47,130.0,0.49,70.08,0.5,330.39,0.51,85.45,0.5,330.39,0.52,59.59,0.53,130.0,0.01,0.01,2358.689224,1776368824000
1776368825.499,125.499,0.48,101.59,0.47,125.0,0.5,11.29,0.51,71.28,0.51,70.08,0.5,330.39,0.52,78.79,0.53,130.0,0.02,0.01,2358.689224,1776368824000
1776368825.842,125.842,0.48,36.59,0.47,125.0,0.49,367.79,0.5,96.39,0.51,230.26,0.5,28.39,0.52,85.59,0.53,125.0,0.01,0.01,2358.689224,1776368824000
1776368826.076,126.076,0.46,102.8,0.45,50.0,0.47,12.44,0.48,83.33,0.51,466.23,0.5,286.39,0.53,125.0,0.54,102.8,0.01,0.02,2358.689224,1776368824000
1776368826.322,126.322,0.46,13.88,0.45,55.0,0.47,357.37,0.48,174.74,0.53,351.81,0.52,164.74,0.54,72.8,0.55,55.0,0.01,0.01,2358.699364,1776368825000
1776368826.6,126.6,0.45,25.0,0.43,10.0,0.47,335.37,0.48,212.74,0.53,357.37,0.52,174.74,0.54,7.65,0.55,55.0,0.02,0.01,2358.699364,1776368825000
1776368827.173,127.173,0.42,122.3,0.41,95.0,0.43,66.6,0.44,62.03,0.57,15.0,0.56,38.93,0.58,129.89,0.59,95.0,0.01,0.01,2358.699364,1776368825000
1776368827.595,127.595,0.42,171.42,0.41,105.5,0.43,46.83,0.44,22.01,0.57,66.6,0.56,62.03,0.58,91.54,0.59,95.0,0.01,0.01,2358.623206,1776368826000
1776368827.882,127.882,0.42,151.42,0.41,105.5,0.43,10.95,0.44,27.01,0.57,15.0,0.56,27.01,0.58,185.92,0.59,105.5,0.01,0.01,2358.623206,1776368826000
1776368830.98,130.98,0.42,136.42,0.41,95.0,0.43,47.45,0.44,148.61,0.57,10.95,0.56,27.01,0.58,151.42,0.59,105.5,0.01,0.01,2358.432832,1776368829000
1776368831.235,131.235,0.42,71.42,0.41,95.0,0.43,49.78,0.44,148.61,0.57,47.45,0.56,148.61,0.58,131.42,0.59,95.0,0.01,0.01,2358.432832,1776368829000
1776368831.456,131.456,0.42,41.42,0.41,95.0,0.43,100.78,0.44,148.61,0.57,49.78,0.56,148.61,0.58,71.42,0.59,95.0,0.01,0.01,2358.45353,1776368830000
1776368832.117,132.117,0.42,59.96,0.41,115.5,0.43,5.0,0.44,33.01,0.57,100.78,0.56,148.61,0.58,41.42,0.59,95.0,0.01,0.01,2358.45796,1776368831000
1776368832.45,132.45,0.43,100.5,0.42,69.96,0.44,28.05,0.45,15.0,0.56,13.05,0.55,15.0,0.57,85.5,0.58,49.96,0.01,0.01,2358.45796,1776368831000
1776368832.934,132.934,0.43,110.96,0.42,41.5,0.44,23.05,0.45,15.0,0.56,28.05,0.55,15.0,0.57,100.5,0.58,69.96,0.01,0.01,2358.45796,1776368831000
1776368834.867,134.867,0.43,128.04,0.42,41.5,0.44,18.05,0.45,15.0,0.56,18.05,0.55,15.0,0.57,130.87,0.58,41.5,0.01,0.01,2358.477449,1776368833000
1776368836.941,136.941,0.43,110.04,0.42,31.5,0.45,5.0,0.47,121.1,0.56,18.05,0.55,15.0,0.57,128.04,0.58,41.5,0.02,0.01,2358.517429,1776368835000
1776368837.151,137.151,0.44,130.5,0.43,30.5,0.47,115.0,0.48,10.0,0.55,5.0,0.53,121.1,0.57,110.04,0.58,31.5,0.03,0.02,2358.517429,1776368835000
1776368837.818,137.818,0.47,1.96,0.46,17.0,0.48,98.73,0.49,53.02,0.52,13.43,0.51,15.0,0.53,40.73,0.54,30.5,0.01,0.01,2358.486955,1776368836000
1776368838.257,138.257,0.46,19.59,0.42,10.0,0.47,47.6,0.48,171.01,0.52,88.07,0.51,53.02,0.53,25.0,0.54,17.0,0.01,0.01,2358.616891,1776368837000
1776368840.033,140.033,0.4,82.5,0.39,140.0,0.42,10.0,0.43,46.0,0.53,89.04,0.52,156.81,0.54,14.59,0.58,17.0,0.02,0.01,2358.53885,1776368838000
1776368840.6,140.6,0.4,7.89,0.39,160.5,0.41,41.0,0.42,15.0,0.59,33.95,0.58,20.0,0.6,82.5,0.61,140.0,0.01,0.01,2358.5634,1776368839000
1776368841.901,141.901,0.39,165.5,0.38,128.38,0.41,15.0,0.43,20.0,0.59,41.0,0.58,15.0,0.61,160.5,0.62,118.38,0.02,0.02,2358.370333,1776368840000
1776368844.134,144.134,0.46,44.9,0.45,17.0,0.47,154.97,0.48,249.49,0.55,4.02,0.54,15.0,0.6,88.5,0.61,31.16,0.01,0.05,2358.362114,1776368843000
1776368844.34,144.34,0.46,38.9,0.45,17.0,0.47,154.97,0.48,249.49,0.53,154.97,0.52,249.49,0.54,44.9,0.55,17.0,0.01,0.01,2358.362114,1776368843000
1776368845.19,145.19,0.42,5.0,0.4,10.5,0.46,92.91,0.47,473.46,0.53,154.97,0.52,249.49,0.54,49.8,0.55,22.0,0.04,0.01,2358.362114,1776368843000
1776368845.588,145.588,0.45,4.89,0.42,36.0,0.46,142.91,0.47,411.63,0.54,92.91,0.53,507.66,0.58,3.0,0.6,10.5,0.01,0.04,2358.594561,1776368844000
1776368845.797,145.797,0.42,47.84,0.4,10.5,0.51,130.99,0.52,60.42,0.51,3.28,0.5,10.0,0.58,47.84,0.6,10.5,0.09,0.07,2358.594561,1776368844000
1776368846.012,146.012,0.5,1.0,0.47,10.63,0.51,99.01,0.52,50.0,0.49,110.78,0.48,50.0,0.5,1.0,0.55,100.0,0.01,0.01,2358.594561,1776368844000
1776368846.231,146.231,0.5,118.0,0.48,12.0,0.51,50.67,0.52,50.0,0.49,60.28,0.48,50.0,0.5,103.0,0.52,12.0,0.01,0.01,2358.594561,1776368844000
1776368846.447,146.447,0.51,5.0,0.5,80.0,0.53,4.74,0.55,25.0,0.48,50.0,0.47,35.0,0.5,71.76,0.52,12.0,0.02,0.02,2358.594561,1776368844000
1776368847.194,147.194,0.57,50.0,0.56,60.0,0.58,96.51,0.59,25.0,0.47,4.74,0.45,25.0,0.49,5.0,0.5,80.0,0.01,0.02,2358.537075,1776368846000
1776368847.701,147.701,0.62,15.0,0.61,10.0,0.63,50.82,0.64,69.44,0.38,50.0,0.37,52.41,0.43,54.99,0.44,60.0,0.01,0.05,2358.537075,1776368846000
1776368848.142,148.142,0.62,37.0,0.61,90.0,0.63,38.14,0.64,69.44,0.37,46.08,0.36,69.44,0.38,15.0,0.39,10.0,0.01,0.01,2358.537075,1776368846000
1776368848.431,148.431,0.62,37.0,0.61,60.0,0.64,65.93,0.65,95.0,0.37,38.14,0.36,69.44,0.38,37.0,0.39,90.0,0.02,0.01,2359.860676,1776368847000
1776368848.773,148.773,0.63,50.0,0.62,47.0,0.64,18.81,0.65,95.0,0.36,46.81,0.35,95.0,0.37,27.0,0.38,48.0,0.01,0.01,2359.860676,1776368847000
1776368852.968,152.968,0.65,25.5,0.64,20.5,0.66,100.0,0.67,210.0,0.35,95.0,0.34,85.0,0.37,50.0,0.38,49.0,0.01,0.02,2360.459088,1776368851000
1776368853.37,153.37,0.65,90.5,0.64,20.5,0.67,110.0,0.68,35.0,0.34,90.0,0.33,210.0,0.35,67.5,0.36,20.5,0.02,0.01,2360.459088,1776368851000
1776368856.458,156.458,0.67,67.0,0.66,160.0,0.68,20.0,0.69,160.5,0.33,110.0,0.32,35.0,0.35,90.5,0.36,20.5,0.01,0.02,2360.591854,1776368854000
1776368856.682,156.682,0.67,5.0,0.66,54.0,0.68,10.0,0.69,160.5,0.32,10.0,0.31,160.5,0.34,154.0,0.35,145.0,0.01,0.02,2360.591854,1776368854000
1776368858.381,158.381,0.67,20.0,0.66,64.0,0.68,63.0,0.69,160.5,0.32,10.0,0.31,160.5,0.33,5.0,0.34,54.0,0.01,0.01,2360.625509,1776368856000
1776368858.866,158.866,0.67,10.0,0.66,89.87,0.68,80.5,0.69,485.5,0.32,63.0,0.31,160.5,0.33,20.0,0.34,64.0,0.01,0.01,2360.556578,1776368857000
1776368860.987,160.987,0.67,5.0,0.66,45.0,0.68,388.16,0.69,293.5,0.32,80.5,0.31,485.5,0.33,8.42,0.34,89.87,0.01,0.01,2360.376909,1776368859000
1776368861.464,161.464,0.66,35.0,0.65,35.0,0.68,388.16,0.69,293.5,0.32,388.16,0.31,293.5,0.33,5.0,0.34,45.0,0.02,0.01,2360.345952,1776368860000
1776368862.389,162.389,0.65,10.0,0.64,28.5,0.66,58.19,0.67,294.62,0.32,388.16,0.31,293.5,0.34,35.0,0.35,35.0,0.01,0.02,2360.345952,1776368860000
1776368863.198,163.198,0.65,26.5,0.64,34.5,0.66,27.19,0.67,126.62,0.34,58.19,0.33,294.62,0.35,10.0,0.36,28.5,0.01,0.01,2360.232502,1776368861000
1776368863.515,163.515,0.65,25.98,0.64,34.5,0.66,21.19,0.67,101.62,0.34,27.19,0.33,121.62,0.35,25.98,0.36,34.5,0.01,0.01,2360.170143,1776368862000
1776368863.95,163.95,0.65,5.74,0.64,18.0,0.66,46.0,0.67,112.12,0.34,5.0,0.33,101.62,0.35,25.98,0.36,64.5,0.01,0.01,2360.170143,1776368862000
1776368864.285,164.285,0.65,10.74,0.64,18.0,0.66,260.5,0.67,129.12,0.34,81.5,0.33,112.12,0.35,0.74,0.36,43.0,0.01,0.01,2360.170143,1776368862000
1776368865.064,165.064,0.65,10.0,0.64,70.92,0.66,221.86,0.67,134.12,0.34,215.5,0.33,129.12,0.35,10.74,0.36,18.0,0.01,0.01,2360.248124,1776368863000
1776368865.921,165.921,0.64,25.08,0.63,95.0,0.66,193.0,0.67,134.12,0.34,221.86,0.33,134.12,0.35,10.0,0.36,70.92,0.02,0.01,2360.259851,1776368864000
1776368866.778,166.778,0.65,137.66,0.64,10.0,0.66,199.0,0.67,129.12,0.34,193.0,0.33,134.12,0.36,25.08,0.37,95.0,0.01,0.02,2360.262889,1776368865000
1776368867.78,167.78,0.62,60.0,0.61,45.0,0.66,497.83,0.67,135.12,0.34,197.33,0.33,129.12,0.35,137.66,0.36,10.0,0.04,0.01,2360.031236,1776368866000
1776368868.2,168.2,0.52,5.0,0.51,60.0,0.53,7.47,0.54,10.0,0.39,15.62,0.38,12.0,0.44,25.0,0.45,30.0,0.01,0.05,2360.031236,1776368866000
1776368868.613,168.613,0.54,53.5,0.53,20.5,0.55,16.18,0.56,25.0,0.46,6.51,0.45,15.0,0.48,5.0,0.49,60.0,0.01,0.02,2360.031044,1776368867000
1776368868.981,168.981,0.54,90.7,0.53,10.5,0.56,10.0,0.57,209.5,0.45,16.18,0.44,25.0,0.46,53.5,0.47,20.5,0.02,0.01,2360.031044,1776368867000
1776368869.891,169.891,0.52,30.0,0.51,25.0,0.53,268.32,0.54,46.5,0.44,10.0,0.43,209.5,0.46,90.7,0.47,10.5,0.01,0.02,2359.425376,1776368868000
1776368870.342,170.342,0.52,23.0,0.51,45.5,0.53,222.0,0.54,19.0,0.47,268.32,0.46,46.5,0.48,30.0,0.49,25.0,0.01,0.01,2359.425376,1776368868000
1776368872.862,172.862,0.51,25.0,0.5,10.5,0.53,203.0,0.54,37.0,0.47,222.0,0.46,19.0,0.48,23.0,0.49,45.5,0.02,0.01,2359.01633,1776368871000
1776368873.23,173.23,0.52,5.0,0.51,25.0,0.53,216.05,0.54,37.0,0.47,228.0,0.46,37.0,0.48,20.0,0.49,25.0,0.01,0.01,2359.009866,1776368872000
1776368874.723,174.723,0.52,118.0,0.51,50.5,0.53,17.51,0.54,63.0,0.47,206.05,0.46,37.0,0.48,41.7,0.49,25.0,0.01,0.01,2359.041386,1776368873000
1776368878.241,178.241,0.52,50.5,0.51,45.5,0.53,38.62,0.54,255.0,0.47,17.51,0.46,63.0,0.48,118.0,0.49,50.5,0.01,0.01,2359.05254,1776368877000
1776368879.77,179.77,0.52,61.0,0.51,55.5,0.53,24.84,0.54,255.0,0.47,38.62,0.46,255.0,0.48,50.5,0.49,45.5,0.01,0.01,2359.06501,1776368878000
1776368880.134,180.134,0.52,38.0,0.51,55.5,0.53,24.84,0.54,255.0,0.47,24.84,0.46,255.0,0.48,61.0,0.49,55.5,0.01,0.01,2359.06501,1776368878000
1776368881.328,181.328,0.52,145.5,0.51,110.5,0.53,6.84,0.54,58.0,0.47,24.84,0.46,255.0,0.48,38.0,0.49,55.5,0.01,0.01,2359.065267,1776368880000
1776368881.643,181.643,0.53,147.5,0.52,90.5,0.54,6.54,0.55,30.0,0.46,11.54,0.45,30.0,0.47,42.5,0.48,95.5,0.01,0.01,2359.065267,1776368880000
1776368881.853,181.853,0.53,163.5,0.52,80.5,0.54,4.68,0.55,20.0,0.46,6.54,0.45,30.0,0.47,147.5,0.48,90.5,0.01,0.01,2359.065267,1776368880000
1776368882.166,182.166,0.53,130.5,0.52,80.5,0.57,90.0,0.59,90.0,0.46,4.68,0.45,20.0,0.47,163.5,0.48,80.5,0.04,0.01,2359.065267,1776368880000
1776368884.019,184.019,0.57,32.66,0.56,50.5,0.58,5.0,0.59,90.0,0.43,90.0,0.41,90.0,0.47,130.5,0.48,80.5,0.01,0.04,2359.100938,1776368882000
1776368885.226,185.226,0.56,15.5,0.55,15.5,0.57,7.47,0.58,5.0,0.42,5.0,0.41,90.0,0.43,32.66,0.44,50.5,0.01,0.01,2359.38956,1776368884000
1776368885.754,185.754,0.56,80.53,0.55,20.5,0.58,5.0,0.59,295.0,0.43,10.71,0.42,5.0,0.44,15.0,0.45,10.5,0.02,0.01,2359.38956,1776368884000
1776368886.369,186.369,0.56,10.38,0.54,35.0,0.57,270.0,0.58,93.06,0.42,2.56,0.41,295.0,0.44,71.53,0.45,20.5,0.01,0.02,2359.3897,1776368885000
1776368891.002,191.002,0.54,50.5,0.53,30.5,0.55,13.0,0.56,191.0,0.45,10.73,0.43,244.0,0.46,35.0,0.47,20.5,0.01,0.01,2359.191081,1776368890000
1776368893.083,193.083,0.54,35.0,0.53,30.0,0.55,36.5,0.56,121.99,0.45,13.0,0.44,191.0,0.46,50.5,0.47,30.5,0.01,0.01,2359.168844,1776368892000
1776368893.341,193.341,0.54,2.0,0.53,20.0,0.55,358.49,0.56,156.49,0.45,36.5,0.44,121.99,0.46,35.0,0.47,30.0,0.01,0.01,2359.168844,1776368892000
1776368893.547,193.547,0.53,10.0,0.52,20.0,0.55,322.0,0.56,151.49,0.45,358.49,0.44,156.49,0.46,2.0,0.47,20.0,0.02,0.01,2359.168844,1776368892000
1776368895.012,195.012,0.5,200.0,0.49,60.0,0.51,5.4,0.52,195.5,0.45,322.0,0.44,151.49,0.47,10.0,0.48,20.0,0.01,0.02,2359.23213,1776368893000
1776368895.291,195.291,0.5,154.0,0.49,60.0,0.51,15.0,0.52,79.52,0.48,62.52,0.47,139.64,0.5,163.0,0.51,60.0,0.01,0.02,2359.0649,1776368894000
1776368895.884,195.884,0.5,49.46,0.49,60.0,0.51,332.19,0.52,49.0,0.49,343.69,0.48,39.0,0.5,59.86,0.51,60.0,0.01,0.01,2359.0649,1776368894000
1776368896.638,196.638,0.45,125.0,0.44,235.0,0.46,92.39,0.47,115.0,0.49,413.4,0.48,251.49,0.51,25.0,0.52,185.0,0.01,0.02,2358.777335,1776368895000
1776368897.16,197.16,0.43,25.0,0.42,7.05,0.44,258.62,0.45,122.49,0.54,92.39,0.53,115.0,0.55,125.0,0.56,235.0,0.01,0.01,2358.616488,1776368896000
1776368897.365,197.365,0.43,25.0,0.42,12.05,0.44,271.34,0.45,236.6,0.56,258.62,0.55,122.49,0.57,25.0,0.58,7.05,0.01,0.01,2358.616488,1776368896000
1776368897.584,197.584,0.41,150.0,0.4,25.5,0.44,271.34,0.45,236.6,0.56,271.34,0.55,236.6,0.57,25.0,0.58,12.05,0.03,0.01,2358.616488,1776368896000
1776368898.425,198.425,0.39,75.0,0.38,143.38,0.41,255.0,0.42,73.0,0.56,271.34,0.55,236.6,0.59,150.0,0.6,25.5,0.02,0.03,2358.582077,1776368897000
1776368900.256,200.256,0.38,327.88,0.37,120.0,0.42,13.61,0.43,255.0,0.59,255.0,0.58,73.0,0.61,75.0,0.62,143.38,0.04,0.02,2358.26795,1776368899000
1776368901.432,201.432,0.39,15.5,0.38,322.88,0.4,5.0,0.42,13.61,0.58,13.61,0.57,255.0,0.62,327.88,0.63,120.0,0.01,0.04,2358.332845,1776368900000
1776368901.73,201.73,0.39,35.34,0.38,178.88,0.4,2.5,0.41,15.0,0.6,2.5,0.59,15.0,0.61,13.53,0.62,203.88,0.01,0.01,2358.332845,1776368900000
1776368902.712,202.712,0.39,47.48,0.38,173.88,0.42,13.34,0.43,256.0,0.6,2.5,0.59,15.0,0.61,47.48,0.62,173.88,0.03,0.01,2358.316865,1776368901000
1776368903.164,203.164,0.39,126.84,0.38,168.88,0.4,5.0,0.41,10.0,0.6,10.0,0.59,10.0,0.61,80.84,0.62,168.88,0.01,0.01,2358.317044,1776368902000
1776368903.474,203.474,0.39,184.84,0.38,178.88,0.41,8.48,0.42,33.34,0.6,5.0,0.59,10.0,0.61,126.84,0.62,168.88,0.02,0.01,2358.317044,1776368902000
1776368904.209,204.209,0.39,40.5,0.38,168.88,0.4,0.24,0.41,8.48,0.59,8.48,0.58,33.34,0.61,184.84,0.62,178.88,0.01,0.02,2358.328394,1776368903000
1776368904.632,204.632,0.39,20.5,0.38,93.88,0.41,4.93,0.42,33.34,0.6,0.24,0.59,8.48,0.61,40.5,0.62,168.88,0.02,0.01,2358.328394,1776368903000
1776368905.399,205.399,0.41,7.22,0.4,127.5,0.42,23.34,0.43,266.0,0.59,4.93,0.58,33.34,0.61,20.5,0.62,93.88,0.01,0.02,2358.335289,1776368904000
1776368906.451,206.451,0.41,104.72,0.4,31.5,0.42,43.62,0.43,266.0,0.58,23.34,0.57,266.0,0.59,7.22,0.6,127.5,0.01,0.01,2358.368478,1776368905000
1776368906.947,206.947,0.41,102.07,0.4,31.5,0.42,37.62,0.43,272.0,0.58,43.62,0.57,266.0,0.59,104.72,0.6,31.5,0.01,0.01,2358.368478,1776368905000
1776368907.724,207.724,0.41,26.07,0.4,31.5,0.42,213.62,0.43,114.0,0.58,37.62,0.57,272.0,0.59,102.07,0.6,31.5,0.01,0.01,2358.368837,1776368906000
1776368910.116,210.116,0.41,7.22,0.4,15.5,0.42,209.69,0.43,114.0,0.58,213.62,0.57,114.0,0.59,18.22,0.6,31.5,0.01,0.01,2358.377507,1776368908000
1776368910.954,210.954,0.4,9.26,0.39,5.0,0.42,215.69,0.43,113.0,0.58,209.69,0.57,114.0,0.59,7.22,0.6,15.5,0.02,0.01,2358.35014,1776368910000
1776368912.059,212.059,0.39,5.0,0.38,58.88,0.4,2.77,0.41,20.0,0.58,215.69,0.57,113.0,0.6,9.26,0.61,5.0,0.01,0.02,2358.348847,1776368911000
1776368914.23,214.23,0.39,5.0,0.38,23.88,0.41,3.09,0.42,198.69,0.6,2.77,0.59,20.0,0.61,5.0,0.62,58.88,0.02,0.01,2358.339577,1776368912000
1776368914.801,214.801,0.4,39.5,0.39,5.0,0.42,196.78,0.43,108.0,0.59,3.09,0.58,198.69,0.61,5.0,0.62,23.88,0.02,0.02,2358.339577,1776368912000
1776368917.508,217.508,0.41,8.0,0.4,14.0,0.42,244.92,0.43,113.0,0.58,191.78,0.57,108.0,0.6,39.5,0.61,5.0,0.01,0.02,2358.369722,1776368916000
1776368918.432,218.432,0.34,86.5,0.33,170.5,0.35,267.0,0.36,128.76,0.61,62.5,0.6,25.5,0.63,115.0,0.64,185.0,0.01,0.02,2358.373907,1776368917000
1776368919.725,219.725,0.33,39.5,0.32,269.5,0.35,15.0,0.36,85.0,0.65,267.0,0.64,128.76,0.66,86.5,0.67,170.5,0.02,0.01,2358.376224,1776368918000
1776368920.266,220.266,0.34,16.34,0.33,15.18,0.35,20.0,0.36,110.0,0.65,15.0,0.64,85.0,0.67,30.18,0.68,269.5,0.01,0.02,2358.376224,1776368918000
1776368920.588,220.588,0.32,260.5,0.31,85.0,0.35,51.88,0.36,121.0,0.65,20.0,0.64,110.0,0.66,14.15,0.67,15.18,0.03,0.01,2357.949138,1776368919000
1776368921.014,221.014,0.31,2.27,0.3,10.0,0.32,112.2,0.33,190.0,0.65,51.88,0.64,121.0,0.68,260.5,0.69,85.0,0.01,0.03,2357.949138,1776368919000
1776368921.322,221.322,0.29,13.1,0.27,10.0,0.3,86.25,0.31,10.0,0.7,69.85,0.69,10.0,0.71,112.5,0.72,10.0,0.01,0.01,2357.85297,1776368920000
1776368921.779,221.779,0.26,80.0,0.25,25.0,0.27,15.0,0.28,10.0,0.7,103.25,0.69,10.0,0.71,1.2,0.73,10.0,0.01,0.01,2357.85297,1776368920000
1776368922.348,222.348,0.26,80.57,0.25,35.0,0.27,99.82,0.28,10.0,0.73,104.82,0.72,10.0,0.74,70.07,0.75,25.0,0.01,0.01,2357.85297,1776368920000
1776368922.874,222.874,0.26,35.0,0.25,35.5,0.27,112.35,0.28,35.5,0.73,90.82,0.72,10.0,0.74,80.57,0.75,35.0,0.01,0.01,2357.919574,1776368921000
1776368923.087,223.087,0.25,0.05,0.22,10.0,0.26,15.0,0.27,106.15,0.73,112.35,0.72,35.5,0.74,35.0,0.75,35.5,0.01,0.01,2357.918063,1776368922000
1776368923.355,223.355,0.25,3.46,0.23,57.96,0.26,10.0,0.27,60.15,0.76,10.0,0.75,10.0,0.77,8.96,0.78,5.05,0.01,0.01,2357.918063,1776368922000
1776368923.558,223.558,0.26,51.21,0.25,3.46,0.27,29.98,0.28,10.0,0.73,30.08,0.72,10.0,0.74,51.21,0.75,3.46,0.01,0.01,2357.918063,1776368922000
1776368923.822,223.822,0.26,17.81,0.25,13.96,0.27,20.31,0.28,10.0,0.73,10.31,0.72,10.0,0.74,23.86,0.75,13.96,0.01,0.01,2357.918063,1776368922000
1776368924.145,224.145,0.26,65.81,0.25,13.96,0.27,6.29,0.28,10.0,0.73,20.31,0.72,10.0,0.74,17.81,0.75,13.96,0.01,0.01,2357.918063,1776368922000
1776368924.826,224.826,0.28,106.72,0.27,29.5,0.29,2.45,0.32,10.0,0.73,6.29,0.72,10.0,0.74,65.81,0.75,13.96,0.01,0.01,2357.799777,1776368923000
1776368925.359,225.359,0.34,15.77,0.33,6.0,0.35,45.0,0.36,85.0,0.68,10.0,0.67,60.0,0.72,106.72,0.73,20.5,0.01,0.04,2357.755087,1776368924000
1776368925.669,225.669,0.28,26.0,0.26,25.0,0.29,6.55,0.3,21.0,0.68,0.91,0.67,10.0,0.69,6.0,0.7,6.0,0.01,0.01,2357.755087,1776368924000
1776368925.974,225.974,0.28,0.4,0.27,25.0,0.29,10.89,0.3,21.0,0.71,10.89,0.7,21.0,0.72,6.4,0.74,55.5,0.01,0.01,2357.755087,1776368924000
1776368926.447,226.447,0.27,52.5,0.26,55.5,0.28,4.16,0.29,10.89,0.71,10.89,0.7,21.0,0.73,25.0,0.74,55.5,0.01,0.02,2357.84397,1776368925000
1776368926.772,226.772,0.27,11.97,0.26,55.5,0.28,4.16,0.29,10.89,0.72,4.16,0.71,10.89,0.73,52.5,0.74,55.5,0.01,0.01,2357.84397,1776368925000
1776368927.068,227.068,0.26,55.5,0.25,10.0,0.27,11.29,0.28,4.16,0.72,4.16,0.71,10.89,0.73,11.97,0.74,55.5,0.01,0.01,2357.84397,1776368925000
1776368927.909,227.909,0.25,20.6,0.24,21.25,0.26,52.09,0.27,21.29,0.73,11.29,0.72,4.16,0.74,55.5,0.75,10.0,0.01,0.01,2358.135265,1776368926000
1776368928.221,228.221,0.25,17.5,0.24,16.25,0.26,38.24,0.27,20.0,0.74,52.09,0.73,21.29,0.75,20.6,0.76,21.25,0.01,0.01,2357.981103,1776368927000
1776368928.591,228.591,0.25,10.7,0.24,16.25,0.26,38.24,0.27,20.0,0.74,38.24,0.73,20.0,0.75,17.5,0.76,16.25,0.01,0.01,2357.981103,1776368927000
1776368932.123,232.123,0.29,8.3,0.28,10.0,0.31,41.0,0.32,20.0,0.74,38.24,0.73,20.0,0.75,10.7,0.76,16.25,0.02,0.01,2357.866483,1776368930000
1776368932.924,232.924,0.29,3.18,0.27,16.5,0.3,10.0,0.31,51.5,0.69,41.0,0.68,20.0,0.71,8.3,0.72,10.0,0.01,0.02,2357.815974,1776368931000
1776368933.483,233.483,0.27,6.0,0.26,26.5,0.3,60.0,0.31,51.5,0.7,10.0,0.69,51.5,0.71,3.18,0.73,16.5,0.03,0.01,2357.7885,1776368932000
1776368934.593,234.593,0.26,8.64,0.25,10.5,0.27,15.0,0.28,15.0,0.7,60.0,0.69,51.5,0.73,6.0,0.74,26.5,0.01,0.03,2357.830558,1776368933000
1776368935.048,235.048,0.25,34.5,0.24,34.7,0.26,9.0,0.27,15.0,0.73,15.0,0.72,15.0,0.74,8.64,0.75,10.5,0.01,0.01,2357.94582,1776368934000
1776368935.557,235.557,0.25,10.5,0.24,34.7,0.27,15.0,0.28,15.0,0.74,3.0,0.73,15.0,0.75,10.5,0.76,34.7,0.02,0.01,2357.94582,1776368934000
1776368936.316,236.316,0.19,70.8,0.18,134.4,0.21,21.32,0.22,25.0,0.73,15.0,0.72,15.0,0.75,10.5,0.76,34.7,0.02,0.02,2357.914156,1776368935000
1776368936.653,236.653,0.19,70.8,0.18,134.4,0.2,8.0,0.21,15.0,0.79,21.32,0.78,25.0,0.81,70.8,0.82,134.4,0.01,0.02,2357.914156,1776368935000
1776368937.088,237.088,0.19,60.3,0.18,140.44,0.2,3.0,0.21,15.0,0.8,3.0,0.79,15.0,0.81,70.8,0.82,134.4,0.01,0.01,2357.914156,1776368935000
1776368938.004,238.004,0.19,24.04,0.18,26.5,0.21,10.0,0.22,10.0,0.8,3.0,0.79,15.0,0.81,60.3,0.82,140.44,0.02,0.01,2357.914156,1776368935000
1776368938.25,238.25,0.2,14.46,0.19,37.04,0.21,10.0,0.22,10.0,0.79,10.0,0.78,10.0,0.81,24.04,0.82,26.5,0.01,0.02,2357.914156,1776368935000
1776368938.573,238.573,0.2,21.21,0.19,24.04,0.21,10.0,0.22,10.0,0.79,10.0,0.78,10.0,0.8,14.46,0.81,37.04,0.01,0.01,2357.914156,1776368935000
1776368938.898,238.898,0.19,12.27,0.18,16.5,0.21,10.0,0.22,10.0,0.79,10.0,0.78,10.0,0.8,21.21,0.81,24.04,0.02,0.01,2357.914156,1776368935000
1776368940.371,240.371,0.19,26.23,0.18,6.0,0.2,19.43,0.21,10.0,0.79,10.0,0.78,10.0,0.81,12.27,0.82,16.5,0.01,0.02,2357.914156,1776368935000
1776368942.831,242.831,0.1,40.32,0.09,217.55,0.11,25.0,0.12,15.0,0.8,19.43,0.79,10.0,0.81,26.23,0.82,6.0,0.01,0.01,2357.914156,1776368935000
1776368943.18,243.18,0.09,217.55,0.08,70.9,0.11,27.0,0.12,34.0,0.89,25.0,0.88,15.0,0.9,40.32,0.91,217.55,0.02,0.01,2357.914156,1776368935000
1776368943.651,243.651,0.09,200.35,0.08,70.9,0.1,10.0,0.11,15.0,0.89,15.0,0.88,25.0,0.91,211.45,0.92,70.9,0.01,0.02,2357.914156,1776368935000
1776368943.993,243.993,0.09,123.36,0.08,62.0,0.1,226.0,0.11,70.0,0.9,10.0,0.89,15.0,0.91,200.35,0.92,70.9,0.01,0.01,2357.914156,1776368935000
1776368944.598,244.598,0.09,51.2,0.08,22.0,0.11,19.0,0.12,20.0,0.9,216.0,0.89,70.0,0.91,46.2,0.92,22.0,0.02,0.01,2357.520704,1776368943000
1776368944.867,244.867,0.1,3.66,0.09,31.2,0.11,24.84,0.12,20.0,0.89,20.84,0.88,20.0,0.9,3.66,0.91,31.2,0.01,0.01,2357.520704,1776368943000
1776368945.416,245.416,0.09,29.86,0.08,22.0,0.11,19.84,0.12,10.0,0.89,24.84,0.88,20.0,0.91,29.86,0.92,22.0,0.02,0.02,2357.127006,1776368944000
1776368945.769,245.769,0.09,28.86,0.08,57.0,0.11,5.0,0.12,19.0,0.89,19.84,0.88,10.0,0.91,29.86,0.92,22.0,0.02,0.02,2357.127006,1776368944000
1776368946.002,246.002,0.1,8.78,0.09,28.86,0.12,15.25,0.13,29.0,0.89,5.0,0.88,19.0,0.9,8.78,0.91,28.86,0.02,0.01,2357.127006,1776368944000
1776368946.251,246.251,0.1,18.78,0.09,28.86,0.11,7.0,0.12,15.25,0.88,15.25,0.87,29.0,0.9,8.78,0.91,28.86,0.01,0.02,2357.127006,1776368944000
1776368946.469,246.469,0.1,3.93,0.09,28.86,0.11,162.09,0.12,58.25,0.89,162.09,0.88,58.25,0.9,10.0,0.91,28.86,0.01,0.01,2357.127006,1776368944000
1776368946.837,246.837,0.08,94.99,0.07,79.3,0.1,203.0,0.11,15.0,0.89,162.09,0.88,58.25,0.91,18.86,0.92,57.0,0.02,0.02,2357.127006,1776368944000
1776368947.133,247.133,0.09,10.0,0.08,46.09,0.1,135.4,0.11,24.0,0.9,135.4,0.89,24.0,0.91,10.0,0.92,46.09,0.01,0.01,2356.769419,1776368946000
1776368947.426,247.426,0.08,11.09,0.07,79.3,0.09,5.98,0.1,52.4,0.91,12.1,0.9,31.4,0.92,46.09,0.93,79.3,0.01,0.01,2356.769419,1776368946000
1776368947.736,247.736,0.08,2.82,0.07,24.0,0.09,140.86,0.1,41.4,0.91,151.98,0.9,41.4,0.92,2.82,0.93,24.0,0.01,0.01,2356.769419,1776368946000
1776368948.032,248.032,0.08,10.0,0.07,23.82,0.09,105.86,0.1,31.4,0.91,140.86,0.9,41.4,0.93,23.82,0.94,110.8,0.01,0.02,2356.769419,1776368946000
1776368948.326,248.326,0.08,10.0,0.07,23.82,0.09,94.74,0.1,31.4,0.91,105.86,0.9,31.4,0.92,10.0,0.93,23.82,0.01,0.01,2356.769419,1776368946000
1776368948.63,248.63,0.08,10.0,0.07,23.82,0.09,83.62,0.1,31.4,0.91,94.74,0.9,31.4,0.92,10.0,0.93,23.82,0.01,0.01,2356.769419,1776368946000
1776368948.913,248.913,0.08,10.0,0.07,23.82,0.09,72.5,0.1,41.4,0.91,83.62,0.9,31.4,0.92,10.0,0.93,23.82,0.01,0.01,2356.829649,1776368947000
1776368949.205,249.205,0.08,10.0,0.07,23.82,0.09,61.38,0.1,46.4,0.91,72.5,0.9,41.4,0.92,10.0,0.93,23.82,0.01,0.01,2356.829649,1776368947000
1776368949.695,249.695,0.07,23.82,0.06,31.0,0.09,130.26,0.1,46.4,0.91,127.26,0.9,41.4,0.92,10.0,0.93,23.82,0.02,0.01,2356.804571,1776368948000
1776368950.198,250.198,0.07,0.11,0.06,31.0,0.08,98.0,0.09,40.0,0.92,26.0,0.91,45.0,0.93,5.11,0.94,31.0,0.01,0.01,2356.804571,1776368948000
1776368951.167,251.167,0.06,70.82,0.05,157.47,0.08,5.0,0.09,5.0,0.92,98.0,0.91,40.0,0.93,0.11,0.94,31.0,0.02,0.01,2356.684335,1776368949000
1776368951.399,251.399,0.09,8.69,0.08,35.0,0.1,22.4,0.12,9.0,0.92,1.9,0.91,5.0,0.93,80.66,0.94,27.82,0.01,0.01,2356.684335,1776368949000
1776368951.603,251.603,0.09,55.69,0.08,27.0,0.13,17.4,0.14,10.0,0.9,22.4,0.88,9.0,0.91,8.69,0.92,35.0,0.04,0.01,2356.619885,1776368950000
1776368952.148,252.148,0.1,7.77,0.09,8.69,0.11,14.0,0.12,64.66,0.88,6.66,0.87,17.4,0.91,54.59,0.92,27.0,0.01,0.03,2356.619885,1776368950000
1776368952.403,252.403,0.1,2.77,0.09,8.69,0.11,64.0,0.12,29.66,0.89,14.0,0.88,64.66,0.9,7.77,0.91,8.69,0.01,0.01,2356.600831,1776368951000
1776368952.604,252.604,0.1,6.66,0.09,10.0,0.11,64.0,0.12,29.66,0.89,64.0,0.88,29.66,0.9,8.33,0.91,10.0,0.01,0.01,2356.600831,1776368951000
1776368952.998,252.998,0.09,9.44,0.08,96.04,0.1,6.29,0.11,59.0,0.89,59.0,0.88,24.66,0.91,9.44,0.92,96.04,0.01,0.02,2356.600831,1776368951000
1776368953.27,253.27,0.09,3.97,0.08,96.04,0.1,64.0,0.11,30.0,0.9,6.29,0.89,59.0,0.91,9.44,0.92,96.04,0.01,0.01,2356.600831,1776368951000
1776368953.728,253.728,0.09,35.87,0.08,71.04,0.1,64.0,0.11,20.0,0.9,64.0,0.89,30.0,0.91,3.97,0.92,96.04,0.01,0.01,2356.778858,1776368952000
1776368954.717,254.717,0.1,8.44,0.09,35.87,0.11,5.62,0.12,5.68,0.9,64.0,0.89,20.0,0.91,35.87,0.92,71.04,0.01,0.01,2356.972761,1776368953000
1776368955.052,255.052,0.11,25.0,0.1,17.1,0.13,25.75,0.14,10.0,0.89,5.62,0.88,15.68,0.9,17.1,0.91,35.87,0.02,0.01,2356.972761,1776368953000
1776368955.476,255.476,0.11,25.0,0.1,18.44,0.14,7.57,0.15,18.5,0.87,15.75,0.86,15.81,0.89,25.0,0.9,17.1,0.03,0.02,2356.972761,1776368953000
1776368955.748,255.748,0.1,18.44,0.09,24.87,0.13,10.0,0.14,9.76,0.87,10.0,0.86,9.76,0.89,7.79,0.9,18.44,0.03,0.02,2356.972761,1776368953000
1776368956.682,256.682,0.11,8.87,0.1,18.44,0.12,27.0,0.13,93.38,0.87,10.0,0.86,9.76,0.9,18.44,0.91,24.87,0.01,0.03,2356.974222,1776368955000
1776368957.494,257.494,0.11,48.19,0.1,18.44,0.12,17.0,0.13,93.38,0.88,17.0,0.87,103.38,0.89,3.87,0.9,18.44,0.01,0.01,2357.028893,1776368956000
1776368958.519,258.519,0.14,7.83,0.13,35.0,0.15,13.5,0.17,69.68,0.88,17.0,0.87,93.38,0.89,48.19,0.9,18.44,0.01,0.01,2357.116355,1776368957000
1776368958.777,258.777,0.14,40.43,0.13,36.0,0.17,34.73,0.2,202.0,0.85,5.4,0.84,5.95,0.86,40.43,0.87,36.0,0.03,0.01,2357.116355,1776368957000
1776368959.137,259.137,0.16,15.0,0.15,10.0,0.17,34.73,0.2,202.0,0.83,34.73,0.8,202.0,0.86,40.43,0.87,36.0,0.01,0.03,2357.116355,1776368957000
1776368959.419,259.419,0.21,7.46,0.2,20.0,0.22,183.0,0.23,16.0,0.83,5.0,0.79,7.0,0.84,31.42,0.85,22.0,0.01,0.01,2357.116355,1776368957000
1776368959.643,259.643,0.21,24.56,0.2,20.0,0.22,6.0,0.23,161.34,0.77,151.34,0.76,26.0,0.78,3.71,0.79,31.46,0.01,0.01,2357.116355,1776368957000
1776368959.959,259.959,0.21,13.13,0.2,10.0,0.22,165.98,0.23,31.0,0.78,149.0,0.77,31.0,0.79,6.63,0.8,10.0,0.01,0.01,2357.055063,1776368958000
1776368960.447,260.447,0.21,2.89,0.2,10.0,0.22,26.98,0.23,152.0,0.78,165.98,0.77,31.0,0.79,5.02,0.8,10.0,0.01,0.01,2357.055063,1776368958000
1776368960.732,260.732,0.19,2.37,0.18,10.0,0.22,26.98,0.23,48.0,0.78,26.98,0.77,152.0,0.79,2.89,0.8,10.0,0.03,0.01,2357.217892,1776368959000
1776368961.203,261.203,0.19,24.0,0.18,10.0,0.2,18.47,0.21,10.0,0.78,26.98,0.77,48.0,0.81,2.37,0.82,10.0,0.01,0.03,2357.217892,1776368959000
1776368961.605,261.605,0.19,26.31,0.18,10.0,0.2,17.45,0.21,10.0,0.8,18.47,0.79,10.0,0.81,19.06,0.82,10.0,0.01,0.01,2357.548508,1776368960000
1776368963.009,263.009,0.19,15.84,0.16,12.0,0.2,27.45,0.21,30.0,0.8,17.45,0.79,10.0,0.81,24.84,0.82,10.0,0.01,0.01,2357.727127,1776368961000
1776368963.478,263.478,0.15,57.2,0.14,37.73,0.16,154.11,0.17,15.0,0.8,27.45,0.79,30.0,0.84,6.05,0.85,10.0,0.01,0.04,2357.699809,1776368962000
1776368963.985,263.985,0.15,92.2,0.14,37.73,0.18,3.1,0.24,27.0,0.84,176.11,0.83,15.0,0.85,50.22,0.86,37.73,0.03,0.01,2357.699809,1776368962000
1776368964.369,264.369,0.22,9.25,0.21,10.0,0.25,25.0,0.26,225.0,0.76,17.0,0.75,201.0,0.77,18.73,0.83,28.0,0.03,0.01,2357.730108,1776368963000
1776368964.609,264.609,0.23,8.44,0.22,9.25,0.24,10.0,0.25,25.0,0.75,25.0,0.74,225.0,0.78,9.25,0.79,10.0,0.01,0.03,2357.730108,1776368963000
1776368964.812,264.812,0.23,2.52,0.22,9.25,0.25,39.0,0.26,225.0,0.76,10.0,0.75,25.0,0.77,8.44,0.78,9.25,0.02,0.01,2357.730108,1776368963000
1776368965.454,265.454,0.22,1.12,0.21,10.0,0.24,10.0,0.25,30.0,0.75,39.0,0.74,225.0,0.77,2.52,0.78,9.25,0.02,0.02,2357.730108,1776368963000
1776368965.662,265.662,0.21,8.31,0.2,28.0,0.23,15.0,0.24,10.0,0.77,15.0,0.76,10.0,0.79,9.58,0.8,28.0,0.02,0.02,2357.730108,1776368963000
1776368965.868,265.868,0.21,6.41,0.2,28.0,0.23,15.0,0.24,10.0,0.77,15.0,0.76,10.0,0.79,8.31,0.8,28.0,0.02,0.02,2357.628819,1776368964000
1776368966.201,266.201,0.21,6.41,0.2,38.0,0.23,5.47,0.24,10.0,0.77,15.0,0.76,10.0,0.79,6.41,0.8,28.0,0.02,0.02,2357.628819,1776368964000
1776368966.473,266.473,0.22,11.87,0.21,6.41,0.23,5.47,0.24,10.0,0.77,5.47,0.76,10.0,0.79,6.41,0.8,38.0,0.01,0.02,2357.628819,1776368964000
1776368967.372,267.372,0.22,11.87,0.2,18.0,0.23,146.35,0.24,20.0,0.77,5.47,0.76,10.0,0.78,11.87,0.79,6.41,0.01,0.01,2357.841245,1776368965000
1776368968.97,268.97,0.18,16.8,0.17,85.5,0.19,122.16,0.2,35.6,0.77,206.35,0.76,25.0,0.8,3.09,0.82,47.4,0.01,0.03,2357.876617,1776368967000
1776368969.432,269.432,0.19,10.0,0.18,10.0,0.2,18.6,0.21,35.28,0.81,122.16,0.8,35.6,0.82,14.7,0.83,85.5,0.01,0.01,2357.86707,1776368968000
1776368969.686,269.686,0.2,49.25,0.19,18.0,0.28,3.51,0.29,175.0,0.79,0.88,0.75,35.0,0.8,36.25,0.81,18.0,0.08,0.01,2357.86707,1776368968000
1776368970.007,270.007,0.25,20.86,0.24,17.0,0.26,10.0,0.27,15.0,0.73,15.0,0.72,3.51,0.74,2.76,0.75,16.0,0.01,0.01,2357.86707,1776368968000
1776368970.354,270.354,0.24,8.01,0.23,17.0,0.26,50.0,0.27,15.0,0.74,60.0,0.73,15.0,0.76,16.69,0.77,17.0,0.02,0.02,2357.838871,1776368969000
1776368970.711,270.711,0.25,4.93,0.24,6.56,0.26,67.0,0.27,144.75,0.74,60.0,0.73,144.75,0.76,6.56,0.77,17.0,0.01,0.02,2357.838871,1776368969000
1776368971.143,271.143,0.25,5.95,0.24,6.0,0.26,77.0,0.27,139.75,0.74,77.0,0.73,139.75,0.75,7.42,0.76,6.56,0.01,0.01,2357.838871,1776368969000
1776368971.427,271.427,0.23,42.0,0.21,31.7,0.24,4.79,0.25,10.0,0.74,77.0,0.73,139.75,0.77,32.0,0.79,31.7,0.01,0.03,2357.974321,1776368970000
1776368971.847,271.847,0.21,31.7,0.2,72.5,0.24,16.79,0.25,10.0,0.76,4.79,0.75,10.0,0.77,42.0,0.79,31.7,0.03,0.01,2357.974321,1776368970000
1776368972.809,272.809,0.21,26.99,0.2,82.5,0.22,10.0,0.23,148.36,0.76,16.79,0.75,10.0,0.79,31.7,0.8,72.5,0.01,0.03,2358.024775,1776368971000
1776368973.247,273.247,0.21,31.99,0.2,107.5,0.22,15.0,0.23,148.36,0.78,10.0,0.77,148.36,0.79,26.99,0.8,82.5,0.01,0.01,2358.024775,1776368971000
1776368973.605,273.605,0.21,21.99,0.2,72.5,0.22,10.45,0.23,148.36,0.78,15.0,0.77,148.36,0.79,31.99,0.8,107.5,0.01,0.01,2358.133398,1776368972000
1776368973.872,273.872,0.21,21.28,0.2,72.5,0.22,17.45,0.23,148.36,0.78,10.45,0.77,148.36,0.79,21.99,0.8,72.5,0.01,0.01,2358.133398,1776368972000
1776368975.335,275.335,0.13,50.0,0.12,10.0,0.15,15.0,0.16,10.0,0.78,17.45,0.77,148.36,0.79,21.28,0.8,72.5,0.02,0.01,2358.05339,1776368974000
1776368975.72,275.72,0.13,34.0,0.12,20.0,0.14,13.5,0.15,4.0,0.85,4.0,0.84,10.0,0.87,50.0,0.88,10.0,0.01,0.02,2358.05339,1776368974000
1776368976.654,276.654,0.06,42.72,0.05,88.67,0.07,10.0,0.08,10.0,0.86,13.5,0.85,4.0,0.87,34.0,0.88,20.0,0.01,0.01,2358.040985,1776368975000
1776368976.868,276.868,0.05,71.67,0.04,50.0,0.06,32.28,0.07,15.0,0.92,14.08,0.91,20.0,0.94,42.72,0.95,71.67,0.01,0.02,2358.040985,1776368975000
1776368977.33,277.33,0.06,12.0,0.05,81.67,0.08,10.0,0.09,1.08,0.91,1.08,0.9,167.0,0.95,71.67,0.96,50.0,0.02,0.04,2358.040985,1776368975000
1776368977.656,277.656,0.07,6.75,0.06,15.0,0.08,10.0,0.09,1.08,0.92,10.0,0.91,1.08,0.94,7.0,0.95,81.67,0.01,0.02,2357.991559,1776368976000
1776368978.064,278.064,0.06,0.75,0.05,81.67,0.08,10.0,0.09,11.08,0.92,10.0,0.91,1.08,0.93,6.75,0.94,15.0,0.02,0.01,2357.991559,1776368976000
1776368978.96,278.96,0.05,81.67,0.04,50.0,0.07,10.0,0.08,10.0,0.92,10.0,0.91,11.08,0.94,0.75,0.95,81.67,0.02,0.02,2357.893129,1776368977000
1776368980.304,280.304,0.04,0.86,0.03,153.0,0.07,10.0,0.08,10.0,0.93,10.0,0.92,10.0,0.95,80.61,0.96,50.0,0.03,0.02,2357.653298,1776368978000
1776368980.967,280.967,0.03,178.0,0.02,198.0,0.05,10.0,0.06,10.0,0.93,10.0,0.92,10.0,0.96,0.86,0.97,153.0,0.02,0.03,2357.529573,1776368980000
1776368981.218,281.218,0.04,10.0,0.03,178.0,0.05,8.79,0.06,10.0,0.95,10.0,0.94,10.0,0.97,178.0,0.98,198.0,0.01,0.02,2357.529573,1776368980000
1776368981.575,281.575,0.04,4.27,0.03,153.0,0.06,3.89,0.07,9.85,0.94,3.89,0.93,9.85,0.96,10.0,0.97,178.0,0.02,0.02,2357.529573,1776368980000
1776368983.189,283.189,0.03,152.22,0.02,173.0,0.05,35.0,0.06,56.89,0.94,3.89,0.93,9.85,0.96,4.27,0.97,153.0,0.02,0.02,2357.487039,1776368982000
1776368983.627,283.627,0.03,132.22,0.02,173.0,0.04,0.52,0.05,20.0,0.95,45.0,0.94,56.89,0.97,132.22,0.98,173.0,0.01,0.02,2357.487039,1776368982000
1776368984.028,284.028,0.03,132.22,0.02,173.0,0.04,0.37,0.05,25.0,0.96,0.52,0.95,20.0,0.97,132.22,0.98,173.0,0.01,0.01,2357.487039,1776368982000
1776368984.703,284.703,0.03,78.18,0.02,173.0,0.05,29.0,0.06,56.89,0.96,0.37,0.95,20.0,0.97,129.72,0.98,173.0,0.02,0.01,2357.466785,1776368983000
1776368985.516,285.516,0.03,35.9,0.02,173.0,0.04,5.0,0.05,31.0,0.95,59.0,0.94,56.89,0.97,11.18,0.98,173.0,0.01,0.02,2357.366465,1776368984000
1776368985.754,285.754,0.03,35.9,0.02,173.0,0.04,5.0,0.05,31.0,0.96,5.0,0.95,31.0,0.97,35.9,0.98,173.0,0.01,0.01,2357.366465,1776368984000
1776368986.347,286.347,0.02,172.01,0.01,3617.45,0.04,15.0,0.05,31.0,0.96,5.0,0.95,31.0,0.97,35.9,0.98,173.0,0.02,0.01,2357.339853,1776368985000
1776368987.08,287.08,0.02,161.8,0.01,3617.45,0.03,15.0,0.04,10.0,0.96,15.0,0.95,31.0,0.98,172.01,0.99,3617.45,0.01,0.02,2357.302367,1776368986000
1776368987.39,287.39,0.02,133.73,0.01,3617.45,0.03,15.0,0.04,10.0,0.97,15.0,0.96,10.0,0.98,143.73,0.99,3617.45,0.01,0.01,2357.302367,1776368986000
1776368987.888,287.888,0.02,130.7,0.01,3617.45,0.03,20.15,0.04,15.0,0.97,15.0,0.96,15.0,0.98,132.7,0.99,3617.45,0.01,0.01,2357.302367,1776368986000
1776368988.521,288.521,0.02,119.46,0.01,3627.05,0.03,20.15,0.04,20.0,0.97,20.15,0.96,15.0,0.98,129.67,0.99,3617.45,0.01,0.01,2357.287085,1776368987000
1776368989.166,289.166,0.02,155.16,0.01,3627.05,0.03,25.15,0.04,20.0,0.97,20.15,0.96,20.0,0.98,110.27,0.99,3627.05,0.01,0.01,2357.328992,1776368988000
1776368989.383,289.383,0.02,150.05,0.01,3627.05,0.03,25.15,0.04,20.0,0.97,25.15,0.96,20.0,0.98,155.16,0.99,3627.05,0.01,0.01,2357.328992,1776368988000
1776368989.617,289.617,0.02,94.95,0.01,3617.45,0.03,40.46,0.04,44.0,0.97,25.15,0.96,20.0,0.98,150.05,0.99,3627.05,0.01,0.01,2357.328992,1776368988000
1776368990.084,290.084,0.02,132.82,0.01,3627.05,0.03,45.46,0.04,39.0,0.97,40.46,0.96,44.0,0.98,94.95,0.99,3617.45,0.01,0.01,2357.328992,1776368988000
1776368990.346,290.346,0.01,699.03,,,0.03,35.46,0.04,10.0,0.97,45.46,0.96,39.0,0.98,127.82,0.99,3627.05,0.02,0.01,2357.332094,1776368989000
1776368990.655,290.655,0.01,699.03,,,0.02,5.0,0.04,10.46,0.96,10.46,0.95,43.0,0.98,10.0,0.99,699.03,0.01,0.02,2357.332094,1776368989000
1776368990.903,290.903,0.01,648.15,,,0.02,15.2,0.03,10.0,0.98,5.0,0.96,10.46,0.99,699.03,,,0.01,0.01,2357.332094,1776368989000
1776368991.183,291.183,0.01,532.14,,,0.02,15.2,0.03,15.0,0.98,15.2,0.97,10.0,0.99,633.15,,,0.01,0.01,2357.354316,1776368990000
1776368991.454,291.454,0.01,520.54,,,0.02,15.2,0.03,15.0,0.98,15.2,0.97,15.0,0.99,532.14,,,0.01,0.01,2357.354316,1776368990000
1776368991.808,291.808,0.01,434.54,,,0.03,5.2,0.04,5.46,0.98,15.2,0.97,10.0,0.99,434.54,,,0.02,0.01,2357.354316,1776368990000
1776368992.354,292.354,0.02,4.89,0.01,444.14,0.04,10.0,0.05,171.66,0.95,23.66,0.94,102.65,0.99,434.54,,,0.02,0.04,2357.364335,1776368991000
1776368992.656,292.656,0.02,10.0,0.01,438.98,0.06,27.55,0.07,189.85,0.96,10.0,0.95,23.66,0.99,438.98,,,0.04,0.03,2357.364335,1776368991000
1776368993.074,293.074,0.01,423.17,,,0.05,10.0,0.06,82.55,0.94,27.55,0.93,189.85,0.98,4.95,0.99,438.98,0.04,0.04,2357.364335,1776368991000
1776368993.575,293.575,0.02,6.96,0.01,433.16,0.04,9.9,0.05,10.0,0.96,9.9,0.95,10.0,0.98,10.0,0.99,423.17,0.02,0.02,2357.425137,1776368992000
1776368993.907,293.907,0.02,1.9,0.01,433.16,0.04,9.9,0.05,15.0,0.96,9.9,0.95,10.0,0.98,6.96,0.99,433.16,0.02,0.02,2357.447602,1776368993000
1776368994.218,294.218,0.01,433.04,,,0.03,10.0,0.04,9.9,0.96,9.9,0.95,15.0,0.98,1.9,0.99,433.16,0.02,0.02,2357.447602,1776368993000
1776368994.533,294.533,0.01,393.04,,,0.03,10.0,0.04,14.9,0.97,10.0,0.96,9.9,0.99,433.04,,,0.02,0.02,2357.447602,1776368993000
1776368994.945,294.945,0.01,385.15,,,0.03,15.0,0.04,9.9,0.97,10.0,0.96,14.9,0.99,393.04,,,0.02,0.02,2357.57846,1776368994000
1776368995.382,295.382,0.01,385.15,,,0.03,13.74,0.04,14.9,0.97,15.0,0.96,9.9,0.99,385.15,,,0.02,0.02,2357.57846,1776368994000
1776368995.593,295.593,0.01,289.13,,,0.03,13.74,0.04,38.9,0.97,13.74,0.96,14.9,0.99,384.13,,,0.02,0.02,2357.57846,1776368994000
1776368996.118,296.118,0.01,284.07,,,0.03,18.74,0.04,38.9,0.97,13.74,0.96,38.9,0.99,289.13,,,0.02,0.02,2357.57846,1776368994000
1776368996.365,296.365,0.01,183.05,,,0.03,147.74,0.04,33.9,0.97,18.74,0.96,38.9,0.99,284.07,,,0.02,0.02,2357.57846,1776368994000
1776368996.608,296.608,,,,,0.01,118.0,0.03,20.74,0.97,154.74,0.96,9.9,,,,,,,2357.57846,1776368994000
1776368997.401,297.401,,,,,0.01,431.85,0.02,5.0,0.99,98.0,0.97,20.74,,,,,,,2357.726341,1776368995000
1776368997.839,297.839,,,,,0.01,1007.85,0.02,5.0,0.99,431.85,0.98,5.0,,,,,,,2357.726341,1776368995000
1776369000.21,300.21,,,,,0.01,37733.86,0.02,18.0,0.99,1007.85,0.98,5.0,,,,,,,2357.867221,1776368998000

# RESULT,winner=Down,slug=eth-updown-5m-1776368700,ticks=458
