timestamp,elapsed_sec,up_bid_p1,up_bid_s1,up_bid_p2,up_bid_s2,up_ask_p1,up_ask_s1,up_ask_p2,up_ask_s2,down_bid_p1,down_bid_s1,down_bid_p2,down_bid_s2,down_ask_p1,down_ask_s1,down_ask_p2,down_ask_s2,up_spread,down_spread,eth_price,eth_oracle_ts
1776252600.602,0.602,0.46,18.41,0.4,38.0,0.47,38.53,0.48,197.3,0.53,38.53,0.52,192.3,0.54,20.41,0.6,38.0,0.01,0.01,2325.48855,1776252599000
1776252600.875,0.875,0.46,0.41,0.45,140.0,0.47,43.53,0.48,197.3,0.53,38.53,0.52,197.3,0.54,18.41,0.6,38.0,0.01,0.01,2325.48855,1776252599000
1776252601.193,1.193,0.45,210.0,0.44,70.0,0.46,9.59,0.47,43.53,0.53,43.53,0.52,197.3,0.54,0.41,0.55,140.0,0.01,0.01,2325.427945,1776252600000
1776252601.888,1.888,0.4,60.0,0.39,150.0,0.41,10.0,0.46,15.09,0.54,14.59,0.53,38.53,0.55,189.0,0.56,70.0,0.01,0.01,2325.427945,1776252600000
1776252602.161,2.161,0.4,13.0,0.39,23.0,0.44,86.0,0.45,22.0,0.59,15.0,0.54,15.09,0.6,38.0,0.61,150.0,0.04,0.01,2325.427945,1776252600000
1776252602.521,2.521,0.4,13.0,0.39,23.0,0.44,86.0,0.45,22.0,0.56,86.0,0.55,22.0,0.6,13.0,0.61,23.0,0.04,0.04,2325.324719,1776252601000
1776252602.981,2.981,0.36,27.89,0.35,70.0,0.39,1.76,0.41,12.0,0.59,12.0,0.58,13.0,0.63,14.0,0.64,27.89,0.03,0.04,2325.324719,1776252601000
1776252603.755,3.755,0.36,37.89,0.35,95.0,0.37,9.0,0.38,10.0,0.61,1.76,0.59,12.0,0.64,27.89,0.65,70.0,0.01,0.03,2325.232382,1776252602000
1776252604.424,4.424,0.36,35.79,0.35,95.0,0.37,14.0,0.38,15.0,0.63,14.0,0.62,15.0,0.64,35.79,0.65,95.0,0.01,0.01,2324.874472,1776252603000
1776252604.851,4.851,0.36,83.28,0.35,145.0,0.37,4.0,0.38,15.0,0.63,14.0,0.62,15.0,0.64,28.49,0.65,145.0,0.01,0.01,2324.874472,1776252603000
1776252606.505,6.505,0.36,83.28,0.35,145.0,0.37,4.0,0.38,15.0,0.63,4.0,0.62,15.0,0.64,83.28,0.65,145.0,0.01,0.01,2324.680152,1776252605000
1776252606.898,6.898,0.36,88.28,0.35,150.0,0.37,67.29,0.38,70.0,0.63,4.0,0.62,15.0,0.64,83.28,0.65,145.0,0.01,0.01,2324.680152,1776252605000
1776252608.316,8.316,0.36,83.28,0.35,150.0,0.37,72.29,0.38,70.0,0.63,67.29,0.62,70.0,0.64,88.28,0.65,150.0,0.01,0.01,2324.680296,1776252606000
1776252609.568,9.568,0.37,78.24,0.36,305.12,0.38,10.0,0.39,5.0,0.63,72.29,0.62,70.0,0.64,83.28,0.65,150.0,0.01,0.01,2324.728952,1776252607000
1776252609.953,9.953,0.37,78.24,0.36,305.12,0.38,10.0,0.39,5.0,0.62,10.0,0.61,5.0,0.63,78.24,0.64,305.12,0.01,0.01,2324.750592,1776252608000
1776252610.155,10.155,0.39,84.36,0.38,98.0,0.4,15.0,0.41,75.0,0.62,10.0,0.61,5.0,0.63,78.24,0.64,305.12,0.01,0.01,2324.750592,1776252608000
1776252610.39,10.39,0.39,85.55,0.38,93.0,0.4,27.3,0.41,5.0,0.6,24.3,0.59,75.0,0.61,82.72,0.62,98.0,0.01,0.01,2324.750592,1776252608000
1776252611.308,11.308,0.39,101.41,0.38,168.5,0.4,42.49,0.41,83.0,0.6,19.3,0.59,23.0,0.61,121.41,0.62,168.0,0.01,0.01,2324.739654,1776252610000
1776252612.711,12.711,0.38,132.41,0.37,10.0,0.4,97.49,0.41,138.0,0.6,42.49,0.59,83.0,0.61,101.41,0.62,168.5,0.02,0.01,2324.75075,1776252611000
1776252613.1,13.1,0.39,9.0,0.38,247.91,0.4,16.99,0.41,5.0,0.61,16.0,0.6,31.99,0.62,147.91,0.63,75.5,0.01,0.01,2324.75075,1776252611000
1776252613.406,13.406,0.39,9.0,0.38,252.91,0.4,26.99,0.41,30.5,0.6,30.99,0.59,25.5,0.61,22.46,0.62,252.91,0.01,0.01,2324.76075,1776252612000
1776252613.609,13.609,0.39,40.5,0.38,140.5,0.4,21.99,0.41,10.0,0.6,26.99,0.59,30.5,0.61,9.0,0.62,252.91,0.01,0.01,2324.76075,1776252612000
1776252613.864,13.864,0.44,20.0,0.43,100.0,0.45,10.12,0.46,60.0,0.56,13.0,0.54,68.0,0.61,65.5,0.62,135.5,0.01,0.05,2324.76075,1776252612000
1776252614.124,14.124,0.46,112.1,0.45,195.0,0.47,15.5,0.48,73.0,0.53,65.0,0.52,68.0,0.54,59.38,0.55,175.0,0.01,0.01,2324.76075,1776252612000
1776252614.356,14.356,0.46,92.1,0.45,195.0,0.47,89.77,0.48,73.0,0.53,15.5,0.52,73.0,0.54,112.1,0.55,195.0,0.01,0.01,2324.76075,1776252612000
1776252614.558,14.558,0.46,90.24,0.45,195.0,0.47,79.77,0.48,94.0,0.53,89.77,0.52,78.0,0.54,90.24,0.55,195.0,0.01,0.01,2324.76075,1776252613000
1776252615.08,15.08,0.46,150.74,0.45,267.5,0.47,69.27,0.48,5.0,0.53,79.77,0.52,94.0,0.54,90.24,0.55,195.0,0.01,0.01,2324.76075,1776252613000
1776252615.925,15.925,0.48,120.0,0.47,223.5,0.5,20.5,0.51,45.69,0.52,15.5,0.51,30.5,0.54,145.24,0.55,267.5,0.02,0.02,2324.7657,1776252614000
1776252616.228,16.228,0.49,8.03,0.48,195.0,0.5,75.6,0.51,80.5,0.5,65.6,0.49,80.5,0.51,19.7,0.52,195.0,0.01,0.01,2324.7657,1776252614000
1776252616.607,16.607,0.49,118.53,0.48,142.5,0.52,15.0,0.53,104.5,0.5,75.6,0.49,80.5,0.51,8.03,0.52,195.0,0.03,0.01,2325.0351,1776252615000
1776252616.813,16.813,0.49,114.05,0.48,125.5,0.52,10.0,0.53,95.5,0.48,15.0,0.47,104.5,0.51,118.53,0.52,142.5,0.03,0.03,2325.0351,1776252615000
1776252617.257,17.257,0.52,75.5,0.51,44.5,0.53,5.5,0.54,10.0,0.48,10.0,0.47,95.5,0.51,114.05,0.52,125.5,0.01,0.03,2325.1205,1776252616000
1776252617.478,17.478,0.52,125.5,0.51,118.5,0.54,10.0,0.56,13.88,0.47,5.5,0.46,10.0,0.48,75.5,0.49,44.5,0.02,0.01,2325.1205,1776252616000
1776252617.758,17.758,0.65,85.5,0.64,105.5,0.66,2.12,0.74,14.0,0.34,12.43,0.33,8.0,0.36,60.0,0.37,60.0,0.01,0.02,2325.1205,1776252616000
1776252618.017,18.017,0.73,26.5,0.72,25.5,0.74,23.32,0.78,5.0,0.26,4.0,0.23,5.0,0.31,10.12,0.32,15.0,0.01,0.05,2325.1205,1776252616000
1776252618.419,18.419,0.73,58.87,0.72,25.5,0.78,10.0,0.79,209.0,0.26,13.04,0.22,5.0,0.27,76.5,0.28,25.5,0.05,0.01,2325.1205,1776252616000
1776252618.669,18.669,0.76,15.0,0.75,16.0,0.77,4.95,0.78,10.0,0.23,5.0,0.22,10.0,0.28,6.94,0.29,40.5,0.01,0.05,2325.31769,1776252617000
1776252618.931,18.931,0.75,19.0,0.74,25.5,0.77,21.97,0.78,25.5,0.23,4.95,0.22,10.0,0.24,15.0,0.25,16.0,0.02,0.01,2325.31769,1776252617000
1776252619.237,19.237,0.74,44.34,0.73,38.5,0.76,10.0,0.77,31.97,0.25,5.0,0.23,21.97,0.26,33.5,0.27,38.5,0.02,0.01,2325.31769,1776252617000
1776252619.601,19.601,0.75,33.5,0.74,33.34,0.76,12.71,0.77,31.47,0.24,15.89,0.23,11.47,0.25,20.5,0.26,33.34,0.01,0.01,2325.38505,1776252618000
1776252619.86,19.86,0.76,28.5,0.75,43.5,0.77,8.31,0.78,118.0,0.24,1.71,0.23,31.47,0.25,43.5,0.26,38.34,0.01,0.01,2325.38505,1776252618000
1776252620.288,20.288,0.77,14.19,0.76,20.5,0.78,100.0,0.79,141.0,0.22,118.0,0.21,161.0,0.24,5.0,0.27,30.36,0.01,0.02,2325.38505,1776252618000
1776252620.731,20.731,0.76,5.5,0.75,16.0,0.78,15.0,0.79,80.5,0.21,151.0,0.2,125.5,0.23,14.19,0.24,20.5,0.02,0.02,2326.754547,1776252619000
1776252621.092,21.092,0.7,5.0,0.69,30.0,0.71,8.59,0.72,20.0,0.22,15.0,0.21,80.5,0.24,5.5,0.25,16.0,0.01,0.02,2326.754547,1776252619000
1776252621.697,21.697,0.69,6.96,0.68,5.0,0.7,57.0,0.71,19.59,0.29,13.59,0.28,32.0,0.31,26.96,0.32,21.0,0.01,0.02,2326.9617,1776252620000
1776252622.142,22.142,0.68,30.5,0.67,30.5,0.69,80.9,0.7,77.0,0.3,57.0,0.29,19.59,0.32,5.0,0.33,20.5,0.01,0.02,2326.9617,1776252620000
1776252622.364,22.364,0.68,33.54,0.67,30.5,0.69,30.0,0.7,82.09,0.31,29.9,0.3,82.09,0.32,35.5,0.33,35.5,0.01,0.01,2326.9617,1776252620000
1776252622.618,22.618,0.68,11.21,0.67,80.5,0.7,92.09,0.71,39.59,0.3,87.09,0.29,39.59,0.32,16.59,0.33,80.5,0.02,0.02,2326.9617,1776252620000
1776252622.821,22.821,0.67,81.36,0.66,85.0,0.69,15.0,0.7,92.09,0.31,15.0,0.3,87.09,0.33,84.4,0.34,80.0,0.02,0.02,2327.14635,1776252621000
1776252623.246,23.246,0.67,19.0,0.66,24.0,0.68,101.77,0.69,85.5,0.31,15.0,0.3,92.09,0.33,81.36,0.34,85.0,0.01,0.02,2326.850956,1776252622000
1776252623.67,23.67,0.64,38.0,0.62,11.0,0.67,77.5,0.68,145.5,0.32,101.77,0.31,85.5,0.33,19.0,0.34,24.0,0.03,0.01,2326.850956,1776252622000
1776252623.959,23.959,0.62,9.31,0.61,8.0,0.65,87.5,0.66,57.5,0.35,25.0,0.34,57.5,0.36,10.4,0.37,5.0,0.03,0.01,2326.850956,1776252622000
1776252624.354,24.354,0.61,5.0,0.59,6.0,0.62,45.0,0.63,57.0,0.35,87.5,0.34,57.5,0.38,9.31,0.39,8.0,0.01,0.03,2326.850956,1776252622000
1776252625.0,25.0,0.64,5.0,0.62,16.0,0.65,10.0,0.66,15.0,0.38,45.0,0.37,57.0,0.39,5.0,0.41,6.0,0.01,0.01,2326.5903,1776252623000
1776252625.382,25.382,0.59,2.56,0.58,11.0,0.6,24.0,0.61,19.0,0.35,17.0,0.34,20.0,0.36,5.0,0.38,6.0,0.01,0.01,2326.5903,1776252623000
1776252625.586,25.586,0.59,139.0,0.58,120.0,0.64,11.0,0.65,5.0,0.4,24.0,0.39,19.0,0.41,2.56,0.42,11.0,0.05,0.01,2326.5903,1776252623000
1776252625.912,25.912,0.62,6.88,0.61,34.0,0.63,5.0,0.64,76.0,0.36,11.0,0.35,15.0,0.38,11.88,0.39,34.0,0.01,0.02,2326.5903,1776252623000
1776252626.283,26.283,0.64,30.5,0.63,84.0,0.65,48.46,0.66,50.0,0.37,5.0,0.36,76.0,0.38,6.88,0.39,34.0,0.01,0.01,2326.478464,1776252624000
1776252626.521,26.521,0.67,25.0,0.66,31.0,0.68,51.84,0.69,69.0,0.35,48.46,0.34,50.0,0.36,30.5,0.37,84.0,0.01,0.01,2326.478464,1776252624000
1776252627.178,27.178,0.67,59.5,0.66,44.5,0.69,50.0,0.7,55.09,0.32,51.84,0.31,69.0,0.33,25.0,0.34,31.0,0.02,0.01,2326.24285,1776252626000
1776252627.5,27.5,0.68,25.0,0.67,49.5,0.69,15.0,0.7,65.09,0.31,50.0,0.3,55.09,0.33,59.5,0.34,44.5,0.01,0.02,2326.24285,1776252626000
1776252627.875,27.875,0.69,35.0,0.68,90.5,0.7,58.66,0.71,125.0,0.31,3.0,0.3,65.09,0.32,25.0,0.33,49.5,0.01,0.01,2326.24285,1776252626000
1776252628.226,28.226,0.69,144.5,0.68,98.0,0.73,48.91,0.74,89.0,0.3,58.66,0.29,125.0,0.31,35.0,0.32,90.5,0.04,0.01,2326.24285,1776252626000
1776252628.689,28.689,0.72,51.42,0.71,25.0,0.73,53.91,0.74,94.0,0.27,48.91,0.26,89.0,0.31,144.5,0.32,98.0,0.01,0.04,2326.35745,1776252627000
1776252628.922,28.922,0.72,8.31,0.71,25.0,0.73,58.91,0.74,94.0,0.27,53.91,0.26,94.0,0.28,51.42,0.29,25.0,0.01,0.01,2326.35745,1776252627000
1776252629.902,29.902,0.73,142.0,0.72,131.81,0.75,55.0,0.76,60.0,0.27,58.91,0.26,94.0,0.28,8.31,0.29,25.0,0.02,0.01,2326.53215,1776252628000
1776252631.185,31.185,0.74,123.84,0.73,100.0,0.75,60.0,0.76,65.0,0.25,55.0,0.24,60.0,0.27,142.0,0.28,131.81,0.01,0.02,2326.86735,1776252630000
1776252632.883,32.883,0.74,40.0,0.73,75.0,0.75,107.21,0.76,155.5,0.25,60.0,0.24,65.0,0.26,123.84,0.27,100.0,0.01,0.01,2327.03255,1776252631000
1776252635.782,35.782,0.71,29.65,0.7,107.0,0.72,111.0,0.73,123.0,0.25,107.21,0.24,155.5,0.26,40.0,0.27,75.0,0.01,0.01,2326.94215,1776252634000
1776252637.008,37.008,0.73,54.0,0.72,91.0,0.74,85.64,0.75,106.5,0.28,111.0,0.27,123.0,0.29,29.65,0.3,107.0,0.01,0.01,2326.880502,1776252636000
1776252638.032,38.032,0.73,20.59,0.72,106.5,0.74,93.86,0.75,85.0,0.26,85.64,0.25,106.5,0.27,54.0,0.28,91.0,0.01,0.01,2326.880502,1776252636000
1776252639.628,39.628,0.73,29.59,0.72,91.0,0.74,137.5,0.75,105.5,0.26,93.86,0.25,85.0,0.27,20.59,0.28,106.5,0.01,0.01,2326.96215,1776252638000
1776252641.094,41.094,0.73,6.07,0.72,41.0,0.74,143.0,0.75,105.5,0.26,137.5,0.25,105.5,0.27,29.59,0.28,91.0,0.01,0.01,2327.007,1776252639000
1776252643.465,43.465,0.73,34.58,0.72,91.0,0.74,132.0,0.75,95.0,0.26,143.0,0.25,105.5,0.27,6.07,0.28,41.0,0.01,0.01,2326.922,1776252642000
1776252643.905,43.905,0.73,74.58,0.72,96.0,0.74,105.64,0.75,105.5,0.26,132.0,0.25,95.0,0.27,34.58,0.28,91.0,0.01,0.01,2326.922,1776252642000
1776252644.24,44.24,0.73,46.0,0.72,91.0,0.74,109.28,0.75,105.5,0.26,99.28,0.25,105.5,0.27,79.58,0.28,96.0,0.01,0.01,2327.018765,1776252643000
1776252644.663,44.663,0.72,92.35,0.71,125.65,0.74,101.0,0.75,80.5,0.26,109.28,0.25,105.5,0.27,46.0,0.28,91.0,0.02,0.01,2327.018765,1776252643000
1776252644.987,44.987,0.73,184.0,0.72,121.85,0.76,5.0,0.77,71.0,0.26,101.0,0.25,80.5,0.28,92.35,0.29,125.65,0.03,0.02,2327.018765,1776252643000
1776252646.01,46.01,0.75,133.78,0.74,98.0,0.76,70.56,0.77,105.5,0.24,5.0,0.23,71.0,0.27,184.0,0.28,121.85,0.01,0.03,2326.8876,1776252644000
1776252646.232,46.232,0.76,131.0,0.75,155.0,0.77,33.37,0.78,225.0,0.23,39.69,0.22,225.0,0.24,65.0,0.25,166.0,0.01,0.01,2326.8876,1776252644000
1776252646.507,46.507,0.76,185.0,0.75,130.0,0.77,6.4,0.78,145.0,0.23,33.37,0.22,225.0,0.24,131.0,0.25,155.0,0.01,0.01,2326.95275,1776252645000
1776252647.105,47.105,0.78,106.0,0.77,91.0,0.79,33.0,0.8,35.5,0.23,6.4,0.22,145.0,0.24,185.0,0.25,130.0,0.01,0.01,2326.95275,1776252646000
1776252647.997,47.997,0.78,304.12,0.77,120.5,0.79,0.7,0.8,22.5,0.21,23.0,0.2,35.5,0.22,221.12,0.23,91.0,0.01,0.01,2326.95275,1776252646000
1776252648.636,48.636,0.8,91.0,0.79,205.88,0.81,79.42,0.82,114.9,0.2,22.5,0.19,86.4,0.22,309.12,0.23,120.5,0.01,0.02,2327.100738,1776252647000
1776252650.68,50.68,0.8,208.14,0.79,96.0,0.81,3.53,0.83,117.5,0.19,79.42,0.18,114.9,0.2,91.0,0.21,205.88,0.01,0.01,2327.4574,1776252649000
1776252650.969,50.969,0.81,12.47,0.8,228.44,0.83,22.0,0.84,201.8,0.19,3.53,0.17,22.0,0.2,218.44,0.21,104.0,0.02,0.01,2327.4574,1776252650000
1776252651.419,51.419,0.82,250.06,0.81,87.47,0.83,6.57,0.84,201.8,0.17,22.0,0.16,201.8,0.19,12.47,0.2,228.44,0.01,0.02,2327.4574,1776252650000
1776252652.144,52.144,0.82,262.06,0.81,97.97,0.84,62.49,0.85,90.88,0.17,6.57,0.16,201.8,0.18,250.06,0.19,87.47,0.02,0.01,2327.52325,1776252651000
1776252653.233,53.233,0.82,27.0,0.81,67.47,0.84,184.06,0.85,189.38,0.16,10.25,0.15,90.88,0.17,81.31,0.18,137.0,0.02,0.01,2327.77588,1776252652000
1776252653.665,53.665,0.82,85.86,0.81,5.0,0.83,185.5,0.84,240.06,0.16,184.06,0.15,189.38,0.18,27.0,0.19,67.47,0.01,0.02,2327.77588,1776252652000
1776252654.227,54.227,0.82,131.24,0.81,55.0,0.83,103.33,0.84,266.86,0.17,185.5,0.16,266.86,0.18,98.28,0.19,23.0,0.01,0.01,2327.77588,1776252652000
1776252655.029,55.029,0.79,19.99,0.78,81.0,0.83,187.33,0.84,379.85,0.17,103.33,0.16,266.86,0.18,131.24,0.19,55.0,0.04,0.01,2327.86185,1776252653000
1776252655.557,55.557,0.79,139.91,0.78,86.0,0.8,120.25,0.81,108.5,0.17,187.33,0.16,379.85,0.21,19.99,0.22,81.0,0.01,0.04,2327.86185,1776252653000
1776252656.09,56.09,0.79,189.91,0.78,91.0,0.8,6.71,0.81,108.5,0.2,21.9,0.19,108.5,0.21,149.91,0.22,86.0,0.01,0.01,2327.752521,1776252654000
1776252656.928,56.928,0.79,108.92,0.78,55.0,0.8,143.47,0.81,287.82,0.2,6.71,0.19,108.5,0.21,189.91,0.22,91.0,0.01,0.01,2327.507,1776252655000
1776252657.53,57.53,0.77,169.74,0.76,80.0,0.78,95.63,0.79,118.5,0.2,138.47,0.19,287.82,0.23,60.0,0.24,89.0,0.01,0.03,2327.507,1776252655000
1776252657.914,57.914,0.77,29.98,0.76,5.0,0.78,109.82,0.79,123.5,0.22,95.63,0.21,118.5,0.23,169.74,0.24,80.0,0.01,0.01,2327.40185,1776252656000
1776252658.285,58.285,0.77,29.98,0.76,93.99,0.78,69.62,0.79,98.5,0.22,60.54,0.21,123.5,0.23,24.98,0.24,5.0,0.01,0.01,2327.40185,1776252656000
1776252658.495,58.495,0.77,43.59,0.76,153.99,0.78,69.62,0.79,98.5,0.22,69.62,0.21,98.5,0.23,29.98,0.24,93.99,0.01,0.01,2327.40185,1776252656000
1776252658.999,58.999,0.77,23.59,0.76,88.99,0.78,87.44,0.79,176.5,0.22,65.62,0.21,98.5,0.23,38.59,0.24,153.99,0.01,0.01,2327.399511,1776252657000
1776252659.553,59.553,0.77,23.59,0.76,88.99,0.78,86.02,0.79,168.5,0.22,87.44,0.21,176.5,0.23,23.59,0.24,88.99,0.01,0.01,2327.399511,1776252657000
1776252660.331,60.331,0.77,23.59,0.76,88.99,0.78,135.93,0.79,289.21,0.21,163.51,0.2,204.96,0.23,23.59,0.24,88.99,0.01,0.02,2327.0229,1776252659000
1776252661.062,61.062,0.76,93.99,0.75,70.0,0.77,231.91,0.78,81.94,0.22,135.93,0.21,289.21,0.24,88.99,0.25,65.0,0.01,0.02,2327.0229,1776252659000
1776252661.858,61.858,0.76,158.99,0.75,75.0,0.77,156.93,0.78,51.94,0.23,231.91,0.22,81.94,0.24,93.99,0.25,70.0,0.01,0.01,2327.0229,1776252659000
1776252662.436,62.436,0.76,178.99,0.75,70.0,0.77,130.69,0.78,58.5,0.23,156.93,0.22,51.94,0.24,158.99,0.25,75.0,0.01,0.01,2327.016885,1776252660000
1776252662.644,62.644,0.76,173.99,0.75,70.0,0.77,118.19,0.78,58.5,0.23,130.69,0.22,58.5,0.24,178.99,0.25,70.0,0.01,0.01,2327.016885,1776252660000
1776252663.472,63.472,0.76,275.49,0.75,122.44,0.79,34.69,0.8,7.3,0.23,108.19,0.22,58.5,0.24,178.99,0.25,70.0,0.03,0.01,2327.010576,1776252661000
1776252663.865,63.865,0.8,109.0,0.79,50.5,0.81,9.24,0.82,10.5,0.19,10.48,0.18,10.5,0.2,76.0,0.21,35.5,0.01,0.01,2326.972581,1776252662000
1776252664.386,64.386,0.82,51.38,0.81,33.76,0.83,46.94,0.84,42.05,0.17,36.0,0.16,42.05,0.18,6.5,0.19,11.76,0.01,0.01,2326.971854,1776252663000
1776252664.894,64.894,0.83,85.0,0.82,89.88,0.84,6.43,0.85,166.0,0.17,40.91,0.16,42.05,0.18,67.38,0.19,33.76,0.01,0.01,2326.971854,1776252663000
1776252665.405,65.405,0.83,263.84,0.82,141.88,0.84,14.19,0.85,191.0,0.16,6.43,0.15,166.0,0.17,85.0,0.18,89.88,0.01,0.01,2326.971854,1776252663000
1776252666.445,66.445,0.84,139.0,0.83,264.34,0.85,165.91,0.86,139.97,0.16,14.19,0.15,191.0,0.17,263.84,0.18,141.88,0.01,0.01,2327.439155,1776252664000
1776252667.287,67.287,0.84,144.0,0.83,257.34,0.85,159.02,0.86,139.97,0.15,159.91,0.14,139.97,0.16,139.0,0.17,264.34,0.01,0.01,2327.602541,1776252665000
1776252667.729,67.729,0.84,139.0,0.83,128.0,0.85,157.26,0.86,150.47,0.15,159.02,0.14,139.97,0.16,144.0,0.17,257.34,0.01,0.01,2327.836955,1776252666000
1776252668.521,68.521,0.82,45.5,0.81,55.0,0.83,93.5,0.84,134.5,0.15,198.56,0.14,233.07,0.16,70.0,0.17,71.0,0.01,0.01,2327.933844,1776252667000
1776252669.452,69.452,0.82,136.86,0.81,70.0,0.83,52.01,0.84,249.5,0.17,93.5,0.16,134.5,0.18,28.5,0.19,55.0,0.01,0.01,2327.88255,1776252668000
1776252670.394,70.394,0.82,130.52,0.81,70.0,0.83,87.01,0.84,259.5,0.17,52.01,0.16,249.5,0.18,136.86,0.19,70.0,0.01,0.01,2327.88255,1776252668000
1776252671.253,71.253,0.82,146.02,0.81,80.5,0.84,189.0,0.85,103.26,0.17,87.01,0.16,259.5,0.18,130.52,0.19,70.0,0.02,0.01,2327.5961,1776252669000
1776252671.868,71.868,0.83,89.0,0.82,131.02,0.84,189.28,0.85,123.26,0.16,189.0,0.15,103.26,0.18,146.02,0.19,80.5,0.01,0.02,2327.55805,1776252670000
1776252672.344,72.344,0.83,167.31,0.82,56.54,0.84,110.04,0.85,83.26,0.16,189.28,0.15,123.26,0.17,77.05,0.18,131.02,0.01,0.01,2327.55805,1776252670000
1776252673.224,73.224,0.83,167.31,0.82,56.54,0.84,112.16,0.85,88.25,0.16,110.04,0.15,83.26,0.17,167.31,0.18,56.54,0.01,0.01,2327.57305,1776252671000
1776252673.788,73.788,0.83,187.31,0.82,56.54,0.84,103.16,0.85,88.25,0.16,112.16,0.15,88.25,0.17,167.31,0.18,56.54,0.01,0.01,2327.591696,1776252672000
1776252674.1,74.1,0.83,182.31,0.82,56.54,0.84,101.96,0.85,88.25,0.16,103.16,0.15,88.25,0.17,187.31,0.18,56.54,0.01,0.01,2327.591696,1776252672000
1776252674.523,74.523,0.83,238.81,0.82,56.54,0.85,37.99,0.86,108.0,0.16,101.96,0.15,88.25,0.17,182.31,0.18,56.54,0.02,0.01,2327.5964,1776252673000
1776252675.206,75.206,0.84,132.5,0.83,203.81,0.85,19.41,0.86,108.0,0.15,37.99,0.14,108.0,0.17,238.81,0.18,56.54,0.01,0.02,2327.5964,1776252673000
1776252676.01,76.01,0.84,245.56,0.83,143.55,0.85,6.7,0.86,108.0,0.15,19.41,0.14,108.0,0.16,132.5,0.17,203.81,0.01,0.01,2327.74245,1776252675000
1776252677.435,77.435,0.84,224.18,0.83,144.49,0.85,30.28,0.86,115.0,0.15,6.7,0.14,108.0,0.16,245.56,0.17,143.55,0.01,0.01,2327.76205,1776252676000
1776252679.078,79.078,0.86,176.5,0.85,165.5,0.87,0.28,0.88,114.1,0.15,30.28,0.14,115.0,0.16,224.18,0.17,144.49,0.01,0.01,2327.82705,1776252677000
1776252679.521,79.521,0.87,41.66,0.86,206.5,0.88,80.0,0.89,53.79,0.13,0.28,0.12,114.1,0.14,176.5,0.15,165.5,0.01,0.01,2327.827,1776252678000
1776252679.865,79.865,0.87,96.0,0.86,223.44,0.88,77.93,0.89,81.79,0.12,80.0,0.11,53.79,0.13,41.66,0.14,206.5,0.01,0.01,2327.827,1776252678000
1776252681.108,81.108,0.87,173.66,0.86,166.27,0.88,85.2,0.89,71.37,0.12,77.93,0.11,81.79,0.13,96.0,0.14,223.44,0.01,0.01,2327.908,1776252679000
1776252682.159,82.159,0.87,238.88,0.86,305.56,0.89,10.0,0.9,80.0,0.12,85.2,0.11,71.37,0.13,173.66,0.14,166.27,0.02,0.01,2328.16785,1776252681000
1776252682.393,82.393,0.89,136.15,0.88,109.0,0.9,77.62,0.91,54.0,0.1,77.62,0.09,54.0,0.12,34.0,0.13,300.88,0.01,0.02,2328.16785,1776252681000
1776252682.859,82.859,0.89,157.25,0.88,102.0,0.9,62.72,0.91,62.0,0.1,77.62,0.09,54.0,0.11,136.15,0.12,109.0,0.01,0.01,2328.16785,1776252681000
1776252686.74,86.74,0.89,212.65,0.88,145.49,0.9,5.96,0.91,10.0,0.1,21.06,0.09,62.0,0.11,157.25,0.12,102.0,0.01,0.01,2328.482222,1776252685000
1776252686.98,86.98,0.89,155.18,0.88,245.49,0.92,102.89,0.93,187.3,0.1,5.96,0.09,10.0,0.11,200.18,0.12,245.49,0.03,0.01,2328.482222,1776252685000
1776252688.082,88.082,0.91,333.4,0.9,116.01,0.92,56.67,0.93,149.29,0.08,102.89,0.07,187.3,0.11,155.18,0.12,245.49,0.01,0.03,2328.643222,1776252686000
1776252688.508,88.508,0.91,247.0,0.9,184.95,0.92,54.45,0.93,137.29,0.08,56.67,0.07,149.29,0.09,333.4,0.1,116.01,0.01,0.01,2328.58348,1776252687000
1776252688.923,88.923,0.91,235.88,0.9,184.95,0.92,54.45,0.93,130.29,0.08,54.45,0.07,137.29,0.09,247.0,0.1,184.95,0.01,0.01,2328.58348,1776252687000
1776252689.481,89.481,0.91,186.88,0.9,193.56,0.92,5.55,0.93,180.29,0.08,54.45,0.07,130.29,0.09,235.88,0.1,184.95,0.01,0.01,2328.697716,1776252688000
1776252689.828,89.828,0.91,181.88,0.9,184.95,0.93,180.29,0.94,215.8,0.08,5.55,0.07,180.29,0.09,186.88,0.1,193.56,0.02,0.01,2328.697716,1776252688000
1776252691.117,91.117,0.91,17.88,0.9,87.01,0.93,249.71,0.94,215.8,0.07,180.29,0.06,215.8,0.09,181.88,0.1,184.95,0.02,0.02,2328.76922,1776252690000
1776252691.619,91.619,0.91,72.88,0.9,101.01,0.92,128.95,0.93,193.72,0.07,249.71,0.06,215.8,0.09,17.88,0.1,87.01,0.01,0.02,2328.76922,1776252690000
1776252692.129,92.129,0.91,83.03,0.9,92.01,0.92,67.2,0.93,193.72,0.08,128.95,0.07,193.72,0.09,72.88,0.1,101.01,0.01,0.01,2328.76922,1776252690000
1776252693.0,93.0,0.91,264.58,0.9,244.5,0.93,76.26,0.94,207.8,0.08,67.2,0.07,193.72,0.09,83.03,0.1,92.01,0.02,0.01,2328.71025,1776252691000
1776252694.799,94.799,0.92,132.15,0.91,259.43,0.93,86.85,0.94,207.8,0.07,76.26,0.06,207.8,0.09,264.58,0.1,244.5,0.01,0.02,2328.53585,1776252693000
1776252695.656,95.656,0.92,132.15,0.91,259.43,0.93,46.58,0.94,207.8,0.07,86.85,0.06,207.8,0.08,132.15,0.09,259.43,0.01,0.01,2328.759073,1776252694000
1776252695.954,95.954,0.92,127.15,0.91,259.43,0.93,30.96,0.94,207.8,0.07,40.5,0.06,207.8,0.08,127.15,0.09,259.43,0.01,0.01,2328.759073,1776252694000
1776252696.832,96.832,0.92,269.51,0.91,102.88,0.93,27.16,0.94,157.8,0.07,30.96,0.06,207.8,0.08,127.15,0.09,259.43,0.01,0.01,2328.761223,1776252695000
1776252697.092,97.092,0.92,246.1,0.91,102.88,0.93,27.16,0.94,157.8,0.07,27.16,0.06,157.8,0.08,269.51,0.09,102.88,0.01,0.01,2328.761223,1776252695000
1776252698.836,98.836,0.91,134.8,0.9,218.51,0.93,177.88,0.94,212.8,0.07,27.16,0.06,157.8,0.08,246.1,0.09,102.88,0.02,0.01,2328.808486,1776252697000
1776252699.614,99.614,0.91,58.68,0.9,97.01,0.92,166.89,0.93,196.01,0.07,177.88,0.06,212.8,0.09,134.8,0.1,218.51,0.01,0.02,2328.763738,1776252698000
1776252700.714,100.714,0.91,228.15,0.9,112.51,0.92,87.24,0.93,181.59,0.08,166.89,0.07,196.01,0.09,58.68,0.1,97.01,0.01,0.01,2328.703612,1776252699000
1776252702.791,102.791,0.91,168.15,0.9,97.01,0.92,101.9,0.93,172.29,0.08,87.24,0.07,181.59,0.09,228.15,0.1,112.51,0.01,0.01,2328.712335,1776252701000
1776252703.167,103.167,0.91,213.15,0.9,102.01,0.92,96.9,0.93,172.29,0.08,101.9,0.07,172.29,0.09,168.15,0.1,97.01,0.01,0.01,2328.712335,1776252701000
1776252705.155,105.155,0.91,111.76,0.9,162.59,0.92,81.9,0.93,172.29,0.08,87.9,0.07,172.29,0.09,213.15,0.1,112.51,0.01,0.01,2328.495572,1776252703000
1776252705.433,105.433,0.91,101.76,0.9,112.51,0.92,73.91,0.93,172.29,0.08,81.9,0.07,172.29,0.09,111.76,0.1,162.59,0.01,0.01,2328.482,1776252704000
1776252705.725,105.725,0.9,88.56,0.89,21.0,0.91,74.29,0.92,167.53,0.08,73.91,0.07,172.29,0.09,101.76,0.1,112.51,0.01,0.01,2328.482,1776252704000
1776252706.543,106.543,0.9,0.56,0.89,26.0,0.91,174.29,0.92,167.53,0.09,74.29,0.08,167.53,0.1,88.56,0.11,21.0,0.01,0.01,2328.4615,1776252705000
1776252707.298,107.298,0.89,16.0,0.88,94.0,0.91,226.29,0.92,167.53,0.09,174.29,0.08,167.53,0.1,0.56,0.11,26.0,0.02,0.01,2328.4615,1776252705000
1776252708.137,108.137,0.89,218.15,0.88,99.0,0.9,109.29,0.91,181.0,0.09,226.29,0.08,167.53,0.11,16.0,0.12,94.0,0.01,0.02,2328.401494,1776252707000
1776252708.363,108.363,0.89,223.15,0.88,99.0,0.9,57.2,0.91,181.0,0.1,109.29,0.09,181.0,0.11,218.15,0.12,99.0,0.01,0.01,2328.401494,1776252707000
1776252709.462,109.462,0.89,326.48,0.88,109.5,0.91,83.68,0.92,118.53,0.1,57.2,0.09,181.0,0.11,223.15,0.12,99.0,0.02,0.01,2328.2199,1776252708000
1776252709.877,109.877,0.9,77.4,0.89,336.48,0.91,15.97,0.92,139.52,0.09,15.97,0.08,169.53,0.11,381.48,0.12,109.5,0.01,0.02,2328.2199,1776252708000
1776252710.805,110.805,0.9,243.9,0.89,164.33,0.91,53.15,0.92,189.52,0.09,15.97,0.08,139.52,0.1,77.4,0.11,336.48,0.01,0.01,2328.07995,1776252709000
1776252711.259,111.259,0.9,243.9,0.89,164.33,0.91,57.73,0.92,182.52,0.09,53.15,0.08,189.52,0.1,243.9,0.11,164.33,0.01,0.01,2328.07995,1776252709000
1776252713.474,113.474,0.9,292.9,0.89,164.33,0.91,32.65,0.92,132.52,0.09,57.73,0.08,182.52,0.1,243.9,0.11,164.33,0.01,0.01,2328.053683,1776252712000
1776252714.18,114.18,0.9,292.9,0.89,164.33,0.91,17.0,0.92,132.52,0.09,32.65,0.08,132.52,0.1,292.9,0.11,164.33,0.01,0.01,2328.053683,1776252712000
1776252714.579,114.579,0.9,312.9,0.89,164.33,0.91,5.0,0.92,132.52,0.09,11.5,0.08,132.52,0.1,297.9,0.11,164.33,0.01,0.01,2328.180443,1776252713000
1776252716.89,116.89,0.9,142.17,0.89,226.21,0.91,43.0,0.92,83.62,0.09,5.0,0.08,132.52,0.1,152.17,0.11,164.33,0.01,0.01,2328.179444,1776252715000
1776252717.159,117.159,0.9,132.17,0.89,226.21,0.91,38.45,0.92,133.62,0.09,43.0,0.08,133.62,0.1,132.17,0.11,226.21,0.01,0.01,2328.179444,1776252715000
1776252719.064,119.064,0.89,104.33,0.88,89.0,0.9,19.83,0.91,401.45,0.09,38.45,0.08,133.62,0.1,132.17,0.11,226.21,0.01,0.01,2327.985926,1776252718000
1776252721.898,121.898,0.89,159.33,0.88,151.6,0.9,88.71,0.91,304.45,0.1,19.83,0.09,401.45,0.11,104.33,0.12,89.0,0.01,0.01,2327.885553,1776252720000
1776252722.886,122.886,0.89,164.33,0.88,126.0,0.9,78.16,0.91,304.45,0.1,88.71,0.09,304.45,0.11,159.33,0.12,151.6,0.01,0.01,2327.873809,1776252721000
1776252723.283,123.283,0.89,105.33,0.88,34.0,0.9,100.66,0.91,360.45,0.1,78.16,0.09,304.45,0.11,164.33,0.12,126.0,0.01,0.01,2327.861132,1776252722000
1776252723.561,123.561,0.88,44.09,0.87,15.0,0.89,19.38,0.9,149.66,0.1,89.66,0.09,360.45,0.12,24.66,0.13,15.0,0.01,0.02,2327.861132,1776252722000
1776252723.807,123.807,0.88,24.43,0.87,10.0,0.89,94.88,0.9,205.66,0.11,19.38,0.1,149.66,0.12,44.09,0.13,15.0,0.01,0.01,2327.861132,1776252722000
1776252724.572,124.572,0.85,4.7,0.84,83.99,0.86,95.5,0.87,150.5,0.11,89.88,0.1,205.66,0.15,99.8,0.16,304.74,0.01,0.04,2328.035452,1776252723000
1776252725.122,125.122,0.84,93.69,0.83,10.0,0.85,120.5,0.86,130.5,0.14,145.5,0.13,156.5,0.16,78.69,0.17,10.0,0.01,0.02,2328.035452,1776252723000
1776252725.531,125.531,0.84,103.69,0.83,146.52,0.85,63.11,0.86,190.5,0.15,74.11,0.14,200.5,0.16,98.69,0.17,20.5,0.01,0.01,2327.70575,1776252724000
1776252726.072,126.072,0.84,20.0,0.83,131.02,0.85,46.57,0.86,190.5,0.15,51.22,0.14,190.5,0.16,98.69,0.17,141.52,0.01,0.01,2327.7056,1776252725000
1776252726.963,126.963,0.84,15.0,0.83,131.02,0.85,83.84,0.86,200.5,0.15,47.45,0.14,190.5,0.16,20.0,0.17,131.02,0.01,0.01,2327.38774,1776252726000
1776252728.085,128.085,0.84,20.0,0.83,141.52,0.85,30.38,0.86,200.5,0.15,78.84,0.14,200.5,0.16,15.0,0.17,131.02,0.01,0.01,2327.21311,1776252727000
1776252728.808,128.808,0.84,20.0,0.83,141.52,0.85,11.76,0.86,200.5,0.15,24.49,0.14,200.5,0.16,25.0,0.17,146.52,0.01,0.01,2327.21311,1776252727000
1776252729.703,129.703,0.85,13.24,0.84,220.16,0.86,195.0,0.87,130.0,0.15,11.76,0.14,200.5,0.16,20.0,0.17,141.52,0.01,0.01,2327.38146,1776252728000
1776252730.282,130.282,0.85,144.74,0.84,238.16,0.86,114.0,0.87,125.0,0.14,174.0,0.13,130.0,0.15,43.74,0.16,215.16,0.01,0.01,2327.174708,1776252729000
1776252731.054,131.054,0.85,138.07,0.84,149.5,0.86,176.21,0.87,125.0,0.14,114.0,0.13,125.0,0.15,144.74,0.16,238.16,0.01,0.01,2327.185,1776252730000
1776252731.396,131.396,0.85,138.07,0.84,149.5,0.86,114.9,0.87,125.0,0.14,123.9,0.13,125.0,0.15,143.07,0.16,149.5,0.01,0.01,2327.185,1776252730000
1776252732.004,132.004,0.85,143.07,0.84,143.5,0.86,118.26,0.87,125.0,0.14,114.9,0.13,125.0,0.15,138.07,0.16,149.5,0.01,0.01,2327.185,1776252730000
1776252732.598,132.598,0.85,158.4,0.84,131.5,0.86,64.18,0.87,140.0,0.14,113.26,0.13,125.0,0.15,131.4,0.16,143.5,0.01,0.01,2327.29375,1776252731000
1776252732.8,132.8,0.85,332.15,0.84,137.5,0.87,140.0,0.88,24.0,0.14,51.54,0.13,140.0,0.15,332.15,0.16,137.5,0.02,0.01,2327.29375,1776252731000
1776252733.031,133.031,0.86,134.5,0.85,295.15,0.87,143.61,0.89,80.0,0.13,140.0,0.12,24.0,0.15,332.15,0.16,137.5,0.01,0.02,2327.29375,1776252731000
1776252734.966,134.966,0.86,347.7,0.85,295.39,0.87,142.29,0.89,80.0,0.13,142.29,0.11,80.0,0.14,147.5,0.15,295.15,0.01,0.01,2327.458186,1776252733000
1776252736.264,136.264,0.86,352.7,0.85,296.39,0.87,128.59,0.89,80.0,0.13,142.29,0.11,80.0,0.14,347.7,0.15,295.39,0.01,0.01,2327.5257,1776252734000
1776252737.0,137.0,0.86,168.85,0.85,121.4,0.87,128.59,0.88,65.0,0.13,128.59,0.11,80.0,0.14,352.7,0.15,296.39,0.01,0.01,2327.5473,1776252735000
1776252737.674,137.674,0.86,221.7,0.85,121.4,0.87,123.59,0.88,15.0,0.13,128.59,0.12,65.0,0.14,168.85,0.15,121.4,0.01,0.01,2327.5473,1776252736000
1776252737.956,137.956,0.86,226.7,0.85,121.4,0.87,120.14,0.88,15.0,0.13,123.59,0.12,15.0,0.14,221.7,0.15,121.4,0.01,0.01,2327.5473,1776252736000
1776252738.319,138.319,0.86,221.7,0.85,121.4,0.87,41.45,0.88,15.0,0.13,120.14,0.12,15.0,0.14,226.7,0.15,121.4,0.01,0.01,2327.5473,1776252736000
1776252738.728,138.728,0.86,226.7,0.85,126.4,0.87,40.3,0.88,15.0,0.13,41.45,0.12,15.0,0.14,221.7,0.15,121.4,0.01,0.01,2327.57665,1776252737000
1776252741.612,141.612,0.86,9.51,0.85,136.64,0.87,123.06,0.88,80.5,0.13,40.3,0.12,15.0,0.14,226.7,0.15,126.4,0.01,0.01,2327.44395,1776252740000
1776252742.329,142.329,0.85,147.98,0.84,82.5,0.86,71.49,0.87,128.56,0.14,11.49,0.13,123.06,0.15,136.64,0.16,75.5,0.01,0.01,2327.47405,1776252741000
1776252744.046,144.046,0.85,136.5,0.84,146.36,0.86,15.32,0.87,68.06,0.14,71.49,0.13,128.56,0.15,147.98,0.16,82.5,0.01,0.01,2327.44965,1776252742000
1776252745.33,145.33,0.86,43.35,0.85,113.5,0.87,45.3,0.88,20.0,0.14,15.32,0.13,68.06,0.15,136.5,0.16,146.36,0.01,0.01,2327.49565,1776252744000
1776252747.056,147.056,0.86,101.25,0.85,113.5,0.87,56.91,0.88,70.0,0.13,45.3,0.12,70.0,0.14,111.75,0.15,113.5,0.01,0.01,2327.299997,1776252746000
1776252751.479,151.479,0.85,149.5,0.84,116.18,0.86,3.83,0.87,66.91,0.13,56.91,0.12,70.0,0.14,101.25,0.15,113.5,0.01,0.01,2327.37985,1776252750000
1776252752.506,152.506,0.85,142.5,0.84,116.18,0.87,64.94,0.88,70.0,0.14,3.83,0.13,66.91,0.15,149.5,0.16,116.18,0.02,0.01,2327.241015,1776252751000
1776252753.932,153.932,0.86,51.21,0.85,102.5,0.87,129.94,0.88,20.0,0.13,69.94,0.12,70.0,0.14,47.85,0.15,97.5,0.01,0.01,2327.244834,1776252752000
1776252755.033,155.033,0.85,22.0,0.84,85.68,0.87,32.26,0.88,80.5,0.13,129.94,0.12,20.0,0.14,51.21,0.15,102.5,0.02,0.01,2327.2256,1776252754000
1776252755.27,155.27,0.84,30.68,0.83,5.0,0.85,15.0,0.86,157.5,0.13,32.26,0.12,80.5,0.15,22.0,0.16,85.68,0.01,0.02,2327.2256,1776252754000
1776252756.593,156.593,0.82,129.34,0.81,80.5,0.83,10.0,0.84,180.0,0.16,130.0,0.15,135.5,0.18,10.5,0.19,87.5,0.01,0.02,2327.2506,1776252755000
1776252757.736,157.736,0.82,154.84,0.81,80.5,0.83,8.79,0.84,250.0,0.17,10.0,0.16,180.0,0.18,129.34,0.19,80.5,0.01,0.01,2327.123,1776252756000
1776252757.938,157.938,0.82,149.84,0.81,80.5,0.84,250.0,0.85,135.5,0.17,2.79,0.16,250.0,0.18,149.84,0.19,80.5,0.02,0.01,2327.123,1776252756000
1776252758.98,158.98,0.83,9.11,0.82,14.94,0.84,265.5,0.85,105.5,0.16,250.0,0.15,135.5,0.18,149.84,0.19,80.5,0.01,0.02,2327.12285,1776252757000
1776252760.645,160.645,0.83,9.11,0.82,33.95,0.84,196.69,0.85,105.5,0.16,265.5,0.15,105.5,0.17,9.11,0.18,14.94,0.01,0.01,2327.02285,1776252758000
1776252761.805,161.805,0.82,18.17,0.81,10.0,0.84,236.69,0.85,105.5,0.16,196.69,0.15,105.5,0.17,9.11,0.18,33.95,0.02,0.01,2327.030907,1776252760000
1776252762.204,162.204,0.8,121.8,0.79,20.0,0.81,104.7,0.82,105.5,0.16,236.69,0.15,105.5,0.18,18.17,0.19,10.0,0.01,0.02,2327.014512,1776252761000
1776252762.575,162.575,0.78,15.38,0.77,30.0,0.81,181.7,0.82,111.5,0.19,104.7,0.18,105.5,0.2,101.8,0.21,20.0,0.03,0.01,2327.014512,1776252761000
1776252762.775,162.775,0.76,20.5,0.75,20.88,0.78,3.71,0.79,35.5,0.22,3.71,0.21,35.5,0.23,10.0,0.24,20.5,0.02,0.01,2327.014512,1776252761000
1776252764.376,164.376,0.77,119.89,0.76,75.5,0.78,70.93,0.79,113.79,0.22,3.71,0.21,35.5,0.24,20.5,0.25,20.88,0.01,0.02,2326.999705,1776252762000
1776252764.578,164.578,0.77,119.89,0.76,80.5,0.78,70.93,0.79,113.79,0.22,70.93,0.21,113.79,0.23,119.89,0.24,75.5,0.01,0.01,2326.878685,1776252763000
1776252765.033,165.033,0.79,10.0,0.78,91.5,0.8,31.03,0.81,161.7,0.22,70.93,0.21,113.79,0.23,119.89,0.24,80.5,0.01,0.01,2326.7135,1776252764000
1776252765.341,165.341,0.79,76.5,0.78,141.5,0.8,4.83,0.81,139.7,0.2,28.58,0.19,139.7,0.21,76.5,0.22,86.5,0.01,0.01,2326.7135,1776252764000
1776252766.518,166.518,0.8,15.0,0.79,209.41,0.81,134.07,0.82,80.5,0.2,4.83,0.19,139.7,0.21,76.5,0.22,141.5,0.01,0.01,2326.6485,1776252765000
1776252767.418,167.418,0.8,10.0,0.79,106.11,0.81,134.07,0.82,80.5,0.19,134.07,0.18,80.5,0.2,15.0,0.21,209.41,0.01,0.01,2326.77953,1776252766000
1776252768.479,168.479,0.84,132.5,0.83,46.38,0.86,60.75,0.87,180.5,0.19,134.07,0.18,80.5,0.2,10.0,0.21,106.11,0.02,0.01,2326.77953,1776252766000
1776252768.766,168.766,0.84,156.5,0.83,43.0,0.85,5.0,0.86,60.75,0.14,60.75,0.13,180.5,0.16,132.5,0.17,46.38,0.01,0.02,2326.763253,1776252767000
1776252768.988,168.988,0.84,146.5,0.83,204.75,0.86,55.29,0.87,150.5,0.15,1.47,0.14,60.75,0.16,156.5,0.17,43.0,0.02,0.01,2326.763253,1776252767000
1776252772.108,172.108,0.84,65.5,0.83,137.39,0.85,63.82,0.86,73.0,0.14,55.29,0.13,150.5,0.16,146.5,0.17,204.75,0.01,0.02,2326.996798,1776252770000
1776252773.014,173.014,0.84,59.12,0.83,38.5,0.85,70.52,0.86,78.0,0.15,63.82,0.14,73.0,0.16,65.5,0.17,137.39,0.01,0.01,2326.99145,1776252771000
1776252773.487,173.487,0.84,1.12,0.83,5.0,0.85,85.52,0.86,78.0,0.15,70.52,0.14,78.0,0.16,52.87,0.17,38.5,0.01,0.01,2326.9716,1776252772000
1776252774.063,174.063,0.8,20.0,0.79,122.5,0.83,16.88,0.85,142.52,0.15,85.52,0.14,78.0,0.16,1.12,0.17,5.0,0.03,0.01,2326.9716,1776252772000
1776252774.318,174.318,0.8,119.39,0.79,62.5,0.81,15.0,0.82,47.5,0.17,16.88,0.15,142.52,0.2,20.0,0.21,122.5,0.01,0.03,2326.9716,1776252772000
1776252775.686,175.686,0.78,23.31,0.76,15.0,0.81,202.81,0.82,183.11,0.19,15.0,0.18,47.5,0.2,119.39,0.21,62.5,0.03,0.01,2326.9666,1776252774000
1776252776.658,176.658,0.78,53.81,0.77,25.5,0.79,70.0,0.8,85.55,0.19,202.81,0.18,183.11,0.22,23.31,0.24,15.0,0.01,0.03,2326.74943,1776252775000
1776252778.689,178.689,0.78,36.79,0.77,25.5,0.79,75.0,0.8,80.55,0.21,70.0,0.2,85.55,0.22,53.81,0.23,25.5,0.01,0.01,2326.700864,1776252777000
1776252780.146,180.146,0.79,55.5,0.78,239.78,0.8,35.0,0.81,65.0,0.21,75.0,0.2,80.55,0.22,36.79,0.23,25.5,0.01,0.01,2326.692343,1776252778000
1776252782.173,182.173,0.79,118.17,0.77,20.0,0.81,90.81,0.82,173.11,0.2,35.0,0.19,65.0,0.21,55.5,0.22,239.78,0.02,0.01,2326.724793,1776252780000
1776252783.524,183.524,0.79,6.42,0.78,70.79,0.8,72.57,0.81,80.81,0.19,90.81,0.18,173.11,0.21,118.17,0.23,20.0,0.01,0.02,2326.6486,1776252782000
1776252783.991,183.991,0.79,32.15,0.78,130.79,0.8,5.0,0.81,20.31,0.2,72.57,0.19,80.81,0.21,6.42,0.22,70.79,0.01,0.01,2326.6486,1776252782000
1776252785.995,185.995,0.78,101.75,0.73,15.0,0.79,15.0,0.8,82.55,0.2,5.0,0.19,20.31,0.21,32.15,0.22,130.79,0.01,0.01,2326.720641,1776252784000
1776252786.279,186.279,0.78,10.92,0.71,29.65,0.79,23.73,0.8,117.55,0.21,13.73,0.2,97.55,0.22,60.92,0.29,29.65,0.01,0.01,2326.720641,1776252784000
1776252786.921,186.921,0.7,39.29,0.66,5.0,0.71,15.64,0.72,69.08,0.29,20.35,0.28,59.08,0.3,39.29,0.34,5.0,0.01,0.01,2326.751372,1776252786000
1776252788.804,188.804,0.7,33.09,0.69,90.64,0.71,57.7,0.72,123.15,0.28,74.65,0.27,5.0,0.3,39.29,0.34,5.0,0.01,0.02,2326.42065,1776252787000
1776252789.266,189.266,0.7,24.75,0.69,90.64,0.71,52.7,0.72,123.15,0.29,57.7,0.28,123.15,0.3,33.09,0.31,90.64,0.01,0.01,2326.2412,1776252788000
1776252790.939,190.939,0.7,19.75,0.69,90.64,0.71,43.0,0.72,128.15,0.29,52.7,0.28,123.15,0.3,24.75,0.31,90.64,0.01,0.01,2326.080485,1776252789000
1776252791.8,191.8,0.71,123.64,0.7,34.75,0.72,17.65,0.74,15.0,0.29,43.0,0.28,128.15,0.3,19.75,0.31,90.64,0.01,0.01,2326.02855,1776252790000
1776252792.09,192.09,0.71,118.64,0.7,34.75,0.72,3.76,0.73,5.0,0.28,17.65,0.26,15.0,0.29,123.64,0.3,34.75,0.01,0.01,2326.02855,1776252791000
1776252792.738,192.738,0.71,104.73,0.7,29.75,0.72,15.37,0.73,20.0,0.28,2.37,0.27,5.0,0.29,118.64,0.3,34.75,0.01,0.01,2326.02855,1776252791000
1776252793.192,193.192,0.71,104.73,0.7,45.25,0.72,8.61,0.73,14.87,0.27,9.37,0.26,15.0,0.29,104.73,0.3,29.75,0.01,0.02,2326.07275,1776252792000
1776252795.383,195.383,0.72,82.49,0.71,137.5,0.74,86.74,0.75,75.5,0.28,8.61,0.27,14.87,0.29,104.73,0.3,45.25,0.02,0.01,2326.1654,1776252794000
1776252796.961,196.961,0.74,15.0,0.73,45.5,0.75,62.7,0.76,94.5,0.26,86.74,0.25,75.5,0.28,82.49,0.29,137.5,0.01,0.02,2326.1333,1776252796000
1776252797.809,197.809,0.77,34.5,0.76,80.5,0.81,70.5,0.82,65.0,0.25,57.68,0.24,94.5,0.26,16.15,0.27,45.5,0.04,0.01,2326.1333,1776252796000
1776252798.28,198.28,0.76,20.0,0.75,40.5,0.77,15.56,0.78,70.5,0.22,5.0,0.21,10.0,0.23,10.0,0.24,5.0,0.01,0.01,2326.15885,1776252797000
1776252798.484,198.484,0.76,38.0,0.75,40.5,0.77,59.26,0.78,70.5,0.23,15.56,0.22,70.5,0.24,20.0,0.25,40.5,0.01,0.01,2326.15885,1776252797000
1776252799.886,199.886,0.76,82.26,0.75,35.5,0.77,62.77,0.78,80.5,0.23,59.26,0.22,70.5,0.24,38.0,0.25,40.5,0.01,0.01,2326.22035,1776252798000
1776252801.68,201.68,0.76,62.81,0.75,15.0,0.77,75.0,0.78,75.5,0.23,62.77,0.22,80.5,0.24,82.26,0.25,35.5,0.01,0.01,2326.2597,1776252800000
1776252801.966,201.966,0.76,47.41,0.75,15.0,0.77,85.5,0.78,75.5,0.23,75.0,0.22,75.5,0.24,41.97,0.25,15.0,0.01,0.01,2326.28305,1776252801000
1776252802.393,202.393,0.76,31.5,0.75,25.5,0.77,10.0,0.78,65.0,0.23,85.5,0.22,75.5,0.24,47.41,0.25,15.0,0.01,0.01,2326.28305,1776252801000
1776252802.628,202.628,0.77,10.0,0.76,86.5,0.78,2.0,0.79,55.0,0.23,10.0,0.22,65.0,0.24,31.5,0.25,25.5,0.01,0.01,2326.28305,1776252801000
1776252802.957,202.957,0.77,13.41,0.76,81.5,0.79,17.0,0.8,90.05,0.22,2.0,0.21,55.0,0.23,10.0,0.24,86.5,0.02,0.01,2326.2439,1776252802000
1776252804.711,204.711,0.77,13.41,0.76,86.5,0.78,8.71,0.79,85.5,0.21,17.0,0.2,90.05,0.23,13.41,0.24,81.5,0.01,0.02,2326.38509,1776252803000
1776252805.092,205.092,0.76,66.0,0.75,30.5,0.78,34.21,0.79,85.5,0.22,27.92,0.21,85.5,0.23,8.41,0.24,86.5,0.02,0.01,2326.431979,1776252804000
1776252807.311,207.311,0.77,36.5,0.76,85.5,0.78,3.71,0.79,75.0,0.22,34.21,0.21,85.5,0.24,66.0,0.25,30.5,0.01,0.02,2326.29135,1776252806000
1776252807.791,207.791,0.77,36.5,0.76,85.5,0.78,0.4,0.79,75.0,0.22,3.71,0.21,75.0,0.23,36.5,0.24,85.5,0.01,0.01,2326.29135,1776252806000
1776252809.64,209.64,0.77,36.5,0.76,85.5,0.78,3.71,0.79,85.5,0.22,0.4,0.21,75.0,0.23,36.5,0.24,85.5,0.01,0.01,2326.42139,1776252808000
1776252810.52,210.52,0.78,25.56,0.77,46.5,0.79,15.0,0.8,70.0,0.22,3.71,0.21,85.5,0.23,36.5,0.24,85.5,0.01,0.01,2326.32915,1776252809000
1776252812.423,212.423,0.81,102.5,0.8,30.5,0.83,12.0,0.84,170.5,0.21,15.0,0.2,70.0,0.22,25.56,0.23,46.5,0.02,0.01,2326.32915,1776252810000
1776252812.779,212.779,0.83,44.0,0.82,129.5,0.84,88.0,0.85,32.02,0.17,12.0,0.16,170.5,0.19,102.5,0.2,30.5,0.01,0.02,2326.32915,1776252810000
1776252813.009,213.009,0.83,68.0,0.82,129.5,0.84,62.25,0.85,5.02,0.16,76.5,0.15,5.02,0.17,68.0,0.18,129.5,0.01,0.01,2326.32915,1776252810000
1776252813.428,213.428,0.83,88.5,0.82,129.5,0.84,62.6,0.85,6.75,0.16,62.25,0.15,5.02,0.17,68.0,0.18,129.5,0.01,0.01,2326.3443,1776252812000
1776252815.021,215.021,0.83,175.5,0.82,207.67,0.84,50.32,0.85,6.75,0.16,55.32,0.15,6.75,0.17,88.5,0.18,129.5,0.01,0.01,2326.44355,1776252813000
1776252815.382,215.382,0.8,23.5,0.79,15.5,0.82,12.0,0.84,130.82,0.16,50.32,0.15,6.75,0.17,175.5,0.18,207.67,0.02,0.01,2326.61775,1776252814000
1776252821.989,221.989,0.8,35.25,0.79,112.46,0.81,31.31,0.82,22.61,0.18,12.0,0.16,130.82,0.2,23.5,0.21,15.5,0.01,0.02,2326.367378,1776252820000
1776252822.316,222.316,0.81,23.69,0.8,90.25,0.82,22.61,0.83,25.5,0.19,31.31,0.18,22.61,0.2,35.25,0.21,112.46,0.01,0.01,2326.367378,1776252820000
1776252822.795,222.795,0.81,32.19,0.8,77.25,0.82,22.61,0.83,31.44,0.18,22.61,0.17,25.5,0.19,23.69,0.2,90.25,0.01,0.01,2326.36665,1776252821000
1776252828.135,228.135,0.83,200.5,0.82,177.5,0.87,10.0,0.88,27.0,0.18,22.61,0.17,31.44,0.19,32.19,0.2,77.25,0.04,0.01,2326.617718,1776252827000
1776252828.508,228.508,0.86,70.5,0.85,180.0,0.87,7.93,0.88,37.5,0.13,10.0,0.12,27.0,0.17,200.5,0.18,177.5,0.01,0.04,2326.617718,1776252827000
1776252830.771,230.771,0.86,120.5,0.85,190.5,0.87,1.03,0.88,20.0,0.13,6.78,0.12,37.5,0.14,70.5,0.15,186.0,0.01,0.01,2326.53029,1776252829000
1776252831.156,231.156,0.86,120.5,0.85,190.5,0.88,20.0,0.89,30.5,0.13,1.03,0.12,20.0,0.14,120.5,0.15,190.5,0.02,0.01,2326.53029,1776252829000
1776252833.973,233.973,0.87,105.5,0.86,188.5,0.9,18.46,0.91,215.45,0.12,20.0,0.11,30.5,0.14,120.5,0.15,190.5,0.03,0.02,2326.6789,1776252832000
1776252834.185,234.185,0.88,38.66,0.87,108.5,0.9,28.56,0.91,210.45,0.1,18.46,0.09,215.45,0.13,105.5,0.14,188.5,0.02,0.03,2326.67905,1776252833000
1776252837.518,237.518,0.89,8.0,0.88,109.5,0.9,21.72,0.91,210.45,0.1,28.56,0.09,210.45,0.12,38.66,0.13,108.5,0.01,0.02,2326.69625,1776252836000
1776252837.877,237.877,0.88,94.0,0.87,136.5,0.89,8.87,0.9,29.72,0.1,29.72,0.09,210.45,0.12,76.0,0.13,136.5,0.01,0.02,2326.69625,1776252836000
1776252838.321,238.321,0.88,113.0,0.87,136.5,0.89,5.49,0.9,29.72,0.11,8.87,0.1,29.72,0.12,94.0,0.13,136.5,0.01,0.01,2326.71062,1776252837000
1776252839.572,239.572,0.88,49.5,0.87,180.75,0.89,5.77,0.9,35.6,0.11,5.49,0.1,29.72,0.12,113.0,0.13,136.5,0.01,0.01,2326.770295,1776252838000
1776252840.444,240.444,0.88,42.0,0.87,142.25,0.89,7.77,0.9,25.1,0.11,5.77,0.1,35.6,0.12,49.5,0.13,180.75,0.01,0.01,2326.68475,1776252839000
1776252841.164,241.164,0.88,43.11,0.87,28.0,0.89,292.72,0.9,25.1,0.11,7.77,0.1,25.1,0.12,42.0,0.13,142.25,0.01,0.01,2326.68475,1776252839000
1776252841.732,241.732,0.85,80.0,0.84,23.0,0.86,22.67,0.87,15.0,0.11,375.72,0.1,80.1,0.15,70.0,0.16,23.0,0.01,0.04,2326.68385,1776252840000
1776252842.438,242.438,0.85,90.0,0.84,15.0,0.86,0.56,0.87,70.0,0.14,22.67,0.13,15.0,0.15,80.0,0.16,23.0,0.01,0.01,2326.57955,1776252841000
1776252842.977,242.977,0.85,193.84,0.84,25.0,0.87,57.56,0.88,70.0,0.13,57.56,0.12,65.0,0.15,188.84,0.16,15.0,0.02,0.02,2326.57955,1776252841000
1776252843.335,243.335,0.85,198.84,0.84,25.0,0.87,56.56,0.88,70.0,0.13,57.56,0.12,70.0,0.15,193.84,0.16,25.0,0.02,0.02,2326.52565,1776252842000
1776252843.716,243.716,0.87,113.14,0.86,15.0,0.88,50.21,0.89,369.72,0.13,26.36,0.12,70.0,0.15,198.84,0.16,25.0,0.01,0.02,2326.52565,1776252842000
1776252844.097,244.097,0.87,138.14,0.86,15.0,0.88,2.0,0.89,306.72,0.12,38.21,0.11,356.72,0.13,108.14,0.14,15.0,0.01,0.01,2326.52565,1776252842000
1776252844.571,244.571,0.87,128.14,0.86,15.0,0.89,301.47,0.9,80.1,0.12,2.0,0.11,306.72,0.13,138.14,0.14,15.0,0.02,0.01,2326.5249,1776252843000
1776252846.065,246.065,0.87,133.14,0.86,15.0,0.89,295.17,0.9,75.1,0.11,301.47,0.1,80.1,0.13,128.14,0.14,15.0,0.02,0.02,2326.42515,1776252844000
1776252847.251,247.251,0.88,20.0,0.87,123.14,0.89,285.79,0.9,88.1,0.11,295.17,0.1,75.1,0.13,133.14,0.14,15.0,0.01,0.02,2326.471761,1776252846000
1776252847.643,247.643,0.88,147.74,0.87,15.0,0.89,265.79,0.9,38.1,0.11,285.79,0.1,88.1,0.12,20.0,0.13,123.14,0.01,0.01,2326.471761,1776252846000
1776252848.387,248.387,0.88,157.74,0.87,15.0,0.89,246.74,0.9,43.1,0.11,265.79,0.1,38.1,0.12,147.74,0.13,15.0,0.01,0.01,2326.476908,1776252847000
1776252848.681,248.681,0.88,111.52,0.87,15.0,0.89,241.12,0.9,43.1,0.11,246.74,0.1,43.1,0.12,157.74,0.13,15.0,0.01,0.01,2326.476908,1776252847000
1776252852.396,252.396,0.88,149.88,0.87,100.0,0.89,241.12,0.9,10.1,0.11,241.12,0.1,43.1,0.12,111.52,0.13,15.0,0.01,0.01,2326.428385,1776252851000
1776252853.961,253.961,0.88,149.88,0.87,100.0,0.89,176.9,0.9,10.1,0.11,192.12,0.1,10.1,0.12,139.88,0.13,100.0,0.01,0.01,2326.3957,1776252852000
1776252854.177,254.177,0.88,149.88,0.87,100.0,0.89,174.67,0.9,10.1,0.11,176.9,0.1,10.1,0.12,149.88,0.13,100.0,0.01,0.01,2326.3957,1776252852000
1776252855.462,255.462,0.88,104.69,0.87,108.0,0.89,169.67,0.9,20.1,0.11,174.67,0.1,10.1,0.12,149.88,0.13,100.0,0.01,0.01,2326.424627,1776252854000
1776252855.875,255.875,0.84,110.0,0.81,5.0,0.85,43.68,0.86,15.0,0.11,169.67,0.1,20.1,0.12,104.69,0.13,108.0,0.01,0.01,2326.424627,1776252854000
1776252856.341,256.341,0.78,88.0,0.77,75.0,0.8,15.0,0.81,65.0,0.15,146.36,0.14,115.0,0.21,88.63,0.22,88.0,0.02,0.06,2326.494976,1776252855000
1776252856.609,256.609,0.78,145.0,0.77,75.0,0.79,0.62,0.8,64.05,0.2,64.05,0.19,65.0,0.22,75.0,0.23,75.0,0.01,0.02,2326.494976,1776252855000
1776252856.944,256.944,0.76,0.83,0.75,28.0,0.77,10.0,0.78,15.0,0.21,5.62,0.2,59.05,0.23,50.69,0.24,82.0,0.01,0.02,2326.494976,1776252855000
1776252857.313,257.313,0.73,85.0,0.72,151.0,0.75,20.0,0.76,90.0,0.23,10.0,0.22,15.0,0.24,0.83,0.25,28.0,0.02,0.01,2326.494976,1776252855000
1776252857.646,257.646,0.76,10.0,0.75,20.0,0.77,4.0,0.78,5.0,0.25,15.0,0.24,85.0,0.28,151.0,0.29,144.0,0.01,0.03,2326.364289,1776252856000
1776252858.947,258.947,0.76,109.63,0.75,76.0,0.77,4.0,0.78,5.0,0.23,4.0,0.22,5.0,0.24,10.0,0.25,20.0,0.01,0.01,2326.16355,1776252857000
1776252859.41,259.41,0.79,10.0,0.78,80.0,0.81,60.21,0.82,70.0,0.23,4.0,0.22,5.0,0.24,109.63,0.25,76.0,0.02,0.01,2326.16355,1776252857000
1776252859.943,259.943,0.78,70.0,0.77,70.0,0.8,86.05,0.81,100.21,0.19,40.21,0.18,75.61,0.2,10.0,0.21,10.0,0.02,0.01,2326.019413,1776252858000
1776252860.639,260.639,0.71,5.0,0.7,19.75,0.72,4.4,0.73,10.0,0.2,86.05,0.19,100.21,0.22,70.0,0.23,70.0,0.01,0.02,2325.9355,1776252859000
1776252860.983,260.983,0.69,75.0,0.68,75.0,0.71,20.0,0.72,9.4,0.28,4.4,0.27,15.0,0.3,4.75,0.31,75.0,0.02,0.02,2325.9355,1776252859000
1776252861.73,261.73,0.69,90.0,0.68,224.15,0.7,8.57,0.71,15.0,0.29,20.0,0.28,9.4,0.31,75.0,0.32,75.0,0.01,0.02,2325.94565,1776252860000
1776252862.438,262.438,0.73,15.0,0.72,10.0,0.76,50.0,0.77,70.0,0.29,15.0,0.28,9.4,0.3,3.98,0.31,90.0,0.03,0.01,2325.951642,1776252861000
1776252862.828,262.828,0.75,114.81,0.74,15.0,0.76,17.68,0.77,70.0,0.24,50.0,0.23,70.0,0.27,15.0,0.28,10.0,0.01,0.03,2325.951642,1776252861000
1776252863.68,263.68,0.78,121.89,0.77,90.0,0.81,54.48,0.82,65.0,0.24,17.68,0.23,70.0,0.25,114.81,0.26,15.0,0.03,0.01,2325.923307,1776252862000
1776252864.115,264.115,0.79,5.33,0.78,121.89,0.8,15.05,0.81,9.48,0.2,26.66,0.19,54.48,0.21,5.57,0.22,126.89,0.01,0.01,2325.923307,1776252862000
1776252864.414,264.414,0.78,117.11,0.77,90.0,0.8,20.05,0.81,9.48,0.2,15.05,0.19,9.48,0.21,5.33,0.22,121.89,0.02,0.01,2325.846016,1776252863000
1776252866.07,266.07,0.79,20.0,0.78,74.81,0.81,34.93,0.82,15.0,0.2,20.05,0.19,9.48,0.22,117.11,0.23,90.0,0.02,0.02,2325.875049,1776252865000
1776252866.414,266.414,0.8,85.0,0.79,80.0,0.81,48.02,0.83,5.0,0.19,34.93,0.18,15.0,0.21,20.0,0.22,74.81,0.01,0.02,2325.875049,1776252865000
1776252867.003,267.003,0.82,25.0,0.81,37.0,0.83,29.0,0.84,5.0,0.17,5.0,0.16,5.0,0.2,85.0,0.21,80.0,0.01,0.03,2325.875049,1776252865000
1776252869.321,269.321,0.87,15.0,0.86,27.0,0.89,178.61,0.9,35.0,0.16,5.0,0.15,5.0,0.18,25.0,0.19,37.0,0.02,0.02,2325.960032,1776252867000
1776252869.577,269.577,0.88,15.0,0.87,26.0,0.89,164.36,0.9,15.0,0.11,178.61,0.1,35.0,0.13,15.0,0.14,27.0,0.01,0.02,2325.960032,1776252867000
1776252870.185,270.185,0.88,5.0,0.87,20.0,0.89,174.6,0.9,15.0,0.11,164.36,0.1,15.0,0.12,15.0,0.13,26.0,0.01,0.01,2326.027875,1776252868000
1776252870.392,270.392,0.87,9.0,0.86,78.0,0.89,174.6,0.9,15.0,0.11,174.6,0.1,15.0,0.12,5.0,0.13,20.0,0.02,0.01,2325.98867,1776252869000
1776252870.786,270.786,0.86,78.0,0.85,42.0,0.88,10.0,0.89,164.6,0.11,174.6,0.1,15.0,0.13,9.0,0.14,78.0,0.02,0.02,2325.98867,1776252869000
1776252871.463,271.463,0.87,7.0,0.86,90.0,0.88,8.86,0.89,164.6,0.12,13.86,0.11,164.6,0.14,78.0,0.15,42.0,0.01,0.02,2325.98867,1776252869000
1776252873.07,273.07,0.87,68.16,0.86,101.03,0.89,250.92,0.9,10.0,0.12,8.86,0.11,164.6,0.13,7.0,0.14,90.0,0.02,0.01,2326.10025,1776252871000
1776252873.373,273.373,0.87,70.46,0.86,101.03,0.89,255.92,0.9,10.0,0.11,250.92,0.1,10.0,0.13,68.16,0.14,101.03,0.02,0.02,2326.10025,1776252871000
1776252873.66,273.66,0.88,93.09,0.87,24.3,0.89,255.92,0.9,10.0,0.11,255.92,0.1,10.0,0.13,70.46,0.14,101.03,0.01,0.02,2326.1263,1776252872000
1776252874.749,274.749,0.88,84.75,0.87,24.3,0.89,250.92,0.9,10.0,0.11,255.92,0.1,10.0,0.12,93.09,0.13,24.3,0.01,0.01,2326.10555,1776252873000
1776252875.406,275.406,0.87,11.05,0.86,125.03,0.89,255.92,0.9,10.0,0.11,250.92,0.1,10.0,0.12,84.75,0.13,24.3,0.02,0.01,2326.10555,1776252873000
1776252875.905,275.905,0.92,2.5,0.91,15.0,0.93,29.42,0.94,83.0,0.03,3.11,0.02,347.45,0.12,8.0,0.13,11.05,0.01,0.09,2326.1154,1776252874000
1776252876.173,276.173,0.9,10.0,0.89,10.0,0.93,14.42,0.94,83.0,0.07,29.42,0.06,83.0,0.08,2.5,0.09,15.0,0.03,0.01,2326.1154,1776252874000
1776252876.683,276.683,0.92,20.0,0.91,15.0,0.93,3.88,0.94,83.0,0.07,9.25,0.06,83.0,0.1,10.0,0.11,10.0,0.01,0.03,2326.11495,1776252875000
1776252877.398,277.398,0.93,19.88,0.92,5.0,0.94,40.63,0.95,56.99,0.06,81.51,0.05,41.99,0.08,5.0,0.09,15.0,0.01,0.02,2326.08155,1776252876000
1776252877.752,277.752,0.93,0.88,0.92,5.0,0.94,33.63,0.95,48.99,0.06,28.63,0.05,56.99,0.07,24.88,0.08,10.0,0.01,0.01,2326.08155,1776252876000
1776252878.278,278.278,0.91,15.0,0.9,25.0,0.96,99.85,0.97,156.11,0.06,33.63,0.05,48.99,0.07,0.88,0.08,5.0,0.05,0.01,2326.12545,1776252877000
1776252879.291,279.291,0.94,17.0,0.93,15.0,0.95,35.0,0.96,5.86,0.04,99.85,0.03,156.11,0.09,15.0,0.1,25.0,0.01,0.05,2326.237695,1776252878000
1776252880.167,280.167,0.94,17.0,0.93,15.0,0.96,71.64,0.97,149.1,0.05,35.0,0.04,5.86,0.06,17.0,0.07,15.0,0.02,0.01,2326.237695,1776252878000
1776252883.224,283.224,0.96,5.28,0.95,30.0,0.97,92.09,0.98,540.45,0.04,71.64,0.03,149.1,0.06,17.0,0.07,15.0,0.01,0.02,2326.0417,1776252882000
1776252884.227,284.227,0.97,47.89,0.96,20.28,0.98,317.45,0.99,6941.99,0.03,92.09,0.02,540.45,0.04,5.28,0.05,30.0,0.01,0.01,2326.0466,1776252883000
1776252884.516,284.516,0.97,47.89,0.96,20.28,0.98,317.45,0.99,7241.99,0.02,317.45,0.01,6941.99,0.03,47.89,0.04,20.28,0.01,0.01,2326.0466,1776252883000
1776252885.26,285.26,0.96,20.28,0.95,30.0,0.98,317.45,0.99,6807.99,0.02,317.45,0.01,7241.99,0.03,37.89,0.04,20.28,0.02,0.01,2326.0466,1776252883000
1776252885.683,285.683,0.96,15.28,0.95,30.0,0.98,190.74,0.99,6796.99,0.02,221.36,0.01,6807.99,0.04,15.28,0.05,30.0,0.02,0.02,2326.0466,1776252883000
1776252886.107,286.107,0.96,95.28,0.95,30.0,0.98,170.74,0.99,6611.0,0.02,190.74,0.01,6796.99,0.04,15.28,0.05,30.0,0.02,0.02,2326.11392,1776252884000
1776252887.308,287.308,0.97,5.0,0.96,75.28,0.98,159.74,0.99,6611.0,0.02,170.74,0.01,6611.0,0.04,95.28,0.05,30.0,0.01,0.02,2326.2156,1776252886000
1776252887.518,287.518,0.97,3.68,0.96,75.28,0.98,164.74,0.99,6611.0,0.02,159.74,0.01,6611.0,0.03,5.0,0.04,75.28,0.01,0.01,2326.2156,1776252886000
1776252887.759,287.759,0.97,3.68,0.96,75.28,0.98,163.71,0.99,6611.0,0.02,164.74,0.01,6611.0,0.03,3.68,0.04,75.28,0.01,0.01,2326.2156,1776252886000
1776252888.369,288.369,0.97,13.99,0.96,233.27,0.98,153.6,0.99,6611.0,0.02,163.71,0.01,6611.0,0.03,3.68,0.04,75.28,0.01,0.01,2326.2156,1776252886000
1776252889.382,289.382,0.97,13.99,0.96,262.27,0.98,151.55,0.99,6611.0,0.02,153.6,0.01,6611.0,0.03,13.99,0.04,233.27,0.01,0.01,2326.215,1776252887000
1776252889.968,289.968,0.97,13.99,0.96,307.27,0.98,136.24,0.99,6611.0,0.02,151.55,0.01,6611.0,0.03,13.99,0.04,262.27,0.01,0.01,2326.2976,1776252888000
1776252890.504,290.504,0.97,173.98,0.96,153.27,0.98,81.24,0.99,1611.0,0.02,136.24,0.01,6611.0,0.03,13.99,0.04,307.27,0.01,0.01,2326.22395,1776252889000
1776252891.013,291.013,0.97,203.98,0.96,148.27,0.98,71.02,0.99,1611.0,0.02,81.24,0.01,1611.0,0.03,173.98,0.04,153.27,0.01,0.01,2326.22395,1776252889000
1776252892.214,292.214,0.97,224.98,0.96,148.27,0.98,64.88,0.99,1511.0,0.02,69.99,0.01,1611.0,0.03,203.98,0.04,148.27,0.01,0.01,2326.2144,1776252890000
1776252892.778,292.778,0.97,250.98,0.96,148.27,0.98,51.88,0.99,1511.0,0.02,64.88,0.01,1511.0,0.03,224.98,0.04,148.27,0.01,0.01,2326.285627,1776252891000
1776252893.205,293.205,0.97,255.98,0.96,148.27,0.98,26.36,0.99,1511.0,0.02,51.88,0.01,1511.0,0.03,250.98,0.04,148.27,0.01,0.01,2326.2039,1776252892000
1776252893.616,293.616,0.97,287.98,0.96,148.27,0.98,0.03,0.99,1511.0,0.02,21.25,0.01,1511.0,0.03,287.98,0.04,148.27,0.01,0.01,2326.2039,1776252892000
1776252893.894,293.894,0.97,312.86,0.96,94.28,0.99,1509.02,,,0.02,0.03,0.01,1511.0,0.03,287.98,0.04,148.27,0.02,0.01,2326.2039,1776252892000
1776252894.233,294.233,0.98,250.19,0.97,33.99,0.99,1322.02,,,0.01,1509.02,,,0.03,312.86,0.04,94.28,0.01,0.02,2326.2039,1776252892000
1776252894.584,294.584,0.98,255.19,0.97,87.99,0.99,1208.49,,,0.01,1311.02,,,0.02,250.19,0.03,87.99,0.01,0.01,2326.308505,1776252893000
1776252894.86,294.86,0.98,239.4,0.97,87.99,0.99,1188.38,,,0.01,1198.49,,,0.02,234.4,0.03,87.99,0.01,0.01,2326.308505,1776252893000
1776252895.28,295.28,0.98,278.99,0.97,63.99,0.99,1187.36,,,0.01,1188.38,,,0.02,216.45,0.03,87.99,0.01,0.01,2326.2002,1776252894000
1776252895.95,295.95,0.98,416.09,0.97,28.99,0.99,133.89,,,0.01,1133.89,,,0.02,273.99,0.03,63.99,0.01,0.01,2326.2002,1776252894000
1776252896.217,296.217,0.98,421.09,0.97,28.99,0.99,131.89,,,0.01,133.89,,,0.02,416.09,0.03,28.99,0.01,0.01,2326.2002,1776252894000
1776252896.431,296.431,0.98,426.09,0.97,28.99,0.99,20.76,,,0.01,121.78,,,0.02,426.09,0.03,28.99,0.01,0.01,2326.2002,1776252894000
1776252897.135,297.135,0.99,568.81,0.98,79.1,,,,,0.01,20.76,,,0.02,426.09,0.03,28.99,,0.01,2326.434494,1776252895000
1776252897.77,297.77,0.99,2471.9,0.98,71.1,,,,,,,,,0.01,568.81,0.02,79.1,,,2326.44393,1776252896000

# RESULT,winner=Up,slug=eth-updown-5m-1776252600,ticks=370
