timestamp,elapsed_sec,up_bid_p1,up_bid_s1,up_bid_p2,up_bid_s2,up_ask_p1,up_ask_s1,up_ask_p2,up_ask_s2,down_bid_p1,down_bid_s1,down_bid_p2,down_bid_s2,down_ask_p1,down_ask_s1,down_ask_p2,down_ask_s2,up_spread,down_spread,eth_price,eth_oracle_ts
1776322800.681,0.681,0.4,38.0,0.39,34.0,0.5,11.21,0.55,8.88,0.5,11.21,0.45,8.88,0.51,4.14,0.6,38.0,0.1,0.01,2356.463946,1776322799000
1776322801.401,1.401,0.37,114.2,0.36,5.5,0.46,70.0,0.47,70.0,0.5,11.21,0.45,8.88,0.6,38.0,0.61,34.0,0.09,0.1,2356.463946,1776322799000
1776322803.087,3.087,0.36,5.5,0.33,300.0,0.39,74.0,0.4,75.0,0.54,70.0,0.53,70.0,0.63,114.2,0.64,5.5,0.03,0.09,2356.24,1776322802000
1776322803.676,3.676,0.36,0.5,0.35,15.0,0.37,25.0,0.38,15.0,0.61,74.0,0.6,75.0,0.64,5.5,0.67,300.0,0.01,0.03,2356.24,1776322802000
1776322804.155,4.155,0.36,0.5,0.35,5.0,0.37,6.88,0.38,15.0,0.63,9.59,0.62,15.0,0.64,0.5,0.67,5.0,0.01,0.01,2356.02979,1776322803000
1776322805.17,5.17,0.36,0.5,0.32,17.0,0.38,13.4,0.39,98.0,0.63,6.88,0.62,15.0,0.64,0.5,0.65,5.0,0.02,0.01,2356.02979,1776322803000
1776322805.588,5.588,0.31,15.0,0.3,86.0,0.37,31.0,0.38,20.4,0.62,13.4,0.61,98.0,0.64,0.5,0.68,17.0,0.06,0.02,2355.767163,1776322804000
1776322805.864,5.864,0.3,81.0,0.29,21.0,0.31,11.22,0.32,26.0,0.69,11.22,0.68,20.0,0.7,91.0,0.71,16.0,0.01,0.01,2355.767163,1776322804000
1776322807.966,7.966,0.3,15.0,0.28,89.0,0.31,21.22,0.32,31.0,0.69,11.22,0.68,26.0,0.7,81.0,0.71,21.0,0.01,0.01,2355.660667,1776322806000
1776322808.169,8.169,0.3,8.57,0.29,5.0,0.31,21.22,0.32,31.0,0.69,21.22,0.68,31.0,0.7,15.0,0.72,89.0,0.01,0.01,2355.542625,1776322807000
1776322809.578,9.578,0.28,14.0,0.27,17.0,0.29,11.55,0.3,15.0,0.69,16.22,0.68,31.0,0.7,7.14,0.71,5.0,0.01,0.01,2355.542625,1776322807000
1776322809.841,9.841,0.26,12.76,0.25,17.0,0.27,20.0,0.28,96.0,0.71,11.55,0.7,15.0,0.72,14.0,0.73,17.0,0.01,0.01,2355.400235,1776322808000
1776322810.063,10.063,0.25,4.76,0.24,88.0,0.26,10.0,0.27,21.0,0.73,21.0,0.72,101.0,0.75,9.76,0.76,88.0,0.01,0.02,2355.400235,1776322808000
1776322810.865,10.865,0.25,9.76,0.24,93.0,0.27,31.0,0.28,96.0,0.74,10.0,0.73,21.0,0.75,4.76,0.76,88.0,0.02,0.01,2355.343576,1776322809000
1776322811.077,11.077,0.25,22.09,0.24,93.0,0.26,6.15,0.27,31.0,0.73,31.0,0.72,96.0,0.75,8.09,0.76,93.0,0.01,0.02,2355.343576,1776322809000
1776322811.302,11.302,0.25,18.09,0.24,93.0,0.26,6.15,0.27,31.0,0.74,6.15,0.73,31.0,0.75,22.09,0.76,93.0,0.01,0.01,2355.367965,1776322810000
1776322812.236,12.236,0.25,4.75,0.24,93.0,0.26,16.15,0.27,31.0,0.74,6.15,0.73,31.0,0.75,18.09,0.76,93.0,0.01,0.01,2355.238258,1776322811000
1776322812.645,12.645,0.25,4.75,0.24,93.0,0.26,3.45,0.27,31.0,0.74,12.3,0.73,31.0,0.75,4.75,0.76,93.0,0.01,0.01,2355.238258,1776322811000
1776322814.931,14.931,0.25,23.52,0.24,93.0,0.26,13.45,0.27,31.0,0.74,3.45,0.73,31.0,0.75,4.75,0.76,93.0,0.01,0.01,2355.15942,1776322813000
1776322818.301,18.301,0.25,14.66,0.24,93.0,0.26,15.0,0.27,36.0,0.74,13.45,0.73,31.0,0.75,23.52,0.76,93.0,0.01,0.01,2355.102985,1776322817000
1776322818.856,18.856,0.25,0.15,0.24,93.0,0.26,20.0,0.27,36.0,0.74,15.0,0.73,36.0,0.75,4.15,0.76,93.0,0.01,0.01,2355.102985,1776322817000
1776322823.695,23.695,0.25,17.15,0.24,75.0,0.26,37.32,0.27,36.0,0.74,20.0,0.73,36.0,0.75,0.15,0.76,93.0,0.01,0.01,2355.115773,1776322822000
1776322824.892,24.892,0.25,3.15,0.24,75.0,0.26,47.32,0.27,63.99,0.74,37.32,0.73,36.0,0.75,17.15,0.76,75.0,0.01,0.01,2355.108209,1776322823000
1776322828.956,28.956,0.24,89.61,0.23,12.0,0.25,20.0,0.26,40.32,0.74,47.32,0.73,63.99,0.75,3.15,0.76,75.0,0.01,0.01,2355.130105,1776322827000
1776322830.041,30.041,0.21,42.37,0.2,15.0,0.22,50.0,0.23,45.0,0.75,20.0,0.74,40.32,0.76,89.61,0.77,12.0,0.01,0.01,2355.205774,1776322828000
1776322831.292,31.292,0.21,37.37,0.2,6.0,0.22,44.45,0.23,42.1,0.78,57.0,0.77,50.0,0.79,37.37,0.8,15.0,0.01,0.01,2355.144446,1776322829000
1776322832.72,32.72,0.21,17.37,0.19,23.0,0.22,89.45,0.23,121.1,0.78,44.45,0.77,42.1,0.79,37.37,0.8,6.0,0.01,0.01,2355.096557,1776322831000
1776322833.176,33.176,0.19,15.13,0.18,29.0,0.2,92.0,0.21,20.0,0.8,20.0,0.79,15.0,0.81,16.37,0.82,24.0,0.01,0.01,2354.94524,1776322832000
1776322838.531,38.531,0.18,135.0,0.17,233.0,0.19,75.0,0.2,30.0,0.8,92.0,0.79,20.0,0.81,15.13,0.82,29.0,0.01,0.01,2354.731696,1776322837000
1776322838.804,38.804,0.18,125.0,0.17,242.0,0.19,75.0,0.2,25.0,0.81,75.0,0.8,30.0,0.82,135.0,0.83,233.0,0.01,0.01,2354.731696,1776322837000
1776322840.199,40.199,0.18,118.0,0.17,258.5,0.19,75.0,0.2,25.0,0.81,75.0,0.8,25.0,0.82,125.0,0.83,242.0,0.01,0.01,2354.832246,1776322838000
1776322841.106,41.106,0.18,121.77,0.17,258.5,0.19,80.0,0.2,25.0,0.81,75.0,0.8,25.0,0.82,118.0,0.83,258.5,0.01,0.01,2354.839861,1776322839000
1776322841.768,41.768,0.18,22.2,0.17,136.5,0.19,64.73,0.2,20.0,0.81,80.0,0.8,25.0,0.82,22.2,0.83,133.5,0.01,0.01,2354.702952,1776322840000
1776322842.401,42.401,0.2,70.0,0.19,40.0,0.26,21.0,0.27,15.0,0.81,64.73,0.8,20.0,0.82,22.2,0.83,136.5,0.06,0.01,2354.707495,1776322841000
1776322842.721,42.721,0.25,121.0,0.24,90.0,0.26,10.87,0.27,31.0,0.74,25.69,0.73,31.0,0.75,100.0,0.76,90.0,0.01,0.01,2354.707495,1776322841000
1776322843.347,43.347,0.33,153.0,0.32,15.0,0.34,1.18,0.35,20.0,0.74,5.87,0.73,31.0,0.75,121.0,0.76,95.0,0.01,0.01,2354.70759,1776322842000
1776322843.927,43.927,0.36,8.0,0.35,10.0,0.37,5.0,0.38,15.0,0.63,5.0,0.62,22.0,0.65,10.0,0.66,10.0,0.01,0.02,2354.733238,1776322843000
1776322844.248,44.248,0.36,27.0,0.35,30.0,0.37,5.0,0.38,15.0,0.63,5.0,0.62,15.0,0.64,8.0,0.65,10.0,0.01,0.01,2354.733238,1776322843000
1776322844.833,44.833,0.36,9.0,0.35,40.0,0.37,20.0,0.38,15.0,0.63,5.0,0.62,15.0,0.65,30.0,0.66,80.0,0.01,0.02,2354.733238,1776322843000
1776322845.148,45.148,0.36,9.0,0.35,40.0,0.37,20.0,0.38,15.0,0.63,20.0,0.62,15.0,0.64,9.0,0.65,40.0,0.01,0.01,2355.204907,1776322844000
1776322845.473,45.473,0.36,4.0,0.35,40.0,0.37,23.71,0.38,15.0,0.63,20.0,0.62,15.0,0.64,9.0,0.65,40.0,0.01,0.01,2355.204907,1776322844000
1776322845.939,45.939,0.35,29.0,0.34,160.0,0.37,23.71,0.38,29.0,0.63,23.71,0.62,15.0,0.64,4.0,0.65,40.0,0.02,0.01,2355.204907,1776322844000
1776322846.312,46.312,0.34,131.04,0.33,100.0,0.36,15.0,0.37,15.0,0.64,15.0,0.63,18.71,0.66,156.04,0.67,120.0,0.02,0.02,2355.6926,1776322845000
1776322847.667,47.667,0.35,22.36,0.34,121.04,0.36,15.0,0.37,93.34,0.64,15.0,0.63,15.0,0.66,131.04,0.67,100.0,0.01,0.02,2355.725955,1776322846000
1776322848.758,48.758,0.35,26.0,0.34,111.04,0.38,7.25,0.39,35.0,0.64,15.0,0.63,93.34,0.65,22.36,0.66,121.04,0.03,0.01,2355.727445,1776322847000
1776322849.734,49.734,0.35,19.46,0.34,11.04,0.36,27.0,0.37,20.29,0.62,7.25,0.61,35.0,0.65,26.0,0.66,111.04,0.01,0.03,2355.820076,1776322848000
1776322850.295,50.295,0.34,7.78,0.33,145.0,0.36,35.66,0.37,17.93,0.64,27.0,0.63,20.29,0.65,19.46,0.66,11.04,0.02,0.01,2355.832593,1776322849000
1776322852.029,52.029,0.34,18.78,0.33,160.0,0.35,48.44,0.36,15.0,0.64,35.66,0.63,17.93,0.66,7.78,0.67,145.0,0.01,0.02,2355.72074,1776322850000
1776322852.717,52.717,0.34,8.7,0.33,160.0,0.35,53.44,0.36,15.0,0.65,48.44,0.64,15.0,0.66,18.78,0.67,160.0,0.01,0.01,2355.663895,1776322851000
1776322853.143,53.143,0.33,162.21,0.32,30.0,0.35,48.44,0.36,15.0,0.65,48.44,0.64,15.0,0.67,167.21,0.68,30.0,0.02,0.02,2355.663895,1776322851000
1776322854.185,54.185,0.33,142.21,0.32,20.0,0.34,37.71,0.35,32.78,0.65,48.44,0.64,15.0,0.67,162.21,0.68,30.0,0.01,0.02,2355.669295,1776322852000
1776322854.595,54.595,0.33,142.21,0.32,20.0,0.35,35.5,0.36,15.0,0.66,37.71,0.65,32.78,0.67,142.21,0.68,20.0,0.02,0.01,2355.669295,1776322852000
1776322855.237,55.237,0.33,135.21,0.32,35.0,0.34,10.0,0.35,54.35,0.65,35.5,0.64,15.0,0.67,142.21,0.68,20.0,0.01,0.02,2355.674965,1776322853000
1776322856.428,56.428,0.33,135.21,0.32,20.0,0.34,27.05,0.35,66.35,0.66,10.0,0.65,54.35,0.67,135.21,0.68,35.0,0.01,0.01,2355.66987,1776322854000
1776322857.756,57.756,0.33,113.01,0.32,20.0,0.34,35.05,0.35,37.0,0.66,27.05,0.65,66.35,0.67,135.21,0.68,20.0,0.01,0.01,2355.671076,1776322856000
1776322859.035,59.035,0.33,108.01,0.32,20.0,0.34,12.34,0.35,37.0,0.66,35.05,0.65,37.0,0.67,113.01,0.68,20.0,0.01,0.01,2355.670279,1776322857000
1776322860.661,60.661,0.33,107.63,0.32,41.99,0.34,27.34,0.35,30.0,0.66,12.34,0.65,37.0,0.67,108.01,0.68,20.0,0.01,0.01,2355.697063,1776322859000
1776322861.968,61.968,0.3,19.0,0.29,55.24,0.31,79.0,0.32,26.0,0.66,27.34,0.65,30.0,0.67,107.63,0.68,41.99,0.01,0.01,2355.666525,1776322860000
1776322862.18,62.18,0.3,25.74,0.29,48.5,0.31,46.0,0.32,21.0,0.69,79.0,0.68,26.0,0.7,19.0,0.71,55.24,0.01,0.01,2355.666525,1776322860000
1776322862.638,62.638,0.3,7.57,0.29,60.24,0.31,91.0,0.32,26.0,0.69,46.0,0.68,21.0,0.7,20.74,0.71,48.5,0.01,0.01,2355.662324,1776322861000
1776322863.65,63.65,0.3,7.57,0.29,60.24,0.31,29.87,0.32,21.0,0.69,91.0,0.68,26.0,0.7,7.57,0.71,60.24,0.01,0.01,2355.662324,1776322861000
1776322864.224,64.224,0.3,34.56,0.29,43.5,0.31,20.64,0.32,21.0,0.69,29.87,0.68,21.0,0.7,7.57,0.71,60.24,0.01,0.01,2355.665093,1776322862000
1776322864.821,64.821,0.31,38.97,0.3,43.98,0.32,5.0,0.33,15.0,0.69,20.64,0.68,21.0,0.7,20.27,0.71,43.5,0.01,0.01,2355.608398,1776322863000
1776322865.196,65.196,0.32,28.52,0.31,23.97,0.33,15.0,0.34,15.0,0.67,15.0,0.66,15.0,0.69,38.97,0.7,43.98,0.01,0.02,2355.608398,1776322863000
1776322866.63,66.63,0.34,36.0,0.33,106.25,0.36,5.0,0.37,19.93,0.67,15.0,0.66,15.0,0.68,28.52,0.69,23.97,0.02,0.01,2355.515179,1776322864000
1776322868.924,68.924,0.36,3.43,0.35,155.0,0.37,29.93,0.38,15.0,0.63,19.93,0.62,15.0,0.66,36.0,0.67,106.25,0.01,0.03,2355.601266,1776322867000
1776322869.699,69.699,0.35,127.66,0.34,31.0,0.37,29.93,0.38,15.0,0.63,29.93,0.62,15.0,0.64,3.43,0.65,155.0,0.02,0.01,2355.73887,1776322868000
1776322871.252,71.252,0.35,172.66,0.34,36.0,0.36,15.0,0.37,29.93,0.63,29.93,0.62,15.0,0.65,127.66,0.66,31.0,0.01,0.02,2355.71785,1776322869000
1776322871.75,71.75,0.36,210.25,0.35,103.0,0.37,2.93,0.42,5.63,0.64,15.0,0.63,29.93,0.65,172.66,0.66,36.0,0.01,0.01,2355.71785,1776322869000
1776322872.082,72.082,0.42,127.75,0.41,100.0,0.43,5.0,0.45,25.0,0.57,5.0,0.55,25.0,0.58,84.08,0.59,85.0,0.01,0.01,2355.7083,1776322870000
1776322872.317,72.317,0.45,20.0,0.44,45.0,0.46,20.79,0.47,13.0,0.55,25.0,0.54,18.0,0.58,132.75,0.59,100.0,0.01,0.03,2355.7083,1776322870000
1776322872.605,72.605,0.45,48.83,0.44,45.0,0.46,9.23,0.48,23.0,0.54,9.23,0.52,19.0,0.55,32.0,0.56,45.0,0.01,0.01,2355.7083,1776322870000
1776322872.886,72.886,0.48,5.41,0.47,27.0,0.49,16.0,0.5,84.0,0.54,9.23,0.52,23.0,0.55,48.83,0.56,45.0,0.01,0.01,2355.715375,1776322871000
1776322873.493,73.493,0.48,32.53,0.47,20.0,0.49,15.0,0.5,75.71,0.5,75.71,0.49,88.0,0.52,25.0,0.53,20.0,0.01,0.02,2355.791663,1776322872000
1776322873.779,73.779,0.48,25.0,0.47,20.0,0.49,12.95,0.5,75.71,0.51,15.0,0.5,75.71,0.52,32.53,0.53,20.0,0.01,0.01,2355.791663,1776322872000
1776322874.807,74.807,0.48,35.0,0.47,20.0,0.49,72.28,0.5,75.71,0.51,12.95,0.5,75.71,0.52,25.0,0.53,20.0,0.01,0.01,2356.031605,1776322873000
1776322875.034,75.034,0.48,27.46,0.47,20.0,0.49,67.28,0.5,70.71,0.51,72.28,0.5,75.71,0.52,35.0,0.53,20.0,0.01,0.01,2356.031605,1776322873000
1776322875.468,75.468,0.48,14.76,0.47,20.0,0.49,67.28,0.5,70.71,0.51,67.28,0.5,70.71,0.52,27.46,0.53,20.0,0.01,0.01,2356.22403,1776322874000
1776322876.152,76.152,0.48,24.76,0.47,28.25,0.49,67.89,0.5,75.71,0.51,67.28,0.5,70.71,0.52,14.76,0.53,20.0,0.01,0.01,2356.22403,1776322874000
1776322877.011,77.011,0.48,16.87,0.47,38.28,0.49,24.7,0.5,75.71,0.51,74.89,0.5,75.71,0.52,19.76,0.53,38.28,0.01,0.01,2356.295005,1776322875000
1776322877.43,77.43,0.48,9.94,0.47,38.28,0.49,24.7,0.5,75.71,0.51,24.7,0.5,75.71,0.52,16.87,0.53,38.28,0.01,0.01,2356.32765,1776322876000
1776322878.479,78.479,0.48,9.94,0.47,38.28,0.49,24.18,0.5,75.71,0.51,24.7,0.5,75.71,0.52,9.94,0.53,38.28,0.01,0.01,2356.24683,1776322877000
1776322879.104,79.104,0.48,6.37,0.47,38.28,0.49,29.18,0.5,75.71,0.51,24.18,0.5,75.71,0.52,9.94,0.53,38.28,0.01,0.01,2356.24683,1776322877000
1776322880.115,80.115,0.48,3.48,0.47,38.28,0.49,13.71,0.5,75.71,0.51,23.71,0.5,75.71,0.52,1.37,0.53,38.28,0.01,0.01,2356.324139,1776322879000
1776322880.514,80.514,0.48,17.92,0.47,38.28,0.49,18.71,0.5,75.71,0.51,13.71,0.5,75.71,0.52,3.48,0.53,38.28,0.01,0.01,2356.324139,1776322879000
1776322881.491,81.491,0.48,12.11,0.47,38.28,0.49,18.71,0.5,75.71,0.51,18.71,0.5,75.71,0.52,11.61,0.53,38.28,0.01,0.01,2356.311528,1776322880000
1776322882.607,82.607,0.48,17.11,0.47,38.28,0.49,21.73,0.5,75.71,0.51,18.71,0.5,75.71,0.52,12.11,0.53,38.28,0.01,0.01,2356.287313,1776322881000
1776322882.822,82.822,0.47,29.39,0.46,27.25,0.49,17.0,0.5,75.71,0.51,21.73,0.5,75.71,0.52,17.11,0.53,38.28,0.02,0.01,2356.287313,1776322881000
1776322883.485,83.485,0.47,4.43,0.46,38.49,0.48,27.0,0.49,25.0,0.51,17.0,0.5,75.71,0.53,29.39,0.54,27.25,0.01,0.02,2356.287313,1776322882000
1776322885.379,85.379,0.47,20.0,0.46,38.49,0.48,21.87,0.49,10.0,0.52,38.0,0.51,20.0,0.54,38.49,0.55,28.0,0.01,0.02,2356.279585,1776322884000
1776322886.79,86.79,0.47,21.92,0.46,38.49,0.48,28.12,0.49,20.0,0.52,21.87,0.51,10.0,0.53,20.0,0.54,38.49,0.01,0.01,2356.19194,1776322885000
1776322887.541,87.541,0.46,29.99,0.45,28.0,0.48,43.12,0.49,15.0,0.52,28.12,0.51,20.0,0.53,21.92,0.54,38.49,0.02,0.01,2356.19194,1776322885000
1776322889.389,89.389,0.42,22.08,0.41,30.0,0.43,35.0,0.44,15.0,0.52,43.12,0.51,15.0,0.54,29.99,0.55,28.0,0.01,0.02,2356.24025,1776322887000
1776322889.77,89.77,0.35,30.0,0.34,11.24,0.39,78.0,0.4,155.47,0.61,10.0,0.6,126.47,0.62,37.79,0.64,55.0,0.04,0.01,2356.24025,1776322888000
1776322890.709,90.709,0.32,75.0,0.31,125.0,0.34,21.0,0.35,21.0,0.61,78.0,0.6,155.47,0.65,30.0,0.66,11.24,0.02,0.04,2356.30062,1776322889000
1776322892.364,92.364,0.33,40.89,0.32,90.0,0.34,5.0,0.35,5.0,0.67,16.0,0.66,21.0,0.68,71.37,0.69,125.0,0.01,0.01,2356.002833,1776322891000
1776322893.21,93.21,0.35,5.0,0.34,15.0,0.36,18.43,0.37,17.0,0.66,5.0,0.65,5.0,0.67,40.89,0.68,90.0,0.01,0.01,2355.76582,1776322892000
1776322893.776,93.776,0.35,10.0,0.34,15.0,0.36,19.26,0.37,17.0,0.64,18.43,0.63,17.0,0.65,5.0,0.66,15.0,0.01,0.01,2355.76582,1776322892000
1776322894.265,94.265,0.35,12.52,0.34,15.0,0.36,14.26,0.37,17.0,0.64,19.26,0.63,17.0,0.65,10.0,0.66,15.0,0.01,0.01,2355.76582,1776322892000
1776322895.677,95.677,0.35,17.52,0.34,15.0,0.36,3.39,0.37,17.0,0.64,11.48,0.63,17.0,0.65,12.52,0.66,15.0,0.01,0.01,2355.74849,1776322894000
1776322896.231,96.231,0.35,15.21,0.34,15.0,0.36,15.0,0.37,17.0,0.64,3.39,0.63,17.0,0.65,17.52,0.66,15.0,0.01,0.01,2355.74849,1776322894000
1776322898.047,98.047,0.35,15.21,0.34,20.0,0.36,9.53,0.37,17.0,0.64,15.0,0.63,17.0,0.65,15.21,0.66,15.0,0.01,0.01,2355.741355,1776322896000
1776322898.711,98.711,0.35,20.21,0.34,15.0,0.36,7.22,0.37,17.0,0.64,9.53,0.63,17.0,0.65,15.21,0.66,20.0,0.01,0.01,2355.741355,1776322896000
1776322899.426,99.426,0.32,96.99,0.31,145.0,0.36,37.22,0.37,24.0,0.64,7.22,0.63,17.0,0.65,20.21,0.66,15.0,0.04,0.01,2355.76967,1776322897000
1776322900.237,100.237,0.32,85.0,0.31,131.0,0.33,16.73,0.34,21.0,0.64,37.22,0.63,24.0,0.68,96.99,0.69,145.0,0.01,0.04,2355.733715,1776322898000
1776322902.423,102.423,0.36,25.0,0.35,15.0,0.37,7.29,0.38,15.0,0.67,16.73,0.66,21.0,0.68,85.0,0.69,131.0,0.01,0.01,2355.831485,1776322900000
1776322906.509,106.509,0.39,93.99,0.38,41.75,0.4,41.47,0.43,24.42,0.63,7.29,0.62,15.0,0.64,25.0,0.65,15.0,0.01,0.01,2355.76,1776322904000
1776322908.355,108.355,0.39,83.24,0.38,106.75,0.4,26.47,0.42,15.0,0.6,31.47,0.57,24.42,0.61,88.99,0.62,41.75,0.01,0.01,2355.783055,1776322907000
1776322909.483,109.483,0.39,72.0,0.38,106.24,0.4,23.97,0.41,10.0,0.6,26.47,0.58,15.0,0.61,83.24,0.62,106.75,0.01,0.01,2355.93677,1776322908000
1776322910.957,110.957,0.39,65.36,0.38,95.0,0.4,23.97,0.41,15.0,0.6,23.97,0.59,10.0,0.61,72.0,0.62,106.24,0.01,0.01,2355.964555,1776322910000
1776322913.26,113.26,0.39,45.36,0.38,95.0,0.4,36.47,0.41,15.0,0.6,23.97,0.59,15.0,0.61,65.36,0.62,95.0,0.01,0.01,2356.032922,1776322912000
1776322913.708,113.708,0.39,45.36,0.38,95.0,0.46,11.2,0.47,93.0,0.6,36.47,0.59,15.0,0.61,45.36,0.62,95.0,0.07,0.01,2356.032922,1776322912000
1776322916.87,116.87,0.42,20.0,0.41,20.0,0.43,8.0,0.44,81.81,0.54,11.2,0.53,93.0,0.61,45.36,0.62,95.0,0.01,0.07,2355.93937,1776322915000
1776322917.444,117.444,0.42,15.0,0.41,20.0,0.43,15.67,0.44,91.81,0.57,8.0,0.56,81.81,0.58,20.0,0.59,20.0,0.01,0.01,2355.93638,1776322916000
1776322918.179,118.179,0.42,5.0,0.41,15.0,0.43,53.32,0.44,91.81,0.57,15.67,0.56,91.81,0.58,15.0,0.59,20.0,0.01,0.01,2355.93638,1776322916000
1776322919.327,119.327,0.42,1.94,0.41,15.0,0.43,25.06,0.44,20.65,0.57,48.32,0.56,91.81,0.58,1.94,0.59,15.0,0.01,0.01,2356.050589,1776322918000
1776322920.068,120.068,0.42,1.94,0.41,15.0,0.43,9.39,0.44,26.65,0.57,25.06,0.56,20.65,0.58,1.94,0.59,15.0,0.01,0.01,2356.050589,1776322918000
1776322920.651,120.651,0.42,11.69,0.41,20.0,0.43,15.65,0.44,16.65,0.57,9.39,0.56,26.65,0.58,1.94,0.59,15.0,0.01,0.01,2356.050589,1776322918000
1776322920.914,120.914,0.42,8.41,0.41,20.0,0.43,63.75,0.44,26.65,0.57,10.65,0.56,16.65,0.58,15.0,0.59,20.0,0.01,0.01,2356.050589,1776322918000
1776322921.348,121.348,0.42,8.41,0.41,20.0,0.43,67.42,0.44,20.65,0.57,63.75,0.56,26.65,0.58,8.41,0.59,20.0,0.01,0.01,2356.050589,1776322918000
1776322922.283,122.283,0.4,10.0,0.39,15.0,0.41,73.65,0.42,183.83,0.57,67.76,0.56,10.65,0.58,8.41,0.59,20.0,0.01,0.01,2355.903055,1776322921000
1776322922.877,122.877,0.4,8.33,0.39,15.0,0.41,83.65,0.42,183.83,0.59,73.65,0.58,183.83,0.6,10.0,0.61,15.0,0.01,0.01,2355.903055,1776322921000
1776322925.201,125.201,0.38,2.59,0.37,15.0,0.41,127.39,0.42,116.0,0.59,83.65,0.58,183.83,0.6,8.33,0.61,15.0,0.03,0.01,2355.917234,1776322923000
1776322926.372,126.372,0.38,12.59,0.37,20.0,0.39,24.08,0.4,40.65,0.59,127.39,0.58,116.0,0.62,2.59,0.63,15.0,0.01,0.03,2355.82008,1776322925000
1776322927.134,127.134,0.39,20.0,0.38,12.59,0.4,6.65,0.41,17.0,0.6,39.12,0.59,38.0,0.62,17.59,0.63,20.0,0.01,0.02,2355.82008,1776322925000
1776322927.621,127.621,0.4,12.5,0.39,20.0,0.41,5.0,0.42,75.0,0.6,6.65,0.59,17.0,0.61,20.0,0.62,12.59,0.01,0.01,2355.99746,1776322926000
1776322930.622,130.622,0.41,20.0,0.4,12.5,0.42,76.0,0.43,5.0,0.59,2.56,0.58,75.0,0.6,17.5,0.61,20.0,0.01,0.01,2355.972302,1776322929000
1776322931.078,131.078,0.41,10.4,0.4,17.5,0.42,73.61,0.43,5.0,0.58,76.0,0.57,5.0,0.59,10.4,0.6,17.5,0.01,0.01,2355.972302,1776322929000
1776322931.491,131.491,0.49,25.2,0.48,15.0,0.52,78.23,0.53,5.0,0.58,73.61,0.57,5.0,0.59,10.4,0.6,17.5,0.03,0.01,2355.90247,1776322930000
1776322931.71,131.71,0.51,30.0,0.5,15.0,0.52,59.9,0.53,5.0,0.48,64.9,0.45,87.0,0.49,25.0,0.5,15.0,0.01,0.01,2355.90247,1776322930000
1776322931.937,131.937,0.51,30.0,0.5,15.0,0.52,29.9,0.55,75.0,0.48,59.9,0.47,5.0,0.49,30.0,0.5,15.0,0.01,0.01,2355.90247,1776322930000
1776322932.283,132.283,0.54,7.19,0.53,10.0,0.55,3.04,0.56,75.5,0.45,3.04,0.44,75.5,0.49,31.24,0.5,15.0,0.01,0.04,2355.90247,1776322931000
1776322932.762,132.762,0.54,24.19,0.53,15.0,0.56,5.5,0.6,5.0,0.45,1.22,0.44,75.5,0.46,7.19,0.47,10.0,0.02,0.01,2355.90247,1776322931000
1776322933.143,133.143,0.59,10.21,0.58,10.0,0.6,77.48,0.61,88.03,0.4,5.0,0.39,88.03,0.45,10.0,0.46,19.19,0.01,0.05,2356.00657,1776322932000
1776322933.348,133.348,0.59,3.58,0.58,10.0,0.6,77.48,0.61,98.03,0.4,77.48,0.39,88.03,0.41,10.21,0.42,10.0,0.01,0.01,2356.00657,1776322932000
1776322933.915,133.915,0.59,1.14,0.57,10.0,0.6,92.48,0.61,93.03,0.4,77.48,0.39,98.03,0.41,3.58,0.42,10.0,0.01,0.01,2356.00657,1776322932000
1776322934.858,134.858,0.57,5.0,0.56,20.0,0.58,10.0,0.59,10.0,0.4,87.48,0.39,93.03,0.43,10.0,0.44,15.0,0.01,0.03,2356.285338,1776322933000
1776322938.085,138.085,0.59,20.0,0.58,15.0,0.6,39.78,0.61,80.0,0.41,10.0,0.4,87.48,0.43,5.0,0.44,20.0,0.01,0.02,2356.511679,1776322937000
1776322938.945,138.945,0.58,5.83,0.57,20.0,0.6,41.45,0.61,80.0,0.4,39.78,0.39,80.0,0.41,20.0,0.42,15.0,0.02,0.01,2356.511679,1776322937000
1776322939.698,139.698,0.58,5.83,0.57,15.0,0.59,15.0,0.6,41.45,0.4,41.45,0.39,80.0,0.42,5.83,0.43,20.0,0.01,0.02,2356.50628,1776322938000
1776322941.929,141.929,0.5,15.76,0.49,121.4,0.58,5.0,0.59,27.92,0.41,15.0,0.4,41.45,0.42,5.83,0.43,15.0,0.08,0.01,2356.510504,1776322940000
1776322943.425,143.425,0.41,13.62,0.4,15.0,0.44,30.0,0.45,10.0,0.42,5.0,0.41,27.92,0.5,15.76,0.51,121.4,0.03,0.08,2356.658382,1776322942000
1776322943.864,143.864,0.41,3.62,0.4,5.0,0.42,39.23,0.43,10.0,0.56,30.0,0.55,10.0,0.59,13.62,0.6,15.0,0.01,0.03,2356.658382,1776322942000
1776322944.128,144.128,0.36,176.0,0.35,75.0,0.42,59.23,0.43,15.0,0.58,39.23,0.57,10.0,0.59,3.62,0.6,5.0,0.06,0.01,2356.658382,1776322942000
1776322944.466,144.466,0.33,36.28,0.32,16.5,0.35,10.0,0.36,10.0,0.63,10.0,0.62,10.0,0.64,126.29,0.65,75.0,0.02,0.01,2356.635791,1776322943000
1776322944.788,144.788,0.29,87.0,0.28,75.0,0.3,10.0,0.31,10.0,0.65,10.0,0.64,10.0,0.67,36.28,0.68,16.5,0.01,0.02,2356.635791,1776322943000
1776322945.0,145.0,0.29,2.4,0.28,70.91,0.3,14.0,0.31,10.0,0.7,5.0,0.69,10.0,0.71,2.4,0.72,70.91,0.01,0.01,2356.515816,1776322944000
1776322945.498,145.498,0.28,78.86,0.27,140.0,0.3,5.0,0.31,10.0,0.7,14.0,0.69,10.0,0.71,2.4,0.72,70.91,0.02,0.01,2356.515816,1776322944000
1776322946.463,146.463,0.28,76.86,0.27,239.17,0.29,3.62,0.3,5.0,0.71,10.0,0.7,5.0,0.72,71.86,0.73,140.0,0.01,0.01,2356.102962,1776322945000
1776322948.741,148.741,0.28,85.95,0.27,231.77,0.3,8.49,0.31,10.0,0.71,3.62,0.7,5.0,0.72,76.86,0.73,239.17,0.02,0.01,2355.657902,1776322947000
1776322951.388,151.388,0.28,85.0,0.27,140.0,0.29,0.44,0.3,8.49,0.7,8.49,0.69,10.0,0.72,85.95,0.73,231.77,0.01,0.02,2355.648345,1776322949000
1776322951.962,151.962,0.28,67.02,0.27,140.0,0.29,10.0,0.3,8.49,0.71,0.44,0.7,8.49,0.72,85.0,0.73,140.0,0.01,0.01,2355.648345,1776322950000
1776322955.631,155.631,0.36,102.0,0.35,90.0,0.38,4.68,0.39,10.0,0.71,10.0,0.7,8.49,0.72,67.02,0.73,140.0,0.02,0.01,2355.62483,1776322954000
1776322957.373,157.373,0.37,67.27,0.36,130.0,0.38,21.22,0.39,15.0,0.62,4.68,0.61,10.0,0.63,7.0,0.64,130.0,0.01,0.01,2355.63678,1776322955000
1776322957.66,157.66,0.42,75.17,0.41,95.0,0.44,18.0,0.45,5.0,0.62,15.51,0.61,5.0,0.63,97.27,0.64,144.0,0.02,0.01,2355.68605,1776322956000
1776322958.203,158.203,0.44,10.0,0.43,10.0,0.45,2.75,0.46,15.0,0.55,13.96,0.54,65.0,0.57,15.0,0.58,110.17,0.01,0.02,2355.68605,1776322956000
1776322958.531,158.531,0.44,50.1,0.43,20.0,0.46,15.0,0.47,53.87,0.55,2.75,0.54,15.0,0.56,10.0,0.57,10.0,0.02,0.01,2355.879785,1776322957000
1776322958.882,158.882,0.46,10.0,0.44,38.1,0.47,48.87,0.48,15.0,0.54,15.0,0.53,53.87,0.56,50.1,0.57,20.0,0.01,0.02,2355.879785,1776322957000
1776322960.083,160.083,0.41,5.0,0.4,5.0,0.43,27.0,0.44,19.0,0.53,48.87,0.52,15.0,0.54,10.0,0.56,38.1,0.02,0.01,2356.055309,1776322958000
1776322960.582,160.582,0.4,5.0,0.39,12.0,0.42,38.0,0.43,19.0,0.57,27.0,0.56,19.0,0.59,5.0,0.6,5.0,0.02,0.02,2356.081098,1776322959000
1776322960.878,160.878,0.31,65.0,0.3,108.0,0.32,19.0,0.33,10.0,0.58,38.0,0.57,19.0,0.6,5.0,0.61,12.0,0.01,0.02,2356.081098,1776322959000
1776322961.619,161.619,0.37,15.0,0.32,64.0,0.38,10.0,0.39,16.0,0.68,19.0,0.67,10.0,0.69,80.5,0.7,108.0,0.01,0.01,2356.078006,1776322960000
1776322962.1,162.1,0.37,32.0,0.36,70.0,0.38,35.0,0.39,21.0,0.62,10.0,0.61,16.0,0.63,15.0,0.68,64.0,0.01,0.01,2356.078006,1776322960000
1776322962.655,162.655,0.37,28.02,0.36,70.0,0.38,40.0,0.39,21.0,0.62,35.0,0.61,21.0,0.63,24.61,0.64,70.0,0.01,0.01,2356.078006,1776322960000
1776322963.533,163.533,0.37,28.02,0.36,90.0,0.38,79.17,0.39,21.0,0.62,40.0,0.61,21.0,0.63,28.02,0.64,70.0,0.01,0.01,2355.88479,1776322962000
1776322963.923,163.923,0.37,55.63,0.36,90.0,0.38,69.17,0.39,21.0,0.62,79.17,0.61,21.0,0.63,28.02,0.64,90.0,0.01,0.01,2355.88479,1776322962000
1776322965.136,165.136,0.37,40.63,0.36,85.0,0.38,10.0,0.39,67.28,0.62,69.17,0.61,21.0,0.63,55.63,0.64,90.0,0.01,0.01,2355.9426,1776322963000
1776322965.997,165.997,0.37,35.63,0.36,85.0,0.39,14.79,0.4,15.0,0.62,5.0,0.61,67.28,0.63,40.63,0.64,85.0,0.02,0.01,2355.961782,1776322964000
1776322967.173,167.173,0.41,5.0,0.4,155.0,0.42,36.31,0.43,21.0,0.61,14.79,0.6,15.0,0.63,35.63,0.64,85.0,0.01,0.02,2355.961782,1776322965000
1776322968.073,168.073,0.4,24.33,0.39,90.0,0.42,36.08,0.43,21.0,0.58,36.31,0.57,21.0,0.59,5.0,0.6,155.0,0.02,0.01,2355.912185,1776322966000
1776322969.43,169.43,0.4,79.33,0.39,90.0,0.42,21.08,0.46,130.0,0.58,36.08,0.57,21.0,0.6,24.33,0.61,90.0,0.02,0.02,2355.97,1776322967000
1776322970.42,170.42,0.43,5.0,0.4,5.0,0.45,208.44,0.46,211.0,0.55,5.0,0.54,135.0,0.59,15.0,0.6,84.33,0.02,0.04,2355.989924,1776322968000
1776322970.752,170.752,0.31,75.0,0.3,43.0,0.38,100.0,0.39,21.0,0.56,10.0,0.55,208.44,0.6,5.0,0.62,5.0,0.07,0.04,2355.994924,1776322969000
1776322971.024,171.024,0.31,78.75,0.3,43.0,0.32,20.0,0.33,15.0,0.62,100.0,0.61,21.0,0.69,75.0,0.7,43.0,0.01,0.07,2355.994924,1776322969000
1776322971.275,171.275,0.31,65.62,0.3,43.0,0.32,25.0,0.33,15.0,0.68,25.0,0.67,15.0,0.69,67.2,0.7,43.0,0.01,0.01,2355.994924,1776322969000
1776322971.706,171.706,0.29,66.0,0.27,75.0,0.3,20.0,0.31,10.0,0.68,20.0,0.67,15.0,0.69,44.14,0.7,43.0,0.01,0.01,2355.994143,1776322970000
1776322972.434,172.434,0.29,61.0,0.27,75.0,0.3,72.0,0.31,15.0,0.7,20.0,0.69,10.0,0.71,66.0,0.73,75.0,0.01,0.01,2355.994143,1776322970000
1776322973.003,173.003,0.29,69.88,0.27,75.0,0.3,20.0,0.31,15.0,0.7,72.0,0.69,15.0,0.71,58.88,0.73,75.0,0.01,0.01,2355.939724,1776322971000
1776322973.665,173.665,0.29,50.1,0.28,5.0,0.3,25.0,0.31,15.0,0.7,20.0,0.69,15.0,0.71,71.61,0.72,6.99,0.01,0.01,2355.786245,1776322972000
1776322977.127,177.127,0.29,80.1,0.28,5.0,0.3,14.0,0.31,10.0,0.7,25.0,0.69,15.0,0.71,50.1,0.72,5.0,0.01,0.01,2355.69546,1776322976000
1776322979.196,179.196,0.29,66.35,0.28,5.0,0.3,13.0,0.31,15.0,0.7,8.0,0.69,10.0,0.71,82.48,0.72,5.0,0.01,0.01,2355.78158,1776322977000
1776322979.734,179.734,0.27,75.0,0.26,5.0,0.3,13.0,0.31,15.0,0.7,13.0,0.69,15.0,0.71,66.35,0.72,5.0,0.03,0.01,2355.72076,1776322978000
1776322980.1,180.1,0.27,145.0,0.26,5.0,0.28,14.83,0.29,20.0,0.7,13.0,0.69,15.0,0.73,75.0,0.74,5.0,0.01,0.03,2355.722915,1776322979000
1776322981.687,181.687,0.27,254.0,0.26,15.0,0.28,4.83,0.29,10.0,0.72,14.83,0.71,20.0,0.73,145.0,0.74,5.0,0.01,0.01,2355.75421,1776322980000
1776322982.899,182.899,0.33,19.17,0.27,213.0,0.34,15.0,0.35,21.0,0.72,4.83,0.71,10.0,0.73,254.0,0.74,15.0,0.01,0.01,2355.764605,1776322981000
1776322983.299,183.299,0.33,13.17,0.29,70.0,0.34,21.0,0.35,21.0,0.66,15.0,0.65,21.0,0.67,19.17,0.73,213.0,0.01,0.01,2355.732515,1776322982000
1776322984.065,184.065,0.29,45.0,0.27,70.0,0.3,20.0,0.31,15.0,0.66,26.0,0.65,21.0,0.71,70.0,0.73,80.0,0.01,0.05,2355.732515,1776322982000
1776322984.501,184.501,0.29,47.97,0.28,5.0,0.3,15.0,0.31,20.0,0.7,20.0,0.69,15.0,0.71,45.0,0.73,70.0,0.01,0.01,2355.737605,1776322983000
1776322985.554,185.554,0.29,47.97,0.28,5.0,0.3,4.0,0.31,20.0,0.7,15.0,0.69,20.0,0.71,47.97,0.72,5.0,0.01,0.01,2355.737605,1776322983000
1776322986.728,186.728,0.25,5.0,0.24,31.7,0.3,22.0,0.31,15.0,0.7,4.0,0.69,20.0,0.71,47.97,0.72,5.0,0.05,0.01,2355.737605,1776322983000
1776322987.019,187.019,0.23,2.3,0.22,75.0,0.26,16.75,0.28,15.0,0.7,22.0,0.69,15.0,0.75,5.0,0.76,31.7,0.03,0.05,2355.67324,1776322985000
1776322987.709,187.709,0.22,75.0,0.21,5.0,0.23,20.0,0.24,20.0,0.76,25.0,0.75,25.0,0.77,20.0,0.78,75.0,0.01,0.01,2355.68195,1776322986000
1776322987.931,187.931,0.22,70.0,0.21,5.0,0.23,15.0,0.24,30.0,0.77,20.0,0.76,20.0,0.78,75.0,0.79,5.0,0.01,0.01,2355.68195,1776322986000
1776322988.243,188.243,0.22,70.0,0.21,5.0,0.23,14.89,0.24,25.0,0.77,15.0,0.76,30.0,0.78,70.0,0.79,5.0,0.01,0.01,2355.681995,1776322987000
1776322988.477,188.477,0.22,63.76,0.21,5.0,0.23,19.89,0.24,20.0,0.77,14.89,0.76,25.0,0.78,70.0,0.79,5.0,0.01,0.01,2355.681995,1776322987000
1776322988.734,188.734,0.22,108.76,0.21,5.0,0.23,14.89,0.24,20.0,0.77,19.89,0.76,20.0,0.78,63.76,0.79,5.0,0.01,0.01,2355.681995,1776322987000
1776322991.859,191.859,0.22,108.76,0.21,5.0,0.23,14.38,0.24,20.0,0.77,14.89,0.76,20.0,0.78,108.76,0.79,5.0,0.01,0.01,2355.522478,1776322990000
1776322993.016,193.016,0.22,58.76,0.21,5.0,0.23,14.38,0.24,20.0,0.77,14.38,0.76,20.0,0.78,108.76,0.79,5.0,0.01,0.01,2355.613824,1776322991000
1776322994.509,194.509,0.22,61.56,0.19,147.71,0.23,24.38,0.24,20.0,0.77,14.38,0.76,20.0,0.78,58.76,0.79,5.0,0.01,0.01,2355.6245,1776322993000
1776322994.784,194.784,0.22,106.56,0.19,147.71,0.23,14.38,0.24,25.0,0.77,24.38,0.76,20.0,0.78,61.56,0.81,147.71,0.01,0.01,2355.6245,1776322993000
1776322996.658,196.658,0.22,97.47,0.21,10.0,0.23,7.38,0.24,20.0,0.77,14.38,0.76,25.0,0.78,106.56,0.81,147.71,0.01,0.01,2355.516444,1776322995000
1776322996.953,196.953,0.22,71.0,0.21,10.0,0.24,9.49,0.25,10.0,0.77,7.38,0.76,20.0,0.78,97.47,0.79,10.0,0.02,0.01,2355.516444,1776322995000
1776323002.838,202.838,0.15,13.54,0.14,29.9,0.23,10.0,0.25,13.66,0.7,4.0,0.69,93.6,0.78,66.0,0.79,10.0,0.08,0.08,2355.579835,1776323001000
1776323003.042,203.042,0.18,9.9,0.17,30.0,0.19,15.0,0.23,27.0,0.77,10.0,0.75,13.66,0.85,13.54,0.86,29.9,0.01,0.08,2355.579835,1776323001000
1776323004.198,204.198,0.18,8.68,0.17,41.31,0.19,21.0,0.2,10.0,0.81,15.0,0.77,27.0,0.82,9.9,0.83,30.0,0.01,0.01,2355.56486,1776323003000
1776323004.413,204.413,0.16,16.84,0.15,23.54,0.19,10.61,0.2,10.0,0.81,10.61,0.8,10.0,0.84,16.84,0.85,23.54,0.03,0.03,2355.56486,1776323003000
1776323005.363,205.363,0.18,22.68,0.17,10.0,0.2,17.0,0.21,10.0,0.81,10.61,0.8,10.0,0.84,16.84,0.85,23.54,0.02,0.03,2355.56486,1776323003000
1776323005.619,205.619,0.18,31.46,0.17,10.0,0.19,20.0,0.2,17.0,0.8,17.0,0.79,10.0,0.82,22.68,0.83,10.0,0.01,0.02,2355.275574,1776323004000
1776323006.839,206.839,0.18,9.0,0.17,10.0,0.2,10.0,0.21,10.0,0.81,20.0,0.8,17.0,0.82,9.0,0.83,10.0,0.02,0.01,2355.314639,1776323005000
1776323008.331,208.331,0.18,40.0,0.17,15.0,0.19,5.0,0.2,15.0,0.8,10.0,0.79,10.0,0.82,9.0,0.83,10.0,0.01,0.02,2355.33946,1776323007000
1776323009.213,209.213,0.18,24.38,0.17,27.68,0.19,18.0,0.2,10.0,0.81,5.0,0.8,15.0,0.82,15.6,0.83,15.0,0.01,0.01,2355.33946,1776323007000
1776323010.084,210.084,0.18,10.0,0.17,15.0,0.19,27.73,0.2,10.0,0.81,18.0,0.8,10.0,0.82,24.38,0.83,27.68,0.01,0.01,2355.34369,1776323008000
1776323010.921,210.921,0.2,8.0,0.19,10.0,0.22,28.0,0.23,7.0,0.81,27.73,0.8,10.0,0.82,10.0,0.83,15.0,0.02,0.01,2355.349695,1776323009000
1776323014.531,214.531,0.23,29.94,0.22,87.0,0.24,32.11,0.25,10.0,0.78,21.0,0.77,10.0,0.79,27.46,0.8,21.0,0.01,0.01,2355.454635,1776323012000
1776323016.28,216.28,0.23,10.0,0.22,86.09,0.24,47.11,0.25,15.0,0.76,32.11,0.75,10.0,0.77,29.94,0.78,87.0,0.01,0.01,2355.432048,1776323014000
1776323017.395,217.395,0.23,5.0,0.22,77.0,0.24,53.11,0.25,15.0,0.76,47.11,0.75,15.0,0.77,10.0,0.78,86.09,0.01,0.01,2355.519237,1776323016000
1776323017.844,217.844,0.23,0.54,0.22,77.0,0.24,53.11,0.25,15.0,0.76,53.11,0.75,15.0,0.77,5.0,0.78,77.0,0.01,0.01,2355.519237,1776323016000
1776323018.753,218.753,0.22,75.49,0.2,18.0,0.24,58.11,0.25,15.0,0.76,53.11,0.75,15.0,0.77,0.54,0.78,77.0,0.02,0.01,2355.532841,1776323017000
1776323021.728,221.728,0.18,27.3,0.17,35.5,0.19,20.0,0.2,20.0,0.76,58.11,0.75,15.0,0.78,75.49,0.8,18.0,0.01,0.02,2355.545241,1776323018000
1776323022.113,222.113,0.18,27.3,0.17,35.5,0.19,15.0,0.2,20.0,0.81,20.0,0.8,20.0,0.82,27.3,0.83,35.5,0.01,0.01,2355.580202,1776323020000
1776323022.615,222.615,0.18,14.91,0.17,35.5,0.19,15.0,0.2,22.0,0.81,15.0,0.8,22.0,0.82,21.06,0.83,35.5,0.01,0.01,2355.580202,1776323020000
1776323022.875,222.875,0.18,19.91,0.17,35.5,0.19,4.52,0.2,27.0,0.81,15.0,0.8,22.0,0.82,14.91,0.83,35.5,0.01,0.01,2355.587434,1776323021000
1776323023.122,223.122,0.18,18.81,0.17,45.5,0.19,14.52,0.2,27.0,0.81,4.52,0.8,27.0,0.82,19.91,0.83,35.5,0.01,0.01,2355.587434,1776323021000
1776323025.015,225.015,0.17,45.5,0.16,141.8,0.19,24.52,0.2,22.0,0.81,14.52,0.8,27.0,0.82,18.81,0.83,45.5,0.02,0.01,2355.506773,1776323023000
1776323025.61,225.61,0.17,21.5,0.16,142.64,0.18,35.0,0.19,15.0,0.82,15.0,0.81,24.52,0.83,48.09,0.84,141.8,0.01,0.01,2355.506773,1776323023000
1776323027.031,227.031,0.17,7.37,0.16,80.84,0.18,53.0,0.19,15.0,0.82,122.0,0.81,15.0,0.83,2.37,0.84,142.64,0.01,0.01,2355.535043,1776323025000
1776323028.024,228.024,0.17,22.37,0.16,75.84,0.18,28.0,0.19,22.0,0.82,53.0,0.81,15.0,0.83,7.37,0.84,80.84,0.01,0.01,2355.463435,1776323026000
1776323029.259,229.259,0.18,35.0,0.17,87.37,0.19,10.0,0.2,15.0,0.82,8.0,0.81,22.0,0.83,22.37,0.84,75.84,0.01,0.01,2355.393431,1776323027000
1776323030.968,230.968,0.2,28.04,0.19,18.0,0.21,7.0,0.22,86.06,0.79,7.0,0.78,10.0,0.81,43.0,0.82,23.0,0.01,0.02,2355.37,1776323029000
1776323031.27,231.27,0.2,28.04,0.19,18.0,0.23,34.47,0.24,15.0,0.79,7.0,0.78,86.06,0.8,28.04,0.81,18.0,0.03,0.01,2355.37,1776323029000
1776323031.848,231.848,0.22,25.0,0.2,10.0,0.23,39.47,0.24,15.0,0.77,34.47,0.76,15.0,0.8,28.04,0.81,18.0,0.01,0.03,2355.435593,1776323030000
1776323032.689,232.689,0.22,27.0,0.21,10.0,0.23,126.63,0.24,5.0,0.77,39.47,0.76,15.0,0.78,25.0,0.8,10.0,0.01,0.01,2355.435593,1776323031000
1776323032.951,232.951,0.22,37.0,0.21,85.0,0.23,80.02,0.3,44.3,0.77,126.63,0.76,5.0,0.78,27.0,0.79,10.0,0.01,0.01,2355.435593,1776323031000
1776323033.326,233.326,0.27,10.0,0.26,80.0,0.3,150.78,0.31,81.8,0.7,44.3,0.69,71.8,0.78,37.0,0.79,85.0,0.03,0.08,2355.549042,1776323032000
1776323033.562,233.562,0.29,12.74,0.28,10.0,0.3,69.12,0.31,71.8,0.7,150.78,0.69,81.8,0.73,10.0,0.74,80.0,0.01,0.03,2355.549042,1776323032000
1776323034.239,234.239,0.28,1.08,0.27,20.0,0.3,38.25,0.31,81.8,0.7,34.92,0.69,21.8,0.72,1.08,0.73,20.0,0.02,0.02,2355.549042,1776323032000
1776323034.662,234.662,0.27,15.64,0.26,80.0,0.29,10.0,0.3,38.25,0.7,38.25,0.69,81.8,0.72,1.08,0.73,20.0,0.02,0.02,2355.549042,1776323032000
1776323035.952,235.952,0.27,8.6,0.26,80.0,0.29,57.02,0.3,80.12,0.71,10.0,0.7,38.25,0.72,7.91,0.73,15.64,0.02,0.01,2355.64172,1776323034000
1776323036.268,236.268,0.27,6.54,0.26,80.0,0.28,112.3,0.29,57.02,0.71,57.02,0.7,80.12,0.73,8.6,0.74,80.0,0.01,0.02,2355.64172,1776323034000
1776323037.181,237.181,0.26,66.89,0.25,17.0,0.28,39.0,0.29,36.02,0.72,112.3,0.71,57.02,0.73,6.54,0.74,80.0,0.02,0.01,2355.725356,1776323036000
1776323037.47,237.47,0.26,66.89,0.25,17.0,0.27,4.0,0.28,15.0,0.72,39.0,0.71,36.02,0.74,66.89,0.75,17.0,0.01,0.02,2355.725356,1776323036000
1776323038.721,238.721,0.26,62.6,0.25,17.0,0.27,25.0,0.28,10.0,0.73,4.0,0.72,15.0,0.74,66.89,0.75,17.0,0.01,0.01,2355.725356,1776323036000
1776323040.048,240.048,0.25,0.52,0.24,10.0,0.27,33.0,0.28,47.74,0.73,25.0,0.72,10.0,0.74,62.6,0.75,17.0,0.02,0.01,2355.755342,1776323039000
1776323040.603,240.603,0.21,1.7,0.2,27.5,0.22,10.0,0.23,10.0,0.73,33.0,0.72,47.74,0.75,0.52,0.76,10.0,0.01,0.02,2355.755342,1776323039000
1776323040.872,240.872,0.2,11.5,0.19,28.4,0.21,10.0,0.22,10.0,0.78,10.0,0.77,10.0,0.8,27.5,0.81,28.4,0.01,0.02,2355.755342,1776323039000
1776323041.221,241.221,0.19,7.0,0.18,34.4,0.2,10.0,0.21,10.0,0.79,10.0,0.78,10.0,0.8,11.5,0.81,28.4,0.01,0.01,2355.697255,1776323040000
1776323041.555,241.555,0.19,20.0,0.18,34.4,0.2,3.1,0.21,10.0,0.8,10.0,0.79,10.0,0.81,7.0,0.82,34.4,0.01,0.01,2355.697255,1776323040000
1776323041.919,241.919,0.19,5.08,0.18,34.4,0.2,2.01,0.21,10.0,0.8,2.01,0.79,10.0,0.81,20.0,0.82,34.4,0.01,0.01,2355.697255,1776323040000
1776323042.221,242.221,0.18,29.4,0.17,30.5,0.2,106.01,0.21,10.0,0.8,2.01,0.79,10.0,0.81,5.08,0.82,34.4,0.02,0.01,2355.692005,1776323041000
1776323042.531,242.531,0.17,25.5,0.16,117.64,0.19,20.0,0.2,23.01,0.81,20.0,0.8,23.01,0.82,24.4,0.83,30.5,0.02,0.01,2355.692005,1776323041000
1776323043.066,243.066,0.16,117.64,0.15,46.74,0.18,20.0,0.19,15.0,0.81,20.0,0.8,23.01,0.83,25.5,0.84,117.64,0.02,0.02,2355.668455,1776323042000
1776323044.393,244.393,0.13,35.0,0.12,10.09,0.17,136.0,0.18,15.0,0.82,20.0,0.81,15.0,0.84,117.64,0.85,46.74,0.04,0.02,2355.63446,1776323043000
1776323044.796,244.796,0.12,3.04,0.11,91.79,0.13,45.0,0.14,15.0,0.87,15.0,0.86,15.0,0.88,5.09,0.89,91.79,0.01,0.01,2355.63446,1776323043000
1776323045.55,245.55,0.12,16.04,0.11,101.79,0.15,4.0,0.16,10.0,0.87,17.46,0.86,15.0,0.88,1.04,0.89,86.79,0.03,0.01,2355.588658,1776323044000
1776323046.777,246.777,0.12,10.0,0.11,50.0,0.14,10.0,0.15,15.0,0.85,4.0,0.84,10.0,0.88,16.04,0.89,101.79,0.02,0.03,2355.550903,1776323045000
1776323047.017,247.017,0.08,10.68,0.07,65.3,0.11,50.2,0.12,15.0,0.89,35.2,0.88,15.0,0.9,20.0,0.93,55.3,0.03,0.01,2355.520107,1776323046000
1776323047.799,247.799,0.09,8.21,0.07,44.76,0.1,20.0,0.11,50.2,0.9,20.0,0.89,60.2,0.93,44.76,0.94,229.13,0.01,0.03,2355.520107,1776323046000
1776323048.444,248.444,0.09,8.21,0.07,44.76,0.1,18.26,0.11,50.2,0.9,3.28,0.89,50.2,0.91,8.21,0.93,44.76,0.01,0.01,2355.527625,1776323047000
1776323049.13,249.13,0.1,18.21,0.09,10.0,0.11,13.38,0.12,15.0,0.9,18.26,0.89,50.2,0.91,8.21,0.93,44.76,0.01,0.01,2355.477968,1776323048000
1776323051.36,251.36,0.07,5.84,0.06,65.0,0.11,30.0,0.12,20.0,0.88,15.0,0.87,10.0,0.9,12.21,0.91,15.0,0.04,0.02,2355.38225,1776323050000
1776323052.528,252.528,0.06,54.82,0.05,51.85,0.08,10.0,0.09,30.0,0.91,10.0,0.9,24.0,0.93,0.47,0.94,70.0,0.02,0.02,2355.41154,1776323051000
1776323053.012,253.012,0.08,12.0,0.07,10.0,0.09,5.0,0.1,5.0,0.92,10.0,0.91,30.0,0.94,54.82,0.95,51.85,0.01,0.02,2355.41154,1776323051000
1776323055.257,255.257,0.09,7.0,0.08,22.0,0.1,5.0,0.11,26.35,0.9,5.0,0.89,5.0,0.92,22.0,0.93,10.0,0.01,0.02,2355.300951,1776323053000
1776323055.59,255.59,0.1,32.0,0.09,12.0,0.11,10.44,0.14,5.0,0.9,5.0,0.89,26.35,0.91,7.0,0.92,22.0,0.01,0.01,2355.451979,1776323054000
1776323055.949,255.949,0.12,10.0,0.11,62.56,0.13,12.92,0.14,15.0,0.86,5.0,0.85,33.2,0.89,39.56,0.9,46.0,0.01,0.03,2355.451979,1776323054000
1776323056.58,256.58,0.11,60.31,0.1,29.0,0.12,89.64,0.14,15.0,0.87,12.92,0.86,15.0,0.89,62.56,0.9,29.0,0.01,0.02,2355.454032,1776323055000
1776323057.33,257.33,0.11,20.99,0.1,29.0,0.13,100.9,0.14,15.0,0.88,69.3,0.86,15.0,0.89,60.31,0.9,29.0,0.02,0.01,2355.454032,1776323055000
1776323057.753,257.753,0.08,13.42,0.07,10.0,0.13,117.9,0.14,15.0,0.87,117.9,0.86,15.0,0.89,18.99,0.9,29.0,0.05,0.02,2355.595062,1776323056000
1776323058.479,258.479,0.09,77.7,0.08,18.42,0.11,22.0,0.12,15.0,0.87,117.9,0.86,15.0,0.92,13.42,0.93,10.0,0.02,0.05,2355.610471,1776323057000
1776323058.92,258.92,0.1,106.68,0.09,63.0,0.2,20.0,0.24,59.32,0.89,22.0,0.88,15.0,0.91,77.7,0.92,18.42,0.1,0.02,2355.610471,1776323057000
1776323059.244,259.244,0.23,10.0,0.22,10.0,0.26,10.0,0.27,10.0,0.76,44.97,0.75,10.0,0.77,10.0,0.78,10.0,0.03,0.01,2355.610471,1776323057000
1776323059.449,259.449,0.27,8.89,0.26,60.0,0.29,25.95,0.3,7.25,0.75,62.01,0.71,35.95,0.76,3.68,0.77,10.0,0.02,0.01,2355.535597,1776323058000
1776323059.72,259.72,0.3,10.0,0.29,10.0,0.44,23.25,0.46,55.0,0.56,30.0,0.54,50.0,0.72,36.98,0.73,19.89,0.14,0.16,2355.535597,1776323058000
1776323059.949,259.949,0.49,15.0,0.48,52.0,0.51,19.81,0.6,20.0,0.5,19.34,0.49,34.8,0.52,10.0,0.53,10.0,0.02,0.02,2355.535597,1776323058000
1776323060.363,260.363,0.7,13.66,0.69,10.0,0.71,52.83,0.72,5.0,0.29,74.64,0.28,5.0,0.3,10.0,0.31,10.0,0.01,0.01,2355.535597,1776323058000
1776323060.565,260.565,0.69,8.96,0.68,10.0,0.72,1.27,0.73,15.0,0.29,8.19,0.28,5.0,0.31,8.96,0.32,10.0,0.03,0.02,2355.58,1776323059000
1776323060.891,260.891,0.7,10.0,0.69,20.27,0.71,40.0,0.72,5.0,0.28,1.27,0.27,15.0,0.31,8.96,0.32,10.0,0.01,0.03,2355.58,1776323059000
1776323061.345,261.345,0.7,10.0,0.69,0.05,0.72,4.16,0.73,105.96,0.29,0.17,0.28,5.0,0.3,10.0,0.31,11.36,0.02,0.01,2355.905643,1776323060000
1776323061.592,261.592,0.71,8.35,0.7,9.73,0.72,4.16,0.73,105.96,0.28,4.16,0.27,105.96,0.29,0.55,0.3,9.73,0.01,0.01,2355.905643,1776323060000
1776323061.861,261.861,0.69,7.0,0.68,10.0,0.72,9.16,0.73,105.96,0.28,4.16,0.27,105.96,0.29,8.35,0.3,9.73,0.03,0.01,2355.905643,1776323060000
1776323062.259,262.259,0.7,24.75,0.69,17.0,0.71,10.0,0.72,14.16,0.28,9.16,0.27,105.96,0.31,7.0,0.32,10.0,0.01,0.03,2356.33043,1776323061000
1776323062.473,262.473,0.7,17.4,0.69,17.0,0.71,10.0,0.72,14.16,0.29,8.74,0.28,14.16,0.3,34.75,0.31,17.0,0.01,0.01,2356.33043,1776323061000
1776323062.814,262.814,0.7,71.68,0.69,19.85,0.71,3.34,0.72,14.16,0.28,14.16,0.27,105.96,0.31,6.85,0.32,16.0,0.01,0.03,2356.33043,1776323061000
1776323063.091,263.091,0.7,281.9,0.69,207.32,0.72,40.48,0.73,105.96,0.29,3.34,0.28,14.16,0.3,88.58,0.31,72.53,0.02,0.01,2356.33043,1776323061000
1776323063.862,263.862,0.7,21.0,0.68,25.0,0.71,3.74,0.72,42.92,0.28,40.48,0.27,105.96,0.3,281.9,0.31,207.32,0.01,0.02,2356.60487,1776323062000
1776323064.072,264.072,0.7,16.0,0.69,17.68,0.72,10.0,0.73,92.04,0.29,10.0,0.28,10.0,0.3,16.0,0.31,17.68,0.02,0.01,2356.60487,1776323062000
1776323064.68,264.68,0.69,4.32,0.67,10.0,0.71,10.0,0.72,10.0,0.28,10.0,0.27,92.04,0.3,16.0,0.31,17.68,0.02,0.02,2356.583076,1776323063000
1776323065.035,265.035,0.66,47.66,0.65,10.0,0.7,15.0,0.71,150.0,0.29,10.0,0.28,10.0,0.31,4.32,0.33,10.0,0.04,0.02,2356.637285,1776323064000
1776323065.549,265.549,0.76,56.68,0.75,32.68,0.77,12.72,0.78,10.0,0.37,52.34,0.3,15.0,0.38,10.0,0.39,70.0,0.01,0.01,2356.637285,1776323064000
1776323065.766,265.766,0.76,26.68,0.75,32.68,0.77,12.72,0.78,10.0,0.23,12.72,0.22,10.0,0.24,56.68,0.25,32.68,0.01,0.01,2356.637285,1776323064000
1776323065.986,265.986,0.76,21.94,0.75,32.68,0.77,10.77,0.78,10.0,0.23,12.72,0.22,10.0,0.24,21.94,0.25,32.68,0.01,0.01,2356.637285,1776323064000
1776323066.193,266.193,0.76,22.94,0.75,32.68,0.77,9.47,0.78,10.0,0.23,10.77,0.22,10.0,0.24,22.94,0.25,32.68,0.01,0.01,2356.637285,1776323064000
1776323066.714,266.714,0.76,11.63,0.75,22.68,0.77,4.47,0.78,10.0,0.23,9.47,0.22,10.0,0.24,22.94,0.25,32.68,0.01,0.01,2356.576367,1776323065000
1776323067.47,267.47,0.76,17.67,0.75,22.68,0.77,3.17,0.78,10.0,0.23,3.17,0.22,10.0,0.24,11.63,0.25,22.68,0.01,0.01,2356.576367,1776323065000
1776323067.869,267.869,0.76,16.67,0.75,22.68,0.79,2.96,0.8,85.0,0.23,3.17,0.22,10.0,0.24,17.67,0.25,22.68,0.03,0.01,2356.576367,1776323065000
1776323068.076,268.076,0.76,11.67,0.75,14.0,0.77,10.0,0.78,10.0,0.21,2.96,0.2,85.0,0.24,16.67,0.25,22.68,0.01,0.03,2356.653385,1776323066000
1776323069.205,269.205,0.75,140.68,0.74,21.0,0.78,4.61,0.79,2.96,0.23,74.02,0.22,10.0,0.25,25.0,0.27,18.0,0.03,0.02,2356.73639,1776323068000
1776323069.57,269.57,0.78,9.95,0.77,114.68,0.79,2.96,0.8,85.0,0.22,0.95,0.21,2.96,0.23,112.68,0.24,20.0,0.01,0.01,2356.73639,1776323068000
1776323070.378,270.378,0.79,132.68,0.78,52.95,0.8,63.75,0.82,16.8,0.2,75.92,0.19,10.0,0.22,84.63,0.23,41.0,0.01,0.02,2356.774847,1776323069000
1776323070.901,270.901,0.8,121.9,0.79,42.0,0.81,70.0,0.82,16.8,0.18,16.8,0.17,150.0,0.21,132.68,0.22,52.95,0.01,0.03,2356.774847,1776323069000
1776323071.412,271.412,0.8,121.9,0.79,42.0,0.85,5.0,0.86,50.0,0.19,70.0,0.18,16.8,0.2,121.9,0.21,42.0,0.05,0.01,2356.774847,1776323070000
1776323071.662,271.662,0.9,34.0,0.89,20.0,0.94,53.54,0.95,100.8,0.15,5.0,0.14,50.0,0.2,121.9,0.21,42.0,0.04,0.05,2356.774847,1776323070000
1776323071.93,271.93,0.9,42.44,0.89,20.0,0.94,49.92,0.95,100.8,0.06,49.92,0.05,100.8,0.08,21.8,0.09,65.49,0.04,0.02,2356.774847,1776323070000
1776323072.405,272.405,0.91,2.22,0.9,60.44,0.92,19.41,0.93,10.0,0.06,49.92,0.05,105.8,0.09,2.22,0.1,70.44,0.01,0.03,2356.738215,1776323071000
1776323073.013,273.013,0.91,116.9,0.9,140.44,0.95,13.16,0.96,128.8,0.08,5.0,0.07,10.0,0.09,2.22,0.1,60.44,0.04,0.01,2356.738215,1776323071000
1776323073.232,273.232,0.92,30.88,0.91,37.22,0.95,3.74,0.96,35.0,0.05,10.0,0.04,35.0,0.08,25.88,0.09,37.22,0.03,0.03,2356.738215,1776323071000
1776323073.641,273.641,0.93,70.68,0.92,27.0,0.94,4.94,0.95,10.0,0.04,28.49,0.03,239.79,0.1,79.66,0.11,15.0,0.01,0.06,2356.800955,1776323072000
1776323073.846,273.846,0.95,17.0,0.94,5.0,0.97,64.53,0.98,357.0,0.04,23.44,0.03,116.09,0.07,70.68,0.08,27.0,0.02,0.03,2356.988708,1776323073000
1776323074.059,274.059,0.94,12.5,0.93,44.0,0.96,10.0,0.97,64.53,0.03,64.53,0.02,357.0,0.05,17.0,0.06,5.0,0.02,0.02,2356.988708,1776323073000
1776323074.34,274.34,0.95,15.0,0.94,17.5,0.97,62.75,0.98,362.0,0.04,5.0,0.03,69.11,0.05,5.0,0.06,17.5,0.02,0.01,2356.988708,1776323073000
1776323074.547,274.547,0.94,16.66,0.93,38.99,0.97,67.75,0.98,362.0,0.03,62.75,0.02,362.0,0.05,15.0,0.06,17.5,0.03,0.02,2356.988708,1776323073000
1776323074.777,274.777,0.95,5.0,0.94,16.66,0.96,4.31,0.97,62.75,0.03,67.75,0.02,362.0,0.06,16.66,0.07,38.99,0.01,0.03,2356.988708,1776323073000
1776323074.992,274.992,0.95,15.0,0.94,16.66,0.97,62.06,0.98,257.0,0.04,4.31,0.03,62.75,0.05,5.0,0.06,16.66,0.02,0.01,2356.988708,1776323073000
1776323075.397,275.397,0.95,17.57,0.94,11.71,0.96,10.0,0.97,62.06,0.03,62.06,0.02,262.0,0.06,11.71,0.07,38.99,0.01,0.03,2357.239698,1776323074000
1776323075.696,275.696,0.95,20.26,0.94,16.71,0.96,8.95,0.97,62.06,0.04,8.95,0.03,62.06,0.05,22.57,0.06,16.71,0.01,0.01,2357.239698,1776323074000
1776323076.168,276.168,0.96,71.5,0.95,51.11,0.97,17.1,0.98,262.0,0.03,17.1,0.02,262.0,0.04,35.05,0.05,51.11,0.01,0.01,2357.239698,1776323074000
1776323076.382,276.382,0.96,71.5,0.95,44.11,0.97,4.84,0.98,154.1,0.02,209.1,0.01,1616.0,0.04,71.5,0.05,44.11,0.01,0.02,2357.556932,1776323075000
1776323076.619,276.619,0.96,72.0,0.95,44.11,0.98,140.81,0.99,1616.0,0.02,143.88,0.01,1616.0,0.04,81.5,0.05,44.11,0.02,0.02,2357.556932,1776323075000
1776323076.944,276.944,0.96,10.0,0.95,1.71,0.98,140.7,0.99,1616.0,0.03,4.89,0.02,140.81,0.05,1.71,0.06,30.7,0.02,0.02,2357.556932,1776323075000
1776323078.033,278.033,0.97,11.66,0.96,10.0,0.98,140.7,0.99,1516.0,0.03,4.84,0.02,145.7,0.04,10.0,0.05,1.71,0.01,0.01,2357.622281,1776323076000
1776323078.692,278.692,0.94,26.43,0.93,25.0,0.98,145.7,0.99,1611.0,0.02,140.7,0.01,1516.0,0.03,11.66,0.04,10.0,0.04,0.01,2357.635159,1776323077000
1776323079.09,279.09,0.96,10.0,0.95,15.0,0.98,42.78,0.99,1611.0,0.02,145.7,0.01,1611.0,0.06,26.43,0.07,25.0,0.02,0.04,2357.635159,1776323077000
1776323079.474,279.474,0.96,10.0,0.95,21.64,0.99,1543.5,,,0.02,42.78,0.01,1611.0,0.04,10.0,0.05,15.0,0.03,0.02,2357.638716,1776323078000
1776323080.198,280.198,0.91,28.53,0.9,151.89,0.98,10.0,0.99,1413.5,0.01,1543.5,,,0.04,10.0,0.05,21.64,0.07,0.03,2357.638716,1776323078000
1776323080.804,280.804,0.94,10.0,0.93,27.0,0.96,8.95,0.97,10.0,0.02,10.0,0.01,1413.5,0.09,28.53,0.1,151.89,0.02,0.07,2357.69805,1776323079000
1776323081.093,281.093,0.94,25.64,0.93,27.0,0.97,3.92,0.98,10.0,0.04,1.6,0.03,10.0,0.06,10.0,0.07,27.0,0.03,0.02,2357.691928,1776323080000
1776323081.898,281.898,0.96,20.0,0.95,10.0,0.97,0.82,0.98,10.0,0.03,0.82,0.02,10.0,0.06,20.64,0.07,27.0,0.01,0.03,2357.691928,1776323080000
1776323083.776,283.776,0.95,33.64,0.94,20.64,0.98,9.12,0.99,1482.5,0.03,0.82,0.02,10.0,0.04,20.0,0.05,10.0,0.03,0.01,2357.60095,1776323082000
1776323084.149,284.149,0.97,10.0,0.95,33.64,0.98,9.12,0.99,1382.5,0.02,9.12,0.01,1482.5,0.05,33.64,0.06,20.64,0.01,0.03,2357.710281,1776323083000
1776323084.587,284.587,0.94,27.64,0.93,10.0,0.98,3.28,0.99,1382.5,0.02,3.28,0.01,1382.5,0.03,15.0,0.05,28.64,0.04,0.01,2357.710281,1776323083000
1776323085.558,285.558,0.95,27.64,0.94,22.64,0.97,8.96,0.98,3.28,0.03,10.0,0.02,3.28,0.06,12.64,0.07,10.0,0.02,0.03,2357.666459,1776323084000
1776323085.786,285.786,0.95,22.64,0.94,22.64,0.97,7.92,0.98,3.28,0.03,8.96,0.02,3.28,0.05,27.64,0.06,22.64,0.02,0.02,2357.666459,1776323084000
1776323086.154,286.154,0.9,82.23,0.89,30.0,0.96,10.0,0.97,10.84,0.03,5.84,0.02,3.28,0.05,22.64,0.06,22.64,0.06,0.02,2357.666459,1776323084000
1776323086.409,286.409,0.89,137.2,0.88,10.0,0.9,57.77,0.91,9.85,0.09,4.85,0.08,10.0,0.1,12.23,0.12,6.64,0.01,0.01,2357.600497,1776323085000
1776323086.732,286.732,0.87,14.67,0.86,66.64,0.88,10.0,0.89,10.0,0.1,85.0,0.09,4.85,0.13,26.21,0.14,66.64,0.01,0.03,2357.600497,1776323085000
1776323086.956,286.956,0.87,5.64,0.86,56.64,0.88,9.88,0.89,10.0,0.12,10.0,0.11,10.0,0.13,14.67,0.14,66.64,0.01,0.01,2357.600497,1776323085000
1776323087.209,287.209,0.85,7.0,0.83,10.0,0.87,15.0,0.88,9.88,0.12,14.88,0.11,10.0,0.14,38.64,0.15,10.0,0.02,0.02,2357.566037,1776323086000
1776323087.518,287.518,0.86,10.0,0.85,17.0,0.87,11.5,0.88,9.88,0.13,7.65,0.12,9.88,0.15,7.0,0.16,16.0,0.01,0.02,2357.566037,1776323086000
1776323087.835,287.835,0.86,10.0,0.85,17.0,0.89,2.87,0.9,150.0,0.13,11.5,0.12,9.88,0.14,10.0,0.15,17.0,0.03,0.01,2357.566037,1776323086000
1776323088.718,288.718,0.89,123.64,0.88,10.0,0.9,4.44,0.92,10.0,0.11,2.87,0.1,150.0,0.14,10.0,0.15,17.0,0.01,0.03,2357.566037,1776323086000
1776323089.359,289.359,0.87,3.84,0.86,10.0,0.92,18.0,0.93,10.0,0.1,4.44,0.08,10.0,0.11,123.64,0.12,10.0,0.05,0.01,2357.106066,1776323087000
1776323089.939,289.939,0.89,10.0,0.88,10.0,0.9,4.44,0.91,10.0,0.08,18.0,0.07,10.0,0.13,3.84,0.14,10.0,0.01,0.05,2357.01435,1776323088000
1776323090.646,290.646,0.89,10.0,0.88,10.0,0.91,5.0,0.92,10.0,0.1,4.44,0.09,10.0,0.11,10.0,0.12,10.0,0.02,0.01,2357.009206,1776323089000
1776323090.958,290.958,0.9,10.0,0.89,10.0,0.91,3.9,0.92,10.0,0.09,5.0,0.08,10.0,0.11,10.0,0.12,10.0,0.01,0.02,2357.009206,1776323089000
1776323091.54,291.54,0.91,10.0,0.9,10.0,0.93,4.25,0.94,10.0,0.09,3.9,0.08,10.0,0.1,10.0,0.11,10.0,0.02,0.01,2357.02498,1776323090000
1776323092.289,292.289,0.92,10.0,0.91,20.99,0.93,7.0,0.94,10.0,0.07,4.25,0.06,10.0,0.09,10.0,0.1,10.0,0.01,0.02,2357.04258,1776323091000
1776323093.007,293.007,0.93,10.0,0.92,10.0,0.95,15.0,0.96,60.0,0.07,7.0,0.06,10.0,0.08,10.0,0.09,20.99,0.02,0.01,2357.04258,1776323091000
1776323093.428,293.428,0.94,10.0,0.93,10.0,0.95,5.0,0.96,60.0,0.05,15.0,0.04,60.0,0.07,10.0,0.08,10.0,0.01,0.02,2357.016148,1776323092000
1776323094.686,294.686,0.81,163.5,0.8,15.64,0.83,10.0,0.85,15.0,0.05,5.0,0.04,60.0,0.06,10.0,0.07,10.0,0.02,0.01,2357.015423,1776323093000
1776323094.919,294.919,0.82,4.44,0.81,113.4,0.83,15.0,0.84,10.0,0.17,5.0,0.16,10.0,0.19,163.4,0.2,15.64,0.01,0.02,2357.015423,1776323093000
1776323095.364,295.364,0.78,8.99,0.77,6.64,0.8,7.01,0.81,10.0,0.17,8.14,0.16,10.0,0.22,18.99,0.23,10.0,0.02,0.05,2357.02886,1776323094000
1776323095.594,295.594,0.79,10.0,0.78,10.0,0.8,7.01,0.81,10.0,0.2,7.01,0.19,10.0,0.22,8.99,0.23,6.64,0.01,0.02,2357.02886,1776323094000
1776323095.841,295.841,0.9,31.86,0.87,10.0,0.91,69.8,0.92,10.0,0.09,55.0,0.08,10.0,0.1,31.86,0.19,10.0,0.01,0.01,2357.02886,1776323094000
1776323096.263,296.263,0.89,15.0,0.88,10.0,0.9,3.88,0.94,10.0,0.13,28.46,0.09,64.8,0.23,10.0,0.24,20.04,0.01,0.1,2356.994818,1776323095000
1776323096.519,296.519,0.9,10.0,0.89,8.0,0.91,40.15,0.95,45.0,0.09,45.15,0.05,45.0,0.11,15.0,0.12,10.0,0.01,0.02,2356.994818,1776323095000
1776323097.391,297.391,0.9,15.0,0.89,3.0,0.97,34.66,0.98,3.28,0.09,3.82,0.05,45.0,0.1,15.0,0.11,3.0,0.07,0.01,2356.710585,1776323096000
1776323097.601,297.601,0.96,15.0,0.95,10.0,0.98,1.0,0.99,1770.02,0.01,1770.02,,,0.05,10.0,0.06,10.0,0.02,0.04,2356.710585,1776323096000
1776323097.865,297.865,0.92,10.0,0.91,10.0,0.95,10.0,0.96,10.0,0.01,1736.36,,,0.05,7.0,0.06,10.0,0.03,0.04,2356.710585,1776323096000
1776323098.213,298.213,0.87,5.0,0.86,50.0,0.91,10.0,0.92,10.0,0.1,7.76,0.09,10.0,0.12,10.0,0.13,45.0,0.04,0.02,2356.632045,1776323097000
1776323098.444,298.444,0.81,10.0,0.8,84.31,0.82,8.75,0.83,10.0,0.18,10.0,0.17,10.0,0.39,55.0,0.4,10.0,0.01,0.21,2356.632045,1776323097000
1776323098.708,298.708,0.75,10.0,0.74,50.54,0.76,3.68,0.83,10.0,0.24,13.49,0.19,15.0,0.26,40.54,0.32,10.0,0.01,0.02,2356.632045,1776323097000
1776323098.951,298.951,0.79,6.2,0.78,10.0,0.8,10.0,0.81,10.0,0.14,2.0,0.13,10.0,0.21,10.0,0.22,10.0,0.01,0.07,2356.632045,1776323097000
1776323099.225,299.225,0.76,4.61,0.75,10.0,0.78,20.41,0.8,15.0,0.2,10.0,0.19,10.0,0.24,4.61,0.25,10.0,0.02,0.04,2356.616986,1776323098000
1776323099.505,299.505,0.73,5.9,0.72,10.0,0.87,0.08,0.88,10.0,0.13,0.08,0.12,10.0,0.27,4.61,0.28,10.0,0.14,0.14,2356.616986,1776323098000
1776323099.771,299.771,0.83,6.17,0.81,15.0,0.89,0.08,0.9,10.0,0.13,0.08,0.12,10.0,0.27,5.9,0.28,10.0,0.06,0.14,2356.616986,1776323098000
1776323100.148,300.148,0.87,5.0,0.85,11.47,0.99,557.36,,,0.1,10.0,0.09,10.0,0.17,6.17,0.19,15.0,0.12,0.07,2356.562562,1776323099000
1776323100.451,300.451,0.87,10.0,0.85,11.47,0.99,35.35,,,0.01,542.36,,,0.13,10.0,0.15,11.47,0.12,0.12,2356.562562,1776323099000

# RESULT,winner=Up,slug=eth-updown-5m-1776322800,ticks=367
