timestamp,elapsed_sec,up_bid_p1,up_bid_s1,up_bid_p2,up_bid_s2,up_ask_p1,up_ask_s1,up_ask_p2,up_ask_s2,down_bid_p1,down_bid_s1,down_bid_p2,down_bid_s2,down_ask_p1,down_ask_s1,down_ask_p2,down_ask_s2,up_spread,down_spread,eth_price,eth_oracle_ts
1776238211.388,11.388,0.43,25.0,0.42,36.0,0.45,18.86,0.46,40.3,0.55,18.86,0.54,40.3,0.57,25.0,0.58,35.0,0.02,0.02,2319.3943,1776236446000
1776238211.749,11.749,0.44,25.0,0.43,25.0,0.45,13.26,0.46,32.3,0.55,18.86,0.54,40.3,0.57,25.0,0.58,35.0,0.01,0.02,2319.3943,1776236446000
1776238212.347,12.347,0.44,25.0,0.43,30.0,0.45,20.26,0.46,32.3,0.55,13.26,0.54,32.3,0.56,25.0,0.57,25.0,0.01,0.01,2319.3943,1776236446000
1776238213.176,13.176,0.43,30.0,0.42,30.0,0.45,20.49,0.46,17.3,0.55,20.26,0.54,32.3,0.56,25.0,0.57,30.0,0.02,0.01,2319.3943,1776236446000
1776238214.618,14.618,0.44,3.21,0.43,21.0,0.45,35.49,0.46,32.3,0.55,20.49,0.54,17.3,0.57,30.0,0.58,30.0,0.01,0.02,2319.3943,1776236446000
1776238215.4,15.4,0.41,13.0,0.4,7.0,0.43,40.0,0.44,20.0,0.55,35.49,0.54,32.3,0.56,2.85,0.57,21.0,0.02,0.01,2319.3943,1776236446000
1776238216.15,16.15,0.39,9.0,0.38,104.0,0.4,25.0,0.41,20.0,0.57,40.0,0.56,20.0,0.59,4.76,0.6,7.0,0.01,0.02,2319.3943,1776236446000
1776238216.874,16.874,0.39,25.0,0.38,109.0,0.4,32.47,0.41,90.0,0.6,25.0,0.59,20.0,0.61,9.0,0.62,104.0,0.01,0.01,2319.3943,1776236446000
1776238217.311,17.311,0.39,25.0,0.38,109.0,0.4,12.47,0.41,90.0,0.6,32.47,0.59,90.0,0.61,25.0,0.62,109.0,0.01,0.01,2319.3943,1776236446000
1776238217.783,17.783,0.39,25.0,0.38,109.0,0.4,12.22,0.41,90.0,0.6,12.47,0.59,90.0,0.61,25.0,0.62,109.0,0.01,0.01,2319.3943,1776236446000
1776238218.016,18.016,0.36,9.33,0.34,5.0,0.37,20.0,0.38,85.0,0.6,12.22,0.59,90.0,0.61,25.0,0.62,109.0,0.01,0.01,2319.3943,1776236446000
1776238219.088,19.088,0.33,26.04,0.32,10.0,0.34,25.0,0.35,30.0,0.65,10.0,0.64,89.48,0.66,4.9,0.67,7.0,0.01,0.01,2319.3943,1776236446000
1776238219.48,19.48,0.32,6.96,0.31,10.0,0.33,20.0,0.34,30.0,0.66,20.0,0.65,30.0,0.67,7.04,0.68,19.0,0.01,0.01,2319.3943,1776236446000
1776238220.968,20.968,0.33,5.07,0.32,25.0,0.34,15.0,0.35,10.0,0.67,20.0,0.66,30.0,0.68,6.96,0.69,10.0,0.01,0.01,2319.3943,1776236446000
1776238222.749,22.749,0.33,111.0,0.32,30.0,0.36,15.0,0.37,21.0,0.66,15.0,0.65,10.0,0.67,5.07,0.68,25.0,0.03,0.01,2319.3943,1776236446000
1776238223.658,23.658,0.35,46.0,0.34,55.0,0.36,11.84,0.37,15.0,0.64,11.84,0.63,26.0,0.65,16.0,0.66,55.0,0.01,0.01,2319.3943,1776236446000
1776238225.17,25.17,0.35,47.0,0.34,46.0,0.36,11.84,0.37,15.0,0.64,11.84,0.63,15.0,0.65,46.0,0.66,55.0,0.01,0.01,2319.3943,1776236446000
1776238225.4,25.4,0.35,50.4,0.34,41.0,0.36,11.84,0.37,15.0,0.64,11.84,0.63,15.0,0.65,47.0,0.66,46.0,0.01,0.01,2319.3943,1776236446000
1776238226.062,26.062,0.35,48.86,0.34,47.0,0.36,15.0,0.37,10.0,0.64,11.84,0.63,15.0,0.65,50.4,0.66,41.0,0.01,0.01,2319.3943,1776236446000
1776238226.36,26.36,0.35,73.86,0.34,42.0,0.37,1.86,0.38,32.0,0.64,15.0,0.63,10.0,0.65,48.86,0.66,47.0,0.02,0.01,2319.3943,1776236446000
1776238227.393,27.393,0.36,95.0,0.35,63.86,0.4,2.84,0.41,70.0,0.63,1.86,0.62,32.0,0.65,73.86,0.66,42.0,0.04,0.02,2319.3943,1776236446000
1776238228.6,28.6,0.4,48.3,0.39,36.0,0.42,33.0,0.43,16.0,0.57,53.2,0.56,10.0,0.6,3.3,0.61,10.0,0.02,0.03,2319.3943,1776236446000
1776238229.069,29.069,0.41,10.0,0.4,48.3,0.42,12.0,0.43,21.0,0.58,33.0,0.57,16.0,0.6,48.3,0.61,36.0,0.01,0.02,2319.3943,1776236446000
1776238230.936,30.936,0.4,10.0,0.39,28.0,0.41,3.38,0.42,15.0,0.58,12.0,0.57,21.0,0.59,5.0,0.6,48.3,0.01,0.01,2319.3943,1776236446000
1776238233.277,33.277,0.4,10.0,0.39,43.0,0.41,17.08,0.42,15.0,0.59,3.38,0.58,15.0,0.6,10.0,0.61,28.0,0.01,0.01,2319.3943,1776236446000
1776238233.586,33.586,0.39,38.0,0.38,26.0,0.41,27.08,0.42,15.0,0.59,17.08,0.58,15.0,0.6,5.59,0.61,43.0,0.02,0.01,2319.3943,1776236446000
1776238234.732,34.732,0.36,56.51,0.35,45.0,0.37,15.0,0.38,20.0,0.59,27.08,0.58,15.0,0.61,38.0,0.62,26.0,0.01,0.02,2319.3943,1776236446000
1776238235.204,35.204,0.36,66.51,0.35,50.0,0.37,29.29,0.38,31.0,0.63,15.0,0.62,20.0,0.64,56.51,0.65,45.0,0.01,0.01,2319.3943,1776236446000
1776238237.576,37.576,0.39,82.0,0.38,38.0,0.41,15.0,0.42,15.0,0.63,29.29,0.62,31.0,0.64,66.51,0.65,50.0,0.02,0.01,2319.3943,1776236446000
1776238238.912,38.912,0.36,59.47,0.35,20.0,0.37,76.0,0.38,31.0,0.59,15.0,0.58,15.0,0.61,82.0,0.62,38.0,0.01,0.02,2319.3943,1776236446000
1776238248.548,48.548,0.37,40.0,0.36,34.0,0.38,35.36,0.39,20.0,0.63,76.0,0.62,31.0,0.64,59.47,0.65,20.0,0.01,0.01,2319.3943,1776236446000
1776238256.361,56.361,0.42,52.0,0.41,15.0,0.43,75.97,0.44,47.2,0.62,35.36,0.61,20.0,0.63,40.0,0.64,34.0,0.01,0.01,2319.3943,1776236446000
1776238261.429,61.429,0.4,20.0,0.39,123.0,0.41,86.6,0.42,20.0,0.57,75.97,0.56,47.2,0.58,52.0,0.59,15.0,0.01,0.01,2319.3943,1776236446000
1776238262.864,62.864,0.38,17.76,0.35,5.0,0.39,123.2,0.4,15.0,0.59,86.6,0.58,20.0,0.6,20.0,0.61,123.0,0.01,0.01,2319.3943,1776236446000
1776238263.18,63.18,0.3,48.32,0.26,56.7,0.31,163.0,0.32,126.0,0.69,10.0,0.68,100.0,0.7,49.9,0.73,48.3,0.01,0.01,2319.3943,1776236446000
1776238263.548,63.548,0.29,4.75,0.24,98.7,0.31,151.0,0.32,121.0,0.69,136.0,0.68,126.0,0.7,28.32,0.74,26.7,0.02,0.01,2319.3943,1776236446000
1776238263.754,63.754,0.29,3.16,0.28,65.0,0.31,12.0,0.34,65.0,0.69,12.0,0.67,5.0,0.71,3.16,0.72,35.0,0.02,0.02,2319.3943,1776236446000
1776238264.008,64.008,0.36,9.0,0.35,80.0,0.38,9.9,0.39,15.0,0.62,10.0,0.61,50.79,0.64,22.88,0.65,94.28,0.02,0.02,2319.3943,1776236446000
1776238264.273,64.273,0.37,9.0,0.36,29.0,0.39,15.0,0.4,23.0,0.61,32.0,0.6,23.0,0.64,19.0,0.65,80.0,0.02,0.03,2319.3943,1776236446000
1776238264.516,64.516,0.36,29.0,0.35,85.0,0.38,21.9,0.39,20.0,0.61,15.0,0.6,23.0,0.63,9.0,0.64,29.0,0.02,0.02,2319.3943,1776236446000
1776238264.922,64.922,0.35,94.43,0.34,51.9,0.36,15.0,0.37,48.0,0.62,21.9,0.61,20.0,0.64,29.0,0.65,85.0,0.01,0.02,2319.3943,1776236446000
1776238265.436,65.436,0.35,107.38,0.34,56.9,0.37,30.47,0.38,25.0,0.64,6.77,0.63,48.0,0.65,102.38,0.66,51.9,0.02,0.01,2319.3943,1776236446000
1776238265.989,65.989,0.35,67.9,0.34,56.9,0.36,4.86,0.37,30.47,0.64,4.86,0.63,30.47,0.65,72.38,0.66,56.9,0.01,0.01,2319.3943,1776236446000
1776238266.231,66.231,0.35,0.44,0.34,59.9,0.36,14.86,0.37,30.47,0.64,4.86,0.63,30.47,0.65,67.9,0.66,56.9,0.01,0.01,2319.3943,1776236446000
1776238267.927,67.927,0.34,98.44,0.33,28.0,0.35,4.28,0.36,4.86,0.65,20.56,0.64,4.86,0.66,52.44,0.68,15.0,0.01,0.01,2319.3943,1776236446000
1776238268.186,68.186,0.34,23.44,0.33,28.0,0.35,47.28,0.36,4.86,0.65,4.28,0.64,4.86,0.66,98.44,0.67,28.0,0.01,0.01,2319.3943,1776236446000
1776238269.967,69.967,0.34,37.48,0.33,28.0,0.35,19.28,0.36,4.86,0.65,47.28,0.64,4.86,0.66,23.44,0.67,28.0,0.01,0.01,2319.3943,1776236446000
1776238271.731,71.731,0.34,18.95,0.33,95.0,0.35,21.28,0.36,9.86,0.65,19.28,0.64,4.86,0.66,37.48,0.67,28.0,0.01,0.01,2319.3943,1776236446000
1776238272.035,72.035,0.34,21.75,0.33,95.0,0.35,31.28,0.36,9.86,0.65,21.28,0.64,9.86,0.66,18.95,0.67,95.0,0.01,0.01,2319.3943,1776236446000
1776238273.118,73.118,0.28,14.44,0.27,81.0,0.29,20.0,0.3,27.0,0.65,31.28,0.64,9.86,0.66,21.75,0.67,95.0,0.01,0.01,2319.3943,1776236446000
1776238274.474,74.474,0.28,101.44,0.27,15.0,0.32,5.0,0.33,21.0,0.71,15.0,0.7,33.0,0.72,5.44,0.73,70.0,0.04,0.01,2319.3943,1776236446000
1776238274.692,74.692,0.29,8.59,0.28,68.44,0.32,4.68,0.33,21.0,0.68,4.68,0.67,21.0,0.71,26.0,0.72,142.44,0.03,0.03,2319.3943,1776236446000
1776238274.939,74.939,0.33,17.0,0.32,88.0,0.36,4.86,0.37,10.0,0.68,4.68,0.67,21.0,0.71,8.59,0.72,68.44,0.03,0.03,2319.3943,1776236446000
1776238275.286,75.286,0.37,10.0,0.36,21.0,0.39,2.43,0.4,6.0,0.64,4.86,0.63,10.0,0.67,17.0,0.68,88.0,0.02,0.03,2319.3943,1776236446000
1776238275.681,75.681,0.37,29.0,0.36,11.0,0.42,86.0,0.43,15.0,0.6,5.43,0.59,10.0,0.63,16.0,0.64,21.0,0.05,0.03,2319.3943,1776236446000
1776238276.002,76.002,0.35,11.0,0.34,11.0,0.38,53.0,0.39,21.0,0.58,86.0,0.57,15.0,0.63,29.0,0.64,11.0,0.03,0.05,2319.3943,1776236446000
1776238276.292,76.292,0.35,8.0,0.34,11.0,0.36,15.0,0.37,15.0,0.62,53.0,0.61,21.0,0.65,11.0,0.66,11.0,0.01,0.03,2319.3943,1776236446000
1776238277.108,77.108,0.35,32.96,0.34,16.0,0.36,17.22,0.37,26.0,0.64,15.0,0.63,15.0,0.65,4.96,0.66,11.0,0.01,0.01,2319.3943,1776236446000
1776238278.329,78.329,0.35,41.57,0.34,16.0,0.36,12.22,0.37,26.0,0.64,17.22,0.63,26.0,0.65,32.96,0.66,16.0,0.01,0.01,2319.3943,1776236446000
1776238278.903,78.903,0.34,11.0,0.33,7.0,0.36,55.22,0.37,32.0,0.64,12.22,0.63,26.0,0.65,41.57,0.66,16.0,0.02,0.01,2319.3943,1776236446000
1776238280.637,80.637,0.35,6.0,0.34,38.0,0.39,10.0,0.4,15.0,0.65,6.0,0.64,17.22,0.66,11.0,0.67,7.0,0.04,0.01,2319.3943,1776236446000
1776238280.944,80.944,0.38,36.0,0.37,26.0,0.4,13.53,0.41,15.0,0.61,6.03,0.6,15.0,0.62,21.0,0.63,31.0,0.02,0.01,2319.3943,1776236446000
1776238281.687,81.687,0.37,8.96,0.36,96.0,0.39,10.0,0.4,18.53,0.6,13.53,0.59,15.0,0.62,36.0,0.63,26.0,0.02,0.02,2319.3943,1776236446000
1776238282.517,82.517,0.38,10.0,0.37,13.96,0.4,12.8,0.41,15.0,0.6,18.3,0.59,15.0,0.63,8.96,0.64,96.0,0.02,0.03,2319.3943,1776236446000
1776238283.003,83.003,0.38,15.0,0.37,13.96,0.39,4.97,0.4,12.8,0.6,12.8,0.59,15.0,0.62,10.0,0.63,13.96,0.01,0.02,2319.3943,1776236446000
1776238283.306,83.306,0.38,5.0,0.37,10.0,0.39,37.91,0.4,10.0,0.61,4.97,0.6,12.8,0.62,15.0,0.63,13.96,0.01,0.01,2319.3943,1776236446000
1776238286.298,86.298,0.37,101.0,0.36,172.0,0.46,153.74,0.47,88.0,0.61,42.91,0.6,10.0,0.63,10.0,0.64,96.0,0.09,0.02,2319.3943,1776236446000
1776238288.424,88.424,0.45,57.9,0.44,20.0,0.46,162.97,0.47,108.0,0.54,152.97,0.53,98.0,0.55,10.0,0.62,10.0,0.01,0.01,2319.3943,1776236446000
1776238288.758,88.758,0.45,44.61,0.44,20.0,0.46,97.97,0.47,33.0,0.54,162.97,0.53,108.0,0.55,39.71,0.56,20.0,0.01,0.01,2319.3943,1776236446000
1776238290.759,90.759,0.45,22.0,0.44,15.0,0.46,42.53,0.47,15.0,0.54,102.97,0.53,33.0,0.55,33.61,0.56,20.0,0.01,0.01,2319.3943,1776236446000
1776238291.135,91.135,0.45,12.0,0.44,5.0,0.46,53.33,0.47,15.0,0.54,22.33,0.53,15.0,0.55,17.0,0.56,5.0,0.01,0.01,2319.3943,1776236446000
1776238292.051,92.051,0.45,7.0,0.44,20.0,0.46,30.17,0.47,15.0,0.54,53.33,0.53,15.0,0.55,12.0,0.56,5.0,0.01,0.01,2319.3943,1776236446000
1776238292.443,92.443,0.45,22.0,0.44,15.0,0.46,18.26,0.47,62.99,0.54,30.17,0.53,15.0,0.55,7.0,0.56,20.0,0.01,0.01,2319.3943,1776236446000
1776238293.225,93.225,0.46,26.0,0.45,27.0,0.48,15.0,0.49,76.44,0.54,18.26,0.53,62.99,0.55,22.0,0.56,15.0,0.02,0.01,2319.3943,1776236446000
1776238294.352,94.352,0.47,6.0,0.46,26.0,0.48,37.48,0.49,76.44,0.52,15.0,0.51,76.44,0.54,26.0,0.55,27.0,0.01,0.02,2319.3943,1776236446000
1776238294.653,94.653,0.44,10.0,0.43,15.0,0.46,17.26,0.47,15.0,0.52,72.83,0.51,34.0,0.53,6.0,0.54,16.0,0.02,0.01,2319.3943,1776236446000
1776238295.082,95.082,0.41,62.7,0.4,22.0,0.42,15.0,0.43,20.0,0.54,17.26,0.53,15.0,0.56,10.0,0.57,15.0,0.01,0.02,2319.3943,1776236446000
1776238295.816,95.816,0.41,62.7,0.4,17.0,0.42,36.04,0.43,20.0,0.58,15.0,0.57,20.0,0.59,62.7,0.6,22.0,0.01,0.01,2319.3943,1776236446000
1776238298.358,98.358,0.41,77.7,0.4,27.0,0.43,18.13,0.44,20.0,0.58,36.04,0.57,20.0,0.59,62.7,0.6,17.0,0.02,0.01,2319.3943,1776236446000
1776238299.369,99.369,0.42,36.0,0.41,77.7,0.43,21.0,0.44,15.0,0.57,18.13,0.56,20.0,0.59,77.7,0.6,27.0,0.01,0.02,2319.3943,1776236446000
1776238302.795,102.795,0.36,71.8,0.35,51.29,0.38,31.0,0.39,26.0,0.57,21.0,0.56,15.0,0.58,36.0,0.59,77.7,0.02,0.01,2319.3943,1776236446000
1776238305.611,105.611,0.37,13.41,0.36,81.8,0.38,56.0,0.39,36.0,0.62,31.0,0.61,26.0,0.64,71.8,0.65,51.29,0.01,0.02,2319.3943,1776236446000
1776238307.747,107.747,0.37,32.0,0.36,20.0,0.38,13.1,0.39,26.0,0.62,56.0,0.61,36.0,0.63,13.41,0.64,81.8,0.01,0.01,2319.3943,1776236446000
1776238308.085,108.085,0.37,27.0,0.36,20.0,0.39,0.35,0.4,31.0,0.62,13.1,0.61,26.0,0.63,32.0,0.64,20.0,0.02,0.01,2319.3943,1776236446000
1776238309.109,109.109,0.38,7.0,0.37,27.0,0.39,38.78,0.4,31.0,0.61,0.35,0.6,31.0,0.63,27.0,0.64,20.0,0.01,0.02,2319.3943,1776236446000
1776238311.949,111.949,0.36,28.92,0.35,34.29,0.37,46.0,0.38,10.0,0.61,38.78,0.6,31.0,0.62,7.0,0.63,27.0,0.01,0.01,2319.3943,1776236446000
1776238312.477,112.477,0.31,70.0,0.3,21.0,0.36,172.0,0.37,157.08,0.63,46.0,0.62,10.0,0.64,28.92,0.65,34.29,0.05,0.01,2319.3943,1776236446000
1776238312.928,112.928,0.31,58.16,0.3,26.0,0.32,98.0,0.33,26.0,0.68,15.0,0.67,10.0,0.69,60.16,0.7,21.0,0.01,0.01,2319.3943,1776236446000
1776238313.682,113.682,0.31,75.16,0.3,36.0,0.32,24.34,0.33,21.0,0.68,98.0,0.67,26.0,0.69,58.16,0.7,26.0,0.01,0.01,2319.3943,1776236446000
1776238314.218,114.218,0.31,95.26,0.3,36.0,0.32,11.21,0.33,21.0,0.68,24.34,0.67,21.0,0.69,75.16,0.7,36.0,0.01,0.01,2319.3943,1776236446000
1776238315.609,115.609,0.31,112.76,0.3,20.0,0.32,11.21,0.33,39.34,0.68,11.21,0.67,21.0,0.69,95.26,0.7,36.0,0.01,0.01,2319.3943,1776236446000
1776238317.618,117.618,0.31,107.61,0.3,20.0,0.32,11.21,0.33,11.0,0.68,11.21,0.67,39.34,0.69,112.76,0.7,20.0,0.01,0.01,2319.3943,1776236446000
1776238319.278,119.278,0.31,70.36,0.3,20.0,0.32,8.08,0.33,21.0,0.68,8.08,0.67,11.0,0.69,107.61,0.7,20.0,0.01,0.01,2319.3943,1776236446000
1776238320.767,120.767,0.31,6.0,0.3,22.0,0.32,84.08,0.33,21.0,0.68,8.08,0.67,21.0,0.69,70.36,0.7,20.0,0.01,0.01,2319.3943,1776236446000
1776238323.013,123.013,0.3,30.42,0.29,27.0,0.31,69.0,0.32,15.0,0.68,84.08,0.67,21.0,0.7,16.0,0.71,5.0,0.01,0.02,2319.3943,1776236446000
1776238323.713,123.713,0.3,17.46,0.29,22.0,0.31,69.0,0.32,51.0,0.69,74.0,0.68,10.0,0.7,19.84,0.71,22.0,0.01,0.01,2319.3943,1776236446000
1776238324.681,124.681,0.3,3.9,0.29,22.0,0.31,94.0,0.32,56.0,0.69,69.0,0.68,51.0,0.7,10.1,0.71,22.0,0.01,0.01,2319.3943,1776236446000
1776238325.381,125.381,0.29,2.8,0.28,22.44,0.3,94.0,0.31,30.0,0.69,94.0,0.68,56.0,0.7,3.9,0.71,22.0,0.01,0.01,2319.3943,1776236446000
1776238325.929,125.929,0.28,15.44,0.27,23.0,0.29,94.0,0.3,25.0,0.7,89.0,0.69,35.0,0.71,0.43,0.72,22.44,0.01,0.01,2319.3943,1776236446000
1776238327.501,127.501,0.27,32.0,0.26,28.0,0.28,108.25,0.29,25.0,0.71,94.0,0.7,25.0,0.72,15.44,0.73,23.0,0.01,0.01,2319.3943,1776236446000
1776238329.241,129.241,0.27,22.0,0.26,23.0,0.28,82.72,0.29,36.0,0.72,108.25,0.71,25.0,0.73,32.0,0.74,28.0,0.01,0.01,2319.3943,1776236446000
1776238329.551,129.551,0.25,10.7,0.24,150.0,0.27,15.0,0.28,78.0,0.72,72.0,0.71,36.0,0.73,6.16,0.74,23.0,0.02,0.01,2319.3943,1776236446000
1776238329.965,129.965,0.24,49.0,0.23,104.0,0.25,118.0,0.26,57.0,0.73,15.0,0.72,78.0,0.75,10.7,0.76,150.0,0.01,0.02,2319.3943,1776236446000
1776238330.775,130.775,0.31,15.0,0.3,10.0,0.32,7.22,0.33,26.0,0.75,118.0,0.74,57.0,0.76,49.0,0.77,104.0,0.01,0.01,2319.3943,1776236446000
1776238331.617,131.617,0.31,12.2,0.3,36.0,0.32,20.0,0.33,107.66,0.67,9.88,0.66,23.0,0.69,8.65,0.7,17.0,0.01,0.02,2319.3943,1776236446000
1776238333.02,133.02,0.3,46.0,0.29,30.0,0.32,19.0,0.33,107.66,0.68,20.0,0.67,107.66,0.69,12.2,0.7,36.0,0.02,0.01,2319.3943,1776236446000
1776238333.731,133.731,0.33,22.0,0.32,162.0,0.34,7.0,0.36,6.0,0.68,19.0,0.67,107.66,0.69,22.03,0.7,42.0,0.01,0.01,2319.3943,1776236446000
1776238334.822,134.822,0.33,81.0,0.32,190.0,0.34,0.59,0.35,5.0,0.66,7.0,0.64,6.0,0.67,27.0,0.68,162.0,0.01,0.01,2319.3943,1776236446000
1776238336.135,136.135,0.34,14.31,0.33,57.0,0.35,47.02,0.36,16.0,0.65,0.57,0.64,15.0,0.67,81.0,0.68,190.0,0.01,0.02,2319.3943,1776236446000
1776238336.646,136.646,0.34,29.96,0.33,57.0,0.35,53.02,0.36,10.0,0.65,47.02,0.64,16.0,0.66,14.31,0.67,57.0,0.01,0.01,2319.3943,1776236446000
1776238338.694,138.694,0.33,5.0,0.32,15.0,0.35,129.02,0.36,90.0,0.65,53.02,0.64,10.0,0.66,29.96,0.67,57.0,0.02,0.01,2319.3943,1776236446000
1776238339.103,139.103,0.32,15.0,0.31,15.0,0.33,51.84,0.34,26.0,0.67,6.0,0.66,27.0,0.68,15.0,0.69,15.0,0.01,0.01,2319.3943,1776236446000
1776238339.425,139.425,0.39,10.0,0.38,10.0,0.41,17.21,0.42,29.8,0.67,51.84,0.66,26.0,0.68,15.0,0.69,15.0,0.02,0.01,2319.3943,1776236446000
1776238340.669,140.669,0.39,16.77,0.38,15.0,0.4,13.0,0.41,5.0,0.59,17.21,0.58,29.8,0.61,10.0,0.62,10.0,0.01,0.02,2319.3943,1776236446000
1776238341.3,141.3,0.41,9.0,0.4,10.0,0.42,11.0,0.43,15.0,0.6,13.0,0.59,5.0,0.61,16.77,0.62,15.0,0.01,0.01,2319.3943,1776236446000
1776238346.327,146.327,0.4,4.91,0.39,1.77,0.42,78.0,0.43,26.0,0.58,11.0,0.57,15.0,0.59,9.0,0.6,10.0,0.02,0.01,2319.3943,1776236446000
1776238348.527,148.527,0.45,20.0,0.44,30.0,0.46,8.3,0.47,5.0,0.58,78.0,0.57,26.0,0.6,4.91,0.61,1.77,0.01,0.02,2319.3943,1776236446000
1776238349.385,149.385,0.44,14.64,0.43,25.0,0.46,30.0,0.47,91.0,0.54,8.3,0.53,5.0,0.55,20.0,0.56,30.0,0.02,0.01,2319.3943,1776236446000
1776238351.535,151.535,0.43,24.47,0.42,20.0,0.45,25.0,0.46,112.76,0.54,30.0,0.53,91.0,0.56,14.64,0.57,25.0,0.02,0.02,2319.3943,1776236446000
1776238351.996,151.996,0.38,5.0,0.37,5.0,0.41,5.0,0.42,103.0,0.55,25.0,0.54,112.76,0.57,24.47,0.58,20.0,0.03,0.02,2319.3943,1776236446000
1776238352.462,152.462,0.32,1.37,0.31,15.0,0.33,84.0,0.34,20.0,0.59,5.0,0.58,103.0,0.62,5.0,0.63,5.0,0.01,0.03,2319.3943,1776236446000
1776238354.251,154.251,0.29,64.55,0.28,70.0,0.3,15.0,0.31,20.0,0.67,84.0,0.66,20.0,0.68,1.37,0.69,15.0,0.01,0.01,2319.3943,1776236446000
1776238354.533,154.533,0.29,55.55,0.27,22.35,0.3,25.0,0.31,25.0,0.7,15.0,0.69,20.0,0.71,64.55,0.72,70.0,0.01,0.01,2319.3943,1776236446000
1776238354.99,154.99,0.29,6.55,0.27,14.35,0.3,35.0,0.31,25.0,0.7,25.0,0.69,25.0,0.71,55.55,0.73,22.35,0.01,0.01,2319.3943,1776236446000
1776238357.05,157.05,0.3,141.0,0.29,86.55,0.32,50.0,0.33,15.0,0.7,35.0,0.69,25.0,0.71,6.55,0.73,14.35,0.02,0.01,2319.3943,1776236446000
1776238358.552,158.552,0.36,30.0,0.35,15.0,0.37,0.56,0.39,21.0,0.68,50.0,0.67,15.0,0.7,141.0,0.71,86.55,0.01,0.02,2319.3943,1776236446000
1776238361.249,161.249,0.3,5.0,0.27,22.35,0.38,132.0,0.39,15.0,0.63,0.56,0.61,21.0,0.64,30.0,0.65,15.0,0.08,0.01,2319.3943,1776236446000
1776238361.466,161.466,0.27,15.85,0.23,30.3,0.32,70.0,0.35,4.83,0.68,70.0,0.65,4.83,0.73,15.95,0.77,30.3,0.05,0.05,2319.3943,1776236446000
1776238362.895,162.895,0.27,140.82,0.26,18.0,0.28,10.0,0.29,15.0,0.68,70.0,0.65,4.83,0.73,15.85,0.77,30.3,0.01,0.05,2319.3943,1776236446000
1776238364.08,164.08,0.27,85.63,0.26,18.0,0.28,20.0,0.29,15.0,0.72,10.0,0.71,15.0,0.73,128.58,0.74,18.0,0.01,0.01,2319.3943,1776236446000
1776238367.758,167.758,0.25,11.11,0.24,31.0,0.28,65.0,0.29,15.0,0.72,20.0,0.71,15.0,0.73,85.63,0.74,18.0,0.03,0.01,2319.3943,1776236446000
1776238369.922,169.922,0.25,18.66,0.24,38.0,0.26,25.0,0.27,15.0,0.72,65.0,0.71,15.0,0.75,11.11,0.76,31.0,0.01,0.03,2319.3943,1776236446000
1776238370.626,170.626,0.25,18.33,0.24,38.0,0.26,46.0,0.27,15.0,0.74,30.0,0.73,15.0,0.75,17.3,0.76,38.0,0.01,0.01,2319.3943,1776236446000
1776238371.932,171.932,0.23,56.0,0.22,70.0,0.24,14.0,0.25,10.0,0.74,46.0,0.73,15.0,0.75,18.33,0.76,38.0,0.01,0.01,2319.3943,1776236446000
1776238372.298,172.298,0.18,60.0,0.17,45.74,0.2,135.25,0.21,83.0,0.79,58.0,0.78,10.0,0.81,9.46,0.82,94.4,0.02,0.02,2319.3943,1776236446000
1776238372.512,172.512,0.18,68.68,0.17,59.74,0.19,79.0,0.2,84.0,0.81,77.0,0.8,73.0,0.82,69.9,0.83,59.74,0.01,0.01,2319.3943,1776236446000
1776238372.91,172.91,0.18,65.63,0.17,32.24,0.19,84.0,0.2,84.0,0.81,79.0,0.8,84.0,0.82,68.68,0.83,59.74,0.01,0.01,2319.3943,1776236446000
1776238373.529,173.529,0.18,55.63,0.17,32.24,0.19,43.0,0.2,48.0,0.81,84.0,0.8,84.0,0.82,65.63,0.83,32.24,0.01,0.01,2319.3943,1776236446000
1776238374.081,174.081,0.18,53.0,0.17,32.24,0.19,43.0,0.2,48.0,0.81,43.0,0.8,48.0,0.82,55.63,0.83,32.24,0.01,0.01,2319.3943,1776236446000
1776238374.551,174.551,0.18,39.78,0.17,16.24,0.19,43.0,0.2,43.0,0.81,48.0,0.8,48.0,0.82,51.78,0.83,32.24,0.01,0.01,2319.3943,1776236446000
1776238374.929,174.929,0.18,31.27,0.17,16.24,0.19,48.0,0.2,43.0,0.81,43.0,0.8,43.0,0.82,33.68,0.83,16.24,0.01,0.01,2319.3943,1776236446000
1776238376.216,176.216,0.18,25.17,0.17,16.24,0.19,31.0,0.2,31.0,0.81,48.0,0.8,43.0,0.82,31.27,0.83,16.24,0.01,0.01,2319.3943,1776236446000
1776238377.542,177.542,0.18,30.17,0.17,16.24,0.19,44.73,0.2,31.0,0.81,31.0,0.8,31.0,0.82,25.17,0.83,16.24,0.01,0.01,2319.3943,1776236446000
1776238378.297,178.297,0.19,70.0,0.18,155.17,0.2,10.0,0.21,25.0,0.81,44.73,0.8,31.0,0.82,30.17,0.83,16.24,0.01,0.01,2319.3943,1776236446000
1776238378.581,178.581,0.19,65.0,0.18,155.17,0.2,4.75,0.21,25.0,0.8,10.0,0.79,25.0,0.81,70.0,0.82,155.17,0.01,0.01,2319.3943,1776236446000
1776238379.099,179.099,0.22,40.0,0.21,15.0,0.23,22.3,0.24,10.0,0.8,4.75,0.79,25.0,0.81,65.0,0.82,155.17,0.01,0.01,2319.3943,1776236446000
1776238382.076,182.076,0.23,130.0,0.22,90.0,0.27,15.56,0.29,15.0,0.77,22.3,0.76,10.0,0.78,40.0,0.79,15.0,0.04,0.01,2319.3943,1776236446000
1776238382.278,182.278,0.23,125.0,0.22,70.0,0.29,15.0,0.3,10.0,0.73,15.56,0.71,15.0,0.77,125.0,0.78,70.0,0.06,0.04,2319.3943,1776236446000
1776238382.59,182.59,0.23,20.0,0.22,70.0,0.26,4.65,0.27,5.0,0.73,5.0,0.71,15.0,0.77,123.7,0.78,70.0,0.03,0.04,2319.3943,1776236446000
1776238383.254,183.254,0.24,5.0,0.23,15.0,0.26,2.41,0.27,5.0,0.73,3.8,0.71,25.0,0.76,10.0,0.77,15.0,0.02,0.03,2319.3943,1776236446000
1776238385.006,185.006,0.24,10.0,0.23,5.0,0.25,15.0,0.26,15.0,0.74,2.41,0.73,5.0,0.76,5.0,0.77,15.0,0.01,0.02,2319.3943,1776236446000
1776238385.89,185.89,0.24,18.68,0.23,5.0,0.25,1.56,0.26,15.0,0.75,15.0,0.74,15.0,0.76,8.68,0.77,5.0,0.01,0.01,2319.3943,1776236446000
1776238387.643,187.643,0.23,28.5,0.22,15.0,0.24,43.31,0.25,15.0,0.75,15.0,0.74,15.0,0.76,9.68,0.77,10.0,0.01,0.01,2319.3943,1776236446000
1776238389.905,189.905,0.23,32.24,0.22,15.0,0.25,29.95,0.26,15.0,0.76,43.31,0.75,15.0,0.77,28.5,0.78,15.0,0.02,0.01,2319.3943,1776236446000
1776238390.559,190.559,0.23,25.74,0.22,15.0,0.24,29.88,0.25,15.0,0.75,29.95,0.74,15.0,0.77,32.24,0.78,15.0,0.01,0.02,2319.3943,1776236446000
1776238390.897,190.897,0.23,25.0,0.22,20.0,0.24,15.88,0.26,10.0,0.76,29.88,0.75,15.0,0.77,25.74,0.78,15.0,0.01,0.01,2319.3943,1776236446000
1776238391.124,191.124,0.26,17.97,0.25,10.0,0.28,6.32,0.29,10.0,0.72,1.32,0.71,10.0,0.77,25.0,0.78,42.0,0.02,0.05,2319.3943,1776236446000
1776238391.733,191.733,0.27,18.63,0.26,82.97,0.28,5.0,0.29,50.56,0.72,6.32,0.71,10.0,0.74,17.97,0.75,10.0,0.01,0.02,2319.3943,1776236446000
1776238392.249,192.249,0.27,27.17,0.26,82.97,0.29,50.56,0.3,15.0,0.72,5.0,0.71,50.56,0.73,18.63,0.74,82.97,0.02,0.01,2319.3943,1776236446000
1776238392.511,192.511,0.27,18.3,0.26,82.97,0.28,5.0,0.29,50.56,0.71,50.56,0.7,15.0,0.73,19.81,0.74,82.97,0.01,0.02,2319.3943,1776236446000
1776238392.717,192.717,0.27,21.8,0.26,82.97,0.28,7.51,0.29,20.0,0.72,7.51,0.71,20.0,0.73,28.3,0.74,82.97,0.01,0.01,2319.3943,1776236446000
1776238392.944,192.944,0.27,10.82,0.26,82.97,0.28,50.99,0.29,30.0,0.72,7.51,0.71,35.0,0.73,25.29,0.74,82.97,0.01,0.01,2319.3943,1776236446000
1776238393.177,193.177,0.26,113.8,0.25,20.0,0.28,89.6,0.29,30.0,0.72,99.6,0.71,30.0,0.74,103.29,0.75,20.0,0.02,0.02,2319.3943,1776236446000
1776238393.845,193.845,0.26,52.17,0.25,10.0,0.28,5.0,0.3,10.0,0.72,15.51,0.71,15.0,0.74,128.8,0.75,20.0,0.02,0.02,2319.3943,1776236446000
1776238394.045,194.045,0.28,20.0,0.27,10.0,0.3,10.0,0.31,16.87,0.7,10.0,0.69,16.87,0.73,15.0,0.74,52.17,0.02,0.03,2319.3943,1776236446000
1776238394.301,194.301,0.28,9.99,0.27,10.0,0.3,10.0,0.31,16.87,0.7,10.0,0.69,16.87,0.72,20.0,0.73,10.0,0.02,0.02,2319.3943,1776236446000
1776238394.946,194.946,0.28,108.43,0.27,10.0,0.3,111.15,0.31,15.0,0.7,10.0,0.69,16.87,0.72,9.99,0.73,10.0,0.02,0.02,2319.3943,1776236446000
1776238395.332,195.332,0.28,93.01,0.27,80.0,0.29,10.0,0.3,113.02,0.7,111.15,0.69,15.0,0.72,108.43,0.73,10.0,0.01,0.02,2319.3943,1776236446000
1776238395.854,195.854,0.27,25.31,0.26,18.7,0.29,20.0,0.3,113.02,0.71,10.0,0.7,113.02,0.72,93.01,0.73,80.0,0.02,0.01,2319.3943,1776236446000
1776238397.078,197.078,0.27,5.03,0.25,10.0,0.28,163.83,0.29,15.0,0.71,20.0,0.7,113.02,0.73,23.94,0.74,18.7,0.01,0.02,2319.3943,1776236446000
1776238397.84,197.84,0.24,70.0,0.23,5.0,0.28,193.83,0.29,20.0,0.72,163.83,0.71,15.0,0.73,5.03,0.75,10.0,0.04,0.01,2319.3943,1776236446000
1776238398.245,198.245,0.24,68.68,0.23,5.0,0.27,10.0,0.28,137.83,0.72,213.83,0.71,20.0,0.76,70.0,0.77,5.0,0.03,0.04,2319.3943,1776236446000
1776238398.914,198.914,0.24,67.36,0.23,10.0,0.25,24.0,0.26,24.0,0.73,10.0,0.72,137.83,0.76,68.68,0.77,5.0,0.01,0.03,2319.3943,1776236446000
1776238399.831,199.831,0.22,5.0,0.21,41.7,0.23,42.0,0.24,142.0,0.75,24.0,0.74,24.0,0.76,67.36,0.77,10.0,0.01,0.01,2319.3943,1776236446000
1776238400.632,200.632,0.22,13.71,0.21,53.7,0.23,66.0,0.24,107.0,0.77,42.0,0.76,142.0,0.78,5.0,0.79,41.7,0.01,0.01,2319.3943,1776236446000
1776238401.347,201.347,0.22,11.21,0.21,31.7,0.23,66.0,0.24,55.95,0.77,66.0,0.76,107.0,0.78,13.71,0.79,53.7,0.01,0.01,2319.3943,1776236446000
1776238402.74,202.74,0.21,21.7,0.2,27.5,0.23,65.0,0.24,39.95,0.77,66.0,0.76,55.95,0.78,11.21,0.79,31.7,0.02,0.01,2319.3943,1776236446000
1776238404.298,204.298,0.2,4.1,0.17,6.24,0.21,60.0,0.22,50.0,0.77,65.0,0.76,39.95,0.79,21.7,0.8,27.5,0.01,0.02,2319.3943,1776236446000
1776238404.744,204.744,0.12,5.0,0.11,92.0,0.16,15.0,0.2,12.5,0.84,15.0,0.79,60.0,0.87,4.17,0.88,15.0,0.04,0.03,2319.3943,1776236446000
1776238405.171,205.171,0.11,75.73,0.1,135.0,0.12,5.0,0.13,30.0,0.84,15.0,0.8,12.5,0.88,5.0,0.89,92.0,0.01,0.04,2319.3943,1776236446000
1776238405.67,205.67,0.11,75.73,0.1,120.0,0.12,15.0,0.13,30.0,0.88,5.0,0.87,30.0,0.89,75.73,0.9,135.0,0.01,0.01,2319.3943,1776236446000
1776238406.133,206.133,0.11,13.73,0.1,120.0,0.12,5.0,0.13,40.0,0.88,15.0,0.87,30.0,0.89,75.73,0.9,120.0,0.01,0.01,2319.3943,1776236446000
1776238406.995,206.995,0.09,54.0,0.08,58.9,0.1,20.0,0.12,24.0,0.88,5.0,0.87,40.0,0.89,13.73,0.9,120.0,0.01,0.01,2319.3943,1776236446000
1776238407.319,207.319,0.09,24.0,0.08,63.9,0.1,20.0,0.11,20.0,0.9,20.0,0.89,10.0,0.91,49.0,0.92,63.9,0.01,0.01,2319.3943,1776236446000
1776238407.581,207.581,0.09,44.12,0.08,63.9,0.1,45.0,0.11,76.83,0.9,20.0,0.89,20.0,0.91,24.0,0.92,63.9,0.01,0.01,2319.3943,1776236446000
1776238408.089,208.089,0.09,45.84,0.08,63.9,0.1,55.0,0.11,25.0,0.9,45.0,0.89,76.83,0.91,44.12,0.92,63.9,0.01,0.01,2319.3943,1776236446000
1776238408.429,208.429,0.08,5.86,0.07,10.0,0.1,47.01,0.11,25.0,0.9,40.01,0.89,25.0,0.91,13.86,0.92,10.0,0.02,0.01,2319.3943,1776236446000
1776238408.843,208.843,0.08,11.16,0.07,7.17,0.09,15.0,0.1,163.28,0.91,10.0,0.9,163.28,0.92,8.34,0.93,7.17,0.01,0.01,2319.3943,1776236446000
1776238409.319,209.319,0.08,34.68,0.07,7.17,0.09,25.0,0.1,30.01,0.91,15.0,0.9,163.28,0.92,11.16,0.93,7.17,0.01,0.01,2319.3943,1776236446000
1776238409.579,209.579,0.08,33.59,0.07,7.17,0.09,20.0,0.1,30.01,0.91,25.0,0.9,30.01,0.92,34.68,0.93,7.17,0.01,0.01,2319.3943,1776236446000
1776238410.911,210.911,0.08,8.34,0.07,65.17,0.09,33.45,0.1,35.01,0.91,20.0,0.9,30.01,0.92,33.59,0.93,7.17,0.01,0.01,2319.3943,1776236446000
1776238411.587,211.587,0.08,8.34,0.07,7.17,0.09,18.88,0.1,40.01,0.91,33.45,0.9,35.01,0.92,8.34,0.93,65.17,0.01,0.01,2319.3943,1776236446000
1776238412.128,212.128,0.08,2.9,0.07,7.17,0.09,18.88,0.1,40.01,0.91,18.88,0.9,40.01,0.92,8.34,0.93,7.17,0.01,0.01,2319.3943,1776236446000
1776238412.992,212.992,0.08,2.9,0.07,7.17,0.09,27.62,0.1,45.01,0.91,18.88,0.9,40.01,0.92,2.9,0.93,7.17,0.01,0.01,2319.3943,1776236446000
1776238413.484,213.484,0.08,1.75,0.07,27.17,0.09,12.62,0.1,30.01,0.91,27.62,0.9,45.01,0.92,2.9,0.93,7.17,0.01,0.01,2319.3943,1776236446000
1776238413.941,213.941,0.09,10.0,0.08,14.75,0.1,20.01,0.11,10.0,0.9,30.01,0.88,10.0,0.92,76.75,0.93,12.17,0.01,0.02,2319.3943,1776236446000
1776238414.246,214.246,0.04,18.68,0.03,429.7,0.1,30.01,0.11,10.0,0.9,20.01,0.89,10.0,0.91,79.0,0.92,14.75,0.06,0.01,2319.3943,1776236446000
1776238414.859,214.859,0.08,219.86,0.06,93.33,0.09,25.0,0.1,39.01,0.9,25.01,0.89,10.0,0.95,80.0,0.96,18.68,0.01,0.05,2319.3943,1776236446000
1776238415.146,215.146,0.09,6.0,0.08,214.86,0.1,34.01,0.11,10.0,0.91,25.0,0.9,39.01,0.92,219.86,0.94,93.33,0.01,0.01,2319.3943,1776236446000
1776238415.986,215.986,0.09,17.11,0.08,227.86,0.1,27.31,0.11,15.0,0.9,34.01,0.89,10.0,0.91,6.0,0.92,214.86,0.01,0.01,2319.3943,1776236446000
1776238416.229,216.229,0.09,28.33,0.08,263.76,0.14,7.61,0.15,20.0,0.9,39.81,0.89,10.0,0.91,28.33,0.92,276.76,0.05,0.01,2319.3943,1776236446000
1776238417.078,217.078,0.09,33.33,0.08,224.86,0.11,10.0,0.12,10.0,0.86,7.61,0.85,20.0,0.91,28.33,0.92,263.76,0.02,0.05,2319.3943,1776236446000
1776238417.34,217.34,0.09,28.33,0.08,224.86,0.11,20.0,0.12,10.0,0.89,10.0,0.88,10.0,0.91,33.33,0.92,224.86,0.02,0.02,2319.3943,1776236446000
1776238419.504,219.504,0.1,6.86,0.09,28.33,0.11,15.0,0.12,25.0,0.89,20.0,0.88,10.0,0.91,28.33,0.92,224.86,0.01,0.02,2319.3943,1776236446000
1776238420.16,220.16,0.09,24.21,0.08,38.0,0.11,70.0,0.12,25.0,0.89,15.0,0.88,25.0,0.9,6.86,0.91,28.33,0.02,0.01,2319.3943,1776236446000
1776238423.123,223.123,0.09,90.71,0.08,66.0,0.1,28.0,0.11,65.0,0.89,70.0,0.88,25.0,0.91,24.21,0.92,38.0,0.01,0.02,2319.3943,1776236446000
1776238425.917,225.917,0.08,10.0,0.07,15.0,0.1,23.0,0.11,75.0,0.9,18.0,0.89,65.0,0.91,34.21,0.92,74.0,0.02,0.01,2319.3943,1776236446000
1776238426.166,226.166,0.07,6.31,0.06,15.0,0.09,11.0,0.1,10.0,0.91,31.0,0.9,10.0,0.93,11.31,0.94,10.0,0.02,0.02,2319.3943,1776236446000
1776238426.425,226.425,0.1,12.0,0.07,21.31,0.13,10.0,0.14,159.73,0.91,11.0,0.9,10.0,0.93,6.31,0.94,15.0,0.03,0.02,2319.3943,1776236446000
1776238426.91,226.91,0.1,11.66,0.08,10.0,0.11,95.0,0.12,15.0,0.87,4.74,0.86,164.73,0.9,12.0,0.92,17.0,0.01,0.03,2319.3943,1776236446000
1776238427.423,227.423,0.1,4.47,0.08,10.0,0.11,90.0,0.12,20.0,0.89,95.0,0.88,15.0,0.9,11.66,0.92,10.0,0.01,0.01,2319.3943,1776236446000
1776238428.722,228.722,0.1,3.33,0.09,5.0,0.12,15.0,0.13,22.74,0.89,33.67,0.88,15.0,0.9,3.33,0.92,10.0,0.02,0.01,2319.3943,1776236446000
1776238430.565,230.565,0.09,3.9,0.08,248.0,0.1,147.28,0.11,33.0,0.88,15.0,0.87,22.74,0.9,3.33,0.91,5.0,0.01,0.02,2319.3943,1776236446000
1776238431.736,231.736,0.08,15.0,0.07,71.31,0.1,199.28,0.11,15.0,0.9,147.28,0.89,33.0,0.91,3.9,0.92,248.0,0.02,0.01,2319.3943,1776236446000
1776238431.986,231.986,0.08,5.0,0.07,71.31,0.1,199.28,0.11,15.0,0.9,199.28,0.89,15.0,0.92,15.0,0.93,71.31,0.02,0.02,2319.3943,1776236446000
1776238432.74,232.74,0.06,90.89,0.05,15.0,0.09,41.0,0.1,84.0,0.9,199.28,0.89,15.0,0.92,5.0,0.93,71.31,0.03,0.02,2319.3943,1776236446000
1776238433.591,233.591,0.07,8.62,0.06,90.0,0.08,128.78,0.09,48.0,0.91,41.0,0.9,84.0,0.94,90.89,0.95,15.0,0.01,0.03,2319.3943,1776236446000
1776238434.263,234.263,0.06,50.0,0.05,10.0,0.07,58.0,0.08,133.78,0.92,133.78,0.91,48.0,0.93,8.62,0.94,90.0,0.01,0.01,2319.3943,1776236446000
1776238434.664,234.664,0.03,51.93,0.02,301.48,0.06,22.0,0.07,63.0,0.93,63.0,0.92,128.78,0.96,10.93,0.97,106.0,0.03,0.03,2319.3943,1776236446000
1776238434.873,234.873,0.03,19.78,0.02,301.48,0.05,5.0,0.06,66.0,0.95,5.0,0.94,61.0,0.97,44.78,0.98,301.48,0.02,0.02,2319.3943,1776236446000
1776238435.23,235.23,0.03,15.14,0.02,307.48,0.04,187.0,0.05,309.61,0.96,44.0,0.95,179.61,0.97,38.8,0.98,301.48,0.01,0.01,2319.3943,1776236446000
1776238435.441,235.441,0.03,43.64,0.02,301.48,0.04,193.75,0.05,183.0,0.96,177.75,0.95,304.61,0.97,48.8,0.98,301.48,0.01,0.01,2319.3943,1776236446000
1776238435.783,235.783,0.02,200.14,0.01,1537.0,0.03,440.61,0.04,219.75,0.96,193.75,0.95,183.0,0.98,301.14,0.99,1537.0,0.01,0.02,2319.3943,1776236446000
1776238436.438,236.438,0.02,490.64,0.01,2437.0,0.03,407.61,0.04,214.75,0.97,398.6,0.96,214.75,0.98,180.14,0.99,1537.0,0.01,0.01,2319.3943,1776236446000
1776238436.935,236.935,0.02,331.43,0.01,2785.0,0.03,402.61,0.04,214.75,0.97,407.61,0.96,214.75,0.98,490.64,0.99,2437.0,0.01,0.01,2319.3943,1776236446000
1776238437.224,237.224,0.02,518.08,0.01,1837.0,0.03,241.0,0.04,214.75,0.97,250.0,0.96,214.75,0.98,421.08,0.99,2385.0,0.01,0.01,2319.3943,1776236446000
1776238437.588,237.588,0.02,229.98,0.01,1837.0,0.03,314.82,0.04,377.36,0.97,241.0,0.96,214.75,0.98,420.98,0.99,1837.0,0.01,0.01,2319.3943,1776236446000
1776238438.026,238.026,0.02,128.27,0.01,1837.0,0.03,268.18,0.04,471.06,0.97,268.18,0.96,377.36,0.98,224.98,0.99,1837.0,0.01,0.01,2319.3943,1776236446000
1776238438.328,238.328,0.02,124.18,0.01,1837.0,0.03,268.18,0.04,313.45,0.97,268.18,0.96,471.06,0.98,128.27,0.99,1837.0,0.01,0.01,2319.3943,1776236446000
1776238438.666,238.666,0.02,123.15,0.01,1837.0,0.03,394.38,0.04,313.45,0.97,389.38,0.96,313.45,0.98,124.18,0.99,1837.0,0.01,0.01,2319.3943,1776236446000
1776238438.885,238.885,0.02,172.62,0.01,1837.0,0.03,300.76,0.04,313.45,0.97,394.38,0.96,313.45,0.98,123.15,0.99,1837.0,0.01,0.01,2319.3943,1776236446000
1776238439.085,239.085,0.02,171.59,0.01,1337.0,0.03,462.29,0.04,297.45,0.97,401.31,0.96,297.45,0.98,171.59,0.99,1337.0,0.01,0.01,2319.3943,1776236446000
1776238439.428,239.428,0.01,1413.0,,,0.02,461.96,0.03,238.7,0.98,296.96,0.97,401.31,0.99,1337.0,,,0.01,0.01,2319.3943,1776236446000
1776238439.736,239.736,0.01,1414.0,,,0.02,401.96,0.03,233.7,0.98,461.96,0.97,238.7,0.99,1413.0,,,0.01,0.01,2319.3943,1776236446000
1776238440.07,240.07,0.01,1395.87,,,0.02,400.65,0.03,233.7,0.98,400.65,0.97,233.7,0.99,1405.98,,,0.01,0.01,2319.3943,1776236446000
1776238441.372,241.372,0.01,1238.87,,,0.02,499.35,0.03,291.31,0.98,400.65,0.97,233.7,0.99,1395.87,,,0.01,0.01,2319.3943,1776236446000
1776238441.678,241.678,,,,,0.01,5542.8,0.02,525.54,0.99,2827.58,0.98,525.54,,,,,,,2319.3943,1776236446000
1776238441.93,241.93,,,,,0.01,5539.8,0.02,514.54,0.99,5542.8,0.98,525.54,,,,,,,2319.3943,1776236446000
1776238443.128,243.128,,,,,0.01,5536.08,0.02,614.54,0.99,5539.8,0.98,514.54,,,,,,,2319.3943,1776236446000
1776238443.75,243.75,,,,,0.01,5541.1,0.02,614.54,0.99,5436.08,0.98,614.54,,,,,,,2319.3943,1776236446000
1776238445.244,245.244,,,,,0.01,5399.84,0.02,584.91,0.99,5541.1,0.98,614.54,,,,,,,2319.3943,1776236446000
1776238449.417,249.417,,,,,0.01,5432.22,0.02,690.26,0.99,5399.84,0.98,584.91,,,,,,,2319.3943,1776236446000
1776238451.631,251.631,,,,,0.01,5425.14,0.02,578.34,0.99,5432.22,0.98,690.26,,,,,,,2319.3943,1776236446000
1776238453.632,253.632,,,,,0.01,3008.34,0.02,499.54,0.99,5425.14,0.98,578.34,,,,,,,2319.3943,1776236446000
1776238454.213,254.213,,,,,0.01,2988.34,0.02,499.54,0.99,3008.34,0.98,499.54,,,,,,,2319.3943,1776236446000
1776238454.757,254.757,,,,,0.01,2968.34,0.02,499.54,0.99,2988.34,0.98,499.54,,,,,,,2319.3943,1776236446000
1776238454.975,254.975,,,,,0.01,2948.34,0.02,499.54,0.99,2968.34,0.98,499.54,,,,,,,2319.3943,1776236446000
1776238455.738,255.738,,,,,0.01,2973.78,0.02,499.54,0.99,2948.34,0.98,499.54,,,,,,,2319.3943,1776236446000
1776238456.605,256.605,,,,,0.01,2959.87,0.02,499.54,0.99,2973.78,0.98,499.54,,,,,,,2319.3943,1776236446000
1776238457.373,257.373,,,,,0.01,2939.87,0.02,499.54,0.99,2959.87,0.98,499.54,,,,,,,2319.3943,1776236446000
1776238461.742,261.742,,,,,0.01,2956.38,0.02,499.54,0.99,2939.87,0.98,499.54,,,,,,,2319.3943,1776236446000
1776238473.622,273.622,,,,,0.01,996.38,0.02,743.34,0.99,2956.38,0.98,499.54,,,,,,,2319.3943,1776236446000
