timestamp,elapsed_sec,up_bid_p1,up_bid_s1,up_bid_p2,up_bid_s2,up_bid_p3,up_bid_s3,up_bid_p4,up_bid_s4,up_bid_p5,up_bid_s5,up_ask_p1,up_ask_s1,up_ask_p2,up_ask_s2,up_ask_p3,up_ask_s3,up_ask_p4,up_ask_s4,up_ask_p5,up_ask_s5,down_bid_p1,down_bid_s1,down_bid_p2,down_bid_s2,down_bid_p3,down_bid_s3,down_bid_p4,down_bid_s4,down_bid_p5,down_bid_s5,down_ask_p1,down_ask_s1,down_ask_p2,down_ask_s2,down_ask_p3,down_ask_s3,down_ask_p4,down_ask_s4,down_ask_p5,down_ask_s5,up_spread,down_spread,eth_price,eth_oracle_ts
1776162911.312,11.312,,,,,,,,,,,,,,,,,,,,,,,,,,,,,,,,,,,,,,,,,,,2385.031685,1776162910000
1776162911.753,11.753,0.53,20.0,0.52,35.5,0.51,25.5,0.5,15.0,0.49,59.42,0.54,20.0,0.55,69.5,0.56,155.0,0.57,151.0,0.58,106.0,0.46,25.0,0.45,69.5,0.44,155.0,0.43,141.0,0.42,106.0,0.47,10.0,0.48,30.5,0.49,25.5,0.5,15.0,0.51,49.42,0.01,0.01,2385.031685,1776162910000
1776162912.404,12.404,0.53,20.1,0.52,30.5,0.51,20.5,0.5,24.0,0.49,54.42,0.54,34.0,0.55,69.5,0.56,129.0,0.57,141.0,0.58,116.0,0.46,20.0,0.45,69.5,0.44,155.0,0.43,151.0,0.42,106.0,0.47,20.0,0.48,35.5,0.49,25.5,0.5,15.0,0.51,59.42,0.01,0.01,2385.031685,1776162910000
1776162912.8,12.8,0.55,60.5,0.54,69.5,0.53,25.6,0.52,30.5,0.51,166.5,0.56,70.5,0.57,110.0,0.58,70.0,0.59,15.5,0.6,27.0,0.46,34.0,0.45,69.5,0.44,129.0,0.43,141.0,0.42,116.0,0.47,20.1,0.48,30.5,0.49,20.5,0.5,24.0,0.51,54.42,0.01,0.01,2385.10995,1776162911000
1776162913.043,13.043,0.55,110.5,0.54,69.5,0.53,33.6,0.52,30.5,0.51,166.5,0.56,43.17,0.57,105.0,0.58,70.0,0.6,27.0,0.61,32.0,0.44,45.5,0.43,105.0,0.42,70.0,0.41,9.0,0.4,27.0,0.45,110.5,0.46,69.5,0.47,33.6,0.48,30.5,0.49,166.5,0.01,0.01,2385.12251,1776162912000
1776162913.388,13.388,0.55,95.5,0.54,90.5,0.53,54.6,0.52,117.5,0.51,166.5,0.56,3.17,0.57,105.0,0.58,70.0,0.6,27.0,0.61,27.0,0.44,13.17,0.43,105.0,0.42,70.0,0.4,27.0,0.39,27.0,0.45,105.5,0.46,69.5,0.47,33.6,0.48,25.5,0.49,166.5,0.01,0.01,2385.12251,1776162912000
1776162913.716,13.716,0.56,8.89,0.55,95.5,0.54,90.5,0.53,79.6,0.52,92.5,0.57,105.0,0.58,70.0,0.6,27.0,0.61,37.0,0.62,10.0,0.44,1.11,0.43,105.0,0.42,70.0,0.4,27.0,0.39,27.0,0.45,95.5,0.46,90.5,0.47,54.6,0.48,117.5,0.49,166.5,0.01,0.01,2385.12251,1776162912000
1776162914.04,14.04,0.56,266.89,0.55,104.5,0.54,171.5,0.53,46.5,0.52,192.5,0.63,23.0,0.64,97.0,0.65,75.0,0.66,73.0,0.67,28.0,0.43,105.0,0.42,70.0,0.4,27.0,0.39,37.0,0.38,10.0,0.44,24.39,0.45,95.5,0.46,90.5,0.47,79.6,0.48,92.5,0.07,0.01,2385.12251,1776162912000
1776162914.369,14.369,0.63,15.0,0.62,20.0,0.61,20.5,0.6,31.27,0.59,29.0,0.64,57.56,0.65,98.0,0.67,18.0,0.68,35.0,0.69,40.0,0.37,5.27,0.36,97.0,0.35,75.0,0.34,43.0,0.33,28.0,0.38,15.0,0.39,10.0,0.4,15.0,0.41,29.0,0.42,36.0,0.01,0.01,2385.161715,1776162913000
1776162914.578,14.578,0.63,15.0,0.62,20.0,0.61,30.5,0.6,51.27,0.59,39.0,0.64,48.06,0.65,98.0,0.67,18.0,0.68,35.0,0.69,50.0,0.36,57.56,0.35,98.0,0.33,18.0,0.32,35.0,0.31,40.0,0.37,15.0,0.38,20.0,0.39,20.5,0.4,31.27,0.41,29.0,0.01,0.01,2385.161715,1776162913000
1776162914.996,14.996,0.63,50.5,0.62,67.49,0.61,71.5,0.6,25.0,0.59,58.0,0.64,4.87,0.65,70.0,0.66,22.5,0.67,28.0,0.68,18.0,0.36,45.87,0.35,98.0,0.33,18.0,0.32,35.0,0.31,50.0,0.37,15.0,0.38,20.0,0.39,30.5,0.4,51.27,0.41,39.0,0.01,0.01,2385.161715,1776162913000
1776162915.569,15.569,0.63,50.5,0.62,45.5,0.61,71.5,0.6,46.0,0.59,64.0,0.64,2.52,0.65,78.0,0.66,22.5,0.67,28.0,0.68,18.0,0.36,4.87,0.35,70.0,0.34,22.5,0.33,28.0,0.32,18.0,0.37,50.5,0.38,67.49,0.39,71.5,0.4,25.0,0.41,58.0,0.01,0.01,2385.413251,1776162914000
1776162916.215,16.215,0.63,45.5,0.62,35.5,0.61,71.5,0.6,46.0,0.59,39.0,0.65,78.0,0.66,22.5,0.67,28.0,0.68,18.0,0.69,13.0,0.35,78.0,0.34,22.5,0.33,28.0,0.32,18.0,0.31,13.0,0.37,45.5,0.38,35.5,0.39,71.5,0.4,46.0,0.41,39.0,0.02,0.02,2385.700744,1776162915000
1776162916.705,16.705,0.58,100.0,0.56,13.98,0.55,10.0,0.54,20.0,0.53,10.0,0.59,25.1,0.6,90.0,0.61,21.0,0.62,26.0,0.63,21.0,0.35,78.0,0.34,22.5,0.33,28.0,0.32,18.0,0.31,13.0,0.37,45.5,0.38,35.5,0.39,71.5,0.4,46.0,0.41,39.0,0.01,0.02,2385.700744,1776162915000
1776162917.276,17.276,0.58,50.0,0.56,8.98,0.52,44.0,0.51,60.0,0.5,40.53,0.59,157.8,0.6,134.0,0.61,31.0,0.62,26.0,0.63,21.0,0.41,46.7,0.4,90.0,0.39,21.0,0.38,21.0,0.37,21.0,0.42,113.53,0.43,31.0,0.44,8.98,0.46,10.0,0.48,31.0,0.01,0.01,2385.700744,1776162915000
1776162917.721,17.721,0.56,14.51,0.52,34.0,0.51,76.0,0.5,34.53,0.49,35.0,0.57,127.0,0.58,36.0,0.59,53.1,0.6,117.5,0.61,36.5,0.41,167.8,0.4,134.0,0.39,31.0,0.38,26.0,0.37,21.0,0.44,6.7,0.48,44.0,0.49,60.0,0.5,40.53,0.51,35.0,0.01,0.03,2385.920215,1776162916000
1776162918.113,18.113,0.56,12.14,0.53,10.5,0.52,34.0,0.51,76.0,0.5,42.53,0.57,142.66,0.58,36.0,0.59,61.1,0.6,150.5,0.61,36.5,0.43,127.0,0.42,36.0,0.41,53.1,0.4,117.5,0.39,36.5,0.44,14.51,0.48,34.0,0.49,76.0,0.5,34.53,0.51,35.0,0.01,0.01,2385.920215,1776162916000
1776162918.316,18.316,0.56,3.64,0.53,10.5,0.52,44.0,0.51,76.0,0.5,28.0,0.57,145.66,0.58,53.0,0.59,61.1,0.6,150.5,0.61,31.5,0.43,150.66,0.42,53.0,0.41,61.1,0.4,150.5,0.39,36.5,0.44,9.77,0.47,10.5,0.48,44.0,0.49,76.0,0.5,28.0,0.01,0.01,2385.920215,1776162916000
1776162918.974,18.974,0.53,10.5,0.52,44.0,0.51,76.0,0.5,28.0,0.49,40.53,0.57,145.66,0.58,53.0,0.59,61.1,0.6,150.5,0.61,31.5,0.43,145.66,0.42,53.0,0.41,61.1,0.4,150.5,0.39,31.5,0.47,10.5,0.48,44.0,0.49,76.0,0.5,28.0,0.51,40.53,0.04,0.04,2385.496495,1776162918000
1776162919.994,19.994,0.53,10.5,0.52,44.0,0.51,76.0,0.5,28.0,0.49,40.53,0.57,145.66,0.58,53.0,0.59,61.1,0.6,150.5,0.61,31.5,0.43,145.66,0.42,53.0,0.41,61.1,0.4,150.5,0.39,31.5,0.47,10.5,0.48,44.0,0.49,76.0,0.5,28.0,0.51,40.53,0.04,0.04,2385.349891,1776162919000
1776162921.062,21.062,0.53,10.5,0.52,44.0,0.51,76.0,0.5,28.0,0.49,40.53,0.57,145.66,0.58,53.0,0.59,61.1,0.6,150.5,0.61,31.5,0.43,145.66,0.42,53.0,0.41,61.1,0.4,150.5,0.39,31.5,0.47,10.5,0.48,44.0,0.49,76.0,0.5,28.0,0.51,40.53,0.04,0.04,2385.283047,1776162920000
1776162922.139,22.139,0.53,28.84,0.52,59.0,0.51,66.0,0.5,47.52,0.49,56.53,0.54,20.16,0.56,40.5,0.57,71.5,0.58,47.0,0.59,36.1,0.46,20.16,0.44,40.5,0.43,71.5,0.42,47.0,0.41,36.1,0.47,28.84,0.48,59.0,0.49,66.0,0.5,47.52,0.51,56.53,0.01,0.01,2385.279913,1776162921000
1776162923.213,23.213,0.53,28.84,0.52,59.0,0.51,66.0,0.5,47.52,0.49,56.53,0.54,20.16,0.56,40.5,0.57,71.5,0.58,47.0,0.59,36.1,0.46,20.16,0.44,40.5,0.43,71.5,0.42,47.0,0.41,36.1,0.47,28.84,0.48,59.0,0.49,66.0,0.5,47.52,0.51,56.53,0.01,0.01,2385.278493,1776162922000
1776162924.172,24.172,0.53,28.84,0.52,59.0,0.51,66.0,0.5,47.52,0.49,56.53,0.54,20.16,0.56,40.5,0.57,71.5,0.58,47.0,0.59,36.1,0.46,20.16,0.44,40.5,0.43,71.5,0.42,47.0,0.41,36.1,0.47,28.84,0.48,59.0,0.49,66.0,0.5,47.52,0.51,56.53,0.01,0.01,2385.281055,1776162923000
1776162925.275,25.275,0.53,28.84,0.52,59.0,0.51,66.0,0.5,47.52,0.49,56.53,0.54,20.16,0.56,40.5,0.57,71.5,0.58,47.0,0.59,36.1,0.46,20.16,0.44,40.5,0.43,71.5,0.42,47.0,0.41,36.1,0.47,28.84,0.48,59.0,0.49,66.0,0.5,47.52,0.51,56.53,0.01,0.01,2385.314455,1776162924000
1776162926.091,26.091,0.53,18.34,0.52,74.5,0.51,111.99,0.5,52.79,0.49,28.0,0.54,15.16,0.55,10.5,0.56,15.5,0.57,61.5,0.58,61.0,0.46,20.16,0.44,40.5,0.43,71.5,0.42,47.0,0.41,36.1,0.47,28.84,0.48,59.0,0.49,66.0,0.5,47.52,0.51,56.53,0.01,0.01,2385.314455,1776162924000
1776162926.297,26.297,0.53,18.34,0.52,74.5,0.51,111.99,0.5,52.79,0.49,28.0,0.54,15.16,0.55,10.5,0.56,15.5,0.57,61.5,0.58,61.0,0.46,15.16,0.45,10.5,0.44,15.5,0.43,61.5,0.42,61.0,0.47,18.34,0.48,74.5,0.49,111.99,0.5,52.79,0.51,28.0,0.01,0.01,2385.31664,1776162925000
1776162927.166,27.166,0.53,18.34,0.52,74.5,0.51,111.99,0.5,52.79,0.49,28.0,0.54,15.16,0.55,10.5,0.56,15.5,0.57,61.5,0.58,61.0,0.46,15.16,0.45,10.5,0.44,15.5,0.43,61.5,0.42,61.0,0.47,18.34,0.48,74.5,0.49,111.99,0.5,52.79,0.51,28.0,0.01,0.01,2385.30319,1776162926000
1776162927.439,27.439,0.53,60.5,0.52,60.5,0.51,139.49,0.5,52.79,0.49,49.0,0.54,5.16,0.56,10.0,0.57,54.0,0.58,56.0,0.59,25.0,0.46,15.16,0.45,10.5,0.44,15.5,0.43,61.5,0.42,61.0,0.47,18.34,0.48,74.5,0.49,111.99,0.5,52.79,0.51,28.0,0.01,0.01,2385.30319,1776162926000
1776162928.016,28.016,0.53,180.48,0.52,115.49,0.51,151.5,0.5,41.0,0.49,45.0,0.54,5.16,0.56,10.0,0.57,10.0,0.58,30.0,0.59,41.0,0.46,5.16,0.44,10.0,0.43,54.0,0.42,56.0,0.41,25.0,0.47,60.5,0.48,60.5,0.49,139.49,0.5,52.79,0.51,49.0,0.01,0.01,2385.30319,1776162926000
1776162929.172,29.172,0.53,186.48,0.52,110.49,0.51,156.5,0.5,46.0,0.49,85.0,0.56,10.0,0.57,10.0,0.58,30.0,0.59,20.0,0.6,124.0,0.44,10.0,0.43,10.0,0.42,30.0,0.41,20.0,0.4,124.0,0.47,186.48,0.48,110.49,0.49,156.5,0.5,46.0,0.51,85.0,0.03,0.03,2385.296715,1776162928000
1776162930.079,30.079,0.53,186.48,0.52,110.49,0.51,156.5,0.5,46.0,0.49,85.0,0.56,10.0,0.57,10.0,0.58,30.0,0.59,20.0,0.6,124.0,0.44,10.0,0.43,10.0,0.42,30.0,0.41,20.0,0.4,124.0,0.47,186.48,0.48,110.49,0.49,156.5,0.5,46.0,0.51,85.0,0.03,0.03,2385.450685,1776162929000
1776162931.021,31.021,0.53,186.48,0.52,110.49,0.51,156.5,0.5,46.0,0.49,85.0,0.56,10.0,0.57,10.0,0.58,30.0,0.59,20.0,0.6,124.0,0.44,10.0,0.43,10.0,0.42,30.0,0.41,20.0,0.4,124.0,0.47,186.48,0.48,110.49,0.49,156.5,0.5,46.0,0.51,85.0,0.03,0.03,2385.497685,1776162930000
1776162931.337,31.337,0.63,50.5,0.62,40.5,0.61,98.49,0.6,85.5,0.59,35.5,0.64,44.53,0.65,10.0,0.66,56.0,0.67,39.0,0.68,25.0,0.44,10.0,0.43,10.0,0.42,30.0,0.41,20.0,0.4,124.0,0.47,186.48,0.48,110.49,0.49,156.5,0.5,46.0,0.51,85.0,0.01,0.03,2385.497685,1776162930000
1776162932.047,32.047,0.63,50.5,0.62,40.5,0.61,98.49,0.6,85.5,0.59,35.5,0.64,44.53,0.65,10.0,0.66,56.0,0.67,39.0,0.68,25.0,0.36,44.53,0.35,10.0,0.34,56.0,0.33,39.0,0.32,25.0,0.37,50.5,0.38,40.5,0.39,98.49,0.4,85.5,0.41,35.5,0.01,0.01,2385.726439,1776162931000
1776162932.318,32.318,0.63,15.0,0.62,20.0,0.61,59.99,0.6,61.5,0.59,35.5,0.64,34.29,0.65,28.0,0.66,68.5,0.67,59.5,0.68,25.0,0.36,44.29,0.35,20.0,0.34,66.0,0.33,49.5,0.32,25.0,0.37,55.5,0.38,40.5,0.39,80.49,0.4,85.5,0.41,35.5,0.01,0.01,2385.726439,1776162931000
1776162932.521,32.521,0.62,7.5,0.61,20.0,0.6,41.5,0.59,81.49,0.58,70.5,0.64,56.98,0.65,38.5,0.66,55.5,0.67,35.5,0.68,20.0,0.36,56.98,0.35,62.5,0.34,55.5,0.33,35.5,0.32,20.0,0.37,15.0,0.38,10.0,0.39,20.0,0.4,69.49,0.41,74.3,0.02,0.01,2385.726439,1776162931000
1776162933.004,33.004,0.62,7.5,0.61,20.0,0.6,41.5,0.59,81.49,0.58,70.5,0.64,56.98,0.65,38.5,0.66,55.5,0.67,35.5,0.68,20.0,0.36,56.98,0.35,38.5,0.34,55.5,0.33,35.5,0.32,20.0,0.38,7.5,0.39,20.0,0.4,41.5,0.41,81.49,0.42,70.5,0.02,0.02,2385.762373,1776162932000
1776162933.213,33.213,0.63,10.0,0.62,7.5,0.61,51.5,0.6,30.5,0.59,84.49,0.64,74.98,0.65,72.5,0.66,55.5,0.67,25.0,0.68,20.0,0.36,74.98,0.35,67.5,0.34,55.5,0.33,25.0,0.32,20.0,0.37,11.75,0.38,12.5,0.39,51.5,0.4,20.5,0.41,91.49,0.01,0.01,2385.762373,1776162932000
1776162933.863,33.863,0.63,1.56,0.62,7.5,0.61,41.0,0.6,20.5,0.59,94.49,0.64,65.05,0.65,77.5,0.66,55.5,0.67,30.0,0.68,25.0,0.36,70.05,0.35,72.5,0.34,55.5,0.33,25.0,0.32,20.0,0.37,10.0,0.38,7.5,0.39,51.5,0.4,30.5,0.41,84.49,0.01,0.01,2385.762373,1776162932000
1776162934.452,34.452,0.63,1.56,0.62,7.5,0.61,30.5,0.6,30.5,0.59,141.49,0.64,62.59,0.65,72.5,0.66,60.5,0.67,20.0,0.68,25.0,0.36,65.05,0.35,77.5,0.34,55.5,0.33,10.0,0.32,15.0,0.37,1.56,0.38,18.0,0.39,40.5,0.4,30.5,0.41,105.49,0.01,0.01,2385.834358,1776162933000
1776162934.999,34.999,0.63,1.56,0.62,7.5,0.61,30.5,0.6,30.5,0.59,141.49,0.64,54.87,0.65,72.5,0.66,60.5,0.67,20.0,0.68,25.0,0.36,54.87,0.35,72.5,0.34,60.5,0.33,20.0,0.32,25.0,0.37,1.56,0.38,7.5,0.39,30.5,0.4,30.5,0.41,141.49,0.01,0.01,2385.794335,1776162934000
1776162935.383,35.383,0.63,6.56,0.62,7.5,0.61,30.5,0.6,30.5,0.59,132.49,0.64,67.41,0.65,132.08,0.66,70.5,0.67,10.0,0.68,25.0,0.36,54.87,0.35,72.5,0.34,60.5,0.33,20.0,0.32,25.0,0.37,1.56,0.38,7.5,0.39,30.5,0.4,30.5,0.41,141.49,0.01,0.01,2385.794335,1776162934000
1776162935.984,35.984,0.63,6.56,0.62,7.5,0.61,30.5,0.6,30.5,0.59,132.49,0.64,55.26,0.65,132.08,0.66,70.5,0.67,10.0,0.68,25.0,0.36,63.26,0.35,132.08,0.34,70.5,0.33,10.0,0.32,25.0,0.37,6.56,0.38,7.5,0.39,30.5,0.4,30.5,0.41,132.49,0.01,0.01,2385.794335,1776162934000
1776162936.389,36.389,0.63,6.56,0.62,7.5,0.61,30.5,0.6,30.5,0.59,132.49,0.64,55.26,0.65,132.08,0.66,70.5,0.67,10.0,0.68,25.0,0.36,55.26,0.35,132.08,0.34,70.5,0.33,10.0,0.32,25.0,0.37,6.56,0.38,7.5,0.39,30.5,0.4,30.5,0.41,132.49,0.01,0.01,2385.726872,1776162935000
1776162936.92,36.92,0.62,6.37,0.61,30.5,0.6,30.5,0.59,116.49,0.58,105.5,0.64,47.13,0.65,132.08,0.66,91.5,0.67,31.0,0.68,46.0,0.36,52.13,0.35,132.08,0.34,70.5,0.33,10.0,0.32,25.0,0.37,6.56,0.38,7.5,0.39,30.5,0.4,30.5,0.41,110.49,0.02,0.01,2385.726872,1776162935000
1776162938.443,38.443,0.62,6.37,0.61,30.5,0.6,30.5,0.59,116.49,0.58,105.5,0.64,47.13,0.65,132.08,0.66,91.5,0.67,31.0,0.68,46.0,0.36,47.13,0.35,132.08,0.34,91.5,0.33,31.0,0.32,46.0,0.38,6.37,0.39,30.5,0.4,30.5,0.41,116.49,0.42,105.5,0.02,0.02,2385.79497,1776162937000
1776162939.016,39.016,0.62,6.37,0.61,30.5,0.6,30.5,0.59,116.49,0.58,105.5,0.64,47.13,0.65,132.08,0.66,91.5,0.67,31.0,0.68,46.0,0.36,47.13,0.35,132.08,0.34,91.5,0.33,31.0,0.32,46.0,0.38,6.37,0.39,30.5,0.4,30.5,0.41,116.49,0.42,105.5,0.02,0.02,2385.784885,1776162938000
1776162940.121,40.121,0.62,6.37,0.61,30.5,0.6,30.5,0.59,116.49,0.58,105.5,0.64,47.13,0.65,132.08,0.66,91.5,0.67,31.0,0.68,46.0,0.36,47.13,0.35,132.08,0.34,91.5,0.33,31.0,0.32,46.0,0.38,6.37,0.39,30.5,0.4,30.5,0.41,116.49,0.42,105.5,0.02,0.02,2385.806295,1776162939000
1776162941.193,41.193,0.62,6.37,0.61,30.5,0.6,30.5,0.59,116.49,0.58,105.5,0.64,47.13,0.65,132.08,0.66,91.5,0.67,31.0,0.68,46.0,0.36,47.13,0.35,132.08,0.34,91.5,0.33,31.0,0.32,46.0,0.38,6.37,0.39,30.5,0.4,30.5,0.41,116.49,0.42,105.5,0.02,0.02,2385.81189,1776162940000
1776162941.658,41.658,0.66,10.0,0.65,20.5,0.64,190.49,0.63,59.3,0.62,112.87,0.68,3.0,0.69,121.0,0.7,81.5,0.71,44.0,0.72,10.0,0.36,47.13,0.35,132.08,0.34,91.5,0.33,31.0,0.32,46.0,0.38,6.37,0.39,30.5,0.4,30.5,0.41,116.49,0.42,105.5,0.02,0.02,2385.81189,1776162940000
1776162942.184,42.184,0.67,58.5,0.66,35.5,0.65,56.5,0.64,132.49,0.63,59.3,0.69,97.0,0.7,52.0,0.71,28.5,0.72,20.0,0.73,149.0,0.32,1.52,0.31,121.0,0.3,71.0,0.29,44.0,0.28,10.0,0.34,10.0,0.35,20.5,0.36,190.49,0.37,59.3,0.38,112.87,0.02,0.02,2385.81189,1776162940000
1776162942.543,42.543,0.68,10.0,0.67,25.5,0.66,25.5,0.65,66.5,0.64,164.49,0.69,39.73,0.7,67.5,0.71,33.5,0.72,35.0,0.73,164.0,0.31,97.0,0.3,52.0,0.29,28.5,0.28,20.0,0.27,149.0,0.33,58.5,0.34,35.5,0.35,56.5,0.36,132.49,0.37,59.3,0.01,0.02,2385.83189,1776162941000
1776162942.856,42.856,0.67,23.86,0.66,46.5,0.65,87.5,0.64,164.49,0.63,126.3,0.69,49.73,0.7,67.5,0.71,43.5,0.72,25.0,0.73,164.0,0.31,39.73,0.3,67.5,0.29,33.5,0.28,35.0,0.27,164.0,0.32,10.0,0.33,25.5,0.34,25.5,0.35,66.5,0.36,164.49,0.02,0.01,2385.83189,1776162941000
1776162943.996,43.996,0.67,23.86,0.66,46.5,0.65,87.5,0.64,164.49,0.63,126.3,0.69,49.73,0.7,67.5,0.71,43.5,0.72,25.0,0.73,164.0,0.31,49.73,0.3,67.5,0.29,43.5,0.28,25.0,0.27,164.0,0.33,23.86,0.34,46.5,0.35,87.5,0.36,164.49,0.37,126.3,0.02,0.02,2385.9049,1776162943000
1776162944.25,44.25,0.64,20.0,0.63,10.0,0.62,35.0,0.61,75.0,0.6,50.0,0.66,103.42,0.67,65.5,0.68,30.5,0.69,115.5,0.7,35.5,0.31,49.73,0.3,67.5,0.29,43.5,0.28,25.0,0.27,164.0,0.33,23.86,0.34,46.5,0.35,87.5,0.36,164.49,0.37,126.3,0.02,0.02,2385.9049,1776162943000
1776162944.451,44.451,0.63,10.0,0.62,35.0,0.61,75.0,0.6,50.0,0.59,117.19,0.64,8.28,0.65,54.0,0.66,79.42,0.67,35.5,0.68,25.5,0.35,34.0,0.34,79.42,0.33,35.5,0.32,35.5,0.31,115.5,0.36,10.0,0.37,20.0,0.38,35.0,0.39,75.0,0.4,50.0,0.01,0.01,2385.9049,1776162943000
1776162944.852,44.852,0.63,10.0,0.62,35.0,0.61,75.0,0.6,50.0,0.59,105.99,0.64,59.28,0.65,70.5,0.66,79.42,0.67,76.5,0.68,30.5,0.36,8.28,0.35,54.0,0.34,79.42,0.33,35.5,0.32,25.5,0.37,10.0,0.38,35.0,0.39,75.0,0.4,50.0,0.41,117.19,0.01,0.01,2385.9049,1776162943000
1776162945.238,45.238,0.63,10.0,0.62,35.0,0.61,75.0,0.6,50.0,0.59,105.99,0.64,59.28,0.65,70.5,0.66,79.42,0.67,76.5,0.68,30.5,0.36,59.28,0.35,70.5,0.34,79.42,0.33,76.5,0.32,30.5,0.37,10.0,0.38,35.0,0.39,75.0,0.4,50.0,0.41,105.99,0.01,0.01,2386.054685,1776162944000
1776162945.44,45.44,0.62,25.0,0.61,50.0,0.6,35.0,0.59,35.5,0.58,85.0,0.63,196.78,0.64,81.78,0.65,41.5,0.66,85.5,0.67,76.5,0.36,59.28,0.35,70.5,0.34,79.42,0.33,76.5,0.32,30.5,0.37,10.0,0.38,35.0,0.39,75.0,0.4,50.0,0.41,105.99,0.01,0.01,2386.054685,1776162944000
1776162946.325,46.325,0.59,25.0,0.58,85.0,0.57,30.0,0.56,10.0,0.55,55.0,0.6,83.88,0.61,103.5,0.62,25.5,0.63,89.78,0.64,52.78,0.37,196.78,0.36,81.78,0.35,41.5,0.34,85.5,0.33,76.5,0.38,25.0,0.39,50.0,0.4,35.0,0.41,35.5,0.42,85.0,0.01,0.01,2386.054685,1776162944000
1776162946.667,46.667,0.59,10.0,0.58,110.5,0.57,50.5,0.56,80.5,0.55,110.99,0.6,22.88,0.61,53.0,0.62,52.5,0.63,36.78,0.64,34.78,0.4,83.88,0.39,103.5,0.38,25.5,0.37,89.78,0.36,52.78,0.41,25.0,0.42,85.0,0.43,30.0,0.44,10.0,0.45,55.0,0.01,0.01,2385.871227,1776162945000
1776162946.964,46.964,0.59,10.0,0.58,110.5,0.57,50.5,0.56,80.5,0.55,110.99,0.6,22.88,0.61,53.0,0.62,52.5,0.63,36.78,0.64,34.78,0.4,22.88,0.39,53.0,0.38,52.5,0.37,36.78,0.36,34.78,0.41,10.0,0.42,110.5,0.43,50.5,0.44,80.5,0.45,110.99,0.01,0.01,2385.775085,1776162946000
1776162947.406,47.406,0.59,5.0,0.58,95.5,0.57,60.5,0.56,86.5,0.55,97.99,0.6,65.43,0.61,38.0,0.62,72.5,0.63,36.78,0.64,69.78,0.4,22.88,0.39,53.0,0.38,52.5,0.37,36.78,0.36,34.78,0.41,10.0,0.42,110.5,0.43,50.5,0.44,80.5,0.45,110.99,0.01,0.01,2385.775085,1776162946000
1776162947.965,47.965,0.58,120.5,0.57,81.5,0.56,66.5,0.55,55.0,0.54,112.28,0.59,9.0,0.6,62.5,0.61,96.0,0.62,51.5,0.63,36.78,0.4,65.43,0.39,38.0,0.38,72.5,0.37,36.78,0.36,69.78,0.41,5.0,0.42,95.5,0.43,60.5,0.44,86.5,0.45,97.99,0.01,0.01,2385.775085,1776162946000
1776162949.34,49.34,0.59,12.0,0.58,125.5,0.57,81.5,0.56,66.5,0.55,55.0,0.6,62.5,0.61,96.0,0.62,51.5,0.63,36.78,0.64,73.78,0.4,62.5,0.39,96.0,0.38,51.5,0.37,36.78,0.36,73.78,0.41,12.0,0.42,125.5,0.43,81.5,0.44,66.5,0.45,55.0,0.01,0.01,2385.52153,1776162948000
1776162949.801,49.801,0.59,42.88,0.58,135.5,0.57,116.49,0.56,142.3,0.55,84.0,0.6,23.16,0.61,15.0,0.62,25.5,0.63,57.87,0.64,96.5,0.4,25.0,0.39,30.0,0.38,20.5,0.37,67.87,0.36,106.5,0.41,47.88,0.42,130.5,0.43,60.5,0.44,187.49,0.45,109.0,0.01,0.01,2385.52153,1776162948000
1776162950.021,50.021,0.59,42.88,0.58,135.5,0.57,116.49,0.56,142.3,0.55,84.0,0.6,23.16,0.61,15.0,0.62,25.5,0.63,57.87,0.64,96.5,0.4,23.16,0.39,15.0,0.38,25.5,0.37,57.87,0.36,96.5,0.41,42.88,0.42,135.5,0.43,116.49,0.44,142.3,0.45,84.0,0.01,0.01,2385.521885,1776162949000
1776162950.332,50.332,0.59,2.38,0.58,135.5,0.57,60.5,0.56,151.49,0.55,110.0,0.6,51.61,0.61,45.5,0.62,55.5,0.63,86.87,0.64,67.5,0.4,51.61,0.39,35.5,0.38,30.5,0.37,67.87,0.36,96.5,0.41,27.38,0.42,135.5,0.43,106.49,0.44,142.3,0.45,84.0,0.01,0.01,2385.521885,1776162949000
1776162951.079,51.079,0.59,2.38,0.58,120.0,0.57,60.5,0.56,86.5,0.55,116.19,0.6,62.87,0.61,45.5,0.62,55.5,0.63,86.87,0.64,46.5,0.4,62.87,0.39,45.5,0.38,55.5,0.37,86.87,0.36,46.5,0.41,2.38,0.42,120.0,0.43,60.5,0.44,86.5,0.45,116.19,0.01,0.01,2385.59462,1776162950000
1776162951.359,51.359,0.57,2.62,0.56,20.5,0.55,65.0,0.54,107.28,0.53,80.0,0.58,49.11,0.59,30.5,0.6,114.87,0.61,92.5,0.62,65.5,0.4,139.87,0.39,97.5,0.38,65.5,0.37,49.87,0.36,54.5,0.43,30.0,0.44,20.5,0.45,55.0,0.46,107.28,0.47,80.0,0.01,0.03,2385.59462,1776162950000
1776162951.687,51.687,0.57,2.62,0.55,55.0,0.54,117.78,0.53,80.0,0.52,113.0,0.58,97.38,0.59,40.5,0.6,107.5,0.61,97.5,0.62,40.5,0.42,49.11,0.41,30.5,0.4,114.87,0.39,92.5,0.38,65.5,0.43,2.62,0.44,20.5,0.45,65.0,0.46,107.28,0.47,80.0,0.01,0.01,2385.59462,1776162950000
1776162952.024,52.024,0.55,20.0,0.54,60.59,0.53,121.19,0.52,130.0,0.51,163.0,0.57,18.38,0.58,69.11,0.59,50.5,0.6,99.5,0.61,90.5,0.42,78.93,0.41,50.5,0.4,109.5,0.39,90.5,0.38,48.5,0.43,2.62,0.45,35.0,0.46,50.59,0.47,121.19,0.48,131.0,0.02,0.01,2385.59462,1776162950000
1776162953.112,53.112,0.54,60.59,0.53,71.5,0.52,130.0,0.51,188.0,0.5,73.0,0.55,7.0,0.56,55.5,0.57,58.38,0.58,29.11,0.59,81.68,0.43,18.38,0.42,69.11,0.41,50.5,0.4,99.5,0.39,90.5,0.45,20.0,0.46,60.59,0.47,121.19,0.48,130.0,0.49,163.0,0.01,0.02,2385.595895,1776162951000
1776162953.465,53.465,0.54,47.69,0.53,71.5,0.52,165.19,0.51,188.0,0.5,73.0,0.55,52.5,0.56,60.5,0.57,43.38,0.58,57.11,0.59,81.68,0.45,7.0,0.44,55.5,0.43,58.38,0.42,29.11,0.41,81.68,0.46,60.59,0.47,71.5,0.48,130.0,0.49,188.0,0.5,73.0,0.01,0.01,2385.495163,1776162952000
1776162954.115,54.115,0.54,47.69,0.53,71.5,0.52,165.19,0.51,188.0,0.5,73.0,0.55,52.5,0.56,60.5,0.57,43.38,0.58,57.11,0.59,81.68,0.45,52.5,0.44,60.5,0.43,43.38,0.42,57.11,0.41,81.68,0.46,47.69,0.47,71.5,0.48,165.19,0.49,188.0,0.5,73.0,0.01,0.01,2385.356685,1776162953000
1776162955.193,55.193,0.54,11.17,0.53,40.0,0.52,105.0,0.51,226.69,0.5,91.0,0.55,82.5,0.56,50.5,0.57,56.0,0.58,53.11,0.59,40.68,0.45,82.5,0.44,50.5,0.43,56.0,0.42,53.11,0.41,40.68,0.46,11.17,0.47,40.0,0.48,105.0,0.49,226.69,0.5,91.0,0.01,0.01,2385.341802,1776162954000
1776162956.105,56.105,0.54,1.17,0.53,10.0,0.52,105.0,0.51,166.5,0.5,65.0,0.55,74.0,0.56,59.5,0.57,77.0,0.58,40.11,0.59,40.68,0.45,82.5,0.44,50.5,0.43,56.0,0.42,53.11,0.41,40.68,0.46,11.17,0.47,40.0,0.48,105.0,0.49,226.69,0.5,91.0,0.01,0.01,2385.341802,1776162954000
1776162957.138,57.138,0.54,1.17,0.53,10.0,0.52,105.0,0.51,166.5,0.5,65.0,0.55,74.0,0.56,59.5,0.57,77.0,0.58,40.11,0.59,40.68,0.45,74.0,0.44,59.5,0.43,77.0,0.42,40.11,0.41,40.68,0.46,1.17,0.47,10.0,0.48,105.0,0.49,166.5,0.5,65.0,0.01,0.01,2385.268847,1776162956000
1776162958.114,58.114,0.54,1.17,0.53,10.0,0.52,105.0,0.51,166.5,0.5,65.0,0.55,74.0,0.56,59.5,0.57,77.0,0.58,40.11,0.59,40.68,0.45,74.0,0.44,59.5,0.43,77.0,0.42,40.11,0.41,40.68,0.46,1.17,0.47,10.0,0.48,105.0,0.49,166.5,0.5,65.0,0.01,0.01,2385.275572,1776162957000
1776162959.061,59.061,0.54,1.17,0.53,10.0,0.52,105.0,0.51,166.5,0.5,65.0,0.55,74.0,0.56,59.5,0.57,77.0,0.58,40.11,0.59,40.68,0.45,74.0,0.44,59.5,0.43,77.0,0.42,40.11,0.41,40.68,0.46,1.17,0.47,10.0,0.48,105.0,0.49,166.5,0.5,65.0,0.01,0.01,2385.256463,1776162958000
1776162960.066,60.066,0.54,1.17,0.53,10.0,0.52,105.0,0.51,166.5,0.5,65.0,0.55,74.0,0.56,59.5,0.57,77.0,0.58,40.11,0.59,40.68,0.45,74.0,0.44,59.5,0.43,77.0,0.42,40.11,0.41,40.68,0.46,1.17,0.47,10.0,0.48,105.0,0.49,166.5,0.5,65.0,0.01,0.01,2385.23007,1776162959000
1776162960.649,60.649,0.54,1.17,0.53,25.0,0.52,120.5,0.51,120.5,0.5,86.0,0.55,117.73,0.56,76.5,0.57,73.0,0.58,60.11,0.59,53.68,0.45,74.0,0.44,59.5,0.43,77.0,0.42,40.11,0.41,40.68,0.46,1.17,0.47,10.0,0.48,105.0,0.49,166.5,0.5,65.0,0.01,0.01,2385.23007,1776162959000
1776162961.202,61.202,0.54,1.17,0.53,35.5,0.52,120.5,0.51,170.5,0.5,96.0,0.55,95.73,0.56,66.5,0.57,58.0,0.58,60.11,0.59,78.58,0.45,118.73,0.44,71.5,0.43,73.0,0.42,60.11,0.41,53.68,0.46,1.17,0.47,25.0,0.48,120.5,0.49,120.5,0.5,86.0,0.01,0.01,2385.23007,1776162959000
1776162961.481,61.481,0.54,1.17,0.53,40.5,0.52,120.5,0.51,170.5,0.5,96.0,0.55,81.73,0.56,66.5,0.57,58.0,0.58,60.11,0.59,88.58,0.45,95.73,0.44,66.5,0.43,58.0,0.42,60.11,0.41,78.58,0.46,1.17,0.47,35.5,0.48,120.5,0.49,170.5,0.5,96.0,0.01,0.01,2385.293127,1776162960000
1776162962.277,62.277,0.54,1.17,0.53,40.5,0.52,120.5,0.51,170.5,0.5,96.0,0.55,81.73,0.56,66.5,0.57,58.0,0.58,60.11,0.59,88.58,0.45,81.73,0.44,66.5,0.43,58.0,0.42,60.11,0.41,88.58,0.46,1.17,0.47,40.5,0.48,120.5,0.49,170.5,0.5,96.0,0.01,0.01,2385.24364,1776162961000
1776162962.582,62.582,0.52,25.0,0.51,85.0,0.5,55.0,0.49,125.0,0.48,112.99,0.55,211.5,0.56,133.5,0.57,54.0,0.58,68.11,0.59,120.58,0.45,87.23,0.44,108.5,0.43,57.0,0.42,60.11,0.41,78.58,0.46,7.17,0.47,10.0,0.48,85.0,0.49,95.0,0.5,76.0,0.03,0.01,2385.24364,1776162961000
1776162963.241,63.241,0.52,25.0,0.51,85.0,0.5,65.5,0.49,125.0,0.48,66.0,0.53,102.42,0.54,51.5,0.55,93.5,0.56,107.5,0.57,54.0,0.47,102.42,0.46,51.5,0.45,93.5,0.44,107.5,0.43,54.0,0.48,25.0,0.49,85.0,0.5,65.5,0.51,125.0,0.52,66.0,0.01,0.01,2385.26745,1776162962000
1776162964.389,64.389,0.52,25.0,0.51,85.0,0.5,65.5,0.49,125.0,0.48,66.0,0.53,102.42,0.54,51.5,0.55,93.5,0.56,107.5,0.57,54.0,0.47,102.42,0.46,51.5,0.45,93.5,0.44,107.5,0.43,54.0,0.48,25.0,0.49,85.0,0.5,65.5,0.51,125.0,0.52,66.0,0.01,0.01,2385.26983,1776162963000
1776162964.632,64.632,0.5,45.5,0.49,155.5,0.48,136.49,0.47,187.38,0.46,77.0,0.52,4.91,0.53,22.0,0.54,51.0,0.55,41.5,0.56,35.0,0.47,102.42,0.46,51.5,0.45,93.5,0.44,107.5,0.43,54.0,0.48,25.0,0.49,85.0,0.5,65.5,0.51,125.0,0.52,66.0,0.02,0.01,2385.26983,1776162963000
1776162964.846,64.846,0.5,26.5,0.49,155.5,0.48,136.49,0.47,187.38,0.46,82.0,0.52,4.91,0.53,22.0,0.54,51.0,0.55,41.5,0.56,35.0,0.49,4.9,0.48,4.91,0.47,22.0,0.46,51.0,0.45,41.5,0.5,31.5,0.51,155.5,0.52,136.49,0.53,187.38,0.54,82.0,0.02,0.01,2385.26983,1776162963000
1776162965.102,65.102,0.5,31.5,0.49,155.5,0.48,146.49,0.47,197.38,0.46,82.0,0.51,4.9,0.52,4.91,0.53,22.0,0.54,51.0,0.55,46.5,0.49,5.0,0.48,4.91,0.47,22.0,0.46,51.0,0.45,46.5,0.5,31.5,0.51,155.5,0.52,141.49,0.53,192.38,0.54,82.0,0.01,0.01,2385.26983,1776162963000
1776162965.528,65.528,0.5,29.06,0.49,160.5,0.48,151.49,0.47,207.38,0.46,87.0,0.51,2.74,0.52,4.91,0.53,22.0,0.54,51.0,0.55,46.5,0.49,2.74,0.48,4.91,0.47,22.0,0.46,51.0,0.45,46.5,0.5,26.5,0.51,160.5,0.52,151.49,0.53,207.38,0.54,82.0,0.01,0.01,2385.26983,1776162963000
1776162965.728,65.728,0.5,44.06,0.49,160.5,0.48,151.49,0.47,197.38,0.46,97.0,0.53,27.0,0.54,61.5,0.55,56.5,0.56,35.0,0.57,68.0,0.47,27.0,0.46,61.5,0.45,56.5,0.44,35.0,0.43,68.0,0.5,44.06,0.51,160.5,0.52,151.49,0.53,197.38,0.54,97.0,0.03,0.03,2385.116024,1776162964000
1776162966.101,66.101,0.51,21.5,0.5,34.06,0.49,155.5,0.48,151.49,0.47,197.38,0.52,15.0,0.53,20.0,0.54,76.5,0.55,87.5,0.56,35.0,0.47,7.0,0.46,61.5,0.45,56.5,0.44,35.0,0.43,68.0,0.49,10.5,0.5,39.06,0.51,160.5,0.52,151.49,0.53,197.38,0.01,0.02,2385.116024,1776162964000
1776162966.409,66.409,0.51,28.05,0.5,29.06,0.49,155.5,0.48,151.49,0.47,197.38,0.52,78.0,0.53,25.0,0.54,71.5,0.55,87.5,0.56,35.0,0.48,31.0,0.47,20.0,0.46,76.5,0.45,87.5,0.44,35.0,0.49,23.96,0.5,29.06,0.51,155.5,0.52,151.49,0.53,197.38,0.01,0.01,2385.0408,1776162965000
1776162966.706,66.706,0.51,9.56,0.5,29.06,0.49,176.5,0.48,151.49,0.47,197.38,0.52,15.0,0.53,35.5,0.54,71.5,0.55,108.5,0.56,56.0,0.48,88.0,0.47,25.0,0.46,71.5,0.45,87.5,0.44,35.0,0.49,25.56,0.5,29.06,0.51,155.5,0.52,151.49,0.53,197.38,0.01,0.01,2385.0408,1776162965000
1776162967.418,67.418,0.5,17.62,0.49,176.5,0.48,151.49,0.47,197.38,0.46,100.0,0.52,20.0,0.53,35.5,0.54,71.5,0.55,108.5,0.56,56.0,0.48,20.0,0.47,35.5,0.46,71.5,0.45,108.5,0.44,56.0,0.5,17.62,0.51,176.5,0.52,151.49,0.53,197.38,0.54,100.0,0.02,0.02,2385.0924,1776162966000
1776162967.832,67.832,0.51,0.22,0.5,53.62,0.49,176.5,0.48,160.49,0.47,218.38,0.52,26.0,0.53,20.0,0.54,59.5,0.55,98.5,0.56,77.0,0.48,36.0,0.47,20.0,0.46,59.5,0.45,98.5,0.44,77.0,0.49,0.22,0.5,53.62,0.51,176.5,0.52,160.49,0.53,218.38,0.01,0.01,2385.0924,1776162966000
1776162968.26,68.26,0.51,12.91,0.5,51.75,0.49,176.5,0.48,160.49,0.47,218.38,0.52,38.88,0.53,20.0,0.54,59.5,0.55,98.5,0.56,77.0,0.48,33.88,0.47,20.0,0.46,59.5,0.45,98.5,0.44,77.0,0.49,10.0,0.5,56.75,0.51,176.5,0.52,160.49,0.53,218.38,0.01,0.01,2385.0924,1776162966000
1776162968.74,68.74,0.51,12.91,0.5,51.75,0.49,176.5,0.48,108.5,0.47,218.38,0.52,38.79,0.53,20.0,0.54,59.5,0.55,98.5,0.56,77.0,0.48,38.88,0.47,20.0,0.46,59.5,0.45,98.5,0.44,77.0,0.49,12.91,0.5,51.75,0.51,176.5,0.52,160.49,0.53,218.38,0.01,0.01,2385.102812,1776162967000
1776162969.036,69.036,0.51,27.91,0.5,51.75,0.49,176.5,0.48,153.49,0.47,218.38,0.52,18.61,0.53,20.0,0.54,59.5,0.55,98.5,0.56,77.0,0.48,18.61,0.47,20.0,0.46,59.5,0.45,98.5,0.44,77.0,0.49,27.91,0.5,51.75,0.51,176.5,0.52,153.49,0.53,218.38,0.01,0.01,2385.094932,1776162968000
1776162969.318,69.318,0.51,18.01,0.5,51.75,0.49,176.5,0.48,118.5,0.47,253.57,0.52,13.61,0.53,20.0,0.54,71.5,0.55,98.5,0.56,77.0,0.48,18.61,0.47,20.0,0.46,59.5,0.45,98.5,0.44,77.0,0.49,27.91,0.5,51.75,0.51,176.5,0.52,153.49,0.53,218.38,0.01,0.01,2385.094932,1776162968000
1776162969.648,69.648,0.51,20.76,0.5,51.75,0.49,176.5,0.48,118.5,0.47,253.57,0.52,11.11,0.53,20.0,0.54,71.5,0.55,98.5,0.56,77.0,0.48,11.11,0.47,20.0,0.46,71.5,0.45,98.5,0.44,77.0,0.49,23.01,0.5,51.75,0.51,176.5,0.52,118.5,0.53,253.57,0.01,0.01,2385.094932,1776162968000
1776162970.013,70.013,0.55,23.55,0.54,71.5,0.53,31.5,0.52,76.49,0.51,118.76,0.56,35.0,0.57,35.5,0.58,54.0,0.59,102.18,0.6,32.0,0.48,11.11,0.47,20.0,0.46,71.5,0.45,98.5,0.44,77.0,0.49,20.76,0.5,51.75,0.51,176.5,0.52,118.5,0.53,253.57,0.01,0.01,2385.094932,1776162968000
1776162970.415,70.415,0.55,57.1,0.54,92.5,0.53,62.5,0.52,97.49,0.51,139.76,0.56,28.57,0.57,40.5,0.58,59.0,0.59,102.18,0.6,32.0,0.44,23.57,0.43,40.5,0.42,54.0,0.41,102.18,0.4,32.0,0.45,54.55,0.46,71.5,0.47,41.5,0.48,76.49,0.49,118.76,0.01,0.01,2385.094932,1776162968000
1776162970.622,70.622,0.55,41.1,0.54,81.5,0.53,41.5,0.52,97.49,0.51,139.76,0.56,16.43,0.57,40.5,0.58,59.0,0.59,102.18,0.6,53.0,0.44,28.57,0.43,40.5,0.42,59.0,0.41,102.18,0.4,32.0,0.45,57.1,0.46,92.5,0.47,62.5,0.48,97.49,0.49,139.76,0.01,0.01,2385.19235,1776162969000
1776162971.28,71.28,0.55,43.65,0.54,81.5,0.53,41.5,0.52,112.58,0.51,139.76,0.56,16.43,0.57,40.5,0.58,59.0,0.59,102.18,0.6,53.0,0.44,16.43,0.43,40.5,0.42,59.0,0.41,102.18,0.4,53.0,0.45,43.65,0.46,81.5,0.47,41.5,0.48,112.58,0.49,139.76,0.01,0.01,2385.12562,1776162970000
1776162972.687,72.687,0.55,55.08,0.54,61.5,0.53,41.5,0.52,112.58,0.51,154.76,0.56,36.27,0.57,45.5,0.58,59.0,0.59,102.18,0.6,63.0,0.44,36.27,0.43,45.5,0.42,59.0,0.41,102.18,0.4,63.0,0.45,55.08,0.46,61.5,0.47,41.5,0.48,112.58,0.49,154.76,0.01,0.01,2385.28869,1776162971000
1776162972.918,72.918,0.55,0.08,0.54,16.0,0.53,51.5,0.52,81.59,0.51,113.76,0.56,80.27,0.57,96.5,0.58,36.0,0.59,70.18,0.6,68.0,0.44,36.27,0.43,45.5,0.42,59.0,0.41,102.18,0.4,63.0,0.45,55.08,0.46,61.5,0.47,41.5,0.48,112.58,0.49,154.76,0.01,0.01,2385.28869,1776162971000
1776162973.357,73.357,0.55,0.08,0.54,16.0,0.53,51.5,0.52,81.59,0.51,113.76,0.56,80.27,0.57,96.5,0.58,36.0,0.59,70.18,0.6,68.0,0.44,80.27,0.43,96.5,0.42,36.0,0.41,70.18,0.4,68.0,0.45,0.08,0.46,16.0,0.47,51.5,0.48,81.59,0.49,113.76,0.01,0.01,2385.297975,1776162972000
1776162974.055,74.055,0.55,0.08,0.54,16.0,0.53,51.5,0.52,81.59,0.51,113.76,0.56,80.27,0.57,96.5,0.58,36.0,0.59,70.18,0.6,68.0,0.44,80.27,0.43,96.5,0.42,36.0,0.41,70.18,0.4,68.0,0.45,0.08,0.46,16.0,0.47,51.5,0.48,81.59,0.49,113.76,0.01,0.01,2385.2862,1776162973000
1776162974.817,74.817,0.54,76.5,0.53,61.5,0.52,91.59,0.51,168.75,0.5,48.55,0.56,19.71,0.57,86.5,0.58,32.0,0.59,70.18,0.6,57.0,0.44,80.27,0.43,96.5,0.42,36.0,0.41,70.18,0.4,68.0,0.45,0.08,0.46,16.0,0.47,51.5,0.48,81.59,0.49,113.76,0.02,0.01,2385.2862,1776162973000
1776162975.057,75.057,0.55,16.66,0.54,71.5,0.53,61.5,0.52,86.59,0.51,179.75,0.56,12.71,0.57,91.5,0.58,59.0,0.59,70.18,0.6,57.0,0.44,19.71,0.43,86.5,0.42,32.0,0.41,70.18,0.4,57.0,0.46,76.5,0.47,61.5,0.48,91.59,0.49,168.75,0.5,48.55,0.01,0.02,2385.2862,1776162973000
1776162975.437,75.437,0.55,8.32,0.54,71.5,0.53,61.5,0.52,86.59,0.51,179.75,0.56,12.71,0.57,91.5,0.58,59.0,0.59,70.18,0.6,57.0,0.44,12.71,0.43,91.5,0.42,59.0,0.41,70.18,0.4,57.0,0.45,8.32,0.46,71.5,0.47,61.5,0.48,86.59,0.49,179.75,0.01,0.01,2385.239876,1776162974000
1776162975.824,75.824,0.55,123.81,0.54,87.5,0.53,78.5,0.52,83.59,0.51,216.76,0.59,45.18,0.6,20.0,0.61,72.0,0.62,54.0,0.63,20.09,0.44,12.71,0.43,91.5,0.42,59.0,0.41,70.18,0.4,57.0,0.45,8.32,0.46,71.5,0.47,61.5,0.48,86.59,0.49,179.75,0.04,0.01,2385.239876,1776162974000
1776162976.1,76.1,0.58,20.13,0.57,70.19,0.56,86.3,0.55,38.82,0.54,56.5,0.59,35.01,0.6,20.0,0.61,45.0,0.62,58.5,0.63,43.09,0.41,35.01,0.4,20.0,0.39,45.0,0.38,58.5,0.37,43.09,0.42,20.13,0.43,70.19,0.44,86.3,0.45,38.82,0.46,56.5,0.01,0.01,2385.221553,1776162975000
1776162977.307,77.307,0.61,11.79,0.6,61.5,0.59,76.5,0.58,56.13,0.57,121.99,0.62,40.5,0.63,45.59,0.64,95.5,0.65,40.0,0.66,27.0,0.39,45.0,0.38,10.0,0.37,43.09,0.36,80.0,0.35,40.0,0.42,35.13,0.43,90.99,0.44,106.49,0.45,33.82,0.46,35.5,0.01,0.03,2385.221553,1776162975000
1776162978.06,78.06,0.61,11.79,0.6,61.5,0.59,76.5,0.58,56.13,0.57,121.99,0.62,40.5,0.63,45.59,0.64,95.5,0.65,40.0,0.66,27.0,0.38,40.5,0.37,45.59,0.36,95.5,0.35,40.0,0.34,27.0,0.39,11.79,0.4,61.5,0.41,76.5,0.42,56.13,0.43,121.99,0.01,0.01,2385.392665,1776162977000
1776162978.487,78.487,0.61,29.72,0.6,61.5,0.59,76.5,0.58,56.13,0.57,67.0,0.62,44.0,0.63,35.09,0.64,80.0,0.65,35.0,0.66,30.0,0.38,40.5,0.37,45.59,0.36,95.5,0.35,40.0,0.34,27.0,0.39,11.79,0.4,61.5,0.41,76.5,0.42,56.13,0.43,121.99,0.01,0.01,2385.392665,1776162977000
1776162978.721,78.721,0.61,55.72,0.6,56.5,0.59,93.5,0.58,99.13,0.57,66.0,0.63,9.61,0.64,20.5,0.65,45.5,0.66,34.0,0.67,209.09,0.38,44.0,0.37,35.09,0.36,80.0,0.35,35.0,0.34,30.0,0.39,29.72,0.4,61.5,0.41,76.5,0.42,56.13,0.43,67.0,0.02,0.01,2385.392665,1776162977000
1776162979.402,79.402,0.64,15.0,0.63,62.0,0.62,25.5,0.61,45.72,0.6,61.5,0.66,18.0,0.67,217.09,0.68,65.0,0.69,100.0,0.7,82.0,0.34,18.0,0.33,217.09,0.32,65.0,0.31,100.0,0.3,82.0,0.36,15.0,0.37,62.0,0.38,25.5,0.39,45.72,0.4,61.5,0.02,0.02,2385.687573,1776162978000
1776162979.746,79.746,0.64,20.0,0.63,25.0,0.62,35.5,0.61,45.5,0.6,35.5,0.65,115.23,0.66,130.5,0.67,231.09,0.68,103.0,0.69,147.0,0.35,78.23,0.34,161.5,0.33,261.09,0.32,103.0,0.31,147.0,0.36,10.0,0.37,25.0,0.38,25.0,0.39,45.5,0.4,35.5,0.01,0.01,2385.687573,1776162978000
1776162980.025,80.025,0.63,19.45,0.62,35.5,0.61,45.5,0.6,35.5,0.59,51.5,0.65,103.29,0.66,115.5,0.67,231.09,0.68,103.0,0.69,172.0,0.35,103.29,0.34,115.5,0.33,231.09,0.32,103.0,0.31,172.0,0.37,19.45,0.38,35.5,0.39,45.5,0.4,35.5,0.41,51.5,0.02,0.02,2385.675495,1776162979000
1776162980.517,80.517,0.64,15.0,0.63,19.45,0.62,35.5,0.61,45.5,0.6,35.5,0.65,109.09,0.66,115.5,0.67,241.09,0.68,103.0,0.69,147.0,0.35,111.22,0.34,115.5,0.33,241.09,0.32,103.0,0.31,147.0,0.36,10.0,0.37,19.45,0.38,35.5,0.39,45.5,0.4,35.5,0.01,0.01,2385.675495,1776162979000
1776162981.299,81.299,0.64,15.0,0.63,19.45,0.62,35.5,0.61,45.5,0.6,35.5,0.65,90.57,0.66,115.5,0.67,251.09,0.68,96.0,0.69,172.0,0.35,80.0,0.34,115.5,0.33,241.09,0.32,96.0,0.31,147.0,0.36,15.0,0.37,19.45,0.38,35.5,0.39,45.5,0.4,35.5,0.01,0.01,2385.675495,1776162979000
1776162982.356,82.356,0.64,15.0,0.63,19.45,0.62,35.5,0.61,45.5,0.6,35.5,0.65,90.57,0.66,115.5,0.67,251.09,0.68,96.0,0.69,172.0,0.35,90.57,0.34,115.5,0.33,251.09,0.32,96.0,0.31,172.0,0.36,15.0,0.37,19.45,0.38,35.5,0.39,45.5,0.4,35.5,0.01,0.01,2385.673428,1776162981000
1776162982.783,82.783,0.65,22.0,0.64,40.5,0.63,29.95,0.62,56.5,0.61,71.5,0.66,50.0,0.67,214.09,0.68,75.5,0.69,137.0,0.7,86.0,0.34,50.0,0.33,214.09,0.32,75.5,0.31,137.0,0.3,86.0,0.35,22.0,0.36,40.5,0.37,29.95,0.38,56.5,0.39,71.5,0.01,0.01,2385.678148,1776162982000
1776162983.367,83.367,0.65,42.0,0.64,35.5,0.63,29.95,0.62,35.5,0.61,45.5,0.66,39.0,0.67,235.09,0.68,96.5,0.69,158.0,0.7,86.0,0.34,50.0,0.33,214.09,0.32,75.5,0.31,137.0,0.3,86.0,0.35,22.0,0.36,40.5,0.37,29.95,0.38,56.5,0.39,71.5,0.01,0.01,2385.678148,1776162982000
1776162984.245,84.245,0.65,47.0,0.64,35.5,0.63,29.95,0.62,45.5,0.61,35.5,0.66,35.96,0.67,255.09,0.68,96.5,0.69,151.0,0.7,93.0,0.34,35.96,0.33,255.09,0.32,96.5,0.31,151.0,0.3,93.0,0.35,47.0,0.36,35.5,0.37,29.95,0.38,45.5,0.39,35.5,0.01,0.01,2385.75616,1776162983000
1776162985.244,85.244,0.65,47.0,0.64,35.5,0.63,29.95,0.62,45.5,0.61,35.5,0.66,35.96,0.67,255.09,0.68,96.5,0.69,151.0,0.7,93.0,0.34,35.96,0.33,255.09,0.32,96.5,0.31,151.0,0.3,93.0,0.35,47.0,0.36,35.5,0.37,29.95,0.38,45.5,0.39,35.5,0.01,0.01,2385.780795,1776162984000
1776162985.874,85.874,0.66,41.41,0.65,47.5,0.64,30.0,0.63,122.94,0.62,121.5,0.67,165.0,0.68,65.0,0.69,166.5,0.7,106.5,0.71,52.0,0.34,35.96,0.33,255.09,0.32,96.5,0.31,151.0,0.3,93.0,0.35,47.0,0.36,35.5,0.37,29.95,0.38,45.5,0.39,35.5,0.01,0.01,2385.780795,1776162984000
1776162986.139,86.139,0.66,41.41,0.65,47.5,0.64,30.0,0.63,122.94,0.62,121.5,0.67,165.0,0.68,65.0,0.69,166.5,0.7,106.5,0.71,52.0,0.33,165.0,0.32,65.0,0.31,166.5,0.3,106.5,0.29,52.0,0.34,41.41,0.35,47.5,0.36,30.0,0.37,122.94,0.38,121.5,0.01,0.01,2385.777312,1776162985000
1776162987.155,87.155,0.66,41.41,0.65,47.5,0.64,30.0,0.63,122.94,0.62,121.5,0.67,165.0,0.68,65.0,0.69,166.5,0.7,106.5,0.71,52.0,0.33,165.0,0.32,65.0,0.31,166.5,0.3,106.5,0.29,52.0,0.34,41.41,0.35,47.5,0.36,30.0,0.37,122.94,0.38,121.5,0.01,0.01,2385.781545,1776162986000
1776162988.123,88.123,0.66,41.41,0.65,47.5,0.64,30.0,0.63,122.94,0.62,121.5,0.67,165.0,0.68,65.0,0.69,166.5,0.7,106.5,0.71,52.0,0.33,165.0,0.32,65.0,0.31,166.5,0.3,106.5,0.29,52.0,0.34,41.41,0.35,47.5,0.36,30.0,0.37,122.94,0.38,121.5,0.01,0.01,2385.83517,1776162987000
1776162989.072,89.072,0.66,41.41,0.65,47.5,0.64,30.0,0.63,122.94,0.62,121.5,0.67,165.0,0.68,65.0,0.69,166.5,0.7,106.5,0.71,52.0,0.33,165.0,0.32,65.0,0.31,166.5,0.3,106.5,0.29,52.0,0.34,41.41,0.35,47.5,0.36,30.0,0.37,122.94,0.38,121.5,0.01,0.01,2385.850242,1776162988000
1776162989.283,89.283,0.66,64.97,0.65,68.5,0.64,67.5,0.63,60.95,0.62,159.69,0.67,94.0,0.68,55.0,0.69,140.0,0.7,106.5,0.71,25.0,0.33,165.0,0.32,65.0,0.31,166.5,0.3,106.5,0.29,52.0,0.34,41.41,0.35,47.5,0.36,30.0,0.37,122.94,0.38,121.5,0.01,0.01,2385.850242,1776162988000
1776162990.045,90.045,0.66,64.97,0.65,68.5,0.64,67.5,0.63,60.95,0.62,159.69,0.67,94.0,0.68,55.0,0.69,140.0,0.7,106.5,0.71,25.0,0.33,94.0,0.32,55.0,0.31,140.0,0.3,106.5,0.29,25.0,0.34,64.97,0.35,68.5,0.36,67.5,0.37,60.95,0.38,159.69,0.01,0.01,2385.864281,1776162989000
1776162990.792,90.792,0.66,54.26,0.65,83.5,0.64,87.5,0.63,60.95,0.62,159.69,0.67,35.0,0.68,62.0,0.69,140.0,0.7,75.0,0.71,15.0,0.33,94.0,0.32,55.0,0.31,140.0,0.3,106.5,0.29,25.0,0.34,64.97,0.35,68.5,0.36,67.5,0.37,60.95,0.38,159.69,0.01,0.01,2385.864281,1776162989000
1776162990.994,90.994,0.66,54.26,0.65,83.5,0.64,87.5,0.63,60.95,0.62,159.69,0.67,35.0,0.68,62.0,0.69,140.0,0.7,75.0,0.71,15.0,0.33,35.0,0.32,62.0,0.31,140.0,0.3,75.0,0.29,15.0,0.34,54.26,0.35,83.5,0.36,87.5,0.37,60.95,0.38,159.69,0.01,0.01,2385.85054,1776162990000
1776162991.951,91.951,0.66,54.26,0.65,83.5,0.64,87.5,0.63,60.95,0.62,159.69,0.67,35.0,0.68,62.0,0.69,140.0,0.7,75.0,0.71,15.0,0.33,35.0,0.32,62.0,0.31,140.0,0.3,75.0,0.29,15.0,0.34,54.26,0.35,83.5,0.36,87.5,0.37,60.95,0.38,159.69,0.01,0.01,2385.878376,1776162991000
1776162992.848,92.848,0.66,54.26,0.65,83.5,0.64,87.5,0.63,60.95,0.62,159.69,0.67,35.0,0.68,62.0,0.69,140.0,0.7,75.0,0.71,15.0,0.33,35.0,0.32,62.0,0.31,140.0,0.3,75.0,0.29,15.0,0.34,54.26,0.35,83.5,0.36,87.5,0.37,60.95,0.38,159.69,0.01,0.01,2385.90567,1776162992000
1776162993.654,93.654,0.65,4.25,0.62,10.0,0.61,50.0,0.59,30.0,0.58,30.0,0.67,332.5,0.68,117.5,0.69,150.0,0.7,75.0,0.71,113.0,0.33,35.0,0.32,62.0,0.31,140.0,0.3,75.0,0.29,15.0,0.34,54.26,0.35,83.5,0.36,87.5,0.37,60.95,0.38,159.69,0.02,0.01,2385.90567,1776162992000
1776162994.315,94.315,0.59,32.07,0.58,40.5,0.57,26.0,0.56,115.0,0.55,63.41,0.6,115.0,0.61,59.5,0.62,47.5,0.63,62.85,0.64,63.66,0.37,5.85,0.34,301.5,0.33,109.5,0.32,81.5,0.31,150.0,0.39,25.0,0.41,30.0,0.42,30.0,0.43,26.0,0.44,100.0,0.01,0.02,2385.90567,1776162993000
1776162994.761,94.761,0.58,31.79,0.57,36.0,0.56,115.0,0.55,68.41,0.54,112.0,0.6,101.0,0.61,59.5,0.62,58.5,0.63,46.85,0.64,63.66,0.4,115.0,0.39,59.5,0.38,47.5,0.37,62.85,0.36,63.66,0.41,29.03,0.42,40.5,0.43,26.0,0.44,115.0,0.45,68.41,0.02,0.01,2385.90567,1776162993000
1776162995.231,95.231,0.58,31.79,0.57,36.0,0.56,115.0,0.55,68.41,0.54,112.0,0.6,101.0,0.61,59.5,0.62,58.5,0.63,46.85,0.64,63.66,0.4,101.0,0.39,59.5,0.38,58.5,0.37,46.85,0.36,63.66,0.42,31.79,0.43,36.0,0.44,115.0,0.45,68.41,0.46,112.0,0.02,0.02,2385.874401,1776162994000
1776162996.403,96.403,0.59,16.22,0.58,56.79,0.57,41.0,0.56,115.0,0.55,63.41,0.6,47.0,0.61,37.0,0.62,47.0,0.63,72.35,0.64,67.0,0.4,47.0,0.39,37.0,0.38,47.0,0.37,72.35,0.36,67.0,0.41,16.22,0.42,56.79,0.43,41.0,0.44,115.0,0.45,63.41,0.01,0.01,2385.570058,1776162995000
1776162997.465,97.465,0.59,16.22,0.58,56.79,0.57,41.0,0.56,115.0,0.55,63.41,0.6,47.0,0.61,37.0,0.62,47.0,0.63,72.35,0.64,67.0,0.4,47.0,0.39,37.0,0.38,47.0,0.37,72.35,0.36,67.0,0.41,16.22,0.42,56.79,0.43,41.0,0.44,115.0,0.45,63.41,0.01,0.01,2385.460808,1776162996000
1776162997.975,97.975,0.59,16.22,0.58,56.79,0.57,41.0,0.56,115.0,0.55,63.41,0.6,47.0,0.61,37.0,0.62,47.0,0.63,72.35,0.64,67.0,0.4,47.0,0.39,37.0,0.38,47.0,0.37,72.35,0.36,67.0,0.41,16.22,0.42,56.79,0.43,41.0,0.44,115.0,0.45,63.41,0.01,0.01,2385.51257,1776162997000
1776162999.202,99.202,0.59,16.22,0.58,56.79,0.57,41.0,0.56,115.0,0.55,63.41,0.6,47.0,0.61,37.0,0.62,47.0,0.63,72.35,0.64,67.0,0.4,47.0,0.39,37.0,0.38,47.0,0.37,72.35,0.36,67.0,0.41,16.22,0.42,56.79,0.43,41.0,0.44,115.0,0.45,63.41,0.01,0.01,2385.549835,1776162998000
1776162999.748,99.748,0.6,40.5,0.59,31.22,0.58,87.79,0.57,62.0,0.56,215.99,0.63,85.85,0.64,59.0,0.65,93.5,0.66,61.5,0.67,79.3,0.4,47.0,0.39,37.0,0.38,47.0,0.37,72.35,0.36,67.0,0.41,16.22,0.42,56.79,0.43,41.0,0.44,115.0,0.45,63.41,0.03,0.01,2385.549835,1776162998000
1776163000.274,100.274,0.6,40.5,0.59,31.22,0.58,87.79,0.57,62.0,0.56,215.99,0.63,85.85,0.64,59.0,0.65,93.5,0.66,61.5,0.67,79.3,0.37,85.85,0.36,59.0,0.35,93.5,0.34,61.5,0.33,79.3,0.4,40.5,0.41,31.22,0.42,87.79,0.43,62.0,0.44,215.99,0.03,0.03,2385.58757,1776162999000
1776163000.505,100.505,0.61,25.5,0.6,35.5,0.59,36.22,0.58,82.79,0.57,62.0,0.62,24.08,0.63,66.35,0.64,74.5,0.65,93.5,0.66,61.5,0.37,85.85,0.36,59.0,0.35,93.5,0.34,61.5,0.33,79.3,0.4,40.5,0.41,31.22,0.42,87.79,0.43,62.0,0.44,215.99,0.01,0.03,2385.58757,1776162999000
1776163000.745,100.745,0.59,7.56,0.58,66.5,0.57,57.0,0.56,210.99,0.55,87.18,0.61,45.5,0.62,35.58,0.63,71.35,0.64,74.5,0.65,88.5,0.38,24.08,0.37,66.35,0.36,74.5,0.35,93.5,0.34,61.5,0.39,25.5,0.4,35.5,0.41,36.22,0.42,82.79,0.43,62.0,0.02,0.01,2385.58757,1776162999000
1776163001.309,101.309,0.59,7.56,0.58,71.5,0.57,57.0,0.56,215.99,0.55,87.18,0.6,21.3,0.61,36.5,0.62,30.58,0.63,71.35,0.64,79.5,0.4,21.3,0.39,36.5,0.38,30.58,0.37,71.35,0.36,79.5,0.41,7.56,0.42,71.5,0.43,57.0,0.44,215.99,0.45,87.18,0.01,0.01,2385.562415,1776163000000
1776163001.88,101.88,0.59,7.56,0.58,71.5,0.57,57.0,0.56,215.99,0.55,87.18,0.6,21.3,0.61,36.5,0.62,30.58,0.63,71.35,0.64,79.5,0.4,21.3,0.39,36.5,0.38,30.58,0.37,71.35,0.36,79.5,0.41,7.56,0.42,71.5,0.43,57.0,0.44,215.99,0.45,87.18,0.01,0.01,2385.59684,1776163001000
1776163002.951,102.951,0.59,7.56,0.58,71.5,0.57,57.0,0.56,215.99,0.55,87.18,0.6,21.3,0.61,36.5,0.62,30.58,0.63,71.35,0.64,79.5,0.4,21.3,0.39,36.5,0.38,30.58,0.37,71.35,0.36,79.5,0.41,7.56,0.42,71.5,0.43,57.0,0.44,215.99,0.45,87.18,0.01,0.01,2385.590265,1776163002000
1776163004.005,104.005,0.59,7.56,0.58,71.5,0.57,57.0,0.56,215.99,0.55,87.18,0.6,21.3,0.61,36.5,0.62,30.58,0.63,71.35,0.64,79.5,0.4,21.3,0.39,36.5,0.38,30.58,0.37,71.35,0.36,79.5,0.41,7.56,0.42,71.5,0.43,57.0,0.44,215.99,0.45,87.18,0.01,0.01,2385.461679,1776163003000
1776163005.141,105.141,0.59,7.56,0.58,71.5,0.57,57.0,0.56,215.99,0.55,87.18,0.6,21.3,0.61,36.5,0.62,30.58,0.63,71.35,0.64,79.5,0.4,21.3,0.39,36.5,0.38,30.58,0.37,71.35,0.36,79.5,0.41,7.56,0.42,71.5,0.43,57.0,0.44,215.99,0.45,87.18,0.01,0.01,2385.324972,1776163004000
1776163005.853,105.853,0.55,30.09,0.54,85.0,0.52,66.09,0.51,195.76,0.5,25.0,0.57,141.5,0.58,78.5,0.59,62.5,0.6,71.5,0.61,89.5,0.4,21.3,0.39,36.5,0.38,30.58,0.37,71.35,0.36,79.5,0.41,7.56,0.42,71.5,0.43,57.0,0.44,215.99,0.45,87.18,0.02,0.01,2385.324972,1776163004000
1776163006.163,106.163,0.55,30.09,0.54,85.0,0.52,66.09,0.51,195.76,0.5,25.0,0.57,141.5,0.58,78.5,0.59,62.5,0.6,71.5,0.61,89.5,0.43,141.5,0.42,78.5,0.41,62.5,0.4,71.5,0.39,89.5,0.45,30.09,0.46,85.0,0.48,66.09,0.49,195.76,0.5,25.0,0.02,0.02,2385.324486,1776163005000
1776163006.952,106.952,0.54,85.0,0.52,40.09,0.51,130.0,0.5,10.0,0.49,135.0,0.56,207.5,0.57,122.5,0.58,41.5,0.59,61.5,0.6,116.5,0.43,141.5,0.42,78.5,0.41,62.5,0.4,71.5,0.39,89.5,0.45,30.09,0.46,85.0,0.48,66.09,0.49,195.76,0.5,25.0,0.02,0.02,2385.324486,1776163005000
1776163007.187,107.187,0.54,85.0,0.52,40.09,0.51,130.0,0.5,10.0,0.49,135.0,0.56,207.5,0.57,122.5,0.58,41.5,0.59,61.5,0.6,116.5,0.44,207.5,0.43,122.5,0.42,41.5,0.41,61.5,0.4,116.5,0.46,85.0,0.48,40.09,0.49,130.0,0.5,10.0,0.51,135.0,0.02,0.02,2385.33398,1776163006000
1776163007.594,107.594,0.52,0.5,0.51,135.0,0.49,145.5,0.48,100.0,0.47,167.38,0.53,104.5,0.54,53.5,0.55,83.5,0.56,67.5,0.57,68.5,0.44,207.5,0.43,122.5,0.42,41.5,0.41,61.5,0.4,116.5,0.46,85.0,0.48,40.09,0.49,130.0,0.5,10.0,0.51,135.0,0.01,0.02,2385.33398,1776163006000
1776163007.991,107.991,0.51,130.0,0.49,135.0,0.48,90.0,0.47,151.38,0.46,70.0,0.52,88.9,0.53,88.5,0.54,49.5,0.55,71.5,0.56,85.5,0.48,9.5,0.47,114.5,0.46,63.5,0.45,83.5,0.44,67.5,0.49,135.0,0.51,145.5,0.52,100.0,0.53,167.38,0.54,135.0,0.01,0.01,2385.33398,1776163006000
1776163008.585,108.585,0.51,130.0,0.49,135.0,0.48,90.0,0.47,151.38,0.46,70.0,0.52,88.9,0.53,88.5,0.54,49.5,0.55,71.5,0.56,85.5,0.48,88.9,0.47,88.5,0.46,49.5,0.45,71.5,0.44,85.5,0.49,130.0,0.51,135.0,0.52,90.0,0.53,151.38,0.54,70.0,0.01,0.01,2385.247801,1776163007000
1776163009.158,109.158,0.51,130.0,0.49,135.0,0.48,90.0,0.47,151.38,0.46,70.0,0.52,88.9,0.53,88.5,0.54,49.5,0.55,71.5,0.56,85.5,0.48,88.9,0.47,88.5,0.46,49.5,0.45,71.5,0.44,85.5,0.49,130.0,0.51,135.0,0.52,90.0,0.53,151.38,0.54,70.0,0.01,0.01,2385.163047,1776163008000
1776163009.443,109.443,0.49,15.5,0.48,115.5,0.47,151.38,0.46,75.0,0.45,145.0,0.5,87.0,0.51,42.5,0.52,89.4,0.53,131.5,0.54,42.5,0.48,88.9,0.47,88.5,0.46,49.5,0.45,71.5,0.44,85.5,0.49,130.0,0.51,135.0,0.52,90.0,0.53,151.38,0.54,70.0,0.01,0.01,2385.163047,1776163008000
1776163009.753,109.753,0.49,9.5,0.48,135.5,0.47,166.38,0.46,120.0,0.45,236.99,0.5,47.0,0.51,22.0,0.52,63.9,0.53,101.0,0.54,22.0,0.5,87.0,0.49,42.5,0.48,89.4,0.47,131.5,0.46,42.5,0.51,15.5,0.52,115.5,0.53,151.38,0.54,75.0,0.55,145.0,0.01,0.01,2385.163047,1776163008000
1776163010.065,110.065,0.52,38.0,0.51,25.5,0.5,61.5,0.49,78.0,0.48,121.0,0.53,50.0,0.54,45.0,0.55,70.5,0.56,117.5,0.57,77.0,0.5,47.0,0.49,22.0,0.48,63.9,0.47,101.0,0.46,22.0,0.51,9.5,0.52,135.5,0.53,166.38,0.54,120.0,0.55,236.99,0.01,0.01,2385.163047,1776163008000
1776163010.785,110.785,0.52,7.77,0.51,30.5,0.5,66.5,0.49,58.0,0.48,126.0,0.53,67.0,0.54,60.5,0.55,70.5,0.56,117.5,0.57,87.0,0.47,50.0,0.46,45.0,0.45,70.5,0.44,117.5,0.43,77.0,0.48,38.0,0.49,25.5,0.5,61.5,0.51,78.0,0.52,121.0,0.01,0.01,2385.012478,1776163009000
1776163011.969,111.969,0.52,7.77,0.51,30.5,0.5,66.5,0.49,58.0,0.48,126.0,0.53,67.0,0.54,60.5,0.55,70.5,0.56,117.5,0.57,87.0,0.47,67.0,0.46,60.5,0.45,70.5,0.44,117.5,0.43,87.0,0.48,7.77,0.49,30.5,0.5,66.5,0.51,58.0,0.52,126.0,0.01,0.01,2385.03945,1776163011000
1776163012.49,112.49,0.48,60.0,0.47,191.88,0.46,145.0,0.45,152.0,0.44,90.0,0.49,76.91,0.5,57.5,0.51,52.5,0.52,57.5,0.53,90.5,0.47,67.0,0.46,60.5,0.45,70.5,0.44,117.5,0.43,87.0,0.48,7.77,0.49,30.5,0.5,66.5,0.51,58.0,0.52,126.0,0.01,0.01,2385.03945,1776163011000
1776163012.927,112.927,0.48,60.0,0.47,191.88,0.46,145.0,0.45,152.0,0.44,90.0,0.49,76.91,0.5,57.5,0.51,52.5,0.52,57.5,0.53,90.5,0.51,76.91,0.5,57.5,0.49,52.5,0.48,57.5,0.47,90.5,0.52,60.0,0.53,191.88,0.54,145.0,0.55,152.0,0.56,90.0,0.01,0.01,2385.06702,1776163012000
1776163014.108,114.108,0.48,60.0,0.47,191.88,0.46,145.0,0.45,152.0,0.44,90.0,0.49,76.91,0.5,57.5,0.51,52.5,0.52,57.5,0.53,90.5,0.51,76.91,0.5,57.5,0.49,52.5,0.48,57.5,0.47,90.5,0.52,60.0,0.53,191.88,0.54,145.0,0.55,152.0,0.56,90.0,0.01,0.01,2385.04577,1776163013000
1776163014.517,114.517,0.5,5.0,0.48,118.5,0.47,227.88,0.46,166.5,0.45,216.0,0.52,25.0,0.53,80.0,0.54,92.0,0.55,65.5,0.56,110.6,0.51,76.91,0.5,57.5,0.49,52.5,0.48,57.5,0.47,90.5,0.52,60.0,0.53,191.88,0.54,145.0,0.55,152.0,0.56,90.0,0.02,0.01,2385.04577,1776163013000
1776163015.263,115.263,0.51,20.08,0.5,35.5,0.49,15.0,0.48,113.5,0.47,222.88,0.52,25.0,0.53,90.5,0.54,92.0,0.55,65.5,0.56,110.6,0.48,25.0,0.47,90.5,0.46,92.0,0.45,65.5,0.44,110.6,0.49,20.08,0.5,35.5,0.51,15.0,0.52,113.5,0.53,222.88,0.01,0.01,2384.98669,1776163014000
1776163015.903,115.903,0.49,40.5,0.48,65.5,0.47,212.38,0.46,176.5,0.45,198.0,0.5,10.0,0.51,22.0,0.52,17.0,0.53,75.5,0.54,30.0,0.48,25.0,0.47,90.5,0.46,92.0,0.45,65.5,0.44,110.6,0.49,20.08,0.5,35.5,0.51,15.0,0.52,113.5,0.53,222.88,0.01,0.01,2384.98669,1776163014000
1776163016.159,116.159,0.49,60.5,0.48,72.5,0.47,212.38,0.46,166.5,0.45,196.0,0.51,7.0,0.52,37.5,0.53,70.5,0.54,40.0,0.55,86.5,0.5,10.0,0.49,22.0,0.48,17.0,0.47,75.5,0.46,30.0,0.51,40.5,0.52,65.5,0.53,212.38,0.54,176.5,0.55,198.0,0.02,0.01,2384.98669,1776163014000
1776163016.81,116.81,0.5,45.5,0.49,65.68,0.48,72.5,0.47,212.38,0.46,181.5,0.52,25.0,0.53,75.5,0.54,45.0,0.55,86.5,0.56,75.0,0.49,7.0,0.48,37.5,0.47,70.5,0.46,40.0,0.45,86.5,0.51,60.5,0.52,72.5,0.53,212.38,0.54,166.5,0.55,196.0,0.02,0.02,2384.988412,1776163015000
1776163017.16,117.16,0.51,20.0,0.5,40.5,0.49,65.68,0.48,72.5,0.47,212.38,0.52,40.38,0.53,80.5,0.54,45.0,0.55,96.5,0.56,75.0,0.48,25.0,0.47,75.5,0.46,45.0,0.45,86.5,0.44,75.0,0.5,45.5,0.51,65.68,0.52,72.5,0.53,212.38,0.54,181.5,0.01,0.02,2385.000477,1776163016000
1776163017.441,117.441,0.51,35.0,0.5,40.5,0.49,65.68,0.48,72.5,0.47,212.38,0.52,37.93,0.53,80.5,0.54,45.0,0.55,96.5,0.56,75.0,0.48,40.38,0.47,80.5,0.46,45.0,0.45,96.5,0.44,75.0,0.49,20.0,0.5,40.5,0.51,65.68,0.52,72.5,0.53,212.38,0.01,0.01,2385.000477,1776163016000
1776163017.885,117.885,0.51,35.0,0.5,40.5,0.49,65.68,0.48,72.5,0.47,212.38,0.52,37.93,0.53,80.5,0.54,45.0,0.55,96.5,0.56,75.0,0.48,37.93,0.47,80.5,0.46,45.0,0.45,96.5,0.44,75.0,0.49,35.0,0.5,40.5,0.51,65.68,0.52,72.5,0.53,212.38,0.01,0.01,2385.026375,1776163017000
1776163018.848,118.848,0.51,35.0,0.5,40.5,0.49,65.68,0.48,72.5,0.47,212.38,0.52,37.93,0.53,80.5,0.54,45.0,0.55,96.5,0.56,75.0,0.48,37.93,0.47,80.5,0.46,45.0,0.45,96.5,0.44,75.0,0.49,35.0,0.5,40.5,0.51,65.68,0.52,72.5,0.53,212.38,0.01,0.01,2385.026925,1776163018000
1776163019.154,119.154,0.51,45.09,0.5,45.5,0.49,60.68,0.48,72.5,0.47,212.38,0.52,24.13,0.53,75.5,0.54,45.0,0.55,86.5,0.56,85.0,0.48,30.06,0.47,80.5,0.46,45.0,0.45,86.5,0.44,85.0,0.49,35.09,0.5,40.5,0.51,65.68,0.52,72.5,0.53,212.38,0.01,0.01,2385.026925,1776163018000
1776163019.413,119.413,0.52,54.41,0.51,100.59,0.5,75.27,0.49,68.45,0.48,56.0,0.53,35.0,0.55,25.0,0.56,50.0,0.57,15.0,0.58,60.0,0.48,24.13,0.47,75.5,0.46,45.0,0.45,86.5,0.44,85.0,0.49,45.09,0.5,45.5,0.51,60.68,0.52,72.5,0.53,212.38,0.01,0.01,2385.026925,1776163018000
1776163019.696,119.696,0.57,30.5,0.56,116.5,0.55,145.49,0.54,80.0,0.53,41.5,0.59,10.0,0.6,70.0,0.61,10.0,0.62,20.0,0.63,15.85,0.47,35.0,0.45,25.0,0.44,50.0,0.43,15.0,0.42,60.0,0.48,54.41,0.49,100.59,0.5,75.27,0.51,68.45,0.52,56.0,0.02,0.01,2385.026925,1776163018000
1776163020.112,120.112,0.6,37.0,0.59,52.5,0.58,56.5,0.57,106.49,0.56,141.77,0.61,19.5,0.62,30.5,0.63,26.35,0.64,25.0,0.65,45.0,0.41,10.0,0.4,70.0,0.39,10.0,0.38,20.0,0.37,15.85,0.43,30.5,0.44,116.5,0.45,145.49,0.46,80.0,0.47,41.5,0.01,0.02,2385.026925,1776163018000
1776163020.351,120.351,0.6,49.5,0.59,45.5,0.58,120.49,0.57,56.27,0.56,116.0,0.61,9.0,0.62,25.0,0.63,26.35,0.64,20.0,0.65,15.0,0.39,19.5,0.38,30.5,0.37,26.35,0.36,25.0,0.35,45.0,0.4,37.0,0.41,52.5,0.42,56.5,0.43,106.49,0.44,141.77,0.01,0.01,2385.052195,1776163019000
1776163020.588,120.588,0.6,220.49,0.59,61.27,0.58,55.5,0.57,90.5,0.56,116.0,0.62,10.0,0.63,5.85,0.64,10.0,0.65,10.0,0.66,35.0,0.39,6.62,0.38,10.0,0.37,5.85,0.36,10.0,0.35,10.0,0.4,165.27,0.41,61.27,0.42,45.5,0.43,90.5,0.44,116.0,0.02,0.01,2385.052195,1776163019000
1776163021.032,121.032,0.64,66.5,0.63,67.5,0.62,48.0,0.61,145.49,0.6,117.5,0.66,40.0,0.67,30.5,0.68,120.0,0.69,165.0,0.7,105.0,0.35,10.0,0.34,35.0,0.33,20.0,0.32,120.0,0.31,195.0,0.38,10.0,0.39,25.5,0.4,221.49,0.41,67.27,0.42,55.5,0.02,0.03,2385.052195,1776163019000
1776163021.245,121.245,0.65,19.0,0.64,51.5,0.63,52.5,0.62,48.0,0.61,145.49,0.66,50.0,0.67,30.5,0.68,120.0,0.69,165.0,0.7,75.0,0.34,40.0,0.33,30.5,0.32,120.0,0.31,165.0,0.3,105.0,0.36,66.5,0.37,67.5,0.38,48.0,0.39,145.49,0.4,117.5,0.01,0.02,2385.052195,1776163019000
1776163021.656,121.656,0.65,19.0,0.64,51.5,0.63,52.5,0.62,48.0,0.61,145.49,0.66,50.0,0.67,30.5,0.68,120.0,0.69,165.0,0.7,75.0,0.34,50.0,0.33,30.5,0.32,120.0,0.31,165.0,0.3,75.0,0.35,19.0,0.36,51.5,0.37,52.5,0.38,48.0,0.39,145.49,0.01,0.01,2385.10285,1776163020000
1776163022.262,122.262,0.65,24.0,0.64,46.0,0.63,57.5,0.62,53.0,0.61,75.5,0.66,18.29,0.67,30.5,0.68,130.0,0.69,185.0,0.7,95.0,0.34,50.0,0.33,30.5,0.32,120.0,0.31,165.0,0.3,75.0,0.35,19.0,0.36,51.5,0.37,52.5,0.38,48.0,0.39,145.49,0.01,0.01,2385.10285,1776163020000
1776163023.072,123.072,0.65,13.42,0.64,66.0,0.63,67.5,0.62,63.0,0.61,85.5,0.66,42.29,0.67,30.5,0.68,130.0,0.69,190.0,0.7,95.0,0.34,18.29,0.33,30.5,0.32,130.0,0.31,185.0,0.3,95.0,0.35,24.0,0.36,46.0,0.37,57.5,0.38,53.0,0.39,75.5,0.01,0.01,2385.415963,1776163021000
1776163023.341,123.341,0.65,13.42,0.64,66.0,0.63,67.5,0.62,63.0,0.61,85.5,0.66,25.17,0.67,30.5,0.68,130.0,0.69,190.0,0.7,95.0,0.34,25.17,0.33,30.5,0.32,130.0,0.31,190.0,0.3,95.0,0.35,13.42,0.36,66.0,0.37,67.5,0.38,63.0,0.39,85.5,0.01,0.01,2385.589224,1776163022000
1776163023.948,123.948,0.65,33.42,0.64,71.5,0.63,62.5,0.62,58.0,0.61,80.5,0.66,9.05,0.67,30.5,0.68,135.0,0.69,185.0,0.7,90.0,0.34,25.17,0.33,30.5,0.32,130.0,0.31,190.0,0.3,95.0,0.35,13.42,0.36,66.0,0.37,67.5,0.38,63.0,0.39,85.5,0.01,0.01,2385.589224,1776163022000
1776163024.788,124.788,0.65,9.0,0.64,25.0,0.63,36.5,0.62,37.0,0.61,80.5,0.66,40.55,0.67,45.5,0.68,140.0,0.69,196.0,0.7,111.0,0.34,9.05,0.33,30.5,0.32,135.0,0.31,185.0,0.3,90.0,0.35,33.42,0.36,71.5,0.37,62.5,0.38,58.0,0.39,80.5,0.01,0.01,2385.633865,1776163023000
1776163025.141,125.141,0.65,9.0,0.64,25.0,0.63,36.5,0.62,37.0,0.61,80.5,0.66,40.55,0.67,45.5,0.68,140.0,0.69,196.0,0.7,111.0,0.34,40.55,0.33,45.5,0.32,140.0,0.31,196.0,0.3,111.0,0.35,9.0,0.36,25.0,0.37,36.5,0.38,37.0,0.39,80.5,0.01,0.01,2385.659365,1776163024000
1776163025.862,125.862,0.65,52.0,0.64,66.5,0.63,57.5,0.62,47.0,0.61,80.5,0.66,1.0,0.67,30.5,0.68,130.0,0.69,175.0,0.7,90.0,0.34,40.55,0.33,45.5,0.32,140.0,0.31,196.0,0.3,111.0,0.35,9.0,0.36,25.0,0.37,36.5,0.38,37.0,0.39,80.5,0.01,0.01,2385.659365,1776163024000
1776163026.202,126.202,0.65,52.0,0.64,66.5,0.63,57.5,0.62,47.0,0.61,80.5,0.66,1.0,0.67,30.5,0.68,130.0,0.69,175.0,0.7,90.0,0.34,1.0,0.33,30.5,0.32,130.0,0.31,175.0,0.3,90.0,0.35,52.0,0.36,66.5,0.37,57.5,0.38,47.0,0.39,80.5,0.01,0.01,2385.653035,1776163025000
1776163027.333,127.333,0.65,52.0,0.64,66.5,0.63,57.5,0.62,47.0,0.61,80.5,0.66,1.0,0.67,30.5,0.68,130.0,0.69,175.0,0.7,90.0,0.34,1.0,0.33,30.5,0.32,130.0,0.31,175.0,0.3,90.0,0.35,52.0,0.36,66.5,0.37,57.5,0.38,47.0,0.39,80.5,0.01,0.01,2385.634635,1776163026000
1776163027.885,127.885,0.65,32.0,0.64,50.5,0.63,36.5,0.62,47.0,0.61,80.5,0.66,37.75,0.67,30.5,0.68,140.0,0.69,175.0,0.7,121.0,0.34,37.75,0.33,30.5,0.32,140.0,0.31,175.0,0.3,121.0,0.35,32.0,0.36,50.5,0.37,36.5,0.38,47.0,0.39,80.5,0.01,0.01,2385.640618,1776163027000
1776163028.249,128.249,0.65,37.0,0.64,45.5,0.63,36.5,0.62,47.0,0.61,90.5,0.66,39.24,0.67,30.5,0.68,140.0,0.69,175.0,0.7,121.0,0.34,37.75,0.33,30.5,0.32,140.0,0.31,175.0,0.3,121.0,0.35,32.0,0.36,50.5,0.37,36.5,0.38,47.0,0.39,80.5,0.01,0.01,2385.640618,1776163027000
1776163028.724,128.724,0.65,26.91,0.64,35.0,0.63,41.5,0.62,47.0,0.61,80.5,0.66,39.24,0.67,30.5,0.68,140.0,0.69,175.0,0.7,131.0,0.34,39.24,0.33,30.5,0.32,140.0,0.31,175.0,0.3,121.0,0.35,37.0,0.36,45.5,0.37,36.5,0.38,47.0,0.39,90.5,0.01,0.01,2385.640618,1776163027000
1776163028.953,128.953,0.65,24.99,0.64,45.5,0.63,36.5,0.62,47.0,0.61,80.5,0.66,34.15,0.67,30.5,0.68,161.0,0.69,196.0,0.7,131.0,0.34,34.15,0.33,30.5,0.32,140.0,0.31,175.0,0.3,131.0,0.35,26.91,0.36,35.0,0.37,41.5,0.38,47.0,0.39,80.5,0.01,0.01,2385.640618,1776163027000
1776163029.199,129.199,0.65,25.71,0.64,45.5,0.63,36.5,0.62,52.0,0.61,80.5,0.66,28.23,0.67,35.5,0.68,161.0,0.69,196.0,0.7,131.0,0.34,29.75,0.33,30.5,0.32,161.0,0.31,196.0,0.3,131.0,0.35,15.71,0.36,45.5,0.37,36.5,0.38,52.0,0.39,80.5,0.01,0.01,2385.662285,1776163028000
1776163030.248,130.248,0.65,25.71,0.64,45.5,0.63,36.5,0.62,52.0,0.61,80.5,0.66,28.23,0.67,35.5,0.68,161.0,0.69,196.0,0.7,131.0,0.34,28.23,0.33,35.5,0.32,161.0,0.31,196.0,0.3,131.0,0.35,25.71,0.36,45.5,0.37,36.5,0.38,52.0,0.39,80.5,0.01,0.01,2385.663495,1776163029000
1776163031.251,131.251,0.65,25.71,0.64,45.5,0.63,36.5,0.62,52.0,0.61,80.5,0.66,28.23,0.67,35.5,0.68,161.0,0.69,196.0,0.7,131.0,0.34,28.23,0.33,35.5,0.32,161.0,0.31,196.0,0.3,131.0,0.35,25.71,0.36,45.5,0.37,36.5,0.38,52.0,0.39,80.5,0.01,0.01,2385.676835,1776163030000
1776163031.68,131.68,0.59,7.9,0.58,5.09,0.57,25.0,0.56,65.0,0.54,25.0,0.6,10.0,0.61,45.5,0.62,45.5,0.63,71.5,0.64,52.0,0.34,28.23,0.33,35.5,0.32,161.0,0.31,196.0,0.3,131.0,0.35,25.71,0.36,45.5,0.37,36.5,0.38,52.0,0.39,80.5,0.01,0.01,2385.676835,1776163030000
1776163031.893,131.893,0.49,5.27,0.48,80.0,0.47,266.38,0.46,60.0,0.45,155.0,0.52,20.5,0.53,15.0,0.54,10.0,0.55,10.0,0.56,60.0,0.47,5.63,0.43,10.0,0.42,10.0,0.41,20.5,0.4,36.5,0.49,5.09,0.5,25.0,0.51,10.18,0.52,80.0,0.53,276.38,0.03,0.02,2385.676835,1776163030000
1776163032.357,132.357,0.47,201.65,0.46,60.0,0.45,145.0,0.44,85.0,0.43,10.0,0.48,46.37,0.49,20.5,0.5,42.5,0.51,75.5,0.52,48.5,0.5,42.5,0.49,25.5,0.48,27.5,0.47,10.0,0.46,10.0,0.53,261.65,0.54,60.0,0.55,145.0,0.56,85.0,0.57,41.0,0.01,0.03,2385.676835,1776163030000
1776163032.674,132.674,0.47,1.65,0.46,60.0,0.45,145.0,0.44,85.0,0.43,10.0,0.48,26.09,0.49,25.5,0.5,48.5,0.51,70.5,0.52,38.0,0.52,4.7,0.51,20.5,0.5,42.5,0.49,75.5,0.48,48.5,0.53,201.65,0.54,60.0,0.55,145.0,0.56,85.0,0.57,10.0,0.01,0.01,2385.680865,1776163031000
1776163032.899,132.899,0.45,145.0,0.44,85.0,0.43,10.0,0.42,70.0,0.41,80.0,0.48,145.09,0.49,25.5,0.5,42.5,0.51,70.5,0.52,38.0,0.52,26.09,0.51,25.5,0.5,48.5,0.49,70.5,0.48,38.0,0.53,1.65,0.54,60.0,0.55,145.0,0.56,85.0,0.57,10.0,0.03,0.01,2385.680865,1776163031000
1776163033.373,133.373,0.45,145.0,0.44,85.0,0.43,10.0,0.42,70.0,0.41,80.0,0.48,145.09,0.49,25.5,0.5,42.5,0.51,70.5,0.52,38.0,0.52,145.09,0.51,25.5,0.5,42.5,0.49,70.5,0.48,38.0,0.55,145.0,0.56,85.0,0.57,10.0,0.58,70.0,0.59,80.0,0.03,0.03,2385.598855,1776163032000
1776163033.737,133.737,0.43,4.33,0.42,70.0,0.41,90.5,0.4,210.0,0.39,35.0,0.45,114.93,0.46,73.5,0.47,27.5,0.48,81.09,0.49,31.5,0.52,145.09,0.51,25.5,0.5,42.5,0.49,70.5,0.48,38.0,0.55,145.0,0.56,85.0,0.57,10.0,0.58,70.0,0.59,80.0,0.02,0.03,2385.598855,1776163032000
1776163034.026,134.026,0.42,70.0,0.41,90.5,0.4,210.0,0.39,35.0,0.38,52.0,0.44,10.0,0.45,69.5,0.46,68.5,0.47,27.5,0.48,81.09,0.56,10.0,0.55,69.5,0.54,68.5,0.53,27.5,0.52,81.09,0.58,70.0,0.59,90.5,0.6,210.0,0.61,35.0,0.62,52.0,0.02,0.02,2384.926579,1776163033000
1776163034.543,134.543,0.42,8.27,0.41,90.5,0.4,210.0,0.39,35.0,0.38,52.0,0.43,32.0,0.44,52.5,0.45,59.5,0.46,61.5,0.47,20.5,0.56,10.0,0.55,69.5,0.54,68.5,0.53,27.5,0.52,81.09,0.58,70.0,0.59,90.5,0.6,210.0,0.61,35.0,0.62,52.0,0.01,0.02,2384.926579,1776163033000
1776163035.126,135.126,0.41,90.5,0.4,210.0,0.39,35.0,0.38,52.0,0.37,130.0,0.42,14.38,0.43,27.0,0.44,42.5,0.45,52.5,0.46,61.5,0.58,14.38,0.57,27.0,0.56,42.5,0.55,52.5,0.54,61.5,0.59,90.5,0.6,210.0,0.61,35.0,0.62,52.0,0.63,130.0,0.01,0.01,2384.72714,1776163034000
1776163035.98,135.98,0.41,78.8,0.4,210.0,0.39,35.0,0.38,52.0,0.37,130.0,0.42,14.38,0.43,27.0,0.44,47.5,0.45,50.5,0.46,66.5,0.58,14.38,0.57,27.0,0.56,47.5,0.55,50.5,0.54,66.5,0.59,78.8,0.6,210.0,0.61,35.0,0.62,52.0,0.63,130.0,0.01,0.01,2384.574395,1776163035000
1776163036.201,136.201,0.41,73.8,0.4,210.0,0.39,35.0,0.38,52.0,0.37,130.0,0.43,15.38,0.44,32.0,0.45,25.0,0.46,36.5,0.47,40.5,0.58,14.38,0.57,27.0,0.56,47.5,0.55,50.5,0.54,66.5,0.59,78.8,0.6,210.0,0.61,35.0,0.62,52.0,0.63,130.0,0.02,0.01,2384.574395,1776163035000
1776163036.938,136.938,0.41,73.8,0.4,210.0,0.39,35.0,0.38,52.0,0.37,130.0,0.44,26.38,0.45,25.0,0.46,36.5,0.47,40.5,0.48,26.09,0.56,26.38,0.55,25.0,0.54,36.5,0.53,40.5,0.52,26.09,0.59,73.8,0.6,210.0,0.61,35.0,0.62,52.0,0.63,130.0,0.03,0.03,2384.523197,1776163036000
1776163037.376,137.376,0.41,78.8,0.4,215.0,0.39,35.0,0.38,52.0,0.37,140.0,0.42,36.05,0.43,31.0,0.44,57.38,0.45,51.0,0.46,67.5,0.58,38.38,0.57,31.0,0.56,47.38,0.55,51.0,0.54,67.5,0.59,78.8,0.6,215.0,0.61,35.0,0.62,52.0,0.63,130.0,0.01,0.01,2384.523197,1776163036000
1776163037.72,137.72,0.41,68.8,0.4,215.0,0.39,35.0,0.38,53.0,0.37,140.0,0.42,28.43,0.43,31.0,0.44,57.38,0.45,51.0,0.46,67.5,0.58,36.05,0.57,31.0,0.56,57.38,0.55,51.0,0.54,67.5,0.59,78.8,0.6,215.0,0.61,35.0,0.62,52.0,0.63,140.0,0.01,0.01,2384.523197,1776163036000
1776163037.967,137.967,0.41,187.8,0.4,260.0,0.39,77.0,0.38,122.0,0.37,213.99,0.44,10.0,0.46,10.0,0.47,20.0,0.48,20.0,0.49,36.0,0.58,28.43,0.57,31.0,0.56,57.38,0.55,51.0,0.54,67.5,0.59,68.8,0.6,215.0,0.61,35.0,0.62,53.0,0.63,140.0,0.03,0.01,2384.51206,1776163037000
1776163038.484,138.484,0.45,32.4,0.44,55.5,0.43,43.0,0.42,40.5,0.41,128.8,0.46,20.0,0.47,20.0,0.48,20.0,0.49,36.0,0.5,74.0,0.54,15.0,0.53,20.0,0.52,20.0,0.51,36.0,0.5,74.0,0.55,24.4,0.56,45.5,0.57,38.0,0.58,20.5,0.59,164.8,0.01,0.01,2384.51206,1776163037000
1776163038.848,138.848,0.45,32.4,0.44,55.5,0.43,43.0,0.42,40.5,0.41,128.8,0.46,20.0,0.47,20.0,0.48,20.0,0.49,36.0,0.5,74.0,0.54,20.0,0.53,20.0,0.52,20.0,0.51,36.0,0.5,74.0,0.55,32.4,0.56,55.5,0.57,43.0,0.58,40.5,0.59,128.8,0.01,0.01,2384.537225,1776163038000
1776163039.468,139.468,0.44,10.0,0.43,23.0,0.42,20.5,0.41,128.8,0.4,250.0,0.45,76.0,0.46,51.5,0.47,40.5,0.48,35.5,0.49,41.5,0.54,30.0,0.53,20.0,0.52,20.0,0.51,46.5,0.5,84.0,0.55,30.4,0.56,65.5,0.57,43.0,0.58,30.5,0.59,138.8,0.01,0.01,2384.537225,1776163038000
1776163039.937,139.937,0.41,117.76,0.4,210.0,0.39,52.0,0.38,60.0,0.37,130.0,0.43,31.0,0.44,26.0,0.45,57.5,0.46,45.5,0.47,40.5,0.55,76.0,0.54,51.5,0.53,40.5,0.52,35.5,0.51,41.5,0.56,10.0,0.57,23.0,0.58,20.5,0.59,128.8,0.6,250.0,0.02,0.01,2384.537225,1776163038000
1776163040.201,140.201,0.41,117.76,0.4,210.0,0.39,52.0,0.38,60.0,0.37,130.0,0.43,31.0,0.44,26.0,0.45,57.5,0.46,45.5,0.47,40.5,0.57,31.0,0.56,26.0,0.55,57.5,0.54,45.5,0.53,40.5,0.59,117.76,0.6,210.0,0.61,52.0,0.62,60.0,0.63,130.0,0.02,0.02,2384.707075,1776163039000
1776163040.445,140.445,0.42,28.29,0.41,122.76,0.4,210.0,0.39,62.0,0.38,70.0,0.43,36.0,0.44,26.0,0.45,47.0,0.46,50.5,0.47,40.5,0.57,31.0,0.56,26.0,0.55,57.5,0.54,45.5,0.53,40.5,0.59,117.76,0.6,210.0,0.61,52.0,0.62,60.0,0.63,130.0,0.01,0.02,2384.707075,1776163039000
1776163041.458,141.458,0.42,28.29,0.41,122.76,0.4,210.0,0.39,62.0,0.38,70.0,0.43,36.0,0.44,26.0,0.45,47.0,0.46,50.5,0.47,40.5,0.57,36.0,0.56,26.0,0.55,47.0,0.54,50.5,0.53,40.5,0.58,28.29,0.59,122.76,0.6,210.0,0.61,62.0,0.62,70.0,0.01,0.01,2384.72895,1776163040000
1776163041.976,141.976,0.42,28.29,0.41,122.76,0.4,210.0,0.39,62.0,0.38,70.0,0.43,36.0,0.44,26.0,0.45,47.0,0.46,50.5,0.47,40.5,0.57,36.0,0.56,26.0,0.55,47.0,0.54,50.5,0.53,40.5,0.58,28.29,0.59,122.76,0.6,210.0,0.61,62.0,0.62,70.0,0.01,0.01,2384.72825,1776163041000
1776163043.067,143.067,0.42,26.35,0.41,122.76,0.4,215.0,0.39,52.0,0.38,70.0,0.43,41.0,0.44,41.09,0.45,26.0,0.46,50.5,0.47,94.5,0.57,36.0,0.56,26.0,0.55,47.0,0.54,50.5,0.53,40.5,0.58,28.29,0.59,122.76,0.6,210.0,0.61,62.0,0.62,70.0,0.01,0.01,2384.72825,1776163041000
1776163043.977,143.977,0.42,24.41,0.41,122.76,0.4,227.0,0.39,45.0,0.38,131.0,0.43,16.0,0.44,21.09,0.45,36.0,0.46,40.5,0.47,89.5,0.57,41.0,0.56,41.09,0.55,26.0,0.54,50.5,0.53,94.5,0.58,24.41,0.59,122.76,0.6,215.0,0.61,52.0,0.62,70.0,0.01,0.01,2384.672485,1776163042000
1776163044.506,144.506,0.42,21.01,0.41,122.76,0.4,227.0,0.39,35.0,0.38,136.0,0.43,21.0,0.44,21.09,0.45,36.0,0.46,40.5,0.47,89.5,0.57,16.0,0.56,21.09,0.55,36.0,0.54,40.5,0.53,89.5,0.58,24.41,0.59,122.76,0.6,227.0,0.61,45.0,0.62,131.0,0.01,0.01,2384.652135,1776163043000
1776163045.217,145.217,0.42,21.01,0.41,122.76,0.4,227.0,0.39,35.0,0.38,136.0,0.43,21.0,0.44,21.09,0.45,36.0,0.46,40.5,0.47,89.5,0.57,21.0,0.56,21.09,0.55,36.0,0.54,40.5,0.53,89.5,0.58,21.01,0.59,122.76,0.6,227.0,0.61,35.0,0.62,136.0,0.01,0.01,2384.652135,1776163044000
1776163046.108,146.108,0.42,21.01,0.41,122.76,0.4,227.0,0.39,35.0,0.38,136.0,0.43,21.0,0.44,21.09,0.45,36.0,0.46,40.5,0.47,89.5,0.57,21.0,0.56,21.09,0.55,36.0,0.54,40.5,0.53,89.5,0.58,21.01,0.59,122.76,0.6,227.0,0.61,35.0,0.62,136.0,0.01,0.01,2384.659975,1776163045000
1776163047.05,147.05,0.42,21.01,0.41,122.76,0.4,227.0,0.39,35.0,0.38,136.0,0.43,21.0,0.44,21.09,0.45,36.0,0.46,40.5,0.47,89.5,0.57,21.0,0.56,21.09,0.55,36.0,0.54,40.5,0.53,89.5,0.58,21.01,0.59,122.76,0.6,227.0,0.61,35.0,0.62,136.0,0.01,0.01,2384.69032,1776163046000
1776163047.544,147.544,0.4,180.5,0.39,55.5,0.38,60.0,0.37,78.0,0.36,215.0,0.41,58.56,0.42,40.0,0.43,55.5,0.44,115.59,0.45,86.5,0.59,5.0,0.58,76.0,0.57,50.5,0.56,121.59,0.55,86.5,0.6,220.5,0.61,45.5,0.62,60.0,0.63,78.0,0.64,215.0,0.01,0.01,2384.69032,1776163046000
1776163047.964,147.964,0.4,180.5,0.39,55.5,0.38,60.0,0.37,78.0,0.36,215.0,0.41,58.56,0.42,40.0,0.43,55.5,0.44,115.59,0.45,86.5,0.59,58.56,0.58,40.0,0.57,55.5,0.56,115.59,0.55,86.5,0.6,180.5,0.61,55.5,0.62,60.0,0.63,78.0,0.64,215.0,0.01,0.01,2384.67273,1776163047000
1776163048.925,148.925,0.4,180.5,0.39,55.5,0.38,68.0,0.37,70.0,0.36,215.0,0.41,12.56,0.42,40.0,0.43,35.0,0.44,115.59,0.45,61.5,0.59,12.56,0.58,40.0,0.57,35.0,0.56,115.59,0.55,61.5,0.6,180.5,0.61,55.5,0.62,68.0,0.63,70.0,0.64,215.0,0.01,0.01,2384.653375,1776163048000
1776163049.146,149.146,0.4,75.5,0.39,55.5,0.38,68.0,0.37,70.0,0.36,215.0,0.41,30.37,0.42,50.0,0.43,45.5,0.44,115.59,0.45,61.5,0.59,12.56,0.58,40.0,0.57,35.0,0.56,115.59,0.55,61.5,0.6,180.5,0.61,55.5,0.62,68.0,0.63,70.0,0.64,215.0,0.01,0.01,2384.653375,1776163048000
1776163050.332,150.332,0.4,75.5,0.39,55.5,0.38,68.0,0.37,70.0,0.36,215.0,0.41,30.37,0.42,50.0,0.43,45.5,0.44,115.59,0.45,61.5,0.59,30.37,0.58,50.0,0.57,45.5,0.56,115.59,0.55,61.5,0.6,75.5,0.61,55.5,0.62,68.0,0.63,70.0,0.64,215.0,0.01,0.01,2384.603375,1776163049000
1776163051.64,151.64,0.4,75.5,0.39,55.5,0.38,68.0,0.37,70.0,0.36,215.0,0.41,30.37,0.42,50.0,0.43,45.5,0.44,115.59,0.45,61.5,0.59,30.37,0.58,50.0,0.57,45.5,0.56,115.59,0.55,61.5,0.6,75.5,0.61,55.5,0.62,68.0,0.63,70.0,0.64,215.0,0.01,0.01,2384.582465,1776163050000
1776163052.08,152.08,0.31,65.0,0.3,40.0,0.29,120.5,0.28,118.0,0.27,10.0,0.32,92.5,0.33,30.5,0.34,36.5,0.35,55.5,0.36,30.5,0.59,30.37,0.58,50.0,0.57,45.5,0.56,115.59,0.55,61.5,0.6,75.5,0.61,55.5,0.62,68.0,0.63,70.0,0.64,215.0,0.01,0.01,2384.582465,1776163050000
1776163052.39,152.39,0.31,24.77,0.3,30.0,0.29,110.0,0.28,128.5,0.27,20.0,0.32,131.5,0.33,40.5,0.34,46.5,0.35,65.5,0.36,40.5,0.68,92.5,0.67,30.5,0.66,36.5,0.65,55.5,0.64,30.5,0.69,62.82,0.7,40.0,0.71,120.5,0.72,118.0,0.73,10.0,0.01,0.01,2384.559285,1776163051000
1776163052.626,152.626,0.3,30.0,0.29,110.0,0.28,128.5,0.27,20.0,0.26,90.0,0.32,177.5,0.33,45.5,0.34,51.5,0.35,65.5,0.36,35.5,0.68,131.5,0.67,40.5,0.66,46.5,0.65,65.5,0.64,40.5,0.69,24.77,0.7,30.0,0.71,110.0,0.72,128.5,0.73,20.0,0.02,0.01,2384.559285,1776163051000
1776163052.895,152.895,0.3,21.87,0.29,160.5,0.28,130.5,0.27,20.0,0.26,91.0,0.31,64.0,0.32,45.0,0.33,20.0,0.34,47.0,0.35,41.0,0.68,177.5,0.67,45.5,0.66,51.5,0.65,65.5,0.64,35.5,0.7,30.0,0.71,110.0,0.72,128.5,0.73,20.0,0.74,90.0,0.01,0.02,2384.559285,1776163051000
1776163053.242,153.242,0.3,129.87,0.29,245.5,0.28,160.5,0.27,139.99,0.26,148.77,0.31,5.0,0.32,15.0,0.33,15.0,0.34,42.0,0.35,41.0,0.69,15.0,0.68,15.0,0.67,15.0,0.66,42.0,0.65,41.0,0.7,109.41,0.71,245.5,0.72,135.5,0.73,64.77,0.74,148.77,0.01,0.01,2384.559285,1776163051000
1776163053.53,153.53,0.3,46.87,0.29,300.5,0.28,150.5,0.27,49.77,0.26,198.99,0.33,15.0,0.34,42.0,0.35,41.0,0.36,46.0,0.37,76.0,0.67,15.0,0.66,42.0,0.65,41.0,0.64,46.0,0.63,76.0,0.7,46.87,0.71,300.5,0.72,150.5,0.73,49.77,0.74,198.99,0.03,0.03,2384.376356,1776163052000
1776163054.012,154.012,0.3,51.87,0.29,305.5,0.28,150.5,0.27,25.0,0.26,198.99,0.32,23.0,0.33,15.0,0.34,42.0,0.35,51.5,0.36,46.0,0.69,4.0,0.68,18.0,0.67,15.0,0.66,42.0,0.65,41.0,0.7,51.87,0.71,300.5,0.72,150.5,0.73,25.0,0.74,198.99,0.02,0.01,2384.376356,1776163052000
1776163054.828,154.828,0.31,25.5,0.3,31.87,0.29,305.5,0.28,165.5,0.27,25.0,0.32,23.0,0.33,20.0,0.34,42.0,0.35,61.5,0.36,46.0,0.68,23.0,0.67,15.0,0.66,42.0,0.65,51.5,0.64,46.0,0.7,51.87,0.71,305.5,0.72,150.5,0.73,25.0,0.74,198.99,0.01,0.02,2384.083645,1776163053000
1776163055.111,155.111,0.31,26.0,0.3,31.87,0.29,305.5,0.28,165.5,0.27,25.0,0.32,23.0,0.33,20.0,0.34,42.0,0.35,61.5,0.36,46.0,0.68,23.0,0.67,20.0,0.66,42.0,0.65,61.5,0.64,46.0,0.69,25.5,0.7,31.87,0.71,305.5,0.72,165.5,0.73,25.0,0.01,0.01,2384.083645,1776163053000
1776163055.577,155.577,0.31,497.49,0.3,75.0,0.29,112.5,0.28,160.5,0.27,41.0,0.37,25.0,0.39,5.0,0.41,20.0,0.42,61.0,0.44,30.09,0.68,23.0,0.67,20.0,0.66,42.0,0.65,61.5,0.64,46.0,0.71,305.5,0.72,165.5,0.73,25.0,0.74,187.99,0.75,119.2,0.06,0.03,2384.083645,1776163053000
1776163056.01,156.01,0.41,48.5,0.4,30.5,0.39,56.1,0.38,45.5,0.37,213.5,0.42,16.0,0.43,26.0,0.44,50.59,0.45,25.0,0.46,61.0,0.59,10.0,0.58,61.0,0.56,35.09,0.55,20.0,0.54,30.0,0.61,25.1,0.62,48.5,0.63,181.5,0.64,162.99,0.65,119.0,0.01,0.02,2384.183042,1776163054000
1776163056.247,156.247,0.42,2.75,0.41,48.5,0.4,30.5,0.39,56.1,0.38,45.5,0.43,5.0,0.44,50.59,0.45,25.0,0.46,50.0,0.47,35.0,0.57,5.0,0.56,50.59,0.55,25.0,0.54,50.0,0.53,35.0,0.58,2.75,0.59,48.5,0.6,30.5,0.61,56.1,0.62,45.5,0.01,0.01,2384.22634,1776163055000
1776163056.49,156.49,0.42,10.0,0.41,48.5,0.4,40.5,0.39,61.1,0.38,45.5,0.44,36.36,0.45,25.0,0.46,50.0,0.47,35.0,0.48,66.0,0.57,5.0,0.56,50.59,0.55,25.0,0.54,50.0,0.53,35.0,0.58,2.75,0.59,48.5,0.6,30.5,0.61,56.1,0.62,45.5,0.02,0.01,2384.22634,1776163055000
1776163057.233,157.233,0.43,25.5,0.42,20.35,0.41,53.5,0.4,35.5,0.39,61.1,0.44,11.11,0.45,15.0,0.46,55.5,0.47,35.0,0.48,56.0,0.57,5.0,0.56,15.86,0.55,35.5,0.54,50.0,0.53,35.0,0.58,5.35,0.59,48.5,0.6,40.5,0.61,127.09,0.62,55.5,0.01,0.01,2384.22634,1776163055000
1776163057.621,157.621,0.43,25.5,0.42,20.35,0.41,53.5,0.4,35.5,0.39,61.1,0.44,11.11,0.45,15.0,0.46,55.5,0.47,35.0,0.48,56.0,0.56,11.11,0.55,15.0,0.54,55.5,0.53,35.0,0.52,56.0,0.57,25.5,0.58,20.35,0.59,53.5,0.6,35.5,0.61,61.1,0.01,0.01,2384.332938,1776163056000
1776163057.861,157.861,0.41,23.0,0.4,15.5,0.39,61.6,0.38,112.49,0.37,232.0,0.42,15.0,0.43,20.5,0.44,25.5,0.45,30.5,0.46,55.5,0.56,11.11,0.55,15.0,0.54,55.5,0.53,35.0,0.52,56.0,0.57,25.5,0.58,20.35,0.59,53.5,0.6,35.5,0.61,61.1,0.01,0.01,2384.332938,1776163056000
1776163058.104,158.104,0.41,23.0,0.4,15.5,0.39,61.6,0.38,112.49,0.37,232.0,0.43,25.5,0.44,25.5,0.45,35.5,0.46,65.5,0.47,35.0,0.58,15.0,0.57,20.5,0.56,25.5,0.55,30.5,0.54,55.5,0.59,23.0,0.6,15.5,0.61,61.6,0.62,112.49,0.63,232.0,0.02,0.01,2384.332938,1776163056000
1776163058.436,158.436,0.39,63.66,0.38,112.49,0.37,232.0,0.36,133.0,0.35,186.0,0.42,15.0,0.43,25.5,0.44,30.5,0.45,35.5,0.46,65.5,0.58,15.0,0.57,25.5,0.56,30.5,0.55,35.5,0.54,65.5,0.61,63.66,0.62,112.49,0.63,232.0,0.64,133.0,0.65,186.0,0.03,0.03,2384.522272,1776163057000
1776163058.775,158.775,0.38,24.5,0.37,193.5,0.36,125.0,0.35,275.22,0.34,96.0,0.4,20.0,0.41,30.0,0.42,30.5,0.43,20.5,0.44,30.5,0.6,15.0,0.59,30.0,0.58,20.5,0.57,20.5,0.56,35.5,0.61,10.0,0.62,35.5,0.63,183.5,0.64,194.99,0.65,215.0,0.02,0.01,2384.522272,1776163057000
1776163059.094,159.094,0.38,29.5,0.37,193.5,0.36,183.99,0.35,225.0,0.34,67.0,0.39,17.71,0.4,15.0,0.41,30.0,0.42,30.5,0.43,25.5,0.61,17.71,0.6,15.0,0.59,30.0,0.58,30.5,0.57,25.5,0.62,29.5,0.63,193.5,0.64,183.99,0.65,225.0,0.66,67.0,0.01,0.01,2384.608856,1776163058000
1776163060.169,160.169,0.38,39.5,0.37,188.5,0.36,120.0,0.35,191.0,0.34,144.99,0.39,8.06,0.4,30.0,0.41,25.0,0.42,40.5,0.43,30.5,0.61,17.71,0.6,15.0,0.59,30.0,0.58,30.5,0.57,25.5,0.62,29.5,0.63,193.5,0.64,183.99,0.65,225.0,0.66,67.0,0.01,0.01,2384.608856,1776163058000
1776163060.406,160.406,0.38,44.5,0.37,188.5,0.36,120.0,0.35,191.0,0.34,144.99,0.39,5.49,0.4,30.0,0.41,25.0,0.42,40.5,0.43,30.5,0.61,5.49,0.6,30.0,0.59,25.0,0.58,40.5,0.57,30.5,0.62,44.5,0.63,188.5,0.64,120.0,0.65,191.0,0.66,144.99,0.01,0.01,2384.71003,1776163059000
1776163060.951,160.951,0.38,44.5,0.37,188.5,0.36,120.0,0.35,191.0,0.34,144.99,0.39,5.49,0.4,30.0,0.41,25.0,0.42,40.5,0.43,30.5,0.61,5.49,0.6,30.0,0.59,25.0,0.58,40.5,0.57,30.5,0.62,44.5,0.63,188.5,0.64,120.0,0.65,191.0,0.66,144.99,0.01,0.01,2384.706445,1776163060000
1776163061.167,161.167,0.38,20.01,0.37,198.5,0.36,130.0,0.35,248.99,0.34,94.77,0.4,20.0,0.41,30.0,0.42,40.5,0.43,30.5,0.44,30.5,0.6,20.0,0.59,25.0,0.58,40.5,0.57,30.5,0.56,30.5,0.62,30.1,0.63,198.5,0.64,130.0,0.65,248.99,0.66,94.77,0.02,0.02,2384.706445,1776163060000
1776163062.342,162.342,0.38,20.01,0.37,198.5,0.36,130.0,0.35,248.99,0.34,94.77,0.4,20.0,0.41,30.0,0.42,40.5,0.43,30.5,0.44,30.5,0.6,20.0,0.59,30.0,0.58,40.5,0.57,30.5,0.56,30.5,0.62,20.01,0.63,198.5,0.64,130.0,0.65,248.99,0.66,94.77,0.02,0.02,2384.690965,1776163061000
1776163062.703,162.703,0.39,55.5,0.38,30.01,0.37,198.5,0.36,145.0,0.35,283.79,0.41,15.0,0.42,56.0,0.43,51.5,0.44,30.5,0.45,30.5,0.6,20.0,0.59,30.0,0.58,40.5,0.57,30.5,0.56,30.5,0.62,20.01,0.63,198.5,0.64,130.0,0.65,248.99,0.66,94.77,0.02,0.02,2384.690965,1776163061000
1776163063.522,163.522,0.39,55.5,0.38,30.01,0.37,198.5,0.36,145.0,0.35,283.79,0.41,15.0,0.42,56.0,0.43,51.5,0.44,30.5,0.45,30.5,0.59,15.0,0.58,56.0,0.57,51.5,0.56,30.5,0.55,30.5,0.61,55.5,0.62,30.01,0.63,198.5,0.64,145.0,0.65,283.79,0.02,0.02,2384.663955,1776163062000
1776163063.828,163.828,0.45,353.96,0.44,187.25,0.43,65.5,0.42,220.49,0.41,279.0,0.47,10.0,0.48,35.0,0.49,10.0,0.5,126.0,0.51,52.0,0.59,15.0,0.58,56.0,0.57,51.5,0.56,30.5,0.55,30.5,0.61,55.5,0.62,30.01,0.63,198.5,0.64,145.0,0.65,283.79,0.02,0.02,2384.663955,1776163062000
1776163064.19,164.19,0.45,353.96,0.44,187.25,0.43,65.5,0.42,220.49,0.41,279.0,0.47,10.0,0.48,35.0,0.49,10.0,0.5,126.0,0.51,52.0,0.53,10.0,0.52,35.0,0.51,10.0,0.5,126.0,0.49,52.0,0.55,353.96,0.56,187.25,0.57,65.5,0.58,220.49,0.59,279.0,0.02,0.02,2384.672455,1776163063000
1776163064.393,164.393,0.46,71.12,0.45,270.96,0.44,187.25,0.43,85.5,0.42,239.99,0.47,15.0,0.48,40.0,0.49,10.0,0.5,126.0,0.51,52.0,0.53,10.0,0.52,35.0,0.51,10.0,0.5,126.0,0.49,52.0,0.55,353.96,0.56,187.25,0.57,65.5,0.58,220.49,0.59,279.0,0.01,0.02,2384.672455,1776163063000
1776163064.802,164.802,0.46,84.02,0.45,270.96,0.44,187.25,0.43,85.5,0.42,239.99,0.47,15.0,0.48,40.0,0.49,10.0,0.5,126.0,0.51,52.0,0.53,15.0,0.52,40.0,0.51,10.0,0.5,126.0,0.49,52.0,0.54,71.12,0.55,270.96,0.56,187.25,0.57,85.5,0.58,239.99,0.01,0.01,2384.672455,1776163063000
1776163066.161,166.161,0.46,84.02,0.45,270.96,0.44,187.25,0.43,85.5,0.42,239.99,0.47,15.0,0.48,40.0,0.49,10.0,0.5,126.0,0.51,52.0,0.53,15.0,0.52,40.0,0.51,10.0,0.5,126.0,0.49,52.0,0.54,84.02,0.55,270.96,0.56,187.25,0.57,85.5,0.58,239.99,0.01,0.01,2384.816667,1776163064000
1776163066.903,166.903,0.46,84.02,0.45,270.96,0.44,187.25,0.43,85.5,0.42,239.99,0.47,15.0,0.48,40.0,0.49,10.0,0.5,126.0,0.51,52.0,0.53,15.0,0.52,40.0,0.51,10.0,0.5,126.0,0.49,52.0,0.54,84.02,0.55,270.96,0.56,187.25,0.57,85.5,0.58,239.99,0.01,0.01,2384.93262,1776163065000
1776163067.585,167.585,0.46,84.02,0.45,270.96,0.44,187.25,0.43,85.5,0.42,239.99,0.47,15.0,0.48,40.0,0.49,10.0,0.5,126.0,0.51,52.0,0.53,15.0,0.52,40.0,0.51,10.0,0.5,126.0,0.49,52.0,0.54,84.02,0.55,270.96,0.56,187.25,0.57,85.5,0.58,239.99,0.01,0.01,2384.99298,1776163066000
1776163067.826,167.826,0.49,13.39,0.48,37.0,0.47,47.5,0.46,51.02,0.45,246.96,0.5,110.0,0.51,25.5,0.52,50.0,0.53,126.0,0.54,40.0,0.53,15.0,0.52,40.0,0.51,10.0,0.5,126.0,0.49,52.0,0.54,84.02,0.55,270.96,0.56,187.25,0.57,85.5,0.58,239.99,0.01,0.01,2384.99298,1776163066000
1776163068.514,168.514,0.49,13.39,0.48,37.0,0.47,47.5,0.46,51.02,0.45,246.96,0.5,110.0,0.51,25.5,0.52,50.0,0.53,126.0,0.54,40.0,0.5,110.0,0.49,25.5,0.48,50.0,0.47,126.0,0.46,40.0,0.51,13.39,0.52,37.0,0.53,47.5,0.54,51.02,0.55,246.96,0.01,0.01,2384.998014,1776163067000
1776163069.199,169.199,0.49,13.39,0.48,37.0,0.47,47.5,0.46,51.02,0.45,246.96,0.5,110.0,0.51,25.5,0.52,50.0,0.53,126.0,0.54,40.0,0.5,110.0,0.49,25.5,0.48,50.0,0.47,126.0,0.46,40.0,0.51,13.39,0.52,37.0,0.53,47.5,0.54,51.02,0.55,246.96,0.01,0.01,2385.020432,1776163068000
1776163069.805,169.805,0.51,20.0,0.5,35.5,0.49,62.39,0.48,66.5,0.47,63.5,0.52,45.0,0.53,140.0,0.54,50.5,0.55,25.0,0.56,71.0,0.5,110.0,0.49,25.5,0.48,50.0,0.47,126.0,0.46,40.0,0.51,13.39,0.52,37.0,0.53,47.5,0.54,51.02,0.55,246.96,0.01,0.01,2385.020432,1776163068000
1776163070.618,170.618,0.51,20.0,0.5,35.5,0.49,62.39,0.48,66.5,0.47,63.5,0.52,45.0,0.53,140.0,0.54,50.5,0.55,25.0,0.56,71.0,0.48,45.0,0.47,140.0,0.46,50.5,0.45,25.0,0.44,71.0,0.49,20.0,0.5,35.5,0.51,62.39,0.52,66.5,0.53,63.5,0.01,0.01,2385.025926,1776163069000
1776163071.422,171.422,0.51,20.0,0.5,35.5,0.49,62.39,0.48,66.5,0.47,63.5,0.52,45.0,0.53,140.0,0.54,50.5,0.55,25.0,0.56,71.0,0.48,45.0,0.47,140.0,0.46,50.5,0.45,25.0,0.44,71.0,0.49,20.0,0.5,35.5,0.51,62.39,0.52,66.5,0.53,63.5,0.01,0.01,2385.084777,1776163070000
1776163072.18,172.18,0.51,20.0,0.5,35.5,0.49,62.39,0.48,66.5,0.47,63.5,0.52,45.0,0.53,140.0,0.54,50.5,0.55,25.0,0.56,71.0,0.48,45.0,0.47,140.0,0.46,50.5,0.45,25.0,0.44,71.0,0.49,20.0,0.5,35.5,0.51,62.39,0.52,66.5,0.53,63.5,0.01,0.01,2385.133118,1776163071000
1776163073.102,173.102,0.52,10.0,0.51,303.49,0.5,66.27,0.49,96.0,0.48,130.4,0.54,25.0,0.55,10.0,0.56,10.0,0.57,75.0,0.58,25.0,0.48,45.0,0.47,140.0,0.46,50.5,0.45,25.0,0.44,71.0,0.49,20.0,0.5,35.5,0.51,62.39,0.52,66.5,0.53,63.5,0.02,0.01,2385.133118,1776163071000
1776163073.651,173.651,0.55,55.5,0.54,77.5,0.53,88.5,0.52,114.99,0.51,110.0,0.56,5.0,0.57,65.0,0.58,25.0,0.59,20.0,0.6,102.0,0.46,25.0,0.45,10.0,0.44,10.0,0.43,75.0,0.42,25.0,0.48,10.0,0.49,303.49,0.5,66.27,0.51,96.0,0.52,130.4,0.01,0.02,2385.133118,1776163071000
1776163073.864,173.864,0.56,315.49,0.55,125.53,0.54,72.5,0.53,131.0,0.52,139.0,0.6,85.0,0.62,10.0,0.63,10.0,0.64,20.0,0.65,22.0,0.44,5.0,0.43,65.0,0.42,25.0,0.41,20.0,0.4,102.0,0.45,55.5,0.46,77.5,0.47,88.5,0.48,114.99,0.49,110.0,0.04,0.01,2385.112811,1776163072000
1776163074.138,174.138,0.59,42.39,0.58,90.49,0.57,81.5,0.56,94.0,0.55,64.03,0.6,60.0,0.62,10.0,0.63,20.5,0.64,20.0,0.65,22.0,0.4,85.0,0.38,10.0,0.37,10.0,0.36,20.0,0.35,22.0,0.44,315.49,0.45,125.53,0.46,72.5,0.47,131.0,0.48,139.0,0.01,0.04,2385.112811,1776163072000
1776163074.409,174.409,0.61,25.0,0.6,30.0,0.59,72.39,0.58,100.49,0.57,61.5,0.64,13.12,0.65,22.0,0.66,150.0,0.67,96.0,0.68,161.0,0.4,60.0,0.38,10.0,0.37,20.5,0.36,20.0,0.35,22.0,0.41,42.39,0.42,90.49,0.43,81.5,0.44,94.0,0.45,64.03,0.03,0.01,2385.112811,1776163072000
1776163074.818,174.818,0.63,90.0,0.62,35.0,0.61,62.5,0.6,35.5,0.59,132.38,0.66,168.0,0.67,75.0,0.68,135.0,0.69,191.0,0.7,136.0,0.36,13.12,0.35,22.0,0.34,150.0,0.33,96.0,0.32,161.0,0.39,25.0,0.4,30.0,0.41,72.39,0.42,100.49,0.43,61.5,0.03,0.03,2385.09957,1776163073000
1776163075.236,175.236,0.65,25.82,0.64,25.0,0.63,62.0,0.62,45.5,0.61,57.5,0.66,202.5,0.67,75.0,0.68,135.0,0.69,191.0,0.7,131.0,0.34,168.0,0.33,75.0,0.32,135.0,0.31,191.0,0.3,136.0,0.37,90.0,0.38,35.0,0.39,62.5,0.4,35.5,0.41,132.38,0.01,0.03,2385.09957,1776163073000
1776163076.156,176.156,0.65,15.0,0.64,10.0,0.63,15.0,0.62,15.0,0.61,25.0,0.66,215.92,0.67,106.0,0.68,145.0,0.69,201.0,0.7,126.0,0.34,202.5,0.33,75.0,0.32,135.0,0.31,191.0,0.3,131.0,0.35,25.82,0.36,25.0,0.37,62.0,0.38,45.5,0.39,57.5,0.01,0.01,2385.21599,1776163074000
1776163076.435,176.435,0.64,10.0,0.63,10.0,0.62,10.0,0.61,20.0,0.6,15.0,0.66,250.92,0.67,131.0,0.68,145.0,0.69,201.0,0.7,151.0,0.34,240.92,0.33,106.0,0.32,145.0,0.31,201.0,0.3,126.0,0.36,10.0,0.37,10.0,0.38,10.0,0.39,20.0,0.4,15.0,0.02,0.02,2385.21599,1776163074000
1776163076.874,176.874,0.63,10.0,0.62,10.0,0.61,20.0,0.6,15.0,0.59,25.0,0.66,245.92,0.67,131.0,0.68,145.0,0.69,201.0,0.7,151.0,0.34,245.92,0.33,131.0,0.32,145.0,0.31,201.0,0.3,151.0,0.37,10.0,0.38,10.0,0.39,20.0,0.4,15.0,0.41,25.0,0.03,0.03,2385.47342,1776163075000
1776163077.293,177.293,0.62,20.0,0.61,20.0,0.6,20.0,0.59,25.0,0.58,40.0,0.63,54.5,0.64,42.47,0.65,50.5,0.66,183.92,0.67,236.18,0.36,23.47,0.35,90.5,0.34,206.92,0.33,211.18,0.32,145.0,0.37,5.0,0.38,10.0,0.39,15.0,0.4,10.0,0.41,25.0,0.01,0.01,2385.47342,1776163075000
1776163077.641,177.641,0.6,19.0,0.59,25.0,0.58,40.0,0.57,25.0,0.56,106.22,0.63,65.5,0.64,42.47,0.65,50.5,0.66,183.92,0.67,156.0,0.37,65.5,0.36,42.47,0.35,50.5,0.34,183.92,0.33,156.0,0.4,19.0,0.41,25.0,0.42,40.0,0.43,25.0,0.44,106.22,0.03,0.03,2385.550965,1776163076000
1776163078.405,178.405,0.6,64.25,0.59,40.0,0.58,40.5,0.57,25.0,0.56,115.82,0.61,20.5,0.62,41.5,0.63,30.5,0.64,42.47,0.65,55.5,0.37,65.5,0.36,42.47,0.35,50.5,0.34,183.92,0.33,156.0,0.4,19.0,0.41,25.0,0.42,40.0,0.43,25.0,0.44,106.22,0.01,0.03,2385.550965,1776163076000
1776163078.742,178.742,0.6,61.5,0.59,40.0,0.58,40.5,0.57,25.0,0.56,115.82,0.61,20.5,0.62,41.5,0.63,30.5,0.64,42.47,0.65,55.5,0.39,20.5,0.38,41.5,0.37,30.5,0.36,42.47,0.35,55.5,0.4,64.25,0.41,40.0,0.42,40.5,0.43,25.0,0.44,115.82,0.01,0.01,2385.568442,1776163077000
1776163079.348,179.348,0.6,61.5,0.59,50.5,0.58,40.5,0.57,41.77,0.56,75.6,0.62,27.41,0.63,30.5,0.64,42.47,0.65,35.5,0.66,188.92,0.39,20.5,0.38,41.5,0.37,30.5,0.36,42.47,0.35,55.5,0.4,61.5,0.41,40.0,0.42,40.5,0.43,25.0,0.44,115.82,0.02,0.01,2385.568442,1776163077000
1776163079.908,179.908,0.61,43.0,0.6,38.5,0.59,45.5,0.58,40.5,0.57,91.99,0.62,13.97,0.63,30.5,0.64,42.47,0.65,35.5,0.66,147.92,0.38,27.41,0.37,30.5,0.36,42.47,0.35,35.5,0.34,188.92,0.4,61.5,0.41,50.5,0.42,40.5,0.43,41.77,0.44,75.6,0.01,0.02,2385.55589,1776163078000
1776163080.686,180.686,0.61,58.0,0.6,43.5,0.59,45.5,0.58,50.5,0.57,97.99,0.62,17.47,0.63,30.5,0.64,42.47,0.65,45.5,0.66,157.92,0.38,13.97,0.37,30.5,0.36,42.47,0.35,35.5,0.34,147.92,0.39,43.0,0.4,38.5,0.41,45.5,0.42,40.5,0.43,91.99,0.01,0.01,2385.43185,1776163079000
1776163081.137,181.137,0.61,53.0,0.6,54.0,0.59,45.5,0.58,40.5,0.57,97.99,0.62,9.03,0.63,30.5,0.64,42.47,0.65,35.5,0.66,157.92,0.38,11.84,0.37,30.5,0.36,42.47,0.35,45.5,0.34,157.92,0.39,53.0,0.4,54.0,0.41,45.5,0.42,50.5,0.43,97.99,0.01,0.01,2385.43185,1776163079000
1776163081.519,181.519,0.61,53.0,0.6,54.0,0.59,45.5,0.58,40.5,0.57,97.99,0.62,2.58,0.63,30.5,0.64,42.47,0.65,35.5,0.66,157.92,0.38,9.03,0.37,30.5,0.36,42.47,0.35,35.5,0.34,157.92,0.39,53.0,0.4,54.0,0.41,45.5,0.42,40.5,0.43,97.99,0.01,0.01,2385.43185,1776163079000
1776163081.728,181.728,0.61,53.0,0.6,54.0,0.59,45.5,0.58,40.5,0.57,97.99,0.62,2.58,0.63,30.5,0.64,42.47,0.65,35.5,0.66,157.92,0.38,2.58,0.37,30.5,0.36,42.47,0.35,35.5,0.34,157.92,0.39,53.0,0.4,54.0,0.41,45.5,0.42,40.5,0.43,97.99,0.01,0.01,2385.473744,1776163080000
1776163082.191,182.191,0.6,38.5,0.59,30.0,0.58,20.0,0.57,30.0,0.56,122.22,0.62,25.0,0.63,36.51,0.64,51.47,0.65,55.5,0.66,157.92,0.37,26.51,0.36,42.47,0.35,35.5,0.34,157.92,0.33,131.0,0.39,53.0,0.4,38.5,0.41,45.5,0.42,40.5,0.43,97.99,0.02,0.02,2385.473744,1776163080000
1776163082.45,182.45,0.6,28.5,0.59,35.0,0.58,20.0,0.57,40.5,0.56,117.99,0.61,40.5,0.62,25.0,0.63,36.51,0.64,51.47,0.65,80.5,0.39,26.81,0.38,25.0,0.37,36.51,0.36,51.47,0.35,80.5,0.4,38.5,0.41,35.0,0.42,20.0,0.43,40.5,0.44,117.99,0.01,0.01,2385.473744,1776163080000
1776163083.194,183.194,0.6,28.5,0.59,35.0,0.58,35.5,0.57,40.5,0.56,143.59,0.61,8.89,0.62,15.0,0.63,26.51,0.64,61.47,0.65,45.5,0.39,40.5,0.38,25.0,0.37,36.51,0.36,51.47,0.35,80.5,0.4,28.5,0.41,35.0,0.42,20.0,0.43,40.5,0.44,117.99,0.01,0.01,2385.479015,1776163081000
1776163083.998,183.998,0.6,28.5,0.59,35.0,0.58,35.5,0.57,40.5,0.56,143.59,0.61,8.89,0.62,15.0,0.63,26.51,0.64,61.47,0.65,45.5,0.39,8.89,0.38,15.0,0.37,26.51,0.36,61.47,0.35,45.5,0.4,28.5,0.41,35.0,0.42,35.5,0.43,40.5,0.44,143.59,0.01,0.01,2385.469398,1776163083000
1776163084.661,184.661,0.49,45.0,0.47,10.0,0.46,35.0,0.45,205.46,0.44,194.86,0.51,5.11,0.54,52.5,0.55,50.49,0.56,70.0,0.57,20.0,0.38,13.45,0.37,26.51,0.36,33.47,0.35,53.5,0.34,157.92,0.39,25.0,0.4,39.0,0.41,103.5,0.42,35.5,0.43,99.49,0.02,0.01,2385.469398,1776163083000
1776163084.886,184.886,0.47,10.0,0.46,35.0,0.45,205.46,0.44,194.86,0.43,10.0,0.5,44.05,0.51,65.0,0.52,10.0,0.53,10.0,0.54,54.5,0.49,5.11,0.46,52.5,0.45,50.49,0.44,70.0,0.43,20.0,0.51,45.0,0.53,10.0,0.54,35.0,0.55,205.46,0.56,194.86,0.03,0.02,2385.469398,1776163083000
1776163085.138,185.138,0.47,15.0,0.46,15.0,0.45,205.46,0.44,194.86,0.43,10.0,0.48,7.91,0.49,31.0,0.5,56.05,0.51,86.0,0.52,10.0,0.5,44.05,0.49,65.0,0.48,10.0,0.47,10.0,0.46,54.5,0.53,10.0,0.54,35.0,0.55,205.46,0.56,194.86,0.57,10.0,0.01,0.03,2385.469398,1776163083000
1776163085.462,185.462,0.45,200.46,0.44,189.86,0.43,10.0,0.42,35.0,0.41,82.09,0.48,31.67,0.49,56.5,0.5,61.05,0.51,86.0,0.52,25.0,0.54,5.0,0.53,10.0,0.52,28.41,0.51,56.5,0.5,61.05,0.55,200.46,0.56,184.86,0.57,20.0,0.58,35.0,0.59,82.09,0.03,0.01,2385.469398,1776163083000
1776163085.825,185.825,0.45,155.16,0.44,189.86,0.43,10.0,0.42,45.5,0.41,77.09,0.46,30.5,0.47,89.79,0.48,50.67,0.49,61.5,0.5,63.5,0.54,10.0,0.53,84.79,0.52,36.67,0.51,56.5,0.5,61.05,0.55,172.56,0.56,189.86,0.57,10.0,0.58,35.0,0.59,82.09,0.01,0.01,2385.469398,1776163083000
1776163086.201,186.201,0.45,16.16,0.44,189.86,0.43,20.5,0.42,103.5,0.41,77.09,0.46,25.5,0.47,89.79,0.48,41.67,0.49,46.5,0.5,68.5,0.54,30.5,0.53,89.79,0.52,50.67,0.51,61.5,0.5,63.5,0.55,155.16,0.56,189.86,0.57,10.0,0.58,45.5,0.59,77.09,0.01,0.01,2385.469398,1776163083000
1776163086.439,186.439,0.45,31.16,0.44,189.86,0.43,20.5,0.42,103.5,0.41,77.09,0.46,28.23,0.47,30.5,0.48,36.67,0.49,46.5,0.5,78.5,0.54,25.5,0.53,89.79,0.52,41.67,0.51,46.5,0.5,68.5,0.55,16.16,0.56,189.86,0.57,20.5,0.58,103.5,0.59,77.09,0.01,0.01,2385.369573,1776163085000
1776163086.665,186.665,0.45,18.83,0.44,189.86,0.43,20.0,0.42,45.5,0.41,77.09,0.46,33.23,0.47,98.5,0.48,67.67,0.49,56.5,0.5,113.5,0.54,28.23,0.53,30.5,0.52,36.67,0.51,46.5,0.5,78.5,0.55,31.16,0.56,189.86,0.57,20.5,0.58,103.5,0.59,77.09,0.01,0.01,2385.369573,1776163085000
1776163086.983,186.983,0.45,18.83,0.44,199.86,0.43,78.0,0.42,45.5,0.41,70.09,0.46,32.23,0.47,98.5,0.48,67.67,0.49,66.5,0.5,88.5,0.54,32.23,0.53,98.5,0.52,67.67,0.51,66.5,0.5,88.5,0.55,18.83,0.56,199.86,0.57,78.0,0.58,45.5,0.59,70.09,0.01,0.01,2385.161192,1776163086000
1776163087.505,187.505,0.45,11.5,0.44,257.86,0.43,30.5,0.42,50.5,0.41,70.09,0.46,37.23,0.47,61.5,0.48,120.67,0.49,61.5,0.5,83.5,0.54,32.23,0.53,98.5,0.52,67.67,0.51,66.5,0.5,88.5,0.55,18.83,0.56,199.86,0.57,78.0,0.58,45.5,0.59,70.09,0.01,0.01,2385.161192,1776163086000
1776163088.315,188.315,0.45,11.5,0.44,257.86,0.43,30.5,0.42,50.5,0.41,70.09,0.46,37.23,0.47,61.5,0.48,120.67,0.49,61.5,0.5,83.5,0.54,37.23,0.53,61.5,0.52,120.67,0.51,61.5,0.5,83.5,0.55,11.5,0.56,257.86,0.57,30.5,0.58,50.5,0.59,70.09,0.01,0.01,2384.833198,1776163087000
1776163089.193,189.193,0.44,247.03,0.43,35.5,0.42,45.5,0.41,70.09,0.4,107.0,0.46,37.23,0.47,61.5,0.48,120.67,0.49,61.5,0.5,89.5,0.54,37.23,0.53,61.5,0.52,120.67,0.51,61.5,0.5,89.5,0.56,247.03,0.57,35.5,0.58,45.5,0.59,70.09,0.6,107.0,0.02,0.02,2384.826574,1776163088000
1776163090.069,190.069,0.54,37.5,0.53,37.5,0.52,27.0,0.51,20.0,0.5,40.5,0.56,27.89,0.57,120.5,0.58,31.0,0.59,31.0,0.6,61.09,0.55,20.0,0.54,32.23,0.53,61.5,0.52,59.41,0.51,61.5,0.56,191.76,0.57,93.5,0.58,45.5,0.59,70.09,0.6,107.0,0.02,0.01,2384.826574,1776163088000
1776163090.39,190.39,0.55,4.8,0.54,42.5,0.53,37.5,0.52,20.0,0.51,80.0,0.56,49.89,0.57,125.5,0.58,31.0,0.59,31.0,0.6,61.09,0.44,32.89,0.43,137.5,0.42,31.0,0.41,31.0,0.4,61.09,0.45,9.8,0.46,42.5,0.47,37.5,0.48,27.0,0.49,80.0,0.01,0.01,2384.826574,1776163088000
1776163090.629,190.629,0.55,9.8,0.54,42.5,0.53,37.5,0.52,20.0,0.51,80.0,0.56,47.97,0.57,125.5,0.58,31.0,0.59,31.0,0.6,61.09,0.44,47.97,0.43,125.5,0.42,31.0,0.41,31.0,0.4,61.09,0.45,9.8,0.46,42.5,0.47,37.5,0.48,20.0,0.49,80.0,0.01,0.01,2384.824185,1776163089000
1776163090.903,190.903,0.54,85.0,0.53,27.0,0.52,35.5,0.51,90.0,0.5,40.5,0.56,77.47,0.57,130.5,0.58,104.0,0.59,41.0,0.6,71.09,0.44,47.97,0.43,125.5,0.42,31.0,0.41,31.0,0.4,61.09,0.45,9.8,0.46,42.5,0.47,37.5,0.48,20.0,0.49,80.0,0.02,0.01,2384.824185,1776163089000
1776163091.195,191.195,0.54,85.0,0.53,27.0,0.52,35.5,0.51,90.0,0.5,40.5,0.55,8.3,0.56,68.47,0.57,135.5,0.58,104.0,0.59,41.0,0.45,8.3,0.44,68.47,0.43,135.5,0.42,104.0,0.41,41.0,0.46,85.0,0.47,27.0,0.48,35.5,0.49,90.0,0.5,40.5,0.01,0.01,2384.821456,1776163090000
1776163091.812,191.812,0.55,15.0,0.54,85.0,0.53,37.5,0.52,35.5,0.51,90.0,0.56,68.2,0.57,140.5,0.58,104.0,0.59,41.0,0.6,71.09,0.45,8.3,0.44,68.47,0.43,135.5,0.42,104.0,0.41,41.0,0.46,85.0,0.47,27.0,0.48,35.5,0.49,90.0,0.5,40.5,0.01,0.01,2384.821456,1776163090000
1776163092.459,192.459,0.55,15.0,0.54,85.0,0.53,37.5,0.52,35.5,0.51,90.0,0.56,68.2,0.57,140.5,0.58,104.0,0.59,41.0,0.6,71.09,0.44,68.2,0.43,140.5,0.42,104.0,0.41,41.0,0.4,71.09,0.45,15.0,0.46,85.0,0.47,37.5,0.48,35.5,0.49,90.0,0.01,0.01,2385.08977,1776163091000
1776163093.485,193.485,0.53,63.0,0.52,20.0,0.51,105.5,0.5,40.5,0.49,61.5,0.54,39.36,0.55,40.5,0.56,54.2,0.57,130.5,0.58,57.0,0.46,39.36,0.45,40.5,0.44,54.2,0.43,130.5,0.42,57.0,0.47,63.0,0.48,20.0,0.49,105.5,0.5,40.5,0.51,61.5,0.01,0.01,2385.087222,1776163092000
1776163093.746,193.746,0.44,181.76,0.42,25.0,0.41,30.09,0.4,20.0,0.39,10.0,0.45,78.0,0.46,36.5,0.47,35.5,0.48,15.0,0.49,10.0,0.55,15.0,0.54,36.5,0.53,35.5,0.52,20.0,0.51,10.0,0.56,186.76,0.58,25.0,0.59,30.09,0.6,20.0,0.61,10.0,0.01,0.01,2385.087222,1776163092000
1776163094.069,194.069,0.44,129.61,0.42,25.0,0.41,30.09,0.4,41.0,0.38,20.0,0.45,137.5,0.46,72.5,0.47,63.5,0.48,20.0,0.49,20.0,0.55,105.0,0.54,44.5,0.53,30.5,0.52,15.0,0.51,10.0,0.56,131.76,0.58,25.0,0.59,30.09,0.6,20.0,0.62,20.0,0.01,0.01,2385.087222,1776163092000
1776163094.283,194.283,0.44,28.71,0.41,30.09,0.4,41.0,0.38,20.0,0.37,45.0,0.45,166.27,0.46,72.5,0.47,53.5,0.48,20.0,0.49,20.0,0.55,172.39,0.54,72.5,0.53,53.5,0.52,20.0,0.51,20.0,0.56,103.71,0.58,25.0,0.59,30.09,0.6,41.0,0.62,20.0,0.01,0.01,2385.089675,1776163093000
1776163094.52,194.52,0.41,5.09,0.4,20.0,0.38,10.0,0.37,35.0,0.36,80.0,0.45,240.27,0.46,103.5,0.47,35.5,0.48,50.0,0.49,20.0,0.55,166.27,0.54,72.5,0.53,53.5,0.52,20.0,0.51,20.0,0.56,28.71,0.59,30.09,0.6,41.0,0.62,20.0,0.63,45.0,0.04,0.01,2385.089675,1776163093000
1776163094.738,194.738,0.36,63.28,0.35,110.0,0.34,120.0,0.33,35.0,0.32,90.18,0.37,14.59,0.38,26.0,0.39,10.0,0.4,10.0,0.41,10.0,0.63,20.0,0.62,26.0,0.61,10.0,0.6,10.0,0.59,10.0,0.64,63.28,0.65,110.0,0.66,120.0,0.67,35.0,0.68,90.18,0.01,0.01,2385.089675,1776163093000
1776163095.579,195.579,0.35,110.0,0.34,120.0,0.33,35.0,0.32,90.18,0.31,210.09,0.37,14.59,0.38,16.0,0.39,10.0,0.4,10.0,0.41,10.0,0.63,14.59,0.62,16.0,0.61,10.0,0.6,10.0,0.59,10.0,0.65,110.0,0.66,120.0,0.67,35.0,0.68,90.18,0.69,210.09,0.02,0.02,2385.067092,1776163094000
1776163095.947,195.947,0.34,115.11,0.33,45.5,0.32,100.68,0.31,268.09,0.3,80.0,0.36,125.88,0.37,51.09,0.38,41.0,0.39,36.0,0.4,20.5,0.63,14.59,0.62,16.0,0.61,10.0,0.6,10.0,0.59,10.0,0.65,110.0,0.66,120.0,0.67,35.0,0.68,90.18,0.69,210.09,0.02,0.02,2385.067092,1776163094000
1776163096.426,196.426,0.34,125.11,0.33,45.5,0.32,100.68,0.31,268.09,0.3,80.0,0.35,5.0,0.36,111.88,0.37,51.09,0.38,41.0,0.39,36.0,0.65,5.0,0.64,111.88,0.63,51.09,0.62,41.0,0.61,36.0,0.66,125.11,0.67,45.5,0.68,100.68,0.69,268.09,0.7,80.0,0.01,0.01,2384.766235,1776163095000
1776163097.229,197.229,0.34,125.11,0.33,45.5,0.32,100.68,0.31,268.09,0.3,80.0,0.35,5.0,0.36,111.88,0.37,51.09,0.38,41.0,0.39,36.0,0.65,5.0,0.64,111.88,0.63,51.09,0.62,41.0,0.61,36.0,0.66,125.11,0.67,45.5,0.68,100.68,0.69,268.09,0.7,80.0,0.01,0.01,2384.48935,1776163096000
1776163097.523,197.523,0.32,10.18,0.31,151.09,0.3,70.0,0.29,56.0,0.28,206.0,0.35,257.5,0.36,74.88,0.37,51.09,0.38,36.0,0.39,31.0,0.65,5.0,0.64,111.88,0.63,51.09,0.62,41.0,0.61,36.0,0.66,125.11,0.67,45.5,0.68,100.68,0.69,268.09,0.7,80.0,0.03,0.01,2384.48935,1776163096000
1776163098.088,198.088,0.31,151.09,0.3,70.0,0.29,56.0,0.28,206.0,0.27,31.0,0.33,110.5,0.34,36.5,0.35,116.5,0.36,58.88,0.37,65.59,0.67,10.0,0.66,16.0,0.65,262.5,0.64,68.88,0.63,51.09,0.68,5.18,0.69,151.09,0.7,70.0,0.71,56.0,0.72,206.0,0.02,0.01,2384.48935,1776163096000
1776163098.726,198.726,0.31,72.09,0.3,70.0,0.29,46.0,0.28,196.0,0.27,31.0,0.32,64.5,0.33,50.5,0.34,41.5,0.35,101.0,0.36,43.0,0.67,110.5,0.66,36.5,0.65,116.5,0.64,58.88,0.63,65.59,0.69,151.09,0.7,70.0,0.71,56.0,0.72,206.0,0.73,31.0,0.01,0.02,2384.48935,1776163096000
1776163099.365,199.365,0.31,72.09,0.3,70.0,0.29,46.0,0.28,196.0,0.27,31.0,0.32,64.5,0.33,50.5,0.34,41.5,0.35,101.0,0.36,43.0,0.68,64.5,0.67,50.5,0.66,41.5,0.65,101.0,0.64,43.0,0.69,72.09,0.7,70.0,0.71,46.0,0.72,196.0,0.73,31.0,0.01,0.01,2384.379245,1776163098000
1776163100.195,200.195,0.31,72.09,0.3,70.0,0.29,46.0,0.28,196.0,0.27,31.0,0.32,64.5,0.33,50.5,0.34,41.5,0.35,101.0,0.36,43.0,0.68,64.5,0.67,50.5,0.66,41.5,0.65,101.0,0.64,43.0,0.69,72.09,0.7,70.0,0.71,46.0,0.72,196.0,0.73,31.0,0.01,0.01,2384.284098,1776163099000
1776163100.68,200.68,0.31,103.09,0.3,70.0,0.29,35.5,0.28,195.5,0.27,20.0,0.32,25.0,0.33,42.5,0.34,35.5,0.35,118.0,0.36,22.0,0.68,64.5,0.67,50.5,0.66,41.5,0.65,101.0,0.64,43.0,0.69,72.09,0.7,70.0,0.71,46.0,0.72,196.0,0.73,31.0,0.01,0.01,2384.284098,1776163099000
1776163101.2,201.2,0.31,40.72,0.3,70.0,0.29,93.5,0.28,195.5,0.27,30.0,0.32,73.36,0.33,52.5,0.34,45.5,0.35,70.0,0.36,25.0,0.68,25.0,0.67,42.5,0.66,35.5,0.65,118.0,0.64,22.0,0.69,103.09,0.7,70.0,0.71,35.5,0.72,195.5,0.73,20.0,0.01,0.01,2384.284098,1776163099000
1776163101.553,201.553,0.31,40.72,0.3,70.0,0.29,93.5,0.28,195.5,0.27,30.0,0.32,73.36,0.33,52.5,0.34,45.5,0.35,70.0,0.36,25.0,0.68,73.36,0.67,52.5,0.66,45.5,0.65,70.0,0.64,25.0,0.69,40.72,0.7,70.0,0.71,93.5,0.72,195.5,0.73,30.0,0.01,0.01,2384.195058,1776163100000
1776163102.109,202.109,0.31,40.72,0.3,70.0,0.29,93.5,0.28,195.5,0.27,30.0,0.32,73.36,0.33,52.5,0.34,45.5,0.35,70.0,0.36,25.0,0.68,73.36,0.67,52.5,0.66,45.5,0.65,70.0,0.64,25.0,0.69,40.72,0.7,70.0,0.71,93.5,0.72,195.5,0.73,30.0,0.01,0.01,2384.196918,1776163101000
1776163103.451,203.451,0.31,1.72,0.3,128.0,0.29,45.5,0.28,195.5,0.27,35.0,0.32,82.63,0.33,52.5,0.34,103.5,0.35,70.0,0.36,35.0,0.68,73.36,0.67,52.5,0.66,45.5,0.65,70.0,0.64,25.0,0.69,40.72,0.7,70.0,0.71,93.5,0.72,195.5,0.73,30.0,0.01,0.01,2384.196918,1776163101000
1776163104.456,204.456,0.31,1.72,0.3,128.0,0.29,45.5,0.28,195.5,0.27,35.0,0.32,82.63,0.33,52.5,0.34,103.5,0.35,70.0,0.36,35.0,0.68,82.63,0.67,52.5,0.66,103.5,0.65,70.0,0.64,35.0,0.69,1.72,0.7,128.0,0.71,45.5,0.72,195.5,0.73,35.0,0.01,0.01,2384.211871,1776163103000
1776163104.873,204.873,0.3,46.0,0.29,25.0,0.28,135.0,0.27,80.5,0.26,70.0,0.31,104.5,0.32,57.5,0.33,70.2,0.34,30.0,0.35,70.0,0.69,94.5,0.68,57.5,0.67,70.2,0.66,30.0,0.65,70.0,0.7,58.0,0.71,25.0,0.72,135.0,0.73,80.5,0.74,70.0,0.01,0.01,2384.211871,1776163103000
1776163105.23,205.23,0.3,43.14,0.29,25.0,0.28,135.0,0.27,80.5,0.26,70.0,0.31,172.5,0.32,67.5,0.33,70.2,0.34,30.0,0.35,95.0,0.69,104.5,0.68,57.5,0.67,70.2,0.66,30.0,0.65,70.0,0.7,46.0,0.71,25.0,0.72,135.0,0.73,80.5,0.74,70.0,0.01,0.01,2384.21212,1776163104000
1776163105.835,205.835,0.25,30.33,0.24,70.0,0.23,213.0,0.22,30.0,0.21,250.0,0.28,25.5,0.29,188.88,0.3,42.5,0.31,73.5,0.32,120.75,0.69,172.5,0.68,67.5,0.67,70.2,0.66,30.0,0.65,95.0,0.7,43.14,0.71,25.0,0.72,135.0,0.73,80.5,0.74,70.0,0.03,0.01,2384.21212,1776163104000
1776163106.043,206.043,0.25,7.23,0.24,70.0,0.23,125.0,0.22,10.0,0.21,190.0,0.26,150.5,0.27,71.5,0.28,35.5,0.29,32.88,0.3,27.0,0.74,10.0,0.73,30.5,0.72,30.5,0.71,85.88,0.7,42.5,0.75,30.23,0.76,70.0,0.77,155.0,0.78,10.0,0.79,190.0,0.01,0.01,2384.212579,1776163105000
1776163106.571,206.571,0.21,49.49,0.2,145.0,0.19,170.5,0.18,153.5,0.17,110.0,0.22,101.0,0.23,37.88,0.24,40.5,0.25,35.5,0.26,89.0,0.74,170.5,0.73,76.5,0.72,35.5,0.71,32.88,0.7,27.0,0.76,25.0,0.77,125.0,0.78,10.0,0.79,190.0,0.8,215.0,0.01,0.02,2384.212579,1776163105000
1776163106.837,206.837,0.21,43.73,0.2,145.0,0.19,170.5,0.18,153.5,0.17,110.0,0.22,101.0,0.23,37.88,0.24,40.5,0.25,30.5,0.26,79.0,0.78,101.0,0.77,37.88,0.76,40.5,0.75,30.5,0.74,79.0,0.79,43.73,0.8,145.0,0.81,170.5,0.82,153.5,0.83,110.0,0.01,0.01,2384.204013,1776163106000
1776163107.495,207.495,0.19,50.0,0.18,75.0,0.16,60.0,0.15,330.0,0.14,10.0,0.2,10.88,0.21,257.58,0.22,83.5,0.23,37.88,0.24,26.0,0.78,101.0,0.77,37.88,0.76,40.5,0.75,30.5,0.74,79.0,0.79,43.73,0.8,145.0,0.81,170.5,0.82,153.5,0.83,110.0,0.01,0.01,2384.204013,1776163106000
1776163107.794,207.794,0.19,8.05,0.16,10.0,0.15,330.0,0.14,10.0,0.13,115.0,0.2,29.88,0.21,273.58,0.22,47.0,0.23,25.0,0.24,26.0,0.8,10.88,0.79,248.58,0.78,83.5,0.77,37.88,0.76,26.0,0.81,4.49,0.82,75.0,0.84,60.0,0.85,330.0,0.86,10.0,0.01,0.01,2384.204013,1776163106000
1776163108.078,208.078,0.15,338.5,0.14,20.5,0.13,183.0,0.12,85.09,0.11,35.0,0.16,15.0,0.17,93.0,0.18,45.5,0.19,35.5,0.2,27.88,0.8,46.88,0.79,134.5,0.78,47.0,0.77,20.0,0.76,26.0,0.84,10.0,0.85,330.0,0.86,10.0,0.87,115.0,0.88,143.09,0.01,0.04,2384.204013,1776163106000
1776163109.135,209.135,0.15,270.91,0.14,20.5,0.13,183.0,0.12,85.09,0.11,35.0,0.16,2.25,0.17,103.0,0.18,45.5,0.19,35.5,0.2,27.88,0.84,2.25,0.83,103.0,0.82,45.5,0.81,35.5,0.8,27.88,0.85,270.91,0.86,20.5,0.87,183.0,0.88,85.09,0.89,35.0,0.01,0.01,2383.759889,1776163108000
1776163109.444,209.444,0.15,61.83,0.14,78.5,0.13,125.0,0.12,106.09,0.11,35.0,0.16,143.25,0.17,104.0,0.18,103.5,0.19,66.5,0.2,69.88,0.84,143.25,0.83,109.0,0.82,93.0,0.81,71.5,0.8,74.88,0.85,83.51,0.86,78.5,0.87,125.0,0.88,106.09,0.89,45.0,0.01,0.01,2383.759889,1776163108000
1776163110.089,210.089,0.15,44.79,0.14,78.5,0.13,125.0,0.12,106.09,0.11,35.0,0.16,142.25,0.17,104.0,0.18,103.5,0.19,66.5,0.2,69.88,0.84,142.25,0.83,104.0,0.82,103.5,0.81,66.5,0.8,69.88,0.85,44.79,0.86,78.5,0.87,125.0,0.88,106.09,0.89,35.0,0.01,0.01,2383.607705,1776163109000
1776163110.938,210.938,0.15,33.02,0.13,115.0,0.12,106.59,0.11,25.0,0.1,209.99,0.16,146.75,0.17,104.5,0.18,98.5,0.19,46.0,0.2,59.38,0.84,142.25,0.83,104.0,0.82,103.5,0.81,66.5,0.8,69.88,0.85,44.79,0.86,78.5,0.87,125.0,0.88,106.09,0.89,35.0,0.01,0.01,2383.607705,1776163109000
1776163111.153,211.153,0.15,17.21,0.13,115.0,0.12,75.09,0.11,35.0,0.1,128.0,0.16,177.5,0.17,99.5,0.18,103.5,0.19,46.0,0.2,59.38,0.84,162.5,0.83,104.5,0.82,98.5,0.81,46.0,0.8,59.38,0.85,23.02,0.87,115.0,0.88,75.09,0.89,83.0,0.9,70.0,0.01,0.01,2383.505598,1776163110000
1776163111.372,211.372,0.13,80.0,0.12,75.09,0.11,25.0,0.1,128.0,0.09,69.0,0.16,304.13,0.17,99.5,0.18,98.5,0.19,46.0,0.2,59.38,0.84,177.5,0.83,99.5,0.82,103.5,0.81,46.0,0.8,59.38,0.85,17.21,0.87,115.0,0.88,75.09,0.89,35.0,0.9,128.0,0.03,0.01,2383.505598,1776163110000
1776163112.065,212.065,0.13,80.0,0.12,75.09,0.11,25.0,0.1,128.0,0.09,69.0,0.16,304.13,0.17,99.5,0.18,98.5,0.19,46.0,0.2,59.38,0.84,304.13,0.83,99.5,0.82,98.5,0.81,46.0,0.8,59.38,0.87,80.0,0.88,75.09,0.89,25.0,0.9,128.0,0.91,69.0,0.03,0.03,2383.499233,1776163111000
1776163112.334,212.334,0.11,25.0,0.1,125.0,0.08,150.0,0.07,150.0,0.06,278.99,0.13,358.91,0.14,198.5,0.15,195.5,0.16,257.0,0.17,187.0,0.87,61.5,0.86,142.5,0.85,70.5,0.84,253.63,0.83,114.0,0.88,3.95,0.89,25.0,0.9,125.0,0.92,108.0,0.93,185.0,0.02,0.01,2383.499233,1776163111000
1776163112.961,212.961,0.1,70.56,0.09,100.0,0.08,150.0,0.07,208.0,0.06,145.0,0.11,289.0,0.12,222.5,0.13,358.91,0.14,186.5,0.15,200.0,0.89,201.0,0.88,212.5,0.87,426.91,0.86,188.5,0.85,205.0,0.9,95.46,0.91,100.0,0.92,150.0,0.93,150.0,0.94,208.0,0.01,0.01,2383.499233,1776163111000
1776163113.211,213.211,0.1,55.0,0.09,100.0,0.08,150.0,0.07,208.0,0.06,145.0,0.11,258.36,0.12,222.5,0.13,358.91,0.14,186.5,0.15,200.0,0.89,249.0,0.88,222.5,0.87,358.91,0.86,186.5,0.85,200.0,0.9,60.56,0.91,100.0,0.92,150.0,0.93,208.0,0.94,145.0,0.01,0.01,2383.455429,1776163112000
1776163113.502,213.502,0.1,29.4,0.08,150.0,0.07,160.0,0.06,120.0,0.05,300.03,0.11,298.36,0.12,252.5,0.13,358.91,0.14,176.0,0.15,200.0,0.89,298.36,0.88,252.5,0.87,358.91,0.86,176.0,0.85,200.0,0.9,34.78,0.92,150.0,0.93,150.0,0.94,178.0,0.95,300.03,0.01,0.01,2383.455429,1776163112000
1776163113.971,213.971,0.1,29.4,0.08,150.0,0.07,160.0,0.06,120.0,0.05,300.03,0.11,298.36,0.12,252.5,0.13,358.91,0.14,176.0,0.15,200.0,0.89,298.36,0.88,252.5,0.87,358.91,0.86,176.0,0.85,200.0,0.9,29.4,0.92,150.0,0.93,160.0,0.94,120.0,0.95,300.03,0.01,0.01,2383.275655,1776163113000
1776163114.475,214.475,0.1,28.28,0.08,208.0,0.07,160.0,0.06,120.0,0.05,229.04,0.11,381.53,0.12,246.5,0.13,207.5,0.14,176.0,0.15,200.0,0.89,298.36,0.88,252.5,0.87,358.91,0.86,176.0,0.85,200.0,0.9,29.4,0.92,150.0,0.93,160.0,0.94,120.0,0.95,300.03,0.01,0.01,2383.275655,1776163113000
1776163114.82,214.82,0.1,5.0,0.08,208.0,0.07,160.0,0.06,120.0,0.05,207.04,0.11,381.53,0.12,246.5,0.13,207.5,0.14,181.0,0.15,200.0,0.89,376.53,0.88,246.5,0.87,207.5,0.86,176.0,0.85,200.0,0.9,22.28,0.92,208.0,0.93,160.0,0.94,120.0,0.95,229.04,0.01,0.01,2383.275655,1776163113000
