timestamp,elapsed_sec,up_bid_p1,up_bid_s1,up_bid_p2,up_bid_s2,up_ask_p1,up_ask_s1,up_ask_p2,up_ask_s2,down_bid_p1,down_bid_s1,down_bid_p2,down_bid_s2,down_ask_p1,down_ask_s1,down_ask_p2,down_ask_s2,up_spread,down_spread,eth_price,eth_oracle_ts
1776359700.516,0.516,0.53,11.98,0.52,160.8,0.54,150.0,0.55,6.55,0.46,150.0,0.45,6.55,0.47,16.98,0.48,160.8,0.01,0.01,2311.787971,1776359699000
1776359701.482,1.482,0.51,27.36,0.5,5.95,0.53,70.0,0.54,140.0,0.46,150.0,0.45,6.55,0.5,5.95,0.51,5.0,0.02,0.04,2311.831852,1776359700000
1776359701.936,1.936,0.48,73.31,0.45,13.88,0.53,5.0,0.54,5.0,0.46,141.08,0.45,76.55,0.49,27.36,0.5,5.95,0.05,0.03,2311.768713,1776359701000
1776359702.139,2.139,0.45,13.88,0.44,5.0,0.5,32.0,0.55,6.55,0.5,32.0,0.45,6.55,0.52,69.46,0.55,13.88,0.05,0.02,2311.768713,1776359701000
1776359702.568,2.568,0.42,75.0,0.41,75.0,0.44,48.66,0.45,5.0,0.56,46.12,0.54,70.0,0.57,5.0,0.58,5.0,0.02,0.01,2311.768713,1776359701000
1776359703.554,3.554,0.43,121.52,0.42,185.0,0.44,38.66,0.47,5.0,0.56,38.66,0.53,5.0,0.59,70.0,0.6,85.0,0.01,0.03,2311.277397,1776359702000
1776359704.061,4.061,0.43,15.0,0.42,240.0,0.44,11.58,0.45,15.0,0.56,20.5,0.54,10.0,0.57,118.04,0.58,185.0,0.01,0.01,2311.277397,1776359702000
1776359704.282,4.282,0.42,143.27,0.41,100.0,0.43,10.0,0.44,21.58,0.56,21.58,0.55,15.0,0.57,4.04,0.58,140.0,0.01,0.01,2310.756766,1776359703000
1776359705.058,5.058,0.43,35.0,0.42,155.0,0.44,7.03,0.46,5.0,0.57,4.19,0.56,21.58,0.58,143.27,0.59,100.0,0.01,0.01,2310.756766,1776359703000
1776359705.26,5.26,0.43,40.0,0.42,260.0,0.48,5.0,0.49,5.0,0.56,2.48,0.54,5.0,0.57,35.0,0.58,155.0,0.05,0.01,2310.756766,1776359703000
1776359705.552,5.552,0.49,85.0,0.48,85.0,0.5,12.24,0.51,5.0,0.52,5.0,0.51,5.0,0.57,40.0,0.58,260.0,0.01,0.05,2311.044634,1776359704000
1776359705.998,5.998,0.49,85.0,0.48,150.0,0.5,7.24,0.51,5.0,0.5,12.24,0.49,5.0,0.51,85.0,0.52,85.0,0.01,0.01,2311.044553,1776359705000
1776359706.324,6.324,0.49,33.2,0.48,80.0,0.5,2.24,0.51,5.0,0.5,7.24,0.49,5.0,0.51,30.0,0.52,80.0,0.01,0.01,2311.044553,1776359705000
1776359706.958,6.958,0.51,5.22,0.5,5.0,0.52,10.0,0.53,10.0,0.44,36.55,0.43,100.0,0.46,10.0,0.47,5.0,0.01,0.02,2311.044553,1776359705000
1776359707.289,7.289,0.49,70.0,0.48,75.0,0.51,10.0,0.52,15.0,0.48,10.0,0.47,10.0,0.49,5.22,0.5,5.0,0.02,0.01,2311.407088,1776359706000
1776359707.75,7.75,0.47,70.0,0.46,24.64,0.49,2.0,0.5,34.0,0.5,13.0,0.49,15.0,0.51,70.0,0.52,75.0,0.02,0.01,2311.407088,1776359706000
1776359708.08,8.08,0.47,71.15,0.46,19.64,0.48,15.0,0.49,2.0,0.51,2.0,0.5,34.0,0.53,70.0,0.54,24.64,0.01,0.02,2311.906,1776359707000
1776359708.562,8.562,0.46,19.64,0.45,70.0,0.47,26.0,0.48,15.0,0.52,15.0,0.51,2.0,0.53,71.15,0.54,19.64,0.01,0.01,2311.906,1776359707000
1776359708.978,8.978,0.46,19.64,0.45,70.0,0.47,12.87,0.48,15.0,0.53,26.0,0.52,15.0,0.54,19.64,0.55,70.0,0.01,0.01,2311.906,1776359707000
1776359709.288,9.288,0.46,19.64,0.45,70.0,0.47,19.61,0.48,15.0,0.53,23.87,0.52,15.0,0.54,19.64,0.55,70.0,0.01,0.01,2311.77186,1776359708000
1776359709.498,9.498,0.46,17.64,0.44,481.54,0.47,18.97,0.48,15.0,0.53,29.61,0.52,15.0,0.54,17.64,0.56,476.54,0.01,0.01,2311.77186,1776359708000
1776359710.05,10.05,0.46,5.83,0.44,476.54,0.47,10.0,0.48,15.0,0.53,10.0,0.52,15.0,0.54,7.69,0.56,476.54,0.01,0.01,2311.77186,1776359708000
1776359710.266,10.266,0.46,11.42,0.44,469.84,0.47,19.44,0.48,25.0,0.53,19.44,0.52,25.0,0.56,469.84,0.57,10.0,0.01,0.03,2311.323722,1776359709000
1776359710.968,10.968,0.44,469.84,0.43,10.0,0.45,8.45,0.46,10.0,0.53,10.0,0.52,25.0,0.54,2.16,0.56,469.84,0.01,0.01,2311.323722,1776359709000
1776359711.429,11.429,0.44,451.98,0.43,10.0,0.45,13.45,0.46,10.0,0.55,8.45,0.54,10.0,0.56,469.84,0.57,10.0,0.01,0.01,2310.995856,1776359710000
1776359712.017,12.017,0.44,405.54,0.43,10.0,0.45,20.12,0.46,10.0,0.55,32.65,0.54,10.0,0.56,448.05,0.57,10.0,0.01,0.01,2310.995856,1776359710000
1776359713.262,13.262,0.44,400.2,0.43,35.5,0.45,10.0,0.47,30.0,0.55,16.12,0.54,10.0,0.56,405.54,0.57,10.0,0.01,0.01,2310.9054,1776359712000
1776359713.703,13.703,0.44,396.55,0.43,110.5,0.45,30.5,0.46,21.43,0.54,1.67,0.53,20.0,0.56,399.84,0.57,35.5,0.01,0.02,2310.9054,1776359712000
1776359713.923,13.923,0.44,370.42,0.43,110.5,0.45,20.0,0.46,12.17,0.55,30.5,0.54,21.43,0.56,396.55,0.57,110.5,0.01,0.01,2310.9054,1776359712000
1776359714.206,14.206,0.44,365.33,0.43,105.5,0.45,30.0,0.46,12.17,0.55,20.0,0.54,12.17,0.56,370.42,0.57,110.5,0.01,0.01,2310.760961,1776359713000
1776359714.581,14.581,0.44,365.33,0.43,205.5,0.45,17.77,0.46,12.17,0.55,30.0,0.54,12.17,0.56,365.33,0.57,105.5,0.01,0.01,2310.760961,1776359713000
1776359715.257,15.257,0.44,362.06,0.43,180.0,0.45,61.24,0.46,12.17,0.55,35.54,0.54,12.17,0.56,365.33,0.57,205.5,0.01,0.01,2310.760961,1776359713000
1776359715.525,15.525,0.44,357.06,0.43,180.0,0.45,57.5,0.46,12.17,0.55,61.24,0.54,12.17,0.56,362.06,0.57,180.0,0.01,0.01,2310.760961,1776359713000
1776359715.771,15.771,0.44,340.81,0.43,10.0,0.45,40.5,0.46,12.17,0.55,57.5,0.54,12.17,0.56,352.06,0.57,180.0,0.01,0.01,2310.760961,1776359713000
1776359715.976,15.976,0.44,322.19,0.43,10.0,0.45,62.47,0.46,12.17,0.55,62.47,0.54,12.17,0.56,322.19,0.57,10.0,0.01,0.01,2310.947841,1776359714000
1776359716.722,16.722,0.44,309.39,0.43,10.0,0.45,58.27,0.46,62.17,0.55,49.27,0.54,12.17,0.56,312.39,0.57,10.0,0.01,0.01,2310.935156,1776359715000
1776359717.032,17.032,0.44,222.27,0.43,10.0,0.45,71.6,0.46,157.17,0.55,74.8,0.54,132.17,0.56,301.27,0.57,10.0,0.01,0.01,2310.924513,1776359716000
1776359717.354,17.354,0.44,198.8,0.43,10.0,0.45,99.8,0.46,157.17,0.55,80.6,0.54,157.17,0.56,208.8,0.57,10.0,0.01,0.01,2310.924513,1776359716000
1776359717.648,17.648,0.44,178.9,0.43,10.0,0.45,75.6,0.46,157.17,0.55,94.8,0.54,157.17,0.56,188.8,0.57,10.0,0.01,0.01,2310.924513,1776359716000
1776359718.032,18.032,0.44,166.93,0.43,10.0,0.45,80.6,0.46,227.17,0.55,75.6,0.54,157.17,0.56,168.72,0.57,10.0,0.01,0.01,2310.924513,1776359716000
1776359718.319,18.319,0.44,165.14,0.43,10.0,0.45,180.6,0.46,227.17,0.55,80.6,0.54,227.17,0.56,166.93,0.57,10.0,0.01,0.01,2310.665656,1776359717000
1776359718.63,18.63,0.44,149.78,0.43,10.0,0.45,267.73,0.46,227.17,0.55,180.6,0.54,227.17,0.56,159.78,0.57,10.0,0.01,0.01,2310.665656,1776359717000
1776359718.973,18.973,0.44,149.78,0.43,10.0,0.45,52.4,0.46,107.17,0.55,267.73,0.54,227.17,0.56,149.78,0.57,10.0,0.01,0.01,2310.665656,1776359717000
1776359719.197,19.197,0.44,159.78,0.43,10.0,0.45,47.4,0.46,82.17,0.55,47.4,0.54,107.17,0.56,149.78,0.57,10.0,0.01,0.01,2310.347313,1776359718000
1776359719.616,19.616,0.45,117.0,0.44,269.78,0.46,5.0,0.47,35.0,0.55,47.4,0.54,82.17,0.56,159.78,0.57,10.0,0.01,0.01,2310.347313,1776359718000
1776359719.822,19.822,0.45,110.29,0.44,254.78,0.46,10.0,0.47,10.0,0.53,10.0,0.52,110.0,0.55,112.46,0.56,269.78,0.01,0.02,2310.347313,1776359718000
1776359720.087,20.087,0.45,101.69,0.44,260.28,0.46,6.8,0.47,19.44,0.54,24.2,0.53,19.44,0.55,101.69,0.56,260.28,0.01,0.01,2310.347313,1776359718000
1776359720.42,20.42,0.45,231.69,0.44,250.28,0.46,32.02,0.47,16.0,0.53,14.44,0.52,129.24,0.55,101.69,0.56,250.28,0.01,0.02,2310.291785,1776359719000
1776359720.717,20.717,0.45,91.19,0.44,239.78,0.46,24.16,0.47,34.88,0.54,29.84,0.53,16.0,0.55,206.69,0.56,250.28,0.01,0.01,2310.291785,1776359719000
1776359720.948,20.948,0.45,91.19,0.44,239.78,0.46,29.82,0.47,15.0,0.54,24.16,0.53,34.88,0.55,91.19,0.56,239.78,0.01,0.01,2310.291785,1776359719000
1776359721.545,21.545,0.45,69.74,0.44,339.78,0.46,12.82,0.47,21.0,0.54,11.64,0.53,15.0,0.55,69.74,0.56,339.78,0.01,0.01,2310.661417,1776359720000
1776359722.303,22.303,0.44,134.78,0.43,10.0,0.45,215.0,0.46,127.82,0.54,7.82,0.53,21.0,0.55,180.24,0.56,350.28,0.01,0.01,2311.042481,1776359721000
1776359722.954,22.954,0.44,109.98,0.43,10.0,0.45,225.0,0.46,235.82,0.55,226.0,0.54,227.82,0.56,116.31,0.57,10.0,0.01,0.01,2311.042481,1776359721000
1776359724.112,24.112,0.44,88.89,0.43,10.0,0.45,127.0,0.46,180.82,0.55,225.0,0.54,235.82,0.56,109.98,0.57,10.0,0.01,0.01,2310.951909,1776359722000
1776359724.323,24.323,0.44,80.31,0.43,10.0,0.45,122.1,0.46,180.82,0.55,122.1,0.54,180.82,0.56,82.1,0.57,10.0,0.01,0.01,2310.633007,1776359723000
1776359724.7,24.7,0.44,75.31,0.43,10.0,0.46,127.32,0.47,125.5,0.55,122.1,0.54,180.82,0.56,75.31,0.57,10.0,0.02,0.01,2310.633007,1776359723000
1776359725.825,25.825,0.44,73.52,0.43,10.0,0.45,45.0,0.46,212.32,0.54,127.32,0.53,125.5,0.56,75.31,0.57,10.0,0.01,0.02,2310.47413,1776359724000
1776359726.096,26.096,0.44,67.31,0.43,10.0,0.45,50.0,0.46,212.32,0.55,45.0,0.54,212.32,0.56,69.1,0.57,10.0,0.01,0.01,2310.47413,1776359724000
1776359726.299,26.299,0.44,57.31,0.43,10.0,0.45,50.0,0.46,212.32,0.55,50.0,0.54,212.32,0.56,62.31,0.57,10.0,0.01,0.01,2310.639166,1776359725000
1776359726.51,26.51,0.44,30.86,0.43,10.0,0.45,62.83,0.46,173.0,0.55,47.33,0.54,212.32,0.56,52.31,0.57,10.0,0.01,0.01,2310.639166,1776359725000
1776359726.753,26.753,0.44,44.5,0.43,10.0,0.45,57.83,0.46,249.71,0.55,62.83,0.54,173.0,0.56,30.86,0.57,10.0,0.01,0.01,2310.639166,1776359725000
1776359726.979,26.979,0.44,18.71,0.43,10.0,0.45,52.83,0.46,249.71,0.55,52.83,0.54,249.71,0.56,20.5,0.57,10.0,0.01,0.01,2310.639166,1776359725000
1776359727.244,27.244,0.44,11.92,0.43,10.0,0.45,147.83,0.46,249.71,0.55,168.83,0.54,249.71,0.56,16.92,0.57,10.0,0.01,0.01,2310.42095,1776359726000
1776359727.548,27.548,0.44,7.07,0.43,10.0,0.45,147.83,0.46,249.71,0.55,147.83,0.54,249.71,0.56,8.86,0.57,10.0,0.01,0.01,2310.42095,1776359726000
1776359728.017,28.017,0.44,3.51,0.43,10.0,0.45,167.03,0.46,249.71,0.55,147.83,0.54,249.71,0.56,7.07,0.57,10.0,0.01,0.01,2310.42095,1776359726000
1776359728.9,28.9,0.43,25.0,0.42,90.0,0.45,4.14,0.46,98.0,0.55,202.03,0.54,249.71,0.57,10.0,0.58,80.0,0.02,0.02,2310.312946,1776359727000
1776359729.651,29.651,0.43,62.5,0.42,170.5,0.44,7.72,0.45,10.0,0.55,4.14,0.54,98.0,0.57,25.0,0.58,90.0,0.01,0.02,2310.312946,1776359727000
1776359730.048,30.048,0.43,7.89,0.42,170.5,0.44,2.72,0.45,10.0,0.56,2.72,0.55,10.0,0.57,32.5,0.58,170.5,0.01,0.01,2310.312946,1776359727000
1776359730.361,30.361,0.43,7.0,0.42,170.5,0.44,16.92,0.45,10.0,0.56,2.72,0.55,10.0,0.57,3.96,0.58,170.5,0.01,0.01,2310.312946,1776359727000
1776359730.579,30.579,0.43,46.5,0.42,170.5,0.44,5.0,0.45,21.87,0.56,16.92,0.55,10.0,0.57,7.0,0.58,170.5,0.01,0.01,2310.312946,1776359727000
1776359730.843,30.843,0.43,34.5,0.42,202.5,0.45,16.87,0.46,28.0,0.56,5.0,0.55,21.87,0.57,21.5,0.58,170.5,0.02,0.01,2310.312946,1776359727000
1776359731.064,31.064,0.44,40.5,0.43,24.5,0.45,4.64,0.46,18.0,0.55,11.87,0.54,28.0,0.57,14.5,0.58,202.5,0.01,0.02,2310.463687,1776359729000
1776359731.286,31.286,0.44,57.55,0.43,124.5,0.45,4.64,0.46,23.0,0.55,4.64,0.54,23.0,0.56,42.5,0.57,124.5,0.01,0.01,2310.463687,1776359729000
1776359731.951,31.951,0.46,154.79,0.45,145.91,0.47,25.0,0.48,100.0,0.54,3.64,0.53,35.0,0.55,20.91,0.56,37.55,0.01,0.01,2310.807605,1776359730000
1776359732.29,32.29,0.48,1.38,0.47,193.25,0.49,120.2,0.5,210.0,0.52,50.0,0.51,110.0,0.53,7.75,0.54,205.59,0.01,0.01,2310.834435,1776359731000
1776359732.657,32.657,0.5,20.5,0.49,205.5,0.51,3.03,0.52,10.53,0.51,115.2,0.5,210.0,0.53,182.86,0.54,205.59,0.01,0.02,2310.834435,1776359731000
1776359733.02,33.02,0.5,5.3,0.49,90.5,0.51,41.48,0.52,35.84,0.49,41.69,0.48,35.84,0.5,4.7,0.51,210.5,0.01,0.01,2310.834435,1776359731000
1776359733.448,33.448,0.5,0.3,0.49,90.5,0.51,15.0,0.52,15.0,0.49,29.3,0.48,25.42,0.5,5.3,0.51,90.5,0.01,0.01,2311.116688,1776359732000
1776359734.352,34.352,0.5,40.3,0.49,195.8,0.52,52.0,0.53,10.64,0.49,13.03,0.48,15.0,0.5,0.3,0.51,90.5,0.02,0.01,2311.356016,1776359733000
1776359734.597,34.597,0.51,20.5,0.5,15.3,0.52,10.07,0.53,10.64,0.48,2.0,0.47,10.64,0.49,10.0,0.5,20.3,0.01,0.01,2311.356016,1776359733000
1776359735.026,35.026,0.51,15.29,0.5,110.3,0.52,6.14,0.53,10.64,0.49,6.7,0.48,67.76,0.5,0.3,0.51,95.8,0.01,0.01,2311.356016,1776359733000
1776359736.022,36.022,0.52,150.5,0.51,187.29,0.55,1.59,0.57,15.0,0.48,2.21,0.47,10.64,0.49,34.49,0.5,110.3,0.03,0.01,2311.598024,1776359734000
1776359736.873,36.873,0.59,15.0,0.58,25.5,0.6,8.16,0.62,205.5,0.45,1.59,0.43,15.0,0.48,150.5,0.49,187.29,0.01,0.03,2311.61067,1776359735000
1776359737.106,37.106,0.6,5.0,0.59,25.5,0.61,10.0,0.62,205.5,0.4,1.32,0.39,10.5,0.41,25.5,0.42,25.5,0.01,0.01,2311.61067,1776359735000
1776359737.727,37.727,0.6,10.0,0.59,10.0,0.61,3.36,0.62,215.5,0.39,10.0,0.38,205.5,0.4,5.0,0.41,25.5,0.01,0.01,2311.682691,1776359736000
1776359738.069,38.069,0.57,2.67,0.56,10.0,0.58,21.91,0.59,22.2,0.39,3.36,0.38,215.5,0.4,10.0,0.41,10.0,0.01,0.01,2311.682691,1776359736000
1776359738.296,38.296,0.55,70.0,0.54,80.0,0.56,6.7,0.57,11.63,0.42,132.97,0.41,15.0,0.44,4.67,0.45,70.0,0.01,0.02,2312.393309,1776359737000
1776359738.889,38.889,0.53,7.46,0.52,10.0,0.54,10.0,0.55,10.0,0.44,6.7,0.43,21.63,0.45,58.88,0.46,80.0,0.01,0.01,2312.393309,1776359737000
1776359739.845,39.845,0.57,61.0,0.54,10.0,0.58,10.0,0.59,25.5,0.46,10.0,0.45,10.0,0.47,1.17,0.48,10.0,0.01,0.01,2312.569829,1776359738000
1776359740.206,40.206,0.57,66.0,0.55,10.0,0.58,21.41,0.59,25.5,0.42,10.0,0.41,25.5,0.43,61.0,0.46,10.0,0.01,0.01,2312.569829,1776359738000
1776359741.046,41.046,0.57,50.56,0.56,10.0,0.58,17.0,0.59,35.5,0.42,21.41,0.41,25.5,0.43,37.74,0.45,10.0,0.01,0.01,2312.197435,1776359739000
1776359741.636,41.636,0.57,90.26,0.56,20.5,0.58,10.0,0.59,10.0,0.42,17.0,0.41,35.5,0.43,50.56,0.44,10.0,0.01,0.01,2312.018117,1776359740000
1776359741.973,41.973,0.57,45.56,0.56,10.0,0.58,30.0,0.59,45.5,0.42,2.41,0.41,10.0,0.43,45.56,0.44,20.5,0.01,0.01,2312.018117,1776359740000
1776359742.227,42.227,0.57,45.56,0.56,10.0,0.58,38.71,0.59,55.5,0.42,40.44,0.41,55.5,0.43,45.56,0.44,10.0,0.01,0.01,2312.018117,1776359740000
1776359742.434,42.434,0.57,45.56,0.56,10.0,0.58,16.98,0.59,45.5,0.42,36.98,0.41,55.5,0.43,45.56,0.44,10.0,0.01,0.01,2312.107764,1776359741000
1776359742.799,42.799,0.57,19.45,0.53,26.17,0.58,155.44,0.59,152.16,0.42,16.98,0.41,45.5,0.43,45.56,0.44,10.0,0.01,0.01,2312.107764,1776359741000
1776359743.033,43.033,0.57,33.65,0.53,26.17,0.58,86.71,0.59,152.16,0.42,133.71,0.41,152.16,0.43,19.45,0.47,26.17,0.01,0.01,2312.107764,1776359741000
1776359743.45,43.45,0.55,3.83,0.54,20.5,0.58,46.71,0.59,157.16,0.42,86.71,0.41,152.16,0.43,23.53,0.47,26.17,0.03,0.01,2312.107764,1776359741000
1776359743.721,43.721,0.55,120.5,0.54,86.0,0.56,14.82,0.59,10.0,0.42,46.71,0.41,157.16,0.45,3.83,0.46,20.5,0.01,0.03,2312.107764,1776359741000
1776359743.925,43.925,0.57,10.0,0.56,10.0,0.58,36.53,0.59,45.0,0.42,45.0,0.41,45.0,0.44,10.0,0.45,210.24,0.01,0.02,2312.243018,1776359742000
1776359744.342,44.342,0.57,1.8,0.56,20.5,0.58,28.0,0.59,30.5,0.42,82.0,0.41,20.0,0.43,5.9,0.44,10.0,0.01,0.01,2312.243018,1776359742000
1776359745.226,45.226,0.55,63.77,0.54,114.76,0.57,15.0,0.58,35.0,0.43,60.94,0.42,78.5,0.45,70.0,0.46,105.5,0.02,0.02,2312.077185,1776359744000
1776359745.942,45.942,0.56,10.0,0.55,99.27,0.57,9.0,0.58,25.0,0.43,15.0,0.42,35.0,0.45,63.77,0.46,114.76,0.01,0.02,2312.077185,1776359744000
1776359747.094,47.094,0.58,12.46,0.57,25.5,0.59,33.0,0.6,25.0,0.43,9.0,0.42,25.0,0.44,10.0,0.45,99.27,0.01,0.01,2312.398461,1776359746000
1776359749.875,49.875,0.61,46.37,0.6,30.5,0.62,100.0,0.63,120.0,0.41,33.0,0.4,25.0,0.42,12.46,0.43,25.5,0.01,0.01,2312.573927,1776359748000
1776359751.451,51.451,0.62,15.0,0.61,106.5,0.63,3.0,0.64,17.0,0.38,100.0,0.37,120.0,0.39,46.37,0.4,30.5,0.01,0.01,2312.7,1776359750000
1776359752.352,52.352,0.62,5.81,0.61,96.0,0.63,25.5,0.64,30.5,0.36,4.32,0.35,33.5,0.38,15.0,0.39,106.5,0.01,0.02,2312.9027,1776359751000
1776359752.748,52.748,0.61,26.0,0.6,20.0,0.62,42.51,0.63,120.5,0.37,25.5,0.36,30.5,0.38,5.81,0.39,96.0,0.01,0.01,2312.9027,1776359751000
1776359752.981,52.981,0.61,91.2,0.6,20.0,0.62,5.0,0.63,120.5,0.38,42.51,0.37,120.5,0.39,26.0,0.4,20.0,0.01,0.01,2312.9027,1776359751000
1776359753.36,53.36,0.61,16.0,0.6,10.0,0.62,53.94,0.63,125.5,0.38,35.0,0.37,120.5,0.39,16.0,0.4,20.5,0.01,0.01,2312.8864,1776359752000
1776359753.743,53.743,0.59,10.0,0.58,62.06,0.62,73.94,0.63,125.5,0.38,153.94,0.37,125.5,0.39,10.86,0.4,10.0,0.03,0.01,2312.8864,1776359752000
1776359754.314,54.314,0.58,69.67,0.57,35.5,0.59,26.5,0.6,26.5,0.38,73.94,0.37,125.5,0.41,10.0,0.42,62.06,0.01,0.03,2312.679618,1776359753000
1776359755.117,55.117,0.58,67.28,0.57,35.5,0.59,72.41,0.6,26.5,0.41,57.41,0.4,26.5,0.42,69.67,0.43,35.5,0.01,0.01,2312.679618,1776359753000
1776359755.701,55.701,0.58,67.28,0.57,35.5,0.59,51.16,0.6,26.5,0.41,72.41,0.4,26.5,0.42,67.28,0.43,35.5,0.01,0.01,2312.558663,1776359754000
1776359758.752,58.752,0.61,25.5,0.6,20.5,0.62,3.38,0.63,105.5,0.41,51.16,0.4,26.5,0.42,67.28,0.43,35.5,0.01,0.01,2312.367475,1776359757000
1776359759.21,59.21,0.61,20.5,0.6,30.5,0.62,14.38,0.63,120.5,0.38,14.38,0.37,105.5,0.39,25.5,0.4,20.5,0.01,0.01,2312.367475,1776359757000
1776359759.898,59.898,0.62,48.86,0.61,20.5,0.63,80.0,0.64,85.0,0.38,14.38,0.37,120.5,0.39,20.5,0.4,30.5,0.01,0.01,2312.468764,1776359758000
1776359762.137,62.137,0.71,5.0,0.7,20.5,0.72,25.0,0.73,25.0,0.37,80.0,0.36,85.0,0.38,48.86,0.39,20.5,0.01,0.01,2312.71007,1776359760000
1776359762.7,62.7,0.73,30.5,0.72,25.5,0.74,34.16,0.75,100.0,0.28,20.0,0.27,25.0,0.29,20.5,0.3,20.5,0.01,0.01,2312.71007,1776359760000
1776359763.13,63.13,0.73,32.0,0.72,25.5,0.74,7.7,0.75,100.0,0.26,34.16,0.25,100.0,0.27,0.5,0.28,25.5,0.01,0.01,2312.856754,1776359761000
1776359763.811,63.811,0.74,15.0,0.73,0.5,0.75,59.57,0.76,75.5,0.25,34.07,0.23,10.5,0.26,8.41,0.27,16.0,0.01,0.01,2313.63962,1776359762000
1776359764.306,64.306,0.74,11.0,0.73,11.0,0.75,197.9,0.76,70.5,0.25,172.9,0.24,60.5,0.26,10.38,0.27,0.5,0.01,0.01,2313.927005,1776359763000
1776359764.63,64.63,0.73,17.0,0.7,10.0,0.75,211.44,0.76,70.5,0.25,197.9,0.24,70.5,0.26,11.0,0.27,11.0,0.02,0.01,2313.927005,1776359763000
1776359764.888,64.888,0.73,15.57,0.72,5.0,0.74,127.0,0.75,154.44,0.26,75.0,0.25,165.44,0.27,15.76,0.3,10.0,0.01,0.01,2313.927005,1776359763000
1776359765.26,65.26,0.68,15.0,0.67,10.0,0.69,68.55,0.7,10.0,0.26,262.08,0.25,154.44,0.31,4.45,0.32,15.0,0.01,0.05,2313.927005,1776359763000
1776359765.746,65.746,0.67,3.33,0.64,100.0,0.69,75.0,0.7,10.0,0.31,68.55,0.3,10.0,0.32,15.0,0.33,10.0,0.02,0.01,2314.10148,1776359764000
1776359765.981,65.981,0.64,19.45,0.63,110.0,0.69,62.38,0.7,10.0,0.31,69.63,0.3,10.0,0.36,19.45,0.37,110.0,0.05,0.05,2314.10148,1776359764000
1776359766.378,66.378,0.63,10.0,0.61,84.01,0.66,113.0,0.69,161.49,0.31,62.38,0.3,10.0,0.36,19.45,0.37,110.0,0.03,0.05,2314.10148,1776359764000
1776359767.27,67.27,0.62,16.85,0.61,69.01,0.63,13.51,0.65,5.0,0.34,113.0,0.31,161.49,0.37,10.0,0.39,84.01,0.01,0.03,2313.649911,1776359766000
1776359767.584,67.584,0.65,6.0,0.64,10.0,0.66,97.0,0.68,10.0,0.37,13.51,0.35,5.0,0.38,16.85,0.39,69.01,0.01,0.01,2313.649911,1776359766000
1776359768.099,68.099,0.64,9.25,0.63,10.0,0.66,80.0,0.67,10.0,0.34,97.0,0.32,10.0,0.35,6.0,0.36,10.0,0.02,0.01,2313.649911,1776359766000
1776359768.354,68.354,0.61,10.0,0.6,57.0,0.66,70.0,0.68,5.0,0.34,80.0,0.33,10.0,0.36,9.25,0.37,10.0,0.05,0.02,2313.649911,1776359766000
1776359768.837,68.837,0.64,5.0,0.63,15.0,0.66,79.48,0.67,10.0,0.34,74.48,0.32,110.39,0.35,15.0,0.36,20.0,0.02,0.01,2312.793199,1776359767000
1776359769.088,69.088,0.65,5.0,0.62,10.5,0.66,108.66,0.67,10.0,0.34,94.48,0.33,15.0,0.36,17.0,0.38,10.5,0.01,0.02,2312.793199,1776359767000
1776359770.315,70.315,0.62,75.01,0.61,75.5,0.63,5.12,0.64,10.0,0.34,108.66,0.33,10.0,0.35,5.0,0.38,10.5,0.01,0.01,2312.873179,1776359769000
1776359770.724,70.724,0.62,64.51,0.61,50.0,0.63,28.1,0.64,10.0,0.37,5.12,0.36,10.0,0.38,75.01,0.39,75.5,0.01,0.01,2312.873179,1776359769000
1776359771.793,71.793,0.62,59.51,0.61,50.0,0.63,57.1,0.64,10.0,0.37,28.1,0.36,10.0,0.38,64.51,0.39,50.0,0.01,0.01,2312.902728,1776359770000
1776359772.504,72.504,0.62,53.51,0.61,50.0,0.63,44.92,0.64,10.0,0.37,33.1,0.36,10.0,0.38,53.51,0.39,50.0,0.01,0.01,2312.794701,1776359771000
1776359772.809,72.809,0.62,41.01,0.6,26.0,0.63,68.92,0.64,106.69,0.37,44.92,0.36,10.0,0.38,53.51,0.39,50.0,0.01,0.01,2312.794701,1776359771000
1776359773.241,73.241,0.6,26.0,0.59,10.0,0.61,0.79,0.62,5.0,0.39,8.99,0.37,68.92,0.4,26.0,0.41,10.0,0.01,0.01,2312.570786,1776359772000
1776359773.548,73.548,0.6,1.0,0.59,10.0,0.61,0.79,0.62,105.0,0.39,0.79,0.38,5.0,0.4,26.0,0.41,10.0,0.01,0.01,2312.570786,1776359772000
1776359775.364,75.364,0.57,60.0,0.56,50.0,0.58,83.5,0.59,26.5,0.39,51.79,0.38,110.0,0.42,10.0,0.43,85.0,0.01,0.03,2312.144732,1776359774000
1776359778.98,78.98,0.59,7.56,0.58,15.0,0.61,15.79,0.62,10.0,0.42,83.5,0.41,26.5,0.43,60.0,0.44,50.0,0.02,0.01,2312.0328,1776359777000
1776359779.262,79.262,0.59,10.12,0.58,20.0,0.6,7.68,0.61,15.79,0.4,7.68,0.39,15.79,0.41,12.56,0.42,20.0,0.01,0.01,2312.0328,1776359777000
1776359780.216,80.216,0.6,28.0,0.59,28.06,0.61,20.79,0.62,20.5,0.4,7.68,0.39,15.79,0.41,10.12,0.42,20.0,0.01,0.01,2312.125377,1776359779000
1776359780.545,80.545,0.6,20.57,0.59,28.06,0.61,30.79,0.62,10.0,0.39,20.79,0.38,20.5,0.4,28.0,0.41,28.06,0.01,0.01,2312.125377,1776359779000
1776359780.93,80.93,0.6,56.07,0.59,28.06,0.62,10.0,0.63,70.0,0.39,30.79,0.38,10.0,0.4,20.57,0.41,28.06,0.02,0.01,2312.125377,1776359779000
1776359781.712,81.712,0.62,25.5,0.61,130.5,0.63,59.07,0.65,33.0,0.38,10.0,0.37,70.0,0.4,56.07,0.41,28.06,0.01,0.02,2312.494995,1776359780000
1776359782.363,82.363,0.64,48.04,0.63,30.5,0.65,31.46,0.66,35.0,0.37,59.07,0.35,33.0,0.38,25.5,0.39,130.5,0.01,0.01,2312.494995,1776359780000
1776359783.14,83.14,0.64,27.04,0.63,30.5,0.65,31.46,0.66,35.0,0.35,31.46,0.34,35.0,0.36,48.04,0.37,30.5,0.01,0.01,2312.68436,1776359782000
1776359783.994,83.994,0.66,43.54,0.64,84.04,0.67,50.0,0.68,25.0,0.35,31.46,0.34,35.0,0.36,27.04,0.37,30.5,0.01,0.01,2312.68436,1776359782000
1776359786.77,86.77,0.72,32.04,0.71,70.5,0.73,17.83,0.74,20.0,0.33,50.0,0.32,25.0,0.34,43.54,0.36,84.04,0.01,0.01,2313.176754,1776359784000
1776359787.055,87.055,0.72,10.0,0.71,10.0,0.73,28.15,0.74,20.0,0.27,17.83,0.26,20.0,0.28,32.04,0.29,70.5,0.01,0.01,2313.597078,1776359785000
1776359787.893,87.893,0.72,2.32,0.71,60.0,0.73,0.91,0.74,20.0,0.27,7.0,0.26,20.0,0.28,2.32,0.29,10.0,0.01,0.01,2313.842711,1776359786000
1776359789.055,89.055,0.69,5.51,0.68,10.0,0.74,10.0,0.75,90.0,0.26,10.0,0.25,80.0,0.28,22.32,0.29,60.0,0.05,0.02,2314.096788,1776359787000
1776359789.282,89.282,0.7,20.0,0.69,21.51,0.73,5.58,0.74,10.0,0.27,6.95,0.26,10.0,0.28,10.0,0.3,10.0,0.03,0.01,2314.096788,1776359787000
1776359789.532,89.532,0.71,10.0,0.7,20.0,0.74,6.62,0.75,97.0,0.27,5.58,0.26,10.0,0.3,20.0,0.31,21.51,0.03,0.03,2314.070708,1776359788000
1776359790.467,90.467,0.71,10.0,0.7,20.0,0.72,9.0,0.73,10.0,0.26,6.62,0.25,97.0,0.29,10.0,0.3,20.0,0.01,0.03,2314.070708,1776359788000
1776359791.108,91.108,0.72,20.0,0.71,10.0,0.74,15.0,0.75,102.0,0.28,9.0,0.27,10.0,0.29,10.0,0.3,20.0,0.02,0.01,2314.158035,1776359789000
1776359791.502,91.502,0.73,29.2,0.72,10.0,0.74,13.39,0.75,105.5,0.27,7.26,0.26,10.0,0.28,10.0,0.29,10.0,0.01,0.01,2314.050585,1776359790000
1776359791.79,91.79,0.73,25.5,0.72,25.5,0.75,80.0,0.76,60.5,0.26,13.39,0.25,105.5,0.27,29.2,0.28,10.0,0.02,0.01,2314.050585,1776359790000
1776359792.014,92.014,0.74,10.0,0.73,30.5,0.75,12.66,0.76,50.0,0.25,80.0,0.24,60.5,0.27,25.5,0.28,25.5,0.01,0.02,2314.050585,1776359790000
1776359792.28,92.28,0.74,2.0,0.73,30.5,0.75,10.66,0.76,50.0,0.25,10.66,0.24,50.0,0.26,16.0,0.27,30.5,0.01,0.01,2314.03438,1776359791000
1776359792.754,92.754,0.74,25.0,0.73,35.5,0.75,9.66,0.76,60.0,0.25,10.66,0.24,50.0,0.26,2.0,0.27,30.5,0.01,0.01,2314.03438,1776359791000
1776359793.357,93.357,0.75,5.0,0.72,20.5,0.76,25.71,0.77,25.5,0.25,2.66,0.24,60.0,0.26,25.0,0.27,35.5,0.01,0.01,2314.03438,1776359791000
1776359793.633,93.633,0.75,5.0,0.73,10.0,0.76,17.89,0.77,25.5,0.24,25.71,0.23,25.5,0.25,5.0,0.28,20.5,0.01,0.01,2314.1527,1776359792000
1776359794.558,94.558,0.75,5.0,0.73,10.0,0.76,13.93,0.77,25.5,0.24,15.25,0.23,25.5,0.25,5.0,0.27,10.0,0.01,0.01,2314.32,1776359793000
1776359796.049,96.049,0.75,53.0,0.72,93.59,0.76,0.77,0.77,30.5,0.24,13.93,0.23,25.5,0.25,5.0,0.27,10.0,0.01,0.01,2314.185715,1776359794000
1776359797.358,97.358,0.75,38.2,0.73,20.5,0.76,10.77,0.77,100.5,0.24,0.77,0.23,55.5,0.25,62.4,0.27,10.5,0.01,0.01,2314.177758,1776359796000
1776359798.506,98.506,0.75,58.2,0.74,10.5,0.76,5.7,0.77,95.5,0.24,10.77,0.23,100.5,0.25,38.2,0.27,20.5,0.01,0.01,2314.09628,1776359797000
1776359798.735,98.735,0.75,53.32,0.74,20.5,0.77,65.5,0.78,76.5,0.24,5.7,0.23,95.5,0.25,58.2,0.26,10.5,0.02,0.01,2314.09628,1776359797000
1776359799.607,99.607,0.75,94.82,0.74,20.5,0.76,8.42,0.77,50.0,0.23,65.5,0.22,76.5,0.25,53.32,0.26,20.5,0.01,0.02,2314.099996,1776359798000
1776359800.032,100.032,0.75,16.6,0.73,30.5,0.76,50.5,0.77,100.5,0.24,8.42,0.23,50.0,0.25,94.82,0.26,20.5,0.01,0.01,2314.099996,1776359798000
1776359800.963,100.963,0.75,9.6,0.73,10.0,0.76,130.5,0.77,95.5,0.24,50.5,0.23,100.5,0.25,16.6,0.27,30.5,0.01,0.01,2314.116444,1776359799000
1776359801.526,101.526,0.74,31.15,0.73,56.5,0.76,10.0,0.77,50.5,0.24,130.5,0.23,95.5,0.27,10.0,0.28,10.0,0.02,0.03,2314.158194,1776359800000
1776359801.998,101.998,0.75,10.0,0.74,30.5,0.76,23.33,0.77,50.5,0.24,15.26,0.23,50.5,0.25,5.0,0.26,20.0,0.01,0.01,2314.124659,1776359801000
1776359803.181,103.181,0.75,51.5,0.74,66.49,0.76,10.0,0.77,35.5,0.24,23.33,0.23,50.5,0.25,10.0,0.26,30.5,0.01,0.01,2313.998323,1776359802000
1776359808.16,108.16,0.78,22.06,0.77,12.0,0.79,318.9,0.8,100.0,0.24,3.42,0.23,35.5,0.25,51.5,0.26,66.49,0.01,0.01,2314.259822,1776359807000
1776359808.456,108.456,0.78,28.37,0.77,22.0,0.79,303.9,0.8,95.0,0.21,318.9,0.2,100.0,0.22,22.06,0.23,12.0,0.01,0.01,2314.259822,1776359807000
1776359808.663,108.663,0.78,22.96,0.77,22.0,0.79,283.9,0.8,95.0,0.21,303.9,0.2,95.0,0.22,28.37,0.23,22.0,0.01,0.01,2314.259822,1776359807000
1776359811.202,111.202,0.78,8.96,0.77,22.0,0.79,132.1,0.8,100.0,0.21,283.9,0.2,95.0,0.22,22.96,0.23,22.0,0.01,0.01,2314.312725,1776359809000
1776359811.561,111.561,0.78,25.3,0.77,22.0,0.79,129.56,0.8,125.0,0.21,132.1,0.2,100.0,0.22,8.96,0.23,22.0,0.01,0.01,2314.2955,1776359810000
1776359811.951,111.951,0.77,5.0,0.76,5.0,0.79,168.56,0.8,145.0,0.21,129.56,0.2,125.0,0.22,25.3,0.23,22.0,0.02,0.01,2314.2955,1776359810000
1776359812.541,112.541,0.75,42.01,0.74,60.5,0.76,15.0,0.77,15.5,0.22,25.5,0.21,158.56,0.25,15.5,0.26,55.5,0.01,0.03,2314.2955,1776359810000
1776359812.782,112.782,0.75,7.0,0.74,55.5,0.76,45.5,0.77,25.5,0.24,48.92,0.23,30.5,0.25,11.0,0.26,55.5,0.01,0.01,2314.29,1776359811000
1776359813.225,113.225,0.75,0.28,0.74,55.5,0.76,41.5,0.77,25.5,0.24,45.5,0.23,25.5,0.25,7.0,0.26,55.5,0.01,0.01,2314.29,1776359811000
1776359813.649,113.649,0.75,22.64,0.74,55.5,0.76,49.25,0.77,25.5,0.24,41.5,0.23,25.5,0.25,0.28,0.26,55.5,0.01,0.01,2314.251299,1776359812000
1776359814.209,114.209,0.75,17.64,0.74,91.75,0.76,76.67,0.77,35.5,0.24,49.25,0.23,25.5,0.25,22.64,0.26,55.5,0.01,0.01,2314.114696,1776359813000
1776359815.263,115.263,0.75,25.5,0.74,190.63,0.76,38.0,0.78,45.5,0.25,13.83,0.24,52.67,0.26,91.75,0.27,85.5,0.01,0.01,2314.114696,1776359813000
1776359815.562,115.562,0.75,46.5,0.74,145.25,0.77,10.0,0.78,30.0,0.24,38.0,0.22,45.5,0.25,25.5,0.26,190.63,0.02,0.01,2314.0527,1776359814000
1776359817.018,117.018,0.77,40.0,0.76,76.31,0.78,34.08,0.79,58.5,0.23,10.0,0.22,40.0,0.25,9.5,0.26,102.25,0.01,0.02,2314.03603,1776359815000
1776359817.395,117.395,0.77,40.0,0.76,76.31,0.78,32.66,0.79,58.5,0.22,34.08,0.21,58.5,0.23,40.0,0.24,76.31,0.01,0.01,2314.069472,1776359816000
1776359817.596,117.596,0.77,103.04,0.76,20.5,0.78,32.66,0.79,58.5,0.22,32.66,0.21,58.5,0.23,40.0,0.24,76.31,0.01,0.01,2314.069472,1776359816000
1776359819.118,119.118,0.78,144.6,0.77,20.5,0.79,16.26,0.8,160.5,0.22,32.66,0.21,58.5,0.23,103.04,0.24,20.5,0.01,0.01,2314.2056,1776359817000
1776359819.43,119.43,0.78,98.6,0.77,20.5,0.79,13.26,0.8,70.0,0.21,16.26,0.2,160.5,0.22,144.6,0.23,20.5,0.01,0.01,2314.2056,1776359817000
1776359820.62,120.62,0.78,98.5,0.77,61.09,0.8,8.74,0.81,135.5,0.21,11.74,0.2,70.0,0.22,44.5,0.23,61.09,0.02,0.01,2314.2589,1776359819000
1776359821.673,121.673,0.8,24.26,0.79,98.65,0.83,300.0,0.85,170.0,0.2,0.74,0.19,125.0,0.22,98.5,0.23,61.09,0.03,0.02,2314.307475,1776359820000
1776359822.758,122.758,0.83,10.0,0.82,77.98,0.84,14.0,0.85,120.0,0.17,300.0,0.15,170.0,0.2,24.26,0.21,98.65,0.01,0.03,2314.307475,1776359820000
1776359823.444,123.444,0.84,10.0,0.83,20.0,0.87,15.0,0.88,10.0,0.16,12.8,0.15,120.0,0.17,10.0,0.18,77.98,0.03,0.01,2314.669391,1776359821000
1776359823.705,123.705,0.85,10.0,0.84,10.0,0.87,18.65,0.88,10.0,0.13,18.65,0.12,10.0,0.15,10.0,0.16,10.0,0.02,0.02,2314.669391,1776359821000
1776359824.044,124.044,0.84,10.0,0.83,20.0,0.85,4.0,0.86,10.0,0.14,23.0,0.13,9.65,0.16,10.0,0.17,20.0,0.01,0.02,2314.669391,1776359821000
1776359824.513,124.513,0.84,41.23,0.83,20.0,0.86,18.38,0.87,9.65,0.15,4.0,0.14,10.0,0.16,10.0,0.17,20.0,0.02,0.01,2314.669391,1776359821000
1776359824.83,124.83,0.85,100.0,0.84,141.23,0.86,16.96,0.87,9.65,0.14,18.38,0.13,9.65,0.16,41.23,0.17,20.0,0.01,0.02,2315.12166,1776359823000
1776359825.265,125.265,0.86,7.1,0.85,28.0,0.87,14.15,0.88,49.1,0.14,16.96,0.13,9.65,0.15,100.0,0.16,141.23,0.01,0.01,2315.12166,1776359823000
1776359825.466,125.466,0.86,100.0,0.85,121.88,0.87,7.0,0.88,49.1,0.13,8.15,0.12,49.1,0.15,28.0,0.16,20.5,0.01,0.02,2315.12166,1776359823000
1776359825.674,125.674,0.86,98.85,0.85,121.88,0.87,2.59,0.88,54.1,0.13,2.0,0.12,49.1,0.14,98.85,0.15,121.88,0.01,0.01,2315.12166,1776359823000
1776359825.922,125.922,0.86,98.85,0.85,111.88,0.87,1.84,0.88,44.1,0.13,2.59,0.12,54.1,0.14,98.85,0.15,121.88,0.01,0.01,2315.22621,1776359824000
1776359826.202,126.202,0.86,88.85,0.85,111.88,0.87,11.19,0.88,44.1,0.13,31.34,0.12,44.1,0.14,88.85,0.15,111.88,0.01,0.01,2315.22621,1776359824000
1776359826.606,126.606,0.86,81.7,0.85,116.88,0.87,11.19,0.88,44.1,0.13,11.19,0.12,44.1,0.14,88.85,0.15,111.88,0.01,0.01,2315.22621,1776359824000
1776359827.081,127.081,0.85,11.88,0.84,150.0,0.86,54.94,0.87,20.5,0.13,21.46,0.12,69.1,0.14,81.7,0.15,116.88,0.01,0.01,2315.228695,1776359825000
1776359827.443,127.443,0.84,42.88,0.83,110.0,0.86,84.44,0.87,52.3,0.14,126.44,0.13,52.3,0.15,1.88,0.16,150.0,0.02,0.01,2315.228695,1776359825000
1776359828.05,128.05,0.84,47.88,0.83,10.0,0.85,0.5,0.86,115.34,0.14,84.44,0.13,52.3,0.16,42.88,0.17,110.0,0.01,0.02,2315.20584,1776359826000
1776359829.209,129.209,0.84,35.38,0.83,110.0,0.85,58.02,0.86,145.34,0.15,38.02,0.14,115.34,0.16,41.63,0.17,110.0,0.01,0.01,2315.109649,1776359827000
1776359829.746,129.746,0.84,5.38,0.83,10.0,0.85,71.02,0.86,200.34,0.15,58.02,0.14,145.34,0.16,35.38,0.17,110.0,0.01,0.01,2315.109649,1776359827000
1776359830.109,130.109,0.83,117.0,0.82,180.98,0.85,43.2,0.86,170.4,0.15,71.02,0.14,200.34,0.16,5.38,0.17,10.0,0.02,0.01,2314.812377,1776359828000
1776359830.849,130.849,0.84,13.75,0.83,117.0,0.85,106.2,0.86,169.9,0.15,43.08,0.14,170.4,0.16,18.0,0.17,122.0,0.01,0.01,2314.662141,1776359829000
1776359832.416,132.416,0.83,115.0,0.82,205.98,0.84,74.8,0.85,108.7,0.15,106.2,0.14,169.9,0.16,13.75,0.17,117.0,0.01,0.01,2314.632215,1776359830000
1776359833.389,133.389,0.84,206.25,0.83,162.5,0.85,20.0,0.86,90.0,0.16,74.8,0.15,108.7,0.17,115.0,0.18,205.98,0.01,0.01,2314.568719,1776359832000
1776359833.794,133.794,0.85,170.5,0.84,164.5,0.86,60.0,0.87,60.0,0.15,20.0,0.14,90.0,0.16,206.25,0.17,162.5,0.01,0.01,2314.568719,1776359832000
1776359834.248,134.248,0.86,95.99,0.85,162.5,0.88,35.0,0.89,186.79,0.13,60.0,0.12,35.0,0.15,192.5,0.16,181.35,0.02,0.02,2314.568719,1776359832000
1776359835.846,135.846,0.85,125.0,0.84,156.5,0.86,13.93,0.87,15.0,0.12,35.0,0.11,186.79,0.14,95.99,0.15,162.5,0.01,0.02,2314.593793,1776359834000
1776359836.438,136.438,0.84,122.0,0.83,110.0,0.86,76.83,0.87,15.0,0.14,13.93,0.13,15.0,0.15,125.0,0.16,156.5,0.02,0.01,2314.593793,1776359834000
1776359837.574,137.574,0.84,5.0,0.83,120.5,0.85,18.5,0.86,70.5,0.14,76.83,0.13,15.0,0.16,122.0,0.17,110.0,0.01,0.02,2315.020476,1776359836000
1776359838.208,138.208,0.84,10.0,0.83,140.44,0.85,66.82,0.86,99.9,0.15,73.5,0.14,70.5,0.17,102.94,0.18,180.98,0.01,0.02,2314.883774,1776359837000
1776359838.532,138.532,0.85,10.0,0.84,16.5,0.86,10.0,0.87,46.8,0.15,28.0,0.14,99.9,0.16,6.0,0.17,134.94,0.01,0.01,2314.883774,1776359837000
1776359839.121,139.121,0.86,76.85,0.85,10.0,0.87,10.0,0.88,59.1,0.14,10.0,0.13,46.8,0.15,10.0,0.16,16.5,0.01,0.01,2314.883774,1776359837000
1776359841.333,141.333,0.87,35.5,0.86,65.5,0.88,37.86,0.89,286.79,0.13,10.0,0.12,59.1,0.14,55.42,0.15,10.0,0.01,0.01,2314.648883,1776359839000
1776359842.787,142.787,0.87,160.5,0.86,204.33,0.88,36.72,0.89,250.0,0.12,37.86,0.11,286.79,0.13,35.5,0.14,65.5,0.01,0.01,2315.02,1776359841000
1776359844.154,144.154,0.87,175.5,0.86,221.18,0.88,35.36,0.89,250.0,0.12,36.72,0.11,250.0,0.13,160.5,0.14,204.33,0.01,0.01,2315.08596,1776359842000
1776359844.789,144.789,0.87,137.8,0.86,231.18,0.88,27.22,0.89,260.0,0.12,27.22,0.11,250.0,0.13,145.5,0.14,221.18,0.01,0.01,2315.1476,1776359843000
1776359845.22,145.22,0.87,57.8,0.86,131.18,0.88,27.22,0.89,170.0,0.12,27.22,0.11,260.0,0.13,137.8,0.14,231.18,0.01,0.01,2315.1476,1776359843000
1776359845.506,145.506,0.87,19.33,0.86,131.18,0.88,27.22,0.89,170.0,0.12,27.22,0.11,170.0,0.13,57.8,0.14,131.18,0.01,0.01,2315.1476,1776359843000
1776359846.973,146.973,0.87,50.5,0.86,114.33,0.88,3.0,0.89,165.0,0.12,27.22,0.11,170.0,0.13,19.33,0.14,131.18,0.01,0.01,2315.237385,1776359845000
1776359849.818,149.818,0.89,111.14,0.88,72.5,0.9,108.0,0.91,190.0,0.12,3.0,0.11,165.0,0.13,50.5,0.14,114.33,0.01,0.01,2315.1678,1776359848000
1776359850.729,150.729,0.89,20.1,0.88,35.0,0.9,164.21,0.91,190.0,0.1,105.71,0.09,190.0,0.11,111.14,0.12,72.5,0.01,0.01,2315.395832,1776359849000
1776359851.26,151.26,0.88,20.0,0.87,30.5,0.89,26.22,0.9,135.71,0.1,164.21,0.09,190.0,0.12,14.67,0.13,45.0,0.01,0.02,2315.371445,1776359850000
1776359851.839,151.839,0.86,30.0,0.85,55.5,0.87,12.4,0.88,44.0,0.11,8.42,0.1,151.21,0.12,5.0,0.13,15.0,0.01,0.01,2315.371445,1776359850000
1776359852.553,152.553,0.86,30.0,0.85,45.0,0.87,57.62,0.88,10.0,0.13,12.4,0.12,44.0,0.14,30.0,0.15,55.5,0.01,0.01,2315.267879,1776359851000
1776359854.085,154.085,0.86,40.5,0.85,55.5,0.87,51.87,0.88,44.1,0.13,57.62,0.12,10.0,0.14,30.0,0.15,45.0,0.01,0.01,2314.951897,1776359853000
1776359854.862,154.862,0.86,13.35,0.85,55.5,0.87,3.87,0.88,54.6,0.13,51.87,0.12,44.1,0.14,4.78,0.15,55.5,0.01,0.01,2314.951897,1776359853000
1776359855.318,155.318,0.85,48.83,0.84,31.5,0.86,38.8,0.87,14.37,0.14,16.65,0.13,3.87,0.15,58.83,0.16,31.5,0.01,0.01,2314.943533,1776359854000
1776359856.098,156.098,0.85,100.0,0.84,125.21,0.86,1.32,0.87,13.87,0.14,36.95,0.13,14.37,0.15,48.83,0.16,31.5,0.01,0.01,2314.925398,1776359855000
1776359856.541,156.541,0.85,78.33,0.84,125.21,0.86,11.32,0.87,24.37,0.14,1.32,0.13,13.87,0.15,100.0,0.16,125.21,0.01,0.01,2314.925398,1776359855000
1776359858.215,158.215,0.85,86.67,0.84,125.21,0.86,0.15,0.87,34.37,0.14,11.32,0.13,24.37,0.15,78.33,0.16,125.21,0.01,0.01,2314.784094,1776359857000
1776359861.644,161.644,0.85,174.67,0.84,88.68,0.87,13.87,0.88,74.6,0.14,0.15,0.13,34.37,0.15,86.67,0.16,125.21,0.02,0.01,2314.700016,1776359860000
1776359864.951,164.951,0.86,26.0,0.85,20.5,0.87,30.5,0.88,114.6,0.13,13.87,0.12,74.6,0.15,174.67,0.16,88.68,0.01,0.02,2314.80667,1776359863000
1776359865.226,165.226,0.86,17.5,0.85,20.5,0.87,20.5,0.88,114.6,0.13,30.5,0.12,114.6,0.14,26.0,0.15,20.5,0.01,0.01,2314.80667,1776359863000
1776359866.761,166.761,0.84,15.0,0.83,55.5,0.85,9.2,0.86,30.5,0.13,20.5,0.12,114.6,0.14,17.5,0.15,20.5,0.01,0.01,2314.7479,1776359865000
1776359867.436,167.436,0.84,15.0,0.83,65.5,0.85,22.46,0.86,60.4,0.15,5.76,0.14,30.5,0.16,15.0,0.17,55.5,0.01,0.01,2314.747636,1776359866000
1776359868.501,168.501,0.84,26.44,0.83,55.0,0.85,13.77,0.86,10.0,0.15,26.49,0.14,60.4,0.16,6.0,0.17,65.5,0.01,0.01,2314.419234,1776359867000
1776359869.751,169.751,0.84,243.44,0.83,120.0,0.88,39.32,0.89,20.0,0.15,13.77,0.14,10.0,0.16,26.44,0.17,55.0,0.04,0.01,2314.326176,1776359868000
1776359869.997,169.997,0.86,55.0,0.85,140.0,0.9,76.99,0.91,136.0,0.12,1.14,0.1,85.71,0.15,70.0,0.16,257.44,0.04,0.03,2314.326176,1776359868000
1776359870.211,170.211,0.86,60.0,0.85,270.0,0.9,66.73,0.91,136.0,0.1,74.43,0.09,136.0,0.14,60.0,0.15,170.0,0.04,0.04,2314.35,1776359869000
1776359870.796,170.796,0.9,10.0,0.89,15.61,0.91,80.51,0.92,292.0,0.09,86.0,0.08,317.0,0.13,16.74,0.14,70.0,0.01,0.04,2314.35,1776359869000
1776359871.116,171.116,0.9,13.88,0.89,10.0,0.91,80.51,0.92,292.0,0.09,80.51,0.08,292.0,0.1,10.0,0.11,15.61,0.01,0.01,2314.35,1776359869000
1776359871.489,171.489,0.9,24.99,0.89,310.0,0.91,77.21,0.92,292.0,0.09,80.51,0.08,292.0,0.1,3.88,0.11,310.0,0.01,0.01,2316.40174,1776359870000
1776359871.761,171.761,0.9,43.33,0.89,310.0,0.91,75.17,0.92,292.0,0.09,77.21,0.08,292.0,0.1,24.99,0.11,310.0,0.01,0.01,2316.40174,1776359870000
1776359872.098,172.098,0.9,71.55,0.89,310.0,0.92,286.95,0.93,214.0,0.09,75.17,0.08,292.0,0.1,43.33,0.11,310.0,0.02,0.01,2316.408665,1776359871000
1776359872.558,172.558,0.9,85.88,0.89,310.0,0.92,286.95,0.93,214.0,0.08,286.95,0.07,214.0,0.1,75.77,0.11,310.0,0.02,0.02,2316.408665,1776359871000
1776359872.894,172.894,0.91,10.0,0.9,108.1,0.92,308.81,0.93,214.0,0.08,286.95,0.07,214.0,0.1,85.88,0.11,310.0,0.01,0.02,2316.408665,1776359871000
1776359873.372,173.372,0.91,10.0,0.9,141.43,0.92,256.91,0.93,249.0,0.08,308.81,0.07,214.0,0.09,10.0,0.1,108.1,0.01,0.01,2316.378316,1776359872000
1776359873.664,173.664,0.91,10.0,0.9,152.54,0.92,81.01,0.93,249.0,0.08,256.91,0.07,249.0,0.09,10.0,0.1,141.43,0.01,0.01,2316.378316,1776359872000
1776359873.944,173.944,0.91,10.0,0.9,163.65,0.93,143.78,0.94,350.8,0.08,2.78,0.07,149.0,0.09,10.0,0.1,163.65,0.02,0.01,2316.378316,1776359872000
1776359874.341,174.341,0.92,118.0,0.91,16.0,0.93,136.94,0.94,350.8,0.07,139.32,0.06,350.8,0.08,118.0,0.09,10.0,0.01,0.01,2316.27447,1776359873000
1776359874.858,174.858,0.92,118.0,0.91,16.0,0.93,34.38,0.94,350.8,0.07,136.94,0.06,350.8,0.08,118.0,0.09,16.0,0.01,0.01,2316.27447,1776359873000
1776359875.356,175.356,0.92,78.0,0.91,6.0,0.93,45.0,0.94,350.8,0.06,350.8,0.05,277.47,0.08,118.0,0.09,16.0,0.01,0.02,2316.293245,1776359874000
1776359875.71,175.71,0.9,196.38,0.89,11.0,0.93,68.77,0.94,350.8,0.07,68.77,0.06,350.8,0.1,196.48,0.11,11.0,0.03,0.03,2316.293245,1776359874000
1776359875.912,175.912,0.9,147.49,0.87,10.0,0.91,50.0,0.92,11.99,0.09,50.0,0.08,11.99,0.1,157.49,0.13,10.0,0.01,0.01,2316.293245,1776359874000
1776359876.387,176.387,0.9,75.04,0.87,10.0,0.92,11.99,0.93,11.14,0.09,44.08,0.08,11.99,0.1,120.49,0.13,10.0,0.02,0.01,2316.126349,1776359875000
1776359876.822,176.822,0.9,83.64,0.89,10.0,0.92,21.99,0.93,10.0,0.08,11.99,0.07,10.0,0.1,83.04,0.11,10.0,0.02,0.02,2316.126349,1776359875000
1776359877.077,177.077,0.9,83.64,0.89,10.0,0.91,11.93,0.92,21.99,0.08,21.99,0.07,10.0,0.1,83.64,0.11,10.0,0.01,0.02,2315.366062,1776359876000
1776359877.651,177.651,0.9,50.64,0.87,10.0,0.91,48.0,0.92,21.99,0.09,11.93,0.08,21.99,0.1,83.64,0.11,10.0,0.01,0.01,2315.366062,1776359876000
1776359878.2,178.2,0.88,16.41,0.87,20.5,0.89,10.0,0.9,10.0,0.09,58.0,0.08,21.99,0.16,23.64,0.17,74.11,0.01,0.07,2315.366062,1776359876000
1776359879.297,179.297,0.88,24.41,0.87,20.5,0.89,8.87,0.9,24.0,0.11,10.0,0.1,10.0,0.12,16.41,0.13,20.5,0.01,0.01,2315.368782,1776359877000
1776359880.497,180.497,0.88,15.41,0.87,165.5,0.9,24.0,0.91,10.0,0.11,8.87,0.1,24.0,0.12,24.41,0.13,20.5,0.02,0.01,2315.31839,1776359879000
1776359880.709,180.709,0.88,15.41,0.87,175.5,0.9,18.44,0.91,10.0,0.1,24.0,0.09,10.0,0.12,15.41,0.13,165.5,0.02,0.02,2315.31839,1776359879000
1776359880.917,180.917,0.88,15.41,0.87,175.5,0.91,10.0,0.92,38.99,0.1,6.34,0.09,10.0,0.12,15.41,0.13,175.5,0.03,0.02,2315.31839,1776359879000
1776359881.347,181.347,0.88,16.0,0.87,175.5,0.89,7.74,0.9,10.0,0.11,8.87,0.09,4.69,0.12,6.0,0.13,175.5,0.01,0.01,2315.31839,1776359879000
1776359882.016,182.016,0.89,6.0,0.88,69.09,0.91,3.59,0.92,58.99,0.11,0.21,0.1,10.0,0.12,10.0,0.13,175.5,0.02,0.01,2315.31839,1776359879000
1776359883.043,183.043,0.89,43.25,0.88,69.09,0.9,18.45,0.92,58.99,0.09,3.59,0.08,58.99,0.11,6.0,0.12,69.09,0.01,0.02,2315.284264,1776359881000
1776359883.507,183.507,0.89,135.65,0.88,69.09,0.9,8.45,0.92,31.99,0.1,18.45,0.08,58.99,0.11,43.25,0.12,69.09,0.01,0.01,2315.284264,1776359881000
1776359884.357,184.357,0.91,183.0,0.9,127.0,0.92,21.99,0.93,80.3,0.08,31.99,0.06,425.8,0.11,120.55,0.12,83.09,0.01,0.03,2315.125304,1776359883000
1776359885.127,185.127,0.91,157.0,0.9,137.0,0.92,15.35,0.93,25.0,0.08,20.79,0.07,80.3,0.09,183.0,0.1,127.0,0.01,0.01,2315.125304,1776359883000
1776359885.887,185.887,0.91,144.0,0.9,140.0,0.92,4.91,0.93,25.0,0.08,9.91,0.07,25.0,0.09,157.0,0.1,140.0,0.01,0.01,2315.111875,1776359884000
1776359886.482,186.482,0.91,157.0,0.9,132.0,0.92,0.21,0.93,25.0,0.08,4.91,0.07,25.0,0.09,144.0,0.1,140.0,0.01,0.01,2315.111875,1776359884000
1776359886.706,186.706,0.92,5.22,0.91,147.0,0.93,25.0,0.94,352.0,0.08,0.21,0.07,25.0,0.09,157.0,0.1,132.0,0.01,0.01,2315.739628,1776359885000
1776359888.009,188.009,0.93,10.0,0.92,25.65,0.94,358.0,0.95,206.67,0.07,25.0,0.06,352.0,0.08,5.22,0.09,147.0,0.01,0.01,2315.99811,1776359886000
1776359889.586,189.586,0.93,15.0,0.92,132.53,0.94,353.0,0.95,206.67,0.06,358.0,0.05,206.67,0.07,10.0,0.08,25.65,0.01,0.01,2316.115578,1776359887000
1776359890.301,190.301,0.93,15.0,0.92,65.65,0.94,346.61,0.95,206.67,0.06,348.0,0.05,206.67,0.07,15.0,0.08,132.53,0.01,0.01,2316.2351,1776359888000
1776359890.616,190.616,0.93,15.0,0.92,65.65,0.94,290.27,0.95,206.67,0.06,341.34,0.05,206.67,0.07,15.0,0.08,65.65,0.01,0.01,2316.259367,1776359889000
1776359891.078,191.078,0.93,16.0,0.92,31.65,0.94,286.01,0.95,206.67,0.06,312.13,0.05,206.67,0.07,10.0,0.08,37.65,0.01,0.01,2316.259367,1776359889000
1776359891.548,191.548,0.93,17.16,0.92,25.65,0.94,321.01,0.95,206.67,0.06,280.01,0.05,206.67,0.07,16.0,0.08,25.65,0.01,0.01,2316.245782,1776359890000
1776359892.205,192.205,0.91,30.0,0.9,50.5,0.94,291.01,0.95,206.67,0.06,321.01,0.05,206.67,0.07,17.16,0.08,25.65,0.03,0.01,2316.245782,1776359890000
1776359892.675,192.675,0.92,10.0,0.91,30.0,0.93,56.39,0.94,274.01,0.06,291.01,0.05,206.67,0.09,30.0,0.1,50.5,0.01,0.03,2316.245782,1776359890000
1776359893.307,193.307,0.92,10.0,0.91,76.38,0.93,54.77,0.94,274.01,0.07,56.39,0.06,274.01,0.08,10.0,0.09,30.0,0.01,0.01,2316.259811,1776359891000
1776359894.377,194.377,0.92,27.0,0.91,47.0,0.93,66.78,0.94,274.01,0.07,49.92,0.06,274.01,0.08,10.0,0.09,76.38,0.01,0.01,2316.13223,1776359892000
1776359894.941,194.941,0.93,15.49,0.92,138.02,0.94,319.11,0.95,206.67,0.07,66.78,0.06,274.01,0.08,27.0,0.09,47.0,0.01,0.01,2315.980466,1776359893000
1776359895.61,195.61,0.93,207.13,0.92,143.02,0.94,213.0,0.95,235.67,0.06,319.11,0.05,206.67,0.07,15.49,0.08,138.02,0.01,0.01,2315.870391,1776359894000
1776359896.815,196.815,0.93,192.49,0.92,588.97,0.94,202.68,0.95,235.67,0.06,207.68,0.05,235.67,0.07,207.13,0.08,143.02,0.01,0.01,2316.047031,1776359895000
1776359899.037,199.037,0.93,166.99,0.92,254.97,0.94,101.61,0.95,176.67,0.06,202.68,0.05,235.67,0.07,192.49,0.08,588.97,0.01,0.01,2316.41309,1776359897000
1776359899.31,199.31,0.94,29.0,0.93,144.99,0.95,171.91,0.96,228.8,0.05,172.97,0.04,228.8,0.06,319.0,0.07,144.99,0.01,0.01,2316.41309,1776359897000
1776359899.562,199.562,0.94,59.0,0.93,239.99,0.95,166.76,0.96,228.8,0.05,167.82,0.04,228.8,0.06,34.0,0.07,139.99,0.01,0.01,2316.41309,1776359897000
1776359900.433,200.433,0.94,29.0,0.93,229.99,0.95,8.23,0.96,135.0,0.05,137.07,0.04,228.8,0.06,49.0,0.07,239.99,0.01,0.01,2316.753285,1776359899000
1776359900.633,200.633,0.94,49.5,0.93,229.99,0.96,21.77,0.97,356.0,0.04,21.77,0.03,356.0,0.06,49.5,0.07,229.99,0.02,0.02,2316.753285,1776359899000
1776359900.887,200.887,0.96,484.0,0.94,51.5,0.97,292.8,0.98,330.0,0.03,294.86,0.02,330.0,0.04,399.0,0.05,20.0,0.01,0.01,2316.753285,1776359899000
1776359901.096,201.096,0.96,516.0,0.95,19.0,0.97,255.35,0.98,330.0,0.03,257.41,0.02,330.0,0.04,516.0,0.05,19.0,0.01,0.01,2316.753285,1776359899000
1776359901.314,201.314,0.96,516.0,0.95,19.0,0.97,217.36,0.98,335.0,0.03,218.4,0.02,335.0,0.04,516.0,0.05,19.0,0.01,0.01,2316.753285,1776359899000
1776359901.544,201.544,0.96,526.0,0.95,19.0,0.97,204.07,0.98,335.0,0.03,210.07,0.02,335.0,0.04,526.0,0.05,19.0,0.01,0.01,2317.014885,1776359900000
1776359901.774,201.774,0.96,531.0,0.95,324.26,0.97,194.75,0.98,335.0,0.03,196.81,0.02,335.0,0.04,531.0,0.05,324.26,0.01,0.01,2317.014885,1776359900000
1776359901.975,201.975,0.96,523.32,0.95,324.26,0.97,182.31,0.98,335.0,0.03,188.56,0.02,335.0,0.04,523.32,0.05,324.26,0.01,0.01,2317.014885,1776359900000
1776359902.193,202.193,0.96,523.32,0.95,324.26,0.97,144.38,0.98,335.0,0.03,173.25,0.02,335.0,0.04,523.32,0.05,324.26,0.01,0.01,2317.1278,1776359901000
1776359902.395,202.395,0.96,530.32,0.95,24.26,0.97,127.09,0.98,335.0,0.03,128.13,0.02,335.0,0.04,530.32,0.05,24.26,0.01,0.01,2317.1278,1776359901000
1776359902.623,202.623,0.96,530.32,0.95,24.26,0.97,116.93,0.98,310.0,0.03,117.97,0.02,310.0,0.04,530.32,0.05,24.26,0.01,0.01,2317.1278,1776359901000
1776359902.999,202.999,0.96,530.32,0.95,19.0,0.97,101.89,0.98,310.0,0.03,106.89,0.02,310.0,0.04,530.32,0.05,34.26,0.01,0.01,2317.1278,1776359901000
1776359904.784,204.784,0.96,439.2,0.95,19.0,0.97,153.89,0.98,310.0,0.03,101.89,0.02,310.0,0.04,530.32,0.05,19.0,0.01,0.01,2317.21426,1776359903000
1776359905.527,205.527,0.96,434.0,0.95,319.0,0.97,151.83,0.98,310.0,0.03,153.89,0.02,310.0,0.04,439.2,0.05,19.0,0.01,0.01,2317.207786,1776359904000
1776359906.219,206.219,0.96,434.0,0.95,319.0,0.97,146.83,0.98,310.0,0.03,151.83,0.02,310.0,0.04,434.0,0.05,319.0,0.01,0.01,2317.30843,1776359905000
1776359906.943,206.943,0.96,439.0,0.95,117.0,0.97,133.43,0.98,210.0,0.03,141.68,0.02,210.0,0.04,434.0,0.05,137.0,0.01,0.01,2317.30843,1776359905000
1776359907.551,207.551,0.96,439.0,0.95,27.0,0.97,132.39,0.98,205.0,0.03,133.43,0.02,210.0,0.04,439.0,0.05,117.0,0.01,0.01,2317.329618,1776359906000
1776359907.771,207.771,0.96,439.0,0.95,27.0,0.97,37.42,0.98,205.0,0.03,132.39,0.02,205.0,0.04,439.0,0.05,27.0,0.01,0.01,2317.329618,1776359906000
1776359908.109,208.109,0.96,439.91,0.95,102.8,0.97,46.38,0.98,205.0,0.03,46.38,0.02,205.0,0.04,439.0,0.05,27.0,0.01,0.01,2317.329618,1776359906000
1776359908.487,208.487,0.96,451.91,0.95,102.8,0.97,44.32,0.98,205.0,0.03,44.32,0.02,205.0,0.04,526.91,0.05,102.8,0.01,0.01,2317.400205,1776359907000
1776359908.746,208.746,0.96,451.91,0.95,102.8,0.97,4.85,0.98,205.0,0.03,44.32,0.02,205.0,0.04,451.91,0.05,102.8,0.01,0.01,2317.400205,1776359907000
1776359909.128,209.128,0.96,451.91,0.95,102.8,0.97,2.59,0.98,205.0,0.03,4.85,0.02,205.0,0.04,451.91,0.05,102.8,0.01,0.01,2317.36802,1776359908000
1776359909.353,209.353,0.96,451.91,0.95,102.8,0.98,172.83,0.99,2282.17,0.03,2.59,0.02,205.0,0.04,451.91,0.05,102.8,0.02,0.01,2317.36802,1776359908000
1776359909.838,209.838,0.97,119.0,0.96,446.61,0.98,166.17,0.99,2282.17,0.02,172.83,0.01,2282.17,0.04,451.91,0.05,102.8,0.01,0.02,2317.36802,1776359908000
1776359910.041,210.041,0.97,135.27,0.96,446.61,0.98,132.04,0.99,2282.17,0.02,140.21,0.01,2282.17,0.03,135.27,0.04,446.61,0.01,0.01,2317.36802,1776359908000
1776359910.596,210.596,0.97,249.7,0.96,746.61,0.98,56.74,0.99,2282.17,0.02,61.74,0.01,2282.17,0.03,126.0,0.04,446.61,0.01,0.01,2317.36802,1776359908000
1776359911.044,211.044,0.97,230.63,0.96,751.61,0.98,56.74,0.99,2282.17,0.02,56.74,0.01,2282.17,0.03,249.7,0.04,746.61,0.01,0.01,2317.36802,1776359908000
1776359911.997,211.997,0.97,378.36,0.96,746.46,0.98,91.56,0.99,1918.57,0.02,56.74,0.01,2282.17,0.03,230.63,0.04,751.61,0.01,0.01,2317.357699,1776359910000
1776359912.237,212.237,0.97,509.67,0.96,629.61,0.98,72.02,0.99,1918.57,0.02,80.18,0.01,1918.57,0.03,409.94,0.04,746.46,0.01,0.01,2317.357699,1776359911000
1776359912.56,212.56,0.97,459.52,0.96,601.61,0.98,43.46,0.99,1918.57,0.02,48.56,0.01,1918.57,0.03,563.79,0.04,601.61,0.01,0.01,2317.357699,1776359911000
1776359913.33,213.33,0.98,208.72,0.97,218.52,0.99,1913.57,,,0.01,1918.57,,,0.02,56.54,0.03,463.79,0.01,0.01,2317.357699,1776359911000
1776359913.721,213.721,0.98,399.42,0.97,211.67,0.99,1837.19,,,0.01,1872.55,,,0.02,392.42,0.03,218.52,0.01,0.01,2317.364213,1776359912000
1776359914.162,214.162,0.98,347.88,0.97,206.67,0.99,1822.19,,,0.01,1827.19,,,0.02,399.42,0.03,211.67,0.01,0.01,2317.364213,1776359912000
1776359914.525,214.525,0.98,352.88,0.97,196.67,0.99,1283.19,,,0.01,1722.19,,,0.02,347.88,0.03,206.67,0.01,0.01,2317.735415,1776359913000
1776359914.798,214.798,0.98,426.88,0.97,134.67,0.99,1261.19,,,0.01,1263.19,,,0.02,352.88,0.03,196.67,0.01,0.01,2317.735415,1776359913000
1776359915.178,215.178,0.98,317.7,0.97,134.67,0.99,1176.69,,,0.01,1180.83,,,0.02,426.88,0.03,134.67,0.01,0.01,2317.735415,1776359913000
1776359915.45,215.45,0.98,320.34,0.97,216.67,0.99,1143.65,,,0.01,1143.65,,,0.02,326.88,0.03,234.67,0.01,0.01,2318.45191,1776359914000
1776359916.026,216.026,0.98,425.43,0.97,155.52,0.99,968.6,,,0.01,1133.65,,,0.02,320.34,0.03,238.67,0.01,0.01,2318.576419,1776359915000
1776359916.302,216.302,0.98,435.43,0.97,155.52,0.99,967.58,,,0.01,968.6,,,0.02,425.43,0.03,155.52,0.01,0.01,2318.576419,1776359915000
1776359916.617,216.617,0.98,333.43,0.97,555.52,0.99,907.33,,,0.01,927.53,,,0.02,333.43,0.03,555.52,0.01,0.01,2318.576419,1776359915000
1776359916.819,216.819,0.98,352.43,0.97,755.52,0.99,899.27,,,0.01,901.29,,,0.02,633.43,0.03,555.52,0.01,0.01,2318.576419,1776359915000
1776359917.186,217.186,0.98,624.25,0.97,755.52,0.99,829.27,,,0.01,869.27,,,0.02,633.43,0.03,555.52,0.01,0.01,2318.576419,1776359915000
1776359917.405,217.405,0.98,633.43,0.97,755.52,0.99,799.01,,,0.01,801.03,,,0.02,633.43,0.03,755.52,0.01,0.01,2318.36792,1776359916000
1776359917.747,217.747,0.98,633.43,0.97,355.52,0.99,780.99,,,0.01,785.99,,,0.02,633.43,0.03,355.52,0.01,0.01,2318.36792,1776359916000
1776359918.307,218.307,0.99,1744.01,0.98,255.28,,,,,0.01,780.99,,,0.02,633.43,0.03,355.52,,0.01,2318.36792,1776359916000
1776359918.619,218.619,0.99,1995.35,0.98,258.28,,,,,,,,,0.01,1744.01,0.02,255.28,,,2318.301537,1776359917000
1776359918.847,218.847,0.99,2029.74,0.98,259.1,,,,,,,,,0.01,1992.82,0.02,259.1,,,2318.301537,1776359917000
1776359919.059,219.059,0.99,1995.31,0.98,259.1,,,,,,,,,0.01,1997.27,0.02,259.1,,,2318.301537,1776359917000
1776359920.79,220.79,0.99,1492.96,0.98,749.1,,,,,,,,,0.01,1987.96,0.02,259.1,,,2318.53258,1776359919000
1776359921.667,221.667,0.99,1705.87,0.98,644.1,,,,,,,,,0.01,1492.96,0.02,749.1,,,2318.53258,1776359919000
1776359922.798,222.798,0.99,1719.69,0.98,239.1,,,,,,,,,0.01,1705.87,0.02,644.1,,,2318.53258,1776359919000
1776359949.507,249.507,0.99,2493.1,0.98,542.61,,,,,,,,,0.01,1719.69,0.02,239.1,,,2318.4227,1776359948000
1776359952.191,252.191,0.99,2418.1,0.98,237.61,,,,,,,,,0.01,2493.1,0.02,542.61,,,2318.070847,1776359950000
1776359960.321,260.321,0.99,2466.18,0.98,237.61,,,,,,,,,0.01,2418.1,0.02,237.61,,,2317.382109,1776359959000
1776359972.613,272.613,0.99,11221.35,0.98,237.61,,,,,,,,,0.01,2466.18,0.02,237.61,,,2318.156205,1776359971000
1776359973.144,273.144,0.991,400.0,0.99,3745.33,0.999,408.15,,,,,,,0.01,11221.35,0.02,237.61,0.008,,2318.156205,1776359971000
1776359973.462,273.462,0.991,394.0,0.99,3250.41,0.998,1.0,0.999,298.08,0.002,1.0,0.001,298.08,0.009,400.0,0.01,3750.41,0.007,0.007,2318.109244,1776359972000
1776359973.716,273.716,0.991,394.0,0.99,3250.41,0.999,255.03,,,0.001,275.04,,,0.009,394.0,0.01,3250.41,0.008,0.008,2318.109244,1776359972000
1776359975.626,275.626,0.991,394.0,0.99,3335.42,0.999,246.02,,,0.001,243.03,,,0.009,394.0,0.01,3250.41,0.008,0.008,2318.014574,1776359974000
1776359976.774,276.774,0.991,394.0,0.99,3986.42,0.999,239.03,,,0.001,246.02,,,0.009,394.0,0.01,3335.42,0.008,0.008,2317.604429,1776359975000
1776359977.635,277.635,0.991,467.0,0.99,3991.52,0.999,236.02,,,0.001,239.03,,,0.009,394.0,0.01,3986.42,0.008,0.008,2317.57371,1776359976000
1776359978.552,278.552,0.991,467.0,0.99,4005.52,0.999,235.52,,,0.001,236.02,,,0.009,467.0,0.01,3991.52,0.008,0.008,2317.567898,1776359977000
1776359980.341,280.341,0.991,355.88,0.99,4045.92,0.999,235.52,,,0.001,235.52,,,0.009,467.0,0.01,4005.52,0.008,0.008,2317.764043,1776359979000
1776359981.06,281.06,0.991,355.88,0.99,4067.92,0.999,230.51,,,0.001,235.52,,,0.009,355.88,0.01,4045.92,0.008,0.008,2317.764043,1776359979000
1776359981.403,281.403,0.991,355.88,0.99,5067.92,0.999,224.52,,,0.001,230.51,,,0.009,355.88,0.01,4067.92,0.008,0.008,2317.764043,1776359979000
1776359982.889,282.889,0.991,355.88,0.99,5705.97,0.999,124.42,,,0.001,224.52,,,0.009,355.88,0.01,5067.92,0.008,0.008,2317.85095,1776359981000
1776359983.322,283.322,0.999,470.58,0.991,355.88,,,,,,,,,0.001,475.58,0.009,355.88,,,2317.85095,1776359981000
1776359988.72,288.72,0.999,1469.42,0.991,355.88,,,,,,,,,0.001,470.58,0.009,355.88,,,2317.813744,1776359987000

# RESULT,winner=Up,slug=eth-updown-5m-1776359700,ticks=370
