timestamp,elapsed_sec,up_bid_p1,up_bid_s1,up_bid_p2,up_bid_s2,up_ask_p1,up_ask_s1,up_ask_p2,up_ask_s2,down_bid_p1,down_bid_s1,down_bid_p2,down_bid_s2,down_ask_p1,down_ask_s1,down_ask_p2,down_ask_s2,up_spread,down_spread,eth_price,eth_oracle_ts
1776275101.222,1.222,0.5,5.0,0.46,150.0,0.54,150.0,0.6,38.0,0.46,150.0,0.4,38.0,0.5,5.0,0.54,150.0,0.04,0.04,2343.073465,1776275100000
1776275101.554,1.554,0.5,17.0,0.49,13.0,0.54,164.14,0.55,13.0,0.46,150.0,0.4,38.0,0.5,5.0,0.54,150.0,0.04,0.04,2343.073465,1776275100000
1776275101.771,1.771,0.51,17.44,0.5,10.0,0.54,153.14,0.56,13.0,0.46,164.14,0.45,13.0,0.5,17.0,0.51,13.0,0.03,0.04,2343.073465,1776275100000
1776275102.293,2.293,0.53,38.0,0.52,33.0,0.56,18.0,0.57,18.0,0.46,153.14,0.44,13.0,0.49,17.44,0.5,10.0,0.03,0.03,2343.073465,1776275100000
1776275102.981,2.981,0.55,6.0,0.53,21.0,0.56,14.48,0.57,14.94,0.43,14.94,0.42,5.0,0.46,5.0,0.48,5.0,0.01,0.03,2343.09918,1776275101000
1776275103.393,3.393,0.55,3.68,0.53,26.0,0.56,29.48,0.57,24.94,0.44,14.48,0.43,14.94,0.45,6.0,0.47,21.0,0.01,0.01,2343.120521,1776275102000
1776275103.772,3.772,0.53,29.21,0.52,42.48,0.54,11.83,0.55,15.0,0.46,6.83,0.45,15.0,0.47,36.0,0.48,38.48,0.01,0.01,2343.120521,1776275102000
1776275104.19,4.19,0.54,62.93,0.53,34.21,0.55,15.0,0.56,34.48,0.45,15.0,0.44,34.48,0.46,62.93,0.47,34.21,0.01,0.01,2343.408265,1776275103000
1776275105.315,5.315,0.54,62.93,0.53,34.21,0.55,15.0,0.56,34.48,0.45,15.0,0.44,34.48,0.46,62.93,0.47,34.21,0.01,0.01,2343.403459,1776275104000
1776275105.95,5.95,0.57,26.0,0.56,25.0,0.58,4.88,0.59,15.0,0.45,15.0,0.44,34.48,0.46,62.93,0.47,34.21,0.01,0.01,2343.403459,1776275104000
1776275106.226,6.226,0.57,28.67,0.56,25.0,0.59,14.55,0.6,25.0,0.42,4.88,0.41,15.0,0.43,18.67,0.44,25.0,0.02,0.01,2343.403459,1776275104000
1776275106.919,6.919,0.57,23.67,0.56,25.0,0.58,10.0,0.59,14.55,0.42,10.0,0.41,14.55,0.43,23.67,0.44,25.0,0.01,0.01,2343.57549,1776275106000
1776275107.692,7.692,0.56,41.0,0.55,33.0,0.58,23.27,0.59,14.55,0.42,10.0,0.41,14.55,0.43,23.67,0.44,25.0,0.02,0.01,2343.57549,1776275106000
1776275108.174,8.174,0.56,41.0,0.55,33.0,0.57,3.28,0.58,18.27,0.43,3.28,0.42,18.27,0.44,41.0,0.45,33.0,0.01,0.01,2343.8036,1776275107000
1776275108.76,8.76,0.55,5.0,0.54,89.93,0.56,29.28,0.57,20.0,0.43,3.01,0.42,18.27,0.44,36.0,0.45,38.0,0.01,0.01,2343.8036,1776275107000
1776275109.221,9.221,0.55,5.0,0.54,89.93,0.56,29.28,0.57,20.0,0.44,29.28,0.43,20.0,0.45,5.0,0.46,89.93,0.01,0.01,2343.768095,1776275108000
1776275109.589,9.589,0.55,20.0,0.54,89.93,0.56,24.46,0.57,30.0,0.44,29.28,0.43,20.0,0.45,5.0,0.46,89.93,0.01,0.01,2343.768095,1776275108000
1776275109.831,9.831,0.55,20.0,0.54,94.93,0.57,23.85,0.58,18.27,0.44,24.46,0.43,30.0,0.45,20.0,0.46,89.93,0.02,0.01,2343.768095,1776275108000
1776275110.39,10.39,0.55,20.0,0.54,94.93,0.57,23.85,0.58,18.27,0.43,23.85,0.42,18.27,0.45,20.0,0.46,94.93,0.02,0.02,2343.7565,1776275109000
1776275110.997,10.997,0.55,20.0,0.54,94.93,0.57,23.85,0.58,18.27,0.43,23.85,0.42,18.27,0.45,20.0,0.46,94.93,0.02,0.02,2343.72977,1776275110000
1776275111.223,11.223,0.59,10.0,0.58,20.0,0.61,15.0,0.62,40.0,0.4,7.0,0.39,20.0,0.42,25.0,0.43,31.0,0.02,0.02,2343.72977,1776275110000
1776275111.589,11.589,0.59,10.35,0.58,30.0,0.6,20.0,0.61,30.0,0.39,15.0,0.38,40.0,0.41,10.0,0.42,20.0,0.01,0.02,2343.72977,1776275110000
1776275112.384,12.384,0.57,20.0,0.56,42.0,0.58,19.65,0.59,40.0,0.4,20.0,0.39,30.0,0.41,10.0,0.42,15.0,0.01,0.01,2343.667845,1776275111000
1776275112.894,12.894,0.59,10.0,0.58,51.5,0.6,22.5,0.61,46.0,0.39,36.0,0.38,62.0,0.43,20.0,0.44,42.0,0.01,0.04,2343.667845,1776275111000
1776275113.186,13.186,0.59,51.0,0.58,51.5,0.6,5.0,0.61,30.5,0.4,22.5,0.39,46.0,0.41,10.0,0.42,51.5,0.01,0.01,2343.79925,1776275112000
1776275114.653,14.653,0.59,117.62,0.58,57.5,0.6,5.34,0.62,10.5,0.4,5.0,0.39,30.5,0.41,41.12,0.42,51.5,0.01,0.01,2343.823942,1776275113000
1776275116.6,16.6,0.59,48.0,0.58,15.0,0.6,87.67,0.61,33.5,0.4,5.34,0.38,10.5,0.41,117.62,0.42,57.5,0.01,0.01,2343.869285,1776275115000
1776275117.174,17.174,0.59,40.65,0.58,21.0,0.6,86.67,0.61,44.5,0.4,87.67,0.39,33.5,0.41,48.0,0.42,15.0,0.01,0.01,2343.869285,1776275115000
1776275118.315,18.315,0.59,3.21,0.58,21.0,0.6,89.67,0.61,59.5,0.4,89.67,0.39,44.5,0.41,15.65,0.42,21.0,0.01,0.01,2343.950082,1776275117000
1776275118.844,18.844,0.59,3.21,0.58,21.0,0.6,79.67,0.61,59.5,0.4,89.67,0.39,59.5,0.41,3.21,0.42,21.0,0.01,0.01,2343.950082,1776275117000
1776275119.915,19.915,0.57,17.6,0.56,51.98,0.6,59.5,0.61,54.5,0.4,79.67,0.39,59.5,0.41,3.21,0.42,21.0,0.03,0.01,2343.838533,1776275118000
1776275120.456,20.456,0.57,1.97,0.56,41.98,0.59,47.5,0.6,41.5,0.4,59.5,0.39,54.5,0.43,17.6,0.44,51.98,0.02,0.03,2343.741266,1776275119000
1776275121.422,21.422,0.57,5.0,0.56,25.5,0.58,48.87,0.59,30.5,0.41,47.5,0.4,41.5,0.43,1.97,0.44,41.98,0.01,0.02,2343.7251,1776275120000
1776275121.8,21.8,0.56,14.13,0.55,103.5,0.57,15.0,0.58,37.05,0.42,48.87,0.41,30.5,0.43,5.0,0.44,25.5,0.01,0.01,2343.7251,1776275120000
1776275123.756,23.756,0.57,27.0,0.56,27.5,0.58,1.43,0.59,30.67,0.43,15.0,0.42,37.05,0.44,14.13,0.45,103.5,0.01,0.01,2343.689093,1776275122000
1776275124.186,24.186,0.57,90.5,0.56,83.5,0.59,10.17,0.6,10.0,0.42,1.43,0.41,30.67,0.43,27.0,0.44,27.5,0.02,0.01,2343.689093,1776275122000
1776275125.816,25.816,0.6,22.51,0.59,27.5,0.61,22.95,0.62,40.0,0.39,57.95,0.38,10.0,0.4,17.0,0.41,23.0,0.01,0.01,2343.477885,1776275124000
1776275127.257,27.257,0.59,5.0,0.58,14.51,0.6,23.83,0.61,53.45,0.39,22.95,0.38,40.0,0.4,22.51,0.41,27.5,0.01,0.01,2343.962818,1776275126000
1776275128.066,28.066,0.59,7.56,0.58,20.5,0.6,18.33,0.61,68.45,0.4,23.83,0.39,53.45,0.41,5.0,0.42,14.51,0.01,0.01,2343.962818,1776275126000
1776275128.509,28.509,0.57,10.0,0.56,15.0,0.59,4.83,0.6,45.33,0.4,10.33,0.39,68.45,0.41,12.56,0.42,20.5,0.02,0.01,2343.997088,1776275127000
1776275128.711,28.711,0.56,5.0,0.55,49.51,0.57,10.0,0.58,10.0,0.41,4.83,0.4,45.33,0.43,10.0,0.44,15.0,0.01,0.02,2343.997088,1776275127000
1776275128.924,28.924,0.55,49.24,0.54,128.93,0.57,10.0,0.58,10.0,0.43,10.0,0.42,10.0,0.44,2.0,0.45,54.51,0.02,0.01,2343.997088,1776275127000
1776275129.516,29.516,0.56,31.0,0.55,29.73,0.57,15.0,0.58,10.0,0.43,10.0,0.42,10.0,0.45,49.24,0.46,128.93,0.01,0.02,2343.850739,1776275128000
1776275130.529,30.529,0.55,39.73,0.54,138.43,0.57,105.5,0.58,46.5,0.43,15.0,0.42,10.0,0.44,31.0,0.45,29.73,0.02,0.01,2343.866685,1776275129000
1776275131.155,31.155,0.55,23.27,0.54,42.83,0.56,60.0,0.57,50.0,0.44,20.0,0.43,65.5,0.46,27.83,0.47,65.5,0.01,0.02,2343.713762,1776275130000
1776275133.285,33.285,0.58,25.0,0.57,30.5,0.59,16.5,0.6,46.66,0.44,60.0,0.43,50.0,0.45,23.27,0.46,42.83,0.01,0.01,2343.543426,1776275132000
1776275133.688,33.688,0.58,9.0,0.57,40.0,0.59,26.5,0.6,56.66,0.41,16.5,0.4,46.66,0.42,25.0,0.43,30.5,0.01,0.01,2343.543426,1776275132000
1776275134.189,34.189,0.58,4.0,0.57,30.0,0.59,53.41,0.6,45.66,0.41,26.5,0.4,56.66,0.42,9.0,0.43,40.0,0.01,0.01,2343.543426,1776275132000
1776275135.687,35.687,0.58,5.08,0.54,2.33,0.59,58.41,0.6,45.5,0.41,53.41,0.4,45.66,0.42,4.0,0.43,30.0,0.01,0.01,2343.691212,1776275134000
1776275136.005,36.005,0.53,14.03,0.52,110.0,0.56,6.28,0.59,175.41,0.44,6.28,0.41,175.41,0.47,14.13,0.48,110.0,0.03,0.03,2343.691212,1776275134000
1776275136.335,36.335,0.53,10.39,0.52,60.0,0.54,27.0,0.55,15.0,0.44,1.28,0.41,190.41,0.47,14.03,0.48,110.0,0.01,0.03,2343.648835,1776275135000
1776275136.834,36.834,0.53,0.88,0.51,9.75,0.54,40.0,0.55,50.0,0.46,32.0,0.45,25.0,0.47,10.39,0.48,60.0,0.01,0.01,2343.648835,1776275135000
1776275137.109,37.109,0.5,90.0,0.49,80.0,0.51,39.37,0.54,96.5,0.46,40.0,0.45,50.0,0.47,0.88,0.49,9.75,0.01,0.01,2343.648835,1776275135000
1776275137.782,37.782,0.5,85.0,0.49,80.0,0.51,49.37,0.52,15.0,0.49,39.37,0.46,96.5,0.5,90.0,0.51,80.0,0.01,0.01,2343.379783,1776275136000
1776275138.41,38.41,0.49,80.0,0.48,10.5,0.51,49.37,0.52,15.0,0.49,49.37,0.48,15.0,0.5,78.64,0.51,80.0,0.02,0.01,2342.889005,1776275137000
1776275139.208,39.208,0.49,12.5,0.48,10.5,0.5,42.0,0.51,89.87,0.49,49.37,0.48,15.0,0.51,80.0,0.52,10.5,0.01,0.02,2342.889005,1776275137000
1776275139.421,39.421,0.48,10.5,0.47,10.0,0.49,12.95,0.5,30.0,0.5,42.0,0.49,89.87,0.51,4.95,0.52,10.5,0.01,0.01,2342.761446,1776275138000
1776275141.592,41.592,0.46,8.0,0.45,20.0,0.49,290.45,0.5,50.5,0.51,12.95,0.5,30.0,0.52,10.5,0.53,10.0,0.03,0.01,2342.751651,1776275140000
1776275142.0,42.0,0.42,19.53,0.41,125.0,0.43,20.0,0.44,25.5,0.53,50.5,0.52,70.5,0.55,10.0,0.56,100.0,0.01,0.02,2342.751651,1776275140000
1776275142.357,42.357,0.42,20.6,0.41,145.5,0.43,25.0,0.44,20.0,0.57,20.0,0.56,25.5,0.58,19.53,0.59,125.0,0.01,0.01,2342.751651,1776275140000
1776275144.096,44.096,0.42,13.1,0.41,155.5,0.43,62.0,0.44,5.0,0.57,25.0,0.56,20.0,0.58,6.6,0.59,145.5,0.01,0.01,2342.072531,1776275143000
1776275144.509,44.509,0.42,35.1,0.41,30.01,0.43,17.19,0.45,30.0,0.57,45.19,0.56,25.0,0.58,18.1,0.59,145.5,0.01,0.01,2342.072531,1776275143000
1776275145.822,45.822,0.44,21.91,0.43,57.5,0.45,107.0,0.46,110.5,0.55,30.0,0.54,25.0,0.58,45.1,0.59,37.01,0.01,0.03,2342.008696,1776275144000
1776275146.137,46.137,0.44,58.41,0.43,62.5,0.45,66.0,0.46,85.0,0.55,107.0,0.54,110.5,0.56,21.91,0.57,57.5,0.01,0.01,2342.008696,1776275144000
1776275146.503,46.503,0.44,48.91,0.43,78.5,0.45,152.0,0.46,216.5,0.55,66.0,0.54,85.0,0.56,58.41,0.57,62.5,0.01,0.01,2342.069169,1776275145000
1776275146.758,46.758,0.44,62.8,0.43,83.5,0.45,24.0,0.46,111.0,0.55,35.0,0.54,111.0,0.56,57.8,0.57,83.5,0.01,0.01,2342.069169,1776275145000
1776275147.152,47.152,0.44,54.71,0.43,35.5,0.45,38.3,0.46,70.0,0.55,15.0,0.54,111.0,0.56,44.71,0.57,40.5,0.01,0.01,2342.069169,1776275145000
1776275148.091,48.091,0.44,81.71,0.43,35.5,0.45,30.6,0.46,20.0,0.55,38.3,0.54,70.0,0.56,54.71,0.57,35.5,0.01,0.01,2342.235823,1776275146000
1776275148.478,48.478,0.44,52.92,0.43,35.5,0.45,34.74,0.46,30.0,0.55,30.6,0.54,20.0,0.56,81.71,0.57,35.5,0.01,0.01,2342.238874,1776275147000
1776275148.948,48.948,0.43,40.5,0.42,35.5,0.44,51.5,0.45,73.04,0.55,87.04,0.54,35.5,0.56,11.0,0.57,15.0,0.01,0.01,2342.238874,1776275147000
1776275149.976,49.976,0.43,246.49,0.42,175.98,0.45,28.94,0.47,30.0,0.56,51.5,0.55,73.04,0.57,40.5,0.58,35.5,0.02,0.01,2342.351673,1776275148000
1776275150.254,50.254,0.46,31.46,0.45,135.5,0.47,90.83,0.48,5.0,0.55,28.94,0.53,30.0,0.57,246.49,0.58,175.98,0.01,0.02,2342.351673,1776275148000
1776275151.575,51.575,0.46,52.59,0.45,135.5,0.47,85.83,0.48,5.0,0.53,90.83,0.52,5.0,0.54,31.46,0.55,135.5,0.01,0.01,2342.35571,1776275150000
1776275153.339,53.339,0.45,1.86,0.44,261.49,0.47,20.0,0.48,39.6,0.53,85.83,0.52,5.0,0.54,52.59,0.55,135.5,0.02,0.01,2342.542918,1776275152000
1776275154.105,54.105,0.47,12.86,0.46,25.5,0.48,105.0,0.49,130.0,0.53,20.0,0.52,39.6,0.55,1.86,0.56,261.49,0.01,0.02,2342.542918,1776275152000
1776275154.878,54.878,0.48,43.0,0.47,66.35,0.5,255.0,0.51,145.19,0.51,26.83,0.5,250.0,0.52,10.0,0.53,59.86,0.02,0.01,2342.65275,1776275153000
1776275156.945,56.945,0.5,104.99,0.49,110.98,0.51,8.22,0.52,35.0,0.5,255.0,0.49,145.19,0.52,43.0,0.53,66.35,0.01,0.02,2342.72451,1776275155000
1776275158.145,58.145,0.52,56.91,0.51,57.0,0.53,105.0,0.54,260.5,0.48,35.0,0.47,150.0,0.5,109.99,0.51,115.98,0.01,0.02,2342.91335,1776275157000
1776275158.456,58.456,0.52,86.91,0.51,57.0,0.53,99.54,0.54,265.5,0.47,103.11,0.46,265.5,0.48,71.91,0.49,57.0,0.01,0.01,2342.91335,1776275157000
1776275159.773,59.773,0.52,20.91,0.51,26.0,0.53,112.3,0.54,275.5,0.47,99.54,0.46,265.5,0.48,86.91,0.49,57.0,0.01,0.01,2343.12722,1776275158000
1776275160.051,60.051,0.52,20.91,0.51,36.0,0.53,48.58,0.54,175.5,0.47,112.3,0.46,275.5,0.48,20.91,0.49,26.0,0.01,0.01,2343.12722,1776275158000
1776275160.879,60.879,0.52,18.82,0.51,31.0,0.53,48.58,0.54,170.5,0.47,48.58,0.46,175.5,0.48,20.91,0.49,36.0,0.01,0.01,2343.18599,1776275159000
1776275163.709,63.709,0.52,18.82,0.51,36.0,0.53,47.69,0.54,191.5,0.47,48.58,0.46,170.5,0.48,18.82,0.49,31.0,0.01,0.01,2343.097919,1776275162000
1776275165.094,65.094,0.52,18.82,0.51,26.0,0.53,29.3,0.54,191.5,0.47,47.69,0.46,191.5,0.48,18.82,0.49,36.0,0.01,0.01,2343.138094,1776275164000
1776275165.745,65.745,0.52,47.73,0.51,31.0,0.53,20.0,0.54,170.5,0.47,24.3,0.46,181.5,0.48,26.73,0.49,26.0,0.01,0.01,2343.138094,1776275164000
1776275166.017,66.017,0.52,42.68,0.51,36.0,0.53,20.0,0.54,170.5,0.47,20.0,0.46,170.5,0.48,47.73,0.49,31.0,0.01,0.01,2343.138094,1776275164000
1776275166.625,66.625,0.52,77.51,0.51,47.48,0.54,125.5,0.55,40.0,0.47,20.0,0.46,170.5,0.48,42.68,0.49,36.0,0.02,0.01,2343.141183,1776275165000
1776275168.314,68.314,0.53,25.87,0.52,25.0,0.54,115.5,0.55,50.0,0.46,125.5,0.45,40.0,0.48,77.51,0.49,47.48,0.01,0.02,2343.246555,1776275167000
1776275170.231,70.231,0.53,36.87,0.52,25.0,0.54,106.5,0.55,61.0,0.46,115.5,0.45,50.0,0.47,25.87,0.48,25.0,0.01,0.01,2343.258885,1776275169000
1776275171.128,71.128,0.53,41.87,0.52,5.0,0.54,106.5,0.55,51.0,0.46,106.5,0.45,61.0,0.47,36.87,0.48,25.0,0.01,0.01,2343.258885,1776275169000
1776275171.974,71.974,0.53,26.23,0.52,5.0,0.54,61.5,0.55,51.0,0.46,106.5,0.45,51.0,0.47,41.87,0.48,5.0,0.01,0.01,2343.2542,1776275170000
1776275172.221,72.221,0.53,24.1,0.52,5.0,0.54,51.5,0.55,51.0,0.46,61.5,0.45,51.0,0.47,26.23,0.48,5.0,0.01,0.01,2343.193125,1776275171000
1776275172.748,72.748,0.53,74.1,0.52,48.99,0.55,40.5,0.56,165.5,0.46,51.5,0.45,51.0,0.47,24.1,0.48,5.0,0.02,0.01,2343.193125,1776275171000
1776275175.268,75.268,0.55,20.66,0.54,45.0,0.56,85.5,0.57,50.0,0.45,40.5,0.44,165.5,0.47,74.1,0.48,48.99,0.01,0.02,2343.31886,1776275173000
1776275176.559,76.559,0.55,51.66,0.54,35.0,0.56,23.71,0.57,50.0,0.44,85.5,0.43,50.0,0.45,20.66,0.46,45.0,0.01,0.01,2343.38285,1776275174000
1776275176.876,76.876,0.55,54.43,0.54,35.0,0.56,26.92,0.57,50.0,0.44,28.71,0.43,50.0,0.45,54.43,0.46,35.0,0.01,0.01,2343.38036,1776275175000
1776275178.522,78.522,0.56,100.71,0.55,51.91,0.57,25.0,0.58,70.51,0.44,26.92,0.43,50.0,0.45,54.43,0.46,35.0,0.01,0.01,2343.440015,1776275177000
1776275179.466,79.466,0.56,148.23,0.55,76.41,0.58,1.54,0.59,35.0,0.43,25.0,0.42,70.51,0.44,100.71,0.45,51.91,0.02,0.01,2343.440015,1776275177000
1776275180.193,80.193,0.55,40.75,0.54,15.0,0.6,1.71,0.61,28.19,0.4,51.71,0.39,28.19,0.41,21.0,0.42,25.5,0.05,0.01,2343.44083,1776275178000
1776275180.494,80.494,0.59,6.0,0.58,5.0,0.61,25.16,0.62,101.02,0.4,1.71,0.39,28.19,0.45,40.75,0.46,15.0,0.02,0.05,2343.44083,1776275178000
1776275181.128,81.128,0.61,21.84,0.6,21.0,0.62,111.02,0.63,107.5,0.39,5.16,0.38,101.02,0.41,6.0,0.42,5.0,0.01,0.02,2343.500475,1776275179000
1776275181.413,81.413,0.61,11.32,0.6,5.0,0.62,116.02,0.63,112.5,0.38,111.02,0.37,107.5,0.39,21.84,0.4,21.0,0.01,0.01,2343.500475,1776275179000
1776275181.782,81.782,0.61,6.19,0.6,5.0,0.62,116.02,0.63,119.5,0.38,116.02,0.37,112.5,0.39,11.32,0.4,5.0,0.01,0.01,2343.59768,1776275180000
1776275182.06,82.06,0.61,1.19,0.6,5.0,0.62,101.02,0.63,119.5,0.38,116.02,0.37,119.5,0.39,6.19,0.4,5.0,0.01,0.01,2343.59768,1776275180000
1776275182.55,82.55,0.6,74.8,0.59,32.0,0.62,71.02,0.63,119.5,0.38,101.02,0.37,119.5,0.39,1.19,0.4,5.0,0.02,0.01,2344.037044,1776275181000
1776275182.769,82.769,0.6,89.31,0.59,64.0,0.61,6.9,0.62,66.02,0.38,71.02,0.37,119.5,0.4,74.8,0.41,32.0,0.01,0.02,2344.037044,1776275181000
1776275183.062,83.062,0.6,120.8,0.59,77.99,0.61,5.26,0.62,66.02,0.39,6.9,0.38,66.02,0.4,89.31,0.41,64.0,0.01,0.01,2344.037044,1776275181000
1776275184.041,84.041,0.6,227.89,0.59,40.0,0.61,5.26,0.62,61.02,0.39,5.26,0.38,66.02,0.4,120.8,0.41,77.99,0.01,0.01,2344.043412,1776275182000
1776275185.394,85.394,0.61,311.48,0.6,224.89,0.63,107.0,0.64,35.0,0.39,5.26,0.38,61.02,0.4,227.89,0.41,40.0,0.02,0.01,2344.048845,1776275183000
1776275185.634,85.634,0.62,264.9,0.61,224.0,0.63,37.0,0.64,35.0,0.37,107.0,0.36,35.0,0.39,311.48,0.4,224.89,0.01,0.02,2344.048915,1776275184000
1776275186.001,86.001,0.62,384.9,0.61,89.0,0.65,65.5,0.66,95.0,0.37,37.0,0.36,35.0,0.38,264.9,0.39,224.0,0.03,0.01,2344.048915,1776275184000
1776275186.703,86.703,0.64,352.46,0.63,56.0,0.65,13.8,0.66,95.0,0.35,65.5,0.34,95.0,0.38,384.9,0.39,89.0,0.01,0.03,2344.048896,1776275185000
1776275187.003,87.003,0.64,250.48,0.63,104.56,0.66,100.0,0.67,118.0,0.35,3.8,0.34,100.0,0.36,352.46,0.37,61.0,0.02,0.01,2344.048896,1776275185000
1776275188.168,88.168,0.65,317.99,0.64,78.48,0.66,24.19,0.67,125.5,0.34,100.0,0.33,118.0,0.36,250.48,0.37,104.56,0.01,0.02,2344.192043,1776275186000
1776275188.378,88.378,0.65,266.99,0.64,83.48,0.67,125.5,0.68,70.0,0.34,3.69,0.33,120.5,0.35,246.99,0.36,83.48,0.02,0.01,2344.192043,1776275186000
1776275189.131,89.131,0.65,194.0,0.64,42.48,0.66,25.5,0.67,75.5,0.33,125.5,0.32,70.0,0.35,266.99,0.36,83.48,0.01,0.02,2344.266542,1776275187000
1776275190.008,90.008,0.65,204.0,0.64,99.69,0.66,23.5,0.67,75.5,0.34,25.5,0.33,75.5,0.35,194.0,0.36,42.48,0.01,0.01,2344.397528,1776275188000
1776275191.197,91.197,0.65,58.0,0.64,99.69,0.66,81.98,0.67,75.5,0.34,23.5,0.33,75.5,0.35,204.0,0.36,99.69,0.01,0.01,2344.53636,1776275189000
1776275191.442,91.442,0.64,62.21,0.62,159.0,0.65,69.5,0.66,202.98,0.34,81.98,0.33,75.5,0.35,58.0,0.36,99.69,0.01,0.01,2344.53636,1776275189000
1776275191.861,91.861,0.63,45.42,0.61,13.0,0.64,118.31,0.65,64.5,0.35,69.5,0.34,202.98,0.36,62.21,0.38,159.0,0.01,0.01,2344.451694,1776275190000
1776275192.407,92.407,0.63,257.42,0.62,17.0,0.64,18.43,0.65,10.0,0.36,113.15,0.35,64.5,0.37,37.42,0.39,18.0,0.01,0.01,2344.451694,1776275190000
1776275193.007,93.007,0.63,217.0,0.62,125.52,0.64,8.43,0.65,35.65,0.35,10.0,0.34,11.98,0.37,257.42,0.38,17.0,0.01,0.02,2344.436695,1776275191000
1776275193.669,93.669,0.64,277.0,0.63,70.0,0.66,10.5,0.67,80.5,0.36,0.61,0.35,35.65,0.37,224.29,0.38,125.52,0.02,0.01,2344.413125,1776275192000
1776275195.044,95.044,0.66,189.05,0.65,123.1,0.67,25.5,0.68,90.0,0.33,75.5,0.32,80.0,0.35,10.0,0.36,272.0,0.01,0.02,2344.249168,1776275193000
1776275196.299,96.299,0.66,173.05,0.65,76.0,0.67,25.5,0.68,90.0,0.33,25.5,0.32,90.0,0.34,189.05,0.35,123.1,0.01,0.01,2344.355013,1776275194000
1776275196.79,96.79,0.66,180.05,0.65,76.0,0.67,25.5,0.68,90.0,0.33,25.5,0.32,90.0,0.34,173.05,0.35,76.0,0.01,0.01,2344.355013,1776275194000
1776275197.112,97.112,0.65,99.14,0.64,150.0,0.67,40.04,0.68,116.0,0.33,19.54,0.32,101.0,0.34,36.05,0.35,130.14,0.02,0.01,2344.407302,1776275195000
1776275198.115,98.115,0.65,153.14,0.64,150.0,0.67,120.45,0.68,111.0,0.33,40.04,0.32,116.0,0.35,99.14,0.36,150.0,0.02,0.02,2344.4338,1776275196000
1776275199.57,99.57,0.65,107.14,0.64,22.0,0.66,195.5,0.67,39.0,0.33,120.45,0.32,111.0,0.35,153.14,0.36,150.0,0.01,0.02,2344.411904,1776275198000
1776275199.876,99.876,0.65,37.0,0.64,22.0,0.66,159.17,0.67,39.0,0.34,195.5,0.33,39.0,0.35,107.14,0.36,22.0,0.01,0.01,2344.411904,1776275198000
1776275201.854,101.854,0.65,124.28,0.64,37.5,0.66,15.48,0.67,156.5,0.34,159.17,0.33,39.0,0.35,37.0,0.36,22.0,0.01,0.01,2344.334062,1776275200000
1776275202.249,102.249,0.65,121.42,0.64,37.5,0.66,8.5,0.67,156.5,0.34,13.05,0.33,156.5,0.35,116.42,0.36,37.5,0.01,0.01,2344.313352,1776275201000
1776275202.504,102.504,0.65,116.42,0.64,37.5,0.66,2.9,0.67,156.5,0.34,8.5,0.33,156.5,0.35,121.42,0.36,37.5,0.01,0.01,2344.313352,1776275201000
1776275203.885,103.885,0.66,182.5,0.65,44.5,0.67,4.0,0.68,70.0,0.34,2.9,0.33,156.5,0.35,116.42,0.36,37.5,0.01,0.01,2344.354375,1776275202000
1776275204.333,104.333,0.66,363.5,0.65,44.5,0.69,60.0,0.7,25.0,0.33,4.0,0.32,70.0,0.34,182.5,0.35,44.5,0.03,0.01,2344.354375,1776275202000
1776275205.335,105.335,0.68,17.18,0.67,15.0,0.69,25.0,0.7,35.0,0.31,60.0,0.3,25.0,0.34,363.5,0.35,44.5,0.01,0.03,2344.35524,1776275204000
1776275205.592,105.592,0.67,15.0,0.66,25.0,0.69,36.0,0.7,35.0,0.31,25.0,0.3,150.0,0.32,2.29,0.33,15.0,0.02,0.01,2344.35524,1776275204000
1776275206.003,106.003,0.67,27.0,0.66,40.0,0.68,13.52,0.69,22.0,0.31,36.0,0.3,35.0,0.33,15.0,0.34,25.0,0.01,0.02,2344.35524,1776275204000
1776275206.899,106.899,0.66,5.0,0.64,10.0,0.68,140.5,0.69,55.5,0.32,13.52,0.31,22.0,0.33,27.0,0.34,40.0,0.02,0.01,2344.540863,1776275205000
1776275208.145,108.145,0.64,122.49,0.63,78.0,0.65,56.5,0.66,194.16,0.32,140.5,0.31,55.5,0.34,5.0,0.36,10.0,0.01,0.02,2344.492576,1776275206000
1776275208.356,108.356,0.64,90.17,0.63,78.0,0.65,212.5,0.66,79.16,0.35,56.5,0.34,194.16,0.36,122.49,0.37,78.0,0.01,0.01,2344.310983,1776275207000
1776275209.291,109.291,0.63,89.5,0.62,209.5,0.64,19.54,0.65,161.0,0.35,212.5,0.34,79.16,0.36,90.17,0.37,78.0,0.01,0.01,2344.310983,1776275207000
1776275209.508,109.508,0.63,179.5,0.62,214.5,0.64,12.15,0.65,156.0,0.36,13.72,0.35,166.0,0.37,89.5,0.38,209.5,0.01,0.01,2344.310983,1776275207000
1776275209.786,109.786,0.63,142.5,0.62,214.5,0.64,5.9,0.65,156.0,0.36,12.15,0.35,156.0,0.37,179.5,0.38,214.5,0.01,0.01,2344.196216,1776275208000
1776275210.243,110.243,0.63,206.48,0.62,219.5,0.64,0.9,0.65,156.0,0.36,5.9,0.35,156.0,0.37,142.5,0.38,214.5,0.01,0.01,2344.196216,1776275208000
1776275212.013,112.013,0.63,410.48,0.62,99.5,0.66,66.0,0.67,23.46,0.36,0.9,0.35,156.0,0.37,206.48,0.38,219.5,0.03,0.01,2344.177629,1776275210000
1776275212.864,112.864,0.63,114.98,0.62,93.5,0.64,18.6,0.65,37.5,0.34,64.69,0.33,154.96,0.37,135.04,0.38,105.5,0.01,0.03,2344.190484,1776275211000
1776275213.582,113.582,0.63,114.98,0.62,93.5,0.64,13.94,0.65,42.5,0.36,18.6,0.35,37.5,0.37,114.98,0.38,93.5,0.01,0.01,2344.191768,1776275212000
1776275215.071,115.071,0.63,114.98,0.62,103.5,0.64,130.55,0.65,52.5,0.36,12.22,0.35,37.5,0.37,109.98,0.38,93.5,0.01,0.01,2344.261474,1776275213000
1776275216.759,116.759,0.63,61.98,0.62,99.5,0.64,208.6,0.65,32.5,0.36,130.55,0.35,52.5,0.37,114.98,0.38,103.5,0.01,0.01,2344.16794,1776275215000
1776275217.434,117.434,0.63,112.62,0.62,89.5,0.64,178.72,0.65,37.5,0.36,208.6,0.35,32.5,0.37,61.98,0.38,99.5,0.01,0.01,2344.169223,1776275216000
1776275219.867,119.867,0.63,184.41,0.62,229.5,0.64,12.72,0.65,157.0,0.36,178.72,0.35,37.5,0.37,112.62,0.38,89.5,0.01,0.01,2344.102231,1776275218000
1776275220.999,120.999,0.63,438.79,0.62,154.15,0.65,30.0,0.66,10.0,0.36,12.72,0.35,157.0,0.37,184.41,0.38,229.5,0.02,0.01,2344.135967,1776275219000
1776275221.634,121.634,0.66,374.5,0.65,114.1,0.69,57.9,0.7,31.66,0.33,11.55,0.32,20.0,0.34,96.5,0.35,208.1,0.03,0.01,2344.165341,1776275220000
1776275221.852,121.852,0.69,6.74,0.68,16.0,0.7,31.66,0.71,150.0,0.31,10.5,0.3,31.66,0.34,454.5,0.35,114.1,0.01,0.03,2344.165341,1776275220000
1776275222.124,122.124,0.71,10.0,0.7,10.0,0.73,3.41,0.74,50.0,0.29,150.0,0.28,165.0,0.31,6.74,0.32,16.0,0.02,0.02,2344.185926,1776275221000
1776275222.365,122.365,0.72,7.71,0.71,7.58,0.74,10.0,0.75,50.0,0.25,35.0,0.24,60.0,0.28,130.0,0.29,103.58,0.02,0.03,2344.185926,1776275221000
1776275222.729,122.729,0.73,40.0,0.72,31.0,0.74,1.31,0.75,135.0,0.25,50.0,0.24,110.0,0.27,41.0,0.28,26.0,0.01,0.02,2344.185926,1776275221000
1776275222.991,122.991,0.73,24.0,0.72,31.0,0.75,23.33,0.76,130.5,0.25,130.0,0.24,120.0,0.27,45.0,0.28,31.0,0.02,0.02,2344.297534,1776275222000
1776275223.309,123.309,0.72,36.0,0.71,45.5,0.74,121.94,0.75,61.83,0.26,16.94,0.25,54.83,0.27,25.0,0.28,26.0,0.02,0.01,2344.297534,1776275222000
1776275223.945,123.945,0.73,10.0,0.72,21.0,0.74,172.19,0.75,61.83,0.26,121.94,0.25,61.83,0.28,36.0,0.29,45.5,0.01,0.02,2344.297534,1776275222000
1776275224.57,124.57,0.73,126.64,0.72,26.5,0.74,8.86,0.75,153.5,0.26,184.32,0.25,61.83,0.27,10.0,0.28,16.0,0.01,0.01,2344.9745,1776275223000
1776275225.014,125.014,0.73,21.0,0.72,93.57,0.74,188.0,0.75,58.5,0.26,8.86,0.25,153.5,0.27,126.64,0.28,26.5,0.01,0.01,2344.967902,1776275224000
1776275225.385,125.385,0.73,26.0,0.72,103.57,0.74,181.18,0.75,73.5,0.26,188.0,0.25,58.5,0.27,21.0,0.28,93.57,0.01,0.01,2344.967902,1776275224000
1776275226.265,126.265,0.73,41.29,0.72,92.57,0.74,186.5,0.75,96.5,0.26,181.18,0.25,73.5,0.27,26.0,0.28,103.57,0.01,0.01,2344.922031,1776275225000
1776275227.088,127.088,0.73,138.01,0.72,35.5,0.74,171.0,0.75,96.5,0.26,186.5,0.25,96.5,0.27,41.29,0.28,92.57,0.01,0.01,2344.922031,1776275225000
1776275228.645,128.645,0.74,84.0,0.73,57.33,0.75,151.66,0.76,130.5,0.26,171.0,0.25,96.5,0.27,138.01,0.28,35.5,0.01,0.01,2344.869954,1776275227000
1776275229.055,129.055,0.74,252.5,0.73,71.33,0.78,195.5,0.79,55.16,0.25,142.06,0.24,115.0,0.26,84.0,0.27,62.33,0.04,0.01,2344.904084,1776275228000
1776275229.526,129.526,0.77,40.0,0.76,34.15,0.78,13.42,0.79,55.16,0.22,195.5,0.21,50.16,0.26,252.5,0.27,71.33,0.01,0.04,2344.904084,1776275228000
1776275229.818,129.818,0.77,69.65,0.76,54.3,0.78,8.42,0.79,170.16,0.22,13.42,0.21,55.16,0.23,40.0,0.24,34.15,0.01,0.01,2344.904084,1776275228000
1776275230.44,130.44,0.76,33.3,0.75,12.0,0.77,28.0,0.78,34.42,0.22,8.42,0.21,170.16,0.23,69.65,0.24,54.3,0.01,0.01,2344.973865,1776275229000
1776275230.666,130.666,0.76,26.3,0.75,5.0,0.77,21.0,0.78,39.42,0.23,35.0,0.22,34.42,0.24,26.3,0.25,5.0,0.01,0.01,2344.973865,1776275229000
1776275231.04,131.04,0.75,3.08,0.74,40.0,0.76,182.2,0.77,32.5,0.24,23.7,0.23,46.5,0.25,0.08,0.26,35.0,0.01,0.01,2344.973865,1776275229000
1776275231.725,131.725,0.73,20.0,0.72,41.5,0.75,131.0,0.76,85.2,0.24,182.2,0.23,32.5,0.25,3.08,0.26,40.0,0.02,0.01,2345.09487,1776275230000
1776275232.264,132.264,0.74,4.23,0.73,20.0,0.75,146.5,0.76,90.2,0.25,131.0,0.24,85.2,0.27,20.0,0.28,41.5,0.01,0.02,2345.119845,1776275231000
1776275232.48,132.48,0.73,25.0,0.72,46.5,0.74,14.27,0.75,179.5,0.25,184.5,0.24,79.2,0.27,20.0,0.28,46.5,0.01,0.02,2345.119845,1776275231000
1776275232.733,132.733,0.73,15.0,0.72,30.0,0.74,24.44,0.75,189.5,0.26,14.27,0.25,179.5,0.27,25.0,0.28,46.5,0.01,0.01,2345.119845,1776275231000
1776275233.88,133.88,0.72,56.25,0.71,25.5,0.73,49.02,0.74,75.44,0.26,39.44,0.25,189.5,0.27,15.0,0.28,30.0,0.01,0.01,2344.95917,1776275232000
1776275234.809,134.809,0.72,76.25,0.71,25.5,0.73,18.12,0.74,69.44,0.27,49.02,0.26,75.44,0.28,56.25,0.29,25.5,0.01,0.01,2344.93739,1776275233000
1776275235.396,135.396,0.72,71.25,0.71,25.5,0.74,149.25,0.75,75.5,0.27,18.12,0.26,69.44,0.28,76.25,0.29,25.5,0.02,0.01,2344.757454,1776275234000
1776275235.984,135.984,0.72,20.0,0.71,20.0,0.73,154.67,0.74,44.25,0.26,149.25,0.25,75.5,0.28,71.25,0.29,25.5,0.01,0.02,2344.757454,1776275234000
1776275236.6,136.6,0.72,0.42,0.71,20.0,0.73,154.67,0.74,55.25,0.27,154.67,0.26,54.25,0.28,6.42,0.29,20.0,0.01,0.01,2344.785235,1776275235000
1776275237.128,137.128,0.72,52.49,0.71,30.0,0.73,143.92,0.74,55.25,0.27,148.92,0.26,55.25,0.28,0.42,0.29,20.0,0.01,0.01,2344.785235,1776275235000
1776275237.634,137.634,0.72,67.43,0.71,35.5,0.73,112.74,0.74,41.5,0.27,143.92,0.26,55.25,0.28,52.49,0.29,30.0,0.01,0.01,2344.785235,1776275235000
1776275238.361,138.361,0.72,81.43,0.71,41.5,0.73,107.13,0.74,30.5,0.27,112.74,0.26,41.5,0.28,67.43,0.29,35.5,0.01,0.01,2344.785235,1776275235000
1776275238.583,138.583,0.72,91.43,0.71,41.5,0.73,97.13,0.74,30.5,0.27,107.13,0.26,30.5,0.28,81.43,0.29,41.5,0.01,0.01,2344.785235,1776275235000
1776275238.805,138.805,0.72,21.42,0.71,41.5,0.73,135.13,0.74,30.5,0.27,97.13,0.26,30.5,0.28,91.43,0.29,41.5,0.01,0.01,2344.785235,1776275235000
1776275239.022,139.022,0.72,7.77,0.71,41.5,0.73,134.59,0.74,25.5,0.27,140.13,0.26,25.5,0.28,7.77,0.29,41.5,0.01,0.01,2344.785235,1776275235000
1776275239.599,139.599,0.72,15.0,0.71,102.31,0.73,119.11,0.74,20.5,0.27,134.59,0.26,25.5,0.28,7.77,0.29,41.5,0.01,0.01,2344.785235,1776275235000
1776275240.515,140.515,0.72,15.0,0.71,102.31,0.73,113.7,0.74,20.5,0.27,119.11,0.26,20.5,0.28,15.0,0.29,102.31,0.01,0.01,2344.785235,1776275235000
1776275241.402,141.402,0.75,77.0,0.74,57.5,0.76,55.35,0.77,157.5,0.27,113.7,0.26,20.5,0.28,15.0,0.29,102.31,0.01,0.01,2344.785235,1776275235000
1776275241.742,141.742,0.75,71.0,0.74,168.0,0.76,48.35,0.77,147.5,0.24,55.35,0.23,157.5,0.25,77.0,0.26,57.5,0.01,0.01,2344.785235,1776275235000
1776275242.333,142.333,0.75,93.0,0.74,48.0,0.76,13.63,0.77,10.0,0.24,48.35,0.23,147.5,0.25,71.0,0.26,168.0,0.01,0.01,2344.785235,1776275235000
1776275243.652,143.652,0.75,285.34,0.74,58.5,0.76,1.84,0.78,115.0,0.24,6.84,0.23,15.0,0.25,93.0,0.26,48.0,0.01,0.01,2344.785235,1776275235000
1776275244.779,144.779,0.75,286.34,0.74,58.5,0.79,54.16,0.8,186.84,0.24,1.84,0.22,115.0,0.25,285.34,0.26,58.5,0.04,0.01,2345.026203,1776275243000
1776275245.321,145.321,0.78,67.0,0.77,36.0,0.79,189.66,0.8,188.89,0.21,54.16,0.2,186.84,0.25,286.34,0.26,58.5,0.01,0.04,2345.041122,1776275244000
1776275245.749,145.749,0.78,82.0,0.77,31.5,0.79,47.4,0.8,164.39,0.21,189.66,0.2,188.89,0.22,67.0,0.23,36.0,0.01,0.01,2345.041122,1776275244000
1776275246.003,146.003,0.78,107.67,0.77,141.5,0.79,12.4,0.8,164.34,0.21,47.4,0.2,164.39,0.22,82.0,0.23,31.5,0.01,0.01,2345.041122,1776275244000
1776275246.572,146.572,0.78,228.17,0.77,26.5,0.79,0.17,0.8,157.7,0.21,12.4,0.2,164.34,0.22,107.67,0.23,141.5,0.01,0.01,2345.041836,1776275245000
1776275247.384,147.384,0.79,166.42,0.78,164.17,0.8,113.46,0.81,24.36,0.21,0.17,0.2,157.7,0.22,228.17,0.23,26.5,0.01,0.01,2345.048085,1776275246000
1776275248.041,148.041,0.79,337.92,0.78,55.17,0.8,30.96,0.81,8.86,0.2,113.46,0.19,24.36,0.21,166.42,0.22,164.17,0.01,0.01,2345.048085,1776275246000
1776275248.251,148.251,0.79,292.81,0.78,55.17,0.8,30.96,0.81,8.86,0.2,30.96,0.19,8.86,0.21,337.92,0.22,55.17,0.01,0.01,2345.069986,1776275247000
1776275248.464,148.464,0.79,271.74,0.78,148.36,0.8,20.96,0.81,8.86,0.2,20.96,0.19,8.86,0.21,280.43,0.22,55.17,0.01,0.01,2345.069986,1776275247000
1776275249.207,149.207,0.79,260.68,0.78,148.36,0.8,14.21,0.81,8.86,0.2,20.96,0.19,8.86,0.21,265.68,0.22,148.36,0.01,0.01,2345.11844,1776275248000
1776275249.829,149.829,0.79,312.65,0.78,156.36,0.8,9.21,0.81,8.86,0.2,14.21,0.19,8.86,0.21,260.68,0.22,148.36,0.01,0.01,2345.11844,1776275248000
1776275250.171,150.171,0.79,312.65,0.78,156.36,0.8,1.21,0.81,8.86,0.2,9.21,0.19,8.86,0.21,312.65,0.22,156.36,0.01,0.01,2345.362473,1776275249000
1776275250.642,150.642,0.79,353.65,0.78,238.36,0.81,8.86,0.82,8.86,0.2,1.21,0.19,8.86,0.21,312.65,0.22,156.36,0.02,0.01,2345.362473,1776275249000
1776275250.972,150.972,0.81,358.77,0.8,61.5,0.83,8.63,0.84,63.86,0.18,7.03,0.17,58.86,0.19,46.27,0.2,25.5,0.02,0.01,2345.362473,1776275249000
1776275251.84,151.84,0.82,120.97,0.81,28.0,0.83,7.42,0.84,159.36,0.17,7.42,0.16,63.86,0.18,125.0,0.19,378.77,0.01,0.01,2345.416009,1776275250000
1776275252.354,152.354,0.82,84.84,0.81,73.5,0.83,63.36,0.84,45.17,0.17,13.36,0.16,164.36,0.18,82.68,0.19,68.0,0.01,0.01,2345.44646,1776275251000
1776275253.73,153.73,0.82,211.19,0.81,267.5,0.83,9.08,0.84,153.86,0.17,136.63,0.16,45.17,0.18,33.84,0.19,83.5,0.01,0.01,2345.70468,1776275252000
1776275255.519,155.519,0.83,102.38,0.82,80.58,0.84,142.17,0.85,128.57,0.17,4.08,0.16,153.86,0.18,216.19,0.19,267.5,0.01,0.01,2345.552377,1776275254000
1776275255.829,155.829,0.83,107.38,0.82,85.58,0.84,135.45,0.85,128.57,0.16,142.17,0.15,128.57,0.17,102.38,0.18,80.58,0.01,0.01,2345.552377,1776275254000
1776275256.108,156.108,0.83,107.38,0.82,85.58,0.84,98.5,0.85,128.57,0.16,103.17,0.15,128.57,0.17,102.38,0.18,85.58,0.01,0.01,2345.552377,1776275254000
1776275256.857,156.857,0.83,112.38,0.82,85.58,0.84,104.25,0.85,128.57,0.16,68.34,0.15,128.57,0.17,117.38,0.18,85.58,0.01,0.01,2345.560858,1776275255000
1776275257.948,157.948,0.84,100.17,0.83,51.36,0.85,237.07,0.86,49.36,0.16,104.25,0.15,128.57,0.17,112.38,0.18,85.58,0.01,0.01,2345.642073,1776275256000
1776275259.129,159.129,0.84,126.03,0.83,176.5,0.85,108.63,0.86,164.36,0.15,237.07,0.14,49.36,0.16,100.17,0.17,51.36,0.01,0.01,2345.652961,1776275257000
1776275259.431,159.431,0.84,126.03,0.83,176.5,0.85,105.13,0.86,164.36,0.15,108.63,0.14,164.36,0.16,126.03,0.17,176.5,0.01,0.01,2345.670654,1776275258000
1776275260.382,160.382,0.84,66.86,0.83,56.5,0.85,93.88,0.86,169.36,0.15,100.13,0.14,153.86,0.16,125.21,0.17,176.5,0.01,0.01,2345.670654,1776275259000
1776275261.266,161.266,0.84,36.86,0.83,41.0,0.85,224.38,0.86,65.36,0.15,93.88,0.14,169.36,0.16,66.86,0.17,56.5,0.01,0.01,2345.637505,1776275260000
1776275262.0,162.0,0.84,40.96,0.83,46.0,0.85,208.88,0.86,65.36,0.15,224.38,0.14,65.36,0.16,36.86,0.17,41.0,0.01,0.01,2345.637505,1776275260000
1776275262.43,162.43,0.84,55.96,0.83,56.5,0.85,202.17,0.86,65.36,0.15,208.88,0.14,65.36,0.16,40.96,0.17,46.0,0.01,0.01,2345.658352,1776275261000
1776275265.739,165.739,0.84,35.0,0.83,46.0,0.85,194.28,0.86,54.36,0.15,85.99,0.14,54.36,0.16,55.96,0.17,56.5,0.01,0.01,2345.572048,1776275264000
1776275267.06,167.06,0.82,15.08,0.81,45.0,0.84,25.5,0.85,170.6,0.15,193.1,0.14,54.36,0.16,35.0,0.17,46.0,0.02,0.01,2345.56938,1776275265000
1776275267.542,167.542,0.8,35.0,0.79,72.97,0.83,244.5,0.84,82.51,0.17,49.5,0.16,92.5,0.18,6.3,0.19,74.0,0.03,0.01,2345.581155,1776275266000
1776275268.575,168.575,0.8,24.83,0.79,62.97,0.81,193.81,0.82,85.11,0.17,244.5,0.16,82.51,0.2,35.0,0.21,72.97,0.01,0.03,2345.317112,1776275267000
1776275268.795,168.795,0.79,52.92,0.76,70.0,0.8,95.55,0.81,90.81,0.2,20.5,0.19,207.81,0.21,57.97,0.23,5.0,0.01,0.01,2345.317112,1776275267000
1776275269.131,169.131,0.77,55.25,0.76,75.0,0.78,182.0,0.79,25.5,0.2,95.55,0.19,90.81,0.24,70.0,0.25,34.2,0.01,0.04,2345.317112,1776275267000
1776275269.443,169.443,0.77,59.25,0.76,75.0,0.78,182.5,0.79,25.5,0.22,187.5,0.21,25.5,0.23,60.25,0.24,75.0,0.01,0.01,2345.317112,1776275267000
1776275269.757,169.757,0.76,65.0,0.75,19.2,0.78,182.5,0.79,30.5,0.22,182.5,0.21,25.5,0.23,59.25,0.24,75.0,0.02,0.01,2345.120096,1776275268000
1776275270.53,170.53,0.76,18.33,0.75,29.2,0.77,41.5,0.78,35.5,0.22,182.5,0.21,30.5,0.24,65.0,0.25,19.2,0.01,0.02,2345.097686,1776275269000
1776275270.752,170.752,0.76,20.85,0.75,29.2,0.77,40.2,0.78,35.5,0.23,41.5,0.22,35.5,0.24,18.33,0.25,29.2,0.01,0.01,2345.097686,1776275269000
1776275271.546,171.546,0.76,49.53,0.75,29.2,0.77,24.97,0.78,46.5,0.23,38.57,0.22,35.5,0.24,20.85,0.25,29.2,0.01,0.01,2344.87375,1776275270000
1776275271.88,171.88,0.76,4.53,0.75,29.2,0.77,29.97,0.78,46.5,0.23,24.97,0.22,46.5,0.24,49.53,0.25,29.2,0.01,0.01,2344.87375,1776275270000
1776275272.834,172.834,0.76,24.53,0.75,29.2,0.78,2.11,0.8,5.0,0.23,29.97,0.22,46.5,0.24,4.53,0.25,29.2,0.02,0.01,2344.695846,1776275271000
1776275274.663,174.663,0.81,6.85,0.8,16.0,0.83,35.0,0.84,65.81,0.23,105.88,0.22,2.11,0.24,26.94,0.25,131.55,0.02,0.01,2344.674895,1776275273000
1776275276.934,176.934,0.82,61.0,0.81,12.85,0.83,15.5,0.84,160.32,0.17,35.0,0.16,65.81,0.19,6.85,0.2,16.0,0.01,0.02,2345.04243,1776275275000
1776275280.765,180.765,0.82,60.72,0.81,17.85,0.83,142.94,0.84,51.82,0.17,15.5,0.16,160.32,0.18,61.0,0.19,12.85,0.01,0.01,2344.962344,1776275279000
1776275281.58,181.58,0.8,6.0,0.79,8.0,0.83,146.04,0.84,45.82,0.17,125.54,0.16,51.82,0.18,75.72,0.19,17.85,0.03,0.01,2344.964899,1776275280000
1776275281.862,181.862,0.8,30.0,0.79,10.0,0.81,24.31,0.82,34.11,0.17,146.04,0.16,61.82,0.23,139.04,0.24,30.44,0.01,0.06,2344.964899,1776275280000
1776275282.499,182.499,0.8,15.0,0.77,14.04,0.81,20.91,0.82,34.11,0.18,34.11,0.17,27.5,0.2,40.0,0.21,10.0,0.01,0.02,2344.966318,1776275281000
1776275282.804,182.804,0.78,3.18,0.77,24.04,0.79,13.1,0.8,36.5,0.21,10.0,0.2,26.0,0.22,3.18,0.23,24.04,0.01,0.01,2344.966318,1776275281000
1776275284.146,184.146,0.77,0.66,0.76,57.14,0.78,183.5,0.79,51.5,0.21,13.1,0.2,36.5,0.22,3.18,0.23,24.04,0.01,0.01,2344.919741,1776275283000
1776275285.836,185.836,0.77,38.82,0.76,35.7,0.78,180.5,0.79,46.5,0.22,183.5,0.21,51.5,0.23,0.66,0.24,57.14,0.01,0.01,2344.74309,1776275284000
1776275286.298,186.298,0.76,29.7,0.75,58.4,0.78,175.5,0.79,46.5,0.22,180.5,0.21,46.5,0.23,38.82,0.24,35.7,0.02,0.01,2344.74309,1776275284000
1776275288.383,188.383,0.76,29.7,0.75,125.09,0.77,22.12,0.78,157.57,0.22,162.57,0.21,46.5,0.24,29.7,0.25,58.4,0.01,0.02,2344.502495,1776275287000
1776275288.956,188.956,0.76,34.7,0.75,131.09,0.77,6.69,0.78,42.57,0.23,22.12,0.22,157.57,0.24,29.7,0.25,125.09,0.01,0.01,2344.502495,1776275287000
1776275291.014,191.014,0.76,15.7,0.75,58.4,0.77,52.5,0.78,56.66,0.23,6.69,0.22,42.57,0.24,34.7,0.25,131.09,0.01,0.01,2344.471126,1776275289000
1776275291.501,191.501,0.73,18.3,0.71,105.0,0.76,37.0,0.77,81.5,0.23,52.5,0.22,96.66,0.25,10.65,0.26,93.7,0.03,0.02,2344.470856,1776275290000
1776275291.913,191.913,0.71,10.0,0.7,211.0,0.74,162.0,0.75,15.0,0.24,37.0,0.23,81.5,0.27,18.3,0.29,105.0,0.03,0.03,2344.470856,1776275290000
1776275292.922,192.922,0.72,25.26,0.71,76.3,0.73,151.13,0.74,79.71,0.26,162.0,0.25,15.0,0.29,10.0,0.3,211.0,0.01,0.03,2344.471036,1776275291000
1776275294.608,194.608,0.72,85.26,0.71,126.3,0.73,15.0,0.74,21.0,0.27,151.13,0.26,79.71,0.28,25.26,0.29,76.3,0.01,0.01,2344.12684,1776275293000
1776275295.079,195.079,0.73,192.5,0.72,48.0,0.75,19.62,0.77,25.0,0.26,14.77,0.25,11.0,0.28,85.26,0.29,126.3,0.02,0.02,2344.12684,1776275293000
1776275295.375,195.375,0.74,16.0,0.73,142.5,0.75,8.0,0.77,25.0,0.25,19.62,0.23,25.0,0.27,192.5,0.28,48.0,0.01,0.02,2344.12174,1776275294000
1776275296.001,196.001,0.76,4.16,0.75,16.0,0.77,30.0,0.78,5.0,0.25,8.0,0.23,25.0,0.26,16.0,0.27,142.5,0.01,0.01,2344.12174,1776275294000
1776275298.064,198.064,0.76,74.82,0.75,136.0,0.77,23.0,0.78,134.09,0.23,30.0,0.22,5.0,0.24,4.16,0.25,16.0,0.01,0.01,2344.41958,1776275296000
1776275298.782,198.782,0.76,236.32,0.75,95.91,0.77,22.53,0.78,5.0,0.23,23.0,0.22,134.09,0.24,74.82,0.25,136.0,0.01,0.01,2344.397616,1776275297000
1776275300.797,200.797,0.76,21.61,0.75,70.41,0.77,32.53,0.78,5.0,0.23,22.53,0.22,5.0,0.24,236.32,0.25,95.91,0.01,0.01,2344.41399,1776275299000
1776275301.036,201.036,0.76,42.61,0.75,42.06,0.77,18.93,0.78,25.5,0.23,34.93,0.22,15.0,0.24,7.61,0.25,32.06,0.01,0.01,2344.41399,1776275299000
1776275302.33,202.33,0.76,75.99,0.75,10.0,0.77,165.5,0.78,50.5,0.23,18.93,0.22,35.5,0.25,42.06,0.26,26.0,0.01,0.02,2344.32904,1776275301000
1776275303.035,203.035,0.76,104.99,0.75,20.5,0.77,126.38,0.78,15.0,0.23,165.5,0.22,50.5,0.24,75.99,0.25,10.0,0.01,0.01,2344.303604,1776275302000
1776275306.859,206.859,0.76,10.0,0.75,31.0,0.79,80.5,0.8,65.05,0.23,126.38,0.22,15.0,0.24,104.99,0.25,20.5,0.03,0.01,2344.29216,1776275305000
1776275307.194,207.194,0.75,16.56,0.74,20.5,0.77,43.0,0.78,23.5,0.23,38.0,0.22,18.5,0.24,19.9,0.25,21.0,0.02,0.01,2344.416455,1776275306000
1776275310.425,210.425,0.76,145.0,0.75,86.41,0.78,3.0,0.79,5.0,0.23,43.0,0.22,23.5,0.25,16.56,0.26,20.5,0.02,0.02,2344.308823,1776275309000
1776275311.356,211.356,0.77,165.78,0.76,62.5,0.78,0.47,0.79,5.0,0.22,3.0,0.21,5.0,0.23,10.28,0.24,144.0,0.01,0.01,2344.276938,1776275310000
1776275311.808,211.808,0.78,24.0,0.77,152.45,0.79,5.01,0.8,190.05,0.21,2.47,0.2,75.0,0.22,10.0,0.23,157.45,0.01,0.01,2344.276938,1776275310000
1776275312.715,212.715,0.79,10.71,0.78,24.0,0.8,205.55,0.81,70.81,0.21,5.01,0.2,190.05,0.22,24.0,0.23,152.45,0.01,0.01,2344.362148,1776275311000
1776275313.045,213.045,0.77,22.42,0.76,10.0,0.78,37.5,0.79,176.5,0.2,205.55,0.19,70.81,0.21,10.71,0.22,24.0,0.01,0.01,2344.386648,1776275312000
1776275313.376,213.376,0.77,0.42,0.76,10.0,0.78,152.0,0.79,67.5,0.22,37.5,0.21,176.5,0.23,22.42,0.24,10.0,0.01,0.01,2344.386648,1776275312000
1776275313.822,213.822,0.76,41.61,0.75,24.0,0.77,135.0,0.78,43.5,0.22,147.0,0.21,67.5,0.24,3.42,0.25,44.5,0.01,0.02,2344.386648,1776275312000
1776275314.314,214.314,0.75,4.73,0.74,20.5,0.77,164.93,0.78,43.5,0.23,170.0,0.22,43.5,0.24,2.02,0.25,24.0,0.02,0.01,2344.417669,1776275313000
1776275314.929,214.929,0.75,10.52,0.74,20.5,0.76,30.0,0.77,70.43,0.24,25.0,0.23,159.93,0.25,71.52,0.26,30.5,0.01,0.01,2344.417669,1776275313000
1776275315.385,215.385,0.74,22.87,0.72,45.5,0.75,88.5,0.76,75.5,0.24,30.0,0.23,70.43,0.26,20.5,0.27,66.5,0.01,0.02,2344.417669,1776275313000
1776275315.793,215.793,0.72,20.0,0.71,155.5,0.73,19.27,0.74,16.0,0.26,10.0,0.25,208.5,0.28,9.5,0.29,40.5,0.01,0.02,2344.351334,1776275314000
1776275316.035,216.035,0.73,16.42,0.72,229.32,0.75,17.77,0.76,65.5,0.25,17.77,0.24,65.5,0.26,10.0,0.27,20.5,0.02,0.01,2344.292506,1776275315000
1776275316.924,216.924,0.74,10.0,0.73,10.0,0.75,160.64,0.76,85.5,0.25,17.77,0.24,65.5,0.27,16.42,0.28,229.32,0.01,0.02,2344.292506,1776275315000
1776275318.915,218.915,0.74,25.5,0.73,20.5,0.75,7.78,0.76,198.83,0.25,160.64,0.24,85.5,0.26,10.0,0.27,10.0,0.01,0.01,2344.090611,1776275317000
1776275320.112,220.112,0.75,9.84,0.74,25.5,0.76,28.83,0.77,29.5,0.25,7.78,0.24,198.83,0.26,25.5,0.27,20.5,0.01,0.01,2344.093459,1776275319000
1776275321.199,221.199,0.79,10.5,0.78,31.5,0.8,10.0,0.81,70.5,0.24,28.83,0.23,29.5,0.25,9.84,0.26,25.5,0.01,0.01,2344.093459,1776275319000
1776275322.38,222.38,0.79,21.0,0.78,146.5,0.8,4.61,0.81,35.5,0.2,10.0,0.19,70.5,0.21,10.5,0.22,31.5,0.01,0.01,2344.09403,1776275320000
1776275323.51,223.51,0.8,21.0,0.79,26.5,0.81,14.51,0.82,163.61,0.2,4.61,0.19,35.5,0.21,21.0,0.22,146.5,0.01,0.01,2344.240107,1776275322000
1776275324.942,224.942,0.8,16.0,0.79,49.28,0.81,4.89,0.82,166.11,0.19,14.51,0.18,163.61,0.2,21.0,0.21,26.5,0.01,0.01,2344.31109,1776275323000
1776275326.135,226.135,0.83,2.11,0.82,130.0,0.84,28.01,0.85,184.7,0.19,4.89,0.18,166.11,0.2,16.0,0.21,49.28,0.01,0.01,2344.316505,1776275324000
1776275327.027,227.027,0.83,2.11,0.82,5.0,0.84,147.41,0.85,201.43,0.16,28.01,0.15,184.7,0.17,2.11,0.18,130.0,0.01,0.01,2344.317305,1776275325000
1776275327.308,227.308,0.79,22.68,0.76,10.0,0.8,61.55,0.81,78.5,0.16,147.41,0.15,201.43,0.17,2.11,0.18,5.0,0.01,0.01,2344.317305,1776275325000
1776275327.807,227.807,0.76,10.0,0.75,21.84,0.8,191.55,0.81,108.81,0.2,61.55,0.19,78.5,0.21,12.68,0.24,10.0,0.04,0.01,2344.32216,1776275326000
1776275328.444,228.444,0.74,45.5,0.73,30.5,0.76,25.0,0.77,22.8,0.2,191.55,0.19,108.81,0.24,10.0,0.25,21.84,0.02,0.04,2344.378108,1776275327000
1776275330.526,230.526,0.76,40.28,0.75,25.5,0.77,140.0,0.78,35.59,0.24,25.0,0.23,22.8,0.26,45.5,0.27,30.5,0.01,0.02,2344.1512,1776275329000
1776275332.32,232.32,0.76,35.9,0.75,140.5,0.77,10.0,0.78,14.09,0.23,140.0,0.22,35.59,0.24,40.28,0.25,25.5,0.01,0.01,2344.130503,1776275330000
1776275333.759,233.759,0.73,10.0,0.72,40.0,0.75,155.0,0.76,27.5,0.22,3.91,0.21,17.5,0.24,40.9,0.25,25.5,0.02,0.02,2344.122953,1776275332000
1776275334.864,234.864,0.72,55.5,0.71,46.5,0.74,25.0,0.75,44.5,0.25,155.0,0.24,27.5,0.27,10.0,0.28,40.0,0.02,0.02,2344.123023,1776275333000
1776275335.347,235.347,0.71,46.5,0.7,235.0,0.73,15.0,0.74,15.0,0.26,4.93,0.25,34.0,0.27,10.0,0.28,55.5,0.02,0.01,2344.069998,1776275334000
1776275336.061,236.061,0.72,0.5,0.71,20.5,0.73,5.0,0.74,58.5,0.27,10.0,0.26,49.5,0.29,46.5,0.3,240.0,0.01,0.02,2343.965719,1776275335000
1776275336.558,236.558,0.71,61.34,0.7,235.0,0.74,67.5,0.75,60.5,0.27,5.0,0.26,58.5,0.28,0.5,0.29,20.5,0.03,0.01,2343.965719,1776275335000
1776275338.832,238.832,0.69,305.0,0.68,467.0,0.7,6.07,0.71,10.0,0.26,67.5,0.25,60.5,0.29,61.34,0.3,235.0,0.01,0.03,2343.899545,1776275337000
1776275339.92,239.92,0.71,6.2,0.7,267.5,0.72,31.0,0.73,193.8,0.3,6.07,0.29,10.0,0.31,305.0,0.32,467.0,0.01,0.01,2343.825585,1776275338000
1776275340.7,240.7,0.73,20.0,0.72,286.0,0.74,4.97,0.81,32.0,0.28,31.0,0.27,193.8,0.29,6.2,0.3,267.5,0.01,0.01,2343.77069,1776275339000
1776275341.15,241.15,0.83,109.0,0.82,40.0,0.84,3.21,0.85,136.37,0.19,25.0,0.17,50.5,0.27,20.0,0.28,154.0,0.01,0.08,2343.762115,1776275340000
1776275341.352,241.352,0.83,49.17,0.82,40.0,0.84,3.21,0.85,368.37,0.16,3.21,0.15,136.37,0.17,109.0,0.18,40.0,0.01,0.01,2343.762115,1776275340000
1776275343.101,243.101,0.84,61.0,0.83,81.17,0.85,28.33,0.86,218.07,0.15,365.58,0.14,93.86,0.17,59.17,0.18,155.0,0.01,0.02,2344.234576,1776275342000
1776275344.255,244.255,0.84,162.58,0.83,79.17,0.85,6.6,0.86,93.86,0.15,28.33,0.14,218.07,0.16,61.0,0.17,81.17,0.01,0.01,2344.333849,1776275343000
1776275346.374,246.374,0.84,251.25,0.83,68.17,0.85,16.6,0.86,68.86,0.15,6.6,0.14,93.86,0.16,162.58,0.17,79.17,0.01,0.01,2344.334482,1776275345000
1776275346.597,246.597,0.84,19.42,0.83,156.17,0.85,150.33,0.86,191.07,0.15,16.6,0.14,68.86,0.16,251.25,0.17,68.17,0.01,0.01,2344.334482,1776275345000
1776275346.863,246.863,0.84,144.42,0.83,41.17,0.85,16.6,0.86,193.07,0.15,150.33,0.14,191.07,0.16,19.42,0.17,156.17,0.01,0.01,2344.334482,1776275345000
1776275348.676,248.676,0.84,107.58,0.83,178.17,0.85,11.6,0.86,76.07,0.15,16.6,0.14,193.07,0.16,144.42,0.17,41.17,0.01,0.01,2344.34787,1776275347000
1776275350.433,250.433,0.84,141.58,0.83,165.17,0.85,6.6,0.86,76.07,0.15,11.6,0.14,76.07,0.16,107.58,0.17,178.17,0.01,0.01,2344.339184,1776275349000
1776275351.423,251.423,0.84,137.2,0.83,179.17,0.85,6.6,0.86,76.07,0.15,6.6,0.14,76.07,0.16,141.58,0.17,165.17,0.01,0.01,2344.34367,1776275350000
1776275353.987,253.987,0.84,285.2,0.83,62.17,0.86,0.59,0.87,209.0,0.15,6.6,0.14,76.07,0.16,137.2,0.17,179.17,0.02,0.01,2344.35805,1776275352000
1776275356.41,256.41,0.86,19.85,0.85,307.0,0.87,216.76,0.88,130.0,0.14,0.59,0.13,209.0,0.16,285.2,0.17,62.17,0.01,0.02,2344.376512,1776275355000
1776275357.446,257.446,0.86,337.0,0.85,104.2,0.87,8.85,0.88,154.0,0.13,216.76,0.12,130.0,0.14,19.85,0.15,307.0,0.01,0.01,2344.381993,1776275356000
1776275357.871,257.871,0.86,366.9,0.85,125.37,0.87,7.7,0.88,154.0,0.13,8.85,0.12,154.0,0.14,337.0,0.15,104.2,0.01,0.01,2344.381993,1776275356000
1776275358.842,258.842,0.86,385.9,0.85,165.43,0.87,6.55,0.88,80.0,0.13,7.7,0.12,154.0,0.14,366.9,0.15,125.37,0.01,0.01,2344.396737,1776275357000
1776275359.557,259.557,0.86,238.9,0.85,105.37,0.87,0.55,0.88,104.0,0.13,6.55,0.12,80.0,0.14,385.9,0.15,165.43,0.01,0.01,2344.532306,1776275358000
1776275360.138,260.138,0.87,219.1,0.86,78.9,0.88,29.2,0.89,10.0,0.12,29.2,0.11,10.0,0.14,238.9,0.15,105.37,0.01,0.02,2344.532306,1776275358000
1776275361.131,261.131,0.87,570.1,0.86,166.09,0.89,30.14,0.9,10.0,0.12,29.2,0.11,10.0,0.13,219.1,0.14,78.9,0.02,0.01,2344.531295,1776275360000
1776275361.369,261.369,0.91,148.0,0.9,50.0,0.93,33.06,0.94,35.0,0.08,53.48,0.07,35.0,0.11,10.0,0.12,57.0,0.02,0.03,2344.531295,1776275360000
1776275361.581,261.581,0.91,214.0,0.9,65.0,0.95,54.02,0.96,150.0,0.05,60.93,0.04,150.0,0.09,168.0,0.1,15.0,0.04,0.04,2344.531295,1776275360000
1776275361.861,261.861,0.94,182.0,0.93,226.56,0.96,167.12,0.97,156.0,0.05,2.0,0.04,175.25,0.06,5.0,0.07,109.56,0.02,0.01,2344.531295,1776275360000
1776275362.242,262.242,0.95,126.0,0.94,188.0,0.96,117.12,0.97,156.0,0.04,167.12,0.03,156.0,0.06,182.0,0.07,226.56,0.01,0.02,2344.495814,1776275361000
1776275362.843,262.843,0.95,250.0,0.94,188.0,0.96,105.77,0.97,273.0,0.04,117.12,0.03,156.0,0.05,126.0,0.06,188.0,0.01,0.01,2344.495814,1776275361000
1776275363.308,263.308,0.95,180.0,0.94,239.0,0.97,271.31,0.98,519.18,0.04,105.77,0.03,273.0,0.05,250.0,0.06,188.0,0.02,0.01,2344.772735,1776275362000
1776275364.217,264.217,0.96,418.0,0.95,25.0,0.97,154.31,0.98,496.18,0.03,271.31,0.02,519.18,0.05,180.0,0.06,239.0,0.01,0.02,2345.247294,1776275363000
1776275364.426,264.426,0.96,342.0,0.95,95.0,0.97,77.94,0.98,396.18,0.03,143.92,0.02,496.18,0.04,413.0,0.05,25.0,0.01,0.01,2345.247294,1776275363000
1776275364.699,264.699,0.96,379.0,0.95,83.0,0.97,75.87,0.98,279.18,0.03,77.94,0.02,396.18,0.04,342.0,0.05,95.0,0.01,0.01,2345.247294,1776275363000
1776275365.001,265.001,0.97,188.0,0.96,261.99,0.98,279.44,0.99,2093.0,0.02,234.05,0.01,2093.0,0.04,384.0,0.05,83.0,0.01,0.02,2345.247294,1776275363000
1776275365.4,265.4,0.97,320.0,0.96,116.0,0.98,223.94,0.99,2093.0,0.02,279.44,0.01,2093.0,0.03,188.0,0.04,261.99,0.01,0.01,2345.279511,1776275364000
1776275365.734,265.734,0.97,352.0,0.96,121.0,0.98,201.98,0.99,2093.0,0.02,203.53,0.01,2093.0,0.03,315.0,0.04,86.0,0.01,0.01,2345.279511,1776275364000
1776275365.986,265.986,0.97,357.0,0.96,214.7,0.98,4.94,0.99,2093.0,0.02,32.95,0.01,2093.0,0.03,357.0,0.04,214.7,0.01,0.01,2345.279511,1776275364000
1776275366.35,266.35,0.98,181.0,0.97,388.69,0.99,2079.91,,,0.01,2084.91,,,0.02,171.0,0.03,228.04,0.01,0.01,2345.279511,1776275364000
1776275366.606,266.606,0.98,184.81,0.97,388.69,0.99,2039.55,,,0.01,2044.55,,,0.02,186.09,0.03,388.69,0.01,0.01,2345.489784,1776275365000
1776275367.055,267.055,0.98,378.51,0.97,383.69,0.99,1926.19,,,0.01,2029.55,,,0.02,184.81,0.03,388.69,0.01,0.01,2345.75174,1776275366000
1776275367.366,267.366,0.98,276.42,0.97,332.69,0.99,1770.12,,,0.01,1775.17,,,0.02,281.51,0.03,332.69,0.01,0.01,2345.75174,1776275366000
1776275367.767,267.767,0.98,273.87,0.97,332.69,0.99,1769.1,,,0.01,1775.12,,,0.02,273.87,0.03,332.69,0.01,0.01,2345.75174,1776275366000
1776275368.153,268.153,0.98,288.87,0.97,332.69,0.99,1351.54,,,0.01,1769.1,,,0.02,273.87,0.03,332.69,0.01,0.01,2346.012648,1776275367000
1776275368.433,268.433,0.98,318.87,0.97,332.69,0.99,1293.98,,,0.01,1295.98,,,0.02,288.87,0.03,332.69,0.01,0.01,2346.012648,1776275367000
1776275369.331,269.331,0.98,233.87,0.97,332.69,0.99,1361.9,,,0.01,1286.9,,,0.02,323.87,0.03,332.69,0.01,0.01,2346.058,1776275368000
1776275369.537,269.537,0.98,233.87,0.97,332.69,0.99,822.14,,,0.01,823.16,,,0.02,238.87,0.03,332.69,0.01,0.01,2346.058,1776275368000
1776275370.173,270.173,0.98,109.87,0.97,226.69,0.99,720.64,,,0.01,757.64,,,0.02,233.87,0.03,332.69,0.01,0.01,2346.03236,1776275369000
1776275370.403,270.403,0.98,11.09,0.97,124.7,0.99,725.64,,,0.01,725.64,,,0.03,124.7,0.04,231.7,0.01,0.02,2346.03236,1776275369000
1776275370.649,270.649,0.97,124.7,0.96,114.7,0.98,52.91,0.99,1206.24,0.01,725.64,,,0.02,11.09,0.03,124.7,0.01,0.01,2346.03236,1776275369000
1776275371.096,271.096,0.97,129.7,0.96,119.7,0.98,233.88,0.99,1084.24,0.02,52.91,0.01,1206.24,0.03,124.7,0.04,114.7,0.01,0.01,2346.03236,1776275369000
1776275371.462,271.462,0.97,91.7,0.96,186.7,0.98,141.84,0.99,1084.24,0.02,242.85,0.01,1084.24,0.03,86.7,0.04,186.7,0.01,0.01,2346.144561,1776275370000
1776275371.803,271.803,0.97,271.7,0.96,206.7,0.98,233.84,0.99,1084.24,0.02,141.84,0.01,1084.24,0.03,91.7,0.04,186.7,0.01,0.01,2346.144561,1776275370000
1776275372.037,272.037,0.97,299.7,0.96,206.7,0.98,7.42,0.99,1084.24,0.02,221.84,0.01,1084.24,0.03,271.7,0.04,206.7,0.01,0.01,2346.144561,1776275370000
1776275372.267,272.267,0.97,398.7,0.96,167.69,0.99,825.06,,,0.02,7.42,0.01,1084.24,0.03,299.7,0.04,206.7,0.02,0.01,2345.785701,1776275371000
1776275372.494,272.494,0.98,116.7,0.97,338.7,0.99,797.27,,,0.01,802.33,,,0.02,101.7,0.03,257.7,0.01,0.01,2345.785701,1776275371000
1776275372.934,272.934,0.98,310.4,0.97,328.7,0.99,896.25,,,0.01,797.27,,,0.02,116.7,0.03,338.7,0.01,0.01,2345.785701,1776275371000
1776275373.438,273.438,0.98,375.4,0.97,216.7,0.99,772.24,,,0.01,766.25,,,0.02,305.4,0.03,328.7,0.01,0.01,2345.542206,1776275372000
1776275373.899,273.899,0.98,380.59,0.97,201.7,0.99,624.75,,,0.01,770.15,,,0.02,370.4,0.03,201.7,0.01,0.01,2345.542206,1776275372000
1776275374.586,274.586,0.98,251.02,0.97,186.7,0.99,709.69,,,0.01,629.75,,,0.02,378.92,0.03,201.7,0.01,0.01,2345.753249,1776275373000
1776275374.83,274.83,0.98,144.02,0.97,186.7,0.99,1073.29,,,0.01,709.69,,,0.02,164.02,0.03,186.7,0.01,0.01,2345.753249,1776275373000
1776275375.517,275.517,0.98,22.29,0.97,222.0,0.99,911.67,,,0.01,1073.29,,,0.02,144.02,0.03,186.7,0.01,0.01,2345.804036,1776275374000
1776275375.756,275.756,0.97,177.63,0.96,25.0,0.99,1309.06,,,0.01,1304.06,,,0.02,22.29,0.03,222.0,0.02,0.01,2345.804036,1776275374000
1776275376.139,276.139,0.97,135.97,0.96,84.0,0.98,310.0,0.99,1304.06,0.02,310.0,0.01,1304.06,0.03,20.97,0.04,84.0,0.01,0.01,2345.76195,1776275375000
1776275376.437,276.437,0.97,122.67,0.96,84.0,0.98,240.0,0.99,1304.06,0.02,280.0,0.01,1304.06,0.03,107.67,0.04,84.0,0.01,0.01,2345.76195,1776275375000
1776275376.877,276.877,0.97,98.0,0.96,66.0,0.98,219.79,0.99,1187.06,0.02,240.0,0.01,1304.06,0.03,122.67,0.04,84.0,0.01,0.01,2345.76195,1776275375000
1776275377.093,277.093,0.97,98.0,0.96,66.0,0.98,189.68,0.99,1187.06,0.02,189.79,0.01,1187.06,0.03,98.0,0.04,66.0,0.01,0.01,2345.577018,1776275376000
1776275377.422,277.422,0.97,98.0,0.96,66.0,0.98,184.57,0.99,1187.06,0.02,189.68,0.01,1187.06,0.03,98.0,0.04,66.0,0.01,0.01,2345.577018,1776275376000
1776275378.633,278.633,0.97,274.21,0.96,55.0,0.98,169.57,0.99,1187.06,0.02,184.57,0.01,1187.06,0.03,98.0,0.04,66.0,0.01,0.01,2345.510119,1776275377000
1776275379.581,279.581,0.97,318.99,0.96,55.0,0.98,139.57,0.99,1175.06,0.02,169.57,0.01,1187.06,0.03,274.21,0.04,55.0,0.01,0.01,2345.50506,1776275378000
1776275380.539,280.539,0.97,309.99,0.96,50.0,0.98,97.78,0.99,1175.06,0.02,103.85,0.01,1175.06,0.03,313.99,0.04,55.0,0.01,0.01,2345.503469,1776275379000
1776275381.216,281.216,0.97,335.99,0.96,50.0,0.98,37.78,0.99,1175.06,0.02,67.78,0.01,1175.06,0.03,330.99,0.04,50.0,0.01,0.01,2345.503469,1776275379000
1776275382.464,282.464,0.98,283.21,0.97,102.0,0.99,1031.86,,,0.01,1174.06,,,0.02,110.67,0.03,190.0,0.01,0.01,2345.594109,1776275381000
1776275382.988,282.988,0.98,269.21,0.97,88.0,0.99,972.5,,,0.01,983.5,,,0.02,283.21,0.03,102.0,0.01,0.01,2345.594109,1776275381000
1776275383.393,283.393,0.98,269.21,0.97,88.0,0.99,944.21,,,0.01,972.5,,,0.02,269.21,0.03,88.0,0.01,0.01,2345.626115,1776275382000
1776275383.615,283.615,0.98,269.21,0.97,77.0,0.99,928.21,,,0.01,944.21,,,0.02,269.21,0.03,88.0,0.01,0.01,2345.626115,1776275382000
1776275383.853,283.853,0.98,269.21,0.97,77.0,0.99,771.69,,,0.01,928.21,,,0.02,269.21,0.03,77.0,0.01,0.01,2345.626115,1776275382000
1776275384.129,284.129,0.98,321.21,0.97,77.0,0.99,690.89,,,0.01,771.69,,,0.02,269.21,0.03,77.0,0.01,0.01,2345.618553,1776275383000
1776275384.947,284.947,0.98,307.21,0.97,68.0,0.99,701.51,,,0.01,690.89,,,0.02,321.21,0.03,77.0,0.01,0.01,2345.618553,1776275383000
1776275385.531,285.531,0.98,304.21,0.97,68.0,0.99,689.38,,,0.01,699.38,,,0.02,307.21,0.03,68.0,0.01,0.01,2345.689378,1776275384000
1776275385.811,285.811,0.98,315.62,0.97,68.0,0.99,654.17,,,0.01,679.38,,,0.02,301.62,0.03,68.0,0.01,0.01,2345.689378,1776275384000
1776275386.054,286.054,0.98,315.62,0.97,68.0,0.99,639.17,,,0.01,644.17,,,0.02,315.62,0.03,68.0,0.01,0.01,2345.689378,1776275384000
1776275386.348,286.348,0.98,315.61,0.97,68.0,0.99,639.17,,,0.01,639.17,,,0.02,315.62,0.03,68.0,0.01,0.01,2345.607392,1776275385000
1776275386.91,286.91,0.98,315.61,0.97,68.0,0.99,431.23,,,0.01,451.23,,,0.02,315.61,0.03,68.0,0.01,0.01,2345.607392,1776275385000
1776275387.152,287.152,0.99,1577.8,0.98,428.61,,,,,0.01,430.21,,,0.02,432.61,0.03,58.0,,0.01,2345.607392,1776275385000
1776275390.3,290.3,0.99,4081.2,0.98,74.21,,,,,,,,,0.01,1577.8,0.02,428.61,,,2345.658583,1776275389000
1776275390.502,290.502,0.99,4178.98,0.98,74.21,,,,,,,,,0.01,4081.2,0.02,74.21,,,2345.658583,1776275389000
1776275393.531,293.531,0.99,7339.18,0.98,150.61,,,,,,,,,0.01,4178.98,0.02,74.21,,,2345.666206,1776275392000
1776275393.921,293.921,0.99,7329.74,0.98,150.61,,,,,,,,,0.01,7339.18,0.02,150.61,,,2345.666206,1776275392000
1776275398.022,298.022,0.99,6266.78,0.98,68.62,,,,,,,,,0.01,7329.74,0.02,150.61,,,2345.922225,1776275396000

# RESULT,winner=Up,slug=eth-updown-5m-1776275100,ticks=380
