timestamp,elapsed_sec,up_bid_p1,up_bid_s1,up_bid_p2,up_bid_s2,up_ask_p1,up_ask_s1,up_ask_p2,up_ask_s2,down_bid_p1,down_bid_s1,down_bid_p2,down_bid_s2,down_ask_p1,down_ask_s1,down_ask_p2,down_ask_s2,up_spread,down_spread,eth_price,eth_oracle_ts
1776189601.27,1.27,,,,,,,,,,,,,,,,,,,2339.253515,1776189600000
1776189601.591,1.591,0.52,9.0,0.46,170.0,0.54,76.28,0.55,5.0,0.46,72.56,0.45,5.0,0.47,5.0,0.48,79.0,0.02,0.01,2339.253515,1776189600000
1776189602.094,2.094,0.62,8.0,0.59,44.89,0.63,10.0,0.67,440.0,0.46,72.56,0.45,5.0,0.47,5.0,0.48,79.0,0.01,0.01,2339.253515,1776189600000
1776189602.454,2.454,0.6,57.18,0.59,44.89,0.63,10.0,0.67,370.0,0.37,10.0,0.33,440.0,0.38,12.18,0.41,44.89,0.03,0.01,2339.253515,1776189600000
1776189602.686,2.686,0.6,57.18,0.59,44.89,0.63,10.0,0.67,370.0,0.37,10.0,0.33,370.0,0.4,57.18,0.41,44.89,0.03,0.03,2339.632301,1776189601000
1776189603.167,3.167,0.62,25.82,0.6,32.18,0.67,20.0,0.69,375.0,0.33,300.0,0.31,375.0,0.4,32.18,0.41,44.89,0.05,0.07,2339.632301,1776189601000
1776189603.432,3.432,0.66,50.0,0.65,10.0,0.69,433.98,0.73,450.0,0.33,20.0,0.31,375.0,0.38,25.82,0.4,32.18,0.03,0.05,2339.733551,1776189602000
1776189603.938,3.938,0.63,10.0,0.62,10.0,0.65,80.0,0.66,10.0,0.31,433.98,0.27,450.0,0.34,50.0,0.35,10.0,0.02,0.03,2339.733551,1776189602000
1776189604.222,4.222,0.59,54.89,0.58,20.0,0.61,70.0,0.62,11.0,0.39,70.0,0.38,11.0,0.41,54.89,0.42,20.0,0.02,0.02,2340.209741,1776189603000
1776189604.88,4.88,0.6,18.0,0.59,54.89,0.61,10.0,0.62,28.19,0.39,75.0,0.38,11.0,0.4,15.0,0.41,54.89,0.01,0.01,2340.209741,1776189603000
1776189605.559,5.559,0.67,10.0,0.66,17.0,0.69,80.0,0.7,89.19,0.34,8.19,0.31,363.98,0.4,25.5,0.41,54.89,0.02,0.06,2340.209741,1776189603000
1776189605.796,5.796,0.67,6.96,0.66,20.0,0.68,16.21,0.69,94.19,0.32,5.0,0.31,85.0,0.33,10.0,0.34,15.0,0.01,0.01,2340.209741,1776189603000
1776189606.343,6.343,0.67,16.96,0.66,37.0,0.68,1.61,0.69,19.19,0.32,16.21,0.31,94.19,0.33,6.96,0.34,20.0,0.01,0.01,2340.651923,1776189604000
1776189606.77,6.77,0.67,10.44,0.66,35.0,0.69,30.0,0.7,80.0,0.31,3.95,0.3,75.0,0.33,11.96,0.34,53.0,0.02,0.02,2340.44015,1776189605000
1776189607.19,7.19,0.67,10.44,0.66,35.0,0.69,30.0,0.7,80.0,0.31,30.0,0.3,80.0,0.33,10.44,0.34,35.0,0.02,0.02,2340.48621,1776189606000
1776189608.022,8.022,0.65,30.0,0.64,25.0,0.67,25.0,0.68,29.19,0.31,30.0,0.3,80.0,0.33,10.44,0.34,35.0,0.02,0.02,2340.48621,1776189606000
1776189608.575,8.575,0.65,14.28,0.64,25.0,0.66,25.0,0.67,29.19,0.33,25.0,0.32,29.19,0.35,30.0,0.36,25.0,0.01,0.02,2340.48621,1776189606000
1776189608.849,8.849,0.62,5.0,0.61,20.0,0.66,17.95,0.67,29.19,0.34,17.95,0.33,29.19,0.35,11.42,0.36,15.0,0.04,0.01,2340.827446,1776189607000
1776189609.474,9.474,0.59,59.89,0.58,20.0,0.6,55.0,0.61,51.0,0.4,55.0,0.39,51.0,0.41,59.89,0.42,20.0,0.01,0.01,2340.77245,1776189608000
1776189609.889,9.889,0.59,123.51,0.58,28.0,0.6,75.0,0.61,75.19,0.4,80.5,0.39,75.19,0.41,133.51,0.42,25.0,0.01,0.01,2340.77245,1776189608000
1776189610.214,10.214,0.59,80.72,0.58,28.0,0.6,80.0,0.61,80.19,0.4,80.0,0.39,80.19,0.41,80.72,0.42,28.0,0.01,0.01,2340.6041,1776189609000
1776189610.953,10.953,0.59,35.22,0.58,10.5,0.61,76.0,0.62,104.5,0.4,55.0,0.39,70.19,0.41,118.72,0.42,41.0,0.02,0.01,2340.6041,1776189609000
1776189611.235,11.235,0.58,2.73,0.57,23.5,0.6,20.0,0.61,76.0,0.4,24.36,0.39,76.0,0.41,35.22,0.42,15.5,0.02,0.01,2340.6041,1776189609000
1776189611.88,11.88,0.57,33.5,0.56,51.0,0.59,23.42,0.6,25.5,0.41,23.42,0.4,25.5,0.43,23.5,0.44,46.0,0.02,0.02,2340.6041,1776189609000
1776189612.657,12.657,0.58,200.59,0.57,43.5,0.59,4.23,0.6,94.19,0.41,4.23,0.4,94.19,0.42,200.59,0.43,43.5,0.01,0.01,2340.201461,1776189611000
1776189612.88,12.88,0.64,31.5,0.63,21.44,0.66,17.5,0.67,5.0,0.35,10.0,0.34,7.0,0.37,6.44,0.4,20.5,0.02,0.02,2340.201461,1776189611000
1776189613.23,13.23,0.64,31.5,0.63,21.44,0.66,17.5,0.67,5.0,0.34,17.5,0.33,5.0,0.36,31.5,0.37,21.44,0.02,0.02,2340.121,1776189612000
1776189613.451,13.451,0.66,91.88,0.65,58.5,0.7,15.0,0.71,5.0,0.31,1.34,0.3,15.5,0.34,91.88,0.35,58.5,0.04,0.03,2340.121,1776189612000
1776189613.709,13.709,0.69,50.0,0.68,33.5,0.7,17.49,0.71,5.0,0.3,19.07,0.29,5.0,0.31,10.0,0.32,25.5,0.01,0.01,2340.121,1776189612000
1776189614.053,14.053,0.69,41.85,0.68,38.5,0.7,127.49,0.71,110.0,0.3,17.49,0.29,5.0,0.31,50.0,0.32,33.5,0.01,0.01,2340.121,1776189612000
1776189614.352,14.352,0.69,10.0,0.68,15.0,0.7,111.33,0.71,180.0,0.3,127.49,0.29,110.0,0.31,41.85,0.32,38.5,0.01,0.01,2340.121,1776189612000
1776189614.975,14.975,0.68,5.2,0.67,78.5,0.7,15.5,0.71,80.0,0.3,15.5,0.29,80.0,0.32,5.2,0.33,78.5,0.02,0.02,2340.569694,1776189614000
1776189615.394,15.394,0.68,148.38,0.67,79.0,0.7,18.37,0.71,100.0,0.3,18.56,0.29,75.0,0.32,195.2,0.33,68.0,0.02,0.02,2340.569694,1776189614000
1776189615.784,15.784,0.68,166.13,0.67,129.0,0.7,0.37,0.71,121.0,0.3,0.37,0.29,105.0,0.31,15.0,0.32,148.38,0.02,0.01,2340.569694,1776189614000
1776189616.082,16.082,0.68,161.13,0.67,129.0,0.7,0.37,0.71,121.0,0.3,0.37,0.29,121.0,0.32,161.13,0.33,129.0,0.02,0.02,2341.117406,1776189615000
1776189616.456,16.456,0.67,10.0,0.66,266.0,0.68,58.52,0.69,104.8,0.31,63.66,0.3,75.0,0.32,35.0,0.33,35.0,0.01,0.01,2341.117406,1776189615000
1776189617.047,17.047,0.67,25.0,0.66,280.0,0.68,89.22,0.69,104.8,0.32,58.52,0.31,104.8,0.33,10.0,0.34,266.0,0.01,0.01,2341.117406,1776189615000
1776189617.374,17.374,0.67,20.0,0.66,285.0,0.68,89.22,0.69,104.8,0.32,89.22,0.31,104.8,0.33,25.0,0.34,280.0,0.01,0.01,2341.049822,1776189616000
1776189617.753,17.753,0.67,4.0,0.66,285.0,0.68,94.22,0.69,104.8,0.32,89.22,0.31,104.8,0.33,20.0,0.34,285.0,0.01,0.01,2341.049822,1776189616000
1776189618.057,18.057,0.66,110.0,0.65,50.0,0.67,86.16,0.68,343.41,0.32,94.22,0.31,104.8,0.33,4.0,0.34,285.0,0.01,0.01,2341.049822,1776189616000
1776189618.312,18.312,0.66,110.0,0.65,50.0,0.67,86.16,0.68,343.41,0.33,86.16,0.32,343.41,0.34,110.0,0.35,50.0,0.01,0.01,2340.921913,1776189617000
1776189618.745,18.745,0.64,56.0,0.63,26.94,0.65,13.81,0.66,29.19,0.33,86.16,0.32,350.41,0.36,241.5,0.37,31.94,0.01,0.03,2340.921913,1776189617000
1776189619.324,19.324,0.64,61.0,0.63,26.94,0.65,9.77,0.66,24.19,0.35,9.77,0.34,24.19,0.36,61.0,0.37,26.94,0.01,0.01,2340.7351,1776189618000
1776189619.892,19.892,0.64,30.5,0.63,16.0,0.65,8.34,0.66,64.69,0.35,9.77,0.34,24.19,0.36,61.0,0.37,26.94,0.01,0.01,2340.7351,1776189618000
1776189620.495,20.495,0.61,16.5,0.6,13.0,0.65,18.84,0.66,277.69,0.35,8.34,0.34,64.69,0.36,30.5,0.37,16.0,0.04,0.01,2340.619708,1776189619000
1776189621.143,21.143,0.61,16.5,0.6,13.0,0.65,18.84,0.66,277.69,0.35,18.84,0.34,277.69,0.39,16.5,0.4,13.0,0.04,0.04,2340.519437,1776189620000
1776189621.715,21.715,0.61,83.93,0.6,39.0,0.62,5.0,0.63,169.19,0.35,18.84,0.34,277.69,0.39,16.5,0.4,13.0,0.01,0.04,2340.519437,1776189620000
1776189622.041,22.041,0.61,93.93,0.6,34.0,0.62,2.12,0.63,169.19,0.38,5.0,0.37,169.19,0.39,83.93,0.4,39.0,0.01,0.01,2340.519437,1776189620000
1776189622.244,22.244,0.61,93.93,0.6,34.0,0.62,2.12,0.63,169.19,0.38,2.12,0.37,169.19,0.39,93.93,0.4,34.0,0.01,0.01,2340.41204,1776189621000
1776189622.455,22.455,0.61,91.36,0.6,214.0,0.62,2.12,0.63,169.19,0.38,2.12,0.37,169.19,0.39,93.93,0.4,34.0,0.01,0.01,2340.41204,1776189621000
1776189623.38,23.38,0.61,51.0,0.6,34.0,0.62,28.45,0.63,189.69,0.38,2.12,0.37,169.19,0.39,91.36,0.4,214.0,0.01,0.01,2340.41204,1776189621000
1776189623.6,23.6,0.61,25.46,0.6,39.5,0.62,83.45,0.63,179.69,0.38,33.45,0.37,189.69,0.39,36.0,0.4,18.0,0.01,0.01,2340.396598,1776189622000
1776189623.927,23.927,0.6,49.5,0.59,409.5,0.61,15.0,0.62,65.0,0.39,15.0,0.38,65.0,0.4,49.5,0.41,409.5,0.01,0.01,2340.396127,1776189623000
1776189624.353,24.353,0.6,236.5,0.59,229.5,0.61,5.0,0.62,44.19,0.39,5.0,0.38,44.19,0.4,239.0,0.41,229.5,0.01,0.01,2340.396127,1776189623000
1776189624.8,24.8,0.6,241.5,0.59,229.5,0.61,3.0,0.62,44.19,0.39,5.0,0.38,44.19,0.4,236.5,0.41,229.5,0.01,0.01,2340.396127,1776189623000
1776189625.183,25.183,0.6,241.5,0.59,229.5,0.61,3.0,0.62,44.19,0.39,3.0,0.38,44.19,0.4,241.5,0.41,229.5,0.01,0.01,2340.291832,1776189624000
1776189625.944,25.944,0.6,206.0,0.59,219.5,0.61,13.0,0.62,54.69,0.39,3.0,0.38,44.19,0.4,241.5,0.41,229.5,0.01,0.01,2340.291832,1776189624000
1776189626.685,26.685,0.6,206.0,0.59,219.5,0.61,13.0,0.62,54.69,0.39,13.0,0.38,54.69,0.4,206.0,0.41,219.5,0.01,0.01,2340.197374,1776189625000
1776189627.104,27.104,0.6,234.0,0.59,219.5,0.61,18.0,0.62,54.69,0.39,13.0,0.38,54.69,0.4,206.0,0.41,219.5,0.01,0.01,2340.197374,1776189625000
1776189627.544,27.544,0.62,39.5,0.61,33.5,0.63,65.25,0.65,10.0,0.39,18.0,0.38,54.69,0.4,234.0,0.41,219.5,0.01,0.01,2340.140248,1776189626000
1776189627.766,27.766,0.62,270.5,0.61,138.5,0.64,4.01,0.65,10.0,0.37,5.82,0.36,9.19,0.38,270.5,0.39,138.5,0.02,0.01,2340.140248,1776189626000
1776189628.081,28.081,0.63,306.0,0.62,185.5,0.66,20.0,0.67,35.0,0.36,4.01,0.35,10.0,0.38,270.5,0.39,138.5,0.03,0.02,2340.140248,1776189626000
1776189628.392,28.392,0.63,306.0,0.62,185.5,0.66,20.0,0.67,35.0,0.34,20.0,0.33,35.0,0.37,306.0,0.38,185.5,0.03,0.03,2340.130773,1776189627000
1776189628.984,28.984,0.66,36.55,0.65,208.5,0.67,45.0,0.68,20.0,0.33,45.0,0.32,20.0,0.34,36.55,0.35,208.5,0.01,0.01,2340.221125,1776189628000
1776189629.993,29.993,0.66,36.55,0.65,208.5,0.67,45.0,0.68,20.0,0.33,45.0,0.32,20.0,0.34,36.55,0.35,208.5,0.01,0.01,2340.636425,1776189629000
1776189630.593,30.593,0.66,53.94,0.65,155.5,0.7,30.0,0.71,10.0,0.32,10.0,0.31,10.0,0.34,179.16,0.35,163.5,0.04,0.02,2340.636425,1776189629000
1776189630.821,30.821,0.69,20.17,0.68,20.5,0.7,105.0,0.71,125.5,0.3,30.0,0.29,10.0,0.34,53.94,0.35,155.5,0.01,0.04,2340.636425,1776189629000
1776189631.188,31.188,0.68,0.46,0.67,10.0,0.7,100.0,0.71,135.5,0.3,100.0,0.29,135.5,0.32,0.46,0.33,10.0,0.02,0.02,2340.76181,1776189630000
1776189632.239,32.239,0.67,6.0,0.66,225.0,0.69,342.81,0.7,95.0,0.31,342.81,0.3,95.0,0.33,6.0,0.34,225.0,0.02,0.02,2340.95709,1776189631000
1776189632.602,32.602,0.67,26.15,0.66,219.5,0.68,115.0,0.69,120.0,0.31,342.81,0.3,95.0,0.33,6.0,0.34,225.0,0.01,0.02,2340.95709,1776189631000
1776189632.931,32.931,0.67,110.65,0.66,219.5,0.68,111.32,0.69,120.0,0.32,115.0,0.31,120.0,0.33,26.15,0.34,219.5,0.01,0.01,2340.95709,1776189631000
1776189633.257,33.257,0.67,146.65,0.66,219.5,0.68,113.5,0.69,110.0,0.32,111.32,0.31,120.0,0.33,110.65,0.34,219.5,0.01,0.01,2340.95709,1776189631000
1776189633.762,33.762,0.67,419.65,0.66,47.5,0.69,100.0,0.7,90.0,0.32,107.25,0.31,110.0,0.33,146.65,0.34,219.5,0.02,0.01,2340.926866,1776189632000
1776189634.321,34.321,0.67,419.65,0.66,47.5,0.69,88.0,0.7,90.0,0.31,88.0,0.3,90.0,0.33,419.65,0.34,47.5,0.02,0.02,2340.907699,1776189633000
1776189635.374,35.374,0.71,131.0,0.7,93.5,0.72,24.11,0.73,109.0,0.28,24.11,0.27,109.0,0.29,131.0,0.3,93.5,0.01,0.01,2341.025536,1776189634000
1776189635.697,35.697,0.71,7.0,0.7,208.0,0.72,60.5,0.73,119.5,0.28,24.11,0.27,109.0,0.29,131.0,0.3,93.5,0.01,0.01,2341.025536,1776189634000
1776189635.943,35.943,0.71,10.0,0.7,208.0,0.72,73.2,0.73,124.5,0.28,60.5,0.27,119.5,0.29,7.0,0.3,208.0,0.01,0.01,2341.025536,1776189634000
1776189636.827,36.827,0.71,41.68,0.7,228.5,0.72,66.76,0.73,134.5,0.28,66.76,0.27,124.5,0.29,20.0,0.3,208.0,0.01,0.01,2341.0803,1776189635000
1776189637.055,37.055,0.71,29.78,0.7,228.5,0.72,66.76,0.73,134.5,0.28,66.76,0.27,134.5,0.29,29.78,0.3,228.5,0.01,0.01,2341.178275,1776189636000
1776189637.263,37.263,0.71,54.78,0.7,228.5,0.72,0.26,0.73,85.0,0.28,38.26,0.27,124.5,0.29,29.78,0.3,228.5,0.01,0.01,2341.178275,1776189636000
1776189637.551,37.551,0.71,66.78,0.7,238.5,0.73,70.0,0.74,139.5,0.28,0.26,0.27,85.0,0.29,54.78,0.3,228.5,0.02,0.01,2341.178275,1776189636000
1776189637.87,37.87,0.7,28.0,0.69,218.5,0.72,25.0,0.73,105.5,0.28,25.0,0.27,90.0,0.29,32.88,0.3,28.0,0.02,0.01,2341.178275,1776189636000
1776189638.116,38.116,0.7,28.0,0.69,218.5,0.72,25.0,0.73,105.5,0.28,25.0,0.27,105.5,0.3,28.0,0.31,218.5,0.02,0.02,2341.18652,1776189637000
1776189638.434,38.434,0.72,5.57,0.71,329.5,0.73,35.0,0.74,134.5,0.28,25.0,0.27,105.5,0.3,28.0,0.31,218.5,0.01,0.02,2341.18652,1776189637000
1776189639.193,39.193,0.72,5.57,0.71,329.5,0.73,35.0,0.74,134.5,0.27,35.0,0.26,134.5,0.28,5.57,0.29,329.5,0.01,0.01,2341.247348,1776189638000
1776189639.926,39.926,0.7,199.9,0.69,35.0,0.73,62.5,0.74,374.5,0.27,35.0,0.26,134.5,0.28,5.57,0.29,329.5,0.03,0.01,2341.247348,1776189638000
1776189640.134,40.134,0.7,218.9,0.69,48.0,0.71,14.72,0.72,15.0,0.29,14.72,0.28,15.0,0.3,218.9,0.31,48.0,0.01,0.01,2341.247348,1776189638000
1776189640.764,40.764,0.7,248.9,0.69,58.0,0.71,6.66,0.72,15.0,0.29,6.66,0.28,15.0,0.3,248.9,0.31,58.0,0.01,0.01,2341.319221,1776189639000
1776189641.167,41.167,0.7,25.76,0.69,150.84,0.71,20.0,0.72,25.0,0.29,6.66,0.28,15.0,0.3,248.9,0.31,58.0,0.01,0.01,2341.319221,1776189639000
1776189641.654,41.654,0.7,25.76,0.69,150.84,0.71,20.0,0.72,25.0,0.29,20.0,0.28,25.0,0.3,25.76,0.31,150.84,0.01,0.01,2341.417711,1776189640000
1776189642.288,42.288,0.7,25.76,0.69,150.84,0.71,20.0,0.72,25.0,0.29,20.0,0.28,25.0,0.3,25.76,0.31,150.84,0.01,0.01,2341.364492,1776189641000
1776189642.867,42.867,0.71,252.5,0.7,140.73,0.73,10.0,0.74,149.0,0.28,3.61,0.27,10.0,0.29,277.5,0.3,145.73,0.02,0.01,2341.364492,1776189641000
1776189643.706,43.706,0.71,252.5,0.7,140.73,0.73,10.0,0.74,149.0,0.27,10.0,0.26,149.0,0.29,252.5,0.3,140.73,0.02,0.02,2341.352204,1776189642000
1776189643.966,43.966,0.72,93.35,0.71,244.5,0.73,10.0,0.74,134.0,0.27,10.0,0.26,149.0,0.29,252.5,0.3,140.73,0.01,0.02,2341.352204,1776189642000
1776189644.315,44.315,0.72,93.35,0.71,244.5,0.73,10.0,0.74,134.0,0.27,10.0,0.26,134.0,0.28,93.35,0.29,244.5,0.01,0.01,2341.398593,1776189643000
1776189644.815,44.815,0.73,423.5,0.72,162.62,0.74,56.0,0.75,100.0,0.27,10.0,0.26,134.0,0.28,93.35,0.29,244.5,0.01,0.01,2341.398593,1776189643000
1776189645.022,45.022,0.73,423.5,0.72,162.62,0.74,56.0,0.75,100.0,0.26,56.0,0.25,100.0,0.27,423.5,0.28,162.62,0.01,0.01,2341.45632,1776189644000
1776189645.439,45.439,0.73,453.5,0.72,132.29,0.74,9.64,0.75,100.0,0.26,56.0,0.25,100.0,0.27,423.5,0.28,162.62,0.01,0.01,2341.45632,1776189644000
1776189645.744,45.744,0.73,453.5,0.72,132.29,0.74,1.73,0.75,75.0,0.26,3.21,0.25,75.0,0.27,448.5,0.28,132.29,0.01,0.01,2341.45632,1776189644000
1776189646.34,46.34,0.73,453.5,0.72,132.29,0.74,1.73,0.75,75.0,0.26,1.73,0.25,75.0,0.27,453.5,0.28,132.29,0.01,0.01,2341.486065,1776189645000
1776189646.622,46.622,0.74,7.0,0.73,179.69,0.75,300.5,0.76,200.5,0.26,1.73,0.25,75.0,0.27,453.5,0.28,132.29,0.01,0.01,2341.486065,1776189645000
1776189646.981,46.981,0.73,174.69,0.72,220.0,0.75,300.5,0.76,200.5,0.25,300.5,0.24,200.5,0.27,174.69,0.28,220.0,0.02,0.02,2341.519056,1776189646000
1776189647.276,47.276,0.73,175.98,0.72,238.5,0.74,28.83,0.75,115.5,0.26,44.33,0.25,115.5,0.27,150.69,0.28,58.0,0.01,0.01,2341.519056,1776189646000
1776189647.958,47.958,0.75,8.0,0.74,56.0,0.76,175.0,0.77,70.3,0.26,28.83,0.25,115.5,0.27,193.27,0.28,238.5,0.01,0.01,2341.519056,1776189646000
1776189648.2,48.2,0.75,8.0,0.74,56.0,0.76,175.0,0.77,70.3,0.24,175.0,0.23,70.3,0.25,8.0,0.26,56.0,0.01,0.01,2341.573241,1776189647000
1776189648.454,48.454,0.75,3.0,0.74,11.0,0.76,335.5,0.77,95.8,0.24,175.0,0.23,70.3,0.25,8.0,0.26,56.0,0.01,0.01,2341.573241,1776189647000
1776189649.323,49.323,0.75,3.0,0.74,11.0,0.76,335.5,0.77,95.8,0.24,335.5,0.23,95.8,0.25,3.0,0.26,11.0,0.01,0.01,2341.567299,1776189648000
1776189649.539,49.539,0.75,53.91,0.73,134.58,0.76,50.5,0.77,296.8,0.24,335.5,0.23,95.8,0.25,3.0,0.26,11.0,0.01,0.01,2341.567299,1776189648000
1776189649.929,49.929,0.75,63.91,0.73,134.58,0.76,221.05,0.77,116.8,0.24,50.5,0.23,296.8,0.25,53.91,0.27,134.58,0.01,0.01,2341.567299,1776189648000
1776189650.53,50.53,0.73,128.58,0.72,20.0,0.76,299.23,0.77,145.8,0.24,237.73,0.23,116.8,0.25,63.91,0.27,134.58,0.03,0.01,2341.567299,1776189648000
1776189650.968,50.968,0.73,99.16,0.72,20.0,0.74,28.0,0.75,15.0,0.26,28.0,0.25,15.0,0.27,99.16,0.28,20.0,0.01,0.01,2341.55725,1776189649000
1776189651.318,51.318,0.73,98.03,0.71,205.5,0.74,129.5,0.75,54.7,0.26,129.5,0.25,35.5,0.27,96.74,0.29,10.0,0.01,0.01,2341.55725,1776189649000
1776189651.666,51.666,0.73,79.51,0.71,205.5,0.74,129.5,0.75,54.7,0.26,129.5,0.25,54.7,0.27,79.51,0.29,205.5,0.01,0.01,2341.483335,1776189650000
1776189652.347,52.347,0.73,79.51,0.71,205.5,0.74,129.5,0.75,54.7,0.26,129.5,0.25,54.7,0.27,79.51,0.29,205.5,0.01,0.01,2341.453847,1776189651000
1776189652.617,52.617,0.73,89.51,0.72,52.49,0.74,86.87,0.75,253.7,0.26,92.87,0.25,73.7,0.27,89.51,0.28,62.49,0.01,0.01,2341.453847,1776189651000
1776189652.891,52.891,0.73,89.51,0.72,57.49,0.74,96.51,0.75,274.7,0.26,86.87,0.25,253.7,0.27,89.51,0.28,52.49,0.01,0.01,2341.453847,1776189651000
1776189653.844,53.844,0.73,80.17,0.72,52.49,0.74,320.51,0.75,75.7,0.26,96.51,0.25,274.7,0.27,89.51,0.28,57.49,0.01,0.01,2341.372615,1776189652000
1776189654.448,54.448,0.73,80.17,0.72,52.49,0.74,320.51,0.75,75.7,0.26,320.51,0.25,75.7,0.27,80.17,0.28,52.49,0.01,0.01,2341.368228,1776189653000
1776189654.952,54.952,0.73,116.17,0.72,72.99,0.74,77.29,0.75,255.7,0.26,320.51,0.25,75.7,0.27,80.17,0.28,52.49,0.01,0.01,2341.368228,1776189653000
1776189655.459,55.459,0.73,32.94,0.7,55.0,0.74,171.29,0.75,132.7,0.26,87.29,0.25,255.7,0.27,64.13,0.28,72.99,0.01,0.01,2341.368402,1776189654000
1776189656.417,56.417,0.7,55.5,0.69,254.5,0.71,2.6,0.72,17.0,0.26,132.29,0.25,132.7,0.3,55.0,0.31,54.0,0.01,0.04,2341.368402,1776189654000
1776189656.628,56.628,0.7,120.79,0.69,254.5,0.71,1.19,0.72,17.0,0.29,1.19,0.28,17.0,0.3,120.79,0.31,254.5,0.01,0.01,2341.372985,1776189655000
1776189657.221,57.221,0.7,120.79,0.69,254.5,0.71,1.19,0.72,17.0,0.29,1.19,0.28,17.0,0.3,120.79,0.31,254.5,0.01,0.01,2341.213581,1776189656000
1776189657.653,57.653,0.7,305.79,0.69,79.5,0.71,9.9,0.72,12.0,0.29,1.19,0.28,17.0,0.3,120.79,0.31,254.5,0.01,0.01,2341.213581,1776189656000
1776189658.305,58.305,0.7,305.79,0.69,79.5,0.71,9.9,0.72,12.0,0.29,9.9,0.28,12.0,0.3,305.79,0.31,79.5,0.01,0.01,2341.176557,1776189657000
1776189658.506,58.506,0.7,95.37,0.69,259.5,0.71,24.9,0.72,22.0,0.29,24.9,0.28,22.0,0.3,94.79,0.31,259.5,0.01,0.01,2341.176557,1776189657000
1776189658.911,58.911,0.7,95.37,0.69,259.5,0.71,24.9,0.72,22.0,0.29,24.9,0.28,22.0,0.3,95.37,0.31,259.5,0.01,0.01,2341.300173,1776189658000
1776189659.156,59.156,0.7,116.37,0.69,286.5,0.71,58.15,0.72,17.0,0.29,44.49,0.28,17.0,0.3,123.37,0.31,279.5,0.01,0.01,2341.300173,1776189658000
1776189659.725,59.725,0.7,448.37,0.69,74.5,0.71,13.15,0.72,12.0,0.29,58.15,0.28,17.0,0.3,116.37,0.31,286.5,0.01,0.01,2341.300173,1776189658000
1776189660.003,60.003,0.7,443.37,0.69,69.5,0.71,10.1,0.72,12.0,0.29,13.15,0.28,12.0,0.3,448.37,0.31,74.5,0.01,0.01,2341.300173,1776189658000
1776189660.236,60.236,0.7,438.37,0.69,69.5,0.71,0.1,0.72,12.0,0.29,0.1,0.28,12.0,0.3,438.37,0.31,69.5,0.01,0.01,2341.274421,1776189659000
1776189660.45,60.45,0.71,261.5,0.7,263.37,0.72,2.16,0.74,92.29,0.28,7.16,0.26,97.29,0.3,433.37,0.31,69.5,0.01,0.02,2341.274421,1776189659000
1776189660.774,60.774,0.71,281.5,0.7,258.37,0.74,73.03,0.75,188.7,0.28,0.77,0.26,92.29,0.29,271.5,0.3,258.37,0.03,0.01,2341.274421,1776189659000
1776189661.08,61.08,0.72,26.0,0.71,276.5,0.73,1.65,0.74,78.03,0.26,73.03,0.25,188.7,0.29,281.5,0.3,258.37,0.01,0.03,2341.274421,1776189659000
1776189661.358,61.358,0.72,26.0,0.71,276.5,0.73,1.65,0.74,78.03,0.27,1.65,0.26,78.03,0.28,26.0,0.29,276.5,0.01,0.01,2341.287529,1776189660000
1776189661.705,61.705,0.72,65.17,0.71,82.38,0.73,19.28,0.74,67.22,0.26,67.22,0.25,129.7,0.28,46.0,0.29,276.5,0.01,0.02,2341.287529,1776189660000
1776189661.962,61.962,0.72,65.17,0.71,82.38,0.73,19.28,0.74,67.22,0.27,19.28,0.26,67.22,0.28,65.17,0.29,82.38,0.01,0.01,2341.311211,1776189661000
1776189662.334,62.334,0.72,80.17,0.71,72.38,0.73,24.78,0.74,67.22,0.27,19.28,0.26,67.22,0.28,65.17,0.29,82.38,0.01,0.01,2341.311211,1776189661000
1776189662.578,62.578,0.72,80.17,0.71,72.38,0.73,21.87,0.74,67.22,0.27,23.38,0.26,67.22,0.28,80.17,0.29,72.38,0.01,0.01,2341.311211,1776189661000
1776189662.84,62.84,0.72,76.24,0.71,82.88,0.73,41.36,0.74,247.22,0.27,20.36,0.26,67.22,0.28,75.17,0.29,72.38,0.01,0.01,2341.311211,1776189661000
1776189663.072,63.072,0.72,86.24,0.71,82.88,0.73,15.37,0.74,247.22,0.27,16.74,0.26,247.22,0.28,76.24,0.29,82.88,0.01,0.01,2341.317548,1776189662000
1776189663.452,63.452,0.72,13.0,0.71,26.38,0.73,68.6,0.74,160.22,0.27,15.3,0.26,247.22,0.28,86.24,0.29,82.88,0.01,0.01,2341.317548,1776189662000
1776189663.917,63.917,0.69,44.0,0.68,10.0,0.72,306.89,0.73,104.6,0.27,78.6,0.26,160.22,0.29,21.38,0.3,10.0,0.03,0.02,2341.317548,1776189662000
1776189664.214,64.214,0.69,44.0,0.68,10.0,0.72,306.89,0.73,104.6,0.28,306.89,0.27,104.6,0.31,44.0,0.32,10.0,0.03,0.03,2341.308463,1776189663000
1776189664.485,64.485,0.69,17.0,0.65,115.0,0.7,294.16,0.71,99.5,0.3,133.16,0.29,239.0,0.31,24.0,0.34,7.0,0.01,0.01,2341.308463,1776189663000
1776189664.707,64.707,0.64,90.0,0.63,100.0,0.65,5.0,0.66,5.0,0.32,3.91,0.31,77.0,0.36,90.0,0.37,385.0,0.01,0.04,2341.308463,1776189663000
1776189665.323,65.323,0.64,3.05,0.63,50.0,0.65,54.1,0.66,91.5,0.35,8.6,0.34,60.0,0.36,45.0,0.37,100.0,0.01,0.01,2341.308463,1776189663000
1776189665.664,65.664,0.62,85.0,0.61,287.5,0.65,44.38,0.66,271.5,0.35,44.38,0.34,271.5,0.38,85.0,0.39,287.5,0.03,0.03,2341.10765,1776189664000
1776189666.06,66.06,0.62,95.0,0.61,267.0,0.63,78.34,0.64,25.5,0.37,78.34,0.36,25.5,0.38,95.0,0.39,267.0,0.01,0.01,2340.731763,1776189665000
1776189666.416,66.416,0.62,95.0,0.61,267.0,0.63,263.34,0.64,102.5,0.37,78.34,0.36,25.5,0.38,95.0,0.39,267.0,0.01,0.01,2340.731763,1776189665000
1776189666.841,66.841,0.62,95.0,0.61,287.5,0.63,242.7,0.64,102.5,0.37,263.34,0.36,102.5,0.38,95.0,0.39,267.0,0.01,0.01,2340.731763,1776189665000
1776189667.238,67.238,0.62,100.0,0.61,287.5,0.63,246.11,0.64,102.5,0.37,246.11,0.36,102.5,0.38,100.0,0.39,287.5,0.01,0.01,2340.614789,1776189666000
1776189668.053,68.053,0.62,120.5,0.61,472.5,0.63,64.84,0.64,95.5,0.37,246.11,0.36,102.5,0.38,100.0,0.39,287.5,0.01,0.01,2340.614789,1776189666000
1776189668.361,68.361,0.62,120.5,0.61,472.5,0.63,46.99,0.64,95.5,0.37,46.99,0.36,95.5,0.38,120.5,0.39,472.5,0.01,0.01,2340.279394,1776189667000
1776189669.036,69.036,0.62,125.5,0.61,477.5,0.65,322.6,0.66,121.5,0.35,322.6,0.34,121.5,0.38,125.5,0.39,477.5,0.03,0.03,2340.271235,1776189668000
1776189670.119,70.119,0.62,125.5,0.61,477.5,0.65,322.6,0.66,121.5,0.35,322.6,0.34,121.5,0.38,125.5,0.39,477.5,0.03,0.03,2340.330951,1776189669000
1776189670.846,70.846,0.63,289.5,0.62,397.0,0.65,25.0,0.67,5.0,0.35,322.6,0.34,121.5,0.38,125.5,0.39,477.5,0.02,0.03,2340.330951,1776189669000
1776189671.461,71.461,0.66,166.5,0.65,305.5,0.7,50.0,0.71,101.0,0.35,25.0,0.33,5.0,0.37,289.5,0.38,397.0,0.04,0.02,2340.330951,1776189669000
1776189671.942,71.942,0.66,166.5,0.65,305.5,0.7,50.0,0.71,101.0,0.3,50.0,0.29,101.0,0.34,166.5,0.35,305.5,0.04,0.04,2340.364884,1776189671000
1776189672.433,72.433,0.69,115.0,0.68,25.5,0.7,20.0,0.71,96.0,0.3,50.0,0.29,101.0,0.34,166.5,0.35,305.5,0.01,0.04,2340.364884,1776189671000
1776189673.827,73.827,0.69,115.0,0.68,25.5,0.7,20.0,0.71,96.0,0.3,20.0,0.29,96.0,0.31,115.0,0.32,25.5,0.01,0.01,2340.778614,1776189672000
1776189674.027,74.027,0.69,90.0,0.68,40.5,0.7,35.0,0.71,228.5,0.3,20.0,0.29,96.0,0.31,115.0,0.32,25.5,0.01,0.01,2340.778614,1776189672000
1776189674.246,74.246,0.69,90.0,0.68,40.5,0.7,35.0,0.71,228.5,0.3,35.0,0.29,228.5,0.31,90.0,0.32,40.5,0.01,0.01,2340.788835,1776189673000
1776189674.54,74.54,0.69,90.0,0.68,40.5,0.7,25.0,0.71,228.5,0.3,35.0,0.29,228.5,0.31,90.0,0.32,40.5,0.01,0.01,2340.788835,1776189673000
1776189675.821,75.821,0.69,90.0,0.68,40.5,0.7,25.0,0.71,228.5,0.3,25.0,0.29,228.5,0.31,90.0,0.32,40.5,0.01,0.01,2340.819558,1776189674000
1776189676.398,76.398,0.69,90.0,0.68,40.5,0.7,25.0,0.71,228.5,0.3,25.0,0.29,228.5,0.31,90.0,0.32,40.5,0.01,0.01,2340.841924,1776189675000
1776189676.981,76.981,0.69,90.0,0.68,40.5,0.7,25.0,0.71,228.5,0.3,25.0,0.29,228.5,0.31,90.0,0.32,40.5,0.01,0.01,2340.859047,1776189676000
1776189677.345,77.345,0.69,35.83,0.68,10.0,0.7,75.5,0.71,332.5,0.3,25.0,0.29,228.5,0.31,90.0,0.32,40.5,0.01,0.01,2340.859047,1776189676000
1776189677.74,77.74,0.69,59.33,0.68,30.5,0.7,220.0,0.71,117.0,0.3,75.5,0.29,332.5,0.31,24.83,0.32,10.0,0.01,0.01,2340.859047,1776189676000
1776189678.099,78.099,0.69,63.83,0.68,30.5,0.7,218.57,0.71,127.0,0.3,218.57,0.29,127.0,0.31,63.83,0.32,30.5,0.01,0.01,2340.871226,1776189677000
1776189678.434,78.434,0.68,30.5,0.67,35.5,0.7,213.57,0.71,60.5,0.3,218.57,0.29,127.0,0.31,63.83,0.32,30.5,0.02,0.01,2340.871226,1776189677000
1776189678.686,78.686,0.69,199.5,0.68,30.5,0.71,10.0,0.72,20.0,0.3,213.57,0.29,60.5,0.32,30.5,0.33,35.5,0.02,0.02,2340.871226,1776189677000
1776189678.973,78.973,0.72,27.0,0.71,107.5,0.75,3.93,0.76,30.0,0.29,10.0,0.28,20.0,0.31,199.5,0.32,30.5,0.03,0.02,2340.871226,1776189677000
1776189679.424,79.424,0.74,10.0,0.73,15.0,0.77,130.0,0.78,110.0,0.23,130.0,0.22,110.0,0.26,10.0,0.27,15.0,0.03,0.03,2340.792843,1776189678000
1776189679.925,79.925,0.76,127.0,0.75,128.0,0.77,10.0,0.78,70.0,0.23,60.0,0.22,115.0,0.24,158.75,0.25,142.5,0.01,0.01,2340.792843,1776189678000
1776189681.179,81.179,0.76,127.0,0.75,128.0,0.77,5.25,0.78,70.0,0.23,5.25,0.22,70.0,0.24,127.0,0.25,128.0,0.01,0.01,2341.509934,1776189680000
1776189681.65,81.65,0.77,213.95,0.76,129.5,0.78,193.0,0.79,201.7,0.22,190.0,0.21,201.7,0.23,198.95,0.24,129.5,0.01,0.01,2341.509934,1776189680000
1776189682.311,82.311,0.77,211.05,0.76,139.59,0.78,30.0,0.79,270.0,0.22,193.0,0.21,201.7,0.23,213.95,0.24,129.5,0.01,0.01,2341.509934,1776189680000
1776189682.594,82.594,0.77,175.55,0.76,139.59,0.78,25.0,0.79,275.0,0.22,30.0,0.21,270.0,0.23,211.05,0.24,139.59,0.01,0.01,2341.509934,1776189680000
1776189683.351,83.351,0.77,470.57,0.76,219.59,0.78,4.0,0.79,80.0,0.22,35.0,0.21,275.0,0.23,137.07,0.24,139.59,0.01,0.01,2341.509934,1776189680000
1776189683.563,83.563,0.78,461.5,0.77,264.57,0.8,122.0,0.81,10.0,0.21,20.0,0.2,130.0,0.23,470.57,0.24,325.26,0.02,0.02,2341.509934,1776189680000
1776189684.063,84.063,0.78,461.5,0.77,264.57,0.8,122.0,0.81,10.0,0.2,122.0,0.19,10.0,0.22,461.5,0.23,264.57,0.02,0.02,2341.63414,1776189681000
1776189684.313,84.313,0.78,461.5,0.77,264.57,0.8,122.0,0.81,10.0,0.2,122.0,0.19,10.0,0.22,461.5,0.23,264.57,0.02,0.02,2341.63965,1776189683000
1776189684.873,84.873,0.79,266.73,0.78,178.5,0.8,127.0,0.81,10.0,0.2,122.0,0.19,10.0,0.22,461.5,0.23,264.57,0.01,0.02,2341.63965,1776189683000
1776189685.077,85.077,0.81,105.0,0.8,115.0,0.82,55.5,0.83,198.5,0.19,20.0,0.18,255.5,0.21,174.5,0.22,202.5,0.01,0.02,2341.63965,1776189683000
1776189685.351,85.351,0.81,105.0,0.8,115.0,0.82,55.4,0.83,198.5,0.18,55.4,0.17,198.5,0.19,105.0,0.2,115.0,0.01,0.01,2341.780817,1776189684000
1776189685.571,85.571,0.81,210.21,0.8,330.5,0.82,5.61,0.83,204.5,0.18,185.31,0.17,209.5,0.19,210.45,0.2,125.5,0.01,0.01,2341.780817,1776189684000
1776189685.818,85.818,0.82,126.66,0.81,127.76,0.83,180.0,0.84,189.3,0.18,2.57,0.17,204.5,0.19,210.21,0.2,330.5,0.01,0.01,2341.780817,1776189684000
1776189686.117,86.117,0.82,154.66,0.81,142.76,0.83,185.68,0.84,189.3,0.17,156.14,0.16,189.3,0.18,131.66,0.19,127.76,0.01,0.01,2342.01968,1776189685000
1776189687.159,87.159,0.82,845.14,0.81,246.66,0.83,14.88,0.84,281.8,0.17,14.88,0.16,281.8,0.18,845.14,0.19,246.66,0.01,0.01,2342.153319,1776189686000
1776189687.528,87.528,0.83,484.54,0.82,303.92,0.84,214.11,0.85,130.7,0.17,14.88,0.16,281.8,0.18,845.14,0.19,246.66,0.01,0.01,2342.153319,1776189686000
1776189687.806,87.806,0.83,855.97,0.82,358.36,0.84,228.11,0.85,130.7,0.16,199.11,0.15,130.7,0.17,120.0,0.18,249.48,0.01,0.01,2342.153319,1776189686000
1776189688.028,88.028,0.83,479.51,0.82,249.48,0.84,221.08,0.85,130.7,0.16,226.08,0.15,130.7,0.17,110.0,0.18,249.48,0.01,0.01,2342.153319,1776189686000
1776189688.279,88.279,0.83,359.15,0.82,188.42,0.84,241.58,0.85,156.7,0.16,241.58,0.15,156.7,0.17,359.15,0.18,188.42,0.01,0.01,2342.248758,1776189687000
1776189688.562,88.562,0.83,10.0,0.82,128.98,0.84,280.38,0.85,146.7,0.16,261.58,0.15,146.7,0.17,271.04,0.18,183.42,0.01,0.01,2342.248758,1776189687000
1776189688.809,88.809,0.82,339.52,0.81,172.41,0.83,235.5,0.84,171.38,0.16,280.38,0.15,146.7,0.17,10.0,0.18,128.98,0.01,0.01,2342.248758,1776189687000
1776189689.416,89.416,0.82,119.31,0.81,119.26,0.83,267.73,0.84,171.38,0.17,267.73,0.16,171.38,0.18,119.31,0.19,119.26,0.01,0.01,2342.390467,1776189688000
1776189689.655,89.655,0.82,224.31,0.81,109.26,0.83,249.42,0.84,186.38,0.17,267.73,0.16,171.38,0.18,119.31,0.19,119.26,0.01,0.01,2342.390467,1776189688000
1776189690.118,90.118,0.82,115.0,0.81,109.26,0.83,216.34,0.84,167.81,0.17,249.42,0.16,186.38,0.18,224.31,0.19,109.26,0.01,0.01,2342.390467,1776189688000
1776189690.954,90.954,0.82,531.97,0.81,186.21,0.83,117.88,0.84,149.61,0.17,201.73,0.16,152.81,0.18,440.99,0.19,161.21,0.01,0.01,2342.349323,1776189689000
1776189691.211,91.211,0.82,463.49,0.81,186.21,0.83,127.88,0.84,154.61,0.17,117.88,0.16,149.61,0.18,531.97,0.19,186.21,0.01,0.01,2342.349323,1776189689000
1776189691.574,91.574,0.82,184.1,0.81,329.76,0.83,10.0,0.84,51.8,0.17,127.88,0.16,154.61,0.18,463.49,0.19,186.21,0.01,0.01,2342.199572,1776189690000
1776189692.405,92.405,0.82,211.2,0.81,329.76,0.83,20.0,0.84,51.8,0.17,20.0,0.16,51.8,0.18,211.2,0.19,329.76,0.01,0.01,2342.155449,1776189691000
1776189692.607,92.607,0.82,544.7,0.81,286.76,0.83,20.28,0.84,10.0,0.17,20.0,0.16,51.8,0.18,211.2,0.19,329.76,0.01,0.01,2342.155449,1776189691000
1776189692.948,92.948,0.82,645.78,0.81,206.76,0.85,21.4,0.86,70.0,0.15,21.4,0.14,70.0,0.18,645.78,0.19,206.76,0.03,0.03,2342.15524,1776189692000
1776189693.277,93.277,0.83,10.5,0.82,503.78,0.85,6.84,0.86,80.5,0.16,5.44,0.15,21.4,0.18,498.78,0.19,149.76,0.02,0.02,2342.15524,1776189692000
1776189694.001,94.001,0.84,107.22,0.83,105.0,0.85,238.57,0.86,132.5,0.15,6.84,0.14,80.5,0.17,10.5,0.18,503.78,0.01,0.02,2342.15524,1776189692000
1776189694.744,94.744,0.82,133.28,0.81,109.26,0.85,338.07,0.86,151.5,0.15,238.57,0.14,132.5,0.16,107.22,0.17,105.0,0.03,0.01,2342.173417,1776189693000
1776189694.962,94.962,0.82,134.83,0.81,109.26,0.83,49.73,0.84,297.5,0.17,30.5,0.16,127.5,0.18,129.83,0.19,104.26,0.01,0.01,2342.173417,1776189693000
1776189695.559,95.559,0.82,196.83,0.81,119.26,0.83,43.0,0.84,307.5,0.17,49.73,0.16,297.5,0.18,134.83,0.19,109.26,0.01,0.01,2342.420763,1776189694000
1776189695.868,95.868,0.82,211.24,0.81,119.26,0.83,233.0,0.84,127.5,0.17,43.0,0.16,307.5,0.18,196.83,0.19,119.26,0.01,0.01,2342.420763,1776189694000
1776189696.069,96.069,0.82,153.27,0.81,30.0,0.83,93.76,0.84,237.5,0.17,94.98,0.16,237.5,0.18,1018.45,0.19,133.9,0.01,0.01,2342.420763,1776189694000
1776189696.275,96.275,0.82,519.46,0.81,81.95,0.83,185.27,0.84,237.5,0.17,187.84,0.16,237.5,0.18,519.5,0.19,81.95,0.01,0.01,2342.233175,1776189695000
1776189696.536,96.536,0.82,436.45,0.81,81.95,0.83,207.1,0.84,237.5,0.17,185.27,0.16,237.5,0.18,519.46,0.19,81.95,0.01,0.01,2342.233175,1776189695000
1776189696.908,96.908,0.82,849.82,0.81,233.9,0.83,202.5,0.84,164.3,0.17,23.15,0.16,237.5,0.18,105.44,0.19,30.0,0.01,0.01,2342.233175,1776189695000
1776189697.289,97.289,0.82,214.88,0.81,130.0,0.83,202.5,0.84,164.3,0.17,202.5,0.16,164.3,0.18,214.88,0.19,130.0,0.01,0.01,2342.047366,1776189696000
1776189697.687,97.687,0.82,263.81,0.81,66.95,0.83,255.51,0.84,109.3,0.17,107.01,0.16,164.3,0.18,517.14,0.19,181.95,0.01,0.01,2342.047366,1776189696000
1776189698.438,98.438,0.81,24.95,0.8,100.0,0.82,51.61,0.83,246.45,0.18,51.61,0.17,246.45,0.19,24.95,0.2,100.0,0.01,0.01,2341.965846,1776189697000
1776189698.768,98.768,0.78,300.5,0.77,157.57,0.81,166.31,0.82,266.01,0.18,51.61,0.17,246.45,0.19,24.95,0.2,100.0,0.03,0.01,2341.965846,1776189697000
1776189699.362,99.362,0.78,320.5,0.77,157.57,0.8,134.05,0.81,124.31,0.19,166.31,0.18,266.01,0.22,300.5,0.23,157.57,0.02,0.03,2341.910047,1776189698000
1776189699.893,99.893,0.78,320.5,0.77,157.57,0.8,134.05,0.81,124.31,0.2,134.05,0.19,124.31,0.22,320.5,0.23,157.57,0.02,0.02,2341.827167,1776189699000
1776189700.803,100.803,0.8,20.0,0.79,310.5,0.81,123.06,0.82,81.4,0.2,6.3,0.19,196.31,0.22,310.0,0.23,157.57,0.01,0.02,2341.827167,1776189699000
1776189701.958,101.958,0.8,459.39,0.79,125.0,0.81,117.06,0.82,91.4,0.19,117.06,0.18,91.4,0.2,459.39,0.21,125.0,0.01,0.01,2341.653247,1776189701000
1776189702.471,102.471,0.79,358.5,0.78,140.5,0.8,30.0,0.82,119.25,0.19,117.06,0.18,91.4,0.2,459.39,0.21,125.0,0.01,0.01,2341.653247,1776189701000
1776189703.536,103.536,0.79,350.5,0.78,140.5,0.8,9.76,0.82,141.25,0.2,13.0,0.18,119.25,0.21,358.5,0.22,140.5,0.01,0.01,2341.653247,1776189701000
1776189704.455,104.455,0.79,341.28,0.78,140.5,0.8,7.73,0.81,10.0,0.2,7.73,0.19,10.0,0.21,341.28,0.22,140.5,0.01,0.01,2341.793564,1776189703000
1776189704.782,104.782,0.79,126.4,0.78,115.0,0.8,65.0,0.81,125.5,0.2,7.73,0.19,10.0,0.21,341.28,0.22,140.5,0.01,0.01,2341.793564,1776189703000
1776189705.275,105.275,0.79,76.11,0.78,115.0,0.8,85.05,0.81,135.5,0.2,85.05,0.19,135.5,0.21,76.11,0.22,115.0,0.01,0.01,2341.746384,1776189704000
1776189705.999,105.999,0.78,210.5,0.77,196.57,0.79,6.55,0.8,131.0,0.2,204.05,0.19,126.9,0.22,6.0,0.23,236.07,0.01,0.02,2341.746384,1776189704000
1776189706.24,106.24,0.78,215.5,0.77,196.57,0.79,4.39,0.8,131.0,0.21,6.55,0.2,131.0,0.22,210.5,0.23,196.57,0.01,0.01,2341.746384,1776189704000
1776189706.736,106.736,0.78,215.5,0.77,196.57,0.79,4.39,0.8,131.0,0.21,4.39,0.2,131.0,0.22,215.5,0.23,196.57,0.01,0.01,2341.719205,1776189705000
1776189707.22,107.22,0.78,429.5,0.77,233.57,0.79,18.73,0.8,10.0,0.21,4.39,0.2,131.0,0.22,215.5,0.23,196.57,0.01,0.01,2341.719205,1776189705000
1776189707.612,107.612,0.81,20.78,0.8,134.27,0.83,274.18,0.84,122.3,0.17,53.24,0.16,122.3,0.18,35.0,0.19,39.0,0.02,0.01,2341.542491,1776189706000
1776189707.868,107.868,0.81,55.12,0.8,648.91,0.83,90.18,0.84,111.8,0.17,274.18,0.16,122.3,0.19,20.78,0.2,134.27,0.02,0.02,2341.542491,1776189706000
1776189708.17,108.17,0.82,249.27,0.81,156.5,0.83,10.0,0.84,84.8,0.17,10.0,0.16,84.8,0.18,249.27,0.19,156.5,0.01,0.01,2341.580172,1776189707000
1776189708.479,108.479,0.83,129.5,0.82,1087.67,0.84,28.62,0.86,84.9,0.17,10.0,0.16,84.8,0.18,249.27,0.19,156.5,0.01,0.01,2341.580172,1776189707000
1776189709.43,109.43,0.83,215.5,0.82,411.77,0.86,84.9,0.87,389.8,0.14,84.9,0.13,389.8,0.17,215.5,0.18,411.77,0.03,0.03,2341.773205,1776189708000
1776189709.654,109.654,0.85,264.89,0.84,380.0,0.86,72.11,0.87,382.8,0.14,64.9,0.13,382.8,0.15,891.13,0.16,440.5,0.01,0.01,2341.773205,1776189708000
1776189709.859,109.859,0.85,254.02,0.84,319.5,0.86,67.02,0.87,382.8,0.14,68.64,0.13,382.8,0.15,249.02,0.16,319.5,0.01,0.01,2341.773205,1776189708000
1776189710.159,110.159,0.85,392.83,0.84,176.5,0.86,5.0,0.87,300.0,0.14,67.02,0.13,382.8,0.15,254.02,0.16,319.5,0.01,0.01,2342.0226,1776189709000
1776189710.947,110.947,0.86,353.5,0.85,188.5,0.88,35.0,0.89,136.79,0.13,300.0,0.12,69.1,0.15,397.83,0.16,176.5,0.02,0.02,2342.0226,1776189709000
1776189711.439,111.439,0.86,353.5,0.85,188.5,0.88,35.0,0.89,136.79,0.12,35.0,0.11,136.79,0.14,353.5,0.15,188.5,0.02,0.02,2342.262065,1776189710000
1776189711.75,111.75,0.86,130.5,0.85,147.5,0.88,2.0,0.89,115.97,0.12,35.0,0.11,136.79,0.14,353.5,0.15,188.5,0.02,0.02,2342.262065,1776189710000
1776189712.054,112.054,0.85,132.3,0.84,152.5,0.88,12.0,0.89,115.97,0.12,12.0,0.11,115.97,0.15,132.3,0.16,152.5,0.03,0.03,2342.343215,1776189711000
1776189712.27,112.27,0.86,10.0,0.85,30.3,0.88,10.0,0.89,115.97,0.12,12.0,0.11,115.97,0.15,132.3,0.16,152.5,0.02,0.03,2342.343215,1776189711000
1776189713.332,113.332,0.86,15.0,0.85,40.3,0.87,1.0,0.88,10.0,0.13,1.0,0.12,10.0,0.14,15.0,0.15,40.3,0.01,0.01,2342.689808,1776189712000
1776189713.969,113.969,0.86,15.0,0.85,40.3,0.87,1.0,0.88,10.0,0.13,1.0,0.12,10.0,0.14,15.0,0.15,40.3,0.01,0.01,2342.615019,1776189713000
1776189715.384,115.384,0.87,28.37,0.86,47.5,0.88,120.41,0.89,186.79,0.12,120.41,0.11,186.79,0.13,28.37,0.14,47.5,0.01,0.01,2342.673442,1776189714000
1776189715.598,115.598,0.89,50.85,0.88,15.0,0.9,65.7,0.91,169.0,0.1,93.7,0.09,169.0,0.11,25.35,0.13,365.37,0.01,0.01,2342.673442,1776189714000
1776189716.03,116.03,0.89,152.85,0.88,237.0,0.9,48.02,0.91,169.0,0.1,65.7,0.09,169.0,0.11,50.85,0.12,15.0,0.01,0.01,2342.673442,1776189714000
1776189716.427,116.427,0.89,330.85,0.88,57.0,0.9,42.53,0.91,169.0,0.1,48.02,0.09,169.0,0.11,152.85,0.12,237.0,0.01,0.01,2342.779601,1776189715000
1776189716.751,116.751,0.9,301.5,0.89,127.85,0.91,59.6,0.92,196.9,0.09,138.5,0.08,196.9,0.1,31.5,0.11,322.85,0.01,0.01,2342.779601,1776189715000
1776189717.242,117.242,0.9,36.0,0.89,235.85,0.91,84.43,0.92,201.9,0.09,59.6,0.08,196.9,0.1,301.5,0.11,127.85,0.01,0.01,2342.779601,1776189715000
1776189717.759,117.759,0.9,16.0,0.89,6.0,0.91,253.53,0.92,241.9,0.09,70.43,0.08,201.9,0.1,41.0,0.11,240.85,0.01,0.01,2342.84785,1776189716000
1776189718.022,118.022,0.87,35.5,0.86,42.5,0.91,205.33,0.92,141.9,0.09,225.82,0.08,141.9,0.13,35.5,0.14,42.5,0.04,0.04,2342.84785,1776189716000
1776189718.296,118.296,0.88,20.0,0.87,40.5,0.9,22.53,0.91,243.33,0.09,205.33,0.08,141.9,0.13,35.5,0.14,42.5,0.02,0.04,2343.14118,1776189717000
1776189718.522,118.522,0.87,36.5,0.86,37.5,0.89,5.0,0.9,22.53,0.1,22.53,0.09,248.33,0.12,4.0,0.13,40.5,0.02,0.02,2343.14118,1776189717000
1776189718.783,118.783,0.89,29.87,0.88,10.0,0.9,5.0,0.91,293.33,0.1,24.0,0.09,263.33,0.12,10.0,0.13,31.5,0.01,0.02,2343.14118,1776189717000
1776189719.452,119.452,0.89,34.87,0.88,10.0,0.91,224.6,0.92,155.9,0.09,224.6,0.08,155.9,0.11,34.87,0.12,10.0,0.02,0.02,2343.048526,1776189718000
1776189719.714,119.714,0.9,18.0,0.89,29.87,0.91,308.1,0.92,183.9,0.09,299.2,0.08,188.9,0.1,23.0,0.11,29.87,0.01,0.01,2343.048526,1776189718000
1776189720.18,120.18,0.9,18.0,0.89,29.87,0.91,308.1,0.92,183.9,0.09,308.1,0.08,183.9,0.1,18.0,0.11,29.87,0.01,0.01,2342.91595,1776189719000
1776189721.375,121.375,0.9,18.0,0.89,29.87,0.91,308.1,0.92,183.9,0.09,308.1,0.08,183.9,0.1,18.0,0.11,29.87,0.01,0.01,2342.880515,1776189720000
1776189721.775,121.775,0.9,8.06,0.88,10.0,0.91,323.09,0.92,185.9,0.09,308.1,0.08,183.9,0.1,18.0,0.11,29.87,0.01,0.01,2342.880515,1776189720000
1776189721.998,121.998,0.9,8.06,0.88,10.0,0.91,323.09,0.92,185.9,0.09,323.09,0.08,185.9,0.1,8.06,0.12,10.0,0.01,0.01,2342.926903,1776189721000
1776189722.844,122.844,0.86,3.72,0.85,20.0,0.91,475.34,0.92,149.9,0.09,323.09,0.08,185.9,0.1,8.06,0.12,10.0,0.05,0.01,2342.926903,1776189721000
1776189723.234,123.234,0.85,20.0,0.84,60.0,0.87,3.0,0.88,34.0,0.13,3.0,0.12,34.0,0.15,20.0,0.16,60.0,0.02,0.02,2342.825236,1776189722000
1776189723.565,123.565,0.84,85.0,0.83,134.0,0.86,40.0,0.87,3.0,0.13,3.0,0.12,34.0,0.15,20.0,0.16,60.0,0.02,0.02,2342.825236,1776189722000
1776189724.261,124.261,0.84,85.0,0.83,134.0,0.86,40.0,0.87,3.0,0.14,40.0,0.13,3.0,0.16,85.0,0.17,134.0,0.02,0.02,2342.465835,1776189723000
1776189724.872,124.872,0.86,17.0,0.85,24.41,0.87,73.76,0.88,301.35,0.14,40.0,0.13,3.0,0.16,85.0,0.17,134.0,0.01,0.02,2342.465835,1776189723000
1776189725.38,125.38,0.86,17.0,0.85,24.41,0.87,73.76,0.88,301.35,0.13,73.76,0.12,301.35,0.14,17.0,0.15,24.41,0.01,0.01,2342.218826,1776189724000
1776189725.857,125.857,0.86,83.0,0.85,221.91,0.87,16.0,0.88,38.99,0.13,251.01,0.12,130.59,0.14,17.0,0.15,24.41,0.01,0.01,2342.218826,1776189724000
1776189726.117,126.117,0.85,218.84,0.84,98.5,0.87,38.76,0.88,38.99,0.13,31.0,0.12,38.99,0.14,22.07,0.15,221.91,0.02,0.01,2342.218826,1776189724000
1776189726.461,126.461,0.85,218.84,0.84,98.5,0.87,38.76,0.88,38.99,0.13,38.76,0.12,38.99,0.15,218.84,0.16,98.5,0.02,0.02,2342.305546,1776189725000
1776189726.665,126.665,0.84,55.0,0.83,158.5,0.85,10.59,0.86,85.5,0.13,38.76,0.12,38.99,0.15,218.84,0.16,98.5,0.01,0.02,2342.305546,1776189725000
1776189727.107,127.107,0.83,63.33,0.82,105.5,0.84,5.0,0.85,51.59,0.16,5.0,0.15,51.59,0.17,63.33,0.18,105.5,0.01,0.01,2342.323208,1776189726000
1776189727.413,127.413,0.83,136.96,0.82,20.5,0.84,13.46,0.85,35.59,0.16,23.76,0.15,51.59,0.17,57.83,0.18,280.5,0.01,0.01,2342.323208,1776189726000
1776189728.158,128.158,0.83,121.96,0.82,17.0,0.84,21.46,0.85,64.83,0.16,21.46,0.15,64.83,0.17,121.96,0.18,17.0,0.01,0.01,2342.296391,1776189727000
1776189729.034,129.034,0.83,142.18,0.82,260.5,0.84,23.76,0.85,76.09,0.16,23.76,0.15,77.34,0.17,156.65,0.18,210.5,0.01,0.01,2342.296391,1776189727000
1776189729.247,129.247,0.83,142.18,0.82,260.5,0.84,23.76,0.85,76.09,0.16,23.76,0.15,76.09,0.17,142.18,0.18,260.5,0.01,0.01,2342.1033,1776189728000
1776189730.395,130.395,0.83,136.29,0.82,262.5,0.84,23.76,0.85,76.09,0.16,23.76,0.15,76.09,0.17,136.29,0.18,262.5,0.01,0.01,2341.989114,1776189729000
1776189731.094,131.094,0.83,126.29,0.82,50.0,0.84,352.26,0.85,158.08,0.16,23.76,0.15,76.09,0.17,136.29,0.18,262.5,0.01,0.01,2341.989114,1776189729000
1776189731.402,131.402,0.83,126.29,0.82,50.0,0.84,352.26,0.85,158.08,0.16,352.26,0.15,158.08,0.17,126.29,0.18,50.0,0.01,0.01,2342.002805,1776189730000
1776189732.118,132.118,0.83,86.6,0.82,75.5,0.84,147.31,0.85,348.08,0.16,122.0,0.15,348.08,0.17,101.6,0.18,75.5,0.01,0.01,2342.002805,1776189730000
1776189732.374,132.374,0.83,86.6,0.82,75.5,0.84,147.31,0.85,348.08,0.16,147.31,0.15,348.08,0.17,86.6,0.18,75.5,0.01,0.01,2341.833023,1776189731000
1776189732.744,132.744,0.82,29.36,0.81,307.5,0.84,142.31,0.85,348.08,0.16,147.31,0.15,348.08,0.17,86.6,0.18,75.5,0.02,0.01,2341.833023,1776189731000
1776189733.936,133.936,0.8,10.0,0.79,185.5,0.81,6.0,0.82,101.11,0.16,142.31,0.15,348.08,0.18,29.36,0.19,307.5,0.01,0.02,2341.862226,1776189732000
1776189734.318,134.318,0.79,60.21,0.78,277.55,0.8,6.0,0.81,66.31,0.2,6.0,0.19,56.0,0.21,185.5,0.22,277.55,0.01,0.01,2341.835053,1776189733000
1776189735.125,135.125,0.79,232.5,0.78,97.55,0.8,40.63,0.81,126.31,0.2,6.0,0.19,66.31,0.21,60.21,0.22,277.55,0.01,0.01,2341.835053,1776189733000
1776189735.585,135.585,0.79,238.5,0.78,90.55,0.8,26.63,0.81,126.31,0.2,26.63,0.19,126.31,0.21,238.5,0.22,90.55,0.01,0.01,2341.735251,1776189734000
1776189736.169,136.169,0.79,238.5,0.78,90.55,0.8,26.63,0.81,126.31,0.2,26.63,0.19,126.31,0.21,238.5,0.22,90.55,0.01,0.01,2341.733244,1776189735000
1776189736.434,136.434,0.79,13.02,0.78,123.56,0.8,320.55,0.81,170.81,0.2,26.63,0.19,126.31,0.21,238.5,0.22,90.55,0.01,0.01,2341.733244,1776189735000
1776189736.769,136.769,0.78,113.76,0.77,177.07,0.79,104.32,0.8,305.55,0.21,18.0,0.2,125.55,0.22,108.76,0.23,177.07,0.01,0.01,2341.733244,1776189735000
1776189737.098,137.098,0.78,108.76,0.77,172.07,0.79,96.94,0.8,295.55,0.21,85.94,0.2,305.55,0.22,113.76,0.23,177.07,0.01,0.01,2341.733244,1776189735000
1776189737.302,137.302,0.78,98.76,0.77,172.07,0.79,100.67,0.8,315.55,0.21,109.67,0.2,315.55,0.22,108.76,0.23,172.07,0.01,0.01,2341.733244,1776189735000
1776189738.165,138.165,0.79,107.5,0.78,349.26,0.8,53.91,0.81,209.8,0.21,100.67,0.2,315.55,0.22,98.76,0.23,172.07,0.01,0.01,2341.57595,1776189736000
1776189738.375,138.375,0.79,107.5,0.78,349.26,0.8,53.91,0.81,209.8,0.2,53.91,0.19,209.8,0.21,107.5,0.22,349.26,0.01,0.01,2341.491103,1776189737000
1776189739.332,139.332,0.79,107.5,0.78,349.26,0.8,53.91,0.81,209.8,0.2,53.91,0.19,209.8,0.21,107.5,0.22,349.26,0.01,0.01,2341.456874,1776189738000
1776189740.322,140.322,0.8,84.5,0.79,437.5,0.81,118.95,0.82,88.61,0.2,53.91,0.19,209.8,0.21,107.5,0.22,349.26,0.01,0.01,2341.456874,1776189738000
1776189740.66,140.66,0.8,79.5,0.79,443.5,0.81,114.79,0.82,70.61,0.19,116.15,0.18,70.61,0.2,79.5,0.21,437.5,0.01,0.01,2341.533146,1776189739000
1776189740.961,140.961,0.8,84.5,0.79,450.5,0.81,110.45,0.82,70.61,0.19,110.45,0.18,70.61,0.2,84.5,0.21,450.5,0.01,0.01,2341.606792,1776189740000
1776189741.441,141.441,0.8,121.5,0.79,499.94,0.81,99.21,0.82,70.61,0.19,110.45,0.18,70.61,0.2,84.5,0.21,450.5,0.01,0.01,2341.606792,1776189740000
1776189742.105,142.105,0.8,121.5,0.79,499.94,0.81,99.21,0.82,70.61,0.19,99.21,0.18,70.61,0.2,121.5,0.21,499.94,0.01,0.01,2341.609646,1776189741000
1776189743.004,143.004,0.8,202.0,0.79,400.5,0.81,97.97,0.82,91.11,0.19,99.21,0.18,70.61,0.2,121.5,0.21,499.94,0.01,0.01,2341.609646,1776189741000
1776189743.216,143.216,0.8,243.0,0.79,400.5,0.81,79.45,0.82,91.11,0.19,79.45,0.18,91.11,0.2,243.0,0.21,400.5,0.01,0.01,2341.613276,1776189742000
1776189743.657,143.657,0.8,118.0,0.79,216.11,0.81,79.45,0.82,272.11,0.19,79.45,0.18,91.11,0.2,243.0,0.21,400.5,0.01,0.01,2341.613276,1776189742000
1776189744.254,144.254,0.8,118.0,0.79,216.11,0.81,79.45,0.82,272.11,0.19,79.45,0.18,272.11,0.2,118.0,0.21,216.11,0.01,0.01,2341.60576,1776189743000
1776189745.332,145.332,0.8,118.0,0.79,216.11,0.81,79.45,0.82,272.11,0.19,79.45,0.18,272.11,0.2,118.0,0.21,216.11,0.01,0.01,2341.577245,1776189744000
1776189746.433,146.433,0.8,118.0,0.79,216.11,0.81,79.45,0.82,272.11,0.19,79.45,0.18,272.11,0.2,118.0,0.21,216.11,0.01,0.01,2341.522378,1776189745000
1776189746.943,146.943,0.8,118.0,0.79,216.11,0.81,79.45,0.82,272.11,0.19,79.45,0.18,272.11,0.2,118.0,0.21,216.11,0.01,0.01,2341.522334,1776189746000
1776189747.527,147.527,0.79,84.55,0.78,204.23,0.81,378.95,0.82,128.86,0.19,79.45,0.18,272.11,0.2,118.0,0.21,216.11,0.02,0.01,2341.522334,1776189746000
1776189748.088,148.088,0.79,84.55,0.78,204.23,0.81,378.95,0.82,128.86,0.19,378.95,0.18,128.86,0.21,84.55,0.22,204.23,0.02,0.02,2341.435573,1776189747000
1776189748.52,148.52,0.78,65.99,0.77,206.07,0.79,149.5,0.8,321.55,0.19,378.95,0.18,128.86,0.21,84.55,0.22,204.23,0.01,0.02,2341.435573,1776189747000
1776189748.814,148.814,0.77,94.35,0.76,20.0,0.79,189.74,0.8,187.3,0.21,149.5,0.2,321.55,0.22,65.99,0.23,206.07,0.02,0.01,2341.435573,1776189747000
1776189749.139,149.139,0.77,24.35,0.76,20.0,0.78,31.2,0.79,287.74,0.21,189.74,0.2,187.3,0.23,94.35,0.24,20.0,0.01,0.02,2341.435573,1776189747000
1776189749.424,149.424,0.77,63.35,0.76,70.28,0.78,83.44,0.79,122.74,0.22,31.2,0.21,287.74,0.23,24.35,0.24,20.0,0.01,0.01,2341.435573,1776189747000
1776189749.7,149.7,0.76,39.44,0.75,110.0,0.78,283.29,0.79,151.25,0.22,260.3,0.21,136.5,0.23,15.35,0.24,70.28,0.02,0.01,2341.435573,1776189747000
1776189749.902,149.902,0.76,34.44,0.75,20.0,0.77,17.37,0.78,257.3,0.23,20.31,0.22,257.3,0.24,34.44,0.25,20.0,0.01,0.01,2341.331462,1776189748000
1776189750.404,150.404,0.76,34.44,0.75,20.0,0.77,17.37,0.78,257.3,0.23,17.37,0.22,257.3,0.24,34.44,0.25,20.0,0.01,0.01,2341.239856,1776189749000
1776189750.823,150.823,0.76,115.06,0.75,30.0,0.77,267.37,0.78,102.8,0.23,17.37,0.22,257.3,0.24,34.44,0.25,20.0,0.01,0.01,2341.239856,1776189749000
1776189751.064,151.064,0.76,115.06,0.75,20.0,0.77,86.07,0.78,282.8,0.23,267.37,0.22,102.8,0.24,115.06,0.25,30.0,0.01,0.01,2341.100488,1776189750000
1776189751.274,151.274,0.76,105.06,0.75,20.0,0.77,258.28,0.78,102.8,0.23,245.18,0.22,102.8,0.24,110.06,0.25,20.0,0.01,0.01,2341.100488,1776189750000
1776189752.124,152.124,0.76,105.06,0.75,20.0,0.77,276.22,0.78,103.8,0.23,276.22,0.22,103.8,0.24,105.06,0.25,20.0,0.01,0.01,2341.049628,1776189751000
1776189752.334,152.334,0.76,202.23,0.75,265.5,0.77,24.72,0.78,54.0,0.23,96.79,0.22,83.3,0.24,147.23,0.25,265.5,0.01,0.01,2341.049628,1776189751000
1776189752.567,152.567,0.76,404.23,0.75,85.5,0.77,23.42,0.78,15.0,0.23,24.72,0.22,54.0,0.24,202.23,0.25,265.5,0.01,0.01,2341.049628,1776189751000
1776189752.845,152.845,0.76,488.23,0.75,85.5,0.77,20.82,0.78,10.0,0.23,23.42,0.22,15.0,0.24,404.23,0.25,85.5,0.01,0.01,2341.049628,1776189751000
1776189753.319,153.319,0.78,5.72,0.76,439.23,0.79,4.64,0.8,74.9,0.21,4.64,0.2,74.9,0.22,5.72,0.24,439.23,0.01,0.01,2341.01957,1776189752000
1776189754.131,154.131,0.78,5.72,0.76,439.23,0.79,4.64,0.8,74.9,0.21,4.64,0.2,74.9,0.22,5.72,0.24,439.23,0.01,0.01,2341.093105,1776189753000
1776189754.333,154.333,0.79,29.4,0.78,20.72,0.8,363.57,0.81,190.81,0.2,368.57,0.19,190.81,0.21,29.4,0.22,20.72,0.01,0.01,2341.093105,1776189753000
1776189754.619,154.619,0.79,24.35,0.78,20.72,0.8,348.07,0.81,190.81,0.2,358.57,0.19,190.81,0.21,24.35,0.22,20.72,0.01,0.01,2341.093105,1776189753000
1776189754.998,154.998,0.79,55.2,0.78,20.72,0.8,333.55,0.81,190.81,0.2,348.07,0.19,190.81,0.21,24.35,0.22,20.72,0.01,0.01,2341.093105,1776189753000
1776189755.283,155.283,0.79,0.2,0.78,20.72,0.8,355.55,0.81,195.05,0.2,333.55,0.19,190.81,0.21,55.2,0.22,20.72,0.01,0.01,2341.273945,1776189754000
1776189755.718,155.718,0.77,133.69,0.76,118.17,0.8,153.05,0.81,200.81,0.2,285.51,0.19,195.05,0.21,0.2,0.22,20.72,0.03,0.01,2341.273945,1776189754000
1776189756.097,156.097,0.77,133.69,0.76,118.17,0.8,153.05,0.81,200.81,0.2,153.05,0.19,200.81,0.23,133.69,0.24,118.17,0.03,0.03,2341.190734,1776189755000
1776189756.348,156.348,0.79,20.0,0.78,127.16,0.8,201.72,0.81,450.81,0.2,153.05,0.19,200.81,0.23,133.69,0.24,118.17,0.01,0.03,2341.190734,1776189755000
1776189757.15,157.15,0.79,20.0,0.78,127.16,0.8,201.72,0.81,450.81,0.2,201.72,0.19,450.81,0.21,20.0,0.22,127.16,0.01,0.01,2341.155082,1776189756000
1776189757.387,157.387,0.79,0.3,0.78,106.66,0.8,298.44,0.81,308.56,0.2,403.22,0.19,305.56,0.21,0.3,0.22,106.66,0.01,0.01,2341.155082,1776189756000
1776189757.949,157.949,0.78,10.0,0.77,81.5,0.79,67.23,0.8,248.49,0.21,25.5,0.2,273.3,0.22,87.4,0.23,11.0,0.01,0.01,2341.155082,1776189756000
1776189758.269,158.269,0.78,10.0,0.77,81.5,0.79,16.22,0.8,227.79,0.21,16.22,0.2,227.79,0.22,10.0,0.23,81.5,0.01,0.01,2341.193086,1776189757000
1776189758.612,158.612,0.79,74.68,0.78,306.5,0.8,6.41,0.81,121.0,0.2,8.75,0.19,95.0,0.21,38.68,0.22,121.5,0.01,0.01,2341.193086,1776189757000
1776189759.365,159.365,0.8,9.59,0.79,94.68,0.81,96.0,0.82,36.5,0.19,96.0,0.18,36.5,0.2,9.59,0.21,94.68,0.01,0.01,2341.189852,1776189758000
1776189759.694,159.694,0.81,148.0,0.8,266.74,0.82,52.01,0.83,425.25,0.19,10.88,0.18,47.0,0.2,245.74,0.21,429.68,0.01,0.01,2341.189852,1776189758000
1776189760.021,160.021,0.81,148.0,0.8,266.74,0.82,52.01,0.83,425.25,0.18,52.01,0.17,425.25,0.19,148.0,0.2,266.74,0.01,0.01,2341.201714,1776189759000
1776189760.379,160.379,0.81,153.0,0.8,271.74,0.82,46.2,0.83,433.49,0.18,47.63,0.17,433.49,0.19,143.0,0.2,271.74,0.01,0.01,2341.201714,1776189759000
1776189760.754,160.754,0.81,158.0,0.8,266.74,0.82,60.35,0.83,433.49,0.18,46.2,0.17,433.49,0.19,153.0,0.2,271.74,0.01,0.01,2341.201714,1776189759000
1776189761.106,161.106,0.81,158.0,0.8,266.74,0.82,60.35,0.83,433.49,0.18,60.35,0.17,433.49,0.19,158.0,0.2,266.74,0.01,0.01,2341.286163,1776189760000
1776189761.622,161.622,0.81,133.5,0.8,247.09,0.82,54.59,0.83,393.49,0.18,60.35,0.17,433.49,0.19,158.0,0.2,266.74,0.01,0.01,2341.286163,1776189760000
1776189762.13,162.13,0.81,133.5,0.8,247.09,0.82,54.59,0.83,393.49,0.18,54.59,0.17,393.49,0.19,133.5,0.2,247.09,0.01,0.01,2341.34695,1776189761000
1776189762.578,162.578,0.81,582.09,0.8,254.03,0.82,28.78,0.83,135.0,0.18,54.59,0.17,393.49,0.19,133.5,0.2,247.09,0.01,0.01,2341.34695,1776189761000
1776189762.824,162.824,0.81,602.09,0.8,248.09,0.83,135.0,0.84,50.0,0.18,28.78,0.17,135.0,0.19,582.09,0.2,254.03,0.02,0.01,2341.34695,1776189761000
1776189763.203,163.203,0.81,602.09,0.8,248.09,0.83,135.0,0.84,50.0,0.17,135.0,0.16,50.0,0.19,602.09,0.2,248.09,0.02,0.02,2341.351955,1776189762000
1776189763.444,163.444,0.82,134.1,0.81,213.5,0.83,65.94,0.84,256.5,0.17,135.0,0.16,50.0,0.19,602.09,0.2,248.09,0.01,0.02,2341.351955,1776189762000
1776189764.43,164.43,0.82,134.1,0.81,213.5,0.83,65.94,0.84,256.5,0.17,65.94,0.16,256.5,0.18,134.1,0.19,213.5,0.01,0.01,2341.3704,1776189763000
1776189764.809,164.809,0.82,129.41,0.81,180.5,0.83,25.94,0.84,302.25,0.17,65.94,0.16,256.5,0.18,134.1,0.19,213.5,0.01,0.01,2341.3704,1776189763000
1776189765.01,165.01,0.82,129.41,0.81,180.5,0.83,19.17,0.84,302.25,0.17,25.94,0.16,302.25,0.18,129.41,0.19,180.5,0.01,0.01,2341.3704,1776189763000
1776189766.265,166.265,0.82,129.41,0.81,180.5,0.83,19.17,0.84,302.25,0.17,19.17,0.16,302.25,0.18,129.41,0.19,180.5,0.01,0.01,2341.40347,1776189765000
1776189766.818,166.818,0.79,145.95,0.78,200.0,0.83,334.36,0.84,190.25,0.17,19.17,0.16,302.25,0.18,129.41,0.19,180.5,0.04,0.01,2341.40347,1776189765000
1776189767.599,167.599,0.79,135.95,0.78,207.78,0.8,24.75,0.81,15.0,0.2,16.0,0.17,334.36,0.21,130.95,0.22,200.0,0.01,0.01,2341.40347,1776189765000
1776189768.079,168.079,0.79,135.95,0.78,207.78,0.8,24.75,0.81,15.0,0.2,24.75,0.19,15.0,0.21,135.95,0.22,207.78,0.01,0.01,2341.365618,1776189767000
1776189768.305,168.305,0.79,304.17,0.78,490.93,0.8,13.45,0.81,5.0,0.2,24.75,0.19,15.0,0.21,135.95,0.22,207.78,0.01,0.01,2341.365618,1776189767000
1776189769.638,169.638,0.79,304.17,0.78,490.93,0.8,13.45,0.81,5.0,0.2,13.45,0.19,5.0,0.21,304.17,0.22,490.93,0.01,0.01,2341.218962,1776189768000
1776189769.944,169.944,0.79,334.17,0.78,453.25,0.8,77.2,0.81,5.0,0.2,13.45,0.19,5.0,0.21,304.17,0.22,490.93,0.01,0.01,2341.218962,1776189768000
1776189770.354,170.354,0.79,334.17,0.78,453.25,0.8,77.2,0.81,5.0,0.2,77.2,0.19,5.0,0.21,334.17,0.22,453.25,0.01,0.01,2341.219253,1776189769000
1776189771.134,171.134,0.79,334.17,0.78,453.25,0.8,77.2,0.81,5.0,0.2,77.2,0.19,5.0,0.21,334.17,0.22,453.25,0.01,0.01,2341.22778,1776189770000
1776189772.494,172.494,0.79,334.17,0.78,453.25,0.8,77.2,0.81,5.0,0.2,77.2,0.19,5.0,0.21,334.17,0.22,453.25,0.01,0.01,2341.237196,1776189771000
1776189773.258,173.258,0.79,262.49,0.78,188.65,0.8,116.87,0.81,106.49,0.2,116.87,0.19,106.49,0.21,262.49,0.22,188.65,0.01,0.01,2341.237196,1776189772000
1776189773.57,173.57,0.79,224.88,0.78,188.65,0.8,111.87,0.81,265.63,0.2,116.87,0.19,106.49,0.21,262.49,0.22,188.65,0.01,0.01,2341.237196,1776189772000
1776189774.351,174.351,0.79,224.88,0.78,188.65,0.8,55.05,0.81,265.63,0.2,111.87,0.19,265.63,0.21,224.88,0.22,188.65,0.01,0.01,2341.237196,1776189772000
1776189774.655,174.655,0.79,224.88,0.78,188.65,0.8,55.05,0.81,265.63,0.2,55.05,0.19,265.63,0.21,224.88,0.22,188.65,0.01,0.01,2341.152439,1776189773000
1776189775.282,175.282,0.79,224.88,0.78,188.65,0.8,55.05,0.81,265.63,0.2,55.05,0.19,265.63,0.21,224.88,0.22,188.65,0.01,0.01,2341.159733,1776189774000
1776189776.654,176.654,0.79,224.88,0.78,188.65,0.8,55.05,0.81,265.63,0.2,55.05,0.19,265.63,0.21,224.88,0.22,188.65,0.01,0.01,2341.127432,1776189775000
1776189777.307,177.307,0.79,659.37,0.78,244.35,0.8,14.0,0.83,20.0,0.2,55.05,0.19,265.63,0.21,224.88,0.22,188.65,0.01,0.01,2341.127432,1776189775000
1776189777.531,177.531,0.79,664.37,0.78,244.35,0.83,10.0,0.84,60.0,0.17,10.0,0.16,60.0,0.21,664.37,0.22,244.35,0.04,0.04,2341.124464,1776189776000
1776189778.322,178.322,0.84,171.27,0.83,411.86,0.85,61.73,0.86,278.5,0.15,61.73,0.14,278.5,0.16,171.27,0.17,411.86,0.01,0.01,2341.145879,1776189777000
1776189778.885,178.885,0.84,62.27,0.83,189.86,0.85,9.69,0.86,458.5,0.15,61.73,0.14,278.5,0.16,171.27,0.17,411.86,0.01,0.01,2341.145879,1776189777000
1776189779.493,179.493,0.84,110.27,0.83,369.86,0.85,5.0,0.86,458.5,0.15,9.69,0.14,458.5,0.16,62.27,0.17,189.86,0.01,0.01,2341.145879,1776189777000
1776189780.423,180.423,0.84,110.27,0.83,369.86,0.85,5.0,0.86,458.5,0.15,5.0,0.14,458.5,0.16,110.27,0.17,369.86,0.01,0.01,2341.460108,1776189779000
1776189781.183,181.183,0.84,53.27,0.83,189.86,0.85,200.63,0.86,265.5,0.15,200.63,0.14,265.5,0.16,53.27,0.17,189.86,0.01,0.01,2341.468786,1776189780000
1776189781.623,181.623,0.84,20.5,0.83,90.36,0.85,270.36,0.86,290.5,0.15,200.63,0.14,265.5,0.16,53.27,0.17,189.86,0.01,0.01,2341.468786,1776189780000
1776189782.561,182.561,0.83,105.36,0.82,10.0,0.84,219.8,0.85,54.23,0.15,277.36,0.14,285.5,0.17,90.36,0.19,17.0,0.01,0.02,2341.468786,1776189780000
1776189782.796,182.796,0.83,105.36,0.82,20.0,0.84,203.13,0.85,49.23,0.16,219.8,0.15,54.23,0.17,105.36,0.18,10.0,0.01,0.01,2341.468786,1776189780000
1776189783.423,183.423,0.83,5.0,0.81,10.0,0.84,253.33,0.85,69.59,0.16,203.79,0.15,49.23,0.17,5.0,0.18,15.0,0.01,0.01,2341.30367,1776189781000
1776189783.625,183.625,0.83,5.0,0.79,190.71,0.84,253.33,0.85,87.59,0.16,253.33,0.15,69.59,0.17,5.0,0.19,10.0,0.01,0.01,2341.218396,1776189782000
1776189784.198,184.198,0.83,5.0,0.79,190.71,0.84,253.33,0.85,87.59,0.16,253.33,0.15,87.59,0.17,5.0,0.21,190.71,0.01,0.01,2341.157098,1776189783000
1776189784.612,184.612,0.83,7.19,0.81,111.64,0.84,313.33,0.85,132.23,0.16,318.33,0.15,143.86,0.17,9.28,0.19,15.05,0.01,0.01,2341.157098,1776189783000
1776189785.419,185.419,0.83,7.19,0.81,111.64,0.84,313.33,0.85,132.23,0.16,313.33,0.15,132.23,0.17,7.19,0.19,111.64,0.01,0.01,2341.108258,1776189784000
1776189785.745,185.745,0.83,17.77,0.82,10.0,0.84,61.04,0.85,80.5,0.16,313.33,0.15,132.23,0.17,7.19,0.19,111.64,0.01,0.01,2341.108258,1776189784000
1776189786.047,186.047,0.83,17.77,0.82,10.0,0.84,61.04,0.85,80.5,0.16,61.04,0.15,80.5,0.17,17.77,0.18,10.0,0.01,0.01,2341.10692,1776189785000
1776189786.653,186.653,0.83,119.77,0.82,38.5,0.84,7.83,0.85,10.0,0.16,61.04,0.15,80.5,0.17,17.77,0.18,10.0,0.01,0.01,2341.10692,1776189785000
1776189787.228,187.228,0.82,89.94,0.81,230.44,0.84,1.52,0.85,20.0,0.16,1.52,0.15,20.0,0.18,89.94,0.19,230.44,0.02,0.02,2341.218002,1776189786000
1776189788.38,188.38,0.82,55.1,0.81,15.0,0.84,25.31,0.85,35.5,0.16,1.52,0.15,20.0,0.18,89.94,0.19,230.44,0.02,0.02,2341.218002,1776189786000
1776189788.998,188.998,0.82,55.1,0.81,15.0,0.84,20.27,0.85,35.5,0.16,20.27,0.15,35.5,0.18,55.1,0.19,15.0,0.02,0.02,2341.15103,1776189788000
1776189789.623,189.623,0.83,5.88,0.82,60.48,0.84,81.31,0.85,90.5,0.16,20.27,0.15,35.5,0.18,55.1,0.19,15.0,0.01,0.02,2341.15103,1776189788000
1776189790.14,190.14,0.83,5.88,0.82,60.48,0.84,81.31,0.85,90.5,0.16,81.31,0.15,90.5,0.17,5.88,0.18,60.48,0.01,0.01,2341.119716,1776189789000
1776189790.389,190.389,0.82,46.92,0.81,42.5,0.84,256.31,0.85,95.5,0.16,81.31,0.15,90.5,0.17,5.88,0.18,60.48,0.02,0.01,2341.119716,1776189789000
1776189790.793,190.793,0.82,13.48,0.81,7.0,0.83,195.0,0.84,95.81,0.16,256.31,0.15,95.5,0.18,46.92,0.19,42.5,0.01,0.02,2341.119716,1776189789000
1776189791.103,191.103,0.8,89.95,0.79,262.65,0.81,9.0,0.83,240.0,0.17,195.0,0.16,95.81,0.18,13.48,0.19,7.0,0.01,0.01,2341.119716,1776189789000
1776189791.695,191.695,0.8,101.95,0.79,442.65,0.82,6.26,0.83,240.0,0.19,9.0,0.17,240.0,0.2,89.95,0.21,262.65,0.02,0.01,2341.136837,1776189790000
1776189792.428,192.428,0.8,101.95,0.79,442.65,0.82,6.26,0.83,240.0,0.18,6.26,0.17,240.0,0.2,101.95,0.21,442.65,0.02,0.02,2341.063395,1776189791000
1776189792.94,192.94,0.81,15.0,0.8,98.95,0.82,46.26,0.83,240.0,0.18,46.26,0.17,240.0,0.19,15.0,0.2,98.95,0.01,0.01,2341.056894,1776189792000
1776189793.452,193.452,0.81,21.0,0.8,92.95,0.82,35.25,0.83,240.0,0.18,46.26,0.17,240.0,0.19,15.0,0.2,98.95,0.01,0.01,2341.056894,1776189792000
1776189794.222,194.222,0.81,21.0,0.8,92.95,0.82,35.25,0.83,240.0,0.18,35.25,0.17,240.0,0.19,21.0,0.2,92.95,0.01,0.01,2341.051656,1776189793000
1776189795.018,195.018,0.81,83.86,0.8,153.95,0.83,229.85,0.84,76.81,0.18,35.25,0.17,240.0,0.19,21.0,0.2,92.95,0.02,0.01,2341.051656,1776189793000
1776189795.33,195.33,0.81,83.86,0.8,153.95,0.83,229.85,0.84,76.81,0.17,229.85,0.16,76.81,0.19,83.86,0.2,153.95,0.02,0.02,2341.046525,1776189794000
1776189795.834,195.834,0.81,5.0,0.8,72.45,0.82,25.0,0.83,253.35,0.17,239.85,0.16,76.81,0.18,8.0,0.19,78.86,0.01,0.01,2341.046525,1776189794000
1776189796.385,196.385,0.81,5.0,0.8,15.0,0.82,41.0,0.83,245.35,0.18,41.0,0.17,245.35,0.19,5.0,0.2,15.0,0.01,0.01,2341.046815,1776189795000
1776189796.769,196.769,0.81,2.42,0.8,15.0,0.82,38.5,0.83,92.76,0.18,41.0,0.17,245.35,0.19,5.0,0.2,15.0,0.01,0.01,2341.046815,1776189795000
1776189796.993,196.993,0.8,7.29,0.79,153.01,0.82,78.69,0.83,92.76,0.18,78.69,0.17,92.76,0.2,7.29,0.21,153.01,0.02,0.02,2341.046815,1776189796000
1776189798.264,198.264,0.8,7.29,0.79,45.0,0.82,254.47,0.83,70.35,0.18,78.69,0.17,92.76,0.2,7.29,0.21,153.01,0.02,0.02,2341.046815,1776189796000
1776189798.938,198.938,0.8,7.29,0.79,45.0,0.82,254.47,0.83,70.35,0.18,254.47,0.17,70.35,0.2,7.29,0.21,45.0,0.02,0.02,2340.858861,1776189798000
1776189799.393,199.393,0.79,35.0,0.78,122.5,0.8,6.0,0.81,15.0,0.18,254.47,0.17,70.35,0.2,7.29,0.21,45.0,0.01,0.02,2340.858861,1776189798000
1776189800.004,200.004,0.79,35.0,0.78,122.5,0.8,6.0,0.81,15.0,0.2,6.0,0.19,15.0,0.21,35.0,0.22,122.5,0.01,0.01,2340.864156,1776189799000
1776189800.437,200.437,0.79,5.0,0.78,78.5,0.81,10.94,0.82,293.97,0.19,12.94,0.18,293.97,0.21,20.0,0.22,72.5,0.02,0.02,2340.864156,1776189799000
1776189800.88,200.88,0.8,10.0,0.79,10.0,0.81,169.94,0.82,70.5,0.19,10.94,0.18,293.97,0.21,5.0,0.22,78.5,0.01,0.02,2340.864156,1776189799000
1776189801.919,201.919,0.8,6.85,0.79,10.0,0.82,60.0,0.83,84.35,0.18,60.0,0.17,84.35,0.2,6.85,0.21,10.0,0.02,0.02,2340.805134,1776189801000
1776189803.021,203.021,0.8,6.85,0.79,10.0,0.82,60.0,0.83,84.35,0.18,60.0,0.17,84.35,0.2,6.85,0.21,10.0,0.02,0.02,2340.893479,1776189802000
1776189803.814,203.814,0.81,15.0,0.8,21.85,0.82,38.91,0.83,127.93,0.18,60.0,0.17,84.35,0.2,6.85,0.21,10.0,0.01,0.02,2340.893479,1776189802000
1776189804.081,204.081,0.81,15.0,0.8,21.85,0.82,38.91,0.83,127.93,0.18,38.91,0.17,127.93,0.19,15.0,0.2,21.85,0.01,0.01,2340.893353,1776189803000
1776189805.091,205.091,0.81,10.0,0.8,10.0,0.82,28.93,0.83,142.93,0.18,28.93,0.17,142.93,0.19,10.0,0.2,10.0,0.01,0.01,2340.808886,1776189804000
1776189805.461,205.461,0.8,5.14,0.79,10.0,0.82,63.11,0.83,296.35,0.18,68.11,0.17,116.35,0.19,10.1,0.2,10.0,0.02,0.01,2340.808886,1776189804000
1776189805.742,205.742,0.79,8.0,0.78,78.5,0.81,10.0,0.82,231.11,0.18,63.11,0.17,296.35,0.2,5.14,0.21,10.0,0.02,0.02,2340.808886,1776189804000
1776189806.035,206.035,0.79,8.0,0.78,78.5,0.81,10.0,0.82,231.11,0.19,10.0,0.18,231.11,0.21,8.0,0.22,78.5,0.02,0.02,2340.793144,1776189805000
1776189806.918,206.918,0.79,21.0,0.78,94.0,0.8,6.0,0.81,10.0,0.19,10.0,0.18,231.11,0.21,8.0,0.22,78.5,0.01,0.02,2340.793144,1776189805000
1776189808.002,208.002,0.79,21.0,0.78,94.0,0.8,6.0,0.81,10.0,0.2,6.0,0.19,10.0,0.21,21.0,0.22,94.0,0.01,0.01,2340.784145,1776189807000
1776189808.294,208.294,0.79,23.0,0.78,94.0,0.8,13.57,0.81,20.0,0.2,6.0,0.19,10.0,0.21,21.0,0.22,94.0,0.01,0.01,2340.784145,1776189807000
1776189808.926,208.926,0.79,23.0,0.78,94.0,0.8,13.57,0.81,20.0,0.2,13.57,0.19,20.0,0.21,23.0,0.22,94.0,0.01,0.01,2340.790641,1776189808000
1776189809.926,209.926,0.79,23.0,0.78,94.0,0.8,13.57,0.81,20.0,0.2,13.57,0.19,20.0,0.21,23.0,0.22,94.0,0.01,0.01,2340.785436,1776189809000
1776189810.293,210.293,0.79,30.0,0.78,224.0,0.8,8.57,0.81,20.0,0.2,13.57,0.19,20.0,0.21,23.0,0.22,94.0,0.01,0.01,2340.785436,1776189809000
1776189811.047,211.047,0.79,30.0,0.78,224.0,0.8,8.57,0.81,20.0,0.2,8.57,0.19,20.0,0.21,30.0,0.22,224.0,0.01,0.01,2340.781669,1776189810000
1776189811.618,211.618,0.79,22.05,0.78,16.12,0.8,34.57,0.81,117.91,0.2,24.07,0.19,92.5,0.22,11.12,0.23,189.0,0.01,0.02,2340.781669,1776189810000
1776189812.213,212.213,0.79,22.05,0.78,16.12,0.8,34.57,0.81,117.91,0.2,34.57,0.19,117.91,0.21,22.05,0.22,16.12,0.01,0.01,2340.708687,1776189811000
1776189812.846,212.846,0.79,30.05,0.78,26.62,0.8,12.62,0.81,85.31,0.2,7.57,0.19,80.0,0.21,12.05,0.22,26.12,0.01,0.01,2340.708687,1776189811000
1776189813.353,213.353,0.79,30.05,0.78,26.62,0.8,12.62,0.81,85.31,0.2,12.62,0.19,85.31,0.21,30.05,0.22,26.62,0.01,0.01,2340.6279,1776189812000
1776189813.763,213.763,0.79,20.76,0.78,26.62,0.8,21.37,0.81,85.31,0.2,21.37,0.19,85.31,0.21,35.05,0.22,34.62,0.01,0.01,2340.6279,1776189812000
1776189813.997,213.997,0.79,20.76,0.78,26.62,0.8,11.31,0.81,85.31,0.2,11.31,0.19,85.31,0.21,20.76,0.22,26.62,0.01,0.01,2340.664928,1776189813000
1776189815.04,215.04,0.79,15.0,0.78,31.62,0.8,13.79,0.81,80.0,0.2,11.31,0.19,85.31,0.21,20.76,0.22,26.62,0.01,0.01,2340.664928,1776189813000
1776189815.995,215.995,0.79,23.02,0.78,32.62,0.8,33.84,0.81,35.31,0.2,13.79,0.19,80.0,0.21,15.0,0.22,31.62,0.01,0.01,2340.711475,1776189814000
1776189816.264,216.264,0.79,28.02,0.78,32.62,0.8,17.84,0.81,35.31,0.2,17.84,0.19,35.31,0.21,28.02,0.22,32.62,0.01,0.01,2340.688214,1776189815000
1776189816.684,216.684,0.78,25.7,0.77,260.5,0.8,22.84,0.81,5.31,0.2,17.84,0.19,35.31,0.21,28.02,0.22,32.62,0.02,0.01,2340.688214,1776189815000
1776189817.017,217.017,0.79,10.0,0.78,102.7,0.8,2.41,0.82,40.1,0.2,22.84,0.19,5.31,0.22,25.7,0.23,260.5,0.01,0.02,2340.688214,1776189815000
1776189817.231,217.231,0.79,10.0,0.78,102.7,0.82,3.34,0.83,32.5,0.2,2.41,0.18,40.1,0.21,10.0,0.22,102.7,0.03,0.01,2340.688214,1776189815000
1776189817.712,217.712,0.79,10.0,0.78,102.7,0.82,3.34,0.83,32.5,0.18,3.34,0.17,32.5,0.21,10.0,0.22,102.7,0.03,0.03,2340.68018,1776189816000
1776189818.04,218.04,0.81,22.28,0.8,10.0,0.82,3.34,0.83,31.14,0.18,3.34,0.17,32.5,0.21,10.0,0.22,102.7,0.01,0.03,2340.68018,1776189816000
1776189818.406,218.406,0.81,22.28,0.8,10.0,0.83,36.6,0.84,161.8,0.18,3.34,0.17,31.14,0.19,22.28,0.2,10.0,0.02,0.01,2340.68018,1776189817000
1776189818.654,218.654,0.82,17.0,0.81,22.28,0.83,52.2,0.84,168.11,0.17,36.6,0.16,161.8,0.19,22.28,0.2,10.0,0.01,0.02,2340.68018,1776189817000
1776189819.399,219.399,0.82,17.0,0.81,22.28,0.83,52.2,0.84,168.11,0.17,52.2,0.16,168.11,0.18,17.0,0.19,22.28,0.01,0.01,2340.689471,1776189818000
1776189820.01,220.01,0.82,22.07,0.81,22.28,0.83,293.2,0.84,190.19,0.17,127.42,0.16,358.61,0.18,47.07,0.19,22.28,0.01,0.01,2340.689471,1776189818000
1776189820.237,220.237,0.82,22.07,0.81,22.28,0.83,269.22,0.84,190.19,0.17,293.2,0.16,190.19,0.18,22.07,0.19,22.28,0.01,0.01,2340.709657,1776189819000
1776189820.834,220.834,0.82,10.07,0.81,22.28,0.83,269.22,0.84,178.61,0.17,274.22,0.16,190.19,0.18,22.07,0.19,22.28,0.01,0.01,2340.709657,1776189819000
1776189821.082,221.082,0.82,10.07,0.81,22.28,0.83,259.22,0.84,194.61,0.17,259.22,0.16,194.61,0.18,10.07,0.19,22.28,0.01,0.01,2340.710823,1776189820000
1776189821.284,221.284,0.82,47.07,0.81,22.28,0.83,9.22,0.84,168.11,0.17,259.22,0.16,194.61,0.18,10.07,0.19,22.28,0.01,0.01,2340.710823,1776189820000
1776189821.9,221.9,0.83,18.46,0.82,35.07,0.84,303.11,0.85,151.5,0.16,156.33,0.15,126.0,0.18,35.07,0.19,22.28,0.01,0.02,2340.710823,1776189820000
1776189822.251,222.251,0.83,18.46,0.82,35.07,0.84,303.11,0.85,151.5,0.16,303.11,0.15,151.5,0.17,18.46,0.18,35.07,0.01,0.01,2340.710535,1776189821000
1776189823.507,223.507,0.83,18.46,0.82,35.07,0.84,303.11,0.85,151.5,0.16,303.11,0.15,151.5,0.17,18.46,0.18,35.07,0.01,0.01,2340.727917,1776189822000
1776189824.138,224.138,0.83,18.46,0.82,35.07,0.84,303.11,0.85,151.5,0.16,303.11,0.15,151.5,0.17,18.46,0.18,35.07,0.01,0.01,2340.728571,1776189823000
1776189825.304,225.304,0.83,18.46,0.82,35.07,0.84,303.11,0.85,151.5,0.16,303.11,0.15,151.5,0.17,18.46,0.18,35.07,0.01,0.01,2340.714127,1776189824000
1776189825.868,225.868,0.83,21.46,0.82,20.07,0.84,306.81,0.85,172.08,0.16,303.11,0.15,151.5,0.17,18.46,0.18,35.07,0.01,0.01,2340.714127,1776189824000
1776189826.37,226.37,0.83,21.46,0.82,20.07,0.84,306.81,0.85,172.08,0.16,306.81,0.15,172.08,0.17,21.46,0.18,20.07,0.01,0.01,2340.714848,1776189825000
1776189826.942,226.942,0.83,21.46,0.82,20.07,0.84,306.81,0.85,172.08,0.16,306.81,0.15,172.08,0.17,21.46,0.18,20.07,0.01,0.01,2340.715208,1776189826000
1776189827.21,227.21,0.83,189.5,0.82,265.57,0.85,65.0,0.86,345.0,0.16,306.81,0.15,172.08,0.17,21.46,0.18,20.07,0.02,0.01,2340.715208,1776189826000
1776189828.12,228.12,0.83,189.5,0.82,265.57,0.85,65.0,0.86,345.0,0.15,65.0,0.14,345.0,0.17,189.5,0.18,265.57,0.02,0.02,2340.699936,1776189827000
1776189828.559,228.559,0.87,145.49,0.86,349.5,0.88,137.27,0.89,170.0,0.15,65.0,0.14,345.0,0.17,189.5,0.18,265.57,0.01,0.02,2340.699936,1776189827000
1776189829.206,229.206,0.87,200.49,0.86,349.5,0.88,121.58,0.89,170.0,0.12,121.58,0.11,170.0,0.13,200.49,0.14,349.5,0.01,0.01,2340.851755,1776189828000
1776189829.413,229.413,0.87,354.4,0.86,184.5,0.88,121.58,0.89,170.0,0.12,121.58,0.11,170.0,0.13,365.1,0.14,184.5,0.01,0.01,2340.851755,1776189828000
1776189829.814,229.814,0.87,359.4,0.86,184.5,0.88,99.3,0.89,170.0,0.12,121.58,0.11,170.0,0.13,354.4,0.14,184.5,0.01,0.01,2340.851755,1776189828000
1776189830.371,230.371,0.87,359.4,0.86,184.5,0.88,99.3,0.89,170.0,0.12,99.3,0.11,170.0,0.13,359.4,0.14,184.5,0.01,0.01,2341.15199,1776189829000
1776189830.903,230.903,0.87,359.4,0.86,184.5,0.88,99.3,0.89,170.0,0.12,99.3,0.11,170.0,0.13,359.4,0.14,184.5,0.01,0.01,2341.177712,1776189830000
1776189832.101,232.101,0.87,359.4,0.86,184.5,0.88,99.3,0.89,170.0,0.12,99.3,0.11,170.0,0.13,359.4,0.14,184.5,0.01,0.01,2341.175077,1776189831000
1776189832.564,232.564,0.87,433.49,0.86,209.5,0.88,4.54,0.89,170.0,0.12,99.3,0.11,170.0,0.13,359.4,0.14,184.5,0.01,0.01,2341.175077,1776189831000
1776189833.432,233.432,0.87,433.49,0.86,209.5,0.88,4.54,0.89,170.0,0.12,4.54,0.11,170.0,0.13,433.49,0.14,209.5,0.01,0.01,2341.173255,1776189832000
1776189833.883,233.883,0.87,482.49,0.86,255.16,0.88,2.26,0.89,145.0,0.12,4.54,0.11,170.0,0.13,433.49,0.14,209.5,0.01,0.01,2341.173255,1776189832000
1776189835.042,235.042,0.87,482.49,0.86,255.16,0.88,2.26,0.89,145.0,0.12,2.26,0.11,145.0,0.13,482.49,0.14,255.16,0.01,0.01,2341.172294,1776189834000
1776189835.869,235.869,0.87,38.03,0.86,75.5,0.88,15.0,0.89,153.05,0.11,158.05,0.1,241.0,0.12,318.53,0.13,212.5,0.01,0.01,2341.172294,1776189834000
1776189836.19,236.19,0.86,26.96,0.85,255.5,0.88,10.0,0.89,163.55,0.12,10.0,0.11,163.55,0.14,26.96,0.15,255.5,0.02,0.02,2341.216509,1776189835000
1776189836.481,236.481,0.85,48.03,0.84,35.5,0.88,20.0,0.89,163.55,0.13,15.0,0.12,10.0,0.15,115.52,0.16,85.5,0.03,0.02,2341.216509,1776189835000
1776189836.731,236.731,0.86,41.0,0.85,42.99,0.88,25.0,0.89,163.55,0.12,20.0,0.11,163.55,0.15,48.03,0.16,35.5,0.02,0.03,2341.216509,1776189835000
1776189837.302,237.302,0.86,69.96,0.85,48.46,0.88,19.39,0.89,218.55,0.12,19.39,0.11,218.55,0.14,69.96,0.15,48.46,0.02,0.02,2341.127335,1776189836000
1776189837.926,237.926,0.86,69.96,0.85,48.46,0.88,19.39,0.89,218.55,0.12,19.39,0.11,218.55,0.14,69.96,0.15,48.46,0.02,0.02,2341.022708,1776189837000
1776189839.1,239.1,0.88,330.46,0.87,168.5,0.89,135.98,0.9,241.0,0.11,135.98,0.1,241.0,0.12,330.46,0.13,168.5,0.01,0.01,2340.96771,1776189838000
1776189839.574,239.574,0.88,533.45,0.87,278.34,0.89,0.42,0.9,241.0,0.11,135.98,0.1,241.0,0.12,330.46,0.13,168.5,0.01,0.01,2340.96771,1776189838000
1776189839.879,239.879,0.9,499.7,0.89,72.5,0.91,5.77,0.92,260.0,0.09,60.88,0.08,260.0,0.11,15.5,0.12,395.5,0.01,0.02,2340.96771,1776189838000
1776189840.172,240.172,0.91,44.23,0.9,534.7,0.92,260.0,0.93,215.0,0.08,260.0,0.07,215.0,0.09,44.23,0.1,534.7,0.01,0.01,2341.134993,1776189839000
1776189840.578,240.578,0.91,341.19,0.9,331.24,0.92,273.0,0.93,215.0,0.08,268.0,0.07,215.0,0.09,201.19,0.1,511.24,0.01,0.01,2341.134993,1776189839000
1776189841.072,241.072,0.91,411.19,0.9,153.0,0.92,148.0,0.93,215.0,0.08,273.0,0.07,215.0,0.09,341.19,0.1,331.24,0.01,0.01,2341.134993,1776189839000
1776189841.653,241.653,0.91,590.19,0.9,123.0,0.93,114.62,0.94,285.0,0.08,148.0,0.07,215.0,0.09,411.19,0.1,153.0,0.02,0.01,2341.134993,1776189839000
1776189841.866,241.866,0.93,27.4,0.92,384.14,0.94,135.0,0.95,882.4,0.07,10.6,0.06,135.0,0.08,384.14,0.09,280.23,0.01,0.01,2341.134993,1776189839000
1776189842.106,242.106,0.93,281.91,0.92,219.14,0.94,5.0,0.95,798.63,0.05,848.63,0.04,85.27,0.07,276.91,0.08,209.14,0.01,0.02,2341.20602,1776189840000
1776189842.332,242.332,0.93,286.91,0.92,219.14,0.95,277.74,0.96,85.27,0.05,738.74,0.04,85.27,0.07,276.91,0.08,219.14,0.02,0.02,2341.20602,1776189840000
1776189842.635,242.635,0.93,488.87,0.92,291.14,0.95,24.2,0.96,85.27,0.05,221.57,0.04,85.27,0.07,286.91,0.08,219.14,0.02,0.02,2341.20602,1776189840000
1776189842.874,242.874,0.94,289.3,0.93,114.91,0.95,3.68,0.96,85.27,0.05,10.0,0.04,85.27,0.06,99.3,0.07,488.87,0.01,0.01,2341.20602,1776189840000
1776189843.081,243.081,0.94,515.26,0.93,116.91,0.96,7.37,0.97,286.0,0.04,27.37,0.03,286.0,0.06,505.26,0.07,116.91,0.02,0.02,2341.37266,1776189841000
1776189843.416,243.416,0.95,257.0,0.94,163.3,0.96,8.58,0.97,286.0,0.04,2.37,0.03,286.0,0.05,12.0,0.06,299.3,0.01,0.01,2341.37266,1776189841000
1776189843.845,243.845,0.96,555.48,0.95,116.0,0.97,311.66,0.98,510.23,0.03,268.0,0.02,510.23,0.04,10.0,0.05,257.0,0.01,0.01,2341.37266,1776189841000
1776189844.159,244.159,0.96,600.48,0.95,116.0,0.97,286.55,0.98,510.23,0.03,288.62,0.02,510.23,0.04,555.48,0.05,116.0,0.01,0.01,2341.37266,1776189841000
1776189844.441,244.441,0.96,664.84,0.95,166.0,0.98,260.23,0.99,2101.86,0.03,247.73,0.02,510.23,0.04,587.53,0.05,166.0,0.02,0.01,2341.57422,1776189842000
1776189844.802,244.802,0.97,315.58,0.96,352.89,0.98,245.73,0.99,2101.86,0.02,260.23,0.01,2101.86,0.04,664.84,0.05,166.0,0.01,0.02,2341.57422,1776189842000
1776189845.03,245.03,0.97,292.58,0.96,328.89,0.98,232.73,0.99,2101.86,0.02,237.73,0.01,2101.86,0.03,315.58,0.04,352.89,0.01,0.01,2341.57422,1776189842000
1776189845.266,245.266,0.97,292.58,0.96,328.89,0.98,227.73,0.99,2101.86,0.02,227.73,0.01,2101.86,0.03,292.58,0.04,328.89,0.01,0.01,2342.628967,1776189843000
1776189845.636,245.636,0.97,291.22,0.96,318.19,0.98,239.67,0.99,2001.86,0.02,221.67,0.01,2001.86,0.03,296.22,0.04,328.89,0.01,0.01,2342.628967,1776189843000
1776189845.838,245.838,0.97,403.56,0.96,318.19,0.98,214.45,0.99,2001.86,0.02,214.45,0.01,2001.86,0.03,291.22,0.04,318.19,0.01,0.01,2342.628967,1776189843000
1776189846.103,246.103,0.97,377.94,0.96,318.19,0.98,207.27,0.99,2001.86,0.02,209.32,0.01,2001.86,0.03,382.94,0.04,318.19,0.01,0.01,2342.628967,1776189843000
1776189846.34,246.34,0.97,377.94,0.96,318.19,0.98,201.15,0.99,2001.86,0.02,203.2,0.01,2001.86,0.03,377.94,0.04,318.19,0.01,0.01,2342.791096,1776189844000
1776189846.541,246.541,0.97,382.94,0.96,318.19,0.98,133.89,0.99,1638.26,0.02,134.92,0.01,1638.26,0.03,382.94,0.04,318.19,0.01,0.01,2342.791096,1776189844000
1776189846.752,246.752,0.97,364.91,0.96,308.19,0.98,23.1,0.99,1638.26,0.02,25.14,0.01,1638.26,0.03,364.91,0.04,308.19,0.01,0.01,2342.791096,1776189844000
1776189846.974,246.974,0.97,359.91,0.96,307.89,0.98,48.46,,,,,,,0.03,364.91,0.04,411.89,0.01,,2342.791096,1776189844000
1776189847.296,247.296,0.99,133.04,0.98,156.0,,,,,0.01,17.96,,,0.02,20.0,0.03,498.61,,0.01,2342.869685,1776189845000
1776189847.662,247.662,0.99,2732.06,0.98,371.93,,,,,,,,,0.01,133.04,0.02,156.0,,,2342.869685,1776189845000
1776189847.999,247.999,0.99,2724.93,0.98,371.93,,,,,,,,,0.01,2724.93,0.02,371.93,,,2342.84771,1776189846000
1776189848.274,248.274,0.99,2643.61,0.98,430.03,,,,,,,,,0.01,2743.61,0.02,460.03,,,2342.84771,1776189846000
1776189848.519,248.519,0.99,2642.39,0.98,430.03,,,,,,,,,0.01,2643.61,0.02,430.03,,,2342.84771,1776189846000
1776189848.85,248.85,0.99,2645.5,0.98,430.03,,,,,,,,,0.01,2631.7,0.02,430.03,,,2342.84771,1776189846000
1776189849.083,249.083,0.99,2639.6,0.98,430.03,,,,,,,,,0.01,2639.6,0.02,430.03,,,2343.078226,1776189847000
1776189849.568,249.568,0.99,2666.97,0.98,459.88,,,,,,,,,0.01,2638.24,0.02,459.88,,,2343.078226,1776189847000
1776189849.911,249.911,0.99,2671.74,0.98,459.88,,,,,,,,,0.01,2666.97,0.02,459.88,,,2343.078226,1776189847000
1776189850.114,250.114,0.99,2656.78,0.98,459.88,,,,,,,,,0.01,2669.34,0.02,459.88,,,2343.22877,1776189848000
1776189850.39,250.39,0.99,2550.32,0.98,459.88,,,,,,,,,0.01,2555.39,0.02,459.88,,,2343.22877,1776189848000
1776189850.599,250.599,0.99,2529.97,0.98,459.88,,,,,,,,,0.01,2550.32,0.02,459.88,,,2343.22877,1776189848000
1776189850.866,250.866,0.99,2528.73,0.98,459.88,,,,,,,,,0.01,2528.73,0.02,459.88,,,2343.24952,1776189849000
1776189851.331,251.331,0.99,2518.16,0.98,357.88,,,,,,,,,0.01,2519.73,0.02,357.88,,,2343.24952,1776189849000
1776189851.743,251.743,0.99,2518.16,0.98,357.88,,,,,,,,,0.01,2518.16,0.02,357.88,,,2343.260578,1776189850000
1776189852.406,252.406,0.99,2525.15,0.98,357.88,,,,,,,,,0.01,2518.16,0.02,357.88,,,2343.260578,1776189850000
1776189853.15,253.15,0.99,2519.7,0.98,357.88,,,,,,,,,0.01,2519.7,0.02,357.88,,,2343.258866,1776189852000
1776189853.72,253.72,0.99,2871.3,0.98,357.88,,,,,,,,,0.01,2519.7,0.02,357.88,,,2343.258866,1776189852000
1776189854.708,254.708,0.99,2871.3,0.98,357.88,,,,,,,,,0.01,2871.3,0.02,357.88,,,2343.359352,1776189853000
1776189855.412,255.412,0.99,2870.42,0.98,357.88,,,,,,,,,0.01,2870.42,0.02,357.88,,,2343.428409,1776189854000
1776189856.365,256.365,0.99,2870.42,0.98,357.88,,,,,,,,,0.01,2870.42,0.02,357.88,,,2343.64908,1776189855000
1776189856.747,256.747,0.99,2667.6,0.98,374.91,,,,,,,,,0.01,2870.42,0.02,357.88,,,2343.64908,1776189855000
1776189856.996,256.996,0.99,2667.6,0.98,374.91,,,,,,,,,0.01,2667.6,0.02,374.91,,,2343.714455,1776189856000
1776189857.796,257.796,0.99,2662.7,0.98,374.91,,,,,,,,,0.01,2667.6,0.02,374.91,,,2343.714455,1776189856000
1776189858.769,258.769,0.99,2662.7,0.98,374.91,,,,,,,,,0.01,2662.7,0.02,374.91,,,2343.204888,1776189857000
1776189859.427,259.427,0.99,2662.7,0.98,374.91,,,,,,,,,0.01,2662.7,0.02,374.91,,,2343.040283,1776189858000
1776189859.68,259.68,0.99,2627.7,0.98,374.91,,,,,,,,,0.01,2662.7,0.02,374.91,,,2343.040283,1776189858000
1776189860.221,260.221,0.99,2627.7,0.98,374.91,,,,,,,,,0.01,2627.7,0.02,374.91,,,2343.091875,1776189859000
1776189861.486,261.486,0.99,1632.7,0.98,374.91,,,,,,,,,0.01,2627.7,0.02,374.91,,,2343.091875,1776189859000
1776189861.914,261.914,0.99,1632.7,0.98,374.91,,,,,,,,,0.01,1632.7,0.02,374.91,,,2343.156218,1776189860000
1776189862.391,262.391,0.99,1632.7,0.98,374.91,,,,,,,,,0.01,1632.7,0.02,374.91,,,2343.148185,1776189861000
1776189863.004,263.004,0.99,1734.64,0.98,336.88,,,,,,,,,0.01,1632.7,0.02,374.91,,,2343.148185,1776189861000
1776189863.665,263.665,0.99,1734.64,0.98,336.88,,,,,,,,,0.01,1734.64,0.02,336.88,,,2343.151892,1776189862000
1776189864.19,264.19,0.99,1734.64,0.98,336.88,,,,,,,,,0.01,1734.64,0.02,336.88,,,2343.229302,1776189863000
1776189865.194,265.194,0.99,1734.64,0.98,336.88,,,,,,,,,0.01,1734.64,0.02,336.88,,,2343.289906,1776189864000
1776189866.243,266.243,0.99,2662.64,0.98,336.88,,,,,,,,,0.01,2678.89,0.02,336.88,,,2343.289906,1776189864000
1776189867.27,267.27,0.99,2662.64,0.98,336.88,,,,,,,,,0.01,2662.64,0.02,336.88,,,2343.374542,1776189866000
1776189868.311,268.311,0.99,2662.64,0.98,336.88,,,,,,,,,0.01,2662.64,0.02,336.88,,,2343.281757,1776189867000
1776189869.314,269.314,0.99,2662.64,0.98,336.88,,,,,,,,,0.01,2662.64,0.02,336.88,,,2343.273469,1776189868000
1776189869.819,269.819,0.99,1494.74,0.98,374.91,,,,,,,,,0.01,2662.64,0.02,336.88,,,2343.273469,1776189868000
1776189870.391,270.391,0.99,1439.99,0.98,374.91,,,,,,,,,0.01,1439.99,0.02,374.91,,,2343.270163,1776189869000
1776189870.715,270.715,0.99,419.99,0.98,374.91,,,,,,,,,0.01,1439.99,0.02,374.91,,,2343.270163,1776189869000
1776189870.951,270.951,0.99,419.99,0.98,374.91,,,,,,,,,0.01,419.99,0.02,374.91,,,2343.19483,1776189870000
1776189871.91,271.91,0.99,419.99,0.98,374.91,,,,,,,,,0.01,419.99,0.02,374.91,,,2342.655284,1776189871000
1776189872.97,272.97,0.99,419.99,0.98,374.91,,,,,,,,,0.01,419.99,0.02,374.91,,,2342.597644,1776189872000
1776189873.976,273.976,0.99,419.99,0.98,374.91,,,,,,,,,0.01,419.99,0.02,374.91,,,2342.561302,1776189873000
1776189874.99,274.99,0.99,419.99,0.98,374.91,,,,,,,,,0.01,419.99,0.02,374.91,,,2342.556522,1776189874000
1776189875.981,275.981,0.99,419.99,0.98,374.91,,,,,,,,,0.01,419.99,0.02,374.91,,,2342.516017,1776189875000
1776189876.47,276.47,0.99,357.75,0.98,153.18,,,,,,,,,0.01,419.99,0.02,374.91,,,2342.516017,1776189875000
1776189877.235,277.235,0.99,357.75,0.98,153.18,,,,,,,,,0.01,357.75,0.02,153.18,,,2342.427848,1776189876000
1776189878.388,278.388,0.99,357.75,0.98,153.18,,,,,,,,,0.01,357.75,0.02,153.18,,,2342.36127,1776189877000
1776189878.998,278.998,0.99,357.75,0.98,153.18,,,,,,,,,0.01,357.75,0.02,153.18,,,2342.312939,1776189878000
1776189880.375,280.375,0.99,357.75,0.98,153.18,,,,,,,,,0.01,357.75,0.02,153.18,,,2342.228819,1776189879000
1776189880.977,280.977,0.99,166.79,0.98,191.21,,,,,,,,,0.01,357.75,0.02,153.18,,,2342.228819,1776189879000
1776189881.409,281.409,0.99,166.79,0.98,191.21,,,,,,,,,0.01,166.79,0.02,191.21,,,2342.021935,1776189880000
1776189881.81,281.81,0.99,16.79,0.98,73.26,,,,,,,,,0.01,166.79,0.02,191.21,,,2342.021935,1776189880000
1776189883.216,283.216,0.99,16.79,0.98,73.26,,,,,,,,,0.01,16.79,0.02,73.26,,,2341.606609,1776189882000
1776189884.391,284.391,0.99,16.79,0.98,73.26,,,,,,,,,0.01,16.79,0.02,73.26,,,2341.466752,1776189883000
1776189884.618,284.618,0.98,177.0,0.97,108.0,0.99,4.71,,,0.01,5.73,,,0.02,157.0,0.03,90.0,0.01,0.01,2341.466752,1776189883000
1776189884.911,284.911,0.98,177.0,0.97,108.0,,,,,,,,,0.02,177.0,0.03,108.0,,,2341.466752,1776189884000
1776189885.321,285.321,0.99,30.11,0.98,141.0,,,,,,,,,0.02,177.0,0.03,108.0,,,2341.466752,1776189884000
1776189885.587,285.587,0.99,19.77,0.98,138.97,,,,,,,,,0.01,30.11,0.02,141.0,,,2341.466752,1776189884000
1776189886.145,286.145,0.99,19.77,0.98,138.97,,,,,,,,,0.01,19.77,0.02,138.97,,,2341.526659,1776189885000
1776189887.283,287.283,0.99,19.77,0.98,138.97,,,,,,,,,0.01,19.77,0.02,138.97,,,2341.545296,1776189886000
1776189888.403,288.403,0.99,19.77,0.98,138.97,,,,,,,,,0.01,19.77,0.02,138.97,,,2341.579794,1776189887000
1776189888.911,288.911,0.99,19.77,0.98,138.97,,,,,,,,,0.01,19.77,0.02,138.97,,,2341.669543,1776189888000
1776189890.193,290.193,0.99,19.77,0.98,138.97,,,,,,,,,0.01,19.77,0.02,138.97,,,2341.764911,1776189889000
1776189891.425,291.425,0.99,19.77,0.98,138.97,,,,,,,,,0.01,19.77,0.02,138.97,,,2341.880526,1776189890000
1776189892.409,292.409,0.99,19.77,0.98,138.97,,,,,,,,,0.01,19.77,0.02,138.97,,,2342.023651,1776189891000
1776189892.926,292.926,0.99,19.77,0.98,138.97,,,,,,,,,0.01,19.77,0.02,138.97,,,2342.180825,1776189892000
1776189893.957,293.957,0.99,19.77,0.98,138.97,,,,,,,,,0.01,19.77,0.02,138.97,,,2342.393184,1776189893000
1776189895.09,295.09,0.99,19.77,0.98,138.97,,,,,,,,,0.01,19.77,0.02,138.97,,,2342.2781,1776189894000
1776189895.979,295.979,0.99,19.77,0.98,138.97,,,,,,,,,0.01,19.77,0.02,138.97,,,2342.003,1776189895000
1776189897.039,297.039,0.99,6469.89,0.98,56.02,,,,,,,,,0.01,6469.89,0.02,56.02,,,2342.043329,1776189896000
1776189897.919,297.919,0.99,6469.89,0.98,56.02,,,,,,,,,0.01,6469.89,0.02,56.02,,,2341.999826,1776189897000
1776189899.009,299.009,0.99,6469.89,0.98,56.02,,,,,,,,,0.01,6469.89,0.02,56.02,,,2341.9532,1776189898000
1776189899.668,299.668,0.99,23094.62,0.98,119.02,,,,,,,,,0.01,6469.89,0.02,56.02,,,2341.9532,1776189898000
1776189899.953,299.953,0.99,23094.62,0.98,119.02,,,,,,,,,0.01,23094.62,0.02,119.02,,,2341.9032,1776189899000
1776189900.402,300.402,0.99,62234.6,0.98,112.0,,,,,,,,,0.01,23094.62,0.02,119.02,,,2341.9032,1776189899000
1776189901.006,301.006,0.99,62234.6,0.98,112.0,,,,,,,,,0.01,62234.6,0.02,112.0,,,2342.38402,1776189900000
1776189901.97,301.97,0.99,62234.6,0.98,112.0,,,,,,,,,0.01,62234.6,0.02,112.0,,,2342.502594,1776189901000

# RESULT,winner=Up,slug=eth-updown-5m-1776189600,ticks=585
