timestamp,elapsed_sec,up_bid_p1,up_bid_s1,up_bid_p2,up_bid_s2,up_ask_p1,up_ask_s1,up_ask_p2,up_ask_s2,down_bid_p1,down_bid_s1,down_bid_p2,down_bid_s2,down_ask_p1,down_ask_s1,down_ask_p2,down_ask_s2,up_spread,down_spread,eth_price,eth_oracle_ts
1776234001.259,1.259,,,,,,,,,,,,,,,,,,,2320.436165,1776234000000
1776234001.488,1.488,0.58,10.0,0.56,5.0,0.59,111.0,0.6,84.0,0.41,85.0,0.4,84.0,0.42,10.0,0.44,5.0,0.01,0.01,2320.436165,1776234000000
1776234001.878,1.878,0.58,10.0,0.56,5.0,0.59,85.0,0.6,84.0,0.41,85.0,0.4,84.0,0.42,10.0,0.44,5.0,0.01,0.01,2320.436165,1776234000000
1776234002.187,2.187,0.58,10.0,0.56,5.0,0.59,69.0,0.6,84.0,0.41,85.0,0.4,84.0,0.42,10.0,0.44,5.0,0.01,0.01,2320.436165,1776234000000
1776234003.351,3.351,0.64,5.0,0.58,10.0,0.66,50.0,0.68,5.0,0.41,69.0,0.4,84.0,0.42,10.0,0.44,5.0,0.02,0.01,2320.443249,1776234001000
1776234003.725,3.725,0.64,70.0,0.62,8.06,0.66,47.0,0.68,5.0,0.34,50.0,0.32,5.0,0.36,5.0,0.42,10.0,0.02,0.02,2320.68574,1776234002000
1776234003.935,3.935,0.58,15.0,0.57,210.0,0.66,22.0,0.68,5.0,0.34,37.0,0.32,5.0,0.42,15.0,0.43,210.0,0.08,0.08,2320.7869,1776234003000
1776234004.207,4.207,0.67,5.46,0.58,80.0,0.68,5.0,0.69,375.0,0.34,2.0,0.32,5.0,0.42,15.0,0.43,210.0,0.01,0.08,2320.7869,1776234003000
1776234004.79,4.79,0.66,65.0,0.61,50.0,0.69,305.0,0.71,70.0,0.31,355.0,0.29,120.0,0.42,80.0,0.43,250.0,0.03,0.11,2320.7869,1776234003000
1776234005.052,5.052,0.66,55.0,0.61,50.0,0.69,303.47,0.71,70.0,0.31,305.0,0.29,70.0,0.34,55.0,0.39,50.0,0.03,0.03,2320.886431,1776234004000
1776234005.345,5.345,0.66,50.88,0.61,50.0,0.7,6.66,0.71,70.0,0.31,303.47,0.29,70.0,0.34,55.0,0.39,50.0,0.04,0.03,2320.886431,1776234004000
1776234005.653,5.653,0.66,36.6,0.58,70.0,0.68,3.45,0.7,16.66,0.3,6.66,0.29,70.0,0.34,36.6,0.39,50.0,0.02,0.04,2320.886431,1776234004000
1776234005.978,5.978,0.66,27.95,0.62,5.0,0.69,5.0,0.7,16.66,0.31,5.0,0.3,16.66,0.34,27.95,0.38,5.0,0.03,0.03,2321.2769,1776234005000
1776234006.303,6.303,0.67,6.96,0.66,37.95,0.68,5.0,0.69,99.61,0.31,5.0,0.3,16.66,0.34,27.95,0.38,5.0,0.01,0.03,2321.2769,1776234005000
1776234006.533,6.533,0.66,33.29,0.65,10.0,0.68,5.0,0.69,99.61,0.32,5.0,0.31,99.61,0.33,6.96,0.34,37.95,0.02,0.01,2321.2769,1776234005000
1776234006.949,6.949,0.67,6.96,0.66,33.29,0.68,5.0,0.69,99.61,0.32,5.0,0.31,99.61,0.34,33.29,0.35,10.0,0.01,0.02,2321.2769,1776234005000
1776234007.379,7.379,0.67,11.96,0.66,38.29,0.68,13.38,0.69,159.61,0.32,5.0,0.31,99.61,0.33,6.96,0.34,33.29,0.01,0.01,2321.2769,1776234005000
1776234007.679,7.679,0.67,11.96,0.66,38.29,0.68,13.38,0.69,159.61,0.32,13.38,0.31,159.61,0.33,11.96,0.34,38.29,0.01,0.01,2321.30829,1776234006000
1776234008.218,8.218,0.67,16.96,0.66,38.29,0.68,3.52,0.69,159.61,0.32,3.52,0.31,159.61,0.33,16.96,0.34,38.29,0.01,0.01,2321.31709,1776234007000
1776234008.682,8.682,0.68,25.5,0.67,6.96,0.69,165.61,0.7,5.0,0.32,3.52,0.31,159.61,0.33,16.96,0.34,38.29,0.01,0.01,2321.31709,1776234007000
1776234008.882,8.882,0.68,22.37,0.67,6.96,0.69,163.61,0.7,10.0,0.31,153.61,0.3,10.0,0.32,25.5,0.33,6.96,0.01,0.01,2321.31709,1776234007000
1776234009.479,9.479,0.68,22.37,0.67,6.96,0.69,163.61,0.7,10.0,0.31,163.61,0.3,10.0,0.32,22.37,0.33,6.96,0.01,0.01,2321.306528,1776234008000
1776234009.957,9.957,0.68,7.18,0.67,17.46,0.69,158.61,0.7,20.0,0.31,158.61,0.3,20.0,0.32,7.18,0.33,17.46,0.01,0.01,2321.313733,1776234009000
1776234010.271,10.271,0.68,3.74,0.67,17.46,0.69,100.5,0.7,33.0,0.31,158.61,0.3,20.0,0.32,7.18,0.33,17.46,0.01,0.01,2321.313733,1776234009000
1776234010.539,10.539,0.68,7.33,0.67,17.46,0.69,127.75,0.7,33.0,0.31,100.5,0.3,33.0,0.32,3.74,0.33,17.46,0.01,0.01,2321.313733,1776234009000
1776234011.36,11.36,0.68,0.76,0.67,17.46,0.69,127.75,0.7,33.0,0.31,127.75,0.3,33.0,0.32,0.76,0.33,17.46,0.01,0.01,2321.40831,1776234010000
1776234012.444,12.444,0.68,0.76,0.67,17.46,0.69,129.85,0.7,23.0,0.31,129.85,0.3,23.0,0.32,0.76,0.33,17.46,0.01,0.01,2321.39025,1776234011000
1776234013.07,13.07,0.68,0.76,0.67,17.46,0.69,129.85,0.7,23.0,0.31,129.85,0.3,23.0,0.32,0.76,0.33,17.46,0.01,0.01,2321.39025,1776234012000
1776234013.754,13.754,0.66,21.95,0.65,30.5,0.67,43.03,0.68,36.5,0.33,40.5,0.32,36.5,0.34,16.95,0.35,15.5,0.01,0.01,2321.39025,1776234012000
1776234014.016,14.016,0.66,18.21,0.65,33.0,0.67,58.03,0.68,36.5,0.33,43.03,0.32,36.5,0.34,21.95,0.35,30.5,0.01,0.01,2321.39025,1776234012000
1776234014.272,14.272,0.66,18.21,0.65,33.0,0.67,58.03,0.68,36.5,0.33,58.03,0.32,36.5,0.34,18.21,0.35,33.0,0.01,0.01,2321.38025,1776234013000
1776234015.321,15.321,0.66,18.21,0.65,10.0,0.67,51.53,0.68,41.5,0.33,58.03,0.32,36.5,0.34,18.21,0.35,33.0,0.01,0.01,2321.38025,1776234013000
1776234015.702,15.702,0.66,2.21,0.61,10.0,0.67,74.53,0.68,86.5,0.33,51.53,0.32,41.5,0.34,18.21,0.35,10.0,0.01,0.01,2321.2489,1776234014000
1776234015.96,15.96,0.6,20.0,0.59,10.0,0.61,36.0,0.66,8.79,0.39,36.0,0.34,8.79,0.4,20.0,0.41,10.0,0.01,0.01,2321.23,1776234015000
1776234016.168,16.168,0.6,5.0,0.59,20.5,0.61,161.0,0.62,103.5,0.39,96.0,0.38,95.5,0.4,6.7,0.41,20.5,0.01,0.01,2321.23,1776234015000
1776234017.155,17.155,0.6,5.0,0.59,20.5,0.61,161.0,0.62,103.5,0.39,161.0,0.38,103.5,0.4,5.0,0.41,20.5,0.01,0.01,2321.0923,1776234016000
1776234017.852,17.852,0.59,30.5,0.58,30.5,0.61,160.5,0.62,110.5,0.39,161.0,0.38,103.5,0.4,5.0,0.41,20.5,0.02,0.01,2321.0923,1776234016000
1776234018.276,18.276,0.59,30.5,0.58,30.5,0.61,160.5,0.62,110.5,0.39,160.5,0.38,110.5,0.41,30.5,0.42,30.5,0.02,0.02,2321.034585,1776234017000
1776234019.004,19.004,0.54,10.17,0.53,113.7,0.61,165.5,0.62,110.5,0.39,160.5,0.38,110.5,0.41,30.5,0.42,30.5,0.07,0.02,2321.034585,1776234017000
1776234019.409,19.409,0.54,10.17,0.53,113.7,0.61,165.5,0.62,110.5,0.39,165.5,0.38,110.5,0.46,10.17,0.47,113.7,0.07,0.07,2321.013756,1776234018000
1776234020.321,20.321,0.56,17.77,0.55,25.5,0.58,25.0,0.59,15.0,0.39,165.5,0.38,110.5,0.46,10.17,0.47,113.7,0.02,0.07,2321.013756,1776234018000
1776234020.941,20.941,0.56,17.77,0.55,25.5,0.58,25.0,0.59,15.0,0.42,25.0,0.41,15.0,0.44,17.77,0.45,25.5,0.02,0.02,2321.015618,1776234020000
1776234021.199,21.199,0.57,45.5,0.56,2.77,0.59,8.3,0.6,15.0,0.41,10.0,0.4,15.0,0.43,35.5,0.44,7.77,0.02,0.02,2321.015618,1776234020000
1776234022.046,22.046,0.57,45.5,0.56,2.77,0.59,8.3,0.6,15.0,0.41,8.3,0.4,15.0,0.43,45.5,0.44,2.77,0.02,0.02,2321.01448,1776234021000
1776234022.29,22.29,0.52,16.97,0.51,137.84,0.59,23.3,0.6,15.0,0.41,8.3,0.4,15.0,0.43,45.5,0.44,2.77,0.07,0.02,2321.01448,1776234021000
1776234023.052,23.052,0.52,16.97,0.51,137.84,0.59,23.3,0.6,15.0,0.41,23.3,0.4,15.0,0.48,16.97,0.49,137.84,0.07,0.07,2320.93,1776234022000
1776234024.079,24.079,0.56,24.0,0.55,26.0,0.58,10.0,0.59,15.0,0.41,23.3,0.4,15.0,0.48,16.97,0.49,137.84,0.02,0.07,2320.93,1776234022000
1776234025.132,25.132,0.56,24.0,0.55,26.0,0.59,14.83,0.6,30.5,0.41,14.83,0.4,30.5,0.44,24.0,0.45,26.0,0.03,0.03,2320.93525,1776234024000
1776234026.148,26.148,0.56,24.0,0.55,26.0,0.59,14.83,0.6,30.5,0.41,14.83,0.4,30.5,0.44,24.0,0.45,26.0,0.03,0.03,2320.9461,1776234025000
1776234026.449,26.449,0.56,45.72,0.55,99.42,0.57,15.0,0.58,15.0,0.41,14.83,0.4,30.5,0.44,24.0,0.45,26.0,0.01,0.03,2320.9461,1776234025000
1776234027.19,27.19,0.56,45.72,0.55,99.42,0.57,15.0,0.58,15.0,0.43,15.0,0.42,15.0,0.44,45.72,0.45,99.42,0.01,0.01,2321.019572,1776234026000
1776234028.202,28.202,0.58,10.0,0.57,89.0,0.59,5.0,0.6,25.0,0.41,5.0,0.4,25.0,0.42,10.0,0.43,89.0,0.01,0.01,2320.973705,1776234027000
1776234029.192,29.192,0.58,10.0,0.57,89.0,0.59,5.0,0.6,25.0,0.41,5.0,0.4,25.0,0.42,10.0,0.43,89.0,0.01,0.01,2321.015973,1776234028000
1776234029.973,29.973,0.59,81.0,0.58,61.0,0.6,8.03,0.61,121.0,0.41,5.0,0.4,25.0,0.42,10.0,0.43,89.0,0.01,0.01,2321.015973,1776234028000
1776234030.278,30.278,0.59,81.0,0.58,61.0,0.6,8.03,0.61,121.0,0.4,8.03,0.39,121.0,0.41,81.0,0.42,61.0,0.01,0.01,2321.095865,1776234029000
1776234030.599,30.599,0.59,91.0,0.58,61.0,0.61,109.89,0.62,90.5,0.4,8.03,0.39,121.0,0.41,81.0,0.42,61.0,0.02,0.01,2321.095865,1776234029000
1776234031.185,31.185,0.59,91.0,0.58,61.0,0.61,109.89,0.62,90.5,0.39,109.89,0.38,90.5,0.41,91.0,0.42,61.0,0.02,0.02,2321.080865,1776234030000
1776234032.233,32.233,0.6,5.0,0.59,70.0,0.61,107.43,0.62,95.5,0.39,107.43,0.38,95.5,0.4,5.0,0.41,70.0,0.01,0.01,2321.083495,1776234031000
1776234032.763,32.763,0.6,139.5,0.59,77.0,0.61,3.36,0.66,19.71,0.39,107.43,0.38,95.5,0.4,5.0,0.41,70.0,0.01,0.01,2321.083495,1776234031000
1776234033.755,33.755,0.65,71.0,0.64,10.0,0.66,12.71,0.67,80.0,0.34,19.71,0.33,70.0,0.39,7.64,0.4,139.5,0.01,0.05,2321.083495,1776234031000
1776234033.964,33.964,0.65,86.0,0.64,10.0,0.67,80.0,0.68,70.0,0.34,9.55,0.33,80.0,0.35,76.0,0.36,15.0,0.02,0.01,2321.083495,1776234031000
1776234034.925,34.925,0.66,75.0,0.65,20.0,0.67,17.52,0.68,85.5,0.33,80.0,0.32,70.0,0.35,86.0,0.36,10.0,0.01,0.02,2321.074133,1776234032000
1776234035.143,35.143,0.66,75.0,0.65,20.0,0.67,17.52,0.68,85.5,0.33,17.52,0.32,85.5,0.34,75.0,0.35,20.0,0.01,0.01,2321.081705,1776234033000
1776234035.493,35.493,0.66,57.94,0.65,20.0,0.67,10.0,0.68,95.5,0.33,17.52,0.32,85.5,0.34,75.0,0.35,20.0,0.01,0.01,2321.081705,1776234033000
1776234035.883,35.883,0.66,57.94,0.65,20.0,0.67,10.0,0.68,95.5,0.33,10.0,0.32,95.5,0.34,57.94,0.35,20.0,0.01,0.01,2321.26752,1776234034000
1776234036.645,36.645,0.61,140.33,0.6,118.0,0.67,10.0,0.68,85.5,0.33,10.0,0.32,95.5,0.34,57.94,0.35,20.0,0.06,0.01,2321.26752,1776234034000
1776234036.88,36.88,0.61,140.33,0.6,118.0,0.67,10.0,0.68,85.5,0.33,10.0,0.32,85.5,0.39,140.33,0.4,118.0,0.06,0.06,2321.44895,1776234035000
1776234037.486,37.486,0.66,5.0,0.63,10.0,0.67,28.03,0.68,95.5,0.33,10.0,0.32,85.5,0.39,140.33,0.4,118.0,0.01,0.06,2321.44895,1776234035000
1776234038.332,38.332,0.66,5.0,0.63,10.0,0.67,28.03,0.68,95.5,0.33,28.03,0.32,95.5,0.34,5.0,0.37,10.0,0.01,0.01,2321.356655,1776234037000
1776234039.542,39.542,0.63,7.15,0.62,20.0,0.67,43.03,0.68,90.5,0.33,28.03,0.32,95.5,0.34,5.0,0.37,10.0,0.04,0.01,2321.356655,1776234037000
1776234040.412,40.412,0.64,5.0,0.63,7.15,0.65,33.35,0.66,25.5,0.33,43.03,0.32,90.5,0.37,7.15,0.38,20.0,0.01,0.04,2321.332495,1776234038000
1776234041.146,41.146,0.64,5.0,0.63,7.15,0.65,33.35,0.66,25.5,0.35,33.35,0.34,25.5,0.36,5.0,0.37,7.15,0.01,0.01,2321.302535,1776234040000
1776234042.407,42.407,0.64,17.0,0.63,7.15,0.65,28.35,0.66,15.0,0.35,33.35,0.34,25.5,0.36,5.0,0.37,7.15,0.01,0.01,2321.302535,1776234040000
1776234042.826,42.826,0.64,17.0,0.63,7.15,0.65,28.35,0.66,15.0,0.35,28.35,0.34,15.0,0.36,17.0,0.37,7.15,0.01,0.01,2321.301385,1776234041000
1776234043.494,43.494,0.64,17.0,0.63,7.15,0.65,28.35,0.66,15.0,0.35,28.35,0.34,15.0,0.36,17.0,0.37,7.15,0.01,0.01,2321.30105,1776234042000
1776234044.418,44.418,0.64,17.0,0.63,7.15,0.65,28.35,0.66,15.0,0.35,28.35,0.34,15.0,0.36,17.0,0.37,7.15,0.01,0.01,2321.298335,1776234043000
1776234045.256,45.256,0.64,17.0,0.63,7.15,0.65,28.35,0.66,15.0,0.35,28.35,0.34,15.0,0.36,17.0,0.37,7.15,0.01,0.01,2321.299135,1776234044000
1776234045.752,45.752,0.56,10.0,0.55,5.0,0.6,54.65,0.61,157.0,0.4,17.65,0.39,83.0,0.41,5.0,0.42,20.0,0.04,0.01,2321.299135,1776234044000
1776234046.903,46.903,0.56,10.0,0.55,5.0,0.6,54.65,0.61,157.0,0.4,54.65,0.39,157.0,0.44,10.0,0.45,5.0,0.04,0.04,2321.308575,1776234045000
1776234047.696,47.696,0.56,8.62,0.55,5.0,0.57,92.5,0.58,25.5,0.43,92.5,0.42,25.5,0.44,8.62,0.45,5.0,0.01,0.01,2321.192216,1776234046000
1776234048.107,48.107,0.54,5.0,0.53,10.0,0.56,97.5,0.57,71.5,0.43,92.5,0.42,25.5,0.44,8.62,0.45,5.0,0.02,0.01,2321.192216,1776234046000
1776234048.428,48.428,0.53,10.0,0.52,10.0,0.56,97.5,0.57,71.5,0.44,97.5,0.43,71.5,0.47,10.0,0.48,10.0,0.03,0.03,2321.0043,1776234047000
1776234049.136,49.136,0.53,54.95,0.52,25.0,0.55,9.69,0.56,66.5,0.44,97.5,0.43,71.5,0.47,10.0,0.48,10.0,0.02,0.03,2321.0043,1776234047000
1776234049.596,49.596,0.54,85.89,0.53,25.0,0.55,46.69,0.56,66.5,0.45,9.69,0.44,66.5,0.47,54.95,0.48,25.0,0.01,0.02,2320.99215,1776234048000
1776234050.569,50.569,0.54,105.89,0.53,25.0,0.55,44.69,0.56,66.5,0.45,46.69,0.44,66.5,0.46,85.89,0.47,25.0,0.01,0.01,2320.99215,1776234048000
1776234050.773,50.773,0.54,110.89,0.53,25.0,0.55,36.06,0.56,66.5,0.45,36.06,0.44,66.5,0.46,110.89,0.47,25.0,0.01,0.01,2320.852265,1776234049000
1776234050.976,50.976,0.54,105.89,0.53,25.0,0.55,31.06,0.56,36.5,0.45,36.06,0.44,66.5,0.46,110.89,0.47,25.0,0.01,0.01,2320.852265,1776234049000
1776234051.488,51.488,0.54,95.45,0.53,25.0,0.55,21.06,0.56,26.0,0.45,21.06,0.44,26.0,0.46,95.45,0.47,25.0,0.01,0.01,2320.812265,1776234050000
1776234051.889,51.889,0.54,95.46,0.53,46.5,0.55,9.11,0.56,11.0,0.45,19.11,0.44,11.0,0.46,90.45,0.47,25.0,0.01,0.01,2320.812265,1776234050000
1776234052.189,52.189,0.55,30.0,0.54,80.46,0.59,14.58,0.6,85.5,0.44,1.0,0.41,15.5,0.45,15.0,0.46,85.46,0.04,0.01,2320.812265,1776234050000
1776234052.52,52.52,0.58,20.0,0.57,20.0,0.59,11.37,0.6,95.5,0.41,14.58,0.4,85.5,0.45,30.0,0.46,80.46,0.01,0.04,2320.811905,1776234051000
1776234053.141,53.141,0.58,17.45,0.57,20.0,0.59,6.02,0.6,95.5,0.41,6.02,0.4,95.5,0.42,17.45,0.43,20.0,0.01,0.01,2320.838538,1776234052000
1776234053.341,53.341,0.57,25.0,0.56,30.0,0.58,47.32,0.59,21.02,0.41,6.02,0.4,95.5,0.42,17.45,0.43,20.0,0.01,0.01,2320.838538,1776234052000
1776234053.64,53.64,0.57,5.0,0.56,20.0,0.58,53.0,0.59,21.02,0.42,47.32,0.41,21.02,0.43,25.0,0.44,30.0,0.01,0.01,2320.838538,1776234052000
1776234053.862,53.862,0.57,5.0,0.56,20.0,0.58,51.1,0.59,21.02,0.42,53.0,0.41,21.02,0.43,5.0,0.44,20.0,0.01,0.01,2320.838538,1776234052000
1776234054.266,54.266,0.57,5.0,0.56,20.0,0.58,51.1,0.59,21.02,0.42,51.1,0.41,21.02,0.43,5.0,0.44,20.0,0.01,0.01,2320.8665,1776234053000
1776234054.609,54.609,0.54,5.01,0.53,20.0,0.58,107.19,0.59,32.92,0.42,51.1,0.41,21.02,0.43,5.0,0.44,20.0,0.04,0.01,2320.8665,1776234053000
1776234054.939,54.939,0.54,5.01,0.53,20.0,0.55,45.05,0.56,75.5,0.42,107.19,0.41,32.92,0.46,5.01,0.47,20.0,0.01,0.04,2320.8665,1776234053000
1776234055.165,55.165,0.54,5.01,0.53,20.0,0.55,45.05,0.56,75.5,0.45,45.05,0.44,75.5,0.46,5.01,0.47,20.0,0.01,0.01,2320.94054,1776234054000
1776234055.448,55.448,0.54,66.73,0.53,15.0,0.55,43.01,0.56,75.5,0.45,45.05,0.44,75.5,0.46,5.01,0.47,20.0,0.01,0.01,2320.94054,1776234054000
1776234056.198,56.198,0.54,66.73,0.53,15.0,0.55,43.01,0.56,75.5,0.45,43.01,0.44,75.5,0.46,66.73,0.47,15.0,0.01,0.01,2320.898368,1776234055000
1776234057.221,57.221,0.54,66.73,0.53,15.0,0.55,43.01,0.56,75.5,0.45,43.01,0.44,75.5,0.46,66.73,0.47,15.0,0.01,0.01,2320.8576,1776234056000
1776234058.159,58.159,0.54,66.73,0.53,15.0,0.55,43.01,0.56,75.5,0.45,43.01,0.44,75.5,0.46,66.73,0.47,15.0,0.01,0.01,2320.806161,1776234057000
1776234059.138,59.138,0.54,66.73,0.53,15.0,0.55,43.01,0.56,75.5,0.45,43.01,0.44,75.5,0.46,66.73,0.47,15.0,0.01,0.01,2320.8077,1776234058000
1776234059.792,59.792,0.54,43.14,0.53,25.0,0.55,33.01,0.56,60.0,0.45,43.01,0.44,75.5,0.46,66.73,0.47,15.0,0.01,0.01,2320.8077,1776234058000
1776234060.234,60.234,0.54,43.14,0.53,25.0,0.55,33.01,0.56,60.0,0.45,33.01,0.44,60.0,0.46,43.14,0.47,25.0,0.01,0.01,2320.877735,1776234059000
1776234061.25,61.25,0.54,43.14,0.53,25.0,0.55,33.01,0.56,60.0,0.45,33.01,0.44,60.0,0.46,43.14,0.47,25.0,0.01,0.01,2320.8227,1776234060000
1776234061.612,61.612,0.54,63.15,0.53,96.0,0.55,14.41,0.57,5.0,0.45,33.01,0.44,60.0,0.46,43.14,0.47,25.0,0.01,0.01,2320.8227,1776234060000
1776234061.926,61.926,0.6,49.5,0.59,37.0,0.61,65.5,0.62,15.0,0.45,14.41,0.43,5.0,0.46,63.15,0.47,96.0,0.01,0.01,2320.8227,1776234060000
1776234062.38,62.38,0.6,71.5,0.59,37.0,0.61,49.1,0.62,15.0,0.39,49.1,0.38,15.0,0.4,71.5,0.41,37.0,0.01,0.01,2320.8277,1776234061000
1776234063.304,63.304,0.6,71.5,0.59,37.0,0.61,49.1,0.62,15.0,0.39,49.1,0.38,15.0,0.4,71.5,0.41,37.0,0.01,0.01,2320.8284,1776234062000
1776234064.313,64.313,0.6,71.5,0.59,37.0,0.61,49.1,0.62,15.0,0.39,49.1,0.38,15.0,0.4,71.5,0.41,37.0,0.01,0.01,2321.013805,1776234063000
1776234065.243,65.243,0.6,81.5,0.59,42.0,0.61,60.9,0.62,15.0,0.39,60.9,0.38,15.0,0.4,81.5,0.41,42.0,0.01,0.01,2321.013685,1776234064000
1776234066.289,66.289,0.6,81.5,0.59,42.0,0.61,60.9,0.62,15.0,0.39,60.9,0.38,15.0,0.4,81.5,0.41,42.0,0.01,0.01,2321.013605,1776234065000
1776234066.769,66.769,0.6,86.5,0.59,42.0,0.61,35.29,0.62,15.0,0.39,60.9,0.38,15.0,0.4,81.5,0.41,42.0,0.01,0.01,2321.013605,1776234065000
1776234067.312,67.312,0.6,86.5,0.59,42.0,0.61,35.29,0.62,15.0,0.39,35.29,0.38,15.0,0.4,86.5,0.41,42.0,0.01,0.01,2321.015885,1776234066000
1776234068.401,68.401,0.6,86.5,0.59,42.0,0.61,35.29,0.62,15.0,0.39,35.29,0.38,15.0,0.4,86.5,0.41,42.0,0.01,0.01,2321.01054,1776234067000
1776234069.039,69.039,0.6,84.0,0.59,42.0,0.61,40.29,0.62,15.0,0.39,40.29,0.38,15.0,0.4,84.0,0.41,42.0,0.01,0.01,2321.004765,1776234068000
1776234070.178,70.178,0.6,84.0,0.59,42.0,0.61,40.29,0.62,15.0,0.39,40.29,0.38,15.0,0.4,84.0,0.41,42.0,0.01,0.01,2321.004515,1776234069000
1776234071.187,71.187,0.6,84.0,0.59,42.0,0.61,40.29,0.62,15.0,0.39,40.29,0.38,15.0,0.4,84.0,0.41,42.0,0.01,0.01,2321.043075,1776234070000
1776234071.68,71.68,0.6,158.0,0.59,32.0,0.63,20.5,0.64,26.11,0.39,40.29,0.38,15.0,0.4,84.0,0.41,42.0,0.03,0.01,2321.043075,1776234070000
1776234072.338,72.338,0.6,158.0,0.59,32.0,0.63,20.5,0.64,26.11,0.37,20.5,0.36,26.11,0.4,158.0,0.41,32.0,0.03,0.03,2320.99944,1776234071000
1776234072.978,72.978,0.6,158.0,0.59,32.0,0.63,20.5,0.64,26.11,0.37,20.5,0.36,26.11,0.4,158.0,0.41,32.0,0.03,0.03,2320.99818,1776234072000
1776234074.097,74.097,0.6,158.0,0.59,32.0,0.63,20.5,0.64,26.11,0.37,20.5,0.36,26.11,0.4,158.0,0.41,32.0,0.03,0.03,2321.011903,1776234073000
1776234075.065,75.065,0.6,158.0,0.59,32.0,0.63,20.5,0.64,26.11,0.37,20.5,0.36,26.11,0.4,158.0,0.41,32.0,0.03,0.03,2321.043975,1776234074000
1776234076.216,76.216,0.6,158.0,0.59,32.0,0.63,20.5,0.64,26.11,0.37,20.5,0.36,26.11,0.4,158.0,0.41,32.0,0.03,0.03,2321.006965,1776234075000
1776234077.29,77.29,0.6,158.0,0.59,32.0,0.63,20.5,0.64,26.11,0.37,20.5,0.36,26.11,0.4,158.0,0.41,32.0,0.03,0.03,2321.04675,1776234076000
1776234078.418,78.418,0.6,158.0,0.59,32.0,0.63,20.5,0.64,26.11,0.37,20.5,0.36,26.11,0.4,158.0,0.41,32.0,0.03,0.03,2321.00666,1776234077000
1776234078.939,78.939,0.6,158.0,0.59,32.0,0.63,20.5,0.64,26.11,0.37,20.5,0.36,26.11,0.4,158.0,0.41,32.0,0.03,0.03,2320.997715,1776234078000
1776234080.046,80.046,0.6,158.0,0.59,32.0,0.63,20.5,0.64,26.11,0.37,20.5,0.36,26.11,0.4,158.0,0.41,32.0,0.03,0.03,2320.98013,1776234079000
1776234081.63,81.63,0.6,22.5,0.58,10.0,0.61,47.5,0.62,20.5,0.37,20.5,0.36,26.11,0.4,158.0,0.41,32.0,0.01,0.03,2320.98013,1776234079000
1776234081.885,81.885,0.44,10.0,0.4,10.0,0.46,40.09,0.52,5.0,0.54,40.09,0.48,5.0,0.56,10.0,0.6,10.0,0.02,0.02,2320.962455,1776234080000
1776234082.137,82.137,0.31,70.0,0.3,15.5,0.35,70.92,0.36,90.5,0.55,60.5,0.54,70.0,0.7,17.1,0.71,17.5,0.04,0.15,2320.962455,1776234080000
1776234082.389,82.389,0.31,57.65,0.3,20.5,0.32,4.84,0.33,10.0,0.68,4.84,0.67,10.0,0.69,65.0,0.7,15.5,0.01,0.01,2320.962455,1776234080000
1776234082.752,82.752,0.31,73.15,0.3,20.5,0.35,100.76,0.36,95.5,0.65,100.76,0.64,95.5,0.69,73.15,0.7,20.5,0.04,0.04,2320.95742,1776234081000
1776234083.004,83.004,0.31,132.15,0.3,20.5,0.33,6.32,0.34,10.0,0.68,1.87,0.67,10.0,0.69,93.15,0.7,20.5,0.02,0.01,2320.95742,1776234081000
1776234083.301,83.301,0.31,83.15,0.3,103.22,0.34,10.0,0.35,10.0,0.66,10.0,0.65,10.0,0.69,83.15,0.7,103.22,0.03,0.03,2320.881414,1776234082000
1776234083.895,83.895,0.33,26.0,0.32,80.0,0.34,5.0,0.35,10.0,0.66,5.0,0.65,10.0,0.67,26.0,0.68,80.0,0.01,0.01,2320.422021,1776234083000
1776234084.423,84.423,0.33,124.33,0.32,102.5,0.37,10.0,0.38,5.0,0.66,5.0,0.65,10.0,0.67,26.0,0.68,80.0,0.04,0.01,2320.422021,1776234083000
1776234084.66,84.66,0.35,51.0,0.34,35.0,0.37,9.45,0.38,10.0,0.63,10.0,0.62,5.0,0.67,124.33,0.68,102.5,0.02,0.04,2320.422021,1776234083000
1776234085.262,85.262,0.38,12.16,0.37,32.0,0.4,5.0,0.41,10.5,0.63,9.45,0.62,10.0,0.65,51.0,0.66,35.0,0.02,0.02,2320.422021,1776234083000
1776234085.604,85.604,0.4,69.0,0.39,21.0,0.41,10.67,0.42,10.0,0.59,5.67,0.57,15.0,0.6,47.0,0.61,21.0,0.01,0.01,2319.6162,1776234084000
1776234085.858,85.858,0.4,69.0,0.39,21.0,0.41,10.67,0.42,10.0,0.59,10.67,0.58,10.0,0.6,69.0,0.61,21.0,0.01,0.01,2319.6162,1776234085000
1776234086.311,86.311,0.4,54.0,0.39,32.0,0.41,20.67,0.42,15.0,0.59,10.67,0.58,10.0,0.6,69.0,0.61,21.0,0.01,0.01,2319.6162,1776234085000
1776234086.971,86.971,0.4,62.9,0.39,42.5,0.41,1.51,0.43,10.0,0.59,14.67,0.58,15.0,0.6,52.4,0.61,32.0,0.01,0.01,2319.6162,1776234085000
1776234088.053,88.053,0.42,68.0,0.41,53.0,0.43,10.0,0.44,42.5,0.57,20.0,0.56,67.5,0.59,26.41,0.6,52.9,0.01,0.02,2319.77255,1776234086000
1776234088.689,88.689,0.42,68.0,0.41,63.5,0.43,2.0,0.44,42.5,0.57,10.0,0.56,42.5,0.58,68.0,0.59,53.0,0.01,0.01,2319.795613,1776234087000
1776234089.464,89.464,0.42,68.0,0.41,63.5,0.43,2.0,0.44,42.5,0.57,2.0,0.56,42.5,0.58,68.0,0.59,63.5,0.01,0.01,2320.00296,1776234088000
1776234090.037,90.037,0.42,68.0,0.41,63.5,0.43,2.0,0.44,42.5,0.57,2.0,0.56,42.5,0.58,68.0,0.59,63.5,0.01,0.01,2320.01946,1776234089000
1776234090.27,90.27,0.42,63.0,0.41,53.0,0.43,12.65,0.44,47.5,0.57,2.0,0.56,42.5,0.58,68.0,0.59,63.5,0.01,0.01,2320.01946,1776234089000
1776234090.886,90.886,0.42,38.0,0.41,53.0,0.43,2.67,0.44,47.5,0.57,12.65,0.56,47.5,0.58,33.0,0.59,53.0,0.01,0.01,2320.01946,1776234089000
1776234091.118,91.118,0.42,38.0,0.41,53.0,0.43,2.67,0.44,47.5,0.57,2.67,0.56,47.5,0.58,38.0,0.59,53.0,0.01,0.01,2320.045351,1776234090000
1776234092.095,92.095,0.45,83.0,0.44,41.5,0.46,1.2,0.47,35.5,0.54,5.0,0.52,40.0,0.57,84.5,0.58,113.5,0.01,0.03,2320.045351,1776234090000
1776234092.341,92.341,0.45,76.18,0.44,46.5,0.46,6.2,0.47,30.5,0.54,1.2,0.53,35.5,0.55,83.0,0.56,41.5,0.01,0.01,2320.0235,1776234091000
1776234093.687,93.687,0.44,12.18,0.42,95.5,0.46,21.7,0.47,35.5,0.54,6.2,0.53,30.5,0.55,76.18,0.56,46.5,0.02,0.01,2320.0235,1776234091000
1776234094.424,94.424,0.44,12.18,0.42,95.5,0.46,21.7,0.47,35.5,0.54,21.7,0.53,35.5,0.56,12.18,0.58,95.5,0.02,0.02,2320.15835,1776234093000
1776234094.634,94.634,0.42,92.68,0.41,70.0,0.46,31.7,0.47,30.5,0.54,21.7,0.53,35.5,0.56,12.18,0.58,95.5,0.04,0.02,2320.15835,1776234093000
1776234094.929,94.929,0.42,131.0,0.41,70.5,0.43,4.18,0.44,10.0,0.54,31.7,0.53,30.5,0.58,92.68,0.59,70.0,0.01,0.04,2320.15835,1776234093000
1776234095.433,95.433,0.42,114.25,0.41,70.5,0.43,4.18,0.44,10.0,0.57,4.18,0.56,10.0,0.58,131.0,0.59,70.5,0.01,0.01,2320.151045,1776234094000
1776234096.11,96.11,0.42,114.25,0.41,70.5,0.43,4.18,0.44,10.0,0.57,4.18,0.56,10.0,0.58,114.25,0.59,70.5,0.01,0.01,2320.18023,1776234095000
1776234097.383,97.383,0.42,129.25,0.41,75.5,0.44,10.0,0.45,30.5,0.57,4.18,0.56,10.0,0.58,114.25,0.59,70.5,0.02,0.01,2320.18023,1776234095000
1776234097.787,97.787,0.42,129.25,0.41,75.5,0.44,10.0,0.45,30.5,0.56,10.0,0.55,30.5,0.58,129.25,0.59,75.5,0.02,0.02,2320.16711,1776234096000
1776234098.237,98.237,0.42,129.25,0.41,75.5,0.44,10.0,0.45,30.5,0.56,10.0,0.55,30.5,0.58,129.25,0.59,75.5,0.02,0.02,2320.12635,1776234097000
1776234099.15,99.15,0.42,129.25,0.41,75.5,0.44,10.0,0.45,30.5,0.56,10.0,0.55,30.5,0.58,129.25,0.59,75.5,0.02,0.02,2320.169145,1776234098000
1776234100.208,100.208,0.43,39.5,0.42,82.08,0.45,20.0,0.46,20.0,0.56,10.0,0.55,30.5,0.58,129.25,0.59,75.5,0.02,0.02,2320.169145,1776234098000
1776234101.214,101.214,0.43,44.5,0.42,77.08,0.45,9.37,0.46,20.0,0.55,9.37,0.54,20.0,0.57,44.5,0.58,77.08,0.02,0.02,2320.18795,1776234100000
1776234101.666,101.666,0.43,24.0,0.42,68.25,0.44,21.4,0.45,24.37,0.55,9.37,0.54,20.0,0.57,44.5,0.58,77.08,0.01,0.02,2320.18795,1776234100000
1776234102.222,102.222,0.43,24.0,0.42,68.25,0.44,21.4,0.45,24.37,0.56,21.4,0.55,24.37,0.57,24.0,0.58,68.25,0.01,0.01,2320.263105,1776234101000
1776234103.025,103.025,0.43,33.83,0.42,58.25,0.44,16.4,0.45,24.37,0.56,21.4,0.55,24.37,0.57,24.0,0.58,68.25,0.01,0.01,2320.263105,1776234101000
1776234103.233,103.233,0.43,18.83,0.42,78.25,0.44,14.12,0.45,24.37,0.56,16.4,0.55,24.37,0.57,33.83,0.58,58.25,0.01,0.01,2320.214045,1776234102000
1776234104.207,104.207,0.43,18.83,0.42,78.25,0.44,14.12,0.45,24.37,0.56,14.12,0.55,24.37,0.57,18.83,0.58,78.25,0.01,0.01,2320.1652,1776234103000
1776234105.255,105.255,0.43,18.83,0.42,78.25,0.44,14.12,0.45,24.37,0.56,14.12,0.55,24.37,0.57,18.83,0.58,78.25,0.01,0.01,2320.193055,1776234104000
1776234106.294,106.294,0.43,18.83,0.42,78.25,0.44,14.12,0.45,24.37,0.56,14.12,0.55,24.37,0.57,18.83,0.58,78.25,0.01,0.01,2320.212055,1776234105000
1776234107.254,107.254,0.43,18.83,0.42,78.25,0.44,14.12,0.45,24.37,0.56,14.12,0.55,24.37,0.57,18.83,0.58,78.25,0.01,0.01,2320.21369,1776234106000
1776234108.243,108.243,0.43,18.83,0.42,78.25,0.44,14.12,0.45,24.37,0.56,14.12,0.55,24.37,0.57,18.83,0.58,78.25,0.01,0.01,2320.17525,1776234107000
1776234109.381,109.381,0.4,3.83,0.39,10.0,0.43,15.0,0.44,141.62,0.57,15.0,0.56,141.62,0.6,3.83,0.61,10.0,0.03,0.03,2320.15025,1776234108000
1776234110.162,110.162,0.41,40.5,0.4,95.5,0.42,5.0,0.43,20.0,0.57,15.0,0.56,141.62,0.6,3.83,0.61,10.0,0.01,0.03,2320.15025,1776234108000
1776234110.792,110.792,0.41,40.5,0.4,95.5,0.43,15.0,0.44,19.12,0.57,15.0,0.56,19.12,0.59,40.5,0.6,95.5,0.02,0.02,2320.05785,1776234109000
1776234111.314,111.314,0.41,40.5,0.4,95.5,0.43,15.0,0.44,19.12,0.57,15.0,0.56,19.12,0.59,40.5,0.6,95.5,0.02,0.02,2320.08989,1776234110000
1776234111.552,111.552,0.45,32.32,0.44,25.5,0.46,15.0,0.47,15.5,0.54,20.0,0.53,15.5,0.55,25.62,0.56,25.5,0.01,0.01,2320.08989,1776234110000
1776234112.161,112.161,0.46,11.52,0.45,32.32,0.47,20.5,0.48,20.0,0.53,15.5,0.52,5.0,0.55,44.03,0.56,35.5,0.01,0.02,2320.08989,1776234110000
1776234112.902,112.902,0.46,11.52,0.45,32.32,0.47,20.5,0.48,20.0,0.53,20.5,0.52,20.0,0.54,11.52,0.55,32.32,0.01,0.01,2320.136925,1776234112000
1776234113.98,113.98,0.46,11.52,0.45,32.32,0.47,20.5,0.48,20.0,0.53,20.5,0.52,20.0,0.54,11.52,0.55,32.32,0.01,0.01,2320.212956,1776234113000
1776234114.518,114.518,0.46,11.52,0.45,32.32,0.48,19.69,0.49,90.0,0.53,20.5,0.52,20.0,0.54,11.52,0.55,32.32,0.02,0.01,2320.212956,1776234113000
1776234114.995,114.995,0.46,11.52,0.45,32.32,0.48,19.69,0.49,90.0,0.52,19.69,0.51,90.0,0.54,11.52,0.55,32.32,0.02,0.02,2320.267265,1776234114000
1776234116.025,116.025,0.46,11.52,0.45,32.32,0.48,19.69,0.49,90.0,0.52,19.69,0.51,90.0,0.54,11.52,0.55,32.32,0.02,0.02,2320.269565,1776234115000
1776234117.069,117.069,0.46,11.52,0.45,32.32,0.48,19.69,0.49,90.0,0.52,19.69,0.51,90.0,0.54,11.52,0.55,32.32,0.02,0.02,2320.289935,1776234116000
1776234118.137,118.137,0.46,11.52,0.45,32.32,0.48,19.69,0.49,90.0,0.52,19.69,0.51,90.0,0.54,11.52,0.55,32.32,0.02,0.02,2320.28939,1776234117000
1776234119.16,119.16,0.46,11.52,0.45,32.32,0.48,19.69,0.49,90.0,0.52,19.69,0.51,90.0,0.54,11.52,0.55,32.32,0.02,0.02,2320.285315,1776234118000
1776234120.1,120.1,0.46,11.52,0.45,32.32,0.48,19.69,0.49,90.0,0.52,19.69,0.51,90.0,0.54,11.52,0.55,32.32,0.02,0.02,2320.287545,1776234119000
1776234120.516,120.516,0.32,141.69,0.3,70.0,0.33,55.34,0.34,111.49,0.67,10.0,0.66,10.0,0.68,131.69,0.69,53.15,0.01,0.01,2320.287545,1776234119000
1776234120.931,120.931,0.28,10.43,0.27,5.0,0.3,25.0,0.31,25.5,0.67,40.34,0.66,116.49,0.71,5.0,0.72,5.0,0.02,0.04,2320.287545,1776234119000
1776234121.154,121.154,0.27,10.0,0.26,70.0,0.28,12.82,0.29,10.0,0.72,12.82,0.71,10.0,0.73,10.0,0.74,70.0,0.01,0.01,2320.328963,1776234120000
1776234121.39,121.39,0.27,20.5,0.26,65.0,0.28,22.82,0.29,15.0,0.72,12.82,0.71,10.0,0.73,10.0,0.74,70.0,0.01,0.01,2320.328963,1776234120000
1776234122.294,122.294,0.26,65.0,0.25,28.0,0.28,17.82,0.29,15.0,0.72,17.82,0.71,15.0,0.74,65.0,0.75,28.0,0.02,0.02,2319.876478,1776234121000
1776234122.843,122.843,0.27,21.0,0.26,80.5,0.28,22.1,0.29,20.0,0.72,17.82,0.71,15.0,0.73,11.0,0.74,85.5,0.01,0.01,2319.876478,1776234121000
1776234123.299,123.299,0.27,21.0,0.26,80.5,0.28,22.1,0.29,20.0,0.72,22.1,0.71,20.0,0.73,21.0,0.74,80.5,0.01,0.01,2319.499515,1776234122000
1776234123.788,123.788,0.27,115.07,0.26,80.5,0.28,3.52,0.29,20.0,0.72,22.1,0.71,20.0,0.73,21.0,0.74,80.5,0.01,0.01,2319.499515,1776234122000
1776234124.191,124.191,0.27,115.07,0.26,80.5,0.28,3.52,0.29,20.0,0.72,3.52,0.71,20.0,0.73,115.07,0.74,80.5,0.01,0.01,2319.577835,1776234123000
1776234124.619,124.619,0.27,120.07,0.26,80.5,0.29,16.15,0.3,51.5,0.71,15.29,0.7,41.0,0.73,120.07,0.74,80.5,0.02,0.02,2319.577835,1776234123000
1776234124.83,124.83,0.27,120.07,0.26,80.5,0.3,51.5,0.31,20.5,0.71,16.15,0.7,51.5,0.73,120.07,0.74,80.5,0.03,0.02,2319.577835,1776234123000
1776234125.197,125.197,0.27,120.07,0.26,80.5,0.3,51.5,0.31,20.5,0.7,51.5,0.69,20.5,0.73,120.07,0.74,80.5,0.03,0.03,2319.536749,1776234124000
1776234125.443,125.443,0.26,10.0,0.21,55.0,0.27,5.63,0.28,227.49,0.72,151.4,0.71,120.4,0.73,7.37,0.74,10.0,0.01,0.01,2319.536749,1776234124000
1776234126.179,126.179,0.21,55.0,0.2,5.0,0.27,5.63,0.28,282.49,0.73,5.63,0.72,282.49,0.79,55.0,0.8,5.0,0.06,0.06,2319.428407,1776234125000
1776234127.719,127.719,0.21,198.12,0.2,189.53,0.22,20.0,0.23,20.0,0.73,5.63,0.72,282.49,0.79,55.0,0.8,5.0,0.01,0.06,2319.428407,1776234125000
1776234128.441,128.441,0.21,196.76,0.2,189.53,0.22,20.0,0.23,20.0,0.78,20.0,0.77,20.0,0.79,196.76,0.8,189.53,0.01,0.01,2319.177898,1776234127000
1776234128.718,128.718,0.21,103.0,0.2,125.0,0.22,142.5,0.23,129.49,0.78,127.5,0.77,91.59,0.79,119.0,0.8,125.0,0.01,0.01,2319.177898,1776234127000
1776234129.07,129.07,0.2,18.81,0.19,30.0,0.21,25.5,0.22,83.5,0.79,25.5,0.78,83.5,0.8,18.81,0.81,30.0,0.01,0.01,2319.134766,1776234128000
1776234129.983,129.983,0.19,3.0,0.18,25.0,0.2,137.5,0.21,71.5,0.8,132.5,0.79,71.5,0.81,31.6,0.82,25.0,0.01,0.01,2319.134766,1776234128000
1776234130.761,130.761,0.19,3.0,0.18,25.0,0.2,135.61,0.21,71.5,0.8,135.61,0.79,71.5,0.81,3.0,0.82,25.0,0.01,0.01,2318.85818,1776234129000
1776234131.312,131.312,0.18,74.74,0.17,95.0,0.2,114.61,0.21,40.5,0.8,114.61,0.79,40.5,0.82,74.74,0.83,95.0,0.02,0.02,2318.7979,1776234130000
1776234131.581,131.581,0.18,85.35,0.17,95.0,0.19,50.57,0.2,53.61,0.8,114.61,0.79,40.5,0.82,74.74,0.83,95.0,0.01,0.02,2318.7979,1776234130000
1776234131.903,131.903,0.18,64.06,0.17,95.0,0.19,49.41,0.2,18.11,0.81,44.41,0.8,33.61,0.82,67.14,0.83,95.0,0.01,0.01,2318.7979,1776234130000
1776234132.552,132.552,0.18,64.06,0.17,95.0,0.19,49.41,0.2,18.11,0.81,49.41,0.8,18.11,0.82,64.06,0.83,95.0,0.01,0.01,2318.881585,1776234131000
1776234133.002,133.002,0.17,101.96,0.16,120.5,0.18,55.0,0.19,22.0,0.81,54.41,0.8,28.61,0.83,95.0,0.84,115.5,0.01,0.02,2318.881585,1776234131000
1776234133.22,133.22,0.17,170.04,0.16,120.5,0.18,53.88,0.19,22.0,0.82,55.0,0.81,22.0,0.83,101.96,0.84,120.5,0.01,0.01,2318.88481,1776234132000
1776234133.811,133.811,0.17,162.04,0.16,80.0,0.18,42.76,0.19,22.0,0.82,47.76,0.81,22.0,0.83,170.04,0.84,120.5,0.01,0.01,2318.88481,1776234132000
1776234134.31,134.31,0.17,162.04,0.16,80.0,0.18,42.76,0.19,22.0,0.82,42.76,0.81,22.0,0.83,162.04,0.84,80.0,0.01,0.01,2318.8216,1776234133000
1776234135.185,135.185,0.13,163.59,0.12,208.19,0.17,101.0,0.18,62.5,0.82,42.76,0.81,22.0,0.83,162.04,0.84,80.0,0.04,0.01,2318.8216,1776234133000
1776234135.494,135.494,0.13,163.59,0.12,208.19,0.17,101.0,0.18,62.5,0.83,101.0,0.82,62.5,0.87,163.59,0.88,208.19,0.04,0.04,2318.89497,1776234134000
1776234135.728,135.728,0.13,150.85,0.12,193.19,0.14,15.0,0.15,10.0,0.83,101.0,0.82,62.5,0.87,163.59,0.88,208.19,0.01,0.04,2318.89497,1776234134000
1776234136.071,136.071,0.13,150.85,0.12,193.19,0.14,15.0,0.15,10.0,0.86,15.0,0.85,10.0,0.87,150.85,0.88,193.19,0.01,0.01,2318.8934,1776234135000
1776234136.479,136.479,0.13,223.96,0.12,154.59,0.14,20.0,0.15,10.0,0.86,15.0,0.85,10.0,0.87,150.85,0.88,193.19,0.01,0.01,2318.8934,1776234135000
1776234137.299,137.299,0.13,223.96,0.12,154.59,0.14,20.0,0.15,10.0,0.86,20.0,0.85,10.0,0.87,223.96,0.88,154.59,0.01,0.01,2318.815349,1776234136000
1776234138.47,138.47,0.13,223.96,0.12,154.59,0.14,20.0,0.15,10.0,0.86,20.0,0.85,10.0,0.87,223.96,0.88,154.59,0.01,0.01,2318.7558,1776234137000
1776234138.701,138.701,0.13,46.42,0.12,159.75,0.14,86.5,0.15,31.5,0.86,117.5,0.85,31.5,0.87,60.66,0.88,159.75,0.01,0.01,2318.7558,1776234137000
1776234139.071,139.071,0.13,22.42,0.12,159.75,0.14,86.5,0.15,31.5,0.86,86.5,0.85,31.5,0.87,22.42,0.88,159.75,0.01,0.01,2318.7558,1776234138000
1776234139.374,139.374,0.13,10.93,0.12,159.75,0.14,61.0,0.15,41.5,0.86,86.5,0.85,31.5,0.87,22.42,0.88,159.75,0.01,0.01,2318.7558,1776234138000
1776234139.832,139.832,0.13,10.93,0.12,164.75,0.14,27.85,0.15,41.5,0.86,61.0,0.85,41.5,0.87,10.93,0.88,159.75,0.01,0.01,2318.7558,1776234138000
1776234140.449,140.449,0.13,53.35,0.12,80.09,0.14,27.85,0.15,41.5,0.86,27.85,0.85,41.5,0.87,10.93,0.88,164.75,0.01,0.01,2318.7558,1776234138000
1776234140.774,140.774,0.13,68.35,0.12,80.09,0.14,2.85,0.15,41.5,0.85,41.5,0.84,90.49,0.87,63.35,0.88,80.09,0.01,0.02,2318.7558,1776234138000
1776234141.084,141.084,0.13,66.05,0.12,80.09,0.14,2.85,0.15,41.5,0.86,2.85,0.85,41.5,0.87,67.2,0.88,80.09,0.01,0.01,2318.7558,1776234138000
1776234141.418,141.418,0.16,127.5,0.15,61.35,0.19,7.78,0.2,15.0,0.86,5.0,0.85,21.0,0.87,70.18,0.88,99.44,0.03,0.01,2318.741473,1776234139000
1776234141.877,141.877,0.2,67.22,0.19,5.0,0.21,6.04,0.22,25.5,0.79,15.0,0.78,55.5,0.8,37.22,0.82,2.0,0.01,0.01,2318.741473,1776234139000
1776234142.127,142.127,0.2,67.22,0.19,5.0,0.21,6.04,0.22,25.5,0.79,6.04,0.78,25.5,0.8,67.22,0.81,5.0,0.01,0.01,2318.590395,1776234140000
1776234142.34,142.34,0.2,95.97,0.19,5.0,0.21,6.04,0.22,25.5,0.79,6.04,0.78,25.5,0.8,67.22,0.81,5.0,0.01,0.01,2318.590395,1776234140000
1776234142.653,142.653,0.2,84.72,0.19,5.0,0.21,16.04,0.22,25.5,0.79,16.04,0.78,25.5,0.8,90.97,0.81,5.0,0.01,0.01,2318.590395,1776234140000
1776234143.119,143.119,0.2,50.37,0.19,5.0,0.21,16.04,0.22,25.5,0.79,16.04,0.78,25.5,0.8,50.37,0.81,5.0,0.01,0.01,2318.66066,1776234141000
1776234143.799,143.799,0.2,50.37,0.19,5.0,0.21,16.04,0.22,25.5,0.79,16.04,0.78,25.5,0.8,50.37,0.81,5.0,0.01,0.01,2318.80614,1776234142000
1776234144.046,144.046,0.2,133.37,0.19,35.0,0.22,10.0,0.23,20.5,0.79,16.04,0.78,25.5,0.8,50.37,0.81,5.0,0.02,0.01,2318.80614,1776234142000
1776234144.562,144.562,0.21,80.0,0.2,108.22,0.25,55.0,0.26,21.0,0.78,10.0,0.77,20.5,0.8,133.37,0.81,35.0,0.04,0.02,2318.80614,1776234142000
1776234145.345,145.345,0.21,80.0,0.2,108.22,0.25,55.0,0.26,21.0,0.75,55.0,0.74,21.0,0.79,80.0,0.8,108.22,0.04,0.04,2319.021575,1776234144000
1776234146.056,146.056,0.27,23.82,0.26,24.0,0.28,10.0,0.29,18.0,0.77,10.0,0.76,5.0,0.78,39.5,0.79,59.35,0.01,0.01,2319.021575,1776234144000
1776234146.26,146.26,0.27,23.82,0.26,24.0,0.28,11.22,0.29,43.5,0.72,10.0,0.71,18.0,0.73,23.82,0.74,24.0,0.01,0.01,2319.021575,1776234144000
1776234146.756,146.756,0.28,13.78,0.27,23.82,0.29,33.0,0.3,25.5,0.71,33.0,0.7,25.5,0.72,13.78,0.73,23.82,0.01,0.01,2319.176885,1776234145000
1776234147.303,147.303,0.28,13.78,0.27,23.82,0.29,33.0,0.3,25.5,0.71,33.0,0.7,25.5,0.72,13.78,0.73,23.82,0.01,0.01,2319.2932,1776234146000
1776234148.017,148.017,0.28,13.78,0.27,23.82,0.29,33.0,0.3,25.5,0.71,33.0,0.7,25.5,0.72,13.78,0.73,23.82,0.01,0.01,2319.33664,1776234147000
1776234149.289,149.289,0.28,13.78,0.27,23.82,0.29,33.0,0.3,25.5,0.71,33.0,0.7,25.5,0.72,13.78,0.73,23.82,0.01,0.01,2319.41335,1776234148000
1776234150.021,150.021,0.28,1.78,0.25,10.0,0.29,120.5,0.3,30.5,0.71,33.0,0.7,25.5,0.72,13.78,0.73,23.82,0.01,0.01,2319.41335,1776234148000
1776234150.475,150.475,0.25,10.0,0.23,40.3,0.29,120.5,0.3,30.5,0.71,120.5,0.7,30.5,0.75,10.0,0.77,40.3,0.04,0.04,2319.41845,1776234149000
1776234151.19,151.19,0.25,10.0,0.23,40.3,0.29,120.5,0.3,30.5,0.71,120.5,0.7,30.5,0.75,10.0,0.77,40.3,0.04,0.04,2319.45668,1776234150000
1776234151.427,151.427,0.23,64.5,0.22,41.0,0.24,15.0,0.25,25.0,0.71,120.5,0.7,30.5,0.75,10.0,0.77,40.3,0.01,0.04,2319.45668,1776234150000
1776234152.337,152.337,0.23,64.5,0.22,41.0,0.24,15.0,0.25,25.0,0.76,15.0,0.75,25.0,0.77,64.5,0.78,41.0,0.01,0.01,2319.450784,1776234151000
1776234152.964,152.964,0.23,64.5,0.22,41.0,0.24,15.0,0.25,25.0,0.76,15.0,0.75,25.0,0.77,64.5,0.78,41.0,0.01,0.01,2319.42364,1776234152000
1776234154.143,154.143,0.23,64.5,0.22,41.0,0.24,15.0,0.25,25.0,0.76,15.0,0.75,25.0,0.77,64.5,0.78,41.0,0.01,0.01,2319.421833,1776234153000
1776234155.358,155.358,0.23,64.5,0.22,41.0,0.24,15.0,0.25,25.0,0.76,15.0,0.75,25.0,0.77,64.5,0.78,41.0,0.01,0.01,2319.438035,1776234154000
1776234156.042,156.042,0.23,64.5,0.22,41.0,0.24,15.0,0.25,25.0,0.76,15.0,0.75,25.0,0.77,64.5,0.78,41.0,0.01,0.01,2319.438035,1776234155000
1776234156.691,156.691,0.23,28.7,0.22,67.5,0.26,13.96,0.27,25.5,0.76,15.0,0.75,25.0,0.77,64.5,0.78,41.0,0.03,0.01,2319.438035,1776234155000
1776234157.043,157.043,0.24,18.42,0.23,18.7,0.25,6.0,0.26,29.46,0.75,6.0,0.74,18.96,0.76,15.0,0.77,18.7,0.01,0.01,2319.438035,1776234155000
1776234158.258,158.258,0.24,18.42,0.23,18.7,0.25,6.0,0.26,29.46,0.75,6.0,0.74,29.46,0.76,18.42,0.77,18.7,0.01,0.01,2319.427461,1776234157000
1776234158.512,158.512,0.24,13.42,0.23,18.7,0.26,31.96,0.27,25.5,0.75,6.0,0.74,29.46,0.76,18.42,0.77,18.7,0.02,0.01,2319.427461,1776234157000
1776234159.209,159.209,0.24,13.42,0.23,18.7,0.26,31.96,0.27,25.5,0.74,31.96,0.73,25.5,0.76,13.42,0.77,18.7,0.02,0.02,2319.421475,1776234158000
1776234159.562,159.562,0.22,46.5,0.21,62.7,0.25,10.0,0.26,31.96,0.74,31.96,0.73,25.5,0.76,13.42,0.77,18.7,0.03,0.02,2319.421475,1776234158000
1776234160.236,160.236,0.22,46.5,0.21,62.7,0.25,10.0,0.26,31.96,0.75,10.0,0.74,31.96,0.78,46.5,0.79,62.7,0.03,0.03,2319.413788,1776234159000
1776234161.197,161.197,0.22,46.5,0.21,62.7,0.25,10.0,0.26,31.96,0.75,10.0,0.74,31.96,0.78,46.5,0.79,62.7,0.03,0.03,2319.40718,1776234160000
1776234161.436,161.436,0.28,18.66,0.27,33.0,0.29,15.5,0.3,20.5,0.69,21.17,0.68,95.09,0.72,27.0,0.73,33.0,0.01,0.03,2319.40718,1776234160000
1776234162.245,162.245,0.28,18.66,0.27,33.0,0.29,15.5,0.3,20.5,0.71,15.5,0.7,20.5,0.72,18.66,0.73,33.0,0.01,0.01,2319.430653,1776234161000
1776234162.996,162.996,0.27,19.45,0.26,33.0,0.28,46.5,0.29,30.5,0.71,15.5,0.7,20.5,0.72,18.66,0.73,33.0,0.01,0.01,2319.430653,1776234161000
1776234163.219,163.219,0.27,19.45,0.26,33.0,0.28,46.5,0.29,30.5,0.72,46.5,0.71,30.5,0.73,19.45,0.74,33.0,0.01,0.01,2319.45513,1776234162000
1776234163.634,163.634,0.27,5.34,0.26,33.0,0.28,47.92,0.29,45.5,0.72,51.5,0.71,45.5,0.73,10.34,0.74,33.0,0.01,0.01,2319.45513,1776234162000
1776234164.157,164.157,0.27,5.34,0.26,33.0,0.28,47.92,0.29,45.5,0.72,47.92,0.71,45.5,0.73,5.34,0.74,33.0,0.01,0.01,2319.49004,1776234163000
1776234164.824,164.824,0.26,23.0,0.25,27.0,0.28,52.92,0.29,35.5,0.72,47.92,0.71,45.5,0.73,5.34,0.74,33.0,0.02,0.01,2319.49004,1776234163000
1776234165.167,165.167,0.26,23.0,0.25,27.0,0.28,52.92,0.29,35.5,0.72,52.92,0.71,35.5,0.74,23.0,0.75,27.0,0.02,0.02,2319.50063,1776234164000
1776234166.179,166.179,0.26,23.0,0.25,27.0,0.28,52.92,0.29,35.5,0.72,52.92,0.71,35.5,0.74,23.0,0.75,27.0,0.02,0.02,2319.49944,1776234165000
1776234167.12,167.12,0.26,23.0,0.25,27.0,0.28,52.92,0.29,35.5,0.72,52.92,0.71,35.5,0.74,23.0,0.75,27.0,0.02,0.02,2319.530068,1776234166000
1776234167.95,167.95,0.24,20.0,0.23,54.5,0.25,8.0,0.26,51.5,0.72,52.92,0.71,35.5,0.74,23.0,0.75,27.0,0.01,0.02,2319.530068,1776234166000
1776234168.189,168.189,0.24,20.0,0.23,54.5,0.25,8.0,0.26,51.5,0.75,8.0,0.74,51.5,0.76,20.0,0.77,54.5,0.01,0.01,2319.502973,1776234167000
1776234168.83,168.83,0.24,18.68,0.23,40.5,0.25,45.0,0.26,30.5,0.75,19.0,0.74,30.5,0.76,18.68,0.77,59.5,0.01,0.01,2319.502973,1776234167000
1776234169.208,169.208,0.24,17.36,0.23,40.5,0.25,40.0,0.26,30.5,0.75,40.0,0.74,30.5,0.76,17.36,0.77,40.5,0.01,0.01,2319.479905,1776234168000
1776234169.481,169.481,0.24,9.72,0.23,40.5,0.25,76.0,0.26,30.5,0.75,81.0,0.74,30.5,0.76,11.04,0.77,40.5,0.01,0.01,2319.479905,1776234168000
1776234170.203,170.203,0.23,20.0,0.22,55.5,0.25,86.5,0.26,30.5,0.75,76.0,0.74,30.5,0.76,9.72,0.77,40.5,0.02,0.01,2319.479905,1776234168000
1776234171.181,171.181,0.23,20.0,0.22,55.5,0.25,86.5,0.26,30.5,0.75,86.5,0.74,30.5,0.77,20.0,0.78,55.5,0.02,0.02,2319.5108,1776234170000
1776234172.116,172.116,0.21,5.0,0.2,52.72,0.24,165.49,0.25,83.4,0.75,86.5,0.74,30.5,0.77,20.0,0.78,55.5,0.03,0.02,2319.5108,1776234170000
1776234172.371,172.371,0.2,79.98,0.19,49.81,0.22,41.0,0.23,39.5,0.79,10.0,0.78,25.0,0.8,38.43,0.81,25.5,0.02,0.01,2319.5108,1776234170000
1776234172.997,172.997,0.2,79.98,0.19,49.81,0.22,41.0,0.23,39.5,0.78,41.0,0.77,39.5,0.8,79.98,0.81,49.81,0.02,0.02,2319.43736,1776234171000
1776234173.689,173.689,0.2,79.98,0.19,49.81,0.22,41.0,0.23,39.5,0.78,41.0,0.77,39.5,0.8,79.98,0.81,49.81,0.02,0.02,2319.438976,1776234172000
1776234174.239,174.239,0.2,79.98,0.19,49.81,0.22,41.0,0.23,39.5,0.78,41.0,0.77,39.5,0.8,79.98,0.81,49.81,0.02,0.02,2319.36,1776234173000
1776234175.607,175.607,0.2,79.98,0.19,49.81,0.22,41.0,0.23,39.5,0.78,41.0,0.77,39.5,0.8,79.98,0.81,49.81,0.02,0.02,2319.31045,1776234174000
1776234176.219,176.219,0.2,79.98,0.19,49.81,0.22,41.0,0.23,39.5,0.78,41.0,0.77,39.5,0.8,79.98,0.81,49.81,0.02,0.02,2319.31064,1776234175000
1776234177.567,177.567,0.2,79.98,0.19,49.81,0.22,41.0,0.23,39.5,0.78,41.0,0.77,39.5,0.8,79.98,0.81,49.81,0.02,0.02,2319.31114,1776234176000
1776234178.14,178.14,0.2,79.98,0.19,49.81,0.22,41.0,0.23,39.5,0.78,41.0,0.77,39.5,0.8,79.98,0.81,49.81,0.02,0.02,2319.377165,1776234177000
1776234178.48,178.48,0.2,52.48,0.19,25.81,0.22,50.45,0.23,49.5,0.78,41.0,0.77,39.5,0.8,79.98,0.81,49.81,0.02,0.02,2319.377165,1776234177000
1776234178.923,178.923,0.21,20.73,0.2,47.48,0.22,45.95,0.23,49.5,0.78,50.45,0.77,49.5,0.8,52.48,0.81,25.81,0.01,0.02,2319.377165,1776234177000
1776234179.386,179.386,0.21,24.46,0.2,47.48,0.22,56.45,0.23,49.5,0.78,56.45,0.77,49.5,0.79,24.46,0.8,47.48,0.01,0.01,2319.308155,1776234178000
1776234180.14,180.14,0.21,24.46,0.2,47.48,0.22,56.45,0.23,49.5,0.78,56.45,0.77,49.5,0.79,24.46,0.8,47.48,0.01,0.01,2319.29815,1776234179000
1776234181.223,181.223,0.21,24.46,0.2,47.48,0.22,56.45,0.23,49.5,0.78,56.45,0.77,49.5,0.79,24.46,0.8,47.48,0.01,0.01,2319.37097,1776234180000
1776234182.552,182.552,0.21,24.46,0.2,47.48,0.22,56.45,0.23,49.5,0.78,56.45,0.77,49.5,0.79,24.46,0.8,47.48,0.01,0.01,2319.32035,1776234181000
1776234183.254,183.254,0.21,24.46,0.2,47.48,0.22,56.45,0.23,49.5,0.78,56.45,0.77,49.5,0.79,24.46,0.8,47.48,0.01,0.01,2319.312135,1776234182000
1776234184.341,184.341,0.21,24.46,0.2,47.48,0.22,56.45,0.23,49.5,0.78,56.45,0.77,49.5,0.79,24.46,0.8,47.48,0.01,0.01,2319.271,1776234183000
1776234184.998,184.998,0.21,24.46,0.2,47.48,0.22,56.45,0.23,49.5,0.78,56.45,0.77,49.5,0.79,24.46,0.8,47.48,0.01,0.01,2319.305761,1776234184000
1776234185.526,185.526,0.2,20.38,0.19,5.31,0.21,46.5,0.22,111.44,0.78,56.45,0.77,49.5,0.79,24.46,0.8,47.48,0.01,0.01,2319.305761,1776234184000
1776234186.055,186.055,0.2,14.1,0.19,5.31,0.21,51.5,0.22,126.44,0.79,46.5,0.78,111.44,0.8,20.38,0.81,5.31,0.01,0.01,2319.305761,1776234184000
1776234186.443,186.443,0.15,9.05,0.14,10.0,0.21,198.5,0.22,65.35,0.79,51.5,0.78,126.44,0.8,14.1,0.81,5.31,0.06,0.01,2319.291,1776234185000
1776234186.965,186.965,0.16,10.5,0.15,33.92,0.17,5.0,0.18,96.99,0.83,46.0,0.82,81.99,0.85,28.92,0.86,15.0,0.01,0.02,2319.291,1776234185000
1776234187.39,187.39,0.16,9.9,0.15,40.65,0.17,10.0,0.18,96.99,0.83,5.0,0.82,96.99,0.84,10.5,0.85,33.92,0.01,0.01,2319.291,1776234185000
1776234187.891,187.891,0.16,9.9,0.15,40.65,0.17,10.0,0.18,96.99,0.83,10.0,0.82,96.99,0.84,9.9,0.85,40.65,0.01,0.01,2319.28595,1776234186000
1776234188.648,188.648,0.16,9.9,0.15,40.65,0.17,10.0,0.18,96.99,0.83,10.0,0.82,96.99,0.84,9.9,0.85,40.65,0.01,0.01,2319.224043,1776234187000
1776234189.489,189.489,0.13,17.76,0.12,31.75,0.15,15.0,0.16,45.5,0.85,15.0,0.84,45.5,0.87,17.76,0.88,31.75,0.02,0.02,2319.150996,1776234188000
1776234190.003,190.003,0.13,17.76,0.12,31.75,0.15,15.0,0.16,45.5,0.85,15.0,0.84,45.5,0.87,17.76,0.88,31.75,0.02,0.02,2319.149413,1776234189000
1776234191.463,191.463,0.13,17.76,0.12,31.75,0.15,15.0,0.16,45.5,0.85,15.0,0.84,45.5,0.87,17.76,0.88,31.75,0.02,0.02,2319.098401,1776234190000
1776234191.686,191.686,0.12,31.96,0.11,10.0,0.13,5.0,0.14,67.5,0.85,15.0,0.84,45.5,0.87,17.76,0.88,31.75,0.01,0.02,2319.098401,1776234190000
1776234192.137,192.137,0.12,31.96,0.11,10.0,0.13,5.0,0.14,67.5,0.87,5.0,0.86,67.5,0.88,31.96,0.89,10.0,0.01,0.01,2319.007195,1776234191000
1776234193.462,193.462,0.12,31.96,0.11,10.0,0.13,5.0,0.14,67.5,0.87,5.0,0.86,67.5,0.88,31.96,0.89,10.0,0.01,0.01,2319.000733,1776234192000
1776234194.133,194.133,0.12,7.86,0.11,20.0,0.13,60.5,0.14,77.5,0.87,60.5,0.86,77.5,0.88,7.86,0.89,20.0,0.01,0.01,2319.009301,1776234193000
1776234194.976,194.976,0.12,4.22,0.11,30.5,0.13,25.0,0.14,40.0,0.87,60.5,0.86,77.5,0.88,7.86,0.89,20.0,0.01,0.01,2319.009301,1776234193000
1776234195.223,195.223,0.12,28.41,0.11,30.5,0.14,45.0,0.15,132.69,0.87,25.0,0.86,40.0,0.88,4.22,0.89,30.5,0.02,0.01,2319.009301,1776234193000
1776234195.442,195.442,0.12,28.41,0.11,30.5,0.14,45.0,0.15,132.69,0.86,45.0,0.85,132.69,0.88,28.41,0.89,30.5,0.02,0.02,2319.027767,1776234194000
1776234196.267,196.267,0.12,28.41,0.11,30.5,0.14,45.0,0.15,132.69,0.86,45.0,0.85,132.69,0.88,28.41,0.89,30.5,0.02,0.02,2319.027767,1776234195000
1776234197.021,197.021,0.13,10.0,0.12,18.41,0.15,82.57,0.16,149.47,0.85,82.57,0.84,149.47,0.87,10.0,0.88,18.41,0.02,0.02,2319.074587,1776234196000
1776234198.467,198.467,0.13,10.0,0.12,18.41,0.15,82.57,0.16,149.47,0.85,82.57,0.84,149.47,0.87,10.0,0.88,18.41,0.02,0.02,2319.066588,1776234197000
1776234198.717,198.717,0.13,15.0,0.12,18.41,0.15,4.64,0.16,147.59,0.85,82.57,0.84,149.47,0.87,10.0,0.88,18.41,0.02,0.02,2319.066588,1776234197000
1776234199.103,199.103,0.14,10.0,0.13,10.0,0.16,166.73,0.17,96.0,0.84,166.73,0.83,96.0,0.86,10.0,0.87,10.0,0.02,0.02,2319.066608,1776234198000
1776234200.347,200.347,0.16,181.53,0.15,49.0,0.17,41.67,0.18,20.5,0.84,166.73,0.83,96.0,0.86,10.0,0.87,10.0,0.01,0.02,2319.066608,1776234198000
1776234200.63,200.63,0.18,56.5,0.17,43.5,0.19,5.26,0.25,9.0,0.83,41.67,0.82,20.5,0.84,181.53,0.85,49.0,0.01,0.01,2319.117074,1776234199000
1776234201.539,201.539,0.24,39.5,0.23,25.5,0.26,4.56,0.27,10.5,0.77,15.4,0.76,10.5,0.78,10.0,0.79,39.3,0.02,0.01,2319.117074,1776234199000
1776234202.172,202.172,0.25,20.5,0.24,44.5,0.27,5.06,0.28,10.5,0.73,5.06,0.72,10.5,0.75,20.5,0.76,44.5,0.02,0.02,2319.19223,1776234201000
1776234202.389,202.389,0.25,44.5,0.24,25.5,0.28,25.5,0.29,25.5,0.73,5.06,0.72,10.5,0.75,20.5,0.76,44.5,0.03,0.02,2319.19223,1776234201000
1776234202.848,202.848,0.27,8.63,0.26,20.5,0.28,25.5,0.29,25.5,0.72,25.5,0.71,25.5,0.75,44.5,0.76,25.5,0.01,0.03,2319.19223,1776234201000
1776234203.239,203.239,0.27,8.63,0.26,25.5,0.28,26.07,0.29,25.5,0.72,25.5,0.71,25.5,0.73,8.63,0.74,20.5,0.01,0.01,2319.19223,1776234201000
1776234203.601,203.601,0.27,13.63,0.26,25.5,0.28,14.82,0.29,25.5,0.72,26.07,0.71,25.5,0.73,8.63,0.74,25.5,0.01,0.01,2319.19223,1776234201000
1776234204.335,204.335,0.27,13.63,0.26,25.5,0.28,14.82,0.29,25.5,0.72,14.82,0.71,25.5,0.73,13.63,0.74,25.5,0.01,0.01,2319.543355,1776234203000
1776234204.764,204.764,0.26,20.5,0.25,25.5,0.29,5.32,0.3,15.0,0.72,14.82,0.71,25.5,0.73,13.63,0.74,25.5,0.03,0.01,2319.543355,1776234203000
1776234205.083,205.083,0.26,20.5,0.25,25.5,0.29,5.32,0.3,15.0,0.71,5.32,0.7,15.0,0.74,20.5,0.75,25.5,0.03,0.03,2319.57013,1776234204000
1776234206.221,206.221,0.26,20.5,0.25,25.5,0.29,5.32,0.3,15.0,0.71,5.32,0.7,15.0,0.74,20.5,0.75,25.5,0.03,0.03,2319.62234,1776234205000
1776234206.68,206.68,0.24,3.68,0.23,20.5,0.25,10.0,0.26,10.0,0.71,5.32,0.7,15.0,0.74,20.5,0.75,25.5,0.01,0.03,2319.62234,1776234205000
1776234207.526,207.526,0.24,3.68,0.23,20.5,0.25,10.0,0.26,10.0,0.75,10.0,0.74,10.0,0.76,3.68,0.77,20.5,0.01,0.01,2319.63649,1776234206000
1776234207.845,207.845,0.23,38.94,0.22,20.5,0.24,10.32,0.25,38.0,0.76,10.32,0.75,66.0,0.77,35.5,0.78,20.5,0.01,0.01,2319.63649,1776234206000
1776234208.364,208.364,0.23,38.94,0.22,20.5,0.24,10.32,0.25,38.0,0.76,10.32,0.75,38.0,0.77,38.94,0.78,20.5,0.01,0.01,2319.622105,1776234207000
1776234208.986,208.986,0.23,38.94,0.22,20.5,0.24,10.32,0.25,38.0,0.76,10.32,0.75,38.0,0.77,38.94,0.78,20.5,0.01,0.01,2319.624945,1776234208000
1776234209.745,209.745,0.19,43.33,0.18,62.4,0.24,78.32,0.25,48.5,0.76,10.32,0.75,38.0,0.77,38.94,0.78,20.5,0.05,0.01,2319.624945,1776234208000
1776234210.231,210.231,0.19,43.33,0.18,62.4,0.24,78.32,0.25,48.5,0.76,78.32,0.75,48.5,0.81,43.33,0.82,62.4,0.05,0.05,2319.529282,1776234209000
1776234211.601,211.601,0.19,43.33,0.18,62.4,0.24,78.32,0.25,48.5,0.76,78.32,0.75,48.5,0.81,43.33,0.82,62.4,0.05,0.05,2319.525884,1776234210000
1776234212.155,212.155,0.19,43.33,0.18,62.4,0.24,78.32,0.25,48.5,0.76,78.32,0.75,48.5,0.81,43.33,0.82,62.4,0.05,0.05,2319.535281,1776234211000
1776234212.515,212.515,0.18,10.0,0.17,9.0,0.22,35.5,0.23,30.5,0.76,78.32,0.75,48.5,0.81,43.33,0.82,62.4,0.04,0.05,2319.535281,1776234211000
1776234212.733,212.733,0.16,164.9,0.15,30.0,0.21,15.0,0.22,35.5,0.79,15.0,0.78,35.5,0.82,3.91,0.84,181.53,0.05,0.03,2319.535281,1776234211000
1776234212.965,212.965,0.19,10.4,0.16,164.9,0.21,15.0,0.22,30.5,0.79,15.0,0.78,35.5,0.84,164.9,0.85,30.0,0.02,0.05,2319.535281,1776234211000
1776234213.5,213.5,0.17,24.86,0.16,190.4,0.19,10.0,0.2,98.5,0.79,15.0,0.78,30.5,0.81,10.4,0.84,164.9,0.02,0.02,2319.535281,1776234211000
1776234214.174,214.174,0.18,5.13,0.17,19.86,0.19,10.0,0.2,83.0,0.81,10.0,0.8,83.0,0.82,5.13,0.83,19.86,0.01,0.01,2319.48385,1776234213000
1776234215.466,215.466,0.18,10.1,0.17,26.44,0.19,10.0,0.2,26.0,0.81,10.0,0.8,26.0,0.82,10.1,0.83,26.44,0.01,0.01,2319.39369,1776234214000
1776234215.97,215.97,0.18,10.1,0.17,26.44,0.19,10.0,0.2,26.0,0.81,10.0,0.8,26.0,0.82,10.1,0.83,26.44,0.01,0.01,2319.420998,1776234215000
1776234216.781,216.781,0.17,14.73,0.16,195.4,0.18,20.0,0.19,25.5,0.81,10.0,0.8,26.0,0.82,10.1,0.83,26.44,0.01,0.01,2319.420998,1776234215000
1776234217.464,217.464,0.17,13.04,0.16,195.4,0.18,25.0,0.19,35.5,0.82,25.0,0.81,35.5,0.83,13.04,0.84,195.4,0.01,0.01,2319.49736,1776234216000
1776234218.056,218.056,0.17,13.04,0.16,195.4,0.18,25.0,0.19,35.5,0.82,25.0,0.81,35.5,0.83,13.04,0.84,195.4,0.01,0.01,2319.49805,1776234217000
1776234218.571,218.571,0.17,42.54,0.16,205.4,0.19,3.0,0.2,41.5,0.82,25.0,0.81,35.5,0.83,13.04,0.84,195.4,0.02,0.01,2319.49805,1776234217000
1776234219.552,219.552,0.17,42.54,0.16,205.4,0.19,3.0,0.2,41.5,0.81,3.0,0.8,41.5,0.83,42.54,0.84,205.4,0.02,0.02,2319.463305,1776234218000
1776234220.265,220.265,0.17,42.54,0.16,205.4,0.19,3.0,0.2,41.5,0.81,3.0,0.8,41.5,0.83,42.54,0.84,205.4,0.02,0.02,2319.469085,1776234219000
1776234221.069,221.069,0.17,42.54,0.16,205.4,0.19,3.0,0.2,41.5,0.81,3.0,0.8,41.5,0.83,42.54,0.84,205.4,0.02,0.02,2319.47238,1776234220000
1776234221.302,221.302,0.19,0.61,0.18,26.11,0.2,26.0,0.21,45.5,0.8,16.0,0.79,40.5,0.81,20.31,0.82,31.11,0.01,0.01,2319.47238,1776234220000
1776234221.572,221.572,0.19,8.76,0.18,31.11,0.2,31.0,0.21,45.5,0.8,26.0,0.79,45.5,0.81,0.61,0.82,26.11,0.01,0.01,2319.47238,1776234220000
1776234221.814,221.814,0.19,14.07,0.18,31.11,0.2,26.0,0.21,45.5,0.8,31.0,0.79,45.5,0.81,8.76,0.82,31.11,0.01,0.01,2319.47238,1776234220000
1776234222.255,222.255,0.19,14.07,0.18,31.11,0.2,26.0,0.21,45.5,0.8,26.0,0.79,45.5,0.81,14.07,0.82,31.11,0.01,0.01,2319.47891,1776234221000
1776234223.163,223.163,0.17,5.0,0.16,206.71,0.18,5.0,0.19,25.5,0.8,26.0,0.79,45.5,0.81,14.07,0.82,31.11,0.01,0.01,2319.47891,1776234221000
1776234223.39,223.39,0.17,5.0,0.16,206.71,0.18,5.0,0.19,25.5,0.82,5.0,0.81,25.5,0.83,5.0,0.84,206.71,0.01,0.01,2319.5075,1776234222000
1776234223.937,223.937,0.17,5.0,0.16,206.71,0.18,5.0,0.19,25.5,0.82,5.0,0.81,25.5,0.83,5.0,0.84,206.71,0.01,0.01,2319.50671,1776234223000
1776234225.118,225.118,0.17,5.0,0.16,206.71,0.18,5.0,0.19,25.5,0.82,5.0,0.81,25.5,0.83,5.0,0.84,206.71,0.01,0.01,2319.48579,1776234224000
1776234226.308,226.308,0.17,5.0,0.16,206.71,0.18,5.0,0.19,25.5,0.82,5.0,0.81,25.5,0.83,5.0,0.84,206.71,0.01,0.01,2319.47429,1776234225000
1776234226.957,226.957,0.17,5.0,0.16,206.71,0.18,5.0,0.19,25.5,0.82,5.0,0.81,25.5,0.83,5.0,0.84,206.71,0.01,0.01,2319.47162,1776234226000
1776234227.683,227.683,0.18,13.78,0.17,26.44,0.19,10.0,0.2,93.4,0.81,15.0,0.8,82.5,0.82,24.39,0.83,31.44,0.01,0.01,2319.47162,1776234226000
1776234228.014,228.014,0.18,13.78,0.17,26.44,0.19,10.0,0.2,93.4,0.81,10.0,0.8,93.4,0.82,13.78,0.83,26.44,0.01,0.01,2319.46604,1776234227000
1776234229.137,229.137,0.18,23.17,0.17,26.44,0.19,10.0,0.2,98.4,0.81,10.0,0.8,98.4,0.82,23.17,0.83,26.44,0.01,0.01,2319.494185,1776234228000
1776234230.087,230.087,0.17,14.39,0.16,196.71,0.19,77.3,0.2,64.49,0.81,10.0,0.8,98.4,0.82,23.17,0.83,26.44,0.02,0.01,2319.494185,1776234228000
1776234230.396,230.396,0.17,14.39,0.16,196.71,0.19,77.3,0.2,64.49,0.81,77.3,0.8,64.49,0.83,14.39,0.84,196.71,0.02,0.02,2319.496765,1776234229000
1776234230.657,230.657,0.18,22.93,0.17,14.39,0.19,54.19,0.2,50.99,0.81,17.3,0.8,48.99,0.82,7.43,0.83,14.39,0.01,0.01,2319.496765,1776234229000
1776234230.916,230.916,0.18,22.93,0.17,14.39,0.19,54.19,0.2,50.99,0.81,54.19,0.8,50.99,0.82,22.93,0.83,14.39,0.01,0.01,2319.495365,1776234230000
1776234232.039,232.039,0.18,22.93,0.17,14.39,0.19,54.19,0.2,50.99,0.81,54.19,0.8,50.99,0.82,22.93,0.83,14.39,0.01,0.01,2319.49705,1776234231000
1776234232.754,232.754,0.19,14.81,0.18,36.93,0.22,94.9,0.23,5.0,0.81,54.19,0.8,50.99,0.82,22.93,0.83,14.39,0.03,0.01,2319.49705,1776234231000
1776234233.014,233.014,0.21,26.2,0.2,25.5,0.22,15.0,0.23,69.0,0.78,0.9,0.77,23.9,0.79,15.0,0.8,10.5,0.01,0.01,2319.49705,1776234231000
1776234233.565,233.565,0.21,23.73,0.2,20.5,0.22,10.0,0.23,5.0,0.78,15.0,0.77,69.0,0.79,26.2,0.8,25.5,0.01,0.01,2319.53411,1776234232000
1776234234.014,234.014,0.24,19.18,0.23,32.42,0.25,10.0,0.28,19.99,0.75,21.0,0.69,40.45,0.79,53.23,0.8,20.5,0.01,0.04,2319.53411,1776234232000
1776234234.316,234.316,0.24,28.18,0.23,32.42,0.25,10.0,0.26,5.0,0.75,10.0,0.74,5.0,0.76,28.18,0.77,32.42,0.01,0.01,2319.535715,1776234233000
1776234234.664,234.664,0.24,28.18,0.23,20.5,0.28,4.28,0.29,33.99,0.75,10.0,0.74,5.0,0.76,28.18,0.77,32.42,0.04,0.01,2319.535715,1776234233000
1776234234.961,234.961,0.24,28.18,0.23,20.5,0.28,4.28,0.29,33.99,0.72,4.28,0.71,33.99,0.76,28.18,0.77,20.5,0.04,0.04,2319.63157,1776234234000
1776234236.047,236.047,0.24,28.18,0.23,20.5,0.28,4.28,0.29,33.99,0.72,4.28,0.71,33.99,0.76,28.18,0.77,20.5,0.04,0.04,2319.734094,1776234235000
1776234237.106,237.106,0.24,28.18,0.23,20.5,0.28,4.28,0.29,33.99,0.72,4.28,0.71,33.99,0.76,28.18,0.77,20.5,0.04,0.04,2319.8131,1776234236000
1776234238.22,238.22,0.24,28.18,0.23,20.5,0.28,4.28,0.29,33.99,0.72,4.28,0.71,33.99,0.76,28.18,0.77,20.5,0.04,0.04,2319.815965,1776234237000
1776234238.616,238.616,0.27,10.0,0.26,30.5,0.29,31.83,0.3,39.5,0.72,4.28,0.71,33.99,0.76,28.18,0.77,20.5,0.02,0.04,2319.815965,1776234237000
1776234239.146,239.146,0.28,14.0,0.27,10.0,0.29,31.83,0.3,39.5,0.71,31.83,0.7,39.5,0.72,14.0,0.73,10.0,0.01,0.01,2319.83979,1776234238000
1776234239.764,239.764,0.28,5.61,0.27,5.0,0.29,51.49,0.3,44.5,0.71,31.83,0.7,39.5,0.72,14.0,0.73,10.0,0.01,0.01,2319.83979,1776234238000
1776234239.994,239.994,0.27,5.0,0.26,10.0,0.29,51.49,0.3,44.5,0.71,51.49,0.7,44.5,0.72,5.61,0.73,5.0,0.02,0.01,2319.83979,1776234238000
1776234240.209,240.209,0.27,5.0,0.26,10.0,0.29,51.49,0.3,44.5,0.71,51.49,0.7,44.5,0.73,5.0,0.74,10.0,0.02,0.02,2319.845755,1776234239000
1776234241.165,241.165,0.27,5.0,0.26,10.0,0.29,51.49,0.3,44.5,0.71,51.49,0.7,44.5,0.73,5.0,0.74,10.0,0.02,0.02,2319.84695,1776234240000
1776234242.227,242.227,0.22,12.42,0.21,35.43,0.23,10.0,0.24,10.0,0.77,10.0,0.76,10.0,0.78,12.42,0.79,35.43,0.01,0.01,2319.827405,1776234241000
1776234243.201,243.201,0.22,12.42,0.21,35.43,0.23,10.0,0.24,10.0,0.77,10.0,0.76,10.0,0.78,12.42,0.79,35.43,0.01,0.01,2319.80753,1776234242000
1776234244.313,244.313,0.22,12.42,0.21,35.43,0.23,10.0,0.24,10.0,0.77,10.0,0.76,10.0,0.78,12.42,0.79,35.43,0.01,0.01,2319.80763,1776234243000
1776234245.336,245.336,0.22,12.42,0.21,35.43,0.23,10.0,0.24,10.0,0.77,10.0,0.76,10.0,0.78,12.42,0.79,35.43,0.01,0.01,2319.80955,1776234244000
1776234246.345,246.345,0.22,12.42,0.21,35.43,0.23,10.0,0.24,10.0,0.77,10.0,0.76,10.0,0.78,12.42,0.79,35.43,0.01,0.01,2319.855486,1776234245000
1776234246.957,246.957,0.22,12.42,0.21,35.43,0.23,10.0,0.24,10.0,0.77,10.0,0.76,10.0,0.78,12.42,0.79,35.43,0.01,0.01,2319.82375,1776234246000
1776234247.249,247.249,0.26,63.58,0.25,20.0,0.3,22.66,0.31,13.09,0.77,10.0,0.76,10.0,0.78,12.42,0.79,35.43,0.04,0.01,2319.82375,1776234246000
1776234247.632,247.632,0.28,20.0,0.27,20.0,0.3,10.0,0.31,25.0,0.7,22.66,0.69,13.09,0.74,63.58,0.75,20.0,0.02,0.04,2319.82375,1776234246000
1776234247.966,247.966,0.28,20.0,0.27,20.0,0.3,10.0,0.31,25.0,0.7,10.0,0.69,25.0,0.72,20.0,0.73,20.0,0.02,0.02,2319.81807,1776234247000
1776234248.937,248.937,0.28,20.0,0.27,20.0,0.3,10.0,0.31,25.0,0.7,10.0,0.69,25.0,0.72,20.0,0.73,20.0,0.02,0.02,2319.86171,1776234248000
1776234249.144,249.144,0.28,8.61,0.27,5.0,0.29,10.0,0.3,27.09,0.7,10.0,0.69,25.0,0.72,20.0,0.73,20.0,0.01,0.02,2319.86171,1776234248000
1776234249.607,249.607,0.26,64.58,0.25,15.0,0.28,49.87,0.29,20.0,0.71,10.0,0.7,27.09,0.72,8.61,0.73,5.0,0.02,0.01,2319.86171,1776234248000
1776234249.957,249.957,0.26,63.22,0.25,20.0,0.27,10.0,0.28,54.87,0.72,49.87,0.71,20.0,0.74,64.58,0.75,15.0,0.01,0.02,2319.86171,1776234248000
1776234250.273,250.273,0.26,51.86,0.25,30.0,0.27,6.29,0.28,54.87,0.73,10.0,0.72,54.87,0.74,51.86,0.75,20.0,0.01,0.01,2319.92809,1776234249000
1776234250.544,250.544,0.26,49.01,0.25,30.0,0.27,6.29,0.28,54.87,0.73,6.29,0.72,54.87,0.74,45.5,0.75,30.0,0.01,0.01,2319.92809,1776234249000
1776234250.804,250.804,0.26,46.16,0.25,30.0,0.27,6.29,0.28,54.87,0.73,6.29,0.72,54.87,0.74,47.52,0.75,30.0,0.01,0.01,2319.92809,1776234249000
1776234251.528,251.528,0.26,46.16,0.25,30.0,0.27,6.29,0.28,54.87,0.73,6.29,0.72,54.87,0.74,46.16,0.75,30.0,0.01,0.01,2319.93794,1776234250000
1776234252.079,252.079,0.26,46.16,0.25,30.0,0.27,6.29,0.28,54.87,0.73,6.29,0.72,54.87,0.74,46.16,0.75,30.0,0.01,0.01,2319.941225,1776234251000
1776234253.099,253.099,0.26,46.16,0.25,30.0,0.27,6.29,0.28,54.87,0.73,6.29,0.72,54.87,0.74,46.16,0.75,30.0,0.01,0.01,2319.951245,1776234252000
1776234253.552,253.552,0.26,23.45,0.25,20.0,0.27,34.03,0.28,21.0,0.73,6.29,0.72,54.87,0.74,46.16,0.75,30.0,0.01,0.01,2319.951245,1776234252000
1776234254.187,254.187,0.26,23.45,0.25,20.0,0.27,34.03,0.28,21.0,0.73,34.03,0.72,21.0,0.74,23.45,0.75,20.0,0.01,0.01,2319.95564,1776234253000
1776234255.202,255.202,0.26,23.45,0.25,20.0,0.27,34.03,0.28,21.0,0.73,34.03,0.72,21.0,0.74,23.45,0.75,20.0,0.01,0.01,2319.96299,1776234254000
1776234255.537,255.537,0.26,18.45,0.25,10.0,0.27,43.21,0.28,115.9,0.73,34.03,0.72,21.0,0.74,23.45,0.75,20.0,0.01,0.01,2319.96299,1776234254000
1776234255.931,255.931,0.22,25.0,0.21,8.73,0.23,15.65,0.24,15.0,0.75,10.0,0.74,22.55,0.78,25.0,0.79,8.73,0.01,0.03,2319.96299,1776234254000
1776234256.246,256.246,0.21,5.0,0.2,46.04,0.22,20.71,0.23,15.0,0.77,16.3,0.76,10.0,0.78,9.0,0.79,13.73,0.01,0.01,2319.96299,1776234254000
1776234256.558,256.558,0.21,3.73,0.2,46.04,0.22,11.16,0.23,15.0,0.78,11.16,0.77,15.0,0.79,5.0,0.8,46.04,0.01,0.01,2319.95463,1776234255000
1776234256.829,256.829,0.16,164.9,0.15,9.81,0.21,20.0,0.22,20.0,0.78,11.61,0.77,15.0,0.79,3.73,0.8,36.04,0.05,0.01,2319.95463,1776234255000
1776234257.114,257.114,0.16,164.9,0.15,24.81,0.17,8.0,0.18,10.0,0.79,20.0,0.78,20.0,0.84,164.9,0.85,9.81,0.01,0.05,2319.95463,1776234255000
1776234257.456,257.456,0.16,164.9,0.15,9.81,0.18,6.71,0.19,10.0,0.82,7.27,0.81,10.0,0.84,164.9,0.85,24.81,0.02,0.02,2319.94253,1776234256000
1776234257.755,257.755,0.16,127.8,0.15,14.81,0.17,15.0,0.18,16.71,0.83,15.0,0.82,16.71,0.84,154.11,0.85,9.81,0.01,0.01,2319.94253,1776234256000
1776234258.043,258.043,0.15,24.81,0.14,10.0,0.17,15.0,0.18,10.0,0.81,20.82,0.8,10.0,0.84,132.8,0.85,14.81,0.02,0.03,2319.94253,1776234256000
1776234258.43,258.43,0.15,24.81,0.14,10.0,0.17,15.0,0.18,10.0,0.83,15.0,0.82,10.0,0.85,24.81,0.86,10.0,0.02,0.02,2319.933505,1776234257000
1776234258.86,258.86,0.15,33.24,0.14,15.0,0.16,0.44,0.17,41.0,0.84,0.44,0.83,41.0,0.85,24.42,0.86,15.0,0.01,0.01,2319.933505,1776234257000
1776234259.06,259.06,0.15,27.22,0.14,15.0,0.16,0.44,0.17,41.0,0.84,0.44,0.83,41.0,0.85,33.24,0.86,15.0,0.01,0.01,2319.820415,1776234258000
1776234259.66,259.66,0.15,36.04,0.14,15.0,0.17,37.82,0.19,15.0,0.84,0.44,0.83,41.0,0.85,26.04,0.86,15.0,0.02,0.01,2319.820415,1776234258000
1776234259.969,259.969,0.16,15.0,0.15,31.04,0.17,14.93,0.18,5.0,0.83,14.93,0.82,5.0,0.84,15.0,0.85,31.04,0.01,0.01,2319.73549,1776234259000
1776234260.514,260.514,0.16,3.67,0.15,31.04,0.17,39.92,0.18,27.0,0.83,97.61,0.82,27.0,0.84,9.27,0.85,31.04,0.01,0.01,2319.73549,1776234259000
1776234260.979,260.979,0.16,3.67,0.15,31.04,0.17,39.92,0.18,27.0,0.83,39.92,0.82,27.0,0.84,3.67,0.85,31.04,0.01,0.01,2319.70561,1776234260000
1776234261.945,261.945,0.16,3.67,0.15,21.04,0.17,49.02,0.18,37.0,0.83,39.92,0.82,27.0,0.84,3.67,0.85,31.04,0.01,0.01,2319.70561,1776234260000
1776234262.784,262.784,0.15,19.86,0.14,20.0,0.17,60.02,0.18,37.0,0.83,49.02,0.82,37.0,0.84,3.67,0.85,21.04,0.02,0.01,2319.746765,1776234261000
1776234263.025,263.025,0.15,19.86,0.14,20.0,0.17,60.02,0.18,37.0,0.83,60.02,0.82,37.0,0.85,19.86,0.86,20.0,0.02,0.02,2319.78782,1776234262000
1776234263.316,263.316,0.15,19.86,0.14,25.0,0.16,40.0,0.17,43.02,0.83,60.02,0.82,37.0,0.85,19.86,0.86,20.0,0.01,0.02,2319.78782,1776234262000
1776234264.056,264.056,0.15,19.86,0.14,25.0,0.16,40.0,0.17,43.02,0.84,40.0,0.83,43.02,0.85,19.86,0.86,25.0,0.01,0.01,2319.78748,1776234263000
1776234264.988,264.988,0.15,10.0,0.14,15.0,0.16,12.43,0.17,50.02,0.84,40.0,0.83,43.02,0.85,19.86,0.86,25.0,0.01,0.01,2319.78748,1776234263000
1776234265.98,265.98,0.14,32.21,0.13,10.0,0.15,86.0,0.21,10.0,0.84,12.43,0.83,50.02,0.85,10.0,0.86,15.0,0.01,0.01,2319.78742,1776234264000
1776234266.463,266.463,0.19,10.0,0.18,10.0,0.21,100.35,0.22,10.0,0.8,13.1,0.79,10.0,0.83,12.11,0.86,32.21,0.02,0.03,2319.763702,1776234265000
1776234266.696,266.696,0.2,10.36,0.19,10.0,0.21,104.35,0.22,23.1,0.79,99.35,0.78,23.1,0.8,6.61,0.81,10.0,0.01,0.01,2319.763702,1776234265000
1776234267.007,267.007,0.2,15.0,0.19,0.23,0.21,94.58,0.22,42.99,0.79,104.35,0.78,32.99,0.81,0.23,0.82,10.0,0.01,0.02,2319.763702,1776234265000
1776234268.026,268.026,0.2,13.75,0.19,0.23,0.21,94.81,0.22,42.99,0.79,94.81,0.78,42.99,0.8,13.75,0.81,0.23,0.01,0.01,2319.83946,1776234267000
1776234268.325,268.325,0.19,0.23,0.18,10.0,0.2,130.55,0.21,17.12,0.79,94.81,0.78,42.99,0.8,13.75,0.81,0.23,0.01,0.01,2319.83946,1776234267000
1776234268.667,268.667,0.18,9.0,0.17,22.11,0.2,132.55,0.21,45.22,0.8,130.55,0.79,17.12,0.81,0.23,0.82,10.0,0.02,0.01,2319.83946,1776234267000
1776234268.981,268.981,0.19,8.76,0.18,7.78,0.2,140.65,0.21,32.12,0.8,127.55,0.79,45.22,0.82,7.78,0.83,22.11,0.01,0.02,2319.83946,1776234267000
1776234269.27,269.27,0.19,5.79,0.18,7.78,0.2,149.77,0.21,32.12,0.8,140.65,0.79,32.12,0.81,8.76,0.82,7.78,0.01,0.01,2319.871295,1776234268000
1776234270.015,270.015,0.19,4.43,0.18,7.78,0.2,144.77,0.21,32.12,0.8,144.77,0.79,32.12,0.81,4.43,0.82,7.78,0.01,0.01,2319.86216,1776234269000
1776234270.359,270.359,0.15,18.39,0.14,10.0,0.18,153.53,0.19,38.89,0.82,27.0,0.81,27.0,0.83,11.89,0.84,16.31,0.03,0.01,2319.86216,1776234269000
1776234270.747,270.747,0.15,23.94,0.14,17.21,0.17,10.0,0.18,126.53,0.82,139.37,0.81,38.89,0.85,18.39,0.86,10.0,0.02,0.03,2319.86216,1776234269000
1776234271.023,271.023,0.15,27.76,0.14,17.21,0.18,126.53,0.19,24.0,0.83,10.0,0.82,126.53,0.85,27.76,0.86,17.21,0.03,0.02,2319.86216,1776234269000
1776234272.022,272.022,0.15,22.76,0.14,17.21,0.17,9.11,0.18,126.53,0.83,9.11,0.82,126.53,0.85,22.76,0.86,17.21,0.02,0.02,2319.83685,1776234271000
1776234272.225,272.225,0.15,12.76,0.14,27.21,0.16,59.34,0.17,20.14,0.83,9.11,0.82,126.53,0.85,22.76,0.86,17.21,0.01,0.02,2319.83685,1776234271000
1776234272.798,272.798,0.15,4.85,0.14,27.21,0.16,59.34,0.17,11.03,0.84,59.34,0.83,20.14,0.85,12.76,0.86,27.21,0.01,0.01,2319.83685,1776234271000
1776234273.059,273.059,0.15,0.53,0.14,27.21,0.17,24.13,0.18,28.99,0.84,39.34,0.83,11.03,0.85,5.53,0.86,27.21,0.02,0.01,2319.82705,1776234272000
1776234273.647,273.647,0.16,8.8,0.15,0.53,0.17,65.88,0.18,33.99,0.83,34.13,0.82,33.99,0.84,5.57,0.85,7.26,0.01,0.01,2319.82705,1776234272000
1776234273.942,273.942,0.14,19.32,0.13,10.0,0.17,76.88,0.18,33.99,0.83,76.88,0.82,33.99,0.86,19.32,0.87,10.0,0.03,0.03,2319.82705,1776234273000
1776234274.873,274.873,0.14,6.27,0.13,10.0,0.16,41.3,0.17,53.78,0.84,41.3,0.83,53.78,0.86,6.27,0.87,10.0,0.02,0.02,2319.831095,1776234274000
1776234275.152,275.152,0.14,7.19,0.13,27.76,0.15,38.89,0.16,178.52,0.85,33.89,0.84,178.52,0.86,8.36,0.87,27.76,0.01,0.01,2319.831095,1776234274000
1776234275.819,275.819,0.13,16.15,0.12,10.0,0.15,178.13,0.16,41.58,0.85,38.89,0.84,178.52,0.86,7.19,0.87,27.76,0.02,0.01,2319.831095,1776234274000
1776234276.296,276.296,0.13,16.15,0.12,10.0,0.15,178.13,0.16,41.58,0.85,178.13,0.84,41.58,0.87,16.15,0.88,10.0,0.02,0.02,2319.83933,1776234275000
1776234276.537,276.537,0.13,8.39,0.12,10.0,0.15,60.55,0.16,46.58,0.85,178.13,0.84,41.58,0.87,16.15,0.88,10.0,0.02,0.02,2319.83933,1776234275000
1776234277.211,277.211,0.13,14.11,0.12,10.0,0.14,35.89,0.15,42.47,0.85,60.55,0.84,46.58,0.87,8.39,0.88,10.0,0.01,0.02,2319.83933,1776234275000
1776234277.75,277.75,0.13,14.11,0.12,10.0,0.14,35.89,0.15,42.47,0.86,35.89,0.85,42.47,0.87,14.11,0.88,10.0,0.01,0.01,2319.840255,1776234276000
1776234278.118,278.118,0.1,6.5,0.09,10.0,0.12,15.0,0.13,66.37,0.88,10.0,0.87,66.27,0.89,1.85,0.9,8.88,0.02,0.01,2319.840255,1776234276000
1776234278.567,278.567,0.1,10.01,0.09,10.0,0.11,194.44,0.12,20.89,0.88,20.0,0.87,66.37,0.9,5.38,0.91,10.0,0.01,0.02,2319.84303,1776234277000
1776234279.204,279.204,0.1,10.01,0.09,10.0,0.11,194.44,0.12,20.89,0.89,194.44,0.88,20.89,0.9,10.01,0.91,10.0,0.01,0.01,2319.84416,1776234278000
1776234279.529,279.529,0.1,4.64,0.08,40.0,0.11,208.33,0.12,38.99,0.89,194.44,0.88,20.89,0.9,10.01,0.91,10.0,0.01,0.01,2319.84416,1776234278000
1776234280.167,280.167,0.08,35.51,0.07,18.91,0.09,10.0,0.1,15.0,0.91,10.0,0.9,15.0,0.92,35.51,0.93,18.91,0.01,0.01,2319.844585,1776234279000
1776234280.468,280.468,0.07,8.91,0.06,40.0,0.08,23.46,0.09,170.69,0.91,10.0,0.9,15.0,0.92,35.51,0.93,18.91,0.01,0.01,2319.844585,1776234279000
1776234280.929,280.929,0.04,79.02,0.03,420.0,0.07,25.0,0.08,18.46,0.92,23.46,0.91,170.69,0.94,24.53,0.95,84.9,0.03,0.02,2319.844585,1776234279000
1776234281.159,281.159,0.04,79.02,0.03,420.0,0.07,25.0,0.08,18.46,0.93,25.0,0.92,18.46,0.96,79.02,0.97,420.0,0.03,0.03,2319.84606,1776234280000
1776234281.521,281.521,0.05,10.0,0.04,117.48,0.13,0.37,0.14,10.0,0.94,9.05,0.93,20.0,0.95,45.0,0.96,84.48,0.08,0.01,2319.84606,1776234280000
1776234281.724,281.724,0.07,3.66,0.06,10.0,0.09,5.0,0.1,40.99,0.86,10.0,0.85,15.01,0.95,8.94,0.96,117.48,0.02,0.09,2319.84606,1776234280000
1776234282.006,282.006,0.07,3.66,0.06,10.0,0.09,20.94,0.1,40.99,0.91,15.0,0.9,40.99,0.92,7.89,0.93,3.66,0.02,0.01,2319.84606,1776234280000
1776234282.609,282.609,0.07,3.66,0.06,10.0,0.09,5.26,0.1,35.99,0.91,20.94,0.9,40.99,0.93,3.66,0.94,10.0,0.02,0.02,2319.845515,1776234281000
1776234283.16,283.16,0.09,10.0,0.08,10.0,0.11,6.26,0.15,5.01,0.91,5.26,0.9,35.99,0.93,3.66,0.94,10.0,0.02,0.02,2319.845515,1776234281000
1776234284.305,284.305,0.09,10.0,0.08,10.0,0.11,6.26,0.15,5.01,0.89,6.26,0.85,5.01,0.91,10.0,0.92,10.0,0.02,0.02,2319.807309,1776234283000
1776234285.322,285.322,0.03,246.19,0.02,256.0,0.11,27.26,0.12,164.54,0.89,27.26,0.88,164.54,0.97,246.19,0.98,256.0,0.08,0.08,2319.874365,1776234284000
1776234286.267,286.267,0.07,7.09,0.06,10.0,0.11,254.43,0.12,27.0,0.89,254.43,0.88,27.0,0.93,7.09,0.94,10.0,0.04,0.04,2319.908145,1776234285000
1776234286.549,286.549,0.06,5.34,0.05,109.99,0.11,254.43,0.12,37.0,0.89,245.33,0.88,27.0,0.9,20.0,0.91,10.0,0.05,0.01,2319.908145,1776234285000
1776234287.255,287.255,0.06,3.63,0.05,109.99,0.11,249.43,0.12,37.0,0.89,249.43,0.88,37.0,0.94,3.63,0.95,109.99,0.05,0.05,2319.91883,1776234286000
1776234287.535,287.535,0.07,15.0,0.06,3.63,0.08,195.28,0.09,41.0,0.89,249.43,0.88,37.0,0.94,3.63,0.95,109.99,0.01,0.05,2319.91883,1776234286000
1776234288.227,288.227,0.07,15.0,0.06,3.63,0.08,195.28,0.09,41.0,0.92,195.28,0.91,41.0,0.93,15.0,0.94,3.63,0.01,0.01,2319.92018,1776234287000
1776234288.49,288.49,0.06,7.45,0.05,109.99,0.08,193.28,0.09,46.0,0.92,195.28,0.91,41.0,0.93,15.0,0.94,3.63,0.02,0.01,2319.92018,1776234287000
1776234288.72,288.72,0.06,9.68,0.05,109.99,0.07,15.0,0.08,204.28,0.92,193.28,0.91,46.0,0.94,4.88,0.95,109.99,0.01,0.02,2319.92018,1776234287000
1776234289.204,289.204,0.05,123.93,0.04,10.0,0.06,10.0,0.07,26.99,0.93,15.0,0.92,209.28,0.94,16.38,0.95,109.99,0.01,0.01,2319.92018,1776234287000
1776234289.695,289.695,0.05,98.93,0.04,10.0,0.09,5.32,0.1,10.0,0.94,10.0,0.93,26.99,0.95,123.93,0.96,10.0,0.04,0.01,2319.921645,1776234288000
1776234290.564,290.564,0.05,108.93,0.04,10.0,0.06,17.42,0.07,10.0,0.91,5.32,0.9,10.0,0.95,98.93,0.96,10.0,0.01,0.04,2319.921645,1776234288000
1776234290.793,290.793,0.05,108.93,0.04,10.0,0.06,17.42,0.07,10.0,0.94,17.42,0.93,10.0,0.95,108.93,0.96,10.0,0.01,0.01,2319.92101,1776234289000
1776234291.181,291.181,0.05,92.55,0.03,131.19,0.06,17.42,0.07,20.0,0.94,17.42,0.93,20.0,0.95,107.87,0.96,10.0,0.01,0.01,2319.92101,1776234289000
1776234291.57,291.57,0.04,5.0,0.03,121.19,0.06,27.43,0.07,21.58,0.94,17.42,0.93,20.0,0.95,91.49,0.97,131.19,0.02,0.01,2319.927625,1776234290000
1776234291.813,291.813,0.02,201.0,0.01,1256.23,0.04,10.0,0.05,62.0,0.95,15.0,0.94,37.43,0.97,95.74,0.98,191.0,0.02,0.02,2319.927625,1776234290000
1776234292.038,292.038,0.02,190.89,0.01,1277.23,0.05,62.0,0.06,27.43,0.95,62.0,0.94,22.43,0.98,191.0,0.99,1277.23,0.03,0.03,2319.927625,1776234290000
1776234292.354,292.354,0.02,172.88,0.01,1257.23,0.03,10.0,0.04,10.0,0.97,10.0,0.96,10.0,0.98,172.88,0.99,1257.23,0.01,0.01,2319.92793,1776234291000
1776234292.58,292.58,0.02,175.02,0.01,1195.0,0.04,10.0,0.05,25.82,0.96,10.0,0.95,20.82,0.98,185.02,0.99,1233.23,0.02,0.02,2319.92793,1776234291000
1776234293.277,293.277,0.02,175.02,0.01,1195.0,0.04,10.0,0.05,25.82,0.96,10.0,0.95,25.82,0.98,175.02,0.99,1195.0,0.02,0.02,2319.954938,1776234292000
1776234293.566,293.566,0.02,163.67,0.01,1195.0,0.03,5.0,0.04,15.0,0.97,15.0,0.96,10.0,0.98,164.7,0.99,1195.0,0.01,0.01,2319.954938,1776234292000
1776234293.828,293.828,0.02,153.67,0.01,1200.0,0.04,9.0,0.05,20.82,0.97,5.0,0.96,15.0,0.98,163.67,0.99,1195.0,0.02,0.01,2319.954938,1776234292000
1776234294.396,294.396,0.02,153.67,0.01,1200.0,0.04,9.0,0.05,20.82,0.96,9.0,0.95,20.82,0.98,153.67,0.99,1200.0,0.02,0.02,2319.931435,1776234293000
1776234294.727,294.727,0.02,121.5,0.01,1035.0,0.03,10.0,0.04,9.0,0.96,9.0,0.95,20.82,0.98,153.67,0.99,1200.0,0.01,0.02,2319.931435,1776234293000
1776234294.986,294.986,0.02,106.09,0.01,1035.0,0.03,10.0,0.04,9.0,0.97,10.0,0.96,9.0,0.98,106.09,0.99,1035.0,0.01,0.01,2319.931265,1776234294000
1776234295.708,295.708,0.02,86.09,0.01,1035.0,0.03,5.0,0.04,11.58,0.89,120.14,0.88,10.0,0.98,106.09,0.99,1035.0,0.01,0.09,2319.931265,1776234294000
1776234295.939,295.939,0.02,86.09,0.01,1035.0,0.03,5.0,0.04,11.58,0.97,5.0,0.96,11.58,0.98,86.09,0.99,1035.0,0.01,0.01,2319.976,1776234295000
1776234296.417,296.417,0.02,84.97,0.01,935.0,0.03,32.58,0.04,37.99,0.97,5.0,0.96,11.58,0.98,86.09,0.99,1035.0,0.01,0.01,2319.976,1776234295000
1776234296.921,296.921,0.02,76.93,0.01,935.0,0.03,32.58,0.04,37.99,0.97,32.58,0.96,37.99,0.98,76.93,0.99,935.0,0.01,0.01,2319.91202,1776234296000
1776234297.202,297.202,0.03,7.93,0.02,28.89,0.04,82.57,0.05,23.0,0.97,3.58,0.96,42.99,0.98,33.89,0.99,935.0,0.01,0.01,2319.91202,1776234296000
1776234297.423,297.423,0.01,708.4,,,0.02,5.0,0.03,5.0,0.98,5.0,0.97,5.0,0.99,724.89,,,0.01,0.01,2319.91202,1776234296000
1776234297.704,297.704,0.01,500.21,,,0.02,142.0,0.03,39.58,0.98,142.0,0.97,26.58,0.99,502.21,,,0.01,0.01,2319.91202,1776234296000
1776234297.941,297.941,0.01,487.32,,,0.02,163.58,0.03,39.58,0.98,163.58,0.97,39.58,0.99,499.19,,,0.01,0.01,2319.91202,1776234296000
1776234298.185,298.185,0.01,475.2,,,0.02,168.58,0.03,39.58,0.98,168.58,0.97,39.58,0.99,476.32,,,0.01,0.01,2319.92258,1776234297000
1776234298.445,298.445,0.01,137.91,,,0.02,195.58,0.03,44.58,0.98,200.58,0.97,44.58,0.99,237.91,,,0.01,0.01,2319.92258,1776234297000
1776234298.876,298.876,,,,,0.01,4415.77,0.02,43.58,0.98,200.58,0.97,44.58,,,,,,,2319.92258,1776234297000
1776234300.006,300.006,,,,,0.01,5237.92,0.02,20.0,0.99,5237.92,0.98,20.0,,,,,,,2319.93028,1776234299000
1776234300.784,300.784,,,,,0.01,47432.48,0.02,36.0,0.99,5237.92,0.98,20.0,,,,,,,2319.93028,1776234299000
1776234300.989,300.989,,,,,0.01,47372.48,0.02,36.0,0.99,47372.48,0.98,36.0,,,,,,,2319.929405,1776234300000
1776234302.004,302.004,,,,,0.01,47372.48,0.02,36.0,0.99,47372.48,0.98,36.0,,,,,,,2319.9522,1776234301000
1776234302.982,302.982,,,,,0.01,47372.48,0.02,36.0,0.99,47372.48,0.98,36.0,,,,,,,2320.109475,1776234302000

# RESULT,winner=Down,slug=eth-updown-5m-1776234000,ticks=515
