timestamp,elapsed_sec,up_bid_p1,up_bid_s1,up_bid_p2,up_bid_s2,up_ask_p1,up_ask_s1,up_ask_p2,up_ask_s2,down_bid_p1,down_bid_s1,down_bid_p2,down_bid_s2,down_ask_p1,down_ask_s1,down_ask_p2,down_ask_s2,up_spread,down_spread,eth_price,eth_oracle_ts
1776211211.402,11.402,0.4,8.75,0.39,10.0,0.41,10.0,0.42,80.0,0.59,15.0,0.58,80.0,0.6,3.75,0.61,10.0,0.01,0.01,2323.064194,1776211210000
1776211211.686,11.686,0.4,8.75,0.39,5.0,0.41,20.0,0.42,85.0,0.59,15.0,0.58,80.0,0.6,3.75,0.61,10.0,0.01,0.01,2323.064194,1776211210000
1776211211.927,11.927,0.4,8.75,0.39,5.0,0.41,20.0,0.42,85.0,0.59,20.0,0.58,85.0,0.6,8.75,0.61,5.0,0.01,0.01,2322.894581,1776211211000
1776211212.429,12.429,0.4,8.75,0.39,5.0,0.41,20.0,0.42,95.0,0.59,20.0,0.58,85.0,0.6,8.75,0.61,5.0,0.01,0.01,2322.894581,1776211211000
1776211212.915,12.915,0.4,8.75,0.39,5.0,0.41,20.0,0.42,95.0,0.59,20.0,0.58,95.0,0.6,8.75,0.61,5.0,0.01,0.01,2322.739987,1776211212000
1776211213.449,13.449,0.38,5.0,0.37,20.0,0.39,9.29,0.4,20.0,0.61,20.0,0.6,15.0,0.63,20.0,0.64,20.0,0.01,0.02,2322.739987,1776211212000
1776211213.953,13.953,0.38,5.0,0.37,20.0,0.39,9.29,0.4,20.0,0.61,9.29,0.6,20.0,0.62,5.0,0.63,20.0,0.01,0.01,2322.684024,1776211213000
1776211214.317,14.317,0.38,23.0,0.37,34.0,0.39,10.0,0.4,10.0,0.61,19.29,0.6,20.0,0.62,33.0,0.63,34.0,0.01,0.01,2322.684024,1776211213000
1776211214.605,14.605,0.42,25.0,0.41,100.0,0.43,56.84,0.46,97.0,0.61,10.0,0.6,10.0,0.62,23.0,0.63,34.0,0.01,0.01,2322.684024,1776211213000
1776211214.991,14.991,0.42,90.0,0.41,173.0,0.43,36.74,0.46,95.0,0.57,36.74,0.54,95.0,0.58,90.0,0.59,173.0,0.01,0.01,2322.692903,1776211214000
1776211215.322,15.322,0.42,62.0,0.41,158.0,0.43,44.25,0.46,95.0,0.57,36.74,0.54,95.0,0.58,90.0,0.59,173.0,0.01,0.01,2322.692903,1776211214000
1776211215.819,15.819,0.42,59.0,0.41,158.0,0.43,49.25,0.46,100.0,0.57,44.25,0.54,95.0,0.58,62.0,0.59,158.0,0.01,0.01,2322.692903,1776211214000
1776211216.066,16.066,0.42,59.0,0.41,158.0,0.43,49.25,0.46,95.0,0.57,49.25,0.54,100.0,0.58,59.0,0.59,158.0,0.01,0.01,2322.692903,1776211214000
1776211216.641,16.641,0.42,64.0,0.41,168.0,0.43,44.25,0.44,10.0,0.57,49.25,0.54,95.0,0.58,59.0,0.59,158.0,0.01,0.01,2322.743588,1776211215000
1776211217.147,17.147,0.42,64.0,0.41,168.0,0.43,44.25,0.44,10.0,0.57,44.25,0.56,10.0,0.58,64.0,0.59,168.0,0.01,0.01,2322.967781,1776211216000
1776211218.358,18.358,0.42,57.18,0.41,158.0,0.43,39.25,0.46,95.0,0.57,39.25,0.54,95.0,0.58,57.18,0.59,158.0,0.01,0.01,2323.003942,1776211217000
1776211218.881,18.881,0.42,51.18,0.41,178.0,0.43,39.25,0.44,10.0,0.57,39.25,0.54,95.0,0.58,57.18,0.59,158.0,0.01,0.01,2323.003942,1776211217000
1776211219.314,19.314,0.42,61.18,0.41,173.0,0.43,14.25,0.44,10.0,0.57,39.25,0.56,10.0,0.58,51.18,0.59,178.0,0.01,0.01,2323.005051,1776211218000
1776211219.756,19.756,0.42,66.18,0.41,183.0,0.43,9.13,0.44,20.0,0.57,14.25,0.56,10.0,0.58,61.18,0.59,173.0,0.01,0.01,2323.005051,1776211218000
1776211220.077,20.077,0.42,66.18,0.41,183.0,0.43,9.13,0.44,20.0,0.57,9.13,0.56,20.0,0.58,66.18,0.59,183.0,0.01,0.01,2322.995662,1776211219000
1776211220.377,20.377,0.42,56.18,0.41,193.0,0.43,15.0,0.44,10.0,0.57,9.13,0.56,20.0,0.58,66.18,0.59,183.0,0.01,0.01,2322.995662,1776211219000
1776211221.029,21.029,0.42,59.36,0.41,183.0,0.43,5.0,0.44,10.0,0.57,15.0,0.56,10.0,0.58,56.18,0.59,193.0,0.01,0.01,2322.995662,1776211219000
1776211221.326,21.326,0.42,59.36,0.41,183.0,0.43,5.0,0.44,10.0,0.57,5.0,0.56,10.0,0.58,59.36,0.59,183.0,0.01,0.01,2323.009456,1776211220000
1776211221.755,21.755,0.42,69.36,0.41,193.0,0.46,105.0,0.47,11.0,0.57,5.0,0.56,10.0,0.58,59.36,0.59,183.0,0.04,0.01,2323.009456,1776211220000
1776211222.191,22.191,0.44,18.21,0.43,31.0,0.46,146.0,0.47,25.0,0.54,105.0,0.53,11.0,0.58,69.36,0.59,193.0,0.02,0.04,2322.997287,1776211221000
1776211223.05,23.05,0.44,7.85,0.43,31.0,0.46,146.0,0.47,25.0,0.54,146.0,0.53,25.0,0.56,7.85,0.57,31.0,0.02,0.02,2322.996764,1776211222000
1776211223.639,23.639,0.41,32.02,0.39,50.0,0.43,26.0,0.44,55.0,0.54,146.0,0.53,25.0,0.56,7.85,0.57,31.0,0.02,0.02,2322.996764,1776211222000
1776211224.131,24.131,0.41,8.63,0.39,50.0,0.43,31.0,0.44,60.0,0.57,31.0,0.56,60.0,0.59,8.63,0.61,50.0,0.02,0.02,2322.999851,1776211223000
1776211224.417,24.417,0.41,14.63,0.4,23.0,0.42,30.0,0.43,40.0,0.58,65.0,0.57,45.0,0.59,14.63,0.6,18.0,0.01,0.01,2322.999851,1776211223000
1776211225.072,25.072,0.41,24.63,0.4,28.0,0.42,50.0,0.43,30.0,0.58,30.0,0.57,40.0,0.59,14.63,0.6,23.0,0.01,0.01,2322.999851,1776211223000
1776211226.395,26.395,0.41,24.63,0.4,33.0,0.42,47.61,0.43,30.0,0.58,47.61,0.57,30.0,0.59,24.63,0.6,33.0,0.01,0.01,2322.829817,1776211225000
1776211226.928,26.928,0.41,14.63,0.4,28.0,0.42,17.61,0.43,30.0,0.58,17.61,0.57,30.0,0.59,14.63,0.6,28.0,0.01,0.01,2322.806346,1776211226000
1776211227.399,27.399,0.41,13.95,0.4,23.0,0.42,47.61,0.43,36.0,0.58,17.61,0.57,30.0,0.59,14.63,0.6,28.0,0.01,0.01,2322.806346,1776211226000
1776211227.895,27.895,0.41,5.95,0.4,28.0,0.42,22.61,0.43,36.0,0.58,47.61,0.57,36.0,0.59,13.95,0.6,23.0,0.01,0.01,2322.806346,1776211226000
1776211228.523,28.523,0.4,16.91,0.39,98.0,0.41,20.0,0.42,43.61,0.59,20.0,0.58,8.61,0.6,1.91,0.61,83.0,0.01,0.01,2322.805098,1776211227000
1776211228.994,28.994,0.41,15.0,0.4,61.91,0.42,38.61,0.43,30.0,0.59,20.0,0.58,43.61,0.6,16.91,0.61,98.0,0.01,0.01,2322.805098,1776211227000
1776211229.317,29.317,0.41,4.83,0.4,61.91,0.42,38.61,0.43,30.0,0.58,38.61,0.57,30.0,0.59,4.83,0.6,61.91,0.01,0.01,2322.799296,1776211228000
1776211229.969,29.969,0.41,6.6,0.4,66.91,0.42,25.0,0.43,26.0,0.58,38.61,0.57,30.0,0.59,4.83,0.6,61.91,0.01,0.01,2322.799296,1776211228000
1776211230.298,30.298,0.41,6.6,0.4,66.91,0.42,25.0,0.43,26.0,0.58,25.0,0.57,26.0,0.59,6.6,0.6,66.91,0.01,0.01,2322.815916,1776211229000
1776211230.763,30.763,0.46,198.0,0.45,28.0,0.53,5.59,0.54,5.0,0.54,20.0,0.53,110.0,0.55,5.11,0.59,91.6,0.07,0.01,2322.815916,1776211229000
1776211231.013,31.013,0.54,60.0,0.53,74.41,0.55,5.0,0.56,11.0,0.46,10.0,0.45,5.0,0.47,64.41,0.48,50.0,0.01,0.01,2322.818687,1776211230000
1776211231.58,31.58,0.54,108.56,0.53,114.41,0.55,5.0,0.56,6.98,0.45,5.0,0.44,6.98,0.46,84.0,0.47,74.41,0.01,0.01,2322.818687,1776211230000
1776211231.988,31.988,0.54,108.56,0.53,114.41,0.56,5.01,0.57,65.0,0.44,5.01,0.43,65.0,0.46,108.56,0.47,114.41,0.02,0.02,2322.872653,1776211231000
1776211232.239,32.239,0.55,13.33,0.54,99.56,0.56,32.01,0.57,60.0,0.44,32.01,0.43,60.0,0.45,24.0,0.46,94.56,0.01,0.01,2322.872653,1776211231000
1776211232.771,32.771,0.55,12.33,0.54,94.56,0.56,29.97,0.57,60.0,0.44,29.97,0.43,60.0,0.45,18.33,0.46,94.56,0.01,0.01,2322.872653,1776211231000
1776211233.065,33.065,0.55,12.33,0.54,94.56,0.56,29.97,0.57,60.0,0.44,29.97,0.43,60.0,0.45,12.33,0.46,94.56,0.01,0.01,2323.383244,1776211232000
1776211233.746,33.746,0.55,12.33,0.54,70.0,0.56,30.0,0.57,60.0,0.44,29.97,0.43,60.0,0.45,12.33,0.46,94.56,0.01,0.01,2323.383244,1776211232000
1776211234.073,34.073,0.55,22.33,0.54,70.0,0.56,20.0,0.57,60.0,0.44,20.0,0.43,60.0,0.45,22.33,0.46,70.0,0.01,0.01,2323.596325,1776211233000
1776211234.831,34.831,0.56,24.0,0.55,76.0,0.58,3.57,0.59,10.0,0.44,20.0,0.43,60.0,0.45,22.33,0.46,70.0,0.02,0.01,2323.596325,1776211233000
1776211235.081,35.081,0.56,24.0,0.55,76.0,0.58,3.57,0.59,10.0,0.42,3.57,0.41,10.0,0.44,24.0,0.45,76.0,0.02,0.02,2323.587045,1776211234000
1776211236.098,36.098,0.57,23.51,0.56,30.0,0.58,3.57,0.59,10.0,0.42,3.57,0.41,10.0,0.43,23.51,0.44,30.0,0.01,0.01,2323.560565,1776211235000
1776211236.562,36.562,0.57,43.51,0.56,30.0,0.6,42.0,0.61,5.0,0.42,3.57,0.41,10.0,0.43,23.51,0.44,30.0,0.03,0.01,2323.560565,1776211235000
1776211237.145,37.145,0.57,43.51,0.56,30.0,0.6,42.0,0.61,5.0,0.4,42.0,0.39,5.0,0.43,43.51,0.44,30.0,0.03,0.03,2323.67878,1776211236000
1776211237.768,37.768,0.59,74.0,0.58,25.0,0.6,30.0,0.61,20.0,0.4,52.0,0.39,20.0,0.41,71.55,0.42,15.0,0.01,0.01,2323.67878,1776211236000
1776211238.104,38.104,0.59,69.0,0.58,20.0,0.6,20.0,0.61,33.0,0.4,30.0,0.39,20.0,0.41,74.0,0.42,25.0,0.01,0.01,2323.67878,1776211236000
1776211238.6,38.6,0.59,89.0,0.58,10.0,0.6,15.0,0.61,78.04,0.4,20.0,0.39,33.0,0.41,69.0,0.42,20.0,0.01,0.01,2323.74102,1776211237000
1776211239.088,39.088,0.59,89.0,0.58,10.0,0.6,15.0,0.61,78.04,0.4,15.0,0.39,78.04,0.41,89.0,0.42,10.0,0.01,0.01,2323.767136,1776211238000
1776211240.016,40.016,0.6,75.0,0.59,96.0,0.63,60.0,0.64,50.0,0.37,60.0,0.36,50.0,0.4,75.0,0.41,96.0,0.03,0.03,2323.771535,1776211239000
1776211240.682,40.682,0.65,93.49,0.64,31.0,0.66,25.0,0.67,72.0,0.37,60.0,0.36,50.0,0.4,75.0,0.41,96.0,0.01,0.03,2323.771535,1776211239000
1776211241.007,41.007,0.65,98.49,0.64,26.0,0.66,10.0,0.67,72.0,0.34,25.0,0.33,72.0,0.35,93.49,0.36,31.0,0.01,0.01,2323.771535,1776211239000
1776211241.476,41.476,0.66,107.0,0.65,66.49,0.67,60.0,0.68,10.0,0.34,10.0,0.33,72.0,0.35,98.49,0.36,26.0,0.01,0.01,2323.84367,1776211240000
1776211241.925,41.925,0.67,79.0,0.66,106.0,0.68,8.52,0.69,25.0,0.33,60.0,0.32,10.0,0.34,107.0,0.35,66.49,0.01,0.01,2323.84367,1776211240000
1776211242.307,42.307,0.68,94.0,0.67,37.44,0.69,28.4,0.7,115.0,0.31,25.0,0.3,110.0,0.33,81.44,0.34,111.0,0.01,0.02,2324.064142,1776211241000
1776211243.1,43.1,0.68,106.0,0.67,42.44,0.69,40.18,0.7,126.0,0.31,70.18,0.3,110.0,0.32,101.0,0.33,42.44,0.01,0.01,2324.064142,1776211241000
1776211243.376,43.376,0.68,101.0,0.67,42.44,0.69,26.47,0.7,131.0,0.31,36.47,0.3,126.0,0.32,106.0,0.33,42.44,0.01,0.01,2324.2065,1776211242000
1776211244.084,44.084,0.7,211.0,0.69,63.0,0.72,50.0,0.74,244.0,0.31,20.47,0.3,126.0,0.32,106.0,0.33,42.44,0.02,0.01,2324.2065,1776211242000
1776211244.32,44.32,0.73,176.92,0.72,28.0,0.74,234.0,0.78,60.0,0.26,234.0,0.22,60.0,0.27,2.69,0.3,251.0,0.01,0.01,2324.37125,1776211243000
1776211244.521,44.521,0.73,142.88,0.72,33.0,0.74,228.0,0.77,11.0,0.26,228.0,0.23,11.0,0.27,140.96,0.28,33.0,0.01,0.01,2324.37125,1776211243000
1776211244.757,44.757,0.73,49.35,0.72,28.0,0.74,125.91,0.75,5.0,0.26,125.91,0.24,25.0,0.27,121.08,0.28,33.0,0.01,0.01,2324.37125,1776211243000
1776211245.066,45.066,0.73,37.93,0.72,28.0,0.74,125.91,0.75,5.0,0.26,125.91,0.25,5.0,0.27,37.93,0.28,28.0,0.01,0.01,2324.398645,1776211244000
1776211245.542,45.542,0.73,93.11,0.72,23.0,0.74,0.91,0.78,91.0,0.26,125.91,0.25,5.0,0.27,37.93,0.28,28.0,0.01,0.01,2324.398645,1776211244000
1776211246.002,46.002,0.76,129.0,0.75,15.0,0.77,10.18,0.78,96.0,0.23,20.3,0.22,91.0,0.27,93.11,0.28,23.0,0.01,0.04,2324.398645,1776211244000
1776211246.222,46.222,0.76,124.0,0.75,21.0,0.78,81.0,0.79,56.7,0.22,81.0,0.21,56.7,0.24,124.0,0.25,21.0,0.02,0.02,2324.834295,1776211245000
1776211246.531,46.531,0.77,83.24,0.76,50.0,0.78,96.0,0.79,128.01,0.22,81.0,0.21,56.7,0.24,124.0,0.25,21.0,0.01,0.02,2324.834295,1776211245000
1776211246.876,46.876,0.77,111.28,0.76,50.0,0.78,91.0,0.79,146.01,0.22,96.0,0.21,128.01,0.23,83.24,0.24,50.0,0.01,0.01,2324.834295,1776211245000
1776211247.24,47.24,0.77,111.28,0.76,50.0,0.78,91.0,0.79,146.01,0.22,91.0,0.21,146.01,0.23,111.28,0.24,50.0,0.01,0.01,2324.980572,1776211246000
1776211247.554,47.554,0.77,123.28,0.76,50.0,0.78,43.1,0.79,151.01,0.22,91.0,0.21,146.01,0.23,111.28,0.24,50.0,0.01,0.01,2324.980572,1776211246000
1776211247.784,47.784,0.77,116.56,0.76,50.0,0.78,55.1,0.79,146.01,0.22,48.1,0.21,151.01,0.23,99.56,0.24,50.0,0.01,0.01,2324.980572,1776211246000
1776211248.19,48.19,0.77,116.56,0.76,50.0,0.78,32.1,0.79,151.01,0.22,32.1,0.21,151.01,0.23,116.56,0.24,50.0,0.01,0.01,2325.09608,1776211247000
1776211249.14,49.14,0.77,77.0,0.76,55.0,0.78,44.45,0.79,143.01,0.22,32.1,0.21,151.01,0.23,116.56,0.24,50.0,0.01,0.01,2325.09608,1776211247000
1776211249.667,49.667,0.77,8.0,0.76,45.0,0.78,63.61,0.79,151.01,0.22,34.45,0.21,143.01,0.23,71.78,0.24,55.0,0.01,0.01,2325.142205,1776211248000
1776211250.178,50.178,0.76,40.0,0.75,10.0,0.78,63.61,0.79,151.01,0.22,63.61,0.21,151.01,0.24,40.0,0.25,10.0,0.02,0.02,2325.182217,1776211249000
1776211250.775,50.775,0.77,39.49,0.76,40.0,0.78,64.15,0.79,66.7,0.22,79.15,0.21,133.01,0.23,34.49,0.24,40.0,0.01,0.01,2325.182217,1776211249000
1776211251.102,51.102,0.76,40.0,0.75,10.0,0.78,120.15,0.79,74.7,0.22,64.15,0.21,66.7,0.23,39.49,0.24,40.0,0.02,0.01,2325.182217,1776211249000
1776211252.148,52.148,0.76,40.0,0.75,10.0,0.78,120.15,0.79,74.7,0.22,120.15,0.21,74.7,0.24,40.0,0.25,10.0,0.02,0.02,2325.018436,1776211251000
1776211252.566,52.566,0.76,45.0,0.75,25.0,0.77,113.0,0.78,59.45,0.23,104.2,0.22,130.11,0.24,45.0,0.25,20.0,0.01,0.01,2325.018436,1776211251000
1776211252.805,52.805,0.76,120.0,0.75,20.0,0.77,12.2,0.78,14.45,0.23,113.0,0.22,59.45,0.24,45.0,0.25,25.0,0.01,0.01,2325.018436,1776211251000
1776211253.17,53.17,0.76,155.0,0.75,20.0,0.77,7.6,0.78,14.45,0.23,7.6,0.22,14.45,0.24,155.0,0.25,20.0,0.01,0.01,2324.92441,1776211252000
1776211253.386,53.386,0.76,177.0,0.75,25.0,0.77,2.6,0.78,14.45,0.23,7.6,0.22,14.45,0.24,155.0,0.25,20.0,0.01,0.01,2324.92441,1776211252000
1776211254.161,54.161,0.76,177.0,0.75,25.0,0.77,2.6,0.78,14.45,0.23,2.6,0.22,14.45,0.24,177.0,0.25,25.0,0.01,0.01,2324.898469,1776211253000
1776211255.12,55.12,0.76,177.0,0.75,25.0,0.77,2.6,0.78,14.45,0.23,2.6,0.22,14.45,0.24,177.0,0.25,25.0,0.01,0.01,2325.005853,1776211254000
1776211255.877,55.877,0.77,50.0,0.76,107.0,0.78,3.45,0.79,81.7,0.23,2.05,0.22,9.45,0.24,177.0,0.25,25.0,0.01,0.01,2325.005853,1776211254000
1776211256.091,56.091,0.77,117.0,0.76,76.0,0.79,78.32,0.8,134.5,0.22,2.03,0.21,60.0,0.23,117.0,0.24,76.0,0.02,0.01,2325.005853,1776211254000
1776211257.036,57.036,0.78,87.0,0.77,30.0,0.79,88.32,0.8,149.55,0.21,78.32,0.2,134.5,0.23,117.0,0.24,76.0,0.01,0.02,2325.051274,1776211255000
1776211257.423,57.423,0.78,122.0,0.77,53.0,0.79,62.32,0.8,144.5,0.21,88.32,0.2,149.55,0.22,87.0,0.23,30.0,0.01,0.01,2325.0555,1776211256000
1776211257.713,57.713,0.78,178.0,0.77,68.0,0.79,62.32,0.8,80.0,0.21,62.32,0.2,144.5,0.22,122.0,0.23,53.0,0.01,0.01,2325.0555,1776211256000
1776211258.105,58.105,0.79,186.0,0.78,100.0,0.8,0.05,0.81,10.0,0.2,0.05,0.19,10.0,0.21,186.0,0.22,100.0,0.01,0.01,2325.057715,1776211257000
1776211258.358,58.358,0.81,97.42,0.8,30.0,0.82,156.0,0.83,185.0,0.18,50.0,0.17,85.0,0.21,224.0,0.22,73.0,0.01,0.03,2325.057715,1776211257000
1776211259.25,59.25,0.82,20.0,0.81,35.0,0.83,189.94,0.84,240.0,0.18,156.0,0.17,185.0,0.19,97.42,0.2,30.0,0.01,0.01,2325.057715,1776211257000
1776211259.652,59.652,0.82,65.0,0.81,28.0,0.83,138.73,0.84,272.8,0.17,189.94,0.16,240.0,0.18,20.0,0.19,35.0,0.01,0.01,2325.07588,1776211258000
1776211260.057,60.057,0.82,104.77,0.81,28.0,0.83,124.45,0.84,282.8,0.17,119.45,0.16,272.8,0.18,65.0,0.19,28.0,0.01,0.01,2325.07588,1776211258000
1776211260.293,60.293,0.82,114.77,0.81,53.0,0.83,153.41,0.84,251.0,0.17,150.41,0.16,256.0,0.18,99.77,0.19,28.0,0.01,0.01,2325.07588,1776211258000
1776211260.702,60.702,0.82,54.77,0.81,58.0,0.83,63.2,0.84,151.0,0.17,153.41,0.16,251.0,0.18,114.77,0.19,53.0,0.01,0.01,2325.07588,1776211258000
1776211261.507,61.507,0.82,54.77,0.81,58.0,0.83,63.2,0.84,151.0,0.17,63.2,0.16,151.0,0.18,54.77,0.19,58.0,0.01,0.01,2325.585351,1776211260000
1776211261.867,61.867,0.83,97.0,0.82,22.77,0.84,137.0,0.85,25.0,0.17,63.2,0.16,151.0,0.18,54.77,0.19,58.0,0.01,0.01,2325.585351,1776211260000
1776211262.501,62.501,0.82,12.77,0.81,58.0,0.84,101.31,0.85,34.0,0.16,101.31,0.15,34.0,0.18,12.77,0.19,58.0,0.02,0.02,2325.598926,1776211261000
1776211262.775,62.775,0.83,104.11,0.82,25.77,0.84,15.0,0.86,120.0,0.16,101.31,0.15,34.0,0.18,12.77,0.19,58.0,0.01,0.02,2325.598926,1776211261000
1776211263.247,63.247,0.86,18.0,0.85,35.0,0.87,175.0,0.88,10.0,0.13,175.0,0.12,10.0,0.14,18.0,0.15,35.0,0.01,0.01,2325.62666,1776211262000
1776211263.682,63.682,0.86,58.0,0.85,40.0,0.87,24.76,0.88,15.0,0.13,175.0,0.12,10.0,0.14,18.0,0.15,35.0,0.01,0.01,2325.62666,1776211262000
1776211264.08,64.08,0.85,30.0,0.84,39.0,0.87,36.76,0.88,15.0,0.13,24.76,0.12,15.0,0.14,58.0,0.15,40.0,0.02,0.01,2325.62666,1776211262000
1776211264.4,64.4,0.86,99.76,0.85,135.0,0.87,25.26,0.88,49.1,0.13,36.76,0.12,15.0,0.15,30.0,0.16,39.0,0.01,0.02,2325.62666,1776211262000
1776211264.975,64.975,0.86,99.76,0.85,135.0,0.87,25.26,0.88,49.1,0.13,25.26,0.12,49.1,0.14,99.76,0.15,135.0,0.01,0.01,2325.782551,1776211264000
1776211265.379,65.379,0.87,101.47,0.86,296.52,0.88,38.4,0.89,31.0,0.12,48.4,0.11,31.0,0.13,108.47,0.14,181.52,0.01,0.01,2325.782551,1776211264000
1776211265.692,65.692,0.88,50.0,0.87,86.47,0.89,43.05,0.9,221.0,0.12,38.4,0.11,31.0,0.13,101.47,0.14,296.52,0.01,0.01,2325.782551,1776211264000
1776211265.965,65.965,0.88,51.83,0.87,94.97,0.89,58.55,0.9,236.0,0.11,43.05,0.1,221.0,0.12,50.0,0.13,86.47,0.01,0.01,2325.782551,1776211264000
1776211266.361,66.361,0.88,32.16,0.87,97.11,0.89,49.68,0.9,236.0,0.11,49.68,0.1,236.0,0.12,32.16,0.13,97.11,0.01,0.01,2326.080911,1776211265000
1776211267.008,67.008,0.88,4.65,0.87,113.11,0.89,99.83,0.9,236.0,0.11,99.83,0.1,236.0,0.12,4.65,0.13,113.11,0.01,0.01,2326.091314,1776211266000
1776211268.304,68.304,0.88,4.65,0.87,113.11,0.89,99.83,0.9,236.0,0.11,99.83,0.1,236.0,0.12,4.65,0.13,113.11,0.01,0.01,2326.319175,1776211267000
1776211268.51,68.51,0.87,77.11,0.86,169.52,0.89,167.44,0.9,236.0,0.11,181.62,0.1,236.0,0.13,77.11,0.14,169.52,0.02,0.02,2326.319175,1776211267000
1776211269.528,69.528,0.87,127.11,0.86,200.02,0.89,136.97,0.9,238.0,0.12,59.48,0.11,139.44,0.13,102.11,0.14,169.52,0.02,0.01,2326.319175,1776211267000
1776211270.0,70.0,0.88,30.0,0.87,102.61,0.89,120.84,0.9,213.0,0.11,136.97,0.1,238.0,0.13,127.11,0.14,200.02,0.01,0.02,2326.338615,1776211268000
1776211270.239,70.239,0.88,30.0,0.87,102.61,0.89,120.84,0.9,213.0,0.11,120.84,0.1,213.0,0.12,30.0,0.13,102.61,0.01,0.01,2326.111565,1776211269000
1776211270.674,70.674,0.88,45.5,0.87,102.61,0.89,106.66,0.9,206.0,0.11,120.84,0.1,213.0,0.12,30.0,0.13,102.61,0.01,0.01,2326.111565,1776211269000
1776211271.064,71.064,0.89,116.55,0.88,116.5,0.9,163.0,0.91,135.11,0.11,79.84,0.1,166.0,0.12,55.5,0.13,115.61,0.01,0.01,2326.111565,1776211269000
1776211271.613,71.613,0.89,122.36,0.88,112.5,0.9,113.0,0.91,129.11,0.1,113.0,0.09,129.11,0.11,122.36,0.12,112.5,0.01,0.01,2326.043632,1776211270000
1776211271.866,71.866,0.89,148.55,0.88,75.23,0.9,71.49,0.91,129.11,0.1,113.0,0.09,129.11,0.11,122.36,0.12,112.5,0.01,0.01,2326.043632,1776211270000
1776211272.382,72.382,0.89,117.64,0.88,75.23,0.9,71.49,0.91,129.11,0.1,71.49,0.09,129.11,0.11,117.64,0.12,75.23,0.01,0.01,2326.077212,1776211271000
1776211273.113,73.113,0.89,117.64,0.88,75.23,0.9,71.49,0.91,129.11,0.1,71.49,0.09,129.11,0.11,117.64,0.12,75.23,0.01,0.01,2326.368247,1776211272000
1776211274.228,74.228,0.89,154.64,0.88,70.23,0.9,5.39,0.91,95.11,0.1,5.39,0.09,95.11,0.11,154.64,0.12,70.23,0.01,0.01,2326.504259,1776211273000
1776211274.468,74.468,0.89,124.64,0.88,75.23,0.9,2.17,0.91,60.0,0.1,5.39,0.09,95.11,0.11,154.64,0.12,70.23,0.01,0.01,2326.504259,1776211273000
1776211274.774,74.774,0.89,154.64,0.88,75.23,0.92,145.23,0.93,55.3,0.1,2.17,0.09,60.0,0.11,124.64,0.12,75.23,0.03,0.01,2326.504259,1776211273000
1776211275.259,75.259,0.91,204.5,0.9,48.5,0.93,23.32,0.94,267.8,0.08,145.23,0.07,55.3,0.11,154.64,0.12,75.23,0.02,0.03,2326.504259,1776211273000
1776211275.518,75.518,0.91,204.5,0.9,48.5,0.93,23.32,0.94,267.8,0.07,23.32,0.06,267.8,0.09,204.5,0.1,48.5,0.02,0.02,2326.668545,1776211274000
1776211275.826,75.826,0.92,20.5,0.91,179.5,0.93,109.17,0.94,267.8,0.07,23.32,0.06,267.8,0.09,204.5,0.1,48.5,0.01,0.02,2326.668545,1776211274000
1776211276.36,76.36,0.92,17.37,0.91,169.5,0.93,125.36,0.94,267.8,0.07,109.17,0.06,267.8,0.08,20.5,0.09,179.5,0.01,0.01,2326.668545,1776211274000
1776211276.599,76.599,0.92,27.87,0.91,169.5,0.93,100.36,0.94,267.8,0.07,125.36,0.06,267.8,0.08,17.37,0.09,169.5,0.01,0.01,2326.75971,1776211275000
1776211276.969,76.969,0.92,27.87,0.91,169.5,0.93,95.36,0.94,267.8,0.07,95.36,0.06,267.8,0.08,27.87,0.09,169.5,0.01,0.01,2326.902675,1776211276000
1776211277.721,77.721,0.92,19.12,0.91,159.5,0.93,82.83,0.94,204.0,0.07,82.83,0.06,204.0,0.08,27.87,0.09,179.5,0.01,0.01,2326.902675,1776211276000
1776211277.948,77.948,0.92,15.0,0.91,159.5,0.93,81.7,0.94,214.0,0.07,82.83,0.06,204.0,0.08,5.37,0.09,159.5,0.01,0.01,2326.902675,1776211276000
1776211278.45,78.45,0.91,68.27,0.9,56.5,0.92,5.0,0.93,104.51,0.07,110.7,0.06,197.0,0.09,153.93,0.1,69.5,0.01,0.02,2326.929026,1776211277000
1776211278.851,78.851,0.91,63.59,0.9,51.5,0.92,24.35,0.93,104.51,0.08,5.0,0.07,104.51,0.09,56.04,0.1,46.5,0.01,0.01,2326.929026,1776211277000
1776211279.347,79.347,0.91,130.36,0.9,42.5,0.92,24.35,0.94,203.0,0.08,24.35,0.07,104.51,0.09,63.59,0.1,51.5,0.01,0.01,2326.929026,1776211277000
1776211279.702,79.702,0.91,99.27,0.9,42.5,0.92,3.48,0.94,203.0,0.08,3.48,0.06,203.0,0.09,106.5,0.1,42.5,0.01,0.01,2326.910368,1776211278000
1776211280.022,80.022,0.91,92.04,0.9,42.5,0.92,3.48,0.94,203.0,0.08,3.48,0.06,203.0,0.09,92.04,0.1,42.5,0.01,0.01,2326.869242,1776211279000
1776211281.084,81.084,0.91,64.04,0.9,47.5,0.94,224.0,0.95,304.72,0.08,3.48,0.06,203.0,0.09,92.04,0.1,42.5,0.03,0.01,2326.869242,1776211279000
1776211281.519,81.519,0.92,41.0,0.91,27.04,0.93,23.33,0.94,224.0,0.06,224.0,0.05,304.72,0.09,64.04,0.1,47.5,0.01,0.03,2326.816021,1776211280000
1776211281.801,81.801,0.92,41.0,0.91,27.04,0.93,13.33,0.94,229.0,0.07,23.33,0.06,224.0,0.08,41.0,0.09,27.04,0.01,0.01,2326.816021,1776211280000
1776211282.431,82.431,0.92,41.0,0.91,27.04,0.93,13.33,0.94,229.0,0.07,13.33,0.06,229.0,0.08,41.0,0.09,27.04,0.01,0.01,2326.86767,1776211281000
1776211282.732,82.732,0.92,30.0,0.91,42.0,0.93,16.13,0.94,236.0,0.07,12.21,0.06,236.0,0.08,20.0,0.09,37.0,0.01,0.01,2326.86767,1776211281000
1776211282.934,82.934,0.92,10.0,0.91,52.5,0.93,361.0,0.94,336.0,0.07,361.0,0.06,336.0,0.08,10.0,0.09,52.5,0.01,0.01,2326.935708,1776211282000
1776211283.502,83.502,0.92,15.0,0.91,30.0,0.93,576.0,0.94,142.0,0.07,10.0,0.06,229.0,0.08,10.0,0.09,47.0,0.01,0.01,2326.935708,1776211282000
1776211284.272,84.272,0.92,15.0,0.91,30.0,0.93,141.87,0.94,142.0,0.07,141.87,0.06,142.0,0.08,15.0,0.09,30.0,0.01,0.01,2326.985638,1776211283000
1776211284.54,84.54,0.92,20.21,0.91,20.0,0.93,417.0,0.94,240.0,0.07,141.87,0.06,142.0,0.08,15.0,0.09,30.0,0.01,0.01,2326.985638,1776211283000
1776211285.08,85.08,0.91,20.0,0.9,25.0,0.92,8.85,0.93,417.0,0.07,412.0,0.06,240.0,0.08,20.21,0.09,20.0,0.01,0.01,2326.985638,1776211283000
1776211285.329,85.329,0.9,15.99,0.89,40.14,0.92,404.85,0.93,129.0,0.08,404.85,0.07,129.0,0.1,15.99,0.11,40.14,0.02,0.02,2326.819229,1776211284000
1776211285.894,85.894,0.89,45.14,0.88,52.73,0.91,347.0,0.92,140.85,0.09,347.0,0.08,140.85,0.11,45.14,0.12,52.73,0.02,0.02,2326.821724,1776211285000
1776211287.031,87.031,0.89,45.14,0.88,52.73,0.91,347.0,0.92,140.85,0.09,347.0,0.08,140.85,0.11,45.14,0.12,52.73,0.02,0.02,2326.748015,1776211286000
1776211287.373,87.373,0.89,110.64,0.88,78.23,0.9,16.0,0.91,95.0,0.1,18.0,0.09,95.0,0.11,110.64,0.12,78.23,0.01,0.01,2326.748015,1776211286000
1776211288.193,88.193,0.89,105.64,0.88,78.23,0.9,14.83,0.91,95.0,0.1,14.83,0.09,95.0,0.11,105.64,0.12,78.23,0.01,0.01,2326.563794,1776211287000
1776211289.157,89.157,0.89,120.64,0.88,86.23,0.9,195.83,0.91,95.0,0.1,205.83,0.09,95.0,0.11,120.64,0.12,78.23,0.01,0.01,2326.563794,1776211287000
1776211290.056,90.056,0.89,148.11,0.88,63.5,0.9,194.9,0.91,95.0,0.1,195.83,0.09,95.0,0.11,120.64,0.12,86.23,0.01,0.01,2326.571988,1776211288000
1776211290.477,90.477,0.89,148.11,0.88,63.5,0.9,104.3,0.91,95.0,0.1,104.3,0.09,95.0,0.11,148.11,0.12,63.5,0.01,0.01,2326.560663,1776211289000
1776211290.769,90.769,0.89,143.11,0.88,63.5,0.9,178.99,0.91,95.0,0.1,104.3,0.09,95.0,0.11,148.11,0.12,63.5,0.01,0.01,2326.560663,1776211289000
1776211291.21,91.21,0.89,68.27,0.88,50.5,0.9,256.49,0.91,117.0,0.1,178.99,0.09,95.0,0.11,143.11,0.12,63.5,0.01,0.01,2326.560663,1776211289000
1776211291.773,91.773,0.89,98.27,0.88,73.5,0.9,237.4,0.91,95.0,0.1,256.49,0.09,117.0,0.11,68.27,0.12,50.5,0.01,0.01,2326.560663,1776211289000
1776211292.386,92.386,0.89,43.27,0.88,40.0,0.9,258.78,0.91,122.0,0.1,251.78,0.09,95.0,0.11,103.27,0.12,63.5,0.01,0.01,2326.579474,1776211290000
1776211292.917,92.917,0.89,49.27,0.88,40.0,0.9,247.56,0.91,122.0,0.1,258.78,0.09,122.0,0.11,43.27,0.12,40.0,0.01,0.01,2326.548825,1776211291000
1776211293.277,93.277,0.89,137.6,0.88,45.0,0.9,245.49,0.91,122.0,0.1,247.56,0.09,122.0,0.11,49.27,0.12,40.0,0.01,0.01,2326.442011,1776211292000
1776211294.181,94.181,0.89,137.6,0.88,45.0,0.9,245.49,0.91,122.0,0.1,245.49,0.09,122.0,0.11,137.6,0.12,45.0,0.01,0.01,2326.429426,1776211293000
1776211295.034,95.034,0.89,154.15,0.88,30.0,0.9,47.5,0.91,192.0,0.1,245.49,0.09,122.0,0.11,137.6,0.12,45.0,0.01,0.01,2326.429426,1776211293000
1776211295.36,95.36,0.88,33.71,0.87,99.11,0.9,27.0,0.91,69.0,0.1,27.0,0.09,69.0,0.11,1.05,0.12,42.0,0.02,0.01,2326.429426,1776211293000
1776211295.801,95.801,0.89,13.9,0.88,37.71,0.92,216.49,0.93,242.0,0.09,74.0,0.08,100.75,0.11,17.9,0.12,24.71,0.03,0.02,2326.20842,1776211294000
1776211296.587,96.587,0.9,30.0,0.89,29.4,0.91,27.0,0.92,191.49,0.08,216.49,0.07,242.0,0.11,13.9,0.12,37.71,0.01,0.03,2326.092112,1776211295000
1776211297.195,97.195,0.9,30.0,0.89,29.4,0.91,27.0,0.92,191.49,0.09,27.0,0.08,191.49,0.1,30.0,0.11,29.4,0.01,0.01,2326.288917,1776211296000
1776211298.281,98.281,0.9,50.0,0.89,19.4,0.91,343.9,0.92,250.49,0.09,348.9,0.08,260.49,0.1,30.0,0.11,19.4,0.01,0.01,2326.288917,1776211296000
1776211298.829,98.829,0.9,5.0,0.89,19.4,0.91,172.9,0.92,240.49,0.09,343.9,0.08,250.49,0.1,50.0,0.11,19.4,0.01,0.01,2326.33102,1776211297000
1776211299.314,99.314,0.89,19.4,0.88,47.71,0.91,167.9,0.92,240.49,0.09,172.9,0.08,240.49,0.1,5.0,0.11,19.4,0.02,0.01,2326.379115,1776211298000
1776211299.568,99.568,0.89,24.4,0.88,47.71,0.91,172.9,0.92,240.49,0.09,167.9,0.08,240.49,0.11,19.4,0.12,47.71,0.02,0.02,2326.379115,1776211298000
1776211300.093,100.093,0.89,14.85,0.88,47.71,0.91,167.9,0.92,240.49,0.09,167.9,0.08,240.49,0.11,14.85,0.12,47.71,0.02,0.02,2326.371296,1776211299000
1776211300.624,100.624,0.9,64.77,0.89,40.5,0.91,139.12,0.92,126.75,0.09,167.9,0.08,240.49,0.11,14.85,0.12,47.71,0.01,0.02,2326.371296,1776211299000
1776211301.241,101.241,0.9,64.77,0.89,40.5,0.91,139.12,0.92,126.75,0.09,139.12,0.08,126.75,0.1,64.77,0.11,40.5,0.01,0.01,2326.517951,1776211300000
1776211302.753,102.753,0.9,64.77,0.89,40.5,0.91,139.12,0.92,126.75,0.09,139.12,0.08,126.75,0.1,64.77,0.11,40.5,0.01,0.01,2326.5867,1776211301000
1776211303.18,103.18,0.9,44.77,0.89,40.5,0.91,116.0,0.92,126.75,0.09,126.06,0.08,126.75,0.1,54.77,0.11,40.5,0.01,0.01,2326.5867,1776211301000
1776211303.443,103.443,0.9,44.77,0.89,40.5,0.91,116.0,0.92,126.75,0.09,116.0,0.08,126.75,0.1,44.77,0.11,40.5,0.01,0.01,2326.50102,1776211302000
1776211304.176,104.176,0.9,44.77,0.89,40.5,0.91,116.0,0.92,126.75,0.09,116.0,0.08,126.75,0.1,44.77,0.11,40.5,0.01,0.01,2326.500015,1776211303000
1776211304.964,104.964,0.9,34.37,0.89,40.5,0.91,116.0,0.92,126.75,0.09,116.0,0.08,126.75,0.1,44.77,0.11,40.5,0.01,0.01,2326.500015,1776211303000
1776211305.52,105.52,0.9,34.37,0.89,40.5,0.91,116.0,0.92,126.75,0.09,116.0,0.08,126.75,0.1,34.37,0.11,40.5,0.01,0.01,2326.627529,1776211304000
1776211306.221,106.221,0.91,114.5,0.9,60.5,0.92,39.31,0.93,93.0,0.09,116.0,0.08,126.75,0.1,34.37,0.11,40.5,0.01,0.01,2326.627529,1776211304000
1776211306.958,106.958,0.91,114.5,0.9,60.5,0.92,39.31,0.93,93.0,0.08,39.31,0.07,93.0,0.09,114.5,0.1,60.5,0.01,0.01,2326.489285,1776211306000
1776211308.187,108.187,0.91,114.5,0.9,60.5,0.92,39.31,0.93,93.0,0.08,39.31,0.07,93.0,0.09,114.5,0.1,60.5,0.01,0.01,2326.876888,1776211307000
1776211308.886,108.886,0.91,584.5,0.9,167.5,0.93,28.0,0.94,224.0,0.08,39.31,0.07,93.0,0.09,114.5,0.1,60.5,0.02,0.01,2326.876888,1776211307000
1776211309.208,109.208,0.92,82.5,0.91,274.5,0.93,20.01,0.94,224.0,0.07,28.0,0.06,224.0,0.09,584.5,0.1,167.5,0.01,0.02,2326.876888,1776211307000
1776211309.729,109.729,0.93,605.46,0.92,215.91,0.94,224.0,0.95,171.0,0.07,9.9,0.06,224.0,0.08,82.5,0.09,274.5,0.01,0.01,2327.002495,1776211308000
1776211310.28,110.28,0.93,605.46,0.92,215.91,0.94,224.0,0.95,171.0,0.06,224.0,0.05,171.0,0.07,605.46,0.08,215.91,0.01,0.01,2327.040043,1776211309000
1776211311.361,111.361,0.93,605.46,0.92,215.91,0.94,224.0,0.95,171.0,0.06,224.0,0.05,171.0,0.07,605.46,0.08,215.91,0.01,0.01,2327.318725,1776211310000
1776211311.84,111.84,0.93,605.46,0.92,215.91,0.94,224.0,0.95,171.0,0.06,224.0,0.05,171.0,0.07,605.46,0.08,215.91,0.01,0.01,2327.32186,1776211311000
1776211312.227,112.227,0.93,67.5,0.92,223.14,0.94,67.0,0.95,171.0,0.06,224.0,0.05,171.0,0.07,605.46,0.08,215.91,0.01,0.01,2327.32186,1776211311000
1776211312.965,112.965,0.94,273.0,0.93,67.5,0.95,171.0,0.96,414.5,0.05,171.0,0.04,414.5,0.06,273.0,0.07,67.5,0.01,0.01,2327.44854,1776211312000
1776211313.363,113.363,0.94,319.94,0.93,142.5,0.95,171.0,0.96,454.5,0.05,171.0,0.04,414.5,0.06,273.0,0.07,67.5,0.01,0.01,2327.44854,1776211312000
1776211313.932,113.932,0.94,319.94,0.93,142.5,0.95,171.0,0.96,454.5,0.05,171.0,0.04,454.5,0.06,319.94,0.07,142.5,0.01,0.01,2327.640459,1776211313000
1776211314.585,114.585,0.95,25.0,0.94,213.5,0.96,454.5,0.97,710.68,0.05,171.0,0.04,454.5,0.06,319.94,0.07,142.5,0.01,0.01,2327.640459,1776211313000
1776211314.931,114.931,0.95,25.0,0.94,213.5,0.96,454.5,0.97,710.68,0.04,454.5,0.03,710.68,0.05,25.0,0.06,213.5,0.01,0.01,2327.794935,1776211314000
1776211315.197,115.197,0.95,293.94,0.94,156.5,0.96,264.46,0.97,902.68,0.04,270.5,0.03,779.68,0.05,738.94,0.06,201.5,0.01,0.01,2327.794935,1776211314000
1776211315.576,115.576,0.95,293.08,0.94,161.5,0.96,264.46,0.97,902.68,0.04,264.46,0.03,902.68,0.05,293.94,0.06,156.5,0.01,0.01,2327.794935,1776211314000
1776211316.054,116.054,0.95,47.5,0.94,161.5,0.96,200.01,0.97,902.68,0.04,259.3,0.03,902.68,0.05,293.08,0.06,161.5,0.01,0.01,2327.794935,1776211314000
1776211317.232,117.232,0.95,289.5,0.94,198.5,0.96,9.01,0.97,701.68,0.04,200.01,0.03,902.68,0.05,47.5,0.06,161.5,0.01,0.01,2327.705865,1776211315000
1776211317.532,117.532,0.96,228.02,0.95,37.0,0.97,740.34,0.98,1363.7,0.03,701.68,0.02,1263.7,0.05,112.7,0.06,198.5,0.01,0.02,2327.705865,1776211315000
1776211317.978,117.978,0.96,238.02,0.95,37.0,0.97,728.34,0.98,1363.7,0.03,740.34,0.02,1363.7,0.04,228.02,0.05,37.0,0.01,0.01,2327.705865,1776211315000
1776211318.519,118.519,0.96,233.02,0.95,37.0,0.97,732.15,0.98,1363.7,0.03,728.34,0.02,1363.7,0.04,238.02,0.05,37.0,0.01,0.01,2327.705865,1776211315000
1776211319.186,119.186,0.96,454.27,0.95,37.0,0.97,673.37,0.98,1363.7,0.03,732.15,0.02,1363.7,0.04,233.02,0.05,37.0,0.01,0.01,2327.705865,1776211315000
1776211320.096,120.096,0.96,49.27,0.95,42.0,0.97,295.06,0.98,1363.7,0.03,319.69,0.02,1363.7,0.04,49.27,0.05,42.0,0.01,0.01,2327.705865,1776211315000
1776211320.327,120.327,0.96,39.27,0.95,37.0,0.97,374.95,0.98,1363.7,0.03,295.06,0.02,1363.7,0.04,49.27,0.05,42.0,0.01,0.01,2327.705865,1776211315000
1776211320.689,120.689,0.96,39.27,0.95,42.0,0.97,344.07,0.98,1363.7,0.03,374.84,0.02,1363.7,0.04,39.27,0.05,37.0,0.01,0.01,2327.705865,1776211315000
1776211321.144,121.144,0.96,239.27,0.95,20.0,0.97,278.28,0.98,1238.7,0.03,328.54,0.02,1363.7,0.04,39.27,0.05,42.0,0.01,0.01,2327.705865,1776211315000
1776211321.983,121.983,0.96,113.25,0.95,131.02,0.97,123.45,0.98,1138.7,0.03,223.45,0.02,1238.7,0.04,452.27,0.05,20.0,0.01,0.01,2327.705865,1776211315000
1776211322.624,122.624,0.96,212.0,0.95,125.0,0.97,24.79,0.98,1138.7,0.03,123.45,0.02,1138.7,0.04,113.25,0.05,131.02,0.01,0.01,2327.705865,1776211315000
1776211322.88,122.88,0.97,154.18,0.96,207.0,0.98,1005.08,0.99,3658.68,0.02,1025.49,0.01,3658.68,0.03,154.18,0.04,207.0,0.01,0.01,2327.705865,1776211315000
1776211323.559,123.559,0.97,224.18,0.96,172.0,0.98,1005.02,0.99,3658.68,0.02,1005.08,0.01,3658.68,0.03,154.18,0.04,207.0,0.01,0.01,2327.705865,1776211315000
1776211324.329,124.329,0.97,224.18,0.96,172.0,0.98,994.96,0.99,3658.68,0.02,994.96,0.01,3658.68,0.03,224.18,0.04,172.0,0.01,0.01,2328.426648,1776211323000
1776211324.664,124.664,0.97,249.55,0.96,159.0,0.98,625.26,0.99,3658.68,0.02,625.26,0.01,3658.68,0.03,470.18,0.04,159.0,0.01,0.01,2328.426648,1776211323000
1776211325.428,125.428,0.97,239.55,0.96,144.0,0.98,620.99,0.99,3658.68,0.02,620.99,0.01,3658.68,0.03,239.55,0.04,144.0,0.01,0.01,2328.723718,1776211324000
1776211325.905,125.905,0.97,233.37,0.96,144.0,0.98,684.93,0.99,3658.68,0.02,620.99,0.01,3658.68,0.03,239.55,0.04,144.0,0.01,0.01,2328.723718,1776211324000
1776211326.502,126.502,0.97,146.0,0.96,144.0,0.98,673.75,0.99,3658.68,0.02,674.87,0.01,3658.68,0.03,233.37,0.04,144.0,0.01,0.01,2328.830535,1776211325000
1776211327.443,127.443,0.97,742.02,0.96,149.0,0.98,668.69,0.99,3963.09,0.02,673.75,0.01,3658.68,0.03,146.0,0.04,144.0,0.01,0.01,2328.830535,1776211325000
1776211327.728,127.728,0.97,537.02,0.96,149.0,0.98,649.57,0.99,3963.09,0.02,657.57,0.01,3963.09,0.03,742.02,0.04,149.0,0.01,0.01,2328.916133,1776211326000
1776211328.107,128.107,0.97,537.02,0.96,149.0,0.98,649.57,0.99,3963.09,0.02,649.57,0.01,3963.09,0.03,537.02,0.04,149.0,0.01,0.01,2328.990934,1776211327000
1776211328.678,128.678,0.97,213.02,0.96,149.0,0.98,473.57,0.99,3963.09,0.02,649.57,0.01,3963.09,0.03,537.02,0.04,149.0,0.01,0.01,2328.990934,1776211327000
1776211328.886,128.886,0.97,197.02,0.96,149.0,0.98,459.57,0.99,3963.09,0.02,464.57,0.01,3963.09,0.03,233.02,0.04,149.0,0.01,0.01,2328.990934,1776211327000
1776211329.225,129.225,0.97,197.02,0.96,149.0,0.98,459.57,0.99,3963.09,0.02,459.57,0.01,3963.09,0.03,197.02,0.04,149.0,0.01,0.01,2328.9272,1776211328000
1776211330.96,130.96,0.97,153.02,0.96,144.0,0.98,401.57,0.99,3963.09,0.02,359.57,0.01,3963.09,0.03,163.02,0.04,149.0,0.01,0.01,2328.9272,1776211328000
1776211331.646,131.646,0.97,173.33,0.96,149.0,0.98,391.51,0.99,3963.09,0.02,401.57,0.01,3963.09,0.03,153.02,0.04,144.0,0.01,0.01,2329.08062,1776211330000
1776211332.298,132.298,0.97,173.33,0.96,149.0,0.98,391.51,0.99,3963.09,0.02,391.51,0.01,3963.09,0.03,173.33,0.04,149.0,0.01,0.01,2329.037,1776211331000
1776211332.879,132.879,0.97,173.33,0.96,149.0,0.98,391.51,0.99,3963.09,0.02,391.51,0.01,3963.09,0.03,173.33,0.04,149.0,0.01,0.01,2329.01488,1776211332000
1776211334.016,134.016,0.97,202.31,0.96,179.0,0.98,272.51,0.99,3415.68,0.02,272.51,0.01,3415.68,0.03,202.31,0.04,179.0,0.01,0.01,2328.988574,1776211333000
1776211334.351,134.351,0.97,201.31,0.96,154.0,0.98,146.51,0.99,3052.08,0.02,272.51,0.01,3415.68,0.03,202.31,0.04,179.0,0.01,0.01,2328.988574,1776211333000
1776211335.217,135.217,0.97,206.31,0.96,247.7,0.98,142.51,0.99,3052.08,0.02,142.51,0.01,3052.08,0.03,206.31,0.04,247.7,0.01,0.01,2329.194165,1776211334000
1776211336.284,136.284,0.97,206.31,0.96,247.7,0.98,142.51,0.99,3052.08,0.02,142.51,0.01,3052.08,0.03,206.31,0.04,247.7,0.01,0.01,2329.32512,1776211335000
1776211336.865,136.865,0.97,206.31,0.96,247.7,0.98,142.51,0.99,3052.08,0.02,142.51,0.01,3052.08,0.03,206.31,0.04,247.7,0.01,0.01,2329.32512,1776211336000
1776211337.717,137.717,0.97,211.46,0.96,136.0,0.98,58.51,0.99,3714.12,0.02,142.51,0.01,3052.08,0.03,206.31,0.04,247.7,0.01,0.01,2329.32512,1776211336000
1776211338.066,138.066,0.97,211.46,0.96,136.0,0.98,58.51,0.99,3714.12,0.02,58.51,0.01,3714.12,0.03,211.46,0.04,136.0,0.01,0.01,2329.31709,1776211337000
1776211338.288,138.288,0.97,263.99,0.96,555.25,0.98,13.45,0.99,2898.08,0.02,33.45,0.01,2898.08,0.03,278.99,0.04,555.25,0.01,0.01,2329.31709,1776211337000
1776211339.106,139.106,0.97,263.99,0.96,555.25,0.98,13.45,0.99,2898.08,0.02,13.45,0.01,2898.08,0.03,263.99,0.04,555.25,0.01,0.01,2329.251425,1776211338000
1776211339.768,139.768,0.97,247.99,0.96,229.7,0.98,15.0,0.99,2898.08,0.02,13.45,0.01,2898.08,0.03,263.99,0.04,555.25,0.01,0.01,2329.251425,1776211338000
1776211340.121,140.121,0.97,247.99,0.96,229.7,0.98,15.0,0.99,2898.08,0.02,15.0,0.01,2898.08,0.03,247.99,0.04,229.7,0.01,0.01,2329.45523,1776211339000
1776211341.076,141.076,0.97,247.99,0.96,229.7,0.98,15.0,0.99,2898.08,0.02,15.0,0.01,2898.08,0.03,247.99,0.04,229.7,0.01,0.01,2329.276049,1776211340000
1776211341.286,141.286,0.98,47.0,0.97,607.24,0.99,2596.08,,,0.01,2616.08,,,0.02,42.0,0.03,488.54,0.01,0.01,2329.276049,1776211340000
1776211341.516,141.516,0.98,918.51,0.97,572.24,0.99,1532.03,,,0.01,1542.08,,,0.02,187.51,0.03,306.69,0.01,0.01,2329.276049,1776211340000
1776211342.115,142.115,0.98,918.51,0.97,567.24,0.99,1517.97,,,0.01,1517.97,,,0.02,918.51,0.03,567.24,0.01,0.01,2329.268324,1776211341000
1776211342.499,142.499,0.98,733.51,0.97,261.69,0.99,1510.81,,,0.01,1517.97,,,0.02,918.51,0.03,567.24,0.01,0.01,2329.268324,1776211341000
1776211342.741,142.741,0.98,533.51,0.97,567.24,0.99,1486.76,,,0.01,1511.76,,,0.02,533.51,0.03,567.24,0.01,0.01,2329.268324,1776211341000
1776211343.105,143.105,0.98,938.51,0.97,567.24,0.99,1485.74,,,0.01,1485.74,,,0.02,938.51,0.03,567.24,0.01,0.01,2329.682745,1776211342000
1776211343.398,143.398,0.98,974.53,0.97,567.24,0.99,1336.72,,,0.01,1337.74,,,0.02,974.53,0.03,567.24,0.01,0.01,2329.682745,1776211342000
1776211343.633,143.633,0.98,969.53,0.97,567.24,0.99,1324.68,,,0.01,1334.68,,,0.02,969.53,0.03,567.24,0.01,0.01,2329.682745,1776211342000
1776211344.048,144.048,0.98,974.53,0.97,266.69,0.99,1205.33,,,0.01,1205.33,,,0.02,974.53,0.03,266.69,0.01,0.01,2329.835029,1776211343000
1776211344.483,144.483,0.98,569.53,0.97,567.24,0.99,1193.2,,,0.01,1203.3,,,0.02,569.53,0.03,567.24,0.01,0.01,2329.835029,1776211343000
1776211345.023,145.023,0.98,569.53,0.97,567.24,0.99,1193.2,,,0.01,1193.2,,,0.02,569.53,0.03,567.24,0.01,0.01,2329.891965,1776211344000
1776211345.847,145.847,0.98,830.6,0.97,576.54,0.99,1038.18,,,0.01,1110.2,,,0.02,626.51,0.03,567.24,0.01,0.01,2329.891965,1776211344000
1776211346.903,146.903,0.98,601.9,0.97,571.54,0.99,1053.12,,,0.01,1053.12,,,0.02,601.9,0.03,571.54,0.01,0.01,2330.05277,1776211346000
1776211347.901,147.901,0.98,1046.9,0.97,877.09,0.99,1048.07,,,0.01,1053.12,,,0.02,601.9,0.03,571.54,0.01,0.01,2330.05277,1776211346000
1776211348.331,148.331,0.98,1046.9,0.97,877.09,0.99,1032.97,,,0.01,1048.07,,,0.02,1046.9,0.03,877.09,0.01,0.01,2330.273747,1776211347000
1776211348.806,148.806,0.98,1046.9,0.97,877.09,0.99,1032.97,,,0.01,1032.97,,,0.02,1046.9,0.03,877.09,0.01,0.01,2330.17905,1776211348000
1776211350.239,150.239,0.98,1046.9,0.97,877.09,0.99,1032.97,,,0.01,1032.97,,,0.02,1046.9,0.03,877.09,0.01,0.01,2330.180153,1776211349000
1776211351.009,151.009,0.98,1205.62,0.97,872.09,0.99,1033.97,,,0.01,1032.97,,,0.02,1046.9,0.03,877.09,0.01,0.01,2330.180153,1776211349000
1776211351.211,151.211,0.98,1210.62,0.97,872.09,0.99,650.97,,,0.01,1028.97,,,0.02,1205.62,0.03,872.09,0.01,0.01,2330.180153,1776211349000
1776211351.511,151.511,0.98,1409.19,0.97,872.09,0.99,336.97,,,0.01,648.97,,,0.02,1404.19,0.03,872.09,0.01,0.01,2330.180153,1776211349000
1776211351.83,151.83,0.98,1439.19,0.97,872.09,0.99,136.97,,,0.01,286.97,,,0.02,1028.17,0.03,872.09,0.01,0.01,2330.180153,1776211349000
1776211352.474,152.474,0.98,1439.19,0.97,872.09,0.99,136.97,,,0.01,136.97,,,0.02,1439.19,0.03,872.09,0.01,0.01,2330.105913,1776211351000
1776211352.71,152.71,0.98,1409.19,0.97,872.09,0.99,141.97,,,0.01,136.97,,,0.02,1439.19,0.03,872.09,0.01,0.01,2330.105913,1776211351000
1776211353.133,153.133,0.98,1409.19,0.97,872.09,0.99,141.97,,,0.01,141.97,,,0.02,1409.19,0.03,872.09,0.01,0.01,2330.126784,1776211352000
1776211353.815,153.815,0.98,873.92,0.97,861.78,0.99,140.95,,,0.01,141.97,,,0.02,1409.19,0.03,872.09,0.01,0.01,2330.126784,1776211352000
1776211354.235,154.235,0.98,873.92,0.97,861.78,0.99,140.95,,,0.01,140.95,,,0.02,873.92,0.03,861.78,0.01,0.01,2330.216269,1776211353000
1776211355.366,155.366,0.98,873.92,0.97,861.78,0.99,140.95,,,0.01,140.95,,,0.02,873.92,0.03,861.78,0.01,0.01,2330.217973,1776211354000
1776211355.876,155.876,0.98,873.92,0.97,861.78,0.99,140.95,,,0.01,140.95,,,0.02,873.92,0.03,861.78,0.01,0.01,2330.253938,1776211355000
1776211357.147,157.147,0.98,873.92,0.97,861.78,0.99,140.95,,,0.01,140.95,,,0.02,873.92,0.03,861.78,0.01,0.01,2330.229436,1776211356000
1776211358.351,158.351,0.98,1467.94,0.97,561.23,0.99,530.85,,,0.01,530.85,,,0.02,1467.94,0.03,561.23,0.01,0.01,2330.040522,1776211357000
1776211358.91,158.91,0.98,872.11,0.97,231.23,0.99,500.85,,,0.01,530.85,,,0.02,1467.94,0.03,561.23,0.01,0.01,2330.040522,1776211357000
1776211359.32,159.32,0.98,872.11,0.97,231.23,0.99,500.85,,,0.01,500.85,,,0.02,872.11,0.03,231.23,0.01,0.01,2329.837416,1776211358000
1776211360.067,160.067,0.98,872.11,0.97,231.23,0.99,500.85,,,0.01,500.85,,,0.02,872.11,0.03,231.23,0.01,0.01,2329.717116,1776211359000
1776211360.546,160.546,0.98,576.43,0.97,240.23,0.99,518.85,,,0.01,500.85,,,0.02,872.11,0.03,231.23,0.01,0.01,2329.717116,1776211359000
1776211361.257,161.257,0.98,576.43,0.97,240.23,0.99,518.85,,,0.01,518.85,,,0.02,576.43,0.03,240.23,0.01,0.01,2329.637921,1776211360000
1776211361.722,161.722,0.98,560.41,0.97,246.25,0.99,513.85,,,0.01,518.85,,,0.02,576.43,0.03,240.23,0.01,0.01,2329.637921,1776211360000
1776211361.986,161.986,0.98,510.41,0.97,246.25,0.99,520.85,,,0.01,513.85,,,0.02,510.41,0.03,246.25,0.01,0.01,2329.637921,1776211360000
1776211362.375,162.375,0.98,510.41,0.97,246.25,0.99,520.85,,,0.01,520.85,,,0.02,510.41,0.03,246.25,0.01,0.01,2329.503004,1776211361000
1776211362.919,162.919,0.98,510.41,0.97,246.25,0.99,520.85,,,0.01,520.85,,,0.02,510.41,0.03,246.25,0.01,0.01,2329.494775,1776211362000
1776211363.979,163.979,0.98,510.41,0.97,246.25,0.99,520.85,,,0.01,520.85,,,0.02,510.41,0.03,246.25,0.01,0.01,2329.473667,1776211363000
1776211365.172,165.172,0.98,510.41,0.97,246.25,0.99,520.85,,,0.01,520.85,,,0.02,510.41,0.03,246.25,0.01,0.01,2329.300988,1776211364000
1776211365.805,165.805,0.98,510.41,0.97,246.25,0.99,520.85,,,0.01,520.85,,,0.02,510.41,0.03,246.25,0.01,0.01,2329.18463,1776211365000
1776211367.401,167.401,0.98,442.4,0.97,112.53,0.99,1002.45,,,0.01,1002.45,,,0.02,442.4,0.03,112.53,0.01,0.01,2328.997655,1776211366000
1776211367.923,167.923,0.98,442.4,0.97,112.53,0.99,1002.45,,,0.01,1002.45,,,0.02,442.4,0.03,112.53,0.01,0.01,2328.993293,1776211367000
1776211369.13,169.13,0.98,442.4,0.97,112.53,0.99,1002.45,,,0.01,1002.45,,,0.02,442.4,0.03,112.53,0.01,0.01,2328.968617,1776211368000
1776211369.941,169.941,0.98,528.15,0.97,173.55,0.99,927.29,,,0.01,1002.45,,,0.02,442.4,0.03,112.53,0.01,0.01,2328.968617,1776211368000
1776211371.186,171.186,0.98,528.15,0.97,173.55,0.99,927.29,,,0.01,927.29,,,0.02,528.15,0.03,173.55,0.01,0.01,2328.977535,1776211370000
1776211371.979,171.979,0.98,788.87,0.97,640.23,0.99,341.88,,,0.01,927.29,,,0.02,528.15,0.03,173.55,0.01,0.01,2328.977535,1776211370000
1776211372.389,172.389,0.98,788.87,0.97,640.23,0.99,91.16,,,0.01,91.16,,,0.02,788.87,0.03,640.23,0.01,0.01,2328.996436,1776211371000
1776211372.634,172.634,0.98,727.87,0.97,928.78,0.99,87.11,,,0.01,91.16,,,0.02,788.87,0.03,640.23,0.01,0.01,2328.996436,1776211371000
1776211373.413,173.413,0.98,722.87,0.97,923.78,0.99,65.91,,,0.01,65.91,,,0.02,722.87,0.03,923.78,0.01,0.01,2329.007726,1776211372000
1776211373.931,173.931,0.98,722.87,0.97,923.78,0.99,65.91,,,0.01,65.91,,,0.02,722.87,0.03,923.78,0.01,0.01,2329.884856,1776211373000
1776211374.379,174.379,0.99,141.0,0.98,1121.85,,,,,,,,,0.02,1316.85,0.03,628.23,,,2329.884856,1776211373000
1776211375.066,175.066,0.99,141.0,0.98,1121.85,,,,,,,,,0.01,141.0,0.02,1121.85,,,2329.72731,1776211374000
1776211376.064,176.064,0.99,162.78,0.98,731.85,,,,,,,,,0.01,162.78,0.02,731.85,,,2329.682775,1776211375000
1776211376.341,176.341,0.99,166.7,0.98,716.85,,,,,,,,,0.01,162.78,0.02,731.85,,,2329.682775,1776211375000
1776211377.153,177.153,0.99,166.7,0.98,716.85,,,,,,,,,0.01,166.7,0.02,716.85,,,2329.914262,1776211376000
1776211378.213,178.213,0.99,166.7,0.98,716.85,,,,,,,,,0.01,166.7,0.02,716.85,,,2329.937448,1776211377000
1776211378.525,178.525,0.99,35.72,0.98,1007.21,,,,,,,,,0.01,166.7,0.02,716.85,,,2329.937448,1776211377000
1776211378.85,178.85,0.99,34.45,0.98,1007.21,,,,,,,,,0.01,35.72,0.02,1007.21,,,2329.937448,1776211377000
1776211379.338,179.338,0.99,34.45,0.98,1007.21,,,,,,,,,0.01,34.45,0.02,1007.21,,,2329.915775,1776211378000
1776211380.938,180.938,0.99,34.45,0.98,1007.21,,,,,,,,,0.01,34.45,0.02,1007.21,,,2329.909778,1776211379000
1776211381.465,181.465,0.99,34.45,0.98,1007.21,,,,,,,,,0.01,34.45,0.02,1007.21,,,2329.909772,1776211380000
1776211382.038,182.038,0.99,34.45,0.98,1007.21,,,,,,,,,0.01,34.45,0.02,1007.21,,,2329.909994,1776211381000
1776211383.634,183.634,0.99,34.45,0.98,1007.21,,,,,,,,,0.01,34.45,0.02,1007.21,,,2329.922606,1776211382000
1776211384.296,184.296,0.99,34.45,0.98,1007.21,,,,,,,,,0.01,34.45,0.02,1007.21,,,2329.926032,1776211383000
1776211385.392,185.392,0.99,34.45,0.98,1007.21,,,,,,,,,0.01,34.45,0.02,1007.21,,,2330.023354,1776211384000
1776211385.975,185.975,0.99,34.45,0.98,1007.21,,,,,,,,,0.01,34.45,0.02,1007.21,,,2330.025444,1776211385000
1776211387.106,187.106,0.99,34.45,0.98,1007.21,,,,,,,,,0.01,34.45,0.02,1007.21,,,2330.38309,1776211386000
1776211388.133,188.133,0.99,34.45,0.98,1007.21,,,,,,,,,0.01,34.45,0.02,1007.21,,,2330.570133,1776211387000
1776211389.166,189.166,0.99,34.45,0.98,1007.21,,,,,,,,,0.01,34.45,0.02,1007.21,,,2330.561301,1776211388000
1776211389.835,189.835,0.99,529.75,0.98,961.91,,,,,,,,,0.01,34.45,0.02,1007.21,,,2330.561301,1776211388000
1776211390.624,190.624,0.99,529.75,0.98,961.91,,,,,,,,,0.01,529.75,0.02,961.91,,,2330.561657,1776211389000
1776211391.219,191.219,0.99,529.75,0.98,961.91,,,,,,,,,0.01,529.75,0.02,961.91,,,2330.552155,1776211390000
1776211392.406,192.406,0.99,529.75,0.98,961.91,,,,,,,,,0.01,529.75,0.02,961.91,,,2330.557211,1776211391000
1776211392.988,192.988,0.99,529.75,0.98,961.91,,,,,,,,,0.01,529.75,0.02,961.91,,,2330.562605,1776211392000
1776211394.133,194.133,0.99,529.75,0.98,961.91,,,,,,,,,0.01,529.75,0.02,961.91,,,2331.170267,1776211393000
1776211395.322,195.322,0.99,529.75,0.98,961.91,,,,,,,,,0.01,529.75,0.02,961.91,,,2331.29864,1776211394000
1776211396.22,196.22,0.99,529.75,0.98,961.91,,,,,,,,,0.01,529.75,0.02,961.91,,,2331.201835,1776211395000
1776211397.326,197.326,0.99,529.75,0.98,961.91,,,,,,,,,0.01,529.75,0.02,961.91,,,2331.184357,1776211396000
1776211398.189,198.189,0.99,529.75,0.98,961.91,,,,,,,,,0.01,529.75,0.02,961.91,,,2331.187043,1776211397000
1776211399.261,199.261,0.99,529.75,0.98,961.91,,,,,,,,,0.01,529.75,0.02,961.91,,,2331.205523,1776211398000
1776211400.309,200.309,0.99,529.75,0.98,961.91,,,,,,,,,0.01,529.75,0.02,961.91,,,2331.243444,1776211399000
1776211401.264,201.264,0.99,529.75,0.98,961.91,,,,,,,,,0.01,529.75,0.02,961.91,,,2331.2675,1776211400000
1776211402.255,202.255,0.99,529.75,0.98,961.91,,,,,,,,,0.01,529.75,0.02,961.91,,,2331.2675,1776211401000
1776211403.237,203.237,0.99,529.75,0.98,961.91,,,,,,,,,0.01,529.75,0.02,961.91,,,2331.2625,1776211402000
1776211404.197,204.197,0.99,529.75,0.98,961.91,,,,,,,,,0.01,529.75,0.02,961.91,,,2331.2575,1776211403000
1776211405.205,205.205,0.99,529.75,0.98,961.91,,,,,,,,,0.01,529.75,0.02,961.91,,,2331.229809,1776211404000
1776211406.175,206.175,0.99,529.75,0.98,961.91,,,,,,,,,0.01,529.75,0.02,961.91,,,2331.130245,1776211405000
1776211407.173,207.173,0.99,529.75,0.98,961.91,,,,,,,,,0.01,529.75,0.02,961.91,,,2331.1428,1776211406000
1776211408.113,208.113,0.99,529.75,0.98,961.91,,,,,,,,,0.01,529.75,0.02,961.91,,,2331.446909,1776211407000
1776211409.149,209.149,0.99,529.75,0.98,961.91,,,,,,,,,0.01,529.75,0.02,961.91,,,2332.019683,1776211408000
1776211410.207,210.207,0.99,529.75,0.98,961.91,,,,,,,,,0.01,529.75,0.02,961.91,,,2331.72605,1776211409000
1776211411.096,211.096,0.99,529.75,0.98,961.91,,,,,,,,,0.01,529.75,0.02,961.91,,,2331.67745,1776211410000
1776211412.057,212.057,0.99,529.75,0.98,961.91,,,,,,,,,0.01,529.75,0.02,961.91,,,2331.623365,1776211411000
1776211412.973,212.973,0.99,529.75,0.98,961.91,,,,,,,,,0.01,529.75,0.02,961.91,,,2331.597565,1776211412000
1776211413.969,213.969,0.99,529.75,0.98,961.91,,,,,,,,,0.01,529.75,0.02,961.91,,,2331.602189,1776211413000
1776211414.976,214.976,0.99,529.75,0.98,961.91,,,,,,,,,0.01,529.75,0.02,961.91,,,2331.43689,1776211414000
1776211415.964,215.964,0.99,529.75,0.98,961.91,,,,,,,,,0.01,529.75,0.02,961.91,,,2331.302371,1776211415000
1776211416.967,216.967,0.99,529.75,0.98,961.91,,,,,,,,,0.01,529.75,0.02,961.91,,,2331.428014,1776211416000
1776211417.951,217.951,0.99,529.75,0.98,961.91,,,,,,,,,0.01,529.75,0.02,961.91,,,2331.576721,1776211417000
1776211418.989,218.989,0.99,529.75,0.98,961.91,,,,,,,,,0.01,529.75,0.02,961.91,,,2331.591584,1776211418000
1776211420.06,220.06,0.99,529.75,0.98,961.91,,,,,,,,,0.01,529.75,0.02,961.91,,,2331.601609,1776211419000
1776211420.903,220.903,0.99,529.75,0.98,961.91,,,,,,,,,0.01,529.75,0.02,961.91,,,2331.371162,1776211420000
1776211422.469,222.469,0.99,529.75,0.98,961.91,,,,,,,,,0.01,529.75,0.02,961.91,,,2331.055855,1776211421000
1776211422.963,222.963,0.99,529.75,0.98,961.91,,,,,,,,,0.01,529.75,0.02,961.91,,,2330.891325,1776211422000
1776211424.115,224.115,0.99,529.75,0.98,961.91,,,,,,,,,0.01,529.75,0.02,961.91,,,2330.69395,1776211423000
1776211425.115,225.115,0.99,529.75,0.98,961.91,,,,,,,,,0.01,529.75,0.02,961.91,,,2330.701225,1776211424000
1776211426.249,226.249,0.99,529.75,0.98,961.91,,,,,,,,,0.01,529.75,0.02,961.91,,,2330.910294,1776211425000
1776211427.257,227.257,0.99,529.75,0.98,961.91,,,,,,,,,0.01,529.75,0.02,961.91,,,2330.855077,1776211426000
1776211428.329,228.329,0.99,529.75,0.98,961.91,,,,,,,,,0.01,529.75,0.02,961.91,,,2330.82967,1776211427000
1776211429.435,229.435,0.99,529.75,0.98,961.91,,,,,,,,,0.01,529.75,0.02,961.91,,,2331.009927,1776211428000
1776211429.876,229.876,0.99,19733.57,0.98,565.16,,,,,,,,,0.01,529.75,0.02,961.91,,,2331.009927,1776211428000
1776211431.068,231.068,0.99,19733.57,0.98,565.16,,,,,,,,,0.01,19733.57,0.02,565.16,,,2331.099127,1776211430000
1776211432.17,232.17,0.99,19733.57,0.98,565.16,,,,,,,,,0.01,19733.57,0.02,565.16,,,2331.12177,1776211431000
1776211433.22,233.22,0.99,19733.57,0.98,565.16,,,,,,,,,0.01,19733.57,0.02,565.16,,,2331.754648,1776211432000
1776211434.233,234.233,0.99,19733.57,0.98,565.16,,,,,,,,,0.01,19733.57,0.02,565.16,,,2332.381592,1776211433000
1776211435.727,235.727,0.99,19733.57,0.98,565.16,,,,,,,,,0.01,19733.57,0.02,565.16,,,2332.22352,1776211434000
1776211436.836,236.836,0.99,19733.57,0.98,565.16,,,,,,,,,0.01,19733.57,0.02,565.16,,,2332.031848,1776211435000
1776211437.53,237.53,0.99,19733.57,0.98,565.16,,,,,,,,,0.01,19733.57,0.02,565.16,,,2331.785694,1776211436000
1776211438.219,238.219,0.99,19733.57,0.98,565.16,,,,,,,,,0.01,19733.57,0.02,565.16,,,2331.728555,1776211437000
1776211439.567,239.567,0.99,19733.57,0.98,565.16,,,,,,,,,0.01,19733.57,0.02,565.16,,,2331.67975,1776211438000
1776211440.116,240.116,0.99,19733.57,0.98,565.16,,,,,,,,,0.01,19733.57,0.02,565.16,,,2331.496164,1776211439000
1776211441.571,241.571,0.99,19733.57,0.98,565.16,,,,,,,,,0.01,19733.57,0.02,565.16,,,2331.571265,1776211440000
1776211442.311,242.311,0.99,19733.57,0.98,565.16,,,,,,,,,0.01,19733.57,0.02,565.16,,,2331.592224,1776211441000
1776211443.075,243.075,0.99,19733.57,0.98,565.16,,,,,,,,,0.01,19733.57,0.02,565.16,,,2331.547769,1776211442000
1776211444.393,244.393,0.99,19733.57,0.98,565.16,,,,,,,,,0.01,19733.57,0.02,565.16,,,2331.332258,1776211443000
1776211444.995,244.995,0.99,19733.57,0.98,565.16,,,,,,,,,0.01,19733.57,0.02,565.16,,,2331.49814,1776211444000
1776211446.398,246.398,0.99,19733.57,0.98,565.16,,,,,,,,,0.01,19733.57,0.02,565.16,,,2331.314246,1776211445000
1776211446.996,246.996,0.99,19733.57,0.98,565.16,,,,,,,,,0.01,19733.57,0.02,565.16,,,2331.303597,1776211446000
1776211448.281,248.281,0.99,19733.57,0.98,565.16,,,,,,,,,0.01,19733.57,0.02,565.16,,,2331.275908,1776211447000
1776211449.503,249.503,0.99,19733.57,0.98,565.16,,,,,,,,,0.01,19733.57,0.02,565.16,,,2331.163093,1776211448000
1776211450.132,250.132,0.99,19733.57,0.98,565.16,,,,,,,,,0.01,19733.57,0.02,565.16,,,2330.906317,1776211449000
1776211451.525,251.525,0.99,19733.57,0.98,565.16,,,,,,,,,0.01,19733.57,0.02,565.16,,,2330.904843,1776211450000
1776211452.12,252.12,0.99,19733.57,0.98,565.16,,,,,,,,,0.01,19733.57,0.02,565.16,,,2330.932938,1776211451000
1776211453.314,253.314,0.99,19733.57,0.98,565.16,,,,,,,,,0.01,19733.57,0.02,565.16,,,2330.876421,1776211452000
1776211454.786,254.786,0.99,19733.57,0.98,565.16,,,,,,,,,0.01,19733.57,0.02,565.16,,,2331.059854,1776211453000
1776211455.615,255.615,0.99,19733.57,0.98,565.16,,,,,,,,,0.01,19733.57,0.02,565.16,,,2331.140158,1776211454000
1776211456.233,256.233,0.99,19733.57,0.98,565.16,,,,,,,,,0.01,19733.57,0.02,565.16,,,2331.130216,1776211455000
1776211457.54,257.54,0.99,19733.57,0.98,565.16,,,,,,,,,0.01,19733.57,0.02,565.16,,,2331.140241,1776211456000
1776211458.198,258.198,0.99,19733.57,0.98,565.16,,,,,,,,,0.01,19733.57,0.02,565.16,,,2331.205055,1776211457000
1776211459.475,259.475,0.99,19733.57,0.98,565.16,,,,,,,,,0.01,19733.57,0.02,565.16,,,2331.136796,1776211458000
1776211460.012,260.012,0.99,19733.57,0.98,565.16,,,,,,,,,0.01,19733.57,0.02,565.16,,,2331.147064,1776211459000
1776211461.382,261.382,0.99,19733.57,0.98,565.16,,,,,,,,,0.01,19733.57,0.02,565.16,,,2330.995278,1776211460000
1776211461.942,261.942,0.99,19733.57,0.98,565.16,,,,,,,,,0.01,19733.57,0.02,565.16,,,2330.995278,1776211461000
1776211463.076,263.076,0.99,19733.57,0.98,565.16,,,,,,,,,0.01,19733.57,0.02,565.16,,,2331.074342,1776211462000
1776211464.294,264.294,0.99,19733.57,0.98,565.16,,,,,,,,,0.01,19733.57,0.02,565.16,,,2331.216299,1776211463000
1776211465.698,265.698,0.99,19733.57,0.98,565.16,,,,,,,,,0.01,19733.57,0.02,565.16,,,2331.645822,1776211464000
1776211466.392,266.392,0.99,19733.57,0.98,565.16,,,,,,,,,0.01,19733.57,0.02,565.16,,,2331.2585,1776211465000
1776211467.356,267.356,0.99,19733.57,0.98,565.16,,,,,,,,,0.01,19733.57,0.02,565.16,,,2331.244865,1776211466000
1776211468.099,268.099,0.99,19733.57,0.98,565.16,,,,,,,,,0.01,19733.57,0.02,565.16,,,2331.195245,1776211467000
1776211469.337,269.337,0.99,19733.57,0.98,565.16,,,,,,,,,0.01,19733.57,0.02,565.16,,,2331.081852,1776211468000
1776211470.345,270.345,0.99,19733.57,0.98,565.16,,,,,,,,,0.01,19733.57,0.02,565.16,,,2330.967382,1776211469000
1776211470.981,270.981,0.99,19733.57,0.98,565.16,,,,,,,,,0.01,19733.57,0.02,565.16,,,2331.029255,1776211470000
1776211471.985,271.985,0.99,19733.57,0.98,565.16,,,,,,,,,0.01,19733.57,0.02,565.16,,,2331.128049,1776211471000
1776211473.54,273.54,0.99,19733.57,0.98,565.16,,,,,,,,,0.01,19733.57,0.02,565.16,,,2331.078267,1776211472000
1776211474.092,274.092,0.99,19733.57,0.98,565.16,,,,,,,,,0.01,19733.57,0.02,565.16,,,2331.076971,1776211473000
1776211475.157,275.157,0.99,19733.57,0.98,565.16,,,,,,,,,0.01,19733.57,0.02,565.16,,,2331.161975,1776211474000
1776211476.281,276.281,0.99,19733.57,0.98,565.16,,,,,,,,,0.01,19733.57,0.02,565.16,,,2331.723887,1776211475000
1776211477.333,277.333,0.99,19733.57,0.98,565.16,,,,,,,,,0.01,19733.57,0.02,565.16,,,2331.754237,1776211476000
1776211477.87,277.87,0.99,19733.57,0.98,565.16,,,,,,,,,0.01,19733.57,0.02,565.16,,,2331.760278,1776211477000
1776211479.52,279.52,0.99,19733.57,0.98,565.16,,,,,,,,,0.01,19733.57,0.02,565.16,,,2331.850383,1776211478000
1776211480.161,280.161,0.99,19733.57,0.98,565.16,,,,,,,,,0.01,19733.57,0.02,565.16,,,2331.961745,1776211479000
1776211481.299,281.299,0.99,19733.57,0.98,565.16,,,,,,,,,0.01,19733.57,0.02,565.16,,,2331.998688,1776211480000
1776211482.317,282.317,0.99,19733.57,0.98,565.16,,,,,,,,,0.01,19733.57,0.02,565.16,,,2332.224202,1776211481000
1776211482.871,282.871,0.99,19733.57,0.98,565.16,,,,,,,,,0.01,19733.57,0.02,565.16,,,2332.349852,1776211482000
1776211484.11,284.11,0.99,19733.57,0.98,565.16,,,,,,,,,0.01,19733.57,0.02,565.16,,,2332.367326,1776211483000
1776211485.892,285.892,0.99,19733.57,0.98,565.16,,,,,,,,,0.01,19733.57,0.02,565.16,,,2332.404134,1776211484000
1776211486.561,286.561,0.99,19733.57,0.98,565.16,,,,,,,,,0.01,19733.57,0.02,565.16,,,2332.39615,1776211485000
1776211487.296,287.296,0.99,19733.57,0.98,565.16,,,,,,,,,0.01,19733.57,0.02,565.16,,,2332.345113,1776211486000
1776211488.546,288.546,0.99,19733.57,0.98,565.16,,,,,,,,,0.01,19733.57,0.02,565.16,,,2332.344633,1776211487000
1776211489.186,289.186,0.99,19733.57,0.98,565.16,,,,,,,,,0.01,19733.57,0.02,565.16,,,2332.340722,1776211488000
1776211490.539,290.539,0.99,19733.57,0.98,565.16,,,,,,,,,0.01,19733.57,0.02,565.16,,,2332.170912,1776211489000
1776211491.112,291.112,0.99,19733.57,0.98,565.16,,,,,,,,,0.01,19733.57,0.02,565.16,,,2332.192556,1776211490000
1776211492.322,292.322,0.99,19733.57,0.98,565.16,,,,,,,,,0.01,19733.57,0.02,565.16,,,2332.200351,1776211491000
1776211492.885,292.885,0.99,19733.57,0.98,565.16,,,,,,,,,0.01,19733.57,0.02,565.16,,,2332.196562,1776211492000
1776211494.057,294.057,0.99,19733.57,0.98,565.16,,,,,,,,,0.01,19733.57,0.02,565.16,,,2332.193404,1776211493000
1776211495.158,295.158,0.99,19733.57,0.98,565.16,,,,,,,,,0.01,19733.57,0.02,565.16,,,2332.397136,1776211494000
1776211496.355,296.355,0.99,19733.57,0.98,565.16,,,,,,,,,0.01,19733.57,0.02,565.16,,,2332.622659,1776211495000
1776211497.36,297.36,0.99,19733.57,0.98,565.16,,,,,,,,,0.01,19733.57,0.02,565.16,,,2332.7886,1776211496000
1776211497.914,297.914,0.99,19733.57,0.98,565.16,,,,,,,,,0.01,19733.57,0.02,565.16,,,2334.385671,1776211497000
1776211499.091,299.091,0.99,19733.57,0.98,565.16,,,,,,,,,0.01,19733.57,0.02,565.16,,,2335.060289,1776211498000
1776211500.131,300.131,0.99,19733.57,0.98,565.16,,,,,,,,,0.01,19733.57,0.02,565.16,,,2334.54041,1776211499000

# RESULT,winner=Up,slug=eth-updown-5m-1776211200,ticks=428
