timestamp,elapsed_sec,up_bid_p1,up_bid_s1,up_bid_p2,up_bid_s2,up_ask_p1,up_ask_s1,up_ask_p2,up_ask_s2,down_bid_p1,down_bid_s1,down_bid_p2,down_bid_s2,down_ask_p1,down_ask_s1,down_ask_p2,down_ask_s2,up_spread,down_spread,eth_price,eth_oracle_ts
1776248401.437,1.437,0.51,146.54,0.47,5.0,0.53,38.18,0.54,170.0,0.47,38.18,0.46,170.0,0.49,146.54,0.53,5.0,0.02,0.02,2324.874295,1776244517000
1776248401.747,1.747,0.51,198.54,0.5,13.0,0.53,38.18,0.54,70.0,0.47,38.18,0.46,170.0,0.49,146.54,0.53,5.0,0.02,0.02,2324.874295,1776244517000
1776248402.139,2.139,0.51,136.54,0.49,13.0,0.53,39.18,0.54,78.0,0.47,38.18,0.46,70.0,0.49,198.54,0.5,13.0,0.02,0.02,2324.874295,1776244517000
1776248402.512,2.512,0.51,69.3,0.47,5.0,0.53,65.18,0.54,78.0,0.47,39.18,0.46,78.0,0.49,79.1,0.52,13.0,0.02,0.02,2324.874295,1776244517000
1776248403.682,3.682,0.51,42.17,0.47,5.0,0.53,60.18,0.54,140.66,0.47,60.18,0.46,78.0,0.49,51.91,0.53,5.0,0.02,0.02,2324.874295,1776244517000
1776248404.307,4.307,0.47,10.0,0.45,70.0,0.48,4.82,0.49,10.0,0.49,7.83,0.47,65.18,0.53,5.0,0.55,70.0,0.01,0.04,2324.874295,1776244517000
1776248405.374,5.374,0.45,70.0,0.44,133.0,0.46,15.0,0.47,10.0,0.52,4.82,0.51,10.0,0.53,5.0,0.55,70.0,0.01,0.01,2324.874295,1776244517000
1776248406.524,6.524,0.48,52.46,0.47,10.0,0.49,60.0,0.5,55.0,0.51,28.0,0.5,23.0,0.52,44.39,0.55,75.0,0.01,0.01,2324.874295,1776244517000
1776248407.066,7.066,0.48,80.46,0.47,25.0,0.49,62.16,0.5,60.0,0.51,60.0,0.5,55.0,0.52,52.46,0.53,10.0,0.01,0.01,2324.874295,1776244517000
1776248407.834,7.834,0.5,126.28,0.49,89.0,0.52,53.22,0.53,78.18,0.51,62.16,0.5,60.0,0.52,80.46,0.53,25.0,0.02,0.01,2324.874295,1776244517000
1776248408.358,8.358,0.52,10.0,0.51,36.0,0.53,74.41,0.54,130.0,0.48,49.81,0.47,78.18,0.49,15.0,0.5,109.28,0.01,0.01,2324.874295,1776244517000
1776248408.986,8.986,0.51,91.0,0.5,109.28,0.53,259.41,0.54,135.0,0.47,74.41,0.46,130.0,0.48,10.0,0.49,36.0,0.02,0.01,2324.874295,1776244517000
1776248409.395,9.395,0.5,122.28,0.49,75.0,0.53,264.41,0.54,135.0,0.47,259.41,0.46,135.0,0.48,5.0,0.49,91.0,0.03,0.01,2324.874295,1776244517000
1776248409.615,9.615,0.51,15.0,0.5,114.28,0.53,70.54,0.54,120.0,0.47,264.41,0.46,135.0,0.5,122.28,0.51,75.0,0.02,0.03,2324.874295,1776244517000
1776248409.925,9.925,0.52,24.08,0.51,81.0,0.53,206.04,0.54,130.0,0.47,70.54,0.46,120.0,0.49,15.0,0.5,114.28,0.01,0.02,2324.874295,1776244517000
1776248410.227,10.227,0.52,7.91,0.51,41.5,0.53,264.15,0.54,135.0,0.47,264.15,0.46,135.0,0.48,10.0,0.49,41.5,0.01,0.01,2324.874295,1776244517000
1776248410.5,10.5,0.51,25.75,0.5,71.28,0.52,240.0,0.53,68.65,0.48,225.0,0.47,68.65,0.49,31.5,0.5,71.28,0.01,0.01,2324.874295,1776244517000
1776248411.0,11.0,0.5,59.28,0.49,107.5,0.51,10.19,0.52,280.0,0.48,290.0,0.47,68.65,0.49,0.75,0.5,76.28,0.01,0.01,2324.874295,1776244517000
1776248411.437,11.437,0.5,64.28,0.49,107.5,0.51,264.51,0.52,105.0,0.49,10.19,0.48,280.0,0.5,59.28,0.51,107.5,0.01,0.01,2324.874295,1776244517000
1776248412.227,12.227,0.5,77.28,0.49,107.5,0.51,264.02,0.52,95.0,0.49,259.02,0.48,105.0,0.5,59.28,0.51,107.5,0.01,0.01,2324.874295,1776244517000
1776248412.918,12.918,0.5,62.28,0.49,27.0,0.51,245.5,0.52,80.5,0.49,264.02,0.48,95.0,0.5,77.28,0.51,107.5,0.01,0.01,2324.874295,1776244517000
1776248413.603,13.603,0.5,52.67,0.49,27.0,0.51,244.61,0.52,85.5,0.49,250.5,0.48,80.5,0.5,52.67,0.51,27.0,0.01,0.01,2324.874295,1776244517000
1776248414.79,14.79,0.5,27.67,0.49,5.0,0.51,249.61,0.52,80.5,0.49,244.61,0.48,85.5,0.5,52.67,0.51,27.0,0.01,0.01,2324.874295,1776244517000
1776248415.231,15.231,0.45,58.08,0.44,70.0,0.49,26.0,0.5,20.0,0.51,10.0,0.5,10.0,0.52,44.96,0.54,70.0,0.04,0.01,2324.874295,1776244517000
1776248415.683,15.683,0.45,54.16,0.44,70.0,0.46,15.0,0.47,15.0,0.51,26.0,0.5,20.0,0.55,58.08,0.56,70.0,0.01,0.04,2324.874295,1776244517000
1776248415.963,15.963,0.45,48.31,0.44,70.0,0.46,10.0,0.47,10.0,0.54,10.0,0.53,10.0,0.55,51.08,0.56,70.0,0.01,0.01,2324.874295,1776244517000
1776248416.355,16.355,0.43,80.5,0.42,97.5,0.46,10.0,0.47,25.5,0.54,10.0,0.53,10.0,0.55,48.31,0.56,70.0,0.03,0.01,2324.874295,1776244517000
1776248416.959,16.959,0.43,80.0,0.42,97.5,0.44,5.0,0.45,10.0,0.54,10.0,0.53,25.5,0.57,80.5,0.58,97.5,0.01,0.03,2324.874295,1776244517000
1776248417.953,17.953,0.43,88.52,0.42,90.5,0.45,10.0,0.46,15.0,0.56,5.0,0.55,10.0,0.57,80.0,0.58,97.5,0.02,0.01,2324.874295,1776244517000
1776248418.411,18.411,0.43,78.52,0.42,70.0,0.44,4.88,0.45,10.0,0.55,10.0,0.54,15.0,0.57,88.52,0.58,90.5,0.01,0.02,2324.874295,1776244517000
1776248419.245,19.245,0.43,88.52,0.42,85.0,0.44,7.72,0.45,15.0,0.53,132.62,0.52,20.5,0.57,78.52,0.58,70.0,0.01,0.04,2324.874295,1776244517000
1776248420.182,20.182,0.43,100.04,0.42,150.5,0.44,5.0,0.45,30.5,0.56,7.72,0.55,15.0,0.57,88.52,0.58,85.0,0.01,0.01,2324.874295,1776244517000
1776248424.252,24.252,0.44,35.0,0.43,141.28,0.45,57.77,0.46,65.5,0.56,5.0,0.55,10.0,0.57,98.28,0.58,150.5,0.01,0.01,2324.874295,1776244517000
1776248427.806,27.806,0.45,107.0,0.44,85.5,0.46,55.0,0.47,60.5,0.55,57.77,0.54,65.5,0.56,35.0,0.57,141.28,0.01,0.01,2324.874295,1776244517000
1776248428.279,28.279,0.45,107.0,0.44,85.5,0.46,55.0,0.47,60.5,0.54,55.0,0.53,60.5,0.55,107.0,0.56,85.5,0.01,0.01,2324.874295,1776244517000
1776248430.637,30.637,0.46,44.34,0.45,277.0,0.47,50.0,0.48,60.5,0.54,55.0,0.53,60.5,0.55,107.0,0.56,85.5,0.01,0.01,2324.874295,1776244517000
1776248431.058,31.058,0.46,288.34,0.45,99.0,0.47,45.74,0.48,60.5,0.53,55.0,0.52,60.5,0.54,42.34,0.55,294.0,0.01,0.01,2324.874295,1776244517000
1776248431.471,31.471,0.46,284.63,0.45,99.0,0.47,45.74,0.48,60.5,0.53,45.74,0.52,60.5,0.54,288.34,0.55,99.0,0.01,0.01,2324.874295,1776244517000
1776248432.206,32.206,0.46,279.63,0.45,105.0,0.47,39.36,0.48,60.5,0.53,45.74,0.52,60.5,0.54,284.63,0.55,99.0,0.01,0.01,2324.874295,1776244517000
1776248432.582,32.582,0.46,279.63,0.45,99.0,0.47,33.61,0.48,60.5,0.53,39.36,0.52,60.5,0.54,279.63,0.55,105.0,0.01,0.01,2324.874295,1776244517000
1776248433.651,33.651,0.46,285.37,0.45,99.0,0.47,33.61,0.48,60.5,0.53,33.61,0.52,60.5,0.54,279.63,0.55,99.0,0.01,0.01,2324.874295,1776244517000
1776248433.995,33.995,0.48,116.0,0.47,121.0,0.49,46.83,0.5,70.5,0.53,33.61,0.52,60.5,0.54,285.37,0.55,99.0,0.01,0.01,2324.874295,1776244517000
1776248434.807,34.807,0.48,234.97,0.47,123.5,0.49,46.83,0.5,55.0,0.51,62.33,0.5,65.5,0.52,240.6,0.53,126.0,0.01,0.01,2324.874295,1776244517000
1776248435.106,35.106,0.49,246.0,0.48,99.97,0.5,55.56,0.51,60.5,0.51,46.83,0.5,55.0,0.52,234.97,0.53,123.5,0.01,0.01,2324.874295,1776244517000
1776248440.77,40.77,0.51,246.0,0.5,111.0,0.52,68.8,0.53,53.65,0.5,55.56,0.49,60.5,0.51,246.0,0.52,99.97,0.01,0.01,2324.874295,1776244517000
1776248442.235,42.235,0.46,10.0,0.45,75.5,0.47,52.0,0.48,112.5,0.48,68.8,0.47,53.65,0.49,246.0,0.5,111.0,0.01,0.01,2324.874295,1776244517000
1776248442.583,42.583,0.46,4.48,0.45,75.5,0.47,102.0,0.48,102.5,0.53,52.0,0.52,112.5,0.54,10.0,0.55,75.5,0.01,0.01,2324.874295,1776244517000
1776248442.796,42.796,0.45,74.98,0.44,273.5,0.47,97.0,0.48,102.5,0.53,102.0,0.52,102.5,0.54,4.48,0.55,75.5,0.02,0.01,2324.874295,1776244517000
1776248443.314,43.314,0.45,62.66,0.44,266.5,0.46,97.0,0.47,70.5,0.53,97.0,0.52,102.5,0.55,74.98,0.56,273.5,0.01,0.02,2324.874295,1776244517000
1776248444.343,44.343,0.45,260.81,0.44,86.5,0.46,10.0,0.47,65.0,0.54,97.0,0.53,70.5,0.55,62.66,0.56,266.5,0.01,0.01,2324.874295,1776244517000
1776248451.58,51.58,0.45,300.99,0.44,104.5,0.46,10.0,0.47,55.0,0.54,10.0,0.53,65.0,0.55,260.81,0.56,86.5,0.01,0.01,2324.874295,1776244517000
1776248451.944,51.944,0.45,305.99,0.44,104.5,0.46,5.65,0.47,55.0,0.54,10.0,0.53,55.0,0.55,300.99,0.56,104.5,0.01,0.01,2324.874295,1776244517000
1776248452.783,52.783,0.45,373.99,0.44,105.5,0.49,50.0,0.5,50.0,0.54,5.65,0.53,55.0,0.55,305.99,0.56,104.5,0.04,0.01,2324.874295,1776244517000
1776248453.101,53.101,0.49,88.0,0.48,303.0,0.5,48.54,0.51,60.5,0.51,50.0,0.5,50.0,0.55,373.99,0.56,105.5,0.01,0.04,2324.874295,1776244517000
1776248453.641,53.641,0.49,81.0,0.48,310.0,0.5,51.14,0.51,60.5,0.5,48.54,0.49,60.5,0.51,88.0,0.52,303.0,0.01,0.01,2324.874295,1776244517000
1776248454.52,54.52,0.49,261.0,0.48,130.0,0.5,32.06,0.51,60.5,0.5,51.14,0.49,60.5,0.51,81.0,0.52,310.0,0.01,0.01,2324.874295,1776244517000
1776248454.735,54.735,0.5,29.3,0.49,301.0,0.51,65.5,0.52,58.8,0.49,60.5,0.48,58.8,0.51,261.0,0.52,130.0,0.01,0.02,2324.874295,1776244517000
1776248455.524,55.524,0.5,295.3,0.49,121.0,0.51,63.18,0.52,58.8,0.49,65.5,0.48,58.8,0.5,29.3,0.51,301.0,0.01,0.01,2324.874295,1776244517000
1776248455.868,55.868,0.51,33.85,0.5,285.3,0.52,68.8,0.53,53.65,0.48,58.8,0.47,53.65,0.5,295.3,0.51,121.0,0.01,0.02,2324.874295,1776244517000
1776248456.378,56.378,0.51,283.85,0.5,105.3,0.52,6.69,0.53,53.65,0.48,68.8,0.47,53.65,0.49,33.85,0.5,285.3,0.01,0.01,2324.874295,1776244517000
1776248456.668,56.668,0.52,61.0,0.51,38.85,0.53,19.93,0.54,20.5,0.48,6.69,0.47,53.65,0.49,283.85,0.5,105.3,0.01,0.01,2324.874295,1776244517000
1776248456.873,56.873,0.52,15.0,0.51,15.0,0.53,45.4,0.54,115.31,0.47,5.4,0.46,83.31,0.48,10.0,0.49,20.0,0.01,0.01,2324.874295,1776244517000
1776248457.447,57.447,0.53,10.0,0.52,20.0,0.54,56.45,0.55,29.33,0.47,45.4,0.46,115.31,0.48,15.0,0.49,15.0,0.01,0.01,2324.874295,1776244517000
1776248457.936,57.936,0.55,61.0,0.54,80.0,0.56,58.71,0.57,66.0,0.46,56.45,0.45,29.33,0.47,12.94,0.48,25.0,0.01,0.01,2324.874295,1776244517000
1776248458.201,58.201,0.55,76.0,0.54,80.0,0.56,48.71,0.57,50.0,0.44,58.71,0.43,66.0,0.45,61.0,0.46,80.0,0.01,0.01,2324.874295,1776244517000
1776248458.717,58.717,0.55,86.0,0.54,255.0,0.56,46.6,0.57,50.0,0.44,48.71,0.43,50.0,0.45,76.0,0.46,80.0,0.01,0.01,2324.874295,1776244517000
1776248459.131,59.131,0.55,86.0,0.54,255.0,0.56,38.93,0.57,50.0,0.44,43.93,0.43,50.0,0.45,86.0,0.46,255.0,0.01,0.01,2324.874295,1776244517000
1776248461.029,61.029,0.55,326.5,0.54,98.5,0.56,0.34,0.58,50.0,0.44,37.14,0.43,50.0,0.45,261.0,0.46,75.0,0.01,0.01,2324.874295,1776244517000
1776248462.058,62.058,0.58,25.0,0.57,95.0,0.59,139.5,0.6,157.0,0.42,44.01,0.41,130.5,0.45,336.5,0.46,98.5,0.01,0.03,2324.874295,1776244517000
1776248463.382,63.382,0.58,35.0,0.57,30.0,0.59,137.6,0.6,167.0,0.41,139.5,0.4,157.0,0.42,25.0,0.43,95.0,0.01,0.01,2324.874295,1776244517000
1776248463.945,63.945,0.58,40.0,0.57,260.0,0.59,127.6,0.6,150.0,0.41,137.6,0.4,167.0,0.42,35.0,0.43,30.0,0.01,0.01,2324.874295,1776244517000
1776248464.219,64.219,0.58,55.0,0.57,260.0,0.59,125.46,0.6,150.0,0.41,127.6,0.4,150.0,0.42,40.0,0.43,260.0,0.01,0.01,2324.874295,1776244517000
1776248465.71,65.71,0.58,70.0,0.57,260.0,0.59,116.57,0.6,165.5,0.41,125.46,0.4,150.0,0.42,55.0,0.43,260.0,0.01,0.01,2324.874295,1776244517000
1776248466.284,66.284,0.58,135.0,0.57,260.0,0.6,156.9,0.61,191.0,0.41,108.09,0.4,165.5,0.42,70.0,0.43,260.0,0.02,0.01,2324.874295,1776244517000
1776248467.822,67.822,0.59,307.08,0.58,125.5,0.6,89.73,0.61,140.0,0.4,155.23,0.39,191.0,0.42,130.0,0.43,260.0,0.01,0.02,2324.874295,1776244517000
1776248468.804,68.804,0.6,305.0,0.59,107.08,0.61,0.18,0.62,70.0,0.39,118.18,0.38,70.0,0.41,302.08,0.42,125.5,0.01,0.02,2324.874295,1776244517000
1776248469.399,69.399,0.63,130.0,0.62,120.5,0.64,2.25,0.65,8.0,0.38,53.18,0.37,137.5,0.4,310.0,0.41,107.08,0.01,0.02,2324.874295,1776244517000
1776248470.265,70.265,0.64,65.0,0.63,40.0,0.65,160.58,0.66,140.5,0.35,47.93,0.34,127.5,0.36,90.0,0.37,110.0,0.01,0.01,2324.874295,1776244517000
1776248470.488,70.488,0.64,4.0,0.58,55.0,0.65,226.08,0.66,170.5,0.35,196.08,0.34,170.5,0.36,25.0,0.42,55.0,0.01,0.01,2324.874295,1776244517000
1776248471.374,71.374,0.59,4.72,0.58,75.5,0.6,107.0,0.61,275.5,0.4,8.33,0.39,155.0,0.42,55.0,0.43,75.5,0.01,0.02,2324.874295,1776244517000
1776248472.172,72.172,0.58,70.0,0.57,80.5,0.59,15.0,0.6,106.05,0.4,116.05,0.39,282.5,0.41,54.45,0.42,70.0,0.01,0.01,2324.874295,1776244517000
1776248472.757,72.757,0.55,46.2,0.54,60.0,0.56,20.0,0.57,41.0,0.41,15.0,0.4,106.05,0.42,70.0,0.43,80.5,0.01,0.01,2324.874295,1776244517000
1776248473.785,73.785,0.55,36.2,0.54,75.5,0.56,46.0,0.57,41.0,0.44,20.0,0.43,41.0,0.45,46.2,0.46,60.0,0.01,0.01,2324.874295,1776244517000
1776248474.138,74.138,0.53,45.4,0.52,70.5,0.54,36.0,0.55,108.0,0.44,47.07,0.43,91.0,0.45,36.2,0.46,75.5,0.01,0.01,2324.874295,1776244517000
1776248474.354,74.354,0.53,50.4,0.52,70.5,0.54,66.01,0.55,108.0,0.46,36.0,0.45,108.0,0.47,45.4,0.48,70.5,0.01,0.01,2324.874295,1776244517000
1776248477.355,77.355,0.53,60.4,0.52,75.5,0.54,114.15,0.55,108.0,0.46,66.01,0.45,108.0,0.47,50.4,0.48,70.5,0.01,0.01,2324.874295,1776244517000
1776248478.364,78.364,0.53,10.0,0.52,75.5,0.54,108.08,0.55,108.0,0.46,110.07,0.45,108.0,0.47,60.4,0.48,75.5,0.01,0.01,2324.874295,1776244517000
1776248479.197,79.197,0.52,5.47,0.51,130.0,0.53,86.0,0.54,86.58,0.46,108.08,0.45,108.0,0.47,10.0,0.48,75.5,0.01,0.01,2324.874295,1776244517000
1776248480.024,80.024,0.51,128.42,0.5,145.5,0.52,71.0,0.53,76.0,0.47,86.0,0.46,86.58,0.49,125.47,0.5,140.5,0.01,0.02,2324.874295,1776244517000
1776248480.935,80.935,0.48,60.89,0.47,70.5,0.49,25.0,0.5,10.0,0.48,71.0,0.47,76.0,0.49,128.42,0.5,145.5,0.01,0.01,2324.874295,1776244517000
1776248481.476,81.476,0.48,104.78,0.47,75.5,0.49,5.0,0.5,5.0,0.51,20.0,0.5,10.0,0.52,45.71,0.53,70.5,0.01,0.01,2324.874295,1776244517000
1776248482.532,82.532,0.49,115.78,0.48,99.78,0.5,5.0,0.51,15.0,0.51,5.0,0.5,5.0,0.52,104.78,0.53,75.5,0.01,0.01,2324.874295,1776244517000
1776248482.822,82.822,0.49,93.78,0.48,63.78,0.51,15.0,0.52,12.0,0.5,5.0,0.49,15.0,0.51,115.78,0.52,99.78,0.02,0.01,2324.874295,1776244517000
1776248483.954,83.954,0.53,75.26,0.52,132.5,0.54,0.08,0.56,107.0,0.49,15.0,0.48,12.0,0.51,93.78,0.52,63.78,0.01,0.02,2324.874295,1776244517000
1776248484.227,84.227,0.53,140.26,0.52,138.5,0.57,50.0,0.58,130.0,0.46,0.08,0.44,107.0,0.47,75.26,0.48,132.5,0.04,0.01,2324.874295,1776244517000
1776248484.796,84.796,0.56,27.56,0.55,10.0,0.57,53.24,0.58,140.5,0.43,50.0,0.42,140.5,0.44,7.56,0.46,10.0,0.01,0.01,2324.874295,1776244517000
1776248485.321,85.321,0.56,15.0,0.55,10.0,0.57,73.98,0.58,219.5,0.43,53.24,0.42,140.5,0.44,27.56,0.45,10.0,0.01,0.01,2324.874295,1776244517000
1776248485.569,85.569,0.55,47.0,0.54,25.0,0.56,57.0,0.57,108.83,0.43,83.98,0.42,167.5,0.45,10.0,0.46,15.0,0.01,0.02,2324.874295,1776244517000
1776248485.91,85.91,0.55,49.77,0.54,85.5,0.56,57.0,0.57,98.83,0.44,57.0,0.43,108.83,0.45,47.0,0.46,25.0,0.01,0.01,2324.874295,1776244517000
1776248486.407,86.407,0.55,47.54,0.54,25.0,0.56,67.0,0.57,127.98,0.44,57.0,0.43,98.83,0.45,49.77,0.46,85.5,0.01,0.01,2324.874295,1776244517000
1776248487.49,87.49,0.55,44.22,0.54,85.5,0.56,59.33,0.57,114.48,0.44,64.33,0.43,127.98,0.45,47.54,0.46,25.0,0.01,0.01,2324.874295,1776244517000
1776248488.074,88.074,0.55,21.99,0.54,85.5,0.56,59.33,0.57,119.48,0.44,59.33,0.43,114.48,0.45,44.22,0.46,85.5,0.01,0.01,2324.874295,1776244517000
1776248488.427,88.427,0.55,26.99,0.54,85.5,0.56,50.4,0.57,109.48,0.44,59.33,0.43,119.48,0.45,21.99,0.46,85.5,0.01,0.01,2324.874295,1776244517000
1776248490.528,90.528,0.55,41.99,0.54,85.5,0.56,24.4,0.57,46.48,0.44,50.4,0.43,109.48,0.45,26.99,0.46,85.5,0.01,0.01,2324.874295,1776244517000
1776248490.948,90.948,0.56,25.0,0.55,85.0,0.57,42.97,0.58,219.5,0.44,24.4,0.43,46.48,0.45,41.99,0.46,85.5,0.01,0.01,2324.874295,1776244517000
1776248491.513,91.513,0.56,57.0,0.55,85.0,0.57,39.13,0.58,214.5,0.43,40.89,0.42,219.5,0.44,52.0,0.45,85.0,0.01,0.01,2324.874295,1776244517000
1776248492.428,92.428,0.56,52.0,0.55,95.5,0.57,64.87,0.58,204.0,0.43,39.13,0.42,214.5,0.44,57.0,0.45,85.0,0.01,0.01,2324.874295,1776244517000
1776248492.729,92.729,0.57,85.0,0.56,85.5,0.58,135.67,0.59,80.0,0.43,64.87,0.42,204.0,0.44,52.0,0.45,95.5,0.01,0.01,2324.874295,1776244517000
1776248493.258,93.258,0.59,55.0,0.58,35.5,0.6,110.21,0.61,121.0,0.42,135.67,0.41,80.0,0.43,85.0,0.44,85.5,0.01,0.01,2324.874295,1776244517000
1776248493.509,93.509,0.59,73.4,0.58,85.5,0.6,14.0,0.61,178.0,0.4,110.21,0.39,121.0,0.41,55.0,0.42,35.5,0.01,0.01,2324.874295,1776244517000
1776248496.059,96.059,0.59,18.4,0.58,20.0,0.6,153.76,0.61,146.5,0.4,14.0,0.39,178.0,0.41,73.4,0.42,85.5,0.01,0.01,2324.874295,1776244517000
1776248497.81,97.81,0.52,59.41,0.51,60.0,0.54,36.0,0.55,15.0,0.4,153.76,0.39,146.5,0.41,18.4,0.42,20.0,0.02,0.01,2324.874295,1776244517000
1776248498.105,98.105,0.5,38.72,0.49,50.0,0.51,15.0,0.52,20.0,0.47,15.0,0.46,36.0,0.49,60.4,0.5,60.0,0.01,0.02,2324.874295,1776244517000
1776248499.264,99.264,0.44,42.76,0.43,70.0,0.45,72.0,0.46,90.0,0.5,25.0,0.49,76.0,0.51,58.42,0.52,103.28,0.01,0.01,2324.874295,1776244517000
1776248499.611,99.611,0.42,62.17,0.41,70.0,0.44,41.0,0.45,96.0,0.56,30.0,0.55,26.0,0.57,30.4,0.58,60.5,0.02,0.01,2324.874295,1776244517000
1776248500.628,100.628,0.42,62.14,0.41,65.0,0.43,15.0,0.44,20.0,0.56,41.0,0.55,96.0,0.58,62.17,0.59,70.0,0.01,0.02,2324.874295,1776244517000
1776248503.483,103.483,0.43,118.21,0.42,112.14,0.44,30.0,0.45,85.0,0.57,15.0,0.56,20.0,0.58,62.14,0.59,65.0,0.01,0.01,2324.874295,1776244517000
1776248503.865,103.865,0.43,112.94,0.42,112.14,0.44,20.0,0.45,85.0,0.56,30.0,0.55,85.0,0.57,118.21,0.58,112.14,0.01,0.01,2324.874295,1776244517000
1776248504.777,104.777,0.43,96.18,0.42,102.14,0.44,20.0,0.45,90.0,0.56,20.0,0.55,85.0,0.57,112.94,0.58,112.14,0.01,0.01,2324.874295,1776244517000
1776248505.463,105.463,0.43,101.18,0.42,112.14,0.45,54.0,0.46,146.0,0.56,20.0,0.55,90.0,0.57,96.18,0.58,102.14,0.02,0.01,2324.874295,1776244517000
1776248505.78,105.78,0.44,70.5,0.43,96.18,0.45,69.0,0.46,91.0,0.55,54.0,0.54,146.0,0.57,101.18,0.58,112.14,0.01,0.02,2324.874295,1776244517000
1776248506.374,106.374,0.44,67.93,0.43,66.18,0.45,5.0,0.46,21.0,0.55,53.37,0.54,91.0,0.56,100.5,0.57,66.18,0.01,0.01,2324.874295,1776244517000
1776248507.245,107.245,0.44,55.93,0.43,66.18,0.45,15.0,0.46,21.0,0.55,5.0,0.54,21.0,0.56,67.93,0.57,66.18,0.01,0.01,2324.874295,1776244517000
1776248511.812,111.812,0.44,44.14,0.43,66.18,0.45,25.0,0.46,71.0,0.55,15.0,0.54,21.0,0.56,55.93,0.57,66.18,0.01,0.01,2324.874295,1776244517000
1776248514.713,114.713,0.48,5.0,0.47,15.0,0.5,149.5,0.51,174.01,0.55,25.0,0.54,71.0,0.56,44.14,0.57,66.18,0.02,0.01,2324.874295,1776244517000
1776248515.292,115.292,0.48,8.03,0.45,10.0,0.49,215.5,0.5,162.5,0.5,149.5,0.49,174.01,0.52,5.0,0.53,15.0,0.01,0.02,2324.874295,1776244517000
1776248515.819,115.819,0.45,8.18,0.44,65.5,0.46,88.0,0.47,129.0,0.51,220.5,0.5,162.5,0.55,10.0,0.57,41.18,0.01,0.04,2324.874295,1776244517000
1776248516.741,116.741,0.45,80.91,0.44,65.5,0.46,25.0,0.47,71.0,0.54,88.0,0.53,129.0,0.55,8.18,0.56,65.5,0.01,0.01,2324.874295,1776244517000
1776248520.742,120.742,0.4,91.8,0.39,60.5,0.41,126.0,0.42,135.0,0.54,25.0,0.53,71.0,0.55,80.91,0.56,65.5,0.01,0.01,2324.874295,1776244517000
1776248521.286,121.286,0.4,67.47,0.37,50.0,0.41,301.5,0.42,217.5,0.59,144.47,0.58,140.0,0.6,83.47,0.61,60.5,0.01,0.01,2324.874295,1776244517000
1776248521.587,121.587,0.4,40.24,0.37,50.0,0.41,296.5,0.42,217.5,0.59,301.5,0.58,217.5,0.6,43.39,0.63,50.0,0.01,0.01,2324.874295,1776244517000
1776248521.835,121.835,0.4,38.48,0.37,50.0,0.41,306.5,0.42,275.15,0.59,301.5,0.58,212.5,0.6,40.15,0.63,50.0,0.01,0.01,2324.874295,1776244517000
1776248522.111,122.111,0.4,0.48,0.37,50.0,0.41,281.5,0.42,275.15,0.59,306.5,0.58,275.15,0.6,38.48,0.63,50.0,0.01,0.01,2324.874295,1776244517000
1776248522.386,122.386,0.37,59.36,0.36,50.0,0.41,286.5,0.42,275.15,0.59,281.5,0.58,275.15,0.6,0.48,0.63,50.0,0.04,0.01,2324.874295,1776244517000
1776248522.775,122.775,0.37,61.99,0.36,55.0,0.38,125.0,0.39,71.0,0.59,286.5,0.58,275.15,0.63,59.36,0.64,50.0,0.01,0.04,2324.874295,1776244517000
1776248525.015,125.015,0.33,55.05,0.32,50.0,0.34,43.0,0.35,25.0,0.62,125.0,0.61,71.0,0.63,61.99,0.64,55.0,0.01,0.01,2324.874295,1776244517000
1776248525.72,125.72,0.33,52.55,0.32,55.0,0.34,130.78,0.35,75.0,0.66,43.0,0.65,25.0,0.67,47.59,0.68,50.0,0.01,0.01,2324.874295,1776244517000
1776248526.262,126.262,0.32,4.14,0.31,50.0,0.33,130.0,0.34,160.78,0.66,125.78,0.65,75.0,0.67,38.55,0.68,55.0,0.01,0.01,2324.874295,1776244517000
1776248526.532,126.532,0.31,48.14,0.3,50.0,0.33,175.7,0.34,78.0,0.67,130.0,0.66,160.78,0.68,4.14,0.69,50.0,0.02,0.01,2324.874295,1776244517000
1776248526.888,126.888,0.31,62.04,0.3,55.0,0.32,75.0,0.33,128.7,0.67,175.7,0.66,78.0,0.69,48.14,0.7,50.0,0.01,0.02,2324.874295,1776244517000
1776248527.339,127.339,0.31,61.24,0.3,55.0,0.32,38.0,0.33,78.0,0.68,75.0,0.67,128.7,0.69,62.04,0.7,55.0,0.01,0.01,2324.874295,1776244517000
1776248527.836,127.836,0.31,56.24,0.3,55.0,0.32,62.09,0.33,78.0,0.68,38.0,0.67,78.0,0.69,61.24,0.7,55.0,0.01,0.01,2324.874295,1776244517000
1776248528.154,128.154,0.31,64.79,0.3,55.0,0.32,67.09,0.33,78.0,0.68,62.09,0.67,78.0,0.69,56.24,0.7,55.0,0.01,0.01,2324.874295,1776244517000
1776248528.8,128.8,0.31,64.79,0.3,55.0,0.32,29.15,0.33,83.0,0.68,67.09,0.67,78.0,0.69,64.79,0.7,55.0,0.01,0.01,2324.874295,1776244517000
1776248529.513,129.513,0.27,50.0,0.26,70.0,0.31,7.0,0.32,259.64,0.68,29.15,0.67,83.0,0.69,64.79,0.7,55.0,0.04,0.01,2324.874295,1776244517000
1776248529.725,129.725,0.27,36.27,0.26,70.0,0.28,6.94,0.3,122.0,0.72,6.94,0.7,122.0,0.73,46.27,0.74,70.0,0.01,0.01,2324.874295,1776244517000
1776248529.959,129.959,0.26,65.08,0.25,55.0,0.28,115.0,0.29,10.0,0.72,6.94,0.7,122.0,0.73,26.27,0.74,70.0,0.02,0.01,2324.874295,1776244517000
1776248530.597,130.597,0.26,15.5,0.25,66.0,0.27,7.0,0.28,110.0,0.73,16.0,0.72,55.0,0.74,70.44,0.75,60.0,0.01,0.01,2324.874295,1776244517000
1776248531.812,131.812,0.2,7.24,0.19,26.36,0.26,382.5,0.27,98.0,0.73,103.07,0.72,110.0,0.74,3.7,0.75,66.0,0.06,0.01,2324.874295,1776244517000
1776248532.042,132.042,0.15,23.9,0.12,60.09,0.16,10.0,0.18,10.0,0.81,63.64,0.8,65.24,0.85,24.0,0.88,60.09,0.01,0.04,2324.874295,1776244517000
1776248532.307,132.307,0.1,160.0,0.09,94.0,0.14,10.0,0.15,10.0,0.84,144.0,0.83,10.0,0.87,20.0,0.88,5.09,0.04,0.03,2324.874295,1776244517000
1776248532.553,132.553,0.1,162.98,0.09,114.0,0.11,21.0,0.12,62.0,0.87,15.0,0.86,55.85,0.9,158.88,0.91,94.0,0.01,0.03,2324.874295,1776244517000
1776248532.82,132.82,0.1,145.5,0.09,94.0,0.11,21.0,0.12,62.0,0.89,16.0,0.88,62.0,0.9,142.53,0.91,114.0,0.01,0.01,2324.874295,1776244517000
1776248533.101,133.101,0.1,144.44,0.09,94.0,0.11,12.0,0.12,62.0,0.89,66.21,0.88,62.0,0.9,124.44,0.91,94.0,0.01,0.01,2324.874295,1776244517000
1776248533.647,133.647,0.11,43.0,0.1,222.09,0.13,6.0,0.14,8.85,0.88,112.0,0.87,78.0,0.9,134.94,0.91,50.0,0.02,0.02,2324.874295,1776244517000
1776248533.858,133.858,0.12,70.0,0.11,56.0,0.14,8.85,0.15,15.0,0.87,7.0,0.86,3.85,0.88,70.0,0.89,58.0,0.02,0.01,2324.874295,1776244517000
1776248534.186,134.186,0.12,141.89,0.11,174.18,0.13,10.0,0.14,8.85,0.86,8.85,0.85,15.0,0.88,70.0,0.89,56.0,0.01,0.02,2324.874295,1776244517000
1776248534.403,134.403,0.13,17.5,0.12,104.0,0.14,15.0,0.15,30.0,0.87,10.0,0.86,8.85,0.88,141.89,0.89,174.18,0.01,0.01,2324.874295,1776244517000
1776248534.645,134.645,0.13,10.0,0.12,86.0,0.14,2.11,0.15,35.0,0.86,15.0,0.85,30.0,0.87,17.5,0.88,104.0,0.01,0.01,2324.874295,1776244517000
1776248534.845,134.845,0.13,35.0,0.12,86.0,0.15,15.0,0.16,15.0,0.86,12.11,0.85,15.0,0.87,40.0,0.88,96.0,0.02,0.01,2324.874295,1776244517000
1776248535.081,135.081,0.16,29.0,0.15,10.0,0.17,10.0,0.18,177.0,0.85,7.0,0.84,21.0,0.86,10.0,0.87,71.0,0.01,0.01,2324.874295,1776244517000
1776248535.318,135.318,0.16,84.8,0.15,36.0,0.18,151.16,0.19,165.0,0.83,10.0,0.82,127.0,0.84,27.8,0.85,10.0,0.02,0.01,2324.874295,1776244517000
1776248535.625,135.625,0.16,169.8,0.15,51.5,0.18,139.49,0.19,175.5,0.82,151.16,0.81,165.0,0.84,89.3,0.85,36.0,0.02,0.02,2324.874295,1776244517000
1776248535.937,135.937,0.17,37.18,0.16,224.8,0.18,139.49,0.19,165.0,0.82,139.49,0.81,175.5,0.84,169.8,0.85,51.5,0.01,0.02,2324.874295,1776244517000
1776248536.508,136.508,0.17,62.05,0.16,303.8,0.18,44.49,0.19,32.5,0.82,139.49,0.81,165.0,0.83,37.18,0.84,224.8,0.01,0.01,2324.874295,1776244517000
1776248537.241,137.241,0.17,251.84,0.16,453.8,0.18,24.49,0.19,10.0,0.82,44.49,0.81,32.5,0.83,62.05,0.84,303.8,0.01,0.01,2324.874295,1776244517000
1776248537.532,137.532,0.17,237.55,0.16,593.8,0.18,24.49,0.2,142.5,0.82,24.49,0.8,142.5,0.83,238.76,0.84,523.8,0.01,0.01,2324.874295,1776244517000
1776248538.058,138.058,0.19,245.91,0.18,185.0,0.2,27.5,0.21,76.82,0.8,142.5,0.79,101.82,0.81,11.51,0.83,242.55,0.01,0.01,2324.874295,1776244517000
1776248538.623,138.623,0.19,291.91,0.18,201.5,0.2,9.5,0.21,6.32,0.8,27.5,0.79,76.82,0.81,245.91,0.82,185.0,0.01,0.01,2324.874295,1776244517000
1776248538.88,138.88,0.23,181.5,0.22,195.5,0.24,9.9,0.25,30.5,0.76,26.9,0.75,30.5,0.77,10.0,0.78,190.5,0.01,0.01,2324.874295,1776244517000
1776248539.398,139.398,0.23,256.5,0.22,341.5,0.24,0.75,0.25,10.0,0.76,9.9,0.75,30.5,0.77,181.5,0.78,195.5,0.01,0.01,2324.874295,1776244517000
1776248540.012,140.012,0.25,160.0,0.24,215.0,0.27,6.8,0.28,10.0,0.74,6.8,0.72,123.0,0.76,176.0,0.77,176.5,0.02,0.02,2324.874295,1776244517000
1776248540.574,140.574,0.25,280.5,0.24,230.5,0.26,7.3,0.27,6.8,0.74,6.15,0.73,6.8,0.75,220.0,0.76,225.5,0.01,0.01,2324.874295,1776244517000
1776248541.641,141.641,0.25,255.5,0.24,270.5,0.26,31.41,0.27,17.3,0.74,7.3,0.73,6.8,0.75,280.5,0.76,230.5,0.01,0.01,2324.874295,1776244517000
1776248542.586,142.586,0.25,112.0,0.24,125.0,0.26,194.91,0.27,67.3,0.74,31.41,0.73,17.3,0.75,255.5,0.76,270.5,0.01,0.01,2324.874295,1776244517000
1776248542.921,142.921,0.24,11.0,0.23,25.0,0.25,149.5,0.26,131.91,0.74,227.91,0.73,67.3,0.75,89.0,0.76,125.0,0.01,0.01,2324.874295,1776244517000
1776248543.225,143.225,0.21,80.48,0.2,190.0,0.22,10.0,0.23,10.0,0.75,88.5,0.74,115.91,0.76,0.47,0.77,25.0,0.01,0.01,2324.874295,1776244517000
1776248543.601,143.601,0.21,70.48,0.2,195.05,0.22,20.0,0.23,14.0,0.78,10.0,0.77,10.0,0.79,80.48,0.8,190.0,0.01,0.01,2324.874295,1776244517000
1776248545.081,145.081,0.24,96.05,0.23,19.0,0.25,152.5,0.26,107.5,0.78,20.0,0.77,14.0,0.79,70.48,0.8,195.05,0.01,0.01,2324.874295,1776244517000
1776248545.577,145.577,0.24,44.02,0.23,109.5,0.25,20.0,0.26,10.0,0.75,147.5,0.74,107.5,0.76,96.02,0.77,19.0,0.01,0.01,2324.874295,1776244517000
1776248545.885,145.885,0.24,90.41,0.23,134.5,0.25,15.0,0.26,20.5,0.75,20.0,0.74,10.0,0.76,46.41,0.77,109.5,0.01,0.01,2324.874295,1776244517000
1776248546.327,146.327,0.24,123.34,0.23,184.5,0.25,10.0,0.26,5.0,0.75,15.0,0.74,20.5,0.76,90.41,0.77,134.5,0.01,0.01,2324.874295,1776244517000
1776248546.554,146.554,0.26,8.0,0.25,73.5,0.27,15.0,0.28,25.5,0.74,5.0,0.73,5.0,0.76,118.34,0.77,184.5,0.01,0.02,2324.874295,1776244517000
1776248546.995,146.995,0.26,80.66,0.25,88.5,0.27,15.0,0.28,15.0,0.72,12.5,0.71,135.5,0.74,6.92,0.75,103.5,0.01,0.02,2324.874295,1776244517000
1776248549.16,149.16,0.25,92.22,0.24,93.34,0.27,142.7,0.28,75.5,0.73,11.2,0.72,15.0,0.74,82.42,0.75,88.5,0.02,0.01,2324.874295,1776244517000
1776248549.967,149.967,0.25,97.22,0.24,93.34,0.26,88.65,0.27,122.7,0.73,142.7,0.72,75.5,0.75,92.22,0.76,93.34,0.01,0.02,2324.874295,1776244517000
1776248550.41,150.41,0.23,70.0,0.22,50.0,0.25,269.5,0.26,152.5,0.74,88.65,0.73,122.7,0.75,97.22,0.76,93.34,0.02,0.01,2324.874295,1776244517000
1776248551.039,151.039,0.23,71.88,0.22,5.0,0.24,249.5,0.25,117.5,0.76,127.0,0.75,122.5,0.77,66.9,0.79,140.48,0.01,0.01,2324.874295,1776244517000
1776248551.73,151.73,0.23,76.85,0.22,5.0,0.24,250.33,0.25,117.5,0.76,245.33,0.75,117.5,0.77,71.88,0.78,5.0,0.01,0.01,2324.874295,1776244517000
1776248552.01,152.01,0.23,66.85,0.22,5.0,0.24,232.33,0.25,117.5,0.76,237.33,0.75,117.5,0.77,71.85,0.78,5.0,0.01,0.01,2324.874295,1776244517000
1776248553.428,153.428,0.28,80.0,0.27,150.5,0.29,59.01,0.3,60.5,0.76,232.33,0.75,117.5,0.77,66.85,0.78,5.0,0.01,0.01,2324.874295,1776244517000
1776248553.804,153.804,0.28,52.22,0.27,168.5,0.29,43.24,0.3,75.5,0.71,26.91,0.7,75.5,0.72,85.0,0.73,155.5,0.01,0.01,2324.874295,1776244517000
1776248555.351,155.351,0.28,3.61,0.27,158.5,0.29,48.34,0.3,136.5,0.71,53.22,0.7,75.5,0.73,168.5,0.74,62.1,0.01,0.02,2324.874295,1776244517000
1776248556.383,156.383,0.27,141.63,0.26,73.5,0.28,37.5,0.29,137.46,0.71,48.34,0.7,136.5,0.72,3.61,0.73,158.5,0.01,0.01,2324.874295,1776244517000
1776248557.275,157.275,0.27,136.63,0.26,73.5,0.28,66.69,0.29,77.01,0.72,37.5,0.71,137.46,0.73,141.63,0.74,73.5,0.01,0.01,2324.874295,1776244517000
1776248559.067,159.067,0.23,57.79,0.22,70.0,0.24,159.5,0.25,147.5,0.72,66.69,0.71,77.01,0.73,135.26,0.74,73.5,0.01,0.01,2324.874295,1776244517000
1776248559.565,159.565,0.22,68.89,0.21,60.98,0.23,88.5,0.24,192.5,0.76,164.5,0.75,147.5,0.78,63.92,0.79,80.98,0.01,0.02,2324.874295,1776244517000
1776248560.551,160.551,0.22,68.89,0.21,60.98,0.23,149.01,0.24,184.5,0.77,84.15,0.76,192.5,0.78,68.89,0.79,60.98,0.01,0.01,2324.874295,1776244517000
1776248560.964,160.964,0.23,9.0,0.22,184.35,0.24,5.0,0.25,15.0,0.77,122.71,0.76,104.5,0.78,129.35,0.79,60.98,0.01,0.01,2324.874295,1776244517000
1776248561.662,161.662,0.24,114.5,0.23,119.5,0.25,14.97,0.26,59.72,0.76,0.15,0.75,15.0,0.77,79.5,0.78,179.35,0.01,0.01,2324.874295,1776244517000
1776248563.667,163.667,0.24,99.5,0.23,94.5,0.25,85.97,0.26,105.39,0.75,14.97,0.74,59.72,0.76,114.5,0.77,119.5,0.01,0.01,2324.874295,1776244517000
1776248564.885,164.885,0.24,114.5,0.23,109.5,0.25,34.3,0.26,20.0,0.75,85.97,0.74,105.39,0.76,99.5,0.77,94.5,0.01,0.01,2324.874295,1776244517000
1776248565.777,165.777,0.24,108.18,0.23,109.5,0.25,39.3,0.26,20.0,0.75,34.3,0.74,20.0,0.76,114.5,0.77,109.5,0.01,0.01,2324.874295,1776244517000
1776248566.279,166.279,0.24,110.54,0.23,109.5,0.25,35.3,0.26,20.0,0.75,35.3,0.74,20.0,0.76,118.18,0.77,109.5,0.01,0.01,2324.874295,1776244517000
1776248566.924,166.924,0.24,95.54,0.23,109.5,0.25,23.3,0.26,20.0,0.75,22.3,0.74,20.0,0.76,95.54,0.77,109.5,0.01,0.01,2324.874295,1776244517000
1776248567.703,167.703,0.24,96.1,0.23,109.5,0.25,28.3,0.26,20.0,0.75,23.3,0.74,20.0,0.76,95.54,0.77,109.5,0.01,0.01,2324.874295,1776244517000
1776248568.241,168.241,0.24,90.77,0.23,109.5,0.25,13.3,0.27,13.0,0.75,38.3,0.74,20.0,0.76,87.54,0.77,109.5,0.01,0.01,2324.874295,1776244517000
1776248568.605,168.605,0.24,105.77,0.23,109.5,0.26,5.0,0.27,38.5,0.75,13.3,0.73,13.0,0.76,90.77,0.77,109.5,0.02,0.01,2324.874295,1776244517000
1776248569.656,169.656,0.25,105.79,0.24,180.77,0.26,41.84,0.27,33.5,0.74,5.0,0.73,38.5,0.75,12.76,0.76,185.77,0.01,0.01,2324.874295,1776244517000
1776248570.778,170.778,0.24,211.59,0.23,94.5,0.25,75.02,0.26,40.5,0.74,41.84,0.73,33.5,0.75,105.79,0.76,180.77,0.01,0.01,2324.874295,1776244517000
1776248571.389,171.389,0.24,224.08,0.23,99.5,0.25,74.52,0.26,30.0,0.75,85.02,0.74,90.5,0.76,210.27,0.77,94.5,0.01,0.01,2324.874295,1776244517000
1776248571.732,171.732,0.24,237.76,0.23,109.5,0.25,64.52,0.26,20.0,0.75,74.52,0.74,30.0,0.76,224.08,0.77,99.5,0.01,0.01,2324.874295,1776244517000
1776248572.473,172.473,0.24,231.44,0.23,109.5,0.25,41.52,0.26,20.0,0.75,46.52,0.74,20.0,0.76,237.76,0.77,109.5,0.01,0.01,2324.874295,1776244517000
1776248573.24,173.24,0.24,235.12,0.23,109.5,0.25,46.52,0.26,30.5,0.75,41.52,0.74,20.0,0.76,231.44,0.77,109.5,0.01,0.01,2324.874295,1776244517000
1776248573.68,173.68,0.24,182.81,0.23,99.5,0.25,46.52,0.26,30.5,0.75,51.52,0.74,30.5,0.76,214.13,0.77,109.5,0.01,0.01,2324.874295,1776244517000
1776248574.283,174.283,0.24,208.94,0.23,99.5,0.25,41.52,0.26,80.5,0.75,46.52,0.74,30.5,0.76,182.81,0.77,99.5,0.01,0.01,2324.874295,1776244517000
1776248574.527,174.527,0.24,205.95,0.23,99.5,0.25,37.52,0.26,80.5,0.75,41.52,0.74,80.5,0.76,200.95,0.77,99.5,0.01,0.01,2324.874295,1776244517000
1776248575.135,175.135,0.24,194.26,0.23,99.5,0.25,93.47,0.26,80.5,0.75,37.52,0.74,80.5,0.76,205.95,0.77,99.5,0.01,0.01,2324.874295,1776244517000
1776248575.55,175.55,0.24,156.83,0.23,109.5,0.25,68.47,0.27,5.0,0.75,93.47,0.74,80.5,0.76,194.26,0.77,99.5,0.01,0.01,2324.874295,1776244517000
1776248575.767,175.767,0.24,226.63,0.23,109.5,0.29,28.8,0.3,70.0,0.75,1.0,0.73,5.0,0.76,231.63,0.77,109.5,0.05,0.01,2324.874295,1776244517000
1776248576.139,176.139,0.28,0.97,0.27,25.5,0.29,6.42,0.3,75.0,0.71,31.92,0.7,70.0,0.72,4.86,0.73,25.5,0.01,0.01,2324.874295,1776244517000
1776248576.499,176.499,0.28,102.93,0.27,93.5,0.29,2.93,0.3,15.0,0.71,11.42,0.7,99.5,0.72,6.43,0.73,25.5,0.01,0.01,2324.874295,1776244517000
1776248576.717,176.717,0.29,1.5,0.28,112.93,0.31,115.75,0.32,133.5,0.69,105.25,0.68,75.5,0.72,107.93,0.73,93.5,0.02,0.03,2324.874295,1776244517000
1776248576.943,176.943,0.29,3.09,0.28,76.93,0.3,27.0,0.31,110.48,0.69,105.48,0.68,139.5,0.71,10.0,0.72,76.93,0.01,0.02,2324.874295,1776244517000
1776248577.228,177.228,0.29,58.09,0.28,70.5,0.3,36.7,0.31,160.48,0.7,27.0,0.69,110.48,0.71,3.09,0.72,76.93,0.01,0.01,2324.874295,1776244517000
1776248577.541,177.541,0.29,58.09,0.28,70.5,0.3,29.7,0.31,110.48,0.7,36.7,0.69,160.48,0.71,58.09,0.72,70.5,0.01,0.01,2324.874295,1776244517000
1776248577.751,177.751,0.29,20.09,0.28,70.5,0.3,36.7,0.31,115.48,0.7,29.7,0.69,115.48,0.71,23.22,0.72,70.5,0.01,0.01,2324.874295,1776244517000
1776248578.744,178.744,0.29,39.54,0.28,70.5,0.3,115.02,0.31,80.5,0.7,36.66,0.69,110.48,0.71,20.48,0.72,70.5,0.01,0.01,2324.874295,1776244517000
1776248578.952,178.952,0.29,14.33,0.28,60.0,0.3,132.52,0.31,80.5,0.7,115.02,0.69,80.5,0.71,39.54,0.72,70.5,0.01,0.01,2324.874295,1776244517000
1776248579.617,179.617,0.26,77.41,0.25,158.5,0.28,32.0,0.29,91.3,0.71,87.5,0.7,174.72,0.73,54.31,0.74,88.5,0.02,0.02,2324.874295,1776244517000
1776248580.0,180.0,0.26,75.2,0.25,158.5,0.27,20.0,0.28,126.64,0.72,32.0,0.71,91.3,0.74,77.41,0.75,158.5,0.01,0.02,2324.874295,1776244517000
1776248580.801,180.801,0.26,115.2,0.25,158.5,0.28,99.64,0.29,10.0,0.73,20.0,0.72,126.64,0.74,75.2,0.75,158.5,0.02,0.01,2324.874295,1776244517000
1776248581.272,181.272,0.27,5.86,0.26,125.2,0.29,10.0,0.3,9.0,0.72,41.64,0.71,10.0,0.73,10.0,0.74,115.2,0.02,0.01,2324.874295,1776244517000
1776248581.884,181.884,0.33,59.0,0.27,26.36,0.34,52.0,0.36,156.0,0.71,10.0,0.7,9.0,0.73,5.86,0.74,125.2,0.01,0.02,2324.874295,1776244517000
1776248582.172,182.172,0.33,48.4,0.27,31.36,0.34,51.86,0.36,56.0,0.66,51.86,0.64,56.0,0.67,59.0,0.73,26.36,0.01,0.01,2324.874295,1776244517000
1776248582.517,182.517,0.33,48.4,0.28,9.39,0.34,30.09,0.36,56.0,0.66,41.86,0.64,56.0,0.67,48.4,0.73,31.36,0.01,0.01,2324.874295,1776244517000
1776248582.819,182.819,0.33,69.45,0.28,6.73,0.36,56.0,0.37,5.0,0.64,56.0,0.63,5.0,0.67,68.29,0.72,6.73,0.03,0.03,2324.874295,1776244517000
1776248583.026,183.026,0.33,74.45,0.31,16.12,0.36,55.9,0.37,5.0,0.64,56.0,0.63,5.0,0.67,69.45,0.72,6.73,0.03,0.03,2324.874295,1776244517000
1776248583.33,183.33,0.35,5.0,0.33,74.45,0.36,55.9,0.37,5.0,0.64,55.9,0.63,5.0,0.67,74.45,0.69,16.12,0.01,0.03,2324.874295,1776244517000
1776248583.607,183.607,0.35,28.1,0.34,31.5,0.36,65.9,0.37,5.0,0.64,55.9,0.63,5.0,0.65,2.0,0.67,84.95,0.01,0.01,2324.874295,1776244517000
1776248583.827,183.827,0.35,38.1,0.34,36.5,0.36,40.27,0.37,5.0,0.64,45.05,0.63,5.0,0.65,38.1,0.66,36.5,0.01,0.01,2324.874295,1776244517000
1776248584.087,184.087,0.35,38.1,0.34,36.5,0.36,30.27,0.37,5.0,0.64,40.27,0.63,5.0,0.65,38.1,0.66,36.5,0.01,0.01,2324.874295,1776244517000
1776248584.933,184.933,0.35,71.94,0.34,36.5,0.36,30.27,0.37,5.0,0.64,30.27,0.63,5.0,0.65,38.1,0.66,36.5,0.01,0.01,2324.874295,1776244517000
1776248585.226,185.226,0.35,76.94,0.34,31.5,0.37,5.0,0.41,50.0,0.64,30.27,0.63,5.0,0.65,71.94,0.66,36.5,0.02,0.01,2324.874295,1776244517000
1776248585.965,185.965,0.36,80.5,0.35,25.5,0.37,2.29,0.41,50.0,0.63,5.0,0.59,50.0,0.65,76.94,0.66,31.5,0.01,0.02,2324.874295,1776244517000
1776248586.585,186.585,0.36,80.78,0.35,25.5,0.37,2.29,0.41,50.0,0.63,2.29,0.59,50.0,0.64,80.5,0.65,25.5,0.01,0.01,2324.874295,1776244517000
1776248586.82,186.82,0.36,85.78,0.35,25.5,0.43,55.0,0.44,50.0,0.63,2.29,0.59,50.0,0.64,80.78,0.65,25.5,0.07,0.01,2324.874295,1776244517000
1776248587.333,187.333,0.41,10.0,0.39,10.0,0.43,52.67,0.44,50.0,0.57,55.0,0.56,50.0,0.64,85.78,0.65,25.5,0.02,0.07,2324.874295,1776244517000
1776248587.779,187.779,0.41,0.67,0.39,15.0,0.43,57.67,0.44,60.0,0.57,52.67,0.56,50.0,0.59,10.0,0.61,15.0,0.02,0.02,2324.874295,1776244517000
1776248588.565,188.565,0.42,17.0,0.41,0.67,0.43,52.67,0.44,50.0,0.57,57.67,0.56,60.0,0.59,0.67,0.61,15.0,0.01,0.02,2324.874295,1776244517000
1776248589.427,189.427,0.42,16.26,0.41,10.67,0.43,62.67,0.44,60.0,0.57,52.67,0.56,50.0,0.58,17.0,0.59,0.67,0.01,0.01,2324.874295,1776244517000
1776248589.828,189.828,0.42,11.26,0.41,0.67,0.43,62.67,0.44,60.0,0.57,62.67,0.56,60.0,0.58,16.26,0.59,10.67,0.01,0.01,2324.874295,1776244517000
1776248590.405,190.405,0.34,11.0,0.33,78.29,0.41,38.74,0.43,177.67,0.57,62.67,0.56,60.0,0.58,11.26,0.59,0.67,0.07,0.01,2324.874295,1776244517000
1776248590.927,190.927,0.34,15.0,0.33,78.29,0.38,10.0,0.39,10.0,0.59,38.74,0.57,177.67,0.66,11.0,0.67,78.29,0.04,0.07,2324.874295,1776244517000
1776248591.189,191.189,0.34,15.0,0.33,103.29,0.35,2.11,0.36,10.0,0.62,10.0,0.61,10.0,0.66,15.0,0.67,78.29,0.01,0.04,2324.874295,1776244517000
1776248591.71,191.71,0.34,13.48,0.33,73.29,0.35,2.11,0.36,10.0,0.65,2.11,0.64,10.0,0.66,15.0,0.67,103.29,0.01,0.01,2324.874295,1776244517000
1776248592.769,192.769,0.33,78.29,0.32,31.5,0.34,7.05,0.35,20.5,0.62,10.0,0.61,10.0,0.66,60.0,0.67,118.29,0.01,0.04,2324.874295,1776244517000
1776248594.124,194.124,0.32,4.9,0.31,20.0,0.34,42.55,0.35,20.5,0.66,7.05,0.65,20.5,0.67,78.29,0.68,31.5,0.02,0.01,2324.874295,1776244517000
1776248594.435,194.435,0.33,15.0,0.32,90.5,0.34,4.02,0.37,10.5,0.66,92.01,0.63,21.5,0.67,10.0,0.68,5.0,0.01,0.01,2324.874295,1776244517000
1776248596.114,196.114,0.33,12.4,0.32,85.5,0.36,50.36,0.37,6.0,0.66,4.02,0.63,10.5,0.67,15.0,0.68,90.5,0.03,0.01,2324.874295,1776244517000
1776248597.265,197.265,0.33,13.35,0.32,105.5,0.37,37.1,0.39,21.5,0.64,50.36,0.63,6.0,0.67,12.4,0.68,85.5,0.04,0.03,2324.874295,1776244517000
1776248599.37,199.37,0.36,16.25,0.35,15.0,0.37,10.0,0.38,10.0,0.63,37.1,0.61,21.5,0.67,13.35,0.68,100.5,0.01,0.04,2324.874295,1776244517000
1776248600.258,200.258,0.36,26.25,0.35,30.5,0.39,10.5,0.4,10.5,0.63,10.0,0.62,10.0,0.64,16.25,0.65,15.0,0.03,0.01,2324.874295,1776244517000
1776248601.725,201.725,0.38,41.32,0.37,31.0,0.39,70.5,0.4,60.5,0.61,10.5,0.6,10.5,0.64,26.25,0.65,30.5,0.01,0.03,2324.874295,1776244517000
1776248602.034,202.034,0.38,33.25,0.37,31.0,0.39,70.5,0.4,60.5,0.61,70.5,0.6,60.5,0.62,41.32,0.63,31.0,0.01,0.01,2324.874295,1776244517000
1776248602.356,202.356,0.38,33.25,0.37,31.0,0.39,65.5,0.4,60.5,0.61,70.5,0.6,60.5,0.62,33.25,0.63,31.0,0.01,0.01,2324.874295,1776244517000
1776248602.932,202.932,0.38,23.25,0.37,31.0,0.39,62.93,0.4,70.5,0.61,65.5,0.6,60.5,0.62,33.25,0.63,31.0,0.01,0.01,2324.874295,1776244517000
1776248603.758,203.758,0.38,14.85,0.37,31.0,0.39,72.93,0.4,76.5,0.61,62.93,0.6,70.5,0.62,17.92,0.63,31.0,0.01,0.01,2324.874295,1776244517000
1776248604.057,204.057,0.38,9.85,0.37,31.0,0.39,70.36,0.4,76.5,0.61,72.93,0.6,76.5,0.62,14.85,0.63,31.0,0.01,0.01,2324.874295,1776244517000
1776248604.941,204.941,0.38,22.59,0.37,31.0,0.39,10.0,0.41,56.0,0.61,70.36,0.6,76.5,0.62,9.85,0.63,31.0,0.01,0.01,2324.874295,1776244517000
1776248606.044,206.044,0.38,27.59,0.37,41.5,0.41,66.5,0.42,50.0,0.61,10.0,0.59,56.0,0.62,22.59,0.63,31.0,0.03,0.01,2324.874295,1776244517000
1776248606.637,206.637,0.39,25.68,0.38,93.09,0.43,64.17,0.44,50.0,0.59,66.5,0.58,50.0,0.62,27.59,0.63,41.5,0.04,0.03,2324.874295,1776244517000
1776248607.145,207.145,0.44,50.0,0.43,45.5,0.45,18.01,0.46,45.5,0.56,43.85,0.55,69.15,0.58,40.0,0.59,15.0,0.01,0.02,2324.874295,1776244517000
1776248607.421,207.421,0.45,25.0,0.44,35.0,0.46,0.73,0.47,65.5,0.53,65.5,0.52,50.0,0.55,20.0,0.56,35.0,0.01,0.02,2324.874295,1776244517000
1776248607.672,207.672,0.45,9.27,0.44,35.0,0.46,0.73,0.47,65.5,0.54,0.73,0.53,65.5,0.55,25.0,0.56,35.0,0.01,0.01,2324.874295,1776244517000
1776248608.455,208.455,0.45,16.72,0.44,45.5,0.46,11.23,0.47,65.5,0.54,0.73,0.53,65.5,0.55,9.27,0.56,35.0,0.01,0.01,2324.874295,1776244517000
1776248608.846,208.846,0.45,11.72,0.44,45.5,0.46,6.92,0.47,65.5,0.54,11.23,0.53,65.5,0.55,16.72,0.56,45.5,0.01,0.01,2324.874295,1776244517000
1776248611.335,211.335,0.38,70.0,0.37,20.0,0.47,74.5,0.48,10.0,0.54,2.57,0.53,65.5,0.55,16.72,0.56,45.5,0.09,0.01,2324.874295,1776244517000
1776248613.085,213.085,0.42,5.0,0.38,69.9,0.45,15.02,0.46,20.0,0.54,10.0,0.53,107.5,0.62,69.9,0.63,20.0,0.03,0.08,2324.874295,1776244517000
1776248613.517,213.517,0.42,8.99,0.41,15.0,0.43,10.0,0.44,10.0,0.55,15.02,0.54,20.0,0.58,5.0,0.62,69.9,0.01,0.03,2324.874295,1776244517000
1776248615.326,215.326,0.42,30.5,0.41,25.5,0.43,25.0,0.44,201.5,0.57,10.0,0.56,10.0,0.58,8.99,0.59,15.0,0.01,0.01,2324.874295,1776244517000
1776248615.963,215.963,0.42,2.76,0.41,25.5,0.43,25.0,0.44,191.5,0.57,25.0,0.56,201.5,0.58,30.5,0.59,25.5,0.01,0.01,2324.874295,1776244517000
1776248618.985,218.985,0.46,1.67,0.39,20.0,0.47,69.5,0.49,75.61,0.57,25.0,0.56,191.5,0.58,2.76,0.59,25.5,0.01,0.01,2324.874295,1776244517000
1776248619.503,219.503,0.43,1.38,0.39,7.31,0.47,86.5,0.49,69.61,0.53,69.5,0.51,69.61,0.61,7.31,0.62,27.3,0.04,0.08,2324.874295,1776244517000
1776248619.827,219.827,0.38,25.3,0.37,20.4,0.4,11.35,0.41,10.0,0.57,104.64,0.56,93.9,0.62,25.3,0.63,20.4,0.02,0.05,2324.874295,1776244517000
1776248620.193,220.193,0.38,25.3,0.37,20.4,0.4,11.35,0.41,10.0,0.6,11.35,0.59,10.0,0.62,25.3,0.63,20.4,0.02,0.02,2324.874295,1776244517000
1776248620.504,220.504,0.38,10.0,0.37,20.4,0.39,2.0,0.4,11.35,0.6,11.35,0.59,10.0,0.62,25.3,0.63,20.4,0.01,0.02,2324.874295,1776244517000
1776248620.87,220.87,0.38,10.0,0.37,20.4,0.4,3.35,0.41,84.73,0.61,2.0,0.6,11.35,0.62,9.66,0.63,20.4,0.02,0.01,2324.874295,1776244517000
1776248621.142,221.142,0.37,30.9,0.36,65.6,0.39,10.0,0.4,10.0,0.59,83.08,0.58,18.0,0.62,15.0,0.63,20.4,0.02,0.03,2324.874295,1776244517000
1776248621.866,221.866,0.37,12.7,0.36,90.6,0.38,35.0,0.39,15.0,0.61,10.0,0.6,10.0,0.63,30.9,0.64,65.6,0.01,0.02,2324.874295,1776244517000
1776248622.953,222.953,0.35,13.81,0.34,26.5,0.36,10.5,0.37,25.5,0.62,35.0,0.61,15.0,0.63,12.7,0.64,90.6,0.01,0.01,2324.874295,1776244517000
1776248625.004,225.004,0.33,10.5,0.31,125.0,0.36,50.0,0.37,47.5,0.64,40.5,0.63,39.5,0.65,3.81,0.66,26.5,0.03,0.01,2324.874295,1776244517000
1776248626.216,226.216,0.33,7.96,0.32,5.0,0.34,40.0,0.35,10.0,0.64,50.0,0.63,47.5,0.67,10.5,0.69,125.0,0.01,0.03,2324.874295,1776244517000
1776248628.175,228.175,0.27,32.67,0.26,105.0,0.28,10.0,0.29,27.0,0.66,40.0,0.65,10.0,0.67,7.96,0.68,5.0,0.01,0.01,2324.874295,1776244517000
1776248628.555,228.555,0.27,10.0,0.26,5.0,0.28,20.0,0.29,38.0,0.72,10.0,0.71,27.0,0.73,32.67,0.74,105.0,0.01,0.01,2324.874295,1776244517000
1776248628.762,228.762,0.25,14.08,0.24,47.33,0.27,60.35,0.28,45.0,0.73,50.35,0.72,45.0,0.74,4.48,0.75,19.2,0.02,0.01,2324.874295,1776244517000
1776248629.03,229.03,0.24,33.01,0.22,21.0,0.25,15.0,0.26,21.0,0.75,15.0,0.74,21.0,0.76,38.01,0.78,21.0,0.01,0.01,2324.874295,1776244517000
1776248629.232,229.232,0.25,9.0,0.24,1.69,0.26,16.0,0.27,50.85,0.74,21.0,0.73,50.85,0.75,9.0,0.76,1.69,0.01,0.01,2324.874295,1776244517000
1776248629.547,229.547,0.2,5.0,0.19,50.0,0.25,67.5,0.26,31.5,0.74,21.0,0.73,32.83,0.76,1.69,0.8,55.0,0.05,0.02,2324.874295,1776244517000
1776248629.895,229.895,0.2,7.92,0.19,50.0,0.21,12.85,0.22,25.0,0.79,2.85,0.77,10.0,0.8,5.0,0.81,50.0,0.01,0.01,2324.874295,1776244517000
1776248630.185,230.185,0.19,44.44,0.18,50.0,0.2,10.0,0.21,12.85,0.79,12.85,0.78,25.0,0.81,46.87,0.82,50.0,0.01,0.02,2324.874295,1776244517000
1776248630.471,230.471,0.17,70.0,0.16,79.3,0.18,11.11,0.19,20.0,0.8,20.0,0.79,12.85,0.82,48.78,0.83,120.0,0.01,0.02,2324.874295,1776244517000
1776248630.77,230.77,0.17,62.42,0.16,72.3,0.18,11.11,0.19,15.0,0.82,11.11,0.81,20.0,0.83,70.0,0.84,79.3,0.01,0.01,2324.874295,1776244517000
1776248631.257,231.257,0.17,50.04,0.16,72.3,0.18,6.11,0.19,20.0,0.82,16.11,0.81,15.0,0.83,46.07,0.84,72.3,0.01,0.01,2324.874295,1776244517000
1776248631.524,231.524,0.17,50.04,0.16,72.3,0.18,0.55,0.19,20.0,0.82,6.11,0.81,20.0,0.83,50.04,0.84,72.3,0.01,0.01,2324.874295,1776244517000
1776248631.871,231.871,0.17,37.77,0.16,72.3,0.18,0.55,0.19,20.0,0.82,0.55,0.81,20.0,0.83,49.82,0.84,72.3,0.01,0.01,2324.874295,1776244517000
1776248632.692,232.692,0.17,37.58,0.16,72.3,0.18,4.99,0.19,20.0,0.82,10.55,0.81,20.0,0.83,37.58,0.84,72.3,0.01,0.01,2324.874295,1776244517000
1776248633.148,233.148,0.16,72.3,0.15,50.0,0.19,9.0,0.2,10.0,0.82,120.91,0.81,20.0,0.84,72.3,0.85,50.0,0.03,0.02,2324.874295,1776244517000
1776248633.853,233.853,0.16,87.41,0.15,70.0,0.17,10.0,0.18,15.0,0.8,10.0,0.79,2.85,0.84,72.3,0.85,50.0,0.01,0.04,2324.874295,1776244517000
1776248634.191,234.191,0.17,19.0,0.16,87.41,0.18,15.0,0.19,15.0,0.83,10.0,0.82,15.0,0.84,87.41,0.85,70.0,0.01,0.01,2324.874295,1776244517000
1776248635.172,235.172,0.17,33.48,0.16,87.91,0.18,15.0,0.19,15.0,0.82,15.0,0.81,15.0,0.83,19.0,0.84,87.41,0.01,0.01,2324.874295,1776244517000
1776248635.492,235.492,0.17,26.55,0.16,87.91,0.18,15.0,0.19,15.0,0.82,15.0,0.81,15.0,0.83,33.48,0.84,87.91,0.01,0.01,2324.874295,1776244517000
1776248636.348,236.348,0.16,37.91,0.15,67.0,0.17,52.64,0.18,15.0,0.82,15.0,0.81,15.0,0.83,26.55,0.84,87.91,0.01,0.01,2324.874295,1776244517000
1776248636.682,236.682,0.16,92.91,0.15,67.0,0.17,4.11,0.18,15.0,0.83,52.64,0.82,15.0,0.84,37.91,0.85,67.0,0.01,0.01,2324.874295,1776244517000
1776248637.548,237.548,0.17,55.5,0.16,97.91,0.18,10.0,0.19,17.0,0.8,10.0,0.79,9.85,0.84,97.91,0.85,67.0,0.01,0.04,2324.874295,1776244517000
1776248638.736,238.736,0.17,57.38,0.16,97.91,0.18,10.0,0.19,17.0,0.82,10.0,0.81,17.0,0.83,55.5,0.84,97.91,0.01,0.01,2324.874295,1776244517000
1776248639.674,239.674,0.2,16.0,0.17,61.17,0.22,2.5,0.24,9.97,0.82,10.0,0.81,17.0,0.83,61.17,0.84,97.91,0.02,0.01,2324.874295,1776244517000
1776248639.927,239.927,0.21,40.0,0.2,16.0,0.22,2.5,0.24,5.0,0.78,2.5,0.76,9.97,0.8,16.0,0.83,61.17,0.01,0.02,2324.874295,1776244517000
1776248640.561,240.561,0.21,19.23,0.2,26.46,0.23,15.0,0.24,15.0,0.78,2.5,0.76,12.02,0.79,40.0,0.8,16.0,0.02,0.01,2324.874295,1776244517000
1776248641.174,241.174,0.21,15.0,0.2,26.0,0.22,74.2,0.23,15.0,0.77,15.0,0.76,15.0,0.78,0.48,0.79,3.67,0.01,0.01,2324.874295,1776244517000
1776248642.187,242.187,0.21,12.46,0.2,16.0,0.22,84.2,0.23,15.0,0.78,84.2,0.77,15.0,0.79,15.0,0.8,26.0,0.01,0.01,2324.874295,1776244517000
1776248642.61,242.61,0.17,45.67,0.16,94.1,0.19,20.0,0.2,20.0,0.78,97.2,0.77,15.0,0.82,17.0,0.83,45.67,0.02,0.04,2324.874295,1776244517000
1776248642.831,242.831,0.17,55.67,0.16,81.1,0.18,5.0,0.19,20.0,0.81,20.0,0.8,20.0,0.83,45.67,0.84,94.1,0.01,0.02,2324.874295,1776244517000
1776248643.038,243.038,0.17,61.61,0.16,81.1,0.21,10.0,0.22,103.2,0.82,5.0,0.81,20.0,0.83,55.67,0.84,81.1,0.04,0.01,2324.874295,1776244517000
1776248643.962,243.962,0.17,5.0,0.16,81.1,0.18,37.0,0.19,19.97,0.79,10.0,0.78,103.2,0.83,61.61,0.84,81.1,0.01,0.04,2324.874295,1776244517000
1776248644.716,244.716,0.16,36.21,0.15,123.13,0.18,48.44,0.19,29.99,0.82,29.0,0.81,19.97,0.83,8.94,0.84,79.9,0.02,0.01,2324.874295,1776244517000
1776248645.586,245.586,0.16,25.25,0.15,63.13,0.17,125.97,0.18,87.41,0.82,48.44,0.81,29.99,0.84,36.21,0.85,123.13,0.01,0.02,2324.874295,1776244517000
1776248645.799,245.799,0.15,5.0,0.14,17.21,0.16,69.75,0.17,230.02,0.83,249.0,0.82,87.41,0.85,63.13,0.86,10.0,0.01,0.02,2324.874295,1776244517000
1776248646.066,246.066,0.14,15.11,0.13,10.0,0.16,88.75,0.17,230.02,0.84,88.75,0.83,230.02,0.86,17.21,0.87,10.0,0.02,0.02,2324.874295,1776244517000
1776248647.628,247.628,0.14,1.27,0.13,10.0,0.15,187.9,0.16,83.75,0.84,88.75,0.83,230.02,0.86,15.11,0.87,10.0,0.01,0.02,2324.874295,1776244517000
1776248648.2,248.2,0.2,20.05,0.19,15.31,0.21,5.87,0.23,17.0,0.85,187.9,0.84,83.75,0.86,1.27,0.87,10.0,0.01,0.01,2324.874295,1776244517000
1776248649.551,249.551,0.24,10.0,0.23,10.0,0.25,88.6,0.26,10.0,0.77,11.27,0.76,10.0,0.8,20.05,0.81,15.31,0.01,0.03,2324.874295,1776244517000
1776248649.975,249.975,0.24,17.82,0.23,10.0,0.25,90.6,0.26,17.47,0.75,88.6,0.74,10.0,0.76,10.0,0.77,10.0,0.01,0.01,2324.874295,1776244517000
1776248650.191,250.191,0.24,0.18,0.23,10.0,0.25,83.44,0.26,17.47,0.75,78.44,0.74,17.47,0.76,12.82,0.77,10.0,0.01,0.01,2324.874295,1776244517000
1776248650.901,250.901,0.17,5.0,0.15,10.0,0.2,20.52,0.21,33.0,0.75,83.44,0.74,17.47,0.76,0.18,0.77,10.0,0.03,0.01,2324.874295,1776244517000
1776248651.52,251.52,0.16,4.81,0.15,10.0,0.18,70.49,0.19,70.0,0.82,10.0,0.81,10.0,0.84,4.95,0.85,10.0,0.02,0.02,2324.874295,1776244517000
1776248651.895,251.895,0.16,9.69,0.15,10.0,0.18,60.0,0.19,60.0,0.82,70.49,0.81,70.0,0.84,4.81,0.85,10.0,0.02,0.02,2324.874295,1776244517000
1776248652.872,252.872,0.15,10.0,0.14,10.0,0.16,172.14,0.17,38.47,0.82,60.0,0.81,60.0,0.84,9.69,0.85,10.0,0.01,0.02,2324.874295,1776244517000
1776248654.13,254.13,0.11,8.28,0.1,10.0,0.13,10.0,0.14,20.0,0.85,10.0,0.84,169.14,0.87,9.85,0.88,65.0,0.02,0.02,2324.874295,1776244517000
1776248654.419,254.419,0.11,2.46,0.1,10.0,0.12,15.0,0.13,72.0,0.87,10.0,0.86,20.0,0.89,8.28,0.9,10.0,0.01,0.02,2324.874295,1776244517000
1776248654.849,254.849,0.1,3.12,0.09,10.0,0.11,223.77,0.12,90.0,0.88,87.0,0.87,70.0,0.9,3.33,0.91,10.0,0.01,0.02,2324.874295,1776244517000
1776248655.428,255.428,0.1,8.88,0.09,8.08,0.11,218.77,0.12,90.0,0.89,218.77,0.88,90.0,0.91,8.08,0.92,15.0,0.01,0.02,2324.874295,1776244517000
1776248655.866,255.866,0.1,6.61,0.09,8.08,0.11,81.0,0.12,90.0,0.89,218.77,0.88,90.0,0.9,6.79,0.91,8.08,0.01,0.01,2324.874295,1776244517000
1776248656.367,256.367,0.09,11.91,0.08,15.0,0.11,30.0,0.12,77.0,0.89,30.0,0.88,77.0,0.91,5.69,0.92,15.0,0.02,0.02,2324.874295,1776244517000
1776248657.302,257.302,0.1,18.23,0.09,11.91,0.11,15.0,0.12,23.0,0.89,30.0,0.88,77.0,0.91,11.91,0.92,15.0,0.01,0.02,2324.874295,1776244517000
1776248657.796,257.796,0.12,40.59,0.11,15.0,0.13,124.41,0.14,18.0,0.87,30.0,0.86,18.0,0.88,6.59,0.89,10.0,0.01,0.01,2324.874295,1776244517000
1776248658.312,258.312,0.12,35.59,0.11,65.0,0.13,105.25,0.14,15.0,0.87,102.41,0.86,18.0,0.88,35.59,0.89,15.0,0.01,0.01,2324.874295,1776244517000
1776248658.603,258.603,0.12,24.0,0.11,65.0,0.13,99.98,0.14,10.0,0.87,105.25,0.86,15.0,0.88,35.59,0.89,65.0,0.01,0.01,2324.874295,1776244517000
1776248659.143,259.143,0.1,5.23,0.09,16.91,0.11,15.0,0.12,15.0,0.87,99.98,0.86,15.0,0.88,14.86,0.89,10.0,0.01,0.01,2324.874295,1776244517000
1776248659.414,259.414,0.1,5.43,0.09,66.91,0.11,30.0,0.12,15.0,0.89,15.0,0.88,15.0,0.9,5.23,0.91,16.91,0.01,0.01,2324.874295,1776244517000
1776248659.824,259.824,0.09,57.95,0.08,65.0,0.11,91.55,0.12,15.0,0.89,30.0,0.88,15.0,0.9,5.43,0.91,66.91,0.02,0.01,2324.874295,1776244517000
1776248660.784,260.784,0.09,7.74,0.08,65.0,0.1,15.0,0.11,73.44,0.89,20.0,0.88,15.0,0.91,39.02,0.92,65.0,0.01,0.02,2324.874295,1776244517000
1776248661.119,261.119,0.09,0.87,0.08,60.0,0.1,30.0,0.11,25.0,0.9,20.0,0.89,83.44,0.91,2.82,0.92,65.0,0.01,0.01,2324.874295,1776244517000
1776248661.461,261.461,0.08,51.51,0.07,65.0,0.1,25.0,0.11,15.0,0.9,30.0,0.89,25.0,0.91,0.87,0.92,60.0,0.02,0.01,2324.874295,1776244517000
1776248662.035,262.035,0.08,56.51,0.07,60.0,0.1,24.57,0.11,15.0,0.9,25.0,0.89,15.0,0.92,51.51,0.93,65.0,0.02,0.02,2324.874295,1776244517000
1776248662.486,262.486,0.08,1.51,0.07,10.0,0.1,87.56,0.11,89.0,0.9,24.57,0.89,15.0,0.92,56.51,0.93,60.0,0.02,0.02,2324.874295,1776244517000
1776248662.858,262.858,0.07,10.0,0.06,44.0,0.08,32.49,0.1,102.56,0.9,87.56,0.89,89.0,0.92,1.51,0.93,10.0,0.01,0.02,2324.874295,1776244517000
1776248664.543,264.543,0.07,8.92,0.06,10.0,0.08,51.55,0.09,74.49,0.92,26.55,0.9,102.56,0.93,10.0,0.94,44.0,0.01,0.01,2324.874295,1776244517000
1776248664.816,264.816,0.07,3.92,0.06,10.0,0.08,51.55,0.09,74.49,0.92,51.55,0.91,74.49,0.93,8.92,0.94,10.0,0.01,0.01,2324.874295,1776244517000
1776248665.321,265.321,0.05,17.67,0.04,161.8,0.08,142.44,0.09,98.99,0.92,39.05,0.91,72.49,0.93,3.92,0.94,10.0,0.03,0.01,2324.874295,1776244517000
1776248665.536,265.536,0.04,61.98,0.03,224.7,0.06,39.0,0.07,55.0,0.94,50.0,0.93,50.0,0.96,159.47,0.97,224.7,0.02,0.02,2324.874295,1776244517000
1776248665.738,265.738,0.05,5.0,0.04,61.98,0.06,20.0,0.07,65.0,0.94,39.0,0.93,55.0,0.96,61.98,0.97,224.7,0.01,0.02,2324.874295,1776244517000
1776248666.047,266.047,0.05,4.62,0.04,61.98,0.06,25.0,0.07,65.0,0.94,20.0,0.93,65.0,0.95,5.0,0.96,61.98,0.01,0.01,2324.874295,1776244517000
1776248666.617,266.617,0.05,2.51,0.04,61.98,0.06,75.0,0.07,65.0,0.94,25.0,0.93,65.0,0.95,4.62,0.96,61.98,0.01,0.01,2324.874295,1776244517000
1776248666.896,266.896,0.04,58.79,0.03,219.7,0.06,89.0,0.07,65.0,0.94,84.0,0.93,65.0,0.95,2.18,0.96,61.98,0.02,0.01,2324.874295,1776244517000
1776248667.678,267.678,0.03,283.11,0.02,484.7,0.05,99.0,0.06,109.64,0.94,90.64,0.93,65.0,0.96,48.79,0.97,219.7,0.02,0.02,2324.874295,1776244517000
1776248667.899,267.899,0.03,61.11,0.02,683.7,0.04,99.0,0.05,94.0,0.95,99.0,0.94,109.64,0.97,283.11,0.98,484.7,0.01,0.02,2324.874295,1776244517000
1776248668.248,268.248,0.03,61.11,0.02,683.7,0.04,69.0,0.05,94.0,0.96,99.0,0.95,94.0,0.97,61.11,0.98,683.7,0.01,0.01,2324.874295,1776244517000
1776248668.453,268.453,0.03,49.83,0.02,683.7,0.04,74.0,0.05,189.29,0.96,69.0,0.95,94.0,0.97,54.99,0.98,683.7,0.01,0.01,2324.874295,1776244517000
1776248668.943,268.943,0.03,33.32,0.02,683.7,0.04,74.0,0.05,189.29,0.96,79.0,0.95,189.29,0.97,43.32,0.98,683.7,0.01,0.01,2324.874295,1776244517000
1776248669.274,269.274,0.03,32.28,0.02,683.7,0.04,79.0,0.05,201.29,0.96,74.0,0.95,189.29,0.97,33.32,0.98,683.7,0.01,0.01,2324.874295,1776244517000
1776248669.504,269.504,0.03,29.18,0.02,683.7,0.04,79.0,0.05,201.29,0.96,79.0,0.95,201.29,0.97,32.28,0.98,683.7,0.01,0.01,2324.874295,1776244517000
1776248670.235,270.235,0.03,23.12,0.02,450.0,0.04,84.0,0.05,190.29,0.96,79.0,0.95,201.29,0.97,29.18,0.98,683.7,0.01,0.01,2324.874295,1776244517000
1776248670.715,270.715,0.03,12.0,0.02,450.0,0.04,49.2,0.05,230.29,0.96,59.0,0.95,190.29,0.97,12.0,0.98,450.0,0.01,0.01,2324.874295,1776244517000
1776248671.139,271.139,0.03,7.0,0.02,450.0,0.04,155.19,0.05,194.29,0.96,49.2,0.95,230.29,0.97,12.0,0.98,450.0,0.01,0.01,2324.874295,1776244517000
1776248671.433,271.433,0.02,222.56,0.01,7208.6,0.04,155.19,0.05,204.29,0.96,160.19,0.95,204.29,0.98,431.67,0.99,6992.6,0.02,0.02,2324.874295,1776244517000
1776248671.958,271.958,0.02,130.36,0.01,7208.6,0.03,36.0,0.04,166.19,0.96,155.19,0.95,204.29,0.98,209.42,0.99,7208.6,0.01,0.02,2324.874295,1776244517000
1776248672.274,272.274,0.02,112.17,0.01,7208.6,0.03,15.32,0.04,166.19,0.97,31.0,0.96,166.19,0.98,112.17,0.99,7208.6,0.01,0.01,2324.874295,1776244517000
1776248674.236,274.236,0.01,7107.73,,,0.03,161.51,0.04,202.19,0.97,10.32,0.96,182.19,0.98,101.17,0.99,7208.6,0.02,0.01,2324.874295,1776244517000
1776248674.436,274.436,0.02,6.96,0.01,2107.73,0.03,166.51,0.04,202.19,0.97,166.51,0.96,202.19,0.98,6.96,0.99,2107.73,0.01,0.01,2324.874295,1776244517000
1776248674.905,274.905,0.02,1.85,0.01,2107.73,0.03,173.51,0.04,212.19,0.97,166.51,0.96,202.19,0.98,6.96,0.99,2107.73,0.01,0.01,2324.874295,1776244517000
1776248675.94,275.94,0.01,1744.13,,,0.03,230.67,0.04,141.49,0.97,173.51,0.96,212.19,0.98,1.85,0.99,2107.73,0.02,0.01,2324.874295,1776244517000
1776248676.281,276.281,0.02,10.0,0.01,1844.13,0.03,82.71,0.04,141.49,0.97,230.67,0.96,141.49,0.99,1744.13,,,0.01,0.02,2324.874295,1776244517000
1776248676.644,276.644,0.02,10.0,0.01,1846.13,0.03,159.62,0.04,121.0,0.97,82.71,0.96,141.49,0.98,10.0,0.99,1844.13,0.01,0.01,2324.874295,1776244517000
1776248676.966,276.966,0.02,1.56,0.01,1686.13,0.03,154.62,0.04,121.0,0.97,154.62,0.96,121.0,0.98,8.0,0.99,1691.13,0.01,0.01,2324.874295,1776244517000
1776248677.299,277.299,0.02,1.56,0.01,1686.13,0.03,172.83,0.04,121.0,0.97,154.62,0.96,121.0,0.98,1.56,0.99,1686.13,0.01,0.01,2324.874295,1776244517000
1776248677.622,277.622,0.02,0.53,0.01,1686.13,0.03,203.4,0.04,121.0,0.97,172.83,0.96,121.0,0.98,1.56,0.99,1686.13,0.01,0.01,2324.874295,1776244517000
1776248678.201,278.201,0.01,1669.66,,,0.03,203.4,0.04,121.0,0.97,208.4,0.96,121.0,0.99,1666.66,,,0.02,0.02,2324.874295,1776244517000
1776248678.988,278.988,0.01,1554.66,,,0.02,273.55,0.03,87.0,0.97,203.4,0.96,121.0,0.99,1669.66,,,0.01,0.02,2324.874295,1776244517000
1776248679.942,279.942,0.01,1507.63,,,0.02,201.48,0.03,72.0,0.98,302.55,0.97,87.0,0.99,1550.63,,,0.01,0.01,2324.874295,1776244517000
1776248680.198,280.198,0.01,1505.6,,,0.02,196.48,0.03,67.0,0.98,201.48,0.97,72.0,0.99,1507.63,,,0.01,0.01,2324.874295,1776244517000
1776248680.513,280.513,0.01,1500.6,,,0.02,211.67,0.03,52.0,0.98,196.48,0.97,67.0,0.99,1505.6,,,0.01,0.01,2324.874295,1776244517000
1776248680.714,280.714,0.01,1470.57,,,0.02,193.67,0.03,52.0,0.98,206.67,0.97,52.0,0.99,1483.57,,,0.01,0.01,2324.874295,1776244517000
1776248681.06,281.06,0.01,1466.52,,,0.02,193.67,0.03,52.0,0.98,193.67,0.97,52.0,0.99,1465.57,,,0.01,0.01,2324.874295,1776244517000
1776248681.595,281.595,0.01,1468.52,,,0.02,198.67,0.03,47.0,0.98,193.67,0.97,52.0,0.99,1466.52,,,0.01,0.01,2324.874295,1776244517000
1776248681.886,281.886,0.01,1432.08,,,0.02,196.03,0.03,47.0,0.98,191.03,0.97,47.0,0.99,1462.44,,,0.01,0.01,2324.874295,1776244517000
1776248682.091,282.091,0.01,1160.06,,,0.02,178.23,0.03,47.0,0.98,191.03,0.97,47.0,0.99,1160.06,,,0.01,0.01,2324.874295,1776244517000
1776248682.885,282.885,0.01,1157.04,,,0.02,272.99,0.03,36.0,0.98,160.23,0.97,47.0,0.99,1163.06,,,0.01,0.01,2324.874295,1776244517000
1776248683.426,283.426,0.01,1035.32,,,0.02,303.43,0.03,36.0,0.98,267.99,0.97,36.0,0.99,1091.32,,,0.01,0.01,2324.874295,1776244517000
1776248683.647,283.647,0.01,949.98,,,0.02,208.67,0.03,36.0,0.98,303.43,0.97,36.0,0.99,992.89,,,0.01,0.01,2324.874295,1776244517000
1776248683.932,283.932,0.01,938.77,,,0.02,208.67,0.03,36.0,0.98,208.67,0.97,36.0,0.99,949.98,,,0.01,0.01,2324.874295,1776244517000
1776248684.649,284.649,0.01,734.73,,,0.02,208.67,0.03,36.0,0.98,208.67,0.97,36.0,0.99,930.73,,,0.01,0.01,2324.874295,1776244517000
1776248684.93,284.93,0.01,727.73,,,0.02,213.67,0.03,36.0,0.98,208.67,0.97,36.0,0.99,734.73,,,0.01,0.01,2324.874295,1776244517000
1776248685.36,285.36,0.01,719.57,,,0.02,208.67,0.03,36.0,0.98,213.67,0.97,36.0,0.99,727.73,,,0.01,0.01,2324.874295,1776244517000
1776248685.576,285.576,0.01,689.57,,,0.02,208.67,0.03,36.0,0.98,208.67,0.97,36.0,0.99,699.57,,,0.01,0.01,2324.874295,1776244517000
1776248686.037,286.037,0.01,674.57,,,0.02,213.67,0.03,36.0,0.98,208.67,0.97,36.0,0.99,689.57,,,0.01,0.01,2324.874295,1776244517000
1776248686.913,286.913,0.01,129.33,,,0.02,223.67,0.03,36.0,0.98,213.67,0.97,36.0,0.99,674.57,,,0.01,0.01,2324.874295,1776244517000
1776248687.455,287.455,,,,,0.01,168.1,0.02,218.67,0.98,223.67,0.97,36.0,0.99,129.33,,,,0.01,2324.874295,1776244517000
1776248689.497,289.497,,,,,0.01,3614.23,0.02,218.67,0.99,168.1,0.98,218.67,,,,,,,2324.874295,1776244517000
1776248690.766,290.766,,,,,0.01,4749.04,0.02,218.67,0.99,3614.23,0.98,218.67,,,,,,,2324.874295,1776244517000
1776248691.305,291.305,,,,,0.01,4786.66,0.02,208.67,0.99,4788.01,0.98,218.67,,,,,,,2324.874295,1776244517000
1776248691.947,291.947,,,,,0.01,4777.09,0.02,208.67,0.99,4782.09,0.98,208.67,,,,,,,2324.874295,1776244517000
1776248692.804,292.804,,,,,0.01,4769.61,0.02,208.67,0.99,4767.41,0.98,208.67,,,,,,,2324.874295,1776244517000
1776248694.514,294.514,,,,,0.01,4807.75,0.02,208.67,0.99,4769.61,0.98,208.67,,,,,,,2324.874295,1776244517000
1776248695.072,295.072,,,,,0.01,5206.46,0.02,208.67,0.99,4807.75,0.98,208.67,,,,,,,2324.874295,1776244517000
1776248696.489,296.489,,,,,0.01,5475.32,0.02,208.67,0.99,5215.55,0.98,208.67,,,,,,,2324.874295,1776244517000
1776248700.675,300.675,,,,,0.01,62093.8,0.02,142.19,0.99,5475.32,0.98,208.67,,,,,,,2324.874295,1776244517000
