timestamp,elapsed_sec,up_bid_p1,up_bid_s1,up_bid_p2,up_bid_s2,up_ask_p1,up_ask_s1,up_ask_p2,up_ask_s2,down_bid_p1,down_bid_s1,down_bid_p2,down_bid_s2,down_ask_p1,down_ask_s1,down_ask_p2,down_ask_s2,up_spread,down_spread,eth_price,eth_oracle_ts
1776203411.4,11.4,0.55,20.0,0.54,68.59,0.56,45.09,0.57,5.0,0.44,40.09,0.43,5.0,0.45,20.0,0.46,68.59,0.01,0.01,2318.899825,1776201481000
1776203411.771,11.771,0.55,15.0,0.54,68.59,0.56,40.09,0.57,5.0,0.44,40.09,0.43,5.0,0.45,20.0,0.46,68.59,0.01,0.01,2318.899825,1776201481000
1776203412.472,12.472,0.55,20.0,0.54,126.59,0.56,4.37,0.57,5.0,0.44,40.09,0.43,5.0,0.45,15.0,0.46,68.59,0.01,0.01,2318.899825,1776201481000
1776203413.47,13.47,0.55,158.5,0.54,345.59,0.6,15.0,0.61,19.0,0.44,4.37,0.43,5.0,0.45,20.0,0.46,126.59,0.05,0.01,2318.899825,1776201481000
1776203413.957,13.957,0.61,25.0,0.6,123.0,0.62,20.0,0.63,29.5,0.39,27.35,0.38,47.0,0.41,10.0,0.42,10.0,0.01,0.02,2318.899825,1776201481000
1776203414.24,14.24,0.61,50.0,0.6,138.5,0.62,11.93,0.63,29.5,0.38,16.77,0.37,29.5,0.39,45.0,0.4,138.5,0.01,0.01,2318.899825,1776201481000
1776203414.776,14.776,0.61,70.5,0.6,138.5,0.62,8.73,0.63,5.0,0.38,11.93,0.37,29.5,0.39,50.0,0.4,138.5,0.01,0.01,2318.899825,1776201481000
1776203415.029,15.029,0.62,55.5,0.61,70.5,0.63,12.19,0.64,37.0,0.38,8.73,0.37,5.0,0.39,70.5,0.4,138.5,0.01,0.01,2318.899825,1776201481000
1776203415.348,15.348,0.64,75.5,0.63,245.5,0.65,60.0,0.66,31.0,0.36,21.06,0.35,89.0,0.38,50.5,0.39,70.5,0.01,0.02,2318.899825,1776201481000
1776203416.469,16.469,0.64,250.5,0.63,123.5,0.65,61.84,0.66,23.0,0.35,56.84,0.34,31.0,0.36,70.5,0.37,303.5,0.01,0.01,2318.899825,1776201481000
1776203417.422,17.422,0.64,245.5,0.63,123.5,0.65,37.64,0.66,91.0,0.35,47.64,0.34,23.0,0.36,255.5,0.37,123.5,0.01,0.01,2318.899825,1776201481000
1776203417.689,17.689,0.64,210.5,0.63,108.5,0.65,32.64,0.66,91.0,0.35,37.64,0.34,91.0,0.36,245.5,0.37,123.5,0.01,0.01,2318.899825,1776201481000
1776203418.292,18.292,0.65,70.5,0.64,268.5,0.68,88.0,0.69,5.0,0.35,32.64,0.34,91.0,0.36,210.5,0.37,108.5,0.03,0.01,2318.899825,1776201481000
1776203418.868,18.868,0.67,44.62,0.66,20.5,0.68,109.0,0.69,20.0,0.32,88.0,0.31,5.0,0.35,70.5,0.36,268.5,0.01,0.03,2318.899825,1776201481000
1776203419.311,19.311,0.67,49.62,0.66,25.5,0.68,99.0,0.69,20.0,0.32,104.0,0.31,20.0,0.33,44.62,0.34,20.5,0.01,0.01,2318.899825,1776201481000
1776203419.915,19.915,0.67,49.62,0.66,30.5,0.68,157.0,0.69,200.0,0.32,99.0,0.31,20.0,0.33,49.62,0.34,25.5,0.01,0.01,2318.899825,1776201481000
1776203420.424,20.424,0.67,40.5,0.66,30.5,0.68,141.85,0.69,210.0,0.32,146.85,0.31,200.0,0.33,49.62,0.34,30.5,0.01,0.01,2318.899825,1776201481000
1776203420.644,20.644,0.67,30.5,0.66,30.5,0.68,134.85,0.69,210.0,0.32,141.85,0.31,210.0,0.33,40.5,0.34,30.5,0.01,0.01,2318.899825,1776201481000
1776203420.948,20.948,0.67,30.5,0.66,30.5,0.68,118.85,0.69,210.0,0.32,134.85,0.31,210.0,0.33,30.5,0.34,30.5,0.01,0.01,2318.899825,1776201481000
1776203422.279,22.279,0.67,50.5,0.66,30.5,0.68,86.85,0.69,210.0,0.32,91.85,0.31,210.0,0.33,50.5,0.34,30.5,0.01,0.01,2318.899825,1776201481000
1776203422.63,22.63,0.67,45.04,0.66,30.5,0.68,91.85,0.69,210.0,0.32,86.85,0.31,210.0,0.33,50.5,0.34,30.5,0.01,0.01,2318.899825,1776201481000
1776203423.607,23.607,0.67,40.04,0.66,30.5,0.68,89.6,0.69,200.0,0.32,91.85,0.31,210.0,0.33,45.04,0.34,30.5,0.01,0.01,2318.899825,1776201481000
1776203423.863,23.863,0.67,45.04,0.66,30.5,0.68,82.0,0.69,200.0,0.32,87.2,0.31,200.0,0.33,45.04,0.34,30.5,0.01,0.01,2318.899825,1776201481000
1776203424.842,24.842,0.67,311.04,0.66,158.5,0.7,50.0,0.73,58.0,0.32,82.0,0.31,200.0,0.33,45.04,0.34,30.5,0.03,0.01,2318.899825,1776201481000
1776203425.105,25.105,0.69,105.24,0.68,38.5,0.7,39.05,0.74,23.0,0.3,45.14,0.26,14.0,0.33,311.04,0.34,158.5,0.01,0.03,2318.899825,1776201481000
1776203425.365,25.365,0.69,322.5,0.68,38.5,0.74,23.0,0.75,58.0,0.3,20.55,0.26,23.0,0.31,322.5,0.32,38.5,0.05,0.01,2318.899825,1776201481000
1776203425.638,25.638,0.72,10.0,0.71,40.0,0.74,12.29,0.75,58.0,0.26,12.29,0.25,58.0,0.27,10.0,0.28,10.0,0.02,0.01,2318.899825,1776201481000
1776203425.937,25.937,0.73,20.0,0.72,32.0,0.74,0.2,0.75,58.0,0.26,12.29,0.25,76.0,0.27,15.0,0.28,27.0,0.01,0.01,2318.899825,1776201481000
1776203426.48,26.48,0.74,15.0,0.73,28.64,0.75,76.53,0.76,250.0,0.25,66.53,0.24,70.0,0.27,18.14,0.28,32.0,0.01,0.02,2318.899825,1776201481000
1776203427.062,27.062,0.73,12.0,0.72,27.0,0.75,313.03,0.76,80.5,0.25,76.53,0.24,250.0,0.26,15.0,0.27,28.64,0.02,0.01,2318.899825,1776201481000
1776203427.709,27.709,0.68,16.0,0.67,10.0,0.71,8.08,0.72,28.0,0.25,313.03,0.24,80.5,0.27,12.0,0.28,27.0,0.03,0.02,2318.899825,1776201481000
1776203428.18,28.18,0.65,25.0,0.64,10.0,0.67,34.5,0.68,21.5,0.31,105.57,0.3,20.5,0.34,20.5,0.35,40.5,0.02,0.03,2318.899825,1776201481000
1776203428.57,28.57,0.66,25.0,0.65,15.0,0.67,53.3,0.68,21.5,0.33,34.5,0.32,21.5,0.35,25.0,0.36,10.0,0.01,0.02,2318.899825,1776201481000
1776203429.502,29.502,0.66,10.29,0.65,20.0,0.67,83.3,0.68,36.5,0.33,53.3,0.32,21.5,0.34,25.0,0.35,15.0,0.01,0.01,2318.899825,1776201481000
1776203430.376,30.376,0.66,7.05,0.65,20.0,0.67,56.3,0.68,48.5,0.33,83.3,0.32,41.5,0.34,10.0,0.35,20.0,0.01,0.01,2318.899825,1776201481000
1776203430.882,30.882,0.66,17.66,0.65,15.0,0.67,104.3,0.68,48.5,0.33,56.3,0.32,48.5,0.34,7.05,0.35,20.0,0.01,0.01,2318.899825,1776201481000
1776203432.067,32.067,0.66,17.66,0.65,20.0,0.67,94.3,0.68,33.5,0.33,104.3,0.32,48.5,0.34,17.66,0.35,15.0,0.01,0.01,2318.899825,1776201481000
1776203433.291,33.291,0.66,17.66,0.65,20.0,0.67,84.3,0.68,213.5,0.33,94.3,0.32,33.5,0.34,17.66,0.35,20.0,0.01,0.01,2318.899825,1776201481000
1776203434.88,34.88,0.66,17.66,0.65,20.0,0.67,74.3,0.68,213.5,0.33,84.3,0.32,213.5,0.34,17.66,0.35,20.0,0.01,0.01,2318.899825,1776201481000
1776203435.673,35.673,0.66,22.66,0.65,15.0,0.67,72.8,0.68,218.5,0.33,74.3,0.32,213.5,0.34,17.66,0.35,20.0,0.01,0.01,2318.899825,1776201481000
1776203436.143,36.143,0.66,22.66,0.65,15.0,0.67,53.8,0.68,218.5,0.33,72.8,0.32,218.5,0.34,22.66,0.35,15.0,0.01,0.01,2318.899825,1776201481000
1776203436.674,36.674,0.66,22.66,0.65,15.0,0.67,48.8,0.68,218.5,0.33,53.8,0.32,218.5,0.34,22.66,0.35,15.0,0.01,0.01,2318.899825,1776201481000
1776203438.425,38.425,0.66,25.0,0.65,20.0,0.67,48.8,0.68,213.5,0.33,48.8,0.32,218.5,0.34,22.66,0.35,15.0,0.01,0.01,2318.899825,1776201481000
1776203440.082,40.082,0.66,30.0,0.65,20.0,0.67,23.8,0.68,213.5,0.33,38.8,0.32,213.5,0.34,25.0,0.35,20.0,0.01,0.01,2318.899825,1776201481000
1776203441.549,41.549,0.67,5.0,0.66,30.0,0.68,317.75,0.69,155.57,0.33,23.8,0.32,213.5,0.34,30.0,0.35,20.0,0.01,0.01,2318.899825,1776201481000
1776203442.216,42.216,0.66,30.0,0.65,20.0,0.68,327.75,0.69,155.57,0.32,317.75,0.31,155.57,0.33,5.0,0.34,30.0,0.02,0.01,2318.899825,1776201481000
1776203442.869,42.869,0.66,30.0,0.65,88.5,0.68,295.25,0.69,164.07,0.32,327.75,0.31,155.57,0.34,30.0,0.35,20.0,0.02,0.02,2318.899825,1776201481000
1776203443.524,43.524,0.66,30.0,0.65,88.5,0.68,305.25,0.69,164.07,0.32,295.25,0.31,164.07,0.34,30.0,0.35,88.5,0.02,0.02,2318.899825,1776201481000
1776203444.179,44.179,0.67,55.0,0.66,25.0,0.68,295.25,0.69,184.07,0.32,305.25,0.31,164.07,0.34,30.0,0.35,88.5,0.01,0.02,2318.899825,1776201481000
1776203444.854,44.854,0.67,15.0,0.66,25.0,0.68,285.25,0.69,184.07,0.32,295.25,0.31,184.07,0.33,55.0,0.34,25.0,0.01,0.01,2318.899825,1776201481000
1776203445.491,45.491,0.67,8.93,0.66,25.0,0.68,270.75,0.69,143.5,0.32,285.25,0.31,184.07,0.33,15.0,0.34,25.0,0.01,0.01,2318.899825,1776201481000
1776203445.866,45.866,0.66,25.0,0.65,78.0,0.68,305.75,0.69,153.5,0.32,270.75,0.31,143.5,0.33,8.93,0.34,25.0,0.02,0.01,2318.899825,1776201481000
1776203446.917,46.917,0.67,5.0,0.66,25.0,0.68,295.25,0.69,133.5,0.32,305.75,0.31,153.5,0.34,25.0,0.35,78.0,0.01,0.02,2318.899825,1776201481000
1776203448.34,48.34,0.67,5.0,0.66,25.0,0.68,300.25,0.69,123.5,0.32,295.25,0.31,133.5,0.33,5.0,0.34,25.0,0.01,0.01,2318.899825,1776201481000
1776203449.001,49.001,0.67,15.0,0.66,25.0,0.68,232.25,0.69,191.5,0.32,300.25,0.31,123.5,0.33,5.0,0.34,25.0,0.01,0.01,2318.899825,1776201481000
1776203449.805,49.805,0.67,13.93,0.66,93.5,0.68,232.25,0.69,187.0,0.32,232.25,0.31,191.5,0.33,15.0,0.34,25.0,0.01,0.01,2318.899825,1776201481000
1776203450.179,50.179,0.67,3.93,0.66,93.5,0.68,227.25,0.69,188.0,0.32,232.25,0.31,187.0,0.33,13.93,0.34,93.5,0.01,0.01,2318.899825,1776201481000
1776203450.478,50.478,0.67,3.93,0.66,93.5,0.68,222.25,0.69,189.0,0.32,227.25,0.31,188.0,0.33,3.93,0.34,93.5,0.01,0.01,2318.899825,1776201481000
1776203451.294,51.294,0.67,3.93,0.66,92.31,0.68,222.25,0.69,189.0,0.32,222.25,0.31,189.0,0.34,92.31,0.35,30.5,0.01,0.02,2318.899825,1776201481000
1776203452.069,52.069,0.67,3.93,0.66,92.31,0.68,207.25,0.69,189.0,0.32,222.25,0.31,189.0,0.33,3.93,0.34,92.31,0.01,0.01,2318.899825,1776201481000
1776203452.821,52.821,0.66,86.42,0.65,30.5,0.67,21.22,0.68,197.25,0.33,11.22,0.32,212.25,0.34,92.31,0.35,30.5,0.01,0.01,2318.899825,1776201481000
1776203453.272,53.272,0.66,106.42,0.65,57.24,0.67,16.22,0.68,197.25,0.33,21.22,0.32,197.25,0.34,86.42,0.35,30.5,0.01,0.01,2318.899825,1776201481000
1776203454.202,54.202,0.66,96.42,0.65,30.5,0.67,11.22,0.68,197.25,0.33,16.22,0.32,197.25,0.34,106.42,0.35,57.24,0.01,0.01,2318.899825,1776201481000
1776203454.476,54.476,0.66,38.42,0.65,120.49,0.67,1.22,0.68,197.25,0.33,11.22,0.32,197.25,0.34,96.42,0.35,30.5,0.01,0.01,2318.899825,1776201481000
1776203462.553,62.553,0.67,210.24,0.66,151.57,0.68,30.54,0.7,10.0,0.33,6.22,0.32,197.25,0.34,33.27,0.35,88.5,0.01,0.01,2318.899825,1776201481000
1776203462.794,62.794,0.67,191.5,0.66,151.57,0.68,2.03,0.7,10.0,0.32,8.3,0.3,10.0,0.33,191.5,0.34,151.57,0.01,0.01,2318.899825,1776201481000
1776203463.152,63.152,0.69,137.74,0.68,98.0,0.7,3.91,0.71,10.0,0.3,10.0,0.29,10.0,0.33,234.5,0.34,151.57,0.01,0.03,2318.899825,1776201481000
1776203463.519,63.519,0.7,334.74,0.69,74.0,0.71,8.03,0.73,10.0,0.29,8.03,0.27,10.0,0.31,148.74,0.32,98.0,0.01,0.02,2318.899825,1776201481000
1776203463.82,63.82,0.7,300.43,0.69,79.5,0.71,8.03,0.73,10.0,0.29,8.03,0.27,10.0,0.3,334.74,0.31,74.0,0.01,0.01,2318.899825,1776201481000
1776203464.086,64.086,0.72,109.0,0.71,20.0,0.73,2.0,0.75,89.0,0.27,10.0,0.25,89.0,0.3,325.93,0.31,91.5,0.01,0.03,2318.899825,1776201481000
1776203465.468,65.468,0.74,432.8,0.73,64.24,0.79,20.0,0.8,21.0,0.25,94.0,0.23,88.5,0.26,2.3,0.27,25.5,0.05,0.01,2318.899825,1776201481000
1776203466.134,66.134,0.79,163.73,0.78,73.5,0.8,62.8,0.81,283.0,0.2,8.75,0.19,260.0,0.22,169.91,0.23,20.0,0.01,0.02,2318.899825,1776201481000
1776203466.779,66.779,0.79,153.96,0.78,73.5,0.8,77.05,0.81,283.0,0.2,62.8,0.19,283.0,0.21,163.73,0.22,73.5,0.01,0.01,2318.899825,1776201481000
1776203467.216,67.216,0.79,140.86,0.78,73.5,0.8,71.05,0.81,283.0,0.2,77.05,0.19,283.0,0.21,140.86,0.22,73.5,0.01,0.01,2318.899825,1776201481000
1776203467.442,67.442,0.79,131.09,0.78,73.5,0.8,76.1,0.81,283.0,0.2,71.05,0.19,283.0,0.21,140.86,0.22,73.5,0.01,0.01,2318.899825,1776201481000
1776203467.732,67.732,0.79,131.09,0.78,73.5,0.8,73.73,0.81,283.0,0.2,76.1,0.19,283.0,0.21,131.09,0.22,73.5,0.01,0.01,2318.899825,1776201481000
1776203468.006,68.006,0.79,131.09,0.78,68.5,0.8,59.05,0.81,289.0,0.2,73.73,0.19,283.0,0.21,131.09,0.22,73.5,0.01,0.01,2318.899825,1776201481000
1776203469.117,69.117,0.79,126.09,0.78,74.5,0.8,259.13,0.81,99.0,0.2,11.08,0.19,279.0,0.21,189.09,0.22,74.5,0.01,0.01,2318.899825,1776201481000
1776203469.78,69.78,0.79,116.09,0.78,74.5,0.8,249.18,0.81,99.0,0.2,264.18,0.19,99.0,0.21,116.09,0.22,74.5,0.01,0.01,2318.899825,1776201481000
1776203470.487,70.487,0.79,116.09,0.78,74.5,0.8,257.81,0.81,99.0,0.2,249.18,0.19,99.0,0.21,116.09,0.22,74.5,0.01,0.01,2318.899825,1776201481000
1776203471.101,71.101,0.8,25.5,0.79,36.5,0.81,263.1,0.82,21.0,0.2,232.81,0.19,99.0,0.21,116.09,0.22,74.5,0.01,0.01,2318.899825,1776201481000
1776203471.419,71.419,0.8,156.5,0.79,46.6,0.81,149.64,0.82,21.0,0.19,150.57,0.18,21.0,0.2,85.5,0.21,46.6,0.01,0.01,2318.899825,1776201481000
1776203471.713,71.713,0.8,76.0,0.79,25.1,0.81,297.4,0.82,59.5,0.19,149.64,0.18,21.0,0.2,156.5,0.21,46.6,0.01,0.01,2318.899825,1776201481000
1776203473.079,73.079,0.79,75.1,0.78,10.0,0.8,310.1,0.81,108.31,0.2,58.0,0.19,240.16,0.21,10.1,0.22,20.5,0.01,0.01,2318.899825,1776201481000
1776203473.871,73.871,0.79,75.1,0.78,20.5,0.8,316.86,0.81,93.31,0.2,310.1,0.19,108.31,0.21,75.1,0.22,10.0,0.01,0.01,2318.899825,1776201481000
1776203474.092,74.092,0.79,65.33,0.78,25.5,0.8,302.84,0.81,93.31,0.2,309.78,0.19,93.31,0.21,70.33,0.22,20.5,0.01,0.01,2318.899825,1776201481000
1776203474.407,74.407,0.79,70.33,0.78,20.5,0.8,271.73,0.81,93.31,0.2,293.61,0.19,93.31,0.21,70.33,0.22,20.5,0.01,0.01,2318.899825,1776201481000
1776203476.244,76.244,0.79,75.33,0.78,25.5,0.8,212.73,0.81,56.31,0.2,271.73,0.19,93.31,0.21,70.33,0.22,20.5,0.01,0.01,2318.899825,1776201481000
1776203476.713,76.713,0.79,20.1,0.78,25.5,0.8,253.73,0.81,56.31,0.2,212.73,0.19,56.31,0.21,75.33,0.22,25.5,0.01,0.01,2318.899825,1776201481000
1776203477.47,77.47,0.79,40.1,0.78,25.5,0.8,243.73,0.81,56.31,0.2,253.73,0.19,56.31,0.21,20.1,0.22,25.5,0.01,0.01,2318.899825,1776201481000
1776203477.72,77.72,0.79,40.1,0.78,25.5,0.8,226.85,0.81,56.31,0.2,243.73,0.19,56.31,0.21,40.1,0.22,25.5,0.01,0.01,2318.899825,1776201481000
1776203479.03,79.03,0.79,40.6,0.78,25.5,0.8,188.6,0.81,43.31,0.2,226.85,0.19,56.31,0.21,40.1,0.22,25.5,0.01,0.01,2318.899825,1776201481000
1776203479.277,79.277,0.79,33.6,0.78,25.5,0.8,185.6,0.81,55.31,0.2,188.6,0.19,43.31,0.21,40.6,0.22,25.5,0.01,0.01,2318.899825,1776201481000
1776203480.289,80.289,0.79,27.89,0.78,46.5,0.8,137.95,0.81,55.31,0.2,175.6,0.19,55.31,0.21,27.89,0.22,46.5,0.01,0.01,2318.899825,1776201481000
1776203480.825,80.825,0.79,102.07,0.78,257.44,0.82,30.0,0.83,23.0,0.2,137.95,0.19,55.31,0.21,27.89,0.22,46.5,0.03,0.01,2318.899825,1776201481000
1776203482.322,82.322,0.83,70.0,0.82,35.5,0.84,57.23,0.85,102.0,0.16,30.92,0.15,109.0,0.17,75.0,0.18,35.5,0.01,0.01,2318.899825,1776201481000
1776203482.944,82.944,0.83,70.0,0.82,35.5,0.84,33.23,0.85,102.0,0.16,57.23,0.15,102.0,0.17,70.0,0.18,35.5,0.01,0.01,2318.899825,1776201481000
1776203483.632,83.632,0.83,50.0,0.82,30.5,0.84,20.72,0.85,112.0,0.16,17.72,0.15,112.0,0.17,60.0,0.18,35.5,0.01,0.01,2318.899825,1776201481000
1776203483.973,83.973,0.83,15.0,0.82,30.5,0.84,81.0,0.85,292.0,0.16,54.22,0.15,292.0,0.18,30.5,0.19,51.5,0.01,0.02,2318.899825,1776201481000
1776203484.313,84.313,0.83,9.0,0.82,30.5,0.84,63.72,0.85,292.0,0.16,65.51,0.15,292.0,0.17,9.0,0.18,30.5,0.01,0.01,2318.899825,1776201481000
1776203484.618,84.618,0.83,10.0,0.82,29.5,0.84,62.62,0.85,292.0,0.16,63.82,0.15,292.0,0.17,10.0,0.18,29.5,0.01,0.01,2318.899825,1776201481000
1776203485.096,85.096,0.83,15.0,0.82,44.5,0.84,55.23,0.85,292.0,0.16,62.62,0.15,292.0,0.17,10.0,0.18,29.5,0.01,0.01,2318.899825,1776201481000
1776203485.44,85.44,0.83,20.0,0.82,44.5,0.84,50.23,0.85,292.0,0.16,55.23,0.15,292.0,0.17,15.0,0.18,44.5,0.01,0.01,2318.899825,1776201481000
1776203485.937,85.937,0.83,20.0,0.82,44.5,0.84,57.18,0.85,292.0,0.16,39.21,0.15,292.0,0.17,15.0,0.18,44.5,0.01,0.01,2318.899825,1776201481000
1776203487.526,87.526,0.83,40.5,0.82,34.5,0.84,39.31,0.85,287.0,0.16,47.18,0.15,292.0,0.17,20.0,0.18,44.5,0.01,0.01,2318.899825,1776201481000
1776203488.674,88.674,0.83,40.5,0.82,34.5,0.84,23.83,0.85,287.0,0.16,22.52,0.15,287.0,0.17,35.5,0.18,34.5,0.01,0.01,2318.899825,1776201481000
1776203490.001,90.001,0.83,98.5,0.82,41.5,0.84,30.3,0.85,292.0,0.16,18.83,0.15,287.0,0.17,29.5,0.18,34.5,0.01,0.01,2318.899825,1776201481000
1776203490.914,90.914,0.83,141.5,0.82,41.5,0.84,14.52,0.85,287.0,0.16,31.31,0.15,292.0,0.17,78.5,0.18,41.5,0.01,0.01,2318.899825,1776201481000
1776203491.867,91.867,0.83,186.5,0.82,46.5,0.84,22.99,0.85,287.0,0.16,14.52,0.15,287.0,0.17,141.5,0.18,41.5,0.01,0.01,2318.899825,1776201481000
1776203494.206,94.206,0.83,151.5,0.82,107.5,0.84,6.2,0.85,277.0,0.16,22.99,0.15,287.0,0.17,186.5,0.18,46.5,0.01,0.01,2318.899825,1776201481000
1776203494.639,94.639,0.83,140.02,0.82,131.9,0.84,6.2,0.85,282.0,0.16,6.2,0.15,277.0,0.17,151.5,0.18,107.5,0.01,0.01,2318.899825,1776201481000
1776203495.476,95.476,0.84,137.0,0.83,36.5,0.85,260.0,0.86,132.0,0.16,6.2,0.15,282.0,0.17,140.02,0.18,131.9,0.01,0.01,2318.899825,1776201481000
1776203496.132,96.132,0.84,127.0,0.83,36.5,0.85,260.0,0.86,132.0,0.15,260.0,0.14,132.0,0.16,137.0,0.17,36.5,0.01,0.01,2318.899825,1776201481000
1776203496.604,96.604,0.84,120.89,0.83,36.5,0.85,255.0,0.86,132.0,0.15,260.0,0.14,132.0,0.16,127.0,0.17,36.5,0.01,0.01,2318.899825,1776201481000
1776203497.508,97.508,0.84,122.89,0.83,36.5,0.85,243.23,0.86,112.0,0.15,260.0,0.14,132.0,0.16,115.89,0.17,36.5,0.01,0.01,2318.899825,1776201481000
1776203497.818,97.818,0.84,107.89,0.83,36.5,0.85,238.23,0.86,112.0,0.15,243.23,0.14,112.0,0.16,122.89,0.17,36.5,0.01,0.01,2318.899825,1776201481000
1776203498.172,98.172,0.84,112.89,0.83,36.5,0.85,236.23,0.86,112.0,0.15,238.23,0.14,112.0,0.16,107.89,0.17,36.5,0.01,0.01,2318.899825,1776201481000
1776203498.842,98.842,0.84,127.0,0.83,36.5,0.85,238.87,0.86,102.0,0.15,236.23,0.14,112.0,0.16,112.89,0.17,36.5,0.01,0.01,2318.899825,1776201481000
1776203500.806,100.806,0.84,161.31,0.83,36.5,0.85,42.71,0.86,253.0,0.15,238.87,0.14,102.0,0.16,117.0,0.17,36.5,0.01,0.01,2318.899825,1776201481000
1776203502.748,102.748,0.84,156.31,0.83,36.5,0.85,37.71,0.86,253.0,0.15,42.71,0.14,253.0,0.16,161.31,0.17,36.5,0.01,0.01,2318.899825,1776201481000
1776203503.375,103.375,0.84,156.31,0.83,274.5,0.85,23.71,0.86,253.0,0.15,37.71,0.14,253.0,0.16,156.31,0.17,36.5,0.01,0.01,2318.899825,1776201481000
1776203504.114,104.114,0.84,219.31,0.83,252.0,0.86,9.1,0.87,218.0,0.15,23.71,0.14,253.0,0.16,156.31,0.17,274.5,0.02,0.01,2318.899825,1776201481000
1776203507.409,107.409,0.86,100.0,0.85,110.5,0.87,21.74,0.88,202.0,0.14,9.1,0.13,218.0,0.16,219.31,0.17,252.0,0.01,0.02,2318.899825,1776201481000
1776203508.885,108.885,0.88,97.0,0.87,688.92,0.9,206.41,0.91,83.0,0.13,21.74,0.12,202.0,0.14,100.0,0.15,110.5,0.02,0.01,2318.899825,1776201481000
1776203509.131,109.131,0.9,85.0,0.89,79.5,0.91,256.41,0.92,89.0,0.09,297.41,0.08,89.0,0.11,103.5,0.12,734.51,0.01,0.02,2318.899825,1776201481000
1776203509.414,109.414,0.89,7.13,0.88,285.0,0.91,260.41,0.92,89.0,0.09,256.41,0.08,89.0,0.1,85.0,0.11,79.5,0.02,0.01,2318.899825,1776201481000
1776203509.632,109.632,0.89,22.63,0.88,343.0,0.91,271.63,0.92,89.0,0.09,260.41,0.08,89.0,0.11,7.13,0.12,285.0,0.02,0.02,2318.899825,1776201481000
1776203510.51,110.51,0.9,30.0,0.89,31.63,0.91,227.8,0.92,89.0,0.09,271.63,0.08,89.0,0.11,22.63,0.12,343.0,0.01,0.02,2318.899825,1776201481000
1776203511.014,111.014,0.9,35.0,0.89,31.63,0.91,225.6,0.92,89.0,0.09,227.8,0.08,89.0,0.1,30.0,0.11,31.63,0.01,0.01,2318.899825,1776201481000
1776203512.939,112.939,0.9,52.22,0.89,274.63,0.91,31.22,0.92,327.0,0.09,225.6,0.08,89.0,0.1,35.0,0.11,31.63,0.01,0.01,2318.899825,1776201481000
1776203513.861,113.861,0.9,57.22,0.89,274.63,0.91,26.22,0.92,296.0,0.09,31.22,0.08,327.0,0.1,52.22,0.11,274.63,0.01,0.01,2318.899825,1776201481000
1776203514.309,114.309,0.9,352.72,0.89,71.42,0.91,10.0,0.92,15.0,0.09,26.22,0.08,296.0,0.1,57.22,0.11,274.63,0.01,0.01,2318.899825,1776201481000
1776203515.219,115.219,0.91,12.61,0.9,345.72,0.92,30.0,0.93,408.09,0.09,10.0,0.08,15.0,0.1,352.72,0.11,71.42,0.01,0.01,2318.899825,1776201481000
1776203515.59,115.59,0.91,151.79,0.9,431.72,0.92,47.62,0.93,413.09,0.08,42.62,0.07,413.09,0.09,190.11,0.1,306.72,0.01,0.01,2318.899825,1776201481000
1776203516.202,116.202,0.91,144.79,0.9,431.72,0.92,32.62,0.93,572.09,0.08,47.62,0.07,413.09,0.09,151.79,0.1,431.72,0.01,0.01,2318.899825,1776201481000
1776203516.8,116.8,0.91,134.79,0.9,471.72,0.92,32.62,0.93,572.09,0.08,32.62,0.07,572.09,0.09,144.79,0.1,431.72,0.01,0.01,2318.899825,1776201481000
1776203518.659,118.659,0.91,564.29,0.9,430.71,0.93,260.09,0.94,15.0,0.08,32.62,0.07,572.09,0.09,134.79,0.1,471.72,0.02,0.01,2318.899825,1776201481000
1776203518.889,118.889,0.92,234.5,0.91,533.5,0.93,160.24,0.94,15.0,0.07,198.24,0.06,15.0,0.08,239.5,0.09,533.5,0.01,0.01,2318.899825,1776201481000
1776203519.308,119.308,0.92,288.4,0.91,533.5,0.93,172.5,0.94,15.0,0.07,160.24,0.06,15.0,0.08,234.5,0.09,533.5,0.01,0.01,2318.899825,1776201481000
1776203519.759,119.759,0.92,525.4,0.91,438.34,0.93,58.08,0.94,15.0,0.07,172.5,0.06,15.0,0.08,288.4,0.09,533.5,0.01,0.01,2318.899825,1776201481000
1776203520.036,120.036,0.92,525.4,0.91,468.34,0.94,15.0,0.95,263.0,0.07,38.13,0.06,15.0,0.08,525.4,0.09,438.34,0.02,0.01,2318.899825,1776201481000
1776203520.973,120.973,0.93,442.51,0.92,336.4,0.94,15.0,0.95,280.0,0.06,15.0,0.05,263.0,0.08,525.4,0.09,468.34,0.01,0.02,2318.899825,1776201481000
1776203521.3,121.3,0.93,436.4,0.92,322.4,0.95,263.0,0.96,74.5,0.06,10.0,0.05,263.0,0.07,441.4,0.08,336.4,0.02,0.01,2318.899825,1776201481000
1776203522.344,122.344,0.94,201.0,0.93,425.4,0.95,271.18,0.96,134.5,0.05,255.92,0.04,74.5,0.06,186.0,0.07,431.4,0.01,0.01,2318.899825,1776201481000
1776203523.512,123.512,0.94,259.8,0.93,425.4,0.95,265.18,0.96,134.5,0.05,271.18,0.04,134.5,0.06,201.0,0.07,425.4,0.01,0.01,2318.899825,1776201481000
1776203524.498,124.498,0.94,234.8,0.93,205.8,0.95,0.66,0.96,143.5,0.05,265.18,0.04,134.5,0.06,259.8,0.07,425.4,0.01,0.01,2318.899825,1776201481000
1776203524.897,124.897,0.94,239.8,0.93,205.8,0.95,262.55,0.96,119.5,0.05,0.66,0.04,143.5,0.06,234.8,0.07,205.8,0.01,0.01,2318.899825,1776201481000
1776203527.203,127.203,0.94,211.8,0.93,210.8,0.95,262.55,0.96,65.0,0.05,262.55,0.04,119.5,0.06,239.8,0.07,205.8,0.01,0.01,2318.899825,1776201481000
1776203527.656,127.656,0.94,209.67,0.93,210.8,0.95,262.55,0.96,65.0,0.05,262.55,0.04,65.0,0.06,211.8,0.07,210.8,0.01,0.01,2318.899825,1776201481000
1776203528.351,128.351,0.94,144.67,0.93,205.8,0.95,261.49,0.96,132.0,0.05,266.49,0.04,65.0,0.06,214.67,0.07,210.8,0.01,0.01,2318.899825,1776201481000
1776203528.639,128.639,0.94,139.67,0.93,205.8,0.95,231.85,0.96,209.0,0.05,261.49,0.04,132.0,0.06,144.67,0.07,205.8,0.01,0.01,2318.899825,1776201481000
1776203529.037,129.037,0.94,59.67,0.93,140.0,0.95,422.05,0.96,259.8,0.05,231.85,0.04,209.0,0.06,139.67,0.07,205.8,0.01,0.01,2318.899825,1776201481000
1776203529.27,129.27,0.93,0.66,0.92,44.5,0.94,25.0,0.95,422.05,0.06,20.0,0.05,422.05,0.07,10.66,0.08,39.5,0.01,0.01,2318.899825,1776201481000
1776203530.192,130.192,0.92,88.4,0.91,307.5,0.93,89.34,0.94,10.0,0.06,13.69,0.05,422.05,0.07,0.66,0.08,44.5,0.01,0.01,2318.899825,1776201481000
1776203530.686,130.686,0.92,39.5,0.91,263.5,0.93,89.34,0.94,10.0,0.07,89.34,0.06,10.0,0.08,88.4,0.09,307.5,0.01,0.01,2318.899825,1776201481000
1776203531.574,131.574,0.92,97.5,0.91,249.5,0.93,89.34,0.94,10.0,0.07,89.34,0.06,10.0,0.08,39.5,0.09,263.5,0.01,0.01,2318.899825,1776201481000
1776203532.848,132.848,0.92,98.9,0.91,127.5,0.93,392.14,0.94,73.0,0.07,89.34,0.06,10.0,0.08,97.5,0.09,249.5,0.01,0.01,2318.899825,1776201481000
1776203539.015,139.015,0.92,166.54,0.91,177.5,0.93,380.94,0.94,15.0,0.07,392.14,0.06,73.0,0.08,98.9,0.09,127.5,0.01,0.01,2318.899825,1776201481000
1776203541.353,141.353,0.92,180.54,0.91,182.5,0.93,380.77,0.94,15.0,0.07,380.94,0.06,15.0,0.08,166.54,0.09,177.5,0.01,0.01,2318.899825,1776201481000
1776203543.875,143.875,0.92,80.64,0.91,80.5,0.93,330.77,0.94,141.0,0.07,380.77,0.06,15.0,0.08,180.54,0.09,182.5,0.01,0.01,2318.899825,1776201481000
1776203544.45,144.45,0.92,0.64,0.91,64.54,0.93,457.77,0.94,199.0,0.07,330.77,0.06,141.0,0.08,80.64,0.09,80.5,0.01,0.01,2318.899825,1776201481000
1776203549.788,149.788,0.92,136.5,0.91,209.91,0.93,363.77,0.94,211.0,0.07,457.77,0.06,199.0,0.08,0.64,0.09,64.54,0.01,0.01,2318.899825,1776201481000
1776203550.989,150.989,0.92,296.0,0.91,107.91,0.93,47.73,0.94,10.0,0.07,353.77,0.06,211.0,0.08,136.5,0.09,209.91,0.01,0.01,2318.899825,1776201481000
1776203551.874,151.874,0.93,80.0,0.92,487.0,0.94,26.46,0.95,15.0,0.06,31.73,0.05,15.0,0.07,30.0,0.08,482.0,0.01,0.01,2318.899825,1776201481000
1776203553.114,153.114,0.93,128.71,0.92,471.9,0.94,26.46,0.95,23.0,0.06,26.46,0.05,15.0,0.07,80.0,0.08,487.0,0.01,0.01,2318.899825,1776201481000
1776203555.254,155.254,0.94,70.5,0.93,355.51,0.96,284.75,0.97,493.0,0.06,26.46,0.05,23.0,0.07,128.71,0.08,471.9,0.02,0.01,2318.899825,1776201481000
1776203555.92,155.92,0.95,90.0,0.94,555.44,0.96,222.75,0.97,584.0,0.04,284.75,0.03,493.0,0.06,70.5,0.07,355.51,0.01,0.02,2318.899825,1776201481000
1776203556.21,156.21,0.95,165.8,0.94,555.44,0.96,181.75,0.97,673.0,0.04,222.75,0.03,584.0,0.05,90.0,0.06,555.44,0.01,0.01,2318.899825,1776201481000
1776203558.806,158.806,0.95,340.8,0.94,223.3,0.96,190.7,0.97,607.0,0.04,181.75,0.03,673.0,0.05,165.8,0.06,555.44,0.01,0.01,2318.899825,1776201481000
1776203559.463,159.463,0.95,334.2,0.94,223.3,0.96,190.7,0.97,486.0,0.04,190.7,0.03,607.0,0.05,340.8,0.06,223.3,0.01,0.01,2318.899825,1776201481000
1776203560.159,160.159,0.95,324.2,0.94,208.3,0.96,186.7,0.97,499.0,0.04,190.7,0.03,486.0,0.05,334.2,0.06,223.3,0.01,0.01,2318.899825,1776201481000
1776203560.556,160.556,0.95,305.01,0.94,208.3,0.96,186.7,0.97,499.0,0.04,186.7,0.03,499.0,0.05,324.2,0.06,208.3,0.01,0.01,2318.899825,1776201481000
1776203562.066,162.066,0.95,316.01,0.94,193.3,0.96,160.45,0.97,517.0,0.04,186.7,0.03,499.0,0.05,305.01,0.06,208.3,0.01,0.01,2318.899825,1776201481000
1776203562.72,162.72,0.95,358.01,0.94,278.44,0.96,15.0,0.97,666.0,0.04,150.35,0.03,517.0,0.05,321.01,0.06,193.3,0.01,0.01,2318.899825,1776201481000
1776203563.464,163.464,0.95,430.01,0.94,290.29,0.97,666.0,0.98,515.0,0.04,15.0,0.03,666.0,0.05,358.01,0.06,278.44,0.02,0.01,2318.899825,1776201481000
1776203563.801,163.801,0.96,403.47,0.95,178.01,0.97,722.66,0.98,308.0,0.03,666.0,0.02,515.0,0.05,430.01,0.06,290.29,0.01,0.02,2318.899825,1776201481000
1776203564.659,164.659,0.96,418.47,0.95,178.01,0.97,718.66,0.98,448.0,0.03,722.66,0.02,308.0,0.04,403.47,0.05,178.01,0.01,0.01,2318.899825,1776201481000
1776203569.066,169.066,0.96,288.7,0.95,190.51,0.97,597.66,0.98,348.0,0.03,718.66,0.02,448.0,0.04,418.47,0.05,178.01,0.01,0.01,2318.899825,1776201481000
1776203569.269,169.269,0.96,288.7,0.95,198.52,0.97,577.46,0.98,348.0,0.03,597.66,0.02,348.0,0.04,288.7,0.05,190.51,0.01,0.01,2318.899825,1776201481000
1776203571.473,171.473,0.96,281.7,0.95,180.52,0.97,572.46,0.98,348.0,0.03,577.46,0.02,348.0,0.04,288.7,0.05,198.52,0.01,0.01,2318.899825,1776201481000
1776203572.506,172.506,0.96,799.69,0.95,172.5,0.97,285.8,0.98,383.0,0.03,572.46,0.02,348.0,0.04,281.7,0.05,180.52,0.01,0.01,2318.899825,1776201481000
1776203572.846,172.846,0.96,804.69,0.95,156.51,0.98,203.0,0.99,2683.63,0.03,20.39,0.02,203.0,0.04,704.69,0.05,156.51,0.02,0.01,2318.899825,1776201481000
1776203573.64,173.64,0.97,712.69,0.96,300.55,0.98,250.4,0.99,2683.63,0.02,251.45,0.01,2683.63,0.03,350.99,0.04,538.55,0.01,0.01,2318.899825,1776201481000
1776203574.796,174.796,0.97,698.54,0.96,253.7,0.98,250.4,0.99,2683.63,0.02,250.4,0.01,2683.63,0.03,712.69,0.04,300.55,0.01,0.01,2318.899825,1776201481000
1776203575.607,175.607,0.97,857.4,0.96,347.32,0.98,230.4,0.99,2393.63,0.02,250.4,0.01,2683.63,0.03,698.54,0.04,253.7,0.01,0.01,2318.899825,1776201481000
1776203575.96,175.96,0.97,852.4,0.96,347.32,0.98,217.26,0.99,2375.63,0.02,230.4,0.01,2393.63,0.03,857.4,0.04,347.32,0.01,0.01,2318.899825,1776201481000
1776203576.51,176.51,0.97,754.4,0.96,665.32,0.98,175.52,0.99,2375.63,0.02,206.14,0.01,2375.63,0.03,857.4,0.04,365.32,0.01,0.01,2318.899825,1776201481000
1776203577.372,177.372,0.97,731.56,0.96,585.32,0.98,170.52,0.99,2391.63,0.02,175.52,0.01,2375.63,0.03,754.4,0.04,665.32,0.01,0.01,2318.899825,1776201481000
1776203578.286,178.286,0.97,742.56,0.96,285.32,0.98,149.49,0.99,2259.63,0.02,169.49,0.01,2391.63,0.03,731.56,0.04,585.32,0.01,0.01,2318.899825,1776201481000
1776203578.511,178.511,0.97,742.56,0.96,285.32,0.98,124.23,0.99,2259.63,0.02,149.49,0.01,2259.63,0.03,742.56,0.04,285.32,0.01,0.01,2318.899825,1776201481000
1776203578.992,178.992,0.97,729.55,0.96,285.32,0.98,119.23,0.99,2248.63,0.02,124.23,0.01,2259.63,0.03,742.56,0.04,285.32,0.01,0.01,2318.899825,1776201481000
1776203579.205,179.205,0.97,729.55,0.96,285.32,0.98,48.73,0.99,2248.63,0.02,119.23,0.01,2248.63,0.03,729.55,0.04,285.32,0.01,0.01,2318.899825,1776201481000
1776203580.182,180.182,0.97,772.86,0.96,685.32,0.98,43.73,0.99,2251.63,0.02,48.73,0.01,2248.63,0.03,729.55,0.04,285.32,0.01,0.01,2318.899825,1776201481000
1776203580.441,180.441,0.97,895.86,0.96,285.32,0.98,78.9,0.99,2251.63,0.02,84.01,0.01,2251.63,0.03,895.86,0.04,685.32,0.01,0.01,2318.899825,1776201481000
1776203580.898,180.898,0.98,92.0,0.97,909.86,0.99,2069.03,,,0.01,2219.03,,,0.03,905.86,0.04,285.32,0.01,0.02,2318.899825,1776201481000
1776203581.145,181.145,0.98,507.69,0.97,547.91,0.99,2017.03,,,0.01,2069.03,,,0.02,92.0,0.03,909.86,0.01,0.01,2318.899825,1776201481000
1776203582.204,182.204,0.98,714.66,0.97,547.91,0.99,2011.01,,,0.01,1911.03,,,0.02,699.66,0.03,547.91,0.01,0.01,2318.899825,1776201481000
1776203583.28,183.28,0.98,821.65,0.97,457.91,0.99,1919.57,,,0.01,1979.68,,,0.02,719.66,0.03,557.91,0.01,0.01,2318.899825,1776201481000
1776203583.488,183.488,0.99,605.43,0.98,758.8,,,,,0.01,1919.57,,,0.02,821.65,0.03,457.91,,0.01,2318.899825,1776201481000
1776203584.069,184.069,0.99,1150.0,0.98,665.65,,,,,,,,,0.01,605.43,0.02,758.8,,,2318.899825,1776201481000
1776203585.475,185.475,0.99,1167.59,0.98,478.65,,,,,,,,,0.01,1150.0,0.02,665.65,,,2318.899825,1776201481000
1776203586.559,186.559,0.99,1061.59,0.98,533.79,,,,,,,,,0.01,1167.59,0.02,478.65,,,2318.899825,1776201481000
1776203589.414,189.414,0.99,860.84,0.98,657.78,,,,,,,,,0.01,1061.59,0.02,533.79,,,2318.899825,1776201481000
1776203605.796,205.796,0.99,860.84,0.98,419.82,,,,,,,,,0.01,860.84,0.02,657.78,,,2318.899825,1776201481000
1776203630.276,230.276,0.99,2313.12,0.98,929.33,,,,,,,,,0.01,851.84,0.02,419.82,,,2318.899825,1776201481000
1776203641.232,241.232,0.99,14219.53,0.98,259.83,,,,,,,,,0.01,2313.12,0.02,929.33,,,2318.899825,1776201481000
1776203642.595,242.595,0.99,15143.72,0.98,259.83,,,,,,,,,0.01,14219.53,0.02,259.83,,,2318.899825,1776201481000
1776203665.091,265.091,0.99,14299.32,0.98,259.83,,,,,,,,,0.01,15143.72,0.02,259.83,,,2318.899825,1776201481000

# RESULT,winner=Up,slug=eth-updown-5m-1776203400,ticks=208
