timestamp,elapsed_sec,up_bid_p1,up_bid_s1,up_bid_p2,up_bid_s2,up_ask_p1,up_ask_s1,up_ask_p2,up_ask_s2,down_bid_p1,down_bid_s1,down_bid_p2,down_bid_s2,down_ask_p1,down_ask_s1,down_ask_p2,down_ask_s2,up_spread,down_spread,eth_price,eth_oracle_ts
1776405901.148,1.148,0.52,87.14,0.51,24.0,0.54,5.95,0.55,70.0,0.45,70.0,0.44,70.0,0.48,284.49,0.49,24.0,0.02,0.03,2320.9987,1776405899000
1776405902.257,2.257,0.52,88.95,0.51,24.0,0.53,28.0,0.54,18.0,0.46,5.95,0.45,70.0,0.48,87.14,0.49,24.0,0.01,0.02,2321.003194,1776405901000
1776405902.515,2.515,0.52,83.95,0.51,24.0,0.53,28.0,0.54,18.0,0.47,28.0,0.46,18.0,0.48,88.95,0.49,24.0,0.01,0.01,2321.003194,1776405901000
1776405902.721,2.721,0.52,86.38,0.51,24.0,0.53,28.0,0.54,18.0,0.47,28.0,0.46,18.0,0.48,83.95,0.49,24.0,0.01,0.01,2321.003194,1776405901000
1776405904.312,4.312,0.52,72.0,0.51,24.0,0.53,38.0,0.54,28.0,0.47,28.0,0.46,18.0,0.48,86.38,0.49,24.0,0.01,0.01,2320.981218,1776405903000
1776405905.083,5.083,0.52,74.7,0.51,99.0,0.53,17.92,0.54,28.0,0.47,38.0,0.46,28.0,0.48,69.7,0.49,24.0,0.01,0.01,2320.981218,1776405903000
1776405905.357,5.357,0.52,67.61,0.51,104.0,0.53,7.92,0.54,28.0,0.47,2.92,0.46,28.0,0.48,74.7,0.49,99.0,0.01,0.01,2320.981218,1776405903000
1776405906.492,6.492,0.52,65.11,0.51,24.0,0.53,12.92,0.54,38.0,0.47,7.92,0.46,28.0,0.48,67.61,0.49,104.0,0.01,0.01,2321.057173,1776405905000
1776405906.808,6.808,0.52,70.11,0.51,24.0,0.53,14.83,0.54,38.0,0.47,6.72,0.46,38.0,0.48,70.11,0.49,24.0,0.01,0.01,2321.057173,1776405905000
1776405908.555,8.555,0.52,65.94,0.51,24.0,0.53,24.83,0.54,38.0,0.47,14.83,0.46,38.0,0.48,70.11,0.49,24.0,0.01,0.01,2321.012524,1776405907000
1776405909.519,9.519,0.52,58.85,0.51,24.0,0.53,24.83,0.54,38.0,0.47,24.83,0.46,38.0,0.48,65.94,0.49,24.0,0.01,0.01,2320.978952,1776405908000
1776405910.25,10.25,0.52,148.1,0.51,109.0,0.53,19.88,0.54,33.0,0.47,14.83,0.46,38.0,0.48,58.85,0.49,24.0,0.01,0.01,2320.978952,1776405908000
1776405911.49,11.49,0.53,55.0,0.52,103.9,0.54,13.14,0.55,43.0,0.46,13.51,0.45,43.0,0.48,143.1,0.49,109.0,0.01,0.02,2321.021402,1776405910000
1776405914.248,14.248,0.54,65.0,0.53,75.0,0.55,0.9,0.56,30.0,0.46,13.14,0.45,43.0,0.47,55.0,0.48,103.9,0.01,0.01,2321.255043,1776405913000
1776405915.031,15.031,0.55,6.36,0.54,70.0,0.56,30.0,0.57,37.0,0.45,0.9,0.44,30.0,0.46,65.0,0.47,75.0,0.01,0.01,2321.255043,1776405913000
1776405916.368,16.368,0.55,61.36,0.54,50.0,0.56,37.0,0.57,37.0,0.44,30.0,0.43,37.0,0.45,6.36,0.46,70.0,0.01,0.01,2321.231016,1776405915000
1776405917.672,17.672,0.55,50.36,0.54,45.0,0.56,37.0,0.57,37.0,0.44,37.0,0.43,37.0,0.45,61.36,0.46,50.0,0.01,0.01,2321.221882,1776405916000
1776405918.482,18.482,0.55,39.36,0.54,45.0,0.56,37.0,0.57,37.0,0.44,37.0,0.43,37.0,0.45,50.36,0.46,45.0,0.01,0.01,2321.221882,1776405917000
1776405919.243,19.243,0.55,28.36,0.54,45.0,0.56,22.0,0.57,35.0,0.44,27.0,0.43,35.0,0.45,55.36,0.46,50.0,0.01,0.01,2321.208676,1776405918000
1776405920.004,20.004,0.55,19.36,0.54,45.0,0.56,48.14,0.57,40.0,0.44,22.0,0.43,35.0,0.45,28.36,0.46,45.0,0.01,0.01,2321.207046,1776405919000
1776405922.049,22.049,0.55,27.13,0.54,60.0,0.59,5.0,0.6,15.0,0.44,48.14,0.43,40.0,0.45,19.36,0.46,45.0,0.04,0.01,2321.358232,1776405921000
1776405922.254,22.254,0.59,137.36,0.58,80.0,0.6,2.0,0.61,15.0,0.4,2.85,0.39,10.0,0.45,37.13,0.46,60.0,0.01,0.05,2321.358232,1776405921000
1776405922.903,22.903,0.59,145.72,0.58,80.0,0.6,6.77,0.61,15.0,0.4,2.0,0.39,15.0,0.41,137.36,0.42,80.0,0.01,0.01,2321.358232,1776405921000
1776405924.611,24.611,0.63,74.94,0.62,85.0,0.66,10.0,0.67,19.0,0.4,6.77,0.39,15.0,0.41,145.72,0.42,80.0,0.03,0.01,2321.31959,1776405923000
1776405925.176,25.176,0.63,10.0,0.62,80.0,0.66,59.77,0.67,33.86,0.33,18.86,0.32,25.0,0.35,48.94,0.36,10.0,0.03,0.02,2321.31959,1776405923000
1776405925.536,25.536,0.63,12.6,0.62,80.0,0.64,35.25,0.65,20.0,0.35,10.0,0.34,59.77,0.37,5.0,0.38,80.0,0.01,0.02,2321.31959,1776405923000
1776405929.155,29.155,0.67,7.46,0.65,5.0,0.69,1.84,0.74,5.0,0.36,35.25,0.35,20.0,0.37,9.89,0.38,85.0,0.02,0.01,2321.550371,1776405927000
1776405929.955,29.955,0.67,155.6,0.66,76.0,0.7,16.0,0.71,5.0,0.32,18.0,0.31,1.84,0.35,3.46,0.37,81.11,0.03,0.03,2321.6192,1776405928000
1776405930.391,30.391,0.71,21.67,0.7,10.0,0.72,26.0,0.73,26.0,0.3,16.0,0.29,5.0,0.33,155.6,0.34,76.0,0.01,0.03,2321.671419,1776405929000
1776405934.955,34.955,0.71,149.89,0.7,15.0,0.73,24.0,0.74,14.0,0.28,26.0,0.27,31.0,0.29,21.67,0.3,10.0,0.02,0.01,2321.951966,1776405933000
1776405936.542,36.542,0.73,6.0,0.72,140.36,0.79,8.43,0.8,5.0,0.27,24.0,0.26,14.0,0.29,149.89,0.3,15.0,0.06,0.02,2322.051875,1776405935000
1776405936.885,36.885,0.79,38.34,0.78,10.0,0.8,130.79,0.81,79.0,0.2,9.79,0.19,55.0,0.23,6.49,0.24,16.57,0.01,0.03,2322.051875,1776405935000
1776405937.171,37.171,0.79,9.8,0.78,10.0,0.8,163.79,0.81,79.0,0.2,168.79,0.19,79.0,0.21,10.29,0.22,10.0,0.01,0.01,2322.051875,1776405935000
1776405937.372,37.372,0.79,0.27,0.78,10.0,0.8,183.79,0.81,153.17,0.2,163.79,0.19,79.0,0.21,9.8,0.22,10.0,0.01,0.01,2322.051875,1776405935000
1776405938.242,38.242,0.78,10.0,0.77,15.0,0.8,122.79,0.81,162.17,0.2,163.79,0.19,153.17,0.21,0.5,0.22,10.0,0.02,0.01,2322.126348,1776405937000
1776405941.85,41.85,0.78,76.0,0.77,15.0,0.79,105.7,0.8,167.0,0.2,122.79,0.19,162.17,0.22,10.0,0.23,15.0,0.01,0.02,2322.22233,1776405940000
1776405942.619,42.619,0.78,127.0,0.77,24.0,0.8,92.0,0.81,22.0,0.21,105.7,0.2,167.0,0.22,76.0,0.23,15.0,0.02,0.01,2322.309458,1776405941000
1776405943.157,43.157,0.79,251.58,0.78,64.0,0.8,70.0,0.81,22.0,0.2,92.0,0.19,22.0,0.22,127.0,0.23,24.0,0.01,0.02,2322.401925,1776405942000
1776405943.765,43.765,0.79,256.58,0.78,64.0,0.8,63.76,0.81,22.0,0.2,70.0,0.19,22.0,0.21,251.58,0.22,64.0,0.01,0.01,2322.401925,1776405942000
1776405944.49,44.49,0.79,251.58,0.78,69.0,0.8,62.51,0.81,22.0,0.2,63.76,0.19,22.0,0.21,256.58,0.22,64.0,0.01,0.01,2322.404651,1776405943000
1776405945.475,45.475,0.79,239.58,0.78,69.0,0.8,42.51,0.81,45.4,0.2,62.51,0.19,22.0,0.21,251.58,0.22,69.0,0.01,0.01,2322.479529,1776405944000
1776405946.892,46.892,0.79,257.81,0.78,30.0,0.8,37.51,0.81,45.4,0.2,42.51,0.19,45.4,0.21,239.58,0.22,69.0,0.01,0.01,2322.395124,1776405945000
1776405947.495,47.495,0.79,240.97,0.78,30.0,0.8,28.51,0.81,45.4,0.2,28.51,0.19,45.4,0.21,252.81,0.22,30.0,0.01,0.01,2322.450952,1776405946000
1776405949.945,49.945,0.79,47.56,0.78,148.21,0.8,101.5,0.81,110.4,0.2,28.51,0.19,45.4,0.21,240.97,0.22,30.0,0.01,0.01,2322.484353,1776405948000
1776405950.156,50.156,0.79,38.56,0.78,133.21,0.8,164.99,0.81,119.4,0.2,101.5,0.19,110.4,0.21,47.56,0.22,148.21,0.01,0.01,2322.484353,1776405948000
1776405950.368,50.368,0.73,26.0,0.72,30.0,0.74,26.35,0.78,70.0,0.21,42.67,0.2,216.0,0.25,17.65,0.26,16.0,0.01,0.04,2322.400335,1776405949000
1776405950.997,50.997,0.73,52.0,0.72,15.0,0.74,30.9,0.75,18.0,0.26,26.35,0.22,70.0,0.27,26.0,0.28,30.0,0.01,0.01,2322.400335,1776405949000
1776405951.277,51.277,0.73,77.0,0.72,20.0,0.74,28.9,0.76,25.0,0.26,27.9,0.25,18.0,0.27,52.0,0.28,15.0,0.01,0.01,2322.39531,1776405950000
1776405951.954,51.954,0.75,39.2,0.74,10.0,0.76,5.68,0.77,19.0,0.24,7.0,0.23,19.0,0.27,72.0,0.28,20.0,0.01,0.03,2322.39531,1776405950000
1776405953.226,53.226,0.78,159.0,0.77,50.0,0.79,3.73,0.81,46.4,0.22,18.58,0.21,5.0,0.25,44.2,0.26,10.0,0.01,0.03,2322.267435,1776405952000
1776405958.016,58.016,0.76,12.0,0.75,10.0,0.79,141.99,0.8,125.0,0.21,3.73,0.19,46.4,0.22,159.0,0.23,50.0,0.03,0.01,2322.555358,1776405956000
1776405960.346,60.346,0.76,136.0,0.75,20.0,0.77,4.48,0.79,99.7,0.21,141.99,0.2,125.0,0.24,12.0,0.25,10.0,0.01,0.03,2322.52418,1776405958000
1776405960.992,60.992,0.78,64.0,0.77,10.0,0.79,38.99,0.8,70.0,0.21,64.06,0.2,114.5,0.22,10.0,0.23,10.0,0.01,0.01,2322.384823,1776405959000
1776405961.324,61.324,0.82,106.0,0.81,19.0,0.83,3.4,0.85,42.2,0.21,38.99,0.2,70.0,0.22,64.0,0.23,10.0,0.01,0.01,2322.268666,1776405960000
1776405961.831,61.831,0.82,84.88,0.81,37.0,0.83,3.4,0.85,42.2,0.17,3.4,0.15,42.2,0.18,106.0,0.19,19.0,0.01,0.01,2322.268666,1776405960000
1776405962.094,62.094,0.82,89.88,0.81,37.0,0.83,0.7,0.85,42.2,0.17,3.4,0.15,42.2,0.18,84.88,0.19,37.0,0.01,0.01,2322.268666,1776405961000
1776405963.363,63.363,0.82,62.08,0.81,33.0,0.85,39.9,0.86,189.9,0.17,0.7,0.15,42.2,0.18,89.88,0.19,37.0,0.03,0.01,2322.268666,1776405961000
1776405963.667,63.667,0.84,65.08,0.83,20.0,0.85,44.9,0.86,189.9,0.15,44.9,0.14,189.9,0.16,71.33,0.17,20.0,0.01,0.01,2322.4476,1776405962000
1776405965.649,65.649,0.85,7.3,0.84,121.08,0.86,88.0,0.87,132.8,0.15,44.9,0.14,189.9,0.16,65.08,0.17,20.0,0.01,0.01,2322.580726,1776405964000
1776405966.045,66.045,0.85,124.38,0.84,74.0,0.86,6.18,0.87,142.8,0.14,88.0,0.13,132.8,0.15,7.3,0.16,121.08,0.01,0.01,2322.580726,1776405964000
1776405966.412,66.412,0.86,88.79,0.85,173.3,0.87,161.8,0.88,168.1,0.14,6.18,0.13,142.8,0.15,124.38,0.16,74.0,0.01,0.01,2322.607873,1776405965000
1776405966.652,66.652,0.86,246.07,0.85,182.3,0.88,59.31,0.89,100.0,0.13,10.0,0.12,100.0,0.14,213.07,0.15,182.3,0.02,0.01,2322.607873,1776405965000
1776405967.103,67.103,0.89,120.08,0.88,24.0,0.9,43.9,0.91,164.0,0.1,77.9,0.09,164.0,0.11,10.0,0.12,10.0,0.01,0.01,2322.607873,1776405965000
1776405967.541,67.541,0.91,24.13,0.9,10.0,0.92,94.9,0.93,235.3,0.1,68.9,0.09,164.0,0.11,98.26,0.12,24.0,0.01,0.01,2322.607873,1776405965000
1776405967.811,67.811,0.91,52.35,0.9,39.0,0.92,110.9,0.93,235.3,0.08,74.9,0.07,235.3,0.09,83.13,0.1,39.0,0.01,0.01,2322.696248,1776405966000
1776405969.454,69.454,0.91,24.13,0.9,39.0,0.92,185.23,0.93,235.3,0.08,110.9,0.07,235.3,0.09,52.35,0.1,39.0,0.01,0.01,2322.931004,1776405967000
1776405970.503,70.503,0.91,24.13,0.9,39.0,0.92,169.41,0.93,241.3,0.08,185.23,0.07,235.3,0.09,24.13,0.1,39.0,0.01,0.01,2323.329282,1776405969000
1776405971.012,71.012,0.91,24.13,0.9,39.0,0.92,160.04,0.93,241.3,0.08,169.41,0.07,241.3,0.09,24.13,0.1,39.0,0.01,0.01,2323.329282,1776405969000
1776405972.097,72.097,0.91,1.9,0.9,30.0,0.92,18.95,0.93,241.3,0.08,165.04,0.07,241.3,0.09,1.9,0.1,39.0,0.01,0.01,2323.380156,1776405970000
1776405973.247,73.247,0.92,17.62,0.91,20.9,0.93,130.99,0.94,128.8,0.08,18.95,0.07,241.3,0.09,1.9,0.1,30.0,0.01,0.01,2323.412271,1776405971000
1776405973.556,73.556,0.91,4.78,0.9,29.0,0.93,111.0,0.94,128.8,0.07,130.99,0.06,128.8,0.08,17.62,0.09,20.9,0.02,0.01,2323.417839,1776405972000
1776405974.224,74.224,0.92,15.0,0.91,69.56,0.93,162.31,0.94,196.55,0.07,111.0,0.06,128.8,0.09,4.78,0.1,29.0,0.01,0.02,2323.477198,1776405973000
1776405975.038,75.038,0.92,15.0,0.91,91.54,0.93,139.35,0.94,196.55,0.07,157.31,0.06,196.55,0.08,15.0,0.09,69.56,0.01,0.01,2323.477198,1776405973000
1776405976.361,76.361,0.92,15.0,0.91,205.54,0.93,65.36,0.94,47.0,0.07,139.35,0.06,196.55,0.08,15.0,0.09,91.54,0.01,0.01,2323.531118,1776405975000
1776405976.72,76.72,0.94,30.0,0.93,25.0,0.95,28.28,0.96,235.3,0.07,65.36,0.06,47.0,0.08,15.0,0.09,205.54,0.01,0.01,2323.531118,1776405975000
1776405976.965,76.965,0.94,23.33,0.93,141.0,0.95,113.22,0.96,241.3,0.05,0.28,0.04,235.3,0.06,18.33,0.07,141.0,0.01,0.01,2323.531118,1776405975000
1776405980.838,80.838,0.95,128.29,0.94,25.0,0.96,42.5,0.97,650.7,0.05,113.22,0.04,241.3,0.06,23.33,0.07,141.0,0.01,0.01,2324.14638,1776405979000
1776405983.399,83.399,0.95,173.69,0.94,25.0,0.96,96.49,0.97,650.7,0.04,42.5,0.03,650.7,0.05,128.29,0.06,25.0,0.01,0.01,2324.250773,1776405981000
1776405983.632,83.632,0.95,153.69,0.94,25.0,0.96,91.49,0.97,650.7,0.04,96.49,0.03,650.7,0.05,173.69,0.06,25.0,0.01,0.01,2324.250773,1776405981000
1776405984.472,84.472,0.95,22.69,0.94,5.0,0.96,374.29,0.97,652.7,0.04,91.49,0.03,650.7,0.05,153.69,0.06,25.0,0.01,0.01,2324.315872,1776405983000
1776405985.52,85.52,0.95,60.58,0.93,35.0,0.96,325.29,0.97,652.7,0.04,374.29,0.03,652.7,0.05,22.69,0.06,5.0,0.01,0.01,2324.369827,1776405984000
1776405986.458,86.458,0.95,40.58,0.93,40.0,0.96,265.29,0.97,652.7,0.04,325.29,0.03,652.7,0.05,60.58,0.07,35.0,0.01,0.01,2324.106229,1776405985000
1776405988.528,88.528,0.95,25.58,0.93,41.0,0.96,228.29,0.97,658.7,0.04,265.29,0.03,652.7,0.05,40.58,0.07,40.0,0.01,0.01,2323.987526,1776405987000
1776405994.139,94.139,0.94,10.0,0.93,202.99,0.95,5.0,0.96,23.49,0.04,228.29,0.03,658.7,0.05,25.58,0.07,41.0,0.01,0.01,2324.196106,1776405993000
1776405996.728,96.728,0.94,353.93,0.93,261.74,0.97,367.0,0.98,622.77,0.05,5.0,0.04,23.49,0.06,10.0,0.07,202.99,0.03,0.01,2324.068746,1776405995000
1776405998.169,98.169,0.96,149.0,0.95,281.88,0.97,365.0,0.98,588.77,0.03,367.0,0.02,622.77,0.06,353.93,0.07,261.74,0.01,0.03,2324.168087,1776405997000
1776405998.859,98.859,0.96,149.0,0.95,286.88,0.97,364.58,0.98,588.77,0.03,365.0,0.02,588.77,0.04,149.0,0.05,281.88,0.01,0.01,2324.168087,1776405997000
1776406001.037,101.037,0.96,25.0,0.95,57.89,0.97,471.57,0.98,1330.77,0.03,364.58,0.02,588.77,0.04,149.0,0.05,286.88,0.01,0.01,2324.547365,1776405999000
1776406005.567,105.567,0.94,91.44,0.93,83.44,0.96,129.99,0.97,713.28,0.03,471.57,0.02,1330.77,0.05,57.89,0.06,388.79,0.02,0.02,2324.281541,1776406003000
1776406005.825,105.825,0.94,52.0,0.93,116.99,0.95,100.0,0.96,115.0,0.05,100.0,0.04,110.0,0.06,52.1,0.07,116.99,0.01,0.01,2324.251165,1776406004000
1776406006.084,106.084,0.93,99.99,0.92,15.0,0.95,100.0,0.96,115.0,0.05,100.0,0.04,115.0,0.06,52.0,0.07,116.99,0.02,0.01,2324.251165,1776406004000
1776406007.255,107.255,0.94,20.0,0.93,107.44,0.95,8.47,0.96,103.8,0.05,100.0,0.04,115.0,0.07,99.99,0.08,15.0,0.01,0.02,2324.286121,1776406005000
1776406007.508,107.508,0.93,101.72,0.92,72.0,0.95,28.46,0.96,103.8,0.05,8.47,0.04,103.8,0.06,20.0,0.07,107.44,0.02,0.01,2324.260558,1776406006000
1776406008.976,108.976,0.93,128.72,0.92,67.0,0.94,27.99,0.95,8.47,0.05,28.46,0.04,103.8,0.07,101.72,0.08,72.0,0.01,0.02,2324.094244,1776406007000
1776406017.487,117.487,0.95,83.12,0.94,103.99,0.96,118.79,0.97,443.58,0.06,27.99,0.05,8.47,0.07,128.72,0.08,67.0,0.01,0.01,2324.22381,1776406016000
1776406020.578,120.578,0.95,321.91,0.94,244.24,0.96,0.95,0.97,443.58,0.04,118.79,0.03,443.58,0.05,83.12,0.06,103.99,0.01,0.01,2324.2385,1776406019000
1776406022.453,122.453,0.96,239.7,0.95,324.13,0.97,405.47,0.98,429.07,0.03,419.52,0.02,437.07,0.05,321.91,0.06,244.24,0.01,0.02,2324.401832,1776406021000
1776406022.684,122.684,0.96,244.7,0.95,329.13,0.97,400.47,0.98,419.07,0.03,405.47,0.02,429.07,0.04,239.7,0.05,324.13,0.01,0.01,2324.401832,1776406021000
1776406022.984,122.984,0.96,239.7,0.95,368.12,0.97,378.52,0.98,419.07,0.03,400.47,0.02,419.07,0.04,244.7,0.05,329.13,0.01,0.01,2324.401832,1776406021000
1776406023.195,123.195,0.97,1011.26,0.96,239.7,0.98,419.07,0.99,5268.6,0.03,378.52,0.02,419.07,0.04,239.7,0.05,368.12,0.01,0.01,2324.401832,1776406021000
1776406024.053,124.053,0.97,1131.66,0.96,239.7,0.98,485.06,0.99,5784.6,0.02,419.07,0.01,5268.6,0.03,1011.26,0.04,239.7,0.01,0.01,2324.471864,1776406023000
1776406024.894,124.894,0.97,1161.66,0.96,244.7,0.98,409.96,0.99,5784.6,0.02,485.06,0.01,5784.6,0.03,1131.66,0.04,239.7,0.01,0.01,2324.471864,1776406023000
1776406026.663,126.663,0.97,1193.5,0.96,51.0,0.98,504.96,0.99,5386.6,0.02,409.96,0.01,5784.6,0.03,1161.66,0.04,244.7,0.01,0.01,2324.463259,1776406025000
1776406028.978,128.978,0.97,1255.5,0.96,244.7,0.98,399.96,0.99,4889.6,0.02,504.96,0.01,5386.6,0.03,1193.5,0.04,51.0,0.01,0.01,2324.478028,1776406027000
1776406030.892,130.892,0.97,1255.5,0.96,226.7,0.98,323.46,0.99,5489.6,0.02,399.96,0.01,4889.6,0.03,1255.5,0.04,244.7,0.01,0.01,2324.252836,1776406029000
1776406032.199,132.199,0.97,1210.5,0.96,232.7,0.98,298.88,0.99,5484.6,0.02,303.46,0.01,5489.6,0.03,1250.5,0.04,226.7,0.01,0.01,2324.4416,1776406030000
1776406033.164,133.164,0.97,1130.5,0.96,273.69,0.98,236.88,0.99,5784.6,0.02,245.88,0.01,5484.6,0.03,1210.5,0.04,226.7,0.01,0.01,2324.4416,1776406030000
1776406036.848,136.848,0.97,1150.5,0.96,271.69,0.98,133.16,0.99,2254.6,0.02,236.88,0.01,5784.6,0.03,1130.5,0.04,273.69,0.01,0.01,2324.4416,1776406030000
1776406037.262,137.262,0.97,1150.5,0.96,277.69,0.98,134.16,0.99,2254.6,0.02,133.16,0.01,2254.6,0.03,1150.5,0.04,271.69,0.01,0.01,2324.4416,1776406030000
1776406038.096,138.096,0.97,1643.63,0.96,345.14,0.98,85.16,0.99,1597.0,0.02,134.16,0.01,2254.6,0.03,1150.5,0.04,277.69,0.01,0.01,2324.4416,1776406030000
1776406038.406,138.406,0.97,1575.19,0.96,350.14,0.98,59.07,0.99,1607.0,0.02,55.07,0.01,1597.0,0.03,1648.63,0.04,345.14,0.01,0.01,2324.4416,1776406030000
1776406040.712,140.712,0.99,427.4,0.98,287.85,,,,,0.01,1607.0,,,0.02,40.93,0.03,1580.19,,0.01,2325.011155,1776406039000
1776406040.976,140.976,0.99,543.4,0.98,182.75,,,,,,,,,0.01,553.4,0.02,182.75,,,2325.184524,1776406040000
1776406041.264,141.264,0.98,227.55,0.97,995.5,,,,,0.01,45.0,,,0.02,201.54,0.03,990.5,,0.01,2325.184524,1776406040000
1776406041.559,141.559,0.97,993.52,0.96,206.14,0.99,194.0,,,,,,,0.02,177.55,0.03,995.5,0.02,,2325.184524,1776406040000
1776406041.855,141.855,0.97,1104.55,0.96,306.14,0.99,594.0,,,0.01,199.0,,,0.03,905.85,0.04,206.14,0.02,0.02,2325.184524,1776406040000
1776406042.06,142.06,0.97,932.88,0.96,306.14,0.99,259.0,,,0.01,254.0,,,0.03,982.88,0.04,306.14,0.02,0.02,2325.249347,1776406041000
1776406042.487,142.487,0.97,937.88,0.96,306.14,0.99,454.72,,,0.01,249.0,,,0.03,937.88,0.04,306.14,0.02,0.02,2325.249347,1776406041000
1776406043.256,143.256,0.98,25.0,0.97,967.88,0.99,864.72,,,0.01,454.72,,,0.03,937.88,0.04,306.14,0.01,0.02,2324.830334,1776406042000
1776406044.035,144.035,0.98,155.0,0.97,952.88,0.99,359.66,,,0.01,864.72,,,0.02,25.0,0.03,967.88,0.01,0.01,2324.830334,1776406042000
1776406044.417,144.417,0.98,230.0,0.97,932.88,0.99,494.81,,,0.01,359.66,,,0.02,155.0,0.03,952.88,0.01,0.01,2324.845094,1776406043000
1776406044.833,144.833,0.98,265.0,0.97,942.43,0.99,17.8,,,0.01,496.53,,,0.02,225.0,0.03,938.88,0.01,0.01,2324.845094,1776406043000
1776406048.02,148.02,0.98,235.0,0.97,878.88,0.99,100.41,,,0.01,22.12,,,0.02,240.0,0.03,1015.87,0.01,0.01,2325.170174,1776406046000
1776406049.273,149.273,0.98,383.45,0.97,837.88,0.99,136.41,,,0.01,100.41,,,0.02,235.0,0.03,878.88,0.01,0.01,2325.04792,1776406047000
1776406050.878,150.878,0.98,124.57,0.97,1128.88,0.99,39.59,,,0.01,136.41,,,0.02,383.45,0.03,837.88,0.01,0.01,2325.055176,1776406049000
1776406051.196,151.196,0.98,119.57,0.97,1138.88,0.99,44.59,,,0.01,39.59,,,0.02,124.57,0.03,1128.88,0.01,0.01,2325.055176,1776406049000
1776406052.332,152.332,0.98,232.57,0.97,1128.57,0.99,39.59,,,0.01,44.59,,,0.02,119.57,0.03,1138.88,0.01,0.01,2325.045913,1776406050000
1776406054.627,154.627,0.98,364.02,0.97,1118.57,0.99,49.59,,,0.01,39.59,,,0.02,232.57,0.03,1128.57,0.01,0.01,2324.860119,1776406053000
1776406055.346,155.346,0.98,80.57,0.97,664.88,0.99,34.77,,,0.01,49.59,,,0.02,364.02,0.03,1118.57,0.01,0.01,2324.860119,1776406053000
1776406055.93,155.93,0.98,65.57,0.97,564.88,0.99,44.77,,,0.01,29.77,,,0.02,80.57,0.03,664.88,0.01,0.01,2324.814633,1776406054000
1776406056.138,156.138,0.98,141.32,0.97,567.88,0.99,325.71,,,0.01,44.77,,,0.02,65.57,0.03,564.88,0.01,0.01,2324.814633,1776406054000
1776406059.003,159.003,0.98,131.51,0.97,572.88,0.99,526.71,,,0.01,325.71,,,0.02,141.32,0.03,567.88,0.01,0.01,2324.36369,1776406057000
1776406059.696,159.696,0.98,121.51,0.97,851.33,0.99,634.25,,,0.01,521.71,,,0.02,121.51,0.03,572.88,0.01,0.01,2324.324836,1776406058000
1776406059.922,159.922,0.98,121.51,0.97,851.33,0.99,615.25,,,0.01,634.25,,,0.02,121.51,0.03,851.33,0.01,0.01,2324.324836,1776406058000
1776406060.146,160.146,0.98,121.51,0.97,851.33,0.99,609.25,,,0.01,613.25,,,0.02,126.51,0.03,851.33,0.01,0.01,2324.324836,1776406058000
1776406060.657,160.657,0.98,121.51,0.97,851.33,0.99,583.25,,,0.01,594.25,,,0.02,121.51,0.03,851.33,0.01,0.01,2324.376295,1776406059000
1776406061.07,161.07,0.98,116.51,0.97,774.8,0.99,564.25,,,0.01,569.25,,,0.02,121.51,0.03,851.33,0.01,0.01,2324.376295,1776406059000
1776406061.294,161.294,0.98,101.49,0.97,774.8,0.99,568.75,,,0.01,568.75,,,0.02,121.49,0.03,774.8,0.01,0.01,2324.427503,1776406060000
1776406061.728,161.728,0.97,774.8,0.96,366.0,0.99,529.18,,,0.01,548.75,,,0.02,1.49,0.03,774.8,0.02,0.01,2324.427503,1776406060000
1776406062.476,162.476,0.97,774.8,0.96,366.0,0.98,15.0,0.99,529.18,0.01,529.18,,,0.03,774.8,0.04,366.0,0.01,0.02,2324.427503,1776406060000
1776406065.829,165.829,0.97,779.8,0.96,569.7,0.98,23.42,0.99,534.18,0.02,5.15,0.01,529.18,0.03,774.8,0.04,366.0,0.01,0.01,2324.24501,1776406064000
1776406074.014,174.014,0.97,946.33,0.96,466.0,0.98,33.42,0.99,335.17,0.02,23.42,0.01,534.18,0.03,779.8,0.04,569.7,0.01,0.01,2324.368,1776406073000
1776406080.405,180.405,0.97,1080.03,0.96,569.7,0.98,8.32,0.99,540.17,0.02,33.42,0.01,335.17,0.03,946.33,0.04,466.0,0.01,0.01,2324.260371,1776406079000
1776406080.85,180.85,0.97,1082.23,0.96,569.7,0.98,8.32,0.99,540.17,0.02,8.32,0.01,540.17,0.03,1080.03,0.04,569.7,0.01,0.01,2324.260371,1776406079000
1776406081.051,181.051,0.97,1082.23,0.96,569.7,0.99,525.06,,,0.01,540.17,,,0.03,1077.23,0.04,569.7,0.02,0.02,2324.260371,1776406080000
1776406082.416,182.416,0.97,923.53,0.96,236.7,0.98,40.54,0.99,535.06,0.01,525.06,,,0.03,1082.23,0.04,569.7,0.01,0.02,2324.237155,1776406081000
1776406083.221,183.221,0.97,632.08,0.96,236.7,0.98,40.43,0.99,506.99,0.02,40.54,0.01,535.06,0.03,923.53,0.04,236.7,0.01,0.01,2324.237155,1776406081000
1776406083.878,183.878,0.97,430.08,0.96,138.0,0.98,40.43,0.99,610.99,0.02,40.43,0.01,506.99,0.03,632.08,0.04,236.7,0.01,0.01,2324.1182,1776406082000
1776406085.157,185.157,0.97,435.08,0.96,143.0,0.98,40.78,0.99,604.99,0.02,40.43,0.01,610.99,0.03,430.08,0.04,138.0,0.01,0.01,2324.11643,1776406083000
1776406087.511,187.511,0.97,704.78,0.96,241.7,0.98,24.33,0.99,585.99,0.02,40.78,0.01,604.99,0.03,435.08,0.04,143.0,0.01,0.01,2323.85476,1776406086000
1776406089.594,189.594,0.97,673.78,0.96,651.61,0.98,23.88,0.99,825.06,0.02,24.33,0.01,585.99,0.03,704.78,0.04,241.7,0.01,0.01,2323.98637,1776406088000
1776406092.234,192.234,0.97,673.78,0.96,569.7,0.98,23.66,0.99,515.99,0.02,23.88,0.01,825.06,0.03,673.78,0.04,651.61,0.01,0.01,2323.988565,1776406091000
1776406094.483,194.483,0.97,683.78,0.96,575.7,0.98,23.3,0.99,526.99,0.02,23.66,0.01,515.99,0.03,673.78,0.04,569.7,0.01,0.01,2323.998375,1776406093000
1776406099.402,199.402,0.97,1661.69,0.96,605.7,0.98,18.3,0.99,520.06,0.02,23.3,0.01,526.99,0.03,678.78,0.04,575.7,0.01,0.01,2324.006043,1776406097000
1776406105.791,205.791,0.98,110.0,0.97,2193.22,0.99,285.06,,,0.02,18.3,0.01,520.06,0.03,1661.69,0.04,605.7,0.01,0.01,2323.864213,1776406104000
1776406106.006,206.006,0.98,110.0,0.97,2188.22,0.99,256.86,,,0.01,285.06,,,0.02,110.0,0.03,2193.22,0.01,0.01,2323.864213,1776406104000
1776406106.66,206.66,0.98,310.7,0.97,1679.78,0.99,5.12,,,,,,,0.02,125.0,0.03,1684.78,0.01,,2323.864213,1776406104000
1776406107.659,207.659,0.98,320.7,0.97,1559.78,,,,,0.01,5.12,,,0.02,310.7,0.03,1679.78,,0.01,2323.944107,1776406105000
1776406109.794,209.794,0.99,106.01,0.98,258.7,,,,,,,,,0.02,263.7,0.03,1554.78,,,2324.20355,1776406108000
1776406110.532,210.532,0.99,107.25,0.98,258.7,,,,,,,,,0.01,106.01,0.02,258.7,,,2324.242783,1776406109000
1776406114.561,214.561,0.99,441.45,0.98,526.14,,,,,,,,,0.01,107.25,0.02,258.7,,,2324.381466,1776406113000
1776406115.367,215.367,0.99,436.45,0.98,426.14,,,,,,,,,0.01,441.45,0.02,526.14,,,2324.277841,1776406114000
1776406120.483,220.483,0.99,627.45,0.98,1019.59,,,,,,,,,0.01,487.45,0.02,693.59,,,2324.277835,1776406118000
1776406124.539,224.539,0.99,622.45,0.98,568.48,,,,,,,,,0.01,627.45,0.02,1019.59,,,2324.34043,1776406123000
1776406130.214,230.214,0.99,501.12,0.98,247.48,,,,,,,,,0.01,617.45,0.02,568.48,,,2324.25356,1776406129000
1776406131.0,231.0,0.99,339.58,0.98,247.48,,,,,,,,,0.01,501.12,0.02,247.48,,,2324.25356,1776406129000
1776406134.118,234.118,0.99,319.58,0.98,242.48,,,,,,,,,0.01,339.58,0.02,247.48,,,2323.72894,1776406132000
1776406135.7,235.7,0.99,75.5,0.98,242.48,,,,,,,,,0.01,168.58,0.02,242.48,,,2323.686992,1776406134000
1776406136.085,236.085,0.98,242.48,0.97,1373.25,0.99,124.5,,,,,,,0.01,75.5,0.02,242.48,0.01,,2323.686992,1776406134000
1776406143.069,243.069,0.99,339.31,0.98,242.48,,,,,0.01,124.5,,,0.02,242.48,0.03,1373.25,,0.01,2323.71694,1776406141000
1776406149.252,249.252,0.99,275.62,0.98,242.48,,,,,,,,,0.01,339.31,0.02,242.48,,,2323.57136,1776406147000
1776406152.702,252.702,0.99,175.62,0.98,242.48,,,,,,,,,0.01,275.62,0.02,242.48,,,2323.640821,1776406151000
1776406155.696,255.696,0.99,83.72,0.98,242.48,,,,,,,,,0.01,175.62,0.02,242.48,,,2323.543285,1776406154000
1776406166.205,266.205,0.98,114.2,0.97,1378.4,,,,,,,,,0.01,83.72,0.02,242.48,,,2322.886431,1776406165000
1776406171.579,271.579,0.98,146.2,0.97,1401.55,0.99,18.24,,,,,,,0.02,114.2,0.03,1378.4,0.01,,2323.008992,1776406170000
1776406171.811,271.811,0.98,151.2,0.97,1401.55,0.99,13.18,,,0.01,18.24,,,0.02,146.2,0.03,1401.55,0.01,0.01,2323.008992,1776406170000
1776406172.042,272.042,0.98,146.2,0.97,1401.55,,,,,0.01,13.18,,,0.02,151.2,0.03,1401.55,,0.01,2323.008992,1776406170000
1776406186.303,286.303,0.99,2840.02,0.98,113.78,,,,,,,,,0.02,146.2,0.03,1401.55,,,2322.901661,1776406185000
1776406196.643,296.643,0.99,1370.07,0.98,98.78,,,,,,,,,0.01,2840.02,0.02,113.78,,,2323.065982,1776406195000
1776406197.048,297.048,0.99,571.99,0.98,98.78,,,,,,,,,0.01,770.07,0.02,98.78,,,2323.065982,1776406195000
1776406197.338,297.338,0.99,717.99,0.98,98.78,,,,,,,,,0.01,571.99,0.02,98.78,,,2323.164624,1776406196000
1776406200.394,300.394,0.99,28529.19,0.98,106.78,,,,,,,,,0.01,717.99,0.02,98.78,,,2321.84895,1776406199000
