timestamp,elapsed_sec,up_bid_p1,up_bid_s1,up_bid_p2,up_bid_s2,up_ask_p1,up_ask_s1,up_ask_p2,up_ask_s2,down_bid_p1,down_bid_s1,down_bid_p2,down_bid_s2,down_ask_p1,down_ask_s1,down_ask_p2,down_ask_s2,up_spread,down_spread,eth_price,eth_oracle_ts
1776398100.523,0.523,0.52,5.0,0.51,5.0,0.55,8.88,0.6,10.0,0.49,20.0,0.48,5.38,0.5,10.0,0.51,40.0,0.03,0.01,2327.613925,1776398099000
1776398100.747,0.747,0.4,10.0,0.39,6.0,0.55,8.88,0.6,10.0,0.45,8.88,0.4,10.0,0.48,5.0,0.49,5.0,0.15,0.03,2327.613925,1776398099000
1776398102.191,2.191,0.51,143.0,0.5,13.0,0.53,1.77,0.54,26.0,0.45,71.15,0.44,70.0,0.55,70.0,0.56,70.0,0.02,0.1,2327.607975,1776398100000
1776398102.864,2.864,0.54,11.79,0.51,148.0,0.55,75.0,0.56,75.0,0.47,1.77,0.46,26.0,0.49,143.0,0.5,13.0,0.01,0.02,2327.608,1776398101000
1776398103.119,3.119,0.54,9.39,0.51,143.0,0.55,138.57,0.56,98.0,0.45,75.0,0.44,75.0,0.46,11.79,0.49,148.0,0.01,0.01,2327.608,1776398101000
1776398103.359,3.359,0.54,9.39,0.51,143.0,0.55,89.02,0.56,148.0,0.45,138.57,0.44,98.0,0.46,9.39,0.49,143.0,0.01,0.01,2327.608,1776398101000
1776398103.629,3.629,0.54,5.04,0.51,143.0,0.55,115.1,0.56,148.0,0.45,126.02,0.44,148.0,0.46,5.04,0.49,143.0,0.01,0.01,2327.601285,1776398102000
1776398103.927,3.927,0.54,5.04,0.51,143.0,0.55,105.49,0.56,148.0,0.45,115.1,0.44,148.0,0.46,5.04,0.49,143.0,0.01,0.01,2327.601285,1776398102000
1776398104.253,4.253,0.54,0.04,0.51,143.0,0.55,143.49,0.56,78.0,0.45,105.49,0.44,148.0,0.46,5.04,0.49,143.0,0.01,0.01,2327.595185,1776398103000
1776398104.513,4.513,0.51,73.0,0.45,12.0,0.52,108.0,0.53,32.0,0.48,10.37,0.45,143.49,0.49,143.0,0.53,13.0,0.01,0.01,2327.595185,1776398103000
1776398105.345,5.345,0.43,18.0,0.42,18.0,0.44,12.72,0.45,20.0,0.48,108.0,0.47,32.0,0.56,13.0,0.57,18.0,0.01,0.08,2327.575273,1776398104000
1776398106.393,6.393,0.43,10.89,0.42,33.0,0.44,20.0,0.45,15.0,0.56,15.0,0.55,15.0,0.57,13.0,0.58,18.0,0.01,0.01,2327.5621,1776398105000
1776398107.332,7.332,0.42,13.0,0.41,13.0,0.43,20.72,0.44,20.0,0.56,20.0,0.55,15.0,0.57,10.89,0.58,33.0,0.01,0.01,2327.333184,1776398106000
1776398107.835,7.835,0.42,10.81,0.41,13.0,0.43,20.0,0.44,15.0,0.57,20.72,0.56,20.0,0.58,13.0,0.59,13.0,0.01,0.01,2327.333184,1776398106000
1776398108.51,8.51,0.42,10.81,0.41,13.0,0.46,6.84,0.47,35.0,0.57,20.0,0.56,15.0,0.58,10.81,0.59,13.0,0.04,0.01,2327.331934,1776398107000
1776398108.942,8.942,0.42,20.77,0.41,13.0,0.43,20.0,0.44,15.0,0.54,6.84,0.53,35.0,0.58,10.81,0.59,13.0,0.01,0.04,2327.331934,1776398107000
1776398109.16,9.16,0.42,8.22,0.41,18.0,0.43,15.0,0.44,15.0,0.57,20.0,0.56,15.0,0.58,20.77,0.59,13.0,0.01,0.01,2327.26821,1776398108000
1776398109.692,9.692,0.46,15.0,0.45,10.0,0.49,12.0,0.5,15.0,0.57,15.0,0.56,15.0,0.58,8.22,0.59,18.0,0.03,0.01,2327.26821,1776398108000
1776398110.13,10.13,0.48,20.0,0.47,25.0,0.5,70.28,0.51,15.0,0.51,27.0,0.5,27.0,0.52,15.0,0.53,25.0,0.02,0.01,2327.21755,1776398109000
1776398110.811,10.811,0.48,13.03,0.47,25.0,0.49,29.0,0.5,65.28,0.5,65.28,0.49,27.0,0.52,15.0,0.53,25.0,0.01,0.02,2327.21755,1776398109000
1776398111.21,11.21,0.48,10.91,0.47,25.0,0.49,136.92,0.5,22.0,0.51,29.0,0.5,65.28,0.52,13.03,0.53,25.0,0.01,0.01,2327.161637,1776398110000
1776398111.562,11.562,0.48,2.64,0.47,25.0,0.49,117.92,0.5,10.0,0.51,136.92,0.5,22.0,0.52,10.91,0.53,25.0,0.01,0.01,2327.161637,1776398110000
1776398111.894,11.894,0.47,25.0,0.46,75.0,0.49,117.92,0.5,15.0,0.51,117.92,0.5,10.0,0.52,0.52,0.53,25.0,0.02,0.01,2327.312993,1776398111000
1776398113.005,13.005,0.47,40.0,0.46,75.0,0.48,28.65,0.49,112.18,0.51,117.92,0.5,15.0,0.53,25.0,0.54,75.0,0.01,0.02,2327.3665,1776398112000
1776398113.612,13.612,0.47,14.9,0.46,75.0,0.48,28.65,0.49,112.18,0.52,28.65,0.51,112.18,0.53,40.0,0.54,75.0,0.01,0.01,2327.3665,1776398112000
1776398114.253,14.253,0.46,5.0,0.45,6.0,0.48,1.77,0.49,127.18,0.52,28.65,0.51,112.18,0.53,14.9,0.54,75.0,0.02,0.01,2327.36645,1776398113000
1776398115.32,15.32,0.45,0.18,0.44,20.0,0.46,36.0,0.47,30.0,0.52,1.77,0.51,127.18,0.54,5.0,0.55,6.0,0.01,0.02,2327.36645,1776398113000
1776398116.329,16.329,0.44,19.39,0.43,20.0,0.46,14.26,0.47,66.67,0.54,14.26,0.53,30.0,0.55,0.18,0.56,20.0,0.02,0.01,2327.35645,1776398115000
1776398118.31,18.31,0.44,34.81,0.43,77.0,0.45,5.0,0.46,6.0,0.55,11.0,0.54,8.26,0.56,19.39,0.57,20.0,0.01,0.01,2327.27646,1776398117000
1776398120.384,20.384,0.44,41.81,0.43,77.0,0.5,0.22,0.51,20.0,0.55,5.0,0.54,6.0,0.56,34.81,0.57,77.0,0.06,0.01,2327.298438,1776398119000
1776398120.927,20.927,0.46,45.14,0.45,20.0,0.47,6.0,0.48,5.0,0.5,0.22,0.49,20.0,0.56,41.81,0.57,77.0,0.01,0.06,2327.298438,1776398119000
1776398121.144,21.144,0.46,45.14,0.45,20.0,0.48,5.0,0.49,15.0,0.53,6.0,0.52,5.0,0.54,45.14,0.55,20.0,0.02,0.01,2327.298438,1776398119000
1776398121.624,21.624,0.45,15.0,0.44,14.81,0.48,22.0,0.49,15.0,0.51,15.0,0.5,10.22,0.54,40.14,0.55,20.0,0.03,0.03,2327.297037,1776398120000
1776398122.597,22.597,0.45,15.0,0.44,14.81,0.46,167.61,0.47,25.0,0.52,22.0,0.51,15.0,0.55,15.0,0.56,14.81,0.01,0.03,2327.292027,1776398121000
1776398123.433,23.433,0.45,15.0,0.44,14.81,0.46,54.5,0.47,20.0,0.54,167.61,0.53,25.0,0.55,15.0,0.56,14.81,0.01,0.01,2327.292027,1776398121000
1776398124.337,24.337,0.44,14.81,0.43,72.0,0.45,69.94,0.46,15.0,0.54,54.5,0.53,20.0,0.55,15.0,0.56,14.81,0.01,0.01,2327.212858,1776398123000
1776398124.876,24.876,0.39,5.0,0.38,15.0,0.41,56.5,0.42,35.0,0.55,69.94,0.54,15.0,0.56,14.81,0.57,72.0,0.02,0.01,2327.212858,1776398123000
1776398125.198,25.198,0.37,12.0,0.36,125.27,0.38,24.1,0.39,15.0,0.6,24.5,0.59,64.2,0.62,10.0,0.63,15.0,0.01,0.02,2327.212858,1776398123000
1776398125.492,25.492,0.36,55.91,0.35,89.27,0.38,44.1,0.39,15.0,0.62,24.1,0.61,114.59,0.63,3.33,0.64,65.0,0.02,0.01,2327.203875,1776398124000
1776398126.969,26.969,0.37,10.0,0.36,61.91,0.38,39.1,0.39,15.0,0.62,44.1,0.61,15.0,0.64,55.91,0.65,89.27,0.01,0.02,2327.19986,1776398125000
1776398127.684,27.684,0.37,4.5,0.36,116.18,0.38,0.1,0.39,15.0,0.62,39.1,0.61,15.0,0.63,4.5,0.64,61.91,0.01,0.01,2327.107438,1776398126000
1776398128.295,28.295,0.37,12.91,0.36,75.99,0.38,0.1,0.39,15.0,0.62,0.1,0.61,15.0,0.63,4.5,0.64,116.18,0.01,0.01,2327.107438,1776398126000
1776398128.52,28.52,0.37,4.94,0.36,80.99,0.38,0.1,0.39,15.0,0.62,0.1,0.61,15.0,0.63,12.91,0.64,75.99,0.01,0.01,2327.072913,1776398127000
1776398129.341,29.341,0.35,77.48,0.34,20.0,0.37,15.0,0.38,15.1,0.62,0.1,0.61,15.0,0.63,4.94,0.64,80.99,0.02,0.01,2327.070386,1776398128000
1776398130.259,30.259,0.35,62.09,0.34,30.0,0.36,93.0,0.37,20.0,0.63,15.0,0.62,15.1,0.65,77.48,0.66,20.0,0.01,0.02,2326.978325,1776398129000
1776398133.256,33.256,0.35,79.29,0.34,30.0,0.36,83.0,0.37,10.0,0.64,93.0,0.63,20.0,0.65,62.09,0.66,30.0,0.01,0.01,2327.058777,1776398132000
1776398134.224,34.224,0.35,89.97,0.34,30.0,0.37,6.21,0.39,15.0,0.64,83.0,0.63,10.0,0.65,73.1,0.66,30.0,0.02,0.01,2326.95641,1776398133000
1776398137.119,37.119,0.35,4.74,0.34,15.0,0.37,102.03,0.39,5.0,0.63,6.21,0.61,15.0,0.65,89.97,0.66,30.0,0.02,0.02,2326.98103,1776398135000
1776398137.393,37.393,0.36,97.0,0.35,30.0,0.37,17.03,0.39,5.0,0.63,70.03,0.61,5.0,0.64,38.0,0.65,9.74,0.01,0.01,2326.9713,1776398136000
1776398141.564,41.564,0.36,92.39,0.35,30.0,0.37,11.62,0.38,5.0,0.63,17.03,0.61,5.0,0.64,97.0,0.65,30.0,0.01,0.01,2327.017825,1776398140000
1776398142.137,42.137,0.37,39.17,0.36,97.99,0.38,15.0,0.39,15.0,0.63,11.62,0.62,5.0,0.64,92.39,0.65,30.0,0.01,0.01,2327.017825,1776398140000
1776398145.047,45.047,0.37,117.17,0.36,31.99,0.38,15.0,0.39,15.0,0.62,15.0,0.61,15.0,0.63,39.17,0.64,97.99,0.01,0.01,2327.045149,1776398143000
1776398145.372,45.372,0.38,4.91,0.37,117.17,0.39,10.0,0.4,15.0,0.6,15.0,0.59,20.0,0.63,112.17,0.64,31.99,0.01,0.03,2327.045149,1776398143000
1776398148.907,48.907,0.38,6.0,0.37,49.17,0.39,15.0,0.4,15.0,0.61,10.0,0.6,15.0,0.62,4.91,0.63,117.17,0.01,0.01,2327.01854,1776398147000
1776398151.577,51.577,0.38,6.0,0.37,54.17,0.39,42.0,0.4,21.0,0.61,15.0,0.6,15.0,0.62,6.0,0.63,49.17,0.01,0.01,2326.989195,1776398150000
1776398153.187,53.187,0.38,6.0,0.37,54.17,0.39,20.17,0.4,27.0,0.61,42.0,0.6,21.0,0.62,6.0,0.63,54.17,0.01,0.01,2327.041041,1776398151000
1776398153.479,53.479,0.39,50.0,0.38,15.0,0.4,22.0,0.41,20.0,0.61,20.17,0.6,27.0,0.62,6.0,0.63,54.17,0.01,0.01,2326.990162,1776398152000
1776398154.371,54.371,0.37,0.17,0.36,14.0,0.38,57.0,0.39,29.0,0.6,17.0,0.59,20.0,0.61,29.0,0.62,10.0,0.01,0.01,2326.983185,1776398153000
1776398154.892,54.892,0.35,6.0,0.34,15.0,0.36,115.0,0.37,55.0,0.62,57.0,0.61,29.0,0.64,14.0,0.65,20.0,0.01,0.02,2326.983185,1776398153000
1776398156.672,56.672,0.37,62.0,0.36,105.0,0.38,5.0,0.39,10.0,0.64,115.0,0.63,55.0,0.65,6.0,0.66,15.0,0.01,0.01,2326.98299,1776398155000
1776398157.566,57.566,0.37,98.0,0.36,105.0,0.4,17.0,0.41,15.0,0.62,5.0,0.61,10.0,0.63,62.0,0.64,105.0,0.03,0.01,2326.891065,1776398156000
1776398157.772,57.772,0.39,21.77,0.38,60.0,0.4,27.0,0.41,15.0,0.6,12.0,0.59,15.0,0.62,39.0,0.63,93.0,0.01,0.02,2326.891065,1776398156000
1776398158.052,58.052,0.39,11.77,0.38,60.0,0.4,27.0,0.41,15.0,0.6,27.0,0.59,15.0,0.61,21.77,0.62,60.0,0.01,0.01,2326.891065,1776398156000
1776398158.832,58.832,0.39,30.35,0.38,57.0,0.4,27.0,0.41,15.0,0.6,27.0,0.59,15.0,0.61,11.77,0.62,60.0,0.01,0.01,2326.91712,1776398157000
1776398160.387,60.387,0.39,12.56,0.38,42.0,0.4,6.0,0.42,24.0,0.6,27.0,0.59,15.0,0.61,30.35,0.62,57.0,0.01,0.01,2327.039505,1776398159000
1776398160.65,60.65,0.39,7.56,0.38,42.0,0.4,6.0,0.42,24.0,0.6,6.0,0.58,24.0,0.61,12.56,0.62,42.0,0.01,0.01,2327.039505,1776398159000
1776398161.025,61.025,0.39,95.0,0.38,38.8,0.4,6.0,0.43,10.0,0.6,6.0,0.58,24.0,0.62,10.8,0.63,80.0,0.01,0.02,2327.039505,1776398159000
1776398161.834,61.834,0.42,45.74,0.41,20.0,0.43,19.99,0.44,27.07,0.57,10.0,0.56,35.07,0.61,95.0,0.62,38.8,0.01,0.04,2327.061566,1776398160000
1776398162.46,62.46,0.43,22.0,0.42,180.34,0.44,0.66,0.45,5.0,0.57,19.99,0.56,27.07,0.58,45.74,0.59,20.0,0.01,0.01,2327.061566,1776398160000
1776398165.726,65.726,0.4,5.0,0.37,10.0,0.41,72.59,0.42,20.0,0.49,6.21,0.48,5.0,0.51,10.0,0.52,10.0,0.01,0.02,2327.510274,1776398164000
1776398165.96,65.96,0.37,5.0,0.36,75.0,0.38,8.04,0.41,61.59,0.59,51.59,0.58,20.0,0.6,1.96,0.62,5.0,0.01,0.01,2327.510274,1776398164000
1776398166.202,66.202,0.35,20.0,0.34,5.0,0.37,22.0,0.38,77.24,0.62,8.04,0.59,61.59,0.63,5.0,0.64,75.0,0.02,0.01,2327.525905,1776398165000
1776398166.523,66.523,0.35,17.3,0.34,5.0,0.36,77.2,0.37,20.0,0.63,22.0,0.62,77.24,0.65,20.0,0.66,5.0,0.01,0.02,2327.525905,1776398165000
1776398168.725,68.725,0.34,33.0,0.33,20.0,0.35,20.05,0.36,25.0,0.64,77.2,0.63,20.0,0.65,17.3,0.66,5.0,0.01,0.01,2327.083671,1776398167000
1776398170.518,70.518,0.34,127.6,0.33,45.0,0.35,9.99,0.38,8.04,0.65,20.05,0.64,25.0,0.66,33.0,0.67,20.0,0.01,0.01,2326.970155,1776398169000
1776398173.821,73.821,0.27,17.39,0.26,59.0,0.34,34.2,0.35,10.0,0.61,115.99,0.58,20.0,0.63,55.0,0.64,84.01,0.07,0.02,2327.080438,1776398172000
1776398174.096,74.096,0.26,44.9,0.25,5.0,0.27,36.0,0.28,20.0,0.73,10.0,0.72,10.0,0.74,49.9,0.75,32.0,0.01,0.01,2327.06996,1776398173000
1776398174.356,74.356,0.26,5.0,0.25,15.0,0.27,67.01,0.28,20.0,0.73,77.01,0.72,20.0,0.74,5.0,0.75,15.0,0.01,0.01,2327.06996,1776398173000
1776398179.037,79.037,0.39,67.97,0.38,20.0,0.4,5.0,0.41,30.0,0.73,67.01,0.72,20.0,0.74,5.0,0.75,15.0,0.01,0.01,2326.87135,1776398177000
1776398179.375,79.375,0.39,24.97,0.38,5.0,0.4,15.0,0.41,30.0,0.59,30.0,0.58,20.0,0.61,72.97,0.62,20.0,0.01,0.02,2326.934949,1776398178000
1776398179.705,79.705,0.37,7.52,0.36,20.0,0.39,20.0,0.4,10.0,0.6,15.0,0.59,30.0,0.62,5.0,0.63,25.0,0.02,0.02,2326.934949,1776398178000
1776398180.22,80.22,0.37,25.52,0.36,20.0,0.38,7.46,0.39,15.0,0.61,20.0,0.6,10.0,0.63,7.52,0.64,20.0,0.01,0.02,2326.934949,1776398178000
1776398180.83,80.83,0.37,4.64,0.36,15.0,0.38,17.46,0.39,15.0,0.62,22.46,0.61,15.0,0.63,9.64,0.64,20.0,0.01,0.01,2326.964975,1776398179000
1776398182.182,82.182,0.38,23.79,0.37,4.64,0.39,15.0,0.4,15.0,0.62,17.46,0.61,15.0,0.63,4.64,0.64,15.0,0.01,0.01,2327.00857,1776398180000
1776398182.87,82.87,0.38,33.79,0.37,10.0,0.39,14.3,0.4,15.0,0.61,15.0,0.6,15.0,0.62,23.79,0.63,4.64,0.01,0.01,2326.978895,1776398181000
1776398185.69,85.69,0.38,46.32,0.37,10.0,0.39,1.47,0.4,26.0,0.61,14.3,0.6,15.0,0.62,33.79,0.63,10.0,0.01,0.01,2326.96337,1776398184000
1776398186.666,86.666,0.38,41.32,0.37,10.0,0.39,12.43,0.4,26.0,0.61,1.47,0.6,26.0,0.62,46.32,0.63,10.0,0.01,0.01,2326.97052,1776398185000
1776398186.913,86.913,0.38,33.32,0.37,10.0,0.39,12.43,0.4,26.0,0.61,12.43,0.6,26.0,0.62,41.32,0.63,10.0,0.01,0.01,2326.97052,1776398185000
1776398187.456,87.456,0.35,10.0,0.34,15.0,0.39,46.63,0.4,26.0,0.61,12.43,0.6,26.0,0.62,33.32,0.63,10.0,0.04,0.01,2326.962825,1776398186000
1776398191.581,91.581,0.31,9.0,0.3,28.0,0.32,120.0,0.33,82.2,0.61,46.63,0.6,26.0,0.65,10.0,0.66,15.0,0.01,0.04,2326.913245,1776398189000
1776398193.107,93.107,0.31,2.97,0.3,20.0,0.32,120.0,0.33,63.0,0.68,120.0,0.67,82.2,0.69,9.0,0.7,28.0,0.01,0.01,2326.940332,1776398191000
1776398193.598,93.598,0.29,10.0,0.28,15.0,0.31,125.0,0.32,63.0,0.68,120.0,0.67,63.0,0.69,2.97,0.7,20.0,0.02,0.01,2326.825427,1776398192000
1776398195.042,95.042,0.25,43.0,0.24,15.0,0.26,15.0,0.27,25.0,0.69,125.0,0.68,63.0,0.71,10.0,0.72,15.0,0.01,0.02,2326.777855,1776398193000
1776398195.337,95.337,0.25,41.66,0.24,15.0,0.26,15.0,0.27,25.0,0.74,15.0,0.73,25.0,0.75,43.0,0.76,15.0,0.01,0.01,2326.777855,1776398193000
1776398198.964,98.964,0.24,68.53,0.23,20.0,0.25,16.5,0.26,10.0,0.74,15.0,0.73,25.0,0.75,41.66,0.76,15.0,0.01,0.01,2326.568606,1776398197000
1776398220.104,120.104,0.24,64.53,0.23,31.39,0.25,67.67,0.28,10.0,0.75,16.5,0.74,10.0,0.76,68.53,0.77,20.0,0.01,0.01,2326.50645,1776398218000
1776398220.503,120.503,0.24,46.95,0.23,15.0,0.25,67.67,0.27,10.0,0.75,67.67,0.72,10.0,0.76,64.53,0.77,31.39,0.01,0.01,2326.518885,1776398219000
1776398221.931,121.931,0.22,5.0,0.21,5.0,0.25,387.99,0.26,15.0,0.75,67.67,0.74,10.0,0.76,15.43,0.77,15.0,0.03,0.01,2326.518885,1776398220000
1776398223.032,123.032,0.2,10.0,0.19,15.0,0.22,59.0,0.23,59.0,0.77,14.2,0.76,24.99,0.79,5.0,0.8,5.0,0.02,0.02,2326.553825,1776398221000
1776398223.771,123.771,0.21,35.0,0.2,10.0,0.23,5.0,0.24,12.0,0.78,59.0,0.77,59.0,0.8,10.0,0.81,15.0,0.02,0.02,2326.56,1776398222000
1776398224.209,124.209,0.22,30.0,0.21,20.0,0.24,5.0,0.25,216.2,0.77,5.0,0.76,12.0,0.79,35.0,0.8,10.0,0.02,0.02,2326.56,1776398222000
1776398225.041,125.041,0.24,20.78,0.23,15.0,0.25,56.2,0.26,39.7,0.75,181.0,0.74,39.7,0.78,25.0,0.79,20.0,0.01,0.03,2326.511041,1776398223000
1776398225.758,125.758,0.24,13.24,0.23,10.0,0.25,37.0,0.26,39.7,0.75,56.2,0.74,39.7,0.76,20.78,0.77,15.0,0.01,0.01,2326.498918,1776398224000
1776398226.689,126.689,0.24,30.0,0.23,28.0,0.27,10.0,0.28,15.0,0.75,37.0,0.74,39.7,0.76,13.24,0.77,10.0,0.03,0.01,2326.501095,1776398225000
1776398227.853,127.853,0.26,25.0,0.25,27.0,0.27,4.0,0.28,15.0,0.73,10.0,0.72,15.0,0.76,30.0,0.77,28.0,0.01,0.03,2326.502326,1776398226000
1776398228.924,128.924,0.26,11.48,0.25,27.0,0.27,4.0,0.28,15.0,0.73,4.0,0.72,15.0,0.74,25.0,0.75,27.0,0.01,0.01,2326.537018,1776398227000
1776398230.481,130.481,0.25,5.0,0.24,15.0,0.27,9.0,0.28,108.57,0.73,4.0,0.72,15.0,0.74,11.48,0.75,27.0,0.02,0.01,2326.596275,1776398229000
1776398230.978,130.978,0.24,10.0,0.23,27.0,0.27,30.43,0.28,82.89,0.73,9.0,0.72,108.57,0.75,5.0,0.76,15.0,0.03,0.02,2326.596275,1776398229000
1776398231.567,131.567,0.27,87.0,0.26,35.0,0.28,44.0,0.29,15.0,0.73,30.43,0.72,82.89,0.76,10.0,0.77,27.0,0.01,0.03,2326.61011,1776398230000
1776398232.906,132.906,0.27,42.0,0.26,30.0,0.28,54.0,0.29,15.0,0.72,44.0,0.71,15.0,0.73,87.0,0.74,35.0,0.01,0.01,2326.60816,1776398231000
1776398236.744,136.744,0.27,52.0,0.26,172.0,0.28,18.0,0.29,10.0,0.72,54.0,0.71,15.0,0.73,42.0,0.74,30.0,0.01,0.01,2326.740274,1776398235000
1776398237.013,137.013,0.28,12.0,0.27,45.0,0.29,10.0,0.3,10.0,0.72,18.0,0.71,10.0,0.73,52.0,0.74,172.0,0.01,0.01,2326.740274,1776398235000
1776398239.557,139.557,0.3,22.0,0.29,15.0,0.31,13.04,0.32,33.35,0.68,27.0,0.67,26.0,0.72,17.0,0.73,45.0,0.01,0.04,2326.79503,1776398238000
1776398239.833,139.833,0.3,25.57,0.29,15.0,0.31,8.04,0.32,33.35,0.69,13.04,0.68,33.35,0.7,22.0,0.71,15.0,0.01,0.01,2326.79503,1776398238000
1776398241.808,141.808,0.31,82.0,0.3,23.57,0.32,6.35,0.33,5.0,0.69,8.04,0.68,33.35,0.7,25.57,0.71,15.0,0.01,0.01,2326.833484,1776398240000
1776398242.094,142.094,0.37,82.0,0.36,20.0,0.4,17.87,0.41,5.0,0.64,1.0,0.63,10.0,0.68,10.0,0.69,82.0,0.03,0.04,2326.833484,1776398240000
1776398242.575,142.575,0.39,51.7,0.38,15.0,0.4,17.87,0.41,5.0,0.6,17.87,0.59,5.0,0.63,82.0,0.64,20.0,0.01,0.03,2326.845305,1776398241000
1776398242.886,142.886,0.39,46.7,0.38,15.0,0.4,17.87,0.41,5.0,0.6,17.87,0.59,5.0,0.61,51.7,0.62,15.0,0.01,0.01,2326.845305,1776398241000
1776398243.211,143.211,0.39,27.7,0.38,15.0,0.4,23.87,0.41,5.0,0.6,17.87,0.59,5.0,0.61,46.7,0.62,15.0,0.01,0.01,2326.845305,1776398241000
1776398243.864,143.864,0.38,15.0,0.37,50.0,0.4,45.87,0.41,63.23,0.6,23.87,0.59,5.0,0.61,27.7,0.62,15.0,0.02,0.01,2326.843757,1776398242000
1776398246.96,146.96,0.38,27.0,0.37,50.0,0.4,0.68,0.41,15.0,0.6,45.87,0.59,63.23,0.62,15.0,0.63,50.0,0.02,0.02,2327.13569,1776398245000
1776398248.817,148.817,0.39,7.0,0.38,15.0,0.4,5.0,0.41,10.68,0.59,5.68,0.58,15.0,0.61,10.0,0.62,15.0,0.01,0.02,2327.138201,1776398247000
1776398251.804,151.804,0.37,52.53,0.36,20.0,0.4,17.0,0.41,65.68,0.6,5.0,0.59,10.68,0.61,7.0,0.62,15.0,0.03,0.01,2327.17885,1776398250000
1776398253.024,153.024,0.4,17.0,0.39,15.0,0.41,5.0,0.42,15.0,0.6,17.0,0.59,65.68,0.63,52.53,0.64,20.0,0.01,0.03,2327.1813,1776398252000
1776398254.564,154.564,0.4,32.0,0.39,20.0,0.46,60.0,0.47,15.0,0.59,5.0,0.58,15.0,0.6,17.0,0.61,15.0,0.06,0.01,2327.19135,1776398253000
1776398255.169,155.169,0.45,42.0,0.44,20.0,0.51,20.09,0.52,21.0,0.54,48.73,0.53,5.0,0.55,10.0,0.57,15.0,0.06,0.01,2327.1964,1776398254000
1776398256.198,156.198,0.48,7.75,0.47,20.0,0.49,9.56,0.5,10.0,0.51,15.0,0.5,10.0,0.52,2.75,0.53,20.0,0.01,0.01,2327.20625,1776398255000
1776398256.875,156.875,0.5,76.2,0.49,15.0,0.51,10.09,0.52,11.0,0.51,9.56,0.5,10.0,0.52,7.75,0.53,20.0,0.01,0.01,2327.20625,1776398255000
1776398258.38,158.38,0.51,22.0,0.5,50.0,0.52,12.0,0.53,54.42,0.49,3.97,0.48,11.0,0.5,76.2,0.51,15.0,0.01,0.01,2327.366329,1776398257000
1776398260.036,160.036,0.51,69.0,0.5,60.39,0.52,1.0,0.55,10.0,0.48,12.0,0.47,54.42,0.49,22.0,0.5,50.0,0.01,0.01,2327.431792,1776398258000
1776398261.256,161.256,0.52,39.0,0.51,20.0,0.53,10.0,0.54,15.0,0.45,11.91,0.44,15.0,0.49,57.0,0.5,60.39,0.01,0.04,2327.47054,1776398259000
1776398262.22,162.22,0.53,40.79,0.52,29.0,0.54,15.0,0.55,10.0,0.47,10.0,0.46,15.0,0.48,39.0,0.49,20.0,0.01,0.01,2327.619248,1776398261000
1776398262.554,162.554,0.53,57.79,0.52,22.0,0.54,13.14,0.55,10.0,0.46,15.0,0.45,10.0,0.47,40.79,0.48,29.0,0.01,0.01,2327.619248,1776398261000
1776398263.924,163.924,0.53,65.66,0.52,22.0,0.54,10.0,0.55,15.0,0.46,13.14,0.45,10.0,0.47,57.79,0.48,22.0,0.01,0.01,2327.54854,1776398262000
1776398266.718,166.718,0.56,10.0,0.55,27.0,0.57,6.0,0.59,15.0,0.46,10.0,0.45,15.0,0.47,65.66,0.48,22.0,0.01,0.01,2327.54789,1776398265000
1776398267.512,167.512,0.56,26.0,0.55,20.0,0.57,1.0,0.58,16.87,0.43,6.0,0.41,15.0,0.44,10.0,0.45,27.0,0.01,0.01,2327.54789,1776398265000
1776398268.203,168.203,0.56,31.0,0.55,20.0,0.58,1.47,0.59,15.0,0.43,1.0,0.42,16.87,0.44,26.0,0.45,20.0,0.02,0.01,2327.566935,1776398266000
1776398269.166,169.166,0.57,34.44,0.56,19.0,0.58,21.52,0.59,15.0,0.42,1.47,0.41,15.0,0.44,31.0,0.45,20.0,0.01,0.02,2327.583828,1776398267000
1776398269.781,169.781,0.57,39.95,0.56,19.0,0.58,26.52,0.59,15.0,0.42,21.52,0.41,15.0,0.43,34.44,0.44,19.0,0.01,0.01,2327.627955,1776398268000
1776398270.492,170.492,0.57,44.95,0.56,19.0,0.58,21.17,0.59,15.0,0.42,26.52,0.41,15.0,0.43,39.95,0.44,19.0,0.01,0.01,2327.627955,1776398268000
1776398271.408,171.408,0.57,10.39,0.56,20.0,0.58,51.11,0.59,15.0,0.42,21.17,0.41,15.0,0.43,44.95,0.44,19.0,0.01,0.01,2327.63354,1776398269000
1776398272.688,172.688,0.57,19.52,0.56,198.57,0.58,5.0,0.59,5.0,0.42,51.11,0.41,15.0,0.43,10.39,0.44,20.0,0.01,0.01,2327.63356,1776398271000
1776398274.662,174.662,0.56,178.57,0.55,15.0,0.57,15.0,0.58,20.0,0.42,5.0,0.41,5.0,0.43,19.52,0.44,198.57,0.01,0.01,2327.680262,1776398273000
1776398275.178,175.178,0.55,15.0,0.54,20.0,0.57,10.36,0.58,20.0,0.43,15.0,0.42,20.0,0.44,155.84,0.45,15.0,0.02,0.01,2327.680262,1776398273000
1776398276.407,176.407,0.55,29.77,0.54,15.0,0.56,10.0,0.57,10.36,0.43,10.36,0.42,15.0,0.45,15.0,0.46,20.0,0.01,0.02,2327.737214,1776398274000
1776398276.851,176.851,0.55,42.92,0.54,15.0,0.56,10.0,0.57,5.0,0.44,10.0,0.43,10.36,0.45,27.32,0.46,15.0,0.01,0.01,2327.737214,1776398274000
1776398278.388,178.388,0.55,32.5,0.54,15.0,0.56,15.0,0.57,5.0,0.44,10.0,0.43,5.0,0.45,42.92,0.46,15.0,0.01,0.01,2327.683961,1776398277000
1776398278.656,178.656,0.55,39.72,0.54,15.0,0.56,15.0,0.57,5.0,0.44,15.0,0.43,5.0,0.45,32.5,0.46,15.0,0.01,0.01,2327.683961,1776398277000
1776398280.864,180.864,0.55,34.68,0.54,15.0,0.56,10.0,0.57,5.0,0.44,15.0,0.43,5.0,0.45,39.72,0.46,15.0,0.01,0.01,2327.662378,1776398279000
1776398281.535,181.535,0.55,16.32,0.53,45.66,0.56,4.75,0.57,15.0,0.44,4.75,0.43,5.0,0.45,34.68,0.46,15.0,0.01,0.01,2327.645185,1776398280000
1776398282.162,182.162,0.53,27.93,0.52,7.0,0.56,166.75,0.57,15.0,0.44,4.75,0.43,15.0,0.45,16.32,0.47,45.66,0.03,0.01,2327.645185,1776398280000
1776398282.785,182.785,0.31,51.24,0.3,5.0,0.37,15.0,0.39,10.0,0.56,8.92,0.51,14.08,0.59,43.64,0.66,6.0,0.06,0.03,2327.635205,1776398281000
1776398283.095,183.095,0.31,51.24,0.3,10.0,0.37,5.0,0.38,11.0,0.63,15.0,0.61,10.0,0.69,51.24,0.7,5.0,0.06,0.06,2327.635205,1776398281000
1776398283.392,183.392,0.37,5.0,0.36,15.0,0.39,14.74,0.4,15.0,0.62,10.0,0.61,10.0,0.66,3.48,0.67,24.0,0.02,0.04,2327.634168,1776398282000
1776398283.672,183.672,0.39,1.05,0.38,10.0,0.4,10.0,0.41,9.9,0.59,9.9,0.58,10.0,0.62,10.0,0.64,55.0,0.01,0.03,2327.634168,1776398282000
1776398285.981,185.981,0.39,6.8,0.38,14.42,0.4,80.76,0.41,24.9,0.6,8.95,0.59,9.9,0.62,9.42,0.63,10.0,0.01,0.02,2326.990205,1776398284000
1776398287.627,187.627,0.37,15.0,0.36,15.0,0.4,69.0,0.41,24.9,0.6,80.76,0.59,24.9,0.61,6.8,0.62,14.42,0.03,0.01,2327.115946,1776398286000
1776398288.729,188.729,0.36,15.0,0.35,20.0,0.38,16.76,0.39,10.0,0.6,69.0,0.59,24.9,0.63,15.0,0.64,15.0,0.02,0.03,2327.11719,1776398287000
1776398289.93,189.93,0.32,7.76,0.28,8.0,0.33,131.76,0.34,10.0,0.62,16.76,0.61,10.0,0.64,15.0,0.65,20.0,0.01,0.02,2327.11187,1776398288000
1776398290.411,190.411,0.28,18.0,0.27,31.0,0.29,116.92,0.3,18.0,0.67,131.76,0.66,10.0,0.72,8.0,0.73,31.0,0.01,0.05,2327.107905,1776398289000
1776398300.144,200.144,0.27,10.0,0.26,161.0,0.29,74.92,0.3,18.0,0.71,116.92,0.7,18.0,0.72,16.45,0.73,31.0,0.02,0.01,2327.040725,1776398298000
1776398301.531,201.531,0.27,15.0,0.26,161.0,0.28,105.33,0.29,53.16,0.71,74.92,0.7,18.0,0.73,10.0,0.74,161.0,0.01,0.02,2327.046605,1776398300000
1776398301.886,201.886,0.24,5.0,0.23,80.0,0.28,156.53,0.29,53.16,0.72,105.33,0.71,53.16,0.73,15.0,0.74,161.0,0.04,0.01,2327.046605,1776398300000
1776398302.916,202.916,0.26,14.0,0.25,25.0,0.27,147.76,0.28,51.57,0.72,156.53,0.71,53.16,0.76,5.0,0.77,80.0,0.01,0.04,2327.0376,1776398301000
1776398305.023,205.023,0.23,95.0,0.22,80.0,0.27,143.0,0.28,51.57,0.73,147.76,0.72,51.57,0.74,14.0,0.75,25.0,0.04,0.01,2327.03377,1776398303000
1776398307.342,207.342,0.24,13.35,0.23,85.0,0.26,142.0,0.27,71.3,0.73,143.0,0.72,51.57,0.77,95.0,0.78,80.0,0.02,0.04,2326.992608,1776398305000
1776398309.569,209.569,0.24,3.42,0.23,5.0,0.25,137.0,0.26,50.0,0.74,142.0,0.73,71.3,0.76,13.35,0.77,85.0,0.01,0.02,2326.998962,1776398308000
1776398310.552,210.552,0.21,70.67,0.2,15.0,0.22,113.76,0.23,50.0,0.77,10.0,0.76,16.76,0.79,92.0,0.8,15.0,0.01,0.02,2326.979925,1776398309000
1776398312.36,212.36,0.21,49.52,0.2,28.0,0.22,17.03,0.23,40.0,0.78,84.03,0.77,50.0,0.79,64.06,0.8,15.0,0.01,0.01,2326.985853,1776398311000
1776398314.956,214.956,0.19,10.0,0.18,15.0,0.22,84.03,0.23,70.3,0.78,17.03,0.77,40.0,0.79,49.52,0.8,28.0,0.03,0.01,2326.860505,1776398313000
1776398315.38,215.38,0.16,1.31,0.15,15.0,0.19,155.76,0.2,73.0,0.78,84.03,0.77,70.3,0.81,10.0,0.82,15.0,0.03,0.03,2326.948888,1776398314000
1776398315.887,215.887,0.15,11.65,0.14,29.0,0.17,74.76,0.18,10.0,0.81,155.76,0.8,73.0,0.84,1.31,0.85,15.0,0.02,0.03,2326.948888,1776398314000
1776398316.146,216.146,0.15,9.65,0.14,29.0,0.17,96.76,0.18,10.0,0.83,74.76,0.82,10.0,0.85,11.65,0.86,29.0,0.02,0.02,2326.948888,1776398314000
1776398316.695,216.695,0.15,6.4,0.14,29.0,0.17,88.14,0.18,10.0,0.83,84.76,0.82,10.0,0.84,3.8,0.85,9.65,0.02,0.01,2326.853645,1776398315000
1776398317.101,217.101,0.14,24.26,0.13,15.0,0.17,88.14,0.18,10.0,0.83,131.96,0.82,10.0,0.84,3.86,0.85,6.4,0.03,0.01,2326.85004,1776398316000
1776398317.497,217.497,0.14,8.16,0.13,34.0,0.16,67.76,0.17,56.0,0.84,27.14,0.83,61.0,0.85,4.11,0.86,10.26,0.02,0.01,2326.85004,1776398316000
1776398318.328,218.328,0.13,4.9,0.12,95.0,0.14,142.14,0.15,55.0,0.84,67.76,0.83,56.0,0.86,2.99,0.87,34.0,0.01,0.02,2326.772365,1776398317000
1776398320.077,220.077,0.12,10.0,0.11,5.0,0.13,6.1,0.14,165.28,0.86,142.14,0.85,55.0,0.87,4.9,0.88,95.0,0.01,0.01,2326.756765,1776398318000
1776398320.545,220.545,0.1,13.34,0.09,44.0,0.12,131.14,0.13,23.1,0.87,6.1,0.86,170.28,0.89,5.0,0.9,15.0,0.02,0.02,2326.661387,1776398319000
1776398321.621,221.621,0.1,12.22,0.09,44.0,0.11,113.1,0.12,88.1,0.89,108.1,0.88,54.0,0.9,13.34,0.91,44.0,0.01,0.01,2326.602875,1776398320000
1776398324.153,224.153,0.1,6.22,0.09,44.0,0.11,138.13,0.12,88.1,0.89,113.1,0.88,88.1,0.9,12.22,0.91,44.0,0.01,0.01,2326.487475,1776398322000
1776398324.909,224.909,0.09,28.22,0.08,27.0,0.11,138.13,0.12,88.1,0.89,138.13,0.88,88.1,0.9,6.22,0.91,44.0,0.02,0.01,2326.500623,1776398323000
1776398326.455,226.455,0.09,19.8,0.08,62.0,0.1,105.38,0.11,62.75,0.89,138.13,0.88,88.1,0.91,28.22,0.92,27.0,0.01,0.02,2326.458215,1776398325000
1776398327.441,227.441,0.09,65.8,0.08,83.38,0.13,25.18,0.14,29.9,0.9,105.38,0.89,62.75,0.91,19.8,0.92,62.0,0.04,0.01,2326.458215,1776398325000
1776398330.101,230.101,0.12,12.9,0.11,261.36,0.13,68.84,0.14,44.9,0.87,25.08,0.86,29.9,0.88,90.0,0.89,135.0,0.01,0.01,2326.569799,1776398328000
1776398331.555,231.555,0.11,206.36,0.1,24.0,0.12,7.0,0.13,63.84,0.87,68.84,0.86,44.9,0.88,12.9,0.89,261.36,0.01,0.01,2326.665095,1776398330000
1776398332.159,232.159,0.11,216.36,0.1,24.0,0.12,33.76,0.13,52.08,0.88,7.0,0.87,63.84,0.89,206.36,0.9,24.0,0.01,0.01,2326.665095,1776398330000
1776398332.861,232.861,0.11,205.87,0.1,24.0,0.12,25.76,0.13,58.22,0.88,33.76,0.87,52.08,0.89,216.36,0.9,24.0,0.01,0.01,2326.586625,1776398331000
1776398333.333,233.333,0.11,202.65,0.1,24.0,0.12,25.76,0.13,53.22,0.88,25.76,0.87,58.22,0.89,205.87,0.9,24.0,0.01,0.01,2326.645877,1776398332000
1776398334.901,234.901,0.11,197.65,0.1,24.0,0.12,30.76,0.13,58.22,0.88,25.76,0.87,53.22,0.89,202.65,0.9,24.0,0.01,0.01,2326.59904,1776398333000
1776398336.052,236.052,0.11,187.03,0.1,24.0,0.12,64.86,0.13,63.22,0.88,30.76,0.87,58.22,0.89,197.65,0.9,24.0,0.01,0.01,2326.553452,1776398334000
1776398339.312,239.312,0.11,185.9,0.1,19.0,0.12,69.86,0.13,80.11,0.88,64.86,0.87,63.22,0.89,187.03,0.9,24.0,0.01,0.01,2326.5619,1776398338000
1776398340.12,240.12,0.11,180.9,0.1,19.0,0.12,107.76,0.13,76.48,0.88,69.86,0.87,80.11,0.89,185.9,0.9,19.0,0.01,0.01,2326.5619,1776398338000
1776398340.433,240.433,0.11,181.39,0.1,19.0,0.12,122.76,0.13,76.48,0.88,107.76,0.87,76.48,0.89,180.9,0.9,19.0,0.01,0.01,2326.5619,1776398338000
1776398340.724,240.724,0.11,60.51,0.08,17.0,0.12,229.76,0.13,76.48,0.88,134.76,0.87,76.48,0.89,62.6,0.9,19.0,0.01,0.01,2326.556655,1776398339000
1776398340.959,240.959,0.08,11.9,0.07,14.0,0.09,83.0,0.1,10.0,0.88,242.76,0.87,180.28,0.92,12.0,0.93,14.0,0.01,0.04,2326.556655,1776398339000
1776398341.439,241.439,0.07,7.2,0.06,16.0,0.09,217.0,0.1,34.0,0.91,147.0,0.9,29.0,0.92,3.2,0.93,14.0,0.02,0.01,2326.556655,1776398339000
1776398341.709,241.709,0.06,1.17,0.05,20.0,0.08,155.0,0.09,115.0,0.91,213.0,0.9,34.0,0.93,2.2,0.94,16.0,0.02,0.02,2326.556655,1776398339000
1776398341.978,241.978,0.06,98.04,0.05,120.0,0.07,99.0,0.08,164.28,0.92,155.0,0.91,115.0,0.94,1.17,0.95,20.0,0.01,0.02,2326.560125,1776398340000
1776398342.579,242.579,0.05,9.57,0.04,30.0,0.06,137.0,0.07,49.0,0.93,99.0,0.92,164.28,0.94,98.04,0.95,120.0,0.01,0.01,2326.55935,1776398341000
1776398342.804,242.804,0.05,4.3,0.04,30.0,0.06,132.0,0.07,44.0,0.94,137.0,0.93,49.0,0.95,9.57,0.96,30.0,0.01,0.01,2326.55935,1776398341000
1776398343.089,243.089,0.04,24.3,0.03,188.0,0.06,138.0,0.07,44.0,0.94,132.0,0.93,44.0,0.95,4.3,0.96,30.0,0.02,0.01,2326.55935,1776398341000
1776398343.432,243.432,0.04,13.88,0.03,163.0,0.05,94.0,0.06,80.66,0.94,135.66,0.93,44.0,0.96,24.3,0.97,188.0,0.01,0.02,2326.109013,1776398342000
1776398344.046,244.046,0.04,0.36,0.03,141.0,0.05,94.0,0.06,164.46,0.95,94.0,0.94,80.66,0.96,3.46,0.97,163.0,0.01,0.01,2326.109013,1776398342000
1776398344.487,244.487,0.03,139.29,0.02,750.0,0.05,179.8,0.06,169.46,0.95,94.0,0.94,164.46,0.96,0.36,0.97,141.0,0.02,0.01,2325.959385,1776398343000
1776398344.913,244.913,0.03,142.22,0.02,750.0,0.04,98.7,0.05,124.8,0.95,179.8,0.94,169.46,0.97,139.29,0.98,750.0,0.01,0.02,2325.959385,1776398343000
1776398345.557,245.557,0.03,57.06,0.02,1150.0,0.04,131.34,0.05,124.8,0.96,126.34,0.95,124.8,0.97,67.22,0.98,1150.0,0.01,0.01,2326.07327,1776398344000
1776398345.787,245.787,0.03,41.75,0.02,1150.0,0.04,149.34,0.05,130.06,0.96,131.34,0.95,124.8,0.97,57.06,0.98,1150.0,0.01,0.01,2326.07327,1776398344000
1776398347.211,247.211,0.03,12.71,0.02,449.0,0.04,149.34,0.05,124.8,0.96,154.34,0.95,130.06,0.97,40.71,0.98,1150.0,0.01,0.01,2326.043411,1776398346000
1776398348.806,248.806,0.03,2.56,0.02,449.0,0.04,136.18,0.05,140.8,0.96,149.18,0.95,124.8,0.97,7.56,0.98,449.0,0.01,0.01,2325.94383,1776398347000
1776398349.412,249.412,0.03,207.55,0.02,361.38,0.04,19.0,0.05,109.8,0.96,136.18,0.95,140.8,0.97,2.56,0.98,449.0,0.01,0.01,2325.989482,1776398348000
1776398349.691,249.691,0.02,446.56,0.01,1652.78,0.05,229.8,0.06,122.46,0.95,109.8,0.94,97.46,0.96,14.0,0.97,207.55,0.03,0.01,2325.989482,1776398348000
1776398350.585,250.585,0.02,446.56,0.01,1689.78,0.03,24.89,0.04,113.7,0.95,229.8,0.94,122.46,0.98,446.56,0.99,1652.78,0.01,0.03,2325.873805,1776398349000
1776398350.853,250.853,0.02,451.56,0.01,1689.78,0.03,173.0,0.04,118.7,0.97,24.89,0.96,113.7,0.98,446.56,0.99,1689.78,0.01,0.01,2325.873805,1776398349000
1776398351.73,251.73,0.02,444.56,0.01,1689.78,0.03,173.0,0.04,113.7,0.97,173.0,0.96,118.7,0.98,451.56,0.99,1689.78,0.01,0.01,2325.905435,1776398350000
1776398352.431,252.431,0.02,434.35,0.01,1635.78,0.03,178.0,0.04,217.87,0.97,173.0,0.96,113.7,0.98,444.56,0.99,1689.78,0.01,0.01,2325.881384,1776398351000
1776398352.663,252.663,0.02,434.35,0.01,1707.78,0.03,173.0,0.04,217.87,0.97,178.0,0.96,217.87,0.98,434.35,0.99,1635.78,0.01,0.01,2325.881384,1776398351000
1776398352.868,252.868,0.02,425.16,0.01,1707.78,0.03,173.0,0.04,217.87,0.97,173.0,0.96,217.87,0.98,422.2,0.99,1707.78,0.01,0.01,2325.881384,1776398351000
1776398353.254,253.254,0.02,414.95,0.01,1717.78,0.03,178.0,0.04,217.87,0.97,173.0,0.96,217.87,0.98,425.16,0.99,1707.78,0.01,0.01,2325.946559,1776398352000
1776398354.669,254.669,0.02,346.92,0.01,1439.84,0.03,203.04,0.04,212.87,0.97,178.0,0.96,217.87,0.98,414.95,0.99,1717.78,0.01,0.01,2325.92772,1776398353000
1776398355.964,255.964,0.02,350.89,0.01,1341.84,0.03,215.04,0.04,212.87,0.97,203.04,0.96,212.87,0.98,346.92,0.99,1439.84,0.01,0.01,2325.943855,1776398354000
1776398356.628,256.628,0.02,167.85,0.01,1487.46,0.03,210.04,0.04,212.87,0.97,215.04,0.96,212.87,0.98,350.89,0.99,1341.84,0.01,0.01,2325.94322,1776398355000
1776398357.938,257.938,0.02,155.59,0.01,1487.46,0.03,195.01,0.04,222.87,0.97,210.04,0.96,212.87,0.98,157.64,0.99,1487.46,0.01,0.01,2325.941395,1776398356000
1776398358.413,258.413,0.02,139.7,0.01,1487.46,0.03,195.01,0.04,222.87,0.97,195.01,0.96,222.87,0.98,155.59,0.99,1487.46,0.01,0.01,2325.94055,1776398357000
1776398359.32,259.32,0.02,124.67,0.01,1487.46,0.03,200.01,0.04,108.7,0.97,195.01,0.96,222.87,0.98,139.7,0.99,1487.46,0.01,0.01,2325.940285,1776398358000
1776398360.372,260.372,0.01,1301.42,,,0.03,208.01,0.04,108.7,0.97,200.01,0.96,108.7,0.98,124.67,0.99,1487.46,0.02,0.01,2325.94608,1776398359000
1776398360.625,260.625,0.02,4.89,0.01,1301.42,0.03,213.01,0.04,108.7,0.97,208.01,0.96,108.7,0.99,1301.42,,,0.01,0.02,2325.94608,1776398359000
1776398365.431,265.431,0.01,1349.24,,,0.02,254.7,0.03,270.06,0.97,215.97,0.96,108.7,0.99,1301.31,,,0.01,0.02,2325.924456,1776398364000
1776398366.412,266.412,0.01,1312.85,,,0.02,414.43,0.03,270.06,0.98,254.7,0.97,270.06,0.99,1327.96,,,0.01,0.01,2325.953285,1776398365000
1776398366.646,266.646,0.01,1302.84,,,0.02,409.43,0.03,270.06,0.98,414.43,0.97,270.06,0.99,1312.85,,,0.01,0.01,2325.953285,1776398365000
1776398367.675,267.675,0.01,1301.82,,,0.02,346.43,0.03,270.06,0.98,409.43,0.97,270.06,0.99,1302.84,,,0.01,0.01,2325.954556,1776398366000
1776398370.282,270.282,0.01,1296.77,,,0.02,331.7,0.03,159.01,0.98,346.43,0.97,270.06,0.99,1301.82,,,0.01,0.01,2325.949456,1776398368000
1776398370.711,270.711,0.01,1286.71,,,0.02,349.7,0.03,159.01,0.98,331.7,0.97,159.01,0.99,1296.77,,,0.01,0.01,2325.941995,1776398369000
1776398370.976,270.976,0.01,1246.71,,,0.02,446.43,0.03,159.01,0.98,349.7,0.97,159.01,0.99,1286.71,,,0.01,0.01,2325.941995,1776398369000
1776398372.297,272.297,0.01,1128.65,,,0.02,349.88,0.03,159.01,0.98,446.43,0.97,159.01,0.99,1241.65,,,0.01,0.01,2325.92506,1776398371000
1776398372.782,272.782,0.01,1123.6,,,0.02,436.61,0.03,159.01,0.98,349.88,0.97,159.01,0.99,1128.65,,,0.01,0.01,2325.92506,1776398371000
1776398373.174,273.174,0.01,1110.48,,,0.02,436.61,0.03,159.01,0.98,436.61,0.97,159.01,0.99,1113.48,,,0.01,0.01,2325.92506,1776398371000
1776398373.53,273.53,0.01,1103.24,,,0.02,385.61,0.03,159.01,0.98,436.61,0.97,159.01,0.99,1110.48,,,0.01,0.01,2325.935833,1776398372000
1776398373.969,273.969,0.01,990.23,,,0.02,385.61,0.03,159.01,0.98,380.61,0.97,159.01,0.99,1002.23,,,0.01,0.01,2325.935833,1776398372000
1776398376.64,276.64,0.01,953.23,,,0.02,234.91,0.03,25.0,0.98,380.61,0.97,159.01,0.99,945.23,,,0.01,0.01,2325.734296,1776398375000
1776398377.191,277.191,0.01,443.46,,,0.02,247.91,0.03,25.0,0.98,234.91,0.97,25.0,0.99,948.12,,,0.01,0.01,2325.734296,1776398375000
1776398377.392,277.392,0.01,342.45,,,0.02,234.91,0.03,25.0,0.98,247.91,0.97,25.0,0.99,443.46,,,0.01,0.01,2325.724326,1776398376000
1776398377.663,277.663,0.01,343.45,,,0.02,148.18,0.03,25.0,0.98,234.91,0.97,25.0,0.99,345.45,,,0.01,0.01,2325.724326,1776398376000
1776398378.346,278.346,0.01,348.38,,,0.02,234.91,0.03,25.0,0.98,148.18,0.97,25.0,0.99,343.45,,,0.01,0.01,2325.682085,1776398377000
1776398378.9,278.9,,,,,0.01,1217.45,0.02,141.18,0.99,163.62,0.98,234.91,,,,,,,2325.682085,1776398377000
1776398379.666,279.666,,,,,0.01,1324.63,0.02,90.18,0.99,1215.23,0.98,141.18,,,,,,,2325.685419,1776398378000
1776398385.649,285.649,,,,,0.01,2377.69,0.02,85.0,0.99,1324.63,0.98,90.18,,,,,,,2325.71272,1776398384000
1776398389.609,289.609,,,,,0.01,219.23,0.02,15.0,0.99,2372.69,0.98,85.0,,,,,,,2325.80006,1776398388000

# RESULT,winner=Down,slug=eth-updown-5m-1776398100,ticks=248
